time,symbol_id,symbol_name,last,trade_volume,trade_amount,open_interest_change,bv1,bp1,ap1,av1,yesterday_close,today_open,today_high,today_low,volume,amount,open_interest
2023-05-10 20:59:00,v2401,v2401,5850.0,220.0,6435000.0,-200.0,6,5850.0,5854.0,10,5849.0,5850.0,5850.0,5850.0,220.0,6435000.0,81819
2023-05-10 21:00:00,v2401,v2401,5855.0,11.0,321975.0,-1.0,24,5855.0,5858.0,16,5849.0,5850.0,5855.0,5850.0,231.0,6756975.0,81818
2023-05-10 21:00:00,v2401,v2401,5856.0,4.0,117120.0,-1.0,11,5855.0,5858.0,16,5849.0,5850.0,5856.0,5850.0,235.0,6874095.0,81817
2023-05-10 21:00:01,v2401,v2401,5855.0,1.0,29275.0,1.0,22,5855.0,5858.0,16,5849.0,5850.0,5856.0,5850.0,236.0,6903370.0,81818
2023-05-10 21:00:01,v2401,v2401,5856.0,3.0,87830.0,1.0,12,5855.0,5857.0,3,5849.0,5850.0,5856.0,5850.0,239.0,6991200.0,81819
2023-05-10 21:00:02,v2401,v2401,5856.0,0.0,0.0,0.0,42,5854.0,5857.0,2,5849.0,5850.0,5856.0,5850.0,239.0,6991200.0,81819
2023-05-10 21:00:02,v2401,v2401,5858.0,3.0,87855.0,-2.0,10,5855.0,5858.0,21,5849.0,5850.0,5858.0,5850.0,242.0,7079055.0,81817
2023-05-10 21:00:03,v2401,v2401,5858.0,1.0,29290.0,0.0,3,5856.0,5858.0,14,5849.0,5850.0,5858.0,5850.0,243.0,7108345.0,81817
2023-05-10 21:00:03,v2401,v2401,5857.0,4.0,117140.0,2.0,8,5855.0,5858.0,14,5849.0,5850.0,5858.0,5850.0,247.0,7225485.0,81819
2023-05-10 21:00:04,v2401,v2401,5857.0,0.0,0.0,0.0,4,5855.0,5857.0,1,5849.0,5850.0,5858.0,5850.0,247.0,7225485.0,81819
2023-05-10 21:00:04,v2401,v2401,5858.0,2.0,58575.0,-1.0,3,5856.0,5858.0,19,5849.0,5850.0,5858.0,5850.0,249.0,7284060.0,81818
2023-05-10 21:00:05,v2401,v2401,5858.0,3.0,87870.0,-2.0,9,5857.0,5858.0,10,5849.0,5850.0,5858.0,5850.0,252.0,7371930.0,81816
2023-05-10 21:00:05,v2401,v2401,5858.0,10.0,292900.0,0.0,1,5857.0,5860.0,16,5849.0,5850.0,5858.0,5850.0,262.0,7664830.0,81816
2023-05-10 21:00:06,v2401,v2401,5858.0,0.0,0.0,0.0,19,5856.0,5859.0,5,5849.0,5850.0,5858.0,5850.0,262.0,7664830.0,81816
2023-05-10 21:00:07,v2401,v2401,5856.0,6.0,175680.0,0.0,7,5856.0,5858.0,9,5849.0,5850.0,5858.0,5850.0,268.0,7840510.0,81816
2023-05-10 21:00:07,v2401,v2401,5856.0,0.0,0.0,0.0,1,5856.0,5858.0,9,5849.0,5850.0,5858.0,5850.0,268.0,7840510.0,81816
2023-05-10 21:00:08,v2401,v2401,5856.0,0.0,0.0,0.0,11,5856.0,5859.0,6,5849.0,5850.0,5858.0,5850.0,268.0,7840510.0,81816
2023-05-10 21:00:08,v2401,v2401,5856.0,0.0,0.0,0.0,4,5857.0,5859.0,3,5849.0,5850.0,5858.0,5850.0,268.0,7840510.0,81816
2023-05-10 21:00:09,v2401,v2401,5858.0,3.0,87870.0,1.0,2,5858.0,5859.0,3,5849.0,5850.0,5858.0,5850.0,271.0,7928380.0,81817
2023-05-10 21:00:09,v2401,v2401,5858.0,2.0,58580.0,2.0,4,5857.0,5859.0,3,5849.0,5850.0,5858.0,5850.0,273.0,7986960.0,81819
2023-05-10 21:00:10,v2401,v2401,5857.0,7.0,205005.0,0.0,10,5856.0,5860.0,22,5849.0,5850.0,5859.0,5850.0,280.0,8191965.0,81819
2023-05-10 21:00:10,v2401,v2401,5857.0,5.0,146425.0,0.0,4,5856.0,5858.0,5,5849.0,5850.0,5859.0,5850.0,285.0,8338390.0,81819
2023-05-10 21:00:11,v2401,v2401,5856.0,3.0,87840.0,-2.0,1,5856.0,5858.0,14,5849.0,5850.0,5859.0,5850.0,288.0,8426230.0,81817
2023-05-10 21:00:11,v2401,v2401,5856.0,0.0,0.0,0.0,1,5856.0,5858.0,15,5849.0,5850.0,5859.0,5850.0,288.0,8426230.0,81817
2023-05-10 21:00:12,v2401,v2401,5856.0,1.0,29280.0,-1.0,45,5854.0,5858.0,15,5849.0,5850.0,5859.0,5850.0,289.0,8455510.0,81816
2023-05-10 21:00:13,v2401,v2401,5856.0,0.0,0.0,0.0,6,5855.0,5858.0,13,5849.0,5850.0,5859.0,5850.0,289.0,8455510.0,81816
2023-05-10 21:00:13,v2401,v2401,5856.0,0.0,0.0,0.0,4,5856.0,5858.0,13,5849.0,5850.0,5859.0,5850.0,289.0,8455510.0,81816
2023-05-10 21:00:14,v2401,v2401,5856.0,1.0,29280.0,0.0,7,5855.0,5858.0,15,5849.0,5850.0,5859.0,5850.0,290.0,8484790.0,81816
2023-05-10 21:00:14,v2401,v2401,5856.0,0.0,0.0,0.0,30,5854.0,5858.0,55,5849.0,5850.0,5859.0,5850.0,290.0,8484790.0,81816
2023-05-10 21:00:15,v2401,v2401,5858.0,49.0,1435210.0,37.0,1,5858.0,5859.0,67,5849.0,5850.0,5859.0,5850.0,339.0,9920000.0,81853
2023-05-10 21:00:15,v2401,v2401,5858.0,1.0,29290.0,0.0,1,5855.0,5859.0,1,5849.0,5850.0,5859.0,5850.0,340.0,9949290.0,81853
2023-05-10 21:00:16,v2401,v2401,5858.0,0.0,0.0,0.0,12,5856.0,5859.0,19,5849.0,5850.0,5859.0,5850.0,340.0,9949290.0,81853
2023-05-10 21:00:16,v2401,v2401,5858.0,0.0,0.0,0.0,5,5856.0,5859.0,16,5849.0,5850.0,5859.0,5850.0,340.0,9949290.0,81853
2023-05-10 21:00:17,v2401,v2401,5858.0,0.0,0.0,0.0,6,5856.0,5859.0,61,5849.0,5850.0,5859.0,5850.0,340.0,9949290.0,81853
2023-05-10 21:00:17,v2401,v2401,5858.0,0.0,0.0,0.0,5,5856.0,5859.0,4,5849.0,5850.0,5859.0,5850.0,340.0,9949290.0,81853
2023-05-10 21:00:18,v2401,v2401,5858.0,0.0,0.0,0.0,3,5856.0,5859.0,4,5849.0,5850.0,5859.0,5850.0,340.0,9949290.0,81853
2023-05-10 21:00:18,v2401,v2401,5858.0,5.0,146450.0,5.0,6,5856.0,5859.0,4,5849.0,5850.0,5859.0,5850.0,345.0,10095740.0,81858
2023-05-10 21:00:19,v2401,v2401,5858.0,0.0,0.0,0.0,3,5856.0,5859.0,4,5849.0,5850.0,5859.0,5850.0,345.0,10095740.0,81858
2023-05-10 21:00:19,v2401,v2401,5858.0,0.0,0.0,0.0,7,5856.0,5859.0,4,5849.0,5850.0,5859.0,5850.0,345.0,10095740.0,81858
2023-05-10 21:00:20,v2401,v2401,5858.0,0.0,0.0,0.0,4,5856.0,5859.0,34,5849.0,5850.0,5859.0,5850.0,345.0,10095740.0,81858
2023-05-10 21:00:20,v2401,v2401,5858.0,0.0,0.0,0.0,25,5856.0,5859.0,34,5849.0,5850.0,5859.0,5850.0,345.0,10095740.0,81858
2023-05-10 21:00:21,v2401,v2401,5858.0,0.0,0.0,0.0,16,5856.0,5858.0,31,5849.0,5850.0,5859.0,5850.0,345.0,10095740.0,81858
2023-05-10 21:00:21,v2401,v2401,5858.0,0.0,0.0,0.0,7,5856.0,5858.0,1,5849.0,5850.0,5859.0,5850.0,345.0,10095740.0,81858
2023-05-10 21:00:22,v2401,v2401,5858.0,1.0,29290.0,1.0,6,5857.0,5859.0,4,5849.0,5850.0,5859.0,5850.0,346.0,10125030.0,81859
2023-05-10 21:00:22,v2401,v2401,5858.0,0.0,0.0,0.0,9,5857.0,5859.0,1,5849.0,5850.0,5859.0,5850.0,346.0,10125030.0,81859
2023-05-10 21:00:23,v2401,v2401,5858.0,0.0,0.0,0.0,21,5857.0,5859.0,19,5849.0,5850.0,5859.0,5850.0,346.0,10125030.0,81859
2023-05-10 21:00:23,v2401,v2401,5858.0,0.0,0.0,0.0,6,5857.0,5859.0,2,5849.0,5850.0,5859.0,5850.0,346.0,10125030.0,81859
2023-05-10 21:00:24,v2401,v2401,5859.0,2.0,58590.0,-1.0,18,5857.0,5860.0,16,5849.0,5850.0,5859.0,5850.0,348.0,10183620.0,81858
2023-05-10 21:00:24,v2401,v2401,5859.0,1.0,29295.0,-1.0,37,5858.0,5860.0,16,5849.0,5850.0,5859.0,5850.0,349.0,10212915.0,81857
2023-05-10 21:00:25,v2401,v2401,5859.0,0.0,0.0,0.0,43,5858.0,5860.0,15,5849.0,5850.0,5859.0,5850.0,349.0,10212915.0,81857
2023-05-10 21:00:25,v2401,v2401,5860.0,6.0,175800.0,-6.0,21,5858.0,5860.0,49,5849.0,5850.0,5860.0,5850.0,355.0,10388715.0,81851
2023-05-10 21:00:26,v2401,v2401,5860.0,0.0,0.0,0.0,40,5858.0,5860.0,9,5849.0,5850.0,5860.0,5850.0,355.0,10388715.0,81851
2023-05-10 21:00:26,v2401,v2401,5859.0,2.0,58590.0,0.0,21,5858.0,5860.0,43,5849.0,5850.0,5860.0,5850.0,357.0,10447305.0,81851
2023-05-10 21:00:27,v2401,v2401,5859.0,1.0,29295.0,-1.0,46,5858.0,5860.0,9,5849.0,5850.0,5860.0,5850.0,358.0,10476600.0,81850
2023-05-10 21:00:27,v2401,v2401,5859.0,0.0,0.0,0.0,1,5859.0,5860.0,9,5849.0,5850.0,5860.0,5850.0,358.0,10476600.0,81850
2023-05-10 21:00:28,v2401,v2401,5860.0,9.0,263700.0,0.0,42,5859.0,5860.0,1,5849.0,5850.0,5860.0,5850.0,367.0,10740300.0,81850
2023-05-10 21:00:28,v2401,v2401,5860.0,1.0,29300.0,-1.0,79,5859.0,5861.0,1,5849.0,5850.0,5860.0,5850.0,368.0,10769600.0,81849
2023-05-10 21:00:29,v2401,v2401,5861.0,1.0,29305.0,-1.0,8,5860.0,5862.0,11,5849.0,5850.0,5861.0,5850.0,369.0,10798905.0,81848
2023-05-10 21:00:29,v2401,v2401,5860.0,3.0,87900.0,-3.0,22,5860.0,5861.0,7,5849.0,5850.0,5861.0,5850.0,372.0,10886805.0,81845
2023-05-10 21:00:30,v2401,v2401,5860.0,2.0,58600.0,0.0,17,5860.0,5861.0,50,5849.0,5850.0,5861.0,5850.0,374.0,10945405.0,81845
2023-05-10 21:00:30,v2401,v2401,5860.0,18.0,527420.0,17.0,3,5860.0,5862.0,11,5849.0,5850.0,5861.0,5850.0,392.0,11472825.0,81862
2023-05-10 21:00:31,v2401,v2401,5860.0,3.0,87900.0,3.0,4,5859.0,5860.0,33,5849.0,5850.0,5861.0,5850.0,395.0,11560725.0,81865
2023-05-10 21:00:31,v2401,v2401,5860.0,8.0,234385.0,1.0,19,5857.0,5861.0,7,5849.0,5850.0,5861.0,5850.0,403.0,11795110.0,81866
2023-05-10 21:00:32,v2401,v2401,5860.0,5.0,146500.0,5.0,1,5860.0,5861.0,44,5849.0,5850.0,5861.0,5850.0,408.0,11941610.0,81871
2023-05-10 21:00:32,v2401,v2401,5860.0,1.0,29300.0,0.0,17,5858.0,5861.0,39,5849.0,5850.0,5861.0,5850.0,409.0,11970910.0,81871
2023-05-10 21:00:33,v2401,v2401,5860.0,0.0,0.0,0.0,23,5858.0,5861.0,39,5849.0,5850.0,5861.0,5850.0,409.0,11970910.0,81871
2023-05-10 21:00:33,v2401,v2401,5860.0,0.0,0.0,0.0,23,5858.0,5861.0,3,5849.0,5850.0,5861.0,5850.0,409.0,11970910.0,81871
2023-05-10 21:00:34,v2401,v2401,5860.0,5.0,146500.0,-5.0,23,5858.0,5861.0,2,5849.0,5850.0,5861.0,5850.0,414.0,12117410.0,81866
2023-05-10 21:00:34,v2401,v2401,5861.0,1.0,29305.0,0.0,1,5859.0,5862.0,48,5849.0,5850.0,5861.0,5850.0,415.0,12146715.0,81866
2023-05-10 21:00:35,v2401,v2401,5861.0,2.0,58610.0,2.0,23,5859.0,5862.0,14,5849.0,5850.0,5861.0,5850.0,417.0,12205325.0,81868
2023-05-10 21:00:35,v2401,v2401,5861.0,0.0,0.0,0.0,23,5859.0,5862.0,47,5849.0,5850.0,5861.0,5850.0,417.0,12205325.0,81868
2023-05-10 21:00:36,v2401,v2401,5861.0,0.0,0.0,0.0,23,5859.0,5862.0,12,5849.0,5850.0,5861.0,5850.0,417.0,12205325.0,81868
2023-05-10 21:00:36,v2401,v2401,5862.0,1.0,29310.0,0.0,17,5860.0,5862.0,11,5849.0,5850.0,5862.0,5850.0,418.0,12234635.0,81868
2023-05-10 21:00:37,v2401,v2401,5862.0,0.0,0.0,0.0,23,5860.0,5862.0,11,5849.0,5850.0,5862.0,5850.0,418.0,12234635.0,81868
2023-05-10 21:00:37,v2401,v2401,5862.0,1.0,29310.0,0.0,61,5860.0,5862.0,10,5849.0,5850.0,5862.0,5850.0,419.0,12263945.0,81868
2023-05-10 21:00:38,v2401,v2401,5862.0,6.0,175850.0,-5.0,5,5860.0,5862.0,6,5849.0,5850.0,5862.0,5850.0,425.0,12439795.0,81863
2023-05-10 21:00:38,v2401,v2401,5862.0,0.0,0.0,0.0,23,5860.0,5862.0,6,5849.0,5850.0,5862.0,5850.0,425.0,12439795.0,81863
2023-05-10 21:00:39,v2401,v2401,5862.0,6.0,175860.0,-6.0,27,5862.0,5863.0,12,5849.0,5850.0,5862.0,5850.0,431.0,12615655.0,81857
2023-05-10 21:00:39,v2401,v2401,5862.0,0.0,0.0,0.0,12,5862.0,5863.0,12,5849.0,5850.0,5862.0,5850.0,431.0,12615655.0,81857
2023-05-10 21:00:40,v2401,v2401,5862.0,0.0,0.0,0.0,1,5862.0,5863.0,18,5849.0,5850.0,5862.0,5850.0,431.0,12615655.0,81857
2023-05-10 21:00:40,v2401,v2401,5862.0,1.0,29310.0,0.0,27,5861.0,5863.0,66,5849.0,5850.0,5862.0,5850.0,432.0,12644965.0,81857
2023-05-10 21:00:41,v2401,v2401,5862.0,0.0,0.0,0.0,23,5860.0,5863.0,66,5849.0,5850.0,5862.0,5850.0,432.0,12644965.0,81857
2023-05-10 21:00:41,v2401,v2401,5862.0,0.0,0.0,0.0,49,5860.0,5862.0,16,5849.0,5850.0,5862.0,5850.0,432.0,12644965.0,81857
2023-05-10 21:00:42,v2401,v2401,5862.0,0.0,0.0,0.0,31,5860.0,5862.0,47,5849.0,5850.0,5862.0,5850.0,432.0,12644965.0,81857
2023-05-10 21:00:42,v2401,v2401,5862.0,0.0,0.0,0.0,4,5860.0,5862.0,3,5849.0,5850.0,5862.0,5850.0,432.0,12644965.0,81857
2023-05-10 21:00:43,v2401,v2401,5862.0,0.0,0.0,0.0,36,5860.0,5862.0,41,5849.0,5850.0,5862.0,5850.0,432.0,12644965.0,81857
2023-05-10 21:00:43,v2401,v2401,5860.0,1.0,29300.0,-1.0,3,5860.0,5862.0,48,5849.0,5850.0,5862.0,5850.0,433.0,12674265.0,81856
2023-05-10 21:00:44,v2401,v2401,5860.0,0.0,0.0,0.0,29,5860.0,5862.0,48,5849.0,5850.0,5862.0,5850.0,433.0,12674265.0,81856
2023-05-10 21:00:44,v2401,v2401,5860.0,1.0,29300.0,-1.0,28,5860.0,5862.0,48,5849.0,5850.0,5862.0,5850.0,434.0,12703565.0,81855
2023-05-10 21:00:45,v2401,v2401,5860.0,0.0,0.0,0.0,8,5860.0,5862.0,48,5849.0,5850.0,5862.0,5850.0,434.0,12703565.0,81855
2023-05-10 21:00:45,v2401,v2401,5860.0,2.0,58600.0,0.0,31,5859.0,5860.0,1,5849.0,5850.0,5862.0,5850.0,436.0,12762165.0,81855
2023-05-10 21:00:46,v2401,v2401,5860.0,0.0,0.0,0.0,31,5859.0,5861.0,34,5849.0,5850.0,5862.0,5850.0,436.0,12762165.0,81855
2023-05-10 21:00:46,v2401,v2401,5860.0,0.0,0.0,0.0,27,5860.0,5861.0,1,5849.0,5850.0,5862.0,5850.0,436.0,12762165.0,81855
2023-05-10 21:00:47,v2401,v2401,5861.0,1.0,29305.0,0.0,27,5860.0,5862.0,48,5849.0,5850.0,5862.0,5850.0,437.0,12791470.0,81855
2023-05-10 21:00:47,v2401,v2401,5861.0,0.0,0.0,0.0,1,5860.0,5862.0,4,5849.0,5850.0,5862.0,5850.0,437.0,12791470.0,81855
2023-05-10 21:00:48,v2401,v2401,5860.0,1.0,29300.0,0.0,31,5859.0,5862.0,4,5849.0,5850.0,5862.0,5850.0,438.0,12820770.0,81855
2023-05-10 21:00:49,v2401,v2401,5860.0,0.0,0.0,0.0,5,5859.0,5862.0,50,5849.0,5850.0,5862.0,5850.0,438.0,12820770.0,81855
2023-05-10 21:00:49,v2401,v2401,5860.0,0.0,0.0,0.0,23,5859.0,5862.0,50,5849.0,5850.0,5862.0,5850.0,438.0,12820770.0,81855
2023-05-10 21:00:50,v2401,v2401,5860.0,0.0,0.0,0.0,16,5860.0,5862.0,50,5849.0,5850.0,5862.0,5850.0,438.0,12820770.0,81855
2023-05-10 21:00:50,v2401,v2401,5860.0,2.0,58610.0,-1.0,23,5859.0,5862.0,49,5849.0,5850.0,5862.0,5850.0,440.0,12879380.0,81854
2023-05-10 21:00:51,v2401,v2401,5860.0,0.0,0.0,0.0,27,5860.0,5862.0,49,5849.0,5850.0,5862.0,5850.0,440.0,12879380.0,81854
2023-05-10 21:00:51,v2401,v2401,5860.0,0.0,0.0,0.0,37,5859.0,5862.0,6,5849.0,5850.0,5862.0,5850.0,440.0,12879380.0,81854
2023-05-10 21:00:52,v2401,v2401,5860.0,1.0,29300.0,0.0,31,5859.0,5860.0,1,5849.0,5850.0,5862.0,5850.0,441.0,12908680.0,81854
2023-05-10 21:00:52,v2401,v2401,5859.0,5.0,146475.0,1.0,9,5858.0,5860.0,1,5849.0,5850.0,5862.0,5850.0,446.0,13055155.0,81855
2023-05-10 21:00:53,v2401,v2401,5859.0,0.0,0.0,0.0,2,5858.0,5859.0,32,5849.0,5850.0,5862.0,5850.0,446.0,13055155.0,81855
2023-05-10 21:00:53,v2401,v2401,5859.0,0.0,0.0,0.0,2,5858.0,5859.0,41,5849.0,5850.0,5862.0,5850.0,446.0,13055155.0,81855
2023-05-10 21:00:54,v2401,v2401,5859.0,1.0,29295.0,1.0,2,5858.0,5859.0,40,5849.0,5850.0,5862.0,5850.0,447.0,13084450.0,81856
2023-05-10 21:00:54,v2401,v2401,5859.0,0.0,0.0,0.0,2,5858.0,5859.0,20,5849.0,5850.0,5862.0,5850.0,447.0,13084450.0,81856
2023-05-10 21:00:55,v2401,v2401,5859.0,4.0,117170.0,3.0,29,5857.0,5860.0,5,5849.0,5850.0,5862.0,5850.0,451.0,13201620.0,81859
2023-05-10 21:00:55,v2401,v2401,5859.0,0.0,0.0,0.0,3,5857.0,5859.0,2,5849.0,5850.0,5862.0,5850.0,451.0,13201620.0,81859
2023-05-10 21:00:56,v2401,v2401,5859.0,1.0,29295.0,1.0,2,5857.0,5859.0,6,5849.0,5850.0,5862.0,5850.0,452.0,13230915.0,81860
2023-05-10 21:00:56,v2401,v2401,5859.0,0.0,0.0,0.0,28,5857.0,5859.0,41,5849.0,5850.0,5862.0,5850.0,452.0,13230915.0,81860
2023-05-10 21:00:57,v2401,v2401,5859.0,0.0,0.0,0.0,7,5857.0,5859.0,42,5849.0,5850.0,5862.0,5850.0,452.0,13230915.0,81860
2023-05-10 21:00:57,v2401,v2401,5859.0,0.0,0.0,0.0,17,5857.0,5859.0,42,5849.0,5850.0,5862.0,5850.0,452.0,13230915.0,81860
2023-05-10 21:00:58,v2401,v2401,5859.0,0.0,0.0,0.0,28,5857.0,5859.0,42,5849.0,5850.0,5862.0,5850.0,452.0,13230915.0,81860
2023-05-10 21:00:58,v2401,v2401,5859.0,0.0,0.0,0.0,4,5857.0,5859.0,42,5849.0,5850.0,5862.0,5850.0,452.0,13230915.0,81860
2023-05-10 21:00:59,v2401,v2401,5859.0,0.0,0.0,0.0,6,5857.0,5858.0,3,5849.0,5850.0,5862.0,5850.0,452.0,13230915.0,81860
2023-05-10 21:00:59,v2401,v2401,5857.0,1.0,29285.0,-1.0,37,5857.0,5858.0,3,5849.0,5850.0,5862.0,5850.0,453.0,13260200.0,81859
2023-05-10 21:01:00,v2401,v2401,5857.0,0.0,0.0,0.0,20,5857.0,5858.0,3,5849.0,5850.0,5862.0,5850.0,453.0,13260200.0,81859
2023-05-10 21:01:00,v2401,v2401,5858.0,3.0,87870.0,0.0,1,5857.0,5859.0,5,5849.0,5850.0,5862.0,5850.0,456.0,13348070.0,81859
2023-05-10 21:01:01,v2401,v2401,5858.0,1.0,29290.0,-1.0,35,5858.0,5859.0,1,5849.0,5850.0,5862.0,5850.0,457.0,13377360.0,81858
2023-05-10 21:01:01,v2401,v2401,5859.0,1.0,29295.0,0.0,18,5858.0,5860.0,2,5849.0,5850.0,5862.0,5850.0,458.0,13406655.0,81858
2023-05-10 21:01:02,v2401,v2401,5860.0,2.0,58600.0,-2.0,34,5859.0,5860.0,2,5849.0,5850.0,5862.0,5850.0,460.0,13465255.0,81856
2023-05-10 21:01:02,v2401,v2401,5861.0,7.0,205125.0,0.0,36,5860.0,5862.0,57,5849.0,5850.0,5862.0,5850.0,467.0,13670380.0,81856
2023-05-10 21:01:03,v2401,v2401,5860.0,1.0,29300.0,0.0,18,5859.0,5862.0,58,5849.0,5850.0,5862.0,5850.0,468.0,13699680.0,81856
2023-05-10 21:01:03,v2401,v2401,5860.0,0.0,0.0,0.0,34,5860.0,5862.0,58,5849.0,5850.0,5862.0,5850.0,468.0,13699680.0,81856
2023-05-10 21:01:04,v2401,v2401,5860.0,0.0,0.0,0.0,34,5860.0,5861.0,3,5849.0,5850.0,5862.0,5850.0,468.0,13699680.0,81856
2023-05-10 21:01:05,v2401,v2401,5862.0,4.0,117225.0,-1.0,3,5860.0,5862.0,10,5849.0,5850.0,5862.0,5850.0,472.0,13816905.0,81855
2023-05-10 21:01:06,v2401,v2401,5862.0,9.0,263790.0,-6.0,34,5861.0,5863.0,62,5849.0,5850.0,5862.0,5850.0,481.0,14080695.0,81849
2023-05-10 21:01:06,v2401,v2401,5862.0,0.0,0.0,0.0,16,5861.0,5863.0,62,5849.0,5850.0,5862.0,5850.0,481.0,14080695.0,81849
2023-05-10 21:01:07,v2401,v2401,5861.0,2.0,58610.0,2.0,42,5860.0,5861.0,4,5849.0,5850.0,5862.0,5850.0,483.0,14139305.0,81851
2023-05-10 21:01:07,v2401,v2401,5860.0,8.0,234400.0,-2.0,37,5859.0,5861.0,52,5849.0,5850.0,5862.0,5850.0,491.0,14373705.0,81849
2023-05-10 21:01:09,v2401,v2401,5861.0,25.0,732625.0,24.0,38,5859.0,5861.0,30,5849.0,5850.0,5862.0,5850.0,516.0,15106330.0,81873
2023-05-10 21:01:09,v2401,v2401,5861.0,1.0,29305.0,0.0,48,5859.0,5861.0,32,5849.0,5850.0,5862.0,5850.0,517.0,15135635.0,81873
2023-05-10 21:01:10,v2401,v2401,5861.0,0.0,0.0,0.0,1,5860.0,5861.0,24,5849.0,5850.0,5862.0,5850.0,517.0,15135635.0,81873
2023-05-10 21:01:10,v2401,v2401,5861.0,0.0,0.0,0.0,48,5859.0,5861.0,32,5849.0,5850.0,5862.0,5850.0,517.0,15135635.0,81873
2023-05-10 21:01:11,v2401,v2401,5861.0,0.0,0.0,0.0,5,5859.0,5861.0,5,5849.0,5850.0,5862.0,5850.0,517.0,15135635.0,81873
2023-05-10 21:01:11,v2401,v2401,5861.0,1.0,29305.0,1.0,5,5859.0,5860.0,1,5849.0,5850.0,5862.0,5850.0,518.0,15164940.0,81874
2023-05-10 21:01:12,v2401,v2401,5860.0,1.0,29300.0,1.0,44,5859.0,5861.0,20,5849.0,5850.0,5862.0,5850.0,519.0,15194240.0,81875
2023-05-10 21:01:12,v2401,v2401,5861.0,3.0,87915.0,2.0,44,5860.0,5862.0,25,5849.0,5850.0,5862.0,5850.0,522.0,15282155.0,81877
2023-05-10 21:01:13,v2401,v2401,5861.0,0.0,0.0,0.0,1,5860.0,5861.0,9,5849.0,5850.0,5862.0,5850.0,522.0,15282155.0,81877
2023-05-10 21:01:13,v2401,v2401,5861.0,0.0,0.0,0.0,3,5860.0,5861.0,1,5849.0,5850.0,5862.0,5850.0,522.0,15282155.0,81877
2023-05-10 21:01:14,v2401,v2401,5861.0,3.0,87915.0,3.0,47,5860.0,5862.0,19,5849.0,5850.0,5862.0,5850.0,525.0,15370070.0,81880
2023-05-10 21:01:14,v2401,v2401,5861.0,0.0,0.0,0.0,33,5861.0,5863.0,39,5849.0,5850.0,5862.0,5850.0,525.0,15370070.0,81880
2023-05-10 21:01:15,v2401,v2401,5861.0,0.0,0.0,0.0,37,5861.0,5863.0,32,5849.0,5850.0,5862.0,5850.0,525.0,15370070.0,81880
2023-05-10 21:01:15,v2401,v2401,5861.0,0.0,0.0,0.0,44,5861.0,5863.0,32,5849.0,5850.0,5862.0,5850.0,525.0,15370070.0,81880
2023-05-10 21:01:16,v2401,v2401,5861.0,0.0,0.0,0.0,1,5861.0,5863.0,15,5849.0,5850.0,5862.0,5850.0,525.0,15370070.0,81880
2023-05-10 21:01:16,v2401,v2401,5861.0,0.0,0.0,0.0,42,5861.0,5863.0,38,5849.0,5850.0,5862.0,5850.0,525.0,15370070.0,81880
2023-05-10 21:01:17,v2401,v2401,5861.0,0.0,0.0,0.0,44,5861.0,5863.0,23,5849.0,5850.0,5862.0,5850.0,525.0,15370070.0,81880
2023-05-10 21:01:17,v2401,v2401,5861.0,0.0,0.0,0.0,14,5862.0,5863.0,15,5849.0,5850.0,5862.0,5850.0,525.0,15370070.0,81880
2023-05-10 21:01:18,v2401,v2401,5862.0,11.0,322460.0,1.0,26,5861.0,5863.0,5,5849.0,5850.0,5863.0,5850.0,536.0,15692530.0,81881
2023-05-10 21:01:18,v2401,v2401,5862.0,0.0,0.0,0.0,44,5862.0,5863.0,5,5849.0,5850.0,5863.0,5850.0,536.0,15692530.0,81881
2023-05-10 21:01:19,v2401,v2401,5862.0,1.0,29310.0,0.0,26,5861.0,5863.0,5,5849.0,5850.0,5863.0,5850.0,537.0,15721840.0,81881
2023-05-10 21:01:19,v2401,v2401,5862.0,0.0,0.0,0.0,52,5862.0,5863.0,5,5849.0,5850.0,5863.0,5850.0,537.0,15721840.0,81881
2023-05-10 21:01:20,v2401,v2401,5862.0,1.0,29310.0,0.0,67,5861.0,5863.0,33,5849.0,5850.0,5863.0,5850.0,538.0,15751150.0,81881
2023-05-10 21:01:20,v2401,v2401,5862.0,0.0,0.0,0.0,61,5861.0,5863.0,23,5849.0,5850.0,5863.0,5850.0,538.0,15751150.0,81881
2023-05-10 21:01:23,v2401,v2401,5862.0,0.0,0.0,0.0,61,5861.0,5863.0,18,5849.0,5850.0,5863.0,5850.0,538.0,15751150.0,81881
2023-05-10 21:01:24,v2401,v2401,5862.0,0.0,0.0,0.0,61,5861.0,5863.0,19,5849.0,5850.0,5863.0,5850.0,538.0,15751150.0,81881
2023-05-10 21:01:26,v2401,v2401,5862.0,0.0,0.0,0.0,66,5861.0,5862.0,1,5849.0,5850.0,5863.0,5850.0,538.0,15751150.0,81881
2023-05-10 21:01:27,v2401,v2401,5861.0,1.0,29305.0,-1.0,65,5861.0,5862.0,1,5849.0,5850.0,5863.0,5850.0,539.0,15780455.0,81880
2023-05-10 21:01:28,v2401,v2401,5861.0,8.0,234440.0,0.0,170,5860.0,5862.0,14,5849.0,5850.0,5863.0,5850.0,547.0,16014895.0,81880
2023-05-10 21:01:29,v2401,v2401,5862.0,1.0,29310.0,0.0,161,5860.0,5862.0,13,5849.0,5850.0,5863.0,5850.0,548.0,16044205.0,81880
2023-05-10 21:01:29,v2401,v2401,5862.0,0.0,0.0,0.0,103,5860.0,5862.0,3,5849.0,5850.0,5863.0,5850.0,548.0,16044205.0,81880
2023-05-10 21:01:30,v2401,v2401,5860.0,8.0,234400.0,3.0,95,5860.0,5862.0,14,5849.0,5850.0,5863.0,5850.0,556.0,16278605.0,81883
2023-05-10 21:01:30,v2401,v2401,5860.0,0.0,0.0,0.0,95,5860.0,5862.0,27,5849.0,5850.0,5863.0,5850.0,556.0,16278605.0,81883
2023-05-10 21:01:31,v2401,v2401,5860.0,0.0,0.0,0.0,131,5860.0,5862.0,21,5849.0,5850.0,5863.0,5850.0,556.0,16278605.0,81883
2023-05-10 21:01:32,v2401,v2401,5860.0,0.0,0.0,0.0,121,5860.0,5862.0,21,5849.0,5850.0,5863.0,5850.0,556.0,16278605.0,81883
2023-05-10 21:01:32,v2401,v2401,5862.0,1.0,29310.0,0.0,127,5860.0,5862.0,21,5849.0,5850.0,5863.0,5850.0,557.0,16307915.0,81883
2023-05-10 21:01:33,v2401,v2401,5862.0,0.0,0.0,0.0,136,5860.0,5862.0,21,5849.0,5850.0,5863.0,5850.0,557.0,16307915.0,81883
2023-05-10 21:01:33,v2401,v2401,5862.0,0.0,0.0,0.0,134,5860.0,5862.0,21,5849.0,5850.0,5863.0,5850.0,557.0,16307915.0,81883
2023-05-10 21:01:34,v2401,v2401,5862.0,0.0,0.0,0.0,148,5860.0,5862.0,21,5849.0,5850.0,5863.0,5850.0,557.0,16307915.0,81883
2023-05-10 21:01:34,v2401,v2401,5862.0,0.0,0.0,0.0,153,5860.0,5862.0,21,5849.0,5850.0,5863.0,5850.0,557.0,16307915.0,81883
2023-05-10 21:01:35,v2401,v2401,5862.0,0.0,0.0,0.0,95,5860.0,5862.0,21,5849.0,5850.0,5863.0,5850.0,557.0,16307915.0,81883
2023-05-10 21:01:36,v2401,v2401,5862.0,0.0,0.0,0.0,153,5860.0,5862.0,22,5849.0,5850.0,5863.0,5850.0,557.0,16307915.0,81883
2023-05-10 21:01:36,v2401,v2401,5862.0,0.0,0.0,0.0,1,5861.0,5862.0,16,5849.0,5850.0,5863.0,5850.0,557.0,16307915.0,81883
2023-05-10 21:01:37,v2401,v2401,5862.0,0.0,0.0,0.0,1,5861.0,5862.0,18,5849.0,5850.0,5863.0,5850.0,557.0,16307915.0,81883
2023-05-10 21:01:37,v2401,v2401,5862.0,0.0,0.0,0.0,1,5861.0,5862.0,21,5849.0,5850.0,5863.0,5850.0,557.0,16307915.0,81883
2023-05-10 21:01:38,v2401,v2401,5862.0,0.0,0.0,0.0,30,5861.0,5862.0,9,5849.0,5850.0,5863.0,5850.0,557.0,16307915.0,81883
2023-05-10 21:01:38,v2401,v2401,5862.0,0.0,0.0,0.0,6,5861.0,5862.0,9,5849.0,5850.0,5863.0,5850.0,557.0,16307915.0,81883
2023-05-10 21:01:39,v2401,v2401,5862.0,0.0,0.0,0.0,1,5861.0,5862.0,21,5849.0,5850.0,5863.0,5850.0,557.0,16307915.0,81883
2023-05-10 21:01:39,v2401,v2401,5862.0,0.0,0.0,0.0,153,5860.0,5862.0,42,5849.0,5850.0,5863.0,5850.0,557.0,16307915.0,81883
2023-05-10 21:01:40,v2401,v2401,5860.0,1.0,29300.0,0.0,152,5860.0,5862.0,42,5849.0,5850.0,5863.0,5850.0,558.0,16337215.0,81883
2023-05-10 21:01:41,v2401,v2401,5862.0,6.0,175860.0,0.0,151,5860.0,5862.0,36,5849.0,5850.0,5863.0,5850.0,564.0,16513075.0,81883
2023-05-10 21:01:41,v2401,v2401,5862.0,0.0,0.0,0.0,152,5860.0,5862.0,36,5849.0,5850.0,5863.0,5850.0,564.0,16513075.0,81883
2023-05-10 21:01:42,v2401,v2401,5862.0,0.0,0.0,0.0,94,5860.0,5862.0,4,5849.0,5850.0,5863.0,5850.0,564.0,16513075.0,81883
2023-05-10 21:01:42,v2401,v2401,5862.0,0.0,0.0,0.0,1,5861.0,5862.0,41,5849.0,5850.0,5863.0,5850.0,564.0,16513075.0,81883
2023-05-10 21:01:43,v2401,v2401,5861.0,1.0,29305.0,1.0,94,5860.0,5862.0,4,5849.0,5850.0,5863.0,5850.0,565.0,16542380.0,81884
2023-05-10 21:01:43,v2401,v2401,5861.0,0.0,0.0,0.0,94,5860.0,5862.0,10,5849.0,5850.0,5863.0,5850.0,565.0,16542380.0,81884
2023-05-10 21:01:44,v2401,v2401,5860.0,31.0,908305.0,-1.0,64,5860.0,5862.0,10,5849.0,5850.0,5863.0,5850.0,596.0,17450685.0,81883
2023-05-10 21:01:45,v2401,v2401,5860.0,0.0,0.0,0.0,64,5860.0,5861.0,50,5849.0,5850.0,5863.0,5850.0,596.0,17450685.0,81883
2023-05-10 21:01:45,v2401,v2401,5860.0,0.0,0.0,0.0,64,5860.0,5861.0,45,5849.0,5850.0,5863.0,5850.0,596.0,17450685.0,81883
2023-05-10 21:01:46,v2401,v2401,5860.0,0.0,0.0,0.0,64,5860.0,5861.0,41,5849.0,5850.0,5863.0,5850.0,596.0,17450685.0,81883
2023-05-10 21:01:46,v2401,v2401,5860.0,0.0,0.0,0.0,64,5860.0,5861.0,57,5849.0,5850.0,5863.0,5850.0,596.0,17450685.0,81883
2023-05-10 21:01:47,v2401,v2401,5861.0,26.0,761805.0,0.0,39,5860.0,5861.0,48,5849.0,5850.0,5863.0,5850.0,622.0,18212490.0,81883
2023-05-10 21:01:47,v2401,v2401,5861.0,0.0,0.0,0.0,40,5860.0,5861.0,42,5849.0,5850.0,5863.0,5850.0,622.0,18212490.0,81883
2023-05-10 21:01:48,v2401,v2401,5861.0,0.0,0.0,0.0,40,5860.0,5861.0,55,5849.0,5850.0,5863.0,5850.0,622.0,18212490.0,81883
2023-05-10 21:01:48,v2401,v2401,5860.0,45.0,1318500.0,-4.0,9,5859.0,5861.0,7,5849.0,5850.0,5863.0,5850.0,667.0,19530990.0,81879
2023-05-10 21:01:49,v2401,v2401,5860.0,0.0,0.0,0.0,6,5859.0,5860.0,2,5849.0,5850.0,5863.0,5850.0,667.0,19530990.0,81879
2023-05-10 21:01:49,v2401,v2401,5860.0,0.0,0.0,0.0,7,5859.0,5860.0,1,5849.0,5850.0,5863.0,5850.0,667.0,19530990.0,81879
2023-05-10 21:01:50,v2401,v2401,5860.0,0.0,0.0,0.0,15,5859.0,5860.0,1,5849.0,5850.0,5863.0,5850.0,667.0,19530990.0,81879
2023-05-10 21:01:50,v2401,v2401,5860.0,1.0,29300.0,-1.0,7,5859.0,5861.0,29,5849.0,5850.0,5863.0,5850.0,668.0,19560290.0,81878
2023-05-10 21:01:51,v2401,v2401,5860.0,0.0,0.0,0.0,7,5859.0,5861.0,31,5849.0,5850.0,5863.0,5850.0,668.0,19560290.0,81878
2023-05-10 21:01:51,v2401,v2401,5860.0,0.0,0.0,0.0,69,5859.0,5861.0,8,5849.0,5850.0,5863.0,5850.0,668.0,19560290.0,81878
2023-05-10 21:01:52,v2401,v2401,5860.0,0.0,0.0,0.0,27,5860.0,5861.0,1,5849.0,5850.0,5863.0,5850.0,668.0,19560290.0,81878
2023-05-10 21:01:52,v2401,v2401,5861.0,1.0,29305.0,-1.0,7,5860.0,5862.0,4,5849.0,5850.0,5863.0,5850.0,669.0,19589595.0,81877
2023-05-10 21:01:53,v2401,v2401,5861.0,0.0,0.0,0.0,17,5860.0,5862.0,4,5849.0,5850.0,5863.0,5850.0,669.0,19589595.0,81877
2023-05-10 21:01:53,v2401,v2401,5861.0,0.0,0.0,0.0,7,5860.0,5862.0,41,5849.0,5850.0,5863.0,5850.0,669.0,19589595.0,81877
2023-05-10 21:01:54,v2401,v2401,5861.0,0.0,0.0,0.0,7,5860.0,5862.0,91,5849.0,5850.0,5863.0,5850.0,669.0,19589595.0,81877
2023-05-10 21:01:54,v2401,v2401,5860.0,6.0,175800.0,-6.0,8,5859.0,5861.0,62,5849.0,5850.0,5863.0,5850.0,675.0,19765395.0,81871
2023-05-10 21:01:55,v2401,v2401,5860.0,0.0,0.0,0.0,6,5859.0,5861.0,84,5849.0,5850.0,5863.0,5850.0,675.0,19765395.0,81871
2023-05-10 21:01:55,v2401,v2401,5860.0,0.0,0.0,0.0,6,5859.0,5861.0,108,5849.0,5850.0,5863.0,5850.0,675.0,19765395.0,81871
2023-05-10 21:01:56,v2401,v2401,5859.0,3.0,87885.0,0.0,9,5858.0,5860.0,96,5849.0,5850.0,5863.0,5850.0,678.0,19853280.0,81871
2023-05-10 21:01:56,v2401,v2401,5859.0,0.0,0.0,0.0,7,5858.0,5860.0,104,5849.0,5850.0,5863.0,5850.0,678.0,19853280.0,81871
2023-05-10 21:01:57,v2401,v2401,5859.0,0.0,0.0,0.0,7,5858.0,5860.0,120,5849.0,5850.0,5863.0,5850.0,678.0,19853280.0,81871
2023-05-10 21:01:57,v2401,v2401,5859.0,0.0,0.0,0.0,7,5858.0,5860.0,115,5849.0,5850.0,5863.0,5850.0,678.0,19853280.0,81871
2023-05-10 21:01:58,v2401,v2401,5859.0,0.0,0.0,0.0,7,5858.0,5860.0,107,5849.0,5850.0,5863.0,5850.0,678.0,19853280.0,81871
2023-05-10 21:01:58,v2401,v2401,5859.0,0.0,0.0,0.0,7,5858.0,5860.0,104,5849.0,5850.0,5863.0,5850.0,678.0,19853280.0,81871
2023-05-10 21:01:59,v2401,v2401,5859.0,0.0,0.0,0.0,7,5858.0,5860.0,102,5849.0,5850.0,5863.0,5850.0,678.0,19853280.0,81871
2023-05-10 21:01:59,v2401,v2401,5859.0,0.0,0.0,0.0,7,5858.0,5860.0,94,5849.0,5850.0,5863.0,5850.0,678.0,19853280.0,81871
2023-05-10 21:02:00,v2401,v2401,5859.0,0.0,0.0,0.0,6,5858.0,5859.0,1,5849.0,5850.0,5863.0,5850.0,678.0,19853280.0,81871
2023-05-10 21:02:02,v2401,v2401,5859.0,1.0,29295.0,0.0,18,5858.0,5860.0,8,5849.0,5850.0,5863.0,5850.0,679.0,19882575.0,81871
2023-05-10 21:02:02,v2401,v2401,5859.0,0.0,0.0,0.0,7,5858.0,5860.0,1,5849.0,5850.0,5863.0,5850.0,679.0,19882575.0,81871
2023-05-10 21:02:03,v2401,v2401,5859.0,0.0,0.0,0.0,8,5858.0,5860.0,1,5849.0,5850.0,5863.0,5850.0,679.0,19882575.0,81871
2023-05-10 21:02:04,v2401,v2401,5860.0,2.0,58595.0,-1.0,10,5858.0,5861.0,8,5849.0,5850.0,5863.0,5850.0,681.0,19941170.0,81870
2023-05-10 21:02:05,v2401,v2401,5860.0,0.0,0.0,0.0,14,5859.0,5861.0,15,5849.0,5850.0,5863.0,5850.0,681.0,19941170.0,81870
2023-05-10 21:02:05,v2401,v2401,5860.0,0.0,0.0,0.0,15,5859.0,5861.0,8,5849.0,5850.0,5863.0,5850.0,681.0,19941170.0,81870
2023-05-10 21:02:06,v2401,v2401,5859.0,1.0,29295.0,0.0,14,5859.0,5861.0,11,5849.0,5850.0,5863.0,5850.0,682.0,19970465.0,81870
2023-05-10 21:02:06,v2401,v2401,5859.0,2.0,58590.0,0.0,13,5858.0,5860.0,2,5849.0,5850.0,5863.0,5850.0,684.0,20029055.0,81870
2023-05-10 21:02:07,v2401,v2401,5859.0,0.0,0.0,0.0,24,5858.0,5860.0,55,5849.0,5850.0,5863.0,5850.0,684.0,20029055.0,81870
2023-05-10 21:02:07,v2401,v2401,5859.0,0.0,0.0,0.0,22,5858.0,5860.0,71,5849.0,5850.0,5863.0,5850.0,684.0,20029055.0,81870
2023-05-10 21:02:08,v2401,v2401,5859.0,0.0,0.0,0.0,22,5858.0,5860.0,68,5849.0,5850.0,5863.0,5850.0,684.0,20029055.0,81870
2023-05-10 21:02:08,v2401,v2401,5859.0,0.0,0.0,0.0,22,5858.0,5860.0,66,5849.0,5850.0,5863.0,5850.0,684.0,20029055.0,81870
2023-05-10 21:02:09,v2401,v2401,5859.0,0.0,0.0,0.0,22,5858.0,5860.0,67,5849.0,5850.0,5863.0,5850.0,684.0,20029055.0,81870
2023-05-10 21:02:09,v2401,v2401,5859.0,0.0,0.0,0.0,22,5858.0,5860.0,62,5849.0,5850.0,5863.0,5850.0,684.0,20029055.0,81870
2023-05-10 21:02:10,v2401,v2401,5859.0,0.0,0.0,0.0,22,5858.0,5860.0,28,5849.0,5850.0,5863.0,5850.0,684.0,20029055.0,81870
2023-05-10 21:02:10,v2401,v2401,5859.0,0.0,0.0,0.0,24,5858.0,5860.0,53,5849.0,5850.0,5863.0,5850.0,684.0,20029055.0,81870
2023-05-10 21:02:11,v2401,v2401,5859.0,0.0,0.0,0.0,22,5858.0,5860.0,48,5849.0,5850.0,5863.0,5850.0,684.0,20029055.0,81870
2023-05-10 21:02:11,v2401,v2401,5860.0,10.0,293000.0,3.0,23,5858.0,5860.0,59,5849.0,5850.0,5863.0,5850.0,694.0,20322055.0,81873
2023-05-10 21:02:12,v2401,v2401,5860.0,0.0,0.0,0.0,23,5858.0,5860.0,64,5849.0,5850.0,5863.0,5850.0,694.0,20322055.0,81873
2023-05-10 21:02:12,v2401,v2401,5860.0,0.0,0.0,0.0,23,5858.0,5860.0,11,5849.0,5850.0,5863.0,5850.0,694.0,20322055.0,81873
2023-05-10 21:02:13,v2401,v2401,5860.0,0.0,0.0,0.0,23,5858.0,5860.0,38,5849.0,5850.0,5863.0,5850.0,694.0,20322055.0,81873
2023-05-10 21:02:13,v2401,v2401,5860.0,0.0,0.0,0.0,23,5858.0,5860.0,27,5849.0,5850.0,5863.0,5850.0,694.0,20322055.0,81873
2023-05-10 21:02:14,v2401,v2401,5860.0,0.0,0.0,0.0,23,5858.0,5860.0,49,5849.0,5850.0,5863.0,5850.0,694.0,20322055.0,81873
2023-05-10 21:02:14,v2401,v2401,5860.0,0.0,0.0,0.0,23,5858.0,5860.0,56,5849.0,5850.0,5863.0,5850.0,694.0,20322055.0,81873
2023-05-10 21:02:15,v2401,v2401,5860.0,0.0,0.0,0.0,23,5858.0,5860.0,61,5849.0,5850.0,5863.0,5850.0,694.0,20322055.0,81873
2023-05-10 21:02:15,v2401,v2401,5860.0,0.0,0.0,0.0,23,5858.0,5860.0,64,5849.0,5850.0,5863.0,5850.0,694.0,20322055.0,81873
2023-05-10 21:02:16,v2401,v2401,5860.0,0.0,0.0,0.0,23,5858.0,5860.0,66,5849.0,5850.0,5863.0,5850.0,694.0,20322055.0,81873
2023-05-10 21:02:16,v2401,v2401,5860.0,0.0,0.0,0.0,23,5858.0,5860.0,95,5849.0,5850.0,5863.0,5850.0,694.0,20322055.0,81873
2023-05-10 21:02:17,v2401,v2401,5860.0,0.0,0.0,0.0,23,5858.0,5859.0,3,5849.0,5850.0,5863.0,5850.0,694.0,20322055.0,81873
2023-05-10 21:02:17,v2401,v2401,5858.0,8.0,234320.0,6.0,18,5857.0,5859.0,183,5849.0,5850.0,5863.0,5850.0,702.0,20556375.0,81879
2023-05-10 21:02:18,v2401,v2401,5858.0,0.0,0.0,0.0,16,5857.0,5859.0,188,5849.0,5850.0,5863.0,5850.0,702.0,20556375.0,81879
2023-05-10 21:02:18,v2401,v2401,5858.0,0.0,0.0,0.0,16,5857.0,5859.0,214,5849.0,5850.0,5863.0,5850.0,702.0,20556375.0,81879
2023-05-10 21:02:19,v2401,v2401,5858.0,0.0,0.0,0.0,16,5857.0,5859.0,215,5849.0,5850.0,5863.0,5850.0,702.0,20556375.0,81879
2023-05-10 21:02:20,v2401,v2401,5858.0,0.0,0.0,0.0,5,5857.0,5859.0,11,5849.0,5850.0,5863.0,5850.0,702.0,20556375.0,81879
2023-05-10 21:02:21,v2401,v2401,5858.0,0.0,0.0,0.0,17,5856.0,5858.0,74,5849.0,5850.0,5863.0,5850.0,702.0,20556375.0,81879
2023-05-10 21:02:21,v2401,v2401,5858.0,0.0,0.0,0.0,15,5856.0,5858.0,67,5849.0,5850.0,5863.0,5850.0,702.0,20556375.0,81879
2023-05-10 21:02:22,v2401,v2401,5858.0,0.0,0.0,0.0,16,5856.0,5858.0,89,5849.0,5850.0,5863.0,5850.0,702.0,20556375.0,81879
2023-05-10 21:02:22,v2401,v2401,5858.0,0.0,0.0,0.0,19,5856.0,5858.0,85,5849.0,5850.0,5863.0,5850.0,702.0,20556375.0,81879
2023-05-10 21:02:23,v2401,v2401,5858.0,0.0,0.0,0.0,19,5856.0,5858.0,26,5849.0,5850.0,5863.0,5850.0,702.0,20556375.0,81879
2023-05-10 21:02:23,v2401,v2401,5858.0,0.0,0.0,0.0,14,5857.0,5858.0,7,5849.0,5850.0,5863.0,5850.0,702.0,20556375.0,81879
2023-05-10 21:02:24,v2401,v2401,5858.0,0.0,0.0,0.0,14,5857.0,5858.0,1,5849.0,5850.0,5863.0,5850.0,702.0,20556375.0,81879
2023-05-10 21:02:25,v2401,v2401,5858.0,1.0,29290.0,0.0,4,5857.0,5859.0,11,5849.0,5850.0,5863.0,5850.0,703.0,20585665.0,81879
2023-05-10 21:02:25,v2401,v2401,5858.0,0.0,0.0,0.0,3,5858.0,5859.0,11,5849.0,5850.0,5863.0,5850.0,703.0,20585665.0,81879
2023-05-10 21:02:26,v2401,v2401,5858.0,0.0,0.0,0.0,2,5858.0,5859.0,38,5849.0,5850.0,5863.0,5850.0,703.0,20585665.0,81879
2023-05-10 21:02:26,v2401,v2401,5858.0,0.0,0.0,0.0,2,5858.0,5859.0,105,5849.0,5850.0,5863.0,5850.0,703.0,20585665.0,81879
2023-05-10 21:02:27,v2401,v2401,5858.0,0.0,0.0,0.0,2,5858.0,5859.0,99,5849.0,5850.0,5863.0,5850.0,703.0,20585665.0,81879
2023-05-10 21:02:27,v2401,v2401,5858.0,0.0,0.0,0.0,3,5858.0,5859.0,100,5849.0,5850.0,5863.0,5850.0,703.0,20585665.0,81879
2023-05-10 21:02:28,v2401,v2401,5858.0,0.0,0.0,0.0,3,5858.0,5859.0,103,5849.0,5850.0,5863.0,5850.0,703.0,20585665.0,81879
2023-05-10 21:02:28,v2401,v2401,5858.0,3.0,87870.0,1.0,8,5857.0,5859.0,11,5849.0,5850.0,5863.0,5850.0,706.0,20673535.0,81880
2023-05-10 21:02:29,v2401,v2401,5858.0,0.0,0.0,0.0,7,5857.0,5858.0,8,5849.0,5850.0,5863.0,5850.0,706.0,20673535.0,81880
2023-05-10 21:02:29,v2401,v2401,5858.0,0.0,0.0,0.0,7,5857.0,5858.0,20,5849.0,5850.0,5863.0,5850.0,706.0,20673535.0,81880
2023-05-10 21:02:30,v2401,v2401,5858.0,1.0,29290.0,1.0,10,5857.0,5858.0,6,5849.0,5850.0,5863.0,5850.0,707.0,20702825.0,81881
2023-05-10 21:02:30,v2401,v2401,5858.0,0.0,0.0,0.0,19,5857.0,5859.0,138,5849.0,5850.0,5863.0,5850.0,707.0,20702825.0,81881
2023-05-10 21:02:31,v2401,v2401,5858.0,0.0,0.0,0.0,3,5858.0,5859.0,138,5849.0,5850.0,5863.0,5850.0,707.0,20702825.0,81881
2023-05-10 21:02:31,v2401,v2401,5858.0,3.0,87870.0,3.0,8,5857.0,5859.0,10,5849.0,5850.0,5863.0,5850.0,710.0,20790695.0,81884
2023-05-10 21:02:32,v2401,v2401,5858.0,2.0,58580.0,0.0,22,5856.0,5858.0,175,5849.0,5850.0,5863.0,5850.0,712.0,20849275.0,81884
2023-05-10 21:02:32,v2401,v2401,5858.0,0.0,0.0,0.0,20,5856.0,5858.0,183,5849.0,5850.0,5863.0,5850.0,712.0,20849275.0,81884
2023-05-10 21:02:33,v2401,v2401,5858.0,0.0,0.0,0.0,20,5856.0,5857.0,2,5849.0,5850.0,5863.0,5850.0,712.0,20849275.0,81884
2023-05-10 21:02:35,v2401,v2401,5856.0,24.0,702720.0,-19.0,94,5855.0,5856.0,6,5849.0,5850.0,5863.0,5850.0,736.0,21551995.0,81865
2023-05-10 21:02:36,v2401,v2401,5856.0,6.0,175680.0,-6.0,9,5855.0,5857.0,20,5849.0,5850.0,5863.0,5850.0,742.0,21727675.0,81859
2023-05-10 21:02:36,v2401,v2401,5856.0,0.0,0.0,0.0,7,5855.0,5857.0,16,5849.0,5850.0,5863.0,5850.0,742.0,21727675.0,81859
2023-05-10 21:02:37,v2401,v2401,5855.0,3.0,87825.0,0.0,2,5854.0,5856.0,64,5849.0,5850.0,5863.0,5850.0,745.0,21815500.0,81859
2023-05-10 21:02:37,v2401,v2401,5855.0,0.0,0.0,0.0,27,5853.0,5855.0,1,5849.0,5850.0,5863.0,5850.0,745.0,21815500.0,81859
2023-05-10 21:02:38,v2401,v2401,5855.0,0.0,0.0,0.0,33,5853.0,5855.0,1,5849.0,5850.0,5863.0,5850.0,745.0,21815500.0,81859
2023-05-10 21:02:38,v2401,v2401,5855.0,1.0,29275.0,0.0,20,5854.0,5856.0,12,5849.0,5850.0,5863.0,5850.0,746.0,21844775.0,81859
2023-05-10 21:02:39,v2401,v2401,5855.0,0.0,0.0,0.0,40,5854.0,5856.0,3,5849.0,5850.0,5863.0,5850.0,746.0,21844775.0,81859
2023-05-10 21:02:39,v2401,v2401,5855.0,0.0,0.0,0.0,4,5855.0,5856.0,5,5849.0,5850.0,5863.0,5850.0,746.0,21844775.0,81859
2023-05-10 21:02:40,v2401,v2401,5856.0,3.0,87840.0,-1.0,4,5855.0,5856.0,6,5849.0,5850.0,5863.0,5850.0,749.0,21932615.0,81858
2023-05-10 21:02:40,v2401,v2401,5856.0,1.0,29280.0,1.0,6,5855.0,5857.0,195,5849.0,5850.0,5863.0,5850.0,750.0,21961895.0,81859
2023-05-10 21:02:41,v2401,v2401,5856.0,0.0,0.0,0.0,7,5856.0,5857.0,197,5849.0,5850.0,5863.0,5850.0,750.0,21961895.0,81859
2023-05-10 21:02:41,v2401,v2401,5856.0,0.0,0.0,0.0,10,5856.0,5857.0,197,5849.0,5850.0,5863.0,5850.0,750.0,21961895.0,81859
2023-05-10 21:02:42,v2401,v2401,5856.0,0.0,0.0,0.0,10,5856.0,5857.0,196,5849.0,5850.0,5863.0,5850.0,750.0,21961895.0,81859
2023-05-10 21:02:42,v2401,v2401,5856.0,2.0,58560.0,1.0,8,5856.0,5857.0,198,5849.0,5850.0,5863.0,5850.0,752.0,22020455.0,81860
2023-05-10 21:02:43,v2401,v2401,5856.0,8.0,234240.0,6.0,9,5855.0,5857.0,203,5849.0,5850.0,5863.0,5850.0,760.0,22254695.0,81866
2023-05-10 21:02:43,v2401,v2401,5857.0,4.0,117140.0,2.0,9,5855.0,5857.0,199,5849.0,5850.0,5863.0,5850.0,764.0,22371835.0,81868
2023-05-10 21:02:45,v2401,v2401,5857.0,3.0,87855.0,0.0,10,5855.0,5857.0,196,5849.0,5850.0,5863.0,5850.0,767.0,22459690.0,81868
2023-05-10 21:02:46,v2401,v2401,5857.0,0.0,0.0,0.0,8,5855.0,5857.0,196,5849.0,5850.0,5863.0,5850.0,767.0,22459690.0,81868
2023-05-10 21:02:46,v2401,v2401,5857.0,0.0,0.0,0.0,8,5855.0,5857.0,185,5849.0,5850.0,5863.0,5850.0,767.0,22459690.0,81868
2023-05-10 21:02:46,v2401,v2401,5857.0,0.0,0.0,0.0,8,5855.0,5857.0,196,5849.0,5850.0,5863.0,5850.0,767.0,22459690.0,81868
2023-05-10 21:02:47,v2401,v2401,5857.0,0.0,0.0,0.0,8,5855.0,5857.0,192,5849.0,5850.0,5863.0,5850.0,767.0,22459690.0,81868
2023-05-10 21:02:48,v2401,v2401,5857.0,0.0,0.0,0.0,8,5855.0,5857.0,180,5849.0,5850.0,5863.0,5850.0,767.0,22459690.0,81868
2023-05-10 21:02:48,v2401,v2401,5857.0,0.0,0.0,0.0,8,5855.0,5857.0,179,5849.0,5850.0,5863.0,5850.0,767.0,22459690.0,81868
2023-05-10 21:02:49,v2401,v2401,5857.0,0.0,0.0,0.0,8,5855.0,5857.0,181,5849.0,5850.0,5863.0,5850.0,767.0,22459690.0,81868
2023-05-10 21:02:49,v2401,v2401,5857.0,0.0,0.0,0.0,6,5855.0,5857.0,8,5849.0,5850.0,5863.0,5850.0,767.0,22459690.0,81868
2023-05-10 21:02:50,v2401,v2401,5857.0,0.0,0.0,0.0,5,5855.0,5856.0,1,5849.0,5850.0,5863.0,5850.0,767.0,22459690.0,81868
2023-05-10 21:02:50,v2401,v2401,5857.0,0.0,0.0,0.0,6,5855.0,5857.0,137,5849.0,5850.0,5863.0,5850.0,767.0,22459690.0,81868
2023-05-10 21:02:51,v2401,v2401,5857.0,0.0,0.0,0.0,6,5855.0,5857.0,147,5849.0,5850.0,5863.0,5850.0,767.0,22459690.0,81868
2023-05-10 21:02:51,v2401,v2401,5857.0,0.0,0.0,0.0,6,5855.0,5857.0,142,5849.0,5850.0,5863.0,5850.0,767.0,22459690.0,81868
2023-05-10 21:02:52,v2401,v2401,5857.0,0.0,0.0,0.0,6,5855.0,5857.0,120,5849.0,5850.0,5863.0,5850.0,767.0,22459690.0,81868
2023-05-10 21:02:52,v2401,v2401,5857.0,0.0,0.0,0.0,6,5855.0,5857.0,121,5849.0,5850.0,5863.0,5850.0,767.0,22459690.0,81868
2023-05-10 21:02:53,v2401,v2401,5857.0,0.0,0.0,0.0,6,5855.0,5857.0,130,5849.0,5850.0,5863.0,5850.0,767.0,22459690.0,81868
2023-05-10 21:02:54,v2401,v2401,5857.0,0.0,0.0,0.0,3,5855.0,5857.0,8,5849.0,5850.0,5863.0,5850.0,767.0,22459690.0,81868
2023-05-10 21:02:54,v2401,v2401,5857.0,11.0,322135.0,1.0,13,5855.0,5859.0,4,5849.0,5850.0,5863.0,5850.0,778.0,22781825.0,81869
2023-05-10 21:02:55,v2401,v2401,5857.0,0.0,0.0,0.0,1,5856.0,5859.0,13,5849.0,5850.0,5863.0,5850.0,778.0,22781825.0,81869
2023-05-10 21:02:55,v2401,v2401,5857.0,0.0,0.0,0.0,16,5855.0,5858.0,9,5849.0,5850.0,5863.0,5850.0,778.0,22781825.0,81869
2023-05-10 21:02:56,v2401,v2401,5857.0,0.0,0.0,0.0,4,5856.0,5858.0,211,5849.0,5850.0,5863.0,5850.0,778.0,22781825.0,81869
2023-05-10 21:02:58,v2401,v2401,5856.0,1.0,29280.0,-1.0,5,5857.0,5858.0,211,5849.0,5850.0,5863.0,5850.0,779.0,22811105.0,81868
2023-05-10 21:02:59,v2401,v2401,5858.0,1.0,29290.0,0.0,5,5857.0,5858.0,211,5849.0,5850.0,5863.0,5850.0,780.0,22840395.0,81868
2023-05-10 21:03:01,v2401,v2401,5858.0,0.0,0.0,0.0,5,5857.0,5858.0,199,5849.0,5850.0,5863.0,5850.0,780.0,22840395.0,81868
2023-05-10 21:03:01,v2401,v2401,5858.0,1.0,29290.0,0.0,9,5857.0,5859.0,63,5849.0,5850.0,5863.0,5850.0,781.0,22869685.0,81868
2023-05-10 21:03:02,v2401,v2401,5857.0,6.0,175710.0,5.0,5,5856.0,5859.0,84,5849.0,5850.0,5863.0,5850.0,787.0,23045395.0,81873
2023-05-10 21:03:02,v2401,v2401,5857.0,0.0,0.0,0.0,7,5856.0,5858.0,86,5849.0,5850.0,5863.0,5850.0,787.0,23045395.0,81873
2023-05-10 21:03:03,v2401,v2401,5857.0,0.0,0.0,0.0,1,5856.0,5857.0,51,5849.0,5850.0,5863.0,5850.0,787.0,23045395.0,81873
2023-05-10 21:03:03,v2401,v2401,5856.0,1.0,29280.0,0.0,17,5855.0,5857.0,76,5849.0,5850.0,5863.0,5850.0,788.0,23074675.0,81873
2023-05-10 21:03:04,v2401,v2401,5856.0,0.0,0.0,0.0,17,5855.0,5857.0,73,5849.0,5850.0,5863.0,5850.0,788.0,23074675.0,81873
2023-05-10 21:03:04,v2401,v2401,5856.0,0.0,0.0,0.0,17,5855.0,5857.0,77,5849.0,5850.0,5863.0,5850.0,788.0,23074675.0,81873
2023-05-10 21:03:05,v2401,v2401,5856.0,0.0,0.0,0.0,14,5855.0,5857.0,3,5849.0,5850.0,5863.0,5850.0,788.0,23074675.0,81873
2023-05-10 21:03:05,v2401,v2401,5856.0,0.0,0.0,0.0,11,5855.0,5856.0,42,5849.0,5850.0,5863.0,5850.0,788.0,23074675.0,81873
2023-05-10 21:03:06,v2401,v2401,5856.0,1.0,29280.0,1.0,15,5855.0,5857.0,74,5849.0,5850.0,5863.0,5850.0,789.0,23103955.0,81874
2023-05-10 21:03:06,v2401,v2401,5856.0,0.0,0.0,0.0,15,5855.0,5857.0,92,5849.0,5850.0,5863.0,5850.0,789.0,23103955.0,81874
2023-05-10 21:03:07,v2401,v2401,5856.0,0.0,0.0,0.0,15,5855.0,5857.0,90,5849.0,5850.0,5863.0,5850.0,789.0,23103955.0,81874
2023-05-10 21:03:07,v2401,v2401,5856.0,0.0,0.0,0.0,15,5855.0,5857.0,54,5849.0,5850.0,5863.0,5850.0,789.0,23103955.0,81874
2023-05-10 21:03:08,v2401,v2401,5857.0,10.0,292850.0,7.0,5,5856.0,5858.0,101,5849.0,5850.0,5863.0,5850.0,799.0,23396805.0,81881
2023-05-10 21:03:08,v2401,v2401,5857.0,0.0,0.0,0.0,2,5857.0,5858.0,111,5849.0,5850.0,5863.0,5850.0,799.0,23396805.0,81881
2023-05-10 21:03:09,v2401,v2401,5857.0,0.0,0.0,0.0,3,5857.0,5858.0,109,5849.0,5850.0,5863.0,5850.0,799.0,23396805.0,81881
2023-05-10 21:03:09,v2401,v2401,5857.0,0.0,0.0,0.0,3,5857.0,5858.0,112,5849.0,5850.0,5863.0,5850.0,799.0,23396805.0,81881
2023-05-10 21:03:10,v2401,v2401,5857.0,3.0,87855.0,0.0,6,5856.0,5858.0,115,5849.0,5850.0,5863.0,5850.0,802.0,23484660.0,81881
2023-05-10 21:03:10,v2401,v2401,5857.0,0.0,0.0,0.0,2,5856.0,5858.0,8,5849.0,5850.0,5863.0,5850.0,802.0,23484660.0,81881
2023-05-10 21:03:11,v2401,v2401,5857.0,0.0,0.0,0.0,2,5856.0,5858.0,9,5849.0,5850.0,5863.0,5850.0,802.0,23484660.0,81881
2023-05-10 21:03:11,v2401,v2401,5857.0,0.0,0.0,0.0,6,5856.0,5858.0,179,5849.0,5850.0,5863.0,5850.0,802.0,23484660.0,81881
2023-05-10 21:03:12,v2401,v2401,5857.0,0.0,0.0,0.0,6,5856.0,5858.0,177,5849.0,5850.0,5863.0,5850.0,802.0,23484660.0,81881
2023-05-10 21:03:12,v2401,v2401,5857.0,0.0,0.0,0.0,6,5856.0,5858.0,187,5849.0,5850.0,5863.0,5850.0,802.0,23484660.0,81881
2023-05-10 21:03:13,v2401,v2401,5857.0,0.0,0.0,0.0,6,5856.0,5858.0,190,5849.0,5850.0,5863.0,5850.0,802.0,23484660.0,81881
2023-05-10 21:03:13,v2401,v2401,5857.0,0.0,0.0,0.0,4,5856.0,5858.0,198,5849.0,5850.0,5863.0,5850.0,802.0,23484660.0,81881
2023-05-10 21:03:14,v2401,v2401,5857.0,0.0,0.0,0.0,5,5856.0,5858.0,201,5849.0,5850.0,5863.0,5850.0,802.0,23484660.0,81881
2023-05-10 21:03:14,v2401,v2401,5857.0,0.0,0.0,0.0,5,5856.0,5858.0,197,5849.0,5850.0,5863.0,5850.0,802.0,23484660.0,81881
2023-05-10 21:03:15,v2401,v2401,5857.0,0.0,0.0,0.0,5,5856.0,5858.0,195,5849.0,5850.0,5863.0,5850.0,802.0,23484660.0,81881
2023-05-10 21:03:15,v2401,v2401,5857.0,0.0,0.0,0.0,2,5856.0,5858.0,8,5849.0,5850.0,5863.0,5850.0,802.0,23484660.0,81881
2023-05-10 21:03:16,v2401,v2401,5858.0,3.0,87870.0,-3.0,6,5857.0,5859.0,82,5849.0,5850.0,5863.0,5850.0,805.0,23572530.0,81878
2023-05-10 21:03:16,v2401,v2401,5858.0,0.0,0.0,0.0,5,5857.0,5859.0,87,5849.0,5850.0,5863.0,5850.0,805.0,23572530.0,81878
2023-05-10 21:03:17,v2401,v2401,5858.0,0.0,0.0,0.0,3,5857.0,5859.0,80,5849.0,5850.0,5863.0,5850.0,805.0,23572530.0,81878
2023-05-10 21:03:17,v2401,v2401,5858.0,0.0,0.0,0.0,3,5857.0,5859.0,79,5849.0,5850.0,5863.0,5850.0,805.0,23572530.0,81878
2023-05-10 21:03:18,v2401,v2401,5858.0,0.0,0.0,0.0,2,5857.0,5859.0,9,5849.0,5850.0,5863.0,5850.0,805.0,23572530.0,81878
2023-05-10 21:03:18,v2401,v2401,5858.0,0.0,0.0,0.0,2,5857.0,5859.0,10,5849.0,5850.0,5863.0,5850.0,805.0,23572530.0,81878
2023-05-10 21:03:19,v2401,v2401,5858.0,0.0,0.0,0.0,2,5857.0,5859.0,9,5849.0,5850.0,5863.0,5850.0,805.0,23572530.0,81878
2023-05-10 21:03:19,v2401,v2401,5858.0,0.0,0.0,0.0,2,5857.0,5859.0,10,5849.0,5850.0,5863.0,5850.0,805.0,23572530.0,81878
2023-05-10 21:03:21,v2401,v2401,5857.0,2.0,58570.0,-2.0,10,5856.0,5857.0,91,5849.0,5850.0,5863.0,5850.0,807.0,23631100.0,81876
2023-05-10 21:03:22,v2401,v2401,5857.0,0.0,0.0,0.0,9,5856.0,5858.0,5,5849.0,5850.0,5863.0,5850.0,807.0,23631100.0,81876
2023-05-10 21:03:22,v2401,v2401,5856.0,9.0,263520.0,-4.0,13,5855.0,5858.0,5,5849.0,5850.0,5863.0,5850.0,816.0,23894620.0,81872
2023-05-10 21:03:23,v2401,v2401,5856.0,0.0,0.0,0.0,2,5855.0,5857.0,3,5849.0,5850.0,5863.0,5850.0,816.0,23894620.0,81872
2023-05-10 21:03:23,v2401,v2401,5856.0,0.0,0.0,0.0,2,5855.0,5857.0,4,5849.0,5850.0,5863.0,5850.0,816.0,23894620.0,81872
2023-05-10 21:03:26,v2401,v2401,5856.0,0.0,0.0,0.0,3,5855.0,5857.0,4,5849.0,5850.0,5863.0,5850.0,816.0,23894620.0,81872
2023-05-10 21:03:26,v2401,v2401,5856.0,0.0,0.0,0.0,4,5855.0,5857.0,4,5849.0,5850.0,5863.0,5850.0,816.0,23894620.0,81872
2023-05-10 21:03:27,v2401,v2401,5855.0,4.0,117100.0,3.0,6,5854.0,5856.0,4,5849.0,5850.0,5863.0,5850.0,820.0,24011720.0,81875
2023-05-10 21:03:27,v2401,v2401,5855.0,0.0,0.0,0.0,9,5854.0,5856.0,133,5849.0,5850.0,5863.0,5850.0,820.0,24011720.0,81875
2023-05-10 21:03:28,v2401,v2401,5855.0,0.0,0.0,0.0,9,5854.0,5856.0,129,5849.0,5850.0,5863.0,5850.0,820.0,24011720.0,81875
2023-05-10 21:03:28,v2401,v2401,5855.0,3.0,87825.0,1.0,6,5854.0,5856.0,6,5849.0,5850.0,5863.0,5850.0,823.0,24099545.0,81876
2023-05-10 21:03:29,v2401,v2401,5855.0,2.0,58550.0,2.0,6,5854.0,5856.0,6,5849.0,5850.0,5863.0,5850.0,825.0,24158095.0,81878
2023-05-10 21:03:29,v2401,v2401,5855.0,0.0,0.0,0.0,8,5854.0,5856.0,6,5849.0,5850.0,5863.0,5850.0,825.0,24158095.0,81878
2023-05-10 21:03:30,v2401,v2401,5855.0,1.0,29275.0,1.0,7,5854.0,5856.0,6,5849.0,5850.0,5863.0,5850.0,826.0,24187370.0,81879
2023-05-10 21:03:30,v2401,v2401,5854.0,8.0,234160.0,6.0,4,5853.0,5855.0,4,5849.0,5850.0,5863.0,5850.0,834.0,24421530.0,81885
2023-05-10 21:03:31,v2401,v2401,5854.0,0.0,0.0,0.0,16,5853.0,5855.0,10,5849.0,5850.0,5863.0,5850.0,834.0,24421530.0,81885
2023-05-10 21:03:31,v2401,v2401,5854.0,0.0,0.0,0.0,4,5853.0,5855.0,1,5849.0,5850.0,5863.0,5850.0,834.0,24421530.0,81885
2023-05-10 21:03:32,v2401,v2401,5854.0,0.0,0.0,0.0,58,5853.0,5855.0,7,5849.0,5850.0,5863.0,5850.0,834.0,24421530.0,81885
2023-05-10 21:03:32,v2401,v2401,5854.0,0.0,0.0,0.0,90,5853.0,5855.0,7,5849.0,5850.0,5863.0,5850.0,834.0,24421530.0,81885
2023-05-10 21:03:33,v2401,v2401,5853.0,1.0,29265.0,-1.0,89,5853.0,5855.0,7,5849.0,5850.0,5863.0,5850.0,835.0,24450795.0,81884
2023-05-10 21:03:35,v2401,v2401,5855.0,7.0,204925.0,0.0,3,5853.0,5856.0,1,5849.0,5850.0,5863.0,5850.0,842.0,24655720.0,81884
2023-05-10 21:03:35,v2401,v2401,5855.0,0.0,0.0,0.0,8,5855.0,5857.0,42,5849.0,5850.0,5863.0,5850.0,842.0,24655720.0,81884
2023-05-10 21:03:36,v2401,v2401,5855.0,0.0,0.0,0.0,8,5855.0,5857.0,52,5849.0,5850.0,5863.0,5850.0,842.0,24655720.0,81884
2023-05-10 21:03:36,v2401,v2401,5855.0,5.0,146375.0,-4.0,3,5855.0,5857.0,44,5849.0,5850.0,5863.0,5850.0,847.0,24802095.0,81880
2023-05-10 21:03:37,v2401,v2401,5855.0,0.0,0.0,0.0,3,5855.0,5857.0,46,5849.0,5850.0,5863.0,5850.0,847.0,24802095.0,81880
2023-05-10 21:03:37,v2401,v2401,5855.0,0.0,0.0,0.0,3,5855.0,5857.0,47,5849.0,5850.0,5863.0,5850.0,847.0,24802095.0,81880
2023-05-10 21:03:38,v2401,v2401,5855.0,0.0,0.0,0.0,3,5855.0,5857.0,62,5849.0,5850.0,5863.0,5850.0,847.0,24802095.0,81880
2023-05-10 21:03:38,v2401,v2401,5855.0,0.0,0.0,0.0,3,5855.0,5857.0,68,5849.0,5850.0,5863.0,5850.0,847.0,24802095.0,81880
2023-05-10 21:03:39,v2401,v2401,5855.0,1.0,29275.0,0.0,2,5854.0,5857.0,2,5849.0,5850.0,5863.0,5850.0,848.0,24831370.0,81880
2023-05-10 21:03:39,v2401,v2401,5855.0,0.0,0.0,0.0,11,5854.0,5856.0,11,5849.0,5850.0,5863.0,5850.0,848.0,24831370.0,81880
2023-05-10 21:03:40,v2401,v2401,5856.0,1.0,29280.0,1.0,11,5854.0,5856.0,7,5849.0,5850.0,5863.0,5850.0,849.0,24860650.0,81881
2023-05-10 21:03:40,v2401,v2401,5856.0,3.0,87840.0,1.0,65,5854.0,5856.0,3,5849.0,5850.0,5863.0,5850.0,852.0,24948490.0,81882
2023-05-10 21:03:41,v2401,v2401,5856.0,0.0,0.0,0.0,1,5855.0,5857.0,110,5849.0,5850.0,5863.0,5850.0,852.0,24948490.0,81882
2023-05-10 21:03:41,v2401,v2401,5855.0,20.0,585500.0,-9.0,111,5854.0,5857.0,4,5849.0,5850.0,5863.0,5850.0,872.0,25533990.0,81873
2023-05-10 21:03:42,v2401,v2401,5855.0,0.0,0.0,0.0,115,5854.0,5857.0,4,5849.0,5850.0,5863.0,5850.0,872.0,25533990.0,81873
2023-05-10 21:03:42,v2401,v2401,5855.0,0.0,0.0,0.0,2,5855.0,5857.0,4,5849.0,5850.0,5863.0,5850.0,872.0,25533990.0,81873
2023-05-10 21:03:43,v2401,v2401,5855.0,1.0,29275.0,-1.0,1,5855.0,5857.0,4,5849.0,5850.0,5863.0,5850.0,873.0,25563265.0,81872
2023-05-10 21:03:45,v2401,v2401,5855.0,0.0,0.0,0.0,1,5855.0,5856.0,6,5849.0,5850.0,5863.0,5850.0,873.0,25563265.0,81872
2023-05-10 21:03:47,v2401,v2401,5855.0,1.0,29275.0,0.0,10,5854.0,5856.0,1,5849.0,5850.0,5863.0,5850.0,874.0,25592540.0,81872
2023-05-10 21:03:52,v2401,v2401,5854.0,10.0,292700.0,1.0,8,5853.0,5855.0,110,5849.0,5850.0,5863.0,5850.0,884.0,25885240.0,81873
2023-05-10 21:03:53,v2401,v2401,5854.0,0.0,0.0,0.0,8,5853.0,5855.0,112,5849.0,5850.0,5863.0,5850.0,884.0,25885240.0,81873
2023-05-10 21:03:53,v2401,v2401,5854.0,0.0,0.0,0.0,8,5853.0,5855.0,107,5849.0,5850.0,5863.0,5850.0,884.0,25885240.0,81873
2023-05-10 21:03:54,v2401,v2401,5854.0,0.0,0.0,0.0,8,5853.0,5855.0,109,5849.0,5850.0,5863.0,5850.0,884.0,25885240.0,81873
2023-05-10 21:03:54,v2401,v2401,5855.0,1.0,29275.0,0.0,8,5853.0,5855.0,114,5849.0,5850.0,5863.0,5850.0,885.0,25914515.0,81873
2023-05-10 21:03:55,v2401,v2401,5855.0,0.0,0.0,0.0,8,5853.0,5855.0,166,5849.0,5850.0,5863.0,5850.0,885.0,25914515.0,81873
2023-05-10 21:03:55,v2401,v2401,5855.0,0.0,0.0,0.0,8,5853.0,5855.0,168,5849.0,5850.0,5863.0,5850.0,885.0,25914515.0,81873
2023-05-10 21:03:56,v2401,v2401,5855.0,0.0,0.0,0.0,8,5853.0,5855.0,146,5849.0,5850.0,5863.0,5850.0,885.0,25914515.0,81873
2023-05-10 21:03:56,v2401,v2401,5855.0,0.0,0.0,0.0,8,5853.0,5855.0,107,5849.0,5850.0,5863.0,5850.0,885.0,25914515.0,81873
2023-05-10 21:03:57,v2401,v2401,5855.0,0.0,0.0,0.0,8,5853.0,5855.0,105,5849.0,5850.0,5863.0,5850.0,885.0,25914515.0,81873
2023-05-10 21:03:57,v2401,v2401,5855.0,0.0,0.0,0.0,8,5853.0,5855.0,110,5849.0,5850.0,5863.0,5850.0,885.0,25914515.0,81873
2023-05-10 21:03:58,v2401,v2401,5855.0,0.0,0.0,0.0,8,5853.0,5855.0,57,5849.0,5850.0,5863.0,5850.0,885.0,25914515.0,81873
2023-05-10 21:03:58,v2401,v2401,5855.0,0.0,0.0,0.0,9,5853.0,5855.0,69,5849.0,5850.0,5863.0,5850.0,885.0,25914515.0,81873
2023-05-10 21:03:59,v2401,v2401,5855.0,0.0,0.0,0.0,9,5853.0,5855.0,77,5849.0,5850.0,5863.0,5850.0,885.0,25914515.0,81873
2023-05-10 21:03:59,v2401,v2401,5855.0,0.0,0.0,0.0,9,5853.0,5855.0,83,5849.0,5850.0,5863.0,5850.0,885.0,25914515.0,81873
2023-05-10 21:04:00,v2401,v2401,5855.0,0.0,0.0,0.0,9,5853.0,5855.0,62,5849.0,5850.0,5863.0,5850.0,885.0,25914515.0,81873
2023-05-10 21:04:00,v2401,v2401,5855.0,0.0,0.0,0.0,9,5853.0,5855.0,80,5849.0,5850.0,5863.0,5850.0,885.0,25914515.0,81873
2023-05-10 21:04:01,v2401,v2401,5855.0,0.0,0.0,0.0,9,5853.0,5855.0,111,5849.0,5850.0,5863.0,5850.0,885.0,25914515.0,81873
2023-05-10 21:04:02,v2401,v2401,5855.0,0.0,0.0,0.0,9,5853.0,5854.0,1,5849.0,5850.0,5863.0,5850.0,885.0,25914515.0,81873
2023-05-10 21:04:03,v2401,v2401,5853.0,6.0,175590.0,0.0,13,5852.0,5854.0,82,5849.0,5850.0,5863.0,5850.0,891.0,26090105.0,81873
2023-05-10 21:04:03,v2401,v2401,5853.0,2.0,58530.0,0.0,13,5852.0,5854.0,67,5849.0,5850.0,5863.0,5850.0,893.0,26148635.0,81873
2023-05-10 21:04:04,v2401,v2401,5854.0,1.0,29270.0,0.0,13,5852.0,5854.0,73,5849.0,5850.0,5863.0,5850.0,894.0,26177905.0,81873
2023-05-10 21:04:04,v2401,v2401,5854.0,0.0,0.0,0.0,14,5852.0,5854.0,29,5849.0,5850.0,5863.0,5850.0,894.0,26177905.0,81873
2023-05-10 21:04:05,v2401,v2401,5854.0,0.0,0.0,0.0,14,5852.0,5854.0,28,5849.0,5850.0,5863.0,5850.0,894.0,26177905.0,81873
2023-05-10 21:04:05,v2401,v2401,5854.0,0.0,0.0,0.0,14,5852.0,5854.0,53,5849.0,5850.0,5863.0,5850.0,894.0,26177905.0,81873
2023-05-10 21:04:06,v2401,v2401,5854.0,0.0,0.0,0.0,14,5852.0,5854.0,123,5849.0,5850.0,5863.0,5850.0,894.0,26177905.0,81873
2023-05-10 21:04:06,v2401,v2401,5854.0,0.0,0.0,0.0,14,5852.0,5854.0,125,5849.0,5850.0,5863.0,5850.0,894.0,26177905.0,81873
2023-05-10 21:04:07,v2401,v2401,5854.0,0.0,0.0,0.0,14,5852.0,5854.0,124,5849.0,5850.0,5863.0,5850.0,894.0,26177905.0,81873
2023-05-10 21:04:07,v2401,v2401,5854.0,0.0,0.0,0.0,14,5852.0,5854.0,123,5849.0,5850.0,5863.0,5850.0,894.0,26177905.0,81873
2023-05-10 21:04:08,v2401,v2401,5854.0,0.0,0.0,0.0,14,5852.0,5854.0,131,5849.0,5850.0,5863.0,5850.0,894.0,26177905.0,81873
2023-05-10 21:04:08,v2401,v2401,5854.0,0.0,0.0,0.0,14,5852.0,5854.0,134,5849.0,5850.0,5863.0,5850.0,894.0,26177905.0,81873
2023-05-10 21:04:09,v2401,v2401,5854.0,0.0,0.0,0.0,14,5852.0,5854.0,153,5849.0,5850.0,5863.0,5850.0,894.0,26177905.0,81873
2023-05-10 21:04:09,v2401,v2401,5854.0,0.0,0.0,0.0,14,5852.0,5854.0,151,5849.0,5850.0,5863.0,5850.0,894.0,26177905.0,81873
2023-05-10 21:04:10,v2401,v2401,5854.0,0.0,0.0,0.0,14,5852.0,5854.0,179,5849.0,5850.0,5863.0,5850.0,894.0,26177905.0,81873
2023-05-10 21:04:10,v2401,v2401,5854.0,0.0,0.0,0.0,14,5852.0,5854.0,183,5849.0,5850.0,5863.0,5850.0,894.0,26177905.0,81873
2023-05-10 21:04:11,v2401,v2401,5854.0,5.0,146350.0,5.0,14,5852.0,5854.0,80,5849.0,5850.0,5863.0,5850.0,899.0,26324255.0,81878
2023-05-10 21:04:11,v2401,v2401,5854.0,7.0,204890.0,-3.0,14,5852.0,5855.0,2,5849.0,5850.0,5863.0,5850.0,906.0,26529145.0,81875
2023-05-10 21:04:12,v2401,v2401,5854.0,0.0,0.0,0.0,71,5852.0,5854.0,1,5849.0,5850.0,5863.0,5850.0,906.0,26529145.0,81875
2023-05-10 21:04:12,v2401,v2401,5854.0,0.0,0.0,0.0,3,5853.0,5855.0,92,5849.0,5850.0,5863.0,5850.0,906.0,26529145.0,81875
2023-05-10 21:04:13,v2401,v2401,5854.0,0.0,0.0,0.0,5,5853.0,5855.0,91,5849.0,5850.0,5863.0,5850.0,906.0,26529145.0,81875
2023-05-10 21:04:13,v2401,v2401,5853.0,1.0,29265.0,-1.0,4,5853.0,5855.0,78,5849.0,5850.0,5863.0,5850.0,907.0,26558410.0,81874
2023-05-10 21:04:14,v2401,v2401,5853.0,0.0,0.0,0.0,4,5853.0,5855.0,80,5849.0,5850.0,5863.0,5850.0,907.0,26558410.0,81874
2023-05-10 21:04:14,v2401,v2401,5853.0,0.0,0.0,0.0,4,5853.0,5855.0,82,5849.0,5850.0,5863.0,5850.0,907.0,26558410.0,81874
2023-05-10 21:04:15,v2401,v2401,5853.0,0.0,0.0,0.0,4,5853.0,5855.0,84,5849.0,5850.0,5863.0,5850.0,907.0,26558410.0,81874
2023-05-10 21:04:15,v2401,v2401,5853.0,0.0,0.0,0.0,4,5853.0,5855.0,80,5849.0,5850.0,5863.0,5850.0,907.0,26558410.0,81874
2023-05-10 21:04:16,v2401,v2401,5853.0,1.0,29265.0,-1.0,3,5853.0,5855.0,81,5849.0,5850.0,5863.0,5850.0,908.0,26587675.0,81873
2023-05-10 21:04:16,v2401,v2401,5853.0,0.0,0.0,0.0,4,5853.0,5855.0,97,5849.0,5850.0,5863.0,5850.0,908.0,26587675.0,81873
2023-05-10 21:04:17,v2401,v2401,5853.0,0.0,0.0,0.0,2,5853.0,5855.0,99,5849.0,5850.0,5863.0,5850.0,908.0,26587675.0,81873
2023-05-10 21:04:17,v2401,v2401,5853.0,0.0,0.0,0.0,2,5853.0,5855.0,98,5849.0,5850.0,5863.0,5850.0,908.0,26587675.0,81873
2023-05-10 21:04:18,v2401,v2401,5853.0,0.0,0.0,0.0,4,5853.0,5855.0,82,5849.0,5850.0,5863.0,5850.0,908.0,26587675.0,81873
2023-05-10 21:04:18,v2401,v2401,5853.0,0.0,0.0,0.0,4,5853.0,5855.0,11,5849.0,5850.0,5863.0,5850.0,908.0,26587675.0,81873
2023-05-10 21:04:19,v2401,v2401,5853.0,0.0,0.0,0.0,63,5853.0,5855.0,10,5849.0,5850.0,5863.0,5850.0,908.0,26587675.0,81873
2023-05-10 21:04:19,v2401,v2401,5853.0,0.0,0.0,0.0,4,5853.0,5855.0,28,5849.0,5850.0,5863.0,5850.0,908.0,26587675.0,81873
2023-05-10 21:04:20,v2401,v2401,5853.0,1.0,29265.0,-1.0,3,5853.0,5855.0,25,5849.0,5850.0,5863.0,5850.0,909.0,26616940.0,81872
2023-05-10 21:04:20,v2401,v2401,5853.0,0.0,0.0,0.0,4,5853.0,5854.0,1,5849.0,5850.0,5863.0,5850.0,909.0,26616940.0,81872
2023-05-10 21:04:21,v2401,v2401,5853.0,0.0,0.0,0.0,2,5853.0,5854.0,1,5849.0,5850.0,5863.0,5850.0,909.0,26616940.0,81872
2023-05-10 21:04:23,v2401,v2401,5853.0,3.0,87795.0,0.0,27,5852.0,5854.0,85,5849.0,5850.0,5863.0,5850.0,912.0,26704735.0,81872
2023-05-10 21:04:23,v2401,v2401,5853.0,0.0,0.0,0.0,24,5852.0,5853.0,1,5849.0,5850.0,5863.0,5850.0,912.0,26704735.0,81872
2023-05-10 21:04:25,v2401,v2401,5853.0,1.0,29265.0,0.0,26,5852.0,5854.0,51,5849.0,5850.0,5863.0,5850.0,913.0,26734000.0,81872
2023-05-10 21:04:26,v2401,v2401,5853.0,0.0,0.0,0.0,27,5852.0,5854.0,51,5849.0,5850.0,5863.0,5850.0,913.0,26734000.0,81872
2023-05-10 21:04:26,v2401,v2401,5853.0,0.0,0.0,0.0,27,5852.0,5854.0,48,5849.0,5850.0,5863.0,5850.0,913.0,26734000.0,81872
2023-05-10 21:04:27,v2401,v2401,5853.0,0.0,0.0,0.0,27,5852.0,5854.0,47,5849.0,5850.0,5863.0,5850.0,913.0,26734000.0,81872
2023-05-10 21:04:27,v2401,v2401,5853.0,0.0,0.0,0.0,27,5852.0,5854.0,43,5849.0,5850.0,5863.0,5850.0,913.0,26734000.0,81872
2023-05-10 21:04:28,v2401,v2401,5853.0,0.0,0.0,0.0,27,5852.0,5854.0,51,5849.0,5850.0,5863.0,5850.0,913.0,26734000.0,81872
2023-05-10 21:04:28,v2401,v2401,5853.0,0.0,0.0,0.0,25,5852.0,5854.0,70,5849.0,5850.0,5863.0,5850.0,913.0,26734000.0,81872
2023-05-10 21:04:29,v2401,v2401,5853.0,0.0,0.0,0.0,25,5852.0,5854.0,76,5849.0,5850.0,5863.0,5850.0,913.0,26734000.0,81872
2023-05-10 21:04:29,v2401,v2401,5853.0,0.0,0.0,0.0,24,5852.0,5853.0,1,5849.0,5850.0,5863.0,5850.0,913.0,26734000.0,81872
2023-05-10 21:04:30,v2401,v2401,5853.0,0.0,0.0,0.0,24,5852.0,5853.0,40,5849.0,5850.0,5863.0,5850.0,913.0,26734000.0,81872
2023-05-10 21:04:31,v2401,v2401,5853.0,0.0,0.0,0.0,24,5852.0,5853.0,21,5849.0,5850.0,5863.0,5850.0,913.0,26734000.0,81872
2023-05-10 21:04:31,v2401,v2401,5853.0,0.0,0.0,0.0,24,5852.0,5853.0,1,5849.0,5850.0,5863.0,5850.0,913.0,26734000.0,81872
2023-05-10 21:04:32,v2401,v2401,5852.0,24.0,702240.0,24.0,5,5851.0,5853.0,1,5849.0,5850.0,5863.0,5850.0,937.0,27436240.0,81896
2023-05-10 21:04:32,v2401,v2401,5851.0,3.0,87765.0,0.0,46,5850.0,5852.0,355,5849.0,5850.0,5863.0,5850.0,940.0,27524005.0,81896
2023-05-10 21:04:33,v2401,v2401,5850.0,4.0,117000.0,0.0,42,5850.0,5852.0,359,5849.0,5850.0,5863.0,5850.0,944.0,27641005.0,81896
2023-05-10 21:04:33,v2401,v2401,5850.0,27.0,789755.0,13.0,16,5850.0,5851.0,72,5849.0,5850.0,5863.0,5850.0,971.0,28430760.0,81909
2023-05-10 21:04:34,v2401,v2401,5850.0,16.0,468000.0,10.0,2,5849.0,5851.0,93,5849.0,5850.0,5863.0,5850.0,987.0,28898760.0,81919
2023-05-10 21:04:34,v2401,v2401,5850.0,0.0,0.0,0.0,16,5849.0,5851.0,100,5849.0,5850.0,5863.0,5850.0,987.0,28898760.0,81919
2023-05-10 21:04:35,v2401,v2401,5850.0,0.0,0.0,0.0,16,5849.0,5851.0,111,5849.0,5850.0,5863.0,5850.0,987.0,28898760.0,81919
2023-05-10 21:04:35,v2401,v2401,5850.0,0.0,0.0,0.0,1,5849.0,5851.0,1,5849.0,5850.0,5863.0,5850.0,987.0,28898760.0,81919
2023-05-10 21:04:36,v2401,v2401,5850.0,0.0,0.0,0.0,31,5848.0,5850.0,9,5849.0,5850.0,5863.0,5850.0,987.0,28898760.0,81919
2023-05-10 21:04:36,v2401,v2401,5850.0,1.0,29250.0,1.0,16,5849.0,5851.0,318,5849.0,5850.0,5863.0,5850.0,988.0,28928010.0,81920
2023-05-10 21:04:37,v2401,v2401,5850.0,0.0,0.0,0.0,11,5849.0,5851.0,318,5849.0,5850.0,5863.0,5850.0,988.0,28928010.0,81920
2023-05-10 21:04:37,v2401,v2401,5850.0,0.0,0.0,0.0,2,5849.0,5851.0,322,5849.0,5850.0,5863.0,5850.0,988.0,28928010.0,81920
2023-05-10 21:04:38,v2401,v2401,5850.0,0.0,0.0,0.0,2,5849.0,5851.0,324,5849.0,5850.0,5863.0,5850.0,988.0,28928010.0,81920
2023-05-10 21:04:38,v2401,v2401,5851.0,1.0,29255.0,1.0,1,5849.0,5851.0,8,5849.0,5850.0,5863.0,5850.0,989.0,28957265.0,81921
2023-05-10 21:04:39,v2401,v2401,5851.0,0.0,0.0,0.0,2,5849.0,5851.0,8,5849.0,5850.0,5863.0,5850.0,989.0,28957265.0,81921
2023-05-10 21:04:41,v2401,v2401,5849.0,2.0,58490.0,2.0,16,5848.0,5850.0,5,5849.0,5850.0,5863.0,5849.0,991.0,29015755.0,81923
2023-05-10 21:04:41,v2401,v2401,5849.0,1.0,29245.0,0.0,31,5848.0,5849.0,9,5849.0,5850.0,5863.0,5849.0,992.0,29045000.0,81923
2023-05-10 21:04:42,v2401,v2401,5849.0,9.0,263205.0,-9.0,16,5848.0,5850.0,5,5849.0,5850.0,5863.0,5849.0,1001.0,29308205.0,81914
2023-05-10 21:04:42,v2401,v2401,5849.0,0.0,0.0,0.0,31,5848.0,5850.0,288,5849.0,5850.0,5863.0,5849.0,1001.0,29308205.0,81914
2023-05-10 21:04:43,v2401,v2401,5849.0,0.0,0.0,0.0,31,5848.0,5850.0,290,5849.0,5850.0,5863.0,5849.0,1001.0,29308205.0,81914
2023-05-10 21:04:43,v2401,v2401,5849.0,0.0,0.0,0.0,15,5848.0,5850.0,304,5849.0,5850.0,5863.0,5849.0,1001.0,29308205.0,81914
2023-05-10 21:04:44,v2401,v2401,5849.0,0.0,0.0,0.0,23,5848.0,5850.0,302,5849.0,5850.0,5863.0,5849.0,1001.0,29308205.0,81914
2023-05-10 21:04:44,v2401,v2401,5848.0,10.0,292400.0,0.0,6,5848.0,5850.0,288,5849.0,5850.0,5863.0,5848.0,1011.0,29600605.0,81914
2023-05-10 21:04:45,v2401,v2401,5848.0,0.0,0.0,0.0,6,5848.0,5850.0,5,5849.0,5850.0,5863.0,5848.0,1011.0,29600605.0,81914
2023-05-10 21:04:45,v2401,v2401,5848.0,0.0,0.0,0.0,21,5848.0,5850.0,278,5849.0,5850.0,5863.0,5848.0,1011.0,29600605.0,81914
2023-05-10 21:04:46,v2401,v2401,5848.0,0.0,0.0,0.0,6,5848.0,5850.0,4,5849.0,5850.0,5863.0,5848.0,1011.0,29600605.0,81914
2023-05-10 21:04:46,v2401,v2401,5848.0,0.0,0.0,0.0,21,5848.0,5850.0,293,5849.0,5850.0,5863.0,5848.0,1011.0,29600605.0,81914
2023-05-10 21:04:47,v2401,v2401,5848.0,0.0,0.0,0.0,21,5848.0,5850.0,285,5849.0,5850.0,5863.0,5848.0,1011.0,29600605.0,81914
2023-05-10 21:04:47,v2401,v2401,5848.0,1.0,29245.0,0.0,19,5848.0,5850.0,269,5849.0,5850.0,5863.0,5848.0,1012.0,29629850.0,81914
2023-05-10 21:04:48,v2401,v2401,5849.0,1.0,29245.0,0.0,19,5848.0,5849.0,2,5849.0,5850.0,5863.0,5848.0,1013.0,29659095.0,81914
2023-05-10 21:04:50,v2401,v2401,5849.0,2.0,58490.0,0.0,19,5848.0,5850.0,244,5849.0,5850.0,5863.0,5848.0,1015.0,29717585.0,81914
2023-05-10 21:04:50,v2401,v2401,5849.0,0.0,0.0,0.0,20,5848.0,5850.0,249,5849.0,5850.0,5863.0,5848.0,1015.0,29717585.0,81914
2023-05-10 21:04:51,v2401,v2401,5849.0,0.0,0.0,0.0,20,5848.0,5850.0,225,5849.0,5850.0,5863.0,5848.0,1015.0,29717585.0,81914
2023-05-10 21:04:51,v2401,v2401,5849.0,0.0,0.0,0.0,6,5848.0,5850.0,1,5849.0,5850.0,5863.0,5848.0,1015.0,29717585.0,81914
2023-05-10 21:04:52,v2401,v2401,5850.0,1.0,29250.0,1.0,19,5849.0,5851.0,338,5849.0,5850.0,5863.0,5848.0,1016.0,29746835.0,81915
2023-05-10 21:04:52,v2401,v2401,5849.0,1.0,29245.0,-1.0,19,5849.0,5851.0,334,5849.0,5850.0,5863.0,5848.0,1017.0,29776080.0,81914
2023-05-10 21:04:53,v2401,v2401,5849.0,0.0,0.0,0.0,19,5849.0,5851.0,346,5849.0,5850.0,5863.0,5848.0,1017.0,29776080.0,81914
2023-05-10 21:04:53,v2401,v2401,5849.0,0.0,0.0,0.0,19,5849.0,5851.0,331,5849.0,5850.0,5863.0,5848.0,1017.0,29776080.0,81914
2023-05-10 21:04:54,v2401,v2401,5849.0,0.0,0.0,0.0,19,5849.0,5851.0,332,5849.0,5850.0,5863.0,5848.0,1017.0,29776080.0,81914
2023-05-10 21:04:54,v2401,v2401,5849.0,10.0,292500.0,0.0,9,5849.0,5851.0,335,5849.0,5850.0,5863.0,5848.0,1027.0,30068580.0,81914
2023-05-10 21:04:55,v2401,v2401,5849.0,0.0,0.0,0.0,8,5849.0,5851.0,339,5849.0,5850.0,5863.0,5848.0,1027.0,30068580.0,81914
2023-05-10 21:04:55,v2401,v2401,5849.0,0.0,0.0,0.0,5,5849.0,5851.0,352,5849.0,5850.0,5863.0,5848.0,1027.0,30068580.0,81914
2023-05-10 21:04:56,v2401,v2401,5849.0,0.0,0.0,0.0,5,5849.0,5851.0,347,5849.0,5850.0,5863.0,5848.0,1027.0,30068580.0,81914
2023-05-10 21:04:56,v2401,v2401,5849.0,0.0,0.0,0.0,5,5849.0,5850.0,1,5849.0,5850.0,5863.0,5848.0,1027.0,30068580.0,81914
2023-05-10 21:05:01,v2401,v2401,5849.0,0.0,0.0,0.0,6,5849.0,5850.0,1,5849.0,5850.0,5863.0,5848.0,1027.0,30068580.0,81914
2023-05-10 21:05:04,v2401,v2401,5850.0,1.0,29250.0,0.0,8,5850.0,5851.0,7,5849.0,5850.0,5863.0,5848.0,1028.0,30097830.0,81914
2023-05-10 21:05:06,v2401,v2401,5851.0,7.0,204785.0,6.0,8,5850.0,5852.0,82,5849.0,5850.0,5863.0,5848.0,1035.0,30302615.0,81920
2023-05-10 21:05:06,v2401,v2401,5850.0,1.0,29250.0,-1.0,8,5849.0,5851.0,216,5849.0,5850.0,5863.0,5848.0,1036.0,30331865.0,81919
2023-05-10 21:05:07,v2401,v2401,5850.0,0.0,0.0,0.0,3,5850.0,5851.0,214,5849.0,5850.0,5863.0,5848.0,1036.0,30331865.0,81919
2023-05-10 21:05:07,v2401,v2401,5850.0,3.0,87750.0,-3.0,6,5849.0,5851.0,235,5849.0,5850.0,5863.0,5848.0,1039.0,30419615.0,81916
2023-05-10 21:05:08,v2401,v2401,5850.0,2.0,58500.0,2.0,1,5850.0,5851.0,230,5849.0,5850.0,5863.0,5848.0,1041.0,30478115.0,81918
2023-05-10 21:05:08,v2401,v2401,5850.0,1.0,29250.0,0.0,6,5849.0,5851.0,230,5849.0,5850.0,5863.0,5848.0,1042.0,30507365.0,81918
2023-05-10 21:05:09,v2401,v2401,5850.0,0.0,0.0,0.0,6,5849.0,5851.0,233,5849.0,5850.0,5863.0,5848.0,1042.0,30507365.0,81918
2023-05-10 21:05:09,v2401,v2401,5850.0,0.0,0.0,0.0,1,5849.0,5850.0,37,5849.0,5850.0,5863.0,5848.0,1042.0,30507365.0,81918
2023-05-10 21:05:10,v2401,v2401,5850.0,0.0,0.0,0.0,5,5849.0,5850.0,1,5849.0,5850.0,5863.0,5848.0,1042.0,30507365.0,81918
2023-05-10 21:05:10,v2401,v2401,5850.0,0.0,0.0,0.0,9,5849.0,5851.0,260,5849.0,5850.0,5863.0,5848.0,1042.0,30507365.0,81918
2023-05-10 21:05:11,v2401,v2401,5850.0,0.0,0.0,0.0,9,5849.0,5851.0,258,5849.0,5850.0,5863.0,5848.0,1042.0,30507365.0,81918
2023-05-10 21:05:11,v2401,v2401,5850.0,0.0,0.0,0.0,9,5849.0,5851.0,255,5849.0,5850.0,5863.0,5848.0,1042.0,30507365.0,81918
2023-05-10 21:05:12,v2401,v2401,5850.0,0.0,0.0,0.0,9,5849.0,5851.0,245,5849.0,5850.0,5863.0,5848.0,1042.0,30507365.0,81918
2023-05-10 21:05:12,v2401,v2401,5849.0,4.0,116980.0,4.0,5,5849.0,5851.0,261,5849.0,5850.0,5863.0,5848.0,1046.0,30624345.0,81922
2023-05-10 21:05:13,v2401,v2401,5849.0,0.0,0.0,0.0,14,5848.0,5850.0,28,5849.0,5850.0,5863.0,5848.0,1046.0,30624345.0,81922
2023-05-10 21:05:13,v2401,v2401,5849.0,0.0,0.0,0.0,14,5848.0,5850.0,13,5849.0,5850.0,5863.0,5848.0,1046.0,30624345.0,81922
2023-05-10 21:05:14,v2401,v2401,5849.0,0.0,0.0,0.0,10,5848.0,5850.0,1,5849.0,5850.0,5863.0,5848.0,1046.0,30624345.0,81922
2023-05-10 21:05:14,v2401,v2401,5849.0,4.0,116980.0,0.0,41,5848.0,5850.0,27,5849.0,5850.0,5863.0,5848.0,1050.0,30741325.0,81922
2023-05-10 21:05:15,v2401,v2401,5849.0,0.0,0.0,0.0,97,5848.0,5850.0,27,5849.0,5850.0,5863.0,5848.0,1050.0,30741325.0,81922
2023-05-10 21:05:15,v2401,v2401,5850.0,27.0,789675.0,12.0,10,5848.0,5851.0,9,5849.0,5850.0,5863.0,5848.0,1077.0,31531000.0,81934
2023-05-10 21:05:16,v2401,v2401,5850.0,0.0,0.0,0.0,1,5850.0,5851.0,8,5849.0,5850.0,5863.0,5848.0,1077.0,31531000.0,81934
2023-05-10 21:05:16,v2401,v2401,5850.0,0.0,0.0,0.0,3,5850.0,5851.0,8,5849.0,5850.0,5863.0,5848.0,1077.0,31531000.0,81934
2023-05-10 21:05:17,v2401,v2401,5851.0,5.0,146275.0,5.0,1,5851.0,5853.0,123,5849.0,5850.0,5863.0,5848.0,1082.0,31677275.0,81939
2023-05-10 21:05:18,v2401,v2401,5851.0,0.0,0.0,0.0,3,5851.0,5852.0,40,5849.0,5850.0,5863.0,5848.0,1082.0,31677275.0,81939
2023-05-10 21:05:18,v2401,v2401,5851.0,0.0,0.0,0.0,70,5850.0,5852.0,1,5849.0,5850.0,5863.0,5848.0,1082.0,31677275.0,81939
2023-05-10 21:05:19,v2401,v2401,5850.0,30.0,877500.0,-30.0,2,5849.0,5852.0,4,5849.0,5850.0,5863.0,5848.0,1112.0,32554775.0,81909
2023-05-10 21:05:19,v2401,v2401,5850.0,0.0,0.0,0.0,13,5850.0,5852.0,4,5849.0,5850.0,5863.0,5848.0,1112.0,32554775.0,81909
2023-05-10 21:05:20,v2401,v2401,5850.0,0.0,0.0,0.0,46,5850.0,5852.0,4,5849.0,5850.0,5863.0,5848.0,1112.0,32554775.0,81909
2023-05-10 21:05:20,v2401,v2401,5850.0,0.0,0.0,0.0,43,5850.0,5852.0,1,5849.0,5850.0,5863.0,5848.0,1112.0,32554775.0,81909
2023-05-10 21:05:21,v2401,v2401,5850.0,0.0,0.0,0.0,15,5850.0,5852.0,4,5849.0,5850.0,5863.0,5848.0,1112.0,32554775.0,81909
2023-05-10 21:05:21,v2401,v2401,5850.0,0.0,0.0,0.0,1,5850.0,5852.0,78,5849.0,5850.0,5863.0,5848.0,1112.0,32554775.0,81909
2023-05-10 21:05:22,v2401,v2401,5850.0,4.0,117000.0,1.0,32,5850.0,5852.0,4,5849.0,5850.0,5863.0,5848.0,1116.0,32671775.0,81910
2023-05-10 21:05:22,v2401,v2401,5850.0,0.0,0.0,0.0,1,5851.0,5852.0,4,5849.0,5850.0,5863.0,5848.0,1116.0,32671775.0,81910
2023-05-10 21:05:23,v2401,v2401,5851.0,1.0,29255.0,-1.0,6,5850.0,5852.0,42,5849.0,5850.0,5863.0,5848.0,1117.0,32701030.0,81909
2023-05-10 21:05:24,v2401,v2401,5851.0,0.0,0.0,0.0,2,5851.0,5852.0,91,5849.0,5850.0,5863.0,5848.0,1117.0,32701030.0,81909
2023-05-10 21:05:24,v2401,v2401,5851.0,2.0,58510.0,0.0,16,5850.0,5852.0,4,5849.0,5850.0,5863.0,5848.0,1119.0,32759540.0,81909
2023-05-10 21:05:26,v2401,v2401,5851.0,0.0,0.0,0.0,61,5850.0,5852.0,44,5849.0,5850.0,5863.0,5848.0,1119.0,32759540.0,81909
2023-05-10 21:05:27,v2401,v2401,5851.0,0.0,0.0,0.0,2,5851.0,5852.0,44,5849.0,5850.0,5863.0,5848.0,1119.0,32759540.0,81909
2023-05-10 21:05:28,v2401,v2401,5851.0,3.0,87765.0,3.0,16,5850.0,5852.0,4,5849.0,5850.0,5863.0,5848.0,1122.0,32847305.0,81912
2023-05-10 21:05:28,v2401,v2401,5851.0,0.0,0.0,0.0,27,5850.0,5852.0,41,5849.0,5850.0,5863.0,5848.0,1122.0,32847305.0,81912
2023-05-10 21:05:29,v2401,v2401,5851.0,0.0,0.0,0.0,61,5850.0,5852.0,41,5849.0,5850.0,5863.0,5848.0,1122.0,32847305.0,81912
2023-05-10 21:05:30,v2401,v2401,5851.0,0.0,0.0,0.0,16,5850.0,5852.0,41,5849.0,5850.0,5863.0,5848.0,1122.0,32847305.0,81912
2023-05-10 21:05:30,v2401,v2401,5851.0,0.0,0.0,0.0,16,5850.0,5852.0,4,5849.0,5850.0,5863.0,5848.0,1122.0,32847305.0,81912
2023-05-10 21:05:34,v2401,v2401,5851.0,12.0,351060.0,12.0,16,5850.0,5852.0,4,5849.0,5850.0,5863.0,5848.0,1134.0,33198365.0,81924
2023-05-10 21:05:35,v2401,v2401,5851.0,0.0,0.0,0.0,16,5850.0,5852.0,5,5849.0,5850.0,5863.0,5848.0,1134.0,33198365.0,81924
2023-05-10 21:05:36,v2401,v2401,5850.0,21.0,614250.0,-10.0,54,5849.0,5850.0,12,5849.0,5850.0,5863.0,5848.0,1155.0,33812615.0,81914
2023-05-10 21:05:37,v2401,v2401,5850.0,12.0,351000.0,-12.0,54,5849.0,5852.0,5,5849.0,5850.0,5863.0,5848.0,1167.0,34163615.0,81902
2023-05-10 21:05:37,v2401,v2401,5850.0,0.0,0.0,0.0,54,5849.0,5852.0,7,5849.0,5850.0,5863.0,5848.0,1167.0,34163615.0,81902
2023-05-10 21:05:39,v2401,v2401,5850.0,0.0,0.0,0.0,54,5849.0,5852.0,5,5849.0,5850.0,5863.0,5848.0,1167.0,34163615.0,81902
2023-05-10 21:05:41,v2401,v2401,5850.0,0.0,0.0,0.0,54,5849.0,5851.0,36,5849.0,5850.0,5863.0,5848.0,1167.0,34163615.0,81902
2023-05-10 21:05:42,v2401,v2401,5850.0,0.0,0.0,0.0,21,5849.0,5851.0,1,5849.0,5850.0,5863.0,5848.0,1167.0,34163615.0,81902
2023-05-10 21:05:42,v2401,v2401,5851.0,1.0,29255.0,0.0,48,5850.0,5852.0,42,5849.0,5850.0,5863.0,5848.0,1168.0,34192870.0,81902
2023-05-10 21:05:44,v2401,v2401,5851.0,0.0,0.0,0.0,48,5850.0,5852.0,50,5849.0,5850.0,5863.0,5848.0,1168.0,34192870.0,81902
2023-05-10 21:05:46,v2401,v2401,5851.0,0.0,0.0,0.0,50,5850.0,5851.0,1,5849.0,5850.0,5863.0,5848.0,1168.0,34192870.0,81902
2023-05-10 21:05:46,v2401,v2401,5851.0,1.0,29255.0,-1.0,50,5850.0,5852.0,50,5849.0,5850.0,5863.0,5848.0,1169.0,34222125.0,81901
2023-05-10 21:05:48,v2401,v2401,5851.0,0.0,0.0,0.0,50,5850.0,5852.0,60,5849.0,5850.0,5863.0,5848.0,1169.0,34222125.0,81901
2023-05-10 21:05:48,v2401,v2401,5851.0,0.0,0.0,0.0,5,5850.0,5852.0,7,5849.0,5850.0,5863.0,5848.0,1169.0,34222125.0,81901
2023-05-10 21:05:49,v2401,v2401,5851.0,0.0,0.0,0.0,3,5850.0,5852.0,5,5849.0,5850.0,5863.0,5848.0,1169.0,34222125.0,81901
2023-05-10 21:05:52,v2401,v2401,5851.0,1.0,29255.0,1.0,11,5850.0,5852.0,57,5849.0,5850.0,5863.0,5848.0,1170.0,34251380.0,81902
2023-05-10 21:05:52,v2401,v2401,5851.0,0.0,0.0,0.0,48,5850.0,5852.0,57,5849.0,5850.0,5863.0,5848.0,1170.0,34251380.0,81902
2023-05-10 21:05:54,v2401,v2401,5851.0,0.0,0.0,0.0,47,5850.0,5852.0,10,5849.0,5850.0,5863.0,5848.0,1170.0,34251380.0,81902
2023-05-10 21:05:55,v2401,v2401,5852.0,3.0,87780.0,0.0,16,5850.0,5852.0,1,5849.0,5850.0,5863.0,5848.0,1173.0,34339160.0,81902
2023-05-10 21:05:55,v2401,v2401,5852.0,1.0,29260.0,0.0,22,5850.0,5853.0,64,5849.0,5850.0,5863.0,5848.0,1174.0,34368420.0,81902
2023-05-10 21:05:56,v2401,v2401,5852.0,0.0,0.0,0.0,9,5850.0,5851.0,46,5849.0,5850.0,5863.0,5848.0,1174.0,34368420.0,81902
2023-05-10 21:05:56,v2401,v2401,5852.0,2.0,58520.0,0.0,2,5850.0,5851.0,45,5849.0,5850.0,5863.0,5848.0,1176.0,34426940.0,81902
2023-05-10 21:05:57,v2401,v2401,5852.0,0.0,0.0,0.0,5,5850.0,5851.0,45,5849.0,5850.0,5863.0,5848.0,1176.0,34426940.0,81902
2023-05-10 21:05:58,v2401,v2401,5850.0,5.0,146250.0,5.0,9,5849.0,5851.0,3,5849.0,5850.0,5863.0,5848.0,1181.0,34573190.0,81907
2023-05-10 21:05:59,v2401,v2401,5850.0,0.0,0.0,0.0,9,5849.0,5850.0,39,5849.0,5850.0,5863.0,5848.0,1181.0,34573190.0,81907
2023-05-10 21:05:59,v2401,v2401,5850.0,0.0,0.0,0.0,42,5849.0,5851.0,38,5849.0,5850.0,5863.0,5848.0,1181.0,34573190.0,81907
2023-05-10 21:06:00,v2401,v2401,5850.0,0.0,0.0,0.0,44,5849.0,5851.0,38,5849.0,5850.0,5863.0,5848.0,1181.0,34573190.0,81907
2023-05-10 21:06:00,v2401,v2401,5850.0,0.0,0.0,0.0,19,5849.0,5851.0,38,5849.0,5850.0,5863.0,5848.0,1181.0,34573190.0,81907
2023-05-10 21:06:01,v2401,v2401,5850.0,0.0,0.0,0.0,9,5849.0,5851.0,11,5849.0,5850.0,5863.0,5848.0,1181.0,34573190.0,81907
2023-05-10 21:06:01,v2401,v2401,5850.0,0.0,0.0,0.0,34,5849.0,5851.0,48,5849.0,5850.0,5863.0,5848.0,1181.0,34573190.0,81907
2023-05-10 21:06:02,v2401,v2401,5849.0,21.0,614145.0,-20.0,20,5848.0,5851.0,11,5849.0,5850.0,5863.0,5848.0,1202.0,35187335.0,81887
2023-05-10 21:06:02,v2401,v2401,5851.0,11.0,321805.0,7.0,56,5850.0,5852.0,41,5849.0,5850.0,5863.0,5848.0,1213.0,35509140.0,81894
2023-05-10 21:06:03,v2401,v2401,5851.0,0.0,0.0,0.0,15,5851.0,5852.0,2,5849.0,5850.0,5863.0,5848.0,1213.0,35509140.0,81894
2023-05-10 21:06:03,v2401,v2401,5852.0,2.0,58515.0,0.0,27,5850.0,5853.0,47,5849.0,5850.0,5863.0,5848.0,1215.0,35567655.0,81894
2023-05-10 21:06:04,v2401,v2401,5852.0,0.0,0.0,0.0,27,5850.0,5853.0,37,5849.0,5850.0,5863.0,5848.0,1215.0,35567655.0,81894
2023-05-10 21:06:05,v2401,v2401,5852.0,0.0,0.0,0.0,28,5850.0,5853.0,37,5849.0,5850.0,5863.0,5848.0,1215.0,35567655.0,81894
2023-05-10 21:06:06,v2401,v2401,5853.0,1.0,29265.0,-1.0,29,5851.0,5854.0,5,5849.0,5850.0,5863.0,5848.0,1216.0,35596920.0,81893
2023-05-10 21:06:06,v2401,v2401,5853.0,0.0,0.0,0.0,34,5851.0,5854.0,6,5849.0,5850.0,5863.0,5848.0,1216.0,35596920.0,81893
2023-05-10 21:06:07,v2401,v2401,5853.0,0.0,0.0,0.0,34,5851.0,5854.0,5,5849.0,5850.0,5863.0,5848.0,1216.0,35596920.0,81893
2023-05-10 21:06:07,v2401,v2401,5853.0,0.0,0.0,0.0,34,5851.0,5854.0,42,5849.0,5850.0,5863.0,5848.0,1216.0,35596920.0,81893
2023-05-10 21:06:08,v2401,v2401,5853.0,3.0,87795.0,-3.0,1,5852.0,5854.0,5,5849.0,5850.0,5863.0,5848.0,1219.0,35684715.0,81890
2023-05-10 21:06:08,v2401,v2401,5853.0,0.0,0.0,0.0,64,5852.0,5854.0,19,5849.0,5850.0,5863.0,5848.0,1219.0,35684715.0,81890
2023-05-10 21:06:09,v2401,v2401,5854.0,2.0,58540.0,1.0,60,5852.0,5854.0,18,5849.0,5850.0,5863.0,5848.0,1221.0,35743255.0,81891
2023-05-10 21:06:09,v2401,v2401,5854.0,0.0,0.0,0.0,23,5852.0,5854.0,4,5849.0,5850.0,5863.0,5848.0,1221.0,35743255.0,81891
2023-05-10 21:06:10,v2401,v2401,5854.0,0.0,0.0,0.0,28,5852.0,5854.0,4,5849.0,5850.0,5863.0,5848.0,1221.0,35743255.0,81891
2023-05-10 21:06:10,v2401,v2401,5854.0,0.0,0.0,0.0,50,5853.0,5854.0,3,5849.0,5850.0,5863.0,5848.0,1221.0,35743255.0,81891
2023-05-10 21:06:11,v2401,v2401,5854.0,3.0,87810.0,1.0,52,5853.0,5855.0,55,5849.0,5850.0,5863.0,5848.0,1224.0,35831065.0,81892
2023-05-10 21:06:11,v2401,v2401,5854.0,0.0,0.0,0.0,52,5853.0,5855.0,63,5849.0,5850.0,5863.0,5848.0,1224.0,35831065.0,81892
2023-05-10 21:06:12,v2401,v2401,5854.0,0.0,0.0,0.0,52,5853.0,5855.0,66,5849.0,5850.0,5863.0,5848.0,1224.0,35831065.0,81892
2023-05-10 21:06:12,v2401,v2401,5854.0,0.0,0.0,0.0,52,5853.0,5855.0,50,5849.0,5850.0,5863.0,5848.0,1224.0,35831065.0,81892
2023-05-10 21:06:13,v2401,v2401,5854.0,0.0,0.0,0.0,52,5853.0,5855.0,53,5849.0,5850.0,5863.0,5848.0,1224.0,35831065.0,81892
2023-05-10 21:06:13,v2401,v2401,5854.0,0.0,0.0,0.0,52,5853.0,5855.0,75,5849.0,5850.0,5863.0,5848.0,1224.0,35831065.0,81892
2023-05-10 21:06:14,v2401,v2401,5854.0,0.0,0.0,0.0,52,5853.0,5855.0,78,5849.0,5850.0,5863.0,5848.0,1224.0,35831065.0,81892
2023-05-10 21:06:18,v2401,v2401,5854.0,0.0,0.0,0.0,5,5854.0,5855.0,78,5849.0,5850.0,5863.0,5848.0,1224.0,35831065.0,81892
2023-05-10 21:06:19,v2401,v2401,5854.0,5.0,146350.0,0.0,3,5853.0,5855.0,11,5849.0,5850.0,5863.0,5848.0,1229.0,35977415.0,81892
2023-05-10 21:06:19,v2401,v2401,5853.0,3.0,87795.0,0.0,58,5852.0,5854.0,77,5849.0,5850.0,5863.0,5848.0,1232.0,36065210.0,81892
2023-05-10 21:06:25,v2401,v2401,5853.0,0.0,0.0,0.0,9,5852.0,5854.0,8,5849.0,5850.0,5863.0,5848.0,1232.0,36065210.0,81892
2023-05-10 21:06:26,v2401,v2401,5853.0,0.0,0.0,0.0,65,5851.0,5853.0,75,5849.0,5850.0,5863.0,5848.0,1232.0,36065210.0,81892
2023-05-10 21:06:26,v2401,v2401,5853.0,8.0,234120.0,7.0,66,5851.0,5853.0,68,5849.0,5850.0,5863.0,5848.0,1240.0,36299330.0,81899
2023-05-10 21:06:27,v2401,v2401,5853.0,0.0,0.0,0.0,65,5851.0,5853.0,58,5849.0,5850.0,5863.0,5848.0,1240.0,36299330.0,81899
2023-05-10 21:06:31,v2401,v2401,5853.0,0.0,0.0,0.0,16,5851.0,5853.0,1,5849.0,5850.0,5863.0,5848.0,1240.0,36299330.0,81899
2023-05-10 21:06:31,v2401,v2401,5853.0,0.0,0.0,0.0,68,5850.0,5852.0,58,5849.0,5850.0,5863.0,5848.0,1240.0,36299330.0,81899
2023-05-10 21:06:32,v2401,v2401,5853.0,0.0,0.0,0.0,69,5850.0,5852.0,58,5849.0,5850.0,5863.0,5848.0,1240.0,36299330.0,81899
2023-05-10 21:06:33,v2401,v2401,5853.0,5.0,146325.0,5.0,69,5850.0,5853.0,12,5849.0,5850.0,5863.0,5848.0,1245.0,36445655.0,81904
2023-05-10 21:06:33,v2401,v2401,5853.0,0.0,0.0,0.0,69,5850.0,5852.0,54,5849.0,5850.0,5863.0,5848.0,1245.0,36445655.0,81904
2023-05-10 21:06:35,v2401,v2401,5853.0,0.0,0.0,0.0,20,5850.0,5852.0,1,5849.0,5850.0,5863.0,5848.0,1245.0,36445655.0,81904
2023-05-10 21:06:36,v2401,v2401,5853.0,0.0,0.0,0.0,18,5850.0,5852.0,11,5849.0,5850.0,5863.0,5848.0,1245.0,36445655.0,81904
2023-05-10 21:06:36,v2401,v2401,5850.0,18.0,526500.0,7.0,4,5849.0,5851.0,1,5849.0,5850.0,5863.0,5848.0,1263.0,36972155.0,81911
2023-05-10 21:06:37,v2401,v2401,5850.0,0.0,0.0,0.0,15,5849.0,5851.0,45,5849.0,5850.0,5863.0,5848.0,1263.0,36972155.0,81911
2023-05-10 21:06:37,v2401,v2401,5850.0,0.0,0.0,0.0,51,5849.0,5851.0,45,5849.0,5850.0,5863.0,5848.0,1263.0,36972155.0,81911
2023-05-10 21:06:38,v2401,v2401,5850.0,0.0,0.0,0.0,45,5849.0,5851.0,45,5849.0,5850.0,5863.0,5848.0,1263.0,36972155.0,81911
2023-05-10 21:06:38,v2401,v2401,5850.0,0.0,0.0,0.0,35,5849.0,5851.0,45,5849.0,5850.0,5863.0,5848.0,1263.0,36972155.0,81911
2023-05-10 21:06:39,v2401,v2401,5850.0,0.0,0.0,0.0,36,5849.0,5851.0,45,5849.0,5850.0,5863.0,5848.0,1263.0,36972155.0,81911
2023-05-10 21:06:40,v2401,v2401,5850.0,0.0,0.0,0.0,8,5849.0,5851.0,45,5849.0,5850.0,5863.0,5848.0,1263.0,36972155.0,81911
2023-05-10 21:06:40,v2401,v2401,5850.0,0.0,0.0,0.0,1,5849.0,5850.0,37,5849.0,5850.0,5863.0,5848.0,1263.0,36972155.0,81911
2023-05-10 21:06:41,v2401,v2401,5850.0,0.0,0.0,0.0,55,5849.0,5851.0,45,5849.0,5850.0,5863.0,5848.0,1263.0,36972155.0,81911
2023-05-10 21:06:41,v2401,v2401,5850.0,0.0,0.0,0.0,59,5849.0,5851.0,45,5849.0,5850.0,5863.0,5848.0,1263.0,36972155.0,81911
2023-05-10 21:06:42,v2401,v2401,5850.0,0.0,0.0,0.0,56,5849.0,5851.0,46,5849.0,5850.0,5863.0,5848.0,1263.0,36972155.0,81911
2023-05-10 21:06:42,v2401,v2401,5850.0,0.0,0.0,0.0,64,5849.0,5851.0,46,5849.0,5850.0,5863.0,5848.0,1263.0,36972155.0,81911
2023-05-10 21:06:43,v2401,v2401,5850.0,0.0,0.0,0.0,57,5849.0,5851.0,46,5849.0,5850.0,5863.0,5848.0,1263.0,36972155.0,81911
2023-05-10 21:06:43,v2401,v2401,5850.0,0.0,0.0,0.0,42,5849.0,5851.0,46,5849.0,5850.0,5863.0,5848.0,1263.0,36972155.0,81911
2023-05-10 21:06:44,v2401,v2401,5850.0,0.0,0.0,0.0,34,5849.0,5851.0,46,5849.0,5850.0,5863.0,5848.0,1263.0,36972155.0,81911
2023-05-10 21:06:45,v2401,v2401,5850.0,0.0,0.0,0.0,2,5849.0,5851.0,10,5849.0,5850.0,5863.0,5848.0,1263.0,36972155.0,81911
2023-05-10 21:06:45,v2401,v2401,5850.0,0.0,0.0,0.0,81,5849.0,5851.0,29,5849.0,5850.0,5863.0,5848.0,1263.0,36972155.0,81911
2023-05-10 21:06:46,v2401,v2401,5850.0,0.0,0.0,0.0,76,5849.0,5851.0,46,5849.0,5850.0,5863.0,5848.0,1263.0,36972155.0,81911
2023-05-10 21:06:46,v2401,v2401,5850.0,0.0,0.0,0.0,74,5849.0,5851.0,46,5849.0,5850.0,5863.0,5848.0,1263.0,36972155.0,81911
2023-05-10 21:06:47,v2401,v2401,5850.0,0.0,0.0,0.0,9,5849.0,5851.0,10,5849.0,5850.0,5863.0,5848.0,1263.0,36972155.0,81911
2023-05-10 21:06:48,v2401,v2401,5850.0,0.0,0.0,0.0,70,5850.0,5851.0,9,5849.0,5850.0,5863.0,5848.0,1263.0,36972155.0,81911
2023-05-10 21:06:48,v2401,v2401,5851.0,1.0,29255.0,-1.0,4,5850.0,5852.0,11,5849.0,5850.0,5863.0,5848.0,1264.0,37001410.0,81910
2023-05-10 21:06:49,v2401,v2401,5851.0,0.0,0.0,0.0,40,5851.0,5852.0,10,5849.0,5850.0,5863.0,5848.0,1264.0,37001410.0,81910
2023-05-10 21:06:49,v2401,v2401,5851.0,0.0,0.0,0.0,43,5851.0,5852.0,8,5849.0,5850.0,5863.0,5848.0,1264.0,37001410.0,81910
2023-05-10 21:06:50,v2401,v2401,5852.0,1.0,29260.0,1.0,43,5851.0,5852.0,7,5849.0,5850.0,5863.0,5848.0,1265.0,37030670.0,81911
2023-05-10 21:06:50,v2401,v2401,5852.0,0.0,0.0,0.0,41,5851.0,5852.0,7,5849.0,5850.0,5863.0,5848.0,1265.0,37030670.0,81911
2023-05-10 21:06:51,v2401,v2401,5852.0,0.0,0.0,0.0,40,5851.0,5852.0,7,5849.0,5850.0,5863.0,5848.0,1265.0,37030670.0,81911
2023-05-10 21:06:52,v2401,v2401,5852.0,0.0,0.0,0.0,39,5851.0,5852.0,7,5849.0,5850.0,5863.0,5848.0,1265.0,37030670.0,81911
2023-05-10 21:06:52,v2401,v2401,5852.0,0.0,0.0,0.0,46,5851.0,5852.0,7,5849.0,5850.0,5863.0,5848.0,1265.0,37030670.0,81911
2023-05-10 21:06:53,v2401,v2401,5852.0,0.0,0.0,0.0,41,5851.0,5852.0,7,5849.0,5850.0,5863.0,5848.0,1265.0,37030670.0,81911
2023-05-10 21:06:53,v2401,v2401,5852.0,0.0,0.0,0.0,40,5851.0,5852.0,7,5849.0,5850.0,5863.0,5848.0,1265.0,37030670.0,81911
2023-05-10 21:06:54,v2401,v2401,5852.0,0.0,0.0,0.0,36,5851.0,5852.0,7,5849.0,5850.0,5863.0,5848.0,1265.0,37030670.0,81911
2023-05-10 21:06:55,v2401,v2401,5852.0,0.0,0.0,0.0,1,5851.0,5852.0,7,5849.0,5850.0,5863.0,5848.0,1265.0,37030670.0,81911
2023-05-10 21:06:55,v2401,v2401,5852.0,0.0,0.0,0.0,11,5851.0,5852.0,7,5849.0,5850.0,5863.0,5848.0,1265.0,37030670.0,81911
2023-05-10 21:06:56,v2401,v2401,5852.0,0.0,0.0,0.0,69,5851.0,5853.0,60,5849.0,5850.0,5863.0,5848.0,1265.0,37030670.0,81911
2023-05-10 21:06:56,v2401,v2401,5852.0,0.0,0.0,0.0,71,5851.0,5853.0,67,5849.0,5850.0,5863.0,5848.0,1265.0,37030670.0,81911
2023-05-10 21:06:57,v2401,v2401,5852.0,0.0,0.0,0.0,62,5851.0,5853.0,68,5849.0,5850.0,5863.0,5848.0,1265.0,37030670.0,81911
2023-05-10 21:06:57,v2401,v2401,5852.0,0.0,0.0,0.0,2,5852.0,5853.0,73,5849.0,5850.0,5863.0,5848.0,1265.0,37030670.0,81911
2023-05-10 21:06:58,v2401,v2401,5852.0,0.0,0.0,0.0,2,5852.0,5853.0,78,5849.0,5850.0,5863.0,5848.0,1265.0,37030670.0,81911
2023-05-10 21:06:58,v2401,v2401,5852.0,0.0,0.0,0.0,2,5852.0,5853.0,68,5849.0,5850.0,5863.0,5848.0,1265.0,37030670.0,81911
2023-05-10 21:07:01,v2401,v2401,5852.0,2.0,58520.0,2.0,1,5851.0,5852.0,25,5849.0,5850.0,5863.0,5848.0,1267.0,37089190.0,81913
2023-05-10 21:07:01,v2401,v2401,5852.0,0.0,0.0,0.0,76,5850.0,5852.0,36,5849.0,5850.0,5863.0,5848.0,1267.0,37089190.0,81913
2023-05-10 21:07:02,v2401,v2401,5852.0,0.0,0.0,0.0,76,5850.0,5852.0,42,5849.0,5850.0,5863.0,5848.0,1267.0,37089190.0,81913
2023-05-10 21:07:02,v2401,v2401,5852.0,0.0,0.0,0.0,7,5850.0,5852.0,1,5849.0,5850.0,5863.0,5848.0,1267.0,37089190.0,81913
2023-05-10 21:07:03,v2401,v2401,5852.0,0.0,0.0,0.0,70,5851.0,5853.0,69,5849.0,5850.0,5863.0,5848.0,1267.0,37089190.0,81913
2023-05-10 21:07:03,v2401,v2401,5852.0,0.0,0.0,0.0,71,5851.0,5853.0,67,5849.0,5850.0,5863.0,5848.0,1267.0,37089190.0,81913
2023-05-10 21:07:04,v2401,v2401,5852.0,0.0,0.0,0.0,2,5851.0,5853.0,13,5849.0,5850.0,5863.0,5848.0,1267.0,37089190.0,81913
2023-05-10 21:07:04,v2401,v2401,5852.0,0.0,0.0,0.0,72,5852.0,5853.0,12,5849.0,5850.0,5863.0,5848.0,1267.0,37089190.0,81913
2023-05-10 21:07:05,v2401,v2401,5852.0,0.0,0.0,0.0,4,5852.0,5853.0,23,5849.0,5850.0,5863.0,5848.0,1267.0,37089190.0,81913
2023-05-10 21:07:05,v2401,v2401,5852.0,0.0,0.0,0.0,2,5852.0,5853.0,40,5849.0,5850.0,5863.0,5848.0,1267.0,37089190.0,81913
2023-05-10 21:07:06,v2401,v2401,5852.0,0.0,0.0,0.0,2,5852.0,5853.0,38,5849.0,5850.0,5863.0,5848.0,1267.0,37089190.0,81913
2023-05-10 21:07:06,v2401,v2401,5852.0,0.0,0.0,0.0,2,5852.0,5853.0,41,5849.0,5850.0,5863.0,5848.0,1267.0,37089190.0,81913
2023-05-10 21:07:07,v2401,v2401,5852.0,0.0,0.0,0.0,2,5852.0,5853.0,43,5849.0,5850.0,5863.0,5848.0,1267.0,37089190.0,81913
2023-05-10 21:07:07,v2401,v2401,5852.0,0.0,0.0,0.0,2,5852.0,5853.0,47,5849.0,5850.0,5863.0,5848.0,1267.0,37089190.0,81913
2023-05-10 21:07:08,v2401,v2401,5852.0,0.0,0.0,0.0,2,5852.0,5853.0,49,5849.0,5850.0,5863.0,5848.0,1267.0,37089190.0,81913
2023-05-10 21:07:08,v2401,v2401,5853.0,1.0,29265.0,1.0,37,5852.0,5853.0,5,5849.0,5850.0,5863.0,5848.0,1268.0,37118455.0,81914
2023-05-10 21:07:09,v2401,v2401,5853.0,5.0,146325.0,-2.0,60,5852.0,5854.0,62,5849.0,5850.0,5863.0,5848.0,1273.0,37264780.0,81912
2023-05-10 21:07:09,v2401,v2401,5853.0,0.0,0.0,0.0,74,5852.0,5854.0,62,5849.0,5850.0,5863.0,5848.0,1273.0,37264780.0,81912
2023-05-10 21:07:10,v2401,v2401,5853.0,0.0,0.0,0.0,72,5852.0,5854.0,62,5849.0,5850.0,5863.0,5848.0,1273.0,37264780.0,81912
2023-05-10 21:07:12,v2401,v2401,5853.0,0.0,0.0,0.0,67,5852.0,5854.0,62,5849.0,5850.0,5863.0,5848.0,1273.0,37264780.0,81912
2023-05-10 21:07:12,v2401,v2401,5853.0,0.0,0.0,0.0,68,5852.0,5854.0,62,5849.0,5850.0,5863.0,5848.0,1273.0,37264780.0,81912
2023-05-10 21:07:14,v2401,v2401,5853.0,0.0,0.0,0.0,65,5852.0,5854.0,62,5849.0,5850.0,5863.0,5848.0,1273.0,37264780.0,81912
2023-05-10 21:07:14,v2401,v2401,5853.0,0.0,0.0,0.0,68,5852.0,5854.0,62,5849.0,5850.0,5863.0,5848.0,1273.0,37264780.0,81912
2023-05-10 21:07:15,v2401,v2401,5853.0,0.0,0.0,0.0,4,5852.0,5854.0,8,5849.0,5850.0,5863.0,5848.0,1273.0,37264780.0,81912
2023-05-10 21:07:15,v2401,v2401,5854.0,7.0,204890.0,5.0,44,5853.0,5855.0,67,5849.0,5850.0,5863.0,5848.0,1280.0,37469670.0,81917
2023-05-10 21:07:16,v2401,v2401,5854.0,0.0,0.0,0.0,41,5853.0,5855.0,67,5849.0,5850.0,5863.0,5848.0,1280.0,37469670.0,81917
2023-05-10 21:07:16,v2401,v2401,5854.0,0.0,0.0,0.0,25,5853.0,5855.0,67,5849.0,5850.0,5863.0,5848.0,1280.0,37469670.0,81917
2023-05-10 21:07:17,v2401,v2401,5854.0,0.0,0.0,0.0,30,5853.0,5855.0,67,5849.0,5850.0,5863.0,5848.0,1280.0,37469670.0,81917
2023-05-10 21:07:17,v2401,v2401,5854.0,0.0,0.0,0.0,27,5853.0,5855.0,67,5849.0,5850.0,5863.0,5848.0,1280.0,37469670.0,81917
2023-05-10 21:07:18,v2401,v2401,5854.0,0.0,0.0,0.0,6,5853.0,5855.0,13,5849.0,5850.0,5863.0,5848.0,1280.0,37469670.0,81917
2023-05-10 21:07:19,v2401,v2401,5854.0,0.0,0.0,0.0,46,5853.0,5855.0,67,5849.0,5850.0,5863.0,5848.0,1280.0,37469670.0,81917
2023-05-10 21:07:19,v2401,v2401,5855.0,5.0,146375.0,5.0,50,5853.0,5855.0,63,5849.0,5850.0,5863.0,5848.0,1285.0,37616045.0,81922
2023-05-10 21:07:20,v2401,v2401,5855.0,0.0,0.0,0.0,65,5853.0,5855.0,63,5849.0,5850.0,5863.0,5848.0,1285.0,37616045.0,81922
2023-05-10 21:07:20,v2401,v2401,5855.0,0.0,0.0,0.0,61,5853.0,5855.0,63,5849.0,5850.0,5863.0,5848.0,1285.0,37616045.0,81922
2023-05-10 21:07:21,v2401,v2401,5855.0,0.0,0.0,0.0,62,5853.0,5855.0,63,5849.0,5850.0,5863.0,5848.0,1285.0,37616045.0,81922
2023-05-10 21:07:22,v2401,v2401,5855.0,0.0,0.0,0.0,61,5853.0,5855.0,63,5849.0,5850.0,5863.0,5848.0,1285.0,37616045.0,81922
2023-05-10 21:07:23,v2401,v2401,5855.0,0.0,0.0,0.0,65,5853.0,5855.0,63,5849.0,5850.0,5863.0,5848.0,1285.0,37616045.0,81922
2023-05-10 21:07:23,v2401,v2401,5855.0,0.0,0.0,0.0,1,5854.0,5855.0,63,5849.0,5850.0,5863.0,5848.0,1285.0,37616045.0,81922
2023-05-10 21:07:24,v2401,v2401,5855.0,0.0,0.0,0.0,2,5854.0,5855.0,63,5849.0,5850.0,5863.0,5848.0,1285.0,37616045.0,81922
2023-05-10 21:07:25,v2401,v2401,5855.0,0.0,0.0,0.0,2,5854.0,5855.0,62,5849.0,5850.0,5863.0,5848.0,1285.0,37616045.0,81922
2023-05-10 21:07:26,v2401,v2401,5855.0,0.0,0.0,0.0,2,5854.0,5855.0,63,5849.0,5850.0,5863.0,5848.0,1285.0,37616045.0,81922
2023-05-10 21:07:27,v2401,v2401,5855.0,0.0,0.0,0.0,2,5854.0,5855.0,54,5849.0,5850.0,5863.0,5848.0,1285.0,37616045.0,81922
2023-05-10 21:07:27,v2401,v2401,5855.0,0.0,0.0,0.0,2,5854.0,5855.0,51,5849.0,5850.0,5863.0,5848.0,1285.0,37616045.0,81922
2023-05-10 21:07:28,v2401,v2401,5855.0,0.0,0.0,0.0,2,5854.0,5855.0,50,5849.0,5850.0,5863.0,5848.0,1285.0,37616045.0,81922
2023-05-10 21:07:28,v2401,v2401,5855.0,0.0,0.0,0.0,2,5854.0,5855.0,56,5849.0,5850.0,5863.0,5848.0,1285.0,37616045.0,81922
2023-05-10 21:07:29,v2401,v2401,5855.0,0.0,0.0,0.0,2,5854.0,5855.0,53,5849.0,5850.0,5863.0,5848.0,1285.0,37616045.0,81922
2023-05-10 21:07:30,v2401,v2401,5855.0,0.0,0.0,0.0,2,5854.0,5855.0,42,5849.0,5850.0,5863.0,5848.0,1285.0,37616045.0,81922
2023-05-10 21:07:30,v2401,v2401,5855.0,0.0,0.0,0.0,2,5854.0,5855.0,52,5849.0,5850.0,5863.0,5848.0,1285.0,37616045.0,81922
2023-05-10 21:07:31,v2401,v2401,5855.0,1.0,29275.0,1.0,1,5854.0,5855.0,52,5849.0,5850.0,5863.0,5848.0,1286.0,37645320.0,81923
2023-05-10 21:07:31,v2401,v2401,5855.0,0.0,0.0,0.0,1,5854.0,5855.0,36,5849.0,5850.0,5863.0,5848.0,1286.0,37645320.0,81923
2023-05-10 21:07:32,v2401,v2401,5855.0,0.0,0.0,0.0,2,5854.0,5855.0,22,5849.0,5850.0,5863.0,5848.0,1286.0,37645320.0,81923
2023-05-10 21:07:32,v2401,v2401,5855.0,0.0,0.0,0.0,2,5854.0,5855.0,16,5849.0,5850.0,5863.0,5848.0,1286.0,37645320.0,81923
2023-05-10 21:07:33,v2401,v2401,5855.0,0.0,0.0,0.0,2,5854.0,5855.0,25,5849.0,5850.0,5863.0,5848.0,1286.0,37645320.0,81923
2023-05-10 21:07:33,v2401,v2401,5855.0,0.0,0.0,0.0,2,5854.0,5855.0,59,5849.0,5850.0,5863.0,5848.0,1286.0,37645320.0,81923
2023-05-10 21:07:34,v2401,v2401,5855.0,0.0,0.0,0.0,2,5854.0,5855.0,62,5849.0,5850.0,5863.0,5848.0,1286.0,37645320.0,81923
2023-05-10 21:07:34,v2401,v2401,5855.0,0.0,0.0,0.0,2,5854.0,5855.0,55,5849.0,5850.0,5863.0,5848.0,1286.0,37645320.0,81923
2023-05-10 21:07:35,v2401,v2401,5854.0,1.0,29270.0,0.0,1,5854.0,5855.0,53,5849.0,5850.0,5863.0,5848.0,1287.0,37674590.0,81923
2023-05-10 21:07:35,v2401,v2401,5854.0,0.0,0.0,0.0,75,5853.0,5855.0,60,5849.0,5850.0,5863.0,5848.0,1287.0,37674590.0,81923
2023-05-10 21:07:36,v2401,v2401,5854.0,0.0,0.0,0.0,75,5853.0,5855.0,50,5849.0,5850.0,5863.0,5848.0,1287.0,37674590.0,81923
2023-05-10 21:07:36,v2401,v2401,5854.0,0.0,0.0,0.0,76,5853.0,5855.0,52,5849.0,5850.0,5863.0,5848.0,1287.0,37674590.0,81923
2023-05-10 21:07:37,v2401,v2401,5854.0,0.0,0.0,0.0,76,5853.0,5855.0,58,5849.0,5850.0,5863.0,5848.0,1287.0,37674590.0,81923
2023-05-10 21:07:37,v2401,v2401,5854.0,0.0,0.0,0.0,76,5853.0,5855.0,63,5849.0,5850.0,5863.0,5848.0,1287.0,37674590.0,81923
2023-05-10 21:07:39,v2401,v2401,5854.0,0.0,0.0,0.0,76,5853.0,5855.0,59,5849.0,5850.0,5863.0,5848.0,1287.0,37674590.0,81923
2023-05-10 21:07:40,v2401,v2401,5853.0,1.0,29265.0,0.0,75,5853.0,5855.0,62,5849.0,5850.0,5863.0,5848.0,1288.0,37703855.0,81923
2023-05-10 21:07:41,v2401,v2401,5853.0,0.0,0.0,0.0,76,5853.0,5855.0,60,5849.0,5850.0,5863.0,5848.0,1288.0,37703855.0,81923
2023-05-10 21:07:41,v2401,v2401,5853.0,0.0,0.0,0.0,19,5853.0,5855.0,9,5849.0,5850.0,5863.0,5848.0,1288.0,37703855.0,81923
2023-05-10 21:07:42,v2401,v2401,5853.0,0.0,0.0,0.0,70,5854.0,5855.0,8,5849.0,5850.0,5863.0,5848.0,1288.0,37703855.0,81923
2023-05-10 21:07:42,v2401,v2401,5853.0,0.0,0.0,0.0,71,5854.0,5855.0,8,5849.0,5850.0,5863.0,5848.0,1288.0,37703855.0,81923
2023-05-10 21:07:43,v2401,v2401,5855.0,1.0,29275.0,0.0,71,5854.0,5855.0,7,5849.0,5850.0,5863.0,5848.0,1289.0,37733130.0,81923
2023-05-10 21:07:44,v2401,v2401,5855.0,7.0,204925.0,-3.0,71,5854.0,5856.0,77,5849.0,5850.0,5863.0,5848.0,1296.0,37938055.0,81920
2023-05-10 21:07:47,v2401,v2401,5855.0,0.0,0.0,0.0,70,5855.0,5856.0,23,5849.0,5850.0,5863.0,5848.0,1296.0,37938055.0,81920
2023-05-10 21:07:48,v2401,v2401,5856.0,3.0,87840.0,0.0,71,5855.0,5856.0,14,5849.0,5850.0,5863.0,5848.0,1299.0,38025895.0,81920
2023-05-10 21:07:53,v2401,v2401,5856.0,14.0,409920.0,-13.0,2,5855.0,5857.0,1,5849.0,5850.0,5863.0,5848.0,1313.0,38435815.0,81907
2023-05-10 21:07:54,v2401,v2401,5856.0,0.0,0.0,0.0,72,5855.0,5857.0,61,5849.0,5850.0,5863.0,5848.0,1313.0,38435815.0,81907
2023-05-10 21:07:54,v2401,v2401,5856.0,0.0,0.0,0.0,12,5855.0,5857.0,10,5849.0,5850.0,5863.0,5848.0,1313.0,38435815.0,81907
2023-05-10 21:07:55,v2401,v2401,5856.0,0.0,0.0,0.0,10,5855.0,5856.0,17,5849.0,5850.0,5863.0,5848.0,1313.0,38435815.0,81907
2023-05-10 21:07:55,v2401,v2401,5856.0,0.0,0.0,0.0,11,5855.0,5857.0,10,5849.0,5850.0,5863.0,5848.0,1313.0,38435815.0,81907
2023-05-10 21:07:57,v2401,v2401,5856.0,0.0,0.0,0.0,11,5855.0,5857.0,11,5849.0,5850.0,5863.0,5848.0,1313.0,38435815.0,81907
2023-05-10 21:07:57,v2401,v2401,5856.0,0.0,0.0,0.0,66,5855.0,5857.0,69,5849.0,5850.0,5863.0,5848.0,1313.0,38435815.0,81907
2023-05-10 21:07:58,v2401,v2401,5856.0,0.0,0.0,0.0,12,5855.0,5857.0,11,5849.0,5850.0,5863.0,5848.0,1313.0,38435815.0,81907
2023-05-10 21:07:58,v2401,v2401,5856.0,0.0,0.0,0.0,11,5855.0,5857.0,16,5849.0,5850.0,5863.0,5848.0,1313.0,38435815.0,81907
2023-05-10 21:08:00,v2401,v2401,5856.0,0.0,0.0,0.0,66,5855.0,5857.0,74,5849.0,5850.0,5863.0,5848.0,1313.0,38435815.0,81907
2023-05-10 21:08:01,v2401,v2401,5856.0,0.0,0.0,0.0,67,5855.0,5857.0,74,5849.0,5850.0,5863.0,5848.0,1313.0,38435815.0,81907
2023-05-10 21:08:02,v2401,v2401,5856.0,0.0,0.0,0.0,71,5855.0,5857.0,74,5849.0,5850.0,5863.0,5848.0,1313.0,38435815.0,81907
2023-05-10 21:08:05,v2401,v2401,5856.0,0.0,0.0,0.0,58,5856.0,5857.0,15,5849.0,5850.0,5863.0,5848.0,1313.0,38435815.0,81907
2023-05-10 21:08:09,v2401,v2401,5856.0,0.0,0.0,0.0,3,5856.0,5857.0,48,5849.0,5850.0,5863.0,5848.0,1313.0,38435815.0,81907
2023-05-10 21:08:10,v2401,v2401,5856.0,3.0,87840.0,0.0,39,5856.0,5857.0,15,5849.0,5850.0,5863.0,5848.0,1316.0,38523655.0,81907
2023-05-10 21:08:10,v2401,v2401,5856.0,0.0,0.0,0.0,72,5855.0,5857.0,74,5849.0,5850.0,5863.0,5848.0,1316.0,38523655.0,81907
2023-05-10 21:08:11,v2401,v2401,5856.0,0.0,0.0,0.0,73,5855.0,5857.0,74,5849.0,5850.0,5863.0,5848.0,1316.0,38523655.0,81907
2023-05-10 21:08:13,v2401,v2401,5855.0,3.0,87825.0,-2.0,6,5855.0,5856.0,61,5849.0,5850.0,5863.0,5848.0,1319.0,38611480.0,81905
2023-05-10 21:08:13,v2401,v2401,5855.0,6.0,175650.0,-5.0,56,5854.0,5856.0,61,5849.0,5850.0,5863.0,5848.0,1325.0,38787130.0,81900
2023-05-10 21:08:15,v2401,v2401,5854.0,1.0,29270.0,0.0,76,5853.0,5856.0,3,5849.0,5850.0,5863.0,5848.0,1326.0,38816400.0,81900
2023-05-10 21:08:15,v2401,v2401,5854.0,0.0,0.0,0.0,61,5853.0,5855.0,43,5849.0,5850.0,5863.0,5848.0,1326.0,38816400.0,81900
2023-05-10 21:08:16,v2401,v2401,5854.0,0.0,0.0,0.0,18,5853.0,5856.0,69,5849.0,5850.0,5863.0,5848.0,1326.0,38816400.0,81900
2023-05-10 21:08:16,v2401,v2401,5854.0,0.0,0.0,0.0,21,5853.0,5856.0,69,5849.0,5850.0,5863.0,5848.0,1326.0,38816400.0,81900
2023-05-10 21:08:18,v2401,v2401,5854.0,0.0,0.0,0.0,21,5853.0,5855.0,1,5849.0,5850.0,5863.0,5848.0,1326.0,38816400.0,81900
2023-05-10 21:08:18,v2401,v2401,5854.0,0.0,0.0,0.0,23,5853.0,5855.0,9,5849.0,5850.0,5863.0,5848.0,1326.0,38816400.0,81900
2023-05-10 21:08:19,v2401,v2401,5854.0,0.0,0.0,0.0,22,5853.0,5855.0,9,5849.0,5850.0,5863.0,5848.0,1326.0,38816400.0,81900
2023-05-10 21:08:20,v2401,v2401,5854.0,0.0,0.0,0.0,77,5853.0,5855.0,17,5849.0,5850.0,5863.0,5848.0,1326.0,38816400.0,81900
2023-05-10 21:08:21,v2401,v2401,5854.0,0.0,0.0,0.0,18,5853.0,5855.0,9,5849.0,5850.0,5863.0,5848.0,1326.0,38816400.0,81900
2023-05-10 21:08:21,v2401,v2401,5854.0,0.0,0.0,0.0,23,5853.0,5855.0,9,5849.0,5850.0,5863.0,5848.0,1326.0,38816400.0,81900
2023-05-10 21:08:24,v2401,v2401,5854.0,1.0,29270.0,-1.0,23,5853.0,5855.0,9,5849.0,5850.0,5863.0,5848.0,1327.0,38845670.0,81899
2023-05-10 21:08:26,v2401,v2401,5854.0,0.0,0.0,0.0,55,5853.0,5855.0,9,5849.0,5850.0,5863.0,5848.0,1327.0,38845670.0,81899
2023-05-10 21:08:26,v2401,v2401,5854.0,0.0,0.0,0.0,62,5853.0,5855.0,43,5849.0,5850.0,5863.0,5848.0,1327.0,38845670.0,81899
2023-05-10 21:08:27,v2401,v2401,5854.0,0.0,0.0,0.0,50,5853.0,5855.0,48,5849.0,5850.0,5863.0,5848.0,1327.0,38845670.0,81899
2023-05-10 21:08:27,v2401,v2401,5854.0,0.0,0.0,0.0,50,5853.0,5855.0,49,5849.0,5850.0,5863.0,5848.0,1327.0,38845670.0,81899
2023-05-10 21:08:28,v2401,v2401,5854.0,0.0,0.0,0.0,50,5853.0,5855.0,52,5849.0,5850.0,5863.0,5848.0,1327.0,38845670.0,81899
2023-05-10 21:08:28,v2401,v2401,5854.0,0.0,0.0,0.0,50,5853.0,5855.0,68,5849.0,5850.0,5863.0,5848.0,1327.0,38845670.0,81899
2023-05-10 21:08:29,v2401,v2401,5854.0,0.0,0.0,0.0,50,5853.0,5855.0,76,5849.0,5850.0,5863.0,5848.0,1327.0,38845670.0,81899
2023-05-10 21:08:29,v2401,v2401,5854.0,0.0,0.0,0.0,50,5853.0,5854.0,2,5849.0,5850.0,5863.0,5848.0,1327.0,38845670.0,81899
2023-05-10 21:08:30,v2401,v2401,5854.0,2.0,58540.0,0.0,60,5853.0,5855.0,44,5849.0,5850.0,5863.0,5848.0,1329.0,38904210.0,81899
2023-05-10 21:08:30,v2401,v2401,5854.0,0.0,0.0,0.0,48,5853.0,5855.0,60,5849.0,5850.0,5863.0,5848.0,1329.0,38904210.0,81899
2023-05-10 21:08:31,v2401,v2401,5854.0,0.0,0.0,0.0,48,5853.0,5855.0,58,5849.0,5850.0,5863.0,5848.0,1329.0,38904210.0,81899
2023-05-10 21:08:31,v2401,v2401,5854.0,0.0,0.0,0.0,48,5853.0,5855.0,55,5849.0,5850.0,5863.0,5848.0,1329.0,38904210.0,81899
2023-05-10 21:08:32,v2401,v2401,5854.0,0.0,0.0,0.0,48,5853.0,5855.0,57,5849.0,5850.0,5863.0,5848.0,1329.0,38904210.0,81899
2023-05-10 21:08:32,v2401,v2401,5854.0,0.0,0.0,0.0,48,5853.0,5855.0,61,5849.0,5850.0,5863.0,5848.0,1329.0,38904210.0,81899
2023-05-10 21:08:33,v2401,v2401,5854.0,0.0,0.0,0.0,4,5853.0,5854.0,38,5849.0,5850.0,5863.0,5848.0,1329.0,38904210.0,81899
2023-05-10 21:08:33,v2401,v2401,5853.0,4.0,117060.0,1.0,46,5852.0,5854.0,38,5849.0,5850.0,5863.0,5848.0,1333.0,39021270.0,81900
2023-05-10 21:08:34,v2401,v2401,5853.0,0.0,0.0,0.0,46,5852.0,5854.0,40,5849.0,5850.0,5863.0,5848.0,1333.0,39021270.0,81900
2023-05-10 21:08:34,v2401,v2401,5853.0,0.0,0.0,0.0,44,5852.0,5854.0,50,5849.0,5850.0,5863.0,5848.0,1333.0,39021270.0,81900
2023-05-10 21:08:35,v2401,v2401,5853.0,0.0,0.0,0.0,44,5852.0,5854.0,48,5849.0,5850.0,5863.0,5848.0,1333.0,39021270.0,81900
2023-05-10 21:08:35,v2401,v2401,5853.0,0.0,0.0,0.0,44,5852.0,5854.0,50,5849.0,5850.0,5863.0,5848.0,1333.0,39021270.0,81900
2023-05-10 21:08:36,v2401,v2401,5853.0,0.0,0.0,0.0,44,5852.0,5854.0,52,5849.0,5850.0,5863.0,5848.0,1333.0,39021270.0,81900
2023-05-10 21:08:36,v2401,v2401,5853.0,0.0,0.0,0.0,44,5852.0,5854.0,58,5849.0,5850.0,5863.0,5848.0,1333.0,39021270.0,81900
2023-05-10 21:08:37,v2401,v2401,5853.0,0.0,0.0,0.0,42,5852.0,5854.0,60,5849.0,5850.0,5863.0,5848.0,1333.0,39021270.0,81900
2023-05-10 21:08:37,v2401,v2401,5853.0,0.0,0.0,0.0,42,5852.0,5854.0,61,5849.0,5850.0,5863.0,5848.0,1333.0,39021270.0,81900
2023-05-10 21:08:38,v2401,v2401,5853.0,0.0,0.0,0.0,42,5852.0,5854.0,50,5849.0,5850.0,5863.0,5848.0,1333.0,39021270.0,81900
2023-05-10 21:08:39,v2401,v2401,5853.0,0.0,0.0,0.0,12,5852.0,5854.0,1,5849.0,5850.0,5863.0,5848.0,1333.0,39021270.0,81900
2023-05-10 21:08:39,v2401,v2401,5853.0,0.0,0.0,0.0,34,5853.0,5854.0,8,5849.0,5850.0,5863.0,5848.0,1333.0,39021270.0,81900
2023-05-10 21:08:41,v2401,v2401,5854.0,8.0,234160.0,0.0,2,5853.0,5855.0,9,5849.0,5850.0,5863.0,5848.0,1341.0,39255430.0,81900
2023-05-10 21:08:41,v2401,v2401,5854.0,0.0,0.0,0.0,31,5854.0,5855.0,9,5849.0,5850.0,5863.0,5848.0,1341.0,39255430.0,81900
2023-05-10 21:08:42,v2401,v2401,5854.0,0.0,0.0,0.0,31,5854.0,5856.0,83,5849.0,5850.0,5863.0,5848.0,1341.0,39255430.0,81900
2023-05-10 21:08:42,v2401,v2401,5854.0,0.0,0.0,0.0,31,5854.0,5856.0,86,5849.0,5850.0,5863.0,5848.0,1341.0,39255430.0,81900
2023-05-10 21:08:43,v2401,v2401,5854.0,0.0,0.0,0.0,31,5854.0,5856.0,89,5849.0,5850.0,5863.0,5848.0,1341.0,39255430.0,81900
2023-05-10 21:08:43,v2401,v2401,5854.0,0.0,0.0,0.0,31,5854.0,5856.0,96,5849.0,5850.0,5863.0,5848.0,1341.0,39255430.0,81900
2023-05-10 21:08:44,v2401,v2401,5854.0,0.0,0.0,0.0,31,5854.0,5856.0,97,5849.0,5850.0,5863.0,5848.0,1341.0,39255430.0,81900
2023-05-10 21:08:45,v2401,v2401,5854.0,0.0,0.0,0.0,31,5854.0,5856.0,95,5849.0,5850.0,5863.0,5848.0,1341.0,39255430.0,81900
2023-05-10 21:08:46,v2401,v2401,5854.0,0.0,0.0,0.0,31,5854.0,5856.0,97,5849.0,5850.0,5863.0,5848.0,1341.0,39255430.0,81900
2023-05-10 21:08:47,v2401,v2401,5854.0,0.0,0.0,0.0,39,5853.0,5855.0,38,5849.0,5850.0,5863.0,5848.0,1341.0,39255430.0,81900
2023-05-10 21:08:48,v2401,v2401,5854.0,0.0,0.0,0.0,34,5853.0,5855.0,53,5849.0,5850.0,5863.0,5848.0,1341.0,39255430.0,81900
2023-05-10 21:08:49,v2401,v2401,5854.0,0.0,0.0,0.0,34,5853.0,5855.0,73,5849.0,5850.0,5863.0,5848.0,1341.0,39255430.0,81900
2023-05-10 21:08:49,v2401,v2401,5854.0,0.0,0.0,0.0,8,5853.0,5854.0,23,5849.0,5850.0,5863.0,5848.0,1341.0,39255430.0,81900
2023-05-10 21:08:50,v2401,v2401,5854.0,0.0,0.0,0.0,26,5852.0,5854.0,1,5849.0,5850.0,5863.0,5848.0,1341.0,39255430.0,81900
2023-05-10 21:08:50,v2401,v2401,5854.0,0.0,0.0,0.0,31,5852.0,5854.0,1,5849.0,5850.0,5863.0,5848.0,1341.0,39255430.0,81900
2023-05-10 21:08:54,v2401,v2401,5854.0,0.0,0.0,0.0,31,5852.0,5854.0,9,5849.0,5850.0,5863.0,5848.0,1341.0,39255430.0,81900
2023-05-10 21:09:06,v2401,v2401,5853.0,1.0,29265.0,-1.0,31,5852.0,5854.0,9,5849.0,5850.0,5863.0,5848.0,1342.0,39284695.0,81899
2023-05-10 21:09:11,v2401,v2401,5853.0,0.0,0.0,0.0,54,5852.0,5854.0,38,5849.0,5850.0,5863.0,5848.0,1342.0,39284695.0,81899
2023-05-10 21:09:12,v2401,v2401,5853.0,0.0,0.0,0.0,33,5852.0,5854.0,76,5849.0,5850.0,5863.0,5848.0,1342.0,39284695.0,81899
2023-05-10 21:09:12,v2401,v2401,5853.0,0.0,0.0,0.0,33,5852.0,5854.0,90,5849.0,5850.0,5863.0,5848.0,1342.0,39284695.0,81899
