time,symbol_id,symbol_name,last,trade_volume,trade_amount,open_interest_change,bv1,bp1,ap1,av1,yesterday_close,today_open,today_high,today_low,volume,amount,open_interest
2023-05-09 20:55:24,a2311-C-4850,a2311-C-4850,199.0,0.0,0.0,0.0,1,0.5,0.0,0,199.0,0.0,0.0,0.0,0.0,0.0,1
2023-05-09 21:02:55,a2311-C-4850,a2311-C-4850,199.0,0.0,0.0,0.0,2,1.0,0.0,0,199.0,0.0,0.0,0.0,0.0,0.0,1
2023-05-09 21:03:03,a2311-C-4850,a2311-C-4850,199.0,0.0,0.0,0.0,1,1.5,0.0,0,199.0,0.0,0.0,0.0,0.0,0.0,1
2023-05-09 21:05:43,a2311-C-4850,a2311-C-4850,199.0,0.0,0.0,0.0,2,1.5,0.0,0,199.0,0.0,0.0,0.0,0.0,0.0,1
2023-05-09 21:07:06,a2311-C-4850,a2311-C-4850,199.0,0.0,0.0,0.0,2,2.0,0.0,0,199.0,0.0,0.0,0.0,0.0,0.0,1
2023-05-09 21:08:23,a2311-C-4850,a2311-C-4850,199.0,0.0,0.0,0.0,1,2.5,0.0,0,199.0,0.0,0.0,0.0,0.0,0.0,1
2023-05-09 21:08:37,a2311-C-4850,a2311-C-4850,199.0,0.0,0.0,0.0,2,3.0,0.0,0,199.0,0.0,0.0,0.0,0.0,0.0,1
2023-05-09 21:12:35,a2311-C-4850,a2311-C-4850,199.0,0.0,0.0,0.0,1,6.0,0.0,0,199.0,0.0,0.0,0.0,0.0,0.0,1
2023-05-09 21:12:50,a2311-C-4850,a2311-C-4850,199.0,0.0,0.0,0.0,2,6.5,0.0,0,199.0,0.0,0.0,0.0,0.0,0.0,1
2023-05-09 21:33:03,a2311-C-4850,a2311-C-4850,199.0,0.0,0.0,0.0,1,7.0,0.0,0,199.0,0.0,0.0,0.0,0.0,0.0,1
2023-05-09 21:33:05,a2311-C-4850,a2311-C-4850,199.0,0.0,0.0,0.0,2,7.5,0.0,0,199.0,0.0,0.0,0.0,0.0,0.0,1
2023-05-09 22:04:15,a2311-C-4850,a2311-C-4850,199.0,0.0,0.0,0.0,1,8.0,0.0,0,199.0,0.0,0.0,0.0,0.0,0.0,1
2023-05-09 22:04:16,a2311-C-4850,a2311-C-4850,199.0,0.0,0.0,0.0,2,8.5,0.0,0,199.0,0.0,0.0,0.0,0.0,0.0,1
2023-05-09 22:36:27,a2311-C-4850,a2311-C-4850,199.0,0.0,0.0,0.0,1,9.0,0.0,0,199.0,0.0,0.0,0.0,0.0,0.0,1
2023-05-09 22:36:28,a2311-C-4850,a2311-C-4850,199.0,0.0,0.0,0.0,2,9.5,0.0,0,199.0,0.0,0.0,0.0,0.0,0.0,1
2023-05-09 22:57:16,a2311-C-4850,a2311-C-4850,199.0,0.0,0.0,0.0,1,9.0,0.0,0,199.0,0.0,0.0,0.0,0.0,0.0,1
2023-05-10 09:01:35,a2311-C-4850,a2311-C-4850,199.0,0.0,0.0,0.0,2,9.5,0.0,0,199.0,0.0,0.0,0.0,0.0,0.0,1
2023-05-10 09:01:43,a2311-C-4850,a2311-C-4850,199.0,0.0,0.0,0.0,1,10.0,0.0,0,199.0,0.0,0.0,0.0,0.0,0.0,1
2023-05-10 09:04:42,a2311-C-4850,a2311-C-4850,199.0,0.0,0.0,0.0,2,10.5,0.0,0,199.0,0.0,0.0,0.0,0.0,0.0,1
2023-05-10 09:35:27,a2311-C-4850,a2311-C-4850,199.0,0.0,0.0,0.0,1,11.0,0.0,0,199.0,0.0,0.0,0.0,0.0,0.0,1
2023-05-10 09:35:29,a2311-C-4850,a2311-C-4850,199.0,0.0,0.0,0.0,2,11.5,0.0,0,199.0,0.0,0.0,0.0,0.0,0.0,1
2023-05-10 10:06:42,a2311-C-4850,a2311-C-4850,199.0,0.0,0.0,0.0,1,12.0,0.0,0,199.0,0.0,0.0,0.0,0.0,0.0,1
2023-05-10 10:06:44,a2311-C-4850,a2311-C-4850,199.0,0.0,0.0,0.0,2,12.5,0.0,0,199.0,0.0,0.0,0.0,0.0,0.0,1
2023-05-10 10:12:12,a2311-C-4850,a2311-C-4850,199.0,0.0,0.0,0.0,1,12.0,0.0,0,199.0,0.0,0.0,0.0,0.0,0.0,1
2023-05-10 10:30:30,a2311-C-4850,a2311-C-4850,199.0,0.0,0.0,0.0,2,12.5,0.0,0,199.0,0.0,0.0,0.0,0.0,0.0,1
2023-05-10 10:44:06,a2311-C-4850,a2311-C-4850,199.0,0.0,0.0,0.0,1,13.0,0.0,0,199.0,0.0,0.0,0.0,0.0,0.0,1
2023-05-10 10:44:07,a2311-C-4850,a2311-C-4850,199.0,0.0,0.0,0.0,2,13.5,0.0,0,199.0,0.0,0.0,0.0,0.0,0.0,1
2023-05-10 11:19:24,a2311-C-4850,a2311-C-4850,199.0,0.0,0.0,0.0,1,14.0,0.0,0,199.0,0.0,0.0,0.0,0.0,0.0,1
2023-05-10 11:19:26,a2311-C-4850,a2311-C-4850,199.0,0.0,0.0,0.0,2,14.5,0.0,0,199.0,0.0,0.0,0.0,0.0,0.0,1
2023-05-10 11:27:11,a2311-C-4850,a2311-C-4850,199.0,0.0,0.0,0.0,1,14.0,0.0,0,199.0,0.0,0.0,0.0,0.0,0.0,1
2023-05-10 13:31:52,a2311-C-4850,a2311-C-4850,199.0,0.0,0.0,0.0,2,14.5,0.0,0,199.0,0.0,0.0,0.0,0.0,0.0,1
2023-05-10 13:45:19,a2311-C-4850,a2311-C-4850,199.0,0.0,0.0,0.0,1,144.0,165.5,1,199.0,0.0,0.0,0.0,0.0,0.0,1
2023-05-10 13:45:24,a2311-C-4850,a2311-C-4850,199.0,0.0,0.0,0.0,1,149.5,165.5,1,199.0,0.0,0.0,0.0,0.0,0.0,1
2023-05-10 13:45:25,a2311-C-4850,a2311-C-4850,199.0,0.0,0.0,0.0,2,149.5,165.5,2,199.0,0.0,0.0,0.0,0.0,0.0,1
2023-05-10 13:45:30,a2311-C-4850,a2311-C-4850,199.0,0.0,0.0,0.0,2,149.5,165.5,1,199.0,0.0,0.0,0.0,0.0,0.0,1
2023-05-10 13:45:35,a2311-C-4850,a2311-C-4850,199.0,0.0,0.0,0.0,1,149.5,165.5,1,199.0,0.0,0.0,0.0,0.0,0.0,1
2023-05-10 13:45:37,a2311-C-4850,a2311-C-4850,199.0,0.0,0.0,0.0,2,149.0,166.0,2,199.0,0.0,0.0,0.0,0.0,0.0,1
2023-05-10 13:45:38,a2311-C-4850,a2311-C-4850,199.0,0.0,0.0,0.0,1,149.0,166.0,1,199.0,0.0,0.0,0.0,0.0,0.0,1
2023-05-10 13:45:39,a2311-C-4850,a2311-C-4850,199.0,0.0,0.0,0.0,1,14.0,0.0,0,199.0,0.0,0.0,0.0,0.0,0.0,1
2023-05-10 13:45:39,a2311-C-4850,a2311-C-4850,199.0,0.0,0.0,0.0,2,20.5,0.0,0,199.0,0.0,0.0,0.0,0.0,0.0,1
2023-05-10 13:49:35,a2311-C-4850,a2311-C-4850,199.0,0.0,0.0,0.0,1,21.0,0.0,0,199.0,0.0,0.0,0.0,0.0,0.0,1
2023-05-10 13:49:36,a2311-C-4850,a2311-C-4850,199.0,0.0,0.0,0.0,2,21.5,0.0,0,199.0,0.0,0.0,0.0,0.0,0.0,1
2023-05-10 14:37:05,a2311-C-4850,a2311-C-4850,199.0,0.0,0.0,0.0,1,22.0,0.0,0,199.0,0.0,0.0,0.0,0.0,0.0,1
2023-05-10 14:37:07,a2311-C-4850,a2311-C-4850,199.0,0.0,0.0,0.0,2,22.5,0.0,0,199.0,0.0,0.0,0.0,0.0,0.0,1
2023-05-10 15:01:15,a2311-C-4850,a2311-C-4850,199.0,0.0,0.0,0.0,2,22.5,0.0,0,199.0,0.0,0.0,0.0,0.0,0.0,1
