time,symbol_id,symbol_name,last,trade_volume,trade_amount,open_interest_change,bv1,bp1,ap1,av1,yesterday_close,today_open,today_high,today_low,volume,amount,open_interest
2023-05-09 21:00:06,a2401-P-4950,a2401-P-4950,300.0,0.0,0.0,0.0,1,11.5,0.0,0,300.0,0.0,0.0,0.0,0.0,0.0,2
2023-05-09 21:00:39,a2401-P-4950,a2401-P-4950,300.0,0.0,0.0,0.0,1,71.0,0.0,0,300.0,0.0,0.0,0.0,0.0,0.0,2
2023-05-09 21:01:30,a2401-P-4950,a2401-P-4950,300.0,0.0,0.0,0.0,1,71.5,0.0,0,300.0,0.0,0.0,0.0,0.0,0.0,2
2023-05-09 21:03:08,a2401-P-4950,a2401-P-4950,300.0,0.0,0.0,0.0,1,72.0,0.0,0,300.0,0.0,0.0,0.0,0.0,0.0,2
2023-05-09 21:03:26,a2401-P-4950,a2401-P-4950,300.0,0.0,0.0,0.0,1,72.5,0.0,0,300.0,0.0,0.0,0.0,0.0,0.0,2
2023-05-09 21:33:08,a2401-P-4950,a2401-P-4950,300.0,0.0,0.0,0.0,1,73.0,0.0,0,300.0,0.0,0.0,0.0,0.0,0.0,2
2023-05-09 21:33:09,a2401-P-4950,a2401-P-4950,300.0,0.0,0.0,0.0,1,73.5,0.0,0,300.0,0.0,0.0,0.0,0.0,0.0,2
2023-05-09 22:06:56,a2401-P-4950,a2401-P-4950,300.0,0.0,0.0,0.0,1,74.0,0.0,0,300.0,0.0,0.0,0.0,0.0,0.0,2
2023-05-09 22:06:57,a2401-P-4950,a2401-P-4950,300.0,0.0,0.0,0.0,1,74.5,0.0,0,300.0,0.0,0.0,0.0,0.0,0.0,2
2023-05-09 22:38:48,a2401-P-4950,a2401-P-4950,300.0,0.0,0.0,0.0,1,75.0,0.0,0,300.0,0.0,0.0,0.0,0.0,0.0,2
2023-05-09 22:38:49,a2401-P-4950,a2401-P-4950,300.0,0.0,0.0,0.0,1,83.0,0.0,0,300.0,0.0,0.0,0.0,0.0,0.0,2
2023-05-09 22:57:30,a2401-P-4950,a2401-P-4950,300.0,0.0,0.0,0.0,1,75.0,0.0,0,300.0,0.0,0.0,0.0,0.0,0.0,2
2023-05-10 09:00:45,a2401-P-4950,a2401-P-4950,300.0,0.0,0.0,0.0,1,77.5,0.0,0,300.0,0.0,0.0,0.0,0.0,0.0,2
2023-05-10 09:00:46,a2401-P-4950,a2401-P-4950,300.0,0.0,0.0,0.0,1,78.0,0.0,0,300.0,0.0,0.0,0.0,0.0,0.0,2
2023-05-10 09:02:10,a2401-P-4950,a2401-P-4950,300.0,0.0,0.0,0.0,1,86.0,0.0,0,300.0,0.0,0.0,0.0,0.0,0.0,2
2023-05-10 09:35:28,a2401-P-4950,a2401-P-4950,300.0,0.0,0.0,0.0,1,86.5,0.0,0,300.0,0.0,0.0,0.0,0.0,0.0,2
2023-05-10 09:35:30,a2401-P-4950,a2401-P-4950,300.0,0.0,0.0,0.0,1,94.5,0.0,0,300.0,0.0,0.0,0.0,0.0,0.0,2
2023-05-10 10:06:43,a2401-P-4950,a2401-P-4950,300.0,0.0,0.0,0.0,1,95.0,0.0,0,300.0,0.0,0.0,0.0,0.0,0.0,2
2023-05-10 10:06:44,a2401-P-4950,a2401-P-4950,300.0,0.0,0.0,0.0,1,99.0,0.0,0,300.0,0.0,0.0,0.0,0.0,0.0,2
2023-05-10 10:12:24,a2401-P-4950,a2401-P-4950,300.0,0.0,0.0,0.0,1,95.0,0.0,0,300.0,0.0,0.0,0.0,0.0,0.0,2
2023-05-10 10:30:56,a2401-P-4950,a2401-P-4950,300.0,0.0,0.0,0.0,1,99.0,0.0,0,300.0,0.0,0.0,0.0,0.0,0.0,2
2023-05-10 10:44:10,a2401-P-4950,a2401-P-4950,300.0,0.0,0.0,0.0,1,99.5,0.0,0,300.0,0.0,0.0,0.0,0.0,0.0,2
2023-05-10 10:44:11,a2401-P-4950,a2401-P-4950,300.0,0.0,0.0,0.0,1,100.0,0.0,0,300.0,0.0,0.0,0.0,0.0,0.0,2
2023-05-10 11:20:11,a2401-P-4950,a2401-P-4950,300.0,0.0,0.0,0.0,1,100.5,0.0,0,300.0,0.0,0.0,0.0,0.0,0.0,2
2023-05-10 11:20:13,a2401-P-4950,a2401-P-4950,300.0,0.0,0.0,0.0,1,101.0,0.0,0,300.0,0.0,0.0,0.0,0.0,0.0,2
2023-05-10 11:27:23,a2401-P-4950,a2401-P-4950,300.0,0.0,0.0,0.0,1,100.5,0.0,0,300.0,0.0,0.0,0.0,0.0,0.0,2
2023-05-10 13:31:21,a2401-P-4950,a2401-P-4950,300.0,0.0,0.0,0.0,1,101.0,0.0,0,300.0,0.0,0.0,0.0,0.0,0.0,2
2023-05-10 13:45:53,a2401-P-4950,a2401-P-4950,300.0,0.0,0.0,0.0,1,301.5,330.5,1,300.0,0.0,0.0,0.0,0.0,0.0,2
2023-05-10 13:45:54,a2401-P-4950,a2401-P-4950,300.0,0.0,0.0,0.0,1,308.5,330.5,1,300.0,0.0,0.0,0.0,0.0,0.0,2
2023-05-10 13:45:58,a2401-P-4950,a2401-P-4950,300.0,0.0,0.0,0.0,2,308.5,330.5,2,300.0,0.0,0.0,0.0,0.0,0.0,2
2023-05-10 13:46:04,a2401-P-4950,a2401-P-4950,300.0,0.0,0.0,0.0,2,308.5,330.5,1,300.0,0.0,0.0,0.0,0.0,0.0,2
2023-05-10 13:46:05,a2401-P-4950,a2401-P-4950,300.0,0.0,0.0,0.0,1,308.5,330.5,1,300.0,0.0,0.0,0.0,0.0,0.0,2
2023-05-10 13:46:11,a2401-P-4950,a2401-P-4950,300.0,0.0,0.0,0.0,1,308.0,331.0,1,300.0,0.0,0.0,0.0,0.0,0.0,2
2023-05-10 13:46:13,a2401-P-4950,a2401-P-4950,300.0,0.0,0.0,0.0,1,100.5,0.0,0,300.0,0.0,0.0,0.0,0.0,0.0,2
2023-05-10 13:46:15,a2401-P-4950,a2401-P-4950,300.0,0.0,0.0,0.0,1,101.0,0.0,0,300.0,0.0,0.0,0.0,0.0,0.0,2
2023-05-10 13:49:35,a2401-P-4950,a2401-P-4950,300.0,0.0,0.0,0.0,1,101.5,0.0,0,300.0,0.0,0.0,0.0,0.0,0.0,2
2023-05-10 13:49:36,a2401-P-4950,a2401-P-4950,300.0,0.0,0.0,0.0,1,102.0,0.0,0,300.0,0.0,0.0,0.0,0.0,0.0,2
2023-05-10 14:39:17,a2401-P-4950,a2401-P-4950,300.0,0.0,0.0,0.0,1,102.5,0.0,0,300.0,0.0,0.0,0.0,0.0,0.0,2
2023-05-10 15:01:15,a2401-P-4950,a2401-P-4950,300.0,0.0,0.0,0.0,1,102.5,0.0,0,300.0,0.0,0.0,0.0,0.0,0.0,2
