time,symbol_id,symbol_name,last,trade_volume,trade_amount,open_interest_change,bv1,bp1,ap1,av1,yesterday_close,today_open,today_high,today_low,volume,amount,open_interest
2023-05-09 20:56:48,a2401-P-4900,a2401-P-4900,271.0,0.0,0.0,0.0,1,1.5,0.0,0,271.0,0.0,0.0,0.0,0.0,0.0,2
2023-05-09 21:00:06,a2401-P-4900,a2401-P-4900,271.0,0.0,0.0,0.0,1,2.0,0.0,0,271.0,0.0,0.0,0.0,0.0,0.0,2
2023-05-09 21:00:39,a2401-P-4900,a2401-P-4900,271.0,0.0,0.0,0.0,1,54.0,0.0,0,271.0,0.0,0.0,0.0,0.0,0.0,2
2023-05-09 21:01:30,a2401-P-4900,a2401-P-4900,271.0,0.0,0.0,0.0,1,54.5,0.0,0,271.0,0.0,0.0,0.0,0.0,0.0,2
2023-05-09 21:03:08,a2401-P-4900,a2401-P-4900,271.0,0.0,0.0,0.0,1,55.0,0.0,0,271.0,0.0,0.0,0.0,0.0,0.0,2
2023-05-09 21:03:26,a2401-P-4900,a2401-P-4900,271.0,0.0,0.0,0.0,1,55.5,0.0,0,271.0,0.0,0.0,0.0,0.0,0.0,2
2023-05-09 21:33:08,a2401-P-4900,a2401-P-4900,271.0,0.0,0.0,0.0,1,56.0,0.0,0,271.0,0.0,0.0,0.0,0.0,0.0,2
2023-05-09 21:33:09,a2401-P-4900,a2401-P-4900,271.0,0.0,0.0,0.0,1,56.5,0.0,0,271.0,0.0,0.0,0.0,0.0,0.0,2
2023-05-09 22:06:52,a2401-P-4900,a2401-P-4900,271.0,0.0,0.0,0.0,1,57.0,0.0,0,271.0,0.0,0.0,0.0,0.0,0.0,2
2023-05-09 22:06:53,a2401-P-4900,a2401-P-4900,271.0,0.0,0.0,0.0,1,57.5,0.0,0,271.0,0.0,0.0,0.0,0.0,0.0,2
2023-05-09 22:38:45,a2401-P-4900,a2401-P-4900,271.0,0.0,0.0,0.0,1,58.0,0.0,0,271.0,0.0,0.0,0.0,0.0,0.0,2
2023-05-09 22:38:46,a2401-P-4900,a2401-P-4900,271.0,0.0,0.0,0.0,1,66.0,0.0,0,271.0,0.0,0.0,0.0,0.0,0.0,2
2023-05-09 22:57:30,a2401-P-4900,a2401-P-4900,271.0,0.0,0.0,0.0,1,58.0,0.0,0,271.0,0.0,0.0,0.0,0.0,0.0,2
2023-05-10 09:00:45,a2401-P-4900,a2401-P-4900,271.0,0.0,0.0,0.0,1,60.0,0.0,0,271.0,0.0,0.0,0.0,0.0,0.0,2
2023-05-10 09:00:46,a2401-P-4900,a2401-P-4900,271.0,0.0,0.0,0.0,1,60.5,0.0,0,271.0,0.0,0.0,0.0,0.0,0.0,2
2023-05-10 09:02:11,a2401-P-4900,a2401-P-4900,271.0,0.0,0.0,0.0,1,68.5,0.0,0,271.0,0.0,0.0,0.0,0.0,0.0,2
2023-05-10 09:35:28,a2401-P-4900,a2401-P-4900,271.0,0.0,0.0,0.0,1,69.0,0.0,0,271.0,0.0,0.0,0.0,0.0,0.0,2
2023-05-10 09:35:30,a2401-P-4900,a2401-P-4900,271.0,0.0,0.0,0.0,1,77.0,0.0,0,271.0,0.0,0.0,0.0,0.0,0.0,2
2023-05-10 10:06:43,a2401-P-4900,a2401-P-4900,271.0,0.0,0.0,0.0,1,77.5,0.0,0,271.0,0.0,0.0,0.0,0.0,0.0,2
2023-05-10 10:06:44,a2401-P-4900,a2401-P-4900,271.0,0.0,0.0,0.0,1,85.5,0.0,0,271.0,0.0,0.0,0.0,0.0,0.0,2
2023-05-10 10:12:24,a2401-P-4900,a2401-P-4900,271.0,0.0,0.0,0.0,1,77.5,0.0,0,271.0,0.0,0.0,0.0,0.0,0.0,2
2023-05-10 10:30:57,a2401-P-4900,a2401-P-4900,271.0,0.0,0.0,0.0,1,85.5,0.0,0,271.0,0.0,0.0,0.0,0.0,0.0,2
2023-05-10 10:44:10,a2401-P-4900,a2401-P-4900,271.0,0.0,0.0,0.0,1,86.0,0.0,0,271.0,0.0,0.0,0.0,0.0,0.0,2
2023-05-10 10:44:11,a2401-P-4900,a2401-P-4900,271.0,0.0,0.0,0.0,1,94.0,0.0,0,271.0,0.0,0.0,0.0,0.0,0.0,2
2023-05-10 11:20:11,a2401-P-4900,a2401-P-4900,271.0,0.0,0.0,0.0,1,94.5,0.0,0,271.0,0.0,0.0,0.0,0.0,0.0,2
2023-05-10 11:20:13,a2401-P-4900,a2401-P-4900,271.0,0.0,0.0,0.0,1,98.5,0.0,0,271.0,0.0,0.0,0.0,0.0,0.0,2
2023-05-10 11:27:23,a2401-P-4900,a2401-P-4900,271.0,0.0,0.0,0.0,1,94.5,0.0,0,271.0,0.0,0.0,0.0,0.0,0.0,2
2023-05-10 13:31:22,a2401-P-4900,a2401-P-4900,271.0,0.0,0.0,0.0,1,98.5,0.0,0,271.0,0.0,0.0,0.0,0.0,0.0,2
2023-05-10 13:31:22,a2401-P-4900,a2401-P-4900,271.0,0.0,0.0,0.0,1,99.0,0.0,0,271.0,0.0,0.0,0.0,0.0,0.0,2
2023-05-10 13:31:55,a2401-P-4900,a2401-P-4900,271.0,0.0,0.0,0.0,1,99.5,0.0,0,271.0,0.0,0.0,0.0,0.0,0.0,2
2023-05-10 13:45:54,a2401-P-4900,a2401-P-4900,271.0,0.0,0.0,0.0,1,277.0,304.5,1,271.0,0.0,0.0,0.0,0.0,0.0,2
2023-05-10 13:45:55,a2401-P-4900,a2401-P-4900,271.0,0.0,0.0,0.0,2,277.0,304.0,1,271.0,0.0,0.0,0.0,0.0,0.0,2
2023-05-10 13:45:59,a2401-P-4900,a2401-P-4900,271.0,0.0,0.0,0.0,3,277.0,297.5,1,271.0,0.0,0.0,0.0,0.0,0.0,2
2023-05-10 13:45:59,a2401-P-4900,a2401-P-4900,271.0,0.0,0.0,0.0,4,277.0,297.5,1,271.0,0.0,0.0,0.0,0.0,0.0,2
2023-05-10 13:46:05,a2401-P-4900,a2401-P-4900,271.0,0.0,0.0,0.0,3,277.0,297.5,1,271.0,0.0,0.0,0.0,0.0,0.0,2
2023-05-10 13:46:06,a2401-P-4900,a2401-P-4900,271.0,0.0,0.0,0.0,2,277.0,297.5,1,271.0,0.0,0.0,0.0,0.0,0.0,2
2023-05-10 13:46:10,a2401-P-4900,a2401-P-4900,271.0,0.0,0.0,0.0,1,277.0,304.0,1,271.0,0.0,0.0,0.0,0.0,0.0,2
2023-05-10 13:46:11,a2401-P-4900,a2401-P-4900,271.0,0.0,0.0,0.0,1,99.0,0.0,0,271.0,0.0,0.0,0.0,0.0,0.0,2
2023-05-10 13:46:12,a2401-P-4900,a2401-P-4900,271.0,0.0,0.0,0.0,1,107.0,0.0,0,271.0,0.0,0.0,0.0,0.0,0.0,2
2023-05-10 13:46:14,a2401-P-4900,a2401-P-4900,271.0,0.0,0.0,0.0,1,99.0,0.0,0,271.0,0.0,0.0,0.0,0.0,0.0,2
2023-05-10 13:46:15,a2401-P-4900,a2401-P-4900,271.0,0.0,0.0,0.0,1,99.5,0.0,0,271.0,0.0,0.0,0.0,0.0,0.0,2
2023-05-10 14:01:38,a2401-P-4900,a2401-P-4900,271.0,0.0,0.0,0.0,1,100.0,0.0,0,271.0,0.0,0.0,0.0,0.0,0.0,2
2023-05-10 14:01:48,a2401-P-4900,a2401-P-4900,271.0,0.0,0.0,0.0,1,100.5,0.0,0,271.0,0.0,0.0,0.0,0.0,0.0,2
2023-05-10 14:39:17,a2401-P-4900,a2401-P-4900,271.0,0.0,0.0,0.0,1,101.0,0.0,0,271.0,0.0,0.0,0.0,0.0,0.0,2
2023-05-10 14:39:19,a2401-P-4900,a2401-P-4900,271.0,0.0,0.0,0.0,1,101.5,0.0,0,271.0,0.0,0.0,0.0,0.0,0.0,2
2023-05-10 15:01:15,a2401-P-4900,a2401-P-4900,271.0,0.0,0.0,0.0,1,101.5,0.0,0,271.0,0.0,0.0,0.0,0.0,0.0,2
