time,symbol_id,symbol_name,last,trade_volume,trade_amount,open_interest_change,bv1,bp1,ap1,av1,yesterday_close,today_open,today_high,today_low,volume,amount,open_interest
2023-05-09 20:55:45,a2403-C-4900,a2403-C-4900,220.0,0.0,0.0,0.0,1,0.5,0.0,0,220.0,182.5,0.0,0.0,0.0,0.0,1
2023-05-09 21:01:53,a2403-C-4900,a2403-C-4900,220.0,0.0,0.0,0.0,1,1.0,0.0,0,220.0,182.5,0.0,0.0,0.0,0.0,1
2023-05-09 21:03:09,a2403-C-4900,a2403-C-4900,220.0,0.0,0.0,0.0,1,1.5,0.0,0,220.0,182.5,0.0,0.0,0.0,0.0,1
2023-05-09 21:04:11,a2403-C-4900,a2403-C-4900,220.0,0.0,0.0,0.0,1,2.0,0.0,0,220.0,182.5,0.0,0.0,0.0,0.0,1
2023-05-09 21:08:42,a2403-C-4900,a2403-C-4900,220.0,0.0,0.0,0.0,1,2.5,0.0,0,220.0,182.5,0.0,0.0,0.0,0.0,1
2023-05-09 21:10:52,a2403-C-4900,a2403-C-4900,220.0,0.0,0.0,0.0,1,3.0,0.0,0,220.0,182.5,0.0,0.0,0.0,0.0,1
2023-05-09 21:12:56,a2403-C-4900,a2403-C-4900,220.0,0.0,0.0,0.0,1,7.0,0.0,0,220.0,182.5,0.0,0.0,0.0,0.0,1
2023-05-09 21:13:08,a2403-C-4900,a2403-C-4900,220.0,0.0,0.0,0.0,1,7.5,0.0,0,220.0,182.5,0.0,0.0,0.0,0.0,1
2023-05-09 21:22:21,a2403-C-4900,a2403-C-4900,220.0,0.0,0.0,0.0,1,157.5,180.5,1,220.0,182.5,0.0,0.0,0.0,0.0,1
2023-05-09 21:22:27,a2403-C-4900,a2403-C-4900,182.5,1.0,1825.0,0.0,2,157.5,181.0,1,220.0,182.5,182.5,182.5,1.0,1825.0,1
2023-05-09 21:22:27,a2403-C-4900,a2403-C-4900,182.5,0.0,0.0,0.0,1,157.5,206.5,1,220.0,182.5,182.5,182.5,1.0,1825.0,1
2023-05-09 21:22:32,a2403-C-4900,a2403-C-4900,182.5,0.0,0.0,0.0,1,157.0,206.5,1,220.0,182.5,182.5,182.5,1.0,1825.0,1
2023-05-09 21:22:38,a2403-C-4900,a2403-C-4900,182.5,0.0,0.0,0.0,1,157.0,207.0,2,220.0,182.5,182.5,182.5,1.0,1825.0,1
2023-05-09 21:22:41,a2403-C-4900,a2403-C-4900,182.5,0.0,0.0,0.0,1,157.0,207.0,1,220.0,182.5,182.5,182.5,1.0,1825.0,1
2023-05-09 21:22:42,a2403-C-4900,a2403-C-4900,182.5,0.0,0.0,0.0,1,7.0,0.0,0,220.0,182.5,182.5,182.5,1.0,1825.0,1
2023-05-09 21:22:42,a2403-C-4900,a2403-C-4900,182.5,0.0,0.0,0.0,2,7.5,0.0,0,220.0,182.5,182.5,182.5,1.0,1825.0,1
2023-05-09 21:25:11,a2403-C-4900,a2403-C-4900,182.5,0.0,0.0,0.0,1,184.5,208.5,1,220.0,182.5,182.5,182.5,1.0,1825.0,1
2023-05-09 21:25:14,a2403-C-4900,a2403-C-4900,182.5,0.0,0.0,0.0,1,185.0,208.5,1,220.0,182.5,182.5,182.5,1.0,1825.0,1
2023-05-09 21:25:16,a2403-C-4900,a2403-C-4900,182.5,0.0,0.0,0.0,2,185.0,208.5,2,220.0,182.5,182.5,182.5,1.0,1825.0,1
2023-05-09 21:25:16,a2403-C-4900,a2403-C-4900,182.5,1.0,1825.0,1.0,1,185.0,208.5,2,220.0,182.5,182.5,182.5,2.0,3650.0,2
2023-05-09 21:25:19,a2403-C-4900,a2403-C-4900,185.0,1.0,1850.0,0.0,1,184.5,208.5,2,220.0,182.5,185.0,182.5,3.0,5500.0,2
2023-05-09 21:25:22,a2403-C-4900,a2403-C-4900,185.0,0.0,0.0,0.0,1,184.0,208.5,1,220.0,182.5,185.0,182.5,3.0,5500.0,2
2023-05-09 21:25:25,a2403-C-4900,a2403-C-4900,185.0,0.0,0.0,0.0,1,165.5,208.5,1,220.0,182.5,185.0,182.5,3.0,5500.0,2
2023-05-09 21:25:28,a2403-C-4900,a2403-C-4900,185.0,0.0,0.0,0.0,1,7.5,208.5,1,220.0,182.5,185.0,182.5,3.0,5500.0,2
2023-05-09 21:25:28,a2403-C-4900,a2403-C-4900,185.0,0.0,0.0,0.0,1,8.0,208.5,1,220.0,182.5,185.0,182.5,3.0,5500.0,2
2023-05-09 21:25:28,a2403-C-4900,a2403-C-4900,185.0,0.0,0.0,0.0,1,8.5,0.0,0,220.0,182.5,185.0,182.5,3.0,5500.0,2
2023-05-09 21:25:29,a2403-C-4900,a2403-C-4900,185.0,0.0,0.0,0.0,1,9.0,0.0,0,220.0,182.5,185.0,182.5,3.0,5500.0,2
2023-05-09 21:25:29,a2403-C-4900,a2403-C-4900,185.0,0.0,0.0,0.0,1,9.5,0.0,0,220.0,182.5,185.0,182.5,3.0,5500.0,2
2023-05-09 21:25:30,a2403-C-4900,a2403-C-4900,185.0,0.0,0.0,0.0,1,10.0,0.0,0,220.0,182.5,185.0,182.5,3.0,5500.0,2
2023-05-09 21:25:30,a2403-C-4900,a2403-C-4900,185.0,0.0,0.0,0.0,1,10.5,0.0,0,220.0,182.5,185.0,182.5,3.0,5500.0,2
2023-05-09 21:25:31,a2403-C-4900,a2403-C-4900,185.0,0.0,0.0,0.0,1,11.0,0.0,0,220.0,182.5,185.0,182.5,3.0,5500.0,2
2023-05-09 21:25:31,a2403-C-4900,a2403-C-4900,185.0,0.0,0.0,0.0,1,11.5,0.0,0,220.0,182.5,185.0,182.5,3.0,5500.0,2
2023-05-09 21:25:32,a2403-C-4900,a2403-C-4900,185.0,0.0,0.0,0.0,1,12.0,0.0,0,220.0,182.5,185.0,182.5,3.0,5500.0,2
2023-05-09 21:25:32,a2403-C-4900,a2403-C-4900,185.0,0.0,0.0,0.0,1,12.5,0.0,0,220.0,182.5,185.0,182.5,3.0,5500.0,2
2023-05-09 21:25:33,a2403-C-4900,a2403-C-4900,185.0,0.0,0.0,0.0,1,13.0,0.0,0,220.0,182.5,185.0,182.5,3.0,5500.0,2
2023-05-09 21:25:33,a2403-C-4900,a2403-C-4900,185.0,0.0,0.0,0.0,1,13.5,0.0,0,220.0,182.5,185.0,182.5,3.0,5500.0,2
2023-05-09 21:25:34,a2403-C-4900,a2403-C-4900,185.0,0.0,0.0,0.0,1,14.0,0.0,0,220.0,182.5,185.0,182.5,3.0,5500.0,2
2023-05-09 21:25:34,a2403-C-4900,a2403-C-4900,185.0,0.0,0.0,0.0,1,14.5,0.0,0,220.0,182.5,185.0,182.5,3.0,5500.0,2
2023-05-09 21:25:35,a2403-C-4900,a2403-C-4900,185.0,0.0,0.0,0.0,1,15.0,0.0,0,220.0,182.5,185.0,182.5,3.0,5500.0,2
2023-05-09 21:25:35,a2403-C-4900,a2403-C-4900,185.0,0.0,0.0,0.0,1,15.5,0.0,0,220.0,182.5,185.0,182.5,3.0,5500.0,2
2023-05-09 21:25:36,a2403-C-4900,a2403-C-4900,185.0,0.0,0.0,0.0,1,16.0,0.0,0,220.0,182.5,185.0,182.5,3.0,5500.0,2
2023-05-09 21:25:36,a2403-C-4900,a2403-C-4900,185.0,0.0,0.0,0.0,1,16.5,0.0,0,220.0,182.5,185.0,182.5,3.0,5500.0,2
2023-05-09 21:25:37,a2403-C-4900,a2403-C-4900,185.0,0.0,0.0,0.0,1,17.0,0.0,0,220.0,182.5,185.0,182.5,3.0,5500.0,2
2023-05-09 21:25:37,a2403-C-4900,a2403-C-4900,185.0,0.0,0.0,0.0,1,17.5,0.0,0,220.0,182.5,185.0,182.5,3.0,5500.0,2
2023-05-09 21:25:38,a2403-C-4900,a2403-C-4900,185.0,0.0,0.0,0.0,1,18.0,0.0,0,220.0,182.5,185.0,182.5,3.0,5500.0,2
2023-05-09 21:25:38,a2403-C-4900,a2403-C-4900,185.0,0.0,0.0,0.0,1,18.5,0.0,0,220.0,182.5,185.0,182.5,3.0,5500.0,2
2023-05-09 21:25:39,a2403-C-4900,a2403-C-4900,185.0,0.0,0.0,0.0,1,19.0,0.0,0,220.0,182.5,185.0,182.5,3.0,5500.0,2
2023-05-09 21:25:39,a2403-C-4900,a2403-C-4900,185.0,0.0,0.0,0.0,1,19.5,0.0,0,220.0,182.5,185.0,182.5,3.0,5500.0,2
2023-05-09 21:25:40,a2403-C-4900,a2403-C-4900,185.0,0.0,0.0,0.0,1,20.0,0.0,0,220.0,182.5,185.0,182.5,3.0,5500.0,2
2023-05-09 21:25:40,a2403-C-4900,a2403-C-4900,185.0,0.0,0.0,0.0,1,20.5,0.0,0,220.0,182.5,185.0,182.5,3.0,5500.0,2
2023-05-09 21:25:41,a2403-C-4900,a2403-C-4900,185.0,0.0,0.0,0.0,1,21.0,0.0,0,220.0,182.5,185.0,182.5,3.0,5500.0,2
2023-05-09 21:25:41,a2403-C-4900,a2403-C-4900,185.0,0.0,0.0,0.0,1,21.5,0.0,0,220.0,182.5,185.0,182.5,3.0,5500.0,2
2023-05-09 21:25:42,a2403-C-4900,a2403-C-4900,185.0,0.0,0.0,0.0,1,22.0,0.0,0,220.0,182.5,185.0,182.5,3.0,5500.0,2
2023-05-09 21:25:42,a2403-C-4900,a2403-C-4900,185.0,0.0,0.0,0.0,1,22.5,0.0,0,220.0,182.5,185.0,182.5,3.0,5500.0,2
2023-05-09 21:25:43,a2403-C-4900,a2403-C-4900,185.0,0.0,0.0,0.0,1,23.0,0.0,0,220.0,182.5,185.0,182.5,3.0,5500.0,2
2023-05-09 21:25:43,a2403-C-4900,a2403-C-4900,185.0,0.0,0.0,0.0,1,23.5,0.0,0,220.0,182.5,185.0,182.5,3.0,5500.0,2
2023-05-09 21:25:44,a2403-C-4900,a2403-C-4900,185.0,0.0,0.0,0.0,1,24.0,0.0,0,220.0,182.5,185.0,182.5,3.0,5500.0,2
2023-05-09 21:25:44,a2403-C-4900,a2403-C-4900,185.0,0.0,0.0,0.0,1,24.5,0.0,0,220.0,182.5,185.0,182.5,3.0,5500.0,2
2023-05-09 21:25:45,a2403-C-4900,a2403-C-4900,185.0,0.0,0.0,0.0,1,25.0,0.0,0,220.0,182.5,185.0,182.5,3.0,5500.0,2
2023-05-09 21:25:45,a2403-C-4900,a2403-C-4900,185.0,0.0,0.0,0.0,1,25.5,0.0,0,220.0,182.5,185.0,182.5,3.0,5500.0,2
2023-05-09 21:25:46,a2403-C-4900,a2403-C-4900,185.0,0.0,0.0,0.0,1,26.0,0.0,0,220.0,182.5,185.0,182.5,3.0,5500.0,2
2023-05-09 21:25:46,a2403-C-4900,a2403-C-4900,185.0,0.0,0.0,0.0,1,26.5,0.0,0,220.0,182.5,185.0,182.5,3.0,5500.0,2
2023-05-09 21:25:47,a2403-C-4900,a2403-C-4900,185.0,0.0,0.0,0.0,1,27.0,0.0,0,220.0,182.5,185.0,182.5,3.0,5500.0,2
2023-05-09 21:25:47,a2403-C-4900,a2403-C-4900,185.0,0.0,0.0,0.0,1,27.5,0.0,0,220.0,182.5,185.0,182.5,3.0,5500.0,2
2023-05-09 21:25:48,a2403-C-4900,a2403-C-4900,185.0,0.0,0.0,0.0,1,28.0,0.0,0,220.0,182.5,185.0,182.5,3.0,5500.0,2
2023-05-09 21:25:48,a2403-C-4900,a2403-C-4900,185.0,0.0,0.0,0.0,1,28.5,0.0,0,220.0,182.5,185.0,182.5,3.0,5500.0,2
2023-05-09 21:25:49,a2403-C-4900,a2403-C-4900,185.0,0.0,0.0,0.0,1,29.0,0.0,0,220.0,182.5,185.0,182.5,3.0,5500.0,2
2023-05-09 21:25:59,a2403-C-4900,a2403-C-4900,185.0,0.0,0.0,0.0,1,29.5,0.0,0,220.0,182.5,185.0,182.5,3.0,5500.0,2
2023-05-09 21:26:00,a2403-C-4900,a2403-C-4900,185.0,0.0,0.0,0.0,1,36.0,0.0,0,220.0,182.5,185.0,182.5,3.0,5500.0,2
2023-05-09 21:26:09,a2403-C-4900,a2403-C-4900,185.0,0.0,0.0,0.0,1,36.5,0.0,0,220.0,182.5,185.0,182.5,3.0,5500.0,2
2023-05-09 21:26:10,a2403-C-4900,a2403-C-4900,185.0,0.0,0.0,0.0,1,43.0,0.0,0,220.0,182.5,185.0,182.5,3.0,5500.0,2
2023-05-09 21:26:19,a2403-C-4900,a2403-C-4900,185.0,0.0,0.0,0.0,1,43.5,0.0,0,220.0,182.5,185.0,182.5,3.0,5500.0,2
2023-05-09 21:26:20,a2403-C-4900,a2403-C-4900,185.0,0.0,0.0,0.0,1,50.0,0.0,0,220.0,182.5,185.0,182.5,3.0,5500.0,2
2023-05-09 21:27:38,a2403-C-4900,a2403-C-4900,185.0,0.0,0.0,0.0,1,184.5,208.5,1,220.0,182.5,185.0,182.5,3.0,5500.0,2
2023-05-09 21:27:42,a2403-C-4900,a2403-C-4900,184.5,1.0,1845.0,1.0,1,184.0,208.5,1,220.0,182.5,185.0,182.5,4.0,7345.0,3
2023-05-09 21:27:49,a2403-C-4900,a2403-C-4900,184.5,0.0,0.0,0.0,1,184.0,209.0,2,220.0,182.5,185.0,182.5,4.0,7345.0,3
2023-05-09 21:27:52,a2403-C-4900,a2403-C-4900,184.5,0.0,0.0,0.0,1,184.0,209.0,1,220.0,182.5,185.0,182.5,4.0,7345.0,3
2023-05-09 21:27:53,a2403-C-4900,a2403-C-4900,184.5,0.0,0.0,0.0,1,43.5,0.0,0,220.0,182.5,185.0,182.5,4.0,7345.0,3
2023-05-09 21:27:53,a2403-C-4900,a2403-C-4900,184.5,0.0,0.0,0.0,1,50.0,0.0,0,220.0,182.5,185.0,182.5,4.0,7345.0,3
2023-05-09 21:27:53,a2403-C-4900,a2403-C-4900,184.5,0.0,0.0,0.0,1,50.5,0.0,0,220.0,182.5,185.0,182.5,4.0,7345.0,3
2023-05-09 21:27:54,a2403-C-4900,a2403-C-4900,184.5,0.0,0.0,0.0,1,57.0,0.0,0,220.0,182.5,185.0,182.5,4.0,7345.0,3
2023-05-09 21:27:54,a2403-C-4900,a2403-C-4900,184.5,0.0,0.0,0.0,1,57.5,0.0,0,220.0,182.5,185.0,182.5,4.0,7345.0,3
2023-05-09 21:27:55,a2403-C-4900,a2403-C-4900,184.5,0.0,0.0,0.0,1,61.0,0.0,0,220.0,182.5,185.0,182.5,4.0,7345.0,3
2023-05-09 21:27:55,a2403-C-4900,a2403-C-4900,184.5,0.0,0.0,0.0,1,61.5,0.0,0,220.0,182.5,185.0,182.5,4.0,7345.0,3
2023-05-09 21:27:56,a2403-C-4900,a2403-C-4900,184.5,0.0,0.0,0.0,1,62.0,0.0,0,220.0,182.5,185.0,182.5,4.0,7345.0,3
2023-05-09 21:27:56,a2403-C-4900,a2403-C-4900,184.5,0.0,0.0,0.0,1,62.5,0.0,0,220.0,182.5,185.0,182.5,4.0,7345.0,3
2023-05-09 21:27:58,a2403-C-4900,a2403-C-4900,184.5,0.0,0.0,0.0,1,69.0,0.0,0,220.0,182.5,185.0,182.5,4.0,7345.0,3
2023-05-09 21:27:58,a2403-C-4900,a2403-C-4900,184.5,0.0,0.0,0.0,1,69.5,0.0,0,220.0,182.5,185.0,182.5,4.0,7345.0,3
2023-05-09 21:27:59,a2403-C-4900,a2403-C-4900,184.5,0.0,0.0,0.0,1,70.0,0.0,0,220.0,182.5,185.0,182.5,4.0,7345.0,3
2023-05-09 21:27:59,a2403-C-4900,a2403-C-4900,184.5,0.0,0.0,0.0,1,70.5,0.0,0,220.0,182.5,185.0,182.5,4.0,7345.0,3
2023-05-09 21:28:00,a2403-C-4900,a2403-C-4900,184.5,0.0,0.0,0.0,1,71.0,0.0,0,220.0,182.5,185.0,182.5,4.0,7345.0,3
2023-05-09 21:28:00,a2403-C-4900,a2403-C-4900,184.5,0.0,0.0,0.0,1,71.5,0.0,0,220.0,182.5,185.0,182.5,4.0,7345.0,3
2023-05-09 21:28:01,a2403-C-4900,a2403-C-4900,184.5,0.0,0.0,0.0,1,72.0,0.0,0,220.0,182.5,185.0,182.5,4.0,7345.0,3
2023-05-09 21:28:01,a2403-C-4900,a2403-C-4900,184.5,0.0,0.0,0.0,1,72.5,0.0,0,220.0,182.5,185.0,182.5,4.0,7345.0,3
2023-05-09 21:28:02,a2403-C-4900,a2403-C-4900,184.5,0.0,0.0,0.0,1,73.0,0.0,0,220.0,182.5,185.0,182.5,4.0,7345.0,3
2023-05-09 21:28:02,a2403-C-4900,a2403-C-4900,184.5,0.0,0.0,0.0,1,73.5,0.0,0,220.0,182.5,185.0,182.5,4.0,7345.0,3
2023-05-09 21:28:03,a2403-C-4900,a2403-C-4900,184.5,0.0,0.0,0.0,1,74.0,0.0,0,220.0,182.5,185.0,182.5,4.0,7345.0,3
2023-05-09 21:28:03,a2403-C-4900,a2403-C-4900,184.5,0.0,0.0,0.0,1,74.5,0.0,0,220.0,182.5,185.0,182.5,4.0,7345.0,3
2023-05-09 21:28:04,a2403-C-4900,a2403-C-4900,184.5,0.0,0.0,0.0,1,75.0,0.0,0,220.0,182.5,185.0,182.5,4.0,7345.0,3
2023-05-09 21:28:04,a2403-C-4900,a2403-C-4900,184.5,0.0,0.0,0.0,1,75.5,0.0,0,220.0,182.5,185.0,182.5,4.0,7345.0,3
2023-05-09 21:28:05,a2403-C-4900,a2403-C-4900,184.5,0.0,0.0,0.0,1,76.0,0.0,0,220.0,182.5,185.0,182.5,4.0,7345.0,3
2023-05-09 21:28:05,a2403-C-4900,a2403-C-4900,184.5,0.0,0.0,0.0,1,76.5,0.0,0,220.0,182.5,185.0,182.5,4.0,7345.0,3
2023-05-09 21:28:06,a2403-C-4900,a2403-C-4900,184.5,0.0,0.0,0.0,1,77.0,0.0,0,220.0,182.5,185.0,182.5,4.0,7345.0,3
2023-05-09 21:28:06,a2403-C-4900,a2403-C-4900,184.5,0.0,0.0,0.0,1,77.5,0.0,0,220.0,182.5,185.0,182.5,4.0,7345.0,3
2023-05-09 21:28:07,a2403-C-4900,a2403-C-4900,184.5,0.0,0.0,0.0,1,78.0,0.0,0,220.0,182.5,185.0,182.5,4.0,7345.0,3
2023-05-09 21:28:07,a2403-C-4900,a2403-C-4900,184.5,0.0,0.0,0.0,1,78.5,0.0,0,220.0,182.5,185.0,182.5,4.0,7345.0,3
2023-05-09 21:28:08,a2403-C-4900,a2403-C-4900,184.5,0.0,0.0,0.0,1,79.0,0.0,0,220.0,182.5,185.0,182.5,4.0,7345.0,3
2023-05-09 21:28:08,a2403-C-4900,a2403-C-4900,184.5,0.0,0.0,0.0,1,79.5,0.0,0,220.0,182.5,185.0,182.5,4.0,7345.0,3
2023-05-09 21:28:09,a2403-C-4900,a2403-C-4900,184.5,0.0,0.0,0.0,1,80.0,0.0,0,220.0,182.5,185.0,182.5,4.0,7345.0,3
2023-05-09 21:28:09,a2403-C-4900,a2403-C-4900,184.5,0.0,0.0,0.0,1,80.5,0.0,0,220.0,182.5,185.0,182.5,4.0,7345.0,3
2023-05-09 21:28:10,a2403-C-4900,a2403-C-4900,184.5,0.0,0.0,0.0,1,81.0,0.0,0,220.0,182.5,185.0,182.5,4.0,7345.0,3
2023-05-09 21:28:10,a2403-C-4900,a2403-C-4900,184.5,0.0,0.0,0.0,1,81.5,0.0,0,220.0,182.5,185.0,182.5,4.0,7345.0,3
2023-05-09 21:28:11,a2403-C-4900,a2403-C-4900,184.5,0.0,0.0,0.0,1,82.0,0.0,0,220.0,182.5,185.0,182.5,4.0,7345.0,3
2023-05-09 21:28:11,a2403-C-4900,a2403-C-4900,184.5,0.0,0.0,0.0,1,82.5,0.0,0,220.0,182.5,185.0,182.5,4.0,7345.0,3
2023-05-09 21:28:12,a2403-C-4900,a2403-C-4900,184.5,0.0,0.0,0.0,1,83.0,0.0,0,220.0,182.5,185.0,182.5,4.0,7345.0,3
2023-05-09 21:28:21,a2403-C-4900,a2403-C-4900,184.5,0.0,0.0,0.0,1,83.5,0.0,0,220.0,182.5,185.0,182.5,4.0,7345.0,3
2023-05-09 21:28:22,a2403-C-4900,a2403-C-4900,184.5,0.0,0.0,0.0,1,84.0,0.0,0,220.0,182.5,185.0,182.5,4.0,7345.0,3
2023-05-09 21:28:32,a2403-C-4900,a2403-C-4900,184.5,0.0,0.0,0.0,1,84.5,0.0,0,220.0,182.5,185.0,182.5,4.0,7345.0,3
2023-05-09 21:28:33,a2403-C-4900,a2403-C-4900,184.5,0.0,0.0,0.0,1,85.0,0.0,0,220.0,182.5,185.0,182.5,4.0,7345.0,3
2023-05-09 21:28:41,a2403-C-4900,a2403-C-4900,184.5,0.0,0.0,0.0,1,85.5,0.0,0,220.0,182.5,185.0,182.5,4.0,7345.0,3
2023-05-09 21:28:42,a2403-C-4900,a2403-C-4900,184.5,0.0,0.0,0.0,1,86.0,0.0,0,220.0,182.5,185.0,182.5,4.0,7345.0,3
2023-05-09 21:33:02,a2403-C-4900,a2403-C-4900,184.5,0.0,0.0,0.0,1,166.0,177.0,1,220.0,182.5,185.0,182.5,4.0,7345.0,3
2023-05-09 21:33:04,a2403-C-4900,a2403-C-4900,177.0,1.0,1770.0,1.0,1,166.0,0.0,0,220.0,182.5,185.0,177.0,5.0,9115.0,4
2023-05-09 21:33:06,a2403-C-4900,a2403-C-4900,177.0,0.0,0.0,0.0,1,181.0,205.0,1,220.0,182.5,185.0,177.0,5.0,9115.0,4
2023-05-09 21:33:08,a2403-C-4900,a2403-C-4900,177.0,0.0,0.0,0.0,1,188.0,205.0,1,220.0,182.5,185.0,177.0,5.0,9115.0,4
2023-05-09 21:33:11,a2403-C-4900,a2403-C-4900,177.0,0.0,0.0,0.0,2,188.0,205.0,2,220.0,182.5,185.0,177.0,5.0,9115.0,4
2023-05-09 21:33:12,a2403-C-4900,a2403-C-4900,177.0,0.0,0.0,0.0,1,188.0,205.0,2,220.0,182.5,185.0,177.0,5.0,9115.0,4
2023-05-09 21:33:13,a2403-C-4900,a2403-C-4900,188.0,1.0,1880.0,0.0,1,187.5,205.0,2,220.0,182.5,188.0,177.0,6.0,10995.0,4
2023-05-09 21:33:17,a2403-C-4900,a2403-C-4900,188.0,0.0,0.0,0.0,1,187.5,205.0,1,220.0,182.5,188.0,177.0,6.0,10995.0,4
2023-05-09 21:33:21,a2403-C-4900,a2403-C-4900,188.0,0.0,0.0,0.0,1,184.0,205.0,1,220.0,182.5,188.0,177.0,6.0,10995.0,4
2023-05-09 21:33:22,a2403-C-4900,a2403-C-4900,188.0,0.0,0.0,0.0,1,85.5,205.0,1,220.0,182.5,188.0,177.0,6.0,10995.0,4
2023-05-09 21:33:22,a2403-C-4900,a2403-C-4900,188.0,0.0,0.0,0.0,1,92.0,205.0,1,220.0,182.5,188.0,177.0,6.0,10995.0,4
2023-05-09 21:33:22,a2403-C-4900,a2403-C-4900,188.0,0.0,0.0,0.0,1,92.5,205.0,1,220.0,182.5,188.0,177.0,6.0,10995.0,4
2023-05-09 21:33:23,a2403-C-4900,a2403-C-4900,188.0,0.0,0.0,0.0,1,99.0,0.0,0,220.0,182.5,188.0,177.0,6.0,10995.0,4
2023-05-09 21:33:23,a2403-C-4900,a2403-C-4900,188.0,0.0,0.0,0.0,1,99.5,0.0,0,220.0,182.5,188.0,177.0,6.0,10995.0,4
2023-05-09 21:33:24,a2403-C-4900,a2403-C-4900,188.0,0.0,0.0,0.0,1,103.0,0.0,0,220.0,182.5,188.0,177.0,6.0,10995.0,4
2023-05-09 21:33:24,a2403-C-4900,a2403-C-4900,188.0,0.0,0.0,0.0,1,103.5,0.0,0,220.0,182.5,188.0,177.0,6.0,10995.0,4
2023-05-09 21:33:25,a2403-C-4900,a2403-C-4900,188.0,0.0,0.0,0.0,1,104.0,0.0,0,220.0,182.5,188.0,177.0,6.0,10995.0,4
2023-05-09 21:33:25,a2403-C-4900,a2403-C-4900,188.0,0.0,0.0,0.0,1,104.5,0.0,0,220.0,182.5,188.0,177.0,6.0,10995.0,4
2023-05-09 21:33:26,a2403-C-4900,a2403-C-4900,188.0,0.0,0.0,0.0,1,105.0,0.0,0,220.0,182.5,188.0,177.0,6.0,10995.0,4
2023-05-09 21:33:26,a2403-C-4900,a2403-C-4900,188.0,0.0,0.0,0.0,1,105.5,0.0,0,220.0,182.5,188.0,177.0,6.0,10995.0,4
2023-05-09 21:33:27,a2403-C-4900,a2403-C-4900,188.0,0.0,0.0,0.0,1,106.0,0.0,0,220.0,182.5,188.0,177.0,6.0,10995.0,4
2023-05-09 21:33:27,a2403-C-4900,a2403-C-4900,188.0,0.0,0.0,0.0,1,106.5,0.0,0,220.0,182.5,188.0,177.0,6.0,10995.0,4
2023-05-09 21:34:38,a2403-C-4900,a2403-C-4900,188.0,0.0,0.0,0.0,1,181.5,205.5,1,220.0,182.5,188.0,177.0,6.0,10995.0,4
2023-05-09 21:34:43,a2403-C-4900,a2403-C-4900,188.0,0.0,0.0,0.0,2,181.5,205.5,2,220.0,182.5,188.0,177.0,6.0,10995.0,4
2023-05-09 21:34:46,a2403-C-4900,a2403-C-4900,181.5,1.0,1815.0,1.0,1,181.5,205.5,2,220.0,182.5,188.0,177.0,7.0,12810.0,5
2023-05-09 21:34:49,a2403-C-4900,a2403-C-4900,181.5,0.0,0.0,0.0,1,181.5,205.5,1,220.0,182.5,188.0,177.0,7.0,12810.0,5
2023-05-09 21:34:55,a2403-C-4900,a2403-C-4900,181.5,0.0,0.0,0.0,1,166.5,0.0,0,220.0,182.5,188.0,177.0,7.0,12810.0,5
2023-05-09 21:34:57,a2403-C-4900,a2403-C-4900,181.5,0.0,0.0,0.0,1,106.5,0.0,0,220.0,182.5,188.0,177.0,7.0,12810.0,5
2023-05-09 21:34:58,a2403-C-4900,a2403-C-4900,181.5,0.0,0.0,0.0,1,113.0,0.0,0,220.0,182.5,188.0,177.0,7.0,12810.0,5
2023-05-09 21:34:58,a2403-C-4900,a2403-C-4900,181.5,0.0,0.0,0.0,1,113.5,0.0,0,220.0,182.5,188.0,177.0,7.0,12810.0,5
2023-05-09 21:34:59,a2403-C-4900,a2403-C-4900,181.5,0.0,0.0,0.0,1,120.0,0.0,0,220.0,182.5,188.0,177.0,7.0,12810.0,5
2023-05-09 21:34:59,a2403-C-4900,a2403-C-4900,181.5,0.0,0.0,0.0,1,120.5,0.0,0,220.0,182.5,188.0,177.0,7.0,12810.0,5
2023-05-09 21:35:00,a2403-C-4900,a2403-C-4900,181.5,0.0,0.0,0.0,1,127.0,0.0,0,220.0,182.5,188.0,177.0,7.0,12810.0,5
2023-05-09 21:35:14,a2403-C-4900,a2403-C-4900,181.5,0.0,0.0,0.0,1,120.5,0.0,0,220.0,182.5,188.0,177.0,7.0,12810.0,5
2023-05-09 21:35:20,a2403-C-4900,a2403-C-4900,181.5,0.0,0.0,0.0,1,127.0,0.0,0,220.0,182.5,188.0,177.0,7.0,12810.0,5
2023-05-09 21:35:37,a2403-C-4900,a2403-C-4900,181.5,0.0,0.0,0.0,1,120.5,0.0,0,220.0,182.5,188.0,177.0,7.0,12810.0,5
2023-05-09 21:36:47,a2403-C-4900,a2403-C-4900,181.5,0.0,0.0,0.0,1,127.0,0.0,0,220.0,182.5,188.0,177.0,7.0,12810.0,5
2023-05-09 21:37:06,a2403-C-4900,a2403-C-4900,181.5,0.0,0.0,0.0,1,120.5,0.0,0,220.0,182.5,188.0,177.0,7.0,12810.0,5
2023-05-09 21:40:03,a2403-C-4900,a2403-C-4900,181.5,0.0,0.0,0.0,1,127.0,0.0,0,220.0,182.5,188.0,177.0,7.0,12810.0,5
2023-05-09 21:40:23,a2403-C-4900,a2403-C-4900,181.5,0.0,0.0,0.0,1,120.5,0.0,0,220.0,182.5,188.0,177.0,7.0,12810.0,5
2023-05-09 21:40:29,a2403-C-4900,a2403-C-4900,181.5,0.0,0.0,0.0,1,124.0,0.0,0,220.0,182.5,188.0,177.0,7.0,12810.0,5
2023-05-09 21:40:49,a2403-C-4900,a2403-C-4900,181.5,0.0,0.0,0.0,1,120.5,0.0,0,220.0,182.5,188.0,177.0,7.0,12810.0,5
2023-05-09 21:41:28,a2403-C-4900,a2403-C-4900,181.5,0.0,0.0,0.0,1,127.0,0.0,0,220.0,182.5,188.0,177.0,7.0,12810.0,5
2023-05-09 21:41:49,a2403-C-4900,a2403-C-4900,181.5,0.0,0.0,0.0,1,120.5,0.0,0,220.0,182.5,188.0,177.0,7.0,12810.0,5
2023-05-09 21:42:11,a2403-C-4900,a2403-C-4900,181.5,0.0,0.0,0.0,1,127.0,0.0,0,220.0,182.5,188.0,177.0,7.0,12810.0,5
2023-05-09 21:42:28,a2403-C-4900,a2403-C-4900,181.5,0.0,0.0,0.0,1,120.5,0.0,0,220.0,182.5,188.0,177.0,7.0,12810.0,5
2023-05-09 21:42:29,a2403-C-4900,a2403-C-4900,181.5,0.0,0.0,0.0,1,160.0,171.0,1,220.0,182.5,188.0,177.0,7.0,12810.0,5
2023-05-09 21:42:31,a2403-C-4900,a2403-C-4900,171.0,1.0,1710.0,1.0,1,160.0,0.0,0,220.0,182.5,188.0,171.0,8.0,14520.0,6
2023-05-09 21:42:35,a2403-C-4900,a2403-C-4900,171.0,0.0,0.0,0.0,1,179.0,203.0,1,220.0,182.5,188.0,171.0,8.0,14520.0,6
2023-05-09 21:42:36,a2403-C-4900,a2403-C-4900,171.0,0.0,0.0,0.0,1,188.0,203.0,1,220.0,182.5,188.0,171.0,8.0,14520.0,6
2023-05-09 21:42:40,a2403-C-4900,a2403-C-4900,171.0,0.0,0.0,0.0,1,188.0,203.0,2,220.0,182.5,188.0,171.0,8.0,14520.0,6
2023-05-09 21:42:43,a2403-C-4900,a2403-C-4900,171.0,0.0,0.0,0.0,1,187.5,203.0,2,220.0,182.5,188.0,171.0,8.0,14520.0,6
2023-05-09 21:42:44,a2403-C-4900,a2403-C-4900,187.5,1.0,1875.0,0.0,1,187.0,203.0,2,220.0,182.5,188.0,171.0,9.0,16395.0,6
2023-05-09 21:42:46,a2403-C-4900,a2403-C-4900,187.0,1.0,1870.0,1.0,2,183.0,203.0,1,220.0,182.5,188.0,171.0,10.0,18265.0,7
2023-05-09 21:42:46,a2403-C-4900,a2403-C-4900,187.0,0.0,0.0,0.0,1,183.0,206.5,1,220.0,182.5,188.0,171.0,10.0,18265.0,7
2023-05-09 21:42:51,a2403-C-4900,a2403-C-4900,187.0,0.0,0.0,0.0,1,120.5,0.0,0,220.0,182.5,188.0,171.0,10.0,18265.0,7
2023-05-09 21:43:21,a2403-C-4900,a2403-C-4900,187.0,0.0,0.0,0.0,1,127.0,0.0,0,220.0,182.5,188.0,171.0,10.0,18265.0,7
2023-05-09 21:43:40,a2403-C-4900,a2403-C-4900,187.0,0.0,0.0,0.0,1,120.5,0.0,0,220.0,182.5,188.0,171.0,10.0,18265.0,7
2023-05-09 21:44:45,a2403-C-4900,a2403-C-4900,187.0,0.0,0.0,0.0,1,178.0,202.0,1,220.0,182.5,188.0,171.0,10.0,18265.0,7
2023-05-09 21:44:48,a2403-C-4900,a2403-C-4900,187.0,0.0,0.0,0.0,1,178.5,202.0,1,220.0,182.5,188.0,171.0,10.0,18265.0,7
2023-05-09 21:44:50,a2403-C-4900,a2403-C-4900,187.0,0.0,0.0,0.0,2,178.5,202.0,2,220.0,182.5,188.0,171.0,10.0,18265.0,7
2023-05-09 21:44:50,a2403-C-4900,a2403-C-4900,187.0,0.0,0.0,0.0,3,178.5,202.0,3,220.0,182.5,188.0,171.0,10.0,18265.0,7
2023-05-09 21:44:52,a2403-C-4900,a2403-C-4900,178.5,1.0,1785.0,0.0,2,178.5,202.0,3,220.0,182.5,188.0,171.0,11.0,20050.0,7
2023-05-09 21:44:56,a2403-C-4900,a2403-C-4900,178.5,0.0,0.0,0.0,2,178.5,202.0,2,220.0,182.5,188.0,171.0,11.0,20050.0,7
2023-05-09 21:45:01,a2403-C-4900,a2403-C-4900,178.5,0.0,0.0,0.0,1,178.5,202.0,1,220.0,182.5,188.0,171.0,11.0,20050.0,7
2023-05-09 21:45:03,a2403-C-4900,a2403-C-4900,178.5,0.0,0.0,0.0,1,160.0,0.0,0,220.0,182.5,188.0,171.0,11.0,20050.0,7
2023-05-09 21:45:03,a2403-C-4900,a2403-C-4900,178.5,0.0,0.0,0.0,1,120.5,0.0,0,220.0,182.5,188.0,171.0,11.0,20050.0,7
2023-05-09 21:45:14,a2403-C-4900,a2403-C-4900,178.5,0.0,0.0,0.0,1,127.0,0.0,0,220.0,182.5,188.0,171.0,11.0,20050.0,7
2023-05-09 21:45:29,a2403-C-4900,a2403-C-4900,178.5,0.0,0.0,0.0,1,120.5,0.0,0,220.0,182.5,188.0,171.0,11.0,20050.0,7
2023-05-09 21:46:15,a2403-C-4900,a2403-C-4900,178.5,0.0,0.0,0.0,1,173.0,197.0,1,220.0,182.5,188.0,171.0,11.0,20050.0,7
2023-05-09 21:46:18,a2403-C-4900,a2403-C-4900,178.5,0.0,0.0,0.0,1,173.5,197.0,1,220.0,182.5,188.0,171.0,11.0,20050.0,7
2023-05-09 21:46:20,a2403-C-4900,a2403-C-4900,178.5,0.0,0.0,0.0,2,173.5,197.0,2,220.0,182.5,188.0,171.0,11.0,20050.0,7
2023-05-09 21:46:21,a2403-C-4900,a2403-C-4900,173.5,1.0,1735.0,1.0,3,173.5,197.0,4,220.0,182.5,188.0,171.0,12.0,21785.0,8
2023-05-09 21:46:26,a2403-C-4900,a2403-C-4900,173.5,0.0,0.0,0.0,3,173.5,197.0,3,220.0,182.5,188.0,171.0,12.0,21785.0,8
2023-05-09 21:46:31,a2403-C-4900,a2403-C-4900,173.5,0.0,0.0,0.0,2,173.5,197.0,2,220.0,182.5,188.0,171.0,12.0,21785.0,8
2023-05-09 21:46:31,a2403-C-4900,a2403-C-4900,173.5,0.0,0.0,0.0,1,173.5,197.0,1,220.0,182.5,188.0,171.0,12.0,21785.0,8
2023-05-09 21:46:32,a2403-C-4900,a2403-C-4900,173.5,0.0,0.0,0.0,1,120.5,0.0,0,220.0,182.5,188.0,171.0,12.0,21785.0,8
2023-05-09 21:47:38,a2403-C-4900,a2403-C-4900,173.5,0.0,0.0,0.0,1,127.0,0.0,0,220.0,182.5,188.0,171.0,12.0,21785.0,8
2023-05-09 21:47:57,a2403-C-4900,a2403-C-4900,173.5,0.0,0.0,0.0,1,120.5,0.0,0,220.0,182.5,188.0,171.0,12.0,21785.0,8
2023-05-09 21:48:09,a2403-C-4900,a2403-C-4900,173.5,0.0,0.0,0.0,1,171.5,195.5,1,220.0,182.5,188.0,171.0,12.0,21785.0,8
2023-05-09 21:48:12,a2403-C-4900,a2403-C-4900,173.5,0.0,0.0,0.0,1,172.0,195.5,1,220.0,182.5,188.0,171.0,12.0,21785.0,8
2023-05-09 21:48:13,a2403-C-4900,a2403-C-4900,173.5,0.0,0.0,0.0,1,172.0,172.5,1,220.0,182.5,188.0,171.0,12.0,21785.0,8
2023-05-09 21:48:14,a2403-C-4900,a2403-C-4900,173.5,0.0,0.0,0.0,2,172.0,172.5,1,220.0,182.5,188.0,171.0,12.0,21785.0,8
2023-05-09 21:48:16,a2403-C-4900,a2403-C-4900,172.5,1.0,1725.0,1.0,2,172.0,183.5,1,220.0,182.5,188.0,171.0,13.0,23510.0,9
2023-05-09 21:48:16,a2403-C-4900,a2403-C-4900,172.5,0.0,0.0,0.0,1,172.0,192.5,1,220.0,182.5,188.0,171.0,13.0,23510.0,9
2023-05-09 21:48:24,a2403-C-4900,a2403-C-4900,172.5,0.0,0.0,0.0,1,172.0,0.0,0,220.0,182.5,188.0,171.0,13.0,23510.0,9
2023-05-09 21:48:27,a2403-C-4900,a2403-C-4900,172.5,0.0,0.0,0.0,1,120.5,0.0,0,220.0,182.5,188.0,171.0,13.0,23510.0,9
2023-05-09 21:50:08,a2403-C-4900,a2403-C-4900,172.5,0.0,0.0,0.0,1,172.0,196.0,1,220.0,182.5,188.0,171.0,13.0,23510.0,9
2023-05-09 21:50:09,a2403-C-4900,a2403-C-4900,172.5,0.0,0.0,0.0,1,185.0,196.0,1,220.0,182.5,188.0,171.0,13.0,23510.0,9
2023-05-09 21:50:14,a2403-C-4900,a2403-C-4900,172.5,1.0,1725.0,1.0,1,184.5,196.0,1,220.0,182.5,188.0,171.0,14.0,25235.0,10
2023-05-09 21:50:18,a2403-C-4900,a2403-C-4900,184.5,1.0,1845.0,0.0,1,184.0,196.0,1,220.0,182.5,188.0,171.0,15.0,27080.0,10
2023-05-09 21:50:19,a2403-C-4900,a2403-C-4900,184.5,0.0,0.0,0.0,1,184.0,197.0,1,220.0,182.5,188.0,171.0,15.0,27080.0,10
2023-05-09 21:50:20,a2403-C-4900,a2403-C-4900,184.0,1.0,1840.0,0.0,1,161.5,0.0,0,220.0,182.5,188.0,171.0,16.0,28920.0,10
2023-05-09 21:50:25,a2403-C-4900,a2403-C-4900,184.0,0.0,0.0,0.0,1,120.5,0.0,0,220.0,182.5,188.0,171.0,16.0,28920.0,10
2023-05-09 21:50:59,a2403-C-4900,a2403-C-4900,184.0,0.0,0.0,0.0,1,127.0,0.0,0,220.0,182.5,188.0,171.0,16.0,28920.0,10
2023-05-09 21:51:17,a2403-C-4900,a2403-C-4900,184.0,0.0,0.0,0.0,1,120.5,0.0,0,220.0,182.5,188.0,171.0,16.0,28920.0,10
2023-05-09 21:51:25,a2403-C-4900,a2403-C-4900,184.0,0.0,0.0,0.0,1,173.5,197.5,1,220.0,182.5,188.0,171.0,16.0,28920.0,10
2023-05-09 21:51:28,a2403-C-4900,a2403-C-4900,184.0,0.0,0.0,0.0,1,174.0,197.5,1,220.0,182.5,188.0,171.0,16.0,28920.0,10
2023-05-09 21:51:30,a2403-C-4900,a2403-C-4900,184.0,0.0,0.0,0.0,2,174.0,197.5,2,220.0,182.5,188.0,171.0,16.0,28920.0,10
2023-05-09 21:51:30,a2403-C-4900,a2403-C-4900,184.0,0.0,0.0,0.0,3,174.0,197.5,3,220.0,182.5,188.0,171.0,16.0,28920.0,10
2023-05-09 21:51:34,a2403-C-4900,a2403-C-4900,184.0,0.0,0.0,0.0,4,174.0,197.5,4,220.0,182.5,188.0,171.0,16.0,28920.0,10
2023-05-09 21:51:36,a2403-C-4900,a2403-C-4900,184.0,0.0,0.0,0.0,4,174.0,197.5,3,220.0,182.5,188.0,171.0,16.0,28920.0,10
2023-05-09 21:51:41,a2403-C-4900,a2403-C-4900,184.0,0.0,0.0,0.0,3,174.0,197.5,2,220.0,182.5,188.0,171.0,16.0,28920.0,10
2023-05-09 21:51:43,a2403-C-4900,a2403-C-4900,184.0,0.0,0.0,0.0,2,174.0,197.5,1,220.0,182.5,188.0,171.0,16.0,28920.0,10
2023-05-09 21:51:44,a2403-C-4900,a2403-C-4900,184.0,0.0,0.0,0.0,1,174.0,0.0,0,220.0,182.5,188.0,171.0,16.0,28920.0,10
2023-05-09 21:51:45,a2403-C-4900,a2403-C-4900,184.0,0.0,0.0,0.0,1,120.5,0.0,0,220.0,182.5,188.0,171.0,16.0,28920.0,10
2023-05-09 21:53:55,a2403-C-4900,a2403-C-4900,184.0,0.0,0.0,0.0,1,174.5,198.5,1,220.0,182.5,188.0,171.0,16.0,28920.0,10
2023-05-09 21:53:58,a2403-C-4900,a2403-C-4900,184.0,0.0,0.0,0.0,1,175.0,198.5,1,220.0,182.5,188.0,171.0,16.0,28920.0,10
2023-05-09 21:54:00,a2403-C-4900,a2403-C-4900,184.0,0.0,0.0,0.0,2,175.0,198.5,2,220.0,182.5,188.0,171.0,16.0,28920.0,10
2023-05-09 21:54:01,a2403-C-4900,a2403-C-4900,184.0,0.0,0.0,0.0,4,175.0,198.5,4,220.0,182.5,188.0,171.0,16.0,28920.0,10
2023-05-09 21:54:06,a2403-C-4900,a2403-C-4900,184.0,0.0,0.0,0.0,4,175.0,198.5,3,220.0,182.5,188.0,171.0,16.0,28920.0,10
2023-05-09 21:54:11,a2403-C-4900,a2403-C-4900,184.0,0.0,0.0,0.0,2,175.0,198.5,1,220.0,182.5,188.0,171.0,16.0,28920.0,10
2023-05-09 21:54:12,a2403-C-4900,a2403-C-4900,184.0,0.0,0.0,0.0,1,175.0,0.0,0,220.0,182.5,188.0,171.0,16.0,28920.0,10
2023-05-09 21:54:14,a2403-C-4900,a2403-C-4900,184.0,0.0,0.0,0.0,1,120.5,0.0,0,220.0,182.5,188.0,171.0,16.0,28920.0,10
2023-05-09 21:54:29,a2403-C-4900,a2403-C-4900,184.0,0.0,0.0,0.0,1,127.0,0.0,0,220.0,182.5,188.0,171.0,16.0,28920.0,10
2023-05-09 21:54:40,a2403-C-4900,a2403-C-4900,184.0,0.0,0.0,0.0,1,120.5,0.0,0,220.0,182.5,188.0,171.0,16.0,28920.0,10
2023-05-09 21:55:54,a2403-C-4900,a2403-C-4900,184.0,0.0,0.0,0.0,1,173.0,197.0,1,220.0,182.5,188.0,171.0,16.0,28920.0,10
2023-05-09 21:55:56,a2403-C-4900,a2403-C-4900,184.0,0.0,0.0,0.0,1,185.0,197.0,1,220.0,182.5,188.0,171.0,16.0,28920.0,10
2023-05-09 21:55:59,a2403-C-4900,a2403-C-4900,184.0,0.0,0.0,0.0,2,185.0,197.0,2,220.0,182.5,188.0,171.0,16.0,28920.0,10
2023-05-09 21:56:00,a2403-C-4900,a2403-C-4900,184.0,0.0,0.0,0.0,1,185.0,197.0,2,220.0,182.5,188.0,171.0,16.0,28920.0,10
2023-05-09 21:56:01,a2403-C-4900,a2403-C-4900,185.0,1.0,1850.0,0.0,1,184.5,197.0,2,220.0,182.5,188.0,171.0,17.0,30770.0,10
2023-05-09 21:56:05,a2403-C-4900,a2403-C-4900,185.0,0.0,0.0,0.0,1,184.5,197.0,1,220.0,182.5,188.0,171.0,17.0,30770.0,10
2023-05-09 21:56:09,a2403-C-4900,a2403-C-4900,185.0,0.0,0.0,0.0,1,178.0,197.0,1,220.0,182.5,188.0,171.0,17.0,30770.0,10
2023-05-09 21:56:10,a2403-C-4900,a2403-C-4900,185.0,0.0,0.0,0.0,1,175.0,197.0,1,220.0,182.5,188.0,171.0,17.0,30770.0,10
2023-05-09 21:56:10,a2403-C-4900,a2403-C-4900,185.0,0.0,0.0,0.0,1,120.5,197.0,1,220.0,182.5,188.0,171.0,17.0,30770.0,10
2023-05-09 21:56:11,a2403-C-4900,a2403-C-4900,185.0,0.0,0.0,0.0,1,120.5,0.0,0,220.0,182.5,188.0,171.0,17.0,30770.0,10
2023-05-09 21:56:25,a2403-C-4900,a2403-C-4900,185.0,0.0,0.0,0.0,1,127.0,0.0,0,220.0,182.5,188.0,171.0,17.0,30770.0,10
2023-05-09 21:56:46,a2403-C-4900,a2403-C-4900,185.0,0.0,0.0,0.0,1,120.5,0.0,0,220.0,182.5,188.0,171.0,17.0,30770.0,10
2023-05-09 21:57:02,a2403-C-4900,a2403-C-4900,185.0,0.0,0.0,0.0,1,127.0,0.0,0,220.0,182.5,188.0,171.0,17.0,30770.0,10
2023-05-09 21:57:19,a2403-C-4900,a2403-C-4900,185.0,0.0,0.0,0.0,1,120.5,0.0,0,220.0,182.5,188.0,171.0,17.0,30770.0,10
2023-05-09 21:58:33,a2403-C-4900,a2403-C-4900,185.0,0.0,0.0,0.0,1,127.0,0.0,0,220.0,182.5,188.0,171.0,17.0,30770.0,10
2023-05-09 21:58:53,a2403-C-4900,a2403-C-4900,185.0,0.0,0.0,0.0,1,120.5,0.0,0,220.0,182.5,188.0,171.0,17.0,30770.0,10
2023-05-09 21:59:46,a2403-C-4900,a2403-C-4900,185.0,0.0,0.0,0.0,1,127.0,0.0,0,220.0,182.5,188.0,171.0,17.0,30770.0,10
2023-05-09 22:00:03,a2403-C-4900,a2403-C-4900,185.0,0.0,0.0,0.0,1,120.5,0.0,0,220.0,182.5,188.0,171.0,17.0,30770.0,10
2023-05-09 22:00:15,a2403-C-4900,a2403-C-4900,185.0,0.0,0.0,0.0,1,173.5,197.5,1,220.0,182.5,188.0,171.0,17.0,30770.0,10
2023-05-09 22:00:18,a2403-C-4900,a2403-C-4900,185.0,0.0,0.0,0.0,1,174.0,197.5,1,220.0,182.5,188.0,171.0,17.0,30770.0,10
2023-05-09 22:00:20,a2403-C-4900,a2403-C-4900,185.0,0.0,0.0,0.0,2,174.0,197.5,2,220.0,182.5,188.0,171.0,17.0,30770.0,10
2023-05-09 22:00:20,a2403-C-4900,a2403-C-4900,185.0,0.0,0.0,0.0,3,174.0,197.5,3,220.0,182.5,188.0,171.0,17.0,30770.0,10
2023-05-09 22:00:24,a2403-C-4900,a2403-C-4900,185.0,0.0,0.0,0.0,4,174.0,197.5,4,220.0,182.5,188.0,171.0,17.0,30770.0,10
2023-05-09 22:00:26,a2403-C-4900,a2403-C-4900,185.0,0.0,0.0,0.0,4,174.0,197.5,3,220.0,182.5,188.0,171.0,17.0,30770.0,10
2023-05-09 22:00:31,a2403-C-4900,a2403-C-4900,185.0,0.0,0.0,0.0,3,174.0,197.5,2,220.0,182.5,188.0,171.0,17.0,30770.0,10
2023-05-09 22:00:32,a2403-C-4900,a2403-C-4900,185.0,0.0,0.0,0.0,2,174.0,197.5,2,220.0,182.5,188.0,171.0,17.0,30770.0,10
2023-05-09 22:00:33,a2403-C-4900,a2403-C-4900,185.0,0.0,0.0,0.0,1,174.0,197.5,1,220.0,182.5,188.0,171.0,17.0,30770.0,10
2023-05-09 22:00:34,a2403-C-4900,a2403-C-4900,185.0,0.0,0.0,0.0,1,120.5,0.0,0,220.0,182.5,188.0,171.0,17.0,30770.0,10
2023-05-09 22:01:28,a2403-C-4900,a2403-C-4900,185.0,0.0,0.0,0.0,1,127.0,0.0,0,220.0,182.5,188.0,171.0,17.0,30770.0,10
2023-05-09 22:01:46,a2403-C-4900,a2403-C-4900,185.0,0.0,0.0,0.0,1,120.5,0.0,0,220.0,182.5,188.0,171.0,17.0,30770.0,10
2023-05-09 22:01:54,a2403-C-4900,a2403-C-4900,185.0,0.0,0.0,0.0,1,127.0,0.0,0,220.0,182.5,188.0,171.0,17.0,30770.0,10
2023-05-09 22:02:12,a2403-C-4900,a2403-C-4900,185.0,0.0,0.0,0.0,1,120.5,0.0,0,220.0,182.5,188.0,171.0,17.0,30770.0,10
2023-05-09 22:03:20,a2403-C-4900,a2403-C-4900,185.0,0.0,0.0,0.0,1,127.0,0.0,0,220.0,182.5,188.0,171.0,17.0,30770.0,10
2023-05-09 22:03:38,a2403-C-4900,a2403-C-4900,185.0,0.0,0.0,0.0,1,120.5,0.0,0,220.0,182.5,188.0,171.0,17.0,30770.0,10
2023-05-09 22:05:58,a2403-C-4900,a2403-C-4900,185.0,0.0,0.0,0.0,1,127.0,0.0,0,220.0,182.5,188.0,171.0,17.0,30770.0,10
2023-05-09 22:06:18,a2403-C-4900,a2403-C-4900,185.0,0.0,0.0,0.0,1,120.5,0.0,0,220.0,182.5,188.0,171.0,17.0,30770.0,10
2023-05-09 22:57:35,a2403-C-4900,a2403-C-4900,185.0,0.0,0.0,0.0,1,2.5,0.0,0,220.0,182.5,188.0,171.0,17.0,30770.0,10
2023-05-10 09:00:17,a2403-C-4900,a2403-C-4900,185.0,0.0,0.0,0.0,1,3.0,0.0,0,220.0,182.5,188.0,171.0,17.0,30770.0,10
2023-05-10 09:01:45,a2403-C-4900,a2403-C-4900,185.0,0.0,0.0,0.0,1,3.5,0.0,0,220.0,182.5,188.0,171.0,17.0,30770.0,10
2023-05-10 09:01:45,a2403-C-4900,a2403-C-4900,185.0,0.0,0.0,0.0,6,4.5,0.0,0,220.0,182.5,188.0,171.0,17.0,30770.0,10
2023-05-10 09:04:03,a2403-C-4900,a2403-C-4900,185.0,0.0,0.0,0.0,1,5.0,0.0,0,220.0,182.5,188.0,171.0,17.0,30770.0,10
2023-05-10 09:04:03,a2403-C-4900,a2403-C-4900,185.0,0.0,0.0,0.0,6,6.0,0.0,0,220.0,182.5,188.0,171.0,17.0,30770.0,10
2023-05-10 09:04:06,a2403-C-4900,a2403-C-4900,185.0,0.0,0.0,0.0,1,6.5,0.0,0,220.0,182.5,188.0,171.0,17.0,30770.0,10
2023-05-10 09:04:06,a2403-C-4900,a2403-C-4900,185.0,0.0,0.0,0.0,6,7.5,0.0,0,220.0,182.5,188.0,171.0,17.0,30770.0,10
2023-05-10 09:04:07,a2403-C-4900,a2403-C-4900,185.0,0.0,0.0,0.0,1,8.0,0.0,0,220.0,182.5,188.0,171.0,17.0,30770.0,10
2023-05-10 09:04:07,a2403-C-4900,a2403-C-4900,185.0,0.0,0.0,0.0,6,9.0,0.0,0,220.0,182.5,188.0,171.0,17.0,30770.0,10
2023-05-10 09:04:08,a2403-C-4900,a2403-C-4900,185.0,0.0,0.0,0.0,1,9.5,0.0,0,220.0,182.5,188.0,171.0,17.0,30770.0,10
2023-05-10 09:04:08,a2403-C-4900,a2403-C-4900,185.0,0.0,0.0,0.0,6,10.5,0.0,0,220.0,182.5,188.0,171.0,17.0,30770.0,10
2023-05-10 09:04:10,a2403-C-4900,a2403-C-4900,185.0,0.0,0.0,0.0,1,11.0,0.0,0,220.0,182.5,188.0,171.0,17.0,30770.0,10
2023-05-10 09:04:10,a2403-C-4900,a2403-C-4900,185.0,0.0,0.0,0.0,6,12.0,0.0,0,220.0,182.5,188.0,171.0,17.0,30770.0,10
2023-05-10 09:04:11,a2403-C-4900,a2403-C-4900,185.0,0.0,0.0,0.0,1,12.5,0.0,0,220.0,182.5,188.0,171.0,17.0,30770.0,10
2023-05-10 09:04:11,a2403-C-4900,a2403-C-4900,185.0,0.0,0.0,0.0,6,13.5,0.0,0,220.0,182.5,188.0,171.0,17.0,30770.0,10
2023-05-10 09:04:13,a2403-C-4900,a2403-C-4900,185.0,0.0,0.0,0.0,1,14.0,0.0,0,220.0,182.5,188.0,171.0,17.0,30770.0,10
2023-05-10 09:04:13,a2403-C-4900,a2403-C-4900,185.0,0.0,0.0,0.0,6,15.0,0.0,0,220.0,182.5,188.0,171.0,17.0,30770.0,10
2023-05-10 09:04:14,a2403-C-4900,a2403-C-4900,185.0,0.0,0.0,0.0,1,15.5,0.0,0,220.0,182.5,188.0,171.0,17.0,30770.0,10
2023-05-10 09:04:14,a2403-C-4900,a2403-C-4900,185.0,0.0,0.0,0.0,6,16.5,0.0,0,220.0,182.5,188.0,171.0,17.0,30770.0,10
2023-05-10 09:04:15,a2403-C-4900,a2403-C-4900,185.0,0.0,0.0,0.0,1,17.0,0.0,0,220.0,182.5,188.0,171.0,17.0,30770.0,10
2023-05-10 09:04:15,a2403-C-4900,a2403-C-4900,185.0,0.0,0.0,0.0,6,18.0,0.0,0,220.0,182.5,188.0,171.0,17.0,30770.0,10
2023-05-10 09:04:16,a2403-C-4900,a2403-C-4900,185.0,0.0,0.0,0.0,1,18.5,0.0,0,220.0,182.5,188.0,171.0,17.0,30770.0,10
2023-05-10 09:04:16,a2403-C-4900,a2403-C-4900,185.0,0.0,0.0,0.0,6,19.5,0.0,0,220.0,182.5,188.0,171.0,17.0,30770.0,10
2023-05-10 09:04:17,a2403-C-4900,a2403-C-4900,185.0,0.0,0.0,0.0,1,20.0,0.0,0,220.0,182.5,188.0,171.0,17.0,30770.0,10
2023-05-10 09:04:17,a2403-C-4900,a2403-C-4900,185.0,0.0,0.0,0.0,6,21.0,0.0,0,220.0,182.5,188.0,171.0,17.0,30770.0,10
2023-05-10 09:04:18,a2403-C-4900,a2403-C-4900,185.0,0.0,0.0,0.0,1,21.5,0.0,0,220.0,182.5,188.0,171.0,17.0,30770.0,10
2023-05-10 09:04:18,a2403-C-4900,a2403-C-4900,185.0,0.0,0.0,0.0,6,22.5,0.0,0,220.0,182.5,188.0,171.0,17.0,30770.0,10
2023-05-10 09:04:19,a2403-C-4900,a2403-C-4900,185.0,0.0,0.0,0.0,1,23.0,0.0,0,220.0,182.5,188.0,171.0,17.0,30770.0,10
2023-05-10 09:04:19,a2403-C-4900,a2403-C-4900,185.0,0.0,0.0,0.0,6,24.0,0.0,0,220.0,182.5,188.0,171.0,17.0,30770.0,10
2023-05-10 09:04:20,a2403-C-4900,a2403-C-4900,185.0,0.0,0.0,0.0,1,24.5,0.0,0,220.0,182.5,188.0,171.0,17.0,30770.0,10
2023-05-10 09:04:20,a2403-C-4900,a2403-C-4900,185.0,0.0,0.0,0.0,6,25.5,0.0,0,220.0,182.5,188.0,171.0,17.0,30770.0,10
2023-05-10 09:04:21,a2403-C-4900,a2403-C-4900,185.0,0.0,0.0,0.0,1,26.0,0.0,0,220.0,182.5,188.0,171.0,17.0,30770.0,10
2023-05-10 09:04:21,a2403-C-4900,a2403-C-4900,185.0,0.0,0.0,0.0,6,27.0,0.0,0,220.0,182.5,188.0,171.0,17.0,30770.0,10
2023-05-10 09:04:22,a2403-C-4900,a2403-C-4900,185.0,0.0,0.0,0.0,1,27.5,0.0,0,220.0,182.5,188.0,171.0,17.0,30770.0,10
2023-05-10 09:04:22,a2403-C-4900,a2403-C-4900,185.0,0.0,0.0,0.0,6,28.5,0.0,0,220.0,182.5,188.0,171.0,17.0,30770.0,10
2023-05-10 09:04:23,a2403-C-4900,a2403-C-4900,185.0,0.0,0.0,0.0,1,29.0,0.0,0,220.0,182.5,188.0,171.0,17.0,30770.0,10
2023-05-10 09:04:23,a2403-C-4900,a2403-C-4900,185.0,0.0,0.0,0.0,6,30.0,0.0,0,220.0,182.5,188.0,171.0,17.0,30770.0,10
2023-05-10 09:04:24,a2403-C-4900,a2403-C-4900,185.0,0.0,0.0,0.0,1,30.5,0.0,0,220.0,182.5,188.0,171.0,17.0,30770.0,10
2023-05-10 09:04:24,a2403-C-4900,a2403-C-4900,185.0,0.0,0.0,0.0,6,31.5,0.0,0,220.0,182.5,188.0,171.0,17.0,30770.0,10
2023-05-10 09:04:25,a2403-C-4900,a2403-C-4900,185.0,0.0,0.0,0.0,1,32.0,0.0,0,220.0,182.5,188.0,171.0,17.0,30770.0,10
2023-05-10 09:04:25,a2403-C-4900,a2403-C-4900,185.0,0.0,0.0,0.0,6,33.0,0.0,0,220.0,182.5,188.0,171.0,17.0,30770.0,10
2023-05-10 09:04:26,a2403-C-4900,a2403-C-4900,185.0,0.0,0.0,0.0,1,33.5,0.0,0,220.0,182.5,188.0,171.0,17.0,30770.0,10
2023-05-10 09:04:26,a2403-C-4900,a2403-C-4900,185.0,0.0,0.0,0.0,6,34.5,0.0,0,220.0,182.5,188.0,171.0,17.0,30770.0,10
2023-05-10 09:04:27,a2403-C-4900,a2403-C-4900,185.0,0.0,0.0,0.0,1,35.0,0.0,0,220.0,182.5,188.0,171.0,17.0,30770.0,10
2023-05-10 09:04:27,a2403-C-4900,a2403-C-4900,185.0,0.0,0.0,0.0,6,36.0,0.0,0,220.0,182.5,188.0,171.0,17.0,30770.0,10
2023-05-10 09:04:28,a2403-C-4900,a2403-C-4900,185.0,0.0,0.0,0.0,1,36.5,0.0,0,220.0,182.5,188.0,171.0,17.0,30770.0,10
2023-05-10 09:04:28,a2403-C-4900,a2403-C-4900,185.0,0.0,0.0,0.0,6,37.5,0.0,0,220.0,182.5,188.0,171.0,17.0,30770.0,10
2023-05-10 09:04:29,a2403-C-4900,a2403-C-4900,185.0,0.0,0.0,0.0,1,38.0,0.0,0,220.0,182.5,188.0,171.0,17.0,30770.0,10
2023-05-10 09:04:29,a2403-C-4900,a2403-C-4900,185.0,0.0,0.0,0.0,6,39.0,0.0,0,220.0,182.5,188.0,171.0,17.0,30770.0,10
2023-05-10 09:04:30,a2403-C-4900,a2403-C-4900,185.0,0.0,0.0,0.0,1,39.5,0.0,0,220.0,182.5,188.0,171.0,17.0,30770.0,10
2023-05-10 09:04:30,a2403-C-4900,a2403-C-4900,185.0,0.0,0.0,0.0,6,40.5,0.0,0,220.0,182.5,188.0,171.0,17.0,30770.0,10
2023-05-10 09:04:31,a2403-C-4900,a2403-C-4900,185.0,0.0,0.0,0.0,1,41.0,0.0,0,220.0,182.5,188.0,171.0,17.0,30770.0,10
2023-05-10 09:04:31,a2403-C-4900,a2403-C-4900,185.0,0.0,0.0,0.0,6,42.0,0.0,0,220.0,182.5,188.0,171.0,17.0,30770.0,10
2023-05-10 09:04:32,a2403-C-4900,a2403-C-4900,185.0,0.0,0.0,0.0,1,42.5,0.0,0,220.0,182.5,188.0,171.0,17.0,30770.0,10
2023-05-10 09:04:32,a2403-C-4900,a2403-C-4900,185.0,0.0,0.0,0.0,6,43.5,0.0,0,220.0,182.5,188.0,171.0,17.0,30770.0,10
2023-05-10 09:04:33,a2403-C-4900,a2403-C-4900,185.0,0.0,0.0,0.0,1,44.0,0.0,0,220.0,182.5,188.0,171.0,17.0,30770.0,10
2023-05-10 09:04:33,a2403-C-4900,a2403-C-4900,185.0,0.0,0.0,0.0,6,45.0,0.0,0,220.0,182.5,188.0,171.0,17.0,30770.0,10
2023-05-10 09:04:34,a2403-C-4900,a2403-C-4900,185.0,0.0,0.0,0.0,1,45.5,0.0,0,220.0,182.5,188.0,171.0,17.0,30770.0,10
2023-05-10 09:04:34,a2403-C-4900,a2403-C-4900,185.0,0.0,0.0,0.0,6,46.5,0.0,0,220.0,182.5,188.0,171.0,17.0,30770.0,10
2023-05-10 09:04:35,a2403-C-4900,a2403-C-4900,185.0,0.0,0.0,0.0,1,47.0,0.0,0,220.0,182.5,188.0,171.0,17.0,30770.0,10
2023-05-10 09:04:35,a2403-C-4900,a2403-C-4900,185.0,0.0,0.0,0.0,6,48.0,0.0,0,220.0,182.5,188.0,171.0,17.0,30770.0,10
2023-05-10 09:04:36,a2403-C-4900,a2403-C-4900,185.0,0.0,0.0,0.0,1,48.5,0.0,0,220.0,182.5,188.0,171.0,17.0,30770.0,10
2023-05-10 09:04:36,a2403-C-4900,a2403-C-4900,185.0,0.0,0.0,0.0,6,49.5,0.0,0,220.0,182.5,188.0,171.0,17.0,30770.0,10
2023-05-10 09:04:37,a2403-C-4900,a2403-C-4900,185.0,0.0,0.0,0.0,1,50.0,0.0,0,220.0,182.5,188.0,171.0,17.0,30770.0,10
2023-05-10 09:04:38,a2403-C-4900,a2403-C-4900,185.0,0.0,0.0,0.0,6,51.0,0.0,0,220.0,182.5,188.0,171.0,17.0,30770.0,10
2023-05-10 09:04:39,a2403-C-4900,a2403-C-4900,185.0,0.0,0.0,0.0,1,51.5,0.0,0,220.0,182.5,188.0,171.0,17.0,30770.0,10
2023-05-10 09:04:39,a2403-C-4900,a2403-C-4900,185.0,0.0,0.0,0.0,6,52.5,0.0,0,220.0,182.5,188.0,171.0,17.0,30770.0,10
2023-05-10 09:04:40,a2403-C-4900,a2403-C-4900,185.0,0.0,0.0,0.0,1,53.0,0.0,0,220.0,182.5,188.0,171.0,17.0,30770.0,10
2023-05-10 09:04:40,a2403-C-4900,a2403-C-4900,185.0,0.0,0.0,0.0,6,54.0,0.0,0,220.0,182.5,188.0,171.0,17.0,30770.0,10
2023-05-10 09:04:41,a2403-C-4900,a2403-C-4900,185.0,0.0,0.0,0.0,1,54.5,0.0,0,220.0,182.5,188.0,171.0,17.0,30770.0,10
2023-05-10 09:04:41,a2403-C-4900,a2403-C-4900,185.0,0.0,0.0,0.0,6,55.5,0.0,0,220.0,182.5,188.0,171.0,17.0,30770.0,10
2023-05-10 09:04:42,a2403-C-4900,a2403-C-4900,185.0,0.0,0.0,0.0,1,56.0,0.0,0,220.0,182.5,188.0,171.0,17.0,30770.0,10
2023-05-10 09:04:42,a2403-C-4900,a2403-C-4900,185.0,0.0,0.0,0.0,6,57.0,0.0,0,220.0,182.5,188.0,171.0,17.0,30770.0,10
2023-05-10 09:04:43,a2403-C-4900,a2403-C-4900,185.0,0.0,0.0,0.0,1,57.5,0.0,0,220.0,182.5,188.0,171.0,17.0,30770.0,10
2023-05-10 09:04:43,a2403-C-4900,a2403-C-4900,185.0,0.0,0.0,0.0,6,58.5,0.0,0,220.0,182.5,188.0,171.0,17.0,30770.0,10
2023-05-10 09:04:44,a2403-C-4900,a2403-C-4900,185.0,0.0,0.0,0.0,1,59.0,0.0,0,220.0,182.5,188.0,171.0,17.0,30770.0,10
2023-05-10 09:04:44,a2403-C-4900,a2403-C-4900,185.0,0.0,0.0,0.0,6,60.0,0.0,0,220.0,182.5,188.0,171.0,17.0,30770.0,10
2023-05-10 09:04:45,a2403-C-4900,a2403-C-4900,185.0,0.0,0.0,0.0,1,60.5,0.0,0,220.0,182.5,188.0,171.0,17.0,30770.0,10
2023-05-10 09:04:45,a2403-C-4900,a2403-C-4900,185.0,0.0,0.0,0.0,6,61.5,0.0,0,220.0,182.5,188.0,171.0,17.0,30770.0,10
2023-05-10 09:04:46,a2403-C-4900,a2403-C-4900,185.0,0.0,0.0,0.0,1,62.0,0.0,0,220.0,182.5,188.0,171.0,17.0,30770.0,10
2023-05-10 09:04:46,a2403-C-4900,a2403-C-4900,185.0,0.0,0.0,0.0,6,63.0,0.0,0,220.0,182.5,188.0,171.0,17.0,30770.0,10
2023-05-10 09:04:47,a2403-C-4900,a2403-C-4900,185.0,0.0,0.0,0.0,1,63.5,0.0,0,220.0,182.5,188.0,171.0,17.0,30770.0,10
2023-05-10 09:04:47,a2403-C-4900,a2403-C-4900,185.0,0.0,0.0,0.0,6,64.5,0.0,0,220.0,182.5,188.0,171.0,17.0,30770.0,10
2023-05-10 09:04:48,a2403-C-4900,a2403-C-4900,185.0,0.0,0.0,0.0,1,65.0,0.0,0,220.0,182.5,188.0,171.0,17.0,30770.0,10
2023-05-10 09:04:48,a2403-C-4900,a2403-C-4900,185.0,0.0,0.0,0.0,6,66.0,0.0,0,220.0,182.5,188.0,171.0,17.0,30770.0,10
2023-05-10 09:04:49,a2403-C-4900,a2403-C-4900,185.0,0.0,0.0,0.0,1,66.5,0.0,0,220.0,182.5,188.0,171.0,17.0,30770.0,10
2023-05-10 09:04:49,a2403-C-4900,a2403-C-4900,185.0,0.0,0.0,0.0,6,67.5,0.0,0,220.0,182.5,188.0,171.0,17.0,30770.0,10
2023-05-10 09:04:50,a2403-C-4900,a2403-C-4900,185.0,0.0,0.0,0.0,1,68.0,0.0,0,220.0,182.5,188.0,171.0,17.0,30770.0,10
2023-05-10 09:04:50,a2403-C-4900,a2403-C-4900,185.0,0.0,0.0,0.0,6,69.0,0.0,0,220.0,182.5,188.0,171.0,17.0,30770.0,10
2023-05-10 09:04:51,a2403-C-4900,a2403-C-4900,185.0,0.0,0.0,0.0,1,69.5,0.0,0,220.0,182.5,188.0,171.0,17.0,30770.0,10
2023-05-10 09:04:51,a2403-C-4900,a2403-C-4900,185.0,0.0,0.0,0.0,6,70.5,0.0,0,220.0,182.5,188.0,171.0,17.0,30770.0,10
2023-05-10 09:04:52,a2403-C-4900,a2403-C-4900,185.0,0.0,0.0,0.0,1,71.0,0.0,0,220.0,182.5,188.0,171.0,17.0,30770.0,10
2023-05-10 09:04:52,a2403-C-4900,a2403-C-4900,185.0,0.0,0.0,0.0,6,72.0,0.0,0,220.0,182.5,188.0,171.0,17.0,30770.0,10
2023-05-10 09:04:53,a2403-C-4900,a2403-C-4900,185.0,0.0,0.0,0.0,1,72.5,0.0,0,220.0,182.5,188.0,171.0,17.0,30770.0,10
2023-05-10 09:04:53,a2403-C-4900,a2403-C-4900,185.0,0.0,0.0,0.0,6,73.5,0.0,0,220.0,182.5,188.0,171.0,17.0,30770.0,10
2023-05-10 09:04:54,a2403-C-4900,a2403-C-4900,185.0,0.0,0.0,0.0,1,74.0,0.0,0,220.0,182.5,188.0,171.0,17.0,30770.0,10
2023-05-10 09:04:54,a2403-C-4900,a2403-C-4900,185.0,0.0,0.0,0.0,6,75.0,0.0,0,220.0,182.5,188.0,171.0,17.0,30770.0,10
2023-05-10 09:04:55,a2403-C-4900,a2403-C-4900,185.0,0.0,0.0,0.0,1,75.5,0.0,0,220.0,182.5,188.0,171.0,17.0,30770.0,10
2023-05-10 09:04:55,a2403-C-4900,a2403-C-4900,185.0,0.0,0.0,0.0,6,76.5,0.0,0,220.0,182.5,188.0,171.0,17.0,30770.0,10
2023-05-10 09:04:56,a2403-C-4900,a2403-C-4900,185.0,0.0,0.0,0.0,1,77.0,0.0,0,220.0,182.5,188.0,171.0,17.0,30770.0,10
2023-05-10 09:04:56,a2403-C-4900,a2403-C-4900,185.0,0.0,0.0,0.0,6,78.0,0.0,0,220.0,182.5,188.0,171.0,17.0,30770.0,10
2023-05-10 09:04:57,a2403-C-4900,a2403-C-4900,185.0,0.0,0.0,0.0,1,78.5,0.0,0,220.0,182.5,188.0,171.0,17.0,30770.0,10
2023-05-10 09:04:57,a2403-C-4900,a2403-C-4900,185.0,0.0,0.0,0.0,6,79.5,0.0,0,220.0,182.5,188.0,171.0,17.0,30770.0,10
2023-05-10 09:04:58,a2403-C-4900,a2403-C-4900,185.0,0.0,0.0,0.0,1,80.0,0.0,0,220.0,182.5,188.0,171.0,17.0,30770.0,10
2023-05-10 09:04:58,a2403-C-4900,a2403-C-4900,185.0,0.0,0.0,0.0,6,81.0,0.0,0,220.0,182.5,188.0,171.0,17.0,30770.0,10
2023-05-10 09:04:59,a2403-C-4900,a2403-C-4900,185.0,0.0,0.0,0.0,1,81.5,0.0,0,220.0,182.5,188.0,171.0,17.0,30770.0,10
2023-05-10 09:04:59,a2403-C-4900,a2403-C-4900,185.0,0.0,0.0,0.0,6,82.5,0.0,0,220.0,182.5,188.0,171.0,17.0,30770.0,10
2023-05-10 09:05:00,a2403-C-4900,a2403-C-4900,185.0,0.0,0.0,0.0,1,83.0,0.0,0,220.0,182.5,188.0,171.0,17.0,30770.0,10
2023-05-10 09:05:00,a2403-C-4900,a2403-C-4900,185.0,0.0,0.0,0.0,6,84.0,0.0,0,220.0,182.5,188.0,171.0,17.0,30770.0,10
2023-05-10 09:05:01,a2403-C-4900,a2403-C-4900,185.0,0.0,0.0,0.0,1,84.5,0.0,0,220.0,182.5,188.0,171.0,17.0,30770.0,10
2023-05-10 09:05:01,a2403-C-4900,a2403-C-4900,185.0,0.0,0.0,0.0,6,85.5,0.0,0,220.0,182.5,188.0,171.0,17.0,30770.0,10
2023-05-10 09:05:02,a2403-C-4900,a2403-C-4900,185.0,0.0,0.0,0.0,1,86.0,0.0,0,220.0,182.5,188.0,171.0,17.0,30770.0,10
2023-05-10 09:05:02,a2403-C-4900,a2403-C-4900,185.0,0.0,0.0,0.0,6,87.0,0.0,0,220.0,182.5,188.0,171.0,17.0,30770.0,10
2023-05-10 09:05:03,a2403-C-4900,a2403-C-4900,185.0,0.0,0.0,0.0,1,87.5,0.0,0,220.0,182.5,188.0,171.0,17.0,30770.0,10
2023-05-10 09:05:03,a2403-C-4900,a2403-C-4900,185.0,0.0,0.0,0.0,6,88.5,0.0,0,220.0,182.5,188.0,171.0,17.0,30770.0,10
2023-05-10 09:05:04,a2403-C-4900,a2403-C-4900,185.0,0.0,0.0,0.0,1,89.0,0.0,0,220.0,182.5,188.0,171.0,17.0,30770.0,10
2023-05-10 09:05:05,a2403-C-4900,a2403-C-4900,185.0,0.0,0.0,0.0,6,90.0,0.0,0,220.0,182.5,188.0,171.0,17.0,30770.0,10
2023-05-10 09:05:06,a2403-C-4900,a2403-C-4900,185.0,0.0,0.0,0.0,1,90.5,0.0,0,220.0,182.5,188.0,171.0,17.0,30770.0,10
2023-05-10 09:05:06,a2403-C-4900,a2403-C-4900,185.0,0.0,0.0,0.0,6,91.5,0.0,0,220.0,182.5,188.0,171.0,17.0,30770.0,10
2023-05-10 09:05:08,a2403-C-4900,a2403-C-4900,185.0,0.0,0.0,0.0,1,92.0,0.0,0,220.0,182.5,188.0,171.0,17.0,30770.0,10
2023-05-10 09:05:08,a2403-C-4900,a2403-C-4900,185.0,0.0,0.0,0.0,6,93.0,0.0,0,220.0,182.5,188.0,171.0,17.0,30770.0,10
2023-05-10 09:05:09,a2403-C-4900,a2403-C-4900,185.0,0.0,0.0,0.0,1,93.5,0.0,0,220.0,182.5,188.0,171.0,17.0,30770.0,10
2023-05-10 09:05:09,a2403-C-4900,a2403-C-4900,185.0,0.0,0.0,0.0,6,94.5,0.0,0,220.0,182.5,188.0,171.0,17.0,30770.0,10
2023-05-10 09:05:11,a2403-C-4900,a2403-C-4900,185.0,0.0,0.0,0.0,1,95.0,0.0,0,220.0,182.5,188.0,171.0,17.0,30770.0,10
2023-05-10 09:05:11,a2403-C-4900,a2403-C-4900,185.0,0.0,0.0,0.0,6,96.0,0.0,0,220.0,182.5,188.0,171.0,17.0,30770.0,10
2023-05-10 09:05:12,a2403-C-4900,a2403-C-4900,185.0,0.0,0.0,0.0,1,96.5,0.0,0,220.0,182.5,188.0,171.0,17.0,30770.0,10
2023-05-10 09:05:12,a2403-C-4900,a2403-C-4900,185.0,0.0,0.0,0.0,6,97.5,0.0,0,220.0,182.5,188.0,171.0,17.0,30770.0,10
2023-05-10 09:05:13,a2403-C-4900,a2403-C-4900,185.0,0.0,0.0,0.0,1,98.0,0.0,0,220.0,182.5,188.0,171.0,17.0,30770.0,10
2023-05-10 09:05:13,a2403-C-4900,a2403-C-4900,185.0,0.0,0.0,0.0,6,99.0,0.0,0,220.0,182.5,188.0,171.0,17.0,30770.0,10
2023-05-10 09:05:14,a2403-C-4900,a2403-C-4900,185.0,0.0,0.0,0.0,1,99.5,0.0,0,220.0,182.5,188.0,171.0,17.0,30770.0,10
2023-05-10 09:05:14,a2403-C-4900,a2403-C-4900,185.0,0.0,0.0,0.0,6,100.5,0.0,0,220.0,182.5,188.0,171.0,17.0,30770.0,10
2023-05-10 09:05:15,a2403-C-4900,a2403-C-4900,185.0,0.0,0.0,0.0,1,101.0,0.0,0,220.0,182.5,188.0,171.0,17.0,30770.0,10
2023-05-10 09:05:15,a2403-C-4900,a2403-C-4900,185.0,0.0,0.0,0.0,6,102.0,0.0,0,220.0,182.5,188.0,171.0,17.0,30770.0,10
2023-05-10 09:05:16,a2403-C-4900,a2403-C-4900,185.0,0.0,0.0,0.0,1,102.5,0.0,0,220.0,182.5,188.0,171.0,17.0,30770.0,10
2023-05-10 10:12:28,a2403-C-4900,a2403-C-4900,185.0,0.0,0.0,0.0,1,8.0,0.0,0,220.0,182.5,188.0,171.0,17.0,30770.0,10
2023-05-10 10:12:28,a2403-C-4900,a2403-C-4900,185.0,0.0,0.0,0.0,6,9.0,0.0,0,220.0,182.5,188.0,171.0,17.0,30770.0,10
2023-05-10 10:30:43,a2403-C-4900,a2403-C-4900,185.0,0.0,0.0,0.0,1,9.5,0.0,0,220.0,182.5,188.0,171.0,17.0,30770.0,10
2023-05-10 10:30:43,a2403-C-4900,a2403-C-4900,185.0,0.0,0.0,0.0,6,10.5,0.0,0,220.0,182.5,188.0,171.0,17.0,30770.0,10
2023-05-10 10:31:25,a2403-C-4900,a2403-C-4900,185.0,0.0,0.0,0.0,1,11.0,0.0,0,220.0,182.5,188.0,171.0,17.0,30770.0,10
2023-05-10 10:31:25,a2403-C-4900,a2403-C-4900,185.0,0.0,0.0,0.0,6,12.0,0.0,0,220.0,182.5,188.0,171.0,17.0,30770.0,10
2023-05-10 10:32:30,a2403-C-4900,a2403-C-4900,185.0,0.0,0.0,0.0,1,12.5,0.0,0,220.0,182.5,188.0,171.0,17.0,30770.0,10
2023-05-10 10:32:30,a2403-C-4900,a2403-C-4900,185.0,0.0,0.0,0.0,6,13.5,0.0,0,220.0,182.5,188.0,171.0,17.0,30770.0,10
2023-05-10 10:32:32,a2403-C-4900,a2403-C-4900,185.0,0.0,0.0,0.0,1,14.0,0.0,0,220.0,182.5,188.0,171.0,17.0,30770.0,10
2023-05-10 10:32:32,a2403-C-4900,a2403-C-4900,185.0,0.0,0.0,0.0,6,15.0,0.0,0,220.0,182.5,188.0,171.0,17.0,30770.0,10
2023-05-10 10:32:36,a2403-C-4900,a2403-C-4900,185.0,0.0,0.0,0.0,1,15.5,0.0,0,220.0,182.5,188.0,171.0,17.0,30770.0,10
2023-05-10 10:32:37,a2403-C-4900,a2403-C-4900,185.0,0.0,0.0,0.0,6,16.5,0.0,0,220.0,182.5,188.0,171.0,17.0,30770.0,10
2023-05-10 10:32:38,a2403-C-4900,a2403-C-4900,185.0,0.0,0.0,0.0,1,17.0,0.0,0,220.0,182.5,188.0,171.0,17.0,30770.0,10
2023-05-10 10:32:38,a2403-C-4900,a2403-C-4900,185.0,0.0,0.0,0.0,6,18.0,0.0,0,220.0,182.5,188.0,171.0,17.0,30770.0,10
2023-05-10 10:32:39,a2403-C-4900,a2403-C-4900,185.0,0.0,0.0,0.0,1,18.5,0.0,0,220.0,182.5,188.0,171.0,17.0,30770.0,10
2023-05-10 10:32:39,a2403-C-4900,a2403-C-4900,185.0,0.0,0.0,0.0,6,19.5,0.0,0,220.0,182.5,188.0,171.0,17.0,30770.0,10
2023-05-10 10:32:40,a2403-C-4900,a2403-C-4900,185.0,0.0,0.0,0.0,1,20.0,0.0,0,220.0,182.5,188.0,171.0,17.0,30770.0,10
2023-05-10 10:32:40,a2403-C-4900,a2403-C-4900,185.0,0.0,0.0,0.0,6,21.0,0.0,0,220.0,182.5,188.0,171.0,17.0,30770.0,10
2023-05-10 10:32:41,a2403-C-4900,a2403-C-4900,185.0,0.0,0.0,0.0,1,21.5,0.0,0,220.0,182.5,188.0,171.0,17.0,30770.0,10
2023-05-10 10:32:41,a2403-C-4900,a2403-C-4900,185.0,0.0,0.0,0.0,6,22.5,0.0,0,220.0,182.5,188.0,171.0,17.0,30770.0,10
2023-05-10 10:32:42,a2403-C-4900,a2403-C-4900,185.0,0.0,0.0,0.0,1,23.0,0.0,0,220.0,182.5,188.0,171.0,17.0,30770.0,10
2023-05-10 10:32:42,a2403-C-4900,a2403-C-4900,185.0,0.0,0.0,0.0,6,24.0,0.0,0,220.0,182.5,188.0,171.0,17.0,30770.0,10
2023-05-10 10:32:43,a2403-C-4900,a2403-C-4900,185.0,0.0,0.0,0.0,1,24.5,0.0,0,220.0,182.5,188.0,171.0,17.0,30770.0,10
2023-05-10 10:32:43,a2403-C-4900,a2403-C-4900,185.0,0.0,0.0,0.0,6,25.5,0.0,0,220.0,182.5,188.0,171.0,17.0,30770.0,10
2023-05-10 10:32:44,a2403-C-4900,a2403-C-4900,185.0,0.0,0.0,0.0,1,26.0,0.0,0,220.0,182.5,188.0,171.0,17.0,30770.0,10
2023-05-10 10:32:44,a2403-C-4900,a2403-C-4900,185.0,0.0,0.0,0.0,6,27.0,0.0,0,220.0,182.5,188.0,171.0,17.0,30770.0,10
2023-05-10 10:32:45,a2403-C-4900,a2403-C-4900,185.0,0.0,0.0,0.0,1,27.5,0.0,0,220.0,182.5,188.0,171.0,17.0,30770.0,10
2023-05-10 10:32:45,a2403-C-4900,a2403-C-4900,185.0,0.0,0.0,0.0,6,28.5,0.0,0,220.0,182.5,188.0,171.0,17.0,30770.0,10
2023-05-10 10:32:46,a2403-C-4900,a2403-C-4900,185.0,0.0,0.0,0.0,1,29.0,0.0,0,220.0,182.5,188.0,171.0,17.0,30770.0,10
2023-05-10 10:32:46,a2403-C-4900,a2403-C-4900,185.0,0.0,0.0,0.0,6,30.0,0.0,0,220.0,182.5,188.0,171.0,17.0,30770.0,10
2023-05-10 10:32:50,a2403-C-4900,a2403-C-4900,185.0,0.0,0.0,0.0,1,30.5,0.0,0,220.0,182.5,188.0,171.0,17.0,30770.0,10
2023-05-10 10:32:50,a2403-C-4900,a2403-C-4900,185.0,0.0,0.0,0.0,6,31.5,0.0,0,220.0,182.5,188.0,171.0,17.0,30770.0,10
2023-05-10 10:32:54,a2403-C-4900,a2403-C-4900,185.0,0.0,0.0,0.0,1,32.0,0.0,0,220.0,182.5,188.0,171.0,17.0,30770.0,10
2023-05-10 10:32:54,a2403-C-4900,a2403-C-4900,185.0,0.0,0.0,0.0,6,33.0,0.0,0,220.0,182.5,188.0,171.0,17.0,30770.0,10
2023-05-10 10:32:55,a2403-C-4900,a2403-C-4900,185.0,0.0,0.0,0.0,1,33.5,0.0,0,220.0,182.5,188.0,171.0,17.0,30770.0,10
2023-05-10 10:32:56,a2403-C-4900,a2403-C-4900,185.0,0.0,0.0,0.0,6,34.5,0.0,0,220.0,182.5,188.0,171.0,17.0,30770.0,10
2023-05-10 10:33:02,a2403-C-4900,a2403-C-4900,185.0,0.0,0.0,0.0,1,35.0,0.0,0,220.0,182.5,188.0,171.0,17.0,30770.0,10
2023-05-10 10:33:02,a2403-C-4900,a2403-C-4900,185.0,0.0,0.0,0.0,6,36.0,0.0,0,220.0,182.5,188.0,171.0,17.0,30770.0,10
2023-05-10 10:33:05,a2403-C-4900,a2403-C-4900,185.0,0.0,0.0,0.0,1,36.5,0.0,0,220.0,182.5,188.0,171.0,17.0,30770.0,10
2023-05-10 10:33:05,a2403-C-4900,a2403-C-4900,185.0,0.0,0.0,0.0,6,37.5,0.0,0,220.0,182.5,188.0,171.0,17.0,30770.0,10
2023-05-10 10:33:06,a2403-C-4900,a2403-C-4900,185.0,0.0,0.0,0.0,1,38.0,0.0,0,220.0,182.5,188.0,171.0,17.0,30770.0,10
2023-05-10 10:33:07,a2403-C-4900,a2403-C-4900,185.0,0.0,0.0,0.0,6,39.0,0.0,0,220.0,182.5,188.0,171.0,17.0,30770.0,10
2023-05-10 10:33:19,a2403-C-4900,a2403-C-4900,185.0,0.0,0.0,0.0,1,39.5,0.0,0,220.0,182.5,188.0,171.0,17.0,30770.0,10
2023-05-10 10:33:19,a2403-C-4900,a2403-C-4900,185.0,0.0,0.0,0.0,6,40.5,0.0,0,220.0,182.5,188.0,171.0,17.0,30770.0,10
2023-05-10 10:33:34,a2403-C-4900,a2403-C-4900,185.0,0.0,0.0,0.0,1,41.0,0.0,0,220.0,182.5,188.0,171.0,17.0,30770.0,10
2023-05-10 10:33:34,a2403-C-4900,a2403-C-4900,185.0,0.0,0.0,0.0,6,42.0,0.0,0,220.0,182.5,188.0,171.0,17.0,30770.0,10
2023-05-10 10:33:36,a2403-C-4900,a2403-C-4900,185.0,0.0,0.0,0.0,1,42.5,0.0,0,220.0,182.5,188.0,171.0,17.0,30770.0,10
2023-05-10 10:33:36,a2403-C-4900,a2403-C-4900,185.0,0.0,0.0,0.0,6,43.5,0.0,0,220.0,182.5,188.0,171.0,17.0,30770.0,10
2023-05-10 10:33:38,a2403-C-4900,a2403-C-4900,185.0,0.0,0.0,0.0,1,44.0,0.0,0,220.0,182.5,188.0,171.0,17.0,30770.0,10
2023-05-10 10:33:38,a2403-C-4900,a2403-C-4900,185.0,0.0,0.0,0.0,6,45.0,0.0,0,220.0,182.5,188.0,171.0,17.0,30770.0,10
2023-05-10 10:33:39,a2403-C-4900,a2403-C-4900,185.0,0.0,0.0,0.0,1,45.5,0.0,0,220.0,182.5,188.0,171.0,17.0,30770.0,10
2023-05-10 10:33:39,a2403-C-4900,a2403-C-4900,185.0,0.0,0.0,0.0,6,46.5,0.0,0,220.0,182.5,188.0,171.0,17.0,30770.0,10
2023-05-10 10:33:41,a2403-C-4900,a2403-C-4900,185.0,0.0,0.0,0.0,1,47.0,0.0,0,220.0,182.5,188.0,171.0,17.0,30770.0,10
2023-05-10 10:33:41,a2403-C-4900,a2403-C-4900,185.0,0.0,0.0,0.0,6,48.0,0.0,0,220.0,182.5,188.0,171.0,17.0,30770.0,10
2023-05-10 10:33:44,a2403-C-4900,a2403-C-4900,185.0,0.0,0.0,0.0,1,48.5,0.0,0,220.0,182.5,188.0,171.0,17.0,30770.0,10
2023-05-10 10:33:44,a2403-C-4900,a2403-C-4900,185.0,0.0,0.0,0.0,6,49.5,0.0,0,220.0,182.5,188.0,171.0,17.0,30770.0,10
2023-05-10 10:33:45,a2403-C-4900,a2403-C-4900,185.0,0.0,0.0,0.0,1,50.0,0.0,0,220.0,182.5,188.0,171.0,17.0,30770.0,10
2023-05-10 10:33:46,a2403-C-4900,a2403-C-4900,185.0,0.0,0.0,0.0,6,51.0,0.0,0,220.0,182.5,188.0,171.0,17.0,30770.0,10
2023-05-10 10:33:46,a2403-C-4900,a2403-C-4900,185.0,0.0,0.0,0.0,1,51.5,0.0,0,220.0,182.5,188.0,171.0,17.0,30770.0,10
2023-05-10 10:33:47,a2403-C-4900,a2403-C-4900,185.0,0.0,0.0,0.0,6,52.5,0.0,0,220.0,182.5,188.0,171.0,17.0,30770.0,10
2023-05-10 10:33:49,a2403-C-4900,a2403-C-4900,185.0,0.0,0.0,0.0,1,53.0,0.0,0,220.0,182.5,188.0,171.0,17.0,30770.0,10
2023-05-10 10:33:49,a2403-C-4900,a2403-C-4900,185.0,0.0,0.0,0.0,6,54.0,0.0,0,220.0,182.5,188.0,171.0,17.0,30770.0,10
2023-05-10 10:33:50,a2403-C-4900,a2403-C-4900,185.0,0.0,0.0,0.0,1,54.5,0.0,0,220.0,182.5,188.0,171.0,17.0,30770.0,10
2023-05-10 10:33:50,a2403-C-4900,a2403-C-4900,185.0,0.0,0.0,0.0,6,55.5,0.0,0,220.0,182.5,188.0,171.0,17.0,30770.0,10
2023-05-10 10:33:51,a2403-C-4900,a2403-C-4900,185.0,0.0,0.0,0.0,1,56.0,0.0,0,220.0,182.5,188.0,171.0,17.0,30770.0,10
2023-05-10 10:33:52,a2403-C-4900,a2403-C-4900,185.0,0.0,0.0,0.0,6,57.0,0.0,0,220.0,182.5,188.0,171.0,17.0,30770.0,10
2023-05-10 10:33:53,a2403-C-4900,a2403-C-4900,185.0,0.0,0.0,0.0,1,57.5,0.0,0,220.0,182.5,188.0,171.0,17.0,30770.0,10
2023-05-10 10:33:53,a2403-C-4900,a2403-C-4900,185.0,0.0,0.0,0.0,6,58.5,0.0,0,220.0,182.5,188.0,171.0,17.0,30770.0,10
2023-05-10 10:33:54,a2403-C-4900,a2403-C-4900,185.0,0.0,0.0,0.0,1,59.0,0.0,0,220.0,182.5,188.0,171.0,17.0,30770.0,10
2023-05-10 10:33:55,a2403-C-4900,a2403-C-4900,185.0,0.0,0.0,0.0,6,60.0,0.0,0,220.0,182.5,188.0,171.0,17.0,30770.0,10
2023-05-10 10:33:56,a2403-C-4900,a2403-C-4900,185.0,0.0,0.0,0.0,1,60.5,0.0,0,220.0,182.5,188.0,171.0,17.0,30770.0,10
2023-05-10 10:33:56,a2403-C-4900,a2403-C-4900,185.0,0.0,0.0,0.0,6,61.5,0.0,0,220.0,182.5,188.0,171.0,17.0,30770.0,10
2023-05-10 10:33:57,a2403-C-4900,a2403-C-4900,185.0,0.0,0.0,0.0,1,62.0,0.0,0,220.0,182.5,188.0,171.0,17.0,30770.0,10
2023-05-10 10:33:57,a2403-C-4900,a2403-C-4900,185.0,0.0,0.0,0.0,6,63.0,0.0,0,220.0,182.5,188.0,171.0,17.0,30770.0,10
2023-05-10 10:33:58,a2403-C-4900,a2403-C-4900,185.0,0.0,0.0,0.0,1,63.5,0.0,0,220.0,182.5,188.0,171.0,17.0,30770.0,10
2023-05-10 10:33:58,a2403-C-4900,a2403-C-4900,185.0,0.0,0.0,0.0,6,64.5,0.0,0,220.0,182.5,188.0,171.0,17.0,30770.0,10
2023-05-10 10:34:00,a2403-C-4900,a2403-C-4900,185.0,0.0,0.0,0.0,1,65.0,0.0,0,220.0,182.5,188.0,171.0,17.0,30770.0,10
2023-05-10 10:34:00,a2403-C-4900,a2403-C-4900,185.0,0.0,0.0,0.0,6,66.0,0.0,0,220.0,182.5,188.0,171.0,17.0,30770.0,10
2023-05-10 10:34:01,a2403-C-4900,a2403-C-4900,185.0,0.0,0.0,0.0,1,66.5,0.0,0,220.0,182.5,188.0,171.0,17.0,30770.0,10
2023-05-10 10:34:01,a2403-C-4900,a2403-C-4900,185.0,0.0,0.0,0.0,6,67.5,0.0,0,220.0,182.5,188.0,171.0,17.0,30770.0,10
2023-05-10 10:34:02,a2403-C-4900,a2403-C-4900,185.0,0.0,0.0,0.0,1,68.0,0.0,0,220.0,182.5,188.0,171.0,17.0,30770.0,10
2023-05-10 10:34:02,a2403-C-4900,a2403-C-4900,185.0,0.0,0.0,0.0,6,69.0,0.0,0,220.0,182.5,188.0,171.0,17.0,30770.0,10
2023-05-10 10:34:03,a2403-C-4900,a2403-C-4900,185.0,0.0,0.0,0.0,1,69.5,0.0,0,220.0,182.5,188.0,171.0,17.0,30770.0,10
2023-05-10 10:34:04,a2403-C-4900,a2403-C-4900,185.0,0.0,0.0,0.0,6,70.5,0.0,0,220.0,182.5,188.0,171.0,17.0,30770.0,10
2023-05-10 10:34:05,a2403-C-4900,a2403-C-4900,185.0,0.0,0.0,0.0,1,71.0,0.0,0,220.0,182.5,188.0,171.0,17.0,30770.0,10
2023-05-10 10:34:05,a2403-C-4900,a2403-C-4900,185.0,0.0,0.0,0.0,6,72.0,0.0,0,220.0,182.5,188.0,171.0,17.0,30770.0,10
2023-05-10 10:34:06,a2403-C-4900,a2403-C-4900,185.0,0.0,0.0,0.0,1,72.5,0.0,0,220.0,182.5,188.0,171.0,17.0,30770.0,10
2023-05-10 10:34:07,a2403-C-4900,a2403-C-4900,185.0,0.0,0.0,0.0,6,73.5,0.0,0,220.0,182.5,188.0,171.0,17.0,30770.0,10
2023-05-10 10:34:07,a2403-C-4900,a2403-C-4900,185.0,0.0,0.0,0.0,1,74.0,0.0,0,220.0,182.5,188.0,171.0,17.0,30770.0,10
2023-05-10 10:34:08,a2403-C-4900,a2403-C-4900,185.0,0.0,0.0,0.0,6,75.0,0.0,0,220.0,182.5,188.0,171.0,17.0,30770.0,10
2023-05-10 10:34:08,a2403-C-4900,a2403-C-4900,185.0,0.0,0.0,0.0,1,75.5,0.0,0,220.0,182.5,188.0,171.0,17.0,30770.0,10
2023-05-10 10:34:08,a2403-C-4900,a2403-C-4900,185.0,0.0,0.0,0.0,6,76.5,0.0,0,220.0,182.5,188.0,171.0,17.0,30770.0,10
2023-05-10 10:34:09,a2403-C-4900,a2403-C-4900,185.0,0.0,0.0,0.0,1,77.0,0.0,0,220.0,182.5,188.0,171.0,17.0,30770.0,10
2023-05-10 10:34:09,a2403-C-4900,a2403-C-4900,185.0,0.0,0.0,0.0,6,78.0,0.0,0,220.0,182.5,188.0,171.0,17.0,30770.0,10
2023-05-10 10:34:10,a2403-C-4900,a2403-C-4900,185.0,0.0,0.0,0.0,1,78.5,0.0,0,220.0,182.5,188.0,171.0,17.0,30770.0,10
2023-05-10 10:34:10,a2403-C-4900,a2403-C-4900,185.0,0.0,0.0,0.0,6,79.5,0.0,0,220.0,182.5,188.0,171.0,17.0,30770.0,10
2023-05-10 10:34:11,a2403-C-4900,a2403-C-4900,185.0,0.0,0.0,0.0,1,80.0,0.0,0,220.0,182.5,188.0,171.0,17.0,30770.0,10
2023-05-10 10:34:11,a2403-C-4900,a2403-C-4900,185.0,0.0,0.0,0.0,6,81.0,0.0,0,220.0,182.5,188.0,171.0,17.0,30770.0,10
2023-05-10 10:34:12,a2403-C-4900,a2403-C-4900,185.0,0.0,0.0,0.0,1,81.5,0.0,0,220.0,182.5,188.0,171.0,17.0,30770.0,10
2023-05-10 10:34:12,a2403-C-4900,a2403-C-4900,185.0,0.0,0.0,0.0,6,82.5,0.0,0,220.0,182.5,188.0,171.0,17.0,30770.0,10
2023-05-10 10:34:13,a2403-C-4900,a2403-C-4900,185.0,0.0,0.0,0.0,1,83.0,0.0,0,220.0,182.5,188.0,171.0,17.0,30770.0,10
2023-05-10 10:34:13,a2403-C-4900,a2403-C-4900,185.0,0.0,0.0,0.0,6,84.0,0.0,0,220.0,182.5,188.0,171.0,17.0,30770.0,10
2023-05-10 10:34:14,a2403-C-4900,a2403-C-4900,185.0,0.0,0.0,0.0,1,84.5,0.0,0,220.0,182.5,188.0,171.0,17.0,30770.0,10
2023-05-10 10:34:14,a2403-C-4900,a2403-C-4900,185.0,0.0,0.0,0.0,6,85.5,0.0,0,220.0,182.5,188.0,171.0,17.0,30770.0,10
2023-05-10 10:34:15,a2403-C-4900,a2403-C-4900,185.0,0.0,0.0,0.0,1,86.0,0.0,0,220.0,182.5,188.0,171.0,17.0,30770.0,10
2023-05-10 10:34:15,a2403-C-4900,a2403-C-4900,185.0,0.0,0.0,0.0,6,87.0,0.0,0,220.0,182.5,188.0,171.0,17.0,30770.0,10
2023-05-10 10:34:16,a2403-C-4900,a2403-C-4900,185.0,0.0,0.0,0.0,1,87.5,0.0,0,220.0,182.5,188.0,171.0,17.0,30770.0,10
2023-05-10 10:34:16,a2403-C-4900,a2403-C-4900,185.0,0.0,0.0,0.0,6,88.5,0.0,0,220.0,182.5,188.0,171.0,17.0,30770.0,10
2023-05-10 10:34:17,a2403-C-4900,a2403-C-4900,185.0,0.0,0.0,0.0,1,89.0,0.0,0,220.0,182.5,188.0,171.0,17.0,30770.0,10
2023-05-10 10:34:17,a2403-C-4900,a2403-C-4900,185.0,0.0,0.0,0.0,6,90.0,0.0,0,220.0,182.5,188.0,171.0,17.0,30770.0,10
2023-05-10 10:34:18,a2403-C-4900,a2403-C-4900,185.0,0.0,0.0,0.0,1,90.5,0.0,0,220.0,182.5,188.0,171.0,17.0,30770.0,10
2023-05-10 10:34:18,a2403-C-4900,a2403-C-4900,185.0,0.0,0.0,0.0,6,91.5,0.0,0,220.0,182.5,188.0,171.0,17.0,30770.0,10
2023-05-10 10:34:19,a2403-C-4900,a2403-C-4900,185.0,0.0,0.0,0.0,1,92.0,0.0,0,220.0,182.5,188.0,171.0,17.0,30770.0,10
2023-05-10 10:34:19,a2403-C-4900,a2403-C-4900,185.0,0.0,0.0,0.0,6,93.0,0.0,0,220.0,182.5,188.0,171.0,17.0,30770.0,10
2023-05-10 10:34:20,a2403-C-4900,a2403-C-4900,185.0,0.0,0.0,0.0,1,93.5,0.0,0,220.0,182.5,188.0,171.0,17.0,30770.0,10
2023-05-10 10:34:21,a2403-C-4900,a2403-C-4900,185.0,0.0,0.0,0.0,6,94.5,0.0,0,220.0,182.5,188.0,171.0,17.0,30770.0,10
2023-05-10 10:34:22,a2403-C-4900,a2403-C-4900,185.0,0.0,0.0,0.0,1,95.0,0.0,0,220.0,182.5,188.0,171.0,17.0,30770.0,10
2023-05-10 10:34:22,a2403-C-4900,a2403-C-4900,185.0,0.0,0.0,0.0,6,96.0,0.0,0,220.0,182.5,188.0,171.0,17.0,30770.0,10
2023-05-10 10:34:23,a2403-C-4900,a2403-C-4900,185.0,0.0,0.0,0.0,1,96.5,0.0,0,220.0,182.5,188.0,171.0,17.0,30770.0,10
2023-05-10 10:34:23,a2403-C-4900,a2403-C-4900,185.0,0.0,0.0,0.0,6,97.5,0.0,0,220.0,182.5,188.0,171.0,17.0,30770.0,10
2023-05-10 10:34:24,a2403-C-4900,a2403-C-4900,185.0,0.0,0.0,0.0,1,98.0,0.0,0,220.0,182.5,188.0,171.0,17.0,30770.0,10
2023-05-10 10:34:24,a2403-C-4900,a2403-C-4900,185.0,0.0,0.0,0.0,6,99.0,0.0,0,220.0,182.5,188.0,171.0,17.0,30770.0,10
2023-05-10 10:34:25,a2403-C-4900,a2403-C-4900,185.0,0.0,0.0,0.0,1,99.5,0.0,0,220.0,182.5,188.0,171.0,17.0,30770.0,10
2023-05-10 10:34:25,a2403-C-4900,a2403-C-4900,185.0,0.0,0.0,0.0,6,100.5,0.0,0,220.0,182.5,188.0,171.0,17.0,30770.0,10
2023-05-10 10:34:26,a2403-C-4900,a2403-C-4900,185.0,0.0,0.0,0.0,1,101.0,0.0,0,220.0,182.5,188.0,171.0,17.0,30770.0,10
2023-05-10 10:34:26,a2403-C-4900,a2403-C-4900,185.0,0.0,0.0,0.0,6,102.0,0.0,0,220.0,182.5,188.0,171.0,17.0,30770.0,10
2023-05-10 10:34:27,a2403-C-4900,a2403-C-4900,185.0,0.0,0.0,0.0,1,102.5,0.0,0,220.0,182.5,188.0,171.0,17.0,30770.0,10
2023-05-10 11:20:58,a2403-C-4900,a2403-C-4900,185.0,0.0,0.0,0.0,1,170.0,194.0,1,220.0,182.5,188.0,171.0,17.0,30770.0,10
2023-05-10 11:21:03,a2403-C-4900,a2403-C-4900,185.0,0.0,0.0,0.0,2,170.0,194.0,2,220.0,182.5,188.0,171.0,17.0,30770.0,10
2023-05-10 11:21:04,a2403-C-4900,a2403-C-4900,185.0,0.0,0.0,0.0,3,170.0,192.5,1,220.0,182.5,188.0,171.0,17.0,30770.0,10
2023-05-10 11:21:09,a2403-C-4900,a2403-C-4900,185.0,0.0,0.0,0.0,2,170.0,192.5,1,220.0,182.5,188.0,171.0,17.0,30770.0,10
2023-05-10 11:21:14,a2403-C-4900,a2403-C-4900,185.0,0.0,0.0,0.0,1,170.0,192.5,1,220.0,182.5,188.0,171.0,17.0,30770.0,10
2023-05-10 11:21:15,a2403-C-4900,a2403-C-4900,185.0,0.0,0.0,0.0,1,170.0,194.0,1,220.0,182.5,188.0,171.0,17.0,30770.0,10
2023-05-10 11:21:15,a2403-C-4900,a2403-C-4900,185.0,0.0,0.0,0.0,1,8.0,0.0,0,220.0,182.5,188.0,171.0,17.0,30770.0,10
2023-05-10 11:21:16,a2403-C-4900,a2403-C-4900,185.0,0.0,0.0,0.0,6,9.0,0.0,0,220.0,182.5,188.0,171.0,17.0,30770.0,10
2023-05-10 11:21:17,a2403-C-4900,a2403-C-4900,185.0,0.0,0.0,0.0,1,9.5,0.0,0,220.0,182.5,188.0,171.0,17.0,30770.0,10
2023-05-10 11:21:17,a2403-C-4900,a2403-C-4900,185.0,0.0,0.0,0.0,6,10.5,0.0,0,220.0,182.5,188.0,171.0,17.0,30770.0,10
2023-05-10 11:21:18,a2403-C-4900,a2403-C-4900,185.0,0.0,0.0,0.0,1,11.0,0.0,0,220.0,182.5,188.0,171.0,17.0,30770.0,10
2023-05-10 11:21:18,a2403-C-4900,a2403-C-4900,185.0,0.0,0.0,0.0,6,12.0,0.0,0,220.0,182.5,188.0,171.0,17.0,30770.0,10
2023-05-10 11:21:19,a2403-C-4900,a2403-C-4900,185.0,0.0,0.0,0.0,1,12.5,0.0,0,220.0,182.5,188.0,171.0,17.0,30770.0,10
2023-05-10 11:21:19,a2403-C-4900,a2403-C-4900,185.0,0.0,0.0,0.0,6,13.5,0.0,0,220.0,182.5,188.0,171.0,17.0,30770.0,10
2023-05-10 11:21:20,a2403-C-4900,a2403-C-4900,185.0,0.0,0.0,0.0,1,14.0,0.0,0,220.0,182.5,188.0,171.0,17.0,30770.0,10
2023-05-10 11:21:20,a2403-C-4900,a2403-C-4900,185.0,0.0,0.0,0.0,6,15.0,0.0,0,220.0,182.5,188.0,171.0,17.0,30770.0,10
2023-05-10 11:21:21,a2403-C-4900,a2403-C-4900,185.0,0.0,0.0,0.0,1,15.5,0.0,0,220.0,182.5,188.0,171.0,17.0,30770.0,10
2023-05-10 11:21:21,a2403-C-4900,a2403-C-4900,185.0,0.0,0.0,0.0,6,16.5,0.0,0,220.0,182.5,188.0,171.0,17.0,30770.0,10
2023-05-10 11:21:22,a2403-C-4900,a2403-C-4900,185.0,0.0,0.0,0.0,1,17.0,0.0,0,220.0,182.5,188.0,171.0,17.0,30770.0,10
2023-05-10 11:21:22,a2403-C-4900,a2403-C-4900,185.0,0.0,0.0,0.0,6,18.0,0.0,0,220.0,182.5,188.0,171.0,17.0,30770.0,10
2023-05-10 11:21:23,a2403-C-4900,a2403-C-4900,185.0,0.0,0.0,0.0,1,18.5,0.0,0,220.0,182.5,188.0,171.0,17.0,30770.0,10
2023-05-10 11:21:23,a2403-C-4900,a2403-C-4900,185.0,0.0,0.0,0.0,6,19.5,0.0,0,220.0,182.5,188.0,171.0,17.0,30770.0,10
2023-05-10 11:21:24,a2403-C-4900,a2403-C-4900,185.0,0.0,0.0,0.0,1,20.0,0.0,0,220.0,182.5,188.0,171.0,17.0,30770.0,10
2023-05-10 11:21:24,a2403-C-4900,a2403-C-4900,185.0,0.0,0.0,0.0,6,21.0,0.0,0,220.0,182.5,188.0,171.0,17.0,30770.0,10
2023-05-10 11:21:25,a2403-C-4900,a2403-C-4900,185.0,0.0,0.0,0.0,1,21.5,0.0,0,220.0,182.5,188.0,171.0,17.0,30770.0,10
2023-05-10 11:21:25,a2403-C-4900,a2403-C-4900,185.0,0.0,0.0,0.0,6,22.5,0.0,0,220.0,182.5,188.0,171.0,17.0,30770.0,10
2023-05-10 11:21:26,a2403-C-4900,a2403-C-4900,185.0,0.0,0.0,0.0,1,23.0,0.0,0,220.0,182.5,188.0,171.0,17.0,30770.0,10
2023-05-10 11:21:26,a2403-C-4900,a2403-C-4900,185.0,0.0,0.0,0.0,6,24.0,0.0,0,220.0,182.5,188.0,171.0,17.0,30770.0,10
2023-05-10 11:21:27,a2403-C-4900,a2403-C-4900,185.0,0.0,0.0,0.0,1,24.5,0.0,0,220.0,182.5,188.0,171.0,17.0,30770.0,10
2023-05-10 11:21:27,a2403-C-4900,a2403-C-4900,185.0,0.0,0.0,0.0,6,25.5,0.0,0,220.0,182.5,188.0,171.0,17.0,30770.0,10
2023-05-10 11:21:28,a2403-C-4900,a2403-C-4900,185.0,0.0,0.0,0.0,1,26.0,0.0,0,220.0,182.5,188.0,171.0,17.0,30770.0,10
2023-05-10 11:21:28,a2403-C-4900,a2403-C-4900,185.0,0.0,0.0,0.0,6,27.0,0.0,0,220.0,182.5,188.0,171.0,17.0,30770.0,10
2023-05-10 11:21:29,a2403-C-4900,a2403-C-4900,185.0,0.0,0.0,0.0,1,27.5,0.0,0,220.0,182.5,188.0,171.0,17.0,30770.0,10
2023-05-10 11:21:29,a2403-C-4900,a2403-C-4900,185.0,0.0,0.0,0.0,6,28.5,0.0,0,220.0,182.5,188.0,171.0,17.0,30770.0,10
2023-05-10 11:21:30,a2403-C-4900,a2403-C-4900,185.0,0.0,0.0,0.0,1,29.0,0.0,0,220.0,182.5,188.0,171.0,17.0,30770.0,10
2023-05-10 11:21:30,a2403-C-4900,a2403-C-4900,185.0,0.0,0.0,0.0,6,30.0,0.0,0,220.0,182.5,188.0,171.0,17.0,30770.0,10
2023-05-10 11:21:31,a2403-C-4900,a2403-C-4900,185.0,0.0,0.0,0.0,1,30.5,0.0,0,220.0,182.5,188.0,171.0,17.0,30770.0,10
2023-05-10 11:21:31,a2403-C-4900,a2403-C-4900,185.0,0.0,0.0,0.0,6,31.5,0.0,0,220.0,182.5,188.0,171.0,17.0,30770.0,10
2023-05-10 11:21:32,a2403-C-4900,a2403-C-4900,185.0,0.0,0.0,0.0,1,32.0,0.0,0,220.0,182.5,188.0,171.0,17.0,30770.0,10
2023-05-10 11:21:32,a2403-C-4900,a2403-C-4900,185.0,0.0,0.0,0.0,6,33.0,0.0,0,220.0,182.5,188.0,171.0,17.0,30770.0,10
2023-05-10 11:21:33,a2403-C-4900,a2403-C-4900,185.0,0.0,0.0,0.0,1,33.5,0.0,0,220.0,182.5,188.0,171.0,17.0,30770.0,10
2023-05-10 11:21:33,a2403-C-4900,a2403-C-4900,185.0,0.0,0.0,0.0,6,34.5,0.0,0,220.0,182.5,188.0,171.0,17.0,30770.0,10
2023-05-10 11:21:34,a2403-C-4900,a2403-C-4900,185.0,0.0,0.0,0.0,1,35.0,0.0,0,220.0,182.5,188.0,171.0,17.0,30770.0,10
2023-05-10 11:21:34,a2403-C-4900,a2403-C-4900,185.0,0.0,0.0,0.0,6,36.0,0.0,0,220.0,182.5,188.0,171.0,17.0,30770.0,10
2023-05-10 11:21:35,a2403-C-4900,a2403-C-4900,185.0,0.0,0.0,0.0,1,36.5,0.0,0,220.0,182.5,188.0,171.0,17.0,30770.0,10
2023-05-10 11:21:35,a2403-C-4900,a2403-C-4900,185.0,0.0,0.0,0.0,6,37.5,0.0,0,220.0,182.5,188.0,171.0,17.0,30770.0,10
2023-05-10 11:21:36,a2403-C-4900,a2403-C-4900,185.0,0.0,0.0,0.0,1,38.0,0.0,0,220.0,182.5,188.0,171.0,17.0,30770.0,10
2023-05-10 11:21:36,a2403-C-4900,a2403-C-4900,185.0,0.0,0.0,0.0,6,39.0,0.0,0,220.0,182.5,188.0,171.0,17.0,30770.0,10
2023-05-10 11:21:37,a2403-C-4900,a2403-C-4900,185.0,0.0,0.0,0.0,1,39.5,0.0,0,220.0,182.5,188.0,171.0,17.0,30770.0,10
2023-05-10 11:21:37,a2403-C-4900,a2403-C-4900,185.0,0.0,0.0,0.0,6,40.5,0.0,0,220.0,182.5,188.0,171.0,17.0,30770.0,10
2023-05-10 11:21:38,a2403-C-4900,a2403-C-4900,185.0,0.0,0.0,0.0,1,41.0,0.0,0,220.0,182.5,188.0,171.0,17.0,30770.0,10
2023-05-10 11:21:38,a2403-C-4900,a2403-C-4900,185.0,0.0,0.0,0.0,6,42.0,0.0,0,220.0,182.5,188.0,171.0,17.0,30770.0,10
2023-05-10 11:21:39,a2403-C-4900,a2403-C-4900,185.0,0.0,0.0,0.0,1,42.5,0.0,0,220.0,182.5,188.0,171.0,17.0,30770.0,10
2023-05-10 11:21:39,a2403-C-4900,a2403-C-4900,185.0,0.0,0.0,0.0,6,43.5,0.0,0,220.0,182.5,188.0,171.0,17.0,30770.0,10
2023-05-10 11:21:40,a2403-C-4900,a2403-C-4900,185.0,0.0,0.0,0.0,1,44.0,0.0,0,220.0,182.5,188.0,171.0,17.0,30770.0,10
2023-05-10 11:21:40,a2403-C-4900,a2403-C-4900,185.0,0.0,0.0,0.0,6,45.0,0.0,0,220.0,182.5,188.0,171.0,17.0,30770.0,10
2023-05-10 11:21:41,a2403-C-4900,a2403-C-4900,185.0,0.0,0.0,0.0,1,45.5,0.0,0,220.0,182.5,188.0,171.0,17.0,30770.0,10
2023-05-10 11:21:41,a2403-C-4900,a2403-C-4900,185.0,0.0,0.0,0.0,6,46.5,0.0,0,220.0,182.5,188.0,171.0,17.0,30770.0,10
2023-05-10 11:21:42,a2403-C-4900,a2403-C-4900,185.0,0.0,0.0,0.0,1,47.0,0.0,0,220.0,182.5,188.0,171.0,17.0,30770.0,10
2023-05-10 11:21:42,a2403-C-4900,a2403-C-4900,185.0,0.0,0.0,0.0,6,48.0,0.0,0,220.0,182.5,188.0,171.0,17.0,30770.0,10
2023-05-10 11:21:43,a2403-C-4900,a2403-C-4900,185.0,0.0,0.0,0.0,1,48.5,0.0,0,220.0,182.5,188.0,171.0,17.0,30770.0,10
2023-05-10 11:21:43,a2403-C-4900,a2403-C-4900,185.0,0.0,0.0,0.0,6,49.5,0.0,0,220.0,182.5,188.0,171.0,17.0,30770.0,10
2023-05-10 11:21:44,a2403-C-4900,a2403-C-4900,185.0,0.0,0.0,0.0,1,50.0,0.0,0,220.0,182.5,188.0,171.0,17.0,30770.0,10
2023-05-10 11:21:44,a2403-C-4900,a2403-C-4900,185.0,0.0,0.0,0.0,6,51.0,0.0,0,220.0,182.5,188.0,171.0,17.0,30770.0,10
2023-05-10 11:21:45,a2403-C-4900,a2403-C-4900,185.0,0.0,0.0,0.0,1,51.5,0.0,0,220.0,182.5,188.0,171.0,17.0,30770.0,10
2023-05-10 11:21:45,a2403-C-4900,a2403-C-4900,185.0,0.0,0.0,0.0,6,52.5,0.0,0,220.0,182.5,188.0,171.0,17.0,30770.0,10
2023-05-10 11:21:46,a2403-C-4900,a2403-C-4900,185.0,0.0,0.0,0.0,1,53.0,0.0,0,220.0,182.5,188.0,171.0,17.0,30770.0,10
2023-05-10 11:21:46,a2403-C-4900,a2403-C-4900,185.0,0.0,0.0,0.0,6,54.0,0.0,0,220.0,182.5,188.0,171.0,17.0,30770.0,10
2023-05-10 11:21:47,a2403-C-4900,a2403-C-4900,185.0,0.0,0.0,0.0,1,54.5,0.0,0,220.0,182.5,188.0,171.0,17.0,30770.0,10
2023-05-10 11:21:47,a2403-C-4900,a2403-C-4900,185.0,0.0,0.0,0.0,6,55.5,0.0,0,220.0,182.5,188.0,171.0,17.0,30770.0,10
2023-05-10 11:21:48,a2403-C-4900,a2403-C-4900,185.0,0.0,0.0,0.0,1,56.0,0.0,0,220.0,182.5,188.0,171.0,17.0,30770.0,10
2023-05-10 11:21:48,a2403-C-4900,a2403-C-4900,185.0,0.0,0.0,0.0,6,57.0,0.0,0,220.0,182.5,188.0,171.0,17.0,30770.0,10
2023-05-10 11:21:49,a2403-C-4900,a2403-C-4900,185.0,0.0,0.0,0.0,1,57.5,0.0,0,220.0,182.5,188.0,171.0,17.0,30770.0,10
2023-05-10 11:21:49,a2403-C-4900,a2403-C-4900,185.0,0.0,0.0,0.0,6,58.5,0.0,0,220.0,182.5,188.0,171.0,17.0,30770.0,10
2023-05-10 11:21:50,a2403-C-4900,a2403-C-4900,185.0,0.0,0.0,0.0,1,59.0,0.0,0,220.0,182.5,188.0,171.0,17.0,30770.0,10
2023-05-10 11:21:50,a2403-C-4900,a2403-C-4900,185.0,0.0,0.0,0.0,6,60.0,0.0,0,220.0,182.5,188.0,171.0,17.0,30770.0,10
2023-05-10 11:21:51,a2403-C-4900,a2403-C-4900,185.0,0.0,0.0,0.0,1,60.5,0.0,0,220.0,182.5,188.0,171.0,17.0,30770.0,10
2023-05-10 11:21:51,a2403-C-4900,a2403-C-4900,185.0,0.0,0.0,0.0,6,61.5,0.0,0,220.0,182.5,188.0,171.0,17.0,30770.0,10
2023-05-10 11:21:52,a2403-C-4900,a2403-C-4900,185.0,0.0,0.0,0.0,1,62.0,0.0,0,220.0,182.5,188.0,171.0,17.0,30770.0,10
2023-05-10 11:21:52,a2403-C-4900,a2403-C-4900,185.0,0.0,0.0,0.0,6,63.0,0.0,0,220.0,182.5,188.0,171.0,17.0,30770.0,10
2023-05-10 11:21:53,a2403-C-4900,a2403-C-4900,185.0,0.0,0.0,0.0,1,63.5,0.0,0,220.0,182.5,188.0,171.0,17.0,30770.0,10
2023-05-10 11:21:53,a2403-C-4900,a2403-C-4900,185.0,0.0,0.0,0.0,6,64.5,0.0,0,220.0,182.5,188.0,171.0,17.0,30770.0,10
2023-05-10 11:21:54,a2403-C-4900,a2403-C-4900,185.0,0.0,0.0,0.0,1,65.0,0.0,0,220.0,182.5,188.0,171.0,17.0,30770.0,10
2023-05-10 11:21:54,a2403-C-4900,a2403-C-4900,185.0,0.0,0.0,0.0,6,66.0,0.0,0,220.0,182.5,188.0,171.0,17.0,30770.0,10
2023-05-10 11:21:55,a2403-C-4900,a2403-C-4900,185.0,0.0,0.0,0.0,1,66.5,0.0,0,220.0,182.5,188.0,171.0,17.0,30770.0,10
2023-05-10 11:21:55,a2403-C-4900,a2403-C-4900,185.0,0.0,0.0,0.0,6,67.5,0.0,0,220.0,182.5,188.0,171.0,17.0,30770.0,10
2023-05-10 11:21:56,a2403-C-4900,a2403-C-4900,185.0,0.0,0.0,0.0,1,68.0,0.0,0,220.0,182.5,188.0,171.0,17.0,30770.0,10
2023-05-10 11:21:56,a2403-C-4900,a2403-C-4900,185.0,0.0,0.0,0.0,6,69.0,0.0,0,220.0,182.5,188.0,171.0,17.0,30770.0,10
2023-05-10 11:21:57,a2403-C-4900,a2403-C-4900,185.0,0.0,0.0,0.0,1,69.5,0.0,0,220.0,182.5,188.0,171.0,17.0,30770.0,10
2023-05-10 11:21:57,a2403-C-4900,a2403-C-4900,185.0,0.0,0.0,0.0,6,70.5,0.0,0,220.0,182.5,188.0,171.0,17.0,30770.0,10
2023-05-10 11:21:58,a2403-C-4900,a2403-C-4900,185.0,0.0,0.0,0.0,1,71.0,0.0,0,220.0,182.5,188.0,171.0,17.0,30770.0,10
2023-05-10 11:21:58,a2403-C-4900,a2403-C-4900,185.0,0.0,0.0,0.0,6,72.0,0.0,0,220.0,182.5,188.0,171.0,17.0,30770.0,10
2023-05-10 11:21:59,a2403-C-4900,a2403-C-4900,185.0,0.0,0.0,0.0,1,72.5,0.0,0,220.0,182.5,188.0,171.0,17.0,30770.0,10
2023-05-10 11:21:59,a2403-C-4900,a2403-C-4900,185.0,0.0,0.0,0.0,6,73.5,0.0,0,220.0,182.5,188.0,171.0,17.0,30770.0,10
2023-05-10 11:22:00,a2403-C-4900,a2403-C-4900,185.0,0.0,0.0,0.0,1,74.0,0.0,0,220.0,182.5,188.0,171.0,17.0,30770.0,10
2023-05-10 11:22:00,a2403-C-4900,a2403-C-4900,185.0,0.0,0.0,0.0,6,75.0,0.0,0,220.0,182.5,188.0,171.0,17.0,30770.0,10
2023-05-10 11:22:01,a2403-C-4900,a2403-C-4900,185.0,0.0,0.0,0.0,1,75.5,0.0,0,220.0,182.5,188.0,171.0,17.0,30770.0,10
2023-05-10 11:22:01,a2403-C-4900,a2403-C-4900,185.0,0.0,0.0,0.0,6,76.5,0.0,0,220.0,182.5,188.0,171.0,17.0,30770.0,10
2023-05-10 11:22:02,a2403-C-4900,a2403-C-4900,185.0,0.0,0.0,0.0,1,77.0,0.0,0,220.0,182.5,188.0,171.0,17.0,30770.0,10
2023-05-10 11:22:02,a2403-C-4900,a2403-C-4900,185.0,0.0,0.0,0.0,6,78.0,0.0,0,220.0,182.5,188.0,171.0,17.0,30770.0,10
2023-05-10 11:22:03,a2403-C-4900,a2403-C-4900,185.0,0.0,0.0,0.0,1,78.5,0.0,0,220.0,182.5,188.0,171.0,17.0,30770.0,10
2023-05-10 11:22:04,a2403-C-4900,a2403-C-4900,185.0,0.0,0.0,0.0,6,79.5,0.0,0,220.0,182.5,188.0,171.0,17.0,30770.0,10
2023-05-10 11:22:04,a2403-C-4900,a2403-C-4900,185.0,0.0,0.0,0.0,1,80.0,0.0,0,220.0,182.5,188.0,171.0,17.0,30770.0,10
2023-05-10 11:22:05,a2403-C-4900,a2403-C-4900,185.0,0.0,0.0,0.0,6,81.0,0.0,0,220.0,182.5,188.0,171.0,17.0,30770.0,10
2023-05-10 11:22:05,a2403-C-4900,a2403-C-4900,185.0,0.0,0.0,0.0,1,81.5,0.0,0,220.0,182.5,188.0,171.0,17.0,30770.0,10
2023-05-10 11:22:06,a2403-C-4900,a2403-C-4900,185.0,0.0,0.0,0.0,6,82.5,0.0,0,220.0,182.5,188.0,171.0,17.0,30770.0,10
2023-05-10 11:22:07,a2403-C-4900,a2403-C-4900,185.0,0.0,0.0,0.0,1,83.0,0.0,0,220.0,182.5,188.0,171.0,17.0,30770.0,10
2023-05-10 11:22:08,a2403-C-4900,a2403-C-4900,185.0,0.0,0.0,0.0,6,84.0,0.0,0,220.0,182.5,188.0,171.0,17.0,30770.0,10
2023-05-10 11:22:09,a2403-C-4900,a2403-C-4900,185.0,0.0,0.0,0.0,1,84.5,0.0,0,220.0,182.5,188.0,171.0,17.0,30770.0,10
2023-05-10 11:22:10,a2403-C-4900,a2403-C-4900,185.0,0.0,0.0,0.0,6,85.5,0.0,0,220.0,182.5,188.0,171.0,17.0,30770.0,10
2023-05-10 11:22:10,a2403-C-4900,a2403-C-4900,185.0,0.0,0.0,0.0,1,86.0,0.0,0,220.0,182.5,188.0,171.0,17.0,30770.0,10
2023-05-10 11:22:10,a2403-C-4900,a2403-C-4900,185.0,0.0,0.0,0.0,6,87.0,0.0,0,220.0,182.5,188.0,171.0,17.0,30770.0,10
2023-05-10 11:22:11,a2403-C-4900,a2403-C-4900,185.0,0.0,0.0,0.0,1,87.5,0.0,0,220.0,182.5,188.0,171.0,17.0,30770.0,10
2023-05-10 11:22:11,a2403-C-4900,a2403-C-4900,185.0,0.0,0.0,0.0,6,88.5,0.0,0,220.0,182.5,188.0,171.0,17.0,30770.0,10
2023-05-10 11:22:12,a2403-C-4900,a2403-C-4900,185.0,0.0,0.0,0.0,1,89.0,0.0,0,220.0,182.5,188.0,171.0,17.0,30770.0,10
2023-05-10 11:22:13,a2403-C-4900,a2403-C-4900,185.0,0.0,0.0,0.0,6,90.0,0.0,0,220.0,182.5,188.0,171.0,17.0,30770.0,10
2023-05-10 11:22:13,a2403-C-4900,a2403-C-4900,185.0,0.0,0.0,0.0,1,90.5,0.0,0,220.0,182.5,188.0,171.0,17.0,30770.0,10
2023-05-10 11:22:14,a2403-C-4900,a2403-C-4900,185.0,0.0,0.0,0.0,6,91.5,0.0,0,220.0,182.5,188.0,171.0,17.0,30770.0,10
2023-05-10 11:22:15,a2403-C-4900,a2403-C-4900,185.0,0.0,0.0,0.0,1,92.0,0.0,0,220.0,182.5,188.0,171.0,17.0,30770.0,10
2023-05-10 11:22:15,a2403-C-4900,a2403-C-4900,185.0,0.0,0.0,0.0,6,93.0,0.0,0,220.0,182.5,188.0,171.0,17.0,30770.0,10
2023-05-10 11:22:16,a2403-C-4900,a2403-C-4900,185.0,0.0,0.0,0.0,1,93.5,0.0,0,220.0,182.5,188.0,171.0,17.0,30770.0,10
2023-05-10 11:22:16,a2403-C-4900,a2403-C-4900,185.0,0.0,0.0,0.0,6,94.5,0.0,0,220.0,182.5,188.0,171.0,17.0,30770.0,10
2023-05-10 11:22:17,a2403-C-4900,a2403-C-4900,185.0,0.0,0.0,0.0,1,95.0,0.0,0,220.0,182.5,188.0,171.0,17.0,30770.0,10
2023-05-10 11:22:17,a2403-C-4900,a2403-C-4900,185.0,0.0,0.0,0.0,6,96.0,0.0,0,220.0,182.5,188.0,171.0,17.0,30770.0,10
2023-05-10 11:22:18,a2403-C-4900,a2403-C-4900,185.0,0.0,0.0,0.0,1,96.5,0.0,0,220.0,182.5,188.0,171.0,17.0,30770.0,10
2023-05-10 11:22:18,a2403-C-4900,a2403-C-4900,185.0,0.0,0.0,0.0,6,97.5,0.0,0,220.0,182.5,188.0,171.0,17.0,30770.0,10
2023-05-10 11:22:19,a2403-C-4900,a2403-C-4900,185.0,0.0,0.0,0.0,1,98.0,0.0,0,220.0,182.5,188.0,171.0,17.0,30770.0,10
2023-05-10 11:22:19,a2403-C-4900,a2403-C-4900,185.0,0.0,0.0,0.0,6,99.0,0.0,0,220.0,182.5,188.0,171.0,17.0,30770.0,10
2023-05-10 11:22:20,a2403-C-4900,a2403-C-4900,185.0,0.0,0.0,0.0,1,99.5,0.0,0,220.0,182.5,188.0,171.0,17.0,30770.0,10
2023-05-10 11:27:27,a2403-C-4900,a2403-C-4900,185.0,0.0,0.0,0.0,1,22.0,0.0,0,220.0,182.5,188.0,171.0,17.0,30770.0,10
2023-05-10 11:27:27,a2403-C-4900,a2403-C-4900,185.0,0.0,0.0,0.0,6,23.0,0.0,0,220.0,182.5,188.0,171.0,17.0,30770.0,10
2023-05-10 11:29:53,a2403-C-4900,a2403-C-4900,185.0,0.0,0.0,0.0,1,8.0,0.0,0,220.0,182.5,188.0,171.0,17.0,30770.0,10
2023-05-10 13:30:00,a2403-C-4900,a2403-C-4900,185.0,0.0,0.0,0.0,1,8.5,0.0,0,220.0,182.5,188.0,171.0,17.0,30770.0,10
2023-05-10 13:32:08,a2403-C-4900,a2403-C-4900,185.0,0.0,0.0,0.0,1,9.0,0.0,0,220.0,182.5,188.0,171.0,17.0,30770.0,10
2023-05-10 13:32:10,a2403-C-4900,a2403-C-4900,185.0,0.0,0.0,0.0,6,10.0,0.0,0,220.0,182.5,188.0,171.0,17.0,30770.0,10
2023-05-10 13:33:24,a2403-C-4900,a2403-C-4900,185.0,0.0,0.0,0.0,1,10.5,0.0,0,220.0,182.5,188.0,171.0,17.0,30770.0,10
2023-05-10 13:33:24,a2403-C-4900,a2403-C-4900,185.0,0.0,0.0,0.0,6,11.5,0.0,0,220.0,182.5,188.0,171.0,17.0,30770.0,10
2023-05-10 13:33:25,a2403-C-4900,a2403-C-4900,185.0,0.0,0.0,0.0,1,12.0,0.0,0,220.0,182.5,188.0,171.0,17.0,30770.0,10
2023-05-10 13:33:25,a2403-C-4900,a2403-C-4900,185.0,0.0,0.0,0.0,6,13.0,0.0,0,220.0,182.5,188.0,171.0,17.0,30770.0,10
2023-05-10 13:33:28,a2403-C-4900,a2403-C-4900,185.0,0.0,0.0,0.0,1,13.5,0.0,0,220.0,182.5,188.0,171.0,17.0,30770.0,10
2023-05-10 13:33:29,a2403-C-4900,a2403-C-4900,185.0,0.0,0.0,0.0,6,14.5,0.0,0,220.0,182.5,188.0,171.0,17.0,30770.0,10
2023-05-10 13:33:36,a2403-C-4900,a2403-C-4900,185.0,0.0,0.0,0.0,1,15.0,0.0,0,220.0,182.5,188.0,171.0,17.0,30770.0,10
2023-05-10 13:33:36,a2403-C-4900,a2403-C-4900,185.0,0.0,0.0,0.0,6,16.0,0.0,0,220.0,182.5,188.0,171.0,17.0,30770.0,10
2023-05-10 13:33:40,a2403-C-4900,a2403-C-4900,185.0,0.0,0.0,0.0,1,16.5,0.0,0,220.0,182.5,188.0,171.0,17.0,30770.0,10
2023-05-10 13:33:40,a2403-C-4900,a2403-C-4900,185.0,0.0,0.0,0.0,6,17.5,0.0,0,220.0,182.5,188.0,171.0,17.0,30770.0,10
2023-05-10 13:33:43,a2403-C-4900,a2403-C-4900,185.0,0.0,0.0,0.0,1,18.0,0.0,0,220.0,182.5,188.0,171.0,17.0,30770.0,10
2023-05-10 13:33:44,a2403-C-4900,a2403-C-4900,185.0,0.0,0.0,0.0,6,19.0,0.0,0,220.0,182.5,188.0,171.0,17.0,30770.0,10
2023-05-10 13:33:46,a2403-C-4900,a2403-C-4900,185.0,0.0,0.0,0.0,1,19.5,0.0,0,220.0,182.5,188.0,171.0,17.0,30770.0,10
2023-05-10 13:33:47,a2403-C-4900,a2403-C-4900,185.0,0.0,0.0,0.0,6,20.5,0.0,0,220.0,182.5,188.0,171.0,17.0,30770.0,10
2023-05-10 13:33:48,a2403-C-4900,a2403-C-4900,185.0,0.0,0.0,0.0,1,21.0,0.0,0,220.0,182.5,188.0,171.0,17.0,30770.0,10
2023-05-10 13:33:48,a2403-C-4900,a2403-C-4900,185.0,0.0,0.0,0.0,6,22.0,0.0,0,220.0,182.5,188.0,171.0,17.0,30770.0,10
2023-05-10 13:33:50,a2403-C-4900,a2403-C-4900,185.0,0.0,0.0,0.0,1,22.5,0.0,0,220.0,182.5,188.0,171.0,17.0,30770.0,10
2023-05-10 13:33:51,a2403-C-4900,a2403-C-4900,185.0,0.0,0.0,0.0,6,23.5,0.0,0,220.0,182.5,188.0,171.0,17.0,30770.0,10
2023-05-10 13:33:52,a2403-C-4900,a2403-C-4900,185.0,0.0,0.0,0.0,1,24.0,0.0,0,220.0,182.5,188.0,171.0,17.0,30770.0,10
2023-05-10 13:33:52,a2403-C-4900,a2403-C-4900,185.0,0.0,0.0,0.0,6,25.0,0.0,0,220.0,182.5,188.0,171.0,17.0,30770.0,10
2023-05-10 13:34:58,a2403-C-4900,a2403-C-4900,185.0,0.0,0.0,0.0,1,25.5,0.0,0,220.0,182.5,188.0,171.0,17.0,30770.0,10
2023-05-10 13:34:59,a2403-C-4900,a2403-C-4900,185.0,0.0,0.0,0.0,6,26.5,0.0,0,220.0,182.5,188.0,171.0,17.0,30770.0,10
2023-05-10 13:35:05,a2403-C-4900,a2403-C-4900,185.0,0.0,0.0,0.0,1,27.0,0.0,0,220.0,182.5,188.0,171.0,17.0,30770.0,10
2023-05-10 13:35:05,a2403-C-4900,a2403-C-4900,185.0,0.0,0.0,0.0,6,28.0,0.0,0,220.0,182.5,188.0,171.0,17.0,30770.0,10
2023-05-10 13:35:08,a2403-C-4900,a2403-C-4900,185.0,0.0,0.0,0.0,1,28.5,0.0,0,220.0,182.5,188.0,171.0,17.0,30770.0,10
2023-05-10 13:35:09,a2403-C-4900,a2403-C-4900,185.0,0.0,0.0,0.0,6,29.5,0.0,0,220.0,182.5,188.0,171.0,17.0,30770.0,10
2023-05-10 13:35:11,a2403-C-4900,a2403-C-4900,185.0,0.0,0.0,0.0,1,30.0,0.0,0,220.0,182.5,188.0,171.0,17.0,30770.0,10
2023-05-10 13:35:11,a2403-C-4900,a2403-C-4900,185.0,0.0,0.0,0.0,6,31.0,0.0,0,220.0,182.5,188.0,171.0,17.0,30770.0,10
2023-05-10 13:35:18,a2403-C-4900,a2403-C-4900,185.0,0.0,0.0,0.0,1,31.5,0.0,0,220.0,182.5,188.0,171.0,17.0,30770.0,10
2023-05-10 13:35:19,a2403-C-4900,a2403-C-4900,185.0,0.0,0.0,0.0,6,32.5,0.0,0,220.0,182.5,188.0,171.0,17.0,30770.0,10
2023-05-10 13:35:20,a2403-C-4900,a2403-C-4900,185.0,0.0,0.0,0.0,1,33.0,0.0,0,220.0,182.5,188.0,171.0,17.0,30770.0,10
2023-05-10 13:35:20,a2403-C-4900,a2403-C-4900,185.0,0.0,0.0,0.0,6,34.0,0.0,0,220.0,182.5,188.0,171.0,17.0,30770.0,10
2023-05-10 13:35:25,a2403-C-4900,a2403-C-4900,185.0,0.0,0.0,0.0,1,34.5,0.0,0,220.0,182.5,188.0,171.0,17.0,30770.0,10
2023-05-10 13:35:25,a2403-C-4900,a2403-C-4900,185.0,0.0,0.0,0.0,6,35.5,0.0,0,220.0,182.5,188.0,171.0,17.0,30770.0,10
2023-05-10 13:35:27,a2403-C-4900,a2403-C-4900,185.0,0.0,0.0,0.0,1,36.0,0.0,0,220.0,182.5,188.0,171.0,17.0,30770.0,10
2023-05-10 13:35:28,a2403-C-4900,a2403-C-4900,185.0,0.0,0.0,0.0,6,37.0,0.0,0,220.0,182.5,188.0,171.0,17.0,30770.0,10
2023-05-10 13:35:29,a2403-C-4900,a2403-C-4900,185.0,0.0,0.0,0.0,1,37.5,0.0,0,220.0,182.5,188.0,171.0,17.0,30770.0,10
2023-05-10 13:35:29,a2403-C-4900,a2403-C-4900,185.0,0.0,0.0,0.0,6,38.5,0.0,0,220.0,182.5,188.0,171.0,17.0,30770.0,10
2023-05-10 13:35:31,a2403-C-4900,a2403-C-4900,185.0,0.0,0.0,0.0,1,39.0,0.0,0,220.0,182.5,188.0,171.0,17.0,30770.0,10
2023-05-10 13:35:31,a2403-C-4900,a2403-C-4900,185.0,0.0,0.0,0.0,6,40.0,0.0,0,220.0,182.5,188.0,171.0,17.0,30770.0,10
2023-05-10 13:35:32,a2403-C-4900,a2403-C-4900,185.0,0.0,0.0,0.0,1,40.5,0.0,0,220.0,182.5,188.0,171.0,17.0,30770.0,10
2023-05-10 13:35:32,a2403-C-4900,a2403-C-4900,185.0,0.0,0.0,0.0,6,41.5,0.0,0,220.0,182.5,188.0,171.0,17.0,30770.0,10
2023-05-10 13:35:34,a2403-C-4900,a2403-C-4900,185.0,0.0,0.0,0.0,1,42.0,0.0,0,220.0,182.5,188.0,171.0,17.0,30770.0,10
2023-05-10 13:35:34,a2403-C-4900,a2403-C-4900,185.0,0.0,0.0,0.0,6,43.0,0.0,0,220.0,182.5,188.0,171.0,17.0,30770.0,10
2023-05-10 13:35:35,a2403-C-4900,a2403-C-4900,185.0,0.0,0.0,0.0,1,43.5,0.0,0,220.0,182.5,188.0,171.0,17.0,30770.0,10
2023-05-10 13:35:36,a2403-C-4900,a2403-C-4900,185.0,0.0,0.0,0.0,6,44.5,0.0,0,220.0,182.5,188.0,171.0,17.0,30770.0,10
2023-05-10 13:35:36,a2403-C-4900,a2403-C-4900,185.0,0.0,0.0,0.0,1,45.0,0.0,0,220.0,182.5,188.0,171.0,17.0,30770.0,10
2023-05-10 13:35:37,a2403-C-4900,a2403-C-4900,185.0,0.0,0.0,0.0,6,46.0,0.0,0,220.0,182.5,188.0,171.0,17.0,30770.0,10
2023-05-10 13:35:38,a2403-C-4900,a2403-C-4900,185.0,0.0,0.0,0.0,1,46.5,0.0,0,220.0,182.5,188.0,171.0,17.0,30770.0,10
2023-05-10 13:35:39,a2403-C-4900,a2403-C-4900,185.0,0.0,0.0,0.0,6,47.5,0.0,0,220.0,182.5,188.0,171.0,17.0,30770.0,10
2023-05-10 13:35:40,a2403-C-4900,a2403-C-4900,185.0,0.0,0.0,0.0,1,48.0,0.0,0,220.0,182.5,188.0,171.0,17.0,30770.0,10
2023-05-10 13:35:40,a2403-C-4900,a2403-C-4900,185.0,0.0,0.0,0.0,6,49.0,0.0,0,220.0,182.5,188.0,171.0,17.0,30770.0,10
2023-05-10 13:35:41,a2403-C-4900,a2403-C-4900,185.0,0.0,0.0,0.0,1,49.5,0.0,0,220.0,182.5,188.0,171.0,17.0,30770.0,10
2023-05-10 13:35:41,a2403-C-4900,a2403-C-4900,185.0,0.0,0.0,0.0,6,50.5,0.0,0,220.0,182.5,188.0,171.0,17.0,30770.0,10
2023-05-10 13:35:42,a2403-C-4900,a2403-C-4900,185.0,0.0,0.0,0.0,1,51.0,0.0,0,220.0,182.5,188.0,171.0,17.0,30770.0,10
2023-05-10 13:35:42,a2403-C-4900,a2403-C-4900,185.0,0.0,0.0,0.0,6,52.0,0.0,0,220.0,182.5,188.0,171.0,17.0,30770.0,10
2023-05-10 13:35:43,a2403-C-4900,a2403-C-4900,185.0,0.0,0.0,0.0,1,52.5,0.0,0,220.0,182.5,188.0,171.0,17.0,30770.0,10
2023-05-10 13:35:43,a2403-C-4900,a2403-C-4900,185.0,0.0,0.0,0.0,6,53.5,0.0,0,220.0,182.5,188.0,171.0,17.0,30770.0,10
2023-05-10 13:35:44,a2403-C-4900,a2403-C-4900,185.0,0.0,0.0,0.0,1,54.0,0.0,0,220.0,182.5,188.0,171.0,17.0,30770.0,10
2023-05-10 13:35:45,a2403-C-4900,a2403-C-4900,185.0,0.0,0.0,0.0,6,55.0,0.0,0,220.0,182.5,188.0,171.0,17.0,30770.0,10
2023-05-10 13:35:46,a2403-C-4900,a2403-C-4900,185.0,0.0,0.0,0.0,1,55.5,0.0,0,220.0,182.5,188.0,171.0,17.0,30770.0,10
2023-05-10 13:35:46,a2403-C-4900,a2403-C-4900,185.0,0.0,0.0,0.0,6,56.5,0.0,0,220.0,182.5,188.0,171.0,17.0,30770.0,10
2023-05-10 13:35:47,a2403-C-4900,a2403-C-4900,185.0,0.0,0.0,0.0,1,57.0,0.0,0,220.0,182.5,188.0,171.0,17.0,30770.0,10
2023-05-10 13:35:47,a2403-C-4900,a2403-C-4900,185.0,0.0,0.0,0.0,6,58.0,0.0,0,220.0,182.5,188.0,171.0,17.0,30770.0,10
2023-05-10 13:35:48,a2403-C-4900,a2403-C-4900,185.0,0.0,0.0,0.0,1,58.5,0.0,0,220.0,182.5,188.0,171.0,17.0,30770.0,10
2023-05-10 13:35:48,a2403-C-4900,a2403-C-4900,185.0,0.0,0.0,0.0,6,59.5,0.0,0,220.0,182.5,188.0,171.0,17.0,30770.0,10
2023-05-10 13:35:49,a2403-C-4900,a2403-C-4900,185.0,0.0,0.0,0.0,1,60.0,0.0,0,220.0,182.5,188.0,171.0,17.0,30770.0,10
2023-05-10 13:35:49,a2403-C-4900,a2403-C-4900,185.0,0.0,0.0,0.0,6,61.0,0.0,0,220.0,182.5,188.0,171.0,17.0,30770.0,10
2023-05-10 13:35:50,a2403-C-4900,a2403-C-4900,185.0,0.0,0.0,0.0,1,61.5,0.0,0,220.0,182.5,188.0,171.0,17.0,30770.0,10
2023-05-10 13:35:50,a2403-C-4900,a2403-C-4900,185.0,0.0,0.0,0.0,6,62.5,0.0,0,220.0,182.5,188.0,171.0,17.0,30770.0,10
2023-05-10 13:35:51,a2403-C-4900,a2403-C-4900,185.0,0.0,0.0,0.0,1,63.0,0.0,0,220.0,182.5,188.0,171.0,17.0,30770.0,10
2023-05-10 13:35:51,a2403-C-4900,a2403-C-4900,185.0,0.0,0.0,0.0,6,64.0,0.0,0,220.0,182.5,188.0,171.0,17.0,30770.0,10
2023-05-10 13:35:52,a2403-C-4900,a2403-C-4900,185.0,0.0,0.0,0.0,1,64.5,0.0,0,220.0,182.5,188.0,171.0,17.0,30770.0,10
2023-05-10 13:35:52,a2403-C-4900,a2403-C-4900,185.0,0.0,0.0,0.0,6,65.5,0.0,0,220.0,182.5,188.0,171.0,17.0,30770.0,10
2023-05-10 13:35:53,a2403-C-4900,a2403-C-4900,185.0,0.0,0.0,0.0,1,66.0,0.0,0,220.0,182.5,188.0,171.0,17.0,30770.0,10
2023-05-10 13:35:54,a2403-C-4900,a2403-C-4900,185.0,0.0,0.0,0.0,6,67.0,0.0,0,220.0,182.5,188.0,171.0,17.0,30770.0,10
2023-05-10 13:35:54,a2403-C-4900,a2403-C-4900,185.0,0.0,0.0,0.0,1,67.5,0.0,0,220.0,182.5,188.0,171.0,17.0,30770.0,10
2023-05-10 13:35:55,a2403-C-4900,a2403-C-4900,185.0,0.0,0.0,0.0,6,68.5,0.0,0,220.0,182.5,188.0,171.0,17.0,30770.0,10
2023-05-10 13:35:55,a2403-C-4900,a2403-C-4900,185.0,0.0,0.0,0.0,1,69.0,0.0,0,220.0,182.5,188.0,171.0,17.0,30770.0,10
2023-05-10 13:35:55,a2403-C-4900,a2403-C-4900,185.0,0.0,0.0,0.0,6,70.0,0.0,0,220.0,182.5,188.0,171.0,17.0,30770.0,10
2023-05-10 13:35:56,a2403-C-4900,a2403-C-4900,185.0,0.0,0.0,0.0,1,70.5,0.0,0,220.0,182.5,188.0,171.0,17.0,30770.0,10
2023-05-10 13:35:56,a2403-C-4900,a2403-C-4900,185.0,0.0,0.0,0.0,6,71.5,0.0,0,220.0,182.5,188.0,171.0,17.0,30770.0,10
2023-05-10 13:35:57,a2403-C-4900,a2403-C-4900,185.0,0.0,0.0,0.0,1,72.0,0.0,0,220.0,182.5,188.0,171.0,17.0,30770.0,10
2023-05-10 13:35:58,a2403-C-4900,a2403-C-4900,185.0,0.0,0.0,0.0,6,73.0,0.0,0,220.0,182.5,188.0,171.0,17.0,30770.0,10
2023-05-10 13:35:58,a2403-C-4900,a2403-C-4900,185.0,0.0,0.0,0.0,1,73.5,0.0,0,220.0,182.5,188.0,171.0,17.0,30770.0,10
2023-05-10 13:35:58,a2403-C-4900,a2403-C-4900,185.0,0.0,0.0,0.0,6,74.5,0.0,0,220.0,182.5,188.0,171.0,17.0,30770.0,10
2023-05-10 13:35:59,a2403-C-4900,a2403-C-4900,185.0,0.0,0.0,0.0,1,75.0,0.0,0,220.0,182.5,188.0,171.0,17.0,30770.0,10
2023-05-10 13:35:59,a2403-C-4900,a2403-C-4900,185.0,0.0,0.0,0.0,6,76.0,0.0,0,220.0,182.5,188.0,171.0,17.0,30770.0,10
2023-05-10 13:36:01,a2403-C-4900,a2403-C-4900,185.0,0.0,0.0,0.0,1,76.5,0.0,0,220.0,182.5,188.0,171.0,17.0,30770.0,10
2023-05-10 13:36:01,a2403-C-4900,a2403-C-4900,185.0,0.0,0.0,0.0,6,77.5,0.0,0,220.0,182.5,188.0,171.0,17.0,30770.0,10
2023-05-10 13:36:02,a2403-C-4900,a2403-C-4900,185.0,0.0,0.0,0.0,1,78.0,0.0,0,220.0,182.5,188.0,171.0,17.0,30770.0,10
2023-05-10 13:36:03,a2403-C-4900,a2403-C-4900,185.0,0.0,0.0,0.0,6,79.0,0.0,0,220.0,182.5,188.0,171.0,17.0,30770.0,10
2023-05-10 13:36:04,a2403-C-4900,a2403-C-4900,185.0,0.0,0.0,0.0,1,79.5,0.0,0,220.0,182.5,188.0,171.0,17.0,30770.0,10
2023-05-10 13:36:04,a2403-C-4900,a2403-C-4900,185.0,0.0,0.0,0.0,6,80.5,0.0,0,220.0,182.5,188.0,171.0,17.0,30770.0,10
2023-05-10 13:36:06,a2403-C-4900,a2403-C-4900,185.0,0.0,0.0,0.0,1,81.0,0.0,0,220.0,182.5,188.0,171.0,17.0,30770.0,10
2023-05-10 13:36:06,a2403-C-4900,a2403-C-4900,185.0,0.0,0.0,0.0,6,82.0,0.0,0,220.0,182.5,188.0,171.0,17.0,30770.0,10
2023-05-10 13:36:08,a2403-C-4900,a2403-C-4900,185.0,0.0,0.0,0.0,1,82.5,0.0,0,220.0,182.5,188.0,171.0,17.0,30770.0,10
2023-05-10 13:36:08,a2403-C-4900,a2403-C-4900,185.0,0.0,0.0,0.0,6,83.5,0.0,0,220.0,182.5,188.0,171.0,17.0,30770.0,10
2023-05-10 13:36:09,a2403-C-4900,a2403-C-4900,185.0,0.0,0.0,0.0,1,84.0,0.0,0,220.0,182.5,188.0,171.0,17.0,30770.0,10
2023-05-10 13:36:10,a2403-C-4900,a2403-C-4900,185.0,0.0,0.0,0.0,6,85.0,0.0,0,220.0,182.5,188.0,171.0,17.0,30770.0,10
2023-05-10 13:36:11,a2403-C-4900,a2403-C-4900,185.0,0.0,0.0,0.0,1,85.5,0.0,0,220.0,182.5,188.0,171.0,17.0,30770.0,10
2023-05-10 13:36:11,a2403-C-4900,a2403-C-4900,185.0,0.0,0.0,0.0,6,86.5,0.0,0,220.0,182.5,188.0,171.0,17.0,30770.0,10
2023-05-10 13:36:12,a2403-C-4900,a2403-C-4900,185.0,0.0,0.0,0.0,1,87.0,0.0,0,220.0,182.5,188.0,171.0,17.0,30770.0,10
2023-05-10 13:36:13,a2403-C-4900,a2403-C-4900,185.0,0.0,0.0,0.0,6,88.0,0.0,0,220.0,182.5,188.0,171.0,17.0,30770.0,10
2023-05-10 13:36:14,a2403-C-4900,a2403-C-4900,185.0,0.0,0.0,0.0,1,88.5,0.0,0,220.0,182.5,188.0,171.0,17.0,30770.0,10
2023-05-10 13:36:14,a2403-C-4900,a2403-C-4900,185.0,0.0,0.0,0.0,6,89.5,0.0,0,220.0,182.5,188.0,171.0,17.0,30770.0,10
2023-05-10 13:36:15,a2403-C-4900,a2403-C-4900,185.0,0.0,0.0,0.0,1,90.0,0.0,0,220.0,182.5,188.0,171.0,17.0,30770.0,10
2023-05-10 13:36:16,a2403-C-4900,a2403-C-4900,185.0,0.0,0.0,0.0,6,91.0,0.0,0,220.0,182.5,188.0,171.0,17.0,30770.0,10
2023-05-10 13:36:17,a2403-C-4900,a2403-C-4900,185.0,0.0,0.0,0.0,1,91.5,0.0,0,220.0,182.5,188.0,171.0,17.0,30770.0,10
2023-05-10 13:36:17,a2403-C-4900,a2403-C-4900,185.0,0.0,0.0,0.0,6,92.5,0.0,0,220.0,182.5,188.0,171.0,17.0,30770.0,10
2023-05-10 13:36:18,a2403-C-4900,a2403-C-4900,185.0,0.0,0.0,0.0,1,93.0,0.0,0,220.0,182.5,188.0,171.0,17.0,30770.0,10
2023-05-10 13:36:18,a2403-C-4900,a2403-C-4900,185.0,0.0,0.0,0.0,6,94.0,0.0,0,220.0,182.5,188.0,171.0,17.0,30770.0,10
2023-05-10 13:36:19,a2403-C-4900,a2403-C-4900,185.0,0.0,0.0,0.0,1,94.5,0.0,0,220.0,182.5,188.0,171.0,17.0,30770.0,10
2023-05-10 13:36:19,a2403-C-4900,a2403-C-4900,185.0,0.0,0.0,0.0,6,95.5,0.0,0,220.0,182.5,188.0,171.0,17.0,30770.0,10
2023-05-10 13:36:21,a2403-C-4900,a2403-C-4900,185.0,0.0,0.0,0.0,1,96.0,0.0,0,220.0,182.5,188.0,171.0,17.0,30770.0,10
2023-05-10 13:36:21,a2403-C-4900,a2403-C-4900,185.0,0.0,0.0,0.0,6,97.0,0.0,0,220.0,182.5,188.0,171.0,17.0,30770.0,10
2023-05-10 13:36:22,a2403-C-4900,a2403-C-4900,185.0,0.0,0.0,0.0,1,97.5,0.0,0,220.0,182.5,188.0,171.0,17.0,30770.0,10
2023-05-10 13:36:22,a2403-C-4900,a2403-C-4900,185.0,0.0,0.0,0.0,6,98.5,0.0,0,220.0,182.5,188.0,171.0,17.0,30770.0,10
2023-05-10 13:36:24,a2403-C-4900,a2403-C-4900,185.0,0.0,0.0,0.0,1,99.0,0.0,0,220.0,182.5,188.0,171.0,17.0,30770.0,10
2023-05-10 13:46:24,a2403-C-4900,a2403-C-4900,185.0,0.0,0.0,0.0,1,170.5,194.5,1,220.0,182.5,188.0,171.0,17.0,30770.0,10
2023-05-10 13:46:26,a2403-C-4900,a2403-C-4900,185.0,0.0,0.0,0.0,1,170.5,192.0,1,220.0,182.5,188.0,171.0,17.0,30770.0,10
2023-05-10 13:46:29,a2403-C-4900,a2403-C-4900,185.0,0.0,0.0,0.0,2,170.5,192.0,2,220.0,182.5,188.0,171.0,17.0,30770.0,10
2023-05-10 13:46:35,a2403-C-4900,a2403-C-4900,185.0,0.0,0.0,0.0,1,170.5,192.0,2,220.0,182.5,188.0,171.0,17.0,30770.0,10
2023-05-10 13:46:38,a2403-C-4900,a2403-C-4900,185.0,0.0,0.0,0.0,1,170.5,192.0,1,220.0,182.5,188.0,171.0,17.0,30770.0,10
2023-05-10 13:46:41,a2403-C-4900,a2403-C-4900,185.0,0.0,0.0,0.0,1,169.0,192.5,1,220.0,182.5,188.0,171.0,17.0,30770.0,10
2023-05-10 13:46:43,a2403-C-4900,a2403-C-4900,185.0,0.0,0.0,0.0,1,8.5,0.0,0,220.0,182.5,188.0,171.0,17.0,30770.0,10
2023-05-10 13:46:43,a2403-C-4900,a2403-C-4900,185.0,0.0,0.0,0.0,1,15.0,0.0,0,220.0,182.5,188.0,171.0,17.0,30770.0,10
2023-05-10 13:46:44,a2403-C-4900,a2403-C-4900,185.0,0.0,0.0,0.0,6,16.0,0.0,0,220.0,182.5,188.0,171.0,17.0,30770.0,10
2023-05-10 13:46:45,a2403-C-4900,a2403-C-4900,185.0,0.0,0.0,0.0,1,16.5,0.0,0,220.0,182.5,188.0,171.0,17.0,30770.0,10
2023-05-10 13:46:45,a2403-C-4900,a2403-C-4900,185.0,0.0,0.0,0.0,6,17.5,0.0,0,220.0,182.5,188.0,171.0,17.0,30770.0,10
2023-05-10 13:46:46,a2403-C-4900,a2403-C-4900,185.0,0.0,0.0,0.0,1,18.0,0.0,0,220.0,182.5,188.0,171.0,17.0,30770.0,10
2023-05-10 13:46:46,a2403-C-4900,a2403-C-4900,185.0,0.0,0.0,0.0,6,19.0,0.0,0,220.0,182.5,188.0,171.0,17.0,30770.0,10
2023-05-10 13:46:47,a2403-C-4900,a2403-C-4900,185.0,0.0,0.0,0.0,1,19.5,0.0,0,220.0,182.5,188.0,171.0,17.0,30770.0,10
2023-05-10 13:46:47,a2403-C-4900,a2403-C-4900,185.0,0.0,0.0,0.0,6,20.5,0.0,0,220.0,182.5,188.0,171.0,17.0,30770.0,10
2023-05-10 13:46:48,a2403-C-4900,a2403-C-4900,185.0,0.0,0.0,0.0,1,21.0,0.0,0,220.0,182.5,188.0,171.0,17.0,30770.0,10
2023-05-10 13:46:48,a2403-C-4900,a2403-C-4900,185.0,0.0,0.0,0.0,6,22.0,0.0,0,220.0,182.5,188.0,171.0,17.0,30770.0,10
2023-05-10 13:46:49,a2403-C-4900,a2403-C-4900,185.0,0.0,0.0,0.0,1,22.5,0.0,0,220.0,182.5,188.0,171.0,17.0,30770.0,10
2023-05-10 13:46:49,a2403-C-4900,a2403-C-4900,185.0,0.0,0.0,0.0,6,23.5,0.0,0,220.0,182.5,188.0,171.0,17.0,30770.0,10
2023-05-10 13:46:50,a2403-C-4900,a2403-C-4900,185.0,0.0,0.0,0.0,1,24.0,0.0,0,220.0,182.5,188.0,171.0,17.0,30770.0,10
2023-05-10 13:46:50,a2403-C-4900,a2403-C-4900,185.0,0.0,0.0,0.0,6,25.0,0.0,0,220.0,182.5,188.0,171.0,17.0,30770.0,10
2023-05-10 13:46:51,a2403-C-4900,a2403-C-4900,185.0,0.0,0.0,0.0,1,25.5,0.0,0,220.0,182.5,188.0,171.0,17.0,30770.0,10
2023-05-10 13:46:51,a2403-C-4900,a2403-C-4900,185.0,0.0,0.0,0.0,6,26.5,0.0,0,220.0,182.5,188.0,171.0,17.0,30770.0,10
2023-05-10 13:46:52,a2403-C-4900,a2403-C-4900,185.0,0.0,0.0,0.0,1,27.0,0.0,0,220.0,182.5,188.0,171.0,17.0,30770.0,10
2023-05-10 13:46:52,a2403-C-4900,a2403-C-4900,185.0,0.0,0.0,0.0,6,28.0,0.0,0,220.0,182.5,188.0,171.0,17.0,30770.0,10
2023-05-10 13:46:53,a2403-C-4900,a2403-C-4900,185.0,0.0,0.0,0.0,1,28.5,0.0,0,220.0,182.5,188.0,171.0,17.0,30770.0,10
2023-05-10 13:46:53,a2403-C-4900,a2403-C-4900,185.0,0.0,0.0,0.0,6,29.5,0.0,0,220.0,182.5,188.0,171.0,17.0,30770.0,10
2023-05-10 13:46:54,a2403-C-4900,a2403-C-4900,185.0,0.0,0.0,0.0,1,30.0,0.0,0,220.0,182.5,188.0,171.0,17.0,30770.0,10
2023-05-10 13:46:54,a2403-C-4900,a2403-C-4900,185.0,0.0,0.0,0.0,6,31.0,0.0,0,220.0,182.5,188.0,171.0,17.0,30770.0,10
2023-05-10 13:46:55,a2403-C-4900,a2403-C-4900,185.0,0.0,0.0,0.0,1,31.5,0.0,0,220.0,182.5,188.0,171.0,17.0,30770.0,10
2023-05-10 13:46:55,a2403-C-4900,a2403-C-4900,185.0,0.0,0.0,0.0,6,32.5,0.0,0,220.0,182.5,188.0,171.0,17.0,30770.0,10
2023-05-10 13:46:56,a2403-C-4900,a2403-C-4900,185.0,0.0,0.0,0.0,1,33.0,0.0,0,220.0,182.5,188.0,171.0,17.0,30770.0,10
2023-05-10 13:46:56,a2403-C-4900,a2403-C-4900,185.0,0.0,0.0,0.0,6,34.0,0.0,0,220.0,182.5,188.0,171.0,17.0,30770.0,10
2023-05-10 13:46:57,a2403-C-4900,a2403-C-4900,185.0,0.0,0.0,0.0,1,34.5,0.0,0,220.0,182.5,188.0,171.0,17.0,30770.0,10
2023-05-10 13:46:57,a2403-C-4900,a2403-C-4900,185.0,0.0,0.0,0.0,6,35.5,0.0,0,220.0,182.5,188.0,171.0,17.0,30770.0,10
2023-05-10 13:46:58,a2403-C-4900,a2403-C-4900,185.0,0.0,0.0,0.0,1,36.0,0.0,0,220.0,182.5,188.0,171.0,17.0,30770.0,10
2023-05-10 13:46:58,a2403-C-4900,a2403-C-4900,185.0,0.0,0.0,0.0,6,37.0,0.0,0,220.0,182.5,188.0,171.0,17.0,30770.0,10
2023-05-10 13:46:59,a2403-C-4900,a2403-C-4900,185.0,0.0,0.0,0.0,1,37.5,0.0,0,220.0,182.5,188.0,171.0,17.0,30770.0,10
2023-05-10 13:46:59,a2403-C-4900,a2403-C-4900,185.0,0.0,0.0,0.0,6,38.5,0.0,0,220.0,182.5,188.0,171.0,17.0,30770.0,10
2023-05-10 13:47:00,a2403-C-4900,a2403-C-4900,185.0,0.0,0.0,0.0,1,39.0,0.0,0,220.0,182.5,188.0,171.0,17.0,30770.0,10
2023-05-10 13:47:00,a2403-C-4900,a2403-C-4900,185.0,0.0,0.0,0.0,6,40.0,0.0,0,220.0,182.5,188.0,171.0,17.0,30770.0,10
2023-05-10 13:47:01,a2403-C-4900,a2403-C-4900,185.0,0.0,0.0,0.0,1,40.5,0.0,0,220.0,182.5,188.0,171.0,17.0,30770.0,10
2023-05-10 13:47:01,a2403-C-4900,a2403-C-4900,185.0,0.0,0.0,0.0,6,41.5,0.0,0,220.0,182.5,188.0,171.0,17.0,30770.0,10
2023-05-10 13:47:02,a2403-C-4900,a2403-C-4900,185.0,0.0,0.0,0.0,1,42.0,0.0,0,220.0,182.5,188.0,171.0,17.0,30770.0,10
2023-05-10 13:47:02,a2403-C-4900,a2403-C-4900,185.0,0.0,0.0,0.0,6,43.0,0.0,0,220.0,182.5,188.0,171.0,17.0,30770.0,10
2023-05-10 13:47:03,a2403-C-4900,a2403-C-4900,185.0,0.0,0.0,0.0,1,43.5,0.0,0,220.0,182.5,188.0,171.0,17.0,30770.0,10
2023-05-10 13:47:03,a2403-C-4900,a2403-C-4900,185.0,0.0,0.0,0.0,6,44.5,0.0,0,220.0,182.5,188.0,171.0,17.0,30770.0,10
2023-05-10 13:47:04,a2403-C-4900,a2403-C-4900,185.0,0.0,0.0,0.0,1,45.0,0.0,0,220.0,182.5,188.0,171.0,17.0,30770.0,10
2023-05-10 13:47:05,a2403-C-4900,a2403-C-4900,185.0,0.0,0.0,0.0,6,46.0,0.0,0,220.0,182.5,188.0,171.0,17.0,30770.0,10
2023-05-10 13:47:05,a2403-C-4900,a2403-C-4900,185.0,0.0,0.0,0.0,1,46.5,0.0,0,220.0,182.5,188.0,171.0,17.0,30770.0,10
2023-05-10 13:47:06,a2403-C-4900,a2403-C-4900,185.0,0.0,0.0,0.0,6,47.5,0.0,0,220.0,182.5,188.0,171.0,17.0,30770.0,10
2023-05-10 13:47:07,a2403-C-4900,a2403-C-4900,185.0,0.0,0.0,0.0,1,48.0,0.0,0,220.0,182.5,188.0,171.0,17.0,30770.0,10
2023-05-10 13:47:08,a2403-C-4900,a2403-C-4900,185.0,0.0,0.0,0.0,6,49.0,0.0,0,220.0,182.5,188.0,171.0,17.0,30770.0,10
2023-05-10 13:47:09,a2403-C-4900,a2403-C-4900,185.0,0.0,0.0,0.0,1,49.5,0.0,0,220.0,182.5,188.0,171.0,17.0,30770.0,10
2023-05-10 13:47:10,a2403-C-4900,a2403-C-4900,185.0,0.0,0.0,0.0,6,50.5,0.0,0,220.0,182.5,188.0,171.0,17.0,30770.0,10
2023-05-10 13:47:11,a2403-C-4900,a2403-C-4900,185.0,0.0,0.0,0.0,1,51.0,0.0,0,220.0,182.5,188.0,171.0,17.0,30770.0,10
2023-05-10 13:47:11,a2403-C-4900,a2403-C-4900,185.0,0.0,0.0,0.0,6,52.0,0.0,0,220.0,182.5,188.0,171.0,17.0,30770.0,10
2023-05-10 13:47:12,a2403-C-4900,a2403-C-4900,185.0,0.0,0.0,0.0,1,52.5,0.0,0,220.0,182.5,188.0,171.0,17.0,30770.0,10
2023-05-10 13:47:12,a2403-C-4900,a2403-C-4900,185.0,0.0,0.0,0.0,6,53.5,0.0,0,220.0,182.5,188.0,171.0,17.0,30770.0,10
2023-05-10 13:47:13,a2403-C-4900,a2403-C-4900,185.0,0.0,0.0,0.0,1,54.0,0.0,0,220.0,182.5,188.0,171.0,17.0,30770.0,10
2023-05-10 13:47:14,a2403-C-4900,a2403-C-4900,185.0,0.0,0.0,0.0,6,55.0,0.0,0,220.0,182.5,188.0,171.0,17.0,30770.0,10
2023-05-10 13:47:14,a2403-C-4900,a2403-C-4900,185.0,0.0,0.0,0.0,1,55.5,0.0,0,220.0,182.5,188.0,171.0,17.0,30770.0,10
2023-05-10 13:47:14,a2403-C-4900,a2403-C-4900,185.0,0.0,0.0,0.0,6,56.5,0.0,0,220.0,182.5,188.0,171.0,17.0,30770.0,10
2023-05-10 13:47:15,a2403-C-4900,a2403-C-4900,185.0,0.0,0.0,0.0,1,57.0,0.0,0,220.0,182.5,188.0,171.0,17.0,30770.0,10
2023-05-10 13:47:15,a2403-C-4900,a2403-C-4900,185.0,0.0,0.0,0.0,6,58.0,0.0,0,220.0,182.5,188.0,171.0,17.0,30770.0,10
