time,symbol_id,symbol_name,last,trade_volume,trade_amount,open_interest_change,bv1,bp1,ap1,av1,yesterday_close,today_open,today_high,today_low,volume,amount,open_interest
2023-05-09 20:56:24,a2401-C-5100,a2401-C-5100,122.0,0.0,0.0,0.0,1,1.5,0.0,0,122.0,0.0,0.0,0.0,0.0,0.0,3
2023-05-09 21:01:28,a2401-C-5100,a2401-C-5100,122.0,0.0,0.0,0.0,1,2.0,0.0,0,122.0,0.0,0.0,0.0,0.0,0.0,3
2023-05-09 21:03:07,a2401-C-5100,a2401-C-5100,122.0,0.0,0.0,0.0,1,2.5,0.0,0,122.0,0.0,0.0,0.0,0.0,0.0,3
2023-05-09 21:03:24,a2401-C-5100,a2401-C-5100,122.0,0.0,0.0,0.0,1,3.0,0.0,0,122.0,0.0,0.0,0.0,0.0,0.0,3
2023-05-09 21:07:49,a2401-C-5100,a2401-C-5100,122.0,0.0,0.0,0.0,1,3.5,0.0,0,122.0,0.0,0.0,0.0,0.0,0.0,3
2023-05-09 21:07:50,a2401-C-5100,a2401-C-5100,122.0,0.0,0.0,0.0,1,4.0,0.0,0,122.0,0.0,0.0,0.0,0.0,0.0,3
2023-05-09 21:11:57,a2401-C-5100,a2401-C-5100,122.0,0.0,0.0,0.0,1,4.5,0.0,0,122.0,0.0,0.0,0.0,0.0,0.0,3
2023-05-09 21:12:01,a2401-C-5100,a2401-C-5100,122.0,0.0,0.0,0.0,1,5.0,0.0,0,122.0,0.0,0.0,0.0,0.0,0.0,3
2023-05-09 21:33:07,a2401-C-5100,a2401-C-5100,122.0,0.0,0.0,0.0,1,5.5,0.0,0,122.0,0.0,0.0,0.0,0.0,0.0,3
2023-05-09 21:33:08,a2401-C-5100,a2401-C-5100,122.0,0.0,0.0,0.0,1,6.0,0.0,0,122.0,0.0,0.0,0.0,0.0,0.0,3
2023-05-09 22:05:58,a2401-C-5100,a2401-C-5100,122.0,0.0,0.0,0.0,1,6.5,0.0,0,122.0,0.0,0.0,0.0,0.0,0.0,3
2023-05-09 22:05:59,a2401-C-5100,a2401-C-5100,122.0,0.0,0.0,0.0,1,7.0,0.0,0,122.0,0.0,0.0,0.0,0.0,0.0,3
2023-05-09 22:37:55,a2401-C-5100,a2401-C-5100,122.0,0.0,0.0,0.0,1,7.5,0.0,0,122.0,0.0,0.0,0.0,0.0,0.0,3
2023-05-09 22:37:56,a2401-C-5100,a2401-C-5100,122.0,0.0,0.0,0.0,1,14.0,0.0,0,122.0,0.0,0.0,0.0,0.0,0.0,3
2023-05-09 22:57:30,a2401-C-5100,a2401-C-5100,122.0,0.0,0.0,0.0,1,7.5,0.0,0,122.0,0.0,0.0,0.0,0.0,0.0,3
2023-05-09 22:57:35,a2401-C-5100,a2401-C-5100,122.0,0.0,0.0,0.0,1,3.5,0.0,0,122.0,0.0,0.0,0.0,0.0,0.0,3
2023-05-10 09:00:29,a2401-C-5100,a2401-C-5100,122.0,0.0,0.0,0.0,1,4.0,0.0,0,122.0,0.0,0.0,0.0,0.0,0.0,3
2023-05-10 09:02:09,a2401-C-5100,a2401-C-5100,122.0,0.0,0.0,0.0,1,10.5,0.0,0,122.0,0.0,0.0,0.0,0.0,0.0,3
2023-05-10 09:48:09,a2401-C-5100,a2401-C-5100,122.0,0.0,0.0,0.0,1,11.0,0.0,0,122.0,0.0,0.0,0.0,0.0,0.0,3
2023-05-10 09:48:10,a2401-C-5100,a2401-C-5100,122.0,0.0,0.0,0.0,1,17.5,0.0,0,122.0,0.0,0.0,0.0,0.0,0.0,3
2023-05-10 10:12:23,a2401-C-5100,a2401-C-5100,122.0,0.0,0.0,0.0,1,11.0,0.0,0,122.0,0.0,0.0,0.0,0.0,0.0,3
2023-05-10 10:30:49,a2401-C-5100,a2401-C-5100,122.0,0.0,0.0,0.0,1,17.5,0.0,0,122.0,0.0,0.0,0.0,0.0,0.0,3
2023-05-10 11:27:23,a2401-C-5100,a2401-C-5100,122.0,0.0,0.0,0.0,1,11.0,0.0,0,122.0,0.0,0.0,0.0,0.0,0.0,3
2023-05-10 11:29:32,a2401-C-5100,a2401-C-5100,122.0,0.0,0.0,0.0,1,6.5,0.0,0,122.0,0.0,0.0,0.0,0.0,0.0,3
2023-05-10 13:30:37,a2401-C-5100,a2401-C-5100,122.0,0.0,0.0,0.0,1,7.0,0.0,0,122.0,0.0,0.0,0.0,0.0,0.0,3
2023-05-10 13:31:20,a2401-C-5100,a2401-C-5100,122.0,0.0,0.0,0.0,1,13.5,0.0,0,122.0,0.0,0.0,0.0,0.0,0.0,3
2023-05-10 13:45:54,a2401-C-5100,a2401-C-5100,122.0,0.0,0.0,0.0,1,95.0,115.0,1,122.0,0.0,0.0,0.0,0.0,0.0,3
2023-05-10 13:45:55,a2401-C-5100,a2401-C-5100,122.0,0.0,0.0,0.0,1,95.0,104.5,1,122.0,0.0,0.0,0.0,0.0,0.0,3
2023-05-10 13:45:59,a2401-C-5100,a2401-C-5100,122.0,0.0,0.0,0.0,2,95.0,104.5,2,122.0,0.0,0.0,0.0,0.0,0.0,3
2023-05-10 13:46:05,a2401-C-5100,a2401-C-5100,122.0,0.0,0.0,0.0,1,95.0,104.5,2,122.0,0.0,0.0,0.0,0.0,0.0,3
2023-05-10 13:46:06,a2401-C-5100,a2401-C-5100,122.0,0.0,0.0,0.0,1,95.0,104.5,1,122.0,0.0,0.0,0.0,0.0,0.0,3
2023-05-10 13:46:11,a2401-C-5100,a2401-C-5100,122.0,0.0,0.0,0.0,1,94.5,109.5,1,122.0,0.0,0.0,0.0,0.0,0.0,3
2023-05-10 13:46:13,a2401-C-5100,a2401-C-5100,122.0,0.0,0.0,0.0,1,7.0,0.0,0,122.0,0.0,0.0,0.0,0.0,0.0,3
2023-05-10 13:46:15,a2401-C-5100,a2401-C-5100,122.0,0.0,0.0,0.0,1,13.5,0.0,0,122.0,0.0,0.0,0.0,0.0,0.0,3
2023-05-10 15:01:15,a2401-C-5100,a2401-C-5100,122.0,0.0,0.0,0.0,1,13.5,0.0,0,122.0,0.0,0.0,0.0,0.0,0.0,3
