time,symbol_id,symbol_name,last,trade_volume,trade_amount,open_interest_change,bv1,bp1,ap1,av1,yesterday_close,today_open,today_high,today_low,volume,amount,open_interest
2023-05-11 08:35:21,OP10005357,300ETF沽12月3700,0.0,0.0,0.0,0.0,0,0.0,0.0,0,0.0594,0.058,0.0,0.0,0.0,0.0,1659
2023-05-11 09:24:57,OP10005357,300ETF沽12月3700,0.0,0.0,0.0,0.0,1,0.0566,0.0601,1,0.0594,0.058,0.0,0.0,0.0,0.0,1659
2023-05-11 09:29:57,OP10005357,300ETF沽12月3700,0.0,0.0,0.0,0.0,1,0.0566,0.0601,1,0.0594,0.058,0.0,0.0,0.0,0.0,1659
2023-05-11 09:29:57,OP10005357,300ETF沽12月3700,0.0,0.0,0.0,0.0,10,0.0573,0.0584,10,0.0594,0.058,0.0,0.0,0.0,0.0,1659
2023-05-11 09:29:57,OP10005357,300ETF沽12月3700,0.0,0.0,0.0,0.0,10,0.0575,0.0588,10,0.0594,0.058,0.0,0.0,0.0,0.0,1659
2023-05-11 09:29:57,OP10005357,300ETF沽12月3700,0.0,0.0,0.0,0.0,10,0.0575,0.0588,10,0.0594,0.058,0.0,0.0,0.0,0.0,1659
2023-05-11 09:29:57,OP10005357,300ETF沽12月3700,0.0,0.0,0.0,0.0,10,0.0575,0.0588,10,0.0594,0.058,0.0,0.0,0.0,0.0,1659
2023-05-11 09:30:02,OP10005357,300ETF沽12月3700,0.0,0.0,0.0,0.0,10,0.0575,0.0588,10,0.0594,0.058,0.0,0.0,0.0,0.0,1659
2023-05-11 09:30:02,OP10005357,300ETF沽12月3700,0.0,0.0,0.0,0.0,10,0.0567,0.0584,10,0.0594,0.058,0.0,0.0,0.0,0.0,1659
2023-05-11 09:30:02,OP10005357,300ETF沽12月3700,0.0,0.0,0.0,0.0,10,0.0572,0.0584,10,0.0594,0.058,0.0,0.0,0.0,0.0,1659
2023-05-11 09:30:05,OP10005357,300ETF沽12月3700,0.0,0.0,0.0,0.0,10,0.0572,0.0584,10,0.0594,0.058,0.0,0.0,0.0,0.0,1659
2023-05-11 09:30:05,OP10005357,300ETF沽12月3700,0.0,0.0,0.0,0.0,10,0.0572,0.0584,10,0.0594,0.058,0.0,0.0,0.0,0.0,1659
2023-05-11 09:30:05,OP10005357,300ETF沽12月3700,0.0,0.0,0.0,0.0,10,0.0575,0.0586,10,0.0594,0.058,0.0,0.0,0.0,0.0,1659
2023-05-11 09:30:08,OP10005357,300ETF沽12月3700,0.0,0.0,0.0,0.0,10,0.0578,0.059,10,0.0594,0.058,0.0,0.0,0.0,0.0,1659
2023-05-11 09:30:08,OP10005357,300ETF沽12月3700,0.0,0.0,0.0,0.0,10,0.0578,0.059,10,0.0594,0.058,0.0,0.0,0.0,0.0,1659
2023-05-11 09:30:08,OP10005357,300ETF沽12月3700,0.0,0.0,0.0,0.0,10,0.0575,0.0587,10,0.0594,0.058,0.0,0.0,0.0,0.0,1659
2023-05-11 09:30:08,OP10005357,300ETF沽12月3700,0.0,0.0,0.0,0.0,10,0.0575,0.0587,10,0.0594,0.058,0.0,0.0,0.0,0.0,1659
2023-05-11 09:30:11,OP10005357,300ETF沽12月3700,0.0,0.0,0.0,0.0,10,0.0575,0.0587,10,0.0594,0.058,0.0,0.0,0.0,0.0,1659
2023-05-11 09:30:11,OP10005357,300ETF沽12月3700,0.0,0.0,0.0,0.0,10,0.0575,0.0587,10,0.0594,0.058,0.0,0.0,0.0,0.0,1659
2023-05-11 09:30:14,OP10005357,300ETF沽12月3700,0.0,0.0,0.0,0.0,10,0.0578,0.059,10,0.0594,0.058,0.0,0.0,0.0,0.0,1659
2023-05-11 09:30:14,OP10005357,300ETF沽12月3700,0.0,0.0,0.0,0.0,10,0.0578,0.059,10,0.0594,0.058,0.0,0.0,0.0,0.0,1659
2023-05-11 09:30:14,OP10005357,300ETF沽12月3700,0.0,0.0,0.0,0.0,10,0.0578,0.0589,10,0.0594,0.058,0.0,0.0,0.0,0.0,1659
2023-05-11 09:30:14,OP10005357,300ETF沽12月3700,0.0,0.0,0.0,0.0,10,0.0578,0.0589,10,0.0594,0.058,0.0,0.0,0.0,0.0,1659
2023-05-11 09:30:17,OP10005357,300ETF沽12月3700,0.0,0.0,0.0,0.0,10,0.0578,0.0589,10,0.0594,0.058,0.0,0.0,0.0,0.0,1659
2023-05-11 09:30:17,OP10005357,300ETF沽12月3700,0.0,0.0,0.0,0.0,10,0.0578,0.0589,10,0.0594,0.058,0.0,0.0,0.0,0.0,1659
2023-05-11 09:30:17,OP10005357,300ETF沽12月3700,0.0,0.0,0.0,0.0,30,0.0574,0.0589,10,0.0594,0.058,0.0,0.0,0.0,0.0,1659
2023-05-11 09:30:17,OP10005357,300ETF沽12月3700,0.0,0.0,0.0,0.0,30,0.0574,0.0589,10,0.0594,0.058,0.0,0.0,0.0,0.0,1659
2023-05-11 09:30:17,OP10005357,300ETF沽12月3700,0.0,0.0,0.0,0.0,10,0.0575,0.0587,10,0.0594,0.058,0.0,0.0,0.0,0.0,1659
2023-05-11 09:30:20,OP10005357,300ETF沽12月3700,0.0,0.0,0.0,0.0,10,0.0575,0.0586,10,0.0594,0.058,0.0,0.0,0.0,0.0,1659
2023-05-11 09:30:20,OP10005357,300ETF沽12月3700,0.0,0.0,0.0,0.0,10,0.0572,0.0584,10,0.0594,0.058,0.0,0.0,0.0,0.0,1659
2023-05-11 09:30:20,OP10005357,300ETF沽12月3700,0.0,0.0,0.0,0.0,10,0.0572,0.0584,20,0.0594,0.058,0.0,0.0,0.0,0.0,1659
2023-05-11 09:30:20,OP10005357,300ETF沽12月3700,0.0,0.0,0.0,0.0,10,0.0572,0.0584,20,0.0594,0.058,0.0,0.0,0.0,0.0,1659
2023-05-11 09:30:20,OP10005357,300ETF沽12月3700,0.0,0.0,0.0,0.0,10,0.0572,0.0584,10,0.0594,0.058,0.0,0.0,0.0,0.0,1659
2023-05-11 09:30:23,OP10005357,300ETF沽12月3700,0.0,0.0,0.0,0.0,10,0.0575,0.0585,10,0.0594,0.058,0.0,0.0,0.0,0.0,1659
2023-05-11 09:30:23,OP10005357,300ETF沽12月3700,0.0,0.0,0.0,0.0,30,0.0575,0.0584,10,0.0594,0.058,0.0,0.0,0.0,0.0,1659
2023-05-11 09:30:23,OP10005357,300ETF沽12月3700,0.0,0.0,0.0,0.0,30,0.0575,0.0585,10,0.0594,0.058,0.0,0.0,0.0,0.0,1659
2023-05-11 09:30:23,OP10005357,300ETF沽12月3700,0.0,0.0,0.0,0.0,30,0.0575,0.0584,10,0.0594,0.058,0.0,0.0,0.0,0.0,1659
2023-05-11 09:30:23,OP10005357,300ETF沽12月3700,0.0,0.0,0.0,0.0,20,0.0575,0.0583,10,0.0594,0.058,0.0,0.0,0.0,0.0,1659
2023-05-11 09:30:26,OP10005357,300ETF沽12月3700,0.0,0.0,0.0,0.0,30,0.0573,0.0583,10,0.0594,0.058,0.0,0.0,0.0,0.0,1659
2023-05-11 09:30:26,OP10005357,300ETF沽12月3700,0.0,0.0,0.0,0.0,30,0.0573,0.0583,10,0.0594,0.058,0.0,0.0,0.0,0.0,1659
2023-05-11 09:30:26,OP10005357,300ETF沽12月3700,0.0,0.0,0.0,0.0,30,0.0573,0.0583,10,0.0594,0.058,0.0,0.0,0.0,0.0,1659
2023-05-11 09:30:29,OP10005357,300ETF沽12月3700,0.0,0.0,0.0,0.0,30,0.0573,0.0583,10,0.0594,0.058,0.0,0.0,0.0,0.0,1659
2023-05-11 09:30:29,OP10005357,300ETF沽12月3700,0.0,0.0,0.0,0.0,30,0.0573,0.0584,10,0.0594,0.058,0.0,0.0,0.0,0.0,1659
2023-05-11 09:30:32,OP10005357,300ETF沽12月3700,0.0,0.0,0.0,0.0,30,0.0573,0.0584,20,0.0594,0.058,0.0,0.0,0.0,0.0,1659
2023-05-11 09:30:35,OP10005357,300ETF沽12月3700,0.0,0.0,0.0,0.0,30,0.0573,0.0584,10,0.0594,0.058,0.0,0.0,0.0,0.0,1659
2023-05-11 09:30:35,OP10005357,300ETF沽12月3700,0.0,0.0,0.0,0.0,30,0.0573,0.0584,10,0.0594,0.058,0.0,0.0,0.0,0.0,1659
2023-05-11 09:30:38,OP10005357,300ETF沽12月3700,0.0,0.0,0.0,0.0,30,0.0573,0.0584,10,0.0594,0.058,0.0,0.0,0.0,0.0,1659
2023-05-11 09:30:38,OP10005357,300ETF沽12月3700,0.0,0.0,0.0,0.0,30,0.0573,0.0584,20,0.0594,0.058,0.0,0.0,0.0,0.0,1659
2023-05-11 09:30:38,OP10005357,300ETF沽12月3700,0.0,0.0,0.0,0.0,10,0.0576,0.0584,10,0.0594,0.058,0.0,0.0,0.0,0.0,1659
2023-05-11 09:30:38,OP10005357,300ETF沽12月3700,0.0,0.0,0.0,0.0,10,0.0577,0.0585,10,0.0594,0.058,0.0,0.0,0.0,0.0,1659
2023-05-11 09:30:41,OP10005357,300ETF沽12月3700,0.0,0.0,0.0,0.0,30,0.0577,0.0585,10,0.0594,0.058,0.0,0.0,0.0,0.0,1659
2023-05-11 09:30:41,OP10005357,300ETF沽12月3700,0.0,0.0,0.0,0.0,30,0.0577,0.0585,10,0.0594,0.058,0.0,0.0,0.0,0.0,1659
2023-05-11 09:30:41,OP10005357,300ETF沽12月3700,0.0,0.0,0.0,0.0,30,0.0577,0.0585,10,0.0594,0.058,0.0,0.0,0.0,0.0,1659
2023-05-11 09:30:44,OP10005357,300ETF沽12月3700,0.0,0.0,0.0,0.0,30,0.0577,0.0585,10,0.0594,0.058,0.0,0.0,0.0,0.0,1659
2023-05-11 09:30:44,OP10005357,300ETF沽12月3700,0.0,0.0,0.0,0.0,20,0.0577,0.0584,10,0.0594,0.058,0.0,0.0,0.0,0.0,1659
2023-05-11 09:30:44,OP10005357,300ETF沽12月3700,0.0,0.0,0.0,0.0,20,0.0577,0.0583,10,0.0594,0.058,0.0,0.0,0.0,0.0,1659
2023-05-11 09:30:44,OP10005357,300ETF沽12月3700,0.0,0.0,0.0,0.0,30,0.0573,0.0583,10,0.0594,0.058,0.0,0.0,0.0,0.0,1659
2023-05-11 09:30:47,OP10005357,300ETF沽12月3700,0.0,0.0,0.0,0.0,30,0.0573,0.0583,10,0.0594,0.058,0.0,0.0,0.0,0.0,1659
2023-05-11 09:30:47,OP10005357,300ETF沽12月3700,0.0,0.0,0.0,0.0,10,0.0574,0.0583,20,0.0594,0.058,0.0,0.0,0.0,0.0,1659
2023-05-11 09:30:47,OP10005357,300ETF沽12月3700,0.0,0.0,0.0,0.0,10,0.0574,0.0582,10,0.0594,0.058,0.0,0.0,0.0,0.0,1659
2023-05-11 09:30:47,OP10005357,300ETF沽12月3700,0.0,0.0,0.0,0.0,20,0.0573,0.0581,10,0.0594,0.058,0.0,0.0,0.0,0.0,1659
2023-05-11 09:30:47,OP10005357,300ETF沽12月3700,0.0,0.0,0.0,0.0,20,0.0573,0.058,10,0.0594,0.058,0.0,0.0,0.0,0.0,1659
2023-05-11 09:30:47,OP10005357,300ETF沽12月3700,0.0,0.0,0.0,0.0,30,0.0573,0.058,10,0.0594,0.058,0.0,0.0,0.0,0.0,1659
2023-05-11 09:30:51,OP10005357,300ETF沽12月3700,0.058,10.0,5800.0,10.0,10,0.0574,0.0581,10,0.0594,0.058,0.058,0.058,10.0,5800.0,1669
2023-05-11 09:30:51,OP10005357,300ETF沽12月3700,0.058,0.0,0.0,0.0,20,0.0574,0.0583,10,0.0594,0.058,0.058,0.058,10.0,5800.0,1669
2023-05-11 09:30:51,OP10005357,300ETF沽12月3700,0.058,0.0,0.0,0.0,10,0.0575,0.0583,20,0.0594,0.058,0.058,0.058,10.0,5800.0,1669
2023-05-11 09:30:52,OP10005357,300ETF沽12月3700,0.058,0.0,0.0,0.0,30,0.0575,0.0583,20,0.0594,0.058,0.058,0.058,10.0,5800.0,1669
2023-05-11 09:30:52,OP10005357,300ETF沽12月3700,0.058,0.0,0.0,0.0,20,0.0575,0.0582,10,0.0594,0.058,0.058,0.058,10.0,5800.0,1669
2023-05-11 09:30:53,OP10005357,300ETF沽12月3700,0.058,0.0,0.0,0.0,20,0.0575,0.0582,10,0.0594,0.058,0.058,0.058,10.0,5800.0,1669
2023-05-11 09:30:53,OP10005357,300ETF沽12月3700,0.058,0.0,0.0,0.0,20,0.0575,0.0582,10,0.0594,0.058,0.058,0.058,10.0,5800.0,1669
2023-05-11 09:30:55,OP10005357,300ETF沽12月3700,0.058,0.0,0.0,0.0,20,0.0575,0.058,10,0.0594,0.058,0.058,0.058,10.0,5800.0,1669
2023-05-11 09:30:56,OP10005357,300ETF沽12月3700,0.058,0.0,0.0,0.0,20,0.0575,0.058,20,0.0594,0.058,0.058,0.058,10.0,5800.0,1669
2023-05-11 09:30:56,OP10005357,300ETF沽12月3700,0.058,0.0,0.0,0.0,40,0.0573,0.058,20,0.0594,0.058,0.058,0.058,10.0,5800.0,1669
2023-05-11 09:30:57,OP10005357,300ETF沽12月3700,0.058,0.0,0.0,0.0,30,0.0573,0.0579,10,0.0594,0.058,0.058,0.058,10.0,5800.0,1669
2023-05-11 09:30:57,OP10005357,300ETF沽12月3700,0.058,0.0,0.0,0.0,20,0.0573,0.0579,10,0.0594,0.058,0.058,0.058,10.0,5800.0,1669
2023-05-11 09:30:58,OP10005357,300ETF沽12月3700,0.058,0.0,0.0,0.0,20,0.0573,0.0579,10,0.0594,0.058,0.058,0.058,10.0,5800.0,1669
2023-05-11 09:30:58,OP10005357,300ETF沽12月3700,0.058,0.0,0.0,0.0,30,0.0573,0.058,20,0.0594,0.058,0.058,0.058,10.0,5800.0,1669
2023-05-11 09:30:59,OP10005357,300ETF沽12月3700,0.058,0.0,0.0,0.0,40,0.0573,0.058,10,0.0594,0.058,0.058,0.058,10.0,5800.0,1669
2023-05-11 09:30:59,OP10005357,300ETF沽12月3700,0.058,0.0,0.0,0.0,40,0.0573,0.058,10,0.0594,0.058,0.058,0.058,10.0,5800.0,1669
2023-05-11 09:31:00,OP10005357,300ETF沽12月3700,0.058,0.0,0.0,0.0,30,0.0573,0.0582,10,0.0594,0.058,0.058,0.058,10.0,5800.0,1669
2023-05-11 09:31:00,OP10005357,300ETF沽12月3700,0.058,0.0,0.0,0.0,10,0.0575,0.0582,10,0.0594,0.058,0.058,0.058,10.0,5800.0,1669
2023-05-11 09:31:01,OP10005357,300ETF沽12月3700,0.058,0.0,0.0,0.0,30,0.0575,0.0582,10,0.0594,0.058,0.058,0.058,10.0,5800.0,1669
2023-05-11 09:31:02,OP10005357,300ETF沽12月3700,0.058,0.0,0.0,0.0,10,0.0576,0.0583,20,0.0594,0.058,0.058,0.058,10.0,5800.0,1669
2023-05-11 09:31:02,OP10005357,300ETF沽12月3700,0.058,0.0,0.0,0.0,10,0.0577,0.0583,10,0.0594,0.058,0.058,0.058,10.0,5800.0,1669
2023-05-11 09:31:03,OP10005357,300ETF沽12月3700,0.058,0.0,0.0,0.0,10,0.0577,0.0583,10,0.0594,0.058,0.058,0.058,10.0,5800.0,1669
2023-05-11 09:31:03,OP10005357,300ETF沽12月3700,0.058,0.0,0.0,0.0,10,0.0577,0.0584,10,0.0594,0.058,0.058,0.058,10.0,5800.0,1669
2023-05-11 09:31:04,OP10005357,300ETF沽12月3700,0.058,0.0,0.0,0.0,10,0.0577,0.0584,10,0.0594,0.058,0.058,0.058,10.0,5800.0,1669
2023-05-11 09:31:04,OP10005357,300ETF沽12月3700,0.058,0.0,0.0,0.0,10,0.0577,0.0584,10,0.0594,0.058,0.058,0.058,10.0,5800.0,1669
2023-05-11 09:31:05,OP10005357,300ETF沽12月3700,0.058,0.0,0.0,0.0,20,0.0577,0.0585,30,0.0594,0.058,0.058,0.058,10.0,5800.0,1669
2023-05-11 09:31:05,OP10005357,300ETF沽12月3700,0.058,0.0,0.0,0.0,10,0.0578,0.0584,10,0.0594,0.058,0.058,0.058,10.0,5800.0,1669
2023-05-11 09:31:06,OP10005357,300ETF沽12月3700,0.058,0.0,0.0,0.0,10,0.0577,0.0583,10,0.0594,0.058,0.058,0.058,10.0,5800.0,1669
2023-05-11 09:31:06,OP10005357,300ETF沽12月3700,0.058,0.0,0.0,0.0,20,0.0576,0.0584,10,0.0594,0.058,0.058,0.058,10.0,5800.0,1669
2023-05-11 09:31:08,OP10005357,300ETF沽12月3700,0.058,0.0,0.0,0.0,10,0.0577,0.0585,30,0.0594,0.058,0.058,0.058,10.0,5800.0,1669
2023-05-11 09:31:08,OP10005357,300ETF沽12月3700,0.058,0.0,0.0,0.0,10,0.0578,0.0585,10,0.0594,0.058,0.058,0.058,10.0,5800.0,1669
2023-05-11 09:31:09,OP10005357,300ETF沽12月3700,0.058,0.0,0.0,0.0,10,0.0578,0.0585,10,0.0594,0.058,0.058,0.058,10.0,5800.0,1669
2023-05-11 09:31:15,OP10005357,300ETF沽12月3700,0.058,0.0,0.0,0.0,10,0.0579,0.0586,30,0.0594,0.058,0.058,0.058,10.0,5800.0,1669
2023-05-11 09:31:15,OP10005357,300ETF沽12月3700,0.058,0.0,0.0,0.0,20,0.0579,0.0587,10,0.0594,0.058,0.058,0.058,10.0,5800.0,1669
2023-05-11 09:31:16,OP10005357,300ETF沽12月3700,0.058,0.0,0.0,0.0,10,0.0579,0.0587,10,0.0594,0.058,0.058,0.058,10.0,5800.0,1669
2023-05-11 09:31:18,OP10005357,300ETF沽12月3700,0.058,0.0,0.0,0.0,10,0.0579,0.0587,10,0.0594,0.058,0.058,0.058,10.0,5800.0,1669
2023-05-11 09:31:18,OP10005357,300ETF沽12月3700,0.058,0.0,0.0,0.0,10,0.0578,0.0586,10,0.0594,0.058,0.058,0.058,10.0,5800.0,1669
2023-05-11 09:31:19,OP10005357,300ETF沽12月3700,0.058,0.0,0.0,0.0,20,0.0578,0.0585,10,0.0594,0.058,0.058,0.058,10.0,5800.0,1669
2023-05-11 09:31:19,OP10005357,300ETF沽12月3700,0.058,0.0,0.0,0.0,20,0.0578,0.0585,10,0.0594,0.058,0.058,0.058,10.0,5800.0,1669
2023-05-11 09:31:20,OP10005357,300ETF沽12月3700,0.058,0.0,0.0,0.0,20,0.0579,0.0586,10,0.0594,0.058,0.058,0.058,10.0,5800.0,1669
2023-05-11 09:31:20,OP10005357,300ETF沽12月3700,0.058,0.0,0.0,0.0,10,0.058,0.0588,30,0.0594,0.058,0.058,0.058,10.0,5800.0,1669
2023-05-11 09:31:21,OP10005357,300ETF沽12月3700,0.058,0.0,0.0,0.0,10,0.0581,0.059,10,0.0594,0.058,0.058,0.058,10.0,5800.0,1669
2023-05-11 09:31:21,OP10005357,300ETF沽12月3700,0.058,0.0,0.0,0.0,10,0.0582,0.0589,10,0.0594,0.058,0.058,0.058,10.0,5800.0,1669
2023-05-11 09:31:22,OP10005357,300ETF沽12月3700,0.058,0.0,0.0,0.0,10,0.0583,0.0589,10,0.0594,0.058,0.058,0.058,10.0,5800.0,1669
2023-05-11 09:31:22,OP10005357,300ETF沽12月3700,0.058,0.0,0.0,0.0,20,0.0583,0.0592,20,0.0594,0.058,0.058,0.058,10.0,5800.0,1669
2023-05-11 09:31:23,OP10005357,300ETF沽12月3700,0.058,0.0,0.0,0.0,10,0.0585,0.0591,10,0.0594,0.058,0.058,0.058,10.0,5800.0,1669
2023-05-11 09:31:23,OP10005357,300ETF沽12月3700,0.058,0.0,0.0,0.0,30,0.0583,0.059,10,0.0594,0.058,0.058,0.058,10.0,5800.0,1669
2023-05-11 09:31:24,OP10005357,300ETF沽12月3700,0.058,0.0,0.0,0.0,20,0.0583,0.0589,10,0.0594,0.058,0.058,0.058,10.0,5800.0,1669
2023-05-11 09:31:24,OP10005357,300ETF沽12月3700,0.058,0.0,0.0,0.0,20,0.0583,0.0589,10,0.0594,0.058,0.058,0.058,10.0,5800.0,1669
2023-05-11 09:31:25,OP10005357,300ETF沽12月3700,0.058,0.0,0.0,0.0,20,0.0581,0.0589,10,0.0594,0.058,0.058,0.058,10.0,5800.0,1669
2023-05-11 09:31:25,OP10005357,300ETF沽12月3700,0.058,0.0,0.0,0.0,10,0.0581,0.0589,10,0.0594,0.058,0.058,0.058,10.0,5800.0,1669
2023-05-11 09:31:26,OP10005357,300ETF沽12月3700,0.058,0.0,0.0,0.0,30,0.058,0.0588,10,0.0594,0.058,0.058,0.058,10.0,5800.0,1669
2023-05-11 09:31:26,OP10005357,300ETF沽12月3700,0.058,0.0,0.0,0.0,20,0.058,0.0587,10,0.0594,0.058,0.058,0.058,10.0,5800.0,1669
2023-05-11 09:31:27,OP10005357,300ETF沽12月3700,0.058,0.0,0.0,0.0,20,0.058,0.0587,10,0.0594,0.058,0.058,0.058,10.0,5800.0,1669
2023-05-11 09:31:27,OP10005357,300ETF沽12月3700,0.058,0.0,0.0,0.0,20,0.058,0.0587,10,0.0594,0.058,0.058,0.058,10.0,5800.0,1669
2023-05-11 09:31:28,OP10005357,300ETF沽12月3700,0.058,0.0,0.0,0.0,20,0.058,0.0587,10,0.0594,0.058,0.058,0.058,10.0,5800.0,1669
2023-05-11 09:31:28,OP10005357,300ETF沽12月3700,0.058,0.0,0.0,0.0,20,0.058,0.0587,10,0.0594,0.058,0.058,0.058,10.0,5800.0,1669
2023-05-11 09:31:29,OP10005357,300ETF沽12月3700,0.058,0.0,0.0,0.0,10,0.0579,0.0586,10,0.0594,0.058,0.058,0.058,10.0,5800.0,1669
2023-05-11 09:31:30,OP10005357,300ETF沽12月3700,0.058,0.0,0.0,0.0,10,0.0579,0.0586,10,0.0594,0.058,0.058,0.058,10.0,5800.0,1669
2023-05-11 09:31:30,OP10005357,300ETF沽12月3700,0.058,0.0,0.0,0.0,10,0.0579,0.0586,10,0.0594,0.058,0.058,0.058,10.0,5800.0,1669
2023-05-11 09:31:31,OP10005357,300ETF沽12月3700,0.058,0.0,0.0,0.0,10,0.0579,0.0586,10,0.0594,0.058,0.058,0.058,10.0,5800.0,1669
2023-05-11 09:31:31,OP10005357,300ETF沽12月3700,0.058,0.0,0.0,0.0,20,0.0579,0.0587,20,0.0594,0.058,0.058,0.058,10.0,5800.0,1669
2023-05-11 09:31:32,OP10005357,300ETF沽12月3700,0.058,0.0,0.0,0.0,10,0.058,0.0587,20,0.0594,0.058,0.058,0.058,10.0,5800.0,1669
2023-05-11 09:31:32,OP10005357,300ETF沽12月3700,0.058,0.0,0.0,0.0,30,0.058,0.0588,30,0.0594,0.058,0.058,0.058,10.0,5800.0,1669
2023-05-11 09:31:33,OP10005357,300ETF沽12月3700,0.058,0.0,0.0,0.0,20,0.058,0.0587,10,0.0594,0.058,0.058,0.058,10.0,5800.0,1669
2023-05-11 09:31:33,OP10005357,300ETF沽12月3700,0.058,0.0,0.0,0.0,20,0.058,0.0587,10,0.0594,0.058,0.058,0.058,10.0,5800.0,1669
2023-05-11 09:31:35,OP10005357,300ETF沽12月3700,0.058,0.0,0.0,0.0,30,0.058,0.0587,10,0.0594,0.058,0.058,0.058,10.0,5800.0,1669
2023-05-11 09:31:35,OP10005357,300ETF沽12月3700,0.058,0.0,0.0,0.0,10,0.0581,0.0588,30,0.0594,0.058,0.058,0.058,10.0,5800.0,1669
2023-05-11 09:31:36,OP10005357,300ETF沽12月3700,0.058,0.0,0.0,0.0,10,0.0581,0.0589,10,0.0594,0.058,0.058,0.058,10.0,5800.0,1669
2023-05-11 09:31:36,OP10005357,300ETF沽12月3700,0.058,0.0,0.0,0.0,10,0.0581,0.059,20,0.0594,0.058,0.058,0.058,10.0,5800.0,1669
2023-05-11 09:31:37,OP10005357,300ETF沽12月3700,0.058,0.0,0.0,0.0,20,0.0581,0.059,10,0.0594,0.058,0.058,0.058,10.0,5800.0,1669
2023-05-11 09:31:37,OP10005357,300ETF沽12月3700,0.058,0.0,0.0,0.0,10,0.0582,0.059,20,0.0594,0.058,0.058,0.058,10.0,5800.0,1669
2023-05-11 09:31:38,OP10005357,300ETF沽12月3700,0.058,0.0,0.0,0.0,10,0.0582,0.059,20,0.0594,0.058,0.058,0.058,10.0,5800.0,1669
2023-05-11 09:31:39,OP10005357,300ETF沽12月3700,0.058,0.0,0.0,0.0,20,0.0581,0.0589,10,0.0594,0.058,0.058,0.058,10.0,5800.0,1669
2023-05-11 09:31:39,OP10005357,300ETF沽12月3700,0.058,0.0,0.0,0.0,10,0.0581,0.0589,10,0.0594,0.058,0.058,0.058,10.0,5800.0,1669
2023-05-11 09:31:40,OP10005357,300ETF沽12月3700,0.058,0.0,0.0,0.0,10,0.0582,0.0589,10,0.0594,0.058,0.058,0.058,10.0,5800.0,1669
2023-05-11 09:31:40,OP10005357,300ETF沽12月3700,0.058,0.0,0.0,0.0,10,0.0582,0.0589,10,0.0594,0.058,0.058,0.058,10.0,5800.0,1669
2023-05-11 09:31:41,OP10005357,300ETF沽12月3700,0.058,0.0,0.0,0.0,10,0.0583,0.059,20,0.0594,0.058,0.058,0.058,10.0,5800.0,1669
2023-05-11 09:31:41,OP10005357,300ETF沽12月3700,0.058,0.0,0.0,0.0,10,0.0583,0.059,10,0.0594,0.058,0.058,0.058,10.0,5800.0,1669
2023-05-11 09:31:42,OP10005357,300ETF沽12月3700,0.058,0.0,0.0,0.0,20,0.0582,0.059,10,0.0594,0.058,0.058,0.058,10.0,5800.0,1669
2023-05-11 09:31:42,OP10005357,300ETF沽12月3700,0.058,0.0,0.0,0.0,10,0.0582,0.059,10,0.0594,0.058,0.058,0.058,10.0,5800.0,1669
2023-05-11 09:31:43,OP10005357,300ETF沽12月3700,0.058,0.0,0.0,0.0,10,0.0582,0.059,10,0.0594,0.058,0.058,0.058,10.0,5800.0,1669
2023-05-11 09:31:43,OP10005357,300ETF沽12月3700,0.058,0.0,0.0,0.0,10,0.0581,0.0589,10,0.0594,0.058,0.058,0.058,10.0,5800.0,1669
2023-05-11 09:31:44,OP10005357,300ETF沽12月3700,0.058,0.0,0.0,0.0,10,0.0581,0.0588,10,0.0594,0.058,0.058,0.058,10.0,5800.0,1669
2023-05-11 09:31:44,OP10005357,300ETF沽12月3700,0.058,0.0,0.0,0.0,10,0.0581,0.0588,10,0.0594,0.058,0.058,0.058,10.0,5800.0,1669
2023-05-11 09:31:45,OP10005357,300ETF沽12月3700,0.058,0.0,0.0,0.0,40,0.0578,0.0588,20,0.0594,0.058,0.058,0.058,10.0,5800.0,1669
2023-05-11 09:31:45,OP10005357,300ETF沽12月3700,0.058,0.0,0.0,0.0,30,0.0578,0.0586,10,0.0594,0.058,0.058,0.058,10.0,5800.0,1669
2023-05-11 09:31:46,OP10005357,300ETF沽12月3700,0.058,0.0,0.0,0.0,10,0.0576,0.0584,10,0.0594,0.058,0.058,0.058,10.0,5800.0,1669
2023-05-11 09:31:46,OP10005357,300ETF沽12月3700,0.058,0.0,0.0,0.0,20,0.0575,0.0583,10,0.0594,0.058,0.058,0.058,10.0,5800.0,1669
2023-05-11 09:31:47,OP10005357,300ETF沽12月3700,0.058,0.0,0.0,0.0,20,0.0575,0.0583,10,0.0594,0.058,0.058,0.058,10.0,5800.0,1669
2023-05-11 09:31:48,OP10005357,300ETF沽12月3700,0.058,0.0,0.0,0.0,20,0.0575,0.0583,10,0.0594,0.058,0.058,0.058,10.0,5800.0,1669
2023-05-11 09:31:49,OP10005357,300ETF沽12月3700,0.058,0.0,0.0,0.0,20,0.0575,0.0583,10,0.0594,0.058,0.058,0.058,10.0,5800.0,1669
2023-05-11 09:31:50,OP10005357,300ETF沽12月3700,0.058,0.0,0.0,0.0,20,0.0575,0.0582,10,0.0594,0.058,0.058,0.058,10.0,5800.0,1669
2023-05-11 09:31:51,OP10005357,300ETF沽12月3700,0.058,0.0,0.0,0.0,10,0.0576,0.0583,10,0.0594,0.058,0.058,0.058,10.0,5800.0,1669
2023-05-11 09:31:51,OP10005357,300ETF沽12月3700,0.058,0.0,0.0,0.0,10,0.0576,0.0583,10,0.0594,0.058,0.058,0.058,10.0,5800.0,1669
2023-05-11 09:31:52,OP10005357,300ETF沽12月3700,0.058,0.0,0.0,0.0,10,0.0577,0.0585,20,0.0594,0.058,0.058,0.058,10.0,5800.0,1669
2023-05-11 09:31:52,OP10005357,300ETF沽12月3700,0.058,0.0,0.0,0.0,20,0.0577,0.0585,20,0.0594,0.058,0.058,0.058,10.0,5800.0,1669
2023-05-11 09:31:53,OP10005357,300ETF沽12月3700,0.058,0.0,0.0,0.0,10,0.0577,0.0584,10,0.0594,0.058,0.058,0.058,10.0,5800.0,1669
2023-05-11 09:31:53,OP10005357,300ETF沽12月3700,0.058,0.0,0.0,0.0,10,0.0577,0.0584,10,0.0594,0.058,0.058,0.058,10.0,5800.0,1669
2023-05-11 09:31:54,OP10005357,300ETF沽12月3700,0.058,0.0,0.0,0.0,20,0.0577,0.0584,10,0.0594,0.058,0.058,0.058,10.0,5800.0,1669
2023-05-11 09:31:55,OP10005357,300ETF沽12月3700,0.058,0.0,0.0,0.0,10,0.0577,0.0584,10,0.0594,0.058,0.058,0.058,10.0,5800.0,1669
2023-05-11 09:31:55,OP10005357,300ETF沽12月3700,0.058,0.0,0.0,0.0,30,0.0576,0.0583,10,0.0594,0.058,0.058,0.058,10.0,5800.0,1669
2023-05-11 09:31:56,OP10005357,300ETF沽12月3700,0.058,0.0,0.0,0.0,20,0.0576,0.0582,10,0.0594,0.058,0.058,0.058,10.0,5800.0,1669
2023-05-11 09:31:56,OP10005357,300ETF沽12月3700,0.058,0.0,0.0,0.0,20,0.0576,0.0582,10,0.0594,0.058,0.058,0.058,10.0,5800.0,1669
2023-05-11 09:31:57,OP10005357,300ETF沽12月3700,0.058,0.0,0.0,0.0,20,0.0576,0.0582,10,0.0594,0.058,0.058,0.058,10.0,5800.0,1669
2023-05-11 09:31:57,OP10005357,300ETF沽12月3700,0.058,0.0,0.0,0.0,20,0.0576,0.0582,10,0.0594,0.058,0.058,0.058,10.0,5800.0,1669
2023-05-11 09:31:58,OP10005357,300ETF沽12月3700,0.058,0.0,0.0,0.0,20,0.0576,0.0582,10,0.0594,0.058,0.058,0.058,10.0,5800.0,1669
2023-05-11 09:31:58,OP10005357,300ETF沽12月3700,0.058,0.0,0.0,0.0,20,0.0576,0.0582,10,0.0594,0.058,0.058,0.058,10.0,5800.0,1669
2023-05-11 09:31:59,OP10005357,300ETF沽12月3700,0.058,0.0,0.0,0.0,20,0.0576,0.0582,10,0.0594,0.058,0.058,0.058,10.0,5800.0,1669
2023-05-11 09:31:59,OP10005357,300ETF沽12月3700,0.058,0.0,0.0,0.0,20,0.0576,0.058,10,0.0594,0.058,0.058,0.058,10.0,5800.0,1669
2023-05-11 09:32:00,OP10005357,300ETF沽12月3700,0.058,0.0,0.0,0.0,20,0.0576,0.058,20,0.0594,0.058,0.058,0.058,10.0,5800.0,1669
2023-05-11 09:32:00,OP10005357,300ETF沽12月3700,0.058,0.0,0.0,0.0,20,0.0574,0.0579,20,0.0594,0.058,0.058,0.058,10.0,5800.0,1669
2023-05-11 09:32:01,OP10005357,300ETF沽12月3700,0.058,0.0,0.0,0.0,10,0.0574,0.058,10,0.0594,0.058,0.058,0.058,10.0,5800.0,1669
2023-05-11 09:32:01,OP10005357,300ETF沽12月3700,0.058,0.0,0.0,0.0,30,0.0574,0.0581,20,0.0594,0.058,0.058,0.058,10.0,5800.0,1669
2023-05-11 09:32:01,OP10005357,300ETF沽12月3700,0.058,0.0,0.0,0.0,10,0.0575,0.0582,10,0.0594,0.058,0.058,0.058,10.0,5800.0,1669
2023-05-11 09:32:02,OP10005357,300ETF沽12月3700,0.058,0.0,0.0,0.0,50,0.0574,0.0582,10,0.0594,0.058,0.058,0.058,10.0,5800.0,1669
2023-05-11 09:32:02,OP10005357,300ETF沽12月3700,0.058,0.0,0.0,0.0,30,0.0574,0.0582,10,0.0594,0.058,0.058,0.058,10.0,5800.0,1669
2023-05-11 09:32:03,OP10005357,300ETF沽12月3700,0.058,0.0,0.0,0.0,10,0.0576,0.0583,10,0.0594,0.058,0.058,0.058,10.0,5800.0,1669
2023-05-11 09:32:03,OP10005357,300ETF沽12月3700,0.058,0.0,0.0,0.0,30,0.0576,0.0583,10,0.0594,0.058,0.058,0.058,10.0,5800.0,1669
2023-05-11 09:32:04,OP10005357,300ETF沽12月3700,0.058,0.0,0.0,0.0,30,0.0576,0.0583,10,0.0594,0.058,0.058,0.058,10.0,5800.0,1669
2023-05-11 09:32:05,OP10005357,300ETF沽12月3700,0.058,0.0,0.0,0.0,30,0.0576,0.0583,10,0.0594,0.058,0.058,0.058,10.0,5800.0,1669
2023-05-11 09:32:06,OP10005357,300ETF沽12月3700,0.058,0.0,0.0,0.0,30,0.0576,0.0583,10,0.0594,0.058,0.058,0.058,10.0,5800.0,1669
2023-05-11 09:32:06,OP10005357,300ETF沽12月3700,0.058,0.0,0.0,0.0,20,0.0576,0.0583,20,0.0594,0.058,0.058,0.058,10.0,5800.0,1669
2023-05-11 09:32:07,OP10005357,300ETF沽12月3700,0.058,0.0,0.0,0.0,20,0.0576,0.0582,10,0.0594,0.058,0.058,0.058,10.0,5800.0,1669
2023-05-11 09:32:07,OP10005357,300ETF沽12月3700,0.058,0.0,0.0,0.0,20,0.0576,0.0582,10,0.0594,0.058,0.058,0.058,10.0,5800.0,1669
2023-05-11 09:32:08,OP10005357,300ETF沽12月3700,0.058,0.0,0.0,0.0,20,0.0576,0.0582,20,0.0594,0.058,0.058,0.058,10.0,5800.0,1669
2023-05-11 09:32:09,OP10005357,300ETF沽12月3700,0.058,0.0,0.0,0.0,20,0.0576,0.0581,10,0.0594,0.058,0.058,0.058,10.0,5800.0,1669
2023-05-11 09:32:09,OP10005357,300ETF沽12月3700,0.058,0.0,0.0,0.0,10,0.0575,0.0581,10,0.0594,0.058,0.058,0.058,10.0,5800.0,1669
2023-05-11 09:32:10,OP10005357,300ETF沽12月3700,0.058,0.0,0.0,0.0,10,0.0575,0.0582,10,0.0594,0.058,0.058,0.058,10.0,5800.0,1669
2023-05-11 09:32:13,OP10005357,300ETF沽12月3700,0.058,0.0,0.0,0.0,10,0.0575,0.0582,10,0.0594,0.058,0.058,0.058,10.0,5800.0,1669
2023-05-11 09:32:14,OP10005357,300ETF沽12月3700,0.058,0.0,0.0,0.0,30,0.0574,0.0581,10,0.0594,0.058,0.058,0.058,10.0,5800.0,1669
2023-05-11 09:32:14,OP10005357,300ETF沽12月3700,0.058,0.0,0.0,0.0,20,0.0574,0.058,10,0.0594,0.058,0.058,0.058,10.0,5800.0,1669
2023-05-11 09:32:15,OP10005357,300ETF沽12月3700,0.058,0.0,0.0,0.0,20,0.0574,0.058,10,0.0594,0.058,0.058,0.058,10.0,5800.0,1669
2023-05-11 09:32:16,OP10005357,300ETF沽12月3700,0.058,0.0,0.0,0.0,20,0.0574,0.058,10,0.0594,0.058,0.058,0.058,10.0,5800.0,1669
2023-05-11 09:32:17,OP10005357,300ETF沽12月3700,0.058,0.0,0.0,0.0,20,0.0574,0.058,10,0.0594,0.058,0.058,0.058,10.0,5800.0,1669
2023-05-11 09:32:18,OP10005357,300ETF沽12月3700,0.058,0.0,0.0,0.0,20,0.0574,0.058,10,0.0594,0.058,0.058,0.058,10.0,5800.0,1669
2023-05-11 09:32:18,OP10005357,300ETF沽12月3700,0.058,0.0,0.0,0.0,20,0.0574,0.058,20,0.0594,0.058,0.058,0.058,10.0,5800.0,1669
2023-05-11 09:32:19,OP10005357,300ETF沽12月3700,0.058,0.0,0.0,0.0,20,0.0574,0.0579,10,0.0594,0.058,0.058,0.058,10.0,5800.0,1669
2023-05-11 09:32:19,OP10005357,300ETF沽12月3700,0.058,0.0,0.0,0.0,40,0.0572,0.0579,10,0.0594,0.058,0.058,0.058,10.0,5800.0,1669
2023-05-11 09:32:20,OP10005357,300ETF沽12月3700,0.058,0.0,0.0,0.0,50,0.0572,0.0579,10,0.0594,0.058,0.058,0.058,10.0,5800.0,1669
2023-05-11 09:32:20,OP10005357,300ETF沽12月3700,0.058,0.0,0.0,0.0,50,0.0572,0.0579,10,0.0594,0.058,0.058,0.058,10.0,5800.0,1669
2023-05-11 09:32:21,OP10005357,300ETF沽12月3700,0.0579,10.0,5790.0,10.0,20,0.0573,0.0581,20,0.0594,0.058,0.058,0.0579,20.0,11590.0,1679
2023-05-11 09:32:21,OP10005357,300ETF沽12月3700,0.0579,0.0,0.0,0.0,10,0.0574,0.0581,10,0.0594,0.058,0.058,0.0579,20.0,11590.0,1679
2023-05-11 09:32:22,OP10005357,300ETF沽12月3700,0.0579,0.0,0.0,0.0,40,0.0574,0.0581,10,0.0594,0.058,0.058,0.0579,20.0,11590.0,1679
2023-05-11 09:32:24,OP10005357,300ETF沽12月3700,0.0579,0.0,0.0,0.0,30,0.0574,0.0581,10,0.0594,0.058,0.058,0.0579,20.0,11590.0,1679
2023-05-11 09:32:25,OP10005357,300ETF沽12月3700,0.0579,0.0,0.0,0.0,30,0.0574,0.0581,10,0.0594,0.058,0.058,0.0579,20.0,11590.0,1679
2023-05-11 09:32:26,OP10005357,300ETF沽12月3700,0.0579,0.0,0.0,0.0,40,0.0574,0.0581,10,0.0594,0.058,0.058,0.0579,20.0,11590.0,1679
2023-05-11 09:32:27,OP10005357,300ETF沽12月3700,0.0579,0.0,0.0,0.0,30,0.0574,0.0581,10,0.0594,0.058,0.058,0.0579,20.0,11590.0,1679
2023-05-11 09:32:27,OP10005357,300ETF沽12月3700,0.0579,0.0,0.0,0.0,20,0.0574,0.0581,20,0.0594,0.058,0.058,0.0579,20.0,11590.0,1679
2023-05-11 09:32:28,OP10005357,300ETF沽12月3700,0.0579,0.0,0.0,0.0,20,0.0574,0.058,10,0.0594,0.058,0.058,0.0579,20.0,11590.0,1679
2023-05-11 09:32:28,OP10005357,300ETF沽12月3700,0.0579,0.0,0.0,0.0,20,0.0574,0.058,10,0.0594,0.058,0.058,0.0579,20.0,11590.0,1679
2023-05-11 09:32:30,OP10005357,300ETF沽12月3700,0.0579,0.0,0.0,0.0,30,0.0574,0.058,10,0.0594,0.058,0.058,0.0579,20.0,11590.0,1679
2023-05-11 09:32:32,OP10005357,300ETF沽12月3700,0.0579,0.0,0.0,0.0,10,0.0575,0.0581,10,0.0594,0.058,0.058,0.0579,20.0,11590.0,1679
2023-05-11 09:32:32,OP10005357,300ETF沽12月3700,0.0579,0.0,0.0,0.0,10,0.0575,0.0582,20,0.0594,0.058,0.058,0.0579,20.0,11590.0,1679
2023-05-11 09:32:33,OP10005357,300ETF沽12月3700,0.0579,0.0,0.0,0.0,20,0.0575,0.0582,10,0.0594,0.058,0.058,0.0579,20.0,11590.0,1679
2023-05-11 09:32:33,OP10005357,300ETF沽12月3700,0.0579,0.0,0.0,0.0,10,0.0576,0.0583,30,0.0594,0.058,0.058,0.0579,20.0,11590.0,1679
2023-05-11 09:32:34,OP10005357,300ETF沽12月3700,0.0579,0.0,0.0,0.0,20,0.0576,0.0582,10,0.0594,0.058,0.058,0.0579,20.0,11590.0,1679
2023-05-11 09:32:35,OP10005357,300ETF沽12月3700,0.0579,0.0,0.0,0.0,20,0.0576,0.0582,10,0.0594,0.058,0.058,0.0579,20.0,11590.0,1679
2023-05-11 09:32:38,OP10005357,300ETF沽12月3700,0.0579,0.0,0.0,0.0,20,0.0576,0.0582,10,0.0594,0.058,0.058,0.0579,20.0,11590.0,1679
2023-05-11 09:32:41,OP10005357,300ETF沽12月3700,0.0579,0.0,0.0,0.0,20,0.0576,0.0582,10,0.0594,0.058,0.058,0.0579,20.0,11590.0,1679
2023-05-11 09:32:44,OP10005357,300ETF沽12月3700,0.0579,0.0,0.0,0.0,20,0.0576,0.0581,20,0.0594,0.058,0.058,0.0579,20.0,11590.0,1679
2023-05-11 09:32:44,OP10005357,300ETF沽12月3700,0.0579,0.0,0.0,0.0,10,0.0575,0.058,20,0.0594,0.058,0.058,0.0579,20.0,11590.0,1679
2023-05-11 09:32:45,OP10005357,300ETF沽12月3700,0.0579,0.0,0.0,0.0,20,0.0574,0.0579,10,0.0594,0.058,0.058,0.0579,20.0,11590.0,1679
2023-05-11 09:32:45,OP10005357,300ETF沽12月3700,0.0579,0.0,0.0,0.0,10,0.0573,0.058,30,0.0594,0.058,0.058,0.0579,20.0,11590.0,1679
2023-05-11 09:32:46,OP10005357,300ETF沽12月3700,0.0579,0.0,0.0,0.0,20,0.0573,0.058,10,0.0594,0.058,0.058,0.0579,20.0,11590.0,1679
2023-05-11 09:32:46,OP10005357,300ETF沽12月3700,0.0579,0.0,0.0,0.0,10,0.0573,0.058,10,0.0594,0.058,0.058,0.0579,20.0,11590.0,1679
2023-05-11 09:32:47,OP10005357,300ETF沽12月3700,0.0579,0.0,0.0,0.0,20,0.0573,0.058,10,0.0594,0.058,0.058,0.0579,20.0,11590.0,1679
2023-05-11 09:32:48,OP10005357,300ETF沽12月3700,0.0579,0.0,0.0,0.0,10,0.0574,0.058,10,0.0594,0.058,0.058,0.0579,20.0,11590.0,1679
2023-05-11 09:32:48,OP10005357,300ETF沽12月3700,0.0579,0.0,0.0,0.0,50,0.0574,0.058,10,0.0594,0.058,0.058,0.0579,20.0,11590.0,1679
2023-05-11 09:32:49,OP10005357,300ETF沽12月3700,0.0579,0.0,0.0,0.0,40,0.0574,0.0581,10,0.0594,0.058,0.058,0.0579,20.0,11590.0,1679
2023-05-11 09:32:50,OP10005357,300ETF沽12月3700,0.0579,0.0,0.0,0.0,40,0.0574,0.0581,10,0.0594,0.058,0.058,0.0579,20.0,11590.0,1679
2023-05-11 09:32:51,OP10005357,300ETF沽12月3700,0.0579,0.0,0.0,0.0,40,0.0574,0.0581,10,0.0594,0.058,0.058,0.0579,20.0,11590.0,1679
2023-05-11 09:32:51,OP10005357,300ETF沽12月3700,0.0579,0.0,0.0,0.0,30,0.0574,0.058,10,0.0594,0.058,0.058,0.0579,20.0,11590.0,1679
2023-05-11 09:32:52,OP10005357,300ETF沽12月3700,0.0579,0.0,0.0,0.0,20,0.0574,0.058,10,0.0594,0.058,0.058,0.0579,20.0,11590.0,1679
2023-05-11 09:32:52,OP10005357,300ETF沽12月3700,0.0579,0.0,0.0,0.0,20,0.0574,0.058,10,0.0594,0.058,0.058,0.0579,20.0,11590.0,1679
2023-05-11 09:32:54,OP10005357,300ETF沽12月3700,0.0579,0.0,0.0,0.0,20,0.0574,0.058,20,0.0594,0.058,0.058,0.0579,20.0,11590.0,1679
2023-05-11 09:32:54,OP10005357,300ETF沽12月3700,0.0579,0.0,0.0,0.0,20,0.0574,0.0579,10,0.0594,0.058,0.058,0.0579,20.0,11590.0,1679
2023-05-11 09:32:55,OP10005357,300ETF沽12月3700,0.0579,0.0,0.0,0.0,50,0.0572,0.0579,10,0.0594,0.058,0.058,0.0579,20.0,11590.0,1679
2023-05-11 09:32:55,OP10005357,300ETF沽12月3700,0.0579,0.0,0.0,0.0,10,0.0573,0.0578,10,0.0594,0.058,0.058,0.0579,20.0,11590.0,1679
2023-05-11 09:32:56,OP10005357,300ETF沽12月3700,0.0579,0.0,0.0,0.0,10,0.0573,0.0578,10,0.0594,0.058,0.058,0.0579,20.0,11590.0,1679
2023-05-11 09:32:57,OP10005357,300ETF沽12月3700,0.0579,0.0,0.0,0.0,10,0.0574,0.0579,30,0.0594,0.058,0.058,0.0579,20.0,11590.0,1679
2023-05-11 09:32:58,OP10005357,300ETF沽12月3700,0.0579,0.0,0.0,0.0,10,0.0574,0.0579,20,0.0594,0.058,0.058,0.0579,20.0,11590.0,1679
2023-05-11 09:32:59,OP10005357,300ETF沽12月3700,0.0579,0.0,0.0,0.0,50,0.0572,0.0578,20,0.0594,0.058,0.058,0.0579,20.0,11590.0,1679
2023-05-11 09:33:00,OP10005357,300ETF沽12月3700,0.0579,0.0,0.0,0.0,50,0.0572,0.0577,20,0.0594,0.058,0.058,0.0579,20.0,11590.0,1679
2023-05-11 09:33:00,OP10005357,300ETF沽12月3700,0.0579,0.0,0.0,0.0,40,0.0572,0.0576,10,0.0594,0.058,0.058,0.0579,20.0,11590.0,1679
2023-05-11 09:33:01,OP10005357,300ETF沽12月3700,0.0579,0.0,0.0,0.0,20,0.0572,0.0576,10,0.0594,0.058,0.058,0.0579,20.0,11590.0,1679
2023-05-11 09:33:01,OP10005357,300ETF沽12月3700,0.0579,0.0,0.0,0.0,30,0.0572,0.0577,10,0.0594,0.058,0.058,0.0579,20.0,11590.0,1679
2023-05-11 09:33:02,OP10005357,300ETF沽12月3700,0.0579,0.0,0.0,0.0,40,0.0572,0.0577,10,0.0594,0.058,0.058,0.0579,20.0,11590.0,1679
2023-05-11 09:33:02,OP10005357,300ETF沽12月3700,0.0579,0.0,0.0,0.0,10,0.0573,0.0578,10,0.0594,0.058,0.058,0.0579,20.0,11590.0,1679
2023-05-11 09:33:03,OP10005357,300ETF沽12月3700,0.0579,0.0,0.0,0.0,10,0.0573,0.0578,10,0.0594,0.058,0.058,0.0579,20.0,11590.0,1679
2023-05-11 09:33:03,OP10005357,300ETF沽12月3700,0.0579,0.0,0.0,0.0,10,0.0574,0.0579,20,0.0594,0.058,0.058,0.0579,20.0,11590.0,1679
2023-05-11 09:33:04,OP10005357,300ETF沽12月3700,0.0579,0.0,0.0,0.0,10,0.0574,0.0579,20,0.0594,0.058,0.058,0.0579,20.0,11590.0,1679
2023-05-11 09:33:04,OP10005357,300ETF沽12月3700,0.0579,0.0,0.0,0.0,10,0.0574,0.0579,20,0.0594,0.058,0.058,0.0579,20.0,11590.0,1679
2023-05-11 09:33:05,OP10005357,300ETF沽12月3700,0.0579,0.0,0.0,0.0,30,0.0574,0.0579,20,0.0594,0.058,0.058,0.0579,20.0,11590.0,1679
2023-05-11 09:33:06,OP10005357,300ETF沽12月3700,0.0579,0.0,0.0,0.0,30,0.0574,0.0579,20,0.0594,0.058,0.058,0.0579,20.0,11590.0,1679
2023-05-11 09:33:07,OP10005357,300ETF沽12月3700,0.0579,0.0,0.0,0.0,10,0.0574,0.0578,10,0.0594,0.058,0.058,0.0579,20.0,11590.0,1679
2023-05-11 09:33:07,OP10005357,300ETF沽12月3700,0.0579,0.0,0.0,0.0,10,0.0573,0.0578,20,0.0594,0.058,0.058,0.0579,20.0,11590.0,1679
2023-05-11 09:33:08,OP10005357,300ETF沽12月3700,0.0579,0.0,0.0,0.0,10,0.0573,0.0578,10,0.0594,0.058,0.058,0.0579,20.0,11590.0,1679
2023-05-11 09:33:08,OP10005357,300ETF沽12月3700,0.0579,0.0,0.0,0.0,10,0.0573,0.0578,10,0.0594,0.058,0.058,0.0579,20.0,11590.0,1679
2023-05-11 09:33:09,OP10005357,300ETF沽12月3700,0.0579,0.0,0.0,0.0,10,0.0574,0.0579,10,0.0594,0.058,0.058,0.0579,20.0,11590.0,1679
2023-05-11 09:33:10,OP10005357,300ETF沽12月3700,0.0579,0.0,0.0,0.0,30,0.0574,0.0579,10,0.0594,0.058,0.058,0.0579,20.0,11590.0,1679
2023-05-11 09:33:10,OP10005357,300ETF沽12月3700,0.0579,0.0,0.0,0.0,10,0.0575,0.058,30,0.0594,0.058,0.058,0.0579,20.0,11590.0,1679
2023-05-11 09:33:11,OP10005357,300ETF沽12月3700,0.0579,0.0,0.0,0.0,10,0.0575,0.058,20,0.0594,0.058,0.058,0.0579,20.0,11590.0,1679
2023-05-11 09:33:12,OP10005357,300ETF沽12月3700,0.0579,0.0,0.0,0.0,10,0.0575,0.058,10,0.0594,0.058,0.058,0.0579,20.0,11590.0,1679
2023-05-11 09:33:13,OP10005357,300ETF沽12月3700,0.0579,0.0,0.0,0.0,10,0.0575,0.058,20,0.0594,0.058,0.058,0.0579,20.0,11590.0,1679
2023-05-11 09:33:13,OP10005357,300ETF沽12月3700,0.0579,0.0,0.0,0.0,10,0.0575,0.0579,10,0.0594,0.058,0.058,0.0579,20.0,11590.0,1679
2023-05-11 09:33:14,OP10005357,300ETF沽12月3700,0.0579,0.0,0.0,0.0,40,0.0574,0.0579,20,0.0594,0.058,0.058,0.0579,20.0,11590.0,1679
2023-05-11 09:33:14,OP10005357,300ETF沽12月3700,0.0579,0.0,0.0,0.0,30,0.0574,0.0579,20,0.0594,0.058,0.058,0.0579,20.0,11590.0,1679
2023-05-11 09:33:15,OP10005357,300ETF沽12月3700,0.0579,0.0,0.0,0.0,20,0.0574,0.0578,20,0.0594,0.058,0.058,0.0579,20.0,11590.0,1679
2023-05-11 09:33:17,OP10005357,300ETF沽12月3700,0.0579,0.0,0.0,0.0,20,0.0574,0.0577,10,0.0594,0.058,0.058,0.0579,20.0,11590.0,1679
2023-05-11 09:33:18,OP10005357,300ETF沽12月3700,0.0579,0.0,0.0,0.0,20,0.0574,0.0577,10,0.0594,0.058,0.058,0.0579,20.0,11590.0,1679
2023-05-11 09:33:18,OP10005357,300ETF沽12月3700,0.0579,0.0,0.0,0.0,20,0.0574,0.0577,20,0.0594,0.058,0.058,0.0579,20.0,11590.0,1679
2023-05-11 09:33:19,OP10005357,300ETF沽12月3700,0.0579,0.0,0.0,0.0,20,0.0574,0.0577,20,0.0594,0.058,0.058,0.0579,20.0,11590.0,1679
2023-05-11 09:33:19,OP10005357,300ETF沽12月3700,0.0579,0.0,0.0,0.0,50,0.0572,0.0577,20,0.0594,0.058,0.058,0.0579,20.0,11590.0,1679
2023-05-11 09:33:20,OP10005357,300ETF沽12月3700,0.0579,0.0,0.0,0.0,50,0.0572,0.0577,20,0.0594,0.058,0.058,0.0579,20.0,11590.0,1679
2023-05-11 09:33:21,OP10005357,300ETF沽12月3700,0.0579,0.0,0.0,0.0,50,0.0572,0.0577,20,0.0594,0.058,0.058,0.0579,20.0,11590.0,1679
2023-05-11 09:33:21,OP10005357,300ETF沽12月3700,0.0579,0.0,0.0,0.0,50,0.0572,0.0577,10,0.0594,0.058,0.058,0.0579,20.0,11590.0,1679
2023-05-11 09:33:22,OP10005357,300ETF沽12月3700,0.0579,0.0,0.0,0.0,40,0.0572,0.0577,10,0.0594,0.058,0.058,0.0579,20.0,11590.0,1679
2023-05-11 09:33:22,OP10005357,300ETF沽12月3700,0.0579,0.0,0.0,0.0,30,0.0572,0.0577,10,0.0594,0.058,0.058,0.0579,20.0,11590.0,1679
2023-05-11 09:33:23,OP10005357,300ETF沽12月3700,0.0579,0.0,0.0,0.0,10,0.0573,0.0578,30,0.0594,0.058,0.058,0.0579,20.0,11590.0,1679
2023-05-11 09:33:24,OP10005357,300ETF沽12月3700,0.0579,0.0,0.0,0.0,10,0.0573,0.0578,20,0.0594,0.058,0.058,0.0579,20.0,11590.0,1679
2023-05-11 09:33:27,OP10005357,300ETF沽12月3700,0.0579,0.0,0.0,0.0,10,0.0573,0.0578,20,0.0594,0.058,0.058,0.0579,20.0,11590.0,1679
2023-05-11 09:33:28,OP10005357,300ETF沽12月3700,0.0579,0.0,0.0,0.0,10,0.0573,0.0578,10,0.0594,0.058,0.058,0.0579,20.0,11590.0,1679
2023-05-11 09:33:29,OP10005357,300ETF沽12月3700,0.0579,0.0,0.0,0.0,10,0.0573,0.0578,10,0.0594,0.058,0.058,0.0579,20.0,11590.0,1679
2023-05-11 09:33:29,OP10005357,300ETF沽12月3700,0.0579,0.0,0.0,0.0,10,0.0574,0.0579,30,0.0594,0.058,0.058,0.0579,20.0,11590.0,1679
2023-05-11 09:33:30,OP10005357,300ETF沽12月3700,0.0579,0.0,0.0,0.0,10,0.0575,0.058,10,0.0594,0.058,0.058,0.0579,20.0,11590.0,1679
2023-05-11 09:33:30,OP10005357,300ETF沽12月3700,0.0579,0.0,0.0,0.0,30,0.0575,0.058,10,0.0594,0.058,0.058,0.0579,20.0,11590.0,1679
2023-05-11 09:33:31,OP10005357,300ETF沽12月3700,0.0579,0.0,0.0,0.0,30,0.0575,0.058,10,0.0594,0.058,0.058,0.0579,20.0,11590.0,1679
2023-05-11 09:33:33,OP10005357,300ETF沽12月3700,0.0579,0.0,0.0,0.0,10,0.0576,0.058,10,0.0594,0.058,0.058,0.0579,20.0,11590.0,1679
2023-05-11 09:33:34,OP10005357,300ETF沽12月3700,0.0579,0.0,0.0,0.0,10,0.0576,0.058,10,0.0594,0.058,0.058,0.0579,20.0,11590.0,1679
2023-05-11 09:33:35,OP10005357,300ETF沽12月3700,0.0579,0.0,0.0,0.0,10,0.0576,0.058,10,0.0594,0.058,0.058,0.0579,20.0,11590.0,1679
2023-05-11 09:33:36,OP10005357,300ETF沽12月3700,0.0579,0.0,0.0,0.0,40,0.0575,0.058,20,0.0594,0.058,0.058,0.0579,20.0,11590.0,1679
2023-05-11 09:33:36,OP10005357,300ETF沽12月3700,0.0579,0.0,0.0,0.0,20,0.0575,0.0579,20,0.0594,0.058,0.058,0.0579,20.0,11590.0,1679
2023-05-11 09:33:37,OP10005357,300ETF沽12月3700,0.0579,0.0,0.0,0.0,20,0.0575,0.0579,20,0.0594,0.058,0.058,0.0579,20.0,11590.0,1679
2023-05-11 09:33:37,OP10005357,300ETF沽12月3700,0.0579,0.0,0.0,0.0,20,0.0575,0.0576,50,0.0594,0.058,0.058,0.0579,20.0,11590.0,1679
2023-05-11 09:33:38,OP10005357,300ETF沽12月3700,0.0576,20.0,11520.0,0.0,20,0.0575,0.0576,30,0.0594,0.058,0.058,0.0576,40.0,23110.0,1679
2023-05-11 09:33:39,OP10005357,300ETF沽12月3700,0.0576,0.0,0.0,0.0,30,0.0575,0.0576,30,0.0594,0.058,0.058,0.0576,40.0,23110.0,1679
2023-05-11 09:33:39,OP10005357,300ETF沽12月3700,0.0576,0.0,0.0,0.0,30,0.0575,0.0576,30,0.0594,0.058,0.058,0.0576,40.0,23110.0,1679
2023-05-11 09:33:40,OP10005357,300ETF沽12月3700,0.0576,20.0,11520.0,0.0,30,0.0575,0.0576,10,0.0594,0.058,0.058,0.0576,60.0,34630.0,1679
2023-05-11 09:33:40,OP10005357,300ETF沽12月3700,0.0576,0.0,0.0,0.0,10,0.0575,0.0576,10,0.0594,0.058,0.058,0.0576,60.0,34630.0,1679
2023-05-11 09:33:41,OP10005357,300ETF沽12月3700,0.0576,0.0,0.0,0.0,10,0.0574,0.0576,10,0.0594,0.058,0.058,0.0576,60.0,34630.0,1679
2023-05-11 09:33:41,OP10005357,300ETF沽12月3700,0.0576,0.0,0.0,0.0,10,0.0574,0.0576,10,0.0594,0.058,0.058,0.0576,60.0,34630.0,1679
2023-05-11 09:33:42,OP10005357,300ETF沽12月3700,0.0576,0.0,0.0,0.0,20,0.0573,0.0576,10,0.0594,0.058,0.058,0.0576,60.0,34630.0,1679
2023-05-11 09:33:42,OP10005357,300ETF沽12月3700,0.0576,0.0,0.0,0.0,10,0.0573,0.0576,10,0.0594,0.058,0.058,0.0576,60.0,34630.0,1679
2023-05-11 09:33:43,OP10005357,300ETF沽12月3700,0.0576,0.0,0.0,0.0,30,0.0572,0.0576,10,0.0594,0.058,0.058,0.0576,60.0,34630.0,1679
2023-05-11 09:33:44,OP10005357,300ETF沽12月3700,0.0576,0.0,0.0,0.0,20,0.0571,0.0575,10,0.0594,0.058,0.058,0.0576,60.0,34630.0,1679
2023-05-11 09:33:44,OP10005357,300ETF沽12月3700,0.0576,0.0,0.0,0.0,21,0.057,0.0575,10,0.0594,0.058,0.058,0.0576,60.0,34630.0,1679
2023-05-11 09:33:45,OP10005357,300ETF沽12月3700,0.0576,0.0,0.0,0.0,21,0.057,0.0575,10,0.0594,0.058,0.058,0.0576,60.0,34630.0,1679
2023-05-11 09:33:45,OP10005357,300ETF沽12月3700,0.0576,0.0,0.0,0.0,21,0.057,0.0575,20,0.0594,0.058,0.058,0.0576,60.0,34630.0,1679
2023-05-11 09:33:46,OP10005357,300ETF沽12月3700,0.0576,0.0,0.0,0.0,21,0.057,0.0574,10,0.0594,0.058,0.058,0.0576,60.0,34630.0,1679
2023-05-11 09:33:46,OP10005357,300ETF沽12月3700,0.0576,0.0,0.0,0.0,21,0.057,0.0574,10,0.0594,0.058,0.058,0.0576,60.0,34630.0,1679
2023-05-11 09:33:47,OP10005357,300ETF沽12月3700,0.0576,0.0,0.0,0.0,21,0.057,0.0574,10,0.0594,0.058,0.058,0.0576,60.0,34630.0,1679
2023-05-11 09:33:47,OP10005357,300ETF沽12月3700,0.0576,0.0,0.0,0.0,21,0.057,0.0574,10,0.0594,0.058,0.058,0.0576,60.0,34630.0,1679
2023-05-11 09:33:48,OP10005357,300ETF沽12月3700,0.0576,0.0,0.0,0.0,21,0.057,0.0574,10,0.0594,0.058,0.058,0.0576,60.0,34630.0,1679
2023-05-11 09:33:48,OP10005357,300ETF沽12月3700,0.0576,0.0,0.0,0.0,10,0.0573,0.0575,20,0.0594,0.058,0.058,0.0576,60.0,34630.0,1679
2023-05-11 09:33:49,OP10005357,300ETF沽12月3700,0.0576,0.0,0.0,0.0,31,0.057,0.0575,20,0.0594,0.058,0.058,0.0576,60.0,34630.0,1679
2023-05-11 09:33:49,OP10005357,300ETF沽12月3700,0.0576,0.0,0.0,0.0,10,0.0574,0.0575,20,0.0594,0.058,0.058,0.0576,60.0,34630.0,1679
2023-05-11 09:33:50,OP10005357,300ETF沽12月3700,0.0574,10.0,5740.0,10.0,31,0.057,0.0575,20,0.0594,0.058,0.058,0.0574,70.0,40370.0,1689
2023-05-11 09:33:50,OP10005357,300ETF沽12月3700,0.0574,0.0,0.0,0.0,31,0.057,0.0575,20,0.0594,0.058,0.058,0.0574,70.0,40370.0,1689
2023-05-11 09:33:51,OP10005357,300ETF沽12月3700,0.0574,0.0,0.0,0.0,31,0.057,0.0575,20,0.0594,0.058,0.058,0.0574,70.0,40370.0,1689
2023-05-11 09:33:53,OP10005357,300ETF沽12月3700,0.0574,0.0,0.0,0.0,10,0.0572,0.0575,10,0.0594,0.058,0.058,0.0574,70.0,40370.0,1689
2023-05-11 09:33:53,OP10005357,300ETF沽12月3700,0.0574,0.0,0.0,0.0,10,0.0572,0.0575,10,0.0594,0.058,0.058,0.0574,70.0,40370.0,1689
2023-05-11 09:33:54,OP10005357,300ETF沽12月3700,0.0574,0.0,0.0,0.0,20,0.0571,0.0575,10,0.0594,0.058,0.058,0.0574,70.0,40370.0,1689
2023-05-11 09:33:54,OP10005357,300ETF沽12月3700,0.0574,0.0,0.0,0.0,41,0.057,0.0575,20,0.0594,0.058,0.058,0.0574,70.0,40370.0,1689
2023-05-11 09:33:55,OP10005357,300ETF沽12月3700,0.0574,0.0,0.0,0.0,41,0.057,0.0575,20,0.0594,0.058,0.058,0.0574,70.0,40370.0,1689
2023-05-11 09:33:55,OP10005357,300ETF沽12月3700,0.0574,0.0,0.0,0.0,41,0.057,0.0574,10,0.0594,0.058,0.058,0.0574,70.0,40370.0,1689
2023-05-11 09:33:56,OP10005357,300ETF沽12月3700,0.0574,0.0,0.0,0.0,21,0.057,0.0574,10,0.0594,0.058,0.058,0.0574,70.0,40370.0,1689
2023-05-11 09:33:56,OP10005357,300ETF沽12月3700,0.0574,0.0,0.0,0.0,10,0.0571,0.0574,10,0.0594,0.058,0.058,0.0574,70.0,40370.0,1689
2023-05-11 09:33:57,OP10005357,300ETF沽12月3700,0.0574,0.0,0.0,0.0,21,0.057,0.0575,30,0.0594,0.058,0.058,0.0574,70.0,40370.0,1689
2023-05-11 09:33:57,OP10005357,300ETF沽12月3700,0.0574,0.0,0.0,0.0,10,0.0572,0.0575,20,0.0594,0.058,0.058,0.0574,70.0,40370.0,1689
2023-05-11 09:33:58,OP10005357,300ETF沽12月3700,0.0574,0.0,0.0,0.0,10,0.0572,0.0576,40,0.0594,0.058,0.058,0.0574,70.0,40370.0,1689
2023-05-11 09:33:58,OP10005357,300ETF沽12月3700,0.0574,0.0,0.0,0.0,10,0.0572,0.0576,20,0.0594,0.058,0.058,0.0574,70.0,40370.0,1689
2023-05-11 09:33:59,OP10005357,300ETF沽12月3700,0.0574,0.0,0.0,0.0,10,0.0572,0.0576,30,0.0594,0.058,0.058,0.0574,70.0,40370.0,1689
2023-05-11 09:34:00,OP10005357,300ETF沽12月3700,0.0574,0.0,0.0,0.0,10,0.0572,0.0575,10,0.0594,0.058,0.058,0.0574,70.0,40370.0,1689
2023-05-11 09:34:00,OP10005357,300ETF沽12月3700,0.0574,0.0,0.0,0.0,20,0.0571,0.0575,10,0.0594,0.058,0.058,0.0574,70.0,40370.0,1689
2023-05-11 09:34:01,OP10005357,300ETF沽12月3700,0.0574,0.0,0.0,0.0,10,0.0572,0.0576,40,0.0594,0.058,0.058,0.0574,70.0,40370.0,1689
2023-05-11 09:34:01,OP10005357,300ETF沽12月3700,0.0574,0.0,0.0,0.0,10,0.0572,0.0576,30,0.0594,0.058,0.058,0.0574,70.0,40370.0,1689
2023-05-11 09:34:02,OP10005357,300ETF沽12月3700,0.0574,0.0,0.0,0.0,10,0.0572,0.0576,30,0.0594,0.058,0.058,0.0574,70.0,40370.0,1689
2023-05-11 09:34:03,OP10005357,300ETF沽12月3700,0.0574,0.0,0.0,0.0,20,0.0571,0.0576,30,0.0594,0.058,0.058,0.0574,70.0,40370.0,1689
2023-05-11 09:34:03,OP10005357,300ETF沽12月3700,0.0574,0.0,0.0,0.0,30,0.0571,0.0576,30,0.0594,0.058,0.058,0.0574,70.0,40370.0,1689
2023-05-11 09:34:05,OP10005357,300ETF沽12月3700,0.0574,0.0,0.0,0.0,20,0.0571,0.0576,30,0.0594,0.058,0.058,0.0574,70.0,40370.0,1689
2023-05-11 09:34:05,OP10005357,300ETF沽12月3700,0.0574,0.0,0.0,0.0,10,0.0571,0.0576,30,0.0594,0.058,0.058,0.0574,70.0,40370.0,1689
2023-05-11 09:34:06,OP10005357,300ETF沽12月3700,0.0574,0.0,0.0,0.0,10,0.0572,0.0576,30,0.0594,0.058,0.058,0.0574,70.0,40370.0,1689
2023-05-11 09:34:06,OP10005357,300ETF沽12月3700,0.0574,0.0,0.0,0.0,10,0.0572,0.0576,20,0.0594,0.058,0.058,0.0574,70.0,40370.0,1689
2023-05-11 09:34:07,OP10005357,300ETF沽12月3700,0.0574,0.0,0.0,0.0,20,0.0572,0.0576,10,0.0594,0.058,0.058,0.0574,70.0,40370.0,1689
2023-05-11 09:34:08,OP10005357,300ETF沽12月3700,0.0574,0.0,0.0,0.0,10,0.0572,0.0576,10,0.0594,0.058,0.058,0.0574,70.0,40370.0,1689
2023-05-11 09:34:08,OP10005357,300ETF沽12月3700,0.0574,0.0,0.0,0.0,10,0.0573,0.0576,10,0.0594,0.058,0.058,0.0574,70.0,40370.0,1689
2023-05-11 09:34:09,OP10005357,300ETF沽12月3700,0.0574,0.0,0.0,0.0,10,0.0573,0.0576,10,0.0594,0.058,0.058,0.0574,70.0,40370.0,1689
2023-05-11 09:34:11,OP10005357,300ETF沽12月3700,0.0574,0.0,0.0,0.0,10,0.0573,0.0576,30,0.0594,0.058,0.058,0.0574,70.0,40370.0,1689
2023-05-11 09:34:12,OP10005357,300ETF沽12月3700,0.0574,0.0,0.0,0.0,10,0.0572,0.0576,30,0.0594,0.058,0.058,0.0574,70.0,40370.0,1689
2023-05-11 09:34:12,OP10005357,300ETF沽12月3700,0.0574,0.0,0.0,0.0,10,0.0573,0.0576,20,0.0594,0.058,0.058,0.0574,70.0,40370.0,1689
2023-05-11 09:34:13,OP10005357,300ETF沽12月3700,0.0574,0.0,0.0,0.0,20,0.0571,0.0576,20,0.0594,0.058,0.058,0.0574,70.0,40370.0,1689
2023-05-11 09:34:13,OP10005357,300ETF沽12月3700,0.0574,0.0,0.0,0.0,10,0.0573,0.0576,20,0.0594,0.058,0.058,0.0574,70.0,40370.0,1689
2023-05-11 09:34:14,OP10005357,300ETF沽12月3700,0.0574,0.0,0.0,0.0,10,0.0573,0.0576,30,0.0594,0.058,0.058,0.0574,70.0,40370.0,1689
2023-05-11 09:34:16,OP10005357,300ETF沽12月3700,0.0574,0.0,0.0,0.0,10,0.0573,0.0576,20,0.0594,0.058,0.058,0.0574,70.0,40370.0,1689
2023-05-11 09:34:17,OP10005357,300ETF沽12月3700,0.0574,0.0,0.0,0.0,10,0.0573,0.0576,10,0.0594,0.058,0.058,0.0574,70.0,40370.0,1689
2023-05-11 09:34:17,OP10005357,300ETF沽12月3700,0.0574,0.0,0.0,0.0,10,0.0573,0.0576,10,0.0594,0.058,0.058,0.0574,70.0,40370.0,1689
2023-05-11 09:34:18,OP10005357,300ETF沽12月3700,0.0574,0.0,0.0,0.0,20,0.0572,0.0576,10,0.0594,0.058,0.058,0.0574,70.0,40370.0,1689
2023-05-11 09:34:19,OP10005357,300ETF沽12月3700,0.0574,0.0,0.0,0.0,10,0.0573,0.0576,10,0.0594,0.058,0.058,0.0574,70.0,40370.0,1689
2023-05-11 09:34:19,OP10005357,300ETF沽12月3700,0.0574,0.0,0.0,0.0,11,0.057,0.0576,20,0.0594,0.058,0.058,0.0574,70.0,40370.0,1689
2023-05-11 09:34:20,OP10005357,300ETF沽12月3700,0.0574,0.0,0.0,0.0,10,0.0571,0.0575,20,0.0594,0.058,0.058,0.0574,70.0,40370.0,1689
2023-05-11 09:34:20,OP10005357,300ETF沽12月3700,0.0574,0.0,0.0,0.0,11,0.057,0.0574,20,0.0594,0.058,0.058,0.0574,70.0,40370.0,1689
2023-05-11 09:34:21,OP10005357,300ETF沽12月3700,0.0574,0.0,0.0,0.0,10,0.0571,0.0574,20,0.0594,0.058,0.058,0.0574,70.0,40370.0,1689
2023-05-11 09:34:21,OP10005357,300ETF沽12月3700,0.0574,0.0,0.0,0.0,10,0.0571,0.0574,20,0.0594,0.058,0.058,0.0574,70.0,40370.0,1689
2023-05-11 09:34:22,OP10005357,300ETF沽12月3700,0.0574,0.0,0.0,0.0,10,0.0571,0.0575,10,0.0594,0.058,0.058,0.0574,70.0,40370.0,1689
2023-05-11 09:34:22,OP10005357,300ETF沽12月3700,0.0574,0.0,0.0,0.0,10,0.0571,0.0575,10,0.0594,0.058,0.058,0.0574,70.0,40370.0,1689
2023-05-11 09:34:23,OP10005357,300ETF沽12月3700,0.0574,0.0,0.0,0.0,10,0.0573,0.0575,10,0.0594,0.058,0.058,0.0574,70.0,40370.0,1689
2023-05-11 09:34:23,OP10005357,300ETF沽12月3700,0.0574,0.0,0.0,0.0,20,0.0571,0.0575,10,0.0594,0.058,0.058,0.0574,70.0,40370.0,1689
2023-05-11 09:34:24,OP10005357,300ETF沽12月3700,0.0574,0.0,0.0,0.0,10,0.0572,0.0576,40,0.0594,0.058,0.058,0.0574,70.0,40370.0,1689
2023-05-11 09:34:24,OP10005357,300ETF沽12月3700,0.0574,0.0,0.0,0.0,20,0.0572,0.0576,20,0.0594,0.058,0.058,0.0574,70.0,40370.0,1689
2023-05-11 09:34:25,OP10005357,300ETF沽12月3700,0.0574,0.0,0.0,0.0,20,0.0572,0.0576,20,0.0594,0.058,0.058,0.0574,70.0,40370.0,1689
2023-05-11 09:34:26,OP10005357,300ETF沽12月3700,0.0574,0.0,0.0,0.0,10,0.0572,0.0576,20,0.0594,0.058,0.058,0.0574,70.0,40370.0,1689
2023-05-11 09:34:26,OP10005357,300ETF沽12月3700,0.0574,0.0,0.0,0.0,10,0.0573,0.0576,20,0.0594,0.058,0.058,0.0574,70.0,40370.0,1689
2023-05-11 09:34:27,OP10005357,300ETF沽12月3700,0.0574,0.0,0.0,0.0,10,0.0572,0.0576,30,0.0594,0.058,0.058,0.0574,70.0,40370.0,1689
2023-05-11 09:34:27,OP10005357,300ETF沽12月3700,0.0574,0.0,0.0,0.0,10,0.0572,0.0576,20,0.0594,0.058,0.058,0.0574,70.0,40370.0,1689
2023-05-11 09:34:28,OP10005357,300ETF沽12月3700,0.0574,0.0,0.0,0.0,10,0.0572,0.0576,10,0.0594,0.058,0.058,0.0574,70.0,40370.0,1689
2023-05-11 09:34:28,OP10005357,300ETF沽12月3700,0.0574,0.0,0.0,0.0,10,0.0573,0.0576,10,0.0594,0.058,0.058,0.0574,70.0,40370.0,1689
2023-05-11 09:34:29,OP10005357,300ETF沽12月3700,0.0574,0.0,0.0,0.0,10,0.0573,0.0576,20,0.0594,0.058,0.058,0.0574,70.0,40370.0,1689
2023-05-11 09:34:31,OP10005357,300ETF沽12月3700,0.0574,0.0,0.0,0.0,20,0.0572,0.0576,20,0.0594,0.058,0.058,0.0574,70.0,40370.0,1689
2023-05-11 09:34:32,OP10005357,300ETF沽12月3700,0.0574,0.0,0.0,0.0,20,0.0572,0.0576,20,0.0594,0.058,0.058,0.0574,70.0,40370.0,1689
2023-05-11 09:34:32,OP10005357,300ETF沽12月3700,0.0574,0.0,0.0,0.0,10,0.0573,0.0576,10,0.0594,0.058,0.058,0.0574,70.0,40370.0,1689
2023-05-11 09:34:33,OP10005357,300ETF沽12月3700,0.0574,0.0,0.0,0.0,20,0.0573,0.0576,10,0.0594,0.058,0.058,0.0574,70.0,40370.0,1689
2023-05-11 09:34:33,OP10005357,300ETF沽12月3700,0.0574,0.0,0.0,0.0,10,0.0573,0.0576,10,0.0594,0.058,0.058,0.0574,70.0,40370.0,1689
2023-05-11 09:34:34,OP10005357,300ETF沽12月3700,0.0574,0.0,0.0,0.0,10,0.0575,0.0576,10,0.0594,0.058,0.058,0.0574,70.0,40370.0,1689
2023-05-11 09:34:34,OP10005357,300ETF沽12月3700,0.0574,0.0,0.0,0.0,10,0.0575,0.0576,10,0.0594,0.058,0.058,0.0574,70.0,40370.0,1689
2023-05-11 09:34:35,OP10005357,300ETF沽12月3700,0.0574,0.0,0.0,0.0,10,0.0575,0.0576,10,0.0594,0.058,0.058,0.0574,70.0,40370.0,1689
2023-05-11 09:34:36,OP10005357,300ETF沽12月3700,0.0574,0.0,0.0,0.0,10,0.0575,0.0576,10,0.0594,0.058,0.058,0.0574,70.0,40370.0,1689
2023-05-11 09:34:36,OP10005357,300ETF沽12月3700,0.0574,0.0,0.0,0.0,10,0.0575,0.0576,10,0.0594,0.058,0.058,0.0574,70.0,40370.0,1689
2023-05-11 09:34:37,OP10005357,300ETF沽12月3700,0.0574,0.0,0.0,0.0,10,0.0575,0.0576,10,0.0594,0.058,0.058,0.0574,70.0,40370.0,1689
2023-05-11 09:34:37,OP10005357,300ETF沽12月3700,0.0574,0.0,0.0,0.0,10,0.0575,0.0576,10,0.0594,0.058,0.058,0.0574,70.0,40370.0,1689
2023-05-11 09:34:38,OP10005357,300ETF沽12月3700,0.0576,10.0,5760.0,0.0,20,0.0575,0.0579,10,0.0594,0.058,0.058,0.0574,80.0,46130.0,1689
2023-05-11 09:34:38,OP10005357,300ETF沽12月3700,0.0576,0.0,0.0,0.0,20,0.0575,0.058,10,0.0594,0.058,0.058,0.0574,80.0,46130.0,1689
2023-05-11 09:34:39,OP10005357,300ETF沽12月3700,0.0576,0.0,0.0,0.0,20,0.0575,0.058,30,0.0594,0.058,0.058,0.0574,80.0,46130.0,1689
2023-05-11 09:34:39,OP10005357,300ETF沽12月3700,0.0576,0.0,0.0,0.0,20,0.0575,0.058,30,0.0594,0.058,0.058,0.0574,80.0,46130.0,1689
2023-05-11 09:34:40,OP10005357,300ETF沽12月3700,0.0576,0.0,0.0,0.0,10,0.0575,0.058,40,0.0594,0.058,0.058,0.0574,80.0,46130.0,1689
2023-05-11 09:34:40,OP10005357,300ETF沽12月3700,0.0576,0.0,0.0,0.0,10,0.0575,0.0579,10,0.0594,0.058,0.058,0.0574,80.0,46130.0,1689
2023-05-11 09:34:41,OP10005357,300ETF沽12月3700,0.0576,0.0,0.0,0.0,20,0.0575,0.058,30,0.0594,0.058,0.058,0.0574,80.0,46130.0,1689
2023-05-11 09:34:41,OP10005357,300ETF沽12月3700,0.0576,0.0,0.0,0.0,10,0.0575,0.058,40,0.0594,0.058,0.058,0.0574,80.0,46130.0,1689
2023-05-11 09:34:42,OP10005357,300ETF沽12月3700,0.0576,0.0,0.0,0.0,10,0.0575,0.058,20,0.0594,0.058,0.058,0.0574,80.0,46130.0,1689
2023-05-11 09:34:42,OP10005357,300ETF沽12月3700,0.0576,0.0,0.0,0.0,20,0.0575,0.058,10,0.0594,0.058,0.058,0.0574,80.0,46130.0,1689
2023-05-11 09:34:43,OP10005357,300ETF沽12月3700,0.0576,0.0,0.0,0.0,20,0.0575,0.0581,20,0.0594,0.058,0.058,0.0574,80.0,46130.0,1689
2023-05-11 09:34:43,OP10005357,300ETF沽12月3700,0.0576,0.0,0.0,0.0,20,0.0575,0.0581,40,0.0594,0.058,0.058,0.0574,80.0,46130.0,1689
2023-05-11 09:34:44,OP10005357,300ETF沽12月3700,0.0576,0.0,0.0,0.0,10,0.0575,0.0581,40,0.0594,0.058,0.058,0.0574,80.0,46130.0,1689
2023-05-11 09:34:44,OP10005357,300ETF沽12月3700,0.0576,0.0,0.0,0.0,10,0.0575,0.058,20,0.0594,0.058,0.058,0.0574,80.0,46130.0,1689
2023-05-11 09:34:45,OP10005357,300ETF沽12月3700,0.0576,0.0,0.0,0.0,10,0.0575,0.058,40,0.0594,0.058,0.058,0.0574,80.0,46130.0,1689
2023-05-11 09:34:45,OP10005357,300ETF沽12月3700,0.0576,0.0,0.0,0.0,10,0.0574,0.0579,10,0.0594,0.058,0.058,0.0574,80.0,46130.0,1689
2023-05-11 09:34:46,OP10005357,300ETF沽12月3700,0.0576,0.0,0.0,0.0,10,0.0575,0.0579,10,0.0594,0.058,0.058,0.0574,80.0,46130.0,1689
2023-05-11 09:34:46,OP10005357,300ETF沽12月3700,0.0576,0.0,0.0,0.0,20,0.0574,0.058,20,0.0594,0.058,0.058,0.0574,80.0,46130.0,1689
2023-05-11 09:34:47,OP10005357,300ETF沽12月3700,0.0576,0.0,0.0,0.0,10,0.0576,0.0579,20,0.0594,0.058,0.058,0.0574,80.0,46130.0,1689
2023-05-11 09:34:47,OP10005357,300ETF沽12月3700,0.0576,0.0,0.0,0.0,10,0.0576,0.0579,30,0.0594,0.058,0.058,0.0574,80.0,46130.0,1689
2023-05-11 09:34:48,OP10005357,300ETF沽12月3700,0.0576,0.0,0.0,0.0,10,0.0576,0.0579,40,0.0594,0.058,0.058,0.0574,80.0,46130.0,1689
2023-05-11 09:34:48,OP10005357,300ETF沽12月3700,0.0576,0.0,0.0,0.0,10,0.0576,0.0579,40,0.0594,0.058,0.058,0.0574,80.0,46130.0,1689
2023-05-11 09:34:49,OP10005357,300ETF沽12月3700,0.0576,0.0,0.0,0.0,20,0.0573,0.0579,20,0.0594,0.058,0.058,0.0574,80.0,46130.0,1689
2023-05-11 09:34:49,OP10005357,300ETF沽12月3700,0.0576,0.0,0.0,0.0,10,0.0576,0.0579,10,0.0594,0.058,0.058,0.0574,80.0,46130.0,1689
2023-05-11 09:34:50,OP10005357,300ETF沽12月3700,0.0576,0.0,0.0,0.0,10,0.0576,0.0579,40,0.0594,0.058,0.058,0.0574,80.0,46130.0,1689
2023-05-11 09:34:50,OP10005357,300ETF沽12月3700,0.0576,0.0,0.0,0.0,10,0.0576,0.0577,10,0.0594,0.058,0.058,0.0574,80.0,46130.0,1689
2023-05-11 09:34:51,OP10005357,300ETF沽12月3700,0.0576,0.0,0.0,0.0,10,0.0576,0.0577,10,0.0594,0.058,0.058,0.0574,80.0,46130.0,1689
2023-05-11 09:34:51,OP10005357,300ETF沽12月3700,0.0576,0.0,0.0,0.0,10,0.0576,0.0578,30,0.0594,0.058,0.058,0.0574,80.0,46130.0,1689
2023-05-11 09:34:52,OP10005357,300ETF沽12月3700,0.0576,0.0,0.0,0.0,10,0.0576,0.0578,20,0.0594,0.058,0.058,0.0574,80.0,46130.0,1689
2023-05-11 09:34:52,OP10005357,300ETF沽12月3700,0.0576,0.0,0.0,0.0,10,0.0574,0.0579,40,0.0594,0.058,0.058,0.0574,80.0,46130.0,1689
2023-05-11 09:34:53,OP10005357,300ETF沽12月3700,0.0576,0.0,0.0,0.0,20,0.0574,0.0579,40,0.0594,0.058,0.058,0.0574,80.0,46130.0,1689
2023-05-11 09:34:53,OP10005357,300ETF沽12月3700,0.0576,0.0,0.0,0.0,20,0.0574,0.0579,50,0.0594,0.058,0.058,0.0574,80.0,46130.0,1689
2023-05-11 09:34:54,OP10005357,300ETF沽12月3700,0.0576,0.0,0.0,0.0,20,0.0574,0.0579,50,0.0594,0.058,0.058,0.0574,80.0,46130.0,1689
2023-05-11 09:34:55,OP10005357,300ETF沽12月3700,0.0576,0.0,0.0,0.0,10,0.0574,0.0579,50,0.0594,0.058,0.058,0.0574,80.0,46130.0,1689
2023-05-11 09:34:56,OP10005357,300ETF沽12月3700,0.0576,0.0,0.0,0.0,10,0.0575,0.0579,30,0.0594,0.058,0.058,0.0574,80.0,46130.0,1689
2023-05-11 09:34:56,OP10005357,300ETF沽12月3700,0.0576,0.0,0.0,0.0,10,0.0575,0.0579,10,0.0594,0.058,0.058,0.0574,80.0,46130.0,1689
2023-05-11 09:34:57,OP10005357,300ETF沽12月3700,0.0576,0.0,0.0,0.0,20,0.0574,0.058,30,0.0594,0.058,0.058,0.0574,80.0,46130.0,1689
2023-05-11 09:34:57,OP10005357,300ETF沽12月3700,0.0576,0.0,0.0,0.0,10,0.0575,0.058,40,0.0594,0.058,0.058,0.0574,80.0,46130.0,1689
2023-05-11 09:34:58,OP10005357,300ETF沽12月3700,0.0576,0.0,0.0,0.0,20,0.0574,0.058,40,0.0594,0.058,0.058,0.0574,80.0,46130.0,1689
2023-05-11 09:34:58,OP10005357,300ETF沽12月3700,0.0576,0.0,0.0,0.0,10,0.0576,0.058,40,0.0594,0.058,0.058,0.0574,80.0,46130.0,1689
2023-05-11 09:34:59,OP10005357,300ETF沽12月3700,0.0576,0.0,0.0,0.0,20,0.0574,0.058,40,0.0594,0.058,0.058,0.0574,80.0,46130.0,1689
2023-05-11 09:34:59,OP10005357,300ETF沽12月3700,0.0576,0.0,0.0,0.0,10,0.0576,0.058,40,0.0594,0.058,0.058,0.0574,80.0,46130.0,1689
2023-05-11 09:35:00,OP10005357,300ETF沽12月3700,0.0576,0.0,0.0,0.0,10,0.0576,0.058,30,0.0594,0.058,0.058,0.0574,80.0,46130.0,1689
2023-05-11 09:35:00,OP10005357,300ETF沽12月3700,0.0576,0.0,0.0,0.0,10,0.0576,0.0581,30,0.0594,0.058,0.058,0.0574,80.0,46130.0,1689
2023-05-11 09:35:01,OP10005357,300ETF沽12月3700,0.0576,0.0,0.0,0.0,10,0.0576,0.0581,20,0.0594,0.058,0.058,0.0574,80.0,46130.0,1689
2023-05-11 09:35:01,OP10005357,300ETF沽12月3700,0.0576,0.0,0.0,0.0,30,0.0576,0.0582,31,0.0594,0.058,0.058,0.0574,80.0,46130.0,1689
2023-05-11 09:35:02,OP10005357,300ETF沽12月3700,0.0576,0.0,0.0,0.0,30,0.0576,0.0582,30,0.0594,0.058,0.058,0.0574,80.0,46130.0,1689
2023-05-11 09:35:02,OP10005357,300ETF沽12月3700,0.0576,0.0,0.0,0.0,10,0.0577,0.0582,20,0.0594,0.058,0.058,0.0574,80.0,46130.0,1689
2023-05-11 09:35:03,OP10005357,300ETF沽12月3700,0.0576,0.0,0.0,0.0,10,0.0578,0.0583,30,0.0594,0.058,0.058,0.0574,80.0,46130.0,1689
2023-05-11 09:35:03,OP10005357,300ETF沽12月3700,0.0576,0.0,0.0,0.0,50,0.0576,0.0583,40,0.0594,0.058,0.058,0.0574,80.0,46130.0,1689
2023-05-11 09:35:04,OP10005357,300ETF沽12月3700,0.0576,0.0,0.0,0.0,30,0.0576,0.0582,10,0.0594,0.058,0.058,0.0574,80.0,46130.0,1689
2023-05-11 09:35:04,OP10005357,300ETF沽12月3700,0.0576,0.0,0.0,0.0,10,0.0578,0.0583,60,0.0594,0.058,0.058,0.0574,80.0,46130.0,1689
2023-05-11 09:35:05,OP10005357,300ETF沽12月3700,0.0576,0.0,0.0,0.0,20,0.0578,0.0583,30,0.0594,0.058,0.058,0.0574,80.0,46130.0,1689
2023-05-11 09:35:05,OP10005357,300ETF沽12月3700,0.0576,0.0,0.0,0.0,30,0.0578,0.0584,30,0.0594,0.058,0.058,0.0574,80.0,46130.0,1689
2023-05-11 09:35:06,OP10005357,300ETF沽12月3700,0.0576,0.0,0.0,0.0,20,0.0579,0.0584,10,0.0594,0.058,0.058,0.0574,80.0,46130.0,1689
2023-05-11 09:35:06,OP10005357,300ETF沽12月3700,0.0576,0.0,0.0,0.0,10,0.058,0.0585,10,0.0594,0.058,0.058,0.0574,80.0,46130.0,1689
2023-05-11 09:35:07,OP10005357,300ETF沽12月3700,0.0576,0.0,0.0,0.0,20,0.058,0.0586,10,0.0594,0.058,0.058,0.0574,80.0,46130.0,1689
2023-05-11 09:35:07,OP10005357,300ETF沽12月3700,0.0576,0.0,0.0,0.0,10,0.0581,0.0585,20,0.0594,0.058,0.058,0.0574,80.0,46130.0,1689
2023-05-11 09:35:08,OP10005357,300ETF沽12月3700,0.0576,0.0,0.0,0.0,10,0.0581,0.0585,20,0.0594,0.058,0.058,0.0574,80.0,46130.0,1689
2023-05-11 09:35:08,OP10005357,300ETF沽12月3700,0.0576,0.0,0.0,0.0,10,0.0581,0.0585,30,0.0594,0.058,0.058,0.0574,80.0,46130.0,1689
2023-05-11 09:35:09,OP10005357,300ETF沽12月3700,0.0576,0.0,0.0,0.0,30,0.0579,0.0585,30,0.0594,0.058,0.058,0.0574,80.0,46130.0,1689
2023-05-11 09:35:09,OP10005357,300ETF沽12月3700,0.0576,0.0,0.0,0.0,10,0.0579,0.0584,10,0.0594,0.058,0.058,0.0574,80.0,46130.0,1689
2023-05-11 09:35:10,OP10005357,300ETF沽12月3700,0.0576,0.0,0.0,0.0,30,0.0577,0.0583,30,0.0594,0.058,0.058,0.0574,80.0,46130.0,1689
2023-05-11 09:35:10,OP10005357,300ETF沽12月3700,0.0576,0.0,0.0,0.0,50,0.0576,0.0581,10,0.0594,0.058,0.058,0.0574,80.0,46130.0,1689
2023-05-11 09:35:11,OP10005357,300ETF沽12月3700,0.0576,0.0,0.0,0.0,20,0.0576,0.0581,40,0.0594,0.058,0.058,0.0574,80.0,46130.0,1689
2023-05-11 09:35:11,OP10005357,300ETF沽12月3700,0.0576,0.0,0.0,0.0,10,0.0576,0.0581,20,0.0594,0.058,0.058,0.0574,80.0,46130.0,1689
2023-05-11 09:35:12,OP10005357,300ETF沽12月3700,0.0576,0.0,0.0,0.0,20,0.0576,0.0582,10,0.0594,0.058,0.058,0.0574,80.0,46130.0,1689
2023-05-11 09:35:12,OP10005357,300ETF沽12月3700,0.0576,0.0,0.0,0.0,20,0.0576,0.0581,20,0.0594,0.058,0.058,0.0574,80.0,46130.0,1689
2023-05-11 09:35:13,OP10005357,300ETF沽12月3700,0.0576,0.0,0.0,0.0,20,0.0576,0.0581,20,0.0594,0.058,0.058,0.0574,80.0,46130.0,1689
2023-05-11 09:35:13,OP10005357,300ETF沽12月3700,0.0576,0.0,0.0,0.0,10,0.0576,0.0581,30,0.0594,0.058,0.058,0.0574,80.0,46130.0,1689
2023-05-11 09:35:14,OP10005357,300ETF沽12月3700,0.0576,0.0,0.0,0.0,30,0.0575,0.0581,30,0.0594,0.058,0.058,0.0574,80.0,46130.0,1689
2023-05-11 09:35:14,OP10005357,300ETF沽12月3700,0.0576,0.0,0.0,0.0,30,0.0575,0.0581,30,0.0594,0.058,0.058,0.0574,80.0,46130.0,1689
2023-05-11 09:35:15,OP10005357,300ETF沽12月3700,0.0576,0.0,0.0,0.0,30,0.0575,0.0581,30,0.0594,0.058,0.058,0.0574,80.0,46130.0,1689
2023-05-11 09:35:15,OP10005357,300ETF沽12月3700,0.0576,0.0,0.0,0.0,20,0.0575,0.0581,30,0.0594,0.058,0.058,0.0574,80.0,46130.0,1689
2023-05-11 09:35:16,OP10005357,300ETF沽12月3700,0.0576,0.0,0.0,0.0,30,0.0574,0.058,10,0.0594,0.058,0.058,0.0574,80.0,46130.0,1689
2023-05-11 09:35:17,OP10005357,300ETF沽12月3700,0.0576,0.0,0.0,0.0,40,0.0573,0.0579,30,0.0594,0.058,0.058,0.0574,80.0,46130.0,1689
2023-05-11 09:35:17,OP10005357,300ETF沽12月3700,0.0576,0.0,0.0,0.0,10,0.0574,0.0579,30,0.0594,0.058,0.058,0.0574,80.0,46130.0,1689
2023-05-11 09:35:18,OP10005357,300ETF沽12月3700,0.0576,0.0,0.0,0.0,10,0.0573,0.0578,20,0.0594,0.058,0.058,0.0574,80.0,46130.0,1689
2023-05-11 09:35:18,OP10005357,300ETF沽12月3700,0.0576,0.0,0.0,0.0,10,0.0572,0.0577,10,0.0594,0.058,0.058,0.0574,80.0,46130.0,1689
2023-05-11 09:35:19,OP10005357,300ETF沽12月3700,0.0576,0.0,0.0,0.0,10,0.0572,0.0578,50,0.0594,0.058,0.058,0.0574,80.0,46130.0,1689
2023-05-11 09:35:19,OP10005357,300ETF沽12月3700,0.0576,0.0,0.0,0.0,10,0.0573,0.0579,20,0.0594,0.058,0.058,0.0574,80.0,46130.0,1689
2023-05-11 09:35:20,OP10005357,300ETF沽12月3700,0.0576,0.0,0.0,0.0,10,0.0573,0.0579,40,0.0594,0.058,0.058,0.0574,80.0,46130.0,1689
2023-05-11 09:35:20,OP10005357,300ETF沽12月3700,0.0576,0.0,0.0,0.0,10,0.0574,0.0579,30,0.0594,0.058,0.058,0.0574,80.0,46130.0,1689
2023-05-11 09:35:21,OP10005357,300ETF沽12月3700,0.0576,0.0,0.0,0.0,10,0.0573,0.0579,40,0.0594,0.058,0.058,0.0574,80.0,46130.0,1689
2023-05-11 09:35:21,OP10005357,300ETF沽12月3700,0.0576,0.0,0.0,0.0,10,0.0573,0.0579,40,0.0594,0.058,0.058,0.0574,80.0,46130.0,1689
2023-05-11 09:35:22,OP10005357,300ETF沽12月3700,0.0576,0.0,0.0,0.0,10,0.0574,0.058,20,0.0594,0.058,0.058,0.0574,80.0,46130.0,1689
2023-05-11 09:35:23,OP10005357,300ETF沽12月3700,0.0576,0.0,0.0,0.0,20,0.0574,0.058,30,0.0594,0.058,0.058,0.0574,80.0,46130.0,1689
2023-05-11 09:35:23,OP10005357,300ETF沽12月3700,0.0576,0.0,0.0,0.0,10,0.0575,0.058,20,0.0594,0.058,0.058,0.0574,80.0,46130.0,1689
2023-05-11 09:35:24,OP10005357,300ETF沽12月3700,0.0576,0.0,0.0,0.0,10,0.0575,0.058,20,0.0594,0.058,0.058,0.0574,80.0,46130.0,1689
2023-05-11 09:35:25,OP10005357,300ETF沽12月3700,0.0576,0.0,0.0,0.0,30,0.0574,0.058,30,0.0594,0.058,0.058,0.0574,80.0,46130.0,1689
2023-05-11 09:35:25,OP10005357,300ETF沽12月3700,0.0576,0.0,0.0,0.0,20,0.0574,0.058,40,0.0594,0.058,0.058,0.0574,80.0,46130.0,1689
2023-05-11 09:35:26,OP10005357,300ETF沽12月3700,0.0576,0.0,0.0,0.0,10,0.0574,0.0579,20,0.0594,0.058,0.058,0.0574,80.0,46130.0,1689
2023-05-11 09:35:26,OP10005357,300ETF沽12月3700,0.0576,0.0,0.0,0.0,30,0.0572,0.0578,10,0.0594,0.058,0.058,0.0574,80.0,46130.0,1689
2023-05-11 09:35:27,OP10005357,300ETF沽12月3700,0.0576,0.0,0.0,0.0,10,0.0572,0.0578,40,0.0594,0.058,0.058,0.0574,80.0,46130.0,1689
2023-05-11 09:35:27,OP10005357,300ETF沽12月3700,0.0576,0.0,0.0,0.0,20,0.0572,0.0578,30,0.0594,0.058,0.058,0.0574,80.0,46130.0,1689
2023-05-11 09:35:28,OP10005357,300ETF沽12月3700,0.0576,0.0,0.0,0.0,20,0.0572,0.0578,30,0.0594,0.058,0.058,0.0574,80.0,46130.0,1689
2023-05-11 09:35:28,OP10005357,300ETF沽12月3700,0.0576,0.0,0.0,0.0,60,0.0571,0.0577,10,0.0594,0.058,0.058,0.0574,80.0,46130.0,1689
2023-05-11 09:35:29,OP10005357,300ETF沽12月3700,0.0576,0.0,0.0,0.0,60,0.0571,0.0577,10,0.0594,0.058,0.058,0.0574,80.0,46130.0,1689
2023-05-11 09:35:29,OP10005357,300ETF沽12月3700,0.0576,0.0,0.0,0.0,60,0.0571,0.0577,10,0.0594,0.058,0.058,0.0574,80.0,46130.0,1689
2023-05-11 09:35:30,OP10005357,300ETF沽12月3700,0.0576,0.0,0.0,0.0,10,0.0572,0.0577,10,0.0594,0.058,0.058,0.0574,80.0,46130.0,1689
2023-05-11 09:35:31,OP10005357,300ETF沽12月3700,0.0572,2.0,1144.0,0.0,10,0.0572,0.0577,30,0.0594,0.058,0.058,0.0572,82.0,47274.0,1689
2023-05-11 09:35:31,OP10005357,300ETF沽12月3700,0.0572,0.0,0.0,0.0,10,0.0572,0.0577,30,0.0594,0.058,0.058,0.0572,82.0,47274.0,1689
2023-05-11 09:35:31,OP10005357,300ETF沽12月3700,0.0572,0.0,0.0,0.0,70,0.0571,0.0577,30,0.0594,0.058,0.058,0.0572,82.0,47274.0,1689
2023-05-11 09:35:32,OP10005357,300ETF沽12月3700,0.0572,0.0,0.0,0.0,30,0.0571,0.0577,40,0.0594,0.058,0.058,0.0572,82.0,47274.0,1689
2023-05-11 09:35:32,OP10005357,300ETF沽12月3700,0.0572,0.0,0.0,0.0,41,0.057,0.0576,10,0.0594,0.058,0.058,0.0572,82.0,47274.0,1689
2023-05-11 09:35:33,OP10005357,300ETF沽12月3700,0.0572,0.0,0.0,0.0,21,0.057,0.0576,10,0.0594,0.058,0.058,0.0572,82.0,47274.0,1689
2023-05-11 09:35:33,OP10005357,300ETF沽12月3700,0.0572,0.0,0.0,0.0,21,0.057,0.0576,30,0.0594,0.058,0.058,0.0572,82.0,47274.0,1689
2023-05-11 09:35:34,OP10005357,300ETF沽12月3700,0.0572,0.0,0.0,0.0,41,0.057,0.0576,30,0.0594,0.058,0.058,0.0572,82.0,47274.0,1689
2023-05-11 09:35:34,OP10005357,300ETF沽12月3700,0.0572,0.0,0.0,0.0,11,0.057,0.0576,40,0.0594,0.058,0.058,0.0572,82.0,47274.0,1689
2023-05-11 09:35:35,OP10005357,300ETF沽12月3700,0.0572,0.0,0.0,0.0,11,0.057,0.0575,10,0.0594,0.058,0.058,0.0572,82.0,47274.0,1689
2023-05-11 09:35:35,OP10005357,300ETF沽12月3700,0.0572,0.0,0.0,0.0,1,0.057,0.0575,40,0.0594,0.058,0.058,0.0572,82.0,47274.0,1689
2023-05-11 09:35:36,OP10005357,300ETF沽12月3700,0.0572,0.0,0.0,0.0,1,0.057,0.0574,20,0.0594,0.058,0.058,0.0572,82.0,47274.0,1689
2023-05-11 09:35:36,OP10005357,300ETF沽12月3700,0.0572,0.0,0.0,0.0,1,0.057,0.0575,30,0.0594,0.058,0.058,0.0572,82.0,47274.0,1689
2023-05-11 09:35:37,OP10005357,300ETF沽12月3700,0.0572,0.0,0.0,0.0,20,0.0571,0.0576,10,0.0594,0.058,0.058,0.0572,82.0,47274.0,1689
2023-05-11 09:35:37,OP10005357,300ETF沽12月3700,0.0572,0.0,0.0,0.0,1,0.0576,0.0577,20,0.0594,0.058,0.058,0.0572,82.0,47274.0,1689
2023-05-11 09:35:38,OP10005357,300ETF沽12月3700,0.0572,0.0,0.0,0.0,1,0.0576,0.0577,10,0.0594,0.058,0.058,0.0572,82.0,47274.0,1689
2023-05-11 09:35:38,OP10005357,300ETF沽12月3700,0.0572,0.0,0.0,0.0,1,0.0576,0.0577,40,0.0594,0.058,0.058,0.0572,82.0,47274.0,1689
2023-05-11 09:35:39,OP10005357,300ETF沽12月3700,0.0576,1.0,576.0,0.0,20,0.0571,0.0576,10,0.0594,0.058,0.058,0.0572,83.0,47850.0,1689
2023-05-11 09:35:39,OP10005357,300ETF沽12月3700,0.0576,0.0,0.0,0.0,41,0.057,0.0576,10,0.0594,0.058,0.058,0.0572,83.0,47850.0,1689
2023-05-11 09:35:40,OP10005357,300ETF沽12月3700,0.0576,0.0,0.0,0.0,10,0.0571,0.0577,60,0.0594,0.058,0.058,0.0572,83.0,47850.0,1689
2023-05-11 09:35:40,OP10005357,300ETF沽12月3700,0.0576,0.0,0.0,0.0,30,0.0571,0.0577,50,0.0594,0.058,0.058,0.0572,83.0,47850.0,1689
2023-05-11 09:35:41,OP10005357,300ETF沽12月3700,0.0576,0.0,0.0,0.0,10,0.0571,0.0577,50,0.0594,0.058,0.058,0.0572,83.0,47850.0,1689
2023-05-11 09:35:41,OP10005357,300ETF沽12月3700,0.0576,0.0,0.0,0.0,31,0.057,0.0576,10,0.0594,0.058,0.058,0.0572,83.0,47850.0,1689
2023-05-11 09:35:42,OP10005357,300ETF沽12月3700,0.0576,0.0,0.0,0.0,21,0.057,0.0576,10,0.0594,0.058,0.058,0.0572,83.0,47850.0,1689
2023-05-11 09:35:43,OP10005357,300ETF沽12月3700,0.0576,0.0,0.0,0.0,30,0.0571,0.0577,60,0.0594,0.058,0.058,0.0572,83.0,47850.0,1689
2023-05-11 09:35:43,OP10005357,300ETF沽12月3700,0.0576,0.0,0.0,0.0,10,0.0571,0.0577,50,0.0594,0.058,0.058,0.0572,83.0,47850.0,1689
2023-05-11 09:35:44,OP10005357,300ETF沽12月3700,0.0576,0.0,0.0,0.0,21,0.057,0.0576,20,0.0594,0.058,0.058,0.0572,83.0,47850.0,1689
2023-05-11 09:35:45,OP10005357,300ETF沽12月3700,0.0576,0.0,0.0,0.0,31,0.057,0.0576,40,0.0594,0.058,0.058,0.0572,83.0,47850.0,1689
2023-05-11 09:35:45,OP10005357,300ETF沽12月3700,0.0576,0.0,0.0,0.0,11,0.057,0.0576,40,0.0594,0.058,0.058,0.0572,83.0,47850.0,1689
2023-05-11 09:35:46,OP10005357,300ETF沽12月3700,0.0576,0.0,0.0,0.0,1,0.057,0.0575,10,0.0594,0.058,0.058,0.0572,83.0,47850.0,1689
2023-05-11 09:35:46,OP10005357,300ETF沽12月3700,0.0576,0.0,0.0,0.0,1,0.057,0.0574,10,0.0594,0.058,0.058,0.0572,83.0,47850.0,1689
2023-05-11 09:35:47,OP10005357,300ETF沽12月3700,0.0576,0.0,0.0,0.0,1,0.057,0.0574,10,0.0594,0.058,0.058,0.0572,83.0,47850.0,1689
2023-05-11 09:35:47,OP10005357,300ETF沽12月3700,0.0576,0.0,0.0,0.0,1,0.057,0.0574,10,0.0594,0.058,0.058,0.0572,83.0,47850.0,1689
2023-05-11 09:35:48,OP10005357,300ETF沽12月3700,0.0576,0.0,0.0,0.0,21,0.057,0.0575,30,0.0594,0.058,0.058,0.0572,83.0,47850.0,1689
2023-05-11 09:35:48,OP10005357,300ETF沽12月3700,0.0576,0.0,0.0,0.0,31,0.057,0.0575,10,0.0594,0.058,0.058,0.0572,83.0,47850.0,1689
2023-05-11 09:35:49,OP10005357,300ETF沽12月3700,0.0576,0.0,0.0,0.0,31,0.057,0.0576,30,0.0594,0.058,0.058,0.0572,83.0,47850.0,1689
2023-05-11 09:35:49,OP10005357,300ETF沽12月3700,0.0576,0.0,0.0,0.0,11,0.057,0.0575,10,0.0594,0.058,0.058,0.0572,83.0,47850.0,1689
2023-05-11 09:35:50,OP10005357,300ETF沽12月3700,0.0576,0.0,0.0,0.0,21,0.057,0.0575,20,0.0594,0.058,0.058,0.0572,83.0,47850.0,1689
2023-05-11 09:35:51,OP10005357,300ETF沽12月3700,0.0576,0.0,0.0,0.0,31,0.057,0.0576,60,0.0594,0.058,0.058,0.0572,83.0,47850.0,1689
2023-05-11 09:35:51,OP10005357,300ETF沽12月3700,0.0576,0.0,0.0,0.0,11,0.057,0.0576,50,0.0594,0.058,0.058,0.0572,83.0,47850.0,1689
2023-05-11 09:35:52,OP10005357,300ETF沽12月3700,0.0576,0.0,0.0,0.0,31,0.057,0.0576,50,0.0594,0.058,0.058,0.0572,83.0,47850.0,1689
2023-05-11 09:35:53,OP10005357,300ETF沽12月3700,0.0576,0.0,0.0,0.0,41,0.057,0.0576,20,0.0594,0.058,0.058,0.0572,83.0,47850.0,1689
2023-05-11 09:35:53,OP10005357,300ETF沽12月3700,0.0576,0.0,0.0,0.0,41,0.057,0.0576,40,0.0594,0.058,0.058,0.0572,83.0,47850.0,1689
2023-05-11 09:35:54,OP10005357,300ETF沽12月3700,0.0576,0.0,0.0,0.0,11,0.057,0.0576,50,0.0594,0.058,0.058,0.0572,83.0,47850.0,1689
2023-05-11 09:35:54,OP10005357,300ETF沽12月3700,0.0576,0.0,0.0,0.0,11,0.057,0.0576,50,0.0594,0.058,0.058,0.0572,83.0,47850.0,1689
2023-05-11 09:35:55,OP10005357,300ETF沽12月3700,0.0576,0.0,0.0,0.0,31,0.057,0.0576,50,0.0594,0.058,0.058,0.0572,83.0,47850.0,1689
2023-05-11 09:35:55,OP10005357,300ETF沽12月3700,0.0576,0.0,0.0,0.0,31,0.057,0.0576,30,0.0594,0.058,0.058,0.0572,83.0,47850.0,1689
2023-05-11 09:35:56,OP10005357,300ETF沽12月3700,0.0576,0.0,0.0,0.0,41,0.057,0.0576,10,0.0594,0.058,0.058,0.0572,83.0,47850.0,1689
2023-05-11 09:35:56,OP10005357,300ETF沽12月3700,0.0576,0.0,0.0,0.0,10,0.0571,0.0577,30,0.0594,0.058,0.058,0.0572,83.0,47850.0,1689
2023-05-11 09:35:57,OP10005357,300ETF沽12月3700,0.0576,0.0,0.0,0.0,10,0.0571,0.0577,40,0.0594,0.058,0.058,0.0572,83.0,47850.0,1689
2023-05-11 09:35:57,OP10005357,300ETF沽12月3700,0.0576,0.0,0.0,0.0,31,0.057,0.0576,10,0.0594,0.058,0.058,0.0572,83.0,47850.0,1689
2023-05-11 09:35:58,OP10005357,300ETF沽12月3700,0.0576,0.0,0.0,0.0,10,0.0571,0.0577,60,0.0594,0.058,0.058,0.0572,83.0,47850.0,1689
2023-05-11 09:35:58,OP10005357,300ETF沽12月3700,0.0576,0.0,0.0,0.0,40,0.0571,0.0577,20,0.0594,0.058,0.058,0.0572,83.0,47850.0,1689
2023-05-11 09:35:59,OP10005357,300ETF沽12月3700,0.0576,0.0,0.0,0.0,40,0.0571,0.0577,20,0.0594,0.058,0.058,0.0572,83.0,47850.0,1689
2023-05-11 09:35:59,OP10005357,300ETF沽12月3700,0.0576,0.0,0.0,0.0,40,0.0571,0.0577,20,0.0594,0.058,0.058,0.0572,83.0,47850.0,1689
2023-05-11 09:36:00,OP10005357,300ETF沽12月3700,0.0576,0.0,0.0,0.0,50,0.0571,0.0577,30,0.0594,0.058,0.058,0.0572,83.0,47850.0,1689
2023-05-11 09:36:00,OP10005357,300ETF沽12月3700,0.0576,0.0,0.0,0.0,40,0.0571,0.0577,40,0.0594,0.058,0.058,0.0572,83.0,47850.0,1689
2023-05-11 09:36:01,OP10005357,300ETF沽12月3700,0.0576,0.0,0.0,0.0,41,0.057,0.0576,10,0.0594,0.058,0.058,0.0572,83.0,47850.0,1689
2023-05-11 09:36:01,OP10005357,300ETF沽12月3700,0.0576,0.0,0.0,0.0,11,0.057,0.0576,40,0.0594,0.058,0.058,0.0572,83.0,47850.0,1689
2023-05-11 09:36:02,OP10005357,300ETF沽12月3700,0.0576,0.0,0.0,0.0,1,0.057,0.0575,10,0.0594,0.058,0.058,0.0572,83.0,47850.0,1689
2023-05-11 09:36:02,OP10005357,300ETF沽12月3700,0.0576,0.0,0.0,0.0,1,0.057,0.0575,10,0.0594,0.058,0.058,0.0572,83.0,47850.0,1689
2023-05-11 09:36:03,OP10005357,300ETF沽12月3700,0.0576,0.0,0.0,0.0,21,0.057,0.0576,50,0.0594,0.058,0.058,0.0572,83.0,47850.0,1689
2023-05-11 09:36:03,OP10005357,300ETF沽12月3700,0.0576,0.0,0.0,0.0,11,0.057,0.0575,10,0.0594,0.058,0.058,0.0572,83.0,47850.0,1689
2023-05-11 09:36:05,OP10005357,300ETF沽12月3700,0.0576,0.0,0.0,0.0,1,0.057,0.0574,10,0.0594,0.058,0.058,0.0572,83.0,47850.0,1689
2023-05-11 09:36:05,OP10005357,300ETF沽12月3700,0.0576,0.0,0.0,0.0,1,0.057,0.0574,10,0.0594,0.058,0.058,0.0572,83.0,47850.0,1689
2023-05-11 09:36:06,OP10005357,300ETF沽12月3700,0.0576,0.0,0.0,0.0,1,0.057,0.0573,10,0.0594,0.058,0.058,0.0572,83.0,47850.0,1689
2023-05-11 09:36:06,OP10005357,300ETF沽12月3700,0.0576,0.0,0.0,0.0,1,0.057,0.0573,10,0.0594,0.058,0.058,0.0572,83.0,47850.0,1689
2023-05-11 09:36:07,OP10005357,300ETF沽12月3700,0.0576,0.0,0.0,0.0,1,0.057,0.0574,30,0.0594,0.058,0.058,0.0572,83.0,47850.0,1689
2023-05-11 09:36:07,OP10005357,300ETF沽12月3700,0.0576,0.0,0.0,0.0,1,0.057,0.0574,10,0.0594,0.058,0.058,0.0572,83.0,47850.0,1689
2023-05-11 09:36:08,OP10005357,300ETF沽12月3700,0.0576,0.0,0.0,0.0,1,0.057,0.0574,10,0.0594,0.058,0.058,0.0572,83.0,47850.0,1689
2023-05-11 09:36:09,OP10005357,300ETF沽12月3700,0.0576,0.0,0.0,0.0,11,0.057,0.0575,10,0.0594,0.058,0.058,0.0572,83.0,47850.0,1689
2023-05-11 09:36:09,OP10005357,300ETF沽12月3700,0.0576,0.0,0.0,0.0,11,0.057,0.0575,10,0.0594,0.058,0.058,0.0572,83.0,47850.0,1689
2023-05-11 09:36:10,OP10005357,300ETF沽12月3700,0.0576,0.0,0.0,0.0,10,0.0571,0.0576,10,0.0594,0.058,0.058,0.0572,83.0,47850.0,1689
2023-05-11 09:36:10,OP10005357,300ETF沽12月3700,0.0576,0.0,0.0,0.0,20,0.0571,0.0577,10,0.0594,0.058,0.058,0.0572,83.0,47850.0,1689
2023-05-11 09:36:11,OP10005357,300ETF沽12月3700,0.0576,0.0,0.0,0.0,20,0.0571,0.0577,30,0.0594,0.058,0.058,0.0572,83.0,47850.0,1689
2023-05-11 09:36:11,OP10005357,300ETF沽12月3700,0.0576,0.0,0.0,0.0,20,0.0572,0.0578,30,0.0594,0.058,0.058,0.0572,83.0,47850.0,1689
2023-05-11 09:36:12,OP10005357,300ETF沽12月3700,0.0576,0.0,0.0,0.0,10,0.0573,0.0578,10,0.0594,0.058,0.058,0.0572,83.0,47850.0,1689
2023-05-11 09:36:12,OP10005357,300ETF沽12月3700,0.0576,0.0,0.0,0.0,10,0.0573,0.0578,10,0.0594,0.058,0.058,0.0572,83.0,47850.0,1689
2023-05-11 09:36:13,OP10005357,300ETF沽12月3700,0.0576,0.0,0.0,0.0,20,0.0573,0.0579,10,0.0594,0.058,0.058,0.0572,83.0,47850.0,1689
2023-05-11 09:36:13,OP10005357,300ETF沽12月3700,0.0576,0.0,0.0,0.0,20,0.0573,0.0578,20,0.0594,0.058,0.058,0.0572,83.0,47850.0,1689
2023-05-11 09:36:14,OP10005357,300ETF沽12月3700,0.0576,0.0,0.0,0.0,20,0.0572,0.0578,30,0.0594,0.058,0.058,0.0572,83.0,47850.0,1689
2023-05-11 09:36:14,OP10005357,300ETF沽12月3700,0.0576,0.0,0.0,0.0,20,0.0572,0.0578,30,0.0594,0.058,0.058,0.0572,83.0,47850.0,1689
2023-05-11 09:36:15,OP10005357,300ETF沽12月3700,0.0576,0.0,0.0,0.0,10,0.0573,0.0578,10,0.0594,0.058,0.058,0.0572,83.0,47850.0,1689
2023-05-11 09:36:15,OP10005357,300ETF沽12月3700,0.0576,0.0,0.0,0.0,20,0.0573,0.0578,10,0.0594,0.058,0.058,0.0572,83.0,47850.0,1689
2023-05-11 09:36:16,OP10005357,300ETF沽12月3700,0.0576,0.0,0.0,0.0,20,0.0574,0.0579,20,0.0594,0.058,0.058,0.0572,83.0,47850.0,1689
2023-05-11 09:36:16,OP10005357,300ETF沽12月3700,0.0576,0.0,0.0,0.0,20,0.0574,0.0579,10,0.0594,0.058,0.058,0.0572,83.0,47850.0,1689
2023-05-11 09:36:17,OP10005357,300ETF沽12月3700,0.0576,0.0,0.0,0.0,20,0.0574,0.0579,10,0.0594,0.058,0.058,0.0572,83.0,47850.0,1689
2023-05-11 09:36:17,OP10005357,300ETF沽12月3700,0.0576,0.0,0.0,0.0,10,0.0575,0.058,10,0.0594,0.058,0.058,0.0572,83.0,47850.0,1689
2023-05-11 09:36:18,OP10005357,300ETF沽12月3700,0.0576,0.0,0.0,0.0,10,0.0575,0.0579,20,0.0594,0.058,0.058,0.0572,83.0,47850.0,1689
2023-05-11 09:36:18,OP10005357,300ETF沽12月3700,0.0576,0.0,0.0,0.0,10,0.0574,0.0579,30,0.0594,0.058,0.058,0.0572,83.0,47850.0,1689
2023-05-11 09:36:19,OP10005357,300ETF沽12月3700,0.0576,0.0,0.0,0.0,20,0.0573,0.0579,30,0.0594,0.058,0.058,0.0572,83.0,47850.0,1689
2023-05-11 09:36:20,OP10005357,300ETF沽12月3700,0.0576,0.0,0.0,0.0,20,0.0573,0.0578,10,0.0594,0.058,0.058,0.0572,83.0,47850.0,1689
2023-05-11 09:36:20,OP10005357,300ETF沽12月3700,0.0576,0.0,0.0,0.0,10,0.0573,0.0578,10,0.0594,0.058,0.058,0.0572,83.0,47850.0,1689
2023-05-11 09:36:21,OP10005357,300ETF沽12月3700,0.0576,0.0,0.0,0.0,10,0.0573,0.0578,10,0.0594,0.058,0.058,0.0572,83.0,47850.0,1689
2023-05-11 09:36:21,OP10005357,300ETF沽12月3700,0.0576,0.0,0.0,0.0,10,0.0573,0.0578,10,0.0594,0.058,0.058,0.0572,83.0,47850.0,1689
2023-05-11 09:36:22,OP10005357,300ETF沽12月3700,0.0576,0.0,0.0,0.0,20,0.0573,0.0578,10,0.0594,0.058,0.058,0.0572,83.0,47850.0,1689
2023-05-11 09:36:23,OP10005357,300ETF沽12月3700,0.0576,0.0,0.0,0.0,20,0.0573,0.0578,10,0.0594,0.058,0.058,0.0572,83.0,47850.0,1689
2023-05-11 09:36:23,OP10005357,300ETF沽12月3700,0.0576,0.0,0.0,0.0,20,0.0573,0.0578,10,0.0594,0.058,0.058,0.0572,83.0,47850.0,1689
2023-05-11 09:36:24,OP10005357,300ETF沽12月3700,0.0576,0.0,0.0,0.0,40,0.0573,0.0578,10,0.0594,0.058,0.058,0.0572,83.0,47850.0,1689
2023-05-11 09:36:24,OP10005357,300ETF沽12月3700,0.0576,0.0,0.0,0.0,50,0.0573,0.0579,40,0.0594,0.058,0.058,0.0572,83.0,47850.0,1689
2023-05-11 09:36:25,OP10005357,300ETF沽12月3700,0.0576,0.0,0.0,0.0,50,0.0573,0.0579,30,0.0594,0.058,0.058,0.0572,83.0,47850.0,1689
2023-05-11 09:36:25,OP10005357,300ETF沽12月3700,0.0576,0.0,0.0,0.0,30,0.0573,0.0579,30,0.0594,0.058,0.058,0.0572,83.0,47850.0,1689
2023-05-11 09:36:26,OP10005357,300ETF沽12月3700,0.0576,0.0,0.0,0.0,20,0.0572,0.0578,10,0.0594,0.058,0.058,0.0572,83.0,47850.0,1689
2023-05-11 09:36:26,OP10005357,300ETF沽12月3700,0.0576,0.0,0.0,0.0,10,0.0573,0.0579,50,0.0594,0.058,0.058,0.0572,83.0,47850.0,1689
2023-05-11 09:36:27,OP10005357,300ETF沽12月3700,0.0576,0.0,0.0,0.0,30,0.0573,0.0579,40,0.0594,0.058,0.058,0.0572,83.0,47850.0,1689
2023-05-11 09:36:27,OP10005357,300ETF沽12月3700,0.0576,0.0,0.0,0.0,40,0.0573,0.0579,30,0.0594,0.058,0.058,0.0572,83.0,47850.0,1689
2023-05-11 09:36:28,OP10005357,300ETF沽12月3700,0.0576,0.0,0.0,0.0,20,0.0573,0.0579,30,0.0594,0.058,0.058,0.0572,83.0,47850.0,1689
2023-05-11 09:36:29,OP10005357,300ETF沽12月3700,0.0576,0.0,0.0,0.0,10,0.0574,0.0579,30,0.0594,0.058,0.058,0.0572,83.0,47850.0,1689
2023-05-11 09:36:29,OP10005357,300ETF沽12月3700,0.0576,0.0,0.0,0.0,20,0.0574,0.0579,10,0.0594,0.058,0.058,0.0572,83.0,47850.0,1689
2023-05-11 09:36:30,OP10005357,300ETF沽12月3700,0.0576,0.0,0.0,0.0,10,0.0575,0.058,20,0.0594,0.058,0.058,0.0572,83.0,47850.0,1689
2023-05-11 09:36:30,OP10005357,300ETF沽12月3700,0.0576,0.0,0.0,0.0,20,0.0575,0.0581,20,0.0594,0.058,0.058,0.0572,83.0,47850.0,1689
2023-05-11 09:36:31,OP10005357,300ETF沽12月3700,0.0576,0.0,0.0,0.0,20,0.0575,0.058,30,0.0594,0.058,0.058,0.0572,83.0,47850.0,1689
2023-05-11 09:36:31,OP10005357,300ETF沽12月3700,0.0576,0.0,0.0,0.0,10,0.0575,0.058,30,0.0594,0.058,0.058,0.0572,83.0,47850.0,1689
2023-05-11 09:36:32,OP10005357,300ETF沽12月3700,0.0576,0.0,0.0,0.0,10,0.0575,0.058,30,0.0594,0.058,0.058,0.0572,83.0,47850.0,1689
2023-05-11 09:36:34,OP10005357,300ETF沽12月3700,0.0576,0.0,0.0,0.0,20,0.0574,0.0579,10,0.0594,0.058,0.058,0.0572,83.0,47850.0,1689
2023-05-11 09:36:34,OP10005357,300ETF沽12月3700,0.0576,0.0,0.0,0.0,10,0.0574,0.0579,30,0.0594,0.058,0.058,0.0572,83.0,47850.0,1689
2023-05-11 09:36:35,OP10005357,300ETF沽12月3700,0.0576,0.0,0.0,0.0,30,0.0573,0.0579,30,0.0594,0.058,0.058,0.0572,83.0,47850.0,1689
2023-05-11 09:36:35,OP10005357,300ETF沽12月3700,0.0576,0.0,0.0,0.0,10,0.0573,0.0578,10,0.0594,0.058,0.058,0.0572,83.0,47850.0,1689
2023-05-11 09:36:36,OP10005357,300ETF沽12月3700,0.0576,0.0,0.0,0.0,10,0.0573,0.0577,10,0.0594,0.058,0.058,0.0572,83.0,47850.0,1689
2023-05-11 09:36:36,OP10005357,300ETF沽12月3700,0.0576,0.0,0.0,0.0,10,0.0573,0.0578,40,0.0594,0.058,0.058,0.0572,83.0,47850.0,1689
2023-05-11 09:36:37,OP10005357,300ETF沽12月3700,0.0576,0.0,0.0,0.0,10,0.0573,0.0577,10,0.0594,0.058,0.058,0.0572,83.0,47850.0,1689
2023-05-11 09:36:37,OP10005357,300ETF沽12月3700,0.0576,0.0,0.0,0.0,20,0.0573,0.0578,10,0.0594,0.058,0.058,0.0572,83.0,47850.0,1689
2023-05-11 09:36:38,OP10005357,300ETF沽12月3700,0.0576,0.0,0.0,0.0,20,0.0573,0.0578,30,0.0594,0.058,0.058,0.0572,83.0,47850.0,1689
2023-05-11 09:36:39,OP10005357,300ETF沽12月3700,0.0576,0.0,0.0,0.0,20,0.0573,0.0578,10,0.0594,0.058,0.058,0.0572,83.0,47850.0,1689
2023-05-11 09:36:39,OP10005357,300ETF沽12月3700,0.0576,0.0,0.0,0.0,20,0.0573,0.0578,10,0.0594,0.058,0.058,0.0572,83.0,47850.0,1689
2023-05-11 09:36:40,OP10005357,300ETF沽12月3700,0.0576,0.0,0.0,0.0,20,0.0573,0.0578,10,0.0594,0.058,0.058,0.0572,83.0,47850.0,1689
2023-05-11 09:36:41,OP10005357,300ETF沽12月3700,0.0576,0.0,0.0,0.0,20,0.0573,0.0578,30,0.0594,0.058,0.058,0.0572,83.0,47850.0,1689
2023-05-11 09:36:41,OP10005357,300ETF沽12月3700,0.0576,0.0,0.0,0.0,20,0.0573,0.0578,10,0.0594,0.058,0.058,0.0572,83.0,47850.0,1689
2023-05-11 09:36:42,OP10005357,300ETF沽12月3700,0.0576,0.0,0.0,0.0,20,0.0573,0.0578,30,0.0594,0.058,0.058,0.0572,83.0,47850.0,1689
2023-05-11 09:36:42,OP10005357,300ETF沽12月3700,0.0576,0.0,0.0,0.0,20,0.0572,0.0577,10,0.0594,0.058,0.058,0.0572,83.0,47850.0,1689
2023-05-11 09:36:43,OP10005357,300ETF沽12月3700,0.0576,0.0,0.0,0.0,40,0.0571,0.0576,10,0.0594,0.058,0.058,0.0572,83.0,47850.0,1689
2023-05-11 09:36:43,OP10005357,300ETF沽12月3700,0.0576,0.0,0.0,0.0,20,0.0571,0.0576,10,0.0594,0.058,0.058,0.0572,83.0,47850.0,1689
2023-05-11 09:36:44,OP10005357,300ETF沽12月3700,0.0576,0.0,0.0,0.0,20,0.0571,0.0576,10,0.0594,0.058,0.058,0.0572,83.0,47850.0,1689
2023-05-11 09:36:44,OP10005357,300ETF沽12月3700,0.0576,0.0,0.0,0.0,20,0.0572,0.0577,20,0.0594,0.058,0.058,0.0572,83.0,47850.0,1689
2023-05-11 09:36:45,OP10005357,300ETF沽12月3700,0.0576,0.0,0.0,0.0,20,0.0573,0.0578,10,0.0594,0.058,0.058,0.0572,83.0,47850.0,1689
2023-05-11 09:36:45,OP10005357,300ETF沽12月3700,0.0576,0.0,0.0,0.0,20,0.0573,0.0579,10,0.0594,0.058,0.058,0.0572,83.0,47850.0,1689
2023-05-11 09:36:46,OP10005357,300ETF沽12月3700,0.0576,0.0,0.0,0.0,10,0.0574,0.0579,30,0.0594,0.058,0.058,0.0572,83.0,47850.0,1689
2023-05-11 09:36:46,OP10005357,300ETF沽12月3700,0.0576,0.0,0.0,0.0,10,0.0574,0.0579,30,0.0594,0.058,0.058,0.0572,83.0,47850.0,1689
2023-05-11 09:36:48,OP10005357,300ETF沽12月3700,0.0576,0.0,0.0,0.0,10,0.0574,0.0579,30,0.0594,0.058,0.058,0.0572,83.0,47850.0,1689
2023-05-11 09:36:53,OP10005357,300ETF沽12月3700,0.0576,0.0,0.0,0.0,30,0.0573,0.0579,30,0.0594,0.058,0.058,0.0572,83.0,47850.0,1689
2023-05-11 09:36:54,OP10005357,300ETF沽12月3700,0.0576,0.0,0.0,0.0,10,0.0574,0.0579,30,0.0594,0.058,0.058,0.0572,83.0,47850.0,1689
2023-05-11 09:36:55,OP10005357,300ETF沽12月3700,0.0576,0.0,0.0,0.0,20,0.0574,0.0579,30,0.0594,0.058,0.058,0.0572,83.0,47850.0,1689
2023-05-11 09:36:56,OP10005357,300ETF沽12月3700,0.0576,0.0,0.0,0.0,10,0.0574,0.0579,30,0.0594,0.058,0.058,0.0572,83.0,47850.0,1689
2023-05-11 09:36:57,OP10005357,300ETF沽12月3700,0.0576,0.0,0.0,0.0,10,0.0574,0.0579,10,0.0594,0.058,0.058,0.0572,83.0,47850.0,1689
2023-05-11 09:36:57,OP10005357,300ETF沽12月3700,0.0576,0.0,0.0,0.0,10,0.0575,0.058,20,0.0594,0.058,0.058,0.0572,83.0,47850.0,1689
2023-05-11 09:36:58,OP10005357,300ETF沽12月3700,0.0576,0.0,0.0,0.0,10,0.0575,0.058,30,0.0594,0.058,0.058,0.0572,83.0,47850.0,1689
2023-05-11 09:36:58,OP10005357,300ETF沽12月3700,0.0576,0.0,0.0,0.0,20,0.0575,0.058,10,0.0594,0.058,0.058,0.0572,83.0,47850.0,1689
2023-05-11 09:36:59,OP10005357,300ETF沽12月3700,0.0576,0.0,0.0,0.0,20,0.0575,0.058,10,0.0594,0.058,0.058,0.0572,83.0,47850.0,1689
2023-05-11 09:36:59,OP10005357,300ETF沽12月3700,0.0576,0.0,0.0,0.0,20,0.0575,0.058,10,0.0594,0.058,0.058,0.0572,83.0,47850.0,1689
2023-05-11 09:37:00,OP10005357,300ETF沽12月3700,0.0576,0.0,0.0,0.0,20,0.0575,0.058,10,0.0594,0.058,0.058,0.0572,83.0,47850.0,1689
2023-05-11 09:37:00,OP10005357,300ETF沽12月3700,0.0576,0.0,0.0,0.0,40,0.0576,0.0581,10,0.0594,0.058,0.058,0.0572,83.0,47850.0,1689
2023-05-11 09:37:01,OP10005357,300ETF沽12月3700,0.0576,0.0,0.0,0.0,10,0.0577,0.0583,43,0.0594,0.058,0.058,0.0572,83.0,47850.0,1689
2023-05-11 09:37:01,OP10005357,300ETF沽12月3700,0.0576,0.0,0.0,0.0,10,0.0578,0.0583,33,0.0594,0.058,0.058,0.0572,83.0,47850.0,1689
2023-05-11 09:37:02,OP10005357,300ETF沽12月3700,0.0576,0.0,0.0,0.0,20,0.0577,0.0583,33,0.0594,0.058,0.058,0.0572,83.0,47850.0,1689
2023-05-11 09:37:02,OP10005357,300ETF沽12月3700,0.0576,0.0,0.0,0.0,40,0.0577,0.0583,33,0.0594,0.058,0.058,0.0572,83.0,47850.0,1689
2023-05-11 09:37:03,OP10005357,300ETF沽12月3700,0.0576,0.0,0.0,0.0,20,0.0577,0.0583,33,0.0594,0.058,0.058,0.0572,83.0,47850.0,1689
2023-05-11 09:37:04,OP10005357,300ETF沽12月3700,0.0576,0.0,0.0,0.0,10,0.0578,0.0583,33,0.0594,0.058,0.058,0.0572,83.0,47850.0,1689
2023-05-11 09:37:05,OP10005357,300ETF沽12月3700,0.0576,0.0,0.0,0.0,10,0.0578,0.0583,33,0.0594,0.058,0.058,0.0572,83.0,47850.0,1689
2023-05-11 09:37:06,OP10005357,300ETF沽12月3700,0.0576,0.0,0.0,0.0,10,0.0578,0.0583,13,0.0594,0.058,0.058,0.0572,83.0,47850.0,1689
2023-05-11 09:37:07,OP10005357,300ETF沽12月3700,0.0576,0.0,0.0,0.0,20,0.0578,0.0583,13,0.0594,0.058,0.058,0.0572,83.0,47850.0,1689
2023-05-11 09:37:07,OP10005357,300ETF沽12月3700,0.0576,0.0,0.0,0.0,20,0.0578,0.0583,13,0.0594,0.058,0.058,0.0572,83.0,47850.0,1689
2023-05-11 09:37:08,OP10005357,300ETF沽12月3700,0.0576,0.0,0.0,0.0,40,0.0578,0.0583,13,0.0594,0.058,0.058,0.0572,83.0,47850.0,1689
2023-05-11 09:37:08,OP10005357,300ETF沽12月3700,0.0576,0.0,0.0,0.0,20,0.0578,0.0583,13,0.0594,0.058,0.058,0.0572,83.0,47850.0,1689
2023-05-11 09:37:09,OP10005357,300ETF沽12月3700,0.0576,0.0,0.0,0.0,20,0.0578,0.0583,33,0.0594,0.058,0.058,0.0572,83.0,47850.0,1689
2023-05-11 09:37:10,OP10005357,300ETF沽12月3700,0.0576,0.0,0.0,0.0,20,0.0578,0.0583,13,0.0594,0.058,0.058,0.0572,83.0,47850.0,1689
2023-05-11 09:37:10,OP10005357,300ETF沽12月3700,0.0576,0.0,0.0,0.0,10,0.0579,0.0583,3,0.0594,0.058,0.058,0.0572,83.0,47850.0,1689
2023-05-11 09:37:11,OP10005357,300ETF沽12月3700,0.0576,0.0,0.0,0.0,10,0.0579,0.0583,3,0.0594,0.058,0.058,0.0572,83.0,47850.0,1689
2023-05-11 09:37:11,OP10005357,300ETF沽12月3700,0.0576,0.0,0.0,0.0,30,0.0578,0.0583,13,0.0594,0.058,0.058,0.0572,83.0,47850.0,1689
2023-05-11 09:37:12,OP10005357,300ETF沽12月3700,0.0576,0.0,0.0,0.0,40,0.0578,0.0583,3,0.0594,0.058,0.058,0.0572,83.0,47850.0,1689
2023-05-11 09:37:12,OP10005357,300ETF沽12月3700,0.0576,0.0,0.0,0.0,20,0.0579,0.0583,3,0.0594,0.058,0.058,0.0572,83.0,47850.0,1689
2023-05-11 09:37:13,OP10005357,300ETF沽12月3700,0.0576,0.0,0.0,0.0,10,0.058,0.0583,3,0.0594,0.058,0.058,0.0572,83.0,47850.0,1689
2023-05-11 09:37:13,OP10005357,300ETF沽12月3700,0.0576,0.0,0.0,0.0,10,0.058,0.0583,3,0.0594,0.058,0.058,0.0572,83.0,47850.0,1689
2023-05-11 09:37:14,OP10005357,300ETF沽12月3700,0.0576,0.0,0.0,0.0,20,0.058,0.0583,3,0.0594,0.058,0.058,0.0572,83.0,47850.0,1689
2023-05-11 09:37:14,OP10005357,300ETF沽12月3700,0.0576,0.0,0.0,0.0,10,0.058,0.0583,3,0.0594,0.058,0.058,0.0572,83.0,47850.0,1689
2023-05-11 09:37:15,OP10005357,300ETF沽12月3700,0.0576,0.0,0.0,0.0,10,0.058,0.0583,3,0.0594,0.058,0.058,0.0572,83.0,47850.0,1689
2023-05-11 09:37:15,OP10005357,300ETF沽12月3700,0.0576,0.0,0.0,0.0,10,0.0581,0.0583,3,0.0594,0.058,0.058,0.0572,83.0,47850.0,1689
2023-05-11 09:37:16,OP10005357,300ETF沽12月3700,0.0576,0.0,0.0,0.0,40,0.0581,0.0583,3,0.0594,0.058,0.058,0.0572,83.0,47850.0,1689
2023-05-11 09:37:16,OP10005357,300ETF沽12月3700,0.0576,0.0,0.0,0.0,10,0.0582,0.0583,3,0.0594,0.058,0.058,0.0572,83.0,47850.0,1689
2023-05-11 09:37:17,OP10005357,300ETF沽12月3700,0.0576,0.0,0.0,0.0,40,0.0581,0.0583,3,0.0594,0.058,0.058,0.0572,83.0,47850.0,1689
2023-05-11 09:37:17,OP10005357,300ETF沽12月3700,0.0576,0.0,0.0,0.0,10,0.0582,0.0583,3,0.0594,0.058,0.058,0.0572,83.0,47850.0,1689
2023-05-11 09:37:18,OP10005357,300ETF沽12月3700,0.0576,0.0,0.0,0.0,30,0.0581,0.0583,3,0.0594,0.058,0.058,0.0572,83.0,47850.0,1689
2023-05-11 09:37:18,OP10005357,300ETF沽12月3700,0.0576,0.0,0.0,0.0,10,0.0581,0.0583,3,0.0594,0.058,0.058,0.0572,83.0,47850.0,1689
2023-05-11 09:37:19,OP10005357,300ETF沽12月3700,0.0576,0.0,0.0,0.0,10,0.058,0.0583,3,0.0594,0.058,0.058,0.0572,83.0,47850.0,1689
2023-05-11 09:37:19,OP10005357,300ETF沽12月3700,0.0576,0.0,0.0,0.0,10,0.0579,0.0583,13,0.0594,0.058,0.058,0.0572,83.0,47850.0,1689
2023-05-11 09:37:20,OP10005357,300ETF沽12月3700,0.0576,0.0,0.0,0.0,30,0.0578,0.0583,3,0.0594,0.058,0.058,0.0572,83.0,47850.0,1689
2023-05-11 09:37:20,OP10005357,300ETF沽12月3700,0.0576,0.0,0.0,0.0,40,0.0578,0.0583,13,0.0594,0.058,0.058,0.0572,83.0,47850.0,1689
2023-05-11 09:37:21,OP10005357,300ETF沽12月3700,0.0576,0.0,0.0,0.0,10,0.0578,0.0582,10,0.0594,0.058,0.058,0.0572,83.0,47850.0,1689
2023-05-11 09:37:21,OP10005357,300ETF沽12月3700,0.0576,0.0,0.0,0.0,10,0.0577,0.0581,10,0.0594,0.058,0.058,0.0572,83.0,47850.0,1689
2023-05-11 09:37:22,OP10005357,300ETF沽12月3700,0.0576,0.0,0.0,0.0,10,0.0576,0.058,10,0.0594,0.058,0.058,0.0572,83.0,47850.0,1689
2023-05-11 09:37:22,OP10005357,300ETF沽12月3700,0.0576,0.0,0.0,0.0,10,0.0576,0.058,10,0.0594,0.058,0.058,0.0572,83.0,47850.0,1689
2023-05-11 09:37:23,OP10005357,300ETF沽12月3700,0.0576,0.0,0.0,0.0,40,0.0574,0.058,10,0.0594,0.058,0.058,0.0572,83.0,47850.0,1689
2023-05-11 09:37:23,OP10005357,300ETF沽12月3700,0.0576,0.0,0.0,0.0,30,0.0575,0.058,20,0.0594,0.058,0.058,0.0572,83.0,47850.0,1689
2023-05-11 09:37:24,OP10005357,300ETF沽12月3700,0.0576,0.0,0.0,0.0,50,0.0575,0.058,10,0.0594,0.058,0.058,0.0572,83.0,47850.0,1689
2023-05-11 09:37:24,OP10005357,300ETF沽12月3700,0.0576,0.0,0.0,0.0,20,0.0576,0.0582,20,0.0594,0.058,0.058,0.0572,83.0,47850.0,1689
2023-05-11 09:37:25,OP10005357,300ETF沽12月3700,0.0576,0.0,0.0,0.0,10,0.0576,0.0582,40,0.0594,0.058,0.058,0.0572,83.0,47850.0,1689
2023-05-11 09:37:25,OP10005357,300ETF沽12月3700,0.0576,0.0,0.0,0.0,10,0.0576,0.0581,10,0.0594,0.058,0.058,0.0572,83.0,47850.0,1689
2023-05-11 09:37:26,OP10005357,300ETF沽12月3700,0.0576,0.0,0.0,0.0,10,0.0576,0.0581,10,0.0594,0.058,0.058,0.0572,83.0,47850.0,1689
2023-05-11 09:37:26,OP10005357,300ETF沽12月3700,0.0576,0.0,0.0,0.0,30,0.0576,0.0581,10,0.0594,0.058,0.058,0.0572,83.0,47850.0,1689
2023-05-11 09:37:27,OP10005357,300ETF沽12月3700,0.0576,0.0,0.0,0.0,40,0.0576,0.0581,10,0.0594,0.058,0.058,0.0572,83.0,47850.0,1689
2023-05-11 09:37:27,OP10005357,300ETF沽12月3700,0.0576,0.0,0.0,0.0,20,0.0577,0.0583,23,0.0594,0.058,0.058,0.0572,83.0,47850.0,1689
2023-05-11 09:37:28,OP10005357,300ETF沽12月3700,0.0576,0.0,0.0,0.0,30,0.0578,0.0583,3,0.0594,0.058,0.058,0.0572,83.0,47850.0,1689
2023-05-11 09:37:28,OP10005357,300ETF沽12月3700,0.0576,0.0,0.0,0.0,10,0.0579,0.0583,3,0.0594,0.058,0.058,0.0572,83.0,47850.0,1689
2023-05-11 09:37:29,OP10005357,300ETF沽12月3700,0.0576,0.0,0.0,0.0,40,0.0578,0.0583,3,0.0594,0.058,0.058,0.0572,83.0,47850.0,1689
2023-05-11 09:37:29,OP10005357,300ETF沽12月3700,0.0576,0.0,0.0,0.0,10,0.0579,0.0583,3,0.0594,0.058,0.058,0.0572,83.0,47850.0,1689
2023-05-11 09:37:30,OP10005357,300ETF沽12月3700,0.0576,0.0,0.0,0.0,10,0.058,0.0583,3,0.0594,0.058,0.058,0.0572,83.0,47850.0,1689
2023-05-11 09:37:30,OP10005357,300ETF沽12月3700,0.0576,0.0,0.0,0.0,30,0.0579,0.0583,3,0.0594,0.058,0.058,0.0572,83.0,47850.0,1689
2023-05-11 09:37:31,OP10005357,300ETF沽12月3700,0.0576,0.0,0.0,0.0,40,0.0579,0.0583,3,0.0594,0.058,0.058,0.0572,83.0,47850.0,1689
2023-05-11 09:37:31,OP10005357,300ETF沽12月3700,0.0576,0.0,0.0,0.0,40,0.0579,0.0583,3,0.0594,0.058,0.058,0.0572,83.0,47850.0,1689
2023-05-11 09:37:32,OP10005357,300ETF沽12月3700,0.0576,0.0,0.0,0.0,10,0.058,0.0583,3,0.0594,0.058,0.058,0.0572,83.0,47850.0,1689
2023-05-11 09:37:32,OP10005357,300ETF沽12月3700,0.0576,0.0,0.0,0.0,10,0.058,0.0583,3,0.0594,0.058,0.058,0.0572,83.0,47850.0,1689
2023-05-11 09:37:33,OP10005357,300ETF沽12月3700,0.0576,0.0,0.0,0.0,10,0.058,0.0583,3,0.0594,0.058,0.058,0.0572,83.0,47850.0,1689
2023-05-11 09:37:33,OP10005357,300ETF沽12月3700,0.0576,0.0,0.0,0.0,10,0.058,0.0583,3,0.0594,0.058,0.058,0.0572,83.0,47850.0,1689
2023-05-11 09:37:34,OP10005357,300ETF沽12月3700,0.0576,0.0,0.0,0.0,10,0.058,0.0583,3,0.0594,0.058,0.058,0.0572,83.0,47850.0,1689
2023-05-11 09:37:34,OP10005357,300ETF沽12月3700,0.0576,0.0,0.0,0.0,30,0.0579,0.0583,3,0.0594,0.058,0.058,0.0572,83.0,47850.0,1689
2023-05-11 09:37:35,OP10005357,300ETF沽12月3700,0.0576,0.0,0.0,0.0,10,0.0579,0.0583,3,0.0594,0.058,0.058,0.0572,83.0,47850.0,1689
2023-05-11 09:37:35,OP10005357,300ETF沽12月3700,0.0576,0.0,0.0,0.0,10,0.0579,0.0583,3,0.0594,0.058,0.058,0.0572,83.0,47850.0,1689
2023-05-11 09:37:36,OP10005357,300ETF沽12月3700,0.0576,0.0,0.0,0.0,30,0.0578,0.0583,13,0.0594,0.058,0.058,0.0572,83.0,47850.0,1689
2023-05-11 09:37:36,OP10005357,300ETF沽12月3700,0.0576,0.0,0.0,0.0,50,0.0578,0.0583,13,0.0594,0.058,0.058,0.0572,83.0,47850.0,1689
2023-05-11 09:37:37,OP10005357,300ETF沽12月3700,0.0576,0.0,0.0,0.0,50,0.0578,0.0583,13,0.0594,0.058,0.058,0.0572,83.0,47850.0,1689
2023-05-11 09:37:37,OP10005357,300ETF沽12月3700,0.0576,0.0,0.0,0.0,40,0.0578,0.0583,13,0.0594,0.058,0.058,0.0572,83.0,47850.0,1689
2023-05-11 09:37:39,OP10005357,300ETF沽12月3700,0.0576,0.0,0.0,0.0,20,0.0578,0.0583,13,0.0594,0.058,0.058,0.0572,83.0,47850.0,1689
2023-05-11 09:37:40,OP10005357,300ETF沽12月3700,0.0576,0.0,0.0,0.0,40,0.0578,0.0583,10,0.0594,0.058,0.058,0.0572,83.0,47850.0,1689
2023-05-11 09:37:40,OP10005357,300ETF沽12月3700,0.0576,0.0,0.0,0.0,40,0.0578,0.0583,10,0.0594,0.058,0.058,0.0572,83.0,47850.0,1689
2023-05-11 09:37:41,OP10005357,300ETF沽12月3700,0.0576,0.0,0.0,0.0,20,0.0579,0.0584,10,0.0594,0.058,0.058,0.0572,83.0,47850.0,1689
2023-05-11 09:37:41,OP10005357,300ETF沽12月3700,0.0576,0.0,0.0,0.0,20,0.0579,0.0584,10,0.0594,0.058,0.058,0.0572,83.0,47850.0,1689
2023-05-11 09:37:43,OP10005357,300ETF沽12月3700,0.0576,0.0,0.0,0.0,20,0.0579,0.0584,10,0.0594,0.058,0.058,0.0572,83.0,47850.0,1689
2023-05-11 09:37:44,OP10005357,300ETF沽12月3700,0.0576,0.0,0.0,0.0,40,0.0579,0.0584,10,0.0594,0.058,0.058,0.0572,83.0,47850.0,1689
2023-05-11 09:37:44,OP10005357,300ETF沽12月3700,0.0576,0.0,0.0,0.0,10,0.058,0.0585,10,0.0594,0.058,0.058,0.0572,83.0,47850.0,1689
2023-05-11 09:37:45,OP10005357,300ETF沽12月3700,0.0576,0.0,0.0,0.0,40,0.058,0.0585,10,0.0594,0.058,0.058,0.0572,83.0,47850.0,1689
2023-05-11 09:37:45,OP10005357,300ETF沽12月3700,0.0576,0.0,0.0,0.0,40,0.058,0.0585,10,0.0594,0.058,0.058,0.0572,83.0,47850.0,1689
2023-05-11 09:37:46,OP10005357,300ETF沽12月3700,0.0576,0.0,0.0,0.0,20,0.0579,0.0585,10,0.0594,0.058,0.058,0.0572,83.0,47850.0,1689
2023-05-11 09:37:46,OP10005357,300ETF沽12月3700,0.0576,0.0,0.0,0.0,10,0.058,0.0586,30,0.0594,0.058,0.058,0.0572,83.0,47850.0,1689
2023-05-11 09:37:47,OP10005357,300ETF沽12月3700,0.0576,0.0,0.0,0.0,30,0.0579,0.0585,10,0.0594,0.058,0.058,0.0572,83.0,47850.0,1689
2023-05-11 09:37:47,OP10005357,300ETF沽12月3700,0.0576,0.0,0.0,0.0,20,0.0579,0.0585,30,0.0594,0.058,0.058,0.0572,83.0,47850.0,1689
2023-05-11 09:37:48,OP10005357,300ETF沽12月3700,0.0576,0.0,0.0,0.0,10,0.0579,0.0584,10,0.0594,0.058,0.058,0.0572,83.0,47850.0,1689
2023-05-11 09:37:48,OP10005357,300ETF沽12月3700,0.0576,0.0,0.0,0.0,30,0.0578,0.0583,10,0.0594,0.058,0.058,0.0572,83.0,47850.0,1689
2023-05-11 09:37:49,OP10005357,300ETF沽12月3700,0.0576,0.0,0.0,0.0,20,0.0577,0.0581,10,0.0594,0.058,0.058,0.0572,83.0,47850.0,1689
2023-05-11 09:37:49,OP10005357,300ETF沽12月3700,0.0576,0.0,0.0,0.0,20,0.0576,0.058,10,0.0594,0.058,0.058,0.0572,83.0,47850.0,1689
2023-05-11 09:37:50,OP10005357,300ETF沽12月3700,0.0576,0.0,0.0,0.0,10,0.0576,0.058,10,0.0594,0.058,0.058,0.0572,83.0,47850.0,1689
2023-05-11 09:37:50,OP10005357,300ETF沽12月3700,0.0576,0.0,0.0,0.0,20,0.0576,0.058,10,0.0594,0.058,0.058,0.0572,83.0,47850.0,1689
2023-05-11 09:37:51,OP10005357,300ETF沽12月3700,0.0576,0.0,0.0,0.0,30,0.0576,0.0581,10,0.0594,0.058,0.058,0.0572,83.0,47850.0,1689
2023-05-11 09:37:51,OP10005357,300ETF沽12月3700,0.0576,0.0,0.0,0.0,30,0.0576,0.0581,10,0.0594,0.058,0.058,0.0572,83.0,47850.0,1689
2023-05-11 09:37:52,OP10005357,300ETF沽12月3700,0.0576,0.0,0.0,0.0,10,0.0576,0.0581,10,0.0594,0.058,0.058,0.0572,83.0,47850.0,1689
2023-05-11 09:37:52,OP10005357,300ETF沽12月3700,0.0576,0.0,0.0,0.0,10,0.0576,0.0581,10,0.0594,0.058,0.058,0.0572,83.0,47850.0,1689
2023-05-11 09:37:53,OP10005357,300ETF沽12月3700,0.0576,0.0,0.0,0.0,20,0.0576,0.0581,10,0.0594,0.058,0.058,0.0572,83.0,47850.0,1689
2023-05-11 09:37:53,OP10005357,300ETF沽12月3700,0.0576,0.0,0.0,0.0,40,0.0576,0.0581,10,0.0594,0.058,0.058,0.0572,83.0,47850.0,1689
2023-05-11 09:37:55,OP10005357,300ETF沽12月3700,0.0576,0.0,0.0,0.0,40,0.0576,0.0581,10,0.0594,0.058,0.058,0.0572,83.0,47850.0,1689
2023-05-11 09:37:57,OP10005357,300ETF沽12月3700,0.0576,0.0,0.0,0.0,10,0.0576,0.0581,30,0.0594,0.058,0.058,0.0572,83.0,47850.0,1689
2023-05-11 09:37:58,OP10005357,300ETF沽12月3700,0.0576,0.0,0.0,0.0,30,0.0575,0.058,10,0.0594,0.058,0.058,0.0572,83.0,47850.0,1689
2023-05-11 09:37:58,OP10005357,300ETF沽12月3700,0.0576,0.0,0.0,0.0,10,0.0575,0.058,10,0.0594,0.058,0.058,0.0572,83.0,47850.0,1689
2023-05-11 09:37:59,OP10005357,300ETF沽12月3700,0.0576,0.0,0.0,0.0,50,0.0574,0.0579,10,0.0594,0.058,0.058,0.0572,83.0,47850.0,1689
2023-05-11 09:38:00,OP10005357,300ETF沽12月3700,0.0576,0.0,0.0,0.0,70,0.0574,0.0579,10,0.0594,0.058,0.058,0.0572,83.0,47850.0,1689
2023-05-11 09:38:00,OP10005357,300ETF沽12月3700,0.0576,0.0,0.0,0.0,60,0.0574,0.0575,50,0.0594,0.058,0.058,0.0572,83.0,47850.0,1689
2023-05-11 09:38:01,OP10005357,300ETF沽12月3700,0.0576,0.0,0.0,0.0,50,0.0574,0.0575,50,0.0594,0.058,0.058,0.0572,83.0,47850.0,1689
2023-05-11 09:38:02,OP10005357,300ETF沽12月3700,0.0576,0.0,0.0,0.0,20,0.0574,0.0575,50,0.0594,0.058,0.058,0.0572,83.0,47850.0,1689
2023-05-11 09:38:02,OP10005357,300ETF沽12月3700,0.0576,0.0,0.0,0.0,30,0.0573,0.0575,50,0.0594,0.058,0.058,0.0572,83.0,47850.0,1689
2023-05-11 09:38:03,OP10005357,300ETF沽12月3700,0.0576,0.0,0.0,0.0,10,0.0573,0.0575,50,0.0594,0.058,0.058,0.0572,83.0,47850.0,1689
2023-05-11 09:38:04,OP10005357,300ETF沽12月3700,0.0576,0.0,0.0,0.0,30,0.0572,0.0575,50,0.0594,0.058,0.058,0.0572,83.0,47850.0,1689
2023-05-11 09:38:04,OP10005357,300ETF沽12月3700,0.0576,0.0,0.0,0.0,10,0.0572,0.0575,50,0.0594,0.058,0.058,0.0572,83.0,47850.0,1689
2023-05-11 09:38:05,OP10005357,300ETF沽12月3700,0.0576,0.0,0.0,0.0,50,0.0571,0.0575,50,0.0594,0.058,0.058,0.0572,83.0,47850.0,1689
2023-05-11 09:38:05,OP10005357,300ETF沽12月3700,0.0576,0.0,0.0,0.0,40,0.0571,0.0575,60,0.0594,0.058,0.058,0.0572,83.0,47850.0,1689
2023-05-11 09:38:06,OP10005357,300ETF沽12月3700,0.0576,0.0,0.0,0.0,20,0.0571,0.0575,70,0.0594,0.058,0.058,0.0572,83.0,47850.0,1689
2023-05-11 09:38:06,OP10005357,300ETF沽12月3700,0.0576,0.0,0.0,0.0,20,0.0571,0.0575,60,0.0594,0.058,0.058,0.0572,83.0,47850.0,1689
2023-05-11 09:38:07,OP10005357,300ETF沽12月3700,0.0576,0.0,0.0,0.0,20,0.0571,0.0575,60,0.0594,0.058,0.058,0.0572,83.0,47850.0,1689
2023-05-11 09:38:07,OP10005357,300ETF沽12月3700,0.0576,0.0,0.0,0.0,30,0.0571,0.0575,60,0.0594,0.058,0.058,0.0572,83.0,47850.0,1689
2023-05-11 09:38:08,OP10005357,300ETF沽12月3700,0.0576,0.0,0.0,0.0,50,0.0571,0.0575,60,0.0594,0.058,0.058,0.0572,83.0,47850.0,1689
2023-05-11 09:38:09,OP10005357,300ETF沽12月3700,0.0576,0.0,0.0,0.0,20,0.0571,0.0575,60,0.0594,0.058,0.058,0.0572,83.0,47850.0,1689
2023-05-11 09:38:09,OP10005357,300ETF沽12月3700,0.0576,0.0,0.0,0.0,40,0.0571,0.0575,60,0.0594,0.058,0.058,0.0572,83.0,47850.0,1689
2023-05-11 09:38:10,OP10005357,300ETF沽12月3700,0.0576,0.0,0.0,0.0,20,0.0571,0.0575,60,0.0594,0.058,0.058,0.0572,83.0,47850.0,1689
2023-05-11 09:38:11,OP10005357,300ETF沽12月3700,0.0576,0.0,0.0,0.0,10,0.0571,0.0575,60,0.0594,0.058,0.058,0.0572,83.0,47850.0,1689
2023-05-11 09:38:13,OP10005357,300ETF沽12月3700,0.0576,0.0,0.0,0.0,30,0.0571,0.0575,60,0.0594,0.058,0.058,0.0572,83.0,47850.0,1689
2023-05-11 09:38:14,OP10005357,300ETF沽12月3700,0.0576,0.0,0.0,0.0,10,0.0572,0.0575,60,0.0594,0.058,0.058,0.0572,83.0,47850.0,1689
2023-05-11 09:38:14,OP10005357,300ETF沽12月3700,0.0576,0.0,0.0,0.0,10,0.0572,0.0575,60,0.0594,0.058,0.058,0.0572,83.0,47850.0,1689
2023-05-11 09:38:15,OP10005357,300ETF沽12月3700,0.0576,0.0,0.0,0.0,10,0.0573,0.0575,60,0.0594,0.058,0.058,0.0572,83.0,47850.0,1689
2023-05-11 09:38:16,OP10005357,300ETF沽12月3700,0.0576,0.0,0.0,0.0,20,0.0572,0.0575,60,0.0594,0.058,0.058,0.0572,83.0,47850.0,1689
2023-05-11 09:38:16,OP10005357,300ETF沽12月3700,0.0576,0.0,0.0,0.0,20,0.0572,0.0575,60,0.0594,0.058,0.058,0.0572,83.0,47850.0,1689
2023-05-11 09:38:17,OP10005357,300ETF沽12月3700,0.0576,0.0,0.0,0.0,50,0.0572,0.0575,60,0.0594,0.058,0.058,0.0572,83.0,47850.0,1689
2023-05-11 09:38:18,OP10005357,300ETF沽12月3700,0.0576,0.0,0.0,0.0,30,0.0572,0.0575,60,0.0594,0.058,0.058,0.0572,83.0,47850.0,1689
2023-05-11 09:38:19,OP10005357,300ETF沽12月3700,0.0576,0.0,0.0,0.0,40,0.0572,0.0575,60,0.0594,0.058,0.058,0.0572,83.0,47850.0,1689
2023-05-11 09:38:19,OP10005357,300ETF沽12月3700,0.0576,0.0,0.0,0.0,30,0.0572,0.0575,60,0.0594,0.058,0.058,0.0572,83.0,47850.0,1689
2023-05-11 09:38:20,OP10005357,300ETF沽12月3700,0.0576,0.0,0.0,0.0,30,0.0572,0.0575,60,0.0594,0.058,0.058,0.0572,83.0,47850.0,1689
2023-05-11 09:38:24,OP10005357,300ETF沽12月3700,0.0576,0.0,0.0,0.0,10,0.0572,0.0575,60,0.0594,0.058,0.058,0.0572,83.0,47850.0,1689
2023-05-11 09:38:24,OP10005357,300ETF沽12月3700,0.0576,0.0,0.0,0.0,10,0.0572,0.0575,60,0.0594,0.058,0.058,0.0572,83.0,47850.0,1689
2023-05-11 09:38:25,OP10005357,300ETF沽12月3700,0.0575,1.0,575.0,-1.0,10,0.0571,0.0575,69,0.0594,0.058,0.058,0.0572,84.0,48425.0,1688
2023-05-11 09:38:25,OP10005357,300ETF沽12月3700,0.0575,0.0,0.0,0.0,20,0.0571,0.0575,59,0.0594,0.058,0.058,0.0572,84.0,48425.0,1688
2023-05-11 09:38:26,OP10005357,300ETF沽12月3700,0.0575,0.0,0.0,0.0,20,0.0572,0.0575,59,0.0594,0.058,0.058,0.0572,84.0,48425.0,1688
2023-05-11 09:38:26,OP10005357,300ETF沽12月3700,0.0575,0.0,0.0,0.0,40,0.0572,0.0575,59,0.0594,0.058,0.058,0.0572,84.0,48425.0,1688
2023-05-11 09:38:27,OP10005357,300ETF沽12月3700,0.0575,0.0,0.0,0.0,10,0.0573,0.0575,59,0.0594,0.058,0.058,0.0572,84.0,48425.0,1688
2023-05-11 09:38:27,OP10005357,300ETF沽12月3700,0.0575,0.0,0.0,0.0,20,0.0572,0.0575,59,0.0594,0.058,0.058,0.0572,84.0,48425.0,1688
2023-05-11 09:38:28,OP10005357,300ETF沽12月3700,0.0575,0.0,0.0,0.0,40,0.0571,0.0575,59,0.0594,0.058,0.058,0.0572,84.0,48425.0,1688
2023-05-11 09:38:28,OP10005357,300ETF沽12月3700,0.0575,0.0,0.0,0.0,50,0.0571,0.0575,59,0.0594,0.058,0.058,0.0572,84.0,48425.0,1688
2023-05-11 09:38:29,OP10005357,300ETF沽12月3700,0.0575,0.0,0.0,0.0,30,0.0571,0.0575,59,0.0594,0.058,0.058,0.0572,84.0,48425.0,1688
