time,symbol_id,symbol_name,last,trade_volume,trade_amount,open_interest_change,bv1,bp1,ap1,av1,yesterday_close,today_open,today_high,today_low,volume,amount,open_interest
2023-05-09 20:59:00,a2401,a2401,4818.0,2.0,96360.0,-2.0,4,4790.0,4818.0,2,4804.0,4818.0,4818.0,4818.0,2.0,96360.0,5796
2023-05-09 21:00:00,a2401,a2401,4818.0,0.0,0.0,0.0,2,4779.0,4818.0,2,4804.0,4818.0,4818.0,4818.0,2.0,96360.0,5796
2023-05-09 21:00:00,a2401,a2401,4818.0,0.0,0.0,0.0,2,4791.0,4807.0,3,4804.0,4818.0,4818.0,4818.0,2.0,96360.0,5796
2023-05-09 21:00:01,a2401,a2401,4818.0,0.0,0.0,0.0,5,4781.0,4800.0,2,4804.0,4818.0,4818.0,4818.0,2.0,96360.0,5796
2023-05-09 21:00:01,a2401,a2401,4818.0,0.0,0.0,0.0,2,4783.0,4799.0,1,4804.0,4818.0,4818.0,4818.0,2.0,96360.0,5796
2023-05-09 21:00:02,a2401,a2401,4818.0,0.0,0.0,0.0,5,4784.0,4799.0,1,4804.0,4818.0,4818.0,4818.0,2.0,96360.0,5796
2023-05-09 21:00:02,a2401,a2401,4818.0,0.0,0.0,0.0,5,4786.0,4799.0,1,4804.0,4818.0,4818.0,4818.0,2.0,96360.0,5796
2023-05-09 21:00:03,a2401,a2401,4818.0,0.0,0.0,0.0,2,4791.0,4799.0,1,4804.0,4818.0,4818.0,4818.0,2.0,96360.0,5796
2023-05-09 21:00:03,a2401,a2401,4818.0,0.0,0.0,0.0,2,4788.0,4799.0,2,4804.0,4818.0,4818.0,4818.0,2.0,96360.0,5796
2023-05-09 21:00:04,a2401,a2401,4818.0,0.0,0.0,0.0,2,4789.0,4799.0,1,4804.0,4818.0,4818.0,4818.0,2.0,96360.0,5796
2023-05-09 21:00:05,a2401,a2401,4818.0,0.0,0.0,0.0,1,4789.0,4799.0,1,4804.0,4818.0,4818.0,4818.0,2.0,96360.0,5796
2023-05-09 21:00:05,a2401,a2401,4818.0,0.0,0.0,0.0,1,4789.0,4799.0,2,4804.0,4818.0,4818.0,4818.0,2.0,96360.0,5796
2023-05-09 21:00:06,a2401,a2401,4818.0,0.0,0.0,0.0,2,4789.0,4799.0,2,4804.0,4818.0,4818.0,4818.0,2.0,96360.0,5796
2023-05-09 21:00:06,a2401,a2401,4818.0,0.0,0.0,0.0,2,4789.0,4799.0,1,4804.0,4818.0,4818.0,4818.0,2.0,96360.0,5796
2023-05-09 21:00:07,a2401,a2401,4818.0,0.0,0.0,0.0,2,4789.0,4799.0,7,4804.0,4818.0,4818.0,4818.0,2.0,96360.0,5796
2023-05-09 21:00:07,a2401,a2401,4818.0,0.0,0.0,0.0,1,4789.0,4799.0,7,4804.0,4818.0,4818.0,4818.0,2.0,96360.0,5796
2023-05-09 21:00:08,a2401,a2401,4818.0,0.0,0.0,0.0,5,4786.0,4799.0,2,4804.0,4818.0,4818.0,4818.0,2.0,96360.0,5796
2023-05-09 21:00:09,a2401,a2401,4818.0,0.0,0.0,0.0,1,4787.0,4795.0,1,4804.0,4818.0,4818.0,4818.0,2.0,96360.0,5796
2023-05-09 21:00:09,a2401,a2401,4818.0,0.0,0.0,0.0,5,4786.0,4793.0,1,4804.0,4818.0,4818.0,4818.0,2.0,96360.0,5796
2023-05-09 21:00:10,a2401,a2401,4818.0,0.0,0.0,0.0,7,4784.0,4792.0,1,4804.0,4818.0,4818.0,4818.0,2.0,96360.0,5796
2023-05-09 21:00:10,a2401,a2401,4818.0,0.0,0.0,0.0,2,4784.0,4792.0,2,4804.0,4818.0,4818.0,4818.0,2.0,96360.0,5796
2023-05-09 21:00:11,a2401,a2401,4818.0,0.0,0.0,0.0,2,4784.0,4792.0,3,4804.0,4818.0,4818.0,4818.0,2.0,96360.0,5796
2023-05-09 21:00:12,a2401,a2401,4818.0,0.0,0.0,0.0,2,4784.0,4792.0,2,4804.0,4818.0,4818.0,4818.0,2.0,96360.0,5796
2023-05-09 21:00:12,a2401,a2401,4818.0,0.0,0.0,0.0,2,4784.0,4792.0,1,4804.0,4818.0,4818.0,4818.0,2.0,96360.0,5796
2023-05-09 21:00:13,a2401,a2401,4818.0,0.0,0.0,0.0,2,4784.0,4792.0,2,4804.0,4818.0,4818.0,4818.0,2.0,96360.0,5796
2023-05-09 21:00:13,a2401,a2401,4818.0,0.0,0.0,0.0,2,4784.0,4792.0,1,4804.0,4818.0,4818.0,4818.0,2.0,96360.0,5796
2023-05-09 21:00:14,a2401,a2401,4818.0,0.0,0.0,0.0,7,4782.0,4791.0,1,4804.0,4818.0,4818.0,4818.0,2.0,96360.0,5796
2023-05-09 21:00:14,a2401,a2401,4818.0,0.0,0.0,0.0,12,4782.0,4790.0,1,4804.0,4818.0,4818.0,4818.0,2.0,96360.0,5796
2023-05-09 21:00:15,a2401,a2401,4818.0,0.0,0.0,0.0,12,4782.0,4791.0,1,4804.0,4818.0,4818.0,4818.0,2.0,96360.0,5796
2023-05-09 21:00:17,a2401,a2401,4818.0,0.0,0.0,0.0,5,4783.0,4791.0,1,4804.0,4818.0,4818.0,4818.0,2.0,96360.0,5796
2023-05-09 21:00:17,a2401,a2401,4818.0,0.0,0.0,0.0,10,4785.0,4792.0,1,4804.0,4818.0,4818.0,4818.0,2.0,96360.0,5796
2023-05-09 21:00:18,a2401,a2401,4818.0,0.0,0.0,0.0,1,4786.0,4792.0,1,4804.0,4818.0,4818.0,4818.0,2.0,96360.0,5796
2023-05-09 21:00:18,a2401,a2401,4818.0,0.0,0.0,0.0,1,4786.0,4793.0,1,4804.0,4818.0,4818.0,4818.0,2.0,96360.0,5796
2023-05-09 21:00:19,a2401,a2401,4818.0,0.0,0.0,0.0,1,4786.0,4794.0,1,4804.0,4818.0,4818.0,4818.0,2.0,96360.0,5796
2023-05-09 21:00:20,a2401,a2401,4818.0,0.0,0.0,0.0,5,4784.0,4794.0,2,4804.0,4818.0,4818.0,4818.0,2.0,96360.0,5796
2023-05-09 21:00:20,a2401,a2401,4818.0,0.0,0.0,0.0,12,4784.0,4794.0,1,4804.0,4818.0,4818.0,4818.0,2.0,96360.0,5796
2023-05-09 21:00:21,a2401,a2401,4818.0,0.0,0.0,0.0,5,4784.0,4794.0,2,4804.0,4818.0,4818.0,4818.0,2.0,96360.0,5796
2023-05-09 21:00:21,a2401,a2401,4818.0,0.0,0.0,0.0,5,4784.0,4793.0,1,4804.0,4818.0,4818.0,4818.0,2.0,96360.0,5796
2023-05-09 21:00:22,a2401,a2401,4818.0,0.0,0.0,0.0,5,4784.0,4792.0,1,4804.0,4818.0,4818.0,4818.0,2.0,96360.0,5796
2023-05-09 21:00:22,a2401,a2401,4818.0,0.0,0.0,0.0,8,4784.0,4792.0,1,4804.0,4818.0,4818.0,4818.0,2.0,96360.0,5796
2023-05-09 21:00:23,a2401,a2401,4818.0,0.0,0.0,0.0,19,4784.0,4792.0,1,4804.0,4818.0,4818.0,4818.0,2.0,96360.0,5796
2023-05-09 21:00:23,a2401,a2401,4818.0,0.0,0.0,0.0,7,4785.0,4792.0,1,4804.0,4818.0,4818.0,4818.0,2.0,96360.0,5796
2023-05-09 21:00:24,a2401,a2401,4818.0,0.0,0.0,0.0,6,4785.0,4792.0,1,4804.0,4818.0,4818.0,4818.0,2.0,96360.0,5796
2023-05-09 21:00:24,a2401,a2401,4818.0,0.0,0.0,0.0,6,4785.0,4792.0,2,4804.0,4818.0,4818.0,4818.0,2.0,96360.0,5796
2023-05-09 21:00:25,a2401,a2401,4818.0,0.0,0.0,0.0,6,4785.0,4792.0,1,4804.0,4818.0,4818.0,4818.0,2.0,96360.0,5796
2023-05-09 21:00:25,a2401,a2401,4818.0,0.0,0.0,0.0,10,4783.0,4792.0,1,4804.0,4818.0,4818.0,4818.0,2.0,96360.0,5796
2023-05-09 21:00:26,a2401,a2401,4818.0,0.0,0.0,0.0,5,4784.0,4792.0,2,4804.0,4818.0,4818.0,4818.0,2.0,96360.0,5796
2023-05-09 21:00:29,a2401,a2401,4818.0,0.0,0.0,0.0,1,4782.0,4792.0,2,4804.0,4818.0,4818.0,4818.0,2.0,96360.0,5796
2023-05-09 21:00:29,a2401,a2401,4818.0,0.0,0.0,0.0,5,4783.0,4791.0,1,4804.0,4818.0,4818.0,4818.0,2.0,96360.0,5796
2023-05-09 21:00:30,a2401,a2401,4818.0,0.0,0.0,0.0,5,4783.0,4790.0,2,4804.0,4818.0,4818.0,4818.0,2.0,96360.0,5796
2023-05-09 21:00:31,a2401,a2401,4818.0,0.0,0.0,0.0,6,4782.0,4790.0,2,4804.0,4818.0,4818.0,4818.0,2.0,96360.0,5796
2023-05-09 21:00:31,a2401,a2401,4818.0,0.0,0.0,0.0,1,4782.0,4790.0,4,4804.0,4818.0,4818.0,4818.0,2.0,96360.0,5796
2023-05-09 21:00:32,a2401,a2401,4818.0,0.0,0.0,0.0,1,4782.0,4788.0,1,4804.0,4818.0,4818.0,4818.0,2.0,96360.0,5796
2023-05-09 21:00:33,a2401,a2401,4818.0,0.0,0.0,0.0,1,4782.0,4787.0,1,4804.0,4818.0,4818.0,4818.0,2.0,96360.0,5796
2023-05-09 21:00:33,a2401,a2401,4782.0,1.0,47820.0,0.0,1,4780.0,4787.0,1,4804.0,4818.0,4818.0,4782.0,3.0,144180.0,5796
2023-05-09 21:00:34,a2401,a2401,4777.0,4.0,191170.0,-2.0,3,4773.0,4786.0,2,4804.0,4818.0,4818.0,4777.0,7.0,335350.0,5794
2023-05-09 21:00:34,a2401,a2401,4777.0,0.0,0.0,0.0,7,4775.0,4785.0,3,4804.0,4818.0,4818.0,4777.0,7.0,335350.0,5794
2023-05-09 21:00:35,a2401,a2401,4777.0,0.0,0.0,0.0,8,4775.0,4784.0,2,4804.0,4818.0,4818.0,4777.0,7.0,335350.0,5794
2023-05-09 21:00:35,a2401,a2401,4777.0,0.0,0.0,0.0,3,4775.0,4783.0,1,4804.0,4818.0,4818.0,4777.0,7.0,335350.0,5794
2023-05-09 21:00:36,a2401,a2401,4777.0,0.0,0.0,0.0,2,4775.0,4783.0,2,4804.0,4818.0,4818.0,4777.0,7.0,335350.0,5794
2023-05-09 21:00:37,a2401,a2401,4777.0,0.0,0.0,0.0,6,4773.0,4782.0,2,4804.0,4818.0,4818.0,4777.0,7.0,335350.0,5794
2023-05-09 21:00:37,a2401,a2401,4777.0,0.0,0.0,0.0,1,4774.0,4781.0,1,4804.0,4818.0,4818.0,4777.0,7.0,335350.0,5794
2023-05-09 21:00:38,a2401,a2401,4777.0,0.0,0.0,0.0,6,4771.0,4781.0,2,4804.0,4818.0,4818.0,4777.0,7.0,335350.0,5794
2023-05-09 21:00:39,a2401,a2401,4777.0,0.0,0.0,0.0,5,4771.0,4780.0,2,4804.0,4818.0,4818.0,4777.0,7.0,335350.0,5794
2023-05-09 21:00:39,a2401,a2401,4777.0,0.0,0.0,0.0,5,4771.0,4778.0,2,4804.0,4818.0,4818.0,4777.0,7.0,335350.0,5794
2023-05-09 21:00:40,a2401,a2401,4777.0,0.0,0.0,0.0,5,4771.0,4777.0,3,4804.0,4818.0,4818.0,4777.0,7.0,335350.0,5794
2023-05-09 21:00:40,a2401,a2401,4777.0,0.0,0.0,0.0,5,4771.0,4777.0,1,4804.0,4818.0,4818.0,4777.0,7.0,335350.0,5794
2023-05-09 21:00:41,a2401,a2401,4777.0,0.0,0.0,0.0,9,4771.0,4777.0,1,4804.0,4818.0,4818.0,4777.0,7.0,335350.0,5794
2023-05-09 21:00:41,a2401,a2401,4771.0,10.0,477110.0,5.0,11,4770.0,4777.0,1,4804.0,4818.0,4818.0,4771.0,17.0,812460.0,5799
2023-05-09 21:00:42,a2401,a2401,4771.0,1.0,47710.0,0.0,3,4771.0,4778.0,3,4804.0,4818.0,4818.0,4771.0,18.0,860170.0,5799
2023-05-09 21:00:42,a2401,a2401,4771.0,0.0,0.0,0.0,8,4771.0,4778.0,3,4804.0,4818.0,4818.0,4771.0,18.0,860170.0,5799
2023-05-09 21:00:43,a2401,a2401,4771.0,0.0,0.0,0.0,9,4771.0,4778.0,3,4804.0,4818.0,4818.0,4771.0,18.0,860170.0,5799
2023-05-09 21:00:43,a2401,a2401,4771.0,0.0,0.0,0.0,1,4772.0,4778.0,3,4804.0,4818.0,4818.0,4771.0,18.0,860170.0,5799
2023-05-09 21:00:44,a2401,a2401,4771.0,0.0,0.0,0.0,17,4772.0,4779.0,3,4804.0,4818.0,4818.0,4771.0,18.0,860170.0,5799
2023-05-09 21:00:44,a2401,a2401,4771.0,0.0,0.0,0.0,1,4774.0,4779.0,3,4804.0,4818.0,4818.0,4771.0,18.0,860170.0,5799
2023-05-09 21:00:45,a2401,a2401,4771.0,0.0,0.0,0.0,1,4774.0,4779.0,1,4804.0,4818.0,4818.0,4771.0,18.0,860170.0,5799
2023-05-09 21:00:45,a2401,a2401,4771.0,0.0,0.0,0.0,1,4774.0,4781.0,3,4804.0,4818.0,4818.0,4771.0,18.0,860170.0,5799
2023-05-09 21:00:46,a2401,a2401,4771.0,0.0,0.0,0.0,7,4774.0,4781.0,3,4804.0,4818.0,4818.0,4771.0,18.0,860170.0,5799
2023-05-09 21:00:46,a2401,a2401,4771.0,0.0,0.0,0.0,8,4774.0,4781.0,3,4804.0,4818.0,4818.0,4771.0,18.0,860170.0,5799
2023-05-09 21:00:47,a2401,a2401,4771.0,0.0,0.0,0.0,1,4775.0,4781.0,3,4804.0,4818.0,4818.0,4771.0,18.0,860170.0,5799
2023-05-09 21:00:47,a2401,a2401,4781.0,3.0,143430.0,3.0,3,4776.0,4786.0,1,4804.0,4818.0,4818.0,4771.0,21.0,1003600.0,5802
2023-05-09 21:00:48,a2401,a2401,4781.0,0.0,0.0,0.0,3,4776.0,4786.0,7,4804.0,4818.0,4818.0,4771.0,21.0,1003600.0,5802
2023-05-09 21:00:48,a2401,a2401,4781.0,0.0,0.0,0.0,3,4776.0,4786.0,6,4804.0,4818.0,4818.0,4771.0,21.0,1003600.0,5802
2023-05-09 21:00:49,a2401,a2401,4781.0,0.0,0.0,0.0,3,4776.0,4786.0,5,4804.0,4818.0,4818.0,4771.0,21.0,1003600.0,5802
2023-05-09 21:00:49,a2401,a2401,4781.0,0.0,0.0,0.0,7,4777.0,4786.0,6,4804.0,4818.0,4818.0,4771.0,21.0,1003600.0,5802
2023-05-09 21:00:50,a2401,a2401,4781.0,0.0,0.0,0.0,12,4777.0,4786.0,6,4804.0,4818.0,4818.0,4771.0,21.0,1003600.0,5802
2023-05-09 21:00:50,a2401,a2401,4781.0,0.0,0.0,0.0,6,4778.0,4786.0,6,4804.0,4818.0,4818.0,4771.0,21.0,1003600.0,5802
2023-05-09 21:00:50,a2401,a2401,4781.0,0.0,0.0,0.0,5,4778.0,4786.0,6,4804.0,4818.0,4818.0,4771.0,21.0,1003600.0,5802
2023-05-09 21:00:52,a2401,a2401,4781.0,0.0,0.0,0.0,5,4778.0,4786.0,5,4804.0,4818.0,4818.0,4771.0,21.0,1003600.0,5802
2023-05-09 21:00:53,a2401,a2401,4781.0,0.0,0.0,0.0,14,4778.0,4788.0,1,4804.0,4818.0,4818.0,4771.0,21.0,1003600.0,5802
2023-05-09 21:00:53,a2401,a2401,4781.0,0.0,0.0,0.0,14,4778.0,4788.0,2,4804.0,4818.0,4818.0,4771.0,21.0,1003600.0,5802
2023-05-09 21:00:54,a2401,a2401,4781.0,0.0,0.0,0.0,14,4778.0,4790.0,2,4804.0,4818.0,4818.0,4771.0,21.0,1003600.0,5802
2023-05-09 21:00:55,a2401,a2401,4781.0,0.0,0.0,0.0,3,4779.0,4790.0,4,4804.0,4818.0,4818.0,4771.0,21.0,1003600.0,5802
2023-05-09 21:00:55,a2401,a2401,4781.0,0.0,0.0,0.0,9,4779.0,4790.0,2,4804.0,4818.0,4818.0,4771.0,21.0,1003600.0,5802
2023-05-09 21:00:55,a2401,a2401,4781.0,0.0,0.0,0.0,20,4779.0,4790.0,2,4804.0,4818.0,4818.0,4771.0,21.0,1003600.0,5802
2023-05-09 21:00:56,a2401,a2401,4781.0,0.0,0.0,0.0,2,4780.0,4789.0,1,4804.0,4818.0,4818.0,4771.0,21.0,1003600.0,5802
2023-05-09 21:00:57,a2401,a2401,4781.0,0.0,0.0,0.0,8,4780.0,4789.0,1,4804.0,4818.0,4818.0,4771.0,21.0,1003600.0,5802
2023-05-09 21:00:57,a2401,a2401,4781.0,0.0,0.0,0.0,7,4780.0,4789.0,1,4804.0,4818.0,4818.0,4771.0,21.0,1003600.0,5802
2023-05-09 21:00:59,a2401,a2401,4781.0,0.0,0.0,0.0,5,4776.0,4789.0,6,4804.0,4818.0,4818.0,4771.0,21.0,1003600.0,5802
2023-05-09 21:00:59,a2401,a2401,4781.0,0.0,0.0,0.0,9,4779.0,4789.0,5,4804.0,4818.0,4818.0,4771.0,21.0,1003600.0,5802
2023-05-09 21:01:00,a2401,a2401,4781.0,0.0,0.0,0.0,4,4780.0,4789.0,5,4804.0,4818.0,4818.0,4771.0,21.0,1003600.0,5802
2023-05-09 21:01:00,a2401,a2401,4781.0,0.0,0.0,0.0,3,4780.0,4789.0,5,4804.0,4818.0,4818.0,4771.0,21.0,1003600.0,5802
2023-05-09 21:01:01,a2401,a2401,4780.0,1.0,47800.0,1.0,4,4778.0,4789.0,5,4804.0,4818.0,4818.0,4771.0,22.0,1051400.0,5803
2023-05-09 21:01:01,a2401,a2401,4780.0,0.0,0.0,0.0,10,4778.0,4789.0,7,4804.0,4818.0,4818.0,4771.0,22.0,1051400.0,5803
2023-05-09 21:01:02,a2401,a2401,4780.0,0.0,0.0,0.0,8,4778.0,4788.0,1,4804.0,4818.0,4818.0,4771.0,22.0,1051400.0,5803
2023-05-09 21:01:02,a2401,a2401,4780.0,0.0,0.0,0.0,4,4775.0,4786.0,1,4804.0,4818.0,4818.0,4771.0,22.0,1051400.0,5803
2023-05-09 21:01:03,a2401,a2401,4780.0,0.0,0.0,0.0,8,4775.0,4786.0,2,4804.0,4818.0,4818.0,4771.0,22.0,1051400.0,5803
2023-05-09 21:01:03,a2401,a2401,4780.0,0.0,0.0,0.0,10,4775.0,4786.0,3,4804.0,4818.0,4818.0,4771.0,22.0,1051400.0,5803
2023-05-09 21:01:04,a2401,a2401,4780.0,0.0,0.0,0.0,1,4775.0,4784.0,1,4804.0,4818.0,4818.0,4771.0,22.0,1051400.0,5803
2023-05-09 21:01:04,a2401,a2401,4780.0,0.0,0.0,0.0,2,4776.0,4786.0,1,4804.0,4818.0,4818.0,4771.0,22.0,1051400.0,5803
2023-05-09 21:01:05,a2401,a2401,4780.0,0.0,0.0,0.0,9,4775.0,4785.0,1,4804.0,4818.0,4818.0,4771.0,22.0,1051400.0,5803
2023-05-09 21:01:05,a2401,a2401,4780.0,0.0,0.0,0.0,16,4775.0,4785.0,1,4804.0,4818.0,4818.0,4771.0,22.0,1051400.0,5803
2023-05-09 21:01:06,a2401,a2401,4780.0,0.0,0.0,0.0,9,4775.0,4785.0,1,4804.0,4818.0,4818.0,4771.0,22.0,1051400.0,5803
2023-05-09 21:01:06,a2401,a2401,4780.0,0.0,0.0,0.0,7,4775.0,4785.0,3,4804.0,4818.0,4818.0,4771.0,22.0,1051400.0,5803
2023-05-09 21:01:07,a2401,a2401,4780.0,0.0,0.0,0.0,2,4775.0,4784.0,1,4804.0,4818.0,4818.0,4771.0,22.0,1051400.0,5803
2023-05-09 21:01:07,a2401,a2401,4780.0,0.0,0.0,0.0,2,4775.0,4783.0,1,4804.0,4818.0,4818.0,4771.0,22.0,1051400.0,5803
2023-05-09 21:01:09,a2401,a2401,4780.0,0.0,0.0,0.0,8,4771.0,4781.0,1,4804.0,4818.0,4818.0,4771.0,22.0,1051400.0,5803
2023-05-09 21:01:10,a2401,a2401,4780.0,0.0,0.0,0.0,1,4772.0,4781.0,1,4804.0,4818.0,4818.0,4771.0,22.0,1051400.0,5803
2023-05-09 21:01:10,a2401,a2401,4780.0,0.0,0.0,0.0,3,4770.0,4779.0,1,4804.0,4818.0,4818.0,4771.0,22.0,1051400.0,5803
2023-05-09 21:01:11,a2401,a2401,4780.0,0.0,0.0,0.0,3,4770.0,4779.0,2,4804.0,4818.0,4818.0,4771.0,22.0,1051400.0,5803
2023-05-09 21:01:12,a2401,a2401,4780.0,0.0,0.0,0.0,3,4770.0,4778.0,1,4804.0,4818.0,4818.0,4771.0,22.0,1051400.0,5803
2023-05-09 21:01:12,a2401,a2401,4780.0,1.0,47800.0,-1.0,3,4770.0,4778.0,1,4804.0,4818.0,4818.0,4771.0,23.0,1099200.0,5802
2023-05-09 21:01:13,a2401,a2401,4780.0,2.0,95600.0,1.0,4,4770.0,4778.0,1,4804.0,4818.0,4818.0,4771.0,25.0,1194800.0,5803
2023-05-09 21:01:13,a2401,a2401,4780.0,0.0,0.0,0.0,4,4770.0,4778.0,2,4804.0,4818.0,4818.0,4771.0,25.0,1194800.0,5803
2023-05-09 21:01:14,a2401,a2401,4780.0,0.0,0.0,0.0,1,4771.0,4778.0,2,4804.0,4818.0,4818.0,4771.0,25.0,1194800.0,5803
2023-05-09 21:01:14,a2401,a2401,4780.0,0.0,0.0,0.0,1,4772.0,4778.0,2,4804.0,4818.0,4818.0,4771.0,25.0,1194800.0,5803
2023-05-09 21:01:15,a2401,a2401,4778.0,1.0,47780.0,0.0,1,4772.0,4779.0,1,4804.0,4818.0,4818.0,4771.0,26.0,1242580.0,5803
2023-05-09 21:01:15,a2401,a2401,4778.0,0.0,0.0,0.0,1,4775.0,4781.0,1,4804.0,4818.0,4818.0,4771.0,26.0,1242580.0,5803
2023-05-09 21:01:16,a2401,a2401,4778.0,0.0,0.0,0.0,1,4776.0,4783.0,1,4804.0,4818.0,4818.0,4771.0,26.0,1242580.0,5803
2023-05-09 21:01:16,a2401,a2401,4778.0,0.0,0.0,0.0,1,4778.0,4789.0,4,4804.0,4818.0,4818.0,4771.0,26.0,1242580.0,5803
2023-05-09 21:01:17,a2401,a2401,4778.0,0.0,0.0,0.0,2,4772.0,4784.0,1,4804.0,4818.0,4818.0,4771.0,26.0,1242580.0,5803
2023-05-09 21:01:17,a2401,a2401,4778.0,0.0,0.0,0.0,1,4778.0,4789.0,9,4804.0,4818.0,4818.0,4771.0,26.0,1242580.0,5803
2023-05-09 21:01:18,a2401,a2401,4778.0,0.0,0.0,0.0,1,4779.0,4789.0,9,4804.0,4818.0,4818.0,4771.0,26.0,1242580.0,5803
2023-05-09 21:01:18,a2401,a2401,4778.0,0.0,0.0,0.0,1,4778.0,4789.0,10,4804.0,4818.0,4818.0,4771.0,26.0,1242580.0,5803
2023-05-09 21:01:19,a2401,a2401,4778.0,0.0,0.0,0.0,1,4778.0,4785.0,1,4804.0,4818.0,4818.0,4771.0,26.0,1242580.0,5803
2023-05-09 21:01:19,a2401,a2401,4778.0,0.0,0.0,0.0,1,4780.0,4789.0,10,4804.0,4818.0,4818.0,4771.0,26.0,1242580.0,5803
2023-05-09 21:01:20,a2401,a2401,4778.0,0.0,0.0,0.0,1,4779.0,4787.0,1,4804.0,4818.0,4818.0,4771.0,26.0,1242580.0,5803
2023-05-09 21:01:22,a2401,a2401,4778.0,0.0,0.0,0.0,1,4779.0,4787.0,2,4804.0,4818.0,4818.0,4771.0,26.0,1242580.0,5803
2023-05-09 21:01:24,a2401,a2401,4778.0,0.0,0.0,0.0,6,4779.0,4787.0,2,4804.0,4818.0,4818.0,4771.0,26.0,1242580.0,5803
2023-05-09 21:01:24,a2401,a2401,4778.0,0.0,0.0,0.0,1,4780.0,4787.0,2,4804.0,4818.0,4818.0,4771.0,26.0,1242580.0,5803
2023-05-09 21:01:25,a2401,a2401,4778.0,0.0,0.0,0.0,1,4780.0,4787.0,1,4804.0,4818.0,4818.0,4771.0,26.0,1242580.0,5803
2023-05-09 21:01:26,a2401,a2401,4778.0,0.0,0.0,0.0,10,4779.0,4787.0,1,4804.0,4818.0,4818.0,4771.0,26.0,1242580.0,5803
2023-05-09 21:01:26,a2401,a2401,4778.0,0.0,0.0,0.0,1,4780.0,4787.0,1,4804.0,4818.0,4818.0,4771.0,26.0,1242580.0,5803
2023-05-09 21:01:29,a2401,a2401,4778.0,0.0,0.0,0.0,10,4779.0,4787.0,1,4804.0,4818.0,4818.0,4771.0,26.0,1242580.0,5803
2023-05-09 21:01:29,a2401,a2401,4778.0,0.0,0.0,0.0,10,4779.0,4787.0,2,4804.0,4818.0,4818.0,4771.0,26.0,1242580.0,5803
2023-05-09 21:01:29,a2401,a2401,4778.0,0.0,0.0,0.0,11,4779.0,4787.0,2,4804.0,4818.0,4818.0,4771.0,26.0,1242580.0,5803
2023-05-09 21:01:31,a2401,a2401,4778.0,0.0,0.0,0.0,10,4779.0,4787.0,2,4804.0,4818.0,4818.0,4771.0,26.0,1242580.0,5803
2023-05-09 21:01:32,a2401,a2401,4778.0,0.0,0.0,0.0,1,4781.0,4787.0,1,4804.0,4818.0,4818.0,4771.0,26.0,1242580.0,5803
2023-05-09 21:01:33,a2401,a2401,4778.0,0.0,0.0,0.0,10,4779.0,4787.0,1,4804.0,4818.0,4818.0,4771.0,26.0,1242580.0,5803
2023-05-09 21:01:34,a2401,a2401,4778.0,0.0,0.0,0.0,1,4781.0,4787.0,1,4804.0,4818.0,4818.0,4771.0,26.0,1242580.0,5803
2023-05-09 21:01:34,a2401,a2401,4778.0,0.0,0.0,0.0,10,4779.0,4787.0,1,4804.0,4818.0,4818.0,4771.0,26.0,1242580.0,5803
2023-05-09 21:01:35,a2401,a2401,4778.0,0.0,0.0,0.0,11,4779.0,4787.0,1,4804.0,4818.0,4818.0,4771.0,26.0,1242580.0,5803
2023-05-09 21:01:35,a2401,a2401,4778.0,0.0,0.0,0.0,1,4780.0,4787.0,1,4804.0,4818.0,4818.0,4771.0,26.0,1242580.0,5803
2023-05-09 21:01:36,a2401,a2401,4778.0,0.0,0.0,0.0,11,4779.0,4787.0,2,4804.0,4818.0,4818.0,4771.0,26.0,1242580.0,5803
2023-05-09 21:01:37,a2401,a2401,4778.0,0.0,0.0,0.0,10,4779.0,4787.0,3,4804.0,4818.0,4818.0,4771.0,26.0,1242580.0,5803
2023-05-09 21:01:38,a2401,a2401,4778.0,0.0,0.0,0.0,11,4779.0,4787.0,2,4804.0,4818.0,4818.0,4771.0,26.0,1242580.0,5803
2023-05-09 21:01:39,a2401,a2401,4778.0,0.0,0.0,0.0,1,4780.0,4787.0,2,4804.0,4818.0,4818.0,4771.0,26.0,1242580.0,5803
2023-05-09 21:01:40,a2401,a2401,4778.0,0.0,0.0,0.0,11,4779.0,4787.0,1,4804.0,4818.0,4818.0,4771.0,26.0,1242580.0,5803
2023-05-09 21:01:41,a2401,a2401,4778.0,0.0,0.0,0.0,1,4780.0,4787.0,1,4804.0,4818.0,4818.0,4771.0,26.0,1242580.0,5803
2023-05-09 21:01:42,a2401,a2401,4778.0,0.0,0.0,0.0,1,4781.0,4787.0,1,4804.0,4818.0,4818.0,4771.0,26.0,1242580.0,5803
2023-05-09 21:01:43,a2401,a2401,4778.0,0.0,0.0,0.0,1,4782.0,4789.0,5,4804.0,4818.0,4818.0,4771.0,26.0,1242580.0,5803
2023-05-09 21:01:43,a2401,a2401,4778.0,0.0,0.0,0.0,1,4782.0,4788.0,1,4804.0,4818.0,4818.0,4771.0,26.0,1242580.0,5803
2023-05-09 21:01:44,a2401,a2401,4778.0,0.0,0.0,0.0,1,4782.0,4789.0,6,4804.0,4818.0,4818.0,4771.0,26.0,1242580.0,5803
2023-05-09 21:01:44,a2401,a2401,4778.0,0.0,0.0,0.0,1,4783.0,4789.0,6,4804.0,4818.0,4818.0,4771.0,26.0,1242580.0,5803
2023-05-09 21:01:45,a2401,a2401,4778.0,0.0,0.0,0.0,1,4783.0,4789.0,5,4804.0,4818.0,4818.0,4771.0,26.0,1242580.0,5803
2023-05-09 21:01:48,a2401,a2401,4778.0,0.0,0.0,0.0,10,4779.0,4789.0,5,4804.0,4818.0,4818.0,4771.0,26.0,1242580.0,5803
2023-05-09 21:01:48,a2401,a2401,4778.0,0.0,0.0,0.0,1,4782.0,4789.0,6,4804.0,4818.0,4818.0,4771.0,26.0,1242580.0,5803
2023-05-09 21:01:49,a2401,a2401,4778.0,0.0,0.0,0.0,1,4782.0,4789.0,7,4804.0,4818.0,4818.0,4771.0,26.0,1242580.0,5803
2023-05-09 21:01:50,a2401,a2401,4778.0,0.0,0.0,0.0,1,4782.0,4789.0,6,4804.0,4818.0,4818.0,4771.0,26.0,1242580.0,5803
2023-05-09 21:01:52,a2401,a2401,4778.0,0.0,0.0,0.0,1,4782.0,4788.0,1,4804.0,4818.0,4818.0,4771.0,26.0,1242580.0,5803
2023-05-09 21:01:52,a2401,a2401,4778.0,0.0,0.0,0.0,15,4779.0,4788.0,2,4804.0,4818.0,4818.0,4771.0,26.0,1242580.0,5803
2023-05-09 21:01:53,a2401,a2401,4778.0,0.0,0.0,0.0,1,4780.0,4788.0,2,4804.0,4818.0,4818.0,4771.0,26.0,1242580.0,5803
2023-05-09 21:01:53,a2401,a2401,4778.0,0.0,0.0,0.0,11,4779.0,4788.0,2,4804.0,4818.0,4818.0,4771.0,26.0,1242580.0,5803
2023-05-09 21:01:54,a2401,a2401,4778.0,0.0,0.0,0.0,10,4779.0,4787.0,2,4804.0,4818.0,4818.0,4771.0,26.0,1242580.0,5803
2023-05-09 21:01:54,a2401,a2401,4778.0,0.0,0.0,0.0,11,4779.0,4787.0,2,4804.0,4818.0,4818.0,4771.0,26.0,1242580.0,5803
2023-05-09 21:01:58,a2401,a2401,4778.0,0.0,0.0,0.0,1,4780.0,4787.0,2,4804.0,4818.0,4818.0,4771.0,26.0,1242580.0,5803
2023-05-09 21:01:58,a2401,a2401,4778.0,0.0,0.0,0.0,11,4779.0,4787.0,2,4804.0,4818.0,4818.0,4771.0,26.0,1242580.0,5803
2023-05-09 21:01:59,a2401,a2401,4778.0,0.0,0.0,0.0,11,4779.0,4786.0,1,4804.0,4818.0,4818.0,4771.0,26.0,1242580.0,5803
2023-05-09 21:01:59,a2401,a2401,4778.0,0.0,0.0,0.0,11,4779.0,4786.0,2,4804.0,4818.0,4818.0,4771.0,26.0,1242580.0,5803
2023-05-09 21:02:01,a2401,a2401,4779.0,1.0,47790.0,0.0,9,4779.0,4786.0,3,4804.0,4818.0,4818.0,4771.0,27.0,1290370.0,5803
2023-05-09 21:02:03,a2401,a2401,4779.0,1.0,47790.0,0.0,8,4779.0,4786.0,3,4804.0,4818.0,4818.0,4771.0,28.0,1338160.0,5803
2023-05-09 21:02:05,a2401,a2401,4779.0,1.0,47790.0,1.0,7,4779.0,4786.0,3,4804.0,4818.0,4818.0,4771.0,29.0,1385950.0,5804
2023-05-09 21:02:06,a2401,a2401,4779.0,0.0,0.0,0.0,7,4779.0,4786.0,8,4804.0,4818.0,4818.0,4771.0,29.0,1385950.0,5804
2023-05-09 21:02:07,a2401,a2401,4779.0,0.0,0.0,0.0,7,4779.0,4782.0,1,4804.0,4818.0,4818.0,4771.0,29.0,1385950.0,5804
2023-05-09 21:02:07,a2401,a2401,4782.0,1.0,47820.0,0.0,7,4779.0,4785.0,5,4804.0,4818.0,4818.0,4771.0,30.0,1433770.0,5804
2023-05-09 21:02:08,a2401,a2401,4782.0,0.0,0.0,0.0,7,4779.0,4782.0,1,4804.0,4818.0,4818.0,4771.0,30.0,1433770.0,5804
2023-05-09 21:02:08,a2401,a2401,4782.0,0.0,0.0,0.0,7,4779.0,4783.0,1,4804.0,4818.0,4818.0,4771.0,30.0,1433770.0,5804
2023-05-09 21:02:08,a2401,a2401,4782.0,0.0,0.0,0.0,7,4779.0,4783.0,2,4804.0,4818.0,4818.0,4771.0,30.0,1433770.0,5804
2023-05-09 21:02:09,a2401,a2401,4782.0,0.0,0.0,0.0,7,4779.0,4783.0,3,4804.0,4818.0,4818.0,4771.0,30.0,1433770.0,5804
2023-05-09 21:02:10,a2401,a2401,4782.0,0.0,0.0,0.0,7,4779.0,4783.0,2,4804.0,4818.0,4818.0,4771.0,30.0,1433770.0,5804
2023-05-09 21:02:11,a2401,a2401,4779.0,7.0,334530.0,0.0,1,4774.0,4779.0,7,4804.0,4818.0,4818.0,4771.0,37.0,1768300.0,5804
2023-05-09 21:02:12,a2401,a2401,4779.0,0.0,0.0,0.0,1,4774.0,4779.0,14,4804.0,4818.0,4818.0,4771.0,37.0,1768300.0,5804
2023-05-09 21:02:12,a2401,a2401,4779.0,2.0,95580.0,2.0,1,4774.0,4779.0,12,4804.0,4818.0,4818.0,4771.0,39.0,1863880.0,5806
2023-05-09 21:02:13,a2401,a2401,4779.0,5.0,238950.0,5.0,1,4774.0,4779.0,7,4804.0,4818.0,4818.0,4771.0,44.0,2102830.0,5811
2023-05-09 21:02:13,a2401,a2401,4779.0,7.0,334530.0,7.0,1,4774.0,4783.0,1,4804.0,4818.0,4818.0,4771.0,51.0,2437360.0,5818
2023-05-09 21:02:14,a2401,a2401,4779.0,0.0,0.0,0.0,1,4774.0,4782.0,2,4804.0,4818.0,4818.0,4771.0,51.0,2437360.0,5818
2023-05-09 21:02:14,a2401,a2401,4779.0,0.0,0.0,0.0,1,4774.0,4780.0,1,4804.0,4818.0,4818.0,4771.0,51.0,2437360.0,5818
2023-05-09 21:02:15,a2401,a2401,4779.0,0.0,0.0,0.0,1,4774.0,4779.0,1,4804.0,4818.0,4818.0,4771.0,51.0,2437360.0,5818
2023-05-09 21:02:17,a2401,a2401,4779.0,0.0,0.0,0.0,1,4776.0,4779.0,2,4804.0,4818.0,4818.0,4771.0,51.0,2437360.0,5818
2023-05-09 21:02:18,a2401,a2401,4779.0,0.0,0.0,0.0,1,4775.0,4783.0,1,4804.0,4818.0,4818.0,4771.0,51.0,2437360.0,5818
2023-05-09 21:02:18,a2401,a2401,4779.0,0.0,0.0,0.0,1,4776.0,4783.0,1,4804.0,4818.0,4818.0,4771.0,51.0,2437360.0,5818
2023-05-09 21:02:20,a2401,a2401,4779.0,0.0,0.0,0.0,1,4778.0,4785.0,1,4804.0,4818.0,4818.0,4771.0,51.0,2437360.0,5818
2023-05-09 21:02:20,a2401,a2401,4779.0,0.0,0.0,0.0,1,4779.0,4785.0,1,4804.0,4818.0,4818.0,4771.0,51.0,2437360.0,5818
2023-05-09 21:02:21,a2401,a2401,4779.0,0.0,0.0,0.0,1,4778.0,4785.0,1,4804.0,4818.0,4818.0,4771.0,51.0,2437360.0,5818
2023-05-09 21:02:22,a2401,a2401,4779.0,0.0,0.0,0.0,1,4779.0,4784.0,1,4804.0,4818.0,4818.0,4771.0,51.0,2437360.0,5818
2023-05-09 21:02:24,a2401,a2401,4779.0,0.0,0.0,0.0,1,4778.0,4784.0,1,4804.0,4818.0,4818.0,4771.0,51.0,2437360.0,5818
2023-05-09 21:02:25,a2401,a2401,4779.0,0.0,0.0,0.0,1,4779.0,4784.0,1,4804.0,4818.0,4818.0,4771.0,51.0,2437360.0,5818
2023-05-09 21:02:25,a2401,a2401,4779.0,0.0,0.0,0.0,1,4778.0,4784.0,1,4804.0,4818.0,4818.0,4771.0,51.0,2437360.0,5818
2023-05-09 21:02:26,a2401,a2401,4779.0,0.0,0.0,0.0,1,4781.0,4787.0,1,4804.0,4818.0,4818.0,4771.0,51.0,2437360.0,5818
2023-05-09 21:02:26,a2401,a2401,4779.0,0.0,0.0,0.0,1,4780.0,4787.0,1,4804.0,4818.0,4818.0,4771.0,51.0,2437360.0,5818
2023-05-09 21:02:28,a2401,a2401,4780.0,1.0,47800.0,1.0,7,4774.0,4787.0,1,4804.0,4818.0,4818.0,4771.0,52.0,2485160.0,5819
2023-05-09 21:02:28,a2401,a2401,4780.0,0.0,0.0,0.0,1,4777.0,4783.0,1,4804.0,4818.0,4818.0,4771.0,52.0,2485160.0,5819
2023-05-09 21:02:29,a2401,a2401,4780.0,0.0,0.0,0.0,1,4774.0,4783.0,1,4804.0,4818.0,4818.0,4771.0,52.0,2485160.0,5819
2023-05-09 21:02:29,a2401,a2401,4780.0,0.0,0.0,0.0,1,4776.0,4783.0,1,4804.0,4818.0,4818.0,4771.0,52.0,2485160.0,5819
2023-05-09 21:02:30,a2401,a2401,4780.0,0.0,0.0,0.0,1,4776.0,4783.0,2,4804.0,4818.0,4818.0,4771.0,52.0,2485160.0,5819
2023-05-09 21:02:31,a2401,a2401,4780.0,0.0,0.0,0.0,1,4776.0,4782.0,3,4804.0,4818.0,4818.0,4771.0,52.0,2485160.0,5819
2023-05-09 21:02:31,a2401,a2401,4780.0,0.0,0.0,0.0,1,4776.0,4782.0,2,4804.0,4818.0,4818.0,4771.0,52.0,2485160.0,5819
2023-05-09 21:02:33,a2401,a2401,4780.0,0.0,0.0,0.0,1,4775.0,4782.0,2,4804.0,4818.0,4818.0,4771.0,52.0,2485160.0,5819
2023-05-09 21:02:34,a2401,a2401,4780.0,0.0,0.0,0.0,1,4775.0,4781.0,1,4804.0,4818.0,4818.0,4771.0,52.0,2485160.0,5819
2023-05-09 21:02:34,a2401,a2401,4780.0,0.0,0.0,0.0,1,4775.0,4780.0,2,4804.0,4818.0,4818.0,4771.0,52.0,2485160.0,5819
2023-05-09 21:02:35,a2401,a2401,4780.0,0.0,0.0,0.0,1,4775.0,4780.0,1,4804.0,4818.0,4818.0,4771.0,52.0,2485160.0,5819
2023-05-09 21:02:35,a2401,a2401,4780.0,0.0,0.0,0.0,2,4775.0,4781.0,2,4804.0,4818.0,4818.0,4771.0,52.0,2485160.0,5819
2023-05-09 21:02:36,a2401,a2401,4780.0,0.0,0.0,0.0,2,4775.0,4787.0,5,4804.0,4818.0,4818.0,4771.0,52.0,2485160.0,5819
2023-05-09 21:02:37,a2401,a2401,4780.0,0.0,0.0,0.0,2,4775.0,4782.0,2,4804.0,4818.0,4818.0,4771.0,52.0,2485160.0,5819
2023-05-09 21:02:37,a2401,a2401,4780.0,0.0,0.0,0.0,1,4776.0,4782.0,1,4804.0,4818.0,4818.0,4771.0,52.0,2485160.0,5819
2023-05-09 21:02:38,a2401,a2401,4775.0,2.0,95510.0,0.0,2,4754.0,4782.0,1,4804.0,4818.0,4818.0,4771.0,54.0,2580670.0,5819
2023-05-09 21:02:38,a2401,a2401,4775.0,0.0,0.0,0.0,13,4771.0,4782.0,1,4804.0,4818.0,4818.0,4771.0,54.0,2580670.0,5819
2023-05-09 21:02:39,a2401,a2401,4775.0,0.0,0.0,0.0,1,4771.0,4779.0,2,4804.0,4818.0,4818.0,4771.0,54.0,2580670.0,5819
2023-05-09 21:02:39,a2401,a2401,4775.0,0.0,0.0,0.0,1,4771.0,4778.0,1,4804.0,4818.0,4818.0,4771.0,54.0,2580670.0,5819
2023-05-09 21:02:40,a2401,a2401,4775.0,0.0,0.0,0.0,6,4771.0,4778.0,1,4804.0,4818.0,4818.0,4771.0,54.0,2580670.0,5819
2023-05-09 21:02:41,a2401,a2401,4775.0,0.0,0.0,0.0,1,4772.0,4778.0,1,4804.0,4818.0,4818.0,4771.0,54.0,2580670.0,5819
2023-05-09 21:02:41,a2401,a2401,4775.0,0.0,0.0,0.0,5,4771.0,4778.0,2,4804.0,4818.0,4818.0,4771.0,54.0,2580670.0,5819
2023-05-09 21:02:42,a2401,a2401,4775.0,0.0,0.0,0.0,1,4771.0,4778.0,2,4804.0,4818.0,4818.0,4771.0,54.0,2580670.0,5819
2023-05-09 21:02:42,a2401,a2401,4775.0,0.0,0.0,0.0,5,4767.0,4778.0,3,4804.0,4818.0,4818.0,4771.0,54.0,2580670.0,5819
2023-05-09 21:02:43,a2401,a2401,4775.0,0.0,0.0,0.0,5,4770.0,4778.0,2,4804.0,4818.0,4818.0,4771.0,54.0,2580670.0,5819
2023-05-09 21:02:43,a2401,a2401,4775.0,0.0,0.0,0.0,1,4771.0,4778.0,1,4804.0,4818.0,4818.0,4771.0,54.0,2580670.0,5819
2023-05-09 21:02:44,a2401,a2401,4775.0,0.0,0.0,0.0,6,4771.0,4778.0,1,4804.0,4818.0,4818.0,4771.0,54.0,2580670.0,5819
2023-05-09 21:02:44,a2401,a2401,4775.0,0.0,0.0,0.0,7,4771.0,4778.0,1,4804.0,4818.0,4818.0,4771.0,54.0,2580670.0,5819
2023-05-09 21:02:45,a2401,a2401,4775.0,0.0,0.0,0.0,6,4771.0,4778.0,1,4804.0,4818.0,4818.0,4771.0,54.0,2580670.0,5819
2023-05-09 21:02:47,a2401,a2401,4775.0,0.0,0.0,0.0,6,4771.0,4778.0,3,4804.0,4818.0,4818.0,4771.0,54.0,2580670.0,5819
2023-05-09 21:02:47,a2401,a2401,4775.0,0.0,0.0,0.0,1,4767.0,4778.0,3,4804.0,4818.0,4818.0,4771.0,54.0,2580670.0,5819
2023-05-09 21:02:48,a2401,a2401,4775.0,0.0,0.0,0.0,9,4768.0,4778.0,1,4804.0,4818.0,4818.0,4771.0,54.0,2580670.0,5819
2023-05-09 21:02:48,a2401,a2401,4775.0,0.0,0.0,0.0,1,4772.0,4778.0,1,4804.0,4818.0,4818.0,4771.0,54.0,2580670.0,5819
2023-05-09 21:02:53,a2401,a2401,4775.0,0.0,0.0,0.0,6,4772.0,4778.0,1,4804.0,4818.0,4818.0,4771.0,54.0,2580670.0,5819
2023-05-09 21:02:54,a2401,a2401,4775.0,0.0,0.0,0.0,7,4772.0,4778.0,1,4804.0,4818.0,4818.0,4771.0,54.0,2580670.0,5819
2023-05-09 21:02:54,a2401,a2401,4775.0,0.0,0.0,0.0,6,4773.0,4778.0,1,4804.0,4818.0,4818.0,4771.0,54.0,2580670.0,5819
2023-05-09 21:02:55,a2401,a2401,4775.0,0.0,0.0,0.0,1,4775.0,4778.0,1,4804.0,4818.0,4818.0,4771.0,54.0,2580670.0,5819
2023-05-09 21:02:57,a2401,a2401,4775.0,2.0,95500.0,2.0,3,4772.0,4778.0,1,4804.0,4818.0,4818.0,4771.0,56.0,2676170.0,5821
2023-05-09 21:02:57,a2401,a2401,4775.0,0.0,0.0,0.0,6,4774.0,4778.0,1,4804.0,4818.0,4818.0,4771.0,56.0,2676170.0,5821
2023-05-09 21:02:58,a2401,a2401,4778.0,1.0,47780.0,0.0,1,4775.0,4789.0,4,4804.0,4818.0,4818.0,4771.0,57.0,2723950.0,5821
2023-05-09 21:02:58,a2401,a2401,4778.0,0.0,0.0,0.0,2,4772.0,4783.0,2,4804.0,4818.0,4818.0,4771.0,57.0,2723950.0,5821
2023-05-09 21:02:59,a2401,a2401,4778.0,0.0,0.0,0.0,6,4773.0,4783.0,2,4804.0,4818.0,4818.0,4771.0,57.0,2723950.0,5821
2023-05-09 21:02:59,a2401,a2401,4778.0,0.0,0.0,0.0,1,4774.0,4783.0,1,4804.0,4818.0,4818.0,4771.0,57.0,2723950.0,5821
2023-05-09 21:03:00,a2401,a2401,4778.0,0.0,0.0,0.0,1,4775.0,4780.0,1,4804.0,4818.0,4818.0,4771.0,57.0,2723950.0,5821
2023-05-09 21:03:00,a2401,a2401,4775.0,1.0,47750.0,0.0,5,4770.0,4779.0,1,4804.0,4818.0,4818.0,4771.0,58.0,2771700.0,5821
2023-05-09 21:03:01,a2401,a2401,4775.0,0.0,0.0,0.0,6,4771.0,4779.0,1,4804.0,4818.0,4818.0,4771.0,58.0,2771700.0,5821
2023-05-09 21:03:01,a2401,a2401,4775.0,0.0,0.0,0.0,5,4771.0,4779.0,1,4804.0,4818.0,4818.0,4771.0,58.0,2771700.0,5821
2023-05-09 21:03:02,a2401,a2401,4775.0,0.0,0.0,0.0,6,4771.0,4779.0,1,4804.0,4818.0,4818.0,4771.0,58.0,2771700.0,5821
2023-05-09 21:03:03,a2401,a2401,4775.0,0.0,0.0,0.0,6,4771.0,4779.0,2,4804.0,4818.0,4818.0,4771.0,58.0,2771700.0,5821
2023-05-09 21:03:03,a2401,a2401,4775.0,0.0,0.0,0.0,8,4771.0,4788.0,5,4804.0,4818.0,4818.0,4771.0,58.0,2771700.0,5821
2023-05-09 21:03:04,a2401,a2401,4775.0,0.0,0.0,0.0,2,4774.0,4783.0,1,4804.0,4818.0,4818.0,4771.0,58.0,2771700.0,5821
2023-05-09 21:03:04,a2401,a2401,4775.0,0.0,0.0,0.0,4,4775.0,4783.0,1,4804.0,4818.0,4818.0,4771.0,58.0,2771700.0,5821
2023-05-09 21:03:05,a2401,a2401,4775.0,0.0,0.0,0.0,5,4776.0,4789.0,4,4804.0,4818.0,4818.0,4771.0,58.0,2771700.0,5821
2023-05-09 21:03:05,a2401,a2401,4775.0,0.0,0.0,0.0,5,4776.0,4784.0,2,4804.0,4818.0,4818.0,4771.0,58.0,2771700.0,5821
2023-05-09 21:03:06,a2401,a2401,4775.0,0.0,0.0,0.0,7,4776.0,4784.0,2,4804.0,4818.0,4818.0,4771.0,58.0,2771700.0,5821
2023-05-09 21:03:06,a2401,a2401,4775.0,0.0,0.0,0.0,1,4776.0,4784.0,1,4804.0,4818.0,4818.0,4771.0,58.0,2771700.0,5821
2023-05-09 21:03:07,a2401,a2401,4775.0,0.0,0.0,0.0,1,4776.0,4784.0,2,4804.0,4818.0,4818.0,4771.0,58.0,2771700.0,5821
2023-05-09 21:03:08,a2401,a2401,4775.0,0.0,0.0,0.0,6,4776.0,4784.0,1,4804.0,4818.0,4818.0,4771.0,58.0,2771700.0,5821
2023-05-09 21:03:08,a2401,a2401,4775.0,0.0,0.0,0.0,1,4777.0,4784.0,1,4804.0,4818.0,4818.0,4771.0,58.0,2771700.0,5821
2023-05-09 21:03:09,a2401,a2401,4775.0,0.0,0.0,0.0,1,4777.0,4789.0,9,4804.0,4818.0,4818.0,4771.0,58.0,2771700.0,5821
2023-05-09 21:03:09,a2401,a2401,4775.0,0.0,0.0,0.0,6,4776.0,4785.0,1,4804.0,4818.0,4818.0,4771.0,58.0,2771700.0,5821
2023-05-09 21:03:10,a2401,a2401,4775.0,0.0,0.0,0.0,1,4775.0,4785.0,1,4804.0,4818.0,4818.0,4771.0,58.0,2771700.0,5821
2023-05-09 21:03:10,a2401,a2401,4775.0,0.0,0.0,0.0,7,4776.0,4785.0,1,4804.0,4818.0,4818.0,4771.0,58.0,2771700.0,5821
2023-05-09 21:03:11,a2401,a2401,4775.0,0.0,0.0,0.0,1,4776.0,4785.0,1,4804.0,4818.0,4818.0,4771.0,58.0,2771700.0,5821
2023-05-09 21:03:12,a2401,a2401,4775.0,0.0,0.0,0.0,6,4776.0,4785.0,2,4804.0,4818.0,4818.0,4771.0,58.0,2771700.0,5821
2023-05-09 21:03:12,a2401,a2401,4775.0,0.0,0.0,0.0,8,4776.0,4785.0,2,4804.0,4818.0,4818.0,4771.0,58.0,2771700.0,5821
2023-05-09 21:03:14,a2401,a2401,4775.0,0.0,0.0,0.0,8,4776.0,4785.0,1,4804.0,4818.0,4818.0,4771.0,58.0,2771700.0,5821
2023-05-09 21:03:14,a2401,a2401,4775.0,0.0,0.0,0.0,8,4776.0,4784.0,1,4804.0,4818.0,4818.0,4771.0,58.0,2771700.0,5821
2023-05-09 21:03:16,a2401,a2401,4775.0,0.0,0.0,0.0,3,4776.0,4784.0,1,4804.0,4818.0,4818.0,4771.0,58.0,2771700.0,5821
2023-05-09 21:03:16,a2401,a2401,4775.0,0.0,0.0,0.0,12,4776.0,4784.0,1,4804.0,4818.0,4818.0,4771.0,58.0,2771700.0,5821
2023-05-09 21:03:17,a2401,a2401,4775.0,0.0,0.0,0.0,1,4777.0,4784.0,1,4804.0,4818.0,4818.0,4771.0,58.0,2771700.0,5821
2023-05-09 21:03:18,a2401,a2401,4775.0,0.0,0.0,0.0,6,4777.0,4784.0,1,4804.0,4818.0,4818.0,4771.0,58.0,2771700.0,5821
2023-05-09 21:03:18,a2401,a2401,4775.0,0.0,0.0,0.0,1,4779.0,4784.0,1,4804.0,4818.0,4818.0,4771.0,58.0,2771700.0,5821
2023-05-09 21:03:19,a2401,a2401,4775.0,0.0,0.0,0.0,3,4779.0,4784.0,1,4804.0,4818.0,4818.0,4771.0,58.0,2771700.0,5821
2023-05-09 21:03:19,a2401,a2401,4775.0,0.0,0.0,0.0,1,4779.0,4784.0,1,4804.0,4818.0,4818.0,4771.0,58.0,2771700.0,5821
2023-05-09 21:03:21,a2401,a2401,4775.0,0.0,0.0,0.0,1,4779.0,4784.0,2,4804.0,4818.0,4818.0,4771.0,58.0,2771700.0,5821
2023-05-09 21:03:22,a2401,a2401,4775.0,0.0,0.0,0.0,1,4776.0,4784.0,1,4804.0,4818.0,4818.0,4771.0,58.0,2771700.0,5821
2023-05-09 21:03:22,a2401,a2401,4775.0,0.0,0.0,0.0,1,4777.0,4784.0,2,4804.0,4818.0,4818.0,4771.0,58.0,2771700.0,5821
2023-05-09 21:03:23,a2401,a2401,4775.0,0.0,0.0,0.0,5,4777.0,4784.0,2,4804.0,4818.0,4818.0,4771.0,58.0,2771700.0,5821
2023-05-09 21:03:23,a2401,a2401,4775.0,0.0,0.0,0.0,1,4777.0,4784.0,2,4804.0,4818.0,4818.0,4771.0,58.0,2771700.0,5821
2023-05-09 21:03:24,a2401,a2401,4775.0,0.0,0.0,0.0,2,4777.0,4784.0,1,4804.0,4818.0,4818.0,4771.0,58.0,2771700.0,5821
2023-05-09 21:03:24,a2401,a2401,4775.0,0.0,0.0,0.0,2,4777.0,4784.0,2,4804.0,4818.0,4818.0,4771.0,58.0,2771700.0,5821
2023-05-09 21:03:25,a2401,a2401,4775.0,0.0,0.0,0.0,1,4777.0,4784.0,2,4804.0,4818.0,4818.0,4771.0,58.0,2771700.0,5821
2023-05-09 21:03:26,a2401,a2401,4775.0,0.0,0.0,0.0,7,4774.0,4784.0,2,4804.0,4818.0,4818.0,4771.0,58.0,2771700.0,5821
2023-05-09 21:03:26,a2401,a2401,4775.0,0.0,0.0,0.0,6,4775.0,4784.0,2,4804.0,4818.0,4818.0,4771.0,58.0,2771700.0,5821
2023-05-09 21:03:26,a2401,a2401,4775.0,0.0,0.0,0.0,1,4776.0,4784.0,2,4804.0,4818.0,4818.0,4771.0,58.0,2771700.0,5821
2023-05-09 21:03:28,a2401,a2401,4775.0,0.0,0.0,0.0,1,4776.0,4784.0,3,4804.0,4818.0,4818.0,4771.0,58.0,2771700.0,5821
2023-05-09 21:03:29,a2401,a2401,4775.0,0.0,0.0,0.0,7,4776.0,4784.0,2,4804.0,4818.0,4818.0,4771.0,58.0,2771700.0,5821
2023-05-09 21:03:29,a2401,a2401,4775.0,0.0,0.0,0.0,8,4776.0,4784.0,2,4804.0,4818.0,4818.0,4771.0,58.0,2771700.0,5821
2023-05-09 21:03:30,a2401,a2401,4775.0,0.0,0.0,0.0,2,4776.0,4784.0,2,4804.0,4818.0,4818.0,4771.0,58.0,2771700.0,5821
2023-05-09 21:03:33,a2401,a2401,4775.0,0.0,0.0,0.0,7,4776.0,4784.0,1,4804.0,4818.0,4818.0,4771.0,58.0,2771700.0,5821
2023-05-09 21:03:33,a2401,a2401,4775.0,0.0,0.0,0.0,2,4776.0,4784.0,2,4804.0,4818.0,4818.0,4771.0,58.0,2771700.0,5821
2023-05-09 21:03:33,a2401,a2401,4775.0,0.0,0.0,0.0,1,4776.0,4784.0,2,4804.0,4818.0,4818.0,4771.0,58.0,2771700.0,5821
2023-05-09 21:03:37,a2401,a2401,4775.0,0.0,0.0,0.0,1,4775.0,4784.0,2,4804.0,4818.0,4818.0,4771.0,58.0,2771700.0,5821
2023-05-09 21:03:38,a2401,a2401,4775.0,0.0,0.0,0.0,2,4775.0,4784.0,2,4804.0,4818.0,4818.0,4771.0,58.0,2771700.0,5821
2023-05-09 21:03:39,a2401,a2401,4775.0,0.0,0.0,0.0,6,4775.0,4784.0,2,4804.0,4818.0,4818.0,4771.0,58.0,2771700.0,5821
2023-05-09 21:03:40,a2401,a2401,4775.0,0.0,0.0,0.0,3,4776.0,4784.0,2,4804.0,4818.0,4818.0,4771.0,58.0,2771700.0,5821
2023-05-09 21:03:41,a2401,a2401,4775.0,0.0,0.0,0.0,1,4775.0,4784.0,2,4804.0,4818.0,4818.0,4771.0,58.0,2771700.0,5821
2023-05-09 21:03:41,a2401,a2401,4775.0,0.0,0.0,0.0,6,4775.0,4784.0,2,4804.0,4818.0,4818.0,4771.0,58.0,2771700.0,5821
2023-05-09 21:03:42,a2401,a2401,4775.0,0.0,0.0,0.0,7,4775.0,4784.0,2,4804.0,4818.0,4818.0,4771.0,58.0,2771700.0,5821
2023-05-09 21:03:43,a2401,a2401,4775.0,0.0,0.0,0.0,8,4775.0,4784.0,3,4804.0,4818.0,4818.0,4771.0,58.0,2771700.0,5821
2023-05-09 21:03:43,a2401,a2401,4775.0,0.0,0.0,0.0,6,4776.0,4784.0,2,4804.0,4818.0,4818.0,4771.0,58.0,2771700.0,5821
2023-05-09 21:03:44,a2401,a2401,4775.0,0.0,0.0,0.0,6,4777.0,4784.0,1,4804.0,4818.0,4818.0,4771.0,58.0,2771700.0,5821
2023-05-09 21:03:45,a2401,a2401,4775.0,0.0,0.0,0.0,1,4778.0,4784.0,1,4804.0,4818.0,4818.0,4771.0,58.0,2771700.0,5821
2023-05-09 21:03:45,a2401,a2401,4775.0,0.0,0.0,0.0,1,4776.0,4789.0,4,4804.0,4818.0,4818.0,4771.0,58.0,2771700.0,5821
2023-05-09 21:03:46,a2401,a2401,4775.0,0.0,0.0,0.0,7,4776.0,4784.0,2,4804.0,4818.0,4818.0,4771.0,58.0,2771700.0,5821
2023-05-09 21:03:46,a2401,a2401,4775.0,0.0,0.0,0.0,1,4777.0,4785.0,1,4804.0,4818.0,4818.0,4771.0,58.0,2771700.0,5821
2023-05-09 21:03:46,a2401,a2401,4775.0,0.0,0.0,0.0,5,4777.0,4785.0,1,4804.0,4818.0,4818.0,4771.0,58.0,2771700.0,5821
2023-05-09 21:03:48,a2401,a2401,4775.0,0.0,0.0,0.0,5,4777.0,4785.0,2,4804.0,4818.0,4818.0,4771.0,58.0,2771700.0,5821
2023-05-09 21:03:49,a2401,a2401,4775.0,0.0,0.0,0.0,2,4777.0,4786.0,1,4804.0,4818.0,4818.0,4771.0,58.0,2771700.0,5821
2023-05-09 21:03:50,a2401,a2401,4775.0,0.0,0.0,0.0,7,4777.0,4786.0,2,4804.0,4818.0,4818.0,4771.0,58.0,2771700.0,5821
2023-05-09 21:03:50,a2401,a2401,4775.0,0.0,0.0,0.0,3,4778.0,4787.0,2,4804.0,4818.0,4818.0,4771.0,58.0,2771700.0,5821
2023-05-09 21:03:51,a2401,a2401,4775.0,0.0,0.0,0.0,3,4779.0,4787.0,2,4804.0,4818.0,4818.0,4771.0,58.0,2771700.0,5821
2023-05-09 21:03:51,a2401,a2401,4775.0,0.0,0.0,0.0,3,4780.0,4787.0,2,4804.0,4818.0,4818.0,4771.0,58.0,2771700.0,5821
2023-05-09 21:03:52,a2401,a2401,4775.0,0.0,0.0,0.0,1,4781.0,4787.0,2,4804.0,4818.0,4818.0,4771.0,58.0,2771700.0,5821
2023-05-09 21:03:52,a2401,a2401,4775.0,0.0,0.0,0.0,1,4778.0,4787.0,2,4804.0,4818.0,4818.0,4771.0,58.0,2771700.0,5821
2023-05-09 21:03:53,a2401,a2401,4775.0,0.0,0.0,0.0,1,4779.0,4787.0,2,4804.0,4818.0,4818.0,4771.0,58.0,2771700.0,5821
2023-05-09 21:03:53,a2401,a2401,4775.0,0.0,0.0,0.0,1,4780.0,4787.0,2,4804.0,4818.0,4818.0,4771.0,58.0,2771700.0,5821
2023-05-09 21:04:01,a2401,a2401,4775.0,0.0,0.0,0.0,5,4777.0,4787.0,1,4804.0,4818.0,4818.0,4771.0,58.0,2771700.0,5821
2023-05-09 21:04:01,a2401,a2401,4775.0,0.0,0.0,0.0,6,4778.0,4787.0,1,4804.0,4818.0,4818.0,4771.0,58.0,2771700.0,5821
2023-05-09 21:04:02,a2401,a2401,4775.0,0.0,0.0,0.0,6,4779.0,4787.0,1,4804.0,4818.0,4818.0,4771.0,58.0,2771700.0,5821
2023-05-09 21:04:04,a2401,a2401,4775.0,0.0,0.0,0.0,6,4779.0,4787.0,2,4804.0,4818.0,4818.0,4771.0,58.0,2771700.0,5821
2023-05-09 21:04:04,a2401,a2401,4775.0,0.0,0.0,0.0,6,4779.0,4787.0,1,4804.0,4818.0,4818.0,4771.0,58.0,2771700.0,5821
2023-05-09 21:04:08,a2401,a2401,4775.0,0.0,0.0,0.0,2,4780.0,4787.0,1,4804.0,4818.0,4818.0,4771.0,58.0,2771700.0,5821
2023-05-09 21:04:08,a2401,a2401,4775.0,0.0,0.0,0.0,1,4776.0,4787.0,1,4804.0,4818.0,4818.0,4771.0,58.0,2771700.0,5821
2023-05-09 21:04:09,a2401,a2401,4775.0,0.0,0.0,0.0,13,4777.0,4787.0,1,4804.0,4818.0,4818.0,4771.0,58.0,2771700.0,5821
2023-05-09 21:04:09,a2401,a2401,4775.0,0.0,0.0,0.0,1,4780.0,4787.0,1,4804.0,4818.0,4818.0,4771.0,58.0,2771700.0,5821
2023-05-09 21:04:10,a2401,a2401,4775.0,0.0,0.0,0.0,5,4777.0,4787.0,1,4804.0,4818.0,4818.0,4771.0,58.0,2771700.0,5821
2023-05-09 21:04:10,a2401,a2401,4775.0,0.0,0.0,0.0,6,4778.0,4787.0,1,4804.0,4818.0,4818.0,4771.0,58.0,2771700.0,5821
2023-05-09 21:04:11,a2401,a2401,4775.0,0.0,0.0,0.0,1,4779.0,4787.0,1,4804.0,4818.0,4818.0,4771.0,58.0,2771700.0,5821
2023-05-09 21:04:11,a2401,a2401,4775.0,0.0,0.0,0.0,6,4779.0,4787.0,1,4804.0,4818.0,4818.0,4771.0,58.0,2771700.0,5821
2023-05-09 21:04:15,a2401,a2401,4775.0,0.0,0.0,0.0,6,4780.0,4789.0,4,4804.0,4818.0,4818.0,4771.0,58.0,2771700.0,5821
2023-05-09 21:04:15,a2401,a2401,4775.0,0.0,0.0,0.0,6,4780.0,4788.0,1,4804.0,4818.0,4818.0,4771.0,58.0,2771700.0,5821
2023-05-09 21:04:16,a2401,a2401,4775.0,0.0,0.0,0.0,1,4781.0,4787.0,2,4804.0,4818.0,4818.0,4771.0,58.0,2771700.0,5821
2023-05-09 21:04:17,a2401,a2401,4775.0,0.0,0.0,0.0,2,4781.0,4787.0,1,4804.0,4818.0,4818.0,4771.0,58.0,2771700.0,5821
2023-05-09 21:04:17,a2401,a2401,4775.0,0.0,0.0,0.0,1,4782.0,4787.0,1,4804.0,4818.0,4818.0,4771.0,58.0,2771700.0,5821
2023-05-09 21:04:19,a2401,a2401,4775.0,0.0,0.0,0.0,2,4782.0,4787.0,1,4804.0,4818.0,4818.0,4771.0,58.0,2771700.0,5821
2023-05-09 21:04:22,a2401,a2401,4775.0,0.0,0.0,0.0,7,4782.0,4787.0,1,4804.0,4818.0,4818.0,4771.0,58.0,2771700.0,5821
2023-05-09 21:04:23,a2401,a2401,4775.0,0.0,0.0,0.0,12,4782.0,4787.0,1,4804.0,4818.0,4818.0,4771.0,58.0,2771700.0,5821
2023-05-09 21:04:26,a2401,a2401,4785.0,1.0,47850.0,0.0,12,4782.0,4789.0,4,4804.0,4818.0,4818.0,4771.0,59.0,2819550.0,5821
2023-05-09 21:04:34,a2401,a2401,4785.0,1.0,47850.0,0.0,12,4782.0,4789.0,4,4804.0,4818.0,4818.0,4771.0,60.0,2867400.0,5821
2023-05-09 21:04:34,a2401,a2401,4785.0,0.0,0.0,0.0,11,4782.0,4789.0,4,4804.0,4818.0,4818.0,4771.0,60.0,2867400.0,5821
2023-05-09 21:04:36,a2401,a2401,4785.0,0.0,0.0,0.0,11,4782.0,4789.0,5,4804.0,4818.0,4818.0,4771.0,60.0,2867400.0,5821
2023-05-09 21:04:36,a2401,a2401,4785.0,0.0,0.0,0.0,7,4782.0,4788.0,2,4804.0,4818.0,4818.0,4771.0,60.0,2867400.0,5821
2023-05-09 21:04:38,a2401,a2401,4785.0,0.0,0.0,0.0,5,4782.0,4788.0,2,4804.0,4818.0,4818.0,4771.0,60.0,2867400.0,5821
2023-05-09 21:04:38,a2401,a2401,4785.0,0.0,0.0,0.0,1,4783.0,4788.0,2,4804.0,4818.0,4818.0,4771.0,60.0,2867400.0,5821
2023-05-09 21:04:39,a2401,a2401,4785.0,0.0,0.0,0.0,5,4782.0,4788.0,2,4804.0,4818.0,4818.0,4771.0,60.0,2867400.0,5821
2023-05-09 21:04:39,a2401,a2401,4785.0,0.0,0.0,0.0,7,4782.0,4788.0,2,4804.0,4818.0,4818.0,4771.0,60.0,2867400.0,5821
2023-05-09 21:04:40,a2401,a2401,4785.0,0.0,0.0,0.0,7,4782.0,4788.0,1,4804.0,4818.0,4818.0,4771.0,60.0,2867400.0,5821
2023-05-09 21:04:40,a2401,a2401,4785.0,0.0,0.0,0.0,1,4783.0,4788.0,1,4804.0,4818.0,4818.0,4771.0,60.0,2867400.0,5821
2023-05-09 21:04:42,a2401,a2401,4785.0,0.0,0.0,0.0,2,4783.0,4788.0,1,4804.0,4818.0,4818.0,4771.0,60.0,2867400.0,5821
2023-05-09 21:04:43,a2401,a2401,4785.0,0.0,0.0,0.0,7,4783.0,4788.0,1,4804.0,4818.0,4818.0,4771.0,60.0,2867400.0,5821
2023-05-09 21:04:44,a2401,a2401,4785.0,0.0,0.0,0.0,15,4783.0,4788.0,1,4804.0,4818.0,4818.0,4771.0,60.0,2867400.0,5821
2023-05-09 21:04:45,a2401,a2401,4788.0,1.0,47880.0,0.0,7,4785.0,4789.0,4,4804.0,4818.0,4818.0,4771.0,61.0,2915280.0,5821
2023-05-09 21:04:45,a2401,a2401,4788.0,0.0,0.0,0.0,1,4786.0,4789.0,4,4804.0,4818.0,4818.0,4771.0,61.0,2915280.0,5821
2023-05-09 21:04:47,a2401,a2401,4788.0,0.0,0.0,0.0,2,4786.0,4789.0,4,4804.0,4818.0,4818.0,4771.0,61.0,2915280.0,5821
2023-05-09 21:04:50,a2401,a2401,4789.0,2.0,95780.0,-1.0,4,4787.0,4789.0,2,4804.0,4818.0,4818.0,4771.0,63.0,3011060.0,5820
2023-05-09 21:04:51,a2401,a2401,4789.0,2.0,95780.0,0.0,12,4789.0,4794.0,1,4804.0,4818.0,4818.0,4771.0,65.0,3106840.0,5820
2023-05-09 21:04:51,a2401,a2401,4792.0,4.0,191680.0,0.0,1,4775.0,4791.0,4,4804.0,4818.0,4818.0,4771.0,69.0,3298520.0,5820
2023-05-09 21:04:52,a2401,a2401,4784.0,1.0,47840.0,1.0,11,4786.0,4791.0,4,4804.0,4818.0,4818.0,4771.0,70.0,3346360.0,5821
2023-05-09 21:04:52,a2401,a2401,4784.0,0.0,0.0,0.0,1,4787.0,4791.0,4,4804.0,4818.0,4818.0,4771.0,70.0,3346360.0,5821
2023-05-09 21:04:53,a2401,a2401,4784.0,0.0,0.0,0.0,6,4787.0,4791.0,4,4804.0,4818.0,4818.0,4771.0,70.0,3346360.0,5821
2023-05-09 21:04:54,a2401,a2401,4784.0,0.0,0.0,0.0,1,4787.0,4791.0,4,4804.0,4818.0,4818.0,4771.0,70.0,3346360.0,5821
2023-05-09 21:04:54,a2401,a2401,4784.0,0.0,0.0,0.0,1,4788.0,4791.0,4,4804.0,4818.0,4818.0,4771.0,70.0,3346360.0,5821
2023-05-09 21:04:55,a2401,a2401,4784.0,0.0,0.0,0.0,5,4777.0,4791.0,4,4804.0,4818.0,4818.0,4771.0,70.0,3346360.0,5821
2023-05-09 21:04:55,a2401,a2401,4784.0,0.0,0.0,0.0,12,4785.0,4791.0,4,4804.0,4818.0,4818.0,4771.0,70.0,3346360.0,5821
2023-05-09 21:04:56,a2401,a2401,4784.0,0.0,0.0,0.0,1,4787.0,4791.0,4,4804.0,4818.0,4818.0,4771.0,70.0,3346360.0,5821
2023-05-09 21:04:56,a2401,a2401,4784.0,0.0,0.0,0.0,7,4787.0,4791.0,4,4804.0,4818.0,4818.0,4771.0,70.0,3346360.0,5821
2023-05-09 21:04:57,a2401,a2401,4784.0,0.0,0.0,0.0,6,4788.0,4791.0,4,4804.0,4818.0,4818.0,4771.0,70.0,3346360.0,5821
2023-05-09 21:04:58,a2401,a2401,4784.0,0.0,0.0,0.0,1,4788.0,4791.0,4,4804.0,4818.0,4818.0,4771.0,70.0,3346360.0,5821
2023-05-09 21:04:59,a2401,a2401,4784.0,0.0,0.0,0.0,1,4789.0,4791.0,4,4804.0,4818.0,4818.0,4771.0,70.0,3346360.0,5821
2023-05-09 21:04:59,a2401,a2401,4791.0,4.0,191640.0,-2.0,1,4792.0,4798.0,1,4804.0,4818.0,4818.0,4771.0,74.0,3538000.0,5819
2023-05-09 21:05:00,a2401,a2401,4798.0,4.0,191920.0,0.0,1,4793.0,4799.0,1,4804.0,4818.0,4818.0,4771.0,78.0,3729920.0,5819
2023-05-09 21:05:00,a2401,a2401,4799.0,1.0,47990.0,-1.0,1,4792.0,4805.0,1,4804.0,4818.0,4818.0,4771.0,79.0,3777910.0,5818
2023-05-09 21:05:01,a2401,a2401,4799.0,0.0,0.0,0.0,1,4792.0,4800.0,1,4804.0,4818.0,4818.0,4771.0,79.0,3777910.0,5818
2023-05-09 21:05:01,a2401,a2401,4799.0,0.0,0.0,0.0,2,4792.0,4797.0,2,4804.0,4818.0,4818.0,4771.0,79.0,3777910.0,5818
2023-05-09 21:05:02,a2401,a2401,4799.0,0.0,0.0,0.0,2,4791.0,4797.0,2,4804.0,4818.0,4818.0,4771.0,79.0,3777910.0,5818
2023-05-09 21:05:02,a2401,a2401,4799.0,0.0,0.0,0.0,1,4791.0,4797.0,4,4804.0,4818.0,4818.0,4771.0,79.0,3777910.0,5818
2023-05-09 21:05:03,a2401,a2401,4799.0,0.0,0.0,0.0,2,4790.0,4796.0,1,4804.0,4818.0,4818.0,4771.0,79.0,3777910.0,5818
2023-05-09 21:05:03,a2401,a2401,4797.0,2.0,95940.0,2.0,2,4790.0,4797.0,2,4804.0,4818.0,4818.0,4771.0,81.0,3873850.0,5820
2023-05-09 21:05:04,a2401,a2401,4797.0,0.0,0.0,0.0,1,4793.0,4797.0,2,4804.0,4818.0,4818.0,4771.0,81.0,3873850.0,5820
2023-05-09 21:05:04,a2401,a2401,4797.0,0.0,0.0,0.0,1,4791.0,4797.0,1,4804.0,4818.0,4818.0,4771.0,81.0,3873850.0,5820
2023-05-09 21:05:05,a2401,a2401,4797.0,0.0,0.0,0.0,2,4791.0,4797.0,1,4804.0,4818.0,4818.0,4771.0,81.0,3873850.0,5820
2023-05-09 21:05:05,a2401,a2401,4797.0,0.0,0.0,0.0,2,4791.0,4795.0,2,4804.0,4818.0,4818.0,4771.0,81.0,3873850.0,5820
2023-05-09 21:05:07,a2401,a2401,4797.0,0.0,0.0,0.0,2,4791.0,4795.0,1,4804.0,4818.0,4818.0,4771.0,81.0,3873850.0,5820
2023-05-09 21:05:07,a2401,a2401,4797.0,0.0,0.0,0.0,2,4791.0,4796.0,1,4804.0,4818.0,4818.0,4771.0,81.0,3873850.0,5820
2023-05-09 21:05:08,a2401,a2401,4797.0,0.0,0.0,0.0,3,4791.0,4797.0,2,4804.0,4818.0,4818.0,4771.0,81.0,3873850.0,5820
2023-05-09 21:05:09,a2401,a2401,4797.0,0.0,0.0,0.0,3,4791.0,4797.0,1,4804.0,4818.0,4818.0,4771.0,81.0,3873850.0,5820
2023-05-09 21:05:09,a2401,a2401,4797.0,0.0,0.0,0.0,3,4791.0,4798.0,2,4804.0,4818.0,4818.0,4771.0,81.0,3873850.0,5820
2023-05-09 21:05:10,a2401,a2401,4797.0,0.0,0.0,0.0,1,4793.0,4802.0,4,4804.0,4818.0,4818.0,4771.0,81.0,3873850.0,5820
2023-05-09 21:05:11,a2401,a2401,4797.0,0.0,0.0,0.0,1,4793.0,4800.0,1,4804.0,4818.0,4818.0,4771.0,81.0,3873850.0,5820
2023-05-09 21:05:11,a2401,a2401,4797.0,0.0,0.0,0.0,2,4794.0,4800.0,1,4804.0,4818.0,4818.0,4771.0,81.0,3873850.0,5820
2023-05-09 21:05:12,a2401,a2401,4797.0,0.0,0.0,0.0,2,4794.0,4798.0,2,4804.0,4818.0,4818.0,4771.0,81.0,3873850.0,5820
2023-05-09 21:05:15,a2401,a2401,4797.0,0.0,0.0,0.0,2,4794.0,4798.0,1,4804.0,4818.0,4818.0,4771.0,81.0,3873850.0,5820
2023-05-09 21:05:17,a2401,a2401,4797.0,0.0,0.0,0.0,2,4794.0,4798.0,2,4804.0,4818.0,4818.0,4771.0,81.0,3873850.0,5820
2023-05-09 21:05:17,a2401,a2401,4797.0,0.0,0.0,0.0,2,4794.0,4798.0,1,4804.0,4818.0,4818.0,4771.0,81.0,3873850.0,5820
2023-05-09 21:05:23,a2401,a2401,4797.0,0.0,0.0,0.0,2,4794.0,4797.0,1,4804.0,4818.0,4818.0,4771.0,81.0,3873850.0,5820
2023-05-09 21:05:24,a2401,a2401,4797.0,0.0,0.0,0.0,2,4794.0,4796.0,2,4804.0,4818.0,4818.0,4771.0,81.0,3873850.0,5820
2023-05-09 21:05:27,a2401,a2401,4797.0,0.0,0.0,0.0,2,4794.0,4796.0,1,4804.0,4818.0,4818.0,4771.0,81.0,3873850.0,5820
2023-05-09 21:05:30,a2401,a2401,4797.0,0.0,0.0,0.0,2,4794.0,4796.0,2,4804.0,4818.0,4818.0,4771.0,81.0,3873850.0,5820
2023-05-09 21:05:32,a2401,a2401,4797.0,0.0,0.0,0.0,2,4794.0,4796.0,3,4804.0,4818.0,4818.0,4771.0,81.0,3873850.0,5820
2023-05-09 21:05:33,a2401,a2401,4797.0,0.0,0.0,0.0,2,4794.0,4796.0,2,4804.0,4818.0,4818.0,4771.0,81.0,3873850.0,5820
2023-05-09 21:05:33,a2401,a2401,4797.0,0.0,0.0,0.0,2,4794.0,4796.0,1,4804.0,4818.0,4818.0,4771.0,81.0,3873850.0,5820
2023-05-09 21:05:35,a2401,a2401,4797.0,1.0,47970.0,0.0,2,4794.0,4802.0,4,4804.0,4818.0,4818.0,4771.0,82.0,3921820.0,5820
2023-05-09 21:05:36,a2401,a2401,4797.0,0.0,0.0,0.0,2,4794.0,4799.0,1,4804.0,4818.0,4818.0,4771.0,82.0,3921820.0,5820
2023-05-09 21:05:42,a2401,a2401,4797.0,0.0,0.0,0.0,2,4794.0,4799.0,2,4804.0,4818.0,4818.0,4771.0,82.0,3921820.0,5820
2023-05-09 21:05:45,a2401,a2401,4797.0,0.0,0.0,0.0,2,4794.0,4799.0,1,4804.0,4818.0,4818.0,4771.0,82.0,3921820.0,5820
2023-05-09 21:05:47,a2401,a2401,4797.0,0.0,0.0,0.0,2,4794.0,4799.0,2,4804.0,4818.0,4818.0,4771.0,82.0,3921820.0,5820
2023-05-09 21:05:49,a2401,a2401,4797.0,0.0,0.0,0.0,2,4794.0,4799.0,1,4804.0,4818.0,4818.0,4771.0,82.0,3921820.0,5820
2023-05-09 21:05:55,a2401,a2401,4797.0,0.0,0.0,0.0,2,4794.0,4798.0,1,4804.0,4818.0,4818.0,4771.0,82.0,3921820.0,5820
2023-05-09 21:05:55,a2401,a2401,4797.0,0.0,0.0,0.0,2,4794.0,4797.0,1,4804.0,4818.0,4818.0,4771.0,82.0,3921820.0,5820
2023-05-09 21:06:03,a2401,a2401,4797.0,0.0,0.0,0.0,3,4778.0,4797.0,1,4804.0,4818.0,4818.0,4771.0,82.0,3921820.0,5820
2023-05-09 21:06:04,a2401,a2401,4794.0,1.0,47940.0,0.0,1,4793.0,4797.0,3,4804.0,4818.0,4818.0,4771.0,83.0,3969760.0,5820
2023-05-09 21:06:04,a2401,a2401,4794.0,0.0,0.0,0.0,1,4793.0,4797.0,2,4804.0,4818.0,4818.0,4771.0,83.0,3969760.0,5820
2023-05-09 21:06:05,a2401,a2401,4794.0,0.0,0.0,0.0,1,4793.0,4797.0,3,4804.0,4818.0,4818.0,4771.0,83.0,3969760.0,5820
2023-05-09 21:06:06,a2401,a2401,4794.0,0.0,0.0,0.0,1,4793.0,4797.0,2,4804.0,4818.0,4818.0,4771.0,83.0,3969760.0,5820
2023-05-09 21:06:07,a2401,a2401,4794.0,0.0,0.0,0.0,1,4793.0,4797.0,3,4804.0,4818.0,4818.0,4771.0,83.0,3969760.0,5820
2023-05-09 21:06:08,a2401,a2401,4794.0,0.0,0.0,0.0,1,4793.0,4797.0,1,4804.0,4818.0,4818.0,4771.0,83.0,3969760.0,5820
2023-05-09 21:06:08,a2401,a2401,4793.0,1.0,47930.0,0.0,1,4793.0,4798.0,2,4804.0,4818.0,4818.0,4771.0,84.0,4017690.0,5820
2023-05-09 21:06:09,a2401,a2401,4793.0,0.0,0.0,0.0,1,4793.0,4798.0,1,4804.0,4818.0,4818.0,4771.0,84.0,4017690.0,5820
2023-05-09 21:06:09,a2401,a2401,4797.0,1.0,47970.0,-1.0,1,4793.0,4798.0,2,4804.0,4818.0,4818.0,4771.0,85.0,4065660.0,5819
2023-05-09 21:06:13,a2401,a2401,4797.0,0.0,0.0,0.0,1,4793.0,4798.0,3,4804.0,4818.0,4818.0,4771.0,85.0,4065660.0,5819
2023-05-09 21:06:14,a2401,a2401,4797.0,0.0,0.0,0.0,1,4793.0,4798.0,4,4804.0,4818.0,4818.0,4771.0,85.0,4065660.0,5819
2023-05-09 21:06:15,a2401,a2401,4797.0,0.0,0.0,0.0,1,4793.0,4798.0,3,4804.0,4818.0,4818.0,4771.0,85.0,4065660.0,5819
2023-05-09 21:06:16,a2401,a2401,4797.0,0.0,0.0,0.0,1,4793.0,4798.0,2,4804.0,4818.0,4818.0,4771.0,85.0,4065660.0,5819
2023-05-09 21:06:17,a2401,a2401,4797.0,0.0,0.0,0.0,1,4793.0,4798.0,4,4804.0,4818.0,4818.0,4771.0,85.0,4065660.0,5819
2023-05-09 21:06:17,a2401,a2401,4797.0,0.0,0.0,0.0,1,4794.0,4798.0,1,4804.0,4818.0,4818.0,4771.0,85.0,4065660.0,5819
2023-05-09 21:06:19,a2401,a2401,4794.0,1.0,47940.0,1.0,2,4793.0,4798.0,1,4804.0,4818.0,4818.0,4771.0,86.0,4113600.0,5820
2023-05-09 21:06:19,a2401,a2401,4794.0,0.0,0.0,0.0,1,4793.0,4797.0,1,4804.0,4818.0,4818.0,4771.0,86.0,4113600.0,5820
2023-05-09 21:06:21,a2401,a2401,4794.0,0.0,0.0,0.0,1,4793.0,4797.0,2,4804.0,4818.0,4818.0,4771.0,86.0,4113600.0,5820
2023-05-09 21:06:22,a2401,a2401,4793.0,1.0,47930.0,1.0,4,4778.0,4797.0,1,4804.0,4818.0,4818.0,4771.0,87.0,4161530.0,5821
2023-05-09 21:06:23,a2401,a2401,4793.0,0.0,0.0,0.0,1,4791.0,4797.0,2,4804.0,4818.0,4818.0,4771.0,87.0,4161530.0,5821
2023-05-09 21:06:24,a2401,a2401,4793.0,0.0,0.0,0.0,1,4792.0,4797.0,2,4804.0,4818.0,4818.0,4771.0,87.0,4161530.0,5821
2023-05-09 21:06:25,a2401,a2401,4793.0,0.0,0.0,0.0,1,4792.0,4796.0,1,4804.0,4818.0,4818.0,4771.0,87.0,4161530.0,5821
2023-05-09 21:06:27,a2401,a2401,4793.0,0.0,0.0,0.0,1,4794.0,4796.0,1,4804.0,4818.0,4818.0,4771.0,87.0,4161530.0,5821
2023-05-09 21:06:31,a2401,a2401,4793.0,0.0,0.0,0.0,1,4793.0,4796.0,1,4804.0,4818.0,4818.0,4771.0,87.0,4161530.0,5821
2023-05-09 21:06:32,a2401,a2401,4793.0,0.0,0.0,0.0,9,4794.0,4796.0,1,4804.0,4818.0,4818.0,4771.0,87.0,4161530.0,5821
2023-05-09 21:06:33,a2401,a2401,4793.0,0.0,0.0,0.0,1,4793.0,4796.0,1,4804.0,4818.0,4818.0,4771.0,87.0,4161530.0,5821
2023-05-09 21:06:35,a2401,a2401,4793.0,0.0,0.0,0.0,2,4793.0,4796.0,1,4804.0,4818.0,4818.0,4771.0,87.0,4161530.0,5821
2023-05-09 21:06:36,a2401,a2401,4793.0,0.0,0.0,0.0,1,4793.0,4796.0,1,4804.0,4818.0,4818.0,4771.0,87.0,4161530.0,5821
2023-05-09 21:06:36,a2401,a2401,4793.0,0.0,0.0,0.0,9,4793.0,4796.0,1,4804.0,4818.0,4818.0,4771.0,87.0,4161530.0,5821
2023-05-09 21:06:36,a2401,a2401,4793.0,0.0,0.0,0.0,1,4794.0,4796.0,1,4804.0,4818.0,4818.0,4771.0,87.0,4161530.0,5821
2023-05-09 21:06:39,a2401,a2401,4793.0,0.0,0.0,0.0,9,4793.0,4796.0,1,4804.0,4818.0,4818.0,4771.0,87.0,4161530.0,5821
2023-05-09 21:06:42,a2401,a2401,4793.0,0.0,0.0,0.0,1,4794.0,4796.0,1,4804.0,4818.0,4818.0,4771.0,87.0,4161530.0,5821
2023-05-09 21:06:43,a2401,a2401,4796.0,1.0,47960.0,1.0,1,4794.0,4798.0,3,4804.0,4818.0,4818.0,4771.0,88.0,4209490.0,5822
2023-05-09 21:06:43,a2401,a2401,4796.0,0.0,0.0,0.0,3,4794.0,4798.0,3,4804.0,4818.0,4818.0,4771.0,88.0,4209490.0,5822
2023-05-09 21:06:44,a2401,a2401,4796.0,0.0,0.0,0.0,1,4794.0,4798.0,3,4804.0,4818.0,4818.0,4771.0,88.0,4209490.0,5822
2023-05-09 21:06:44,a2401,a2401,4796.0,0.0,0.0,0.0,1,4795.0,4798.0,3,4804.0,4818.0,4818.0,4771.0,88.0,4209490.0,5822
2023-05-09 21:06:45,a2401,a2401,4798.0,1.0,47980.0,0.0,1,4794.0,4798.0,2,4804.0,4818.0,4818.0,4771.0,89.0,4257470.0,5822
2023-05-09 21:06:45,a2401,a2401,4798.0,0.0,0.0,0.0,7,4794.0,4798.0,2,4804.0,4818.0,4818.0,4771.0,89.0,4257470.0,5822
2023-05-09 21:06:46,a2401,a2401,4798.0,0.0,0.0,0.0,7,4794.0,4798.0,1,4804.0,4818.0,4818.0,4771.0,89.0,4257470.0,5822
2023-05-09 21:06:46,a2401,a2401,4798.0,0.0,0.0,0.0,1,4795.0,4798.0,1,4804.0,4818.0,4818.0,4771.0,89.0,4257470.0,5822
2023-05-09 21:06:49,a2401,a2401,4798.0,0.0,0.0,0.0,1,4795.0,4798.0,2,4804.0,4818.0,4818.0,4771.0,89.0,4257470.0,5822
2023-05-09 21:06:49,a2401,a2401,4798.0,0.0,0.0,0.0,7,4794.0,4798.0,2,4804.0,4818.0,4818.0,4771.0,89.0,4257470.0,5822
2023-05-09 21:06:50,a2401,a2401,4798.0,0.0,0.0,0.0,1,4794.0,4797.0,1,4804.0,4818.0,4818.0,4771.0,89.0,4257470.0,5822
2023-05-09 21:06:50,a2401,a2401,4798.0,3.0,143940.0,-2.0,2,4798.0,4802.0,4,4804.0,4818.0,4818.0,4771.0,92.0,4401410.0,5820
2023-05-09 21:06:51,a2401,a2401,4798.0,2.0,95960.0,-2.0,3,4793.0,4798.0,2,4804.0,4818.0,4818.0,4771.0,94.0,4497370.0,5818
2023-05-09 21:06:51,a2401,a2401,4793.0,1.0,47930.0,1.0,2,4793.0,4798.0,5,4804.0,4818.0,4818.0,4771.0,95.0,4545300.0,5819
2023-05-09 21:06:52,a2401,a2401,4793.0,0.0,0.0,0.0,2,4794.0,4798.0,5,4804.0,4818.0,4818.0,4771.0,95.0,4545300.0,5819
2023-05-09 21:06:52,a2401,a2401,4793.0,0.0,0.0,0.0,2,4793.0,4798.0,5,4804.0,4818.0,4818.0,4771.0,95.0,4545300.0,5819
2023-05-09 21:06:54,a2401,a2401,4793.0,0.0,0.0,0.0,2,4793.0,4798.0,1,4804.0,4818.0,4818.0,4771.0,95.0,4545300.0,5819
2023-05-09 21:06:54,a2401,a2401,4793.0,0.0,0.0,0.0,1,4794.0,4798.0,1,4804.0,4818.0,4818.0,4771.0,95.0,4545300.0,5819
2023-05-09 21:06:55,a2401,a2401,4798.0,1.0,47980.0,-1.0,1,4794.0,4799.0,2,4804.0,4818.0,4818.0,4771.0,96.0,4593280.0,5818
2023-05-09 21:06:55,a2401,a2401,4799.0,1.0,47990.0,1.0,1,4796.0,4799.0,1,4804.0,4818.0,4818.0,4771.0,97.0,4641270.0,5819
2023-05-09 21:07:06,a2401,a2401,4799.0,1.0,47990.0,1.0,1,4796.0,4802.0,4,4804.0,4818.0,4818.0,4771.0,98.0,4689260.0,5820
2023-05-09 21:07:06,a2401,a2401,4799.0,0.0,0.0,0.0,2,4796.0,4801.0,1,4804.0,4818.0,4818.0,4771.0,98.0,4689260.0,5820
2023-05-09 21:07:08,a2401,a2401,4799.0,0.0,0.0,0.0,1,4796.0,4801.0,1,4804.0,4818.0,4818.0,4771.0,98.0,4689260.0,5820
2023-05-09 21:07:09,a2401,a2401,4799.0,0.0,0.0,0.0,1,4796.0,4801.0,2,4804.0,4818.0,4818.0,4771.0,98.0,4689260.0,5820
2023-05-09 21:07:10,a2401,a2401,4799.0,0.0,0.0,0.0,2,4793.0,4801.0,2,4804.0,4818.0,4818.0,4771.0,98.0,4689260.0,5820
2023-05-09 21:07:10,a2401,a2401,4799.0,0.0,0.0,0.0,1,4795.0,4801.0,2,4804.0,4818.0,4818.0,4771.0,98.0,4689260.0,5820
2023-05-09 21:07:10,a2401,a2401,4799.0,0.0,0.0,0.0,1,4795.0,4801.0,3,4804.0,4818.0,4818.0,4771.0,98.0,4689260.0,5820
2023-05-09 21:07:15,a2401,a2401,4799.0,0.0,0.0,0.0,1,4795.0,4801.0,4,4804.0,4818.0,4818.0,4771.0,98.0,4689260.0,5820
2023-05-09 21:07:19,a2401,a2401,4799.0,0.0,0.0,0.0,1,4793.0,4801.0,4,4804.0,4818.0,4818.0,4771.0,98.0,4689260.0,5820
2023-05-09 21:07:19,a2401,a2401,4799.0,0.0,0.0,0.0,1,4794.0,4801.0,3,4804.0,4818.0,4818.0,4771.0,98.0,4689260.0,5820
2023-05-09 21:07:22,a2401,a2401,4799.0,0.0,0.0,0.0,2,4794.0,4801.0,3,4804.0,4818.0,4818.0,4771.0,98.0,4689260.0,5820
2023-05-09 21:07:26,a2401,a2401,4799.0,0.0,0.0,0.0,1,4796.0,4801.0,3,4804.0,4818.0,4818.0,4771.0,98.0,4689260.0,5820
2023-05-09 21:07:26,a2401,a2401,4799.0,0.0,0.0,0.0,1,4796.0,4801.0,2,4804.0,4818.0,4818.0,4771.0,98.0,4689260.0,5820
2023-05-09 21:07:30,a2401,a2401,4799.0,0.0,0.0,0.0,1,4795.0,4801.0,2,4804.0,4818.0,4818.0,4771.0,98.0,4689260.0,5820
2023-05-09 21:07:30,a2401,a2401,4799.0,0.0,0.0,0.0,1,4795.0,4801.0,3,4804.0,4818.0,4818.0,4771.0,98.0,4689260.0,5820
2023-05-09 21:07:32,a2401,a2401,4799.0,0.0,0.0,0.0,2,4794.0,4801.0,3,4804.0,4818.0,4818.0,4771.0,98.0,4689260.0,5820
2023-05-09 21:07:33,a2401,a2401,4799.0,0.0,0.0,0.0,2,4794.0,4801.0,4,4804.0,4818.0,4818.0,4771.0,98.0,4689260.0,5820
2023-05-09 21:07:37,a2401,a2401,4799.0,0.0,0.0,0.0,2,4794.0,4801.0,3,4804.0,4818.0,4818.0,4771.0,98.0,4689260.0,5820
2023-05-09 21:07:38,a2401,a2401,4799.0,0.0,0.0,0.0,2,4794.0,4801.0,4,4804.0,4818.0,4818.0,4771.0,98.0,4689260.0,5820
2023-05-09 21:07:42,a2401,a2401,4799.0,0.0,0.0,0.0,1,4794.0,4801.0,3,4804.0,4818.0,4818.0,4771.0,98.0,4689260.0,5820
2023-05-09 21:07:46,a2401,a2401,4799.0,0.0,0.0,0.0,1,4795.0,4801.0,3,4804.0,4818.0,4818.0,4771.0,98.0,4689260.0,5820
2023-05-09 21:07:48,a2401,a2401,4795.0,1.0,47950.0,-1.0,1,4794.0,4801.0,3,4804.0,4818.0,4818.0,4771.0,99.0,4737210.0,5819
2023-05-09 21:07:49,a2401,a2401,4795.0,0.0,0.0,0.0,1,4794.0,4801.0,4,4804.0,4818.0,4818.0,4771.0,99.0,4737210.0,5819
2023-05-09 21:07:55,a2401,a2401,4795.0,0.0,0.0,0.0,1,4794.0,4801.0,3,4804.0,4818.0,4818.0,4771.0,99.0,4737210.0,5819
2023-05-09 21:07:56,a2401,a2401,4795.0,0.0,0.0,0.0,2,4794.0,4801.0,2,4804.0,4818.0,4818.0,4771.0,99.0,4737210.0,5819
2023-05-09 21:07:58,a2401,a2401,4795.0,0.0,0.0,0.0,2,4794.0,4801.0,3,4804.0,4818.0,4818.0,4771.0,99.0,4737210.0,5819
2023-05-09 21:08:01,a2401,a2401,4795.0,0.0,0.0,0.0,2,4794.0,4798.0,1,4804.0,4818.0,4818.0,4771.0,99.0,4737210.0,5819
2023-05-09 21:08:03,a2401,a2401,4795.0,0.0,0.0,0.0,2,4794.0,4798.0,5,4804.0,4818.0,4818.0,4771.0,99.0,4737210.0,5819
2023-05-09 21:08:04,a2401,a2401,4795.0,0.0,0.0,0.0,1,4794.0,4798.0,6,4804.0,4818.0,4818.0,4771.0,99.0,4737210.0,5819
2023-05-09 21:08:10,a2401,a2401,4795.0,0.0,0.0,0.0,1,4794.0,4798.0,5,4804.0,4818.0,4818.0,4771.0,99.0,4737210.0,5819
2023-05-09 21:08:11,a2401,a2401,4795.0,0.0,0.0,0.0,1,4794.0,4795.0,1,4804.0,4818.0,4818.0,4771.0,99.0,4737210.0,5819
2023-05-09 21:08:15,a2401,a2401,4795.0,1.0,47950.0,0.0,1,4794.0,4798.0,1,4804.0,4818.0,4818.0,4771.0,100.0,4785160.0,5819
2023-05-09 21:08:15,a2401,a2401,4794.0,2.0,95920.0,0.0,1,4793.0,4798.0,2,4804.0,4818.0,4818.0,4771.0,102.0,4881080.0,5819
2023-05-09 21:08:16,a2401,a2401,4798.0,2.0,95960.0,0.0,1,4793.0,4799.0,5,4804.0,4818.0,4818.0,4771.0,104.0,4977040.0,5819
2023-05-09 21:08:16,a2401,a2401,4798.0,0.0,0.0,0.0,2,4793.0,4798.0,1,4804.0,4818.0,4818.0,4771.0,104.0,4977040.0,5819
2023-05-09 21:08:17,a2401,a2401,4793.0,1.0,47930.0,0.0,2,4792.0,4798.0,1,4804.0,4818.0,4818.0,4771.0,105.0,5024970.0,5819
2023-05-09 21:08:17,a2401,a2401,4793.0,0.0,0.0,0.0,4,4792.0,4798.0,2,4804.0,4818.0,4818.0,4771.0,105.0,5024970.0,5819
2023-05-09 21:08:27,a2401,a2401,4793.0,0.0,0.0,0.0,3,4792.0,4798.0,3,4804.0,4818.0,4818.0,4771.0,105.0,5024970.0,5819
2023-05-09 21:08:29,a2401,a2401,4793.0,0.0,0.0,0.0,4,4792.0,4798.0,3,4804.0,4818.0,4818.0,4771.0,105.0,5024970.0,5819
2023-05-09 21:08:29,a2401,a2401,4793.0,0.0,0.0,0.0,4,4792.0,4798.0,2,4804.0,4818.0,4818.0,4771.0,105.0,5024970.0,5819
2023-05-09 21:08:31,a2401,a2401,4793.0,0.0,0.0,0.0,1,4793.0,4798.0,2,4804.0,4818.0,4818.0,4771.0,105.0,5024970.0,5819
2023-05-09 21:08:33,a2401,a2401,4793.0,0.0,0.0,0.0,2,4792.0,4798.0,3,4804.0,4818.0,4818.0,4771.0,105.0,5024970.0,5819
2023-05-09 21:08:33,a2401,a2401,4793.0,0.0,0.0,0.0,3,4792.0,4798.0,2,4804.0,4818.0,4818.0,4771.0,105.0,5024970.0,5819
2023-05-09 21:08:34,a2401,a2401,4793.0,0.0,0.0,0.0,3,4792.0,4798.0,6,4804.0,4818.0,4818.0,4771.0,105.0,5024970.0,5819
2023-05-09 21:08:35,a2401,a2401,4793.0,0.0,0.0,0.0,3,4792.0,4798.0,2,4804.0,4818.0,4818.0,4771.0,105.0,5024970.0,5819
2023-05-09 21:08:39,a2401,a2401,4793.0,0.0,0.0,0.0,3,4792.0,4798.0,6,4804.0,4818.0,4818.0,4771.0,105.0,5024970.0,5819
2023-05-09 21:08:43,a2401,a2401,4793.0,0.0,0.0,0.0,2,4792.0,4798.0,6,4804.0,4818.0,4818.0,4771.0,105.0,5024970.0,5819
2023-05-09 21:08:44,a2401,a2401,4793.0,0.0,0.0,0.0,2,4792.0,4798.0,7,4804.0,4818.0,4818.0,4771.0,105.0,5024970.0,5819
2023-05-09 21:08:45,a2401,a2401,4793.0,0.0,0.0,0.0,2,4792.0,4798.0,3,4804.0,4818.0,4818.0,4771.0,105.0,5024970.0,5819
2023-05-09 21:08:46,a2401,a2401,4793.0,0.0,0.0,0.0,2,4792.0,4796.0,1,4804.0,4818.0,4818.0,4771.0,105.0,5024970.0,5819
2023-05-09 21:08:51,a2401,a2401,4793.0,0.0,0.0,0.0,2,4792.0,4798.0,5,4804.0,4818.0,4818.0,4771.0,105.0,5024970.0,5819
2023-05-09 21:08:52,a2401,a2401,4793.0,0.0,0.0,0.0,2,4792.0,4797.0,2,4804.0,4818.0,4818.0,4771.0,105.0,5024970.0,5819
2023-05-09 21:08:53,a2401,a2401,4793.0,0.0,0.0,0.0,2,4792.0,4797.0,1,4804.0,4818.0,4818.0,4771.0,105.0,5024970.0,5819
2023-05-09 21:08:54,a2401,a2401,4793.0,0.0,0.0,0.0,2,4792.0,4797.0,2,4804.0,4818.0,4818.0,4771.0,105.0,5024970.0,5819
2023-05-09 21:08:59,a2401,a2401,4793.0,0.0,0.0,0.0,3,4792.0,4797.0,1,4804.0,4818.0,4818.0,4771.0,105.0,5024970.0,5819
2023-05-09 21:08:59,a2401,a2401,4793.0,0.0,0.0,0.0,1,4793.0,4798.0,1,4804.0,4818.0,4818.0,4771.0,105.0,5024970.0,5819
2023-05-09 21:09:00,a2401,a2401,4793.0,0.0,0.0,0.0,2,4793.0,4798.0,1,4804.0,4818.0,4818.0,4771.0,105.0,5024970.0,5819
2023-05-09 21:09:00,a2401,a2401,4793.0,0.0,0.0,0.0,1,4794.0,4799.0,3,4804.0,4818.0,4818.0,4771.0,105.0,5024970.0,5819
2023-05-09 21:09:04,a2401,a2401,4793.0,0.0,0.0,0.0,1,4794.0,4799.0,7,4804.0,4818.0,4818.0,4771.0,105.0,5024970.0,5819
2023-05-09 21:09:07,a2401,a2401,4793.0,0.0,0.0,0.0,1,4793.0,4799.0,7,4804.0,4818.0,4818.0,4771.0,105.0,5024970.0,5819
2023-05-09 21:09:07,a2401,a2401,4793.0,0.0,0.0,0.0,1,4793.0,4799.0,8,4804.0,4818.0,4818.0,4771.0,105.0,5024970.0,5819
2023-05-09 21:09:09,a2401,a2401,4793.0,0.0,0.0,0.0,1,4793.0,4799.0,4,4804.0,4818.0,4818.0,4771.0,105.0,5024970.0,5819
2023-05-09 21:09:17,a2401,a2401,4793.0,0.0,0.0,0.0,1,4793.0,4799.0,8,4804.0,4818.0,4818.0,4771.0,105.0,5024970.0,5819
2023-05-09 21:09:17,a2401,a2401,4793.0,0.0,0.0,0.0,1,4793.0,4799.0,4,4804.0,4818.0,4818.0,4771.0,105.0,5024970.0,5819
2023-05-09 21:09:18,a2401,a2401,4793.0,0.0,0.0,0.0,1,4793.0,4799.0,3,4804.0,4818.0,4818.0,4771.0,105.0,5024970.0,5819
2023-05-09 21:09:19,a2401,a2401,4793.0,0.0,0.0,0.0,1,4792.0,4797.0,5,4804.0,4818.0,4818.0,4771.0,105.0,5024970.0,5819
2023-05-09 21:09:19,a2401,a2401,4793.0,0.0,0.0,0.0,2,4792.0,4797.0,6,4804.0,4818.0,4818.0,4771.0,105.0,5024970.0,5819
2023-05-09 21:09:20,a2401,a2401,4793.0,0.0,0.0,0.0,2,4792.0,4797.0,2,4804.0,4818.0,4818.0,4771.0,105.0,5024970.0,5819
2023-05-09 21:09:26,a2401,a2401,4793.0,0.0,0.0,0.0,2,4792.0,4797.0,6,4804.0,4818.0,4818.0,4771.0,105.0,5024970.0,5819
2023-05-09 21:09:28,a2401,a2401,4793.0,0.0,0.0,0.0,2,4792.0,4797.0,7,4804.0,4818.0,4818.0,4771.0,105.0,5024970.0,5819
2023-05-09 21:09:29,a2401,a2401,4793.0,0.0,0.0,0.0,1,4792.0,4797.0,8,4804.0,4818.0,4818.0,4771.0,105.0,5024970.0,5819
2023-05-09 21:09:30,a2401,a2401,4793.0,0.0,0.0,0.0,2,4781.0,4797.0,4,4804.0,4818.0,4818.0,4771.0,105.0,5024970.0,5819
2023-05-09 21:09:31,a2401,a2401,4793.0,0.0,0.0,0.0,1,4790.0,4797.0,3,4804.0,4818.0,4818.0,4771.0,105.0,5024970.0,5819
2023-05-09 21:09:31,a2401,a2401,4793.0,0.0,0.0,0.0,1,4790.0,4794.0,1,4804.0,4818.0,4818.0,4771.0,105.0,5024970.0,5819
2023-05-09 21:09:32,a2401,a2401,4793.0,0.0,0.0,0.0,1,4790.0,4795.0,1,4804.0,4818.0,4818.0,4771.0,105.0,5024970.0,5819
2023-05-09 21:09:32,a2401,a2401,4793.0,0.0,0.0,0.0,1,4790.0,4795.0,2,4804.0,4818.0,4818.0,4771.0,105.0,5024970.0,5819
2023-05-09 21:09:33,a2401,a2401,4793.0,0.0,0.0,0.0,1,4790.0,4795.0,3,4804.0,4818.0,4818.0,4771.0,105.0,5024970.0,5819
2023-05-09 21:09:35,a2401,a2401,4793.0,0.0,0.0,0.0,2,4790.0,4795.0,2,4804.0,4818.0,4818.0,4771.0,105.0,5024970.0,5819
2023-05-09 21:09:35,a2401,a2401,4793.0,0.0,0.0,0.0,1,4790.0,4795.0,2,4804.0,4818.0,4818.0,4771.0,105.0,5024970.0,5819
2023-05-09 21:09:40,a2401,a2401,4793.0,0.0,0.0,0.0,1,4790.0,4795.0,3,4804.0,4818.0,4818.0,4771.0,105.0,5024970.0,5819
2023-05-09 21:09:44,a2401,a2401,4792.0,1.0,47920.0,0.0,2,4790.0,4795.0,2,4804.0,4818.0,4818.0,4771.0,106.0,5072890.0,5819
2023-05-09 21:09:44,a2401,a2401,4792.0,0.0,0.0,0.0,1,4791.0,4795.0,2,4804.0,4818.0,4818.0,4771.0,106.0,5072890.0,5819
2023-05-09 21:09:57,a2401,a2401,4792.0,0.0,0.0,0.0,1,4792.0,4797.0,6,4804.0,4818.0,4818.0,4771.0,106.0,5072890.0,5819
2023-05-09 21:09:58,a2401,a2401,4792.0,0.0,0.0,0.0,1,4793.0,4797.0,6,4804.0,4818.0,4818.0,4771.0,106.0,5072890.0,5819
2023-05-09 21:09:58,a2401,a2401,4797.0,5.0,239850.0,5.0,2,4793.0,4798.0,2,4804.0,4818.0,4818.0,4771.0,111.0,5312740.0,5824
2023-05-09 21:09:58,a2401,a2401,4798.0,1.0,47980.0,0.0,2,4793.0,4798.0,2,4804.0,4818.0,4818.0,4771.0,112.0,5360720.0,5824
2023-05-09 21:09:59,a2401,a2401,4798.0,2.0,95960.0,1.0,2,4793.0,4798.0,1,4804.0,4818.0,4818.0,4771.0,114.0,5456680.0,5825
2023-05-09 21:10:00,a2401,a2401,4798.0,1.0,47980.0,0.0,2,4793.0,4798.0,1,4804.0,4818.0,4818.0,4771.0,115.0,5504660.0,5825
2023-05-09 21:10:01,a2401,a2401,4798.0,0.0,0.0,0.0,4,4793.0,4798.0,2,4804.0,4818.0,4818.0,4771.0,115.0,5504660.0,5825
2023-05-09 21:10:03,a2401,a2401,4798.0,0.0,0.0,0.0,4,4793.0,4799.0,3,4804.0,4818.0,4818.0,4771.0,115.0,5504660.0,5825
2023-05-09 21:10:06,a2401,a2401,4798.0,0.0,0.0,0.0,4,4793.0,4799.0,1,4804.0,4818.0,4818.0,4771.0,115.0,5504660.0,5825
2023-05-09 21:10:06,a2401,a2401,4798.0,0.0,0.0,0.0,2,4794.0,4799.0,1,4804.0,4818.0,4818.0,4771.0,115.0,5504660.0,5825
2023-05-09 21:10:07,a2401,a2401,4798.0,0.0,0.0,0.0,2,4796.0,4800.0,8,4804.0,4818.0,4818.0,4771.0,115.0,5504660.0,5825
2023-05-09 21:10:07,a2401,a2401,4798.0,0.0,0.0,0.0,2,4796.0,4800.0,7,4804.0,4818.0,4818.0,4771.0,115.0,5504660.0,5825
2023-05-09 21:10:08,a2401,a2401,4800.0,5.0,240000.0,0.0,2,4796.0,4800.0,2,4804.0,4818.0,4818.0,4771.0,120.0,5744660.0,5825
2023-05-09 21:10:28,a2401,a2401,4800.0,0.0,0.0,0.0,3,4796.0,4800.0,2,4804.0,4818.0,4818.0,4771.0,120.0,5744660.0,5825
2023-05-09 21:10:28,a2401,a2401,4800.0,0.0,0.0,0.0,4,4796.0,4800.0,2,4804.0,4818.0,4818.0,4771.0,120.0,5744660.0,5825
2023-05-09 21:10:46,a2401,a2401,4800.0,0.0,0.0,0.0,4,4796.0,4798.0,1,4804.0,4818.0,4818.0,4771.0,120.0,5744660.0,5825
2023-05-09 21:10:46,a2401,a2401,4798.0,1.0,47980.0,0.0,4,4796.0,4800.0,2,4804.0,4818.0,4818.0,4771.0,121.0,5792640.0,5825
2023-05-09 21:10:52,a2401,a2401,4798.0,0.0,0.0,0.0,3,4796.0,4800.0,2,4804.0,4818.0,4818.0,4771.0,121.0,5792640.0,5825
2023-05-09 21:10:53,a2401,a2401,4798.0,0.0,0.0,0.0,1,4797.0,4800.0,2,4804.0,4818.0,4818.0,4771.0,121.0,5792640.0,5825
2023-05-09 21:10:53,a2401,a2401,4798.0,0.0,0.0,0.0,3,4796.0,4800.0,2,4804.0,4818.0,4818.0,4771.0,121.0,5792640.0,5825
2023-05-09 21:10:53,a2401,a2401,4798.0,0.0,0.0,0.0,4,4796.0,4800.0,2,4804.0,4818.0,4818.0,4771.0,121.0,5792640.0,5825
2023-05-09 21:10:54,a2401,a2401,4798.0,0.0,0.0,0.0,2,4796.0,4800.0,2,4804.0,4818.0,4818.0,4771.0,121.0,5792640.0,5825
2023-05-09 21:10:55,a2401,a2401,4798.0,0.0,0.0,0.0,4,4796.0,4800.0,2,4804.0,4818.0,4818.0,4771.0,121.0,5792640.0,5825
2023-05-09 21:10:58,a2401,a2401,4798.0,0.0,0.0,0.0,3,4796.0,4800.0,2,4804.0,4818.0,4818.0,4771.0,121.0,5792640.0,5825
2023-05-09 21:10:59,a2401,a2401,4800.0,5.0,240000.0,-5.0,4,4796.0,4801.0,1,4804.0,4818.0,4818.0,4771.0,126.0,6032640.0,5820
2023-05-09 21:10:59,a2401,a2401,4800.0,0.0,0.0,0.0,2,4796.0,4801.0,2,4804.0,4818.0,4818.0,4771.0,126.0,6032640.0,5820
2023-05-09 21:11:01,a2401,a2401,4800.0,0.0,0.0,0.0,3,4796.0,4801.0,2,4804.0,4818.0,4818.0,4771.0,126.0,6032640.0,5820
2023-05-09 21:11:01,a2401,a2401,4800.0,0.0,0.0,0.0,5,4796.0,4801.0,1,4804.0,4818.0,4818.0,4771.0,126.0,6032640.0,5820
2023-05-09 21:11:02,a2401,a2401,4800.0,0.0,0.0,0.0,1,4797.0,4802.0,5,4804.0,4818.0,4818.0,4771.0,126.0,6032640.0,5820
2023-05-09 21:11:02,a2401,a2401,4800.0,0.0,0.0,0.0,1,4798.0,4802.0,5,4804.0,4818.0,4818.0,4771.0,126.0,6032640.0,5820
2023-05-09 21:11:03,a2401,a2401,4800.0,0.0,0.0,0.0,1,4798.0,4802.0,6,4804.0,4818.0,4818.0,4771.0,126.0,6032640.0,5820
2023-05-09 21:11:03,a2401,a2401,4800.0,0.0,0.0,0.0,2,4798.0,4802.0,4,4804.0,4818.0,4818.0,4771.0,126.0,6032640.0,5820
2023-05-09 21:11:05,a2401,a2401,4800.0,0.0,0.0,0.0,2,4798.0,4800.0,1,4804.0,4818.0,4818.0,4771.0,126.0,6032640.0,5820
2023-05-09 21:11:08,a2401,a2401,4800.0,1.0,48000.0,0.0,1,4799.0,4802.0,4,4804.0,4818.0,4818.0,4771.0,127.0,6080640.0,5820
2023-05-09 21:11:09,a2401,a2401,4800.0,0.0,0.0,0.0,3,4798.0,4802.0,4,4804.0,4818.0,4818.0,4771.0,127.0,6080640.0,5820
2023-05-09 21:11:09,a2401,a2401,4800.0,0.0,0.0,0.0,1,4801.0,4802.0,4,4804.0,4818.0,4818.0,4771.0,127.0,6080640.0,5820
2023-05-09 21:11:11,a2401,a2401,4801.0,1.0,48010.0,-1.0,1,4801.0,4802.0,4,4804.0,4818.0,4818.0,4771.0,128.0,6128650.0,5819
2023-05-09 21:11:12,a2401,a2401,4801.0,1.0,48010.0,-1.0,1,4799.0,4802.0,4,4804.0,4818.0,4818.0,4771.0,129.0,6176660.0,5818
2023-05-09 21:11:21,a2401,a2401,4801.0,0.0,0.0,0.0,2,4799.0,4802.0,4,4804.0,4818.0,4818.0,4771.0,129.0,6176660.0,5818
2023-05-09 21:11:22,a2401,a2401,4801.0,0.0,0.0,0.0,1,4799.0,4802.0,4,4804.0,4818.0,4818.0,4771.0,129.0,6176660.0,5818
2023-05-09 21:11:26,a2401,a2401,4801.0,0.0,0.0,0.0,3,4799.0,4802.0,4,4804.0,4818.0,4818.0,4771.0,129.0,6176660.0,5818
2023-05-09 21:11:26,a2401,a2401,4801.0,0.0,0.0,0.0,2,4799.0,4802.0,4,4804.0,4818.0,4818.0,4771.0,129.0,6176660.0,5818
2023-05-09 21:11:26,a2401,a2401,4801.0,0.0,0.0,0.0,1,4799.0,4802.0,4,4804.0,4818.0,4818.0,4771.0,129.0,6176660.0,5818
2023-05-09 21:11:30,a2401,a2401,4802.0,1.0,48020.0,-1.0,1,4799.0,4802.0,3,4804.0,4818.0,4818.0,4771.0,130.0,6224680.0,5817
2023-05-09 21:11:34,a2401,a2401,4802.0,2.0,96040.0,-2.0,1,4799.0,4802.0,1,4804.0,4818.0,4818.0,4771.0,132.0,6320720.0,5815
2023-05-09 21:11:39,a2401,a2401,4802.0,0.0,0.0,0.0,1,4798.0,4802.0,1,4804.0,4818.0,4818.0,4771.0,132.0,6320720.0,5815
2023-05-09 21:11:39,a2401,a2401,4802.0,0.0,0.0,0.0,2,4798.0,4802.0,1,4804.0,4818.0,4818.0,4771.0,132.0,6320720.0,5815
2023-05-09 21:11:39,a2401,a2401,4802.0,0.0,0.0,0.0,1,4798.0,4802.0,1,4804.0,4818.0,4818.0,4771.0,132.0,6320720.0,5815
2023-05-09 21:11:40,a2401,a2401,4802.0,0.0,0.0,0.0,1,4798.0,4802.0,2,4804.0,4818.0,4818.0,4771.0,132.0,6320720.0,5815
2023-05-09 21:11:41,a2401,a2401,4802.0,0.0,0.0,0.0,2,4798.0,4802.0,2,4804.0,4818.0,4818.0,4771.0,132.0,6320720.0,5815
2023-05-09 21:11:41,a2401,a2401,4802.0,0.0,0.0,0.0,3,4798.0,4802.0,2,4804.0,4818.0,4818.0,4771.0,132.0,6320720.0,5815
2023-05-09 21:11:43,a2401,a2401,4802.0,0.0,0.0,0.0,2,4798.0,4802.0,2,4804.0,4818.0,4818.0,4771.0,132.0,6320720.0,5815
2023-05-09 21:11:43,a2401,a2401,4802.0,0.0,0.0,0.0,1,4798.0,4802.0,2,4804.0,4818.0,4818.0,4771.0,132.0,6320720.0,5815
2023-05-09 21:11:45,a2401,a2401,4802.0,0.0,0.0,0.0,2,4798.0,4802.0,2,4804.0,4818.0,4818.0,4771.0,132.0,6320720.0,5815
2023-05-09 21:11:48,a2401,a2401,4802.0,0.0,0.0,0.0,1,4798.0,4802.0,2,4804.0,4818.0,4818.0,4771.0,132.0,6320720.0,5815
2023-05-09 21:11:55,a2401,a2401,4802.0,0.0,0.0,0.0,3,4797.0,4802.0,4,4804.0,4818.0,4818.0,4771.0,132.0,6320720.0,5815
2023-05-09 21:11:55,a2401,a2401,4802.0,0.0,0.0,0.0,5,4797.0,4802.0,4,4804.0,4818.0,4818.0,4771.0,132.0,6320720.0,5815
2023-05-09 21:11:56,a2401,a2401,4802.0,0.0,0.0,0.0,4,4797.0,4802.0,4,4804.0,4818.0,4818.0,4771.0,132.0,6320720.0,5815
2023-05-09 21:11:59,a2401,a2401,4802.0,0.0,0.0,0.0,2,4797.0,4802.0,4,4804.0,4818.0,4818.0,4771.0,132.0,6320720.0,5815
2023-05-09 21:11:59,a2401,a2401,4802.0,0.0,0.0,0.0,4,4796.0,4802.0,6,4804.0,4818.0,4818.0,4771.0,132.0,6320720.0,5815
2023-05-09 21:12:00,a2401,a2401,4802.0,0.0,0.0,0.0,5,4796.0,4802.0,5,4804.0,4818.0,4818.0,4771.0,132.0,6320720.0,5815
2023-05-09 21:12:01,a2401,a2401,4802.0,0.0,0.0,0.0,5,4796.0,4802.0,7,4804.0,4818.0,4818.0,4771.0,132.0,6320720.0,5815
2023-05-09 21:12:03,a2401,a2401,4802.0,0.0,0.0,0.0,3,4796.0,4802.0,7,4804.0,4818.0,4818.0,4771.0,132.0,6320720.0,5815
2023-05-09 21:12:07,a2401,a2401,4802.0,0.0,0.0,0.0,2,4795.0,4802.0,7,4804.0,4818.0,4818.0,4771.0,132.0,6320720.0,5815
2023-05-09 21:12:07,a2401,a2401,4802.0,0.0,0.0,0.0,3,4795.0,4802.0,7,4804.0,4818.0,4818.0,4771.0,132.0,6320720.0,5815
2023-05-09 21:12:08,a2401,a2401,4802.0,0.0,0.0,0.0,2,4795.0,4802.0,7,4804.0,4818.0,4818.0,4771.0,132.0,6320720.0,5815
2023-05-09 21:12:09,a2401,a2401,4802.0,0.0,0.0,0.0,3,4796.0,4802.0,7,4804.0,4818.0,4818.0,4771.0,132.0,6320720.0,5815
2023-05-09 21:12:10,a2401,a2401,4802.0,0.0,0.0,0.0,3,4796.0,4802.0,6,4804.0,4818.0,4818.0,4771.0,132.0,6320720.0,5815
2023-05-09 21:12:13,a2401,a2401,4802.0,0.0,0.0,0.0,4,4796.0,4802.0,6,4804.0,4818.0,4818.0,4771.0,132.0,6320720.0,5815
2023-05-09 21:12:13,a2401,a2401,4802.0,0.0,0.0,0.0,3,4796.0,4802.0,7,4804.0,4818.0,4818.0,4771.0,132.0,6320720.0,5815
2023-05-09 21:12:14,a2401,a2401,4802.0,0.0,0.0,0.0,2,4796.0,4802.0,7,4804.0,4818.0,4818.0,4771.0,132.0,6320720.0,5815
2023-05-09 21:12:14,a2401,a2401,4802.0,0.0,0.0,0.0,3,4796.0,4802.0,7,4804.0,4818.0,4818.0,4771.0,132.0,6320720.0,5815
2023-05-09 21:12:19,a2401,a2401,4802.0,0.0,0.0,0.0,3,4796.0,4802.0,6,4804.0,4818.0,4818.0,4771.0,132.0,6320720.0,5815
2023-05-09 21:12:20,a2401,a2401,4802.0,0.0,0.0,0.0,3,4796.0,4802.0,7,4804.0,4818.0,4818.0,4771.0,132.0,6320720.0,5815
2023-05-09 21:12:21,a2401,a2401,4802.0,0.0,0.0,0.0,3,4796.0,4802.0,6,4804.0,4818.0,4818.0,4771.0,132.0,6320720.0,5815
2023-05-09 21:12:22,a2401,a2401,4802.0,0.0,0.0,0.0,3,4796.0,4802.0,7,4804.0,4818.0,4818.0,4771.0,132.0,6320720.0,5815
2023-05-09 21:12:26,a2401,a2401,4802.0,0.0,0.0,0.0,3,4796.0,4802.0,6,4804.0,4818.0,4818.0,4771.0,132.0,6320720.0,5815
2023-05-09 21:12:29,a2401,a2401,4802.0,0.0,0.0,0.0,3,4796.0,4802.0,7,4804.0,4818.0,4818.0,4771.0,132.0,6320720.0,5815
2023-05-09 21:12:29,a2401,a2401,4802.0,0.0,0.0,0.0,2,4796.0,4802.0,7,4804.0,4818.0,4818.0,4771.0,132.0,6320720.0,5815
2023-05-09 21:12:32,a2401,a2401,4802.0,0.0,0.0,0.0,3,4795.0,4802.0,7,4804.0,4818.0,4818.0,4771.0,132.0,6320720.0,5815
2023-05-09 21:12:32,a2401,a2401,4802.0,0.0,0.0,0.0,4,4795.0,4802.0,7,4804.0,4818.0,4818.0,4771.0,132.0,6320720.0,5815
2023-05-09 21:12:33,a2401,a2401,4802.0,0.0,0.0,0.0,3,4795.0,4802.0,7,4804.0,4818.0,4818.0,4771.0,132.0,6320720.0,5815
2023-05-09 21:12:35,a2401,a2401,4802.0,0.0,0.0,0.0,4,4795.0,4802.0,7,4804.0,4818.0,4818.0,4771.0,132.0,6320720.0,5815
2023-05-09 21:12:35,a2401,a2401,4802.0,0.0,0.0,0.0,3,4796.0,4802.0,7,4804.0,4818.0,4818.0,4771.0,132.0,6320720.0,5815
2023-05-09 21:12:36,a2401,a2401,4802.0,0.0,0.0,0.0,2,4796.0,4802.0,6,4804.0,4818.0,4818.0,4771.0,132.0,6320720.0,5815
2023-05-09 21:12:36,a2401,a2401,4802.0,0.0,0.0,0.0,1,4796.0,4802.0,6,4804.0,4818.0,4818.0,4771.0,132.0,6320720.0,5815
2023-05-09 21:12:37,a2401,a2401,4802.0,0.0,0.0,0.0,2,4797.0,4802.0,5,4804.0,4818.0,4818.0,4771.0,132.0,6320720.0,5815
2023-05-09 21:12:41,a2401,a2401,4802.0,0.0,0.0,0.0,2,4797.0,4802.0,6,4804.0,4818.0,4818.0,4771.0,132.0,6320720.0,5815
2023-05-09 21:12:41,a2401,a2401,4802.0,0.0,0.0,0.0,1,4797.0,4802.0,6,4804.0,4818.0,4818.0,4771.0,132.0,6320720.0,5815
2023-05-09 21:12:43,a2401,a2401,4802.0,0.0,0.0,0.0,1,4797.0,4802.0,5,4804.0,4818.0,4818.0,4771.0,132.0,6320720.0,5815
2023-05-09 21:12:58,a2401,a2401,4802.0,0.0,0.0,0.0,3,4797.0,4802.0,5,4804.0,4818.0,4818.0,4771.0,132.0,6320720.0,5815
2023-05-09 21:13:05,a2401,a2401,4802.0,0.0,0.0,0.0,4,4797.0,4802.0,6,4804.0,4818.0,4818.0,4771.0,132.0,6320720.0,5815
2023-05-09 21:13:05,a2401,a2401,4802.0,0.0,0.0,0.0,3,4797.0,4802.0,6,4804.0,4818.0,4818.0,4771.0,132.0,6320720.0,5815
2023-05-09 21:13:05,a2401,a2401,4802.0,0.0,0.0,0.0,2,4797.0,4802.0,6,4804.0,4818.0,4818.0,4771.0,132.0,6320720.0,5815
2023-05-09 21:13:10,a2401,a2401,4802.0,0.0,0.0,0.0,2,4797.0,4802.0,7,4804.0,4818.0,4818.0,4771.0,132.0,6320720.0,5815
2023-05-09 21:13:17,a2401,a2401,4802.0,0.0,0.0,0.0,1,4797.0,4802.0,7,4804.0,4818.0,4818.0,4771.0,132.0,6320720.0,5815
2023-05-09 21:13:18,a2401,a2401,4798.0,1.0,47980.0,0.0,1,4797.0,4802.0,6,4804.0,4818.0,4818.0,4771.0,133.0,6368700.0,5815
2023-05-09 21:13:20,a2401,a2401,4798.0,0.0,0.0,0.0,2,4798.0,4802.0,6,4804.0,4818.0,4818.0,4771.0,133.0,6368700.0,5815
2023-05-09 21:13:22,a2401,a2401,4798.0,1.0,47980.0,1.0,2,4798.0,4802.0,6,4804.0,4818.0,4818.0,4771.0,134.0,6416680.0,5816
2023-05-09 21:13:23,a2401,a2401,4798.0,1.0,47980.0,1.0,1,4798.0,4802.0,5,4804.0,4818.0,4818.0,4771.0,135.0,6464660.0,5817
2023-05-09 21:13:24,a2401,a2401,4798.0,0.0,0.0,0.0,2,4797.0,4802.0,5,4804.0,4818.0,4818.0,4771.0,135.0,6464660.0,5817
2023-05-09 21:13:27,a2401,a2401,4798.0,0.0,0.0,0.0,2,4797.0,4802.0,6,4804.0,4818.0,4818.0,4771.0,135.0,6464660.0,5817
2023-05-09 21:13:27,a2401,a2401,4798.0,0.0,0.0,0.0,2,4797.0,4802.0,5,4804.0,4818.0,4818.0,4771.0,135.0,6464660.0,5817
2023-05-09 21:13:30,a2401,a2401,4798.0,0.0,0.0,0.0,2,4797.0,4802.0,7,4804.0,4818.0,4818.0,4771.0,135.0,6464660.0,5817
2023-05-09 21:13:30,a2401,a2401,4798.0,0.0,0.0,0.0,1,4797.0,4802.0,7,4804.0,4818.0,4818.0,4771.0,135.0,6464660.0,5817
2023-05-09 21:13:51,a2401,a2401,4798.0,0.0,0.0,0.0,1,4797.0,4802.0,6,4804.0,4818.0,4818.0,4771.0,135.0,6464660.0,5817
2023-05-09 21:13:51,a2401,a2401,4798.0,0.0,0.0,0.0,1,4797.0,4802.0,5,4804.0,4818.0,4818.0,4771.0,135.0,6464660.0,5817
2023-05-09 21:13:55,a2401,a2401,4798.0,0.0,0.0,0.0,1,4797.0,4802.0,7,4804.0,4818.0,4818.0,4771.0,135.0,6464660.0,5817
2023-05-09 21:14:07,a2401,a2401,4798.0,0.0,0.0,0.0,1,4794.0,4800.0,1,4804.0,4818.0,4818.0,4771.0,135.0,6464660.0,5817
2023-05-09 21:14:08,a2401,a2401,4798.0,0.0,0.0,0.0,3,4794.0,4799.0,1,4804.0,4818.0,4818.0,4771.0,135.0,6464660.0,5817
2023-05-09 21:14:08,a2401,a2401,4798.0,0.0,0.0,0.0,3,4794.0,4799.0,3,4804.0,4818.0,4818.0,4771.0,135.0,6464660.0,5817
2023-05-09 21:14:09,a2401,a2401,4798.0,0.0,0.0,0.0,2,4794.0,4799.0,3,4804.0,4818.0,4818.0,4771.0,135.0,6464660.0,5817
2023-05-09 21:14:13,a2401,a2401,4798.0,0.0,0.0,0.0,2,4785.0,4799.0,3,4804.0,4818.0,4818.0,4771.0,135.0,6464660.0,5817
2023-05-09 21:14:13,a2401,a2401,4798.0,0.0,0.0,0.0,1,4793.0,4799.0,5,4804.0,4818.0,4818.0,4771.0,135.0,6464660.0,5817
2023-05-09 21:14:15,a2401,a2401,4798.0,0.0,0.0,0.0,1,4793.0,4799.0,4,4804.0,4818.0,4818.0,4771.0,135.0,6464660.0,5817
2023-05-09 21:14:18,a2401,a2401,4798.0,0.0,0.0,0.0,3,4793.0,4799.0,4,4804.0,4818.0,4818.0,4771.0,135.0,6464660.0,5817
2023-05-09 21:14:20,a2401,a2401,4793.0,3.0,143790.0,3.0,3,4792.0,4793.0,7,4804.0,4818.0,4818.0,4771.0,138.0,6608450.0,5820
2023-05-09 21:14:20,a2401,a2401,4793.0,7.0,335510.0,7.0,1,4793.0,4797.0,1,4804.0,4818.0,4818.0,4771.0,145.0,6943960.0,5827
2023-05-09 21:14:21,a2401,a2401,4793.0,0.0,0.0,0.0,1,4794.0,4798.0,1,4804.0,4818.0,4818.0,4771.0,145.0,6943960.0,5827
2023-05-09 21:14:37,a2401,a2401,4793.0,0.0,0.0,0.0,2,4793.0,4798.0,1,4804.0,4818.0,4818.0,4771.0,145.0,6943960.0,5827
2023-05-09 21:14:38,a2401,a2401,4793.0,0.0,0.0,0.0,2,4793.0,4798.0,3,4804.0,4818.0,4818.0,4771.0,145.0,6943960.0,5827
2023-05-09 21:14:39,a2401,a2401,4793.0,0.0,0.0,0.0,1,4793.0,4798.0,4,4804.0,4818.0,4818.0,4771.0,145.0,6943960.0,5827
2023-05-09 21:14:39,a2401,a2401,4793.0,0.0,0.0,0.0,1,4793.0,4797.0,2,4804.0,4818.0,4818.0,4771.0,145.0,6943960.0,5827
2023-05-09 21:14:40,a2401,a2401,4793.0,0.0,0.0,0.0,1,4793.0,4795.0,1,4804.0,4818.0,4818.0,4771.0,145.0,6943960.0,5827
2023-05-09 21:14:41,a2401,a2401,4793.0,1.0,47930.0,-1.0,4,4791.0,4795.0,1,4804.0,4818.0,4818.0,4771.0,146.0,6991890.0,5826
2023-05-09 21:14:42,a2401,a2401,4793.0,0.0,0.0,0.0,1,4790.0,4795.0,1,4804.0,4818.0,4818.0,4771.0,146.0,6991890.0,5826
2023-05-09 21:14:45,a2401,a2401,4793.0,0.0,0.0,0.0,1,4789.0,4795.0,1,4804.0,4818.0,4818.0,4771.0,146.0,6991890.0,5826
2023-05-09 21:14:45,a2401,a2401,4793.0,0.0,0.0,0.0,1,4791.0,4795.0,1,4804.0,4818.0,4818.0,4771.0,146.0,6991890.0,5826
2023-05-09 21:14:55,a2401,a2401,4793.0,0.0,0.0,0.0,3,4785.0,4795.0,1,4804.0,4818.0,4818.0,4771.0,146.0,6991890.0,5826
2023-05-09 21:14:55,a2401,a2401,4793.0,0.0,0.0,0.0,1,4790.0,4795.0,2,4804.0,4818.0,4818.0,4771.0,146.0,6991890.0,5826
2023-05-09 21:14:56,a2401,a2401,4793.0,0.0,0.0,0.0,1,4790.0,4795.0,1,4804.0,4818.0,4818.0,4771.0,146.0,6991890.0,5826
2023-05-09 21:14:56,a2401,a2401,4793.0,0.0,0.0,0.0,2,4790.0,4795.0,1,4804.0,4818.0,4818.0,4771.0,146.0,6991890.0,5826
2023-05-09 21:14:57,a2401,a2401,4793.0,0.0,0.0,0.0,3,4790.0,4795.0,1,4804.0,4818.0,4818.0,4771.0,146.0,6991890.0,5826
2023-05-09 21:15:00,a2401,a2401,4793.0,0.0,0.0,0.0,1,4791.0,4795.0,1,4804.0,4818.0,4818.0,4771.0,146.0,6991890.0,5826
2023-05-09 21:15:01,a2401,a2401,4793.0,0.0,0.0,0.0,2,4790.0,4795.0,1,4804.0,4818.0,4818.0,4771.0,146.0,6991890.0,5826
2023-05-09 21:15:01,a2401,a2401,4793.0,0.0,0.0,0.0,1,4790.0,4795.0,4,4804.0,4818.0,4818.0,4771.0,146.0,6991890.0,5826
2023-05-09 21:15:03,a2401,a2401,4793.0,0.0,0.0,0.0,1,4790.0,4795.0,5,4804.0,4818.0,4818.0,4771.0,146.0,6991890.0,5826
2023-05-09 21:15:03,a2401,a2401,4793.0,0.0,0.0,0.0,2,4788.0,4795.0,5,4804.0,4818.0,4818.0,4771.0,146.0,6991890.0,5826
2023-05-09 21:15:10,a2401,a2401,4793.0,0.0,0.0,0.0,1,4788.0,4795.0,5,4804.0,4818.0,4818.0,4771.0,146.0,6991890.0,5826
2023-05-09 21:15:11,a2401,a2401,4793.0,0.0,0.0,0.0,2,4788.0,4794.0,1,4804.0,4818.0,4818.0,4771.0,146.0,6991890.0,5826
2023-05-09 21:15:11,a2401,a2401,4793.0,0.0,0.0,0.0,2,4788.0,4795.0,3,4804.0,4818.0,4818.0,4771.0,146.0,6991890.0,5826
2023-05-09 21:15:11,a2401,a2401,4793.0,0.0,0.0,0.0,2,4788.0,4793.0,1,4804.0,4818.0,4818.0,4771.0,146.0,6991890.0,5826
2023-05-09 21:15:12,a2401,a2401,4793.0,0.0,0.0,0.0,1,4788.0,4793.0,1,4804.0,4818.0,4818.0,4771.0,146.0,6991890.0,5826
2023-05-09 21:15:18,a2401,a2401,4793.0,1.0,47930.0,0.0,2,4788.0,4794.0,1,4804.0,4818.0,4818.0,4771.0,147.0,7039820.0,5826
2023-05-09 21:15:19,a2401,a2401,4793.0,0.0,0.0,0.0,2,4788.0,4794.0,3,4804.0,4818.0,4818.0,4771.0,147.0,7039820.0,5826
2023-05-09 21:15:19,a2401,a2401,4793.0,0.0,0.0,0.0,3,4788.0,4794.0,2,4804.0,4818.0,4818.0,4771.0,147.0,7039820.0,5826
2023-05-09 21:15:20,a2401,a2401,4793.0,0.0,0.0,0.0,3,4788.0,4794.0,1,4804.0,4818.0,4818.0,4771.0,147.0,7039820.0,5826
2023-05-09 21:15:20,a2401,a2401,4793.0,0.0,0.0,0.0,3,4788.0,4794.0,3,4804.0,4818.0,4818.0,4771.0,147.0,7039820.0,5826
2023-05-09 21:15:21,a2401,a2401,4793.0,0.0,0.0,0.0,2,4788.0,4793.0,2,4804.0,4818.0,4818.0,4771.0,147.0,7039820.0,5826
2023-05-09 21:15:22,a2401,a2401,4793.0,0.0,0.0,0.0,2,4788.0,4793.0,1,4804.0,4818.0,4818.0,4771.0,147.0,7039820.0,5826
2023-05-09 21:15:22,a2401,a2401,4793.0,0.0,0.0,0.0,2,4788.0,4794.0,3,4804.0,4818.0,4818.0,4771.0,147.0,7039820.0,5826
2023-05-09 21:15:23,a2401,a2401,4793.0,0.0,0.0,0.0,2,4788.0,4794.0,4,4804.0,4818.0,4818.0,4771.0,147.0,7039820.0,5826
2023-05-09 21:15:24,a2401,a2401,4793.0,0.0,0.0,0.0,2,4788.0,4794.0,2,4804.0,4818.0,4818.0,4771.0,147.0,7039820.0,5826
2023-05-09 21:15:24,a2401,a2401,4793.0,0.0,0.0,0.0,2,4788.0,4794.0,3,4804.0,4818.0,4818.0,4771.0,147.0,7039820.0,5826
2023-05-09 21:15:25,a2401,a2401,4793.0,0.0,0.0,0.0,2,4788.0,4793.0,1,4804.0,4818.0,4818.0,4771.0,147.0,7039820.0,5826
2023-05-09 21:15:28,a2401,a2401,4793.0,0.0,0.0,0.0,1,4788.0,4793.0,1,4804.0,4818.0,4818.0,4771.0,147.0,7039820.0,5826
2023-05-09 21:15:29,a2401,a2401,4793.0,0.0,0.0,0.0,1,4787.0,4793.0,3,4804.0,4818.0,4818.0,4771.0,147.0,7039820.0,5826
2023-05-09 21:15:29,a2401,a2401,4793.0,0.0,0.0,0.0,3,4787.0,4793.0,3,4804.0,4818.0,4818.0,4771.0,147.0,7039820.0,5826
2023-05-09 21:15:30,a2401,a2401,4793.0,0.0,0.0,0.0,3,4787.0,4793.0,5,4804.0,4818.0,4818.0,4771.0,147.0,7039820.0,5826
2023-05-09 21:15:30,a2401,a2401,4793.0,0.0,0.0,0.0,2,4787.0,4793.0,4,4804.0,4818.0,4818.0,4771.0,147.0,7039820.0,5826
2023-05-09 21:15:31,a2401,a2401,4793.0,0.0,0.0,0.0,2,4787.0,4793.0,5,4804.0,4818.0,4818.0,4771.0,147.0,7039820.0,5826
2023-05-09 21:15:32,a2401,a2401,4793.0,0.0,0.0,0.0,3,4787.0,4793.0,3,4804.0,4818.0,4818.0,4771.0,147.0,7039820.0,5826
2023-05-09 21:15:35,a2401,a2401,4793.0,0.0,0.0,0.0,3,4787.0,4793.0,5,4804.0,4818.0,4818.0,4771.0,147.0,7039820.0,5826
2023-05-09 21:15:36,a2401,a2401,4793.0,0.0,0.0,0.0,3,4787.0,4793.0,3,4804.0,4818.0,4818.0,4771.0,147.0,7039820.0,5826
2023-05-09 21:15:38,a2401,a2401,4793.0,0.0,0.0,0.0,4,4787.0,4793.0,3,4804.0,4818.0,4818.0,4771.0,147.0,7039820.0,5826
2023-05-09 21:15:39,a2401,a2401,4793.0,0.0,0.0,0.0,3,4787.0,4793.0,3,4804.0,4818.0,4818.0,4771.0,147.0,7039820.0,5826
2023-05-09 21:15:39,a2401,a2401,4793.0,0.0,0.0,0.0,3,4787.0,4793.0,4,4804.0,4818.0,4818.0,4771.0,147.0,7039820.0,5826
2023-05-09 21:15:40,a2401,a2401,4793.0,0.0,0.0,0.0,4,4787.0,4793.0,3,4804.0,4818.0,4818.0,4771.0,147.0,7039820.0,5826
2023-05-09 21:15:40,a2401,a2401,4793.0,0.0,0.0,0.0,3,4787.0,4793.0,5,4804.0,4818.0,4818.0,4771.0,147.0,7039820.0,5826
2023-05-09 21:15:42,a2401,a2401,4793.0,0.0,0.0,0.0,3,4787.0,4793.0,4,4804.0,4818.0,4818.0,4771.0,147.0,7039820.0,5826
2023-05-09 21:15:43,a2401,a2401,4793.0,0.0,0.0,0.0,3,4786.0,4793.0,5,4804.0,4818.0,4818.0,4771.0,147.0,7039820.0,5826
2023-05-09 21:15:43,a2401,a2401,4793.0,0.0,0.0,0.0,2,4787.0,4793.0,4,4804.0,4818.0,4818.0,4771.0,147.0,7039820.0,5826
2023-05-09 21:15:43,a2401,a2401,4793.0,0.0,0.0,0.0,2,4787.0,4793.0,3,4804.0,4818.0,4818.0,4771.0,147.0,7039820.0,5826
2023-05-09 21:15:44,a2401,a2401,4793.0,0.0,0.0,0.0,1,4787.0,4793.0,3,4804.0,4818.0,4818.0,4771.0,147.0,7039820.0,5826
2023-05-09 21:15:48,a2401,a2401,4793.0,0.0,0.0,0.0,1,4787.0,4793.0,5,4804.0,4818.0,4818.0,4771.0,147.0,7039820.0,5826
2023-05-09 21:15:49,a2401,a2401,4793.0,0.0,0.0,0.0,2,4786.0,4793.0,5,4804.0,4818.0,4818.0,4771.0,147.0,7039820.0,5826
2023-05-09 21:15:49,a2401,a2401,4793.0,0.0,0.0,0.0,2,4787.0,4793.0,2,4804.0,4818.0,4818.0,4771.0,147.0,7039820.0,5826
2023-05-09 21:15:54,a2401,a2401,4793.0,0.0,0.0,0.0,1,4787.0,4793.0,2,4804.0,4818.0,4818.0,4771.0,147.0,7039820.0,5826
2023-05-09 21:15:54,a2401,a2401,4793.0,0.0,0.0,0.0,1,4788.0,4793.0,2,4804.0,4818.0,4818.0,4771.0,147.0,7039820.0,5826
2023-05-09 21:15:56,a2401,a2401,4793.0,0.0,0.0,0.0,2,4788.0,4793.0,2,4804.0,4818.0,4818.0,4771.0,147.0,7039820.0,5826
2023-05-09 21:15:56,a2401,a2401,4793.0,0.0,0.0,0.0,1,4788.0,4793.0,2,4804.0,4818.0,4818.0,4771.0,147.0,7039820.0,5826
2023-05-09 21:16:01,a2401,a2401,4793.0,0.0,0.0,0.0,2,4786.0,4793.0,4,4804.0,4818.0,4818.0,4771.0,147.0,7039820.0,5826
2023-05-09 21:16:02,a2401,a2401,4793.0,0.0,0.0,0.0,1,4787.0,4793.0,5,4804.0,4818.0,4818.0,4771.0,147.0,7039820.0,5826
2023-05-09 21:16:02,a2401,a2401,4793.0,0.0,0.0,0.0,1,4787.0,4788.0,1,4804.0,4818.0,4818.0,4771.0,147.0,7039820.0,5826
2023-05-09 21:16:03,a2401,a2401,4793.0,0.0,0.0,0.0,2,4786.0,4788.0,1,4804.0,4818.0,4818.0,4771.0,147.0,7039820.0,5826
2023-05-09 21:16:03,a2401,a2401,4793.0,0.0,0.0,0.0,1,4786.0,4788.0,1,4804.0,4818.0,4818.0,4771.0,147.0,7039820.0,5826
2023-05-09 21:16:04,a2401,a2401,4793.0,0.0,0.0,0.0,2,4785.0,4788.0,1,4804.0,4818.0,4818.0,4771.0,147.0,7039820.0,5826
2023-05-09 21:16:04,a2401,a2401,4793.0,0.0,0.0,0.0,1,4785.0,4788.0,1,4804.0,4818.0,4818.0,4771.0,147.0,7039820.0,5826
2023-05-09 21:16:05,a2401,a2401,4793.0,0.0,0.0,0.0,2,4785.0,4788.0,1,4804.0,4818.0,4818.0,4771.0,147.0,7039820.0,5826
2023-05-09 21:16:06,a2401,a2401,4793.0,0.0,0.0,0.0,1,4785.0,4788.0,1,4804.0,4818.0,4818.0,4771.0,147.0,7039820.0,5826
2023-05-09 21:16:11,a2401,a2401,4793.0,0.0,0.0,0.0,1,4786.0,4788.0,1,4804.0,4818.0,4818.0,4771.0,147.0,7039820.0,5826
2023-05-09 21:16:15,a2401,a2401,4788.0,1.0,47880.0,0.0,1,4787.0,4791.0,1,4804.0,4818.0,4818.0,4771.0,148.0,7087700.0,5826
2023-05-09 21:16:16,a2401,a2401,4788.0,0.0,0.0,0.0,1,4788.0,4791.0,1,4804.0,4818.0,4818.0,4771.0,148.0,7087700.0,5826
2023-05-09 21:16:19,a2401,a2401,4788.0,0.0,0.0,0.0,1,4789.0,4791.0,1,4804.0,4818.0,4818.0,4771.0,148.0,7087700.0,5826
2023-05-09 21:16:20,a2401,a2401,4788.0,0.0,0.0,0.0,1,4788.0,4791.0,1,4804.0,4818.0,4818.0,4771.0,148.0,7087700.0,5826
2023-05-09 21:16:20,a2401,a2401,4788.0,0.0,0.0,0.0,4,4789.0,4793.0,2,4804.0,4818.0,4818.0,4771.0,148.0,7087700.0,5826
2023-05-09 21:16:22,a2401,a2401,4789.0,4.0,191560.0,0.0,3,4786.0,4793.0,2,4804.0,4818.0,4818.0,4771.0,152.0,7279260.0,5826
2023-05-09 21:16:22,a2401,a2401,4789.0,0.0,0.0,0.0,2,4789.0,4793.0,1,4804.0,4818.0,4818.0,4771.0,152.0,7279260.0,5826
2023-05-09 21:16:23,a2401,a2401,4789.0,0.0,0.0,0.0,8,4790.0,4794.0,2,4804.0,4818.0,4818.0,4771.0,152.0,7279260.0,5826
2023-05-09 21:16:27,a2401,a2401,4789.0,0.0,0.0,0.0,8,4790.0,4801.0,5,4804.0,4818.0,4818.0,4771.0,152.0,7279260.0,5826
2023-05-09 21:16:27,a2401,a2401,4789.0,0.0,0.0,0.0,9,4790.0,4796.0,5,4804.0,4818.0,4818.0,4771.0,152.0,7279260.0,5826
2023-05-09 21:16:34,a2401,a2401,4789.0,0.0,0.0,0.0,8,4790.0,4796.0,5,4804.0,4818.0,4818.0,4771.0,152.0,7279260.0,5826
2023-05-09 21:16:34,a2401,a2401,4789.0,0.0,0.0,0.0,8,4790.0,4796.0,7,4804.0,4818.0,4818.0,4771.0,152.0,7279260.0,5826
2023-05-09 21:16:34,a2401,a2401,4789.0,0.0,0.0,0.0,8,4790.0,4796.0,8,4804.0,4818.0,4818.0,4771.0,152.0,7279260.0,5826
2023-05-09 21:16:35,a2401,a2401,4789.0,0.0,0.0,0.0,8,4790.0,4796.0,6,4804.0,4818.0,4818.0,4771.0,152.0,7279260.0,5826
2023-05-09 21:16:35,a2401,a2401,4789.0,0.0,0.0,0.0,9,4790.0,4796.0,6,4804.0,4818.0,4818.0,4771.0,152.0,7279260.0,5826
2023-05-09 21:16:36,a2401,a2401,4789.0,0.0,0.0,0.0,9,4790.0,4796.0,5,4804.0,4818.0,4818.0,4771.0,152.0,7279260.0,5826
2023-05-09 21:16:42,a2401,a2401,4789.0,0.0,0.0,0.0,7,4791.0,4796.0,5,4804.0,4818.0,4818.0,4771.0,152.0,7279260.0,5826
2023-05-09 21:16:52,a2401,a2401,4789.0,0.0,0.0,0.0,7,4791.0,4796.0,6,4804.0,4818.0,4818.0,4771.0,152.0,7279260.0,5826
2023-05-09 21:16:53,a2401,a2401,4796.0,1.0,47960.0,0.0,1,4792.0,4796.0,2,4804.0,4818.0,4818.0,4771.0,153.0,7327220.0,5826
2023-05-09 21:16:58,a2401,a2401,4792.0,1.0,47920.0,0.0,6,4790.0,4796.0,2,4804.0,4818.0,4818.0,4771.0,154.0,7375140.0,5826
2023-05-09 21:16:58,a2401,a2401,4792.0,0.0,0.0,0.0,17,4791.0,4795.0,4,4804.0,4818.0,4818.0,4771.0,154.0,7375140.0,5826
2023-05-09 21:17:00,a2401,a2401,4792.0,0.0,0.0,0.0,17,4791.0,4796.0,2,4804.0,4818.0,4818.0,4771.0,154.0,7375140.0,5826
2023-05-09 21:17:00,a2401,a2401,4792.0,0.0,0.0,0.0,17,4791.0,4796.0,6,4804.0,4818.0,4818.0,4771.0,154.0,7375140.0,5826
2023-05-09 21:17:01,a2401,a2401,4792.0,0.0,0.0,0.0,17,4791.0,4800.0,6,4804.0,4818.0,4818.0,4771.0,154.0,7375140.0,5826
2023-05-09 21:17:01,a2401,a2401,4792.0,0.0,0.0,0.0,10,4792.0,4797.0,4,4804.0,4818.0,4818.0,4771.0,154.0,7375140.0,5826
2023-05-09 21:17:02,a2401,a2401,4792.0,0.0,0.0,0.0,6,4792.0,4797.0,4,4804.0,4818.0,4818.0,4771.0,154.0,7375140.0,5826
2023-05-09 21:17:03,a2401,a2401,4792.0,0.0,0.0,0.0,4,4791.0,4797.0,5,4804.0,4818.0,4818.0,4771.0,154.0,7375140.0,5826
2023-05-09 21:17:03,a2401,a2401,4792.0,0.0,0.0,0.0,4,4791.0,4797.0,6,4804.0,4818.0,4818.0,4771.0,154.0,7375140.0,5826
2023-05-09 21:17:08,a2401,a2401,4792.0,0.0,0.0,0.0,4,4791.0,4797.0,7,4804.0,4818.0,4818.0,4771.0,154.0,7375140.0,5826
2023-05-09 21:17:09,a2401,a2401,4792.0,0.0,0.0,0.0,5,4791.0,4797.0,7,4804.0,4818.0,4818.0,4771.0,154.0,7375140.0,5826
2023-05-09 21:17:09,a2401,a2401,4792.0,0.0,0.0,0.0,8,4792.0,4797.0,7,4804.0,4818.0,4818.0,4771.0,154.0,7375140.0,5826
2023-05-09 21:17:10,a2401,a2401,4792.0,0.0,0.0,0.0,8,4792.0,4797.0,6,4804.0,4818.0,4818.0,4771.0,154.0,7375140.0,5826
2023-05-09 21:17:10,a2401,a2401,4792.0,0.0,0.0,0.0,8,4792.0,4797.0,5,4804.0,4818.0,4818.0,4771.0,154.0,7375140.0,5826
2023-05-09 21:17:11,a2401,a2401,4792.0,1.0,47920.0,1.0,7,4792.0,4797.0,5,4804.0,4818.0,4818.0,4771.0,155.0,7423060.0,5827
2023-05-09 21:17:13,a2401,a2401,4792.0,0.0,0.0,0.0,4,4791.0,4797.0,5,4804.0,4818.0,4818.0,4771.0,155.0,7423060.0,5827
2023-05-09 21:17:14,a2401,a2401,4792.0,0.0,0.0,0.0,4,4791.0,4797.0,7,4804.0,4818.0,4818.0,4771.0,155.0,7423060.0,5827
2023-05-09 21:17:16,a2401,a2401,4792.0,0.0,0.0,0.0,4,4791.0,4796.0,1,4804.0,4818.0,4818.0,4771.0,155.0,7423060.0,5827
2023-05-09 21:17:17,a2401,a2401,4792.0,0.0,0.0,0.0,4,4791.0,4796.0,3,4804.0,4818.0,4818.0,4771.0,155.0,7423060.0,5827
2023-05-09 21:17:17,a2401,a2401,4792.0,0.0,0.0,0.0,4,4791.0,4796.0,4,4804.0,4818.0,4818.0,4771.0,155.0,7423060.0,5827
2023-05-09 21:17:18,a2401,a2401,4791.0,1.0,47910.0,1.0,1,4790.0,4796.0,1,4804.0,4818.0,4818.0,4771.0,156.0,7470970.0,5828
2023-05-09 21:17:19,a2401,a2401,4794.0,1.0,47940.0,0.0,42,4791.0,4796.0,1,4804.0,4818.0,4818.0,4771.0,157.0,7518910.0,5828
2023-05-09 21:17:19,a2401,a2401,4794.0,0.0,0.0,0.0,46,4791.0,4796.0,1,4804.0,4818.0,4818.0,4771.0,157.0,7518910.0,5828
2023-05-09 21:17:26,a2401,a2401,4794.0,0.0,0.0,0.0,46,4791.0,4797.0,5,4804.0,4818.0,4818.0,4771.0,157.0,7518910.0,5828
2023-05-09 21:17:26,a2401,a2401,4794.0,0.0,0.0,0.0,4,4792.0,4797.0,5,4804.0,4818.0,4818.0,4771.0,157.0,7518910.0,5828
2023-05-09 21:17:26,a2401,a2401,4794.0,0.0,0.0,0.0,9,4792.0,4797.0,5,4804.0,4818.0,4818.0,4771.0,157.0,7518910.0,5828
2023-05-09 21:17:29,a2401,a2401,4794.0,0.0,0.0,0.0,13,4792.0,4797.0,4,4804.0,4818.0,4818.0,4771.0,157.0,7518910.0,5828
2023-05-09 21:17:29,a2401,a2401,4794.0,0.0,0.0,0.0,15,4793.0,4798.0,5,4804.0,4818.0,4818.0,4771.0,157.0,7518910.0,5828
2023-05-09 21:17:33,a2401,a2401,4794.0,0.0,0.0,0.0,4,4792.0,4797.0,1,4804.0,4818.0,4818.0,4771.0,157.0,7518910.0,5828
2023-05-09 21:17:33,a2401,a2401,4794.0,0.0,0.0,0.0,4,4792.0,4797.0,2,4804.0,4818.0,4818.0,4771.0,157.0,7518910.0,5828
2023-05-09 21:17:34,a2401,a2401,4792.0,1.0,47920.0,1.0,1,4791.0,4795.0,1,4804.0,4818.0,4818.0,4771.0,158.0,7566830.0,5829
2023-05-09 21:17:35,a2401,a2401,4795.0,1.0,47950.0,0.0,72,4792.0,4798.0,5,4804.0,4818.0,4818.0,4771.0,159.0,7614780.0,5829
2023-05-09 21:17:35,a2401,a2401,4795.0,0.0,0.0,0.0,76,4792.0,4798.0,5,4804.0,4818.0,4818.0,4771.0,159.0,7614780.0,5829
2023-05-09 21:17:36,a2401,a2401,4795.0,0.0,0.0,0.0,76,4792.0,4798.0,6,4804.0,4818.0,4818.0,4771.0,159.0,7614780.0,5829
2023-05-09 21:17:44,a2401,a2401,4795.0,0.0,0.0,0.0,76,4792.0,4798.0,7,4804.0,4818.0,4818.0,4771.0,159.0,7614780.0,5829
2023-05-09 21:17:44,a2401,a2401,4795.0,0.0,0.0,0.0,76,4792.0,4798.0,8,4804.0,4818.0,4818.0,4771.0,159.0,7614780.0,5829
2023-05-09 21:17:46,a2401,a2401,4795.0,0.0,0.0,0.0,4,4792.0,4798.0,8,4804.0,4818.0,4818.0,4771.0,159.0,7614780.0,5829
2023-05-09 21:17:56,a2401,a2401,4795.0,0.0,0.0,0.0,4,4792.0,4798.0,7,4804.0,4818.0,4818.0,4771.0,159.0,7614780.0,5829
2023-05-09 21:17:56,a2401,a2401,4795.0,0.0,0.0,0.0,4,4792.0,4798.0,6,4804.0,4818.0,4818.0,4771.0,159.0,7614780.0,5829
2023-05-09 21:18:02,a2401,a2401,4795.0,0.0,0.0,0.0,71,4793.0,4798.0,6,4804.0,4818.0,4818.0,4771.0,159.0,7614780.0,5829
2023-05-09 21:18:02,a2401,a2401,4795.0,0.0,0.0,0.0,71,4793.0,4798.0,8,4804.0,4818.0,4818.0,4771.0,159.0,7614780.0,5829
2023-05-09 21:18:14,a2401,a2401,4793.0,1.0,47930.0,1.0,70,4793.0,4798.0,8,4804.0,4818.0,4818.0,4771.0,160.0,7662710.0,5830
2023-05-09 21:18:14,a2401,a2401,4793.0,0.0,0.0,0.0,70,4793.0,4798.0,6,4804.0,4818.0,4818.0,4771.0,160.0,7662710.0,5830
2023-05-09 21:18:18,a2401,a2401,4793.0,0.0,0.0,0.0,70,4793.0,4798.0,7,4804.0,4818.0,4818.0,4771.0,160.0,7662710.0,5830
2023-05-09 21:18:18,a2401,a2401,4793.0,0.0,0.0,0.0,70,4793.0,4798.0,8,4804.0,4818.0,4818.0,4771.0,160.0,7662710.0,5830
2023-05-09 21:18:19,a2401,a2401,4793.0,0.0,0.0,0.0,2,4786.0,4797.0,2,4804.0,4818.0,4818.0,4771.0,160.0,7662710.0,5830
2023-05-09 21:18:20,a2401,a2401,4793.0,0.0,0.0,0.0,4,4791.0,4796.0,4,4804.0,4818.0,4818.0,4771.0,160.0,7662710.0,5830
2023-05-09 21:18:22,a2401,a2401,4793.0,0.0,0.0,0.0,1,4790.0,4796.0,5,4804.0,4818.0,4818.0,4771.0,160.0,7662710.0,5830
2023-05-09 21:18:22,a2401,a2401,4793.0,0.0,0.0,0.0,96,4791.0,4796.0,6,4804.0,4818.0,4818.0,4771.0,160.0,7662710.0,5830
2023-05-09 21:18:27,a2401,a2401,4793.0,0.0,0.0,0.0,96,4791.0,4796.0,7,4804.0,4818.0,4818.0,4771.0,160.0,7662710.0,5830
2023-05-09 21:18:27,a2401,a2401,4793.0,0.0,0.0,0.0,96,4791.0,4796.0,8,4804.0,4818.0,4818.0,4771.0,160.0,7662710.0,5830
2023-05-09 21:18:28,a2401,a2401,4793.0,0.0,0.0,0.0,96,4791.0,4796.0,6,4804.0,4818.0,4818.0,4771.0,160.0,7662710.0,5830
2023-05-09 21:18:34,a2401,a2401,4793.0,0.0,0.0,0.0,96,4791.0,4796.0,8,4804.0,4818.0,4818.0,4771.0,160.0,7662710.0,5830
2023-05-09 21:18:37,a2401,a2401,4793.0,0.0,0.0,0.0,96,4791.0,4796.0,7,4804.0,4818.0,4818.0,4771.0,160.0,7662710.0,5830
2023-05-09 21:18:37,a2401,a2401,4793.0,0.0,0.0,0.0,96,4791.0,4796.0,6,4804.0,4818.0,4818.0,4771.0,160.0,7662710.0,5830
2023-05-09 21:18:52,a2401,a2401,4793.0,0.0,0.0,0.0,100,4791.0,4796.0,5,4804.0,4818.0,4818.0,4771.0,160.0,7662710.0,5830
2023-05-09 21:19:10,a2401,a2401,4793.0,0.0,0.0,0.0,100,4791.0,4798.0,6,4804.0,4818.0,4818.0,4771.0,160.0,7662710.0,5830
2023-05-09 21:19:10,a2401,a2401,4793.0,0.0,0.0,0.0,100,4791.0,4798.0,8,4804.0,4818.0,4818.0,4771.0,160.0,7662710.0,5830
2023-05-09 21:19:19,a2401,a2401,4793.0,0.0,0.0,0.0,100,4791.0,4797.0,2,4804.0,4818.0,4818.0,4771.0,160.0,7662710.0,5830
2023-05-09 21:19:19,a2401,a2401,4793.0,0.0,0.0,0.0,100,4791.0,4798.0,7,4804.0,4818.0,4818.0,4771.0,160.0,7662710.0,5830
2023-05-09 21:19:19,a2401,a2401,4793.0,0.0,0.0,0.0,100,4791.0,4798.0,8,4804.0,4818.0,4818.0,4771.0,160.0,7662710.0,5830
2023-05-09 21:19:23,a2401,a2401,4793.0,0.0,0.0,0.0,100,4791.0,4797.0,2,4804.0,4818.0,4818.0,4771.0,160.0,7662710.0,5830
2023-05-09 21:19:24,a2401,a2401,4793.0,0.0,0.0,0.0,100,4791.0,4797.0,1,4804.0,4818.0,4818.0,4771.0,160.0,7662710.0,5830
2023-05-09 21:19:24,a2401,a2401,4793.0,0.0,0.0,0.0,100,4791.0,4798.0,7,4804.0,4818.0,4818.0,4771.0,160.0,7662710.0,5830
2023-05-09 21:19:24,a2401,a2401,4793.0,0.0,0.0,0.0,100,4791.0,4798.0,8,4804.0,4818.0,4818.0,4771.0,160.0,7662710.0,5830
2023-05-09 21:19:33,a2401,a2401,4793.0,0.0,0.0,0.0,101,4791.0,4798.0,8,4804.0,4818.0,4818.0,4771.0,160.0,7662710.0,5830
2023-05-09 21:19:45,a2401,a2401,4793.0,0.0,0.0,0.0,101,4791.0,4798.0,10,4804.0,4818.0,4818.0,4771.0,160.0,7662710.0,5830
2023-05-09 21:19:46,a2401,a2401,4793.0,0.0,0.0,0.0,100,4791.0,4798.0,10,4804.0,4818.0,4818.0,4771.0,160.0,7662710.0,5830
2023-05-09 21:20:00,a2401,a2401,4793.0,0.0,0.0,0.0,100,4791.0,4797.0,2,4804.0,4818.0,4818.0,4771.0,160.0,7662710.0,5830
2023-05-09 21:20:01,a2401,a2401,4793.0,0.0,0.0,0.0,96,4791.0,4795.0,4,4804.0,4818.0,4818.0,4771.0,160.0,7662710.0,5830
2023-05-09 21:20:04,a2401,a2401,4793.0,0.0,0.0,0.0,96,4791.0,4796.0,1,4804.0,4818.0,4818.0,4771.0,160.0,7662710.0,5830
2023-05-09 21:20:04,a2401,a2401,4793.0,0.0,0.0,0.0,96,4791.0,4796.0,8,4804.0,4818.0,4818.0,4771.0,160.0,7662710.0,5830
2023-05-09 21:20:17,a2401,a2401,4793.0,0.0,0.0,0.0,96,4791.0,4796.0,7,4804.0,4818.0,4818.0,4771.0,160.0,7662710.0,5830
2023-05-09 21:20:18,a2401,a2401,4793.0,0.0,0.0,0.0,96,4791.0,4796.0,6,4804.0,4818.0,4818.0,4771.0,160.0,7662710.0,5830
2023-05-09 21:20:24,a2401,a2401,4793.0,0.0,0.0,0.0,96,4791.0,4796.0,7,4804.0,4818.0,4818.0,4771.0,160.0,7662710.0,5830
2023-05-09 21:20:25,a2401,a2401,4793.0,0.0,0.0,0.0,96,4791.0,4796.0,6,4804.0,4818.0,4818.0,4771.0,160.0,7662710.0,5830
2023-05-09 21:20:26,a2401,a2401,4793.0,0.0,0.0,0.0,96,4791.0,4796.0,8,4804.0,4818.0,4818.0,4771.0,160.0,7662710.0,5830
2023-05-09 21:20:27,a2401,a2401,4793.0,0.0,0.0,0.0,96,4791.0,4796.0,6,4804.0,4818.0,4818.0,4771.0,160.0,7662710.0,5830
2023-05-09 21:20:29,a2401,a2401,4793.0,0.0,0.0,0.0,96,4791.0,4796.0,7,4804.0,4818.0,4818.0,4771.0,160.0,7662710.0,5830
2023-05-09 21:20:30,a2401,a2401,4793.0,0.0,0.0,0.0,96,4791.0,4796.0,6,4804.0,4818.0,4818.0,4771.0,160.0,7662710.0,5830
2023-05-09 21:20:38,a2401,a2401,4793.0,0.0,0.0,0.0,96,4791.0,4796.0,7,4804.0,4818.0,4818.0,4771.0,160.0,7662710.0,5830
