time,symbol_id,symbol_name,last,trade_volume,trade_amount,open_interest_change,bv1,bp1,ap1,av1,yesterday_close,today_open,today_high,today_low,volume,amount,open_interest
2023-05-09 20:59:00,ag2310,ag2310,5777.0,0.0,0.0,0.0,1,5766.0,5773.0,2,5777.0,5766.0,0.0,0.0,0.0,0.0,3741
2023-05-09 21:00:00,ag2310,ag2310,5766.0,1.0,86490.0,0.0,1,5761.0,5765.0,1,5777.0,5766.0,5766.0,5766.0,1.0,86490.0,3741
2023-05-09 21:00:01,ag2310,ag2310,5765.0,1.0,86475.0,-1.0,2,5762.0,5766.0,3,5777.0,5766.0,5766.0,5765.0,2.0,172965.0,3740
2023-05-09 21:00:01,ag2310,ag2310,5765.0,0.0,0.0,0.0,2,5761.0,5764.0,3,5777.0,5766.0,5766.0,5765.0,2.0,172965.0,3740
2023-05-09 21:00:02,ag2310,ag2310,5765.0,0.0,0.0,0.0,4,5761.0,5766.0,1,5777.0,5766.0,5766.0,5765.0,2.0,172965.0,3740
2023-05-09 21:00:02,ag2310,ag2310,5765.0,0.0,0.0,0.0,2,5763.0,5766.0,4,5777.0,5766.0,5766.0,5765.0,2.0,172965.0,3740
2023-05-09 21:00:03,ag2310,ag2310,5765.0,0.0,0.0,0.0,3,5763.0,5766.0,4,5777.0,5766.0,5766.0,5765.0,2.0,172965.0,3740
2023-05-09 21:00:03,ag2310,ag2310,5765.0,0.0,0.0,0.0,2,5763.0,5766.0,3,5777.0,5766.0,5766.0,5765.0,2.0,172965.0,3740
2023-05-09 21:00:04,ag2310,ag2310,5765.0,0.0,0.0,0.0,4,5761.0,5766.0,6,5777.0,5766.0,5766.0,5765.0,2.0,172965.0,3740
2023-05-09 21:00:04,ag2310,ag2310,5765.0,0.0,0.0,0.0,12,5761.0,5765.0,2,5777.0,5766.0,5766.0,5765.0,2.0,172965.0,3740
2023-05-09 21:00:05,ag2310,ag2310,5765.0,0.0,0.0,0.0,2,5764.0,5765.0,2,5777.0,5766.0,5766.0,5765.0,2.0,172965.0,3740
2023-05-09 21:00:05,ag2310,ag2310,5765.0,0.0,0.0,0.0,2,5763.0,5766.0,1,5777.0,5766.0,5766.0,5765.0,2.0,172965.0,3740
2023-05-09 21:00:06,ag2310,ag2310,5765.0,0.0,0.0,0.0,4,5763.0,5764.0,1,5777.0,5766.0,5766.0,5765.0,2.0,172965.0,3740
2023-05-09 21:00:06,ag2310,ag2310,5764.0,1.0,86460.0,1.0,1,5761.0,5766.0,4,5777.0,5766.0,5766.0,5764.0,3.0,259425.0,3741
2023-05-09 21:00:07,ag2310,ag2310,5764.0,0.0,0.0,0.0,2,5762.0,5764.0,2,5777.0,5766.0,5766.0,5764.0,3.0,259425.0,3741
2023-05-09 21:00:07,ag2310,ag2310,5764.0,2.0,172920.0,0.0,3,5762.0,5766.0,4,5777.0,5766.0,5766.0,5764.0,5.0,432345.0,3741
2023-05-09 21:00:08,ag2310,ag2310,5766.0,4.0,345960.0,-1.0,2,5766.0,5768.0,1,5777.0,5766.0,5766.0,5764.0,9.0,778305.0,3740
2023-05-09 21:00:08,ag2310,ag2310,5766.0,2.0,172980.0,0.0,2,5762.0,5767.0,2,5777.0,5766.0,5766.0,5764.0,11.0,951285.0,3740
2023-05-09 21:00:09,ag2310,ag2310,5766.0,0.0,0.0,0.0,9,5762.0,5767.0,7,5777.0,5766.0,5766.0,5764.0,11.0,951285.0,3740
2023-05-09 21:00:09,ag2310,ag2310,5766.0,0.0,0.0,0.0,8,5762.0,5766.0,1,5777.0,5766.0,5766.0,5764.0,11.0,951285.0,3740
2023-05-09 21:00:10,ag2310,ag2310,5766.0,0.0,0.0,0.0,1,5763.0,5767.0,3,5777.0,5766.0,5766.0,5764.0,11.0,951285.0,3740
2023-05-09 21:00:10,ag2310,ag2310,5766.0,0.0,0.0,0.0,7,5763.0,5767.0,3,5777.0,5766.0,5766.0,5764.0,11.0,951285.0,3740
2023-05-09 21:00:11,ag2310,ag2310,5766.0,0.0,0.0,0.0,8,5763.0,5767.0,3,5777.0,5766.0,5766.0,5764.0,11.0,951285.0,3740
2023-05-09 21:00:11,ag2310,ag2310,5766.0,0.0,0.0,0.0,3,5764.0,5767.0,1,5777.0,5766.0,5766.0,5764.0,11.0,951285.0,3740
2023-05-09 21:00:12,ag2310,ag2310,5766.0,0.0,0.0,0.0,1,5765.0,5767.0,1,5777.0,5766.0,5766.0,5764.0,11.0,951285.0,3740
2023-05-09 21:00:12,ag2310,ag2310,5766.0,0.0,0.0,0.0,7,5765.0,5769.0,1,5777.0,5766.0,5766.0,5764.0,11.0,951285.0,3740
2023-05-09 21:00:13,ag2310,ag2310,5766.0,0.0,0.0,0.0,3,5765.0,5768.0,11,5777.0,5766.0,5766.0,5764.0,11.0,951285.0,3740
2023-05-09 21:00:13,ag2310,ag2310,5766.0,0.0,0.0,0.0,1,5765.0,5767.0,1,5777.0,5766.0,5766.0,5764.0,11.0,951285.0,3740
2023-05-09 21:00:14,ag2310,ag2310,5765.0,1.0,86475.0,0.0,3,5763.0,5767.0,4,5777.0,5766.0,5766.0,5764.0,12.0,1037760.0,3740
2023-05-09 21:00:14,ag2310,ag2310,5765.0,0.0,0.0,0.0,2,5761.0,5766.0,3,5777.0,5766.0,5766.0,5764.0,12.0,1037760.0,3740
2023-05-09 21:00:15,ag2310,ag2310,5765.0,0.0,0.0,0.0,3,5762.0,5766.0,7,5777.0,5766.0,5766.0,5764.0,12.0,1037760.0,3740
2023-05-09 21:00:15,ag2310,ag2310,5765.0,0.0,0.0,0.0,7,5761.0,5765.0,2,5777.0,5766.0,5766.0,5764.0,12.0,1037760.0,3740
2023-05-09 21:00:16,ag2310,ag2310,5765.0,0.0,0.0,0.0,5,5761.0,5765.0,8,5777.0,5766.0,5766.0,5764.0,12.0,1037760.0,3740
2023-05-09 21:00:16,ag2310,ag2310,5765.0,0.0,0.0,0.0,2,5761.0,5765.0,17,5777.0,5766.0,5766.0,5764.0,12.0,1037760.0,3740
2023-05-09 21:00:17,ag2310,ag2310,5765.0,0.0,0.0,0.0,4,5762.0,5765.0,11,5777.0,5766.0,5766.0,5764.0,12.0,1037760.0,3740
2023-05-09 21:00:17,ag2310,ag2310,5765.0,0.0,0.0,0.0,7,5762.0,5765.0,7,5777.0,5766.0,5766.0,5764.0,12.0,1037760.0,3740
2023-05-09 21:00:18,ag2310,ag2310,5765.0,0.0,0.0,0.0,15,5765.0,5766.0,1,5777.0,5766.0,5766.0,5764.0,12.0,1037760.0,3740
2023-05-09 21:00:18,ag2310,ag2310,5765.0,15.0,1297125.0,6.0,2,5763.0,5765.0,1,5777.0,5766.0,5766.0,5764.0,27.0,2334885.0,3746
2023-05-09 21:00:19,ag2310,ag2310,5763.0,2.0,172890.0,1.0,9,5762.0,5763.0,7,5777.0,5766.0,5766.0,5763.0,29.0,2507775.0,3747
2023-05-09 21:00:19,ag2310,ag2310,5762.0,8.0,691545.0,-1.0,4,5762.0,5766.0,3,5777.0,5766.0,5766.0,5762.0,37.0,3199320.0,3746
2023-05-09 21:00:20,ag2310,ag2310,5762.0,0.0,0.0,0.0,4,5762.0,5765.0,8,5777.0,5766.0,5766.0,5762.0,37.0,3199320.0,3746
2023-05-09 21:00:20,ag2310,ag2310,5762.0,0.0,0.0,0.0,4,5762.0,5765.0,5,5777.0,5766.0,5766.0,5762.0,37.0,3199320.0,3746
2023-05-09 21:00:21,ag2310,ag2310,5762.0,1.0,86430.0,0.0,2,5762.0,5764.0,1,5777.0,5766.0,5766.0,5762.0,38.0,3285750.0,3746
2023-05-09 21:00:22,ag2310,ag2310,5762.0,2.0,172860.0,2.0,1,5761.0,5764.0,6,5777.0,5766.0,5766.0,5762.0,40.0,3458610.0,3748
2023-05-09 21:00:22,ag2310,ag2310,5762.0,0.0,0.0,0.0,1,5761.0,5764.0,9,5777.0,5766.0,5766.0,5762.0,40.0,3458610.0,3748
2023-05-09 21:00:23,ag2310,ag2310,5762.0,0.0,0.0,0.0,1,5762.0,5764.0,2,5777.0,5766.0,5766.0,5762.0,40.0,3458610.0,3748
2023-05-09 21:00:23,ag2310,ag2310,5761.0,3.0,259260.0,0.0,1,5760.0,5763.0,1,5777.0,5766.0,5766.0,5761.0,43.0,3717870.0,3748
2023-05-09 21:00:24,ag2310,ag2310,5761.0,0.0,0.0,0.0,1,5760.0,5763.0,8,5777.0,5766.0,5766.0,5761.0,43.0,3717870.0,3748
2023-05-09 21:00:24,ag2310,ag2310,5761.0,0.0,0.0,0.0,2,5760.0,5763.0,3,5777.0,5766.0,5766.0,5761.0,43.0,3717870.0,3748
2023-05-09 21:00:25,ag2310,ag2310,5761.0,0.0,0.0,0.0,4,5760.0,5763.0,2,5777.0,5766.0,5766.0,5761.0,43.0,3717870.0,3748
2023-05-09 21:00:25,ag2310,ag2310,5761.0,0.0,0.0,0.0,2,5760.0,5763.0,2,5777.0,5766.0,5766.0,5761.0,43.0,3717870.0,3748
2023-05-09 21:00:26,ag2310,ag2310,5761.0,0.0,0.0,0.0,4,5760.0,5763.0,2,5777.0,5766.0,5766.0,5761.0,43.0,3717870.0,3748
2023-05-09 21:00:26,ag2310,ag2310,5761.0,0.0,0.0,0.0,8,5760.0,5763.0,2,5777.0,5766.0,5766.0,5761.0,43.0,3717870.0,3748
2023-05-09 21:00:27,ag2310,ag2310,5761.0,0.0,0.0,0.0,3,5761.0,5765.0,1,5777.0,5766.0,5766.0,5761.0,43.0,3717870.0,3748
2023-05-09 21:00:27,ag2310,ag2310,5761.0,0.0,0.0,0.0,7,5760.0,5763.0,2,5777.0,5766.0,5766.0,5761.0,43.0,3717870.0,3748
2023-05-09 21:00:28,ag2310,ag2310,5763.0,1.0,86445.0,-1.0,5,5761.0,5763.0,2,5777.0,5766.0,5766.0,5761.0,44.0,3804315.0,3747
2023-05-09 21:00:28,ag2310,ag2310,5760.0,4.0,345645.0,4.0,4,5760.0,5763.0,2,5777.0,5766.0,5766.0,5760.0,48.0,4149960.0,3751
2023-05-09 21:00:29,ag2310,ag2310,5760.0,0.0,0.0,0.0,2,5760.0,5763.0,10,5777.0,5766.0,5766.0,5760.0,48.0,4149960.0,3751
2023-05-09 21:00:30,ag2310,ag2310,5763.0,1.0,86445.0,-1.0,2,5760.0,5763.0,4,5777.0,5766.0,5766.0,5760.0,49.0,4236405.0,3750
2023-05-09 21:00:30,ag2310,ag2310,5763.0,0.0,0.0,0.0,6,5760.0,5763.0,3,5777.0,5766.0,5766.0,5760.0,49.0,4236405.0,3750
2023-05-09 21:00:31,ag2310,ag2310,5763.0,0.0,0.0,0.0,5,5760.0,5763.0,1,5777.0,5766.0,5766.0,5760.0,49.0,4236405.0,3750
2023-05-09 21:00:31,ag2310,ag2310,5763.0,0.0,0.0,0.0,6,5760.0,5763.0,1,5777.0,5766.0,5766.0,5760.0,49.0,4236405.0,3750
2023-05-09 21:00:32,ag2310,ag2310,5763.0,0.0,0.0,0.0,2,5760.0,5763.0,1,5777.0,5766.0,5766.0,5760.0,49.0,4236405.0,3750
2023-05-09 21:00:32,ag2310,ag2310,5763.0,0.0,0.0,0.0,2,5760.0,5763.0,4,5777.0,5766.0,5766.0,5760.0,49.0,4236405.0,3750
2023-05-09 21:00:33,ag2310,ag2310,5763.0,0.0,0.0,0.0,5,5760.0,5763.0,6,5777.0,5766.0,5766.0,5760.0,49.0,4236405.0,3750
2023-05-09 21:00:33,ag2310,ag2310,5763.0,0.0,0.0,0.0,3,5760.0,5763.0,7,5777.0,5766.0,5766.0,5760.0,49.0,4236405.0,3750
2023-05-09 21:00:34,ag2310,ag2310,5763.0,0.0,0.0,0.0,4,5760.0,5763.0,5,5777.0,5766.0,5766.0,5760.0,49.0,4236405.0,3750
2023-05-09 21:00:34,ag2310,ag2310,5763.0,0.0,0.0,0.0,7,5760.0,5763.0,2,5777.0,5766.0,5766.0,5760.0,49.0,4236405.0,3750
2023-05-09 21:00:35,ag2310,ag2310,5763.0,0.0,0.0,0.0,4,5760.0,5763.0,5,5777.0,5766.0,5766.0,5760.0,49.0,4236405.0,3750
2023-05-09 21:00:35,ag2310,ag2310,5763.0,0.0,0.0,0.0,4,5760.0,5763.0,2,5777.0,5766.0,5766.0,5760.0,49.0,4236405.0,3750
2023-05-09 21:00:36,ag2310,ag2310,5763.0,0.0,0.0,0.0,4,5760.0,5762.0,3,5777.0,5766.0,5766.0,5760.0,49.0,4236405.0,3750
2023-05-09 21:00:36,ag2310,ag2310,5763.0,0.0,0.0,0.0,4,5760.0,5763.0,2,5777.0,5766.0,5766.0,5760.0,49.0,4236405.0,3750
2023-05-09 21:00:37,ag2310,ag2310,5763.0,0.0,0.0,0.0,4,5760.0,5763.0,5,5777.0,5766.0,5766.0,5760.0,49.0,4236405.0,3750
2023-05-09 21:00:38,ag2310,ag2310,5763.0,0.0,0.0,0.0,3,5760.0,5763.0,8,5777.0,5766.0,5766.0,5760.0,49.0,4236405.0,3750
2023-05-09 21:00:39,ag2310,ag2310,5763.0,0.0,0.0,0.0,5,5759.0,5763.0,11,5777.0,5766.0,5766.0,5760.0,49.0,4236405.0,3750
2023-05-09 21:00:39,ag2310,ag2310,5763.0,0.0,0.0,0.0,15,5759.0,5763.0,10,5777.0,5766.0,5766.0,5760.0,49.0,4236405.0,3750
2023-05-09 21:00:40,ag2310,ag2310,5763.0,1.0,86445.0,0.0,4,5760.0,5763.0,7,5777.0,5766.0,5766.0,5760.0,50.0,4322850.0,3750
2023-05-09 21:00:40,ag2310,ag2310,5763.0,0.0,0.0,0.0,1,5761.0,5765.0,4,5777.0,5766.0,5766.0,5760.0,50.0,4322850.0,3750
2023-05-09 21:00:41,ag2310,ag2310,5763.0,0.0,0.0,0.0,3,5761.0,5764.0,3,5777.0,5766.0,5766.0,5760.0,50.0,4322850.0,3750
2023-05-09 21:00:41,ag2310,ag2310,5763.0,0.0,0.0,0.0,3,5761.0,5763.0,1,5777.0,5766.0,5766.0,5760.0,50.0,4322850.0,3750
2023-05-09 21:00:42,ag2310,ag2310,5763.0,0.0,0.0,0.0,4,5760.0,5763.0,6,5777.0,5766.0,5766.0,5760.0,50.0,4322850.0,3750
2023-05-09 21:00:42,ag2310,ag2310,5763.0,0.0,0.0,0.0,4,5760.0,5763.0,9,5777.0,5766.0,5766.0,5760.0,50.0,4322850.0,3750
2023-05-09 21:00:43,ag2310,ag2310,5763.0,0.0,0.0,0.0,1,5760.0,5763.0,12,5777.0,5766.0,5766.0,5760.0,50.0,4322850.0,3750
2023-05-09 21:00:43,ag2310,ag2310,5760.0,1.0,86400.0,1.0,5,5759.0,5763.0,12,5777.0,5766.0,5766.0,5760.0,51.0,4409250.0,3751
2023-05-09 21:00:44,ag2310,ag2310,5760.0,0.0,0.0,0.0,7,5759.0,5763.0,12,5777.0,5766.0,5766.0,5760.0,51.0,4409250.0,3751
2023-05-09 21:00:44,ag2310,ag2310,5760.0,0.0,0.0,0.0,10,5759.0,5763.0,12,5777.0,5766.0,5766.0,5760.0,51.0,4409250.0,3751
2023-05-09 21:00:45,ag2310,ag2310,5760.0,0.0,0.0,0.0,13,5759.0,5763.0,12,5777.0,5766.0,5766.0,5760.0,51.0,4409250.0,3751
2023-05-09 21:00:46,ag2310,ag2310,5760.0,0.0,0.0,0.0,7,5759.0,5763.0,12,5777.0,5766.0,5766.0,5760.0,51.0,4409250.0,3751
2023-05-09 21:00:46,ag2310,ag2310,5760.0,0.0,0.0,0.0,13,5759.0,5763.0,12,5777.0,5766.0,5766.0,5760.0,51.0,4409250.0,3751
2023-05-09 21:00:47,ag2310,ag2310,5760.0,0.0,0.0,0.0,7,5759.0,5763.0,12,5777.0,5766.0,5766.0,5760.0,51.0,4409250.0,3751
2023-05-09 21:00:47,ag2310,ag2310,5760.0,0.0,0.0,0.0,10,5759.0,5763.0,12,5777.0,5766.0,5766.0,5760.0,51.0,4409250.0,3751
2023-05-09 21:00:49,ag2310,ag2310,5760.0,0.0,0.0,0.0,1,5760.0,5763.0,12,5777.0,5766.0,5766.0,5760.0,51.0,4409250.0,3751
2023-05-09 21:00:49,ag2310,ag2310,5760.0,0.0,0.0,0.0,1,5761.0,5763.0,9,5777.0,5766.0,5766.0,5760.0,51.0,4409250.0,3751
2023-05-09 21:00:50,ag2310,ag2310,5761.0,1.0,86415.0,0.0,11,5759.0,5763.0,9,5777.0,5766.0,5766.0,5760.0,52.0,4495665.0,3751
2023-05-09 21:00:50,ag2310,ag2310,5761.0,0.0,0.0,0.0,14,5759.0,5763.0,9,5777.0,5766.0,5766.0,5760.0,52.0,4495665.0,3751
2023-05-09 21:00:51,ag2310,ag2310,5761.0,0.0,0.0,0.0,11,5759.0,5763.0,9,5777.0,5766.0,5766.0,5760.0,52.0,4495665.0,3751
2023-05-09 21:00:51,ag2310,ag2310,5761.0,0.0,0.0,0.0,10,5759.0,5763.0,10,5777.0,5766.0,5766.0,5760.0,52.0,4495665.0,3751
2023-05-09 21:00:52,ag2310,ag2310,5761.0,0.0,0.0,0.0,6,5760.0,5763.0,1,5777.0,5766.0,5766.0,5760.0,52.0,4495665.0,3751
2023-05-09 21:00:53,ag2310,ag2310,5761.0,0.0,0.0,0.0,7,5760.0,5763.0,4,5777.0,5766.0,5766.0,5760.0,52.0,4495665.0,3751
2023-05-09 21:00:53,ag2310,ag2310,5761.0,0.0,0.0,0.0,3,5761.0,5764.0,2,5777.0,5766.0,5766.0,5760.0,52.0,4495665.0,3751
2023-05-09 21:00:54,ag2310,ag2310,5761.0,0.0,0.0,0.0,1,5762.0,5764.0,7,5777.0,5766.0,5766.0,5760.0,52.0,4495665.0,3751
2023-05-09 21:00:54,ag2310,ag2310,5761.0,0.0,0.0,0.0,2,5762.0,5764.0,1,5777.0,5766.0,5766.0,5760.0,52.0,4495665.0,3751
2023-05-09 21:00:55,ag2310,ag2310,5761.0,0.0,0.0,0.0,2,5762.0,5765.0,4,5777.0,5766.0,5766.0,5760.0,52.0,4495665.0,3751
2023-05-09 21:00:55,ag2310,ag2310,5761.0,0.0,0.0,0.0,2,5762.0,5765.0,12,5777.0,5766.0,5766.0,5760.0,52.0,4495665.0,3751
2023-05-09 21:00:56,ag2310,ag2310,5761.0,0.0,0.0,0.0,2,5762.0,5765.0,11,5777.0,5766.0,5766.0,5760.0,52.0,4495665.0,3751
2023-05-09 21:00:56,ag2310,ag2310,5761.0,0.0,0.0,0.0,5,5762.0,5765.0,15,5777.0,5766.0,5766.0,5760.0,52.0,4495665.0,3751
2023-05-09 21:00:57,ag2310,ag2310,5761.0,0.0,0.0,0.0,2,5762.0,5765.0,11,5777.0,5766.0,5766.0,5760.0,52.0,4495665.0,3751
2023-05-09 21:00:57,ag2310,ag2310,5761.0,0.0,0.0,0.0,1,5762.0,5764.0,6,5777.0,5766.0,5766.0,5760.0,52.0,4495665.0,3751
2023-05-09 21:00:58,ag2310,ag2310,5761.0,0.0,0.0,0.0,1,5762.0,5764.0,1,5777.0,5766.0,5766.0,5760.0,52.0,4495665.0,3751
2023-05-09 21:00:58,ag2310,ag2310,5761.0,0.0,0.0,0.0,1,5762.0,5764.0,7,5777.0,5766.0,5766.0,5760.0,52.0,4495665.0,3751
2023-05-09 21:00:59,ag2310,ag2310,5761.0,0.0,0.0,0.0,1,5762.0,5764.0,8,5777.0,5766.0,5766.0,5760.0,52.0,4495665.0,3751
2023-05-09 21:01:00,ag2310,ag2310,5762.0,1.0,86430.0,1.0,3,5760.0,5763.0,1,5777.0,5766.0,5766.0,5760.0,53.0,4582095.0,3752
2023-05-09 21:01:00,ag2310,ag2310,5762.0,0.0,0.0,0.0,5,5759.0,5763.0,4,5777.0,5766.0,5766.0,5760.0,53.0,4582095.0,3752
2023-05-09 21:01:01,ag2310,ag2310,5762.0,0.0,0.0,0.0,11,5759.0,5763.0,10,5777.0,5766.0,5766.0,5760.0,53.0,4582095.0,3752
2023-05-09 21:01:01,ag2310,ag2310,5762.0,0.0,0.0,0.0,5,5759.0,5762.0,1,5777.0,5766.0,5766.0,5760.0,53.0,4582095.0,3752
2023-05-09 21:01:02,ag2310,ag2310,5762.0,0.0,0.0,0.0,5,5759.0,5762.0,9,5777.0,5766.0,5766.0,5760.0,53.0,4582095.0,3752
2023-05-09 21:01:02,ag2310,ag2310,5762.0,0.0,0.0,0.0,4,5759.0,5761.0,1,5777.0,5766.0,5766.0,5760.0,53.0,4582095.0,3752
2023-05-09 21:01:03,ag2310,ag2310,5759.0,4.0,345540.0,0.0,1,5757.0,5760.0,3,5777.0,5766.0,5766.0,5759.0,57.0,4927635.0,3752
2023-05-09 21:01:03,ag2310,ag2310,5759.0,0.0,0.0,0.0,10,5757.0,5761.0,9,5777.0,5766.0,5766.0,5759.0,57.0,4927635.0,3752
2023-05-09 21:01:04,ag2310,ag2310,5759.0,0.0,0.0,0.0,10,5757.0,5761.0,12,5777.0,5766.0,5766.0,5759.0,57.0,4927635.0,3752
2023-05-09 21:01:04,ag2310,ag2310,5759.0,0.0,0.0,0.0,10,5757.0,5760.0,3,5777.0,5766.0,5766.0,5759.0,57.0,4927635.0,3752
2023-05-09 21:01:05,ag2310,ag2310,5759.0,0.0,0.0,0.0,12,5757.0,5761.0,6,5777.0,5766.0,5766.0,5759.0,57.0,4927635.0,3752
2023-05-09 21:01:05,ag2310,ag2310,5759.0,0.0,0.0,0.0,2,5758.0,5761.0,6,5777.0,5766.0,5766.0,5759.0,57.0,4927635.0,3752
2023-05-09 21:01:06,ag2310,ag2310,5759.0,0.0,0.0,0.0,10,5758.0,5761.0,5,5777.0,5766.0,5766.0,5759.0,57.0,4927635.0,3752
2023-05-09 21:01:06,ag2310,ag2310,5759.0,0.0,0.0,0.0,10,5758.0,5761.0,6,5777.0,5766.0,5766.0,5759.0,57.0,4927635.0,3752
2023-05-09 21:01:07,ag2310,ag2310,5759.0,0.0,0.0,0.0,9,5758.0,5761.0,9,5777.0,5766.0,5766.0,5759.0,57.0,4927635.0,3752
2023-05-09 21:01:07,ag2310,ag2310,5759.0,0.0,0.0,0.0,10,5758.0,5761.0,8,5777.0,5766.0,5766.0,5759.0,57.0,4927635.0,3752
2023-05-09 21:01:08,ag2310,ag2310,5759.0,0.0,0.0,0.0,10,5758.0,5761.0,5,5777.0,5766.0,5766.0,5759.0,57.0,4927635.0,3752
2023-05-09 21:01:08,ag2310,ag2310,5759.0,0.0,0.0,0.0,10,5758.0,5761.0,8,5777.0,5766.0,5766.0,5759.0,57.0,4927635.0,3752
2023-05-09 21:01:09,ag2310,ag2310,5759.0,0.0,0.0,0.0,10,5758.0,5761.0,2,5777.0,5766.0,5766.0,5759.0,57.0,4927635.0,3752
2023-05-09 21:01:10,ag2310,ag2310,5759.0,0.0,0.0,0.0,13,5758.0,5761.0,2,5777.0,5766.0,5766.0,5759.0,57.0,4927635.0,3752
2023-05-09 21:01:11,ag2310,ag2310,5759.0,0.0,0.0,0.0,14,5758.0,5761.0,2,5777.0,5766.0,5766.0,5759.0,57.0,4927635.0,3752
2023-05-09 21:01:11,ag2310,ag2310,5759.0,0.0,0.0,0.0,11,5758.0,5761.0,3,5777.0,5766.0,5766.0,5759.0,57.0,4927635.0,3752
2023-05-09 21:01:12,ag2310,ag2310,5759.0,0.0,0.0,0.0,8,5758.0,5761.0,10,5777.0,5766.0,5766.0,5759.0,57.0,4927635.0,3752
2023-05-09 21:01:12,ag2310,ag2310,5759.0,0.0,0.0,0.0,8,5758.0,5761.0,9,5777.0,5766.0,5766.0,5759.0,57.0,4927635.0,3752
2023-05-09 21:01:13,ag2310,ag2310,5759.0,0.0,0.0,0.0,9,5758.0,5761.0,8,5777.0,5766.0,5766.0,5759.0,57.0,4927635.0,3752
2023-05-09 21:01:14,ag2310,ag2310,5759.0,0.0,0.0,0.0,8,5758.0,5761.0,10,5777.0,5766.0,5766.0,5759.0,57.0,4927635.0,3752
2023-05-09 21:01:14,ag2310,ag2310,5759.0,0.0,0.0,0.0,10,5758.0,5761.0,8,5777.0,5766.0,5766.0,5759.0,57.0,4927635.0,3752
2023-05-09 21:01:15,ag2310,ag2310,5759.0,0.0,0.0,0.0,8,5758.0,5761.0,10,5777.0,5766.0,5766.0,5759.0,57.0,4927635.0,3752
2023-05-09 21:01:16,ag2310,ag2310,5759.0,0.0,0.0,0.0,8,5758.0,5761.0,9,5777.0,5766.0,5766.0,5759.0,57.0,4927635.0,3752
2023-05-09 21:01:17,ag2310,ag2310,5758.0,8.0,690960.0,0.0,5,5757.0,5760.0,4,5777.0,5766.0,5766.0,5758.0,65.0,5618595.0,3752
2023-05-09 21:01:17,ag2310,ag2310,5759.0,1.0,86385.0,0.0,1,5758.0,5760.0,7,5777.0,5766.0,5766.0,5758.0,66.0,5704980.0,3752
2023-05-09 21:01:18,ag2310,ag2310,5759.0,0.0,0.0,0.0,1,5758.0,5760.0,7,5777.0,5766.0,5766.0,5758.0,66.0,5704980.0,3752
2023-05-09 21:01:19,ag2310,ag2310,5759.0,0.0,0.0,0.0,1,5758.0,5760.0,7,5777.0,5766.0,5766.0,5758.0,66.0,5704980.0,3752
2023-05-09 21:01:19,ag2310,ag2310,5759.0,0.0,0.0,0.0,1,5758.0,5761.0,3,5777.0,5766.0,5766.0,5758.0,66.0,5704980.0,3752
2023-05-09 21:01:20,ag2310,ag2310,5759.0,0.0,0.0,0.0,1,5758.0,5761.0,8,5777.0,5766.0,5766.0,5758.0,66.0,5704980.0,3752
2023-05-09 21:01:20,ag2310,ag2310,5759.0,0.0,0.0,0.0,3,5758.0,5761.0,8,5777.0,5766.0,5766.0,5758.0,66.0,5704980.0,3752
2023-05-09 21:01:21,ag2310,ag2310,5759.0,0.0,0.0,0.0,3,5758.0,5762.0,3,5777.0,5766.0,5766.0,5758.0,66.0,5704980.0,3752
2023-05-09 21:01:21,ag2310,ag2310,5759.0,0.0,0.0,0.0,1,5758.0,5761.0,6,5777.0,5766.0,5766.0,5758.0,66.0,5704980.0,3752
2023-05-09 21:01:22,ag2310,ag2310,5759.0,0.0,0.0,0.0,1,5758.0,5761.0,7,5777.0,5766.0,5766.0,5758.0,66.0,5704980.0,3752
2023-05-09 21:01:22,ag2310,ag2310,5759.0,0.0,0.0,0.0,1,5758.0,5760.0,2,5777.0,5766.0,5766.0,5758.0,66.0,5704980.0,3752
2023-05-09 21:01:23,ag2310,ag2310,5759.0,0.0,0.0,0.0,1,5758.0,5760.0,5,5777.0,5766.0,5766.0,5758.0,66.0,5704980.0,3752
2023-05-09 21:01:23,ag2310,ag2310,5759.0,0.0,0.0,0.0,1,5758.0,5760.0,6,5777.0,5766.0,5766.0,5758.0,66.0,5704980.0,3752
2023-05-09 21:01:24,ag2310,ag2310,5759.0,0.0,0.0,0.0,1,5758.0,5760.0,5,5777.0,5766.0,5766.0,5758.0,66.0,5704980.0,3752
2023-05-09 21:01:24,ag2310,ag2310,5759.0,0.0,0.0,0.0,1,5758.0,5760.0,2,5777.0,5766.0,5766.0,5758.0,66.0,5704980.0,3752
2023-05-09 21:01:25,ag2310,ag2310,5760.0,5.0,432000.0,0.0,1,5758.0,5760.0,1,5777.0,5766.0,5766.0,5758.0,71.0,6136980.0,3752
2023-05-09 21:01:27,ag2310,ag2310,5760.0,0.0,0.0,0.0,6,5757.0,5760.0,4,5777.0,5766.0,5766.0,5758.0,71.0,6136980.0,3752
2023-05-09 21:01:28,ag2310,ag2310,5760.0,0.0,0.0,0.0,6,5757.0,5760.0,9,5777.0,5766.0,5766.0,5758.0,71.0,6136980.0,3752
2023-05-09 21:01:28,ag2310,ag2310,5760.0,0.0,0.0,0.0,1,5758.0,5760.0,9,5777.0,5766.0,5766.0,5758.0,71.0,6136980.0,3752
2023-05-09 21:01:29,ag2310,ag2310,5760.0,0.0,0.0,0.0,1,5758.0,5760.0,11,5777.0,5766.0,5766.0,5758.0,71.0,6136980.0,3752
2023-05-09 21:01:29,ag2310,ag2310,5760.0,4.0,345600.0,-4.0,2,5758.0,5760.0,6,5777.0,5766.0,5766.0,5758.0,75.0,6482580.0,3748
2023-05-09 21:01:30,ag2310,ag2310,5760.0,6.0,518400.0,-5.0,6,5758.0,5762.0,2,5777.0,5766.0,5766.0,5758.0,81.0,7000980.0,3743
2023-05-09 21:01:30,ag2310,ag2310,5760.0,0.0,0.0,0.0,8,5758.0,5762.0,4,5777.0,5766.0,5766.0,5758.0,81.0,7000980.0,3743
2023-05-09 21:01:31,ag2310,ag2310,5760.0,0.0,0.0,0.0,1,5760.0,5761.0,1,5777.0,5766.0,5766.0,5758.0,81.0,7000980.0,3743
2023-05-09 21:01:31,ag2310,ag2310,5760.0,0.0,0.0,0.0,2,5760.0,5761.0,1,5777.0,5766.0,5766.0,5758.0,81.0,7000980.0,3743
2023-05-09 21:01:32,ag2310,ag2310,5760.0,0.0,0.0,0.0,2,5760.0,5763.0,2,5777.0,5766.0,5766.0,5758.0,81.0,7000980.0,3743
2023-05-09 21:01:32,ag2310,ag2310,5760.0,0.0,0.0,0.0,2,5760.0,5762.0,1,5777.0,5766.0,5766.0,5758.0,81.0,7000980.0,3743
2023-05-09 21:01:33,ag2310,ag2310,5760.0,0.0,0.0,0.0,2,5760.0,5762.0,2,5777.0,5766.0,5766.0,5758.0,81.0,7000980.0,3743
2023-05-09 21:01:34,ag2310,ag2310,5762.0,6.0,518580.0,-5.0,1,5760.0,5762.0,6,5777.0,5766.0,5766.0,5758.0,87.0,7519560.0,3738
2023-05-09 21:01:35,ag2310,ag2310,5762.0,0.0,0.0,0.0,1,5760.0,5762.0,12,5777.0,5766.0,5766.0,5758.0,87.0,7519560.0,3738
2023-05-09 21:01:35,ag2310,ag2310,5760.0,1.0,86400.0,0.0,4,5758.0,5761.0,1,5777.0,5766.0,5766.0,5758.0,88.0,7605960.0,3738
2023-05-09 21:01:36,ag2310,ag2310,5760.0,0.0,0.0,0.0,4,5758.0,5761.0,6,5777.0,5766.0,5766.0,5758.0,88.0,7605960.0,3738
2023-05-09 21:01:37,ag2310,ag2310,5760.0,0.0,0.0,0.0,2,5758.0,5761.0,8,5777.0,5766.0,5766.0,5758.0,88.0,7605960.0,3738
2023-05-09 21:01:37,ag2310,ag2310,5760.0,0.0,0.0,0.0,1,5758.0,5760.0,1,5777.0,5766.0,5766.0,5758.0,88.0,7605960.0,3738
2023-05-09 21:01:38,ag2310,ag2310,5760.0,0.0,0.0,0.0,1,5758.0,5760.0,1,5777.0,5766.0,5766.0,5758.0,88.0,7605960.0,3738
2023-05-09 21:01:38,ag2310,ag2310,5760.0,0.0,0.0,0.0,1,5758.0,5760.0,4,5777.0,5766.0,5766.0,5758.0,88.0,7605960.0,3738
2023-05-09 21:01:39,ag2310,ag2310,5760.0,0.0,0.0,0.0,1,5758.0,5760.0,1,5777.0,5766.0,5766.0,5758.0,88.0,7605960.0,3738
2023-05-09 21:01:39,ag2310,ag2310,5760.0,0.0,0.0,0.0,3,5758.0,5761.0,5,5777.0,5766.0,5766.0,5758.0,88.0,7605960.0,3738
2023-05-09 21:01:40,ag2310,ag2310,5760.0,0.0,0.0,0.0,3,5758.0,5761.0,5,5777.0,5766.0,5766.0,5758.0,88.0,7605960.0,3738
2023-05-09 21:01:40,ag2310,ag2310,5760.0,0.0,0.0,0.0,1,5758.0,5761.0,8,5777.0,5766.0,5766.0,5758.0,88.0,7605960.0,3738
2023-05-09 21:01:41,ag2310,ag2310,5760.0,0.0,0.0,0.0,1,5758.0,5760.0,1,5777.0,5766.0,5766.0,5758.0,88.0,7605960.0,3738
2023-05-09 21:01:42,ag2310,ag2310,5758.0,1.0,86370.0,0.0,6,5757.0,5759.0,1,5777.0,5766.0,5766.0,5758.0,89.0,7692330.0,3738
2023-05-09 21:01:42,ag2310,ag2310,5758.0,1.0,86370.0,-1.0,6,5757.0,5758.0,3,5777.0,5766.0,5766.0,5758.0,90.0,7778700.0,3737
2023-05-09 21:01:43,ag2310,ag2310,5758.0,0.0,0.0,0.0,6,5757.0,5758.0,3,5777.0,5766.0,5766.0,5758.0,90.0,7778700.0,3737
2023-05-09 21:01:44,ag2310,ag2310,5758.0,0.0,0.0,0.0,3,5757.0,5758.0,3,5777.0,5766.0,5766.0,5758.0,90.0,7778700.0,3737
2023-05-09 21:01:44,ag2310,ag2310,5758.0,3.0,259110.0,-2.0,3,5757.0,5759.0,1,5777.0,5766.0,5766.0,5758.0,93.0,8037810.0,3735
2023-05-09 21:01:45,ag2310,ag2310,5758.0,0.0,0.0,0.0,5,5757.0,5759.0,1,5777.0,5766.0,5766.0,5758.0,93.0,8037810.0,3735
2023-05-09 21:01:46,ag2310,ag2310,5758.0,0.0,0.0,0.0,5,5757.0,5760.0,3,5777.0,5766.0,5766.0,5758.0,93.0,8037810.0,3735
2023-05-09 21:01:47,ag2310,ag2310,5758.0,0.0,0.0,0.0,9,5757.0,5760.0,3,5777.0,5766.0,5766.0,5758.0,93.0,8037810.0,3735
2023-05-09 21:01:47,ag2310,ag2310,5758.0,0.0,0.0,0.0,14,5757.0,5762.0,3,5777.0,5766.0,5766.0,5758.0,93.0,8037810.0,3735
2023-05-09 21:01:48,ag2310,ag2310,5758.0,0.0,0.0,0.0,13,5757.0,5761.0,8,5777.0,5766.0,5766.0,5758.0,93.0,8037810.0,3735
2023-05-09 21:01:48,ag2310,ag2310,5758.0,0.0,0.0,0.0,14,5757.0,5761.0,9,5777.0,5766.0,5766.0,5758.0,93.0,8037810.0,3735
2023-05-09 21:01:49,ag2310,ag2310,5758.0,0.0,0.0,0.0,11,5757.0,5761.0,9,5777.0,5766.0,5766.0,5758.0,93.0,8037810.0,3735
2023-05-09 21:01:49,ag2310,ag2310,5758.0,0.0,0.0,0.0,11,5757.0,5760.0,1,5777.0,5766.0,5766.0,5758.0,93.0,8037810.0,3735
2023-05-09 21:01:50,ag2310,ag2310,5758.0,0.0,0.0,0.0,9,5757.0,5760.0,3,5777.0,5766.0,5766.0,5758.0,93.0,8037810.0,3735
2023-05-09 21:01:50,ag2310,ag2310,5758.0,0.0,0.0,0.0,11,5757.0,5760.0,3,5777.0,5766.0,5766.0,5758.0,93.0,8037810.0,3735
2023-05-09 21:01:52,ag2310,ag2310,5758.0,0.0,0.0,0.0,10,5757.0,5760.0,4,5777.0,5766.0,5766.0,5758.0,93.0,8037810.0,3735
2023-05-09 21:01:53,ag2310,ag2310,5758.0,0.0,0.0,0.0,4,5757.0,5760.0,6,5777.0,5766.0,5766.0,5758.0,93.0,8037810.0,3735
2023-05-09 21:01:53,ag2310,ag2310,5758.0,0.0,0.0,0.0,4,5757.0,5759.0,1,5777.0,5766.0,5766.0,5758.0,93.0,8037810.0,3735
2023-05-09 21:01:54,ag2310,ag2310,5758.0,0.0,0.0,0.0,1,5757.0,5759.0,4,5777.0,5766.0,5766.0,5758.0,93.0,8037810.0,3735
2023-05-09 21:01:54,ag2310,ag2310,5758.0,0.0,0.0,0.0,3,5757.0,5759.0,4,5777.0,5766.0,5766.0,5758.0,93.0,8037810.0,3735
2023-05-09 21:01:56,ag2310,ag2310,5759.0,3.0,259155.0,-2.0,5,5758.0,5760.0,6,5777.0,5766.0,5766.0,5758.0,96.0,8296965.0,3733
2023-05-09 21:01:57,ag2310,ag2310,5759.0,0.0,0.0,0.0,7,5758.0,5760.0,1,5777.0,5766.0,5766.0,5758.0,96.0,8296965.0,3733
2023-05-09 21:01:57,ag2310,ag2310,5759.0,0.0,0.0,0.0,7,5758.0,5761.0,2,5777.0,5766.0,5766.0,5758.0,96.0,8296965.0,3733
2023-05-09 21:01:58,ag2310,ag2310,5759.0,0.0,0.0,0.0,7,5758.0,5761.0,5,5777.0,5766.0,5766.0,5758.0,96.0,8296965.0,3733
2023-05-09 21:01:58,ag2310,ag2310,5759.0,0.0,0.0,0.0,7,5758.0,5761.0,8,5777.0,5766.0,5766.0,5758.0,96.0,8296965.0,3733
2023-05-09 21:02:00,ag2310,ag2310,5759.0,0.0,0.0,0.0,8,5758.0,5761.0,4,5777.0,5766.0,5766.0,5758.0,96.0,8296965.0,3733
2023-05-09 21:02:00,ag2310,ag2310,5759.0,0.0,0.0,0.0,11,5758.0,5761.0,4,5777.0,5766.0,5766.0,5758.0,96.0,8296965.0,3733
2023-05-09 21:02:01,ag2310,ag2310,5759.0,0.0,0.0,0.0,4,5758.0,5761.0,5,5777.0,5766.0,5766.0,5758.0,96.0,8296965.0,3733
2023-05-09 21:02:02,ag2310,ag2310,5759.0,0.0,0.0,0.0,5,5758.0,5761.0,3,5777.0,5766.0,5766.0,5758.0,96.0,8296965.0,3733
2023-05-09 21:02:02,ag2310,ag2310,5759.0,0.0,0.0,0.0,9,5758.0,5762.0,2,5777.0,5766.0,5766.0,5758.0,96.0,8296965.0,3733
2023-05-09 21:02:03,ag2310,ag2310,5759.0,0.0,0.0,0.0,14,5758.0,5762.0,7,5777.0,5766.0,5766.0,5758.0,96.0,8296965.0,3733
2023-05-09 21:02:03,ag2310,ag2310,5759.0,0.0,0.0,0.0,14,5758.0,5761.0,1,5777.0,5766.0,5766.0,5758.0,96.0,8296965.0,3733
2023-05-09 21:02:04,ag2310,ag2310,5759.0,0.0,0.0,0.0,5,5758.0,5761.0,5,5777.0,5766.0,5766.0,5758.0,96.0,8296965.0,3733
2023-05-09 21:02:05,ag2310,ag2310,5759.0,0.0,0.0,0.0,5,5760.0,5761.0,5,5777.0,5766.0,5766.0,5758.0,96.0,8296965.0,3733
2023-05-09 21:02:06,ag2310,ag2310,5760.0,5.0,432000.0,5.0,2,5759.0,5761.0,5,5777.0,5766.0,5766.0,5758.0,101.0,8728965.0,3738
2023-05-09 21:02:06,ag2310,ag2310,5760.0,0.0,0.0,0.0,2,5759.0,5761.0,6,5777.0,5766.0,5766.0,5758.0,101.0,8728965.0,3738
2023-05-09 21:02:09,ag2310,ag2310,5760.0,0.0,0.0,0.0,2,5759.0,5761.0,9,5777.0,5766.0,5766.0,5758.0,101.0,8728965.0,3738
2023-05-09 21:02:10,ag2310,ag2310,5760.0,0.0,0.0,0.0,2,5759.0,5761.0,6,5777.0,5766.0,5766.0,5758.0,101.0,8728965.0,3738
2023-05-09 21:02:11,ag2310,ag2310,5760.0,0.0,0.0,0.0,4,5758.0,5761.0,6,5777.0,5766.0,5766.0,5758.0,101.0,8728965.0,3738
2023-05-09 21:02:11,ag2310,ag2310,5760.0,0.0,0.0,0.0,2,5759.0,5761.0,10,5777.0,5766.0,5766.0,5758.0,101.0,8728965.0,3738
2023-05-09 21:02:12,ag2310,ag2310,5760.0,0.0,0.0,0.0,2,5759.0,5761.0,6,5777.0,5766.0,5766.0,5758.0,101.0,8728965.0,3738
2023-05-09 21:02:12,ag2310,ag2310,5760.0,0.0,0.0,0.0,2,5759.0,5761.0,10,5777.0,5766.0,5766.0,5758.0,101.0,8728965.0,3738
2023-05-09 21:02:13,ag2310,ag2310,5760.0,0.0,0.0,0.0,2,5759.0,5761.0,6,5777.0,5766.0,5766.0,5758.0,101.0,8728965.0,3738
2023-05-09 21:02:13,ag2310,ag2310,5760.0,0.0,0.0,0.0,2,5759.0,5761.0,11,5777.0,5766.0,5766.0,5758.0,101.0,8728965.0,3738
2023-05-09 21:02:14,ag2310,ag2310,5760.0,0.0,0.0,0.0,2,5759.0,5760.0,2,5777.0,5766.0,5766.0,5758.0,101.0,8728965.0,3738
2023-05-09 21:02:14,ag2310,ag2310,5760.0,0.0,0.0,0.0,2,5759.0,5761.0,7,5777.0,5766.0,5766.0,5758.0,101.0,8728965.0,3738
2023-05-09 21:02:15,ag2310,ag2310,5760.0,0.0,0.0,0.0,2,5759.0,5761.0,6,5777.0,5766.0,5766.0,5758.0,101.0,8728965.0,3738
2023-05-09 21:02:16,ag2310,ag2310,5760.0,0.0,0.0,0.0,2,5759.0,5760.0,5,5777.0,5766.0,5766.0,5758.0,101.0,8728965.0,3738
2023-05-09 21:02:16,ag2310,ag2310,5760.0,4.0,345600.0,-4.0,3,5759.0,5761.0,5,5777.0,5766.0,5766.0,5758.0,105.0,9074565.0,3734
2023-05-09 21:02:17,ag2310,ag2310,5760.0,0.0,0.0,0.0,2,5759.0,5761.0,6,5777.0,5766.0,5766.0,5758.0,105.0,9074565.0,3734
2023-05-09 21:02:17,ag2310,ag2310,5760.0,0.0,0.0,0.0,2,5759.0,5761.0,7,5777.0,5766.0,5766.0,5758.0,105.0,9074565.0,3734
2023-05-09 21:02:18,ag2310,ag2310,5760.0,0.0,0.0,0.0,2,5759.0,5761.0,12,5777.0,5766.0,5766.0,5758.0,105.0,9074565.0,3734
2023-05-09 21:02:21,ag2310,ag2310,5760.0,0.0,0.0,0.0,3,5759.0,5761.0,10,5777.0,5766.0,5766.0,5758.0,105.0,9074565.0,3734
2023-05-09 21:02:21,ag2310,ag2310,5760.0,0.0,0.0,0.0,3,5759.0,5761.0,2,5777.0,5766.0,5766.0,5758.0,105.0,9074565.0,3734
2023-05-09 21:02:22,ag2310,ag2310,5760.0,0.0,0.0,0.0,3,5759.0,5761.0,1,5777.0,5766.0,5766.0,5758.0,105.0,9074565.0,3734
2023-05-09 21:02:23,ag2310,ag2310,5760.0,0.0,0.0,0.0,3,5759.0,5761.0,1,5777.0,5766.0,5766.0,5758.0,105.0,9074565.0,3734
2023-05-09 21:02:23,ag2310,ag2310,5760.0,0.0,0.0,0.0,3,5759.0,5762.0,4,5777.0,5766.0,5766.0,5758.0,105.0,9074565.0,3734
2023-05-09 21:02:24,ag2310,ag2310,5760.0,0.0,0.0,0.0,3,5759.0,5762.0,13,5777.0,5766.0,5766.0,5758.0,105.0,9074565.0,3734
2023-05-09 21:02:24,ag2310,ag2310,5760.0,0.0,0.0,0.0,3,5759.0,5761.0,1,5777.0,5766.0,5766.0,5758.0,105.0,9074565.0,3734
2023-05-09 21:02:25,ag2310,ag2310,5761.0,1.0,86415.0,0.0,3,5759.0,5762.0,11,5777.0,5766.0,5766.0,5758.0,106.0,9160980.0,3734
2023-05-09 21:02:25,ag2310,ag2310,5761.0,0.0,0.0,0.0,1,5760.0,5762.0,3,5777.0,5766.0,5766.0,5758.0,106.0,9160980.0,3734
2023-05-09 21:02:26,ag2310,ag2310,5761.0,0.0,0.0,0.0,3,5760.0,5762.0,3,5777.0,5766.0,5766.0,5758.0,106.0,9160980.0,3734
2023-05-09 21:02:26,ag2310,ag2310,5761.0,0.0,0.0,0.0,3,5760.0,5762.0,3,5777.0,5766.0,5766.0,5758.0,106.0,9160980.0,3734
2023-05-09 21:02:27,ag2310,ag2310,5761.0,0.0,0.0,0.0,4,5760.0,5762.0,3,5777.0,5766.0,5766.0,5758.0,106.0,9160980.0,3734
2023-05-09 21:02:27,ag2310,ag2310,5761.0,0.0,0.0,0.0,1,5760.0,5762.0,3,5777.0,5766.0,5766.0,5758.0,106.0,9160980.0,3734
2023-05-09 21:02:28,ag2310,ag2310,5761.0,0.0,0.0,0.0,1,5760.0,5762.0,3,5777.0,5766.0,5766.0,5758.0,106.0,9160980.0,3734
2023-05-09 21:02:28,ag2310,ag2310,5761.0,0.0,0.0,0.0,1,5760.0,5762.0,4,5777.0,5766.0,5766.0,5758.0,106.0,9160980.0,3734
2023-05-09 21:02:29,ag2310,ag2310,5761.0,0.0,0.0,0.0,4,5760.0,5762.0,4,5777.0,5766.0,5766.0,5758.0,106.0,9160980.0,3734
2023-05-09 21:02:29,ag2310,ag2310,5761.0,0.0,0.0,0.0,1,5760.0,5762.0,3,5777.0,5766.0,5766.0,5758.0,106.0,9160980.0,3734
2023-05-09 21:02:30,ag2310,ag2310,5761.0,0.0,0.0,0.0,4,5760.0,5762.0,4,5777.0,5766.0,5766.0,5758.0,106.0,9160980.0,3734
2023-05-09 21:02:30,ag2310,ag2310,5761.0,0.0,0.0,0.0,4,5760.0,5762.0,4,5777.0,5766.0,5766.0,5758.0,106.0,9160980.0,3734
2023-05-09 21:02:31,ag2310,ag2310,5761.0,0.0,0.0,0.0,8,5759.0,5762.0,3,5777.0,5766.0,5766.0,5758.0,106.0,9160980.0,3734
2023-05-09 21:02:31,ag2310,ag2310,5761.0,0.0,0.0,0.0,6,5759.0,5762.0,3,5777.0,5766.0,5766.0,5758.0,106.0,9160980.0,3734
2023-05-09 21:02:32,ag2310,ag2310,5761.0,0.0,0.0,0.0,6,5759.0,5762.0,7,5777.0,5766.0,5766.0,5758.0,106.0,9160980.0,3734
2023-05-09 21:02:33,ag2310,ag2310,5761.0,0.0,0.0,0.0,6,5759.0,5761.0,2,5777.0,5766.0,5766.0,5758.0,106.0,9160980.0,3734
2023-05-09 21:02:33,ag2310,ag2310,5761.0,0.0,0.0,0.0,2,5759.0,5761.0,5,5777.0,5766.0,5766.0,5758.0,106.0,9160980.0,3734
2023-05-09 21:02:34,ag2310,ag2310,5761.0,0.0,0.0,0.0,2,5759.0,5761.0,5,5777.0,5766.0,5766.0,5758.0,106.0,9160980.0,3734
2023-05-09 21:02:34,ag2310,ag2310,5761.0,0.0,0.0,0.0,3,5759.0,5761.0,5,5777.0,5766.0,5766.0,5758.0,106.0,9160980.0,3734
2023-05-09 21:02:36,ag2310,ag2310,5761.0,0.0,0.0,0.0,3,5759.0,5761.0,4,5777.0,5766.0,5766.0,5758.0,106.0,9160980.0,3734
2023-05-09 21:02:37,ag2310,ag2310,5761.0,0.0,0.0,0.0,2,5759.0,5761.0,1,5777.0,5766.0,5766.0,5758.0,106.0,9160980.0,3734
2023-05-09 21:02:37,ag2310,ag2310,5761.0,0.0,0.0,0.0,3,5759.0,5761.0,4,5777.0,5766.0,5766.0,5758.0,106.0,9160980.0,3734
2023-05-09 21:02:38,ag2310,ag2310,5761.0,0.0,0.0,0.0,3,5759.0,5761.0,3,5777.0,5766.0,5766.0,5758.0,106.0,9160980.0,3734
2023-05-09 21:02:38,ag2310,ag2310,5761.0,0.0,0.0,0.0,5,5759.0,5761.0,3,5777.0,5766.0,5766.0,5758.0,106.0,9160980.0,3734
2023-05-09 21:02:39,ag2310,ag2310,5761.0,0.0,0.0,0.0,3,5759.0,5761.0,3,5777.0,5766.0,5766.0,5758.0,106.0,9160980.0,3734
2023-05-09 21:02:42,ag2310,ag2310,5761.0,0.0,0.0,0.0,3,5759.0,5761.0,3,5777.0,5766.0,5766.0,5758.0,106.0,9160980.0,3734
2023-05-09 21:02:43,ag2310,ag2310,5761.0,0.0,0.0,0.0,3,5759.0,5762.0,5,5777.0,5766.0,5766.0,5758.0,106.0,9160980.0,3734
2023-05-09 21:02:43,ag2310,ag2310,5761.0,0.0,0.0,0.0,2,5760.0,5762.0,10,5777.0,5766.0,5766.0,5758.0,106.0,9160980.0,3734
2023-05-09 21:02:44,ag2310,ag2310,5761.0,0.0,0.0,0.0,2,5760.0,5762.0,15,5777.0,5766.0,5766.0,5758.0,106.0,9160980.0,3734
2023-05-09 21:02:45,ag2310,ag2310,5761.0,0.0,0.0,0.0,6,5759.0,5761.0,2,5777.0,5766.0,5766.0,5758.0,106.0,9160980.0,3734
2023-05-09 21:02:45,ag2310,ag2310,5761.0,0.0,0.0,0.0,3,5759.0,5761.0,7,5777.0,5766.0,5766.0,5758.0,106.0,9160980.0,3734
2023-05-09 21:02:46,ag2310,ag2310,5761.0,0.0,0.0,0.0,3,5759.0,5761.0,5,5777.0,5766.0,5766.0,5758.0,106.0,9160980.0,3734
2023-05-09 21:02:46,ag2310,ag2310,5761.0,0.0,0.0,0.0,2,5760.0,5762.0,12,5777.0,5766.0,5766.0,5758.0,106.0,9160980.0,3734
2023-05-09 21:02:47,ag2310,ag2310,5762.0,1.0,86430.0,0.0,2,5760.0,5762.0,14,5777.0,5766.0,5766.0,5758.0,107.0,9247410.0,3734
2023-05-09 21:02:47,ag2310,ag2310,5762.0,0.0,0.0,0.0,2,5759.0,5761.0,2,5777.0,5766.0,5766.0,5758.0,107.0,9247410.0,3734
2023-05-09 21:02:48,ag2310,ag2310,5762.0,0.0,0.0,0.0,2,5759.0,5761.0,12,5777.0,5766.0,5766.0,5758.0,107.0,9247410.0,3734
2023-05-09 21:02:49,ag2310,ag2310,5762.0,0.0,0.0,0.0,2,5759.0,5761.0,13,5777.0,5766.0,5766.0,5758.0,107.0,9247410.0,3734
2023-05-09 21:02:50,ag2310,ag2310,5761.0,5.0,432075.0,-3.0,2,5760.0,5761.0,3,5777.0,5766.0,5766.0,5758.0,112.0,9679485.0,3731
2023-05-09 21:02:51,ag2310,ag2310,5761.0,0.0,0.0,0.0,3,5760.0,5761.0,4,5777.0,5766.0,5766.0,5758.0,112.0,9679485.0,3731
2023-05-09 21:02:52,ag2310,ag2310,5761.0,0.0,0.0,0.0,2,5759.0,5761.0,4,5777.0,5766.0,5766.0,5758.0,112.0,9679485.0,3731
2023-05-09 21:02:52,ag2310,ag2310,5761.0,0.0,0.0,0.0,2,5759.0,5761.0,8,5777.0,5766.0,5766.0,5758.0,112.0,9679485.0,3731
2023-05-09 21:02:53,ag2310,ag2310,5759.0,2.0,172770.0,0.0,4,5758.0,5760.0,2,5777.0,5766.0,5766.0,5758.0,114.0,9852255.0,3731
2023-05-09 21:02:53,ag2310,ag2310,5759.0,0.0,0.0,0.0,1,5758.0,5760.0,13,5777.0,5766.0,5766.0,5758.0,114.0,9852255.0,3731
2023-05-09 21:02:54,ag2310,ag2310,5759.0,0.0,0.0,0.0,1,5759.0,5760.0,15,5777.0,5766.0,5766.0,5758.0,114.0,9852255.0,3731
2023-05-09 21:02:54,ag2310,ag2310,5759.0,1.0,86385.0,0.0,1,5758.0,5760.0,15,5777.0,5766.0,5766.0,5758.0,115.0,9938640.0,3731
2023-05-09 21:02:55,ag2310,ag2310,5759.0,0.0,0.0,0.0,1,5758.0,5760.0,14,5777.0,5766.0,5766.0,5758.0,115.0,9938640.0,3731
2023-05-09 21:02:56,ag2310,ag2310,5759.0,0.0,0.0,0.0,2,5759.0,5760.0,10,5777.0,5766.0,5766.0,5758.0,115.0,9938640.0,3731
2023-05-09 21:02:57,ag2310,ag2310,5759.0,0.0,0.0,0.0,2,5759.0,5760.0,2,5777.0,5766.0,5766.0,5758.0,115.0,9938640.0,3731
2023-05-09 21:02:57,ag2310,ag2310,5759.0,0.0,0.0,0.0,2,5759.0,5762.0,5,5777.0,5766.0,5766.0,5758.0,115.0,9938640.0,3731
2023-05-09 21:02:58,ag2310,ag2310,5759.0,0.0,0.0,0.0,2,5759.0,5761.0,13,5777.0,5766.0,5766.0,5758.0,115.0,9938640.0,3731
2023-05-09 21:02:58,ag2310,ag2310,5759.0,0.0,0.0,0.0,2,5759.0,5761.0,15,5777.0,5766.0,5766.0,5758.0,115.0,9938640.0,3731
2023-05-09 21:02:59,ag2310,ag2310,5759.0,0.0,0.0,0.0,4,5759.0,5761.0,10,5777.0,5766.0,5766.0,5758.0,115.0,9938640.0,3731
2023-05-09 21:02:59,ag2310,ag2310,5759.0,0.0,0.0,0.0,5,5759.0,5761.0,6,5777.0,5766.0,5766.0,5758.0,115.0,9938640.0,3731
2023-05-09 21:03:00,ag2310,ag2310,5759.0,0.0,0.0,0.0,3,5759.0,5761.0,8,5777.0,5766.0,5766.0,5758.0,115.0,9938640.0,3731
2023-05-09 21:03:00,ag2310,ag2310,5759.0,0.0,0.0,0.0,3,5758.0,5760.0,3,5777.0,5766.0,5766.0,5758.0,115.0,9938640.0,3731
2023-05-09 21:03:01,ag2310,ag2310,5759.0,0.0,0.0,0.0,2,5759.0,5760.0,1,5777.0,5766.0,5766.0,5758.0,115.0,9938640.0,3731
2023-05-09 21:03:01,ag2310,ag2310,5759.0,2.0,172770.0,2.0,4,5758.0,5760.0,5,5777.0,5766.0,5766.0,5758.0,117.0,10111410.0,3733
2023-05-09 21:03:02,ag2310,ag2310,5759.0,0.0,0.0,0.0,1,5758.0,5760.0,16,5777.0,5766.0,5766.0,5758.0,117.0,10111410.0,3733
2023-05-09 21:03:03,ag2310,ag2310,5759.0,0.0,0.0,0.0,1,5758.0,5760.0,17,5777.0,5766.0,5766.0,5758.0,117.0,10111410.0,3733
2023-05-09 21:03:06,ag2310,ag2310,5759.0,0.0,0.0,0.0,1,5758.0,5759.0,2,5777.0,5766.0,5766.0,5758.0,117.0,10111410.0,3733
2023-05-09 21:03:06,ag2310,ag2310,5759.0,0.0,0.0,0.0,1,5758.0,5760.0,16,5777.0,5766.0,5766.0,5758.0,117.0,10111410.0,3733
2023-05-09 21:03:07,ag2310,ag2310,5759.0,0.0,0.0,0.0,1,5758.0,5760.0,17,5777.0,5766.0,5766.0,5758.0,117.0,10111410.0,3733
2023-05-09 21:03:07,ag2310,ag2310,5759.0,0.0,0.0,0.0,1,5758.0,5760.0,12,5777.0,5766.0,5766.0,5758.0,117.0,10111410.0,3733
2023-05-09 21:03:08,ag2310,ag2310,5759.0,0.0,0.0,0.0,1,5758.0,5759.0,5,5777.0,5766.0,5766.0,5758.0,117.0,10111410.0,3733
2023-05-09 21:03:08,ag2310,ag2310,5759.0,0.0,0.0,0.0,1,5758.0,5760.0,13,5777.0,5766.0,5766.0,5758.0,117.0,10111410.0,3733
2023-05-09 21:03:09,ag2310,ag2310,5759.0,0.0,0.0,0.0,1,5758.0,5760.0,17,5777.0,5766.0,5766.0,5758.0,117.0,10111410.0,3733
2023-05-09 21:03:09,ag2310,ag2310,5759.0,0.0,0.0,0.0,1,5758.0,5759.0,2,5777.0,5766.0,5766.0,5758.0,117.0,10111410.0,3733
2023-05-09 21:03:10,ag2310,ag2310,5759.0,1.0,86385.0,0.0,1,5758.0,5759.0,1,5777.0,5766.0,5766.0,5758.0,118.0,10197795.0,3733
2023-05-09 21:03:10,ag2310,ag2310,5759.0,0.0,0.0,0.0,1,5758.0,5759.0,4,5777.0,5766.0,5766.0,5758.0,118.0,10197795.0,3733
2023-05-09 21:03:11,ag2310,ag2310,5759.0,0.0,0.0,0.0,1,5758.0,5759.0,15,5777.0,5766.0,5766.0,5758.0,118.0,10197795.0,3733
2023-05-09 21:03:11,ag2310,ag2310,5758.0,1.0,86370.0,1.0,1,5757.0,5759.0,15,5777.0,5766.0,5766.0,5758.0,119.0,10284165.0,3734
2023-05-09 21:03:12,ag2310,ag2310,5757.0,1.0,86355.0,0.0,1,5756.0,5758.0,1,5777.0,5766.0,5766.0,5757.0,120.0,10370520.0,3734
2023-05-09 21:03:12,ag2310,ag2310,5757.0,0.0,0.0,0.0,1,5756.0,5758.0,12,5777.0,5766.0,5766.0,5757.0,120.0,10370520.0,3734
2023-05-09 21:03:13,ag2310,ag2310,5756.0,1.0,86340.0,-1.0,1,5755.0,5756.0,4,5777.0,5766.0,5766.0,5756.0,121.0,10456860.0,3733
2023-05-09 21:03:13,ag2310,ag2310,5756.0,3.0,259020.0,0.0,1,5755.0,5757.0,4,5777.0,5766.0,5766.0,5756.0,124.0,10715880.0,3733
2023-05-09 21:03:14,ag2310,ag2310,5756.0,0.0,0.0,0.0,4,5755.0,5758.0,2,5777.0,5766.0,5766.0,5756.0,124.0,10715880.0,3733
2023-05-09 21:03:14,ag2310,ag2310,5756.0,0.0,0.0,0.0,4,5755.0,5758.0,5,5777.0,5766.0,5766.0,5756.0,124.0,10715880.0,3733
2023-05-09 21:03:16,ag2310,ag2310,5756.0,0.0,0.0,0.0,6,5755.0,5758.0,4,5777.0,5766.0,5766.0,5756.0,124.0,10715880.0,3733
2023-05-09 21:03:16,ag2310,ag2310,5756.0,0.0,0.0,0.0,7,5755.0,5758.0,6,5777.0,5766.0,5766.0,5756.0,124.0,10715880.0,3733
2023-05-09 21:03:17,ag2310,ag2310,5756.0,0.0,0.0,0.0,1,5756.0,5758.0,4,5777.0,5766.0,5766.0,5756.0,124.0,10715880.0,3733
2023-05-09 21:03:17,ag2310,ag2310,5756.0,0.0,0.0,0.0,2,5756.0,5758.0,4,5777.0,5766.0,5766.0,5756.0,124.0,10715880.0,3733
2023-05-09 21:03:18,ag2310,ag2310,5756.0,0.0,0.0,0.0,3,5756.0,5758.0,3,5777.0,5766.0,5766.0,5756.0,124.0,10715880.0,3733
2023-05-09 21:03:19,ag2310,ag2310,5758.0,3.0,259110.0,0.0,5,5756.0,5758.0,1,5777.0,5766.0,5766.0,5756.0,127.0,10974990.0,3733
2023-05-09 21:03:19,ag2310,ag2310,5758.0,1.0,86370.0,1.0,1,5757.0,5759.0,2,5777.0,5766.0,5766.0,5756.0,128.0,11061360.0,3734
2023-05-09 21:03:20,ag2310,ag2310,5758.0,0.0,0.0,0.0,3,5757.0,5759.0,2,5777.0,5766.0,5766.0,5756.0,128.0,11061360.0,3734
2023-05-09 21:03:20,ag2310,ag2310,5758.0,0.0,0.0,0.0,3,5757.0,5759.0,3,5777.0,5766.0,5766.0,5756.0,128.0,11061360.0,3734
2023-05-09 21:03:22,ag2310,ag2310,5758.0,0.0,0.0,0.0,3,5757.0,5759.0,3,5777.0,5766.0,5766.0,5756.0,128.0,11061360.0,3734
2023-05-09 21:03:23,ag2310,ag2310,5758.0,0.0,0.0,0.0,4,5756.0,5758.0,1,5777.0,5766.0,5766.0,5756.0,128.0,11061360.0,3734
2023-05-09 21:03:23,ag2310,ag2310,5758.0,0.0,0.0,0.0,5,5756.0,5758.0,1,5777.0,5766.0,5766.0,5756.0,128.0,11061360.0,3734
2023-05-09 21:03:24,ag2310,ag2310,5758.0,0.0,0.0,0.0,5,5756.0,5758.0,3,5777.0,5766.0,5766.0,5756.0,128.0,11061360.0,3734
2023-05-09 21:03:24,ag2310,ag2310,5758.0,0.0,0.0,0.0,2,5756.0,5758.0,6,5777.0,5766.0,5766.0,5756.0,128.0,11061360.0,3734
2023-05-09 21:03:25,ag2310,ag2310,5758.0,0.0,0.0,0.0,4,5755.0,5758.0,12,5777.0,5766.0,5766.0,5756.0,128.0,11061360.0,3734
2023-05-09 21:03:25,ag2310,ag2310,5758.0,0.0,0.0,0.0,7,5755.0,5758.0,11,5777.0,5766.0,5766.0,5756.0,128.0,11061360.0,3734
2023-05-09 21:03:26,ag2310,ag2310,5758.0,0.0,0.0,0.0,9,5755.0,5758.0,8,5777.0,5766.0,5766.0,5756.0,128.0,11061360.0,3734
2023-05-09 21:03:26,ag2310,ag2310,5758.0,0.0,0.0,0.0,1,5756.0,5758.0,6,5777.0,5766.0,5766.0,5756.0,128.0,11061360.0,3734
2023-05-09 21:03:27,ag2310,ag2310,5758.0,0.0,0.0,0.0,3,5756.0,5758.0,1,5777.0,5766.0,5766.0,5756.0,128.0,11061360.0,3734
2023-05-09 21:03:29,ag2310,ag2310,5758.0,0.0,0.0,0.0,3,5756.0,5758.0,6,5777.0,5766.0,5766.0,5756.0,128.0,11061360.0,3734
2023-05-09 21:03:30,ag2310,ag2310,5758.0,0.0,0.0,0.0,3,5756.0,5758.0,3,5777.0,5766.0,5766.0,5756.0,128.0,11061360.0,3734
2023-05-09 21:03:30,ag2310,ag2310,5758.0,0.0,0.0,0.0,7,5756.0,5758.0,1,5777.0,5766.0,5766.0,5756.0,128.0,11061360.0,3734
2023-05-09 21:03:31,ag2310,ag2310,5758.0,1.0,86370.0,-1.0,2,5757.0,5759.0,3,5777.0,5766.0,5766.0,5756.0,129.0,11147730.0,3733
2023-05-09 21:03:31,ag2310,ag2310,5758.0,0.0,0.0,0.0,4,5757.0,5759.0,5,5777.0,5766.0,5766.0,5756.0,129.0,11147730.0,3733
2023-05-09 21:03:32,ag2310,ag2310,5758.0,0.0,0.0,0.0,4,5757.0,5759.0,3,5777.0,5766.0,5766.0,5756.0,129.0,11147730.0,3733
2023-05-09 21:03:32,ag2310,ag2310,5758.0,0.0,0.0,0.0,6,5757.0,5759.0,3,5777.0,5766.0,5766.0,5756.0,129.0,11147730.0,3733
2023-05-09 21:03:33,ag2310,ag2310,5758.0,0.0,0.0,0.0,6,5757.0,5759.0,6,5777.0,5766.0,5766.0,5756.0,129.0,11147730.0,3733
2023-05-09 21:03:33,ag2310,ag2310,5758.0,0.0,0.0,0.0,5,5757.0,5759.0,3,5777.0,5766.0,5766.0,5756.0,129.0,11147730.0,3733
2023-05-09 21:03:34,ag2310,ag2310,5758.0,0.0,0.0,0.0,3,5757.0,5759.0,6,5777.0,5766.0,5766.0,5756.0,129.0,11147730.0,3733
2023-05-09 21:03:34,ag2310,ag2310,5758.0,0.0,0.0,0.0,2,5757.0,5759.0,9,5777.0,5766.0,5766.0,5756.0,129.0,11147730.0,3733
2023-05-09 21:03:35,ag2310,ag2310,5758.0,0.0,0.0,0.0,4,5756.0,5759.0,9,5777.0,5766.0,5766.0,5756.0,129.0,11147730.0,3733
2023-05-09 21:03:36,ag2310,ag2310,5758.0,0.0,0.0,0.0,1,5757.0,5759.0,9,5777.0,5766.0,5766.0,5756.0,129.0,11147730.0,3733
2023-05-09 21:03:36,ag2310,ag2310,5758.0,0.0,0.0,0.0,3,5757.0,5759.0,5,5777.0,5766.0,5766.0,5756.0,129.0,11147730.0,3733
2023-05-09 21:03:37,ag2310,ag2310,5758.0,0.0,0.0,0.0,4,5757.0,5759.0,3,5777.0,5766.0,5766.0,5756.0,129.0,11147730.0,3733
2023-05-09 21:03:38,ag2310,ag2310,5758.0,0.0,0.0,0.0,4,5757.0,5759.0,3,5777.0,5766.0,5766.0,5756.0,129.0,11147730.0,3733
2023-05-09 21:03:40,ag2310,ag2310,5758.0,0.0,0.0,0.0,5,5757.0,5759.0,3,5777.0,5766.0,5766.0,5756.0,129.0,11147730.0,3733
2023-05-09 21:03:40,ag2310,ag2310,5758.0,0.0,0.0,0.0,5,5757.0,5759.0,1,5777.0,5766.0,5766.0,5756.0,129.0,11147730.0,3733
2023-05-09 21:03:41,ag2310,ag2310,5758.0,0.0,0.0,0.0,8,5757.0,5759.0,1,5777.0,5766.0,5766.0,5756.0,129.0,11147730.0,3733
2023-05-09 21:03:41,ag2310,ag2310,5759.0,2.0,172770.0,0.0,7,5757.0,5760.0,1,5777.0,5766.0,5766.0,5756.0,131.0,11320500.0,3733
2023-05-09 21:03:42,ag2310,ag2310,5759.0,0.0,0.0,0.0,1,5758.0,5760.0,4,5777.0,5766.0,5766.0,5756.0,131.0,11320500.0,3733
2023-05-09 21:03:42,ag2310,ag2310,5759.0,0.0,0.0,0.0,3,5758.0,5760.0,4,5777.0,5766.0,5766.0,5756.0,131.0,11320500.0,3733
2023-05-09 21:03:44,ag2310,ag2310,5759.0,0.0,0.0,0.0,1,5759.0,5760.0,4,5777.0,5766.0,5766.0,5756.0,131.0,11320500.0,3733
2023-05-09 21:03:44,ag2310,ag2310,5759.0,0.0,0.0,0.0,1,5759.0,5760.0,5,5777.0,5766.0,5766.0,5756.0,131.0,11320500.0,3733
2023-05-09 21:03:47,ag2310,ag2310,5759.0,0.0,0.0,0.0,1,5759.0,5760.0,2,5777.0,5766.0,5766.0,5756.0,131.0,11320500.0,3733
2023-05-09 21:03:47,ag2310,ag2310,5759.0,0.0,0.0,0.0,1,5759.0,5760.0,2,5777.0,5766.0,5766.0,5756.0,131.0,11320500.0,3733
2023-05-09 21:03:48,ag2310,ag2310,5759.0,0.0,0.0,0.0,1,5759.0,5760.0,2,5777.0,5766.0,5766.0,5756.0,131.0,11320500.0,3733
2023-05-09 21:03:48,ag2310,ag2310,5759.0,0.0,0.0,0.0,1,5759.0,5760.0,2,5777.0,5766.0,5766.0,5756.0,131.0,11320500.0,3733
2023-05-09 21:03:49,ag2310,ag2310,5759.0,0.0,0.0,0.0,3,5759.0,5760.0,1,5777.0,5766.0,5766.0,5756.0,131.0,11320500.0,3733
2023-05-09 21:03:49,ag2310,ag2310,5759.0,0.0,0.0,0.0,4,5759.0,5760.0,1,5777.0,5766.0,5766.0,5756.0,131.0,11320500.0,3733
2023-05-09 21:03:50,ag2310,ag2310,5759.0,0.0,0.0,0.0,4,5759.0,5760.0,1,5777.0,5766.0,5766.0,5756.0,131.0,11320500.0,3733
2023-05-09 21:03:51,ag2310,ag2310,5759.0,0.0,0.0,0.0,1,5759.0,5760.0,1,5777.0,5766.0,5766.0,5756.0,131.0,11320500.0,3733
2023-05-09 21:03:53,ag2310,ag2310,5759.0,0.0,0.0,0.0,1,5759.0,5760.0,1,5777.0,5766.0,5766.0,5756.0,131.0,11320500.0,3733
2023-05-09 21:03:54,ag2310,ag2310,5760.0,1.0,86400.0,0.0,1,5759.0,5761.0,2,5777.0,5766.0,5766.0,5756.0,132.0,11406900.0,3733
2023-05-09 21:03:55,ag2310,ag2310,5760.0,0.0,0.0,0.0,1,5759.0,5761.0,5,5777.0,5766.0,5766.0,5756.0,132.0,11406900.0,3733
2023-05-09 21:03:55,ag2310,ag2310,5760.0,0.0,0.0,0.0,1,5759.0,5761.0,7,5777.0,5766.0,5766.0,5756.0,132.0,11406900.0,3733
2023-05-09 21:03:56,ag2310,ag2310,5760.0,0.0,0.0,0.0,1,5759.0,5761.0,9,5777.0,5766.0,5766.0,5756.0,132.0,11406900.0,3733
2023-05-09 21:03:56,ag2310,ag2310,5760.0,0.0,0.0,0.0,1,5759.0,5760.0,1,5777.0,5766.0,5766.0,5756.0,132.0,11406900.0,3733
2023-05-09 21:03:57,ag2310,ag2310,5760.0,0.0,0.0,0.0,1,5759.0,5760.0,1,5777.0,5766.0,5766.0,5756.0,132.0,11406900.0,3733
2023-05-09 21:03:57,ag2310,ag2310,5760.0,0.0,0.0,0.0,1,5759.0,5760.0,1,5777.0,5766.0,5766.0,5756.0,132.0,11406900.0,3733
2023-05-09 21:03:58,ag2310,ag2310,5759.0,1.0,86385.0,1.0,2,5758.0,5760.0,7,5777.0,5766.0,5766.0,5756.0,133.0,11493285.0,3734
2023-05-09 21:03:58,ag2310,ag2310,5759.0,0.0,0.0,0.0,6,5757.0,5760.0,12,5777.0,5766.0,5766.0,5756.0,133.0,11493285.0,3734
2023-05-09 21:03:59,ag2310,ag2310,5759.0,0.0,0.0,0.0,7,5757.0,5760.0,7,5777.0,5766.0,5766.0,5756.0,133.0,11493285.0,3734
2023-05-09 21:03:59,ag2310,ag2310,5759.0,0.0,0.0,0.0,13,5757.0,5760.0,1,5777.0,5766.0,5766.0,5756.0,133.0,11493285.0,3734
2023-05-09 21:04:00,ag2310,ag2310,5759.0,0.0,0.0,0.0,1,5758.0,5760.0,1,5777.0,5766.0,5766.0,5756.0,133.0,11493285.0,3734
2023-05-09 21:04:00,ag2310,ag2310,5759.0,0.0,0.0,0.0,3,5758.0,5760.0,1,5777.0,5766.0,5766.0,5756.0,133.0,11493285.0,3734
2023-05-09 21:04:01,ag2310,ag2310,5759.0,0.0,0.0,0.0,3,5758.0,5760.0,5,5777.0,5766.0,5766.0,5756.0,133.0,11493285.0,3734
2023-05-09 21:04:01,ag2310,ag2310,5759.0,0.0,0.0,0.0,9,5757.0,5760.0,3,5777.0,5766.0,5766.0,5756.0,133.0,11493285.0,3734
2023-05-09 21:04:02,ag2310,ag2310,5759.0,0.0,0.0,0.0,1,5758.0,5760.0,4,5777.0,5766.0,5766.0,5756.0,133.0,11493285.0,3734
2023-05-09 21:04:02,ag2310,ag2310,5759.0,0.0,0.0,0.0,3,5758.0,5760.0,1,5777.0,5766.0,5766.0,5756.0,133.0,11493285.0,3734
2023-05-09 21:04:03,ag2310,ag2310,5759.0,0.0,0.0,0.0,9,5757.0,5760.0,8,5777.0,5766.0,5766.0,5756.0,133.0,11493285.0,3734
2023-05-09 21:04:03,ag2310,ag2310,5759.0,0.0,0.0,0.0,7,5757.0,5760.0,12,5777.0,5766.0,5766.0,5756.0,133.0,11493285.0,3734
2023-05-09 21:04:04,ag2310,ag2310,5759.0,0.0,0.0,0.0,7,5757.0,5760.0,12,5777.0,5766.0,5766.0,5756.0,133.0,11493285.0,3734
2023-05-09 21:04:06,ag2310,ag2310,5759.0,0.0,0.0,0.0,7,5757.0,5760.0,1,5777.0,5766.0,5766.0,5756.0,133.0,11493285.0,3734
2023-05-09 21:04:06,ag2310,ag2310,5760.0,1.0,86400.0,0.0,1,5759.0,5761.0,4,5777.0,5766.0,5766.0,5756.0,134.0,11579685.0,3734
2023-05-09 21:04:07,ag2310,ag2310,5760.0,0.0,0.0,0.0,1,5759.0,5761.0,6,5777.0,5766.0,5766.0,5756.0,134.0,11579685.0,3734
2023-05-09 21:04:07,ag2310,ag2310,5760.0,0.0,0.0,0.0,2,5759.0,5761.0,6,5777.0,5766.0,5766.0,5756.0,134.0,11579685.0,3734
2023-05-09 21:04:08,ag2310,ag2310,5760.0,0.0,0.0,0.0,2,5759.0,5761.0,6,5777.0,5766.0,5766.0,5756.0,134.0,11579685.0,3734
2023-05-09 21:04:08,ag2310,ag2310,5760.0,0.0,0.0,0.0,2,5759.0,5761.0,4,5777.0,5766.0,5766.0,5756.0,134.0,11579685.0,3734
2023-05-09 21:04:09,ag2310,ag2310,5760.0,0.0,0.0,0.0,2,5759.0,5761.0,3,5777.0,5766.0,5766.0,5756.0,134.0,11579685.0,3734
2023-05-09 21:04:10,ag2310,ag2310,5760.0,0.0,0.0,0.0,3,5759.0,5761.0,5,5777.0,5766.0,5766.0,5756.0,134.0,11579685.0,3734
2023-05-09 21:04:11,ag2310,ag2310,5760.0,0.0,0.0,0.0,4,5759.0,5761.0,4,5777.0,5766.0,5766.0,5756.0,134.0,11579685.0,3734
2023-05-09 21:04:11,ag2310,ag2310,5760.0,0.0,0.0,0.0,8,5759.0,5763.0,5,5777.0,5766.0,5766.0,5756.0,134.0,11579685.0,3734
2023-05-09 21:04:12,ag2310,ag2310,5760.0,0.0,0.0,0.0,8,5759.0,5762.0,6,5777.0,5766.0,5766.0,5756.0,134.0,11579685.0,3734
2023-05-09 21:04:13,ag2310,ag2310,5760.0,0.0,0.0,0.0,4,5759.0,5762.0,6,5777.0,5766.0,5766.0,5756.0,134.0,11579685.0,3734
2023-05-09 21:04:14,ag2310,ag2310,5760.0,0.0,0.0,0.0,8,5759.0,5762.0,6,5777.0,5766.0,5766.0,5756.0,134.0,11579685.0,3734
2023-05-09 21:04:15,ag2310,ag2310,5760.0,0.0,0.0,0.0,8,5759.0,5762.0,6,5777.0,5766.0,5766.0,5756.0,134.0,11579685.0,3734
2023-05-09 21:04:15,ag2310,ag2310,5759.0,5.0,431925.0,-3.0,3,5759.0,5761.0,1,5777.0,5766.0,5766.0,5756.0,139.0,12011610.0,3731
2023-05-09 21:04:16,ag2310,ag2310,5759.0,0.0,0.0,0.0,6,5759.0,5761.0,1,5777.0,5766.0,5766.0,5756.0,139.0,12011610.0,3731
2023-05-09 21:04:16,ag2310,ag2310,5759.0,0.0,0.0,0.0,6,5759.0,5761.0,1,5777.0,5766.0,5766.0,5756.0,139.0,12011610.0,3731
2023-05-09 21:04:17,ag2310,ag2310,5759.0,0.0,0.0,0.0,2,5759.0,5761.0,7,5777.0,5766.0,5766.0,5756.0,139.0,12011610.0,3731
2023-05-09 21:04:17,ag2310,ag2310,5759.0,0.0,0.0,0.0,2,5759.0,5761.0,1,5777.0,5766.0,5766.0,5756.0,139.0,12011610.0,3731
2023-05-09 21:04:18,ag2310,ag2310,5759.0,0.0,0.0,0.0,4,5758.0,5761.0,1,5777.0,5766.0,5766.0,5756.0,139.0,12011610.0,3731
2023-05-09 21:04:18,ag2310,ag2310,5759.0,0.0,0.0,0.0,13,5758.0,5761.0,3,5777.0,5766.0,5766.0,5756.0,139.0,12011610.0,3731
2023-05-09 21:04:19,ag2310,ag2310,5759.0,0.0,0.0,0.0,16,5758.0,5761.0,1,5777.0,5766.0,5766.0,5756.0,139.0,12011610.0,3731
2023-05-09 21:04:21,ag2310,ag2310,5759.0,0.0,0.0,0.0,10,5758.0,5761.0,7,5777.0,5766.0,5766.0,5756.0,139.0,12011610.0,3731
2023-05-09 21:04:21,ag2310,ag2310,5759.0,0.0,0.0,0.0,10,5758.0,5761.0,11,5777.0,5766.0,5766.0,5756.0,139.0,12011610.0,3731
2023-05-09 21:04:22,ag2310,ag2310,5759.0,0.0,0.0,0.0,5,5757.0,5760.0,1,5777.0,5766.0,5766.0,5756.0,139.0,12011610.0,3731
2023-05-09 21:04:23,ag2310,ag2310,5759.0,0.0,0.0,0.0,8,5757.0,5760.0,10,5777.0,5766.0,5766.0,5756.0,139.0,12011610.0,3731
2023-05-09 21:04:23,ag2310,ag2310,5759.0,0.0,0.0,0.0,8,5757.0,5760.0,10,5777.0,5766.0,5766.0,5756.0,139.0,12011610.0,3731
2023-05-09 21:04:24,ag2310,ag2310,5757.0,1.0,86355.0,1.0,7,5757.0,5760.0,3,5777.0,5766.0,5766.0,5756.0,140.0,12097965.0,3732
2023-05-09 21:04:24,ag2310,ag2310,5757.0,0.0,0.0,0.0,7,5757.0,5760.0,4,5777.0,5766.0,5766.0,5756.0,140.0,12097965.0,3732
2023-05-09 21:04:25,ag2310,ag2310,5757.0,0.0,0.0,0.0,7,5757.0,5760.0,2,5777.0,5766.0,5766.0,5756.0,140.0,12097965.0,3732
2023-05-09 21:04:25,ag2310,ag2310,5757.0,0.0,0.0,0.0,7,5757.0,5760.0,5,5777.0,5766.0,5766.0,5756.0,140.0,12097965.0,3732
2023-05-09 21:04:26,ag2310,ag2310,5757.0,0.0,0.0,0.0,10,5757.0,5760.0,2,5777.0,5766.0,5766.0,5756.0,140.0,12097965.0,3732
2023-05-09 21:04:26,ag2310,ag2310,5757.0,0.0,0.0,0.0,13,5757.0,5761.0,8,5777.0,5766.0,5766.0,5756.0,140.0,12097965.0,3732
2023-05-09 21:04:27,ag2310,ag2310,5757.0,0.0,0.0,0.0,49,5758.0,5761.0,9,5777.0,5766.0,5766.0,5756.0,140.0,12097965.0,3732
2023-05-09 21:04:27,ag2310,ag2310,5757.0,0.0,0.0,0.0,53,5758.0,5760.0,2,5777.0,5766.0,5766.0,5756.0,140.0,12097965.0,3732
2023-05-09 21:04:28,ag2310,ag2310,5757.0,0.0,0.0,0.0,53,5758.0,5760.0,1,5777.0,5766.0,5766.0,5756.0,140.0,12097965.0,3732
2023-05-09 21:04:29,ag2310,ag2310,5757.0,0.0,0.0,0.0,53,5758.0,5761.0,7,5777.0,5766.0,5766.0,5756.0,140.0,12097965.0,3732
2023-05-09 21:04:30,ag2310,ag2310,5757.0,0.0,0.0,0.0,52,5758.0,5761.0,11,5777.0,5766.0,5766.0,5756.0,140.0,12097965.0,3732
2023-05-09 21:04:30,ag2310,ag2310,5757.0,0.0,0.0,0.0,52,5758.0,5760.0,1,5777.0,5766.0,5766.0,5756.0,140.0,12097965.0,3732
2023-05-09 21:04:31,ag2310,ag2310,5757.0,0.0,0.0,0.0,52,5758.0,5760.0,2,5777.0,5766.0,5766.0,5756.0,140.0,12097965.0,3732
2023-05-09 21:04:32,ag2310,ag2310,5757.0,0.0,0.0,0.0,52,5758.0,5759.0,1,5777.0,5766.0,5766.0,5756.0,140.0,12097965.0,3732
2023-05-09 21:04:32,ag2310,ag2310,5757.0,0.0,0.0,0.0,51,5758.0,5759.0,1,5777.0,5766.0,5766.0,5756.0,140.0,12097965.0,3732
2023-05-09 21:04:33,ag2310,ag2310,5757.0,0.0,0.0,0.0,51,5758.0,5759.0,1,5777.0,5766.0,5766.0,5756.0,140.0,12097965.0,3732
2023-05-09 21:04:33,ag2310,ag2310,5757.0,0.0,0.0,0.0,51,5758.0,5759.0,3,5777.0,5766.0,5766.0,5756.0,140.0,12097965.0,3732
2023-05-09 21:04:34,ag2310,ag2310,5757.0,0.0,0.0,0.0,51,5758.0,5759.0,1,5777.0,5766.0,5766.0,5756.0,140.0,12097965.0,3732
2023-05-09 21:04:34,ag2310,ag2310,5757.0,0.0,0.0,0.0,51,5758.0,5759.0,1,5777.0,5766.0,5766.0,5756.0,140.0,12097965.0,3732
2023-05-09 21:04:35,ag2310,ag2310,5757.0,0.0,0.0,0.0,51,5758.0,5761.0,8,5777.0,5766.0,5766.0,5756.0,140.0,12097965.0,3732
2023-05-09 21:04:35,ag2310,ag2310,5757.0,0.0,0.0,0.0,53,5758.0,5760.0,2,5777.0,5766.0,5766.0,5756.0,140.0,12097965.0,3732
2023-05-09 21:04:36,ag2310,ag2310,5757.0,0.0,0.0,0.0,53,5758.0,5760.0,2,5777.0,5766.0,5766.0,5756.0,140.0,12097965.0,3732
2023-05-09 21:04:36,ag2310,ag2310,5757.0,0.0,0.0,0.0,54,5758.0,5760.0,2,5777.0,5766.0,5766.0,5756.0,140.0,12097965.0,3732
2023-05-09 21:04:37,ag2310,ag2310,5757.0,0.0,0.0,0.0,54,5758.0,5760.0,7,5777.0,5766.0,5766.0,5756.0,140.0,12097965.0,3732
2023-05-09 21:04:37,ag2310,ag2310,5757.0,0.0,0.0,0.0,54,5758.0,5761.0,8,5777.0,5766.0,5766.0,5756.0,140.0,12097965.0,3732
2023-05-09 21:04:38,ag2310,ag2310,5757.0,0.0,0.0,0.0,54,5758.0,5761.0,13,5777.0,5766.0,5766.0,5756.0,140.0,12097965.0,3732
2023-05-09 21:04:38,ag2310,ag2310,5757.0,0.0,0.0,0.0,54,5758.0,5761.0,8,5777.0,5766.0,5766.0,5756.0,140.0,12097965.0,3732
2023-05-09 21:04:39,ag2310,ag2310,5757.0,0.0,0.0,0.0,54,5758.0,5761.0,7,5777.0,5766.0,5766.0,5756.0,140.0,12097965.0,3732
2023-05-09 21:04:39,ag2310,ag2310,5757.0,0.0,0.0,0.0,63,5758.0,5762.0,2,5777.0,5766.0,5766.0,5756.0,140.0,12097965.0,3732
2023-05-09 21:04:40,ag2310,ag2310,5757.0,0.0,0.0,0.0,63,5758.0,5761.0,2,5777.0,5766.0,5766.0,5756.0,140.0,12097965.0,3732
2023-05-09 21:04:40,ag2310,ag2310,5757.0,0.0,0.0,0.0,57,5758.0,5761.0,16,5777.0,5766.0,5766.0,5756.0,140.0,12097965.0,3732
2023-05-09 21:04:41,ag2310,ag2310,5757.0,0.0,0.0,0.0,56,5758.0,5761.0,16,5777.0,5766.0,5766.0,5756.0,140.0,12097965.0,3732
2023-05-09 21:04:41,ag2310,ag2310,5757.0,0.0,0.0,0.0,55,5758.0,5760.0,1,5777.0,5766.0,5766.0,5756.0,140.0,12097965.0,3732
2023-05-09 21:04:42,ag2310,ag2310,5757.0,0.0,0.0,0.0,55,5758.0,5760.0,2,5777.0,5766.0,5766.0,5756.0,140.0,12097965.0,3732
2023-05-09 21:04:42,ag2310,ag2310,5757.0,0.0,0.0,0.0,56,5758.0,5760.0,2,5777.0,5766.0,5766.0,5756.0,140.0,12097965.0,3732
2023-05-09 21:04:43,ag2310,ag2310,5757.0,0.0,0.0,0.0,53,5758.0,5760.0,7,5777.0,5766.0,5766.0,5756.0,140.0,12097965.0,3732
2023-05-09 21:04:43,ag2310,ag2310,5757.0,0.0,0.0,0.0,51,5758.0,5760.0,12,5777.0,5766.0,5766.0,5756.0,140.0,12097965.0,3732
2023-05-09 21:04:44,ag2310,ag2310,5757.0,0.0,0.0,0.0,51,5758.0,5760.0,12,5777.0,5766.0,5766.0,5756.0,140.0,12097965.0,3732
2023-05-09 21:04:46,ag2310,ag2310,5757.0,0.0,0.0,0.0,51,5758.0,5760.0,12,5777.0,5766.0,5766.0,5756.0,140.0,12097965.0,3732
2023-05-09 21:04:49,ag2310,ag2310,5757.0,0.0,0.0,0.0,5,5758.0,5760.0,12,5777.0,5766.0,5766.0,5756.0,140.0,12097965.0,3732
2023-05-09 21:04:50,ag2310,ag2310,5757.0,0.0,0.0,0.0,5,5758.0,5760.0,12,5777.0,5766.0,5766.0,5756.0,140.0,12097965.0,3732
2023-05-09 21:04:51,ag2310,ag2310,5758.0,5.0,431850.0,2.0,15,5757.0,5758.0,3,5777.0,5766.0,5766.0,5756.0,145.0,12529815.0,3734
2023-05-09 21:04:51,ag2310,ag2310,5758.0,0.0,0.0,0.0,14,5757.0,5758.0,3,5777.0,5766.0,5766.0,5756.0,145.0,12529815.0,3734
2023-05-09 21:04:52,ag2310,ag2310,5758.0,0.0,0.0,0.0,11,5757.0,5758.0,3,5777.0,5766.0,5766.0,5756.0,145.0,12529815.0,3734
2023-05-09 21:04:53,ag2310,ag2310,5758.0,1.0,86370.0,0.0,11,5757.0,5758.0,4,5777.0,5766.0,5766.0,5756.0,146.0,12616185.0,3734
2023-05-09 21:04:53,ag2310,ag2310,5758.0,4.0,345480.0,2.0,11,5757.0,5759.0,3,5777.0,5766.0,5766.0,5756.0,150.0,12961665.0,3736
2023-05-09 21:04:54,ag2310,ag2310,5759.0,3.0,259155.0,-3.0,16,5757.0,5760.0,5,5777.0,5766.0,5766.0,5756.0,153.0,13220820.0,3733
2023-05-09 21:04:54,ag2310,ag2310,5759.0,0.0,0.0,0.0,15,5757.0,5760.0,9,5777.0,5766.0,5766.0,5756.0,153.0,13220820.0,3733
2023-05-09 21:04:55,ag2310,ag2310,5759.0,0.0,0.0,0.0,13,5757.0,5760.0,9,5777.0,5766.0,5766.0,5756.0,153.0,13220820.0,3733
2023-05-09 21:04:56,ag2310,ag2310,5759.0,0.0,0.0,0.0,13,5757.0,5759.0,4,5777.0,5766.0,5766.0,5756.0,153.0,13220820.0,3733
2023-05-09 21:04:56,ag2310,ag2310,5759.0,0.0,0.0,0.0,14,5757.0,5759.0,1,5777.0,5766.0,5766.0,5756.0,153.0,13220820.0,3733
2023-05-09 21:04:57,ag2310,ag2310,5759.0,0.0,0.0,0.0,14,5757.0,5760.0,10,5777.0,5766.0,5766.0,5756.0,153.0,13220820.0,3733
2023-05-09 21:04:57,ag2310,ag2310,5759.0,0.0,0.0,0.0,14,5757.0,5760.0,11,5777.0,5766.0,5766.0,5756.0,153.0,13220820.0,3733
2023-05-09 21:04:58,ag2310,ag2310,5759.0,0.0,0.0,0.0,2,5759.0,5760.0,11,5777.0,5766.0,5766.0,5756.0,153.0,13220820.0,3733
2023-05-09 21:04:59,ag2310,ag2310,5759.0,2.0,172770.0,0.0,14,5757.0,5760.0,11,5777.0,5766.0,5766.0,5756.0,155.0,13393590.0,3733
2023-05-09 21:04:59,ag2310,ag2310,5759.0,0.0,0.0,0.0,14,5757.0,5759.0,4,5777.0,5766.0,5766.0,5756.0,155.0,13393590.0,3733
2023-05-09 21:05:00,ag2310,ag2310,5759.0,0.0,0.0,0.0,12,5757.0,5759.0,8,5777.0,5766.0,5766.0,5756.0,155.0,13393590.0,3733
2023-05-09 21:05:00,ag2310,ag2310,5759.0,0.0,0.0,0.0,12,5757.0,5759.0,11,5777.0,5766.0,5766.0,5756.0,155.0,13393590.0,3733
2023-05-09 21:05:01,ag2310,ag2310,5759.0,0.0,0.0,0.0,15,5757.0,5759.0,4,5777.0,5766.0,5766.0,5756.0,155.0,13393590.0,3733
2023-05-09 21:05:01,ag2310,ag2310,5759.0,0.0,0.0,0.0,14,5757.0,5760.0,22,5777.0,5766.0,5766.0,5756.0,155.0,13393590.0,3733
2023-05-09 21:05:02,ag2310,ag2310,5759.0,0.0,0.0,0.0,15,5757.0,5760.0,11,5777.0,5766.0,5766.0,5756.0,155.0,13393590.0,3733
2023-05-09 21:05:02,ag2310,ag2310,5759.0,0.0,0.0,0.0,14,5757.0,5759.0,4,5777.0,5766.0,5766.0,5756.0,155.0,13393590.0,3733
2023-05-09 21:05:03,ag2310,ag2310,5759.0,0.0,0.0,0.0,14,5757.0,5759.0,5,5777.0,5766.0,5766.0,5756.0,155.0,13393590.0,3733
2023-05-09 21:05:04,ag2310,ag2310,5759.0,0.0,0.0,0.0,13,5757.0,5759.0,10,5777.0,5766.0,5766.0,5756.0,155.0,13393590.0,3733
2023-05-09 21:05:04,ag2310,ag2310,5759.0,0.0,0.0,0.0,14,5757.0,5759.0,7,5777.0,5766.0,5766.0,5756.0,155.0,13393590.0,3733
2023-05-09 21:05:05,ag2310,ag2310,5759.0,0.0,0.0,0.0,14,5757.0,5759.0,7,5777.0,5766.0,5766.0,5756.0,155.0,13393590.0,3733
2023-05-09 21:05:05,ag2310,ag2310,5759.0,0.0,0.0,0.0,12,5757.0,5759.0,12,5777.0,5766.0,5766.0,5756.0,155.0,13393590.0,3733
2023-05-09 21:05:06,ag2310,ag2310,5759.0,0.0,0.0,0.0,12,5757.0,5759.0,12,5777.0,5766.0,5766.0,5756.0,155.0,13393590.0,3733
2023-05-09 21:05:08,ag2310,ag2310,5759.0,0.0,0.0,0.0,12,5757.0,5759.0,12,5777.0,5766.0,5766.0,5756.0,155.0,13393590.0,3733
2023-05-09 21:05:08,ag2310,ag2310,5757.0,12.0,1036260.0,11.0,4,5756.0,5759.0,14,5777.0,5766.0,5766.0,5756.0,167.0,14429850.0,3744
2023-05-09 21:05:09,ag2310,ag2310,5756.0,1.0,86340.0,1.0,2,5756.0,5758.0,1,5777.0,5766.0,5766.0,5756.0,168.0,14516190.0,3745
2023-05-09 21:05:09,ag2310,ag2310,5756.0,0.0,0.0,0.0,2,5756.0,5758.0,12,5777.0,5766.0,5766.0,5756.0,168.0,14516190.0,3745
2023-05-09 21:05:10,ag2310,ag2310,5756.0,0.0,0.0,0.0,4,5756.0,5758.0,2,5777.0,5766.0,5766.0,5756.0,168.0,14516190.0,3745
2023-05-09 21:05:10,ag2310,ag2310,5756.0,0.0,0.0,0.0,6,5756.0,5759.0,9,5777.0,5766.0,5766.0,5756.0,168.0,14516190.0,3745
2023-05-09 21:05:11,ag2310,ag2310,5756.0,0.0,0.0,0.0,5,5756.0,5759.0,15,5777.0,5766.0,5766.0,5756.0,168.0,14516190.0,3745
2023-05-09 21:05:11,ag2310,ag2310,5756.0,0.0,0.0,0.0,5,5756.0,5758.0,1,5777.0,5766.0,5766.0,5756.0,168.0,14516190.0,3745
2023-05-09 21:05:12,ag2310,ag2310,5756.0,0.0,0.0,0.0,5,5756.0,5758.0,2,5777.0,5766.0,5766.0,5756.0,168.0,14516190.0,3745
2023-05-09 21:05:12,ag2310,ag2310,5756.0,0.0,0.0,0.0,2,5756.0,5758.0,7,5777.0,5766.0,5766.0,5756.0,168.0,14516190.0,3745
2023-05-09 21:05:13,ag2310,ag2310,5756.0,0.0,0.0,0.0,2,5756.0,5758.0,12,5777.0,5766.0,5766.0,5756.0,168.0,14516190.0,3745
2023-05-09 21:05:14,ag2310,ag2310,5756.0,0.0,0.0,0.0,2,5756.0,5757.0,6,5777.0,5766.0,5766.0,5756.0,168.0,14516190.0,3745
2023-05-09 21:05:14,ag2310,ag2310,5756.0,0.0,0.0,0.0,2,5756.0,5757.0,2,5777.0,5766.0,5766.0,5756.0,168.0,14516190.0,3745
2023-05-09 21:05:15,ag2310,ag2310,5756.0,0.0,0.0,0.0,2,5756.0,5757.0,2,5777.0,5766.0,5766.0,5756.0,168.0,14516190.0,3745
2023-05-09 21:05:15,ag2310,ag2310,5756.0,0.0,0.0,0.0,2,5756.0,5758.0,6,5777.0,5766.0,5766.0,5756.0,168.0,14516190.0,3745
2023-05-09 21:05:16,ag2310,ag2310,5756.0,0.0,0.0,0.0,2,5756.0,5758.0,12,5777.0,5766.0,5766.0,5756.0,168.0,14516190.0,3745
2023-05-09 21:05:17,ag2310,ag2310,5756.0,0.0,0.0,0.0,2,5756.0,5758.0,12,5777.0,5766.0,5766.0,5756.0,168.0,14516190.0,3745
2023-05-09 21:05:17,ag2310,ag2310,5756.0,0.0,0.0,0.0,2,5756.0,5758.0,12,5777.0,5766.0,5766.0,5756.0,168.0,14516190.0,3745
2023-05-09 21:05:18,ag2310,ag2310,5756.0,0.0,0.0,0.0,2,5756.0,5757.0,4,5777.0,5766.0,5766.0,5756.0,168.0,14516190.0,3745
2023-05-09 21:05:18,ag2310,ag2310,5756.0,0.0,0.0,0.0,2,5756.0,5758.0,12,5777.0,5766.0,5766.0,5756.0,168.0,14516190.0,3745
2023-05-09 21:05:19,ag2310,ag2310,5756.0,0.0,0.0,0.0,2,5756.0,5757.0,6,5777.0,5766.0,5766.0,5756.0,168.0,14516190.0,3745
2023-05-09 21:05:19,ag2310,ag2310,5756.0,0.0,0.0,0.0,2,5756.0,5757.0,2,5777.0,5766.0,5766.0,5756.0,168.0,14516190.0,3745
2023-05-09 21:05:21,ag2310,ag2310,5756.0,0.0,0.0,0.0,2,5756.0,5757.0,5,5777.0,5766.0,5766.0,5756.0,168.0,14516190.0,3745
2023-05-09 21:05:22,ag2310,ag2310,5756.0,0.0,0.0,0.0,2,5756.0,5757.0,7,5777.0,5766.0,5766.0,5756.0,168.0,14516190.0,3745
2023-05-09 21:05:22,ag2310,ag2310,5756.0,1.0,86340.0,0.0,1,5756.0,5757.0,11,5777.0,5766.0,5766.0,5756.0,169.0,14602530.0,3745
2023-05-09 21:05:23,ag2310,ag2310,5756.0,1.0,86340.0,0.0,2,5755.0,5757.0,10,5777.0,5766.0,5766.0,5756.0,170.0,14688870.0,3745
2023-05-09 21:05:23,ag2310,ag2310,5756.0,0.0,0.0,0.0,2,5755.0,5756.0,2,5777.0,5766.0,5766.0,5756.0,170.0,14688870.0,3745
2023-05-09 21:05:24,ag2310,ag2310,5756.0,0.0,0.0,0.0,2,5755.0,5756.0,6,5777.0,5766.0,5766.0,5756.0,170.0,14688870.0,3745
2023-05-09 21:05:24,ag2310,ag2310,5756.0,0.0,0.0,0.0,2,5755.0,5756.0,5,5777.0,5766.0,5766.0,5756.0,170.0,14688870.0,3745
2023-05-09 21:05:25,ag2310,ag2310,5756.0,0.0,0.0,0.0,2,5755.0,5757.0,8,5777.0,5766.0,5766.0,5756.0,170.0,14688870.0,3745
2023-05-09 21:05:25,ag2310,ag2310,5755.0,2.0,172650.0,0.0,16,5753.0,5756.0,11,5777.0,5766.0,5766.0,5755.0,172.0,14861520.0,3745
2023-05-09 21:05:26,ag2310,ag2310,5755.0,0.0,0.0,0.0,6,5753.0,5756.0,14,5777.0,5766.0,5766.0,5755.0,172.0,14861520.0,3745
2023-05-09 21:05:27,ag2310,ag2310,5755.0,0.0,0.0,0.0,6,5753.0,5756.0,15,5777.0,5766.0,5766.0,5755.0,172.0,14861520.0,3745
2023-05-09 21:05:28,ag2310,ag2310,5755.0,0.0,0.0,0.0,6,5753.0,5756.0,14,5777.0,5766.0,5766.0,5755.0,172.0,14861520.0,3745
2023-05-09 21:05:28,ag2310,ag2310,5755.0,0.0,0.0,0.0,14,5753.0,5756.0,2,5777.0,5766.0,5766.0,5755.0,172.0,14861520.0,3745
2023-05-09 21:05:29,ag2310,ag2310,5755.0,0.0,0.0,0.0,1,5754.0,5756.0,2,5777.0,5766.0,5766.0,5755.0,172.0,14861520.0,3745
2023-05-09 21:05:29,ag2310,ag2310,5755.0,0.0,0.0,0.0,6,5754.0,5756.0,2,5777.0,5766.0,5766.0,5755.0,172.0,14861520.0,3745
2023-05-09 21:05:30,ag2310,ag2310,5755.0,0.0,0.0,0.0,3,5754.0,5756.0,6,5777.0,5766.0,5766.0,5755.0,172.0,14861520.0,3745
2023-05-09 21:05:31,ag2310,ag2310,5755.0,0.0,0.0,0.0,3,5754.0,5756.0,11,5777.0,5766.0,5766.0,5755.0,172.0,14861520.0,3745
2023-05-09 21:05:31,ag2310,ag2310,5755.0,0.0,0.0,0.0,3,5754.0,5756.0,2,5777.0,5766.0,5766.0,5755.0,172.0,14861520.0,3745
2023-05-09 21:05:32,ag2310,ag2310,5755.0,0.0,0.0,0.0,22,5753.0,5756.0,11,5777.0,5766.0,5766.0,5755.0,172.0,14861520.0,3745
2023-05-09 21:05:32,ag2310,ag2310,5755.0,0.0,0.0,0.0,8,5753.0,5756.0,19,5777.0,5766.0,5766.0,5755.0,172.0,14861520.0,3745
2023-05-09 21:05:33,ag2310,ag2310,5755.0,0.0,0.0,0.0,5,5753.0,5755.0,5,5777.0,5766.0,5766.0,5755.0,172.0,14861520.0,3745
2023-05-09 21:05:33,ag2310,ag2310,5755.0,0.0,0.0,0.0,4,5753.0,5755.0,6,5777.0,5766.0,5766.0,5755.0,172.0,14861520.0,3745
2023-05-09 21:05:34,ag2310,ag2310,5755.0,0.0,0.0,0.0,4,5753.0,5756.0,24,5777.0,5766.0,5766.0,5755.0,172.0,14861520.0,3745
2023-05-09 21:05:34,ag2310,ag2310,5755.0,0.0,0.0,0.0,7,5753.0,5755.0,4,5777.0,5766.0,5766.0,5755.0,172.0,14861520.0,3745
2023-05-09 21:05:35,ag2310,ag2310,5755.0,0.0,0.0,0.0,4,5753.0,5756.0,13,5777.0,5766.0,5766.0,5755.0,172.0,14861520.0,3745
2023-05-09 21:05:35,ag2310,ag2310,5755.0,0.0,0.0,0.0,4,5753.0,5756.0,14,5777.0,5766.0,5766.0,5755.0,172.0,14861520.0,3745
2023-05-09 21:05:36,ag2310,ag2310,5755.0,0.0,0.0,0.0,4,5753.0,5755.0,4,5777.0,5766.0,5766.0,5755.0,172.0,14861520.0,3745
2023-05-09 21:05:36,ag2310,ag2310,5755.0,0.0,0.0,0.0,1,5754.0,5755.0,4,5777.0,5766.0,5766.0,5755.0,172.0,14861520.0,3745
2023-05-09 21:05:37,ag2310,ag2310,5755.0,0.0,0.0,0.0,1,5754.0,5755.0,9,5777.0,5766.0,5766.0,5755.0,172.0,14861520.0,3745
2023-05-09 21:05:37,ag2310,ag2310,5755.0,0.0,0.0,0.0,1,5754.0,5755.0,10,5777.0,5766.0,5766.0,5755.0,172.0,14861520.0,3745
2023-05-09 21:05:38,ag2310,ag2310,5755.0,0.0,0.0,0.0,1,5754.0,5755.0,5,5777.0,5766.0,5766.0,5755.0,172.0,14861520.0,3745
2023-05-09 21:05:38,ag2310,ag2310,5755.0,0.0,0.0,0.0,1,5754.0,5755.0,10,5777.0,5766.0,5766.0,5755.0,172.0,14861520.0,3745
2023-05-09 21:05:39,ag2310,ag2310,5754.0,1.0,86310.0,-1.0,1,5753.0,5755.0,12,5777.0,5766.0,5766.0,5754.0,173.0,14947830.0,3744
2023-05-09 21:05:39,ag2310,ag2310,5754.0,0.0,0.0,0.0,1,5753.0,5755.0,12,5777.0,5766.0,5766.0,5754.0,173.0,14947830.0,3744
2023-05-09 21:05:42,ag2310,ag2310,5754.0,0.0,0.0,0.0,1,5753.0,5754.0,4,5777.0,5766.0,5766.0,5754.0,173.0,14947830.0,3744
2023-05-09 21:05:42,ag2310,ag2310,5754.0,0.0,0.0,0.0,1,5753.0,5755.0,13,5777.0,5766.0,5766.0,5754.0,173.0,14947830.0,3744
2023-05-09 21:05:43,ag2310,ag2310,5754.0,0.0,0.0,0.0,1,5753.0,5755.0,12,5777.0,5766.0,5766.0,5754.0,173.0,14947830.0,3744
2023-05-09 21:05:43,ag2310,ag2310,5754.0,0.0,0.0,0.0,1,5753.0,5754.0,1,5777.0,5766.0,5766.0,5754.0,173.0,14947830.0,3744
2023-05-09 21:05:44,ag2310,ag2310,5754.0,0.0,0.0,0.0,1,5753.0,5754.0,5,5777.0,5766.0,5766.0,5754.0,173.0,14947830.0,3744
2023-05-09 21:05:44,ag2310,ag2310,5753.0,1.0,86295.0,1.0,30,5751.0,5754.0,15,5777.0,5766.0,5766.0,5753.0,174.0,15034125.0,3745
2023-05-09 21:05:45,ag2310,ag2310,5753.0,0.0,0.0,0.0,22,5750.0,5753.0,5,5777.0,5766.0,5766.0,5753.0,174.0,15034125.0,3745
2023-05-09 21:05:45,ag2310,ag2310,5753.0,0.0,0.0,0.0,16,5750.0,5754.0,40,5777.0,5766.0,5766.0,5753.0,174.0,15034125.0,3745
2023-05-09 21:05:46,ag2310,ag2310,5753.0,0.0,0.0,0.0,2,5751.0,5754.0,28,5777.0,5766.0,5766.0,5753.0,174.0,15034125.0,3745
2023-05-09 21:05:46,ag2310,ag2310,5753.0,0.0,0.0,0.0,2,5751.0,5753.0,4,5777.0,5766.0,5766.0,5753.0,174.0,15034125.0,3745
2023-05-09 21:05:47,ag2310,ag2310,5753.0,0.0,0.0,0.0,2,5751.0,5753.0,11,5777.0,5766.0,5766.0,5753.0,174.0,15034125.0,3745
2023-05-09 21:05:47,ag2310,ag2310,5753.0,0.0,0.0,0.0,38,5750.0,5753.0,15,5777.0,5766.0,5766.0,5753.0,174.0,15034125.0,3745
2023-05-09 21:05:48,ag2310,ag2310,5753.0,0.0,0.0,0.0,10,5750.0,5753.0,15,5777.0,5766.0,5766.0,5753.0,174.0,15034125.0,3745
2023-05-09 21:05:48,ag2310,ag2310,5753.0,0.0,0.0,0.0,11,5750.0,5753.0,11,5777.0,5766.0,5766.0,5753.0,174.0,15034125.0,3745
2023-05-09 21:05:49,ag2310,ag2310,5753.0,0.0,0.0,0.0,11,5750.0,5753.0,5,5777.0,5766.0,5766.0,5753.0,174.0,15034125.0,3745
2023-05-09 21:05:49,ag2310,ag2310,5753.0,0.0,0.0,0.0,10,5750.0,5753.0,8,5777.0,5766.0,5766.0,5753.0,174.0,15034125.0,3745
2023-05-09 21:05:50,ag2310,ag2310,5753.0,0.0,0.0,0.0,1,5751.0,5754.0,27,5777.0,5766.0,5766.0,5753.0,174.0,15034125.0,3745
2023-05-09 21:05:50,ag2310,ag2310,5753.0,0.0,0.0,0.0,1,5752.0,5755.0,16,5777.0,5766.0,5766.0,5753.0,174.0,15034125.0,3745
2023-05-09 21:05:51,ag2310,ag2310,5753.0,0.0,0.0,0.0,6,5752.0,5755.0,4,5777.0,5766.0,5766.0,5753.0,174.0,15034125.0,3745
2023-05-09 21:05:51,ag2310,ag2310,5753.0,0.0,0.0,0.0,6,5752.0,5754.0,4,5777.0,5766.0,5766.0,5753.0,174.0,15034125.0,3745
2023-05-09 21:05:52,ag2310,ag2310,5753.0,0.0,0.0,0.0,4,5752.0,5754.0,4,5777.0,5766.0,5766.0,5753.0,174.0,15034125.0,3745
2023-05-09 21:05:52,ag2310,ag2310,5753.0,0.0,0.0,0.0,43,5751.0,5754.0,5,5777.0,5766.0,5766.0,5753.0,174.0,15034125.0,3745
2023-05-09 21:05:53,ag2310,ag2310,5753.0,0.0,0.0,0.0,15,5751.0,5755.0,20,5777.0,5766.0,5766.0,5753.0,174.0,15034125.0,3745
2023-05-09 21:05:53,ag2310,ag2310,5753.0,0.0,0.0,0.0,29,5751.0,5755.0,19,5777.0,5766.0,5766.0,5753.0,174.0,15034125.0,3745
2023-05-09 21:05:54,ag2310,ag2310,5753.0,0.0,0.0,0.0,44,5751.0,5755.0,6,5777.0,5766.0,5766.0,5753.0,174.0,15034125.0,3745
2023-05-09 21:05:54,ag2310,ag2310,5753.0,0.0,0.0,0.0,43,5751.0,5754.0,4,5777.0,5766.0,5766.0,5753.0,174.0,15034125.0,3745
2023-05-09 21:05:55,ag2310,ag2310,5753.0,0.0,0.0,0.0,13,5751.0,5755.0,25,5777.0,5766.0,5766.0,5753.0,174.0,15034125.0,3745
2023-05-09 21:05:55,ag2310,ag2310,5753.0,0.0,0.0,0.0,41,5751.0,5755.0,10,5777.0,5766.0,5766.0,5753.0,174.0,15034125.0,3745
2023-05-09 21:05:56,ag2310,ag2310,5753.0,0.0,0.0,0.0,45,5751.0,5755.0,9,5777.0,5766.0,5766.0,5753.0,174.0,15034125.0,3745
2023-05-09 21:05:56,ag2310,ag2310,5753.0,0.0,0.0,0.0,2,5752.0,5756.0,17,5777.0,5766.0,5766.0,5753.0,174.0,15034125.0,3745
2023-05-09 21:05:57,ag2310,ag2310,5753.0,0.0,0.0,0.0,26,5752.0,5756.0,8,5777.0,5766.0,5766.0,5753.0,174.0,15034125.0,3745
2023-05-09 21:05:57,ag2310,ag2310,5753.0,0.0,0.0,0.0,1,5753.0,5756.0,3,5777.0,5766.0,5766.0,5753.0,174.0,15034125.0,3745
2023-05-09 21:05:58,ag2310,ag2310,5753.0,0.0,0.0,0.0,1,5754.0,5756.0,2,5777.0,5766.0,5766.0,5753.0,174.0,15034125.0,3745
2023-05-09 21:05:58,ag2310,ag2310,5753.0,0.0,0.0,0.0,1,5754.0,5755.0,6,5777.0,5766.0,5766.0,5753.0,174.0,15034125.0,3745
2023-05-09 21:05:59,ag2310,ag2310,5753.0,0.0,0.0,0.0,5,5753.0,5755.0,6,5777.0,5766.0,5766.0,5753.0,174.0,15034125.0,3745
2023-05-09 21:05:59,ag2310,ag2310,5753.0,0.0,0.0,0.0,4,5753.0,5755.0,6,5777.0,5766.0,5766.0,5753.0,174.0,15034125.0,3745
2023-05-09 21:06:00,ag2310,ag2310,5753.0,0.0,0.0,0.0,7,5753.0,5755.0,6,5777.0,5766.0,5766.0,5753.0,174.0,15034125.0,3745
2023-05-09 21:06:01,ag2310,ag2310,5755.0,1.0,86325.0,0.0,4,5753.0,5755.0,5,5777.0,5766.0,5766.0,5753.0,175.0,15120450.0,3745
2023-05-09 21:06:01,ag2310,ag2310,5755.0,0.0,0.0,0.0,37,5752.0,5755.0,11,5777.0,5766.0,5766.0,5753.0,175.0,15120450.0,3745
2023-05-09 21:06:02,ag2310,ag2310,5755.0,0.0,0.0,0.0,1,5753.0,5755.0,1,5777.0,5766.0,5766.0,5753.0,175.0,15120450.0,3745
2023-05-09 21:06:02,ag2310,ag2310,5755.0,0.0,0.0,0.0,1,5753.0,5755.0,7,5777.0,5766.0,5766.0,5753.0,175.0,15120450.0,3745
2023-05-09 21:06:03,ag2310,ag2310,5755.0,0.0,0.0,0.0,35,5752.0,5755.0,14,5777.0,5766.0,5766.0,5753.0,175.0,15120450.0,3745
2023-05-09 21:06:04,ag2310,ag2310,5755.0,0.0,0.0,0.0,30,5751.0,5755.0,8,5777.0,5766.0,5766.0,5753.0,175.0,15120450.0,3745
2023-05-09 21:06:04,ag2310,ag2310,5755.0,0.0,0.0,0.0,37,5751.0,5755.0,15,5777.0,5766.0,5766.0,5753.0,175.0,15120450.0,3745
2023-05-09 21:06:05,ag2310,ag2310,5755.0,0.0,0.0,0.0,34,5751.0,5754.0,3,5777.0,5766.0,5766.0,5753.0,175.0,15120450.0,3745
2023-05-09 21:06:05,ag2310,ag2310,5755.0,0.0,0.0,0.0,37,5750.0,5754.0,10,5777.0,5766.0,5766.0,5753.0,175.0,15120450.0,3745
2023-05-09 21:06:06,ag2310,ag2310,5755.0,0.0,0.0,0.0,38,5750.0,5753.0,6,5777.0,5766.0,5766.0,5753.0,175.0,15120450.0,3745
2023-05-09 21:06:06,ag2310,ag2310,5755.0,0.0,0.0,0.0,1,5751.0,5753.0,2,5777.0,5766.0,5766.0,5753.0,175.0,15120450.0,3745
2023-05-09 21:06:07,ag2310,ag2310,5755.0,0.0,0.0,0.0,1,5751.0,5753.0,9,5777.0,5766.0,5766.0,5753.0,175.0,15120450.0,3745
2023-05-09 21:06:07,ag2310,ag2310,5755.0,0.0,0.0,0.0,22,5750.0,5752.0,4,5777.0,5766.0,5766.0,5753.0,175.0,15120450.0,3745
2023-05-09 21:06:08,ag2310,ag2310,5755.0,0.0,0.0,0.0,7,5750.0,5753.0,9,5777.0,5766.0,5766.0,5753.0,175.0,15120450.0,3745
2023-05-09 21:06:08,ag2310,ag2310,5755.0,0.0,0.0,0.0,3,5750.0,5752.0,4,5777.0,5766.0,5766.0,5753.0,175.0,15120450.0,3745
2023-05-09 21:06:09,ag2310,ag2310,5755.0,0.0,0.0,0.0,3,5750.0,5752.0,4,5777.0,5766.0,5766.0,5753.0,175.0,15120450.0,3745
2023-05-09 21:06:09,ag2310,ag2310,5750.0,3.0,258750.0,1.0,15,5749.0,5752.0,4,5777.0,5766.0,5766.0,5750.0,178.0,15379200.0,3746
2023-05-09 21:06:10,ag2310,ag2310,5749.0,15.0,1293525.0,-14.0,16,5747.0,5750.0,1,5777.0,5766.0,5766.0,5749.0,193.0,16672725.0,3732
2023-05-09 21:06:10,ag2310,ag2310,5747.0,24.0,2069115.0,-17.0,18,5746.0,5747.0,30,5777.0,5766.0,5766.0,5747.0,217.0,18741840.0,3715
2023-05-09 21:06:11,ag2310,ag2310,5749.0,31.0,2672385.0,0.0,4,5748.0,5752.0,4,5777.0,5766.0,5766.0,5747.0,248.0,21414225.0,3715
2023-05-09 21:06:11,ag2310,ag2310,5752.0,5.0,431400.0,-3.0,2,5752.0,5753.0,1,5777.0,5766.0,5766.0,5747.0,253.0,21845625.0,3712
2023-05-09 21:06:12,ag2310,ag2310,5752.0,11.0,949005.0,5.0,15,5750.0,5752.0,1,5777.0,5766.0,5766.0,5747.0,264.0,22794630.0,3717
2023-05-09 21:06:12,ag2310,ag2310,5752.0,0.0,0.0,0.0,19,5748.0,5750.0,1,5777.0,5766.0,5766.0,5747.0,264.0,22794630.0,3717
2023-05-09 21:06:13,ag2310,ag2310,5752.0,0.0,0.0,0.0,4,5749.0,5750.0,1,5777.0,5766.0,5766.0,5747.0,264.0,22794630.0,3717
2023-05-09 21:06:13,ag2310,ag2310,5750.0,1.0,86250.0,0.0,6,5749.0,5752.0,22,5777.0,5766.0,5766.0,5747.0,265.0,22880880.0,3717
2023-05-09 21:06:14,ag2310,ag2310,5750.0,0.0,0.0,0.0,8,5749.0,5752.0,10,5777.0,5766.0,5766.0,5747.0,265.0,22880880.0,3717
2023-05-09 21:06:14,ag2310,ag2310,5750.0,0.0,0.0,0.0,2,5749.0,5752.0,10,5777.0,5766.0,5766.0,5747.0,265.0,22880880.0,3717
2023-05-09 21:06:15,ag2310,ag2310,5750.0,0.0,0.0,0.0,22,5748.0,5751.0,1,5777.0,5766.0,5766.0,5747.0,265.0,22880880.0,3717
2023-05-09 21:06:15,ag2310,ag2310,5750.0,0.0,0.0,0.0,5,5748.0,5751.0,7,5777.0,5766.0,5766.0,5747.0,265.0,22880880.0,3717
2023-05-09 21:06:16,ag2310,ag2310,5750.0,0.0,0.0,0.0,7,5748.0,5751.0,7,5777.0,5766.0,5766.0,5747.0,265.0,22880880.0,3717
2023-05-09 21:06:16,ag2310,ag2310,5750.0,0.0,0.0,0.0,6,5749.0,5751.0,10,5777.0,5766.0,5766.0,5747.0,265.0,22880880.0,3717
2023-05-09 21:06:17,ag2310,ag2310,5750.0,0.0,0.0,0.0,19,5748.0,5751.0,9,5777.0,5766.0,5766.0,5747.0,265.0,22880880.0,3717
2023-05-09 21:06:17,ag2310,ag2310,5750.0,0.0,0.0,0.0,6,5749.0,5751.0,2,5777.0,5766.0,5766.0,5747.0,265.0,22880880.0,3717
2023-05-09 21:06:18,ag2310,ag2310,5750.0,0.0,0.0,0.0,9,5749.0,5752.0,32,5777.0,5766.0,5766.0,5747.0,265.0,22880880.0,3717
2023-05-09 21:06:18,ag2310,ag2310,5750.0,0.0,0.0,0.0,14,5749.0,5752.0,15,5777.0,5766.0,5766.0,5747.0,265.0,22880880.0,3717
2023-05-09 21:06:19,ag2310,ag2310,5749.0,11.0,948585.0,-6.0,17,5748.0,5750.0,7,5777.0,5766.0,5766.0,5747.0,276.0,23829465.0,3711
2023-05-09 21:06:19,ag2310,ag2310,5749.0,0.0,0.0,0.0,17,5747.0,5750.0,11,5777.0,5766.0,5766.0,5747.0,276.0,23829465.0,3711
2023-05-09 21:06:20,ag2310,ag2310,5749.0,0.0,0.0,0.0,8,5747.0,5750.0,14,5777.0,5766.0,5766.0,5747.0,276.0,23829465.0,3711
2023-05-09 21:06:20,ag2310,ag2310,5749.0,0.0,0.0,0.0,13,5747.0,5750.0,6,5777.0,5766.0,5766.0,5747.0,276.0,23829465.0,3711
2023-05-09 21:06:21,ag2310,ag2310,5749.0,0.0,0.0,0.0,9,5747.0,5750.0,6,5777.0,5766.0,5766.0,5747.0,276.0,23829465.0,3711
2023-05-09 21:06:21,ag2310,ag2310,5749.0,0.0,0.0,0.0,9,5747.0,5750.0,11,5777.0,5766.0,5766.0,5747.0,276.0,23829465.0,3711
2023-05-09 21:06:22,ag2310,ag2310,5750.0,1.0,86250.0,0.0,2,5747.0,5750.0,13,5777.0,5766.0,5766.0,5747.0,277.0,23915715.0,3711
2023-05-09 21:06:22,ag2310,ag2310,5750.0,1.0,86250.0,1.0,1,5747.0,5749.0,1,5777.0,5766.0,5766.0,5747.0,278.0,24001965.0,3712
2023-05-09 21:06:23,ag2310,ag2310,5750.0,0.0,0.0,0.0,1,5747.0,5749.0,5,5777.0,5766.0,5766.0,5747.0,278.0,24001965.0,3712
2023-05-09 21:06:23,ag2310,ag2310,5747.0,1.0,86205.0,0.0,1,5746.0,5749.0,11,5777.0,5766.0,5766.0,5747.0,279.0,24088170.0,3712
2023-05-09 21:06:24,ag2310,ag2310,5747.0,0.0,0.0,0.0,1,5746.0,5748.0,6,5777.0,5766.0,5766.0,5747.0,279.0,24088170.0,3712
2023-05-09 21:06:24,ag2310,ag2310,5747.0,0.0,0.0,0.0,3,5746.0,5747.0,3,5777.0,5766.0,5766.0,5747.0,279.0,24088170.0,3712
2023-05-09 21:06:25,ag2310,ag2310,5747.0,0.0,0.0,0.0,1,5746.0,5747.0,3,5777.0,5766.0,5766.0,5747.0,279.0,24088170.0,3712
2023-05-09 21:06:25,ag2310,ag2310,5747.0,0.0,0.0,0.0,1,5746.0,5747.0,3,5777.0,5766.0,5766.0,5747.0,279.0,24088170.0,3712
2023-05-09 21:06:26,ag2310,ag2310,5747.0,0.0,0.0,0.0,1,5746.0,5747.0,3,5777.0,5766.0,5766.0,5747.0,279.0,24088170.0,3712
2023-05-09 21:06:26,ag2310,ag2310,5748.0,1.0,86220.0,1.0,1,5746.0,5748.0,2,5777.0,5766.0,5766.0,5747.0,280.0,24174390.0,3713
2023-05-09 21:06:27,ag2310,ag2310,5748.0,0.0,0.0,0.0,1,5746.0,5748.0,3,5777.0,5766.0,5766.0,5747.0,280.0,24174390.0,3713
2023-05-09 21:06:28,ag2310,ag2310,5748.0,0.0,0.0,0.0,1,5746.0,5748.0,4,5777.0,5766.0,5766.0,5747.0,280.0,24174390.0,3713
2023-05-09 21:06:28,ag2310,ag2310,5748.0,0.0,0.0,0.0,1,5746.0,5748.0,1,5777.0,5766.0,5766.0,5747.0,280.0,24174390.0,3713
2023-05-09 21:06:29,ag2310,ag2310,5748.0,0.0,0.0,0.0,1,5746.0,5748.0,4,5777.0,5766.0,5766.0,5747.0,280.0,24174390.0,3713
2023-05-09 21:06:29,ag2310,ag2310,5748.0,0.0,0.0,0.0,2,5747.0,5748.0,4,5777.0,5766.0,5766.0,5747.0,280.0,24174390.0,3713
2023-05-09 21:06:30,ag2310,ag2310,5748.0,0.0,0.0,0.0,1,5746.0,5748.0,1,5777.0,5766.0,5766.0,5747.0,280.0,24174390.0,3713
2023-05-09 21:06:30,ag2310,ag2310,5748.0,0.0,0.0,0.0,1,5746.0,5748.0,1,5777.0,5766.0,5766.0,5747.0,280.0,24174390.0,3713
2023-05-09 21:06:31,ag2310,ag2310,5748.0,0.0,0.0,0.0,1,5746.0,5748.0,1,5777.0,5766.0,5766.0,5747.0,280.0,24174390.0,3713
2023-05-09 21:06:32,ag2310,ag2310,5748.0,0.0,0.0,0.0,1,5746.0,5748.0,1,5777.0,5766.0,5766.0,5747.0,280.0,24174390.0,3713
2023-05-09 21:06:33,ag2310,ag2310,5748.0,0.0,0.0,0.0,1,5746.0,5748.0,5,5777.0,5766.0,5766.0,5747.0,280.0,24174390.0,3713
2023-05-09 21:06:33,ag2310,ag2310,5748.0,0.0,0.0,0.0,1,5746.0,5748.0,1,5777.0,5766.0,5766.0,5747.0,280.0,24174390.0,3713
2023-05-09 21:06:35,ag2310,ag2310,5748.0,0.0,0.0,0.0,2,5747.0,5748.0,1,5777.0,5766.0,5766.0,5747.0,280.0,24174390.0,3713
2023-05-09 21:06:35,ag2310,ag2310,5748.0,0.0,0.0,0.0,2,5747.0,5748.0,4,5777.0,5766.0,5766.0,5747.0,280.0,24174390.0,3713
2023-05-09 21:06:36,ag2310,ag2310,5748.0,2.0,172440.0,-1.0,2,5747.0,5749.0,3,5777.0,5766.0,5766.0,5747.0,282.0,24346830.0,3712
2023-05-09 21:06:36,ag2310,ag2310,5749.0,1.0,86235.0,0.0,5,5747.0,5749.0,1,5777.0,5766.0,5766.0,5747.0,283.0,24433065.0,3712
2023-05-09 21:06:37,ag2310,ag2310,5749.0,0.0,0.0,0.0,5,5747.0,5750.0,17,5777.0,5766.0,5766.0,5747.0,283.0,24433065.0,3712
2023-05-09 21:06:37,ag2310,ag2310,5749.0,0.0,0.0,0.0,5,5747.0,5749.0,2,5777.0,5766.0,5766.0,5747.0,283.0,24433065.0,3712
2023-05-09 21:06:38,ag2310,ag2310,5749.0,0.0,0.0,0.0,4,5747.0,5749.0,2,5777.0,5766.0,5766.0,5747.0,283.0,24433065.0,3712
2023-05-09 21:06:38,ag2310,ag2310,5749.0,0.0,0.0,0.0,4,5747.0,5750.0,33,5777.0,5766.0,5766.0,5747.0,283.0,24433065.0,3712
2023-05-09 21:06:39,ag2310,ag2310,5749.0,0.0,0.0,0.0,8,5747.0,5750.0,5,5777.0,5766.0,5766.0,5747.0,283.0,24433065.0,3712
2023-05-09 21:06:39,ag2310,ag2310,5749.0,0.0,0.0,0.0,9,5747.0,5750.0,2,5777.0,5766.0,5766.0,5747.0,283.0,24433065.0,3712
2023-05-09 21:06:40,ag2310,ag2310,5749.0,0.0,0.0,0.0,9,5747.0,5751.0,30,5777.0,5766.0,5766.0,5747.0,283.0,24433065.0,3712
2023-05-09 21:06:41,ag2310,ag2310,5749.0,0.0,0.0,0.0,27,5747.0,5750.0,4,5777.0,5766.0,5766.0,5747.0,283.0,24433065.0,3712
2023-05-09 21:06:41,ag2310,ag2310,5749.0,0.0,0.0,0.0,10,5747.0,5750.0,4,5777.0,5766.0,5766.0,5747.0,283.0,24433065.0,3712
2023-05-09 21:06:42,ag2310,ag2310,5749.0,0.0,0.0,0.0,10,5747.0,5751.0,37,5777.0,5766.0,5766.0,5747.0,283.0,24433065.0,3712
2023-05-09 21:06:43,ag2310,ag2310,5749.0,0.0,0.0,0.0,1,5748.0,5750.0,4,5777.0,5766.0,5766.0,5747.0,283.0,24433065.0,3712
2023-05-09 21:06:43,ag2310,ag2310,5749.0,0.0,0.0,0.0,4,5748.0,5750.0,2,5777.0,5766.0,5766.0,5747.0,283.0,24433065.0,3712
2023-05-09 21:06:44,ag2310,ag2310,5750.0,2.0,172500.0,1.0,2,5749.0,5751.0,15,5777.0,5766.0,5766.0,5747.0,285.0,24605565.0,3713
2023-05-09 21:06:44,ag2310,ag2310,5750.0,0.0,0.0,0.0,3,5749.0,5750.0,2,5777.0,5766.0,5766.0,5747.0,285.0,24605565.0,3713
2023-05-09 21:06:45,ag2310,ag2310,5750.0,0.0,0.0,0.0,5,5748.0,5750.0,2,5777.0,5766.0,5766.0,5747.0,285.0,24605565.0,3713
2023-05-09 21:06:45,ag2310,ag2310,5750.0,0.0,0.0,0.0,3,5748.0,5750.0,3,5777.0,5766.0,5766.0,5747.0,285.0,24605565.0,3713
2023-05-09 21:06:46,ag2310,ag2310,5750.0,0.0,0.0,0.0,5,5748.0,5750.0,1,5777.0,5766.0,5766.0,5747.0,285.0,24605565.0,3713
2023-05-09 21:06:47,ag2310,ag2310,5750.0,0.0,0.0,0.0,5,5748.0,5750.0,1,5777.0,5766.0,5766.0,5747.0,285.0,24605565.0,3713
2023-05-09 21:06:47,ag2310,ag2310,5750.0,0.0,0.0,0.0,3,5748.0,5750.0,1,5777.0,5766.0,5766.0,5747.0,285.0,24605565.0,3713
2023-05-09 21:06:48,ag2310,ag2310,5750.0,1.0,86250.0,1.0,3,5748.0,5751.0,31,5777.0,5766.0,5766.0,5747.0,286.0,24691815.0,3714
2023-05-09 21:06:48,ag2310,ag2310,5750.0,0.0,0.0,0.0,1,5748.0,5750.0,2,5777.0,5766.0,5766.0,5747.0,286.0,24691815.0,3714
2023-05-09 21:06:49,ag2310,ag2310,5750.0,0.0,0.0,0.0,4,5747.0,5750.0,3,5777.0,5766.0,5766.0,5747.0,286.0,24691815.0,3714
2023-05-09 21:06:49,ag2310,ag2310,5750.0,0.0,0.0,0.0,2,5749.0,5751.0,39,5777.0,5766.0,5766.0,5747.0,286.0,24691815.0,3714
2023-05-09 21:06:50,ag2310,ag2310,5750.0,0.0,0.0,0.0,2,5749.0,5751.0,8,5777.0,5766.0,5766.0,5747.0,286.0,24691815.0,3714
2023-05-09 21:06:50,ag2310,ag2310,5750.0,0.0,0.0,0.0,2,5749.0,5751.0,2,5777.0,5766.0,5766.0,5747.0,286.0,24691815.0,3714
2023-05-09 21:06:51,ag2310,ag2310,5750.0,0.0,0.0,0.0,2,5749.0,5751.0,2,5777.0,5766.0,5766.0,5747.0,286.0,24691815.0,3714
2023-05-09 21:06:52,ag2310,ag2310,5750.0,0.0,0.0,0.0,3,5749.0,5752.0,18,5777.0,5766.0,5766.0,5747.0,286.0,24691815.0,3714
2023-05-09 21:06:52,ag2310,ag2310,5750.0,0.0,0.0,0.0,5,5749.0,5751.0,2,5777.0,5766.0,5766.0,5747.0,286.0,24691815.0,3714
2023-05-09 21:06:53,ag2310,ag2310,5750.0,0.0,0.0,0.0,3,5749.0,5752.0,22,5777.0,5766.0,5766.0,5747.0,286.0,24691815.0,3714
2023-05-09 21:06:53,ag2310,ag2310,5750.0,0.0,0.0,0.0,5,5749.0,5752.0,7,5777.0,5766.0,5766.0,5747.0,286.0,24691815.0,3714
2023-05-09 21:06:54,ag2310,ag2310,5750.0,0.0,0.0,0.0,9,5749.0,5752.0,5,5777.0,5766.0,5766.0,5747.0,286.0,24691815.0,3714
2023-05-09 21:06:54,ag2310,ag2310,5750.0,0.0,0.0,0.0,4,5751.0,5753.0,30,5777.0,5766.0,5766.0,5747.0,286.0,24691815.0,3714
2023-05-09 21:06:55,ag2310,ag2310,5750.0,0.0,0.0,0.0,4,5751.0,5752.0,2,5777.0,5766.0,5766.0,5747.0,286.0,24691815.0,3714
2023-05-09 21:06:55,ag2310,ag2310,5750.0,0.0,0.0,0.0,6,5751.0,5754.0,33,5777.0,5766.0,5766.0,5747.0,286.0,24691815.0,3714
2023-05-09 21:06:56,ag2310,ag2310,5751.0,4.0,345060.0,4.0,16,5750.0,5752.0,2,5777.0,5766.0,5766.0,5747.0,290.0,25036875.0,3718
2023-05-09 21:06:56,ag2310,ag2310,5751.0,0.0,0.0,0.0,1,5750.0,5752.0,2,5777.0,5766.0,5766.0,5747.0,290.0,25036875.0,3718
2023-05-09 21:06:57,ag2310,ag2310,5751.0,0.0,0.0,0.0,17,5749.0,5752.0,5,5777.0,5766.0,5766.0,5747.0,290.0,25036875.0,3718
2023-05-09 21:06:57,ag2310,ag2310,5751.0,0.0,0.0,0.0,1,5749.0,5752.0,6,5777.0,5766.0,5766.0,5747.0,290.0,25036875.0,3718
2023-05-09 21:06:58,ag2310,ag2310,5751.0,0.0,0.0,0.0,3,5749.0,5752.0,5,5777.0,5766.0,5766.0,5747.0,290.0,25036875.0,3718
2023-05-09 21:06:59,ag2310,ag2310,5751.0,0.0,0.0,0.0,3,5749.0,5752.0,6,5777.0,5766.0,5766.0,5747.0,290.0,25036875.0,3718
2023-05-09 21:07:00,ag2310,ag2310,5751.0,0.0,0.0,0.0,1,5749.0,5752.0,24,5777.0,5766.0,5766.0,5747.0,290.0,25036875.0,3718
2023-05-09 21:07:00,ag2310,ag2310,5751.0,0.0,0.0,0.0,34,5748.0,5751.0,6,5777.0,5766.0,5766.0,5747.0,290.0,25036875.0,3718
2023-05-09 21:07:01,ag2310,ag2310,5751.0,0.0,0.0,0.0,5,5748.0,5751.0,11,5777.0,5766.0,5766.0,5747.0,290.0,25036875.0,3718
2023-05-09 21:07:02,ag2310,ag2310,5751.0,0.0,0.0,0.0,5,5748.0,5751.0,6,5777.0,5766.0,5766.0,5747.0,290.0,25036875.0,3718
2023-05-09 21:07:03,ag2310,ag2310,5751.0,0.0,0.0,0.0,5,5748.0,5751.0,24,5777.0,5766.0,5766.0,5747.0,290.0,25036875.0,3718
2023-05-09 21:07:03,ag2310,ag2310,5751.0,0.0,0.0,0.0,15,5747.0,5750.0,4,5777.0,5766.0,5766.0,5747.0,290.0,25036875.0,3718
2023-05-09 21:07:04,ag2310,ag2310,5751.0,0.0,0.0,0.0,2,5748.0,5749.0,2,5777.0,5766.0,5766.0,5747.0,290.0,25036875.0,3718
2023-05-09 21:07:04,ag2310,ag2310,5751.0,0.0,0.0,0.0,4,5748.0,5749.0,3,5777.0,5766.0,5766.0,5747.0,290.0,25036875.0,3718
2023-05-09 21:07:05,ag2310,ag2310,5751.0,0.0,0.0,0.0,2,5748.0,5750.0,8,5777.0,5766.0,5766.0,5747.0,290.0,25036875.0,3718
2023-05-09 21:07:05,ag2310,ag2310,5751.0,0.0,0.0,0.0,4,5748.0,5750.0,12,5777.0,5766.0,5766.0,5747.0,290.0,25036875.0,3718
2023-05-09 21:07:06,ag2310,ag2310,5751.0,0.0,0.0,0.0,4,5748.0,5750.0,8,5777.0,5766.0,5766.0,5747.0,290.0,25036875.0,3718
2023-05-09 21:07:06,ag2310,ag2310,5751.0,0.0,0.0,0.0,5,5748.0,5750.0,2,5777.0,5766.0,5766.0,5747.0,290.0,25036875.0,3718
2023-05-09 21:07:07,ag2310,ag2310,5751.0,0.0,0.0,0.0,5,5748.0,5750.0,2,5777.0,5766.0,5766.0,5747.0,290.0,25036875.0,3718
2023-05-09 21:07:08,ag2310,ag2310,5751.0,0.0,0.0,0.0,5,5748.0,5750.0,2,5777.0,5766.0,5766.0,5747.0,290.0,25036875.0,3718
2023-05-09 21:07:09,ag2310,ag2310,5751.0,0.0,0.0,0.0,3,5748.0,5750.0,2,5777.0,5766.0,5766.0,5747.0,290.0,25036875.0,3718
2023-05-09 21:07:09,ag2310,ag2310,5751.0,0.0,0.0,0.0,16,5747.0,5750.0,12,5777.0,5766.0,5766.0,5747.0,290.0,25036875.0,3718
2023-05-09 21:07:10,ag2310,ag2310,5751.0,0.0,0.0,0.0,2,5748.0,5750.0,10,5777.0,5766.0,5766.0,5747.0,290.0,25036875.0,3718
2023-05-09 21:07:10,ag2310,ag2310,5751.0,0.0,0.0,0.0,2,5748.0,5750.0,13,5777.0,5766.0,5766.0,5747.0,290.0,25036875.0,3718
2023-05-09 21:07:11,ag2310,ag2310,5751.0,0.0,0.0,0.0,2,5748.0,5749.0,2,5777.0,5766.0,5766.0,5747.0,290.0,25036875.0,3718
2023-05-09 21:07:11,ag2310,ag2310,5751.0,0.0,0.0,0.0,4,5748.0,5750.0,13,5777.0,5766.0,5766.0,5747.0,290.0,25036875.0,3718
2023-05-09 21:07:12,ag2310,ag2310,5751.0,0.0,0.0,0.0,4,5748.0,5750.0,13,5777.0,5766.0,5766.0,5747.0,290.0,25036875.0,3718
2023-05-09 21:07:13,ag2310,ag2310,5751.0,0.0,0.0,0.0,4,5748.0,5750.0,9,5777.0,5766.0,5766.0,5747.0,290.0,25036875.0,3718
2023-05-09 21:07:13,ag2310,ag2310,5751.0,0.0,0.0,0.0,4,5748.0,5750.0,7,5777.0,5766.0,5766.0,5747.0,290.0,25036875.0,3718
2023-05-09 21:07:14,ag2310,ag2310,5751.0,0.0,0.0,0.0,5,5748.0,5750.0,2,5777.0,5766.0,5766.0,5747.0,290.0,25036875.0,3718
2023-05-09 21:07:14,ag2310,ag2310,5751.0,0.0,0.0,0.0,4,5748.0,5750.0,5,5777.0,5766.0,5766.0,5747.0,290.0,25036875.0,3718
2023-05-09 21:07:15,ag2310,ag2310,5751.0,0.0,0.0,0.0,4,5748.0,5750.0,2,5777.0,5766.0,5766.0,5747.0,290.0,25036875.0,3718
2023-05-09 21:07:16,ag2310,ag2310,5751.0,0.0,0.0,0.0,4,5748.0,5750.0,2,5777.0,5766.0,5766.0,5747.0,290.0,25036875.0,3718
2023-05-09 21:07:16,ag2310,ag2310,5751.0,0.0,0.0,0.0,19,5746.0,5749.0,2,5777.0,5766.0,5766.0,5747.0,290.0,25036875.0,3718
2023-05-09 21:07:17,ag2310,ag2310,5751.0,0.0,0.0,0.0,2,5747.0,5749.0,2,5777.0,5766.0,5766.0,5747.0,290.0,25036875.0,3718
2023-05-09 21:07:17,ag2310,ag2310,5751.0,0.0,0.0,0.0,2,5747.0,5749.0,16,5777.0,5766.0,5766.0,5747.0,290.0,25036875.0,3718
2023-05-09 21:07:18,ag2310,ag2310,5751.0,0.0,0.0,0.0,2,5747.0,5749.0,16,5777.0,5766.0,5766.0,5747.0,290.0,25036875.0,3718
2023-05-09 21:07:19,ag2310,ag2310,5751.0,0.0,0.0,0.0,4,5747.0,5749.0,16,5777.0,5766.0,5766.0,5747.0,290.0,25036875.0,3718
2023-05-09 21:07:19,ag2310,ag2310,5751.0,0.0,0.0,0.0,4,5747.0,5749.0,10,5777.0,5766.0,5766.0,5747.0,290.0,25036875.0,3718
2023-05-09 21:07:20,ag2310,ag2310,5751.0,0.0,0.0,0.0,4,5747.0,5749.0,5,5777.0,5766.0,5766.0,5747.0,290.0,25036875.0,3718
2023-05-09 21:07:20,ag2310,ag2310,5751.0,0.0,0.0,0.0,4,5747.0,5749.0,2,5777.0,5766.0,5766.0,5747.0,290.0,25036875.0,3718
2023-05-09 21:07:21,ag2310,ag2310,5751.0,0.0,0.0,0.0,4,5747.0,5749.0,2,5777.0,5766.0,5766.0,5747.0,290.0,25036875.0,3718
2023-05-09 21:07:23,ag2310,ag2310,5751.0,0.0,0.0,0.0,2,5747.0,5749.0,2,5777.0,5766.0,5766.0,5747.0,290.0,25036875.0,3718
2023-05-09 21:07:24,ag2310,ag2310,5751.0,0.0,0.0,0.0,18,5746.0,5749.0,10,5777.0,5766.0,5766.0,5747.0,290.0,25036875.0,3718
2023-05-09 21:07:24,ag2310,ag2310,5751.0,0.0,0.0,0.0,4,5747.0,5749.0,15,5777.0,5766.0,5766.0,5747.0,290.0,25036875.0,3718
2023-05-09 21:07:25,ag2310,ag2310,5751.0,0.0,0.0,0.0,2,5747.0,5749.0,15,5777.0,5766.0,5766.0,5747.0,290.0,25036875.0,3718
2023-05-09 21:07:25,ag2310,ag2310,5751.0,0.0,0.0,0.0,4,5747.0,5749.0,15,5777.0,5766.0,5766.0,5747.0,290.0,25036875.0,3718
2023-05-09 21:07:29,ag2310,ag2310,5751.0,0.0,0.0,0.0,4,5747.0,5749.0,15,5777.0,5766.0,5766.0,5747.0,290.0,25036875.0,3718
2023-05-09 21:07:31,ag2310,ag2310,5751.0,0.0,0.0,0.0,2,5747.0,5748.0,1,5777.0,5766.0,5766.0,5747.0,290.0,25036875.0,3718
2023-05-09 21:07:31,ag2310,ag2310,5751.0,0.0,0.0,0.0,2,5747.0,5748.0,1,5777.0,5766.0,5766.0,5747.0,290.0,25036875.0,3718
2023-05-09 21:07:32,ag2310,ag2310,5751.0,0.0,0.0,0.0,2,5747.0,5748.0,1,5777.0,5766.0,5766.0,5747.0,290.0,25036875.0,3718
2023-05-09 21:07:32,ag2310,ag2310,5747.0,2.0,172410.0,0.0,3,5746.0,5748.0,1,5777.0,5766.0,5766.0,5747.0,292.0,25209285.0,3718
2023-05-09 21:07:33,ag2310,ag2310,5747.0,0.0,0.0,0.0,3,5746.0,5748.0,4,5777.0,5766.0,5766.0,5747.0,292.0,25209285.0,3718
2023-05-09 21:07:33,ag2310,ag2310,5747.0,0.0,0.0,0.0,1,5746.0,5748.0,14,5777.0,5766.0,5766.0,5747.0,292.0,25209285.0,3718
2023-05-09 21:07:34,ag2310,ag2310,5747.0,0.0,0.0,0.0,1,5746.0,5747.0,3,5777.0,5766.0,5766.0,5747.0,292.0,25209285.0,3718
2023-05-09 21:07:34,ag2310,ag2310,5747.0,0.0,0.0,0.0,1,5746.0,5748.0,15,5777.0,5766.0,5766.0,5747.0,292.0,25209285.0,3718
2023-05-09 21:07:35,ag2310,ag2310,5747.0,0.0,0.0,0.0,1,5746.0,5747.0,4,5777.0,5766.0,5766.0,5747.0,292.0,25209285.0,3718
2023-05-09 21:07:35,ag2310,ag2310,5747.0,0.0,0.0,0.0,1,5746.0,5747.0,7,5777.0,5766.0,5766.0,5747.0,292.0,25209285.0,3718
2023-05-09 21:07:36,ag2310,ag2310,5747.0,0.0,0.0,0.0,1,5746.0,5747.0,5,5777.0,5766.0,5766.0,5747.0,292.0,25209285.0,3718
2023-05-09 21:07:37,ag2310,ag2310,5747.0,0.0,0.0,0.0,1,5746.0,5748.0,13,5777.0,5766.0,5766.0,5747.0,292.0,25209285.0,3718
2023-05-09 21:07:37,ag2310,ag2310,5747.0,3.0,258615.0,-2.0,1,5746.0,5747.0,4,5777.0,5766.0,5766.0,5747.0,295.0,25467900.0,3716
2023-05-09 21:07:38,ag2310,ag2310,5747.0,0.0,0.0,0.0,1,5746.0,5748.0,13,5777.0,5766.0,5766.0,5747.0,295.0,25467900.0,3716
2023-05-09 21:07:38,ag2310,ag2310,5747.0,0.0,0.0,0.0,2,5747.0,5748.0,3,5777.0,5766.0,5766.0,5747.0,295.0,25467900.0,3716
2023-05-09 21:07:39,ag2310,ag2310,5747.0,0.0,0.0,0.0,2,5747.0,5749.0,2,5777.0,5766.0,5766.0,5747.0,295.0,25467900.0,3716
2023-05-09 21:07:39,ag2310,ag2310,5747.0,0.0,0.0,0.0,17,5746.0,5748.0,2,5777.0,5766.0,5766.0,5747.0,295.0,25467900.0,3716
2023-05-09 21:07:40,ag2310,ag2310,5747.0,0.0,0.0,0.0,2,5747.0,5749.0,30,5777.0,5766.0,5766.0,5747.0,295.0,25467900.0,3716
2023-05-09 21:07:40,ag2310,ag2310,5747.0,0.0,0.0,0.0,17,5746.0,5748.0,2,5777.0,5766.0,5766.0,5747.0,295.0,25467900.0,3716
2023-05-09 21:07:41,ag2310,ag2310,5747.0,0.0,0.0,0.0,2,5746.0,5748.0,4,5777.0,5766.0,5766.0,5747.0,295.0,25467900.0,3716
2023-05-09 21:07:41,ag2310,ag2310,5747.0,0.0,0.0,0.0,2,5746.0,5748.0,7,5777.0,5766.0,5766.0,5747.0,295.0,25467900.0,3716
2023-05-09 21:07:42,ag2310,ag2310,5747.0,0.0,0.0,0.0,2,5746.0,5747.0,1,5777.0,5766.0,5766.0,5747.0,295.0,25467900.0,3716
2023-05-09 21:07:42,ag2310,ag2310,5747.0,0.0,0.0,0.0,1,5746.0,5747.0,1,5777.0,5766.0,5766.0,5747.0,295.0,25467900.0,3716
2023-05-09 21:07:43,ag2310,ag2310,5746.0,1.0,86190.0,1.0,3,5745.0,5747.0,1,5777.0,5766.0,5766.0,5746.0,296.0,25554090.0,3717
2023-05-09 21:07:43,ag2310,ag2310,5746.0,0.0,0.0,0.0,4,5745.0,5747.0,6,5777.0,5766.0,5766.0,5746.0,296.0,25554090.0,3717
2023-05-09 21:07:44,ag2310,ag2310,5746.0,0.0,0.0,0.0,4,5745.0,5747.0,9,5777.0,5766.0,5766.0,5746.0,296.0,25554090.0,3717
2023-05-09 21:07:45,ag2310,ag2310,5746.0,0.0,0.0,0.0,4,5745.0,5747.0,4,5777.0,5766.0,5766.0,5746.0,296.0,25554090.0,3717
2023-05-09 21:07:45,ag2310,ag2310,5746.0,0.0,0.0,0.0,2,5746.0,5747.0,1,5777.0,5766.0,5766.0,5746.0,296.0,25554090.0,3717
2023-05-09 21:07:46,ag2310,ag2310,5746.0,0.0,0.0,0.0,2,5746.0,5747.0,1,5777.0,5766.0,5766.0,5746.0,296.0,25554090.0,3717
2023-05-09 21:07:46,ag2310,ag2310,5746.0,0.0,0.0,0.0,3,5745.0,5747.0,1,5777.0,5766.0,5766.0,5746.0,296.0,25554090.0,3717
2023-05-09 21:07:47,ag2310,ag2310,5746.0,0.0,0.0,0.0,2,5746.0,5747.0,1,5777.0,5766.0,5766.0,5746.0,296.0,25554090.0,3717
2023-05-09 21:07:47,ag2310,ag2310,5746.0,0.0,0.0,0.0,3,5745.0,5747.0,1,5777.0,5766.0,5766.0,5746.0,296.0,25554090.0,3717
2023-05-09 21:07:48,ag2310,ag2310,5746.0,0.0,0.0,0.0,2,5746.0,5747.0,1,5777.0,5766.0,5766.0,5746.0,296.0,25554090.0,3717
2023-05-09 21:07:48,ag2310,ag2310,5746.0,0.0,0.0,0.0,3,5745.0,5747.0,1,5777.0,5766.0,5766.0,5746.0,296.0,25554090.0,3717
2023-05-09 21:07:49,ag2310,ag2310,5746.0,0.0,0.0,0.0,3,5745.0,5747.0,1,5777.0,5766.0,5766.0,5746.0,296.0,25554090.0,3717
2023-05-09 21:07:49,ag2310,ag2310,5746.0,0.0,0.0,0.0,4,5745.0,5747.0,1,5777.0,5766.0,5766.0,5746.0,296.0,25554090.0,3717
2023-05-09 21:07:50,ag2310,ag2310,5746.0,0.0,0.0,0.0,8,5745.0,5747.0,1,5777.0,5766.0,5766.0,5746.0,296.0,25554090.0,3717
2023-05-09 21:07:50,ag2310,ag2310,5746.0,0.0,0.0,0.0,9,5745.0,5747.0,1,5777.0,5766.0,5766.0,5746.0,296.0,25554090.0,3717
2023-05-09 21:07:52,ag2310,ag2310,5746.0,0.0,0.0,0.0,2,5746.0,5747.0,1,5777.0,5766.0,5766.0,5746.0,296.0,25554090.0,3717
2023-05-09 21:07:52,ag2310,ag2310,5746.0,0.0,0.0,0.0,4,5745.0,5747.0,1,5777.0,5766.0,5766.0,5746.0,296.0,25554090.0,3717
2023-05-09 21:07:53,ag2310,ag2310,5746.0,0.0,0.0,0.0,5,5745.0,5747.0,1,5777.0,5766.0,5766.0,5746.0,296.0,25554090.0,3717
2023-05-09 21:07:53,ag2310,ag2310,5746.0,0.0,0.0,0.0,2,5746.0,5747.0,1,5777.0,5766.0,5766.0,5746.0,296.0,25554090.0,3717
2023-05-09 21:07:54,ag2310,ag2310,5747.0,1.0,86205.0,0.0,2,5746.0,5748.0,4,5777.0,5766.0,5766.0,5746.0,297.0,25640295.0,3717
2023-05-09 21:07:54,ag2310,ag2310,5747.0,0.0,0.0,0.0,3,5746.0,5748.0,7,5777.0,5766.0,5766.0,5746.0,297.0,25640295.0,3717
2023-05-09 21:07:55,ag2310,ag2310,5747.0,0.0,0.0,0.0,3,5746.0,5748.0,4,5777.0,5766.0,5766.0,5746.0,297.0,25640295.0,3717
2023-05-09 21:07:58,ag2310,ag2310,5747.0,0.0,0.0,0.0,3,5746.0,5748.0,4,5777.0,5766.0,5766.0,5746.0,297.0,25640295.0,3717
2023-05-09 21:07:59,ag2310,ag2310,5748.0,2.0,172440.0,0.0,2,5747.0,5749.0,7,5777.0,5766.0,5766.0,5746.0,299.0,25812735.0,3717
2023-05-09 21:07:59,ag2310,ag2310,5748.0,0.0,0.0,0.0,2,5747.0,5749.0,2,5777.0,5766.0,5766.0,5746.0,299.0,25812735.0,3717
2023-05-09 21:08:00,ag2310,ag2310,5749.0,2.0,172470.0,0.0,5,5747.0,5751.0,16,5777.0,5766.0,5766.0,5746.0,301.0,25985205.0,3717
2023-05-09 21:08:00,ag2310,ag2310,5749.0,0.0,0.0,0.0,2,5748.0,5750.0,2,5777.0,5766.0,5766.0,5746.0,301.0,25985205.0,3717
2023-05-09 21:08:01,ag2310,ag2310,5749.0,0.0,0.0,0.0,18,5747.0,5750.0,10,5777.0,5766.0,5766.0,5746.0,301.0,25985205.0,3717
2023-05-09 21:08:01,ag2310,ag2310,5749.0,0.0,0.0,0.0,2,5747.0,5749.0,7,5777.0,5766.0,5766.0,5746.0,301.0,25985205.0,3717
2023-05-09 21:08:02,ag2310,ag2310,5749.0,0.0,0.0,0.0,4,5747.0,5749.0,3,5777.0,5766.0,5766.0,5746.0,301.0,25985205.0,3717
2023-05-09 21:08:02,ag2310,ag2310,5749.0,0.0,0.0,0.0,6,5747.0,5750.0,23,5777.0,5766.0,5766.0,5746.0,301.0,25985205.0,3717
2023-05-09 21:08:03,ag2310,ag2310,5749.0,0.0,0.0,0.0,6,5747.0,5750.0,14,5777.0,5766.0,5766.0,5746.0,301.0,25985205.0,3717
2023-05-09 21:08:03,ag2310,ag2310,5749.0,0.0,0.0,0.0,6,5747.0,5750.0,13,5777.0,5766.0,5766.0,5746.0,301.0,25985205.0,3717
2023-05-09 21:08:04,ag2310,ag2310,5749.0,0.0,0.0,0.0,6,5747.0,5750.0,11,5777.0,5766.0,5766.0,5746.0,301.0,25985205.0,3717
2023-05-09 21:08:04,ag2310,ag2310,5749.0,0.0,0.0,0.0,6,5747.0,5750.0,11,5777.0,5766.0,5766.0,5746.0,301.0,25985205.0,3717
2023-05-09 21:08:05,ag2310,ag2310,5749.0,0.0,0.0,0.0,6,5747.0,5750.0,10,5777.0,5766.0,5766.0,5746.0,301.0,25985205.0,3717
2023-05-09 21:08:05,ag2310,ag2310,5750.0,1.0,86250.0,0.0,8,5747.0,5750.0,9,5777.0,5766.0,5766.0,5746.0,302.0,26071455.0,3717
2023-05-09 21:08:06,ag2310,ag2310,5750.0,0.0,0.0,0.0,6,5747.0,5750.0,13,5777.0,5766.0,5766.0,5746.0,302.0,26071455.0,3717
2023-05-09 21:08:07,ag2310,ag2310,5750.0,13.0,1121250.0,1.0,2,5748.0,5751.0,16,5777.0,5766.0,5766.0,5746.0,315.0,27192705.0,3718
2023-05-09 21:08:07,ag2310,ag2310,5750.0,0.0,0.0,0.0,15,5748.0,5752.0,15,5777.0,5766.0,5766.0,5746.0,315.0,27192705.0,3718
2023-05-09 21:08:08,ag2310,ag2310,5750.0,0.0,0.0,0.0,33,5748.0,5752.0,2,5777.0,5766.0,5766.0,5746.0,315.0,27192705.0,3718
2023-05-09 21:08:08,ag2310,ag2310,5750.0,0.0,0.0,0.0,32,5748.0,5752.0,5,5777.0,5766.0,5766.0,5746.0,315.0,27192705.0,3718
2023-05-09 21:08:09,ag2310,ag2310,5750.0,0.0,0.0,0.0,25,5748.0,5752.0,6,5777.0,5766.0,5766.0,5746.0,315.0,27192705.0,3718
2023-05-09 21:08:09,ag2310,ag2310,5750.0,0.0,0.0,0.0,26,5748.0,5752.0,7,5777.0,5766.0,5766.0,5746.0,315.0,27192705.0,3718
2023-05-09 21:08:11,ag2310,ag2310,5750.0,0.0,0.0,0.0,26,5748.0,5752.0,7,5777.0,5766.0,5766.0,5746.0,315.0,27192705.0,3718
2023-05-09 21:08:12,ag2310,ag2310,5750.0,0.0,0.0,0.0,12,5748.0,5751.0,3,5777.0,5766.0,5766.0,5746.0,315.0,27192705.0,3718
2023-05-09 21:08:12,ag2310,ag2310,5750.0,0.0,0.0,0.0,14,5748.0,5752.0,20,5777.0,5766.0,5766.0,5746.0,315.0,27192705.0,3718
2023-05-09 21:08:13,ag2310,ag2310,5750.0,0.0,0.0,0.0,27,5748.0,5752.0,6,5777.0,5766.0,5766.0,5746.0,315.0,27192705.0,3718
2023-05-09 21:08:14,ag2310,ag2310,5750.0,0.0,0.0,0.0,29,5748.0,5752.0,6,5777.0,5766.0,5766.0,5746.0,315.0,27192705.0,3718
2023-05-09 21:08:14,ag2310,ag2310,5750.0,0.0,0.0,0.0,29,5748.0,5752.0,6,5777.0,5766.0,5766.0,5746.0,315.0,27192705.0,3718
2023-05-09 21:08:15,ag2310,ag2310,5750.0,0.0,0.0,0.0,30,5748.0,5752.0,5,5777.0,5766.0,5766.0,5746.0,315.0,27192705.0,3718
2023-05-09 21:08:15,ag2310,ag2310,5750.0,0.0,0.0,0.0,3,5749.0,5752.0,4,5777.0,5766.0,5766.0,5746.0,315.0,27192705.0,3718
2023-05-09 21:08:16,ag2310,ag2310,5750.0,0.0,0.0,0.0,2,5750.0,5754.0,18,5777.0,5766.0,5766.0,5746.0,315.0,27192705.0,3718
2023-05-09 21:08:16,ag2310,ag2310,5750.0,0.0,0.0,0.0,22,5750.0,5753.0,4,5777.0,5766.0,5766.0,5746.0,315.0,27192705.0,3718
2023-05-09 21:08:17,ag2310,ag2310,5750.0,0.0,0.0,0.0,2,5751.0,5753.0,3,5777.0,5766.0,5766.0,5746.0,315.0,27192705.0,3718
2023-05-09 21:08:17,ag2310,ag2310,5750.0,0.0,0.0,0.0,2,5751.0,5753.0,3,5777.0,5766.0,5766.0,5746.0,315.0,27192705.0,3718
2023-05-09 21:08:18,ag2310,ag2310,5750.0,0.0,0.0,0.0,2,5751.0,5753.0,5,5777.0,5766.0,5766.0,5746.0,315.0,27192705.0,3718
2023-05-09 21:08:18,ag2310,ag2310,5750.0,0.0,0.0,0.0,4,5751.0,5754.0,15,5777.0,5766.0,5766.0,5746.0,315.0,27192705.0,3718
2023-05-09 21:08:19,ag2310,ag2310,5750.0,0.0,0.0,0.0,16,5751.0,5754.0,7,5777.0,5766.0,5766.0,5746.0,315.0,27192705.0,3718
2023-05-09 21:08:19,ag2310,ag2310,5750.0,0.0,0.0,0.0,24,5750.0,5754.0,9,5777.0,5766.0,5766.0,5746.0,315.0,27192705.0,3718
2023-05-09 21:08:20,ag2310,ag2310,5750.0,0.0,0.0,0.0,9,5750.0,5753.0,4,5777.0,5766.0,5766.0,5746.0,315.0,27192705.0,3718
2023-05-09 21:08:20,ag2310,ag2310,5750.0,0.0,0.0,0.0,9,5750.0,5753.0,5,5777.0,5766.0,5766.0,5746.0,315.0,27192705.0,3718
2023-05-09 21:08:21,ag2310,ag2310,5750.0,0.0,0.0,0.0,2,5751.0,5753.0,5,5777.0,5766.0,5766.0,5746.0,315.0,27192705.0,3718
2023-05-09 21:08:21,ag2310,ag2310,5750.0,0.0,0.0,0.0,9,5750.0,5753.0,5,5777.0,5766.0,5766.0,5746.0,315.0,27192705.0,3718
2023-05-09 21:08:22,ag2310,ag2310,5750.0,0.0,0.0,0.0,4,5750.0,5752.0,1,5777.0,5766.0,5766.0,5746.0,315.0,27192705.0,3718
2023-05-09 21:08:22,ag2310,ag2310,5750.0,0.0,0.0,0.0,4,5750.0,5753.0,21,5777.0,5766.0,5766.0,5746.0,315.0,27192705.0,3718
2023-05-09 21:08:23,ag2310,ag2310,5750.0,0.0,0.0,0.0,9,5750.0,5753.0,5,5777.0,5766.0,5766.0,5746.0,315.0,27192705.0,3718
2023-05-09 21:08:23,ag2310,ag2310,5750.0,0.0,0.0,0.0,2,5751.0,5753.0,6,5777.0,5766.0,5766.0,5746.0,315.0,27192705.0,3718
2023-05-09 21:08:24,ag2310,ag2310,5750.0,0.0,0.0,0.0,2,5751.0,5753.0,5,5777.0,5766.0,5766.0,5746.0,315.0,27192705.0,3718
2023-05-09 21:08:25,ag2310,ag2310,5750.0,0.0,0.0,0.0,7,5751.0,5753.0,5,5777.0,5766.0,5766.0,5746.0,315.0,27192705.0,3718
2023-05-09 21:08:25,ag2310,ag2310,5750.0,0.0,0.0,0.0,25,5750.0,5754.0,1,5777.0,5766.0,5766.0,5746.0,315.0,27192705.0,3718
2023-05-09 21:08:26,ag2310,ag2310,5750.0,0.0,0.0,0.0,28,5750.0,5754.0,9,5777.0,5766.0,5766.0,5746.0,315.0,27192705.0,3718
2023-05-09 21:08:26,ag2310,ag2310,5750.0,0.0,0.0,0.0,2,5751.0,5753.0,3,5777.0,5766.0,5766.0,5746.0,315.0,27192705.0,3718
2023-05-09 21:08:27,ag2310,ag2310,5750.0,0.0,0.0,0.0,7,5751.0,5754.0,22,5777.0,5766.0,5766.0,5746.0,315.0,27192705.0,3718
