time,symbol_id,symbol_name,last,trade_volume,trade_amount,open_interest_change,bv1,bp1,ap1,av1,yesterday_close,today_open,today_high,today_low,volume,amount,open_interest
2023-05-09 20:59:00,al2305,al2305,18330.0,150.0,13747500.0,0.0,5,18325.0,18345.0,5,18320.0,18330.0,18330.0,18330.0,150.0,13747500.0,24460
2023-05-09 21:00:00,al2305,al2305,18345.0,5.0,458625.0,5.0,205,18345.0,18390.0,10,18320.0,18330.0,18345.0,18330.0,155.0,14206125.0,24465
2023-05-09 21:00:01,al2305,al2305,18345.0,0.0,0.0,0.0,15,18365.0,18385.0,5,18320.0,18330.0,18345.0,18330.0,155.0,14206125.0,24465
2023-05-09 21:00:01,al2305,al2305,18345.0,0.0,0.0,0.0,15,18370.0,18390.0,10,18320.0,18330.0,18345.0,18330.0,155.0,14206125.0,24465
2023-05-09 21:00:02,al2305,al2305,18345.0,0.0,0.0,0.0,15,18375.0,18400.0,10,18320.0,18330.0,18345.0,18330.0,155.0,14206125.0,24465
2023-05-09 21:00:02,al2305,al2305,18345.0,0.0,0.0,0.0,145,18345.0,18395.0,20,18320.0,18330.0,18345.0,18330.0,155.0,14206125.0,24465
2023-05-09 21:00:03,al2305,al2305,18345.0,0.0,0.0,0.0,15,18370.0,18390.0,5,18320.0,18330.0,18345.0,18330.0,155.0,14206125.0,24465
2023-05-09 21:00:03,al2305,al2305,18345.0,0.0,0.0,0.0,15,18375.0,18400.0,10,18320.0,18330.0,18345.0,18330.0,155.0,14206125.0,24465
2023-05-09 21:00:04,al2305,al2305,18345.0,0.0,0.0,0.0,145,18345.0,18390.0,5,18320.0,18330.0,18345.0,18330.0,155.0,14206125.0,24465
2023-05-09 21:00:04,al2305,al2305,18345.0,0.0,0.0,0.0,15,18365.0,18385.0,5,18320.0,18330.0,18345.0,18330.0,155.0,14206125.0,24465
2023-05-09 21:00:05,al2305,al2305,18385.0,20.0,1838500.0,-5.0,15,18365.0,18400.0,10,18320.0,18330.0,18385.0,18330.0,175.0,16044625.0,24460
2023-05-09 21:00:05,al2305,al2305,18385.0,0.0,0.0,0.0,15,18365.0,18385.0,50,18320.0,18330.0,18385.0,18330.0,175.0,16044625.0,24460
2023-05-09 21:00:06,al2305,al2305,18385.0,0.0,0.0,0.0,15,18365.0,18385.0,70,18320.0,18330.0,18385.0,18330.0,175.0,16044625.0,24460
2023-05-09 21:00:07,al2305,al2305,18385.0,0.0,0.0,0.0,145,18345.0,18385.0,70,18320.0,18330.0,18385.0,18330.0,175.0,16044625.0,24460
2023-05-09 21:00:07,al2305,al2305,18385.0,0.0,0.0,0.0,5,18360.0,18380.0,35,18320.0,18330.0,18385.0,18330.0,175.0,16044625.0,24460
2023-05-09 21:00:08,al2305,al2305,18360.0,5.0,459000.0,-5.0,145,18345.0,18375.0,55,18320.0,18330.0,18385.0,18330.0,180.0,16503625.0,24455
2023-05-09 21:00:08,al2305,al2305,18360.0,0.0,0.0,0.0,165,18345.0,18365.0,5,18320.0,18330.0,18385.0,18330.0,180.0,16503625.0,24455
2023-05-09 21:00:09,al2305,al2305,18360.0,0.0,0.0,0.0,170,18345.0,18365.0,5,18320.0,18330.0,18385.0,18330.0,180.0,16503625.0,24455
2023-05-09 21:00:09,al2305,al2305,18360.0,0.0,0.0,0.0,20,18350.0,18400.0,10,18320.0,18330.0,18385.0,18330.0,180.0,16503625.0,24455
2023-05-09 21:00:10,al2305,al2305,18360.0,0.0,0.0,0.0,30,18350.0,18370.0,5,18320.0,18330.0,18385.0,18330.0,180.0,16503625.0,24455
2023-05-09 21:00:10,al2305,al2305,18360.0,0.0,0.0,0.0,30,18350.0,18370.0,5,18320.0,18330.0,18385.0,18330.0,180.0,16503625.0,24455
2023-05-09 21:00:11,al2305,al2305,18360.0,0.0,0.0,0.0,30,18350.0,18370.0,5,18320.0,18330.0,18385.0,18330.0,180.0,16503625.0,24455
2023-05-09 21:00:13,al2305,al2305,18360.0,0.0,0.0,0.0,15,18350.0,18400.0,10,18320.0,18330.0,18385.0,18330.0,180.0,16503625.0,24455
2023-05-09 21:00:13,al2305,al2305,18360.0,0.0,0.0,0.0,15,18350.0,18365.0,5,18320.0,18330.0,18385.0,18330.0,180.0,16503625.0,24455
2023-05-09 21:00:14,al2305,al2305,18360.0,0.0,0.0,0.0,15,18350.0,18365.0,5,18320.0,18330.0,18385.0,18330.0,180.0,16503625.0,24455
2023-05-09 21:00:15,al2305,al2305,18360.0,0.0,0.0,0.0,15,18350.0,18395.0,10,18320.0,18330.0,18385.0,18330.0,180.0,16503625.0,24455
2023-05-09 21:00:15,al2305,al2305,18360.0,0.0,0.0,0.0,15,18355.0,18375.0,5,18320.0,18330.0,18385.0,18330.0,180.0,16503625.0,24455
2023-05-09 21:00:16,al2305,al2305,18360.0,0.0,0.0,0.0,25,18355.0,18375.0,5,18320.0,18330.0,18385.0,18330.0,180.0,16503625.0,24455
2023-05-09 21:00:16,al2305,al2305,18360.0,0.0,0.0,0.0,10,18355.0,18370.0,5,18320.0,18330.0,18385.0,18330.0,180.0,16503625.0,24455
2023-05-09 21:00:17,al2305,al2305,18360.0,0.0,0.0,0.0,5,18350.0,18370.0,5,18320.0,18330.0,18385.0,18330.0,180.0,16503625.0,24455
2023-05-09 21:00:17,al2305,al2305,18360.0,0.0,0.0,0.0,15,18350.0,18365.0,5,18320.0,18330.0,18385.0,18330.0,180.0,16503625.0,24455
2023-05-09 21:00:18,al2305,al2305,18360.0,0.0,0.0,0.0,15,18350.0,18365.0,5,18320.0,18330.0,18385.0,18330.0,180.0,16503625.0,24455
2023-05-09 21:00:19,al2305,al2305,18360.0,0.0,0.0,0.0,5,18350.0,18365.0,5,18320.0,18330.0,18385.0,18330.0,180.0,16503625.0,24455
2023-05-09 21:00:19,al2305,al2305,18360.0,0.0,0.0,0.0,5,18350.0,18360.0,5,18320.0,18330.0,18385.0,18330.0,180.0,16503625.0,24455
2023-05-09 21:00:20,al2305,al2305,18360.0,0.0,0.0,0.0,25,18350.0,18395.0,15,18320.0,18330.0,18385.0,18330.0,180.0,16503625.0,24455
2023-05-09 21:00:20,al2305,al2305,18360.0,0.0,0.0,0.0,15,18350.0,18365.0,5,18320.0,18330.0,18385.0,18330.0,180.0,16503625.0,24455
2023-05-09 21:00:21,al2305,al2305,18360.0,0.0,0.0,0.0,15,18350.0,18365.0,5,18320.0,18330.0,18385.0,18330.0,180.0,16503625.0,24455
2023-05-09 21:00:24,al2305,al2305,18360.0,0.0,0.0,0.0,5,18350.0,18395.0,15,18320.0,18330.0,18385.0,18330.0,180.0,16503625.0,24455
2023-05-09 21:00:25,al2305,al2305,18360.0,0.0,0.0,0.0,5,18350.0,18360.0,5,18320.0,18330.0,18385.0,18330.0,180.0,16503625.0,24455
2023-05-09 21:00:25,al2305,al2305,18360.0,0.0,0.0,0.0,5,18350.0,18360.0,5,18320.0,18330.0,18385.0,18330.0,180.0,16503625.0,24455
2023-05-09 21:00:26,al2305,al2305,18360.0,0.0,0.0,0.0,10,18350.0,18390.0,5,18320.0,18330.0,18385.0,18330.0,180.0,16503625.0,24455
2023-05-09 21:00:26,al2305,al2305,18360.0,0.0,0.0,0.0,20,18360.0,18365.0,5,18320.0,18330.0,18385.0,18330.0,180.0,16503625.0,24455
2023-05-09 21:00:27,al2305,al2305,18360.0,5.0,459000.0,-5.0,15,18360.0,18365.0,5,18320.0,18330.0,18385.0,18330.0,185.0,16962625.0,24450
2023-05-09 21:00:27,al2305,al2305,18360.0,5.0,459000.0,-5.0,10,18360.0,18365.0,5,18320.0,18330.0,18385.0,18330.0,190.0,17421625.0,24445
2023-05-09 21:00:28,al2305,al2305,18360.0,5.0,459000.0,-5.0,5,18360.0,18365.0,5,18320.0,18330.0,18385.0,18330.0,195.0,17880625.0,24440
2023-05-09 21:00:29,al2305,al2305,18360.0,0.0,0.0,0.0,5,18360.0,18390.0,5,18320.0,18330.0,18385.0,18330.0,195.0,17880625.0,24440
2023-05-09 21:00:30,al2305,al2305,18360.0,5.0,459000.0,0.0,5,18350.0,18360.0,15,18320.0,18330.0,18385.0,18330.0,200.0,18339625.0,24440
2023-05-09 21:00:30,al2305,al2305,18350.0,5.0,458750.0,-5.0,165,18300.0,18360.0,75,18320.0,18330.0,18385.0,18330.0,205.0,18798375.0,24435
2023-05-09 21:00:31,al2305,al2305,18350.0,0.0,0.0,0.0,5,18340.0,18360.0,75,18320.0,18330.0,18385.0,18330.0,205.0,18798375.0,24435
2023-05-09 21:00:31,al2305,al2305,18350.0,0.0,0.0,0.0,15,18340.0,18360.0,75,18320.0,18330.0,18385.0,18330.0,205.0,18798375.0,24435
2023-05-09 21:00:32,al2305,al2305,18350.0,0.0,0.0,0.0,5,18345.0,18390.0,5,18320.0,18330.0,18385.0,18330.0,205.0,18798375.0,24435
2023-05-09 21:00:32,al2305,al2305,18350.0,0.0,0.0,0.0,20,18345.0,18365.0,55,18320.0,18330.0,18385.0,18330.0,205.0,18798375.0,24435
2023-05-09 21:00:33,al2305,al2305,18350.0,0.0,0.0,0.0,20,18345.0,18365.0,70,18320.0,18330.0,18385.0,18330.0,205.0,18798375.0,24435
2023-05-09 21:00:36,al2305,al2305,18350.0,0.0,0.0,0.0,10,18310.0,18365.0,70,18320.0,18330.0,18385.0,18330.0,205.0,18798375.0,24435
2023-05-09 21:00:36,al2305,al2305,18350.0,0.0,0.0,0.0,5,18340.0,18360.0,40,18320.0,18330.0,18385.0,18330.0,205.0,18798375.0,24435
2023-05-09 21:00:37,al2305,al2305,18350.0,0.0,0.0,0.0,20,18340.0,18360.0,70,18320.0,18330.0,18385.0,18330.0,205.0,18798375.0,24435
2023-05-09 21:00:37,al2305,al2305,18350.0,0.0,0.0,0.0,5,18345.0,18390.0,5,18320.0,18330.0,18385.0,18330.0,205.0,18798375.0,24435
2023-05-09 21:00:38,al2305,al2305,18350.0,0.0,0.0,0.0,20,18345.0,18365.0,60,18320.0,18330.0,18385.0,18330.0,205.0,18798375.0,24435
2023-05-09 21:00:38,al2305,al2305,18350.0,0.0,0.0,0.0,20,18360.0,18365.0,75,18320.0,18330.0,18385.0,18330.0,205.0,18798375.0,24435
2023-05-09 21:00:39,al2305,al2305,18360.0,20.0,1836000.0,-5.0,5,18305.0,18365.0,80,18320.0,18330.0,18385.0,18330.0,225.0,20634375.0,24430
2023-05-09 21:00:39,al2305,al2305,18360.0,0.0,0.0,0.0,5,18345.0,18365.0,80,18320.0,18330.0,18385.0,18330.0,225.0,20634375.0,24430
2023-05-09 21:00:40,al2305,al2305,18360.0,0.0,0.0,0.0,15,18345.0,18365.0,80,18320.0,18330.0,18385.0,18330.0,225.0,20634375.0,24430
2023-05-09 21:00:41,al2305,al2305,18360.0,0.0,0.0,0.0,5,18350.0,18360.0,5,18320.0,18330.0,18385.0,18330.0,225.0,20634375.0,24430
2023-05-09 21:00:41,al2305,al2305,18360.0,5.0,459000.0,0.0,15,18360.0,18385.0,5,18320.0,18330.0,18385.0,18330.0,230.0,21093375.0,24430
2023-05-09 21:00:42,al2305,al2305,18360.0,10.0,918000.0,0.0,5,18360.0,18365.0,60,18320.0,18330.0,18385.0,18330.0,240.0,22011375.0,24430
2023-05-09 21:00:42,al2305,al2305,18360.0,5.0,459000.0,-5.0,5,18320.0,18365.0,75,18320.0,18330.0,18385.0,18330.0,245.0,22470375.0,24425
2023-05-09 21:00:43,al2305,al2305,18360.0,0.0,0.0,0.0,10,18350.0,18365.0,75,18320.0,18330.0,18385.0,18330.0,245.0,22470375.0,24425
2023-05-09 21:00:43,al2305,al2305,18360.0,0.0,0.0,0.0,10,18350.0,18365.0,75,18320.0,18330.0,18385.0,18330.0,245.0,22470375.0,24425
2023-05-09 21:00:45,al2305,al2305,18360.0,0.0,0.0,0.0,20,18360.0,18365.0,75,18320.0,18330.0,18385.0,18330.0,245.0,22470375.0,24425
2023-05-09 21:00:48,al2305,al2305,18360.0,0.0,0.0,0.0,20,18360.0,18390.0,5,18320.0,18330.0,18385.0,18330.0,245.0,22470375.0,24425
2023-05-09 21:00:48,al2305,al2305,18360.0,0.0,0.0,0.0,20,18360.0,18370.0,60,18320.0,18330.0,18385.0,18330.0,245.0,22470375.0,24425
2023-05-09 21:00:49,al2305,al2305,18360.0,0.0,0.0,0.0,20,18360.0,18370.0,75,18320.0,18330.0,18385.0,18330.0,245.0,22470375.0,24425
2023-05-09 21:00:51,al2305,al2305,18360.0,0.0,0.0,0.0,20,18360.0,18370.0,65,18320.0,18330.0,18385.0,18330.0,245.0,22470375.0,24425
2023-05-09 21:00:52,al2305,al2305,18360.0,0.0,0.0,0.0,20,18360.0,18365.0,30,18320.0,18330.0,18385.0,18330.0,245.0,22470375.0,24425
2023-05-09 21:00:53,al2305,al2305,18365.0,20.0,1836500.0,0.0,10,18350.0,18365.0,45,18320.0,18330.0,18385.0,18330.0,265.0,24306875.0,24425
2023-05-09 21:00:54,al2305,al2305,18365.0,0.0,0.0,0.0,5,18355.0,18390.0,5,18320.0,18330.0,18385.0,18330.0,265.0,24306875.0,24425
2023-05-09 21:00:55,al2305,al2305,18365.0,0.0,0.0,0.0,5,18320.0,18370.0,30,18320.0,18330.0,18385.0,18330.0,265.0,24306875.0,24425
2023-05-09 21:00:55,al2305,al2305,18365.0,0.0,0.0,0.0,10,18350.0,18365.0,30,18320.0,18330.0,18385.0,18330.0,265.0,24306875.0,24425
2023-05-09 21:00:56,al2305,al2305,18365.0,0.0,0.0,0.0,10,18350.0,18365.0,45,18320.0,18330.0,18385.0,18330.0,265.0,24306875.0,24425
2023-05-09 21:00:59,al2305,al2305,18365.0,0.0,0.0,0.0,5,18320.0,18365.0,45,18320.0,18330.0,18385.0,18330.0,265.0,24306875.0,24425
2023-05-09 21:00:59,al2305,al2305,18365.0,0.0,0.0,0.0,10,18350.0,18365.0,45,18320.0,18330.0,18385.0,18330.0,265.0,24306875.0,24425
2023-05-09 21:01:00,al2305,al2305,18365.0,0.0,0.0,0.0,5,18320.0,18360.0,30,18320.0,18330.0,18385.0,18330.0,265.0,24306875.0,24425
2023-05-09 21:01:00,al2305,al2305,18340.0,25.0,2292750.0,5.0,10,18340.0,18360.0,35,18320.0,18330.0,18385.0,18330.0,290.0,26599625.0,24430
2023-05-09 21:01:01,al2305,al2305,18340.0,0.0,0.0,0.0,25,18340.0,18355.0,5,18320.0,18330.0,18385.0,18330.0,290.0,26599625.0,24430
2023-05-09 21:01:01,al2305,al2305,18340.0,0.0,0.0,0.0,10,18345.0,18390.0,5,18320.0,18330.0,18385.0,18330.0,290.0,26599625.0,24430
2023-05-09 21:01:02,al2305,al2305,18340.0,0.0,0.0,0.0,25,18345.0,18360.0,5,18320.0,18330.0,18385.0,18330.0,290.0,26599625.0,24430
2023-05-09 21:01:02,al2305,al2305,18340.0,0.0,0.0,0.0,25,18345.0,18360.0,5,18320.0,18330.0,18385.0,18330.0,290.0,26599625.0,24430
2023-05-09 21:01:03,al2305,al2305,18340.0,0.0,0.0,0.0,5,18320.0,18360.0,5,18320.0,18330.0,18385.0,18330.0,290.0,26599625.0,24430
2023-05-09 21:01:04,al2305,al2305,18340.0,0.0,0.0,0.0,10,18340.0,18355.0,5,18320.0,18330.0,18385.0,18330.0,290.0,26599625.0,24430
2023-05-09 21:01:04,al2305,al2305,18340.0,0.0,0.0,0.0,10,18345.0,18360.0,5,18320.0,18330.0,18385.0,18330.0,290.0,26599625.0,24430
2023-05-09 21:01:05,al2305,al2305,18340.0,0.0,0.0,0.0,25,18345.0,18360.0,5,18320.0,18330.0,18385.0,18330.0,290.0,26599625.0,24430
2023-05-09 21:01:05,al2305,al2305,18340.0,0.0,0.0,0.0,5,18305.0,18355.0,5,18320.0,18330.0,18385.0,18330.0,290.0,26599625.0,24430
2023-05-09 21:01:06,al2305,al2305,18340.0,0.0,0.0,0.0,10,18340.0,18355.0,5,18320.0,18330.0,18385.0,18330.0,290.0,26599625.0,24430
2023-05-09 21:01:06,al2305,al2305,18340.0,0.0,0.0,0.0,25,18340.0,18355.0,10,18320.0,18330.0,18385.0,18330.0,290.0,26599625.0,24430
2023-05-09 21:01:07,al2305,al2305,18340.0,0.0,0.0,0.0,25,18340.0,18355.0,15,18320.0,18330.0,18385.0,18330.0,290.0,26599625.0,24430
2023-05-09 21:01:08,al2305,al2305,18340.0,0.0,0.0,0.0,10,18310.0,18355.0,15,18320.0,18330.0,18385.0,18330.0,290.0,26599625.0,24430
2023-05-09 21:01:08,al2305,al2305,18340.0,0.0,0.0,0.0,10,18335.0,18350.0,10,18320.0,18330.0,18385.0,18330.0,290.0,26599625.0,24430
2023-05-09 21:01:09,al2305,al2305,18340.0,0.0,0.0,0.0,25,18335.0,18350.0,15,18320.0,18330.0,18385.0,18330.0,290.0,26599625.0,24430
2023-05-09 21:01:09,al2305,al2305,18340.0,0.0,0.0,0.0,25,18335.0,18350.0,15,18320.0,18330.0,18385.0,18330.0,290.0,26599625.0,24430
2023-05-09 21:01:10,al2305,al2305,18350.0,15.0,1376250.0,-5.0,5,18355.0,18360.0,10,18320.0,18330.0,18385.0,18330.0,305.0,27975875.0,24425
2023-05-09 21:01:10,al2305,al2305,18355.0,5.0,458875.0,0.0,5,18315.0,18350.0,5,18320.0,18330.0,18385.0,18330.0,310.0,28434750.0,24425
2023-05-09 21:01:11,al2305,al2305,18355.0,0.0,0.0,0.0,10,18340.0,18350.0,5,18320.0,18330.0,18385.0,18330.0,310.0,28434750.0,24425
2023-05-09 21:01:11,al2305,al2305,18355.0,0.0,0.0,0.0,10,18340.0,18350.0,5,18320.0,18330.0,18385.0,18330.0,310.0,28434750.0,24425
2023-05-09 21:01:12,al2305,al2305,18350.0,5.0,458750.0,-5.0,60,18350.0,18360.0,10,18320.0,18330.0,18385.0,18330.0,315.0,28893500.0,24420
2023-05-09 21:01:12,al2305,al2305,18350.0,0.0,0.0,0.0,60,18350.0,18355.0,35,18320.0,18330.0,18385.0,18330.0,315.0,28893500.0,24420
2023-05-09 21:01:13,al2305,al2305,18350.0,0.0,0.0,0.0,60,18350.0,18355.0,50,18320.0,18330.0,18385.0,18330.0,315.0,28893500.0,24420
2023-05-09 21:01:13,al2305,al2305,18350.0,5.0,458750.0,0.0,55,18350.0,18355.0,60,18320.0,18330.0,18385.0,18330.0,320.0,29352250.0,24420
2023-05-09 21:01:14,al2305,al2305,18350.0,55.0,5046250.0,5.0,10,18340.0,18350.0,5,18320.0,18330.0,18385.0,18330.0,375.0,34398500.0,24425
2023-05-09 21:01:14,al2305,al2305,18350.0,0.0,0.0,0.0,10,18340.0,18355.0,10,18320.0,18330.0,18385.0,18330.0,375.0,34398500.0,24425
2023-05-09 21:01:15,al2305,al2305,18350.0,0.0,0.0,0.0,10,18340.0,18355.0,25,18320.0,18330.0,18385.0,18330.0,375.0,34398500.0,24425
2023-05-09 21:01:15,al2305,al2305,18355.0,20.0,1835500.0,0.0,10,18340.0,18345.0,5,18320.0,18330.0,18385.0,18330.0,395.0,36234000.0,24425
2023-05-09 21:01:16,al2305,al2305,18355.0,0.0,0.0,0.0,10,18340.0,18345.0,5,18320.0,18330.0,18385.0,18330.0,395.0,36234000.0,24425
2023-05-09 21:01:16,al2305,al2305,18355.0,0.0,0.0,0.0,10,18340.0,18345.0,5,18320.0,18330.0,18385.0,18330.0,395.0,36234000.0,24425
2023-05-09 21:01:18,al2305,al2305,18355.0,0.0,0.0,0.0,5,18345.0,18360.0,10,18320.0,18330.0,18385.0,18330.0,395.0,36234000.0,24425
2023-05-09 21:01:18,al2305,al2305,18355.0,0.0,0.0,0.0,5,18345.0,18360.0,95,18320.0,18330.0,18385.0,18330.0,395.0,36234000.0,24425
2023-05-09 21:01:19,al2305,al2305,18355.0,0.0,0.0,0.0,25,18345.0,18360.0,95,18320.0,18330.0,18385.0,18330.0,395.0,36234000.0,24425
2023-05-09 21:01:21,al2305,al2305,18355.0,0.0,0.0,0.0,30,18345.0,18360.0,10,18320.0,18330.0,18385.0,18330.0,395.0,36234000.0,24425
2023-05-09 21:01:22,al2305,al2305,18355.0,0.0,0.0,0.0,40,18345.0,18360.0,10,18320.0,18330.0,18385.0,18330.0,395.0,36234000.0,24425
2023-05-09 21:01:25,al2305,al2305,18355.0,0.0,0.0,0.0,30,18345.0,18360.0,10,18320.0,18330.0,18385.0,18330.0,395.0,36234000.0,24425
2023-05-09 21:01:26,al2305,al2305,18360.0,80.0,7344000.0,-10.0,30,18345.0,18360.0,20,18320.0,18330.0,18385.0,18330.0,475.0,43578000.0,24415
2023-05-09 21:01:26,al2305,al2305,18360.0,0.0,0.0,0.0,45,18345.0,18390.0,5,18320.0,18330.0,18385.0,18330.0,475.0,43578000.0,24415
2023-05-09 21:01:27,al2305,al2305,18360.0,0.0,0.0,0.0,65,18345.0,18365.0,15,18320.0,18330.0,18385.0,18330.0,475.0,43578000.0,24415
2023-05-09 21:01:27,al2305,al2305,18360.0,0.0,0.0,0.0,65,18345.0,18365.0,20,18320.0,18330.0,18385.0,18330.0,475.0,43578000.0,24415
2023-05-09 21:01:30,al2305,al2305,18360.0,0.0,0.0,0.0,30,18345.0,18365.0,10,18320.0,18330.0,18385.0,18330.0,475.0,43578000.0,24415
2023-05-09 21:01:30,al2305,al2305,18360.0,0.0,0.0,0.0,30,18345.0,18360.0,15,18320.0,18330.0,18385.0,18330.0,475.0,43578000.0,24415
2023-05-09 21:01:31,al2305,al2305,18360.0,0.0,0.0,0.0,25,18345.0,18360.0,20,18320.0,18330.0,18385.0,18330.0,475.0,43578000.0,24415
2023-05-09 21:01:31,al2305,al2305,18360.0,0.0,0.0,0.0,25,18345.0,18360.0,25,18320.0,18330.0,18385.0,18330.0,475.0,43578000.0,24415
2023-05-09 21:01:32,al2305,al2305,18360.0,0.0,0.0,0.0,70,18345.0,18360.0,5,18320.0,18330.0,18385.0,18330.0,475.0,43578000.0,24415
2023-05-09 21:01:32,al2305,al2305,18360.0,0.0,0.0,0.0,70,18345.0,18385.0,10,18320.0,18330.0,18385.0,18330.0,475.0,43578000.0,24415
2023-05-09 21:01:33,al2305,al2305,18360.0,0.0,0.0,0.0,70,18345.0,18365.0,15,18320.0,18330.0,18385.0,18330.0,475.0,43578000.0,24415
2023-05-09 21:01:33,al2305,al2305,18360.0,0.0,0.0,0.0,70,18345.0,18365.0,20,18320.0,18330.0,18385.0,18330.0,475.0,43578000.0,24415
2023-05-09 21:01:34,al2305,al2305,18360.0,0.0,0.0,0.0,35,18345.0,18365.0,20,18320.0,18330.0,18385.0,18330.0,475.0,43578000.0,24415
2023-05-09 21:01:35,al2305,al2305,18360.0,0.0,0.0,0.0,25,18345.0,18360.0,15,18320.0,18330.0,18385.0,18330.0,475.0,43578000.0,24415
2023-05-09 21:01:35,al2305,al2305,18360.0,0.0,0.0,0.0,45,18345.0,18385.0,10,18320.0,18330.0,18385.0,18330.0,475.0,43578000.0,24415
2023-05-09 21:01:36,al2305,al2305,18360.0,0.0,0.0,0.0,70,18345.0,18365.0,15,18320.0,18330.0,18385.0,18330.0,475.0,43578000.0,24415
2023-05-09 21:01:36,al2305,al2305,18360.0,0.0,0.0,0.0,70,18345.0,18365.0,20,18320.0,18330.0,18385.0,18330.0,475.0,43578000.0,24415
2023-05-09 21:01:38,al2305,al2305,18360.0,0.0,0.0,0.0,25,18345.0,18365.0,10,18320.0,18330.0,18385.0,18330.0,475.0,43578000.0,24415
2023-05-09 21:01:39,al2305,al2305,18360.0,0.0,0.0,0.0,25,18345.0,18360.0,25,18320.0,18330.0,18385.0,18330.0,475.0,43578000.0,24415
2023-05-09 21:01:39,al2305,al2305,18360.0,0.0,0.0,0.0,25,18345.0,18360.0,30,18320.0,18330.0,18385.0,18330.0,475.0,43578000.0,24415
2023-05-09 21:01:40,al2305,al2305,18360.0,0.0,0.0,0.0,70,18345.0,18360.0,10,18320.0,18330.0,18385.0,18330.0,475.0,43578000.0,24415
2023-05-09 21:01:41,al2305,al2305,18360.0,0.0,0.0,0.0,35,18345.0,18360.0,10,18320.0,18330.0,18385.0,18330.0,475.0,43578000.0,24415
2023-05-09 21:01:41,al2305,al2305,18360.0,0.0,0.0,0.0,25,18345.0,18360.0,30,18320.0,18330.0,18385.0,18330.0,475.0,43578000.0,24415
2023-05-09 21:01:44,al2305,al2305,18345.0,10.0,917250.0,-10.0,15,18345.0,18360.0,30,18320.0,18330.0,18385.0,18330.0,485.0,44495250.0,24405
2023-05-09 21:01:47,al2305,al2305,18345.0,0.0,0.0,0.0,15,18345.0,18360.0,10,18320.0,18330.0,18385.0,18330.0,485.0,44495250.0,24405
2023-05-09 21:01:47,al2305,al2305,18345.0,0.0,0.0,0.0,15,18345.0,18360.0,20,18320.0,18330.0,18385.0,18330.0,485.0,44495250.0,24405
2023-05-09 21:01:48,al2305,al2305,18345.0,0.0,0.0,0.0,25,18345.0,18385.0,10,18320.0,18330.0,18385.0,18330.0,485.0,44495250.0,24405
2023-05-09 21:01:49,al2305,al2305,18345.0,0.0,0.0,0.0,60,18345.0,18365.0,15,18320.0,18330.0,18385.0,18330.0,485.0,44495250.0,24405
2023-05-09 21:01:49,al2305,al2305,18345.0,0.0,0.0,0.0,60,18345.0,18365.0,20,18320.0,18330.0,18385.0,18330.0,485.0,44495250.0,24405
2023-05-09 21:01:50,al2305,al2305,18345.0,0.0,0.0,0.0,65,18345.0,18365.0,20,18320.0,18330.0,18385.0,18330.0,485.0,44495250.0,24405
2023-05-09 21:01:50,al2305,al2305,18345.0,0.0,0.0,0.0,70,18345.0,18365.0,20,18320.0,18330.0,18385.0,18330.0,485.0,44495250.0,24405
2023-05-09 21:01:51,al2305,al2305,18345.0,0.0,0.0,0.0,5,18350.0,18365.0,20,18320.0,18330.0,18385.0,18330.0,485.0,44495250.0,24405
2023-05-09 21:01:52,al2305,al2305,18350.0,5.0,458750.0,5.0,10,18350.0,18365.0,20,18320.0,18330.0,18385.0,18330.0,490.0,44954000.0,24410
2023-05-09 21:01:52,al2305,al2305,18350.0,5.0,458750.0,0.0,5,18350.0,18360.0,5,18320.0,18330.0,18385.0,18330.0,495.0,45412750.0,24410
2023-05-09 21:01:53,al2305,al2305,18350.0,5.0,458750.0,0.0,20,18345.0,18360.0,10,18320.0,18330.0,18385.0,18330.0,500.0,45871500.0,24410
2023-05-09 21:01:53,al2305,al2305,18350.0,0.0,0.0,0.0,55,18345.0,18360.0,15,18320.0,18330.0,18385.0,18330.0,500.0,45871500.0,24410
2023-05-09 21:01:56,al2305,al2305,18345.0,5.0,458625.0,0.0,15,18345.0,18355.0,5,18320.0,18330.0,18385.0,18330.0,505.0,46330125.0,24410
2023-05-09 21:01:57,al2305,al2305,18345.0,0.0,0.0,0.0,15,18345.0,18355.0,15,18320.0,18330.0,18385.0,18330.0,505.0,46330125.0,24410
2023-05-09 21:01:57,al2305,al2305,18345.0,0.0,0.0,0.0,5,18345.0,18355.0,15,18320.0,18330.0,18385.0,18330.0,505.0,46330125.0,24410
2023-05-09 21:01:58,al2305,al2305,18345.0,0.0,0.0,0.0,5,18345.0,18355.0,15,18320.0,18330.0,18385.0,18330.0,505.0,46330125.0,24410
2023-05-09 21:01:59,al2305,al2305,18345.0,0.0,0.0,0.0,5,18345.0,18390.0,5,18320.0,18330.0,18385.0,18330.0,505.0,46330125.0,24410
2023-05-09 21:01:59,al2305,al2305,18345.0,0.0,0.0,0.0,45,18345.0,18360.0,10,18320.0,18330.0,18385.0,18330.0,505.0,46330125.0,24410
2023-05-09 21:02:00,al2305,al2305,18345.0,0.0,0.0,0.0,20,18345.0,18360.0,15,18320.0,18330.0,18385.0,18330.0,505.0,46330125.0,24410
2023-05-09 21:02:00,al2305,al2305,18345.0,0.0,0.0,0.0,10,18345.0,18355.0,5,18320.0,18330.0,18385.0,18330.0,505.0,46330125.0,24410
2023-05-09 21:02:01,al2305,al2305,18345.0,0.0,0.0,0.0,5,18345.0,18355.0,5,18320.0,18330.0,18385.0,18330.0,505.0,46330125.0,24410
2023-05-09 21:02:06,al2305,al2305,18345.0,0.0,0.0,0.0,5,18345.0,18355.0,5,18320.0,18330.0,18385.0,18330.0,505.0,46330125.0,24410
2023-05-09 21:02:07,al2305,al2305,18345.0,0.0,0.0,0.0,5,18345.0,18360.0,5,18320.0,18330.0,18385.0,18330.0,505.0,46330125.0,24410
2023-05-09 21:02:07,al2305,al2305,18345.0,0.0,0.0,0.0,45,18345.0,18360.0,10,18320.0,18330.0,18385.0,18330.0,505.0,46330125.0,24410
2023-05-09 21:02:08,al2305,al2305,18345.0,0.0,0.0,0.0,45,18345.0,18360.0,20,18320.0,18330.0,18385.0,18330.0,505.0,46330125.0,24410
2023-05-09 21:02:10,al2305,al2305,18345.0,0.0,0.0,0.0,10,18345.0,18355.0,5,18320.0,18330.0,18385.0,18330.0,505.0,46330125.0,24410
2023-05-09 21:02:10,al2305,al2305,18345.0,0.0,0.0,0.0,10,18345.0,18355.0,15,18320.0,18330.0,18385.0,18330.0,505.0,46330125.0,24410
2023-05-09 21:02:11,al2305,al2305,18345.0,0.0,0.0,0.0,5,18345.0,18355.0,15,18320.0,18330.0,18385.0,18330.0,505.0,46330125.0,24410
2023-05-09 21:02:12,al2305,al2305,18345.0,0.0,0.0,0.0,5,18345.0,18355.0,5,18320.0,18330.0,18385.0,18330.0,505.0,46330125.0,24410
2023-05-09 21:02:13,al2305,al2305,18345.0,0.0,0.0,0.0,5,18345.0,18360.0,5,18320.0,18330.0,18385.0,18330.0,505.0,46330125.0,24410
2023-05-09 21:02:14,al2305,al2305,18345.0,0.0,0.0,0.0,40,18345.0,18360.0,10,18320.0,18330.0,18385.0,18330.0,505.0,46330125.0,24410
2023-05-09 21:02:14,al2305,al2305,18345.0,0.0,0.0,0.0,15,18345.0,18360.0,10,18320.0,18330.0,18385.0,18330.0,505.0,46330125.0,24410
2023-05-09 21:02:15,al2305,al2305,18345.0,0.0,0.0,0.0,5,18345.0,18360.0,25,18320.0,18330.0,18385.0,18330.0,505.0,46330125.0,24410
2023-05-09 21:02:15,al2305,al2305,18345.0,0.0,0.0,0.0,5,18345.0,18360.0,15,18320.0,18330.0,18385.0,18330.0,505.0,46330125.0,24410
2023-05-09 21:02:16,al2305,al2305,18345.0,0.0,0.0,0.0,15,18345.0,18360.0,10,18320.0,18330.0,18385.0,18330.0,505.0,46330125.0,24410
2023-05-09 21:02:16,al2305,al2305,18345.0,0.0,0.0,0.0,40,18345.0,18360.0,10,18320.0,18330.0,18385.0,18330.0,505.0,46330125.0,24410
2023-05-09 21:02:17,al2305,al2305,18345.0,0.0,0.0,0.0,5,18345.0,18355.0,10,18320.0,18330.0,18385.0,18330.0,505.0,46330125.0,24410
2023-05-09 21:02:17,al2305,al2305,18345.0,5.0,458625.0,0.0,100,18300.0,18345.0,10,18320.0,18330.0,18385.0,18330.0,510.0,46788750.0,24410
2023-05-09 21:02:18,al2305,al2305,18345.0,0.0,0.0,0.0,15,18335.0,18350.0,5,18320.0,18330.0,18385.0,18330.0,510.0,46788750.0,24410
2023-05-09 21:02:18,al2305,al2305,18345.0,0.0,0.0,0.0,35,18335.0,18350.0,15,18320.0,18330.0,18385.0,18330.0,510.0,46788750.0,24410
2023-05-09 21:02:19,al2305,al2305,18345.0,0.0,0.0,0.0,10,18335.0,18350.0,15,18320.0,18330.0,18385.0,18330.0,510.0,46788750.0,24410
2023-05-09 21:02:20,al2305,al2305,18345.0,0.0,0.0,0.0,35,18335.0,18350.0,15,18320.0,18330.0,18385.0,18330.0,510.0,46788750.0,24410
2023-05-09 21:02:21,al2305,al2305,18345.0,0.0,0.0,0.0,10,18335.0,18350.0,15,18320.0,18330.0,18385.0,18330.0,510.0,46788750.0,24410
2023-05-09 21:02:21,al2305,al2305,18345.0,0.0,0.0,0.0,105,18300.0,18345.0,5,18320.0,18330.0,18385.0,18330.0,510.0,46788750.0,24410
2023-05-09 21:02:22,al2305,al2305,18345.0,0.0,0.0,0.0,30,18335.0,18360.0,5,18320.0,18330.0,18385.0,18330.0,510.0,46788750.0,24410
2023-05-09 21:02:22,al2305,al2305,18345.0,0.0,0.0,0.0,35,18335.0,18350.0,10,18320.0,18330.0,18385.0,18330.0,510.0,46788750.0,24410
2023-05-09 21:02:23,al2305,al2305,18345.0,0.0,0.0,0.0,35,18335.0,18350.0,15,18320.0,18330.0,18385.0,18330.0,510.0,46788750.0,24410
2023-05-09 21:02:25,al2305,al2305,18345.0,0.0,0.0,0.0,35,18335.0,18350.0,15,18320.0,18330.0,18385.0,18330.0,510.0,46788750.0,24410
2023-05-09 21:02:26,al2305,al2305,18345.0,0.0,0.0,0.0,5,18335.0,18360.0,5,18320.0,18330.0,18385.0,18330.0,510.0,46788750.0,24410
2023-05-09 21:02:27,al2305,al2305,18345.0,0.0,0.0,0.0,30,18340.0,18355.0,10,18320.0,18330.0,18385.0,18330.0,510.0,46788750.0,24410
2023-05-09 21:02:27,al2305,al2305,18345.0,0.0,0.0,0.0,35,18340.0,18355.0,15,18320.0,18330.0,18385.0,18330.0,510.0,46788750.0,24410
2023-05-09 21:02:31,al2305,al2305,18345.0,0.0,0.0,0.0,30,18340.0,18355.0,15,18320.0,18330.0,18385.0,18330.0,510.0,46788750.0,24410
2023-05-09 21:02:32,al2305,al2305,18345.0,0.0,0.0,0.0,30,18340.0,18355.0,15,18320.0,18330.0,18385.0,18330.0,510.0,46788750.0,24410
2023-05-09 21:02:42,al2305,al2305,18355.0,15.0,1376625.0,-5.0,5,18355.0,18360.0,5,18320.0,18330.0,18385.0,18330.0,525.0,48165375.0,24405
2023-05-09 21:02:42,al2305,al2305,18355.0,5.0,458875.0,0.0,5,18335.0,18350.0,5,18320.0,18330.0,18385.0,18330.0,530.0,48624250.0,24405
2023-05-09 21:02:43,al2305,al2305,18355.0,0.0,0.0,0.0,10,18345.0,18350.0,5,18320.0,18330.0,18385.0,18330.0,530.0,48624250.0,24405
2023-05-09 21:02:43,al2305,al2305,18355.0,0.0,0.0,0.0,10,18345.0,18350.0,5,18320.0,18330.0,18385.0,18330.0,530.0,48624250.0,24405
2023-05-09 21:02:44,al2305,al2305,18355.0,0.0,0.0,0.0,10,18345.0,18360.0,5,18320.0,18330.0,18385.0,18330.0,530.0,48624250.0,24405
2023-05-09 21:02:45,al2305,al2305,18355.0,0.0,0.0,0.0,10,18345.0,18360.0,15,18320.0,18330.0,18385.0,18330.0,530.0,48624250.0,24405
2023-05-09 21:02:46,al2305,al2305,18355.0,0.0,0.0,0.0,10,18345.0,18355.0,5,18320.0,18330.0,18385.0,18330.0,530.0,48624250.0,24405
2023-05-09 21:02:46,al2305,al2305,18355.0,0.0,0.0,0.0,10,18345.0,18355.0,10,18320.0,18330.0,18385.0,18330.0,530.0,48624250.0,24405
2023-05-09 21:03:00,al2305,al2305,18355.0,0.0,0.0,0.0,5,18350.0,18355.0,5,18320.0,18330.0,18385.0,18330.0,530.0,48624250.0,24405
2023-05-09 21:03:00,al2305,al2305,18355.0,0.0,0.0,0.0,10,18350.0,18355.0,5,18320.0,18330.0,18385.0,18330.0,530.0,48624250.0,24405
2023-05-09 21:03:01,al2305,al2305,18355.0,0.0,0.0,0.0,10,18350.0,18360.0,5,18320.0,18330.0,18385.0,18330.0,530.0,48624250.0,24405
2023-05-09 21:03:01,al2305,al2305,18355.0,0.0,0.0,0.0,10,18350.0,18360.0,10,18320.0,18330.0,18385.0,18330.0,530.0,48624250.0,24405
2023-05-09 21:03:02,al2305,al2305,18355.0,0.0,0.0,0.0,10,18350.0,18360.0,15,18320.0,18330.0,18385.0,18330.0,530.0,48624250.0,24405
2023-05-09 21:03:02,al2305,al2305,18355.0,0.0,0.0,0.0,10,18350.0,18360.0,20,18320.0,18330.0,18385.0,18330.0,530.0,48624250.0,24405
2023-05-09 21:03:09,al2305,al2305,18355.0,0.0,0.0,0.0,5,18355.0,18360.0,10,18320.0,18330.0,18385.0,18330.0,530.0,48624250.0,24405
2023-05-09 21:03:09,al2305,al2305,18355.0,0.0,0.0,0.0,5,18335.0,18360.0,15,18320.0,18330.0,18385.0,18330.0,530.0,48624250.0,24405
2023-05-09 21:03:10,al2305,al2305,18355.0,0.0,0.0,0.0,10,18350.0,18360.0,15,18320.0,18330.0,18385.0,18330.0,530.0,48624250.0,24405
2023-05-09 21:03:10,al2305,al2305,18355.0,0.0,0.0,0.0,10,18350.0,18360.0,15,18320.0,18330.0,18385.0,18330.0,530.0,48624250.0,24405
2023-05-09 21:03:16,al2305,al2305,18355.0,0.0,0.0,0.0,5,18355.0,18360.0,10,18320.0,18330.0,18385.0,18330.0,530.0,48624250.0,24405
2023-05-09 21:03:17,al2305,al2305,18355.0,0.0,0.0,0.0,5,18335.0,18360.0,15,18320.0,18330.0,18385.0,18330.0,530.0,48624250.0,24405
2023-05-09 21:03:17,al2305,al2305,18355.0,0.0,0.0,0.0,10,18350.0,18360.0,15,18320.0,18330.0,18385.0,18330.0,530.0,48624250.0,24405
2023-05-09 21:03:18,al2305,al2305,18355.0,0.0,0.0,0.0,15,18350.0,18360.0,15,18320.0,18330.0,18385.0,18330.0,530.0,48624250.0,24405
2023-05-09 21:03:25,al2305,al2305,18355.0,0.0,0.0,0.0,15,18350.0,18355.0,5,18320.0,18330.0,18385.0,18330.0,530.0,48624250.0,24405
2023-05-09 21:03:25,al2305,al2305,18355.0,0.0,0.0,0.0,15,18350.0,18355.0,5,18320.0,18330.0,18385.0,18330.0,530.0,48624250.0,24405
2023-05-09 21:03:26,al2305,al2305,18355.0,0.0,0.0,0.0,5,18350.0,18355.0,5,18320.0,18330.0,18385.0,18330.0,530.0,48624250.0,24405
2023-05-09 21:03:26,al2305,al2305,18355.0,0.0,0.0,0.0,5,18350.0,18355.0,65,18320.0,18330.0,18385.0,18330.0,530.0,48624250.0,24405
2023-05-09 21:03:33,al2305,al2305,18355.0,0.0,0.0,0.0,5,18350.0,18355.0,65,18320.0,18330.0,18385.0,18330.0,530.0,48624250.0,24405
2023-05-09 21:03:35,al2305,al2305,18355.0,0.0,0.0,0.0,50,18310.0,18355.0,65,18320.0,18330.0,18385.0,18330.0,530.0,48624250.0,24405
2023-05-09 21:03:36,al2305,al2305,18355.0,0.0,0.0,0.0,50,18340.0,18355.0,65,18320.0,18330.0,18385.0,18330.0,530.0,48624250.0,24405
2023-05-09 21:03:36,al2305,al2305,18355.0,0.0,0.0,0.0,65,18340.0,18355.0,70,18320.0,18330.0,18385.0,18330.0,530.0,48624250.0,24405
2023-05-09 21:03:37,al2305,al2305,18355.0,0.0,0.0,0.0,10,18345.0,18355.0,65,18320.0,18330.0,18385.0,18330.0,530.0,48624250.0,24405
2023-05-09 21:03:38,al2305,al2305,18355.0,0.0,0.0,0.0,65,18345.0,18355.0,65,18320.0,18330.0,18385.0,18330.0,530.0,48624250.0,24405
2023-05-09 21:03:38,al2305,al2305,18355.0,0.0,0.0,0.0,70,18345.0,18355.0,60,18320.0,18330.0,18385.0,18330.0,530.0,48624250.0,24405
2023-05-09 21:03:39,al2305,al2305,18355.0,0.0,0.0,0.0,20,18345.0,18355.0,60,18320.0,18330.0,18385.0,18330.0,530.0,48624250.0,24405
2023-05-09 21:03:40,al2305,al2305,18355.0,0.0,0.0,0.0,10,18345.0,18355.0,65,18320.0,18330.0,18385.0,18330.0,530.0,48624250.0,24405
2023-05-09 21:03:42,al2305,al2305,18355.0,0.0,0.0,0.0,25,18345.0,18355.0,60,18320.0,18330.0,18385.0,18330.0,530.0,48624250.0,24405
2023-05-09 21:03:43,al2305,al2305,18355.0,0.0,0.0,0.0,20,18345.0,18355.0,60,18320.0,18330.0,18385.0,18330.0,530.0,48624250.0,24405
2023-05-09 21:03:44,al2305,al2305,18355.0,0.0,0.0,0.0,5,18345.0,18355.0,60,18320.0,18330.0,18385.0,18330.0,530.0,48624250.0,24405
2023-05-09 21:03:44,al2305,al2305,18355.0,0.0,0.0,0.0,5,18345.0,18355.0,65,18320.0,18330.0,18385.0,18330.0,530.0,48624250.0,24405
2023-05-09 21:03:46,al2305,al2305,18355.0,0.0,0.0,0.0,50,18310.0,18355.0,65,18320.0,18330.0,18385.0,18330.0,530.0,48624250.0,24405
2023-05-09 21:03:47,al2305,al2305,18355.0,0.0,0.0,0.0,50,18340.0,18355.0,65,18320.0,18330.0,18385.0,18330.0,530.0,48624250.0,24405
2023-05-09 21:03:47,al2305,al2305,18355.0,0.0,0.0,0.0,40,18345.0,18355.0,60,18320.0,18330.0,18385.0,18330.0,530.0,48624250.0,24405
2023-05-09 21:03:48,al2305,al2305,18355.0,0.0,0.0,0.0,10,18345.0,18355.0,60,18320.0,18330.0,18385.0,18330.0,530.0,48624250.0,24405
2023-05-09 21:03:48,al2305,al2305,18355.0,0.0,0.0,0.0,55,18345.0,18355.0,60,18320.0,18330.0,18385.0,18330.0,530.0,48624250.0,24405
2023-05-09 21:03:49,al2305,al2305,18355.0,0.0,0.0,0.0,60,18345.0,18355.0,60,18320.0,18330.0,18385.0,18330.0,530.0,48624250.0,24405
2023-05-09 21:03:51,al2305,al2305,18355.0,0.0,0.0,0.0,55,18310.0,18355.0,60,18320.0,18330.0,18385.0,18330.0,530.0,48624250.0,24405
2023-05-09 21:03:52,al2305,al2305,18355.0,0.0,0.0,0.0,50,18340.0,18355.0,60,18320.0,18330.0,18385.0,18330.0,530.0,48624250.0,24405
2023-05-09 21:03:52,al2305,al2305,18355.0,0.0,0.0,0.0,60,18340.0,18355.0,65,18320.0,18330.0,18385.0,18330.0,530.0,48624250.0,24405
2023-05-09 21:04:02,al2305,al2305,18355.0,0.0,0.0,0.0,55,18310.0,18355.0,70,18320.0,18330.0,18385.0,18330.0,530.0,48624250.0,24405
2023-05-09 21:04:02,al2305,al2305,18355.0,0.0,0.0,0.0,50,18335.0,18355.0,75,18320.0,18330.0,18385.0,18330.0,530.0,48624250.0,24405
2023-05-09 21:04:03,al2305,al2305,18355.0,0.0,0.0,0.0,55,18335.0,18355.0,75,18320.0,18330.0,18385.0,18330.0,530.0,48624250.0,24405
2023-05-09 21:04:04,al2305,al2305,18355.0,0.0,0.0,0.0,5,18340.0,18355.0,65,18320.0,18330.0,18385.0,18330.0,530.0,48624250.0,24405
2023-05-09 21:04:04,al2305,al2305,18355.0,0.0,0.0,0.0,55,18340.0,18355.0,65,18320.0,18330.0,18385.0,18330.0,530.0,48624250.0,24405
2023-05-09 21:04:06,al2305,al2305,18355.0,0.0,0.0,0.0,55,18340.0,18350.0,5,18320.0,18330.0,18385.0,18330.0,530.0,48624250.0,24405
2023-05-09 21:04:07,al2305,al2305,18355.0,0.0,0.0,0.0,55,18340.0,18350.0,5,18320.0,18330.0,18385.0,18330.0,530.0,48624250.0,24405
2023-05-09 21:04:16,al2305,al2305,18355.0,0.0,0.0,0.0,55,18340.0,18350.0,5,18320.0,18330.0,18385.0,18330.0,530.0,48624250.0,24405
2023-05-09 21:04:18,al2305,al2305,18350.0,5.0,458750.0,0.0,15,18350.0,18355.0,60,18320.0,18330.0,18385.0,18330.0,535.0,49083000.0,24405
2023-05-09 21:04:18,al2305,al2305,18350.0,0.0,0.0,0.0,15,18350.0,18355.0,70,18320.0,18330.0,18385.0,18330.0,535.0,49083000.0,24405
2023-05-09 21:04:19,al2305,al2305,18350.0,0.0,0.0,0.0,15,18350.0,18355.0,65,18320.0,18330.0,18385.0,18330.0,535.0,49083000.0,24405
2023-05-09 21:04:19,al2305,al2305,18350.0,0.0,0.0,0.0,15,18350.0,18355.0,65,18320.0,18330.0,18385.0,18330.0,535.0,49083000.0,24405
2023-05-09 21:04:22,al2305,al2305,18350.0,0.0,0.0,0.0,15,18350.0,18355.0,70,18320.0,18330.0,18385.0,18330.0,535.0,49083000.0,24405
2023-05-09 21:04:23,al2305,al2305,18350.0,0.0,0.0,0.0,15,18350.0,18355.0,65,18320.0,18330.0,18385.0,18330.0,535.0,49083000.0,24405
2023-05-09 21:04:40,al2305,al2305,18350.0,0.0,0.0,0.0,15,18350.0,18355.0,60,18320.0,18330.0,18385.0,18330.0,535.0,49083000.0,24405
2023-05-09 21:04:40,al2305,al2305,18350.0,0.0,0.0,0.0,20,18350.0,18355.0,60,18320.0,18330.0,18385.0,18330.0,535.0,49083000.0,24405
2023-05-09 21:04:41,al2305,al2305,18350.0,0.0,0.0,0.0,15,18350.0,18355.0,65,18320.0,18330.0,18385.0,18330.0,535.0,49083000.0,24405
2023-05-09 21:04:49,al2305,al2305,18350.0,0.0,0.0,0.0,15,18350.0,18355.0,65,18320.0,18330.0,18385.0,18330.0,535.0,49083000.0,24405
2023-05-09 21:05:02,al2305,al2305,18350.0,0.0,0.0,0.0,15,18350.0,18355.0,60,18320.0,18330.0,18385.0,18330.0,535.0,49083000.0,24405
2023-05-09 21:05:03,al2305,al2305,18350.0,0.0,0.0,0.0,30,18350.0,18355.0,60,18320.0,18330.0,18385.0,18330.0,535.0,49083000.0,24405
2023-05-09 21:05:03,al2305,al2305,18350.0,0.0,0.0,0.0,15,18350.0,18355.0,65,18320.0,18330.0,18385.0,18330.0,535.0,49083000.0,24405
2023-05-09 21:05:05,al2305,al2305,18350.0,0.0,0.0,0.0,15,18350.0,18355.0,60,18320.0,18330.0,18385.0,18330.0,535.0,49083000.0,24405
2023-05-09 21:05:06,al2305,al2305,18350.0,0.0,0.0,0.0,30,18350.0,18355.0,60,18320.0,18330.0,18385.0,18330.0,535.0,49083000.0,24405
2023-05-09 21:05:07,al2305,al2305,18350.0,0.0,0.0,0.0,15,18350.0,18355.0,60,18320.0,18330.0,18385.0,18330.0,535.0,49083000.0,24405
2023-05-09 21:05:07,al2305,al2305,18340.0,25.0,2293250.0,-20.0,5,18330.0,18340.0,25,18320.0,18330.0,18385.0,18330.0,560.0,51376250.0,24385
2023-05-09 21:05:08,al2305,al2305,18340.0,25.0,2292500.0,-20.0,40,18340.0,18355.0,60,18320.0,18330.0,18385.0,18330.0,585.0,53668750.0,24365
2023-05-09 21:05:08,al2305,al2305,18340.0,0.0,0.0,0.0,45,18340.0,18355.0,75,18320.0,18330.0,18385.0,18330.0,585.0,53668750.0,24365
2023-05-09 21:05:09,al2305,al2305,18340.0,0.0,0.0,0.0,55,18340.0,18355.0,75,18320.0,18330.0,18385.0,18330.0,585.0,53668750.0,24365
2023-05-09 21:05:11,al2305,al2305,18340.0,0.0,0.0,0.0,60,18340.0,18355.0,75,18320.0,18330.0,18385.0,18330.0,585.0,53668750.0,24365
2023-05-09 21:05:15,al2305,al2305,18340.0,0.0,0.0,0.0,5,18345.0,18355.0,60,18320.0,18330.0,18385.0,18330.0,585.0,53668750.0,24365
2023-05-09 21:05:15,al2305,al2305,18340.0,0.0,0.0,0.0,10,18345.0,18355.0,65,18320.0,18330.0,18385.0,18330.0,585.0,53668750.0,24365
2023-05-09 21:05:16,al2305,al2305,18340.0,0.0,0.0,0.0,10,18345.0,18355.0,75,18320.0,18330.0,18385.0,18330.0,585.0,53668750.0,24365
2023-05-09 21:05:20,al2305,al2305,18340.0,0.0,0.0,0.0,15,18345.0,18355.0,60,18320.0,18330.0,18385.0,18330.0,585.0,53668750.0,24365
2023-05-09 21:05:20,al2305,al2305,18340.0,0.0,0.0,0.0,55,18345.0,18355.0,60,18320.0,18330.0,18385.0,18330.0,585.0,53668750.0,24365
2023-05-09 21:05:21,al2305,al2305,18340.0,0.0,0.0,0.0,20,18345.0,18355.0,60,18320.0,18330.0,18385.0,18330.0,585.0,53668750.0,24365
2023-05-09 21:05:22,al2305,al2305,18340.0,0.0,0.0,0.0,55,18345.0,18355.0,60,18320.0,18330.0,18385.0,18330.0,585.0,53668750.0,24365
2023-05-09 21:05:22,al2305,al2305,18340.0,0.0,0.0,0.0,20,18345.0,18355.0,60,18320.0,18330.0,18385.0,18330.0,585.0,53668750.0,24365
2023-05-09 21:05:24,al2305,al2305,18340.0,0.0,0.0,0.0,25,18345.0,18355.0,60,18320.0,18330.0,18385.0,18330.0,585.0,53668750.0,24365
2023-05-09 21:05:24,al2305,al2305,18340.0,0.0,0.0,0.0,20,18345.0,18355.0,60,18320.0,18330.0,18385.0,18330.0,585.0,53668750.0,24365
2023-05-09 21:05:25,al2305,al2305,18340.0,0.0,0.0,0.0,10,18345.0,18355.0,75,18320.0,18330.0,18385.0,18330.0,585.0,53668750.0,24365
2023-05-09 21:05:25,al2305,al2305,18340.0,0.0,0.0,0.0,5,18345.0,18355.0,75,18320.0,18330.0,18385.0,18330.0,585.0,53668750.0,24365
2023-05-09 21:05:27,al2305,al2305,18340.0,0.0,0.0,0.0,5,18345.0,18355.0,60,18320.0,18330.0,18385.0,18330.0,585.0,53668750.0,24365
2023-05-09 21:05:27,al2305,al2305,18340.0,0.0,0.0,0.0,50,18345.0,18355.0,60,18320.0,18330.0,18385.0,18330.0,585.0,53668750.0,24365
2023-05-09 21:05:29,al2305,al2305,18340.0,0.0,0.0,0.0,5,18345.0,18355.0,70,18320.0,18330.0,18385.0,18330.0,585.0,53668750.0,24365
2023-05-09 21:05:29,al2305,al2305,18340.0,0.0,0.0,0.0,5,18345.0,18355.0,75,18320.0,18330.0,18385.0,18330.0,585.0,53668750.0,24365
2023-05-09 21:05:38,al2305,al2305,18340.0,0.0,0.0,0.0,5,18340.0,18350.0,5,18320.0,18330.0,18385.0,18330.0,585.0,53668750.0,24365
2023-05-09 21:05:39,al2305,al2305,18340.0,0.0,0.0,0.0,10,18340.0,18350.0,15,18320.0,18330.0,18385.0,18330.0,585.0,53668750.0,24365
2023-05-09 21:05:39,al2305,al2305,18340.0,0.0,0.0,0.0,55,18340.0,18355.0,60,18320.0,18330.0,18385.0,18330.0,585.0,53668750.0,24365
2023-05-09 21:05:40,al2305,al2305,18340.0,0.0,0.0,0.0,55,18340.0,18350.0,20,18320.0,18330.0,18385.0,18330.0,585.0,53668750.0,24365
2023-05-09 21:05:40,al2305,al2305,18340.0,0.0,0.0,0.0,55,18340.0,18350.0,20,18320.0,18330.0,18385.0,18330.0,585.0,53668750.0,24365
2023-05-09 21:05:41,al2305,al2305,18340.0,0.0,0.0,0.0,10,18340.0,18350.0,30,18320.0,18330.0,18385.0,18330.0,585.0,53668750.0,24365
2023-05-09 21:05:41,al2305,al2305,18340.0,0.0,0.0,0.0,10,18340.0,18350.0,35,18320.0,18330.0,18385.0,18330.0,585.0,53668750.0,24365
2023-05-09 21:05:42,al2305,al2305,18340.0,0.0,0.0,0.0,55,18340.0,18350.0,20,18320.0,18330.0,18385.0,18330.0,585.0,53668750.0,24365
2023-05-09 21:05:54,al2305,al2305,18340.0,0.0,0.0,0.0,10,18340.0,18350.0,30,18320.0,18330.0,18385.0,18330.0,585.0,53668750.0,24365
2023-05-09 21:05:55,al2305,al2305,18340.0,0.0,0.0,0.0,10,18340.0,18350.0,35,18320.0,18330.0,18385.0,18330.0,585.0,53668750.0,24365
2023-05-09 21:05:56,al2305,al2305,18340.0,0.0,0.0,0.0,5,18340.0,18350.0,35,18320.0,18330.0,18385.0,18330.0,585.0,53668750.0,24365
2023-05-09 21:05:57,al2305,al2305,18340.0,0.0,0.0,0.0,10,18340.0,18350.0,20,18320.0,18330.0,18385.0,18330.0,585.0,53668750.0,24365
2023-05-09 21:05:57,al2305,al2305,18340.0,0.0,0.0,0.0,60,18340.0,18350.0,20,18320.0,18330.0,18385.0,18330.0,585.0,53668750.0,24365
2023-05-09 21:06:00,al2305,al2305,18340.0,0.0,0.0,0.0,15,18340.0,18350.0,20,18320.0,18330.0,18385.0,18330.0,585.0,53668750.0,24365
2023-05-09 21:06:00,al2305,al2305,18340.0,0.0,0.0,0.0,5,18340.0,18350.0,35,18320.0,18330.0,18385.0,18330.0,585.0,53668750.0,24365
2023-05-09 21:06:06,al2305,al2305,18340.0,0.0,0.0,0.0,5,18340.0,18350.0,45,18320.0,18330.0,18385.0,18330.0,585.0,53668750.0,24365
2023-05-09 21:06:10,al2305,al2305,18340.0,5.0,458500.0,-5.0,5,18330.0,18350.0,45,18320.0,18330.0,18385.0,18330.0,590.0,54127250.0,24360
2023-05-09 21:06:11,al2305,al2305,18340.0,0.0,0.0,0.0,60,18330.0,18345.0,5,18320.0,18330.0,18385.0,18330.0,590.0,54127250.0,24360
2023-05-09 21:06:11,al2305,al2305,18340.0,0.0,0.0,0.0,60,18330.0,18345.0,15,18320.0,18330.0,18385.0,18330.0,590.0,54127250.0,24360
2023-05-09 21:06:22,al2305,al2305,18340.0,0.0,0.0,0.0,15,18330.0,18345.0,15,18320.0,18330.0,18385.0,18330.0,590.0,54127250.0,24360
2023-05-09 21:06:23,al2305,al2305,18340.0,0.0,0.0,0.0,5,18330.0,18340.0,5,18320.0,18330.0,18385.0,18330.0,590.0,54127250.0,24360
2023-05-09 21:06:23,al2305,al2305,18340.0,0.0,0.0,0.0,5,18330.0,18340.0,15,18320.0,18330.0,18385.0,18330.0,590.0,54127250.0,24360
2023-05-09 21:06:25,al2305,al2305,18340.0,0.0,0.0,0.0,10,18330.0,18350.0,30,18320.0,18330.0,18385.0,18330.0,590.0,54127250.0,24360
2023-05-09 21:06:25,al2305,al2305,18340.0,0.0,0.0,0.0,60,18330.0,18345.0,10,18320.0,18330.0,18385.0,18330.0,590.0,54127250.0,24360
2023-05-09 21:06:26,al2305,al2305,18340.0,0.0,0.0,0.0,60,18330.0,18345.0,15,18320.0,18330.0,18385.0,18330.0,590.0,54127250.0,24360
2023-05-09 21:06:27,al2305,al2305,18340.0,0.0,0.0,0.0,15,18330.0,18345.0,15,18320.0,18330.0,18385.0,18330.0,590.0,54127250.0,24360
2023-05-09 21:06:28,al2305,al2305,18340.0,0.0,0.0,0.0,5,18330.0,18340.0,5,18320.0,18330.0,18385.0,18330.0,590.0,54127250.0,24360
2023-05-09 21:06:28,al2305,al2305,18340.0,0.0,0.0,0.0,15,18330.0,18350.0,30,18320.0,18330.0,18385.0,18330.0,590.0,54127250.0,24360
2023-05-09 21:06:29,al2305,al2305,18340.0,0.0,0.0,0.0,5,18330.0,18340.0,10,18320.0,18330.0,18385.0,18330.0,590.0,54127250.0,24360
2023-05-09 21:06:29,al2305,al2305,18340.0,0.0,0.0,0.0,5,18330.0,18340.0,15,18320.0,18330.0,18385.0,18330.0,590.0,54127250.0,24360
2023-05-09 21:06:31,al2305,al2305,18340.0,0.0,0.0,0.0,50,18310.0,18340.0,15,18320.0,18330.0,18385.0,18330.0,590.0,54127250.0,24360
2023-05-09 21:06:31,al2305,al2305,18340.0,0.0,0.0,0.0,45,18325.0,18340.0,15,18320.0,18330.0,18385.0,18330.0,590.0,54127250.0,24360
2023-05-09 21:06:32,al2305,al2305,18340.0,0.0,0.0,0.0,55,18325.0,18340.0,15,18320.0,18330.0,18385.0,18330.0,590.0,54127250.0,24360
2023-05-09 21:06:47,al2305,al2305,18340.0,0.0,0.0,0.0,50,18325.0,18340.0,15,18320.0,18330.0,18385.0,18330.0,590.0,54127250.0,24360
2023-05-09 21:06:54,al2305,al2305,18340.0,0.0,0.0,0.0,50,18310.0,18335.0,5,18320.0,18330.0,18385.0,18330.0,590.0,54127250.0,24360
2023-05-09 21:06:55,al2305,al2305,18340.0,0.0,0.0,0.0,10,18325.0,18350.0,30,18320.0,18330.0,18385.0,18330.0,590.0,54127250.0,24360
2023-05-09 21:06:55,al2305,al2305,18340.0,0.0,0.0,0.0,50,18325.0,18340.0,10,18320.0,18330.0,18385.0,18330.0,590.0,54127250.0,24360
2023-05-09 21:06:56,al2305,al2305,18340.0,0.0,0.0,0.0,55,18325.0,18340.0,15,18320.0,18330.0,18385.0,18330.0,590.0,54127250.0,24360
2023-05-09 21:07:02,al2305,al2305,18340.0,0.0,0.0,0.0,50,18310.0,18335.0,5,18320.0,18330.0,18385.0,18330.0,590.0,54127250.0,24360
2023-05-09 21:07:03,al2305,al2305,18340.0,0.0,0.0,0.0,10,18325.0,18350.0,30,18320.0,18330.0,18385.0,18330.0,590.0,54127250.0,24360
2023-05-09 21:07:03,al2305,al2305,18340.0,0.0,0.0,0.0,5,18320.0,18340.0,30,18320.0,18330.0,18385.0,18330.0,590.0,54127250.0,24360
2023-05-09 21:07:04,al2305,al2305,18340.0,0.0,0.0,0.0,55,18320.0,18335.0,5,18320.0,18330.0,18385.0,18330.0,590.0,54127250.0,24360
2023-05-09 21:07:04,al2305,al2305,18340.0,0.0,0.0,0.0,40,18325.0,18350.0,30,18320.0,18330.0,18385.0,18330.0,590.0,54127250.0,24360
2023-05-09 21:07:05,al2305,al2305,18340.0,0.0,0.0,0.0,60,18325.0,18340.0,10,18320.0,18330.0,18385.0,18330.0,590.0,54127250.0,24360
2023-05-09 21:07:05,al2305,al2305,18340.0,0.0,0.0,0.0,60,18325.0,18340.0,15,18320.0,18330.0,18385.0,18330.0,590.0,54127250.0,24360
2023-05-09 21:07:06,al2305,al2305,18340.0,0.0,0.0,0.0,50,18310.0,18335.0,5,18320.0,18330.0,18385.0,18330.0,590.0,54127250.0,24360
2023-05-09 21:07:06,al2305,al2305,18340.0,0.0,0.0,0.0,10,18325.0,18350.0,30,18320.0,18330.0,18385.0,18330.0,590.0,54127250.0,24360
2023-05-09 21:07:07,al2305,al2305,18340.0,0.0,0.0,0.0,45,18325.0,18340.0,10,18320.0,18330.0,18385.0,18330.0,590.0,54127250.0,24360
2023-05-09 21:07:07,al2305,al2305,18340.0,0.0,0.0,0.0,60,18325.0,18340.0,15,18320.0,18330.0,18385.0,18330.0,590.0,54127250.0,24360
2023-05-09 21:07:09,al2305,al2305,18340.0,0.0,0.0,0.0,55,18325.0,18340.0,15,18320.0,18330.0,18385.0,18330.0,590.0,54127250.0,24360
2023-05-09 21:07:10,al2305,al2305,18340.0,0.0,0.0,0.0,10,18325.0,18340.0,15,18320.0,18330.0,18385.0,18330.0,590.0,54127250.0,24360
2023-05-09 21:07:10,al2305,al2305,18340.0,0.0,0.0,0.0,50,18310.0,18335.0,5,18320.0,18330.0,18385.0,18330.0,590.0,54127250.0,24360
2023-05-09 21:07:11,al2305,al2305,18340.0,0.0,0.0,0.0,40,18320.0,18335.0,15,18320.0,18330.0,18385.0,18330.0,590.0,54127250.0,24360
2023-05-09 21:07:11,al2305,al2305,18340.0,0.0,0.0,0.0,60,18320.0,18335.0,15,18320.0,18330.0,18385.0,18330.0,590.0,54127250.0,24360
2023-05-09 21:07:18,al2305,al2305,18340.0,0.0,0.0,0.0,55,18320.0,18335.0,15,18320.0,18330.0,18385.0,18330.0,590.0,54127250.0,24360
2023-05-09 21:07:23,al2305,al2305,18340.0,0.0,0.0,0.0,45,18320.0,18345.0,5,18320.0,18330.0,18385.0,18330.0,590.0,54127250.0,24360
2023-05-09 21:07:23,al2305,al2305,18340.0,0.0,0.0,0.0,40,18325.0,18340.0,10,18320.0,18330.0,18385.0,18330.0,590.0,54127250.0,24360
2023-05-09 21:07:24,al2305,al2305,18340.0,0.0,0.0,0.0,55,18325.0,18340.0,15,18320.0,18330.0,18385.0,18330.0,590.0,54127250.0,24360
2023-05-09 21:07:36,al2305,al2305,18340.0,0.0,0.0,0.0,55,18325.0,18335.0,5,18320.0,18330.0,18385.0,18330.0,590.0,54127250.0,24360
2023-05-09 21:07:37,al2305,al2305,18340.0,0.0,0.0,0.0,55,18325.0,18335.0,5,18320.0,18330.0,18385.0,18330.0,590.0,54127250.0,24360
2023-05-09 21:07:38,al2305,al2305,18340.0,0.0,0.0,0.0,55,18325.0,18335.0,5,18320.0,18330.0,18385.0,18330.0,590.0,54127250.0,24360
2023-05-09 21:07:39,al2305,al2305,18340.0,0.0,0.0,0.0,55,18325.0,18340.0,10,18320.0,18330.0,18385.0,18330.0,590.0,54127250.0,24360
2023-05-09 21:07:39,al2305,al2305,18340.0,0.0,0.0,0.0,55,18325.0,18340.0,15,18320.0,18330.0,18385.0,18330.0,590.0,54127250.0,24360
2023-05-09 21:07:41,al2305,al2305,18340.0,0.0,0.0,0.0,100,18300.0,18335.0,5,18320.0,18330.0,18385.0,18330.0,590.0,54127250.0,24360
2023-05-09 21:07:41,al2305,al2305,18340.0,0.0,0.0,0.0,40,18320.0,18335.0,10,18320.0,18330.0,18385.0,18330.0,590.0,54127250.0,24360
2023-05-09 21:07:42,al2305,al2305,18340.0,0.0,0.0,0.0,55,18320.0,18335.0,20,18320.0,18330.0,18385.0,18330.0,590.0,54127250.0,24360
2023-05-09 21:07:45,al2305,al2305,18340.0,0.0,0.0,0.0,20,18320.0,18335.0,5,18320.0,18330.0,18385.0,18330.0,590.0,54127250.0,24360
2023-05-09 21:07:46,al2305,al2305,18340.0,0.0,0.0,0.0,40,18325.0,18335.0,5,18320.0,18330.0,18385.0,18330.0,590.0,54127250.0,24360
2023-05-09 21:07:46,al2305,al2305,18340.0,0.0,0.0,0.0,55,18325.0,18345.0,5,18320.0,18330.0,18385.0,18330.0,590.0,54127250.0,24360
2023-05-09 21:07:47,al2305,al2305,18340.0,0.0,0.0,0.0,55,18325.0,18340.0,10,18320.0,18330.0,18385.0,18330.0,590.0,54127250.0,24360
2023-05-09 21:07:47,al2305,al2305,18340.0,0.0,0.0,0.0,55,18325.0,18340.0,15,18320.0,18330.0,18385.0,18330.0,590.0,54127250.0,24360
2023-05-09 21:07:54,al2305,al2305,18340.0,15.0,1375500.0,10.0,5,18340.0,18345.0,10,18320.0,18330.0,18385.0,18330.0,605.0,55502750.0,24370
2023-05-09 21:07:54,al2305,al2305,18340.0,5.0,458500.0,5.0,5,18320.0,18335.0,5,18320.0,18330.0,18385.0,18330.0,610.0,55961250.0,24375
2023-05-09 21:07:55,al2305,al2305,18340.0,0.0,0.0,0.0,50,18325.0,18335.0,5,18320.0,18330.0,18385.0,18330.0,610.0,55961250.0,24375
2023-05-09 21:07:55,al2305,al2305,18340.0,0.0,0.0,0.0,70,18325.0,18335.0,5,18320.0,18330.0,18385.0,18330.0,610.0,55961250.0,24375
2023-05-09 21:07:56,al2305,al2305,18340.0,0.0,0.0,0.0,70,18325.0,18345.0,10,18320.0,18330.0,18385.0,18330.0,610.0,55961250.0,24375
2023-05-09 21:07:57,al2305,al2305,18340.0,0.0,0.0,0.0,70,18325.0,18345.0,25,18320.0,18330.0,18385.0,18330.0,610.0,55961250.0,24375
2023-05-09 21:07:59,al2305,al2305,18340.0,0.0,0.0,0.0,65,18325.0,18345.0,25,18320.0,18330.0,18385.0,18330.0,610.0,55961250.0,24375
2023-05-09 21:08:06,al2305,al2305,18340.0,0.0,0.0,0.0,10,18330.0,18345.0,5,18320.0,18330.0,18385.0,18330.0,610.0,55961250.0,24375
2023-05-09 21:08:06,al2305,al2305,18340.0,0.0,0.0,0.0,70,18330.0,18350.0,30,18320.0,18330.0,18385.0,18330.0,610.0,55961250.0,24375
2023-05-09 21:08:07,al2305,al2305,18340.0,0.0,0.0,0.0,45,18335.0,18350.0,30,18320.0,18330.0,18385.0,18330.0,610.0,55961250.0,24375
2023-05-09 21:08:07,al2305,al2305,18340.0,0.0,0.0,0.0,65,18335.0,18350.0,30,18320.0,18330.0,18385.0,18330.0,610.0,55961250.0,24375
2023-05-09 21:08:17,al2305,al2305,18340.0,0.0,0.0,0.0,5,18340.0,18350.0,30,18320.0,18330.0,18385.0,18330.0,610.0,55961250.0,24375
2023-05-09 21:08:18,al2305,al2305,18340.0,0.0,0.0,0.0,65,18340.0,18350.0,30,18320.0,18330.0,18385.0,18330.0,610.0,55961250.0,24375
2023-05-09 21:08:19,al2305,al2305,18340.0,0.0,0.0,0.0,5,18330.0,18350.0,30,18320.0,18330.0,18385.0,18330.0,610.0,55961250.0,24375
2023-05-09 21:08:19,al2305,al2305,18340.0,0.0,0.0,0.0,50,18335.0,18350.0,30,18320.0,18330.0,18385.0,18330.0,610.0,55961250.0,24375
2023-05-09 21:08:20,al2305,al2305,18340.0,0.0,0.0,0.0,65,18335.0,18350.0,30,18320.0,18330.0,18385.0,18330.0,610.0,55961250.0,24375
2023-05-09 21:08:21,al2305,al2305,18340.0,0.0,0.0,0.0,30,18335.0,18350.0,30,18320.0,18330.0,18385.0,18330.0,610.0,55961250.0,24375
2023-05-09 21:08:21,al2305,al2305,18340.0,0.0,0.0,0.0,10,18340.0,18350.0,30,18320.0,18330.0,18385.0,18330.0,610.0,55961250.0,24375
2023-05-09 21:08:22,al2305,al2305,18340.0,0.0,0.0,0.0,60,18340.0,18350.0,30,18320.0,18330.0,18385.0,18330.0,610.0,55961250.0,24375
2023-05-09 21:08:22,al2305,al2305,18340.0,0.0,0.0,0.0,65,18340.0,18350.0,30,18320.0,18330.0,18385.0,18330.0,610.0,55961250.0,24375
2023-05-09 21:08:23,al2305,al2305,18340.0,0.0,0.0,0.0,10,18340.0,18350.0,30,18320.0,18330.0,18385.0,18330.0,610.0,55961250.0,24375
2023-05-09 21:08:23,al2305,al2305,18340.0,0.0,0.0,0.0,5,18330.0,18350.0,30,18320.0,18330.0,18385.0,18330.0,610.0,55961250.0,24375
2023-05-09 21:08:24,al2305,al2305,18340.0,0.0,0.0,0.0,50,18335.0,18350.0,30,18320.0,18330.0,18385.0,18330.0,610.0,55961250.0,24375
2023-05-09 21:08:24,al2305,al2305,18340.0,0.0,0.0,0.0,70,18335.0,18350.0,30,18320.0,18330.0,18385.0,18330.0,610.0,55961250.0,24375
2023-05-09 21:08:27,al2305,al2305,18340.0,0.0,0.0,0.0,60,18335.0,18350.0,30,18320.0,18330.0,18385.0,18330.0,610.0,55961250.0,24375
2023-05-09 21:08:27,al2305,al2305,18340.0,0.0,0.0,0.0,45,18340.0,18350.0,30,18320.0,18330.0,18385.0,18330.0,610.0,55961250.0,24375
2023-05-09 21:08:28,al2305,al2305,18340.0,0.0,0.0,0.0,70,18340.0,18350.0,30,18320.0,18330.0,18385.0,18330.0,610.0,55961250.0,24375
2023-05-09 21:08:29,al2305,al2305,18340.0,0.0,0.0,0.0,5,18330.0,18350.0,30,18320.0,18330.0,18385.0,18330.0,610.0,55961250.0,24375
2023-05-09 21:08:29,al2305,al2305,18340.0,0.0,0.0,0.0,50,18335.0,18350.0,30,18320.0,18330.0,18385.0,18330.0,610.0,55961250.0,24375
2023-05-09 21:08:30,al2305,al2305,18340.0,0.0,0.0,0.0,70,18335.0,18350.0,30,18320.0,18330.0,18385.0,18330.0,610.0,55961250.0,24375
2023-05-09 21:08:31,al2305,al2305,18350.0,20.0,1835000.0,0.0,5,18330.0,18350.0,15,18320.0,18330.0,18385.0,18330.0,630.0,57796250.0,24375
2023-05-09 21:08:32,al2305,al2305,18350.0,0.0,0.0,0.0,75,18330.0,18350.0,40,18320.0,18330.0,18385.0,18330.0,630.0,57796250.0,24375
2023-05-09 21:08:42,al2305,al2305,18350.0,0.0,0.0,0.0,80,18330.0,18350.0,40,18320.0,18330.0,18385.0,18330.0,630.0,57796250.0,24375
2023-05-09 21:08:50,al2305,al2305,18350.0,0.0,0.0,0.0,5,18330.0,18345.0,5,18320.0,18330.0,18385.0,18330.0,630.0,57796250.0,24375
2023-05-09 21:08:50,al2305,al2305,18350.0,0.0,0.0,0.0,5,18330.0,18345.0,35,18320.0,18330.0,18385.0,18330.0,630.0,57796250.0,24375
2023-05-09 21:08:59,al2305,al2305,18345.0,35.0,3210375.0,35.0,10,18330.0,18350.0,10,18320.0,18330.0,18385.0,18330.0,665.0,61006625.0,24410
2023-05-09 21:08:59,al2305,al2305,18345.0,0.0,0.0,0.0,20,18330.0,18350.0,100,18320.0,18330.0,18385.0,18330.0,665.0,61006625.0,24410
2023-05-09 21:09:00,al2305,al2305,18345.0,0.0,0.0,0.0,30,18330.0,18350.0,10,18320.0,18330.0,18385.0,18330.0,665.0,61006625.0,24410
2023-05-09 21:09:00,al2305,al2305,18345.0,0.0,0.0,0.0,20,18330.0,18350.0,100,18320.0,18330.0,18385.0,18330.0,665.0,61006625.0,24410
2023-05-09 21:09:01,al2305,al2305,18345.0,0.0,0.0,0.0,15,18335.0,18350.0,10,18320.0,18330.0,18385.0,18330.0,665.0,61006625.0,24410
2023-05-09 21:09:01,al2305,al2305,18345.0,0.0,0.0,0.0,15,18330.0,18350.0,100,18320.0,18330.0,18385.0,18330.0,665.0,61006625.0,24410
2023-05-09 21:09:02,al2305,al2305,18345.0,0.0,0.0,0.0,20,18330.0,18350.0,100,18320.0,18330.0,18385.0,18330.0,665.0,61006625.0,24410
2023-05-09 21:09:03,al2305,al2305,18345.0,0.0,0.0,0.0,5,18335.0,18350.0,10,18320.0,18330.0,18385.0,18330.0,665.0,61006625.0,24410
2023-05-09 21:09:03,al2305,al2305,18345.0,0.0,0.0,0.0,15,18335.0,18350.0,10,18320.0,18330.0,18385.0,18330.0,665.0,61006625.0,24410
2023-05-09 21:09:15,al2305,al2305,18350.0,10.0,917500.0,0.0,25,18350.0,18355.0,60,18320.0,18330.0,18385.0,18330.0,675.0,61924125.0,24410
2023-05-09 21:09:15,al2305,al2305,18350.0,25.0,2293750.0,10.0,5,18335.0,18345.0,5,18320.0,18330.0,18385.0,18330.0,700.0,64217875.0,24420
2023-05-09 21:09:16,al2305,al2305,18350.0,0.0,0.0,0.0,15,18340.0,18345.0,5,18320.0,18330.0,18385.0,18330.0,700.0,64217875.0,24420
2023-05-09 21:09:16,al2305,al2305,18350.0,0.0,0.0,0.0,15,18340.0,18345.0,5,18320.0,18330.0,18385.0,18330.0,700.0,64217875.0,24420
2023-05-09 21:09:17,al2305,al2305,18350.0,0.0,0.0,0.0,5,18335.0,18355.0,60,18320.0,18330.0,18385.0,18330.0,700.0,64217875.0,24420
2023-05-09 21:09:18,al2305,al2305,18350.0,0.0,0.0,0.0,15,18335.0,18355.0,150,18320.0,18330.0,18385.0,18330.0,700.0,64217875.0,24420
2023-05-09 21:09:18,al2305,al2305,18350.0,0.0,0.0,0.0,15,18335.0,18355.0,150,18320.0,18330.0,18385.0,18330.0,700.0,64217875.0,24420
2023-05-09 21:09:19,al2305,al2305,18350.0,0.0,0.0,0.0,20,18335.0,18355.0,150,18320.0,18330.0,18385.0,18330.0,700.0,64217875.0,24420
2023-05-09 21:09:20,al2305,al2305,18350.0,0.0,0.0,0.0,20,18335.0,18355.0,150,18320.0,18330.0,18385.0,18330.0,700.0,64217875.0,24420
2023-05-09 21:09:20,al2305,al2305,18350.0,0.0,0.0,0.0,20,18335.0,18350.0,10,18320.0,18330.0,18385.0,18330.0,700.0,64217875.0,24420
2023-05-09 21:09:21,al2305,al2305,18350.0,0.0,0.0,0.0,20,18335.0,18350.0,10,18320.0,18330.0,18385.0,18330.0,700.0,64217875.0,24420
2023-05-09 21:09:21,al2305,al2305,18350.0,0.0,0.0,0.0,30,18335.0,18350.0,10,18320.0,18330.0,18385.0,18330.0,700.0,64217875.0,24420
2023-05-09 21:09:24,al2305,al2305,18350.0,0.0,0.0,0.0,10,18340.0,18350.0,10,18320.0,18330.0,18385.0,18330.0,700.0,64217875.0,24420
2023-05-09 21:09:24,al2305,al2305,18350.0,0.0,0.0,0.0,30,18340.0,18350.0,10,18320.0,18330.0,18385.0,18330.0,700.0,64217875.0,24420
2023-05-09 21:09:25,al2305,al2305,18350.0,0.0,0.0,0.0,30,18340.0,18355.0,60,18320.0,18330.0,18385.0,18330.0,700.0,64217875.0,24420
2023-05-09 21:09:26,al2305,al2305,18350.0,0.0,0.0,0.0,5,18305.0,18355.0,60,18320.0,18330.0,18385.0,18330.0,700.0,64217875.0,24420
2023-05-09 21:09:26,al2305,al2305,18350.0,0.0,0.0,0.0,25,18335.0,18355.0,85,18320.0,18330.0,18385.0,18330.0,700.0,64217875.0,24420
2023-05-09 21:09:27,al2305,al2305,18350.0,0.0,0.0,0.0,30,18335.0,18355.0,85,18320.0,18330.0,18385.0,18330.0,700.0,64217875.0,24420
2023-05-09 21:09:27,al2305,al2305,18350.0,0.0,0.0,0.0,20,18340.0,18355.0,60,18320.0,18330.0,18385.0,18330.0,700.0,64217875.0,24420
2023-05-09 21:09:28,al2305,al2305,18350.0,0.0,0.0,0.0,30,18340.0,18355.0,60,18320.0,18330.0,18385.0,18330.0,700.0,64217875.0,24420
2023-05-09 21:09:29,al2305,al2305,18350.0,0.0,0.0,0.0,10,18305.0,18355.0,65,18320.0,18330.0,18385.0,18330.0,700.0,64217875.0,24420
2023-05-09 21:09:30,al2305,al2305,18350.0,0.0,0.0,0.0,25,18335.0,18355.0,85,18320.0,18330.0,18385.0,18330.0,700.0,64217875.0,24420
2023-05-09 21:09:30,al2305,al2305,18350.0,0.0,0.0,0.0,25,18335.0,18350.0,10,18320.0,18330.0,18385.0,18330.0,700.0,64217875.0,24420
2023-05-09 21:09:31,al2305,al2305,18350.0,0.0,0.0,0.0,30,18335.0,18350.0,10,18320.0,18330.0,18385.0,18330.0,700.0,64217875.0,24420
2023-05-09 21:09:36,al2305,al2305,18350.0,0.0,0.0,0.0,30,18335.0,18350.0,10,18320.0,18330.0,18385.0,18330.0,700.0,64217875.0,24420
2023-05-09 21:09:49,al2305,al2305,18350.0,0.0,0.0,0.0,30,18335.0,18350.0,5,18320.0,18330.0,18385.0,18330.0,700.0,64217875.0,24420
2023-05-09 21:09:49,al2305,al2305,18350.0,0.0,0.0,0.0,35,18335.0,18350.0,5,18320.0,18330.0,18385.0,18330.0,700.0,64217875.0,24420
2023-05-09 21:09:57,al2305,al2305,18350.0,0.0,0.0,0.0,35,18335.0,18345.0,5,18320.0,18330.0,18385.0,18330.0,700.0,64217875.0,24420
2023-05-09 21:09:58,al2305,al2305,18350.0,0.0,0.0,0.0,40,18335.0,18345.0,5,18320.0,18330.0,18385.0,18330.0,700.0,64217875.0,24420
2023-05-09 21:10:12,al2305,al2305,18350.0,0.0,0.0,0.0,10,18340.0,18345.0,5,18320.0,18330.0,18385.0,18330.0,700.0,64217875.0,24420
2023-05-09 21:10:13,al2305,al2305,18350.0,0.0,0.0,0.0,40,18340.0,18350.0,5,18320.0,18330.0,18385.0,18330.0,700.0,64217875.0,24420
2023-05-09 21:10:13,al2305,al2305,18350.0,0.0,0.0,0.0,40,18340.0,18350.0,10,18320.0,18330.0,18385.0,18330.0,700.0,64217875.0,24420
2023-05-09 21:10:15,al2305,al2305,18350.0,0.0,0.0,0.0,40,18340.0,18350.0,5,18320.0,18330.0,18385.0,18330.0,700.0,64217875.0,24420
2023-05-09 21:10:16,al2305,al2305,18350.0,0.0,0.0,0.0,40,18340.0,18350.0,5,18320.0,18330.0,18385.0,18330.0,700.0,64217875.0,24420
2023-05-09 21:10:23,al2305,al2305,18350.0,0.0,0.0,0.0,10,18345.0,18350.0,5,18320.0,18330.0,18385.0,18330.0,700.0,64217875.0,24420
2023-05-09 21:10:24,al2305,al2305,18350.0,0.0,0.0,0.0,40,18345.0,18350.0,5,18320.0,18330.0,18385.0,18330.0,700.0,64217875.0,24420
2023-05-09 21:10:24,al2305,al2305,18350.0,0.0,0.0,0.0,40,18345.0,18350.0,5,18320.0,18330.0,18385.0,18330.0,700.0,64217875.0,24420
2023-05-09 21:10:25,al2305,al2305,18350.0,0.0,0.0,0.0,40,18345.0,18350.0,5,18320.0,18330.0,18385.0,18330.0,700.0,64217875.0,24420
2023-05-09 21:10:25,al2305,al2305,18350.0,0.0,0.0,0.0,40,18345.0,18355.0,60,18320.0,18330.0,18385.0,18330.0,700.0,64217875.0,24420
2023-05-09 21:10:26,al2305,al2305,18350.0,0.0,0.0,0.0,40,18345.0,18355.0,65,18320.0,18330.0,18385.0,18330.0,700.0,64217875.0,24420
2023-05-09 21:10:30,al2305,al2305,18350.0,0.0,0.0,0.0,40,18345.0,18350.0,5,18320.0,18330.0,18385.0,18330.0,700.0,64217875.0,24420
2023-05-09 21:10:30,al2305,al2305,18350.0,0.0,0.0,0.0,40,18345.0,18355.0,60,18320.0,18330.0,18385.0,18330.0,700.0,64217875.0,24420
2023-05-09 21:10:31,al2305,al2305,18350.0,0.0,0.0,0.0,40,18345.0,18355.0,65,18320.0,18330.0,18385.0,18330.0,700.0,64217875.0,24420
2023-05-09 21:10:33,al2305,al2305,18350.0,0.0,0.0,0.0,40,18345.0,18350.0,35,18320.0,18330.0,18385.0,18330.0,700.0,64217875.0,24420
2023-05-09 21:10:33,al2305,al2305,18350.0,0.0,0.0,0.0,40,18345.0,18350.0,35,18320.0,18330.0,18385.0,18330.0,700.0,64217875.0,24420
2023-05-09 21:10:35,al2305,al2305,18350.0,0.0,0.0,0.0,40,18345.0,18350.0,40,18320.0,18330.0,18385.0,18330.0,700.0,64217875.0,24420
2023-05-09 21:10:35,al2305,al2305,18350.0,0.0,0.0,0.0,40,18345.0,18350.0,35,18320.0,18330.0,18385.0,18330.0,700.0,64217875.0,24420
2023-05-09 21:10:36,al2305,al2305,18350.0,0.0,0.0,0.0,40,18345.0,18350.0,35,18320.0,18330.0,18385.0,18330.0,700.0,64217875.0,24420
2023-05-09 21:10:36,al2305,al2305,18350.0,10.0,917500.0,-10.0,40,18345.0,18350.0,25,18320.0,18330.0,18385.0,18330.0,710.0,65135375.0,24410
2023-05-09 21:10:37,al2305,al2305,18350.0,20.0,1835000.0,-15.0,80,18345.0,18350.0,5,18320.0,18330.0,18385.0,18330.0,730.0,66970375.0,24395
2023-05-09 21:10:37,al2305,al2305,18350.0,5.0,458750.0,-5.0,10,18350.0,18355.0,60,18320.0,18330.0,18385.0,18330.0,735.0,67429125.0,24390
2023-05-09 21:10:38,al2305,al2305,18350.0,0.0,0.0,0.0,25,18350.0,18355.0,65,18320.0,18330.0,18385.0,18330.0,735.0,67429125.0,24390
2023-05-09 21:10:40,al2305,al2305,18350.0,0.0,0.0,0.0,20,18350.0,18355.0,65,18320.0,18330.0,18385.0,18330.0,735.0,67429125.0,24390
2023-05-09 21:11:01,al2305,al2305,18350.0,0.0,0.0,0.0,50,18330.0,18355.0,65,18320.0,18330.0,18385.0,18330.0,735.0,67429125.0,24390
2023-05-09 21:11:02,al2305,al2305,18350.0,0.0,0.0,0.0,5,18345.0,18355.0,70,18320.0,18330.0,18385.0,18330.0,735.0,67429125.0,24390
2023-05-09 21:11:02,al2305,al2305,18350.0,0.0,0.0,0.0,80,18345.0,18355.0,65,18320.0,18330.0,18385.0,18330.0,735.0,67429125.0,24390
2023-05-09 21:11:03,al2305,al2305,18350.0,0.0,0.0,0.0,5,18350.0,18355.0,65,18320.0,18330.0,18385.0,18330.0,735.0,67429125.0,24390
2023-05-09 21:11:03,al2305,al2305,18350.0,0.0,0.0,0.0,20,18350.0,18355.0,65,18320.0,18330.0,18385.0,18330.0,735.0,67429125.0,24390
2023-05-09 21:11:13,al2305,al2305,18350.0,0.0,0.0,0.0,50,18330.0,18355.0,70,18320.0,18330.0,18385.0,18330.0,735.0,67429125.0,24390
2023-05-09 21:11:13,al2305,al2305,18350.0,0.0,0.0,0.0,5,18345.0,18355.0,70,18320.0,18330.0,18385.0,18330.0,735.0,67429125.0,24390
2023-05-09 21:11:14,al2305,al2305,18350.0,0.0,0.0,0.0,20,18345.0,18355.0,70,18320.0,18330.0,18385.0,18330.0,735.0,67429125.0,24390
2023-05-09 21:11:19,al2305,al2305,18350.0,0.0,0.0,0.0,20,18345.0,18355.0,65,18320.0,18330.0,18385.0,18330.0,735.0,67429125.0,24390
2023-05-09 21:11:20,al2305,al2305,18350.0,0.0,0.0,0.0,20,18345.0,18355.0,70,18320.0,18330.0,18385.0,18330.0,735.0,67429125.0,24390
2023-05-09 21:11:20,al2305,al2305,18350.0,0.0,0.0,0.0,85,18345.0,18355.0,65,18320.0,18330.0,18385.0,18330.0,735.0,67429125.0,24390
2023-05-09 21:11:21,al2305,al2305,18350.0,0.0,0.0,0.0,80,18345.0,18355.0,60,18320.0,18330.0,18385.0,18330.0,735.0,67429125.0,24390
2023-05-09 21:11:21,al2305,al2305,18350.0,0.0,0.0,0.0,85,18345.0,18355.0,60,18320.0,18330.0,18385.0,18330.0,735.0,67429125.0,24390
2023-05-09 21:11:24,al2305,al2305,18350.0,0.0,0.0,0.0,80,18345.0,18355.0,60,18320.0,18330.0,18385.0,18330.0,735.0,67429125.0,24390
2023-05-09 21:11:25,al2305,al2305,18350.0,0.0,0.0,0.0,80,18345.0,18355.0,60,18320.0,18330.0,18385.0,18330.0,735.0,67429125.0,24390
2023-05-09 21:11:26,al2305,al2305,18350.0,0.0,0.0,0.0,80,18345.0,18355.0,70,18320.0,18330.0,18385.0,18330.0,735.0,67429125.0,24390
2023-05-09 21:11:27,al2305,al2305,18350.0,0.0,0.0,0.0,15,18345.0,18355.0,80,18320.0,18330.0,18385.0,18330.0,735.0,67429125.0,24390
2023-05-09 21:11:46,al2305,al2305,18350.0,0.0,0.0,0.0,15,18345.0,18350.0,90,18320.0,18330.0,18385.0,18330.0,735.0,67429125.0,24390
2023-05-09 21:11:46,al2305,al2305,18350.0,0.0,0.0,0.0,85,18345.0,18350.0,90,18320.0,18330.0,18385.0,18330.0,735.0,67429125.0,24390
2023-05-09 21:11:47,al2305,al2305,18350.0,35.0,3211250.0,-5.0,85,18345.0,18350.0,55,18320.0,18330.0,18385.0,18330.0,770.0,70640375.0,24385
2023-05-09 21:11:48,al2305,al2305,18350.0,30.0,2752500.0,0.0,85,18345.0,18350.0,25,18320.0,18330.0,18385.0,18330.0,800.0,73392875.0,24385
2023-05-09 21:11:49,al2305,al2305,18350.0,5.0,458750.0,-5.0,80,18345.0,18350.0,20,18320.0,18330.0,18385.0,18330.0,805.0,73851625.0,24380
2023-05-09 21:11:51,al2305,al2305,18350.0,0.0,0.0,0.0,75,18345.0,18350.0,20,18320.0,18330.0,18385.0,18330.0,805.0,73851625.0,24380
2023-05-09 21:11:51,al2305,al2305,18350.0,5.0,458750.0,-5.0,70,18345.0,18350.0,15,18320.0,18330.0,18385.0,18330.0,810.0,74310375.0,24375
2023-05-09 21:11:53,al2305,al2305,18350.0,5.0,458750.0,0.0,70,18345.0,18350.0,10,18320.0,18330.0,18385.0,18330.0,815.0,74769125.0,24375
2023-05-09 21:11:56,al2305,al2305,18350.0,0.0,0.0,0.0,65,18345.0,18350.0,10,18320.0,18330.0,18385.0,18330.0,815.0,74769125.0,24375
2023-05-09 21:12:05,al2305,al2305,18350.0,5.0,458750.0,-5.0,65,18345.0,18350.0,5,18320.0,18330.0,18385.0,18330.0,820.0,75227875.0,24370
2023-05-09 21:12:08,al2305,al2305,18350.0,0.0,0.0,0.0,25,18345.0,18350.0,5,18320.0,18330.0,18385.0,18330.0,820.0,75227875.0,24370
2023-05-09 21:12:08,al2305,al2305,18350.0,5.0,458750.0,-5.0,60,18350.0,18355.0,15,18320.0,18330.0,18385.0,18330.0,825.0,75686625.0,24365
2023-05-09 21:12:09,al2305,al2305,18350.0,0.0,0.0,0.0,50,18350.0,18355.0,10,18320.0,18330.0,18385.0,18330.0,825.0,75686625.0,24365
2023-05-09 21:12:09,al2305,al2305,18350.0,0.0,0.0,0.0,60,18350.0,18355.0,10,18320.0,18330.0,18385.0,18330.0,825.0,75686625.0,24365
2023-05-09 21:12:12,al2305,al2305,18350.0,0.0,0.0,0.0,60,18350.0,18360.0,10,18320.0,18330.0,18385.0,18330.0,825.0,75686625.0,24365
2023-05-09 21:12:13,al2305,al2305,18350.0,0.0,0.0,0.0,60,18350.0,18360.0,15,18320.0,18330.0,18385.0,18330.0,825.0,75686625.0,24365
2023-05-09 21:12:16,al2305,al2305,18350.0,0.0,0.0,0.0,60,18350.0,18360.0,10,18320.0,18330.0,18385.0,18330.0,825.0,75686625.0,24365
2023-05-09 21:12:19,al2305,al2305,18350.0,0.0,0.0,0.0,25,18350.0,18360.0,10,18320.0,18330.0,18385.0,18330.0,825.0,75686625.0,24365
2023-05-09 21:12:20,al2305,al2305,18350.0,0.0,0.0,0.0,40,18355.0,18360.0,10,18320.0,18330.0,18385.0,18330.0,825.0,75686625.0,24365
2023-05-09 21:12:20,al2305,al2305,18350.0,0.0,0.0,0.0,60,18355.0,18360.0,10,18320.0,18330.0,18385.0,18330.0,825.0,75686625.0,24365
2023-05-09 21:12:23,al2305,al2305,18350.0,0.0,0.0,0.0,5,18355.0,18360.0,15,18320.0,18330.0,18385.0,18330.0,825.0,75686625.0,24365
2023-05-09 21:12:23,al2305,al2305,18350.0,0.0,0.0,0.0,15,18355.0,18360.0,10,18320.0,18330.0,18385.0,18330.0,825.0,75686625.0,24365
2023-05-09 21:12:24,al2305,al2305,18350.0,0.0,0.0,0.0,60,18355.0,18360.0,10,18320.0,18330.0,18385.0,18330.0,825.0,75686625.0,24365
2023-05-09 21:12:29,al2305,al2305,18350.0,10.0,917500.0,-10.0,50,18355.0,18360.0,10,18320.0,18330.0,18385.0,18330.0,835.0,76604125.0,24355
2023-05-09 21:12:34,al2305,al2305,18350.0,0.0,0.0,0.0,50,18355.0,18360.0,10,18320.0,18330.0,18385.0,18330.0,835.0,76604125.0,24355
2023-05-09 21:12:45,al2305,al2305,18350.0,0.0,0.0,0.0,5,18335.0,18360.0,15,18320.0,18330.0,18385.0,18330.0,835.0,76604125.0,24355
2023-05-09 21:12:46,al2305,al2305,18350.0,0.0,0.0,0.0,35,18350.0,18360.0,15,18320.0,18330.0,18385.0,18330.0,835.0,76604125.0,24355
2023-05-09 21:12:46,al2305,al2305,18350.0,0.0,0.0,0.0,50,18350.0,18360.0,15,18320.0,18330.0,18385.0,18330.0,835.0,76604125.0,24355
2023-05-09 21:12:48,al2305,al2305,18350.0,0.0,0.0,0.0,45,18350.0,18360.0,10,18320.0,18330.0,18385.0,18330.0,835.0,76604125.0,24355
2023-05-09 21:12:49,al2305,al2305,18350.0,0.0,0.0,0.0,30,18355.0,18360.0,10,18320.0,18330.0,18385.0,18330.0,835.0,76604125.0,24355
2023-05-09 21:12:49,al2305,al2305,18350.0,0.0,0.0,0.0,50,18355.0,18360.0,10,18320.0,18330.0,18385.0,18330.0,835.0,76604125.0,24355
2023-05-09 21:12:50,al2305,al2305,18350.0,0.0,0.0,0.0,5,18335.0,18360.0,15,18320.0,18330.0,18385.0,18330.0,835.0,76604125.0,24355
2023-05-09 21:12:50,al2305,al2305,18350.0,0.0,0.0,0.0,35,18350.0,18360.0,15,18320.0,18330.0,18385.0,18330.0,835.0,76604125.0,24355
2023-05-09 21:12:51,al2305,al2305,18350.0,0.0,0.0,0.0,50,18350.0,18360.0,10,18320.0,18330.0,18385.0,18330.0,835.0,76604125.0,24355
2023-05-09 21:12:51,al2305,al2305,18350.0,0.0,0.0,0.0,30,18355.0,18360.0,10,18320.0,18330.0,18385.0,18330.0,835.0,76604125.0,24355
2023-05-09 21:12:52,al2305,al2305,18350.0,0.0,0.0,0.0,50,18355.0,18360.0,10,18320.0,18330.0,18385.0,18330.0,835.0,76604125.0,24355
2023-05-09 21:12:54,al2305,al2305,18350.0,0.0,0.0,0.0,5,18335.0,18360.0,15,18320.0,18330.0,18385.0,18330.0,835.0,76604125.0,24355
2023-05-09 21:12:55,al2305,al2305,18350.0,0.0,0.0,0.0,35,18350.0,18360.0,15,18320.0,18330.0,18385.0,18330.0,835.0,76604125.0,24355
2023-05-09 21:12:55,al2305,al2305,18350.0,0.0,0.0,0.0,50,18350.0,18360.0,15,18320.0,18330.0,18385.0,18330.0,835.0,76604125.0,24355
2023-05-09 21:13:00,al2305,al2305,18350.0,0.0,0.0,0.0,30,18350.0,18360.0,15,18320.0,18330.0,18385.0,18330.0,835.0,76604125.0,24355
2023-05-09 21:13:01,al2305,al2305,18350.0,0.0,0.0,0.0,50,18350.0,18360.0,10,18320.0,18330.0,18385.0,18330.0,835.0,76604125.0,24355
2023-05-09 21:13:01,al2305,al2305,18350.0,0.0,0.0,0.0,50,18350.0,18360.0,15,18320.0,18330.0,18385.0,18330.0,835.0,76604125.0,24355
2023-05-09 21:13:02,al2305,al2305,18350.0,0.0,0.0,0.0,50,18350.0,18360.0,20,18320.0,18330.0,18385.0,18330.0,835.0,76604125.0,24355
2023-05-09 21:13:05,al2305,al2305,18350.0,0.0,0.0,0.0,5,18335.0,18360.0,20,18320.0,18330.0,18385.0,18330.0,835.0,76604125.0,24355
2023-05-09 21:13:06,al2305,al2305,18350.0,0.0,0.0,0.0,30,18345.0,18355.0,5,18320.0,18330.0,18385.0,18330.0,835.0,76604125.0,24355
2023-05-09 21:13:06,al2305,al2305,18350.0,0.0,0.0,0.0,50,18345.0,18355.0,10,18320.0,18330.0,18385.0,18330.0,835.0,76604125.0,24355
2023-05-09 21:13:08,al2305,al2305,18350.0,0.0,0.0,0.0,50,18345.0,18355.0,5,18320.0,18330.0,18385.0,18330.0,835.0,76604125.0,24355
2023-05-09 21:13:08,al2305,al2305,18350.0,0.0,0.0,0.0,55,18345.0,18355.0,5,18320.0,18330.0,18385.0,18330.0,835.0,76604125.0,24355
2023-05-09 21:13:11,al2305,al2305,18350.0,0.0,0.0,0.0,30,18345.0,18360.0,10,18320.0,18330.0,18385.0,18330.0,835.0,76604125.0,24355
2023-05-09 21:13:11,al2305,al2305,18350.0,0.0,0.0,0.0,30,18350.0,18360.0,20,18320.0,18330.0,18385.0,18330.0,835.0,76604125.0,24355
2023-05-09 21:13:12,al2305,al2305,18350.0,0.0,0.0,0.0,55,18350.0,18360.0,20,18320.0,18330.0,18385.0,18330.0,835.0,76604125.0,24355
2023-05-09 21:13:13,al2305,al2305,18350.0,0.0,0.0,0.0,5,18345.0,18360.0,20,18320.0,18330.0,18385.0,18330.0,835.0,76604125.0,24355
2023-05-09 21:13:13,al2305,al2305,18350.0,0.0,0.0,0.0,55,18345.0,18355.0,5,18320.0,18330.0,18385.0,18330.0,835.0,76604125.0,24355
2023-05-09 21:13:14,al2305,al2305,18350.0,0.0,0.0,0.0,55,18345.0,18355.0,5,18320.0,18330.0,18385.0,18330.0,835.0,76604125.0,24355
2023-05-09 21:13:16,al2305,al2305,18350.0,0.0,0.0,0.0,55,18345.0,18355.0,10,18320.0,18330.0,18385.0,18330.0,835.0,76604125.0,24355
2023-05-09 21:13:25,al2305,al2305,18350.0,0.0,0.0,0.0,50,18345.0,18355.0,5,18320.0,18330.0,18385.0,18330.0,835.0,76604125.0,24355
2023-05-09 21:13:25,al2305,al2305,18350.0,0.0,0.0,0.0,30,18350.0,18360.0,10,18320.0,18330.0,18385.0,18330.0,835.0,76604125.0,24355
2023-05-09 21:13:26,al2305,al2305,18350.0,0.0,0.0,0.0,50,18350.0,18360.0,20,18320.0,18330.0,18385.0,18330.0,835.0,76604125.0,24355
2023-05-09 21:13:40,al2305,al2305,18350.0,0.0,0.0,0.0,50,18350.0,18360.0,15,18320.0,18330.0,18385.0,18330.0,835.0,76604125.0,24355
2023-05-09 21:13:42,al2305,al2305,18350.0,0.0,0.0,0.0,30,18350.0,18360.0,10,18320.0,18330.0,18385.0,18330.0,835.0,76604125.0,24355
2023-05-09 21:13:42,al2305,al2305,18350.0,0.0,0.0,0.0,50,18350.0,18360.0,15,18320.0,18330.0,18385.0,18330.0,835.0,76604125.0,24355
2023-05-09 21:13:43,al2305,al2305,18350.0,0.0,0.0,0.0,45,18350.0,18360.0,10,18320.0,18330.0,18385.0,18330.0,835.0,76604125.0,24355
2023-05-09 21:13:44,al2305,al2305,18350.0,0.0,0.0,0.0,30,18355.0,18360.0,10,18320.0,18330.0,18385.0,18330.0,835.0,76604125.0,24355
2023-05-09 21:13:44,al2305,al2305,18350.0,0.0,0.0,0.0,50,18355.0,18360.0,10,18320.0,18330.0,18385.0,18330.0,835.0,76604125.0,24355
2023-05-09 21:13:54,al2305,al2305,18350.0,0.0,0.0,0.0,50,18355.0,18395.0,10,18320.0,18330.0,18385.0,18330.0,835.0,76604125.0,24355
2023-05-09 21:13:54,al2305,al2305,18350.0,0.0,0.0,0.0,50,18355.0,18365.0,5,18320.0,18330.0,18385.0,18330.0,835.0,76604125.0,24355
2023-05-09 21:13:55,al2305,al2305,18350.0,0.0,0.0,0.0,50,18355.0,18365.0,10,18320.0,18330.0,18385.0,18330.0,835.0,76604125.0,24355
2023-05-09 21:14:01,al2305,al2305,18350.0,0.0,0.0,0.0,5,18350.0,18365.0,10,18320.0,18330.0,18385.0,18330.0,835.0,76604125.0,24355
2023-05-09 21:14:01,al2305,al2305,18350.0,0.0,0.0,0.0,50,18350.0,18360.0,5,18320.0,18330.0,18385.0,18330.0,835.0,76604125.0,24355
2023-05-09 21:14:02,al2305,al2305,18350.0,0.0,0.0,0.0,5,18355.0,18400.0,260,18320.0,18330.0,18385.0,18330.0,835.0,76604125.0,24355
2023-05-09 21:14:02,al2305,al2305,18350.0,0.0,0.0,0.0,45,18355.0,18365.0,5,18320.0,18330.0,18385.0,18330.0,835.0,76604125.0,24355
2023-05-09 21:14:03,al2305,al2305,18350.0,0.0,0.0,0.0,5,18335.0,18365.0,15,18320.0,18330.0,18385.0,18330.0,835.0,76604125.0,24355
2023-05-09 21:14:03,al2305,al2305,18350.0,0.0,0.0,0.0,35,18350.0,18365.0,10,18320.0,18330.0,18385.0,18330.0,835.0,76604125.0,24355
2023-05-09 21:14:04,al2305,al2305,18350.0,0.0,0.0,0.0,55,18350.0,18360.0,5,18320.0,18330.0,18385.0,18330.0,835.0,76604125.0,24355
2023-05-09 21:14:04,al2305,al2305,18350.0,0.0,0.0,0.0,55,18350.0,18360.0,5,18320.0,18330.0,18385.0,18330.0,835.0,76604125.0,24355
2023-05-09 21:14:07,al2305,al2305,18350.0,0.0,0.0,0.0,55,18350.0,18355.0,5,18320.0,18330.0,18385.0,18330.0,835.0,76604125.0,24355
2023-05-09 21:14:07,al2305,al2305,18350.0,0.0,0.0,0.0,55,18350.0,18360.0,5,18320.0,18330.0,18385.0,18330.0,835.0,76604125.0,24355
2023-05-09 21:14:08,al2305,al2305,18350.0,0.0,0.0,0.0,55,18350.0,18360.0,10,18320.0,18330.0,18385.0,18330.0,835.0,76604125.0,24355
2023-05-09 21:14:08,al2305,al2305,18350.0,0.0,0.0,0.0,55,18350.0,18360.0,10,18320.0,18330.0,18385.0,18330.0,835.0,76604125.0,24355
2023-05-09 21:14:27,al2305,al2305,18350.0,0.0,0.0,0.0,55,18350.0,18360.0,10,18320.0,18330.0,18385.0,18330.0,835.0,76604125.0,24355
2023-05-09 21:14:32,al2305,al2305,18350.0,0.0,0.0,0.0,50,18350.0,18360.0,5,18320.0,18330.0,18385.0,18330.0,835.0,76604125.0,24355
2023-05-09 21:14:32,al2305,al2305,18350.0,0.0,0.0,0.0,30,18355.0,18360.0,5,18320.0,18330.0,18385.0,18330.0,835.0,76604125.0,24355
2023-05-09 21:14:33,al2305,al2305,18350.0,0.0,0.0,0.0,55,18355.0,18390.0,10,18320.0,18330.0,18385.0,18330.0,835.0,76604125.0,24355
2023-05-09 21:14:33,al2305,al2305,18350.0,0.0,0.0,0.0,55,18355.0,18365.0,5,18320.0,18330.0,18385.0,18330.0,835.0,76604125.0,24355
2023-05-09 21:14:34,al2305,al2305,18350.0,0.0,0.0,0.0,55,18355.0,18365.0,10,18320.0,18330.0,18385.0,18330.0,835.0,76604125.0,24355
2023-05-09 21:14:36,al2305,al2305,18350.0,0.0,0.0,0.0,55,18355.0,18360.0,5,18320.0,18330.0,18385.0,18330.0,835.0,76604125.0,24355
2023-05-09 21:14:37,al2305,al2305,18350.0,0.0,0.0,0.0,55,18355.0,18365.0,5,18320.0,18330.0,18385.0,18330.0,835.0,76604125.0,24355
2023-05-09 21:14:37,al2305,al2305,18350.0,0.0,0.0,0.0,55,18355.0,18365.0,10,18320.0,18330.0,18385.0,18330.0,835.0,76604125.0,24355
2023-05-09 21:14:38,al2305,al2305,18350.0,0.0,0.0,0.0,55,18355.0,18360.0,5,18320.0,18330.0,18385.0,18330.0,835.0,76604125.0,24355
2023-05-09 21:14:38,al2305,al2305,18350.0,0.0,0.0,0.0,55,18355.0,18365.0,5,18320.0,18330.0,18385.0,18330.0,835.0,76604125.0,24355
2023-05-09 21:14:39,al2305,al2305,18350.0,0.0,0.0,0.0,55,18355.0,18365.0,10,18320.0,18330.0,18385.0,18330.0,835.0,76604125.0,24355
2023-05-09 21:14:39,al2305,al2305,18350.0,0.0,0.0,0.0,55,18355.0,18360.0,5,18320.0,18330.0,18385.0,18330.0,835.0,76604125.0,24355
2023-05-09 21:14:40,al2305,al2305,18350.0,0.0,0.0,0.0,55,18355.0,18365.0,5,18320.0,18330.0,18385.0,18330.0,835.0,76604125.0,24355
2023-05-09 21:14:40,al2305,al2305,18350.0,0.0,0.0,0.0,55,18355.0,18365.0,10,18320.0,18330.0,18385.0,18330.0,835.0,76604125.0,24355
2023-05-09 21:14:41,al2305,al2305,18350.0,0.0,0.0,0.0,50,18355.0,18360.0,5,18320.0,18330.0,18385.0,18330.0,835.0,76604125.0,24355
2023-05-09 21:14:41,al2305,al2305,18350.0,0.0,0.0,0.0,5,18335.0,18360.0,5,18320.0,18330.0,18385.0,18330.0,835.0,76604125.0,24355
2023-05-09 21:14:42,al2305,al2305,18350.0,0.0,0.0,0.0,35,18350.0,18360.0,10,18320.0,18330.0,18385.0,18330.0,835.0,76604125.0,24355
2023-05-09 21:14:42,al2305,al2305,18350.0,0.0,0.0,0.0,55,18350.0,18360.0,10,18320.0,18330.0,18385.0,18330.0,835.0,76604125.0,24355
2023-05-09 21:15:05,al2305,al2305,18350.0,0.0,0.0,0.0,25,18350.0,18370.0,5,18320.0,18330.0,18385.0,18330.0,835.0,76604125.0,24355
2023-05-09 21:15:05,al2305,al2305,18350.0,0.0,0.0,0.0,35,18355.0,18365.0,10,18320.0,18330.0,18385.0,18330.0,835.0,76604125.0,24355
2023-05-09 21:15:06,al2305,al2305,18350.0,0.0,0.0,0.0,55,18355.0,18365.0,10,18320.0,18330.0,18385.0,18330.0,835.0,76604125.0,24355
2023-05-09 21:15:07,al2305,al2305,18350.0,0.0,0.0,0.0,5,18355.0,18365.0,10,18320.0,18330.0,18385.0,18330.0,835.0,76604125.0,24355
2023-05-09 21:15:08,al2305,al2305,18350.0,0.0,0.0,0.0,55,18355.0,18365.0,10,18320.0,18330.0,18385.0,18330.0,835.0,76604125.0,24355
2023-05-09 21:15:26,al2305,al2305,18350.0,0.0,0.0,0.0,25,18355.0,18390.0,10,18320.0,18330.0,18385.0,18330.0,835.0,76604125.0,24355
2023-05-09 21:15:27,al2305,al2305,18350.0,0.0,0.0,0.0,35,18360.0,18370.0,5,18320.0,18330.0,18385.0,18330.0,835.0,76604125.0,24355
2023-05-09 21:15:27,al2305,al2305,18350.0,0.0,0.0,0.0,55,18360.0,18370.0,10,18320.0,18330.0,18385.0,18330.0,835.0,76604125.0,24355
2023-05-09 21:15:44,al2305,al2305,18350.0,0.0,0.0,0.0,25,18360.0,18370.0,5,18320.0,18330.0,18385.0,18330.0,835.0,76604125.0,24355
2023-05-09 21:15:45,al2305,al2305,18350.0,0.0,0.0,0.0,35,18365.0,18370.0,5,18320.0,18330.0,18385.0,18330.0,835.0,76604125.0,24355
2023-05-09 21:15:45,al2305,al2305,18350.0,0.0,0.0,0.0,55,18365.0,18390.0,10,18320.0,18330.0,18385.0,18330.0,835.0,76604125.0,24355
2023-05-09 21:15:46,al2305,al2305,18350.0,0.0,0.0,0.0,55,18365.0,18375.0,5,18320.0,18330.0,18385.0,18330.0,835.0,76604125.0,24355
2023-05-09 21:15:46,al2305,al2305,18350.0,0.0,0.0,0.0,55,18365.0,18375.0,10,18320.0,18330.0,18385.0,18330.0,835.0,76604125.0,24355
2023-05-09 21:15:48,al2305,al2305,18350.0,0.0,0.0,0.0,25,18365.0,18375.0,5,18320.0,18330.0,18385.0,18330.0,835.0,76604125.0,24355
2023-05-09 21:15:49,al2305,al2305,18350.0,0.0,0.0,0.0,35,18370.0,18375.0,5,18320.0,18330.0,18385.0,18330.0,835.0,76604125.0,24355
2023-05-09 21:15:49,al2305,al2305,18350.0,0.0,0.0,0.0,55,18370.0,18390.0,10,18320.0,18330.0,18385.0,18330.0,835.0,76604125.0,24355
2023-05-09 21:15:50,al2305,al2305,18350.0,0.0,0.0,0.0,55,18370.0,18380.0,5,18320.0,18330.0,18385.0,18330.0,835.0,76604125.0,24355
2023-05-09 21:15:50,al2305,al2305,18350.0,0.0,0.0,0.0,55,18370.0,18380.0,10,18320.0,18330.0,18385.0,18330.0,835.0,76604125.0,24355
2023-05-09 21:16:03,al2305,al2305,18350.0,0.0,0.0,0.0,5,18335.0,18380.0,10,18320.0,18330.0,18385.0,18330.0,835.0,76604125.0,24355
2023-05-09 21:16:03,al2305,al2305,18350.0,0.0,0.0,0.0,35,18365.0,18375.0,10,18320.0,18330.0,18385.0,18330.0,835.0,76604125.0,24355
2023-05-09 21:16:04,al2305,al2305,18350.0,0.0,0.0,0.0,55,18365.0,18375.0,10,18320.0,18330.0,18385.0,18330.0,835.0,76604125.0,24355
2023-05-09 21:16:05,al2305,al2305,18350.0,0.0,0.0,0.0,25,18365.0,18375.0,5,18320.0,18330.0,18385.0,18330.0,835.0,76604125.0,24355
2023-05-09 21:16:05,al2305,al2305,18350.0,0.0,0.0,0.0,35,18370.0,18375.0,5,18320.0,18330.0,18385.0,18330.0,835.0,76604125.0,24355
2023-05-09 21:16:06,al2305,al2305,18350.0,0.0,0.0,0.0,55,18370.0,18375.0,5,18320.0,18330.0,18385.0,18330.0,835.0,76604125.0,24355
2023-05-09 21:16:07,al2305,al2305,18350.0,0.0,0.0,0.0,55,18370.0,18390.0,10,18320.0,18330.0,18385.0,18330.0,835.0,76604125.0,24355
2023-05-09 21:16:07,al2305,al2305,18350.0,0.0,0.0,0.0,55,18370.0,18380.0,5,18320.0,18330.0,18385.0,18330.0,835.0,76604125.0,24355
2023-05-09 21:16:08,al2305,al2305,18350.0,0.0,0.0,0.0,55,18370.0,18380.0,10,18320.0,18330.0,18385.0,18330.0,835.0,76604125.0,24355
2023-05-09 21:16:25,al2305,al2305,18370.0,15.0,1377750.0,-15.0,40,18370.0,18380.0,10,18320.0,18330.0,18385.0,18330.0,850.0,77981875.0,24340
2023-05-09 21:16:26,al2305,al2305,18370.0,0.0,0.0,0.0,40,18370.0,18380.0,15,18320.0,18330.0,18385.0,18330.0,850.0,77981875.0,24340
2023-05-09 21:16:29,al2305,al2305,18370.0,0.0,0.0,0.0,40,18370.0,18375.0,5,18320.0,18330.0,18385.0,18330.0,850.0,77981875.0,24340
2023-05-09 21:16:30,al2305,al2305,18370.0,0.0,0.0,0.0,40,18370.0,18375.0,5,18320.0,18330.0,18385.0,18330.0,850.0,77981875.0,24340
2023-05-09 21:16:31,al2305,al2305,18370.0,0.0,0.0,0.0,40,18370.0,18380.0,10,18320.0,18330.0,18385.0,18330.0,850.0,77981875.0,24340
2023-05-09 21:16:31,al2305,al2305,18370.0,0.0,0.0,0.0,40,18370.0,18380.0,15,18320.0,18330.0,18385.0,18330.0,850.0,77981875.0,24340
2023-05-09 21:16:32,al2305,al2305,18370.0,0.0,0.0,0.0,40,18370.0,18375.0,5,18320.0,18330.0,18385.0,18330.0,850.0,77981875.0,24340
2023-05-09 21:16:35,al2305,al2305,18370.0,0.0,0.0,0.0,40,18370.0,18380.0,10,18320.0,18330.0,18385.0,18330.0,850.0,77981875.0,24340
2023-05-09 21:16:35,al2305,al2305,18370.0,0.0,0.0,0.0,40,18370.0,18380.0,15,18320.0,18330.0,18385.0,18330.0,850.0,77981875.0,24340
2023-05-09 21:16:43,al2305,al2305,18370.0,0.0,0.0,0.0,25,18370.0,18380.0,5,18320.0,18330.0,18385.0,18330.0,850.0,77981875.0,24340
2023-05-09 21:16:43,al2305,al2305,18370.0,0.0,0.0,0.0,40,18370.0,18380.0,15,18320.0,18330.0,18385.0,18330.0,850.0,77981875.0,24340
2023-05-09 21:16:47,al2305,al2305,18370.0,0.0,0.0,0.0,40,18370.0,18375.0,5,18320.0,18330.0,18385.0,18330.0,850.0,77981875.0,24340
2023-05-09 21:16:47,al2305,al2305,18370.0,0.0,0.0,0.0,45,18370.0,18380.0,10,18320.0,18330.0,18385.0,18330.0,850.0,77981875.0,24340
2023-05-09 21:16:48,al2305,al2305,18370.0,0.0,0.0,0.0,45,18370.0,18380.0,15,18320.0,18330.0,18385.0,18330.0,850.0,77981875.0,24340
2023-05-09 21:16:58,al2305,al2305,18370.0,0.0,0.0,0.0,45,18370.0,18375.0,5,18320.0,18330.0,18385.0,18330.0,850.0,77981875.0,24340
2023-05-09 21:16:58,al2305,al2305,18370.0,0.0,0.0,0.0,45,18370.0,18380.0,10,18320.0,18330.0,18385.0,18330.0,850.0,77981875.0,24340
2023-05-09 21:16:59,al2305,al2305,18370.0,0.0,0.0,0.0,45,18370.0,18375.0,5,18320.0,18330.0,18385.0,18330.0,850.0,77981875.0,24340
2023-05-09 21:16:59,al2305,al2305,18370.0,0.0,0.0,0.0,45,18370.0,18380.0,10,18320.0,18330.0,18385.0,18330.0,850.0,77981875.0,24340
2023-05-09 21:17:00,al2305,al2305,18370.0,0.0,0.0,0.0,45,18370.0,18375.0,5,18320.0,18330.0,18385.0,18330.0,850.0,77981875.0,24340
2023-05-09 21:17:00,al2305,al2305,18370.0,0.0,0.0,0.0,45,18370.0,18380.0,10,18320.0,18330.0,18385.0,18330.0,850.0,77981875.0,24340
2023-05-09 21:17:01,al2305,al2305,18370.0,0.0,0.0,0.0,45,18370.0,18380.0,15,18320.0,18330.0,18385.0,18330.0,850.0,77981875.0,24340
2023-05-09 21:17:01,al2305,al2305,18370.0,0.0,0.0,0.0,45,18370.0,18375.0,5,18320.0,18330.0,18385.0,18330.0,850.0,77981875.0,24340
2023-05-09 21:17:02,al2305,al2305,18370.0,0.0,0.0,0.0,10,18335.0,18375.0,10,18320.0,18330.0,18385.0,18330.0,850.0,77981875.0,24340
2023-05-09 21:17:03,al2305,al2305,18370.0,0.0,0.0,0.0,25,18365.0,18375.0,15,18320.0,18330.0,18385.0,18330.0,850.0,77981875.0,24340
2023-05-09 21:17:03,al2305,al2305,18370.0,0.0,0.0,0.0,45,18365.0,18375.0,15,18320.0,18330.0,18385.0,18330.0,850.0,77981875.0,24340
2023-05-09 21:17:11,al2305,al2305,18370.0,0.0,0.0,0.0,45,18365.0,18375.0,5,18320.0,18330.0,18385.0,18330.0,850.0,77981875.0,24340
2023-05-09 21:17:11,al2305,al2305,18370.0,0.0,0.0,0.0,25,18370.0,18375.0,5,18320.0,18330.0,18385.0,18330.0,850.0,77981875.0,24340
2023-05-09 21:17:12,al2305,al2305,18370.0,0.0,0.0,0.0,45,18370.0,18390.0,10,18320.0,18330.0,18385.0,18330.0,850.0,77981875.0,24340
2023-05-09 21:17:12,al2305,al2305,18370.0,0.0,0.0,0.0,45,18370.0,18380.0,10,18320.0,18330.0,18385.0,18330.0,850.0,77981875.0,24340
2023-05-09 21:17:13,al2305,al2305,18370.0,0.0,0.0,0.0,45,18370.0,18380.0,15,18320.0,18330.0,18385.0,18330.0,850.0,77981875.0,24340
2023-05-09 21:17:32,al2305,al2305,18370.0,0.0,0.0,0.0,45,18370.0,18375.0,5,18320.0,18330.0,18385.0,18330.0,850.0,77981875.0,24340
2023-05-09 21:17:32,al2305,al2305,18370.0,0.0,0.0,0.0,10,18335.0,18375.0,10,18320.0,18330.0,18385.0,18330.0,850.0,77981875.0,24340
2023-05-09 21:17:33,al2305,al2305,18370.0,0.0,0.0,0.0,25,18365.0,18375.0,15,18320.0,18330.0,18385.0,18330.0,850.0,77981875.0,24340
2023-05-09 21:17:33,al2305,al2305,18370.0,0.0,0.0,0.0,45,18365.0,18375.0,15,18320.0,18330.0,18385.0,18330.0,850.0,77981875.0,24340
2023-05-09 21:17:34,al2305,al2305,18370.0,0.0,0.0,0.0,25,18370.0,18375.0,5,18320.0,18330.0,18385.0,18330.0,850.0,77981875.0,24340
2023-05-09 21:17:34,al2305,al2305,18370.0,0.0,0.0,0.0,45,18370.0,18375.0,5,18320.0,18330.0,18385.0,18330.0,850.0,77981875.0,24340
2023-05-09 21:17:35,al2305,al2305,18370.0,0.0,0.0,0.0,45,18370.0,18385.0,5,18320.0,18330.0,18385.0,18330.0,850.0,77981875.0,24340
2023-05-09 21:17:35,al2305,al2305,18370.0,0.0,0.0,0.0,45,18370.0,18380.0,15,18320.0,18330.0,18385.0,18330.0,850.0,77981875.0,24340
2023-05-09 21:17:43,al2305,al2305,18370.0,0.0,0.0,0.0,10,18335.0,18375.0,5,18320.0,18330.0,18385.0,18330.0,850.0,77981875.0,24340
2023-05-09 21:17:44,al2305,al2305,18370.0,0.0,0.0,0.0,25,18365.0,18375.0,15,18320.0,18330.0,18385.0,18330.0,850.0,77981875.0,24340
2023-05-09 21:17:44,al2305,al2305,18370.0,0.0,0.0,0.0,45,18365.0,18375.0,15,18320.0,18330.0,18385.0,18330.0,850.0,77981875.0,24340
2023-05-09 21:17:45,al2305,al2305,18370.0,0.0,0.0,0.0,25,18365.0,18375.0,5,18320.0,18330.0,18385.0,18330.0,850.0,77981875.0,24340
2023-05-09 21:17:46,al2305,al2305,18370.0,0.0,0.0,0.0,45,18365.0,18375.0,5,18320.0,18330.0,18385.0,18330.0,850.0,77981875.0,24340
2023-05-09 21:17:46,al2305,al2305,18370.0,0.0,0.0,0.0,45,18365.0,18375.0,15,18320.0,18330.0,18385.0,18330.0,850.0,77981875.0,24340
2023-05-09 21:17:52,al2305,al2305,18370.0,0.0,0.0,0.0,25,18365.0,18375.0,5,18320.0,18330.0,18385.0,18330.0,850.0,77981875.0,24340
2023-05-09 21:17:53,al2305,al2305,18370.0,0.0,0.0,0.0,45,18365.0,18375.0,5,18320.0,18330.0,18385.0,18330.0,850.0,77981875.0,24340
2023-05-09 21:17:53,al2305,al2305,18370.0,0.0,0.0,0.0,45,18365.0,18375.0,15,18320.0,18330.0,18385.0,18330.0,850.0,77981875.0,24340
2023-05-09 21:18:04,al2305,al2305,18370.0,0.0,0.0,0.0,45,18365.0,18370.0,40,18320.0,18330.0,18385.0,18330.0,850.0,77981875.0,24340
2023-05-09 21:18:05,al2305,al2305,18370.0,0.0,0.0,0.0,45,18365.0,18370.0,40,18320.0,18330.0,18385.0,18330.0,850.0,77981875.0,24340
2023-05-09 21:18:11,al2305,al2305,18370.0,0.0,0.0,0.0,45,18365.0,18370.0,45,18320.0,18330.0,18385.0,18330.0,850.0,77981875.0,24340
2023-05-09 21:18:17,al2305,al2305,18370.0,0.0,0.0,0.0,5,18335.0,18370.0,50,18320.0,18330.0,18385.0,18330.0,850.0,77981875.0,24340
2023-05-09 21:18:18,al2305,al2305,18370.0,0.0,0.0,0.0,25,18360.0,18370.0,55,18320.0,18330.0,18385.0,18330.0,850.0,77981875.0,24340
2023-05-09 21:18:18,al2305,al2305,18370.0,0.0,0.0,0.0,45,18360.0,18370.0,55,18320.0,18330.0,18385.0,18330.0,850.0,77981875.0,24340
2023-05-09 21:18:35,al2305,al2305,18370.0,0.0,0.0,0.0,45,18360.0,18370.0,45,18320.0,18330.0,18385.0,18330.0,850.0,77981875.0,24340
2023-05-09 21:18:35,al2305,al2305,18370.0,0.0,0.0,0.0,25,18365.0,18370.0,45,18320.0,18330.0,18385.0,18330.0,850.0,77981875.0,24340
2023-05-09 21:18:36,al2305,al2305,18370.0,0.0,0.0,0.0,45,18365.0,18370.0,45,18320.0,18330.0,18385.0,18330.0,850.0,77981875.0,24340
2023-05-09 21:18:37,al2305,al2305,18370.0,0.0,0.0,0.0,5,18335.0,18370.0,45,18320.0,18330.0,18385.0,18330.0,850.0,77981875.0,24340
2023-05-09 21:18:38,al2305,al2305,18370.0,0.0,0.0,0.0,25,18365.0,18370.0,45,18320.0,18330.0,18385.0,18330.0,850.0,77981875.0,24340
2023-05-09 21:18:38,al2305,al2305,18370.0,0.0,0.0,0.0,45,18365.0,18370.0,45,18320.0,18330.0,18385.0,18330.0,850.0,77981875.0,24340
2023-05-09 21:18:43,al2305,al2305,18370.0,0.0,0.0,0.0,5,18335.0,18370.0,45,18320.0,18330.0,18385.0,18330.0,850.0,77981875.0,24340
2023-05-09 21:18:44,al2305,al2305,18370.0,0.0,0.0,0.0,25,18360.0,18370.0,45,18320.0,18330.0,18385.0,18330.0,850.0,77981875.0,24340
2023-05-09 21:18:44,al2305,al2305,18370.0,0.0,0.0,0.0,45,18360.0,18370.0,55,18320.0,18330.0,18385.0,18330.0,850.0,77981875.0,24340
2023-05-09 21:18:48,al2305,al2305,18370.0,0.0,0.0,0.0,45,18360.0,18370.0,45,18320.0,18330.0,18385.0,18330.0,850.0,77981875.0,24340
2023-05-09 21:18:49,al2305,al2305,18370.0,0.0,0.0,0.0,25,18365.0,18370.0,45,18320.0,18330.0,18385.0,18330.0,850.0,77981875.0,24340
2023-05-09 21:18:49,al2305,al2305,18370.0,0.0,0.0,0.0,45,18365.0,18370.0,45,18320.0,18330.0,18385.0,18330.0,850.0,77981875.0,24340
2023-05-09 21:18:50,al2305,al2305,18370.0,0.0,0.0,0.0,5,18335.0,18370.0,55,18320.0,18330.0,18385.0,18330.0,850.0,77981875.0,24340
2023-05-09 21:18:50,al2305,al2305,18370.0,0.0,0.0,0.0,25,18360.0,18370.0,55,18320.0,18330.0,18385.0,18330.0,850.0,77981875.0,24340
2023-05-09 21:18:51,al2305,al2305,18370.0,0.0,0.0,0.0,45,18360.0,18370.0,55,18320.0,18330.0,18385.0,18330.0,850.0,77981875.0,24340
2023-05-09 21:19:16,al2305,al2305,18370.0,0.0,0.0,0.0,45,18360.0,18365.0,5,18320.0,18330.0,18385.0,18330.0,850.0,77981875.0,24340
2023-05-09 21:19:17,al2305,al2305,18370.0,0.0,0.0,0.0,45,18360.0,18370.0,50,18320.0,18330.0,18385.0,18330.0,850.0,77981875.0,24340
2023-05-09 21:19:18,al2305,al2305,18370.0,0.0,0.0,0.0,45,18360.0,18370.0,55,18320.0,18330.0,18385.0,18330.0,850.0,77981875.0,24340
2023-05-09 21:19:19,al2305,al2305,18370.0,0.0,0.0,0.0,25,18360.0,18370.0,45,18320.0,18330.0,18385.0,18330.0,850.0,77981875.0,24340
2023-05-09 21:19:20,al2305,al2305,18370.0,0.0,0.0,0.0,25,18365.0,18370.0,45,18320.0,18330.0,18385.0,18330.0,850.0,77981875.0,24340
2023-05-09 21:19:20,al2305,al2305,18370.0,0.0,0.0,0.0,45,18365.0,18370.0,45,18320.0,18330.0,18385.0,18330.0,850.0,77981875.0,24340
2023-05-09 21:19:21,al2305,al2305,18370.0,0.0,0.0,0.0,5,18335.0,18370.0,55,18320.0,18330.0,18385.0,18330.0,850.0,77981875.0,24340
2023-05-09 21:19:21,al2305,al2305,18370.0,0.0,0.0,0.0,25,18360.0,18370.0,55,18320.0,18330.0,18385.0,18330.0,850.0,77981875.0,24340
2023-05-09 21:19:22,al2305,al2305,18370.0,0.0,0.0,0.0,45,18360.0,18370.0,55,18320.0,18330.0,18385.0,18330.0,850.0,77981875.0,24340
2023-05-09 21:19:24,al2305,al2305,18370.0,0.0,0.0,0.0,45,18360.0,18365.0,5,18320.0,18330.0,18385.0,18330.0,850.0,77981875.0,24340
2023-05-09 21:19:24,al2305,al2305,18370.0,0.0,0.0,0.0,45,18360.0,18370.0,50,18320.0,18330.0,18385.0,18330.0,850.0,77981875.0,24340
2023-05-09 21:19:25,al2305,al2305,18370.0,0.0,0.0,0.0,45,18360.0,18370.0,55,18320.0,18330.0,18385.0,18330.0,850.0,77981875.0,24340
2023-05-09 21:19:28,al2305,al2305,18370.0,0.0,0.0,0.0,45,18360.0,18365.0,5,18320.0,18330.0,18385.0,18330.0,850.0,77981875.0,24340
2023-05-09 21:19:31,al2305,al2305,18370.0,0.0,0.0,0.0,45,18360.0,18370.0,50,18320.0,18330.0,18385.0,18330.0,850.0,77981875.0,24340
2023-05-09 21:19:32,al2305,al2305,18370.0,0.0,0.0,0.0,45,18360.0,18365.0,5,18320.0,18330.0,18385.0,18330.0,850.0,77981875.0,24340
2023-05-09 21:19:41,al2305,al2305,18370.0,0.0,0.0,0.0,45,18360.0,18370.0,50,18320.0,18330.0,18385.0,18330.0,850.0,77981875.0,24340
2023-05-09 21:19:42,al2305,al2305,18370.0,0.0,0.0,0.0,25,18365.0,18370.0,45,18320.0,18330.0,18385.0,18330.0,850.0,77981875.0,24340
2023-05-09 21:19:42,al2305,al2305,18370.0,0.0,0.0,0.0,45,18365.0,18370.0,45,18320.0,18330.0,18385.0,18330.0,850.0,77981875.0,24340
2023-05-09 21:19:51,al2305,al2305,18365.0,40.0,3673000.0,-40.0,5,18365.0,18370.0,5,18320.0,18330.0,18385.0,18330.0,890.0,81654875.0,24300
2023-05-09 21:19:51,al2305,al2305,18365.0,0.0,0.0,0.0,5,18335.0,18370.0,15,18320.0,18330.0,18385.0,18330.0,890.0,81654875.0,24300
2023-05-09 21:19:52,al2305,al2305,18365.0,0.0,0.0,0.0,65,18355.0,18370.0,15,18320.0,18330.0,18385.0,18330.0,890.0,81654875.0,24300
2023-05-09 21:19:52,al2305,al2305,18365.0,0.0,0.0,0.0,85,18355.0,18370.0,15,18320.0,18330.0,18385.0,18330.0,890.0,81654875.0,24300
2023-05-09 21:19:55,al2305,al2305,18365.0,0.0,0.0,0.0,5,18360.0,18370.0,5,18320.0,18330.0,18385.0,18330.0,890.0,81654875.0,24300
2023-05-09 21:19:55,al2305,al2305,18365.0,0.0,0.0,0.0,85,18360.0,18370.0,5,18320.0,18330.0,18385.0,18330.0,890.0,81654875.0,24300
2023-05-09 21:19:59,al2305,al2305,18365.0,0.0,0.0,0.0,80,18360.0,18370.0,5,18320.0,18330.0,18385.0,18330.0,890.0,81654875.0,24300
2023-05-09 21:20:07,al2305,al2305,18365.0,0.0,0.0,0.0,80,18360.0,18390.0,10,18320.0,18330.0,18385.0,18330.0,890.0,81654875.0,24300
2023-05-09 21:20:07,al2305,al2305,18365.0,0.0,0.0,0.0,80,18360.0,18375.0,10,18320.0,18330.0,18385.0,18330.0,890.0,81654875.0,24300
2023-05-09 21:20:08,al2305,al2305,18365.0,0.0,0.0,0.0,80,18360.0,18375.0,15,18320.0,18330.0,18385.0,18330.0,890.0,81654875.0,24300
2023-05-09 21:20:10,al2305,al2305,18365.0,0.0,0.0,0.0,25,18360.0,18375.0,5,18320.0,18330.0,18385.0,18330.0,890.0,81654875.0,24300
2023-05-09 21:20:10,al2305,al2305,18365.0,0.0,0.0,0.0,60,18365.0,18375.0,5,18320.0,18330.0,18385.0,18330.0,890.0,81654875.0,24300
2023-05-09 21:20:11,al2305,al2305,18365.0,0.0,0.0,0.0,80,18365.0,18375.0,5,18320.0,18330.0,18385.0,18330.0,890.0,81654875.0,24300
2023-05-09 21:20:12,al2305,al2305,18365.0,0.0,0.0,0.0,80,18365.0,18390.0,10,18320.0,18330.0,18385.0,18330.0,890.0,81654875.0,24300
2023-05-09 21:20:13,al2305,al2305,18365.0,0.0,0.0,0.0,80,18365.0,18380.0,10,18320.0,18330.0,18385.0,18330.0,890.0,81654875.0,24300
2023-05-09 21:20:13,al2305,al2305,18365.0,0.0,0.0,0.0,80,18365.0,18380.0,15,18320.0,18330.0,18385.0,18330.0,890.0,81654875.0,24300
2023-05-09 21:20:15,al2305,al2305,18365.0,0.0,0.0,0.0,80,18365.0,18375.0,5,18320.0,18330.0,18385.0,18330.0,890.0,81654875.0,24300
2023-05-09 21:20:17,al2305,al2305,18365.0,70.0,6427750.0,0.0,10,18365.0,18375.0,5,18320.0,18330.0,18385.0,18330.0,960.0,88082625.0,24300
2023-05-09 21:20:17,al2305,al2305,18365.0,0.0,0.0,0.0,5,18335.0,18375.0,5,18320.0,18330.0,18385.0,18330.0,960.0,88082625.0,24300
2023-05-09 21:20:18,al2305,al2305,18365.0,0.0,0.0,0.0,35,18355.0,18375.0,10,18320.0,18330.0,18385.0,18330.0,960.0,88082625.0,24300
2023-05-09 21:20:18,al2305,al2305,18365.0,0.0,0.0,0.0,45,18355.0,18375.0,15,18320.0,18330.0,18385.0,18330.0,960.0,88082625.0,24300
2023-05-09 21:20:20,al2305,al2305,18365.0,0.0,0.0,0.0,5,18360.0,18375.0,15,18320.0,18330.0,18385.0,18330.0,960.0,88082625.0,24300
2023-05-09 21:20:20,al2305,al2305,18365.0,0.0,0.0,0.0,10,18360.0,18375.0,15,18320.0,18330.0,18385.0,18330.0,960.0,88082625.0,24300
2023-05-09 21:20:21,al2305,al2305,18365.0,0.0,0.0,0.0,15,18360.0,18375.0,15,18320.0,18330.0,18385.0,18330.0,960.0,88082625.0,24300
2023-05-09 21:20:21,al2305,al2305,18365.0,0.0,0.0,0.0,20,18360.0,18375.0,15,18320.0,18330.0,18385.0,18330.0,960.0,88082625.0,24300
2023-05-09 21:20:35,al2305,al2305,18365.0,0.0,0.0,0.0,20,18360.0,18375.0,15,18320.0,18330.0,18385.0,18330.0,960.0,88082625.0,24300
2023-05-09 21:20:43,al2305,al2305,18365.0,0.0,0.0,0.0,25,18360.0,18375.0,5,18320.0,18330.0,18385.0,18330.0,960.0,88082625.0,24300
2023-05-09 21:20:43,al2305,al2305,18365.0,0.0,0.0,0.0,65,18360.0,18375.0,5,18320.0,18330.0,18385.0,18330.0,960.0,88082625.0,24300
2023-05-09 21:20:55,al2305,al2305,18365.0,0.0,0.0,0.0,20,18360.0,18375.0,20,18320.0,18330.0,18385.0,18330.0,960.0,88082625.0,24300
2023-05-09 21:21:06,al2305,al2305,18365.0,0.0,0.0,0.0,10,18360.0,18370.0,10,18320.0,18330.0,18385.0,18330.0,960.0,88082625.0,24300
2023-05-09 21:21:06,al2305,al2305,18365.0,0.0,0.0,0.0,50,18330.0,18370.0,20,18320.0,18330.0,18385.0,18330.0,960.0,88082625.0,24300
2023-05-09 21:21:07,al2305,al2305,18365.0,0.0,0.0,0.0,45,18350.0,18370.0,20,18320.0,18330.0,18385.0,18330.0,960.0,88082625.0,24300
2023-05-09 21:21:07,al2305,al2305,18365.0,0.0,0.0,0.0,50,18350.0,18370.0,20,18320.0,18330.0,18385.0,18330.0,960.0,88082625.0,24300
2023-05-09 21:21:09,al2305,al2305,18365.0,0.0,0.0,0.0,55,18350.0,18370.0,20,18320.0,18330.0,18385.0,18330.0,960.0,88082625.0,24300
2023-05-09 21:21:16,al2305,al2305,18365.0,0.0,0.0,0.0,55,18350.0,18365.0,5,18320.0,18330.0,18385.0,18330.0,960.0,88082625.0,24300
2023-05-09 21:21:16,al2305,al2305,18365.0,0.0,0.0,0.0,60,18350.0,18365.0,5,18320.0,18330.0,18385.0,18330.0,960.0,88082625.0,24300
2023-05-09 21:21:33,al2305,al2305,18365.0,0.0,0.0,0.0,60,18350.0,18365.0,5,18320.0,18330.0,18385.0,18330.0,960.0,88082625.0,24300
2023-05-09 21:21:34,al2305,al2305,18365.0,0.0,0.0,0.0,20,18350.0,18365.0,10,18320.0,18330.0,18385.0,18330.0,960.0,88082625.0,24300
2023-05-09 21:21:34,al2305,al2305,18365.0,0.0,0.0,0.0,20,18350.0,18365.0,15,18320.0,18330.0,18385.0,18330.0,960.0,88082625.0,24300
2023-05-09 21:21:35,al2305,al2305,18365.0,0.0,0.0,0.0,20,18350.0,18365.0,20,18320.0,18330.0,18385.0,18330.0,960.0,88082625.0,24300
2023-05-09 21:21:47,al2305,al2305,18365.0,0.0,0.0,0.0,15,18350.0,18365.0,20,18320.0,18330.0,18385.0,18330.0,960.0,88082625.0,24300
2023-05-09 21:21:52,al2305,al2305,18365.0,0.0,0.0,0.0,5,18350.0,18365.0,20,18320.0,18330.0,18385.0,18330.0,960.0,88082625.0,24300
2023-05-09 21:21:52,al2305,al2305,18365.0,0.0,0.0,0.0,5,18350.0,18360.0,10,18320.0,18330.0,18385.0,18330.0,960.0,88082625.0,24300
2023-05-09 21:21:53,al2305,al2305,18365.0,0.0,0.0,0.0,5,18350.0,18360.0,20,18320.0,18330.0,18385.0,18330.0,960.0,88082625.0,24300
2023-05-09 21:21:57,al2305,al2305,18365.0,0.0,0.0,0.0,5,18350.0,18360.0,5,18320.0,18330.0,18385.0,18330.0,960.0,88082625.0,24300
2023-05-09 21:21:57,al2305,al2305,18365.0,0.0,0.0,0.0,20,18350.0,18360.0,5,18320.0,18330.0,18385.0,18330.0,960.0,88082625.0,24300
2023-05-09 21:21:58,al2305,al2305,18365.0,0.0,0.0,0.0,20,18350.0,18390.0,10,18320.0,18330.0,18385.0,18330.0,960.0,88082625.0,24300
2023-05-09 21:21:59,al2305,al2305,18365.0,0.0,0.0,0.0,20,18350.0,18365.0,15,18320.0,18330.0,18385.0,18330.0,960.0,88082625.0,24300
2023-05-09 21:21:59,al2305,al2305,18365.0,0.0,0.0,0.0,20,18350.0,18365.0,20,18320.0,18330.0,18385.0,18330.0,960.0,88082625.0,24300
2023-05-09 21:22:01,al2305,al2305,18365.0,0.0,0.0,0.0,20,18350.0,18360.0,5,18320.0,18330.0,18385.0,18330.0,960.0,88082625.0,24300
2023-05-09 21:22:03,al2305,al2305,18365.0,0.0,0.0,0.0,20,18350.0,18365.0,15,18320.0,18330.0,18385.0,18330.0,960.0,88082625.0,24300
2023-05-09 21:22:03,al2305,al2305,18365.0,0.0,0.0,0.0,20,18350.0,18365.0,20,18320.0,18330.0,18385.0,18330.0,960.0,88082625.0,24300
2023-05-09 21:22:11,al2305,al2305,18365.0,0.0,0.0,0.0,20,18350.0,18365.0,30,18320.0,18330.0,18385.0,18330.0,960.0,88082625.0,24300
2023-05-09 21:22:16,al2305,al2305,18365.0,0.0,0.0,0.0,20,18350.0,18360.0,5,18320.0,18330.0,18385.0,18330.0,960.0,88082625.0,24300
2023-05-09 21:22:16,al2305,al2305,18365.0,0.0,0.0,0.0,20,18350.0,18365.0,25,18320.0,18330.0,18385.0,18330.0,960.0,88082625.0,24300
2023-05-09 21:22:17,al2305,al2305,18365.0,0.0,0.0,0.0,20,18350.0,18365.0,30,18320.0,18330.0,18385.0,18330.0,960.0,88082625.0,24300
2023-05-09 21:22:31,al2305,al2305,18365.0,0.0,0.0,0.0,20,18350.0,18360.0,5,18320.0,18330.0,18385.0,18330.0,960.0,88082625.0,24300
2023-05-09 21:22:32,al2305,al2305,18365.0,0.0,0.0,0.0,20,18350.0,18360.0,5,18320.0,18330.0,18385.0,18330.0,960.0,88082625.0,24300
2023-05-09 21:22:36,al2305,al2305,18365.0,0.0,0.0,0.0,20,18350.0,18360.0,5,18320.0,18330.0,18385.0,18330.0,960.0,88082625.0,24300
2023-05-09 21:22:45,al2305,al2305,18365.0,0.0,0.0,0.0,5,18350.0,18360.0,15,18320.0,18330.0,18385.0,18330.0,960.0,88082625.0,24300
2023-05-09 21:22:46,al2305,al2305,18365.0,0.0,0.0,0.0,5,18350.0,18360.0,20,18320.0,18330.0,18385.0,18330.0,960.0,88082625.0,24300
2023-05-09 21:22:52,al2305,al2305,18365.0,0.0,0.0,0.0,5,18350.0,18360.0,15,18320.0,18330.0,18385.0,18330.0,960.0,88082625.0,24300
2023-05-09 21:23:36,al2305,al2305,18350.0,5.0,458750.0,0.0,5,18335.0,18355.0,5,18320.0,18330.0,18385.0,18330.0,965.0,88541375.0,24300
2023-05-09 21:23:36,al2305,al2305,18350.0,0.0,0.0,0.0,50,18335.0,18355.0,15,18320.0,18330.0,18385.0,18330.0,965.0,88541375.0,24300
2023-05-09 21:23:37,al2305,al2305,18350.0,0.0,0.0,0.0,50,18335.0,18355.0,15,18320.0,18330.0,18385.0,18330.0,965.0,88541375.0,24300
2023-05-09 21:23:37,al2305,al2305,18350.0,0.0,0.0,0.0,50,18335.0,18355.0,15,18320.0,18330.0,18385.0,18330.0,965.0,88541375.0,24300
2023-05-09 21:23:38,al2305,al2305,18350.0,0.0,0.0,0.0,5,18340.0,18355.0,15,18320.0,18330.0,18385.0,18330.0,965.0,88541375.0,24300
2023-05-09 21:23:38,al2305,al2305,18350.0,0.0,0.0,0.0,20,18340.0,18355.0,15,18320.0,18330.0,18385.0,18330.0,965.0,88541375.0,24300
2023-05-09 21:23:58,al2305,al2305,18350.0,0.0,0.0,0.0,20,18340.0,18355.0,10,18320.0,18330.0,18385.0,18330.0,965.0,88541375.0,24300
2023-05-09 21:23:59,al2305,al2305,18350.0,0.0,0.0,0.0,5,18345.0,18365.0,10,18320.0,18330.0,18385.0,18330.0,965.0,88541375.0,24300
2023-05-09 21:23:59,al2305,al2305,18350.0,0.0,0.0,0.0,20,18345.0,18360.0,15,18320.0,18330.0,18385.0,18330.0,965.0,88541375.0,24300
2023-05-09 21:24:00,al2305,al2305,18350.0,0.0,0.0,0.0,20,18345.0,18360.0,15,18320.0,18330.0,18385.0,18330.0,965.0,88541375.0,24300
2023-05-09 21:24:00,al2305,al2305,18350.0,0.0,0.0,0.0,20,18345.0,18360.0,15,18320.0,18330.0,18385.0,18330.0,965.0,88541375.0,24300
2023-05-09 21:24:03,al2305,al2305,18350.0,0.0,0.0,0.0,5,18335.0,18360.0,15,18320.0,18330.0,18385.0,18330.0,965.0,88541375.0,24300
2023-05-09 21:24:03,al2305,al2305,18350.0,0.0,0.0,0.0,5,18340.0,18355.0,5,18320.0,18330.0,18385.0,18330.0,965.0,88541375.0,24300
2023-05-09 21:24:04,al2305,al2305,18350.0,0.0,0.0,0.0,20,18340.0,18355.0,15,18320.0,18330.0,18385.0,18330.0,965.0,88541375.0,24300
