time,symbol_id,symbol_name,last,trade_volume,trade_amount,open_interest_change,bv1,bp1,ap1,av1,yesterday_close,today_open,today_high,today_low,volume,amount,open_interest
2023-05-09 20:59:00,al2404,al2404,18040.0,0.0,0.0,0.0,1,17805.0,18090.0,5,18040.0,18090.0,0.0,0.0,0.0,0.0,439
2023-05-09 21:00:00,al2404,al2404,18040.0,0.0,0.0,0.0,4,17875.0,18090.0,5,18040.0,18090.0,0.0,0.0,0.0,0.0,439
2023-05-09 21:00:01,al2404,al2404,18040.0,0.0,0.0,0.0,4,17880.0,18090.0,5,18040.0,18090.0,0.0,0.0,0.0,0.0,439
2023-05-09 21:00:01,al2404,al2404,18090.0,2.0,180900.0,1.0,1,17885.0,18090.0,3,18040.0,18090.0,18090.0,18090.0,2.0,180900.0,440
2023-05-09 21:00:02,al2404,al2404,18090.0,1.0,90450.0,1.0,2,17910.0,18090.0,2,18040.0,18090.0,18090.0,18090.0,3.0,271350.0,441
2023-05-09 21:00:02,al2404,al2404,18090.0,0.0,0.0,0.0,4,17915.0,18090.0,2,18040.0,18090.0,18090.0,18090.0,3.0,271350.0,441
2023-05-09 21:00:03,al2404,al2404,18090.0,2.0,180900.0,2.0,3,18090.0,18215.0,1,18040.0,18090.0,18090.0,18090.0,5.0,452250.0,443
2023-05-09 21:00:03,al2404,al2404,18090.0,0.0,0.0,0.0,3,18090.0,18210.0,2,18040.0,18090.0,18090.0,18090.0,5.0,452250.0,443
2023-05-09 21:00:04,al2404,al2404,18090.0,0.0,0.0,0.0,1,18095.0,18210.0,2,18040.0,18090.0,18090.0,18090.0,5.0,452250.0,443
2023-05-09 21:00:04,al2404,al2404,18090.0,0.0,0.0,0.0,1,18095.0,18210.0,2,18040.0,18090.0,18090.0,18090.0,5.0,452250.0,443
2023-05-09 21:00:05,al2404,al2404,18090.0,0.0,0.0,0.0,2,18095.0,18210.0,4,18040.0,18090.0,18090.0,18090.0,5.0,452250.0,443
2023-05-09 21:00:05,al2404,al2404,18090.0,0.0,0.0,0.0,1,18095.0,18210.0,4,18040.0,18090.0,18090.0,18090.0,5.0,452250.0,443
2023-05-09 21:00:08,al2404,al2404,18090.0,0.0,0.0,0.0,1,17995.0,18210.0,4,18040.0,18090.0,18090.0,18090.0,5.0,452250.0,443
2023-05-09 21:00:09,al2404,al2404,18090.0,0.0,0.0,0.0,4,18000.0,18210.0,3,18040.0,18090.0,18090.0,18090.0,5.0,452250.0,443
2023-05-09 21:00:09,al2404,al2404,18090.0,0.0,0.0,0.0,1,18005.0,18205.0,1,18040.0,18090.0,18090.0,18090.0,5.0,452250.0,443
2023-05-09 21:00:10,al2404,al2404,18090.0,0.0,0.0,0.0,2,18010.0,18205.0,1,18040.0,18090.0,18090.0,18090.0,5.0,452250.0,443
2023-05-09 21:00:11,al2404,al2404,18090.0,0.0,0.0,0.0,3,18010.0,18200.0,1,18040.0,18090.0,18090.0,18090.0,5.0,452250.0,443
2023-05-09 21:00:11,al2404,al2404,18090.0,0.0,0.0,0.0,3,18010.0,18200.0,3,18040.0,18090.0,18090.0,18090.0,5.0,452250.0,443
2023-05-09 21:00:12,al2404,al2404,18090.0,0.0,0.0,0.0,2,18015.0,18200.0,3,18040.0,18090.0,18090.0,18090.0,5.0,452250.0,443
2023-05-09 21:00:12,al2404,al2404,18090.0,0.0,0.0,0.0,3,18020.0,18195.0,1,18040.0,18090.0,18090.0,18090.0,5.0,452250.0,443
2023-05-09 21:00:13,al2404,al2404,18090.0,0.0,0.0,0.0,3,18020.0,18190.0,1,18040.0,18090.0,18090.0,18090.0,5.0,452250.0,443
2023-05-09 21:00:14,al2404,al2404,18090.0,0.0,0.0,0.0,5,18020.0,18190.0,1,18040.0,18090.0,18090.0,18090.0,5.0,452250.0,443
2023-05-09 21:00:14,al2404,al2404,18090.0,0.0,0.0,0.0,5,18020.0,18185.0,2,18040.0,18090.0,18090.0,18090.0,5.0,452250.0,443
2023-05-09 21:00:15,al2404,al2404,18090.0,0.0,0.0,0.0,2,18025.0,18180.0,1,18040.0,18090.0,18090.0,18090.0,5.0,452250.0,443
2023-05-09 21:00:15,al2404,al2404,18090.0,0.0,0.0,0.0,2,18030.0,18175.0,1,18040.0,18090.0,18090.0,18090.0,5.0,452250.0,443
2023-05-09 21:00:16,al2404,al2404,18090.0,0.0,0.0,0.0,2,18030.0,18170.0,1,18040.0,18090.0,18090.0,18090.0,5.0,452250.0,443
2023-05-09 21:00:17,al2404,al2404,18090.0,0.0,0.0,0.0,1,18035.0,18165.0,1,18040.0,18090.0,18090.0,18090.0,5.0,452250.0,443
2023-05-09 21:00:17,al2404,al2404,18090.0,0.0,0.0,0.0,1,18040.0,18160.0,1,18040.0,18090.0,18090.0,18090.0,5.0,452250.0,443
2023-05-09 21:00:18,al2404,al2404,18090.0,0.0,0.0,0.0,2,18045.0,18160.0,1,18040.0,18090.0,18090.0,18090.0,5.0,452250.0,443
2023-05-09 21:00:18,al2404,al2404,18090.0,0.0,0.0,0.0,1,18050.0,18155.0,1,18040.0,18090.0,18090.0,18090.0,5.0,452250.0,443
2023-05-09 21:00:19,al2404,al2404,18090.0,0.0,0.0,0.0,1,18050.0,18150.0,1,18040.0,18090.0,18090.0,18090.0,5.0,452250.0,443
2023-05-09 21:00:19,al2404,al2404,18090.0,0.0,0.0,0.0,1,18050.0,18150.0,1,18040.0,18090.0,18090.0,18090.0,5.0,452250.0,443
2023-05-09 21:00:20,al2404,al2404,18090.0,0.0,0.0,0.0,1,18055.0,18145.0,1,18040.0,18090.0,18090.0,18090.0,5.0,452250.0,443
2023-05-09 21:00:20,al2404,al2404,18090.0,0.0,0.0,0.0,1,18060.0,18140.0,1,18040.0,18090.0,18090.0,18090.0,5.0,452250.0,443
2023-05-09 21:00:21,al2404,al2404,18090.0,0.0,0.0,0.0,1,18060.0,18140.0,1,18040.0,18090.0,18090.0,18090.0,5.0,452250.0,443
2023-05-09 21:00:22,al2404,al2404,18090.0,0.0,0.0,0.0,3,18060.0,18140.0,1,18040.0,18090.0,18090.0,18090.0,5.0,452250.0,443
2023-05-09 21:00:22,al2404,al2404,18090.0,0.0,0.0,0.0,3,18060.0,18140.0,2,18040.0,18090.0,18090.0,18090.0,5.0,452250.0,443
2023-05-09 21:00:23,al2404,al2404,18090.0,0.0,0.0,0.0,1,18065.0,18140.0,1,18040.0,18090.0,18090.0,18090.0,5.0,452250.0,443
2023-05-09 21:00:23,al2404,al2404,18090.0,0.0,0.0,0.0,1,18070.0,18140.0,1,18040.0,18090.0,18090.0,18090.0,5.0,452250.0,443
2023-05-09 21:00:24,al2404,al2404,18090.0,0.0,0.0,0.0,1,18070.0,18140.0,2,18040.0,18090.0,18090.0,18090.0,5.0,452250.0,443
2023-05-09 21:00:25,al2404,al2404,18090.0,0.0,0.0,0.0,3,18070.0,18135.0,1,18040.0,18090.0,18090.0,18090.0,5.0,452250.0,443
2023-05-09 21:00:25,al2404,al2404,18090.0,0.0,0.0,0.0,3,18070.0,18130.0,1,18040.0,18090.0,18090.0,18090.0,5.0,452250.0,443
2023-05-09 21:00:26,al2404,al2404,18090.0,0.0,0.0,0.0,1,18075.0,18130.0,1,18040.0,18090.0,18090.0,18090.0,5.0,452250.0,443
2023-05-09 21:00:26,al2404,al2404,18090.0,0.0,0.0,0.0,1,18080.0,18130.0,1,18040.0,18090.0,18090.0,18090.0,5.0,452250.0,443
2023-05-09 21:00:27,al2404,al2404,18090.0,0.0,0.0,0.0,1,18080.0,18130.0,1,18040.0,18090.0,18090.0,18090.0,5.0,452250.0,443
2023-05-09 21:00:28,al2404,al2404,18090.0,0.0,0.0,0.0,1,18080.0,18130.0,1,18040.0,18090.0,18090.0,18090.0,5.0,452250.0,443
2023-05-09 21:00:28,al2404,al2404,18090.0,0.0,0.0,0.0,1,18080.0,18130.0,1,18040.0,18090.0,18090.0,18090.0,5.0,452250.0,443
2023-05-09 21:00:29,al2404,al2404,18090.0,0.0,0.0,0.0,1,18085.0,18130.0,1,18040.0,18090.0,18090.0,18090.0,5.0,452250.0,443
2023-05-09 21:00:29,al2404,al2404,18090.0,0.0,0.0,0.0,1,18085.0,18130.0,1,18040.0,18090.0,18090.0,18090.0,5.0,452250.0,443
2023-05-09 21:00:30,al2404,al2404,18090.0,0.0,0.0,0.0,1,18085.0,18130.0,1,18040.0,18090.0,18090.0,18090.0,5.0,452250.0,443
2023-05-09 21:00:31,al2404,al2404,18090.0,0.0,0.0,0.0,1,18085.0,18130.0,2,18040.0,18090.0,18090.0,18090.0,5.0,452250.0,443
2023-05-09 21:00:31,al2404,al2404,18090.0,0.0,0.0,0.0,1,17995.0,18130.0,2,18040.0,18090.0,18090.0,18090.0,5.0,452250.0,443
2023-05-09 21:00:32,al2404,al2404,18090.0,0.0,0.0,0.0,3,18000.0,18130.0,2,18040.0,18090.0,18090.0,18090.0,5.0,452250.0,443
2023-05-09 21:00:32,al2404,al2404,18090.0,0.0,0.0,0.0,5,18000.0,18130.0,2,18040.0,18090.0,18090.0,18090.0,5.0,452250.0,443
2023-05-09 21:00:33,al2404,al2404,18090.0,0.0,0.0,0.0,5,18000.0,18130.0,1,18040.0,18090.0,18090.0,18090.0,5.0,452250.0,443
2023-05-09 21:00:34,al2404,al2404,18090.0,0.0,0.0,0.0,7,18000.0,18130.0,1,18040.0,18090.0,18090.0,18090.0,5.0,452250.0,443
2023-05-09 21:00:40,al2404,al2404,18090.0,0.0,0.0,0.0,7,18000.0,18125.0,4,18040.0,18090.0,18090.0,18090.0,5.0,452250.0,443
2023-05-09 21:00:41,al2404,al2404,18090.0,0.0,0.0,0.0,7,18000.0,18120.0,1,18040.0,18090.0,18090.0,18090.0,5.0,452250.0,443
2023-05-09 21:00:49,al2404,al2404,18090.0,0.0,0.0,0.0,7,18000.0,18125.0,4,18040.0,18090.0,18090.0,18090.0,5.0,452250.0,443
2023-05-09 21:00:49,al2404,al2404,18090.0,0.0,0.0,0.0,7,18000.0,18120.0,1,18040.0,18090.0,18090.0,18090.0,5.0,452250.0,443
2023-05-09 21:00:57,al2404,al2404,18090.0,0.0,0.0,0.0,7,18000.0,18120.0,1,18040.0,18090.0,18090.0,18090.0,5.0,452250.0,443
2023-05-09 21:01:00,al2404,al2404,18090.0,0.0,0.0,0.0,7,18000.0,18120.0,1,18040.0,18090.0,18090.0,18090.0,5.0,452250.0,443
2023-05-09 21:01:01,al2404,al2404,18090.0,0.0,0.0,0.0,7,18000.0,18115.0,1,18040.0,18090.0,18090.0,18090.0,5.0,452250.0,443
2023-05-09 21:01:01,al2404,al2404,18090.0,0.0,0.0,0.0,7,18000.0,18115.0,2,18040.0,18090.0,18090.0,18090.0,5.0,452250.0,443
2023-05-09 21:01:03,al2404,al2404,18090.0,0.0,0.0,0.0,7,18000.0,18110.0,1,18040.0,18090.0,18090.0,18090.0,5.0,452250.0,443
2023-05-09 21:01:04,al2404,al2404,18090.0,0.0,0.0,0.0,7,18000.0,18110.0,1,18040.0,18090.0,18090.0,18090.0,5.0,452250.0,443
2023-05-09 21:01:08,al2404,al2404,18090.0,0.0,0.0,0.0,7,18000.0,18110.0,1,18040.0,18090.0,18090.0,18090.0,5.0,452250.0,443
2023-05-09 21:01:08,al2404,al2404,18090.0,0.0,0.0,0.0,1,18005.0,18110.0,1,18040.0,18090.0,18090.0,18090.0,5.0,452250.0,443
2023-05-09 21:01:09,al2404,al2404,18090.0,0.0,0.0,0.0,2,18010.0,18110.0,1,18040.0,18090.0,18090.0,18090.0,5.0,452250.0,443
2023-05-09 21:01:09,al2404,al2404,18090.0,0.0,0.0,0.0,5,18010.0,18110.0,1,18040.0,18090.0,18090.0,18090.0,5.0,452250.0,443
2023-05-09 21:01:10,al2404,al2404,18090.0,0.0,0.0,0.0,7,18010.0,18110.0,1,18040.0,18090.0,18090.0,18090.0,5.0,452250.0,443
2023-05-09 21:01:11,al2404,al2404,18090.0,0.0,0.0,0.0,7,18010.0,18110.0,1,18040.0,18090.0,18090.0,18090.0,5.0,452250.0,443
2023-05-09 21:01:12,al2404,al2404,18090.0,0.0,0.0,0.0,1,18015.0,18110.0,1,18040.0,18090.0,18090.0,18090.0,5.0,452250.0,443
2023-05-09 21:01:12,al2404,al2404,18090.0,0.0,0.0,0.0,2,18020.0,18110.0,1,18040.0,18090.0,18090.0,18090.0,5.0,452250.0,443
2023-05-09 21:01:13,al2404,al2404,18090.0,0.0,0.0,0.0,5,18020.0,18110.0,1,18040.0,18090.0,18090.0,18090.0,5.0,452250.0,443
2023-05-09 21:01:14,al2404,al2404,18090.0,0.0,0.0,0.0,7,18020.0,18110.0,1,18040.0,18090.0,18090.0,18090.0,5.0,452250.0,443
2023-05-09 21:01:14,al2404,al2404,18090.0,0.0,0.0,0.0,1,18025.0,18110.0,1,18040.0,18090.0,18090.0,18090.0,5.0,452250.0,443
2023-05-09 21:01:15,al2404,al2404,18090.0,0.0,0.0,0.0,1,18030.0,18110.0,1,18040.0,18090.0,18090.0,18090.0,5.0,452250.0,443
2023-05-09 21:01:15,al2404,al2404,18090.0,0.0,0.0,0.0,1,18030.0,18110.0,1,18040.0,18090.0,18090.0,18090.0,5.0,452250.0,443
2023-05-09 21:01:16,al2404,al2404,18090.0,0.0,0.0,0.0,3,18035.0,18110.0,1,18040.0,18090.0,18090.0,18090.0,5.0,452250.0,443
2023-05-09 21:01:16,al2404,al2404,18090.0,0.0,0.0,0.0,1,18040.0,18110.0,1,18040.0,18090.0,18090.0,18090.0,5.0,452250.0,443
2023-05-09 21:01:17,al2404,al2404,18090.0,0.0,0.0,0.0,1,18040.0,18110.0,1,18040.0,18090.0,18090.0,18090.0,5.0,452250.0,443
2023-05-09 21:01:17,al2404,al2404,18090.0,0.0,0.0,0.0,1,18040.0,18100.0,2,18040.0,18090.0,18090.0,18090.0,5.0,452250.0,443
2023-05-09 21:01:18,al2404,al2404,18090.0,0.0,0.0,0.0,2,18040.0,18100.0,2,18040.0,18090.0,18090.0,18090.0,5.0,452250.0,443
2023-05-09 21:01:18,al2404,al2404,18090.0,0.0,0.0,0.0,3,18040.0,18100.0,2,18040.0,18090.0,18090.0,18090.0,5.0,452250.0,443
2023-05-09 21:01:19,al2404,al2404,18090.0,0.0,0.0,0.0,1,18045.0,18100.0,2,18040.0,18090.0,18090.0,18090.0,5.0,452250.0,443
2023-05-09 21:01:19,al2404,al2404,18090.0,0.0,0.0,0.0,1,18050.0,18100.0,2,18040.0,18090.0,18090.0,18090.0,5.0,452250.0,443
2023-05-09 21:01:21,al2404,al2404,18090.0,0.0,0.0,0.0,3,18050.0,18100.0,2,18040.0,18090.0,18090.0,18090.0,5.0,452250.0,443
2023-05-09 21:01:21,al2404,al2404,18090.0,0.0,0.0,0.0,1,18055.0,18100.0,2,18040.0,18090.0,18090.0,18090.0,5.0,452250.0,443
2023-05-09 21:01:22,al2404,al2404,18090.0,0.0,0.0,0.0,1,18060.0,18100.0,2,18040.0,18090.0,18090.0,18090.0,5.0,452250.0,443
2023-05-09 21:01:25,al2404,al2404,18090.0,0.0,0.0,0.0,1,18060.0,18100.0,2,18040.0,18090.0,18090.0,18090.0,5.0,452250.0,443
2023-05-09 21:01:25,al2404,al2404,18090.0,0.0,0.0,0.0,1,18065.0,18100.0,2,18040.0,18090.0,18090.0,18090.0,5.0,452250.0,443
2023-05-09 21:01:26,al2404,al2404,18090.0,0.0,0.0,0.0,1,18065.0,18100.0,2,18040.0,18090.0,18090.0,18090.0,5.0,452250.0,443
2023-05-09 21:01:26,al2404,al2404,18090.0,0.0,0.0,0.0,1,18065.0,18100.0,2,18040.0,18090.0,18090.0,18090.0,5.0,452250.0,443
2023-05-09 21:01:27,al2404,al2404,18090.0,0.0,0.0,0.0,1,18070.0,18100.0,2,18040.0,18090.0,18090.0,18090.0,5.0,452250.0,443
2023-05-09 21:01:28,al2404,al2404,18090.0,0.0,0.0,0.0,1,18070.0,18100.0,2,18040.0,18090.0,18090.0,18090.0,5.0,452250.0,443
2023-05-09 21:01:28,al2404,al2404,18090.0,0.0,0.0,0.0,2,18070.0,18100.0,2,18040.0,18090.0,18090.0,18090.0,5.0,452250.0,443
2023-05-09 21:01:29,al2404,al2404,18090.0,0.0,0.0,0.0,1,18070.0,18100.0,2,18040.0,18090.0,18090.0,18090.0,5.0,452250.0,443
2023-05-09 21:01:31,al2404,al2404,18090.0,0.0,0.0,0.0,1,18070.0,18100.0,2,18040.0,18090.0,18090.0,18090.0,5.0,452250.0,443
2023-05-09 21:01:31,al2404,al2404,18090.0,0.0,0.0,0.0,1,18070.0,18100.0,2,18040.0,18090.0,18090.0,18090.0,5.0,452250.0,443
2023-05-09 21:01:32,al2404,al2404,18090.0,0.0,0.0,0.0,1,18070.0,18100.0,2,18040.0,18090.0,18090.0,18090.0,5.0,452250.0,443
2023-05-09 21:01:34,al2404,al2404,18090.0,0.0,0.0,0.0,1,18070.0,18100.0,2,18040.0,18090.0,18090.0,18090.0,5.0,452250.0,443
2023-05-09 21:01:35,al2404,al2404,18090.0,0.0,0.0,0.0,1,18070.0,18100.0,2,18040.0,18090.0,18090.0,18090.0,5.0,452250.0,443
2023-05-09 21:01:36,al2404,al2404,18090.0,0.0,0.0,0.0,1,18070.0,18100.0,2,18040.0,18090.0,18090.0,18090.0,5.0,452250.0,443
2023-05-09 21:01:36,al2404,al2404,18090.0,0.0,0.0,0.0,1,18070.0,18100.0,2,18040.0,18090.0,18090.0,18090.0,5.0,452250.0,443
2023-05-09 21:01:40,al2404,al2404,18090.0,0.0,0.0,0.0,1,18070.0,18100.0,2,18040.0,18090.0,18090.0,18090.0,5.0,452250.0,443
2023-05-09 21:01:40,al2404,al2404,18090.0,0.0,0.0,0.0,1,18070.0,18100.0,2,18040.0,18090.0,18090.0,18090.0,5.0,452250.0,443
2023-05-09 21:01:41,al2404,al2404,18090.0,0.0,0.0,0.0,1,18070.0,18100.0,2,18040.0,18090.0,18090.0,18090.0,5.0,452250.0,443
2023-05-09 21:01:45,al2404,al2404,18090.0,0.0,0.0,0.0,1,18070.0,18100.0,2,18040.0,18090.0,18090.0,18090.0,5.0,452250.0,443
2023-05-09 21:01:45,al2404,al2404,18090.0,0.0,0.0,0.0,1,18070.0,18100.0,2,18040.0,18090.0,18090.0,18090.0,5.0,452250.0,443
2023-05-09 21:01:46,al2404,al2404,18090.0,0.0,0.0,0.0,1,18070.0,18100.0,2,18040.0,18090.0,18090.0,18090.0,5.0,452250.0,443
2023-05-09 21:01:47,al2404,al2404,18090.0,0.0,0.0,0.0,1,18070.0,18100.0,2,18040.0,18090.0,18090.0,18090.0,5.0,452250.0,443
2023-05-09 21:01:47,al2404,al2404,18090.0,0.0,0.0,0.0,1,18070.0,18215.0,1,18040.0,18090.0,18090.0,18090.0,5.0,452250.0,443
2023-05-09 21:01:48,al2404,al2404,18090.0,0.0,0.0,0.0,1,18070.0,18210.0,7,18040.0,18090.0,18090.0,18090.0,5.0,452250.0,443
2023-05-09 21:01:48,al2404,al2404,18090.0,0.0,0.0,0.0,1,18070.0,18210.0,11,18040.0,18090.0,18090.0,18090.0,5.0,452250.0,443
2023-05-09 21:01:49,al2404,al2404,18090.0,0.0,0.0,0.0,1,18070.0,18210.0,12,18040.0,18090.0,18090.0,18090.0,5.0,452250.0,443
2023-05-09 21:01:50,al2404,al2404,18090.0,0.0,0.0,0.0,1,18070.0,18120.0,2,18040.0,18090.0,18090.0,18090.0,5.0,452250.0,443
2023-05-09 21:01:50,al2404,al2404,18090.0,0.0,0.0,0.0,1,18070.0,18115.0,1,18040.0,18090.0,18090.0,18090.0,5.0,452250.0,443
2023-05-09 21:01:51,al2404,al2404,18090.0,0.0,0.0,0.0,1,18070.0,18115.0,1,18040.0,18090.0,18090.0,18090.0,5.0,452250.0,443
2023-05-09 21:01:53,al2404,al2404,18090.0,0.0,0.0,0.0,1,18070.0,18110.0,2,18040.0,18090.0,18090.0,18090.0,5.0,452250.0,443
2023-05-09 21:01:53,al2404,al2404,18090.0,0.0,0.0,0.0,1,18070.0,18110.0,3,18040.0,18090.0,18090.0,18090.0,5.0,452250.0,443
2023-05-09 21:01:57,al2404,al2404,18090.0,0.0,0.0,0.0,1,18000.0,18105.0,1,18040.0,18090.0,18090.0,18090.0,5.0,452250.0,443
2023-05-09 21:01:57,al2404,al2404,18090.0,0.0,0.0,0.0,6,18005.0,18105.0,1,18040.0,18090.0,18090.0,18090.0,5.0,452250.0,443
2023-05-09 21:01:58,al2404,al2404,18090.0,0.0,0.0,0.0,6,18005.0,18110.0,2,18040.0,18090.0,18090.0,18090.0,5.0,452250.0,443
2023-05-09 21:01:58,al2404,al2404,18090.0,0.0,0.0,0.0,6,18005.0,18105.0,1,18040.0,18090.0,18090.0,18090.0,5.0,452250.0,443
2023-05-09 21:01:59,al2404,al2404,18090.0,0.0,0.0,0.0,8,18005.0,18105.0,1,18040.0,18090.0,18090.0,18090.0,5.0,452250.0,443
2023-05-09 21:01:59,al2404,al2404,18090.0,0.0,0.0,0.0,9,18005.0,18110.0,2,18040.0,18090.0,18090.0,18090.0,5.0,452250.0,443
2023-05-09 21:02:00,al2404,al2404,18090.0,0.0,0.0,0.0,8,18005.0,18110.0,3,18040.0,18090.0,18090.0,18090.0,5.0,452250.0,443
2023-05-09 21:02:01,al2404,al2404,18090.0,0.0,0.0,0.0,8,18005.0,18105.0,1,18040.0,18090.0,18090.0,18090.0,5.0,452250.0,443
2023-05-09 21:02:02,al2404,al2404,18090.0,0.0,0.0,0.0,10,18005.0,18105.0,1,18040.0,18090.0,18090.0,18090.0,5.0,452250.0,443
2023-05-09 21:02:04,al2404,al2404,18090.0,0.0,0.0,0.0,10,18005.0,18105.0,1,18040.0,18090.0,18090.0,18090.0,5.0,452250.0,443
2023-05-09 21:02:06,al2404,al2404,18090.0,0.0,0.0,0.0,10,18005.0,18100.0,2,18040.0,18090.0,18090.0,18090.0,5.0,452250.0,443
2023-05-09 21:02:06,al2404,al2404,18090.0,0.0,0.0,0.0,10,18005.0,18100.0,2,18040.0,18090.0,18090.0,18090.0,5.0,452250.0,443
2023-05-09 21:02:09,al2404,al2404,18090.0,0.0,0.0,0.0,12,18005.0,18100.0,2,18040.0,18090.0,18090.0,18090.0,5.0,452250.0,443
2023-05-09 21:02:10,al2404,al2404,18090.0,0.0,0.0,0.0,12,18005.0,18100.0,3,18040.0,18090.0,18090.0,18090.0,5.0,452250.0,443
2023-05-09 21:02:13,al2404,al2404,18090.0,0.0,0.0,0.0,10,18005.0,18100.0,2,18040.0,18090.0,18090.0,18090.0,5.0,452250.0,443
2023-05-09 21:02:15,al2404,al2404,18090.0,0.0,0.0,0.0,12,18005.0,18100.0,2,18040.0,18090.0,18090.0,18090.0,5.0,452250.0,443
2023-05-09 21:02:15,al2404,al2404,18090.0,0.0,0.0,0.0,12,18005.0,18100.0,3,18040.0,18090.0,18090.0,18090.0,5.0,452250.0,443
2023-05-09 21:02:16,al2404,al2404,18090.0,0.0,0.0,0.0,10,18005.0,18100.0,3,18040.0,18090.0,18090.0,18090.0,5.0,452250.0,443
2023-05-09 21:02:16,al2404,al2404,18090.0,0.0,0.0,0.0,12,18005.0,18100.0,3,18040.0,18090.0,18090.0,18090.0,5.0,452250.0,443
2023-05-09 21:02:17,al2404,al2404,18090.0,0.0,0.0,0.0,12,18005.0,18100.0,2,18040.0,18090.0,18090.0,18090.0,5.0,452250.0,443
2023-05-09 21:02:17,al2404,al2404,18090.0,0.0,0.0,0.0,8,18005.0,18100.0,3,18040.0,18090.0,18090.0,18090.0,5.0,452250.0,443
2023-05-09 21:02:18,al2404,al2404,18090.0,0.0,0.0,0.0,8,18005.0,18095.0,1,18040.0,18090.0,18090.0,18090.0,5.0,452250.0,443
2023-05-09 21:02:18,al2404,al2404,18090.0,0.0,0.0,0.0,8,18005.0,18100.0,2,18040.0,18090.0,18090.0,18090.0,5.0,452250.0,443
2023-05-09 21:02:19,al2404,al2404,18090.0,0.0,0.0,0.0,8,18005.0,18100.0,3,18040.0,18090.0,18090.0,18090.0,5.0,452250.0,443
2023-05-09 21:02:21,al2404,al2404,18090.0,0.0,0.0,0.0,8,18005.0,18095.0,1,18040.0,18090.0,18090.0,18090.0,5.0,452250.0,443
2023-05-09 21:02:22,al2404,al2404,18090.0,0.0,0.0,0.0,8,18005.0,18100.0,2,18040.0,18090.0,18090.0,18090.0,5.0,452250.0,443
2023-05-09 21:02:22,al2404,al2404,18090.0,0.0,0.0,0.0,8,18005.0,18100.0,3,18040.0,18090.0,18090.0,18090.0,5.0,452250.0,443
2023-05-09 21:02:27,al2404,al2404,18090.0,0.0,0.0,0.0,8,18005.0,18100.0,2,18040.0,18090.0,18090.0,18090.0,5.0,452250.0,443
2023-05-09 21:02:29,al2404,al2404,18090.0,0.0,0.0,0.0,8,18005.0,18095.0,1,18040.0,18090.0,18090.0,18090.0,5.0,452250.0,443
2023-05-09 21:02:36,al2404,al2404,18090.0,0.0,0.0,0.0,8,18005.0,18095.0,1,18040.0,18090.0,18090.0,18090.0,5.0,452250.0,443
2023-05-09 21:03:00,al2404,al2404,18090.0,0.0,0.0,0.0,10,18005.0,18095.0,1,18040.0,18090.0,18090.0,18090.0,5.0,452250.0,443
2023-05-09 21:03:00,al2404,al2404,18090.0,0.0,0.0,0.0,10,18005.0,18095.0,1,18040.0,18090.0,18090.0,18090.0,5.0,452250.0,443
2023-05-09 21:03:01,al2404,al2404,18090.0,0.0,0.0,0.0,2,18010.0,18095.0,1,18040.0,18090.0,18090.0,18090.0,5.0,452250.0,443
2023-05-09 21:03:01,al2404,al2404,18090.0,0.0,0.0,0.0,2,18015.0,18095.0,1,18040.0,18090.0,18090.0,18090.0,5.0,452250.0,443
2023-05-09 21:03:02,al2404,al2404,18090.0,0.0,0.0,0.0,1,18020.0,18095.0,1,18040.0,18090.0,18090.0,18090.0,5.0,452250.0,443
2023-05-09 21:03:02,al2404,al2404,18090.0,0.0,0.0,0.0,3,18025.0,18095.0,1,18040.0,18090.0,18090.0,18090.0,5.0,452250.0,443
2023-05-09 21:03:03,al2404,al2404,18090.0,0.0,0.0,0.0,5,18025.0,18095.0,1,18040.0,18090.0,18090.0,18090.0,5.0,452250.0,443
2023-05-09 21:03:04,al2404,al2404,18090.0,0.0,0.0,0.0,6,18025.0,18095.0,1,18040.0,18090.0,18090.0,18090.0,5.0,452250.0,443
2023-05-09 21:03:04,al2404,al2404,18090.0,0.0,0.0,0.0,7,18025.0,18095.0,1,18040.0,18090.0,18090.0,18090.0,5.0,452250.0,443
2023-05-09 21:03:05,al2404,al2404,18090.0,0.0,0.0,0.0,2,18030.0,18095.0,1,18040.0,18090.0,18090.0,18090.0,5.0,452250.0,443
2023-05-09 21:03:05,al2404,al2404,18090.0,0.0,0.0,0.0,1,18035.0,18095.0,1,18040.0,18090.0,18090.0,18090.0,5.0,452250.0,443
2023-05-09 21:03:06,al2404,al2404,18090.0,0.0,0.0,0.0,2,18040.0,18095.0,1,18040.0,18090.0,18090.0,18090.0,5.0,452250.0,443
2023-05-09 21:03:06,al2404,al2404,18090.0,0.0,0.0,0.0,1,18045.0,18095.0,1,18040.0,18090.0,18090.0,18090.0,5.0,452250.0,443
2023-05-09 21:03:07,al2404,al2404,18090.0,0.0,0.0,0.0,2,18045.0,18095.0,1,18040.0,18090.0,18090.0,18090.0,5.0,452250.0,443
2023-05-09 21:03:07,al2404,al2404,18090.0,0.0,0.0,0.0,2,18045.0,18095.0,1,18040.0,18090.0,18090.0,18090.0,5.0,452250.0,443
2023-05-09 21:03:08,al2404,al2404,18090.0,0.0,0.0,0.0,2,18065.0,18095.0,1,18040.0,18090.0,18090.0,18090.0,5.0,452250.0,443
2023-05-09 21:03:08,al2404,al2404,18090.0,0.0,0.0,0.0,2,18070.0,18095.0,1,18040.0,18090.0,18090.0,18090.0,5.0,452250.0,443
2023-05-09 21:03:09,al2404,al2404,18090.0,0.0,0.0,0.0,2,18070.0,18215.0,1,18040.0,18090.0,18090.0,18090.0,5.0,452250.0,443
2023-05-09 21:03:10,al2404,al2404,18090.0,0.0,0.0,0.0,2,18070.0,18210.0,6,18040.0,18090.0,18090.0,18090.0,5.0,452250.0,443
2023-05-09 21:03:10,al2404,al2404,18090.0,0.0,0.0,0.0,2,18070.0,18205.0,1,18040.0,18090.0,18090.0,18090.0,5.0,452250.0,443
2023-05-09 21:03:11,al2404,al2404,18090.0,0.0,0.0,0.0,2,18070.0,18120.0,2,18040.0,18090.0,18090.0,18090.0,5.0,452250.0,443
2023-05-09 21:03:11,al2404,al2404,18090.0,0.0,0.0,0.0,2,18070.0,18115.0,1,18040.0,18090.0,18090.0,18090.0,5.0,452250.0,443
2023-05-09 21:03:12,al2404,al2404,18090.0,0.0,0.0,0.0,2,18070.0,18115.0,1,18040.0,18090.0,18090.0,18090.0,5.0,452250.0,443
2023-05-09 21:03:12,al2404,al2404,18090.0,0.0,0.0,0.0,2,18070.0,18115.0,1,18040.0,18090.0,18090.0,18090.0,5.0,452250.0,443
2023-05-09 21:03:13,al2404,al2404,18090.0,0.0,0.0,0.0,2,18070.0,18115.0,1,18040.0,18090.0,18090.0,18090.0,5.0,452250.0,443
2023-05-09 21:03:14,al2404,al2404,18090.0,0.0,0.0,0.0,2,18070.0,18115.0,1,18040.0,18090.0,18090.0,18090.0,5.0,452250.0,443
2023-05-09 21:03:15,al2404,al2404,18090.0,0.0,0.0,0.0,2,18070.0,18115.0,1,18040.0,18090.0,18090.0,18090.0,5.0,452250.0,443
2023-05-09 21:03:15,al2404,al2404,18090.0,0.0,0.0,0.0,2,18070.0,18110.0,2,18040.0,18090.0,18090.0,18090.0,5.0,452250.0,443
2023-05-09 21:03:16,al2404,al2404,18090.0,0.0,0.0,0.0,2,18070.0,18110.0,2,18040.0,18090.0,18090.0,18090.0,5.0,452250.0,443
2023-05-09 21:03:35,al2404,al2404,18090.0,0.0,0.0,0.0,2,18070.0,18110.0,3,18040.0,18090.0,18090.0,18090.0,5.0,452250.0,443
2023-05-09 21:03:36,al2404,al2404,18090.0,0.0,0.0,0.0,2,18070.0,18105.0,1,18040.0,18090.0,18090.0,18090.0,5.0,452250.0,443
2023-05-09 21:03:37,al2404,al2404,18090.0,0.0,0.0,0.0,2,18070.0,18110.0,2,18040.0,18090.0,18090.0,18090.0,5.0,452250.0,443
2023-05-09 21:03:37,al2404,al2404,18090.0,0.0,0.0,0.0,2,18070.0,18110.0,3,18040.0,18090.0,18090.0,18090.0,5.0,452250.0,443
2023-05-09 21:03:38,al2404,al2404,18090.0,0.0,0.0,0.0,2,18070.0,18110.0,2,18040.0,18090.0,18090.0,18090.0,5.0,452250.0,443
2023-05-09 21:03:40,al2404,al2404,18090.0,0.0,0.0,0.0,2,18070.0,18110.0,3,18040.0,18090.0,18090.0,18090.0,5.0,452250.0,443
2023-05-09 21:03:42,al2404,al2404,18090.0,0.0,0.0,0.0,2,18070.0,18105.0,1,18040.0,18090.0,18090.0,18090.0,5.0,452250.0,443
2023-05-09 21:03:43,al2404,al2404,18090.0,0.0,0.0,0.0,2,18070.0,18110.0,2,18040.0,18090.0,18090.0,18090.0,5.0,452250.0,443
2023-05-09 21:03:43,al2404,al2404,18090.0,0.0,0.0,0.0,2,18070.0,18110.0,3,18040.0,18090.0,18090.0,18090.0,5.0,452250.0,443
2023-05-09 21:03:46,al2404,al2404,18090.0,0.0,0.0,0.0,2,18070.0,18110.0,4,18040.0,18090.0,18090.0,18090.0,5.0,452250.0,443
2023-05-09 21:03:50,al2404,al2404,18090.0,0.0,0.0,0.0,2,18070.0,18110.0,4,18040.0,18090.0,18090.0,18090.0,5.0,452250.0,443
2023-05-09 21:03:53,al2404,al2404,18090.0,0.0,0.0,0.0,1,18070.0,18110.0,4,18040.0,18090.0,18090.0,18090.0,5.0,452250.0,443
2023-05-09 21:03:54,al2404,al2404,18090.0,0.0,0.0,0.0,1,18070.0,18105.0,1,18040.0,18090.0,18090.0,18090.0,5.0,452250.0,443
2023-05-09 21:03:54,al2404,al2404,18090.0,0.0,0.0,0.0,1,18070.0,18105.0,1,18040.0,18090.0,18090.0,18090.0,5.0,452250.0,443
2023-05-09 21:03:56,al2404,al2404,18090.0,0.0,0.0,0.0,1,18070.0,18105.0,1,18040.0,18090.0,18090.0,18090.0,5.0,452250.0,443
2023-05-09 21:03:57,al2404,al2404,18090.0,0.0,0.0,0.0,1,18070.0,18105.0,2,18040.0,18090.0,18090.0,18090.0,5.0,452250.0,443
2023-05-09 21:03:59,al2404,al2404,18090.0,0.0,0.0,0.0,1,18070.0,18100.0,3,18040.0,18090.0,18090.0,18090.0,5.0,452250.0,443
2023-05-09 21:04:00,al2404,al2404,18090.0,0.0,0.0,0.0,1,18070.0,18100.0,3,18040.0,18090.0,18090.0,18090.0,5.0,452250.0,443
2023-05-09 21:04:02,al2404,al2404,18090.0,0.0,0.0,0.0,2,18065.0,18100.0,4,18040.0,18090.0,18090.0,18090.0,5.0,452250.0,443
2023-05-09 21:04:03,al2404,al2404,18090.0,0.0,0.0,0.0,3,18065.0,18100.0,3,18040.0,18090.0,18090.0,18090.0,5.0,452250.0,443
2023-05-09 21:04:07,al2404,al2404,18090.0,0.0,0.0,0.0,2,18065.0,18100.0,3,18040.0,18090.0,18090.0,18090.0,5.0,452250.0,443
2023-05-09 21:04:08,al2404,al2404,18090.0,0.0,0.0,0.0,1,18070.0,18100.0,3,18040.0,18090.0,18090.0,18090.0,5.0,452250.0,443
2023-05-09 21:04:23,al2404,al2404,18090.0,0.0,0.0,0.0,2,18065.0,18100.0,3,18040.0,18090.0,18090.0,18090.0,5.0,452250.0,443
2023-05-09 21:04:23,al2404,al2404,18090.0,0.0,0.0,0.0,1,18070.0,18100.0,3,18040.0,18090.0,18090.0,18090.0,5.0,452250.0,443
2023-05-09 21:04:29,al2404,al2404,18090.0,0.0,0.0,0.0,1,18070.0,18100.0,4,18040.0,18090.0,18090.0,18090.0,5.0,452250.0,443
2023-05-09 21:04:39,al2404,al2404,18090.0,0.0,0.0,0.0,1,18070.0,18100.0,4,18040.0,18090.0,18090.0,18090.0,5.0,452250.0,443
2023-05-09 21:04:40,al2404,al2404,18090.0,0.0,0.0,0.0,1,18070.0,18100.0,3,18040.0,18090.0,18090.0,18090.0,5.0,452250.0,443
2023-05-09 21:04:41,al2404,al2404,18090.0,0.0,0.0,0.0,1,18070.0,18100.0,4,18040.0,18090.0,18090.0,18090.0,5.0,452250.0,443
2023-05-09 21:04:43,al2404,al2404,18090.0,0.0,0.0,0.0,2,18065.0,18095.0,1,18040.0,18090.0,18090.0,18090.0,5.0,452250.0,443
2023-05-09 21:04:43,al2404,al2404,18090.0,0.0,0.0,0.0,3,18065.0,18100.0,3,18040.0,18090.0,18090.0,18090.0,5.0,452250.0,443
2023-05-09 21:04:44,al2404,al2404,18090.0,0.0,0.0,0.0,3,18065.0,18100.0,4,18040.0,18090.0,18090.0,18090.0,5.0,452250.0,443
2023-05-09 21:04:44,al2404,al2404,18090.0,0.0,0.0,0.0,3,18065.0,18100.0,4,18040.0,18090.0,18090.0,18090.0,5.0,452250.0,443
2023-05-09 21:04:45,al2404,al2404,18090.0,0.0,0.0,0.0,3,18065.0,18100.0,4,18040.0,18090.0,18090.0,18090.0,5.0,452250.0,443
2023-05-09 21:04:46,al2404,al2404,18090.0,0.0,0.0,0.0,1,18000.0,18100.0,4,18040.0,18090.0,18090.0,18090.0,5.0,452250.0,443
2023-05-09 21:04:47,al2404,al2404,18090.0,0.0,0.0,0.0,1,18070.0,18100.0,4,18040.0,18090.0,18090.0,18090.0,5.0,452250.0,443
2023-05-09 21:04:47,al2404,al2404,18090.0,0.0,0.0,0.0,1,18070.0,18100.0,4,18040.0,18090.0,18090.0,18090.0,5.0,452250.0,443
2023-05-09 21:04:49,al2404,al2404,18090.0,0.0,0.0,0.0,5,18005.0,18100.0,4,18040.0,18090.0,18090.0,18090.0,5.0,452250.0,443
2023-05-09 21:04:49,al2404,al2404,18090.0,0.0,0.0,0.0,3,18010.0,18100.0,4,18040.0,18090.0,18090.0,18090.0,5.0,452250.0,443
2023-05-09 21:04:50,al2404,al2404,18090.0,0.0,0.0,0.0,1,18015.0,18100.0,4,18040.0,18090.0,18090.0,18090.0,5.0,452250.0,443
2023-05-09 21:04:50,al2404,al2404,18090.0,0.0,0.0,0.0,1,18020.0,18100.0,4,18040.0,18090.0,18090.0,18090.0,5.0,452250.0,443
2023-05-09 21:04:51,al2404,al2404,18090.0,0.0,0.0,0.0,8,18020.0,18100.0,4,18040.0,18090.0,18090.0,18090.0,5.0,452250.0,443
2023-05-09 21:04:51,al2404,al2404,18090.0,0.0,0.0,0.0,9,18020.0,18100.0,4,18040.0,18090.0,18090.0,18090.0,5.0,452250.0,443
2023-05-09 21:04:52,al2404,al2404,18090.0,0.0,0.0,0.0,9,18020.0,18100.0,4,18040.0,18090.0,18090.0,18090.0,5.0,452250.0,443
2023-05-09 21:04:52,al2404,al2404,18090.0,0.0,0.0,0.0,3,18025.0,18100.0,4,18040.0,18090.0,18090.0,18090.0,5.0,452250.0,443
2023-05-09 21:04:53,al2404,al2404,18090.0,0.0,0.0,0.0,1,18030.0,18100.0,4,18040.0,18090.0,18090.0,18090.0,5.0,452250.0,443
2023-05-09 21:04:53,al2404,al2404,18090.0,0.0,0.0,0.0,3,18030.0,18100.0,4,18040.0,18090.0,18090.0,18090.0,5.0,452250.0,443
2023-05-09 21:04:54,al2404,al2404,18090.0,0.0,0.0,0.0,2,18035.0,18100.0,4,18040.0,18090.0,18090.0,18090.0,5.0,452250.0,443
2023-05-09 21:04:54,al2404,al2404,18090.0,0.0,0.0,0.0,1,18040.0,18100.0,4,18040.0,18090.0,18090.0,18090.0,5.0,452250.0,443
2023-05-09 21:04:55,al2404,al2404,18090.0,0.0,0.0,0.0,1,18040.0,18100.0,4,18040.0,18090.0,18090.0,18090.0,5.0,452250.0,443
2023-05-09 21:04:55,al2404,al2404,18090.0,0.0,0.0,0.0,2,18060.0,18100.0,4,18040.0,18090.0,18090.0,18090.0,5.0,452250.0,443
2023-05-09 21:04:56,al2404,al2404,18090.0,0.0,0.0,0.0,1,18065.0,18100.0,4,18040.0,18090.0,18090.0,18090.0,5.0,452250.0,443
2023-05-09 21:04:56,al2404,al2404,18090.0,0.0,0.0,0.0,1,18065.0,18100.0,4,18040.0,18090.0,18090.0,18090.0,5.0,452250.0,443
2023-05-09 21:04:57,al2404,al2404,18090.0,0.0,0.0,0.0,1,18065.0,18100.0,4,18040.0,18090.0,18090.0,18090.0,5.0,452250.0,443
2023-05-09 21:04:57,al2404,al2404,18090.0,0.0,0.0,0.0,2,18070.0,18100.0,4,18040.0,18090.0,18090.0,18090.0,5.0,452250.0,443
2023-05-09 21:04:58,al2404,al2404,18090.0,0.0,0.0,0.0,2,18070.0,18100.0,4,18040.0,18090.0,18090.0,18090.0,5.0,452250.0,443
2023-05-09 21:04:58,al2404,al2404,18090.0,0.0,0.0,0.0,3,18070.0,18100.0,4,18040.0,18090.0,18090.0,18090.0,5.0,452250.0,443
2023-05-09 21:04:59,al2404,al2404,18090.0,0.0,0.0,0.0,3,18070.0,18100.0,4,18040.0,18090.0,18090.0,18090.0,5.0,452250.0,443
2023-05-09 21:05:01,al2404,al2404,18090.0,0.0,0.0,0.0,3,18070.0,18100.0,4,18040.0,18090.0,18090.0,18090.0,5.0,452250.0,443
2023-05-09 21:05:01,al2404,al2404,18090.0,0.0,0.0,0.0,3,18070.0,18100.0,4,18040.0,18090.0,18090.0,18090.0,5.0,452250.0,443
2023-05-09 21:05:02,al2404,al2404,18090.0,0.0,0.0,0.0,3,18070.0,18100.0,4,18040.0,18090.0,18090.0,18090.0,5.0,452250.0,443
2023-05-09 21:05:02,al2404,al2404,18090.0,0.0,0.0,0.0,3,18070.0,18100.0,4,18040.0,18090.0,18090.0,18090.0,5.0,452250.0,443
2023-05-09 21:05:07,al2404,al2404,18090.0,0.0,0.0,0.0,3,18070.0,18100.0,4,18040.0,18090.0,18090.0,18090.0,5.0,452250.0,443
2023-05-09 21:05:07,al2404,al2404,18090.0,0.0,0.0,0.0,3,18070.0,18100.0,4,18040.0,18090.0,18090.0,18090.0,5.0,452250.0,443
2023-05-09 21:05:09,al2404,al2404,18090.0,0.0,0.0,0.0,3,18070.0,18100.0,4,18040.0,18090.0,18090.0,18090.0,5.0,452250.0,443
2023-05-09 21:05:09,al2404,al2404,18090.0,0.0,0.0,0.0,3,18070.0,18100.0,4,18040.0,18090.0,18090.0,18090.0,5.0,452250.0,443
2023-05-09 21:05:14,al2404,al2404,18090.0,0.0,0.0,0.0,3,18070.0,18100.0,4,18040.0,18090.0,18090.0,18090.0,5.0,452250.0,443
2023-05-09 21:05:15,al2404,al2404,18090.0,0.0,0.0,0.0,3,18070.0,18100.0,4,18040.0,18090.0,18090.0,18090.0,5.0,452250.0,443
2023-05-09 21:05:21,al2404,al2404,18090.0,0.0,0.0,0.0,2,18070.0,18100.0,3,18040.0,18090.0,18090.0,18090.0,5.0,452250.0,443
2023-05-09 21:05:21,al2404,al2404,18090.0,0.0,0.0,0.0,3,18070.0,18100.0,3,18040.0,18090.0,18090.0,18090.0,5.0,452250.0,443
2023-05-09 21:05:22,al2404,al2404,18090.0,0.0,0.0,0.0,3,18070.0,18100.0,4,18040.0,18090.0,18090.0,18090.0,5.0,452250.0,443
2023-05-09 21:05:22,al2404,al2404,18090.0,0.0,0.0,0.0,3,18070.0,18100.0,3,18040.0,18090.0,18090.0,18090.0,5.0,452250.0,443
2023-05-09 21:05:24,al2404,al2404,18090.0,0.0,0.0,0.0,3,18070.0,18100.0,4,18040.0,18090.0,18090.0,18090.0,5.0,452250.0,443
2023-05-09 21:05:25,al2404,al2404,18090.0,0.0,0.0,0.0,1,18070.0,18100.0,4,18040.0,18090.0,18090.0,18090.0,5.0,452250.0,443
2023-05-09 21:05:29,al2404,al2404,18090.0,0.0,0.0,0.0,1,18000.0,18100.0,3,18040.0,18090.0,18090.0,18090.0,5.0,452250.0,443
2023-05-09 21:05:29,al2404,al2404,18090.0,0.0,0.0,0.0,1,18075.0,18100.0,4,18040.0,18090.0,18090.0,18090.0,5.0,452250.0,443
2023-05-09 21:05:30,al2404,al2404,18090.0,0.0,0.0,0.0,1,18075.0,18100.0,4,18040.0,18090.0,18090.0,18090.0,5.0,452250.0,443
2023-05-09 21:05:33,al2404,al2404,18090.0,0.0,0.0,0.0,4,18005.0,18095.0,1,18040.0,18090.0,18090.0,18090.0,5.0,452250.0,443
2023-05-09 21:05:33,al2404,al2404,18090.0,0.0,0.0,0.0,1,18065.0,18100.0,3,18040.0,18090.0,18090.0,18090.0,5.0,452250.0,443
2023-05-09 21:05:34,al2404,al2404,18090.0,0.0,0.0,0.0,1,18065.0,18100.0,4,18040.0,18090.0,18090.0,18090.0,5.0,452250.0,443
2023-05-09 21:05:35,al2404,al2404,18090.0,0.0,0.0,0.0,1,18065.0,18100.0,4,18040.0,18090.0,18090.0,18090.0,5.0,452250.0,443
2023-05-09 21:05:37,al2404,al2404,18090.0,0.0,0.0,0.0,2,18005.0,18100.0,4,18040.0,18090.0,18090.0,18090.0,5.0,452250.0,443
2023-05-09 21:05:38,al2404,al2404,18090.0,0.0,0.0,0.0,1,18070.0,18100.0,4,18040.0,18090.0,18090.0,18090.0,5.0,452250.0,443
2023-05-09 21:05:38,al2404,al2404,18090.0,0.0,0.0,0.0,1,18070.0,18100.0,4,18040.0,18090.0,18090.0,18090.0,5.0,452250.0,443
2023-05-09 21:05:39,al2404,al2404,18090.0,0.0,0.0,0.0,1,18070.0,18095.0,1,18040.0,18090.0,18090.0,18090.0,5.0,452250.0,443
2023-05-09 21:05:40,al2404,al2404,18090.0,0.0,0.0,0.0,1,18070.0,18100.0,3,18040.0,18090.0,18090.0,18090.0,5.0,452250.0,443
2023-05-09 21:05:40,al2404,al2404,18090.0,0.0,0.0,0.0,1,18070.0,18100.0,4,18040.0,18090.0,18090.0,18090.0,5.0,452250.0,443
2023-05-09 21:05:41,al2404,al2404,18090.0,0.0,0.0,0.0,2,18005.0,18095.0,1,18040.0,18090.0,18090.0,18090.0,5.0,452250.0,443
2023-05-09 21:05:42,al2404,al2404,18090.0,0.0,0.0,0.0,6,18010.0,18095.0,1,18040.0,18090.0,18090.0,18090.0,5.0,452250.0,443
2023-05-09 21:05:42,al2404,al2404,18090.0,0.0,0.0,0.0,8,18010.0,18095.0,1,18040.0,18090.0,18090.0,18090.0,5.0,452250.0,443
2023-05-09 21:05:43,al2404,al2404,18090.0,0.0,0.0,0.0,8,18010.0,18100.0,3,18040.0,18090.0,18090.0,18090.0,5.0,452250.0,443
2023-05-09 21:05:43,al2404,al2404,18090.0,0.0,0.0,0.0,2,18015.0,18100.0,4,18040.0,18090.0,18090.0,18090.0,5.0,452250.0,443
2023-05-09 21:05:44,al2404,al2404,18090.0,0.0,0.0,0.0,1,18020.0,18100.0,4,18040.0,18090.0,18090.0,18090.0,5.0,452250.0,443
2023-05-09 21:05:44,al2404,al2404,18090.0,0.0,0.0,0.0,3,18020.0,18100.0,4,18040.0,18090.0,18090.0,18090.0,5.0,452250.0,443
2023-05-09 21:05:45,al2404,al2404,18090.0,0.0,0.0,0.0,2,18025.0,18100.0,4,18040.0,18090.0,18090.0,18090.0,5.0,452250.0,443
2023-05-09 21:05:45,al2404,al2404,18090.0,0.0,0.0,0.0,2,18040.0,18100.0,4,18040.0,18090.0,18090.0,18090.0,5.0,452250.0,443
2023-05-09 21:05:46,al2404,al2404,18090.0,0.0,0.0,0.0,1,18045.0,18100.0,4,18040.0,18090.0,18090.0,18090.0,5.0,452250.0,443
2023-05-09 21:05:46,al2404,al2404,18090.0,0.0,0.0,0.0,2,18045.0,18100.0,4,18040.0,18090.0,18090.0,18090.0,5.0,452250.0,443
2023-05-09 21:05:47,al2404,al2404,18090.0,0.0,0.0,0.0,2,18045.0,18100.0,4,18040.0,18090.0,18090.0,18090.0,5.0,452250.0,443
2023-05-09 21:05:47,al2404,al2404,18090.0,0.0,0.0,0.0,1,18065.0,18100.0,4,18040.0,18090.0,18090.0,18090.0,5.0,452250.0,443
2023-05-09 21:05:48,al2404,al2404,18090.0,0.0,0.0,0.0,1,18065.0,18100.0,4,18040.0,18090.0,18090.0,18090.0,5.0,452250.0,443
2023-05-09 21:05:49,al2404,al2404,18090.0,0.0,0.0,0.0,1,18065.0,18100.0,4,18040.0,18090.0,18090.0,18090.0,5.0,452250.0,443
2023-05-09 21:05:50,al2404,al2404,18090.0,0.0,0.0,0.0,1,18070.0,18100.0,4,18040.0,18090.0,18090.0,18090.0,5.0,452250.0,443
2023-05-09 21:05:53,al2404,al2404,18090.0,0.0,0.0,0.0,1,18070.0,18100.0,4,18040.0,18090.0,18090.0,18090.0,5.0,452250.0,443
2023-05-09 21:05:55,al2404,al2404,18090.0,0.0,0.0,0.0,1,18065.0,18095.0,1,18040.0,18090.0,18090.0,18090.0,5.0,452250.0,443
2023-05-09 21:05:55,al2404,al2404,18090.0,0.0,0.0,0.0,2,18065.0,18095.0,1,18040.0,18090.0,18090.0,18090.0,5.0,452250.0,443
2023-05-09 21:05:57,al2404,al2404,18090.0,0.0,0.0,0.0,2,18065.0,18100.0,3,18040.0,18090.0,18090.0,18090.0,5.0,452250.0,443
2023-05-09 21:05:58,al2404,al2404,18090.0,0.0,0.0,0.0,1,18065.0,18100.0,4,18040.0,18090.0,18090.0,18090.0,5.0,452250.0,443
2023-05-09 21:05:58,al2404,al2404,18090.0,0.0,0.0,0.0,1,18070.0,18100.0,4,18040.0,18090.0,18090.0,18090.0,5.0,452250.0,443
2023-05-09 21:06:01,al2404,al2404,18090.0,0.0,0.0,0.0,1,18065.0,18095.0,1,18040.0,18090.0,18090.0,18090.0,5.0,452250.0,443
2023-05-09 21:06:01,al2404,al2404,18090.0,0.0,0.0,0.0,2,18065.0,18095.0,1,18040.0,18090.0,18090.0,18090.0,5.0,452250.0,443
2023-05-09 21:06:11,al2404,al2404,18090.0,0.0,0.0,0.0,1,18065.0,18095.0,1,18040.0,18090.0,18090.0,18090.0,5.0,452250.0,443
2023-05-09 21:06:11,al2404,al2404,18090.0,0.0,0.0,0.0,10,18070.0,18095.0,1,18040.0,18090.0,18090.0,18090.0,5.0,452250.0,443
2023-05-09 21:06:12,al2404,al2404,18090.0,0.0,0.0,0.0,10,18070.0,18095.0,1,18040.0,18090.0,18090.0,18090.0,5.0,452250.0,443
2023-05-09 21:06:26,al2404,al2404,18090.0,0.0,0.0,0.0,10,18070.0,18095.0,1,18040.0,18090.0,18090.0,18090.0,5.0,452250.0,443
2023-05-09 21:06:29,al2404,al2404,18090.0,0.0,0.0,0.0,10,18070.0,18090.0,1,18040.0,18090.0,18090.0,18090.0,5.0,452250.0,443
2023-05-09 21:06:30,al2404,al2404,18090.0,0.0,0.0,0.0,10,18070.0,18090.0,2,18040.0,18090.0,18090.0,18090.0,5.0,452250.0,443
2023-05-09 21:06:30,al2404,al2404,18090.0,0.0,0.0,0.0,10,18070.0,18085.0,1,18040.0,18090.0,18090.0,18090.0,5.0,452250.0,443
2023-05-09 21:06:42,al2404,al2404,18090.0,0.0,0.0,0.0,1,18050.0,18085.0,1,18040.0,18090.0,18090.0,18090.0,5.0,452250.0,443
2023-05-09 21:06:43,al2404,al2404,18090.0,0.0,0.0,0.0,1,18055.0,18085.0,1,18040.0,18090.0,18090.0,18090.0,5.0,452250.0,443
2023-05-09 21:06:43,al2404,al2404,18090.0,0.0,0.0,0.0,2,18055.0,18085.0,1,18040.0,18090.0,18090.0,18090.0,5.0,452250.0,443
2023-05-09 21:06:44,al2404,al2404,18090.0,0.0,0.0,0.0,2,18055.0,18085.0,1,18040.0,18090.0,18090.0,18090.0,5.0,452250.0,443
2023-05-09 21:06:45,al2404,al2404,18090.0,0.0,0.0,0.0,2,18060.0,18085.0,1,18040.0,18090.0,18090.0,18090.0,5.0,452250.0,443
2023-05-09 21:06:45,al2404,al2404,18090.0,0.0,0.0,0.0,2,18060.0,18085.0,1,18040.0,18090.0,18090.0,18090.0,5.0,452250.0,443
2023-05-09 21:06:47,al2404,al2404,18090.0,0.0,0.0,0.0,2,18060.0,18085.0,1,18040.0,18090.0,18090.0,18090.0,5.0,452250.0,443
2023-05-09 21:06:48,al2404,al2404,18090.0,0.0,0.0,0.0,2,18060.0,18080.0,1,18040.0,18090.0,18090.0,18090.0,5.0,452250.0,443
2023-05-09 21:06:49,al2404,al2404,18090.0,0.0,0.0,0.0,2,18060.0,18080.0,1,18040.0,18090.0,18090.0,18090.0,5.0,452250.0,443
2023-05-09 21:06:49,al2404,al2404,18090.0,0.0,0.0,0.0,2,18060.0,18100.0,2,18040.0,18090.0,18090.0,18090.0,5.0,452250.0,443
2023-05-09 21:06:50,al2404,al2404,18090.0,0.0,0.0,0.0,2,18060.0,18095.0,1,18040.0,18090.0,18090.0,18090.0,5.0,452250.0,443
2023-05-09 21:06:50,al2404,al2404,18090.0,0.0,0.0,0.0,2,18060.0,18095.0,1,18040.0,18090.0,18090.0,18090.0,5.0,452250.0,443
2023-05-09 21:06:51,al2404,al2404,18090.0,0.0,0.0,0.0,12,18060.0,18095.0,1,18040.0,18090.0,18090.0,18090.0,5.0,452250.0,443
2023-05-09 21:06:55,al2404,al2404,18090.0,0.0,0.0,0.0,10,18060.0,18095.0,1,18040.0,18090.0,18090.0,18090.0,5.0,452250.0,443
2023-05-09 21:06:56,al2404,al2404,18090.0,0.0,0.0,0.0,10,18060.0,18095.0,1,18040.0,18090.0,18090.0,18090.0,5.0,452250.0,443
2023-05-09 21:06:56,al2404,al2404,18090.0,0.0,0.0,0.0,10,18060.0,18090.0,1,18040.0,18090.0,18090.0,18090.0,5.0,452250.0,443
2023-05-09 21:06:57,al2404,al2404,18090.0,0.0,0.0,0.0,10,18060.0,18085.0,1,18040.0,18090.0,18090.0,18090.0,5.0,452250.0,443
2023-05-09 21:06:57,al2404,al2404,18090.0,0.0,0.0,0.0,10,18060.0,18085.0,1,18040.0,18090.0,18090.0,18090.0,5.0,452250.0,443
2023-05-09 21:06:58,al2404,al2404,18090.0,0.0,0.0,0.0,10,18060.0,18085.0,1,18040.0,18090.0,18090.0,18090.0,5.0,452250.0,443
2023-05-09 21:07:00,al2404,al2404,18090.0,0.0,0.0,0.0,10,18060.0,18085.0,1,18040.0,18090.0,18090.0,18090.0,5.0,452250.0,443
2023-05-09 21:07:01,al2404,al2404,18090.0,0.0,0.0,0.0,10,18060.0,18085.0,1,18040.0,18090.0,18090.0,18090.0,5.0,452250.0,443
2023-05-09 21:07:02,al2404,al2404,18090.0,0.0,0.0,0.0,10,18060.0,18085.0,1,18040.0,18090.0,18090.0,18090.0,5.0,452250.0,443
2023-05-09 21:07:03,al2404,al2404,18090.0,0.0,0.0,0.0,10,18060.0,18085.0,1,18040.0,18090.0,18090.0,18090.0,5.0,452250.0,443
2023-05-09 21:07:04,al2404,al2404,18090.0,0.0,0.0,0.0,10,18060.0,18085.0,1,18040.0,18090.0,18090.0,18090.0,5.0,452250.0,443
2023-05-09 21:07:05,al2404,al2404,18090.0,0.0,0.0,0.0,10,18060.0,18085.0,1,18040.0,18090.0,18090.0,18090.0,5.0,452250.0,443
2023-05-09 21:07:06,al2404,al2404,18090.0,0.0,0.0,0.0,10,18060.0,18085.0,1,18040.0,18090.0,18090.0,18090.0,5.0,452250.0,443
2023-05-09 21:07:06,al2404,al2404,18090.0,0.0,0.0,0.0,10,18060.0,18085.0,1,18040.0,18090.0,18090.0,18090.0,5.0,452250.0,443
2023-05-09 21:07:08,al2404,al2404,18090.0,0.0,0.0,0.0,10,18060.0,18085.0,1,18040.0,18090.0,18090.0,18090.0,5.0,452250.0,443
2023-05-09 21:07:08,al2404,al2404,18090.0,0.0,0.0,0.0,10,18060.0,18085.0,1,18040.0,18090.0,18090.0,18090.0,5.0,452250.0,443
2023-05-09 21:07:10,al2404,al2404,18090.0,0.0,0.0,0.0,10,18060.0,18085.0,1,18040.0,18090.0,18090.0,18090.0,5.0,452250.0,443
2023-05-09 21:07:10,al2404,al2404,18090.0,0.0,0.0,0.0,10,18060.0,18085.0,1,18040.0,18090.0,18090.0,18090.0,5.0,452250.0,443
2023-05-09 21:07:11,al2404,al2404,18090.0,0.0,0.0,0.0,10,18060.0,18085.0,1,18040.0,18090.0,18090.0,18090.0,5.0,452250.0,443
2023-05-09 21:07:11,al2404,al2404,18090.0,0.0,0.0,0.0,10,18060.0,18085.0,1,18040.0,18090.0,18090.0,18090.0,5.0,452250.0,443
2023-05-09 21:07:22,al2404,al2404,18090.0,0.0,0.0,0.0,10,18060.0,18080.0,1,18040.0,18090.0,18090.0,18090.0,5.0,452250.0,443
2023-05-09 21:07:22,al2404,al2404,18090.0,0.0,0.0,0.0,10,18060.0,18080.0,1,18040.0,18090.0,18090.0,18090.0,5.0,452250.0,443
2023-05-09 21:07:25,al2404,al2404,18090.0,0.0,0.0,0.0,10,18060.0,18080.0,1,18040.0,18090.0,18090.0,18090.0,5.0,452250.0,443
2023-05-09 21:07:26,al2404,al2404,18090.0,0.0,0.0,0.0,10,18060.0,18080.0,1,18040.0,18090.0,18090.0,18090.0,5.0,452250.0,443
2023-05-09 21:07:27,al2404,al2404,18090.0,0.0,0.0,0.0,10,18060.0,18080.0,1,18040.0,18090.0,18090.0,18090.0,5.0,452250.0,443
2023-05-09 21:07:27,al2404,al2404,18090.0,0.0,0.0,0.0,10,18060.0,18080.0,1,18040.0,18090.0,18090.0,18090.0,5.0,452250.0,443
2023-05-09 21:07:29,al2404,al2404,18090.0,0.0,0.0,0.0,10,18060.0,18100.0,2,18040.0,18090.0,18090.0,18090.0,5.0,452250.0,443
2023-05-09 21:07:30,al2404,al2404,18090.0,0.0,0.0,0.0,10,18060.0,18095.0,1,18040.0,18090.0,18090.0,18090.0,5.0,452250.0,443
2023-05-09 21:07:30,al2404,al2404,18090.0,0.0,0.0,0.0,10,18060.0,18095.0,1,18040.0,18090.0,18090.0,18090.0,5.0,452250.0,443
2023-05-09 21:07:31,al2404,al2404,18090.0,0.0,0.0,0.0,10,18060.0,18095.0,1,18040.0,18090.0,18090.0,18090.0,5.0,452250.0,443
2023-05-09 21:07:31,al2404,al2404,18090.0,0.0,0.0,0.0,10,18060.0,18095.0,1,18040.0,18090.0,18090.0,18090.0,5.0,452250.0,443
2023-05-09 21:07:34,al2404,al2404,18090.0,0.0,0.0,0.0,10,18060.0,18090.0,3,18040.0,18090.0,18090.0,18090.0,5.0,452250.0,443
2023-05-09 21:07:34,al2404,al2404,18090.0,0.0,0.0,0.0,10,18060.0,18085.0,1,18040.0,18090.0,18090.0,18090.0,5.0,452250.0,443
2023-05-09 21:07:39,al2404,al2404,18090.0,0.0,0.0,0.0,10,18060.0,18090.0,3,18040.0,18090.0,18090.0,18090.0,5.0,452250.0,443
2023-05-09 21:07:39,al2404,al2404,18090.0,0.0,0.0,0.0,10,18060.0,18085.0,1,18040.0,18090.0,18090.0,18090.0,5.0,452250.0,443
2023-05-09 21:07:40,al2404,al2404,18090.0,0.0,0.0,0.0,10,18060.0,18085.0,1,18040.0,18090.0,18090.0,18090.0,5.0,452250.0,443
2023-05-09 21:07:41,al2404,al2404,18090.0,0.0,0.0,0.0,10,18060.0,18085.0,1,18040.0,18090.0,18090.0,18090.0,5.0,452250.0,443
2023-05-09 21:07:41,al2404,al2404,18090.0,0.0,0.0,0.0,10,18060.0,18085.0,1,18040.0,18090.0,18090.0,18090.0,5.0,452250.0,443
2023-05-09 21:07:42,al2404,al2404,18090.0,0.0,0.0,0.0,10,18060.0,18085.0,1,18040.0,18090.0,18090.0,18090.0,5.0,452250.0,443
2023-05-09 21:07:43,al2404,al2404,18090.0,0.0,0.0,0.0,10,18060.0,18085.0,1,18040.0,18090.0,18090.0,18090.0,5.0,452250.0,443
2023-05-09 21:07:43,al2404,al2404,18090.0,0.0,0.0,0.0,10,18060.0,18085.0,1,18040.0,18090.0,18090.0,18090.0,5.0,452250.0,443
2023-05-09 21:07:46,al2404,al2404,18090.0,0.0,0.0,0.0,10,18060.0,18090.0,3,18040.0,18090.0,18090.0,18090.0,5.0,452250.0,443
2023-05-09 21:07:47,al2404,al2404,18090.0,0.0,0.0,0.0,10,18060.0,18090.0,4,18040.0,18090.0,18090.0,18090.0,5.0,452250.0,443
2023-05-09 21:07:48,al2404,al2404,18090.0,0.0,0.0,0.0,10,18060.0,18085.0,1,18040.0,18090.0,18090.0,18090.0,5.0,452250.0,443
2023-05-09 21:07:55,al2404,al2404,18090.0,0.0,0.0,0.0,10,18060.0,18090.0,3,18040.0,18090.0,18090.0,18090.0,5.0,452250.0,443
2023-05-09 21:07:56,al2404,al2404,18090.0,0.0,0.0,0.0,10,18060.0,18090.0,4,18040.0,18090.0,18090.0,18090.0,5.0,452250.0,443
2023-05-09 21:07:56,al2404,al2404,18090.0,0.0,0.0,0.0,10,18060.0,18090.0,4,18040.0,18090.0,18090.0,18090.0,5.0,452250.0,443
2023-05-09 21:07:57,al2404,al2404,18090.0,0.0,0.0,0.0,10,18060.0,18090.0,4,18040.0,18090.0,18090.0,18090.0,5.0,452250.0,443
2023-05-09 21:08:01,al2404,al2404,18090.0,0.0,0.0,0.0,10,18060.0,18085.0,1,18040.0,18090.0,18090.0,18090.0,5.0,452250.0,443
2023-05-09 21:08:02,al2404,al2404,18090.0,0.0,0.0,0.0,10,18060.0,18090.0,3,18040.0,18090.0,18090.0,18090.0,5.0,452250.0,443
2023-05-09 21:08:03,al2404,al2404,18090.0,0.0,0.0,0.0,10,18060.0,18090.0,4,18040.0,18090.0,18090.0,18090.0,5.0,452250.0,443
2023-05-09 21:08:03,al2404,al2404,18090.0,0.0,0.0,0.0,10,18060.0,18090.0,4,18040.0,18090.0,18090.0,18090.0,5.0,452250.0,443
2023-05-09 21:08:04,al2404,al2404,18090.0,0.0,0.0,0.0,10,18060.0,18090.0,4,18040.0,18090.0,18090.0,18090.0,5.0,452250.0,443
2023-05-09 21:08:06,al2404,al2404,18090.0,0.0,0.0,0.0,1,18065.0,18090.0,2,18040.0,18090.0,18090.0,18090.0,5.0,452250.0,443
2023-05-09 21:08:07,al2404,al2404,18090.0,0.0,0.0,0.0,2,18065.0,18215.0,1,18040.0,18090.0,18090.0,18090.0,5.0,452250.0,443
2023-05-09 21:08:07,al2404,al2404,18090.0,0.0,0.0,0.0,2,18065.0,18210.0,9,18040.0,18090.0,18090.0,18090.0,5.0,452250.0,443
2023-05-09 21:08:08,al2404,al2404,18090.0,0.0,0.0,0.0,2,18065.0,18210.0,15,18040.0,18090.0,18090.0,18090.0,5.0,452250.0,443
2023-05-09 21:08:09,al2404,al2404,18090.0,0.0,0.0,0.0,2,18065.0,18210.0,16,18040.0,18090.0,18090.0,18090.0,5.0,452250.0,443
2023-05-09 21:08:09,al2404,al2404,18090.0,0.0,0.0,0.0,2,18065.0,18210.0,17,18040.0,18090.0,18090.0,18090.0,5.0,452250.0,443
2023-05-09 21:08:10,al2404,al2404,18090.0,0.0,0.0,0.0,2,18065.0,18210.0,17,18040.0,18090.0,18090.0,18090.0,5.0,452250.0,443
2023-05-09 21:08:10,al2404,al2404,18090.0,0.0,0.0,0.0,2,18065.0,18095.0,2,18040.0,18090.0,18090.0,18090.0,5.0,452250.0,443
2023-05-09 21:08:11,al2404,al2404,18090.0,0.0,0.0,0.0,2,18065.0,18095.0,3,18040.0,18090.0,18090.0,18090.0,5.0,452250.0,443
2023-05-09 21:08:11,al2404,al2404,18090.0,0.0,0.0,0.0,2,18065.0,18095.0,3,18040.0,18090.0,18090.0,18090.0,5.0,452250.0,443
2023-05-09 21:08:12,al2404,al2404,18090.0,0.0,0.0,0.0,2,18065.0,18095.0,3,18040.0,18090.0,18090.0,18090.0,5.0,452250.0,443
2023-05-09 21:08:19,al2404,al2404,18090.0,0.0,0.0,0.0,2,18065.0,18095.0,3,18040.0,18090.0,18090.0,18090.0,5.0,452250.0,443
2023-05-09 21:08:20,al2404,al2404,18090.0,0.0,0.0,0.0,2,18065.0,18095.0,3,18040.0,18090.0,18090.0,18090.0,5.0,452250.0,443
2023-05-09 21:08:21,al2404,al2404,18090.0,0.0,0.0,0.0,2,18065.0,18095.0,2,18040.0,18090.0,18090.0,18090.0,5.0,452250.0,443
2023-05-09 21:08:22,al2404,al2404,18090.0,0.0,0.0,0.0,2,18065.0,18205.0,1,18040.0,18090.0,18090.0,18090.0,5.0,452250.0,443
2023-05-09 21:08:22,al2404,al2404,18090.0,0.0,0.0,0.0,2,18065.0,18200.0,8,18040.0,18090.0,18090.0,18090.0,5.0,452250.0,443
2023-05-09 21:08:23,al2404,al2404,18090.0,0.0,0.0,0.0,2,18065.0,18200.0,11,18040.0,18090.0,18090.0,18090.0,5.0,452250.0,443
2023-05-09 21:08:23,al2404,al2404,18090.0,0.0,0.0,0.0,2,18065.0,18195.0,1,18040.0,18090.0,18090.0,18090.0,5.0,452250.0,443
2023-05-09 21:08:24,al2404,al2404,18090.0,0.0,0.0,0.0,2,18065.0,18190.0,1,18040.0,18090.0,18090.0,18090.0,5.0,452250.0,443
2023-05-09 21:08:24,al2404,al2404,18090.0,0.0,0.0,0.0,2,18065.0,18100.0,3,18040.0,18090.0,18090.0,18090.0,5.0,452250.0,443
2023-05-09 21:08:25,al2404,al2404,18090.0,0.0,0.0,0.0,2,18065.0,18100.0,4,18040.0,18090.0,18090.0,18090.0,5.0,452250.0,443
2023-05-09 21:08:25,al2404,al2404,18090.0,0.0,0.0,0.0,2,18065.0,18100.0,4,18040.0,18090.0,18090.0,18090.0,5.0,452250.0,443
2023-05-09 21:08:26,al2404,al2404,18090.0,0.0,0.0,0.0,2,18065.0,18100.0,4,18040.0,18090.0,18090.0,18090.0,5.0,452250.0,443
2023-05-09 21:08:28,al2404,al2404,18090.0,0.0,0.0,0.0,2,18065.0,18100.0,3,18040.0,18090.0,18090.0,18090.0,5.0,452250.0,443
2023-05-09 21:08:29,al2404,al2404,18090.0,0.0,0.0,0.0,2,18065.0,18100.0,4,18040.0,18090.0,18090.0,18090.0,5.0,452250.0,443
2023-05-09 21:08:31,al2404,al2404,18090.0,0.0,0.0,0.0,1,18065.0,18100.0,4,18040.0,18090.0,18090.0,18090.0,5.0,452250.0,443
2023-05-09 21:08:32,al2404,al2404,18090.0,0.0,0.0,0.0,1,18000.0,18095.0,1,18040.0,18090.0,18090.0,18090.0,5.0,452250.0,443
2023-05-09 21:08:32,al2404,al2404,18090.0,0.0,0.0,0.0,6,18005.0,18095.0,1,18040.0,18090.0,18090.0,18090.0,5.0,452250.0,443
2023-05-09 21:08:33,al2404,al2404,18090.0,0.0,0.0,0.0,10,18005.0,18095.0,1,18040.0,18090.0,18090.0,18090.0,5.0,452250.0,443
2023-05-09 21:08:33,al2404,al2404,18090.0,0.0,0.0,0.0,12,18005.0,18095.0,1,18040.0,18090.0,18090.0,18090.0,5.0,452250.0,443
2023-05-09 21:08:34,al2404,al2404,18090.0,0.0,0.0,0.0,14,18005.0,18095.0,1,18040.0,18090.0,18090.0,18090.0,5.0,452250.0,443
2023-05-09 21:08:48,al2404,al2404,18090.0,0.0,0.0,0.0,14,18005.0,18095.0,1,18040.0,18090.0,18090.0,18090.0,5.0,452250.0,443
2023-05-09 21:08:49,al2404,al2404,18090.0,0.0,0.0,0.0,10,18045.0,18095.0,1,18040.0,18090.0,18090.0,18090.0,5.0,452250.0,443
2023-05-09 21:08:49,al2404,al2404,18090.0,0.0,0.0,0.0,1,18050.0,18095.0,1,18040.0,18090.0,18090.0,18090.0,5.0,452250.0,443
2023-05-09 21:08:50,al2404,al2404,18090.0,0.0,0.0,0.0,1,18050.0,18095.0,1,18040.0,18090.0,18090.0,18090.0,5.0,452250.0,443
2023-05-09 21:08:50,al2404,al2404,18090.0,0.0,0.0,0.0,2,18055.0,18095.0,1,18040.0,18090.0,18090.0,18090.0,5.0,452250.0,443
2023-05-09 21:08:51,al2404,al2404,18090.0,0.0,0.0,0.0,3,18055.0,18095.0,1,18040.0,18090.0,18090.0,18090.0,5.0,452250.0,443
2023-05-09 21:08:53,al2404,al2404,18090.0,0.0,0.0,0.0,3,18055.0,18090.0,1,18040.0,18090.0,18090.0,18090.0,5.0,452250.0,443
2023-05-09 21:08:54,al2404,al2404,18090.0,0.0,0.0,0.0,2,18055.0,18090.0,2,18040.0,18090.0,18090.0,18090.0,5.0,452250.0,443
2023-05-09 21:08:54,al2404,al2404,18090.0,0.0,0.0,0.0,2,18060.0,18090.0,2,18040.0,18090.0,18090.0,18090.0,5.0,452250.0,443
2023-05-09 21:08:56,al2404,al2404,18090.0,0.0,0.0,0.0,1,18060.0,18090.0,1,18040.0,18090.0,18090.0,18090.0,5.0,452250.0,443
2023-05-09 21:08:59,al2404,al2404,18090.0,0.0,0.0,0.0,2,18055.0,18085.0,1,18040.0,18090.0,18090.0,18090.0,5.0,452250.0,443
2023-05-09 21:09:00,al2404,al2404,18090.0,0.0,0.0,0.0,3,18055.0,18100.0,3,18040.0,18090.0,18090.0,18090.0,5.0,452250.0,443
2023-05-09 21:09:00,al2404,al2404,18090.0,0.0,0.0,0.0,3,18055.0,18095.0,1,18040.0,18090.0,18090.0,18090.0,5.0,452250.0,443
2023-05-09 21:09:01,al2404,al2404,18090.0,0.0,0.0,0.0,1,18060.0,18095.0,1,18040.0,18090.0,18090.0,18090.0,5.0,452250.0,443
2023-05-09 21:09:02,al2404,al2404,18090.0,0.0,0.0,0.0,3,18055.0,18095.0,1,18040.0,18090.0,18090.0,18090.0,5.0,452250.0,443
2023-05-09 21:09:03,al2404,al2404,18090.0,0.0,0.0,0.0,3,18055.0,18095.0,1,18040.0,18090.0,18090.0,18090.0,5.0,452250.0,443
2023-05-09 21:09:03,al2404,al2404,18090.0,0.0,0.0,0.0,2,18055.0,18095.0,1,18040.0,18090.0,18090.0,18090.0,5.0,452250.0,443
2023-05-09 21:09:04,al2404,al2404,18090.0,0.0,0.0,0.0,1,18060.0,18095.0,1,18040.0,18090.0,18090.0,18090.0,5.0,452250.0,443
2023-05-09 21:09:06,al2404,al2404,18090.0,0.0,0.0,0.0,1,18060.0,18090.0,3,18040.0,18090.0,18090.0,18090.0,5.0,452250.0,443
2023-05-09 21:09:06,al2404,al2404,18090.0,0.0,0.0,0.0,1,18060.0,18090.0,4,18040.0,18090.0,18090.0,18090.0,5.0,452250.0,443
2023-05-09 21:09:07,al2404,al2404,18090.0,0.0,0.0,0.0,1,18060.0,18090.0,3,18040.0,18090.0,18090.0,18090.0,5.0,452250.0,443
2023-05-09 21:09:12,al2404,al2404,18090.0,0.0,0.0,0.0,1,18060.0,18090.0,4,18040.0,18090.0,18090.0,18090.0,5.0,452250.0,443
2023-05-09 21:09:13,al2404,al2404,18090.0,0.0,0.0,0.0,1,18060.0,18090.0,3,18040.0,18090.0,18090.0,18090.0,5.0,452250.0,443
2023-05-09 21:09:15,al2404,al2404,18090.0,0.0,0.0,0.0,1,18065.0,18090.0,3,18040.0,18090.0,18090.0,18090.0,5.0,452250.0,443
2023-05-09 21:09:16,al2404,al2404,18090.0,0.0,0.0,0.0,2,18055.0,18090.0,3,18040.0,18090.0,18090.0,18090.0,5.0,452250.0,443
2023-05-09 21:09:16,al2404,al2404,18090.0,0.0,0.0,0.0,2,18060.0,18090.0,3,18040.0,18090.0,18090.0,18090.0,5.0,452250.0,443
2023-05-09 21:09:20,al2404,al2404,18090.0,0.0,0.0,0.0,2,18060.0,18090.0,2,18040.0,18090.0,18090.0,18090.0,5.0,452250.0,443
2023-05-09 21:09:21,al2404,al2404,18090.0,0.0,0.0,0.0,2,18060.0,18090.0,1,18040.0,18090.0,18090.0,18090.0,5.0,452250.0,443
2023-05-09 21:09:22,al2404,al2404,18090.0,0.0,0.0,0.0,2,18060.0,18210.0,1,18040.0,18090.0,18090.0,18090.0,5.0,452250.0,443
2023-05-09 21:09:22,al2404,al2404,18090.0,0.0,0.0,0.0,2,18060.0,18205.0,6,18040.0,18090.0,18090.0,18090.0,5.0,452250.0,443
2023-05-09 21:09:23,al2404,al2404,18090.0,0.0,0.0,0.0,2,18060.0,18205.0,12,18040.0,18090.0,18090.0,18090.0,5.0,452250.0,443
2023-05-09 21:09:23,al2404,al2404,18090.0,0.0,0.0,0.0,2,18060.0,18200.0,2,18040.0,18090.0,18090.0,18090.0,5.0,452250.0,443
2023-05-09 21:09:24,al2404,al2404,18090.0,0.0,0.0,0.0,2,18060.0,18195.0,1,18040.0,18090.0,18090.0,18090.0,5.0,452250.0,443
2023-05-09 21:09:24,al2404,al2404,18090.0,0.0,0.0,0.0,2,18060.0,18195.0,14,18040.0,18090.0,18090.0,18090.0,5.0,452250.0,443
2023-05-09 21:09:25,al2404,al2404,18090.0,0.0,0.0,0.0,2,18060.0,18095.0,3,18040.0,18090.0,18090.0,18090.0,5.0,452250.0,443
2023-05-09 21:09:25,al2404,al2404,18090.0,0.0,0.0,0.0,2,18060.0,18095.0,4,18040.0,18090.0,18090.0,18090.0,5.0,452250.0,443
2023-05-09 21:09:26,al2404,al2404,18090.0,0.0,0.0,0.0,2,18060.0,18095.0,4,18040.0,18090.0,18090.0,18090.0,5.0,452250.0,443
2023-05-09 21:09:28,al2404,al2404,18090.0,0.0,0.0,0.0,2,18060.0,18095.0,3,18040.0,18090.0,18090.0,18090.0,5.0,452250.0,443
2023-05-09 21:09:30,al2404,al2404,18090.0,0.0,0.0,0.0,2,18060.0,18095.0,4,18040.0,18090.0,18090.0,18090.0,5.0,452250.0,443
2023-05-09 21:09:35,al2404,al2404,18090.0,0.0,0.0,0.0,2,18060.0,18090.0,1,18040.0,18090.0,18090.0,18090.0,5.0,452250.0,443
2023-05-09 21:09:35,al2404,al2404,18090.0,0.0,0.0,0.0,2,18060.0,18090.0,1,18040.0,18090.0,18090.0,18090.0,5.0,452250.0,443
2023-05-09 21:09:38,al2404,al2404,18090.0,0.0,0.0,0.0,2,18060.0,18095.0,3,18040.0,18090.0,18090.0,18090.0,5.0,452250.0,443
2023-05-09 21:09:38,al2404,al2404,18090.0,0.0,0.0,0.0,2,18060.0,18095.0,4,18040.0,18090.0,18090.0,18090.0,5.0,452250.0,443
2023-05-09 21:09:50,al2404,al2404,18090.0,0.0,0.0,0.0,12,18060.0,18095.0,4,18040.0,18090.0,18090.0,18090.0,5.0,452250.0,443
2023-05-09 21:10:13,al2404,al2404,18090.0,0.0,0.0,0.0,12,18060.0,18095.0,3,18040.0,18090.0,18090.0,18090.0,5.0,452250.0,443
2023-05-09 21:10:17,al2404,al2404,18090.0,0.0,0.0,0.0,12,18060.0,18090.0,1,18040.0,18090.0,18090.0,18090.0,5.0,452250.0,443
2023-05-09 21:10:19,al2404,al2404,18090.0,0.0,0.0,0.0,12,18060.0,18095.0,3,18040.0,18090.0,18090.0,18090.0,5.0,452250.0,443
2023-05-09 21:10:28,al2404,al2404,18090.0,0.0,0.0,0.0,12,18060.0,18095.0,2,18040.0,18090.0,18090.0,18090.0,5.0,452250.0,443
2023-05-09 21:10:28,al2404,al2404,18090.0,0.0,0.0,0.0,12,18060.0,18210.0,1,18040.0,18090.0,18090.0,18090.0,5.0,452250.0,443
2023-05-09 21:10:29,al2404,al2404,18090.0,0.0,0.0,0.0,12,18060.0,18205.0,10,18040.0,18090.0,18090.0,18090.0,5.0,452250.0,443
2023-05-09 21:10:29,al2404,al2404,18090.0,0.0,0.0,0.0,2,18065.0,18205.0,12,18040.0,18090.0,18090.0,18090.0,5.0,452250.0,443
2023-05-09 21:10:30,al2404,al2404,18090.0,0.0,0.0,0.0,1,18070.0,18205.0,22,18040.0,18090.0,18090.0,18090.0,5.0,452250.0,443
2023-05-09 21:10:30,al2404,al2404,18090.0,0.0,0.0,0.0,2,18070.0,18205.0,22,18040.0,18090.0,18090.0,18090.0,5.0,452250.0,443
2023-05-09 21:10:31,al2404,al2404,18090.0,0.0,0.0,0.0,2,18070.0,18100.0,3,18040.0,18090.0,18090.0,18090.0,5.0,452250.0,443
2023-05-09 21:10:31,al2404,al2404,18090.0,0.0,0.0,0.0,2,18070.0,18100.0,3,18040.0,18090.0,18090.0,18090.0,5.0,452250.0,443
2023-05-09 21:10:33,al2404,al2404,18090.0,0.0,0.0,0.0,2,18070.0,18100.0,3,18040.0,18090.0,18090.0,18090.0,5.0,452250.0,443
2023-05-09 21:10:37,al2404,al2404,18090.0,0.0,0.0,0.0,1,18070.0,18100.0,3,18040.0,18090.0,18090.0,18090.0,5.0,452250.0,443
2023-05-09 21:10:38,al2404,al2404,18090.0,0.0,0.0,0.0,1,18075.0,18100.0,3,18040.0,18090.0,18090.0,18090.0,5.0,452250.0,443
2023-05-09 21:10:38,al2404,al2404,18090.0,0.0,0.0,0.0,1,18075.0,18100.0,3,18040.0,18090.0,18090.0,18090.0,5.0,452250.0,443
2023-05-09 21:10:43,al2404,al2404,18090.0,0.0,0.0,0.0,1,18075.0,18100.0,3,18040.0,18090.0,18090.0,18090.0,5.0,452250.0,443
2023-05-09 21:11:01,al2404,al2404,18090.0,0.0,0.0,0.0,1,18075.0,18100.0,4,18040.0,18090.0,18090.0,18090.0,5.0,452250.0,443
2023-05-09 21:11:51,al2404,al2404,18090.0,0.0,0.0,0.0,1,18075.0,18100.0,3,18040.0,18090.0,18090.0,18090.0,5.0,452250.0,443
2023-05-09 21:11:56,al2404,al2404,18090.0,0.0,0.0,0.0,1,18075.0,18100.0,4,18040.0,18090.0,18090.0,18090.0,5.0,452250.0,443
2023-05-09 21:11:57,al2404,al2404,18090.0,0.0,0.0,0.0,1,18075.0,18100.0,4,18040.0,18090.0,18090.0,18090.0,5.0,452250.0,443
2023-05-09 21:11:58,al2404,al2404,18090.0,0.0,0.0,0.0,2,18080.0,18100.0,4,18040.0,18090.0,18090.0,18090.0,5.0,452250.0,443
2023-05-09 21:11:58,al2404,al2404,18090.0,0.0,0.0,0.0,2,18080.0,18100.0,4,18040.0,18090.0,18090.0,18090.0,5.0,452250.0,443
2023-05-09 21:11:59,al2404,al2404,18090.0,0.0,0.0,0.0,2,18080.0,18100.0,4,18040.0,18090.0,18090.0,18090.0,5.0,452250.0,443
2023-05-09 21:11:59,al2404,al2404,18090.0,0.0,0.0,0.0,2,18080.0,18100.0,4,18040.0,18090.0,18090.0,18090.0,5.0,452250.0,443
2023-05-09 21:12:02,al2404,al2404,18090.0,0.0,0.0,0.0,2,18080.0,18100.0,3,18040.0,18090.0,18090.0,18090.0,5.0,452250.0,443
2023-05-09 21:12:04,al2404,al2404,18090.0,0.0,0.0,0.0,1,18080.0,18100.0,3,18040.0,18090.0,18090.0,18090.0,5.0,452250.0,443
2023-05-09 21:12:06,al2404,al2404,18090.0,0.0,0.0,0.0,1,18000.0,18100.0,3,18040.0,18090.0,18090.0,18090.0,5.0,452250.0,443
2023-05-09 21:12:07,al2404,al2404,18090.0,0.0,0.0,0.0,4,18005.0,18100.0,3,18040.0,18090.0,18090.0,18090.0,5.0,452250.0,443
2023-05-09 21:12:07,al2404,al2404,18090.0,0.0,0.0,0.0,2,18010.0,18100.0,4,18040.0,18090.0,18090.0,18090.0,5.0,452250.0,443
2023-05-09 21:12:08,al2404,al2404,18090.0,0.0,0.0,0.0,2,18015.0,18100.0,3,18040.0,18090.0,18090.0,18090.0,5.0,452250.0,443
2023-05-09 21:12:08,al2404,al2404,18090.0,0.0,0.0,0.0,6,18015.0,18095.0,1,18040.0,18090.0,18090.0,18090.0,5.0,452250.0,443
2023-05-09 21:12:09,al2404,al2404,18090.0,0.0,0.0,0.0,2,18035.0,18095.0,1,18040.0,18090.0,18090.0,18090.0,5.0,452250.0,443
2023-05-09 21:12:09,al2404,al2404,18090.0,0.0,0.0,0.0,1,18040.0,18095.0,1,18040.0,18090.0,18090.0,18090.0,5.0,452250.0,443
2023-05-09 21:12:10,al2404,al2404,18090.0,0.0,0.0,0.0,2,18045.0,18095.0,1,18040.0,18090.0,18090.0,18090.0,5.0,452250.0,443
2023-05-09 21:12:10,al2404,al2404,18090.0,0.0,0.0,0.0,2,18050.0,18095.0,1,18040.0,18090.0,18090.0,18090.0,5.0,452250.0,443
2023-05-09 21:12:11,al2404,al2404,18090.0,0.0,0.0,0.0,6,18050.0,18095.0,1,18040.0,18090.0,18090.0,18090.0,5.0,452250.0,443
2023-05-09 21:12:11,al2404,al2404,18090.0,0.0,0.0,0.0,8,18050.0,18095.0,1,18040.0,18090.0,18090.0,18090.0,5.0,452250.0,443
2023-05-09 21:12:13,al2404,al2404,18090.0,0.0,0.0,0.0,8,18050.0,18095.0,1,18040.0,18090.0,18090.0,18090.0,5.0,452250.0,443
2023-05-09 21:12:13,al2404,al2404,18090.0,0.0,0.0,0.0,10,18050.0,18095.0,1,18040.0,18090.0,18090.0,18090.0,5.0,452250.0,443
2023-05-09 21:12:16,al2404,al2404,18090.0,0.0,0.0,0.0,12,18050.0,18095.0,1,18040.0,18090.0,18090.0,18090.0,5.0,452250.0,443
2023-05-09 21:12:17,al2404,al2404,18090.0,0.0,0.0,0.0,10,18050.0,18095.0,1,18040.0,18090.0,18090.0,18090.0,5.0,452250.0,443
2023-05-09 21:12:18,al2404,al2404,18090.0,0.0,0.0,0.0,2,18055.0,18095.0,1,18040.0,18090.0,18090.0,18090.0,5.0,452250.0,443
2023-05-09 21:12:18,al2404,al2404,18090.0,0.0,0.0,0.0,1,18060.0,18095.0,1,18040.0,18090.0,18090.0,18090.0,5.0,452250.0,443
2023-05-09 21:12:19,al2404,al2404,18090.0,0.0,0.0,0.0,1,18060.0,18095.0,1,18040.0,18090.0,18090.0,18090.0,5.0,452250.0,443
2023-05-09 21:12:19,al2404,al2404,18090.0,0.0,0.0,0.0,2,18065.0,18095.0,1,18040.0,18090.0,18090.0,18090.0,5.0,452250.0,443
2023-05-09 21:12:20,al2404,al2404,18090.0,0.0,0.0,0.0,2,18070.0,18095.0,1,18040.0,18090.0,18090.0,18090.0,5.0,452250.0,443
2023-05-09 21:12:20,al2404,al2404,18090.0,0.0,0.0,0.0,2,18070.0,18095.0,1,18040.0,18090.0,18090.0,18090.0,5.0,452250.0,443
2023-05-09 21:12:21,al2404,al2404,18090.0,0.0,0.0,0.0,2,18070.0,18095.0,1,18040.0,18090.0,18090.0,18090.0,5.0,452250.0,443
2023-05-09 21:12:21,al2404,al2404,18090.0,0.0,0.0,0.0,1,18080.0,18095.0,1,18040.0,18090.0,18090.0,18090.0,5.0,452250.0,443
2023-05-09 21:12:22,al2404,al2404,18090.0,0.0,0.0,0.0,1,18085.0,18095.0,1,18040.0,18090.0,18090.0,18090.0,5.0,452250.0,443
2023-05-09 21:12:22,al2404,al2404,18090.0,0.0,0.0,0.0,1,18085.0,18095.0,1,18040.0,18090.0,18090.0,18090.0,5.0,452250.0,443
2023-05-09 21:12:23,al2404,al2404,18090.0,0.0,0.0,0.0,2,18085.0,18095.0,1,18040.0,18090.0,18090.0,18090.0,5.0,452250.0,443
2023-05-09 21:12:23,al2404,al2404,18090.0,0.0,0.0,0.0,2,18085.0,18095.0,1,18040.0,18090.0,18090.0,18090.0,5.0,452250.0,443
2023-05-09 21:12:33,al2404,al2404,18090.0,0.0,0.0,0.0,1,18085.0,18095.0,1,18040.0,18090.0,18090.0,18090.0,5.0,452250.0,443
2023-05-09 21:12:33,al2404,al2404,18090.0,0.0,0.0,0.0,1,18090.0,18095.0,1,18040.0,18090.0,18090.0,18090.0,5.0,452250.0,443
2023-05-09 21:12:34,al2404,al2404,18090.0,0.0,0.0,0.0,1,18090.0,18095.0,1,18040.0,18090.0,18090.0,18090.0,5.0,452250.0,443
2023-05-09 21:12:36,al2404,al2404,18090.0,0.0,0.0,0.0,1,18080.0,18095.0,1,18040.0,18090.0,18090.0,18090.0,5.0,452250.0,443
2023-05-09 21:12:36,al2404,al2404,18090.0,0.0,0.0,0.0,2,18085.0,18095.0,1,18040.0,18090.0,18090.0,18090.0,5.0,452250.0,443
2023-05-09 21:12:37,al2404,al2404,18090.0,0.0,0.0,0.0,2,18085.0,18095.0,1,18040.0,18090.0,18090.0,18090.0,5.0,452250.0,443
2023-05-09 21:12:38,al2404,al2404,18090.0,0.0,0.0,0.0,2,18085.0,18095.0,1,18040.0,18090.0,18090.0,18090.0,5.0,452250.0,443
2023-05-09 21:12:42,al2404,al2404,18090.0,0.0,0.0,0.0,2,18085.0,18095.0,1,18040.0,18090.0,18090.0,18090.0,5.0,452250.0,443
2023-05-09 21:12:43,al2404,al2404,18090.0,0.0,0.0,0.0,2,18085.0,18095.0,1,18040.0,18090.0,18090.0,18090.0,5.0,452250.0,443
2023-05-09 21:12:46,al2404,al2404,18090.0,0.0,0.0,0.0,1,18085.0,18095.0,1,18040.0,18090.0,18090.0,18090.0,5.0,452250.0,443
2023-05-09 21:12:47,al2404,al2404,18090.0,0.0,0.0,0.0,1,18085.0,18095.0,1,18040.0,18090.0,18090.0,18090.0,5.0,452250.0,443
2023-05-09 21:12:47,al2404,al2404,18090.0,0.0,0.0,0.0,1,18085.0,18095.0,1,18040.0,18090.0,18090.0,18090.0,5.0,452250.0,443
2023-05-09 21:12:50,al2404,al2404,18090.0,0.0,0.0,0.0,1,18085.0,18095.0,1,18040.0,18090.0,18090.0,18090.0,5.0,452250.0,443
2023-05-09 21:12:50,al2404,al2404,18090.0,0.0,0.0,0.0,1,18000.0,18095.0,1,18040.0,18090.0,18090.0,18090.0,5.0,452250.0,443
2023-05-09 21:12:51,al2404,al2404,18090.0,0.0,0.0,0.0,6,18005.0,18095.0,1,18040.0,18090.0,18090.0,18090.0,5.0,452250.0,443
2023-05-09 21:12:51,al2404,al2404,18090.0,0.0,0.0,0.0,12,18005.0,18095.0,1,18040.0,18090.0,18090.0,18090.0,5.0,452250.0,443
2023-05-09 21:12:52,al2404,al2404,18090.0,0.0,0.0,0.0,14,18005.0,18095.0,1,18040.0,18090.0,18090.0,18090.0,5.0,452250.0,443
2023-05-09 21:12:55,al2404,al2404,18090.0,0.0,0.0,0.0,14,18005.0,18095.0,1,18040.0,18090.0,18090.0,18090.0,5.0,452250.0,443
2023-05-09 21:13:02,al2404,al2404,18090.0,0.0,0.0,0.0,12,18005.0,18095.0,1,18040.0,18090.0,18090.0,18090.0,5.0,452250.0,443
2023-05-09 21:13:02,al2404,al2404,18090.0,0.0,0.0,0.0,14,18005.0,18095.0,1,18040.0,18090.0,18090.0,18090.0,5.0,452250.0,443
2023-05-09 21:13:06,al2404,al2404,18090.0,0.0,0.0,0.0,14,18005.0,18090.0,1,18040.0,18090.0,18090.0,18090.0,5.0,452250.0,443
2023-05-09 21:13:08,al2404,al2404,18090.0,0.0,0.0,0.0,12,18005.0,18090.0,1,18040.0,18090.0,18090.0,18090.0,5.0,452250.0,443
2023-05-09 21:13:09,al2404,al2404,18090.0,0.0,0.0,0.0,14,18005.0,18090.0,1,18040.0,18090.0,18090.0,18090.0,5.0,452250.0,443
2023-05-09 21:13:14,al2404,al2404,18090.0,0.0,0.0,0.0,12,18005.0,18090.0,1,18040.0,18090.0,18090.0,18090.0,5.0,452250.0,443
2023-05-09 21:13:14,al2404,al2404,18090.0,0.0,0.0,0.0,14,18005.0,18090.0,1,18040.0,18090.0,18090.0,18090.0,5.0,452250.0,443
2023-05-09 21:13:15,al2404,al2404,18090.0,0.0,0.0,0.0,12,18005.0,18090.0,1,18040.0,18090.0,18090.0,18090.0,5.0,452250.0,443
2023-05-09 21:13:16,al2404,al2404,18090.0,0.0,0.0,0.0,14,18005.0,18090.0,1,18040.0,18090.0,18090.0,18090.0,5.0,452250.0,443
2023-05-09 21:13:25,al2404,al2404,18090.0,0.0,0.0,0.0,12,18005.0,18090.0,1,18040.0,18090.0,18090.0,18090.0,5.0,452250.0,443
2023-05-09 21:13:25,al2404,al2404,18090.0,0.0,0.0,0.0,14,18005.0,18090.0,1,18040.0,18090.0,18090.0,18090.0,5.0,452250.0,443
2023-05-09 21:13:40,al2404,al2404,18090.0,0.0,0.0,0.0,12,18005.0,18090.0,1,18040.0,18090.0,18090.0,18090.0,5.0,452250.0,443
2023-05-09 21:13:41,al2404,al2404,18090.0,0.0,0.0,0.0,14,18005.0,18095.0,1,18040.0,18090.0,18090.0,18090.0,5.0,452250.0,443
2023-05-09 21:13:43,al2404,al2404,18090.0,0.0,0.0,0.0,12,18005.0,18095.0,1,18040.0,18090.0,18090.0,18090.0,5.0,452250.0,443
2023-05-09 21:13:44,al2404,al2404,18090.0,0.0,0.0,0.0,14,18005.0,18095.0,1,18040.0,18090.0,18090.0,18090.0,5.0,452250.0,443
2023-05-09 21:13:49,al2404,al2404,18090.0,0.0,0.0,0.0,14,18005.0,18095.0,2,18040.0,18090.0,18090.0,18090.0,5.0,452250.0,443
2023-05-09 21:14:01,al2404,al2404,18090.0,0.0,0.0,0.0,12,18005.0,18095.0,2,18040.0,18090.0,18090.0,18090.0,5.0,452250.0,443
2023-05-09 21:14:01,al2404,al2404,18090.0,0.0,0.0,0.0,13,18005.0,18095.0,2,18040.0,18090.0,18090.0,18090.0,5.0,452250.0,443
2023-05-09 21:14:02,al2404,al2404,18090.0,0.0,0.0,0.0,11,18005.0,18095.0,2,18040.0,18090.0,18090.0,18090.0,5.0,452250.0,443
2023-05-09 21:14:02,al2404,al2404,18090.0,0.0,0.0,0.0,13,18005.0,18095.0,2,18040.0,18090.0,18090.0,18090.0,5.0,452250.0,443
2023-05-09 21:14:04,al2404,al2404,18090.0,0.0,0.0,0.0,12,18005.0,18095.0,2,18040.0,18090.0,18090.0,18090.0,5.0,452250.0,443
2023-05-09 21:14:25,al2404,al2404,18090.0,0.0,0.0,0.0,12,18005.0,18095.0,2,18040.0,18090.0,18090.0,18090.0,5.0,452250.0,443
2023-05-09 21:14:26,al2404,al2404,18090.0,0.0,0.0,0.0,10,18005.0,18095.0,2,18040.0,18090.0,18090.0,18090.0,5.0,452250.0,443
2023-05-09 21:14:36,al2404,al2404,18090.0,0.0,0.0,0.0,10,18005.0,18095.0,2,18040.0,18090.0,18090.0,18090.0,5.0,452250.0,443
2023-05-09 21:14:39,al2404,al2404,18090.0,0.0,0.0,0.0,10,18005.0,18095.0,2,18040.0,18090.0,18090.0,18090.0,5.0,452250.0,443
2023-05-09 21:14:41,al2404,al2404,18090.0,0.0,0.0,0.0,10,18005.0,18095.0,2,18040.0,18090.0,18090.0,18090.0,5.0,452250.0,443
2023-05-09 21:15:26,al2404,al2404,18090.0,0.0,0.0,0.0,11,18005.0,18095.0,2,18040.0,18090.0,18090.0,18090.0,5.0,452250.0,443
2023-05-09 21:15:39,al2404,al2404,18090.0,0.0,0.0,0.0,11,18005.0,18095.0,1,18040.0,18090.0,18090.0,18090.0,5.0,452250.0,443
2023-05-09 21:15:45,al2404,al2404,18090.0,0.0,0.0,0.0,10,18005.0,18095.0,1,18040.0,18090.0,18090.0,18090.0,5.0,452250.0,443
2023-05-09 21:15:45,al2404,al2404,18090.0,0.0,0.0,0.0,1,18010.0,18110.0,3,18040.0,18090.0,18090.0,18090.0,5.0,452250.0,443
2023-05-09 21:15:46,al2404,al2404,18090.0,0.0,0.0,0.0,2,18015.0,18110.0,3,18040.0,18090.0,18090.0,18090.0,5.0,452250.0,443
2023-05-09 21:15:46,al2404,al2404,18090.0,0.0,0.0,0.0,1,18020.0,18110.0,2,18040.0,18090.0,18090.0,18090.0,5.0,452250.0,443
2023-05-09 21:15:47,al2404,al2404,18090.0,0.0,0.0,0.0,2,18025.0,18110.0,2,18040.0,18090.0,18090.0,18090.0,5.0,452250.0,443
2023-05-09 21:15:47,al2404,al2404,18090.0,0.0,0.0,0.0,2,18025.0,18210.0,1,18040.0,18090.0,18090.0,18090.0,5.0,452250.0,443
2023-05-09 21:15:48,al2404,al2404,18090.0,0.0,0.0,0.0,2,18025.0,18205.0,3,18040.0,18090.0,18090.0,18090.0,5.0,452250.0,443
2023-05-09 21:15:48,al2404,al2404,18090.0,0.0,0.0,0.0,2,18045.0,18200.0,4,18040.0,18090.0,18090.0,18090.0,5.0,452250.0,443
2023-05-09 21:15:49,al2404,al2404,18090.0,0.0,0.0,0.0,2,18050.0,18195.0,1,18040.0,18090.0,18090.0,18090.0,5.0,452250.0,443
2023-05-09 21:15:49,al2404,al2404,18090.0,0.0,0.0,0.0,2,18055.0,18195.0,5,18040.0,18090.0,18090.0,18090.0,5.0,452250.0,443
2023-05-09 21:15:50,al2404,al2404,18090.0,0.0,0.0,0.0,1,18060.0,18195.0,14,18040.0,18090.0,18090.0,18090.0,5.0,452250.0,443
2023-05-09 21:15:50,al2404,al2404,18090.0,0.0,0.0,0.0,3,18060.0,18195.0,15,18040.0,18090.0,18090.0,18090.0,5.0,452250.0,443
2023-05-09 21:15:51,al2404,al2404,18090.0,0.0,0.0,0.0,3,18060.0,18190.0,2,18040.0,18090.0,18090.0,18090.0,5.0,452250.0,443
2023-05-09 21:15:51,al2404,al2404,18090.0,0.0,0.0,0.0,3,18060.0,18185.0,6,18040.0,18090.0,18090.0,18090.0,5.0,452250.0,443
2023-05-09 21:15:52,al2404,al2404,18090.0,0.0,0.0,0.0,4,18060.0,18130.0,2,18040.0,18090.0,18090.0,18090.0,5.0,452250.0,443
2023-05-09 21:15:52,al2404,al2404,18090.0,0.0,0.0,0.0,3,18065.0,18125.0,1,18040.0,18090.0,18090.0,18090.0,5.0,452250.0,443
2023-05-09 21:15:53,al2404,al2404,18090.0,0.0,0.0,0.0,1,18070.0,18125.0,1,18040.0,18090.0,18090.0,18090.0,5.0,452250.0,443
2023-05-09 21:15:53,al2404,al2404,18090.0,0.0,0.0,0.0,1,18070.0,18120.0,1,18040.0,18090.0,18090.0,18090.0,5.0,452250.0,443
2023-05-09 21:15:54,al2404,al2404,18090.0,0.0,0.0,0.0,2,18075.0,18120.0,1,18040.0,18090.0,18090.0,18090.0,5.0,452250.0,443
2023-05-09 21:15:54,al2404,al2404,18090.0,0.0,0.0,0.0,1,18080.0,18120.0,1,18040.0,18090.0,18090.0,18090.0,5.0,452250.0,443
2023-05-09 21:15:55,al2404,al2404,18090.0,0.0,0.0,0.0,1,18080.0,18120.0,1,18040.0,18090.0,18090.0,18090.0,5.0,452250.0,443
2023-05-09 21:15:55,al2404,al2404,18090.0,0.0,0.0,0.0,1,18080.0,18120.0,1,18040.0,18090.0,18090.0,18090.0,5.0,452250.0,443
2023-05-09 21:15:56,al2404,al2404,18090.0,0.0,0.0,0.0,1,18085.0,18120.0,1,18040.0,18090.0,18090.0,18090.0,5.0,452250.0,443
2023-05-09 21:15:56,al2404,al2404,18090.0,0.0,0.0,0.0,1,18090.0,18120.0,1,18040.0,18090.0,18090.0,18090.0,5.0,452250.0,443
2023-05-09 21:15:57,al2404,al2404,18090.0,0.0,0.0,0.0,1,18095.0,18120.0,1,18040.0,18090.0,18090.0,18090.0,5.0,452250.0,443
2023-05-09 21:15:57,al2404,al2404,18090.0,0.0,0.0,0.0,1,18100.0,18200.0,1,18040.0,18090.0,18090.0,18090.0,5.0,452250.0,443
2023-05-09 21:15:58,al2404,al2404,18090.0,0.0,0.0,0.0,1,18100.0,18195.0,1,18040.0,18090.0,18090.0,18090.0,5.0,452250.0,443
2023-05-09 21:15:58,al2404,al2404,18090.0,0.0,0.0,0.0,1,18100.0,18195.0,6,18040.0,18090.0,18090.0,18090.0,5.0,452250.0,443
2023-05-09 21:15:59,al2404,al2404,18090.0,0.0,0.0,0.0,1,18100.0,18120.0,3,18040.0,18090.0,18090.0,18090.0,5.0,452250.0,443
2023-05-09 21:15:59,al2404,al2404,18090.0,0.0,0.0,0.0,1,18100.0,18120.0,3,18040.0,18090.0,18090.0,18090.0,5.0,452250.0,443
2023-05-09 21:16:01,al2404,al2404,18090.0,0.0,0.0,0.0,1,18100.0,18120.0,3,18040.0,18090.0,18090.0,18090.0,5.0,452250.0,443
2023-05-09 21:16:01,al2404,al2404,18090.0,0.0,0.0,0.0,2,18100.0,18120.0,3,18040.0,18090.0,18090.0,18090.0,5.0,452250.0,443
2023-05-09 21:16:03,al2404,al2404,18090.0,0.0,0.0,0.0,1,18100.0,18120.0,3,18040.0,18090.0,18090.0,18090.0,5.0,452250.0,443
2023-05-09 21:16:04,al2404,al2404,18090.0,0.0,0.0,0.0,1,18085.0,18120.0,3,18040.0,18090.0,18090.0,18090.0,5.0,452250.0,443
2023-05-09 21:16:04,al2404,al2404,18090.0,0.0,0.0,0.0,1,18090.0,18120.0,3,18040.0,18090.0,18090.0,18090.0,5.0,452250.0,443
2023-05-09 21:16:05,al2404,al2404,18090.0,0.0,0.0,0.0,1,18095.0,18120.0,3,18040.0,18090.0,18090.0,18090.0,5.0,452250.0,443
2023-05-09 21:16:06,al2404,al2404,18090.0,0.0,0.0,0.0,1,18095.0,18120.0,3,18040.0,18090.0,18090.0,18090.0,5.0,452250.0,443
2023-05-09 21:16:06,al2404,al2404,18090.0,0.0,0.0,0.0,1,18095.0,18120.0,4,18040.0,18090.0,18090.0,18090.0,5.0,452250.0,443
2023-05-09 21:16:07,al2404,al2404,18090.0,0.0,0.0,0.0,1,18095.0,18120.0,3,18040.0,18090.0,18090.0,18090.0,5.0,452250.0,443
2023-05-09 21:16:08,al2404,al2404,18090.0,0.0,0.0,0.0,1,18100.0,18120.0,3,18040.0,18090.0,18090.0,18090.0,5.0,452250.0,443
2023-05-09 21:16:09,al2404,al2404,18090.0,0.0,0.0,0.0,1,18100.0,18120.0,3,18040.0,18090.0,18090.0,18090.0,5.0,452250.0,443
2023-05-09 21:16:10,al2404,al2404,18090.0,0.0,0.0,0.0,2,18100.0,18120.0,3,18040.0,18090.0,18090.0,18090.0,5.0,452250.0,443
2023-05-09 21:16:17,al2404,al2404,18090.0,0.0,0.0,0.0,1,18100.0,18120.0,3,18040.0,18090.0,18090.0,18090.0,5.0,452250.0,443
2023-05-09 21:16:21,al2404,al2404,18090.0,0.0,0.0,0.0,1,18100.0,18120.0,2,18040.0,18090.0,18090.0,18090.0,5.0,452250.0,443
2023-05-09 21:16:22,al2404,al2404,18090.0,0.0,0.0,0.0,1,18100.0,18200.0,1,18040.0,18090.0,18090.0,18090.0,5.0,452250.0,443
2023-05-09 21:16:22,al2404,al2404,18090.0,0.0,0.0,0.0,1,18100.0,18190.0,2,18040.0,18090.0,18090.0,18090.0,5.0,452250.0,443
2023-05-09 21:16:23,al2404,al2404,18090.0,0.0,0.0,0.0,1,18100.0,18185.0,1,18040.0,18090.0,18090.0,18090.0,5.0,452250.0,443
2023-05-09 21:16:23,al2404,al2404,18090.0,0.0,0.0,0.0,1,18100.0,18185.0,13,18040.0,18090.0,18090.0,18090.0,5.0,452250.0,443
2023-05-09 21:16:24,al2404,al2404,18090.0,0.0,0.0,0.0,1,18100.0,18125.0,3,18040.0,18090.0,18090.0,18090.0,5.0,452250.0,443
2023-05-09 21:16:24,al2404,al2404,18090.0,0.0,0.0,0.0,1,18100.0,18125.0,4,18040.0,18090.0,18090.0,18090.0,5.0,452250.0,443
2023-05-09 21:16:26,al2404,al2404,18090.0,0.0,0.0,0.0,2,18100.0,18125.0,4,18040.0,18090.0,18090.0,18090.0,5.0,452250.0,443
2023-05-09 21:16:28,al2404,al2404,18090.0,0.0,0.0,0.0,2,18100.0,18125.0,4,18040.0,18090.0,18090.0,18090.0,5.0,452250.0,443
2023-05-09 21:16:29,al2404,al2404,18090.0,0.0,0.0,0.0,1,18100.0,18125.0,4,18040.0,18090.0,18090.0,18090.0,5.0,452250.0,443
2023-05-09 21:16:30,al2404,al2404,18090.0,0.0,0.0,0.0,2,18100.0,18125.0,4,18040.0,18090.0,18090.0,18090.0,5.0,452250.0,443
2023-05-09 21:16:31,al2404,al2404,18090.0,0.0,0.0,0.0,2,18100.0,18120.0,1,18040.0,18090.0,18090.0,18090.0,5.0,452250.0,443
2023-05-09 21:16:31,al2404,al2404,18090.0,0.0,0.0,0.0,2,18100.0,18125.0,3,18040.0,18090.0,18090.0,18090.0,5.0,452250.0,443
2023-05-09 21:16:32,al2404,al2404,18090.0,0.0,0.0,0.0,2,18100.0,18125.0,4,18040.0,18090.0,18090.0,18090.0,5.0,452250.0,443
2023-05-09 21:16:33,al2404,al2404,18090.0,0.0,0.0,0.0,1,18100.0,18120.0,1,18040.0,18090.0,18090.0,18090.0,5.0,452250.0,443
2023-05-09 21:16:33,al2404,al2404,18090.0,0.0,0.0,0.0,1,18100.0,18120.0,1,18040.0,18090.0,18090.0,18090.0,5.0,452250.0,443
2023-05-09 21:16:34,al2404,al2404,18090.0,0.0,0.0,0.0,1,18100.0,18125.0,3,18040.0,18090.0,18090.0,18090.0,5.0,452250.0,443
2023-05-09 21:16:34,al2404,al2404,18090.0,0.0,0.0,0.0,1,18100.0,18125.0,4,18040.0,18090.0,18090.0,18090.0,5.0,452250.0,443
2023-05-09 21:16:35,al2404,al2404,18090.0,0.0,0.0,0.0,2,18100.0,18125.0,4,18040.0,18090.0,18090.0,18090.0,5.0,452250.0,443
2023-05-09 21:16:36,al2404,al2404,18090.0,0.0,0.0,0.0,2,18100.0,18125.0,4,18040.0,18090.0,18090.0,18090.0,5.0,452250.0,443
2023-05-09 21:16:41,al2404,al2404,18090.0,0.0,0.0,0.0,2,18100.0,18125.0,3,18040.0,18090.0,18090.0,18090.0,5.0,452250.0,443
2023-05-09 21:16:45,al2404,al2404,18090.0,0.0,0.0,0.0,2,18100.0,18120.0,1,18040.0,18090.0,18090.0,18090.0,5.0,452250.0,443
2023-05-09 21:16:53,al2404,al2404,18090.0,0.0,0.0,0.0,2,18100.0,18120.0,1,18040.0,18090.0,18090.0,18090.0,5.0,452250.0,443
2023-05-09 21:16:53,al2404,al2404,18090.0,0.0,0.0,0.0,1,18105.0,18120.0,1,18040.0,18090.0,18090.0,18090.0,5.0,452250.0,443
2023-05-09 21:16:54,al2404,al2404,18090.0,0.0,0.0,0.0,1,18105.0,18120.0,1,18040.0,18090.0,18090.0,18090.0,5.0,452250.0,443
2023-05-09 21:16:54,al2404,al2404,18090.0,0.0,0.0,0.0,1,18105.0,18120.0,1,18040.0,18090.0,18090.0,18090.0,5.0,452250.0,443
2023-05-09 21:17:02,al2404,al2404,18090.0,0.0,0.0,0.0,1,18075.0,18120.0,2,18040.0,18090.0,18090.0,18090.0,5.0,452250.0,443
2023-05-09 21:17:03,al2404,al2404,18090.0,0.0,0.0,0.0,2,18080.0,18120.0,2,18040.0,18090.0,18090.0,18090.0,5.0,452250.0,443
2023-05-09 21:17:03,al2404,al2404,18090.0,0.0,0.0,0.0,2,18080.0,18105.0,2,18040.0,18090.0,18090.0,18090.0,5.0,452250.0,443
2023-05-09 21:17:04,al2404,al2404,18090.0,0.0,0.0,0.0,2,18080.0,18105.0,2,18040.0,18090.0,18090.0,18090.0,5.0,452250.0,443
2023-05-09 21:17:04,al2404,al2404,18090.0,0.0,0.0,0.0,2,18090.0,18105.0,2,18040.0,18090.0,18090.0,18090.0,5.0,452250.0,443
2023-05-09 21:17:05,al2404,al2404,18090.0,0.0,0.0,0.0,1,18095.0,18105.0,2,18040.0,18090.0,18090.0,18090.0,5.0,452250.0,443
2023-05-09 21:17:05,al2404,al2404,18090.0,0.0,0.0,0.0,1,18095.0,18105.0,2,18040.0,18090.0,18090.0,18090.0,5.0,452250.0,443
2023-05-09 21:17:06,al2404,al2404,18090.0,0.0,0.0,0.0,1,18095.0,18105.0,2,18040.0,18090.0,18090.0,18090.0,5.0,452250.0,443
2023-05-09 21:17:06,al2404,al2404,18090.0,0.0,0.0,0.0,2,18095.0,18105.0,2,18040.0,18090.0,18090.0,18090.0,5.0,452250.0,443
2023-05-09 21:17:07,al2404,al2404,18090.0,0.0,0.0,0.0,3,18095.0,18105.0,2,18040.0,18090.0,18090.0,18090.0,5.0,452250.0,443
2023-05-09 21:17:11,al2404,al2404,18090.0,0.0,0.0,0.0,1,18100.0,18105.0,2,18040.0,18090.0,18090.0,18090.0,5.0,452250.0,443
2023-05-09 21:17:11,al2404,al2404,18090.0,0.0,0.0,0.0,1,18100.0,18105.0,2,18040.0,18090.0,18090.0,18090.0,5.0,452250.0,443
2023-05-09 21:17:12,al2404,al2404,18090.0,0.0,0.0,0.0,1,18100.0,18105.0,2,18040.0,18090.0,18090.0,18090.0,5.0,452250.0,443
2023-05-09 21:17:12,al2404,al2404,18090.0,0.0,0.0,0.0,3,18100.0,18105.0,2,18040.0,18090.0,18090.0,18090.0,5.0,452250.0,443
2023-05-09 21:17:13,al2404,al2404,18090.0,0.0,0.0,0.0,2,18100.0,18105.0,2,18040.0,18090.0,18090.0,18090.0,5.0,452250.0,443
2023-05-09 21:17:14,al2404,al2404,18090.0,0.0,0.0,0.0,2,18100.0,18120.0,1,18040.0,18090.0,18090.0,18090.0,5.0,452250.0,443
2023-05-09 21:17:14,al2404,al2404,18090.0,0.0,0.0,0.0,2,18100.0,18120.0,1,18040.0,18090.0,18090.0,18090.0,5.0,452250.0,443
2023-05-09 21:17:19,al2404,al2404,18090.0,0.0,0.0,0.0,1,18000.0,18120.0,1,18040.0,18090.0,18090.0,18090.0,5.0,452250.0,443
2023-05-09 21:17:19,al2404,al2404,18090.0,0.0,0.0,0.0,4,18005.0,18120.0,1,18040.0,18090.0,18090.0,18090.0,5.0,452250.0,443
2023-05-09 21:17:20,al2404,al2404,18090.0,0.0,0.0,0.0,10,18005.0,18120.0,1,18040.0,18090.0,18090.0,18090.0,5.0,452250.0,443
2023-05-09 21:17:21,al2404,al2404,18090.0,0.0,0.0,0.0,11,18005.0,18120.0,1,18040.0,18090.0,18090.0,18090.0,5.0,452250.0,443
2023-05-09 21:17:22,al2404,al2404,18090.0,0.0,0.0,0.0,12,18005.0,18120.0,1,18040.0,18090.0,18090.0,18090.0,5.0,452250.0,443
2023-05-09 21:17:23,al2404,al2404,18090.0,0.0,0.0,0.0,2,18010.0,18120.0,1,18040.0,18090.0,18090.0,18090.0,5.0,452250.0,443
2023-05-09 21:17:23,al2404,al2404,18090.0,0.0,0.0,0.0,2,18015.0,18120.0,1,18040.0,18090.0,18090.0,18090.0,5.0,452250.0,443
2023-05-09 21:17:24,al2404,al2404,18090.0,0.0,0.0,0.0,6,18015.0,18120.0,1,18040.0,18090.0,18090.0,18090.0,5.0,452250.0,443
2023-05-09 21:17:24,al2404,al2404,18090.0,0.0,0.0,0.0,2,18020.0,18120.0,1,18040.0,18090.0,18090.0,18090.0,5.0,452250.0,443
2023-05-09 21:17:25,al2404,al2404,18090.0,0.0,0.0,0.0,2,18025.0,18120.0,1,18040.0,18090.0,18090.0,18090.0,5.0,452250.0,443
2023-05-09 21:17:25,al2404,al2404,18090.0,0.0,0.0,0.0,6,18025.0,18120.0,1,18040.0,18090.0,18090.0,18090.0,5.0,452250.0,443
2023-05-09 21:17:26,al2404,al2404,18090.0,0.0,0.0,0.0,8,18025.0,18120.0,1,18040.0,18090.0,18090.0,18090.0,5.0,452250.0,443
2023-05-09 21:17:26,al2404,al2404,18090.0,0.0,0.0,0.0,2,18045.0,18120.0,1,18040.0,18090.0,18090.0,18090.0,5.0,452250.0,443
2023-05-09 21:17:27,al2404,al2404,18090.0,0.0,0.0,0.0,3,18050.0,18120.0,1,18040.0,18090.0,18090.0,18090.0,5.0,452250.0,443
2023-05-09 21:17:27,al2404,al2404,18090.0,0.0,0.0,0.0,7,18050.0,18120.0,1,18040.0,18090.0,18090.0,18090.0,5.0,452250.0,443
2023-05-09 21:17:28,al2404,al2404,18090.0,0.0,0.0,0.0,1,18085.0,18120.0,1,18040.0,18090.0,18090.0,18090.0,5.0,452250.0,443
2023-05-09 21:17:28,al2404,al2404,18090.0,0.0,0.0,0.0,1,18090.0,18120.0,1,18040.0,18090.0,18090.0,18090.0,5.0,452250.0,443
2023-05-09 21:17:30,al2404,al2404,18090.0,0.0,0.0,0.0,1,18090.0,18120.0,1,18040.0,18090.0,18090.0,18090.0,5.0,452250.0,443
2023-05-09 21:17:30,al2404,al2404,18090.0,0.0,0.0,0.0,1,18095.0,18120.0,1,18040.0,18090.0,18090.0,18090.0,5.0,452250.0,443
2023-05-09 21:17:31,al2404,al2404,18090.0,0.0,0.0,0.0,1,18100.0,18120.0,1,18040.0,18090.0,18090.0,18090.0,5.0,452250.0,443
2023-05-09 21:17:32,al2404,al2404,18090.0,0.0,0.0,0.0,1,18095.0,18120.0,1,18040.0,18090.0,18090.0,18090.0,5.0,452250.0,443
2023-05-09 21:17:33,al2404,al2404,18090.0,0.0,0.0,0.0,1,18085.0,18120.0,2,18040.0,18090.0,18090.0,18090.0,5.0,452250.0,443
2023-05-09 21:17:33,al2404,al2404,18090.0,0.0,0.0,0.0,2,18090.0,18120.0,2,18040.0,18090.0,18090.0,18090.0,5.0,452250.0,443
2023-05-09 21:17:35,al2404,al2404,18090.0,0.0,0.0,0.0,2,18090.0,18120.0,1,18040.0,18090.0,18090.0,18090.0,5.0,452250.0,443
2023-05-09 21:17:44,al2404,al2404,18090.0,0.0,0.0,0.0,2,18090.0,18120.0,2,18040.0,18090.0,18090.0,18090.0,5.0,452250.0,443
2023-05-09 21:17:46,al2404,al2404,18090.0,0.0,0.0,0.0,2,18090.0,18120.0,1,18040.0,18090.0,18090.0,18090.0,5.0,452250.0,443
2023-05-09 21:17:46,al2404,al2404,18090.0,0.0,0.0,0.0,2,18090.0,18120.0,2,18040.0,18090.0,18090.0,18090.0,5.0,452250.0,443
2023-05-09 21:17:57,al2404,al2404,18090.0,0.0,0.0,0.0,2,18090.0,18120.0,2,18040.0,18090.0,18090.0,18090.0,5.0,452250.0,443
2023-05-09 21:17:57,al2404,al2404,18090.0,0.0,0.0,0.0,2,18090.0,18120.0,2,18040.0,18090.0,18090.0,18090.0,5.0,452250.0,443
2023-05-09 21:17:58,al2404,al2404,18090.0,0.0,0.0,0.0,2,18090.0,18120.0,2,18040.0,18090.0,18090.0,18090.0,5.0,452250.0,443
2023-05-09 21:17:59,al2404,al2404,18090.0,0.0,0.0,0.0,2,18090.0,18115.0,3,18040.0,18090.0,18090.0,18090.0,5.0,452250.0,443
2023-05-09 21:18:00,al2404,al2404,18090.0,0.0,0.0,0.0,2,18090.0,18115.0,3,18040.0,18090.0,18090.0,18090.0,5.0,452250.0,443
2023-05-09 21:18:12,al2404,al2404,18090.0,0.0,0.0,0.0,2,18090.0,18115.0,4,18040.0,18090.0,18090.0,18090.0,5.0,452250.0,443
2023-05-09 21:18:15,al2404,al2404,18090.0,0.0,0.0,0.0,2,18090.0,18115.0,3,18040.0,18090.0,18090.0,18090.0,5.0,452250.0,443
2023-05-09 21:18:18,al2404,al2404,18090.0,0.0,0.0,0.0,2,18090.0,18115.0,4,18040.0,18090.0,18090.0,18090.0,5.0,452250.0,443
2023-05-09 21:18:32,al2404,al2404,18090.0,0.0,0.0,0.0,2,18090.0,18110.0,1,18040.0,18090.0,18090.0,18090.0,5.0,452250.0,443
2023-05-09 21:18:33,al2404,al2404,18090.0,0.0,0.0,0.0,2,18090.0,18110.0,1,18040.0,18090.0,18090.0,18090.0,5.0,452250.0,443
2023-05-09 21:18:36,al2404,al2404,18090.0,0.0,0.0,0.0,2,18090.0,18110.0,1,18040.0,18090.0,18090.0,18090.0,5.0,452250.0,443
2023-05-09 21:18:41,al2404,al2404,18090.0,0.0,0.0,0.0,2,18090.0,18110.0,1,18040.0,18090.0,18090.0,18090.0,5.0,452250.0,443
2023-05-09 21:18:41,al2404,al2404,18090.0,0.0,0.0,0.0,2,18090.0,18110.0,1,18040.0,18090.0,18090.0,18090.0,5.0,452250.0,443
2023-05-09 21:18:44,al2404,al2404,18090.0,0.0,0.0,0.0,1,18090.0,18110.0,1,18040.0,18090.0,18090.0,18090.0,5.0,452250.0,443
2023-05-09 21:18:45,al2404,al2404,18090.0,0.0,0.0,0.0,2,18090.0,18110.0,1,18040.0,18090.0,18090.0,18090.0,5.0,452250.0,443
2023-05-09 21:18:48,al2404,al2404,18090.0,0.0,0.0,0.0,1,18090.0,18110.0,2,18040.0,18090.0,18090.0,18090.0,5.0,452250.0,443
2023-05-09 21:18:48,al2404,al2404,18090.0,0.0,0.0,0.0,1,18090.0,18110.0,1,18040.0,18090.0,18090.0,18090.0,5.0,452250.0,443
2023-05-09 21:18:49,al2404,al2404,18090.0,0.0,0.0,0.0,2,18090.0,18110.0,1,18040.0,18090.0,18090.0,18090.0,5.0,452250.0,443
2023-05-09 21:18:58,al2404,al2404,18090.0,0.0,0.0,0.0,2,18090.0,18105.0,3,18040.0,18090.0,18090.0,18090.0,5.0,452250.0,443
2023-05-09 21:19:25,al2404,al2404,18090.0,2.0,180900.0,-2.0,1,18055.0,18105.0,3,18040.0,18090.0,18090.0,18090.0,7.0,633150.0,441
2023-05-09 21:19:25,al2404,al2404,18090.0,0.0,0.0,0.0,2,18060.0,18105.0,3,18040.0,18090.0,18090.0,18090.0,7.0,633150.0,441
2023-05-09 21:19:26,al2404,al2404,18090.0,0.0,0.0,0.0,1,18065.0,18105.0,3,18040.0,18090.0,18090.0,18090.0,7.0,633150.0,441
2023-05-09 21:19:26,al2404,al2404,18090.0,0.0,0.0,0.0,2,18065.0,18105.0,3,18040.0,18090.0,18090.0,18090.0,7.0,633150.0,441
2023-05-09 21:19:28,al2404,al2404,18090.0,0.0,0.0,0.0,2,18065.0,18105.0,3,18040.0,18090.0,18090.0,18090.0,7.0,633150.0,441
2023-05-09 21:19:42,al2404,al2404,18090.0,0.0,0.0,0.0,2,18065.0,18105.0,3,18040.0,18090.0,18090.0,18090.0,7.0,633150.0,441
2023-05-09 21:20:01,al2404,al2404,18090.0,0.0,0.0,0.0,2,18065.0,18100.0,1,18040.0,18090.0,18090.0,18090.0,7.0,633150.0,441
2023-05-09 21:20:02,al2404,al2404,18090.0,0.0,0.0,0.0,2,18065.0,18100.0,1,18040.0,18090.0,18090.0,18090.0,7.0,633150.0,441
2023-05-09 21:20:03,al2404,al2404,18090.0,0.0,0.0,0.0,2,18065.0,18100.0,1,18040.0,18090.0,18090.0,18090.0,7.0,633150.0,441
2023-05-09 21:20:08,al2404,al2404,18090.0,0.0,0.0,0.0,5,18065.0,18100.0,1,18040.0,18090.0,18090.0,18090.0,7.0,633150.0,441
2023-05-09 21:20:13,al2404,al2404,18090.0,0.0,0.0,0.0,3,18065.0,18110.0,1,18040.0,18090.0,18090.0,18090.0,7.0,633150.0,441
2023-05-09 21:20:14,al2404,al2404,18090.0,0.0,0.0,0.0,2,18070.0,18110.0,1,18040.0,18090.0,18090.0,18090.0,7.0,633150.0,441
2023-05-09 21:20:14,al2404,al2404,18090.0,0.0,0.0,0.0,2,18070.0,18110.0,1,18040.0,18090.0,18090.0,18090.0,7.0,633150.0,441
2023-05-09 21:20:15,al2404,al2404,18090.0,0.0,0.0,0.0,2,18070.0,18110.0,1,18040.0,18090.0,18090.0,18090.0,7.0,633150.0,441
2023-05-09 21:20:15,al2404,al2404,18090.0,0.0,0.0,0.0,2,18075.0,18110.0,1,18040.0,18090.0,18090.0,18090.0,7.0,633150.0,441
2023-05-09 21:20:16,al2404,al2404,18090.0,0.0,0.0,0.0,2,18075.0,18110.0,1,18040.0,18090.0,18090.0,18090.0,7.0,633150.0,441
2023-05-09 21:20:16,al2404,al2404,18090.0,0.0,0.0,0.0,2,18075.0,18110.0,1,18040.0,18090.0,18090.0,18090.0,7.0,633150.0,441
2023-05-09 21:20:17,al2404,al2404,18090.0,0.0,0.0,0.0,2,18075.0,18110.0,1,18040.0,18090.0,18090.0,18090.0,7.0,633150.0,441
2023-05-09 21:20:28,al2404,al2404,18090.0,0.0,0.0,0.0,2,18075.0,18110.0,1,18040.0,18090.0,18090.0,18090.0,7.0,633150.0,441
2023-05-09 21:20:29,al2404,al2404,18090.0,0.0,0.0,0.0,2,18075.0,18110.0,1,18040.0,18090.0,18090.0,18090.0,7.0,633150.0,441
2023-05-09 21:20:30,al2404,al2404,18090.0,0.0,0.0,0.0,2,18075.0,18110.0,1,18040.0,18090.0,18090.0,18090.0,7.0,633150.0,441
2023-05-09 21:20:30,al2404,al2404,18090.0,0.0,0.0,0.0,2,18075.0,18110.0,1,18040.0,18090.0,18090.0,18090.0,7.0,633150.0,441
2023-05-09 21:20:35,al2404,al2404,18090.0,0.0,0.0,0.0,10,18080.0,18110.0,1,18040.0,18090.0,18090.0,18090.0,7.0,633150.0,441
2023-05-09 21:20:36,al2404,al2404,18090.0,0.0,0.0,0.0,10,18080.0,18110.0,1,18040.0,18090.0,18090.0,18090.0,7.0,633150.0,441
2023-05-09 21:20:36,al2404,al2404,18090.0,0.0,0.0,0.0,2,18085.0,18110.0,1,18040.0,18090.0,18090.0,18090.0,7.0,633150.0,441
2023-05-09 21:20:57,al2404,al2404,18090.0,0.0,0.0,0.0,10,18080.0,18110.0,1,18040.0,18090.0,18090.0,18090.0,7.0,633150.0,441
2023-05-09 21:21:10,al2404,al2404,18090.0,0.0,0.0,0.0,10,18080.0,18110.0,1,18040.0,18090.0,18090.0,18090.0,7.0,633150.0,441
2023-05-09 21:21:12,al2404,al2404,18090.0,0.0,0.0,0.0,10,18080.0,18105.0,3,18040.0,18090.0,18090.0,18090.0,7.0,633150.0,441
2023-05-09 21:21:13,al2404,al2404,18090.0,0.0,0.0,0.0,2,18085.0,18105.0,3,18040.0,18090.0,18090.0,18090.0,7.0,633150.0,441
2023-05-09 21:21:23,al2404,al2404,18090.0,0.0,0.0,0.0,2,18085.0,18105.0,3,18040.0,18090.0,18090.0,18090.0,7.0,633150.0,441
2023-05-09 21:21:23,al2404,al2404,18090.0,0.0,0.0,0.0,2,18085.0,18105.0,3,18040.0,18090.0,18090.0,18090.0,7.0,633150.0,441
2023-05-09 21:21:24,al2404,al2404,18090.0,0.0,0.0,0.0,2,18085.0,18105.0,3,18040.0,18090.0,18090.0,18090.0,7.0,633150.0,441
2023-05-09 21:21:32,al2404,al2404,18090.0,0.0,0.0,0.0,2,18085.0,18105.0,3,18040.0,18090.0,18090.0,18090.0,7.0,633150.0,441
2023-05-09 21:21:36,al2404,al2404,18090.0,0.0,0.0,0.0,10,18060.0,18105.0,3,18040.0,18090.0,18090.0,18090.0,7.0,633150.0,441
2023-05-09 21:21:37,al2404,al2404,18090.0,0.0,0.0,0.0,2,18065.0,18105.0,3,18040.0,18090.0,18090.0,18090.0,7.0,633150.0,441
2023-05-09 21:21:38,al2404,al2404,18090.0,0.0,0.0,0.0,2,18065.0,18105.0,4,18040.0,18090.0,18090.0,18090.0,7.0,633150.0,441
2023-05-09 21:21:55,al2404,al2404,18090.0,0.0,0.0,0.0,2,18065.0,18100.0,1,18040.0,18090.0,18090.0,18090.0,7.0,633150.0,441
2023-05-09 21:21:55,al2404,al2404,18090.0,0.0,0.0,0.0,2,18065.0,18105.0,3,18040.0,18090.0,18090.0,18090.0,7.0,633150.0,441
2023-05-09 21:21:56,al2404,al2404,18090.0,0.0,0.0,0.0,2,18065.0,18105.0,4,18040.0,18090.0,18090.0,18090.0,7.0,633150.0,441
2023-05-09 21:21:59,al2404,al2404,18090.0,0.0,0.0,0.0,2,18065.0,18105.0,3,18040.0,18090.0,18090.0,18090.0,7.0,633150.0,441
2023-05-09 21:21:59,al2404,al2404,18090.0,0.0,0.0,0.0,2,18065.0,18105.0,4,18040.0,18090.0,18090.0,18090.0,7.0,633150.0,441
2023-05-09 21:22:07,al2404,al2404,18090.0,0.0,0.0,0.0,2,18065.0,18100.0,1,18040.0,18090.0,18090.0,18090.0,7.0,633150.0,441
2023-05-09 21:22:08,al2404,al2404,18090.0,0.0,0.0,0.0,2,18065.0,18100.0,1,18040.0,18090.0,18090.0,18090.0,7.0,633150.0,441
2023-05-09 21:22:25,al2404,al2404,18090.0,0.0,0.0,0.0,2,18065.0,18100.0,1,18040.0,18090.0,18090.0,18090.0,7.0,633150.0,441
2023-05-09 21:22:26,al2404,al2404,18090.0,0.0,0.0,0.0,2,18065.0,18100.0,1,18040.0,18090.0,18090.0,18090.0,7.0,633150.0,441
2023-05-09 21:22:33,al2404,al2404,18090.0,0.0,0.0,0.0,2,18065.0,18095.0,3,18040.0,18090.0,18090.0,18090.0,7.0,633150.0,441
2023-05-09 21:22:49,al2404,al2404,18090.0,0.0,0.0,0.0,3,18070.0,18095.0,3,18040.0,18090.0,18090.0,18090.0,7.0,633150.0,441
2023-05-09 21:22:50,al2404,al2404,18090.0,0.0,0.0,0.0,3,18070.0,18095.0,3,18040.0,18090.0,18090.0,18090.0,7.0,633150.0,441
2023-05-09 21:22:50,al2404,al2404,18090.0,0.0,0.0,0.0,2,18075.0,18095.0,3,18040.0,18090.0,18090.0,18090.0,7.0,633150.0,441
2023-05-09 21:22:52,al2404,al2404,18090.0,0.0,0.0,0.0,2,18075.0,18095.0,3,18040.0,18090.0,18090.0,18090.0,7.0,633150.0,441
2023-05-09 21:22:58,al2404,al2404,18090.0,0.0,0.0,0.0,2,18075.0,18095.0,3,18040.0,18090.0,18090.0,18090.0,7.0,633150.0,441
2023-05-09 21:23:11,al2404,al2404,18090.0,0.0,0.0,0.0,2,18075.0,18095.0,3,18040.0,18090.0,18090.0,18090.0,7.0,633150.0,441
2023-05-09 21:24:16,al2404,al2404,18090.0,0.0,0.0,0.0,10,18060.0,18095.0,3,18040.0,18090.0,18090.0,18090.0,7.0,633150.0,441
2023-05-09 21:24:17,al2404,al2404,18090.0,0.0,0.0,0.0,2,18065.0,18095.0,3,18040.0,18090.0,18090.0,18090.0,7.0,633150.0,441
2023-05-09 21:24:53,al2404,al2404,18090.0,0.0,0.0,0.0,2,18065.0,18095.0,4,18040.0,18090.0,18090.0,18090.0,7.0,633150.0,441
2023-05-09 21:24:53,al2404,al2404,18090.0,0.0,0.0,0.0,2,18065.0,18095.0,5,18040.0,18090.0,18090.0,18090.0,7.0,633150.0,441
2023-05-09 21:24:54,al2404,al2404,18090.0,0.0,0.0,0.0,2,18065.0,18090.0,1,18040.0,18090.0,18090.0,18090.0,7.0,633150.0,441
2023-05-09 21:24:55,al2404,al2404,18090.0,0.0,0.0,0.0,2,18065.0,18095.0,4,18040.0,18090.0,18090.0,18090.0,7.0,633150.0,441
2023-05-09 21:24:55,al2404,al2404,18090.0,0.0,0.0,0.0,10,18060.0,18095.0,5,18040.0,18090.0,18090.0,18090.0,7.0,633150.0,441
2023-05-09 21:24:58,al2404,al2404,18090.0,0.0,0.0,0.0,10,18060.0,18095.0,5,18040.0,18090.0,18090.0,18090.0,7.0,633150.0,441
2023-05-09 21:24:59,al2404,al2404,18090.0,0.0,0.0,0.0,10,18060.0,18095.0,5,18040.0,18090.0,18090.0,18090.0,7.0,633150.0,441
2023-05-09 21:25:01,al2404,al2404,18090.0,0.0,0.0,0.0,10,18060.0,18095.0,3,18040.0,18090.0,18090.0,18090.0,7.0,633150.0,441
2023-05-09 21:25:06,al2404,al2404,18090.0,0.0,0.0,0.0,10,18060.0,18095.0,3,18040.0,18090.0,18090.0,18090.0,7.0,633150.0,441
2023-05-09 21:25:06,al2404,al2404,18090.0,0.0,0.0,0.0,10,18060.0,18095.0,3,18040.0,18090.0,18090.0,18090.0,7.0,633150.0,441
2023-05-09 21:25:36,al2404,al2404,18090.0,0.0,0.0,0.0,10,18060.0,18090.0,1,18040.0,18090.0,18090.0,18090.0,7.0,633150.0,441
2023-05-09 21:25:38,al2404,al2404,18090.0,0.0,0.0,0.0,10,18060.0,18095.0,3,18040.0,18090.0,18090.0,18090.0,7.0,633150.0,441
2023-05-09 21:26:14,al2404,al2404,18090.0,0.0,0.0,0.0,10,18060.0,18095.0,3,18040.0,18090.0,18090.0,18090.0,7.0,633150.0,441
2023-05-09 21:26:15,al2404,al2404,18090.0,0.0,0.0,0.0,10,18060.0,18095.0,3,18040.0,18090.0,18090.0,18090.0,7.0,633150.0,441
2023-05-09 21:26:18,al2404,al2404,18090.0,0.0,0.0,0.0,10,18060.0,18090.0,1,18040.0,18090.0,18090.0,18090.0,7.0,633150.0,441
2023-05-09 21:26:19,al2404,al2404,18090.0,0.0,0.0,0.0,10,18060.0,18095.0,3,18040.0,18090.0,18090.0,18090.0,7.0,633150.0,441
2023-05-09 21:26:26,al2404,al2404,18090.0,0.0,0.0,0.0,2,18065.0,18095.0,3,18040.0,18090.0,18090.0,18090.0,7.0,633150.0,441
2023-05-09 21:26:31,al2404,al2404,18090.0,0.0,0.0,0.0,2,18065.0,18200.0,1,18040.0,18090.0,18090.0,18090.0,7.0,633150.0,441
2023-05-09 21:26:31,al2404,al2404,18090.0,0.0,0.0,0.0,2,18065.0,18195.0,10,18040.0,18090.0,18090.0,18090.0,7.0,633150.0,441
2023-05-09 21:26:32,al2404,al2404,18090.0,0.0,0.0,0.0,2,18065.0,18195.0,15,18040.0,18090.0,18090.0,18090.0,7.0,633150.0,441
2023-05-09 21:26:32,al2404,al2404,18090.0,0.0,0.0,0.0,2,18065.0,18195.0,16,18040.0,18090.0,18090.0,18090.0,7.0,633150.0,441
2023-05-09 21:26:33,al2404,al2404,18090.0,0.0,0.0,0.0,2,18065.0,18195.0,17,18040.0,18090.0,18090.0,18090.0,7.0,633150.0,441
2023-05-09 21:26:33,al2404,al2404,18090.0,0.0,0.0,0.0,2,18065.0,18195.0,18,18040.0,18090.0,18090.0,18090.0,7.0,633150.0,441
2023-05-09 21:26:36,al2404,al2404,18090.0,0.0,0.0,0.0,2,18065.0,18110.0,3,18040.0,18090.0,18090.0,18090.0,7.0,633150.0,441
2023-05-09 21:26:36,al2404,al2404,18090.0,0.0,0.0,0.0,2,18065.0,18110.0,4,18040.0,18090.0,18090.0,18090.0,7.0,633150.0,441
2023-05-09 21:27:00,al2404,al2404,18090.0,0.0,0.0,0.0,2,18065.0,18105.0,1,18040.0,18090.0,18090.0,18090.0,7.0,633150.0,441
2023-05-09 21:27:00,al2404,al2404,18090.0,0.0,0.0,0.0,2,18065.0,18105.0,1,18040.0,18090.0,18090.0,18090.0,7.0,633150.0,441
2023-05-09 21:27:25,al2404,al2404,18090.0,0.0,0.0,0.0,2,18065.0,18105.0,1,18040.0,18090.0,18090.0,18090.0,7.0,633150.0,441
2023-05-09 21:27:26,al2404,al2404,18090.0,0.0,0.0,0.0,2,18065.0,18105.0,1,18040.0,18090.0,18090.0,18090.0,7.0,633150.0,441
2023-05-09 21:27:32,al2404,al2404,18090.0,0.0,0.0,0.0,2,18065.0,18100.0,3,18040.0,18090.0,18090.0,18090.0,7.0,633150.0,441
2023-05-09 21:28:09,al2404,al2404,18090.0,0.0,0.0,0.0,2,18065.0,18100.0,3,18040.0,18090.0,18090.0,18090.0,7.0,633150.0,441
2023-05-09 21:28:24,al2404,al2404,18090.0,0.0,0.0,0.0,2,18065.0,18095.0,1,18040.0,18090.0,18090.0,18090.0,7.0,633150.0,441
2023-05-09 21:28:25,al2404,al2404,18090.0,0.0,0.0,0.0,2,18065.0,18100.0,3,18040.0,18090.0,18090.0,18090.0,7.0,633150.0,441
2023-05-09 21:28:26,al2404,al2404,18090.0,0.0,0.0,0.0,2,18065.0,18100.0,4,18040.0,18090.0,18090.0,18090.0,7.0,633150.0,441
2023-05-09 21:28:26,al2404,al2404,18090.0,0.0,0.0,0.0,2,18065.0,18100.0,3,18040.0,18090.0,18090.0,18090.0,7.0,633150.0,441
2023-05-09 21:28:27,al2404,al2404,18090.0,0.0,0.0,0.0,10,18060.0,18100.0,3,18040.0,18090.0,18090.0,18090.0,7.0,633150.0,441
2023-05-09 21:28:30,al2404,al2404,18090.0,0.0,0.0,0.0,2,18065.0,18100.0,3,18040.0,18090.0,18090.0,18090.0,7.0,633150.0,441
2023-05-09 21:28:32,al2404,al2404,18090.0,0.0,0.0,0.0,2,18065.0,18100.0,4,18040.0,18090.0,18090.0,18090.0,7.0,633150.0,441
2023-05-09 21:28:34,al2404,al2404,18090.0,0.0,0.0,0.0,10,18060.0,18100.0,4,18040.0,18090.0,18090.0,18090.0,7.0,633150.0,441
2023-05-09 21:29:02,al2404,al2404,18090.0,0.0,0.0,0.0,10,18060.0,18100.0,3,18040.0,18090.0,18090.0,18090.0,7.0,633150.0,441
2023-05-09 21:29:03,al2404,al2404,18090.0,0.0,0.0,0.0,10,18060.0,18100.0,4,18040.0,18090.0,18090.0,18090.0,7.0,633150.0,441
2023-05-09 21:29:03,al2404,al2404,18090.0,0.0,0.0,0.0,2,18065.0,18100.0,4,18040.0,18090.0,18090.0,18090.0,7.0,633150.0,441
2023-05-09 21:29:04,al2404,al2404,18090.0,0.0,0.0,0.0,10,18060.0,18100.0,4,18040.0,18090.0,18090.0,18090.0,7.0,633150.0,441
2023-05-09 21:29:05,al2404,al2404,18090.0,0.0,0.0,0.0,10,18060.0,18095.0,1,18040.0,18090.0,18090.0,18090.0,7.0,633150.0,441
2023-05-09 21:29:06,al2404,al2404,18090.0,0.0,0.0,0.0,10,18060.0,18095.0,1,18040.0,18090.0,18090.0,18090.0,7.0,633150.0,441
2023-05-09 21:29:35,al2404,al2404,18090.0,0.0,0.0,0.0,10,18060.0,18095.0,1,18040.0,18090.0,18090.0,18090.0,7.0,633150.0,441
2023-05-09 21:29:37,al2404,al2404,18090.0,0.0,0.0,0.0,10,18060.0,18090.0,3,18040.0,18090.0,18090.0,18090.0,7.0,633150.0,441
2023-05-09 21:29:49,al2404,al2404,18090.0,0.0,0.0,0.0,10,18060.0,18095.0,1,18040.0,18090.0,18090.0,18090.0,7.0,633150.0,441
2023-05-09 21:30:15,al2404,al2404,18090.0,0.0,0.0,0.0,10,18060.0,18090.0,1,18040.0,18090.0,18090.0,18090.0,7.0,633150.0,441
2023-05-09 21:30:15,al2404,al2404,18090.0,0.0,0.0,0.0,10,18060.0,18095.0,1,18040.0,18090.0,18090.0,18090.0,7.0,633150.0,441
2023-05-09 21:30:16,al2404,al2404,18090.0,0.0,0.0,0.0,10,18060.0,18095.0,2,18040.0,18090.0,18090.0,18090.0,7.0,633150.0,441
2023-05-09 21:30:17,al2404,al2404,18090.0,0.0,0.0,0.0,10,18060.0,18090.0,1,18040.0,18090.0,18090.0,18090.0,7.0,633150.0,441
2023-05-09 21:30:18,al2404,al2404,18090.0,0.0,0.0,0.0,2,18065.0,18090.0,1,18040.0,18090.0,18090.0,18090.0,7.0,633150.0,441
2023-05-09 21:30:19,al2404,al2404,18090.0,0.0,0.0,0.0,2,18065.0,18095.0,1,18040.0,18090.0,18090.0,18090.0,7.0,633150.0,441
2023-05-09 21:30:19,al2404,al2404,18090.0,0.0,0.0,0.0,2,18065.0,18095.0,2,18040.0,18090.0,18090.0,18090.0,7.0,633150.0,441
2023-05-09 21:30:20,al2404,al2404,18090.0,0.0,0.0,0.0,2,18065.0,18095.0,1,18040.0,18090.0,18090.0,18090.0,7.0,633150.0,441
2023-05-09 21:30:29,al2404,al2404,18090.0,0.0,0.0,0.0,2,18065.0,18090.0,1,18040.0,18090.0,18090.0,18090.0,7.0,633150.0,441
2023-05-09 21:30:47,al2404,al2404,18090.0,0.0,0.0,0.0,10,18060.0,18090.0,1,18040.0,18090.0,18090.0,18090.0,7.0,633150.0,441
2023-05-09 21:31:30,al2404,al2404,18090.0,0.0,0.0,0.0,1,18000.0,18090.0,1,18040.0,18090.0,18090.0,18090.0,7.0,633150.0,441
2023-05-09 21:31:30,al2404,al2404,18090.0,0.0,0.0,0.0,1,18005.0,18090.0,1,18040.0,18090.0,18090.0,18090.0,7.0,633150.0,441
2023-05-09 21:31:31,al2404,al2404,18090.0,0.0,0.0,0.0,2,18010.0,18090.0,1,18040.0,18090.0,18090.0,18090.0,7.0,633150.0,441
2023-05-09 21:31:31,al2404,al2404,18090.0,0.0,0.0,0.0,6,18010.0,18090.0,1,18040.0,18090.0,18090.0,18090.0,7.0,633150.0,441
2023-05-09 21:31:32,al2404,al2404,18090.0,0.0,0.0,0.0,2,18030.0,18090.0,2,18040.0,18090.0,18090.0,18090.0,7.0,633150.0,441
2023-05-09 21:31:32,al2404,al2404,18090.0,0.0,0.0,0.0,2,18030.0,18090.0,2,18040.0,18090.0,18090.0,18090.0,7.0,633150.0,441
2023-05-09 21:31:33,al2404,al2404,18090.0,0.0,0.0,0.0,2,18030.0,18090.0,2,18040.0,18090.0,18090.0,18090.0,7.0,633150.0,441
2023-05-09 21:31:33,al2404,al2404,18090.0,0.0,0.0,0.0,2,18030.0,18090.0,2,18040.0,18090.0,18090.0,18090.0,7.0,633150.0,441
2023-05-09 21:31:34,al2404,al2404,18090.0,0.0,0.0,0.0,4,18030.0,18090.0,2,18040.0,18090.0,18090.0,18090.0,7.0,633150.0,441
2023-05-09 21:31:38,al2404,al2404,18090.0,0.0,0.0,0.0,2,18030.0,18090.0,2,18040.0,18090.0,18090.0,18090.0,7.0,633150.0,441
2023-05-09 21:31:39,al2404,al2404,18090.0,0.0,0.0,0.0,10,18035.0,18090.0,2,18040.0,18090.0,18090.0,18090.0,7.0,633150.0,441
2023-05-09 21:31:40,al2404,al2404,18090.0,0.0,0.0,0.0,10,18035.0,18090.0,5,18040.0,18090.0,18090.0,18090.0,7.0,633150.0,441
2023-05-09 21:31:40,al2404,al2404,18090.0,0.0,0.0,0.0,1,18055.0,18090.0,5,18040.0,18090.0,18090.0,18090.0,7.0,633150.0,441
2023-05-09 21:31:46,al2404,al2404,18090.0,0.0,0.0,0.0,1,18055.0,18090.0,4,18040.0,18090.0,18090.0,18090.0,7.0,633150.0,441
2023-05-09 21:31:51,al2404,al2404,18090.0,0.0,0.0,0.0,1,18055.0,18085.0,1,18040.0,18090.0,18090.0,18090.0,7.0,633150.0,441
2023-05-09 21:31:51,al2404,al2404,18090.0,0.0,0.0,0.0,1,18055.0,18085.0,2,18040.0,18090.0,18090.0,18090.0,7.0,633150.0,441
2023-05-09 21:31:52,al2404,al2404,18090.0,0.0,0.0,0.0,1,18055.0,18085.0,1,18040.0,18090.0,18090.0,18090.0,7.0,633150.0,441
2023-05-09 21:31:53,al2404,al2404,18090.0,0.0,0.0,0.0,1,18055.0,18080.0,1,18040.0,18090.0,18090.0,18090.0,7.0,633150.0,441
2023-05-09 21:31:54,al2404,al2404,18090.0,0.0,0.0,0.0,1,18040.0,18080.0,1,18040.0,18090.0,18090.0,18090.0,7.0,633150.0,441
2023-05-09 21:31:55,al2404,al2404,18090.0,0.0,0.0,0.0,2,18040.0,18080.0,1,18040.0,18090.0,18090.0,18090.0,7.0,633150.0,441
2023-05-09 21:31:59,al2404,al2404,18090.0,0.0,0.0,0.0,2,18040.0,18090.0,3,18040.0,18090.0,18090.0,18090.0,7.0,633150.0,441
2023-05-09 21:32:00,al2404,al2404,18090.0,0.0,0.0,0.0,2,18040.0,18085.0,1,18040.0,18090.0,18090.0,18090.0,7.0,633150.0,441
2023-05-09 21:32:18,al2404,al2404,18090.0,0.0,0.0,0.0,2,18040.0,18090.0,3,18040.0,18090.0,18090.0,18090.0,7.0,633150.0,441
2023-05-09 21:32:19,al2404,al2404,18090.0,0.0,0.0,0.0,2,18040.0,18085.0,1,18040.0,18090.0,18090.0,18090.0,7.0,633150.0,441
2023-05-09 21:32:32,al2404,al2404,18090.0,0.0,0.0,0.0,2,18040.0,18080.0,1,18040.0,18090.0,18090.0,18090.0,7.0,633150.0,441
2023-05-09 21:32:33,al2404,al2404,18090.0,0.0,0.0,0.0,2,18040.0,18080.0,1,18040.0,18090.0,18090.0,18090.0,7.0,633150.0,441
2023-05-09 21:32:40,al2404,al2404,18090.0,0.0,0.0,0.0,10,18045.0,18080.0,1,18040.0,18090.0,18090.0,18090.0,7.0,633150.0,441
2023-05-09 21:32:41,al2404,al2404,18090.0,0.0,0.0,0.0,10,18045.0,18080.0,1,18040.0,18090.0,18090.0,18090.0,7.0,633150.0,441
2023-05-09 21:32:41,al2404,al2404,18090.0,0.0,0.0,0.0,2,18050.0,18080.0,1,18040.0,18090.0,18090.0,18090.0,7.0,633150.0,441
