time,symbol_id,symbol_name,last,trade_volume,trade_amount,open_interest_change,bv1,bp1,ap1,av1,yesterday_close,today_open,today_high,today_low,volume,amount,open_interest
2023-05-10 08:59:00,AP2403,AP403,8572.0,0.0,0.0,0.0,2,8482.0,8662.0,2,8572.0,8546.0,0.0,0.0,0.0,0.0,1331
2023-05-10 09:00:01,AP2403,AP403,8572.0,0.0,0.0,0.0,1,8559.0,8602.0,1,8572.0,8546.0,0.0,0.0,0.0,0.0,1331
2023-05-10 09:00:01,AP2403,AP403,8572.0,0.0,0.0,0.0,1,8563.0,8602.0,1,8572.0,8546.0,0.0,0.0,0.0,0.0,1331
2023-05-10 09:00:01,AP2403,AP403,8572.0,0.0,0.0,0.0,1,8565.0,8600.0,1,8572.0,8546.0,0.0,0.0,0.0,0.0,1331
2023-05-10 09:00:03,AP2403,AP403,8572.0,0.0,0.0,0.0,1,8569.0,8595.0,1,8572.0,8546.0,0.0,0.0,0.0,0.0,1331
2023-05-10 09:00:03,AP2403,AP403,8572.0,0.0,0.0,0.0,1,8568.0,8589.0,1,8572.0,8546.0,0.0,0.0,0.0,0.0,1331
2023-05-10 09:00:04,AP2403,AP403,8572.0,0.0,0.0,0.0,1,8569.0,8586.0,1,8572.0,8546.0,0.0,0.0,0.0,0.0,1331
2023-05-10 09:00:04,AP2403,AP403,8572.0,0.0,0.0,0.0,1,8570.0,8588.0,1,8572.0,8546.0,0.0,0.0,0.0,0.0,1331
2023-05-10 09:00:04,AP2403,AP403,8572.0,0.0,0.0,0.0,1,8570.0,8587.0,1,8572.0,8546.0,0.0,0.0,0.0,0.0,1331
2023-05-10 09:00:05,AP2403,AP403,8572.0,0.0,0.0,0.0,1,8565.0,8585.0,1,8572.0,8546.0,0.0,0.0,0.0,0.0,1331
2023-05-10 09:00:05,AP2403,AP403,8572.0,0.0,0.0,0.0,1,8566.0,8583.0,1,8572.0,8546.0,0.0,0.0,0.0,0.0,1331
2023-05-10 09:00:06,AP2403,AP403,8572.0,0.0,0.0,0.0,1,8567.0,8584.0,1,8572.0,8546.0,0.0,0.0,0.0,0.0,1331
2023-05-10 09:00:06,AP2403,AP403,8572.0,0.0,0.0,0.0,1,8567.0,8586.0,1,8572.0,8546.0,0.0,0.0,0.0,0.0,1331
2023-05-10 09:00:07,AP2403,AP403,8572.0,0.0,0.0,0.0,1,8567.0,8585.0,1,8572.0,8546.0,0.0,0.0,0.0,0.0,1331
2023-05-10 09:00:08,AP2403,AP403,8572.0,0.0,0.0,0.0,1,8568.0,8588.0,1,8572.0,8546.0,0.0,0.0,0.0,0.0,1331
2023-05-10 09:00:08,AP2403,AP403,8572.0,0.0,0.0,0.0,1,8576.0,8594.0,1,8572.0,8546.0,0.0,0.0,0.0,0.0,1331
2023-05-10 09:00:09,AP2403,AP403,8572.0,0.0,0.0,0.0,1,8578.0,8602.0,1,8572.0,8546.0,0.0,0.0,0.0,0.0,1331
2023-05-10 09:00:10,AP2403,AP403,8572.0,0.0,0.0,0.0,1,8578.0,8594.0,1,8572.0,8546.0,0.0,0.0,0.0,0.0,1331
2023-05-10 09:00:10,AP2403,AP403,8572.0,0.0,0.0,0.0,1,8575.0,8592.0,1,8572.0,8546.0,0.0,0.0,0.0,0.0,1331
2023-05-10 09:00:10,AP2403,AP403,8572.0,0.0,0.0,0.0,1,8575.0,8591.0,1,8572.0,8546.0,0.0,0.0,0.0,0.0,1331
2023-05-10 09:00:11,AP2403,AP403,8572.0,0.0,0.0,0.0,1,8577.0,8591.0,1,8572.0,8546.0,0.0,0.0,0.0,0.0,1331
2023-05-10 09:00:12,AP2403,AP403,8572.0,0.0,0.0,0.0,1,8577.0,8593.0,1,8572.0,8546.0,0.0,0.0,0.0,0.0,1331
2023-05-10 09:00:12,AP2403,AP403,8572.0,0.0,0.0,0.0,1,8579.0,8595.0,1,8572.0,8546.0,0.0,0.0,0.0,0.0,1331
2023-05-10 09:00:12,AP2403,AP403,8572.0,0.0,0.0,0.0,1,8577.0,8595.0,1,8572.0,8546.0,0.0,0.0,0.0,0.0,1331
2023-05-10 09:00:13,AP2403,AP403,8572.0,0.0,0.0,0.0,1,8580.0,8595.0,1,8572.0,8546.0,0.0,0.0,0.0,0.0,1331
2023-05-10 09:00:13,AP2403,AP403,8572.0,0.0,0.0,0.0,1,8577.0,8594.0,1,8572.0,8546.0,0.0,0.0,0.0,0.0,1331
2023-05-10 09:00:14,AP2403,AP403,8572.0,0.0,0.0,0.0,1,8577.0,8592.0,1,8572.0,8546.0,0.0,0.0,0.0,0.0,1331
2023-05-10 09:00:14,AP2403,AP403,8572.0,0.0,0.0,0.0,1,8575.0,8591.0,1,8572.0,8546.0,0.0,0.0,0.0,0.0,1331
2023-05-10 09:00:17,AP2403,AP403,8572.0,0.0,0.0,0.0,1,8570.0,8587.0,1,8572.0,8546.0,0.0,0.0,0.0,0.0,1331
2023-05-10 09:00:18,AP2403,AP403,8572.0,0.0,0.0,0.0,1,8572.0,8592.0,1,8572.0,8546.0,0.0,0.0,0.0,0.0,1331
2023-05-10 09:00:18,AP2403,AP403,8572.0,0.0,0.0,0.0,1,8573.0,8590.0,1,8572.0,8546.0,0.0,0.0,0.0,0.0,1331
2023-05-10 09:00:19,AP2403,AP403,8572.0,0.0,0.0,0.0,1,8575.0,8590.0,1,8572.0,8546.0,0.0,0.0,0.0,0.0,1331
2023-05-10 09:00:19,AP2403,AP403,8572.0,0.0,0.0,0.0,1,8573.0,8590.0,1,8572.0,8546.0,0.0,0.0,0.0,0.0,1331
2023-05-10 09:00:22,AP2403,AP403,8572.0,0.0,0.0,0.0,1,8573.0,8589.0,1,8572.0,8546.0,0.0,0.0,0.0,0.0,1331
2023-05-10 09:00:22,AP2403,AP403,8572.0,0.0,0.0,0.0,1,8570.0,8587.0,1,8572.0,8546.0,0.0,0.0,0.0,0.0,1331
2023-05-10 09:00:23,AP2403,AP403,8572.0,0.0,0.0,0.0,1,8573.0,8586.0,1,8572.0,8546.0,0.0,0.0,0.0,0.0,1331
2023-05-10 09:00:23,AP2403,AP403,8572.0,0.0,0.0,0.0,1,8568.0,8587.0,1,8572.0,8546.0,0.0,0.0,0.0,0.0,1331
2023-05-10 09:00:24,AP2403,AP403,8572.0,0.0,0.0,0.0,1,8569.0,8587.0,1,8572.0,8546.0,0.0,0.0,0.0,0.0,1331
2023-05-10 09:00:24,AP2403,AP403,8572.0,0.0,0.0,0.0,1,8570.0,8585.0,1,8572.0,8546.0,0.0,0.0,0.0,0.0,1331
2023-05-10 09:00:26,AP2403,AP403,8572.0,0.0,0.0,0.0,1,8572.0,8585.0,1,8572.0,8546.0,0.0,0.0,0.0,0.0,1331
2023-05-10 09:00:26,AP2403,AP403,8572.0,0.0,0.0,0.0,1,8572.0,8589.0,1,8572.0,8546.0,0.0,0.0,0.0,0.0,1331
2023-05-10 09:00:26,AP2403,AP403,8572.0,0.0,0.0,0.0,1,8570.0,8589.0,1,8572.0,8546.0,0.0,0.0,0.0,0.0,1331
2023-05-10 09:00:27,AP2403,AP403,8572.0,0.0,0.0,0.0,1,8570.0,8588.0,1,8572.0,8546.0,0.0,0.0,0.0,0.0,1331
2023-05-10 09:00:29,AP2403,AP403,8572.0,0.0,0.0,0.0,1,8571.0,8588.0,1,8572.0,8546.0,0.0,0.0,0.0,0.0,1331
2023-05-10 09:00:30,AP2403,AP403,8572.0,0.0,0.0,0.0,1,8573.0,8590.0,1,8572.0,8546.0,0.0,0.0,0.0,0.0,1331
2023-05-10 09:00:32,AP2403,AP403,8572.0,0.0,0.0,0.0,1,8571.0,8590.0,1,8572.0,8546.0,0.0,0.0,0.0,0.0,1331
2023-05-10 09:00:34,AP2403,AP403,8572.0,0.0,0.0,0.0,1,8571.0,8589.0,1,8572.0,8546.0,0.0,0.0,0.0,0.0,1331
2023-05-10 09:00:35,AP2403,AP403,8572.0,0.0,0.0,0.0,1,8571.0,8588.0,1,8572.0,8546.0,0.0,0.0,0.0,0.0,1331
2023-05-10 09:00:37,AP2403,AP403,8572.0,0.0,0.0,0.0,1,8571.0,8589.0,1,8572.0,8546.0,0.0,0.0,0.0,0.0,1331
2023-05-10 09:00:38,AP2403,AP403,8572.0,0.0,0.0,0.0,1,8572.0,8589.0,1,8572.0,8546.0,0.0,0.0,0.0,0.0,1331
2023-05-10 09:00:41,AP2403,AP403,8572.0,0.0,0.0,0.0,1,8572.0,8588.0,1,8572.0,8546.0,0.0,0.0,0.0,0.0,1331
2023-05-10 09:00:42,AP2403,AP403,8572.0,0.0,0.0,0.0,1,8572.0,8589.0,1,8572.0,8546.0,0.0,0.0,0.0,0.0,1331
2023-05-10 09:00:44,AP2403,AP403,8572.0,0.0,0.0,0.0,1,8572.0,8587.0,1,8572.0,8546.0,0.0,0.0,0.0,0.0,1331
2023-05-10 09:00:48,AP2403,AP403,8572.0,0.0,0.0,0.0,1,8569.0,8584.0,1,8572.0,8546.0,0.0,0.0,0.0,0.0,1331
2023-05-10 09:00:52,AP2403,AP403,8572.0,0.0,0.0,0.0,1,8567.0,8580.0,1,8572.0,8546.0,0.0,0.0,0.0,0.0,1331
2023-05-10 09:00:52,AP2403,AP403,8572.0,0.0,0.0,0.0,1,8561.0,8580.0,1,8572.0,8546.0,0.0,0.0,0.0,0.0,1331
2023-05-10 09:00:53,AP2403,AP403,8572.0,0.0,0.0,0.0,1,8566.0,8580.0,1,8572.0,8546.0,0.0,0.0,0.0,0.0,1331
2023-05-10 09:00:53,AP2403,AP403,8572.0,0.0,0.0,0.0,1,8565.0,8581.0,1,8572.0,8546.0,0.0,0.0,0.0,0.0,1331
2023-05-10 09:00:54,AP2403,AP403,8572.0,0.0,0.0,0.0,1,8567.0,8584.0,1,8572.0,8546.0,0.0,0.0,0.0,0.0,1331
2023-05-10 09:00:54,AP2403,AP403,8572.0,0.0,0.0,0.0,1,8568.0,8584.0,1,8572.0,8546.0,0.0,0.0,0.0,0.0,1331
2023-05-10 09:00:56,AP2403,AP403,8572.0,0.0,0.0,0.0,1,8568.0,8585.0,1,8572.0,8546.0,0.0,0.0,0.0,0.0,1331
2023-05-10 09:00:56,AP2403,AP403,8572.0,0.0,0.0,0.0,1,8568.0,8586.0,1,8572.0,8546.0,0.0,0.0,0.0,0.0,1331
2023-05-10 09:00:56,AP2403,AP403,8572.0,0.0,0.0,0.0,1,8568.0,8584.0,1,8572.0,8546.0,0.0,0.0,0.0,0.0,1331
2023-05-10 09:00:57,AP2403,AP403,8572.0,0.0,0.0,0.0,1,8569.0,8584.0,1,8572.0,8546.0,0.0,0.0,0.0,0.0,1331
2023-05-10 09:00:59,AP2403,AP403,8572.0,0.0,0.0,0.0,1,8568.0,8584.0,1,8572.0,8546.0,0.0,0.0,0.0,0.0,1331
2023-05-10 09:01:01,AP2403,AP403,8572.0,0.0,0.0,0.0,1,8567.0,8583.0,1,8572.0,8546.0,0.0,0.0,0.0,0.0,1331
2023-05-10 09:01:02,AP2403,AP403,8572.0,0.0,0.0,0.0,1,8565.0,8583.0,1,8572.0,8546.0,0.0,0.0,0.0,0.0,1331
2023-05-10 09:01:02,AP2403,AP403,8572.0,0.0,0.0,0.0,1,8563.0,8583.0,1,8572.0,8546.0,0.0,0.0,0.0,0.0,1331
2023-05-10 09:01:04,AP2403,AP403,8572.0,0.0,0.0,0.0,1,8561.0,8583.0,1,8572.0,8546.0,0.0,0.0,0.0,0.0,1331
2023-05-10 09:01:04,AP2403,AP403,8572.0,0.0,0.0,0.0,1,8562.0,8578.0,1,8572.0,8546.0,0.0,0.0,0.0,0.0,1331
2023-05-10 09:01:04,AP2403,AP403,8572.0,0.0,0.0,0.0,1,8563.0,8580.0,1,8572.0,8546.0,0.0,0.0,0.0,0.0,1331
2023-05-10 09:01:05,AP2403,AP403,8572.0,0.0,0.0,0.0,1,8563.0,8579.0,1,8572.0,8546.0,0.0,0.0,0.0,0.0,1331
2023-05-10 09:01:05,AP2403,AP403,8572.0,0.0,0.0,0.0,1,8563.0,8578.0,1,8572.0,8546.0,0.0,0.0,0.0,0.0,1331
2023-05-10 09:01:06,AP2403,AP403,8572.0,0.0,0.0,0.0,1,8562.0,8578.0,1,8572.0,8546.0,0.0,0.0,0.0,0.0,1331
2023-05-10 09:01:06,AP2403,AP403,8572.0,0.0,0.0,0.0,1,8563.0,8580.0,1,8572.0,8546.0,0.0,0.0,0.0,0.0,1331
2023-05-10 09:01:07,AP2403,AP403,8572.0,0.0,0.0,0.0,1,8564.0,8580.0,1,8572.0,8546.0,0.0,0.0,0.0,0.0,1331
2023-05-10 09:01:08,AP2403,AP403,8572.0,0.0,0.0,0.0,1,8564.0,8583.0,1,8572.0,8546.0,0.0,0.0,0.0,0.0,1331
2023-05-10 09:01:09,AP2403,AP403,8572.0,0.0,0.0,0.0,1,8563.0,8580.0,1,8572.0,8546.0,0.0,0.0,0.0,0.0,1331
2023-05-10 09:01:13,AP2403,AP403,8572.0,0.0,0.0,0.0,1,8563.0,8578.0,1,8572.0,8546.0,0.0,0.0,0.0,0.0,1331
2023-05-10 09:01:13,AP2403,AP403,8572.0,0.0,0.0,0.0,1,8563.0,8579.0,1,8572.0,8546.0,0.0,0.0,0.0,0.0,1331
2023-05-10 09:01:14,AP2403,AP403,8572.0,0.0,0.0,0.0,1,8563.0,8580.0,1,8572.0,8546.0,0.0,0.0,0.0,0.0,1331
2023-05-10 09:01:15,AP2403,AP403,8572.0,0.0,0.0,0.0,1,8563.0,8579.0,1,8572.0,8546.0,0.0,0.0,0.0,0.0,1331
2023-05-10 09:01:15,AP2403,AP403,8572.0,0.0,0.0,0.0,1,8562.0,8578.0,1,8572.0,8546.0,0.0,0.0,0.0,0.0,1331
2023-05-10 09:01:16,AP2403,AP403,8572.0,0.0,0.0,0.0,1,8563.0,8579.0,1,8572.0,8546.0,0.0,0.0,0.0,0.0,1331
2023-05-10 09:01:16,AP2403,AP403,8572.0,0.0,0.0,0.0,1,8563.0,8580.0,1,8572.0,8546.0,0.0,0.0,0.0,0.0,1331
2023-05-10 09:01:17,AP2403,AP403,8572.0,0.0,0.0,0.0,1,8564.0,8580.0,1,8572.0,8546.0,0.0,0.0,0.0,0.0,1331
2023-05-10 09:01:18,AP2403,AP403,8572.0,0.0,0.0,0.0,1,8563.0,8580.0,1,8572.0,8546.0,0.0,0.0,0.0,0.0,1331
2023-05-10 09:01:19,AP2403,AP403,8572.0,0.0,0.0,0.0,1,8563.0,8579.0,1,8572.0,8546.0,0.0,0.0,0.0,0.0,1331
2023-05-10 09:01:19,AP2403,AP403,8572.0,0.0,0.0,0.0,1,8562.0,8579.0,1,8572.0,8546.0,0.0,0.0,0.0,0.0,1331
2023-05-10 09:01:20,AP2403,AP403,8572.0,0.0,0.0,0.0,1,8562.0,8578.0,1,8572.0,8546.0,0.0,0.0,0.0,0.0,1331
2023-05-10 09:01:21,AP2403,AP403,8572.0,0.0,0.0,0.0,1,8562.0,8579.0,1,8572.0,8546.0,0.0,0.0,0.0,0.0,1331
2023-05-10 09:01:22,AP2403,AP403,8572.0,0.0,0.0,0.0,1,8562.0,8578.0,1,8572.0,8546.0,0.0,0.0,0.0,0.0,1331
2023-05-10 09:01:23,AP2403,AP403,8572.0,0.0,0.0,0.0,1,8562.0,8579.0,1,8572.0,8546.0,0.0,0.0,0.0,0.0,1331
2023-05-10 09:01:23,AP2403,AP403,8572.0,0.0,0.0,0.0,1,8561.0,8577.0,1,8572.0,8546.0,0.0,0.0,0.0,0.0,1331
2023-05-10 09:01:24,AP2403,AP403,8572.0,0.0,0.0,0.0,1,8561.0,8579.0,1,8572.0,8546.0,0.0,0.0,0.0,0.0,1331
2023-05-10 09:01:24,AP2403,AP403,8572.0,0.0,0.0,0.0,1,8561.0,8578.0,1,8572.0,8546.0,0.0,0.0,0.0,0.0,1331
2023-05-10 09:01:25,AP2403,AP403,8572.0,0.0,0.0,0.0,1,8561.0,8577.0,1,8572.0,8546.0,0.0,0.0,0.0,0.0,1331
2023-05-10 09:01:26,AP2403,AP403,8572.0,0.0,0.0,0.0,1,8543.0,8577.0,1,8572.0,8546.0,0.0,0.0,0.0,0.0,1331
2023-05-10 09:01:26,AP2403,AP403,8572.0,0.0,0.0,0.0,1,8543.0,8576.0,1,8572.0,8546.0,0.0,0.0,0.0,0.0,1331
2023-05-10 09:01:28,AP2403,AP403,8572.0,0.0,0.0,0.0,1,8543.0,8577.0,1,8572.0,8546.0,0.0,0.0,0.0,0.0,1331
2023-05-10 09:01:29,AP2403,AP403,8572.0,0.0,0.0,0.0,1,8560.0,8577.0,1,8572.0,8546.0,0.0,0.0,0.0,0.0,1331
2023-05-10 09:01:30,AP2403,AP403,8572.0,0.0,0.0,0.0,1,8560.0,8576.0,1,8572.0,8546.0,0.0,0.0,0.0,0.0,1331
2023-05-10 09:01:30,AP2403,AP403,8572.0,0.0,0.0,0.0,1,8560.0,8577.0,1,8572.0,8546.0,0.0,0.0,0.0,0.0,1331
2023-05-10 09:01:31,AP2403,AP403,8572.0,0.0,0.0,0.0,1,8560.0,8576.0,1,8572.0,8546.0,0.0,0.0,0.0,0.0,1331
2023-05-10 09:01:32,AP2403,AP403,8572.0,0.0,0.0,0.0,1,8552.0,8575.0,1,8572.0,8546.0,0.0,0.0,0.0,0.0,1331
2023-05-10 09:01:33,AP2403,AP403,8572.0,0.0,0.0,0.0,1,8559.0,8575.0,1,8572.0,8546.0,0.0,0.0,0.0,0.0,1331
2023-05-10 09:01:33,AP2403,AP403,8572.0,0.0,0.0,0.0,1,8559.0,8576.0,1,8572.0,8546.0,0.0,0.0,0.0,0.0,1331
2023-05-10 09:01:35,AP2403,AP403,8572.0,0.0,0.0,0.0,1,8559.0,8575.0,1,8572.0,8546.0,0.0,0.0,0.0,0.0,1331
2023-05-10 09:01:36,AP2403,AP403,8572.0,0.0,0.0,0.0,1,8552.0,8575.0,1,8572.0,8546.0,0.0,0.0,0.0,0.0,1331
2023-05-10 09:01:36,AP2403,AP403,8572.0,0.0,0.0,0.0,1,8557.0,8574.0,1,8572.0,8546.0,0.0,0.0,0.0,0.0,1331
2023-05-10 09:01:37,AP2403,AP403,8572.0,0.0,0.0,0.0,1,8557.0,8573.0,1,8572.0,8546.0,0.0,0.0,0.0,0.0,1331
2023-05-10 09:01:38,AP2403,AP403,8572.0,0.0,0.0,0.0,1,8557.0,8575.0,1,8572.0,8546.0,0.0,0.0,0.0,0.0,1331
2023-05-10 09:01:40,AP2403,AP403,8572.0,0.0,0.0,0.0,1,8557.0,8574.0,1,8572.0,8546.0,0.0,0.0,0.0,0.0,1331
2023-05-10 09:01:40,AP2403,AP403,8572.0,0.0,0.0,0.0,1,8557.0,8575.0,1,8572.0,8546.0,0.0,0.0,0.0,0.0,1331
2023-05-10 09:01:41,AP2403,AP403,8572.0,0.0,0.0,0.0,1,8557.0,8574.0,1,8572.0,8546.0,0.0,0.0,0.0,0.0,1331
2023-05-10 09:01:42,AP2403,AP403,8572.0,0.0,0.0,0.0,1,8557.0,8573.0,1,8572.0,8546.0,0.0,0.0,0.0,0.0,1331
2023-05-10 09:01:43,AP2403,AP403,8572.0,0.0,0.0,0.0,1,8555.0,8572.0,1,8572.0,8546.0,0.0,0.0,0.0,0.0,1331
2023-05-10 09:01:43,AP2403,AP403,8572.0,0.0,0.0,0.0,1,8556.0,8573.0,1,8572.0,8546.0,0.0,0.0,0.0,0.0,1331
2023-05-10 09:01:45,AP2403,AP403,8572.0,0.0,0.0,0.0,1,8556.0,8572.0,1,8572.0,8546.0,0.0,0.0,0.0,0.0,1331
2023-05-10 09:01:47,AP2403,AP403,8572.0,0.0,0.0,0.0,1,8556.0,8573.0,1,8572.0,8546.0,0.0,0.0,0.0,0.0,1331
2023-05-10 09:01:49,AP2403,AP403,8572.0,0.0,0.0,0.0,1,8556.0,8574.0,1,8572.0,8546.0,0.0,0.0,0.0,0.0,1331
2023-05-10 09:01:50,AP2403,AP403,8572.0,0.0,0.0,0.0,1,8557.0,8574.0,1,8572.0,8546.0,0.0,0.0,0.0,0.0,1331
2023-05-10 09:01:51,AP2403,AP403,8572.0,0.0,0.0,0.0,1,8559.0,8576.0,1,8572.0,8546.0,0.0,0.0,0.0,0.0,1331
2023-05-10 09:01:51,AP2403,AP403,8572.0,0.0,0.0,0.0,1,8560.0,8577.0,1,8572.0,8546.0,0.0,0.0,0.0,0.0,1331
2023-05-10 09:01:52,AP2403,AP403,8572.0,0.0,0.0,0.0,1,8561.0,8577.0,1,8572.0,8546.0,0.0,0.0,0.0,0.0,1331
2023-05-10 09:01:52,AP2403,AP403,8572.0,0.0,0.0,0.0,1,8562.0,8577.0,1,8572.0,8546.0,0.0,0.0,0.0,0.0,1331
2023-05-10 09:01:54,AP2403,AP403,8572.0,0.0,0.0,0.0,1,8562.0,8579.0,1,8572.0,8546.0,0.0,0.0,0.0,0.0,1331
2023-05-10 09:01:54,AP2403,AP403,8572.0,0.0,0.0,0.0,1,8564.0,8580.0,1,8572.0,8546.0,0.0,0.0,0.0,0.0,1331
2023-05-10 09:01:59,AP2403,AP403,8572.0,0.0,0.0,0.0,1,8564.0,8583.0,1,8572.0,8546.0,0.0,0.0,0.0,0.0,1331
2023-05-10 09:01:59,AP2403,AP403,8572.0,0.0,0.0,0.0,1,8567.0,8585.0,1,8572.0,8546.0,0.0,0.0,0.0,0.0,1331
2023-05-10 09:01:59,AP2403,AP403,8572.0,0.0,0.0,0.0,1,8567.0,8586.0,1,8572.0,8546.0,0.0,0.0,0.0,0.0,1331
2023-05-10 09:02:00,AP2403,AP403,8572.0,0.0,0.0,0.0,1,8569.0,8585.0,1,8572.0,8546.0,0.0,0.0,0.0,0.0,1331
2023-05-10 09:02:03,AP2403,AP403,8572.0,0.0,0.0,0.0,1,8568.0,8584.0,1,8572.0,8546.0,0.0,0.0,0.0,0.0,1331
2023-05-10 09:02:04,AP2403,AP403,8572.0,0.0,0.0,0.0,1,8567.0,8584.0,1,8572.0,8546.0,0.0,0.0,0.0,0.0,1331
2023-05-10 09:02:06,AP2403,AP403,8572.0,0.0,0.0,0.0,1,8565.0,8584.0,1,8572.0,8546.0,0.0,0.0,0.0,0.0,1331
2023-05-10 09:02:07,AP2403,AP403,8572.0,0.0,0.0,0.0,1,8564.0,8584.0,1,8572.0,8546.0,0.0,0.0,0.0,0.0,1331
2023-05-10 09:02:10,AP2403,AP403,8572.0,0.0,0.0,0.0,1,8564.0,8581.0,1,8572.0,8546.0,0.0,0.0,0.0,0.0,1331
2023-05-10 09:02:19,AP2403,AP403,8572.0,0.0,0.0,0.0,1,8563.0,8581.0,1,8572.0,8546.0,0.0,0.0,0.0,0.0,1331
2023-05-10 09:02:21,AP2403,AP403,8572.0,0.0,0.0,0.0,1,8562.0,8581.0,1,8572.0,8546.0,0.0,0.0,0.0,0.0,1331
2023-05-10 09:02:23,AP2403,AP403,8572.0,0.0,0.0,0.0,1,8563.0,8581.0,1,8572.0,8546.0,0.0,0.0,0.0,0.0,1331
2023-05-10 09:02:23,AP2403,AP403,8572.0,0.0,0.0,0.0,1,8561.0,8581.0,1,8572.0,8546.0,0.0,0.0,0.0,0.0,1331
2023-05-10 09:02:25,AP2403,AP403,8572.0,0.0,0.0,0.0,1,8560.0,8581.0,1,8572.0,8546.0,0.0,0.0,0.0,0.0,1331
2023-05-10 09:02:26,AP2403,AP403,8572.0,0.0,0.0,0.0,1,8560.0,8576.0,1,8572.0,8546.0,0.0,0.0,0.0,0.0,1331
2023-05-10 09:02:26,AP2403,AP403,8572.0,0.0,0.0,0.0,1,8560.0,8577.0,1,8572.0,8546.0,0.0,0.0,0.0,0.0,1331
2023-05-10 09:02:28,AP2403,AP403,8572.0,0.0,0.0,0.0,1,8560.0,8575.0,1,8572.0,8546.0,0.0,0.0,0.0,0.0,1331
2023-05-10 09:02:29,AP2403,AP403,8572.0,0.0,0.0,0.0,1,8560.0,8576.0,1,8572.0,8546.0,0.0,0.0,0.0,0.0,1331
2023-05-10 09:02:31,AP2403,AP403,8572.0,0.0,0.0,0.0,1,8560.0,8575.0,1,8572.0,8546.0,0.0,0.0,0.0,0.0,1331
2023-05-10 09:02:32,AP2403,AP403,8572.0,0.0,0.0,0.0,1,8556.0,8575.0,1,8572.0,8546.0,0.0,0.0,0.0,0.0,1331
2023-05-10 09:02:32,AP2403,AP403,8572.0,0.0,0.0,0.0,1,8556.0,8571.0,1,8572.0,8546.0,0.0,0.0,0.0,0.0,1331
2023-05-10 09:02:34,AP2403,AP403,8572.0,0.0,0.0,0.0,1,8556.0,8572.0,1,8572.0,8546.0,0.0,0.0,0.0,0.0,1331
2023-05-10 09:02:35,AP2403,AP403,8572.0,0.0,0.0,0.0,1,8556.0,8573.0,1,8572.0,8546.0,0.0,0.0,0.0,0.0,1331
2023-05-10 09:02:37,AP2403,AP403,8572.0,0.0,0.0,0.0,1,8556.0,8572.0,1,8572.0,8546.0,0.0,0.0,0.0,0.0,1331
2023-05-10 09:02:38,AP2403,AP403,8572.0,0.0,0.0,0.0,1,8557.0,8572.0,1,8572.0,8546.0,0.0,0.0,0.0,0.0,1331
2023-05-10 09:02:40,AP2403,AP403,8572.0,0.0,0.0,0.0,1,8557.0,8571.0,1,8572.0,8546.0,0.0,0.0,0.0,0.0,1331
2023-05-10 09:02:41,AP2403,AP403,8572.0,0.0,0.0,0.0,1,8557.0,8572.0,1,8572.0,8546.0,0.0,0.0,0.0,0.0,1331
2023-05-10 09:02:43,AP2403,AP403,8572.0,0.0,0.0,0.0,1,8557.0,8571.0,1,8572.0,8546.0,0.0,0.0,0.0,0.0,1331
2023-05-10 09:02:44,AP2403,AP403,8572.0,0.0,0.0,0.0,1,8557.0,8572.0,1,8572.0,8546.0,0.0,0.0,0.0,0.0,1331
2023-05-10 09:02:44,AP2403,AP403,8572.0,0.0,0.0,0.0,1,8557.0,8571.0,1,8572.0,8546.0,0.0,0.0,0.0,0.0,1331
2023-05-10 09:02:45,AP2403,AP403,8572.0,0.0,0.0,0.0,1,8557.0,8573.0,1,8572.0,8546.0,0.0,0.0,0.0,0.0,1331
2023-05-10 09:02:46,AP2403,AP403,8572.0,0.0,0.0,0.0,1,8557.0,8572.0,1,8572.0,8546.0,0.0,0.0,0.0,0.0,1331
2023-05-10 09:02:48,AP2403,AP403,8572.0,0.0,0.0,0.0,1,8553.0,8571.0,1,8572.0,8546.0,0.0,0.0,0.0,0.0,1331
2023-05-10 09:02:48,AP2403,AP403,8572.0,0.0,0.0,0.0,1,8543.0,8568.0,1,8572.0,8546.0,0.0,0.0,0.0,0.0,1331
2023-05-10 09:02:49,AP2403,AP403,8572.0,0.0,0.0,0.0,2,8543.0,8564.0,1,8572.0,8546.0,0.0,0.0,0.0,0.0,1331
2023-05-10 09:02:49,AP2403,AP403,8572.0,0.0,0.0,0.0,1,8551.0,8566.0,1,8572.0,8546.0,0.0,0.0,0.0,0.0,1331
2023-05-10 09:02:50,AP2403,AP403,8572.0,0.0,0.0,0.0,1,8552.0,8570.0,1,8572.0,8546.0,0.0,0.0,0.0,0.0,1331
2023-05-10 09:02:51,AP2403,AP403,8572.0,0.0,0.0,0.0,1,8553.0,8570.0,1,8572.0,8546.0,0.0,0.0,0.0,0.0,1331
2023-05-10 09:02:53,AP2403,AP403,8572.0,0.0,0.0,0.0,1,8554.0,8570.0,1,8572.0,8546.0,0.0,0.0,0.0,0.0,1331
2023-05-10 09:02:53,AP2403,AP403,8572.0,0.0,0.0,0.0,1,8557.0,8572.0,1,8572.0,8546.0,0.0,0.0,0.0,0.0,1331
2023-05-10 09:02:54,AP2403,AP403,8572.0,0.0,0.0,0.0,1,8543.0,8570.0,1,8572.0,8546.0,0.0,0.0,0.0,0.0,1331
2023-05-10 09:02:54,AP2403,AP403,8572.0,0.0,0.0,0.0,1,8556.0,8572.0,1,8572.0,8546.0,0.0,0.0,0.0,0.0,1331
2023-05-10 09:02:55,AP2403,AP403,8572.0,0.0,0.0,0.0,1,8543.0,8572.0,1,8572.0,8546.0,0.0,0.0,0.0,0.0,1331
2023-05-10 09:02:55,AP2403,AP403,8572.0,0.0,0.0,0.0,1,8555.0,8571.0,1,8572.0,8546.0,0.0,0.0,0.0,0.0,1331
2023-05-10 09:02:56,AP2403,AP403,8572.0,0.0,0.0,0.0,1,8549.0,8572.0,1,8572.0,8546.0,0.0,0.0,0.0,0.0,1331
2023-05-10 09:02:56,AP2403,AP403,8572.0,0.0,0.0,0.0,1,8557.0,8572.0,1,8572.0,8546.0,0.0,0.0,0.0,0.0,1331
2023-05-10 09:02:57,AP2403,AP403,8572.0,0.0,0.0,0.0,1,8543.0,8572.0,1,8572.0,8546.0,0.0,0.0,0.0,0.0,1331
2023-05-10 09:02:57,AP2403,AP403,8572.0,0.0,0.0,0.0,1,8549.0,8571.0,1,8572.0,8546.0,0.0,0.0,0.0,0.0,1331
2023-05-10 09:02:59,AP2403,AP403,8572.0,0.0,0.0,0.0,1,8555.0,8571.0,1,8572.0,8546.0,0.0,0.0,0.0,0.0,1331
2023-05-10 09:02:59,AP2403,AP403,8572.0,0.0,0.0,0.0,1,8557.0,8572.0,1,8572.0,8546.0,0.0,0.0,0.0,0.0,1331
2023-05-10 09:03:00,AP2403,AP403,8572.0,0.0,0.0,0.0,1,8543.0,8572.0,1,8572.0,8546.0,0.0,0.0,0.0,0.0,1331
2023-05-10 09:03:00,AP2403,AP403,8572.0,0.0,0.0,0.0,1,8557.0,8572.0,1,8572.0,8546.0,0.0,0.0,0.0,0.0,1331
2023-05-10 09:03:01,AP2403,AP403,8572.0,0.0,0.0,0.0,1,8558.0,8573.0,1,8572.0,8546.0,0.0,0.0,0.0,0.0,1331
2023-05-10 09:03:01,AP2403,AP403,8572.0,0.0,0.0,0.0,1,8559.0,8575.0,1,8572.0,8546.0,0.0,0.0,0.0,0.0,1331
2023-05-10 09:03:02,AP2403,AP403,8572.0,0.0,0.0,0.0,1,8561.0,8575.0,1,8572.0,8546.0,0.0,0.0,0.0,0.0,1331
2023-05-10 09:03:02,AP2403,AP403,8572.0,0.0,0.0,0.0,1,8562.0,8576.0,1,8572.0,8546.0,0.0,0.0,0.0,0.0,1331
2023-05-10 09:03:04,AP2403,AP403,8572.0,0.0,0.0,0.0,1,8563.0,8580.0,1,8572.0,8546.0,0.0,0.0,0.0,0.0,1331
2023-05-10 09:03:04,AP2403,AP403,8572.0,0.0,0.0,0.0,1,8566.0,8580.0,1,8572.0,8546.0,0.0,0.0,0.0,0.0,1331
2023-05-10 09:03:05,AP2403,AP403,8572.0,0.0,0.0,0.0,1,8567.0,8581.0,1,8572.0,8546.0,0.0,0.0,0.0,0.0,1331
2023-05-10 09:03:05,AP2403,AP403,8572.0,0.0,0.0,0.0,1,8564.0,8581.0,1,8572.0,8546.0,0.0,0.0,0.0,0.0,1331
2023-05-10 09:03:06,AP2403,AP403,8572.0,0.0,0.0,0.0,1,8567.0,8581.0,1,8572.0,8546.0,0.0,0.0,0.0,0.0,1331
2023-05-10 09:03:09,AP2403,AP403,8572.0,0.0,0.0,0.0,1,8559.0,8581.0,1,8572.0,8546.0,0.0,0.0,0.0,0.0,1331
2023-05-10 09:03:09,AP2403,AP403,8572.0,0.0,0.0,0.0,1,8565.0,8581.0,1,8572.0,8546.0,0.0,0.0,0.0,0.0,1331
2023-05-10 09:03:10,AP2403,AP403,8572.0,0.0,0.0,0.0,1,8566.0,8581.0,1,8572.0,8546.0,0.0,0.0,0.0,0.0,1331
2023-05-10 09:03:11,AP2403,AP403,8572.0,0.0,0.0,0.0,1,8564.0,8580.0,1,8572.0,8546.0,0.0,0.0,0.0,0.0,1331
2023-05-10 09:03:11,AP2403,AP403,8572.0,0.0,0.0,0.0,1,8565.0,8581.0,1,8572.0,8546.0,0.0,0.0,0.0,0.0,1331
2023-05-10 09:03:12,AP2403,AP403,8572.0,0.0,0.0,0.0,1,8566.0,8581.0,1,8572.0,8546.0,0.0,0.0,0.0,0.0,1331
2023-05-10 09:03:12,AP2403,AP403,8572.0,0.0,0.0,0.0,1,8563.0,8580.0,1,8572.0,8546.0,0.0,0.0,0.0,0.0,1331
2023-05-10 09:03:12,AP2403,AP403,8572.0,0.0,0.0,0.0,1,8566.0,8581.0,1,8572.0,8546.0,0.0,0.0,0.0,0.0,1331
2023-05-10 09:03:13,AP2403,AP403,8572.0,0.0,0.0,0.0,1,8564.0,8576.0,1,8572.0,8546.0,0.0,0.0,0.0,0.0,1331
2023-05-10 09:03:13,AP2403,AP403,8572.0,0.0,0.0,0.0,1,8566.0,8581.0,1,8572.0,8546.0,0.0,0.0,0.0,0.0,1331
2023-05-10 09:03:15,AP2403,AP403,8572.0,0.0,0.0,0.0,1,8565.0,8577.0,1,8572.0,8546.0,0.0,0.0,0.0,0.0,1331
2023-05-10 09:03:15,AP2403,AP403,8572.0,0.0,0.0,0.0,1,8563.0,8579.0,1,8572.0,8546.0,0.0,0.0,0.0,0.0,1331
2023-05-10 09:03:18,AP2403,AP403,8572.0,0.0,0.0,0.0,1,8559.0,8580.0,1,8572.0,8546.0,0.0,0.0,0.0,0.0,1331
2023-05-10 09:03:19,AP2403,AP403,8572.0,0.0,0.0,0.0,1,8562.0,8578.0,1,8572.0,8546.0,0.0,0.0,0.0,0.0,1331
2023-05-10 09:03:19,AP2403,AP403,8572.0,0.0,0.0,0.0,1,8563.0,8578.0,1,8572.0,8546.0,0.0,0.0,0.0,0.0,1331
2023-05-10 09:03:20,AP2403,AP403,8572.0,0.0,0.0,0.0,1,8564.0,8578.0,1,8572.0,8546.0,0.0,0.0,0.0,0.0,1331
2023-05-10 09:03:20,AP2403,AP403,8572.0,0.0,0.0,0.0,1,8564.0,8579.0,1,8572.0,8546.0,0.0,0.0,0.0,0.0,1331
2023-05-10 09:03:23,AP2403,AP403,8572.0,0.0,0.0,0.0,1,8564.0,8576.0,1,8572.0,8546.0,0.0,0.0,0.0,0.0,1331
2023-05-10 09:03:23,AP2403,AP403,8572.0,0.0,0.0,0.0,1,8564.0,8579.0,1,8572.0,8546.0,0.0,0.0,0.0,0.0,1331
2023-05-10 09:03:25,AP2403,AP403,8572.0,0.0,0.0,0.0,1,8564.0,8581.0,1,8572.0,8546.0,0.0,0.0,0.0,0.0,1331
2023-05-10 09:03:27,AP2403,AP403,8572.0,0.0,0.0,0.0,1,8566.0,8581.0,1,8572.0,8546.0,0.0,0.0,0.0,0.0,1331
2023-05-10 09:03:31,AP2403,AP403,8572.0,0.0,0.0,0.0,1,8566.0,8580.0,1,8572.0,8546.0,0.0,0.0,0.0,0.0,1331
2023-05-10 09:03:32,AP2403,AP403,8572.0,0.0,0.0,0.0,1,8564.0,8580.0,1,8572.0,8546.0,0.0,0.0,0.0,0.0,1331
2023-05-10 09:03:34,AP2403,AP403,8572.0,0.0,0.0,0.0,2,8564.0,8580.0,1,8572.0,8546.0,0.0,0.0,0.0,0.0,1331
2023-05-10 09:03:35,AP2403,AP403,8572.0,0.0,0.0,0.0,2,8564.0,8579.0,1,8572.0,8546.0,0.0,0.0,0.0,0.0,1331
2023-05-10 09:03:36,AP2403,AP403,8572.0,0.0,0.0,0.0,1,8564.0,8579.0,1,8572.0,8546.0,0.0,0.0,0.0,0.0,1331
2023-05-10 09:03:39,AP2403,AP403,8572.0,0.0,0.0,0.0,1,8559.0,8578.0,1,8572.0,8546.0,0.0,0.0,0.0,0.0,1331
2023-05-10 09:03:39,AP2403,AP403,8572.0,0.0,0.0,0.0,1,8559.0,8577.0,1,8572.0,8546.0,0.0,0.0,0.0,0.0,1331
2023-05-10 09:03:41,AP2403,AP403,8572.0,0.0,0.0,0.0,1,8559.0,8576.0,1,8572.0,8546.0,0.0,0.0,0.0,0.0,1331
2023-05-10 09:03:42,AP2403,AP403,8572.0,0.0,0.0,0.0,1,8559.0,8575.0,1,8572.0,8546.0,0.0,0.0,0.0,0.0,1331
2023-05-10 09:03:43,AP2403,AP403,8572.0,0.0,0.0,0.0,1,8559.0,8571.0,1,8572.0,8546.0,0.0,0.0,0.0,0.0,1331
2023-05-10 09:03:43,AP2403,AP403,8572.0,0.0,0.0,0.0,1,8559.0,8575.0,1,8572.0,8546.0,0.0,0.0,0.0,0.0,1331
2023-05-10 09:03:48,AP2403,AP403,8572.0,0.0,0.0,0.0,1,8559.0,8576.0,1,8572.0,8546.0,0.0,0.0,0.0,0.0,1331
2023-05-10 09:03:50,AP2403,AP403,8572.0,0.0,0.0,0.0,1,8559.0,8575.0,1,8572.0,8546.0,0.0,0.0,0.0,0.0,1331
2023-05-10 09:03:54,AP2403,AP403,8572.0,0.0,0.0,0.0,1,8562.0,8575.0,1,8572.0,8546.0,0.0,0.0,0.0,0.0,1331
2023-05-10 09:03:54,AP2403,AP403,8572.0,0.0,0.0,0.0,1,8561.0,8576.0,1,8572.0,8546.0,0.0,0.0,0.0,0.0,1331
2023-05-10 09:03:55,AP2403,AP403,8572.0,0.0,0.0,0.0,1,8560.0,8576.0,1,8572.0,8546.0,0.0,0.0,0.0,0.0,1331
2023-05-10 09:04:00,AP2403,AP403,8572.0,0.0,0.0,0.0,1,8560.0,8575.0,1,8572.0,8546.0,0.0,0.0,0.0,0.0,1331
2023-05-10 09:04:00,AP2403,AP403,8572.0,0.0,0.0,0.0,1,8559.0,8575.0,1,8572.0,8546.0,0.0,0.0,0.0,0.0,1331
2023-05-10 09:04:03,AP2403,AP403,8572.0,0.0,0.0,0.0,1,8559.0,8576.0,1,8572.0,8546.0,0.0,0.0,0.0,0.0,1331
2023-05-10 09:04:13,AP2403,AP403,8572.0,0.0,0.0,0.0,1,8559.0,8578.0,1,8572.0,8546.0,0.0,0.0,0.0,0.0,1331
2023-05-10 09:04:13,AP2403,AP403,8572.0,0.0,0.0,0.0,1,8563.0,8578.0,1,8572.0,8546.0,0.0,0.0,0.0,0.0,1331
2023-05-10 09:04:16,AP2403,AP403,8572.0,0.0,0.0,0.0,1,8566.0,8578.0,1,8572.0,8546.0,0.0,0.0,0.0,0.0,1331
2023-05-10 09:04:16,AP2403,AP403,8572.0,0.0,0.0,0.0,1,8565.0,8578.0,1,8572.0,8546.0,0.0,0.0,0.0,0.0,1331
2023-05-10 09:04:17,AP2403,AP403,8572.0,0.0,0.0,0.0,1,8563.0,8578.0,1,8572.0,8546.0,0.0,0.0,0.0,0.0,1331
2023-05-10 09:04:17,AP2403,AP403,8572.0,0.0,0.0,0.0,1,8564.0,8578.0,1,8572.0,8546.0,0.0,0.0,0.0,0.0,1331
2023-05-10 09:04:20,AP2403,AP403,8572.0,0.0,0.0,0.0,1,8566.0,8578.0,1,8572.0,8546.0,0.0,0.0,0.0,0.0,1331
2023-05-10 09:04:22,AP2403,AP403,8572.0,0.0,0.0,0.0,1,8561.0,8578.0,1,8572.0,8546.0,0.0,0.0,0.0,0.0,1331
2023-05-10 09:04:23,AP2403,AP403,8572.0,0.0,0.0,0.0,1,8561.0,8580.0,1,8572.0,8546.0,0.0,0.0,0.0,0.0,1331
2023-05-10 09:04:24,AP2403,AP403,8572.0,0.0,0.0,0.0,1,8561.0,8576.0,1,8572.0,8546.0,0.0,0.0,0.0,0.0,1331
2023-05-10 09:04:24,AP2403,AP403,8572.0,0.0,0.0,0.0,1,8564.0,8576.0,1,8572.0,8546.0,0.0,0.0,0.0,0.0,1331
2023-05-10 09:04:26,AP2403,AP403,8572.0,0.0,0.0,0.0,1,8561.0,8576.0,1,8572.0,8546.0,0.0,0.0,0.0,0.0,1331
2023-05-10 09:04:27,AP2403,AP403,8572.0,0.0,0.0,0.0,1,8561.0,8575.0,1,8572.0,8546.0,0.0,0.0,0.0,0.0,1331
2023-05-10 09:04:29,AP2403,AP403,8572.0,0.0,0.0,0.0,1,8561.0,8576.0,1,8572.0,8546.0,0.0,0.0,0.0,0.0,1331
2023-05-10 09:04:29,AP2403,AP403,8572.0,0.0,0.0,0.0,1,8561.0,8581.0,1,8572.0,8546.0,0.0,0.0,0.0,0.0,1331
2023-05-10 09:04:29,AP2403,AP403,8572.0,0.0,0.0,0.0,1,8567.0,8585.0,1,8572.0,8546.0,0.0,0.0,0.0,0.0,1331
2023-05-10 09:04:30,AP2403,AP403,8572.0,0.0,0.0,0.0,1,8561.0,8589.0,1,8572.0,8546.0,0.0,0.0,0.0,0.0,1331
2023-05-10 09:04:30,AP2403,AP403,8572.0,0.0,0.0,0.0,1,8572.0,8589.0,1,8572.0,8546.0,0.0,0.0,0.0,0.0,1331
2023-05-10 09:04:31,AP2403,AP403,8572.0,0.0,0.0,0.0,1,8561.0,8587.0,1,8572.0,8546.0,0.0,0.0,0.0,0.0,1331
2023-05-10 09:04:31,AP2403,AP403,8572.0,0.0,0.0,0.0,1,8569.0,8585.0,1,8572.0,8546.0,0.0,0.0,0.0,0.0,1331
2023-05-10 09:04:32,AP2403,AP403,8572.0,0.0,0.0,0.0,1,8561.0,8584.0,1,8572.0,8546.0,0.0,0.0,0.0,0.0,1331
2023-05-10 09:04:33,AP2403,AP403,8572.0,0.0,0.0,0.0,1,8568.0,8581.0,1,8572.0,8546.0,0.0,0.0,0.0,0.0,1331
2023-05-10 09:04:33,AP2403,AP403,8572.0,0.0,0.0,0.0,1,8568.0,8584.0,1,8572.0,8546.0,0.0,0.0,0.0,0.0,1331
2023-05-10 09:04:36,AP2403,AP403,8572.0,0.0,0.0,0.0,1,8568.0,8595.0,1,8572.0,8546.0,0.0,0.0,0.0,0.0,1331
2023-05-10 09:04:36,AP2403,AP403,8572.0,0.0,0.0,0.0,1,8574.0,8594.0,1,8572.0,8546.0,0.0,0.0,0.0,0.0,1331
2023-05-10 09:04:37,AP2403,AP403,8572.0,0.0,0.0,0.0,1,8568.0,8590.0,1,8572.0,8546.0,0.0,0.0,0.0,0.0,1331
2023-05-10 09:04:37,AP2403,AP403,8572.0,0.0,0.0,0.0,1,8563.0,8579.0,1,8572.0,8546.0,0.0,0.0,0.0,0.0,1331
2023-05-10 09:04:38,AP2403,AP403,8572.0,0.0,0.0,0.0,1,8564.0,8579.0,1,8572.0,8546.0,0.0,0.0,0.0,0.0,1331
2023-05-10 09:04:38,AP2403,AP403,8572.0,0.0,0.0,0.0,1,8563.0,8579.0,1,8572.0,8546.0,0.0,0.0,0.0,0.0,1331
2023-05-10 09:04:40,AP2403,AP403,8572.0,0.0,0.0,0.0,1,8561.0,8579.0,1,8572.0,8546.0,0.0,0.0,0.0,0.0,1331
2023-05-10 09:04:40,AP2403,AP403,8572.0,0.0,0.0,0.0,1,8563.0,8579.0,1,8572.0,8546.0,0.0,0.0,0.0,0.0,1331
2023-05-10 09:04:41,AP2403,AP403,8572.0,0.0,0.0,0.0,1,8563.0,8576.0,1,8572.0,8546.0,0.0,0.0,0.0,0.0,1331
2023-05-10 09:04:42,AP2403,AP403,8572.0,0.0,0.0,0.0,1,8561.0,8576.0,1,8572.0,8546.0,0.0,0.0,0.0,0.0,1331
2023-05-10 09:04:43,AP2403,AP403,8572.0,0.0,0.0,0.0,1,8561.0,8574.0,1,8572.0,8546.0,0.0,0.0,0.0,0.0,1331
2023-05-10 09:04:44,AP2403,AP403,8572.0,0.0,0.0,0.0,1,8559.0,8574.0,1,8572.0,8546.0,0.0,0.0,0.0,0.0,1331
2023-05-10 09:04:45,AP2403,AP403,8572.0,0.0,0.0,0.0,1,8560.0,8574.0,1,8572.0,8546.0,0.0,0.0,0.0,0.0,1331
2023-05-10 09:04:45,AP2403,AP403,8572.0,0.0,0.0,0.0,1,8561.0,8573.0,1,8572.0,8546.0,0.0,0.0,0.0,0.0,1331
2023-05-10 09:04:46,AP2403,AP403,8572.0,0.0,0.0,0.0,1,8561.0,8574.0,1,8572.0,8546.0,0.0,0.0,0.0,0.0,1331
2023-05-10 09:04:49,AP2403,AP403,8572.0,0.0,0.0,0.0,1,8563.0,8576.0,1,8572.0,8546.0,0.0,0.0,0.0,0.0,1331
2023-05-10 09:04:49,AP2403,AP403,8572.0,0.0,0.0,0.0,1,8561.0,8576.0,1,8572.0,8546.0,0.0,0.0,0.0,0.0,1331
2023-05-10 09:04:50,AP2403,AP403,8572.0,0.0,0.0,0.0,2,8562.0,8576.0,1,8572.0,8546.0,0.0,0.0,0.0,0.0,1331
2023-05-10 09:04:50,AP2403,AP403,8572.0,0.0,0.0,0.0,1,8562.0,8576.0,1,8572.0,8546.0,0.0,0.0,0.0,0.0,1331
2023-05-10 09:04:51,AP2403,AP403,8572.0,0.0,0.0,0.0,1,8562.0,8574.0,1,8572.0,8546.0,0.0,0.0,0.0,0.0,1331
2023-05-10 09:04:52,AP2403,AP403,8572.0,0.0,0.0,0.0,1,8559.0,8572.0,1,8572.0,8546.0,0.0,0.0,0.0,0.0,1331
2023-05-10 09:04:52,AP2403,AP403,8572.0,0.0,0.0,0.0,1,8561.0,8574.0,1,8572.0,8546.0,0.0,0.0,0.0,0.0,1331
2023-05-10 09:04:53,AP2403,AP403,8572.0,0.0,0.0,0.0,1,8559.0,8572.0,1,8572.0,8546.0,0.0,0.0,0.0,0.0,1331
2023-05-10 09:04:57,AP2403,AP403,8572.0,0.0,0.0,0.0,1,8560.0,8574.0,1,8572.0,8546.0,0.0,0.0,0.0,0.0,1331
2023-05-10 09:04:58,AP2403,AP403,8572.0,0.0,0.0,0.0,1,8561.0,8574.0,1,8572.0,8546.0,0.0,0.0,0.0,0.0,1331
2023-05-10 09:04:59,AP2403,AP403,8572.0,0.0,0.0,0.0,1,8560.0,8574.0,1,8572.0,8546.0,0.0,0.0,0.0,0.0,1331
2023-05-10 09:05:04,AP2403,AP403,8572.0,0.0,0.0,0.0,1,8561.0,8576.0,1,8572.0,8546.0,0.0,0.0,0.0,0.0,1331
2023-05-10 09:05:05,AP2403,AP403,8572.0,0.0,0.0,0.0,1,8560.0,8578.0,1,8572.0,8546.0,0.0,0.0,0.0,0.0,1331
2023-05-10 09:05:05,AP2403,AP403,8572.0,0.0,0.0,0.0,1,8564.0,8579.0,1,8572.0,8546.0,0.0,0.0,0.0,0.0,1331
2023-05-10 09:05:06,AP2403,AP403,8572.0,0.0,0.0,0.0,1,8566.0,8579.0,1,8572.0,8546.0,0.0,0.0,0.0,0.0,1331
2023-05-10 09:05:07,AP2403,AP403,8572.0,0.0,0.0,0.0,1,8560.0,8577.0,1,8572.0,8546.0,0.0,0.0,0.0,0.0,1331
2023-05-10 09:05:07,AP2403,AP403,8572.0,0.0,0.0,0.0,1,8564.0,8579.0,1,8572.0,8546.0,0.0,0.0,0.0,0.0,1331
2023-05-10 09:05:07,AP2403,AP403,8572.0,0.0,0.0,0.0,1,8560.0,8577.0,1,8572.0,8546.0,0.0,0.0,0.0,0.0,1331
2023-05-10 09:05:08,AP2403,AP403,8572.0,0.0,0.0,0.0,1,8563.0,8577.0,1,8572.0,8546.0,0.0,0.0,0.0,0.0,1331
2023-05-10 09:05:08,AP2403,AP403,8572.0,0.0,0.0,0.0,1,8564.0,8577.0,1,8572.0,8546.0,0.0,0.0,0.0,0.0,1331
2023-05-10 09:05:09,AP2403,AP403,8572.0,0.0,0.0,0.0,1,8561.0,8577.0,1,8572.0,8546.0,0.0,0.0,0.0,0.0,1331
2023-05-10 09:05:09,AP2403,AP403,8572.0,0.0,0.0,0.0,1,8563.0,8577.0,1,8572.0,8546.0,0.0,0.0,0.0,0.0,1331
2023-05-10 09:05:10,AP2403,AP403,8572.0,0.0,0.0,0.0,1,8562.0,8577.0,1,8572.0,8546.0,0.0,0.0,0.0,0.0,1331
2023-05-10 09:05:10,AP2403,AP403,8572.0,0.0,0.0,0.0,1,8563.0,8577.0,1,8572.0,8546.0,0.0,0.0,0.0,0.0,1331
2023-05-10 09:05:11,AP2403,AP403,8572.0,0.0,0.0,0.0,1,8565.0,8578.0,1,8572.0,8546.0,0.0,0.0,0.0,0.0,1331
2023-05-10 09:05:11,AP2403,AP403,8572.0,0.0,0.0,0.0,1,8561.0,8578.0,1,8572.0,8546.0,0.0,0.0,0.0,0.0,1331
2023-05-10 09:05:12,AP2403,AP403,8572.0,0.0,0.0,0.0,1,8562.0,8578.0,1,8572.0,8546.0,0.0,0.0,0.0,0.0,1331
2023-05-10 09:05:12,AP2403,AP403,8572.0,0.0,0.0,0.0,1,8563.0,8578.0,1,8572.0,8546.0,0.0,0.0,0.0,0.0,1331
2023-05-10 09:05:13,AP2403,AP403,8572.0,0.0,0.0,0.0,1,8562.0,8578.0,1,8572.0,8546.0,0.0,0.0,0.0,0.0,1331
2023-05-10 09:05:13,AP2403,AP403,8572.0,0.0,0.0,0.0,1,8563.0,8578.0,1,8572.0,8546.0,0.0,0.0,0.0,0.0,1331
2023-05-10 09:05:14,AP2403,AP403,8572.0,0.0,0.0,0.0,1,8564.0,8578.0,1,8572.0,8546.0,0.0,0.0,0.0,0.0,1331
2023-05-10 09:05:14,AP2403,AP403,8572.0,0.0,0.0,0.0,1,8562.0,8578.0,1,8572.0,8546.0,0.0,0.0,0.0,0.0,1331
2023-05-10 09:05:15,AP2403,AP403,8572.0,0.0,0.0,0.0,1,8563.0,8578.0,1,8572.0,8546.0,0.0,0.0,0.0,0.0,1331
2023-05-10 09:05:15,AP2403,AP403,8572.0,0.0,0.0,0.0,1,8562.0,8578.0,1,8572.0,8546.0,0.0,0.0,0.0,0.0,1331
2023-05-10 09:05:16,AP2403,AP403,8572.0,0.0,0.0,0.0,1,8563.0,8578.0,1,8572.0,8546.0,0.0,0.0,0.0,0.0,1331
2023-05-10 09:05:17,AP2403,AP403,8572.0,0.0,0.0,0.0,1,8562.0,8575.0,1,8572.0,8546.0,0.0,0.0,0.0,0.0,1331
2023-05-10 09:05:17,AP2403,AP403,8572.0,0.0,0.0,0.0,1,8560.0,8574.0,1,8572.0,8546.0,0.0,0.0,0.0,0.0,1331
2023-05-10 09:05:18,AP2403,AP403,8572.0,0.0,0.0,0.0,1,8558.0,8572.0,1,8572.0,8546.0,0.0,0.0,0.0,0.0,1331
2023-05-10 09:05:18,AP2403,AP403,8572.0,0.0,0.0,0.0,1,8551.0,8571.0,1,8572.0,8546.0,0.0,0.0,0.0,0.0,1331
2023-05-10 09:05:18,AP2403,AP403,8572.0,0.0,0.0,0.0,1,8555.0,8568.0,1,8572.0,8546.0,0.0,0.0,0.0,0.0,1331
2023-05-10 09:05:19,AP2403,AP403,8572.0,0.0,0.0,0.0,1,8551.0,8570.0,1,8572.0,8546.0,0.0,0.0,0.0,0.0,1331
2023-05-10 09:05:19,AP2403,AP403,8572.0,0.0,0.0,0.0,1,8553.0,8567.0,1,8572.0,8546.0,0.0,0.0,0.0,0.0,1331
2023-05-10 09:05:21,AP2403,AP403,8572.0,0.0,0.0,0.0,1,8554.0,8569.0,1,8572.0,8546.0,0.0,0.0,0.0,0.0,1331
2023-05-10 09:05:21,AP2403,AP403,8572.0,0.0,0.0,0.0,1,8556.0,8569.0,1,8572.0,8546.0,0.0,0.0,0.0,0.0,1331
2023-05-10 09:05:22,AP2403,AP403,8572.0,0.0,0.0,0.0,1,8557.0,8570.0,1,8572.0,8546.0,0.0,0.0,0.0,0.0,1331
2023-05-10 09:05:22,AP2403,AP403,8572.0,0.0,0.0,0.0,1,8555.0,8570.0,1,8572.0,8546.0,0.0,0.0,0.0,0.0,1331
2023-05-10 09:05:22,AP2403,AP403,8572.0,0.0,0.0,0.0,1,8556.0,8570.0,1,8572.0,8546.0,0.0,0.0,0.0,0.0,1331
2023-05-10 09:05:22,AP2403,AP403,8572.0,0.0,0.0,0.0,1,8557.0,8570.0,1,8572.0,8546.0,0.0,0.0,0.0,0.0,1331
2023-05-10 09:05:23,AP2403,AP403,8572.0,0.0,0.0,0.0,1,8555.0,8570.0,1,8572.0,8546.0,0.0,0.0,0.0,0.0,1331
2023-05-10 09:05:24,AP2403,AP403,8572.0,0.0,0.0,0.0,1,8556.0,8570.0,1,8572.0,8546.0,0.0,0.0,0.0,0.0,1331
2023-05-10 09:05:24,AP2403,AP403,8572.0,0.0,0.0,0.0,1,8551.0,8569.0,1,8572.0,8546.0,0.0,0.0,0.0,0.0,1331
2023-05-10 09:05:25,AP2403,AP403,8572.0,0.0,0.0,0.0,1,8551.0,8570.0,1,8572.0,8546.0,0.0,0.0,0.0,0.0,1331
2023-05-10 09:05:25,AP2403,AP403,8572.0,0.0,0.0,0.0,1,8555.0,8570.0,1,8572.0,8546.0,0.0,0.0,0.0,0.0,1331
2023-05-10 09:05:27,AP2403,AP403,8572.0,0.0,0.0,0.0,1,8555.0,8569.0,1,8572.0,8546.0,0.0,0.0,0.0,0.0,1331
2023-05-10 09:05:27,AP2403,AP403,8572.0,0.0,0.0,0.0,1,8551.0,8569.0,1,8572.0,8546.0,0.0,0.0,0.0,0.0,1331
2023-05-10 09:05:28,AP2403,AP403,8572.0,0.0,0.0,0.0,1,8554.0,8568.0,1,8572.0,8546.0,0.0,0.0,0.0,0.0,1331
2023-05-10 09:05:28,AP2403,AP403,8572.0,0.0,0.0,0.0,2,8551.0,8566.0,1,8572.0,8546.0,0.0,0.0,0.0,0.0,1331
2023-05-10 09:05:29,AP2403,AP403,8572.0,0.0,0.0,0.0,2,8551.0,8567.0,1,8572.0,8546.0,0.0,0.0,0.0,0.0,1331
2023-05-10 09:05:31,AP2403,AP403,8572.0,0.0,0.0,0.0,2,8551.0,8566.0,1,8572.0,8546.0,0.0,0.0,0.0,0.0,1331
2023-05-10 09:05:31,AP2403,AP403,8572.0,0.0,0.0,0.0,1,8550.0,8565.0,1,8572.0,8546.0,0.0,0.0,0.0,0.0,1331
2023-05-10 09:05:32,AP2403,AP403,8572.0,0.0,0.0,0.0,1,8543.0,8561.0,1,8572.0,8546.0,0.0,0.0,0.0,0.0,1331
2023-05-10 09:05:32,AP2403,AP403,8572.0,0.0,0.0,0.0,1,8542.0,8561.0,1,8572.0,8546.0,0.0,0.0,0.0,0.0,1331
2023-05-10 09:05:33,AP2403,AP403,8572.0,0.0,0.0,0.0,1,8545.0,8564.0,1,8572.0,8546.0,0.0,0.0,0.0,0.0,1331
2023-05-10 09:05:33,AP2403,AP403,8572.0,0.0,0.0,0.0,1,8547.0,8563.0,1,8572.0,8546.0,0.0,0.0,0.0,0.0,1331
2023-05-10 09:05:33,AP2403,AP403,8572.0,0.0,0.0,0.0,1,8548.0,8564.0,1,8572.0,8546.0,0.0,0.0,0.0,0.0,1331
2023-05-10 09:05:34,AP2403,AP403,8572.0,0.0,0.0,0.0,1,8549.0,8565.0,1,8572.0,8546.0,0.0,0.0,0.0,0.0,1331
2023-05-10 09:05:35,AP2403,AP403,8572.0,0.0,0.0,0.0,1,8550.0,8565.0,1,8572.0,8546.0,0.0,0.0,0.0,0.0,1331
2023-05-10 09:05:36,AP2403,AP403,8572.0,0.0,0.0,0.0,1,8550.0,8566.0,1,8572.0,8546.0,0.0,0.0,0.0,0.0,1331
2023-05-10 09:05:40,AP2403,AP403,8572.0,0.0,0.0,0.0,1,8551.0,8566.0,1,8572.0,8546.0,0.0,0.0,0.0,0.0,1331
2023-05-10 09:05:40,AP2403,AP403,8572.0,0.0,0.0,0.0,1,8551.0,8565.0,1,8572.0,8546.0,0.0,0.0,0.0,0.0,1331
2023-05-10 09:05:40,AP2403,AP403,8572.0,0.0,0.0,0.0,1,8550.0,8565.0,1,8572.0,8546.0,0.0,0.0,0.0,0.0,1331
2023-05-10 09:05:41,AP2403,AP403,8572.0,0.0,0.0,0.0,1,8550.0,8562.0,1,8572.0,8546.0,0.0,0.0,0.0,0.0,1331
2023-05-10 09:05:42,AP2403,AP403,8572.0,0.0,0.0,0.0,1,8550.0,8565.0,1,8572.0,8546.0,0.0,0.0,0.0,0.0,1331
2023-05-10 09:05:44,AP2403,AP403,8572.0,0.0,0.0,0.0,1,8548.0,8561.0,1,8572.0,8546.0,0.0,0.0,0.0,0.0,1331
2023-05-10 09:05:47,AP2403,AP403,8572.0,0.0,0.0,0.0,1,8546.0,8561.0,1,8572.0,8546.0,0.0,0.0,0.0,0.0,1331
2023-05-10 09:05:47,AP2403,AP403,8572.0,0.0,0.0,0.0,1,8546.0,8564.0,1,8572.0,8546.0,0.0,0.0,0.0,0.0,1331
2023-05-10 09:05:48,AP2403,AP403,8572.0,0.0,0.0,0.0,1,8546.0,8563.0,1,8572.0,8546.0,0.0,0.0,0.0,0.0,1331
2023-05-10 09:05:49,AP2403,AP403,8572.0,0.0,0.0,0.0,1,8546.0,8559.0,1,8572.0,8546.0,0.0,0.0,0.0,0.0,1331
2023-05-10 09:05:50,AP2403,AP403,8572.0,0.0,0.0,0.0,1,8546.0,8563.0,1,8572.0,8546.0,0.0,0.0,0.0,0.0,1331
2023-05-10 09:05:50,AP2403,AP403,8572.0,0.0,0.0,0.0,1,8546.0,8562.0,1,8572.0,8546.0,0.0,0.0,0.0,0.0,1331
2023-05-10 09:05:51,AP2403,AP403,8572.0,0.0,0.0,0.0,1,8546.0,8563.0,1,8572.0,8546.0,0.0,0.0,0.0,0.0,1331
2023-05-10 09:05:52,AP2403,AP403,8572.0,0.0,0.0,0.0,1,8547.0,8562.0,1,8572.0,8546.0,0.0,0.0,0.0,0.0,1331
2023-05-10 09:05:54,AP2403,AP403,8572.0,0.0,0.0,0.0,1,8546.0,8562.0,1,8572.0,8546.0,0.0,0.0,0.0,0.0,1331
2023-05-10 09:05:55,AP2403,AP403,8572.0,0.0,0.0,0.0,1,8546.0,8561.0,1,8572.0,8546.0,0.0,0.0,0.0,0.0,1331
2023-05-10 09:05:55,AP2403,AP403,8572.0,0.0,0.0,0.0,1,8546.0,8560.0,1,8572.0,8546.0,0.0,0.0,0.0,0.0,1331
2023-05-10 09:05:58,AP2403,AP403,8572.0,0.0,0.0,0.0,1,8552.0,8560.0,1,8572.0,8546.0,0.0,0.0,0.0,0.0,1331
2023-05-10 09:05:58,AP2403,AP403,8572.0,0.0,0.0,0.0,1,8552.0,8559.0,1,8572.0,8546.0,0.0,0.0,0.0,0.0,1331
2023-05-10 09:05:59,AP2403,AP403,8572.0,0.0,0.0,0.0,1,8552.0,8561.0,1,8572.0,8546.0,0.0,0.0,0.0,0.0,1331
2023-05-10 09:05:59,AP2403,AP403,8572.0,0.0,0.0,0.0,1,8552.0,8560.0,1,8572.0,8546.0,0.0,0.0,0.0,0.0,1331
2023-05-10 09:06:02,AP2403,AP403,8572.0,0.0,0.0,0.0,1,8552.0,8561.0,1,8572.0,8546.0,0.0,0.0,0.0,0.0,1331
2023-05-10 09:06:02,AP2403,AP403,8572.0,0.0,0.0,0.0,1,8552.0,8562.0,1,8572.0,8546.0,0.0,0.0,0.0,0.0,1331
2023-05-10 09:06:03,AP2403,AP403,8572.0,0.0,0.0,0.0,1,8552.0,8563.0,1,8572.0,8546.0,0.0,0.0,0.0,0.0,1331
2023-05-10 09:06:03,AP2403,AP403,8572.0,0.0,0.0,0.0,1,8552.0,8564.0,1,8572.0,8546.0,0.0,0.0,0.0,0.0,1331
2023-05-10 09:06:06,AP2403,AP403,8572.0,0.0,0.0,0.0,1,8552.0,8563.0,1,8572.0,8546.0,0.0,0.0,0.0,0.0,1331
2023-05-10 09:06:06,AP2403,AP403,8572.0,0.0,0.0,0.0,1,8552.0,8564.0,1,8572.0,8546.0,0.0,0.0,0.0,0.0,1331
2023-05-10 09:06:07,AP2403,AP403,8572.0,0.0,0.0,0.0,1,8552.0,8563.0,1,8572.0,8546.0,0.0,0.0,0.0,0.0,1331
2023-05-10 09:06:07,AP2403,AP403,8572.0,0.0,0.0,0.0,1,8552.0,8564.0,1,8572.0,8546.0,0.0,0.0,0.0,0.0,1331
2023-05-10 09:06:13,AP2403,AP403,8572.0,0.0,0.0,0.0,1,8552.0,8563.0,1,8572.0,8546.0,0.0,0.0,0.0,0.0,1331
2023-05-10 09:06:14,AP2403,AP403,8572.0,0.0,0.0,0.0,1,8552.0,8561.0,1,8572.0,8546.0,0.0,0.0,0.0,0.0,1331
2023-05-10 09:06:18,AP2403,AP403,8572.0,0.0,0.0,0.0,1,8546.0,8561.0,1,8572.0,8546.0,0.0,0.0,0.0,0.0,1331
2023-05-10 09:06:19,AP2403,AP403,8572.0,0.0,0.0,0.0,1,8542.0,8560.0,1,8572.0,8546.0,0.0,0.0,0.0,0.0,1331
2023-05-10 09:06:19,AP2403,AP403,8572.0,0.0,0.0,0.0,1,8542.0,8558.0,1,8572.0,8546.0,0.0,0.0,0.0,0.0,1331
2023-05-10 09:06:21,AP2403,AP403,8572.0,0.0,0.0,0.0,1,8541.0,8557.0,1,8572.0,8546.0,0.0,0.0,0.0,0.0,1331
2023-05-10 09:06:23,AP2403,AP403,8572.0,0.0,0.0,0.0,1,8541.0,8558.0,1,8572.0,8546.0,0.0,0.0,0.0,0.0,1331
2023-05-10 09:06:24,AP2403,AP403,8572.0,0.0,0.0,0.0,1,8542.0,8558.0,1,8572.0,8546.0,0.0,0.0,0.0,0.0,1331
2023-05-10 09:06:27,AP2403,AP403,8572.0,0.0,0.0,0.0,1,8542.0,8559.0,1,8572.0,8546.0,0.0,0.0,0.0,0.0,1331
2023-05-10 09:06:27,AP2403,AP403,8572.0,0.0,0.0,0.0,1,8542.0,8558.0,1,8572.0,8546.0,0.0,0.0,0.0,0.0,1331
2023-05-10 09:06:29,AP2403,AP403,8572.0,0.0,0.0,0.0,1,8541.0,8556.0,1,8572.0,8546.0,0.0,0.0,0.0,0.0,1331
2023-05-10 09:06:29,AP2403,AP403,8572.0,0.0,0.0,0.0,1,8538.0,8556.0,1,8572.0,8546.0,0.0,0.0,0.0,0.0,1331
2023-05-10 09:06:31,AP2403,AP403,8572.0,0.0,0.0,0.0,1,8538.0,8554.0,1,8572.0,8546.0,0.0,0.0,0.0,0.0,1331
2023-05-10 09:06:33,AP2403,AP403,8572.0,0.0,0.0,0.0,1,8538.0,8555.0,1,8572.0,8546.0,0.0,0.0,0.0,0.0,1331
2023-05-10 09:06:41,AP2403,AP403,8572.0,0.0,0.0,0.0,1,8538.0,8556.0,1,8572.0,8546.0,0.0,0.0,0.0,0.0,1331
2023-05-10 09:06:42,AP2403,AP403,8572.0,0.0,0.0,0.0,1,8541.0,8556.0,1,8572.0,8546.0,0.0,0.0,0.0,0.0,1331
2023-05-10 09:06:42,AP2403,AP403,8572.0,0.0,0.0,0.0,1,8541.0,8554.0,1,8572.0,8546.0,0.0,0.0,0.0,0.0,1331
2023-05-10 09:06:43,AP2403,AP403,8572.0,0.0,0.0,0.0,1,8539.0,8553.0,1,8572.0,8546.0,0.0,0.0,0.0,0.0,1331
2023-05-10 09:06:44,AP2403,AP403,8572.0,0.0,0.0,0.0,1,8539.0,8554.0,1,8572.0,8546.0,0.0,0.0,0.0,0.0,1331
2023-05-10 09:06:45,AP2403,AP403,8572.0,0.0,0.0,0.0,1,8539.0,8555.0,1,8572.0,8546.0,0.0,0.0,0.0,0.0,1331
2023-05-10 09:06:45,AP2403,AP403,8572.0,0.0,0.0,0.0,1,8539.0,8556.0,1,8572.0,8546.0,0.0,0.0,0.0,0.0,1331
2023-05-10 09:06:47,AP2403,AP403,8572.0,0.0,0.0,0.0,1,8539.0,8555.0,1,8572.0,8546.0,0.0,0.0,0.0,0.0,1331
2023-05-10 09:06:48,AP2403,AP403,8572.0,0.0,0.0,0.0,1,8539.0,8556.0,1,8572.0,8546.0,0.0,0.0,0.0,0.0,1331
2023-05-10 09:06:49,AP2403,AP403,8572.0,0.0,0.0,0.0,1,8542.0,8555.0,1,8572.0,8546.0,0.0,0.0,0.0,0.0,1331
2023-05-10 09:06:49,AP2403,AP403,8572.0,0.0,0.0,0.0,1,8542.0,8553.0,1,8572.0,8546.0,0.0,0.0,0.0,0.0,1331
2023-05-10 09:06:50,AP2403,AP403,8572.0,0.0,0.0,0.0,1,8539.0,8555.0,1,8572.0,8546.0,0.0,0.0,0.0,0.0,1331
2023-05-10 09:06:50,AP2403,AP403,8572.0,0.0,0.0,0.0,1,8539.0,8554.0,1,8572.0,8546.0,0.0,0.0,0.0,0.0,1331
2023-05-10 09:06:53,AP2403,AP403,8572.0,0.0,0.0,0.0,1,8539.0,8555.0,1,8572.0,8546.0,0.0,0.0,0.0,0.0,1331
2023-05-10 09:06:53,AP2403,AP403,8572.0,0.0,0.0,0.0,1,8539.0,8554.0,1,8572.0,8546.0,0.0,0.0,0.0,0.0,1331
2023-05-10 09:06:58,AP2403,AP403,8572.0,0.0,0.0,0.0,1,8539.0,8552.0,1,8572.0,8546.0,0.0,0.0,0.0,0.0,1331
2023-05-10 09:06:59,AP2403,AP403,8572.0,0.0,0.0,0.0,1,8539.0,8554.0,1,8572.0,8546.0,0.0,0.0,0.0,0.0,1331
2023-05-10 09:06:59,AP2403,AP403,8572.0,0.0,0.0,0.0,1,8540.0,8554.0,1,8572.0,8546.0,0.0,0.0,0.0,0.0,1331
2023-05-10 09:07:01,AP2403,AP403,8572.0,0.0,0.0,0.0,1,8539.0,8554.0,1,8572.0,8546.0,0.0,0.0,0.0,0.0,1331
2023-05-10 09:07:01,AP2403,AP403,8572.0,0.0,0.0,0.0,1,8539.0,8553.0,1,8572.0,8546.0,0.0,0.0,0.0,0.0,1331
2023-05-10 09:07:07,AP2403,AP403,8572.0,0.0,0.0,0.0,1,8539.0,8554.0,1,8572.0,8546.0,0.0,0.0,0.0,0.0,1331
2023-05-10 09:07:07,AP2403,AP403,8572.0,0.0,0.0,0.0,1,8539.0,8555.0,1,8572.0,8546.0,0.0,0.0,0.0,0.0,1331
2023-05-10 09:07:09,AP2403,AP403,8572.0,0.0,0.0,0.0,1,8540.0,8555.0,1,8572.0,8546.0,0.0,0.0,0.0,0.0,1331
2023-05-10 09:07:10,AP2403,AP403,8572.0,0.0,0.0,0.0,1,8539.0,8555.0,1,8572.0,8546.0,0.0,0.0,0.0,0.0,1331
2023-05-10 09:07:11,AP2403,AP403,8572.0,0.0,0.0,0.0,1,8539.0,8554.0,1,8572.0,8546.0,0.0,0.0,0.0,0.0,1331
2023-05-10 09:07:11,AP2403,AP403,8572.0,0.0,0.0,0.0,1,8539.0,8553.0,1,8572.0,8546.0,0.0,0.0,0.0,0.0,1331
2023-05-10 09:07:14,AP2403,AP403,8572.0,0.0,0.0,0.0,1,8539.0,8551.0,1,8572.0,8546.0,0.0,0.0,0.0,0.0,1331
2023-05-10 09:07:15,AP2403,AP403,8572.0,0.0,0.0,0.0,1,8536.0,8550.0,1,8572.0,8546.0,0.0,0.0,0.0,0.0,1331
2023-05-10 09:07:15,AP2403,AP403,8572.0,0.0,0.0,0.0,1,8532.0,8550.0,1,8572.0,8546.0,0.0,0.0,0.0,0.0,1331
2023-05-10 09:07:16,AP2403,AP403,8572.0,0.0,0.0,0.0,1,8535.0,8550.0,1,8572.0,8546.0,0.0,0.0,0.0,0.0,1331
2023-05-10 09:07:17,AP2403,AP403,8572.0,0.0,0.0,0.0,1,8536.0,8550.0,1,8572.0,8546.0,0.0,0.0,0.0,0.0,1331
2023-05-10 09:07:17,AP2403,AP403,8572.0,0.0,0.0,0.0,1,8535.0,8549.0,1,8572.0,8546.0,0.0,0.0,0.0,0.0,1331
2023-05-10 09:07:18,AP2403,AP403,8572.0,0.0,0.0,0.0,1,8535.0,8550.0,1,8572.0,8546.0,0.0,0.0,0.0,0.0,1331
2023-05-10 09:07:19,AP2403,AP403,8572.0,0.0,0.0,0.0,1,8536.0,8550.0,1,8572.0,8546.0,0.0,0.0,0.0,0.0,1331
2023-05-10 09:07:22,AP2403,AP403,8572.0,0.0,0.0,0.0,1,8537.0,8549.0,1,8572.0,8546.0,0.0,0.0,0.0,0.0,1331
2023-05-10 09:07:24,AP2403,AP403,8572.0,0.0,0.0,0.0,1,8532.0,8547.0,1,8572.0,8546.0,0.0,0.0,0.0,0.0,1331
2023-05-10 09:07:24,AP2403,AP403,8572.0,0.0,0.0,0.0,1,8533.0,8547.0,1,8572.0,8546.0,0.0,0.0,0.0,0.0,1331
2023-05-10 09:07:25,AP2403,AP403,8572.0,0.0,0.0,0.0,1,8532.0,8546.0,1,8572.0,8546.0,0.0,0.0,0.0,0.0,1331
2023-05-10 09:07:26,AP2403,AP403,8572.0,0.0,0.0,0.0,1,8532.0,8543.0,1,8572.0,8546.0,0.0,0.0,0.0,0.0,1331
2023-05-10 09:07:27,AP2403,AP403,8572.0,0.0,0.0,0.0,2,8532.0,8546.0,1,8572.0,8546.0,0.0,0.0,0.0,0.0,1331
2023-05-10 09:07:27,AP2403,AP403,8572.0,0.0,0.0,0.0,1,8532.0,8546.0,1,8572.0,8546.0,0.0,0.0,0.0,0.0,1331
2023-05-10 09:07:27,AP2403,AP403,8572.0,0.0,0.0,0.0,2,8532.0,8546.0,1,8572.0,8546.0,0.0,0.0,0.0,0.0,1331
2023-05-10 09:07:28,AP2403,AP403,8572.0,0.0,0.0,0.0,2,8532.0,8547.0,1,8572.0,8546.0,0.0,0.0,0.0,0.0,1331
2023-05-10 09:07:30,AP2403,AP403,8572.0,0.0,0.0,0.0,2,8532.0,8546.0,1,8572.0,8546.0,0.0,0.0,0.0,0.0,1331
2023-05-10 09:07:31,AP2403,AP403,8572.0,0.0,0.0,0.0,1,8532.0,8545.0,1,8572.0,8546.0,0.0,0.0,0.0,0.0,1331
2023-05-10 09:07:32,AP2403,AP403,8572.0,0.0,0.0,0.0,1,8532.0,8542.0,1,8572.0,8546.0,0.0,0.0,0.0,0.0,1331
2023-05-10 09:07:32,AP2403,AP403,8572.0,0.0,0.0,0.0,1,8532.0,8544.0,1,8572.0,8546.0,0.0,0.0,0.0,0.0,1331
2023-05-10 09:07:33,AP2403,AP403,8572.0,0.0,0.0,0.0,1,8532.0,8545.0,1,8572.0,8546.0,0.0,0.0,0.0,0.0,1331
2023-05-10 09:07:33,AP2403,AP403,8572.0,0.0,0.0,0.0,1,8532.0,8544.0,1,8572.0,8546.0,0.0,0.0,0.0,0.0,1331
2023-05-10 09:07:34,AP2403,AP403,8572.0,0.0,0.0,0.0,1,8532.0,8541.0,1,8572.0,8546.0,0.0,0.0,0.0,0.0,1331
2023-05-10 09:07:38,AP2403,AP403,8572.0,0.0,0.0,0.0,1,8532.0,8543.0,1,8572.0,8546.0,0.0,0.0,0.0,0.0,1331
2023-05-10 09:07:38,AP2403,AP403,8572.0,0.0,0.0,0.0,1,8532.0,8544.0,1,8572.0,8546.0,0.0,0.0,0.0,0.0,1331
2023-05-10 09:07:48,AP2403,AP403,8572.0,0.0,0.0,0.0,1,8532.0,8543.0,1,8572.0,8546.0,0.0,0.0,0.0,0.0,1331
2023-05-10 09:07:48,AP2403,AP403,8572.0,0.0,0.0,0.0,1,8532.0,8542.0,1,8572.0,8546.0,0.0,0.0,0.0,0.0,1331
2023-05-10 09:07:49,AP2403,AP403,8572.0,0.0,0.0,0.0,1,8532.0,8543.0,1,8572.0,8546.0,0.0,0.0,0.0,0.0,1331
2023-05-10 09:07:51,AP2403,AP403,8572.0,0.0,0.0,0.0,1,8532.0,8541.0,1,8572.0,8546.0,0.0,0.0,0.0,0.0,1331
2023-05-10 09:07:51,AP2403,AP403,8572.0,0.0,0.0,0.0,1,8532.0,8540.0,1,8572.0,8546.0,0.0,0.0,0.0,0.0,1331
2023-05-10 09:07:52,AP2403,AP403,8572.0,0.0,0.0,0.0,1,8532.0,8541.0,1,8572.0,8546.0,0.0,0.0,0.0,0.0,1331
2023-05-10 09:07:52,AP2403,AP403,8572.0,0.0,0.0,0.0,1,8532.0,8542.0,1,8572.0,8546.0,0.0,0.0,0.0,0.0,1331
2023-05-10 09:07:53,AP2403,AP403,8572.0,0.0,0.0,0.0,1,8532.0,8543.0,1,8572.0,8546.0,0.0,0.0,0.0,0.0,1331
2023-05-10 09:07:54,AP2403,AP403,8572.0,0.0,0.0,0.0,1,8532.0,8545.0,1,8572.0,8546.0,0.0,0.0,0.0,0.0,1331
2023-05-10 09:08:01,AP2403,AP403,8572.0,0.0,0.0,0.0,1,8532.0,8547.0,1,8572.0,8546.0,0.0,0.0,0.0,0.0,1331
2023-05-10 09:08:02,AP2403,AP403,8572.0,0.0,0.0,0.0,1,8533.0,8551.0,1,8572.0,8546.0,0.0,0.0,0.0,0.0,1331
2023-05-10 09:08:02,AP2403,AP403,8572.0,0.0,0.0,0.0,1,8533.0,8550.0,1,8572.0,8546.0,0.0,0.0,0.0,0.0,1331
2023-05-10 09:08:03,AP2403,AP403,8572.0,0.0,0.0,0.0,1,8533.0,8549.0,1,8572.0,8546.0,0.0,0.0,0.0,0.0,1331
2023-05-10 09:08:03,AP2403,AP403,8572.0,0.0,0.0,0.0,1,8534.0,8549.0,1,8572.0,8546.0,0.0,0.0,0.0,0.0,1331
2023-05-10 09:08:04,AP2403,AP403,8572.0,0.0,0.0,0.0,1,8534.0,8548.0,1,8572.0,8546.0,0.0,0.0,0.0,0.0,1331
2023-05-10 09:08:04,AP2403,AP403,8572.0,0.0,0.0,0.0,1,8533.0,8548.0,1,8572.0,8546.0,0.0,0.0,0.0,0.0,1331
2023-05-10 09:08:05,AP2403,AP403,8572.0,0.0,0.0,0.0,1,8534.0,8548.0,1,8572.0,8546.0,0.0,0.0,0.0,0.0,1331
2023-05-10 09:08:06,AP2403,AP403,8572.0,0.0,0.0,0.0,1,8533.0,8547.0,1,8572.0,8546.0,0.0,0.0,0.0,0.0,1331
2023-05-10 09:08:08,AP2403,AP403,8572.0,0.0,0.0,0.0,1,8533.0,8548.0,1,8572.0,8546.0,0.0,0.0,0.0,0.0,1331
2023-05-10 09:08:08,AP2403,AP403,8572.0,0.0,0.0,0.0,1,8533.0,8549.0,1,8572.0,8546.0,0.0,0.0,0.0,0.0,1331
2023-05-10 09:08:09,AP2403,AP403,8572.0,0.0,0.0,0.0,1,8533.0,8550.0,1,8572.0,8546.0,0.0,0.0,0.0,0.0,1331
2023-05-10 09:08:09,AP2403,AP403,8572.0,0.0,0.0,0.0,1,8534.0,8551.0,1,8572.0,8546.0,0.0,0.0,0.0,0.0,1331
2023-05-10 09:08:11,AP2403,AP403,8572.0,0.0,0.0,0.0,1,8541.0,8553.0,1,8572.0,8546.0,0.0,0.0,0.0,0.0,1331
2023-05-10 09:08:11,AP2403,AP403,8572.0,0.0,0.0,0.0,1,8534.0,8553.0,1,8572.0,8546.0,0.0,0.0,0.0,0.0,1331
2023-05-10 09:08:12,AP2403,AP403,8572.0,0.0,0.0,0.0,1,8542.0,8553.0,1,8572.0,8546.0,0.0,0.0,0.0,0.0,1331
2023-05-10 09:08:15,AP2403,AP403,8572.0,0.0,0.0,0.0,1,8542.0,8555.0,1,8572.0,8546.0,0.0,0.0,0.0,0.0,1331
2023-05-10 09:08:15,AP2403,AP403,8572.0,0.0,0.0,0.0,1,8542.0,8553.0,1,8572.0,8546.0,0.0,0.0,0.0,0.0,1331
2023-05-10 09:08:16,AP2403,AP403,8572.0,0.0,0.0,0.0,1,8542.0,8552.0,1,8572.0,8546.0,0.0,0.0,0.0,0.0,1331
2023-05-10 09:08:17,AP2403,AP403,8572.0,0.0,0.0,0.0,1,8542.0,8548.0,1,8572.0,8546.0,0.0,0.0,0.0,0.0,1331
2023-05-10 09:08:20,AP2403,AP403,8572.0,0.0,0.0,0.0,1,8534.0,8548.0,1,8572.0,8546.0,0.0,0.0,0.0,0.0,1331
2023-05-10 09:08:24,AP2403,AP403,8572.0,0.0,0.0,0.0,1,8534.0,8551.0,1,8572.0,8546.0,0.0,0.0,0.0,0.0,1331
2023-05-10 09:08:24,AP2403,AP403,8572.0,0.0,0.0,0.0,1,8536.0,8551.0,1,8572.0,8546.0,0.0,0.0,0.0,0.0,1331
2023-05-10 09:08:24,AP2403,AP403,8572.0,0.0,0.0,0.0,1,8534.0,8551.0,1,8572.0,8546.0,0.0,0.0,0.0,0.0,1331
2023-05-10 09:08:24,AP2403,AP403,8572.0,0.0,0.0,0.0,1,8536.0,8551.0,1,8572.0,8546.0,0.0,0.0,0.0,0.0,1331
2023-05-10 09:08:27,AP2403,AP403,8572.0,0.0,0.0,0.0,1,8538.0,8551.0,1,8572.0,8546.0,0.0,0.0,0.0,0.0,1331
2023-05-10 09:08:32,AP2403,AP403,8572.0,0.0,0.0,0.0,1,8536.0,8551.0,1,8572.0,8546.0,0.0,0.0,0.0,0.0,1331
2023-05-10 09:08:32,AP2403,AP403,8572.0,0.0,0.0,0.0,1,8537.0,8551.0,1,8572.0,8546.0,0.0,0.0,0.0,0.0,1331
2023-05-10 09:08:33,AP2403,AP403,8572.0,0.0,0.0,0.0,1,8536.0,8551.0,1,8572.0,8546.0,0.0,0.0,0.0,0.0,1331
2023-05-10 09:08:34,AP2403,AP403,8572.0,0.0,0.0,0.0,1,8534.0,8551.0,1,8572.0,8546.0,0.0,0.0,0.0,0.0,1331
2023-05-10 09:08:34,AP2403,AP403,8572.0,0.0,0.0,0.0,1,8535.0,8550.0,1,8572.0,8546.0,0.0,0.0,0.0,0.0,1331
2023-05-10 09:08:37,AP2403,AP403,8572.0,0.0,0.0,0.0,1,8534.0,8550.0,1,8572.0,8546.0,0.0,0.0,0.0,0.0,1331
2023-05-10 09:08:39,AP2403,AP403,8572.0,0.0,0.0,0.0,1,8535.0,8550.0,1,8572.0,8546.0,0.0,0.0,0.0,0.0,1331
2023-05-10 09:08:39,AP2403,AP403,8572.0,0.0,0.0,0.0,1,8536.0,8550.0,1,8572.0,8546.0,0.0,0.0,0.0,0.0,1331
2023-05-10 09:08:40,AP2403,AP403,8572.0,0.0,0.0,0.0,1,8534.0,8550.0,1,8572.0,8546.0,0.0,0.0,0.0,0.0,1331
2023-05-10 09:08:40,AP2403,AP403,8572.0,0.0,0.0,0.0,1,8535.0,8550.0,1,8572.0,8546.0,0.0,0.0,0.0,0.0,1331
2023-05-10 09:08:43,AP2403,AP403,8572.0,0.0,0.0,0.0,1,8534.0,8549.0,1,8572.0,8546.0,0.0,0.0,0.0,0.0,1331
2023-05-10 09:08:44,AP2403,AP403,8572.0,0.0,0.0,0.0,1,8534.0,8548.0,1,8572.0,8546.0,0.0,0.0,0.0,0.0,1331
2023-05-10 09:08:45,AP2403,AP403,8572.0,0.0,0.0,0.0,1,8534.0,8547.0,1,8572.0,8546.0,0.0,0.0,0.0,0.0,1331
2023-05-10 09:08:45,AP2403,AP403,8572.0,0.0,0.0,0.0,2,8532.0,8546.0,1,8572.0,8546.0,0.0,0.0,0.0,0.0,1331
2023-05-10 09:08:46,AP2403,AP403,8572.0,0.0,0.0,0.0,1,8532.0,8544.0,1,8572.0,8546.0,0.0,0.0,0.0,0.0,1331
2023-05-10 09:08:48,AP2403,AP403,8572.0,0.0,0.0,0.0,1,8532.0,8546.0,1,8572.0,8546.0,0.0,0.0,0.0,0.0,1331
2023-05-10 09:08:49,AP2403,AP403,8572.0,0.0,0.0,0.0,1,8532.0,8544.0,1,8572.0,8546.0,0.0,0.0,0.0,0.0,1331
2023-05-10 09:08:51,AP2403,AP403,8572.0,0.0,0.0,0.0,1,8532.0,8545.0,1,8572.0,8546.0,0.0,0.0,0.0,0.0,1331
2023-05-10 09:08:58,AP2403,AP403,8572.0,0.0,0.0,0.0,2,8532.0,8545.0,1,8572.0,8546.0,0.0,0.0,0.0,0.0,1331
2023-05-10 09:08:59,AP2403,AP403,8572.0,0.0,0.0,0.0,1,8532.0,8545.0,1,8572.0,8546.0,0.0,0.0,0.0,0.0,1331
2023-05-10 09:09:00,AP2403,AP403,8572.0,0.0,0.0,0.0,1,8532.0,8546.0,1,8572.0,8546.0,0.0,0.0,0.0,0.0,1331
2023-05-10 09:09:01,AP2403,AP403,8572.0,0.0,0.0,0.0,1,8532.0,8547.0,1,8572.0,8546.0,0.0,0.0,0.0,0.0,1331
2023-05-10 09:09:02,AP2403,AP403,8572.0,0.0,0.0,0.0,1,8532.0,8548.0,1,8572.0,8546.0,0.0,0.0,0.0,0.0,1331
2023-05-10 09:09:05,AP2403,AP403,8572.0,0.0,0.0,0.0,1,8532.0,8545.0,1,8572.0,8546.0,0.0,0.0,0.0,0.0,1331
2023-05-10 09:09:05,AP2403,AP403,8572.0,0.0,0.0,0.0,1,8532.0,8548.0,1,8572.0,8546.0,0.0,0.0,0.0,0.0,1331
2023-05-10 09:09:06,AP2403,AP403,8572.0,0.0,0.0,0.0,1,8535.0,8548.0,1,8572.0,8546.0,0.0,0.0,0.0,0.0,1331
2023-05-10 09:09:08,AP2403,AP403,8572.0,0.0,0.0,0.0,2,8532.0,8548.0,1,8572.0,8546.0,0.0,0.0,0.0,0.0,1331
2023-05-10 09:09:09,AP2403,AP403,8572.0,0.0,0.0,0.0,1,8533.0,8545.0,1,8572.0,8546.0,0.0,0.0,0.0,0.0,1331
2023-05-10 09:09:10,AP2403,AP403,8572.0,0.0,0.0,0.0,1,8533.0,8544.0,1,8572.0,8546.0,0.0,0.0,0.0,0.0,1331
2023-05-10 09:09:11,AP2403,AP403,8572.0,0.0,0.0,0.0,1,8533.0,8545.0,1,8572.0,8546.0,0.0,0.0,0.0,0.0,1331
2023-05-10 09:09:11,AP2403,AP403,8572.0,0.0,0.0,0.0,1,8532.0,8545.0,1,8572.0,8546.0,0.0,0.0,0.0,0.0,1331
2023-05-10 09:09:12,AP2403,AP403,8572.0,0.0,0.0,0.0,1,8532.0,8548.0,1,8572.0,8546.0,0.0,0.0,0.0,0.0,1331
2023-05-10 09:09:12,AP2403,AP403,8572.0,0.0,0.0,0.0,2,8532.0,8547.0,1,8572.0,8546.0,0.0,0.0,0.0,0.0,1331
2023-05-10 09:09:13,AP2403,AP403,8572.0,0.0,0.0,0.0,1,8532.0,8545.0,1,8572.0,8546.0,0.0,0.0,0.0,0.0,1331
2023-05-10 09:09:14,AP2403,AP403,8572.0,0.0,0.0,0.0,1,8532.0,8547.0,1,8572.0,8546.0,0.0,0.0,0.0,0.0,1331
2023-05-10 09:09:17,AP2403,AP403,8572.0,0.0,0.0,0.0,1,8534.0,8547.0,1,8572.0,8546.0,0.0,0.0,0.0,0.0,1331
2023-05-10 09:09:19,AP2403,AP403,8572.0,0.0,0.0,0.0,1,8537.0,8548.0,1,8572.0,8546.0,0.0,0.0,0.0,0.0,1331
2023-05-10 09:09:20,AP2403,AP403,8572.0,0.0,0.0,0.0,1,8534.0,8547.0,1,8572.0,8546.0,0.0,0.0,0.0,0.0,1331
2023-05-10 09:09:22,AP2403,AP403,8572.0,0.0,0.0,0.0,1,8537.0,8548.0,1,8572.0,8546.0,0.0,0.0,0.0,0.0,1331
2023-05-10 09:09:22,AP2403,AP403,8572.0,0.0,0.0,0.0,1,8534.0,8549.0,1,8572.0,8546.0,0.0,0.0,0.0,0.0,1331
2023-05-10 09:09:22,AP2403,AP403,8572.0,0.0,0.0,0.0,1,8534.0,8550.0,1,8572.0,8546.0,0.0,0.0,0.0,0.0,1331
2023-05-10 09:09:23,AP2403,AP403,8572.0,0.0,0.0,0.0,1,8536.0,8550.0,1,8572.0,8546.0,0.0,0.0,0.0,0.0,1331
2023-05-10 09:09:24,AP2403,AP403,8572.0,0.0,0.0,0.0,1,8535.0,8550.0,1,8572.0,8546.0,0.0,0.0,0.0,0.0,1331
2023-05-10 09:09:25,AP2403,AP403,8572.0,0.0,0.0,0.0,1,8534.0,8546.0,1,8572.0,8546.0,0.0,0.0,0.0,0.0,1331
2023-05-10 09:09:25,AP2403,AP403,8572.0,0.0,0.0,0.0,1,8534.0,8545.0,1,8572.0,8546.0,0.0,0.0,0.0,0.0,1331
2023-05-10 09:09:27,AP2403,AP403,8572.0,0.0,0.0,0.0,1,8534.0,8546.0,1,8572.0,8546.0,0.0,0.0,0.0,0.0,1331
2023-05-10 09:09:27,AP2403,AP403,8572.0,0.0,0.0,0.0,1,8534.0,8549.0,1,8572.0,8546.0,0.0,0.0,0.0,0.0,1331
2023-05-10 09:09:27,AP2403,AP403,8572.0,0.0,0.0,0.0,1,8535.0,8549.0,1,8572.0,8546.0,0.0,0.0,0.0,0.0,1331
2023-05-10 09:09:31,AP2403,AP403,8572.0,0.0,0.0,0.0,1,8535.0,8550.0,1,8572.0,8546.0,0.0,0.0,0.0,0.0,1331
2023-05-10 09:09:35,AP2403,AP403,8572.0,0.0,0.0,0.0,1,8535.0,8551.0,1,8572.0,8546.0,0.0,0.0,0.0,0.0,1331
2023-05-10 09:09:36,AP2403,AP403,8572.0,0.0,0.0,0.0,1,8535.0,8552.0,1,8572.0,8546.0,0.0,0.0,0.0,0.0,1331
2023-05-10 09:09:37,AP2403,AP403,8572.0,0.0,0.0,0.0,1,8538.0,8552.0,1,8572.0,8546.0,0.0,0.0,0.0,0.0,1331
2023-05-10 09:09:38,AP2403,AP403,8572.0,0.0,0.0,0.0,1,8535.0,8552.0,1,8572.0,8546.0,0.0,0.0,0.0,0.0,1331
2023-05-10 09:09:38,AP2403,AP403,8572.0,0.0,0.0,0.0,1,8537.0,8552.0,1,8572.0,8546.0,0.0,0.0,0.0,0.0,1331
2023-05-10 09:09:41,AP2403,AP403,8572.0,0.0,0.0,0.0,1,8535.0,8552.0,1,8572.0,8546.0,0.0,0.0,0.0,0.0,1331
2023-05-10 09:09:42,AP2403,AP403,8572.0,0.0,0.0,0.0,1,8535.0,8551.0,1,8572.0,8546.0,0.0,0.0,0.0,0.0,1331
2023-05-10 09:09:44,AP2403,AP403,8572.0,0.0,0.0,0.0,1,8534.0,8547.0,1,8572.0,8546.0,0.0,0.0,0.0,0.0,1331
2023-05-10 09:09:44,AP2403,AP403,8572.0,0.0,0.0,0.0,1,8534.0,8551.0,1,8572.0,8546.0,0.0,0.0,0.0,0.0,1331
2023-05-10 09:09:44,AP2403,AP403,8572.0,0.0,0.0,0.0,1,8536.0,8551.0,1,8572.0,8546.0,0.0,0.0,0.0,0.0,1331
2023-05-10 09:09:46,AP2403,AP403,8572.0,0.0,0.0,0.0,1,8534.0,8550.0,1,8572.0,8546.0,0.0,0.0,0.0,0.0,1331
2023-05-10 09:09:47,AP2403,AP403,8572.0,0.0,0.0,0.0,1,8534.0,8548.0,1,8572.0,8546.0,0.0,0.0,0.0,0.0,1331
2023-05-10 09:09:49,AP2403,AP403,8572.0,0.0,0.0,0.0,1,8532.0,8548.0,1,8572.0,8546.0,0.0,0.0,0.0,0.0,1331
2023-05-10 09:09:54,AP2403,AP403,8572.0,0.0,0.0,0.0,1,8532.0,8544.0,1,8572.0,8546.0,0.0,0.0,0.0,0.0,1331
2023-05-10 09:09:54,AP2403,AP403,8572.0,0.0,0.0,0.0,1,8532.0,8548.0,1,8572.0,8546.0,0.0,0.0,0.0,0.0,1331
2023-05-10 09:09:56,AP2403,AP403,8572.0,0.0,0.0,0.0,1,8532.0,8549.0,1,8572.0,8546.0,0.0,0.0,0.0,0.0,1331
2023-05-10 09:09:58,AP2403,AP403,8572.0,0.0,0.0,0.0,1,8532.0,8548.0,1,8572.0,8546.0,0.0,0.0,0.0,0.0,1331
2023-05-10 09:10:01,AP2403,AP403,8572.0,0.0,0.0,0.0,1,8532.0,8549.0,1,8572.0,8546.0,0.0,0.0,0.0,0.0,1331
2023-05-10 09:10:02,AP2403,AP403,8572.0,0.0,0.0,0.0,1,8535.0,8549.0,1,8572.0,8546.0,0.0,0.0,0.0,0.0,1331
2023-05-10 09:10:04,AP2403,AP403,8572.0,0.0,0.0,0.0,1,8536.0,8549.0,1,8572.0,8546.0,0.0,0.0,0.0,0.0,1331
2023-05-10 09:10:05,AP2403,AP403,8572.0,0.0,0.0,0.0,1,8536.0,8550.0,1,8572.0,8546.0,0.0,0.0,0.0,0.0,1331
2023-05-10 09:10:06,AP2403,AP403,8572.0,0.0,0.0,0.0,1,8537.0,8552.0,1,8572.0,8546.0,0.0,0.0,0.0,0.0,1331
2023-05-10 09:10:07,AP2403,AP403,8572.0,0.0,0.0,0.0,1,8538.0,8552.0,1,8572.0,8546.0,0.0,0.0,0.0,0.0,1331
2023-05-10 09:10:08,AP2403,AP403,8572.0,0.0,0.0,0.0,1,8537.0,8552.0,1,8572.0,8546.0,0.0,0.0,0.0,0.0,1331
2023-05-10 09:10:10,AP2403,AP403,8572.0,0.0,0.0,0.0,1,8536.0,8552.0,1,8572.0,8546.0,0.0,0.0,0.0,0.0,1331
2023-05-10 09:10:10,AP2403,AP403,8572.0,0.0,0.0,0.0,1,8535.0,8552.0,1,8572.0,8546.0,0.0,0.0,0.0,0.0,1331
2023-05-10 09:10:11,AP2403,AP403,8572.0,0.0,0.0,0.0,1,8535.0,8546.0,1,8572.0,8546.0,0.0,0.0,0.0,0.0,1331
2023-05-10 09:10:11,AP2403,AP403,8572.0,0.0,0.0,0.0,1,8535.0,8550.0,1,8572.0,8546.0,0.0,0.0,0.0,0.0,1331
2023-05-10 09:10:12,AP2403,AP403,8572.0,0.0,0.0,0.0,1,8532.0,8549.0,1,8572.0,8546.0,0.0,0.0,0.0,0.0,1331
2023-05-10 09:10:12,AP2403,AP403,8572.0,0.0,0.0,0.0,1,8532.0,8545.0,1,8572.0,8546.0,0.0,0.0,0.0,0.0,1331
2023-05-10 09:10:12,AP2403,AP403,8572.0,0.0,0.0,0.0,1,8532.0,8549.0,1,8572.0,8546.0,0.0,0.0,0.0,0.0,1331
2023-05-10 09:10:15,AP2403,AP403,8572.0,0.0,0.0,0.0,1,8532.0,8548.0,1,8572.0,8546.0,0.0,0.0,0.0,0.0,1331
2023-05-10 09:10:16,AP2403,AP403,8572.0,0.0,0.0,0.0,1,8532.0,8547.0,1,8572.0,8546.0,0.0,0.0,0.0,0.0,1331
2023-05-10 09:10:20,AP2403,AP403,8572.0,0.0,0.0,0.0,1,8532.0,8548.0,1,8572.0,8546.0,0.0,0.0,0.0,0.0,1331
2023-05-10 09:10:25,AP2403,AP403,8572.0,0.0,0.0,0.0,1,8532.0,8547.0,1,8572.0,8546.0,0.0,0.0,0.0,0.0,1331
2023-05-10 09:10:27,AP2403,AP403,8572.0,0.0,0.0,0.0,1,8532.0,8548.0,1,8572.0,8546.0,0.0,0.0,0.0,0.0,1331
2023-05-10 09:10:29,AP2403,AP403,8572.0,0.0,0.0,0.0,1,8532.0,8545.0,1,8572.0,8546.0,0.0,0.0,0.0,0.0,1331
2023-05-10 09:10:30,AP2403,AP403,8572.0,0.0,0.0,0.0,1,8532.0,8548.0,1,8572.0,8546.0,0.0,0.0,0.0,0.0,1331
2023-05-10 09:10:34,AP2403,AP403,8572.0,0.0,0.0,0.0,1,8534.0,8548.0,1,8572.0,8546.0,0.0,0.0,0.0,0.0,1331
2023-05-10 09:10:35,AP2403,AP403,8572.0,0.0,0.0,0.0,1,8533.0,8548.0,1,8572.0,8546.0,0.0,0.0,0.0,0.0,1331
2023-05-10 09:10:38,AP2403,AP403,8572.0,0.0,0.0,0.0,1,8532.0,8548.0,1,8572.0,8546.0,0.0,0.0,0.0,0.0,1331
2023-05-10 09:10:40,AP2403,AP403,8572.0,0.0,0.0,0.0,1,8532.0,8549.0,1,8572.0,8546.0,0.0,0.0,0.0,0.0,1331
2023-05-10 09:10:42,AP2403,AP403,8572.0,0.0,0.0,0.0,2,8532.0,8547.0,1,8572.0,8546.0,0.0,0.0,0.0,0.0,1331
2023-05-10 09:10:42,AP2403,AP403,8572.0,0.0,0.0,0.0,1,8532.0,8546.0,1,8572.0,8546.0,0.0,0.0,0.0,0.0,1331
2023-05-10 09:10:43,AP2403,AP403,8572.0,0.0,0.0,0.0,1,8532.0,8545.0,1,8572.0,8546.0,0.0,0.0,0.0,0.0,1331
2023-05-10 09:10:52,AP2403,AP403,8572.0,0.0,0.0,0.0,1,8532.0,8544.0,1,8572.0,8546.0,0.0,0.0,0.0,0.0,1331
2023-05-10 09:10:59,AP2403,AP403,8572.0,0.0,0.0,0.0,1,8532.0,8545.0,1,8572.0,8546.0,0.0,0.0,0.0,0.0,1331
2023-05-10 09:11:03,AP2403,AP403,8572.0,0.0,0.0,0.0,1,8532.0,8547.0,1,8572.0,8546.0,0.0,0.0,0.0,0.0,1331
2023-05-10 09:11:03,AP2403,AP403,8572.0,0.0,0.0,0.0,1,8533.0,8548.0,1,8572.0,8546.0,0.0,0.0,0.0,0.0,1331
2023-05-10 09:11:07,AP2403,AP403,8572.0,0.0,0.0,0.0,1,8546.0,8548.0,1,8572.0,8546.0,0.0,0.0,0.0,0.0,1331
2023-05-10 09:11:09,AP2403,AP403,8572.0,0.0,0.0,0.0,1,8546.0,8547.0,1,8572.0,8546.0,0.0,0.0,0.0,0.0,1331
2023-05-10 09:11:11,AP2403,AP403,8546.0,1.0,8546.0,-1.0,1,8533.0,8546.0,1,8572.0,8546.0,8546.0,8546.0,1.0,8546.0,1330
2023-05-10 09:11:13,AP2403,AP403,8546.0,0.0,0.0,0.0,1,8528.0,8546.0,1,8572.0,8546.0,8546.0,8546.0,1.0,8546.0,1330
2023-05-10 09:11:14,AP2403,AP403,8546.0,0.0,0.0,0.0,1,8528.0,8543.0,1,8572.0,8546.0,8546.0,8546.0,1.0,8546.0,1330
2023-05-10 09:11:19,AP2403,AP403,8546.0,0.0,0.0,0.0,1,8528.0,8542.0,1,8572.0,8546.0,8546.0,8546.0,1.0,8546.0,1330
2023-05-10 09:11:20,AP2403,AP403,8546.0,0.0,0.0,0.0,1,8519.0,8540.0,1,8572.0,8546.0,8546.0,8546.0,1.0,8546.0,1330
2023-05-10 09:11:20,AP2403,AP403,8546.0,0.0,0.0,0.0,1,8524.0,8539.0,1,8572.0,8546.0,8546.0,8546.0,1.0,8546.0,1330
2023-05-10 09:11:21,AP2403,AP403,8546.0,0.0,0.0,0.0,1,8524.0,8538.0,1,8572.0,8546.0,8546.0,8546.0,1.0,8546.0,1330
2023-05-10 09:11:21,AP2403,AP403,8546.0,0.0,0.0,0.0,1,8519.0,8538.0,1,8572.0,8546.0,8546.0,8546.0,1.0,8546.0,1330
2023-05-10 09:11:23,AP2403,AP403,8546.0,0.0,0.0,0.0,1,8519.0,8537.0,1,8572.0,8546.0,8546.0,8546.0,1.0,8546.0,1330
2023-05-10 09:11:25,AP2403,AP403,8546.0,0.0,0.0,0.0,1,8519.0,8533.0,1,8572.0,8546.0,8546.0,8546.0,1.0,8546.0,1330
2023-05-10 09:11:26,AP2403,AP403,8546.0,0.0,0.0,0.0,1,8519.0,8537.0,1,8572.0,8546.0,8546.0,8546.0,1.0,8546.0,1330
2023-05-10 09:11:26,AP2403,AP403,8546.0,0.0,0.0,0.0,1,8522.0,8537.0,1,8572.0,8546.0,8546.0,8546.0,1.0,8546.0,1330
2023-05-10 09:11:27,AP2403,AP403,8546.0,0.0,0.0,0.0,1,8519.0,8537.0,1,8572.0,8546.0,8546.0,8546.0,1.0,8546.0,1330
2023-05-10 09:11:29,AP2403,AP403,8546.0,0.0,0.0,0.0,1,8520.0,8537.0,1,8572.0,8546.0,8546.0,8546.0,1.0,8546.0,1330
2023-05-10 09:11:29,AP2403,AP403,8546.0,0.0,0.0,0.0,1,8521.0,8537.0,1,8572.0,8546.0,8546.0,8546.0,1.0,8546.0,1330
2023-05-10 09:11:34,AP2403,AP403,8546.0,0.0,0.0,0.0,1,8520.0,8534.0,1,8572.0,8546.0,8546.0,8546.0,1.0,8546.0,1330
2023-05-10 09:11:37,AP2403,AP403,8546.0,0.0,0.0,0.0,1,8519.0,8534.0,1,8572.0,8546.0,8546.0,8546.0,1.0,8546.0,1330
2023-05-10 09:11:37,AP2403,AP403,8546.0,0.0,0.0,0.0,1,8519.0,8532.0,1,8572.0,8546.0,8546.0,8546.0,1.0,8546.0,1330
2023-05-10 09:11:40,AP2403,AP403,8546.0,0.0,0.0,0.0,1,8520.0,8537.0,1,8572.0,8546.0,8546.0,8546.0,1.0,8546.0,1330
2023-05-10 09:11:41,AP2403,AP403,8546.0,0.0,0.0,0.0,1,8522.0,8537.0,1,8572.0,8546.0,8546.0,8546.0,1.0,8546.0,1330
2023-05-10 09:11:41,AP2403,AP403,8546.0,0.0,0.0,0.0,1,8522.0,8538.0,1,8572.0,8546.0,8546.0,8546.0,1.0,8546.0,1330
2023-05-10 09:11:44,AP2403,AP403,8546.0,0.0,0.0,0.0,1,8521.0,8538.0,1,8572.0,8546.0,8546.0,8546.0,1.0,8546.0,1330
2023-05-10 09:11:44,AP2403,AP403,8546.0,0.0,0.0,0.0,1,8522.0,8538.0,1,8572.0,8546.0,8546.0,8546.0,1.0,8546.0,1330
2023-05-10 09:11:45,AP2403,AP403,8546.0,0.0,0.0,0.0,1,8522.0,8536.0,1,8572.0,8546.0,8546.0,8546.0,1.0,8546.0,1330
2023-05-10 09:11:46,AP2403,AP403,8546.0,0.0,0.0,0.0,1,8521.0,8536.0,1,8572.0,8546.0,8546.0,8546.0,1.0,8546.0,1330
2023-05-10 09:11:47,AP2403,AP403,8546.0,0.0,0.0,0.0,1,8522.0,8536.0,1,8572.0,8546.0,8546.0,8546.0,1.0,8546.0,1330
2023-05-10 09:11:54,AP2403,AP403,8546.0,0.0,0.0,0.0,1,8523.0,8541.0,1,8572.0,8546.0,8546.0,8546.0,1.0,8546.0,1330
2023-05-10 09:11:55,AP2403,AP403,8546.0,0.0,0.0,0.0,1,8523.0,8539.0,1,8572.0,8546.0,8546.0,8546.0,1.0,8546.0,1330
2023-05-10 09:11:55,AP2403,AP403,8546.0,0.0,0.0,0.0,1,8523.0,8538.0,1,8572.0,8546.0,8546.0,8546.0,1.0,8546.0,1330
2023-05-10 09:11:57,AP2403,AP403,8546.0,0.0,0.0,0.0,1,8523.0,8537.0,1,8572.0,8546.0,8546.0,8546.0,1.0,8546.0,1330
2023-05-10 09:12:05,AP2403,AP403,8546.0,0.0,0.0,0.0,1,8524.0,8537.0,1,8572.0,8546.0,8546.0,8546.0,1.0,8546.0,1330
2023-05-10 09:12:08,AP2403,AP403,8546.0,0.0,0.0,0.0,1,8525.0,8541.0,1,8572.0,8546.0,8546.0,8546.0,1.0,8546.0,1330
2023-05-10 09:12:09,AP2403,AP403,8546.0,0.0,0.0,0.0,1,8527.0,8544.0,1,8572.0,8546.0,8546.0,8546.0,1.0,8546.0,1330
2023-05-10 09:12:09,AP2403,AP403,8546.0,0.0,0.0,0.0,1,8529.0,8544.0,1,8572.0,8546.0,8546.0,8546.0,1.0,8546.0,1330
2023-05-10 09:12:12,AP2403,AP403,8546.0,0.0,0.0,0.0,1,8529.0,8543.0,1,8572.0,8546.0,8546.0,8546.0,1.0,8546.0,1330
2023-05-10 09:12:24,AP2403,AP403,8546.0,0.0,0.0,0.0,1,8530.0,8543.0,1,8572.0,8546.0,8546.0,8546.0,1.0,8546.0,1330
2023-05-10 09:12:26,AP2403,AP403,8546.0,0.0,0.0,0.0,1,8530.0,8544.0,1,8572.0,8546.0,8546.0,8546.0,1.0,8546.0,1330
2023-05-10 09:12:33,AP2403,AP403,8546.0,0.0,0.0,0.0,1,8530.0,8543.0,1,8572.0,8546.0,8546.0,8546.0,1.0,8546.0,1330
2023-05-10 09:12:35,AP2403,AP403,8546.0,0.0,0.0,0.0,1,8530.0,8544.0,1,8572.0,8546.0,8546.0,8546.0,1.0,8546.0,1330
2023-05-10 09:12:44,AP2403,AP403,8546.0,0.0,0.0,0.0,1,8529.0,8542.0,1,8572.0,8546.0,8546.0,8546.0,1.0,8546.0,1330
2023-05-10 09:12:45,AP2403,AP403,8546.0,0.0,0.0,0.0,1,8527.0,8542.0,1,8572.0,8546.0,8546.0,8546.0,1.0,8546.0,1330
2023-05-10 09:12:45,AP2403,AP403,8546.0,0.0,0.0,0.0,1,8527.0,8541.0,1,8572.0,8546.0,8546.0,8546.0,1.0,8546.0,1330
2023-05-10 09:12:47,AP2403,AP403,8546.0,0.0,0.0,0.0,1,8527.0,8542.0,1,8572.0,8546.0,8546.0,8546.0,1.0,8546.0,1330
2023-05-10 09:12:50,AP2403,AP403,8546.0,0.0,0.0,0.0,1,8527.0,8544.0,1,8572.0,8546.0,8546.0,8546.0,1.0,8546.0,1330
2023-05-10 09:12:51,AP2403,AP403,8546.0,0.0,0.0,0.0,1,8527.0,8543.0,1,8572.0,8546.0,8546.0,8546.0,1.0,8546.0,1330
2023-05-10 09:12:54,AP2403,AP403,8546.0,0.0,0.0,0.0,1,8527.0,8542.0,1,8572.0,8546.0,8546.0,8546.0,1.0,8546.0,1330
2023-05-10 09:12:54,AP2403,AP403,8546.0,0.0,0.0,0.0,1,8527.0,8541.0,1,8572.0,8546.0,8546.0,8546.0,1.0,8546.0,1330
2023-05-10 09:12:57,AP2403,AP403,8546.0,0.0,0.0,0.0,1,8526.0,8541.0,1,8572.0,8546.0,8546.0,8546.0,1.0,8546.0,1330
2023-05-10 09:12:58,AP2403,AP403,8546.0,0.0,0.0,0.0,1,8526.0,8542.0,1,8572.0,8546.0,8546.0,8546.0,1.0,8546.0,1330
2023-05-10 09:13:02,AP2403,AP403,8546.0,0.0,0.0,0.0,1,8526.0,8541.0,1,8572.0,8546.0,8546.0,8546.0,1.0,8546.0,1330
2023-05-10 09:13:03,AP2403,AP403,8546.0,0.0,0.0,0.0,1,8525.0,8539.0,1,8572.0,8546.0,8546.0,8546.0,1.0,8546.0,1330
2023-05-10 09:13:04,AP2403,AP403,8546.0,0.0,0.0,0.0,1,8527.0,8539.0,1,8572.0,8546.0,8546.0,8546.0,1.0,8546.0,1330
2023-05-10 09:13:08,AP2403,AP403,8546.0,0.0,0.0,0.0,1,8527.0,8540.0,1,8572.0,8546.0,8546.0,8546.0,1.0,8546.0,1330
2023-05-10 09:13:09,AP2403,AP403,8546.0,0.0,0.0,0.0,1,8529.0,8542.0,1,8572.0,8546.0,8546.0,8546.0,1.0,8546.0,1330
2023-05-10 09:13:09,AP2403,AP403,8546.0,0.0,0.0,0.0,1,8530.0,8542.0,1,8572.0,8546.0,8546.0,8546.0,1.0,8546.0,1330
2023-05-10 09:13:10,AP2403,AP403,8546.0,0.0,0.0,0.0,1,8531.0,8542.0,1,8572.0,8546.0,8546.0,8546.0,1.0,8546.0,1330
2023-05-10 09:13:11,AP2403,AP403,8546.0,0.0,0.0,0.0,1,8531.0,8543.0,1,8572.0,8546.0,8546.0,8546.0,1.0,8546.0,1330
2023-05-10 09:13:11,AP2403,AP403,8546.0,0.0,0.0,0.0,1,8531.0,8544.0,1,8572.0,8546.0,8546.0,8546.0,1.0,8546.0,1330
2023-05-10 09:13:17,AP2403,AP403,8546.0,0.0,0.0,0.0,1,8534.0,8549.0,1,8572.0,8546.0,8546.0,8546.0,1.0,8546.0,1330
2023-05-10 09:13:17,AP2403,AP403,8546.0,0.0,0.0,0.0,1,8534.0,8548.0,1,8572.0,8546.0,8546.0,8546.0,1.0,8546.0,1330
2023-05-10 09:13:19,AP2403,AP403,8546.0,0.0,0.0,0.0,1,8534.0,8549.0,1,8572.0,8546.0,8546.0,8546.0,1.0,8546.0,1330
2023-05-10 09:13:23,AP2403,AP403,8546.0,0.0,0.0,0.0,1,8535.0,8549.0,1,8572.0,8546.0,8546.0,8546.0,1.0,8546.0,1330
2023-05-10 09:13:26,AP2403,AP403,8546.0,0.0,0.0,0.0,1,8536.0,8551.0,1,8572.0,8546.0,8546.0,8546.0,1.0,8546.0,1330
2023-05-10 09:13:26,AP2403,AP403,8546.0,0.0,0.0,0.0,1,8537.0,8551.0,1,8572.0,8546.0,8546.0,8546.0,1.0,8546.0,1330
2023-05-10 09:13:27,AP2403,AP403,8546.0,0.0,0.0,0.0,1,8538.0,8552.0,1,8572.0,8546.0,8546.0,8546.0,1.0,8546.0,1330
2023-05-10 09:13:28,AP2403,AP403,8546.0,0.0,0.0,0.0,1,8541.0,8553.0,1,8572.0,8546.0,8546.0,8546.0,1.0,8546.0,1330
2023-05-10 09:13:29,AP2403,AP403,8546.0,0.0,0.0,0.0,1,8538.0,8553.0,1,8572.0,8546.0,8546.0,8546.0,1.0,8546.0,1330
2023-05-10 09:13:29,AP2403,AP403,8546.0,0.0,0.0,0.0,1,8539.0,8553.0,1,8572.0,8546.0,8546.0,8546.0,1.0,8546.0,1330
2023-05-10 09:13:33,AP2403,AP403,8546.0,0.0,0.0,0.0,1,8540.0,8553.0,1,8572.0,8546.0,8546.0,8546.0,1.0,8546.0,1330
2023-05-10 09:13:36,AP2403,AP403,8546.0,0.0,0.0,0.0,1,8543.0,8554.0,1,8572.0,8546.0,8546.0,8546.0,1.0,8546.0,1330
2023-05-10 09:13:36,AP2403,AP403,8546.0,0.0,0.0,0.0,1,8544.0,8555.0,1,8572.0,8546.0,8546.0,8546.0,1.0,8546.0,1330
2023-05-10 09:13:37,AP2403,AP403,8546.0,0.0,0.0,0.0,1,8540.0,8555.0,1,8572.0,8546.0,8546.0,8546.0,1.0,8546.0,1330
2023-05-10 09:13:38,AP2403,AP403,8546.0,0.0,0.0,0.0,1,8541.0,8555.0,1,8572.0,8546.0,8546.0,8546.0,1.0,8546.0,1330
2023-05-10 09:13:39,AP2403,AP403,8546.0,0.0,0.0,0.0,1,8542.0,8556.0,1,8572.0,8546.0,8546.0,8546.0,1.0,8546.0,1330
2023-05-10 09:13:42,AP2403,AP403,8546.0,0.0,0.0,0.0,1,8541.0,8556.0,1,8572.0,8546.0,8546.0,8546.0,1.0,8546.0,1330
2023-05-10 09:13:48,AP2403,AP403,8546.0,0.0,0.0,0.0,1,8541.0,8555.0,1,8572.0,8546.0,8546.0,8546.0,1.0,8546.0,1330
2023-05-10 09:13:48,AP2403,AP403,8546.0,0.0,0.0,0.0,1,8540.0,8555.0,1,8572.0,8546.0,8546.0,8546.0,1.0,8546.0,1330
2023-05-10 09:13:50,AP2403,AP403,8546.0,0.0,0.0,0.0,1,8541.0,8555.0,1,8572.0,8546.0,8546.0,8546.0,1.0,8546.0,1330
2023-05-10 09:13:54,AP2403,AP403,8546.0,0.0,0.0,0.0,1,8541.0,8554.0,1,8572.0,8546.0,8546.0,8546.0,1.0,8546.0,1330
2023-05-10 09:14:03,AP2403,AP403,8546.0,0.0,0.0,0.0,1,8541.0,8553.0,1,8572.0,8546.0,8546.0,8546.0,1.0,8546.0,1330
2023-05-10 09:14:04,AP2403,AP403,8546.0,0.0,0.0,0.0,1,8538.0,8553.0,1,8572.0,8546.0,8546.0,8546.0,1.0,8546.0,1330
2023-05-10 09:14:05,AP2403,AP403,8546.0,0.0,0.0,0.0,1,8539.0,8553.0,1,8572.0,8546.0,8546.0,8546.0,1.0,8546.0,1330
2023-05-10 09:14:06,AP2403,AP403,8546.0,0.0,0.0,0.0,1,8539.0,8552.0,1,8572.0,8546.0,8546.0,8546.0,1.0,8546.0,1330
2023-05-10 09:14:09,AP2403,AP403,8546.0,0.0,0.0,0.0,1,8539.0,8551.0,1,8572.0,8546.0,8546.0,8546.0,1.0,8546.0,1330
2023-05-10 09:14:12,AP2403,AP403,8546.0,0.0,0.0,0.0,1,8538.0,8551.0,1,8572.0,8546.0,8546.0,8546.0,1.0,8546.0,1330
2023-05-10 09:14:29,AP2403,AP403,8546.0,0.0,0.0,0.0,1,8539.0,8551.0,1,8572.0,8546.0,8546.0,8546.0,1.0,8546.0,1330
2023-05-10 09:14:29,AP2403,AP403,8546.0,0.0,0.0,0.0,1,8540.0,8553.0,1,8572.0,8546.0,8546.0,8546.0,1.0,8546.0,1330
2023-05-10 09:14:30,AP2403,AP403,8546.0,0.0,0.0,0.0,1,8540.0,8555.0,1,8572.0,8546.0,8546.0,8546.0,1.0,8546.0,1330
2023-05-10 09:14:30,AP2403,AP403,8546.0,0.0,0.0,0.0,1,8541.0,8556.0,1,8572.0,8546.0,8546.0,8546.0,1.0,8546.0,1330
2023-05-10 09:14:32,AP2403,AP403,8546.0,0.0,0.0,0.0,1,8542.0,8557.0,1,8572.0,8546.0,8546.0,8546.0,1.0,8546.0,1330
2023-05-10 09:14:32,AP2403,AP403,8546.0,0.0,0.0,0.0,1,8543.0,8558.0,1,8572.0,8546.0,8546.0,8546.0,1.0,8546.0,1330
2023-05-10 09:14:44,AP2403,AP403,8546.0,0.0,0.0,0.0,1,8545.0,8558.0,1,8572.0,8546.0,8546.0,8546.0,1.0,8546.0,1330
2023-05-10 09:14:47,AP2403,AP403,8546.0,0.0,0.0,0.0,1,8546.0,8561.0,1,8572.0,8546.0,8546.0,8546.0,1.0,8546.0,1330
2023-05-10 09:14:47,AP2403,AP403,8546.0,0.0,0.0,0.0,1,8548.0,8561.0,1,8572.0,8546.0,8546.0,8546.0,1.0,8546.0,1330
2023-05-10 09:14:59,AP2403,AP403,8546.0,0.0,0.0,0.0,1,8549.0,8563.0,1,8572.0,8546.0,8546.0,8546.0,1.0,8546.0,1330
2023-05-10 09:15:02,AP2403,AP403,8546.0,0.0,0.0,0.0,1,8548.0,8561.0,1,8572.0,8546.0,8546.0,8546.0,1.0,8546.0,1330
2023-05-10 09:15:04,AP2403,AP403,8546.0,0.0,0.0,0.0,1,8548.0,8560.0,1,8572.0,8546.0,8546.0,8546.0,1.0,8546.0,1330
2023-05-10 09:15:05,AP2403,AP403,8546.0,0.0,0.0,0.0,1,8548.0,8561.0,1,8572.0,8546.0,8546.0,8546.0,1.0,8546.0,1330
2023-05-10 09:15:05,AP2403,AP403,8546.0,0.0,0.0,0.0,1,8548.0,8562.0,1,8572.0,8546.0,8546.0,8546.0,1.0,8546.0,1330
2023-05-10 09:15:07,AP2403,AP403,8546.0,0.0,0.0,0.0,1,8546.0,8558.0,1,8572.0,8546.0,8546.0,8546.0,1.0,8546.0,1330
2023-05-10 09:15:09,AP2403,AP403,8546.0,0.0,0.0,0.0,1,8546.0,8562.0,1,8572.0,8546.0,8546.0,8546.0,1.0,8546.0,1330
2023-05-10 09:15:10,AP2403,AP403,8546.0,0.0,0.0,0.0,1,8548.0,8563.0,1,8572.0,8546.0,8546.0,8546.0,1.0,8546.0,1330
2023-05-10 09:15:11,AP2403,AP403,8546.0,0.0,0.0,0.0,1,8550.0,8564.0,1,8572.0,8546.0,8546.0,8546.0,1.0,8546.0,1330
2023-05-10 09:15:11,AP2403,AP403,8546.0,0.0,0.0,0.0,1,8553.0,8566.0,1,8572.0,8546.0,8546.0,8546.0,1.0,8546.0,1330
2023-05-10 09:15:12,AP2403,AP403,8546.0,0.0,0.0,0.0,1,8555.0,8566.0,1,8572.0,8546.0,8546.0,8546.0,1.0,8546.0,1330
2023-05-10 09:15:12,AP2403,AP403,8546.0,0.0,0.0,0.0,1,8552.0,8566.0,1,8572.0,8546.0,8546.0,8546.0,1.0,8546.0,1330
2023-05-10 09:15:14,AP2403,AP403,8546.0,0.0,0.0,0.0,1,8553.0,8566.0,1,8572.0,8546.0,8546.0,8546.0,1.0,8546.0,1330
2023-05-10 09:15:15,AP2403,AP403,8546.0,0.0,0.0,0.0,1,8552.0,8566.0,1,8572.0,8546.0,8546.0,8546.0,1.0,8546.0,1330
2023-05-10 09:15:16,AP2403,AP403,8546.0,0.0,0.0,0.0,1,8554.0,8566.0,1,8572.0,8546.0,8546.0,8546.0,1.0,8546.0,1330
2023-05-10 09:15:17,AP2403,AP403,8546.0,0.0,0.0,0.0,1,8552.0,8566.0,1,8572.0,8546.0,8546.0,8546.0,1.0,8546.0,1330
2023-05-10 09:15:18,AP2403,AP403,8546.0,0.0,0.0,0.0,1,8550.0,8566.0,1,8572.0,8546.0,8546.0,8546.0,1.0,8546.0,1330
2023-05-10 09:15:18,AP2403,AP403,8546.0,0.0,0.0,0.0,1,8551.0,8566.0,1,8572.0,8546.0,8546.0,8546.0,1.0,8546.0,1330
2023-05-10 09:15:19,AP2403,AP403,8546.0,0.0,0.0,0.0,1,8552.0,8566.0,1,8572.0,8546.0,8546.0,8546.0,1.0,8546.0,1330
2023-05-10 09:15:20,AP2403,AP403,8546.0,0.0,0.0,0.0,1,8551.0,8566.0,1,8572.0,8546.0,8546.0,8546.0,1.0,8546.0,1330
2023-05-10 09:15:23,AP2403,AP403,8546.0,0.0,0.0,0.0,1,8552.0,8566.0,1,8572.0,8546.0,8546.0,8546.0,1.0,8546.0,1330
2023-05-10 09:15:24,AP2403,AP403,8546.0,0.0,0.0,0.0,1,8553.0,8566.0,1,8572.0,8546.0,8546.0,8546.0,1.0,8546.0,1330
2023-05-10 09:15:24,AP2403,AP403,8546.0,0.0,0.0,0.0,1,8552.0,8566.0,1,8572.0,8546.0,8546.0,8546.0,1.0,8546.0,1330
2023-05-10 09:15:26,AP2403,AP403,8546.0,0.0,0.0,0.0,1,8553.0,8567.0,1,8572.0,8546.0,8546.0,8546.0,1.0,8546.0,1330
2023-05-10 09:15:29,AP2403,AP403,8546.0,0.0,0.0,0.0,1,8552.0,8567.0,1,8572.0,8546.0,8546.0,8546.0,1.0,8546.0,1330
2023-05-10 09:15:34,AP2403,AP403,8546.0,0.0,0.0,0.0,1,8552.0,8568.0,1,8572.0,8546.0,8546.0,8546.0,1.0,8546.0,1330
2023-05-10 09:15:40,AP2403,AP403,8546.0,0.0,0.0,0.0,1,8556.0,8568.0,1,8572.0,8546.0,8546.0,8546.0,1.0,8546.0,1330
2023-05-10 09:15:56,AP2403,AP403,8546.0,0.0,0.0,0.0,1,8552.0,8567.0,1,8572.0,8546.0,8546.0,8546.0,1.0,8546.0,1330
2023-05-10 09:15:57,AP2403,AP403,8546.0,0.0,0.0,0.0,1,8552.0,8565.0,1,8572.0,8546.0,8546.0,8546.0,1.0,8546.0,1330
2023-05-10 09:15:58,AP2403,AP403,8546.0,0.0,0.0,0.0,1,8552.0,8567.0,1,8572.0,8546.0,8546.0,8546.0,1.0,8546.0,1330
2023-05-10 09:15:58,AP2403,AP403,8546.0,0.0,0.0,0.0,1,8553.0,8567.0,1,8572.0,8546.0,8546.0,8546.0,1.0,8546.0,1330
2023-05-10 09:15:59,AP2403,AP403,8546.0,0.0,0.0,0.0,1,8553.0,8566.0,1,8572.0,8546.0,8546.0,8546.0,1.0,8546.0,1330
2023-05-10 09:16:02,AP2403,AP403,8546.0,0.0,0.0,0.0,1,8552.0,8566.0,1,8572.0,8546.0,8546.0,8546.0,1.0,8546.0,1330
2023-05-10 09:16:04,AP2403,AP403,8546.0,0.0,0.0,0.0,1,8552.0,8565.0,1,8572.0,8546.0,8546.0,8546.0,1.0,8546.0,1330
2023-05-10 09:16:04,AP2403,AP403,8546.0,0.0,0.0,0.0,1,8551.0,8565.0,1,8572.0,8546.0,8546.0,8546.0,1.0,8546.0,1330
2023-05-10 09:16:05,AP2403,AP403,8546.0,0.0,0.0,0.0,1,8550.0,8564.0,1,8572.0,8546.0,8546.0,8546.0,1.0,8546.0,1330
2023-05-10 09:16:12,AP2403,AP403,8546.0,0.0,0.0,0.0,1,8550.0,8563.0,1,8572.0,8546.0,8546.0,8546.0,1.0,8546.0,1330
2023-05-10 09:16:12,AP2403,AP403,8546.0,0.0,0.0,0.0,1,8550.0,8562.0,1,8572.0,8546.0,8546.0,8546.0,1.0,8546.0,1330
2023-05-10 09:16:13,AP2403,AP403,8546.0,0.0,0.0,0.0,1,8550.0,8561.0,1,8572.0,8546.0,8546.0,8546.0,1.0,8546.0,1330
2023-05-10 09:16:15,AP2403,AP403,8546.0,0.0,0.0,0.0,1,8549.0,8561.0,1,8572.0,8546.0,8546.0,8546.0,1.0,8546.0,1330
2023-05-10 09:16:20,AP2403,AP403,8546.0,0.0,0.0,0.0,1,8548.0,8561.0,1,8572.0,8546.0,8546.0,8546.0,1.0,8546.0,1330
2023-05-10 09:16:24,AP2403,AP403,8546.0,0.0,0.0,0.0,1,8549.0,8561.0,1,8572.0,8546.0,8546.0,8546.0,1.0,8546.0,1330
2023-05-10 09:16:28,AP2403,AP403,8546.0,0.0,0.0,0.0,1,8549.0,8565.0,1,8572.0,8546.0,8546.0,8546.0,1.0,8546.0,1330
2023-05-10 09:16:28,AP2403,AP403,8546.0,0.0,0.0,0.0,1,8550.0,8565.0,1,8572.0,8546.0,8546.0,8546.0,1.0,8546.0,1330
2023-05-10 09:16:30,AP2403,AP403,8546.0,0.0,0.0,0.0,1,8549.0,8565.0,1,8572.0,8546.0,8546.0,8546.0,1.0,8546.0,1330
2023-05-10 09:16:30,AP2403,AP403,8546.0,0.0,0.0,0.0,1,8549.0,8563.0,1,8572.0,8546.0,8546.0,8546.0,1.0,8546.0,1330
2023-05-10 09:16:34,AP2403,AP403,8546.0,0.0,0.0,0.0,1,8552.0,8566.0,1,8572.0,8546.0,8546.0,8546.0,1.0,8546.0,1330
2023-05-10 09:16:34,AP2403,AP403,8546.0,0.0,0.0,0.0,1,8552.0,8565.0,1,8572.0,8546.0,8546.0,8546.0,1.0,8546.0,1330
2023-05-10 09:16:38,AP2403,AP403,8546.0,0.0,0.0,0.0,1,8552.0,8566.0,1,8572.0,8546.0,8546.0,8546.0,1.0,8546.0,1330
2023-05-10 09:16:40,AP2403,AP403,8546.0,0.0,0.0,0.0,1,8548.0,8566.0,1,8572.0,8546.0,8546.0,8546.0,1.0,8546.0,1330
2023-05-10 09:16:41,AP2403,AP403,8546.0,0.0,0.0,0.0,1,8549.0,8568.0,1,8572.0,8546.0,8546.0,8546.0,1.0,8546.0,1330
2023-05-10 09:16:45,AP2403,AP403,8546.0,0.0,0.0,0.0,1,8549.0,8566.0,1,8572.0,8546.0,8546.0,8546.0,1.0,8546.0,1330
2023-05-10 09:16:59,AP2403,AP403,8546.0,0.0,0.0,0.0,1,8549.0,8568.0,1,8572.0,8546.0,8546.0,8546.0,1.0,8546.0,1330
2023-05-10 09:17:01,AP2403,AP403,8546.0,0.0,0.0,0.0,1,8555.0,8568.0,1,8572.0,8546.0,8546.0,8546.0,1.0,8546.0,1330
2023-05-10 09:17:03,AP2403,AP403,8546.0,0.0,0.0,0.0,1,8555.0,8567.0,1,8572.0,8546.0,8546.0,8546.0,1.0,8546.0,1330
2023-05-10 09:17:04,AP2403,AP403,8546.0,0.0,0.0,0.0,1,8555.0,8568.0,1,8572.0,8546.0,8546.0,8546.0,1.0,8546.0,1330
2023-05-10 09:17:06,AP2403,AP403,8546.0,0.0,0.0,0.0,1,8556.0,8571.0,1,8572.0,8546.0,8546.0,8546.0,1.0,8546.0,1330
2023-05-10 09:17:06,AP2403,AP403,8546.0,0.0,0.0,0.0,1,8557.0,8571.0,1,8572.0,8546.0,8546.0,8546.0,1.0,8546.0,1330
2023-05-10 09:17:09,AP2403,AP403,8546.0,0.0,0.0,0.0,1,8558.0,8571.0,1,8572.0,8546.0,8546.0,8546.0,1.0,8546.0,1330
2023-05-10 09:17:21,AP2403,AP403,8546.0,0.0,0.0,0.0,1,8559.0,8571.0,1,8572.0,8546.0,8546.0,8546.0,1.0,8546.0,1330
2023-05-10 09:17:30,AP2403,AP403,8546.0,0.0,0.0,0.0,1,8557.0,8571.0,1,8572.0,8546.0,8546.0,8546.0,1.0,8546.0,1330
2023-05-10 09:17:31,AP2403,AP403,8546.0,0.0,0.0,0.0,1,8557.0,8570.0,1,8572.0,8546.0,8546.0,8546.0,1.0,8546.0,1330
2023-05-10 09:17:50,AP2403,AP403,8546.0,0.0,0.0,0.0,1,8558.0,8570.0,1,8572.0,8546.0,8546.0,8546.0,1.0,8546.0,1330
2023-05-10 09:17:54,AP2403,AP403,8546.0,0.0,0.0,0.0,1,8557.0,8570.0,1,8572.0,8546.0,8546.0,8546.0,1.0,8546.0,1330
2023-05-10 09:18:01,AP2403,AP403,8546.0,0.0,0.0,0.0,1,8549.0,8570.0,1,8572.0,8546.0,8546.0,8546.0,1.0,8546.0,1330
2023-05-10 09:18:02,AP2403,AP403,8546.0,0.0,0.0,0.0,1,8552.0,8567.0,1,8572.0,8546.0,8546.0,8546.0,1.0,8546.0,1330
2023-05-10 09:18:02,AP2403,AP403,8546.0,0.0,0.0,0.0,1,8553.0,8567.0,1,8572.0,8546.0,8546.0,8546.0,1.0,8546.0,1330
2023-05-10 09:18:05,AP2403,AP403,8546.0,0.0,0.0,0.0,1,8552.0,8567.0,1,8572.0,8546.0,8546.0,8546.0,1.0,8546.0,1330
2023-05-10 09:18:07,AP2403,AP403,8546.0,0.0,0.0,0.0,1,8551.0,8567.0,1,8572.0,8546.0,8546.0,8546.0,1.0,8546.0,1330
2023-05-10 09:18:10,AP2403,AP403,8546.0,0.0,0.0,0.0,1,8549.0,8567.0,1,8572.0,8546.0,8546.0,8546.0,1.0,8546.0,1330
2023-05-10 09:18:11,AP2403,AP403,8546.0,0.0,0.0,0.0,1,8549.0,8564.0,1,8572.0,8546.0,8546.0,8546.0,1.0,8546.0,1330
2023-05-10 09:18:14,AP2403,AP403,8546.0,0.0,0.0,0.0,1,8550.0,8564.0,1,8572.0,8546.0,8546.0,8546.0,1.0,8546.0,1330
2023-05-10 09:18:26,AP2403,AP403,8546.0,0.0,0.0,0.0,1,8549.0,8564.0,1,8572.0,8546.0,8546.0,8546.0,1.0,8546.0,1330
2023-05-10 09:18:28,AP2403,AP403,8546.0,0.0,0.0,0.0,1,8549.0,8563.0,1,8572.0,8546.0,8546.0,8546.0,1.0,8546.0,1330
2023-05-10 09:18:41,AP2403,AP403,8546.0,0.0,0.0,0.0,1,8549.0,8564.0,1,8572.0,8546.0,8546.0,8546.0,1.0,8546.0,1330
2023-05-10 09:18:44,AP2403,AP403,8546.0,0.0,0.0,0.0,1,8550.0,8564.0,1,8572.0,8546.0,8546.0,8546.0,1.0,8546.0,1330
2023-05-10 09:18:52,AP2403,AP403,8546.0,0.0,0.0,0.0,1,8551.0,8564.0,1,8572.0,8546.0,8546.0,8546.0,1.0,8546.0,1330
2023-05-10 09:18:53,AP2403,AP403,8546.0,0.0,0.0,0.0,1,8551.0,8566.0,1,8572.0,8546.0,8546.0,8546.0,1.0,8546.0,1330
2023-05-10 09:18:53,AP2403,AP403,8546.0,0.0,0.0,0.0,1,8553.0,8568.0,1,8572.0,8546.0,8546.0,8546.0,1.0,8546.0,1330
2023-05-10 09:18:54,AP2403,AP403,8546.0,0.0,0.0,0.0,1,8555.0,8570.0,1,8572.0,8546.0,8546.0,8546.0,1.0,8546.0,1330
2023-05-10 09:18:55,AP2403,AP403,8546.0,0.0,0.0,0.0,1,8556.0,8571.0,1,8572.0,8546.0,8546.0,8546.0,1.0,8546.0,1330
2023-05-10 09:18:58,AP2403,AP403,8546.0,0.0,0.0,0.0,1,8557.0,8571.0,1,8572.0,8546.0,8546.0,8546.0,1.0,8546.0,1330
2023-05-10 09:19:07,AP2403,AP403,8546.0,0.0,0.0,0.0,1,8555.0,8571.0,1,8572.0,8546.0,8546.0,8546.0,1.0,8546.0,1330
2023-05-10 09:19:08,AP2403,AP403,8546.0,0.0,0.0,0.0,1,8554.0,8571.0,1,8572.0,8546.0,8546.0,8546.0,1.0,8546.0,1330
2023-05-10 09:19:16,AP2403,AP403,8546.0,0.0,0.0,0.0,1,8553.0,8571.0,1,8572.0,8546.0,8546.0,8546.0,1.0,8546.0,1330
2023-05-10 09:19:17,AP2403,AP403,8546.0,0.0,0.0,0.0,1,8553.0,8567.0,1,8572.0,8546.0,8546.0,8546.0,1.0,8546.0,1330
2023-05-10 09:19:18,AP2403,AP403,8546.0,0.0,0.0,0.0,1,8553.0,8571.0,1,8572.0,8546.0,8546.0,8546.0,1.0,8546.0,1330
2023-05-10 09:19:18,AP2403,AP403,8546.0,0.0,0.0,0.0,1,8553.0,8568.0,1,8572.0,8546.0,8546.0,8546.0,1.0,8546.0,1330
2023-05-10 09:19:22,AP2403,AP403,8546.0,0.0,0.0,0.0,1,8553.0,8569.0,1,8572.0,8546.0,8546.0,8546.0,1.0,8546.0,1330
2023-05-10 09:19:22,AP2403,AP403,8546.0,0.0,0.0,0.0,1,8554.0,8571.0,1,8572.0,8546.0,8546.0,8546.0,1.0,8546.0,1330
2023-05-10 09:19:23,AP2403,AP403,8546.0,0.0,0.0,0.0,1,8555.0,8570.0,1,8572.0,8546.0,8546.0,8546.0,1.0,8546.0,1330
2023-05-10 09:19:24,AP2403,AP403,8546.0,0.0,0.0,0.0,1,8555.0,8571.0,1,8572.0,8546.0,8546.0,8546.0,1.0,8546.0,1330
2023-05-10 09:19:24,AP2403,AP403,8546.0,0.0,0.0,0.0,1,8555.0,8570.0,1,8572.0,8546.0,8546.0,8546.0,1.0,8546.0,1330
2023-05-10 09:19:26,AP2403,AP403,8546.0,0.0,0.0,0.0,1,8556.0,8570.0,1,8572.0,8546.0,8546.0,8546.0,1.0,8546.0,1330
2023-05-10 09:19:29,AP2403,AP403,8546.0,0.0,0.0,0.0,1,8557.0,8570.0,1,8572.0,8546.0,8546.0,8546.0,1.0,8546.0,1330
2023-05-10 09:19:34,AP2403,AP403,8546.0,0.0,0.0,0.0,1,8556.0,8570.0,1,8572.0,8546.0,8546.0,8546.0,1.0,8546.0,1330
2023-05-10 09:19:34,AP2403,AP403,8546.0,0.0,0.0,0.0,1,8557.0,8570.0,1,8572.0,8546.0,8546.0,8546.0,1.0,8546.0,1330
2023-05-10 09:19:38,AP2403,AP403,8546.0,0.0,0.0,0.0,1,8557.0,8571.0,1,8572.0,8546.0,8546.0,8546.0,1.0,8546.0,1330
2023-05-10 09:20:02,AP2403,AP403,8546.0,0.0,0.0,0.0,1,8558.0,8571.0,1,8572.0,8546.0,8546.0,8546.0,1.0,8546.0,1330
2023-05-10 09:20:05,AP2403,AP403,8546.0,0.0,0.0,0.0,1,8559.0,8571.0,1,8572.0,8546.0,8546.0,8546.0,1.0,8546.0,1330
2023-05-10 09:20:05,AP2403,AP403,8546.0,0.0,0.0,0.0,1,8560.0,8571.0,1,8572.0,8546.0,8546.0,8546.0,1.0,8546.0,1330
2023-05-10 09:20:06,AP2403,AP403,8546.0,0.0,0.0,0.0,1,8560.0,8572.0,1,8572.0,8546.0,8546.0,8546.0,1.0,8546.0,1330
2023-05-10 09:20:21,AP2403,AP403,8546.0,0.0,0.0,0.0,1,8560.0,8575.0,1,8572.0,8546.0,8546.0,8546.0,1.0,8546.0,1330
2023-05-10 09:20:22,AP2403,AP403,8546.0,0.0,0.0,0.0,1,8562.0,8575.0,1,8572.0,8546.0,8546.0,8546.0,1.0,8546.0,1330
2023-05-10 09:20:22,AP2403,AP403,8546.0,0.0,0.0,0.0,1,8562.0,8578.0,1,8572.0,8546.0,8546.0,8546.0,1.0,8546.0,1330
2023-05-10 09:20:23,AP2403,AP403,8546.0,0.0,0.0,0.0,1,8563.0,8578.0,1,8572.0,8546.0,8546.0,8546.0,1.0,8546.0,1330
2023-05-10 09:20:27,AP2403,AP403,8546.0,0.0,0.0,0.0,1,8564.0,8578.0,1,8572.0,8546.0,8546.0,8546.0,1.0,8546.0,1330
2023-05-10 09:20:43,AP2403,AP403,8546.0,0.0,0.0,0.0,1,8565.0,8578.0,1,8572.0,8546.0,8546.0,8546.0,1.0,8546.0,1330
2023-05-10 09:20:46,AP2403,AP403,8546.0,0.0,0.0,0.0,1,8565.0,8577.0,1,8572.0,8546.0,8546.0,8546.0,1.0,8546.0,1330
2023-05-10 09:20:50,AP2403,AP403,8546.0,0.0,0.0,0.0,1,8565.0,8579.0,1,8572.0,8546.0,8546.0,8546.0,1.0,8546.0,1330
2023-05-10 09:20:51,AP2403,AP403,8546.0,0.0,0.0,0.0,1,8566.0,8579.0,1,8572.0,8546.0,8546.0,8546.0,1.0,8546.0,1330
2023-05-10 09:20:52,AP2403,AP403,8546.0,0.0,0.0,0.0,1,8565.0,8579.0,1,8572.0,8546.0,8546.0,8546.0,1.0,8546.0,1330
2023-05-10 09:20:53,AP2403,AP403,8546.0,0.0,0.0,0.0,1,8563.0,8577.0,1,8572.0,8546.0,8546.0,8546.0,1.0,8546.0,1330
2023-05-10 09:20:53,AP2403,AP403,8546.0,0.0,0.0,0.0,1,8563.0,8576.0,1,8572.0,8546.0,8546.0,8546.0,1.0,8546.0,1330
2023-05-10 09:20:57,AP2403,AP403,8546.0,0.0,0.0,0.0,1,8562.0,8575.0,1,8572.0,8546.0,8546.0,8546.0,1.0,8546.0,1330
2023-05-10 09:20:57,AP2403,AP403,8546.0,0.0,0.0,0.0,1,8560.0,8573.0,1,8572.0,8546.0,8546.0,8546.0,1.0,8546.0,1330
2023-05-10 09:21:07,AP2403,AP403,8546.0,0.0,0.0,0.0,1,8558.0,8573.0,1,8572.0,8546.0,8546.0,8546.0,1.0,8546.0,1330
2023-05-10 09:21:08,AP2403,AP403,8546.0,0.0,0.0,0.0,1,8557.0,8572.0,1,8572.0,8546.0,8546.0,8546.0,1.0,8546.0,1330
2023-05-10 09:21:09,AP2403,AP403,8546.0,0.0,0.0,0.0,1,8557.0,8571.0,1,8572.0,8546.0,8546.0,8546.0,1.0,8546.0,1330
2023-05-10 09:21:46,AP2403,AP403,8546.0,0.0,0.0,0.0,1,8555.0,8570.0,1,8572.0,8546.0,8546.0,8546.0,1.0,8546.0,1330
2023-05-10 09:21:47,AP2403,AP403,8546.0,0.0,0.0,0.0,1,8553.0,8568.0,1,8572.0,8546.0,8546.0,8546.0,1.0,8546.0,1330
2023-05-10 09:21:47,AP2403,AP403,8546.0,0.0,0.0,0.0,1,8553.0,8567.0,1,8572.0,8546.0,8546.0,8546.0,1.0,8546.0,1330
2023-05-10 09:21:52,AP2403,AP403,8546.0,0.0,0.0,0.0,1,8553.0,8566.0,1,8572.0,8546.0,8546.0,8546.0,1.0,8546.0,1330
2023-05-10 09:21:53,AP2403,AP403,8546.0,0.0,0.0,0.0,1,8553.0,8564.0,1,8572.0,8546.0,8546.0,8546.0,1.0,8546.0,1330
2023-05-10 09:21:55,AP2403,AP403,8546.0,0.0,0.0,0.0,1,8551.0,8563.0,1,8572.0,8546.0,8546.0,8546.0,1.0,8546.0,1330
2023-05-10 09:21:55,AP2403,AP403,8546.0,0.0,0.0,0.0,1,8549.0,8563.0,1,8572.0,8546.0,8546.0,8546.0,1.0,8546.0,1330
2023-05-10 09:21:59,AP2403,AP403,8546.0,0.0,0.0,0.0,1,8550.0,8563.0,1,8572.0,8546.0,8546.0,8546.0,1.0,8546.0,1330
2023-05-10 09:22:00,AP2403,AP403,8546.0,0.0,0.0,0.0,1,8553.0,8564.0,1,8572.0,8546.0,8546.0,8546.0,1.0,8546.0,1330
2023-05-10 09:22:01,AP2403,AP403,8546.0,0.0,0.0,0.0,1,8553.0,8566.0,1,8572.0,8546.0,8546.0,8546.0,1.0,8546.0,1330
2023-05-10 09:22:02,AP2403,AP403,8546.0,0.0,0.0,0.0,1,8553.0,8565.0,1,8572.0,8546.0,8546.0,8546.0,1.0,8546.0,1330
2023-05-10 09:22:20,AP2403,AP403,8546.0,0.0,0.0,0.0,1,8554.0,8566.0,1,8572.0,8546.0,8546.0,8546.0,1.0,8546.0,1330
2023-05-10 09:22:28,AP2403,AP403,8546.0,0.0,0.0,0.0,1,8554.0,8567.0,1,8572.0,8546.0,8546.0,8546.0,1.0,8546.0,1330
2023-05-10 09:22:46,AP2403,AP403,8546.0,0.0,0.0,0.0,1,8555.0,8567.0,1,8572.0,8546.0,8546.0,8546.0,1.0,8546.0,1330
2023-05-10 09:23:24,AP2403,AP403,8546.0,0.0,0.0,0.0,1,8556.0,8568.0,1,8572.0,8546.0,8546.0,8546.0,1.0,8546.0,1330
2023-05-10 09:23:26,AP2403,AP403,8546.0,0.0,0.0,0.0,1,8556.0,8569.0,1,8572.0,8546.0,8546.0,8546.0,1.0,8546.0,1330
2023-05-10 09:23:31,AP2403,AP403,8546.0,0.0,0.0,0.0,1,8556.0,8568.0,1,8572.0,8546.0,8546.0,8546.0,1.0,8546.0,1330
2023-05-10 09:23:39,AP2403,AP403,8546.0,0.0,0.0,0.0,1,8556.0,8569.0,1,8572.0,8546.0,8546.0,8546.0,1.0,8546.0,1330
2023-05-10 09:23:40,AP2403,AP403,8546.0,0.0,0.0,0.0,1,8556.0,8570.0,1,8572.0,8546.0,8546.0,8546.0,1.0,8546.0,1330
2023-05-10 09:23:40,AP2403,AP403,8546.0,0.0,0.0,0.0,1,8558.0,8570.0,1,8572.0,8546.0,8546.0,8546.0,1.0,8546.0,1330
2023-05-10 09:23:45,AP2403,AP403,8546.0,0.0,0.0,0.0,1,8558.0,8571.0,1,8572.0,8546.0,8546.0,8546.0,1.0,8546.0,1330
2023-05-10 09:23:46,AP2403,AP403,8546.0,0.0,0.0,0.0,1,8559.0,8571.0,1,8572.0,8546.0,8546.0,8546.0,1.0,8546.0,1330
2023-05-10 09:23:48,AP2403,AP403,8546.0,0.0,0.0,0.0,1,8560.0,8571.0,1,8572.0,8546.0,8546.0,8546.0,1.0,8546.0,1330
2023-05-10 09:23:49,AP2403,AP403,8546.0,0.0,0.0,0.0,1,8561.0,8573.0,1,8572.0,8546.0,8546.0,8546.0,1.0,8546.0,1330
2023-05-10 09:23:53,AP2403,AP403,8546.0,0.0,0.0,0.0,1,8561.0,8575.0,1,8572.0,8546.0,8546.0,8546.0,1.0,8546.0,1330
2023-05-10 09:23:57,AP2403,AP403,8546.0,0.0,0.0,0.0,1,8561.0,8574.0,1,8572.0,8546.0,8546.0,8546.0,1.0,8546.0,1330
2023-05-10 09:23:57,AP2403,AP403,8546.0,0.0,0.0,0.0,1,8561.0,8573.0,1,8572.0,8546.0,8546.0,8546.0,1.0,8546.0,1330
2023-05-10 09:23:59,AP2403,AP403,8546.0,0.0,0.0,0.0,1,8562.0,8574.0,1,8572.0,8546.0,8546.0,8546.0,1.0,8546.0,1330
2023-05-10 09:24:00,AP2403,AP403,8546.0,0.0,0.0,0.0,1,8563.0,8576.0,1,8572.0,8546.0,8546.0,8546.0,1.0,8546.0,1330
2023-05-10 09:24:03,AP2403,AP403,8546.0,0.0,0.0,0.0,1,8564.0,8579.0,1,8572.0,8546.0,8546.0,8546.0,1.0,8546.0,1330
2023-05-10 09:24:03,AP2403,AP403,8546.0,0.0,0.0,0.0,1,8567.0,8580.0,1,8572.0,8546.0,8546.0,8546.0,1.0,8546.0,1330
2023-05-10 09:24:06,AP2403,AP403,8580.0,4.0,34319.0,0.0,1,8580.0,8582.0,1,8572.0,8546.0,8580.0,8546.0,5.0,42865.0,1330
2023-05-10 09:24:07,AP2403,AP403,8580.0,1.0,8579.0,0.0,1,8564.0,8580.0,1,8572.0,8546.0,8580.0,8546.0,6.0,51444.0,1330
2023-05-10 09:24:07,AP2403,AP403,8580.0,0.0,0.0,0.0,1,8567.0,8580.0,1,8572.0,8546.0,8580.0,8546.0,6.0,51444.0,1330
2023-05-10 09:24:10,AP2403,AP403,8580.0,0.0,0.0,0.0,1,8568.0,8581.0,1,8572.0,8546.0,8580.0,8546.0,6.0,51444.0,1330
2023-05-10 09:24:10,AP2403,AP403,8580.0,0.0,0.0,0.0,1,8568.0,8582.0,1,8572.0,8546.0,8580.0,8546.0,6.0,51444.0,1330
2023-05-10 09:24:12,AP2403,AP403,8580.0,0.0,0.0,0.0,1,8568.0,8580.0,1,8572.0,8546.0,8580.0,8546.0,6.0,51444.0,1330
2023-05-10 09:24:13,AP2403,AP403,8580.0,0.0,0.0,0.0,1,8568.0,8579.0,1,8572.0,8546.0,8580.0,8546.0,6.0,51444.0,1330
2023-05-10 09:24:13,AP2403,AP403,8580.0,0.0,0.0,0.0,1,8566.0,8579.0,1,8572.0,8546.0,8580.0,8546.0,6.0,51444.0,1330
2023-05-10 09:24:14,AP2403,AP403,8580.0,0.0,0.0,0.0,1,8566.0,8578.0,1,8572.0,8546.0,8580.0,8546.0,6.0,51444.0,1330
2023-05-10 09:24:14,AP2403,AP403,8580.0,0.0,0.0,0.0,1,8566.0,8577.0,1,8572.0,8546.0,8580.0,8546.0,6.0,51444.0,1330
2023-05-10 09:24:15,AP2403,AP403,8580.0,0.0,0.0,0.0,1,8566.0,8578.0,1,8572.0,8546.0,8580.0,8546.0,6.0,51444.0,1330
2023-05-10 09:24:19,AP2403,AP403,8580.0,0.0,0.0,0.0,6,8566.0,8578.0,1,8572.0,8546.0,8580.0,8546.0,6.0,51444.0,1330
2023-05-10 09:24:21,AP2403,AP403,8580.0,0.0,0.0,0.0,1,8567.0,8579.0,1,8572.0,8546.0,8580.0,8546.0,6.0,51444.0,1330
2023-05-10 09:24:21,AP2403,AP403,8580.0,0.0,0.0,0.0,1,8567.0,8580.0,1,8572.0,8546.0,8580.0,8546.0,6.0,51444.0,1330
2023-05-10 09:24:21,AP2403,AP403,8580.0,0.0,0.0,0.0,1,8567.0,8579.0,1,8572.0,8546.0,8580.0,8546.0,6.0,51444.0,1330
2023-05-10 09:24:21,AP2403,AP403,8580.0,0.0,0.0,0.0,1,8567.0,8580.0,1,8572.0,8546.0,8580.0,8546.0,6.0,51444.0,1330
2023-05-10 09:24:22,AP2403,AP403,8580.0,0.0,0.0,0.0,1,8567.0,8582.0,1,8572.0,8546.0,8580.0,8546.0,6.0,51444.0,1330
2023-05-10 09:24:25,AP2403,AP403,8580.0,0.0,0.0,0.0,1,8568.0,8582.0,1,8572.0,8546.0,8580.0,8546.0,6.0,51444.0,1330
2023-05-10 09:24:26,AP2403,AP403,8580.0,0.0,0.0,0.0,1,8569.0,8582.0,1,8572.0,8546.0,8580.0,8546.0,6.0,51444.0,1330
2023-05-10 09:24:29,AP2403,AP403,8580.0,0.0,0.0,0.0,1,8569.0,8581.0,1,8572.0,8546.0,8580.0,8546.0,6.0,51444.0,1330
2023-05-10 09:24:32,AP2403,AP403,8580.0,0.0,0.0,0.0,1,8569.0,8582.0,1,8572.0,8546.0,8580.0,8546.0,6.0,51444.0,1330
2023-05-10 09:24:36,AP2403,AP403,8580.0,0.0,0.0,0.0,1,8572.0,8588.0,1,8572.0,8546.0,8580.0,8546.0,6.0,51444.0,1330
2023-05-10 09:24:37,AP2403,AP403,8580.0,0.0,0.0,0.0,1,8569.0,8581.0,1,8572.0,8546.0,8580.0,8546.0,6.0,51444.0,1330
2023-05-10 09:24:37,AP2403,AP403,8580.0,0.0,0.0,0.0,1,8570.0,8581.0,1,8572.0,8546.0,8580.0,8546.0,6.0,51444.0,1330
2023-05-10 09:24:38,AP2403,AP403,8580.0,0.0,0.0,0.0,1,8572.0,8588.0,1,8572.0,8546.0,8580.0,8546.0,6.0,51444.0,1330
2023-05-10 09:24:42,AP2403,AP403,8580.0,0.0,0.0,0.0,1,8570.0,8588.0,1,8572.0,8546.0,8580.0,8546.0,6.0,51444.0,1330
2023-05-10 09:24:44,AP2403,AP403,8580.0,0.0,0.0,0.0,1,8570.0,8581.0,1,8572.0,8546.0,8580.0,8546.0,6.0,51444.0,1330
2023-05-10 09:24:49,AP2403,AP403,8580.0,0.0,0.0,0.0,1,8571.0,8581.0,1,8572.0,8546.0,8580.0,8546.0,6.0,51444.0,1330
2023-05-10 09:24:50,AP2403,AP403,8580.0,0.0,0.0,0.0,1,8571.0,8588.0,1,8572.0,8546.0,8580.0,8546.0,6.0,51444.0,1330
2023-05-10 09:25:06,AP2403,AP403,8580.0,0.0,0.0,0.0,1,8569.0,8588.0,1,8572.0,8546.0,8580.0,8546.0,6.0,51444.0,1330
2023-05-10 09:25:10,AP2403,AP403,8580.0,0.0,0.0,0.0,1,8570.0,8588.0,1,8572.0,8546.0,8580.0,8546.0,6.0,51444.0,1330
2023-05-10 09:25:16,AP2403,AP403,8580.0,0.0,0.0,0.0,1,8570.0,8582.0,1,8572.0,8546.0,8580.0,8546.0,6.0,51444.0,1330
2023-05-10 09:25:21,AP2403,AP403,8580.0,0.0,0.0,0.0,1,8570.0,8588.0,1,8572.0,8546.0,8580.0,8546.0,6.0,51444.0,1330
2023-05-10 09:25:23,AP2403,AP403,8580.0,0.0,0.0,0.0,1,8570.0,8582.0,1,8572.0,8546.0,8580.0,8546.0,6.0,51444.0,1330
2023-05-10 09:25:41,AP2403,AP403,8580.0,0.0,0.0,0.0,1,8569.0,8582.0,1,8572.0,8546.0,8580.0,8546.0,6.0,51444.0,1330
2023-05-10 09:25:44,AP2403,AP403,8580.0,0.0,0.0,0.0,1,8568.0,8582.0,1,8572.0,8546.0,8580.0,8546.0,6.0,51444.0,1330
2023-05-10 09:25:51,AP2403,AP403,8580.0,0.0,0.0,0.0,1,8568.0,8581.0,1,8572.0,8546.0,8580.0,8546.0,6.0,51444.0,1330
2023-05-10 09:25:52,AP2403,AP403,8580.0,0.0,0.0,0.0,1,8568.0,8582.0,1,8572.0,8546.0,8580.0,8546.0,6.0,51444.0,1330
2023-05-10 09:25:57,AP2403,AP403,8580.0,0.0,0.0,0.0,1,8568.0,8581.0,1,8572.0,8546.0,8580.0,8546.0,6.0,51444.0,1330
2023-05-10 09:25:57,AP2403,AP403,8580.0,0.0,0.0,0.0,1,8568.0,8580.0,1,8572.0,8546.0,8580.0,8546.0,6.0,51444.0,1330
2023-05-10 09:25:58,AP2403,AP403,8580.0,0.0,0.0,0.0,6,8566.0,8580.0,1,8572.0,8546.0,8580.0,8546.0,6.0,51444.0,1330
2023-05-10 09:25:59,AP2403,AP403,8580.0,0.0,0.0,0.0,6,8566.0,8579.0,1,8572.0,8546.0,8580.0,8546.0,6.0,51444.0,1330
2023-05-10 09:26:00,AP2403,AP403,8580.0,0.0,0.0,0.0,5,8566.0,8578.0,1,8572.0,8546.0,8580.0,8546.0,6.0,51444.0,1330
2023-05-10 09:26:00,AP2403,AP403,8580.0,0.0,0.0,0.0,5,8566.0,8577.0,1,8572.0,8546.0,8580.0,8546.0,6.0,51444.0,1330
2023-05-10 09:26:02,AP2403,AP403,8580.0,0.0,0.0,0.0,5,8566.0,8578.0,1,8572.0,8546.0,8580.0,8546.0,6.0,51444.0,1330
2023-05-10 09:26:03,AP2403,AP403,8580.0,0.0,0.0,0.0,5,8566.0,8579.0,1,8572.0,8546.0,8580.0,8546.0,6.0,51444.0,1330
2023-05-10 09:26:03,AP2403,AP403,8580.0,0.0,0.0,0.0,5,8566.0,8580.0,1,8572.0,8546.0,8580.0,8546.0,6.0,51444.0,1330
2023-05-10 09:26:06,AP2403,AP403,8580.0,0.0,0.0,0.0,5,8566.0,8582.0,1,8572.0,8546.0,8580.0,8546.0,6.0,51444.0,1330
2023-05-10 09:26:07,AP2403,AP403,8580.0,0.0,0.0,0.0,1,8567.0,8582.0,1,8572.0,8546.0,8580.0,8546.0,6.0,51444.0,1330
2023-05-10 09:26:10,AP2403,AP403,8580.0,0.0,0.0,0.0,1,8567.0,8580.0,1,8572.0,8546.0,8580.0,8546.0,6.0,51444.0,1330
2023-05-10 09:26:23,AP2403,AP403,8580.0,0.0,0.0,0.0,1,8568.0,8580.0,1,8572.0,8546.0,8580.0,8546.0,6.0,51444.0,1330
2023-05-10 09:26:29,AP2403,AP403,8580.0,0.0,0.0,0.0,1,8569.0,8582.0,1,8572.0,8546.0,8580.0,8546.0,6.0,51444.0,1330
2023-05-10 09:26:33,AP2403,AP403,8580.0,0.0,0.0,0.0,1,8570.0,8582.0,1,8572.0,8546.0,8580.0,8546.0,6.0,51444.0,1330
2023-05-10 09:26:34,AP2403,AP403,8580.0,0.0,0.0,0.0,1,8571.0,8582.0,1,8572.0,8546.0,8580.0,8546.0,6.0,51444.0,1330
2023-05-10 09:27:09,AP2403,AP403,8580.0,0.0,0.0,0.0,1,8570.0,8580.0,1,8572.0,8546.0,8580.0,8546.0,6.0,51444.0,1330
2023-05-10 09:27:09,AP2403,AP403,8580.0,0.0,0.0,0.0,1,8568.0,8580.0,1,8572.0,8546.0,8580.0,8546.0,6.0,51444.0,1330
2023-05-10 09:27:10,AP2403,AP403,8580.0,0.0,0.0,0.0,1,8567.0,8580.0,1,8572.0,8546.0,8580.0,8546.0,6.0,51444.0,1330
2023-05-10 09:27:18,AP2403,AP403,8580.0,0.0,0.0,0.0,1,8567.0,8578.0,1,8572.0,8546.0,8580.0,8546.0,6.0,51444.0,1330
2023-05-10 09:27:24,AP2403,AP403,8580.0,0.0,0.0,0.0,5,8566.0,8576.0,1,8572.0,8546.0,8580.0,8546.0,6.0,51444.0,1330
2023-05-10 09:27:33,AP2403,AP403,8580.0,0.0,0.0,0.0,5,8566.0,8578.0,1,8572.0,8546.0,8580.0,8546.0,6.0,51444.0,1330
2023-05-10 09:27:33,AP2403,AP403,8580.0,0.0,0.0,0.0,6,8566.0,8578.0,1,8572.0,8546.0,8580.0,8546.0,6.0,51444.0,1330
2023-05-10 09:27:34,AP2403,AP403,8580.0,0.0,0.0,0.0,1,8567.0,8578.0,1,8572.0,8546.0,8580.0,8546.0,6.0,51444.0,1330
2023-05-10 09:27:35,AP2403,AP403,8580.0,0.0,0.0,0.0,1,8568.0,8580.0,1,8572.0,8546.0,8580.0,8546.0,6.0,51444.0,1330
2023-05-10 09:27:36,AP2403,AP403,8580.0,0.0,0.0,0.0,1,8568.0,8582.0,1,8572.0,8546.0,8580.0,8546.0,6.0,51444.0,1330
2023-05-10 09:27:37,AP2403,AP403,8580.0,0.0,0.0,0.0,1,8569.0,8582.0,1,8572.0,8546.0,8580.0,8546.0,6.0,51444.0,1330
2023-05-10 09:27:49,AP2403,AP403,8580.0,0.0,0.0,0.0,1,8567.0,8578.0,1,8572.0,8546.0,8580.0,8546.0,6.0,51444.0,1330
2023-05-10 09:27:53,AP2403,AP403,8580.0,0.0,0.0,0.0,1,8569.0,8582.0,1,8572.0,8546.0,8580.0,8546.0,6.0,51444.0,1330
2023-05-10 09:28:03,AP2403,AP403,8580.0,0.0,0.0,0.0,1,8569.0,8580.0,1,8572.0,8546.0,8580.0,8546.0,6.0,51444.0,1330
2023-05-10 09:28:09,AP2403,AP403,8580.0,0.0,0.0,0.0,1,8567.0,8580.0,1,8572.0,8546.0,8580.0,8546.0,6.0,51444.0,1330
2023-05-10 09:29:17,AP2403,AP403,8580.0,0.0,0.0,0.0,1,8568.0,8580.0,1,8572.0,8546.0,8580.0,8546.0,6.0,51444.0,1330
2023-05-10 09:29:18,AP2403,AP403,8580.0,0.0,0.0,0.0,1,8569.0,8580.0,1,8572.0,8546.0,8580.0,8546.0,6.0,51444.0,1330
2023-05-10 09:29:18,AP2403,AP403,8580.0,0.0,0.0,0.0,1,8571.0,8582.0,1,8572.0,8546.0,8580.0,8546.0,6.0,51444.0,1330
2023-05-10 09:29:20,AP2403,AP403,8580.0,0.0,0.0,0.0,1,8572.0,8588.0,1,8572.0,8546.0,8580.0,8546.0,6.0,51444.0,1330
2023-05-10 09:29:25,AP2403,AP403,8580.0,0.0,0.0,0.0,1,8572.0,8583.0,1,8572.0,8546.0,8580.0,8546.0,6.0,51444.0,1330
2023-05-10 09:29:29,AP2403,AP403,8580.0,0.0,0.0,0.0,1,8574.0,8588.0,1,8572.0,8546.0,8580.0,8546.0,6.0,51444.0,1330
2023-05-10 09:29:41,AP2403,AP403,8580.0,0.0,0.0,0.0,1,8574.0,8587.0,1,8572.0,8546.0,8580.0,8546.0,6.0,51444.0,1330
2023-05-10 09:29:42,AP2403,AP403,8580.0,0.0,0.0,0.0,1,8574.0,8588.0,1,8572.0,8546.0,8580.0,8546.0,6.0,51444.0,1330
2023-05-10 09:29:47,AP2403,AP403,8580.0,0.0,0.0,0.0,1,8575.0,8588.0,1,8572.0,8546.0,8580.0,8546.0,6.0,51444.0,1330
2023-05-10 09:29:47,AP2403,AP403,8580.0,0.0,0.0,0.0,1,8576.0,8588.0,1,8572.0,8546.0,8580.0,8546.0,6.0,51444.0,1330
2023-05-10 09:29:55,AP2403,AP403,8580.0,0.0,0.0,0.0,1,8576.0,8590.0,1,8572.0,8546.0,8580.0,8546.0,6.0,51444.0,1330
2023-05-10 09:29:56,AP2403,AP403,8580.0,0.0,0.0,0.0,1,8576.0,8588.0,1,8572.0,8546.0,8580.0,8546.0,6.0,51444.0,1330
2023-05-10 09:29:59,AP2403,AP403,8580.0,0.0,0.0,0.0,1,8576.0,8590.0,1,8572.0,8546.0,8580.0,8546.0,6.0,51444.0,1330
2023-05-10 09:30:00,AP2403,AP403,8580.0,0.0,0.0,0.0,1,8576.0,8589.0,1,8572.0,8546.0,8580.0,8546.0,6.0,51444.0,1330
2023-05-10 09:30:01,AP2403,AP403,8580.0,0.0,0.0,0.0,1,8576.0,8588.0,1,8572.0,8546.0,8580.0,8546.0,6.0,51444.0,1330
2023-05-10 09:30:04,AP2403,AP403,8580.0,0.0,0.0,0.0,1,8579.0,8590.0,1,8572.0,8546.0,8580.0,8546.0,6.0,51444.0,1330
2023-05-10 09:30:06,AP2403,AP403,8580.0,0.0,0.0,0.0,1,8581.0,8591.0,1,8572.0,8546.0,8580.0,8546.0,6.0,51444.0,1330
2023-05-10 09:30:07,AP2403,AP403,8580.0,0.0,0.0,0.0,1,8582.0,8594.0,1,8572.0,8546.0,8580.0,8546.0,6.0,51444.0,1330
2023-05-10 09:30:07,AP2403,AP403,8580.0,0.0,0.0,0.0,1,8583.0,8594.0,1,8572.0,8546.0,8580.0,8546.0,6.0,51444.0,1330
2023-05-10 09:30:09,AP2403,AP403,8580.0,0.0,0.0,0.0,1,8583.0,8596.0,1,8572.0,8546.0,8580.0,8546.0,6.0,51444.0,1330
2023-05-10 09:30:09,AP2403,AP403,8580.0,0.0,0.0,0.0,1,8584.0,8600.0,1,8572.0,8546.0,8580.0,8546.0,6.0,51444.0,1330
2023-05-10 09:30:10,AP2403,AP403,8580.0,0.0,0.0,0.0,1,8584.0,8598.0,1,8572.0,8546.0,8580.0,8546.0,6.0,51444.0,1330
2023-05-10 09:30:10,AP2403,AP403,8580.0,0.0,0.0,0.0,1,8579.0,8593.0,1,8572.0,8546.0,8580.0,8546.0,6.0,51444.0,1330
2023-05-10 09:30:11,AP2403,AP403,8580.0,0.0,0.0,0.0,1,8579.0,8591.0,1,8572.0,8546.0,8580.0,8546.0,6.0,51444.0,1330
2023-05-10 09:30:25,AP2403,AP403,8580.0,0.0,0.0,0.0,1,8577.0,8591.0,1,8572.0,8546.0,8580.0,8546.0,6.0,51444.0,1330
2023-05-10 09:30:25,AP2403,AP403,8580.0,0.0,0.0,0.0,1,8577.0,8590.0,1,8572.0,8546.0,8580.0,8546.0,6.0,51444.0,1330
2023-05-10 09:30:27,AP2403,AP403,8580.0,0.0,0.0,0.0,1,8577.0,8589.0,1,8572.0,8546.0,8580.0,8546.0,6.0,51444.0,1330
2023-05-10 09:30:28,AP2403,AP403,8580.0,0.0,0.0,0.0,1,8577.0,8588.0,1,8572.0,8546.0,8580.0,8546.0,6.0,51444.0,1330
2023-05-10 09:30:35,AP2403,AP403,8580.0,0.0,0.0,0.0,1,8577.0,8587.0,1,8572.0,8546.0,8580.0,8546.0,6.0,51444.0,1330
2023-05-10 09:30:40,AP2403,AP403,8580.0,0.0,0.0,0.0,1,8577.0,8585.0,1,8572.0,8546.0,8580.0,8546.0,6.0,51444.0,1330
2023-05-10 09:30:44,AP2403,AP403,8580.0,0.0,0.0,0.0,1,8574.0,8585.0,1,8572.0,8546.0,8580.0,8546.0,6.0,51444.0,1330
2023-05-10 09:30:47,AP2403,AP403,8580.0,0.0,0.0,0.0,1,8572.0,8585.0,1,8572.0,8546.0,8580.0,8546.0,6.0,51444.0,1330
2023-05-10 09:30:52,AP2403,AP403,8580.0,0.0,0.0,0.0,1,8572.0,8583.0,1,8572.0,8546.0,8580.0,8546.0,6.0,51444.0,1330
2023-05-10 09:30:58,AP2403,AP403,8580.0,0.0,0.0,0.0,1,8571.0,8581.0,1,8572.0,8546.0,8580.0,8546.0,6.0,51444.0,1330
2023-05-10 09:30:58,AP2403,AP403,8580.0,0.0,0.0,0.0,1,8569.0,8581.0,1,8572.0,8546.0,8580.0,8546.0,6.0,51444.0,1330
2023-05-10 09:31:00,AP2403,AP403,8580.0,0.0,0.0,0.0,1,8569.0,8580.0,1,8572.0,8546.0,8580.0,8546.0,6.0,51444.0,1330
2023-05-10 09:31:00,AP2403,AP403,8580.0,0.0,0.0,0.0,1,8568.0,8580.0,1,8572.0,8546.0,8580.0,8546.0,6.0,51444.0,1330
2023-05-10 09:31:01,AP2403,AP403,8580.0,0.0,0.0,0.0,1,8568.0,8581.0,1,8572.0,8546.0,8580.0,8546.0,6.0,51444.0,1330
2023-05-10 09:31:02,AP2403,AP403,8580.0,0.0,0.0,0.0,1,8568.0,8580.0,1,8572.0,8546.0,8580.0,8546.0,6.0,51444.0,1330
2023-05-10 09:31:05,AP2403,AP403,8580.0,0.0,0.0,0.0,1,8567.0,8580.0,1,8572.0,8546.0,8580.0,8546.0,6.0,51444.0,1330
2023-05-10 09:31:37,AP2403,AP403,8580.0,0.0,0.0,0.0,1,8567.0,8579.0,1,8572.0,8546.0,8580.0,8546.0,6.0,51444.0,1330
