time,symbol_id,symbol_name,last,trade_volume,trade_amount,open_interest_change,bv1,bp1,ap1,av1,yesterday_close,today_open,today_high,today_low,volume,amount,open_interest
2023-05-09 20:59:00,au2402,au2402,455.62,0.0,0.0,0.0,2,455.9,456.6,2,455.62,455.84,0.0,0.0,0.0,0.0,2533
2023-05-09 21:00:00,au2402,au2402,455.62,0.0,0.0,0.0,1,455.92,456.36,1,455.62,455.84,0.0,0.0,0.0,0.0,2533
2023-05-09 21:00:01,au2402,au2402,455.62,0.0,0.0,0.0,2,455.94,456.2,1,455.62,455.84,0.0,0.0,0.0,0.0,2533
2023-05-09 21:00:01,au2402,au2402,455.62,0.0,0.0,0.0,1,456.0,456.82,1,455.62,455.84,0.0,0.0,0.0,0.0,2533
2023-05-09 21:00:02,au2402,au2402,455.62,0.0,0.0,0.0,1,456.02,456.36,1,455.62,455.84,0.0,0.0,0.0,0.0,2533
2023-05-09 21:00:02,au2402,au2402,455.62,0.0,0.0,0.0,1,456.04,456.34,1,455.62,455.84,0.0,0.0,0.0,0.0,2533
2023-05-09 21:00:03,au2402,au2402,455.62,0.0,0.0,0.0,1,456.0,456.34,1,455.62,455.84,0.0,0.0,0.0,0.0,2533
2023-05-09 21:00:03,au2402,au2402,455.62,0.0,0.0,0.0,3,456.0,456.34,2,455.62,455.84,0.0,0.0,0.0,0.0,2533
2023-05-09 21:00:04,au2402,au2402,455.62,0.0,0.0,0.0,3,456.0,456.32,2,455.62,455.84,0.0,0.0,0.0,0.0,2533
2023-05-09 21:00:04,au2402,au2402,455.62,0.0,0.0,0.0,4,456.0,456.26,1,455.62,455.84,0.0,0.0,0.0,0.0,2533
2023-05-09 21:00:05,au2402,au2402,455.62,0.0,0.0,0.0,3,456.0,456.8,3,455.62,455.84,0.0,0.0,0.0,0.0,2533
2023-05-09 21:00:05,au2402,au2402,455.62,0.0,0.0,0.0,3,456.0,456.22,2,455.62,455.84,0.0,0.0,0.0,0.0,2533
2023-05-09 21:00:06,au2402,au2402,455.62,0.0,0.0,0.0,3,456.0,456.3,2,455.62,455.84,0.0,0.0,0.0,0.0,2533
2023-05-09 21:00:06,au2402,au2402,455.62,0.0,0.0,0.0,3,456.0,456.3,2,455.62,455.84,0.0,0.0,0.0,0.0,2533
2023-05-09 21:00:07,au2402,au2402,455.62,0.0,0.0,0.0,2,455.8,456.24,2,455.62,455.84,0.0,0.0,0.0,0.0,2533
2023-05-09 21:00:07,au2402,au2402,455.62,0.0,0.0,0.0,1,455.84,456.22,1,455.62,455.84,0.0,0.0,0.0,0.0,2533
2023-05-09 21:00:08,au2402,au2402,455.62,0.0,0.0,0.0,3,455.82,456.2,4,455.62,455.84,0.0,0.0,0.0,0.0,2533
2023-05-09 21:00:08,au2402,au2402,455.62,0.0,0.0,0.0,1,455.88,456.18,2,455.62,455.84,0.0,0.0,0.0,0.0,2533
2023-05-09 21:00:09,au2402,au2402,455.62,0.0,0.0,0.0,4,455.82,456.12,2,455.62,455.84,0.0,0.0,0.0,0.0,2533
2023-05-09 21:00:09,au2402,au2402,455.62,0.0,0.0,0.0,1,455.84,456.12,2,455.62,455.84,0.0,0.0,0.0,0.0,2533
2023-05-09 21:00:10,au2402,au2402,455.62,0.0,0.0,0.0,6,455.82,456.12,2,455.62,455.84,0.0,0.0,0.0,0.0,2533
2023-05-09 21:00:10,au2402,au2402,455.62,0.0,0.0,0.0,6,455.82,456.24,6,455.62,455.84,0.0,0.0,0.0,0.0,2533
2023-05-09 21:00:11,au2402,au2402,455.62,0.0,0.0,0.0,4,455.82,456.16,2,455.62,455.84,0.0,0.0,0.0,0.0,2533
2023-05-09 21:00:11,au2402,au2402,455.62,0.0,0.0,0.0,3,455.84,456.16,2,455.62,455.84,0.0,0.0,0.0,0.0,2533
2023-05-09 21:00:12,au2402,au2402,455.62,0.0,0.0,0.0,2,455.84,456.16,2,455.62,455.84,0.0,0.0,0.0,0.0,2533
2023-05-09 21:00:12,au2402,au2402,455.62,0.0,0.0,0.0,2,455.86,456.22,1,455.62,455.84,0.0,0.0,0.0,0.0,2533
2023-05-09 21:00:13,au2402,au2402,455.62,0.0,0.0,0.0,2,455.88,456.8,2,455.62,455.84,0.0,0.0,0.0,0.0,2533
2023-05-09 21:00:13,au2402,au2402,455.62,0.0,0.0,0.0,1,455.88,456.26,1,455.62,455.84,0.0,0.0,0.0,0.0,2533
2023-05-09 21:00:14,au2402,au2402,455.62,0.0,0.0,0.0,1,455.9,456.26,15,455.62,455.84,0.0,0.0,0.0,0.0,2533
2023-05-09 21:00:14,au2402,au2402,455.62,0.0,0.0,0.0,2,455.86,456.24,1,455.62,455.84,0.0,0.0,0.0,0.0,2533
2023-05-09 21:00:15,au2402,au2402,455.62,0.0,0.0,0.0,1,455.92,456.22,2,455.62,455.84,0.0,0.0,0.0,0.0,2533
2023-05-09 21:00:15,au2402,au2402,455.62,0.0,0.0,0.0,1,455.94,456.22,2,455.62,455.84,0.0,0.0,0.0,0.0,2533
2023-05-09 21:00:16,au2402,au2402,455.62,0.0,0.0,0.0,1,455.94,456.22,2,455.62,455.84,0.0,0.0,0.0,0.0,2533
2023-05-09 21:00:16,au2402,au2402,455.62,0.0,0.0,0.0,1,455.94,456.22,3,455.62,455.84,0.0,0.0,0.0,0.0,2533
2023-05-09 21:00:17,au2402,au2402,455.62,0.0,0.0,0.0,1,455.94,456.22,2,455.62,455.84,0.0,0.0,0.0,0.0,2533
2023-05-09 21:00:17,au2402,au2402,455.62,0.0,0.0,0.0,1,455.94,456.22,3,455.62,455.84,0.0,0.0,0.0,0.0,2533
2023-05-09 21:00:18,au2402,au2402,455.62,0.0,0.0,0.0,1,455.94,456.68,1,455.62,455.84,0.0,0.0,0.0,0.0,2533
2023-05-09 21:00:18,au2402,au2402,455.62,0.0,0.0,0.0,2,455.86,456.22,1,455.62,455.84,0.0,0.0,0.0,0.0,2533
2023-05-09 21:00:19,au2402,au2402,455.62,0.0,0.0,0.0,1,455.88,456.2,2,455.62,455.84,0.0,0.0,0.0,0.0,2533
2023-05-09 21:00:19,au2402,au2402,455.62,0.0,0.0,0.0,1,455.88,456.2,3,455.62,455.84,0.0,0.0,0.0,0.0,2533
2023-05-09 21:00:20,au2402,au2402,455.62,0.0,0.0,0.0,1,455.86,456.16,2,455.62,455.84,0.0,0.0,0.0,0.0,2533
2023-05-09 21:00:20,au2402,au2402,455.62,0.0,0.0,0.0,3,455.82,456.16,2,455.62,455.84,0.0,0.0,0.0,0.0,2533
2023-05-09 21:00:21,au2402,au2402,455.62,0.0,0.0,0.0,1,455.84,456.16,2,455.62,455.84,0.0,0.0,0.0,0.0,2533
2023-05-09 21:00:21,au2402,au2402,455.62,0.0,0.0,0.0,1,455.86,456.16,2,455.62,455.84,0.0,0.0,0.0,0.0,2533
2023-05-09 21:00:22,au2402,au2402,455.62,0.0,0.0,0.0,1,455.86,456.08,1,455.62,455.84,0.0,0.0,0.0,0.0,2533
2023-05-09 21:00:22,au2402,au2402,455.62,0.0,0.0,0.0,1,455.86,456.16,2,455.62,455.84,0.0,0.0,0.0,0.0,2533
2023-05-09 21:00:23,au2402,au2402,455.62,0.0,0.0,0.0,1,455.86,456.06,1,455.62,455.84,0.0,0.0,0.0,0.0,2533
2023-05-09 21:00:23,au2402,au2402,455.62,0.0,0.0,0.0,3,455.82,456.16,4,455.62,455.84,0.0,0.0,0.0,0.0,2533
2023-05-09 21:00:24,au2402,au2402,455.62,0.0,0.0,0.0,3,455.82,456.0,1,455.62,455.84,0.0,0.0,0.0,0.0,2533
2023-05-09 21:00:24,au2402,au2402,455.62,0.0,0.0,0.0,3,455.82,456.1,1,455.62,455.84,0.0,0.0,0.0,0.0,2533
2023-05-09 21:00:25,au2402,au2402,455.62,0.0,0.0,0.0,3,455.82,456.0,1,455.62,455.84,0.0,0.0,0.0,0.0,2533
2023-05-09 21:00:25,au2402,au2402,455.62,0.0,0.0,0.0,3,455.82,456.12,1,455.62,455.84,0.0,0.0,0.0,0.0,2533
2023-05-09 21:00:26,au2402,au2402,455.62,0.0,0.0,0.0,3,455.82,455.98,1,455.62,455.84,0.0,0.0,0.0,0.0,2533
2023-05-09 21:00:26,au2402,au2402,455.62,0.0,0.0,0.0,3,455.82,456.06,1,455.62,455.84,0.0,0.0,0.0,0.0,2533
2023-05-09 21:00:27,au2402,au2402,455.62,0.0,0.0,0.0,1,454.9,455.96,1,455.62,455.84,0.0,0.0,0.0,0.0,2533
2023-05-09 21:00:27,au2402,au2402,455.62,0.0,0.0,0.0,2,455.64,455.98,2,455.62,455.84,0.0,0.0,0.0,0.0,2533
2023-05-09 21:00:28,au2402,au2402,455.62,0.0,0.0,0.0,1,455.66,455.9,1,455.62,455.84,0.0,0.0,0.0,0.0,2533
2023-05-09 21:00:28,au2402,au2402,455.62,0.0,0.0,0.0,3,455.66,456.06,6,455.62,455.84,0.0,0.0,0.0,0.0,2533
2023-05-09 21:00:29,au2402,au2402,455.62,0.0,0.0,0.0,3,455.66,455.94,1,455.62,455.84,0.0,0.0,0.0,0.0,2533
2023-05-09 21:00:29,au2402,au2402,455.62,0.0,0.0,0.0,3,455.68,456.06,7,455.62,455.84,0.0,0.0,0.0,0.0,2533
2023-05-09 21:00:30,au2402,au2402,455.62,0.0,0.0,0.0,2,455.68,455.98,1,455.62,455.84,0.0,0.0,0.0,0.0,2533
2023-05-09 21:00:30,au2402,au2402,455.62,0.0,0.0,0.0,2,455.68,456.04,1,455.62,455.84,0.0,0.0,0.0,0.0,2533
2023-05-09 21:00:31,au2402,au2402,455.62,0.0,0.0,0.0,1,455.66,455.94,1,455.62,455.84,0.0,0.0,0.0,0.0,2533
2023-05-09 21:00:31,au2402,au2402,455.62,0.0,0.0,0.0,3,454.92,456.04,4,455.62,455.84,0.0,0.0,0.0,0.0,2533
2023-05-09 21:00:32,au2402,au2402,455.62,0.0,0.0,0.0,2,455.66,455.96,1,455.62,455.84,0.0,0.0,0.0,0.0,2533
2023-05-09 21:00:32,au2402,au2402,455.62,0.0,0.0,0.0,2,455.66,456.04,2,455.62,455.84,0.0,0.0,0.0,0.0,2533
2023-05-09 21:00:33,au2402,au2402,455.62,0.0,0.0,0.0,2,455.5,455.92,1,455.62,455.84,0.0,0.0,0.0,0.0,2533
2023-05-09 21:00:33,au2402,au2402,455.62,0.0,0.0,0.0,2,455.64,456.02,1,455.62,455.84,0.0,0.0,0.0,0.0,2533
2023-05-09 21:00:34,au2402,au2402,455.62,0.0,0.0,0.0,1,455.66,455.92,1,455.62,455.84,0.0,0.0,0.0,0.0,2533
2023-05-09 21:00:34,au2402,au2402,455.62,0.0,0.0,0.0,1,455.66,456.02,1,455.62,455.84,0.0,0.0,0.0,0.0,2533
2023-05-09 21:00:35,au2402,au2402,455.62,0.0,0.0,0.0,1,455.66,455.92,1,455.62,455.84,0.0,0.0,0.0,0.0,2533
2023-05-09 21:00:35,au2402,au2402,455.62,0.0,0.0,0.0,1,455.66,456.02,1,455.62,455.84,0.0,0.0,0.0,0.0,2533
2023-05-09 21:00:36,au2402,au2402,455.62,0.0,0.0,0.0,1,455.66,455.96,1,455.62,455.84,0.0,0.0,0.0,0.0,2533
2023-05-09 21:00:37,au2402,au2402,455.62,0.0,0.0,0.0,1,455.66,456.36,1,455.62,455.84,0.0,0.0,0.0,0.0,2533
2023-05-09 21:00:37,au2402,au2402,455.62,0.0,0.0,0.0,2,455.68,455.98,1,455.62,455.84,0.0,0.0,0.0,0.0,2533
2023-05-09 21:00:38,au2402,au2402,455.62,0.0,0.0,0.0,2,455.68,456.1,1,455.62,455.84,0.0,0.0,0.0,0.0,2533
2023-05-09 21:00:38,au2402,au2402,455.62,0.0,0.0,0.0,1,455.66,455.96,1,455.62,455.84,0.0,0.0,0.0,0.0,2533
2023-05-09 21:00:39,au2402,au2402,455.62,0.0,0.0,0.0,2,455.66,456.08,5,455.62,455.84,0.0,0.0,0.0,0.0,2533
2023-05-09 21:00:39,au2402,au2402,455.62,0.0,0.0,0.0,2,455.66,455.94,1,455.62,455.84,0.0,0.0,0.0,0.0,2533
2023-05-09 21:00:40,au2402,au2402,455.62,0.0,0.0,0.0,2,455.66,455.94,1,455.62,455.84,0.0,0.0,0.0,0.0,2533
2023-05-09 21:00:40,au2402,au2402,455.62,0.0,0.0,0.0,4,455.66,456.06,2,455.62,455.84,0.0,0.0,0.0,0.0,2533
2023-05-09 21:00:41,au2402,au2402,455.62,0.0,0.0,0.0,1,455.68,455.94,1,455.62,455.84,0.0,0.0,0.0,0.0,2533
2023-05-09 21:00:41,au2402,au2402,455.62,0.0,0.0,0.0,1,455.66,456.06,2,455.62,455.84,0.0,0.0,0.0,0.0,2533
2023-05-09 21:00:42,au2402,au2402,455.62,0.0,0.0,0.0,2,455.66,455.9,1,455.62,455.84,0.0,0.0,0.0,0.0,2533
2023-05-09 21:00:42,au2402,au2402,455.62,0.0,0.0,0.0,1,455.66,456.0,1,455.62,455.84,0.0,0.0,0.0,0.0,2533
2023-05-09 21:00:43,au2402,au2402,455.62,0.0,0.0,0.0,2,455.66,455.9,1,455.62,455.84,0.0,0.0,0.0,0.0,2533
2023-05-09 21:00:43,au2402,au2402,455.62,0.0,0.0,0.0,2,455.66,456.0,6,455.62,455.84,0.0,0.0,0.0,0.0,2533
2023-05-09 21:00:44,au2402,au2402,455.62,0.0,0.0,0.0,2,455.66,455.9,1,455.62,455.84,0.0,0.0,0.0,0.0,2533
2023-05-09 21:00:44,au2402,au2402,455.62,0.0,0.0,0.0,1,455.66,455.98,2,455.62,455.84,0.0,0.0,0.0,0.0,2533
2023-05-09 21:00:45,au2402,au2402,455.62,0.0,0.0,0.0,1,455.66,455.86,1,455.62,455.84,0.0,0.0,0.0,0.0,2533
2023-05-09 21:00:45,au2402,au2402,455.62,0.0,0.0,0.0,1,455.66,455.98,1,455.62,455.84,0.0,0.0,0.0,0.0,2533
2023-05-09 21:00:46,au2402,au2402,455.62,0.0,0.0,0.0,1,455.66,455.88,1,455.62,455.84,0.0,0.0,0.0,0.0,2533
2023-05-09 21:00:46,au2402,au2402,455.62,0.0,0.0,0.0,1,455.66,455.88,1,455.62,455.84,0.0,0.0,0.0,0.0,2533
2023-05-09 21:00:47,au2402,au2402,455.62,0.0,0.0,0.0,1,455.66,455.98,2,455.62,455.84,0.0,0.0,0.0,0.0,2533
2023-05-09 21:00:47,au2402,au2402,455.62,0.0,0.0,0.0,1,455.66,455.86,1,455.62,455.84,0.0,0.0,0.0,0.0,2533
2023-05-09 21:00:48,au2402,au2402,455.62,0.0,0.0,0.0,1,455.66,455.98,1,455.62,455.84,0.0,0.0,0.0,0.0,2533
2023-05-09 21:00:48,au2402,au2402,455.62,0.0,0.0,0.0,2,455.52,455.84,1,455.62,455.84,0.0,0.0,0.0,0.0,2533
2023-05-09 21:00:49,au2402,au2402,455.62,0.0,0.0,0.0,1,455.84,455.94,1,455.62,455.84,0.0,0.0,0.0,0.0,2533
2023-05-09 21:00:49,au2402,au2402,455.84,1.0,455840.0,1.0,2,455.56,455.84,1,455.62,455.84,455.84,455.84,1.0,455840.0,2534
2023-05-09 21:00:50,au2402,au2402,455.84,0.0,0.0,0.0,3,455.58,455.86,1,455.62,455.84,455.84,455.84,1.0,455840.0,2534
2023-05-09 21:00:50,au2402,au2402,455.84,0.0,0.0,0.0,2,455.58,455.98,3,455.62,455.84,455.84,455.84,1.0,455840.0,2534
2023-05-09 21:00:51,au2402,au2402,455.84,0.0,0.0,0.0,2,455.58,455.86,3,455.62,455.84,455.84,455.84,1.0,455840.0,2534
2023-05-09 21:00:51,au2402,au2402,455.84,0.0,0.0,0.0,1,455.6,455.86,1,455.62,455.84,455.84,455.84,1.0,455840.0,2534
2023-05-09 21:00:52,au2402,au2402,455.84,0.0,0.0,0.0,2,455.64,455.86,1,455.62,455.84,455.84,455.84,1.0,455840.0,2534
2023-05-09 21:00:52,au2402,au2402,455.84,0.0,0.0,0.0,2,455.64,455.96,1,455.62,455.84,455.84,455.84,1.0,455840.0,2534
2023-05-09 21:00:53,au2402,au2402,455.84,0.0,0.0,0.0,2,455.64,455.9,1,455.62,455.84,455.84,455.84,1.0,455840.0,2534
2023-05-09 21:00:53,au2402,au2402,455.84,0.0,0.0,0.0,1,455.68,456.0,4,455.62,455.84,455.84,455.84,1.0,455840.0,2534
2023-05-09 21:00:54,au2402,au2402,455.84,0.0,0.0,0.0,1,455.68,455.92,1,455.62,455.84,455.84,455.84,1.0,455840.0,2534
2023-05-09 21:00:54,au2402,au2402,455.84,0.0,0.0,0.0,1,455.7,456.34,2,455.62,455.84,455.84,455.84,1.0,455840.0,2534
2023-05-09 21:00:55,au2402,au2402,455.84,0.0,0.0,0.0,1,455.68,455.96,1,455.62,455.84,455.84,455.84,1.0,455840.0,2534
2023-05-09 21:00:55,au2402,au2402,455.84,0.0,0.0,0.0,1,455.68,456.08,1,455.62,455.84,455.84,455.84,1.0,455840.0,2534
2023-05-09 21:00:56,au2402,au2402,455.84,0.0,0.0,0.0,1,455.7,455.98,1,455.62,455.84,455.84,455.84,1.0,455840.0,2534
2023-05-09 21:00:56,au2402,au2402,455.84,0.0,0.0,0.0,3,455.68,455.98,1,455.62,455.84,455.84,455.84,1.0,455840.0,2534
2023-05-09 21:00:57,au2402,au2402,455.84,0.0,0.0,0.0,3,455.68,456.3,1,455.62,455.84,455.84,455.84,1.0,455840.0,2534
2023-05-09 21:00:57,au2402,au2402,455.84,0.0,0.0,0.0,1,455.7,456.0,1,455.62,455.84,455.84,455.84,1.0,455840.0,2534
2023-05-09 21:00:58,au2402,au2402,455.84,0.0,0.0,0.0,1,455.7,456.12,1,455.62,455.84,455.84,455.84,1.0,455840.0,2534
2023-05-09 21:00:58,au2402,au2402,455.84,0.0,0.0,0.0,2,455.72,456.0,1,455.62,455.84,455.84,455.84,1.0,455840.0,2534
2023-05-09 21:00:59,au2402,au2402,455.84,0.0,0.0,0.0,2,455.72,456.0,1,455.62,455.84,455.84,455.84,1.0,455840.0,2534
2023-05-09 21:00:59,au2402,au2402,455.84,0.0,0.0,0.0,1,455.72,456.1,2,455.62,455.84,455.84,455.84,1.0,455840.0,2534
2023-05-09 21:01:00,au2402,au2402,455.84,0.0,0.0,0.0,1,455.72,456.0,1,455.62,455.84,455.84,455.84,1.0,455840.0,2534
2023-05-09 21:01:00,au2402,au2402,455.84,0.0,0.0,0.0,1,455.72,456.08,2,455.62,455.84,455.84,455.84,1.0,455840.0,2534
2023-05-09 21:01:01,au2402,au2402,455.84,0.0,0.0,0.0,1,455.72,456.0,1,455.62,455.84,455.84,455.84,1.0,455840.0,2534
2023-05-09 21:01:01,au2402,au2402,455.84,0.0,0.0,0.0,1,455.72,456.0,1,455.62,455.84,455.84,455.84,1.0,455840.0,2534
2023-05-09 21:01:02,au2402,au2402,455.84,0.0,0.0,0.0,3,455.72,456.1,1,455.62,455.84,455.84,455.84,1.0,455840.0,2534
2023-05-09 21:01:02,au2402,au2402,455.84,0.0,0.0,0.0,1,455.74,456.02,1,455.62,455.84,455.84,455.84,1.0,455840.0,2534
2023-05-09 21:01:03,au2402,au2402,455.84,0.0,0.0,0.0,1,455.74,456.02,1,455.62,455.84,455.84,455.84,1.0,455840.0,2534
2023-05-09 21:01:03,au2402,au2402,455.84,0.0,0.0,0.0,1,455.74,456.02,1,455.62,455.84,455.84,455.84,1.0,455840.0,2534
2023-05-09 21:01:04,au2402,au2402,455.84,0.0,0.0,0.0,2,455.72,456.1,7,455.62,455.84,455.84,455.84,1.0,455840.0,2534
2023-05-09 21:01:04,au2402,au2402,455.84,0.0,0.0,0.0,2,455.72,456.04,1,455.62,455.84,455.84,455.84,1.0,455840.0,2534
2023-05-09 21:01:05,au2402,au2402,455.84,0.0,0.0,0.0,2,455.76,456.1,1,455.62,455.84,455.84,455.84,1.0,455840.0,2534
2023-05-09 21:01:05,au2402,au2402,455.84,0.0,0.0,0.0,2,455.76,456.1,2,455.62,455.84,455.84,455.84,1.0,455840.0,2534
2023-05-09 21:01:06,au2402,au2402,455.84,0.0,0.0,0.0,1,455.66,456.1,1,455.62,455.84,455.84,455.84,1.0,455840.0,2534
2023-05-09 21:01:06,au2402,au2402,455.84,0.0,0.0,0.0,2,455.8,456.1,2,455.62,455.84,455.84,455.84,1.0,455840.0,2534
2023-05-09 21:01:07,au2402,au2402,455.84,0.0,0.0,0.0,2,455.8,456.1,1,455.62,455.84,455.84,455.84,1.0,455840.0,2534
2023-05-09 21:01:07,au2402,au2402,455.84,0.0,0.0,0.0,2,455.82,456.1,1,455.62,455.84,455.84,455.84,1.0,455840.0,2534
2023-05-09 21:01:08,au2402,au2402,455.84,0.0,0.0,0.0,1,455.86,456.28,2,455.62,455.84,455.84,455.84,1.0,455840.0,2534
2023-05-09 21:01:09,au2402,au2402,455.84,0.0,0.0,0.0,1,455.86,456.1,1,455.62,455.84,455.84,455.84,1.0,455840.0,2534
2023-05-09 21:01:09,au2402,au2402,455.84,0.0,0.0,0.0,1,455.86,456.1,1,455.62,455.84,455.84,455.84,1.0,455840.0,2534
2023-05-09 21:01:10,au2402,au2402,455.84,0.0,0.0,0.0,1,455.86,456.16,1,455.62,455.84,455.84,455.84,1.0,455840.0,2534
2023-05-09 21:01:10,au2402,au2402,455.84,0.0,0.0,0.0,1,455.88,456.1,1,455.62,455.84,455.84,455.84,1.0,455840.0,2534
2023-05-09 21:01:11,au2402,au2402,455.84,0.0,0.0,0.0,1,455.88,456.1,6,455.62,455.84,455.84,455.84,1.0,455840.0,2534
2023-05-09 21:01:11,au2402,au2402,455.84,0.0,0.0,0.0,2,455.82,456.08,1,455.62,455.84,455.84,455.84,1.0,455840.0,2534
2023-05-09 21:01:12,au2402,au2402,455.84,0.0,0.0,0.0,2,455.82,456.08,1,455.62,455.84,455.84,455.84,1.0,455840.0,2534
2023-05-09 21:01:12,au2402,au2402,455.84,0.0,0.0,0.0,2,455.82,456.06,2,455.62,455.84,455.84,455.84,1.0,455840.0,2534
2023-05-09 21:01:13,au2402,au2402,455.84,0.0,0.0,0.0,2,455.82,456.04,1,455.62,455.84,455.84,455.84,1.0,455840.0,2534
2023-05-09 21:01:13,au2402,au2402,455.84,0.0,0.0,0.0,2,455.82,456.22,1,455.62,455.84,455.84,455.84,1.0,455840.0,2534
2023-05-09 21:01:14,au2402,au2402,455.84,0.0,0.0,0.0,2,455.82,456.02,1,455.62,455.84,455.84,455.84,1.0,455840.0,2534
2023-05-09 21:01:14,au2402,au2402,455.84,0.0,0.0,0.0,2,455.82,456.12,1,455.62,455.84,455.84,455.84,1.0,455840.0,2534
2023-05-09 21:01:15,au2402,au2402,455.84,0.0,0.0,0.0,1,455.82,456.02,1,455.62,455.84,455.84,455.84,1.0,455840.0,2534
2023-05-09 21:01:15,au2402,au2402,455.84,0.0,0.0,0.0,2,455.74,456.02,1,455.62,455.84,455.84,455.84,1.0,455840.0,2534
2023-05-09 21:01:16,au2402,au2402,455.84,0.0,0.0,0.0,2,455.74,456.06,1,455.62,455.84,455.84,455.84,1.0,455840.0,2534
2023-05-09 21:01:16,au2402,au2402,455.84,0.0,0.0,0.0,2,455.74,455.98,1,455.62,455.84,455.84,455.84,1.0,455840.0,2534
2023-05-09 21:01:17,au2402,au2402,455.84,0.0,0.0,0.0,2,455.74,456.04,1,455.62,455.84,455.84,455.84,1.0,455840.0,2534
2023-05-09 21:01:17,au2402,au2402,455.84,0.0,0.0,0.0,2,455.74,455.94,1,455.62,455.84,455.84,455.84,1.0,455840.0,2534
2023-05-09 21:01:18,au2402,au2402,455.84,0.0,0.0,0.0,1,455.52,456.04,2,455.62,455.84,455.84,455.84,1.0,455840.0,2534
2023-05-09 21:01:18,au2402,au2402,455.84,0.0,0.0,0.0,2,455.66,455.96,1,455.62,455.84,455.84,455.84,1.0,455840.0,2534
2023-05-09 21:01:19,au2402,au2402,455.84,0.0,0.0,0.0,3,455.68,455.96,3,455.62,455.84,455.84,455.84,1.0,455840.0,2534
2023-05-09 21:01:19,au2402,au2402,455.84,0.0,0.0,0.0,3,455.68,455.96,3,455.62,455.84,455.84,455.84,1.0,455840.0,2534
2023-05-09 21:01:20,au2402,au2402,455.84,0.0,0.0,0.0,2,455.72,455.96,2,455.62,455.84,455.84,455.84,1.0,455840.0,2534
2023-05-09 21:01:20,au2402,au2402,455.84,0.0,0.0,0.0,1,455.74,455.96,2,455.62,455.84,455.84,455.84,1.0,455840.0,2534
2023-05-09 21:01:21,au2402,au2402,455.84,0.0,0.0,0.0,2,455.72,455.96,1,455.62,455.84,455.84,455.84,1.0,455840.0,2534
2023-05-09 21:01:21,au2402,au2402,455.84,0.0,0.0,0.0,2,455.72,455.96,1,455.62,455.84,455.84,455.84,1.0,455840.0,2534
2023-05-09 21:01:23,au2402,au2402,455.84,0.0,0.0,0.0,2,455.72,455.94,1,455.62,455.84,455.84,455.84,1.0,455840.0,2534
2023-05-09 21:01:24,au2402,au2402,455.84,0.0,0.0,0.0,2,455.72,456.02,2,455.62,455.84,455.84,455.84,1.0,455840.0,2534
2023-05-09 21:01:24,au2402,au2402,455.84,0.0,0.0,0.0,2,455.72,455.9,1,455.62,455.84,455.84,455.84,1.0,455840.0,2534
2023-05-09 21:01:25,au2402,au2402,455.84,0.0,0.0,0.0,1,455.5,456.0,1,455.62,455.84,455.84,455.84,1.0,455840.0,2534
2023-05-09 21:01:25,au2402,au2402,455.84,0.0,0.0,0.0,2,455.6,455.9,1,455.62,455.84,455.84,455.84,1.0,455840.0,2534
2023-05-09 21:01:26,au2402,au2402,455.84,0.0,0.0,0.0,1,455.62,456.0,2,455.62,455.84,455.84,455.84,1.0,455840.0,2534
2023-05-09 21:01:26,au2402,au2402,455.84,0.0,0.0,0.0,1,455.62,455.9,1,455.62,455.84,455.84,455.84,1.0,455840.0,2534
2023-05-09 21:01:27,au2402,au2402,455.84,0.0,0.0,0.0,1,455.62,455.9,1,455.62,455.84,455.84,455.84,1.0,455840.0,2534
2023-05-09 21:01:27,au2402,au2402,455.84,0.0,0.0,0.0,1,455.62,455.98,1,455.62,455.84,455.84,455.84,1.0,455840.0,2534
2023-05-09 21:01:28,au2402,au2402,455.84,0.0,0.0,0.0,2,455.52,455.86,1,455.62,455.84,455.84,455.84,1.0,455840.0,2534
2023-05-09 21:01:28,au2402,au2402,455.84,0.0,0.0,0.0,2,455.58,455.98,7,455.62,455.84,455.84,455.84,1.0,455840.0,2534
2023-05-09 21:01:29,au2402,au2402,455.84,0.0,0.0,0.0,2,455.6,455.88,1,455.62,455.84,455.84,455.84,1.0,455840.0,2534
2023-05-09 21:01:29,au2402,au2402,455.84,0.0,0.0,0.0,1,455.6,455.88,1,455.62,455.84,455.84,455.84,1.0,455840.0,2534
2023-05-09 21:01:30,au2402,au2402,455.84,0.0,0.0,0.0,1,455.6,455.88,1,455.62,455.84,455.84,455.84,1.0,455840.0,2534
2023-05-09 21:01:31,au2402,au2402,455.84,0.0,0.0,0.0,4,455.62,455.98,5,455.62,455.84,455.84,455.84,1.0,455840.0,2534
2023-05-09 21:01:31,au2402,au2402,455.84,0.0,0.0,0.0,2,455.62,455.94,1,455.62,455.84,455.84,455.84,1.0,455840.0,2534
2023-05-09 21:01:32,au2402,au2402,455.84,0.0,0.0,0.0,3,455.64,455.98,1,455.62,455.84,455.84,455.84,1.0,455840.0,2534
2023-05-09 21:01:32,au2402,au2402,455.84,0.0,0.0,0.0,2,455.64,455.92,1,455.62,455.84,455.84,455.84,1.0,455840.0,2534
2023-05-09 21:01:33,au2402,au2402,455.84,0.0,0.0,0.0,2,455.64,455.92,1,455.62,455.84,455.84,455.84,1.0,455840.0,2534
2023-05-09 21:01:34,au2402,au2402,455.84,0.0,0.0,0.0,1,455.64,455.92,1,455.62,455.84,455.84,455.84,1.0,455840.0,2534
2023-05-09 21:01:34,au2402,au2402,455.84,0.0,0.0,0.0,1,455.64,455.98,1,455.62,455.84,455.84,455.84,1.0,455840.0,2534
2023-05-09 21:01:35,au2402,au2402,455.84,0.0,0.0,0.0,2,455.62,455.9,1,455.62,455.84,455.84,455.84,1.0,455840.0,2534
2023-05-09 21:01:35,au2402,au2402,455.84,0.0,0.0,0.0,2,455.62,455.9,1,455.62,455.84,455.84,455.84,1.0,455840.0,2534
2023-05-09 21:01:36,au2402,au2402,455.84,0.0,0.0,0.0,1,455.54,455.96,5,455.62,455.84,455.84,455.84,1.0,455840.0,2534
2023-05-09 21:01:36,au2402,au2402,455.84,0.0,0.0,0.0,2,455.58,455.88,1,455.62,455.84,455.84,455.84,1.0,455840.0,2534
2023-05-09 21:01:37,au2402,au2402,455.84,0.0,0.0,0.0,2,455.58,455.88,1,455.62,455.84,455.84,455.84,1.0,455840.0,2534
2023-05-09 21:01:37,au2402,au2402,455.84,0.0,0.0,0.0,2,455.58,455.94,1,455.62,455.84,455.84,455.84,1.0,455840.0,2534
2023-05-09 21:01:38,au2402,au2402,455.84,0.0,0.0,0.0,2,455.58,455.86,1,455.62,455.84,455.84,455.84,1.0,455840.0,2534
2023-05-09 21:01:38,au2402,au2402,455.84,0.0,0.0,0.0,2,455.58,455.86,1,455.62,455.84,455.84,455.84,1.0,455840.0,2534
2023-05-09 21:01:39,au2402,au2402,455.84,0.0,0.0,0.0,1,455.6,455.92,1,455.62,455.84,455.84,455.84,1.0,455840.0,2534
2023-05-09 21:01:39,au2402,au2402,455.84,0.0,0.0,0.0,1,455.6,455.86,1,455.62,455.84,455.84,455.84,1.0,455840.0,2534
2023-05-09 21:01:40,au2402,au2402,455.84,0.0,0.0,0.0,1,455.6,455.86,1,455.62,455.84,455.84,455.84,1.0,455840.0,2534
2023-05-09 21:01:40,au2402,au2402,455.84,0.0,0.0,0.0,1,455.6,455.92,1,455.62,455.84,455.84,455.84,1.0,455840.0,2534
2023-05-09 21:01:41,au2402,au2402,455.84,0.0,0.0,0.0,1,455.6,455.84,1,455.62,455.84,455.84,455.84,1.0,455840.0,2534
2023-05-09 21:01:41,au2402,au2402,455.84,0.0,0.0,0.0,1,455.56,455.84,1,455.62,455.84,455.84,455.84,1.0,455840.0,2534
2023-05-09 21:01:42,au2402,au2402,455.84,0.0,0.0,0.0,1,455.58,455.84,1,455.62,455.84,455.84,455.84,1.0,455840.0,2534
2023-05-09 21:01:42,au2402,au2402,455.84,0.0,0.0,0.0,1,455.5,455.92,1,455.62,455.84,455.84,455.84,1.0,455840.0,2534
2023-05-09 21:01:43,au2402,au2402,455.84,0.0,0.0,0.0,6,455.52,455.8,1,455.62,455.84,455.84,455.84,1.0,455840.0,2534
2023-05-09 21:01:43,au2402,au2402,455.84,0.0,0.0,0.0,6,455.52,455.8,1,455.62,455.84,455.84,455.84,1.0,455840.0,2534
2023-05-09 21:01:44,au2402,au2402,455.84,0.0,0.0,0.0,7,455.52,455.9,1,455.62,455.84,455.84,455.84,1.0,455840.0,2534
2023-05-09 21:01:44,au2402,au2402,455.84,0.0,0.0,0.0,1,455.54,455.82,1,455.62,455.84,455.84,455.84,1.0,455840.0,2534
2023-05-09 21:01:45,au2402,au2402,455.84,0.0,0.0,0.0,2,455.56,455.82,1,455.62,455.84,455.84,455.84,1.0,455840.0,2534
2023-05-09 21:01:45,au2402,au2402,455.84,0.0,0.0,0.0,2,455.56,455.82,1,455.62,455.84,455.84,455.84,1.0,455840.0,2534
2023-05-09 21:01:46,au2402,au2402,455.84,0.0,0.0,0.0,2,455.56,455.94,2,455.62,455.84,455.84,455.84,1.0,455840.0,2534
2023-05-09 21:01:46,au2402,au2402,455.84,0.0,0.0,0.0,2,455.56,455.86,1,455.62,455.84,455.84,455.84,1.0,455840.0,2534
2023-05-09 21:01:47,au2402,au2402,455.84,0.0,0.0,0.0,2,455.58,455.84,2,455.62,455.84,455.84,455.84,1.0,455840.0,2534
2023-05-09 21:01:47,au2402,au2402,455.84,0.0,0.0,0.0,2,455.6,455.84,2,455.62,455.84,455.84,455.84,1.0,455840.0,2534
2023-05-09 21:01:48,au2402,au2402,455.84,0.0,0.0,0.0,2,455.6,455.84,2,455.62,455.84,455.84,455.84,1.0,455840.0,2534
2023-05-09 21:01:48,au2402,au2402,455.84,0.0,0.0,0.0,3,455.6,455.84,2,455.62,455.84,455.84,455.84,1.0,455840.0,2534
2023-05-09 21:01:49,au2402,au2402,455.84,0.0,0.0,0.0,2,455.6,455.84,2,455.62,455.84,455.84,455.84,1.0,455840.0,2534
2023-05-09 21:01:49,au2402,au2402,455.84,0.0,0.0,0.0,2,455.6,455.84,2,455.62,455.84,455.84,455.84,1.0,455840.0,2534
2023-05-09 21:01:50,au2402,au2402,455.84,0.0,0.0,0.0,1,455.62,455.82,1,455.62,455.84,455.84,455.84,1.0,455840.0,2534
2023-05-09 21:01:51,au2402,au2402,455.82,1.0,455820.0,0.0,2,455.56,455.84,2,455.62,455.84,455.84,455.82,2.0,911660.0,2534
2023-05-09 21:01:51,au2402,au2402,455.82,0.0,0.0,0.0,2,455.62,455.94,1,455.62,455.84,455.84,455.82,2.0,911660.0,2534
2023-05-09 21:01:52,au2402,au2402,455.82,0.0,0.0,0.0,2,455.64,455.9,1,455.62,455.84,455.84,455.82,2.0,911660.0,2534
2023-05-09 21:01:52,au2402,au2402,455.82,0.0,0.0,0.0,1,455.64,455.9,1,455.62,455.84,455.84,455.82,2.0,911660.0,2534
2023-05-09 21:01:53,au2402,au2402,455.82,0.0,0.0,0.0,1,455.64,455.88,2,455.62,455.84,455.84,455.82,2.0,911660.0,2534
2023-05-09 21:01:54,au2402,au2402,455.82,0.0,0.0,0.0,1,455.64,455.88,2,455.62,455.84,455.84,455.82,2.0,911660.0,2534
2023-05-09 21:01:54,au2402,au2402,455.82,0.0,0.0,0.0,2,455.56,455.84,1,455.62,455.84,455.84,455.82,2.0,911660.0,2534
2023-05-09 21:01:55,au2402,au2402,455.82,0.0,0.0,0.0,2,455.58,455.84,1,455.62,455.84,455.84,455.82,2.0,911660.0,2534
2023-05-09 21:01:56,au2402,au2402,455.82,0.0,0.0,0.0,1,455.58,455.84,1,455.62,455.84,455.84,455.82,2.0,911660.0,2534
2023-05-09 21:01:57,au2402,au2402,455.82,0.0,0.0,0.0,1,455.58,455.88,2,455.62,455.84,455.84,455.82,2.0,911660.0,2534
2023-05-09 21:01:57,au2402,au2402,455.82,0.0,0.0,0.0,2,455.62,456.12,6,455.62,455.84,455.84,455.82,2.0,911660.0,2534
2023-05-09 21:01:58,au2402,au2402,455.82,0.0,0.0,0.0,2,455.62,455.9,1,455.62,455.84,455.84,455.82,2.0,911660.0,2534
2023-05-09 21:01:58,au2402,au2402,455.82,0.0,0.0,0.0,2,455.66,455.9,1,455.62,455.84,455.84,455.82,2.0,911660.0,2534
2023-05-09 21:01:59,au2402,au2402,455.82,0.0,0.0,0.0,2,455.64,455.9,1,455.62,455.84,455.84,455.82,2.0,911660.0,2534
2023-05-09 21:01:59,au2402,au2402,455.82,0.0,0.0,0.0,2,455.64,455.9,1,455.62,455.84,455.84,455.82,2.0,911660.0,2534
2023-05-09 21:02:00,au2402,au2402,455.82,0.0,0.0,0.0,2,455.64,455.9,1,455.62,455.84,455.84,455.82,2.0,911660.0,2534
2023-05-09 21:02:01,au2402,au2402,455.82,0.0,0.0,0.0,2,455.64,455.9,1,455.62,455.84,455.84,455.82,2.0,911660.0,2534
2023-05-09 21:02:01,au2402,au2402,455.82,0.0,0.0,0.0,2,455.64,455.9,1,455.62,455.84,455.84,455.82,2.0,911660.0,2534
2023-05-09 21:02:02,au2402,au2402,455.82,0.0,0.0,0.0,2,455.64,455.88,1,455.62,455.84,455.84,455.82,2.0,911660.0,2534
2023-05-09 21:02:02,au2402,au2402,455.82,0.0,0.0,0.0,1,455.66,456.06,1,455.62,455.84,455.84,455.82,2.0,911660.0,2534
2023-05-09 21:02:03,au2402,au2402,455.82,0.0,0.0,0.0,2,455.66,455.92,1,455.62,455.84,455.84,455.82,2.0,911660.0,2534
2023-05-09 21:02:03,au2402,au2402,455.82,0.0,0.0,0.0,3,455.66,455.92,1,455.62,455.84,455.84,455.82,2.0,911660.0,2534
2023-05-09 21:02:04,au2402,au2402,455.82,0.0,0.0,0.0,4,455.66,455.92,1,455.62,455.84,455.84,455.82,2.0,911660.0,2534
2023-05-09 21:02:04,au2402,au2402,455.82,0.0,0.0,0.0,3,455.66,455.92,1,455.62,455.84,455.84,455.82,2.0,911660.0,2534
2023-05-09 21:02:05,au2402,au2402,455.82,0.0,0.0,0.0,3,455.66,455.92,1,455.62,455.84,455.84,455.82,2.0,911660.0,2534
2023-05-09 21:02:05,au2402,au2402,455.82,0.0,0.0,0.0,3,455.66,455.92,1,455.62,455.84,455.84,455.82,2.0,911660.0,2534
2023-05-09 21:02:06,au2402,au2402,455.82,0.0,0.0,0.0,2,455.66,455.92,1,455.62,455.84,455.84,455.82,2.0,911660.0,2534
2023-05-09 21:02:06,au2402,au2402,455.82,0.0,0.0,0.0,1,455.68,455.92,1,455.62,455.84,455.84,455.82,2.0,911660.0,2534
2023-05-09 21:02:07,au2402,au2402,455.82,0.0,0.0,0.0,2,455.68,455.92,1,455.62,455.84,455.84,455.82,2.0,911660.0,2534
2023-05-09 21:02:08,au2402,au2402,455.82,0.0,0.0,0.0,3,455.68,455.92,1,455.62,455.84,455.84,455.82,2.0,911660.0,2534
2023-05-09 21:02:09,au2402,au2402,455.82,0.0,0.0,0.0,2,455.68,455.92,1,455.62,455.84,455.84,455.82,2.0,911660.0,2534
2023-05-09 21:02:09,au2402,au2402,455.82,0.0,0.0,0.0,1,455.68,455.92,1,455.62,455.84,455.84,455.82,2.0,911660.0,2534
2023-05-09 21:02:10,au2402,au2402,455.82,0.0,0.0,0.0,1,455.68,455.92,1,455.62,455.84,455.84,455.82,2.0,911660.0,2534
2023-05-09 21:02:11,au2402,au2402,455.82,0.0,0.0,0.0,1,455.68,455.92,1,455.62,455.84,455.84,455.82,2.0,911660.0,2534
2023-05-09 21:02:12,au2402,au2402,455.82,0.0,0.0,0.0,1,455.7,455.92,1,455.62,455.84,455.84,455.82,2.0,911660.0,2534
2023-05-09 21:02:12,au2402,au2402,455.82,0.0,0.0,0.0,1,455.68,455.92,1,455.62,455.84,455.84,455.82,2.0,911660.0,2534
2023-05-09 21:02:13,au2402,au2402,455.82,0.0,0.0,0.0,1,455.64,455.92,1,455.62,455.84,455.84,455.82,2.0,911660.0,2534
2023-05-09 21:02:13,au2402,au2402,455.82,0.0,0.0,0.0,2,455.64,455.92,1,455.62,455.84,455.84,455.82,2.0,911660.0,2534
2023-05-09 21:02:14,au2402,au2402,455.82,0.0,0.0,0.0,2,455.66,455.92,1,455.62,455.84,455.84,455.82,2.0,911660.0,2534
2023-05-09 21:02:14,au2402,au2402,455.82,0.0,0.0,0.0,3,455.66,455.92,1,455.62,455.84,455.84,455.82,2.0,911660.0,2534
2023-05-09 21:02:16,au2402,au2402,455.82,0.0,0.0,0.0,3,455.66,455.92,1,455.62,455.84,455.84,455.82,2.0,911660.0,2534
2023-05-09 21:02:17,au2402,au2402,455.82,0.0,0.0,0.0,1,455.66,455.92,1,455.62,455.84,455.84,455.82,2.0,911660.0,2534
2023-05-09 21:02:17,au2402,au2402,455.82,0.0,0.0,0.0,1,455.68,455.92,1,455.62,455.84,455.84,455.82,2.0,911660.0,2534
2023-05-09 21:02:18,au2402,au2402,455.82,0.0,0.0,0.0,3,455.66,455.92,1,455.62,455.84,455.84,455.82,2.0,911660.0,2534
2023-05-09 21:02:20,au2402,au2402,455.82,0.0,0.0,0.0,1,455.68,455.92,1,455.62,455.84,455.84,455.82,2.0,911660.0,2534
2023-05-09 21:02:21,au2402,au2402,455.82,0.0,0.0,0.0,2,455.68,455.92,1,455.62,455.84,455.84,455.82,2.0,911660.0,2534
2023-05-09 21:02:21,au2402,au2402,455.82,0.0,0.0,0.0,2,455.68,456.04,6,455.62,455.84,455.84,455.82,2.0,911660.0,2534
2023-05-09 21:02:22,au2402,au2402,455.82,0.0,0.0,0.0,1,455.7,455.9,1,455.62,455.84,455.84,455.82,2.0,911660.0,2534
2023-05-09 21:02:22,au2402,au2402,455.82,0.0,0.0,0.0,2,455.7,455.96,1,455.62,455.84,455.84,455.82,2.0,911660.0,2534
2023-05-09 21:02:23,au2402,au2402,455.82,0.0,0.0,0.0,1,455.72,455.96,1,455.62,455.84,455.84,455.82,2.0,911660.0,2534
2023-05-09 21:02:23,au2402,au2402,455.82,0.0,0.0,0.0,1,455.72,455.94,1,455.62,455.84,455.84,455.82,2.0,911660.0,2534
2023-05-09 21:02:24,au2402,au2402,455.82,0.0,0.0,0.0,1,455.72,455.96,1,455.62,455.84,455.84,455.82,2.0,911660.0,2534
2023-05-09 21:02:25,au2402,au2402,455.82,0.0,0.0,0.0,1,455.72,455.96,1,455.62,455.84,455.84,455.82,2.0,911660.0,2534
2023-05-09 21:02:27,au2402,au2402,455.82,0.0,0.0,0.0,1,455.72,455.96,1,455.62,455.84,455.84,455.82,2.0,911660.0,2534
2023-05-09 21:02:27,au2402,au2402,455.82,0.0,0.0,0.0,1,455.72,455.96,3,455.62,455.84,455.84,455.82,2.0,911660.0,2534
2023-05-09 21:02:28,au2402,au2402,455.82,0.0,0.0,0.0,1,455.72,455.96,2,455.62,455.84,455.84,455.82,2.0,911660.0,2534
2023-05-09 21:02:28,au2402,au2402,455.82,0.0,0.0,0.0,1,455.72,455.92,1,455.62,455.84,455.84,455.82,2.0,911660.0,2534
2023-05-09 21:02:29,au2402,au2402,455.82,0.0,0.0,0.0,1,455.72,455.92,1,455.62,455.84,455.84,455.82,2.0,911660.0,2534
2023-05-09 21:02:34,au2402,au2402,455.82,0.0,0.0,0.0,1,455.72,455.92,1,455.62,455.84,455.84,455.82,2.0,911660.0,2534
2023-05-09 21:02:35,au2402,au2402,455.82,0.0,0.0,0.0,1,455.62,455.92,1,455.62,455.84,455.84,455.82,2.0,911660.0,2534
2023-05-09 21:02:35,au2402,au2402,455.82,0.0,0.0,0.0,5,455.64,455.92,1,455.62,455.84,455.84,455.82,2.0,911660.0,2534
2023-05-09 21:02:37,au2402,au2402,455.82,0.0,0.0,0.0,4,455.64,456.0,1,455.62,455.84,455.84,455.82,2.0,911660.0,2534
2023-05-09 21:02:37,au2402,au2402,455.82,0.0,0.0,0.0,1,455.66,455.9,1,455.62,455.84,455.84,455.82,2.0,911660.0,2534
2023-05-09 21:02:38,au2402,au2402,455.82,0.0,0.0,0.0,1,455.66,455.9,1,455.62,455.84,455.84,455.82,2.0,911660.0,2534
2023-05-09 21:02:38,au2402,au2402,455.82,0.0,0.0,0.0,2,455.66,455.9,1,455.62,455.84,455.84,455.82,2.0,911660.0,2534
2023-05-09 21:02:39,au2402,au2402,455.82,0.0,0.0,0.0,2,455.66,455.9,1,455.62,455.84,455.84,455.82,2.0,911660.0,2534
2023-05-09 21:02:39,au2402,au2402,455.82,0.0,0.0,0.0,3,455.66,455.9,1,455.62,455.84,455.84,455.82,2.0,911660.0,2534
2023-05-09 21:02:40,au2402,au2402,455.82,0.0,0.0,0.0,3,455.66,455.9,1,455.62,455.84,455.84,455.82,2.0,911660.0,2534
2023-05-09 21:02:40,au2402,au2402,455.82,0.0,0.0,0.0,3,455.66,455.9,1,455.62,455.84,455.84,455.82,2.0,911660.0,2534
2023-05-09 21:02:41,au2402,au2402,455.82,0.0,0.0,0.0,3,455.66,455.9,1,455.62,455.84,455.84,455.82,2.0,911660.0,2534
2023-05-09 21:02:41,au2402,au2402,455.82,0.0,0.0,0.0,2,455.66,455.9,1,455.62,455.84,455.84,455.82,2.0,911660.0,2534
2023-05-09 21:02:42,au2402,au2402,455.82,0.0,0.0,0.0,3,455.66,455.9,1,455.62,455.84,455.84,455.82,2.0,911660.0,2534
2023-05-09 21:02:44,au2402,au2402,455.82,0.0,0.0,0.0,4,455.66,455.9,1,455.62,455.84,455.84,455.82,2.0,911660.0,2534
2023-05-09 21:02:44,au2402,au2402,455.82,0.0,0.0,0.0,3,455.66,455.9,1,455.62,455.84,455.84,455.82,2.0,911660.0,2534
2023-05-09 21:02:45,au2402,au2402,455.82,0.0,0.0,0.0,1,455.68,455.9,1,455.62,455.84,455.84,455.82,2.0,911660.0,2534
2023-05-09 21:02:45,au2402,au2402,455.82,0.0,0.0,0.0,1,455.68,455.9,1,455.62,455.84,455.84,455.82,2.0,911660.0,2534
2023-05-09 21:02:47,au2402,au2402,455.82,0.0,0.0,0.0,2,455.64,455.9,1,455.62,455.84,455.84,455.82,2.0,911660.0,2534
2023-05-09 21:02:48,au2402,au2402,455.82,0.0,0.0,0.0,1,455.5,456.04,1,455.62,455.84,455.84,455.82,2.0,911660.0,2534
2023-05-09 21:02:48,au2402,au2402,455.82,0.0,0.0,0.0,1,455.66,455.88,1,455.62,455.84,455.84,455.82,2.0,911660.0,2534
2023-05-09 21:02:49,au2402,au2402,455.82,0.0,0.0,0.0,1,455.66,455.88,1,455.62,455.84,455.84,455.82,2.0,911660.0,2534
2023-05-09 21:02:49,au2402,au2402,455.82,0.0,0.0,0.0,1,455.6,455.88,1,455.62,455.84,455.84,455.82,2.0,911660.0,2534
2023-05-09 21:02:50,au2402,au2402,455.82,0.0,0.0,0.0,2,455.6,455.88,1,455.62,455.84,455.84,455.82,2.0,911660.0,2534
2023-05-09 21:02:50,au2402,au2402,455.82,0.0,0.0,0.0,3,455.6,455.88,1,455.62,455.84,455.84,455.82,2.0,911660.0,2534
2023-05-09 21:02:51,au2402,au2402,455.82,0.0,0.0,0.0,1,455.62,455.88,1,455.62,455.84,455.84,455.82,2.0,911660.0,2534
2023-05-09 21:02:51,au2402,au2402,455.82,0.0,0.0,0.0,1,455.62,455.88,1,455.62,455.84,455.84,455.82,2.0,911660.0,2534
2023-05-09 21:02:52,au2402,au2402,455.82,0.0,0.0,0.0,1,455.62,455.88,1,455.62,455.84,455.84,455.82,2.0,911660.0,2534
2023-05-09 21:02:53,au2402,au2402,455.82,0.0,0.0,0.0,1,455.62,455.88,1,455.62,455.84,455.84,455.82,2.0,911660.0,2534
2023-05-09 21:02:53,au2402,au2402,455.82,0.0,0.0,0.0,1,455.6,455.88,4,455.62,455.84,455.84,455.82,2.0,911660.0,2534
2023-05-09 21:02:54,au2402,au2402,455.82,0.0,0.0,0.0,1,455.5,455.78,1,455.62,455.84,455.84,455.82,2.0,911660.0,2534
2023-05-09 21:02:54,au2402,au2402,455.82,0.0,0.0,0.0,4,455.52,455.88,1,455.62,455.84,455.84,455.82,2.0,911660.0,2534
2023-05-09 21:02:55,au2402,au2402,455.82,0.0,0.0,0.0,1,455.56,455.84,1,455.62,455.84,455.84,455.82,2.0,911660.0,2534
2023-05-09 21:02:55,au2402,au2402,455.82,0.0,0.0,0.0,1,455.56,455.84,1,455.62,455.84,455.84,455.82,2.0,911660.0,2534
2023-05-09 21:02:56,au2402,au2402,455.82,0.0,0.0,0.0,1,455.56,455.84,1,455.62,455.84,455.84,455.82,2.0,911660.0,2534
2023-05-09 21:02:56,au2402,au2402,455.82,0.0,0.0,0.0,1,455.56,455.84,1,455.62,455.84,455.84,455.82,2.0,911660.0,2534
2023-05-09 21:02:57,au2402,au2402,455.82,0.0,0.0,0.0,2,455.56,455.84,1,455.62,455.84,455.84,455.82,2.0,911660.0,2534
2023-05-09 21:02:57,au2402,au2402,455.82,0.0,0.0,0.0,1,455.58,455.84,1,455.62,455.84,455.84,455.82,2.0,911660.0,2534
2023-05-09 21:02:58,au2402,au2402,455.82,0.0,0.0,0.0,1,455.6,455.84,1,455.62,455.84,455.84,455.82,2.0,911660.0,2534
2023-05-09 21:02:58,au2402,au2402,455.82,0.0,0.0,0.0,2,455.6,455.84,1,455.62,455.84,455.84,455.82,2.0,911660.0,2534
2023-05-09 21:02:59,au2402,au2402,455.82,0.0,0.0,0.0,1,455.62,455.84,1,455.62,455.84,455.84,455.82,2.0,911660.0,2534
2023-05-09 21:02:59,au2402,au2402,455.82,0.0,0.0,0.0,1,455.64,455.84,1,455.62,455.84,455.84,455.82,2.0,911660.0,2534
2023-05-09 21:03:00,au2402,au2402,455.82,0.0,0.0,0.0,1,455.62,455.84,1,455.62,455.84,455.84,455.82,2.0,911660.0,2534
2023-05-09 21:03:00,au2402,au2402,455.82,0.0,0.0,0.0,2,455.6,455.84,1,455.62,455.84,455.84,455.82,2.0,911660.0,2534
2023-05-09 21:03:01,au2402,au2402,455.82,0.0,0.0,0.0,3,455.64,455.84,1,455.62,455.84,455.84,455.82,2.0,911660.0,2534
2023-05-09 21:03:01,au2402,au2402,455.82,0.0,0.0,0.0,3,455.64,455.84,1,455.62,455.84,455.84,455.82,2.0,911660.0,2534
2023-05-09 21:03:03,au2402,au2402,455.82,0.0,0.0,0.0,3,455.64,455.84,1,455.62,455.84,455.84,455.82,2.0,911660.0,2534
2023-05-09 21:03:05,au2402,au2402,455.82,0.0,0.0,0.0,3,455.64,455.84,1,455.62,455.84,455.84,455.82,2.0,911660.0,2534
2023-05-09 21:03:06,au2402,au2402,455.82,0.0,0.0,0.0,3,455.64,455.88,1,455.62,455.84,455.84,455.82,2.0,911660.0,2534
2023-05-09 21:03:06,au2402,au2402,455.82,0.0,0.0,0.0,3,455.64,455.8,1,455.62,455.84,455.84,455.82,2.0,911660.0,2534
2023-05-09 21:03:07,au2402,au2402,455.82,0.0,0.0,0.0,3,455.64,455.8,1,455.62,455.84,455.84,455.82,2.0,911660.0,2534
2023-05-09 21:03:11,au2402,au2402,455.82,0.0,0.0,0.0,3,455.64,455.8,1,455.62,455.84,455.84,455.82,2.0,911660.0,2534
2023-05-09 21:03:11,au2402,au2402,455.82,0.0,0.0,0.0,1,455.5,455.8,1,455.62,455.84,455.84,455.82,2.0,911660.0,2534
2023-05-09 21:03:12,au2402,au2402,455.82,0.0,0.0,0.0,4,455.52,455.8,1,455.62,455.84,455.84,455.82,2.0,911660.0,2534
2023-05-09 21:03:12,au2402,au2402,455.82,0.0,0.0,0.0,5,455.52,455.8,3,455.62,455.84,455.84,455.82,2.0,911660.0,2534
2023-05-09 21:03:13,au2402,au2402,455.82,0.0,0.0,0.0,4,455.52,455.76,1,455.62,455.84,455.84,455.82,2.0,911660.0,2534
2023-05-09 21:03:13,au2402,au2402,455.82,0.0,0.0,0.0,4,455.52,455.76,1,455.62,455.84,455.84,455.82,2.0,911660.0,2534
2023-05-09 21:03:15,au2402,au2402,455.82,0.0,0.0,0.0,3,455.52,455.76,1,455.62,455.84,455.84,455.82,2.0,911660.0,2534
2023-05-09 21:03:16,au2402,au2402,455.82,0.0,0.0,0.0,3,455.52,455.76,1,455.62,455.84,455.84,455.82,2.0,911660.0,2534
2023-05-09 21:03:17,au2402,au2402,455.82,0.0,0.0,0.0,3,455.52,455.76,1,455.62,455.84,455.84,455.82,2.0,911660.0,2534
2023-05-09 21:03:18,au2402,au2402,455.82,0.0,0.0,0.0,1,455.54,455.76,2,455.62,455.84,455.84,455.82,2.0,911660.0,2534
2023-05-09 21:03:18,au2402,au2402,455.82,0.0,0.0,0.0,1,455.54,455.76,2,455.62,455.84,455.84,455.82,2.0,911660.0,2534
2023-05-09 21:03:19,au2402,au2402,455.82,0.0,0.0,0.0,3,455.58,455.76,1,455.62,455.84,455.84,455.82,2.0,911660.0,2534
2023-05-09 21:03:19,au2402,au2402,455.82,0.0,0.0,0.0,3,455.58,455.76,1,455.62,455.84,455.84,455.82,2.0,911660.0,2534
2023-05-09 21:03:21,au2402,au2402,455.82,0.0,0.0,0.0,3,455.58,455.76,1,455.62,455.84,455.84,455.82,2.0,911660.0,2534
2023-05-09 21:03:23,au2402,au2402,455.82,0.0,0.0,0.0,3,455.58,455.76,1,455.62,455.84,455.84,455.82,2.0,911660.0,2534
2023-05-09 21:03:32,au2402,au2402,455.82,0.0,0.0,0.0,1,455.6,456.0,6,455.62,455.84,455.84,455.82,2.0,911660.0,2534
2023-05-09 21:03:32,au2402,au2402,455.82,0.0,0.0,0.0,1,455.6,455.74,1,455.62,455.84,455.84,455.82,2.0,911660.0,2534
2023-05-09 21:03:33,au2402,au2402,455.82,0.0,0.0,0.0,1,455.6,455.74,1,455.62,455.84,455.84,455.82,2.0,911660.0,2534
2023-05-09 21:03:33,au2402,au2402,455.82,0.0,0.0,0.0,3,455.62,455.74,1,455.62,455.84,455.84,455.82,2.0,911660.0,2534
2023-05-09 21:03:34,au2402,au2402,455.82,0.0,0.0,0.0,3,455.62,455.74,1,455.62,455.84,455.84,455.82,2.0,911660.0,2534
2023-05-09 21:03:38,au2402,au2402,455.82,0.0,0.0,0.0,3,455.62,455.74,1,455.62,455.84,455.84,455.82,2.0,911660.0,2534
2023-05-09 21:03:38,au2402,au2402,455.82,0.0,0.0,0.0,1,455.5,455.74,1,455.62,455.84,455.84,455.82,2.0,911660.0,2534
2023-05-09 21:03:39,au2402,au2402,455.82,0.0,0.0,0.0,1,455.52,455.74,1,455.62,455.84,455.84,455.82,2.0,911660.0,2534
2023-05-09 21:03:39,au2402,au2402,455.82,0.0,0.0,0.0,4,455.52,455.74,1,455.62,455.84,455.84,455.82,2.0,911660.0,2534
2023-05-09 21:03:40,au2402,au2402,455.82,0.0,0.0,0.0,3,455.54,455.74,1,455.62,455.84,455.84,455.82,2.0,911660.0,2534
2023-05-09 21:03:40,au2402,au2402,455.82,0.0,0.0,0.0,1,455.56,455.74,1,455.62,455.84,455.84,455.82,2.0,911660.0,2534
2023-05-09 21:03:41,au2402,au2402,455.82,0.0,0.0,0.0,1,455.56,455.74,1,455.62,455.84,455.84,455.82,2.0,911660.0,2534
2023-05-09 21:03:41,au2402,au2402,455.82,0.0,0.0,0.0,3,455.58,455.74,1,455.62,455.84,455.84,455.82,2.0,911660.0,2534
2023-05-09 21:03:42,au2402,au2402,455.82,0.0,0.0,0.0,3,455.58,455.74,1,455.62,455.84,455.84,455.82,2.0,911660.0,2534
2023-05-09 21:03:43,au2402,au2402,455.82,0.0,0.0,0.0,3,455.58,455.74,1,455.62,455.84,455.84,455.82,2.0,911660.0,2534
2023-05-09 21:03:45,au2402,au2402,455.82,0.0,0.0,0.0,3,455.58,455.92,2,455.62,455.84,455.84,455.82,2.0,911660.0,2534
2023-05-09 21:03:46,au2402,au2402,455.82,0.0,0.0,0.0,4,455.58,455.78,1,455.62,455.84,455.84,455.82,2.0,911660.0,2534
2023-05-09 21:03:46,au2402,au2402,455.82,0.0,0.0,0.0,4,455.58,455.78,1,455.62,455.84,455.84,455.82,2.0,911660.0,2534
2023-05-09 21:03:48,au2402,au2402,455.82,0.0,0.0,0.0,3,455.58,455.78,1,455.62,455.84,455.84,455.82,2.0,911660.0,2534
2023-05-09 21:03:53,au2402,au2402,455.82,0.0,0.0,0.0,4,455.58,455.78,1,455.62,455.84,455.84,455.82,2.0,911660.0,2534
2023-05-09 21:03:53,au2402,au2402,455.82,0.0,0.0,0.0,3,455.58,455.78,1,455.62,455.84,455.84,455.82,2.0,911660.0,2534
2023-05-09 21:03:58,au2402,au2402,455.82,0.0,0.0,0.0,3,455.58,455.9,5,455.62,455.84,455.84,455.82,2.0,911660.0,2534
2023-05-09 21:03:59,au2402,au2402,455.82,0.0,0.0,0.0,3,455.58,455.74,1,455.62,455.84,455.84,455.82,2.0,911660.0,2534
2023-05-09 21:03:59,au2402,au2402,455.82,0.0,0.0,0.0,3,455.58,455.74,1,455.62,455.84,455.84,455.82,2.0,911660.0,2534
2023-05-09 21:04:00,au2402,au2402,455.82,0.0,0.0,0.0,4,455.58,455.88,2,455.62,455.84,455.84,455.82,2.0,911660.0,2534
2023-05-09 21:04:00,au2402,au2402,455.82,0.0,0.0,0.0,4,455.58,455.78,1,455.62,455.84,455.84,455.82,2.0,911660.0,2534
2023-05-09 21:04:01,au2402,au2402,455.82,0.0,0.0,0.0,4,455.58,455.78,1,455.62,455.84,455.84,455.82,2.0,911660.0,2534
2023-05-09 21:04:01,au2402,au2402,455.82,0.0,0.0,0.0,3,455.58,455.78,1,455.62,455.84,455.84,455.82,2.0,911660.0,2534
2023-05-09 21:04:03,au2402,au2402,455.82,0.0,0.0,0.0,3,455.58,455.88,2,455.62,455.84,455.84,455.82,2.0,911660.0,2534
2023-05-09 21:04:04,au2402,au2402,455.82,0.0,0.0,0.0,3,455.58,455.76,1,455.62,455.84,455.84,455.82,2.0,911660.0,2534
2023-05-09 21:04:04,au2402,au2402,455.82,0.0,0.0,0.0,3,455.58,455.76,1,455.62,455.84,455.84,455.82,2.0,911660.0,2534
2023-05-09 21:04:06,au2402,au2402,455.82,0.0,0.0,0.0,4,455.58,455.76,1,455.62,455.84,455.84,455.82,2.0,911660.0,2534
2023-05-09 21:04:07,au2402,au2402,455.82,0.0,0.0,0.0,1,455.6,455.88,1,455.62,455.84,455.84,455.82,2.0,911660.0,2534
2023-05-09 21:04:07,au2402,au2402,455.82,0.0,0.0,0.0,1,455.6,455.8,1,455.62,455.84,455.84,455.82,2.0,911660.0,2534
2023-05-09 21:04:08,au2402,au2402,455.82,0.0,0.0,0.0,1,455.5,455.8,1,455.62,455.84,455.84,455.82,2.0,911660.0,2534
2023-05-09 21:04:08,au2402,au2402,455.82,0.0,0.0,0.0,3,455.62,455.8,1,455.62,455.84,455.84,455.82,2.0,911660.0,2534
2023-05-09 21:04:09,au2402,au2402,455.82,0.0,0.0,0.0,3,455.62,455.8,1,455.62,455.84,455.84,455.82,2.0,911660.0,2534
2023-05-09 21:04:11,au2402,au2402,455.82,0.0,0.0,0.0,3,455.62,455.8,1,455.62,455.84,455.84,455.82,2.0,911660.0,2534
2023-05-09 21:04:14,au2402,au2402,455.82,0.0,0.0,0.0,3,455.62,455.8,1,455.62,455.84,455.84,455.82,2.0,911660.0,2534
2023-05-09 21:04:18,au2402,au2402,455.82,0.0,0.0,0.0,3,455.62,455.8,2,455.62,455.84,455.84,455.82,2.0,911660.0,2534
2023-05-09 21:04:18,au2402,au2402,455.82,0.0,0.0,0.0,4,455.62,455.8,1,455.62,455.84,455.84,455.82,2.0,911660.0,2534
2023-05-09 21:04:19,au2402,au2402,455.82,0.0,0.0,0.0,3,455.62,455.8,1,455.62,455.84,455.84,455.82,2.0,911660.0,2534
2023-05-09 21:04:21,au2402,au2402,455.82,0.0,0.0,0.0,3,455.62,455.88,1,455.62,455.84,455.84,455.82,2.0,911660.0,2534
2023-05-09 21:04:21,au2402,au2402,455.82,0.0,0.0,0.0,3,455.62,455.78,1,455.62,455.84,455.84,455.82,2.0,911660.0,2534
2023-05-09 21:04:22,au2402,au2402,455.82,0.0,0.0,0.0,3,455.62,455.78,1,455.62,455.84,455.84,455.82,2.0,911660.0,2534
2023-05-09 21:04:23,au2402,au2402,455.82,0.0,0.0,0.0,3,455.62,455.74,1,455.62,455.84,455.84,455.82,2.0,911660.0,2534
2023-05-09 21:04:23,au2402,au2402,455.82,0.0,0.0,0.0,3,455.62,455.74,1,455.62,455.84,455.84,455.82,2.0,911660.0,2534
2023-05-09 21:04:25,au2402,au2402,455.82,0.0,0.0,0.0,1,455.52,455.74,1,455.62,455.84,455.84,455.82,2.0,911660.0,2534
2023-05-09 21:04:25,au2402,au2402,455.82,0.0,0.0,0.0,1,455.54,455.94,1,455.62,455.84,455.84,455.82,2.0,911660.0,2534
2023-05-09 21:04:26,au2402,au2402,455.82,0.0,0.0,0.0,4,455.54,455.78,1,455.62,455.84,455.84,455.82,2.0,911660.0,2534
2023-05-09 21:04:26,au2402,au2402,455.82,0.0,0.0,0.0,5,455.54,455.78,1,455.62,455.84,455.84,455.82,2.0,911660.0,2534
2023-05-09 21:04:27,au2402,au2402,455.82,0.0,0.0,0.0,5,455.54,455.78,1,455.62,455.84,455.84,455.82,2.0,911660.0,2534
2023-05-09 21:04:27,au2402,au2402,455.82,0.0,0.0,0.0,2,455.56,455.92,2,455.62,455.84,455.84,455.82,2.0,911660.0,2534
2023-05-09 21:04:28,au2402,au2402,455.82,0.0,0.0,0.0,3,455.56,455.82,1,455.62,455.84,455.84,455.82,2.0,911660.0,2534
2023-05-09 21:04:28,au2402,au2402,455.82,0.0,0.0,0.0,1,455.58,455.82,1,455.62,455.84,455.84,455.82,2.0,911660.0,2534
2023-05-09 21:04:29,au2402,au2402,455.82,0.0,0.0,0.0,3,455.6,455.82,1,455.62,455.84,455.84,455.82,2.0,911660.0,2534
2023-05-09 21:04:30,au2402,au2402,455.82,0.0,0.0,0.0,2,455.62,455.9,1,455.62,455.84,455.84,455.82,2.0,911660.0,2534
2023-05-09 21:04:30,au2402,au2402,455.82,0.0,0.0,0.0,2,455.62,455.84,1,455.62,455.84,455.84,455.82,2.0,911660.0,2534
2023-05-09 21:04:31,au2402,au2402,455.82,0.0,0.0,0.0,2,455.62,455.84,1,455.62,455.84,455.84,455.82,2.0,911660.0,2534
2023-05-09 21:04:31,au2402,au2402,455.82,0.0,0.0,0.0,3,455.7,455.84,1,455.62,455.84,455.84,455.82,2.0,911660.0,2534
2023-05-09 21:04:32,au2402,au2402,455.82,0.0,0.0,0.0,3,455.7,455.9,1,455.62,455.84,455.84,455.82,2.0,911660.0,2534
2023-05-09 21:04:33,au2402,au2402,455.82,0.0,0.0,0.0,1,455.5,455.8,1,455.62,455.84,455.84,455.82,2.0,911660.0,2534
2023-05-09 21:04:33,au2402,au2402,455.82,0.0,0.0,0.0,1,455.56,455.8,1,455.62,455.84,455.84,455.82,2.0,911660.0,2534
2023-05-09 21:04:34,au2402,au2402,455.82,0.0,0.0,0.0,1,455.56,455.8,1,455.62,455.84,455.84,455.82,2.0,911660.0,2534
2023-05-09 21:04:34,au2402,au2402,455.82,0.0,0.0,0.0,1,455.56,455.8,1,455.62,455.84,455.84,455.82,2.0,911660.0,2534
2023-05-09 21:04:35,au2402,au2402,455.82,0.0,0.0,0.0,3,455.58,455.8,1,455.62,455.84,455.84,455.82,2.0,911660.0,2534
2023-05-09 21:04:35,au2402,au2402,455.82,0.0,0.0,0.0,2,455.6,455.8,1,455.62,455.84,455.84,455.82,2.0,911660.0,2534
2023-05-09 21:04:36,au2402,au2402,455.82,0.0,0.0,0.0,1,455.6,455.8,1,455.62,455.84,455.84,455.82,2.0,911660.0,2534
2023-05-09 21:04:36,au2402,au2402,455.82,0.0,0.0,0.0,3,455.6,455.8,1,455.62,455.84,455.84,455.82,2.0,911660.0,2534
2023-05-09 21:04:37,au2402,au2402,455.82,0.0,0.0,0.0,3,455.64,455.8,1,455.62,455.84,455.84,455.82,2.0,911660.0,2534
2023-05-09 21:04:37,au2402,au2402,455.82,0.0,0.0,0.0,3,455.64,455.8,1,455.62,455.84,455.84,455.82,2.0,911660.0,2534
2023-05-09 21:04:38,au2402,au2402,455.82,0.0,0.0,0.0,3,455.64,455.9,1,455.62,455.84,455.84,455.82,2.0,911660.0,2534
2023-05-09 21:04:38,au2402,au2402,455.82,0.0,0.0,0.0,3,455.64,455.82,1,455.62,455.84,455.84,455.82,2.0,911660.0,2534
2023-05-09 21:04:39,au2402,au2402,455.82,0.0,0.0,0.0,3,455.64,455.82,1,455.62,455.84,455.84,455.82,2.0,911660.0,2534
2023-05-09 21:04:39,au2402,au2402,455.82,0.0,0.0,0.0,3,455.64,455.82,1,455.62,455.84,455.84,455.82,2.0,911660.0,2534
2023-05-09 21:04:40,au2402,au2402,455.82,0.0,0.0,0.0,3,455.64,455.88,1,455.62,455.84,455.84,455.82,2.0,911660.0,2534
2023-05-09 21:04:41,au2402,au2402,455.82,0.0,0.0,0.0,3,455.64,455.78,1,455.62,455.84,455.84,455.82,2.0,911660.0,2534
2023-05-09 21:04:41,au2402,au2402,455.82,0.0,0.0,0.0,3,455.64,455.78,1,455.62,455.84,455.84,455.82,2.0,911660.0,2534
2023-05-09 21:04:42,au2402,au2402,455.82,0.0,0.0,0.0,3,455.64,455.78,1,455.62,455.84,455.84,455.82,2.0,911660.0,2534
2023-05-09 21:04:42,au2402,au2402,455.82,0.0,0.0,0.0,3,455.64,455.78,1,455.62,455.84,455.84,455.82,2.0,911660.0,2534
2023-05-09 21:04:43,au2402,au2402,455.82,0.0,0.0,0.0,3,455.64,455.76,1,455.62,455.84,455.84,455.82,2.0,911660.0,2534
2023-05-09 21:04:43,au2402,au2402,455.82,0.0,0.0,0.0,3,455.64,455.78,1,455.62,455.84,455.84,455.82,2.0,911660.0,2534
2023-05-09 21:04:44,au2402,au2402,455.82,0.0,0.0,0.0,3,455.64,455.78,1,455.62,455.84,455.84,455.82,2.0,911660.0,2534
2023-05-09 21:04:44,au2402,au2402,455.82,0.0,0.0,0.0,3,455.64,455.78,2,455.62,455.84,455.84,455.82,2.0,911660.0,2534
2023-05-09 21:04:45,au2402,au2402,455.82,0.0,0.0,0.0,3,455.64,455.78,1,455.62,455.84,455.84,455.82,2.0,911660.0,2534
2023-05-09 21:04:45,au2402,au2402,455.82,0.0,0.0,0.0,1,455.52,455.74,1,455.62,455.84,455.84,455.82,2.0,911660.0,2534
2023-05-09 21:04:46,au2402,au2402,455.82,0.0,0.0,0.0,1,455.54,455.74,1,455.62,455.84,455.84,455.82,2.0,911660.0,2534
2023-05-09 21:04:46,au2402,au2402,455.82,0.0,0.0,0.0,4,455.54,455.74,1,455.62,455.84,455.84,455.82,2.0,911660.0,2534
2023-05-09 21:04:47,au2402,au2402,455.82,0.0,0.0,0.0,4,455.54,455.74,1,455.62,455.84,455.84,455.82,2.0,911660.0,2534
2023-05-09 21:04:51,au2402,au2402,455.82,0.0,0.0,0.0,3,455.54,455.74,1,455.62,455.84,455.84,455.82,2.0,911660.0,2534
2023-05-09 21:04:52,au2402,au2402,455.82,0.0,0.0,0.0,3,455.54,455.74,1,455.62,455.84,455.84,455.82,2.0,911660.0,2534
2023-05-09 21:04:52,au2402,au2402,455.82,0.0,0.0,0.0,3,455.54,455.74,1,455.62,455.84,455.84,455.82,2.0,911660.0,2534
2023-05-09 21:04:53,au2402,au2402,455.82,0.0,0.0,0.0,3,455.54,455.74,1,455.62,455.84,455.84,455.82,2.0,911660.0,2534
2023-05-09 21:04:56,au2402,au2402,455.82,0.0,0.0,0.0,3,455.54,455.88,1,455.62,455.84,455.84,455.82,2.0,911660.0,2534
2023-05-09 21:04:56,au2402,au2402,455.82,0.0,0.0,0.0,1,455.56,455.74,1,455.62,455.84,455.84,455.82,2.0,911660.0,2534
2023-05-09 21:04:57,au2402,au2402,455.82,0.0,0.0,0.0,1,455.56,455.74,1,455.62,455.84,455.84,455.82,2.0,911660.0,2534
2023-05-09 21:04:57,au2402,au2402,455.82,0.0,0.0,0.0,1,455.56,455.74,1,455.62,455.84,455.84,455.82,2.0,911660.0,2534
2023-05-09 21:04:58,au2402,au2402,455.82,0.0,0.0,0.0,3,455.58,455.74,1,455.62,455.84,455.84,455.82,2.0,911660.0,2534
2023-05-09 21:04:58,au2402,au2402,455.82,0.0,0.0,0.0,3,455.58,455.74,1,455.62,455.84,455.84,455.82,2.0,911660.0,2534
2023-05-09 21:05:01,au2402,au2402,455.82,0.0,0.0,0.0,3,455.58,455.86,2,455.62,455.84,455.84,455.82,2.0,911660.0,2534
2023-05-09 21:05:01,au2402,au2402,455.82,0.0,0.0,0.0,3,455.58,455.68,1,455.62,455.84,455.84,455.82,2.0,911660.0,2534
2023-05-09 21:05:02,au2402,au2402,455.82,0.0,0.0,0.0,3,455.58,455.68,1,455.62,455.84,455.84,455.82,2.0,911660.0,2534
2023-05-09 21:05:03,au2402,au2402,455.82,0.0,0.0,0.0,3,455.58,455.84,6,455.62,455.84,455.84,455.82,2.0,911660.0,2534
2023-05-09 21:05:03,au2402,au2402,455.82,0.0,0.0,0.0,3,455.58,455.72,1,455.62,455.84,455.84,455.82,2.0,911660.0,2534
2023-05-09 21:05:04,au2402,au2402,455.82,0.0,0.0,0.0,3,455.58,455.72,1,455.62,455.84,455.84,455.82,2.0,911660.0,2534
2023-05-09 21:05:07,au2402,au2402,455.82,0.0,0.0,0.0,3,455.58,455.72,1,455.62,455.84,455.84,455.82,2.0,911660.0,2534
2023-05-09 21:05:07,au2402,au2402,455.82,0.0,0.0,0.0,3,455.58,455.72,1,455.62,455.84,455.84,455.82,2.0,911660.0,2534
2023-05-09 21:05:09,au2402,au2402,455.58,3.0,1366740.0,0.0,1,455.5,455.72,1,455.62,455.84,455.84,455.58,5.0,2278400.0,2534
2023-05-09 21:05:09,au2402,au2402,455.58,0.0,0.0,0.0,1,455.5,455.64,1,455.62,455.84,455.84,455.58,5.0,2278400.0,2534
2023-05-09 21:05:10,au2402,au2402,455.58,0.0,0.0,0.0,1,455.5,455.64,1,455.62,455.84,455.84,455.58,5.0,2278400.0,2534
2023-05-09 21:05:10,au2402,au2402,455.58,0.0,0.0,0.0,1,455.5,455.72,1,455.62,455.84,455.84,455.58,5.0,2278400.0,2534
2023-05-09 21:05:11,au2402,au2402,455.58,0.0,0.0,0.0,1,455.5,455.66,1,455.62,455.84,455.84,455.58,5.0,2278400.0,2534
2023-05-09 21:05:11,au2402,au2402,455.58,0.0,0.0,0.0,1,455.5,455.66,1,455.62,455.84,455.84,455.58,5.0,2278400.0,2534
2023-05-09 21:05:12,au2402,au2402,455.58,0.0,0.0,0.0,1,455.5,455.66,1,455.62,455.84,455.84,455.58,5.0,2278400.0,2534
2023-05-09 21:05:12,au2402,au2402,455.58,0.0,0.0,0.0,1,455.5,455.7,1,455.62,455.84,455.84,455.58,5.0,2278400.0,2534
2023-05-09 21:05:13,au2402,au2402,455.58,0.0,0.0,0.0,1,455.5,455.62,1,455.62,455.84,455.84,455.58,5.0,2278400.0,2534
2023-05-09 21:05:13,au2402,au2402,455.58,0.0,0.0,0.0,1,455.5,455.62,1,455.62,455.84,455.84,455.58,5.0,2278400.0,2534
2023-05-09 21:05:14,au2402,au2402,455.58,0.0,0.0,0.0,1,455.5,455.62,1,455.62,455.84,455.84,455.58,5.0,2278400.0,2534
2023-05-09 21:05:16,au2402,au2402,455.58,0.0,0.0,0.0,1,455.5,455.62,1,455.62,455.84,455.84,455.58,5.0,2278400.0,2534
2023-05-09 21:05:16,au2402,au2402,455.58,0.0,0.0,0.0,1,455.5,455.82,1,455.62,455.84,455.84,455.58,5.0,2278400.0,2534
2023-05-09 21:05:17,au2402,au2402,455.58,0.0,0.0,0.0,1,455.5,455.66,1,455.62,455.84,455.84,455.58,5.0,2278400.0,2534
2023-05-09 21:05:17,au2402,au2402,455.58,0.0,0.0,0.0,1,455.5,455.66,1,455.62,455.84,455.84,455.58,5.0,2278400.0,2534
2023-05-09 21:05:18,au2402,au2402,455.58,0.0,0.0,0.0,1,455.5,455.66,1,455.62,455.84,455.84,455.58,5.0,2278400.0,2534
2023-05-09 21:05:18,au2402,au2402,455.58,0.0,0.0,0.0,1,455.5,455.66,1,455.62,455.84,455.84,455.58,5.0,2278400.0,2534
2023-05-09 21:05:19,au2402,au2402,455.58,0.0,0.0,0.0,1,455.5,455.66,1,455.62,455.84,455.84,455.58,5.0,2278400.0,2534
2023-05-09 21:05:20,au2402,au2402,455.58,0.0,0.0,0.0,1,455.5,455.66,1,455.62,455.84,455.84,455.58,5.0,2278400.0,2534
2023-05-09 21:05:21,au2402,au2402,455.58,0.0,0.0,0.0,1,455.5,455.72,1,455.62,455.84,455.84,455.58,5.0,2278400.0,2534
2023-05-09 21:05:21,au2402,au2402,455.58,0.0,0.0,0.0,1,455.5,455.62,1,455.62,455.84,455.84,455.58,5.0,2278400.0,2534
2023-05-09 21:05:22,au2402,au2402,455.58,0.0,0.0,0.0,1,455.5,455.62,1,455.62,455.84,455.84,455.58,5.0,2278400.0,2534
2023-05-09 21:05:22,au2402,au2402,455.58,0.0,0.0,0.0,1,455.5,455.62,1,455.62,455.84,455.84,455.58,5.0,2278400.0,2534
2023-05-09 21:05:24,au2402,au2402,455.58,0.0,0.0,0.0,1,455.5,455.62,1,455.62,455.84,455.84,455.58,5.0,2278400.0,2534
2023-05-09 21:05:25,au2402,au2402,455.58,0.0,0.0,0.0,1,455.5,455.7,1,455.62,455.84,455.84,455.58,5.0,2278400.0,2534
2023-05-09 21:05:26,au2402,au2402,455.58,0.0,0.0,0.0,1,455.5,455.58,1,455.62,455.84,455.84,455.58,5.0,2278400.0,2534
2023-05-09 21:05:26,au2402,au2402,455.58,0.0,0.0,0.0,1,455.5,455.58,1,455.62,455.84,455.84,455.58,5.0,2278400.0,2534
2023-05-09 21:05:27,au2402,au2402,455.5,1.0,455500.0,-1.0,1,455.0,455.58,1,455.62,455.84,455.84,455.5,6.0,2733900.0,2533
2023-05-09 21:05:27,au2402,au2402,455.5,0.0,0.0,0.0,1,455.34,455.58,1,455.62,455.84,455.84,455.5,6.0,2733900.0,2533
2023-05-09 21:05:28,au2402,au2402,455.5,0.0,0.0,0.0,3,455.34,455.58,1,455.62,455.84,455.84,455.5,6.0,2733900.0,2533
2023-05-09 21:05:29,au2402,au2402,455.5,0.0,0.0,0.0,3,455.34,455.58,1,455.62,455.84,455.84,455.5,6.0,2733900.0,2533
2023-05-09 21:05:30,au2402,au2402,455.5,0.0,0.0,0.0,3,455.34,455.58,1,455.62,455.84,455.84,455.5,6.0,2733900.0,2533
2023-05-09 21:05:30,au2402,au2402,455.5,0.0,0.0,0.0,2,455.36,455.58,1,455.62,455.84,455.84,455.5,6.0,2733900.0,2533
2023-05-09 21:05:32,au2402,au2402,455.5,0.0,0.0,0.0,2,455.36,455.58,2,455.62,455.84,455.84,455.5,6.0,2733900.0,2533
2023-05-09 21:05:33,au2402,au2402,455.5,0.0,0.0,0.0,1,455.38,455.58,2,455.62,455.84,455.84,455.5,6.0,2733900.0,2533
2023-05-09 21:05:33,au2402,au2402,455.5,0.0,0.0,0.0,1,455.34,455.58,2,455.62,455.84,455.84,455.5,6.0,2733900.0,2533
2023-05-09 21:05:34,au2402,au2402,455.5,0.0,0.0,0.0,3,455.34,455.58,2,455.62,455.84,455.84,455.5,6.0,2733900.0,2533
2023-05-09 21:05:36,au2402,au2402,455.5,0.0,0.0,0.0,2,455.34,455.58,2,455.62,455.84,455.84,455.5,6.0,2733900.0,2533
2023-05-09 21:05:37,au2402,au2402,455.5,0.0,0.0,0.0,1,455.36,455.58,2,455.62,455.84,455.84,455.5,6.0,2733900.0,2533
2023-05-09 21:05:38,au2402,au2402,455.5,0.0,0.0,0.0,1,455.38,455.58,2,455.62,455.84,455.84,455.5,6.0,2733900.0,2533
2023-05-09 21:05:39,au2402,au2402,455.5,0.0,0.0,0.0,1,455.38,455.58,2,455.62,455.84,455.84,455.5,6.0,2733900.0,2533
2023-05-09 21:05:39,au2402,au2402,455.5,0.0,0.0,0.0,1,455.38,455.58,2,455.62,455.84,455.84,455.5,6.0,2733900.0,2533
2023-05-09 21:05:41,au2402,au2402,455.5,0.0,0.0,0.0,1,455.34,455.58,2,455.62,455.84,455.84,455.5,6.0,2733900.0,2533
2023-05-09 21:05:42,au2402,au2402,455.5,0.0,0.0,0.0,4,455.34,455.58,2,455.62,455.84,455.84,455.5,6.0,2733900.0,2533
2023-05-09 21:05:44,au2402,au2402,455.5,0.0,0.0,0.0,3,455.34,455.58,1,455.62,455.84,455.84,455.5,6.0,2733900.0,2533
2023-05-09 21:05:44,au2402,au2402,455.5,0.0,0.0,0.0,1,455.34,455.54,1,455.62,455.84,455.84,455.5,6.0,2733900.0,2533
2023-05-09 21:05:45,au2402,au2402,455.5,0.0,0.0,0.0,1,455.34,455.54,1,455.62,455.84,455.84,455.5,6.0,2733900.0,2533
2023-05-09 21:05:45,au2402,au2402,455.5,0.0,0.0,0.0,1,455.34,455.54,1,455.62,455.84,455.84,455.5,6.0,2733900.0,2533
2023-05-09 21:05:46,au2402,au2402,455.5,0.0,0.0,0.0,2,455.34,455.54,1,455.62,455.84,455.84,455.5,6.0,2733900.0,2533
2023-05-09 21:05:46,au2402,au2402,455.5,0.0,0.0,0.0,4,455.34,455.54,1,455.62,455.84,455.84,455.5,6.0,2733900.0,2533
2023-05-09 21:05:47,au2402,au2402,455.5,0.0,0.0,0.0,2,455.34,455.54,1,455.62,455.84,455.84,455.5,6.0,2733900.0,2533
2023-05-09 21:05:48,au2402,au2402,455.5,0.0,0.0,0.0,2,455.34,455.54,1,455.62,455.84,455.84,455.5,6.0,2733900.0,2533
2023-05-09 21:05:48,au2402,au2402,455.5,0.0,0.0,0.0,1,455.34,455.54,1,455.62,455.84,455.84,455.5,6.0,2733900.0,2533
2023-05-09 21:05:49,au2402,au2402,455.5,0.0,0.0,0.0,1,455.28,455.54,1,455.62,455.84,455.84,455.5,6.0,2733900.0,2533
2023-05-09 21:05:49,au2402,au2402,455.5,0.0,0.0,0.0,1,455.3,455.54,1,455.62,455.84,455.84,455.5,6.0,2733900.0,2533
2023-05-09 21:05:50,au2402,au2402,455.5,0.0,0.0,0.0,1,455.3,455.58,1,455.62,455.84,455.84,455.5,6.0,2733900.0,2533
2023-05-09 21:05:50,au2402,au2402,455.5,0.0,0.0,0.0,4,455.32,455.58,1,455.62,455.84,455.84,455.5,6.0,2733900.0,2533
2023-05-09 21:05:51,au2402,au2402,455.5,0.0,0.0,0.0,4,455.32,455.58,1,455.62,455.84,455.84,455.5,6.0,2733900.0,2533
2023-05-09 21:05:52,au2402,au2402,455.5,0.0,0.0,0.0,1,455.34,455.58,1,455.62,455.84,455.84,455.5,6.0,2733900.0,2533
2023-05-09 21:05:52,au2402,au2402,455.5,0.0,0.0,0.0,1,455.34,455.56,1,455.62,455.84,455.84,455.5,6.0,2733900.0,2533
2023-05-09 21:05:53,au2402,au2402,455.5,0.0,0.0,0.0,1,455.34,455.58,1,455.62,455.84,455.84,455.5,6.0,2733900.0,2533
2023-05-09 21:05:53,au2402,au2402,455.5,0.0,0.0,0.0,1,455.36,455.58,1,455.62,455.84,455.84,455.5,6.0,2733900.0,2533
2023-05-09 21:05:55,au2402,au2402,455.5,0.0,0.0,0.0,1,455.36,455.58,1,455.62,455.84,455.84,455.5,6.0,2733900.0,2533
2023-05-09 21:05:55,au2402,au2402,455.5,0.0,0.0,0.0,2,455.36,455.58,1,455.62,455.84,455.84,455.5,6.0,2733900.0,2533
2023-05-09 21:05:56,au2402,au2402,455.5,0.0,0.0,0.0,2,455.36,455.7,1,455.62,455.84,455.84,455.5,6.0,2733900.0,2533
2023-05-09 21:05:56,au2402,au2402,455.5,0.0,0.0,0.0,3,455.38,455.66,1,455.62,455.84,455.84,455.5,6.0,2733900.0,2533
2023-05-09 21:05:57,au2402,au2402,455.5,0.0,0.0,0.0,3,455.4,455.66,1,455.62,455.84,455.84,455.5,6.0,2733900.0,2533
2023-05-09 21:05:57,au2402,au2402,455.5,0.0,0.0,0.0,1,455.44,456.0,1,455.62,455.84,455.84,455.5,6.0,2733900.0,2533
2023-05-09 21:05:58,au2402,au2402,455.5,0.0,0.0,0.0,1,455.64,455.74,1,455.62,455.84,455.84,455.5,6.0,2733900.0,2533
2023-05-09 21:05:58,au2402,au2402,455.64,1.0,455640.0,-1.0,3,455.46,455.74,1,455.62,455.84,455.84,455.5,7.0,3189540.0,2532
2023-05-09 21:05:59,au2402,au2402,455.64,0.0,0.0,0.0,1,455.66,455.74,3,455.62,455.84,455.84,455.5,7.0,3189540.0,2532
2023-05-09 21:05:59,au2402,au2402,455.66,1.0,455660.0,0.0,2,455.46,455.74,1,455.62,455.84,455.84,455.5,8.0,3645200.0,2532
2023-05-09 21:06:00,au2402,au2402,455.66,0.0,0.0,0.0,1,455.48,455.74,2,455.62,455.84,455.84,455.5,8.0,3645200.0,2532
2023-05-09 21:06:00,au2402,au2402,455.66,0.0,0.0,0.0,3,455.48,455.7,1,455.62,455.84,455.84,455.5,8.0,3645200.0,2532
2023-05-09 21:06:01,au2402,au2402,455.66,0.0,0.0,0.0,3,455.48,455.7,1,455.62,455.84,455.84,455.5,8.0,3645200.0,2532
2023-05-09 21:06:02,au2402,au2402,455.66,0.0,0.0,0.0,2,455.5,455.7,1,455.62,455.84,455.84,455.5,8.0,3645200.0,2532
2023-05-09 21:06:02,au2402,au2402,455.66,0.0,0.0,0.0,1,455.5,455.7,1,455.62,455.84,455.84,455.5,8.0,3645200.0,2532
2023-05-09 21:06:03,au2402,au2402,455.66,0.0,0.0,0.0,1,455.5,455.7,1,455.62,455.84,455.84,455.5,8.0,3645200.0,2532
2023-05-09 21:06:04,au2402,au2402,455.66,0.0,0.0,0.0,1,455.5,455.9,1,455.62,455.84,455.84,455.5,8.0,3645200.0,2532
2023-05-09 21:06:04,au2402,au2402,455.66,0.0,0.0,0.0,1,455.52,455.72,1,455.62,455.84,455.84,455.5,8.0,3645200.0,2532
2023-05-09 21:06:05,au2402,au2402,455.66,0.0,0.0,0.0,1,455.52,455.72,1,455.62,455.84,455.84,455.5,8.0,3645200.0,2532
2023-05-09 21:06:09,au2402,au2402,455.66,0.0,0.0,0.0,1,455.5,455.72,1,455.62,455.84,455.84,455.5,8.0,3645200.0,2532
2023-05-09 21:06:10,au2402,au2402,455.66,0.0,0.0,0.0,1,455.5,455.86,4,455.62,455.84,455.84,455.5,8.0,3645200.0,2532
2023-05-09 21:06:10,au2402,au2402,455.66,0.0,0.0,0.0,1,455.5,455.66,1,455.62,455.84,455.84,455.5,8.0,3645200.0,2532
2023-05-09 21:06:11,au2402,au2402,455.66,0.0,0.0,0.0,1,455.5,455.82,4,455.62,455.84,455.84,455.5,8.0,3645200.0,2532
2023-05-09 21:06:11,au2402,au2402,455.66,0.0,0.0,0.0,2,455.5,455.72,1,455.62,455.84,455.84,455.5,8.0,3645200.0,2532
2023-05-09 21:06:12,au2402,au2402,455.66,0.0,0.0,0.0,1,455.5,455.72,1,455.62,455.84,455.84,455.5,8.0,3645200.0,2532
2023-05-09 21:06:13,au2402,au2402,455.66,0.0,0.0,0.0,1,455.42,455.7,1,455.62,455.84,455.84,455.5,8.0,3645200.0,2532
2023-05-09 21:06:14,au2402,au2402,455.66,0.0,0.0,0.0,5,455.44,455.68,1,455.62,455.84,455.84,455.5,8.0,3645200.0,2532
2023-05-09 21:06:14,au2402,au2402,455.66,0.0,0.0,0.0,6,455.44,455.68,1,455.62,455.84,455.84,455.5,8.0,3645200.0,2532
2023-05-09 21:06:15,au2402,au2402,455.66,0.0,0.0,0.0,6,455.44,455.68,1,455.62,455.84,455.84,455.5,8.0,3645200.0,2532
2023-05-09 21:06:15,au2402,au2402,455.66,0.0,0.0,0.0,3,455.44,455.68,1,455.62,455.84,455.84,455.5,8.0,3645200.0,2532
2023-05-09 21:06:16,au2402,au2402,455.66,0.0,0.0,0.0,1,455.44,455.66,1,455.62,455.84,455.84,455.5,8.0,3645200.0,2532
2023-05-09 21:06:16,au2402,au2402,455.66,0.0,0.0,0.0,2,455.46,455.66,1,455.62,455.84,455.84,455.5,8.0,3645200.0,2532
2023-05-09 21:06:17,au2402,au2402,455.66,0.0,0.0,0.0,1,455.46,455.64,1,455.62,455.84,455.84,455.5,8.0,3645200.0,2532
2023-05-09 21:06:17,au2402,au2402,455.66,0.0,0.0,0.0,1,455.46,455.64,1,455.62,455.84,455.84,455.5,8.0,3645200.0,2532
2023-05-09 21:06:18,au2402,au2402,455.66,0.0,0.0,0.0,3,455.46,455.64,1,455.62,455.84,455.84,455.5,8.0,3645200.0,2532
2023-05-09 21:06:19,au2402,au2402,455.66,0.0,0.0,0.0,1,455.46,455.64,1,455.62,455.84,455.84,455.5,8.0,3645200.0,2532
2023-05-09 21:06:22,au2402,au2402,455.66,0.0,0.0,0.0,1,455.36,455.64,1,455.62,455.84,455.84,455.5,8.0,3645200.0,2532
2023-05-09 21:06:23,au2402,au2402,455.66,0.0,0.0,0.0,3,455.4,455.64,1,455.62,455.84,455.84,455.5,8.0,3645200.0,2532
2023-05-09 21:06:24,au2402,au2402,455.66,0.0,0.0,0.0,1,455.42,455.64,1,455.62,455.84,455.84,455.5,8.0,3645200.0,2532
2023-05-09 21:06:25,au2402,au2402,455.66,0.0,0.0,0.0,1,455.42,455.64,1,455.62,455.84,455.84,455.5,8.0,3645200.0,2532
2023-05-09 21:06:26,au2402,au2402,455.66,0.0,0.0,0.0,1,455.42,455.62,1,455.62,455.84,455.84,455.5,8.0,3645200.0,2532
2023-05-09 21:06:27,au2402,au2402,455.66,0.0,0.0,0.0,2,455.36,455.64,1,455.62,455.84,455.84,455.5,8.0,3645200.0,2532
2023-05-09 21:06:27,au2402,au2402,455.66,0.0,0.0,0.0,5,455.38,455.64,1,455.62,455.84,455.84,455.5,8.0,3645200.0,2532
2023-05-09 21:06:32,au2402,au2402,455.66,0.0,0.0,0.0,1,455.4,455.64,1,455.62,455.84,455.84,455.5,8.0,3645200.0,2532
2023-05-09 21:06:32,au2402,au2402,455.66,0.0,0.0,0.0,3,455.38,455.64,1,455.62,455.84,455.84,455.5,8.0,3645200.0,2532
2023-05-09 21:06:33,au2402,au2402,455.66,0.0,0.0,0.0,2,455.38,455.68,1,455.62,455.84,455.84,455.5,8.0,3645200.0,2532
2023-05-09 21:06:34,au2402,au2402,455.66,0.0,0.0,0.0,2,455.38,455.6,1,455.62,455.84,455.84,455.5,8.0,3645200.0,2532
2023-05-09 21:06:34,au2402,au2402,455.66,0.0,0.0,0.0,2,455.38,455.6,1,455.62,455.84,455.84,455.5,8.0,3645200.0,2532
2023-05-09 21:06:35,au2402,au2402,455.66,0.0,0.0,0.0,2,455.4,455.6,1,455.62,455.84,455.84,455.5,8.0,3645200.0,2532
2023-05-09 21:06:36,au2402,au2402,455.66,0.0,0.0,0.0,2,455.4,455.68,1,455.62,455.84,455.84,455.5,8.0,3645200.0,2532
2023-05-09 21:06:36,au2402,au2402,455.66,0.0,0.0,0.0,1,455.44,455.68,1,455.62,455.84,455.84,455.5,8.0,3645200.0,2532
2023-05-09 21:06:37,au2402,au2402,455.66,0.0,0.0,0.0,1,455.44,455.68,1,455.62,455.84,455.84,455.5,8.0,3645200.0,2532
2023-05-09 21:06:38,au2402,au2402,455.66,0.0,0.0,0.0,2,455.44,455.68,1,455.62,455.84,455.84,455.5,8.0,3645200.0,2532
2023-05-09 21:06:38,au2402,au2402,455.66,0.0,0.0,0.0,2,455.46,455.66,1,455.62,455.84,455.84,455.5,8.0,3645200.0,2532
2023-05-09 21:06:39,au2402,au2402,455.66,0.0,0.0,0.0,2,455.46,455.68,1,455.62,455.84,455.84,455.5,8.0,3645200.0,2532
2023-05-09 21:06:40,au2402,au2402,455.66,0.0,0.0,0.0,2,455.46,455.86,3,455.62,455.84,455.84,455.5,8.0,3645200.0,2532
2023-05-09 21:06:41,au2402,au2402,455.66,0.0,0.0,0.0,1,455.48,455.72,1,455.62,455.84,455.84,455.5,8.0,3645200.0,2532
2023-05-09 21:06:41,au2402,au2402,455.66,0.0,0.0,0.0,2,455.48,455.72,1,455.62,455.84,455.84,455.5,8.0,3645200.0,2532
2023-05-09 21:06:42,au2402,au2402,455.66,0.0,0.0,0.0,1,455.5,455.72,1,455.62,455.84,455.84,455.5,8.0,3645200.0,2532
2023-05-09 21:06:42,au2402,au2402,455.66,0.0,0.0,0.0,1,455.5,455.7,1,455.62,455.84,455.84,455.5,8.0,3645200.0,2532
2023-05-09 21:06:43,au2402,au2402,455.66,0.0,0.0,0.0,1,455.48,455.7,1,455.62,455.84,455.84,455.5,8.0,3645200.0,2532
2023-05-09 21:06:45,au2402,au2402,455.66,0.0,0.0,0.0,1,455.48,455.72,1,455.62,455.84,455.84,455.5,8.0,3645200.0,2532
2023-05-09 21:06:48,au2402,au2402,455.66,0.0,0.0,0.0,1,455.44,455.72,1,455.62,455.84,455.84,455.5,8.0,3645200.0,2532
2023-05-09 21:06:48,au2402,au2402,455.66,0.0,0.0,0.0,2,455.44,455.84,11,455.62,455.84,455.84,455.5,8.0,3645200.0,2532
2023-05-09 21:06:49,au2402,au2402,455.66,0.0,0.0,0.0,2,455.44,455.68,1,455.62,455.84,455.84,455.5,8.0,3645200.0,2532
2023-05-09 21:06:49,au2402,au2402,455.66,0.0,0.0,0.0,2,455.44,455.68,1,455.62,455.84,455.84,455.5,8.0,3645200.0,2532
2023-05-09 21:06:50,au2402,au2402,455.66,0.0,0.0,0.0,1,455.48,455.8,6,455.62,455.84,455.84,455.5,8.0,3645200.0,2532
2023-05-09 21:06:50,au2402,au2402,455.66,0.0,0.0,0.0,1,455.5,455.72,1,455.62,455.84,455.84,455.5,8.0,3645200.0,2532
2023-05-09 21:06:51,au2402,au2402,455.66,0.0,0.0,0.0,2,455.48,455.72,1,455.62,455.84,455.84,455.5,8.0,3645200.0,2532
2023-05-09 21:06:51,au2402,au2402,455.66,0.0,0.0,0.0,1,455.48,455.72,1,455.62,455.84,455.84,455.5,8.0,3645200.0,2532
2023-05-09 21:06:52,au2402,au2402,455.66,0.0,0.0,0.0,1,455.48,455.72,2,455.62,455.84,455.84,455.5,8.0,3645200.0,2532
2023-05-09 21:06:52,au2402,au2402,455.66,0.0,0.0,0.0,1,455.48,455.72,2,455.62,455.84,455.84,455.5,8.0,3645200.0,2532
2023-05-09 21:06:53,au2402,au2402,455.66,0.0,0.0,0.0,3,455.48,455.72,1,455.62,455.84,455.84,455.5,8.0,3645200.0,2532
2023-05-09 21:06:54,au2402,au2402,455.66,0.0,0.0,0.0,2,455.48,455.78,1,455.62,455.84,455.84,455.5,8.0,3645200.0,2532
2023-05-09 21:06:54,au2402,au2402,455.66,0.0,0.0,0.0,1,455.52,455.76,1,455.62,455.84,455.84,455.5,8.0,3645200.0,2532
2023-05-09 21:06:55,au2402,au2402,455.66,0.0,0.0,0.0,1,455.52,455.76,1,455.62,455.84,455.84,455.5,8.0,3645200.0,2532
2023-05-09 21:06:55,au2402,au2402,455.66,0.0,0.0,0.0,1,455.52,455.76,1,455.62,455.84,455.84,455.5,8.0,3645200.0,2532
2023-05-09 21:06:56,au2402,au2402,455.66,0.0,0.0,0.0,1,455.54,455.76,1,455.62,455.84,455.84,455.5,8.0,3645200.0,2532
2023-05-09 21:06:56,au2402,au2402,455.54,1.0,455540.0,1.0,1,455.52,455.74,1,455.62,455.84,455.84,455.5,9.0,4100740.0,2533
2023-05-09 21:06:57,au2402,au2402,455.54,0.0,0.0,0.0,1,455.52,455.74,1,455.62,455.84,455.84,455.5,9.0,4100740.0,2533
2023-05-09 21:06:58,au2402,au2402,455.54,0.0,0.0,0.0,1,455.56,455.74,1,455.62,455.84,455.84,455.5,9.0,4100740.0,2533
2023-05-09 21:07:00,au2402,au2402,455.54,0.0,0.0,0.0,1,455.56,455.74,1,455.62,455.84,455.84,455.5,9.0,4100740.0,2533
2023-05-09 21:07:01,au2402,au2402,455.54,0.0,0.0,0.0,1,455.5,455.74,1,455.62,455.84,455.84,455.5,9.0,4100740.0,2533
2023-05-09 21:07:01,au2402,au2402,455.54,0.0,0.0,0.0,1,455.54,455.74,1,455.62,455.84,455.84,455.5,9.0,4100740.0,2533
2023-05-09 21:07:02,au2402,au2402,455.54,0.0,0.0,0.0,1,455.54,455.74,1,455.62,455.84,455.84,455.5,9.0,4100740.0,2533
2023-05-09 21:07:02,au2402,au2402,455.54,0.0,0.0,0.0,1,455.5,455.74,2,455.62,455.84,455.84,455.5,9.0,4100740.0,2533
2023-05-09 21:07:03,au2402,au2402,455.54,0.0,0.0,0.0,1,455.5,455.72,1,455.62,455.84,455.84,455.5,9.0,4100740.0,2533
2023-05-09 21:07:03,au2402,au2402,455.54,0.0,0.0,0.0,1,455.12,455.72,3,455.62,455.84,455.84,455.5,9.0,4100740.0,2533
2023-05-09 21:07:04,au2402,au2402,455.54,0.0,0.0,0.0,1,455.46,455.7,1,455.62,455.84,455.84,455.5,9.0,4100740.0,2533
2023-05-09 21:07:04,au2402,au2402,455.54,0.0,0.0,0.0,2,455.46,455.7,1,455.62,455.84,455.84,455.5,9.0,4100740.0,2533
2023-05-09 21:07:05,au2402,au2402,455.54,0.0,0.0,0.0,2,455.46,455.7,1,455.62,455.84,455.84,455.5,9.0,4100740.0,2533
2023-05-09 21:07:05,au2402,au2402,455.54,0.0,0.0,0.0,3,455.46,455.68,1,455.62,455.84,455.84,455.5,9.0,4100740.0,2533
2023-05-09 21:07:06,au2402,au2402,455.68,1.0,455680.0,1.0,1,455.52,455.72,1,455.62,455.84,455.84,455.5,10.0,4556420.0,2534
2023-05-09 21:07:06,au2402,au2402,455.68,0.0,0.0,0.0,1,455.52,455.72,1,455.62,455.84,455.84,455.5,10.0,4556420.0,2534
2023-05-09 21:07:07,au2402,au2402,455.68,0.0,0.0,0.0,1,455.54,455.8,1,455.62,455.84,455.84,455.5,10.0,4556420.0,2534
2023-05-09 21:07:07,au2402,au2402,455.68,0.0,0.0,0.0,3,455.54,455.76,1,455.62,455.84,455.84,455.5,10.0,4556420.0,2534
2023-05-09 21:07:08,au2402,au2402,455.68,0.0,0.0,0.0,1,455.64,455.76,2,455.62,455.84,455.84,455.5,10.0,4556420.0,2534
2023-05-09 21:07:08,au2402,au2402,455.64,1.0,455640.0,-1.0,2,455.54,455.76,2,455.62,455.84,455.84,455.5,11.0,5012060.0,2533
2023-05-09 21:07:09,au2402,au2402,455.64,0.0,0.0,0.0,1,455.54,455.74,1,455.62,455.84,455.84,455.5,11.0,5012060.0,2533
2023-05-09 21:07:10,au2402,au2402,455.64,0.0,0.0,0.0,2,455.52,455.74,3,455.62,455.84,455.84,455.5,11.0,5012060.0,2533
2023-05-09 21:07:12,au2402,au2402,455.64,0.0,0.0,0.0,2,455.52,455.72,1,455.62,455.84,455.84,455.5,11.0,5012060.0,2533
2023-05-09 21:07:13,au2402,au2402,455.64,0.0,0.0,0.0,2,455.52,455.72,1,455.62,455.84,455.84,455.5,11.0,5012060.0,2533
2023-05-09 21:07:13,au2402,au2402,455.64,0.0,0.0,0.0,2,455.52,455.72,1,455.62,455.84,455.84,455.5,11.0,5012060.0,2533
2023-05-09 21:07:14,au2402,au2402,455.64,0.0,0.0,0.0,2,455.52,455.7,1,455.62,455.84,455.84,455.5,11.0,5012060.0,2533
2023-05-09 21:07:15,au2402,au2402,455.64,0.0,0.0,0.0,2,455.52,455.7,1,455.62,455.84,455.84,455.5,11.0,5012060.0,2533
2023-05-09 21:07:16,au2402,au2402,455.64,0.0,0.0,0.0,2,455.52,455.74,1,455.62,455.84,455.84,455.5,11.0,5012060.0,2533
2023-05-09 21:07:17,au2402,au2402,455.64,0.0,0.0,0.0,2,455.14,455.72,1,455.62,455.84,455.84,455.5,11.0,5012060.0,2533
2023-05-09 21:07:17,au2402,au2402,455.64,0.0,0.0,0.0,2,455.42,455.66,1,455.62,455.84,455.84,455.5,11.0,5012060.0,2533
2023-05-09 21:07:18,au2402,au2402,455.64,0.0,0.0,0.0,2,455.44,455.66,1,455.62,455.84,455.84,455.5,11.0,5012060.0,2533
2023-05-09 21:07:18,au2402,au2402,455.64,0.0,0.0,0.0,1,455.44,455.66,1,455.62,455.84,455.84,455.5,11.0,5012060.0,2533
2023-05-09 21:07:19,au2402,au2402,455.64,0.0,0.0,0.0,1,455.44,455.62,2,455.62,455.84,455.84,455.5,11.0,5012060.0,2533
2023-05-09 21:07:19,au2402,au2402,455.64,0.0,0.0,0.0,1,455.44,455.62,2,455.62,455.84,455.84,455.5,11.0,5012060.0,2533
2023-05-09 21:07:20,au2402,au2402,455.62,2.0,911240.0,1.0,1,455.46,455.68,1,455.62,455.84,455.84,455.5,13.0,5923300.0,2534
2023-05-09 21:07:20,au2402,au2402,455.62,0.0,0.0,0.0,1,455.46,455.68,1,455.62,455.84,455.84,455.5,13.0,5923300.0,2534
2023-05-09 21:07:21,au2402,au2402,455.62,0.0,0.0,0.0,2,455.6,455.68,2,455.62,455.84,455.84,455.5,13.0,5923300.0,2534
2023-05-09 21:07:21,au2402,au2402,455.6,2.0,911200.0,-1.0,1,455.42,455.66,2,455.62,455.84,455.84,455.5,15.0,6834500.0,2533
2023-05-09 21:07:22,au2402,au2402,455.6,0.0,0.0,0.0,1,455.44,455.66,3,455.62,455.84,455.84,455.5,15.0,6834500.0,2533
2023-05-09 21:07:22,au2402,au2402,455.6,0.0,0.0,0.0,1,455.44,455.64,3,455.62,455.84,455.84,455.5,15.0,6834500.0,2533
2023-05-09 21:07:23,au2402,au2402,455.6,0.0,0.0,0.0,1,455.44,455.64,4,455.62,455.84,455.84,455.5,15.0,6834500.0,2533
2023-05-09 21:07:23,au2402,au2402,455.6,0.0,0.0,0.0,1,455.44,455.64,3,455.62,455.84,455.84,455.5,15.0,6834500.0,2533
2023-05-09 21:07:24,au2402,au2402,455.6,0.0,0.0,0.0,1,455.44,455.64,4,455.62,455.84,455.84,455.5,15.0,6834500.0,2533
2023-05-09 21:07:24,au2402,au2402,455.6,0.0,0.0,0.0,1,455.44,455.64,3,455.62,455.84,455.84,455.5,15.0,6834500.0,2533
2023-05-09 21:07:25,au2402,au2402,455.6,0.0,0.0,0.0,1,455.44,455.64,3,455.62,455.84,455.84,455.5,15.0,6834500.0,2533
2023-05-09 21:07:26,au2402,au2402,455.6,0.0,0.0,0.0,1,455.44,455.64,3,455.62,455.84,455.84,455.5,15.0,6834500.0,2533
2023-05-09 21:07:26,au2402,au2402,455.6,0.0,0.0,0.0,1,455.44,455.62,2,455.62,455.84,455.84,455.5,15.0,6834500.0,2533
2023-05-09 21:07:27,au2402,au2402,455.6,0.0,0.0,0.0,1,455.44,455.62,2,455.62,455.84,455.84,455.5,15.0,6834500.0,2533
2023-05-09 21:07:27,au2402,au2402,455.6,0.0,0.0,0.0,1,455.46,455.62,2,455.62,455.84,455.84,455.5,15.0,6834500.0,2533
2023-05-09 21:07:28,au2402,au2402,455.6,0.0,0.0,0.0,1,455.42,455.62,2,455.62,455.84,455.84,455.5,15.0,6834500.0,2533
2023-05-09 21:07:29,au2402,au2402,455.6,0.0,0.0,0.0,1,455.44,455.62,2,455.62,455.84,455.84,455.5,15.0,6834500.0,2533
2023-05-09 21:07:30,au2402,au2402,455.6,0.0,0.0,0.0,1,455.44,455.66,2,455.62,455.84,455.84,455.5,15.0,6834500.0,2533
2023-05-09 21:07:30,au2402,au2402,455.6,0.0,0.0,0.0,1,455.44,455.66,3,455.62,455.84,455.84,455.5,15.0,6834500.0,2533
2023-05-09 21:07:31,au2402,au2402,455.6,0.0,0.0,0.0,1,455.44,455.66,3,455.62,455.84,455.84,455.5,15.0,6834500.0,2533
2023-05-09 21:07:31,au2402,au2402,455.6,0.0,0.0,0.0,1,455.44,455.64,1,455.62,455.84,455.84,455.5,15.0,6834500.0,2533
2023-05-09 21:07:32,au2402,au2402,455.6,0.0,0.0,0.0,1,455.44,455.64,1,455.62,455.84,455.84,455.5,15.0,6834500.0,2533
2023-05-09 21:07:32,au2402,au2402,455.6,0.0,0.0,0.0,1,455.44,455.66,3,455.62,455.84,455.84,455.5,15.0,6834500.0,2533
2023-05-09 21:07:33,au2402,au2402,455.6,0.0,0.0,0.0,1,455.44,455.64,1,455.62,455.84,455.84,455.5,15.0,6834500.0,2533
2023-05-09 21:07:34,au2402,au2402,455.6,0.0,0.0,0.0,1,455.44,455.62,2,455.62,455.84,455.84,455.5,15.0,6834500.0,2533
2023-05-09 21:07:36,au2402,au2402,455.6,0.0,0.0,0.0,1,455.44,455.62,2,455.62,455.84,455.84,455.5,15.0,6834500.0,2533
2023-05-09 21:07:38,au2402,au2402,455.62,1.0,455620.0,1.0,2,455.44,455.62,1,455.62,455.84,455.84,455.5,16.0,7290120.0,2534
2023-05-09 21:07:39,au2402,au2402,455.62,0.0,0.0,0.0,1,455.46,455.68,1,455.62,455.84,455.84,455.5,16.0,7290120.0,2534
2023-05-09 21:07:39,au2402,au2402,455.62,0.0,0.0,0.0,1,455.46,455.68,2,455.62,455.84,455.84,455.5,16.0,7290120.0,2534
2023-05-09 21:07:41,au2402,au2402,455.62,0.0,0.0,0.0,1,455.46,455.68,3,455.62,455.84,455.84,455.5,16.0,7290120.0,2534
2023-05-09 21:07:42,au2402,au2402,455.62,0.0,0.0,0.0,1,455.44,455.68,3,455.62,455.84,455.84,455.5,16.0,7290120.0,2534
2023-05-09 21:07:43,au2402,au2402,455.62,0.0,0.0,0.0,1,455.58,455.66,2,455.62,455.84,455.84,455.5,16.0,7290120.0,2534
2023-05-09 21:07:43,au2402,au2402,455.58,1.0,455580.0,0.0,1,455.44,455.58,2,455.62,455.84,455.84,455.5,17.0,7745700.0,2534
2023-05-09 21:07:44,au2402,au2402,455.58,0.0,0.0,0.0,1,455.44,455.58,1,455.62,455.84,455.84,455.5,17.0,7745700.0,2534
2023-05-09 21:07:44,au2402,au2402,455.58,0.0,0.0,0.0,1,455.44,455.58,1,455.62,455.84,455.84,455.5,17.0,7745700.0,2534
2023-05-09 21:07:45,au2402,au2402,455.58,0.0,0.0,0.0,1,455.44,455.62,2,455.62,455.84,455.84,455.5,17.0,7745700.0,2534
2023-05-09 21:07:45,au2402,au2402,455.58,0.0,0.0,0.0,1,455.44,455.62,3,455.62,455.84,455.84,455.5,17.0,7745700.0,2534
2023-05-09 21:07:46,au2402,au2402,455.58,0.0,0.0,0.0,1,455.44,455.6,1,455.62,455.84,455.84,455.5,17.0,7745700.0,2534
2023-05-09 21:07:47,au2402,au2402,455.58,0.0,0.0,0.0,1,455.44,455.6,1,455.62,455.84,455.84,455.5,17.0,7745700.0,2534
2023-05-09 21:07:48,au2402,au2402,455.58,0.0,0.0,0.0,1,455.44,455.6,1,455.62,455.84,455.84,455.5,17.0,7745700.0,2534
2023-05-09 21:07:49,au2402,au2402,455.58,0.0,0.0,0.0,1,455.44,455.64,1,455.62,455.84,455.84,455.5,17.0,7745700.0,2534
2023-05-09 21:07:49,au2402,au2402,455.58,0.0,0.0,0.0,1,455.44,455.62,1,455.62,455.84,455.84,455.5,17.0,7745700.0,2534
2023-05-09 21:07:50,au2402,au2402,455.58,0.0,0.0,0.0,1,455.44,455.62,3,455.62,455.84,455.84,455.5,17.0,7745700.0,2534
2023-05-09 21:07:51,au2402,au2402,455.58,0.0,0.0,0.0,1,455.44,455.62,2,455.62,455.84,455.84,455.5,17.0,7745700.0,2534
2023-05-09 21:07:52,au2402,au2402,455.58,0.0,0.0,0.0,1,455.44,455.62,3,455.62,455.84,455.84,455.5,17.0,7745700.0,2534
2023-05-09 21:07:53,au2402,au2402,455.58,0.0,0.0,0.0,1,455.44,455.6,1,455.62,455.84,455.84,455.5,17.0,7745700.0,2534
2023-05-09 21:07:54,au2402,au2402,455.58,0.0,0.0,0.0,3,455.44,455.6,1,455.62,455.84,455.84,455.5,17.0,7745700.0,2534
2023-05-09 21:07:54,au2402,au2402,455.58,0.0,0.0,0.0,3,455.44,455.62,2,455.62,455.84,455.84,455.5,17.0,7745700.0,2534
2023-05-09 21:07:55,au2402,au2402,455.58,0.0,0.0,0.0,3,455.44,455.64,2,455.62,455.84,455.84,455.5,17.0,7745700.0,2534
2023-05-09 21:07:56,au2402,au2402,455.58,0.0,0.0,0.0,1,455.44,455.62,1,455.62,455.84,455.84,455.5,17.0,7745700.0,2534
2023-05-09 21:07:56,au2402,au2402,455.58,0.0,0.0,0.0,1,455.44,455.64,3,455.62,455.84,455.84,455.5,17.0,7745700.0,2534
2023-05-09 21:07:57,au2402,au2402,455.58,0.0,0.0,0.0,1,455.44,455.62,1,455.62,455.84,455.84,455.5,17.0,7745700.0,2534
2023-05-09 21:07:59,au2402,au2402,455.58,0.0,0.0,0.0,3,455.44,455.62,1,455.62,455.84,455.84,455.5,17.0,7745700.0,2534
2023-05-09 21:08:00,au2402,au2402,455.58,0.0,0.0,0.0,4,455.44,455.64,2,455.62,455.84,455.84,455.5,17.0,7745700.0,2534
2023-05-09 21:08:00,au2402,au2402,455.58,0.0,0.0,0.0,3,455.44,455.64,2,455.62,455.84,455.84,455.5,17.0,7745700.0,2534
2023-05-09 21:08:01,au2402,au2402,455.58,0.0,0.0,0.0,2,455.44,455.64,2,455.62,455.84,455.84,455.5,17.0,7745700.0,2534
2023-05-09 21:08:02,au2402,au2402,455.58,0.0,0.0,0.0,2,455.44,455.64,3,455.62,455.84,455.84,455.5,17.0,7745700.0,2534
2023-05-09 21:08:03,au2402,au2402,455.58,0.0,0.0,0.0,2,455.44,455.62,1,455.62,455.84,455.84,455.5,17.0,7745700.0,2534
2023-05-09 21:08:04,au2402,au2402,455.58,0.0,0.0,0.0,1,455.46,455.62,1,455.62,455.84,455.84,455.5,17.0,7745700.0,2534
2023-05-09 21:08:04,au2402,au2402,455.58,0.0,0.0,0.0,2,455.44,455.62,1,455.62,455.84,455.84,455.5,17.0,7745700.0,2534
2023-05-09 21:08:06,au2402,au2402,455.58,0.0,0.0,0.0,2,455.44,455.64,2,455.62,455.84,455.84,455.5,17.0,7745700.0,2534
2023-05-09 21:08:07,au2402,au2402,455.58,0.0,0.0,0.0,1,455.46,455.68,1,455.62,455.84,455.84,455.5,17.0,7745700.0,2534
2023-05-09 21:08:08,au2402,au2402,455.58,0.0,0.0,0.0,1,455.48,455.86,1,455.62,455.84,455.84,455.5,17.0,7745700.0,2534
2023-05-09 21:08:08,au2402,au2402,455.58,0.0,0.0,0.0,2,455.48,455.72,1,455.62,455.84,455.84,455.5,17.0,7745700.0,2534
2023-05-09 21:08:09,au2402,au2402,455.58,0.0,0.0,0.0,2,455.48,455.72,1,455.62,455.84,455.84,455.5,17.0,7745700.0,2534
2023-05-09 21:08:09,au2402,au2402,455.58,0.0,0.0,0.0,2,455.48,455.7,2,455.62,455.84,455.84,455.5,17.0,7745700.0,2534
2023-05-09 21:08:10,au2402,au2402,455.58,0.0,0.0,0.0,2,455.5,455.7,2,455.62,455.84,455.84,455.5,17.0,7745700.0,2534
2023-05-09 21:08:11,au2402,au2402,455.58,0.0,0.0,0.0,2,455.5,455.7,2,455.62,455.84,455.84,455.5,17.0,7745700.0,2534
2023-05-09 21:08:12,au2402,au2402,455.58,0.0,0.0,0.0,2,455.5,455.7,1,455.62,455.84,455.84,455.5,17.0,7745700.0,2534
2023-05-09 21:08:14,au2402,au2402,455.58,0.0,0.0,0.0,2,455.5,455.7,2,455.62,455.84,455.84,455.5,17.0,7745700.0,2534
2023-05-09 21:08:15,au2402,au2402,455.58,0.0,0.0,0.0,2,455.5,455.7,1,455.62,455.84,455.84,455.5,17.0,7745700.0,2534
2023-05-09 21:08:15,au2402,au2402,455.58,0.0,0.0,0.0,2,455.5,455.68,1,455.62,455.84,455.84,455.5,17.0,7745700.0,2534
2023-05-09 21:08:16,au2402,au2402,455.58,0.0,0.0,0.0,2,455.5,455.68,2,455.62,455.84,455.84,455.5,17.0,7745700.0,2534
2023-05-09 21:08:17,au2402,au2402,455.58,0.0,0.0,0.0,2,455.5,455.7,1,455.62,455.84,455.84,455.5,17.0,7745700.0,2534
2023-05-09 21:08:17,au2402,au2402,455.58,0.0,0.0,0.0,1,455.52,455.74,1,455.62,455.84,455.84,455.5,17.0,7745700.0,2534
2023-05-09 21:08:18,au2402,au2402,455.58,0.0,0.0,0.0,1,455.52,455.74,2,455.62,455.84,455.84,455.5,17.0,7745700.0,2534
2023-05-09 21:08:19,au2402,au2402,455.58,0.0,0.0,0.0,1,455.52,455.84,5,455.62,455.84,455.84,455.5,17.0,7745700.0,2534
2023-05-09 21:08:19,au2402,au2402,455.58,0.0,0.0,0.0,2,455.54,455.76,1,455.62,455.84,455.84,455.5,17.0,7745700.0,2534
2023-05-09 21:08:20,au2402,au2402,455.58,0.0,0.0,0.0,2,455.54,455.76,1,455.62,455.84,455.84,455.5,17.0,7745700.0,2534
2023-05-09 21:08:20,au2402,au2402,455.58,0.0,0.0,0.0,2,455.54,455.74,1,455.62,455.84,455.84,455.5,17.0,7745700.0,2534
2023-05-09 21:08:21,au2402,au2402,455.58,0.0,0.0,0.0,2,455.54,455.74,2,455.62,455.84,455.84,455.5,17.0,7745700.0,2534
2023-05-09 21:08:22,au2402,au2402,455.58,0.0,0.0,0.0,2,455.5,455.72,1,455.62,455.84,455.84,455.5,17.0,7745700.0,2534
2023-05-09 21:08:23,au2402,au2402,455.58,0.0,0.0,0.0,1,455.52,455.74,1,455.62,455.84,455.84,455.5,17.0,7745700.0,2534
2023-05-09 21:08:23,au2402,au2402,455.58,0.0,0.0,0.0,1,455.52,455.76,1,455.62,455.84,455.84,455.5,17.0,7745700.0,2534
2023-05-09 21:08:24,au2402,au2402,455.58,0.0,0.0,0.0,1,455.52,455.76,2,455.62,455.84,455.84,455.5,17.0,7745700.0,2534
2023-05-09 21:08:24,au2402,au2402,455.58,0.0,0.0,0.0,1,455.54,455.74,1,455.62,455.84,455.84,455.5,17.0,7745700.0,2534
2023-05-09 21:08:25,au2402,au2402,455.58,0.0,0.0,0.0,3,455.54,455.74,1,455.62,455.84,455.84,455.5,17.0,7745700.0,2534
2023-05-09 21:08:26,au2402,au2402,455.58,0.0,0.0,0.0,1,455.54,455.74,1,455.62,455.84,455.84,455.5,17.0,7745700.0,2534
2023-05-09 21:08:28,au2402,au2402,455.58,0.0,0.0,0.0,1,455.52,455.72,1,455.62,455.84,455.84,455.5,17.0,7745700.0,2534
2023-05-09 21:08:28,au2402,au2402,455.58,0.0,0.0,0.0,1,455.52,455.72,1,455.62,455.84,455.84,455.5,17.0,7745700.0,2534
2023-05-09 21:08:29,au2402,au2402,455.58,0.0,0.0,0.0,1,455.52,455.76,1,455.62,455.84,455.84,455.5,17.0,7745700.0,2534
2023-05-09 21:08:30,au2402,au2402,455.58,0.0,0.0,0.0,1,455.52,455.72,1,455.62,455.84,455.84,455.5,17.0,7745700.0,2534
2023-05-09 21:08:30,au2402,au2402,455.58,0.0,0.0,0.0,1,455.52,455.76,1,455.62,455.84,455.84,455.5,17.0,7745700.0,2534
2023-05-09 21:08:32,au2402,au2402,455.58,0.0,0.0,0.0,2,455.54,455.76,1,455.62,455.84,455.84,455.5,17.0,7745700.0,2534
2023-05-09 21:08:34,au2402,au2402,455.58,0.0,0.0,0.0,2,455.54,455.74,1,455.62,455.84,455.84,455.5,17.0,7745700.0,2534
2023-05-09 21:08:35,au2402,au2402,455.58,0.0,0.0,0.0,2,455.54,455.74,1,455.62,455.84,455.84,455.5,17.0,7745700.0,2534
2023-05-09 21:08:35,au2402,au2402,455.58,0.0,0.0,0.0,2,455.54,455.72,1,455.62,455.84,455.84,455.5,17.0,7745700.0,2534
2023-05-09 21:08:37,au2402,au2402,455.58,0.0,0.0,0.0,2,455.52,455.72,1,455.62,455.84,455.84,455.5,17.0,7745700.0,2534
2023-05-09 21:08:38,au2402,au2402,455.58,0.0,0.0,0.0,1,455.54,455.72,1,455.62,455.84,455.84,455.5,17.0,7745700.0,2534
2023-05-09 21:08:39,au2402,au2402,455.58,0.0,0.0,0.0,1,455.54,455.72,1,455.62,455.84,455.84,455.5,17.0,7745700.0,2534
2023-05-09 21:08:41,au2402,au2402,455.58,0.0,0.0,0.0,1,455.54,455.78,1,455.62,455.84,455.84,455.5,17.0,7745700.0,2534
2023-05-09 21:08:41,au2402,au2402,455.58,0.0,0.0,0.0,2,455.56,455.76,1,455.62,455.84,455.84,455.5,17.0,7745700.0,2534
2023-05-09 21:08:43,au2402,au2402,455.58,0.0,0.0,0.0,2,455.56,455.76,1,455.62,455.84,455.84,455.5,17.0,7745700.0,2534
2023-05-09 21:08:47,au2402,au2402,455.58,0.0,0.0,0.0,2,455.56,455.78,2,455.62,455.84,455.84,455.5,17.0,7745700.0,2534
2023-05-09 21:08:48,au2402,au2402,455.58,0.0,0.0,0.0,2,455.56,455.78,3,455.62,455.84,455.84,455.5,17.0,7745700.0,2534
2023-05-09 21:08:48,au2402,au2402,455.58,0.0,0.0,0.0,3,455.56,455.78,3,455.62,455.84,455.84,455.5,17.0,7745700.0,2534
2023-05-09 21:08:49,au2402,au2402,455.58,0.0,0.0,0.0,3,455.56,455.84,8,455.62,455.84,455.84,455.5,17.0,7745700.0,2534
2023-05-09 21:08:49,au2402,au2402,455.58,0.0,0.0,0.0,1,455.58,455.82,3,455.62,455.84,455.84,455.5,17.0,7745700.0,2534
2023-05-09 21:08:50,au2402,au2402,455.58,0.0,0.0,0.0,1,455.58,455.82,1,455.62,455.84,455.84,455.5,17.0,7745700.0,2534
2023-05-09 21:08:54,au2402,au2402,455.58,0.0,0.0,0.0,1,455.56,455.8,1,455.62,455.84,455.84,455.5,17.0,7745700.0,2534
2023-05-09 21:08:54,au2402,au2402,455.58,0.0,0.0,0.0,1,455.56,455.78,1,455.62,455.84,455.84,455.5,17.0,7745700.0,2534
2023-05-09 21:08:55,au2402,au2402,455.58,0.0,0.0,0.0,1,455.56,455.78,1,455.62,455.84,455.84,455.5,17.0,7745700.0,2534
2023-05-09 21:08:55,au2402,au2402,455.58,0.0,0.0,0.0,2,455.56,455.78,1,455.62,455.84,455.84,455.5,17.0,7745700.0,2534
2023-05-09 21:08:57,au2402,au2402,455.58,0.0,0.0,0.0,2,455.56,455.78,1,455.62,455.84,455.84,455.5,17.0,7745700.0,2534
2023-05-09 21:08:59,au2402,au2402,455.58,0.0,0.0,0.0,2,455.56,455.78,1,455.62,455.84,455.84,455.5,17.0,7745700.0,2534
2023-05-09 21:08:59,au2402,au2402,455.58,0.0,0.0,0.0,2,455.58,455.78,1,455.62,455.84,455.84,455.5,17.0,7745700.0,2534
2023-05-09 21:09:00,au2402,au2402,455.58,0.0,0.0,0.0,2,455.58,455.76,1,455.62,455.84,455.84,455.5,17.0,7745700.0,2534
2023-05-09 21:09:03,au2402,au2402,455.58,0.0,0.0,0.0,2,455.58,455.78,1,455.62,455.84,455.84,455.5,17.0,7745700.0,2534
2023-05-09 21:09:08,au2402,au2402,455.58,0.0,0.0,0.0,2,455.58,455.78,2,455.62,455.84,455.84,455.5,17.0,7745700.0,2534
2023-05-09 21:09:10,au2402,au2402,455.58,0.0,0.0,0.0,2,455.58,455.84,1,455.62,455.84,455.84,455.5,17.0,7745700.0,2534
2023-05-09 21:09:11,au2402,au2402,455.58,0.0,0.0,0.0,2,455.58,455.82,1,455.62,455.84,455.84,455.5,17.0,7745700.0,2534
2023-05-09 21:09:11,au2402,au2402,455.58,0.0,0.0,0.0,2,455.58,455.82,9,455.62,455.84,455.84,455.5,17.0,7745700.0,2534
2023-05-09 21:09:12,au2402,au2402,455.58,0.0,0.0,0.0,2,455.58,455.82,9,455.62,455.84,455.84,455.5,17.0,7745700.0,2534
2023-05-09 21:09:13,au2402,au2402,455.58,0.0,0.0,0.0,2,455.58,455.82,1,455.62,455.84,455.84,455.5,17.0,7745700.0,2534
2023-05-09 21:09:14,au2402,au2402,455.58,0.0,0.0,0.0,2,455.58,455.8,1,455.62,455.84,455.84,455.5,17.0,7745700.0,2534
2023-05-09 21:09:15,au2402,au2402,455.58,0.0,0.0,0.0,1,455.6,455.8,1,455.62,455.84,455.84,455.5,17.0,7745700.0,2534
2023-05-09 21:09:16,au2402,au2402,455.58,0.0,0.0,0.0,1,455.6,455.8,2,455.62,455.84,455.84,455.5,17.0,7745700.0,2534
2023-05-09 21:09:17,au2402,au2402,455.58,0.0,0.0,0.0,1,455.6,455.8,1,455.62,455.84,455.84,455.5,17.0,7745700.0,2534
2023-05-09 21:09:19,au2402,au2402,455.58,0.0,0.0,0.0,2,455.62,455.8,1,455.62,455.84,455.84,455.5,17.0,7745700.0,2534
2023-05-09 21:09:21,au2402,au2402,455.58,0.0,0.0,0.0,2,455.62,455.8,1,455.62,455.84,455.84,455.5,17.0,7745700.0,2534
2023-05-09 21:09:22,au2402,au2402,455.58,0.0,0.0,0.0,2,455.62,455.84,1,455.62,455.84,455.84,455.5,17.0,7745700.0,2534
2023-05-09 21:09:22,au2402,au2402,455.58,0.0,0.0,0.0,2,455.62,455.82,1,455.62,455.84,455.84,455.5,17.0,7745700.0,2534
2023-05-09 21:09:24,au2402,au2402,455.58,0.0,0.0,0.0,2,455.62,455.82,1,455.62,455.84,455.84,455.5,17.0,7745700.0,2534
2023-05-09 21:09:30,au2402,au2402,455.58,0.0,0.0,0.0,2,455.62,455.82,2,455.62,455.84,455.84,455.5,17.0,7745700.0,2534
2023-05-09 21:09:31,au2402,au2402,455.58,0.0,0.0,0.0,2,455.62,455.82,1,455.62,455.84,455.84,455.5,17.0,7745700.0,2534
2023-05-09 21:09:33,au2402,au2402,455.58,0.0,0.0,0.0,1,455.6,455.82,1,455.62,455.84,455.84,455.5,17.0,7745700.0,2534
2023-05-09 21:09:33,au2402,au2402,455.58,0.0,0.0,0.0,1,455.64,455.82,1,455.62,455.84,455.84,455.5,17.0,7745700.0,2534
2023-05-09 21:09:34,au2402,au2402,455.58,0.0,0.0,0.0,1,455.64,455.82,1,455.62,455.84,455.84,455.5,17.0,7745700.0,2534
2023-05-09 21:09:34,au2402,au2402,455.58,0.0,0.0,0.0,1,455.64,455.86,1,455.62,455.84,455.84,455.5,17.0,7745700.0,2534
2023-05-09 21:09:35,au2402,au2402,455.58,0.0,0.0,0.0,1,455.64,455.88,1,455.62,455.84,455.84,455.5,17.0,7745700.0,2534
2023-05-09 21:09:35,au2402,au2402,455.58,0.0,0.0,0.0,1,455.64,455.88,2,455.62,455.84,455.84,455.5,17.0,7745700.0,2534
2023-05-09 21:09:36,au2402,au2402,455.58,0.0,0.0,0.0,1,455.64,455.86,1,455.62,455.84,455.84,455.5,17.0,7745700.0,2534
2023-05-09 21:09:37,au2402,au2402,455.58,0.0,0.0,0.0,1,455.28,455.86,1,455.62,455.84,455.84,455.5,17.0,7745700.0,2534
2023-05-09 21:09:38,au2402,au2402,455.58,0.0,0.0,0.0,2,455.56,455.84,1,455.62,455.84,455.84,455.5,17.0,7745700.0,2534
2023-05-09 21:09:38,au2402,au2402,455.58,0.0,0.0,0.0,1,455.58,455.84,7,455.62,455.84,455.84,455.5,17.0,7745700.0,2534
2023-05-09 21:09:39,au2402,au2402,455.58,0.0,0.0,0.0,2,455.56,455.82,1,455.62,455.84,455.84,455.5,17.0,7745700.0,2534
2023-05-09 21:09:39,au2402,au2402,455.58,0.0,0.0,0.0,1,455.58,455.82,1,455.62,455.84,455.84,455.5,17.0,7745700.0,2534
2023-05-09 21:09:40,au2402,au2402,455.58,0.0,0.0,0.0,1,455.58,455.8,1,455.62,455.84,455.84,455.5,17.0,7745700.0,2534
2023-05-09 21:09:40,au2402,au2402,455.58,0.0,0.0,0.0,2,455.56,455.8,2,455.62,455.84,455.84,455.5,17.0,7745700.0,2534
2023-05-09 21:09:41,au2402,au2402,455.58,0.0,0.0,0.0,2,455.56,455.78,1,455.62,455.84,455.84,455.5,17.0,7745700.0,2534
2023-05-09 21:09:41,au2402,au2402,455.58,0.0,0.0,0.0,2,455.56,455.78,2,455.62,455.84,455.84,455.5,17.0,7745700.0,2534
2023-05-09 21:09:42,au2402,au2402,455.58,0.0,0.0,0.0,2,455.56,455.76,1,455.62,455.84,455.84,455.5,17.0,7745700.0,2534
2023-05-09 21:09:43,au2402,au2402,455.58,0.0,0.0,0.0,2,455.56,455.76,1,455.62,455.84,455.84,455.5,17.0,7745700.0,2534
2023-05-09 21:09:43,au2402,au2402,455.58,0.0,0.0,0.0,2,455.56,455.76,2,455.62,455.84,455.84,455.5,17.0,7745700.0,2534
2023-05-09 21:09:44,au2402,au2402,455.58,0.0,0.0,0.0,2,455.52,455.76,2,455.62,455.84,455.84,455.5,17.0,7745700.0,2534
2023-05-09 21:09:44,au2402,au2402,455.58,0.0,0.0,0.0,1,455.54,455.76,2,455.62,455.84,455.84,455.5,17.0,7745700.0,2534
2023-05-09 21:09:45,au2402,au2402,455.58,0.0,0.0,0.0,1,455.54,455.76,2,455.62,455.84,455.84,455.5,17.0,7745700.0,2534
2023-05-09 21:09:45,au2402,au2402,455.58,0.0,0.0,0.0,1,455.52,455.76,3,455.62,455.84,455.84,455.5,17.0,7745700.0,2534
2023-05-09 21:09:46,au2402,au2402,455.58,0.0,0.0,0.0,2,455.52,455.76,3,455.62,455.84,455.84,455.5,17.0,7745700.0,2534
2023-05-09 21:09:47,au2402,au2402,455.58,0.0,0.0,0.0,2,455.52,455.76,2,455.62,455.84,455.84,455.5,17.0,7745700.0,2534
2023-05-09 21:09:47,au2402,au2402,455.58,0.0,0.0,0.0,2,455.52,455.76,2,455.62,455.84,455.84,455.5,17.0,7745700.0,2534
2023-05-09 21:09:48,au2402,au2402,455.58,0.0,0.0,0.0,2,455.54,455.76,2,455.62,455.84,455.84,455.5,17.0,7745700.0,2534
2023-05-09 21:09:48,au2402,au2402,455.58,0.0,0.0,0.0,2,455.54,455.76,3,455.62,455.84,455.84,455.5,17.0,7745700.0,2534
2023-05-09 21:09:50,au2402,au2402,455.58,0.0,0.0,0.0,2,455.54,455.76,2,455.62,455.84,455.84,455.5,17.0,7745700.0,2534
2023-05-09 21:09:53,au2402,au2402,455.58,0.0,0.0,0.0,2,455.54,455.76,2,455.62,455.84,455.84,455.5,17.0,7745700.0,2534
2023-05-09 21:09:54,au2402,au2402,455.58,0.0,0.0,0.0,1,455.5,455.74,1,455.62,455.84,455.84,455.5,17.0,7745700.0,2534
2023-05-09 21:09:54,au2402,au2402,455.58,0.0,0.0,0.0,2,455.5,455.72,1,455.62,455.84,455.84,455.5,17.0,7745700.0,2534
2023-05-09 21:09:55,au2402,au2402,455.58,0.0,0.0,0.0,2,455.5,455.72,2,455.62,455.84,455.84,455.5,17.0,7745700.0,2534
2023-05-09 21:09:55,au2402,au2402,455.58,0.0,0.0,0.0,2,455.5,455.72,2,455.62,455.84,455.84,455.5,17.0,7745700.0,2534
2023-05-09 21:09:56,au2402,au2402,455.58,0.0,0.0,0.0,2,455.5,455.7,1,455.62,455.84,455.84,455.5,17.0,7745700.0,2534
2023-05-09 21:09:57,au2402,au2402,455.58,0.0,0.0,0.0,2,455.5,455.72,2,455.62,455.84,455.84,455.5,17.0,7745700.0,2534
2023-05-09 21:09:57,au2402,au2402,455.58,0.0,0.0,0.0,1,455.52,455.72,2,455.62,455.84,455.84,455.5,17.0,7745700.0,2534
2023-05-09 21:09:58,au2402,au2402,455.58,0.0,0.0,0.0,1,455.52,455.7,2,455.62,455.84,455.84,455.5,17.0,7745700.0,2534
2023-05-09 21:09:58,au2402,au2402,455.58,0.0,0.0,0.0,1,455.52,455.7,2,455.62,455.84,455.84,455.5,17.0,7745700.0,2534
2023-05-09 21:09:59,au2402,au2402,455.58,0.0,0.0,0.0,1,455.44,455.7,2,455.62,455.84,455.84,455.5,17.0,7745700.0,2534
2023-05-09 21:09:59,au2402,au2402,455.58,0.0,0.0,0.0,1,455.46,455.7,2,455.62,455.84,455.84,455.5,17.0,7745700.0,2534
2023-05-09 21:10:00,au2402,au2402,455.58,0.0,0.0,0.0,1,455.46,455.7,2,455.62,455.84,455.84,455.5,17.0,7745700.0,2534
2023-05-09 21:10:00,au2402,au2402,455.58,0.0,0.0,0.0,1,455.46,455.7,4,455.62,455.84,455.84,455.5,17.0,7745700.0,2534
2023-05-09 21:10:01,au2402,au2402,455.58,0.0,0.0,0.0,1,455.48,455.68,1,455.62,455.84,455.84,455.5,17.0,7745700.0,2534
2023-05-09 21:10:02,au2402,au2402,455.58,0.0,0.0,0.0,1,455.46,455.68,1,455.62,455.84,455.84,455.5,17.0,7745700.0,2534
2023-05-09 21:10:04,au2402,au2402,455.58,0.0,0.0,0.0,1,455.46,455.66,1,455.62,455.84,455.84,455.5,17.0,7745700.0,2534
2023-05-09 21:10:05,au2402,au2402,455.58,0.0,0.0,0.0,1,455.46,455.66,1,455.62,455.84,455.84,455.5,17.0,7745700.0,2534
2023-05-09 21:10:05,au2402,au2402,455.58,0.0,0.0,0.0,1,455.46,455.66,2,455.62,455.84,455.84,455.5,17.0,7745700.0,2534
2023-05-09 21:10:06,au2402,au2402,455.58,0.0,0.0,0.0,1,455.46,455.66,2,455.62,455.84,455.84,455.5,17.0,7745700.0,2534
2023-05-09 21:10:07,au2402,au2402,455.58,0.0,0.0,0.0,1,455.46,455.66,1,455.62,455.84,455.84,455.5,17.0,7745700.0,2534
2023-05-09 21:10:07,au2402,au2402,455.58,0.0,0.0,0.0,1,455.46,455.7,1,455.62,455.84,455.84,455.5,17.0,7745700.0,2534
2023-05-09 21:10:09,au2402,au2402,455.58,0.0,0.0,0.0,1,455.46,455.7,1,455.62,455.84,455.84,455.5,17.0,7745700.0,2534
2023-05-09 21:10:11,au2402,au2402,455.58,0.0,0.0,0.0,1,455.46,455.7,1,455.62,455.84,455.84,455.5,17.0,7745700.0,2534
2023-05-09 21:10:12,au2402,au2402,455.58,0.0,0.0,0.0,1,455.46,455.68,1,455.62,455.84,455.84,455.5,17.0,7745700.0,2534
2023-05-09 21:10:13,au2402,au2402,455.58,0.0,0.0,0.0,1,455.46,455.66,2,455.62,455.84,455.84,455.5,17.0,7745700.0,2534
2023-05-09 21:10:14,au2402,au2402,455.58,0.0,0.0,0.0,1,455.44,455.66,2,455.62,455.84,455.84,455.5,17.0,7745700.0,2534
2023-05-09 21:10:14,au2402,au2402,455.58,0.0,0.0,0.0,1,455.32,455.64,1,455.62,455.84,455.84,455.5,17.0,7745700.0,2534
2023-05-09 21:10:15,au2402,au2402,455.58,0.0,0.0,0.0,2,455.4,455.64,1,455.62,455.84,455.84,455.5,17.0,7745700.0,2534
2023-05-09 21:10:15,au2402,au2402,455.58,0.0,0.0,0.0,2,455.4,455.64,1,455.62,455.84,455.84,455.5,17.0,7745700.0,2534
2023-05-09 21:10:16,au2402,au2402,455.58,0.0,0.0,0.0,2,455.4,455.64,1,455.62,455.84,455.84,455.5,17.0,7745700.0,2534
2023-05-09 21:10:16,au2402,au2402,455.58,0.0,0.0,0.0,2,455.4,455.64,1,455.62,455.84,455.84,455.5,17.0,7745700.0,2534
2023-05-09 21:10:17,au2402,au2402,455.58,0.0,0.0,0.0,2,455.4,455.64,1,455.62,455.84,455.84,455.5,17.0,7745700.0,2534
2023-05-09 21:10:17,au2402,au2402,455.58,0.0,0.0,0.0,1,455.44,455.66,3,455.62,455.84,455.84,455.5,17.0,7745700.0,2534
2023-05-09 21:10:18,au2402,au2402,455.58,0.0,0.0,0.0,1,455.44,455.66,4,455.62,455.84,455.84,455.5,17.0,7745700.0,2534
2023-05-09 21:10:18,au2402,au2402,455.58,0.0,0.0,0.0,2,455.44,455.66,4,455.62,455.84,455.84,455.5,17.0,7745700.0,2534
2023-05-09 21:10:19,au2402,au2402,455.58,0.0,0.0,0.0,2,455.44,455.64,2,455.62,455.84,455.84,455.5,17.0,7745700.0,2534
2023-05-09 21:10:20,au2402,au2402,455.58,0.0,0.0,0.0,2,455.44,455.64,2,455.62,455.84,455.84,455.5,17.0,7745700.0,2534
2023-05-09 21:10:20,au2402,au2402,455.58,0.0,0.0,0.0,2,455.44,455.64,2,455.62,455.84,455.84,455.5,17.0,7745700.0,2534
2023-05-09 21:10:21,au2402,au2402,455.58,0.0,0.0,0.0,1,455.48,455.66,1,455.62,455.84,455.84,455.5,17.0,7745700.0,2534
2023-05-09 21:10:21,au2402,au2402,455.58,0.0,0.0,0.0,1,455.48,455.7,1,455.62,455.84,455.84,455.5,17.0,7745700.0,2534
2023-05-09 21:10:22,au2402,au2402,455.58,0.0,0.0,0.0,1,455.48,455.88,3,455.62,455.84,455.84,455.5,17.0,7745700.0,2534
2023-05-09 21:10:22,au2402,au2402,455.58,0.0,0.0,0.0,1,455.48,455.72,2,455.62,455.84,455.84,455.5,17.0,7745700.0,2534
2023-05-09 21:10:23,au2402,au2402,455.58,0.0,0.0,0.0,1,455.48,455.72,2,455.62,455.84,455.84,455.5,17.0,7745700.0,2534
2023-05-09 21:10:23,au2402,au2402,455.58,0.0,0.0,0.0,1,455.48,455.72,2,455.62,455.84,455.84,455.5,17.0,7745700.0,2534
2023-05-09 21:10:24,au2402,au2402,455.58,0.0,0.0,0.0,1,455.48,455.7,1,455.62,455.84,455.84,455.5,17.0,7745700.0,2534
2023-05-09 21:10:24,au2402,au2402,455.58,0.0,0.0,0.0,1,455.48,455.7,1,455.62,455.84,455.84,455.5,17.0,7745700.0,2534
2023-05-09 21:10:25,au2402,au2402,455.58,0.0,0.0,0.0,1,455.48,455.72,2,455.62,455.84,455.84,455.5,17.0,7745700.0,2534
2023-05-09 21:10:26,au2402,au2402,455.58,0.0,0.0,0.0,1,455.46,455.7,2,455.62,455.84,455.84,455.5,17.0,7745700.0,2534
2023-05-09 21:10:26,au2402,au2402,455.58,0.0,0.0,0.0,2,455.34,455.66,1,455.62,455.84,455.84,455.5,17.0,7745700.0,2534
2023-05-09 21:10:27,au2402,au2402,455.58,0.0,0.0,0.0,1,455.44,455.66,1,455.62,455.84,455.84,455.5,17.0,7745700.0,2534
2023-05-09 21:10:27,au2402,au2402,455.58,0.0,0.0,0.0,1,455.44,455.66,2,455.62,455.84,455.84,455.5,17.0,7745700.0,2534
2023-05-09 21:10:28,au2402,au2402,455.58,0.0,0.0,0.0,1,455.44,455.66,1,455.62,455.84,455.84,455.5,17.0,7745700.0,2534
2023-05-09 21:10:29,au2402,au2402,455.58,0.0,0.0,0.0,1,455.44,455.66,1,455.62,455.84,455.84,455.5,17.0,7745700.0,2534
2023-05-09 21:10:29,au2402,au2402,455.58,0.0,0.0,0.0,1,455.44,455.66,1,455.62,455.84,455.84,455.5,17.0,7745700.0,2534
2023-05-09 21:10:32,au2402,au2402,455.58,0.0,0.0,0.0,1,455.44,455.66,2,455.62,455.84,455.84,455.5,17.0,7745700.0,2534
2023-05-09 21:10:35,au2402,au2402,455.58,0.0,0.0,0.0,1,455.42,455.66,2,455.62,455.84,455.84,455.5,17.0,7745700.0,2534
2023-05-09 21:10:35,au2402,au2402,455.58,0.0,0.0,0.0,1,455.44,455.66,2,455.62,455.84,455.84,455.5,17.0,7745700.0,2534
2023-05-09 21:10:39,au2402,au2402,455.58,0.0,0.0,0.0,1,455.44,455.68,1,455.62,455.84,455.84,455.5,17.0,7745700.0,2534
2023-05-09 21:10:42,au2402,au2402,455.58,0.0,0.0,0.0,1,455.44,455.68,2,455.62,455.84,455.84,455.5,17.0,7745700.0,2534
2023-05-09 21:10:46,au2402,au2402,455.58,0.0,0.0,0.0,1,455.44,455.66,1,455.62,455.84,455.84,455.5,17.0,7745700.0,2534
2023-05-09 21:10:49,au2402,au2402,455.58,0.0,0.0,0.0,1,455.42,455.66,1,455.62,455.84,455.84,455.5,17.0,7745700.0,2534
2023-05-09 21:10:50,au2402,au2402,455.58,0.0,0.0,0.0,1,455.42,455.64,1,455.62,455.84,455.84,455.5,17.0,7745700.0,2534
2023-05-09 21:10:50,au2402,au2402,455.58,0.0,0.0,0.0,1,455.42,455.64,1,455.62,455.84,455.84,455.5,17.0,7745700.0,2534
2023-05-09 21:10:51,au2402,au2402,455.58,0.0,0.0,0.0,3,455.42,455.64,1,455.62,455.84,455.84,455.5,17.0,7745700.0,2534
2023-05-09 21:10:55,au2402,au2402,455.58,0.0,0.0,0.0,1,455.12,455.64,1,455.62,455.84,455.84,455.5,17.0,7745700.0,2534
2023-05-09 21:10:55,au2402,au2402,455.58,0.0,0.0,0.0,1,455.38,455.62,1,455.62,455.84,455.84,455.5,17.0,7745700.0,2534
2023-05-09 21:10:56,au2402,au2402,455.58,0.0,0.0,0.0,2,455.38,455.62,2,455.62,455.84,455.84,455.5,17.0,7745700.0,2534
2023-05-09 21:10:57,au2402,au2402,455.58,0.0,0.0,0.0,2,455.38,455.62,2,455.62,455.84,455.84,455.5,17.0,7745700.0,2534
2023-05-09 21:10:58,au2402,au2402,455.58,0.0,0.0,0.0,2,455.4,455.62,2,455.62,455.84,455.84,455.5,17.0,7745700.0,2534
2023-05-09 21:10:59,au2402,au2402,455.58,0.0,0.0,0.0,2,455.4,455.62,1,455.62,455.84,455.84,455.5,17.0,7745700.0,2534
2023-05-09 21:11:01,au2402,au2402,455.58,0.0,0.0,0.0,2,455.4,455.64,1,455.62,455.84,455.84,455.5,17.0,7745700.0,2534
2023-05-09 21:11:02,au2402,au2402,455.58,0.0,0.0,0.0,1,455.42,455.64,1,455.62,455.84,455.84,455.5,17.0,7745700.0,2534
2023-05-09 21:11:02,au2402,au2402,455.58,0.0,0.0,0.0,1,455.42,455.64,1,455.62,455.84,455.84,455.5,17.0,7745700.0,2534
2023-05-09 21:11:03,au2402,au2402,455.58,0.0,0.0,0.0,1,455.42,455.64,1,455.62,455.84,455.84,455.5,17.0,7745700.0,2534
2023-05-09 21:11:04,au2402,au2402,455.58,0.0,0.0,0.0,1,455.44,455.64,1,455.62,455.84,455.84,455.5,17.0,7745700.0,2534
2023-05-09 21:11:04,au2402,au2402,455.58,0.0,0.0,0.0,1,455.44,455.62,1,455.62,455.84,455.84,455.5,17.0,7745700.0,2534
2023-05-09 21:11:05,au2402,au2402,455.58,0.0,0.0,0.0,1,455.44,455.64,1,455.62,455.84,455.84,455.5,17.0,7745700.0,2534
2023-05-09 21:11:06,au2402,au2402,455.58,0.0,0.0,0.0,1,455.42,455.64,1,455.62,455.84,455.84,455.5,17.0,7745700.0,2534
