time,symbol_id,symbol_name,last,trade_volume,trade_amount,open_interest_change,bv1,bp1,ap1,av1,yesterday_close,today_open,today_high,today_low,volume,amount,open_interest
2023-05-10 20:59:00,ru2310,ru2310,12175.0,0.0,0.0,0.0,2,12135.0,12240.0,2,12175.0,12240.0,0.0,0.0,0.0,0.0,12377
2023-05-10 21:00:00,ru2310,ru2310,12240.0,2.0,244800.0,0.0,3,12230.0,12250.0,6,12175.0,12240.0,12240.0,12240.0,2.0,244800.0,12377
2023-05-10 21:00:01,ru2310,ru2310,12250.0,1.0,122500.0,0.0,4,12240.0,12250.0,3,12175.0,12240.0,12250.0,12240.0,3.0,367300.0,12377
2023-05-10 21:00:01,ru2310,ru2310,12250.0,3.0,367500.0,3.0,4,12240.0,12290.0,1,12175.0,12240.0,12250.0,12240.0,6.0,734800.0,12380
2023-05-10 21:00:02,ru2310,ru2310,12250.0,0.0,0.0,0.0,2,12240.0,12250.0,3,12175.0,12240.0,12250.0,12240.0,6.0,734800.0,12380
2023-05-10 21:00:02,ru2310,ru2310,12250.0,0.0,0.0,0.0,2,12240.0,12245.0,1,12175.0,12240.0,12250.0,12240.0,6.0,734800.0,12380
2023-05-10 21:00:03,ru2310,ru2310,12240.0,1.0,122400.0,0.0,33,12230.0,12245.0,3,12175.0,12240.0,12250.0,12240.0,7.0,857200.0,12380
2023-05-10 21:00:03,ru2310,ru2310,12240.0,0.0,0.0,0.0,3,12235.0,12240.0,3,12175.0,12240.0,12250.0,12240.0,7.0,857200.0,12380
2023-05-10 21:00:04,ru2310,ru2310,12240.0,0.0,0.0,0.0,1,12230.0,12240.0,2,12175.0,12240.0,12250.0,12240.0,7.0,857200.0,12380
2023-05-10 21:00:04,ru2310,ru2310,12240.0,0.0,0.0,0.0,2,12230.0,12240.0,2,12175.0,12240.0,12250.0,12240.0,7.0,857200.0,12380
2023-05-10 21:00:05,ru2310,ru2310,12240.0,0.0,0.0,0.0,1,12230.0,12235.0,1,12175.0,12240.0,12250.0,12240.0,7.0,857200.0,12380
2023-05-10 21:00:06,ru2310,ru2310,12260.0,6.0,734850.0,3.0,1,12230.0,12235.0,1,12175.0,12240.0,12260.0,12240.0,13.0,1592050.0,12383
2023-05-10 21:00:06,ru2310,ru2310,12260.0,6.0,734850.0,0.0,1,12260.0,12265.0,4,12175.0,12240.0,12260.0,12235.0,19.0,2326900.0,12383
2023-05-10 21:00:07,ru2310,ru2310,12245.0,2.0,245050.0,0.0,1,12230.0,12245.0,2,12175.0,12240.0,12260.0,12235.0,21.0,2571950.0,12383
2023-05-10 21:00:07,ru2310,ru2310,12245.0,1.0,122450.0,-1.0,2,12235.0,12250.0,3,12175.0,12240.0,12260.0,12235.0,22.0,2694400.0,12382
2023-05-10 21:00:08,ru2310,ru2310,12245.0,0.0,0.0,0.0,3,12230.0,12240.0,2,12175.0,12240.0,12260.0,12235.0,22.0,2694400.0,12382
2023-05-10 21:00:08,ru2310,ru2310,12240.0,2.0,244800.0,0.0,4,12230.0,12245.0,1,12175.0,12240.0,12260.0,12235.0,24.0,2939200.0,12382
2023-05-10 21:00:09,ru2310,ru2310,12245.0,1.0,122450.0,0.0,4,12230.0,12245.0,1,12175.0,12240.0,12260.0,12235.0,25.0,3061650.0,12382
2023-05-10 21:00:09,ru2310,ru2310,12245.0,0.0,0.0,0.0,4,12230.0,12245.0,2,12175.0,12240.0,12260.0,12235.0,25.0,3061650.0,12382
2023-05-10 21:00:10,ru2310,ru2310,12245.0,0.0,0.0,0.0,1,12230.0,12240.0,3,12175.0,12240.0,12260.0,12235.0,25.0,3061650.0,12382
2023-05-10 21:00:10,ru2310,ru2310,12230.0,1.0,122300.0,0.0,3,12220.0,12240.0,3,12175.0,12240.0,12260.0,12230.0,26.0,3183950.0,12382
2023-05-10 21:00:11,ru2310,ru2310,12235.0,1.0,122350.0,0.0,4,12220.0,12235.0,3,12175.0,12240.0,12260.0,12230.0,27.0,3306300.0,12382
2023-05-10 21:00:11,ru2310,ru2310,12220.0,3.0,366600.0,-1.0,1,12210.0,12230.0,4,12175.0,12240.0,12260.0,12220.0,30.0,3672900.0,12381
2023-05-10 21:00:12,ru2310,ru2310,12220.0,0.0,0.0,0.0,1,12215.0,12225.0,2,12175.0,12240.0,12260.0,12220.0,30.0,3672900.0,12381
2023-05-10 21:00:12,ru2310,ru2310,12225.0,4.0,489000.0,1.0,1,12205.0,12230.0,40,12175.0,12240.0,12260.0,12220.0,34.0,4161900.0,12382
2023-05-10 21:00:13,ru2310,ru2310,12230.0,4.0,489200.0,4.0,1,12215.0,12230.0,1,12175.0,12240.0,12260.0,12220.0,38.0,4651100.0,12386
2023-05-10 21:00:13,ru2310,ru2310,12230.0,1.0,122300.0,0.0,4,12230.0,12235.0,2,12175.0,12240.0,12260.0,12220.0,39.0,4773400.0,12386
2023-05-10 21:00:14,ru2310,ru2310,12220.0,5.0,611400.0,5.0,4,12215.0,12235.0,1,12175.0,12240.0,12260.0,12220.0,44.0,5384800.0,12391
2023-05-10 21:00:14,ru2310,ru2310,12230.0,1.0,122300.0,-1.0,2,12215.0,12230.0,2,12175.0,12240.0,12260.0,12220.0,45.0,5507100.0,12390
2023-05-10 21:00:15,ru2310,ru2310,12230.0,0.0,0.0,0.0,1,12220.0,12230.0,4,12175.0,12240.0,12260.0,12220.0,45.0,5507100.0,12390
2023-05-10 21:00:15,ru2310,ru2310,12230.0,3.0,366900.0,-1.0,6,12220.0,12235.0,10,12175.0,12240.0,12260.0,12220.0,48.0,5874000.0,12389
2023-05-10 21:00:16,ru2310,ru2310,12235.0,3.0,367050.0,-3.0,2,12225.0,12255.0,3,12175.0,12240.0,12260.0,12220.0,51.0,6241050.0,12386
2023-05-10 21:00:16,ru2310,ru2310,12235.0,0.0,0.0,0.0,5,12225.0,12245.0,2,12175.0,12240.0,12260.0,12220.0,51.0,6241050.0,12386
2023-05-10 21:00:17,ru2310,ru2310,12235.0,0.0,0.0,0.0,1,12230.0,12240.0,1,12175.0,12240.0,12260.0,12220.0,51.0,6241050.0,12386
2023-05-10 21:00:17,ru2310,ru2310,12240.0,1.0,122400.0,1.0,1,12240.0,12245.0,2,12175.0,12240.0,12260.0,12220.0,52.0,6363450.0,12387
2023-05-10 21:00:18,ru2310,ru2310,12240.0,1.0,122400.0,1.0,4,12225.0,12245.0,2,12175.0,12240.0,12260.0,12220.0,53.0,6485850.0,12388
2023-05-10 21:00:18,ru2310,ru2310,12240.0,0.0,0.0,0.0,3,12230.0,12245.0,1,12175.0,12240.0,12260.0,12220.0,53.0,6485850.0,12388
2023-05-10 21:00:19,ru2310,ru2310,12245.0,1.0,122450.0,-1.0,1,12235.0,12255.0,2,12175.0,12240.0,12260.0,12220.0,54.0,6608300.0,12387
2023-05-10 21:00:19,ru2310,ru2310,12250.0,4.0,489950.0,-1.0,1,12235.0,12250.0,14,12175.0,12240.0,12260.0,12220.0,58.0,7098250.0,12386
2023-05-10 21:00:20,ru2310,ru2310,12235.0,3.0,367050.0,0.0,1,12230.0,12245.0,2,12175.0,12240.0,12260.0,12220.0,61.0,7465300.0,12386
2023-05-10 21:00:20,ru2310,ru2310,12235.0,0.0,0.0,0.0,1,12220.0,12240.0,3,12175.0,12240.0,12260.0,12220.0,61.0,7465300.0,12386
2023-05-10 21:00:21,ru2310,ru2310,12235.0,0.0,0.0,0.0,2,12220.0,12240.0,3,12175.0,12240.0,12260.0,12220.0,61.0,7465300.0,12386
2023-05-10 21:00:21,ru2310,ru2310,12245.0,7.0,857000.0,5.0,10,12225.0,12250.0,8,12175.0,12240.0,12260.0,12220.0,68.0,8322300.0,12391
2023-05-10 21:00:22,ru2310,ru2310,12245.0,0.0,0.0,0.0,1,12235.0,12250.0,3,12175.0,12240.0,12260.0,12220.0,68.0,8322300.0,12391
2023-05-10 21:00:22,ru2310,ru2310,12245.0,0.0,0.0,0.0,2,12240.0,12250.0,2,12175.0,12240.0,12260.0,12220.0,68.0,8322300.0,12391
2023-05-10 21:00:23,ru2310,ru2310,12245.0,0.0,0.0,0.0,1,12230.0,12250.0,3,12175.0,12240.0,12260.0,12220.0,68.0,8322300.0,12391
2023-05-10 21:00:23,ru2310,ru2310,12245.0,0.0,0.0,0.0,2,12230.0,12245.0,1,12175.0,12240.0,12260.0,12220.0,68.0,8322300.0,12391
2023-05-10 21:00:24,ru2310,ru2310,12245.0,0.0,0.0,0.0,2,12230.0,12245.0,1,12175.0,12240.0,12260.0,12220.0,68.0,8322300.0,12391
2023-05-10 21:00:24,ru2310,ru2310,12245.0,0.0,0.0,0.0,2,12230.0,12245.0,2,12175.0,12240.0,12260.0,12220.0,68.0,8322300.0,12391
2023-05-10 21:00:25,ru2310,ru2310,12245.0,0.0,0.0,0.0,7,12230.0,12245.0,1,12175.0,12240.0,12260.0,12220.0,68.0,8322300.0,12391
2023-05-10 21:00:26,ru2310,ru2310,12245.0,0.0,0.0,0.0,3,12230.0,12245.0,1,12175.0,12240.0,12260.0,12220.0,68.0,8322300.0,12391
2023-05-10 21:00:26,ru2310,ru2310,12245.0,0.0,0.0,0.0,10,12230.0,12245.0,1,12175.0,12240.0,12260.0,12220.0,68.0,8322300.0,12391
2023-05-10 21:00:27,ru2310,ru2310,12245.0,0.0,0.0,0.0,3,12230.0,12245.0,2,12175.0,12240.0,12260.0,12220.0,68.0,8322300.0,12391
2023-05-10 21:00:27,ru2310,ru2310,12245.0,0.0,0.0,0.0,3,12230.0,12245.0,1,12175.0,12240.0,12260.0,12220.0,68.0,8322300.0,12391
2023-05-10 21:00:28,ru2310,ru2310,12245.0,0.0,0.0,0.0,3,12230.0,12245.0,2,12175.0,12240.0,12260.0,12220.0,68.0,8322300.0,12391
2023-05-10 21:00:28,ru2310,ru2310,12245.0,0.0,0.0,0.0,10,12230.0,12245.0,1,12175.0,12240.0,12260.0,12220.0,68.0,8322300.0,12391
2023-05-10 21:00:29,ru2310,ru2310,12245.0,1.0,122450.0,-1.0,10,12230.0,12250.0,1,12175.0,12240.0,12260.0,12220.0,69.0,8444750.0,12390
2023-05-10 21:00:29,ru2310,ru2310,12245.0,0.0,0.0,0.0,10,12230.0,12250.0,3,12175.0,12240.0,12260.0,12220.0,69.0,8444750.0,12390
2023-05-10 21:00:30,ru2310,ru2310,12245.0,0.0,0.0,0.0,1,12235.0,12250.0,3,12175.0,12240.0,12260.0,12220.0,69.0,8444750.0,12390
2023-05-10 21:00:30,ru2310,ru2310,12250.0,3.0,367500.0,2.0,1,12235.0,12270.0,3,12175.0,12240.0,12260.0,12220.0,72.0,8812250.0,12392
2023-05-10 21:00:31,ru2310,ru2310,12250.0,0.0,0.0,0.0,1,12250.0,12255.0,2,12175.0,12240.0,12260.0,12220.0,72.0,8812250.0,12392
2023-05-10 21:00:31,ru2310,ru2310,12250.0,1.0,122500.0,1.0,5,12235.0,12255.0,4,12175.0,12240.0,12260.0,12220.0,73.0,8934750.0,12393
2023-05-10 21:00:32,ru2310,ru2310,12250.0,0.0,0.0,0.0,2,12245.0,12255.0,4,12175.0,12240.0,12260.0,12220.0,73.0,8934750.0,12393
2023-05-10 21:00:32,ru2310,ru2310,12245.0,2.0,244900.0,2.0,2,12235.0,12250.0,1,12175.0,12240.0,12260.0,12220.0,75.0,9179650.0,12395
2023-05-10 21:00:33,ru2310,ru2310,12245.0,0.0,0.0,0.0,4,12235.0,12255.0,3,12175.0,12240.0,12260.0,12220.0,75.0,9179650.0,12395
2023-05-10 21:00:33,ru2310,ru2310,12245.0,0.0,0.0,0.0,1,12240.0,12255.0,3,12175.0,12240.0,12260.0,12220.0,75.0,9179650.0,12395
2023-05-10 21:00:34,ru2310,ru2310,12245.0,0.0,0.0,0.0,1,12240.0,12255.0,3,12175.0,12240.0,12260.0,12220.0,75.0,9179650.0,12395
2023-05-10 21:00:34,ru2310,ru2310,12240.0,1.0,122400.0,-1.0,2,12235.0,12250.0,1,12175.0,12240.0,12260.0,12220.0,76.0,9302050.0,12394
2023-05-10 21:00:35,ru2310,ru2310,12250.0,1.0,122500.0,1.0,3,12235.0,12255.0,11,12175.0,12240.0,12260.0,12220.0,77.0,9424550.0,12395
2023-05-10 21:00:35,ru2310,ru2310,12250.0,0.0,0.0,0.0,3,12235.0,12250.0,3,12175.0,12240.0,12260.0,12220.0,77.0,9424550.0,12395
2023-05-10 21:00:36,ru2310,ru2310,12250.0,0.0,0.0,0.0,3,12235.0,12250.0,4,12175.0,12240.0,12260.0,12220.0,77.0,9424550.0,12395
2023-05-10 21:00:36,ru2310,ru2310,12250.0,0.0,0.0,0.0,1,12235.0,12245.0,1,12175.0,12240.0,12260.0,12220.0,77.0,9424550.0,12395
2023-05-10 21:00:37,ru2310,ru2310,12235.0,1.0,122350.0,0.0,1,12230.0,12245.0,1,12175.0,12240.0,12260.0,12220.0,78.0,9546900.0,12395
2023-05-10 21:00:37,ru2310,ru2310,12235.0,0.0,0.0,0.0,2,12235.0,12250.0,3,12175.0,12240.0,12260.0,12220.0,78.0,9546900.0,12395
2023-05-10 21:00:38,ru2310,ru2310,12235.0,0.0,0.0,0.0,2,12230.0,12245.0,3,12175.0,12240.0,12260.0,12220.0,78.0,9546900.0,12395
2023-05-10 21:00:38,ru2310,ru2310,12235.0,0.0,0.0,0.0,2,12235.0,12245.0,1,12175.0,12240.0,12260.0,12220.0,78.0,9546900.0,12395
2023-05-10 21:00:39,ru2310,ru2310,12245.0,1.0,122450.0,1.0,2,12235.0,12250.0,1,12175.0,12240.0,12260.0,12220.0,79.0,9669350.0,12396
2023-05-10 21:00:39,ru2310,ru2310,12245.0,0.0,0.0,0.0,2,12235.0,12250.0,2,12175.0,12240.0,12260.0,12220.0,79.0,9669350.0,12396
2023-05-10 21:00:40,ru2310,ru2310,12245.0,0.0,0.0,0.0,1,12240.0,12255.0,1,12175.0,12240.0,12260.0,12220.0,79.0,9669350.0,12396
2023-05-10 21:00:40,ru2310,ru2310,12245.0,0.0,0.0,0.0,5,12235.0,12255.0,2,12175.0,12240.0,12260.0,12220.0,79.0,9669350.0,12396
2023-05-10 21:00:41,ru2310,ru2310,12245.0,0.0,0.0,0.0,4,12235.0,12250.0,2,12175.0,12240.0,12260.0,12220.0,79.0,9669350.0,12396
2023-05-10 21:00:41,ru2310,ru2310,12250.0,1.0,122500.0,1.0,2,12240.0,12250.0,2,12175.0,12240.0,12260.0,12220.0,80.0,9791850.0,12397
2023-05-10 21:00:42,ru2310,ru2310,12250.0,2.0,245000.0,2.0,3,12240.0,12255.0,1,12175.0,12240.0,12260.0,12220.0,82.0,10036850.0,12399
2023-05-10 21:00:42,ru2310,ru2310,12250.0,0.0,0.0,0.0,5,12240.0,12255.0,4,12175.0,12240.0,12260.0,12220.0,82.0,10036850.0,12399
2023-05-10 21:00:43,ru2310,ru2310,12250.0,0.0,0.0,0.0,2,12245.0,12260.0,2,12175.0,12240.0,12260.0,12220.0,82.0,10036850.0,12399
2023-05-10 21:00:43,ru2310,ru2310,12250.0,0.0,0.0,0.0,2,12250.0,12260.0,2,12175.0,12240.0,12260.0,12220.0,82.0,10036850.0,12399
2023-05-10 21:00:44,ru2310,ru2310,12250.0,1.0,122500.0,1.0,1,12250.0,12260.0,2,12175.0,12240.0,12260.0,12220.0,83.0,10159350.0,12400
2023-05-10 21:00:44,ru2310,ru2310,12250.0,1.0,122500.0,0.0,3,12240.0,12255.0,1,12175.0,12240.0,12260.0,12220.0,84.0,10281850.0,12400
2023-05-10 21:00:45,ru2310,ru2310,12250.0,0.0,0.0,0.0,4,12240.0,12255.0,1,12175.0,12240.0,12260.0,12220.0,84.0,10281850.0,12400
2023-05-10 21:00:45,ru2310,ru2310,12250.0,0.0,0.0,0.0,5,12240.0,12255.0,2,12175.0,12240.0,12260.0,12220.0,84.0,10281850.0,12400
2023-05-10 21:00:47,ru2310,ru2310,12255.0,1.0,122550.0,0.0,9,12240.0,12260.0,1,12175.0,12240.0,12260.0,12220.0,85.0,10404400.0,12400
2023-05-10 21:00:47,ru2310,ru2310,12245.0,1.0,122450.0,-1.0,12,12240.0,12260.0,1,12175.0,12240.0,12260.0,12220.0,86.0,10526850.0,12399
2023-05-10 21:00:48,ru2310,ru2310,12245.0,0.0,0.0,0.0,5,12240.0,12255.0,3,12175.0,12240.0,12260.0,12220.0,86.0,10526850.0,12399
2023-05-10 21:00:48,ru2310,ru2310,12245.0,0.0,0.0,0.0,1,12245.0,12255.0,3,12175.0,12240.0,12260.0,12220.0,86.0,10526850.0,12399
2023-05-10 21:00:49,ru2310,ru2310,12245.0,1.0,122450.0,-1.0,3,12240.0,12255.0,3,12175.0,12240.0,12260.0,12220.0,87.0,10649300.0,12398
2023-05-10 21:00:49,ru2310,ru2310,12245.0,0.0,0.0,0.0,5,12240.0,12255.0,3,12175.0,12240.0,12260.0,12220.0,87.0,10649300.0,12398
2023-05-10 21:00:50,ru2310,ru2310,12245.0,0.0,0.0,0.0,1,12230.0,12250.0,2,12175.0,12240.0,12260.0,12220.0,87.0,10649300.0,12398
2023-05-10 21:00:50,ru2310,ru2310,12245.0,0.0,0.0,0.0,4,12235.0,12250.0,3,12175.0,12240.0,12260.0,12220.0,87.0,10649300.0,12398
2023-05-10 21:00:51,ru2310,ru2310,12245.0,0.0,0.0,0.0,5,12235.0,12250.0,4,12175.0,12240.0,12260.0,12220.0,87.0,10649300.0,12398
2023-05-10 21:00:52,ru2310,ru2310,12245.0,0.0,0.0,0.0,11,12235.0,12250.0,1,12175.0,12240.0,12260.0,12220.0,87.0,10649300.0,12398
2023-05-10 21:00:53,ru2310,ru2310,12245.0,0.0,0.0,0.0,7,12235.0,12250.0,3,12175.0,12240.0,12260.0,12220.0,87.0,10649300.0,12398
2023-05-10 21:00:53,ru2310,ru2310,12245.0,0.0,0.0,0.0,7,12235.0,12250.0,3,12175.0,12240.0,12260.0,12220.0,87.0,10649300.0,12398
2023-05-10 21:00:55,ru2310,ru2310,12245.0,0.0,0.0,0.0,1,12240.0,12250.0,1,12175.0,12240.0,12260.0,12220.0,87.0,10649300.0,12398
2023-05-10 21:00:55,ru2310,ru2310,12245.0,0.0,0.0,0.0,2,12240.0,12250.0,1,12175.0,12240.0,12260.0,12220.0,87.0,10649300.0,12398
2023-05-10 21:00:56,ru2310,ru2310,12245.0,0.0,0.0,0.0,3,12235.0,12250.0,2,12175.0,12240.0,12260.0,12220.0,87.0,10649300.0,12398
2023-05-10 21:00:57,ru2310,ru2310,12255.0,2.0,245100.0,2.0,2,12240.0,12260.0,1,12175.0,12240.0,12260.0,12220.0,89.0,10894400.0,12400
2023-05-10 21:00:57,ru2310,ru2310,12255.0,0.0,0.0,0.0,4,12240.0,12255.0,5,12175.0,12240.0,12260.0,12220.0,89.0,10894400.0,12400
2023-05-10 21:00:58,ru2310,ru2310,12255.0,0.0,0.0,0.0,4,12240.0,12250.0,2,12175.0,12240.0,12260.0,12220.0,89.0,10894400.0,12400
2023-05-10 21:00:58,ru2310,ru2310,12255.0,2.0,245100.0,2.0,2,12240.0,12250.0,1,12175.0,12240.0,12260.0,12220.0,91.0,11139500.0,12402
2023-05-10 21:00:59,ru2310,ru2310,12255.0,0.0,0.0,0.0,2,12240.0,12250.0,4,12175.0,12240.0,12260.0,12220.0,91.0,11139500.0,12402
2023-05-10 21:01:00,ru2310,ru2310,12255.0,0.0,0.0,0.0,4,12240.0,12250.0,2,12175.0,12240.0,12260.0,12220.0,91.0,11139500.0,12402
2023-05-10 21:01:01,ru2310,ru2310,12255.0,0.0,0.0,0.0,4,12240.0,12255.0,4,12175.0,12240.0,12260.0,12220.0,91.0,11139500.0,12402
2023-05-10 21:01:01,ru2310,ru2310,12255.0,0.0,0.0,0.0,2,12245.0,12255.0,4,12175.0,12240.0,12260.0,12220.0,91.0,11139500.0,12402
2023-05-10 21:01:02,ru2310,ru2310,12255.0,3.0,367650.0,1.0,2,12250.0,12260.0,3,12175.0,12240.0,12260.0,12220.0,94.0,11507150.0,12403
2023-05-10 21:01:02,ru2310,ru2310,12255.0,0.0,0.0,0.0,2,12250.0,12260.0,3,12175.0,12240.0,12260.0,12220.0,94.0,11507150.0,12403
2023-05-10 21:01:03,ru2310,ru2310,12250.0,2.0,245000.0,0.0,3,12240.0,12260.0,3,12175.0,12240.0,12260.0,12220.0,96.0,11752150.0,12403
2023-05-10 21:01:03,ru2310,ru2310,12250.0,0.0,0.0,0.0,3,12245.0,12255.0,3,12175.0,12240.0,12260.0,12220.0,96.0,11752150.0,12403
2023-05-10 21:01:04,ru2310,ru2310,12250.0,0.0,0.0,0.0,3,12245.0,12255.0,2,12175.0,12240.0,12260.0,12220.0,96.0,11752150.0,12403
2023-05-10 21:01:04,ru2310,ru2310,12250.0,0.0,0.0,0.0,5,12245.0,12260.0,3,12175.0,12240.0,12260.0,12220.0,96.0,11752150.0,12403
2023-05-10 21:01:05,ru2310,ru2310,12250.0,0.0,0.0,0.0,2,12250.0,12260.0,3,12175.0,12240.0,12260.0,12220.0,96.0,11752150.0,12403
2023-05-10 21:01:05,ru2310,ru2310,12250.0,0.0,0.0,0.0,2,12250.0,12260.0,3,12175.0,12240.0,12260.0,12220.0,96.0,11752150.0,12403
2023-05-10 21:01:06,ru2310,ru2310,12250.0,0.0,0.0,0.0,1,12250.0,12260.0,3,12175.0,12240.0,12260.0,12220.0,96.0,11752150.0,12403
2023-05-10 21:01:06,ru2310,ru2310,12250.0,0.0,0.0,0.0,2,12245.0,12255.0,3,12175.0,12240.0,12260.0,12220.0,96.0,11752150.0,12403
2023-05-10 21:01:07,ru2310,ru2310,12245.0,5.0,612250.0,4.0,3,12235.0,12255.0,1,12175.0,12240.0,12260.0,12220.0,101.0,12364400.0,12407
2023-05-10 21:01:07,ru2310,ru2310,12245.0,0.0,0.0,0.0,3,12240.0,12255.0,2,12175.0,12240.0,12260.0,12220.0,101.0,12364400.0,12407
2023-05-10 21:01:08,ru2310,ru2310,12255.0,4.0,490200.0,4.0,3,12240.0,12260.0,2,12175.0,12240.0,12260.0,12220.0,105.0,12854600.0,12411
2023-05-10 21:01:08,ru2310,ru2310,12240.0,2.0,244800.0,-2.0,5,12235.0,12245.0,2,12175.0,12240.0,12260.0,12220.0,107.0,13099400.0,12409
2023-05-10 21:01:09,ru2310,ru2310,12235.0,4.0,489400.0,-2.0,7,12225.0,12245.0,3,12175.0,12240.0,12260.0,12220.0,111.0,13588800.0,12407
2023-05-10 21:01:09,ru2310,ru2310,12235.0,0.0,0.0,0.0,17,12230.0,12245.0,2,12175.0,12240.0,12260.0,12220.0,111.0,13588800.0,12407
2023-05-10 21:01:10,ru2310,ru2310,12245.0,2.0,244900.0,-2.0,17,12230.0,12250.0,3,12175.0,12240.0,12260.0,12220.0,113.0,13833700.0,12405
2023-05-10 21:01:10,ru2310,ru2310,12245.0,0.0,0.0,0.0,2,12235.0,12245.0,2,12175.0,12240.0,12260.0,12220.0,113.0,13833700.0,12405
2023-05-10 21:01:11,ru2310,ru2310,12245.0,2.0,244900.0,0.0,9,12230.0,12250.0,4,12175.0,12240.0,12260.0,12220.0,115.0,14078600.0,12405
2023-05-10 21:01:11,ru2310,ru2310,12245.0,0.0,0.0,0.0,2,12235.0,12250.0,5,12175.0,12240.0,12260.0,12220.0,115.0,14078600.0,12405
2023-05-10 21:01:12,ru2310,ru2310,12235.0,1.0,122350.0,-1.0,1,12230.0,12245.0,1,12175.0,12240.0,12260.0,12220.0,116.0,14200950.0,12404
2023-05-10 21:01:12,ru2310,ru2310,12235.0,0.0,0.0,0.0,2,12230.0,12245.0,1,12175.0,12240.0,12260.0,12220.0,116.0,14200950.0,12404
2023-05-10 21:01:13,ru2310,ru2310,12235.0,0.0,0.0,0.0,2,12230.0,12245.0,2,12175.0,12240.0,12260.0,12220.0,116.0,14200950.0,12404
2023-05-10 21:01:13,ru2310,ru2310,12235.0,0.0,0.0,0.0,4,12235.0,12245.0,2,12175.0,12240.0,12260.0,12220.0,116.0,14200950.0,12404
2023-05-10 21:01:14,ru2310,ru2310,12230.0,5.0,611700.0,-1.0,1,12225.0,12245.0,2,12175.0,12240.0,12260.0,12220.0,121.0,14812650.0,12403
2023-05-10 21:01:14,ru2310,ru2310,12230.0,0.0,0.0,0.0,1,12225.0,12240.0,1,12175.0,12240.0,12260.0,12220.0,121.0,14812650.0,12403
2023-05-10 21:01:15,ru2310,ru2310,12230.0,0.0,0.0,0.0,1,12225.0,12240.0,1,12175.0,12240.0,12260.0,12220.0,121.0,14812650.0,12403
2023-05-10 21:01:15,ru2310,ru2310,12225.0,1.0,122250.0,-1.0,1,12215.0,12235.0,2,12175.0,12240.0,12260.0,12220.0,122.0,14934900.0,12402
2023-05-10 21:01:16,ru2310,ru2310,12225.0,0.0,0.0,0.0,1,12220.0,12235.0,3,12175.0,12240.0,12260.0,12220.0,122.0,14934900.0,12402
2023-05-10 21:01:16,ru2310,ru2310,12225.0,0.0,0.0,0.0,1,12215.0,12230.0,1,12175.0,12240.0,12260.0,12220.0,122.0,14934900.0,12402
2023-05-10 21:01:17,ru2310,ru2310,12225.0,0.0,0.0,0.0,7,12215.0,12235.0,9,12175.0,12240.0,12260.0,12220.0,122.0,14934900.0,12402
2023-05-10 21:01:17,ru2310,ru2310,12225.0,0.0,0.0,0.0,8,12215.0,12235.0,10,12175.0,12240.0,12260.0,12220.0,122.0,14934900.0,12402
2023-05-10 21:01:18,ru2310,ru2310,12225.0,0.0,0.0,0.0,1,12215.0,12230.0,1,12175.0,12240.0,12260.0,12220.0,122.0,14934900.0,12402
2023-05-10 21:01:18,ru2310,ru2310,12225.0,0.0,0.0,0.0,3,12215.0,12230.0,3,12175.0,12240.0,12260.0,12220.0,122.0,14934900.0,12402
2023-05-10 21:01:19,ru2310,ru2310,12225.0,0.0,0.0,0.0,4,12220.0,12230.0,4,12175.0,12240.0,12260.0,12220.0,122.0,14934900.0,12402
2023-05-10 21:01:19,ru2310,ru2310,12220.0,4.0,488800.0,0.0,3,12215.0,12230.0,4,12175.0,12240.0,12260.0,12220.0,126.0,15423700.0,12402
2023-05-10 21:01:20,ru2310,ru2310,12220.0,0.0,0.0,0.0,3,12215.0,12225.0,2,12175.0,12240.0,12260.0,12220.0,126.0,15423700.0,12402
2023-05-10 21:01:21,ru2310,ru2310,12220.0,0.0,0.0,0.0,2,12215.0,12225.0,3,12175.0,12240.0,12260.0,12220.0,126.0,15423700.0,12402
2023-05-10 21:01:21,ru2310,ru2310,12220.0,0.0,0.0,0.0,3,12215.0,12225.0,2,12175.0,12240.0,12260.0,12220.0,126.0,15423700.0,12402
2023-05-10 21:01:22,ru2310,ru2310,12225.0,2.0,244500.0,0.0,3,12215.0,12230.0,1,12175.0,12240.0,12260.0,12220.0,128.0,15668200.0,12402
2023-05-10 21:01:22,ru2310,ru2310,12225.0,0.0,0.0,0.0,3,12215.0,12230.0,4,12175.0,12240.0,12260.0,12220.0,128.0,15668200.0,12402
2023-05-10 21:01:25,ru2310,ru2310,12225.0,0.0,0.0,0.0,4,12220.0,12230.0,4,12175.0,12240.0,12260.0,12220.0,128.0,15668200.0,12402
2023-05-10 21:01:26,ru2310,ru2310,12225.0,0.0,0.0,0.0,4,12220.0,12230.0,4,12175.0,12240.0,12260.0,12220.0,128.0,15668200.0,12402
2023-05-10 21:01:26,ru2310,ru2310,12225.0,0.0,0.0,0.0,4,12225.0,12230.0,5,12175.0,12240.0,12260.0,12220.0,128.0,15668200.0,12402
2023-05-10 21:01:27,ru2310,ru2310,12225.0,4.0,489000.0,4.0,2,12215.0,12230.0,5,12175.0,12240.0,12260.0,12220.0,132.0,16157200.0,12406
2023-05-10 21:01:29,ru2310,ru2310,12225.0,0.0,0.0,0.0,2,12215.0,12225.0,3,12175.0,12240.0,12260.0,12220.0,132.0,16157200.0,12406
2023-05-10 21:01:30,ru2310,ru2310,12225.0,0.0,0.0,0.0,2,12215.0,12225.0,3,12175.0,12240.0,12260.0,12220.0,132.0,16157200.0,12406
2023-05-10 21:01:30,ru2310,ru2310,12225.0,1.0,122250.0,0.0,1,12225.0,12230.0,1,12175.0,12240.0,12260.0,12220.0,133.0,16279450.0,12406
2023-05-10 21:01:31,ru2310,ru2310,12235.0,2.0,244700.0,1.0,1,12225.0,12245.0,2,12175.0,12240.0,12260.0,12220.0,135.0,16524150.0,12407
2023-05-10 21:01:31,ru2310,ru2310,12235.0,0.0,0.0,0.0,1,12225.0,12235.0,1,12175.0,12240.0,12260.0,12220.0,135.0,16524150.0,12407
2023-05-10 21:01:32,ru2310,ru2310,12225.0,1.0,122250.0,0.0,3,12215.0,12235.0,1,12175.0,12240.0,12260.0,12220.0,136.0,16646400.0,12407
2023-05-10 21:01:32,ru2310,ru2310,12225.0,0.0,0.0,0.0,1,12225.0,12230.0,3,12175.0,12240.0,12260.0,12220.0,136.0,16646400.0,12407
2023-05-10 21:01:33,ru2310,ru2310,12230.0,4.0,489150.0,4.0,3,12215.0,12235.0,1,12175.0,12240.0,12260.0,12220.0,140.0,17135550.0,12411
2023-05-10 21:01:33,ru2310,ru2310,12230.0,0.0,0.0,0.0,1,12220.0,12235.0,1,12175.0,12240.0,12260.0,12220.0,140.0,17135550.0,12411
2023-05-10 21:01:34,ru2310,ru2310,12230.0,0.0,0.0,0.0,1,12225.0,12240.0,1,12175.0,12240.0,12260.0,12220.0,140.0,17135550.0,12411
2023-05-10 21:01:34,ru2310,ru2310,12230.0,0.0,0.0,0.0,1,12225.0,12240.0,2,12175.0,12240.0,12260.0,12220.0,140.0,17135550.0,12411
2023-05-10 21:01:35,ru2310,ru2310,12230.0,0.0,0.0,0.0,2,12225.0,12240.0,2,12175.0,12240.0,12260.0,12220.0,140.0,17135550.0,12411
2023-05-10 21:01:36,ru2310,ru2310,12225.0,1.0,122250.0,0.0,1,12225.0,12240.0,2,12175.0,12240.0,12260.0,12220.0,141.0,17257800.0,12411
2023-05-10 21:01:36,ru2310,ru2310,12225.0,0.0,0.0,0.0,3,12225.0,12240.0,4,12175.0,12240.0,12260.0,12220.0,141.0,17257800.0,12411
2023-05-10 21:01:37,ru2310,ru2310,12225.0,0.0,0.0,0.0,3,12225.0,12240.0,4,12175.0,12240.0,12260.0,12220.0,141.0,17257800.0,12411
2023-05-10 21:01:38,ru2310,ru2310,12225.0,0.0,0.0,0.0,2,12225.0,12235.0,3,12175.0,12240.0,12260.0,12220.0,141.0,17257800.0,12411
2023-05-10 21:01:38,ru2310,ru2310,12225.0,1.0,122250.0,1.0,2,12220.0,12235.0,4,12175.0,12240.0,12260.0,12220.0,142.0,17380050.0,12412
2023-05-10 21:01:39,ru2310,ru2310,12225.0,0.0,0.0,0.0,2,12225.0,12235.0,4,12175.0,12240.0,12260.0,12220.0,142.0,17380050.0,12412
2023-05-10 21:01:39,ru2310,ru2310,12225.0,0.0,0.0,0.0,2,12225.0,12235.0,4,12175.0,12240.0,12260.0,12220.0,142.0,17380050.0,12412
2023-05-10 21:01:40,ru2310,ru2310,12225.0,0.0,0.0,0.0,2,12225.0,12230.0,1,12175.0,12240.0,12260.0,12220.0,142.0,17380050.0,12412
2023-05-10 21:01:41,ru2310,ru2310,12225.0,0.0,0.0,0.0,2,12225.0,12230.0,1,12175.0,12240.0,12260.0,12220.0,142.0,17380050.0,12412
2023-05-10 21:01:41,ru2310,ru2310,12225.0,2.0,244500.0,0.0,1,12220.0,12230.0,1,12175.0,12240.0,12260.0,12220.0,144.0,17624550.0,12412
2023-05-10 21:01:42,ru2310,ru2310,12225.0,0.0,0.0,0.0,4,12220.0,12230.0,1,12175.0,12240.0,12260.0,12220.0,144.0,17624550.0,12412
2023-05-10 21:01:46,ru2310,ru2310,12225.0,0.0,0.0,0.0,4,12220.0,12230.0,3,12175.0,12240.0,12260.0,12220.0,144.0,17624550.0,12412
2023-05-10 21:01:46,ru2310,ru2310,12225.0,0.0,0.0,0.0,3,12220.0,12230.0,4,12175.0,12240.0,12260.0,12220.0,144.0,17624550.0,12412
2023-05-10 21:01:47,ru2310,ru2310,12225.0,0.0,0.0,0.0,4,12220.0,12230.0,3,12175.0,12240.0,12260.0,12220.0,144.0,17624550.0,12412
2023-05-10 21:01:48,ru2310,ru2310,12220.0,1.0,122200.0,0.0,2,12220.0,12230.0,3,12175.0,12240.0,12260.0,12220.0,145.0,17746750.0,12412
2023-05-10 21:01:48,ru2310,ru2310,12220.0,0.0,0.0,0.0,4,12220.0,12230.0,3,12175.0,12240.0,12260.0,12220.0,145.0,17746750.0,12412
2023-05-10 21:01:50,ru2310,ru2310,12220.0,0.0,0.0,0.0,5,12220.0,12230.0,3,12175.0,12240.0,12260.0,12220.0,145.0,17746750.0,12412
2023-05-10 21:01:50,ru2310,ru2310,12220.0,0.0,0.0,0.0,4,12220.0,12230.0,4,12175.0,12240.0,12260.0,12220.0,145.0,17746750.0,12412
2023-05-10 21:01:51,ru2310,ru2310,12220.0,0.0,0.0,0.0,4,12220.0,12230.0,5,12175.0,12240.0,12260.0,12220.0,145.0,17746750.0,12412
2023-05-10 21:01:52,ru2310,ru2310,12220.0,0.0,0.0,0.0,2,12220.0,12230.0,11,12175.0,12240.0,12260.0,12220.0,145.0,17746750.0,12412
2023-05-10 21:01:52,ru2310,ru2310,12220.0,0.0,0.0,0.0,6,12220.0,12230.0,5,12175.0,12240.0,12260.0,12220.0,145.0,17746750.0,12412
2023-05-10 21:01:53,ru2310,ru2310,12220.0,0.0,0.0,0.0,6,12220.0,12225.0,3,12175.0,12240.0,12260.0,12220.0,145.0,17746750.0,12412
2023-05-10 21:01:53,ru2310,ru2310,12225.0,3.0,366750.0,0.0,4,12225.0,12230.0,3,12175.0,12240.0,12260.0,12220.0,148.0,18113500.0,12412
2023-05-10 21:01:54,ru2310,ru2310,12225.0,4.0,489000.0,4.0,3,12220.0,12230.0,5,12175.0,12240.0,12260.0,12220.0,152.0,18602500.0,12416
2023-05-10 21:01:54,ru2310,ru2310,12225.0,0.0,0.0,0.0,4,12220.0,12230.0,5,12175.0,12240.0,12260.0,12220.0,152.0,18602500.0,12416
2023-05-10 21:01:57,ru2310,ru2310,12225.0,0.0,0.0,0.0,4,12220.0,12230.0,3,12175.0,12240.0,12260.0,12220.0,152.0,18602500.0,12416
2023-05-10 21:01:57,ru2310,ru2310,12225.0,0.0,0.0,0.0,4,12220.0,12230.0,5,12175.0,12240.0,12260.0,12220.0,152.0,18602500.0,12416
2023-05-10 21:01:58,ru2310,ru2310,12225.0,0.0,0.0,0.0,4,12220.0,12230.0,3,12175.0,12240.0,12260.0,12220.0,152.0,18602500.0,12416
2023-05-10 21:01:59,ru2310,ru2310,12225.0,0.0,0.0,0.0,4,12225.0,12230.0,3,12175.0,12240.0,12260.0,12220.0,152.0,18602500.0,12416
2023-05-10 21:01:59,ru2310,ru2310,12225.0,0.0,0.0,0.0,4,12225.0,12230.0,3,12175.0,12240.0,12260.0,12220.0,152.0,18602500.0,12416
2023-05-10 21:02:00,ru2310,ru2310,12225.0,0.0,0.0,0.0,5,12225.0,12230.0,3,12175.0,12240.0,12260.0,12220.0,152.0,18602500.0,12416
2023-05-10 21:02:00,ru2310,ru2310,12225.0,0.0,0.0,0.0,5,12225.0,12230.0,1,12175.0,12240.0,12260.0,12220.0,152.0,18602500.0,12416
2023-05-10 21:02:01,ru2310,ru2310,12230.0,1.0,122300.0,0.0,7,12225.0,12235.0,3,12175.0,12240.0,12260.0,12220.0,153.0,18724800.0,12416
2023-05-10 21:02:01,ru2310,ru2310,12230.0,0.0,0.0,0.0,4,12230.0,12235.0,2,12175.0,12240.0,12260.0,12220.0,153.0,18724800.0,12416
2023-05-10 21:02:02,ru2310,ru2310,12230.0,4.0,489200.0,0.0,2,12225.0,12235.0,3,12175.0,12240.0,12260.0,12220.0,157.0,19214000.0,12416
2023-05-10 21:02:02,ru2310,ru2310,12230.0,0.0,0.0,0.0,3,12225.0,12235.0,4,12175.0,12240.0,12260.0,12220.0,157.0,19214000.0,12416
2023-05-10 21:02:03,ru2310,ru2310,12230.0,0.0,0.0,0.0,3,12225.0,12240.0,3,12175.0,12240.0,12260.0,12220.0,157.0,19214000.0,12416
2023-05-10 21:02:04,ru2310,ru2310,12230.0,0.0,0.0,0.0,4,12225.0,12230.0,1,12175.0,12240.0,12260.0,12220.0,157.0,19214000.0,12416
2023-05-10 21:02:04,ru2310,ru2310,12230.0,1.0,122300.0,-1.0,4,12225.0,12240.0,3,12175.0,12240.0,12260.0,12220.0,158.0,19336300.0,12415
2023-05-10 21:02:06,ru2310,ru2310,12230.0,0.0,0.0,0.0,4,12225.0,12240.0,3,12175.0,12240.0,12260.0,12220.0,158.0,19336300.0,12415
2023-05-10 21:02:06,ru2310,ru2310,12230.0,0.0,0.0,0.0,3,12225.0,12235.0,1,12175.0,12240.0,12260.0,12220.0,158.0,19336300.0,12415
2023-05-10 21:02:07,ru2310,ru2310,12230.0,0.0,0.0,0.0,3,12225.0,12235.0,2,12175.0,12240.0,12260.0,12220.0,158.0,19336300.0,12415
2023-05-10 21:02:08,ru2310,ru2310,12230.0,0.0,0.0,0.0,3,12225.0,12235.0,4,12175.0,12240.0,12260.0,12220.0,158.0,19336300.0,12415
2023-05-10 21:02:10,ru2310,ru2310,12225.0,1.0,122250.0,-1.0,3,12220.0,12235.0,4,12175.0,12240.0,12260.0,12220.0,159.0,19458550.0,12414
2023-05-10 21:02:10,ru2310,ru2310,12225.0,0.0,0.0,0.0,3,12220.0,12230.0,1,12175.0,12240.0,12260.0,12220.0,159.0,19458550.0,12414
2023-05-10 21:02:11,ru2310,ru2310,12225.0,0.0,0.0,0.0,3,12220.0,12235.0,3,12175.0,12240.0,12260.0,12220.0,159.0,19458550.0,12414
2023-05-10 21:02:11,ru2310,ru2310,12225.0,0.0,0.0,0.0,4,12220.0,12235.0,4,12175.0,12240.0,12260.0,12220.0,159.0,19458550.0,12414
2023-05-10 21:02:12,ru2310,ru2310,12225.0,0.0,0.0,0.0,6,12220.0,12235.0,10,12175.0,12240.0,12260.0,12220.0,159.0,19458550.0,12414
2023-05-10 21:02:13,ru2310,ru2310,12225.0,0.0,0.0,0.0,4,12220.0,12235.0,10,12175.0,12240.0,12260.0,12220.0,159.0,19458550.0,12414
2023-05-10 21:02:14,ru2310,ru2310,12225.0,0.0,0.0,0.0,3,12220.0,12230.0,3,12175.0,12240.0,12260.0,12220.0,159.0,19458550.0,12414
2023-05-10 21:02:15,ru2310,ru2310,12225.0,0.0,0.0,0.0,3,12220.0,12230.0,4,12175.0,12240.0,12260.0,12220.0,159.0,19458550.0,12414
2023-05-10 21:02:15,ru2310,ru2310,12225.0,0.0,0.0,0.0,3,12220.0,12230.0,5,12175.0,12240.0,12260.0,12220.0,159.0,19458550.0,12414
2023-05-10 21:02:23,ru2310,ru2310,12225.0,0.0,0.0,0.0,7,12220.0,12235.0,3,12175.0,12240.0,12260.0,12220.0,159.0,19458550.0,12414
2023-05-10 21:02:23,ru2310,ru2310,12225.0,0.0,0.0,0.0,8,12220.0,12235.0,10,12175.0,12240.0,12260.0,12220.0,159.0,19458550.0,12414
2023-05-10 21:02:26,ru2310,ru2310,12225.0,0.0,0.0,0.0,8,12220.0,12235.0,4,12175.0,12240.0,12260.0,12220.0,159.0,19458550.0,12414
2023-05-10 21:02:27,ru2310,ru2310,12225.0,0.0,0.0,0.0,12,12220.0,12235.0,4,12175.0,12240.0,12260.0,12220.0,159.0,19458550.0,12414
2023-05-10 21:02:27,ru2310,ru2310,12225.0,0.0,0.0,0.0,2,12225.0,12235.0,2,12175.0,12240.0,12260.0,12220.0,159.0,19458550.0,12414
2023-05-10 21:02:28,ru2310,ru2310,12225.0,0.0,0.0,0.0,2,12225.0,12235.0,4,12175.0,12240.0,12260.0,12220.0,159.0,19458550.0,12414
2023-05-10 21:02:28,ru2310,ru2310,12225.0,0.0,0.0,0.0,2,12225.0,12235.0,5,12175.0,12240.0,12260.0,12220.0,159.0,19458550.0,12414
2023-05-10 21:02:29,ru2310,ru2310,12225.0,0.0,0.0,0.0,2,12225.0,12240.0,9,12175.0,12240.0,12260.0,12220.0,159.0,19458550.0,12414
2023-05-10 21:02:30,ru2310,ru2310,12225.0,0.0,0.0,0.0,3,12225.0,12235.0,1,12175.0,12240.0,12260.0,12220.0,159.0,19458550.0,12414
2023-05-10 21:02:30,ru2310,ru2310,12225.0,0.0,0.0,0.0,3,12225.0,12235.0,1,12175.0,12240.0,12260.0,12220.0,159.0,19458550.0,12414
2023-05-10 21:02:31,ru2310,ru2310,12235.0,1.0,122350.0,1.0,3,12225.0,12240.0,9,12175.0,12240.0,12260.0,12220.0,160.0,19580900.0,12415
2023-05-10 21:02:31,ru2310,ru2310,12235.0,0.0,0.0,0.0,4,12230.0,12240.0,4,12175.0,12240.0,12260.0,12220.0,160.0,19580900.0,12415
2023-05-10 21:02:32,ru2310,ru2310,12235.0,0.0,0.0,0.0,4,12230.0,12240.0,10,12175.0,12240.0,12260.0,12220.0,160.0,19580900.0,12415
2023-05-10 21:02:32,ru2310,ru2310,12235.0,0.0,0.0,0.0,2,12225.0,12235.0,2,12175.0,12240.0,12260.0,12220.0,160.0,19580900.0,12415
2023-05-10 21:02:33,ru2310,ru2310,12235.0,0.0,0.0,0.0,6,12225.0,12235.0,2,12175.0,12240.0,12260.0,12220.0,160.0,19580900.0,12415
2023-05-10 21:02:33,ru2310,ru2310,12235.0,2.0,244700.0,0.0,7,12225.0,12240.0,7,12175.0,12240.0,12260.0,12220.0,162.0,19825600.0,12415
2023-05-10 21:02:34,ru2310,ru2310,12235.0,0.0,0.0,0.0,6,12230.0,12240.0,4,12175.0,12240.0,12260.0,12220.0,162.0,19825600.0,12415
2023-05-10 21:02:34,ru2310,ru2310,12240.0,1.0,122400.0,1.0,6,12230.0,12240.0,3,12175.0,12240.0,12260.0,12220.0,163.0,19948000.0,12416
2023-05-10 21:02:35,ru2310,ru2310,12240.0,0.0,0.0,0.0,6,12230.0,12240.0,5,12175.0,12240.0,12260.0,12220.0,163.0,19948000.0,12416
2023-05-10 21:02:36,ru2310,ru2310,12240.0,0.0,0.0,0.0,7,12230.0,12245.0,4,12175.0,12240.0,12260.0,12220.0,163.0,19948000.0,12416
2023-05-10 21:02:37,ru2310,ru2310,12240.0,0.0,0.0,0.0,2,12235.0,12245.0,10,12175.0,12240.0,12260.0,12220.0,163.0,19948000.0,12416
2023-05-10 21:02:37,ru2310,ru2310,12240.0,0.0,0.0,0.0,2,12235.0,12245.0,10,12175.0,12240.0,12260.0,12220.0,163.0,19948000.0,12416
2023-05-10 21:02:38,ru2310,ru2310,12240.0,0.0,0.0,0.0,6,12235.0,12245.0,5,12175.0,12240.0,12260.0,12220.0,163.0,19948000.0,12416
2023-05-10 21:02:38,ru2310,ru2310,12240.0,0.0,0.0,0.0,6,12235.0,12250.0,8,12175.0,12240.0,12260.0,12220.0,163.0,19948000.0,12416
2023-05-10 21:02:39,ru2310,ru2310,12240.0,0.0,0.0,0.0,2,12240.0,12250.0,4,12175.0,12240.0,12260.0,12220.0,163.0,19948000.0,12416
2023-05-10 21:02:39,ru2310,ru2310,12240.0,0.0,0.0,0.0,6,12240.0,12250.0,2,12175.0,12240.0,12260.0,12220.0,163.0,19948000.0,12416
2023-05-10 21:02:40,ru2310,ru2310,12250.0,2.0,245000.0,0.0,6,12240.0,12265.0,2,12175.0,12240.0,12260.0,12220.0,165.0,20193000.0,12416
2023-05-10 21:02:40,ru2310,ru2310,12250.0,0.0,0.0,0.0,5,12240.0,12250.0,1,12175.0,12240.0,12260.0,12220.0,165.0,20193000.0,12416
2023-05-10 21:02:41,ru2310,ru2310,12250.0,0.0,0.0,0.0,5,12240.0,12250.0,2,12175.0,12240.0,12260.0,12220.0,165.0,20193000.0,12416
2023-05-10 21:02:41,ru2310,ru2310,12250.0,0.0,0.0,0.0,5,12240.0,12255.0,1,12175.0,12240.0,12260.0,12220.0,165.0,20193000.0,12416
2023-05-10 21:02:42,ru2310,ru2310,12250.0,0.0,0.0,0.0,5,12240.0,12250.0,3,12175.0,12240.0,12260.0,12220.0,165.0,20193000.0,12416
2023-05-10 21:02:42,ru2310,ru2310,12250.0,0.0,0.0,0.0,5,12240.0,12250.0,3,12175.0,12240.0,12260.0,12220.0,165.0,20193000.0,12416
2023-05-10 21:02:43,ru2310,ru2310,12250.0,0.0,0.0,0.0,3,12240.0,12250.0,3,12175.0,12240.0,12260.0,12220.0,165.0,20193000.0,12416
2023-05-10 21:02:44,ru2310,ru2310,12250.0,0.0,0.0,0.0,3,12240.0,12250.0,3,12175.0,12240.0,12260.0,12220.0,165.0,20193000.0,12416
2023-05-10 21:02:44,ru2310,ru2310,12250.0,2.0,245000.0,2.0,4,12240.0,12255.0,7,12175.0,12240.0,12260.0,12220.0,167.0,20438000.0,12418
2023-05-10 21:02:45,ru2310,ru2310,12250.0,1.0,122500.0,0.0,3,12240.0,12250.0,1,12175.0,12240.0,12260.0,12220.0,168.0,20560500.0,12418
2023-05-10 21:02:45,ru2310,ru2310,12250.0,0.0,0.0,0.0,3,12240.0,12250.0,2,12175.0,12240.0,12260.0,12220.0,168.0,20560500.0,12418
2023-05-10 21:02:47,ru2310,ru2310,12250.0,0.0,0.0,0.0,1,12240.0,12250.0,2,12175.0,12240.0,12260.0,12220.0,168.0,20560500.0,12418
2023-05-10 21:02:47,ru2310,ru2310,12240.0,1.0,122400.0,0.0,3,12225.0,12245.0,1,12175.0,12240.0,12260.0,12220.0,169.0,20682900.0,12418
2023-05-10 21:02:48,ru2310,ru2310,12240.0,0.0,0.0,0.0,4,12235.0,12245.0,1,12175.0,12240.0,12260.0,12220.0,169.0,20682900.0,12418
2023-05-10 21:02:48,ru2310,ru2310,12240.0,0.0,0.0,0.0,7,12235.0,12245.0,9,12175.0,12240.0,12260.0,12220.0,169.0,20682900.0,12418
2023-05-10 21:02:49,ru2310,ru2310,12240.0,0.0,0.0,0.0,4,12235.0,12245.0,6,12175.0,12240.0,12260.0,12220.0,169.0,20682900.0,12418
2023-05-10 21:02:50,ru2310,ru2310,12240.0,0.0,0.0,0.0,6,12235.0,12245.0,6,12175.0,12240.0,12260.0,12220.0,169.0,20682900.0,12418
2023-05-10 21:02:51,ru2310,ru2310,12240.0,0.0,0.0,0.0,9,12235.0,12245.0,3,12175.0,12240.0,12260.0,12220.0,169.0,20682900.0,12418
2023-05-10 21:02:51,ru2310,ru2310,12240.0,0.0,0.0,0.0,7,12235.0,12245.0,3,12175.0,12240.0,12260.0,12220.0,169.0,20682900.0,12418
2023-05-10 21:03:01,ru2310,ru2310,12235.0,7.0,856450.0,4.0,1,12230.0,12235.0,3,12175.0,12240.0,12260.0,12220.0,176.0,21539350.0,12422
2023-05-10 21:03:01,ru2310,ru2310,12235.0,0.0,0.0,0.0,1,12230.0,12235.0,3,12175.0,12240.0,12260.0,12220.0,176.0,21539350.0,12422
2023-05-10 21:03:02,ru2310,ru2310,12235.0,3.0,367050.0,0.0,3,12230.0,12240.0,1,12175.0,12240.0,12260.0,12220.0,179.0,21906400.0,12422
2023-05-10 21:03:02,ru2310,ru2310,12235.0,0.0,0.0,0.0,5,12230.0,12240.0,2,12175.0,12240.0,12260.0,12220.0,179.0,21906400.0,12422
2023-05-10 21:03:03,ru2310,ru2310,12235.0,0.0,0.0,0.0,3,12230.0,12240.0,4,12175.0,12240.0,12260.0,12220.0,179.0,21906400.0,12422
2023-05-10 21:03:03,ru2310,ru2310,12230.0,2.0,244600.0,-1.0,2,12225.0,12235.0,1,12175.0,12240.0,12260.0,12220.0,181.0,22151000.0,12421
2023-05-10 21:03:04,ru2310,ru2310,12225.0,2.0,244500.0,0.0,2,12225.0,12235.0,4,12175.0,12240.0,12260.0,12220.0,183.0,22395500.0,12421
2023-05-10 21:03:04,ru2310,ru2310,12225.0,0.0,0.0,0.0,2,12225.0,12235.0,5,12175.0,12240.0,12260.0,12220.0,183.0,22395500.0,12421
2023-05-10 21:03:06,ru2310,ru2310,12225.0,0.0,0.0,0.0,4,12225.0,12235.0,5,12175.0,12240.0,12260.0,12220.0,183.0,22395500.0,12421
2023-05-10 21:03:06,ru2310,ru2310,12225.0,0.0,0.0,0.0,2,12225.0,12235.0,5,12175.0,12240.0,12260.0,12220.0,183.0,22395500.0,12421
2023-05-10 21:03:07,ru2310,ru2310,12225.0,0.0,0.0,0.0,4,12225.0,12235.0,8,12175.0,12240.0,12260.0,12220.0,183.0,22395500.0,12421
2023-05-10 21:03:07,ru2310,ru2310,12225.0,0.0,0.0,0.0,2,12225.0,12235.0,8,12175.0,12240.0,12260.0,12220.0,183.0,22395500.0,12421
2023-05-10 21:03:08,ru2310,ru2310,12225.0,0.0,0.0,0.0,4,12225.0,12235.0,8,12175.0,12240.0,12260.0,12220.0,183.0,22395500.0,12421
2023-05-10 21:03:10,ru2310,ru2310,12225.0,0.0,0.0,0.0,2,12225.0,12235.0,8,12175.0,12240.0,12260.0,12220.0,183.0,22395500.0,12421
2023-05-10 21:03:17,ru2310,ru2310,12225.0,0.0,0.0,0.0,2,12230.0,12235.0,7,12175.0,12240.0,12260.0,12220.0,183.0,22395500.0,12421
2023-05-10 21:03:17,ru2310,ru2310,12230.0,2.0,244600.0,2.0,3,12225.0,12235.0,4,12175.0,12240.0,12260.0,12220.0,185.0,22640100.0,12423
2023-05-10 21:03:18,ru2310,ru2310,12230.0,0.0,0.0,0.0,2,12225.0,12235.0,7,12175.0,12240.0,12260.0,12220.0,185.0,22640100.0,12423
2023-05-10 21:03:21,ru2310,ru2310,12230.0,0.0,0.0,0.0,4,12225.0,12235.0,7,12175.0,12240.0,12260.0,12220.0,185.0,22640100.0,12423
2023-05-10 21:03:22,ru2310,ru2310,12230.0,0.0,0.0,0.0,4,12225.0,12235.0,7,12175.0,12240.0,12260.0,12220.0,185.0,22640100.0,12423
2023-05-10 21:03:23,ru2310,ru2310,12230.0,0.0,0.0,0.0,2,12225.0,12235.0,7,12175.0,12240.0,12260.0,12220.0,185.0,22640100.0,12423
2023-05-10 21:03:31,ru2310,ru2310,12240.0,6.0,734150.0,1.0,3,12235.0,12240.0,1,12175.0,12240.0,12260.0,12220.0,191.0,23374250.0,12424
2023-05-10 21:03:32,ru2310,ru2310,12240.0,1.0,122400.0,1.0,5,12235.0,12245.0,4,12175.0,12240.0,12260.0,12220.0,192.0,23496650.0,12425
2023-05-10 21:03:32,ru2310,ru2310,12240.0,0.0,0.0,0.0,7,12235.0,12245.0,5,12175.0,12240.0,12260.0,12220.0,192.0,23496650.0,12425
2023-05-10 21:03:34,ru2310,ru2310,12240.0,0.0,0.0,0.0,5,12235.0,12245.0,5,12175.0,12240.0,12260.0,12220.0,192.0,23496650.0,12425
2023-05-10 21:03:34,ru2310,ru2310,12240.0,0.0,0.0,0.0,7,12235.0,12245.0,5,12175.0,12240.0,12260.0,12220.0,192.0,23496650.0,12425
2023-05-10 21:03:35,ru2310,ru2310,12250.0,3.0,367400.0,3.0,3,12240.0,12250.0,3,12175.0,12240.0,12260.0,12220.0,195.0,23864050.0,12428
2023-05-10 21:03:36,ru2310,ru2310,12250.0,3.0,367500.0,1.0,5,12240.0,12255.0,6,12175.0,12240.0,12260.0,12220.0,198.0,24231550.0,12429
2023-05-10 21:03:36,ru2310,ru2310,12250.0,0.0,0.0,0.0,3,12240.0,12250.0,1,12175.0,12240.0,12260.0,12220.0,198.0,24231550.0,12429
2023-05-10 21:03:37,ru2310,ru2310,12250.0,0.0,0.0,0.0,6,12240.0,12255.0,7,12175.0,12240.0,12260.0,12220.0,198.0,24231550.0,12429
2023-05-10 21:03:37,ru2310,ru2310,12250.0,0.0,0.0,0.0,2,12245.0,12255.0,4,12175.0,12240.0,12260.0,12220.0,198.0,24231550.0,12429
2023-05-10 21:03:38,ru2310,ru2310,12250.0,0.0,0.0,0.0,2,12250.0,12255.0,6,12175.0,12240.0,12260.0,12220.0,198.0,24231550.0,12429
2023-05-10 21:03:38,ru2310,ru2310,12255.0,9.0,1102950.0,1.0,2,12250.0,12255.0,1,12175.0,12240.0,12260.0,12220.0,207.0,25334500.0,12430
2023-05-10 21:03:39,ru2310,ru2310,12255.0,2.0,245100.0,2.0,2,12250.0,12260.0,4,12175.0,12240.0,12260.0,12220.0,209.0,25579600.0,12432
2023-05-10 21:03:39,ru2310,ru2310,12255.0,0.0,0.0,0.0,4,12250.0,12255.0,1,12175.0,12240.0,12260.0,12220.0,209.0,25579600.0,12432
2023-05-10 21:03:40,ru2310,ru2310,12255.0,0.0,0.0,0.0,4,12250.0,12255.0,1,12175.0,12240.0,12260.0,12220.0,209.0,25579600.0,12432
2023-05-10 21:03:41,ru2310,ru2310,12250.0,4.0,490000.0,0.0,2,12250.0,12255.0,1,12175.0,12240.0,12260.0,12220.0,213.0,26069600.0,12432
2023-05-10 21:03:42,ru2310,ru2310,12250.0,0.0,0.0,0.0,2,12250.0,12255.0,1,12175.0,12240.0,12260.0,12220.0,213.0,26069600.0,12432
2023-05-10 21:03:43,ru2310,ru2310,12250.0,2.0,245000.0,0.0,6,12240.0,12255.0,1,12175.0,12240.0,12260.0,12220.0,215.0,26314600.0,12432
2023-05-10 21:03:43,ru2310,ru2310,12250.0,0.0,0.0,0.0,2,12245.0,12255.0,1,12175.0,12240.0,12260.0,12220.0,215.0,26314600.0,12432
2023-05-10 21:03:44,ru2310,ru2310,12250.0,0.0,0.0,0.0,2,12245.0,12255.0,1,12175.0,12240.0,12260.0,12220.0,215.0,26314600.0,12432
2023-05-10 21:03:44,ru2310,ru2310,12250.0,0.0,0.0,0.0,7,12245.0,12255.0,1,12175.0,12240.0,12260.0,12220.0,215.0,26314600.0,12432
2023-05-10 21:03:46,ru2310,ru2310,12250.0,0.0,0.0,0.0,9,12245.0,12250.0,1,12175.0,12240.0,12260.0,12220.0,215.0,26314600.0,12432
2023-05-10 21:03:47,ru2310,ru2310,12250.0,1.0,122500.0,0.0,2,12250.0,12255.0,4,12175.0,12240.0,12260.0,12220.0,216.0,26437100.0,12432
2023-05-10 21:03:47,ru2310,ru2310,12250.0,0.0,0.0,0.0,4,12250.0,12260.0,5,12175.0,12240.0,12260.0,12220.0,216.0,26437100.0,12432
2023-05-10 21:03:48,ru2310,ru2310,12250.0,0.0,0.0,0.0,2,12250.0,12255.0,2,12175.0,12240.0,12260.0,12220.0,216.0,26437100.0,12432
2023-05-10 21:03:48,ru2310,ru2310,12250.0,0.0,0.0,0.0,2,12250.0,12255.0,2,12175.0,12240.0,12260.0,12220.0,216.0,26437100.0,12432
2023-05-10 21:03:49,ru2310,ru2310,12250.0,0.0,0.0,0.0,4,12250.0,12255.0,2,12175.0,12240.0,12260.0,12220.0,216.0,26437100.0,12432
2023-05-10 21:03:49,ru2310,ru2310,12250.0,0.0,0.0,0.0,2,12250.0,12255.0,2,12175.0,12240.0,12260.0,12220.0,216.0,26437100.0,12432
2023-05-10 21:03:50,ru2310,ru2310,12250.0,0.0,0.0,0.0,4,12250.0,12260.0,5,12175.0,12240.0,12260.0,12220.0,216.0,26437100.0,12432
2023-05-10 21:03:50,ru2310,ru2310,12250.0,0.0,0.0,0.0,5,12250.0,12260.0,6,12175.0,12240.0,12260.0,12220.0,216.0,26437100.0,12432
2023-05-10 21:03:52,ru2310,ru2310,12250.0,0.0,0.0,0.0,2,12250.0,12255.0,1,12175.0,12240.0,12260.0,12220.0,216.0,26437100.0,12432
2023-05-10 21:03:52,ru2310,ru2310,12250.0,2.0,245000.0,0.0,4,12245.0,12255.0,2,12175.0,12240.0,12260.0,12220.0,218.0,26682100.0,12432
2023-05-10 21:03:53,ru2310,ru2310,12250.0,0.0,0.0,0.0,10,12245.0,12255.0,4,12175.0,12240.0,12260.0,12220.0,218.0,26682100.0,12432
2023-05-10 21:03:53,ru2310,ru2310,12250.0,0.0,0.0,0.0,11,12245.0,12255.0,2,12175.0,12240.0,12260.0,12220.0,218.0,26682100.0,12432
2023-05-10 21:03:54,ru2310,ru2310,12250.0,0.0,0.0,0.0,17,12245.0,12255.0,2,12175.0,12240.0,12260.0,12220.0,218.0,26682100.0,12432
2023-05-10 21:03:54,ru2310,ru2310,12250.0,0.0,0.0,0.0,11,12245.0,12255.0,2,12175.0,12240.0,12260.0,12220.0,218.0,26682100.0,12432
2023-05-10 21:03:55,ru2310,ru2310,12250.0,0.0,0.0,0.0,9,12245.0,12255.0,2,12175.0,12240.0,12260.0,12220.0,218.0,26682100.0,12432
2023-05-10 21:03:55,ru2310,ru2310,12250.0,0.0,0.0,0.0,8,12245.0,12255.0,2,12175.0,12240.0,12260.0,12220.0,218.0,26682100.0,12432
2023-05-10 21:03:56,ru2310,ru2310,12250.0,0.0,0.0,0.0,3,12245.0,12250.0,1,12175.0,12240.0,12260.0,12220.0,218.0,26682100.0,12432
2023-05-10 21:03:56,ru2310,ru2310,12245.0,3.0,367350.0,-3.0,2,12240.0,12245.0,3,12175.0,12240.0,12260.0,12220.0,221.0,27049450.0,12429
2023-05-10 21:03:57,ru2310,ru2310,12245.0,3.0,367350.0,0.0,14,12240.0,12250.0,1,12175.0,12240.0,12260.0,12220.0,224.0,27416800.0,12429
2023-05-10 21:03:57,ru2310,ru2310,12245.0,0.0,0.0,0.0,14,12240.0,12250.0,1,12175.0,12240.0,12260.0,12220.0,224.0,27416800.0,12429
2023-05-10 21:03:58,ru2310,ru2310,12245.0,0.0,0.0,0.0,8,12240.0,12250.0,1,12175.0,12240.0,12260.0,12220.0,224.0,27416800.0,12429
2023-05-10 21:04:00,ru2310,ru2310,12245.0,0.0,0.0,0.0,6,12240.0,12250.0,1,12175.0,12240.0,12260.0,12220.0,224.0,27416800.0,12429
2023-05-10 21:04:01,ru2310,ru2310,12245.0,0.0,0.0,0.0,4,12240.0,12250.0,1,12175.0,12240.0,12260.0,12220.0,224.0,27416800.0,12429
2023-05-10 21:04:02,ru2310,ru2310,12245.0,0.0,0.0,0.0,6,12240.0,12250.0,1,12175.0,12240.0,12260.0,12220.0,224.0,27416800.0,12429
2023-05-10 21:04:02,ru2310,ru2310,12245.0,0.0,0.0,0.0,9,12240.0,12250.0,1,12175.0,12240.0,12260.0,12220.0,224.0,27416800.0,12429
2023-05-10 21:04:03,ru2310,ru2310,12245.0,0.0,0.0,0.0,6,12240.0,12250.0,3,12175.0,12240.0,12260.0,12220.0,224.0,27416800.0,12429
2023-05-10 21:04:03,ru2310,ru2310,12245.0,0.0,0.0,0.0,6,12240.0,12250.0,3,12175.0,12240.0,12260.0,12220.0,224.0,27416800.0,12429
2023-05-10 21:04:05,ru2310,ru2310,12245.0,0.0,0.0,0.0,8,12240.0,12250.0,1,12175.0,12240.0,12260.0,12220.0,224.0,27416800.0,12429
2023-05-10 21:04:06,ru2310,ru2310,12245.0,0.0,0.0,0.0,5,12240.0,12245.0,1,12175.0,12240.0,12260.0,12220.0,224.0,27416800.0,12429
2023-05-10 21:04:06,ru2310,ru2310,12245.0,0.0,0.0,0.0,2,12240.0,12245.0,2,12175.0,12240.0,12260.0,12220.0,224.0,27416800.0,12429
2023-05-10 21:04:07,ru2310,ru2310,12245.0,0.0,0.0,0.0,2,12240.0,12250.0,7,12175.0,12240.0,12260.0,12220.0,224.0,27416800.0,12429
2023-05-10 21:04:07,ru2310,ru2310,12245.0,0.0,0.0,0.0,5,12240.0,12250.0,6,12175.0,12240.0,12260.0,12220.0,224.0,27416800.0,12429
2023-05-10 21:04:08,ru2310,ru2310,12245.0,0.0,0.0,0.0,3,12240.0,12250.0,4,12175.0,12240.0,12260.0,12220.0,224.0,27416800.0,12429
2023-05-10 21:04:09,ru2310,ru2310,12240.0,2.0,244800.0,0.0,7,12235.0,12245.0,4,12175.0,12240.0,12260.0,12220.0,226.0,27661600.0,12429
2023-05-10 21:04:10,ru2310,ru2310,12235.0,5.0,611750.0,-3.0,3,12235.0,12240.0,4,12175.0,12240.0,12260.0,12220.0,231.0,28273350.0,12426
2023-05-10 21:04:10,ru2310,ru2310,12235.0,3.0,367050.0,-3.0,10,12230.0,12235.0,3,12175.0,12240.0,12260.0,12220.0,234.0,28640400.0,12423
2023-05-10 21:04:11,ru2310,ru2310,12230.0,5.0,611650.0,0.0,12,12230.0,12240.0,1,12175.0,12240.0,12260.0,12220.0,239.0,29252050.0,12423
2023-05-10 21:04:11,ru2310,ru2310,12230.0,0.0,0.0,0.0,10,12230.0,12240.0,1,12175.0,12240.0,12260.0,12220.0,239.0,29252050.0,12423
2023-05-10 21:04:12,ru2310,ru2310,12230.0,0.0,0.0,0.0,10,12230.0,12240.0,3,12175.0,12240.0,12260.0,12220.0,239.0,29252050.0,12423
2023-05-10 21:04:14,ru2310,ru2310,12230.0,0.0,0.0,0.0,4,12230.0,12240.0,3,12175.0,12240.0,12260.0,12220.0,239.0,29252050.0,12423
2023-05-10 21:04:14,ru2310,ru2310,12230.0,0.0,0.0,0.0,10,12230.0,12240.0,3,12175.0,12240.0,12260.0,12220.0,239.0,29252050.0,12423
2023-05-10 21:04:16,ru2310,ru2310,12230.0,0.0,0.0,0.0,13,12230.0,12240.0,3,12175.0,12240.0,12260.0,12220.0,239.0,29252050.0,12423
2023-05-10 21:04:17,ru2310,ru2310,12230.0,0.0,0.0,0.0,14,12230.0,12240.0,3,12175.0,12240.0,12260.0,12220.0,239.0,29252050.0,12423
2023-05-10 21:04:17,ru2310,ru2310,12230.0,0.0,0.0,0.0,8,12230.0,12240.0,3,12175.0,12240.0,12260.0,12220.0,239.0,29252050.0,12423
2023-05-10 21:04:18,ru2310,ru2310,12230.0,0.0,0.0,0.0,7,12230.0,12240.0,3,12175.0,12240.0,12260.0,12220.0,239.0,29252050.0,12423
2023-05-10 21:04:19,ru2310,ru2310,12230.0,0.0,0.0,0.0,7,12230.0,12240.0,3,12175.0,12240.0,12260.0,12220.0,239.0,29252050.0,12423
2023-05-10 21:04:20,ru2310,ru2310,12230.0,0.0,0.0,0.0,7,12230.0,12240.0,3,12175.0,12240.0,12260.0,12220.0,239.0,29252050.0,12423
2023-05-10 21:04:24,ru2310,ru2310,12240.0,3.0,367200.0,1.0,7,12230.0,12245.0,14,12175.0,12240.0,12260.0,12220.0,242.0,29619250.0,12424
2023-05-10 21:04:25,ru2310,ru2310,12240.0,0.0,0.0,0.0,7,12230.0,12240.0,2,12175.0,12240.0,12260.0,12220.0,242.0,29619250.0,12424
2023-05-10 21:04:25,ru2310,ru2310,12240.0,0.0,0.0,0.0,7,12230.0,12240.0,1,12175.0,12240.0,12260.0,12220.0,242.0,29619250.0,12424
2023-05-10 21:04:36,ru2310,ru2310,12230.0,5.0,611500.0,-3.0,4,12215.0,12230.0,3,12175.0,12240.0,12260.0,12220.0,247.0,30230750.0,12421
2023-05-10 21:04:37,ru2310,ru2310,12230.0,0.0,0.0,0.0,2,12225.0,12230.0,3,12175.0,12240.0,12260.0,12220.0,247.0,30230750.0,12421
2023-05-10 21:04:37,ru2310,ru2310,12230.0,0.0,0.0,0.0,9,12225.0,12230.0,3,12175.0,12240.0,12260.0,12220.0,247.0,30230750.0,12421
2023-05-10 21:04:38,ru2310,ru2310,12230.0,0.0,0.0,0.0,10,12225.0,12230.0,3,12175.0,12240.0,12260.0,12220.0,247.0,30230750.0,12421
2023-05-10 21:04:41,ru2310,ru2310,12230.0,0.0,0.0,0.0,2,12225.0,12230.0,3,12175.0,12240.0,12260.0,12220.0,247.0,30230750.0,12421
2023-05-10 21:04:42,ru2310,ru2310,12230.0,0.0,0.0,0.0,2,12225.0,12230.0,3,12175.0,12240.0,12260.0,12220.0,247.0,30230750.0,12421
2023-05-10 21:04:42,ru2310,ru2310,12230.0,0.0,0.0,0.0,2,12225.0,12230.0,3,12175.0,12240.0,12260.0,12220.0,247.0,30230750.0,12421
2023-05-10 21:04:46,ru2310,ru2310,12230.0,0.0,0.0,0.0,2,12225.0,12230.0,5,12175.0,12240.0,12260.0,12220.0,247.0,30230750.0,12421
2023-05-10 21:04:52,ru2310,ru2310,12230.0,5.0,611500.0,3.0,2,12225.0,12235.0,4,12175.0,12240.0,12260.0,12220.0,252.0,30842250.0,12424
2023-05-10 21:04:52,ru2310,ru2310,12230.0,0.0,0.0,0.0,2,12225.0,12235.0,6,12175.0,12240.0,12260.0,12220.0,252.0,30842250.0,12424
2023-05-10 21:04:53,ru2310,ru2310,12230.0,0.0,0.0,0.0,5,12225.0,12235.0,5,12175.0,12240.0,12260.0,12220.0,252.0,30842250.0,12424
2023-05-10 21:04:53,ru2310,ru2310,12230.0,0.0,0.0,0.0,14,12225.0,12235.0,2,12175.0,12240.0,12260.0,12220.0,252.0,30842250.0,12424
2023-05-10 21:04:54,ru2310,ru2310,12230.0,0.0,0.0,0.0,14,12225.0,12240.0,6,12175.0,12240.0,12260.0,12220.0,252.0,30842250.0,12424
2023-05-10 21:04:56,ru2310,ru2310,12230.0,0.0,0.0,0.0,16,12225.0,12240.0,6,12175.0,12240.0,12260.0,12220.0,252.0,30842250.0,12424
2023-05-10 21:04:57,ru2310,ru2310,12230.0,0.0,0.0,0.0,14,12225.0,12240.0,6,12175.0,12240.0,12260.0,12220.0,252.0,30842250.0,12424
2023-05-10 21:04:58,ru2310,ru2310,12230.0,0.0,0.0,0.0,16,12225.0,12240.0,6,12175.0,12240.0,12260.0,12220.0,252.0,30842250.0,12424
2023-05-10 21:04:59,ru2310,ru2310,12230.0,0.0,0.0,0.0,2,12230.0,12240.0,6,12175.0,12240.0,12260.0,12220.0,252.0,30842250.0,12424
2023-05-10 21:04:59,ru2310,ru2310,12230.0,0.0,0.0,0.0,2,12230.0,12240.0,6,12175.0,12240.0,12260.0,12220.0,252.0,30842250.0,12424
2023-05-10 21:05:00,ru2310,ru2310,12230.0,0.0,0.0,0.0,3,12230.0,12240.0,6,12175.0,12240.0,12260.0,12220.0,252.0,30842250.0,12424
2023-05-10 21:05:00,ru2310,ru2310,12230.0,0.0,0.0,0.0,2,12230.0,12235.0,1,12175.0,12240.0,12260.0,12220.0,252.0,30842250.0,12424
2023-05-10 21:05:01,ru2310,ru2310,12230.0,0.0,0.0,0.0,6,12225.0,12235.0,2,12175.0,12240.0,12260.0,12220.0,252.0,30842250.0,12424
2023-05-10 21:05:05,ru2310,ru2310,12230.0,0.0,0.0,0.0,6,12225.0,12235.0,2,12175.0,12240.0,12260.0,12220.0,252.0,30842250.0,12424
2023-05-10 21:05:05,ru2310,ru2310,12230.0,0.0,0.0,0.0,9,12225.0,12240.0,6,12175.0,12240.0,12260.0,12220.0,252.0,30842250.0,12424
2023-05-10 21:05:06,ru2310,ru2310,12230.0,0.0,0.0,0.0,1,12230.0,12240.0,6,12175.0,12240.0,12260.0,12220.0,252.0,30842250.0,12424
2023-05-10 21:05:06,ru2310,ru2310,12230.0,0.0,0.0,0.0,1,12230.0,12240.0,6,12175.0,12240.0,12260.0,12220.0,252.0,30842250.0,12424
2023-05-10 21:05:07,ru2310,ru2310,12230.0,0.0,0.0,0.0,3,12230.0,12240.0,6,12175.0,12240.0,12260.0,12220.0,252.0,30842250.0,12424
2023-05-10 21:05:07,ru2310,ru2310,12230.0,0.0,0.0,0.0,3,12230.0,12240.0,6,12175.0,12240.0,12260.0,12220.0,252.0,30842250.0,12424
2023-05-10 21:05:08,ru2310,ru2310,12230.0,0.0,0.0,0.0,6,12230.0,12240.0,5,12175.0,12240.0,12260.0,12220.0,252.0,30842250.0,12424
2023-05-10 21:05:08,ru2310,ru2310,12230.0,0.0,0.0,0.0,6,12230.0,12240.0,3,12175.0,12240.0,12260.0,12220.0,252.0,30842250.0,12424
2023-05-10 21:05:13,ru2310,ru2310,12230.0,0.0,0.0,0.0,15,12230.0,12245.0,8,12175.0,12240.0,12260.0,12220.0,252.0,30842250.0,12424
2023-05-10 21:05:13,ru2310,ru2310,12230.0,0.0,0.0,0.0,2,12235.0,12245.0,8,12175.0,12240.0,12260.0,12220.0,252.0,30842250.0,12424
2023-05-10 21:05:14,ru2310,ru2310,12230.0,0.0,0.0,0.0,2,12235.0,12245.0,8,12175.0,12240.0,12260.0,12220.0,252.0,30842250.0,12424
2023-05-10 21:05:14,ru2310,ru2310,12230.0,0.0,0.0,0.0,3,12235.0,12245.0,8,12175.0,12240.0,12260.0,12220.0,252.0,30842250.0,12424
2023-05-10 21:05:15,ru2310,ru2310,12230.0,0.0,0.0,0.0,3,12235.0,12245.0,8,12175.0,12240.0,12260.0,12220.0,252.0,30842250.0,12424
2023-05-10 21:05:17,ru2310,ru2310,12230.0,0.0,0.0,0.0,5,12235.0,12245.0,8,12175.0,12240.0,12260.0,12220.0,252.0,30842250.0,12424
2023-05-10 21:05:20,ru2310,ru2310,12230.0,0.0,0.0,0.0,5,12235.0,12245.0,8,12175.0,12240.0,12260.0,12220.0,252.0,30842250.0,12424
2023-05-10 21:05:20,ru2310,ru2310,12245.0,7.0,857150.0,2.0,3,12245.0,12250.0,4,12175.0,12240.0,12260.0,12220.0,259.0,31699400.0,12426
2023-05-10 21:05:21,ru2310,ru2310,12245.0,5.0,612350.0,0.0,2,12225.0,12250.0,1,12175.0,12240.0,12260.0,12220.0,264.0,32311750.0,12426
2023-05-10 21:05:21,ru2310,ru2310,12245.0,0.0,0.0,0.0,2,12240.0,12250.0,1,12175.0,12240.0,12260.0,12220.0,264.0,32311750.0,12426
2023-05-10 21:05:22,ru2310,ru2310,12245.0,0.0,0.0,0.0,13,12230.0,12250.0,1,12175.0,12240.0,12260.0,12220.0,264.0,32311750.0,12426
2023-05-10 21:05:22,ru2310,ru2310,12245.0,0.0,0.0,0.0,6,12235.0,12250.0,1,12175.0,12240.0,12260.0,12220.0,264.0,32311750.0,12426
2023-05-10 21:05:23,ru2310,ru2310,12245.0,0.0,0.0,0.0,12,12235.0,12250.0,1,12175.0,12240.0,12260.0,12220.0,264.0,32311750.0,12426
2023-05-10 21:05:23,ru2310,ru2310,12245.0,0.0,0.0,0.0,10,12235.0,12250.0,1,12175.0,12240.0,12260.0,12220.0,264.0,32311750.0,12426
2023-05-10 21:05:24,ru2310,ru2310,12245.0,0.0,0.0,0.0,12,12235.0,12250.0,1,12175.0,12240.0,12260.0,12220.0,264.0,32311750.0,12426
2023-05-10 21:05:25,ru2310,ru2310,12245.0,0.0,0.0,0.0,2,12240.0,12265.0,3,12175.0,12240.0,12260.0,12220.0,264.0,32311750.0,12426
2023-05-10 21:05:26,ru2310,ru2310,12245.0,0.0,0.0,0.0,4,12235.0,12255.0,2,12175.0,12240.0,12260.0,12220.0,264.0,32311750.0,12426
2023-05-10 21:05:26,ru2310,ru2310,12245.0,0.0,0.0,0.0,6,12240.0,12255.0,3,12175.0,12240.0,12260.0,12220.0,264.0,32311750.0,12426
2023-05-10 21:05:27,ru2310,ru2310,12245.0,0.0,0.0,0.0,18,12240.0,12255.0,6,12175.0,12240.0,12260.0,12220.0,264.0,32311750.0,12426
2023-05-10 21:05:27,ru2310,ru2310,12245.0,0.0,0.0,0.0,16,12240.0,12255.0,6,12175.0,12240.0,12260.0,12220.0,264.0,32311750.0,12426
2023-05-10 21:05:28,ru2310,ru2310,12245.0,0.0,0.0,0.0,18,12240.0,12255.0,6,12175.0,12240.0,12260.0,12220.0,264.0,32311750.0,12426
2023-05-10 21:05:28,ru2310,ru2310,12245.0,0.0,0.0,0.0,16,12240.0,12255.0,6,12175.0,12240.0,12260.0,12220.0,264.0,32311750.0,12426
2023-05-10 21:05:29,ru2310,ru2310,12245.0,0.0,0.0,0.0,1,12245.0,12255.0,6,12175.0,12240.0,12260.0,12220.0,264.0,32311750.0,12426
2023-05-10 21:05:29,ru2310,ru2310,12245.0,0.0,0.0,0.0,2,12245.0,12255.0,6,12175.0,12240.0,12260.0,12220.0,264.0,32311750.0,12426
2023-05-10 21:05:30,ru2310,ru2310,12245.0,0.0,0.0,0.0,3,12245.0,12255.0,6,12175.0,12240.0,12260.0,12220.0,264.0,32311750.0,12426
2023-05-10 21:05:31,ru2310,ru2310,12245.0,3.0,367350.0,-2.0,10,12240.0,12255.0,6,12175.0,12240.0,12260.0,12220.0,267.0,32679100.0,12424
2023-05-10 21:05:31,ru2310,ru2310,12245.0,0.0,0.0,0.0,4,12240.0,12250.0,1,12175.0,12240.0,12260.0,12220.0,267.0,32679100.0,12424
2023-05-10 21:05:32,ru2310,ru2310,12245.0,0.0,0.0,0.0,4,12240.0,12245.0,1,12175.0,12240.0,12260.0,12220.0,267.0,32679100.0,12424
2023-05-10 21:05:32,ru2310,ru2310,12245.0,0.0,0.0,0.0,1,12240.0,12245.0,1,12175.0,12240.0,12260.0,12220.0,267.0,32679100.0,12424
2023-05-10 21:05:33,ru2310,ru2310,12245.0,1.0,122450.0,0.0,1,12240.0,12250.0,4,12175.0,12240.0,12260.0,12220.0,268.0,32801550.0,12424
2023-05-10 21:05:33,ru2310,ru2310,12245.0,0.0,0.0,0.0,1,12240.0,12250.0,5,12175.0,12240.0,12260.0,12220.0,268.0,32801550.0,12424
2023-05-10 21:05:34,ru2310,ru2310,12245.0,0.0,0.0,0.0,1,12240.0,12245.0,1,12175.0,12240.0,12260.0,12220.0,268.0,32801550.0,12424
2023-05-10 21:05:34,ru2310,ru2310,12245.0,1.0,122450.0,0.0,1,12240.0,12250.0,4,12175.0,12240.0,12260.0,12220.0,269.0,32924000.0,12424
2023-05-10 21:05:35,ru2310,ru2310,12245.0,0.0,0.0,0.0,1,12240.0,12250.0,5,12175.0,12240.0,12260.0,12220.0,269.0,32924000.0,12424
2023-05-10 21:05:36,ru2310,ru2310,12250.0,29.0,3552500.0,26.0,24,12250.0,12255.0,9,12175.0,12240.0,12260.0,12220.0,298.0,36476500.0,12450
2023-05-10 21:05:36,ru2310,ru2310,12250.0,25.0,3062500.0,13.0,1,12240.0,12250.0,12,12175.0,12240.0,12260.0,12220.0,323.0,39539000.0,12463
2023-05-10 21:05:37,ru2310,ru2310,12250.0,0.0,0.0,0.0,3,12240.0,12250.0,2,12175.0,12240.0,12260.0,12220.0,323.0,39539000.0,12463
2023-05-10 21:05:37,ru2310,ru2310,12250.0,0.0,0.0,0.0,5,12240.0,12250.0,4,12175.0,12240.0,12260.0,12220.0,323.0,39539000.0,12463
2023-05-10 21:05:39,ru2310,ru2310,12250.0,0.0,0.0,0.0,5,12240.0,12245.0,1,12175.0,12240.0,12260.0,12220.0,323.0,39539000.0,12463
2023-05-10 21:05:39,ru2310,ru2310,12240.0,2.0,244850.0,1.0,4,12240.0,12245.0,1,12175.0,12240.0,12260.0,12220.0,325.0,39783850.0,12464
2023-05-10 21:05:40,ru2310,ru2310,12245.0,1.0,122450.0,1.0,4,12240.0,12245.0,1,12175.0,12240.0,12260.0,12220.0,326.0,39906300.0,12465
2023-05-10 21:05:40,ru2310,ru2310,12245.0,1.0,122450.0,1.0,4,12240.0,12250.0,3,12175.0,12240.0,12260.0,12220.0,327.0,40028750.0,12466
2023-05-10 21:05:42,ru2310,ru2310,12245.0,0.0,0.0,0.0,7,12240.0,12250.0,3,12175.0,12240.0,12260.0,12220.0,327.0,40028750.0,12466
2023-05-10 21:05:46,ru2310,ru2310,12250.0,1.0,122500.0,0.0,49,12250.0,12255.0,15,12175.0,12240.0,12260.0,12220.0,328.0,40151250.0,12466
2023-05-10 21:05:46,ru2310,ru2310,12250.0,50.0,6125000.0,47.0,3,12245.0,12250.0,23,12175.0,12240.0,12260.0,12220.0,378.0,46276250.0,12513
2023-05-10 21:05:47,ru2310,ru2310,12245.0,3.0,367350.0,-3.0,3,12240.0,12245.0,15,12175.0,12240.0,12260.0,12220.0,381.0,46643600.0,12510
2023-05-10 21:05:47,ru2310,ru2310,12245.0,15.0,1836750.0,12.0,5,12240.0,12250.0,1,12175.0,12240.0,12260.0,12220.0,396.0,48480350.0,12522
2023-05-10 21:05:48,ru2310,ru2310,12245.0,0.0,0.0,0.0,6,12240.0,12250.0,1,12175.0,12240.0,12260.0,12220.0,396.0,48480350.0,12522
2023-05-10 21:05:49,ru2310,ru2310,12245.0,0.0,0.0,0.0,2,12245.0,12250.0,1,12175.0,12240.0,12260.0,12220.0,396.0,48480350.0,12522
2023-05-10 21:05:50,ru2310,ru2310,12245.0,0.0,0.0,0.0,2,12245.0,12250.0,1,12175.0,12240.0,12260.0,12220.0,396.0,48480350.0,12522
2023-05-10 21:05:50,ru2310,ru2310,12245.0,0.0,0.0,0.0,5,12245.0,12250.0,1,12175.0,12240.0,12260.0,12220.0,396.0,48480350.0,12522
2023-05-10 21:05:51,ru2310,ru2310,12250.0,1.0,122500.0,-1.0,3,12245.0,12255.0,4,12175.0,12240.0,12260.0,12220.0,397.0,48602850.0,12521
2023-05-10 21:05:51,ru2310,ru2310,12250.0,0.0,0.0,0.0,5,12245.0,12250.0,1,12175.0,12240.0,12260.0,12220.0,397.0,48602850.0,12521
2023-05-10 21:05:52,ru2310,ru2310,12250.0,1.0,122500.0,-1.0,5,12245.0,12255.0,2,12175.0,12240.0,12260.0,12220.0,398.0,48725350.0,12520
2023-05-10 21:05:52,ru2310,ru2310,12250.0,0.0,0.0,0.0,3,12240.0,12250.0,1,12175.0,12240.0,12260.0,12220.0,398.0,48725350.0,12520
2023-05-10 21:05:53,ru2310,ru2310,12250.0,0.0,0.0,0.0,9,12240.0,12250.0,1,12175.0,12240.0,12260.0,12220.0,398.0,48725350.0,12520
2023-05-10 21:05:55,ru2310,ru2310,12250.0,0.0,0.0,0.0,7,12240.0,12250.0,1,12175.0,12240.0,12260.0,12220.0,398.0,48725350.0,12520
2023-05-10 21:05:55,ru2310,ru2310,12250.0,0.0,0.0,0.0,7,12240.0,12250.0,1,12175.0,12240.0,12260.0,12220.0,398.0,48725350.0,12520
2023-05-10 21:05:56,ru2310,ru2310,12250.0,0.0,0.0,0.0,12,12240.0,12255.0,11,12175.0,12240.0,12260.0,12220.0,398.0,48725350.0,12520
2023-05-10 21:05:56,ru2310,ru2310,12250.0,0.0,0.0,0.0,10,12240.0,12255.0,128,12175.0,12240.0,12260.0,12220.0,398.0,48725350.0,12520
2023-05-10 21:05:57,ru2310,ru2310,12250.0,0.0,0.0,0.0,10,12240.0,12255.0,134,12175.0,12240.0,12260.0,12220.0,398.0,48725350.0,12520
2023-05-10 21:05:57,ru2310,ru2310,12250.0,0.0,0.0,0.0,8,12240.0,12255.0,134,12175.0,12240.0,12260.0,12220.0,398.0,48725350.0,12520
2023-05-10 21:05:58,ru2310,ru2310,12250.0,0.0,0.0,0.0,7,12240.0,12255.0,133,12175.0,12240.0,12260.0,12220.0,398.0,48725350.0,12520
2023-05-10 21:06:00,ru2310,ru2310,12240.0,6.0,734400.0,-4.0,2,12235.0,12240.0,4,12175.0,12240.0,12260.0,12220.0,404.0,49459750.0,12516
2023-05-10 21:06:00,ru2310,ru2310,12240.0,0.0,0.0,0.0,5,12235.0,12240.0,4,12175.0,12240.0,12260.0,12220.0,404.0,49459750.0,12516
2023-05-10 21:06:01,ru2310,ru2310,12240.0,0.0,0.0,0.0,3,12235.0,12240.0,4,12175.0,12240.0,12260.0,12220.0,404.0,49459750.0,12516
2023-05-10 21:06:01,ru2310,ru2310,12240.0,0.0,0.0,0.0,3,12235.0,12240.0,4,12175.0,12240.0,12260.0,12220.0,404.0,49459750.0,12516
2023-05-10 21:06:03,ru2310,ru2310,12240.0,0.0,0.0,0.0,3,12235.0,12240.0,4,12175.0,12240.0,12260.0,12220.0,404.0,49459750.0,12516
2023-05-10 21:06:03,ru2310,ru2310,12240.0,4.0,489600.0,4.0,3,12235.0,12245.0,2,12175.0,12240.0,12260.0,12220.0,408.0,49949350.0,12520
2023-05-10 21:06:04,ru2310,ru2310,12240.0,0.0,0.0,0.0,5,12235.0,12245.0,2,12175.0,12240.0,12260.0,12220.0,408.0,49949350.0,12520
2023-05-10 21:06:05,ru2310,ru2310,12240.0,0.0,0.0,0.0,5,12235.0,12245.0,2,12175.0,12240.0,12260.0,12220.0,408.0,49949350.0,12520
2023-05-10 21:06:06,ru2310,ru2310,12240.0,0.0,0.0,0.0,8,12235.0,12245.0,2,12175.0,12240.0,12260.0,12220.0,408.0,49949350.0,12520
2023-05-10 21:06:07,ru2310,ru2310,12240.0,0.0,0.0,0.0,17,12235.0,12250.0,9,12175.0,12240.0,12260.0,12220.0,408.0,49949350.0,12520
2023-05-10 21:06:07,ru2310,ru2310,12240.0,0.0,0.0,0.0,8,12235.0,12245.0,3,12175.0,12240.0,12260.0,12220.0,408.0,49949350.0,12520
2023-05-10 21:06:08,ru2310,ru2310,12240.0,0.0,0.0,0.0,8,12235.0,12245.0,3,12175.0,12240.0,12260.0,12220.0,408.0,49949350.0,12520
2023-05-10 21:06:10,ru2310,ru2310,12240.0,0.0,0.0,0.0,8,12235.0,12245.0,2,12175.0,12240.0,12260.0,12220.0,408.0,49949350.0,12520
2023-05-10 21:06:11,ru2310,ru2310,12240.0,0.0,0.0,0.0,9,12235.0,12250.0,15,12175.0,12240.0,12260.0,12220.0,408.0,49949350.0,12520
2023-05-10 21:06:11,ru2310,ru2310,12240.0,0.0,0.0,0.0,17,12235.0,12250.0,6,12175.0,12240.0,12260.0,12220.0,408.0,49949350.0,12520
2023-05-10 21:06:12,ru2310,ru2310,12240.0,0.0,0.0,0.0,2,12240.0,12250.0,6,12175.0,12240.0,12260.0,12220.0,408.0,49949350.0,12520
2023-05-10 21:06:12,ru2310,ru2310,12240.0,0.0,0.0,0.0,2,12240.0,12250.0,9,12175.0,12240.0,12260.0,12220.0,408.0,49949350.0,12520
2023-05-10 21:06:13,ru2310,ru2310,12240.0,0.0,0.0,0.0,3,12240.0,12250.0,9,12175.0,12240.0,12260.0,12220.0,408.0,49949350.0,12520
2023-05-10 21:06:13,ru2310,ru2310,12240.0,2.0,244800.0,1.0,9,12235.0,12250.0,9,12175.0,12240.0,12260.0,12220.0,410.0,50194150.0,12521
2023-05-10 21:06:14,ru2310,ru2310,12240.0,1.0,122400.0,1.0,14,12235.0,12250.0,10,12175.0,12240.0,12260.0,12220.0,411.0,50316550.0,12522
2023-05-10 21:06:14,ru2310,ru2310,12240.0,1.0,122400.0,1.0,15,12235.0,12250.0,9,12175.0,12240.0,12260.0,12220.0,412.0,50438950.0,12523
2023-05-10 21:06:15,ru2310,ru2310,12235.0,2.0,244700.0,-1.0,5,12235.0,12250.0,5,12175.0,12240.0,12260.0,12220.0,414.0,50683650.0,12522
2023-05-10 21:06:15,ru2310,ru2310,12235.0,1.0,122350.0,1.0,1,12240.0,12250.0,5,12175.0,12240.0,12260.0,12220.0,415.0,50806000.0,12523
2023-05-10 21:06:16,ru2310,ru2310,12235.0,1.0,122350.0,1.0,4,12230.0,12250.0,5,12175.0,12240.0,12260.0,12220.0,416.0,50928350.0,12524
2023-05-10 21:06:16,ru2310,ru2310,12235.0,1.0,122350.0,0.0,3,12235.0,12250.0,11,12175.0,12240.0,12260.0,12220.0,417.0,51050700.0,12524
2023-05-10 21:06:17,ru2310,ru2310,12235.0,1.0,122350.0,1.0,2,12235.0,12250.0,11,12175.0,12240.0,12260.0,12220.0,418.0,51173050.0,12525
2023-05-10 21:06:17,ru2310,ru2310,12235.0,1.0,122350.0,1.0,1,12235.0,12250.0,11,12175.0,12240.0,12260.0,12220.0,419.0,51295400.0,12526
2023-05-10 21:06:18,ru2310,ru2310,12235.0,1.0,122350.0,0.0,2,12235.0,12250.0,11,12175.0,12240.0,12260.0,12220.0,420.0,51417750.0,12526
2023-05-10 21:06:18,ru2310,ru2310,12235.0,1.0,122350.0,0.0,7,12235.0,12250.0,5,12175.0,12240.0,12260.0,12220.0,421.0,51540100.0,12526
2023-05-10 21:06:19,ru2310,ru2310,12235.0,0.0,0.0,0.0,7,12235.0,12250.0,4,12175.0,12240.0,12260.0,12220.0,421.0,51540100.0,12526
2023-05-10 21:06:19,ru2310,ru2310,12250.0,3.0,367500.0,0.0,3,12250.0,12255.0,2,12175.0,12240.0,12260.0,12220.0,424.0,51907600.0,12526
2023-05-10 21:06:20,ru2310,ru2310,12235.0,4.0,489850.0,3.0,7,12235.0,12250.0,14,12175.0,12240.0,12260.0,12220.0,428.0,52397450.0,12529
2023-05-10 21:06:20,ru2310,ru2310,12235.0,1.0,122350.0,0.0,10,12235.0,12250.0,4,12175.0,12240.0,12260.0,12220.0,429.0,52519800.0,12529
2023-05-10 21:06:21,ru2310,ru2310,12235.0,1.0,122350.0,0.0,12,12235.0,12245.0,1,12175.0,12240.0,12260.0,12220.0,430.0,52642150.0,12529
2023-05-10 21:06:21,ru2310,ru2310,12245.0,1.0,122450.0,1.0,2,12240.0,12250.0,5,12175.0,12240.0,12260.0,12220.0,431.0,52764600.0,12530
2023-05-10 21:06:22,ru2310,ru2310,12240.0,1.0,122400.0,1.0,2,12240.0,12250.0,3,12175.0,12240.0,12260.0,12220.0,432.0,52887000.0,12531
2023-05-10 21:06:22,ru2310,ru2310,12240.0,1.0,122400.0,0.0,4,12240.0,12250.0,3,12175.0,12240.0,12260.0,12220.0,433.0,53009400.0,12531
2023-05-10 21:06:23,ru2310,ru2310,12250.0,4.0,490000.0,1.0,2,12250.0,12255.0,8,12175.0,12240.0,12260.0,12220.0,437.0,53499400.0,12532
2023-05-10 21:06:23,ru2310,ru2310,12250.0,1.0,122500.0,1.0,1,12250.0,12255.0,2,12175.0,12240.0,12260.0,12220.0,438.0,53621900.0,12533
2023-05-10 21:06:24,ru2310,ru2310,12250.0,1.0,122500.0,1.0,1,12250.0,12255.0,1,12175.0,12240.0,12260.0,12220.0,439.0,53744400.0,12534
2023-05-10 21:06:24,ru2310,ru2310,12245.0,2.0,244950.0,1.0,8,12240.0,12250.0,1,12175.0,12240.0,12260.0,12220.0,441.0,53989350.0,12535
2023-05-10 21:06:25,ru2310,ru2310,12250.0,2.0,245000.0,-1.0,1,12245.0,12260.0,6,12175.0,12240.0,12260.0,12220.0,443.0,54234350.0,12534
2023-05-10 21:06:25,ru2310,ru2310,12250.0,0.0,0.0,0.0,9,12245.0,12260.0,3,12175.0,12240.0,12260.0,12220.0,443.0,54234350.0,12534
2023-05-10 21:06:26,ru2310,ru2310,12250.0,0.0,0.0,0.0,9,12245.0,12260.0,3,12175.0,12240.0,12260.0,12220.0,443.0,54234350.0,12534
2023-05-10 21:06:26,ru2310,ru2310,12250.0,0.0,0.0,0.0,14,12245.0,12260.0,5,12175.0,12240.0,12260.0,12220.0,443.0,54234350.0,12534
2023-05-10 21:06:27,ru2310,ru2310,12245.0,1.0,122450.0,0.0,14,12245.0,12260.0,5,12175.0,12240.0,12260.0,12220.0,444.0,54356800.0,12534
2023-05-10 21:06:27,ru2310,ru2310,12245.0,0.0,0.0,0.0,8,12245.0,12255.0,2,12175.0,12240.0,12260.0,12220.0,444.0,54356800.0,12534
2023-05-10 21:06:28,ru2310,ru2310,12245.0,2.0,244900.0,0.0,3,12245.0,12255.0,3,12175.0,12240.0,12260.0,12220.0,446.0,54601700.0,12534
2023-05-10 21:06:28,ru2310,ru2310,12245.0,2.0,244900.0,0.0,3,12245.0,12255.0,2,12175.0,12240.0,12260.0,12220.0,448.0,54846600.0,12534
2023-05-10 21:06:29,ru2310,ru2310,12245.0,1.0,122450.0,1.0,5,12245.0,12255.0,3,12175.0,12240.0,12260.0,12220.0,449.0,54969050.0,12535
2023-05-10 21:06:29,ru2310,ru2310,12245.0,1.0,122450.0,0.0,7,12245.0,12255.0,3,12175.0,12240.0,12260.0,12220.0,450.0,55091500.0,12535
2023-05-10 21:06:31,ru2310,ru2310,12245.0,4.0,489800.0,-4.0,4,12240.0,12245.0,4,12175.0,12240.0,12260.0,12220.0,454.0,55581300.0,12531
2023-05-10 21:06:32,ru2310,ru2310,12245.0,5.0,612250.0,-1.0,12,12240.0,12255.0,3,12175.0,12240.0,12260.0,12220.0,459.0,56193550.0,12530
2023-05-10 21:06:32,ru2310,ru2310,12245.0,0.0,0.0,0.0,13,12240.0,12255.0,5,12175.0,12240.0,12260.0,12220.0,459.0,56193550.0,12530
2023-05-10 21:06:34,ru2310,ru2310,12245.0,0.0,0.0,0.0,16,12240.0,12255.0,5,12175.0,12240.0,12260.0,12220.0,459.0,56193550.0,12530
2023-05-10 21:06:37,ru2310,ru2310,12245.0,0.0,0.0,0.0,2,12245.0,12255.0,3,12175.0,12240.0,12260.0,12220.0,459.0,56193550.0,12530
2023-05-10 21:06:37,ru2310,ru2310,12245.0,0.0,0.0,0.0,3,12245.0,12255.0,6,12175.0,12240.0,12260.0,12220.0,459.0,56193550.0,12530
2023-05-10 21:06:38,ru2310,ru2310,12245.0,0.0,0.0,0.0,4,12245.0,12255.0,6,12175.0,12240.0,12260.0,12220.0,459.0,56193550.0,12530
2023-05-10 21:06:40,ru2310,ru2310,12245.0,0.0,0.0,0.0,4,12245.0,12255.0,4,12175.0,12240.0,12260.0,12220.0,459.0,56193550.0,12530
2023-05-10 21:06:40,ru2310,ru2310,12255.0,4.0,490200.0,0.0,4,12255.0,12260.0,5,12175.0,12240.0,12260.0,12220.0,463.0,56683750.0,12530
2023-05-10 21:06:41,ru2310,ru2310,12245.0,5.0,612650.0,-1.0,2,12245.0,12260.0,7,12175.0,12240.0,12260.0,12220.0,468.0,57296400.0,12529
2023-05-10 21:06:41,ru2310,ru2310,12245.0,1.0,122450.0,1.0,2,12245.0,12260.0,14,12175.0,12240.0,12260.0,12220.0,469.0,57418850.0,12530
2023-05-10 21:06:42,ru2310,ru2310,12245.0,0.0,0.0,0.0,4,12245.0,12255.0,2,12175.0,12240.0,12260.0,12220.0,469.0,57418850.0,12530
2023-05-10 21:06:42,ru2310,ru2310,12245.0,0.0,0.0,0.0,4,12245.0,12255.0,3,12175.0,12240.0,12260.0,12220.0,469.0,57418850.0,12530
2023-05-10 21:06:44,ru2310,ru2310,12255.0,3.0,367650.0,-3.0,1,12255.0,12260.0,5,12175.0,12240.0,12260.0,12220.0,472.0,57786500.0,12527
2023-05-10 21:06:44,ru2310,ru2310,12250.0,2.0,245050.0,1.0,7,12245.0,12260.0,7,12175.0,12240.0,12260.0,12220.0,474.0,58031550.0,12528
2023-05-10 21:06:45,ru2310,ru2310,12250.0,1.0,122500.0,0.0,10,12245.0,12250.0,1,12175.0,12240.0,12260.0,12220.0,475.0,58154050.0,12528
2023-05-10 21:06:45,ru2310,ru2310,12250.0,1.0,122500.0,-1.0,10,12245.0,12260.0,6,12175.0,12240.0,12260.0,12220.0,476.0,58276550.0,12527
2023-05-10 21:06:46,ru2310,ru2310,12250.0,0.0,0.0,0.0,11,12245.0,12260.0,8,12175.0,12240.0,12260.0,12220.0,476.0,58276550.0,12527
2023-05-10 21:06:46,ru2310,ru2310,12245.0,1.0,122450.0,0.0,13,12245.0,12260.0,11,12175.0,12240.0,12260.0,12220.0,477.0,58399000.0,12527
2023-05-10 21:06:47,ru2310,ru2310,12245.0,1.0,122450.0,0.0,7,12245.0,12260.0,19,12175.0,12240.0,12260.0,12220.0,478.0,58521450.0,12527
2023-05-10 21:06:47,ru2310,ru2310,12245.0,1.0,122450.0,1.0,4,12245.0,12260.0,16,12175.0,12240.0,12260.0,12220.0,479.0,58643900.0,12528
2023-05-10 21:06:48,ru2310,ru2310,12245.0,0.0,0.0,0.0,10,12245.0,12260.0,7,12175.0,12240.0,12260.0,12220.0,479.0,58643900.0,12528
2023-05-10 21:06:48,ru2310,ru2310,12245.0,0.0,0.0,0.0,13,12245.0,12260.0,7,12175.0,12240.0,12260.0,12220.0,479.0,58643900.0,12528
2023-05-10 21:06:49,ru2310,ru2310,12260.0,1.0,122600.0,1.0,13,12245.0,12260.0,6,12175.0,12240.0,12260.0,12220.0,480.0,58766500.0,12529
2023-05-10 21:06:49,ru2310,ru2310,12245.0,3.0,367350.0,-3.0,5,12245.0,12260.0,5,12175.0,12240.0,12260.0,12220.0,483.0,59133850.0,12526
2023-05-10 21:06:50,ru2310,ru2310,12245.0,0.0,0.0,0.0,6,12245.0,12260.0,6,12175.0,12240.0,12260.0,12220.0,483.0,59133850.0,12526
2023-05-10 21:06:51,ru2310,ru2310,12245.0,0.0,0.0,0.0,6,12245.0,12260.0,12,12175.0,12240.0,12260.0,12220.0,483.0,59133850.0,12526
2023-05-10 21:06:51,ru2310,ru2310,12245.0,0.0,0.0,0.0,6,12245.0,12260.0,12,12175.0,12240.0,12260.0,12220.0,483.0,59133850.0,12526
2023-05-10 21:06:52,ru2310,ru2310,12245.0,2.0,244900.0,0.0,1,12245.0,12260.0,12,12175.0,12240.0,12260.0,12220.0,485.0,59378750.0,12526
2023-05-10 21:06:52,ru2310,ru2310,12245.0,2.0,244900.0,-1.0,2,12245.0,12255.0,2,12175.0,12240.0,12260.0,12220.0,487.0,59623650.0,12525
2023-05-10 21:06:53,ru2310,ru2310,12245.0,1.0,122450.0,0.0,7,12240.0,12260.0,7,12175.0,12240.0,12260.0,12220.0,488.0,59746100.0,12525
2023-05-10 21:06:53,ru2310,ru2310,12245.0,1.0,122450.0,0.0,1,12245.0,12260.0,10,12175.0,12240.0,12260.0,12220.0,489.0,59868550.0,12525
2023-05-10 21:06:54,ru2310,ru2310,12245.0,1.0,122450.0,0.0,2,12240.0,12245.0,1,12175.0,12240.0,12260.0,12220.0,490.0,59991000.0,12525
2023-05-10 21:06:54,ru2310,ru2310,12245.0,2.0,244900.0,-1.0,1,12245.0,12260.0,1,12175.0,12240.0,12260.0,12220.0,492.0,60235900.0,12524
2023-05-10 21:06:55,ru2310,ru2310,12240.0,1.0,122400.0,0.0,1,12245.0,12260.0,10,12175.0,12240.0,12260.0,12220.0,493.0,60358300.0,12524
2023-05-10 21:06:55,ru2310,ru2310,12245.0,2.0,244850.0,-1.0,11,12240.0,12245.0,1,12175.0,12240.0,12260.0,12220.0,495.0,60603150.0,12523
2023-05-10 21:06:56,ru2310,ru2310,12245.0,2.0,244900.0,0.0,1,12245.0,12260.0,7,12175.0,12240.0,12260.0,12220.0,497.0,60848050.0,12523
2023-05-10 21:06:56,ru2310,ru2310,12245.0,1.0,122450.0,0.0,11,12240.0,12245.0,1,12175.0,12240.0,12260.0,12220.0,498.0,60970500.0,12523
2023-05-10 21:06:57,ru2310,ru2310,12245.0,2.0,244900.0,0.0,1,12245.0,12260.0,7,12175.0,12240.0,12260.0,12220.0,500.0,61215400.0,12523
2023-05-10 21:06:57,ru2310,ru2310,12240.0,1.0,122400.0,0.0,1,12245.0,12255.0,4,12175.0,12240.0,12260.0,12220.0,501.0,61337800.0,12523
2023-05-10 21:06:58,ru2310,ru2310,12240.0,2.0,244850.0,0.0,3,12235.0,12245.0,1,12175.0,12240.0,12260.0,12220.0,503.0,61582650.0,12523
2023-05-10 21:06:58,ru2310,ru2310,12240.0,2.0,244850.0,0.0,3,12240.0,12250.0,5,12175.0,12240.0,12260.0,12220.0,505.0,61827500.0,12523
2023-05-10 21:06:59,ru2310,ru2310,12240.0,0.0,0.0,0.0,4,12240.0,12250.0,6,12175.0,12240.0,12260.0,12220.0,505.0,61827500.0,12523
2023-05-10 21:06:59,ru2310,ru2310,12240.0,0.0,0.0,0.0,4,12240.0,12250.0,6,12175.0,12240.0,12260.0,12220.0,505.0,61827500.0,12523
2023-05-10 21:07:00,ru2310,ru2310,12240.0,0.0,0.0,0.0,2,12240.0,12250.0,6,12175.0,12240.0,12260.0,12220.0,505.0,61827500.0,12523
2023-05-10 21:07:00,ru2310,ru2310,12250.0,6.0,735000.0,2.0,28,12250.0,12255.0,7,12175.0,12240.0,12260.0,12220.0,511.0,62562500.0,12525
2023-05-10 21:07:01,ru2310,ru2310,12250.0,29.0,3552500.0,20.0,1,12240.0,12250.0,3,12175.0,12240.0,12260.0,12220.0,540.0,66115000.0,12545
2023-05-10 21:07:01,ru2310,ru2310,12250.0,0.0,0.0,0.0,4,12240.0,12250.0,7,12175.0,12240.0,12260.0,12220.0,540.0,66115000.0,12545
2023-05-10 21:07:03,ru2310,ru2310,12250.0,0.0,0.0,0.0,3,12240.0,12250.0,7,12175.0,12240.0,12260.0,12220.0,540.0,66115000.0,12545
2023-05-10 21:07:04,ru2310,ru2310,12250.0,0.0,0.0,0.0,3,12240.0,12250.0,7,12175.0,12240.0,12260.0,12220.0,540.0,66115000.0,12545
2023-05-10 21:07:04,ru2310,ru2310,12250.0,0.0,0.0,0.0,1,12240.0,12250.0,7,12175.0,12240.0,12260.0,12220.0,540.0,66115000.0,12545
2023-05-10 21:07:05,ru2310,ru2310,12250.0,0.0,0.0,0.0,1,12240.0,12250.0,10,12175.0,12240.0,12260.0,12220.0,540.0,66115000.0,12545
2023-05-10 21:07:05,ru2310,ru2310,12250.0,0.0,0.0,0.0,1,12240.0,12250.0,13,12175.0,12240.0,12260.0,12220.0,540.0,66115000.0,12545
2023-05-10 21:07:06,ru2310,ru2310,12250.0,0.0,0.0,0.0,1,12240.0,12250.0,7,12175.0,12240.0,12260.0,12220.0,540.0,66115000.0,12545
2023-05-10 21:07:07,ru2310,ru2310,12250.0,0.0,0.0,0.0,1,12240.0,12250.0,10,12175.0,12240.0,12260.0,12220.0,540.0,66115000.0,12545
2023-05-10 21:07:07,ru2310,ru2310,12250.0,0.0,0.0,0.0,1,12240.0,12250.0,11,12175.0,12240.0,12260.0,12220.0,540.0,66115000.0,12545
2023-05-10 21:07:08,ru2310,ru2310,12250.0,0.0,0.0,0.0,1,12240.0,12250.0,17,12175.0,12240.0,12260.0,12220.0,540.0,66115000.0,12545
2023-05-10 21:07:08,ru2310,ru2310,12250.0,0.0,0.0,0.0,1,12240.0,12250.0,14,12175.0,12240.0,12260.0,12220.0,540.0,66115000.0,12545
2023-05-10 21:07:09,ru2310,ru2310,12250.0,0.0,0.0,0.0,1,12240.0,12250.0,10,12175.0,12240.0,12260.0,12220.0,540.0,66115000.0,12545
2023-05-10 21:07:09,ru2310,ru2310,12250.0,0.0,0.0,0.0,1,12240.0,12250.0,11,12175.0,12240.0,12260.0,12220.0,540.0,66115000.0,12545
2023-05-10 21:07:13,ru2310,ru2310,12250.0,0.0,0.0,0.0,1,12240.0,12250.0,11,12175.0,12240.0,12260.0,12220.0,540.0,66115000.0,12545
2023-05-10 21:07:14,ru2310,ru2310,12250.0,11.0,1347500.0,-10.0,8,12250.0,12255.0,13,12175.0,12240.0,12260.0,12220.0,551.0,67462500.0,12535
2023-05-10 21:07:15,ru2310,ru2310,12250.0,0.0,0.0,0.0,8,12250.0,12255.0,2,12175.0,12240.0,12260.0,12220.0,551.0,67462500.0,12535
2023-05-10 21:07:15,ru2310,ru2310,12250.0,0.0,0.0,0.0,9,12250.0,12255.0,4,12175.0,12240.0,12260.0,12220.0,551.0,67462500.0,12535
2023-05-10 21:07:16,ru2310,ru2310,12255.0,3.0,367650.0,-2.0,9,12250.0,12255.0,1,12175.0,12240.0,12260.0,12220.0,554.0,67830150.0,12533
2023-05-10 21:07:16,ru2310,ru2310,12255.0,1.0,122550.0,-1.0,1,12255.0,12265.0,6,12175.0,12240.0,12260.0,12220.0,555.0,67952700.0,12532
2023-05-10 21:07:17,ru2310,ru2310,12255.0,0.0,0.0,0.0,1,12255.0,12260.0,2,12175.0,12240.0,12260.0,12220.0,555.0,67952700.0,12532
2023-05-10 21:07:17,ru2310,ru2310,12255.0,0.0,0.0,0.0,2,12255.0,12260.0,11,12175.0,12240.0,12260.0,12220.0,555.0,67952700.0,12532
2023-05-10 21:07:18,ru2310,ru2310,12255.0,0.0,0.0,0.0,2,12255.0,12260.0,12,12175.0,12240.0,12260.0,12220.0,555.0,67952700.0,12532
2023-05-10 21:07:18,ru2310,ru2310,12255.0,2.0,245100.0,0.0,17,12250.0,12255.0,1,12175.0,12240.0,12260.0,12220.0,557.0,68197800.0,12532
2023-05-10 21:07:19,ru2310,ru2310,12255.0,0.0,0.0,0.0,11,12250.0,12255.0,1,12175.0,12240.0,12260.0,12220.0,557.0,68197800.0,12532
2023-05-10 21:07:19,ru2310,ru2310,12255.0,0.0,0.0,0.0,12,12250.0,12255.0,2,12175.0,12240.0,12260.0,12220.0,557.0,68197800.0,12532
2023-05-10 21:07:20,ru2310,ru2310,12255.0,2.0,245100.0,-2.0,1,12255.0,12260.0,11,12175.0,12240.0,12260.0,12220.0,559.0,68442900.0,12530
2023-05-10 21:07:20,ru2310,ru2310,12255.0,0.0,0.0,0.0,1,12255.0,12260.0,11,12175.0,12240.0,12260.0,12220.0,559.0,68442900.0,12530
2023-05-10 21:07:21,ru2310,ru2310,12255.0,0.0,0.0,0.0,2,12255.0,12260.0,15,12175.0,12240.0,12260.0,12220.0,559.0,68442900.0,12530
2023-05-10 21:07:21,ru2310,ru2310,12255.0,2.0,245100.0,0.0,17,12250.0,12255.0,1,12175.0,12240.0,12260.0,12220.0,561.0,68688000.0,12530
2023-05-10 21:07:22,ru2310,ru2310,12255.0,0.0,0.0,0.0,11,12250.0,12255.0,1,12175.0,12240.0,12260.0,12220.0,561.0,68688000.0,12530
2023-05-10 21:07:22,ru2310,ru2310,12255.0,0.0,0.0,0.0,12,12250.0,12255.0,2,12175.0,12240.0,12260.0,12220.0,561.0,68688000.0,12530
2023-05-10 21:07:29,ru2310,ru2310,12255.0,0.0,0.0,0.0,12,12250.0,12255.0,2,12175.0,12240.0,12260.0,12220.0,561.0,68688000.0,12530
2023-05-10 21:07:35,ru2310,ru2310,12255.0,2.0,245100.0,-2.0,1,12255.0,12260.0,21,12175.0,12240.0,12260.0,12220.0,563.0,68933100.0,12528
2023-05-10 21:07:35,ru2310,ru2310,12255.0,0.0,0.0,0.0,3,12255.0,12260.0,6,12175.0,12240.0,12260.0,12220.0,563.0,68933100.0,12528
2023-05-10 21:07:36,ru2310,ru2310,12255.0,0.0,0.0,0.0,4,12255.0,12260.0,6,12175.0,12240.0,12260.0,12220.0,563.0,68933100.0,12528
2023-05-10 21:07:42,ru2310,ru2310,12255.0,1.0,122550.0,0.0,3,12255.0,12260.0,6,12175.0,12240.0,12260.0,12220.0,564.0,69055650.0,12528
2023-05-10 21:07:43,ru2310,ru2310,12260.0,6.0,735600.0,0.0,4,12260.0,12265.0,19,12175.0,12240.0,12260.0,12220.0,570.0,69791250.0,12528
2023-05-10 21:07:44,ru2310,ru2310,12260.0,4.0,490400.0,0.0,11,12255.0,12260.0,2,12175.0,12240.0,12260.0,12220.0,574.0,70281650.0,12528
2023-05-10 21:07:44,ru2310,ru2310,12260.0,2.0,245200.0,-1.0,4,12255.0,12260.0,1,12175.0,12240.0,12260.0,12220.0,576.0,70526850.0,12527
2023-05-10 21:07:45,ru2310,ru2310,12260.0,0.0,0.0,0.0,3,12255.0,12260.0,1,12175.0,12240.0,12260.0,12220.0,576.0,70526850.0,12527
2023-05-10 21:07:47,ru2310,ru2310,12255.0,3.0,367650.0,2.0,23,12250.0,12255.0,1,12175.0,12240.0,12260.0,12220.0,579.0,70894500.0,12529
2023-05-10 21:07:47,ru2310,ru2310,12255.0,1.0,122550.0,-1.0,11,12250.0,12260.0,5,12175.0,12240.0,12260.0,12220.0,580.0,71017050.0,12528
2023-05-10 21:07:48,ru2310,ru2310,12255.0,0.0,0.0,0.0,17,12250.0,12260.0,9,12175.0,12240.0,12260.0,12220.0,580.0,71017050.0,12528
2023-05-10 21:07:48,ru2310,ru2310,12255.0,0.0,0.0,0.0,18,12250.0,12260.0,3,12175.0,12240.0,12260.0,12220.0,580.0,71017050.0,12528
2023-05-10 21:07:49,ru2310,ru2310,12255.0,0.0,0.0,0.0,19,12250.0,12260.0,1,12175.0,12240.0,12260.0,12220.0,580.0,71017050.0,12528
2023-05-10 21:07:49,ru2310,ru2310,12255.0,0.0,0.0,0.0,19,12250.0,12260.0,1,12175.0,12240.0,12260.0,12220.0,580.0,71017050.0,12528
2023-05-10 21:07:50,ru2310,ru2310,12255.0,0.0,0.0,0.0,19,12250.0,12260.0,1,12175.0,12240.0,12260.0,12220.0,580.0,71017050.0,12528
2023-05-10 21:07:53,ru2310,ru2310,12255.0,0.0,0.0,0.0,2,12255.0,12260.0,1,12175.0,12240.0,12260.0,12220.0,580.0,71017050.0,12528
2023-05-10 21:07:53,ru2310,ru2310,12260.0,1.0,122600.0,0.0,1,12260.0,12265.0,15,12175.0,12240.0,12260.0,12220.0,581.0,71139650.0,12528
2023-05-10 21:07:54,ru2310,ru2310,12260.0,0.0,0.0,0.0,1,12260.0,12265.0,12,12175.0,12240.0,12260.0,12220.0,581.0,71139650.0,12528
2023-05-10 21:07:54,ru2310,ru2310,12260.0,1.0,122600.0,0.0,1,12260.0,12265.0,13,12175.0,12240.0,12260.0,12220.0,582.0,71262250.0,12528
2023-05-10 21:07:55,ru2310,ru2310,12260.0,1.0,122600.0,0.0,12,12255.0,12260.0,1,12175.0,12240.0,12260.0,12220.0,583.0,71384850.0,12528
2023-05-10 21:07:55,ru2310,ru2310,12260.0,0.0,0.0,0.0,3,12255.0,12260.0,1,12175.0,12240.0,12260.0,12220.0,583.0,71384850.0,12528
2023-05-10 21:07:56,ru2310,ru2310,12260.0,0.0,0.0,0.0,3,12255.0,12260.0,2,12175.0,12240.0,12260.0,12220.0,583.0,71384850.0,12528
2023-05-10 21:07:56,ru2310,ru2310,12260.0,0.0,0.0,0.0,3,12255.0,12260.0,2,12175.0,12240.0,12260.0,12220.0,583.0,71384850.0,12528
2023-05-10 21:07:59,ru2310,ru2310,12260.0,2.0,245200.0,-1.0,1,12260.0,12265.0,16,12175.0,12240.0,12260.0,12220.0,585.0,71630050.0,12527
2023-05-10 21:07:59,ru2310,ru2310,12260.0,0.0,0.0,0.0,4,12260.0,12265.0,12,12175.0,12240.0,12260.0,12220.0,585.0,71630050.0,12527
2023-05-10 21:08:00,ru2310,ru2310,12260.0,0.0,0.0,0.0,2,12260.0,12265.0,5,12175.0,12240.0,12260.0,12220.0,585.0,71630050.0,12527
2023-05-10 21:08:00,ru2310,ru2310,12260.0,0.0,0.0,0.0,5,12260.0,12265.0,4,12175.0,12240.0,12260.0,12220.0,585.0,71630050.0,12527
2023-05-10 21:08:01,ru2310,ru2310,12265.0,3.0,367950.0,-1.0,2,12265.0,12270.0,24,12175.0,12240.0,12265.0,12220.0,588.0,71998000.0,12526
2023-05-10 21:08:01,ru2310,ru2310,12260.0,6.0,735700.0,3.0,9,12260.0,12265.0,17,12175.0,12240.0,12265.0,12220.0,594.0,72733700.0,12529
2023-05-10 21:08:02,ru2310,ru2310,12260.0,10.0,1226000.0,0.0,3,12255.0,12260.0,3,12175.0,12240.0,12265.0,12220.0,604.0,73959700.0,12529
2023-05-10 21:08:02,ru2310,ru2310,12260.0,0.0,0.0,0.0,2,12255.0,12260.0,3,12175.0,12240.0,12265.0,12220.0,604.0,73959700.0,12529
2023-05-10 21:08:03,ru2310,ru2310,12260.0,0.0,0.0,0.0,3,12255.0,12260.0,4,12175.0,12240.0,12265.0,12220.0,604.0,73959700.0,12529
2023-05-10 21:08:06,ru2310,ru2310,12260.0,0.0,0.0,0.0,1,12255.0,12260.0,4,12175.0,12240.0,12265.0,12220.0,604.0,73959700.0,12529
2023-05-10 21:08:08,ru2310,ru2310,12260.0,0.0,0.0,0.0,1,12255.0,12260.0,7,12175.0,12240.0,12265.0,12220.0,604.0,73959700.0,12529
2023-05-10 21:08:09,ru2310,ru2310,12255.0,1.0,122550.0,1.0,16,12250.0,12255.0,1,12175.0,12240.0,12265.0,12220.0,605.0,74082250.0,12530
2023-05-10 21:08:10,ru2310,ru2310,12255.0,0.0,0.0,0.0,8,12250.0,12255.0,1,12175.0,12240.0,12265.0,12220.0,605.0,74082250.0,12530
2023-05-10 21:08:10,ru2310,ru2310,12255.0,0.0,0.0,0.0,8,12250.0,12255.0,1,12175.0,12240.0,12265.0,12220.0,605.0,74082250.0,12530
2023-05-10 21:08:11,ru2310,ru2310,12255.0,0.0,0.0,0.0,6,12250.0,12255.0,2,12175.0,12240.0,12265.0,12220.0,605.0,74082250.0,12530
2023-05-10 21:08:11,ru2310,ru2310,12255.0,0.0,0.0,0.0,6,12250.0,12255.0,2,12175.0,12240.0,12265.0,12220.0,605.0,74082250.0,12530
2023-05-10 21:08:20,ru2310,ru2310,12255.0,0.0,0.0,0.0,6,12250.0,12255.0,2,12175.0,12240.0,12265.0,12220.0,605.0,74082250.0,12530
2023-05-10 21:08:20,ru2310,ru2310,12255.0,0.0,0.0,0.0,6,12250.0,12255.0,2,12175.0,12240.0,12265.0,12220.0,605.0,74082250.0,12530
2023-05-10 21:08:25,ru2310,ru2310,12255.0,2.0,245100.0,0.0,1,12255.0,12260.0,32,12175.0,12240.0,12265.0,12220.0,607.0,74327350.0,12530
2023-05-10 21:08:25,ru2310,ru2310,12255.0,0.0,0.0,0.0,1,12255.0,12260.0,27,12175.0,12240.0,12265.0,12220.0,607.0,74327350.0,12530
2023-05-10 21:08:26,ru2310,ru2310,12255.0,1.0,122550.0,1.0,1,12255.0,12260.0,28,12175.0,12240.0,12265.0,12220.0,608.0,74449900.0,12531
2023-05-10 21:08:26,ru2310,ru2310,12255.0,1.0,122550.0,-1.0,24,12250.0,12255.0,1,12175.0,12240.0,12265.0,12220.0,609.0,74572450.0,12530
2023-05-10 21:08:27,ru2310,ru2310,12255.0,1.0,122550.0,-1.0,11,12250.0,12260.0,26,12175.0,12240.0,12265.0,12220.0,610.0,74695000.0,12529
2023-05-10 21:08:27,ru2310,ru2310,12255.0,0.0,0.0,0.0,9,12250.0,12260.0,29,12175.0,12240.0,12265.0,12220.0,610.0,74695000.0,12529
2023-05-10 21:08:28,ru2310,ru2310,12255.0,0.0,0.0,0.0,8,12250.0,12260.0,29,12175.0,12240.0,12265.0,12220.0,610.0,74695000.0,12529
2023-05-10 21:08:29,ru2310,ru2310,12255.0,0.0,0.0,0.0,11,12250.0,12260.0,9,12175.0,12240.0,12265.0,12220.0,610.0,74695000.0,12529
2023-05-10 21:08:30,ru2310,ru2310,12255.0,0.0,0.0,0.0,16,12250.0,12260.0,7,12175.0,12240.0,12265.0,12220.0,610.0,74695000.0,12529
2023-05-10 21:08:30,ru2310,ru2310,12255.0,0.0,0.0,0.0,17,12250.0,12260.0,7,12175.0,12240.0,12265.0,12220.0,610.0,74695000.0,12529
2023-05-10 21:08:38,ru2310,ru2310,12255.0,0.0,0.0,0.0,17,12250.0,12260.0,13,12175.0,12240.0,12265.0,12220.0,610.0,74695000.0,12529
2023-05-10 21:08:39,ru2310,ru2310,12255.0,0.0,0.0,0.0,17,12250.0,12260.0,8,12175.0,12240.0,12265.0,12220.0,610.0,74695000.0,12529
2023-05-10 21:08:39,ru2310,ru2310,12255.0,0.0,0.0,0.0,17,12250.0,12260.0,7,12175.0,12240.0,12265.0,12220.0,610.0,74695000.0,12529
2023-05-10 21:08:40,ru2310,ru2310,12255.0,0.0,0.0,0.0,17,12250.0,12260.0,13,12175.0,12240.0,12265.0,12220.0,610.0,74695000.0,12529
2023-05-10 21:08:41,ru2310,ru2310,12255.0,0.0,0.0,0.0,17,12250.0,12260.0,14,12175.0,12240.0,12265.0,12220.0,610.0,74695000.0,12529
2023-05-10 21:08:42,ru2310,ru2310,12255.0,0.0,0.0,0.0,17,12250.0,12260.0,8,12175.0,12240.0,12265.0,12220.0,610.0,74695000.0,12529
2023-05-10 21:08:42,ru2310,ru2310,12255.0,0.0,0.0,0.0,17,12250.0,12260.0,7,12175.0,12240.0,12265.0,12220.0,610.0,74695000.0,12529
2023-05-10 21:08:45,ru2310,ru2310,12255.0,0.0,0.0,0.0,17,12250.0,12260.0,13,12175.0,12240.0,12265.0,12220.0,610.0,74695000.0,12529
2023-05-10 21:08:46,ru2310,ru2310,12255.0,0.0,0.0,0.0,17,12250.0,12260.0,14,12175.0,12240.0,12265.0,12220.0,610.0,74695000.0,12529
2023-05-10 21:08:47,ru2310,ru2310,12255.0,0.0,0.0,0.0,17,12250.0,12260.0,8,12175.0,12240.0,12265.0,12220.0,610.0,74695000.0,12529
2023-05-10 21:08:47,ru2310,ru2310,12255.0,0.0,0.0,0.0,17,12250.0,12260.0,7,12175.0,12240.0,12265.0,12220.0,610.0,74695000.0,12529
2023-05-10 21:08:48,ru2310,ru2310,12255.0,0.0,0.0,0.0,17,12250.0,12260.0,4,12175.0,12240.0,12265.0,12220.0,610.0,74695000.0,12529
2023-05-10 21:08:52,ru2310,ru2310,12255.0,0.0,0.0,0.0,17,12250.0,12260.0,10,12175.0,12240.0,12265.0,12220.0,610.0,74695000.0,12529
2023-05-10 21:08:52,ru2310,ru2310,12255.0,0.0,0.0,0.0,17,12250.0,12260.0,11,12175.0,12240.0,12265.0,12220.0,610.0,74695000.0,12529
2023-05-10 21:08:53,ru2310,ru2310,12255.0,0.0,0.0,0.0,17,12250.0,12260.0,5,12175.0,12240.0,12265.0,12220.0,610.0,74695000.0,12529
2023-05-10 21:08:53,ru2310,ru2310,12255.0,0.0,0.0,0.0,17,12250.0,12260.0,4,12175.0,12240.0,12265.0,12220.0,610.0,74695000.0,12529
2023-05-10 21:08:56,ru2310,ru2310,12255.0,0.0,0.0,0.0,17,12250.0,12260.0,10,12175.0,12240.0,12265.0,12220.0,610.0,74695000.0,12529
2023-05-10 21:08:56,ru2310,ru2310,12255.0,0.0,0.0,0.0,17,12250.0,12260.0,11,12175.0,12240.0,12265.0,12220.0,610.0,74695000.0,12529
2023-05-10 21:09:02,ru2310,ru2310,12255.0,0.0,0.0,0.0,17,12250.0,12260.0,5,12175.0,12240.0,12265.0,12220.0,610.0,74695000.0,12529
2023-05-10 21:09:02,ru2310,ru2310,12255.0,0.0,0.0,0.0,17,12250.0,12260.0,10,12175.0,12240.0,12265.0,12220.0,610.0,74695000.0,12529
2023-05-10 21:09:03,ru2310,ru2310,12255.0,0.0,0.0,0.0,17,12250.0,12260.0,11,12175.0,12240.0,12265.0,12220.0,610.0,74695000.0,12529
2023-05-10 21:09:06,ru2310,ru2310,12255.0,0.0,0.0,0.0,17,12250.0,12260.0,5,12175.0,12240.0,12265.0,12220.0,610.0,74695000.0,12529
2023-05-10 21:09:06,ru2310,ru2310,12255.0,0.0,0.0,0.0,17,12250.0,12260.0,4,12175.0,12240.0,12265.0,12220.0,610.0,74695000.0,12529
2023-05-10 21:09:07,ru2310,ru2310,12255.0,0.0,0.0,0.0,17,12250.0,12260.0,10,12175.0,12240.0,12265.0,12220.0,610.0,74695000.0,12529
2023-05-10 21:09:08,ru2310,ru2310,12255.0,0.0,0.0,0.0,17,12250.0,12260.0,11,12175.0,12240.0,12265.0,12220.0,610.0,74695000.0,12529
2023-05-10 21:09:10,ru2310,ru2310,12255.0,0.0,0.0,0.0,17,12250.0,12260.0,5,12175.0,12240.0,12265.0,12220.0,610.0,74695000.0,12529
2023-05-10 21:09:11,ru2310,ru2310,12255.0,0.0,0.0,0.0,17,12250.0,12260.0,10,12175.0,12240.0,12265.0,12220.0,610.0,74695000.0,12529
2023-05-10 21:09:11,ru2310,ru2310,12255.0,0.0,0.0,0.0,17,12250.0,12260.0,11,12175.0,12240.0,12265.0,12220.0,610.0,74695000.0,12529
2023-05-10 21:09:13,ru2310,ru2310,12255.0,0.0,0.0,0.0,11,12250.0,12260.0,11,12175.0,12240.0,12265.0,12220.0,610.0,74695000.0,12529
2023-05-10 21:09:13,ru2310,ru2310,12255.0,0.0,0.0,0.0,10,12250.0,12260.0,11,12175.0,12240.0,12265.0,12220.0,610.0,74695000.0,12529
2023-05-10 21:09:14,ru2310,ru2310,12255.0,0.0,0.0,0.0,10,12250.0,12260.0,12,12175.0,12240.0,12265.0,12220.0,610.0,74695000.0,12529
2023-05-10 21:09:16,ru2310,ru2310,12255.0,0.0,0.0,0.0,10,12250.0,12260.0,14,12175.0,12240.0,12265.0,12220.0,610.0,74695000.0,12529
2023-05-10 21:09:16,ru2310,ru2310,12255.0,0.0,0.0,0.0,10,12250.0,12260.0,14,12175.0,12240.0,12265.0,12220.0,610.0,74695000.0,12529
2023-05-10 21:09:17,ru2310,ru2310,12255.0,0.0,0.0,0.0,4,12255.0,12260.0,20,12175.0,12240.0,12265.0,12220.0,610.0,74695000.0,12529
2023-05-10 21:09:17,ru2310,ru2310,12255.0,0.0,0.0,0.0,5,12255.0,12260.0,22,12175.0,12240.0,12265.0,12220.0,610.0,74695000.0,12529
2023-05-10 21:09:18,ru2310,ru2310,12255.0,0.0,0.0,0.0,5,12255.0,12260.0,22,12175.0,12240.0,12265.0,12220.0,610.0,74695000.0,12529
2023-05-10 21:09:19,ru2310,ru2310,12260.0,22.0,2697200.0,-2.0,2,12260.0,12265.0,16,12175.0,12240.0,12265.0,12220.0,632.0,77392200.0,12527
2023-05-10 21:09:20,ru2310,ru2310,12260.0,0.0,0.0,0.0,2,12260.0,12265.0,7,12175.0,12240.0,12265.0,12220.0,632.0,77392200.0,12527
2023-05-10 21:09:20,ru2310,ru2310,12260.0,1.0,122600.0,0.0,2,12260.0,12265.0,7,12175.0,12240.0,12265.0,12220.0,633.0,77514800.0,12527
2023-05-10 21:09:27,ru2310,ru2310,12260.0,0.0,0.0,0.0,2,12260.0,12265.0,5,12175.0,12240.0,12265.0,12220.0,633.0,77514800.0,12527
2023-05-10 21:09:27,ru2310,ru2310,12260.0,0.0,0.0,0.0,2,12260.0,12265.0,5,12175.0,12240.0,12265.0,12220.0,633.0,77514800.0,12527
2023-05-10 21:09:28,ru2310,ru2310,12265.0,5.0,613250.0,-4.0,4,12265.0,12270.0,6,12175.0,12240.0,12265.0,12220.0,638.0,78128050.0,12523
2023-05-10 21:09:28,ru2310,ru2310,12265.0,4.0,490600.0,0.0,16,12260.0,12270.0,5,12175.0,12240.0,12265.0,12220.0,642.0,78618650.0,12523
2023-05-10 21:09:29,ru2310,ru2310,12265.0,0.0,0.0,0.0,6,12260.0,12270.0,7,12175.0,12240.0,12265.0,12220.0,642.0,78618650.0,12523
2023-05-10 21:09:29,ru2310,ru2310,12265.0,0.0,0.0,0.0,2,12260.0,12270.0,10,12175.0,12240.0,12265.0,12220.0,642.0,78618650.0,12523
2023-05-10 21:09:30,ru2310,ru2310,12265.0,0.0,0.0,0.0,27,12260.0,12270.0,7,12175.0,12240.0,12265.0,12220.0,642.0,78618650.0,12523
2023-05-10 21:09:30,ru2310,ru2310,12265.0,0.0,0.0,0.0,33,12260.0,12270.0,1,12175.0,12240.0,12265.0,12220.0,642.0,78618650.0,12523
2023-05-10 21:09:31,ru2310,ru2310,12265.0,0.0,0.0,0.0,36,12260.0,12270.0,1,12175.0,12240.0,12265.0,12220.0,642.0,78618650.0,12523
2023-05-10 21:09:31,ru2310,ru2310,12265.0,0.0,0.0,0.0,35,12260.0,12270.0,1,12175.0,12240.0,12265.0,12220.0,642.0,78618650.0,12523
2023-05-10 21:09:32,ru2310,ru2310,12265.0,0.0,0.0,0.0,2,12265.0,12270.0,1,12175.0,12240.0,12265.0,12220.0,642.0,78618650.0,12523
2023-05-10 21:09:33,ru2310,ru2310,12265.0,0.0,0.0,0.0,3,12265.0,12270.0,1,12175.0,12240.0,12265.0,12220.0,642.0,78618650.0,12523
2023-05-10 21:09:33,ru2310,ru2310,12265.0,0.0,0.0,0.0,3,12265.0,12270.0,1,12175.0,12240.0,12265.0,12220.0,642.0,78618650.0,12523
2023-05-10 21:09:34,ru2310,ru2310,12270.0,1.0,122700.0,0.0,1,12270.0,12275.0,5,12175.0,12240.0,12270.0,12220.0,643.0,78741350.0,12523
2023-05-10 21:09:34,ru2310,ru2310,12270.0,0.0,0.0,0.0,1,12270.0,12275.0,3,12175.0,12240.0,12270.0,12220.0,643.0,78741350.0,12523
2023-05-10 21:09:35,ru2310,ru2310,12270.0,0.0,0.0,0.0,4,12270.0,12275.0,4,12175.0,12240.0,12270.0,12220.0,643.0,78741350.0,12523
2023-05-10 21:09:35,ru2310,ru2310,12270.0,0.0,0.0,0.0,4,12270.0,12275.0,4,12175.0,12240.0,12270.0,12220.0,643.0,78741350.0,12523
2023-05-10 21:09:36,ru2310,ru2310,12270.0,0.0,0.0,0.0,10,12270.0,12275.0,4,12175.0,12240.0,12270.0,12220.0,643.0,78741350.0,12523
2023-05-10 21:09:36,ru2310,ru2310,12275.0,4.0,491000.0,-3.0,4,12275.0,12280.0,5,12175.0,12240.0,12275.0,12220.0,647.0,79232350.0,12520
2023-05-10 21:09:37,ru2310,ru2310,12275.0,0.0,0.0,0.0,4,12275.0,12285.0,6,12175.0,12240.0,12275.0,12220.0,647.0,79232350.0,12520
2023-05-10 21:09:37,ru2310,ru2310,12275.0,0.0,0.0,0.0,11,12275.0,12285.0,9,12175.0,12240.0,12275.0,12220.0,647.0,79232350.0,12520
2023-05-10 21:09:38,ru2310,ru2310,12275.0,0.0,0.0,0.0,15,12275.0,12285.0,6,12175.0,12240.0,12275.0,12220.0,647.0,79232350.0,12520
2023-05-10 21:09:38,ru2310,ru2310,12275.0,0.0,0.0,0.0,15,12275.0,12285.0,7,12175.0,12240.0,12275.0,12220.0,647.0,79232350.0,12520
2023-05-10 21:09:39,ru2310,ru2310,12275.0,13.0,1595750.0,-4.0,15,12270.0,12275.0,5,12175.0,12240.0,12275.0,12220.0,660.0,80828100.0,12516
2023-05-10 21:09:39,ru2310,ru2310,12275.0,0.0,0.0,0.0,4,12270.0,12275.0,5,12175.0,12240.0,12275.0,12220.0,660.0,80828100.0,12516
2023-05-10 21:09:40,ru2310,ru2310,12275.0,0.0,0.0,0.0,4,12270.0,12275.0,6,12175.0,12240.0,12275.0,12220.0,660.0,80828100.0,12516
2023-05-10 21:09:40,ru2310,ru2310,12275.0,0.0,0.0,0.0,4,12270.0,12275.0,6,12175.0,12240.0,12275.0,12220.0,660.0,80828100.0,12516
2023-05-10 21:09:41,ru2310,ru2310,12275.0,6.0,736500.0,-1.0,1,12275.0,12280.0,1,12175.0,12240.0,12275.0,12220.0,666.0,81564600.0,12515
2023-05-10 21:09:42,ru2310,ru2310,12275.0,0.0,0.0,0.0,1,12275.0,12285.0,5,12175.0,12240.0,12275.0,12220.0,666.0,81564600.0,12515
2023-05-10 21:09:42,ru2310,ru2310,12275.0,0.0,0.0,0.0,2,12275.0,12280.0,3,12175.0,12240.0,12275.0,12220.0,666.0,81564600.0,12515
2023-05-10 21:09:43,ru2310,ru2310,12275.0,2.0,245500.0,-1.0,10,12270.0,12275.0,1,12175.0,12240.0,12275.0,12220.0,668.0,81810100.0,12514
2023-05-10 21:09:43,ru2310,ru2310,12275.0,1.0,122750.0,0.0,4,12270.0,12280.0,3,12175.0,12240.0,12275.0,12220.0,669.0,81932850.0,12514
2023-05-10 21:09:44,ru2310,ru2310,12275.0,1.0,122750.0,-1.0,4,12275.0,12285.0,13,12175.0,12240.0,12275.0,12220.0,670.0,82055600.0,12513
2023-05-10 21:09:44,ru2310,ru2310,12275.0,0.0,0.0,0.0,4,12275.0,12285.0,9,12175.0,12240.0,12275.0,12220.0,670.0,82055600.0,12513
2023-05-10 21:09:45,ru2310,ru2310,12275.0,0.0,0.0,0.0,5,12275.0,12285.0,13,12175.0,12240.0,12275.0,12220.0,670.0,82055600.0,12513
2023-05-10 21:09:45,ru2310,ru2310,12275.0,0.0,0.0,0.0,5,12275.0,12285.0,14,12175.0,12240.0,12275.0,12220.0,670.0,82055600.0,12513
2023-05-10 21:09:46,ru2310,ru2310,12275.0,0.0,0.0,0.0,7,12275.0,12285.0,14,12175.0,12240.0,12275.0,12220.0,670.0,82055600.0,12513
2023-05-10 21:09:48,ru2310,ru2310,12275.0,0.0,0.0,0.0,7,12275.0,12285.0,14,12175.0,12240.0,12275.0,12220.0,670.0,82055600.0,12513
2023-05-10 21:09:48,ru2310,ru2310,12275.0,0.0,0.0,0.0,35,12275.0,12285.0,8,12175.0,12240.0,12275.0,12220.0,670.0,82055600.0,12513
2023-05-10 21:09:49,ru2310,ru2310,12275.0,0.0,0.0,0.0,11,12275.0,12285.0,6,12175.0,12240.0,12275.0,12220.0,670.0,82055600.0,12513
2023-05-10 21:09:49,ru2310,ru2310,12275.0,0.0,0.0,0.0,31,12275.0,12285.0,6,12175.0,12240.0,12275.0,12220.0,670.0,82055600.0,12513
2023-05-10 21:09:50,ru2310,ru2310,12275.0,0.0,0.0,0.0,11,12275.0,12285.0,7,12175.0,12240.0,12275.0,12220.0,670.0,82055600.0,12513
2023-05-10 21:09:52,ru2310,ru2310,12275.0,0.0,0.0,0.0,31,12275.0,12285.0,7,12175.0,12240.0,12275.0,12220.0,670.0,82055600.0,12513
2023-05-10 21:09:52,ru2310,ru2310,12275.0,0.0,0.0,0.0,32,12275.0,12285.0,7,12175.0,12240.0,12275.0,12220.0,670.0,82055600.0,12513
2023-05-10 21:09:53,ru2310,ru2310,12275.0,0.0,0.0,0.0,43,12275.0,12285.0,1,12175.0,12240.0,12275.0,12220.0,670.0,82055600.0,12513
2023-05-10 21:09:53,ru2310,ru2310,12275.0,0.0,0.0,0.0,35,12275.0,12285.0,5,12175.0,12240.0,12275.0,12220.0,670.0,82055600.0,12513
2023-05-10 21:09:54,ru2310,ru2310,12275.0,0.0,0.0,0.0,21,12275.0,12285.0,5,12175.0,12240.0,12275.0,12220.0,670.0,82055600.0,12513
2023-05-10 21:09:54,ru2310,ru2310,12275.0,0.0,0.0,0.0,21,12275.0,12285.0,5,12175.0,12240.0,12275.0,12220.0,670.0,82055600.0,12513
2023-05-10 21:09:55,ru2310,ru2310,12275.0,0.0,0.0,0.0,49,12275.0,12285.0,1,12175.0,12240.0,12275.0,12220.0,670.0,82055600.0,12513
2023-05-10 21:09:56,ru2310,ru2310,12275.0,0.0,0.0,0.0,41,12275.0,12285.0,5,12175.0,12240.0,12275.0,12220.0,670.0,82055600.0,12513
2023-05-10 21:09:56,ru2310,ru2310,12275.0,0.0,0.0,0.0,21,12275.0,12285.0,5,12175.0,12240.0,12275.0,12220.0,670.0,82055600.0,12513
2023-05-10 21:09:57,ru2310,ru2310,12275.0,0.0,0.0,0.0,21,12275.0,12285.0,5,12175.0,12240.0,12275.0,12220.0,670.0,82055600.0,12513
2023-05-10 21:09:57,ru2310,ru2310,12275.0,0.0,0.0,0.0,21,12275.0,12285.0,5,12175.0,12240.0,12275.0,12220.0,670.0,82055600.0,12513
2023-05-10 21:09:58,ru2310,ru2310,12275.0,0.0,0.0,0.0,49,12275.0,12285.0,1,12175.0,12240.0,12275.0,12220.0,670.0,82055600.0,12513
2023-05-10 21:09:58,ru2310,ru2310,12275.0,0.0,0.0,0.0,8,12280.0,12285.0,1,12175.0,12240.0,12275.0,12220.0,670.0,82055600.0,12513
2023-05-10 21:09:59,ru2310,ru2310,12275.0,0.0,0.0,0.0,12,12280.0,12285.0,1,12175.0,12240.0,12275.0,12220.0,670.0,82055600.0,12513
2023-05-10 21:09:59,ru2310,ru2310,12275.0,0.0,0.0,0.0,13,12280.0,12285.0,1,12175.0,12240.0,12275.0,12220.0,670.0,82055600.0,12513
2023-05-10 21:10:00,ru2310,ru2310,12275.0,0.0,0.0,0.0,13,12280.0,12285.0,1,12175.0,12240.0,12275.0,12220.0,670.0,82055600.0,12513
2023-05-10 21:10:01,ru2310,ru2310,12280.0,11.0,1350800.0,2.0,4,12280.0,12285.0,1,12175.0,12240.0,12280.0,12220.0,681.0,83406400.0,12515
2023-05-10 21:10:01,ru2310,ru2310,12280.0,0.0,0.0,0.0,3,12280.0,12285.0,1,12175.0,12240.0,12280.0,12220.0,681.0,83406400.0,12515
2023-05-10 21:10:02,ru2310,ru2310,12280.0,0.0,0.0,0.0,3,12280.0,12285.0,4,12175.0,12240.0,12280.0,12220.0,681.0,83406400.0,12515
2023-05-10 21:10:02,ru2310,ru2310,12280.0,0.0,0.0,0.0,1,12280.0,12285.0,4,12175.0,12240.0,12280.0,12220.0,681.0,83406400.0,12515
2023-05-10 21:10:03,ru2310,ru2310,12280.0,1.0,122800.0,0.0,20,12275.0,12280.0,1,12175.0,12240.0,12280.0,12220.0,682.0,83529200.0,12515
2023-05-10 21:10:03,ru2310,ru2310,12280.0,0.0,0.0,0.0,7,12275.0,12280.0,1,12175.0,12240.0,12280.0,12220.0,682.0,83529200.0,12515
2023-05-10 21:10:04,ru2310,ru2310,12280.0,0.0,0.0,0.0,7,12275.0,12280.0,2,12175.0,12240.0,12280.0,12220.0,682.0,83529200.0,12515
2023-05-10 21:10:05,ru2310,ru2310,12280.0,2.0,245600.0,-1.0,1,12280.0,12285.0,6,12175.0,12240.0,12280.0,12220.0,684.0,83774800.0,12514
2023-05-10 21:10:05,ru2310,ru2310,12280.0,0.0,0.0,0.0,1,12280.0,12285.0,5,12175.0,12240.0,12280.0,12220.0,684.0,83774800.0,12514
2023-05-10 21:10:06,ru2310,ru2310,12280.0,0.0,0.0,0.0,4,12280.0,12285.0,1,12175.0,12240.0,12280.0,12220.0,684.0,83774800.0,12514
2023-05-10 21:10:06,ru2310,ru2310,12285.0,1.0,122850.0,0.0,1,12285.0,12290.0,9,12175.0,12240.0,12285.0,12220.0,685.0,83897650.0,12514
2023-05-10 21:10:07,ru2310,ru2310,12285.0,0.0,0.0,0.0,1,12285.0,12290.0,8,12175.0,12240.0,12285.0,12220.0,685.0,83897650.0,12514
2023-05-10 21:10:07,ru2310,ru2310,12285.0,0.0,0.0,0.0,4,12285.0,12290.0,4,12175.0,12240.0,12285.0,12220.0,685.0,83897650.0,12514
2023-05-10 21:10:08,ru2310,ru2310,12285.0,0.0,0.0,0.0,4,12285.0,12290.0,4,12175.0,12240.0,12285.0,12220.0,685.0,83897650.0,12514
2023-05-10 21:10:08,ru2310,ru2310,12285.0,0.0,0.0,0.0,4,12285.0,12290.0,4,12175.0,12240.0,12285.0,12220.0,685.0,83897650.0,12514
2023-05-10 21:10:09,ru2310,ru2310,12285.0,0.0,0.0,0.0,4,12285.0,12290.0,4,12175.0,12240.0,12285.0,12220.0,685.0,83897650.0,12514
2023-05-10 21:10:12,ru2310,ru2310,12290.0,4.0,491600.0,-3.0,5,12290.0,12295.0,12,12175.0,12240.0,12290.0,12220.0,689.0,84389250.0,12511
2023-05-10 21:10:13,ru2310,ru2310,12290.0,0.0,0.0,0.0,5,12290.0,12295.0,1,12175.0,12240.0,12290.0,12220.0,689.0,84389250.0,12511
2023-05-10 21:10:13,ru2310,ru2310,12290.0,0.0,0.0,0.0,6,12290.0,12295.0,1,12175.0,12240.0,12290.0,12220.0,689.0,84389250.0,12511
2023-05-10 21:10:14,ru2310,ru2310,12295.0,1.0,122950.0,0.0,4,12295.0,12300.0,6,12175.0,12240.0,12295.0,12220.0,690.0,84512200.0,12511
2023-05-10 21:10:14,ru2310,ru2310,12295.0,0.0,0.0,0.0,4,12295.0,12305.0,13,12175.0,12240.0,12295.0,12220.0,690.0,84512200.0,12511
2023-05-10 21:10:15,ru2310,ru2310,12295.0,4.0,491800.0,-2.0,1,12295.0,12305.0,17,12175.0,12240.0,12295.0,12220.0,694.0,85004000.0,12509
2023-05-10 21:10:15,ru2310,ru2310,12295.0,0.0,0.0,0.0,1,12295.0,12300.0,3,12175.0,12240.0,12295.0,12220.0,694.0,85004000.0,12509
2023-05-10 21:10:16,ru2310,ru2310,12295.0,1.0,122950.0,-1.0,24,12290.0,12295.0,6,12175.0,12240.0,12295.0,12220.0,695.0,85126950.0,12508
2023-05-10 21:10:16,ru2310,ru2310,12295.0,6.0,737700.0,0.0,37,12290.0,12300.0,3,12175.0,12240.0,12295.0,12220.0,701.0,85864650.0,12508
2023-05-10 21:10:17,ru2310,ru2310,12295.0,0.0,0.0,0.0,43,12290.0,12300.0,1,12175.0,12240.0,12295.0,12220.0,701.0,85864650.0,12508
2023-05-10 21:10:17,ru2310,ru2310,12295.0,0.0,0.0,0.0,42,12290.0,12300.0,1,12175.0,12240.0,12295.0,12220.0,701.0,85864650.0,12508
2023-05-10 21:10:18,ru2310,ru2310,12295.0,0.0,0.0,0.0,2,12295.0,12300.0,1,12175.0,12240.0,12295.0,12220.0,701.0,85864650.0,12508
2023-05-10 21:10:18,ru2310,ru2310,12300.0,1.0,123000.0,0.0,1,12300.0,12305.0,7,12175.0,12240.0,12300.0,12220.0,702.0,85987650.0,12508
2023-05-10 21:10:19,ru2310,ru2310,12305.0,4.0,492200.0,-4.0,3,12305.0,12310.0,5,12175.0,12240.0,12305.0,12220.0,706.0,86479850.0,12504
2023-05-10 21:10:19,ru2310,ru2310,12305.0,3.0,369150.0,3.0,1,12305.0,12310.0,6,12175.0,12240.0,12305.0,12220.0,709.0,86849000.0,12507
2023-05-10 21:10:20,ru2310,ru2310,12305.0,0.0,0.0,0.0,1,12305.0,12310.0,6,12175.0,12240.0,12305.0,12220.0,709.0,86849000.0,12507
2023-05-10 21:10:21,ru2310,ru2310,12300.0,10.0,1230050.0,3.0,2,12295.0,12300.0,3,12175.0,12240.0,12305.0,12220.0,719.0,88079050.0,12510
2023-05-10 21:10:21,ru2310,ru2310,12305.0,4.0,492050.0,4.0,31,12300.0,12310.0,2,12175.0,12240.0,12305.0,12220.0,723.0,88571100.0,12514
2023-05-10 21:10:22,ru2310,ru2310,12310.0,2.0,246200.0,-2.0,28,12300.0,12310.0,1,12175.0,12240.0,12310.0,12220.0,725.0,88817300.0,12512
