time,symbol_id,symbol_name,last,trade_volume,trade_amount,open_interest_change,bv1,bp1,ap1,av1,yesterday_close,today_open,today_high,today_low,volume,amount,open_interest
2023-05-10 20:59:00,ru2307,ru2307,12010.0,0.0,0.0,0.0,2,11980.0,12070.0,2,12010.0,12070.0,0.0,0.0,0.0,0.0,6304
2023-05-10 21:00:00,ru2307,ru2307,12070.0,2.0,241400.0,2.0,1,12080.0,12085.0,4,12010.0,12070.0,12070.0,12070.0,2.0,241400.0,6306
2023-05-10 21:00:01,ru2307,ru2307,12080.0,5.0,604200.0,3.0,24,12080.0,12110.0,1,12010.0,12070.0,12085.0,12070.0,7.0,845600.0,6309
2023-05-10 21:00:01,ru2307,ru2307,12080.0,0.0,0.0,0.0,3,12085.0,12090.0,2,12010.0,12070.0,12085.0,12070.0,7.0,845600.0,6309
2023-05-10 21:00:02,ru2307,ru2307,12080.0,0.0,0.0,0.0,1,12080.0,12090.0,5,12010.0,12070.0,12085.0,12070.0,7.0,845600.0,6309
2023-05-10 21:00:02,ru2307,ru2307,12085.0,1.0,120850.0,-1.0,1,12080.0,12085.0,9,12010.0,12070.0,12085.0,12070.0,8.0,966450.0,6308
2023-05-10 21:00:03,ru2307,ru2307,12080.0,1.0,120800.0,1.0,1,12015.0,12080.0,2,12010.0,12070.0,12085.0,12070.0,9.0,1087250.0,6309
2023-05-10 21:00:03,ru2307,ru2307,12080.0,0.0,0.0,0.0,26,12060.0,12070.0,3,12010.0,12070.0,12085.0,12070.0,9.0,1087250.0,6309
2023-05-10 21:00:04,ru2307,ru2307,12070.0,3.0,362100.0,2.0,32,12065.0,12080.0,2,12010.0,12070.0,12085.0,12070.0,12.0,1449350.0,6311
2023-05-10 21:00:04,ru2307,ru2307,12070.0,0.0,0.0,0.0,1,12070.0,12075.0,1,12010.0,12070.0,12085.0,12070.0,12.0,1449350.0,6311
2023-05-10 21:00:05,ru2307,ru2307,12070.0,0.0,0.0,0.0,4,12065.0,12075.0,2,12010.0,12070.0,12085.0,12070.0,12.0,1449350.0,6311
2023-05-10 21:00:05,ru2307,ru2307,12070.0,0.0,0.0,0.0,6,12065.0,12075.0,3,12010.0,12070.0,12085.0,12070.0,12.0,1449350.0,6311
2023-05-10 21:00:06,ru2307,ru2307,12065.0,2.0,241300.0,0.0,4,12065.0,12070.0,2,12010.0,12070.0,12085.0,12065.0,14.0,1690650.0,6311
2023-05-10 21:00:06,ru2307,ru2307,12065.0,0.0,0.0,0.0,4,12065.0,12075.0,2,12010.0,12070.0,12085.0,12065.0,14.0,1690650.0,6311
2023-05-10 21:00:07,ru2307,ru2307,12065.0,0.0,0.0,0.0,1,12070.0,12075.0,1,12010.0,12070.0,12085.0,12065.0,14.0,1690650.0,6311
2023-05-10 21:00:07,ru2307,ru2307,12075.0,1.0,120750.0,0.0,27,12070.0,12080.0,1,12010.0,12070.0,12085.0,12065.0,15.0,1811400.0,6311
2023-05-10 21:00:08,ru2307,ru2307,12075.0,0.0,0.0,0.0,4,12070.0,12080.0,4,12010.0,12070.0,12085.0,12065.0,15.0,1811400.0,6311
2023-05-10 21:00:09,ru2307,ru2307,12070.0,4.0,482800.0,-1.0,11,12065.0,12070.0,1,12010.0,12070.0,12085.0,12065.0,19.0,2294200.0,6310
2023-05-10 21:00:09,ru2307,ru2307,12070.0,1.0,120700.0,0.0,30,12065.0,12080.0,3,12010.0,12070.0,12085.0,12065.0,20.0,2414900.0,6310
2023-05-10 21:00:10,ru2307,ru2307,12070.0,0.0,0.0,0.0,1,12065.0,12075.0,8,12010.0,12070.0,12085.0,12065.0,20.0,2414900.0,6310
2023-05-10 21:00:10,ru2307,ru2307,12070.0,0.0,0.0,0.0,1,12065.0,12070.0,1,12010.0,12070.0,12085.0,12065.0,20.0,2414900.0,6310
2023-05-10 21:00:11,ru2307,ru2307,12055.0,2.0,241200.0,1.0,6,12055.0,12070.0,4,12010.0,12070.0,12085.0,12055.0,22.0,2656100.0,6311
2023-05-10 21:00:11,ru2307,ru2307,12055.0,0.0,0.0,0.0,7,12050.0,12065.0,6,12010.0,12070.0,12085.0,12055.0,22.0,2656100.0,6311
2023-05-10 21:00:12,ru2307,ru2307,12055.0,0.0,0.0,0.0,28,12050.0,12060.0,1,12010.0,12070.0,12085.0,12055.0,22.0,2656100.0,6311
2023-05-10 21:00:12,ru2307,ru2307,12055.0,0.0,0.0,0.0,1,12050.0,12060.0,4,12010.0,12070.0,12085.0,12055.0,22.0,2656100.0,6311
2023-05-10 21:00:13,ru2307,ru2307,12055.0,0.0,0.0,0.0,1,12055.0,12060.0,1,12010.0,12070.0,12085.0,12055.0,22.0,2656100.0,6311
2023-05-10 21:00:13,ru2307,ru2307,12070.0,2.0,241300.0,1.0,27,12055.0,12070.0,2,12010.0,12070.0,12085.0,12055.0,24.0,2897400.0,6312
2023-05-10 21:00:14,ru2307,ru2307,12070.0,0.0,0.0,0.0,28,12055.0,12065.0,2,12010.0,12070.0,12085.0,12055.0,24.0,2897400.0,6312
2023-05-10 21:00:14,ru2307,ru2307,12070.0,0.0,0.0,0.0,1,12055.0,12065.0,3,12010.0,12070.0,12085.0,12055.0,24.0,2897400.0,6312
2023-05-10 21:00:15,ru2307,ru2307,12070.0,0.0,0.0,0.0,1,12055.0,12065.0,7,12010.0,12070.0,12085.0,12055.0,24.0,2897400.0,6312
2023-05-10 21:00:15,ru2307,ru2307,12065.0,2.0,241300.0,0.0,21,12060.0,12075.0,2,12010.0,12070.0,12085.0,12055.0,26.0,3138700.0,6312
2023-05-10 21:00:16,ru2307,ru2307,12065.0,0.0,0.0,0.0,36,12060.0,12075.0,6,12010.0,12070.0,12085.0,12055.0,26.0,3138700.0,6312
2023-05-10 21:00:16,ru2307,ru2307,12065.0,0.0,0.0,0.0,24,12065.0,12080.0,8,12010.0,12070.0,12085.0,12055.0,26.0,3138700.0,6312
2023-05-10 21:00:17,ru2307,ru2307,12065.0,1.0,120650.0,0.0,30,12065.0,12080.0,6,12010.0,12070.0,12085.0,12055.0,27.0,3259350.0,6312
2023-05-10 21:00:17,ru2307,ru2307,12065.0,0.0,0.0,0.0,30,12065.0,12075.0,1,12010.0,12070.0,12085.0,12055.0,27.0,3259350.0,6312
2023-05-10 21:00:18,ru2307,ru2307,12065.0,0.0,0.0,0.0,30,12065.0,12075.0,1,12010.0,12070.0,12085.0,12055.0,27.0,3259350.0,6312
2023-05-10 21:00:18,ru2307,ru2307,12075.0,1.0,120750.0,0.0,32,12065.0,12080.0,2,12010.0,12070.0,12085.0,12055.0,28.0,3380100.0,6312
2023-05-10 21:00:19,ru2307,ru2307,12075.0,0.0,0.0,0.0,4,12075.0,12085.0,2,12010.0,12070.0,12085.0,12055.0,28.0,3380100.0,6312
2023-05-10 21:00:19,ru2307,ru2307,12075.0,0.0,0.0,0.0,4,12075.0,12080.0,5,12010.0,12070.0,12085.0,12055.0,28.0,3380100.0,6312
2023-05-10 21:00:20,ru2307,ru2307,12075.0,1.0,120750.0,0.0,3,12075.0,12080.0,11,12010.0,12070.0,12085.0,12055.0,29.0,3500850.0,6312
2023-05-10 21:00:20,ru2307,ru2307,12075.0,3.0,362250.0,0.0,8,12060.0,12075.0,8,12010.0,12070.0,12085.0,12055.0,32.0,3863100.0,6312
2023-05-10 21:00:21,ru2307,ru2307,12075.0,0.0,0.0,0.0,16,12055.0,12075.0,8,12010.0,12070.0,12085.0,12055.0,32.0,3863100.0,6312
2023-05-10 21:00:21,ru2307,ru2307,12075.0,0.0,0.0,0.0,32,12065.0,12080.0,1,12010.0,12070.0,12085.0,12055.0,32.0,3863100.0,6312
2023-05-10 21:00:22,ru2307,ru2307,12075.0,0.0,0.0,0.0,33,12070.0,12085.0,2,12010.0,12070.0,12085.0,12055.0,32.0,3863100.0,6312
2023-05-10 21:00:22,ru2307,ru2307,12075.0,0.0,0.0,0.0,22,12075.0,12090.0,9,12010.0,12070.0,12085.0,12055.0,32.0,3863100.0,6312
2023-05-10 21:00:23,ru2307,ru2307,12075.0,0.0,0.0,0.0,18,12070.0,12085.0,4,12010.0,12070.0,12085.0,12055.0,32.0,3863100.0,6312
2023-05-10 21:00:23,ru2307,ru2307,12075.0,0.0,0.0,0.0,13,12065.0,12085.0,23,12010.0,12070.0,12085.0,12055.0,32.0,3863100.0,6312
2023-05-10 21:00:24,ru2307,ru2307,12075.0,0.0,0.0,0.0,35,12065.0,12080.0,3,12010.0,12070.0,12085.0,12055.0,32.0,3863100.0,6312
2023-05-10 21:00:24,ru2307,ru2307,12075.0,0.0,0.0,0.0,35,12065.0,12080.0,3,12010.0,12070.0,12085.0,12055.0,32.0,3863100.0,6312
2023-05-10 21:00:25,ru2307,ru2307,12075.0,0.0,0.0,0.0,36,12065.0,12080.0,7,12010.0,12070.0,12085.0,12055.0,32.0,3863100.0,6312
2023-05-10 21:00:25,ru2307,ru2307,12075.0,0.0,0.0,0.0,24,12070.0,12085.0,10,12010.0,12070.0,12085.0,12055.0,32.0,3863100.0,6312
2023-05-10 21:00:26,ru2307,ru2307,12075.0,0.0,0.0,0.0,3,12070.0,12080.0,1,12010.0,12070.0,12085.0,12055.0,32.0,3863100.0,6312
2023-05-10 21:00:26,ru2307,ru2307,12075.0,0.0,0.0,0.0,24,12070.0,12085.0,10,12010.0,12070.0,12085.0,12055.0,32.0,3863100.0,6312
2023-05-10 21:00:27,ru2307,ru2307,12075.0,0.0,0.0,0.0,3,12070.0,12080.0,4,12010.0,12070.0,12085.0,12055.0,32.0,3863100.0,6312
2023-05-10 21:00:27,ru2307,ru2307,12075.0,0.0,0.0,0.0,3,12070.0,12085.0,10,12010.0,12070.0,12085.0,12055.0,32.0,3863100.0,6312
2023-05-10 21:00:28,ru2307,ru2307,12075.0,0.0,0.0,0.0,3,12070.0,12080.0,4,12010.0,12070.0,12085.0,12055.0,32.0,3863100.0,6312
2023-05-10 21:00:28,ru2307,ru2307,12075.0,0.0,0.0,0.0,24,12070.0,12085.0,10,12010.0,12070.0,12085.0,12055.0,32.0,3863100.0,6312
2023-05-10 21:00:29,ru2307,ru2307,12075.0,0.0,0.0,0.0,24,12070.0,12085.0,14,12010.0,12070.0,12085.0,12055.0,32.0,3863100.0,6312
2023-05-10 21:00:30,ru2307,ru2307,12075.0,0.0,0.0,0.0,33,12070.0,12085.0,8,12010.0,12070.0,12085.0,12055.0,32.0,3863100.0,6312
2023-05-10 21:00:31,ru2307,ru2307,12075.0,0.0,0.0,0.0,4,12075.0,12090.0,9,12010.0,12070.0,12085.0,12055.0,32.0,3863100.0,6312
2023-05-10 21:00:31,ru2307,ru2307,12075.0,0.0,0.0,0.0,25,12075.0,12090.0,13,12010.0,12070.0,12085.0,12055.0,32.0,3863100.0,6312
2023-05-10 21:00:32,ru2307,ru2307,12075.0,0.0,0.0,0.0,26,12075.0,12090.0,13,12010.0,12070.0,12085.0,12055.0,32.0,3863100.0,6312
2023-05-10 21:00:32,ru2307,ru2307,12075.0,0.0,0.0,0.0,3,12075.0,12090.0,27,12010.0,12070.0,12085.0,12055.0,32.0,3863100.0,6312
2023-05-10 21:00:33,ru2307,ru2307,12075.0,0.0,0.0,0.0,3,12075.0,12090.0,13,12010.0,12070.0,12085.0,12055.0,32.0,3863100.0,6312
2023-05-10 21:00:33,ru2307,ru2307,12075.0,0.0,0.0,0.0,31,12075.0,12090.0,7,12010.0,12070.0,12085.0,12055.0,32.0,3863100.0,6312
2023-05-10 21:00:34,ru2307,ru2307,12075.0,0.0,0.0,0.0,9,12075.0,12085.0,1,12010.0,12070.0,12085.0,12055.0,32.0,3863100.0,6312
2023-05-10 21:00:35,ru2307,ru2307,12075.0,0.0,0.0,0.0,9,12075.0,12085.0,1,12010.0,12070.0,12085.0,12055.0,32.0,3863100.0,6312
2023-05-10 21:00:35,ru2307,ru2307,12075.0,0.0,0.0,0.0,9,12075.0,12085.0,6,12010.0,12070.0,12085.0,12055.0,32.0,3863100.0,6312
2023-05-10 21:00:36,ru2307,ru2307,12075.0,0.0,0.0,0.0,3,12075.0,12085.0,6,12010.0,12070.0,12085.0,12055.0,32.0,3863100.0,6312
2023-05-10 21:00:36,ru2307,ru2307,12075.0,0.0,0.0,0.0,13,12065.0,12080.0,1,12010.0,12070.0,12085.0,12055.0,32.0,3863100.0,6312
2023-05-10 21:00:37,ru2307,ru2307,12075.0,0.0,0.0,0.0,3,12070.0,12085.0,9,12010.0,12070.0,12085.0,12055.0,32.0,3863100.0,6312
2023-05-10 21:00:37,ru2307,ru2307,12075.0,0.0,0.0,0.0,24,12070.0,12085.0,12,12010.0,12070.0,12085.0,12055.0,32.0,3863100.0,6312
2023-05-10 21:00:38,ru2307,ru2307,12075.0,0.0,0.0,0.0,3,12070.0,12085.0,26,12010.0,12070.0,12085.0,12055.0,32.0,3863100.0,6312
2023-05-10 21:00:38,ru2307,ru2307,12075.0,0.0,0.0,0.0,24,12070.0,12085.0,12,12010.0,12070.0,12085.0,12055.0,32.0,3863100.0,6312
2023-05-10 21:00:39,ru2307,ru2307,12075.0,0.0,0.0,0.0,3,12075.0,12085.0,6,12010.0,12070.0,12085.0,12055.0,32.0,3863100.0,6312
2023-05-10 21:00:39,ru2307,ru2307,12075.0,0.0,0.0,0.0,3,12075.0,12085.0,5,12010.0,12070.0,12085.0,12055.0,32.0,3863100.0,6312
2023-05-10 21:00:40,ru2307,ru2307,12075.0,0.0,0.0,0.0,35,12075.0,12085.0,1,12010.0,12070.0,12085.0,12055.0,32.0,3863100.0,6312
2023-05-10 21:00:40,ru2307,ru2307,12075.0,0.0,0.0,0.0,36,12075.0,12085.0,1,12010.0,12070.0,12085.0,12055.0,32.0,3863100.0,6312
2023-05-10 21:00:41,ru2307,ru2307,12075.0,0.0,0.0,0.0,3,12075.0,12085.0,6,12010.0,12070.0,12085.0,12055.0,32.0,3863100.0,6312
2023-05-10 21:00:41,ru2307,ru2307,12085.0,4.0,483400.0,0.0,25,12075.0,12090.0,9,12010.0,12070.0,12085.0,12055.0,36.0,4346500.0,6312
2023-05-10 21:00:42,ru2307,ru2307,12085.0,0.0,0.0,0.0,34,12075.0,12090.0,5,12010.0,12070.0,12085.0,12055.0,36.0,4346500.0,6312
2023-05-10 21:00:42,ru2307,ru2307,12085.0,0.0,0.0,0.0,3,12080.0,12090.0,5,12010.0,12070.0,12085.0,12055.0,36.0,4346500.0,6312
2023-05-10 21:00:43,ru2307,ru2307,12085.0,0.0,0.0,0.0,33,12080.0,12095.0,7,12010.0,12070.0,12085.0,12055.0,36.0,4346500.0,6312
2023-05-10 21:00:43,ru2307,ru2307,12085.0,0.0,0.0,0.0,30,12080.0,12095.0,9,12010.0,12070.0,12085.0,12055.0,36.0,4346500.0,6312
2023-05-10 21:00:44,ru2307,ru2307,12085.0,0.0,0.0,0.0,2,12080.0,12095.0,25,12010.0,12070.0,12085.0,12055.0,36.0,4346500.0,6312
2023-05-10 21:00:45,ru2307,ru2307,12085.0,0.0,0.0,0.0,13,12075.0,12095.0,29,12010.0,12070.0,12085.0,12055.0,36.0,4346500.0,6312
2023-05-10 21:00:45,ru2307,ru2307,12085.0,0.0,0.0,0.0,3,12080.0,12095.0,29,12010.0,12070.0,12085.0,12055.0,36.0,4346500.0,6312
2023-05-10 21:00:46,ru2307,ru2307,12085.0,0.0,0.0,0.0,3,12080.0,12095.0,29,12010.0,12070.0,12085.0,12055.0,36.0,4346500.0,6312
2023-05-10 21:00:46,ru2307,ru2307,12085.0,0.0,0.0,0.0,4,12080.0,12090.0,2,12010.0,12070.0,12085.0,12055.0,36.0,4346500.0,6312
2023-05-10 21:00:47,ru2307,ru2307,12085.0,0.0,0.0,0.0,24,12080.0,12095.0,13,12010.0,12070.0,12085.0,12055.0,36.0,4346500.0,6312
2023-05-10 21:00:47,ru2307,ru2307,12085.0,0.0,0.0,0.0,2,12085.0,12095.0,15,12010.0,12070.0,12085.0,12055.0,36.0,4346500.0,6312
2023-05-10 21:00:48,ru2307,ru2307,12075.0,2.0,241550.0,2.0,8,12075.0,12090.0,1,12010.0,12070.0,12085.0,12055.0,38.0,4588050.0,6314
2023-05-10 21:00:48,ru2307,ru2307,12075.0,0.0,0.0,0.0,5,12080.0,12090.0,1,12010.0,12070.0,12085.0,12055.0,38.0,4588050.0,6314
2023-05-10 21:00:49,ru2307,ru2307,12075.0,0.0,0.0,0.0,5,12080.0,12090.0,3,12010.0,12070.0,12085.0,12055.0,38.0,4588050.0,6314
2023-05-10 21:00:50,ru2307,ru2307,12075.0,0.0,0.0,0.0,8,12070.0,12090.0,10,12010.0,12070.0,12085.0,12055.0,38.0,4588050.0,6314
2023-05-10 21:00:50,ru2307,ru2307,12075.0,0.0,0.0,0.0,5,12075.0,12090.0,22,12010.0,12070.0,12085.0,12055.0,38.0,4588050.0,6314
2023-05-10 21:00:51,ru2307,ru2307,12075.0,0.0,0.0,0.0,5,12075.0,12090.0,22,12010.0,12070.0,12085.0,12055.0,38.0,4588050.0,6314
2023-05-10 21:00:52,ru2307,ru2307,12075.0,0.0,0.0,0.0,3,12080.0,12090.0,9,12010.0,12070.0,12085.0,12055.0,38.0,4588050.0,6314
2023-05-10 21:00:53,ru2307,ru2307,12075.0,0.0,0.0,0.0,10,12070.0,12090.0,22,12010.0,12070.0,12085.0,12055.0,38.0,4588050.0,6314
2023-05-10 21:00:53,ru2307,ru2307,12075.0,0.0,0.0,0.0,5,12075.0,12090.0,22,12010.0,12070.0,12085.0,12055.0,38.0,4588050.0,6314
2023-05-10 21:00:54,ru2307,ru2307,12075.0,0.0,0.0,0.0,5,12075.0,12090.0,22,12010.0,12070.0,12085.0,12055.0,38.0,4588050.0,6314
2023-05-10 21:00:55,ru2307,ru2307,12075.0,0.0,0.0,0.0,3,12080.0,12090.0,9,12010.0,12070.0,12085.0,12055.0,38.0,4588050.0,6314
2023-05-10 21:00:55,ru2307,ru2307,12075.0,0.0,0.0,0.0,3,12080.0,12090.0,9,12010.0,12070.0,12085.0,12055.0,38.0,4588050.0,6314
2023-05-10 21:00:56,ru2307,ru2307,12075.0,0.0,0.0,0.0,5,12080.0,12090.0,9,12010.0,12070.0,12085.0,12055.0,38.0,4588050.0,6314
2023-05-10 21:00:56,ru2307,ru2307,12075.0,0.0,0.0,0.0,3,12080.0,12090.0,22,12010.0,12070.0,12085.0,12055.0,38.0,4588050.0,6314
2023-05-10 21:00:57,ru2307,ru2307,12080.0,1.0,120800.0,1.0,4,12080.0,12090.0,9,12010.0,12070.0,12085.0,12055.0,39.0,4708850.0,6315
2023-05-10 21:00:57,ru2307,ru2307,12080.0,0.0,0.0,0.0,5,12080.0,12090.0,9,12010.0,12070.0,12085.0,12055.0,39.0,4708850.0,6315
2023-05-10 21:00:58,ru2307,ru2307,12080.0,0.0,0.0,0.0,5,12080.0,12090.0,9,12010.0,12070.0,12085.0,12055.0,39.0,4708850.0,6315
2023-05-10 21:00:58,ru2307,ru2307,12080.0,0.0,0.0,0.0,1,12085.0,12090.0,22,12010.0,12070.0,12085.0,12055.0,39.0,4708850.0,6315
2023-05-10 21:00:59,ru2307,ru2307,12085.0,1.0,120850.0,0.0,3,12080.0,12085.0,3,12010.0,12070.0,12085.0,12055.0,40.0,4829700.0,6315
2023-05-10 21:00:59,ru2307,ru2307,12085.0,0.0,0.0,0.0,3,12080.0,12085.0,3,12010.0,12070.0,12085.0,12055.0,40.0,4829700.0,6315
2023-05-10 21:01:00,ru2307,ru2307,12085.0,0.0,0.0,0.0,3,12080.0,12085.0,5,12010.0,12070.0,12085.0,12055.0,40.0,4829700.0,6315
2023-05-10 21:01:00,ru2307,ru2307,12085.0,0.0,0.0,0.0,3,12080.0,12090.0,7,12010.0,12070.0,12085.0,12055.0,40.0,4829700.0,6315
2023-05-10 21:01:01,ru2307,ru2307,12085.0,0.0,0.0,0.0,5,12080.0,12090.0,3,12010.0,12070.0,12085.0,12055.0,40.0,4829700.0,6315
2023-05-10 21:01:02,ru2307,ru2307,12085.0,0.0,0.0,0.0,2,12085.0,12095.0,7,12010.0,12070.0,12085.0,12055.0,40.0,4829700.0,6315
2023-05-10 21:01:02,ru2307,ru2307,12085.0,0.0,0.0,0.0,2,12085.0,12095.0,9,12010.0,12070.0,12085.0,12055.0,40.0,4829700.0,6315
2023-05-10 21:01:03,ru2307,ru2307,12085.0,0.0,0.0,0.0,4,12085.0,12095.0,9,12010.0,12070.0,12085.0,12055.0,40.0,4829700.0,6315
2023-05-10 21:01:03,ru2307,ru2307,12085.0,0.0,0.0,0.0,2,12085.0,12090.0,1,12010.0,12070.0,12085.0,12055.0,40.0,4829700.0,6315
2023-05-10 21:01:04,ru2307,ru2307,12085.0,0.0,0.0,0.0,4,12085.0,12095.0,13,12010.0,12070.0,12085.0,12055.0,40.0,4829700.0,6315
2023-05-10 21:01:04,ru2307,ru2307,12085.0,0.0,0.0,0.0,4,12085.0,12095.0,15,12010.0,12070.0,12085.0,12055.0,40.0,4829700.0,6315
2023-05-10 21:01:05,ru2307,ru2307,12085.0,0.0,0.0,0.0,4,12085.0,12095.0,9,12010.0,12070.0,12085.0,12055.0,40.0,4829700.0,6315
2023-05-10 21:01:06,ru2307,ru2307,12095.0,3.0,362850.0,0.0,4,12085.0,12095.0,2,12010.0,12070.0,12095.0,12055.0,43.0,5192550.0,6315
2023-05-10 21:01:06,ru2307,ru2307,12095.0,0.0,0.0,0.0,2,12085.0,12095.0,24,12010.0,12070.0,12095.0,12055.0,43.0,5192550.0,6315
2023-05-10 21:01:07,ru2307,ru2307,12085.0,2.0,241700.0,-2.0,2,12080.0,12090.0,2,12010.0,12070.0,12095.0,12055.0,45.0,5434250.0,6313
2023-05-10 21:01:07,ru2307,ru2307,12085.0,0.0,0.0,0.0,2,12080.0,12090.0,2,12010.0,12070.0,12095.0,12055.0,45.0,5434250.0,6313
2023-05-10 21:01:08,ru2307,ru2307,12085.0,0.0,0.0,0.0,2,12080.0,12090.0,4,12010.0,12070.0,12095.0,12055.0,45.0,5434250.0,6313
2023-05-10 21:01:08,ru2307,ru2307,12080.0,2.0,241600.0,2.0,4,12070.0,12085.0,10,12010.0,12070.0,12095.0,12055.0,47.0,5675850.0,6315
2023-05-10 21:01:09,ru2307,ru2307,12080.0,0.0,0.0,0.0,1,12070.0,12085.0,19,12010.0,12070.0,12095.0,12055.0,47.0,5675850.0,6315
2023-05-10 21:01:09,ru2307,ru2307,12080.0,0.0,0.0,0.0,5,12075.0,12085.0,12,12010.0,12070.0,12095.0,12055.0,47.0,5675850.0,6315
2023-05-10 21:01:10,ru2307,ru2307,12080.0,0.0,0.0,0.0,5,12075.0,12085.0,12,12010.0,12070.0,12095.0,12055.0,47.0,5675850.0,6315
2023-05-10 21:01:12,ru2307,ru2307,12080.0,0.0,0.0,0.0,3,12075.0,12085.0,14,12010.0,12070.0,12095.0,12055.0,47.0,5675850.0,6315
2023-05-10 21:01:12,ru2307,ru2307,12080.0,0.0,0.0,0.0,3,12075.0,12080.0,2,12010.0,12070.0,12095.0,12055.0,47.0,5675850.0,6315
2023-05-10 21:01:13,ru2307,ru2307,12080.0,0.0,0.0,0.0,3,12070.0,12080.0,2,12010.0,12070.0,12095.0,12055.0,47.0,5675850.0,6315
2023-05-10 21:01:13,ru2307,ru2307,12080.0,0.0,0.0,0.0,1,12070.0,12080.0,4,12010.0,12070.0,12095.0,12055.0,47.0,5675850.0,6315
2023-05-10 21:01:14,ru2307,ru2307,12080.0,0.0,0.0,0.0,1,12070.0,12075.0,3,12010.0,12070.0,12095.0,12055.0,47.0,5675850.0,6315
2023-05-10 21:01:14,ru2307,ru2307,12080.0,0.0,0.0,0.0,1,12070.0,12080.0,9,12010.0,12070.0,12095.0,12055.0,47.0,5675850.0,6315
2023-05-10 21:01:15,ru2307,ru2307,12080.0,0.0,0.0,0.0,1,12070.0,12075.0,4,12010.0,12070.0,12095.0,12055.0,47.0,5675850.0,6315
2023-05-10 21:01:15,ru2307,ru2307,12070.0,1.0,120700.0,1.0,9,12060.0,12075.0,22,12010.0,12070.0,12095.0,12055.0,48.0,5796550.0,6316
2023-05-10 21:01:16,ru2307,ru2307,12070.0,0.0,0.0,0.0,16,12055.0,12075.0,26,12010.0,12070.0,12095.0,12055.0,48.0,5796550.0,6316
2023-05-10 21:01:16,ru2307,ru2307,12070.0,0.0,0.0,0.0,3,12060.0,12070.0,14,12010.0,12070.0,12095.0,12055.0,48.0,5796550.0,6316
2023-05-10 21:01:17,ru2307,ru2307,12070.0,0.0,0.0,0.0,3,12060.0,12070.0,10,12010.0,12070.0,12095.0,12055.0,48.0,5796550.0,6316
2023-05-10 21:01:17,ru2307,ru2307,12070.0,0.0,0.0,0.0,5,12060.0,12070.0,12,12010.0,12070.0,12095.0,12055.0,48.0,5796550.0,6316
2023-05-10 21:01:18,ru2307,ru2307,12070.0,0.0,0.0,0.0,3,12060.0,12070.0,26,12010.0,12070.0,12095.0,12055.0,48.0,5796550.0,6316
2023-05-10 21:01:18,ru2307,ru2307,12070.0,0.0,0.0,0.0,3,12060.0,12065.0,2,12010.0,12070.0,12095.0,12055.0,48.0,5796550.0,6316
2023-05-10 21:01:19,ru2307,ru2307,12070.0,0.0,0.0,0.0,3,12060.0,12065.0,2,12010.0,12070.0,12095.0,12055.0,48.0,5796550.0,6316
2023-05-10 21:01:19,ru2307,ru2307,12070.0,0.0,0.0,0.0,3,12060.0,12065.0,4,12010.0,12070.0,12095.0,12055.0,48.0,5796550.0,6316
2023-05-10 21:01:20,ru2307,ru2307,12070.0,0.0,0.0,0.0,8,12050.0,12065.0,4,12010.0,12070.0,12095.0,12055.0,48.0,5796550.0,6316
2023-05-10 21:01:20,ru2307,ru2307,12070.0,0.0,0.0,0.0,3,12055.0,12065.0,5,12010.0,12070.0,12095.0,12055.0,48.0,5796550.0,6316
2023-05-10 21:01:21,ru2307,ru2307,12070.0,0.0,0.0,0.0,3,12055.0,12065.0,24,12010.0,12070.0,12095.0,12055.0,48.0,5796550.0,6316
2023-05-10 21:01:21,ru2307,ru2307,12070.0,0.0,0.0,0.0,3,12055.0,12065.0,11,12010.0,12070.0,12095.0,12055.0,48.0,5796550.0,6316
2023-05-10 21:01:22,ru2307,ru2307,12070.0,0.0,0.0,0.0,3,12055.0,12065.0,4,12010.0,12070.0,12095.0,12055.0,48.0,5796550.0,6316
2023-05-10 21:01:23,ru2307,ru2307,12070.0,0.0,0.0,0.0,3,12055.0,12065.0,5,12010.0,12070.0,12095.0,12055.0,48.0,5796550.0,6316
2023-05-10 21:01:26,ru2307,ru2307,12070.0,0.0,0.0,0.0,3,12055.0,12065.0,4,12010.0,12070.0,12095.0,12055.0,48.0,5796550.0,6316
2023-05-10 21:01:27,ru2307,ru2307,12070.0,0.0,0.0,0.0,4,12055.0,12065.0,4,12010.0,12070.0,12095.0,12055.0,48.0,5796550.0,6316
2023-05-10 21:01:28,ru2307,ru2307,12070.0,0.0,0.0,0.0,3,12055.0,12065.0,4,12010.0,12070.0,12095.0,12055.0,48.0,5796550.0,6316
2023-05-10 21:01:29,ru2307,ru2307,12070.0,0.0,0.0,0.0,3,12055.0,12065.0,6,12010.0,12070.0,12095.0,12055.0,48.0,5796550.0,6316
2023-05-10 21:01:30,ru2307,ru2307,12070.0,0.0,0.0,0.0,3,12055.0,12065.0,27,12010.0,12070.0,12095.0,12055.0,48.0,5796550.0,6316
2023-05-10 21:01:30,ru2307,ru2307,12070.0,0.0,0.0,0.0,3,12055.0,12065.0,14,12010.0,12070.0,12095.0,12055.0,48.0,5796550.0,6316
2023-05-10 21:01:31,ru2307,ru2307,12065.0,3.0,361950.0,2.0,4,12060.0,12075.0,9,12010.0,12070.0,12095.0,12055.0,51.0,6158500.0,6318
2023-05-10 21:01:31,ru2307,ru2307,12065.0,0.0,0.0,0.0,5,12060.0,12070.0,2,12010.0,12070.0,12095.0,12055.0,51.0,6158500.0,6318
2023-05-10 21:01:32,ru2307,ru2307,12065.0,0.0,0.0,0.0,5,12060.0,12070.0,3,12010.0,12070.0,12095.0,12055.0,51.0,6158500.0,6318
2023-05-10 21:01:32,ru2307,ru2307,12065.0,0.0,0.0,0.0,3,12060.0,12070.0,22,12010.0,12070.0,12095.0,12055.0,51.0,6158500.0,6318
2023-05-10 21:01:33,ru2307,ru2307,12065.0,0.0,0.0,0.0,6,12060.0,12070.0,2,12010.0,12070.0,12095.0,12055.0,51.0,6158500.0,6318
2023-05-10 21:01:33,ru2307,ru2307,12065.0,0.0,0.0,0.0,3,12065.0,12070.0,2,12010.0,12070.0,12095.0,12055.0,51.0,6158500.0,6318
2023-05-10 21:01:34,ru2307,ru2307,12065.0,0.0,0.0,0.0,3,12065.0,12080.0,10,12010.0,12070.0,12095.0,12055.0,51.0,6158500.0,6318
2023-05-10 21:01:34,ru2307,ru2307,12065.0,0.0,0.0,0.0,5,12065.0,12075.0,2,12010.0,12070.0,12095.0,12055.0,51.0,6158500.0,6318
2023-05-10 21:01:35,ru2307,ru2307,12065.0,0.0,0.0,0.0,5,12065.0,12075.0,2,12010.0,12070.0,12095.0,12055.0,51.0,6158500.0,6318
2023-05-10 21:01:37,ru2307,ru2307,12065.0,0.0,0.0,0.0,5,12065.0,12075.0,3,12010.0,12070.0,12095.0,12055.0,51.0,6158500.0,6318
2023-05-10 21:01:38,ru2307,ru2307,12065.0,0.0,0.0,0.0,3,12065.0,12075.0,16,12010.0,12070.0,12095.0,12055.0,51.0,6158500.0,6318
2023-05-10 21:01:38,ru2307,ru2307,12065.0,0.0,0.0,0.0,3,12065.0,12070.0,2,12010.0,12070.0,12095.0,12055.0,51.0,6158500.0,6318
2023-05-10 21:01:39,ru2307,ru2307,12065.0,0.0,0.0,0.0,3,12065.0,12070.0,2,12010.0,12070.0,12095.0,12055.0,51.0,6158500.0,6318
2023-05-10 21:01:39,ru2307,ru2307,12065.0,0.0,0.0,0.0,3,12065.0,12070.0,4,12010.0,12070.0,12095.0,12055.0,51.0,6158500.0,6318
2023-05-10 21:01:40,ru2307,ru2307,12065.0,0.0,0.0,0.0,1,12060.0,12070.0,4,12010.0,12070.0,12095.0,12055.0,51.0,6158500.0,6318
2023-05-10 21:01:40,ru2307,ru2307,12065.0,0.0,0.0,0.0,1,12060.0,12070.0,4,12010.0,12070.0,12095.0,12055.0,51.0,6158500.0,6318
2023-05-10 21:01:45,ru2307,ru2307,12065.0,0.0,0.0,0.0,13,12055.0,12070.0,4,12010.0,12070.0,12095.0,12055.0,51.0,6158500.0,6318
2023-05-10 21:01:46,ru2307,ru2307,12065.0,0.0,0.0,0.0,3,12060.0,12070.0,4,12010.0,12070.0,12095.0,12055.0,51.0,6158500.0,6318
2023-05-10 21:01:46,ru2307,ru2307,12065.0,0.0,0.0,0.0,4,12065.0,12070.0,27,12010.0,12070.0,12095.0,12055.0,51.0,6158500.0,6318
2023-05-10 21:01:47,ru2307,ru2307,12065.0,4.0,482600.0,4.0,3,12060.0,12070.0,7,12010.0,12070.0,12095.0,12055.0,55.0,6641100.0,6322
2023-05-10 21:01:47,ru2307,ru2307,12065.0,0.0,0.0,0.0,3,12060.0,12070.0,4,12010.0,12070.0,12095.0,12055.0,55.0,6641100.0,6322
2023-05-10 21:01:50,ru2307,ru2307,12065.0,0.0,0.0,0.0,9,12060.0,12070.0,5,12010.0,12070.0,12095.0,12055.0,55.0,6641100.0,6322
2023-05-10 21:01:50,ru2307,ru2307,12065.0,0.0,0.0,0.0,3,12060.0,12070.0,19,12010.0,12070.0,12095.0,12055.0,55.0,6641100.0,6322
2023-05-10 21:01:52,ru2307,ru2307,12065.0,0.0,0.0,0.0,3,12060.0,12070.0,25,12010.0,12070.0,12095.0,12055.0,55.0,6641100.0,6322
2023-05-10 21:01:53,ru2307,ru2307,12065.0,0.0,0.0,0.0,3,12060.0,12070.0,5,12010.0,12070.0,12095.0,12055.0,55.0,6641100.0,6322
2023-05-10 21:01:54,ru2307,ru2307,12065.0,0.0,0.0,0.0,3,12060.0,12070.0,19,12010.0,12070.0,12095.0,12055.0,55.0,6641100.0,6322
2023-05-10 21:01:55,ru2307,ru2307,12065.0,0.0,0.0,0.0,3,12060.0,12070.0,25,12010.0,12070.0,12095.0,12055.0,55.0,6641100.0,6322
2023-05-10 21:01:57,ru2307,ru2307,12065.0,0.0,0.0,0.0,3,12060.0,12070.0,11,12010.0,12070.0,12095.0,12055.0,55.0,6641100.0,6322
2023-05-10 21:01:57,ru2307,ru2307,12065.0,0.0,0.0,0.0,3,12060.0,12070.0,25,12010.0,12070.0,12095.0,12055.0,55.0,6641100.0,6322
2023-05-10 21:01:58,ru2307,ru2307,12065.0,0.0,0.0,0.0,3,12060.0,12070.0,11,12010.0,12070.0,12095.0,12055.0,55.0,6641100.0,6322
2023-05-10 21:01:59,ru2307,ru2307,12065.0,0.0,0.0,0.0,3,12060.0,12070.0,4,12010.0,12070.0,12095.0,12055.0,55.0,6641100.0,6322
2023-05-10 21:02:01,ru2307,ru2307,12065.0,0.0,0.0,0.0,4,12060.0,12070.0,4,12010.0,12070.0,12095.0,12055.0,55.0,6641100.0,6322
2023-05-10 21:02:01,ru2307,ru2307,12065.0,0.0,0.0,0.0,25,12060.0,12075.0,7,12010.0,12070.0,12095.0,12055.0,55.0,6641100.0,6322
2023-05-10 21:02:02,ru2307,ru2307,12065.0,0.0,0.0,0.0,3,12060.0,12070.0,2,12010.0,12070.0,12095.0,12055.0,55.0,6641100.0,6322
2023-05-10 21:02:02,ru2307,ru2307,12065.0,0.0,0.0,0.0,3,12060.0,12070.0,2,12010.0,12070.0,12095.0,12055.0,55.0,6641100.0,6322
2023-05-10 21:02:03,ru2307,ru2307,12065.0,0.0,0.0,0.0,5,12060.0,12075.0,7,12010.0,12070.0,12095.0,12055.0,55.0,6641100.0,6322
2023-05-10 21:02:04,ru2307,ru2307,12065.0,0.0,0.0,0.0,3,12065.0,12075.0,2,12010.0,12070.0,12095.0,12055.0,55.0,6641100.0,6322
2023-05-10 21:02:04,ru2307,ru2307,12065.0,0.0,0.0,0.0,3,12065.0,12075.0,2,12010.0,12070.0,12095.0,12055.0,55.0,6641100.0,6322
2023-05-10 21:02:05,ru2307,ru2307,12065.0,0.0,0.0,0.0,5,12065.0,12075.0,2,12010.0,12070.0,12095.0,12055.0,55.0,6641100.0,6322
2023-05-10 21:02:06,ru2307,ru2307,12065.0,0.0,0.0,0.0,3,12065.0,12075.0,13,12010.0,12070.0,12095.0,12055.0,55.0,6641100.0,6322
2023-05-10 21:02:07,ru2307,ru2307,12060.0,4.0,482550.0,1.0,12,12055.0,12070.0,2,12010.0,12070.0,12095.0,12055.0,59.0,7123650.0,6323
2023-05-10 21:02:07,ru2307,ru2307,12060.0,0.0,0.0,0.0,42,12055.0,12070.0,2,12010.0,12070.0,12095.0,12055.0,59.0,7123650.0,6323
2023-05-10 21:02:08,ru2307,ru2307,12060.0,0.0,0.0,0.0,42,12055.0,12070.0,4,12010.0,12070.0,12095.0,12055.0,59.0,7123650.0,6323
2023-05-10 21:02:08,ru2307,ru2307,12060.0,0.0,0.0,0.0,42,12055.0,12070.0,5,12010.0,12070.0,12095.0,12055.0,59.0,7123650.0,6323
2023-05-10 21:02:09,ru2307,ru2307,12060.0,0.0,0.0,0.0,41,12055.0,12070.0,5,12010.0,12070.0,12095.0,12055.0,59.0,7123650.0,6323
2023-05-10 21:02:09,ru2307,ru2307,12060.0,0.0,0.0,0.0,42,12055.0,12070.0,5,12010.0,12070.0,12095.0,12055.0,59.0,7123650.0,6323
2023-05-10 21:02:10,ru2307,ru2307,12060.0,0.0,0.0,0.0,41,12055.0,12070.0,5,12010.0,12070.0,12095.0,12055.0,59.0,7123650.0,6323
2023-05-10 21:02:10,ru2307,ru2307,12060.0,0.0,0.0,0.0,12,12055.0,12070.0,18,12010.0,12070.0,12095.0,12055.0,59.0,7123650.0,6323
2023-05-10 21:02:11,ru2307,ru2307,12060.0,0.0,0.0,0.0,35,12055.0,12070.0,5,12010.0,12070.0,12095.0,12055.0,59.0,7123650.0,6323
2023-05-10 21:02:12,ru2307,ru2307,12060.0,0.0,0.0,0.0,41,12055.0,12070.0,5,12010.0,12070.0,12095.0,12055.0,59.0,7123650.0,6323
2023-05-10 21:02:13,ru2307,ru2307,12060.0,0.0,0.0,0.0,43,12055.0,12070.0,5,12010.0,12070.0,12095.0,12055.0,59.0,7123650.0,6323
2023-05-10 21:02:13,ru2307,ru2307,12060.0,0.0,0.0,0.0,42,12055.0,12070.0,5,12010.0,12070.0,12095.0,12055.0,59.0,7123650.0,6323
2023-05-10 21:02:14,ru2307,ru2307,12060.0,0.0,0.0,0.0,1,12055.0,12065.0,3,12010.0,12070.0,12095.0,12055.0,59.0,7123650.0,6323
2023-05-10 21:02:15,ru2307,ru2307,12060.0,0.0,0.0,0.0,1,12055.0,12065.0,3,12010.0,12070.0,12095.0,12055.0,59.0,7123650.0,6323
2023-05-10 21:02:15,ru2307,ru2307,12060.0,0.0,0.0,0.0,3,12055.0,12065.0,5,12010.0,12070.0,12095.0,12055.0,59.0,7123650.0,6323
2023-05-10 21:02:18,ru2307,ru2307,12060.0,0.0,0.0,0.0,3,12055.0,12065.0,5,12010.0,12070.0,12095.0,12055.0,59.0,7123650.0,6323
2023-05-10 21:02:23,ru2307,ru2307,12060.0,0.0,0.0,0.0,7,12055.0,12065.0,3,12010.0,12070.0,12095.0,12055.0,59.0,7123650.0,6323
2023-05-10 21:02:23,ru2307,ru2307,12060.0,0.0,0.0,0.0,34,12055.0,12065.0,3,12010.0,12070.0,12095.0,12055.0,59.0,7123650.0,6323
2023-05-10 21:02:24,ru2307,ru2307,12065.0,3.0,361950.0,-3.0,35,12055.0,12070.0,7,12010.0,12070.0,12095.0,12055.0,62.0,7485600.0,6320
2023-05-10 21:02:24,ru2307,ru2307,12065.0,0.0,0.0,0.0,34,12055.0,12070.0,9,12010.0,12070.0,12095.0,12055.0,62.0,7485600.0,6320
2023-05-10 21:02:25,ru2307,ru2307,12065.0,0.0,0.0,0.0,3,12060.0,12070.0,9,12010.0,12070.0,12095.0,12055.0,62.0,7485600.0,6320
2023-05-10 21:02:26,ru2307,ru2307,12065.0,0.0,0.0,0.0,3,12060.0,12070.0,9,12010.0,12070.0,12095.0,12055.0,62.0,7485600.0,6320
2023-05-10 21:02:26,ru2307,ru2307,12065.0,0.0,0.0,0.0,5,12060.0,12070.0,3,12010.0,12070.0,12095.0,12055.0,62.0,7485600.0,6320
2023-05-10 21:02:27,ru2307,ru2307,12065.0,0.0,0.0,0.0,5,12060.0,12070.0,2,12010.0,12070.0,12095.0,12055.0,62.0,7485600.0,6320
2023-05-10 21:02:27,ru2307,ru2307,12065.0,0.0,0.0,0.0,26,12060.0,12075.0,9,12010.0,12070.0,12095.0,12055.0,62.0,7485600.0,6320
2023-05-10 21:02:28,ru2307,ru2307,12065.0,0.0,0.0,0.0,5,12060.0,12070.0,2,12010.0,12070.0,12095.0,12055.0,62.0,7485600.0,6320
2023-05-10 21:02:28,ru2307,ru2307,12065.0,0.0,0.0,0.0,5,12060.0,12070.0,2,12010.0,12070.0,12095.0,12055.0,62.0,7485600.0,6320
2023-05-10 21:02:29,ru2307,ru2307,12065.0,0.0,0.0,0.0,19,12060.0,12075.0,3,12010.0,12070.0,12095.0,12055.0,62.0,7485600.0,6320
2023-05-10 21:02:30,ru2307,ru2307,12065.0,0.0,0.0,0.0,39,12060.0,12075.0,5,12010.0,12070.0,12095.0,12055.0,62.0,7485600.0,6320
2023-05-10 21:02:30,ru2307,ru2307,12065.0,0.0,0.0,0.0,3,12065.0,12075.0,5,12010.0,12070.0,12095.0,12055.0,62.0,7485600.0,6320
2023-05-10 21:02:31,ru2307,ru2307,12065.0,0.0,0.0,0.0,3,12065.0,12075.0,5,12010.0,12070.0,12095.0,12055.0,62.0,7485600.0,6320
2023-05-10 21:02:31,ru2307,ru2307,12065.0,0.0,0.0,0.0,5,12065.0,12075.0,5,12010.0,12070.0,12095.0,12055.0,62.0,7485600.0,6320
2023-05-10 21:02:34,ru2307,ru2307,12065.0,0.0,0.0,0.0,5,12065.0,12075.0,5,12010.0,12070.0,12095.0,12055.0,62.0,7485600.0,6320
2023-05-10 21:02:34,ru2307,ru2307,12065.0,0.0,0.0,0.0,5,12065.0,12075.0,2,12010.0,12070.0,12095.0,12055.0,62.0,7485600.0,6320
2023-05-10 21:02:35,ru2307,ru2307,12065.0,0.0,0.0,0.0,5,12065.0,12075.0,3,12010.0,12070.0,12095.0,12055.0,62.0,7485600.0,6320
2023-05-10 21:02:36,ru2307,ru2307,12065.0,0.0,0.0,0.0,7,12065.0,12080.0,10,12010.0,12070.0,12095.0,12055.0,62.0,7485600.0,6320
2023-05-10 21:02:37,ru2307,ru2307,12065.0,0.0,0.0,0.0,43,12065.0,12080.0,6,12010.0,12070.0,12095.0,12055.0,62.0,7485600.0,6320
2023-05-10 21:02:37,ru2307,ru2307,12065.0,0.0,0.0,0.0,3,12070.0,12080.0,6,12010.0,12070.0,12095.0,12055.0,62.0,7485600.0,6320
2023-05-10 21:02:38,ru2307,ru2307,12065.0,0.0,0.0,0.0,3,12070.0,12080.0,6,12010.0,12070.0,12095.0,12055.0,62.0,7485600.0,6320
2023-05-10 21:02:38,ru2307,ru2307,12065.0,0.0,0.0,0.0,2,12075.0,12080.0,1,12010.0,12070.0,12095.0,12055.0,62.0,7485600.0,6320
2023-05-10 21:02:39,ru2307,ru2307,12065.0,0.0,0.0,0.0,2,12075.0,12080.0,1,12010.0,12070.0,12095.0,12055.0,62.0,7485600.0,6320
2023-05-10 21:02:39,ru2307,ru2307,12080.0,1.0,120800.0,-1.0,2,12075.0,12090.0,11,12010.0,12070.0,12095.0,12055.0,63.0,7606400.0,6319
2023-05-10 21:02:40,ru2307,ru2307,12080.0,0.0,0.0,0.0,30,12075.0,12085.0,3,12010.0,12070.0,12095.0,12055.0,63.0,7606400.0,6319
2023-05-10 21:02:40,ru2307,ru2307,12080.0,0.0,0.0,0.0,2,12075.0,12085.0,4,12010.0,12070.0,12095.0,12055.0,63.0,7606400.0,6319
2023-05-10 21:02:41,ru2307,ru2307,12080.0,0.0,0.0,0.0,2,12075.0,12085.0,6,12010.0,12070.0,12095.0,12055.0,63.0,7606400.0,6319
2023-05-10 21:02:41,ru2307,ru2307,12080.0,0.0,0.0,0.0,28,12075.0,12090.0,10,12010.0,12070.0,12095.0,12055.0,63.0,7606400.0,6319
2023-05-10 21:02:42,ru2307,ru2307,12080.0,0.0,0.0,0.0,2,12075.0,12085.0,2,12010.0,12070.0,12095.0,12055.0,63.0,7606400.0,6319
2023-05-10 21:02:42,ru2307,ru2307,12080.0,0.0,0.0,0.0,2,12075.0,12085.0,3,12010.0,12070.0,12095.0,12055.0,63.0,7606400.0,6319
2023-05-10 21:02:44,ru2307,ru2307,12080.0,0.0,0.0,0.0,2,12075.0,12085.0,2,12010.0,12070.0,12095.0,12055.0,63.0,7606400.0,6319
2023-05-10 21:02:44,ru2307,ru2307,12080.0,0.0,0.0,0.0,30,12075.0,12090.0,10,12010.0,12070.0,12095.0,12055.0,63.0,7606400.0,6319
2023-05-10 21:02:45,ru2307,ru2307,12080.0,0.0,0.0,0.0,2,12075.0,12085.0,5,12010.0,12070.0,12095.0,12055.0,63.0,7606400.0,6319
2023-05-10 21:02:45,ru2307,ru2307,12080.0,0.0,0.0,0.0,2,12075.0,12085.0,6,12010.0,12070.0,12095.0,12055.0,63.0,7606400.0,6319
2023-05-10 21:02:47,ru2307,ru2307,12080.0,0.0,0.0,0.0,2,12075.0,12085.0,6,12010.0,12070.0,12095.0,12055.0,63.0,7606400.0,6319
2023-05-10 21:02:47,ru2307,ru2307,12080.0,0.0,0.0,0.0,1,12070.0,12085.0,25,12010.0,12070.0,12095.0,12055.0,63.0,7606400.0,6319
2023-05-10 21:02:48,ru2307,ru2307,12070.0,3.0,362100.0,3.0,12,12065.0,12070.0,2,12010.0,12070.0,12095.0,12055.0,66.0,7968500.0,6322
2023-05-10 21:02:48,ru2307,ru2307,12070.0,2.0,241400.0,1.0,1,12070.0,12080.0,9,12010.0,12070.0,12095.0,12055.0,68.0,8209900.0,6323
2023-05-10 21:02:49,ru2307,ru2307,12080.0,2.0,241500.0,0.0,13,12065.0,12080.0,14,12010.0,12070.0,12095.0,12055.0,70.0,8451400.0,6323
2023-05-10 21:02:49,ru2307,ru2307,12080.0,0.0,0.0,0.0,3,12070.0,12080.0,14,12010.0,12070.0,12095.0,12055.0,70.0,8451400.0,6323
2023-05-10 21:02:50,ru2307,ru2307,12080.0,0.0,0.0,0.0,3,12070.0,12080.0,14,12010.0,12070.0,12095.0,12055.0,70.0,8451400.0,6323
2023-05-10 21:02:51,ru2307,ru2307,12080.0,0.0,0.0,0.0,3,12070.0,12080.0,14,12010.0,12070.0,12095.0,12055.0,70.0,8451400.0,6323
2023-05-10 21:02:51,ru2307,ru2307,12080.0,0.0,0.0,0.0,3,12070.0,12080.0,14,12010.0,12070.0,12095.0,12055.0,70.0,8451400.0,6323
2023-05-10 21:02:53,ru2307,ru2307,12080.0,0.0,0.0,0.0,3,12070.0,12080.0,15,12010.0,12070.0,12095.0,12055.0,70.0,8451400.0,6323
2023-05-10 21:03:00,ru2307,ru2307,12080.0,0.0,0.0,0.0,3,12070.0,12080.0,17,12010.0,12070.0,12095.0,12055.0,70.0,8451400.0,6323
2023-05-10 21:03:00,ru2307,ru2307,12070.0,1.0,120700.0,1.0,2,12070.0,12075.0,1,12010.0,12070.0,12095.0,12055.0,71.0,8572100.0,6324
2023-05-10 21:03:01,ru2307,ru2307,12070.0,0.0,0.0,0.0,10,12060.0,12070.0,2,12010.0,12070.0,12095.0,12055.0,71.0,8572100.0,6324
2023-05-10 21:03:01,ru2307,ru2307,12070.0,0.0,0.0,0.0,3,12065.0,12070.0,2,12010.0,12070.0,12095.0,12055.0,71.0,8572100.0,6324
2023-05-10 21:03:02,ru2307,ru2307,12070.0,2.0,241400.0,2.0,3,12065.0,12075.0,6,12010.0,12070.0,12095.0,12055.0,73.0,8813500.0,6326
2023-05-10 21:03:02,ru2307,ru2307,12070.0,0.0,0.0,0.0,3,12065.0,12075.0,10,12010.0,12070.0,12095.0,12055.0,73.0,8813500.0,6326
2023-05-10 21:03:03,ru2307,ru2307,12070.0,0.0,0.0,0.0,3,12065.0,12075.0,11,12010.0,12070.0,12095.0,12055.0,73.0,8813500.0,6326
2023-05-10 21:03:03,ru2307,ru2307,12070.0,0.0,0.0,0.0,9,12055.0,12075.0,25,12010.0,12070.0,12095.0,12055.0,73.0,8813500.0,6326
2023-05-10 21:03:04,ru2307,ru2307,12070.0,0.0,0.0,0.0,3,12060.0,12070.0,10,12010.0,12070.0,12095.0,12055.0,73.0,8813500.0,6326
2023-05-10 21:03:04,ru2307,ru2307,12070.0,0.0,0.0,0.0,3,12060.0,12070.0,12,12010.0,12070.0,12095.0,12055.0,73.0,8813500.0,6326
2023-05-10 21:03:05,ru2307,ru2307,12070.0,0.0,0.0,0.0,3,12060.0,12070.0,15,12010.0,12070.0,12095.0,12055.0,73.0,8813500.0,6326
2023-05-10 21:03:05,ru2307,ru2307,12070.0,0.0,0.0,0.0,3,12060.0,12070.0,15,12010.0,12070.0,12095.0,12055.0,73.0,8813500.0,6326
2023-05-10 21:03:06,ru2307,ru2307,12070.0,0.0,0.0,0.0,3,12060.0,12070.0,16,12010.0,12070.0,12095.0,12055.0,73.0,8813500.0,6326
2023-05-10 21:03:07,ru2307,ru2307,12070.0,0.0,0.0,0.0,3,12060.0,12070.0,16,12010.0,12070.0,12095.0,12055.0,73.0,8813500.0,6326
2023-05-10 21:03:09,ru2307,ru2307,12070.0,0.0,0.0,0.0,3,12060.0,12070.0,15,12010.0,12070.0,12095.0,12055.0,73.0,8813500.0,6326
2023-05-10 21:03:10,ru2307,ru2307,12070.0,0.0,0.0,0.0,3,12060.0,12070.0,16,12010.0,12070.0,12095.0,12055.0,73.0,8813500.0,6326
2023-05-10 21:03:18,ru2307,ru2307,12070.0,0.0,0.0,0.0,4,12060.0,12070.0,16,12010.0,12070.0,12095.0,12055.0,73.0,8813500.0,6326
2023-05-10 21:03:18,ru2307,ru2307,12070.0,0.0,0.0,0.0,4,12060.0,12070.0,15,12010.0,12070.0,12095.0,12055.0,73.0,8813500.0,6326
2023-05-10 21:03:20,ru2307,ru2307,12060.0,1.0,120600.0,1.0,3,12060.0,12065.0,1,12010.0,12070.0,12095.0,12055.0,74.0,8934100.0,6327
2023-05-10 21:03:20,ru2307,ru2307,12065.0,1.0,120650.0,0.0,3,12060.0,12070.0,9,12010.0,12070.0,12095.0,12055.0,75.0,9054750.0,6327
2023-05-10 21:03:21,ru2307,ru2307,12065.0,0.0,0.0,0.0,4,12060.0,12070.0,16,12010.0,12070.0,12095.0,12055.0,75.0,9054750.0,6327
2023-05-10 21:03:21,ru2307,ru2307,12065.0,0.0,0.0,0.0,4,12060.0,12070.0,15,12010.0,12070.0,12095.0,12055.0,75.0,9054750.0,6327
2023-05-10 21:03:22,ru2307,ru2307,12065.0,0.0,0.0,0.0,3,12060.0,12070.0,15,12010.0,12070.0,12095.0,12055.0,75.0,9054750.0,6327
2023-05-10 21:03:23,ru2307,ru2307,12065.0,0.0,0.0,0.0,3,12060.0,12070.0,16,12010.0,12070.0,12095.0,12055.0,75.0,9054750.0,6327
2023-05-10 21:03:28,ru2307,ru2307,12065.0,0.0,0.0,0.0,3,12060.0,12070.0,15,12010.0,12070.0,12095.0,12055.0,75.0,9054750.0,6327
2023-05-10 21:03:28,ru2307,ru2307,12065.0,0.0,0.0,0.0,3,12060.0,12070.0,16,12010.0,12070.0,12095.0,12055.0,75.0,9054750.0,6327
2023-05-10 21:03:31,ru2307,ru2307,12065.0,0.0,0.0,0.0,3,12060.0,12070.0,16,12010.0,12070.0,12095.0,12055.0,75.0,9054750.0,6327
2023-05-10 21:03:31,ru2307,ru2307,12070.0,12.0,1448400.0,11.0,3,12065.0,12080.0,3,12010.0,12070.0,12095.0,12055.0,87.0,10503150.0,6338
2023-05-10 21:03:32,ru2307,ru2307,12070.0,0.0,0.0,0.0,2,12070.0,12080.0,5,12010.0,12070.0,12095.0,12055.0,87.0,10503150.0,6338
2023-05-10 21:03:32,ru2307,ru2307,12070.0,0.0,0.0,0.0,2,12070.0,12080.0,5,12010.0,12070.0,12095.0,12055.0,87.0,10503150.0,6338
2023-05-10 21:03:34,ru2307,ru2307,12070.0,0.0,0.0,0.0,2,12070.0,12080.0,5,12010.0,12070.0,12095.0,12055.0,87.0,10503150.0,6338
2023-05-10 21:03:35,ru2307,ru2307,12070.0,0.0,0.0,0.0,3,12075.0,12080.0,1,12010.0,12070.0,12095.0,12055.0,87.0,10503150.0,6338
2023-05-10 21:03:36,ru2307,ru2307,12080.0,1.0,120800.0,0.0,29,12075.0,12090.0,10,12010.0,12070.0,12095.0,12055.0,88.0,10623950.0,6338
2023-05-10 21:03:36,ru2307,ru2307,12080.0,0.0,0.0,0.0,3,12075.0,12085.0,7,12010.0,12070.0,12095.0,12055.0,88.0,10623950.0,6338
2023-05-10 21:03:37,ru2307,ru2307,12080.0,0.0,0.0,0.0,25,12075.0,12085.0,3,12010.0,12070.0,12095.0,12055.0,88.0,10623950.0,6338
2023-05-10 21:03:37,ru2307,ru2307,12080.0,0.0,0.0,0.0,34,12075.0,12085.0,2,12010.0,12070.0,12095.0,12055.0,88.0,10623950.0,6338
2023-05-10 21:03:38,ru2307,ru2307,12085.0,2.0,241700.0,2.0,2,12080.0,12090.0,4,12010.0,12070.0,12095.0,12055.0,90.0,10865650.0,6340
2023-05-10 21:03:38,ru2307,ru2307,12085.0,0.0,0.0,0.0,2,12080.0,12090.0,11,12010.0,12070.0,12095.0,12055.0,90.0,10865650.0,6340
2023-05-10 21:03:39,ru2307,ru2307,12085.0,0.0,0.0,0.0,2,12080.0,12090.0,7,12010.0,12070.0,12095.0,12055.0,90.0,10865650.0,6340
2023-05-10 21:03:39,ru2307,ru2307,12085.0,0.0,0.0,0.0,2,12080.0,12090.0,7,12010.0,12070.0,12095.0,12055.0,90.0,10865650.0,6340
2023-05-10 21:03:40,ru2307,ru2307,12085.0,0.0,0.0,0.0,2,12080.0,12090.0,7,12010.0,12070.0,12095.0,12055.0,90.0,10865650.0,6340
2023-05-10 21:03:41,ru2307,ru2307,12085.0,0.0,0.0,0.0,2,12080.0,12090.0,7,12010.0,12070.0,12095.0,12055.0,90.0,10865650.0,6340
2023-05-10 21:03:42,ru2307,ru2307,12085.0,0.0,0.0,0.0,3,12080.0,12090.0,7,12010.0,12070.0,12095.0,12055.0,90.0,10865650.0,6340
2023-05-10 21:03:42,ru2307,ru2307,12085.0,0.0,0.0,0.0,4,12080.0,12090.0,7,12010.0,12070.0,12095.0,12055.0,90.0,10865650.0,6340
2023-05-10 21:03:43,ru2307,ru2307,12085.0,0.0,0.0,0.0,3,12080.0,12090.0,7,12010.0,12070.0,12095.0,12055.0,90.0,10865650.0,6340
2023-05-10 21:03:46,ru2307,ru2307,12085.0,0.0,0.0,0.0,3,12080.0,12090.0,6,12010.0,12070.0,12095.0,12055.0,90.0,10865650.0,6340
2023-05-10 21:03:46,ru2307,ru2307,12085.0,0.0,0.0,0.0,4,12080.0,12090.0,6,12010.0,12070.0,12095.0,12055.0,90.0,10865650.0,6340
2023-05-10 21:03:47,ru2307,ru2307,12085.0,0.0,0.0,0.0,10,12080.0,12090.0,6,12010.0,12070.0,12095.0,12055.0,90.0,10865650.0,6340
2023-05-10 21:03:47,ru2307,ru2307,12085.0,0.0,0.0,0.0,31,12080.0,12090.0,2,12010.0,12070.0,12095.0,12055.0,90.0,10865650.0,6340
2023-05-10 21:03:48,ru2307,ru2307,12085.0,0.0,0.0,0.0,10,12080.0,12090.0,6,12010.0,12070.0,12095.0,12055.0,90.0,10865650.0,6340
2023-05-10 21:03:48,ru2307,ru2307,12085.0,0.0,0.0,0.0,4,12080.0,12090.0,6,12010.0,12070.0,12095.0,12055.0,90.0,10865650.0,6340
2023-05-10 21:03:49,ru2307,ru2307,12085.0,0.0,0.0,0.0,4,12080.0,12090.0,6,12010.0,12070.0,12095.0,12055.0,90.0,10865650.0,6340
2023-05-10 21:03:50,ru2307,ru2307,12085.0,0.0,0.0,0.0,11,12080.0,12090.0,2,12010.0,12070.0,12095.0,12055.0,90.0,10865650.0,6340
2023-05-10 21:03:50,ru2307,ru2307,12085.0,0.0,0.0,0.0,37,12080.0,12090.0,2,12010.0,12070.0,12095.0,12055.0,90.0,10865650.0,6340
2023-05-10 21:03:52,ru2307,ru2307,12085.0,0.0,0.0,0.0,10,12080.0,12090.0,2,12010.0,12070.0,12095.0,12055.0,90.0,10865650.0,6340
2023-05-10 21:03:52,ru2307,ru2307,12085.0,0.0,0.0,0.0,3,12080.0,12090.0,6,12010.0,12070.0,12095.0,12055.0,90.0,10865650.0,6340
2023-05-10 21:03:53,ru2307,ru2307,12085.0,0.0,0.0,0.0,3,12080.0,12090.0,6,12010.0,12070.0,12095.0,12055.0,90.0,10865650.0,6340
2023-05-10 21:03:53,ru2307,ru2307,12085.0,0.0,0.0,0.0,4,12080.0,12090.0,6,12010.0,12070.0,12095.0,12055.0,90.0,10865650.0,6340
2023-05-10 21:03:54,ru2307,ru2307,12085.0,0.0,0.0,0.0,4,12080.0,12090.0,6,12010.0,12070.0,12095.0,12055.0,90.0,10865650.0,6340
2023-05-10 21:03:54,ru2307,ru2307,12085.0,0.0,0.0,0.0,3,12080.0,12090.0,6,12010.0,12070.0,12095.0,12055.0,90.0,10865650.0,6340
2023-05-10 21:03:55,ru2307,ru2307,12085.0,0.0,0.0,0.0,3,12080.0,12090.0,7,12010.0,12070.0,12095.0,12055.0,90.0,10865650.0,6340
2023-05-10 21:03:56,ru2307,ru2307,12080.0,3.0,362400.0,-2.0,1,12075.0,12085.0,1,12010.0,12070.0,12095.0,12055.0,93.0,11228050.0,6338
2023-05-10 21:03:56,ru2307,ru2307,12075.0,1.0,120750.0,0.0,21,12070.0,12085.0,4,12010.0,12070.0,12095.0,12055.0,94.0,11348800.0,6338
2023-05-10 21:03:57,ru2307,ru2307,12075.0,0.0,0.0,0.0,3,12075.0,12085.0,6,12010.0,12070.0,12095.0,12055.0,94.0,11348800.0,6338
2023-05-10 21:03:57,ru2307,ru2307,12075.0,1.0,120750.0,0.0,8,12075.0,12085.0,6,12010.0,12070.0,12095.0,12055.0,95.0,11469550.0,6338
2023-05-10 21:03:58,ru2307,ru2307,12075.0,0.0,0.0,0.0,2,12075.0,12085.0,6,12010.0,12070.0,12095.0,12055.0,95.0,11469550.0,6338
2023-05-10 21:03:58,ru2307,ru2307,12075.0,0.0,0.0,0.0,2,12075.0,12085.0,7,12010.0,12070.0,12095.0,12055.0,95.0,11469550.0,6338
2023-05-10 21:03:59,ru2307,ru2307,12075.0,0.0,0.0,0.0,2,12075.0,12085.0,7,12010.0,12070.0,12095.0,12055.0,95.0,11469550.0,6338
2023-05-10 21:04:00,ru2307,ru2307,12075.0,0.0,0.0,0.0,2,12075.0,12085.0,7,12010.0,12070.0,12095.0,12055.0,95.0,11469550.0,6338
2023-05-10 21:04:03,ru2307,ru2307,12075.0,2.0,241500.0,0.0,11,12070.0,12080.0,1,12010.0,12070.0,12095.0,12055.0,97.0,11711050.0,6338
2023-05-10 21:04:03,ru2307,ru2307,12075.0,0.0,0.0,0.0,37,12070.0,12080.0,1,12010.0,12070.0,12095.0,12055.0,97.0,11711050.0,6338
2023-05-10 21:04:04,ru2307,ru2307,12080.0,1.0,120800.0,0.0,37,12070.0,12085.0,7,12010.0,12070.0,12095.0,12055.0,98.0,11831850.0,6338
2023-05-10 21:04:04,ru2307,ru2307,12080.0,0.0,0.0,0.0,38,12070.0,12080.0,2,12010.0,12070.0,12095.0,12055.0,98.0,11831850.0,6338
2023-05-10 21:04:05,ru2307,ru2307,12080.0,0.0,0.0,0.0,38,12070.0,12080.0,2,12010.0,12070.0,12095.0,12055.0,98.0,11831850.0,6338
2023-05-10 21:04:05,ru2307,ru2307,12080.0,0.0,0.0,0.0,37,12070.0,12080.0,2,12010.0,12070.0,12095.0,12055.0,98.0,11831850.0,6338
2023-05-10 21:04:06,ru2307,ru2307,12080.0,0.0,0.0,0.0,7,12070.0,12080.0,6,12010.0,12070.0,12095.0,12055.0,98.0,11831850.0,6338
2023-05-10 21:04:07,ru2307,ru2307,12080.0,0.0,0.0,0.0,9,12070.0,12080.0,2,12010.0,12070.0,12095.0,12055.0,98.0,11831850.0,6338
2023-05-10 21:04:07,ru2307,ru2307,12080.0,0.0,0.0,0.0,30,12070.0,12080.0,2,12010.0,12070.0,12095.0,12055.0,98.0,11831850.0,6338
2023-05-10 21:04:08,ru2307,ru2307,12080.0,0.0,0.0,0.0,37,12070.0,12080.0,2,12010.0,12070.0,12095.0,12055.0,98.0,11831850.0,6338
2023-05-10 21:04:09,ru2307,ru2307,12080.0,0.0,0.0,0.0,1,12070.0,12080.0,10,12010.0,12070.0,12095.0,12055.0,98.0,11831850.0,6338
2023-05-10 21:04:10,ru2307,ru2307,12070.0,1.0,120700.0,0.0,1,12065.0,12075.0,6,12010.0,12070.0,12095.0,12055.0,99.0,11952550.0,6338
2023-05-10 21:04:10,ru2307,ru2307,12070.0,0.0,0.0,0.0,1,12065.0,12075.0,6,12010.0,12070.0,12095.0,12055.0,99.0,11952550.0,6338
2023-05-10 21:04:11,ru2307,ru2307,12070.0,0.0,0.0,0.0,7,12065.0,12075.0,9,12010.0,12070.0,12095.0,12055.0,99.0,11952550.0,6338
2023-05-10 21:04:11,ru2307,ru2307,12070.0,0.0,0.0,0.0,8,12065.0,12075.0,9,12010.0,12070.0,12095.0,12055.0,99.0,11952550.0,6338
2023-05-10 21:04:12,ru2307,ru2307,12070.0,0.0,0.0,0.0,1,12065.0,12075.0,8,12010.0,12070.0,12095.0,12055.0,99.0,11952550.0,6338
2023-05-10 21:04:13,ru2307,ru2307,12070.0,0.0,0.0,0.0,1,12065.0,12075.0,9,12010.0,12070.0,12095.0,12055.0,99.0,11952550.0,6338
2023-05-10 21:04:16,ru2307,ru2307,12070.0,0.0,0.0,0.0,7,12065.0,12075.0,9,12010.0,12070.0,12095.0,12055.0,99.0,11952550.0,6338
2023-05-10 21:04:16,ru2307,ru2307,12070.0,0.0,0.0,0.0,1,12065.0,12075.0,9,12010.0,12070.0,12095.0,12055.0,99.0,11952550.0,6338
2023-05-10 21:04:18,ru2307,ru2307,12070.0,0.0,0.0,0.0,1,12065.0,12075.0,16,12010.0,12070.0,12095.0,12055.0,99.0,11952550.0,6338
2023-05-10 21:04:19,ru2307,ru2307,12065.0,1.0,120650.0,-1.0,6,12060.0,12075.0,16,12010.0,12070.0,12095.0,12055.0,100.0,12073200.0,6337
2023-05-10 21:04:19,ru2307,ru2307,12065.0,0.0,0.0,0.0,28,12060.0,12070.0,2,12010.0,12070.0,12095.0,12055.0,100.0,12073200.0,6337
2023-05-10 21:04:20,ru2307,ru2307,12065.0,0.0,0.0,0.0,38,12060.0,12070.0,2,12010.0,12070.0,12095.0,12055.0,100.0,12073200.0,6337
2023-05-10 21:04:20,ru2307,ru2307,12065.0,0.0,0.0,0.0,39,12060.0,12070.0,2,12010.0,12070.0,12095.0,12055.0,100.0,12073200.0,6337
2023-05-10 21:04:21,ru2307,ru2307,12065.0,0.0,0.0,0.0,42,12060.0,12070.0,2,12010.0,12070.0,12095.0,12055.0,100.0,12073200.0,6337
2023-05-10 21:04:22,ru2307,ru2307,12065.0,0.0,0.0,0.0,39,12060.0,12070.0,2,12010.0,12070.0,12095.0,12055.0,100.0,12073200.0,6337
2023-05-10 21:04:23,ru2307,ru2307,12065.0,0.0,0.0,0.0,42,12060.0,12070.0,2,12010.0,12070.0,12095.0,12055.0,100.0,12073200.0,6337
2023-05-10 21:04:23,ru2307,ru2307,12065.0,0.0,0.0,0.0,39,12060.0,12070.0,2,12010.0,12070.0,12095.0,12055.0,100.0,12073200.0,6337
2023-05-10 21:04:24,ru2307,ru2307,12065.0,0.0,0.0,0.0,42,12060.0,12070.0,2,12010.0,12070.0,12095.0,12055.0,100.0,12073200.0,6337
2023-05-10 21:04:25,ru2307,ru2307,12065.0,0.0,0.0,0.0,39,12060.0,12070.0,2,12010.0,12070.0,12095.0,12055.0,100.0,12073200.0,6337
2023-05-10 21:04:25,ru2307,ru2307,12065.0,0.0,0.0,0.0,42,12060.0,12070.0,2,12010.0,12070.0,12095.0,12055.0,100.0,12073200.0,6337
2023-05-10 21:04:27,ru2307,ru2307,12065.0,0.0,0.0,0.0,39,12060.0,12070.0,2,12010.0,12070.0,12095.0,12055.0,100.0,12073200.0,6337
2023-05-10 21:04:28,ru2307,ru2307,12065.0,0.0,0.0,0.0,42,12060.0,12070.0,2,12010.0,12070.0,12095.0,12055.0,100.0,12073200.0,6337
2023-05-10 21:04:29,ru2307,ru2307,12065.0,0.0,0.0,0.0,43,12060.0,12070.0,2,12010.0,12070.0,12095.0,12055.0,100.0,12073200.0,6337
2023-05-10 21:04:30,ru2307,ru2307,12065.0,0.0,0.0,0.0,40,12060.0,12070.0,2,12010.0,12070.0,12095.0,12055.0,100.0,12073200.0,6337
2023-05-10 21:04:31,ru2307,ru2307,12065.0,0.0,0.0,0.0,40,12060.0,12070.0,2,12010.0,12070.0,12095.0,12055.0,100.0,12073200.0,6337
2023-05-10 21:04:32,ru2307,ru2307,12065.0,0.0,0.0,0.0,40,12060.0,12070.0,5,12010.0,12070.0,12095.0,12055.0,100.0,12073200.0,6337
2023-05-10 21:04:35,ru2307,ru2307,12065.0,0.0,0.0,0.0,43,12060.0,12070.0,5,12010.0,12070.0,12095.0,12055.0,100.0,12073200.0,6337
2023-05-10 21:04:36,ru2307,ru2307,12065.0,0.0,0.0,0.0,40,12060.0,12070.0,5,12010.0,12070.0,12095.0,12055.0,100.0,12073200.0,6337
2023-05-10 21:04:36,ru2307,ru2307,12065.0,0.0,0.0,0.0,9,12055.0,12070.0,9,12010.0,12070.0,12095.0,12055.0,100.0,12073200.0,6337
2023-05-10 21:04:37,ru2307,ru2307,12065.0,0.0,0.0,0.0,38,12055.0,12070.0,9,12010.0,12070.0,12095.0,12055.0,100.0,12073200.0,6337
2023-05-10 21:04:37,ru2307,ru2307,12065.0,0.0,0.0,0.0,32,12055.0,12070.0,15,12010.0,12070.0,12095.0,12055.0,100.0,12073200.0,6337
2023-05-10 21:04:38,ru2307,ru2307,12065.0,0.0,0.0,0.0,33,12055.0,12070.0,15,12010.0,12070.0,12095.0,12055.0,100.0,12073200.0,6337
2023-05-10 21:04:38,ru2307,ru2307,12065.0,0.0,0.0,0.0,32,12055.0,12070.0,15,12010.0,12070.0,12095.0,12055.0,100.0,12073200.0,6337
2023-05-10 21:04:39,ru2307,ru2307,12065.0,0.0,0.0,0.0,33,12055.0,12070.0,15,12010.0,12070.0,12095.0,12055.0,100.0,12073200.0,6337
2023-05-10 21:04:39,ru2307,ru2307,12065.0,0.0,0.0,0.0,32,12055.0,12070.0,15,12010.0,12070.0,12095.0,12055.0,100.0,12073200.0,6337
2023-05-10 21:04:40,ru2307,ru2307,12065.0,0.0,0.0,0.0,33,12055.0,12070.0,15,12010.0,12070.0,12095.0,12055.0,100.0,12073200.0,6337
2023-05-10 21:04:41,ru2307,ru2307,12065.0,0.0,0.0,0.0,32,12055.0,12065.0,2,12010.0,12070.0,12095.0,12055.0,100.0,12073200.0,6337
2023-05-10 21:04:41,ru2307,ru2307,12065.0,0.0,0.0,0.0,32,12055.0,12065.0,2,12010.0,12070.0,12095.0,12055.0,100.0,12073200.0,6337
2023-05-10 21:04:42,ru2307,ru2307,12065.0,0.0,0.0,0.0,33,12055.0,12065.0,2,12010.0,12070.0,12095.0,12055.0,100.0,12073200.0,6337
2023-05-10 21:04:44,ru2307,ru2307,12065.0,0.0,0.0,0.0,34,12055.0,12065.0,2,12010.0,12070.0,12095.0,12055.0,100.0,12073200.0,6337
2023-05-10 21:04:45,ru2307,ru2307,12065.0,0.0,0.0,0.0,33,12055.0,12065.0,2,12010.0,12070.0,12095.0,12055.0,100.0,12073200.0,6337
2023-05-10 21:04:45,ru2307,ru2307,12065.0,0.0,0.0,0.0,34,12055.0,12065.0,2,12010.0,12070.0,12095.0,12055.0,100.0,12073200.0,6337
2023-05-10 21:04:46,ru2307,ru2307,12065.0,0.0,0.0,0.0,35,12055.0,12065.0,2,12010.0,12070.0,12095.0,12055.0,100.0,12073200.0,6337
2023-05-10 21:04:46,ru2307,ru2307,12065.0,0.0,0.0,0.0,34,12055.0,12065.0,2,12010.0,12070.0,12095.0,12055.0,100.0,12073200.0,6337
2023-05-10 21:04:47,ru2307,ru2307,12065.0,0.0,0.0,0.0,35,12055.0,12065.0,2,12010.0,12070.0,12095.0,12055.0,100.0,12073200.0,6337
2023-05-10 21:04:48,ru2307,ru2307,12065.0,0.0,0.0,0.0,34,12055.0,12065.0,2,12010.0,12070.0,12095.0,12055.0,100.0,12073200.0,6337
2023-05-10 21:04:49,ru2307,ru2307,12065.0,0.0,0.0,0.0,35,12055.0,12065.0,2,12010.0,12070.0,12095.0,12055.0,100.0,12073200.0,6337
2023-05-10 21:04:49,ru2307,ru2307,12065.0,0.0,0.0,0.0,34,12055.0,12065.0,2,12010.0,12070.0,12095.0,12055.0,100.0,12073200.0,6337
2023-05-10 21:04:50,ru2307,ru2307,12065.0,0.0,0.0,0.0,35,12055.0,12065.0,2,12010.0,12070.0,12095.0,12055.0,100.0,12073200.0,6337
2023-05-10 21:04:52,ru2307,ru2307,12065.0,0.0,0.0,0.0,29,12055.0,12065.0,2,12010.0,12070.0,12095.0,12055.0,100.0,12073200.0,6337
2023-05-10 21:04:53,ru2307,ru2307,12065.0,2.0,241300.0,1.0,22,12060.0,12075.0,7,12010.0,12070.0,12095.0,12055.0,102.0,12314500.0,6338
2023-05-10 21:04:53,ru2307,ru2307,12065.0,0.0,0.0,0.0,29,12060.0,12070.0,6,12010.0,12070.0,12095.0,12055.0,102.0,12314500.0,6338
2023-05-10 21:04:54,ru2307,ru2307,12065.0,0.0,0.0,0.0,29,12060.0,12070.0,6,12010.0,12070.0,12095.0,12055.0,102.0,12314500.0,6338
2023-05-10 21:04:54,ru2307,ru2307,12065.0,0.0,0.0,0.0,31,12060.0,12070.0,6,12010.0,12070.0,12095.0,12055.0,102.0,12314500.0,6338
2023-05-10 21:04:55,ru2307,ru2307,12065.0,0.0,0.0,0.0,32,12060.0,12070.0,6,12010.0,12070.0,12095.0,12055.0,102.0,12314500.0,6338
2023-05-10 21:04:55,ru2307,ru2307,12065.0,0.0,0.0,0.0,29,12060.0,12070.0,6,12010.0,12070.0,12095.0,12055.0,102.0,12314500.0,6338
2023-05-10 21:04:59,ru2307,ru2307,12065.0,0.0,0.0,0.0,31,12060.0,12070.0,6,12010.0,12070.0,12095.0,12055.0,102.0,12314500.0,6338
2023-05-10 21:04:59,ru2307,ru2307,12065.0,0.0,0.0,0.0,32,12060.0,12070.0,6,12010.0,12070.0,12095.0,12055.0,102.0,12314500.0,6338
2023-05-10 21:05:00,ru2307,ru2307,12065.0,0.0,0.0,0.0,23,12060.0,12070.0,6,12010.0,12070.0,12095.0,12055.0,102.0,12314500.0,6338
2023-05-10 21:05:00,ru2307,ru2307,12065.0,0.0,0.0,0.0,21,12055.0,12070.0,10,12010.0,12070.0,12095.0,12055.0,102.0,12314500.0,6338
2023-05-10 21:05:01,ru2307,ru2307,12065.0,0.0,0.0,0.0,41,12055.0,12070.0,10,12010.0,12070.0,12095.0,12055.0,102.0,12314500.0,6338
2023-05-10 21:05:02,ru2307,ru2307,12065.0,0.0,0.0,0.0,41,12055.0,12070.0,11,12010.0,12070.0,12095.0,12055.0,102.0,12314500.0,6338
2023-05-10 21:05:02,ru2307,ru2307,12065.0,0.0,0.0,0.0,40,12055.0,12070.0,11,12010.0,12070.0,12095.0,12055.0,102.0,12314500.0,6338
2023-05-10 21:05:03,ru2307,ru2307,12065.0,0.0,0.0,0.0,40,12055.0,12065.0,2,12010.0,12070.0,12095.0,12055.0,102.0,12314500.0,6338
2023-05-10 21:05:03,ru2307,ru2307,12065.0,0.0,0.0,0.0,41,12055.0,12065.0,2,12010.0,12070.0,12095.0,12055.0,102.0,12314500.0,6338
2023-05-10 21:05:04,ru2307,ru2307,12065.0,0.0,0.0,0.0,40,12055.0,12065.0,2,12010.0,12070.0,12095.0,12055.0,102.0,12314500.0,6338
2023-05-10 21:05:04,ru2307,ru2307,12065.0,0.0,0.0,0.0,41,12055.0,12065.0,2,12010.0,12070.0,12095.0,12055.0,102.0,12314500.0,6338
2023-05-10 21:05:05,ru2307,ru2307,12065.0,0.0,0.0,0.0,1,12060.0,12065.0,2,12010.0,12070.0,12095.0,12055.0,102.0,12314500.0,6338
2023-05-10 21:05:06,ru2307,ru2307,12065.0,0.0,0.0,0.0,22,12060.0,12065.0,1,12010.0,12070.0,12095.0,12055.0,102.0,12314500.0,6338
2023-05-10 21:05:06,ru2307,ru2307,12065.0,1.0,120650.0,1.0,28,12060.0,12075.0,7,12010.0,12070.0,12095.0,12055.0,103.0,12435150.0,6339
2023-05-10 21:05:07,ru2307,ru2307,12065.0,0.0,0.0,0.0,30,12060.0,12070.0,6,12010.0,12070.0,12095.0,12055.0,103.0,12435150.0,6339
2023-05-10 21:05:07,ru2307,ru2307,12065.0,0.0,0.0,0.0,31,12060.0,12070.0,6,12010.0,12070.0,12095.0,12055.0,103.0,12435150.0,6339
2023-05-10 21:05:08,ru2307,ru2307,12065.0,0.0,0.0,0.0,20,12065.0,12070.0,3,12010.0,12070.0,12095.0,12055.0,103.0,12435150.0,6339
2023-05-10 21:05:08,ru2307,ru2307,12060.0,2.0,241200.0,1.0,9,12060.0,12070.0,3,12010.0,12070.0,12095.0,12055.0,105.0,12676350.0,6340
2023-05-10 21:05:09,ru2307,ru2307,12060.0,1.0,120600.0,1.0,36,12060.0,12065.0,1,12010.0,12070.0,12095.0,12055.0,106.0,12796950.0,6341
2023-05-10 21:05:09,ru2307,ru2307,12065.0,1.0,120650.0,0.0,36,12060.0,12075.0,7,12010.0,12070.0,12095.0,12055.0,107.0,12917600.0,6341
2023-05-10 21:05:10,ru2307,ru2307,12065.0,0.0,0.0,0.0,36,12060.0,12070.0,3,12010.0,12070.0,12095.0,12055.0,107.0,12917600.0,6341
2023-05-10 21:05:10,ru2307,ru2307,12065.0,0.0,0.0,0.0,36,12060.0,12070.0,3,12010.0,12070.0,12095.0,12055.0,107.0,12917600.0,6341
2023-05-10 21:05:11,ru2307,ru2307,12065.0,0.0,0.0,0.0,34,12060.0,12070.0,3,12010.0,12070.0,12095.0,12055.0,107.0,12917600.0,6341
2023-05-10 21:05:12,ru2307,ru2307,12065.0,0.0,0.0,0.0,36,12060.0,12070.0,3,12010.0,12070.0,12095.0,12055.0,107.0,12917600.0,6341
2023-05-10 21:05:12,ru2307,ru2307,12065.0,0.0,0.0,0.0,36,12060.0,12065.0,2,12010.0,12070.0,12095.0,12055.0,107.0,12917600.0,6341
2023-05-10 21:05:13,ru2307,ru2307,12065.0,2.0,241300.0,2.0,27,12065.0,12075.0,1,12010.0,12070.0,12095.0,12055.0,109.0,13158900.0,6343
2023-05-10 21:05:13,ru2307,ru2307,12065.0,1.0,120650.0,1.0,24,12065.0,12070.0,2,12010.0,12070.0,12095.0,12055.0,110.0,13279550.0,6344
2023-05-10 21:05:14,ru2307,ru2307,12065.0,1.0,120650.0,1.0,23,12065.0,12070.0,2,12010.0,12070.0,12095.0,12055.0,111.0,13400200.0,6345
2023-05-10 21:05:14,ru2307,ru2307,12065.0,1.0,120650.0,1.0,22,12065.0,12070.0,2,12010.0,12070.0,12095.0,12055.0,112.0,13520850.0,6346
2023-05-10 21:05:15,ru2307,ru2307,12065.0,1.0,120650.0,1.0,21,12065.0,12070.0,2,12010.0,12070.0,12095.0,12055.0,113.0,13641500.0,6347
2023-05-10 21:05:15,ru2307,ru2307,12065.0,2.0,241300.0,2.0,19,12065.0,12070.0,2,12010.0,12070.0,12095.0,12055.0,115.0,13882800.0,6349
2023-05-10 21:05:16,ru2307,ru2307,12065.0,2.0,241300.0,2.0,18,12065.0,12070.0,2,12010.0,12070.0,12095.0,12055.0,117.0,14124100.0,6351
2023-05-10 21:05:16,ru2307,ru2307,12065.0,0.0,0.0,0.0,17,12065.0,12070.0,2,12010.0,12070.0,12095.0,12055.0,117.0,14124100.0,6351
2023-05-10 21:05:18,ru2307,ru2307,12065.0,0.0,0.0,0.0,18,12065.0,12070.0,2,12010.0,12070.0,12095.0,12055.0,117.0,14124100.0,6351
2023-05-10 21:05:19,ru2307,ru2307,12065.0,0.0,0.0,0.0,20,12065.0,12070.0,2,12010.0,12070.0,12095.0,12055.0,117.0,14124100.0,6351
2023-05-10 21:05:20,ru2307,ru2307,12070.0,2.0,241400.0,2.0,20,12065.0,12075.0,1,12010.0,12070.0,12095.0,12055.0,119.0,14365500.0,6353
2023-05-10 21:05:20,ru2307,ru2307,12075.0,1.0,120750.0,0.0,14,12070.0,12075.0,2,12010.0,12070.0,12095.0,12055.0,120.0,14486250.0,6353
2023-05-10 21:05:21,ru2307,ru2307,12075.0,1.0,120750.0,0.0,18,12070.0,12075.0,1,12010.0,12070.0,12095.0,12055.0,121.0,14607000.0,6353
2023-05-10 21:05:21,ru2307,ru2307,12075.0,0.0,0.0,0.0,23,12070.0,12075.0,1,12010.0,12070.0,12095.0,12055.0,121.0,14607000.0,6353
2023-05-10 21:05:22,ru2307,ru2307,12075.0,0.0,0.0,0.0,17,12070.0,12075.0,1,12010.0,12070.0,12095.0,12055.0,121.0,14607000.0,6353
2023-05-10 21:05:22,ru2307,ru2307,12075.0,0.0,0.0,0.0,23,12070.0,12075.0,1,12010.0,12070.0,12095.0,12055.0,121.0,14607000.0,6353
2023-05-10 21:05:23,ru2307,ru2307,12075.0,0.0,0.0,0.0,23,12070.0,12085.0,7,12010.0,12070.0,12095.0,12055.0,121.0,14607000.0,6353
2023-05-10 21:05:23,ru2307,ru2307,12075.0,0.0,0.0,0.0,25,12070.0,12080.0,5,12010.0,12070.0,12095.0,12055.0,121.0,14607000.0,6353
2023-05-10 21:05:24,ru2307,ru2307,12075.0,0.0,0.0,0.0,23,12070.0,12080.0,5,12010.0,12070.0,12095.0,12055.0,121.0,14607000.0,6353
2023-05-10 21:05:24,ru2307,ru2307,12075.0,0.0,0.0,0.0,25,12070.0,12080.0,5,12010.0,12070.0,12095.0,12055.0,121.0,14607000.0,6353
2023-05-10 21:05:25,ru2307,ru2307,12075.0,0.0,0.0,0.0,19,12070.0,12080.0,2,12010.0,12070.0,12095.0,12055.0,121.0,14607000.0,6353
2023-05-10 21:05:26,ru2307,ru2307,12075.0,0.0,0.0,0.0,14,12075.0,12080.0,2,12010.0,12070.0,12095.0,12055.0,121.0,14607000.0,6353
2023-05-10 21:05:26,ru2307,ru2307,12075.0,0.0,0.0,0.0,23,12075.0,12080.0,2,12010.0,12070.0,12095.0,12055.0,121.0,14607000.0,6353
2023-05-10 21:05:27,ru2307,ru2307,12075.0,0.0,0.0,0.0,21,12075.0,12080.0,2,12010.0,12070.0,12095.0,12055.0,121.0,14607000.0,6353
2023-05-10 21:05:29,ru2307,ru2307,12075.0,0.0,0.0,0.0,23,12075.0,12080.0,2,12010.0,12070.0,12095.0,12055.0,121.0,14607000.0,6353
2023-05-10 21:05:29,ru2307,ru2307,12075.0,0.0,0.0,0.0,21,12075.0,12080.0,2,12010.0,12070.0,12095.0,12055.0,121.0,14607000.0,6353
2023-05-10 21:05:30,ru2307,ru2307,12075.0,0.0,0.0,0.0,23,12075.0,12080.0,2,12010.0,12070.0,12095.0,12055.0,121.0,14607000.0,6353
2023-05-10 21:05:31,ru2307,ru2307,12075.0,0.0,0.0,0.0,15,12075.0,12080.0,2,12010.0,12070.0,12095.0,12055.0,121.0,14607000.0,6353
2023-05-10 21:05:31,ru2307,ru2307,12075.0,0.0,0.0,0.0,7,12070.0,12080.0,2,12010.0,12070.0,12095.0,12055.0,121.0,14607000.0,6353
2023-05-10 21:05:32,ru2307,ru2307,12070.0,1.0,120700.0,1.0,15,12070.0,12080.0,1,12010.0,12070.0,12095.0,12055.0,122.0,14727700.0,6354
2023-05-10 21:05:32,ru2307,ru2307,12070.0,0.0,0.0,0.0,15,12070.0,12080.0,1,12010.0,12070.0,12095.0,12055.0,122.0,14727700.0,6354
2023-05-10 21:05:33,ru2307,ru2307,12070.0,0.0,0.0,0.0,24,12070.0,12080.0,1,12010.0,12070.0,12095.0,12055.0,122.0,14727700.0,6354
2023-05-10 21:05:33,ru2307,ru2307,12070.0,0.0,0.0,0.0,26,12070.0,12080.0,1,12010.0,12070.0,12095.0,12055.0,122.0,14727700.0,6354
2023-05-10 21:05:35,ru2307,ru2307,12070.0,0.0,0.0,0.0,25,12070.0,12080.0,1,12010.0,12070.0,12095.0,12055.0,122.0,14727700.0,6354
2023-05-10 21:05:36,ru2307,ru2307,12070.0,0.0,0.0,0.0,26,12070.0,12080.0,1,12010.0,12070.0,12095.0,12055.0,122.0,14727700.0,6354
2023-05-10 21:05:37,ru2307,ru2307,12070.0,0.0,0.0,0.0,27,12070.0,12080.0,1,12010.0,12070.0,12095.0,12055.0,122.0,14727700.0,6354
2023-05-10 21:05:37,ru2307,ru2307,12070.0,0.0,0.0,0.0,25,12070.0,12080.0,1,12010.0,12070.0,12095.0,12055.0,122.0,14727700.0,6354
2023-05-10 21:05:46,ru2307,ru2307,12070.0,0.0,0.0,0.0,27,12070.0,12080.0,1,12010.0,12070.0,12095.0,12055.0,122.0,14727700.0,6354
2023-05-10 21:05:47,ru2307,ru2307,12070.0,0.0,0.0,0.0,25,12070.0,12080.0,1,12010.0,12070.0,12095.0,12055.0,122.0,14727700.0,6354
2023-05-10 21:05:49,ru2307,ru2307,12070.0,0.0,0.0,0.0,31,12070.0,12080.0,1,12010.0,12070.0,12095.0,12055.0,122.0,14727700.0,6354
2023-05-10 21:05:49,ru2307,ru2307,12070.0,0.0,0.0,0.0,12,12075.0,12080.0,1,12010.0,12070.0,12095.0,12055.0,122.0,14727700.0,6354
2023-05-10 21:05:50,ru2307,ru2307,12070.0,1.0,120700.0,1.0,12,12075.0,12080.0,1,12010.0,12070.0,12095.0,12055.0,123.0,14848400.0,6355
2023-05-10 21:05:52,ru2307,ru2307,12070.0,0.0,0.0,0.0,13,12070.0,12080.0,1,12010.0,12070.0,12095.0,12055.0,123.0,14848400.0,6355
2023-05-10 21:05:53,ru2307,ru2307,12070.0,0.0,0.0,0.0,30,12070.0,12080.0,1,12010.0,12070.0,12095.0,12055.0,123.0,14848400.0,6355
2023-05-10 21:05:55,ru2307,ru2307,12070.0,0.0,0.0,0.0,24,12070.0,12080.0,1,12010.0,12070.0,12095.0,12055.0,123.0,14848400.0,6355
2023-05-10 21:05:56,ru2307,ru2307,12070.0,0.0,0.0,0.0,11,12075.0,12080.0,1,12010.0,12070.0,12095.0,12055.0,123.0,14848400.0,6355
2023-05-10 21:05:56,ru2307,ru2307,12070.0,0.0,0.0,0.0,13,12070.0,12080.0,1,12010.0,12070.0,12095.0,12055.0,123.0,14848400.0,6355
2023-05-10 21:05:57,ru2307,ru2307,12070.0,1.0,120700.0,1.0,29,12070.0,12080.0,1,12010.0,12070.0,12095.0,12055.0,124.0,14969100.0,6356
2023-05-10 21:05:59,ru2307,ru2307,12070.0,0.0,0.0,0.0,29,12070.0,12080.0,1,12010.0,12070.0,12095.0,12055.0,124.0,14969100.0,6356
2023-05-10 21:06:00,ru2307,ru2307,12070.0,0.0,0.0,0.0,13,12065.0,12080.0,4,12010.0,12070.0,12095.0,12055.0,124.0,14969100.0,6356
2023-05-10 21:06:00,ru2307,ru2307,12065.0,1.0,120650.0,1.0,32,12065.0,12080.0,11,12010.0,12070.0,12095.0,12055.0,125.0,15089750.0,6357
2023-05-10 21:06:02,ru2307,ru2307,12065.0,0.0,0.0,0.0,32,12065.0,12075.0,3,12010.0,12070.0,12095.0,12055.0,125.0,15089750.0,6357
2023-05-10 21:06:02,ru2307,ru2307,12065.0,0.0,0.0,0.0,32,12065.0,12075.0,5,12010.0,12070.0,12095.0,12055.0,125.0,15089750.0,6357
2023-05-10 21:06:04,ru2307,ru2307,12075.0,1.0,120750.0,0.0,32,12065.0,12075.0,4,12010.0,12070.0,12095.0,12055.0,126.0,15210500.0,6357
2023-05-10 21:06:04,ru2307,ru2307,12075.0,0.0,0.0,0.0,32,12065.0,12070.0,1,12010.0,12070.0,12095.0,12055.0,126.0,15210500.0,6357
2023-05-10 21:06:05,ru2307,ru2307,12070.0,1.0,120700.0,1.0,32,12065.0,12075.0,2,12010.0,12070.0,12095.0,12055.0,127.0,15331200.0,6358
2023-05-10 21:06:05,ru2307,ru2307,12070.0,0.0,0.0,0.0,32,12065.0,12075.0,4,12010.0,12070.0,12095.0,12055.0,127.0,15331200.0,6358
2023-05-10 21:06:07,ru2307,ru2307,12070.0,0.0,0.0,0.0,22,12065.0,12075.0,4,12010.0,12070.0,12095.0,12055.0,127.0,15331200.0,6358
2023-05-10 21:06:07,ru2307,ru2307,12070.0,0.0,0.0,0.0,32,12065.0,12075.0,4,12010.0,12070.0,12095.0,12055.0,127.0,15331200.0,6358
2023-05-10 21:06:09,ru2307,ru2307,12070.0,0.0,0.0,0.0,32,12065.0,12075.0,4,12010.0,12070.0,12095.0,12055.0,127.0,15331200.0,6358
2023-05-10 21:06:10,ru2307,ru2307,12070.0,0.0,0.0,0.0,33,12065.0,12075.0,4,12010.0,12070.0,12095.0,12055.0,127.0,15331200.0,6358
2023-05-10 21:06:11,ru2307,ru2307,12070.0,0.0,0.0,0.0,11,12070.0,12075.0,4,12010.0,12070.0,12095.0,12055.0,127.0,15331200.0,6358
2023-05-10 21:06:11,ru2307,ru2307,12070.0,0.0,0.0,0.0,18,12070.0,12075.0,2,12010.0,12070.0,12095.0,12055.0,127.0,15331200.0,6358
2023-05-10 21:06:12,ru2307,ru2307,12070.0,0.0,0.0,0.0,19,12070.0,12075.0,2,12010.0,12070.0,12095.0,12055.0,127.0,15331200.0,6358
2023-05-10 21:06:19,ru2307,ru2307,12075.0,2.0,241500.0,2.0,19,12070.0,12085.0,9,12010.0,12070.0,12095.0,12055.0,129.0,15572700.0,6360
2023-05-10 21:06:19,ru2307,ru2307,12075.0,0.0,0.0,0.0,12,12075.0,12080.0,2,12010.0,12070.0,12095.0,12055.0,129.0,15572700.0,6360
2023-05-10 21:06:20,ru2307,ru2307,12075.0,0.0,0.0,0.0,3,12070.0,12080.0,2,12010.0,12070.0,12095.0,12055.0,129.0,15572700.0,6360
2023-05-10 21:06:20,ru2307,ru2307,12070.0,1.0,120700.0,1.0,21,12070.0,12080.0,2,12010.0,12070.0,12095.0,12055.0,130.0,15693400.0,6361
2023-05-10 21:06:21,ru2307,ru2307,12070.0,0.0,0.0,0.0,22,12070.0,12080.0,2,12010.0,12070.0,12095.0,12055.0,130.0,15693400.0,6361
2023-05-10 21:06:21,ru2307,ru2307,12070.0,0.0,0.0,0.0,12,12075.0,12080.0,2,12010.0,12070.0,12095.0,12055.0,130.0,15693400.0,6361
2023-05-10 21:06:22,ru2307,ru2307,12070.0,0.0,0.0,0.0,13,12075.0,12080.0,2,12010.0,12070.0,12095.0,12055.0,130.0,15693400.0,6361
2023-05-10 21:06:23,ru2307,ru2307,12080.0,2.0,241600.0,2.0,14,12075.0,12090.0,15,12010.0,12070.0,12095.0,12055.0,132.0,15935000.0,6363
2023-05-10 21:06:23,ru2307,ru2307,12080.0,0.0,0.0,0.0,12,12080.0,12090.0,3,12010.0,12070.0,12095.0,12055.0,132.0,15935000.0,6363
2023-05-10 21:06:24,ru2307,ru2307,12080.0,1.0,120800.0,0.0,15,12080.0,12090.0,3,12010.0,12070.0,12095.0,12055.0,133.0,16055800.0,6363
2023-05-10 21:06:24,ru2307,ru2307,12080.0,0.0,0.0,0.0,23,12080.0,12090.0,2,12010.0,12070.0,12095.0,12055.0,133.0,16055800.0,6363
2023-05-10 21:06:26,ru2307,ru2307,12080.0,0.0,0.0,0.0,23,12080.0,12090.0,2,12010.0,12070.0,12095.0,12055.0,133.0,16055800.0,6363
2023-05-10 21:06:27,ru2307,ru2307,12080.0,0.0,0.0,0.0,15,12080.0,12090.0,2,12010.0,12070.0,12095.0,12055.0,133.0,16055800.0,6363
2023-05-10 21:06:28,ru2307,ru2307,12080.0,0.0,0.0,0.0,14,12075.0,12090.0,13,12010.0,12070.0,12095.0,12055.0,133.0,16055800.0,6363
2023-05-10 21:06:28,ru2307,ru2307,12080.0,0.0,0.0,0.0,12,12080.0,12090.0,3,12010.0,12070.0,12095.0,12055.0,133.0,16055800.0,6363
2023-05-10 21:06:29,ru2307,ru2307,12080.0,0.0,0.0,0.0,13,12080.0,12090.0,2,12010.0,12070.0,12095.0,12055.0,133.0,16055800.0,6363
2023-05-10 21:06:29,ru2307,ru2307,12080.0,0.0,0.0,0.0,15,12080.0,12090.0,2,12010.0,12070.0,12095.0,12055.0,133.0,16055800.0,6363
2023-05-10 21:06:31,ru2307,ru2307,12080.0,0.0,0.0,0.0,8,12075.0,12090.0,5,12010.0,12070.0,12095.0,12055.0,133.0,16055800.0,6363
2023-05-10 21:06:32,ru2307,ru2307,12075.0,1.0,120750.0,1.0,27,12075.0,12090.0,15,12010.0,12070.0,12095.0,12055.0,134.0,16176550.0,6364
2023-05-10 21:06:32,ru2307,ru2307,12075.0,0.0,0.0,0.0,28,12075.0,12090.0,15,12010.0,12070.0,12095.0,12055.0,134.0,16176550.0,6364
2023-05-10 21:06:37,ru2307,ru2307,12075.0,0.0,0.0,0.0,27,12075.0,12090.0,5,12010.0,12070.0,12095.0,12055.0,134.0,16176550.0,6364
2023-05-10 21:06:37,ru2307,ru2307,12075.0,0.0,0.0,0.0,11,12080.0,12090.0,2,12010.0,12070.0,12095.0,12055.0,134.0,16176550.0,6364
2023-05-10 21:06:38,ru2307,ru2307,12075.0,0.0,0.0,0.0,12,12080.0,12090.0,2,12010.0,12070.0,12095.0,12055.0,134.0,16176550.0,6364
2023-05-10 21:06:39,ru2307,ru2307,12075.0,0.0,0.0,0.0,18,12080.0,12090.0,2,12010.0,12070.0,12095.0,12055.0,134.0,16176550.0,6364
2023-05-10 21:06:40,ru2307,ru2307,12075.0,0.0,0.0,0.0,19,12080.0,12090.0,2,12010.0,12070.0,12095.0,12055.0,134.0,16176550.0,6364
2023-05-10 21:06:40,ru2307,ru2307,12075.0,0.0,0.0,0.0,11,12085.0,12090.0,2,12010.0,12070.0,12095.0,12055.0,134.0,16176550.0,6364
2023-05-10 21:06:41,ru2307,ru2307,12075.0,0.0,0.0,0.0,7,12080.0,12095.0,3,12010.0,12070.0,12095.0,12055.0,134.0,16176550.0,6364
2023-05-10 21:06:41,ru2307,ru2307,12075.0,1.0,120750.0,1.0,25,12080.0,12090.0,3,12010.0,12070.0,12095.0,12055.0,135.0,16297300.0,6365
2023-05-10 21:06:42,ru2307,ru2307,12075.0,0.0,0.0,0.0,13,12080.0,12090.0,4,12010.0,12070.0,12095.0,12055.0,135.0,16297300.0,6365
2023-05-10 21:06:42,ru2307,ru2307,12080.0,13.0,1570400.0,0.0,21,12075.0,12090.0,4,12010.0,12070.0,12095.0,12055.0,148.0,17867700.0,6365
2023-05-10 21:06:43,ru2307,ru2307,12080.0,0.0,0.0,0.0,34,12075.0,12090.0,4,12010.0,12070.0,12095.0,12055.0,148.0,17867700.0,6365
2023-05-10 21:06:43,ru2307,ru2307,12080.0,0.0,0.0,0.0,3,12080.0,12090.0,3,12010.0,12070.0,12095.0,12055.0,148.0,17867700.0,6365
2023-05-10 21:06:44,ru2307,ru2307,12080.0,0.0,0.0,0.0,22,12080.0,12090.0,3,12010.0,12070.0,12095.0,12055.0,148.0,17867700.0,6365
2023-05-10 21:06:44,ru2307,ru2307,12080.0,0.0,0.0,0.0,18,12080.0,12090.0,3,12010.0,12070.0,12095.0,12055.0,148.0,17867700.0,6365
2023-05-10 21:06:45,ru2307,ru2307,12080.0,0.0,0.0,0.0,18,12080.0,12090.0,3,12010.0,12070.0,12095.0,12055.0,148.0,17867700.0,6365
2023-05-10 21:06:46,ru2307,ru2307,12080.0,0.0,0.0,0.0,18,12080.0,12090.0,3,12010.0,12070.0,12095.0,12055.0,148.0,17867700.0,6365
2023-05-10 21:06:47,ru2307,ru2307,12080.0,0.0,0.0,0.0,16,12080.0,12090.0,3,12010.0,12070.0,12095.0,12055.0,148.0,17867700.0,6365
2023-05-10 21:06:47,ru2307,ru2307,12080.0,0.0,0.0,0.0,19,12080.0,12090.0,3,12010.0,12070.0,12095.0,12055.0,148.0,17867700.0,6365
2023-05-10 21:06:49,ru2307,ru2307,12080.0,0.0,0.0,0.0,20,12080.0,12090.0,3,12010.0,12070.0,12095.0,12055.0,148.0,17867700.0,6365
2023-05-10 21:06:52,ru2307,ru2307,12080.0,0.0,0.0,0.0,19,12080.0,12090.0,3,12010.0,12070.0,12095.0,12055.0,148.0,17867700.0,6365
2023-05-10 21:06:53,ru2307,ru2307,12080.0,3.0,362400.0,1.0,16,12080.0,12090.0,6,12010.0,12070.0,12095.0,12055.0,151.0,18230100.0,6366
2023-05-10 21:06:54,ru2307,ru2307,12080.0,0.0,0.0,0.0,11,12075.0,12090.0,18,12010.0,12070.0,12095.0,12055.0,151.0,18230100.0,6366
2023-05-10 21:06:54,ru2307,ru2307,12080.0,0.0,0.0,0.0,32,12075.0,12090.0,2,12010.0,12070.0,12095.0,12055.0,151.0,18230100.0,6366
2023-05-10 21:06:55,ru2307,ru2307,12080.0,0.0,0.0,0.0,32,12075.0,12090.0,1,12010.0,12070.0,12095.0,12055.0,151.0,18230100.0,6366
2023-05-10 21:06:57,ru2307,ru2307,12080.0,0.0,0.0,0.0,1,12080.0,12090.0,1,12010.0,12070.0,12095.0,12055.0,151.0,18230100.0,6366
2023-05-10 21:06:57,ru2307,ru2307,12080.0,0.0,0.0,0.0,13,12075.0,12085.0,3,12010.0,12070.0,12095.0,12055.0,151.0,18230100.0,6366
2023-05-10 21:06:58,ru2307,ru2307,12080.0,0.0,0.0,0.0,20,12075.0,12085.0,3,12010.0,12070.0,12095.0,12055.0,151.0,18230100.0,6366
2023-05-10 21:06:58,ru2307,ru2307,12080.0,0.0,0.0,0.0,20,12075.0,12085.0,3,12010.0,12070.0,12095.0,12055.0,151.0,18230100.0,6366
2023-05-10 21:07:01,ru2307,ru2307,12080.0,0.0,0.0,0.0,20,12075.0,12085.0,3,12010.0,12070.0,12095.0,12055.0,151.0,18230100.0,6366
2023-05-10 21:07:01,ru2307,ru2307,12080.0,0.0,0.0,0.0,20,12075.0,12085.0,3,12010.0,12070.0,12095.0,12055.0,151.0,18230100.0,6366
2023-05-10 21:07:02,ru2307,ru2307,12080.0,0.0,0.0,0.0,20,12075.0,12085.0,3,12010.0,12070.0,12095.0,12055.0,151.0,18230100.0,6366
2023-05-10 21:07:03,ru2307,ru2307,12080.0,0.0,0.0,0.0,14,12075.0,12085.0,3,12010.0,12070.0,12095.0,12055.0,151.0,18230100.0,6366
2023-05-10 21:07:04,ru2307,ru2307,12080.0,0.0,0.0,0.0,20,12075.0,12085.0,3,12010.0,12070.0,12095.0,12055.0,151.0,18230100.0,6366
2023-05-10 21:07:04,ru2307,ru2307,12080.0,0.0,0.0,0.0,7,12075.0,12085.0,3,12010.0,12070.0,12095.0,12055.0,151.0,18230100.0,6366
2023-05-10 21:07:05,ru2307,ru2307,12080.0,0.0,0.0,0.0,8,12070.0,12085.0,15,12010.0,12070.0,12095.0,12055.0,151.0,18230100.0,6366
2023-05-10 21:07:05,ru2307,ru2307,12080.0,0.0,0.0,0.0,26,12070.0,12080.0,3,12010.0,12070.0,12095.0,12055.0,151.0,18230100.0,6366
2023-05-10 21:07:06,ru2307,ru2307,12080.0,0.0,0.0,0.0,30,12070.0,12080.0,3,12010.0,12070.0,12095.0,12055.0,151.0,18230100.0,6366
2023-05-10 21:07:06,ru2307,ru2307,12080.0,0.0,0.0,0.0,32,12070.0,12080.0,3,12010.0,12070.0,12095.0,12055.0,151.0,18230100.0,6366
2023-05-10 21:07:07,ru2307,ru2307,12080.0,0.0,0.0,0.0,30,12070.0,12080.0,3,12010.0,12070.0,12095.0,12055.0,151.0,18230100.0,6366
2023-05-10 21:07:07,ru2307,ru2307,12080.0,0.0,0.0,0.0,32,12070.0,12080.0,3,12010.0,12070.0,12095.0,12055.0,151.0,18230100.0,6366
2023-05-10 21:07:08,ru2307,ru2307,12080.0,0.0,0.0,0.0,30,12070.0,12080.0,3,12010.0,12070.0,12095.0,12055.0,151.0,18230100.0,6366
2023-05-10 21:07:08,ru2307,ru2307,12080.0,0.0,0.0,0.0,10,12070.0,12080.0,3,12010.0,12070.0,12095.0,12055.0,151.0,18230100.0,6366
2023-05-10 21:07:09,ru2307,ru2307,12080.0,0.0,0.0,0.0,1,12075.0,12080.0,3,12010.0,12070.0,12095.0,12055.0,151.0,18230100.0,6366
2023-05-10 21:07:09,ru2307,ru2307,12080.0,0.0,0.0,0.0,2,12075.0,12080.0,3,12010.0,12070.0,12095.0,12055.0,151.0,18230100.0,6366
2023-05-10 21:07:10,ru2307,ru2307,12080.0,0.0,0.0,0.0,1,12075.0,12080.0,3,12010.0,12070.0,12095.0,12055.0,151.0,18230100.0,6366
2023-05-10 21:07:11,ru2307,ru2307,12080.0,0.0,0.0,0.0,1,12075.0,12080.0,3,12010.0,12070.0,12095.0,12055.0,151.0,18230100.0,6366
2023-05-10 21:07:12,ru2307,ru2307,12080.0,0.0,0.0,0.0,1,12075.0,12090.0,21,12010.0,12070.0,12095.0,12055.0,151.0,18230100.0,6366
2023-05-10 21:07:13,ru2307,ru2307,12080.0,0.0,0.0,0.0,7,12075.0,12085.0,3,12010.0,12070.0,12095.0,12055.0,151.0,18230100.0,6366
2023-05-10 21:07:13,ru2307,ru2307,12080.0,0.0,0.0,0.0,2,12075.0,12085.0,3,12010.0,12070.0,12095.0,12055.0,151.0,18230100.0,6366
2023-05-10 21:07:14,ru2307,ru2307,12080.0,0.0,0.0,0.0,2,12075.0,12085.0,3,12010.0,12070.0,12095.0,12055.0,151.0,18230100.0,6366
2023-05-10 21:07:15,ru2307,ru2307,12080.0,0.0,0.0,0.0,15,12075.0,12085.0,3,12010.0,12070.0,12095.0,12055.0,151.0,18230100.0,6366
2023-05-10 21:07:15,ru2307,ru2307,12080.0,0.0,0.0,0.0,31,12075.0,12085.0,3,12010.0,12070.0,12095.0,12055.0,151.0,18230100.0,6366
2023-05-10 21:07:16,ru2307,ru2307,12085.0,3.0,362550.0,0.0,30,12075.0,12090.0,6,12010.0,12070.0,12095.0,12055.0,154.0,18592650.0,6366
2023-05-10 21:07:16,ru2307,ru2307,12085.0,0.0,0.0,0.0,26,12080.0,12095.0,3,12010.0,12070.0,12095.0,12055.0,154.0,18592650.0,6366
2023-05-10 21:07:17,ru2307,ru2307,12085.0,0.0,0.0,0.0,42,12080.0,12095.0,5,12010.0,12070.0,12095.0,12055.0,154.0,18592650.0,6366
2023-05-10 21:07:17,ru2307,ru2307,12085.0,0.0,0.0,0.0,42,12080.0,12095.0,4,12010.0,12070.0,12095.0,12055.0,154.0,18592650.0,6366
2023-05-10 21:07:18,ru2307,ru2307,12085.0,0.0,0.0,0.0,19,12080.0,12090.0,3,12010.0,12070.0,12095.0,12055.0,154.0,18592650.0,6366
2023-05-10 21:07:19,ru2307,ru2307,12085.0,0.0,0.0,0.0,19,12080.0,12090.0,3,12010.0,12070.0,12095.0,12055.0,154.0,18592650.0,6366
2023-05-10 21:07:20,ru2307,ru2307,12085.0,0.0,0.0,0.0,21,12080.0,12090.0,3,12010.0,12070.0,12095.0,12055.0,154.0,18592650.0,6366
2023-05-10 21:07:20,ru2307,ru2307,12085.0,0.0,0.0,0.0,31,12080.0,12090.0,3,12010.0,12070.0,12095.0,12055.0,154.0,18592650.0,6366
2023-05-10 21:07:21,ru2307,ru2307,12085.0,0.0,0.0,0.0,34,12080.0,12090.0,3,12010.0,12070.0,12095.0,12055.0,154.0,18592650.0,6366
2023-05-10 21:07:21,ru2307,ru2307,12085.0,0.0,0.0,0.0,13,12080.0,12090.0,3,12010.0,12070.0,12095.0,12055.0,154.0,18592650.0,6366
2023-05-10 21:07:22,ru2307,ru2307,12085.0,0.0,0.0,0.0,13,12080.0,12090.0,3,12010.0,12070.0,12095.0,12055.0,154.0,18592650.0,6366
2023-05-10 21:07:22,ru2307,ru2307,12085.0,0.0,0.0,0.0,4,12080.0,12090.0,3,12010.0,12070.0,12095.0,12055.0,154.0,18592650.0,6366
2023-05-10 21:07:23,ru2307,ru2307,12085.0,0.0,0.0,0.0,5,12080.0,12090.0,3,12010.0,12070.0,12095.0,12055.0,154.0,18592650.0,6366
2023-05-10 21:07:27,ru2307,ru2307,12085.0,0.0,0.0,0.0,11,12080.0,12090.0,3,12010.0,12070.0,12095.0,12055.0,154.0,18592650.0,6366
2023-05-10 21:07:29,ru2307,ru2307,12085.0,0.0,0.0,0.0,11,12080.0,12090.0,3,12010.0,12070.0,12095.0,12055.0,154.0,18592650.0,6366
2023-05-10 21:07:30,ru2307,ru2307,12085.0,0.0,0.0,0.0,11,12080.0,12085.0,1,12010.0,12070.0,12095.0,12055.0,154.0,18592650.0,6366
2023-05-10 21:07:31,ru2307,ru2307,12085.0,0.0,0.0,0.0,11,12080.0,12085.0,1,12010.0,12070.0,12095.0,12055.0,154.0,18592650.0,6366
2023-05-10 21:07:33,ru2307,ru2307,12085.0,0.0,0.0,0.0,8,12080.0,12085.0,1,12010.0,12070.0,12095.0,12055.0,154.0,18592650.0,6366
2023-05-10 21:07:35,ru2307,ru2307,12085.0,1.0,120850.0,0.0,5,12085.0,12090.0,3,12010.0,12070.0,12095.0,12055.0,155.0,18713500.0,6366
2023-05-10 21:07:35,ru2307,ru2307,12085.0,0.0,0.0,0.0,26,12080.0,12095.0,3,12010.0,12070.0,12095.0,12055.0,155.0,18713500.0,6366
2023-05-10 21:07:36,ru2307,ru2307,12085.0,0.0,0.0,0.0,39,12080.0,12095.0,4,12010.0,12070.0,12095.0,12055.0,155.0,18713500.0,6366
2023-05-10 21:07:36,ru2307,ru2307,12085.0,0.0,0.0,0.0,3,12085.0,12095.0,4,12010.0,12070.0,12095.0,12055.0,155.0,18713500.0,6366
2023-05-10 21:07:37,ru2307,ru2307,12085.0,0.0,0.0,0.0,3,12085.0,12095.0,4,12010.0,12070.0,12095.0,12055.0,155.0,18713500.0,6366
2023-05-10 21:07:37,ru2307,ru2307,12085.0,0.0,0.0,0.0,3,12085.0,12095.0,3,12010.0,12070.0,12095.0,12055.0,155.0,18713500.0,6366
2023-05-10 21:07:41,ru2307,ru2307,12085.0,0.0,0.0,0.0,3,12085.0,12095.0,1,12010.0,12070.0,12095.0,12055.0,155.0,18713500.0,6366
2023-05-10 21:07:44,ru2307,ru2307,12085.0,0.0,0.0,0.0,9,12085.0,12095.0,1,12010.0,12070.0,12095.0,12055.0,155.0,18713500.0,6366
2023-05-10 21:07:44,ru2307,ru2307,12095.0,1.0,120950.0,0.0,11,12085.0,12100.0,17,12010.0,12070.0,12095.0,12055.0,156.0,18834450.0,6366
2023-05-10 21:07:45,ru2307,ru2307,12095.0,0.0,0.0,0.0,24,12085.0,12100.0,25,12010.0,12070.0,12095.0,12055.0,156.0,18834450.0,6366
2023-05-10 21:07:45,ru2307,ru2307,12095.0,0.0,0.0,0.0,30,12085.0,12100.0,25,12010.0,12070.0,12095.0,12055.0,156.0,18834450.0,6366
2023-05-10 21:07:46,ru2307,ru2307,12095.0,0.0,0.0,0.0,24,12085.0,12100.0,31,12010.0,12070.0,12095.0,12055.0,156.0,18834450.0,6366
2023-05-10 21:07:46,ru2307,ru2307,12095.0,0.0,0.0,0.0,23,12085.0,12095.0,3,12010.0,12070.0,12095.0,12055.0,156.0,18834450.0,6366
2023-05-10 21:07:47,ru2307,ru2307,12085.0,1.0,120850.0,1.0,16,12085.0,12095.0,4,12010.0,12070.0,12095.0,12055.0,157.0,18955300.0,6367
2023-05-10 21:07:47,ru2307,ru2307,12085.0,0.0,0.0,0.0,25,12080.0,12095.0,15,12010.0,12070.0,12095.0,12055.0,157.0,18955300.0,6367
2023-05-10 21:07:48,ru2307,ru2307,12085.0,0.0,0.0,0.0,43,12080.0,12095.0,9,12010.0,12070.0,12095.0,12055.0,157.0,18955300.0,6367
2023-05-10 21:07:48,ru2307,ru2307,12085.0,0.0,0.0,0.0,52,12080.0,12095.0,8,12010.0,12070.0,12095.0,12055.0,157.0,18955300.0,6367
2023-05-10 21:07:49,ru2307,ru2307,12085.0,0.0,0.0,0.0,9,12085.0,12095.0,6,12010.0,12070.0,12095.0,12055.0,157.0,18955300.0,6367
2023-05-10 21:07:49,ru2307,ru2307,12085.0,0.0,0.0,0.0,10,12085.0,12095.0,6,12010.0,12070.0,12095.0,12055.0,157.0,18955300.0,6367
2023-05-10 21:07:50,ru2307,ru2307,12085.0,0.0,0.0,0.0,4,12085.0,12095.0,6,12010.0,12070.0,12095.0,12055.0,157.0,18955300.0,6367
2023-05-10 21:07:50,ru2307,ru2307,12085.0,0.0,0.0,0.0,5,12085.0,12095.0,6,12010.0,12070.0,12095.0,12055.0,157.0,18955300.0,6367
2023-05-10 21:07:53,ru2307,ru2307,12085.0,0.0,0.0,0.0,23,12085.0,12095.0,2,12010.0,12070.0,12095.0,12055.0,157.0,18955300.0,6367
2023-05-10 21:07:54,ru2307,ru2307,12085.0,0.0,0.0,0.0,33,12085.0,12095.0,2,12010.0,12070.0,12095.0,12055.0,157.0,18955300.0,6367
2023-05-10 21:07:54,ru2307,ru2307,12085.0,0.0,0.0,0.0,39,12085.0,12095.0,2,12010.0,12070.0,12095.0,12055.0,157.0,18955300.0,6367
2023-05-10 21:07:55,ru2307,ru2307,12085.0,0.0,0.0,0.0,11,12085.0,12095.0,3,12010.0,12070.0,12095.0,12055.0,157.0,18955300.0,6367
2023-05-10 21:07:55,ru2307,ru2307,12085.0,0.0,0.0,0.0,11,12085.0,12095.0,3,12010.0,12070.0,12095.0,12055.0,157.0,18955300.0,6367
2023-05-10 21:07:56,ru2307,ru2307,12085.0,0.0,0.0,0.0,17,12085.0,12095.0,3,12010.0,12070.0,12095.0,12055.0,157.0,18955300.0,6367
2023-05-10 21:07:57,ru2307,ru2307,12085.0,0.0,0.0,0.0,11,12085.0,12095.0,3,12010.0,12070.0,12095.0,12055.0,157.0,18955300.0,6367
2023-05-10 21:07:58,ru2307,ru2307,12085.0,0.0,0.0,0.0,17,12085.0,12095.0,3,12010.0,12070.0,12095.0,12055.0,157.0,18955300.0,6367
2023-05-10 21:07:59,ru2307,ru2307,12085.0,0.0,0.0,0.0,23,12085.0,12095.0,2,12010.0,12070.0,12095.0,12055.0,157.0,18955300.0,6367
2023-05-10 21:07:59,ru2307,ru2307,12085.0,0.0,0.0,0.0,34,12085.0,12095.0,2,12010.0,12070.0,12095.0,12055.0,157.0,18955300.0,6367
2023-05-10 21:08:00,ru2307,ru2307,12085.0,0.0,0.0,0.0,40,12085.0,12095.0,2,12010.0,12070.0,12095.0,12055.0,157.0,18955300.0,6367
2023-05-10 21:08:00,ru2307,ru2307,12085.0,0.0,0.0,0.0,40,12085.0,12095.0,2,12010.0,12070.0,12095.0,12055.0,157.0,18955300.0,6367
2023-05-10 21:08:01,ru2307,ru2307,12085.0,0.0,0.0,0.0,17,12085.0,12095.0,3,12010.0,12070.0,12095.0,12055.0,157.0,18955300.0,6367
2023-05-10 21:08:02,ru2307,ru2307,12085.0,0.0,0.0,0.0,11,12085.0,12095.0,3,12010.0,12070.0,12095.0,12055.0,157.0,18955300.0,6367
2023-05-10 21:08:02,ru2307,ru2307,12085.0,0.0,0.0,0.0,12,12085.0,12095.0,3,12010.0,12070.0,12095.0,12055.0,157.0,18955300.0,6367
2023-05-10 21:08:04,ru2307,ru2307,12085.0,0.0,0.0,0.0,12,12085.0,12095.0,3,12010.0,12070.0,12095.0,12055.0,157.0,18955300.0,6367
2023-05-10 21:08:05,ru2307,ru2307,12085.0,0.0,0.0,0.0,12,12085.0,12090.0,1,12010.0,12070.0,12095.0,12055.0,157.0,18955300.0,6367
2023-05-10 21:08:06,ru2307,ru2307,12085.0,0.0,0.0,0.0,12,12085.0,12090.0,1,12010.0,12070.0,12095.0,12055.0,157.0,18955300.0,6367
2023-05-10 21:08:06,ru2307,ru2307,12085.0,0.0,0.0,0.0,9,12085.0,12090.0,1,12010.0,12070.0,12095.0,12055.0,157.0,18955300.0,6367
2023-05-10 21:08:08,ru2307,ru2307,12085.0,0.0,0.0,0.0,9,12085.0,12090.0,1,12010.0,12070.0,12095.0,12055.0,157.0,18955300.0,6367
2023-05-10 21:08:08,ru2307,ru2307,12085.0,0.0,0.0,0.0,9,12085.0,12090.0,1,12010.0,12070.0,12095.0,12055.0,157.0,18955300.0,6367
2023-05-10 21:08:09,ru2307,ru2307,12085.0,0.0,0.0,0.0,9,12085.0,12090.0,1,12010.0,12070.0,12095.0,12055.0,157.0,18955300.0,6367
2023-05-10 21:08:10,ru2307,ru2307,12085.0,0.0,0.0,0.0,39,12080.0,12090.0,2,12010.0,12070.0,12095.0,12055.0,157.0,18955300.0,6367
2023-05-10 21:08:10,ru2307,ru2307,12080.0,10.0,1208000.0,7.0,1,12080.0,12090.0,6,12010.0,12070.0,12095.0,12055.0,167.0,20163300.0,6374
2023-05-10 21:08:11,ru2307,ru2307,12080.0,0.0,0.0,0.0,1,12080.0,12090.0,5,12010.0,12070.0,12095.0,12055.0,167.0,20163300.0,6374
2023-05-10 21:08:12,ru2307,ru2307,12080.0,0.0,0.0,0.0,7,12080.0,12090.0,5,12010.0,12070.0,12095.0,12055.0,167.0,20163300.0,6374
2023-05-10 21:08:15,ru2307,ru2307,12080.0,0.0,0.0,0.0,7,12080.0,12090.0,5,12010.0,12070.0,12095.0,12055.0,167.0,20163300.0,6374
2023-05-10 21:08:17,ru2307,ru2307,12080.0,0.0,0.0,0.0,7,12080.0,12090.0,5,12010.0,12070.0,12095.0,12055.0,167.0,20163300.0,6374
2023-05-10 21:08:19,ru2307,ru2307,12075.0,10.0,1207550.0,8.0,22,12075.0,12090.0,6,12010.0,12070.0,12095.0,12055.0,177.0,21370850.0,6382
2023-05-10 21:08:20,ru2307,ru2307,12075.0,0.0,0.0,0.0,33,12075.0,12080.0,3,12010.0,12070.0,12095.0,12055.0,177.0,21370850.0,6382
2023-05-10 21:08:20,ru2307,ru2307,12080.0,3.0,362400.0,3.0,2,12080.0,12085.0,1,12010.0,12070.0,12095.0,12055.0,180.0,21733250.0,6385
2023-05-10 21:08:21,ru2307,ru2307,12080.0,0.0,0.0,0.0,1,12080.0,12085.0,1,12010.0,12070.0,12095.0,12055.0,180.0,21733250.0,6385
2023-05-10 21:08:21,ru2307,ru2307,12080.0,0.0,0.0,0.0,1,12080.0,12085.0,1,12010.0,12070.0,12095.0,12055.0,180.0,21733250.0,6385
2023-05-10 21:08:22,ru2307,ru2307,12080.0,0.0,0.0,0.0,1,12080.0,12085.0,1,12010.0,12070.0,12095.0,12055.0,180.0,21733250.0,6385
2023-05-10 21:08:25,ru2307,ru2307,12080.0,0.0,0.0,0.0,1,12080.0,12090.0,9,12010.0,12070.0,12095.0,12055.0,180.0,21733250.0,6385
2023-05-10 21:08:25,ru2307,ru2307,12080.0,0.0,0.0,0.0,7,12080.0,12090.0,10,12010.0,12070.0,12095.0,12055.0,180.0,21733250.0,6385
2023-05-10 21:08:26,ru2307,ru2307,12080.0,0.0,0.0,0.0,1,12080.0,12090.0,10,12010.0,12070.0,12095.0,12055.0,180.0,21733250.0,6385
2023-05-10 21:08:26,ru2307,ru2307,12080.0,0.0,0.0,0.0,1,12080.0,12085.0,1,12010.0,12070.0,12095.0,12055.0,180.0,21733250.0,6385
2023-05-10 21:08:27,ru2307,ru2307,12080.0,0.0,0.0,0.0,1,12080.0,12090.0,9,12010.0,12070.0,12095.0,12055.0,180.0,21733250.0,6385
2023-05-10 21:08:27,ru2307,ru2307,12080.0,0.0,0.0,0.0,1,12080.0,12090.0,10,12010.0,12070.0,12095.0,12055.0,180.0,21733250.0,6385
2023-05-10 21:08:29,ru2307,ru2307,12080.0,0.0,0.0,0.0,7,12080.0,12090.0,10,12010.0,12070.0,12095.0,12055.0,180.0,21733250.0,6385
2023-05-10 21:08:29,ru2307,ru2307,12080.0,0.0,0.0,0.0,11,12080.0,12090.0,2,12010.0,12070.0,12095.0,12055.0,180.0,21733250.0,6385
2023-05-10 21:08:30,ru2307,ru2307,12080.0,0.0,0.0,0.0,17,12080.0,12090.0,2,12010.0,12070.0,12095.0,12055.0,180.0,21733250.0,6385
2023-05-10 21:08:30,ru2307,ru2307,12080.0,0.0,0.0,0.0,17,12080.0,12090.0,2,12010.0,12070.0,12095.0,12055.0,180.0,21733250.0,6385
2023-05-10 21:08:37,ru2307,ru2307,12080.0,0.0,0.0,0.0,19,12080.0,12090.0,2,12010.0,12070.0,12095.0,12055.0,180.0,21733250.0,6385
2023-05-10 21:08:37,ru2307,ru2307,12080.0,0.0,0.0,0.0,17,12080.0,12090.0,2,12010.0,12070.0,12095.0,12055.0,180.0,21733250.0,6385
2023-05-10 21:08:38,ru2307,ru2307,12080.0,0.0,0.0,0.0,17,12080.0,12090.0,2,12010.0,12070.0,12095.0,12055.0,180.0,21733250.0,6385
2023-05-10 21:08:38,ru2307,ru2307,12080.0,0.0,0.0,0.0,19,12080.0,12090.0,2,12010.0,12070.0,12095.0,12055.0,180.0,21733250.0,6385
2023-05-10 21:08:39,ru2307,ru2307,12080.0,0.0,0.0,0.0,17,12080.0,12090.0,2,12010.0,12070.0,12095.0,12055.0,180.0,21733250.0,6385
2023-05-10 21:08:42,ru2307,ru2307,12080.0,0.0,0.0,0.0,23,12080.0,12090.0,2,12010.0,12070.0,12095.0,12055.0,180.0,21733250.0,6385
2023-05-10 21:08:43,ru2307,ru2307,12080.0,0.0,0.0,0.0,25,12080.0,12090.0,2,12010.0,12070.0,12095.0,12055.0,180.0,21733250.0,6385
2023-05-10 21:08:44,ru2307,ru2307,12080.0,0.0,0.0,0.0,23,12080.0,12090.0,2,12010.0,12070.0,12095.0,12055.0,180.0,21733250.0,6385
2023-05-10 21:08:46,ru2307,ru2307,12080.0,0.0,0.0,0.0,25,12080.0,12090.0,2,12010.0,12070.0,12095.0,12055.0,180.0,21733250.0,6385
2023-05-10 21:08:47,ru2307,ru2307,12080.0,0.0,0.0,0.0,23,12080.0,12090.0,2,12010.0,12070.0,12095.0,12055.0,180.0,21733250.0,6385
2023-05-10 21:08:47,ru2307,ru2307,12080.0,0.0,0.0,0.0,1,12085.0,12090.0,2,12010.0,12070.0,12095.0,12055.0,180.0,21733250.0,6385
2023-05-10 21:08:48,ru2307,ru2307,12090.0,1.0,120900.0,0.0,1,12085.0,12090.0,1,12010.0,12070.0,12095.0,12055.0,181.0,21854150.0,6385
2023-05-10 21:08:48,ru2307,ru2307,12090.0,0.0,0.0,0.0,1,12085.0,12090.0,1,12010.0,12070.0,12095.0,12055.0,181.0,21854150.0,6385
2023-05-10 21:09:09,ru2307,ru2307,12080.0,4.0,483250.0,1.0,23,12080.0,12090.0,1,12010.0,12070.0,12095.0,12055.0,185.0,22337400.0,6386
2023-05-10 21:09:10,ru2307,ru2307,12080.0,13.0,1570400.0,13.0,11,12080.0,12090.0,1,12010.0,12070.0,12095.0,12055.0,198.0,23907800.0,6399
2023-05-10 21:09:10,ru2307,ru2307,12080.0,0.0,0.0,0.0,10,12080.0,12090.0,1,12010.0,12070.0,12095.0,12055.0,198.0,23907800.0,6399
2023-05-10 21:09:11,ru2307,ru2307,12080.0,0.0,0.0,0.0,16,12080.0,12090.0,1,12010.0,12070.0,12095.0,12055.0,198.0,23907800.0,6399
2023-05-10 21:09:11,ru2307,ru2307,12080.0,0.0,0.0,0.0,10,12080.0,12090.0,1,12010.0,12070.0,12095.0,12055.0,198.0,23907800.0,6399
2023-05-10 21:09:12,ru2307,ru2307,12080.0,2.0,241600.0,2.0,8,12080.0,12090.0,2,12010.0,12070.0,12095.0,12055.0,200.0,24149400.0,6401
2023-05-10 21:09:12,ru2307,ru2307,12080.0,0.0,0.0,0.0,9,12080.0,12090.0,2,12010.0,12070.0,12095.0,12055.0,200.0,24149400.0,6401
2023-05-10 21:09:13,ru2307,ru2307,12080.0,0.0,0.0,0.0,9,12080.0,12090.0,1,12010.0,12070.0,12095.0,12055.0,200.0,24149400.0,6401
2023-05-10 21:09:14,ru2307,ru2307,12080.0,1.0,120800.0,1.0,8,12080.0,12090.0,1,12010.0,12070.0,12095.0,12055.0,201.0,24270200.0,6402
2023-05-10 21:09:17,ru2307,ru2307,12080.0,1.0,120800.0,1.0,7,12080.0,12090.0,1,12010.0,12070.0,12095.0,12055.0,202.0,24391000.0,6403
2023-05-10 21:09:19,ru2307,ru2307,12080.0,0.0,0.0,0.0,19,12080.0,12090.0,1,12010.0,12070.0,12095.0,12055.0,202.0,24391000.0,6403
2023-05-10 21:09:19,ru2307,ru2307,12090.0,1.0,120900.0,0.0,4,12085.0,12095.0,6,12010.0,12070.0,12095.0,12055.0,203.0,24511900.0,6403
2023-05-10 21:09:20,ru2307,ru2307,12085.0,7.0,845950.0,4.0,3,12085.0,12095.0,2,12010.0,12070.0,12095.0,12055.0,210.0,25357850.0,6407
2023-05-10 21:09:20,ru2307,ru2307,12085.0,0.0,0.0,0.0,32,12080.0,12095.0,2,12010.0,12070.0,12095.0,12055.0,210.0,25357850.0,6407
2023-05-10 21:09:21,ru2307,ru2307,12085.0,0.0,0.0,0.0,3,12085.0,12095.0,2,12010.0,12070.0,12095.0,12055.0,210.0,25357850.0,6407
2023-05-10 21:09:21,ru2307,ru2307,12085.0,0.0,0.0,0.0,3,12085.0,12095.0,2,12010.0,12070.0,12095.0,12055.0,210.0,25357850.0,6407
2023-05-10 21:09:22,ru2307,ru2307,12085.0,0.0,0.0,0.0,3,12085.0,12095.0,2,12010.0,12070.0,12095.0,12055.0,210.0,25357850.0,6407
2023-05-10 21:09:22,ru2307,ru2307,12085.0,0.0,0.0,0.0,15,12085.0,12095.0,2,12010.0,12070.0,12095.0,12055.0,210.0,25357850.0,6407
2023-05-10 21:09:23,ru2307,ru2307,12085.0,0.0,0.0,0.0,9,12085.0,12095.0,2,12010.0,12070.0,12095.0,12055.0,210.0,25357850.0,6407
2023-05-10 21:09:27,ru2307,ru2307,12085.0,0.0,0.0,0.0,15,12085.0,12095.0,2,12010.0,12070.0,12095.0,12055.0,210.0,25357850.0,6407
2023-05-10 21:09:28,ru2307,ru2307,12085.0,0.0,0.0,0.0,9,12085.0,12095.0,2,12010.0,12070.0,12095.0,12055.0,210.0,25357850.0,6407
2023-05-10 21:09:29,ru2307,ru2307,12085.0,0.0,0.0,0.0,15,12085.0,12095.0,2,12010.0,12070.0,12095.0,12055.0,210.0,25357850.0,6407
2023-05-10 21:09:29,ru2307,ru2307,12085.0,0.0,0.0,0.0,17,12085.0,12095.0,2,12010.0,12070.0,12095.0,12055.0,210.0,25357850.0,6407
2023-05-10 21:09:30,ru2307,ru2307,12095.0,2.0,241900.0,0.0,1,12095.0,12100.0,6,12010.0,12070.0,12095.0,12055.0,212.0,25599750.0,6407
2023-05-10 21:09:30,ru2307,ru2307,12090.0,2.0,241850.0,1.0,7,12090.0,12105.0,27,12010.0,12070.0,12095.0,12055.0,214.0,25841600.0,6408
2023-05-10 21:09:31,ru2307,ru2307,12090.0,1.0,120900.0,1.0,10,12090.0,12105.0,29,12010.0,12070.0,12095.0,12055.0,215.0,25962500.0,6409
2023-05-10 21:09:31,ru2307,ru2307,12090.0,0.0,0.0,0.0,11,12090.0,12105.0,35,12010.0,12070.0,12095.0,12055.0,215.0,25962500.0,6409
2023-05-10 21:09:32,ru2307,ru2307,12090.0,0.0,0.0,0.0,17,12090.0,12105.0,29,12010.0,12070.0,12095.0,12055.0,215.0,25962500.0,6409
2023-05-10 21:09:33,ru2307,ru2307,12090.0,0.0,0.0,0.0,11,12090.0,12105.0,35,12010.0,12070.0,12095.0,12055.0,215.0,25962500.0,6409
2023-05-10 21:09:34,ru2307,ru2307,12090.0,7.0,846300.0,3.0,19,12090.0,12105.0,17,12010.0,12070.0,12095.0,12055.0,222.0,26808800.0,6412
2023-05-10 21:09:34,ru2307,ru2307,12090.0,0.0,0.0,0.0,2,12095.0,12110.0,28,12010.0,12070.0,12095.0,12055.0,222.0,26808800.0,6412
2023-05-10 21:09:35,ru2307,ru2307,12095.0,1.0,120950.0,1.0,1,12095.0,12105.0,3,12010.0,12070.0,12095.0,12055.0,223.0,26929750.0,6413
2023-05-10 21:09:35,ru2307,ru2307,12095.0,0.0,0.0,0.0,7,12095.0,12105.0,3,12010.0,12070.0,12095.0,12055.0,223.0,26929750.0,6413
2023-05-10 21:09:36,ru2307,ru2307,12095.0,0.0,0.0,0.0,8,12095.0,12105.0,3,12010.0,12070.0,12095.0,12055.0,223.0,26929750.0,6413
2023-05-10 21:09:37,ru2307,ru2307,12095.0,0.0,0.0,0.0,23,12095.0,12110.0,16,12010.0,12070.0,12095.0,12055.0,223.0,26929750.0,6413
2023-05-10 21:09:37,ru2307,ru2307,12095.0,0.0,0.0,0.0,17,12095.0,12110.0,1,12010.0,12070.0,12095.0,12055.0,223.0,26929750.0,6413
2023-05-10 21:09:38,ru2307,ru2307,12095.0,0.0,0.0,0.0,25,12095.0,12110.0,2,12010.0,12070.0,12095.0,12055.0,223.0,26929750.0,6413
2023-05-10 21:09:38,ru2307,ru2307,12095.0,0.0,0.0,0.0,31,12095.0,12110.0,2,12010.0,12070.0,12095.0,12055.0,223.0,26929750.0,6413
2023-05-10 21:09:39,ru2307,ru2307,12095.0,0.0,0.0,0.0,4,12095.0,12105.0,3,12010.0,12070.0,12095.0,12055.0,223.0,26929750.0,6413
2023-05-10 21:09:39,ru2307,ru2307,12095.0,0.0,0.0,0.0,1,12095.0,12105.0,3,12010.0,12070.0,12095.0,12055.0,223.0,26929750.0,6413
2023-05-10 21:09:40,ru2307,ru2307,12095.0,0.0,0.0,0.0,2,12095.0,12105.0,3,12010.0,12070.0,12095.0,12055.0,223.0,26929750.0,6413
2023-05-10 21:09:41,ru2307,ru2307,12095.0,0.0,0.0,0.0,9,12095.0,12105.0,3,12010.0,12070.0,12095.0,12055.0,223.0,26929750.0,6413
2023-05-10 21:09:41,ru2307,ru2307,12105.0,3.0,363150.0,0.0,11,12095.0,12110.0,20,12010.0,12070.0,12105.0,12055.0,226.0,27292900.0,6413
2023-05-10 21:09:42,ru2307,ru2307,12105.0,0.0,0.0,0.0,23,12095.0,12110.0,14,12010.0,12070.0,12105.0,12055.0,226.0,27292900.0,6413
2023-05-10 21:09:42,ru2307,ru2307,12105.0,0.0,0.0,0.0,8,12095.0,12110.0,16,12010.0,12070.0,12105.0,12055.0,226.0,27292900.0,6413
2023-05-10 21:09:43,ru2307,ru2307,12105.0,0.0,0.0,0.0,14,12095.0,12110.0,16,12010.0,12070.0,12105.0,12055.0,226.0,27292900.0,6413
2023-05-10 21:09:44,ru2307,ru2307,12105.0,0.0,0.0,0.0,27,12095.0,12110.0,7,12010.0,12070.0,12105.0,12055.0,226.0,27292900.0,6413
2023-05-10 21:09:44,ru2307,ru2307,12105.0,0.0,0.0,0.0,35,12095.0,12110.0,7,12010.0,12070.0,12105.0,12055.0,226.0,27292900.0,6413
2023-05-10 21:09:45,ru2307,ru2307,12105.0,0.0,0.0,0.0,35,12095.0,12110.0,1,12010.0,12070.0,12105.0,12055.0,226.0,27292900.0,6413
2023-05-10 21:09:45,ru2307,ru2307,12105.0,0.0,0.0,0.0,36,12095.0,12110.0,1,12010.0,12070.0,12105.0,12055.0,226.0,27292900.0,6413
2023-05-10 21:09:46,ru2307,ru2307,12105.0,0.0,0.0,0.0,36,12095.0,12110.0,1,12010.0,12070.0,12105.0,12055.0,226.0,27292900.0,6413
2023-05-10 21:09:46,ru2307,ru2307,12105.0,0.0,0.0,0.0,42,12095.0,12110.0,1,12010.0,12070.0,12105.0,12055.0,226.0,27292900.0,6413
2023-05-10 21:09:47,ru2307,ru2307,12105.0,0.0,0.0,0.0,3,12100.0,12110.0,1,12010.0,12070.0,12105.0,12055.0,226.0,27292900.0,6413
2023-05-10 21:09:48,ru2307,ru2307,12105.0,0.0,0.0,0.0,8,12100.0,12110.0,1,12010.0,12070.0,12105.0,12055.0,226.0,27292900.0,6413
2023-05-10 21:09:48,ru2307,ru2307,12110.0,1.0,121100.0,0.0,28,12100.0,12115.0,7,12010.0,12070.0,12110.0,12055.0,227.0,27414000.0,6413
2023-05-10 21:09:49,ru2307,ru2307,12110.0,0.0,0.0,0.0,8,12100.0,12110.0,3,12010.0,12070.0,12110.0,12055.0,227.0,27414000.0,6413
2023-05-10 21:09:49,ru2307,ru2307,12110.0,0.0,0.0,0.0,7,12100.0,12110.0,3,12010.0,12070.0,12110.0,12055.0,227.0,27414000.0,6413
2023-05-10 21:09:51,ru2307,ru2307,12110.0,0.0,0.0,0.0,8,12100.0,12110.0,3,12010.0,12070.0,12110.0,12055.0,227.0,27414000.0,6413
2023-05-10 21:09:53,ru2307,ru2307,12110.0,0.0,0.0,0.0,14,12100.0,12115.0,16,12010.0,12070.0,12110.0,12055.0,227.0,27414000.0,6413
2023-05-10 21:09:53,ru2307,ru2307,12110.0,0.0,0.0,0.0,8,12100.0,12110.0,3,12010.0,12070.0,12110.0,12055.0,227.0,27414000.0,6413
2023-05-10 21:09:54,ru2307,ru2307,12110.0,0.0,0.0,0.0,8,12100.0,12110.0,3,12010.0,12070.0,12110.0,12055.0,227.0,27414000.0,6413
2023-05-10 21:09:54,ru2307,ru2307,12110.0,0.0,0.0,0.0,8,12100.0,12110.0,3,12010.0,12070.0,12110.0,12055.0,227.0,27414000.0,6413
2023-05-10 21:09:55,ru2307,ru2307,12110.0,3.0,363300.0,3.0,8,12100.0,12115.0,16,12010.0,12070.0,12110.0,12055.0,230.0,27777300.0,6416
2023-05-10 21:09:56,ru2307,ru2307,12110.0,0.0,0.0,0.0,8,12100.0,12115.0,18,12010.0,12070.0,12110.0,12055.0,230.0,27777300.0,6416
2023-05-10 21:09:56,ru2307,ru2307,12110.0,0.0,0.0,0.0,8,12100.0,12115.0,24,12010.0,12070.0,12110.0,12055.0,230.0,27777300.0,6416
2023-05-10 21:09:57,ru2307,ru2307,12110.0,0.0,0.0,0.0,8,12100.0,12115.0,24,12010.0,12070.0,12110.0,12055.0,230.0,27777300.0,6416
2023-05-10 21:09:57,ru2307,ru2307,12110.0,0.0,0.0,0.0,8,12100.0,12115.0,24,12010.0,12070.0,12110.0,12055.0,230.0,27777300.0,6416
2023-05-10 21:09:58,ru2307,ru2307,12110.0,0.0,0.0,0.0,3,12105.0,12115.0,22,12010.0,12070.0,12110.0,12055.0,230.0,27777300.0,6416
2023-05-10 21:09:58,ru2307,ru2307,12105.0,1.0,121050.0,0.0,2,12105.0,12115.0,22,12010.0,12070.0,12110.0,12055.0,231.0,27898350.0,6416
2023-05-10 21:09:59,ru2307,ru2307,12105.0,0.0,0.0,0.0,2,12105.0,12115.0,16,12010.0,12070.0,12110.0,12055.0,231.0,27898350.0,6416
2023-05-10 21:09:59,ru2307,ru2307,12105.0,0.0,0.0,0.0,2,12105.0,12115.0,16,12010.0,12070.0,12110.0,12055.0,231.0,27898350.0,6416
2023-05-10 21:10:00,ru2307,ru2307,12105.0,0.0,0.0,0.0,2,12105.0,12115.0,16,12010.0,12070.0,12110.0,12055.0,231.0,27898350.0,6416
2023-05-10 21:10:01,ru2307,ru2307,12105.0,0.0,0.0,0.0,2,12105.0,12115.0,16,12010.0,12070.0,12110.0,12055.0,231.0,27898350.0,6416
2023-05-10 21:10:01,ru2307,ru2307,12105.0,0.0,0.0,0.0,2,12105.0,12115.0,16,12010.0,12070.0,12110.0,12055.0,231.0,27898350.0,6416
2023-05-10 21:10:02,ru2307,ru2307,12105.0,0.0,0.0,0.0,2,12105.0,12115.0,24,12010.0,12070.0,12110.0,12055.0,231.0,27898350.0,6416
2023-05-10 21:10:02,ru2307,ru2307,12105.0,0.0,0.0,0.0,2,12105.0,12115.0,24,12010.0,12070.0,12110.0,12055.0,231.0,27898350.0,6416
2023-05-10 21:10:03,ru2307,ru2307,12105.0,2.0,242100.0,-2.0,4,12100.0,12115.0,24,12010.0,12070.0,12110.0,12055.0,233.0,28140450.0,6414
2023-05-10 21:10:03,ru2307,ru2307,12105.0,0.0,0.0,0.0,4,12100.0,12110.0,1,12010.0,12070.0,12110.0,12055.0,233.0,28140450.0,6414
2023-05-10 21:10:04,ru2307,ru2307,12105.0,0.0,0.0,0.0,4,12100.0,12110.0,2,12010.0,12070.0,12110.0,12055.0,233.0,28140450.0,6414
2023-05-10 21:10:05,ru2307,ru2307,12105.0,0.0,0.0,0.0,4,12100.0,12110.0,2,12010.0,12070.0,12110.0,12055.0,233.0,28140450.0,6414
2023-05-10 21:10:06,ru2307,ru2307,12105.0,0.0,0.0,0.0,19,12100.0,12115.0,16,12010.0,12070.0,12110.0,12055.0,233.0,28140450.0,6414
2023-05-10 21:10:06,ru2307,ru2307,12105.0,0.0,0.0,0.0,20,12100.0,12115.0,18,12010.0,12070.0,12110.0,12055.0,233.0,28140450.0,6414
2023-05-10 21:10:07,ru2307,ru2307,12105.0,0.0,0.0,0.0,3,12105.0,12115.0,9,12010.0,12070.0,12110.0,12055.0,233.0,28140450.0,6414
2023-05-10 21:10:07,ru2307,ru2307,12115.0,1.0,121150.0,1.0,14,12105.0,12120.0,1,12010.0,12070.0,12115.0,12055.0,234.0,28261600.0,6415
2023-05-10 21:10:08,ru2307,ru2307,12115.0,0.0,0.0,0.0,26,12105.0,12120.0,4,12010.0,12070.0,12115.0,12055.0,234.0,28261600.0,6415
2023-05-10 21:10:08,ru2307,ru2307,12120.0,3.0,363600.0,0.0,28,12105.0,12120.0,1,12010.0,12070.0,12120.0,12055.0,237.0,28625200.0,6415
2023-05-10 21:10:09,ru2307,ru2307,12120.0,0.0,0.0,0.0,28,12105.0,12120.0,1,12010.0,12070.0,12120.0,12055.0,237.0,28625200.0,6415
2023-05-10 21:10:09,ru2307,ru2307,12120.0,0.0,0.0,0.0,3,12110.0,12120.0,1,12010.0,12070.0,12120.0,12055.0,237.0,28625200.0,6415
2023-05-10 21:10:10,ru2307,ru2307,12120.0,0.0,0.0,0.0,7,12110.0,12120.0,1,12010.0,12070.0,12120.0,12055.0,237.0,28625200.0,6415
2023-05-10 21:10:13,ru2307,ru2307,12120.0,0.0,0.0,0.0,21,12110.0,12125.0,6,12010.0,12070.0,12120.0,12055.0,237.0,28625200.0,6415
2023-05-10 21:10:13,ru2307,ru2307,12120.0,0.0,0.0,0.0,3,12115.0,12125.0,1,12010.0,12070.0,12120.0,12055.0,237.0,28625200.0,6415
2023-05-10 21:10:14,ru2307,ru2307,12120.0,0.0,0.0,0.0,20,12115.0,12135.0,12,12010.0,12070.0,12120.0,12055.0,237.0,28625200.0,6415
2023-05-10 21:10:14,ru2307,ru2307,12120.0,0.0,0.0,0.0,21,12115.0,12130.0,4,12010.0,12070.0,12120.0,12055.0,237.0,28625200.0,6415
2023-05-10 21:10:15,ru2307,ru2307,12120.0,0.0,0.0,0.0,22,12115.0,12130.0,11,12010.0,12070.0,12120.0,12055.0,237.0,28625200.0,6415
2023-05-10 21:10:15,ru2307,ru2307,12120.0,0.0,0.0,0.0,11,12115.0,12125.0,3,12010.0,12070.0,12120.0,12055.0,237.0,28625200.0,6415
2023-05-10 21:10:16,ru2307,ru2307,12120.0,0.0,0.0,0.0,11,12115.0,12125.0,4,12010.0,12070.0,12120.0,12055.0,237.0,28625200.0,6415
2023-05-10 21:10:16,ru2307,ru2307,12120.0,0.0,0.0,0.0,2,12120.0,12135.0,18,12010.0,12070.0,12120.0,12055.0,237.0,28625200.0,6415
2023-05-10 21:10:17,ru2307,ru2307,12120.0,0.0,0.0,0.0,4,12120.0,12130.0,3,12010.0,12070.0,12120.0,12055.0,237.0,28625200.0,6415
2023-05-10 21:10:17,ru2307,ru2307,12120.0,0.0,0.0,0.0,4,12120.0,12130.0,4,12010.0,12070.0,12120.0,12055.0,237.0,28625200.0,6415
2023-05-10 21:10:18,ru2307,ru2307,12120.0,0.0,0.0,0.0,17,12120.0,12135.0,6,12010.0,12070.0,12120.0,12055.0,237.0,28625200.0,6415
2023-05-10 21:10:19,ru2307,ru2307,12120.0,0.0,0.0,0.0,26,12120.0,12135.0,1,12010.0,12070.0,12120.0,12055.0,237.0,28625200.0,6415
2023-05-10 21:10:19,ru2307,ru2307,12120.0,0.0,0.0,0.0,32,12120.0,12135.0,1,12010.0,12070.0,12120.0,12055.0,237.0,28625200.0,6415
2023-05-10 21:10:20,ru2307,ru2307,12120.0,0.0,0.0,0.0,3,12125.0,12135.0,1,12010.0,12070.0,12120.0,12055.0,237.0,28625200.0,6415
2023-05-10 21:10:20,ru2307,ru2307,12120.0,0.0,0.0,0.0,4,12125.0,12135.0,1,12010.0,12070.0,12120.0,12055.0,237.0,28625200.0,6415
2023-05-10 21:10:21,ru2307,ru2307,12120.0,0.0,0.0,0.0,11,12125.0,12140.0,12,12010.0,12070.0,12120.0,12055.0,237.0,28625200.0,6415
2023-05-10 21:10:21,ru2307,ru2307,12140.0,1.0,121400.0,0.0,10,12125.0,12140.0,2,12010.0,12070.0,12140.0,12055.0,238.0,28746600.0,6415
2023-05-10 21:10:22,ru2307,ru2307,12140.0,0.0,0.0,0.0,10,12125.0,12140.0,2,12010.0,12070.0,12140.0,12055.0,238.0,28746600.0,6415
2023-05-10 21:10:22,ru2307,ru2307,12140.0,0.0,0.0,0.0,16,12125.0,12140.0,8,12010.0,12070.0,12140.0,12055.0,238.0,28746600.0,6415
2023-05-10 21:10:23,ru2307,ru2307,12140.0,0.0,0.0,0.0,17,12125.0,12140.0,8,12010.0,12070.0,12140.0,12055.0,238.0,28746600.0,6415
2023-05-10 21:10:23,ru2307,ru2307,12140.0,0.0,0.0,0.0,17,12125.0,12140.0,8,12010.0,12070.0,12140.0,12055.0,238.0,28746600.0,6415
2023-05-10 21:10:24,ru2307,ru2307,12140.0,6.0,728400.0,0.0,9,12130.0,12145.0,6,12010.0,12070.0,12140.0,12055.0,244.0,29475000.0,6415
2023-05-10 21:10:25,ru2307,ru2307,12140.0,0.0,0.0,0.0,20,12130.0,12145.0,2,12010.0,12070.0,12140.0,12055.0,244.0,29475000.0,6415
2023-05-10 21:10:25,ru2307,ru2307,12140.0,0.0,0.0,0.0,21,12130.0,12140.0,3,12010.0,12070.0,12140.0,12055.0,244.0,29475000.0,6415
2023-05-10 21:10:26,ru2307,ru2307,12140.0,4.0,485600.0,3.0,12,12130.0,12145.0,1,12010.0,12070.0,12140.0,12055.0,248.0,29960600.0,6418
2023-05-10 21:10:26,ru2307,ru2307,12140.0,0.0,0.0,0.0,12,12130.0,12145.0,3,12010.0,12070.0,12140.0,12055.0,248.0,29960600.0,6418
2023-05-10 21:10:27,ru2307,ru2307,12140.0,0.0,0.0,0.0,13,12130.0,12145.0,3,12010.0,12070.0,12140.0,12055.0,248.0,29960600.0,6418
2023-05-10 21:10:27,ru2307,ru2307,12140.0,0.0,0.0,0.0,13,12130.0,12145.0,2,12010.0,12070.0,12140.0,12055.0,248.0,29960600.0,6418
2023-05-10 21:10:28,ru2307,ru2307,12140.0,0.0,0.0,0.0,17,12130.0,12145.0,1,12010.0,12070.0,12140.0,12055.0,248.0,29960600.0,6418
2023-05-10 21:10:28,ru2307,ru2307,12140.0,0.0,0.0,0.0,3,12135.0,12145.0,1,12010.0,12070.0,12140.0,12055.0,248.0,29960600.0,6418
2023-05-10 21:10:29,ru2307,ru2307,12140.0,0.0,0.0,0.0,9,12135.0,12145.0,1,12010.0,12070.0,12140.0,12055.0,248.0,29960600.0,6418
2023-05-10 21:10:29,ru2307,ru2307,12155.0,5.0,607550.0,3.0,3,12140.0,12160.0,3,12010.0,12070.0,12155.0,12055.0,253.0,30568150.0,6421
2023-05-10 21:10:30,ru2307,ru2307,12155.0,0.0,0.0,0.0,4,12145.0,12155.0,1,12010.0,12070.0,12155.0,12055.0,253.0,30568150.0,6421
2023-05-10 21:10:30,ru2307,ru2307,12155.0,0.0,0.0,0.0,10,12145.0,12160.0,11,12010.0,12070.0,12155.0,12055.0,253.0,30568150.0,6421
