time,symbol_id,symbol_name,last,trade_volume,trade_amount,open_interest_change,bv1,bp1,ap1,av1,yesterday_close,today_open,today_high,today_low,volume,amount,open_interest
2023-05-10 20:59:00,ru2404,ru2404,13420.0,0.0,0.0,0.0,1,12385.0,14050.0,1,13420.0,13555.0,0.0,0.0,0.0,0.0,94
2023-05-10 21:00:01,ru2404,ru2404,13420.0,0.0,0.0,0.0,10,12685.0,14045.0,7,13420.0,13555.0,0.0,0.0,0.0,0.0,94
2023-05-10 21:00:01,ru2404,ru2404,13420.0,0.0,0.0,0.0,4,12690.0,13775.0,1,13420.0,13555.0,0.0,0.0,0.0,0.0,94
2023-05-10 21:00:02,ru2404,ru2404,13420.0,0.0,0.0,0.0,8,12835.0,13770.0,1,13420.0,13555.0,0.0,0.0,0.0,0.0,94
2023-05-10 21:00:02,ru2404,ru2404,13420.0,0.0,0.0,0.0,3,12840.0,13765.0,1,13420.0,13555.0,0.0,0.0,0.0,0.0,94
2023-05-10 21:00:03,ru2404,ru2404,13420.0,0.0,0.0,0.0,8,12855.0,13570.0,1,13420.0,13555.0,0.0,0.0,0.0,0.0,94
2023-05-10 21:00:03,ru2404,ru2404,13420.0,0.0,0.0,0.0,2,12860.0,13570.0,1,13420.0,13555.0,0.0,0.0,0.0,0.0,94
2023-05-10 21:00:04,ru2404,ru2404,13420.0,0.0,0.0,0.0,5,12875.0,13570.0,1,13420.0,13555.0,0.0,0.0,0.0,0.0,94
2023-05-10 21:00:04,ru2404,ru2404,13420.0,0.0,0.0,0.0,2,12880.0,13570.0,1,13420.0,13555.0,0.0,0.0,0.0,0.0,94
2023-05-10 21:00:05,ru2404,ru2404,13420.0,0.0,0.0,0.0,5,12895.0,13565.0,1,13420.0,13555.0,0.0,0.0,0.0,0.0,94
2023-05-10 21:00:05,ru2404,ru2404,13420.0,0.0,0.0,0.0,1,12900.0,13565.0,1,13420.0,13555.0,0.0,0.0,0.0,0.0,94
2023-05-10 21:00:06,ru2404,ru2404,13420.0,0.0,0.0,0.0,5,12910.0,13575.0,1,13420.0,13555.0,0.0,0.0,0.0,0.0,94
2023-05-10 21:00:06,ru2404,ru2404,13420.0,0.0,0.0,0.0,1,12915.0,13570.0,1,13420.0,13555.0,0.0,0.0,0.0,0.0,94
2023-05-10 21:00:07,ru2404,ru2404,13420.0,0.0,0.0,0.0,6,12925.0,13570.0,1,13420.0,13555.0,0.0,0.0,0.0,0.0,94
2023-05-10 21:00:07,ru2404,ru2404,13420.0,0.0,0.0,0.0,2,12930.0,13570.0,1,13420.0,13555.0,0.0,0.0,0.0,0.0,94
2023-05-10 21:00:08,ru2404,ru2404,13420.0,0.0,0.0,0.0,5,12935.0,13570.0,1,13420.0,13555.0,0.0,0.0,0.0,0.0,94
2023-05-10 21:00:08,ru2404,ru2404,13420.0,0.0,0.0,0.0,3,12940.0,13570.0,2,13420.0,13555.0,0.0,0.0,0.0,0.0,94
2023-05-10 21:00:09,ru2404,ru2404,13420.0,0.0,0.0,0.0,6,12945.0,13570.0,2,13420.0,13555.0,0.0,0.0,0.0,0.0,94
2023-05-10 21:00:09,ru2404,ru2404,13420.0,0.0,0.0,0.0,2,12950.0,13570.0,2,13420.0,13555.0,0.0,0.0,0.0,0.0,94
2023-05-10 21:00:10,ru2404,ru2404,13420.0,0.0,0.0,0.0,6,12955.0,13570.0,2,13420.0,13555.0,0.0,0.0,0.0,0.0,94
2023-05-10 21:00:10,ru2404,ru2404,13420.0,0.0,0.0,0.0,3,12960.0,13570.0,2,13420.0,13555.0,0.0,0.0,0.0,0.0,94
2023-05-10 21:00:11,ru2404,ru2404,13420.0,0.0,0.0,0.0,5,12965.0,13570.0,2,13420.0,13555.0,0.0,0.0,0.0,0.0,94
2023-05-10 21:00:11,ru2404,ru2404,13420.0,0.0,0.0,0.0,1,12975.0,13570.0,2,13420.0,13555.0,0.0,0.0,0.0,0.0,94
2023-05-10 21:00:12,ru2404,ru2404,13420.0,0.0,0.0,0.0,3,12980.0,13570.0,2,13420.0,13555.0,0.0,0.0,0.0,0.0,94
2023-05-10 21:00:12,ru2404,ru2404,13420.0,0.0,0.0,0.0,1,13090.0,13570.0,2,13420.0,13555.0,0.0,0.0,0.0,0.0,94
2023-05-10 21:00:13,ru2404,ru2404,13420.0,0.0,0.0,0.0,3,13095.0,13570.0,2,13420.0,13555.0,0.0,0.0,0.0,0.0,94
2023-05-10 21:00:13,ru2404,ru2404,13420.0,0.0,0.0,0.0,2,13100.0,13570.0,2,13420.0,13555.0,0.0,0.0,0.0,0.0,94
2023-05-10 21:00:14,ru2404,ru2404,13420.0,0.0,0.0,0.0,2,13105.0,13570.0,2,13420.0,13555.0,0.0,0.0,0.0,0.0,94
2023-05-10 21:00:14,ru2404,ru2404,13420.0,0.0,0.0,0.0,1,13115.0,13570.0,2,13420.0,13555.0,0.0,0.0,0.0,0.0,94
2023-05-10 21:00:15,ru2404,ru2404,13420.0,0.0,0.0,0.0,2,13120.0,13570.0,2,13420.0,13555.0,0.0,0.0,0.0,0.0,94
2023-05-10 21:00:15,ru2404,ru2404,13420.0,0.0,0.0,0.0,1,13130.0,13570.0,2,13420.0,13555.0,0.0,0.0,0.0,0.0,94
2023-05-10 21:00:16,ru2404,ru2404,13420.0,0.0,0.0,0.0,4,13135.0,13570.0,2,13420.0,13555.0,0.0,0.0,0.0,0.0,94
2023-05-10 21:00:16,ru2404,ru2404,13420.0,0.0,0.0,0.0,1,13145.0,13570.0,2,13420.0,13555.0,0.0,0.0,0.0,0.0,94
2023-05-10 21:00:17,ru2404,ru2404,13420.0,0.0,0.0,0.0,3,13150.0,13570.0,2,13420.0,13555.0,0.0,0.0,0.0,0.0,94
2023-05-10 21:00:17,ru2404,ru2404,13420.0,0.0,0.0,0.0,1,13160.0,13570.0,2,13420.0,13555.0,0.0,0.0,0.0,0.0,94
2023-05-10 21:00:18,ru2404,ru2404,13420.0,0.0,0.0,0.0,3,13165.0,13570.0,2,13420.0,13555.0,0.0,0.0,0.0,0.0,94
2023-05-10 21:00:18,ru2404,ru2404,13420.0,0.0,0.0,0.0,1,13175.0,13570.0,2,13420.0,13555.0,0.0,0.0,0.0,0.0,94
2023-05-10 21:00:19,ru2404,ru2404,13420.0,0.0,0.0,0.0,5,13180.0,13570.0,2,13420.0,13555.0,0.0,0.0,0.0,0.0,94
2023-05-10 21:00:19,ru2404,ru2404,13420.0,0.0,0.0,0.0,1,13190.0,13570.0,2,13420.0,13555.0,0.0,0.0,0.0,0.0,94
2023-05-10 21:00:20,ru2404,ru2404,13420.0,0.0,0.0,0.0,4,13195.0,13570.0,2,13420.0,13555.0,0.0,0.0,0.0,0.0,94
2023-05-10 21:00:20,ru2404,ru2404,13420.0,0.0,0.0,0.0,1,13205.0,13570.0,2,13420.0,13555.0,0.0,0.0,0.0,0.0,94
2023-05-10 21:00:21,ru2404,ru2404,13420.0,0.0,0.0,0.0,3,13210.0,13570.0,2,13420.0,13555.0,0.0,0.0,0.0,0.0,94
2023-05-10 21:00:21,ru2404,ru2404,13420.0,0.0,0.0,0.0,1,13220.0,13570.0,2,13420.0,13555.0,0.0,0.0,0.0,0.0,94
2023-05-10 21:00:22,ru2404,ru2404,13420.0,0.0,0.0,0.0,2,13225.0,13570.0,2,13420.0,13555.0,0.0,0.0,0.0,0.0,94
2023-05-10 21:00:22,ru2404,ru2404,13420.0,0.0,0.0,0.0,1,13235.0,13570.0,2,13420.0,13555.0,0.0,0.0,0.0,0.0,94
2023-05-10 21:00:23,ru2404,ru2404,13420.0,0.0,0.0,0.0,3,13240.0,13570.0,1,13420.0,13555.0,0.0,0.0,0.0,0.0,94
2023-05-10 21:00:23,ru2404,ru2404,13420.0,0.0,0.0,0.0,1,13250.0,13570.0,1,13420.0,13555.0,0.0,0.0,0.0,0.0,94
2023-05-10 21:00:24,ru2404,ru2404,13420.0,0.0,0.0,0.0,2,13255.0,13570.0,1,13420.0,13555.0,0.0,0.0,0.0,0.0,94
2023-05-10 21:00:24,ru2404,ru2404,13420.0,0.0,0.0,0.0,1,13265.0,13570.0,1,13420.0,13555.0,0.0,0.0,0.0,0.0,94
2023-05-10 21:00:25,ru2404,ru2404,13420.0,0.0,0.0,0.0,3,13270.0,13570.0,1,13420.0,13555.0,0.0,0.0,0.0,0.0,94
2023-05-10 21:00:25,ru2404,ru2404,13420.0,0.0,0.0,0.0,1,13280.0,13570.0,1,13420.0,13555.0,0.0,0.0,0.0,0.0,94
2023-05-10 21:00:26,ru2404,ru2404,13420.0,0.0,0.0,0.0,3,13285.0,13570.0,1,13420.0,13555.0,0.0,0.0,0.0,0.0,94
2023-05-10 21:00:26,ru2404,ru2404,13420.0,0.0,0.0,0.0,1,13295.0,13570.0,1,13420.0,13555.0,0.0,0.0,0.0,0.0,94
2023-05-10 21:00:27,ru2404,ru2404,13420.0,0.0,0.0,0.0,3,13300.0,13570.0,1,13420.0,13555.0,0.0,0.0,0.0,0.0,94
2023-05-10 21:00:27,ru2404,ru2404,13420.0,0.0,0.0,0.0,1,13305.0,13570.0,1,13420.0,13555.0,0.0,0.0,0.0,0.0,94
2023-05-10 21:00:28,ru2404,ru2404,13420.0,0.0,0.0,0.0,3,13310.0,13570.0,1,13420.0,13555.0,0.0,0.0,0.0,0.0,94
2023-05-10 21:00:28,ru2404,ru2404,13420.0,0.0,0.0,0.0,1,13315.0,13570.0,1,13420.0,13555.0,0.0,0.0,0.0,0.0,94
2023-05-10 21:00:29,ru2404,ru2404,13420.0,0.0,0.0,0.0,3,13320.0,13570.0,1,13420.0,13555.0,0.0,0.0,0.0,0.0,94
2023-05-10 21:00:29,ru2404,ru2404,13420.0,0.0,0.0,0.0,2,13325.0,13570.0,1,13420.0,13555.0,0.0,0.0,0.0,0.0,94
2023-05-10 21:00:30,ru2404,ru2404,13420.0,0.0,0.0,0.0,3,13330.0,13570.0,1,13420.0,13555.0,0.0,0.0,0.0,0.0,94
2023-05-10 21:00:31,ru2404,ru2404,13420.0,0.0,0.0,0.0,3,13330.0,13570.0,1,13420.0,13555.0,0.0,0.0,0.0,0.0,94
2023-05-10 21:00:31,ru2404,ru2404,13420.0,0.0,0.0,0.0,1,13335.0,13555.0,1,13420.0,13555.0,0.0,0.0,0.0,0.0,94
2023-05-10 21:00:32,ru2404,ru2404,13420.0,0.0,0.0,0.0,3,13340.0,13555.0,1,13420.0,13555.0,0.0,0.0,0.0,0.0,94
2023-05-10 21:00:32,ru2404,ru2404,13420.0,0.0,0.0,0.0,3,13345.0,13555.0,1,13420.0,13555.0,0.0,0.0,0.0,0.0,94
2023-05-10 21:00:33,ru2404,ru2404,13420.0,0.0,0.0,0.0,3,13350.0,13555.0,1,13420.0,13555.0,0.0,0.0,0.0,0.0,94
2023-05-10 21:00:33,ru2404,ru2404,13420.0,0.0,0.0,0.0,3,13350.0,13555.0,1,13420.0,13555.0,0.0,0.0,0.0,0.0,94
2023-05-10 21:00:34,ru2404,ru2404,13420.0,0.0,0.0,0.0,1,13355.0,13555.0,1,13420.0,13555.0,0.0,0.0,0.0,0.0,94
2023-05-10 21:00:34,ru2404,ru2404,13420.0,0.0,0.0,0.0,3,13360.0,13555.0,1,13420.0,13555.0,0.0,0.0,0.0,0.0,94
2023-05-10 21:00:35,ru2404,ru2404,13420.0,0.0,0.0,0.0,4,13360.0,13555.0,1,13420.0,13555.0,0.0,0.0,0.0,0.0,94
2023-05-10 21:00:35,ru2404,ru2404,13420.0,0.0,0.0,0.0,2,13365.0,13555.0,1,13420.0,13555.0,0.0,0.0,0.0,0.0,94
2023-05-10 21:00:36,ru2404,ru2404,13420.0,0.0,0.0,0.0,3,13370.0,13555.0,1,13420.0,13555.0,0.0,0.0,0.0,0.0,94
2023-05-10 21:00:36,ru2404,ru2404,13420.0,0.0,0.0,0.0,1,13375.0,13555.0,1,13420.0,13555.0,0.0,0.0,0.0,0.0,94
2023-05-10 21:00:37,ru2404,ru2404,13420.0,0.0,0.0,0.0,3,13380.0,13555.0,1,13420.0,13555.0,0.0,0.0,0.0,0.0,94
2023-05-10 21:00:37,ru2404,ru2404,13420.0,0.0,0.0,0.0,3,13380.0,13555.0,1,13420.0,13555.0,0.0,0.0,0.0,0.0,94
2023-05-10 21:00:38,ru2404,ru2404,13420.0,0.0,0.0,0.0,3,13380.0,13555.0,1,13420.0,13555.0,0.0,0.0,0.0,0.0,94
2023-05-10 21:00:38,ru2404,ru2404,13420.0,0.0,0.0,0.0,2,13385.0,13555.0,1,13420.0,13555.0,0.0,0.0,0.0,0.0,94
2023-05-10 21:00:39,ru2404,ru2404,13420.0,0.0,0.0,0.0,3,13390.0,13555.0,1,13420.0,13555.0,0.0,0.0,0.0,0.0,94
2023-05-10 21:00:39,ru2404,ru2404,13420.0,0.0,0.0,0.0,2,13395.0,13555.0,1,13420.0,13555.0,0.0,0.0,0.0,0.0,94
2023-05-10 21:00:40,ru2404,ru2404,13420.0,0.0,0.0,0.0,3,13400.0,13555.0,1,13420.0,13555.0,0.0,0.0,0.0,0.0,94
2023-05-10 21:00:41,ru2404,ru2404,13420.0,0.0,0.0,0.0,3,13400.0,13555.0,1,13420.0,13555.0,0.0,0.0,0.0,0.0,94
2023-05-10 21:00:41,ru2404,ru2404,13420.0,0.0,0.0,0.0,2,13405.0,13555.0,1,13420.0,13555.0,0.0,0.0,0.0,0.0,94
2023-05-10 21:00:42,ru2404,ru2404,13420.0,0.0,0.0,0.0,3,13410.0,13555.0,1,13420.0,13555.0,0.0,0.0,0.0,0.0,94
2023-05-10 21:00:42,ru2404,ru2404,13420.0,0.0,0.0,0.0,1,13415.0,13555.0,1,13420.0,13555.0,0.0,0.0,0.0,0.0,94
2023-05-10 21:00:43,ru2404,ru2404,13420.0,0.0,0.0,0.0,3,13420.0,13555.0,1,13420.0,13555.0,0.0,0.0,0.0,0.0,94
2023-05-10 21:00:43,ru2404,ru2404,13555.0,1.0,135550.0,0.0,2,13420.0,13570.0,1,13420.0,13555.0,13555.0,13555.0,1.0,135550.0,94
2023-05-10 21:00:44,ru2404,ru2404,13555.0,0.0,0.0,0.0,2,13420.0,13570.0,1,13420.0,13555.0,13555.0,13555.0,1.0,135550.0,94
2023-05-10 21:00:44,ru2404,ru2404,13555.0,0.0,0.0,0.0,2,13425.0,13570.0,1,13420.0,13555.0,13555.0,13555.0,1.0,135550.0,94
2023-05-10 21:00:45,ru2404,ru2404,13555.0,0.0,0.0,0.0,3,13430.0,13570.0,1,13420.0,13555.0,13555.0,13555.0,1.0,135550.0,94
2023-05-10 21:00:45,ru2404,ru2404,13555.0,0.0,0.0,0.0,4,13430.0,13570.0,1,13420.0,13555.0,13555.0,13555.0,1.0,135550.0,94
2023-05-10 21:00:47,ru2404,ru2404,13555.0,0.0,0.0,0.0,5,13430.0,13570.0,1,13420.0,13555.0,13555.0,13555.0,1.0,135550.0,94
2023-05-10 21:00:47,ru2404,ru2404,13555.0,0.0,0.0,0.0,2,13435.0,13570.0,1,13420.0,13555.0,13555.0,13555.0,1.0,135550.0,94
2023-05-10 21:00:48,ru2404,ru2404,13555.0,0.0,0.0,0.0,3,13440.0,13570.0,1,13420.0,13555.0,13555.0,13555.0,1.0,135550.0,94
2023-05-10 21:00:48,ru2404,ru2404,13555.0,0.0,0.0,0.0,4,13440.0,13570.0,1,13420.0,13555.0,13555.0,13555.0,1.0,135550.0,94
2023-05-10 21:00:49,ru2404,ru2404,13555.0,0.0,0.0,0.0,4,13440.0,13570.0,1,13420.0,13555.0,13555.0,13555.0,1.0,135550.0,94
2023-05-10 21:00:50,ru2404,ru2404,13555.0,0.0,0.0,0.0,1,13445.0,13570.0,1,13420.0,13555.0,13555.0,13555.0,1.0,135550.0,94
2023-05-10 21:00:50,ru2404,ru2404,13555.0,0.0,0.0,0.0,4,13450.0,13570.0,1,13420.0,13555.0,13555.0,13555.0,1.0,135550.0,94
2023-05-10 21:00:51,ru2404,ru2404,13555.0,0.0,0.0,0.0,4,13450.0,13570.0,1,13420.0,13555.0,13555.0,13555.0,1.0,135550.0,94
2023-05-10 21:00:52,ru2404,ru2404,13555.0,0.0,0.0,0.0,1,13455.0,13570.0,1,13420.0,13555.0,13555.0,13555.0,1.0,135550.0,94
2023-05-10 21:00:52,ru2404,ru2404,13555.0,0.0,0.0,0.0,2,13460.0,13570.0,1,13420.0,13555.0,13555.0,13555.0,1.0,135550.0,94
2023-05-10 21:00:53,ru2404,ru2404,13555.0,0.0,0.0,0.0,2,13460.0,13570.0,1,13420.0,13555.0,13555.0,13555.0,1.0,135550.0,94
2023-05-10 21:00:53,ru2404,ru2404,13555.0,0.0,0.0,0.0,2,13465.0,13570.0,1,13420.0,13555.0,13555.0,13555.0,1.0,135550.0,94
2023-05-10 21:00:54,ru2404,ru2404,13555.0,0.0,0.0,0.0,2,13470.0,13570.0,1,13420.0,13555.0,13555.0,13555.0,1.0,135550.0,94
2023-05-10 21:00:55,ru2404,ru2404,13555.0,0.0,0.0,0.0,2,13470.0,13570.0,1,13420.0,13555.0,13555.0,13555.0,1.0,135550.0,94
2023-05-10 21:00:55,ru2404,ru2404,13555.0,0.0,0.0,0.0,1,13475.0,13570.0,1,13420.0,13555.0,13555.0,13555.0,1.0,135550.0,94
2023-05-10 21:00:56,ru2404,ru2404,13555.0,0.0,0.0,0.0,3,13480.0,13570.0,1,13420.0,13555.0,13555.0,13555.0,1.0,135550.0,94
2023-05-10 21:00:56,ru2404,ru2404,13555.0,0.0,0.0,0.0,1,13485.0,13570.0,1,13420.0,13555.0,13555.0,13555.0,1.0,135550.0,94
2023-05-10 21:00:57,ru2404,ru2404,13555.0,0.0,0.0,0.0,2,13490.0,13570.0,1,13420.0,13555.0,13555.0,13555.0,1.0,135550.0,94
2023-05-10 21:00:58,ru2404,ru2404,13555.0,0.0,0.0,0.0,2,13490.0,13565.0,2,13420.0,13555.0,13555.0,13555.0,1.0,135550.0,94
2023-05-10 21:00:59,ru2404,ru2404,13555.0,0.0,0.0,0.0,1,13495.0,13565.0,2,13420.0,13555.0,13555.0,13555.0,1.0,135550.0,94
2023-05-10 21:00:59,ru2404,ru2404,13555.0,0.0,0.0,0.0,3,13500.0,13565.0,2,13420.0,13555.0,13555.0,13555.0,1.0,135550.0,94
2023-05-10 21:01:00,ru2404,ru2404,13555.0,0.0,0.0,0.0,3,13500.0,13565.0,2,13420.0,13555.0,13555.0,13555.0,1.0,135550.0,94
2023-05-10 21:01:01,ru2404,ru2404,13555.0,0.0,0.0,0.0,3,13500.0,13565.0,2,13420.0,13555.0,13555.0,13555.0,1.0,135550.0,94
2023-05-10 21:01:02,ru2404,ru2404,13555.0,0.0,0.0,0.0,1,13505.0,13565.0,2,13420.0,13555.0,13555.0,13555.0,1.0,135550.0,94
2023-05-10 21:01:02,ru2404,ru2404,13555.0,0.0,0.0,0.0,3,13510.0,13565.0,2,13420.0,13555.0,13555.0,13555.0,1.0,135550.0,94
2023-05-10 21:01:03,ru2404,ru2404,13555.0,0.0,0.0,0.0,3,13510.0,13565.0,2,13420.0,13555.0,13555.0,13555.0,1.0,135550.0,94
2023-05-10 21:01:03,ru2404,ru2404,13555.0,0.0,0.0,0.0,4,13510.0,13565.0,2,13420.0,13555.0,13555.0,13555.0,1.0,135550.0,94
2023-05-10 21:01:04,ru2404,ru2404,13555.0,0.0,0.0,0.0,4,13510.0,13565.0,2,13420.0,13555.0,13555.0,13555.0,1.0,135550.0,94
2023-05-10 21:01:04,ru2404,ru2404,13555.0,0.0,0.0,0.0,4,13510.0,13565.0,2,13420.0,13555.0,13555.0,13555.0,1.0,135550.0,94
2023-05-10 21:01:05,ru2404,ru2404,13555.0,0.0,0.0,0.0,1,13515.0,13565.0,2,13420.0,13555.0,13555.0,13555.0,1.0,135550.0,94
2023-05-10 21:01:05,ru2404,ru2404,13555.0,0.0,0.0,0.0,3,13520.0,13565.0,2,13420.0,13555.0,13555.0,13555.0,1.0,135550.0,94
2023-05-10 21:01:07,ru2404,ru2404,13555.0,0.0,0.0,0.0,3,13520.0,13565.0,2,13420.0,13555.0,13555.0,13555.0,1.0,135550.0,94
2023-05-10 21:01:08,ru2404,ru2404,13555.0,0.0,0.0,0.0,1,13525.0,13565.0,2,13420.0,13555.0,13555.0,13555.0,1.0,135550.0,94
2023-05-10 21:01:08,ru2404,ru2404,13555.0,0.0,0.0,0.0,1,13560.0,13565.0,2,13420.0,13555.0,13555.0,13555.0,1.0,135550.0,94
2023-05-10 21:01:09,ru2404,ru2404,13555.0,0.0,0.0,0.0,1,13530.0,13565.0,2,13420.0,13555.0,13555.0,13555.0,1.0,135550.0,94
2023-05-10 21:01:09,ru2404,ru2404,13555.0,0.0,0.0,0.0,1,13535.0,13570.0,1,13420.0,13555.0,13555.0,13555.0,1.0,135550.0,94
2023-05-10 21:01:10,ru2404,ru2404,13555.0,0.0,0.0,0.0,1,13550.0,13570.0,1,13420.0,13555.0,13555.0,13555.0,1.0,135550.0,94
2023-05-10 21:01:10,ru2404,ru2404,13555.0,0.0,0.0,0.0,1,13550.0,13570.0,1,13420.0,13555.0,13555.0,13555.0,1.0,135550.0,94
2023-05-10 21:01:11,ru2404,ru2404,13555.0,0.0,0.0,0.0,1,13555.0,13570.0,1,13420.0,13555.0,13555.0,13555.0,1.0,135550.0,94
2023-05-10 21:01:11,ru2404,ru2404,13555.0,0.0,0.0,0.0,1,13560.0,13570.0,1,13420.0,13555.0,13555.0,13555.0,1.0,135550.0,94
2023-05-10 21:01:13,ru2404,ru2404,13555.0,0.0,0.0,0.0,1,13560.0,13570.0,1,13420.0,13555.0,13555.0,13555.0,1.0,135550.0,94
2023-05-10 21:01:14,ru2404,ru2404,13555.0,0.0,0.0,0.0,1,13540.0,13615.0,10,13420.0,13555.0,13555.0,13555.0,1.0,135550.0,94
2023-05-10 21:01:14,ru2404,ru2404,13555.0,0.0,0.0,0.0,1,13555.0,13600.0,1,13420.0,13555.0,13555.0,13555.0,1.0,135550.0,94
2023-05-10 21:01:15,ru2404,ru2404,13555.0,0.0,0.0,0.0,1,13555.0,13600.0,2,13420.0,13555.0,13555.0,13555.0,1.0,135550.0,94
2023-05-10 21:01:16,ru2404,ru2404,13555.0,0.0,0.0,0.0,1,13555.0,13595.0,1,13420.0,13555.0,13555.0,13555.0,1.0,135550.0,94
2023-05-10 21:01:16,ru2404,ru2404,13555.0,0.0,0.0,0.0,1,13555.0,13595.0,2,13420.0,13555.0,13555.0,13555.0,1.0,135550.0,94
2023-05-10 21:01:17,ru2404,ru2404,13555.0,0.0,0.0,0.0,1,13440.0,13595.0,2,13420.0,13555.0,13555.0,13555.0,1.0,135550.0,94
2023-05-10 21:01:17,ru2404,ru2404,13555.0,0.0,0.0,0.0,6,13445.0,13595.0,2,13420.0,13555.0,13555.0,13555.0,1.0,135550.0,94
2023-05-10 21:01:18,ru2404,ru2404,13555.0,0.0,0.0,0.0,6,13445.0,13595.0,2,13420.0,13555.0,13555.0,13555.0,1.0,135550.0,94
2023-05-10 21:01:19,ru2404,ru2404,13555.0,0.0,0.0,0.0,8,13445.0,13595.0,2,13420.0,13555.0,13555.0,13555.0,1.0,135550.0,94
2023-05-10 21:01:19,ru2404,ru2404,13555.0,0.0,0.0,0.0,8,13445.0,13595.0,2,13420.0,13555.0,13555.0,13555.0,1.0,135550.0,94
2023-05-10 21:01:20,ru2404,ru2404,13555.0,0.0,0.0,0.0,6,13445.0,13595.0,2,13420.0,13555.0,13555.0,13555.0,1.0,135550.0,94
2023-05-10 21:01:20,ru2404,ru2404,13555.0,0.0,0.0,0.0,2,13450.0,13595.0,2,13420.0,13555.0,13555.0,13555.0,1.0,135550.0,94
2023-05-10 21:01:21,ru2404,ru2404,13555.0,0.0,0.0,0.0,3,13455.0,13595.0,2,13420.0,13555.0,13555.0,13555.0,1.0,135550.0,94
2023-05-10 21:01:21,ru2404,ru2404,13555.0,0.0,0.0,0.0,1,13460.0,13595.0,2,13420.0,13555.0,13555.0,13555.0,1.0,135550.0,94
2023-05-10 21:01:22,ru2404,ru2404,13555.0,0.0,0.0,0.0,3,13465.0,13595.0,2,13420.0,13555.0,13555.0,13555.0,1.0,135550.0,94
2023-05-10 21:01:22,ru2404,ru2404,13555.0,0.0,0.0,0.0,3,13465.0,13595.0,2,13420.0,13555.0,13555.0,13555.0,1.0,135550.0,94
2023-05-10 21:01:23,ru2404,ru2404,13555.0,0.0,0.0,0.0,1,13545.0,13595.0,2,13420.0,13555.0,13555.0,13555.0,1.0,135550.0,94
2023-05-10 21:01:23,ru2404,ru2404,13555.0,0.0,0.0,0.0,1,13545.0,13595.0,2,13420.0,13555.0,13555.0,13555.0,1.0,135550.0,94
2023-05-10 21:01:26,ru2404,ru2404,13555.0,0.0,0.0,0.0,2,13550.0,13595.0,2,13420.0,13555.0,13555.0,13555.0,1.0,135550.0,94
2023-05-10 21:01:27,ru2404,ru2404,13555.0,0.0,0.0,0.0,2,13550.0,13595.0,2,13420.0,13555.0,13555.0,13555.0,1.0,135550.0,94
2023-05-10 21:01:29,ru2404,ru2404,13555.0,0.0,0.0,0.0,1,13465.0,13595.0,2,13420.0,13555.0,13555.0,13555.0,1.0,135550.0,94
2023-05-10 21:01:29,ru2404,ru2404,13555.0,0.0,0.0,0.0,1,13530.0,13595.0,2,13420.0,13555.0,13555.0,13555.0,1.0,135550.0,94
2023-05-10 21:01:30,ru2404,ru2404,13555.0,0.0,0.0,0.0,1,13530.0,13595.0,2,13420.0,13555.0,13555.0,13555.0,1.0,135550.0,94
2023-05-10 21:01:31,ru2404,ru2404,13555.0,0.0,0.0,0.0,2,13530.0,13595.0,2,13420.0,13555.0,13555.0,13555.0,1.0,135550.0,94
2023-05-10 21:01:31,ru2404,ru2404,13555.0,0.0,0.0,0.0,2,13535.0,13595.0,1,13420.0,13555.0,13555.0,13555.0,1.0,135550.0,94
2023-05-10 21:01:32,ru2404,ru2404,13555.0,0.0,0.0,0.0,1,13530.0,13595.0,2,13420.0,13555.0,13555.0,13555.0,1.0,135550.0,94
2023-05-10 21:01:32,ru2404,ru2404,13555.0,0.0,0.0,0.0,1,13540.0,13595.0,1,13420.0,13555.0,13555.0,13555.0,1.0,135550.0,94
2023-05-10 21:01:33,ru2404,ru2404,13555.0,0.0,0.0,0.0,1,13540.0,13615.0,11,13420.0,13555.0,13555.0,13555.0,1.0,135550.0,94
2023-05-10 21:01:33,ru2404,ru2404,13555.0,0.0,0.0,0.0,1,13540.0,13610.0,1,13420.0,13555.0,13555.0,13555.0,1.0,135550.0,94
2023-05-10 21:01:34,ru2404,ru2404,13555.0,0.0,0.0,0.0,2,13540.0,13610.0,1,13420.0,13555.0,13555.0,13555.0,1.0,135550.0,94
2023-05-10 21:01:34,ru2404,ru2404,13555.0,0.0,0.0,0.0,2,13540.0,13610.0,1,13420.0,13555.0,13555.0,13555.0,1.0,135550.0,94
2023-05-10 21:01:35,ru2404,ru2404,13555.0,0.0,0.0,0.0,1,13540.0,13610.0,1,13420.0,13555.0,13555.0,13555.0,1.0,135550.0,94
2023-05-10 21:01:35,ru2404,ru2404,13555.0,0.0,0.0,0.0,2,13545.0,13610.0,1,13420.0,13555.0,13555.0,13555.0,1.0,135550.0,94
2023-05-10 21:01:36,ru2404,ru2404,13555.0,0.0,0.0,0.0,3,13545.0,13610.0,1,13420.0,13555.0,13555.0,13555.0,1.0,135550.0,94
2023-05-10 21:01:36,ru2404,ru2404,13555.0,0.0,0.0,0.0,3,13545.0,13610.0,1,13420.0,13555.0,13555.0,13555.0,1.0,135550.0,94
2023-05-10 21:01:37,ru2404,ru2404,13555.0,0.0,0.0,0.0,3,13545.0,13610.0,1,13420.0,13555.0,13555.0,13555.0,1.0,135550.0,94
2023-05-10 21:01:38,ru2404,ru2404,13555.0,0.0,0.0,0.0,1,13440.0,13610.0,1,13420.0,13555.0,13555.0,13555.0,1.0,135550.0,94
2023-05-10 21:01:38,ru2404,ru2404,13555.0,0.0,0.0,0.0,1,13550.0,13610.0,1,13420.0,13555.0,13555.0,13555.0,1.0,135550.0,94
2023-05-10 21:01:39,ru2404,ru2404,13555.0,0.0,0.0,0.0,1,13550.0,13610.0,1,13420.0,13555.0,13555.0,13555.0,1.0,135550.0,94
2023-05-10 21:01:39,ru2404,ru2404,13555.0,0.0,0.0,0.0,1,13550.0,13610.0,1,13420.0,13555.0,13555.0,13555.0,1.0,135550.0,94
2023-05-10 21:01:41,ru2404,ru2404,13555.0,0.0,0.0,0.0,2,13445.0,13610.0,1,13420.0,13555.0,13555.0,13555.0,1.0,135550.0,94
2023-05-10 21:01:41,ru2404,ru2404,13555.0,0.0,0.0,0.0,1,13535.0,13610.0,1,13420.0,13555.0,13555.0,13555.0,1.0,135550.0,94
2023-05-10 21:01:42,ru2404,ru2404,13555.0,0.0,0.0,0.0,1,13535.0,13605.0,2,13420.0,13555.0,13555.0,13555.0,1.0,135550.0,94
2023-05-10 21:01:42,ru2404,ru2404,13555.0,0.0,0.0,0.0,1,13535.0,13600.0,1,13420.0,13555.0,13555.0,13555.0,1.0,135550.0,94
2023-05-10 21:01:43,ru2404,ru2404,13555.0,0.0,0.0,0.0,2,13535.0,13600.0,1,13420.0,13555.0,13555.0,13555.0,1.0,135550.0,94
2023-05-10 21:01:44,ru2404,ru2404,13555.0,0.0,0.0,0.0,1,13535.0,13600.0,1,13420.0,13555.0,13555.0,13555.0,1.0,135550.0,94
2023-05-10 21:01:44,ru2404,ru2404,13555.0,0.0,0.0,0.0,2,13540.0,13600.0,1,13420.0,13555.0,13555.0,13555.0,1.0,135550.0,94
2023-05-10 21:01:45,ru2404,ru2404,13555.0,0.0,0.0,0.0,3,13540.0,13600.0,1,13420.0,13555.0,13555.0,13555.0,1.0,135550.0,94
2023-05-10 21:01:45,ru2404,ru2404,13555.0,0.0,0.0,0.0,2,13540.0,13600.0,1,13420.0,13555.0,13555.0,13555.0,1.0,135550.0,94
2023-05-10 21:01:47,ru2404,ru2404,13555.0,0.0,0.0,0.0,1,13445.0,13600.0,1,13420.0,13555.0,13555.0,13555.0,1.0,135550.0,94
2023-05-10 21:01:47,ru2404,ru2404,13555.0,0.0,0.0,0.0,4,13450.0,13600.0,1,13420.0,13555.0,13555.0,13555.0,1.0,135550.0,94
2023-05-10 21:01:48,ru2404,ru2404,13555.0,0.0,0.0,0.0,1,13535.0,13600.0,1,13420.0,13555.0,13555.0,13555.0,1.0,135550.0,94
2023-05-10 21:01:48,ru2404,ru2404,13555.0,0.0,0.0,0.0,1,13535.0,13600.0,1,13420.0,13555.0,13555.0,13555.0,1.0,135550.0,94
2023-05-10 21:01:50,ru2404,ru2404,13555.0,0.0,0.0,0.0,1,13455.0,13600.0,1,13420.0,13555.0,13555.0,13555.0,1.0,135550.0,94
2023-05-10 21:01:50,ru2404,ru2404,13555.0,0.0,0.0,0.0,1,13540.0,13600.0,1,13420.0,13555.0,13555.0,13555.0,1.0,135550.0,94
2023-05-10 21:01:51,ru2404,ru2404,13555.0,0.0,0.0,0.0,1,13540.0,13600.0,1,13420.0,13555.0,13555.0,13555.0,1.0,135550.0,94
2023-05-10 21:01:52,ru2404,ru2404,13555.0,0.0,0.0,0.0,1,13540.0,13590.0,1,13420.0,13555.0,13555.0,13555.0,1.0,135550.0,94
2023-05-10 21:01:53,ru2404,ru2404,13555.0,0.0,0.0,0.0,1,13455.0,13605.0,2,13420.0,13555.0,13555.0,13555.0,1.0,135550.0,94
2023-05-10 21:01:53,ru2404,ru2404,13555.0,0.0,0.0,0.0,1,13545.0,13595.0,1,13420.0,13555.0,13555.0,13555.0,1.0,135550.0,94
2023-05-10 21:01:54,ru2404,ru2404,13555.0,0.0,0.0,0.0,1,13545.0,13595.0,2,13420.0,13555.0,13555.0,13555.0,1.0,135550.0,94
2023-05-10 21:01:56,ru2404,ru2404,13555.0,0.0,0.0,0.0,2,13485.0,13595.0,2,13420.0,13555.0,13555.0,13555.0,1.0,135550.0,94
2023-05-10 21:01:56,ru2404,ru2404,13555.0,0.0,0.0,0.0,1,13550.0,13595.0,2,13420.0,13555.0,13555.0,13555.0,1.0,135550.0,94
2023-05-10 21:01:57,ru2404,ru2404,13555.0,0.0,0.0,0.0,1,13550.0,13595.0,2,13420.0,13555.0,13555.0,13555.0,1.0,135550.0,94
2023-05-10 21:01:59,ru2404,ru2404,13555.0,0.0,0.0,0.0,1,13490.0,13595.0,2,13420.0,13555.0,13555.0,13555.0,1.0,135550.0,94
2023-05-10 21:01:59,ru2404,ru2404,13555.0,0.0,0.0,0.0,4,13495.0,13595.0,2,13420.0,13555.0,13555.0,13555.0,1.0,135550.0,94
2023-05-10 21:02:00,ru2404,ru2404,13555.0,0.0,0.0,0.0,1,13500.0,13605.0,5,13420.0,13555.0,13555.0,13555.0,1.0,135550.0,94
2023-05-10 21:02:00,ru2404,ru2404,13555.0,0.0,0.0,0.0,2,13505.0,13600.0,1,13420.0,13555.0,13555.0,13555.0,1.0,135550.0,94
2023-05-10 21:02:01,ru2404,ru2404,13555.0,0.0,0.0,0.0,1,13510.0,13600.0,1,13420.0,13555.0,13555.0,13555.0,1.0,135550.0,94
2023-05-10 21:02:01,ru2404,ru2404,13555.0,0.0,0.0,0.0,1,13515.0,13600.0,1,13420.0,13555.0,13555.0,13555.0,1.0,135550.0,94
2023-05-10 21:02:02,ru2404,ru2404,13555.0,0.0,0.0,0.0,1,13520.0,13600.0,1,13420.0,13555.0,13555.0,13555.0,1.0,135550.0,94
2023-05-10 21:02:02,ru2404,ru2404,13555.0,0.0,0.0,0.0,3,13525.0,13600.0,1,13420.0,13555.0,13555.0,13555.0,1.0,135550.0,94
2023-05-10 21:02:03,ru2404,ru2404,13555.0,0.0,0.0,0.0,1,13530.0,13600.0,1,13420.0,13555.0,13555.0,13555.0,1.0,135550.0,94
2023-05-10 21:02:03,ru2404,ru2404,13555.0,0.0,0.0,0.0,1,13540.0,13600.0,1,13420.0,13555.0,13555.0,13555.0,1.0,135550.0,94
2023-05-10 21:02:04,ru2404,ru2404,13555.0,0.0,0.0,0.0,1,13540.0,13600.0,1,13420.0,13555.0,13555.0,13555.0,1.0,135550.0,94
2023-05-10 21:02:04,ru2404,ru2404,13555.0,0.0,0.0,0.0,1,13540.0,13605.0,5,13420.0,13555.0,13555.0,13555.0,1.0,135550.0,94
2023-05-10 21:02:05,ru2404,ru2404,13555.0,0.0,0.0,0.0,1,13540.0,13600.0,1,13420.0,13555.0,13555.0,13555.0,1.0,135550.0,94
2023-05-10 21:02:05,ru2404,ru2404,13555.0,0.0,0.0,0.0,2,13545.0,13600.0,1,13420.0,13555.0,13555.0,13555.0,1.0,135550.0,94
2023-05-10 21:02:06,ru2404,ru2404,13555.0,0.0,0.0,0.0,2,13545.0,13600.0,1,13420.0,13555.0,13555.0,13555.0,1.0,135550.0,94
2023-05-10 21:02:06,ru2404,ru2404,13555.0,0.0,0.0,0.0,2,13545.0,13600.0,1,13420.0,13555.0,13555.0,13555.0,1.0,135550.0,94
2023-05-10 21:02:07,ru2404,ru2404,13555.0,0.0,0.0,0.0,3,13545.0,13605.0,5,13420.0,13555.0,13555.0,13555.0,1.0,135550.0,94
2023-05-10 21:02:07,ru2404,ru2404,13555.0,0.0,0.0,0.0,3,13545.0,13605.0,6,13420.0,13555.0,13555.0,13555.0,1.0,135550.0,94
2023-05-10 21:02:08,ru2404,ru2404,13555.0,0.0,0.0,0.0,1,13530.0,13600.0,1,13420.0,13555.0,13555.0,13555.0,1.0,135550.0,94
2023-05-10 21:02:08,ru2404,ru2404,13555.0,0.0,0.0,0.0,1,13540.0,13600.0,1,13420.0,13555.0,13555.0,13555.0,1.0,135550.0,94
2023-05-10 21:02:09,ru2404,ru2404,13555.0,0.0,0.0,0.0,1,13540.0,13600.0,1,13420.0,13555.0,13555.0,13555.0,1.0,135550.0,94
2023-05-10 21:02:10,ru2404,ru2404,13555.0,0.0,0.0,0.0,1,13540.0,13600.0,2,13420.0,13555.0,13555.0,13555.0,1.0,135550.0,94
2023-05-10 21:02:11,ru2404,ru2404,13555.0,0.0,0.0,0.0,1,13540.0,13600.0,2,13420.0,13555.0,13555.0,13555.0,1.0,135550.0,94
2023-05-10 21:02:11,ru2404,ru2404,13555.0,0.0,0.0,0.0,2,13545.0,13605.0,5,13420.0,13555.0,13555.0,13555.0,1.0,135550.0,94
2023-05-10 21:02:12,ru2404,ru2404,13555.0,0.0,0.0,0.0,2,13545.0,13605.0,7,13420.0,13555.0,13555.0,13555.0,1.0,135550.0,94
2023-05-10 21:02:13,ru2404,ru2404,13555.0,0.0,0.0,0.0,2,13545.0,13600.0,1,13420.0,13555.0,13555.0,13555.0,1.0,135550.0,94
2023-05-10 21:02:14,ru2404,ru2404,13555.0,0.0,0.0,0.0,1,13530.0,13600.0,2,13420.0,13555.0,13555.0,13555.0,1.0,135550.0,94
2023-05-10 21:02:14,ru2404,ru2404,13555.0,0.0,0.0,0.0,3,13535.0,13600.0,2,13420.0,13555.0,13555.0,13555.0,1.0,135550.0,94
2023-05-10 21:02:15,ru2404,ru2404,13555.0,0.0,0.0,0.0,3,13535.0,13600.0,2,13420.0,13555.0,13555.0,13555.0,1.0,135550.0,94
2023-05-10 21:02:16,ru2404,ru2404,13555.0,0.0,0.0,0.0,4,13535.0,13600.0,2,13420.0,13555.0,13555.0,13555.0,1.0,135550.0,94
2023-05-10 21:02:16,ru2404,ru2404,13555.0,0.0,0.0,0.0,1,13540.0,13605.0,5,13420.0,13555.0,13555.0,13555.0,1.0,135550.0,94
2023-05-10 21:02:17,ru2404,ru2404,13555.0,0.0,0.0,0.0,2,13485.0,13600.0,2,13420.0,13555.0,13555.0,13555.0,1.0,135550.0,94
2023-05-10 21:02:17,ru2404,ru2404,13555.0,0.0,0.0,0.0,1,13545.0,13600.0,2,13420.0,13555.0,13555.0,13555.0,1.0,135550.0,94
2023-05-10 21:02:18,ru2404,ru2404,13555.0,0.0,0.0,0.0,1,13545.0,13600.0,2,13420.0,13555.0,13555.0,13555.0,1.0,135550.0,94
2023-05-10 21:02:20,ru2404,ru2404,13555.0,0.0,0.0,0.0,1,13490.0,13600.0,2,13420.0,13555.0,13555.0,13555.0,1.0,135550.0,94
2023-05-10 21:02:20,ru2404,ru2404,13555.0,0.0,0.0,0.0,2,13550.0,13600.0,2,13420.0,13555.0,13555.0,13555.0,1.0,135550.0,94
2023-05-10 21:02:21,ru2404,ru2404,13555.0,0.0,0.0,0.0,2,13550.0,13600.0,2,13420.0,13555.0,13555.0,13555.0,1.0,135550.0,94
2023-05-10 21:02:22,ru2404,ru2404,13555.0,0.0,0.0,0.0,2,13550.0,13605.0,5,13420.0,13555.0,13555.0,13555.0,1.0,135550.0,94
2023-05-10 21:02:22,ru2404,ru2404,13555.0,0.0,0.0,0.0,1,13550.0,13605.0,7,13420.0,13555.0,13555.0,13555.0,1.0,135550.0,94
2023-05-10 21:02:23,ru2404,ru2404,13555.0,0.0,0.0,0.0,1,13555.0,13605.0,7,13420.0,13555.0,13555.0,13555.0,1.0,135550.0,94
2023-05-10 21:02:23,ru2404,ru2404,13555.0,0.0,0.0,0.0,2,13555.0,13605.0,7,13420.0,13555.0,13555.0,13555.0,1.0,135550.0,94
2023-05-10 21:02:25,ru2404,ru2404,13555.0,0.0,0.0,0.0,1,13555.0,13605.0,7,13420.0,13555.0,13555.0,13555.0,1.0,135550.0,94
2023-05-10 21:02:26,ru2404,ru2404,13555.0,0.0,0.0,0.0,1,13560.0,13605.0,7,13420.0,13555.0,13555.0,13555.0,1.0,135550.0,94
2023-05-10 21:02:27,ru2404,ru2404,13555.0,0.0,0.0,0.0,1,13560.0,13605.0,5,13420.0,13555.0,13555.0,13555.0,1.0,135550.0,94
2023-05-10 21:02:28,ru2404,ru2404,13555.0,0.0,0.0,0.0,2,13495.0,13605.0,5,13420.0,13555.0,13555.0,13555.0,1.0,135550.0,94
2023-05-10 21:02:29,ru2404,ru2404,13555.0,0.0,0.0,0.0,1,13545.0,13605.0,5,13420.0,13555.0,13555.0,13555.0,1.0,135550.0,94
2023-05-10 21:02:29,ru2404,ru2404,13555.0,0.0,0.0,0.0,1,13545.0,13605.0,5,13420.0,13555.0,13555.0,13555.0,1.0,135550.0,94
2023-05-10 21:02:30,ru2404,ru2404,13555.0,0.0,0.0,0.0,1,13545.0,13605.0,3,13420.0,13555.0,13555.0,13555.0,1.0,135550.0,94
2023-05-10 21:02:30,ru2404,ru2404,13555.0,0.0,0.0,0.0,2,13545.0,13605.0,3,13420.0,13555.0,13555.0,13555.0,1.0,135550.0,94
2023-05-10 21:02:31,ru2404,ru2404,13555.0,0.0,0.0,0.0,2,13545.0,13605.0,3,13420.0,13555.0,13555.0,13555.0,1.0,135550.0,94
2023-05-10 21:02:32,ru2404,ru2404,13555.0,0.0,0.0,0.0,2,13550.0,13605.0,3,13420.0,13555.0,13555.0,13555.0,1.0,135550.0,94
2023-05-10 21:02:32,ru2404,ru2404,13555.0,0.0,0.0,0.0,2,13550.0,13605.0,5,13420.0,13555.0,13555.0,13555.0,1.0,135550.0,94
2023-05-10 21:02:34,ru2404,ru2404,13555.0,0.0,0.0,0.0,2,13550.0,13605.0,3,13420.0,13555.0,13555.0,13555.0,1.0,135550.0,94
2023-05-10 21:02:34,ru2404,ru2404,13555.0,0.0,0.0,0.0,1,13500.0,13605.0,3,13420.0,13555.0,13555.0,13555.0,1.0,135550.0,94
2023-05-10 21:02:35,ru2404,ru2404,13555.0,0.0,0.0,0.0,5,13505.0,13605.0,3,13420.0,13555.0,13555.0,13555.0,1.0,135550.0,94
2023-05-10 21:02:35,ru2404,ru2404,13555.0,0.0,0.0,0.0,1,13510.0,13605.0,3,13420.0,13555.0,13555.0,13555.0,1.0,135550.0,94
2023-05-10 21:02:36,ru2404,ru2404,13555.0,0.0,0.0,0.0,2,13515.0,13605.0,3,13420.0,13555.0,13555.0,13555.0,1.0,135550.0,94
2023-05-10 21:02:36,ru2404,ru2404,13555.0,0.0,0.0,0.0,1,13520.0,13605.0,3,13420.0,13555.0,13555.0,13555.0,1.0,135550.0,94
2023-05-10 21:02:37,ru2404,ru2404,13555.0,0.0,0.0,0.0,2,13525.0,13605.0,3,13420.0,13555.0,13555.0,13555.0,1.0,135550.0,94
2023-05-10 21:02:37,ru2404,ru2404,13555.0,0.0,0.0,0.0,1,13530.0,13605.0,3,13420.0,13555.0,13555.0,13555.0,1.0,135550.0,94
2023-05-10 21:02:38,ru2404,ru2404,13555.0,0.0,0.0,0.0,2,13535.0,13605.0,3,13420.0,13555.0,13555.0,13555.0,1.0,135550.0,94
2023-05-10 21:02:38,ru2404,ru2404,13555.0,0.0,0.0,0.0,1,13540.0,13605.0,3,13420.0,13555.0,13555.0,13555.0,1.0,135550.0,94
2023-05-10 21:02:39,ru2404,ru2404,13555.0,0.0,0.0,0.0,1,13545.0,13605.0,3,13420.0,13555.0,13555.0,13555.0,1.0,135550.0,94
2023-05-10 21:02:39,ru2404,ru2404,13555.0,0.0,0.0,0.0,1,13550.0,13605.0,3,13420.0,13555.0,13555.0,13555.0,1.0,135550.0,94
2023-05-10 21:02:40,ru2404,ru2404,13555.0,0.0,0.0,0.0,1,13555.0,13605.0,3,13420.0,13555.0,13555.0,13555.0,1.0,135550.0,94
2023-05-10 21:02:40,ru2404,ru2404,13555.0,0.0,0.0,0.0,1,13555.0,13605.0,3,13420.0,13555.0,13555.0,13555.0,1.0,135550.0,94
2023-05-10 21:02:41,ru2404,ru2404,13555.0,0.0,0.0,0.0,2,13560.0,13605.0,3,13420.0,13555.0,13555.0,13555.0,1.0,135550.0,94
2023-05-10 21:02:41,ru2404,ru2404,13555.0,0.0,0.0,0.0,2,13560.0,13605.0,3,13420.0,13555.0,13555.0,13555.0,1.0,135550.0,94
2023-05-10 21:02:43,ru2404,ru2404,13555.0,0.0,0.0,0.0,1,13550.0,13605.0,3,13420.0,13555.0,13555.0,13555.0,1.0,135550.0,94
2023-05-10 21:02:44,ru2404,ru2404,13555.0,0.0,0.0,0.0,1,13565.0,13605.0,3,13420.0,13555.0,13555.0,13555.0,1.0,135550.0,94
2023-05-10 21:02:44,ru2404,ru2404,13555.0,0.0,0.0,0.0,1,13565.0,13605.0,3,13420.0,13555.0,13555.0,13555.0,1.0,135550.0,94
2023-05-10 21:02:45,ru2404,ru2404,13555.0,0.0,0.0,0.0,1,13565.0,13605.0,3,13420.0,13555.0,13555.0,13555.0,1.0,135550.0,94
2023-05-10 21:02:46,ru2404,ru2404,13555.0,0.0,0.0,0.0,1,13550.0,13605.0,3,13420.0,13555.0,13555.0,13555.0,1.0,135550.0,94
2023-05-10 21:02:47,ru2404,ru2404,13555.0,0.0,0.0,0.0,3,13555.0,13605.0,3,13420.0,13555.0,13555.0,13555.0,1.0,135550.0,94
2023-05-10 21:02:47,ru2404,ru2404,13555.0,0.0,0.0,0.0,3,13555.0,13605.0,3,13420.0,13555.0,13555.0,13555.0,1.0,135550.0,94
2023-05-10 21:02:49,ru2404,ru2404,13555.0,0.0,0.0,0.0,2,13555.0,13605.0,3,13420.0,13555.0,13555.0,13555.0,1.0,135550.0,94
2023-05-10 21:02:50,ru2404,ru2404,13555.0,0.0,0.0,0.0,2,13560.0,13605.0,3,13420.0,13555.0,13555.0,13555.0,1.0,135550.0,94
2023-05-10 21:02:50,ru2404,ru2404,13555.0,0.0,0.0,0.0,3,13560.0,13605.0,3,13420.0,13555.0,13555.0,13555.0,1.0,135550.0,94
2023-05-10 21:02:51,ru2404,ru2404,13555.0,0.0,0.0,0.0,2,13560.0,13605.0,3,13420.0,13555.0,13555.0,13555.0,1.0,135550.0,94
2023-05-10 21:02:52,ru2404,ru2404,13555.0,0.0,0.0,0.0,1,13550.0,13605.0,3,13420.0,13555.0,13555.0,13555.0,1.0,135550.0,94
2023-05-10 21:02:53,ru2404,ru2404,13555.0,0.0,0.0,0.0,3,13555.0,13605.0,3,13420.0,13555.0,13555.0,13555.0,1.0,135550.0,94
2023-05-10 21:02:53,ru2404,ru2404,13555.0,0.0,0.0,0.0,3,13555.0,13605.0,3,13420.0,13555.0,13555.0,13555.0,1.0,135550.0,94
2023-05-10 21:02:55,ru2404,ru2404,13555.0,0.0,0.0,0.0,1,13555.0,13605.0,3,13420.0,13555.0,13555.0,13555.0,1.0,135550.0,94
2023-05-10 21:02:56,ru2404,ru2404,13555.0,0.0,0.0,0.0,2,13560.0,13605.0,3,13420.0,13555.0,13555.0,13555.0,1.0,135550.0,94
2023-05-10 21:02:56,ru2404,ru2404,13555.0,0.0,0.0,0.0,2,13560.0,13605.0,3,13420.0,13555.0,13555.0,13555.0,1.0,135550.0,94
2023-05-10 21:02:58,ru2404,ru2404,13555.0,0.0,0.0,0.0,1,13550.0,13605.0,3,13420.0,13555.0,13555.0,13555.0,1.0,135550.0,94
2023-05-10 21:02:59,ru2404,ru2404,13555.0,0.0,0.0,0.0,2,13555.0,13605.0,3,13420.0,13555.0,13555.0,13555.0,1.0,135550.0,94
2023-05-10 21:02:59,ru2404,ru2404,13555.0,0.0,0.0,0.0,2,13555.0,13605.0,3,13420.0,13555.0,13555.0,13555.0,1.0,135550.0,94
2023-05-10 21:03:01,ru2404,ru2404,13555.0,0.0,0.0,0.0,2,13555.0,13605.0,3,13420.0,13555.0,13555.0,13555.0,1.0,135550.0,94
2023-05-10 21:03:01,ru2404,ru2404,13555.0,0.0,0.0,0.0,2,13505.0,13605.0,3,13420.0,13555.0,13555.0,13555.0,1.0,135550.0,94
2023-05-10 21:03:02,ru2404,ru2404,13555.0,0.0,0.0,0.0,5,13510.0,13605.0,3,13420.0,13555.0,13555.0,13555.0,1.0,135550.0,94
2023-05-10 21:03:02,ru2404,ru2404,13555.0,0.0,0.0,0.0,6,13510.0,13605.0,3,13420.0,13555.0,13555.0,13555.0,1.0,135550.0,94
2023-05-10 21:03:03,ru2404,ru2404,13555.0,0.0,0.0,0.0,8,13510.0,13605.0,3,13420.0,13555.0,13555.0,13555.0,1.0,135550.0,94
2023-05-10 21:03:04,ru2404,ru2404,13555.0,0.0,0.0,0.0,6,13510.0,13605.0,5,13420.0,13555.0,13555.0,13555.0,1.0,135550.0,94
2023-05-10 21:03:05,ru2404,ru2404,13555.0,0.0,0.0,0.0,2,13515.0,13605.0,5,13420.0,13555.0,13555.0,13555.0,1.0,135550.0,94
2023-05-10 21:03:05,ru2404,ru2404,13555.0,0.0,0.0,0.0,3,13520.0,13605.0,5,13420.0,13555.0,13555.0,13555.0,1.0,135550.0,94
2023-05-10 21:03:06,ru2404,ru2404,13555.0,0.0,0.0,0.0,3,13520.0,13605.0,3,13420.0,13555.0,13555.0,13555.0,1.0,135550.0,94
2023-05-10 21:03:06,ru2404,ru2404,13555.0,0.0,0.0,0.0,5,13520.0,13605.0,3,13420.0,13555.0,13555.0,13555.0,1.0,135550.0,94
2023-05-10 21:03:07,ru2404,ru2404,13555.0,0.0,0.0,0.0,5,13520.0,13605.0,3,13420.0,13555.0,13555.0,13555.0,1.0,135550.0,94
2023-05-10 21:03:08,ru2404,ru2404,13555.0,0.0,0.0,0.0,2,13525.0,13605.0,3,13420.0,13555.0,13555.0,13555.0,1.0,135550.0,94
2023-05-10 21:03:08,ru2404,ru2404,13555.0,0.0,0.0,0.0,3,13530.0,13605.0,3,13420.0,13555.0,13555.0,13555.0,1.0,135550.0,94
2023-05-10 21:03:09,ru2404,ru2404,13555.0,0.0,0.0,0.0,1,13550.0,13605.0,3,13420.0,13555.0,13555.0,13555.0,1.0,135550.0,94
2023-05-10 21:03:09,ru2404,ru2404,13555.0,0.0,0.0,0.0,1,13550.0,13605.0,3,13420.0,13555.0,13555.0,13555.0,1.0,135550.0,94
2023-05-10 21:03:10,ru2404,ru2404,13555.0,0.0,0.0,0.0,1,13550.0,13605.0,3,13420.0,13555.0,13555.0,13555.0,1.0,135550.0,94
2023-05-10 21:03:11,ru2404,ru2404,13555.0,0.0,0.0,0.0,2,13555.0,13605.0,3,13420.0,13555.0,13555.0,13555.0,1.0,135550.0,94
2023-05-10 21:03:11,ru2404,ru2404,13555.0,0.0,0.0,0.0,2,13555.0,13605.0,3,13420.0,13555.0,13555.0,13555.0,1.0,135550.0,94
2023-05-10 21:03:13,ru2404,ru2404,13555.0,0.0,0.0,0.0,1,13530.0,13605.0,3,13420.0,13555.0,13555.0,13555.0,1.0,135550.0,94
2023-05-10 21:03:14,ru2404,ru2404,13555.0,1.0,135550.0,1.0,1,13550.0,13605.0,3,13420.0,13555.0,13555.0,13555.0,2.0,271100.0,95
2023-05-10 21:03:14,ru2404,ru2404,13555.0,0.0,0.0,0.0,1,13550.0,13605.0,3,13420.0,13555.0,13555.0,13555.0,2.0,271100.0,95
2023-05-10 21:03:16,ru2404,ru2404,13555.0,0.0,0.0,0.0,2,13550.0,13605.0,3,13420.0,13555.0,13555.0,13555.0,2.0,271100.0,95
2023-05-10 21:03:17,ru2404,ru2404,13555.0,0.0,0.0,0.0,3,13555.0,13605.0,3,13420.0,13555.0,13555.0,13555.0,2.0,271100.0,95
2023-05-10 21:03:17,ru2404,ru2404,13555.0,0.0,0.0,0.0,1,13560.0,13605.0,3,13420.0,13555.0,13555.0,13555.0,2.0,271100.0,95
2023-05-10 21:03:18,ru2404,ru2404,13555.0,0.0,0.0,0.0,1,13560.0,13605.0,3,13420.0,13555.0,13555.0,13555.0,2.0,271100.0,95
2023-05-10 21:03:19,ru2404,ru2404,13555.0,0.0,0.0,0.0,1,13560.0,13605.0,3,13420.0,13555.0,13555.0,13555.0,2.0,271100.0,95
2023-05-10 21:03:20,ru2404,ru2404,13555.0,0.0,0.0,0.0,1,13565.0,13605.0,3,13420.0,13555.0,13555.0,13555.0,2.0,271100.0,95
2023-05-10 21:03:20,ru2404,ru2404,13555.0,0.0,0.0,0.0,1,13565.0,13605.0,3,13420.0,13555.0,13555.0,13555.0,2.0,271100.0,95
2023-05-10 21:03:22,ru2404,ru2404,13555.0,0.0,0.0,0.0,2,13565.0,13605.0,3,13420.0,13555.0,13555.0,13555.0,2.0,271100.0,95
2023-05-10 21:03:23,ru2404,ru2404,13555.0,0.0,0.0,0.0,1,13570.0,13605.0,3,13420.0,13555.0,13555.0,13555.0,2.0,271100.0,95
2023-05-10 21:03:23,ru2404,ru2404,13555.0,0.0,0.0,0.0,1,13570.0,13605.0,3,13420.0,13555.0,13555.0,13555.0,2.0,271100.0,95
2023-05-10 21:03:25,ru2404,ru2404,13555.0,0.0,0.0,0.0,1,13555.0,13605.0,3,13420.0,13555.0,13555.0,13555.0,2.0,271100.0,95
2023-05-10 21:03:26,ru2404,ru2404,13555.0,0.0,0.0,0.0,1,13575.0,13605.0,3,13420.0,13555.0,13555.0,13555.0,2.0,271100.0,95
2023-05-10 21:03:26,ru2404,ru2404,13555.0,0.0,0.0,0.0,1,13575.0,13605.0,3,13420.0,13555.0,13555.0,13555.0,2.0,271100.0,95
2023-05-10 21:03:28,ru2404,ru2404,13555.0,0.0,0.0,0.0,1,13555.0,13605.0,3,13420.0,13555.0,13555.0,13555.0,2.0,271100.0,95
2023-05-10 21:03:29,ru2404,ru2404,13555.0,0.0,0.0,0.0,3,13560.0,13605.0,3,13420.0,13555.0,13555.0,13555.0,2.0,271100.0,95
2023-05-10 21:03:29,ru2404,ru2404,13555.0,0.0,0.0,0.0,3,13560.0,13605.0,3,13420.0,13555.0,13555.0,13555.0,2.0,271100.0,95
2023-05-10 21:03:32,ru2404,ru2404,13555.0,0.0,0.0,0.0,1,13565.0,13605.0,3,13420.0,13555.0,13555.0,13555.0,2.0,271100.0,95
2023-05-10 21:03:32,ru2404,ru2404,13555.0,0.0,0.0,0.0,2,13570.0,13605.0,3,13420.0,13555.0,13555.0,13555.0,2.0,271100.0,95
2023-05-10 21:03:33,ru2404,ru2404,13555.0,0.0,0.0,0.0,2,13570.0,13605.0,3,13420.0,13555.0,13555.0,13555.0,2.0,271100.0,95
2023-05-10 21:03:34,ru2404,ru2404,13555.0,0.0,0.0,0.0,1,13565.0,13605.0,3,13420.0,13555.0,13555.0,13555.0,2.0,271100.0,95
2023-05-10 21:03:34,ru2404,ru2404,13555.0,0.0,0.0,0.0,2,13570.0,13605.0,3,13420.0,13555.0,13555.0,13555.0,2.0,271100.0,95
2023-05-10 21:03:35,ru2404,ru2404,13555.0,0.0,0.0,0.0,1,13575.0,13605.0,3,13420.0,13555.0,13555.0,13555.0,2.0,271100.0,95
2023-05-10 21:03:35,ru2404,ru2404,13555.0,0.0,0.0,0.0,1,13575.0,13605.0,3,13420.0,13555.0,13555.0,13555.0,2.0,271100.0,95
2023-05-10 21:03:36,ru2404,ru2404,13555.0,0.0,0.0,0.0,3,13575.0,13605.0,3,13420.0,13555.0,13555.0,13555.0,2.0,271100.0,95
2023-05-10 21:03:36,ru2404,ru2404,13555.0,0.0,0.0,0.0,3,13575.0,13605.0,3,13420.0,13555.0,13555.0,13555.0,2.0,271100.0,95
2023-05-10 21:03:37,ru2404,ru2404,13555.0,0.0,0.0,0.0,1,13580.0,13605.0,3,13420.0,13555.0,13555.0,13555.0,2.0,271100.0,95
2023-05-10 21:03:38,ru2404,ru2404,13555.0,0.0,0.0,0.0,2,13580.0,13605.0,3,13420.0,13555.0,13555.0,13555.0,2.0,271100.0,95
2023-05-10 21:03:38,ru2404,ru2404,13555.0,0.0,0.0,0.0,2,13580.0,13605.0,1,13420.0,13555.0,13555.0,13555.0,2.0,271100.0,95
2023-05-10 21:03:39,ru2404,ru2404,13555.0,0.0,0.0,0.0,1,13585.0,13615.0,1,13420.0,13555.0,13555.0,13555.0,2.0,271100.0,95
2023-05-10 21:03:39,ru2404,ru2404,13555.0,0.0,0.0,0.0,1,13580.0,13625.0,3,13420.0,13555.0,13555.0,13555.0,2.0,271100.0,95
2023-05-10 21:03:40,ru2404,ru2404,13555.0,0.0,0.0,0.0,3,13580.0,13625.0,3,13420.0,13555.0,13555.0,13555.0,2.0,271100.0,95
2023-05-10 21:03:40,ru2404,ru2404,13555.0,0.0,0.0,0.0,2,13580.0,13625.0,3,13420.0,13555.0,13555.0,13555.0,2.0,271100.0,95
2023-05-10 21:03:41,ru2404,ru2404,13555.0,0.0,0.0,0.0,1,13585.0,13625.0,3,13420.0,13555.0,13555.0,13555.0,2.0,271100.0,95
2023-05-10 21:03:41,ru2404,ru2404,13555.0,0.0,0.0,0.0,3,13585.0,13625.0,1,13420.0,13555.0,13555.0,13555.0,2.0,271100.0,95
2023-05-10 21:03:42,ru2404,ru2404,13555.0,0.0,0.0,0.0,1,13585.0,13630.0,2,13420.0,13555.0,13555.0,13555.0,2.0,271100.0,95
2023-05-10 21:03:42,ru2404,ru2404,13555.0,0.0,0.0,0.0,3,13585.0,13630.0,2,13420.0,13555.0,13555.0,13555.0,2.0,271100.0,95
2023-05-10 21:03:43,ru2404,ru2404,13555.0,0.0,0.0,0.0,1,13585.0,13630.0,2,13420.0,13555.0,13555.0,13555.0,2.0,271100.0,95
2023-05-10 21:03:43,ru2404,ru2404,13555.0,0.0,0.0,0.0,1,13555.0,13630.0,2,13420.0,13555.0,13555.0,13555.0,2.0,271100.0,95
2023-05-10 21:03:44,ru2404,ru2404,13555.0,0.0,0.0,0.0,1,13580.0,13630.0,2,13420.0,13555.0,13555.0,13555.0,2.0,271100.0,95
2023-05-10 21:03:44,ru2404,ru2404,13555.0,0.0,0.0,0.0,2,13580.0,13630.0,2,13420.0,13555.0,13555.0,13555.0,2.0,271100.0,95
2023-05-10 21:03:46,ru2404,ru2404,13555.0,0.0,0.0,0.0,1,13585.0,13630.0,2,13420.0,13555.0,13555.0,13555.0,2.0,271100.0,95
2023-05-10 21:03:47,ru2404,ru2404,13555.0,0.0,0.0,0.0,1,13590.0,13630.0,2,13420.0,13555.0,13555.0,13555.0,2.0,271100.0,95
2023-05-10 21:03:47,ru2404,ru2404,13555.0,0.0,0.0,0.0,1,13590.0,13630.0,2,13420.0,13555.0,13555.0,13555.0,2.0,271100.0,95
2023-05-10 21:03:48,ru2404,ru2404,13555.0,0.0,0.0,0.0,1,13590.0,13625.0,2,13420.0,13555.0,13555.0,13555.0,2.0,271100.0,95
2023-05-10 21:03:49,ru2404,ru2404,13555.0,0.0,0.0,0.0,2,13590.0,13625.0,2,13420.0,13555.0,13555.0,13555.0,2.0,271100.0,95
2023-05-10 21:03:49,ru2404,ru2404,13555.0,0.0,0.0,0.0,1,13595.0,13625.0,2,13420.0,13555.0,13555.0,13555.0,2.0,271100.0,95
2023-05-10 21:03:52,ru2404,ru2404,13555.0,0.0,0.0,0.0,1,13555.0,13625.0,2,13420.0,13555.0,13555.0,13555.0,2.0,271100.0,95
2023-05-10 21:03:52,ru2404,ru2404,13555.0,0.0,0.0,0.0,1,13600.0,13625.0,2,13420.0,13555.0,13555.0,13555.0,2.0,271100.0,95
2023-05-10 21:03:53,ru2404,ru2404,13555.0,0.0,0.0,0.0,1,13600.0,13630.0,2,13420.0,13555.0,13555.0,13555.0,2.0,271100.0,95
2023-05-10 21:03:54,ru2404,ru2404,13555.0,0.0,0.0,0.0,1,13600.0,13630.0,2,13420.0,13555.0,13555.0,13555.0,2.0,271100.0,95
2023-05-10 21:03:54,ru2404,ru2404,13555.0,0.0,0.0,0.0,1,13555.0,13630.0,2,13420.0,13555.0,13555.0,13555.0,2.0,271100.0,95
2023-05-10 21:03:55,ru2404,ru2404,13555.0,0.0,0.0,0.0,1,13580.0,13630.0,2,13420.0,13555.0,13555.0,13555.0,2.0,271100.0,95
2023-05-10 21:03:55,ru2404,ru2404,13555.0,0.0,0.0,0.0,2,13580.0,13630.0,2,13420.0,13555.0,13555.0,13555.0,2.0,271100.0,95
2023-05-10 21:03:56,ru2404,ru2404,13555.0,0.0,0.0,0.0,2,13580.0,13630.0,2,13420.0,13555.0,13555.0,13555.0,2.0,271100.0,95
2023-05-10 21:03:57,ru2404,ru2404,13555.0,0.0,0.0,0.0,2,13580.0,13630.0,2,13420.0,13555.0,13555.0,13555.0,2.0,271100.0,95
2023-05-10 21:03:58,ru2404,ru2404,13555.0,0.0,0.0,0.0,1,13585.0,13630.0,2,13420.0,13555.0,13555.0,13555.0,2.0,271100.0,95
2023-05-10 21:03:58,ru2404,ru2404,13555.0,0.0,0.0,0.0,1,13585.0,13630.0,2,13420.0,13555.0,13555.0,13555.0,2.0,271100.0,95
2023-05-10 21:04:00,ru2404,ru2404,13555.0,0.0,0.0,0.0,1,13555.0,13630.0,2,13420.0,13555.0,13555.0,13555.0,2.0,271100.0,95
2023-05-10 21:04:01,ru2404,ru2404,13555.0,0.0,0.0,0.0,1,13575.0,13630.0,2,13420.0,13555.0,13555.0,13555.0,2.0,271100.0,95
2023-05-10 21:04:01,ru2404,ru2404,13555.0,0.0,0.0,0.0,1,13560.0,13630.0,2,13420.0,13555.0,13555.0,13555.0,2.0,271100.0,95
2023-05-10 21:04:02,ru2404,ru2404,13555.0,0.0,0.0,0.0,1,13575.0,13630.0,2,13420.0,13555.0,13555.0,13555.0,2.0,271100.0,95
2023-05-10 21:04:02,ru2404,ru2404,13555.0,0.0,0.0,0.0,2,13575.0,13630.0,2,13420.0,13555.0,13555.0,13555.0,2.0,271100.0,95
2023-05-10 21:04:03,ru2404,ru2404,13555.0,0.0,0.0,0.0,1,13565.0,13630.0,2,13420.0,13555.0,13555.0,13555.0,2.0,271100.0,95
2023-05-10 21:04:03,ru2404,ru2404,13555.0,0.0,0.0,0.0,1,13570.0,13630.0,5,13420.0,13555.0,13555.0,13555.0,2.0,271100.0,95
2023-05-10 21:04:04,ru2404,ru2404,13555.0,0.0,0.0,0.0,1,13575.0,13630.0,3,13420.0,13555.0,13555.0,13555.0,2.0,271100.0,95
2023-05-10 21:04:04,ru2404,ru2404,13555.0,0.0,0.0,0.0,1,13575.0,13630.0,3,13420.0,13555.0,13555.0,13555.0,2.0,271100.0,95
2023-05-10 21:04:05,ru2404,ru2404,13555.0,0.0,0.0,0.0,2,13575.0,13630.0,3,13420.0,13555.0,13555.0,13555.0,2.0,271100.0,95
2023-05-10 21:04:06,ru2404,ru2404,13555.0,0.0,0.0,0.0,1,13575.0,13625.0,2,13420.0,13555.0,13555.0,13555.0,2.0,271100.0,95
2023-05-10 21:04:06,ru2404,ru2404,13555.0,0.0,0.0,0.0,1,13565.0,13625.0,2,13420.0,13555.0,13555.0,13555.0,2.0,271100.0,95
2023-05-10 21:04:07,ru2404,ru2404,13555.0,0.0,0.0,0.0,1,13580.0,13625.0,2,13420.0,13555.0,13555.0,13555.0,2.0,271100.0,95
2023-05-10 21:04:07,ru2404,ru2404,13555.0,0.0,0.0,0.0,1,13580.0,13625.0,2,13420.0,13555.0,13555.0,13555.0,2.0,271100.0,95
2023-05-10 21:04:10,ru2404,ru2404,13555.0,0.0,0.0,0.0,2,13515.0,13625.0,5,13420.0,13555.0,13555.0,13555.0,2.0,271100.0,95
2023-05-10 21:04:10,ru2404,ru2404,13555.0,0.0,0.0,0.0,3,13520.0,13625.0,5,13420.0,13555.0,13555.0,13555.0,2.0,271100.0,95
2023-05-10 21:04:11,ru2404,ru2404,13555.0,0.0,0.0,0.0,5,13520.0,13625.0,5,13420.0,13555.0,13555.0,13555.0,2.0,271100.0,95
2023-05-10 21:04:11,ru2404,ru2404,13555.0,0.0,0.0,0.0,5,13520.0,13620.0,1,13420.0,13555.0,13555.0,13555.0,2.0,271100.0,95
2023-05-10 21:04:12,ru2404,ru2404,13555.0,0.0,0.0,0.0,7,13520.0,13620.0,2,13420.0,13555.0,13555.0,13555.0,2.0,271100.0,95
2023-05-10 21:04:12,ru2404,ru2404,13555.0,0.0,0.0,0.0,7,13520.0,13620.0,2,13420.0,13555.0,13555.0,13555.0,2.0,271100.0,95
2023-05-10 21:04:13,ru2404,ru2404,13555.0,0.0,0.0,0.0,7,13520.0,13620.0,3,13420.0,13555.0,13555.0,13555.0,2.0,271100.0,95
2023-05-10 21:04:13,ru2404,ru2404,13555.0,0.0,0.0,0.0,1,13560.0,13620.0,3,13420.0,13555.0,13555.0,13555.0,2.0,271100.0,95
2023-05-10 21:04:14,ru2404,ru2404,13555.0,0.0,0.0,0.0,1,13565.0,13620.0,3,13420.0,13555.0,13555.0,13555.0,2.0,271100.0,95
2023-05-10 21:04:14,ru2404,ru2404,13555.0,0.0,0.0,0.0,1,13565.0,13620.0,3,13420.0,13555.0,13555.0,13555.0,2.0,271100.0,95
2023-05-10 21:04:16,ru2404,ru2404,13555.0,0.0,0.0,0.0,2,13520.0,13620.0,3,13420.0,13555.0,13555.0,13555.0,2.0,271100.0,95
2023-05-10 21:04:16,ru2404,ru2404,13555.0,0.0,0.0,0.0,1,13560.0,13620.0,3,13420.0,13555.0,13555.0,13555.0,2.0,271100.0,95
2023-05-10 21:04:17,ru2404,ru2404,13555.0,0.0,0.0,0.0,2,13560.0,13620.0,3,13420.0,13555.0,13555.0,13555.0,2.0,271100.0,95
2023-05-10 21:04:18,ru2404,ru2404,13620.0,3.0,408600.0,2.0,2,13620.0,13625.0,2,13420.0,13555.0,13620.0,13555.0,5.0,679700.0,97
2023-05-10 21:04:18,ru2404,ru2404,13620.0,1.0,136200.0,1.0,1,13620.0,13625.0,2,13420.0,13555.0,13620.0,13555.0,6.0,815900.0,98
2023-05-10 21:04:19,ru2404,ru2404,13620.0,1.0,136200.0,1.0,2,13520.0,13625.0,2,13420.0,13555.0,13620.0,13555.0,7.0,952100.0,99
2023-05-10 21:04:19,ru2404,ru2404,13620.0,0.0,0.0,0.0,1,13575.0,13625.0,2,13420.0,13555.0,13620.0,13555.0,7.0,952100.0,99
2023-05-10 21:04:20,ru2404,ru2404,13620.0,0.0,0.0,0.0,2,13525.0,13625.0,3,13420.0,13555.0,13620.0,13555.0,7.0,952100.0,99
2023-05-10 21:04:20,ru2404,ru2404,13620.0,0.0,0.0,0.0,1,13555.0,13625.0,3,13420.0,13555.0,13620.0,13555.0,7.0,952100.0,99
2023-05-10 21:04:21,ru2404,ru2404,13620.0,0.0,0.0,0.0,2,13555.0,13625.0,3,13420.0,13555.0,13620.0,13555.0,7.0,952100.0,99
2023-05-10 21:04:21,ru2404,ru2404,13620.0,0.0,0.0,0.0,2,13555.0,13625.0,3,13420.0,13555.0,13620.0,13555.0,7.0,952100.0,99
2023-05-10 21:04:22,ru2404,ru2404,13620.0,0.0,0.0,0.0,3,13560.0,13625.0,3,13420.0,13555.0,13620.0,13555.0,7.0,952100.0,99
2023-05-10 21:04:22,ru2404,ru2404,13620.0,0.0,0.0,0.0,2,13560.0,13625.0,3,13420.0,13555.0,13620.0,13555.0,7.0,952100.0,99
2023-05-10 21:04:24,ru2404,ru2404,13620.0,0.0,0.0,0.0,2,13560.0,13625.0,3,13420.0,13555.0,13620.0,13555.0,7.0,952100.0,99
2023-05-10 21:04:24,ru2404,ru2404,13620.0,0.0,0.0,0.0,1,13560.0,13625.0,2,13420.0,13555.0,13620.0,13555.0,7.0,952100.0,99
2023-05-10 21:04:25,ru2404,ru2404,13620.0,0.0,0.0,0.0,1,13565.0,13625.0,2,13420.0,13555.0,13620.0,13555.0,7.0,952100.0,99
2023-05-10 21:04:25,ru2404,ru2404,13620.0,0.0,0.0,0.0,1,13570.0,13625.0,3,13420.0,13555.0,13620.0,13555.0,7.0,952100.0,99
2023-05-10 21:04:27,ru2404,ru2404,13620.0,0.0,0.0,0.0,1,13570.0,13625.0,3,13420.0,13555.0,13620.0,13555.0,7.0,952100.0,99
2023-05-10 21:04:29,ru2404,ru2404,13620.0,0.0,0.0,0.0,1,13570.0,13615.0,1,13420.0,13555.0,13620.0,13555.0,7.0,952100.0,99
2023-05-10 21:04:30,ru2404,ru2404,13620.0,0.0,0.0,0.0,1,13570.0,13615.0,1,13420.0,13555.0,13620.0,13555.0,7.0,952100.0,99
2023-05-10 21:04:31,ru2404,ru2404,13620.0,0.0,0.0,0.0,1,13570.0,13610.0,2,13420.0,13555.0,13620.0,13555.0,7.0,952100.0,99
2023-05-10 21:04:32,ru2404,ru2404,13620.0,0.0,0.0,0.0,1,13570.0,13610.0,2,13420.0,13555.0,13620.0,13555.0,7.0,952100.0,99
2023-05-10 21:04:36,ru2404,ru2404,13620.0,0.0,0.0,0.0,1,13570.0,13610.0,2,13420.0,13555.0,13620.0,13555.0,7.0,952100.0,99
2023-05-10 21:04:36,ru2404,ru2404,13620.0,0.0,0.0,0.0,1,13570.0,13610.0,2,13420.0,13555.0,13620.0,13555.0,7.0,952100.0,99
2023-05-10 21:04:37,ru2404,ru2404,13620.0,0.0,0.0,0.0,2,13515.0,13610.0,3,13420.0,13555.0,13620.0,13555.0,7.0,952100.0,99
2023-05-10 21:04:37,ru2404,ru2404,13620.0,0.0,0.0,0.0,5,13520.0,13610.0,3,13420.0,13555.0,13620.0,13555.0,7.0,952100.0,99
2023-05-10 21:04:38,ru2404,ru2404,13620.0,0.0,0.0,0.0,5,13520.0,13610.0,3,13420.0,13555.0,13620.0,13555.0,7.0,952100.0,99
2023-05-10 21:04:39,ru2404,ru2404,13620.0,0.0,0.0,0.0,7,13520.0,13610.0,3,13420.0,13555.0,13620.0,13555.0,7.0,952100.0,99
2023-05-10 21:04:39,ru2404,ru2404,13620.0,0.0,0.0,0.0,7,13520.0,13610.0,2,13420.0,13555.0,13620.0,13555.0,7.0,952100.0,99
2023-05-10 21:04:40,ru2404,ru2404,13620.0,0.0,0.0,0.0,5,13520.0,13610.0,2,13420.0,13555.0,13620.0,13555.0,7.0,952100.0,99
2023-05-10 21:04:40,ru2404,ru2404,13620.0,0.0,0.0,0.0,2,13525.0,13610.0,3,13420.0,13555.0,13620.0,13555.0,7.0,952100.0,99
2023-05-10 21:04:41,ru2404,ru2404,13620.0,0.0,0.0,0.0,3,13530.0,13610.0,3,13420.0,13555.0,13620.0,13555.0,7.0,952100.0,99
2023-05-10 21:04:42,ru2404,ru2404,13620.0,0.0,0.0,0.0,5,13530.0,13610.0,3,13420.0,13555.0,13620.0,13555.0,7.0,952100.0,99
2023-05-10 21:04:43,ru2404,ru2404,13620.0,0.0,0.0,0.0,5,13530.0,13610.0,3,13420.0,13555.0,13620.0,13555.0,7.0,952100.0,99
2023-05-10 21:04:43,ru2404,ru2404,13620.0,0.0,0.0,0.0,2,13535.0,13610.0,3,13420.0,13555.0,13620.0,13555.0,7.0,952100.0,99
2023-05-10 21:04:44,ru2404,ru2404,13620.0,0.0,0.0,0.0,3,13540.0,13610.0,3,13420.0,13555.0,13620.0,13555.0,7.0,952100.0,99
2023-05-10 21:04:45,ru2404,ru2404,13620.0,0.0,0.0,0.0,4,13540.0,13610.0,3,13420.0,13555.0,13620.0,13555.0,7.0,952100.0,99
2023-05-10 21:04:46,ru2404,ru2404,13620.0,0.0,0.0,0.0,4,13540.0,13610.0,3,13420.0,13555.0,13620.0,13555.0,7.0,952100.0,99
2023-05-10 21:04:46,ru2404,ru2404,13620.0,0.0,0.0,0.0,2,13545.0,13610.0,3,13420.0,13555.0,13620.0,13555.0,7.0,952100.0,99
2023-05-10 21:04:47,ru2404,ru2404,13620.0,0.0,0.0,0.0,1,13550.0,13610.0,3,13420.0,13555.0,13620.0,13555.0,7.0,952100.0,99
2023-05-10 21:04:48,ru2404,ru2404,13620.0,0.0,0.0,0.0,1,13550.0,13610.0,3,13420.0,13555.0,13620.0,13555.0,7.0,952100.0,99
2023-05-10 21:04:49,ru2404,ru2404,13620.0,0.0,0.0,0.0,1,13555.0,13610.0,3,13420.0,13555.0,13620.0,13555.0,7.0,952100.0,99
2023-05-10 21:04:49,ru2404,ru2404,13620.0,0.0,0.0,0.0,1,13560.0,13610.0,3,13420.0,13555.0,13620.0,13555.0,7.0,952100.0,99
2023-05-10 21:04:51,ru2404,ru2404,13620.0,0.0,0.0,0.0,1,13560.0,13610.0,3,13420.0,13555.0,13620.0,13555.0,7.0,952100.0,99
2023-05-10 21:04:52,ru2404,ru2404,13620.0,0.0,0.0,0.0,1,13565.0,13610.0,3,13420.0,13555.0,13620.0,13555.0,7.0,952100.0,99
2023-05-10 21:04:52,ru2404,ru2404,13620.0,0.0,0.0,0.0,2,13565.0,13610.0,3,13420.0,13555.0,13620.0,13555.0,7.0,952100.0,99
2023-05-10 21:04:53,ru2404,ru2404,13620.0,0.0,0.0,0.0,2,13565.0,13610.0,3,13420.0,13555.0,13620.0,13555.0,7.0,952100.0,99
2023-05-10 21:04:54,ru2404,ru2404,13620.0,0.0,0.0,0.0,1,13565.0,13610.0,3,13420.0,13555.0,13620.0,13555.0,7.0,952100.0,99
2023-05-10 21:04:56,ru2404,ru2404,13620.0,0.0,0.0,0.0,3,13570.0,13610.0,2,13420.0,13555.0,13620.0,13555.0,7.0,952100.0,99
2023-05-10 21:04:57,ru2404,ru2404,13620.0,0.0,0.0,0.0,2,13570.0,13610.0,2,13420.0,13555.0,13620.0,13555.0,7.0,952100.0,99
2023-05-10 21:04:58,ru2404,ru2404,13620.0,0.0,0.0,0.0,1,13570.0,13610.0,2,13420.0,13555.0,13620.0,13555.0,7.0,952100.0,99
2023-05-10 21:04:59,ru2404,ru2404,13620.0,0.0,0.0,0.0,1,13540.0,13610.0,2,13420.0,13555.0,13620.0,13555.0,7.0,952100.0,99
2023-05-10 21:04:59,ru2404,ru2404,13620.0,0.0,0.0,0.0,1,13550.0,13610.0,2,13420.0,13555.0,13620.0,13555.0,7.0,952100.0,99
2023-05-10 21:05:00,ru2404,ru2404,13620.0,0.0,0.0,0.0,4,13555.0,13610.0,2,13420.0,13555.0,13620.0,13555.0,7.0,952100.0,99
2023-05-10 21:05:00,ru2404,ru2404,13620.0,0.0,0.0,0.0,3,13555.0,13610.0,2,13420.0,13555.0,13620.0,13555.0,7.0,952100.0,99
2023-05-10 21:05:03,ru2404,ru2404,13620.0,0.0,0.0,0.0,1,13555.0,13610.0,2,13420.0,13555.0,13620.0,13555.0,7.0,952100.0,99
2023-05-10 21:05:03,ru2404,ru2404,13620.0,0.0,0.0,0.0,2,13560.0,13610.0,2,13420.0,13555.0,13620.0,13555.0,7.0,952100.0,99
2023-05-10 21:05:04,ru2404,ru2404,13620.0,0.0,0.0,0.0,1,13565.0,13610.0,2,13420.0,13555.0,13620.0,13555.0,7.0,952100.0,99
2023-05-10 21:05:06,ru2404,ru2404,13620.0,0.0,0.0,0.0,1,13565.0,13610.0,2,13420.0,13555.0,13620.0,13555.0,7.0,952100.0,99
2023-05-10 21:05:06,ru2404,ru2404,13620.0,0.0,0.0,0.0,2,13570.0,13610.0,2,13420.0,13555.0,13620.0,13555.0,7.0,952100.0,99
2023-05-10 21:05:07,ru2404,ru2404,13620.0,0.0,0.0,0.0,3,13570.0,13610.0,2,13420.0,13555.0,13620.0,13555.0,7.0,952100.0,99
2023-05-10 21:05:08,ru2404,ru2404,13620.0,0.0,0.0,0.0,1,13575.0,13610.0,2,13420.0,13555.0,13620.0,13555.0,7.0,952100.0,99
2023-05-10 21:05:08,ru2404,ru2404,13620.0,0.0,0.0,0.0,2,13570.0,13610.0,2,13420.0,13555.0,13620.0,13555.0,7.0,952100.0,99
2023-05-10 21:05:09,ru2404,ru2404,13620.0,0.0,0.0,0.0,1,13575.0,13610.0,2,13420.0,13555.0,13620.0,13555.0,7.0,952100.0,99
2023-05-10 21:05:09,ru2404,ru2404,13620.0,0.0,0.0,0.0,2,13575.0,13610.0,2,13420.0,13555.0,13620.0,13555.0,7.0,952100.0,99
2023-05-10 21:05:10,ru2404,ru2404,13620.0,0.0,0.0,0.0,2,13575.0,13610.0,2,13420.0,13555.0,13620.0,13555.0,7.0,952100.0,99
2023-05-10 21:05:10,ru2404,ru2404,13620.0,0.0,0.0,0.0,2,13575.0,13610.0,2,13420.0,13555.0,13620.0,13555.0,7.0,952100.0,99
2023-05-10 21:05:12,ru2404,ru2404,13620.0,0.0,0.0,0.0,1,13575.0,13610.0,2,13420.0,13555.0,13620.0,13555.0,7.0,952100.0,99
2023-05-10 21:05:12,ru2404,ru2404,13620.0,0.0,0.0,0.0,1,13575.0,13610.0,2,13420.0,13555.0,13620.0,13555.0,7.0,952100.0,99
2023-05-10 21:05:14,ru2404,ru2404,13620.0,0.0,0.0,0.0,2,13580.0,13610.0,2,13420.0,13555.0,13620.0,13555.0,7.0,952100.0,99
2023-05-10 21:05:14,ru2404,ru2404,13620.0,0.0,0.0,0.0,3,13580.0,13610.0,2,13420.0,13555.0,13620.0,13555.0,7.0,952100.0,99
2023-05-10 21:05:15,ru2404,ru2404,13620.0,0.0,0.0,0.0,3,13580.0,13610.0,2,13420.0,13555.0,13620.0,13555.0,7.0,952100.0,99
2023-05-10 21:05:16,ru2404,ru2404,13620.0,0.0,0.0,0.0,1,13580.0,13610.0,2,13420.0,13555.0,13620.0,13555.0,7.0,952100.0,99
2023-05-10 21:05:17,ru2404,ru2404,13620.0,0.0,0.0,0.0,3,13585.0,13610.0,2,13420.0,13555.0,13620.0,13555.0,7.0,952100.0,99
2023-05-10 21:05:18,ru2404,ru2404,13620.0,0.0,0.0,0.0,3,13585.0,13620.0,2,13420.0,13555.0,13620.0,13555.0,7.0,952100.0,99
2023-05-10 21:05:20,ru2404,ru2404,13620.0,0.0,0.0,0.0,1,13585.0,13620.0,2,13420.0,13555.0,13620.0,13555.0,7.0,952100.0,99
2023-05-10 21:05:20,ru2404,ru2404,13620.0,0.0,0.0,0.0,1,13585.0,13620.0,2,13420.0,13555.0,13620.0,13555.0,7.0,952100.0,99
2023-05-10 21:05:21,ru2404,ru2404,13620.0,0.0,0.0,0.0,2,13590.0,13620.0,2,13420.0,13555.0,13620.0,13555.0,7.0,952100.0,99
2023-05-10 21:05:22,ru2404,ru2404,13620.0,0.0,0.0,0.0,2,13590.0,13620.0,2,13420.0,13555.0,13620.0,13555.0,7.0,952100.0,99
2023-05-10 21:05:24,ru2404,ru2404,13620.0,0.0,0.0,0.0,2,13525.0,13620.0,2,13420.0,13555.0,13620.0,13555.0,7.0,952100.0,99
2023-05-10 21:05:24,ru2404,ru2404,13620.0,0.0,0.0,0.0,1,13570.0,13620.0,2,13420.0,13555.0,13620.0,13555.0,7.0,952100.0,99
2023-05-10 21:05:25,ru2404,ru2404,13620.0,0.0,0.0,0.0,1,13575.0,13620.0,2,13420.0,13555.0,13620.0,13555.0,7.0,952100.0,99
2023-05-10 21:05:25,ru2404,ru2404,13620.0,0.0,0.0,0.0,1,13575.0,13620.0,2,13420.0,13555.0,13620.0,13555.0,7.0,952100.0,99
2023-05-10 21:05:26,ru2404,ru2404,13620.0,0.0,0.0,0.0,1,13575.0,13620.0,2,13420.0,13555.0,13620.0,13555.0,7.0,952100.0,99
2023-05-10 21:05:27,ru2404,ru2404,13620.0,0.0,0.0,0.0,1,13580.0,13620.0,2,13420.0,13555.0,13620.0,13555.0,7.0,952100.0,99
2023-05-10 21:05:27,ru2404,ru2404,13620.0,0.0,0.0,0.0,1,13585.0,13620.0,2,13420.0,13555.0,13620.0,13555.0,7.0,952100.0,99
2023-05-10 21:05:30,ru2404,ru2404,13620.0,0.0,0.0,0.0,1,13585.0,13620.0,2,13420.0,13555.0,13620.0,13555.0,7.0,952100.0,99
2023-05-10 21:05:31,ru2404,ru2404,13620.0,0.0,0.0,0.0,2,13535.0,13620.0,2,13420.0,13555.0,13620.0,13555.0,7.0,952100.0,99
2023-05-10 21:05:32,ru2404,ru2404,13620.0,0.0,0.0,0.0,1,13565.0,13620.0,2,13420.0,13555.0,13620.0,13555.0,7.0,952100.0,99
2023-05-10 21:05:32,ru2404,ru2404,13620.0,0.0,0.0,0.0,1,13570.0,13620.0,2,13420.0,13555.0,13620.0,13555.0,7.0,952100.0,99
2023-05-10 21:05:33,ru2404,ru2404,13620.0,0.0,0.0,0.0,1,13570.0,13620.0,2,13420.0,13555.0,13620.0,13555.0,7.0,952100.0,99
2023-05-10 21:05:34,ru2404,ru2404,13620.0,0.0,0.0,0.0,2,13570.0,13620.0,2,13420.0,13555.0,13620.0,13555.0,7.0,952100.0,99
2023-05-10 21:05:34,ru2404,ru2404,13620.0,0.0,0.0,0.0,2,13570.0,13620.0,2,13420.0,13555.0,13620.0,13555.0,7.0,952100.0,99
2023-05-10 21:05:35,ru2404,ru2404,13620.0,0.0,0.0,0.0,2,13575.0,13620.0,2,13420.0,13555.0,13620.0,13555.0,7.0,952100.0,99
2023-05-10 21:05:35,ru2404,ru2404,13620.0,0.0,0.0,0.0,1,13580.0,13620.0,2,13420.0,13555.0,13620.0,13555.0,7.0,952100.0,99
2023-05-10 21:05:37,ru2404,ru2404,13580.0,1.0,135800.0,0.0,1,13540.0,13620.0,2,13420.0,13555.0,13620.0,13555.0,8.0,1087900.0,99
2023-05-10 21:05:38,ru2404,ru2404,13580.0,0.0,0.0,0.0,1,13570.0,13620.0,2,13420.0,13555.0,13620.0,13555.0,8.0,1087900.0,99
2023-05-10 21:05:38,ru2404,ru2404,13580.0,0.0,0.0,0.0,1,13570.0,13620.0,2,13420.0,13555.0,13620.0,13555.0,8.0,1087900.0,99
2023-05-10 21:05:40,ru2404,ru2404,13580.0,0.0,0.0,0.0,1,13570.0,13620.0,2,13420.0,13555.0,13620.0,13555.0,8.0,1087900.0,99
2023-05-10 21:05:41,ru2404,ru2404,13580.0,0.0,0.0,0.0,2,13575.0,13620.0,2,13420.0,13555.0,13620.0,13555.0,8.0,1087900.0,99
2023-05-10 21:05:41,ru2404,ru2404,13580.0,0.0,0.0,0.0,2,13575.0,13620.0,3,13420.0,13555.0,13620.0,13555.0,8.0,1087900.0,99
2023-05-10 21:05:42,ru2404,ru2404,13580.0,0.0,0.0,0.0,2,13575.0,13620.0,3,13420.0,13555.0,13620.0,13555.0,8.0,1087900.0,99
2023-05-10 21:05:42,ru2404,ru2404,13580.0,0.0,0.0,0.0,1,13580.0,13620.0,3,13420.0,13555.0,13620.0,13555.0,8.0,1087900.0,99
2023-05-10 21:05:43,ru2404,ru2404,13580.0,0.0,0.0,0.0,1,13580.0,13620.0,3,13420.0,13555.0,13620.0,13555.0,8.0,1087900.0,99
2023-05-10 21:05:44,ru2404,ru2404,13580.0,0.0,0.0,0.0,2,13585.0,13620.0,3,13420.0,13555.0,13620.0,13555.0,8.0,1087900.0,99
2023-05-10 21:05:44,ru2404,ru2404,13580.0,0.0,0.0,0.0,2,13585.0,13620.0,3,13420.0,13555.0,13620.0,13555.0,8.0,1087900.0,99
2023-05-10 21:05:45,ru2404,ru2404,13580.0,0.0,0.0,0.0,2,13585.0,13620.0,3,13420.0,13555.0,13620.0,13555.0,8.0,1087900.0,99
2023-05-10 21:05:45,ru2404,ru2404,13580.0,0.0,0.0,0.0,2,13585.0,13620.0,2,13420.0,13555.0,13620.0,13555.0,8.0,1087900.0,99
2023-05-10 21:05:46,ru2404,ru2404,13580.0,0.0,0.0,0.0,2,13585.0,13620.0,2,13420.0,13555.0,13620.0,13555.0,8.0,1087900.0,99
2023-05-10 21:05:46,ru2404,ru2404,13580.0,0.0,0.0,0.0,2,13585.0,13620.0,2,13420.0,13555.0,13620.0,13555.0,8.0,1087900.0,99
2023-05-10 21:05:47,ru2404,ru2404,13580.0,0.0,0.0,0.0,1,13540.0,13620.0,2,13420.0,13555.0,13620.0,13555.0,8.0,1087900.0,99
2023-05-10 21:05:47,ru2404,ru2404,13580.0,0.0,0.0,0.0,1,13575.0,13620.0,2,13420.0,13555.0,13620.0,13555.0,8.0,1087900.0,99
2023-05-10 21:05:48,ru2404,ru2404,13580.0,0.0,0.0,0.0,1,13580.0,13620.0,2,13420.0,13555.0,13620.0,13555.0,8.0,1087900.0,99
2023-05-10 21:05:48,ru2404,ru2404,13580.0,0.0,0.0,0.0,1,13580.0,13620.0,2,13420.0,13555.0,13620.0,13555.0,8.0,1087900.0,99
2023-05-10 21:05:50,ru2404,ru2404,13580.0,0.0,0.0,0.0,1,13580.0,13620.0,2,13420.0,13555.0,13620.0,13555.0,8.0,1087900.0,99
2023-05-10 21:05:50,ru2404,ru2404,13580.0,0.0,0.0,0.0,2,13585.0,13620.0,2,13420.0,13555.0,13620.0,13555.0,8.0,1087900.0,99
2023-05-10 21:05:51,ru2404,ru2404,13580.0,0.0,0.0,0.0,3,13585.0,13620.0,2,13420.0,13555.0,13620.0,13555.0,8.0,1087900.0,99
2023-05-10 21:05:51,ru2404,ru2404,13580.0,0.0,0.0,0.0,1,13590.0,13620.0,2,13420.0,13555.0,13620.0,13555.0,8.0,1087900.0,99
2023-05-10 21:05:53,ru2404,ru2404,13580.0,0.0,0.0,0.0,1,13540.0,13620.0,2,13420.0,13555.0,13620.0,13555.0,8.0,1087900.0,99
2023-05-10 21:05:53,ru2404,ru2404,13580.0,0.0,0.0,0.0,1,13575.0,13620.0,2,13420.0,13555.0,13620.0,13555.0,8.0,1087900.0,99
2023-05-10 21:05:54,ru2404,ru2404,13580.0,0.0,0.0,0.0,1,13580.0,13620.0,2,13420.0,13555.0,13620.0,13555.0,8.0,1087900.0,99
2023-05-10 21:05:54,ru2404,ru2404,13580.0,0.0,0.0,0.0,1,13580.0,13620.0,2,13420.0,13555.0,13620.0,13555.0,8.0,1087900.0,99
2023-05-10 21:05:55,ru2404,ru2404,13580.0,0.0,0.0,0.0,1,13580.0,13620.0,3,13420.0,13555.0,13620.0,13555.0,8.0,1087900.0,99
2023-05-10 21:05:56,ru2404,ru2404,13580.0,0.0,0.0,0.0,1,13580.0,13620.0,2,13420.0,13555.0,13620.0,13555.0,8.0,1087900.0,99
2023-05-10 21:05:56,ru2404,ru2404,13580.0,0.0,0.0,0.0,2,13585.0,13620.0,2,13420.0,13555.0,13620.0,13555.0,8.0,1087900.0,99
2023-05-10 21:05:57,ru2404,ru2404,13580.0,0.0,0.0,0.0,3,13585.0,13620.0,2,13420.0,13555.0,13620.0,13555.0,8.0,1087900.0,99
2023-05-10 21:05:57,ru2404,ru2404,13580.0,0.0,0.0,0.0,2,13585.0,13620.0,3,13420.0,13555.0,13620.0,13555.0,8.0,1087900.0,99
2023-05-10 21:05:58,ru2404,ru2404,13580.0,0.0,0.0,0.0,2,13585.0,13615.0,2,13420.0,13555.0,13620.0,13555.0,8.0,1087900.0,99
2023-05-10 21:05:58,ru2404,ru2404,13580.0,0.0,0.0,0.0,2,13585.0,13615.0,2,13420.0,13555.0,13620.0,13555.0,8.0,1087900.0,99
2023-05-10 21:05:59,ru2404,ru2404,13580.0,0.0,0.0,0.0,1,13540.0,13615.0,2,13420.0,13555.0,13620.0,13555.0,8.0,1087900.0,99
2023-05-10 21:05:59,ru2404,ru2404,13580.0,0.0,0.0,0.0,1,13570.0,13615.0,2,13420.0,13555.0,13620.0,13555.0,8.0,1087900.0,99
2023-05-10 21:06:00,ru2404,ru2404,13580.0,0.0,0.0,0.0,1,13575.0,13615.0,2,13420.0,13555.0,13620.0,13555.0,8.0,1087900.0,99
2023-05-10 21:06:00,ru2404,ru2404,13580.0,0.0,0.0,0.0,1,13575.0,13615.0,2,13420.0,13555.0,13620.0,13555.0,8.0,1087900.0,99
2023-05-10 21:06:01,ru2404,ru2404,13580.0,0.0,0.0,0.0,1,13575.0,13615.0,3,13420.0,13555.0,13620.0,13555.0,8.0,1087900.0,99
2023-05-10 21:06:02,ru2404,ru2404,13580.0,0.0,0.0,0.0,1,13575.0,13615.0,2,13420.0,13555.0,13620.0,13555.0,8.0,1087900.0,99
2023-05-10 21:06:02,ru2404,ru2404,13580.0,0.0,0.0,0.0,2,13580.0,13615.0,3,13420.0,13555.0,13620.0,13555.0,8.0,1087900.0,99
2023-05-10 21:06:03,ru2404,ru2404,13580.0,0.0,0.0,0.0,2,13580.0,13615.0,3,13420.0,13555.0,13620.0,13555.0,8.0,1087900.0,99
2023-05-10 21:06:03,ru2404,ru2404,13580.0,1.0,135800.0,1.0,1,13580.0,13615.0,2,13420.0,13555.0,13620.0,13555.0,9.0,1223700.0,100
2023-05-10 21:06:04,ru2404,ru2404,13580.0,0.0,0.0,0.0,2,13580.0,13615.0,2,13420.0,13555.0,13620.0,13555.0,9.0,1223700.0,100
2023-05-10 21:06:04,ru2404,ru2404,13580.0,0.0,0.0,0.0,1,13580.0,13615.0,2,13420.0,13555.0,13620.0,13555.0,9.0,1223700.0,100
2023-05-10 21:06:05,ru2404,ru2404,13580.0,0.0,0.0,0.0,1,13585.0,13615.0,2,13420.0,13555.0,13620.0,13555.0,9.0,1223700.0,100
2023-05-10 21:06:05,ru2404,ru2404,13580.0,0.0,0.0,0.0,1,13585.0,13615.0,2,13420.0,13555.0,13620.0,13555.0,9.0,1223700.0,100
2023-05-10 21:06:06,ru2404,ru2404,13580.0,0.0,0.0,0.0,1,13585.0,13615.0,2,13420.0,13555.0,13620.0,13555.0,9.0,1223700.0,100
2023-05-10 21:06:07,ru2404,ru2404,13580.0,0.0,0.0,0.0,1,13585.0,13615.0,2,13420.0,13555.0,13620.0,13555.0,9.0,1223700.0,100
2023-05-10 21:06:07,ru2404,ru2404,13580.0,0.0,0.0,0.0,1,13540.0,13615.0,2,13420.0,13555.0,13620.0,13555.0,9.0,1223700.0,100
2023-05-10 21:06:08,ru2404,ru2404,13580.0,0.0,0.0,0.0,1,13575.0,13615.0,2,13420.0,13555.0,13620.0,13555.0,9.0,1223700.0,100
2023-05-10 21:06:08,ru2404,ru2404,13580.0,0.0,0.0,0.0,1,13580.0,13615.0,2,13420.0,13555.0,13620.0,13555.0,9.0,1223700.0,100
2023-05-10 21:06:09,ru2404,ru2404,13580.0,0.0,0.0,0.0,1,13580.0,13615.0,2,13420.0,13555.0,13620.0,13555.0,9.0,1223700.0,100
2023-05-10 21:06:10,ru2404,ru2404,13580.0,0.0,0.0,0.0,1,13580.0,13615.0,2,13420.0,13555.0,13620.0,13555.0,9.0,1223700.0,100
2023-05-10 21:06:10,ru2404,ru2404,13580.0,0.0,0.0,0.0,1,13585.0,13615.0,2,13420.0,13555.0,13620.0,13555.0,9.0,1223700.0,100
2023-05-10 21:06:11,ru2404,ru2404,13580.0,0.0,0.0,0.0,1,13585.0,13615.0,2,13420.0,13555.0,13620.0,13555.0,9.0,1223700.0,100
2023-05-10 21:06:12,ru2404,ru2404,13580.0,0.0,0.0,0.0,1,13585.0,13615.0,2,13420.0,13555.0,13620.0,13555.0,9.0,1223700.0,100
2023-05-10 21:06:12,ru2404,ru2404,13580.0,0.0,0.0,0.0,1,13585.0,13615.0,2,13420.0,13555.0,13620.0,13555.0,9.0,1223700.0,100
2023-05-10 21:06:13,ru2404,ru2404,13580.0,0.0,0.0,0.0,1,13540.0,13615.0,2,13420.0,13555.0,13620.0,13555.0,9.0,1223700.0,100
2023-05-10 21:06:13,ru2404,ru2404,13580.0,0.0,0.0,0.0,1,13575.0,13615.0,2,13420.0,13555.0,13620.0,13555.0,9.0,1223700.0,100
2023-05-10 21:06:14,ru2404,ru2404,13580.0,0.0,0.0,0.0,1,13580.0,13615.0,2,13420.0,13555.0,13620.0,13555.0,9.0,1223700.0,100
2023-05-10 21:06:14,ru2404,ru2404,13580.0,0.0,0.0,0.0,1,13580.0,13615.0,2,13420.0,13555.0,13620.0,13555.0,9.0,1223700.0,100
2023-05-10 21:06:16,ru2404,ru2404,13580.0,0.0,0.0,0.0,1,13580.0,13615.0,2,13420.0,13555.0,13620.0,13555.0,9.0,1223700.0,100
2023-05-10 21:06:16,ru2404,ru2404,13580.0,0.0,0.0,0.0,1,13585.0,13615.0,2,13420.0,13555.0,13620.0,13555.0,9.0,1223700.0,100
2023-05-10 21:06:17,ru2404,ru2404,13580.0,0.0,0.0,0.0,2,13585.0,13615.0,2,13420.0,13555.0,13620.0,13555.0,9.0,1223700.0,100
2023-05-10 21:06:17,ru2404,ru2404,13580.0,0.0,0.0,0.0,2,13585.0,13615.0,2,13420.0,13555.0,13620.0,13555.0,9.0,1223700.0,100
2023-05-10 21:06:18,ru2404,ru2404,13580.0,0.0,0.0,0.0,2,13585.0,13615.0,2,13420.0,13555.0,13620.0,13555.0,9.0,1223700.0,100
2023-05-10 21:06:18,ru2404,ru2404,13580.0,0.0,0.0,0.0,1,13590.0,13615.0,2,13420.0,13555.0,13620.0,13555.0,9.0,1223700.0,100
2023-05-10 21:06:19,ru2404,ru2404,13580.0,0.0,0.0,0.0,1,13540.0,13620.0,2,13420.0,13555.0,13620.0,13555.0,9.0,1223700.0,100
2023-05-10 21:06:19,ru2404,ru2404,13580.0,0.0,0.0,0.0,1,13580.0,13620.0,2,13420.0,13555.0,13620.0,13555.0,9.0,1223700.0,100
2023-05-10 21:06:20,ru2404,ru2404,13580.0,0.0,0.0,0.0,2,13580.0,13620.0,3,13420.0,13555.0,13620.0,13555.0,9.0,1223700.0,100
2023-05-10 21:06:20,ru2404,ru2404,13580.0,0.0,0.0,0.0,1,13585.0,13620.0,2,13420.0,13555.0,13620.0,13555.0,9.0,1223700.0,100
2023-05-10 21:06:22,ru2404,ru2404,13580.0,0.0,0.0,0.0,1,13585.0,13620.0,2,13420.0,13555.0,13620.0,13555.0,9.0,1223700.0,100
2023-05-10 21:06:22,ru2404,ru2404,13580.0,0.0,0.0,0.0,2,13590.0,13620.0,2,13420.0,13555.0,13620.0,13555.0,9.0,1223700.0,100
2023-05-10 21:06:23,ru2404,ru2404,13580.0,0.0,0.0,0.0,1,13595.0,13620.0,2,13420.0,13555.0,13620.0,13555.0,9.0,1223700.0,100
2023-05-10 21:06:23,ru2404,ru2404,13580.0,0.0,0.0,0.0,1,13595.0,13620.0,2,13420.0,13555.0,13620.0,13555.0,9.0,1223700.0,100
2023-05-10 21:06:25,ru2404,ru2404,13580.0,0.0,0.0,0.0,1,13595.0,13620.0,2,13420.0,13555.0,13620.0,13555.0,9.0,1223700.0,100
2023-05-10 21:06:25,ru2404,ru2404,13580.0,0.0,0.0,0.0,1,13600.0,13620.0,2,13420.0,13555.0,13620.0,13555.0,9.0,1223700.0,100
2023-05-10 21:06:26,ru2404,ru2404,13580.0,0.0,0.0,0.0,2,13600.0,13620.0,2,13420.0,13555.0,13620.0,13555.0,9.0,1223700.0,100
2023-05-10 21:06:27,ru2404,ru2404,13580.0,0.0,0.0,0.0,1,13600.0,13620.0,2,13420.0,13555.0,13620.0,13555.0,9.0,1223700.0,100
2023-05-10 21:06:28,ru2404,ru2404,13580.0,0.0,0.0,0.0,1,13590.0,13620.0,2,13420.0,13555.0,13620.0,13555.0,9.0,1223700.0,100
2023-05-10 21:06:28,ru2404,ru2404,13580.0,0.0,0.0,0.0,2,13595.0,13620.0,2,13420.0,13555.0,13620.0,13555.0,9.0,1223700.0,100
2023-05-10 21:06:29,ru2404,ru2404,13580.0,0.0,0.0,0.0,3,13595.0,13620.0,2,13420.0,13555.0,13620.0,13555.0,9.0,1223700.0,100
2023-05-10 21:06:31,ru2404,ru2404,13580.0,0.0,0.0,0.0,2,13595.0,13620.0,2,13420.0,13555.0,13620.0,13555.0,9.0,1223700.0,100
2023-05-10 21:06:31,ru2404,ru2404,13580.0,0.0,0.0,0.0,1,13600.0,13620.0,2,13420.0,13555.0,13620.0,13555.0,9.0,1223700.0,100
2023-05-10 21:06:32,ru2404,ru2404,13580.0,0.0,0.0,0.0,1,13600.0,13620.0,2,13420.0,13555.0,13620.0,13555.0,9.0,1223700.0,100
2023-05-10 21:06:34,ru2404,ru2404,13580.0,0.0,0.0,0.0,2,13545.0,13620.0,2,13420.0,13555.0,13620.0,13555.0,9.0,1223700.0,100
2023-05-10 21:06:34,ru2404,ru2404,13580.0,0.0,0.0,0.0,1,13590.0,13620.0,2,13420.0,13555.0,13620.0,13555.0,9.0,1223700.0,100
2023-05-10 21:06:35,ru2404,ru2404,13580.0,0.0,0.0,0.0,1,13595.0,13620.0,2,13420.0,13555.0,13620.0,13555.0,9.0,1223700.0,100
2023-05-10 21:06:35,ru2404,ru2404,13580.0,0.0,0.0,0.0,1,13595.0,13620.0,2,13420.0,13555.0,13620.0,13555.0,9.0,1223700.0,100
2023-05-10 21:06:37,ru2404,ru2404,13580.0,0.0,0.0,0.0,1,13595.0,13620.0,2,13420.0,13555.0,13620.0,13555.0,9.0,1223700.0,100
2023-05-10 21:06:37,ru2404,ru2404,13580.0,0.0,0.0,0.0,1,13600.0,13620.0,2,13420.0,13555.0,13620.0,13555.0,9.0,1223700.0,100
2023-05-10 21:06:38,ru2404,ru2404,13580.0,0.0,0.0,0.0,2,13600.0,13620.0,2,13420.0,13555.0,13620.0,13555.0,9.0,1223700.0,100
2023-05-10 21:06:38,ru2404,ru2404,13580.0,0.0,0.0,0.0,1,13605.0,13620.0,2,13420.0,13555.0,13620.0,13555.0,9.0,1223700.0,100
2023-05-10 21:06:39,ru2404,ru2404,13580.0,0.0,0.0,0.0,1,13605.0,13620.0,2,13420.0,13555.0,13620.0,13555.0,9.0,1223700.0,100
2023-05-10 21:06:39,ru2404,ru2404,13580.0,0.0,0.0,0.0,1,13605.0,13620.0,2,13420.0,13555.0,13620.0,13555.0,9.0,1223700.0,100
2023-05-10 21:06:40,ru2404,ru2404,13580.0,0.0,0.0,0.0,1,13605.0,13620.0,2,13420.0,13555.0,13620.0,13555.0,9.0,1223700.0,100
2023-05-10 21:06:40,ru2404,ru2404,13580.0,0.0,0.0,0.0,1,13610.0,13620.0,2,13420.0,13555.0,13620.0,13555.0,9.0,1223700.0,100
2023-05-10 21:06:41,ru2404,ru2404,13580.0,0.0,0.0,0.0,1,13610.0,13620.0,2,13420.0,13555.0,13620.0,13555.0,9.0,1223700.0,100
2023-05-10 21:06:41,ru2404,ru2404,13580.0,0.0,0.0,0.0,1,13610.0,13620.0,2,13420.0,13555.0,13620.0,13555.0,9.0,1223700.0,100
2023-05-10 21:06:42,ru2404,ru2404,13580.0,0.0,0.0,0.0,1,13610.0,13620.0,2,13420.0,13555.0,13620.0,13555.0,9.0,1223700.0,100
2023-05-10 21:06:42,ru2404,ru2404,13580.0,0.0,0.0,0.0,1,13550.0,13620.0,2,13420.0,13555.0,13620.0,13555.0,9.0,1223700.0,100
2023-05-10 21:06:43,ru2404,ru2404,13580.0,0.0,0.0,0.0,1,13595.0,13620.0,2,13420.0,13555.0,13620.0,13555.0,9.0,1223700.0,100
2023-05-10 21:06:43,ru2404,ru2404,13580.0,0.0,0.0,0.0,1,13600.0,13620.0,2,13420.0,13555.0,13620.0,13555.0,9.0,1223700.0,100
2023-05-10 21:06:44,ru2404,ru2404,13580.0,0.0,0.0,0.0,1,13600.0,13620.0,2,13420.0,13555.0,13620.0,13555.0,9.0,1223700.0,100
2023-05-10 21:06:45,ru2404,ru2404,13580.0,0.0,0.0,0.0,1,13600.0,13620.0,2,13420.0,13555.0,13620.0,13555.0,9.0,1223700.0,100
2023-05-10 21:06:46,ru2404,ru2404,13580.0,0.0,0.0,0.0,1,13605.0,13620.0,2,13420.0,13555.0,13620.0,13555.0,9.0,1223700.0,100
2023-05-10 21:06:46,ru2404,ru2404,13580.0,0.0,0.0,0.0,1,13605.0,13620.0,2,13420.0,13555.0,13620.0,13555.0,9.0,1223700.0,100
2023-05-10 21:06:48,ru2404,ru2404,13580.0,0.0,0.0,0.0,1,13605.0,13620.0,2,13420.0,13555.0,13620.0,13555.0,9.0,1223700.0,100
2023-05-10 21:06:48,ru2404,ru2404,13580.0,0.0,0.0,0.0,1,13550.0,13620.0,2,13420.0,13555.0,13620.0,13555.0,9.0,1223700.0,100
2023-05-10 21:06:49,ru2404,ru2404,13580.0,0.0,0.0,0.0,1,13585.0,13605.0,1,13420.0,13555.0,13620.0,13555.0,9.0,1223700.0,100
2023-05-10 21:06:49,ru2404,ru2404,13580.0,0.0,0.0,0.0,1,13590.0,13605.0,1,13420.0,13555.0,13620.0,13555.0,9.0,1223700.0,100
2023-05-10 21:06:50,ru2404,ru2404,13580.0,0.0,0.0,0.0,2,13590.0,13605.0,1,13420.0,13555.0,13620.0,13555.0,9.0,1223700.0,100
2023-05-10 21:06:50,ru2404,ru2404,13580.0,0.0,0.0,0.0,1,13590.0,13605.0,1,13420.0,13555.0,13620.0,13555.0,9.0,1223700.0,100
2023-05-10 21:06:51,ru2404,ru2404,13580.0,0.0,0.0,0.0,1,13590.0,13605.0,1,13420.0,13555.0,13620.0,13555.0,9.0,1223700.0,100
2023-05-10 21:06:52,ru2404,ru2404,13580.0,0.0,0.0,0.0,1,13595.0,13605.0,1,13420.0,13555.0,13620.0,13555.0,9.0,1223700.0,100
2023-05-10 21:06:52,ru2404,ru2404,13580.0,0.0,0.0,0.0,2,13595.0,13605.0,1,13420.0,13555.0,13620.0,13555.0,9.0,1223700.0,100
2023-05-10 21:06:54,ru2404,ru2404,13580.0,0.0,0.0,0.0,1,13595.0,13605.0,1,13420.0,13555.0,13620.0,13555.0,9.0,1223700.0,100
2023-05-10 21:06:55,ru2404,ru2404,13580.0,0.0,0.0,0.0,1,13600.0,13605.0,1,13420.0,13555.0,13620.0,13555.0,9.0,1223700.0,100
2023-05-10 21:06:55,ru2404,ru2404,13580.0,0.0,0.0,0.0,1,13600.0,13605.0,1,13420.0,13555.0,13620.0,13555.0,9.0,1223700.0,100
2023-05-10 21:06:57,ru2404,ru2404,13580.0,0.0,0.0,0.0,1,13600.0,13605.0,1,13420.0,13555.0,13620.0,13555.0,9.0,1223700.0,100
2023-05-10 21:06:57,ru2404,ru2404,13580.0,0.0,0.0,0.0,1,13550.0,13605.0,1,13420.0,13555.0,13620.0,13555.0,9.0,1223700.0,100
2023-05-10 21:06:58,ru2404,ru2404,13580.0,0.0,0.0,0.0,1,13580.0,13605.0,1,13420.0,13555.0,13620.0,13555.0,9.0,1223700.0,100
2023-05-10 21:06:58,ru2404,ru2404,13580.0,0.0,0.0,0.0,1,13585.0,13605.0,1,13420.0,13555.0,13620.0,13555.0,9.0,1223700.0,100
2023-05-10 21:06:59,ru2404,ru2404,13580.0,0.0,0.0,0.0,2,13585.0,13605.0,1,13420.0,13555.0,13620.0,13555.0,9.0,1223700.0,100
2023-05-10 21:07:00,ru2404,ru2404,13580.0,0.0,0.0,0.0,1,13585.0,13605.0,1,13420.0,13555.0,13620.0,13555.0,9.0,1223700.0,100
2023-05-10 21:07:01,ru2404,ru2404,13580.0,0.0,0.0,0.0,1,13590.0,13605.0,1,13420.0,13555.0,13620.0,13555.0,9.0,1223700.0,100
2023-05-10 21:07:01,ru2404,ru2404,13580.0,0.0,0.0,0.0,1,13590.0,13605.0,1,13420.0,13555.0,13620.0,13555.0,9.0,1223700.0,100
2023-05-10 21:07:02,ru2404,ru2404,13580.0,0.0,0.0,0.0,1,13590.0,13605.0,1,13420.0,13555.0,13620.0,13555.0,9.0,1223700.0,100
2023-05-10 21:07:02,ru2404,ru2404,13580.0,0.0,0.0,0.0,1,13590.0,13605.0,1,13420.0,13555.0,13620.0,13555.0,9.0,1223700.0,100
2023-05-10 21:07:03,ru2404,ru2404,13580.0,0.0,0.0,0.0,1,13550.0,13605.0,1,13420.0,13555.0,13620.0,13555.0,9.0,1223700.0,100
2023-05-10 21:07:04,ru2404,ru2404,13580.0,0.0,0.0,0.0,1,13590.0,13605.0,1,13420.0,13555.0,13620.0,13555.0,9.0,1223700.0,100
2023-05-10 21:07:04,ru2404,ru2404,13580.0,0.0,0.0,0.0,1,13590.0,13605.0,1,13420.0,13555.0,13620.0,13555.0,9.0,1223700.0,100
2023-05-10 21:07:05,ru2404,ru2404,13580.0,0.0,0.0,0.0,1,13590.0,13605.0,1,13420.0,13555.0,13620.0,13555.0,9.0,1223700.0,100
2023-05-10 21:07:06,ru2404,ru2404,13580.0,0.0,0.0,0.0,1,13590.0,13605.0,1,13420.0,13555.0,13620.0,13555.0,9.0,1223700.0,100
2023-05-10 21:07:06,ru2404,ru2404,13580.0,0.0,0.0,0.0,1,13550.0,13605.0,1,13420.0,13555.0,13620.0,13555.0,9.0,1223700.0,100
2023-05-10 21:07:07,ru2404,ru2404,13580.0,0.0,0.0,0.0,1,13580.0,13605.0,1,13420.0,13555.0,13620.0,13555.0,9.0,1223700.0,100
2023-05-10 21:07:07,ru2404,ru2404,13580.0,0.0,0.0,0.0,1,13585.0,13605.0,1,13420.0,13555.0,13620.0,13555.0,9.0,1223700.0,100
2023-05-10 21:07:08,ru2404,ru2404,13580.0,0.0,0.0,0.0,1,13585.0,13605.0,1,13420.0,13555.0,13620.0,13555.0,9.0,1223700.0,100
2023-05-10 21:07:09,ru2404,ru2404,13580.0,0.0,0.0,0.0,1,13585.0,13605.0,1,13420.0,13555.0,13620.0,13555.0,9.0,1223700.0,100
2023-05-10 21:07:10,ru2404,ru2404,13580.0,0.0,0.0,0.0,1,13590.0,13605.0,1,13420.0,13555.0,13620.0,13555.0,9.0,1223700.0,100
2023-05-10 21:07:10,ru2404,ru2404,13580.0,0.0,0.0,0.0,1,13590.0,13605.0,1,13420.0,13555.0,13620.0,13555.0,9.0,1223700.0,100
2023-05-10 21:07:11,ru2404,ru2404,13580.0,0.0,0.0,0.0,1,13590.0,13605.0,1,13420.0,13555.0,13620.0,13555.0,9.0,1223700.0,100
2023-05-10 21:07:12,ru2404,ru2404,13580.0,0.0,0.0,0.0,2,13590.0,13605.0,1,13420.0,13555.0,13620.0,13555.0,9.0,1223700.0,100
2023-05-10 21:07:12,ru2404,ru2404,13580.0,0.0,0.0,0.0,1,13590.0,13605.0,1,13420.0,13555.0,13620.0,13555.0,9.0,1223700.0,100
2023-05-10 21:07:13,ru2404,ru2404,13580.0,0.0,0.0,0.0,1,13595.0,13605.0,1,13420.0,13555.0,13620.0,13555.0,9.0,1223700.0,100
2023-05-10 21:07:13,ru2404,ru2404,13580.0,0.0,0.0,0.0,1,13595.0,13605.0,1,13420.0,13555.0,13620.0,13555.0,9.0,1223700.0,100
2023-05-10 21:07:14,ru2404,ru2404,13580.0,0.0,0.0,0.0,2,13595.0,13605.0,1,13420.0,13555.0,13620.0,13555.0,9.0,1223700.0,100
2023-05-10 21:07:15,ru2404,ru2404,13580.0,0.0,0.0,0.0,1,13595.0,13605.0,1,13420.0,13555.0,13620.0,13555.0,9.0,1223700.0,100
2023-05-10 21:07:16,ru2404,ru2404,13580.0,0.0,0.0,0.0,2,13600.0,13605.0,1,13420.0,13555.0,13620.0,13555.0,9.0,1223700.0,100
2023-05-10 21:07:16,ru2404,ru2404,13580.0,0.0,0.0,0.0,2,13600.0,13605.0,1,13420.0,13555.0,13620.0,13555.0,9.0,1223700.0,100
2023-05-10 21:07:18,ru2404,ru2404,13580.0,0.0,0.0,0.0,2,13600.0,13605.0,1,13420.0,13555.0,13620.0,13555.0,9.0,1223700.0,100
2023-05-10 21:07:18,ru2404,ru2404,13605.0,1.0,136050.0,0.0,2,13555.0,13620.0,2,13420.0,13555.0,13620.0,13555.0,10.0,1359750.0,100
2023-05-10 21:07:19,ru2404,ru2404,13605.0,0.0,0.0,0.0,1,13590.0,13620.0,2,13420.0,13555.0,13620.0,13555.0,10.0,1359750.0,100
2023-05-10 21:07:19,ru2404,ru2404,13605.0,0.0,0.0,0.0,1,13600.0,13620.0,2,13420.0,13555.0,13620.0,13555.0,10.0,1359750.0,100
2023-05-10 21:07:20,ru2404,ru2404,13605.0,0.0,0.0,0.0,2,13600.0,13620.0,2,13420.0,13555.0,13620.0,13555.0,10.0,1359750.0,100
2023-05-10 21:07:21,ru2404,ru2404,13605.0,0.0,0.0,0.0,1,13600.0,13620.0,2,13420.0,13555.0,13620.0,13555.0,10.0,1359750.0,100
2023-05-10 21:07:22,ru2404,ru2404,13605.0,0.0,0.0,0.0,1,13605.0,13620.0,2,13420.0,13555.0,13620.0,13555.0,10.0,1359750.0,100
2023-05-10 21:07:22,ru2404,ru2404,13605.0,0.0,0.0,0.0,1,13605.0,13620.0,2,13420.0,13555.0,13620.0,13555.0,10.0,1359750.0,100
2023-05-10 21:07:24,ru2404,ru2404,13605.0,0.0,0.0,0.0,1,13560.0,13620.0,2,13420.0,13555.0,13620.0,13555.0,10.0,1359750.0,100
2023-05-10 21:07:25,ru2404,ru2404,13605.0,0.0,0.0,0.0,1,13590.0,13620.0,2,13420.0,13555.0,13620.0,13555.0,10.0,1359750.0,100
2023-05-10 21:07:25,ru2404,ru2404,13605.0,0.0,0.0,0.0,1,13595.0,13620.0,2,13420.0,13555.0,13620.0,13555.0,10.0,1359750.0,100
2023-05-10 21:07:26,ru2404,ru2404,13605.0,0.0,0.0,0.0,1,13595.0,13620.0,2,13420.0,13555.0,13620.0,13555.0,10.0,1359750.0,100
2023-05-10 21:07:27,ru2404,ru2404,13605.0,0.0,0.0,0.0,1,13595.0,13620.0,2,13420.0,13555.0,13620.0,13555.0,10.0,1359750.0,100
2023-05-10 21:07:28,ru2404,ru2404,13605.0,0.0,0.0,0.0,1,13600.0,13620.0,2,13420.0,13555.0,13620.0,13555.0,10.0,1359750.0,100
2023-05-10 21:07:28,ru2404,ru2404,13605.0,0.0,0.0,0.0,2,13600.0,13620.0,2,13420.0,13555.0,13620.0,13555.0,10.0,1359750.0,100
2023-05-10 21:07:30,ru2404,ru2404,13605.0,0.0,0.0,0.0,1,13560.0,13620.0,2,13420.0,13555.0,13620.0,13555.0,10.0,1359750.0,100
2023-05-10 21:07:31,ru2404,ru2404,13605.0,0.0,0.0,0.0,1,13585.0,13620.0,2,13420.0,13555.0,13620.0,13555.0,10.0,1359750.0,100
2023-05-10 21:07:31,ru2404,ru2404,13605.0,0.0,0.0,0.0,1,13590.0,13620.0,2,13420.0,13555.0,13620.0,13555.0,10.0,1359750.0,100
2023-05-10 21:07:32,ru2404,ru2404,13605.0,0.0,0.0,0.0,2,13590.0,13620.0,2,13420.0,13555.0,13620.0,13555.0,10.0,1359750.0,100
2023-05-10 21:07:34,ru2404,ru2404,13605.0,0.0,0.0,0.0,2,13590.0,13620.0,2,13420.0,13555.0,13620.0,13555.0,10.0,1359750.0,100
2023-05-10 21:07:34,ru2404,ru2404,13605.0,0.0,0.0,0.0,1,13595.0,13620.0,2,13420.0,13555.0,13620.0,13555.0,10.0,1359750.0,100
2023-05-10 21:07:35,ru2404,ru2404,13605.0,0.0,0.0,0.0,2,13595.0,13620.0,2,13420.0,13555.0,13620.0,13555.0,10.0,1359750.0,100
2023-05-10 21:07:35,ru2404,ru2404,13605.0,0.0,0.0,0.0,1,13600.0,13620.0,2,13420.0,13555.0,13620.0,13555.0,10.0,1359750.0,100
2023-05-10 21:07:37,ru2404,ru2404,13605.0,0.0,0.0,0.0,1,13600.0,13620.0,2,13420.0,13555.0,13620.0,13555.0,10.0,1359750.0,100
2023-05-10 21:07:37,ru2404,ru2404,13605.0,0.0,0.0,0.0,1,13605.0,13620.0,2,13420.0,13555.0,13620.0,13555.0,10.0,1359750.0,100
2023-05-10 21:07:38,ru2404,ru2404,13605.0,0.0,0.0,0.0,1,13605.0,13620.0,2,13420.0,13555.0,13620.0,13555.0,10.0,1359750.0,100
2023-05-10 21:07:40,ru2404,ru2404,13605.0,0.0,0.0,0.0,1,13560.0,13620.0,2,13420.0,13555.0,13620.0,13555.0,10.0,1359750.0,100
2023-05-10 21:07:40,ru2404,ru2404,13605.0,0.0,0.0,0.0,1,13590.0,13620.0,2,13420.0,13555.0,13620.0,13555.0,10.0,1359750.0,100
2023-05-10 21:07:41,ru2404,ru2404,13605.0,0.0,0.0,0.0,1,13595.0,13620.0,2,13420.0,13555.0,13620.0,13555.0,10.0,1359750.0,100
2023-05-10 21:07:41,ru2404,ru2404,13605.0,0.0,0.0,0.0,1,13595.0,13620.0,2,13420.0,13555.0,13620.0,13555.0,10.0,1359750.0,100
2023-05-10 21:07:43,ru2404,ru2404,13605.0,0.0,0.0,0.0,1,13595.0,13620.0,2,13420.0,13555.0,13620.0,13555.0,10.0,1359750.0,100
2023-05-10 21:07:43,ru2404,ru2404,13605.0,0.0,0.0,0.0,1,13600.0,13620.0,2,13420.0,13555.0,13620.0,13555.0,10.0,1359750.0,100
2023-05-10 21:07:44,ru2404,ru2404,13605.0,0.0,0.0,0.0,2,13600.0,13620.0,2,13420.0,13555.0,13620.0,13555.0,10.0,1359750.0,100
2023-05-10 21:07:44,ru2404,ru2404,13605.0,0.0,0.0,0.0,2,13600.0,13620.0,2,13420.0,13555.0,13620.0,13555.0,10.0,1359750.0,100
2023-05-10 21:07:46,ru2404,ru2404,13605.0,0.0,0.0,0.0,1,13600.0,13620.0,2,13420.0,13555.0,13620.0,13555.0,10.0,1359750.0,100
2023-05-10 21:07:46,ru2404,ru2404,13605.0,0.0,0.0,0.0,1,13605.0,13620.0,2,13420.0,13555.0,13620.0,13555.0,10.0,1359750.0,100
2023-05-10 21:07:47,ru2404,ru2404,13605.0,0.0,0.0,0.0,1,13605.0,13620.0,2,13420.0,13555.0,13620.0,13555.0,10.0,1359750.0,100
2023-05-10 21:07:49,ru2404,ru2404,13605.0,0.0,0.0,0.0,1,13560.0,13620.0,2,13420.0,13555.0,13620.0,13555.0,10.0,1359750.0,100
2023-05-10 21:07:49,ru2404,ru2404,13605.0,0.0,0.0,0.0,1,13590.0,13620.0,2,13420.0,13555.0,13620.0,13555.0,10.0,1359750.0,100
2023-05-10 21:07:50,ru2404,ru2404,13605.0,0.0,0.0,0.0,1,13595.0,13620.0,2,13420.0,13555.0,13620.0,13555.0,10.0,1359750.0,100
2023-05-10 21:07:50,ru2404,ru2404,13605.0,0.0,0.0,0.0,1,13595.0,13620.0,2,13420.0,13555.0,13620.0,13555.0,10.0,1359750.0,100
2023-05-10 21:07:52,ru2404,ru2404,13605.0,0.0,0.0,0.0,1,13595.0,13620.0,2,13420.0,13555.0,13620.0,13555.0,10.0,1359750.0,100
2023-05-10 21:07:52,ru2404,ru2404,13605.0,0.0,0.0,0.0,1,13600.0,13620.0,2,13420.0,13555.0,13620.0,13555.0,10.0,1359750.0,100
2023-05-10 21:07:53,ru2404,ru2404,13605.0,0.0,0.0,0.0,2,13600.0,13620.0,2,13420.0,13555.0,13620.0,13555.0,10.0,1359750.0,100
2023-05-10 21:07:54,ru2404,ru2404,13605.0,0.0,0.0,0.0,1,13605.0,13620.0,2,13420.0,13555.0,13620.0,13555.0,10.0,1359750.0,100
2023-05-10 21:07:54,ru2404,ru2404,13605.0,0.0,0.0,0.0,1,13600.0,13620.0,2,13420.0,13555.0,13620.0,13555.0,10.0,1359750.0,100
2023-05-10 21:07:55,ru2404,ru2404,13605.0,0.0,0.0,0.0,1,13605.0,13620.0,2,13420.0,13555.0,13620.0,13555.0,10.0,1359750.0,100
2023-05-10 21:07:56,ru2404,ru2404,13605.0,0.0,0.0,0.0,1,13605.0,13620.0,2,13420.0,13555.0,13620.0,13555.0,10.0,1359750.0,100
2023-05-10 21:07:58,ru2404,ru2404,13605.0,0.0,0.0,0.0,1,13560.0,13620.0,2,13420.0,13555.0,13620.0,13555.0,10.0,1359750.0,100
2023-05-10 21:07:59,ru2404,ru2404,13605.0,0.0,0.0,0.0,1,13595.0,13620.0,2,13420.0,13555.0,13620.0,13555.0,10.0,1359750.0,100
2023-05-10 21:07:59,ru2404,ru2404,13605.0,0.0,0.0,0.0,1,13600.0,13620.0,2,13420.0,13555.0,13620.0,13555.0,10.0,1359750.0,100
2023-05-10 21:08:00,ru2404,ru2404,13605.0,0.0,0.0,0.0,1,13600.0,13620.0,2,13420.0,13555.0,13620.0,13555.0,10.0,1359750.0,100
2023-05-10 21:08:02,ru2404,ru2404,13605.0,0.0,0.0,0.0,1,13600.0,13620.0,2,13420.0,13555.0,13620.0,13555.0,10.0,1359750.0,100
2023-05-10 21:08:02,ru2404,ru2404,13605.0,0.0,0.0,0.0,1,13605.0,13620.0,2,13420.0,13555.0,13620.0,13555.0,10.0,1359750.0,100
2023-05-10 21:08:03,ru2404,ru2404,13605.0,0.0,0.0,0.0,1,13605.0,13620.0,2,13420.0,13555.0,13620.0,13555.0,10.0,1359750.0,100
2023-05-10 21:08:03,ru2404,ru2404,13605.0,0.0,0.0,0.0,1,13605.0,13620.0,2,13420.0,13555.0,13620.0,13555.0,10.0,1359750.0,100
2023-05-10 21:08:05,ru2404,ru2404,13605.0,0.0,0.0,0.0,1,13560.0,13620.0,2,13420.0,13555.0,13620.0,13555.0,10.0,1359750.0,100
2023-05-10 21:08:05,ru2404,ru2404,13605.0,0.0,0.0,0.0,1,13595.0,13620.0,2,13420.0,13555.0,13620.0,13555.0,10.0,1359750.0,100
2023-05-10 21:08:06,ru2404,ru2404,13605.0,0.0,0.0,0.0,1,13600.0,13620.0,2,13420.0,13555.0,13620.0,13555.0,10.0,1359750.0,100
2023-05-10 21:08:06,ru2404,ru2404,13605.0,0.0,0.0,0.0,1,13600.0,13620.0,2,13420.0,13555.0,13620.0,13555.0,10.0,1359750.0,100
2023-05-10 21:08:08,ru2404,ru2404,13605.0,0.0,0.0,0.0,1,13600.0,13620.0,2,13420.0,13555.0,13620.0,13555.0,10.0,1359750.0,100
2023-05-10 21:08:08,ru2404,ru2404,13605.0,0.0,0.0,0.0,1,13605.0,13620.0,2,13420.0,13555.0,13620.0,13555.0,10.0,1359750.0,100
2023-05-10 21:08:09,ru2404,ru2404,13605.0,0.0,0.0,0.0,1,13605.0,13620.0,2,13420.0,13555.0,13620.0,13555.0,10.0,1359750.0,100
2023-05-10 21:08:11,ru2404,ru2404,13605.0,0.0,0.0,0.0,1,13560.0,13620.0,2,13420.0,13555.0,13620.0,13555.0,10.0,1359750.0,100
2023-05-10 21:08:11,ru2404,ru2404,13605.0,0.0,0.0,0.0,1,13590.0,13620.0,2,13420.0,13555.0,13620.0,13555.0,10.0,1359750.0,100
2023-05-10 21:08:12,ru2404,ru2404,13605.0,0.0,0.0,0.0,1,13595.0,13620.0,2,13420.0,13555.0,13620.0,13555.0,10.0,1359750.0,100
2023-05-10 21:08:12,ru2404,ru2404,13605.0,0.0,0.0,0.0,1,13595.0,13620.0,2,13420.0,13555.0,13620.0,13555.0,10.0,1359750.0,100
2023-05-10 21:08:14,ru2404,ru2404,13605.0,0.0,0.0,0.0,1,13595.0,13620.0,2,13420.0,13555.0,13620.0,13555.0,10.0,1359750.0,100
2023-05-10 21:08:14,ru2404,ru2404,13605.0,0.0,0.0,0.0,1,13600.0,13620.0,2,13420.0,13555.0,13620.0,13555.0,10.0,1359750.0,100
2023-05-10 21:08:15,ru2404,ru2404,13605.0,0.0,0.0,0.0,1,13600.0,13620.0,2,13420.0,13555.0,13620.0,13555.0,10.0,1359750.0,100
2023-05-10 21:08:17,ru2404,ru2404,13605.0,0.0,0.0,0.0,1,13560.0,13620.0,2,13420.0,13555.0,13620.0,13555.0,10.0,1359750.0,100
2023-05-10 21:08:17,ru2404,ru2404,13605.0,0.0,0.0,0.0,1,13590.0,13620.0,2,13420.0,13555.0,13620.0,13555.0,10.0,1359750.0,100
2023-05-10 21:08:18,ru2404,ru2404,13605.0,0.0,0.0,0.0,1,13595.0,13620.0,2,13420.0,13555.0,13620.0,13555.0,10.0,1359750.0,100
2023-05-10 21:08:18,ru2404,ru2404,13605.0,0.0,0.0,0.0,1,13595.0,13620.0,2,13420.0,13555.0,13620.0,13555.0,10.0,1359750.0,100
2023-05-10 21:08:22,ru2404,ru2404,13605.0,0.0,0.0,0.0,1,13595.0,13620.0,2,13420.0,13555.0,13620.0,13555.0,10.0,1359750.0,100
2023-05-10 21:08:23,ru2404,ru2404,13605.0,0.0,0.0,0.0,1,13600.0,13620.0,2,13420.0,13555.0,13620.0,13555.0,10.0,1359750.0,100
2023-05-10 21:08:23,ru2404,ru2404,13605.0,0.0,0.0,0.0,1,13600.0,13620.0,2,13420.0,13555.0,13620.0,13555.0,10.0,1359750.0,100
2023-05-10 21:08:24,ru2404,ru2404,13605.0,0.0,0.0,0.0,1,13600.0,13620.0,2,13420.0,13555.0,13620.0,13555.0,10.0,1359750.0,100
2023-05-10 21:08:24,ru2404,ru2404,13605.0,0.0,0.0,0.0,1,13600.0,13620.0,2,13420.0,13555.0,13620.0,13555.0,10.0,1359750.0,100
2023-05-10 21:08:25,ru2404,ru2404,13605.0,0.0,0.0,0.0,1,13600.0,13620.0,2,13420.0,13555.0,13620.0,13555.0,10.0,1359750.0,100
2023-05-10 21:08:26,ru2404,ru2404,13605.0,0.0,0.0,0.0,1,13605.0,13620.0,2,13420.0,13555.0,13620.0,13555.0,10.0,1359750.0,100
2023-05-10 21:08:26,ru2404,ru2404,13605.0,0.0,0.0,0.0,1,13605.0,13620.0,2,13420.0,13555.0,13620.0,13555.0,10.0,1359750.0,100
2023-05-10 21:08:29,ru2404,ru2404,13605.0,0.0,0.0,0.0,1,13610.0,13620.0,2,13420.0,13555.0,13620.0,13555.0,10.0,1359750.0,100
2023-05-10 21:08:30,ru2404,ru2404,13605.0,0.0,0.0,0.0,1,13610.0,13620.0,2,13420.0,13555.0,13620.0,13555.0,10.0,1359750.0,100
2023-05-10 21:08:32,ru2404,ru2404,13605.0,0.0,0.0,0.0,1,13560.0,13620.0,2,13420.0,13555.0,13620.0,13555.0,10.0,1359750.0,100
2023-05-10 21:08:32,ru2404,ru2404,13605.0,0.0,0.0,0.0,1,13600.0,13620.0,2,13420.0,13555.0,13620.0,13555.0,10.0,1359750.0,100
2023-05-10 21:08:33,ru2404,ru2404,13605.0,0.0,0.0,0.0,1,13605.0,13620.0,2,13420.0,13555.0,13620.0,13555.0,10.0,1359750.0,100
2023-05-10 21:08:33,ru2404,ru2404,13605.0,0.0,0.0,0.0,1,13605.0,13620.0,2,13420.0,13555.0,13620.0,13555.0,10.0,1359750.0,100
2023-05-10 21:08:34,ru2404,ru2404,13605.0,0.0,0.0,0.0,2,13605.0,13620.0,2,13420.0,13555.0,13620.0,13555.0,10.0,1359750.0,100
2023-05-10 21:08:35,ru2404,ru2404,13605.0,0.0,0.0,0.0,2,13605.0,13620.0,2,13420.0,13555.0,13620.0,13555.0,10.0,1359750.0,100
2023-05-10 21:08:35,ru2404,ru2404,13605.0,0.0,0.0,0.0,1,13610.0,13620.0,2,13420.0,13555.0,13620.0,13555.0,10.0,1359750.0,100
2023-05-10 21:08:36,ru2404,ru2404,13605.0,0.0,0.0,0.0,1,13610.0,13620.0,2,13420.0,13555.0,13620.0,13555.0,10.0,1359750.0,100
2023-05-10 21:08:36,ru2404,ru2404,13605.0,0.0,0.0,0.0,2,13610.0,13620.0,2,13420.0,13555.0,13620.0,13555.0,10.0,1359750.0,100
2023-05-10 21:08:37,ru2404,ru2404,13605.0,0.0,0.0,0.0,2,13610.0,13620.0,2,13420.0,13555.0,13620.0,13555.0,10.0,1359750.0,100
2023-05-10 21:08:38,ru2404,ru2404,13605.0,0.0,0.0,0.0,1,13610.0,13620.0,2,13420.0,13555.0,13620.0,13555.0,10.0,1359750.0,100
2023-05-10 21:08:38,ru2404,ru2404,13605.0,0.0,0.0,0.0,1,13615.0,13620.0,2,13420.0,13555.0,13620.0,13555.0,10.0,1359750.0,100
2023-05-10 21:08:39,ru2404,ru2404,13605.0,0.0,0.0,0.0,1,13615.0,13620.0,2,13420.0,13555.0,13620.0,13555.0,10.0,1359750.0,100
2023-05-10 21:08:40,ru2404,ru2404,13605.0,0.0,0.0,0.0,1,13615.0,13620.0,2,13420.0,13555.0,13620.0,13555.0,10.0,1359750.0,100
2023-05-10 21:08:41,ru2404,ru2404,13605.0,0.0,0.0,0.0,1,13615.0,13620.0,2,13420.0,13555.0,13620.0,13555.0,10.0,1359750.0,100
2023-05-10 21:08:41,ru2404,ru2404,13605.0,0.0,0.0,0.0,1,13560.0,13620.0,2,13420.0,13555.0,13620.0,13555.0,10.0,1359750.0,100
2023-05-10 21:08:42,ru2404,ru2404,13605.0,0.0,0.0,0.0,2,13600.0,13620.0,2,13420.0,13555.0,13620.0,13555.0,10.0,1359750.0,100
2023-05-10 21:08:42,ru2404,ru2404,13605.0,0.0,0.0,0.0,2,13605.0,13620.0,2,13420.0,13555.0,13620.0,13555.0,10.0,1359750.0,100
2023-05-10 21:08:43,ru2404,ru2404,13605.0,0.0,0.0,0.0,2,13605.0,13620.0,2,13420.0,13555.0,13620.0,13555.0,10.0,1359750.0,100
2023-05-10 21:08:45,ru2404,ru2404,13605.0,0.0,0.0,0.0,1,13605.0,13620.0,2,13420.0,13555.0,13620.0,13555.0,10.0,1359750.0,100
2023-05-10 21:08:45,ru2404,ru2404,13605.0,0.0,0.0,0.0,1,13610.0,13620.0,2,13420.0,13555.0,13620.0,13555.0,10.0,1359750.0,100
2023-05-10 21:08:46,ru2404,ru2404,13605.0,0.0,0.0,0.0,2,13610.0,13620.0,2,13420.0,13555.0,13620.0,13555.0,10.0,1359750.0,100
2023-05-10 21:08:46,ru2404,ru2404,13605.0,0.0,0.0,0.0,1,13610.0,13620.0,2,13420.0,13555.0,13620.0,13555.0,10.0,1359750.0,100
2023-05-10 21:08:47,ru2404,ru2404,13605.0,0.0,0.0,0.0,2,13610.0,13620.0,2,13420.0,13555.0,13620.0,13555.0,10.0,1359750.0,100
2023-05-10 21:08:47,ru2404,ru2404,13605.0,0.0,0.0,0.0,1,13610.0,13620.0,2,13420.0,13555.0,13620.0,13555.0,10.0,1359750.0,100
2023-05-10 21:08:48,ru2404,ru2404,13605.0,0.0,0.0,0.0,1,13560.0,13620.0,2,13420.0,13555.0,13620.0,13555.0,10.0,1359750.0,100
2023-05-10 21:08:48,ru2404,ru2404,13605.0,0.0,0.0,0.0,1,13595.0,13620.0,2,13420.0,13555.0,13620.0,13555.0,10.0,1359750.0,100
2023-05-10 21:08:49,ru2404,ru2404,13605.0,0.0,0.0,0.0,1,13600.0,13620.0,2,13420.0,13555.0,13620.0,13555.0,10.0,1359750.0,100
2023-05-10 21:08:49,ru2404,ru2404,13605.0,0.0,0.0,0.0,1,13600.0,13620.0,2,13420.0,13555.0,13620.0,13555.0,10.0,1359750.0,100
2023-05-10 21:08:51,ru2404,ru2404,13605.0,0.0,0.0,0.0,1,13600.0,13620.0,2,13420.0,13555.0,13620.0,13555.0,10.0,1359750.0,100
2023-05-10 21:08:51,ru2404,ru2404,13605.0,0.0,0.0,0.0,1,13605.0,13620.0,2,13420.0,13555.0,13620.0,13555.0,10.0,1359750.0,100
2023-05-10 21:08:52,ru2404,ru2404,13605.0,0.0,0.0,0.0,2,13605.0,13620.0,2,13420.0,13555.0,13620.0,13555.0,10.0,1359750.0,100
2023-05-10 21:08:52,ru2404,ru2404,13605.0,0.0,0.0,0.0,1,13610.0,13620.0,2,13420.0,13555.0,13620.0,13555.0,10.0,1359750.0,100
2023-05-10 21:08:54,ru2404,ru2404,13605.0,0.0,0.0,0.0,1,13610.0,13620.0,2,13420.0,13555.0,13620.0,13555.0,10.0,1359750.0,100
2023-05-10 21:08:54,ru2404,ru2404,13605.0,0.0,0.0,0.0,1,13615.0,13620.0,2,13420.0,13555.0,13620.0,13555.0,10.0,1359750.0,100
2023-05-10 21:08:55,ru2404,ru2404,13605.0,0.0,0.0,0.0,1,13615.0,13620.0,2,13420.0,13555.0,13620.0,13555.0,10.0,1359750.0,100
2023-05-10 21:08:57,ru2404,ru2404,13605.0,0.0,0.0,0.0,1,13560.0,13620.0,2,13420.0,13555.0,13620.0,13555.0,10.0,1359750.0,100
2023-05-10 21:08:57,ru2404,ru2404,13605.0,0.0,0.0,0.0,1,13600.0,13620.0,2,13420.0,13555.0,13620.0,13555.0,10.0,1359750.0,100
2023-05-10 21:08:58,ru2404,ru2404,13605.0,0.0,0.0,0.0,1,13605.0,13620.0,2,13420.0,13555.0,13620.0,13555.0,10.0,1359750.0,100
2023-05-10 21:08:58,ru2404,ru2404,13605.0,0.0,0.0,0.0,1,13605.0,13620.0,2,13420.0,13555.0,13620.0,13555.0,10.0,1359750.0,100
2023-05-10 21:09:00,ru2404,ru2404,13605.0,0.0,0.0,0.0,1,13605.0,13620.0,2,13420.0,13555.0,13620.0,13555.0,10.0,1359750.0,100
2023-05-10 21:09:00,ru2404,ru2404,13605.0,0.0,0.0,0.0,1,13610.0,13620.0,2,13420.0,13555.0,13620.0,13555.0,10.0,1359750.0,100
2023-05-10 21:09:01,ru2404,ru2404,13605.0,0.0,0.0,0.0,1,13610.0,13620.0,2,13420.0,13555.0,13620.0,13555.0,10.0,1359750.0,100
2023-05-10 21:09:02,ru2404,ru2404,13605.0,0.0,0.0,0.0,1,13610.0,13620.0,2,13420.0,13555.0,13620.0,13555.0,10.0,1359750.0,100
2023-05-10 21:09:03,ru2404,ru2404,13605.0,0.0,0.0,0.0,1,13610.0,13620.0,2,13420.0,13555.0,13620.0,13555.0,10.0,1359750.0,100
2023-05-10 21:09:03,ru2404,ru2404,13605.0,0.0,0.0,0.0,1,13560.0,13620.0,2,13420.0,13555.0,13620.0,13555.0,10.0,1359750.0,100
2023-05-10 21:09:04,ru2404,ru2404,13605.0,0.0,0.0,0.0,1,13600.0,13620.0,2,13420.0,13555.0,13620.0,13555.0,10.0,1359750.0,100
2023-05-10 21:09:04,ru2404,ru2404,13605.0,0.0,0.0,0.0,1,13605.0,13620.0,2,13420.0,13555.0,13620.0,13555.0,10.0,1359750.0,100
2023-05-10 21:09:05,ru2404,ru2404,13605.0,0.0,0.0,0.0,1,13605.0,13620.0,2,13420.0,13555.0,13620.0,13555.0,10.0,1359750.0,100
2023-05-10 21:09:07,ru2404,ru2404,13605.0,0.0,0.0,0.0,1,13605.0,13620.0,2,13420.0,13555.0,13620.0,13555.0,10.0,1359750.0,100
2023-05-10 21:09:07,ru2404,ru2404,13605.0,0.0,0.0,0.0,1,13610.0,13620.0,2,13420.0,13555.0,13620.0,13555.0,10.0,1359750.0,100
2023-05-10 21:09:08,ru2404,ru2404,13605.0,0.0,0.0,0.0,1,13610.0,13620.0,2,13420.0,13555.0,13620.0,13555.0,10.0,1359750.0,100
2023-05-10 21:09:08,ru2404,ru2404,13605.0,0.0,0.0,0.0,2,13610.0,13620.0,2,13420.0,13555.0,13620.0,13555.0,10.0,1359750.0,100
2023-05-10 21:09:09,ru2404,ru2404,13605.0,0.0,0.0,0.0,1,13610.0,13620.0,2,13420.0,13555.0,13620.0,13555.0,10.0,1359750.0,100
2023-05-10 21:09:09,ru2404,ru2404,13605.0,0.0,0.0,0.0,1,13610.0,13620.0,2,13420.0,13555.0,13620.0,13555.0,10.0,1359750.0,100
2023-05-10 21:09:10,ru2404,ru2404,13605.0,0.0,0.0,0.0,1,13560.0,13620.0,2,13420.0,13555.0,13620.0,13555.0,10.0,1359750.0,100
2023-05-10 21:09:10,ru2404,ru2404,13605.0,0.0,0.0,0.0,1,13600.0,13620.0,2,13420.0,13555.0,13620.0,13555.0,10.0,1359750.0,100
2023-05-10 21:09:11,ru2404,ru2404,13605.0,0.0,0.0,0.0,1,13605.0,13620.0,2,13420.0,13555.0,13620.0,13555.0,10.0,1359750.0,100
2023-05-10 21:09:11,ru2404,ru2404,13605.0,0.0,0.0,0.0,2,13605.0,13620.0,2,13420.0,13555.0,13620.0,13555.0,10.0,1359750.0,100
2023-05-10 21:09:12,ru2404,ru2404,13605.0,0.0,0.0,0.0,1,13605.0,13620.0,2,13420.0,13555.0,13620.0,13555.0,10.0,1359750.0,100
2023-05-10 21:09:12,ru2404,ru2404,13605.0,0.0,0.0,0.0,2,13605.0,13620.0,2,13420.0,13555.0,13620.0,13555.0,10.0,1359750.0,100
2023-05-10 21:09:13,ru2404,ru2404,13605.0,0.0,0.0,0.0,1,13605.0,13620.0,2,13420.0,13555.0,13620.0,13555.0,10.0,1359750.0,100
2023-05-10 21:09:13,ru2404,ru2404,13605.0,0.0,0.0,0.0,1,13610.0,13620.0,2,13420.0,13555.0,13620.0,13555.0,10.0,1359750.0,100
2023-05-10 21:09:14,ru2404,ru2404,13605.0,0.0,0.0,0.0,1,13610.0,13620.0,2,13420.0,13555.0,13620.0,13555.0,10.0,1359750.0,100
2023-05-10 21:09:14,ru2404,ru2404,13605.0,0.0,0.0,0.0,2,13610.0,13620.0,2,13420.0,13555.0,13620.0,13555.0,10.0,1359750.0,100
2023-05-10 21:09:15,ru2404,ru2404,13605.0,0.0,0.0,0.0,2,13610.0,13620.0,2,13420.0,13555.0,13620.0,13555.0,10.0,1359750.0,100
2023-05-10 21:09:15,ru2404,ru2404,13605.0,0.0,0.0,0.0,2,13610.0,13620.0,2,13420.0,13555.0,13620.0,13555.0,10.0,1359750.0,100
2023-05-10 21:09:16,ru2404,ru2404,13605.0,0.0,0.0,0.0,1,13610.0,13620.0,2,13420.0,13555.0,13620.0,13555.0,10.0,1359750.0,100
2023-05-10 21:09:16,ru2404,ru2404,13605.0,0.0,0.0,0.0,1,13615.0,13620.0,2,13420.0,13555.0,13620.0,13555.0,10.0,1359750.0,100
2023-05-10 21:09:17,ru2404,ru2404,13605.0,0.0,0.0,0.0,1,13615.0,13620.0,2,13420.0,13555.0,13620.0,13555.0,10.0,1359750.0,100
2023-05-10 21:09:17,ru2404,ru2404,13605.0,0.0,0.0,0.0,1,13615.0,13620.0,2,13420.0,13555.0,13620.0,13555.0,10.0,1359750.0,100
2023-05-10 21:09:19,ru2404,ru2404,13605.0,0.0,0.0,0.0,1,13560.0,13620.0,2,13420.0,13555.0,13620.0,13555.0,10.0,1359750.0,100
2023-05-10 21:09:19,ru2404,ru2404,13605.0,0.0,0.0,0.0,1,13605.0,13620.0,2,13420.0,13555.0,13620.0,13555.0,10.0,1359750.0,100
2023-05-10 21:09:20,ru2404,ru2404,13605.0,0.0,0.0,0.0,1,13610.0,13620.0,2,13420.0,13555.0,13620.0,13555.0,10.0,1359750.0,100
2023-05-10 21:09:20,ru2404,ru2404,13605.0,0.0,0.0,0.0,2,13610.0,13620.0,2,13420.0,13555.0,13620.0,13555.0,10.0,1359750.0,100
2023-05-10 21:09:21,ru2404,ru2404,13605.0,0.0,0.0,0.0,1,13610.0,13620.0,2,13420.0,13555.0,13620.0,13555.0,10.0,1359750.0,100
2023-05-10 21:09:21,ru2404,ru2404,13605.0,0.0,0.0,0.0,1,13610.0,13620.0,2,13420.0,13555.0,13620.0,13555.0,10.0,1359750.0,100
2023-05-10 21:09:22,ru2404,ru2404,13605.0,0.0,0.0,0.0,2,13610.0,13620.0,2,13420.0,13555.0,13620.0,13555.0,10.0,1359750.0,100
2023-05-10 21:09:22,ru2404,ru2404,13605.0,0.0,0.0,0.0,1,13615.0,13620.0,2,13420.0,13555.0,13620.0,13555.0,10.0,1359750.0,100
2023-05-10 21:09:23,ru2404,ru2404,13605.0,0.0,0.0,0.0,2,13615.0,13620.0,2,13420.0,13555.0,13620.0,13555.0,10.0,1359750.0,100
2023-05-10 21:09:25,ru2404,ru2404,13605.0,0.0,0.0,0.0,1,13615.0,13620.0,2,13420.0,13555.0,13620.0,13555.0,10.0,1359750.0,100
2023-05-10 21:09:25,ru2404,ru2404,13620.0,1.0,136200.0,1.0,1,13615.0,13620.0,1,13420.0,13555.0,13620.0,13555.0,11.0,1495950.0,101
2023-05-10 21:09:27,ru2404,ru2404,13620.0,1.0,136200.0,1.0,1,13615.0,13630.0,1,13420.0,13555.0,13620.0,13555.0,12.0,1632150.0,102
2023-05-10 21:09:27,ru2404,ru2404,13620.0,0.0,0.0,0.0,1,13615.0,13645.0,2,13420.0,13555.0,13620.0,13555.0,12.0,1632150.0,102
2023-05-10 21:09:30,ru2404,ru2404,13620.0,0.0,0.0,0.0,1,13615.0,13650.0,1,13420.0,13555.0,13620.0,13555.0,12.0,1632150.0,102
2023-05-10 21:09:31,ru2404,ru2404,13620.0,0.0,0.0,0.0,1,13615.0,13645.0,1,13420.0,13555.0,13620.0,13555.0,12.0,1632150.0,102
2023-05-10 21:09:34,ru2404,ru2404,13620.0,0.0,0.0,0.0,1,13620.0,13650.0,1,13420.0,13555.0,13620.0,13555.0,12.0,1632150.0,102
2023-05-10 21:09:35,ru2404,ru2404,13620.0,0.0,0.0,0.0,1,13625.0,13650.0,2,13420.0,13555.0,13620.0,13555.0,12.0,1632150.0,102
2023-05-10 21:09:35,ru2404,ru2404,13620.0,0.0,0.0,0.0,1,13625.0,13650.0,2,13420.0,13555.0,13620.0,13555.0,12.0,1632150.0,102
2023-05-10 21:09:37,ru2404,ru2404,13620.0,0.0,0.0,0.0,1,13625.0,13650.0,2,13420.0,13555.0,13620.0,13555.0,12.0,1632150.0,102
2023-05-10 21:09:37,ru2404,ru2404,13620.0,0.0,0.0,0.0,1,13625.0,13650.0,1,13420.0,13555.0,13620.0,13555.0,12.0,1632150.0,102
2023-05-10 21:09:39,ru2404,ru2404,13620.0,0.0,0.0,0.0,1,13635.0,13650.0,1,13420.0,13555.0,13620.0,13555.0,12.0,1632150.0,102
2023-05-10 21:09:40,ru2404,ru2404,13620.0,0.0,0.0,0.0,1,13635.0,13650.0,1,13420.0,13555.0,13620.0,13555.0,12.0,1632150.0,102
2023-05-10 21:09:44,ru2404,ru2404,13620.0,0.0,0.0,0.0,2,13635.0,13650.0,1,13420.0,13555.0,13620.0,13555.0,12.0,1632150.0,102
2023-05-10 21:09:48,ru2404,ru2404,13620.0,0.0,0.0,0.0,2,13635.0,13650.0,1,13420.0,13555.0,13620.0,13555.0,12.0,1632150.0,102
2023-05-10 21:09:50,ru2404,ru2404,13620.0,0.0,0.0,0.0,1,13635.0,13650.0,1,13420.0,13555.0,13620.0,13555.0,12.0,1632150.0,102
2023-05-10 21:10:01,ru2404,ru2404,13620.0,0.0,0.0,0.0,1,13645.0,13650.0,1,13420.0,13555.0,13620.0,13555.0,12.0,1632150.0,102
2023-05-10 21:10:01,ru2404,ru2404,13620.0,0.0,0.0,0.0,1,13645.0,13650.0,1,13420.0,13555.0,13620.0,13555.0,12.0,1632150.0,102
2023-05-10 21:10:02,ru2404,ru2404,13620.0,0.0,0.0,0.0,1,13605.0,13650.0,1,13420.0,13555.0,13620.0,13555.0,12.0,1632150.0,102
2023-05-10 21:10:03,ru2404,ru2404,13620.0,0.0,0.0,0.0,1,13635.0,13650.0,1,13420.0,13555.0,13620.0,13555.0,12.0,1632150.0,102
2023-05-10 21:10:03,ru2404,ru2404,13620.0,0.0,0.0,0.0,1,13635.0,13650.0,1,13420.0,13555.0,13620.0,13555.0,12.0,1632150.0,102
2023-05-10 21:10:07,ru2404,ru2404,13620.0,0.0,0.0,0.0,1,13635.0,13650.0,1,13420.0,13555.0,13620.0,13555.0,12.0,1632150.0,102
2023-05-10 21:10:08,ru2404,ru2404,13620.0,0.0,0.0,0.0,1,13640.0,13650.0,1,13420.0,13555.0,13620.0,13555.0,12.0,1632150.0,102
2023-05-10 21:10:08,ru2404,ru2404,13620.0,0.0,0.0,0.0,1,13645.0,13650.0,1,13420.0,13555.0,13620.0,13555.0,12.0,1632150.0,102
2023-05-10 21:10:09,ru2404,ru2404,13620.0,0.0,0.0,0.0,1,13645.0,13650.0,1,13420.0,13555.0,13620.0,13555.0,12.0,1632150.0,102
2023-05-10 21:10:10,ru2404,ru2404,13620.0,0.0,0.0,0.0,1,13645.0,13650.0,1,13420.0,13555.0,13620.0,13555.0,12.0,1632150.0,102
