time,symbol_id,symbol_name,last,trade_volume,trade_amount,open_interest_change,bv1,bp1,ap1,av1,yesterday_close,today_open,today_high,today_low,volume,amount,open_interest
2023-05-09 20:58:32,i2403,i2403,661.5,0.0,0.0,0.0,2,663.0,663.5,1,661.5,662.5,0.0,0.0,0.0,0.0,12961
2023-05-09 21:00:00,i2403,i2403,663.5,2.0,132600.0,1.0,1,663.0,664.5,2,661.5,662.5,663.5,662.5,2.0,132600.0,12962
2023-05-09 21:00:00,i2403,i2403,663.5,0.0,0.0,0.0,2,660.5,664.5,2,661.5,662.5,663.5,662.5,2.0,132600.0,12962
2023-05-09 21:00:01,i2403,i2403,663.5,0.0,0.0,0.0,1,661.5,664.5,8,661.5,662.5,663.5,662.5,2.0,132600.0,12962
2023-05-09 21:00:01,i2403,i2403,663.5,0.0,0.0,0.0,10,661.5,664.5,7,661.5,662.5,663.5,662.5,2.0,132600.0,12962
2023-05-09 21:00:02,i2403,i2403,663.5,3.0,199200.0,-1.0,7,661.5,664.0,11,661.5,662.5,663.5,662.5,5.0,331800.0,12961
2023-05-09 21:00:02,i2403,i2403,663.5,0.0,0.0,0.0,8,661.5,664.0,14,661.5,662.5,663.5,662.5,5.0,331800.0,12961
2023-05-09 21:00:03,i2403,i2403,663.5,0.0,0.0,0.0,7,661.5,664.0,13,661.5,662.5,663.5,662.5,5.0,331800.0,12961
2023-05-09 21:00:03,i2403,i2403,663.5,0.0,0.0,0.0,12,661.5,664.0,10,661.5,662.5,663.5,662.5,5.0,331800.0,12961
2023-05-09 21:00:04,i2403,i2403,663.5,0.0,0.0,0.0,9,662.0,664.0,4,661.5,662.5,663.5,662.5,5.0,331800.0,12961
2023-05-09 21:00:04,i2403,i2403,663.5,0.0,0.0,0.0,9,662.0,664.0,3,661.5,662.5,663.5,662.5,5.0,331800.0,12961
2023-05-09 21:00:05,i2403,i2403,663.5,0.0,0.0,0.0,12,662.0,664.0,3,661.5,662.5,663.5,662.5,5.0,331800.0,12961
2023-05-09 21:00:05,i2403,i2403,663.5,0.0,0.0,0.0,13,662.5,664.5,8,661.5,662.5,663.5,662.5,5.0,331800.0,12961
2023-05-09 21:00:06,i2403,i2403,663.5,0.0,0.0,0.0,8,662.0,664.5,5,661.5,662.5,663.5,662.5,5.0,331800.0,12961
2023-05-09 21:00:06,i2403,i2403,663.5,0.0,0.0,0.0,10,662.5,664.5,5,661.5,662.5,663.5,662.5,5.0,331800.0,12961
2023-05-09 21:00:07,i2403,i2403,663.5,0.0,0.0,0.0,5,662.5,664.5,13,661.5,662.5,663.5,662.5,5.0,331800.0,12961
2023-05-09 21:00:07,i2403,i2403,663.5,0.0,0.0,0.0,5,662.5,664.5,18,661.5,662.5,663.5,662.5,5.0,331800.0,12961
2023-05-09 21:00:08,i2403,i2403,663.5,0.0,0.0,0.0,10,662.5,664.5,7,661.5,662.5,663.5,662.5,5.0,331800.0,12961
2023-05-09 21:00:09,i2403,i2403,663.5,0.0,0.0,0.0,2,663.0,664.0,4,661.5,662.5,663.5,662.5,5.0,331800.0,12961
2023-05-09 21:00:10,i2403,i2403,663.5,0.0,0.0,0.0,12,662.5,663.5,2,661.5,662.5,663.5,662.5,5.0,331800.0,12961
2023-05-09 21:00:10,i2403,i2403,663.5,0.0,0.0,0.0,3,663.0,664.0,8,661.5,662.5,663.5,662.5,5.0,331800.0,12961
2023-05-09 21:00:11,i2403,i2403,663.5,0.0,0.0,0.0,3,663.0,664.0,7,661.5,662.5,663.5,662.5,5.0,331800.0,12961
2023-05-09 21:00:11,i2403,i2403,663.5,0.0,0.0,0.0,1,663.0,664.0,7,661.5,662.5,663.5,662.5,5.0,331800.0,12961
2023-05-09 21:00:12,i2403,i2403,663.5,0.0,0.0,0.0,1,663.0,664.0,8,661.5,662.5,663.5,662.5,5.0,331800.0,12961
2023-05-09 21:00:12,i2403,i2403,663.0,1.0,66300.0,0.0,1,663.0,664.0,13,661.5,662.5,663.5,662.5,6.0,398100.0,12961
2023-05-09 21:00:14,i2403,i2403,663.0,0.0,0.0,0.0,13,663.0,664.0,9,661.5,662.5,663.5,662.5,6.0,398100.0,12961
2023-05-09 21:00:15,i2403,i2403,663.0,0.0,0.0,0.0,9,663.5,664.0,2,661.5,662.5,663.5,662.5,6.0,398100.0,12961
2023-05-09 21:00:15,i2403,i2403,663.0,0.0,0.0,0.0,9,663.5,664.5,16,661.5,662.5,663.5,662.5,6.0,398100.0,12961
2023-05-09 21:00:16,i2403,i2403,663.0,0.0,0.0,0.0,1,663.5,664.5,15,661.5,662.5,663.5,662.5,6.0,398100.0,12961
2023-05-09 21:00:16,i2403,i2403,663.0,0.0,0.0,0.0,11,663.5,664.5,12,661.5,662.5,663.5,662.5,6.0,398100.0,12961
2023-05-09 21:00:17,i2403,i2403,663.0,0.0,0.0,0.0,25,663.5,664.5,7,661.5,662.5,663.5,662.5,6.0,398100.0,12961
2023-05-09 21:00:17,i2403,i2403,663.0,0.0,0.0,0.0,24,663.5,664.5,6,661.5,662.5,663.5,662.5,6.0,398100.0,12961
2023-05-09 21:00:18,i2403,i2403,663.0,0.0,0.0,0.0,24,663.5,664.5,8,661.5,662.5,663.5,662.5,6.0,398100.0,12961
2023-05-09 21:00:18,i2403,i2403,663.0,0.0,0.0,0.0,21,663.5,664.5,12,661.5,662.5,663.5,662.5,6.0,398100.0,12961
2023-05-09 21:00:18,i2403,i2403,663.0,0.0,0.0,0.0,21,663.5,664.5,14,661.5,662.5,663.5,662.5,6.0,398100.0,12961
2023-05-09 21:00:19,i2403,i2403,663.0,0.0,0.0,0.0,11,663.5,664.5,14,661.5,662.5,663.5,662.5,6.0,398100.0,12961
2023-05-09 21:00:20,i2403,i2403,663.0,0.0,0.0,0.0,2,663.5,664.0,3,661.5,662.5,663.5,662.5,6.0,398100.0,12961
2023-05-09 21:00:20,i2403,i2403,663.0,0.0,0.0,0.0,10,663.0,664.0,10,661.5,662.5,663.5,662.5,6.0,398100.0,12961
2023-05-09 21:00:21,i2403,i2403,663.0,0.0,0.0,0.0,10,663.0,664.0,7,661.5,662.5,663.5,662.5,6.0,398100.0,12961
2023-05-09 21:00:21,i2403,i2403,663.0,0.0,0.0,0.0,4,663.5,664.0,3,661.5,662.5,663.5,662.5,6.0,398100.0,12961
2023-05-09 21:00:22,i2403,i2403,663.0,0.0,0.0,0.0,5,663.5,664.5,16,661.5,662.5,663.5,662.5,6.0,398100.0,12961
2023-05-09 21:00:22,i2403,i2403,664.0,1.0,66400.0,-1.0,9,663.5,664.5,17,661.5,662.5,664.0,662.5,7.0,464500.0,12960
2023-05-09 21:00:23,i2403,i2403,663.5,1.0,66350.0,1.0,24,663.0,664.0,1,661.5,662.5,664.0,662.5,8.0,530850.0,12961
2023-05-09 21:00:23,i2403,i2403,663.5,1.0,66350.0,1.0,3,663.5,664.5,20,661.5,662.5,664.0,662.5,9.0,597200.0,12962
2023-05-09 21:00:24,i2403,i2403,663.5,0.0,0.0,0.0,12,663.5,664.0,1,661.5,662.5,664.0,662.5,9.0,597200.0,12962
2023-05-09 21:00:24,i2403,i2403,663.5,0.0,0.0,0.0,14,663.5,664.5,20,661.5,662.5,664.0,662.5,9.0,597200.0,12962
2023-05-09 21:00:25,i2403,i2403,663.5,0.0,0.0,0.0,21,663.0,664.0,7,661.5,662.5,664.0,662.5,9.0,597200.0,12962
2023-05-09 21:00:25,i2403,i2403,663.5,0.0,0.0,0.0,8,663.0,664.0,10,661.5,662.5,664.0,662.5,9.0,597200.0,12962
2023-05-09 21:00:26,i2403,i2403,663.5,0.0,0.0,0.0,1,663.5,664.0,9,661.5,662.5,664.0,662.5,9.0,597200.0,12962
2023-05-09 21:00:26,i2403,i2403,663.5,0.0,0.0,0.0,1,663.5,664.0,1,661.5,662.5,664.0,662.5,9.0,597200.0,12962
2023-05-09 21:00:27,i2403,i2403,663.5,0.0,0.0,0.0,1,663.5,664.0,3,661.5,662.5,664.0,662.5,9.0,597200.0,12962
2023-05-09 21:00:27,i2403,i2403,663.5,1.0,66350.0,-1.0,24,663.0,664.0,3,661.5,662.5,664.0,662.5,10.0,663550.0,12961
2023-05-09 21:00:28,i2403,i2403,663.5,0.0,0.0,0.0,24,663.0,664.0,5,661.5,662.5,664.0,662.5,10.0,663550.0,12961
2023-05-09 21:00:28,i2403,i2403,663.5,0.0,0.0,0.0,16,663.0,664.0,5,661.5,662.5,664.0,662.5,10.0,663550.0,12961
2023-05-09 21:00:29,i2403,i2403,663.5,0.0,0.0,0.0,23,663.0,664.0,12,661.5,662.5,664.0,662.5,10.0,663550.0,12961
2023-05-09 21:00:29,i2403,i2403,663.5,0.0,0.0,0.0,23,663.0,664.0,17,661.5,662.5,664.0,662.5,10.0,663550.0,12961
2023-05-09 21:00:30,i2403,i2403,663.5,0.0,0.0,0.0,24,663.0,664.0,21,661.5,662.5,664.0,662.5,10.0,663550.0,12961
2023-05-09 21:00:30,i2403,i2403,663.5,0.0,0.0,0.0,7,663.0,664.0,22,661.5,662.5,664.0,662.5,10.0,663550.0,12961
2023-05-09 21:00:31,i2403,i2403,663.5,0.0,0.0,0.0,3,663.0,663.5,3,661.5,662.5,664.0,662.5,10.0,663550.0,12961
2023-05-09 21:00:31,i2403,i2403,663.5,0.0,0.0,0.0,15,662.5,663.5,3,661.5,662.5,664.0,662.5,10.0,663550.0,12961
2023-05-09 21:00:32,i2403,i2403,663.5,0.0,0.0,0.0,8,662.5,663.5,4,661.5,662.5,664.0,662.5,10.0,663550.0,12961
2023-05-09 21:00:32,i2403,i2403,663.5,0.0,0.0,0.0,6,662.5,663.5,5,661.5,662.5,664.0,662.5,10.0,663550.0,12961
2023-05-09 21:00:33,i2403,i2403,663.5,0.0,0.0,0.0,7,662.5,663.5,6,661.5,662.5,664.0,662.5,10.0,663550.0,12961
2023-05-09 21:00:33,i2403,i2403,663.5,0.0,0.0,0.0,7,662.5,663.5,7,661.5,662.5,664.0,662.5,10.0,663550.0,12961
2023-05-09 21:00:36,i2403,i2403,662.5,2.0,132500.0,0.0,8,662.0,662.5,1,661.5,662.5,664.0,662.5,12.0,796050.0,12961
2023-05-09 21:00:37,i2403,i2403,662.5,0.0,0.0,0.0,5,662.0,662.5,1,661.5,662.5,664.0,662.5,12.0,796050.0,12961
2023-05-09 21:00:37,i2403,i2403,662.5,0.0,0.0,0.0,3,662.0,662.5,3,661.5,662.5,664.0,662.5,12.0,796050.0,12961
2023-05-09 21:00:38,i2403,i2403,662.5,0.0,0.0,0.0,18,661.5,662.5,4,661.5,662.5,664.0,662.5,12.0,796050.0,12961
2023-05-09 21:00:38,i2403,i2403,662.5,0.0,0.0,0.0,17,661.5,662.5,4,661.5,662.5,664.0,662.5,12.0,796050.0,12961
2023-05-09 21:00:39,i2403,i2403,662.5,0.0,0.0,0.0,24,661.5,662.5,4,661.5,662.5,664.0,662.5,12.0,796050.0,12961
2023-05-09 21:00:39,i2403,i2403,662.5,0.0,0.0,0.0,3,662.0,662.5,3,661.5,662.5,664.0,662.5,12.0,796050.0,12961
2023-05-09 21:00:40,i2403,i2403,662.5,0.0,0.0,0.0,3,662.0,662.5,1,661.5,662.5,664.0,662.5,12.0,796050.0,12961
2023-05-09 21:00:42,i2403,i2403,662.5,1.0,66250.0,-1.0,4,662.5,663.0,16,661.5,662.5,664.0,662.5,13.0,862300.0,12960
2023-05-09 21:00:43,i2403,i2403,662.5,0.0,0.0,0.0,4,662.5,663.0,11,661.5,662.5,664.0,662.5,13.0,862300.0,12960
2023-05-09 21:00:43,i2403,i2403,662.5,0.0,0.0,0.0,9,662.5,663.5,10,661.5,662.5,664.0,662.5,13.0,862300.0,12960
2023-05-09 21:00:44,i2403,i2403,662.5,0.0,0.0,0.0,5,662.5,663.5,24,661.5,662.5,664.0,662.5,13.0,862300.0,12960
2023-05-09 21:00:44,i2403,i2403,662.5,0.0,0.0,0.0,3,662.5,663.5,21,661.5,662.5,664.0,662.5,13.0,862300.0,12960
2023-05-09 21:00:45,i2403,i2403,662.5,0.0,0.0,0.0,4,662.5,663.0,2,661.5,662.5,664.0,662.5,13.0,862300.0,12960
2023-05-09 21:00:45,i2403,i2403,662.5,0.0,0.0,0.0,4,662.5,663.5,24,661.5,662.5,664.0,662.5,13.0,862300.0,12960
2023-05-09 21:00:46,i2403,i2403,662.5,0.0,0.0,0.0,1,662.5,663.5,23,661.5,662.5,664.0,662.5,13.0,862300.0,12960
2023-05-09 21:00:46,i2403,i2403,662.5,0.0,0.0,0.0,1,662.5,663.5,26,661.5,662.5,664.0,662.5,13.0,862300.0,12960
2023-05-09 21:00:47,i2403,i2403,662.5,0.0,0.0,0.0,1,662.5,663.5,21,661.5,662.5,664.0,662.5,13.0,862300.0,12960
2023-05-09 21:00:48,i2403,i2403,662.5,0.0,0.0,0.0,1,662.5,663.5,18,661.5,662.5,664.0,662.5,13.0,862300.0,12960
2023-05-09 21:00:48,i2403,i2403,662.5,0.0,0.0,0.0,11,662.5,663.0,2,661.5,662.5,664.0,662.5,13.0,862300.0,12960
2023-05-09 21:00:49,i2403,i2403,662.5,0.0,0.0,0.0,13,662.5,663.5,24,661.5,662.5,664.0,662.5,13.0,862300.0,12960
2023-05-09 21:00:49,i2403,i2403,662.5,0.0,0.0,0.0,2,662.5,663.5,24,661.5,662.5,664.0,662.5,13.0,862300.0,12960
2023-05-09 21:00:50,i2403,i2403,662.5,0.0,0.0,0.0,1,662.5,663.0,1,661.5,662.5,664.0,662.5,13.0,862300.0,12960
2023-05-09 21:00:50,i2403,i2403,662.5,0.0,0.0,0.0,14,662.5,663.5,27,661.5,662.5,664.0,662.5,13.0,862300.0,12960
2023-05-09 21:00:51,i2403,i2403,662.5,0.0,0.0,0.0,9,662.5,663.0,1,661.5,662.5,664.0,662.5,13.0,862300.0,12960
2023-05-09 21:00:51,i2403,i2403,662.5,0.0,0.0,0.0,10,662.5,663.0,2,661.5,662.5,664.0,662.5,13.0,862300.0,12960
2023-05-09 21:00:52,i2403,i2403,662.5,0.0,0.0,0.0,8,662.5,663.0,12,661.5,662.5,664.0,662.5,13.0,862300.0,12960
2023-05-09 21:00:52,i2403,i2403,662.5,8.0,530000.0,7.0,6,662.0,663.0,19,661.5,662.5,664.0,662.5,21.0,1392300.0,12967
2023-05-09 21:00:53,i2403,i2403,662.5,0.0,0.0,0.0,3,662.0,662.5,1,661.5,662.5,664.0,662.5,21.0,1392300.0,12967
2023-05-09 21:00:53,i2403,i2403,662.5,0.0,0.0,0.0,2,662.0,662.5,2,661.5,662.5,664.0,662.5,21.0,1392300.0,12967
2023-05-09 21:00:55,i2403,i2403,662.5,0.0,0.0,0.0,29,661.5,662.5,2,661.5,662.5,664.0,662.5,21.0,1392300.0,12967
2023-05-09 21:00:56,i2403,i2403,662.5,0.0,0.0,0.0,1,662.0,662.5,1,661.5,662.5,664.0,662.5,21.0,1392300.0,12967
2023-05-09 21:00:57,i2403,i2403,662.5,0.0,0.0,0.0,36,661.5,662.5,2,661.5,662.5,664.0,662.5,21.0,1392300.0,12967
2023-05-09 21:00:57,i2403,i2403,662.5,0.0,0.0,0.0,22,661.5,662.5,4,661.5,662.5,664.0,662.5,21.0,1392300.0,12967
2023-05-09 21:00:58,i2403,i2403,662.5,0.0,0.0,0.0,27,661.5,662.5,4,661.5,662.5,664.0,662.5,21.0,1392300.0,12967
2023-05-09 21:00:58,i2403,i2403,662.5,0.0,0.0,0.0,30,661.5,662.5,4,661.5,662.5,664.0,662.5,21.0,1392300.0,12967
2023-05-09 21:00:59,i2403,i2403,662.5,0.0,0.0,0.0,30,661.5,662.5,2,661.5,662.5,664.0,662.5,21.0,1392300.0,12967
2023-05-09 21:00:59,i2403,i2403,662.5,0.0,0.0,0.0,26,661.5,662.5,4,661.5,662.5,664.0,662.5,21.0,1392300.0,12967
2023-05-09 21:01:00,i2403,i2403,662.5,0.0,0.0,0.0,17,661.5,662.5,5,661.5,662.5,664.0,662.5,21.0,1392300.0,12967
2023-05-09 21:01:00,i2403,i2403,662.5,0.0,0.0,0.0,16,661.5,662.5,16,661.5,662.5,664.0,662.5,21.0,1392300.0,12967
2023-05-09 21:01:01,i2403,i2403,662.5,0.0,0.0,0.0,14,661.5,662.5,21,661.5,662.5,664.0,662.5,21.0,1392300.0,12967
2023-05-09 21:01:01,i2403,i2403,662.5,0.0,0.0,0.0,21,661.5,662.5,9,661.5,662.5,664.0,662.5,21.0,1392300.0,12967
2023-05-09 21:01:02,i2403,i2403,662.5,0.0,0.0,0.0,29,661.5,662.5,5,661.5,662.5,664.0,662.5,21.0,1392300.0,12967
2023-05-09 21:01:02,i2403,i2403,662.5,0.0,0.0,0.0,30,661.5,662.5,6,661.5,662.5,664.0,662.5,21.0,1392300.0,12967
2023-05-09 21:01:03,i2403,i2403,662.5,0.0,0.0,0.0,22,661.5,662.5,6,661.5,662.5,664.0,662.5,21.0,1392300.0,12967
2023-05-09 21:01:03,i2403,i2403,662.0,1.0,66200.0,0.0,20,661.5,662.5,7,661.5,662.5,664.0,662.0,22.0,1458500.0,12967
2023-05-09 21:01:04,i2403,i2403,662.0,0.0,0.0,0.0,1,662.0,662.5,8,661.5,662.5,664.0,662.0,22.0,1458500.0,12967
2023-05-09 21:01:04,i2403,i2403,662.0,1.0,66200.0,0.0,22,661.5,662.5,8,661.5,662.5,664.0,662.0,23.0,1524700.0,12967
2023-05-09 21:01:05,i2403,i2403,662.0,0.0,0.0,0.0,18,661.5,662.5,9,661.5,662.5,664.0,662.0,23.0,1524700.0,12967
2023-05-09 21:01:05,i2403,i2403,662.0,0.0,0.0,0.0,7,661.5,662.0,2,661.5,662.5,664.0,662.0,23.0,1524700.0,12967
2023-05-09 21:01:06,i2403,i2403,662.0,0.0,0.0,0.0,5,661.5,662.0,2,661.5,662.5,664.0,662.0,23.0,1524700.0,12967
2023-05-09 21:01:06,i2403,i2403,662.0,0.0,0.0,0.0,4,661.5,662.0,2,661.5,662.5,664.0,662.0,23.0,1524700.0,12967
2023-05-09 21:01:11,i2403,i2403,662.0,0.0,0.0,0.0,7,661.5,662.0,1,661.5,662.5,664.0,662.0,23.0,1524700.0,12967
2023-05-09 21:01:12,i2403,i2403,662.0,0.0,0.0,0.0,5,661.5,662.0,1,661.5,662.5,664.0,662.0,23.0,1524700.0,12967
2023-05-09 21:01:12,i2403,i2403,662.0,0.0,0.0,0.0,4,661.5,662.0,1,661.5,662.5,664.0,662.0,23.0,1524700.0,12967
2023-05-09 21:01:13,i2403,i2403,662.0,1.0,66200.0,0.0,4,661.5,662.5,31,661.5,662.5,664.0,662.0,24.0,1590900.0,12967
2023-05-09 21:01:14,i2403,i2403,661.5,1.0,66150.0,0.0,2,661.5,662.0,5,661.5,662.5,664.0,661.5,25.0,1657050.0,12967
2023-05-09 21:01:14,i2403,i2403,661.5,1.0,66150.0,-1.0,9,661.0,662.0,26,661.5,662.5,664.0,661.5,26.0,1723200.0,12966
2023-05-09 21:01:15,i2403,i2403,661.5,0.0,0.0,0.0,5,661.0,662.0,32,661.5,662.5,664.0,661.5,26.0,1723200.0,12966
2023-05-09 21:01:15,i2403,i2403,661.5,0.0,0.0,0.0,30,660.5,661.5,1,661.5,662.5,664.0,661.5,26.0,1723200.0,12966
2023-05-09 21:01:16,i2403,i2403,661.5,0.0,0.0,0.0,38,660.5,661.5,1,661.5,662.5,664.0,661.5,26.0,1723200.0,12966
2023-05-09 21:01:16,i2403,i2403,661.5,0.0,0.0,0.0,39,660.5,661.5,1,661.5,662.5,664.0,661.5,26.0,1723200.0,12966
2023-05-09 21:01:17,i2403,i2403,661.5,0.0,0.0,0.0,38,660.5,661.5,3,661.5,662.5,664.0,661.5,26.0,1723200.0,12966
2023-05-09 21:01:17,i2403,i2403,661.5,0.0,0.0,0.0,1,661.0,662.0,35,661.5,662.5,664.0,661.5,26.0,1723200.0,12966
2023-05-09 21:01:18,i2403,i2403,661.5,0.0,0.0,0.0,1,661.0,662.0,34,661.5,662.5,664.0,661.5,26.0,1723200.0,12966
2023-05-09 21:01:18,i2403,i2403,661.5,0.0,0.0,0.0,2,661.0,661.5,3,661.5,662.5,664.0,661.5,26.0,1723200.0,12966
2023-05-09 21:01:19,i2403,i2403,661.5,0.0,0.0,0.0,3,661.0,662.0,30,661.5,662.5,664.0,661.5,26.0,1723200.0,12966
2023-05-09 21:01:19,i2403,i2403,661.5,0.0,0.0,0.0,2,661.0,662.0,27,661.5,662.5,664.0,661.5,26.0,1723200.0,12966
2023-05-09 21:01:20,i2403,i2403,661.5,0.0,0.0,0.0,2,661.0,662.0,33,661.5,662.5,664.0,661.5,26.0,1723200.0,12966
2023-05-09 21:01:22,i2403,i2403,661.0,1.0,66100.0,0.0,1,661.0,662.0,34,661.5,662.5,664.0,661.0,27.0,1789300.0,12966
2023-05-09 21:01:22,i2403,i2403,661.0,0.0,0.0,0.0,1,661.0,662.0,45,661.5,662.5,664.0,661.0,27.0,1789300.0,12966
2023-05-09 21:01:23,i2403,i2403,661.0,0.0,0.0,0.0,1,661.0,661.5,2,661.5,662.5,664.0,661.0,27.0,1789300.0,12966
2023-05-09 21:01:23,i2403,i2403,661.0,0.0,0.0,0.0,1,661.0,661.5,5,661.5,662.5,664.0,661.0,27.0,1789300.0,12966
2023-05-09 21:01:24,i2403,i2403,661.0,2.0,132200.0,-1.0,26,660.5,661.0,4,661.5,662.5,664.0,661.0,29.0,1921500.0,12965
2023-05-09 21:01:24,i2403,i2403,661.0,0.0,0.0,0.0,29,660.5,661.0,4,661.5,662.5,664.0,661.0,29.0,1921500.0,12965
2023-05-09 21:01:25,i2403,i2403,661.0,0.0,0.0,0.0,27,660.5,661.0,4,661.5,662.5,664.0,661.0,29.0,1921500.0,12965
2023-05-09 21:01:25,i2403,i2403,661.0,0.0,0.0,0.0,28,660.5,661.0,4,661.5,662.5,664.0,661.0,29.0,1921500.0,12965
2023-05-09 21:01:26,i2403,i2403,661.0,0.0,0.0,0.0,27,660.5,661.0,4,661.5,662.5,664.0,661.0,29.0,1921500.0,12965
2023-05-09 21:01:27,i2403,i2403,661.0,0.0,0.0,0.0,28,660.5,661.0,4,661.5,662.5,664.0,661.0,29.0,1921500.0,12965
2023-05-09 21:01:28,i2403,i2403,661.0,0.0,0.0,0.0,29,660.5,661.0,4,661.5,662.5,664.0,661.0,29.0,1921500.0,12965
2023-05-09 21:01:29,i2403,i2403,661.0,0.0,0.0,0.0,6,660.5,661.0,18,661.5,662.5,664.0,661.0,29.0,1921500.0,12965
2023-05-09 21:01:30,i2403,i2403,661.0,0.0,0.0,0.0,4,660.5,661.0,30,661.5,662.5,664.0,661.0,29.0,1921500.0,12965
2023-05-09 21:01:30,i2403,i2403,660.5,2.0,132100.0,1.0,2,660.5,661.0,31,661.5,662.5,664.0,660.5,31.0,2053600.0,12966
2023-05-09 21:01:31,i2403,i2403,660.5,0.0,0.0,0.0,14,660.0,661.0,36,661.5,662.5,664.0,660.5,31.0,2053600.0,12966
2023-05-09 21:01:31,i2403,i2403,660.5,0.0,0.0,0.0,18,660.0,661.0,36,661.5,662.5,664.0,660.5,31.0,2053600.0,12966
2023-05-09 21:01:32,i2403,i2403,660.5,0.0,0.0,0.0,17,660.0,661.0,37,661.5,662.5,664.0,660.5,31.0,2053600.0,12966
2023-05-09 21:01:33,i2403,i2403,660.5,0.0,0.0,0.0,18,660.0,661.0,36,661.5,662.5,664.0,660.5,31.0,2053600.0,12966
2023-05-09 21:01:33,i2403,i2403,660.5,0.0,0.0,0.0,17,660.0,661.0,37,661.5,662.5,664.0,660.5,31.0,2053600.0,12966
2023-05-09 21:01:34,i2403,i2403,660.5,0.0,0.0,0.0,18,660.0,661.0,36,661.5,662.5,664.0,660.5,31.0,2053600.0,12966
2023-05-09 21:01:34,i2403,i2403,660.5,0.0,0.0,0.0,17,660.0,661.0,37,661.5,662.5,664.0,660.5,31.0,2053600.0,12966
2023-05-09 21:01:38,i2403,i2403,660.5,0.0,0.0,0.0,18,660.0,661.0,36,661.5,662.5,664.0,660.5,31.0,2053600.0,12966
2023-05-09 21:01:39,i2403,i2403,660.5,0.0,0.0,0.0,17,660.0,661.0,37,661.5,662.5,664.0,660.5,31.0,2053600.0,12966
2023-05-09 21:01:39,i2403,i2403,660.5,0.0,0.0,0.0,16,660.0,660.5,3,661.5,662.5,664.0,660.5,31.0,2053600.0,12966
2023-05-09 21:01:40,i2403,i2403,660.5,0.0,0.0,0.0,18,660.0,660.5,3,661.5,662.5,664.0,660.5,31.0,2053600.0,12966
2023-05-09 21:01:40,i2403,i2403,660.5,0.0,0.0,0.0,12,660.0,660.5,13,661.5,662.5,664.0,660.5,31.0,2053600.0,12966
2023-05-09 21:01:41,i2403,i2403,660.5,0.0,0.0,0.0,11,660.0,660.5,5,661.5,662.5,664.0,660.5,31.0,2053600.0,12966
2023-05-09 21:01:41,i2403,i2403,660.0,6.0,396000.0,3.0,11,660.0,660.5,2,661.5,662.5,664.0,660.0,37.0,2449600.0,12969
2023-05-09 21:01:42,i2403,i2403,660.0,5.0,330000.0,-2.0,13,660.0,660.5,2,661.5,662.5,664.0,660.0,42.0,2779600.0,12967
2023-05-09 21:01:42,i2403,i2403,660.0,0.0,0.0,0.0,13,660.0,660.5,4,661.5,662.5,664.0,660.0,42.0,2779600.0,12967
2023-05-09 21:01:43,i2403,i2403,660.0,0.0,0.0,0.0,16,660.0,660.5,2,661.5,662.5,664.0,660.0,42.0,2779600.0,12967
2023-05-09 21:01:43,i2403,i2403,660.0,0.0,0.0,0.0,16,660.0,660.5,1,661.5,662.5,664.0,660.0,42.0,2779600.0,12967
2023-05-09 21:01:44,i2403,i2403,660.0,0.0,0.0,0.0,7,660.0,660.5,1,661.5,662.5,664.0,660.0,42.0,2779600.0,12967
2023-05-09 21:01:44,i2403,i2403,660.0,0.0,0.0,0.0,6,660.0,660.5,1,661.5,662.5,664.0,660.0,42.0,2779600.0,12967
2023-05-09 21:01:45,i2403,i2403,660.0,0.0,0.0,0.0,13,660.0,660.5,1,661.5,662.5,664.0,660.0,42.0,2779600.0,12967
2023-05-09 21:01:46,i2403,i2403,660.0,0.0,0.0,0.0,14,660.0,660.5,1,661.5,662.5,664.0,660.0,42.0,2779600.0,12967
2023-05-09 21:01:46,i2403,i2403,660.0,0.0,0.0,0.0,13,660.0,660.5,1,661.5,662.5,664.0,660.0,42.0,2779600.0,12967
2023-05-09 21:01:47,i2403,i2403,660.0,0.0,0.0,0.0,7,660.0,660.5,4,661.5,662.5,664.0,660.0,42.0,2779600.0,12967
2023-05-09 21:01:48,i2403,i2403,660.0,0.0,0.0,0.0,6,660.0,660.5,4,661.5,662.5,664.0,660.0,42.0,2779600.0,12967
2023-05-09 21:01:48,i2403,i2403,660.0,0.0,0.0,0.0,5,660.0,660.5,4,661.5,662.5,664.0,660.0,42.0,2779600.0,12967
2023-05-09 21:01:49,i2403,i2403,660.0,0.0,0.0,0.0,8,660.0,660.5,4,661.5,662.5,664.0,660.0,42.0,2779600.0,12967
2023-05-09 21:01:49,i2403,i2403,660.0,0.0,0.0,0.0,9,660.0,660.5,4,661.5,662.5,664.0,660.0,42.0,2779600.0,12967
2023-05-09 21:01:51,i2403,i2403,660.0,0.0,0.0,0.0,11,660.0,660.5,4,661.5,662.5,664.0,660.0,42.0,2779600.0,12967
2023-05-09 21:01:51,i2403,i2403,660.0,0.0,0.0,0.0,6,660.0,660.5,3,661.5,662.5,664.0,660.0,42.0,2779600.0,12967
2023-05-09 21:01:52,i2403,i2403,660.0,0.0,0.0,0.0,5,660.0,660.5,4,661.5,662.5,664.0,660.0,42.0,2779600.0,12967
2023-05-09 21:01:52,i2403,i2403,660.0,0.0,0.0,0.0,3,660.0,660.5,4,661.5,662.5,664.0,660.0,42.0,2779600.0,12967
2023-05-09 21:01:53,i2403,i2403,660.0,0.0,0.0,0.0,2,660.0,660.5,6,661.5,662.5,664.0,660.0,42.0,2779600.0,12967
2023-05-09 21:01:53,i2403,i2403,660.0,0.0,0.0,0.0,2,660.0,660.5,7,661.5,662.5,664.0,660.0,42.0,2779600.0,12967
2023-05-09 21:01:54,i2403,i2403,660.0,0.0,0.0,0.0,2,660.0,660.5,6,661.5,662.5,664.0,660.0,42.0,2779600.0,12967
2023-05-09 21:01:54,i2403,i2403,660.0,0.0,0.0,0.0,5,660.0,660.5,6,661.5,662.5,664.0,660.0,42.0,2779600.0,12967
2023-05-09 21:01:55,i2403,i2403,660.0,0.0,0.0,0.0,6,660.0,660.5,6,661.5,662.5,664.0,660.0,42.0,2779600.0,12967
2023-05-09 21:01:55,i2403,i2403,660.0,0.0,0.0,0.0,9,660.0,660.5,4,661.5,662.5,664.0,660.0,42.0,2779600.0,12967
2023-05-09 21:01:56,i2403,i2403,660.0,0.0,0.0,0.0,11,660.0,660.5,3,661.5,662.5,664.0,660.0,42.0,2779600.0,12967
2023-05-09 21:01:56,i2403,i2403,660.0,0.0,0.0,0.0,12,660.0,660.5,3,661.5,662.5,664.0,660.0,42.0,2779600.0,12967
2023-05-09 21:01:57,i2403,i2403,660.0,0.0,0.0,0.0,5,660.0,660.5,13,661.5,662.5,664.0,660.0,42.0,2779600.0,12967
2023-05-09 21:01:57,i2403,i2403,660.0,0.0,0.0,0.0,2,660.0,660.5,8,661.5,662.5,664.0,660.0,42.0,2779600.0,12967
2023-05-09 21:01:59,i2403,i2403,660.0,0.0,0.0,0.0,2,660.0,660.5,12,661.5,662.5,664.0,660.0,42.0,2779600.0,12967
2023-05-09 21:01:59,i2403,i2403,660.0,1.0,66000.0,0.0,31,659.5,660.5,12,661.5,662.5,664.0,660.0,43.0,2845600.0,12967
2023-05-09 21:02:00,i2403,i2403,660.0,0.0,0.0,0.0,28,659.5,660.5,12,661.5,662.5,664.0,660.0,43.0,2845600.0,12967
2023-05-09 21:02:00,i2403,i2403,660.5,1.0,66050.0,1.0,4,660.0,660.5,7,661.5,662.5,664.0,660.0,44.0,2911650.0,12968
2023-05-09 21:02:01,i2403,i2403,660.5,0.0,0.0,0.0,8,660.0,660.5,3,661.5,662.5,664.0,660.0,44.0,2911650.0,12968
2023-05-09 21:02:01,i2403,i2403,660.5,0.0,0.0,0.0,8,660.0,661.0,31,661.5,662.5,664.0,660.0,44.0,2911650.0,12968
2023-05-09 21:02:02,i2403,i2403,660.5,0.0,0.0,0.0,7,660.0,660.5,1,661.5,662.5,664.0,660.0,44.0,2911650.0,12968
2023-05-09 21:02:04,i2403,i2403,660.0,4.0,264000.0,0.0,3,660.0,660.5,2,661.5,662.5,664.0,660.0,48.0,3175650.0,12968
2023-05-09 21:02:04,i2403,i2403,660.0,0.0,0.0,0.0,6,660.0,660.5,1,661.5,662.5,664.0,660.0,48.0,3175650.0,12968
2023-05-09 21:02:05,i2403,i2403,660.0,0.0,0.0,0.0,7,660.0,660.5,1,661.5,662.5,664.0,660.0,48.0,3175650.0,12968
2023-05-09 21:02:05,i2403,i2403,660.0,0.0,0.0,0.0,10,660.0,660.5,1,661.5,662.5,664.0,660.0,48.0,3175650.0,12968
2023-05-09 21:02:06,i2403,i2403,660.0,0.0,0.0,0.0,13,660.0,660.5,1,661.5,662.5,664.0,660.0,48.0,3175650.0,12968
2023-05-09 21:02:06,i2403,i2403,660.5,1.0,66050.0,0.0,22,660.0,661.0,26,661.5,662.5,664.0,660.0,49.0,3241700.0,12968
2023-05-09 21:02:07,i2403,i2403,660.5,0.0,0.0,0.0,2,660.5,661.0,22,661.5,662.5,664.0,660.0,49.0,3241700.0,12968
2023-05-09 21:02:07,i2403,i2403,660.5,0.0,0.0,0.0,27,660.0,661.0,23,661.5,662.5,664.0,660.0,49.0,3241700.0,12968
2023-05-09 21:02:08,i2403,i2403,660.5,0.0,0.0,0.0,1,660.5,661.0,10,661.5,662.5,664.0,660.0,49.0,3241700.0,12968
2023-05-09 21:02:08,i2403,i2403,660.5,0.0,0.0,0.0,3,660.5,661.0,5,661.5,662.5,664.0,660.0,49.0,3241700.0,12968
2023-05-09 21:02:09,i2403,i2403,660.5,0.0,0.0,0.0,2,660.5,661.0,3,661.5,662.5,664.0,660.0,49.0,3241700.0,12968
2023-05-09 21:02:09,i2403,i2403,660.5,0.0,0.0,0.0,1,660.5,661.0,1,661.5,662.5,664.0,660.0,49.0,3241700.0,12968
2023-05-09 21:02:10,i2403,i2403,660.5,0.0,0.0,0.0,2,660.5,661.0,1,661.5,662.5,664.0,660.0,49.0,3241700.0,12968
2023-05-09 21:02:11,i2403,i2403,660.5,0.0,0.0,0.0,11,660.5,661.0,1,661.5,662.5,664.0,660.0,49.0,3241700.0,12968
2023-05-09 21:02:12,i2403,i2403,660.5,0.0,0.0,0.0,14,660.5,661.5,32,661.5,662.5,664.0,660.0,49.0,3241700.0,12968
2023-05-09 21:02:12,i2403,i2403,660.5,0.0,0.0,0.0,13,660.5,661.5,34,661.5,662.5,664.0,660.0,49.0,3241700.0,12968
2023-05-09 21:02:13,i2403,i2403,660.5,6.0,396300.0,3.0,10,660.5,661.0,1,661.5,662.5,664.0,660.0,55.0,3638000.0,12971
2023-05-09 21:02:13,i2403,i2403,660.5,0.0,0.0,0.0,17,660.5,661.0,2,661.5,662.5,664.0,660.0,55.0,3638000.0,12971
2023-05-09 21:02:14,i2403,i2403,661.0,9.0,595200.0,5.0,12,660.5,661.5,6,661.5,662.5,664.0,660.0,64.0,4233200.0,12976
2023-05-09 21:02:14,i2403,i2403,661.0,0.0,0.0,0.0,25,661.0,661.5,1,661.5,662.5,664.0,660.0,64.0,4233200.0,12976
2023-05-09 21:02:15,i2403,i2403,661.0,0.0,0.0,0.0,26,661.0,662.0,18,661.5,662.5,664.0,660.0,64.0,4233200.0,12976
2023-05-09 21:02:15,i2403,i2403,661.0,0.0,0.0,0.0,27,661.0,662.0,19,661.5,662.5,664.0,660.0,64.0,4233200.0,12976
2023-05-09 21:02:16,i2403,i2403,661.0,0.0,0.0,0.0,27,661.0,662.0,21,661.5,662.5,664.0,660.0,64.0,4233200.0,12976
2023-05-09 21:02:16,i2403,i2403,661.0,0.0,0.0,0.0,29,661.0,662.0,25,661.5,662.5,664.0,660.0,64.0,4233200.0,12976
2023-05-09 21:02:16,i2403,i2403,661.0,0.0,0.0,0.0,31,661.0,662.0,25,661.5,662.5,664.0,660.0,64.0,4233200.0,12976
2023-05-09 21:02:18,i2403,i2403,661.0,0.0,0.0,0.0,32,661.0,662.0,25,661.5,662.5,664.0,660.0,64.0,4233200.0,12976
2023-05-09 21:02:19,i2403,i2403,661.0,0.0,0.0,0.0,31,661.0,662.0,26,661.5,662.5,664.0,660.0,64.0,4233200.0,12976
2023-05-09 21:02:19,i2403,i2403,661.0,0.0,0.0,0.0,32,661.0,662.0,25,661.5,662.5,664.0,660.0,64.0,4233200.0,12976
2023-05-09 21:02:21,i2403,i2403,661.0,0.0,0.0,0.0,31,661.0,662.0,26,661.5,662.5,664.0,660.0,64.0,4233200.0,12976
2023-05-09 21:02:21,i2403,i2403,661.0,0.0,0.0,0.0,32,661.0,662.0,25,661.5,662.5,664.0,660.0,64.0,4233200.0,12976
2023-05-09 21:02:22,i2403,i2403,661.0,0.0,0.0,0.0,34,661.0,662.0,21,661.5,662.5,664.0,660.0,64.0,4233200.0,12976
2023-05-09 21:02:23,i2403,i2403,661.0,0.0,0.0,0.0,34,661.0,662.0,16,661.5,662.5,664.0,660.0,64.0,4233200.0,12976
2023-05-09 21:02:23,i2403,i2403,661.0,0.0,0.0,0.0,32,661.0,662.0,18,661.5,662.5,664.0,660.0,64.0,4233200.0,12976
2023-05-09 21:02:24,i2403,i2403,661.0,0.0,0.0,0.0,32,661.0,662.0,24,661.5,662.5,664.0,660.0,64.0,4233200.0,12976
2023-05-09 21:02:25,i2403,i2403,661.0,0.0,0.0,0.0,34,661.0,662.0,20,661.5,662.5,664.0,660.0,64.0,4233200.0,12976
2023-05-09 21:02:26,i2403,i2403,661.0,0.0,0.0,0.0,34,661.0,662.0,15,661.5,662.5,664.0,660.0,64.0,4233200.0,12976
2023-05-09 21:02:26,i2403,i2403,661.0,0.0,0.0,0.0,39,661.0,662.0,12,661.5,662.5,664.0,660.0,64.0,4233200.0,12976
2023-05-09 21:02:27,i2403,i2403,661.0,0.0,0.0,0.0,2,661.5,662.0,11,661.5,662.5,664.0,660.0,64.0,4233200.0,12976
2023-05-09 21:02:27,i2403,i2403,661.0,0.0,0.0,0.0,1,661.5,662.0,10,661.5,662.5,664.0,660.0,64.0,4233200.0,12976
2023-05-09 21:02:28,i2403,i2403,661.0,0.0,0.0,0.0,1,661.5,662.0,9,661.5,662.5,664.0,660.0,64.0,4233200.0,12976
2023-05-09 21:02:29,i2403,i2403,661.0,0.0,0.0,0.0,19,661.5,662.0,2,661.5,662.5,664.0,660.0,64.0,4233200.0,12976
2023-05-09 21:02:29,i2403,i2403,661.0,0.0,0.0,0.0,24,661.5,662.5,28,661.5,662.5,664.0,660.0,64.0,4233200.0,12976
2023-05-09 21:02:30,i2403,i2403,661.0,0.0,0.0,0.0,25,661.5,662.5,31,661.5,662.5,664.0,660.0,64.0,4233200.0,12976
2023-05-09 21:02:30,i2403,i2403,661.0,0.0,0.0,0.0,23,661.5,662.5,33,661.5,662.5,664.0,660.0,64.0,4233200.0,12976
2023-05-09 21:02:32,i2403,i2403,661.0,0.0,0.0,0.0,16,661.5,662.5,33,661.5,662.5,664.0,660.0,64.0,4233200.0,12976
2023-05-09 21:02:33,i2403,i2403,661.0,0.0,0.0,0.0,8,661.5,662.5,40,661.5,662.5,664.0,660.0,64.0,4233200.0,12976
2023-05-09 21:02:33,i2403,i2403,661.0,0.0,0.0,0.0,6,661.5,662.0,1,661.5,662.5,664.0,660.0,64.0,4233200.0,12976
2023-05-09 21:02:34,i2403,i2403,661.0,0.0,0.0,0.0,10,661.5,662.0,1,661.5,662.5,664.0,660.0,64.0,4233200.0,12976
2023-05-09 21:02:34,i2403,i2403,661.0,0.0,0.0,0.0,7,661.5,662.0,2,661.5,662.5,664.0,660.0,64.0,4233200.0,12976
2023-05-09 21:02:35,i2403,i2403,661.0,0.0,0.0,0.0,9,661.5,662.5,40,661.5,662.5,664.0,660.0,64.0,4233200.0,12976
2023-05-09 21:02:35,i2403,i2403,661.0,0.0,0.0,0.0,8,661.5,662.0,1,661.5,662.5,664.0,660.0,64.0,4233200.0,12976
2023-05-09 21:02:36,i2403,i2403,661.0,0.0,0.0,0.0,9,661.5,662.5,40,661.5,662.5,664.0,660.0,64.0,4233200.0,12976
2023-05-09 21:02:37,i2403,i2403,661.0,0.0,0.0,0.0,8,661.5,662.0,1,661.5,662.5,664.0,660.0,64.0,4233200.0,12976
2023-05-09 21:02:38,i2403,i2403,661.0,0.0,0.0,0.0,9,661.5,662.5,40,661.5,662.5,664.0,660.0,64.0,4233200.0,12976
2023-05-09 21:02:38,i2403,i2403,661.0,0.0,0.0,0.0,8,661.5,662.0,1,661.5,662.5,664.0,660.0,64.0,4233200.0,12976
2023-05-09 21:02:39,i2403,i2403,661.0,0.0,0.0,0.0,7,661.5,662.0,3,661.5,662.5,664.0,660.0,64.0,4233200.0,12976
2023-05-09 21:02:39,i2403,i2403,661.0,0.0,0.0,0.0,8,661.5,662.0,1,661.5,662.5,664.0,660.0,64.0,4233200.0,12976
2023-05-09 21:02:40,i2403,i2403,661.0,0.0,0.0,0.0,9,661.5,662.5,40,661.5,662.5,664.0,660.0,64.0,4233200.0,12976
2023-05-09 21:02:40,i2403,i2403,661.0,0.0,0.0,0.0,7,661.5,662.0,2,661.5,662.5,664.0,660.0,64.0,4233200.0,12976
2023-05-09 21:02:41,i2403,i2403,661.0,0.0,0.0,0.0,8,661.5,662.0,1,661.5,662.5,664.0,660.0,64.0,4233200.0,12976
2023-05-09 21:02:41,i2403,i2403,661.0,0.0,0.0,0.0,8,661.5,662.0,2,661.5,662.5,664.0,660.0,64.0,4233200.0,12976
2023-05-09 21:02:42,i2403,i2403,661.0,0.0,0.0,0.0,9,661.5,662.5,40,661.5,662.5,664.0,660.0,64.0,4233200.0,12976
2023-05-09 21:02:42,i2403,i2403,661.0,0.0,0.0,0.0,6,661.5,662.0,2,661.5,662.5,664.0,660.0,64.0,4233200.0,12976
2023-05-09 21:02:43,i2403,i2403,661.0,0.0,0.0,0.0,8,661.5,662.0,1,661.5,662.5,664.0,660.0,64.0,4233200.0,12976
2023-05-09 21:02:43,i2403,i2403,661.0,0.0,0.0,0.0,7,661.5,662.0,2,661.5,662.5,664.0,660.0,64.0,4233200.0,12976
2023-05-09 21:02:44,i2403,i2403,661.0,0.0,0.0,0.0,9,661.5,662.5,40,661.5,662.5,664.0,660.0,64.0,4233200.0,12976
2023-05-09 21:02:45,i2403,i2403,661.0,0.0,0.0,0.0,7,661.5,662.0,2,661.5,662.5,664.0,660.0,64.0,4233200.0,12976
2023-05-09 21:02:45,i2403,i2403,661.0,0.0,0.0,0.0,9,661.5,662.0,1,661.5,662.5,664.0,660.0,64.0,4233200.0,12976
2023-05-09 21:02:46,i2403,i2403,661.0,0.0,0.0,0.0,9,661.5,662.0,2,661.5,662.5,664.0,660.0,64.0,4233200.0,12976
2023-05-09 21:02:46,i2403,i2403,661.0,0.0,0.0,0.0,10,661.5,662.5,41,661.5,662.5,664.0,660.0,64.0,4233200.0,12976
2023-05-09 21:02:47,i2403,i2403,661.0,0.0,0.0,0.0,9,661.5,662.0,1,661.5,662.5,664.0,660.0,64.0,4233200.0,12976
2023-05-09 21:02:47,i2403,i2403,661.0,0.0,0.0,0.0,11,661.5,662.5,41,661.5,662.5,664.0,660.0,64.0,4233200.0,12976
2023-05-09 21:02:48,i2403,i2403,661.0,0.0,0.0,0.0,10,661.5,662.0,2,661.5,662.5,664.0,660.0,64.0,4233200.0,12976
2023-05-09 21:02:48,i2403,i2403,661.0,0.0,0.0,0.0,10,661.5,662.5,41,661.5,662.5,664.0,660.0,64.0,4233200.0,12976
2023-05-09 21:02:49,i2403,i2403,661.0,0.0,0.0,0.0,10,661.5,662.0,1,661.5,662.5,664.0,660.0,64.0,4233200.0,12976
2023-05-09 21:02:49,i2403,i2403,661.0,0.0,0.0,0.0,9,661.5,662.0,1,661.5,662.5,664.0,660.0,64.0,4233200.0,12976
2023-05-09 21:02:50,i2403,i2403,661.0,0.0,0.0,0.0,12,661.5,662.0,1,661.5,662.5,664.0,660.0,64.0,4233200.0,12976
2023-05-09 21:02:51,i2403,i2403,661.0,0.0,0.0,0.0,14,661.5,662.0,1,661.5,662.5,664.0,660.0,64.0,4233200.0,12976
2023-05-09 21:02:52,i2403,i2403,661.0,0.0,0.0,0.0,10,661.5,662.0,1,661.5,662.5,664.0,660.0,64.0,4233200.0,12976
2023-05-09 21:02:54,i2403,i2403,661.0,0.0,0.0,0.0,9,661.5,662.0,1,661.5,662.5,664.0,660.0,64.0,4233200.0,12976
2023-05-09 21:03:02,i2403,i2403,661.5,9.0,595350.0,5.0,7,661.0,661.5,6,661.5,662.5,664.0,660.0,73.0,4828550.0,12981
2023-05-09 21:03:03,i2403,i2403,661.5,0.0,0.0,0.0,1,661.0,661.5,16,661.5,662.5,664.0,660.0,73.0,4828550.0,12981
2023-05-09 21:03:03,i2403,i2403,661.5,0.0,0.0,0.0,26,660.5,661.5,20,661.5,662.5,664.0,660.0,73.0,4828550.0,12981
2023-05-09 21:03:04,i2403,i2403,661.5,0.0,0.0,0.0,30,660.5,661.5,25,661.5,662.5,664.0,660.0,73.0,4828550.0,12981
2023-05-09 21:03:04,i2403,i2403,661.0,1.0,66100.0,0.0,1,661.0,661.5,26,661.5,662.5,664.0,660.0,74.0,4894650.0,12981
2023-05-09 21:03:05,i2403,i2403,661.0,0.0,0.0,0.0,2,661.0,661.5,23,661.5,662.5,664.0,660.0,74.0,4894650.0,12981
2023-05-09 21:03:05,i2403,i2403,661.0,0.0,0.0,0.0,2,661.0,661.5,21,661.5,662.5,664.0,660.0,74.0,4894650.0,12981
2023-05-09 21:03:07,i2403,i2403,661.0,0.0,0.0,0.0,1,661.0,661.5,21,661.5,662.5,664.0,660.0,74.0,4894650.0,12981
2023-05-09 21:03:08,i2403,i2403,661.0,0.0,0.0,0.0,1,661.0,661.5,22,661.5,662.5,664.0,660.0,74.0,4894650.0,12981
2023-05-09 21:03:09,i2403,i2403,661.0,0.0,0.0,0.0,1,661.0,661.5,21,661.5,662.5,664.0,660.0,74.0,4894650.0,12981
2023-05-09 21:03:14,i2403,i2403,661.0,0.0,0.0,0.0,1,661.0,661.5,12,661.5,662.5,664.0,660.0,74.0,4894650.0,12981
2023-05-09 21:03:15,i2403,i2403,661.0,0.0,0.0,0.0,1,661.0,661.5,13,661.5,662.5,664.0,660.0,74.0,4894650.0,12981
2023-05-09 21:03:15,i2403,i2403,661.0,0.0,0.0,0.0,7,661.0,661.5,8,661.5,662.5,664.0,660.0,74.0,4894650.0,12981
2023-05-09 21:03:16,i2403,i2403,661.0,0.0,0.0,0.0,18,661.0,661.5,5,661.5,662.5,664.0,660.0,74.0,4894650.0,12981
2023-05-09 21:03:16,i2403,i2403,661.5,6.0,396900.0,-2.0,27,661.0,662.0,18,661.5,662.5,664.0,660.0,80.0,5291550.0,12979
2023-05-09 21:03:17,i2403,i2403,661.5,0.0,0.0,0.0,47,661.0,662.0,13,661.5,662.5,664.0,660.0,80.0,5291550.0,12979
2023-05-09 21:03:17,i2403,i2403,661.5,0.0,0.0,0.0,49,661.0,662.0,11,661.5,662.5,664.0,660.0,80.0,5291550.0,12979
2023-05-09 21:03:18,i2403,i2403,661.5,0.0,0.0,0.0,51,661.0,662.0,11,661.5,662.5,664.0,660.0,80.0,5291550.0,12979
2023-05-09 21:03:18,i2403,i2403,661.5,0.0,0.0,0.0,49,661.0,662.0,11,661.5,662.5,664.0,660.0,80.0,5291550.0,12979
2023-05-09 21:03:19,i2403,i2403,661.5,0.0,0.0,0.0,51,661.0,662.0,11,661.5,662.5,664.0,660.0,80.0,5291550.0,12979
2023-05-09 21:03:20,i2403,i2403,661.5,0.0,0.0,0.0,1,661.5,662.0,10,661.5,662.5,664.0,660.0,80.0,5291550.0,12979
2023-05-09 21:03:20,i2403,i2403,661.5,0.0,0.0,0.0,1,661.5,662.0,9,661.5,662.5,664.0,660.0,80.0,5291550.0,12979
2023-05-09 21:03:21,i2403,i2403,661.5,0.0,0.0,0.0,19,661.5,662.0,2,661.5,662.5,664.0,660.0,80.0,5291550.0,12979
2023-05-09 21:03:21,i2403,i2403,661.5,0.0,0.0,0.0,36,661.5,662.5,13,661.5,662.5,664.0,660.0,80.0,5291550.0,12979
2023-05-09 21:03:22,i2403,i2403,661.5,0.0,0.0,0.0,33,661.5,662.0,3,661.5,662.5,664.0,660.0,80.0,5291550.0,12979
2023-05-09 21:03:22,i2403,i2403,661.5,0.0,0.0,0.0,37,661.5,662.0,2,661.5,662.5,664.0,660.0,80.0,5291550.0,12979
2023-05-09 21:03:23,i2403,i2403,661.5,0.0,0.0,0.0,39,661.5,662.5,18,661.5,662.5,664.0,660.0,80.0,5291550.0,12979
2023-05-09 21:03:23,i2403,i2403,661.5,0.0,0.0,0.0,46,661.5,662.5,12,661.5,662.5,664.0,660.0,80.0,5291550.0,12979
2023-05-09 21:03:24,i2403,i2403,661.5,0.0,0.0,0.0,48,661.5,662.5,12,661.5,662.5,664.0,660.0,80.0,5291550.0,12979
2023-05-09 21:03:25,i2403,i2403,661.5,0.0,0.0,0.0,49,661.5,662.5,12,661.5,662.5,664.0,660.0,80.0,5291550.0,12979
2023-05-09 21:03:29,i2403,i2403,661.5,0.0,0.0,0.0,1,662.0,662.5,6,661.5,662.5,664.0,660.0,80.0,5291550.0,12979
2023-05-09 21:03:29,i2403,i2403,661.5,0.0,0.0,0.0,1,662.0,662.5,3,661.5,662.5,664.0,660.0,80.0,5291550.0,12979
2023-05-09 21:03:30,i2403,i2403,661.5,0.0,0.0,0.0,1,662.0,662.5,1,661.5,662.5,664.0,660.0,80.0,5291550.0,12979
2023-05-09 21:03:39,i2403,i2403,662.0,1.0,66200.0,0.0,15,661.5,662.5,6,661.5,662.5,664.0,660.0,81.0,5357750.0,12979
2023-05-09 21:03:39,i2403,i2403,662.0,0.0,0.0,0.0,15,661.5,662.5,11,661.5,662.5,664.0,660.0,81.0,5357750.0,12979
2023-05-09 21:03:40,i2403,i2403,662.0,0.0,0.0,0.0,15,661.5,662.5,14,661.5,662.5,664.0,660.0,81.0,5357750.0,12979
2023-05-09 21:03:41,i2403,i2403,662.0,0.0,0.0,0.0,15,661.5,662.5,36,661.5,662.5,664.0,660.0,81.0,5357750.0,12979
2023-05-09 21:03:41,i2403,i2403,662.0,0.0,0.0,0.0,11,661.5,662.0,1,661.5,662.5,664.0,660.0,81.0,5357750.0,12979
2023-05-09 21:03:42,i2403,i2403,662.0,0.0,0.0,0.0,11,661.5,662.0,4,661.5,662.5,664.0,660.0,81.0,5357750.0,12979
2023-05-09 21:03:42,i2403,i2403,662.0,0.0,0.0,0.0,12,661.5,662.0,4,661.5,662.5,664.0,660.0,81.0,5357750.0,12979
2023-05-09 21:03:43,i2403,i2403,662.0,0.0,0.0,0.0,10,661.5,662.0,4,661.5,662.5,664.0,660.0,81.0,5357750.0,12979
2023-05-09 21:03:43,i2403,i2403,662.0,0.0,0.0,0.0,9,661.5,662.0,3,661.5,662.5,664.0,660.0,81.0,5357750.0,12979
2023-05-09 21:03:44,i2403,i2403,662.0,0.0,0.0,0.0,7,661.5,662.0,3,661.5,662.5,664.0,660.0,81.0,5357750.0,12979
2023-05-09 21:03:44,i2403,i2403,662.0,0.0,0.0,0.0,6,661.5,662.0,3,661.5,662.5,664.0,660.0,81.0,5357750.0,12979
2023-05-09 21:03:45,i2403,i2403,662.0,0.0,0.0,0.0,6,661.5,662.0,4,661.5,662.5,664.0,660.0,81.0,5357750.0,12979
2023-05-09 21:03:46,i2403,i2403,662.0,0.0,0.0,0.0,5,661.5,662.0,6,661.5,662.5,664.0,660.0,81.0,5357750.0,12979
2023-05-09 21:03:46,i2403,i2403,662.0,2.0,132400.0,-1.0,6,661.5,662.5,34,661.5,662.5,664.0,660.0,83.0,5490150.0,12978
2023-05-09 21:03:47,i2403,i2403,662.0,0.0,0.0,0.0,28,661.5,662.0,1,661.5,662.5,664.0,660.0,83.0,5490150.0,12978
2023-05-09 21:03:47,i2403,i2403,662.0,1.0,66200.0,0.0,35,661.5,662.5,11,661.5,662.5,664.0,660.0,84.0,5556350.0,12978
2023-05-09 21:03:48,i2403,i2403,662.0,0.0,0.0,0.0,27,661.5,662.5,18,661.5,662.5,664.0,660.0,84.0,5556350.0,12978
2023-05-09 21:03:48,i2403,i2403,662.0,0.0,0.0,0.0,23,661.5,662.5,17,661.5,662.5,664.0,660.0,84.0,5556350.0,12978
2023-05-09 21:03:49,i2403,i2403,662.0,0.0,0.0,0.0,25,661.5,662.5,15,661.5,662.5,664.0,660.0,84.0,5556350.0,12978
2023-05-09 21:03:49,i2403,i2403,662.0,0.0,0.0,0.0,3,662.0,662.5,8,661.5,662.5,664.0,660.0,84.0,5556350.0,12978
2023-05-09 21:03:50,i2403,i2403,662.0,0.0,0.0,0.0,7,662.0,662.5,2,661.5,662.5,664.0,660.0,84.0,5556350.0,12978
2023-05-09 21:03:50,i2403,i2403,662.0,0.0,0.0,0.0,10,662.0,663.0,47,661.5,662.5,664.0,660.0,84.0,5556350.0,12978
2023-05-09 21:03:51,i2403,i2403,662.0,0.0,0.0,0.0,10,662.0,663.0,46,661.5,662.5,664.0,660.0,84.0,5556350.0,12978
2023-05-09 21:03:51,i2403,i2403,662.0,0.0,0.0,0.0,11,662.0,663.0,46,661.5,662.5,664.0,660.0,84.0,5556350.0,12978
2023-05-09 21:03:52,i2403,i2403,662.0,1.0,66200.0,0.0,10,662.0,662.5,4,661.5,662.5,664.0,660.0,85.0,5622550.0,12978
2023-05-09 21:03:52,i2403,i2403,662.0,0.0,0.0,0.0,7,662.0,662.5,2,661.5,662.5,664.0,660.0,85.0,5622550.0,12978
2023-05-09 21:03:53,i2403,i2403,662.0,2.0,132400.0,0.0,18,661.5,662.0,2,661.5,662.5,664.0,660.0,87.0,5754950.0,12978
2023-05-09 21:03:53,i2403,i2403,662.0,0.0,0.0,0.0,9,661.5,662.0,12,661.5,662.5,664.0,660.0,87.0,5754950.0,12978
2023-05-09 21:03:54,i2403,i2403,662.0,0.0,0.0,0.0,7,661.5,662.0,31,661.5,662.5,664.0,660.0,87.0,5754950.0,12978
2023-05-09 21:03:54,i2403,i2403,662.0,0.0,0.0,0.0,3,661.5,662.0,31,661.5,662.5,664.0,660.0,87.0,5754950.0,12978
2023-05-09 21:03:55,i2403,i2403,661.5,3.0,198450.0,1.0,16,661.0,662.0,31,661.5,662.5,664.0,660.0,90.0,5953400.0,12979
2023-05-09 21:03:55,i2403,i2403,661.5,0.0,0.0,0.0,17,661.0,662.0,34,661.5,662.5,664.0,660.0,90.0,5953400.0,12979
2023-05-09 21:03:56,i2403,i2403,661.5,0.0,0.0,0.0,17,661.0,662.0,36,661.5,662.5,664.0,660.0,90.0,5953400.0,12979
2023-05-09 21:03:57,i2403,i2403,661.5,0.0,0.0,0.0,11,661.0,661.5,1,661.5,662.5,664.0,660.0,90.0,5953400.0,12979
2023-05-09 21:03:58,i2403,i2403,661.5,0.0,0.0,0.0,17,661.0,662.0,36,661.5,662.5,664.0,660.0,90.0,5953400.0,12979
2023-05-09 21:03:59,i2403,i2403,661.5,0.0,0.0,0.0,18,661.0,662.0,36,661.5,662.5,664.0,660.0,90.0,5953400.0,12979
2023-05-09 21:04:00,i2403,i2403,661.5,0.0,0.0,0.0,19,661.0,661.5,1,661.5,662.5,664.0,660.0,90.0,5953400.0,12979
2023-05-09 21:04:01,i2403,i2403,661.5,0.0,0.0,0.0,18,661.0,661.5,1,661.5,662.5,664.0,660.0,90.0,5953400.0,12979
2023-05-09 21:04:04,i2403,i2403,661.5,0.0,0.0,0.0,18,661.0,661.5,7,661.5,662.5,664.0,660.0,90.0,5953400.0,12979
2023-05-09 21:04:04,i2403,i2403,661.5,6.0,396900.0,6.0,18,661.0,661.5,5,661.5,662.5,664.0,660.0,96.0,6350300.0,12985
2023-05-09 21:04:05,i2403,i2403,661.5,0.0,0.0,0.0,6,661.0,661.5,15,661.5,662.5,664.0,660.0,96.0,6350300.0,12985
2023-05-09 21:04:05,i2403,i2403,661.5,0.0,0.0,0.0,1,661.0,661.5,16,661.5,662.5,664.0,660.0,96.0,6350300.0,12985
2023-05-09 21:04:07,i2403,i2403,661.5,0.0,0.0,0.0,1,661.0,661.5,20,661.5,662.5,664.0,660.0,96.0,6350300.0,12985
2023-05-09 21:04:07,i2403,i2403,661.5,0.0,0.0,0.0,1,661.0,661.5,29,661.5,662.5,664.0,660.0,96.0,6350300.0,12985
2023-05-09 21:04:08,i2403,i2403,661.5,0.0,0.0,0.0,1,661.0,661.5,28,661.5,662.5,664.0,660.0,96.0,6350300.0,12985
2023-05-09 21:04:08,i2403,i2403,661.5,0.0,0.0,0.0,1,661.0,661.5,29,661.5,662.5,664.0,660.0,96.0,6350300.0,12985
2023-05-09 21:04:09,i2403,i2403,661.5,0.0,0.0,0.0,2,661.0,661.5,22,661.5,662.5,664.0,660.0,96.0,6350300.0,12985
2023-05-09 21:04:10,i2403,i2403,661.5,0.0,0.0,0.0,2,661.0,661.5,10,661.5,662.5,664.0,660.0,96.0,6350300.0,12985
2023-05-09 21:04:10,i2403,i2403,661.5,0.0,0.0,0.0,2,661.0,661.5,9,661.5,662.5,664.0,660.0,96.0,6350300.0,12985
2023-05-09 21:04:16,i2403,i2403,661.5,0.0,0.0,0.0,13,661.0,661.5,4,661.5,662.5,664.0,660.0,96.0,6350300.0,12985
2023-05-09 21:04:16,i2403,i2403,661.5,5.0,330750.0,0.0,10,661.5,662.0,10,661.5,662.5,664.0,660.0,101.0,6681050.0,12985
2023-05-09 21:04:17,i2403,i2403,661.5,0.0,0.0,0.0,21,661.5,662.0,3,661.5,662.5,664.0,660.0,101.0,6681050.0,12985
2023-05-09 21:04:17,i2403,i2403,661.5,0.0,0.0,0.0,27,661.5,662.0,3,661.5,662.5,664.0,660.0,101.0,6681050.0,12985
2023-05-09 21:04:19,i2403,i2403,661.5,0.0,0.0,0.0,25,661.5,662.0,3,661.5,662.5,664.0,660.0,101.0,6681050.0,12985
2023-05-09 21:04:20,i2403,i2403,661.5,0.0,0.0,0.0,27,661.5,662.0,3,661.5,662.5,664.0,660.0,101.0,6681050.0,12985
2023-05-09 21:04:21,i2403,i2403,661.5,0.0,0.0,0.0,28,661.5,662.0,2,661.5,662.5,664.0,660.0,101.0,6681050.0,12985
2023-05-09 21:04:22,i2403,i2403,661.5,0.0,0.0,0.0,18,661.5,662.0,3,661.5,662.5,664.0,660.0,101.0,6681050.0,12985
2023-05-09 21:04:22,i2403,i2403,661.5,0.0,0.0,0.0,18,661.5,662.0,4,661.5,662.5,664.0,660.0,101.0,6681050.0,12985
2023-05-09 21:04:23,i2403,i2403,661.5,0.0,0.0,0.0,9,661.5,662.0,3,661.5,662.5,664.0,660.0,101.0,6681050.0,12985
2023-05-09 21:04:24,i2403,i2403,661.5,0.0,0.0,0.0,4,661.5,662.0,26,661.5,662.5,664.0,660.0,101.0,6681050.0,12985
2023-05-09 21:04:24,i2403,i2403,661.5,0.0,0.0,0.0,3,661.5,662.0,28,661.5,662.5,664.0,660.0,101.0,6681050.0,12985
2023-05-09 21:04:25,i2403,i2403,661.5,0.0,0.0,0.0,2,661.5,662.0,29,661.5,662.5,664.0,660.0,101.0,6681050.0,12985
2023-05-09 21:04:26,i2403,i2403,661.5,2.0,132300.0,1.0,15,661.0,662.0,27,661.5,662.5,664.0,660.0,103.0,6813350.0,12986
2023-05-09 21:04:27,i2403,i2403,661.5,0.0,0.0,0.0,18,661.0,661.5,1,661.5,662.5,664.0,660.0,103.0,6813350.0,12986
2023-05-09 21:04:28,i2403,i2403,661.5,0.0,0.0,0.0,13,661.0,661.5,1,661.5,662.5,664.0,660.0,103.0,6813350.0,12986
2023-05-09 21:04:28,i2403,i2403,661.5,1.0,66150.0,-1.0,1,661.5,662.0,27,661.5,662.5,664.0,660.0,104.0,6879500.0,12985
2023-05-09 21:04:29,i2403,i2403,661.5,0.0,0.0,0.0,29,661.0,662.0,25,661.5,662.5,664.0,660.0,104.0,6879500.0,12985
2023-05-09 21:04:29,i2403,i2403,661.5,0.0,0.0,0.0,26,661.0,662.0,27,661.5,662.5,664.0,660.0,104.0,6879500.0,12985
2023-05-09 21:04:30,i2403,i2403,661.5,0.0,0.0,0.0,24,661.0,662.0,28,661.5,662.5,664.0,660.0,104.0,6879500.0,12985
2023-05-09 21:04:30,i2403,i2403,661.5,0.0,0.0,0.0,25,661.0,662.0,29,661.5,662.5,664.0,660.0,104.0,6879500.0,12985
2023-05-09 21:04:32,i2403,i2403,661.5,0.0,0.0,0.0,25,661.0,662.0,30,661.5,662.5,664.0,660.0,104.0,6879500.0,12985
2023-05-09 21:04:33,i2403,i2403,661.5,0.0,0.0,0.0,20,661.0,661.5,2,661.5,662.5,664.0,660.0,104.0,6879500.0,12985
2023-05-09 21:04:34,i2403,i2403,661.5,0.0,0.0,0.0,10,661.0,661.5,1,661.5,662.5,664.0,660.0,104.0,6879500.0,12985
2023-05-09 21:04:34,i2403,i2403,661.5,0.0,0.0,0.0,9,661.0,661.5,2,661.5,662.5,664.0,660.0,104.0,6879500.0,12985
2023-05-09 21:04:35,i2403,i2403,661.5,0.0,0.0,0.0,9,661.0,662.0,29,661.5,662.5,664.0,660.0,104.0,6879500.0,12985
2023-05-09 21:04:36,i2403,i2403,661.5,0.0,0.0,0.0,9,661.0,662.0,30,661.5,662.5,664.0,660.0,104.0,6879500.0,12985
2023-05-09 21:04:36,i2403,i2403,661.5,0.0,0.0,0.0,9,661.0,661.5,1,661.5,662.5,664.0,660.0,104.0,6879500.0,12985
2023-05-09 21:04:37,i2403,i2403,661.5,0.0,0.0,0.0,9,661.0,661.5,2,661.5,662.5,664.0,660.0,104.0,6879500.0,12985
2023-05-09 21:04:42,i2403,i2403,661.5,0.0,0.0,0.0,9,661.0,661.5,4,661.5,662.5,664.0,660.0,104.0,6879500.0,12985
2023-05-09 21:04:43,i2403,i2403,661.5,0.0,0.0,0.0,8,661.0,661.5,20,661.5,662.5,664.0,660.0,104.0,6879500.0,12985
2023-05-09 21:04:43,i2403,i2403,661.5,0.0,0.0,0.0,4,661.0,661.5,25,661.5,662.5,664.0,660.0,104.0,6879500.0,12985
2023-05-09 21:04:53,i2403,i2403,661.5,0.0,0.0,0.0,2,661.0,661.5,26,661.5,662.5,664.0,660.0,104.0,6879500.0,12985
2023-05-09 21:04:55,i2403,i2403,661.5,1.0,66150.0,0.0,2,661.0,661.5,25,661.5,662.5,664.0,660.0,105.0,6945650.0,12985
2023-05-09 21:04:55,i2403,i2403,661.5,0.0,0.0,0.0,2,661.0,661.5,26,661.5,662.5,664.0,660.0,105.0,6945650.0,12985
2023-05-09 21:04:57,i2403,i2403,661.5,0.0,0.0,0.0,2,661.0,661.5,25,661.5,662.5,664.0,660.0,105.0,6945650.0,12985
2023-05-09 21:04:57,i2403,i2403,661.5,0.0,0.0,0.0,2,661.0,661.5,26,661.5,662.5,664.0,660.0,105.0,6945650.0,12985
2023-05-09 21:04:58,i2403,i2403,661.5,0.0,0.0,0.0,4,661.0,661.5,24,661.5,662.5,664.0,660.0,105.0,6945650.0,12985
2023-05-09 21:04:59,i2403,i2403,661.5,0.0,0.0,0.0,4,661.0,661.5,25,661.5,662.5,664.0,660.0,105.0,6945650.0,12985
2023-05-09 21:05:00,i2403,i2403,661.5,0.0,0.0,0.0,4,661.0,661.5,24,661.5,662.5,664.0,660.0,105.0,6945650.0,12985
2023-05-09 21:05:01,i2403,i2403,661.5,1.0,66150.0,1.0,4,661.0,661.5,24,661.5,662.5,664.0,660.0,106.0,7011800.0,12986
2023-05-09 21:05:02,i2403,i2403,661.5,0.0,0.0,0.0,3,661.0,661.5,24,661.5,662.5,664.0,660.0,106.0,7011800.0,12986
2023-05-09 21:05:02,i2403,i2403,661.0,4.0,264400.0,-1.0,18,660.5,661.0,1,661.5,662.5,664.0,660.0,110.0,7276200.0,12985
2023-05-09 21:05:03,i2403,i2403,660.5,13.0,858650.0,10.0,23,660.0,660.5,2,661.5,662.5,664.0,660.0,123.0,8134850.0,12995
2023-05-09 21:05:03,i2403,i2403,660.5,3.0,198150.0,1.0,15,660.0,660.5,1,661.5,662.5,664.0,660.0,126.0,8333000.0,12996
2023-05-09 21:05:04,i2403,i2403,661.0,2.0,132150.0,-2.0,18,660.0,661.0,25,661.5,662.5,664.0,660.0,128.0,8465150.0,12994
2023-05-09 21:05:04,i2403,i2403,661.0,0.0,0.0,0.0,18,660.0,661.0,27,661.5,662.5,664.0,660.0,128.0,8465150.0,12994
2023-05-09 21:05:05,i2403,i2403,661.0,0.0,0.0,0.0,19,660.0,661.0,28,661.5,662.5,664.0,660.0,128.0,8465150.0,12994
2023-05-09 21:05:05,i2403,i2403,661.0,0.0,0.0,0.0,19,660.0,661.0,29,661.5,662.5,664.0,660.0,128.0,8465150.0,12994
2023-05-09 21:05:06,i2403,i2403,661.0,1.0,66100.0,0.0,20,660.0,661.0,28,661.5,662.5,664.0,660.0,129.0,8531250.0,12994
2023-05-09 21:05:06,i2403,i2403,661.0,0.0,0.0,0.0,21,660.0,661.0,28,661.5,662.5,664.0,660.0,129.0,8531250.0,12994
2023-05-09 21:05:10,i2403,i2403,661.0,1.0,66100.0,0.0,21,660.0,661.0,27,661.5,662.5,664.0,660.0,130.0,8597350.0,12994
2023-05-09 21:05:12,i2403,i2403,661.0,0.0,0.0,0.0,21,660.0,661.0,29,661.5,662.5,664.0,660.0,130.0,8597350.0,12994
2023-05-09 21:05:19,i2403,i2403,661.0,0.0,0.0,0.0,2,660.5,661.0,17,661.5,662.5,664.0,660.0,130.0,8597350.0,12994
2023-05-09 21:05:20,i2403,i2403,661.0,0.0,0.0,0.0,16,660.5,661.0,3,661.5,662.5,664.0,660.0,130.0,8597350.0,12994
2023-05-09 21:05:20,i2403,i2403,661.0,0.0,0.0,0.0,20,660.5,661.5,28,661.5,662.5,664.0,660.0,130.0,8597350.0,12994
2023-05-09 21:05:21,i2403,i2403,661.0,0.0,0.0,0.0,21,660.5,661.5,29,661.5,662.5,664.0,660.0,130.0,8597350.0,12994
2023-05-09 21:05:23,i2403,i2403,661.0,0.0,0.0,0.0,21,660.5,661.5,28,661.5,662.5,664.0,660.0,130.0,8597350.0,12994
2023-05-09 21:05:24,i2403,i2403,661.0,0.0,0.0,0.0,21,660.5,661.5,25,661.5,662.5,664.0,660.0,130.0,8597350.0,12994
2023-05-09 21:05:24,i2403,i2403,661.0,0.0,0.0,0.0,8,661.0,661.5,11,661.5,662.5,664.0,660.0,130.0,8597350.0,12994
2023-05-09 21:05:25,i2403,i2403,661.0,0.0,0.0,0.0,22,661.0,661.5,4,661.5,662.5,664.0,660.0,130.0,8597350.0,12994
2023-05-09 21:05:25,i2403,i2403,661.0,0.0,0.0,0.0,26,661.0,662.0,29,661.5,662.5,664.0,660.0,130.0,8597350.0,12994
2023-05-09 21:05:28,i2403,i2403,661.0,0.0,0.0,0.0,29,661.0,662.0,29,661.5,662.5,664.0,660.0,130.0,8597350.0,12994
2023-05-09 21:05:29,i2403,i2403,661.0,0.0,0.0,0.0,31,661.0,662.0,27,661.5,662.5,664.0,660.0,130.0,8597350.0,12994
2023-05-09 21:05:32,i2403,i2403,661.0,0.0,0.0,0.0,29,661.0,662.0,27,661.5,662.5,664.0,660.0,130.0,8597350.0,12994
2023-05-09 21:05:34,i2403,i2403,661.0,0.0,0.0,0.0,25,661.0,662.0,14,661.5,662.5,664.0,660.0,130.0,8597350.0,12994
2023-05-09 21:05:34,i2403,i2403,661.0,0.0,0.0,0.0,24,661.0,662.0,28,661.5,662.5,664.0,660.0,130.0,8597350.0,12994
2023-05-09 21:05:34,i2403,i2403,661.0,0.0,0.0,0.0,25,661.0,662.0,29,661.5,662.5,664.0,660.0,130.0,8597350.0,12994
2023-05-09 21:05:38,i2403,i2403,661.0,0.0,0.0,0.0,23,661.0,662.0,16,661.5,662.5,664.0,660.0,130.0,8597350.0,12994
2023-05-09 21:05:38,i2403,i2403,661.0,0.0,0.0,0.0,17,661.0,661.5,8,661.5,662.5,664.0,660.0,130.0,8597350.0,12994
2023-05-09 21:05:39,i2403,i2403,661.0,0.0,0.0,0.0,7,661.0,661.5,22,661.5,662.5,664.0,660.0,130.0,8597350.0,12994
2023-05-09 21:05:39,i2403,i2403,661.0,0.0,0.0,0.0,4,661.0,661.5,25,661.5,662.5,664.0,660.0,130.0,8597350.0,12994
2023-05-09 21:05:47,i2403,i2403,661.5,1.0,66150.0,0.0,4,661.0,661.5,24,661.5,662.5,664.0,660.0,131.0,8663500.0,12994
2023-05-09 21:05:48,i2403,i2403,661.5,0.0,0.0,0.0,4,661.0,661.5,25,661.5,662.5,664.0,660.0,131.0,8663500.0,12994
2023-05-09 21:05:58,i2403,i2403,661.5,0.0,0.0,0.0,10,661.0,661.5,10,661.5,662.5,664.0,660.0,131.0,8663500.0,12994
2023-05-09 21:05:58,i2403,i2403,661.5,0.0,0.0,0.0,26,661.0,661.5,3,661.5,662.5,664.0,660.0,131.0,8663500.0,12994
2023-05-09 21:05:59,i2403,i2403,661.5,3.0,198450.0,2.0,2,661.5,662.0,18,661.5,662.5,664.0,660.0,134.0,8861950.0,12996
2023-05-09 21:05:59,i2403,i2403,661.5,0.0,0.0,0.0,2,661.5,662.0,23,661.5,662.5,664.0,660.0,134.0,8861950.0,12996
2023-05-09 21:06:00,i2403,i2403,661.5,0.0,0.0,0.0,2,661.5,662.0,24,661.5,662.5,664.0,660.0,134.0,8861950.0,12996
2023-05-09 21:06:02,i2403,i2403,661.5,0.0,0.0,0.0,2,661.5,662.0,25,661.5,662.5,664.0,660.0,134.0,8861950.0,12996
2023-05-09 21:06:06,i2403,i2403,661.5,0.0,0.0,0.0,3,661.5,662.0,24,661.5,662.5,664.0,660.0,134.0,8861950.0,12996
2023-05-09 21:06:06,i2403,i2403,661.5,0.0,0.0,0.0,2,661.5,662.0,25,661.5,662.5,664.0,660.0,134.0,8861950.0,12996
2023-05-09 21:06:18,i2403,i2403,661.5,0.0,0.0,0.0,2,661.5,662.0,24,661.5,662.5,664.0,660.0,134.0,8861950.0,12996
2023-05-09 21:06:18,i2403,i2403,661.5,0.0,0.0,0.0,2,661.5,662.0,25,661.5,662.5,664.0,660.0,134.0,8861950.0,12996
2023-05-09 21:06:24,i2403,i2403,661.5,0.0,0.0,0.0,14,661.5,662.0,10,661.5,662.5,664.0,660.0,134.0,8861950.0,12996
2023-05-09 21:06:24,i2403,i2403,661.5,0.0,0.0,0.0,26,661.5,662.0,5,661.5,662.5,664.0,660.0,134.0,8861950.0,12996
2023-05-09 21:06:25,i2403,i2403,661.5,0.0,0.0,0.0,26,661.5,662.0,3,661.5,662.5,664.0,660.0,134.0,8861950.0,12996
2023-05-09 21:06:25,i2403,i2403,661.5,0.0,0.0,0.0,26,661.5,662.0,2,661.5,662.5,664.0,660.0,134.0,8861950.0,12996
2023-05-09 21:06:26,i2403,i2403,662.0,4.0,264800.0,-1.0,1,662.0,662.5,27,661.5,662.5,664.0,660.0,138.0,9126750.0,12995
2023-05-09 21:06:27,i2403,i2403,662.0,0.0,0.0,0.0,2,662.0,662.5,25,661.5,662.5,664.0,660.0,138.0,9126750.0,12995
2023-05-09 21:06:27,i2403,i2403,662.0,0.0,0.0,0.0,2,662.0,662.5,27,661.5,662.5,664.0,660.0,138.0,9126750.0,12995
2023-05-09 21:06:31,i2403,i2403,662.5,1.0,66250.0,1.0,2,662.0,662.5,26,661.5,662.5,664.0,660.0,139.0,9193000.0,12996
2023-05-09 21:06:35,i2403,i2403,662.5,1.0,66250.0,1.0,2,662.0,662.5,25,661.5,662.5,664.0,660.0,140.0,9259250.0,12997
2023-05-09 21:06:36,i2403,i2403,662.5,0.0,0.0,0.0,2,662.0,662.5,24,661.5,662.5,664.0,660.0,140.0,9259250.0,12997
2023-05-09 21:06:37,i2403,i2403,662.5,0.0,0.0,0.0,2,662.0,662.5,11,661.5,662.5,664.0,660.0,140.0,9259250.0,12997
2023-05-09 21:06:38,i2403,i2403,662.5,21.0,1391250.0,18.0,3,662.5,663.0,23,661.5,662.5,664.0,660.0,161.0,10650500.0,13015
2023-05-09 21:06:38,i2403,i2403,662.5,0.0,0.0,0.0,6,662.5,663.0,10,661.5,662.5,664.0,660.0,161.0,10650500.0,13015
2023-05-09 21:06:39,i2403,i2403,663.0,3.0,198900.0,1.0,8,662.5,663.5,22,661.5,662.5,664.0,660.0,164.0,10849400.0,13016
2023-05-09 21:06:39,i2403,i2403,663.0,0.0,0.0,0.0,4,663.0,663.5,8,661.5,662.5,664.0,660.0,164.0,10849400.0,13016
2023-05-09 21:06:40,i2403,i2403,663.0,0.0,0.0,0.0,5,663.0,663.5,1,661.5,662.5,664.0,660.0,164.0,10849400.0,13016
2023-05-09 21:06:40,i2403,i2403,663.0,0.0,0.0,0.0,10,663.0,664.0,36,661.5,662.5,664.0,660.0,164.0,10849400.0,13016
2023-05-09 21:06:41,i2403,i2403,663.0,0.0,0.0,0.0,11,663.0,664.0,32,661.5,662.5,664.0,660.0,164.0,10849400.0,13016
2023-05-09 21:06:41,i2403,i2403,663.0,0.0,0.0,0.0,4,663.5,664.0,24,661.5,662.5,664.0,660.0,164.0,10849400.0,13016
2023-05-09 21:06:42,i2403,i2403,663.0,0.0,0.0,0.0,5,663.5,664.0,6,661.5,662.5,664.0,660.0,164.0,10849400.0,13016
2023-05-09 21:06:42,i2403,i2403,663.0,0.0,0.0,0.0,5,663.5,664.0,1,661.5,662.5,664.0,660.0,164.0,10849400.0,13016
2023-05-09 21:06:43,i2403,i2403,663.0,0.0,0.0,0.0,8,663.5,664.5,34,661.5,662.5,664.0,660.0,164.0,10849400.0,13016
2023-05-09 21:06:43,i2403,i2403,663.0,0.0,0.0,0.0,10,663.5,664.5,40,661.5,662.5,664.0,660.0,164.0,10849400.0,13016
2023-05-09 21:06:44,i2403,i2403,663.0,0.0,0.0,0.0,10,663.5,664.5,49,661.5,662.5,664.0,660.0,164.0,10849400.0,13016
2023-05-09 21:06:44,i2403,i2403,663.0,0.0,0.0,0.0,9,663.5,664.5,51,661.5,662.5,664.0,660.0,164.0,10849400.0,13016
2023-05-09 21:06:45,i2403,i2403,663.0,0.0,0.0,0.0,9,663.5,664.0,1,661.5,662.5,664.0,660.0,164.0,10849400.0,13016
2023-05-09 21:06:45,i2403,i2403,663.0,0.0,0.0,0.0,9,663.5,664.5,52,661.5,662.5,664.0,660.0,164.0,10849400.0,13016
2023-05-09 21:06:46,i2403,i2403,663.0,0.0,0.0,0.0,10,663.5,664.5,52,661.5,662.5,664.0,660.0,164.0,10849400.0,13016
2023-05-09 21:06:46,i2403,i2403,663.0,0.0,0.0,0.0,10,663.5,664.0,2,661.5,662.5,664.0,660.0,164.0,10849400.0,13016
2023-05-09 21:06:47,i2403,i2403,664.0,1.0,66400.0,-1.0,8,663.5,664.0,1,661.5,662.5,664.0,660.0,165.0,10915800.0,13015
2023-05-09 21:06:47,i2403,i2403,664.0,0.0,0.0,0.0,12,663.5,664.0,1,661.5,662.5,664.0,660.0,165.0,10915800.0,13015
2023-05-09 21:06:48,i2403,i2403,664.0,0.0,0.0,0.0,13,663.5,664.0,1,661.5,662.5,664.0,660.0,165.0,10915800.0,13015
2023-05-09 21:06:50,i2403,i2403,664.0,1.0,66400.0,0.0,15,663.5,664.5,52,661.5,662.5,664.0,660.0,166.0,10982200.0,13015
2023-05-09 21:06:50,i2403,i2403,664.0,3.0,199200.0,2.0,1,664.0,664.5,53,661.5,662.5,664.0,660.0,169.0,11181400.0,13017
2023-05-09 21:06:51,i2403,i2403,664.0,2.0,132800.0,1.0,14,663.5,664.5,55,661.5,662.5,664.0,660.0,171.0,11314200.0,13018
2023-05-09 21:06:51,i2403,i2403,664.0,0.0,0.0,0.0,13,663.5,664.5,53,661.5,662.5,664.0,660.0,171.0,11314200.0,13018
2023-05-09 21:06:52,i2403,i2403,664.0,0.0,0.0,0.0,13,663.5,664.5,49,661.5,662.5,664.0,660.0,171.0,11314200.0,13018
2023-05-09 21:06:53,i2403,i2403,664.0,0.0,0.0,0.0,13,663.5,664.5,52,661.5,662.5,664.0,660.0,171.0,11314200.0,13018
2023-05-09 21:06:53,i2403,i2403,664.0,0.0,0.0,0.0,12,663.5,664.5,50,661.5,662.5,664.0,660.0,171.0,11314200.0,13018
2023-05-09 21:06:54,i2403,i2403,664.0,0.0,0.0,0.0,13,663.5,664.5,50,661.5,662.5,664.0,660.0,171.0,11314200.0,13018
2023-05-09 21:06:54,i2403,i2403,664.0,0.0,0.0,0.0,14,663.5,664.5,52,661.5,662.5,664.0,660.0,171.0,11314200.0,13018
2023-05-09 21:06:54,i2403,i2403,664.0,0.0,0.0,0.0,14,663.5,664.5,54,661.5,662.5,664.0,660.0,171.0,11314200.0,13018
2023-05-09 21:07:00,i2403,i2403,664.0,1.0,66400.0,0.0,15,663.5,664.5,54,661.5,662.5,664.0,660.0,172.0,11380600.0,13018
2023-05-09 21:07:00,i2403,i2403,664.0,0.0,0.0,0.0,13,663.5,664.5,54,661.5,662.5,664.0,660.0,172.0,11380600.0,13018
2023-05-09 21:07:01,i2403,i2403,663.5,9.0,597150.0,-6.0,8,663.0,663.5,4,661.5,662.5,664.0,660.0,181.0,11977750.0,13012
2023-05-09 21:07:02,i2403,i2403,663.5,1.0,66350.0,1.0,8,663.0,663.5,15,661.5,662.5,664.0,660.0,182.0,12044100.0,13013
2023-05-09 21:07:02,i2403,i2403,663.5,0.0,0.0,0.0,3,663.0,663.5,19,661.5,662.5,664.0,660.0,182.0,12044100.0,13013
2023-05-09 21:07:03,i2403,i2403,663.5,0.0,0.0,0.0,3,663.0,663.5,21,661.5,662.5,664.0,660.0,182.0,12044100.0,13013
2023-05-09 21:07:03,i2403,i2403,663.5,0.0,0.0,0.0,2,663.0,663.5,24,661.5,662.5,664.0,660.0,182.0,12044100.0,13013
2023-05-09 21:07:09,i2403,i2403,663.0,2.0,132600.0,-1.0,17,662.5,663.5,28,661.5,662.5,664.0,660.0,184.0,12176700.0,13012
2023-05-09 21:07:10,i2403,i2403,663.0,0.0,0.0,0.0,10,662.5,663.0,12,661.5,662.5,664.0,660.0,184.0,12176700.0,13012
2023-05-09 21:07:10,i2403,i2403,662.5,1.0,66250.0,0.0,16,662.0,663.0,24,661.5,662.5,664.0,660.0,185.0,12242950.0,13012
2023-05-09 21:07:11,i2403,i2403,662.5,0.0,0.0,0.0,14,662.0,663.0,24,661.5,662.5,664.0,660.0,185.0,12242950.0,13012
2023-05-09 21:07:12,i2403,i2403,662.5,0.0,0.0,0.0,15,662.0,663.0,25,661.5,662.5,664.0,660.0,185.0,12242950.0,13012
2023-05-09 21:07:13,i2403,i2403,662.5,0.0,0.0,0.0,15,662.0,663.0,23,661.5,662.5,664.0,660.0,185.0,12242950.0,13012
2023-05-09 21:07:15,i2403,i2403,662.5,1.0,66250.0,0.0,16,662.0,662.5,3,661.5,662.5,664.0,660.0,186.0,12309200.0,13012
2023-05-09 21:07:15,i2403,i2403,662.5,5.0,331250.0,0.0,18,662.0,663.0,12,661.5,662.5,664.0,660.0,191.0,12640450.0,13012
2023-05-09 21:07:16,i2403,i2403,662.5,0.0,0.0,0.0,17,662.0,663.0,12,661.5,662.5,664.0,660.0,191.0,12640450.0,13012
2023-05-09 21:07:16,i2403,i2403,662.5,0.0,0.0,0.0,18,662.0,663.0,13,661.5,662.5,664.0,660.0,191.0,12640450.0,13012
2023-05-09 21:07:17,i2403,i2403,662.5,0.0,0.0,0.0,1,662.5,663.0,13,661.5,662.5,664.0,660.0,191.0,12640450.0,13012
2023-05-09 21:07:17,i2403,i2403,662.5,0.0,0.0,0.0,5,662.5,663.0,12,661.5,662.5,664.0,660.0,191.0,12640450.0,13012
2023-05-09 21:07:20,i2403,i2403,662.5,0.0,0.0,0.0,6,662.5,663.0,11,661.5,662.5,664.0,660.0,191.0,12640450.0,13012
2023-05-09 21:07:20,i2403,i2403,662.5,0.0,0.0,0.0,5,662.5,663.0,12,661.5,662.5,664.0,660.0,191.0,12640450.0,13012
2023-05-09 21:07:27,i2403,i2403,662.5,0.0,0.0,0.0,6,662.5,663.0,11,661.5,662.5,664.0,660.0,191.0,12640450.0,13012
2023-05-09 21:07:28,i2403,i2403,662.5,0.0,0.0,0.0,4,662.5,663.0,18,661.5,662.5,664.0,660.0,191.0,12640450.0,13012
2023-05-09 21:07:28,i2403,i2403,662.5,0.0,0.0,0.0,4,662.5,663.0,13,661.5,662.5,664.0,660.0,191.0,12640450.0,13012
2023-05-09 21:07:29,i2403,i2403,662.5,0.0,0.0,0.0,4,662.5,663.0,16,661.5,662.5,664.0,660.0,191.0,12640450.0,13012
2023-05-09 21:07:29,i2403,i2403,662.5,0.0,0.0,0.0,3,662.5,663.0,15,661.5,662.5,664.0,660.0,191.0,12640450.0,13012
2023-05-09 21:07:40,i2403,i2403,662.5,0.0,0.0,0.0,3,662.5,663.0,14,661.5,662.5,664.0,660.0,191.0,12640450.0,13012
2023-05-09 21:07:41,i2403,i2403,662.5,0.0,0.0,0.0,4,662.5,663.0,14,661.5,662.5,664.0,660.0,191.0,12640450.0,13012
2023-05-09 21:07:42,i2403,i2403,662.5,0.0,0.0,0.0,3,662.5,663.0,14,661.5,662.5,664.0,660.0,191.0,12640450.0,13012
2023-05-09 21:07:51,i2403,i2403,662.5,0.0,0.0,0.0,3,662.5,663.0,16,661.5,662.5,664.0,660.0,191.0,12640450.0,13012
2023-05-09 21:07:52,i2403,i2403,662.5,5.0,331250.0,-2.0,13,662.0,663.0,18,661.5,662.5,664.0,660.0,196.0,12971700.0,13010
2023-05-09 21:07:52,i2403,i2403,662.5,0.0,0.0,0.0,13,662.0,663.0,13,661.5,662.5,664.0,660.0,196.0,12971700.0,13010
2023-05-09 21:07:53,i2403,i2403,662.5,0.0,0.0,0.0,2,662.5,663.0,13,661.5,662.5,664.0,660.0,196.0,12971700.0,13010
2023-05-09 21:07:54,i2403,i2403,662.5,0.0,0.0,0.0,17,662.0,663.0,12,661.5,662.5,664.0,660.0,196.0,12971700.0,13010
2023-05-09 21:07:54,i2403,i2403,662.5,0.0,0.0,0.0,16,662.0,663.0,14,661.5,662.5,664.0,660.0,196.0,12971700.0,13010
2023-05-09 21:07:55,i2403,i2403,662.5,0.0,0.0,0.0,17,662.0,663.0,15,661.5,662.5,664.0,660.0,196.0,12971700.0,13010
2023-05-09 21:08:02,i2403,i2403,662.5,0.0,0.0,0.0,17,662.0,663.0,14,661.5,662.5,664.0,660.0,196.0,12971700.0,13010
2023-05-09 21:08:03,i2403,i2403,662.5,0.0,0.0,0.0,17,662.0,663.0,15,661.5,662.5,664.0,660.0,196.0,12971700.0,13010
2023-05-09 21:08:04,i2403,i2403,663.0,14.0,928200.0,6.0,4,663.0,663.5,7,661.5,662.5,664.0,660.0,210.0,13899900.0,13016
2023-05-09 21:08:04,i2403,i2403,663.0,0.0,0.0,0.0,5,663.0,663.5,6,661.5,662.5,664.0,660.0,210.0,13899900.0,13016
2023-05-09 21:08:05,i2403,i2403,663.0,0.0,0.0,0.0,6,663.0,663.5,4,661.5,662.5,664.0,660.0,210.0,13899900.0,13016
2023-05-09 21:08:05,i2403,i2403,663.0,0.0,0.0,0.0,10,663.0,663.5,2,661.5,662.5,664.0,660.0,210.0,13899900.0,13016
2023-05-09 21:08:06,i2403,i2403,663.0,0.0,0.0,0.0,11,663.0,663.5,2,661.5,662.5,664.0,660.0,210.0,13899900.0,13016
2023-05-09 21:08:06,i2403,i2403,663.0,0.0,0.0,0.0,12,663.0,663.5,2,661.5,662.5,664.0,660.0,210.0,13899900.0,13016
2023-05-09 21:08:18,i2403,i2403,663.0,0.0,0.0,0.0,13,663.0,663.5,2,661.5,662.5,664.0,660.0,210.0,13899900.0,13016
2023-05-09 21:08:18,i2403,i2403,663.5,2.0,132700.0,0.0,13,663.0,664.0,43,661.5,662.5,664.0,660.0,212.0,14032600.0,13016
2023-05-09 21:08:19,i2403,i2403,663.5,0.0,0.0,0.0,23,663.0,664.0,17,661.5,662.5,664.0,660.0,212.0,14032600.0,13016
2023-05-09 21:08:19,i2403,i2403,663.5,0.0,0.0,0.0,1,663.5,664.0,13,661.5,662.5,664.0,660.0,212.0,14032600.0,13016
2023-05-09 21:08:20,i2403,i2403,663.5,0.0,0.0,0.0,2,663.5,664.0,13,661.5,662.5,664.0,660.0,212.0,14032600.0,13016
2023-05-09 21:08:21,i2403,i2403,663.5,0.0,0.0,0.0,2,663.5,664.0,14,661.5,662.5,664.0,660.0,212.0,14032600.0,13016
2023-05-09 21:08:27,i2403,i2403,663.5,0.0,0.0,0.0,5,663.5,664.0,8,661.5,662.5,664.0,660.0,212.0,14032600.0,13016
2023-05-09 21:08:27,i2403,i2403,663.5,0.0,0.0,0.0,9,663.5,664.0,3,661.5,662.5,664.0,660.0,212.0,14032600.0,13016
2023-05-09 21:08:28,i2403,i2403,663.5,0.0,0.0,0.0,26,663.5,664.0,2,661.5,662.5,664.0,660.0,212.0,14032600.0,13016
2023-05-09 21:08:28,i2403,i2403,664.0,1.0,66400.0,-1.0,28,663.5,664.5,18,661.5,662.5,664.0,660.0,213.0,14099000.0,13015
2023-05-09 21:08:29,i2403,i2403,664.0,0.0,0.0,0.0,1,664.0,664.5,18,661.5,662.5,664.0,660.0,213.0,14099000.0,13015
2023-05-09 21:08:29,i2403,i2403,664.0,0.0,0.0,0.0,1,664.0,664.5,17,661.5,662.5,664.0,660.0,213.0,14099000.0,13015
2023-05-09 21:08:30,i2403,i2403,664.0,0.0,0.0,0.0,1,664.0,664.5,16,661.5,662.5,664.0,660.0,213.0,14099000.0,13015
2023-05-09 21:08:30,i2403,i2403,664.0,0.0,0.0,0.0,1,664.0,664.5,17,661.5,662.5,664.0,660.0,213.0,14099000.0,13015
2023-05-09 21:08:31,i2403,i2403,664.0,0.0,0.0,0.0,1,664.0,664.5,16,661.5,662.5,664.0,660.0,213.0,14099000.0,13015
2023-05-09 21:08:31,i2403,i2403,664.0,0.0,0.0,0.0,1,664.0,664.5,18,661.5,662.5,664.0,660.0,213.0,14099000.0,13015
2023-05-09 21:08:32,i2403,i2403,664.0,0.0,0.0,0.0,1,664.0,664.5,17,661.5,662.5,664.0,660.0,213.0,14099000.0,13015
2023-05-09 21:08:33,i2403,i2403,664.0,0.0,0.0,0.0,1,664.0,664.5,16,661.5,662.5,664.0,660.0,213.0,14099000.0,13015
2023-05-09 21:08:34,i2403,i2403,664.0,0.0,0.0,0.0,1,664.0,664.5,17,661.5,662.5,664.0,660.0,213.0,14099000.0,13015
2023-05-09 21:08:34,i2403,i2403,664.0,0.0,0.0,0.0,1,664.0,664.5,18,661.5,662.5,664.0,660.0,213.0,14099000.0,13015
2023-05-09 21:08:35,i2403,i2403,664.0,0.0,0.0,0.0,1,664.0,664.5,17,661.5,662.5,664.0,660.0,213.0,14099000.0,13015
2023-05-09 21:08:36,i2403,i2403,664.0,0.0,0.0,0.0,1,664.0,664.5,16,661.5,662.5,664.0,660.0,213.0,14099000.0,13015
2023-05-09 21:08:37,i2403,i2403,664.0,0.0,0.0,0.0,2,664.0,664.5,16,661.5,662.5,664.0,660.0,213.0,14099000.0,13015
2023-05-09 21:08:37,i2403,i2403,664.0,0.0,0.0,0.0,1,664.0,664.5,16,661.5,662.5,664.0,660.0,213.0,14099000.0,13015
2023-05-09 21:08:38,i2403,i2403,664.0,0.0,0.0,0.0,1,664.0,664.5,17,661.5,662.5,664.0,660.0,213.0,14099000.0,13015
2023-05-09 21:08:41,i2403,i2403,664.0,0.0,0.0,0.0,2,664.0,664.5,16,661.5,662.5,664.0,660.0,213.0,14099000.0,13015
2023-05-09 21:08:42,i2403,i2403,664.0,0.0,0.0,0.0,1,664.0,664.5,16,661.5,662.5,664.0,660.0,213.0,14099000.0,13015
2023-05-09 21:08:42,i2403,i2403,664.0,0.0,0.0,0.0,1,664.0,664.5,17,661.5,662.5,664.0,660.0,213.0,14099000.0,13015
2023-05-09 21:08:48,i2403,i2403,664.0,0.0,0.0,0.0,1,664.0,664.5,16,661.5,662.5,664.0,660.0,213.0,14099000.0,13015
2023-05-09 21:08:55,i2403,i2403,664.0,0.0,0.0,0.0,1,664.0,664.5,13,661.5,662.5,664.0,660.0,213.0,14099000.0,13015
2023-05-09 21:08:55,i2403,i2403,664.0,0.0,0.0,0.0,1,664.0,664.5,16,661.5,662.5,664.0,660.0,213.0,14099000.0,13015
2023-05-09 21:08:59,i2403,i2403,664.0,0.0,0.0,0.0,1,664.0,664.5,14,661.5,662.5,664.0,660.0,213.0,14099000.0,13015
2023-05-09 21:09:00,i2403,i2403,664.0,1.0,66400.0,0.0,1,664.0,664.5,15,661.5,662.5,664.0,660.0,214.0,14165400.0,13015
2023-05-09 21:09:01,i2403,i2403,664.0,0.0,0.0,0.0,3,664.0,664.5,13,661.5,662.5,664.0,660.0,214.0,14165400.0,13015
2023-05-09 21:09:01,i2403,i2403,664.0,0.0,0.0,0.0,2,664.0,664.5,13,661.5,662.5,664.0,660.0,214.0,14165400.0,13015
2023-05-09 21:09:03,i2403,i2403,664.0,2.0,132800.0,2.0,20,663.5,664.5,15,661.5,662.5,664.0,660.0,216.0,14298200.0,13017
2023-05-09 21:09:03,i2403,i2403,664.0,0.0,0.0,0.0,17,663.5,664.5,16,661.5,662.5,664.0,660.0,216.0,14298200.0,13017
2023-05-09 21:09:04,i2403,i2403,664.0,0.0,0.0,0.0,16,663.5,664.5,19,661.5,662.5,664.0,660.0,216.0,14298200.0,13017
2023-05-09 21:09:06,i2403,i2403,664.0,0.0,0.0,0.0,14,663.5,664.5,16,661.5,662.5,664.0,660.0,216.0,14298200.0,13017
2023-05-09 21:09:06,i2403,i2403,664.0,0.0,0.0,0.0,18,663.5,664.5,16,661.5,662.5,664.0,660.0,216.0,14298200.0,13017
2023-05-09 21:09:07,i2403,i2403,664.0,0.0,0.0,0.0,1,664.0,664.5,15,661.5,662.5,664.0,660.0,216.0,14298200.0,13017
2023-05-09 21:09:08,i2403,i2403,664.0,0.0,0.0,0.0,4,664.0,664.5,11,661.5,662.5,664.0,660.0,216.0,14298200.0,13017
2023-05-09 21:09:09,i2403,i2403,664.0,0.0,0.0,0.0,2,664.0,664.5,12,661.5,662.5,664.0,660.0,216.0,14298200.0,13017
2023-05-09 21:09:10,i2403,i2403,664.0,0.0,0.0,0.0,2,664.0,664.5,11,661.5,662.5,664.0,660.0,216.0,14298200.0,13017
2023-05-09 21:09:10,i2403,i2403,664.0,0.0,0.0,0.0,2,664.0,664.5,12,661.5,662.5,664.0,660.0,216.0,14298200.0,13017
2023-05-09 21:09:14,i2403,i2403,664.5,12.0,797400.0,9.0,5,664.5,665.0,11,661.5,662.5,664.5,660.0,228.0,15095600.0,13026
2023-05-09 21:09:15,i2403,i2403,664.5,0.0,0.0,0.0,13,664.5,665.0,9,661.5,662.5,664.5,660.0,228.0,15095600.0,13026
2023-05-09 21:09:15,i2403,i2403,664.5,0.0,0.0,0.0,14,664.5,665.0,2,661.5,662.5,664.5,660.0,228.0,15095600.0,13026
2023-05-09 21:09:16,i2403,i2403,664.5,0.0,0.0,0.0,14,664.5,665.0,1,661.5,662.5,664.5,660.0,228.0,15095600.0,13026
2023-05-09 21:09:16,i2403,i2403,664.5,0.0,0.0,0.0,16,664.5,665.5,18,661.5,662.5,664.5,660.0,228.0,15095600.0,13026
2023-05-09 21:09:19,i2403,i2403,664.5,0.0,0.0,0.0,13,664.5,665.0,3,661.5,662.5,664.5,660.0,228.0,15095600.0,13026
2023-05-09 21:09:20,i2403,i2403,664.5,0.0,0.0,0.0,12,664.5,665.0,3,661.5,662.5,664.5,660.0,228.0,15095600.0,13026
2023-05-09 21:09:20,i2403,i2403,664.5,0.0,0.0,0.0,12,664.5,665.0,4,661.5,662.5,664.5,660.0,228.0,15095600.0,13026
2023-05-09 21:09:23,i2403,i2403,665.0,2.0,133000.0,-2.0,14,664.5,665.5,21,661.5,662.5,665.0,660.0,230.0,15228600.0,13024
2023-05-09 21:09:23,i2403,i2403,665.0,0.0,0.0,0.0,14,664.5,665.5,18,661.5,662.5,665.0,660.0,230.0,15228600.0,13024
2023-05-09 21:09:24,i2403,i2403,665.0,0.0,0.0,0.0,16,664.5,665.5,18,661.5,662.5,665.0,660.0,230.0,15228600.0,13024
2023-05-09 21:09:27,i2403,i2403,665.0,0.0,0.0,0.0,16,664.5,665.5,17,661.5,662.5,665.0,660.0,230.0,15228600.0,13024
2023-05-09 21:09:28,i2403,i2403,665.0,0.0,0.0,0.0,2,665.0,665.5,16,661.5,662.5,665.0,660.0,230.0,15228600.0,13024
2023-05-09 21:09:29,i2403,i2403,665.0,1.0,66500.0,0.0,16,664.5,665.5,17,661.5,662.5,665.0,660.0,231.0,15295100.0,13024
2023-05-09 21:09:29,i2403,i2403,665.0,0.0,0.0,0.0,16,664.5,665.5,18,661.5,662.5,665.0,660.0,231.0,15295100.0,13024
2023-05-09 21:09:31,i2403,i2403,665.0,0.0,0.0,0.0,14,664.5,665.0,2,661.5,662.5,665.0,660.0,231.0,15295100.0,13024
2023-05-09 21:09:32,i2403,i2403,665.0,0.0,0.0,0.0,16,664.5,665.5,19,661.5,662.5,665.0,660.0,231.0,15295100.0,13024
2023-05-09 21:09:32,i2403,i2403,665.0,0.0,0.0,0.0,16,664.5,665.5,17,661.5,662.5,665.0,660.0,231.0,15295100.0,13024
2023-05-09 21:09:35,i2403,i2403,665.0,0.0,0.0,0.0,1,665.0,665.5,15,661.5,662.5,665.0,660.0,231.0,15295100.0,13024
2023-05-09 21:09:36,i2403,i2403,665.0,0.0,0.0,0.0,4,665.0,665.5,12,661.5,662.5,665.0,660.0,231.0,15295100.0,13024
2023-05-09 21:09:36,i2403,i2403,665.0,0.0,0.0,0.0,2,665.0,665.5,11,661.5,662.5,665.0,660.0,231.0,15295100.0,13024
2023-05-09 21:09:37,i2403,i2403,665.0,2.0,133000.0,-1.0,13,664.5,665.0,1,661.5,662.5,665.0,660.0,233.0,15428100.0,13023
2023-05-09 21:09:37,i2403,i2403,665.0,0.0,0.0,0.0,16,664.5,665.0,1,661.5,662.5,665.0,660.0,233.0,15428100.0,13023
2023-05-09 21:09:38,i2403,i2403,665.0,0.0,0.0,0.0,16,664.5,665.5,17,661.5,662.5,665.0,660.0,233.0,15428100.0,13023
2023-05-09 21:09:38,i2403,i2403,665.0,0.0,0.0,0.0,17,664.5,665.5,15,661.5,662.5,665.0,660.0,233.0,15428100.0,13023
2023-05-09 21:09:39,i2403,i2403,665.0,0.0,0.0,0.0,17,664.5,665.5,17,661.5,662.5,665.0,660.0,233.0,15428100.0,13023
2023-05-09 21:09:43,i2403,i2403,665.0,0.0,0.0,0.0,16,664.5,665.5,16,661.5,662.5,665.0,660.0,233.0,15428100.0,13023
2023-05-09 21:09:43,i2403,i2403,665.0,0.0,0.0,0.0,15,664.5,665.5,18,661.5,662.5,665.0,660.0,233.0,15428100.0,13023
2023-05-09 21:09:44,i2403,i2403,665.0,0.0,0.0,0.0,16,664.5,665.5,17,661.5,662.5,665.0,660.0,233.0,15428100.0,13023
2023-05-09 21:09:47,i2403,i2403,665.0,0.0,0.0,0.0,17,664.5,665.0,1,661.5,662.5,665.0,660.0,233.0,15428100.0,13023
2023-05-09 21:09:48,i2403,i2403,665.0,0.0,0.0,0.0,12,664.5,665.0,4,661.5,662.5,665.0,660.0,233.0,15428100.0,13023
2023-05-09 21:09:48,i2403,i2403,665.0,0.0,0.0,0.0,11,664.5,665.0,4,661.5,662.5,665.0,660.0,233.0,15428100.0,13023
2023-05-09 21:09:49,i2403,i2403,665.0,0.0,0.0,0.0,11,664.5,665.0,5,661.5,662.5,665.0,660.0,233.0,15428100.0,13023
2023-05-09 21:09:49,i2403,i2403,665.0,0.0,0.0,0.0,15,664.5,665.0,5,661.5,662.5,665.0,660.0,233.0,15428100.0,13023
2023-05-09 21:09:50,i2403,i2403,665.0,0.0,0.0,0.0,12,664.5,665.0,5,661.5,662.5,665.0,660.0,233.0,15428100.0,13023
2023-05-09 21:09:54,i2403,i2403,665.0,0.0,0.0,0.0,16,664.5,665.0,5,661.5,662.5,665.0,660.0,233.0,15428100.0,13023
2023-05-09 21:09:54,i2403,i2403,665.0,0.0,0.0,0.0,12,664.5,665.0,6,661.5,662.5,665.0,660.0,233.0,15428100.0,13023
2023-05-09 21:09:55,i2403,i2403,664.5,12.0,797400.0,-3.0,11,664.0,664.5,1,661.5,662.5,665.0,660.0,245.0,16225500.0,13020
2023-05-09 21:09:56,i2403,i2403,664.5,0.0,0.0,0.0,12,664.0,664.5,4,661.5,662.5,665.0,660.0,245.0,16225500.0,13020
2023-05-09 21:09:56,i2403,i2403,664.5,0.0,0.0,0.0,14,664.0,664.5,4,661.5,662.5,665.0,660.0,245.0,16225500.0,13020
2023-05-09 21:09:57,i2403,i2403,664.5,0.0,0.0,0.0,15,664.0,664.5,4,661.5,662.5,665.0,660.0,245.0,16225500.0,13020
2023-05-09 21:09:58,i2403,i2403,664.5,0.0,0.0,0.0,14,664.0,664.5,3,661.5,662.5,665.0,660.0,245.0,16225500.0,13020
2023-05-09 21:09:58,i2403,i2403,664.5,0.0,0.0,0.0,14,664.0,664.5,5,661.5,662.5,665.0,660.0,245.0,16225500.0,13020
2023-05-09 21:09:59,i2403,i2403,664.5,0.0,0.0,0.0,12,664.0,664.5,4,661.5,662.5,665.0,660.0,245.0,16225500.0,13020
2023-05-09 21:09:59,i2403,i2403,664.0,10.0,664000.0,-5.0,6,663.5,664.0,3,661.5,662.5,665.0,660.0,255.0,16889500.0,13015
2023-05-09 21:10:00,i2403,i2403,664.0,2.0,132800.0,1.0,5,663.5,664.0,7,661.5,662.5,665.0,660.0,257.0,17022300.0,13016
2023-05-09 21:10:00,i2403,i2403,664.0,0.0,0.0,0.0,1,663.5,664.0,11,661.5,662.5,665.0,660.0,257.0,17022300.0,13016
2023-05-09 21:10:01,i2403,i2403,664.0,0.0,0.0,0.0,1,663.5,664.0,15,661.5,662.5,665.0,660.0,257.0,17022300.0,13016
2023-05-09 21:10:06,i2403,i2403,664.0,1.0,66400.0,1.0,1,663.5,664.0,14,661.5,662.5,665.0,660.0,258.0,17088700.0,13017
2023-05-09 21:10:06,i2403,i2403,664.0,0.0,0.0,0.0,1,663.5,664.0,15,661.5,662.5,665.0,660.0,258.0,17088700.0,13017
2023-05-09 21:10:07,i2403,i2403,664.0,1.0,66400.0,1.0,1,663.5,664.0,15,661.5,662.5,665.0,660.0,259.0,17155100.0,13018
2023-05-09 21:10:14,i2403,i2403,664.0,0.0,0.0,0.0,34,663.0,663.5,1,661.5,662.5,665.0,660.0,259.0,17155100.0,13018
2023-05-09 21:10:14,i2403,i2403,664.0,0.0,0.0,0.0,12,663.0,663.5,6,661.5,662.5,665.0,660.0,259.0,17155100.0,13018
2023-05-09 21:10:15,i2403,i2403,664.0,0.0,0.0,0.0,9,663.0,663.5,7,661.5,662.5,665.0,660.0,259.0,17155100.0,13018
2023-05-09 21:10:15,i2403,i2403,664.0,0.0,0.0,0.0,7,663.0,663.5,7,661.5,662.5,665.0,660.0,259.0,17155100.0,13018
2023-05-09 21:10:16,i2403,i2403,664.0,0.0,0.0,0.0,6,663.0,663.5,7,661.5,662.5,665.0,660.0,259.0,17155100.0,13018
2023-05-09 21:10:16,i2403,i2403,664.0,0.0,0.0,0.0,4,663.0,663.5,10,661.5,662.5,665.0,660.0,259.0,17155100.0,13018
2023-05-09 21:10:17,i2403,i2403,664.0,0.0,0.0,0.0,4,663.0,663.5,11,661.5,662.5,665.0,660.0,259.0,17155100.0,13018
2023-05-09 21:10:17,i2403,i2403,663.5,13.0,862550.0,6.0,2,663.5,664.0,11,661.5,662.5,665.0,660.0,272.0,18017650.0,13024
2023-05-09 21:10:18,i2403,i2403,663.5,0.0,0.0,0.0,2,663.5,664.0,13,661.5,662.5,665.0,660.0,272.0,18017650.0,13024
2023-05-09 21:10:18,i2403,i2403,663.5,0.0,0.0,0.0,2,663.5,664.0,16,661.5,662.5,665.0,660.0,272.0,18017650.0,13024
2023-05-09 21:10:19,i2403,i2403,663.5,0.0,0.0,0.0,6,663.5,664.0,11,661.5,662.5,665.0,660.0,272.0,18017650.0,13024
2023-05-09 21:10:19,i2403,i2403,663.5,0.0,0.0,0.0,5,663.5,664.0,12,661.5,662.5,665.0,660.0,272.0,18017650.0,13024
2023-05-09 21:10:20,i2403,i2403,663.5,0.0,0.0,0.0,5,663.5,664.0,10,661.5,662.5,665.0,660.0,272.0,18017650.0,13024
2023-05-09 21:10:20,i2403,i2403,663.5,0.0,0.0,0.0,4,663.5,664.0,9,661.5,662.5,665.0,660.0,272.0,18017650.0,13024
2023-05-09 21:10:22,i2403,i2403,663.5,0.0,0.0,0.0,5,663.5,664.0,8,661.5,662.5,665.0,660.0,272.0,18017650.0,13024
2023-05-09 21:10:22,i2403,i2403,663.5,0.0,0.0,0.0,9,663.5,664.0,4,661.5,662.5,665.0,660.0,272.0,18017650.0,13024
2023-05-09 21:10:23,i2403,i2403,663.5,0.0,0.0,0.0,11,663.5,664.5,17,661.5,662.5,665.0,660.0,272.0,18017650.0,13024
2023-05-09 21:10:23,i2403,i2403,663.5,0.0,0.0,0.0,13,663.5,664.5,17,661.5,662.5,665.0,660.0,272.0,18017650.0,13024
2023-05-09 21:10:24,i2403,i2403,663.5,0.0,0.0,0.0,15,663.5,664.5,17,661.5,662.5,665.0,660.0,272.0,18017650.0,13024
2023-05-09 21:10:37,i2403,i2403,663.5,0.0,0.0,0.0,14,663.5,664.5,16,661.5,662.5,665.0,660.0,272.0,18017650.0,13024
2023-05-09 21:10:38,i2403,i2403,663.5,0.0,0.0,0.0,15,663.5,664.5,17,661.5,662.5,665.0,660.0,272.0,18017650.0,13024
2023-05-09 21:10:42,i2403,i2403,663.5,0.0,0.0,0.0,1,664.0,664.5,13,661.5,662.5,665.0,660.0,272.0,18017650.0,13024
2023-05-09 21:10:43,i2403,i2403,663.5,0.0,0.0,0.0,18,663.5,664.5,14,661.5,662.5,665.0,660.0,272.0,18017650.0,13024
2023-05-09 21:10:43,i2403,i2403,663.5,0.0,0.0,0.0,16,663.5,664.5,14,661.5,662.5,665.0,660.0,272.0,18017650.0,13024
2023-05-09 21:10:46,i2403,i2403,663.5,0.0,0.0,0.0,14,663.5,664.0,2,661.5,662.5,665.0,660.0,272.0,18017650.0,13024
2023-05-09 21:10:46,i2403,i2403,663.5,0.0,0.0,0.0,13,663.5,664.5,17,661.5,662.5,665.0,660.0,272.0,18017650.0,13024
2023-05-09 21:10:47,i2403,i2403,663.5,0.0,0.0,0.0,15,663.5,664.5,17,661.5,662.5,665.0,660.0,272.0,18017650.0,13024
2023-05-09 21:10:50,i2403,i2403,663.5,0.0,0.0,0.0,1,664.0,664.5,13,661.5,662.5,665.0,660.0,272.0,18017650.0,13024
2023-05-09 21:10:51,i2403,i2403,663.5,0.0,0.0,0.0,16,663.5,664.5,14,661.5,662.5,665.0,660.0,272.0,18017650.0,13024
2023-05-09 21:10:51,i2403,i2403,663.5,0.0,0.0,0.0,16,663.5,664.5,13,661.5,662.5,665.0,660.0,272.0,18017650.0,13024
2023-05-09 21:10:52,i2403,i2403,663.5,0.0,0.0,0.0,16,663.5,664.5,14,661.5,662.5,665.0,660.0,272.0,18017650.0,13024
2023-05-09 21:10:56,i2403,i2403,663.5,0.0,0.0,0.0,16,663.5,664.5,16,661.5,662.5,665.0,660.0,272.0,18017650.0,13024
2023-05-09 21:10:59,i2403,i2403,663.5,0.0,0.0,0.0,24,663.5,664.5,14,661.5,662.5,665.0,660.0,272.0,18017650.0,13024
2023-05-09 21:10:59,i2403,i2403,663.5,0.0,0.0,0.0,1,664.0,664.5,13,661.5,662.5,665.0,660.0,272.0,18017650.0,13024
2023-05-09 21:11:00,i2403,i2403,663.5,0.0,0.0,0.0,17,664.0,664.5,8,661.5,662.5,665.0,660.0,272.0,18017650.0,13024
2023-05-09 21:11:00,i2403,i2403,663.5,0.0,0.0,0.0,23,664.0,664.5,3,661.5,662.5,665.0,660.0,272.0,18017650.0,13024
2023-05-09 21:11:01,i2403,i2403,663.5,0.0,0.0,0.0,2,664.5,665.0,16,661.5,662.5,665.0,660.0,272.0,18017650.0,13024
2023-05-09 21:11:01,i2403,i2403,663.5,0.0,0.0,0.0,27,664.0,665.0,17,661.5,662.5,665.0,660.0,272.0,18017650.0,13024
2023-05-09 21:11:02,i2403,i2403,663.5,0.0,0.0,0.0,30,664.0,665.0,17,661.5,662.5,665.0,660.0,272.0,18017650.0,13024
2023-05-09 21:11:02,i2403,i2403,663.5,0.0,0.0,0.0,1,664.5,665.0,16,661.5,662.5,665.0,660.0,272.0,18017650.0,13024
2023-05-09 21:11:03,i2403,i2403,663.5,0.0,0.0,0.0,4,664.5,665.0,14,661.5,662.5,665.0,660.0,272.0,18017650.0,13024
2023-05-09 21:11:03,i2403,i2403,663.5,0.0,0.0,0.0,2,664.5,665.0,15,661.5,662.5,665.0,660.0,272.0,18017650.0,13024
2023-05-09 21:11:04,i2403,i2403,663.5,0.0,0.0,0.0,34,664.0,665.0,15,661.5,662.5,665.0,660.0,272.0,18017650.0,13024
2023-05-09 21:11:04,i2403,i2403,663.5,0.0,0.0,0.0,40,664.0,665.0,15,661.5,662.5,665.0,660.0,272.0,18017650.0,13024
2023-05-09 21:11:04,i2403,i2403,663.5,0.0,0.0,0.0,1,664.5,665.0,14,661.5,662.5,665.0,660.0,272.0,18017650.0,13024
2023-05-09 21:11:06,i2403,i2403,663.5,0.0,0.0,0.0,1,664.5,665.0,13,661.5,662.5,665.0,660.0,272.0,18017650.0,13024
2023-05-09 21:11:06,i2403,i2403,663.5,0.0,0.0,0.0,1,664.5,665.0,12,661.5,662.5,665.0,660.0,272.0,18017650.0,13024
2023-05-09 21:11:09,i2403,i2403,663.5,0.0,0.0,0.0,1,664.5,665.0,13,661.5,662.5,665.0,660.0,272.0,18017650.0,13024
2023-05-09 21:11:10,i2403,i2403,663.5,0.0,0.0,0.0,1,664.5,665.0,14,661.5,662.5,665.0,660.0,272.0,18017650.0,13024
2023-05-09 21:11:12,i2403,i2403,663.5,0.0,0.0,0.0,1,664.5,665.0,13,661.5,662.5,665.0,660.0,272.0,18017650.0,13024
2023-05-09 21:11:12,i2403,i2403,663.5,0.0,0.0,0.0,1,664.5,665.0,11,661.5,662.5,665.0,660.0,272.0,18017650.0,13024
2023-05-09 21:11:15,i2403,i2403,663.5,0.0,0.0,0.0,1,664.5,665.0,10,661.5,662.5,665.0,660.0,272.0,18017650.0,13024
2023-05-09 21:11:15,i2403,i2403,663.5,0.0,0.0,0.0,1,664.5,665.0,13,661.5,662.5,665.0,660.0,272.0,18017650.0,13024
2023-05-09 21:11:15,i2403,i2403,663.5,0.0,0.0,0.0,1,664.5,665.0,14,661.5,662.5,665.0,660.0,272.0,18017650.0,13024
2023-05-09 21:11:17,i2403,i2403,663.5,0.0,0.0,0.0,1,664.5,665.0,13,661.5,662.5,665.0,660.0,272.0,18017650.0,13024
2023-05-09 21:11:17,i2403,i2403,663.5,0.0,0.0,0.0,1,664.5,665.0,11,661.5,662.5,665.0,660.0,272.0,18017650.0,13024
2023-05-09 21:11:18,i2403,i2403,663.5,0.0,0.0,0.0,1,664.5,665.0,12,661.5,662.5,665.0,660.0,272.0,18017650.0,13024
2023-05-09 21:11:23,i2403,i2403,663.5,0.0,0.0,0.0,1,664.5,665.0,11,661.5,662.5,665.0,660.0,272.0,18017650.0,13024
2023-05-09 21:11:26,i2403,i2403,663.5,0.0,0.0,0.0,1,664.5,665.0,10,661.5,662.5,665.0,660.0,272.0,18017650.0,13024
2023-05-09 21:11:27,i2403,i2403,663.5,0.0,0.0,0.0,1,664.5,665.0,11,661.5,662.5,665.0,660.0,272.0,18017650.0,13024
2023-05-09 21:11:30,i2403,i2403,663.5,0.0,0.0,0.0,32,664.0,664.5,3,661.5,662.5,665.0,660.0,272.0,18017650.0,13024
2023-05-09 21:11:31,i2403,i2403,663.5,0.0,0.0,0.0,22,664.0,664.5,3,661.5,662.5,665.0,660.0,272.0,18017650.0,13024
2023-05-09 21:11:31,i2403,i2403,663.5,0.0,0.0,0.0,21,664.0,664.5,2,661.5,662.5,665.0,660.0,272.0,18017650.0,13024
2023-05-09 21:11:33,i2403,i2403,664.5,1.0,66450.0,1.0,1,664.5,665.0,16,661.5,662.5,665.0,660.0,273.0,18084100.0,13025
2023-05-09 21:11:33,i2403,i2403,664.5,1.0,66450.0,0.0,25,664.0,665.0,17,661.5,662.5,665.0,660.0,274.0,18150550.0,13025
2023-05-09 21:11:34,i2403,i2403,664.5,0.0,0.0,0.0,25,664.0,665.0,16,661.5,662.5,665.0,660.0,274.0,18150550.0,13025
2023-05-09 21:11:34,i2403,i2403,664.5,0.0,0.0,0.0,26,664.0,665.0,17,661.5,662.5,665.0,660.0,274.0,18150550.0,13025
2023-05-09 21:11:36,i2403,i2403,664.5,0.0,0.0,0.0,16,664.0,665.0,17,661.5,662.5,665.0,660.0,274.0,18150550.0,13025
2023-05-09 21:11:37,i2403,i2403,664.5,0.0,0.0,0.0,15,664.0,665.0,17,661.5,662.5,665.0,660.0,274.0,18150550.0,13025
2023-05-09 21:12:02,i2403,i2403,664.5,0.0,0.0,0.0,3,664.5,665.0,12,661.5,662.5,665.0,660.0,274.0,18150550.0,13025
2023-05-09 21:12:03,i2403,i2403,664.5,0.0,0.0,0.0,16,664.0,665.0,15,661.5,662.5,665.0,660.0,274.0,18150550.0,13025
2023-05-09 21:12:03,i2403,i2403,664.5,0.0,0.0,0.0,15,664.0,665.0,15,661.5,662.5,665.0,660.0,274.0,18150550.0,13025
2023-05-09 21:12:04,i2403,i2403,664.5,0.0,0.0,0.0,15,664.0,665.0,17,661.5,662.5,665.0,660.0,274.0,18150550.0,13025
2023-05-09 21:12:05,i2403,i2403,664.5,0.0,0.0,0.0,12,664.0,664.5,2,661.5,662.5,665.0,660.0,274.0,18150550.0,13025
2023-05-09 21:12:05,i2403,i2403,664.5,0.0,0.0,0.0,13,664.0,665.0,17,661.5,662.5,665.0,660.0,274.0,18150550.0,13025
2023-05-09 21:12:06,i2403,i2403,664.5,0.0,0.0,0.0,15,664.0,665.0,17,661.5,662.5,665.0,660.0,274.0,18150550.0,13025
2023-05-09 21:12:12,i2403,i2403,664.0,5.0,332000.0,0.0,11,664.0,665.0,14,661.5,662.5,665.0,660.0,279.0,18482550.0,13025
2023-05-09 21:12:13,i2403,i2403,664.0,0.0,0.0,0.0,12,664.0,665.0,15,661.5,662.5,665.0,660.0,279.0,18482550.0,13025
2023-05-09 21:12:13,i2403,i2403,664.0,0.0,0.0,0.0,13,664.0,665.0,16,661.5,662.5,665.0,660.0,279.0,18482550.0,13025
2023-05-09 21:12:13,i2403,i2403,664.0,0.0,0.0,0.0,14,664.0,665.0,17,661.5,662.5,665.0,660.0,279.0,18482550.0,13025
2023-05-09 21:12:19,i2403,i2403,665.0,1.0,66500.0,0.0,1,664.5,665.0,14,661.5,662.5,665.0,660.0,280.0,18549050.0,13025
2023-05-09 21:12:19,i2403,i2403,665.0,0.0,0.0,0.0,14,664.0,665.0,14,661.5,662.5,665.0,660.0,280.0,18549050.0,13025
2023-05-09 21:12:21,i2403,i2403,665.0,0.0,0.0,0.0,14,664.0,665.0,16,661.5,662.5,665.0,660.0,280.0,18549050.0,13025
2023-05-09 21:12:21,i2403,i2403,665.0,0.0,0.0,0.0,16,664.0,665.0,17,661.5,662.5,665.0,660.0,280.0,18549050.0,13025
2023-05-09 21:12:22,i2403,i2403,665.0,0.0,0.0,0.0,14,664.0,665.0,17,661.5,662.5,665.0,660.0,280.0,18549050.0,13025
2023-05-09 21:12:23,i2403,i2403,665.0,0.0,0.0,0.0,13,664.0,665.0,17,661.5,662.5,665.0,660.0,280.0,18549050.0,13025
2023-05-09 21:12:24,i2403,i2403,665.0,0.0,0.0,0.0,14,664.0,665.0,16,661.5,662.5,665.0,660.0,280.0,18549050.0,13025
2023-05-09 21:12:24,i2403,i2403,665.0,0.0,0.0,0.0,1,664.5,665.0,13,661.5,662.5,665.0,660.0,280.0,18549050.0,13025
2023-05-09 21:12:25,i2403,i2403,665.0,0.0,0.0,0.0,15,664.0,665.0,14,661.5,662.5,665.0,660.0,280.0,18549050.0,13025
2023-05-09 21:12:26,i2403,i2403,665.0,0.0,0.0,0.0,16,664.0,665.0,15,661.5,662.5,665.0,660.0,280.0,18549050.0,13025
2023-05-09 21:12:26,i2403,i2403,665.0,0.0,0.0,0.0,16,664.0,665.0,17,661.5,662.5,665.0,660.0,280.0,18549050.0,13025
2023-05-09 21:12:44,i2403,i2403,665.0,0.0,0.0,0.0,16,664.0,665.0,18,661.5,662.5,665.0,660.0,280.0,18549050.0,13025
2023-05-09 21:12:50,i2403,i2403,665.0,0.0,0.0,0.0,4,664.5,665.0,12,661.5,662.5,665.0,660.0,280.0,18549050.0,13025
2023-05-09 21:12:50,i2403,i2403,665.0,0.0,0.0,0.0,3,664.5,665.0,9,661.5,662.5,665.0,660.0,280.0,18549050.0,13025
2023-05-09 21:12:51,i2403,i2403,665.0,0.0,0.0,0.0,2,664.5,665.0,8,661.5,662.5,665.0,660.0,280.0,18549050.0,13025
2023-05-09 21:12:51,i2403,i2403,665.0,0.0,0.0,0.0,1,664.5,665.0,12,661.5,662.5,665.0,660.0,280.0,18549050.0,13025
2023-05-09 21:12:52,i2403,i2403,665.0,0.0,0.0,0.0,1,664.5,665.0,14,661.5,662.5,665.0,660.0,280.0,18549050.0,13025
2023-05-09 21:12:54,i2403,i2403,665.0,0.0,0.0,0.0,7,664.5,665.0,9,661.5,662.5,665.0,660.0,280.0,18549050.0,13025
2023-05-09 21:12:54,i2403,i2403,665.0,0.0,0.0,0.0,6,664.5,665.0,4,661.5,662.5,665.0,660.0,280.0,18549050.0,13025
2023-05-09 21:12:55,i2403,i2403,665.0,0.0,0.0,0.0,12,664.5,665.0,1,661.5,662.5,665.0,660.0,280.0,18549050.0,13025
2023-05-09 21:12:55,i2403,i2403,665.0,1.0,66500.0,1.0,11,665.0,665.5,18,661.5,662.5,665.0,660.0,281.0,18615550.0,13026
2023-05-09 21:12:56,i2403,i2403,665.0,0.0,0.0,0.0,10,665.0,665.5,16,661.5,662.5,665.0,660.0,281.0,18615550.0,13026
2023-05-09 21:12:56,i2403,i2403,665.0,0.0,0.0,0.0,12,665.0,665.5,14,661.5,662.5,665.0,660.0,281.0,18615550.0,13026
2023-05-09 21:12:57,i2403,i2403,665.0,0.0,0.0,0.0,14,665.0,665.5,13,661.5,662.5,665.0,660.0,281.0,18615550.0,13026
2023-05-09 21:12:57,i2403,i2403,665.0,0.0,0.0,0.0,18,665.0,665.5,9,661.5,662.5,665.0,660.0,281.0,18615550.0,13026
2023-05-09 21:12:58,i2403,i2403,665.0,0.0,0.0,0.0,19,665.0,665.5,8,661.5,662.5,665.0,660.0,281.0,18615550.0,13026
2023-05-09 21:12:58,i2403,i2403,665.0,0.0,0.0,0.0,21,665.0,665.5,5,661.5,662.5,665.0,660.0,281.0,18615550.0,13026
2023-05-09 21:13:01,i2403,i2403,665.0,0.0,0.0,0.0,19,665.0,665.5,5,661.5,662.5,665.0,660.0,281.0,18615550.0,13026
2023-05-09 21:13:02,i2403,i2403,665.0,0.0,0.0,0.0,21,665.0,665.5,5,661.5,662.5,665.0,660.0,281.0,18615550.0,13026
2023-05-09 21:13:02,i2403,i2403,665.0,0.0,0.0,0.0,23,665.0,665.5,5,661.5,662.5,665.0,660.0,281.0,18615550.0,13026
2023-05-09 21:13:04,i2403,i2403,665.0,22.0,1463000.0,14.0,5,664.5,665.0,5,661.5,662.5,665.0,660.0,303.0,20078550.0,13040
2023-05-09 21:13:04,i2403,i2403,665.0,3.0,199500.0,3.0,4,664.5,665.0,2,661.5,662.5,665.0,660.0,306.0,20278050.0,13043
2023-05-09 21:13:05,i2403,i2403,665.0,0.0,0.0,0.0,3,664.5,665.0,6,661.5,662.5,665.0,660.0,306.0,20278050.0,13043
2023-05-09 21:13:05,i2403,i2403,665.0,0.0,0.0,0.0,15,664.0,665.0,12,661.5,662.5,665.0,660.0,306.0,20278050.0,13043
2023-05-09 21:13:06,i2403,i2403,665.0,0.0,0.0,0.0,15,664.0,665.0,15,661.5,662.5,665.0,660.0,306.0,20278050.0,13043
2023-05-09 21:13:07,i2403,i2403,665.0,0.0,0.0,0.0,17,664.0,665.0,15,661.5,662.5,665.0,660.0,306.0,20278050.0,13043
2023-05-09 21:13:07,i2403,i2403,665.0,0.0,0.0,0.0,4,664.5,665.0,11,661.5,662.5,665.0,660.0,306.0,20278050.0,13043
2023-05-09 21:13:08,i2403,i2403,665.0,0.0,0.0,0.0,3,664.5,665.0,11,661.5,662.5,665.0,660.0,306.0,20278050.0,13043
2023-05-09 21:13:08,i2403,i2403,665.0,0.0,0.0,0.0,2,664.5,665.0,11,661.5,662.5,665.0,660.0,306.0,20278050.0,13043
2023-05-09 21:13:17,i2403,i2403,665.0,12.0,798000.0,-6.0,5,665.0,665.5,12,661.5,662.5,665.0,660.0,318.0,21076050.0,13037
2023-05-09 21:13:17,i2403,i2403,665.0,0.0,0.0,0.0,5,665.0,665.5,14,661.5,662.5,665.0,660.0,318.0,21076050.0,13037
2023-05-09 21:13:18,i2403,i2403,665.0,0.0,0.0,0.0,5,665.0,665.5,15,661.5,662.5,665.0,660.0,318.0,21076050.0,13037
2023-05-09 21:13:23,i2403,i2403,665.0,0.0,0.0,0.0,11,665.0,665.5,10,661.5,662.5,665.0,660.0,318.0,21076050.0,13037
2023-05-09 21:13:23,i2403,i2403,665.0,0.0,0.0,0.0,14,665.0,665.5,4,661.5,662.5,665.0,660.0,318.0,21076050.0,13037
2023-05-09 21:13:24,i2403,i2403,665.0,0.0,0.0,0.0,14,665.0,665.5,3,661.5,662.5,665.0,660.0,318.0,21076050.0,13037
2023-05-09 21:13:25,i2403,i2403,665.0,0.0,0.0,0.0,15,665.0,665.5,2,661.5,662.5,665.0,660.0,318.0,21076050.0,13037
2023-05-09 21:13:29,i2403,i2403,665.0,0.0,0.0,0.0,16,665.0,665.5,2,661.5,662.5,665.0,660.0,318.0,21076050.0,13037
2023-05-09 21:13:30,i2403,i2403,665.5,2.0,133100.0,-2.0,16,665.0,666.0,19,661.5,662.5,665.5,660.0,320.0,21209150.0,13035
2023-05-09 21:13:31,i2403,i2403,665.5,0.0,0.0,0.0,1,665.5,666.0,19,661.5,662.5,665.5,660.0,320.0,21209150.0,13035
2023-05-09 21:13:37,i2403,i2403,665.5,0.0,0.0,0.0,1,665.5,666.0,18,661.5,662.5,665.5,660.0,320.0,21209150.0,13035
2023-05-09 21:13:39,i2403,i2403,665.5,0.0,0.0,0.0,1,665.5,666.0,17,661.5,662.5,665.5,660.0,320.0,21209150.0,13035
2023-05-09 21:13:39,i2403,i2403,665.5,0.0,0.0,0.0,2,665.5,666.0,17,661.5,662.5,665.5,660.0,320.0,21209150.0,13035
2023-05-09 21:13:40,i2403,i2403,665.5,0.0,0.0,0.0,1,665.5,666.0,18,661.5,662.5,665.5,660.0,320.0,21209150.0,13035
2023-05-09 21:13:49,i2403,i2403,665.5,0.0,0.0,0.0,2,665.5,666.0,15,661.5,662.5,665.5,660.0,320.0,21209150.0,13035
2023-05-09 21:13:50,i2403,i2403,665.5,0.0,0.0,0.0,2,665.5,666.0,12,661.5,662.5,665.5,660.0,320.0,21209150.0,13035
2023-05-09 21:13:50,i2403,i2403,665.5,0.0,0.0,0.0,1,665.5,666.0,18,661.5,662.5,665.5,660.0,320.0,21209150.0,13035
2023-05-09 21:13:54,i2403,i2403,665.5,1.0,66550.0,-1.0,18,665.0,666.0,18,661.5,662.5,665.5,660.0,321.0,21275700.0,13034
2023-05-09 21:13:54,i2403,i2403,665.5,0.0,0.0,0.0,17,665.0,666.0,18,661.5,662.5,665.5,660.0,321.0,21275700.0,13034
2023-05-09 21:13:56,i2403,i2403,665.0,1.0,66500.0,1.0,17,665.0,666.0,18,661.5,662.5,665.5,660.0,322.0,21342200.0,13035
2023-05-09 21:13:57,i2403,i2403,665.0,0.0,0.0,0.0,18,665.0,666.0,18,661.5,662.5,665.5,660.0,322.0,21342200.0,13035
2023-05-09 21:14:20,i2403,i2403,665.0,0.0,0.0,0.0,16,665.0,666.0,16,661.5,662.5,665.5,660.0,322.0,21342200.0,13035
2023-05-09 21:14:20,i2403,i2403,665.0,0.0,0.0,0.0,18,665.0,666.0,18,661.5,662.5,665.5,660.0,322.0,21342200.0,13035
2023-05-09 21:14:21,i2403,i2403,665.0,0.0,0.0,0.0,1,665.5,666.0,16,661.5,662.5,665.5,660.0,322.0,21342200.0,13035
2023-05-09 21:14:21,i2403,i2403,665.0,0.0,0.0,0.0,19,665.0,666.0,18,661.5,662.5,665.5,660.0,322.0,21342200.0,13035
2023-05-09 21:14:22,i2403,i2403,665.0,0.0,0.0,0.0,18,665.0,666.0,18,661.5,662.5,665.5,660.0,322.0,21342200.0,13035
2023-05-09 21:14:25,i2403,i2403,665.0,0.0,0.0,0.0,18,665.0,666.0,19,661.5,662.5,665.5,660.0,322.0,21342200.0,13035
2023-05-09 21:14:27,i2403,i2403,665.0,0.0,0.0,0.0,18,665.0,666.0,18,661.5,662.5,665.5,660.0,322.0,21342200.0,13035
2023-05-09 21:14:27,i2403,i2403,665.0,0.0,0.0,0.0,1,665.5,666.0,15,661.5,662.5,665.5,660.0,322.0,21342200.0,13035
2023-05-09 21:14:28,i2403,i2403,665.0,0.0,0.0,0.0,1,665.5,666.0,14,661.5,662.5,665.5,660.0,322.0,21342200.0,13035
2023-05-09 21:14:28,i2403,i2403,665.0,0.0,0.0,0.0,2,665.5,666.0,12,661.5,662.5,665.5,660.0,322.0,21342200.0,13035
2023-05-09 21:14:29,i2403,i2403,665.0,0.0,0.0,0.0,3,665.5,666.0,11,661.5,662.5,665.5,660.0,322.0,21342200.0,13035
2023-05-09 21:14:30,i2403,i2403,665.0,0.0,0.0,0.0,41,665.0,666.0,15,661.5,662.5,665.5,660.0,322.0,21342200.0,13035
2023-05-09 21:14:31,i2403,i2403,665.0,0.0,0.0,0.0,2,665.5,666.0,14,661.5,662.5,665.5,660.0,322.0,21342200.0,13035
2023-05-09 21:14:31,i2403,i2403,665.0,0.0,0.0,0.0,1,665.5,666.0,12,661.5,662.5,665.5,660.0,322.0,21342200.0,13035
2023-05-09 21:14:32,i2403,i2403,665.0,0.0,0.0,0.0,39,665.0,666.0,15,661.5,662.5,665.5,660.0,322.0,21342200.0,13035
2023-05-09 21:14:32,i2403,i2403,665.0,0.0,0.0,0.0,51,665.0,666.0,17,661.5,662.5,665.5,660.0,322.0,21342200.0,13035
2023-05-09 21:14:33,i2403,i2403,665.0,0.0,0.0,0.0,5,665.5,666.0,13,661.5,662.5,665.5,660.0,322.0,21342200.0,13035
2023-05-09 21:14:33,i2403,i2403,665.0,0.0,0.0,0.0,2,665.5,666.0,13,661.5,662.5,665.5,660.0,322.0,21342200.0,13035
2023-05-09 21:14:34,i2403,i2403,665.0,0.0,0.0,0.0,48,665.0,666.0,15,661.5,662.5,665.5,660.0,322.0,21342200.0,13035
2023-05-09 21:14:34,i2403,i2403,665.0,0.0,0.0,0.0,1,665.5,666.0,14,661.5,662.5,665.5,660.0,322.0,21342200.0,13035
2023-05-09 21:14:35,i2403,i2403,665.0,0.0,0.0,0.0,54,665.0,666.0,15,661.5,662.5,665.5,660.0,322.0,21342200.0,13035
2023-05-09 21:14:36,i2403,i2403,665.0,0.0,0.0,0.0,2,665.5,666.0,13,661.5,662.5,665.5,660.0,322.0,21342200.0,13035
2023-05-09 21:14:36,i2403,i2403,665.0,0.0,0.0,0.0,54,665.0,666.0,15,661.5,662.5,665.5,660.0,322.0,21342200.0,13035
2023-05-09 21:14:37,i2403,i2403,665.0,0.0,0.0,0.0,1,665.5,666.0,14,661.5,662.5,665.5,660.0,322.0,21342200.0,13035
2023-05-09 21:14:37,i2403,i2403,665.0,0.0,0.0,0.0,1,665.5,666.0,13,661.5,662.5,665.5,660.0,322.0,21342200.0,13035
2023-05-09 21:14:37,i2403,i2403,665.0,0.0,0.0,0.0,54,665.0,666.0,14,661.5,662.5,665.5,660.0,322.0,21342200.0,13035
2023-05-09 21:14:38,i2403,i2403,665.0,0.0,0.0,0.0,2,665.5,666.0,13,661.5,662.5,665.5,660.0,322.0,21342200.0,13035
2023-05-09 21:14:39,i2403,i2403,665.0,0.0,0.0,0.0,54,665.0,666.0,14,661.5,662.5,665.5,660.0,322.0,21342200.0,13035
2023-05-09 21:14:39,i2403,i2403,665.0,0.0,0.0,0.0,1,665.5,666.0,14,661.5,662.5,665.5,660.0,322.0,21342200.0,13035
2023-05-09 21:14:40,i2403,i2403,665.0,0.0,0.0,0.0,54,665.0,666.0,15,661.5,662.5,665.5,660.0,322.0,21342200.0,13035
2023-05-09 21:14:41,i2403,i2403,665.0,0.0,0.0,0.0,2,665.5,666.0,13,661.5,662.5,665.5,660.0,322.0,21342200.0,13035
2023-05-09 21:14:41,i2403,i2403,665.0,0.0,0.0,0.0,54,665.0,666.0,15,661.5,662.5,665.5,660.0,322.0,21342200.0,13035
2023-05-09 21:14:42,i2403,i2403,665.0,0.0,0.0,0.0,1,665.5,666.0,14,661.5,662.5,665.5,660.0,322.0,21342200.0,13035
2023-05-09 21:14:42,i2403,i2403,665.0,0.0,0.0,0.0,2,665.5,666.0,12,661.5,662.5,665.5,660.0,322.0,21342200.0,13035
2023-05-09 21:14:43,i2403,i2403,665.0,0.0,0.0,0.0,54,665.0,666.0,14,661.5,662.5,665.5,660.0,322.0,21342200.0,13035
2023-05-09 21:14:43,i2403,i2403,665.0,0.0,0.0,0.0,2,665.5,666.0,13,661.5,662.5,665.5,660.0,322.0,21342200.0,13035
2023-05-09 21:14:43,i2403,i2403,665.0,0.0,0.0,0.0,1,665.5,666.0,14,661.5,662.5,665.5,660.0,322.0,21342200.0,13035
2023-05-09 21:14:44,i2403,i2403,665.0,0.0,0.0,0.0,1,665.5,666.0,13,661.5,662.5,665.5,660.0,322.0,21342200.0,13035
2023-05-09 21:14:45,i2403,i2403,665.0,0.0,0.0,0.0,1,665.5,666.0,14,661.5,662.5,665.5,660.0,322.0,21342200.0,13035
2023-05-09 21:14:46,i2403,i2403,665.0,0.0,0.0,0.0,1,665.5,666.0,13,661.5,662.5,665.5,660.0,322.0,21342200.0,13035
2023-05-09 21:14:47,i2403,i2403,666.0,5.0,333000.0,3.0,1,665.5,666.0,10,661.5,662.5,666.0,660.0,327.0,21675200.0,13038
2023-05-09 21:14:47,i2403,i2403,666.0,0.0,0.0,0.0,1,665.5,666.0,11,661.5,662.5,666.0,660.0,327.0,21675200.0,13038
2023-05-09 21:14:48,i2403,i2403,666.0,0.0,0.0,0.0,1,665.5,666.0,14,661.5,662.5,666.0,660.0,327.0,21675200.0,13038
2023-05-09 21:14:48,i2403,i2403,666.0,0.0,0.0,0.0,26,665.0,665.5,3,661.5,662.5,666.0,660.0,327.0,21675200.0,13038
2023-05-09 21:14:49,i2403,i2403,666.0,0.0,0.0,0.0,17,665.0,665.5,1,661.5,662.5,666.0,660.0,327.0,21675200.0,13038
2023-05-09 21:14:49,i2403,i2403,666.0,0.0,0.0,0.0,17,665.0,666.0,17,661.5,662.5,666.0,660.0,327.0,21675200.0,13038
2023-05-09 21:14:50,i2403,i2403,666.0,0.0,0.0,0.0,16,665.0,666.0,16,661.5,662.5,666.0,660.0,327.0,21675200.0,13038
2023-05-09 21:14:50,i2403,i2403,666.0,0.0,0.0,0.0,18,665.0,666.0,18,661.5,662.5,666.0,660.0,327.0,21675200.0,13038
2023-05-09 21:14:56,i2403,i2403,666.0,0.0,0.0,0.0,17,665.0,665.5,1,661.5,662.5,666.0,660.0,327.0,21675200.0,13038
2023-05-09 21:14:58,i2403,i2403,666.0,0.0,0.0,0.0,18,665.0,666.0,19,661.5,662.5,666.0,660.0,327.0,21675200.0,13038
2023-05-09 21:14:59,i2403,i2403,666.0,0.0,0.0,0.0,18,665.0,666.0,18,661.5,662.5,666.0,660.0,327.0,21675200.0,13038
2023-05-09 21:15:06,i2403,i2403,666.0,0.0,0.0,0.0,17,665.0,666.0,17,661.5,662.5,666.0,660.0,327.0,21675200.0,13038
2023-05-09 21:15:07,i2403,i2403,666.0,0.0,0.0,0.0,2,665.5,666.0,12,661.5,662.5,666.0,660.0,327.0,21675200.0,13038
2023-05-09 21:15:07,i2403,i2403,666.0,0.0,0.0,0.0,43,665.0,666.0,13,661.5,662.5,666.0,660.0,327.0,21675200.0,13038
2023-05-09 21:15:08,i2403,i2403,666.0,0.0,0.0,0.0,46,665.0,666.0,14,661.5,662.5,666.0,660.0,327.0,21675200.0,13038
2023-05-09 21:15:08,i2403,i2403,666.0,0.0,0.0,0.0,2,665.5,666.0,12,661.5,662.5,666.0,660.0,327.0,21675200.0,13038
2023-05-09 21:15:09,i2403,i2403,666.0,0.0,0.0,0.0,48,665.0,666.0,14,661.5,662.5,666.0,660.0,327.0,21675200.0,13038
2023-05-09 21:15:09,i2403,i2403,666.0,0.0,0.0,0.0,1,665.5,666.0,13,661.5,662.5,666.0,660.0,327.0,21675200.0,13038
2023-05-09 21:15:10,i2403,i2403,666.0,0.0,0.0,0.0,43,665.0,666.0,14,661.5,662.5,666.0,660.0,327.0,21675200.0,13038
2023-05-09 21:15:11,i2403,i2403,666.0,0.0,0.0,0.0,2,665.5,666.0,12,661.5,662.5,666.0,660.0,327.0,21675200.0,13038
2023-05-09 21:15:11,i2403,i2403,666.0,0.0,0.0,0.0,40,665.0,666.0,15,661.5,662.5,666.0,660.0,327.0,21675200.0,13038
2023-05-09 21:15:12,i2403,i2403,666.0,0.0,0.0,0.0,1,665.5,666.0,15,661.5,662.5,666.0,660.0,327.0,21675200.0,13038
2023-05-09 21:15:12,i2403,i2403,666.0,0.0,0.0,0.0,1,665.5,666.0,14,661.5,662.5,666.0,660.0,327.0,21675200.0,13038
2023-05-09 21:15:13,i2403,i2403,666.0,0.0,0.0,0.0,28,665.0,666.0,16,661.5,662.5,666.0,660.0,327.0,21675200.0,13038
2023-05-09 21:15:14,i2403,i2403,666.0,0.0,0.0,0.0,22,665.0,666.0,14,661.5,662.5,666.0,660.0,327.0,21675200.0,13038
2023-05-09 21:15:14,i2403,i2403,666.0,0.0,0.0,0.0,20,665.0,666.0,15,661.5,662.5,666.0,660.0,327.0,21675200.0,13038
2023-05-09 21:15:14,i2403,i2403,666.0,0.0,0.0,0.0,19,665.0,666.0,15,661.5,662.5,666.0,660.0,327.0,21675200.0,13038
2023-05-09 21:15:18,i2403,i2403,666.0,0.0,0.0,0.0,20,665.0,666.0,16,661.5,662.5,666.0,660.0,327.0,21675200.0,13038
2023-05-09 21:15:18,i2403,i2403,666.0,0.0,0.0,0.0,21,665.0,666.0,16,661.5,662.5,666.0,660.0,327.0,21675200.0,13038
2023-05-09 21:15:20,i2403,i2403,666.0,0.0,0.0,0.0,21,665.0,666.0,15,661.5,662.5,666.0,660.0,327.0,21675200.0,13038
2023-05-09 21:15:20,i2403,i2403,666.0,0.0,0.0,0.0,21,665.0,666.0,16,661.5,662.5,666.0,660.0,327.0,21675200.0,13038
2023-05-09 21:15:21,i2403,i2403,666.0,0.0,0.0,0.0,22,665.0,666.0,16,661.5,662.5,666.0,660.0,327.0,21675200.0,13038
2023-05-09 21:15:23,i2403,i2403,666.0,0.0,0.0,0.0,18,665.0,666.0,16,661.5,662.5,666.0,660.0,327.0,21675200.0,13038
2023-05-09 21:15:24,i2403,i2403,666.0,0.0,0.0,0.0,18,665.0,666.0,17,661.5,662.5,666.0,660.0,327.0,21675200.0,13038
2023-05-09 21:15:25,i2403,i2403,666.0,0.0,0.0,0.0,18,665.0,666.0,19,661.5,662.5,666.0,660.0,327.0,21675200.0,13038
2023-05-09 21:15:26,i2403,i2403,666.0,5.0,333000.0,-4.0,15,665.0,666.0,14,661.5,662.5,666.0,660.0,332.0,22008200.0,13034
2023-05-09 21:15:26,i2403,i2403,666.0,0.0,0.0,0.0,17,665.0,666.0,16,661.5,662.5,666.0,660.0,332.0,22008200.0,13034
2023-05-09 21:15:27,i2403,i2403,666.0,0.0,0.0,0.0,18,665.0,666.0,17,661.5,662.5,666.0,660.0,332.0,22008200.0,13034
2023-05-09 21:15:27,i2403,i2403,666.0,0.0,0.0,0.0,35,665.0,666.0,15,661.5,662.5,666.0,660.0,332.0,22008200.0,13034
2023-05-09 21:15:28,i2403,i2403,666.0,0.0,0.0,0.0,3,665.5,666.0,11,661.5,662.5,666.0,660.0,332.0,22008200.0,13034
2023-05-09 21:15:28,i2403,i2403,666.0,1.0,66600.0,0.0,6,665.5,666.0,8,661.5,662.5,666.0,660.0,333.0,22074800.0,13034
2023-05-09 21:15:29,i2403,i2403,666.0,10.0,666000.0,0.0,7,666.0,666.5,7,661.5,662.5,666.0,660.0,343.0,22740800.0,13034
2023-05-09 21:15:29,i2403,i2403,666.0,0.0,0.0,0.0,9,666.0,666.5,4,661.5,662.5,666.0,660.0,343.0,22740800.0,13034
2023-05-09 21:15:30,i2403,i2403,666.0,0.0,0.0,0.0,13,666.0,666.5,4,661.5,662.5,666.0,660.0,343.0,22740800.0,13034
2023-05-09 21:15:30,i2403,i2403,666.0,0.0,0.0,0.0,15,666.0,666.5,4,661.5,662.5,666.0,660.0,343.0,22740800.0,13034
2023-05-09 21:15:31,i2403,i2403,666.0,0.0,0.0,0.0,16,666.0,666.5,4,661.5,662.5,666.0,660.0,343.0,22740800.0,13034
2023-05-09 21:15:43,i2403,i2403,666.0,0.0,0.0,0.0,15,666.0,666.5,4,661.5,662.5,666.0,660.0,343.0,22740800.0,13034
2023-05-09 21:15:44,i2403,i2403,666.0,0.0,0.0,0.0,16,666.0,666.5,4,661.5,662.5,666.0,660.0,343.0,22740800.0,13034
2023-05-09 21:15:45,i2403,i2403,666.0,0.0,0.0,0.0,17,666.0,666.5,4,661.5,662.5,666.0,660.0,343.0,22740800.0,13034
2023-05-09 21:15:49,i2403,i2403,666.0,2.0,133200.0,-1.0,15,666.0,666.5,4,661.5,662.5,666.0,660.0,345.0,22874000.0,13033
2023-05-09 21:15:50,i2403,i2403,666.5,1.0,66650.0,0.0,15,666.0,666.5,3,661.5,662.5,666.5,660.0,346.0,22940650.0,13033
2023-05-09 21:15:50,i2403,i2403,666.5,1.0,66650.0,1.0,14,666.0,666.5,4,661.5,662.5,666.5,660.0,347.0,23007300.0,13034
2023-05-09 21:15:51,i2403,i2403,666.0,16.0,1065600.0,-6.0,7,665.5,666.0,4,661.5,662.5,666.5,660.0,363.0,24072900.0,13028
2023-05-09 21:15:51,i2403,i2403,666.0,1.0,66600.0,-1.0,6,665.5,666.0,5,661.5,662.5,666.5,660.0,364.0,24139500.0,13027
2023-05-09 21:15:52,i2403,i2403,666.0,0.0,0.0,0.0,11,665.5,666.0,4,661.5,662.5,666.5,660.0,364.0,24139500.0,13027
2023-05-09 21:15:52,i2403,i2403,666.0,0.0,0.0,0.0,12,665.5,666.0,5,661.5,662.5,666.5,660.0,364.0,24139500.0,13027
2023-05-09 21:15:53,i2403,i2403,666.0,0.0,0.0,0.0,10,665.5,666.0,6,661.5,662.5,666.5,660.0,364.0,24139500.0,13027
2023-05-09 21:15:54,i2403,i2403,666.0,0.0,0.0,0.0,5,665.5,666.0,12,661.5,662.5,666.5,660.0,364.0,24139500.0,13027
2023-05-09 21:15:55,i2403,i2403,666.0,0.0,0.0,0.0,2,665.5,666.0,15,661.5,662.5,666.5,660.0,364.0,24139500.0,13027
2023-05-09 21:15:55,i2403,i2403,666.0,0.0,0.0,0.0,1,665.5,666.0,16,661.5,662.5,666.5,660.0,364.0,24139500.0,13027
2023-05-09 21:15:56,i2403,i2403,666.0,0.0,0.0,0.0,1,665.5,666.0,17,661.5,662.5,666.5,660.0,364.0,24139500.0,13027
2023-05-09 21:16:00,i2403,i2403,666.0,0.0,0.0,0.0,25,665.0,666.0,18,661.5,662.5,666.5,660.0,364.0,24139500.0,13027
2023-05-09 21:16:01,i2403,i2403,666.0,0.0,0.0,0.0,17,665.0,666.0,20,661.5,662.5,666.5,660.0,364.0,24139500.0,13027
2023-05-09 21:16:01,i2403,i2403,666.0,0.0,0.0,0.0,17,665.0,666.0,21,661.5,662.5,666.5,660.0,364.0,24139500.0,13027
2023-05-09 21:16:02,i2403,i2403,666.0,0.0,0.0,0.0,15,665.0,665.5,2,661.5,662.5,666.5,660.0,364.0,24139500.0,13027
2023-05-09 21:16:03,i2403,i2403,666.0,0.0,0.0,0.0,7,665.0,665.5,6,661.5,662.5,666.5,660.0,364.0,24139500.0,13027
2023-05-09 21:16:03,i2403,i2403,666.0,0.0,0.0,0.0,2,665.0,665.5,12,661.5,662.5,666.5,660.0,364.0,24139500.0,13027
2023-05-09 21:16:04,i2403,i2403,665.0,1.0,66500.0,0.0,15,664.5,665.5,16,661.5,662.5,666.5,660.0,365.0,24206000.0,13027
2023-05-09 21:16:04,i2403,i2403,664.5,1.0,66450.0,-1.0,13,664.5,665.5,15,661.5,662.5,666.5,660.0,366.0,24272450.0,13026
2023-05-09 21:16:05,i2403,i2403,664.5,0.0,0.0,0.0,17,664.5,665.5,14,661.5,662.5,666.5,660.0,366.0,24272450.0,13026
2023-05-09 21:16:06,i2403,i2403,664.5,0.0,0.0,0.0,19,664.5,665.5,14,661.5,662.5,666.5,660.0,366.0,24272450.0,13026
2023-05-09 21:16:06,i2403,i2403,664.5,0.0,0.0,0.0,3,665.0,665.5,8,661.5,662.5,666.5,660.0,366.0,24272450.0,13026
2023-05-09 21:16:07,i2403,i2403,665.5,5.0,332750.0,-1.0,2,665.5,666.0,25,661.5,662.5,666.5,660.0,371.0,24605200.0,13025
2023-05-09 21:16:07,i2403,i2403,665.5,0.0,0.0,0.0,2,665.5,666.0,23,661.5,662.5,666.5,660.0,371.0,24605200.0,13025
