time,symbol_id,symbol_name,last,trade_volume,trade_amount,open_interest_change,bv1,bp1,ap1,av1,yesterday_close,today_open,today_high,today_low,volume,amount,open_interest
2023-05-10 09:29:00,IF2306,IF2306,4009.8,29.0,34885260.0,-14.0,1,4009.8,4010.0,11,4012.0,4009.8,4009.8,4009.8,29.0,34885260.0,88511
2023-05-10 09:30:00,IF2306,IF2306,4011.0,29.0,34893720.0,-3.0,3,4011.0,4012.0,13,4012.0,4009.8,4012.0,4009.8,58.0,69778980.0,88508
2023-05-10 09:30:00,IF2306,IF2306,4011.6,21.0,25271580.0,-14.0,1,4011.4,4011.6,1,4012.0,4009.8,4012.0,4009.8,79.0,95050560.0,88494
2023-05-10 09:30:01,IF2306,IF2306,4010.6,22.0,26473260.0,-16.0,1,4010.4,4011.0,1,4012.0,4009.8,4012.0,4009.8,101.0,121523820.0,88478
2023-05-10 09:30:01,IF2306,IF2306,4010.8,14.0,16846020.0,-12.0,2,4010.8,4011.8,2,4012.0,4009.8,4012.0,4009.8,115.0,138369840.0,88466
2023-05-10 09:30:02,IF2306,IF2306,4011.6,4.0,4813260.0,-4.0,6,4011.0,4011.6,8,4012.0,4009.8,4012.0,4009.8,119.0,143183100.0,88462
2023-05-10 09:30:02,IF2306,IF2306,4011.4,3.0,3610020.0,-2.0,5,4011.0,4011.2,1,4012.0,4009.8,4012.0,4009.8,122.0,146793120.0,88460
2023-05-10 09:30:03,IF2306,IF2306,4011.0,12.0,14439600.0,-9.0,5,4010.2,4011.0,4,4012.0,4009.8,4012.0,4009.8,134.0,161232720.0,88451
2023-05-10 09:30:03,IF2306,IF2306,4010.4,8.0,9626220.0,-4.0,4,4010.4,4010.6,1,4012.0,4009.8,4012.0,4009.8,142.0,170858940.0,88447
2023-05-10 09:30:04,IF2306,IF2306,4011.4,8.0,9626220.0,-4.0,5,4011.0,4011.6,1,4012.0,4009.8,4012.0,4009.8,150.0,180485160.0,88443
2023-05-10 09:30:04,IF2306,IF2306,4011.4,1.0,1203420.0,0.0,2,4011.4,4012.0,12,4012.0,4009.8,4012.0,4009.8,151.0,181688580.0,88443
2023-05-10 09:30:05,IF2306,IF2306,4010.4,34.0,40917000.0,-27.0,5,4010.2,4010.4,2,4012.0,4009.8,4012.0,4009.8,185.0,222605580.0,88416
2023-05-10 09:30:05,IF2306,IF2306,4010.4,2.0,2406240.0,-2.0,1,4011.6,4012.8,4,4012.0,4009.8,4012.0,4009.8,187.0,225011820.0,88414
2023-05-10 09:30:06,IF2306,IF2306,4010.4,1.0,1203120.0,-1.0,1,4011.8,4012.0,1,4012.0,4009.8,4012.0,4009.8,188.0,226214940.0,88413
2023-05-10 09:30:06,IF2306,IF2306,4012.0,4.0,4814340.0,-2.0,2,4011.6,4011.8,5,4012.0,4009.8,4012.0,4009.8,192.0,231029280.0,88411
2023-05-10 09:30:07,IF2306,IF2306,4011.2,7.0,8424420.0,-3.0,1,4010.8,4011.8,2,4012.0,4009.8,4012.0,4009.8,199.0,239453700.0,88408
2023-05-10 09:30:07,IF2306,IF2306,4011.2,0.0,0.0,0.0,3,4011.0,4011.8,2,4012.0,4009.8,4012.0,4009.8,199.0,239453700.0,88408
2023-05-10 09:30:08,IF2306,IF2306,4011.8,4.0,4813740.0,-1.0,1,4011.0,4011.8,1,4012.0,4009.8,4012.0,4009.8,203.0,244267440.0,88407
2023-05-10 09:30:08,IF2306,IF2306,4011.8,0.0,0.0,0.0,1,4011.2,4011.6,1,4012.0,4009.8,4012.0,4009.8,203.0,244267440.0,88407
2023-05-10 09:30:09,IF2306,IF2306,4011.4,3.0,3610080.0,-1.0,2,4010.8,4011.6,1,4012.0,4009.8,4012.0,4009.8,206.0,247877520.0,88406
2023-05-10 09:30:09,IF2306,IF2306,4011.6,3.0,3610320.0,-3.0,1,4010.6,4011.2,1,4012.0,4009.8,4012.0,4009.8,209.0,251487840.0,88403
2023-05-10 09:30:10,IF2306,IF2306,4011.8,4.0,4813740.0,-3.0,2,4010.8,4012.0,4,4012.0,4009.8,4012.0,4009.8,213.0,256301580.0,88400
2023-05-10 09:30:10,IF2306,IF2306,4011.6,6.0,7221240.0,-4.0,1,4011.6,4012.0,2,4012.0,4009.8,4012.0,4009.8,219.0,263522820.0,88396
2023-05-10 09:30:11,IF2306,IF2306,4011.2,6.0,7220460.0,-4.0,1,4010.8,4012.0,2,4012.0,4009.8,4012.0,4009.8,225.0,270743280.0,88392
2023-05-10 09:30:11,IF2306,IF2306,4012.0,4.0,4813800.0,-3.0,2,4011.2,4012.0,1,4012.0,4009.8,4012.0,4009.8,229.0,275557080.0,88389
2023-05-10 09:30:12,IF2306,IF2306,4012.0,1.0,1203600.0,0.0,1,4011.6,4012.2,1,4012.0,4009.8,4012.0,4009.8,230.0,276760680.0,88389
2023-05-10 09:30:12,IF2306,IF2306,4011.6,1.0,1203480.0,-1.0,1,4012.2,4012.6,2,4012.0,4009.8,4012.0,4009.8,231.0,277964160.0,88388
2023-05-10 09:30:13,IF2306,IF2306,4012.0,8.0,9628860.0,-7.0,1,4011.4,4012.2,1,4012.0,4009.8,4012.2,4009.8,239.0,287593020.0,88381
2023-05-10 09:30:13,IF2306,IF2306,4011.4,9.0,10830240.0,-5.0,2,4011.6,4011.8,3,4012.0,4009.8,4012.2,4009.8,248.0,298423260.0,88376
2023-05-10 09:30:14,IF2306,IF2306,4011.6,5.0,6017400.0,-4.0,22,4010.8,4011.6,8,4012.0,4009.8,4012.2,4009.8,253.0,304440660.0,88372
2023-05-10 09:30:14,IF2306,IF2306,4011.2,2.0,2406660.0,0.0,2,4011.0,4011.6,3,4012.0,4009.8,4012.2,4009.8,255.0,306847320.0,88372
2023-05-10 09:30:15,IF2306,IF2306,4011.4,4.0,4813560.0,-1.0,21,4010.8,4011.4,1,4012.0,4009.8,4012.2,4009.8,259.0,311660880.0,88371
2023-05-10 09:30:15,IF2306,IF2306,4011.6,3.0,3610320.0,-3.0,3,4011.0,4012.0,1,4012.0,4009.8,4012.2,4009.8,262.0,315271200.0,88368
2023-05-10 09:30:16,IF2306,IF2306,4011.6,1.0,1203480.0,-1.0,2,4011.4,4012.2,1,4012.0,4009.8,4012.2,4009.8,263.0,316474680.0,88367
2023-05-10 09:30:16,IF2306,IF2306,4010.8,20.0,24065460.0,-4.0,11,4010.8,4012.2,1,4012.0,4009.8,4012.2,4009.8,283.0,340540140.0,88363
2023-05-10 09:30:17,IF2306,IF2306,4010.8,0.0,0.0,0.0,3,4011.0,4012.2,1,4012.0,4009.8,4012.2,4009.8,283.0,340540140.0,88363
2023-05-10 09:30:17,IF2306,IF2306,4010.8,0.0,0.0,0.0,1,4011.4,4012.0,3,4012.0,4009.8,4012.2,4009.8,283.0,340540140.0,88363
2023-05-10 09:30:18,IF2306,IF2306,4012.2,2.0,2407320.0,-1.0,3,4012.2,4012.4,1,4012.0,4009.8,4012.2,4009.8,285.0,342947460.0,88362
2023-05-10 09:30:18,IF2306,IF2306,4012.2,2.0,2407320.0,-1.0,1,4012.2,4012.4,1,4012.0,4009.8,4012.2,4009.8,287.0,345354780.0,88361
2023-05-10 09:30:19,IF2306,IF2306,4012.2,1.0,1203660.0,-1.0,1,4011.2,4012.2,5,4012.0,4009.8,4012.2,4009.8,288.0,346558440.0,88360
2023-05-10 09:30:19,IF2306,IF2306,4012.0,3.0,3610440.0,-3.0,2,4011.0,4012.0,2,4012.0,4009.8,4012.2,4009.8,291.0,350168880.0,88357
2023-05-10 09:30:20,IF2306,IF2306,4012.0,0.0,0.0,0.0,1,4011.0,4011.4,1,4012.0,4009.8,4012.2,4009.8,291.0,350168880.0,88357
2023-05-10 09:30:20,IF2306,IF2306,4011.6,4.0,4813800.0,-2.0,1,4011.4,4011.6,1,4012.0,4009.8,4012.2,4009.8,295.0,354982680.0,88355
2023-05-10 09:30:21,IF2306,IF2306,4012.2,7.0,8423940.0,-6.0,12,4010.8,4012.2,1,4012.0,4009.8,4012.2,4009.8,302.0,363406620.0,88349
2023-05-10 09:30:21,IF2306,IF2306,4011.8,7.0,8423580.0,-7.0,2,4011.2,4012.0,4,4012.0,4009.8,4012.2,4009.8,309.0,371830200.0,88342
2023-05-10 09:30:22,IF2306,IF2306,4012.2,6.0,7221120.0,-6.0,7,4012.2,4012.4,1,4012.0,4009.8,4012.2,4009.8,315.0,379051320.0,88336
2023-05-10 09:30:22,IF2306,IF2306,4012.6,15.0,18055800.0,-14.0,1,4012.6,4013.4,1,4012.0,4009.8,4013.0,4009.8,330.0,397107120.0,88322
2023-05-10 09:30:23,IF2306,IF2306,4013.2,3.0,3611580.0,-2.0,2,4012.8,4013.2,1,4012.0,4009.8,4013.2,4009.8,333.0,400718700.0,88320
2023-05-10 09:30:23,IF2306,IF2306,4013.0,6.0,7223100.0,-4.0,1,4012.8,4013.6,3,4012.0,4009.8,4013.2,4009.8,339.0,407941800.0,88316
2023-05-10 09:30:24,IF2306,IF2306,4013.2,6.0,7224240.0,-3.0,1,4013.0,4013.4,1,4012.0,4009.8,4013.6,4009.8,345.0,415166040.0,88313
2023-05-10 09:30:24,IF2306,IF2306,4013.4,1.0,1204020.0,-1.0,3,4013.4,4014.8,4,4012.0,4009.8,4013.6,4009.8,346.0,416370060.0,88312
2023-05-10 09:30:25,IF2306,IF2306,4013.4,0.0,0.0,0.0,4,4013.4,4013.8,3,4012.0,4009.8,4013.6,4009.8,346.0,416370060.0,88312
2023-05-10 09:30:25,IF2306,IF2306,4013.4,1.0,1204020.0,-1.0,4,4013.4,4014.2,1,4012.0,4009.8,4013.6,4009.8,347.0,417574080.0,88311
2023-05-10 09:30:26,IF2306,IF2306,4013.4,0.0,0.0,0.0,15,4013.4,4014.0,1,4012.0,4009.8,4013.6,4009.8,347.0,417574080.0,88311
2023-05-10 09:30:26,IF2306,IF2306,4013.4,4.0,4816080.0,-4.0,11,4013.4,4013.6,1,4012.0,4009.8,4013.6,4009.8,351.0,422390160.0,88307
2023-05-10 09:30:27,IF2306,IF2306,4013.4,11.0,13244220.0,-11.0,1,4013.0,4014.4,2,4012.0,4009.8,4013.6,4009.8,362.0,435634380.0,88296
2023-05-10 09:30:27,IF2306,IF2306,4013.0,1.0,1203900.0,-1.0,4,4012.6,4013.6,1,4012.0,4009.8,4013.6,4009.8,363.0,436838280.0,88295
2023-05-10 09:30:28,IF2306,IF2306,4012.6,10.0,12038040.0,-8.0,4,4011.8,4012.8,3,4012.0,4009.8,4013.6,4009.8,373.0,448876320.0,88287
2023-05-10 09:30:28,IF2306,IF2306,4012.6,2.0,2407560.0,-1.0,1,4011.8,4012.6,11,4012.0,4009.8,4013.6,4009.8,375.0,451283880.0,88286
2023-05-10 09:30:29,IF2306,IF2306,4012.6,0.0,0.0,0.0,1,4011.6,4011.8,1,4012.0,4009.8,4013.6,4009.8,375.0,451283880.0,88286
2023-05-10 09:30:29,IF2306,IF2306,4011.6,3.0,3610500.0,-2.0,2,4011.2,4011.6,1,4012.0,4009.8,4013.6,4009.8,378.0,454894380.0,88284
2023-05-10 09:30:30,IF2306,IF2306,4012.2,3.0,3610980.0,-3.0,2,4012.0,4012.2,1,4012.0,4009.8,4013.6,4009.8,381.0,458505360.0,88281
2023-05-10 09:30:30,IF2306,IF2306,4011.0,5.0,6017220.0,-5.0,2,4011.0,4011.2,2,4012.0,4009.8,4013.6,4009.8,386.0,464522580.0,88276
2023-05-10 09:30:31,IF2306,IF2306,4012.0,3.0,3610320.0,-2.0,2,4011.4,4011.8,1,4012.0,4009.8,4013.6,4009.8,389.0,468132900.0,88274
2023-05-10 09:30:31,IF2306,IF2306,4011.8,1.0,1203540.0,-1.0,1,4011.6,4012.0,1,4012.0,4009.8,4013.6,4009.8,390.0,469336440.0,88273
2023-05-10 09:30:32,IF2306,IF2306,4011.6,3.0,3610440.0,0.0,3,4011.0,4011.4,11,4012.0,4009.8,4013.6,4009.8,393.0,472946880.0,88273
2023-05-10 09:30:32,IF2306,IF2306,4011.0,7.0,8423340.0,-2.0,13,4010.8,4011.4,9,4012.0,4009.8,4013.6,4009.8,400.0,481370220.0,88271
2023-05-10 09:30:33,IF2306,IF2306,4010.8,3.0,3609720.0,0.0,10,4010.8,4011.2,1,4012.0,4009.8,4013.6,4009.8,403.0,484979940.0,88271
2023-05-10 09:30:33,IF2306,IF2306,4011.0,11.0,13236300.0,-3.0,1,4011.0,4011.4,7,4012.0,4009.8,4013.6,4009.8,414.0,498216240.0,88268
2023-05-10 09:30:34,IF2306,IF2306,4011.0,1.0,1203300.0,-1.0,5,4010.8,4011.2,4,4012.0,4009.8,4013.6,4009.8,415.0,499419540.0,88267
2023-05-10 09:30:34,IF2306,IF2306,4011.0,0.0,0.0,0.0,5,4010.8,4011.4,8,4012.0,4009.8,4013.6,4009.8,415.0,499419540.0,88267
2023-05-10 09:30:35,IF2306,IF2306,4010.8,2.0,2406480.0,0.0,3,4010.8,4011.4,8,4012.0,4009.8,4013.6,4009.8,417.0,501826020.0,88267
2023-05-10 09:30:35,IF2306,IF2306,4010.8,1.0,1203240.0,0.0,10,4010.8,4011.2,1,4012.0,4009.8,4013.6,4009.8,418.0,503029260.0,88267
2023-05-10 09:30:36,IF2306,IF2306,4011.2,1.0,1203360.0,0.0,1,4011.0,4011.4,8,4012.0,4009.8,4013.6,4009.8,419.0,504232620.0,88267
2023-05-10 09:30:36,IF2306,IF2306,4010.8,3.0,3609780.0,1.0,7,4010.8,4011.4,7,4012.0,4009.8,4013.6,4009.8,422.0,507842400.0,88268
2023-05-10 09:30:37,IF2306,IF2306,4010.8,0.0,0.0,0.0,2,4011.0,4011.4,7,4012.0,4009.8,4013.6,4009.8,422.0,507842400.0,88268
2023-05-10 09:30:37,IF2306,IF2306,4011.4,4.0,4813680.0,-1.0,2,4011.0,4011.2,2,4012.0,4009.8,4013.6,4009.8,426.0,512656080.0,88267
2023-05-10 09:30:38,IF2306,IF2306,4011.0,1.0,1203300.0,-1.0,3,4011.0,4011.2,2,4012.0,4009.8,4013.6,4009.8,427.0,513859380.0,88266
2023-05-10 09:30:38,IF2306,IF2306,4011.0,2.0,2406600.0,0.0,1,4011.0,4011.2,2,4012.0,4009.8,4013.6,4009.8,429.0,516265980.0,88266
2023-05-10 09:30:39,IF2306,IF2306,4011.0,9.0,10829280.0,-1.0,1,4010.8,4011.0,8,4012.0,4009.8,4013.6,4009.8,438.0,527095260.0,88265
2023-05-10 09:30:39,IF2306,IF2306,4010.8,4.0,4812900.0,-3.0,6,4010.4,4010.8,6,4012.0,4009.8,4013.6,4009.8,442.0,531908160.0,88262
2023-05-10 09:30:40,IF2306,IF2306,4010.4,3.0,3609360.0,-2.0,3,4010.4,4010.6,2,4012.0,4009.8,4013.6,4009.8,445.0,535517520.0,88260
2023-05-10 09:30:40,IF2306,IF2306,4010.2,7.0,8421660.0,-7.0,3,4010.2,4010.4,2,4012.0,4009.8,4013.6,4009.8,452.0,543939180.0,88253
2023-05-10 09:30:41,IF2306,IF2306,4010.4,10.0,12030360.0,-4.0,1,4010.0,4010.4,4,4012.0,4009.8,4013.6,4009.8,462.0,555969540.0,88249
2023-05-10 09:30:41,IF2306,IF2306,4010.8,7.0,8422140.0,-6.0,2,4010.0,4010.8,2,4012.0,4009.8,4013.6,4009.8,469.0,564391680.0,88243
2023-05-10 09:30:42,IF2306,IF2306,4010.8,2.0,2406300.0,-2.0,5,4010.2,4010.6,1,4012.0,4009.8,4013.6,4009.8,471.0,566797980.0,88241
2023-05-10 09:30:42,IF2306,IF2306,4010.6,1.0,1203180.0,0.0,1,4010.6,4011.2,1,4012.0,4009.8,4013.6,4009.8,472.0,568001160.0,88241
2023-05-10 09:30:43,IF2306,IF2306,4010.6,0.0,0.0,0.0,4,4010.8,4011.2,3,4012.0,4009.8,4013.6,4009.8,472.0,568001160.0,88241
2023-05-10 09:30:43,IF2306,IF2306,4010.2,9.0,10828140.0,1.0,1,4010.0,4010.2,2,4012.0,4009.8,4013.6,4009.8,481.0,578829300.0,88242
2023-05-10 09:30:44,IF2306,IF2306,4010.2,3.0,3609180.0,1.0,1,4010.4,4011.2,3,4012.0,4009.8,4013.6,4009.8,484.0,582438480.0,88243
2023-05-10 09:30:44,IF2306,IF2306,4011.0,4.0,4813200.0,-2.0,1,4010.4,4011.0,1,4012.0,4009.8,4013.6,4009.8,488.0,587251680.0,88241
2023-05-10 09:30:45,IF2306,IF2306,4010.4,1.0,1203120.0,0.0,2,4010.2,4010.6,1,4012.0,4009.8,4013.6,4009.8,489.0,588454800.0,88241
2023-05-10 09:30:45,IF2306,IF2306,4010.6,3.0,3609420.0,-3.0,1,4010.2,4010.4,1,4012.0,4009.8,4013.6,4009.8,492.0,592064220.0,88238
2023-05-10 09:30:46,IF2306,IF2306,4010.4,3.0,3609240.0,-2.0,2,4010.0,4010.8,5,4012.0,4009.8,4013.6,4009.8,495.0,595673460.0,88236
2023-05-10 09:30:46,IF2306,IF2306,4010.0,2.0,2406000.0,0.0,1,4009.8,4010.4,7,4012.0,4009.8,4013.6,4009.8,497.0,598079460.0,88236
2023-05-10 09:30:47,IF2306,IF2306,4010.0,8.0,9624720.0,-1.0,1,4009.8,4010.2,2,4012.0,4009.8,4013.6,4009.8,505.0,607704180.0,88235
2023-05-10 09:30:47,IF2306,IF2306,4009.8,4.0,4811880.0,-2.0,1,4009.6,4010.0,1,4012.0,4009.8,4013.6,4009.8,509.0,612516060.0,88233
2023-05-10 09:30:48,IF2306,IF2306,4009.8,0.0,0.0,0.0,1,4009.8,4010.0,1,4012.0,4009.8,4013.6,4009.8,509.0,612516060.0,88233
2023-05-10 09:30:48,IF2306,IF2306,4010.0,2.0,2406000.0,-2.0,3,4010.0,4010.2,1,4012.0,4009.8,4013.6,4009.8,511.0,614922060.0,88231
2023-05-10 09:30:49,IF2306,IF2306,4009.8,4.0,4811940.0,-4.0,1,4009.6,4009.8,1,4012.0,4009.8,4013.6,4009.8,515.0,619734000.0,88227
2023-05-10 09:30:49,IF2306,IF2306,4009.8,1.0,1202940.0,-1.0,1,4009.6,4010.0,2,4012.0,4009.8,4013.6,4009.8,516.0,620936940.0,88226
2023-05-10 09:30:50,IF2306,IF2306,4010.0,4.0,4812000.0,-3.0,1,4009.8,4010.0,1,4012.0,4009.8,4013.6,4009.8,520.0,625748940.0,88223
2023-05-10 09:30:50,IF2306,IF2306,4010.0,1.0,1203000.0,-1.0,3,4009.8,4010.2,1,4012.0,4009.8,4013.6,4009.8,521.0,626951940.0,88222
2023-05-10 09:30:51,IF2306,IF2306,4010.0,2.0,2406000.0,-2.0,1,4009.6,4010.2,1,4012.0,4009.8,4013.6,4009.8,523.0,629357940.0,88220
2023-05-10 09:30:51,IF2306,IF2306,4009.6,2.0,2405760.0,-2.0,1,4009.2,4009.6,3,4012.0,4009.8,4013.6,4009.6,525.0,631763700.0,88218
2023-05-10 09:30:52,IF2306,IF2306,4009.6,0.0,0.0,0.0,1,4009.2,4009.4,1,4012.0,4009.8,4013.6,4009.6,525.0,631763700.0,88218
2023-05-10 09:30:52,IF2306,IF2306,4009.6,0.0,0.0,0.0,1,4009.2,4009.6,1,4012.0,4009.8,4013.6,4009.6,525.0,631763700.0,88218
2023-05-10 09:30:53,IF2306,IF2306,4009.4,3.0,3608520.0,-3.0,1,4009.8,4010.0,4,4012.0,4009.8,4013.6,4009.4,528.0,635372220.0,88215
2023-05-10 09:30:53,IF2306,IF2306,4010.2,4.0,4812000.0,-3.0,2,4010.0,4011.0,2,4012.0,4009.8,4013.6,4009.4,532.0,640184220.0,88212
2023-05-10 09:30:54,IF2306,IF2306,4010.2,0.0,0.0,0.0,4,4010.2,4010.4,1,4012.0,4009.8,4013.6,4009.4,532.0,640184220.0,88212
2023-05-10 09:30:54,IF2306,IF2306,4010.2,4.0,4812240.0,-4.0,1,4009.8,4010.2,1,4012.0,4009.8,4013.6,4009.4,536.0,644996460.0,88208
2023-05-10 09:30:55,IF2306,IF2306,4009.6,2.0,2405820.0,-2.0,1,4009.2,4010.0,2,4012.0,4009.8,4013.6,4009.4,538.0,647402280.0,88206
2023-05-10 09:30:55,IF2306,IF2306,4009.6,0.0,0.0,0.0,1,4009.4,4010.0,1,4012.0,4009.8,4013.6,4009.4,538.0,647402280.0,88206
2023-05-10 09:30:56,IF2306,IF2306,4009.0,5.0,6013680.0,-3.0,1,4009.0,4009.4,7,4012.0,4009.8,4013.6,4009.0,543.0,653415960.0,88203
2023-05-10 09:30:56,IF2306,IF2306,4009.0,2.0,2405400.0,0.0,5,4008.8,4009.0,1,4012.0,4009.8,4013.6,4009.0,545.0,655821360.0,88203
2023-05-10 09:30:57,IF2306,IF2306,4009.0,2.0,2405400.0,-2.0,1,4009.0,4009.8,2,4012.0,4009.8,4013.6,4009.0,547.0,658226760.0,88201
2023-05-10 09:30:57,IF2306,IF2306,4009.6,4.0,4811280.0,-4.0,5,4008.8,4009.6,4,4012.0,4009.8,4013.6,4009.0,551.0,663038040.0,88197
2023-05-10 09:30:58,IF2306,IF2306,4009.4,3.0,3608340.0,0.0,4,4008.8,4009.6,1,4012.0,4009.8,4013.6,4008.8,554.0,666646380.0,88197
2023-05-10 09:30:58,IF2306,IF2306,4009.4,0.0,0.0,0.0,1,4009.2,4009.8,1,4012.0,4009.8,4013.6,4008.8,554.0,666646380.0,88197
2023-05-10 09:30:59,IF2306,IF2306,4009.2,1.0,1202760.0,-1.0,1,4009.0,4009.2,1,4012.0,4009.8,4013.6,4008.8,555.0,667849140.0,88196
2023-05-10 09:30:59,IF2306,IF2306,4008.6,10.0,12026220.0,-6.0,3,4008.2,4008.6,1,4012.0,4009.8,4013.6,4008.6,565.0,679875360.0,88190
2023-05-10 09:31:00,IF2306,IF2306,4008.4,6.0,7214940.0,1.0,6,4008.0,4008.2,1,4012.0,4009.8,4013.6,4008.2,571.0,687090300.0,88191
2023-05-10 09:31:00,IF2306,IF2306,4007.0,12.0,14427600.0,2.0,5,4007.0,4007.6,1,4012.0,4009.8,4013.6,4007.0,583.0,701517900.0,88193
2023-05-10 09:31:01,IF2306,IF2306,4007.2,10.0,12020940.0,-5.0,1,4006.8,4007.0,44,4012.0,4009.8,4013.6,4006.8,593.0,713538840.0,88188
2023-05-10 09:31:01,IF2306,IF2306,4006.8,6.0,7212000.0,-1.0,4,4006.2,4006.8,52,4012.0,4009.8,4013.6,4006.4,599.0,720750840.0,88187
2023-05-10 09:31:02,IF2306,IF2306,4006.2,6.0,7211340.0,0.0,7,4006.0,4006.2,17,4012.0,4009.8,4013.6,4006.2,605.0,727962180.0,88187
2023-05-10 09:31:02,IF2306,IF2306,4005.8,17.0,20430900.0,-1.0,2,4005.4,4006.0,28,4012.0,4009.8,4013.6,4005.8,622.0,748393080.0,88186
2023-05-10 09:31:03,IF2306,IF2306,4004.0,17.0,20426040.0,-7.0,3,4004.0,4005.2,13,4012.0,4009.8,4013.6,4004.0,639.0,768819120.0,88179
2023-05-10 09:31:03,IF2306,IF2306,4005.2,30.0,36041880.0,3.0,9,4004.0,4005.2,3,4012.0,4009.8,4013.6,4004.0,669.0,804861000.0,88182
2023-05-10 09:31:04,IF2306,IF2306,4004.0,28.0,33634560.0,8.0,2,4003.6,4004.0,9,4012.0,4009.8,4013.6,4003.8,697.0,838495560.0,88190
2023-05-10 09:31:04,IF2306,IF2306,4003.8,18.0,21622860.0,-1.0,2,4003.6,4005.4,3,4012.0,4009.8,4013.6,4003.8,715.0,860118420.0,88189
2023-05-10 09:31:05,IF2306,IF2306,4003.8,6.0,7206840.0,-6.0,2,4003.6,4004.0,2,4012.0,4009.8,4013.6,4003.8,721.0,867325260.0,88183
2023-05-10 09:31:05,IF2306,IF2306,4003.6,8.0,9609360.0,-3.0,1,4003.4,4003.6,3,4012.0,4009.8,4013.6,4003.6,729.0,876934620.0,88180
2023-05-10 09:31:06,IF2306,IF2306,4003.2,4.0,4804080.0,-3.0,1,4003.2,4003.4,3,4012.0,4009.8,4013.6,4003.2,733.0,881738700.0,88177
2023-05-10 09:31:06,IF2306,IF2306,4003.4,3.0,3602880.0,-2.0,5,4003.0,4003.2,2,4012.0,4009.8,4013.6,4003.0,736.0,885341580.0,88175
2023-05-10 09:31:07,IF2306,IF2306,4003.0,3.0,3602760.0,0.0,4,4003.0,4003.4,1,4012.0,4009.8,4013.6,4003.0,739.0,888944340.0,88175
2023-05-10 09:31:07,IF2306,IF2306,4003.4,1.0,1201020.0,0.0,4,4003.0,4003.4,1,4012.0,4009.8,4013.6,4003.0,740.0,890145360.0,88175
2023-05-10 09:31:08,IF2306,IF2306,4003.2,2.0,2401860.0,0.0,3,4003.0,4003.2,5,4012.0,4009.8,4013.6,4003.0,742.0,892547220.0,88175
2023-05-10 09:31:08,IF2306,IF2306,4003.0,3.0,3602700.0,-2.0,1,4002.8,4003.0,4,4012.0,4009.8,4013.6,4003.0,745.0,896149920.0,88173
2023-05-10 09:31:09,IF2306,IF2306,4002.8,1.0,1200840.0,-1.0,1,4002.2,4003.0,7,4012.0,4009.8,4013.6,4002.8,746.0,897350760.0,88172
2023-05-10 09:31:09,IF2306,IF2306,4002.8,0.0,0.0,0.0,1,4002.8,4003.0,7,4012.0,4009.8,4013.6,4002.8,746.0,897350760.0,88172
2023-05-10 09:31:10,IF2306,IF2306,4003.2,9.0,10808100.0,-8.0,1,4002.2,4002.6,1,4012.0,4009.8,4013.6,4002.8,755.0,908158860.0,88164
2023-05-10 09:31:10,IF2306,IF2306,4003.4,4.0,4803600.0,-3.0,2,4003.2,4003.4,2,4012.0,4009.8,4013.6,4002.6,759.0,912962460.0,88161
2023-05-10 09:31:11,IF2306,IF2306,4003.6,5.0,6004980.0,-4.0,4,4002.6,4003.6,1,4012.0,4009.8,4013.6,4002.6,764.0,918967440.0,88157
2023-05-10 09:31:11,IF2306,IF2306,4003.6,4.0,4804320.0,-3.0,2,4003.2,4004.6,3,4012.0,4009.8,4013.6,4002.6,768.0,923771760.0,88154
2023-05-10 09:31:12,IF2306,IF2306,4003.4,5.0,6005100.0,0.0,3,4003.0,4003.2,3,4012.0,4009.8,4013.6,4002.6,773.0,929776860.0,88154
2023-05-10 09:31:12,IF2306,IF2306,4003.0,6.0,7205700.0,-3.0,1,4003.6,4004.0,1,4012.0,4009.8,4013.6,4002.6,779.0,936982560.0,88151
2023-05-10 09:31:13,IF2306,IF2306,4003.6,4.0,4804200.0,0.0,1,4003.0,4003.2,2,4012.0,4009.8,4013.6,4002.6,783.0,941786760.0,88151
2023-05-10 09:31:13,IF2306,IF2306,4003.6,7.0,8407320.0,-4.0,5,4003.2,4003.6,3,4012.0,4009.8,4013.6,4002.6,790.0,950194080.0,88147
2023-05-10 09:31:14,IF2306,IF2306,4003.6,5.0,6005220.0,-4.0,3,4003.6,4003.8,3,4012.0,4009.8,4013.6,4002.6,795.0,956199300.0,88143
2023-05-10 09:31:14,IF2306,IF2306,4003.6,5.0,6005580.0,-3.0,1,4003.8,4004.2,1,4012.0,4009.8,4013.6,4002.6,800.0,962204880.0,88140
2023-05-10 09:31:15,IF2306,IF2306,4003.6,3.0,3603300.0,1.0,1,4003.6,4003.8,12,4012.0,4009.8,4013.6,4002.6,803.0,965808180.0,88141
2023-05-10 09:31:15,IF2306,IF2306,4003.8,10.0,12011280.0,-5.0,9,4003.8,4004.2,1,4012.0,4009.8,4013.6,4002.6,813.0,977819460.0,88136
2023-05-10 09:31:16,IF2306,IF2306,4004.0,3.0,3603660.0,-1.0,1,4004.2,4004.8,2,4012.0,4009.8,4013.6,4002.6,816.0,981423120.0,88135
2023-05-10 09:31:16,IF2306,IF2306,4003.8,5.0,6005880.0,-1.0,2,4003.4,4004.0,6,4012.0,4009.8,4013.6,4002.6,821.0,987429000.0,88134
2023-05-10 09:31:17,IF2306,IF2306,4003.2,6.0,7205880.0,-2.0,5,4003.0,4003.4,4,4012.0,4009.8,4013.6,4002.6,827.0,994634880.0,88132
2023-05-10 09:31:17,IF2306,IF2306,4003.2,5.0,6004680.0,-3.0,2,4003.0,4003.6,1,4012.0,4009.8,4013.6,4002.6,832.0,1000639560.0,88129
2023-05-10 09:31:18,IF2306,IF2306,4003.2,0.0,0.0,0.0,2,4003.2,4003.6,1,4012.0,4009.8,4013.6,4002.6,832.0,1000639560.0,88129
2023-05-10 09:31:18,IF2306,IF2306,4003.4,5.0,6004860.0,-4.0,1,4003.0,4003.4,8,4012.0,4009.8,4013.6,4002.6,837.0,1006644420.0,88125
2023-05-10 09:31:19,IF2306,IF2306,4003.0,2.0,2401800.0,-2.0,1,4003.0,4003.6,3,4012.0,4009.8,4013.6,4002.6,839.0,1009046220.0,88123
2023-05-10 09:31:19,IF2306,IF2306,4003.0,2.0,2401800.0,0.0,2,4002.2,4003.0,8,4012.0,4009.8,4013.6,4002.6,841.0,1011448020.0,88123
2023-05-10 09:31:20,IF2306,IF2306,4002.0,9.0,10805580.0,-4.0,3,4002.0,4002.2,3,4012.0,4009.8,4013.6,4002.0,850.0,1022253600.0,88119
2023-05-10 09:31:20,IF2306,IF2306,4001.8,4.0,4802340.0,-2.0,1,4001.2,4001.6,1,4012.0,4009.8,4013.6,4001.8,854.0,1027055940.0,88117
2023-05-10 09:31:21,IF2306,IF2306,4001.4,3.0,3601320.0,-2.0,1,4001.2,4001.8,1,4012.0,4009.8,4013.6,4001.4,857.0,1030657260.0,88115
2023-05-10 09:31:21,IF2306,IF2306,4001.8,4.0,4802040.0,-3.0,1,4001.8,4002.4,3,4012.0,4009.8,4013.6,4001.4,861.0,1035459300.0,88112
2023-05-10 09:31:22,IF2306,IF2306,4001.4,1.0,1200420.0,-1.0,1,4001.4,4002.2,3,4012.0,4009.8,4013.6,4001.4,862.0,1036659720.0,88111
2023-05-10 09:31:22,IF2306,IF2306,4001.4,2.0,2400840.0,-1.0,1,4001.2,4002.0,8,4012.0,4009.8,4013.6,4001.4,864.0,1039060560.0,88110
2023-05-10 09:31:23,IF2306,IF2306,4001.4,2.0,2400780.0,0.0,3,4001.4,4001.6,2,4012.0,4009.8,4013.6,4001.2,866.0,1041461340.0,88110
2023-05-10 09:31:23,IF2306,IF2306,4001.4,6.0,7202340.0,-3.0,1,4001.0,4001.4,2,4012.0,4009.8,4013.6,4001.0,872.0,1048663680.0,88107
2023-05-10 09:31:24,IF2306,IF2306,4001.0,3.0,3601080.0,-2.0,2,4000.8,4001.0,1,4012.0,4009.8,4013.6,4001.0,875.0,1052264760.0,88105
2023-05-10 09:31:24,IF2306,IF2306,4001.2,4.0,4801140.0,-4.0,1,4000.8,4001.4,2,4012.0,4009.8,4013.6,4000.8,879.0,1057065900.0,88101
2023-05-10 09:31:25,IF2306,IF2306,4000.8,2.0,2400600.0,-1.0,3,4000.6,4000.8,1,4012.0,4009.8,4013.6,4000.8,881.0,1059466500.0,88100
2023-05-10 09:31:25,IF2306,IF2306,4001.4,4.0,4801260.0,-1.0,3,4000.6,4001.6,1,4012.0,4009.8,4013.6,4000.8,885.0,1064267760.0,88099
2023-05-10 09:31:26,IF2306,IF2306,4001.4,0.0,0.0,0.0,3,4000.6,4000.8,1,4012.0,4009.8,4013.6,4000.8,885.0,1064267760.0,88099
2023-05-10 09:31:26,IF2306,IF2306,4001.0,1.0,1200300.0,0.0,8,4001.0,4001.2,1,4012.0,4009.8,4013.6,4000.8,886.0,1065468060.0,88099
2023-05-10 09:31:27,IF2306,IF2306,4001.6,3.0,3601200.0,0.0,8,4001.0,4001.6,2,4012.0,4009.8,4013.6,4000.8,889.0,1069069260.0,88099
2023-05-10 09:31:27,IF2306,IF2306,4001.0,1.0,1200300.0,-1.0,1,4001.6,4001.8,1,4012.0,4009.8,4013.6,4000.8,890.0,1070269560.0,88098
2023-05-10 09:31:28,IF2306,IF2306,4001.6,2.0,2400960.0,-2.0,1,4000.8,4001.0,1,4012.0,4009.8,4013.6,4000.8,892.0,1072670520.0,88096
2023-05-10 09:31:28,IF2306,IF2306,4001.0,2.0,2400600.0,-1.0,5,4001.0,4001.6,4,4012.0,4009.8,4013.6,4000.8,894.0,1075071120.0,88095
2023-05-10 09:31:29,IF2306,IF2306,4001.6,1.0,1200480.0,0.0,2,4001.0,4001.4,1,4012.0,4009.8,4013.6,4000.8,895.0,1076271600.0,88095
2023-05-10 09:31:29,IF2306,IF2306,4001.6,1.0,1200480.0,-1.0,2,4001.0,4001.8,1,4012.0,4009.8,4013.6,4000.8,896.0,1077472080.0,88094
2023-05-10 09:31:30,IF2306,IF2306,4001.8,3.0,3601260.0,-2.0,2,4001.0,4001.8,1,4012.0,4009.8,4013.6,4000.8,899.0,1081073340.0,88092
2023-05-10 09:31:30,IF2306,IF2306,4002.0,5.0,6002400.0,-1.0,2,4001.2,4002.2,1,4012.0,4009.8,4013.6,4000.8,904.0,1087075740.0,88091
2023-05-10 09:31:31,IF2306,IF2306,4002.0,0.0,0.0,0.0,5,4001.8,4002.4,1,4012.0,4009.8,4013.6,4000.8,904.0,1087075740.0,88091
2023-05-10 09:31:31,IF2306,IF2306,4002.4,2.0,2401320.0,1.0,5,4001.8,4003.2,1,4012.0,4009.8,4013.6,4000.8,906.0,1089477060.0,88092
2023-05-10 09:31:32,IF2306,IF2306,4002.4,0.0,0.0,0.0,2,4002.2,4003.0,3,4012.0,4009.8,4013.6,4000.8,906.0,1089477060.0,88092
2023-05-10 09:31:32,IF2306,IF2306,4002.2,2.0,2401380.0,0.0,1,4002.4,4002.6,2,4012.0,4009.8,4013.6,4000.8,908.0,1091878440.0,88092
2023-05-10 09:31:33,IF2306,IF2306,4002.2,3.0,3602040.0,-1.0,5,4001.8,4002.0,2,4012.0,4009.8,4013.6,4000.8,911.0,1095480480.0,88091
2023-05-10 09:31:33,IF2306,IF2306,4001.8,7.0,8403840.0,-5.0,5,4001.8,4002.4,9,4012.0,4009.8,4013.6,4000.8,918.0,1103884320.0,88086
2023-05-10 09:31:34,IF2306,IF2306,4002.2,1.0,1200660.0,-1.0,1,4002.0,4002.2,6,4012.0,4009.8,4013.6,4000.8,919.0,1105084980.0,88085
2023-05-10 09:31:34,IF2306,IF2306,4002.0,12.0,14406600.0,-8.0,2,4001.2,4001.8,2,4012.0,4009.8,4013.6,4000.8,931.0,1119491580.0,88077
2023-05-10 09:31:35,IF2306,IF2306,4001.2,1.0,1200360.0,0.0,1,4001.2,4001.6,2,4012.0,4009.8,4013.6,4000.8,932.0,1120691940.0,88077
2023-05-10 09:31:35,IF2306,IF2306,4002.0,4.0,4801980.0,-3.0,5,4001.8,4002.0,4,4012.0,4009.8,4013.6,4000.8,936.0,1125493920.0,88074
2023-05-10 09:31:36,IF2306,IF2306,4002.0,9.0,10805400.0,-3.0,5,4002.0,4002.4,3,4012.0,4009.8,4013.6,4000.8,945.0,1136299320.0,88071
2023-05-10 09:31:36,IF2306,IF2306,4002.6,5.0,6003720.0,-4.0,2,4002.6,4003.4,3,4012.0,4009.8,4013.6,4000.8,950.0,1142303040.0,88067
2023-05-10 09:31:37,IF2306,IF2306,4002.6,3.0,3602340.0,-3.0,1,4002.6,4003.2,11,4012.0,4009.8,4013.6,4000.8,953.0,1145905380.0,88064
2023-05-10 09:31:37,IF2306,IF2306,4002.6,3.0,3602280.0,-1.0,3,4002.0,4002.8,2,4012.0,4009.8,4013.6,4000.8,956.0,1149507660.0,88063
2023-05-10 09:31:38,IF2306,IF2306,4002.6,1.0,1200780.0,-1.0,3,4002.0,4002.6,2,4012.0,4009.8,4013.6,4000.8,957.0,1150708440.0,88062
2023-05-10 09:31:38,IF2306,IF2306,4002.6,0.0,0.0,0.0,3,4002.0,4002.4,3,4012.0,4009.8,4013.6,4000.8,957.0,1150708440.0,88062
2023-05-10 09:31:39,IF2306,IF2306,4002.6,0.0,0.0,0.0,3,4002.0,4002.2,4,4012.0,4009.8,4013.6,4000.8,957.0,1150708440.0,88062
2023-05-10 09:31:39,IF2306,IF2306,4002.2,4.0,4802640.0,-2.0,4,4002.0,4002.4,3,4012.0,4009.8,4013.6,4000.8,961.0,1155511080.0,88060
2023-05-10 09:31:40,IF2306,IF2306,4002.6,4.0,4802940.0,-3.0,4,4002.0,4002.6,2,4012.0,4009.8,4013.6,4000.8,965.0,1160314020.0,88057
2023-05-10 09:31:40,IF2306,IF2306,4002.6,1.0,1200780.0,-1.0,2,4002.4,4002.6,1,4012.0,4009.8,4013.6,4000.8,966.0,1161514800.0,88056
2023-05-10 09:31:41,IF2306,IF2306,4002.6,3.0,3602340.0,-1.0,2,4002.4,4003.0,2,4012.0,4009.8,4013.6,4000.8,969.0,1165117140.0,88055
2023-05-10 09:31:41,IF2306,IF2306,4003.0,3.0,3602700.0,-1.0,2,4002.6,4003.0,2,4012.0,4009.8,4013.6,4000.8,972.0,1168719840.0,88054
2023-05-10 09:31:42,IF2306,IF2306,4003.0,2.0,2401800.0,-2.0,1,4003.0,4003.4,1,4012.0,4009.8,4013.6,4000.8,974.0,1171121640.0,88052
2023-05-10 09:31:42,IF2306,IF2306,4002.4,3.0,3602580.0,-2.0,1,4002.4,4003.2,1,4012.0,4009.8,4013.6,4000.8,977.0,1174724220.0,88050
2023-05-10 09:31:43,IF2306,IF2306,4002.4,0.0,0.0,0.0,2,4002.8,4003.6,3,4012.0,4009.8,4013.6,4000.8,977.0,1174724220.0,88050
2023-05-10 09:31:43,IF2306,IF2306,4002.4,0.0,0.0,0.0,1,4003.4,4003.6,3,4012.0,4009.8,4013.6,4000.8,977.0,1174724220.0,88050
2023-05-10 09:31:44,IF2306,IF2306,4003.6,11.0,13209300.0,-8.0,1,4003.6,4003.8,1,4012.0,4009.8,4013.6,4000.8,988.0,1187933520.0,88042
2023-05-10 09:31:44,IF2306,IF2306,4003.0,3.0,3603060.0,-2.0,1,4002.8,4003.6,2,4012.0,4009.8,4013.6,4000.8,991.0,1191536580.0,88040
2023-05-10 09:31:45,IF2306,IF2306,4004.0,4.0,4804500.0,0.0,1,4003.4,4004.0,1,4012.0,4009.8,4013.6,4000.8,995.0,1196341080.0,88040
2023-05-10 09:31:45,IF2306,IF2306,4002.6,15.0,18015540.0,-8.0,4,4002.6,4003.8,3,4012.0,4009.8,4013.6,4000.8,1010.0,1214356620.0,88032
2023-05-10 09:31:46,IF2306,IF2306,4003.6,1.0,1201080.0,-1.0,1,4002.8,4003.8,1,4012.0,4009.8,4013.6,4000.8,1011.0,1215557700.0,88031
2023-05-10 09:31:46,IF2306,IF2306,4003.8,1.0,1201140.0,-1.0,5,4003.0,4003.8,1,4012.0,4009.8,4013.6,4000.8,1012.0,1216758840.0,88030
2023-05-10 09:31:47,IF2306,IF2306,4003.8,1.0,1201140.0,-1.0,1,4003.2,4003.6,1,4012.0,4009.8,4013.6,4000.8,1013.0,1217959980.0,88029
2023-05-10 09:31:47,IF2306,IF2306,4003.8,1.0,1201140.0,0.0,3,4003.0,4004.0,2,4012.0,4009.8,4013.6,4000.8,1014.0,1219161120.0,88029
2023-05-10 09:31:48,IF2306,IF2306,4003.8,0.0,0.0,0.0,2,4003.2,4004.0,2,4012.0,4009.8,4013.6,4000.8,1014.0,1219161120.0,88029
2023-05-10 09:31:48,IF2306,IF2306,4003.8,0.0,0.0,0.0,1,4003.4,4004.0,2,4012.0,4009.8,4013.6,4000.8,1014.0,1219161120.0,88029
2023-05-10 09:31:49,IF2306,IF2306,4003.6,1.0,1201080.0,-1.0,1,4003.8,4004.0,2,4012.0,4009.8,4013.6,4000.8,1015.0,1220362200.0,88028
2023-05-10 09:31:49,IF2306,IF2306,4004.0,4.0,4804800.0,-2.0,2,4004.4,4004.6,1,4012.0,4009.8,4013.6,4000.8,1019.0,1225167000.0,88026
2023-05-10 09:31:50,IF2306,IF2306,4004.0,0.0,0.0,0.0,4,4004.0,4005.0,2,4012.0,4009.8,4013.6,4000.8,1019.0,1225167000.0,88026
2023-05-10 09:31:50,IF2306,IF2306,4004.0,0.0,0.0,0.0,4,4004.2,4004.8,2,4012.0,4009.8,4013.6,4000.8,1019.0,1225167000.0,88026
2023-05-10 09:31:51,IF2306,IF2306,4005.0,3.0,3604440.0,-3.0,2,4005.0,4005.4,1,4012.0,4009.8,4013.6,4000.8,1022.0,1228771440.0,88023
2023-05-10 09:31:52,IF2306,IF2306,4005.0,2.0,2403000.0,-2.0,2,4004.8,4005.0,2,4012.0,4009.8,4013.6,4000.8,1024.0,1231174440.0,88021
2023-05-10 09:31:52,IF2306,IF2306,4004.8,2.0,2402880.0,-2.0,1,4004.6,4004.8,13,4012.0,4009.8,4013.6,4000.8,1026.0,1233577320.0,88019
2023-05-10 09:31:53,IF2306,IF2306,4004.6,2.0,2402760.0,-2.0,6,4004.0,4004.2,2,4012.0,4009.8,4013.6,4000.8,1028.0,1235980080.0,88017
2023-05-10 09:31:53,IF2306,IF2306,4004.6,8.0,9610500.0,-3.0,3,4004.0,4004.8,2,4012.0,4009.8,4013.6,4000.8,1036.0,1245590580.0,88014
2023-05-10 09:31:54,IF2306,IF2306,4004.6,0.0,0.0,0.0,4,4004.0,4004.8,2,4012.0,4009.8,4013.6,4000.8,1036.0,1245590580.0,88014
2023-05-10 09:31:54,IF2306,IF2306,4004.0,3.0,3603600.0,-1.0,1,4004.0,4004.6,2,4012.0,4009.8,4013.6,4000.8,1039.0,1249194180.0,88013
2023-05-10 09:31:55,IF2306,IF2306,4004.8,3.0,3604020.0,-1.0,1,4004.0,4004.8,7,4012.0,4009.8,4013.6,4000.8,1042.0,1252798200.0,88012
2023-05-10 09:31:55,IF2306,IF2306,4004.8,1.0,1201440.0,1.0,1,4004.4,4004.8,5,4012.0,4009.8,4013.6,4000.8,1043.0,1253999640.0,88013
2023-05-10 09:31:56,IF2306,IF2306,4004.8,3.0,3604320.0,-2.0,1,4004.8,4005.0,3,4012.0,4009.8,4013.6,4000.8,1046.0,1257603960.0,88011
2023-05-10 09:31:56,IF2306,IF2306,4005.0,6.0,7208940.0,-4.0,1,4004.4,4005.4,1,4012.0,4009.8,4013.6,4000.8,1052.0,1264812900.0,88007
2023-05-10 09:31:57,IF2306,IF2306,4005.0,0.0,0.0,0.0,2,4005.0,4005.4,1,4012.0,4009.8,4013.6,4000.8,1052.0,1264812900.0,88007
2023-05-10 09:31:57,IF2306,IF2306,4005.0,3.0,3604680.0,-1.0,2,4005.0,4006.8,5,4012.0,4009.8,4013.6,4000.8,1055.0,1268417580.0,88006
2023-05-10 09:31:58,IF2306,IF2306,4005.0,1.0,1201500.0,0.0,1,4005.4,4006.0,3,4012.0,4009.8,4013.6,4000.8,1056.0,1269619080.0,88006
2023-05-10 09:31:58,IF2306,IF2306,4006.0,2.0,2403300.0,-1.0,2,4005.4,4006.2,3,4012.0,4009.8,4013.6,4000.8,1058.0,1272022380.0,88005
2023-05-10 09:31:59,IF2306,IF2306,4006.0,0.0,0.0,0.0,3,4005.4,4006.0,3,4012.0,4009.8,4013.6,4000.8,1058.0,1272022380.0,88005
2023-05-10 09:31:59,IF2306,IF2306,4006.2,3.0,3605100.0,-3.0,1,4006.0,4006.2,1,4012.0,4009.8,4013.6,4000.8,1061.0,1275627480.0,88002
2023-05-10 09:32:00,IF2306,IF2306,4006.0,1.0,1201800.0,-1.0,2,4005.4,4005.8,2,4012.0,4009.8,4013.6,4000.8,1062.0,1276829280.0,88001
2023-05-10 09:32:00,IF2306,IF2306,4005.8,4.0,4806840.0,-4.0,1,4005.4,4005.6,2,4012.0,4009.8,4013.6,4000.8,1066.0,1281636120.0,87997
2023-05-10 09:32:01,IF2306,IF2306,4005.0,5.0,6007980.0,-5.0,1,4005.0,4005.8,1,4012.0,4009.8,4013.6,4000.8,1071.0,1287644100.0,87992
2023-05-10 09:32:01,IF2306,IF2306,4006.2,2.0,2403600.0,-2.0,2,4006.2,4006.6,1,4012.0,4009.8,4013.6,4000.8,1073.0,1290047700.0,87990
2023-05-10 09:32:02,IF2306,IF2306,4006.2,1.0,1201860.0,0.0,2,4005.8,4006.4,1,4012.0,4009.8,4013.6,4000.8,1074.0,1291249560.0,87990
2023-05-10 09:32:02,IF2306,IF2306,4006.0,3.0,3605460.0,-2.0,3,4005.8,4006.4,1,4012.0,4009.8,4013.6,4000.8,1077.0,1294855020.0,87988
2023-05-10 09:32:03,IF2306,IF2306,4005.8,1.0,1201740.0,-1.0,2,4005.8,4006.2,3,4012.0,4009.8,4013.6,4000.8,1078.0,1296056760.0,87987
2023-05-10 09:32:03,IF2306,IF2306,4005.8,5.0,6008640.0,-1.0,1,4005.6,4005.8,2,4012.0,4009.8,4013.6,4000.8,1083.0,1302065400.0,87986
2023-05-10 09:32:04,IF2306,IF2306,4005.6,1.0,1201680.0,-1.0,2,4005.0,4005.8,5,4012.0,4009.8,4013.6,4000.8,1084.0,1303267080.0,87985
2023-05-10 09:32:04,IF2306,IF2306,4005.8,5.0,6008700.0,-3.0,2,4005.8,4006.0,5,4012.0,4009.8,4013.6,4000.8,1089.0,1309275780.0,87982
2023-05-10 09:32:05,IF2306,IF2306,4005.8,7.0,8412480.0,-6.0,3,4005.8,4006.0,5,4012.0,4009.8,4013.6,4000.8,1096.0,1317688260.0,87976
2023-05-10 09:32:05,IF2306,IF2306,4005.8,13.0,15622800.0,-11.0,1,4005.2,4005.8,7,4012.0,4009.8,4013.6,4000.8,1109.0,1333311060.0,87965
2023-05-10 09:32:06,IF2306,IF2306,4005.4,3.0,3604980.0,-2.0,1,4005.2,4006.0,1,4012.0,4009.8,4013.6,4000.8,1112.0,1336916040.0,87963
2023-05-10 09:32:06,IF2306,IF2306,4005.0,5.0,6007920.0,-2.0,4,4004.8,4005.8,6,4012.0,4009.8,4013.6,4000.8,1117.0,1342923960.0,87961
2023-05-10 09:32:07,IF2306,IF2306,4004.4,13.0,15618420.0,-13.0,1,4004.6,4004.8,5,4012.0,4009.8,4013.6,4000.8,1130.0,1358542380.0,87948
2023-05-10 09:32:07,IF2306,IF2306,4004.6,13.0,15616440.0,-10.0,3,4002.6,4004.6,15,4012.0,4009.8,4013.6,4000.8,1143.0,1374158820.0,87938
2023-05-10 09:32:08,IF2306,IF2306,4004.4,6.0,7207620.0,-2.0,6,4003.8,4004.4,5,4012.0,4009.8,4013.6,4000.8,1149.0,1381366440.0,87936
2023-05-10 09:32:08,IF2306,IF2306,4004.4,5.0,6006600.0,-4.0,3,4004.0,4004.6,2,4012.0,4009.8,4013.6,4000.8,1154.0,1387373040.0,87932
2023-05-10 09:32:09,IF2306,IF2306,4004.8,3.0,3604200.0,-3.0,4,4004.6,4005.6,1,4012.0,4009.8,4013.6,4000.8,1157.0,1390977240.0,87929
2023-05-10 09:32:09,IF2306,IF2306,4005.4,2.0,2403060.0,-2.0,1,4005.0,4005.4,2,4012.0,4009.8,4013.6,4000.8,1159.0,1393380300.0,87927
2023-05-10 09:32:10,IF2306,IF2306,4005.6,3.0,3604920.0,-1.0,3,4005.6,4006.0,2,4012.0,4009.8,4013.6,4000.8,1162.0,1396985220.0,87926
2023-05-10 09:32:10,IF2306,IF2306,4006.0,1.0,1201800.0,-1.0,3,4005.8,4006.0,1,4012.0,4009.8,4013.6,4000.8,1163.0,1398187020.0,87925
2023-05-10 09:32:11,IF2306,IF2306,4006.0,8.0,9613860.0,-5.0,4,4005.6,4006.0,1,4012.0,4009.8,4013.6,4000.8,1171.0,1407800880.0,87920
2023-05-10 09:32:11,IF2306,IF2306,4005.8,6.0,7210080.0,-6.0,1,4005.0,4006.4,1,4012.0,4009.8,4013.6,4000.8,1177.0,1415010960.0,87914
2023-05-10 09:32:12,IF2306,IF2306,4005.6,23.0,27637500.0,-17.0,9,4005.6,4005.8,11,4012.0,4009.8,4013.6,4000.8,1200.0,1442648460.0,87897
2023-05-10 09:32:12,IF2306,IF2306,4006.0,28.0,33647520.0,-25.0,1,4004.2,4006.2,8,4012.0,4009.8,4013.6,4000.8,1228.0,1476295980.0,87872
2023-05-10 09:32:13,IF2306,IF2306,4006.0,0.0,0.0,0.0,5,4005.2,4006.0,1,4012.0,4009.8,4013.6,4000.8,1228.0,1476295980.0,87872
2023-05-10 09:32:13,IF2306,IF2306,4006.6,4.0,4807680.0,0.0,3,4006.4,4006.6,2,4012.0,4009.8,4013.6,4000.8,1232.0,1481103660.0,87872
2023-05-10 09:32:14,IF2306,IF2306,4007.0,5.0,6010200.0,-4.0,1,4006.8,4007.4,1,4012.0,4009.8,4013.6,4000.8,1237.0,1487113860.0,87868
2023-05-10 09:32:14,IF2306,IF2306,4007.4,3.0,3606360.0,-3.0,2,4006.6,4007.4,2,4012.0,4009.8,4013.6,4000.8,1240.0,1490720220.0,87865
2023-05-10 09:32:15,IF2306,IF2306,4006.8,2.0,2404020.0,-2.0,1,4006.6,4007.2,6,4012.0,4009.8,4013.6,4000.8,1242.0,1493124240.0,87863
2023-05-10 09:32:15,IF2306,IF2306,4007.2,3.0,3606240.0,-2.0,1,4007.2,4007.4,2,4012.0,4009.8,4013.6,4000.8,1245.0,1496730480.0,87861
2023-05-10 09:32:16,IF2306,IF2306,4006.4,3.0,3606000.0,-2.0,1,4006.4,4007.2,4,4012.0,4009.8,4013.6,4000.8,1248.0,1500336480.0,87859
2023-05-10 09:32:16,IF2306,IF2306,4007.2,5.0,6010800.0,-5.0,5,4007.2,4007.4,3,4012.0,4009.8,4013.6,4000.8,1253.0,1506347280.0,87854
2023-05-10 09:32:17,IF2306,IF2306,4007.2,5.0,6010800.0,1.0,2,4006.6,4007.0,1,4012.0,4009.8,4013.6,4000.8,1258.0,1512358080.0,87855
2023-05-10 09:32:17,IF2306,IF2306,4007.2,4.0,4808640.0,-4.0,1,4007.2,4007.4,3,4012.0,4009.8,4013.6,4000.8,1262.0,1517166720.0,87851
2023-05-10 09:32:18,IF2306,IF2306,4007.4,3.0,3606660.0,-2.0,1,4007.4,4007.6,1,4012.0,4009.8,4013.6,4000.8,1265.0,1520773380.0,87849
2023-05-10 09:32:18,IF2306,IF2306,4008.2,7.0,8416320.0,-5.0,8,4007.6,4008.0,1,4012.0,4009.8,4013.6,4000.8,1272.0,1529189700.0,87844
2023-05-10 09:32:19,IF2306,IF2306,4008.0,5.0,6012000.0,-3.0,2,4008.0,4009.0,2,4012.0,4009.8,4013.6,4000.8,1277.0,1535201700.0,87841
2023-05-10 09:32:19,IF2306,IF2306,4008.0,0.0,0.0,0.0,4,4008.2,4008.4,2,4012.0,4009.8,4013.6,4000.8,1277.0,1535201700.0,87841
2023-05-10 09:32:20,IF2306,IF2306,4005.6,26.0,31255320.0,-20.0,1,4007.8,4008.0,2,4012.0,4009.8,4013.6,4000.8,1303.0,1566457020.0,87821
2023-05-10 09:32:20,IF2306,IF2306,4007.8,2.0,2404680.0,-1.0,1,4007.4,4007.8,3,4012.0,4009.8,4013.6,4000.8,1305.0,1568861700.0,87820
2023-05-10 09:32:21,IF2306,IF2306,4007.2,3.0,3606540.0,-3.0,9,4007.2,4007.4,1,4012.0,4009.8,4013.6,4000.8,1308.0,1572468240.0,87817
2023-05-10 09:32:21,IF2306,IF2306,4007.2,9.0,10819560.0,-6.0,1,4007.2,4007.8,3,4012.0,4009.8,4013.6,4000.8,1317.0,1583287800.0,87811
2023-05-10 09:32:22,IF2306,IF2306,4007.6,1.0,1202280.0,0.0,1,4007.4,4007.6,4,4012.0,4009.8,4013.6,4000.8,1318.0,1584490080.0,87811
2023-05-10 09:32:22,IF2306,IF2306,4007.4,3.0,3606600.0,-2.0,1,4007.2,4007.4,2,4012.0,4009.8,4013.6,4000.8,1321.0,1588096680.0,87809
2023-05-10 09:32:23,IF2306,IF2306,4007.4,2.0,2404440.0,-2.0,1,4007.6,4007.8,2,4012.0,4009.8,4013.6,4000.8,1323.0,1590501120.0,87807
2023-05-10 09:32:23,IF2306,IF2306,4007.6,2.0,2404560.0,-2.0,1,4007.2,4007.6,1,4012.0,4009.8,4013.6,4000.8,1325.0,1592905680.0,87805
2023-05-10 09:32:24,IF2306,IF2306,4007.6,1.0,1202280.0,-1.0,1,4007.6,4007.8,2,4012.0,4009.8,4013.6,4000.8,1326.0,1594107960.0,87804
2023-05-10 09:32:24,IF2306,IF2306,4007.6,1.0,1202280.0,0.0,1,4007.6,4007.8,2,4012.0,4009.8,4013.6,4000.8,1327.0,1595310240.0,87804
2023-05-10 09:32:25,IF2306,IF2306,4007.2,8.0,9617460.0,-2.0,1,4006.8,4007.2,1,4012.0,4009.8,4013.6,4000.8,1335.0,1604927700.0,87802
2023-05-10 09:32:25,IF2306,IF2306,4007.0,3.0,3606240.0,0.0,2,4005.8,4006.8,1,4012.0,4009.8,4013.6,4000.8,1338.0,1608533940.0,87802
2023-05-10 09:32:26,IF2306,IF2306,4006.6,4.0,4807680.0,-3.0,3,4006.2,4006.8,1,4012.0,4009.8,4013.6,4000.8,1342.0,1613341620.0,87799
2023-05-10 09:32:26,IF2306,IF2306,4006.2,1.0,1201860.0,-1.0,1,4005.8,4006.4,1,4012.0,4009.8,4013.6,4000.8,1343.0,1614543480.0,87798
2023-05-10 09:32:27,IF2306,IF2306,4006.2,2.0,2403720.0,-2.0,3,4005.2,4005.8,1,4012.0,4009.8,4013.6,4000.8,1345.0,1616947200.0,87796
2023-05-10 09:32:27,IF2306,IF2306,4006.4,3.0,3605580.0,0.0,1,4005.8,4006.4,1,4012.0,4009.8,4013.6,4000.8,1348.0,1620552780.0,87796
2023-05-10 09:32:28,IF2306,IF2306,4006.8,11.0,13221660.0,-8.0,1,4006.4,4007.2,1,4012.0,4009.8,4013.6,4000.8,1359.0,1633774440.0,87788
2023-05-10 09:32:28,IF2306,IF2306,4006.8,3.0,3605820.0,-1.0,1,4005.8,4007.0,7,4012.0,4009.8,4013.6,4000.8,1362.0,1637380260.0,87787
2023-05-10 09:32:29,IF2306,IF2306,4007.0,1.0,1202100.0,-1.0,1,4006.4,4007.0,4,4012.0,4009.8,4013.6,4000.8,1363.0,1638582360.0,87786
2023-05-10 09:32:29,IF2306,IF2306,4006.0,3.0,3605700.0,-2.0,1,4005.8,4006.8,1,4012.0,4009.8,4013.6,4000.8,1366.0,1642188060.0,87784
2023-05-10 09:32:30,IF2306,IF2306,4006.8,2.0,2404020.0,-2.0,6,4006.8,4007.2,1,4012.0,4009.8,4013.6,4000.8,1368.0,1644592080.0,87782
2023-05-10 09:32:30,IF2306,IF2306,4007.0,2.0,2404260.0,1.0,1,4006.2,4007.6,3,4012.0,4009.8,4013.6,4000.8,1370.0,1646996340.0,87783
2023-05-10 09:32:31,IF2306,IF2306,4006.4,3.0,3605760.0,-1.0,1,4006.4,4007.2,1,4012.0,4009.8,4013.6,4000.8,1373.0,1650602100.0,87782
2023-05-10 09:32:31,IF2306,IF2306,4006.4,0.0,0.0,0.0,1,4006.6,4007.0,1,4012.0,4009.8,4013.6,4000.8,1373.0,1650602100.0,87782
2023-05-10 09:32:32,IF2306,IF2306,4006.6,1.0,1201980.0,-1.0,1,4005.8,4006.8,2,4012.0,4009.8,4013.6,4000.8,1374.0,1651804080.0,87781
2023-05-10 09:32:32,IF2306,IF2306,4005.8,3.0,3605280.0,-2.0,1,4005.2,4005.8,2,4012.0,4009.8,4013.6,4000.8,1377.0,1655409360.0,87779
2023-05-10 09:32:33,IF2306,IF2306,4005.8,0.0,0.0,0.0,3,4005.6,4005.8,1,4012.0,4009.8,4013.6,4000.8,1377.0,1655409360.0,87779
2023-05-10 09:32:33,IF2306,IF2306,4005.6,4.0,4806780.0,-3.0,4,4005.8,4006.6,2,4012.0,4009.8,4013.6,4000.8,1381.0,1660216140.0,87776
2023-05-10 09:32:34,IF2306,IF2306,4006.4,1.0,1201920.0,0.0,4,4006.4,4006.6,2,4012.0,4009.8,4013.6,4000.8,1382.0,1661418060.0,87776
2023-05-10 09:32:34,IF2306,IF2306,4006.4,7.0,8413500.0,-3.0,2,4006.0,4006.8,3,4012.0,4009.8,4013.6,4000.8,1389.0,1669831560.0,87773
2023-05-10 09:32:35,IF2306,IF2306,4006.4,0.0,0.0,0.0,2,4005.8,4006.0,1,4012.0,4009.8,4013.6,4000.8,1389.0,1669831560.0,87773
2023-05-10 09:32:35,IF2306,IF2306,4006.0,2.0,2403540.0,0.0,2,4005.8,4006.6,2,4012.0,4009.8,4013.6,4000.8,1391.0,1672235100.0,87773
2023-05-10 09:32:36,IF2306,IF2306,4005.8,2.0,2403480.0,-1.0,1,4005.8,4006.2,1,4012.0,4009.8,4013.6,4000.8,1393.0,1674638580.0,87772
2023-05-10 09:32:36,IF2306,IF2306,4006.0,3.0,3605220.0,-2.0,1,4005.4,4006.2,2,4012.0,4009.8,4013.6,4000.8,1396.0,1678243800.0,87770
2023-05-10 09:32:37,IF2306,IF2306,4006.0,0.0,0.0,0.0,2,4005.6,4006.4,1,4012.0,4009.8,4013.6,4000.8,1396.0,1678243800.0,87770
2023-05-10 09:32:37,IF2306,IF2306,4006.0,0.0,0.0,0.0,1,4006.0,4006.4,1,4012.0,4009.8,4013.6,4000.8,1396.0,1678243800.0,87770
2023-05-10 09:32:38,IF2306,IF2306,4006.0,1.0,1201800.0,0.0,1,4005.8,4006.4,3,4012.0,4009.8,4013.6,4000.8,1397.0,1679445600.0,87770
2023-05-10 09:32:38,IF2306,IF2306,4006.4,1.0,1201920.0,-1.0,1,4005.8,4006.4,2,4012.0,4009.8,4013.6,4000.8,1398.0,1680647520.0,87769
2023-05-10 09:32:39,IF2306,IF2306,4006.4,2.0,2403840.0,-2.0,2,4006.0,4006.6,1,4012.0,4009.8,4013.6,4000.8,1400.0,1683051360.0,87767
2023-05-10 09:32:39,IF2306,IF2306,4006.4,0.0,0.0,0.0,1,4006.4,4006.8,2,4012.0,4009.8,4013.6,4000.8,1400.0,1683051360.0,87767
2023-05-10 09:32:40,IF2306,IF2306,4006.4,1.0,1201920.0,-1.0,1,4006.0,4006.4,1,4012.0,4009.8,4013.6,4000.8,1401.0,1684253280.0,87766
2023-05-10 09:32:41,IF2306,IF2306,4005.6,4.0,4807140.0,-1.0,1,4005.4,4006.0,1,4012.0,4009.8,4013.6,4000.8,1405.0,1689060420.0,87765
2023-05-10 09:32:41,IF2306,IF2306,4006.4,2.0,2403720.0,-1.0,1,4005.8,4006.6,2,4012.0,4009.8,4013.6,4000.8,1407.0,1691464140.0,87764
2023-05-10 09:32:42,IF2306,IF2306,4006.4,0.0,0.0,0.0,1,4005.8,4006.2,1,4012.0,4009.8,4013.6,4000.8,1407.0,1691464140.0,87764
2023-05-10 09:32:42,IF2306,IF2306,4006.6,1.0,1201980.0,1.0,1,4005.8,4006.8,2,4012.0,4009.8,4013.6,4000.8,1408.0,1692666120.0,87765
2023-05-10 09:32:43,IF2306,IF2306,4006.6,4.0,4807560.0,-2.0,2,4006.0,4006.6,7,4012.0,4009.8,4013.6,4000.8,1412.0,1697473680.0,87763
2023-05-10 09:32:43,IF2306,IF2306,4006.0,3.0,3605460.0,-2.0,1,4005.8,4006.4,1,4012.0,4009.8,4013.6,4000.8,1415.0,1701079140.0,87761
2023-05-10 09:32:44,IF2306,IF2306,4006.8,4.0,4807860.0,-1.0,2,4005.4,4007.4,3,4012.0,4009.8,4013.6,4000.8,1419.0,1705887000.0,87760
2023-05-10 09:32:44,IF2306,IF2306,4006.6,2.0,2403960.0,-1.0,1,4006.2,4006.8,14,4012.0,4009.8,4013.6,4000.8,1421.0,1708290960.0,87759
2023-05-10 09:32:45,IF2306,IF2306,4006.0,2.0,2403660.0,-1.0,2,4005.4,4006.0,7,4012.0,4009.8,4013.6,4000.8,1423.0,1710694620.0,87758
2023-05-10 09:32:45,IF2306,IF2306,4005.4,4.0,4806360.0,-2.0,2,4005.0,4005.8,1,4012.0,4009.8,4013.6,4000.8,1427.0,1715500980.0,87756
2023-05-10 09:32:46,IF2306,IF2306,4005.0,7.0,8411040.0,1.0,1,4004.8,4005.4,1,4012.0,4009.8,4013.6,4000.8,1434.0,1723912020.0,87757
2023-05-10 09:32:46,IF2306,IF2306,4005.8,3.0,3604920.0,-3.0,1,4005.2,4006.2,4,4012.0,4009.8,4013.6,4000.8,1437.0,1727516940.0,87754
2023-05-10 09:32:47,IF2306,IF2306,4005.0,3.0,3604560.0,-3.0,1,4005.0,4006.0,2,4012.0,4009.8,4013.6,4000.8,1440.0,1731121500.0,87751
2023-05-10 09:32:47,IF2306,IF2306,4005.0,1.0,1201500.0,-1.0,3,4005.2,4005.8,3,4012.0,4009.8,4013.6,4000.8,1441.0,1732323000.0,87750
2023-05-10 09:32:48,IF2306,IF2306,4005.2,2.0,2403120.0,-1.0,1,4005.2,4005.8,1,4012.0,4009.8,4013.6,4000.8,1443.0,1734726120.0,87749
2023-05-10 09:32:48,IF2306,IF2306,4005.2,5.0,6008880.0,-1.0,1,4004.8,4006.4,2,4012.0,4009.8,4013.6,4000.8,1448.0,1740735000.0,87748
2023-05-10 09:32:49,IF2306,IF2306,4005.2,1.0,1201560.0,0.0,1,4005.4,4006.0,1,4012.0,4009.8,4013.6,4000.8,1449.0,1741936560.0,87748
2023-05-10 09:32:49,IF2306,IF2306,4005.4,1.0,1201620.0,0.0,8,4005.0,4006.4,2,4012.0,4009.8,4013.6,4000.8,1450.0,1743138180.0,87748
2023-05-10 09:32:50,IF2306,IF2306,4005.4,0.0,0.0,0.0,1,4005.4,4006.4,3,4012.0,4009.8,4013.6,4000.8,1450.0,1743138180.0,87748
2023-05-10 09:32:50,IF2306,IF2306,4005.4,1.0,1201620.0,0.0,2,4006.0,4006.2,1,4012.0,4009.8,4013.6,4000.8,1451.0,1744339800.0,87748
2023-05-10 09:32:51,IF2306,IF2306,4005.4,2.0,2403240.0,-2.0,2,4005.4,4006.4,2,4012.0,4009.8,4013.6,4000.8,1453.0,1746743040.0,87746
2023-05-10 09:32:51,IF2306,IF2306,4005.4,2.0,2403540.0,-1.0,1,4005.4,4006.4,1,4012.0,4009.8,4013.6,4000.8,1455.0,1749146580.0,87745
2023-05-10 09:32:52,IF2306,IF2306,4006.6,4.0,4807860.0,-2.0,1,4005.6,4006.0,2,4012.0,4009.8,4013.6,4000.8,1459.0,1753954440.0,87743
2023-05-10 09:32:52,IF2306,IF2306,4006.0,1.0,1201800.0,-1.0,6,4005.0,4005.6,1,4012.0,4009.8,4013.6,4000.8,1460.0,1755156240.0,87742
2023-05-10 09:32:53,IF2306,IF2306,4006.0,2.0,2403480.0,-1.0,1,4006.4,4007.0,3,4012.0,4009.8,4013.6,4000.8,1462.0,1757559720.0,87741
2023-05-10 09:32:53,IF2306,IF2306,4006.0,5.0,6009480.0,-1.0,3,4006.0,4006.8,2,4012.0,4009.8,4013.6,4000.8,1467.0,1763569200.0,87740
2023-05-10 09:32:54,IF2306,IF2306,4006.8,1.0,1202040.0,1.0,3,4006.2,4007.0,3,4012.0,4009.8,4013.6,4000.8,1468.0,1764771240.0,87741
2023-05-10 09:32:54,IF2306,IF2306,4006.4,1.0,1201920.0,1.0,3,4006.2,4006.8,2,4012.0,4009.8,4013.6,4000.8,1469.0,1765973160.0,87742
2023-05-10 09:32:55,IF2306,IF2306,4006.6,1.0,1201980.0,-1.0,1,4006.2,4006.4,1,4012.0,4009.8,4013.6,4000.8,1470.0,1767175140.0,87741
2023-05-10 09:32:55,IF2306,IF2306,4006.6,0.0,0.0,0.0,4,4006.0,4006.2,1,4012.0,4009.8,4013.6,4000.8,1470.0,1767175140.0,87741
2023-05-10 09:32:56,IF2306,IF2306,4006.8,3.0,3605760.0,-1.0,1,4006.2,4007.0,1,4012.0,4009.8,4013.6,4000.8,1473.0,1770780900.0,87740
2023-05-10 09:32:56,IF2306,IF2306,4006.8,0.0,0.0,0.0,4,4006.0,4006.6,1,4012.0,4009.8,4013.6,4000.8,1473.0,1770780900.0,87740
2023-05-10 09:32:57,IF2306,IF2306,4006.4,2.0,2403900.0,-1.0,1,4006.2,4006.8,2,4012.0,4009.8,4013.6,4000.8,1475.0,1773184800.0,87739
2023-05-10 09:32:57,IF2306,IF2306,4006.0,2.0,2403660.0,-2.0,1,4006.4,4006.8,2,4012.0,4009.8,4013.6,4000.8,1477.0,1775588460.0,87737
2023-05-10 09:32:58,IF2306,IF2306,4006.4,2.0,2403960.0,-1.0,1,4006.6,4007.0,1,4012.0,4009.8,4013.6,4000.8,1479.0,1777992420.0,87736
2023-05-10 09:32:58,IF2306,IF2306,4007.0,1.0,1202100.0,-1.0,1,4006.6,4007.2,2,4012.0,4009.8,4013.6,4000.8,1480.0,1779194520.0,87735
2023-05-10 09:32:59,IF2306,IF2306,4007.0,0.0,0.0,0.0,2,4006.8,4007.0,1,4012.0,4009.8,4013.6,4000.8,1480.0,1779194520.0,87735
2023-05-10 09:32:59,IF2306,IF2306,4007.0,1.0,1202100.0,0.0,1,4007.2,4007.6,1,4012.0,4009.8,4013.6,4000.8,1481.0,1780396620.0,87735
2023-05-10 09:33:00,IF2306,IF2306,4007.4,1.0,1202220.0,-1.0,1,4007.2,4007.4,1,4012.0,4009.8,4013.6,4000.8,1482.0,1781598840.0,87734
2023-05-10 09:33:00,IF2306,IF2306,4007.8,4.0,4809180.0,-3.0,8,4007.6,4007.8,1,4012.0,4009.8,4013.6,4000.8,1486.0,1786408020.0,87731
2023-05-10 09:33:01,IF2306,IF2306,4007.8,5.0,6011580.0,-2.0,1,4007.8,4008.0,7,4012.0,4009.8,4013.6,4000.8,1491.0,1792419600.0,87729
2023-05-10 09:33:01,IF2306,IF2306,4008.0,4.0,4809540.0,-4.0,6,4007.6,4008.0,4,4012.0,4009.8,4013.6,4000.8,1495.0,1797229140.0,87725
2023-05-10 09:33:02,IF2306,IF2306,4007.6,6.0,7213680.0,0.0,1,4007.4,4007.6,1,4012.0,4009.8,4013.6,4000.8,1501.0,1804442820.0,87725
2023-05-10 09:33:02,IF2306,IF2306,4008.0,8.0,9618540.0,-3.0,5,4008.0,4009.0,1,4012.0,4009.8,4013.6,4000.8,1509.0,1814061360.0,87722
2023-05-10 09:33:03,IF2306,IF2306,4008.0,5.0,6012000.0,-5.0,3,4006.8,4008.2,5,4012.0,4009.8,4013.6,4000.8,1514.0,1820073360.0,87717
2023-05-10 09:33:03,IF2306,IF2306,4008.0,0.0,0.0,0.0,1,4007.6,4008.0,4,4012.0,4009.8,4013.6,4000.8,1514.0,1820073360.0,87717
2023-05-10 09:33:04,IF2306,IF2306,4008.0,3.0,3607200.0,-1.0,2,4008.0,4008.4,7,4012.0,4009.8,4013.6,4000.8,1517.0,1823680560.0,87716
2023-05-10 09:33:04,IF2306,IF2306,4008.0,2.0,2404800.0,-2.0,1,4007.8,4008.4,8,4012.0,4009.8,4013.6,4000.8,1519.0,1826085360.0,87714
2023-05-10 09:33:05,IF2306,IF2306,4008.2,1.0,1202460.0,0.0,10,4008.0,4008.4,6,4012.0,4009.8,4013.6,4000.8,1520.0,1827287820.0,87714
2023-05-10 09:33:05,IF2306,IF2306,4008.0,10.0,12024000.0,-9.0,1,4007.6,4007.8,2,4012.0,4009.8,4013.6,4000.8,1530.0,1839311820.0,87705
2023-05-10 09:33:06,IF2306,IF2306,4007.0,2.0,2404380.0,-1.0,5,4007.0,4007.6,1,4012.0,4009.8,4013.6,4000.8,1532.0,1841716200.0,87704
2023-05-10 09:33:06,IF2306,IF2306,4007.0,7.0,8414820.0,-5.0,4,4006.8,4007.6,1,4012.0,4009.8,4013.6,4000.8,1539.0,1850131020.0,87699
2023-05-10 09:33:07,IF2306,IF2306,4006.8,6.0,7212300.0,-4.0,1,4006.6,4007.2,3,4012.0,4009.8,4013.6,4000.8,1545.0,1857343320.0,87695
2023-05-10 09:33:07,IF2306,IF2306,4006.6,1.0,1201980.0,-1.0,1,4006.0,4006.2,3,4012.0,4009.8,4013.6,4000.8,1546.0,1858545300.0,87694
2023-05-10 09:33:08,IF2306,IF2306,4006.2,2.0,2403660.0,-1.0,1,4005.6,4006.0,1,4012.0,4009.8,4013.6,4000.8,1548.0,1860948960.0,87693
2023-05-10 09:33:08,IF2306,IF2306,4006.0,2.0,2403540.0,0.0,4,4005.0,4006.2,4,4012.0,4009.8,4013.6,4000.8,1550.0,1863352500.0,87693
2023-05-10 09:33:09,IF2306,IF2306,4006.2,1.0,1201860.0,-1.0,1,4005.6,4006.2,3,4012.0,4009.8,4013.6,4000.8,1551.0,1864554360.0,87692
2023-05-10 09:33:09,IF2306,IF2306,4006.2,3.0,3605580.0,-3.0,1,4006.2,4006.8,4,4012.0,4009.8,4013.6,4000.8,1554.0,1868159940.0,87689
2023-05-10 09:33:10,IF2306,IF2306,4006.2,0.0,0.0,0.0,1,4006.2,4006.4,2,4012.0,4009.8,4013.6,4000.8,1554.0,1868159940.0,87689
2023-05-10 09:33:10,IF2306,IF2306,4006.6,3.0,3605820.0,-3.0,2,4006.2,4006.8,4,4012.0,4009.8,4013.6,4000.8,1557.0,1871765760.0,87686
2023-05-10 09:33:11,IF2306,IF2306,4006.2,7.0,8413800.0,-5.0,1,4006.8,4007.2,2,4012.0,4009.8,4013.6,4000.8,1564.0,1880179560.0,87681
2023-05-10 09:33:11,IF2306,IF2306,4007.4,6.0,7213020.0,-6.0,1,4007.0,4008.0,5,4012.0,4009.8,4013.6,4000.8,1570.0,1887392580.0,87675
2023-05-10 09:33:12,IF2306,IF2306,4007.4,0.0,0.0,0.0,3,4007.2,4007.4,1,4012.0,4009.8,4013.6,4000.8,1570.0,1887392580.0,87675
2023-05-10 09:33:12,IF2306,IF2306,4008.0,8.0,9618840.0,-8.0,1,4007.6,4008.0,5,4012.0,4009.8,4013.6,4000.8,1578.0,1897011420.0,87667
2023-05-10 09:33:13,IF2306,IF2306,4008.0,5.0,6012000.0,-4.0,1,4008.4,4008.8,1,4012.0,4009.8,4013.6,4000.8,1583.0,1903023420.0,87663
2023-05-10 09:33:13,IF2306,IF2306,4008.0,0.0,0.0,0.0,1,4008.4,4008.6,1,4012.0,4009.8,4013.6,4000.8,1583.0,1903023420.0,87663
2023-05-10 09:33:14,IF2306,IF2306,4008.0,0.0,0.0,0.0,2,4008.6,4008.8,1,4012.0,4009.8,4013.6,4000.8,1583.0,1903023420.0,87663
2023-05-10 09:33:14,IF2306,IF2306,4008.4,3.0,3607680.0,-3.0,1,4007.8,4008.0,1,4012.0,4009.8,4013.6,4000.8,1586.0,1906631100.0,87660
2023-05-10 09:33:15,IF2306,IF2306,4008.0,1.0,1202400.0,-1.0,2,4008.4,4008.6,1,4012.0,4009.8,4013.6,4000.8,1587.0,1907833500.0,87659
2023-05-10 09:33:15,IF2306,IF2306,4008.8,2.0,2405220.0,-1.0,2,4008.4,4009.0,2,4012.0,4009.8,4013.6,4000.8,1589.0,1910238720.0,87658
2023-05-10 09:33:16,IF2306,IF2306,4008.6,2.0,2405280.0,-2.0,2,4008.6,4009.0,1,4012.0,4009.8,4013.6,4000.8,1591.0,1912644000.0,87656
2023-05-10 09:33:16,IF2306,IF2306,4009.0,1.0,1202700.0,-1.0,1,4009.0,4009.2,1,4012.0,4009.8,4013.6,4000.8,1592.0,1913846700.0,87655
2023-05-10 09:33:17,IF2306,IF2306,4009.2,3.0,3608280.0,-2.0,2,4009.2,4009.8,1,4012.0,4009.8,4013.6,4000.8,1595.0,1917454980.0,87653
2023-05-10 09:33:17,IF2306,IF2306,4009.2,0.0,0.0,0.0,2,4009.4,4009.6,1,4012.0,4009.8,4013.6,4000.8,1595.0,1917454980.0,87653
2023-05-10 09:33:18,IF2306,IF2306,4009.2,2.0,2405640.0,-1.0,1,4009.0,4009.2,1,4012.0,4009.8,4013.6,4000.8,1597.0,1919860620.0,87652
2023-05-10 09:33:18,IF2306,IF2306,4009.2,4.0,4811040.0,-4.0,3,4009.2,4009.8,1,4012.0,4009.8,4013.6,4000.8,1601.0,1924671660.0,87648
2023-05-10 09:33:19,IF2306,IF2306,4009.2,1.0,1202760.0,-1.0,3,4009.2,4009.8,1,4012.0,4009.8,4013.6,4000.8,1602.0,1925874420.0,87647
2023-05-10 09:33:19,IF2306,IF2306,4010.0,3.0,3608940.0,-2.0,2,4010.0,4010.4,1,4012.0,4009.8,4013.6,4000.8,1605.0,1929483360.0,87645
2023-05-10 09:33:20,IF2306,IF2306,4010.2,3.0,3609180.0,-3.0,1,4010.4,4010.8,2,4012.0,4009.8,4013.6,4000.8,1608.0,1933092540.0,87642
2023-05-10 09:33:20,IF2306,IF2306,4009.8,2.0,2406000.0,-2.0,3,4009.6,4010.8,1,4012.0,4009.8,4013.6,4000.8,1610.0,1935498540.0,87640
2023-05-10 09:33:21,IF2306,IF2306,4009.8,2.0,2405880.0,0.0,3,4009.8,4010.6,1,4012.0,4009.8,4013.6,4000.8,1612.0,1937904420.0,87640
2023-05-10 09:33:21,IF2306,IF2306,4009.8,0.0,0.0,0.0,1,4010.0,4010.6,1,4012.0,4009.8,4013.6,4000.8,1612.0,1937904420.0,87640
2023-05-10 09:33:22,IF2306,IF2306,4010.6,1.0,1203180.0,0.0,1,4010.6,4010.8,1,4012.0,4009.8,4013.6,4000.8,1613.0,1939107600.0,87640
2023-05-10 09:33:22,IF2306,IF2306,4010.6,1.0,1203180.0,-1.0,1,4010.0,4010.8,1,4012.0,4009.8,4013.6,4000.8,1614.0,1940310780.0,87639
2023-05-10 09:33:23,IF2306,IF2306,4010.6,2.0,2406360.0,-1.0,2,4010.0,4010.8,1,4012.0,4009.8,4013.6,4000.8,1616.0,1942717140.0,87638
2023-05-10 09:33:23,IF2306,IF2306,4010.6,0.0,0.0,0.0,1,4010.2,4010.8,1,4012.0,4009.8,4013.6,4000.8,1616.0,1942717140.0,87638
2023-05-10 09:33:24,IF2306,IF2306,4010.8,1.0,1203240.0,-1.0,1,4010.4,4010.6,2,4012.0,4009.8,4013.6,4000.8,1617.0,1943920380.0,87637
2023-05-10 09:33:24,IF2306,IF2306,4010.6,2.0,2406360.0,-1.0,4,4010.8,4011.0,1,4012.0,4009.8,4013.6,4000.8,1619.0,1946326740.0,87636
2023-05-10 09:33:25,IF2306,IF2306,4010.6,0.0,0.0,0.0,4,4010.8,4011.2,5,4012.0,4009.8,4013.6,4000.8,1619.0,1946326740.0,87636
2023-05-10 09:33:25,IF2306,IF2306,4010.8,4.0,4813020.0,0.0,2,4010.8,4011.2,5,4012.0,4009.8,4013.6,4000.8,1623.0,1951139760.0,87636
2023-05-10 09:33:26,IF2306,IF2306,4010.0,3.0,3609480.0,-2.0,1,4010.0,4010.8,1,4012.0,4009.8,4013.6,4000.8,1626.0,1954749240.0,87634
2023-05-10 09:33:26,IF2306,IF2306,4010.0,0.0,0.0,0.0,3,4010.2,4010.6,1,4012.0,4009.8,4013.6,4000.8,1626.0,1954749240.0,87634
2023-05-10 09:33:27,IF2306,IF2306,4011.2,8.0,9626520.0,-3.0,14,4011.2,4011.4,2,4012.0,4009.8,4013.6,4000.8,1634.0,1964375760.0,87631
2023-05-10 09:33:27,IF2306,IF2306,4011.2,9.0,10830240.0,-9.0,6,4011.2,4011.4,2,4012.0,4009.8,4013.6,4000.8,1643.0,1975206000.0,87622
2023-05-10 09:33:28,IF2306,IF2306,4011.2,3.0,3610080.0,-3.0,3,4011.2,4011.4,2,4012.0,4009.8,4013.6,4000.8,1646.0,1978816080.0,87619
2023-05-10 09:33:28,IF2306,IF2306,4011.4,5.0,6017100.0,-4.0,1,4011.4,4011.8,1,4012.0,4009.8,4013.6,4000.8,1651.0,1984833180.0,87615
2023-05-10 09:33:29,IF2306,IF2306,4011.4,3.0,3610440.0,-1.0,3,4011.2,4012.0,2,4012.0,4009.8,4013.6,4000.8,1654.0,1988443620.0,87614
2023-05-10 09:33:29,IF2306,IF2306,4011.4,0.0,0.0,0.0,1,4011.8,4012.0,2,4012.0,4009.8,4013.6,4000.8,1654.0,1988443620.0,87614
2023-05-10 09:33:30,IF2306,IF2306,4011.8,2.0,2407140.0,-1.0,1,4011.4,4011.8,1,4012.0,4009.8,4013.6,4000.8,1656.0,1990850760.0,87613
2023-05-10 09:33:30,IF2306,IF2306,4011.8,1.0,1203540.0,0.0,3,4011.2,4012.0,1,4012.0,4009.8,4013.6,4000.8,1657.0,1992054300.0,87613
2023-05-10 09:33:31,IF2306,IF2306,4011.6,4.0,4813560.0,-3.0,6,4010.8,4011.2,1,4012.0,4009.8,4013.6,4000.8,1661.0,1996867860.0,87610
2023-05-10 09:33:31,IF2306,IF2306,4011.8,3.0,3610560.0,0.0,6,4010.8,4011.8,11,4012.0,4009.8,4013.6,4000.8,1664.0,2000478420.0,87610
2023-05-10 09:33:32,IF2306,IF2306,4011.2,2.0,2406660.0,-2.0,6,4010.8,4011.2,3,4012.0,4009.8,4013.6,4000.8,1666.0,2002885080.0,87608
2023-05-10 09:33:32,IF2306,IF2306,4010.8,4.0,4813080.0,-4.0,3,4010.8,4011.0,2,4012.0,4009.8,4013.6,4000.8,1670.0,2007698160.0,87604
2023-05-10 09:33:33,IF2306,IF2306,4010.8,4.0,4813080.0,-2.0,2,4010.2,4010.8,1,4012.0,4009.8,4013.6,4000.8,1674.0,2012511240.0,87602
2023-05-10 09:33:33,IF2306,IF2306,4010.8,1.0,1203240.0,0.0,2,4010.4,4011.4,2,4012.0,4009.8,4013.6,4000.8,1675.0,2013714480.0,87602
2023-05-10 09:33:34,IF2306,IF2306,4010.8,0.0,0.0,0.0,1,4011.0,4011.2,7,4012.0,4009.8,4013.6,4000.8,1675.0,2013714480.0,87602
2023-05-10 09:33:34,IF2306,IF2306,4011.0,2.0,2406600.0,-1.0,2,4010.2,4010.6,8,4012.0,4009.8,4013.6,4000.8,1677.0,2016121080.0,87601
2023-05-10 09:33:35,IF2306,IF2306,4010.2,1.0,1203060.0,0.0,2,4010.0,4010.4,1,4012.0,4009.8,4013.6,4000.8,1678.0,2017324140.0,87601
2023-05-10 09:33:35,IF2306,IF2306,4010.4,1.0,1203120.0,-1.0,2,4010.0,4010.6,8,4012.0,4009.8,4013.6,4000.8,1679.0,2018527260.0,87600
2023-05-10 09:33:36,IF2306,IF2306,4010.0,1.0,1203000.0,0.0,1,4010.0,4010.4,1,4012.0,4009.8,4013.6,4000.8,1680.0,2019730260.0,87600
2023-05-10 09:33:36,IF2306,IF2306,4010.0,2.0,2406120.0,-1.0,1,4010.4,4010.8,1,4012.0,4009.8,4013.6,4000.8,1682.0,2022136380.0,87599
2023-05-10 09:33:37,IF2306,IF2306,4010.4,3.0,3609360.0,-2.0,4,4009.8,4010.4,1,4012.0,4009.8,4013.6,4000.8,1685.0,2025745740.0,87597
2023-05-10 09:33:37,IF2306,IF2306,4010.4,1.0,1203120.0,0.0,2,4010.0,4010.8,1,4012.0,4009.8,4013.6,4000.8,1686.0,2026948860.0,87597
2023-05-10 09:33:38,IF2306,IF2306,4010.4,0.0,0.0,0.0,1,4010.4,4010.8,1,4012.0,4009.8,4013.6,4000.8,1686.0,2026948860.0,87597
2023-05-10 09:33:38,IF2306,IF2306,4010.4,1.0,1203120.0,0.0,1,4010.2,4010.4,1,4012.0,4009.8,4013.6,4000.8,1687.0,2028151980.0,87597
2023-05-10 09:33:39,IF2306,IF2306,4010.4,1.0,1203120.0,1.0,3,4009.8,4010.2,1,4012.0,4009.8,4013.6,4000.8,1688.0,2029355100.0,87598
2023-05-10 09:33:39,IF2306,IF2306,4010.0,1.0,1203000.0,1.0,1,4010.0,4010.2,1,4012.0,4009.8,4013.6,4000.8,1689.0,2030558100.0,87599
2023-05-10 09:33:40,IF2306,IF2306,4010.0,3.0,3609120.0,-1.0,2,4009.8,4010.4,2,4012.0,4009.8,4013.6,4000.8,1692.0,2034167220.0,87598
2023-05-10 09:33:40,IF2306,IF2306,4009.8,8.0,9623280.0,-7.0,2,4009.2,4010.2,2,4012.0,4009.8,4013.6,4000.8,1700.0,2043790500.0,87591
2023-05-10 09:33:41,IF2306,IF2306,4009.2,5.0,6013980.0,-3.0,1,4008.8,4009.6,1,4012.0,4009.8,4013.6,4000.8,1705.0,2049804480.0,87588
2023-05-10 09:33:41,IF2306,IF2306,4009.2,0.0,0.0,0.0,1,4008.2,4009.2,4,4012.0,4009.8,4013.6,4000.8,1705.0,2049804480.0,87588
2023-05-10 09:33:42,IF2306,IF2306,4009.2,3.0,3608280.0,-2.0,2,4008.4,4009.0,3,4012.0,4009.8,4013.6,4000.8,1708.0,2053412760.0,87586
2023-05-10 09:33:42,IF2306,IF2306,4009.2,3.0,3608280.0,3.0,1,4008.4,4009.4,2,4012.0,4009.8,4013.6,4000.8,1711.0,2057021040.0,87589
2023-05-10 09:33:43,IF2306,IF2306,4009.2,0.0,0.0,0.0,1,4008.4,4009.2,7,4012.0,4009.8,4013.6,4000.8,1711.0,2057021040.0,87589
2023-05-10 09:33:43,IF2306,IF2306,4009.2,0.0,0.0,0.0,1,4008.6,4009.0,1,4012.0,4009.8,4013.6,4000.8,1711.0,2057021040.0,87589
2023-05-10 09:33:44,IF2306,IF2306,4009.2,0.0,0.0,0.0,1,4008.8,4009.2,4,4012.0,4009.8,4013.6,4000.8,1711.0,2057021040.0,87589
2023-05-10 09:33:44,IF2306,IF2306,4009.2,0.0,0.0,0.0,4,4009.4,4009.8,4,4012.0,4009.8,4013.6,4000.8,1711.0,2057021040.0,87589
2023-05-10 09:33:45,IF2306,IF2306,4009.4,4.0,4811280.0,-4.0,2,4008.6,4009.6,4,4012.0,4009.8,4013.6,4000.8,1715.0,2061832320.0,87585
2023-05-10 09:33:45,IF2306,IF2306,4009.4,1.0,1202820.0,0.0,1,4008.8,4009.4,1,4012.0,4009.8,4013.6,4000.8,1716.0,2063035140.0,87585
2023-05-10 09:33:46,IF2306,IF2306,4009.2,2.0,2405340.0,0.0,1,4008.0,4009.6,4,4012.0,4009.8,4013.6,4000.8,1718.0,2065440480.0,87585
2023-05-10 09:33:46,IF2306,IF2306,4009.2,0.0,0.0,0.0,3,4008.4,4008.8,1,4012.0,4009.8,4013.6,4000.8,1718.0,2065440480.0,87585
2023-05-10 09:33:47,IF2306,IF2306,4009.6,2.0,2405520.0,-2.0,4,4009.6,4009.8,4,4012.0,4009.8,4013.6,4000.8,1720.0,2067846000.0,87583
2023-05-10 09:33:47,IF2306,IF2306,4009.6,5.0,6014400.0,-3.0,2,4008.6,4009.6,4,4012.0,4009.8,4013.6,4000.8,1725.0,2073860400.0,87580
2023-05-10 09:33:48,IF2306,IF2306,4009.6,0.0,0.0,0.0,3,4008.8,4009.8,4,4012.0,4009.8,4013.6,4000.8,1725.0,2073860400.0,87580
2023-05-10 09:33:48,IF2306,IF2306,4009.6,0.0,0.0,0.0,1,4009.0,4009.6,1,4012.0,4009.8,4013.6,4000.8,1725.0,2073860400.0,87580
2023-05-10 09:33:49,IF2306,IF2306,4009.6,0.0,0.0,0.0,1,4009.2,4009.6,1,4012.0,4009.8,4013.6,4000.8,1725.0,2073860400.0,87580
2023-05-10 09:33:49,IF2306,IF2306,4009.6,1.0,1202880.0,0.0,1,4009.0,4009.8,3,4012.0,4009.8,4013.6,4000.8,1726.0,2075063280.0,87580
2023-05-10 09:33:50,IF2306,IF2306,4009.6,1.0,1202880.0,0.0,1,4009.2,4009.8,3,4012.0,4009.8,4013.6,4000.8,1727.0,2076266160.0,87580
2023-05-10 09:33:50,IF2306,IF2306,4009.2,1.0,1202760.0,0.0,1,4009.0,4009.4,1,4012.0,4009.8,4013.6,4000.8,1728.0,2077468920.0,87580
2023-05-10 09:33:51,IF2306,IF2306,4009.2,1.0,1202760.0,0.0,2,4009.0,4009.4,1,4012.0,4009.8,4013.6,4000.8,1729.0,2078671680.0,87580
2023-05-10 09:33:51,IF2306,IF2306,4009.2,0.0,0.0,0.0,1,4009.2,4009.4,1,4012.0,4009.8,4013.6,4000.8,1729.0,2078671680.0,87580
2023-05-10 09:33:52,IF2306,IF2306,4009.2,0.0,0.0,0.0,2,4009.0,4009.4,1,4012.0,4009.8,4013.6,4000.8,1729.0,2078671680.0,87580
2023-05-10 09:33:52,IF2306,IF2306,4009.0,2.0,2405400.0,0.0,1,4008.8,4009.2,4,4012.0,4009.8,4013.6,4000.8,1731.0,2081077080.0,87580
2023-05-10 09:33:53,IF2306,IF2306,4008.8,2.0,2405400.0,0.0,2,4008.4,4009.2,1,4012.0,4009.8,4013.6,4000.8,1733.0,2083482480.0,87580
2023-05-10 09:33:53,IF2306,IF2306,4009.2,1.0,1202760.0,1.0,2,4008.8,4009.4,1,4012.0,4009.8,4013.6,4000.8,1734.0,2084685240.0,87581
2023-05-10 09:33:54,IF2306,IF2306,4009.4,1.0,1202820.0,-1.0,1,4009.4,4009.8,3,4012.0,4009.8,4013.6,4000.8,1735.0,2085888060.0,87580
2023-05-10 09:33:54,IF2306,IF2306,4009.8,1.0,1202940.0,-1.0,1,4009.6,4010.0,1,4012.0,4009.8,4013.6,4000.8,1736.0,2087091000.0,87579
2023-05-10 09:33:55,IF2306,IF2306,4009.8,1.0,1202940.0,-1.0,1,4009.4,4010.0,1,4012.0,4009.8,4013.6,4000.8,1737.0,2088293940.0,87578
2023-05-10 09:33:55,IF2306,IF2306,4009.4,2.0,2405640.0,-2.0,2,4009.2,4009.8,3,4012.0,4009.8,4013.6,4000.8,1739.0,2090699580.0,87576
2023-05-10 09:33:56,IF2306,IF2306,4009.2,2.0,2405520.0,-2.0,2,4008.8,4009.2,1,4012.0,4009.8,4013.6,4000.8,1741.0,2093105100.0,87574
2023-05-10 09:33:56,IF2306,IF2306,4009.2,1.0,1202760.0,0.0,1,4009.0,4009.6,1,4012.0,4009.8,4013.6,4000.8,1742.0,2094307860.0,87574
2023-05-10 09:33:57,IF2306,IF2306,4009.2,0.0,0.0,0.0,2,4008.6,4009.6,1,4012.0,4009.8,4013.6,4000.8,1742.0,2094307860.0,87574
2023-05-10 09:33:57,IF2306,IF2306,4009.2,0.0,0.0,0.0,10,4008.8,4009.4,1,4012.0,4009.8,4013.6,4000.8,1742.0,2094307860.0,87574
2023-05-10 09:33:58,IF2306,IF2306,4009.2,0.0,0.0,0.0,7,4009.0,4009.6,2,4012.0,4009.8,4013.6,4000.8,1742.0,2094307860.0,87574
2023-05-10 09:33:58,IF2306,IF2306,4009.2,0.0,0.0,0.0,1,4009.4,4009.6,1,4012.0,4009.8,4013.6,4000.8,1742.0,2094307860.0,87574
2023-05-10 09:33:59,IF2306,IF2306,4009.4,1.0,1202820.0,-1.0,10,4009.0,4009.6,1,4012.0,4009.8,4013.6,4000.8,1743.0,2095510680.0,87573
2023-05-10 09:33:59,IF2306,IF2306,4009.4,0.0,0.0,0.0,10,4009.0,4009.4,1,4012.0,4009.8,4013.6,4000.8,1743.0,2095510680.0,87573
2023-05-10 09:34:00,IF2306,IF2306,4009.6,4.0,4811280.0,-3.0,2,4009.6,4009.8,4,4012.0,4009.8,4013.6,4000.8,1747.0,2100321960.0,87570
2023-05-10 09:34:00,IF2306,IF2306,4009.2,5.0,6013920.0,-5.0,8,4009.0,4009.2,16,4012.0,4009.8,4013.6,4000.8,1752.0,2106335880.0,87565
2023-05-10 09:34:01,IF2306,IF2306,4008.4,12.0,14431860.0,-7.0,2,4008.0,4008.8,3,4012.0,4009.8,4013.6,4000.8,1764.0,2120767740.0,87558
2023-05-10 09:34:01,IF2306,IF2306,4009.2,8.0,9621180.0,-6.0,5,4008.4,4008.8,1,4012.0,4009.8,4013.6,4000.8,1772.0,2130388920.0,87552
2023-05-10 09:34:02,IF2306,IF2306,4009.4,2.0,2405460.0,-2.0,1,4008.8,4009.4,1,4012.0,4009.8,4013.6,4000.8,1774.0,2132794380.0,87550
2023-05-10 09:34:02,IF2306,IF2306,4009.4,0.0,0.0,0.0,2,4008.8,4009.2,2,4012.0,4009.8,4013.6,4000.8,1774.0,2132794380.0,87550
2023-05-10 09:34:03,IF2306,IF2306,4009.0,3.0,3607980.0,-3.0,1,4008.4,4009.0,1,4012.0,4009.8,4013.6,4000.8,1777.0,2136402360.0,87547
2023-05-10 09:34:03,IF2306,IF2306,4009.0,0.0,0.0,0.0,4,4008.0,4008.4,5,4012.0,4009.8,4013.6,4000.8,1777.0,2136402360.0,87547
2023-05-10 09:34:04,IF2306,IF2306,4008.0,3.0,3607200.0,-2.0,2,4007.0,4008.0,1,4012.0,4009.8,4013.6,4000.8,1780.0,2140009560.0,87545
2023-05-10 09:34:04,IF2306,IF2306,4007.6,1.0,1202280.0,-1.0,14,4007.2,4008.2,1,4012.0,4009.8,4013.6,4000.8,1781.0,2141211840.0,87544
2023-05-10 09:34:05,IF2306,IF2306,4007.8,1.0,1202340.0,-1.0,1,4007.4,4008.0,1,4012.0,4009.8,4013.6,4000.8,1782.0,2142414180.0,87543
2023-05-10 09:34:05,IF2306,IF2306,4007.8,0.0,0.0,0.0,4,4007.0,4008.2,1,4012.0,4009.8,4013.6,4000.8,1782.0,2142414180.0,87543
2023-05-10 09:34:06,IF2306,IF2306,4007.2,1.0,1202160.0,0.0,1,4007.2,4007.6,5,4012.0,4009.8,4013.6,4000.8,1783.0,2143616340.0,87543
2023-05-10 09:34:06,IF2306,IF2306,4007.6,8.0,9618000.0,-3.0,4,4007.0,4007.6,2,4012.0,4009.8,4013.6,4000.8,1791.0,2153234340.0,87540
2023-05-10 09:34:07,IF2306,IF2306,4007.8,3.0,3606960.0,-3.0,1,4007.4,4008.0,2,4012.0,4009.8,4013.6,4000.8,1794.0,2156841300.0,87537
2023-05-10 09:34:07,IF2306,IF2306,4008.2,3.0,3607260.0,-3.0,1,4007.8,4008.4,2,4012.0,4009.8,4013.6,4000.8,1797.0,2160448560.0,87534
2023-05-10 09:34:09,IF2306,IF2306,4007.8,1.0,1202340.0,-1.0,2,4007.6,4008.4,3,4012.0,4009.8,4013.6,4000.8,1798.0,2161650900.0,87533
2023-05-10 09:34:09,IF2306,IF2306,4007.8,0.0,0.0,0.0,2,4007.6,4008.2,1,4012.0,4009.8,4013.6,4000.8,1798.0,2161650900.0,87533
2023-05-10 09:34:10,IF2306,IF2306,4007.6,1.0,1202280.0,0.0,1,4007.6,4007.8,1,4012.0,4009.8,4013.6,4000.8,1799.0,2162853180.0,87533
2023-05-10 09:34:10,IF2306,IF2306,4007.6,3.0,3606960.0,-3.0,4,4007.2,4008.4,2,4012.0,4009.8,4013.6,4000.8,1802.0,2166460140.0,87530
2023-05-10 09:34:11,IF2306,IF2306,4007.4,1.0,1202220.0,-1.0,3,4007.2,4008.0,2,4012.0,4009.8,4013.6,4000.8,1803.0,2167662360.0,87529
2023-05-10 09:34:11,IF2306,IF2306,4007.4,3.0,3606660.0,-2.0,3,4007.0,4007.6,1,4012.0,4009.8,4013.6,4000.8,1806.0,2171269020.0,87527
2023-05-10 09:34:12,IF2306,IF2306,4007.6,1.0,1202280.0,-1.0,3,4007.0,4007.8,1,4012.0,4009.8,4013.6,4000.8,1807.0,2172471300.0,87526
2023-05-10 09:34:12,IF2306,IF2306,4007.6,0.0,0.0,0.0,1,4007.2,4007.6,2,4012.0,4009.8,4013.6,4000.8,1807.0,2172471300.0,87526
2023-05-10 09:34:13,IF2306,IF2306,4007.6,0.0,0.0,0.0,3,4007.0,4007.6,2,4012.0,4009.8,4013.6,4000.8,1807.0,2172471300.0,87526
2023-05-10 09:34:13,IF2306,IF2306,4007.6,0.0,0.0,0.0,1,4007.2,4007.6,2,4012.0,4009.8,4013.6,4000.8,1807.0,2172471300.0,87526
2023-05-10 09:34:14,IF2306,IF2306,4007.6,2.0,2404560.0,-2.0,4,4007.0,4007.6,1,4012.0,4009.8,4013.6,4000.8,1809.0,2174875860.0,87524
2023-05-10 09:34:14,IF2306,IF2306,4007.6,0.0,0.0,0.0,4,4007.0,4007.2,1,4012.0,4009.8,4013.6,4000.8,1809.0,2174875860.0,87524
2023-05-10 09:34:15,IF2306,IF2306,4007.0,4.0,4808520.0,-2.0,1,4007.2,4007.6,1,4012.0,4009.8,4013.6,4000.8,1813.0,2179684380.0,87522
2023-05-10 09:34:15,IF2306,IF2306,4007.0,3.0,3606360.0,-2.0,3,4006.8,4007.0,2,4012.0,4009.8,4013.6,4000.8,1816.0,2183290740.0,87520
2023-05-10 09:34:16,IF2306,IF2306,4006.8,5.0,6010260.0,-2.0,2,4006.2,4007.0,1,4012.0,4009.8,4013.6,4000.8,1821.0,2189301000.0,87518
2023-05-10 09:34:16,IF2306,IF2306,4007.0,1.0,1202100.0,-1.0,3,4006.6,4007.4,5,4012.0,4009.8,4013.6,4000.8,1822.0,2190503100.0,87517
2023-05-10 09:34:17,IF2306,IF2306,4006.8,1.0,1202040.0,-1.0,1,4006.6,4007.4,5,4012.0,4009.8,4013.6,4000.8,1823.0,2191705140.0,87516
2023-05-10 09:34:17,IF2306,IF2306,4007.4,1.0,1202220.0,-1.0,3,4006.8,4007.4,3,4012.0,4009.8,4013.6,4000.8,1824.0,2192907360.0,87515
2023-05-10 09:34:18,IF2306,IF2306,4007.4,1.0,1202220.0,0.0,1,4006.8,4007.2,1,4012.0,4009.8,4013.6,4000.8,1825.0,2194109580.0,87515
2023-05-10 09:34:18,IF2306,IF2306,4007.2,1.0,1202160.0,-1.0,1,4006.8,4007.4,1,4012.0,4009.8,4013.6,4000.8,1826.0,2195311740.0,87514
2023-05-10 09:34:19,IF2306,IF2306,4007.2,1.0,1202160.0,-1.0,1,4006.4,4006.8,1,4012.0,4009.8,4013.6,4000.8,1827.0,2196513900.0,87513
2023-05-10 09:34:19,IF2306,IF2306,4007.2,0.0,0.0,0.0,2,4006.2,4006.8,1,4012.0,4009.8,4013.6,4000.8,1827.0,2196513900.0,87513
2023-05-10 09:34:20,IF2306,IF2306,4006.2,3.0,3605820.0,0.0,1,4006.2,4007.0,1,4012.0,4009.8,4013.6,4000.8,1830.0,2200119720.0,87513
2023-05-10 09:34:20,IF2306,IF2306,4007.0,1.0,1202100.0,-1.0,1,4006.4,4007.2,3,4012.0,4009.8,4013.6,4000.8,1831.0,2201321820.0,87512
2023-05-10 09:34:21,IF2306,IF2306,4006.4,1.0,1201920.0,-1.0,2,4006.8,4007.2,2,4012.0,4009.8,4013.6,4000.8,1832.0,2202523740.0,87511
2023-05-10 09:34:21,IF2306,IF2306,4006.8,2.0,2404080.0,-2.0,1,4006.2,4006.8,1,4012.0,4009.8,4013.6,4000.8,1834.0,2204927820.0,87509
2023-05-10 09:34:22,IF2306,IF2306,4006.8,1.0,1202040.0,0.0,1,4006.4,4007.2,1,4012.0,4009.8,4013.6,4000.8,1835.0,2206129860.0,87509
2023-05-10 09:34:22,IF2306,IF2306,4007.2,2.0,2404260.0,-2.0,1,4006.2,4007.4,3,4012.0,4009.8,4013.6,4000.8,1837.0,2208534120.0,87507
2023-05-10 09:34:23,IF2306,IF2306,4007.2,0.0,0.0,0.0,5,4006.4,4007.2,7,4012.0,4009.8,4013.6,4000.8,1837.0,2208534120.0,87507
2023-05-10 09:34:23,IF2306,IF2306,4006.6,2.0,2403960.0,-2.0,1,4006.6,4007.2,1,4012.0,4009.8,4013.6,4000.8,1839.0,2210938080.0,87505
2023-05-10 09:34:24,IF2306,IF2306,4007.2,1.0,1202160.0,-1.0,2,4006.2,4007.4,1,4012.0,4009.8,4013.6,4000.8,1840.0,2212140240.0,87504
2023-05-10 09:34:24,IF2306,IF2306,4007.2,0.0,0.0,0.0,5,4006.4,4007.0,1,4012.0,4009.8,4013.6,4000.8,1840.0,2212140240.0,87504
2023-05-10 09:34:25,IF2306,IF2306,4007.2,0.0,0.0,0.0,2,4006.2,4007.0,2,4012.0,4009.8,4013.6,4000.8,1840.0,2212140240.0,87504
2023-05-10 09:34:25,IF2306,IF2306,4007.0,1.0,1202100.0,-1.0,2,4006.2,4007.0,1,4012.0,4009.8,4013.6,4000.8,1841.0,2213342340.0,87503
2023-05-10 09:34:26,IF2306,IF2306,4006.2,3.0,3605820.0,-1.0,1,4006.2,4007.2,5,4012.0,4009.8,4013.6,4000.8,1844.0,2216948160.0,87502
2023-05-10 09:34:26,IF2306,IF2306,4006.8,1.0,1202040.0,-1.0,2,4006.4,4007.0,7,4012.0,4009.8,4013.6,4000.8,1845.0,2218150200.0,87501
2023-05-10 09:34:27,IF2306,IF2306,4006.2,4.0,4807800.0,-1.0,4,4006.0,4006.2,7,4012.0,4009.8,4013.6,4000.8,1849.0,2222958000.0,87500
2023-05-10 09:34:27,IF2306,IF2306,4007.0,8.0,9615120.0,-1.0,2,4006.2,4007.2,3,4012.0,4009.8,4013.6,4000.8,1857.0,2232573120.0,87499
2023-05-10 09:34:28,IF2306,IF2306,4007.0,1.0,1202100.0,-1.0,1,4006.0,4006.8,1,4012.0,4009.8,4013.6,4000.8,1858.0,2233775220.0,87498
2023-05-10 09:34:28,IF2306,IF2306,4006.8,1.0,1202040.0,-1.0,2,4006.0,4007.0,7,4012.0,4009.8,4013.6,4000.8,1859.0,2234977260.0,87497
2023-05-10 09:34:29,IF2306,IF2306,4006.8,0.0,0.0,0.0,1,4006.0,4006.6,3,4012.0,4009.8,4013.6,4000.8,1859.0,2234977260.0,87497
2023-05-10 09:34:29,IF2306,IF2306,4006.8,0.0,0.0,0.0,2,4006.4,4006.8,1,4012.0,4009.8,4013.6,4000.8,1859.0,2234977260.0,87497
2023-05-10 09:34:30,IF2306,IF2306,4006.8,1.0,1202040.0,-1.0,2,4006.0,4007.0,4,4012.0,4009.8,4013.6,4000.8,1860.0,2236179300.0,87496
2023-05-10 09:34:30,IF2306,IF2306,4006.2,3.0,3606000.0,-2.0,4,4006.0,4007.0,1,4012.0,4009.8,4013.6,4000.8,1863.0,2239785300.0,87494
2023-05-10 09:34:31,IF2306,IF2306,4006.0,2.0,2403600.0,1.0,3,4006.0,4006.8,2,4012.0,4009.8,4013.6,4000.8,1865.0,2242188900.0,87495
2023-05-10 09:34:31,IF2306,IF2306,4006.6,2.0,2403780.0,-1.0,2,4006.4,4006.6,2,4012.0,4009.8,4013.6,4000.8,1867.0,2244592680.0,87494
2023-05-10 09:34:32,IF2306,IF2306,4005.6,6.0,7211280.0,0.0,2,4005.4,4006.0,1,4012.0,4009.8,4013.6,4000.8,1873.0,2251803960.0,87494
2023-05-10 09:34:32,IF2306,IF2306,4006.0,4.0,4806840.0,-4.0,2,4005.6,4006.0,2,4012.0,4009.8,4013.6,4000.8,1877.0,2256610800.0,87490
2023-05-10 09:34:33,IF2306,IF2306,4006.0,0.0,0.0,0.0,4,4005.4,4005.6,1,4012.0,4009.8,4013.6,4000.8,1877.0,2256610800.0,87490
2023-05-10 09:34:33,IF2306,IF2306,4005.6,1.0,1201680.0,-1.0,2,4005.6,4006.0,3,4012.0,4009.8,4013.6,4000.8,1878.0,2257812480.0,87489
2023-05-10 09:34:34,IF2306,IF2306,4005.6,2.0,2403480.0,0.0,4,4005.4,4006.0,2,4012.0,4009.8,4013.6,4000.8,1880.0,2260215960.0,87489
2023-05-10 09:34:34,IF2306,IF2306,4006.0,1.0,1201800.0,0.0,1,4005.6,4006.0,3,4012.0,4009.8,4013.6,4000.8,1881.0,2261417760.0,87489
2023-05-10 09:34:35,IF2306,IF2306,4006.0,1.0,1201800.0,-1.0,5,4005.4,4006.0,2,4012.0,4009.8,4013.6,4000.8,1882.0,2262619560.0,87488
2023-05-10 09:34:35,IF2306,IF2306,4006.0,2.0,2403600.0,-1.0,5,4005.6,4006.6,1,4012.0,4009.8,4013.6,4000.8,1884.0,2265023160.0,87487
2023-05-10 09:34:36,IF2306,IF2306,4005.6,1.0,1201680.0,-1.0,1,4005.8,4006.2,1,4012.0,4009.8,4013.6,4000.8,1885.0,2266224840.0,87486
2023-05-10 09:34:36,IF2306,IF2306,4005.8,1.0,1201740.0,-1.0,1,4006.0,4006.4,4,4012.0,4009.8,4013.6,4000.8,1886.0,2267426580.0,87485
2023-05-10 09:34:37,IF2306,IF2306,4006.4,8.0,9615540.0,-6.0,1,4006.2,4006.8,1,4012.0,4009.8,4013.6,4000.8,1894.0,2277042120.0,87479
2023-05-10 09:34:37,IF2306,IF2306,4006.8,1.0,1202040.0,-1.0,4,4006.4,4006.8,3,4012.0,4009.8,4013.6,4000.8,1895.0,2278244160.0,87478
2023-05-10 09:34:38,IF2306,IF2306,4006.6,5.0,6009840.0,-4.0,1,4006.2,4007.0,2,4012.0,4009.8,4013.6,4000.8,1900.0,2284254000.0,87474
2023-05-10 09:34:38,IF2306,IF2306,4006.4,3.0,3605520.0,0.0,1,4006.0,4006.2,1,4012.0,4009.8,4013.6,4000.8,1903.0,2287859520.0,87474
2023-05-10 09:34:39,IF2306,IF2306,4006.2,2.0,2403660.0,-1.0,2,4005.6,4006.2,1,4012.0,4009.8,4013.6,4000.8,1905.0,2290263180.0,87473
2023-05-10 09:34:39,IF2306,IF2306,4005.6,5.0,6009120.0,-4.0,1,4005.6,4006.8,5,4012.0,4009.8,4013.6,4000.8,1910.0,2296272300.0,87469
2023-05-10 09:34:40,IF2306,IF2306,4005.6,3.0,3605040.0,0.0,5,4005.4,4005.6,1,4012.0,4009.8,4013.6,4000.8,1913.0,2299877340.0,87469
2023-05-10 09:34:40,IF2306,IF2306,4006.2,2.0,2403540.0,0.0,1,4006.2,4006.6,1,4012.0,4009.8,4013.6,4000.8,1915.0,2302280880.0,87469
2023-05-10 09:34:41,IF2306,IF2306,4006.4,3.0,3605700.0,-2.0,2,4005.6,4006.4,5,4012.0,4009.8,4013.6,4000.8,1918.0,2305886580.0,87467
2023-05-10 09:34:41,IF2306,IF2306,4006.0,4.0,4807560.0,-4.0,4,4005.8,4006.8,8,4012.0,4009.8,4013.6,4000.8,1922.0,2310694140.0,87463
2023-05-10 09:34:42,IF2306,IF2306,4006.8,3.0,3605640.0,-2.0,1,4006.6,4006.8,5,4012.0,4009.8,4013.6,4000.8,1925.0,2314299780.0,87461
2023-05-10 09:34:42,IF2306,IF2306,4006.8,3.0,3606060.0,-2.0,6,4006.0,4006.2,1,4012.0,4009.8,4013.6,4000.8,1928.0,2317905840.0,87459
2023-05-10 09:34:43,IF2306,IF2306,4006.2,2.0,2403720.0,0.0,6,4006.2,4007.0,1,4012.0,4009.8,4013.6,4000.8,1930.0,2320309560.0,87459
2023-05-10 09:34:43,IF2306,IF2306,4006.4,3.0,3605640.0,-2.0,1,4005.8,4006.4,1,4012.0,4009.8,4013.6,4000.8,1933.0,2323915200.0,87457
2023-05-10 09:34:44,IF2306,IF2306,4005.8,1.0,1201740.0,-1.0,4,4005.4,4005.8,1,4012.0,4009.8,4013.6,4000.8,1934.0,2325116940.0,87456
2023-05-10 09:34:44,IF2306,IF2306,4005.4,2.0,2403360.0,0.0,3,4005.4,4006.2,3,4012.0,4009.8,4013.6,4000.8,1936.0,2327520300.0,87456
2023-05-10 09:34:45,IF2306,IF2306,4005.4,5.0,6008280.0,-4.0,1,4005.2,4005.4,1,4012.0,4009.8,4013.6,4000.8,1941.0,2333528580.0,87452
2023-05-10 09:34:45,IF2306,IF2306,4005.2,5.0,6007740.0,-2.0,6,4005.0,4005.2,2,4012.0,4009.8,4013.6,4000.8,1946.0,2339536320.0,87450
2023-05-10 09:34:46,IF2306,IF2306,4005.0,4.0,4806120.0,2.0,4,4005.0,4006.0,1,4012.0,4009.8,4013.6,4000.8,1950.0,2344342440.0,87452
2023-05-10 09:34:46,IF2306,IF2306,4005.0,0.0,0.0,0.0,1,4005.2,4005.6,2,4012.0,4009.8,4013.6,4000.8,1950.0,2344342440.0,87452
2023-05-10 09:34:47,IF2306,IF2306,4005.0,3.0,3604680.0,1.0,7,4005.0,4005.4,3,4012.0,4009.8,4013.6,4000.8,1953.0,2347947120.0,87453
2023-05-10 09:34:47,IF2306,IF2306,4005.2,2.0,2403120.0,0.0,7,4005.0,4005.6,1,4012.0,4009.8,4013.6,4000.8,1955.0,2350350240.0,87453
2023-05-10 09:34:48,IF2306,IF2306,4005.6,1.0,1201680.0,-1.0,7,4005.2,4005.8,1,4012.0,4009.8,4013.6,4000.8,1956.0,2351551920.0,87452
2023-05-10 09:34:48,IF2306,IF2306,4005.6,0.0,0.0,0.0,1,4005.8,4006.6,2,4012.0,4009.8,4013.6,4000.8,1956.0,2351551920.0,87452
2023-05-10 09:34:49,IF2306,IF2306,4006.2,1.0,1201860.0,-1.0,1,4006.0,4006.2,1,4012.0,4009.8,4013.6,4000.8,1957.0,2352753780.0,87451
2023-05-10 09:34:49,IF2306,IF2306,4006.2,3.0,3605460.0,-2.0,1,4005.6,4006.0,1,4012.0,4009.8,4013.6,4000.8,1960.0,2356359240.0,87449
2023-05-10 09:34:50,IF2306,IF2306,4006.0,1.0,1201800.0,-1.0,1,4005.4,4006.0,1,4012.0,4009.8,4013.6,4000.8,1961.0,2357561040.0,87448
2023-05-10 09:34:50,IF2306,IF2306,4006.2,2.0,2403660.0,-1.0,2,4005.6,4006.4,4,4012.0,4009.8,4013.6,4000.8,1963.0,2359964700.0,87447
2023-05-10 09:34:51,IF2306,IF2306,4006.4,3.0,3605760.0,-3.0,1,4006.4,4006.6,4,4012.0,4009.8,4013.6,4000.8,1966.0,2363570460.0,87444
2023-05-10 09:34:51,IF2306,IF2306,4006.8,7.0,8414040.0,-2.0,3,4006.6,4007.2,1,4012.0,4009.8,4013.6,4000.8,1973.0,2371984500.0,87442
2023-05-10 09:34:52,IF2306,IF2306,4007.0,2.0,2404260.0,0.0,5,4006.8,4007.8,1,4012.0,4009.8,4013.6,4000.8,1975.0,2374388760.0,87442
2023-05-10 09:34:52,IF2306,IF2306,4007.0,0.0,0.0,0.0,1,4007.0,4007.6,10,4012.0,4009.8,4013.6,4000.8,1975.0,2374388760.0,87442
2023-05-10 09:34:53,IF2306,IF2306,4006.8,2.0,2404140.0,-2.0,3,4005.8,4007.2,3,4012.0,4009.8,4013.6,4000.8,1977.0,2376792900.0,87440
2023-05-10 09:34:53,IF2306,IF2306,4007.0,3.0,3605700.0,0.0,5,4006.0,4007.0,6,4012.0,4009.8,4013.6,4000.8,1980.0,2380398600.0,87440
2023-05-10 09:34:54,IF2306,IF2306,4007.0,0.0,0.0,0.0,1,4006.2,4006.8,6,4012.0,4009.8,4013.6,4000.8,1980.0,2380398600.0,87440
2023-05-10 09:34:54,IF2306,IF2306,4007.0,0.0,0.0,0.0,1,4006.2,4006.6,1,4012.0,4009.8,4013.6,4000.8,1980.0,2380398600.0,87440
2023-05-10 09:34:55,IF2306,IF2306,4007.0,1.0,1202100.0,-1.0,1,4006.0,4006.2,1,4012.0,4009.8,4013.6,4000.8,1981.0,2381600700.0,87439
2023-05-10 09:34:55,IF2306,IF2306,4006.2,1.0,1201860.0,0.0,1,4006.8,4007.0,2,4012.0,4009.8,4013.6,4000.8,1982.0,2382802560.0,87439
2023-05-10 09:34:56,IF2306,IF2306,4007.0,5.0,6010440.0,-4.0,1,4006.6,4007.6,3,4012.0,4009.8,4013.6,4000.8,1987.0,2388813000.0,87435
2023-05-10 09:34:56,IF2306,IF2306,4007.0,0.0,0.0,0.0,1,4006.8,4007.4,7,4012.0,4009.8,4013.6,4000.8,1987.0,2388813000.0,87435
2023-05-10 09:34:57,IF2306,IF2306,4007.0,0.0,0.0,0.0,1,4006.4,4007.4,7,4012.0,4009.8,4013.6,4000.8,1987.0,2388813000.0,87435
2023-05-10 09:34:57,IF2306,IF2306,4007.0,1.0,1202100.0,0.0,2,4006.6,4007.4,5,4012.0,4009.8,4013.6,4000.8,1988.0,2390015100.0,87435
2023-05-10 09:34:58,IF2306,IF2306,4007.0,0.0,0.0,0.0,1,4007.0,4007.4,1,4012.0,4009.8,4013.6,4000.8,1988.0,2390015100.0,87435
2023-05-10 09:34:58,IF2306,IF2306,4007.0,1.0,1202100.0,-1.0,1,4007.0,4007.2,2,4012.0,4009.8,4013.6,4000.8,1989.0,2391217200.0,87434
2023-05-10 09:34:59,IF2306,IF2306,4007.0,2.0,2404260.0,0.0,1,4006.8,4007.2,2,4012.0,4009.8,4013.6,4000.8,1991.0,2393621460.0,87434
2023-05-10 09:34:59,IF2306,IF2306,4006.8,2.0,2404200.0,-1.0,1,4006.6,4007.0,1,4012.0,4009.8,4013.6,4000.8,1993.0,2396025660.0,87433
2023-05-10 09:35:00,IF2306,IF2306,4007.0,5.0,6010560.0,0.0,1,4006.2,4007.4,1,4012.0,4009.8,4013.6,4000.8,1998.0,2402036220.0,87433
2023-05-10 09:35:00,IF2306,IF2306,4006.8,3.0,3606240.0,0.0,1,4006.8,4007.2,1,4012.0,4009.8,4013.6,4000.8,2001.0,2405642460.0,87433
2023-05-10 09:35:01,IF2306,IF2306,4006.8,0.0,0.0,0.0,6,4006.4,4007.0,3,4012.0,4009.8,4013.6,4000.8,2001.0,2405642460.0,87433
2023-05-10 09:35:01,IF2306,IF2306,4006.2,2.0,2403780.0,-2.0,1,4005.8,4006.8,3,4012.0,4009.8,4013.6,4000.8,2003.0,2408046240.0,87431
2023-05-10 09:35:02,IF2306,IF2306,4006.0,6.0,7210320.0,-2.0,11,4005.0,4006.2,5,4012.0,4009.8,4013.6,4000.8,2009.0,2415256560.0,87429
2023-05-10 09:35:02,IF2306,IF2306,4005.6,1.0,1201680.0,0.0,11,4005.0,4005.8,2,4012.0,4009.8,4013.6,4000.8,2010.0,2416458240.0,87429
2023-05-10 09:35:03,IF2306,IF2306,4005.0,7.0,8410500.0,-1.0,4,4005.0,4005.4,1,4012.0,4009.8,4013.6,4000.8,2017.0,2424868740.0,87428
2023-05-10 09:35:03,IF2306,IF2306,4005.0,4.0,4806000.0,-2.0,2,4004.8,4005.0,2,4012.0,4009.8,4013.6,4000.8,2021.0,2429674740.0,87426
2023-05-10 09:35:04,IF2306,IF2306,4004.8,6.0,7208640.0,1.0,4,4004.0,4004.8,5,4012.0,4009.8,4013.6,4000.8,2027.0,2436883380.0,87427
2023-05-10 09:35:04,IF2306,IF2306,4004.8,1.0,1201440.0,-1.0,1,4004.2,4004.6,1,4012.0,4009.8,4013.6,4000.8,2028.0,2438084820.0,87426
2023-05-10 09:35:05,IF2306,IF2306,4005.2,5.0,6007320.0,0.0,1,4004.2,4005.2,5,4012.0,4009.8,4013.6,4000.8,2033.0,2444092140.0,87426
2023-05-10 09:35:05,IF2306,IF2306,4005.2,0.0,0.0,0.0,4,4004.0,4004.8,6,4012.0,4009.8,4013.6,4000.8,2033.0,2444092140.0,87426
2023-05-10 09:35:06,IF2306,IF2306,4004.0,2.0,2402400.0,-1.0,2,4004.0,4004.4,4,4012.0,4009.8,4013.6,4000.8,2035.0,2446494540.0,87425
2023-05-10 09:35:06,IF2306,IF2306,4003.8,4.0,4804680.0,-1.0,10,4003.0,4003.4,2,4012.0,4009.8,4013.6,4000.8,2039.0,2451299220.0,87424
2023-05-10 09:35:07,IF2306,IF2306,4004.4,14.0,16816020.0,-10.0,1,4003.8,4004.6,4,4012.0,4009.8,4013.6,4000.8,2053.0,2468115240.0,87414
2023-05-10 09:35:07,IF2306,IF2306,4004.6,5.0,6006720.0,-4.0,1,4004.2,4004.8,2,4012.0,4009.8,4013.6,4000.8,2058.0,2474121960.0,87410
2023-05-10 09:35:08,IF2306,IF2306,4004.8,2.0,2402880.0,-2.0,1,4004.6,4005.2,1,4012.0,4009.8,4013.6,4000.8,2060.0,2476524840.0,87408
2023-05-10 09:35:08,IF2306,IF2306,4004.8,0.0,0.0,0.0,5,4004.4,4004.6,1,4012.0,4009.8,4013.6,4000.8,2060.0,2476524840.0,87408
2023-05-10 09:35:09,IF2306,IF2306,4004.4,2.0,2402640.0,-1.0,1,4004.0,4004.2,1,4012.0,4009.8,4013.6,4000.8,2062.0,2478927480.0,87407
2023-05-10 09:35:09,IF2306,IF2306,4004.6,2.0,2402640.0,0.0,4,4004.2,4005.2,1,4012.0,4009.8,4013.6,4000.8,2064.0,2481330120.0,87407
2023-05-10 09:35:10,IF2306,IF2306,4004.2,3.0,3603900.0,-3.0,4,4004.2,4005.2,1,4012.0,4009.8,4013.6,4000.8,2067.0,2484934020.0,87404
2023-05-10 09:35:10,IF2306,IF2306,4005.2,1.0,1201560.0,0.0,1,4005.0,4006.2,2,4012.0,4009.8,4013.6,4000.8,2068.0,2486135580.0,87404
2023-05-10 09:35:11,IF2306,IF2306,4004.4,5.0,6007200.0,0.0,4,4004.4,4005.8,3,4012.0,4009.8,4013.6,4000.8,2073.0,2492142780.0,87404
2023-05-10 09:35:11,IF2306,IF2306,4004.4,0.0,0.0,0.0,7,4004.6,4005.4,1,4012.0,4009.8,4013.6,4000.8,2073.0,2492142780.0,87404
2023-05-10 09:35:12,IF2306,IF2306,4004.4,0.0,0.0,0.0,6,4004.6,4005.6,4,4012.0,4009.8,4013.6,4000.8,2073.0,2492142780.0,87404
2023-05-10 09:35:12,IF2306,IF2306,4004.4,0.0,0.0,0.0,6,4004.6,4005.4,2,4012.0,4009.8,4013.6,4000.8,2073.0,2492142780.0,87404
2023-05-10 09:35:13,IF2306,IF2306,4004.4,0.0,0.0,0.0,1,4004.8,4005.4,1,4012.0,4009.8,4013.6,4000.8,2073.0,2492142780.0,87404
2023-05-10 09:35:13,IF2306,IF2306,4004.4,0.0,0.0,0.0,4,4004.6,4005.4,1,4012.0,4009.8,4013.6,4000.8,2073.0,2492142780.0,87404
2023-05-10 09:35:14,IF2306,IF2306,4004.4,0.0,0.0,0.0,3,4004.6,4005.2,1,4012.0,4009.8,4013.6,4000.8,2073.0,2492142780.0,87404
2023-05-10 09:35:14,IF2306,IF2306,4005.2,1.0,1201560.0,0.0,2,4005.2,4005.4,1,4012.0,4009.8,4013.6,4000.8,2074.0,2493344340.0,87404
2023-05-10 09:35:15,IF2306,IF2306,4005.4,1.0,1201620.0,1.0,1,4005.4,4005.6,1,4012.0,4009.8,4013.6,4000.8,2075.0,2494545960.0,87405
2023-05-10 09:35:15,IF2306,IF2306,4005.2,4.0,4806360.0,-4.0,1,4004.8,4005.4,2,4012.0,4009.8,4013.6,4000.8,2079.0,2499352320.0,87401
2023-05-10 09:35:16,IF2306,IF2306,4005.2,0.0,0.0,0.0,2,4004.6,4005.2,3,4012.0,4009.8,4013.6,4000.8,2079.0,2499352320.0,87401
2023-05-10 09:35:16,IF2306,IF2306,4004.6,2.0,2402760.0,-2.0,2,4004.4,4004.8,3,4012.0,4009.8,4013.6,4000.8,2081.0,2501755080.0,87399
2023-05-10 09:35:17,IF2306,IF2306,4004.2,3.0,3603900.0,-1.0,4,4004.2,4004.4,4,4012.0,4009.8,4013.6,4000.8,2084.0,2505358980.0,87398
2023-05-10 09:35:17,IF2306,IF2306,4004.2,0.0,0.0,0.0,4,4004.2,4004.8,2,4012.0,4009.8,4013.6,4000.8,2084.0,2505358980.0,87398
2023-05-10 09:35:18,IF2306,IF2306,4004.4,1.0,1201320.0,-1.0,4,4004.2,4004.4,1,4012.0,4009.8,4013.6,4000.8,2085.0,2506560300.0,87397
2023-05-10 09:35:18,IF2306,IF2306,4004.2,4.0,4805040.0,0.0,3,4004.0,4004.4,1,4012.0,4009.8,4013.6,4000.8,2089.0,2511365340.0,87397
2023-05-10 09:35:19,IF2306,IF2306,4004.0,2.0,2402400.0,-1.0,1,4004.0,4004.2,1,4012.0,4009.8,4013.6,4000.8,2091.0,2513767740.0,87396
2023-05-10 09:35:19,IF2306,IF2306,4004.0,0.0,0.0,0.0,1,4004.0,4004.4,1,4012.0,4009.8,4013.6,4000.8,2091.0,2513767740.0,87396
2023-05-10 09:35:20,IF2306,IF2306,4004.0,1.0,1201200.0,0.0,1,4003.4,4004.2,8,4012.0,4009.8,4013.6,4000.8,2092.0,2514968940.0,87396
2023-05-10 09:35:20,IF2306,IF2306,4004.0,0.0,0.0,0.0,1,4003.8,4004.0,1,4012.0,4009.8,4013.6,4000.8,2092.0,2514968940.0,87396
2023-05-10 09:35:21,IF2306,IF2306,4003.8,1.0,1201140.0,0.0,2,4004.0,4004.2,6,4012.0,4009.8,4013.6,4000.8,2093.0,2516170080.0,87396
2023-05-10 09:35:21,IF2306,IF2306,4004.2,4.0,4804920.0,-3.0,1,4003.6,4004.4,1,4012.0,4009.8,4013.6,4000.8,2097.0,2520975000.0,87393
2023-05-10 09:35:22,IF2306,IF2306,4003.8,1.0,1201140.0,1.0,5,4003.8,4004.4,1,4012.0,4009.8,4013.6,4000.8,2098.0,2522176140.0,87394
2023-05-10 09:35:22,IF2306,IF2306,4003.8,0.0,0.0,0.0,2,4003.6,4003.8,1,4012.0,4009.8,4013.6,4000.8,2098.0,2522176140.0,87394
2023-05-10 09:35:23,IF2306,IF2306,4003.8,1.0,1201140.0,0.0,1,4003.6,4004.4,1,4012.0,4009.8,4013.6,4000.8,2099.0,2523377280.0,87394
2023-05-10 09:35:23,IF2306,IF2306,4003.8,0.0,0.0,0.0,1,4003.6,4004.2,1,4012.0,4009.8,4013.6,4000.8,2099.0,2523377280.0,87394
2023-05-10 09:35:24,IF2306,IF2306,4003.8,0.0,0.0,0.0,1,4003.8,4004.4,1,4012.0,4009.8,4013.6,4000.8,2099.0,2523377280.0,87394
2023-05-10 09:35:24,IF2306,IF2306,4003.8,2.0,2402220.0,1.0,1,4003.6,4004.2,4,4012.0,4009.8,4013.6,4000.8,2101.0,2525779500.0,87395
2023-05-10 09:35:25,IF2306,IF2306,4003.8,0.0,0.0,0.0,1,4003.4,4004.2,3,4012.0,4009.8,4013.6,4000.8,2101.0,2525779500.0,87395
2023-05-10 09:35:25,IF2306,IF2306,4003.8,0.0,0.0,0.0,3,4003.6,4004.4,2,4012.0,4009.8,4013.6,4000.8,2101.0,2525779500.0,87395
2023-05-10 09:35:26,IF2306,IF2306,4003.6,2.0,2402160.0,2.0,1,4003.6,4004.4,2,4012.0,4009.8,4013.6,4000.8,2103.0,2528181660.0,87397
2023-05-10 09:35:26,IF2306,IF2306,4003.6,1.0,1201080.0,0.0,1,4003.8,4004.2,4,4012.0,4009.8,4013.6,4000.8,2104.0,2529382740.0,87397
2023-05-10 09:35:27,IF2306,IF2306,4003.8,1.0,1201140.0,0.0,1,4003.6,4004.2,3,4012.0,4009.8,4013.6,4000.8,2105.0,2530583880.0,87397
2023-05-10 09:35:27,IF2306,IF2306,4003.8,0.0,0.0,0.0,1,4003.6,4003.8,1,4012.0,4009.8,4013.6,4000.8,2105.0,2530583880.0,87397
2023-05-10 09:35:28,IF2306,IF2306,4003.8,0.0,0.0,0.0,1,4003.4,4003.8,1,4012.0,4009.8,4013.6,4000.8,2105.0,2530583880.0,87397
2023-05-10 09:35:28,IF2306,IF2306,4003.8,1.0,1201140.0,1.0,1,4003.4,4004.2,3,4012.0,4009.8,4013.6,4000.8,2106.0,2531785020.0,87398
2023-05-10 09:35:29,IF2306,IF2306,4003.4,2.0,2402040.0,1.0,12,4003.0,4003.4,2,4012.0,4009.8,4013.6,4000.8,2108.0,2534187060.0,87399
2023-05-10 09:35:29,IF2306,IF2306,4003.0,3.0,3602940.0,-3.0,12,4003.0,4003.6,1,4012.0,4009.8,4013.6,4000.8,2111.0,2537790000.0,87396
2023-05-10 09:35:30,IF2306,IF2306,4003.0,0.0,0.0,0.0,1,4003.2,4003.4,1,4012.0,4009.8,4013.6,4000.8,2111.0,2537790000.0,87396
2023-05-10 09:35:30,IF2306,IF2306,4003.0,1.0,1200900.0,0.0,12,4003.0,4003.4,1,4012.0,4009.8,4013.6,4000.8,2112.0,2538990900.0,87396
2023-05-10 09:35:31,IF2306,IF2306,4003.4,3.0,3602820.0,-2.0,10,4003.0,4003.6,1,4012.0,4009.8,4013.6,4000.8,2115.0,2542593720.0,87394
2023-05-10 09:35:31,IF2306,IF2306,4003.6,1.0,1201080.0,-1.0,1,4003.6,4003.8,1,4012.0,4009.8,4013.6,4000.8,2116.0,2543794800.0,87393
2023-05-10 09:35:32,IF2306,IF2306,4003.6,1.0,1201080.0,0.0,1,4003.2,4003.8,1,4012.0,4009.8,4013.6,4000.8,2117.0,2544995880.0,87393
2023-05-10 09:35:32,IF2306,IF2306,4003.2,1.0,1200960.0,-1.0,1,4003.2,4003.8,1,4012.0,4009.8,4013.6,4000.8,2118.0,2546196840.0,87392
2023-05-10 09:35:33,IF2306,IF2306,4003.2,1.0,1200960.0,0.0,9,4003.0,4003.8,1,4012.0,4009.8,4013.6,4000.8,2119.0,2547397800.0,87392
2023-05-10 09:35:33,IF2306,IF2306,4003.2,0.0,0.0,0.0,1,4003.2,4004.0,3,4012.0,4009.8,4013.6,4000.8,2119.0,2547397800.0,87392
2023-05-10 09:35:34,IF2306,IF2306,4003.2,1.0,1200960.0,0.0,10,4003.0,4003.2,1,4012.0,4009.8,4013.6,4000.8,2120.0,2548598760.0,87392
2023-05-10 09:35:34,IF2306,IF2306,4003.2,2.0,2401920.0,-2.0,2,4003.2,4003.8,1,4012.0,4009.8,4013.6,4000.8,2122.0,2551000680.0,87390
2023-05-10 09:35:35,IF2306,IF2306,4003.2,0.0,0.0,0.0,4,4003.2,4003.6,1,4012.0,4009.8,4013.6,4000.8,2122.0,2551000680.0,87390
2023-05-10 09:35:35,IF2306,IF2306,4003.6,1.0,1201080.0,-1.0,3,4003.2,4003.8,1,4012.0,4009.8,4013.6,4000.8,2123.0,2552201760.0,87389
2023-05-10 09:35:36,IF2306,IF2306,4003.6,0.0,0.0,0.0,5,4003.2,4003.8,1,4012.0,4009.8,4013.6,4000.8,2123.0,2552201760.0,87389
2023-05-10 09:35:36,IF2306,IF2306,4003.8,1.0,1201140.0,0.0,1,4003.8,4004.4,2,4012.0,4009.8,4013.6,4000.8,2124.0,2553402900.0,87389
2023-05-10 09:35:37,IF2306,IF2306,4003.8,1.0,1201140.0,0.0,6,4003.2,4003.8,3,4012.0,4009.8,4013.6,4000.8,2125.0,2554604040.0,87389
2023-05-10 09:35:37,IF2306,IF2306,4003.8,0.0,0.0,0.0,5,4003.2,4004.0,4,4012.0,4009.8,4013.6,4000.8,2125.0,2554604040.0,87389
2023-05-10 09:35:38,IF2306,IF2306,4003.2,4.0,4803840.0,0.0,1,4003.2,4004.2,2,4012.0,4009.8,4013.6,4000.8,2129.0,2559407880.0,87389
2023-05-10 09:35:38,IF2306,IF2306,4003.2,1.0,1200960.0,1.0,1,4003.6,4003.8,4,4012.0,4009.8,4013.6,4000.8,2130.0,2560608840.0,87390
2023-05-10 09:35:39,IF2306,IF2306,4003.6,3.0,3603240.0,2.0,10,4003.0,4003.6,3,4012.0,4009.8,4013.6,4000.8,2133.0,2564212080.0,87392
2023-05-10 09:35:39,IF2306,IF2306,4003.6,1.0,1201080.0,0.0,1,4003.2,4003.8,4,4012.0,4009.8,4013.6,4000.8,2134.0,2565413160.0,87392
2023-05-10 09:35:40,IF2306,IF2306,4003.2,1.0,1200960.0,0.0,10,4003.0,4003.8,4,4012.0,4009.8,4013.6,4000.8,2135.0,2566614120.0,87392
2023-05-10 09:35:40,IF2306,IF2306,4003.8,2.0,2402280.0,-1.0,10,4003.0,4003.8,2,4012.0,4009.8,4013.6,4000.8,2137.0,2569016400.0,87391
2023-05-10 09:35:41,IF2306,IF2306,4003.8,0.0,0.0,0.0,1,4003.2,4003.8,1,4012.0,4009.8,4013.6,4000.8,2137.0,2569016400.0,87391
2023-05-10 09:35:41,IF2306,IF2306,4003.2,1.0,1200960.0,-1.0,10,4003.0,4003.8,1,4012.0,4009.8,4013.6,4000.8,2138.0,2570217360.0,87390
2023-05-10 09:35:42,IF2306,IF2306,4003.2,0.0,0.0,0.0,10,4003.0,4003.6,2,4012.0,4009.8,4013.6,4000.8,2138.0,2570217360.0,87390
2023-05-10 09:35:42,IF2306,IF2306,4003.0,1.0,1200900.0,0.0,9,4003.0,4003.4,1,4012.0,4009.8,4013.6,4000.8,2139.0,2571418260.0,87390
2023-05-10 09:35:43,IF2306,IF2306,4003.0,0.0,0.0,0.0,8,4003.0,4003.2,2,4012.0,4009.8,4013.6,4000.8,2139.0,2571418260.0,87390
2023-05-10 09:35:43,IF2306,IF2306,4003.2,2.0,2401920.0,-1.0,1,4003.2,4003.4,1,4012.0,4009.8,4013.6,4000.8,2141.0,2573820180.0,87389
2023-05-10 09:35:44,IF2306,IF2306,4003.2,2.0,2401980.0,-2.0,8,4003.0,4003.2,1,4012.0,4009.8,4013.6,4000.8,2143.0,2576222160.0,87387
2023-05-10 09:35:44,IF2306,IF2306,4003.2,2.0,2401920.0,-1.0,8,4003.0,4003.6,1,4012.0,4009.8,4013.6,4000.8,2145.0,2578624080.0,87386
2023-05-10 09:35:45,IF2306,IF2306,4003.2,0.0,0.0,0.0,1,4003.2,4003.6,1,4012.0,4009.8,4013.6,4000.8,2145.0,2578624080.0,87386
2023-05-10 09:35:46,IF2306,IF2306,4003.2,0.0,0.0,0.0,8,4003.0,4003.4,2,4012.0,4009.8,4013.6,4000.8,2145.0,2578624080.0,87386
2023-05-10 09:35:46,IF2306,IF2306,4004.0,2.0,2402280.0,-2.0,1,4003.4,4004.2,4,4012.0,4009.8,4013.6,4000.8,2147.0,2581026360.0,87384
2023-05-10 09:35:47,IF2306,IF2306,4004.0,0.0,0.0,0.0,1,4003.6,4003.8,1,4012.0,4009.8,4013.6,4000.8,2147.0,2581026360.0,87384
2023-05-10 09:35:47,IF2306,IF2306,4003.8,2.0,2402280.0,-2.0,10,4003.8,4004.2,2,4012.0,4009.8,4013.6,4000.8,2149.0,2583428640.0,87382
2023-05-10 09:35:48,IF2306,IF2306,4004.4,4.0,4805160.0,-3.0,3,4004.2,4004.8,1,4012.0,4009.8,4013.6,4000.8,2153.0,2588233800.0,87379
2023-05-10 09:35:48,IF2306,IF2306,4004.4,0.0,0.0,0.0,2,4004.4,4004.8,1,4012.0,4009.8,4013.6,4000.8,2153.0,2588233800.0,87379
2023-05-10 09:35:49,IF2306,IF2306,4003.8,7.0,8408760.0,-3.0,4,4003.8,4005.2,1,4012.0,4009.8,4013.6,4000.8,2160.0,2596642560.0,87376
2023-05-10 09:35:49,IF2306,IF2306,4003.8,0.0,0.0,0.0,2,4004.0,4004.6,2,4012.0,4009.8,4013.6,4000.8,2160.0,2596642560.0,87376
2023-05-10 09:35:50,IF2306,IF2306,4004.0,2.0,2402400.0,0.0,3,4003.8,4004.8,3,4012.0,4009.8,4013.6,4000.8,2162.0,2599044960.0,87376
2023-05-10 09:35:50,IF2306,IF2306,4003.8,1.0,1201140.0,-1.0,8,4003.0,4004.4,2,4012.0,4009.8,4013.6,4000.8,2163.0,2600246100.0,87375
2023-05-10 09:35:51,IF2306,IF2306,4004.2,1.0,1201260.0,-1.0,2,4003.4,4004.8,2,4012.0,4009.8,4013.6,4000.8,2164.0,2601447360.0,87374
2023-05-10 09:35:51,IF2306,IF2306,4004.2,0.0,0.0,0.0,2,4003.6,4004.6,5,4012.0,4009.8,4013.6,4000.8,2164.0,2601447360.0,87374
2023-05-10 09:35:52,IF2306,IF2306,4004.2,0.0,0.0,0.0,1,4003.6,4004.6,3,4012.0,4009.8,4013.6,4000.8,2164.0,2601447360.0,87374
2023-05-10 09:35:52,IF2306,IF2306,4004.6,2.0,2402460.0,-1.0,2,4003.8,4004.8,2,4012.0,4009.8,4013.6,4000.8,2166.0,2603849820.0,87373
2023-05-10 09:35:53,IF2306,IF2306,4004.8,3.0,3604200.0,-3.0,2,4003.4,4005.0,8,4012.0,4009.8,4013.6,4000.8,2169.0,2607454020.0,87370
2023-05-10 09:35:53,IF2306,IF2306,4004.6,1.0,1201380.0,1.0,1,4003.8,4004.8,2,4012.0,4009.8,4013.6,4000.8,2170.0,2608655400.0,87371
2023-05-10 09:35:54,IF2306,IF2306,4004.6,1.0,1201380.0,-1.0,1,4003.6,4004.8,2,4012.0,4009.8,4013.6,4000.8,2171.0,2609856780.0,87370
2023-05-10 09:35:54,IF2306,IF2306,4004.8,2.0,2402820.0,-2.0,2,4003.8,4004.8,1,4012.0,4009.8,4013.6,4000.8,2173.0,2612259600.0,87368
2023-05-10 09:35:55,IF2306,IF2306,4004.8,1.0,1201440.0,-1.0,4,4004.0,4004.8,1,4012.0,4009.8,4013.6,4000.8,2174.0,2613461040.0,87367
2023-05-10 09:35:55,IF2306,IF2306,4004.4,4.0,4805400.0,-2.0,1,4004.8,4005.0,6,4012.0,4009.8,4013.6,4000.8,2178.0,2618266440.0,87365
2023-05-10 09:35:56,IF2306,IF2306,4004.8,1.0,1201440.0,-1.0,2,4004.0,4004.8,1,4012.0,4009.8,4013.6,4000.8,2179.0,2619467880.0,87364
2023-05-10 09:35:56,IF2306,IF2306,4004.8,1.0,1201440.0,-1.0,1,4004.2,4005.0,7,4012.0,4009.8,4013.6,4000.8,2180.0,2620669320.0,87363
2023-05-10 09:35:57,IF2306,IF2306,4005.0,1.0,1201500.0,-1.0,4,4004.4,4005.0,1,4012.0,4009.8,4013.6,4000.8,2181.0,2621870820.0,87362
2023-05-10 09:35:57,IF2306,IF2306,4005.0,1.0,1201500.0,0.0,1,4004.6,4005.0,2,4012.0,4009.8,4013.6,4000.8,2182.0,2623072320.0,87362
2023-05-10 09:35:58,IF2306,IF2306,4005.0,1.0,1201500.0,-1.0,1,4004.8,4005.0,2,4012.0,4009.8,4013.6,4000.8,2183.0,2624273820.0,87361
2023-05-10 09:35:58,IF2306,IF2306,4004.4,4.0,4805760.0,0.0,2,4004.0,4005.4,2,4012.0,4009.8,4013.6,4000.8,2187.0,2629079580.0,87361
2023-05-10 09:35:59,IF2306,IF2306,4005.2,2.0,2403000.0,-1.0,1,4004.8,4005.2,2,4012.0,4009.8,4013.6,4000.8,2189.0,2631482580.0,87360
2023-05-10 09:35:59,IF2306,IF2306,4005.6,5.0,6007860.0,-3.0,1,4005.6,4006.0,2,4012.0,4009.8,4013.6,4000.8,2194.0,2637490440.0,87357
2023-05-10 09:36:00,IF2306,IF2306,4006.0,5.0,6009000.0,-4.0,1,4006.0,4006.4,1,4012.0,4009.8,4013.6,4000.8,2199.0,2643499440.0,87353
2023-05-10 09:36:00,IF2306,IF2306,4005.6,6.0,7211040.0,-1.0,1,4005.6,4006.4,2,4012.0,4009.8,4013.6,4000.8,2205.0,2650710480.0,87352
2023-05-10 09:36:01,IF2306,IF2306,4005.6,1.0,1201680.0,-1.0,1,4005.6,4006.2,4,4012.0,4009.8,4013.6,4000.8,2206.0,2651912160.0,87351
2023-05-10 09:36:01,IF2306,IF2306,4005.6,2.0,2403360.0,-2.0,1,4005.2,4005.6,1,4012.0,4009.8,4013.6,4000.8,2208.0,2654315520.0,87349
2023-05-10 09:36:02,IF2306,IF2306,4005.6,2.0,2403360.0,-1.0,2,4005.6,4006.0,1,4012.0,4009.8,4013.6,4000.8,2210.0,2656718880.0,87348
2023-05-10 09:36:02,IF2306,IF2306,4005.6,3.0,3605040.0,-3.0,1,4005.2,4005.6,1,4012.0,4009.8,4013.6,4000.8,2213.0,2660323920.0,87345
2023-05-10 09:36:03,IF2306,IF2306,4005.6,1.0,1201680.0,0.0,2,4005.4,4006.0,1,4012.0,4009.8,4013.6,4000.8,2214.0,2661525600.0,87345
2023-05-10 09:36:03,IF2306,IF2306,4006.0,1.0,1201800.0,-1.0,1,4005.2,4005.8,1,4012.0,4009.8,4013.6,4000.8,2215.0,2662727400.0,87344
2023-05-10 09:36:04,IF2306,IF2306,4006.2,1.0,1201860.0,1.0,1,4005.8,4006.2,1,4012.0,4009.8,4013.6,4000.8,2216.0,2663929260.0,87345
2023-05-10 09:36:04,IF2306,IF2306,4006.2,1.0,1201860.0,0.0,1,4006.4,4006.8,1,4012.0,4009.8,4013.6,4000.8,2217.0,2665131120.0,87345
2023-05-10 09:36:05,IF2306,IF2306,4006.4,3.0,3605880.0,-3.0,1,4005.6,4006.6,1,4012.0,4009.8,4013.6,4000.8,2220.0,2668737000.0,87342
2023-05-10 09:36:05,IF2306,IF2306,4006.4,0.0,0.0,0.0,1,4006.0,4006.8,2,4012.0,4009.8,4013.6,4000.8,2220.0,2668737000.0,87342
2023-05-10 09:36:06,IF2306,IF2306,4006.4,0.0,0.0,0.0,1,4006.0,4006.4,1,4012.0,4009.8,4013.6,4000.8,2220.0,2668737000.0,87342
2023-05-10 09:36:06,IF2306,IF2306,4006.6,2.0,2403900.0,-2.0,1,4006.4,4006.8,2,4012.0,4009.8,4013.6,4000.8,2222.0,2671140900.0,87340
2023-05-10 09:36:07,IF2306,IF2306,4006.4,3.0,3606000.0,-3.0,2,4006.0,4007.0,1,4012.0,4009.8,4013.6,4000.8,2225.0,2674746900.0,87337
2023-05-10 09:36:07,IF2306,IF2306,4006.4,1.0,1201920.0,0.0,1,4006.2,4006.8,1,4012.0,4009.8,4013.6,4000.8,2226.0,2675948820.0,87337
2023-05-10 09:36:08,IF2306,IF2306,4006.4,0.0,0.0,0.0,1,4006.8,4007.2,1,4012.0,4009.8,4013.6,4000.8,2226.0,2675948820.0,87337
2023-05-10 09:36:08,IF2306,IF2306,4006.4,0.0,0.0,0.0,2,4006.8,4007.2,1,4012.0,4009.8,4013.6,4000.8,2226.0,2675948820.0,87337
2023-05-10 09:36:09,IF2306,IF2306,4007.2,1.0,1202160.0,0.0,2,4006.8,4007.8,1,4012.0,4009.8,4013.6,4000.8,2227.0,2677150980.0,87337
2023-05-10 09:36:09,IF2306,IF2306,4007.8,1.0,1202340.0,-1.0,1,4007.2,4007.8,1,4012.0,4009.8,4013.6,4000.8,2228.0,2678353320.0,87336
2023-05-10 09:36:10,IF2306,IF2306,4007.4,3.0,3606720.0,-2.0,3,4007.4,4008.0,1,4012.0,4009.8,4013.6,4000.8,2231.0,2681960040.0,87334
2023-05-10 09:36:10,IF2306,IF2306,4008.0,1.0,1202400.0,0.0,4,4007.4,4008.2,2,4012.0,4009.8,4013.6,4000.8,2232.0,2683162440.0,87334
2023-05-10 09:36:11,IF2306,IF2306,4008.0,1.0,1202400.0,0.0,1,4007.8,4008.0,2,4012.0,4009.8,4013.6,4000.8,2233.0,2684364840.0,87334
2023-05-10 09:36:11,IF2306,IF2306,4007.4,2.0,2404560.0,0.0,1,4007.4,4007.8,2,4012.0,4009.8,4013.6,4000.8,2235.0,2686769400.0,87334
2023-05-10 09:36:12,IF2306,IF2306,4007.6,3.0,3606720.0,-1.0,2,4007.2,4007.6,1,4012.0,4009.8,4013.6,4000.8,2238.0,2690376120.0,87333
2023-05-10 09:36:12,IF2306,IF2306,4007.2,3.0,3606480.0,1.0,1,4007.0,4007.2,1,4012.0,4009.8,4013.6,4000.8,2241.0,2693982600.0,87334
2023-05-10 09:36:13,IF2306,IF2306,4007.0,1.0,1202100.0,0.0,1,4006.8,4007.4,2,4012.0,4009.8,4013.6,4000.8,2242.0,2695184700.0,87334
2023-05-10 09:36:13,IF2306,IF2306,4007.4,1.0,1202220.0,0.0,1,4007.0,4007.8,3,4012.0,4009.8,4013.6,4000.8,2243.0,2696386920.0,87334
2023-05-10 09:36:14,IF2306,IF2306,4007.4,0.0,0.0,0.0,1,4006.8,4007.8,1,4012.0,4009.8,4013.6,4000.8,2243.0,2696386920.0,87334
2023-05-10 09:36:14,IF2306,IF2306,4007.0,2.0,2404260.0,-1.0,3,4007.0,4007.8,2,4012.0,4009.8,4013.6,4000.8,2245.0,2698791180.0,87333
2023-05-10 09:36:15,IF2306,IF2306,4007.4,1.0,1202220.0,-1.0,1,4007.0,4007.6,1,4012.0,4009.8,4013.6,4000.8,2246.0,2699993400.0,87332
2023-05-10 09:36:15,IF2306,IF2306,4007.4,0.0,0.0,0.0,3,4007.0,4007.8,2,4012.0,4009.8,4013.6,4000.8,2246.0,2699993400.0,87332
2023-05-10 09:36:16,IF2306,IF2306,4007.4,0.0,0.0,0.0,4,4007.0,4007.8,2,4012.0,4009.8,4013.6,4000.8,2246.0,2699993400.0,87332
2023-05-10 09:36:16,IF2306,IF2306,4007.8,1.0,1202340.0,-1.0,2,4007.2,4008.0,2,4012.0,4009.8,4013.6,4000.8,2247.0,2701195740.0,87331
2023-05-10 09:36:17,IF2306,IF2306,4008.2,5.0,6012180.0,-4.0,1,4008.0,4008.4,2,4012.0,4009.8,4013.6,4000.8,2252.0,2707207920.0,87327
2023-05-10 09:36:17,IF2306,IF2306,4008.2,0.0,0.0,0.0,1,4008.2,4008.4,2,4012.0,4009.8,4013.6,4000.8,2252.0,2707207920.0,87327
2023-05-10 09:36:18,IF2306,IF2306,4008.4,4.0,4810020.0,1.0,1,4008.4,4008.8,2,4012.0,4009.8,4013.6,4000.8,2256.0,2712017940.0,87328
2023-05-10 09:36:18,IF2306,IF2306,4008.8,2.0,2405160.0,0.0,2,4008.0,4008.6,2,4012.0,4009.8,4013.6,4000.8,2258.0,2714423100.0,87328
2023-05-10 09:36:19,IF2306,IF2306,4008.6,2.0,2405160.0,-1.0,2,4008.6,4008.8,1,4012.0,4009.8,4013.6,4000.8,2260.0,2716828260.0,87327
2023-05-10 09:36:19,IF2306,IF2306,4008.8,2.0,2405220.0,-1.0,2,4008.8,4009.2,2,4012.0,4009.8,4013.6,4000.8,2262.0,2719233480.0,87326
2023-05-10 09:36:20,IF2306,IF2306,4008.8,2.0,2405280.0,-2.0,1,4008.6,4009.2,2,4012.0,4009.8,4013.6,4000.8,2264.0,2721638760.0,87324
2023-05-10 09:36:20,IF2306,IF2306,4009.2,1.0,1202760.0,0.0,1,4008.6,4009.0,1,4012.0,4009.8,4013.6,4000.8,2265.0,2722841520.0,87324
2023-05-10 09:36:21,IF2306,IF2306,4008.6,1.0,1202580.0,0.0,1,4008.8,4009.2,1,4012.0,4009.8,4013.6,4000.8,2266.0,2724044100.0,87324
2023-05-10 09:36:21,IF2306,IF2306,4008.8,1.0,1202640.0,0.0,1,4009.0,4009.2,1,4012.0,4009.8,4013.6,4000.8,2267.0,2725246740.0,87324
2023-05-10 09:36:22,IF2306,IF2306,4009.2,4.0,4811040.0,-2.0,3,4009.2,4009.6,2,4012.0,4009.8,4013.6,4000.8,2271.0,2730057780.0,87322
2023-05-10 09:36:22,IF2306,IF2306,4009.2,0.0,0.0,0.0,3,4009.2,4009.6,3,4012.0,4009.8,4013.6,4000.8,2271.0,2730057780.0,87322
2023-05-10 09:36:23,IF2306,IF2306,4009.0,5.0,6013740.0,-2.0,3,4008.4,4009.6,5,4012.0,4009.8,4013.6,4000.8,2276.0,2736071520.0,87320
2023-05-10 09:36:23,IF2306,IF2306,4009.0,0.0,0.0,0.0,5,4008.6,4009.4,2,4012.0,4009.8,4013.6,4000.8,2276.0,2736071520.0,87320
2023-05-10 09:36:24,IF2306,IF2306,4009.0,0.0,0.0,0.0,1,4008.6,4009.2,1,4012.0,4009.8,4013.6,4000.8,2276.0,2736071520.0,87320
2023-05-10 09:36:24,IF2306,IF2306,4009.6,4.0,4811100.0,-4.0,3,4008.4,4009.6,1,4012.0,4009.8,4013.6,4000.8,2280.0,2740882620.0,87316
