time,symbol_id,symbol_name,last,trade_volume,trade_amount,open_interest_change,bv1,bp1,ap1,av1,yesterday_close,today_open,today_high,today_low,volume,amount,open_interest
2023-05-10 09:29:00,IF2309,IF2309,3980.0,10.0,11940000.0,0.0,1,3980.0,3981.0,1,3983.8,3980.0,3980.0,3980.0,10.0,11940000.0,55358
2023-05-10 09:30:00,IF2309,IF2309,3982.8,8.0,9558000.0,-3.0,2,3982.6,3984.0,1,3983.8,3980.0,3983.4,3980.0,18.0,21498000.0,55355
2023-05-10 09:30:00,IF2309,IF2309,3983.0,4.0,4779360.0,-2.0,5,3982.0,3982.6,1,3983.8,3980.0,3983.4,3980.0,22.0,26277360.0,55353
2023-05-10 09:30:01,IF2309,IF2309,3982.0,2.0,2389260.0,-1.0,5,3982.0,3982.6,1,3983.8,3980.0,3983.4,3980.0,24.0,28666620.0,55352
2023-05-10 09:30:01,IF2309,IF2309,3982.2,7.0,8362500.0,-6.0,3,3982.2,3982.4,2,3983.8,3980.0,3983.4,3980.0,31.0,37029120.0,55346
2023-05-10 09:30:02,IF2309,IF2309,3981.6,7.0,8362260.0,-4.0,1,3981.2,3982.4,1,3983.8,3980.0,3983.4,3980.0,38.0,45391380.0,55342
2023-05-10 09:30:02,IF2309,IF2309,3982.2,3.0,3583980.0,-3.0,1,3981.2,3982.2,2,3983.8,3980.0,3983.4,3980.0,41.0,48975360.0,55339
2023-05-10 09:30:03,IF2309,IF2309,3982.2,3.0,3583980.0,-2.0,1,3981.6,3982.6,1,3983.8,3980.0,3983.4,3980.0,44.0,52559340.0,55337
2023-05-10 09:30:03,IF2309,IF2309,3982.2,0.0,0.0,0.0,1,3981.8,3982.2,1,3983.8,3980.0,3983.4,3980.0,44.0,52559340.0,55337
2023-05-10 09:30:04,IF2309,IF2309,3982.8,2.0,2389620.0,-2.0,1,3981.2,3983.0,1,3983.8,3980.0,3983.4,3980.0,46.0,54948960.0,55335
2023-05-10 09:30:04,IF2309,IF2309,3982.8,0.0,0.0,0.0,1,3982.6,3984.6,1,3983.8,3980.0,3983.4,3980.0,46.0,54948960.0,55335
2023-05-10 09:30:05,IF2309,IF2309,3982.6,6.0,7168980.0,1.0,1,3982.2,3982.6,4,3983.8,3980.0,3983.4,3980.0,52.0,62117940.0,55336
2023-05-10 09:30:05,IF2309,IF2309,3982.2,15.0,17921580.0,0.0,2,3982.4,3984.4,1,3983.8,3980.0,3984.2,3980.0,67.0,80039520.0,55336
2023-05-10 09:30:06,IF2309,IF2309,3982.4,11.0,13141620.0,3.0,2,3981.6,3982.4,4,3983.8,3980.0,3984.2,3980.0,78.0,93181140.0,55339
2023-05-10 09:30:06,IF2309,IF2309,3981.8,19.0,22698480.0,1.0,1,3981.8,3983.8,1,3983.8,3980.0,3984.2,3980.0,97.0,115879620.0,55340
2023-05-10 09:30:07,IF2309,IF2309,3981.6,2.0,2389020.0,-2.0,1,3981.6,3983.4,2,3983.8,3980.0,3984.2,3980.0,99.0,118268640.0,55338
2023-05-10 09:30:07,IF2309,IF2309,3981.8,3.0,3583620.0,3.0,1,3981.6,3981.8,2,3983.8,3980.0,3984.2,3980.0,102.0,121852260.0,55341
2023-05-10 09:30:08,IF2309,IF2309,3981.2,6.0,7166640.0,-3.0,1,3982.0,3983.2,4,3983.8,3980.0,3984.2,3980.0,108.0,129018900.0,55338
2023-05-10 09:30:08,IF2309,IF2309,3981.8,1.0,1194540.0,-1.0,1,3981.2,3982.6,1,3983.8,3980.0,3984.2,3980.0,109.0,130213440.0,55337
2023-05-10 09:30:09,IF2309,IF2309,3983.4,6.0,7169760.0,-6.0,1,3981.4,3982.4,1,3983.8,3980.0,3984.2,3980.0,115.0,137383200.0,55331
2023-05-10 09:30:09,IF2309,IF2309,3981.4,1.0,1194420.0,0.0,1,3981.2,3982.4,1,3983.8,3980.0,3984.2,3980.0,116.0,138577620.0,55331
2023-05-10 09:30:10,IF2309,IF2309,3982.4,1.0,1194720.0,-1.0,1,3981.4,3983.4,1,3983.8,3980.0,3984.2,3980.0,117.0,139772340.0,55330
2023-05-10 09:30:10,IF2309,IF2309,3982.8,1.0,1194840.0,-1.0,1,3981.8,3983.2,1,3983.8,3980.0,3984.2,3980.0,118.0,140967180.0,55329
2023-05-10 09:30:11,IF2309,IF2309,3982.8,0.0,0.0,0.0,1,3982.0,3983.0,2,3983.8,3980.0,3984.2,3980.0,118.0,140967180.0,55329
2023-05-10 09:30:11,IF2309,IF2309,3982.8,0.0,0.0,0.0,1,3982.0,3982.8,1,3983.8,3980.0,3984.2,3980.0,118.0,140967180.0,55329
2023-05-10 09:30:12,IF2309,IF2309,3982.8,1.0,1194840.0,-1.0,1,3982.2,3983.4,1,3983.8,3980.0,3984.2,3980.0,119.0,142162020.0,55328
2023-05-10 09:30:12,IF2309,IF2309,3982.8,0.0,0.0,0.0,1,3982.6,3983.6,1,3983.8,3980.0,3984.2,3980.0,119.0,142162020.0,55328
2023-05-10 09:30:13,IF2309,IF2309,3982.2,3.0,3584220.0,-1.0,1,3981.8,3982.2,3,3983.8,3980.0,3984.2,3980.0,122.0,145746240.0,55327
2023-05-10 09:30:13,IF2309,IF2309,3982.2,4.0,4778520.0,0.0,4,3982.0,3982.6,5,3983.8,3980.0,3984.2,3980.0,126.0,150524760.0,55327
2023-05-10 09:30:14,IF2309,IF2309,3982.2,9.0,10751760.0,-8.0,16,3981.0,3981.8,4,3983.8,3980.0,3984.2,3980.0,135.0,161276520.0,55319
2023-05-10 09:30:14,IF2309,IF2309,3981.0,9.0,10749900.0,1.0,13,3981.0,3982.0,10,3983.8,3980.0,3984.2,3980.0,144.0,172026420.0,55320
2023-05-10 09:30:15,IF2309,IF2309,3981.8,2.0,2389080.0,-2.0,1,3981.2,3982.0,10,3983.8,3980.0,3984.2,3980.0,146.0,174415500.0,55318
2023-05-10 09:30:15,IF2309,IF2309,3982.0,10.0,11946000.0,0.0,13,3981.0,3982.4,2,3983.8,3980.0,3984.2,3980.0,156.0,186361500.0,55318
2023-05-10 09:30:16,IF2309,IF2309,3982.0,0.0,0.0,0.0,1,3981.6,3982.6,5,3983.8,3980.0,3984.2,3980.0,156.0,186361500.0,55318
2023-05-10 09:30:16,IF2309,IF2309,3981.8,1.0,1194540.0,-1.0,1,3982.0,3982.6,5,3983.8,3980.0,3984.2,3980.0,157.0,187556040.0,55317
2023-05-10 09:30:17,IF2309,IF2309,3982.6,5.0,5973900.0,0.0,2,3982.0,3983.0,1,3983.8,3980.0,3984.2,3980.0,162.0,193529940.0,55317
2023-05-10 09:30:17,IF2309,IF2309,3982.6,0.0,0.0,0.0,1,3982.2,3983.0,1,3983.8,3980.0,3984.2,3980.0,162.0,193529940.0,55317
2023-05-10 09:30:18,IF2309,IF2309,3983.0,1.0,1194900.0,-1.0,1,3983.0,3983.8,1,3983.8,3980.0,3984.2,3980.0,163.0,194724840.0,55316
2023-05-10 09:30:19,IF2309,IF2309,3982.4,7.0,8363460.0,-6.0,1,3982.0,3982.2,3,3983.8,3980.0,3984.2,3980.0,170.0,203088300.0,55310
2023-05-10 09:30:19,IF2309,IF2309,3982.0,5.0,5973240.0,-5.0,1,3982.4,3983.8,1,3983.8,3980.0,3984.2,3980.0,175.0,209061540.0,55305
2023-05-10 09:30:20,IF2309,IF2309,3982.4,1.0,1194720.0,0.0,3,3981.6,3983.4,4,3983.8,3980.0,3984.2,3980.0,176.0,210256260.0,55305
2023-05-10 09:30:20,IF2309,IF2309,3981.6,3.0,3583440.0,2.0,3,3981.4,3981.6,2,3983.8,3980.0,3984.2,3980.0,179.0,213839700.0,55307
2023-05-10 09:30:21,IF2309,IF2309,3981.4,4.0,4777860.0,-1.0,2,3981.2,3981.4,4,3983.8,3980.0,3984.2,3980.0,183.0,218617560.0,55306
2023-05-10 09:30:21,IF2309,IF2309,3981.4,9.0,10749780.0,0.0,8,3981.4,3982.0,1,3983.8,3980.0,3984.2,3980.0,192.0,229367340.0,55306
2023-05-10 09:30:22,IF2309,IF2309,3982.0,1.0,1194600.0,0.0,3,3982.4,3983.0,1,3983.8,3980.0,3984.2,3980.0,193.0,230561940.0,55306
2023-05-10 09:30:22,IF2309,IF2309,3983.2,3.0,3584820.0,-3.0,1,3983.4,3983.6,1,3983.8,3980.0,3984.2,3980.0,196.0,234146760.0,55303
2023-05-10 09:30:23,IF2309,IF2309,3983.0,6.0,7170300.0,-5.0,2,3982.8,3985.0,1,3983.8,3980.0,3984.2,3980.0,202.0,241317060.0,55298
2023-05-10 09:30:23,IF2309,IF2309,3983.6,2.0,2390460.0,1.0,1,3983.2,3983.4,4,3983.8,3980.0,3984.6,3980.0,204.0,243707520.0,55299
2023-05-10 09:30:24,IF2309,IF2309,3983.4,4.0,4780080.0,2.0,2,3983.6,3984.8,3,3983.8,3980.0,3984.6,3980.0,208.0,248487600.0,55301
2023-05-10 09:30:24,IF2309,IF2309,3983.4,0.0,0.0,0.0,3,3983.6,3984.8,3,3983.8,3980.0,3984.6,3980.0,208.0,248487600.0,55301
2023-05-10 09:30:25,IF2309,IF2309,3984.8,1.0,1195440.0,-1.0,3,3983.6,3984.8,3,3983.8,3980.0,3984.8,3980.0,209.0,249683040.0,55300
2023-05-10 09:30:25,IF2309,IF2309,3984.8,2.0,2390880.0,0.0,3,3983.6,3984.6,1,3983.8,3980.0,3984.8,3980.0,211.0,252073920.0,55300
2023-05-10 09:30:26,IF2309,IF2309,3984.8,0.0,0.0,0.0,1,3984.6,3985.4,2,3983.8,3980.0,3984.8,3980.0,211.0,252073920.0,55300
2023-05-10 09:30:26,IF2309,IF2309,3984.6,3.0,3586200.0,-2.0,2,3983.8,3985.0,2,3983.8,3980.0,3984.8,3980.0,214.0,255660120.0,55298
2023-05-10 09:30:27,IF2309,IF2309,3984.6,0.0,0.0,0.0,2,3983.6,3984.8,1,3983.8,3980.0,3984.8,3980.0,214.0,255660120.0,55298
2023-05-10 09:30:27,IF2309,IF2309,3983.6,3.0,3585300.0,-3.0,1,3983.2,3984.2,1,3983.8,3980.0,3984.8,3980.0,217.0,259245420.0,55295
2023-05-10 09:30:28,IF2309,IF2309,3983.0,3.0,3585000.0,-1.0,1,3983.0,3983.8,1,3983.8,3980.0,3984.8,3980.0,220.0,262830420.0,55294
2023-05-10 09:30:28,IF2309,IF2309,3983.0,2.0,2389800.0,0.0,3,3982.4,3983.4,1,3983.8,3980.0,3984.8,3980.0,222.0,265220220.0,55294
2023-05-10 09:30:29,IF2309,IF2309,3983.0,0.0,0.0,0.0,3,3982.4,3982.8,1,3983.8,3980.0,3984.8,3980.0,222.0,265220220.0,55294
2023-05-10 09:30:29,IF2309,IF2309,3983.2,3.0,3584760.0,-3.0,10,3982.0,3983.2,1,3983.8,3980.0,3984.8,3980.0,225.0,268804980.0,55291
2023-05-10 09:30:30,IF2309,IF2309,3983.2,0.0,0.0,0.0,10,3982.0,3983.0,2,3983.8,3980.0,3984.8,3980.0,225.0,268804980.0,55291
2023-05-10 09:30:30,IF2309,IF2309,3983.0,2.0,2389800.0,-2.0,1,3982.2,3983.2,2,3983.8,3980.0,3984.8,3980.0,227.0,271194780.0,55289
2023-05-10 09:30:31,IF2309,IF2309,3983.0,0.0,0.0,0.0,1,3982.4,3983.2,1,3983.8,3980.0,3984.8,3980.0,227.0,271194780.0,55289
2023-05-10 09:30:31,IF2309,IF2309,3983.0,0.0,0.0,0.0,10,3982.0,3983.2,1,3983.8,3980.0,3984.8,3980.0,227.0,271194780.0,55289
2023-05-10 09:30:32,IF2309,IF2309,3983.0,0.0,0.0,0.0,1,3982.2,3983.2,1,3983.8,3980.0,3984.8,3980.0,227.0,271194780.0,55289
2023-05-10 09:30:32,IF2309,IF2309,3983.2,1.0,1194960.0,-1.0,1,3982.4,3983.6,2,3983.8,3980.0,3984.8,3980.0,228.0,272389740.0,55288
2023-05-10 09:30:33,IF2309,IF2309,3983.2,0.0,0.0,0.0,2,3983.2,3983.4,1,3983.8,3980.0,3984.8,3980.0,228.0,272389740.0,55288
2023-05-10 09:30:33,IF2309,IF2309,3982.6,5.0,5974260.0,-2.0,1,3982.6,3983.6,2,3983.8,3980.0,3984.8,3980.0,233.0,278364000.0,55286
2023-05-10 09:30:34,IF2309,IF2309,3982.6,0.0,0.0,0.0,1,3983.2,3983.4,3,3983.8,3980.0,3984.8,3980.0,233.0,278364000.0,55286
2023-05-10 09:30:34,IF2309,IF2309,3983.2,2.0,2389920.0,-2.0,10,3982.0,3983.2,1,3983.8,3980.0,3984.8,3980.0,235.0,280753920.0,55284
2023-05-10 09:30:35,IF2309,IF2309,3982.2,3.0,3583980.0,-3.0,11,3982.0,3982.2,6,3983.8,3980.0,3984.8,3980.0,238.0,284337900.0,55281
2023-05-10 09:30:35,IF2309,IF2309,3983.2,7.0,8362920.0,-6.0,11,3982.0,3983.6,1,3983.8,3980.0,3984.8,3980.0,245.0,292700820.0,55275
2023-05-10 09:30:36,IF2309,IF2309,3983.2,0.0,0.0,0.0,1,3982.2,3983.4,1,3983.8,3980.0,3984.8,3980.0,245.0,292700820.0,55275
2023-05-10 09:30:36,IF2309,IF2309,3983.2,0.0,0.0,0.0,1,3982.2,3983.2,1,3983.8,3980.0,3984.8,3980.0,245.0,292700820.0,55275
2023-05-10 09:30:37,IF2309,IF2309,3983.2,0.0,0.0,0.0,2,3982.4,3983.2,1,3983.8,3980.0,3984.8,3980.0,245.0,292700820.0,55275
2023-05-10 09:30:37,IF2309,IF2309,3983.2,1.0,1194960.0,0.0,1,3982.2,3983.0,3,3983.8,3980.0,3984.8,3980.0,246.0,293895780.0,55275
2023-05-10 09:30:38,IF2309,IF2309,3983.2,0.0,0.0,0.0,11,3982.0,3983.0,3,3983.8,3980.0,3984.8,3980.0,246.0,293895780.0,55275
2023-05-10 09:30:38,IF2309,IF2309,3983.0,1.0,1194900.0,-1.0,3,3982.2,3982.4,1,3983.8,3980.0,3984.8,3980.0,247.0,295090680.0,55274
2023-05-10 09:30:39,IF2309,IF2309,3982.2,3.0,3583980.0,0.0,11,3982.0,3982.4,1,3983.8,3980.0,3984.8,3980.0,250.0,298674660.0,55274
2023-05-10 09:30:39,IF2309,IF2309,3982.0,3.0,3583800.0,-3.0,8,3982.0,3982.2,2,3983.8,3980.0,3984.8,3980.0,253.0,302258460.0,55271
2023-05-10 09:30:40,IF2309,IF2309,3982.0,8.0,9556800.0,-7.0,4,3981.4,3981.8,1,3983.8,3980.0,3984.8,3980.0,261.0,311815260.0,55264
2023-05-10 09:30:40,IF2309,IF2309,3982.0,0.0,0.0,0.0,4,3981.4,3981.6,2,3983.8,3980.0,3984.8,3980.0,261.0,311815260.0,55264
2023-05-10 09:30:41,IF2309,IF2309,3981.4,5.0,5972100.0,-3.0,12,3981.0,3981.6,1,3983.8,3980.0,3984.8,3980.0,266.0,317787360.0,55261
2023-05-10 09:30:41,IF2309,IF2309,3981.4,1.0,1194420.0,-1.0,12,3981.0,3981.8,1,3983.8,3980.0,3984.8,3980.0,267.0,318981780.0,55260
2023-05-10 09:30:42,IF2309,IF2309,3981.4,0.0,0.0,0.0,3,3981.2,3982.0,1,3983.8,3980.0,3984.8,3980.0,267.0,318981780.0,55260
2023-05-10 09:30:42,IF2309,IF2309,3981.4,2.0,2389020.0,-1.0,2,3981.4,3983.0,1,3983.8,3980.0,3984.8,3980.0,269.0,321370800.0,55259
2023-05-10 09:30:43,IF2309,IF2309,3981.4,0.0,0.0,0.0,5,3981.6,3982.8,2,3983.8,3980.0,3984.8,3980.0,269.0,321370800.0,55259
2023-05-10 09:30:43,IF2309,IF2309,3981.4,0.0,0.0,0.0,2,3981.8,3982.8,2,3983.8,3980.0,3984.8,3980.0,269.0,321370800.0,55259
2023-05-10 09:30:44,IF2309,IF2309,3981.6,4.0,4778220.0,-3.0,2,3981.2,3982.4,1,3983.8,3980.0,3984.8,3980.0,273.0,326149020.0,55256
2023-05-10 09:30:44,IF2309,IF2309,3981.6,0.0,0.0,0.0,1,3981.6,3982.2,1,3983.8,3980.0,3984.8,3980.0,273.0,326149020.0,55256
2023-05-10 09:30:45,IF2309,IF2309,3982.0,1.0,1194600.0,-1.0,1,3981.6,3982.0,1,3983.8,3980.0,3984.8,3980.0,274.0,327343620.0,55255
2023-05-10 09:30:45,IF2309,IF2309,3982.0,0.0,0.0,0.0,1,3981.6,3981.8,1,3983.8,3980.0,3984.8,3980.0,274.0,327343620.0,55255
2023-05-10 09:30:46,IF2309,IF2309,3981.6,1.0,1194480.0,0.0,12,3981.0,3981.8,1,3983.8,3980.0,3984.8,3980.0,275.0,328538100.0,55255
2023-05-10 09:30:46,IF2309,IF2309,3981.8,1.0,1194540.0,-1.0,12,3981.0,3982.6,1,3983.8,3980.0,3984.8,3980.0,276.0,329732640.0,55254
2023-05-10 09:30:47,IF2309,IF2309,3981.8,0.0,0.0,0.0,3,3981.2,3982.2,3,3983.8,3980.0,3984.8,3980.0,276.0,329732640.0,55254
2023-05-10 09:30:47,IF2309,IF2309,3981.0,5.0,5971620.0,3.0,9,3981.0,3982.0,1,3983.8,3980.0,3984.8,3980.0,281.0,335704260.0,55257
2023-05-10 09:30:48,IF2309,IF2309,3981.2,1.0,1194360.0,0.0,9,3981.0,3981.2,9,3983.8,3980.0,3984.8,3980.0,282.0,336898620.0,55257
2023-05-10 09:30:48,IF2309,IF2309,3981.2,3.0,3583080.0,1.0,9,3981.0,3981.2,7,3983.8,3980.0,3984.8,3980.0,285.0,340481700.0,55258
2023-05-10 09:30:49,IF2309,IF2309,3981.2,2.0,2388720.0,-1.0,9,3981.0,3981.2,5,3983.8,3980.0,3984.8,3980.0,287.0,342870420.0,55257
2023-05-10 09:30:49,IF2309,IF2309,3982.0,8.0,9555000.0,-5.0,7,3981.0,3982.2,1,3983.8,3980.0,3984.8,3980.0,295.0,352425420.0,55252
2023-05-10 09:30:50,IF2309,IF2309,3982.0,0.0,0.0,0.0,7,3981.0,3982.0,3,3983.8,3980.0,3984.8,3980.0,295.0,352425420.0,55252
2023-05-10 09:30:51,IF2309,IF2309,3982.0,0.0,0.0,0.0,7,3981.0,3981.8,3,3983.8,3980.0,3984.8,3980.0,295.0,352425420.0,55252
2023-05-10 09:30:51,IF2309,IF2309,3981.0,6.0,7165800.0,0.0,1,3981.0,3981.6,7,3983.8,3980.0,3984.8,3980.0,301.0,359591220.0,55252
2023-05-10 09:30:52,IF2309,IF2309,3981.0,3.0,3582900.0,-1.0,5,3980.0,3981.4,3,3983.8,3980.0,3984.8,3980.0,304.0,363174120.0,55251
2023-05-10 09:30:52,IF2309,IF2309,3981.0,0.0,0.0,0.0,4,3980.2,3981.4,3,3983.8,3980.0,3984.8,3980.0,304.0,363174120.0,55251
2023-05-10 09:30:53,IF2309,IF2309,3981.0,0.0,0.0,0.0,3,3980.4,3981.4,1,3983.8,3980.0,3984.8,3980.0,304.0,363174120.0,55251
2023-05-10 09:30:53,IF2309,IF2309,3981.0,0.0,0.0,0.0,2,3980.8,3982.0,3,3983.8,3980.0,3984.8,3980.0,304.0,363174120.0,55251
2023-05-10 09:30:54,IF2309,IF2309,3981.0,0.0,0.0,0.0,5,3981.0,3982.0,3,3983.8,3980.0,3984.8,3980.0,304.0,363174120.0,55251
2023-05-10 09:30:55,IF2309,IF2309,3981.0,0.0,0.0,0.0,2,3981.0,3981.8,6,3983.8,3980.0,3984.8,3980.0,304.0,363174120.0,55251
2023-05-10 09:30:55,IF2309,IF2309,3981.6,1.0,1194480.0,-1.0,2,3981.0,3981.6,2,3983.8,3980.0,3984.8,3980.0,305.0,364368600.0,55250
2023-05-10 09:30:56,IF2309,IF2309,3980.8,3.0,3582840.0,-1.0,1,3980.2,3980.8,1,3983.8,3980.0,3984.8,3980.0,308.0,367951440.0,55249
2023-05-10 09:30:56,IF2309,IF2309,3981.0,1.0,1194300.0,1.0,1,3980.2,3981.4,5,3983.8,3980.0,3984.8,3980.0,309.0,369145740.0,55250
2023-05-10 09:30:57,IF2309,IF2309,3981.0,0.0,0.0,0.0,1,3980.2,3980.8,1,3983.8,3980.0,3984.8,3980.0,309.0,369145740.0,55250
2023-05-10 09:30:57,IF2309,IF2309,3981.0,0.0,0.0,0.0,1,3980.2,3981.0,1,3983.8,3980.0,3984.8,3980.0,309.0,369145740.0,55250
2023-05-10 09:30:58,IF2309,IF2309,3981.0,0.0,0.0,0.0,1,3980.2,3980.8,1,3983.8,3980.0,3984.8,3980.0,309.0,369145740.0,55250
2023-05-10 09:30:58,IF2309,IF2309,3981.0,0.0,0.0,0.0,1,3980.4,3981.0,1,3983.8,3980.0,3984.8,3980.0,309.0,369145740.0,55250
2023-05-10 09:30:59,IF2309,IF2309,3981.0,0.0,0.0,0.0,1,3980.2,3980.8,3,3983.8,3980.0,3984.8,3980.0,309.0,369145740.0,55250
2023-05-10 09:30:59,IF2309,IF2309,3980.2,1.0,1194060.0,-1.0,6,3980.0,3980.6,2,3983.8,3980.0,3984.8,3980.0,310.0,370339800.0,55249
2023-05-10 09:31:00,IF2309,IF2309,3979.8,8.0,9552060.0,-2.0,1,3979.0,3980.0,2,3983.8,3980.0,3984.8,3979.8,318.0,379891860.0,55247
2023-05-10 09:31:00,IF2309,IF2309,3979.2,1.0,1193760.0,-1.0,1,3978.2,3979.0,1,3983.8,3980.0,3984.8,3979.2,319.0,381085620.0,55246
2023-05-10 09:31:01,IF2309,IF2309,3978.0,2.0,2386860.0,-1.0,1,3977.8,3978.6,2,3983.8,3980.0,3984.8,3978.0,321.0,383472480.0,55245
2023-05-10 09:31:01,IF2309,IF2309,3977.8,2.0,2386680.0,-1.0,1,3976.2,3978.0,3,3983.8,3980.0,3984.8,3977.8,323.0,385859160.0,55244
2023-05-10 09:31:02,IF2309,IF2309,3977.8,0.0,0.0,0.0,2,3977.2,3978.0,3,3983.8,3980.0,3984.8,3977.8,323.0,385859160.0,55244
2023-05-10 09:31:02,IF2309,IF2309,3977.8,0.0,0.0,0.0,1,3977.2,3977.6,2,3983.8,3980.0,3984.8,3977.8,323.0,385859160.0,55244
2023-05-10 09:31:03,IF2309,IF2309,3977.8,2.0,2386500.0,0.0,1,3976.4,3977.8,2,3983.8,3980.0,3984.8,3977.2,325.0,388245660.0,55244
2023-05-10 09:31:03,IF2309,IF2309,3977.8,0.0,0.0,0.0,1,3976.0,3977.2,2,3983.8,3980.0,3984.8,3977.2,325.0,388245660.0,55244
2023-05-10 09:31:04,IF2309,IF2309,3977.8,0.0,0.0,0.0,1,3976.0,3977.4,1,3983.8,3980.0,3984.8,3977.2,325.0,388245660.0,55244
2023-05-10 09:31:04,IF2309,IF2309,3975.8,2.0,2385540.0,-1.0,1,3975.4,3977.0,2,3983.8,3980.0,3984.8,3975.8,327.0,390631200.0,55243
2023-05-10 09:31:05,IF2309,IF2309,3975.8,0.0,0.0,0.0,1,3975.8,3976.4,2,3983.8,3980.0,3984.8,3975.8,327.0,390631200.0,55243
2023-05-10 09:31:05,IF2309,IF2309,3975.2,6.0,7155540.0,-4.0,1,3974.0,3975.6,1,3983.8,3980.0,3984.8,3975.2,333.0,397786740.0,55239
2023-05-10 09:31:06,IF2309,IF2309,3974.2,1.0,1192260.0,-1.0,4,3974.2,3975.4,1,3983.8,3980.0,3984.8,3974.2,334.0,398979000.0,55238
2023-05-10 09:31:06,IF2309,IF2309,3974.2,2.0,2384520.0,-1.0,3,3974.2,3975.2,1,3983.8,3980.0,3984.8,3974.2,336.0,401363520.0,55237
2023-05-10 09:31:07,IF2309,IF2309,3975.4,5.0,5962500.0,-3.0,1,3974.0,3975.8,2,3983.8,3980.0,3984.8,3974.2,341.0,407326020.0,55234
2023-05-10 09:31:07,IF2309,IF2309,3974.0,5.0,5961240.0,-4.0,2,3973.8,3975.4,2,3983.8,3980.0,3984.8,3974.0,346.0,413287260.0,55230
2023-05-10 09:31:08,IF2309,IF2309,3974.0,0.0,0.0,0.0,1,3974.0,3974.2,1,3983.8,3980.0,3984.8,3974.0,346.0,413287260.0,55230
2023-05-10 09:31:08,IF2309,IF2309,3974.2,2.0,2384460.0,-2.0,2,3973.8,3975.2,3,3983.8,3980.0,3984.8,3974.0,348.0,415671720.0,55228
2023-05-10 09:31:09,IF2309,IF2309,3974.2,0.0,0.0,0.0,1,3974.0,3974.6,2,3983.8,3980.0,3984.8,3974.0,348.0,415671720.0,55228
2023-05-10 09:31:09,IF2309,IF2309,3974.0,1.0,1192200.0,-1.0,2,3973.8,3974.4,2,3983.8,3980.0,3984.8,3974.0,349.0,416863920.0,55227
2023-05-10 09:31:10,IF2309,IF2309,3975.0,1.0,1192500.0,1.0,2,3973.8,3975.0,1,3983.8,3980.0,3984.8,3974.0,350.0,418056420.0,55228
2023-05-10 09:31:10,IF2309,IF2309,3975.0,0.0,0.0,0.0,2,3974.0,3974.4,3,3983.8,3980.0,3984.8,3974.0,350.0,418056420.0,55228
2023-05-10 09:31:11,IF2309,IF2309,3974.4,3.0,3576960.0,-3.0,2,3974.4,3974.8,2,3983.8,3980.0,3984.8,3974.0,353.0,421633380.0,55225
2023-05-10 09:31:11,IF2309,IF2309,3974.4,0.0,0.0,0.0,1,3974.8,3975.2,1,3983.8,3980.0,3984.8,3974.0,353.0,421633380.0,55225
2023-05-10 09:31:12,IF2309,IF2309,3975.8,2.0,2385300.0,-1.0,3,3974.4,3976.0,1,3983.8,3980.0,3984.8,3974.0,355.0,424018680.0,55224
2023-05-10 09:31:12,IF2309,IF2309,3975.8,0.0,0.0,0.0,3,3974.4,3975.6,6,3983.8,3980.0,3984.8,3974.0,355.0,424018680.0,55224
2023-05-10 09:31:13,IF2309,IF2309,3975.8,0.0,0.0,0.0,1,3975.2,3975.4,4,3983.8,3980.0,3984.8,3974.0,355.0,424018680.0,55224
2023-05-10 09:31:13,IF2309,IF2309,3975.2,5.0,5962800.0,-2.0,6,3974.8,3975.2,3,3983.8,3980.0,3984.8,3974.0,360.0,429981480.0,55222
2023-05-10 09:31:14,IF2309,IF2309,3975.6,4.0,4770360.0,-4.0,2,3975.0,3975.6,3,3983.8,3980.0,3984.8,3974.0,364.0,434751840.0,55218
2023-05-10 09:31:14,IF2309,IF2309,3975.8,3.0,3578220.0,-3.0,1,3975.2,3976.0,1,3983.8,3980.0,3984.8,3974.0,367.0,438330060.0,55215
2023-05-10 09:31:15,IF2309,IF2309,3976.0,5.0,5964000.0,-5.0,3,3975.4,3975.8,1,3983.8,3980.0,3984.8,3974.0,372.0,444294060.0,55210
2023-05-10 09:31:15,IF2309,IF2309,3975.6,3.0,3578100.0,-2.0,3,3975.6,3977.0,2,3983.8,3980.0,3984.8,3974.0,375.0,447872160.0,55208
2023-05-10 09:31:16,IF2309,IF2309,3975.6,0.0,0.0,0.0,2,3975.8,3976.4,1,3983.8,3980.0,3984.8,3974.0,375.0,447872160.0,55208
2023-05-10 09:31:16,IF2309,IF2309,3975.2,5.0,5963220.0,-2.0,5,3974.8,3976.2,1,3983.8,3980.0,3984.8,3974.0,380.0,453835380.0,55206
2023-05-10 09:31:17,IF2309,IF2309,3975.2,0.0,0.0,0.0,1,3975.0,3975.6,2,3983.8,3980.0,3984.8,3974.0,380.0,453835380.0,55206
2023-05-10 09:31:17,IF2309,IF2309,3975.2,0.0,0.0,0.0,5,3974.8,3975.6,2,3983.8,3980.0,3984.8,3974.0,380.0,453835380.0,55206
2023-05-10 09:31:18,IF2309,IF2309,3976.0,5.0,5963700.0,-2.0,5,3974.8,3976.0,1,3983.8,3980.0,3984.8,3974.0,385.0,459799080.0,55204
2023-05-10 09:31:18,IF2309,IF2309,3976.0,0.0,0.0,0.0,5,3974.8,3975.0,1,3983.8,3980.0,3984.8,3974.0,385.0,459799080.0,55204
2023-05-10 09:31:19,IF2309,IF2309,3975.0,1.0,1192500.0,-1.0,5,3974.8,3975.0,2,3983.8,3980.0,3984.8,3974.0,386.0,460991580.0,55203
2023-05-10 09:31:19,IF2309,IF2309,3974.8,5.0,5962200.0,-5.0,3,3974.4,3974.6,1,3983.8,3980.0,3984.8,3974.0,391.0,466953780.0,55198
2023-05-10 09:31:20,IF2309,IF2309,3974.2,10.0,11922660.0,-7.0,1,3973.8,3974.2,1,3983.8,3980.0,3984.8,3973.8,401.0,478876440.0,55191
2023-05-10 09:31:20,IF2309,IF2309,3973.8,1.0,1192140.0,-1.0,1,3972.4,3974.4,2,3983.8,3980.0,3984.8,3973.8,402.0,480068580.0,55190
2023-05-10 09:31:21,IF2309,IF2309,3973.8,0.0,0.0,0.0,2,3973.0,3973.6,1,3983.8,3980.0,3984.8,3973.8,402.0,480068580.0,55190
2023-05-10 09:31:21,IF2309,IF2309,3973.8,0.0,0.0,0.0,1,3974.0,3974.4,1,3983.8,3980.0,3984.8,3973.8,402.0,480068580.0,55190
2023-05-10 09:31:22,IF2309,IF2309,3974.4,1.0,1192320.0,1.0,1,3974.0,3974.6,1,3983.8,3980.0,3984.8,3973.8,403.0,481260900.0,55191
2023-05-10 09:31:22,IF2309,IF2309,3973.2,2.0,2384160.0,0.0,4,3972.8,3974.2,1,3983.8,3980.0,3984.8,3973.2,405.0,483645060.0,55191
2023-05-10 09:31:23,IF2309,IF2309,3973.2,0.0,0.0,0.0,1,3973.2,3974.0,3,3983.8,3980.0,3984.8,3973.2,405.0,483645060.0,55191
2023-05-10 09:31:23,IF2309,IF2309,3973.2,1.0,1191960.0,0.0,2,3973.4,3973.8,3,3983.8,3980.0,3984.8,3973.2,406.0,484837020.0,55191
2023-05-10 09:31:24,IF2309,IF2309,3973.4,3.0,3575940.0,-2.0,1,3972.2,3972.8,1,3983.8,3980.0,3984.8,3973.2,409.0,488412960.0,55189
2023-05-10 09:31:24,IF2309,IF2309,3972.8,1.0,1191840.0,0.0,7,3972.4,3973.6,3,3983.8,3980.0,3984.8,3972.8,410.0,489604800.0,55189
2023-05-10 09:31:25,IF2309,IF2309,3972.8,0.0,0.0,0.0,2,3972.6,3974.0,2,3983.8,3980.0,3984.8,3972.8,410.0,489604800.0,55189
2023-05-10 09:31:25,IF2309,IF2309,3972.8,0.0,0.0,0.0,1,3972.8,3973.4,3,3983.8,3980.0,3984.8,3972.8,410.0,489604800.0,55189
2023-05-10 09:31:26,IF2309,IF2309,3972.8,0.0,0.0,0.0,2,3972.8,3973.4,3,3983.8,3980.0,3984.8,3972.8,410.0,489604800.0,55189
2023-05-10 09:31:26,IF2309,IF2309,3972.8,2.0,2383680.0,0.0,1,3972.2,3973.4,3,3983.8,3980.0,3984.8,3972.8,412.0,491988480.0,55189
2023-05-10 09:31:27,IF2309,IF2309,3972.8,0.0,0.0,0.0,7,3972.4,3973.4,3,3983.8,3980.0,3984.8,3972.8,412.0,491988480.0,55189
2023-05-10 09:31:27,IF2309,IF2309,3972.8,0.0,0.0,0.0,2,3972.6,3973.4,1,3983.8,3980.0,3984.8,3972.8,412.0,491988480.0,55189
2023-05-10 09:31:28,IF2309,IF2309,3973.4,1.0,1192020.0,0.0,1,3973.0,3973.6,1,3983.8,3980.0,3984.8,3972.8,413.0,493180500.0,55189
2023-05-10 09:31:28,IF2309,IF2309,3973.0,1.0,1191900.0,0.0,5,3972.4,3972.8,3,3983.8,3980.0,3984.8,3972.8,414.0,494372400.0,55189
2023-05-10 09:31:29,IF2309,IF2309,3972.8,3.0,3575520.0,-3.0,2,3972.6,3973.6,1,3983.8,3980.0,3984.8,3972.8,417.0,497947920.0,55186
2023-05-10 09:31:30,IF2309,IF2309,3973.0,2.0,2383980.0,0.0,1,3973.0,3974.6,1,3983.8,3980.0,3984.8,3972.8,419.0,500331900.0,55186
2023-05-10 09:31:31,IF2309,IF2309,3973.0,0.0,0.0,0.0,1,3973.6,3973.8,1,3983.8,3980.0,3984.8,3972.8,419.0,500331900.0,55186
2023-05-10 09:31:31,IF2309,IF2309,3973.8,1.0,1192140.0,0.0,1,3974.0,3975.0,2,3983.8,3980.0,3984.8,3972.8,420.0,501524040.0,55186
2023-05-10 09:31:32,IF2309,IF2309,3973.8,0.0,0.0,0.0,1,3974.6,3975.0,2,3983.8,3980.0,3984.8,3972.8,420.0,501524040.0,55186
2023-05-10 09:31:32,IF2309,IF2309,3974.6,1.0,1192380.0,0.0,1,3974.0,3974.8,4,3983.8,3980.0,3984.8,3972.8,421.0,502716420.0,55186
2023-05-10 09:31:33,IF2309,IF2309,3974.6,0.0,0.0,0.0,1,3973.8,3974.4,1,3983.8,3980.0,3984.8,3972.8,421.0,502716420.0,55186
2023-05-10 09:31:33,IF2309,IF2309,3974.0,1.0,1192200.0,-1.0,3,3974.0,3974.6,4,3983.8,3980.0,3984.8,3972.8,422.0,503908620.0,55185
2023-05-10 09:31:34,IF2309,IF2309,3974.0,0.0,0.0,0.0,3,3974.0,3974.6,3,3983.8,3980.0,3984.8,3972.8,422.0,503908620.0,55185
2023-05-10 09:31:34,IF2309,IF2309,3974.0,2.0,2384400.0,-1.0,1,3974.0,3974.4,4,3983.8,3980.0,3984.8,3972.8,424.0,506293020.0,55184
2023-05-10 09:31:35,IF2309,IF2309,3974.4,3.0,3576660.0,-2.0,2,3973.0,3973.6,1,3983.8,3980.0,3984.8,3972.8,427.0,509869680.0,55182
2023-05-10 09:31:35,IF2309,IF2309,3973.6,1.0,1192080.0,-1.0,1,3973.4,3974.6,3,3983.8,3980.0,3984.8,3972.8,428.0,511061760.0,55181
2023-05-10 09:31:36,IF2309,IF2309,3973.6,0.0,0.0,0.0,1,3973.8,3974.6,1,3983.8,3980.0,3984.8,3972.8,428.0,511061760.0,55181
2023-05-10 09:31:36,IF2309,IF2309,3973.6,0.0,0.0,0.0,2,3974.0,3974.8,1,3983.8,3980.0,3984.8,3972.8,428.0,511061760.0,55181
2023-05-10 09:31:37,IF2309,IF2309,3973.6,0.0,0.0,0.0,2,3974.2,3974.8,1,3983.8,3980.0,3984.8,3972.8,428.0,511061760.0,55181
2023-05-10 09:31:38,IF2309,IF2309,3973.6,0.0,0.0,0.0,3,3973.6,3974.6,2,3983.8,3980.0,3984.8,3972.8,428.0,511061760.0,55181
2023-05-10 09:31:38,IF2309,IF2309,3974.4,1.0,1192320.0,0.0,1,3973.6,3974.6,2,3983.8,3980.0,3984.8,3972.8,429.0,512254080.0,55181
2023-05-10 09:31:39,IF2309,IF2309,3973.8,3.0,3576900.0,-3.0,1,3973.8,3974.4,1,3983.8,3980.0,3984.8,3972.8,432.0,515830980.0,55178
2023-05-10 09:31:39,IF2309,IF2309,3974.4,1.0,1192320.0,0.0,1,3974.0,3974.8,1,3983.8,3980.0,3984.8,3972.8,433.0,517023300.0,55178
2023-05-10 09:31:40,IF2309,IF2309,3974.4,0.0,0.0,0.0,1,3974.6,3974.8,1,3983.8,3980.0,3984.8,3972.8,433.0,517023300.0,55178
2023-05-10 09:31:40,IF2309,IF2309,3974.8,1.0,1192440.0,-1.0,1,3974.6,3975.0,2,3983.8,3980.0,3984.8,3972.8,434.0,518215740.0,55177
2023-05-10 09:31:41,IF2309,IF2309,3974.6,3.0,3577380.0,-2.0,1,3973.8,3976.0,1,3983.8,3980.0,3984.8,3972.8,437.0,521793120.0,55175
2023-05-10 09:31:41,IF2309,IF2309,3974.6,0.0,0.0,0.0,2,3975.0,3976.0,2,3983.8,3980.0,3984.8,3972.8,437.0,521793120.0,55175
2023-05-10 09:31:42,IF2309,IF2309,3974.6,0.0,0.0,0.0,2,3975.2,3975.8,2,3983.8,3980.0,3984.8,3972.8,437.0,521793120.0,55175
2023-05-10 09:31:42,IF2309,IF2309,3975.8,1.0,1192740.0,0.0,2,3975.0,3976.0,2,3983.8,3980.0,3984.8,3972.8,438.0,522985860.0,55175
2023-05-10 09:31:43,IF2309,IF2309,3975.8,0.0,0.0,0.0,4,3975.2,3976.0,2,3983.8,3980.0,3984.8,3972.8,438.0,522985860.0,55175
2023-05-10 09:31:43,IF2309,IF2309,3976.0,1.0,1192800.0,-1.0,3,3975.4,3977.0,1,3983.8,3980.0,3984.8,3972.8,439.0,524178660.0,55174
2023-05-10 09:31:44,IF2309,IF2309,3976.0,0.0,0.0,0.0,1,3975.8,3976.6,4,3983.8,3980.0,3984.8,3972.8,439.0,524178660.0,55174
2023-05-10 09:31:44,IF2309,IF2309,3975.8,3.0,3578340.0,-3.0,3,3975.4,3976.6,2,3983.8,3980.0,3984.8,3972.8,442.0,527757000.0,55171
2023-05-10 09:31:45,IF2309,IF2309,3976.6,1.0,1192980.0,-1.0,2,3975.6,3976.8,9,3983.8,3980.0,3984.8,3972.8,443.0,528949980.0,55170
2023-05-10 09:31:45,IF2309,IF2309,3976.6,1.0,1192980.0,1.0,1,3974.8,3976.2,2,3983.8,3980.0,3984.8,3972.8,444.0,530142960.0,55171
2023-05-10 09:31:46,IF2309,IF2309,3976.6,1.0,1192980.0,0.0,2,3975.2,3976.4,2,3983.8,3980.0,3984.8,3972.8,445.0,531335940.0,55171
2023-05-10 09:31:46,IF2309,IF2309,3976.6,0.0,0.0,0.0,3,3975.4,3976.4,2,3983.8,3980.0,3984.8,3972.8,445.0,531335940.0,55171
2023-05-10 09:31:47,IF2309,IF2309,3976.6,0.0,0.0,0.0,1,3975.6,3976.0,1,3983.8,3980.0,3984.8,3972.8,445.0,531335940.0,55171
2023-05-10 09:31:47,IF2309,IF2309,3976.0,1.0,1192800.0,-1.0,5,3975.8,3976.2,1,3983.8,3980.0,3984.8,3972.8,446.0,532528740.0,55170
2023-05-10 09:31:48,IF2309,IF2309,3976.2,1.0,1192860.0,1.0,2,3976.4,3976.8,4,3983.8,3980.0,3984.8,3972.8,447.0,533721600.0,55171
2023-05-10 09:31:48,IF2309,IF2309,3976.4,2.0,2385840.0,0.0,2,3975.2,3976.6,2,3983.8,3980.0,3984.8,3972.8,449.0,536107440.0,55171
2023-05-10 09:31:49,IF2309,IF2309,3975.4,2.0,2385300.0,-2.0,6,3975.4,3976.6,1,3983.8,3980.0,3984.8,3972.8,451.0,538492740.0,55169
2023-05-10 09:31:49,IF2309,IF2309,3975.4,0.0,0.0,0.0,1,3976.0,3976.8,4,3983.8,3980.0,3984.8,3972.8,451.0,538492740.0,55169
2023-05-10 09:31:50,IF2309,IF2309,3977.2,3.0,3579480.0,0.0,1,3976.0,3977.2,2,3983.8,3980.0,3984.8,3972.8,454.0,542072220.0,55169
2023-05-10 09:31:50,IF2309,IF2309,3977.2,2.0,2386320.0,0.0,5,3976.2,3977.8,2,3983.8,3980.0,3984.8,3972.8,456.0,544458540.0,55169
2023-05-10 09:31:51,IF2309,IF2309,3977.2,0.0,0.0,0.0,1,3976.4,3977.6,7,3983.8,3980.0,3984.8,3972.8,456.0,544458540.0,55169
2023-05-10 09:31:51,IF2309,IF2309,3976.6,1.0,1192980.0,-1.0,2,3976.6,3976.8,4,3983.8,3980.0,3984.8,3972.8,457.0,545651520.0,55168
2023-05-10 09:31:52,IF2309,IF2309,3976.8,5.0,5965200.0,-5.0,1,3976.6,3977.8,1,3983.8,3980.0,3984.8,3972.8,462.0,551616720.0,55163
2023-05-10 09:31:52,IF2309,IF2309,3976.8,0.0,0.0,0.0,1,3976.6,3977.0,1,3983.8,3980.0,3984.8,3972.8,462.0,551616720.0,55163
2023-05-10 09:31:53,IF2309,IF2309,3977.6,9.0,10739040.0,-9.0,1,3976.2,3977.6,3,3983.8,3980.0,3984.8,3972.8,471.0,562355760.0,55154
2023-05-10 09:31:53,IF2309,IF2309,3977.6,0.0,0.0,0.0,2,3976.8,3977.4,1,3983.8,3980.0,3984.8,3972.8,471.0,562355760.0,55154
2023-05-10 09:31:54,IF2309,IF2309,3976.8,1.0,1193040.0,-1.0,1,3976.8,3977.6,4,3983.8,3980.0,3984.8,3972.8,472.0,563548800.0,55153
2023-05-10 09:31:54,IF2309,IF2309,3976.8,0.0,0.0,0.0,1,3976.8,3977.4,2,3983.8,3980.0,3984.8,3972.8,472.0,563548800.0,55153
2023-05-10 09:31:55,IF2309,IF2309,3976.8,0.0,0.0,0.0,2,3976.8,3977.4,1,3983.8,3980.0,3984.8,3972.8,472.0,563548800.0,55153
2023-05-10 09:31:56,IF2309,IF2309,3976.8,0.0,0.0,0.0,3,3976.8,3977.4,1,3983.8,3980.0,3984.8,3972.8,472.0,563548800.0,55153
2023-05-10 09:31:56,IF2309,IF2309,3977.0,4.0,4772700.0,-3.0,5,3977.0,3979.0,1,3983.8,3980.0,3984.8,3972.8,476.0,568321500.0,55150
2023-05-10 09:31:57,IF2309,IF2309,3977.0,1.0,1193100.0,-1.0,1,3977.2,3978.0,2,3983.8,3980.0,3984.8,3972.8,477.0,569514600.0,55149
2023-05-10 09:31:57,IF2309,IF2309,3977.0,0.0,0.0,0.0,2,3977.4,3978.4,7,3983.8,3980.0,3984.8,3972.8,477.0,569514600.0,55149
2023-05-10 09:31:58,IF2309,IF2309,3977.0,0.0,0.0,0.0,2,3977.6,3978.4,1,3983.8,3980.0,3984.8,3972.8,477.0,569514600.0,55149
2023-05-10 09:31:58,IF2309,IF2309,3978.8,1.0,1193640.0,0.0,3,3977.8,3978.8,1,3983.8,3980.0,3984.8,3972.8,478.0,570708240.0,55149
2023-05-10 09:31:59,IF2309,IF2309,3978.8,0.0,0.0,0.0,2,3978.0,3978.6,2,3983.8,3980.0,3984.8,3972.8,478.0,570708240.0,55149
2023-05-10 09:31:59,IF2309,IF2309,3978.0,1.0,1193400.0,-1.0,1,3977.6,3979.0,1,3983.8,3980.0,3984.8,3972.8,479.0,571901640.0,55148
2023-05-10 09:32:00,IF2309,IF2309,3977.8,1.0,1193340.0,0.0,1,3977.8,3978.8,3,3983.8,3980.0,3984.8,3972.8,480.0,573094980.0,55148
2023-05-10 09:32:00,IF2309,IF2309,3977.8,0.0,0.0,0.0,1,3977.6,3978.6,3,3983.8,3980.0,3984.8,3972.8,480.0,573094980.0,55148
2023-05-10 09:32:01,IF2309,IF2309,3977.8,0.0,0.0,0.0,1,3977.4,3978.4,1,3983.8,3980.0,3984.8,3972.8,480.0,573094980.0,55148
2023-05-10 09:32:01,IF2309,IF2309,3977.8,1.0,1193340.0,-1.0,1,3978.4,3978.8,2,3983.8,3980.0,3984.8,3972.8,481.0,574288320.0,55147
2023-05-10 09:32:02,IF2309,IF2309,3978.4,2.0,2387160.0,0.0,1,3978.0,3979.0,1,3983.8,3980.0,3984.8,3972.8,483.0,576675480.0,55147
2023-05-10 09:32:02,IF2309,IF2309,3978.2,1.0,1193460.0,-1.0,1,3978.2,3979.0,1,3983.8,3980.0,3984.8,3972.8,484.0,577868940.0,55146
2023-05-10 09:32:03,IF2309,IF2309,3978.2,0.0,0.0,0.0,1,3977.4,3978.8,3,3983.8,3980.0,3984.8,3972.8,484.0,577868940.0,55146
2023-05-10 09:32:03,IF2309,IF2309,3977.6,2.0,2386740.0,-2.0,1,3977.4,3978.6,2,3983.8,3980.0,3984.8,3972.8,486.0,580255680.0,55144
2023-05-10 09:32:04,IF2309,IF2309,3977.6,0.0,0.0,0.0,1,3977.4,3978.4,1,3983.8,3980.0,3984.8,3972.8,486.0,580255680.0,55144
2023-05-10 09:32:04,IF2309,IF2309,3978.4,1.0,1193520.0,0.0,1,3977.6,3978.4,1,3983.8,3980.0,3984.8,3972.8,487.0,581449200.0,55144
2023-05-10 09:32:05,IF2309,IF2309,3978.4,1.0,1193520.0,-1.0,5,3977.8,3978.8,2,3983.8,3980.0,3984.8,3972.8,488.0,582642720.0,55143
2023-05-10 09:32:05,IF2309,IF2309,3978.4,0.0,0.0,0.0,1,3977.8,3978.4,1,3983.8,3980.0,3984.8,3972.8,488.0,582642720.0,55143
2023-05-10 09:32:06,IF2309,IF2309,3978.4,0.0,0.0,0.0,1,3977.4,3978.8,2,3983.8,3980.0,3984.8,3972.8,488.0,582642720.0,55143
2023-05-10 09:32:06,IF2309,IF2309,3977.4,2.0,2386800.0,-1.0,1,3977.0,3978.4,2,3983.8,3980.0,3984.8,3972.8,490.0,585029520.0,55142
2023-05-10 09:32:07,IF2309,IF2309,3976.8,2.0,2386140.0,-1.0,1,3976.8,3977.4,2,3983.8,3980.0,3984.8,3972.8,492.0,587415660.0,55141
2023-05-10 09:32:07,IF2309,IF2309,3976.8,1.0,1193040.0,0.0,2,3975.4,3976.0,1,3983.8,3980.0,3984.8,3972.8,493.0,588608700.0,55141
2023-05-10 09:32:08,IF2309,IF2309,3976.8,2.0,2385840.0,0.0,2,3976.0,3977.2,1,3983.8,3980.0,3984.8,3972.8,495.0,590994540.0,55141
2023-05-10 09:32:08,IF2309,IF2309,3976.8,0.0,0.0,0.0,1,3976.2,3977.2,1,3983.8,3980.0,3984.8,3972.8,495.0,590994540.0,55141
2023-05-10 09:32:09,IF2309,IF2309,3976.8,0.0,0.0,0.0,1,3977.4,3978.2,1,3983.8,3980.0,3984.8,3972.8,495.0,590994540.0,55141
2023-05-10 09:32:09,IF2309,IF2309,3977.8,2.0,2386680.0,-2.0,1,3977.4,3978.0,1,3983.8,3980.0,3984.8,3972.8,497.0,593381220.0,55139
2023-05-10 09:32:10,IF2309,IF2309,3978.4,2.0,2386920.0,-2.0,1,3977.8,3978.6,2,3983.8,3980.0,3984.8,3972.8,499.0,595768140.0,55137
2023-05-10 09:32:10,IF2309,IF2309,3978.4,0.0,0.0,0.0,1,3978.0,3979.0,2,3983.8,3980.0,3984.8,3972.8,499.0,595768140.0,55137
2023-05-10 09:32:11,IF2309,IF2309,3978.4,0.0,0.0,0.0,1,3978.0,3978.8,1,3983.8,3980.0,3984.8,3972.8,499.0,595768140.0,55137
2023-05-10 09:32:11,IF2309,IF2309,3978.4,0.0,0.0,0.0,1,3977.8,3978.8,1,3983.8,3980.0,3984.8,3972.8,499.0,595768140.0,55137
2023-05-10 09:32:12,IF2309,IF2309,3978.4,0.0,0.0,0.0,1,3977.2,3977.4,1,3983.8,3980.0,3984.8,3972.8,499.0,595768140.0,55137
2023-05-10 09:32:12,IF2309,IF2309,3978.6,4.0,4773900.0,-3.0,1,3977.6,3978.8,1,3983.8,3980.0,3984.8,3972.8,503.0,600542040.0,55134
2023-05-10 09:32:13,IF2309,IF2309,3978.2,3.0,3580860.0,-2.0,1,3978.0,3979.4,1,3983.8,3980.0,3984.8,3972.8,506.0,604122900.0,55132
2023-05-10 09:32:13,IF2309,IF2309,3979.2,4.0,4774740.0,-4.0,1,3978.0,3979.2,4,3983.8,3980.0,3984.8,3972.8,510.0,608897640.0,55128
2023-05-10 09:32:14,IF2309,IF2309,3979.2,3.0,3581280.0,-2.0,2,3978.4,3978.8,1,3983.8,3980.0,3984.8,3972.8,513.0,612478920.0,55126
2023-05-10 09:32:14,IF2309,IF2309,3978.8,1.0,1193640.0,-1.0,3,3978.8,3979.4,1,3983.8,3980.0,3984.8,3972.8,514.0,613672560.0,55125
2023-05-10 09:32:15,IF2309,IF2309,3978.8,0.0,0.0,0.0,1,3978.8,3979.4,1,3983.8,3980.0,3984.8,3972.8,514.0,613672560.0,55125
2023-05-10 09:32:15,IF2309,IF2309,3978.8,0.0,0.0,0.0,1,3979.0,3979.4,1,3983.8,3980.0,3984.8,3972.8,514.0,613672560.0,55125
2023-05-10 09:32:16,IF2309,IF2309,3979.4,1.0,1193820.0,-1.0,1,3979.4,3979.8,1,3983.8,3980.0,3984.8,3972.8,515.0,614866380.0,55124
2023-05-10 09:32:16,IF2309,IF2309,3979.4,1.0,1193820.0,-1.0,1,3978.8,3979.8,1,3983.8,3980.0,3984.8,3972.8,516.0,616060200.0,55123
2023-05-10 09:32:17,IF2309,IF2309,3979.8,4.0,4775460.0,1.0,1,3978.8,3979.6,1,3983.8,3980.0,3984.8,3972.8,520.0,620835660.0,55124
2023-05-10 09:32:17,IF2309,IF2309,3979.6,1.0,1193880.0,-1.0,3,3979.0,3980.0,2,3983.8,3980.0,3984.8,3972.8,521.0,622029540.0,55123
2023-05-10 09:32:18,IF2309,IF2309,3979.6,0.0,0.0,0.0,4,3979.2,3980.0,3,3983.8,3980.0,3984.8,3972.8,521.0,622029540.0,55123
2023-05-10 09:32:18,IF2309,IF2309,3980.2,4.0,4776060.0,-3.0,3,3980.0,3981.6,2,3983.8,3980.0,3984.8,3972.8,525.0,626805600.0,55120
2023-05-10 09:32:19,IF2309,IF2309,3980.2,0.0,0.0,0.0,2,3980.2,3980.6,1,3983.8,3980.0,3984.8,3972.8,525.0,626805600.0,55120
2023-05-10 09:32:19,IF2309,IF2309,3980.2,0.0,0.0,0.0,4,3980.0,3981.2,1,3983.8,3980.0,3984.8,3972.8,525.0,626805600.0,55120
2023-05-10 09:32:20,IF2309,IF2309,3980.2,0.0,0.0,0.0,3,3980.2,3980.6,1,3983.8,3980.0,3984.8,3972.8,525.0,626805600.0,55120
2023-05-10 09:32:20,IF2309,IF2309,3981.0,7.0,8358720.0,-2.0,3,3980.0,3980.2,1,3983.8,3980.0,3984.8,3972.8,532.0,635164320.0,55118
2023-05-10 09:32:21,IF2309,IF2309,3981.0,5.0,5970360.0,-2.0,1,3979.4,3981.2,1,3983.8,3980.0,3984.8,3972.8,537.0,641134680.0,55116
2023-05-10 09:32:21,IF2309,IF2309,3980.6,2.0,2388360.0,0.0,1,3979.4,3980.6,2,3983.8,3980.0,3984.8,3972.8,539.0,643523040.0,55116
2023-05-10 09:32:22,IF2309,IF2309,3980.6,1.0,1194180.0,-1.0,3,3979.6,3980.6,1,3983.8,3980.0,3984.8,3972.8,540.0,644717220.0,55115
2023-05-10 09:32:22,IF2309,IF2309,3980.6,0.0,0.0,0.0,1,3979.8,3980.6,2,3983.8,3980.0,3984.8,3972.8,540.0,644717220.0,55115
2023-05-10 09:32:23,IF2309,IF2309,3980.6,3.0,3582540.0,0.0,2,3979.6,3980.6,1,3983.8,3980.0,3984.8,3972.8,543.0,648299760.0,55115
2023-05-10 09:32:23,IF2309,IF2309,3979.6,1.0,1193880.0,0.0,1,3979.6,3980.6,1,3983.8,3980.0,3984.8,3972.8,544.0,649493640.0,55115
2023-05-10 09:32:24,IF2309,IF2309,3979.6,0.0,0.0,0.0,1,3979.6,3980.4,1,3983.8,3980.0,3984.8,3972.8,544.0,649493640.0,55115
2023-05-10 09:32:25,IF2309,IF2309,3979.6,0.0,0.0,0.0,3,3979.2,3980.2,1,3983.8,3980.0,3984.8,3972.8,544.0,649493640.0,55115
2023-05-10 09:32:25,IF2309,IF2309,3979.6,0.0,0.0,0.0,1,3978.8,3980.0,3,3983.8,3980.0,3984.8,3972.8,544.0,649493640.0,55115
2023-05-10 09:32:26,IF2309,IF2309,3979.6,0.0,0.0,0.0,2,3977.8,3978.4,2,3983.8,3980.0,3984.8,3972.8,544.0,649493640.0,55115
2023-05-10 09:32:26,IF2309,IF2309,3978.2,3.0,3580500.0,-3.0,3,3978.0,3979.8,4,3983.8,3980.0,3984.8,3972.8,547.0,653074140.0,55112
2023-05-10 09:32:27,IF2309,IF2309,3978.2,0.0,0.0,0.0,2,3978.4,3979.2,3,3983.8,3980.0,3984.8,3972.8,547.0,653074140.0,55112
2023-05-10 09:32:27,IF2309,IF2309,3979.2,4.0,4774680.0,0.0,1,3978.4,3979.2,7,3983.8,3980.0,3984.8,3972.8,551.0,657848820.0,55112
2023-05-10 09:32:28,IF2309,IF2309,3979.2,0.0,0.0,0.0,1,3978.4,3979.2,5,3983.8,3980.0,3984.8,3972.8,551.0,657848820.0,55112
2023-05-10 09:32:28,IF2309,IF2309,3979.2,2.0,2387340.0,-2.0,1,3978.4,3979.6,1,3983.8,3980.0,3984.8,3972.8,553.0,660236160.0,55110
2023-05-10 09:32:29,IF2309,IF2309,3978.4,2.0,2387100.0,-2.0,1,3977.8,3979.0,1,3983.8,3980.0,3984.8,3972.8,555.0,662623260.0,55108
2023-05-10 09:32:29,IF2309,IF2309,3978.4,0.0,0.0,0.0,4,3978.0,3979.0,1,3983.8,3980.0,3984.8,3972.8,555.0,662623260.0,55108
2023-05-10 09:32:30,IF2309,IF2309,3979.0,2.0,2387340.0,-2.0,1,3979.0,3979.6,1,3983.8,3980.0,3984.8,3972.8,557.0,665010600.0,55106
2023-05-10 09:32:30,IF2309,IF2309,3979.0,0.0,0.0,0.0,2,3979.6,3980.0,1,3983.8,3980.0,3984.8,3972.8,557.0,665010600.0,55106
2023-05-10 09:32:31,IF2309,IF2309,3979.6,2.0,2387760.0,-2.0,2,3978.2,3979.8,1,3983.8,3980.0,3984.8,3972.8,559.0,667398360.0,55104
2023-05-10 09:32:31,IF2309,IF2309,3979.6,0.0,0.0,0.0,2,3978.8,3979.8,2,3983.8,3980.0,3984.8,3972.8,559.0,667398360.0,55104
2023-05-10 09:32:32,IF2309,IF2309,3978.8,1.0,1193640.0,0.0,1,3978.6,3979.4,1,3983.8,3980.0,3984.8,3972.8,560.0,668592000.0,55104
2023-05-10 09:32:32,IF2309,IF2309,3978.6,2.0,2387160.0,-1.0,1,3977.4,3978.6,1,3983.8,3980.0,3984.8,3972.8,562.0,670979160.0,55103
2023-05-10 09:32:33,IF2309,IF2309,3978.6,0.0,0.0,0.0,1,3977.8,3979.2,1,3983.8,3980.0,3984.8,3972.8,562.0,670979160.0,55103
2023-05-10 09:32:33,IF2309,IF2309,3977.8,2.0,2386740.0,-1.0,3,3978.0,3978.8,1,3983.8,3980.0,3984.8,3972.8,564.0,673365900.0,55102
2023-05-10 09:32:34,IF2309,IF2309,3977.8,0.0,0.0,0.0,1,3978.2,3978.6,1,3983.8,3980.0,3984.8,3972.8,564.0,673365900.0,55102
2023-05-10 09:32:34,IF2309,IF2309,3978.8,2.0,2387220.0,-2.0,2,3978.6,3979.4,1,3983.8,3980.0,3984.8,3972.8,566.0,675753120.0,55100
2023-05-10 09:32:35,IF2309,IF2309,3978.8,0.0,0.0,0.0,3,3978.8,3979.2,1,3983.8,3980.0,3984.8,3972.8,566.0,675753120.0,55100
2023-05-10 09:32:35,IF2309,IF2309,3978.6,4.0,4774500.0,-3.0,1,3978.6,3979.0,1,3983.8,3980.0,3984.8,3972.8,570.0,680527620.0,55097
2023-05-10 09:32:36,IF2309,IF2309,3978.6,2.0,2387160.0,0.0,1,3977.6,3978.6,1,3983.8,3980.0,3984.8,3972.8,572.0,682914780.0,55097
2023-05-10 09:32:36,IF2309,IF2309,3977.4,2.0,2386500.0,0.0,1,3977.2,3977.6,1,3983.8,3980.0,3984.8,3972.8,574.0,685301280.0,55097
2023-05-10 09:32:37,IF2309,IF2309,3977.6,1.0,1193280.0,-1.0,1,3978.6,3979.0,1,3983.8,3980.0,3984.8,3972.8,575.0,686494560.0,55096
2023-05-10 09:32:37,IF2309,IF2309,3978.6,1.0,1193580.0,0.0,1,3977.6,3979.0,1,3983.8,3980.0,3984.8,3972.8,576.0,687688140.0,55096
2023-05-10 09:32:38,IF2309,IF2309,3978.6,0.0,0.0,0.0,5,3977.8,3979.0,1,3983.8,3980.0,3984.8,3972.8,576.0,687688140.0,55096
2023-05-10 09:32:38,IF2309,IF2309,3979.0,1.0,1193700.0,0.0,3,3979.0,3979.2,1,3983.8,3980.0,3984.8,3972.8,577.0,688881840.0,55096
2023-05-10 09:32:39,IF2309,IF2309,3979.2,4.0,4774860.0,-4.0,1,3978.0,3979.4,1,3983.8,3980.0,3984.8,3972.8,581.0,693656700.0,55092
2023-05-10 09:32:39,IF2309,IF2309,3979.2,0.0,0.0,0.0,2,3978.4,3979.4,1,3983.8,3980.0,3984.8,3972.8,581.0,693656700.0,55092
2023-05-10 09:32:40,IF2309,IF2309,3978.4,1.0,1193520.0,-1.0,1,3978.6,3979.2,1,3983.8,3980.0,3984.8,3972.8,582.0,694850220.0,55091
2023-05-10 09:32:40,IF2309,IF2309,3978.4,0.0,0.0,0.0,1,3978.0,3978.8,1,3983.8,3980.0,3984.8,3972.8,582.0,694850220.0,55091
2023-05-10 09:32:41,IF2309,IF2309,3978.4,0.0,0.0,0.0,2,3978.2,3978.8,1,3983.8,3980.0,3984.8,3972.8,582.0,694850220.0,55091
2023-05-10 09:32:41,IF2309,IF2309,3979.2,2.0,2387400.0,-2.0,1,3978.0,3979.4,1,3983.8,3980.0,3984.8,3972.8,584.0,697237620.0,55089
2023-05-10 09:32:42,IF2309,IF2309,3979.2,0.0,0.0,0.0,3,3978.2,3978.8,1,3983.8,3980.0,3984.8,3972.8,584.0,697237620.0,55089
2023-05-10 09:32:42,IF2309,IF2309,3978.6,1.0,1193580.0,-1.0,2,3978.4,3979.4,1,3983.8,3980.0,3984.8,3972.8,585.0,698431200.0,55088
2023-05-10 09:32:43,IF2309,IF2309,3978.8,2.0,2387280.0,-2.0,2,3978.8,3979.2,2,3983.8,3980.0,3984.8,3972.8,587.0,700818480.0,55086
2023-05-10 09:32:43,IF2309,IF2309,3978.8,7.0,8356140.0,-4.0,2,3978.6,3979.6,2,3983.8,3980.0,3984.8,3972.8,594.0,709174620.0,55082
2023-05-10 09:32:44,IF2309,IF2309,3978.6,2.0,2387160.0,-2.0,2,3978.2,3979.2,1,3983.8,3980.0,3984.8,3972.8,596.0,711561780.0,55080
2023-05-10 09:32:45,IF2309,IF2309,3979.0,3.0,3580920.0,1.0,1,3977.8,3979.0,1,3983.8,3980.0,3984.8,3972.8,599.0,715142700.0,55081
2023-05-10 09:32:45,IF2309,IF2309,3977.8,1.0,1193340.0,0.0,1,3977.6,3978.6,1,3983.8,3980.0,3984.8,3972.8,600.0,716336040.0,55081
2023-05-10 09:32:46,IF2309,IF2309,3977.8,0.0,0.0,0.0,1,3977.6,3977.8,1,3983.8,3980.0,3984.8,3972.8,600.0,716336040.0,55081
2023-05-10 09:32:46,IF2309,IF2309,3977.8,1.0,1193340.0,-1.0,1,3977.8,3978.6,1,3983.8,3980.0,3984.8,3972.8,601.0,717529380.0,55080
2023-05-10 09:32:47,IF2309,IF2309,3978.6,1.0,1193580.0,-1.0,1,3977.8,3979.2,1,3983.8,3980.0,3984.8,3972.8,602.0,718722960.0,55079
2023-05-10 09:32:48,IF2309,IF2309,3978.6,0.0,0.0,0.0,1,3978.6,3979.0,6,3983.8,3980.0,3984.8,3972.8,602.0,718722960.0,55079
2023-05-10 09:32:48,IF2309,IF2309,3978.6,1.0,1193580.0,0.0,3,3978.0,3978.6,1,3983.8,3980.0,3984.8,3972.8,603.0,719916540.0,55079
2023-05-10 09:32:49,IF2309,IF2309,3978.6,0.0,0.0,0.0,2,3978.2,3979.0,1,3983.8,3980.0,3984.8,3972.8,603.0,719916540.0,55079
2023-05-10 09:32:49,IF2309,IF2309,3978.6,0.0,0.0,0.0,1,3978.6,3979.0,1,3983.8,3980.0,3984.8,3972.8,603.0,719916540.0,55079
2023-05-10 09:32:50,IF2309,IF2309,3979.0,1.0,1193700.0,-1.0,1,3978.6,3979.4,1,3983.8,3980.0,3984.8,3972.8,604.0,721110240.0,55078
2023-05-10 09:32:50,IF2309,IF2309,3979.0,0.0,0.0,0.0,1,3978.6,3979.6,2,3983.8,3980.0,3984.8,3972.8,604.0,721110240.0,55078
2023-05-10 09:32:51,IF2309,IF2309,3979.0,0.0,0.0,0.0,1,3978.6,3979.4,6,3983.8,3980.0,3984.8,3972.8,604.0,721110240.0,55078
2023-05-10 09:32:51,IF2309,IF2309,3979.4,1.0,1193820.0,-1.0,1,3978.6,3979.4,5,3983.8,3980.0,3984.8,3972.8,605.0,722304060.0,55077
2023-05-10 09:32:52,IF2309,IF2309,3979.4,3.0,3581460.0,0.0,1,3978.6,3979.4,2,3983.8,3980.0,3984.8,3972.8,608.0,725885520.0,55077
2023-05-10 09:32:52,IF2309,IF2309,3978.6,1.0,1193580.0,-1.0,2,3978.0,3979.4,2,3983.8,3980.0,3984.8,3972.8,609.0,727079100.0,55076
2023-05-10 09:32:53,IF2309,IF2309,3979.4,6.0,7162500.0,-5.0,1,3978.6,3979.6,2,3983.8,3980.0,3984.8,3972.8,615.0,734241600.0,55071
2023-05-10 09:32:53,IF2309,IF2309,3979.6,2.0,2387760.0,-2.0,1,3979.6,3979.8,1,3983.8,3980.0,3984.8,3972.8,617.0,736629360.0,55069
2023-05-10 09:32:54,IF2309,IF2309,3979.6,0.0,0.0,0.0,1,3979.0,3979.6,1,3983.8,3980.0,3984.8,3972.8,617.0,736629360.0,55069
2023-05-10 09:32:54,IF2309,IF2309,3979.6,1.0,1193880.0,0.0,4,3979.2,3980.6,1,3983.8,3980.0,3984.8,3972.8,618.0,737823240.0,55069
2023-05-10 09:32:55,IF2309,IF2309,3980.6,6.0,7164300.0,-5.0,1,3979.2,3980.6,2,3983.8,3980.0,3984.8,3972.8,624.0,744987540.0,55064
2023-05-10 09:32:55,IF2309,IF2309,3979.6,1.0,1193880.0,0.0,3,3978.8,3979.8,1,3983.8,3980.0,3984.8,3972.8,625.0,746181420.0,55064
2023-05-10 09:32:56,IF2309,IF2309,3979.6,0.0,0.0,0.0,2,3979.0,3979.8,1,3983.8,3980.0,3984.8,3972.8,625.0,746181420.0,55064
2023-05-10 09:32:56,IF2309,IF2309,3979.6,0.0,0.0,0.0,2,3979.6,3979.8,1,3983.8,3980.0,3984.8,3972.8,625.0,746181420.0,55064
2023-05-10 09:32:57,IF2309,IF2309,3979.6,2.0,2387760.0,1.0,1,3979.2,3979.6,2,3983.8,3980.0,3984.8,3972.8,627.0,748569180.0,55065
2023-05-10 09:32:57,IF2309,IF2309,3979.2,1.0,1193760.0,0.0,1,3979.0,3979.8,1,3983.8,3980.0,3984.8,3972.8,628.0,749762940.0,55065
2023-05-10 09:32:58,IF2309,IF2309,3979.2,1.0,1193760.0,0.0,2,3979.2,3979.8,1,3983.8,3980.0,3984.8,3972.8,629.0,750956700.0,55065
2023-05-10 09:32:58,IF2309,IF2309,3979.8,1.0,1193940.0,-1.0,3,3979.4,3980.2,1,3983.8,3980.0,3984.8,3972.8,630.0,752150640.0,55064
2023-05-10 09:32:59,IF2309,IF2309,3979.8,0.0,0.0,0.0,3,3979.4,3980.4,2,3983.8,3980.0,3984.8,3972.8,630.0,752150640.0,55064
2023-05-10 09:32:59,IF2309,IF2309,3979.4,4.0,4775340.0,-4.0,2,3979.2,3980.0,1,3983.8,3980.0,3984.8,3972.8,634.0,756925980.0,55060
2023-05-10 09:33:00,IF2309,IF2309,3979.6,1.0,1193880.0,-1.0,3,3979.4,3980.4,1,3983.8,3980.0,3984.8,3972.8,635.0,758119860.0,55059
2023-05-10 09:33:00,IF2309,IF2309,3979.6,0.0,0.0,0.0,3,3980.2,3980.8,1,3983.8,3980.0,3984.8,3972.8,635.0,758119860.0,55059
2023-05-10 09:33:01,IF2309,IF2309,3980.0,1.0,1194000.0,0.0,2,3980.2,3980.8,1,3983.8,3980.0,3984.8,3972.8,636.0,759313860.0,55059
2023-05-10 09:33:02,IF2309,IF2309,3980.6,2.0,2388240.0,0.0,1,3980.2,3980.8,1,3983.8,3980.0,3984.8,3972.8,638.0,761702100.0,55059
2023-05-10 09:33:03,IF2309,IF2309,3980.6,0.0,0.0,0.0,1,3980.4,3980.8,1,3983.8,3980.0,3984.8,3972.8,638.0,761702100.0,55059
2023-05-10 09:33:03,IF2309,IF2309,3980.8,1.0,1194240.0,-1.0,1,3980.2,3981.0,1,3983.8,3980.0,3984.8,3972.8,639.0,762896340.0,55058
2023-05-10 09:33:04,IF2309,IF2309,3980.6,1.0,1194180.0,0.0,2,3980.4,3981.0,1,3983.8,3980.0,3984.8,3972.8,640.0,764090520.0,55058
2023-05-10 09:33:04,IF2309,IF2309,3980.6,1.0,1194180.0,-1.0,1,3980.4,3980.8,1,3983.8,3980.0,3984.8,3972.8,641.0,765284700.0,55057
2023-05-10 09:33:05,IF2309,IF2309,3980.6,1.0,1194180.0,-1.0,1,3980.6,3980.8,1,3983.8,3980.0,3984.8,3972.8,642.0,766478880.0,55056
2023-05-10 09:33:05,IF2309,IF2309,3980.6,2.0,2388360.0,1.0,3,3980.2,3980.6,2,3983.8,3980.0,3984.8,3972.8,644.0,768867240.0,55057
2023-05-10 09:33:06,IF2309,IF2309,3980.2,1.0,1194060.0,0.0,2,3980.2,3980.8,1,3983.8,3980.0,3984.8,3972.8,645.0,770061300.0,55057
2023-05-10 09:33:06,IF2309,IF2309,3979.6,5.0,5970120.0,-3.0,1,3979.0,3979.8,1,3983.8,3980.0,3984.8,3972.8,650.0,776031420.0,55054
2023-05-10 09:33:07,IF2309,IF2309,3979.2,1.0,1193760.0,0.0,1,3978.6,3979.6,1,3983.8,3980.0,3984.8,3972.8,651.0,777225180.0,55054
2023-05-10 09:33:07,IF2309,IF2309,3979.2,0.0,0.0,0.0,2,3978.6,3979.4,5,3983.8,3980.0,3984.8,3972.8,651.0,777225180.0,55054
2023-05-10 09:33:08,IF2309,IF2309,3979.2,0.0,0.0,0.0,2,3978.6,3979.2,1,3983.8,3980.0,3984.8,3972.8,651.0,777225180.0,55054
2023-05-10 09:33:08,IF2309,IF2309,3979.0,4.0,4774560.0,-1.0,1,3978.0,3979.0,2,3983.8,3980.0,3984.8,3972.8,655.0,781999740.0,55053
2023-05-10 09:33:09,IF2309,IF2309,3979.0,0.0,0.0,0.0,3,3978.2,3979.0,2,3983.8,3980.0,3984.8,3972.8,655.0,781999740.0,55053
2023-05-10 09:33:09,IF2309,IF2309,3979.4,3.0,3581220.0,-1.0,4,3978.4,3979.4,1,3983.8,3980.0,3984.8,3972.8,658.0,785580960.0,55052
2023-05-10 09:33:10,IF2309,IF2309,3979.4,0.0,0.0,0.0,3,3978.6,3979.6,1,3983.8,3980.0,3984.8,3972.8,658.0,785580960.0,55052
2023-05-10 09:33:10,IF2309,IF2309,3979.4,0.0,0.0,0.0,3,3978.6,3979.8,1,3983.8,3980.0,3984.8,3972.8,658.0,785580960.0,55052
2023-05-10 09:33:11,IF2309,IF2309,3979.4,0.0,0.0,0.0,1,3979.2,3979.8,1,3983.8,3980.0,3984.8,3972.8,658.0,785580960.0,55052
2023-05-10 09:33:11,IF2309,IF2309,3979.8,1.0,1193940.0,-1.0,1,3979.4,3980.4,1,3983.8,3980.0,3984.8,3972.8,659.0,786774900.0,55051
2023-05-10 09:33:12,IF2309,IF2309,3979.8,0.0,0.0,0.0,1,3979.8,3980.8,1,3983.8,3980.0,3984.8,3972.8,659.0,786774900.0,55051
2023-05-10 09:33:12,IF2309,IF2309,3980.8,1.0,1194240.0,-1.0,1,3980.2,3981.0,1,3983.8,3980.0,3984.8,3972.8,660.0,787969140.0,55050
2023-05-10 09:33:13,IF2309,IF2309,3981.0,3.0,3582660.0,-3.0,4,3980.4,3981.4,1,3983.8,3980.0,3984.8,3972.8,663.0,791551800.0,55047
2023-05-10 09:33:13,IF2309,IF2309,3981.0,0.0,0.0,0.0,2,3980.6,3981.4,2,3983.8,3980.0,3984.8,3972.8,663.0,791551800.0,55047
2023-05-10 09:33:14,IF2309,IF2309,3980.6,1.0,1194180.0,0.0,1,3980.6,3981.4,1,3983.8,3980.0,3984.8,3972.8,664.0,792745980.0,55047
2023-05-10 09:33:14,IF2309,IF2309,3980.6,0.0,0.0,0.0,1,3980.8,3981.4,1,3983.8,3980.0,3984.8,3972.8,664.0,792745980.0,55047
2023-05-10 09:33:15,IF2309,IF2309,3980.6,1.0,1194180.0,-1.0,5,3980.4,3981.4,1,3983.8,3980.0,3984.8,3972.8,665.0,793940160.0,55046
2023-05-10 09:33:15,IF2309,IF2309,3980.6,0.0,0.0,0.0,3,3980.6,3981.6,2,3983.8,3980.0,3984.8,3972.8,665.0,793940160.0,55046
2023-05-10 09:33:16,IF2309,IF2309,3981.6,2.0,2388720.0,-1.0,1,3980.8,3981.6,1,3983.8,3980.0,3984.8,3972.8,667.0,796328880.0,55045
2023-05-10 09:33:16,IF2309,IF2309,3981.6,1.0,1194480.0,-1.0,2,3981.2,3982.0,1,3983.8,3980.0,3984.8,3972.8,668.0,797523360.0,55044
2023-05-10 09:33:17,IF2309,IF2309,3982.0,1.0,1194600.0,0.0,1,3981.6,3982.4,1,3983.8,3980.0,3984.8,3972.8,669.0,798717960.0,55044
2023-05-10 09:33:17,IF2309,IF2309,3981.8,1.0,1194540.0,0.0,3,3981.8,3982.4,1,3983.8,3980.0,3984.8,3972.8,670.0,799912500.0,55044
2023-05-10 09:33:18,IF2309,IF2309,3982.4,1.0,1194720.0,-1.0,1,3982.0,3982.8,1,3983.8,3980.0,3984.8,3972.8,671.0,801107220.0,55043
2023-05-10 09:33:18,IF2309,IF2309,3982.0,1.0,1194600.0,-1.0,1,3981.6,3982.6,2,3983.8,3980.0,3984.8,3972.8,672.0,802301820.0,55042
2023-05-10 09:33:19,IF2309,IF2309,3982.6,1.0,1194780.0,-1.0,1,3982.2,3983.0,1,3983.8,3980.0,3984.8,3972.8,673.0,803496600.0,55041
2023-05-10 09:33:20,IF2309,IF2309,3983.0,1.0,1194900.0,-1.0,2,3982.4,3983.8,1,3983.8,3980.0,3984.8,3972.8,674.0,804691500.0,55040
2023-05-10 09:33:20,IF2309,IF2309,3983.0,0.0,0.0,0.0,2,3982.8,3983.8,1,3983.8,3980.0,3984.8,3972.8,674.0,804691500.0,55040
2023-05-10 09:33:21,IF2309,IF2309,3983.0,0.0,0.0,0.0,1,3982.6,3983.4,1,3983.8,3980.0,3984.8,3972.8,674.0,804691500.0,55040
2023-05-10 09:33:21,IF2309,IF2309,3983.0,0.0,0.0,0.0,1,3982.2,3983.4,1,3983.8,3980.0,3984.8,3972.8,674.0,804691500.0,55040
2023-05-10 09:33:22,IF2309,IF2309,3983.0,0.0,0.0,0.0,2,3982.4,3983.6,1,3983.8,3980.0,3984.8,3972.8,674.0,804691500.0,55040
2023-05-10 09:33:23,IF2309,IF2309,3983.0,0.0,0.0,0.0,3,3982.6,3983.4,1,3983.8,3980.0,3984.8,3972.8,674.0,804691500.0,55040
2023-05-10 09:33:23,IF2309,IF2309,3983.0,0.0,0.0,0.0,3,3982.6,3983.8,1,3983.8,3980.0,3984.8,3972.8,674.0,804691500.0,55040
2023-05-10 09:33:24,IF2309,IF2309,3982.6,1.0,1194780.0,-1.0,2,3982.6,3983.8,1,3983.8,3980.0,3984.8,3972.8,675.0,805886280.0,55039
2023-05-10 09:33:25,IF2309,IF2309,3982.6,0.0,0.0,0.0,2,3982.8,3983.8,1,3983.8,3980.0,3984.8,3972.8,675.0,805886280.0,55039
2023-05-10 09:33:26,IF2309,IF2309,3983.8,2.0,2390220.0,-2.0,2,3982.6,3984.4,2,3983.8,3980.0,3984.8,3972.8,677.0,808276500.0,55037
2023-05-10 09:33:26,IF2309,IF2309,3983.8,1.0,1195140.0,0.0,1,3983.8,3984.0,3,3983.8,3980.0,3984.8,3972.8,678.0,809471640.0,55037
2023-05-10 09:33:27,IF2309,IF2309,3983.8,2.0,2390280.0,0.0,2,3982.6,3984.0,3,3983.8,3980.0,3984.8,3972.8,680.0,811861920.0,55037
2023-05-10 09:33:27,IF2309,IF2309,3983.8,0.0,0.0,0.0,1,3983.2,3984.0,2,3983.8,3980.0,3984.8,3972.8,680.0,811861920.0,55037
2023-05-10 09:33:28,IF2309,IF2309,3983.8,0.0,0.0,0.0,1,3983.2,3984.2,2,3983.8,3980.0,3984.8,3972.8,680.0,811861920.0,55037
2023-05-10 09:33:28,IF2309,IF2309,3983.8,0.0,0.0,0.0,1,3983.2,3983.8,4,3983.8,3980.0,3984.8,3972.8,680.0,811861920.0,55037
2023-05-10 09:33:29,IF2309,IF2309,3983.8,4.0,4780560.0,-4.0,3,3984.0,3984.4,2,3983.8,3980.0,3984.8,3972.8,684.0,816642480.0,55033
2023-05-10 09:33:29,IF2309,IF2309,3984.4,2.0,2390640.0,-2.0,1,3984.2,3985.2,1,3983.8,3980.0,3984.8,3972.8,686.0,819033120.0,55031
2023-05-10 09:33:30,IF2309,IF2309,3984.8,1.0,1195440.0,0.0,3,3984.0,3985.0,5,3983.8,3980.0,3984.8,3972.8,687.0,820228560.0,55031
2023-05-10 09:33:30,IF2309,IF2309,3984.8,0.0,0.0,0.0,3,3984.0,3984.8,4,3983.8,3980.0,3984.8,3972.8,687.0,820228560.0,55031
2023-05-10 09:33:31,IF2309,IF2309,3984.0,3.0,3585600.0,-3.0,1,3983.4,3984.6,5,3983.8,3980.0,3984.8,3972.8,690.0,823814160.0,55028
2023-05-10 09:33:31,IF2309,IF2309,3984.0,2.0,2390400.0,-1.0,1,3983.2,3984.0,1,3983.8,3980.0,3984.8,3972.8,692.0,826204560.0,55027
2023-05-10 09:33:33,IF2309,IF2309,3984.0,0.0,0.0,0.0,1,3983.2,3983.6,1,3983.8,3980.0,3984.8,3972.8,692.0,826204560.0,55027
2023-05-10 09:33:34,IF2309,IF2309,3983.2,1.0,1194960.0,0.0,2,3982.6,3983.8,2,3983.8,3980.0,3984.8,3972.8,693.0,827399520.0,55027
2023-05-10 09:33:34,IF2309,IF2309,3983.2,0.0,0.0,0.0,2,3982.6,3983.6,1,3983.8,3980.0,3984.8,3972.8,693.0,827399520.0,55027
2023-05-10 09:33:35,IF2309,IF2309,3983.2,0.0,0.0,0.0,2,3982.6,3983.4,2,3983.8,3980.0,3984.8,3972.8,693.0,827399520.0,55027
2023-05-10 09:33:35,IF2309,IF2309,3983.2,0.0,0.0,0.0,1,3983.0,3983.4,2,3983.8,3980.0,3984.8,3972.8,693.0,827399520.0,55027
2023-05-10 09:33:36,IF2309,IF2309,3983.4,2.0,2389920.0,1.0,1,3982.2,3983.4,1,3983.8,3980.0,3984.8,3972.8,695.0,829789440.0,55028
2023-05-10 09:33:36,IF2309,IF2309,3983.4,0.0,0.0,0.0,1,3982.4,3983.4,2,3983.8,3980.0,3984.8,3972.8,695.0,829789440.0,55028
2023-05-10 09:33:37,IF2309,IF2309,3983.4,0.0,0.0,0.0,2,3982.4,3983.4,1,3983.8,3980.0,3984.8,3972.8,695.0,829789440.0,55028
2023-05-10 09:33:38,IF2309,IF2309,3982.4,2.0,2389440.0,-1.0,1,3982.2,3983.4,1,3983.8,3980.0,3984.8,3972.8,697.0,832178880.0,55027
2023-05-10 09:33:39,IF2309,IF2309,3982.4,0.0,0.0,0.0,1,3981.8,3983.2,3,3983.8,3980.0,3984.8,3972.8,697.0,832178880.0,55027
2023-05-10 09:33:39,IF2309,IF2309,3982.4,0.0,0.0,0.0,1,3982.0,3983.0,3,3983.8,3980.0,3984.8,3972.8,697.0,832178880.0,55027
2023-05-10 09:33:40,IF2309,IF2309,3982.4,0.0,0.0,0.0,1,3982.0,3982.6,1,3983.8,3980.0,3984.8,3972.8,697.0,832178880.0,55027
2023-05-10 09:33:40,IF2309,IF2309,3982.0,1.0,1194600.0,-1.0,1,3981.6,3982.6,1,3983.8,3980.0,3984.8,3972.8,698.0,833373480.0,55026
2023-05-10 09:33:41,IF2309,IF2309,3981.6,1.0,1194480.0,-1.0,1,3981.0,3982.2,1,3983.8,3980.0,3984.8,3972.8,699.0,834567960.0,55025
2023-05-10 09:33:41,IF2309,IF2309,3981.6,0.0,0.0,0.0,1,3981.0,3981.8,1,3983.8,3980.0,3984.8,3972.8,699.0,834567960.0,55025
2023-05-10 09:33:42,IF2309,IF2309,3981.6,2.0,2388960.0,0.0,1,3981.0,3981.6,3,3983.8,3980.0,3984.8,3972.8,701.0,836956920.0,55025
2023-05-10 09:33:42,IF2309,IF2309,3981.6,0.0,0.0,0.0,1,3981.0,3981.4,1,3983.8,3980.0,3984.8,3972.8,701.0,836956920.0,55025
2023-05-10 09:33:43,IF2309,IF2309,3981.4,1.0,1194420.0,-1.0,1,3981.0,3982.0,1,3983.8,3980.0,3984.8,3972.8,702.0,838151340.0,55024
2023-05-10 09:33:43,IF2309,IF2309,3981.0,1.0,1194300.0,0.0,1,3980.8,3981.8,1,3983.8,3980.0,3984.8,3972.8,703.0,839345640.0,55024
2023-05-10 09:33:44,IF2309,IF2309,3981.8,1.0,1194540.0,-1.0,2,3981.8,3982.2,1,3983.8,3980.0,3984.8,3972.8,704.0,840540180.0,55023
2023-05-10 09:33:44,IF2309,IF2309,3981.8,2.0,2389080.0,-2.0,1,3981.4,3982.8,1,3983.8,3980.0,3984.8,3972.8,706.0,842929260.0,55021
2023-05-10 09:33:45,IF2309,IF2309,3981.8,0.0,0.0,0.0,1,3981.4,3982.4,1,3983.8,3980.0,3984.8,3972.8,706.0,842929260.0,55021
2023-05-10 09:33:45,IF2309,IF2309,3981.8,0.0,0.0,0.0,1,3981.4,3982.2,2,3983.8,3980.0,3984.8,3972.8,706.0,842929260.0,55021
2023-05-10 09:33:46,IF2309,IF2309,3981.8,0.0,0.0,0.0,1,3981.4,3982.0,1,3983.8,3980.0,3984.8,3972.8,706.0,842929260.0,55021
2023-05-10 09:33:46,IF2309,IF2309,3981.8,0.0,0.0,0.0,1,3981.4,3982.2,1,3983.8,3980.0,3984.8,3972.8,706.0,842929260.0,55021
2023-05-10 09:33:47,IF2309,IF2309,3981.4,1.0,1194420.0,0.0,1,3981.0,3981.8,1,3983.8,3980.0,3984.8,3972.8,707.0,844123680.0,55021
2023-05-10 09:33:47,IF2309,IF2309,3981.4,0.0,0.0,0.0,4,3981.2,3982.6,2,3983.8,3980.0,3984.8,3972.8,707.0,844123680.0,55021
2023-05-10 09:33:48,IF2309,IF2309,3981.4,0.0,0.0,0.0,4,3981.2,3982.4,1,3983.8,3980.0,3984.8,3972.8,707.0,844123680.0,55021
2023-05-10 09:33:49,IF2309,IF2309,3981.4,0.0,0.0,0.0,1,3981.4,3982.4,1,3983.8,3980.0,3984.8,3972.8,707.0,844123680.0,55021
2023-05-10 09:33:49,IF2309,IF2309,3981.4,0.0,0.0,0.0,1,3981.6,3982.6,2,3983.8,3980.0,3984.8,3972.8,707.0,844123680.0,55021
2023-05-10 09:33:50,IF2309,IF2309,3981.4,0.0,0.0,0.0,3,3981.2,3982.4,1,3983.8,3980.0,3984.8,3972.8,707.0,844123680.0,55021
2023-05-10 09:33:51,IF2309,IF2309,3981.4,0.0,0.0,0.0,3,3981.2,3982.4,2,3983.8,3980.0,3984.8,3972.8,707.0,844123680.0,55021
2023-05-10 09:33:51,IF2309,IF2309,3981.4,0.0,0.0,0.0,1,3981.4,3982.4,1,3983.8,3980.0,3984.8,3972.8,707.0,844123680.0,55021
2023-05-10 09:33:52,IF2309,IF2309,3981.4,0.0,0.0,0.0,1,3981.8,3982.4,1,3983.8,3980.0,3984.8,3972.8,707.0,844123680.0,55021
2023-05-10 09:33:52,IF2309,IF2309,3981.8,1.0,1194540.0,1.0,3,3981.2,3981.8,1,3983.8,3980.0,3984.8,3972.8,708.0,845318220.0,55022
2023-05-10 09:33:53,IF2309,IF2309,3981.6,1.0,1194480.0,0.0,1,3980.8,3982.2,1,3983.8,3980.0,3984.8,3972.8,709.0,846512700.0,55022
2023-05-10 09:33:53,IF2309,IF2309,3981.6,0.0,0.0,0.0,7,3981.0,3982.0,1,3983.8,3980.0,3984.8,3972.8,709.0,846512700.0,55022
2023-05-10 09:33:54,IF2309,IF2309,3982.0,1.0,1194600.0,-1.0,1,3982.0,3982.4,2,3983.8,3980.0,3984.8,3972.8,710.0,847707300.0,55021
2023-05-10 09:33:54,IF2309,IF2309,3982.4,2.0,2389440.0,-2.0,1,3981.8,3983.4,1,3983.8,3980.0,3984.8,3972.8,712.0,850096740.0,55019
2023-05-10 09:33:55,IF2309,IF2309,3982.4,0.0,0.0,0.0,1,3982.0,3982.8,1,3983.8,3980.0,3984.8,3972.8,712.0,850096740.0,55019
2023-05-10 09:33:55,IF2309,IF2309,3981.8,1.0,1194540.0,0.0,2,3981.2,3981.6,1,3983.8,3980.0,3984.8,3972.8,713.0,851291280.0,55019
2023-05-10 09:33:56,IF2309,IF2309,3981.6,1.0,1194480.0,0.0,1,3981.2,3982.4,1,3983.8,3980.0,3984.8,3972.8,714.0,852485760.0,55019
2023-05-10 09:33:56,IF2309,IF2309,3982.2,1.0,1194660.0,-1.0,1,3981.4,3982.0,1,3983.8,3980.0,3984.8,3972.8,715.0,853680420.0,55018
2023-05-10 09:33:57,IF2309,IF2309,3982.2,0.0,0.0,0.0,2,3981.0,3982.0,1,3983.8,3980.0,3984.8,3972.8,715.0,853680420.0,55018
2023-05-10 09:33:57,IF2309,IF2309,3982.2,0.0,0.0,0.0,2,3981.2,3982.4,1,3983.8,3980.0,3984.8,3972.8,715.0,853680420.0,55018
2023-05-10 09:33:58,IF2309,IF2309,3982.6,1.0,1194780.0,1.0,1,3981.4,3982.6,1,3983.8,3980.0,3984.8,3972.8,716.0,854875200.0,55019
2023-05-10 09:33:58,IF2309,IF2309,3982.0,1.0,1194600.0,-1.0,2,3981.6,3982.6,1,3983.8,3980.0,3984.8,3972.8,717.0,856069800.0,55018
2023-05-10 09:33:59,IF2309,IF2309,3982.0,0.0,0.0,0.0,1,3981.4,3982.4,2,3983.8,3980.0,3984.8,3972.8,717.0,856069800.0,55018
2023-05-10 09:33:59,IF2309,IF2309,3982.0,0.0,0.0,0.0,2,3981.2,3982.4,2,3983.8,3980.0,3984.8,3972.8,717.0,856069800.0,55018
2023-05-10 09:34:00,IF2309,IF2309,3981.2,1.0,1194360.0,-1.0,1,3981.0,3982.2,5,3983.8,3980.0,3984.8,3972.8,718.0,857264160.0,55017
2023-05-10 09:34:01,IF2309,IF2309,3981.2,1.0,1194360.0,0.0,1,3981.0,3982.0,1,3983.8,3980.0,3984.8,3972.8,719.0,858458520.0,55017
2023-05-10 09:34:01,IF2309,IF2309,3981.4,1.0,1194420.0,0.0,1,3981.0,3981.8,1,3983.8,3980.0,3984.8,3972.8,720.0,859652940.0,55017
2023-05-10 09:34:02,IF2309,IF2309,3981.4,0.0,0.0,0.0,1,3981.0,3981.6,1,3983.8,3980.0,3984.8,3972.8,720.0,859652940.0,55017
2023-05-10 09:34:02,IF2309,IF2309,3981.0,1.0,1194300.0,0.0,1,3979.6,3981.8,2,3983.8,3980.0,3984.8,3972.8,721.0,860847240.0,55017
2023-05-10 09:34:03,IF2309,IF2309,3981.0,0.0,0.0,0.0,1,3980.4,3981.4,1,3983.8,3980.0,3984.8,3972.8,721.0,860847240.0,55017
2023-05-10 09:34:03,IF2309,IF2309,3981.6,1.0,1194480.0,-1.0,1,3980.2,3981.6,1,3983.8,3980.0,3984.8,3972.8,722.0,862041720.0,55016
2023-05-10 09:34:04,IF2309,IF2309,3981.6,0.0,0.0,0.0,1,3980.2,3981.2,2,3983.8,3980.0,3984.8,3972.8,722.0,862041720.0,55016
2023-05-10 09:34:04,IF2309,IF2309,3980.2,1.0,1194060.0,0.0,1,3977.8,3980.6,1,3983.8,3980.0,3984.8,3972.8,723.0,863235780.0,55016
2023-05-10 09:34:05,IF2309,IF2309,3980.2,0.0,0.0,0.0,1,3979.0,3980.2,1,3983.8,3980.0,3984.8,3972.8,723.0,863235780.0,55016
2023-05-10 09:34:05,IF2309,IF2309,3980.2,0.0,0.0,0.0,4,3979.2,3980.6,1,3983.8,3980.0,3984.8,3972.8,723.0,863235780.0,55016
2023-05-10 09:34:06,IF2309,IF2309,3980.2,0.0,0.0,0.0,3,3979.2,3980.6,1,3983.8,3980.0,3984.8,3972.8,723.0,863235780.0,55016
2023-05-10 09:34:07,IF2309,IF2309,3980.2,0.0,0.0,0.0,1,3979.6,3980.6,1,3983.8,3980.0,3984.8,3972.8,723.0,863235780.0,55016
2023-05-10 09:34:07,IF2309,IF2309,3980.8,2.0,2388420.0,-2.0,1,3980.0,3981.2,1,3983.8,3980.0,3984.8,3972.8,725.0,865624200.0,55014
2023-05-10 09:34:08,IF2309,IF2309,3980.8,0.0,0.0,0.0,1,3980.2,3981.2,1,3983.8,3980.0,3984.8,3972.8,725.0,865624200.0,55014
2023-05-10 09:34:08,IF2309,IF2309,3981.2,1.0,1194360.0,-1.0,1,3980.2,3981.4,1,3983.8,3980.0,3984.8,3972.8,726.0,866818560.0,55013
2023-05-10 09:34:09,IF2309,IF2309,3981.2,0.0,0.0,0.0,1,3980.2,3981.2,1,3983.8,3980.0,3984.8,3972.8,726.0,866818560.0,55013
2023-05-10 09:34:10,IF2309,IF2309,3981.2,0.0,0.0,0.0,1,3980.2,3981.2,3,3983.8,3980.0,3984.8,3972.8,726.0,866818560.0,55013
2023-05-10 09:34:11,IF2309,IF2309,3981.2,0.0,0.0,0.0,3,3979.8,3981.0,1,3983.8,3980.0,3984.8,3972.8,726.0,866818560.0,55013
2023-05-10 09:34:11,IF2309,IF2309,3981.2,1.0,1194360.0,-1.0,1,3980.6,3981.0,1,3983.8,3980.0,3984.8,3972.8,727.0,868012920.0,55012
2023-05-10 09:34:12,IF2309,IF2309,3980.0,2.0,2388180.0,1.0,2,3979.8,3980.6,1,3983.8,3980.0,3984.8,3972.8,729.0,870401100.0,55013
2023-05-10 09:34:12,IF2309,IF2309,3980.0,0.0,0.0,0.0,2,3979.8,3980.8,1,3983.8,3980.0,3984.8,3972.8,729.0,870401100.0,55013
2023-05-10 09:34:13,IF2309,IF2309,3980.0,0.0,0.0,0.0,1,3979.8,3980.6,1,3983.8,3980.0,3984.8,3972.8,729.0,870401100.0,55013
2023-05-10 09:34:13,IF2309,IF2309,3980.0,0.0,0.0,0.0,1,3979.8,3980.8,1,3983.8,3980.0,3984.8,3972.8,729.0,870401100.0,55013
2023-05-10 09:34:14,IF2309,IF2309,3979.8,1.0,1193940.0,0.0,1,3979.6,3980.6,1,3983.8,3980.0,3984.8,3972.8,730.0,871595040.0,55013
2023-05-10 09:34:14,IF2309,IF2309,3979.8,0.0,0.0,0.0,1,3979.8,3980.8,1,3983.8,3980.0,3984.8,3972.8,730.0,871595040.0,55013
2023-05-10 09:34:15,IF2309,IF2309,3979.8,0.0,0.0,0.0,1,3979.6,3980.6,2,3983.8,3980.0,3984.8,3972.8,730.0,871595040.0,55013
2023-05-10 09:34:15,IF2309,IF2309,3980.6,2.0,2388180.0,1.0,2,3979.2,3980.6,1,3983.8,3980.0,3984.8,3972.8,732.0,873983220.0,55014
2023-05-10 09:34:16,IF2309,IF2309,3979.4,1.0,1193820.0,0.0,2,3979.4,3980.4,3,3983.8,3980.0,3984.8,3972.8,733.0,875177040.0,55014
2023-05-10 09:34:16,IF2309,IF2309,3979.4,0.0,0.0,0.0,2,3979.4,3980.4,2,3983.8,3980.0,3984.8,3972.8,733.0,875177040.0,55014
2023-05-10 09:34:17,IF2309,IF2309,3980.4,2.0,2388180.0,0.0,1,3979.6,3980.4,1,3983.8,3980.0,3984.8,3972.8,735.0,877565220.0,55014
2023-05-10 09:34:18,IF2309,IF2309,3979.6,1.0,1193880.0,1.0,2,3979.4,3980.6,1,3983.8,3980.0,3984.8,3972.8,736.0,878759100.0,55015
2023-05-10 09:34:18,IF2309,IF2309,3979.6,1.0,1193880.0,0.0,2,3979.4,3980.4,1,3983.8,3980.0,3984.8,3972.8,737.0,879952980.0,55015
2023-05-10 09:34:19,IF2309,IF2309,3980.4,3.0,3582240.0,-1.0,2,3979.2,3980.2,1,3983.8,3980.0,3984.8,3972.8,740.0,883535220.0,55014
2023-05-10 09:34:19,IF2309,IF2309,3980.4,0.0,0.0,0.0,1,3979.0,3979.2,1,3983.8,3980.0,3984.8,3972.8,740.0,883535220.0,55014
2023-05-10 09:34:20,IF2309,IF2309,3979.2,1.0,1193760.0,0.0,2,3979.2,3980.0,1,3983.8,3980.0,3984.8,3972.8,741.0,884728980.0,55014
2023-05-10 09:34:20,IF2309,IF2309,3980.0,2.0,2387760.0,2.0,1,3979.0,3980.2,1,3983.8,3980.0,3984.8,3972.8,743.0,887116740.0,55016
2023-05-10 09:34:21,IF2309,IF2309,3980.0,2.0,2388000.0,-2.0,2,3979.2,3980.0,1,3983.8,3980.0,3984.8,3972.8,745.0,889504740.0,55014
2023-05-10 09:34:22,IF2309,IF2309,3980.0,0.0,0.0,0.0,1,3979.0,3979.2,1,3983.8,3980.0,3984.8,3972.8,745.0,889504740.0,55014
2023-05-10 09:34:22,IF2309,IF2309,3980.8,3.0,3582180.0,0.0,2,3979.0,3980.8,2,3983.8,3980.0,3984.8,3972.8,748.0,893086920.0,55014
2023-05-10 09:34:23,IF2309,IF2309,3980.8,0.0,0.0,0.0,3,3979.2,3980.0,1,3983.8,3980.0,3984.8,3972.8,748.0,893086920.0,55014
2023-05-10 09:34:23,IF2309,IF2309,3980.8,0.0,0.0,0.0,2,3979.4,3979.8,1,3983.8,3980.0,3984.8,3972.8,748.0,893086920.0,55014
2023-05-10 09:34:24,IF2309,IF2309,3980.6,3.0,3581940.0,0.0,1,3979.4,3980.8,1,3983.8,3980.0,3984.8,3972.8,751.0,896668860.0,55014
2023-05-10 09:34:24,IF2309,IF2309,3980.6,0.0,0.0,0.0,1,3979.4,3980.4,3,3983.8,3980.0,3984.8,3972.8,751.0,896668860.0,55014
2023-05-10 09:34:25,IF2309,IF2309,3980.6,2.0,2388360.0,1.0,2,3979.0,3980.0,2,3983.8,3980.0,3984.8,3972.8,753.0,899057220.0,55015
2023-05-10 09:34:25,IF2309,IF2309,3980.6,1.0,1194180.0,-1.0,2,3979.0,3980.0,1,3983.8,3980.0,3984.8,3972.8,754.0,900251400.0,55014
2023-05-10 09:34:26,IF2309,IF2309,3980.6,0.0,0.0,0.0,2,3979.0,3979.8,1,3983.8,3980.0,3984.8,3972.8,754.0,900251400.0,55014
2023-05-10 09:34:26,IF2309,IF2309,3980.0,2.0,2388000.0,1.0,8,3980.0,3980.4,3,3983.8,3980.0,3984.8,3972.8,756.0,902639400.0,55015
2023-05-10 09:34:27,IF2309,IF2309,3979.8,9.0,10745940.0,1.0,1,3979.2,3979.6,3,3983.8,3980.0,3984.8,3972.8,765.0,913385340.0,55016
2023-05-10 09:34:27,IF2309,IF2309,3979.6,3.0,3581640.0,-3.0,2,3979.0,3979.2,2,3983.8,3980.0,3984.8,3972.8,768.0,916966980.0,55013
2023-05-10 09:34:28,IF2309,IF2309,3980.4,6.0,7163580.0,2.0,6,3980.4,3980.6,1,3983.8,3980.0,3984.8,3972.8,774.0,924130560.0,55015
2023-05-10 09:34:28,IF2309,IF2309,3980.0,10.0,11940120.0,1.0,1,3978.8,3980.0,1,3983.8,3980.0,3984.8,3972.8,784.0,936070680.0,55016
2023-05-10 09:34:29,IF2309,IF2309,3978.8,1.0,1193640.0,0.0,1,3978.4,3979.8,2,3983.8,3980.0,3984.8,3972.8,785.0,937264320.0,55016
2023-05-10 09:34:29,IF2309,IF2309,3978.8,0.0,0.0,0.0,2,3979.0,3979.6,1,3983.8,3980.0,3984.8,3972.8,785.0,937264320.0,55016
2023-05-10 09:34:30,IF2309,IF2309,3979.6,1.0,1193880.0,0.0,2,3979.0,3980.0,2,3983.8,3980.0,3984.8,3972.8,786.0,938458200.0,55016
2023-05-10 09:34:30,IF2309,IF2309,3980.0,2.0,2387940.0,2.0,6,3978.6,3980.0,1,3983.8,3980.0,3984.8,3972.8,788.0,940846140.0,55018
2023-05-10 09:34:31,IF2309,IF2309,3980.0,0.0,0.0,0.0,3,3978.8,3979.0,1,3983.8,3980.0,3984.8,3972.8,788.0,940846140.0,55018
2023-05-10 09:34:31,IF2309,IF2309,3980.4,4.0,4775760.0,1.0,3,3978.6,3979.8,1,3983.8,3980.0,3984.8,3972.8,792.0,945621900.0,55019
2023-05-10 09:34:32,IF2309,IF2309,3980.4,0.0,0.0,0.0,3,3978.6,3979.6,2,3983.8,3980.0,3984.8,3972.8,792.0,945621900.0,55019
2023-05-10 09:34:32,IF2309,IF2309,3978.4,1.0,1193520.0,1.0,1,3978.0,3978.6,1,3983.8,3980.0,3984.8,3972.8,793.0,946815420.0,55020
2023-05-10 09:34:33,IF2309,IF2309,3978.4,0.0,0.0,0.0,1,3977.6,3978.6,1,3983.8,3980.0,3984.8,3972.8,793.0,946815420.0,55020
2023-05-10 09:34:33,IF2309,IF2309,3979.4,3.0,3581220.0,1.0,1,3978.8,3979.4,1,3983.8,3980.0,3984.8,3972.8,796.0,950396640.0,55021
2023-05-10 09:34:34,IF2309,IF2309,3978.8,1.0,1193640.0,-1.0,2,3978.0,3979.0,1,3983.8,3980.0,3984.8,3972.8,797.0,951590280.0,55020
2023-05-10 09:34:34,IF2309,IF2309,3979.0,2.0,2387340.0,1.0,1,3978.2,3979.2,1,3983.8,3980.0,3984.8,3972.8,799.0,953977620.0,55021
2023-05-10 09:34:35,IF2309,IF2309,3978.2,1.0,1193460.0,0.0,3,3978.0,3979.0,1,3983.8,3980.0,3984.8,3972.8,800.0,955171080.0,55021
2023-05-10 09:34:35,IF2309,IF2309,3979.2,3.0,3580920.0,1.0,1,3978.2,3979.4,3,3983.8,3980.0,3984.8,3972.8,803.0,958752000.0,55022
2023-05-10 09:34:36,IF2309,IF2309,3979.2,0.0,0.0,0.0,5,3978.2,3979.2,1,3983.8,3980.0,3984.8,3972.8,803.0,958752000.0,55022
2023-05-10 09:34:36,IF2309,IF2309,3978.6,3.0,3581160.0,1.0,1,3978.4,3979.4,2,3983.8,3980.0,3984.8,3972.8,806.0,962333160.0,55023
2023-05-10 09:34:37,IF2309,IF2309,3979.4,2.0,2387520.0,-1.0,1,3978.8,3979.4,1,3983.8,3980.0,3984.8,3972.8,808.0,964720680.0,55022
2023-05-10 09:34:37,IF2309,IF2309,3979.4,2.0,2387640.0,-1.0,1,3979.0,3979.6,1,3983.8,3980.0,3984.8,3972.8,810.0,967108320.0,55021
2023-05-10 09:34:38,IF2309,IF2309,3979.0,1.0,1193700.0,1.0,1,3978.8,3980.4,1,3983.8,3980.0,3984.8,3972.8,811.0,968302020.0,55022
2023-05-10 09:34:38,IF2309,IF2309,3979.0,0.0,0.0,0.0,3,3979.0,3979.4,1,3983.8,3980.0,3984.8,3972.8,811.0,968302020.0,55022
2023-05-10 09:34:39,IF2309,IF2309,3980.0,3.0,3581520.0,2.0,1,3978.4,3978.8,1,3983.8,3980.0,3984.8,3972.8,814.0,971883540.0,55024
2023-05-10 09:34:39,IF2309,IF2309,3978.8,2.0,2387280.0,2.0,4,3978.6,3980.0,2,3983.8,3980.0,3984.8,3972.8,816.0,974270820.0,55026
2023-05-10 09:34:40,IF2309,IF2309,3978.8,0.0,0.0,0.0,3,3978.6,3979.8,5,3983.8,3980.0,3984.8,3972.8,816.0,974270820.0,55026
2023-05-10 09:34:40,IF2309,IF2309,3979.4,4.0,4774800.0,0.0,1,3978.6,3979.6,5,3983.8,3980.0,3984.8,3972.8,820.0,979045620.0,55026
2023-05-10 09:34:41,IF2309,IF2309,3979.4,0.0,0.0,0.0,1,3978.6,3979.4,1,3983.8,3980.0,3984.8,3972.8,820.0,979045620.0,55026
2023-05-10 09:34:41,IF2309,IF2309,3979.4,2.0,2387400.0,-1.0,1,3978.8,3979.8,2,3983.8,3980.0,3984.8,3972.8,822.0,981433020.0,55025
2023-05-10 09:34:42,IF2309,IF2309,3980.2,3.0,3581820.0,1.0,1,3979.0,3980.2,1,3983.8,3980.0,3984.8,3972.8,825.0,985014840.0,55026
2023-05-10 09:34:42,IF2309,IF2309,3979.2,1.0,1193760.0,0.0,1,3979.2,3980.0,2,3983.8,3980.0,3984.8,3972.8,826.0,986208600.0,55026
2023-05-10 09:34:43,IF2309,IF2309,3979.2,3.0,3581160.0,1.0,1,3978.6,3979.8,1,3983.8,3980.0,3984.8,3972.8,829.0,989789760.0,55027
2023-05-10 09:34:43,IF2309,IF2309,3979.2,0.0,0.0,0.0,1,3978.6,3979.6,2,3983.8,3980.0,3984.8,3972.8,829.0,989789760.0,55027
2023-05-10 09:34:44,IF2309,IF2309,3979.2,0.0,0.0,0.0,2,3978.2,3978.6,1,3983.8,3980.0,3984.8,3972.8,829.0,989789760.0,55027
2023-05-10 09:34:44,IF2309,IF2309,3979.4,3.0,3580860.0,0.0,1,3978.0,3978.2,1,3983.8,3980.0,3984.8,3972.8,832.0,993370620.0,55027
2023-05-10 09:34:45,IF2309,IF2309,3979.4,6.0,7161480.0,-1.0,1,3977.8,3979.6,3,3983.8,3980.0,3984.8,3972.8,838.0,1000532100.0,55026
2023-05-10 09:34:45,IF2309,IF2309,3978.2,1.0,1193460.0,0.0,2,3977.6,3978.6,2,3983.8,3980.0,3984.8,3972.8,839.0,1001725560.0,55026
2023-05-10 09:34:46,IF2309,IF2309,3978.4,3.0,3580260.0,0.0,1,3977.6,3978.4,1,3983.8,3980.0,3984.8,3972.8,842.0,1005305820.0,55026
2023-05-10 09:34:46,IF2309,IF2309,3978.4,1.0,1193520.0,-1.0,1,3977.6,3978.4,1,3983.8,3980.0,3984.8,3972.8,843.0,1006499340.0,55025
2023-05-10 09:34:47,IF2309,IF2309,3978.6,2.0,2387100.0,1.0,1,3977.6,3978.6,1,3983.8,3980.0,3984.8,3972.8,845.0,1008886440.0,55026
2023-05-10 09:34:47,IF2309,IF2309,3978.6,3.0,3580500.0,1.0,1,3977.6,3978.8,1,3983.8,3980.0,3984.8,3972.8,848.0,1012466940.0,55027
2023-05-10 09:34:48,IF2309,IF2309,3978.6,0.0,0.0,0.0,2,3978.0,3978.6,1,3983.8,3980.0,3984.8,3972.8,848.0,1012466940.0,55027
2023-05-10 09:34:48,IF2309,IF2309,3979.0,4.0,4774500.0,0.0,2,3978.0,3979.4,4,3983.8,3980.0,3984.8,3972.8,852.0,1017241440.0,55027
2023-05-10 09:34:49,IF2309,IF2309,3978.8,1.0,1193640.0,-1.0,1,3978.4,3979.4,3,3983.8,3980.0,3984.8,3972.8,853.0,1018435080.0,55026
2023-05-10 09:34:49,IF2309,IF2309,3978.6,1.0,1193580.0,0.0,2,3978.2,3979.4,1,3983.8,3980.0,3984.8,3972.8,854.0,1019628660.0,55026
2023-05-10 09:34:50,IF2309,IF2309,3978.2,1.0,1193460.0,0.0,1,3978.2,3979.2,1,3983.8,3980.0,3984.8,3972.8,855.0,1020822120.0,55026
2023-05-10 09:34:50,IF2309,IF2309,3978.2,1.0,1193460.0,0.0,1,3978.4,3979.6,2,3983.8,3980.0,3984.8,3972.8,856.0,1022015580.0,55026
2023-05-10 09:34:51,IF2309,IF2309,3979.4,2.0,2387640.0,1.0,2,3978.6,3979.8,2,3983.8,3980.0,3984.8,3972.8,858.0,1024403220.0,55027
2023-05-10 09:34:51,IF2309,IF2309,3979.8,3.0,3581820.0,0.0,2,3979.0,3980.2,1,3983.8,3980.0,3984.8,3972.8,861.0,1027985040.0,55027
2023-05-10 09:34:52,IF2309,IF2309,3979.8,0.0,0.0,0.0,1,3979.6,3981.2,1,3983.8,3980.0,3984.8,3972.8,861.0,1027985040.0,55027
2023-05-10 09:34:52,IF2309,IF2309,3979.8,0.0,0.0,0.0,1,3979.8,3980.8,4,3983.8,3980.0,3984.8,3972.8,861.0,1027985040.0,55027
2023-05-10 09:34:53,IF2309,IF2309,3979.4,2.0,2387640.0,-2.0,1,3979.2,3980.6,3,3983.8,3980.0,3984.8,3972.8,863.0,1030372680.0,55025
2023-05-10 09:34:53,IF2309,IF2309,3979.4,0.0,0.0,0.0,1,3979.0,3979.6,1,3983.8,3980.0,3984.8,3972.8,863.0,1030372680.0,55025
2023-05-10 09:34:54,IF2309,IF2309,3979.0,1.0,1193700.0,1.0,3,3977.8,3979.0,1,3983.8,3980.0,3984.8,3972.8,864.0,1031566380.0,55026
2023-05-10 09:34:54,IF2309,IF2309,3979.0,0.0,0.0,0.0,2,3978.6,3979.6,1,3983.8,3980.0,3984.8,3972.8,864.0,1031566380.0,55026
2023-05-10 09:34:55,IF2309,IF2309,3979.0,0.0,0.0,0.0,1,3978.8,3979.6,1,3983.8,3980.0,3984.8,3972.8,864.0,1031566380.0,55026
2023-05-10 09:34:55,IF2309,IF2309,3978.8,1.0,1193640.0,-1.0,1,3979.0,3979.6,1,3983.8,3980.0,3984.8,3972.8,865.0,1032760020.0,55025
2023-05-10 09:34:56,IF2309,IF2309,3979.6,1.0,1193880.0,1.0,1,3979.2,3980.2,1,3983.8,3980.0,3984.8,3972.8,866.0,1033953900.0,55026
2023-05-10 09:34:56,IF2309,IF2309,3979.6,0.0,0.0,0.0,1,3979.0,3980.0,3,3983.8,3980.0,3984.8,3972.8,866.0,1033953900.0,55026
2023-05-10 09:34:59,IF2309,IF2309,3979.6,0.0,0.0,0.0,3,3979.6,3980.0,3,3983.8,3980.0,3984.8,3972.8,866.0,1033953900.0,55026
2023-05-10 09:34:59,IF2309,IF2309,3979.6,0.0,0.0,0.0,3,3979.6,3980.0,1,3983.8,3980.0,3984.8,3972.8,866.0,1033953900.0,55026
2023-05-10 09:35:00,IF2309,IF2309,3979.6,3.0,3581640.0,0.0,1,3979.0,3980.0,1,3983.8,3980.0,3984.8,3972.8,869.0,1037535540.0,55026
2023-05-10 09:35:00,IF2309,IF2309,3979.6,0.0,0.0,0.0,3,3979.2,3979.8,1,3983.8,3980.0,3984.8,3972.8,869.0,1037535540.0,55026
2023-05-10 09:35:01,IF2309,IF2309,3979.6,0.0,0.0,0.0,1,3979.0,3980.4,2,3983.8,3980.0,3984.8,3972.8,869.0,1037535540.0,55026
2023-05-10 09:35:01,IF2309,IF2309,3979.0,2.0,2387580.0,0.0,1,3978.4,3979.6,1,3983.8,3980.0,3984.8,3972.8,871.0,1039923120.0,55026
2023-05-10 09:35:02,IF2309,IF2309,3979.0,1.0,1193700.0,0.0,1,3978.0,3978.4,1,3983.8,3980.0,3984.8,3972.8,872.0,1041116820.0,55026
2023-05-10 09:35:02,IF2309,IF2309,3978.0,1.0,1193400.0,0.0,3,3977.6,3978.2,1,3983.8,3980.0,3984.8,3972.8,873.0,1042310220.0,55026
2023-05-10 09:35:03,IF2309,IF2309,3977.6,3.0,3579840.0,-1.0,1,3977.2,3978.0,3,3983.8,3980.0,3984.8,3972.8,876.0,1045890060.0,55025
2023-05-10 09:35:03,IF2309,IF2309,3978.0,1.0,1193400.0,-1.0,2,3977.4,3978.0,2,3983.8,3980.0,3984.8,3972.8,877.0,1047083460.0,55024
2023-05-10 09:35:04,IF2309,IF2309,3978.0,0.0,0.0,0.0,1,3977.2,3978.0,2,3983.8,3980.0,3984.8,3972.8,877.0,1047083460.0,55024
2023-05-10 09:35:04,IF2309,IF2309,3978.0,2.0,2386800.0,-2.0,1,3977.2,3978.0,1,3983.8,3980.0,3984.8,3972.8,879.0,1049470260.0,55022
2023-05-10 09:35:05,IF2309,IF2309,3978.0,0.0,0.0,0.0,1,3977.2,3977.8,3,3983.8,3980.0,3984.8,3972.8,879.0,1049470260.0,55022
2023-05-10 09:35:05,IF2309,IF2309,3977.2,1.0,1193160.0,0.0,1,3977.0,3977.6,1,3983.8,3980.0,3984.8,3972.8,880.0,1050663420.0,55022
2023-05-10 09:35:06,IF2309,IF2309,3977.0,1.0,1193100.0,0.0,1,3976.2,3977.0,1,3983.8,3980.0,3984.8,3972.8,881.0,1051856520.0,55022
2023-05-10 09:35:06,IF2309,IF2309,3977.0,0.0,0.0,0.0,1,3976.2,3976.8,1,3983.8,3980.0,3984.8,3972.8,881.0,1051856520.0,55022
2023-05-10 09:35:07,IF2309,IF2309,3977.4,4.0,4772700.0,-3.0,2,3976.4,3977.6,3,3983.8,3980.0,3984.8,3972.8,885.0,1056629220.0,55019
2023-05-10 09:35:07,IF2309,IF2309,3977.4,0.0,0.0,0.0,2,3976.8,3977.6,2,3983.8,3980.0,3984.8,3972.8,885.0,1056629220.0,55019
2023-05-10 09:35:08,IF2309,IF2309,3977.4,0.0,0.0,0.0,1,3977.2,3978.2,2,3983.8,3980.0,3984.8,3972.8,885.0,1056629220.0,55019
2023-05-10 09:35:09,IF2309,IF2309,3977.4,0.0,0.0,0.0,4,3976.6,3977.8,1,3983.8,3980.0,3984.8,3972.8,885.0,1056629220.0,55019
2023-05-10 09:35:09,IF2309,IF2309,3977.4,0.0,0.0,0.0,2,3977.0,3978.0,2,3983.8,3980.0,3984.8,3972.8,885.0,1056629220.0,55019
2023-05-10 09:35:10,IF2309,IF2309,3977.4,0.0,0.0,0.0,1,3977.2,3978.0,1,3983.8,3980.0,3984.8,3972.8,885.0,1056629220.0,55019
2023-05-10 09:35:10,IF2309,IF2309,3978.2,2.0,2386860.0,0.0,2,3977.6,3978.2,1,3983.8,3980.0,3984.8,3972.8,887.0,1059016080.0,55019
2023-05-10 09:35:11,IF2309,IF2309,3977.6,6.0,7160160.0,-3.0,1,3977.6,3979.0,1,3983.8,3980.0,3984.8,3972.8,893.0,1066176240.0,55016
2023-05-10 09:35:11,IF2309,IF2309,3977.6,0.0,0.0,0.0,2,3977.8,3978.4,2,3983.8,3980.0,3984.8,3972.8,893.0,1066176240.0,55016
2023-05-10 09:35:12,IF2309,IF2309,3977.6,0.0,0.0,0.0,1,3977.8,3978.4,2,3983.8,3980.0,3984.8,3972.8,893.0,1066176240.0,55016
2023-05-10 09:35:12,IF2309,IF2309,3977.6,1.0,1193280.0,-1.0,1,3977.6,3978.4,2,3983.8,3980.0,3984.8,3972.8,894.0,1067369520.0,55015
2023-05-10 09:35:13,IF2309,IF2309,3977.6,0.0,0.0,0.0,1,3977.8,3978.4,2,3983.8,3980.0,3984.8,3972.8,894.0,1067369520.0,55015
2023-05-10 09:35:14,IF2309,IF2309,3977.8,2.0,2386680.0,-2.0,1,3978.4,3978.8,4,3983.8,3980.0,3984.8,3972.8,896.0,1069756200.0,55013
2023-05-10 09:35:15,IF2309,IF2309,3978.4,1.0,1193520.0,0.0,1,3977.6,3978.8,4,3983.8,3980.0,3984.8,3972.8,897.0,1070949720.0,55013
2023-05-10 09:35:15,IF2309,IF2309,3978.4,0.0,0.0,0.0,1,3977.8,3978.8,4,3983.8,3980.0,3984.8,3972.8,897.0,1070949720.0,55013
2023-05-10 09:35:16,IF2309,IF2309,3977.6,1.0,1193280.0,-1.0,1,3976.8,3977.6,4,3983.8,3980.0,3984.8,3972.8,898.0,1072143000.0,55012
2023-05-10 09:35:16,IF2309,IF2309,3977.6,0.0,0.0,0.0,1,3977.0,3977.6,4,3983.8,3980.0,3984.8,3972.8,898.0,1072143000.0,55012
2023-05-10 09:35:17,IF2309,IF2309,3977.6,1.0,1193280.0,0.0,1,3976.6,3977.6,3,3983.8,3980.0,3984.8,3972.8,899.0,1073336280.0,55012
2023-05-10 09:35:17,IF2309,IF2309,3977.6,0.0,0.0,0.0,2,3976.4,3977.4,2,3983.8,3980.0,3984.8,3972.8,899.0,1073336280.0,55012
2023-05-10 09:35:18,IF2309,IF2309,3977.6,0.0,0.0,0.0,1,3976.6,3977.4,2,3983.8,3980.0,3984.8,3972.8,899.0,1073336280.0,55012
2023-05-10 09:35:18,IF2309,IF2309,3977.6,0.0,0.0,0.0,2,3976.2,3977.4,2,3983.8,3980.0,3984.8,3972.8,899.0,1073336280.0,55012
2023-05-10 09:35:19,IF2309,IF2309,3977.6,0.0,0.0,0.0,2,3976.2,3976.6,2,3983.8,3980.0,3984.8,3972.8,899.0,1073336280.0,55012
2023-05-10 09:35:19,IF2309,IF2309,3976.6,1.0,1192980.0,-1.0,2,3976.2,3976.6,1,3983.8,3980.0,3984.8,3972.8,900.0,1074529260.0,55011
2023-05-10 09:35:20,IF2309,IF2309,3976.6,1.0,1192980.0,-1.0,2,3976.2,3976.6,1,3983.8,3980.0,3984.8,3972.8,901.0,1075722240.0,55010
2023-05-10 09:35:20,IF2309,IF2309,3976.6,0.0,0.0,0.0,2,3976.2,3976.8,1,3983.8,3980.0,3984.8,3972.8,901.0,1075722240.0,55010
2023-05-10 09:35:21,IF2309,IF2309,3976.8,1.0,1193040.0,-1.0,2,3976.2,3977.0,2,3983.8,3980.0,3984.8,3972.8,902.0,1076915280.0,55009
2023-05-10 09:35:21,IF2309,IF2309,3976.4,3.0,3578760.0,-3.0,2,3976.2,3977.2,1,3983.8,3980.0,3984.8,3972.8,905.0,1080494040.0,55006
2023-05-10 09:35:23,IF2309,IF2309,3976.2,1.0,1192860.0,-1.0,1,3976.2,3977.2,1,3983.8,3980.0,3984.8,3972.8,906.0,1081686900.0,55005
2023-05-10 09:35:23,IF2309,IF2309,3976.2,0.0,0.0,0.0,1,3976.2,3977.0,4,3983.8,3980.0,3984.8,3972.8,906.0,1081686900.0,55005
2023-05-10 09:35:24,IF2309,IF2309,3976.2,0.0,0.0,0.0,1,3976.2,3977.0,2,3983.8,3980.0,3984.8,3972.8,906.0,1081686900.0,55005
2023-05-10 09:35:24,IF2309,IF2309,3976.2,0.0,0.0,0.0,1,3976.2,3976.8,1,3983.8,3980.0,3984.8,3972.8,906.0,1081686900.0,55005
2023-05-10 09:35:25,IF2309,IF2309,3976.2,0.0,0.0,0.0,1,3976.2,3977.2,1,3983.8,3980.0,3984.8,3972.8,906.0,1081686900.0,55005
2023-05-10 09:35:26,IF2309,IF2309,3976.2,0.0,0.0,0.0,1,3976.2,3977.4,1,3983.8,3980.0,3984.8,3972.8,906.0,1081686900.0,55005
2023-05-10 09:35:26,IF2309,IF2309,3976.2,0.0,0.0,0.0,1,3976.2,3977.2,4,3983.8,3980.0,3984.8,3972.8,906.0,1081686900.0,55005
2023-05-10 09:35:28,IF2309,IF2309,3976.2,0.0,0.0,0.0,1,3976.2,3977.0,5,3983.8,3980.0,3984.8,3972.8,906.0,1081686900.0,55005
2023-05-10 09:35:28,IF2309,IF2309,3976.2,1.0,1192860.0,0.0,2,3976.0,3976.2,1,3983.8,3980.0,3984.8,3972.8,907.0,1082879760.0,55005
2023-05-10 09:35:29,IF2309,IF2309,3976.0,2.0,2385600.0,0.0,1,3975.6,3976.2,1,3983.8,3980.0,3984.8,3972.8,909.0,1085265360.0,55005
2023-05-10 09:35:31,IF2309,IF2309,3976.0,0.0,0.0,0.0,1,3975.6,3976.0,1,3983.8,3980.0,3984.8,3972.8,909.0,1085265360.0,55005
2023-05-10 09:35:31,IF2309,IF2309,3976.2,2.0,2385660.0,0.0,1,3975.6,3977.0,3,3983.8,3980.0,3984.8,3972.8,911.0,1087651020.0,55005
2023-05-10 09:35:32,IF2309,IF2309,3976.2,0.0,0.0,0.0,1,3975.6,3976.6,2,3983.8,3980.0,3984.8,3972.8,911.0,1087651020.0,55005
2023-05-10 09:35:32,IF2309,IF2309,3976.2,0.0,0.0,0.0,1,3975.6,3976.6,3,3983.8,3980.0,3984.8,3972.8,911.0,1087651020.0,55005
2023-05-10 09:35:33,IF2309,IF2309,3975.6,1.0,1192680.0,0.0,1,3975.2,3976.6,3,3983.8,3980.0,3984.8,3972.8,912.0,1088843700.0,55005
2023-05-10 09:35:34,IF2309,IF2309,3975.6,0.0,0.0,0.0,1,3975.4,3976.6,3,3983.8,3980.0,3984.8,3972.8,912.0,1088843700.0,55005
2023-05-10 09:35:34,IF2309,IF2309,3975.6,0.0,0.0,0.0,1,3975.2,3976.4,1,3983.8,3980.0,3984.8,3972.8,912.0,1088843700.0,55005
2023-05-10 09:35:35,IF2309,IF2309,3975.6,0.0,0.0,0.0,3,3975.4,3976.8,1,3983.8,3980.0,3984.8,3972.8,912.0,1088843700.0,55005
2023-05-10 09:35:35,IF2309,IF2309,3975.6,0.0,0.0,0.0,3,3975.6,3976.8,1,3983.8,3980.0,3984.8,3972.8,912.0,1088843700.0,55005
2023-05-10 09:35:36,IF2309,IF2309,3975.6,0.0,0.0,0.0,3,3975.6,3976.6,3,3983.8,3980.0,3984.8,3972.8,912.0,1088843700.0,55005
2023-05-10 09:35:37,IF2309,IF2309,3975.6,0.0,0.0,0.0,1,3975.6,3976.6,3,3983.8,3980.0,3984.8,3972.8,912.0,1088843700.0,55005
2023-05-10 09:35:37,IF2309,IF2309,3975.6,1.0,1192680.0,1.0,1,3975.4,3976.6,2,3983.8,3980.0,3984.8,3972.8,913.0,1090036380.0,55006
2023-05-10 09:35:38,IF2309,IF2309,3975.6,0.0,0.0,0.0,2,3975.6,3976.6,2,3983.8,3980.0,3984.8,3972.8,913.0,1090036380.0,55006
2023-05-10 09:35:38,IF2309,IF2309,3975.6,0.0,0.0,0.0,2,3975.6,3976.4,1,3983.8,3980.0,3984.8,3972.8,913.0,1090036380.0,55006
2023-05-10 09:35:39,IF2309,IF2309,3976.6,4.0,4771860.0,1.0,7,3976.6,3976.8,1,3983.8,3980.0,3984.8,3972.8,917.0,1094808240.0,55007
2023-05-10 09:35:39,IF2309,IF2309,3976.6,7.0,8350860.0,1.0,1,3975.6,3976.8,1,3983.8,3980.0,3984.8,3972.8,924.0,1103159100.0,55008
2023-05-10 09:35:40,IF2309,IF2309,3976.6,0.0,0.0,0.0,4,3975.8,3976.8,1,3983.8,3980.0,3984.8,3972.8,924.0,1103159100.0,55008
2023-05-10 09:35:40,IF2309,IF2309,3976.6,0.0,0.0,0.0,1,3976.0,3976.8,1,3983.8,3980.0,3984.8,3972.8,924.0,1103159100.0,55008
2023-05-10 09:35:41,IF2309,IF2309,3976.6,0.0,0.0,0.0,1,3976.0,3976.6,1,3983.8,3980.0,3984.8,3972.8,924.0,1103159100.0,55008
2023-05-10 09:35:41,IF2309,IF2309,3975.8,2.0,2385720.0,1.0,3,3975.8,3976.8,1,3983.8,3980.0,3984.8,3972.8,926.0,1105544820.0,55009
2023-05-10 09:35:42,IF2309,IF2309,3975.8,0.0,0.0,0.0,3,3975.8,3976.0,3,3983.8,3980.0,3984.8,3972.8,926.0,1105544820.0,55009
2023-05-10 09:35:42,IF2309,IF2309,3976.6,4.0,4771380.0,-2.0,1,3975.8,3976.8,1,3983.8,3980.0,3984.8,3972.8,930.0,1110316200.0,55007
2023-05-10 09:35:43,IF2309,IF2309,3976.6,0.0,0.0,0.0,1,3975.8,3976.6,1,3983.8,3980.0,3984.8,3972.8,930.0,1110316200.0,55007
2023-05-10 09:35:43,IF2309,IF2309,3975.8,1.0,1192740.0,-1.0,1,3975.4,3976.4,1,3983.8,3980.0,3984.8,3972.8,931.0,1111508940.0,55006
2023-05-10 09:35:44,IF2309,IF2309,3975.8,0.0,0.0,0.0,2,3975.6,3976.4,1,3983.8,3980.0,3984.8,3972.8,931.0,1111508940.0,55006
2023-05-10 09:35:44,IF2309,IF2309,3975.8,0.0,0.0,0.0,3,3975.6,3976.0,1,3983.8,3980.0,3984.8,3972.8,931.0,1111508940.0,55006
2023-05-10 09:35:45,IF2309,IF2309,3976.0,1.0,1192800.0,-1.0,3,3975.6,3976.4,2,3983.8,3980.0,3984.8,3972.8,932.0,1112701740.0,55005
2023-05-10 09:35:46,IF2309,IF2309,3976.0,0.0,0.0,0.0,2,3975.6,3976.2,1,3983.8,3980.0,3984.8,3972.8,932.0,1112701740.0,55005
2023-05-10 09:35:46,IF2309,IF2309,3976.4,2.0,2385840.0,-2.0,3,3975.6,3976.8,2,3983.8,3980.0,3984.8,3972.8,934.0,1115087580.0,55003
2023-05-10 09:35:47,IF2309,IF2309,3976.4,0.0,0.0,0.0,1,3976.0,3977.0,2,3983.8,3980.0,3984.8,3972.8,934.0,1115087580.0,55003
2023-05-10 09:35:47,IF2309,IF2309,3976.4,0.0,0.0,0.0,3,3976.2,3977.2,2,3983.8,3980.0,3984.8,3972.8,934.0,1115087580.0,55003
2023-05-10 09:35:48,IF2309,IF2309,3976.4,0.0,0.0,0.0,2,3976.8,3978.2,1,3983.8,3980.0,3984.8,3972.8,934.0,1115087580.0,55003
2023-05-10 09:35:48,IF2309,IF2309,3976.4,0.0,0.0,0.0,1,3977.0,3978.0,2,3983.8,3980.0,3984.8,3972.8,934.0,1115087580.0,55003
2023-05-10 09:35:49,IF2309,IF2309,3977.0,1.0,1193100.0,0.0,2,3976.8,3977.8,1,3983.8,3980.0,3984.8,3972.8,935.0,1116280680.0,55003
2023-05-10 09:35:49,IF2309,IF2309,3977.0,0.0,0.0,0.0,1,3977.2,3977.6,1,3983.8,3980.0,3984.8,3972.8,935.0,1116280680.0,55003
2023-05-10 09:35:50,IF2309,IF2309,3977.2,1.0,1193160.0,1.0,2,3976.2,3977.2,1,3983.8,3980.0,3984.8,3972.8,936.0,1117473840.0,55004
2023-05-10 09:35:50,IF2309,IF2309,3977.2,0.0,0.0,0.0,3,3976.4,3977.0,1,3983.8,3980.0,3984.8,3972.8,936.0,1117473840.0,55004
2023-05-10 09:35:51,IF2309,IF2309,3977.0,1.0,1193100.0,0.0,2,3976.4,3977.6,2,3983.8,3980.0,3984.8,3972.8,937.0,1118666940.0,55004
2023-05-10 09:35:51,IF2309,IF2309,3977.0,0.0,0.0,0.0,2,3976.4,3977.4,2,3983.8,3980.0,3984.8,3972.8,937.0,1118666940.0,55004
2023-05-10 09:35:52,IF2309,IF2309,3977.0,0.0,0.0,0.0,20,3977.0,3977.4,2,3983.8,3980.0,3984.8,3972.8,937.0,1118666940.0,55004
2023-05-10 09:35:52,IF2309,IF2309,3977.0,1.0,1193100.0,1.0,19,3977.0,3977.4,1,3983.8,3980.0,3984.8,3972.8,938.0,1119860040.0,55005
2023-05-10 09:35:53,IF2309,IF2309,3977.0,2.0,2386200.0,1.0,17,3977.0,3977.8,1,3983.8,3980.0,3984.8,3972.8,940.0,1122246240.0,55006
2023-05-10 09:35:53,IF2309,IF2309,3977.0,0.0,0.0,0.0,17,3977.0,3977.6,6,3983.8,3980.0,3984.8,3972.8,940.0,1122246240.0,55006
2023-05-10 09:35:54,IF2309,IF2309,3977.0,1.0,1193100.0,1.0,16,3977.0,3977.6,5,3983.8,3980.0,3984.8,3972.8,941.0,1123439340.0,55007
2023-05-10 09:35:54,IF2309,IF2309,3977.0,1.0,1193100.0,1.0,15,3977.0,3977.4,1,3983.8,3980.0,3984.8,3972.8,942.0,1124632440.0,55008
2023-05-10 09:35:55,IF2309,IF2309,3977.0,1.0,1193100.0,1.0,14,3977.0,3977.2,2,3983.8,3980.0,3984.8,3972.8,943.0,1125825540.0,55009
2023-05-10 09:35:55,IF2309,IF2309,3977.2,3.0,3579480.0,-2.0,14,3977.0,3977.6,1,3983.8,3980.0,3984.8,3972.8,946.0,1129405020.0,55007
2023-05-10 09:35:56,IF2309,IF2309,3977.6,1.0,1193280.0,0.0,14,3977.0,3977.4,1,3983.8,3980.0,3984.8,3972.8,947.0,1130598300.0,55007
2023-05-10 09:35:56,IF2309,IF2309,3977.0,2.0,2386200.0,2.0,12,3977.0,3978.0,2,3983.8,3980.0,3984.8,3972.8,949.0,1132984500.0,55009
2023-05-10 09:35:57,IF2309,IF2309,3977.2,1.0,1193160.0,1.0,1,3977.2,3977.8,1,3983.8,3980.0,3984.8,3972.8,950.0,1134177660.0,55010
2023-05-10 09:35:57,IF2309,IF2309,3977.2,0.0,0.0,0.0,12,3977.0,3977.2,1,3983.8,3980.0,3984.8,3972.8,950.0,1134177660.0,55010
2023-05-10 09:35:58,IF2309,IF2309,3977.2,1.0,1193160.0,0.0,1,3977.2,3978.2,2,3983.8,3980.0,3984.8,3972.8,951.0,1135370820.0,55010
2023-05-10 09:35:58,IF2309,IF2309,3977.2,0.0,0.0,0.0,12,3977.0,3977.2,1,3983.8,3980.0,3984.8,3972.8,951.0,1135370820.0,55010
2023-05-10 09:35:59,IF2309,IF2309,3977.2,1.0,1193160.0,0.0,1,3977.2,3978.2,1,3983.8,3980.0,3984.8,3972.8,952.0,1136563980.0,55010
2023-05-10 09:35:59,IF2309,IF2309,3978.2,1.0,1193460.0,0.0,1,3977.6,3978.0,1,3983.8,3980.0,3984.8,3972.8,953.0,1137757440.0,55010
2023-05-10 09:36:00,IF2309,IF2309,3979.0,2.0,2387100.0,-1.0,1,3978.2,3979.4,1,3983.8,3980.0,3984.8,3972.8,955.0,1140144540.0,55009
2023-05-10 09:36:00,IF2309,IF2309,3979.0,0.0,0.0,0.0,3,3978.4,3979.2,2,3983.8,3980.0,3984.8,3972.8,955.0,1140144540.0,55009
2023-05-10 09:36:01,IF2309,IF2309,3979.0,0.0,0.0,0.0,1,3978.2,3979.0,1,3983.8,3980.0,3984.8,3972.8,955.0,1140144540.0,55009
2023-05-10 09:36:01,IF2309,IF2309,3978.2,1.0,1193460.0,-1.0,1,3978.0,3978.8,4,3983.8,3980.0,3984.8,3972.8,956.0,1141338000.0,55008
2023-05-10 09:36:02,IF2309,IF2309,3978.0,1.0,1193400.0,0.0,2,3978.0,3979.2,2,3983.8,3980.0,3984.8,3972.8,957.0,1142531400.0,55008
2023-05-10 09:36:02,IF2309,IF2309,3978.0,0.0,0.0,0.0,1,3978.2,3978.8,1,3983.8,3980.0,3984.8,3972.8,957.0,1142531400.0,55008
2023-05-10 09:36:03,IF2309,IF2309,3978.0,0.0,0.0,0.0,1,3977.8,3978.2,1,3983.8,3980.0,3984.8,3972.8,957.0,1142531400.0,55008
2023-05-10 09:36:03,IF2309,IF2309,3978.2,1.0,1193460.0,0.0,2,3978.2,3979.0,2,3983.8,3980.0,3984.8,3972.8,958.0,1143724860.0,55008
2023-05-10 09:36:04,IF2309,IF2309,3978.0,1.0,1193400.0,0.0,2,3977.8,3979.0,1,3983.8,3980.0,3984.8,3972.8,959.0,1144918260.0,55008
2023-05-10 09:36:04,IF2309,IF2309,3978.0,0.0,0.0,0.0,1,3978.6,3979.6,1,3983.8,3980.0,3984.8,3972.8,959.0,1144918260.0,55008
2023-05-10 09:36:05,IF2309,IF2309,3978.0,0.0,0.0,0.0,2,3978.4,3979.4,1,3983.8,3980.0,3984.8,3972.8,959.0,1144918260.0,55008
2023-05-10 09:36:05,IF2309,IF2309,3978.0,0.0,0.0,0.0,3,3978.6,3979.2,1,3983.8,3980.0,3984.8,3972.8,959.0,1144918260.0,55008
2023-05-10 09:36:06,IF2309,IF2309,3979.4,1.0,1193820.0,0.0,1,3978.6,3979.0,1,3983.8,3980.0,3984.8,3972.8,960.0,1146112080.0,55008
2023-05-10 09:36:06,IF2309,IF2309,3979.0,1.0,1193700.0,0.0,2,3978.0,3978.8,1,3983.8,3980.0,3984.8,3972.8,961.0,1147305780.0,55008
2023-05-10 09:36:07,IF2309,IF2309,3979.0,1.0,1193700.0,0.0,1,3979.2,3979.6,1,3983.8,3980.0,3984.8,3972.8,962.0,1148499480.0,55008
2023-05-10 09:36:07,IF2309,IF2309,3979.2,1.0,1193760.0,-1.0,2,3978.4,3979.2,1,3983.8,3980.0,3984.8,3972.8,963.0,1149693240.0,55007
2023-05-10 09:36:08,IF2309,IF2309,3979.2,1.0,1193760.0,0.0,3,3978.6,3979.6,1,3983.8,3980.0,3984.8,3972.8,964.0,1150887000.0,55007
2023-05-10 09:36:08,IF2309,IF2309,3979.6,1.0,1193880.0,-1.0,1,3978.8,3980.6,1,3983.8,3980.0,3984.8,3972.8,965.0,1152080880.0,55006
2023-05-10 09:36:09,IF2309,IF2309,3979.6,0.0,0.0,0.0,1,3979.6,3980.4,2,3983.8,3980.0,3984.8,3972.8,965.0,1152080880.0,55006
2023-05-10 09:36:09,IF2309,IF2309,3979.6,0.0,0.0,0.0,1,3979.6,3980.6,1,3983.8,3980.0,3984.8,3972.8,965.0,1152080880.0,55006
2023-05-10 09:36:10,IF2309,IF2309,3980.6,1.0,1194180.0,-1.0,1,3980.0,3980.4,1,3983.8,3980.0,3984.8,3972.8,966.0,1153275060.0,55005
2023-05-10 09:36:10,IF2309,IF2309,3980.4,1.0,1194120.0,0.0,1,3980.6,3981.2,1,3983.8,3980.0,3984.8,3972.8,967.0,1154469180.0,55005
2023-05-10 09:36:11,IF2309,IF2309,3980.6,1.0,1194180.0,1.0,3,3979.8,3980.6,1,3983.8,3980.0,3984.8,3972.8,968.0,1155663360.0,55006
2023-05-10 09:36:11,IF2309,IF2309,3980.6,0.0,0.0,0.0,1,3979.6,3980.6,1,3983.8,3980.0,3984.8,3972.8,968.0,1155663360.0,55006
2023-05-10 09:36:12,IF2309,IF2309,3980.6,0.0,0.0,0.0,1,3979.6,3979.8,2,3983.8,3980.0,3984.8,3972.8,968.0,1155663360.0,55006
2023-05-10 09:36:12,IF2309,IF2309,3979.6,3.0,3581760.0,-1.0,1,3979.2,3980.4,2,3983.8,3980.0,3984.8,3972.8,971.0,1159245120.0,55005
2023-05-10 09:36:13,IF2309,IF2309,3979.6,0.0,0.0,0.0,3,3979.4,3980.2,2,3983.8,3980.0,3984.8,3972.8,971.0,1159245120.0,55005
2023-05-10 09:36:13,IF2309,IF2309,3980.2,1.0,1194060.0,0.0,3,3979.4,3979.8,2,3983.8,3980.0,3984.8,3972.8,972.0,1160439180.0,55005
2023-05-10 09:36:14,IF2309,IF2309,3979.8,2.0,2387880.0,-1.0,2,3979.8,3980.8,1,3983.8,3980.0,3984.8,3972.8,974.0,1162827060.0,55004
2023-05-10 09:36:14,IF2309,IF2309,3979.8,0.0,0.0,0.0,1,3980.0,3980.2,1,3983.8,3980.0,3984.8,3972.8,974.0,1162827060.0,55004
2023-05-10 09:36:15,IF2309,IF2309,3980.0,2.0,2388000.0,-1.0,3,3979.4,3980.4,1,3983.8,3980.0,3984.8,3972.8,976.0,1165215060.0,55003
2023-05-10 09:36:15,IF2309,IF2309,3980.0,0.0,0.0,0.0,3,3979.4,3980.2,1,3983.8,3980.0,3984.8,3972.8,976.0,1165215060.0,55003
2023-05-10 09:36:16,IF2309,IF2309,3980.2,1.0,1194060.0,1.0,1,3980.2,3980.6,1,3983.8,3980.0,3984.8,3972.8,977.0,1166409120.0,55004
2023-05-10 09:36:17,IF2309,IF2309,3980.8,2.0,2388300.0,0.0,2,3980.4,3981.2,1,3983.8,3980.0,3984.8,3972.8,979.0,1168797420.0,55004
2023-05-10 09:36:17,IF2309,IF2309,3980.8,0.0,0.0,0.0,2,3980.6,3981.2,1,3983.8,3980.0,3984.8,3972.8,979.0,1168797420.0,55004
2023-05-10 09:36:18,IF2309,IF2309,3980.8,0.0,0.0,0.0,1,3980.4,3981.2,1,3983.8,3980.0,3984.8,3972.8,979.0,1168797420.0,55004
2023-05-10 09:36:19,IF2309,IF2309,3980.8,2.0,2388600.0,-1.0,1,3980.6,3981.0,1,3983.8,3980.0,3984.8,3972.8,981.0,1171186020.0,55003
2023-05-10 09:36:19,IF2309,IF2309,3981.4,3.0,3583140.0,0.0,1,3980.8,3982.2,1,3983.8,3980.0,3984.8,3972.8,984.0,1174769160.0,55003
2023-05-10 09:36:20,IF2309,IF2309,3981.4,0.0,0.0,0.0,1,3980.8,3982.0,3,3983.8,3980.0,3984.8,3972.8,984.0,1174769160.0,55003
2023-05-10 09:36:20,IF2309,IF2309,3981.4,0.0,0.0,0.0,1,3981.0,3981.8,1,3983.8,3980.0,3984.8,3972.8,984.0,1174769160.0,55003
2023-05-10 09:36:21,IF2309,IF2309,3980.4,5.0,5970960.0,-3.0,1,3980.6,3981.6,1,3983.8,3980.0,3984.8,3972.8,989.0,1180740120.0,55000
2023-05-10 09:36:21,IF2309,IF2309,3980.4,0.0,0.0,0.0,2,3980.6,3981.6,1,3983.8,3980.0,3984.8,3972.8,989.0,1180740120.0,55000
2023-05-10 09:36:22,IF2309,IF2309,3981.6,1.0,1194480.0,0.0,2,3980.6,3983.6,1,3983.8,3980.0,3984.8,3972.8,990.0,1181934600.0,55000
2023-05-10 09:36:22,IF2309,IF2309,3981.6,0.0,0.0,0.0,1,3981.2,3982.2,1,3983.8,3980.0,3984.8,3972.8,990.0,1181934600.0,55000
2023-05-10 09:36:23,IF2309,IF2309,3981.6,0.0,0.0,0.0,1,3980.6,3982.0,3,3983.8,3980.0,3984.8,3972.8,990.0,1181934600.0,55000
2023-05-10 09:36:23,IF2309,IF2309,3981.6,0.0,0.0,0.0,1,3980.8,3981.8,1,3983.8,3980.0,3984.8,3972.8,990.0,1181934600.0,55000
2023-05-10 09:36:24,IF2309,IF2309,3981.6,0.0,0.0,0.0,1,3980.8,3981.6,1,3983.8,3980.0,3984.8,3972.8,990.0,1181934600.0,55000
2023-05-10 09:36:24,IF2309,IF2309,3981.6,0.0,0.0,0.0,2,3980.6,3981.6,1,3983.8,3980.0,3984.8,3972.8,990.0,1181934600.0,55000
2023-05-10 09:36:25,IF2309,IF2309,3981.6,0.0,0.0,0.0,1,3980.4,3982.0,3,3983.8,3980.0,3984.8,3972.8,990.0,1181934600.0,55000
2023-05-10 09:36:25,IF2309,IF2309,3980.4,1.0,1194120.0,1.0,1,3980.0,3981.0,1,3983.8,3980.0,3984.8,3972.8,991.0,1183128720.0,55001
2023-05-10 09:36:26,IF2309,IF2309,3980.4,0.0,0.0,0.0,2,3980.0,3980.8,3,3983.8,3980.0,3984.8,3972.8,991.0,1183128720.0,55001
2023-05-10 09:36:26,IF2309,IF2309,3981.4,2.0,2388660.0,1.0,1,3980.2,3981.4,1,3983.8,3980.0,3984.8,3972.8,993.0,1185517380.0,55002
2023-05-10 09:36:27,IF2309,IF2309,3981.4,0.0,0.0,0.0,1,3980.2,3981.2,3,3983.8,3980.0,3984.8,3972.8,993.0,1185517380.0,55002
2023-05-10 09:36:27,IF2309,IF2309,3981.4,0.0,0.0,0.0,1,3980.6,3981.2,1,3983.8,3980.0,3984.8,3972.8,993.0,1185517380.0,55002
2023-05-10 09:36:28,IF2309,IF2309,3981.4,0.0,0.0,0.0,1,3980.2,3980.8,1,3983.8,3980.0,3984.8,3972.8,993.0,1185517380.0,55002
2023-05-10 09:36:28,IF2309,IF2309,3981.4,0.0,0.0,0.0,1,3979.6,3981.2,1,3983.8,3980.0,3984.8,3972.8,993.0,1185517380.0,55002
2023-05-10 09:36:29,IF2309,IF2309,3981.4,0.0,0.0,0.0,4,3980.0,3981.0,1,3983.8,3980.0,3984.8,3972.8,993.0,1185517380.0,55002
2023-05-10 09:36:30,IF2309,IF2309,3981.4,0.0,0.0,0.0,1,3980.0,3980.8,1,3983.8,3980.0,3984.8,3972.8,993.0,1185517380.0,55002
2023-05-10 09:36:30,IF2309,IF2309,3981.4,0.0,0.0,0.0,1,3979.6,3980.6,3,3983.8,3980.0,3984.8,3972.8,993.0,1185517380.0,55002
2023-05-10 09:36:31,IF2309,IF2309,3979.2,4.0,4775160.0,-2.0,2,3978.6,3979.8,1,3983.8,3980.0,3984.8,3972.8,997.0,1190292540.0,55000
2023-05-10 09:36:31,IF2309,IF2309,3979.2,1.0,1193760.0,0.0,1,3978.0,3979.4,2,3983.8,3980.0,3984.8,3972.8,998.0,1191486300.0,55000
2023-05-10 09:36:32,IF2309,IF2309,3979.2,0.0,0.0,0.0,3,3978.0,3979.0,2,3983.8,3980.0,3984.8,3972.8,998.0,1191486300.0,55000
2023-05-10 09:36:32,IF2309,IF2309,3978.0,1.0,1193400.0,0.0,2,3977.2,3978.8,3,3983.8,3980.0,3984.8,3972.8,999.0,1192679700.0,55000
2023-05-10 09:36:33,IF2309,IF2309,3978.0,0.0,0.0,0.0,1,3977.4,3978.6,4,3983.8,3980.0,3984.8,3972.8,999.0,1192679700.0,55000
2023-05-10 09:36:33,IF2309,IF2309,3978.0,0.0,0.0,0.0,1,3978.0,3978.4,1,3983.8,3980.0,3984.8,3972.8,999.0,1192679700.0,55000
2023-05-10 09:36:34,IF2309,IF2309,3978.8,3.0,3580740.0,-1.0,2,3977.6,3979.0,2,3983.8,3980.0,3984.8,3972.8,1002.0,1196260440.0,54999
2023-05-10 09:36:34,IF2309,IF2309,3978.8,0.0,0.0,0.0,1,3978.2,3979.2,1,3983.8,3980.0,3984.8,3972.8,1002.0,1196260440.0,54999
2023-05-10 09:36:35,IF2309,IF2309,3978.8,1.0,1193640.0,0.0,1,3979.4,3980.4,2,3983.8,3980.0,3984.8,3972.8,1003.0,1197454080.0,54999
2023-05-10 09:36:35,IF2309,IF2309,3979.4,1.0,1193820.0,0.0,1,3978.4,3979.4,6,3983.8,3980.0,3984.8,3972.8,1004.0,1198647900.0,54999
2023-05-10 09:36:36,IF2309,IF2309,3979.4,0.0,0.0,0.0,2,3978.0,3979.2,1,3983.8,3980.0,3984.8,3972.8,1004.0,1198647900.0,54999
2023-05-10 09:36:36,IF2309,IF2309,3979.4,0.0,0.0,0.0,1,3978.4,3979.4,1,3983.8,3980.0,3984.8,3972.8,1004.0,1198647900.0,54999
2023-05-10 09:36:37,IF2309,IF2309,3979.6,1.0,1193880.0,0.0,1,3978.4,3979.6,2,3983.8,3980.0,3984.8,3972.8,1005.0,1199841780.0,54999
2023-05-10 09:36:37,IF2309,IF2309,3979.6,0.0,0.0,0.0,1,3978.6,3979.4,1,3983.8,3980.0,3984.8,3972.8,1005.0,1199841780.0,54999
2023-05-10 09:36:38,IF2309,IF2309,3979.4,1.0,1193820.0,0.0,1,3979.4,3980.2,1,3983.8,3980.0,3984.8,3972.8,1006.0,1201035600.0,54999
2023-05-10 09:36:38,IF2309,IF2309,3979.4,0.0,0.0,0.0,1,3979.4,3980.0,1,3983.8,3980.0,3984.8,3972.8,1006.0,1201035600.0,54999
2023-05-10 09:36:39,IF2309,IF2309,3979.4,0.0,0.0,0.0,1,3979.6,3980.2,1,3983.8,3980.0,3984.8,3972.8,1006.0,1201035600.0,54999
2023-05-10 09:36:39,IF2309,IF2309,3979.4,0.0,0.0,0.0,1,3979.8,3980.0,1,3983.8,3980.0,3984.8,3972.8,1006.0,1201035600.0,54999
2023-05-10 09:36:40,IF2309,IF2309,3980.0,1.0,1194000.0,0.0,1,3979.6,3980.6,4,3983.8,3980.0,3984.8,3972.8,1007.0,1202229600.0,54999
2023-05-10 09:36:40,IF2309,IF2309,3980.0,0.0,0.0,0.0,1,3979.6,3980.4,1,3983.8,3980.0,3984.8,3972.8,1007.0,1202229600.0,54999
2023-05-10 09:36:41,IF2309,IF2309,3980.0,0.0,0.0,0.0,1,3979.6,3980.6,2,3983.8,3980.0,3984.8,3972.8,1007.0,1202229600.0,54999
2023-05-10 09:36:41,IF2309,IF2309,3980.0,0.0,0.0,0.0,1,3980.0,3980.6,2,3983.8,3980.0,3984.8,3972.8,1007.0,1202229600.0,54999
2023-05-10 09:36:42,IF2309,IF2309,3980.6,2.0,2388180.0,-1.0,1,3979.6,3980.4,1,3983.8,3980.0,3984.8,3972.8,1009.0,1204617780.0,54998
2023-05-10 09:36:42,IF2309,IF2309,3980.6,0.0,0.0,0.0,2,3979.8,3980.6,1,3983.8,3980.0,3984.8,3972.8,1009.0,1204617780.0,54998
2023-05-10 09:36:43,IF2309,IF2309,3980.6,1.0,1194180.0,-1.0,2,3979.8,3980.4,1,3983.8,3980.0,3984.8,3972.8,1010.0,1205811960.0,54997
2023-05-10 09:36:43,IF2309,IF2309,3980.4,1.0,1194120.0,0.0,1,3979.8,3980.8,1,3983.8,3980.0,3984.8,3972.8,1011.0,1207006080.0,54997
2023-05-10 09:36:44,IF2309,IF2309,3980.6,1.0,1194180.0,-1.0,1,3979.8,3980.6,5,3983.8,3980.0,3984.8,3972.8,1012.0,1208200260.0,54996
2023-05-10 09:36:44,IF2309,IF2309,3980.6,0.0,0.0,0.0,1,3979.6,3980.6,4,3983.8,3980.0,3984.8,3972.8,1012.0,1208200260.0,54996
2023-05-10 09:36:45,IF2309,IF2309,3980.6,0.0,0.0,0.0,1,3979.4,3980.4,1,3983.8,3980.0,3984.8,3972.8,1012.0,1208200260.0,54996
2023-05-10 09:36:45,IF2309,IF2309,3980.6,0.0,0.0,0.0,1,3979.4,3980.6,4,3983.8,3980.0,3984.8,3972.8,1012.0,1208200260.0,54996
2023-05-10 09:36:46,IF2309,IF2309,3980.6,0.0,0.0,0.0,1,3979.4,3980.2,1,3983.8,3980.0,3984.8,3972.8,1012.0,1208200260.0,54996
2023-05-10 09:36:46,IF2309,IF2309,3979.0,2.0,2387520.0,1.0,1,3978.8,3979.4,1,3983.8,3980.0,3984.8,3972.8,1014.0,1210587780.0,54997
2023-05-10 09:36:47,IF2309,IF2309,3979.0,0.0,0.0,0.0,1,3978.4,3980.0,1,3983.8,3980.0,3984.8,3972.8,1014.0,1210587780.0,54997
2023-05-10 09:36:47,IF2309,IF2309,3979.0,0.0,0.0,0.0,2,3978.6,3979.8,3,3983.8,3980.0,3984.8,3972.8,1014.0,1210587780.0,54997
2023-05-10 09:36:48,IF2309,IF2309,3979.0,0.0,0.0,0.0,2,3978.6,3979.6,1,3983.8,3980.0,3984.8,3972.8,1014.0,1210587780.0,54997
2023-05-10 09:36:48,IF2309,IF2309,3979.0,0.0,0.0,0.0,1,3978.0,3979.2,1,3983.8,3980.0,3984.8,3972.8,1014.0,1210587780.0,54997
2023-05-10 09:36:49,IF2309,IF2309,3979.0,1.0,1193700.0,1.0,1,3978.2,3979.2,1,3983.8,3980.0,3984.8,3972.8,1015.0,1211781480.0,54998
2023-05-10 09:36:50,IF2309,IF2309,3979.0,0.0,0.0,0.0,1,3978.2,3979.0,1,3983.8,3980.0,3984.8,3972.8,1015.0,1211781480.0,54998
2023-05-10 09:36:50,IF2309,IF2309,3979.4,2.0,2387520.0,2.0,1,3978.4,3979.6,1,3983.8,3980.0,3984.8,3972.8,1017.0,1214169000.0,55000
2023-05-10 09:36:51,IF2309,IF2309,3979.4,0.0,0.0,0.0,1,3978.4,3979.4,2,3983.8,3980.0,3984.8,3972.8,1017.0,1214169000.0,55000
2023-05-10 09:36:51,IF2309,IF2309,3979.4,0.0,0.0,0.0,1,3978.6,3979.4,2,3983.8,3980.0,3984.8,3972.8,1017.0,1214169000.0,55000
2023-05-10 09:36:52,IF2309,IF2309,3979.4,2.0,2387640.0,0.0,1,3978.6,3979.2,2,3983.8,3980.0,3984.8,3972.8,1019.0,1216556640.0,55000
2023-05-10 09:36:52,IF2309,IF2309,3979.4,0.0,0.0,0.0,1,3978.2,3979.2,2,3983.8,3980.0,3984.8,3972.8,1019.0,1216556640.0,55000
2023-05-10 09:36:53,IF2309,IF2309,3979.4,0.0,0.0,0.0,1,3978.4,3979.2,2,3983.8,3980.0,3984.8,3972.8,1019.0,1216556640.0,55000
2023-05-10 09:36:53,IF2309,IF2309,3979.2,2.0,2387520.0,-1.0,1,3978.4,3979.2,1,3983.8,3980.0,3984.8,3972.8,1021.0,1218944160.0,54999
2023-05-10 09:36:54,IF2309,IF2309,3979.2,1.0,1193760.0,0.0,1,3978.4,3979.6,1,3983.8,3980.0,3984.8,3972.8,1022.0,1220137920.0,54999
2023-05-10 09:36:54,IF2309,IF2309,3979.2,0.0,0.0,0.0,1,3978.8,3979.4,1,3983.8,3980.0,3984.8,3972.8,1022.0,1220137920.0,54999
2023-05-10 09:36:55,IF2309,IF2309,3979.4,1.0,1193820.0,0.0,1,3978.8,3980.0,1,3983.8,3980.0,3984.8,3972.8,1023.0,1221331740.0,54999
2023-05-10 09:36:55,IF2309,IF2309,3979.4,0.0,0.0,0.0,1,3978.8,3979.8,1,3983.8,3980.0,3984.8,3972.8,1023.0,1221331740.0,54999
2023-05-10 09:36:56,IF2309,IF2309,3978.2,2.0,2387040.0,0.0,1,3978.0,3978.6,1,3983.8,3980.0,3984.8,3972.8,1025.0,1223718780.0,54999
2023-05-10 09:36:56,IF2309,IF2309,3978.6,5.0,5967360.0,0.0,2,3978.0,3978.6,1,3983.8,3980.0,3984.8,3972.8,1030.0,1229686140.0,54999
2023-05-10 09:36:57,IF2309,IF2309,3978.4,3.0,3580440.0,-2.0,1,3977.8,3978.4,3,3983.8,3980.0,3984.8,3972.8,1033.0,1233266580.0,54997
