time,symbol_id,symbol_name,last,trade_volume,trade_amount,open_interest_change,bv1,bp1,ap1,av1,yesterday_close,today_open,today_high,today_low,volume,amount,open_interest
2023-05-10 09:29:00,IF2305,IF2305,4029.0,70.0,84609000.0,-47.0,12,4028.0,4029.0,2,4026.8,4029.0,4029.0,4029.0,70.0,84609000.0,61624
2023-05-10 09:30:00,IF2305,IF2305,4027.2,57.0,68867040.0,-16.0,1,4025.6,4028.0,14,4026.8,4029.0,4029.0,4025.0,127.0,153476040.0,61608
2023-05-10 09:30:00,IF2305,IF2305,4025.6,55.0,66435240.0,-11.0,2,4025.8,4026.8,3,4026.8,4029.0,4029.0,4025.0,182.0,219911280.0,61597
2023-05-10 09:30:01,IF2305,IF2305,4026.6,32.0,38649960.0,-8.0,4,4026.0,4026.6,8,4026.8,4029.0,4029.0,4025.0,214.0,258561240.0,61589
2023-05-10 09:30:01,IF2305,IF2305,4025.4,31.0,37436160.0,-19.0,2,4025.4,4025.8,5,4026.8,4029.0,4029.0,4024.6,245.0,295997400.0,61570
2023-05-10 09:30:02,IF2305,IF2305,4025.2,19.0,22942620.0,-7.0,2,4024.6,4024.8,3,4026.8,4029.0,4029.0,4024.6,264.0,318940020.0,61563
2023-05-10 09:30:02,IF2305,IF2305,4024.8,23.0,27770700.0,-14.0,3,4024.2,4024.6,1,4026.8,4029.0,4029.0,4024.4,287.0,346710720.0,61549
2023-05-10 09:30:03,IF2305,IF2305,4024.4,12.0,14488200.0,-9.0,4,4024.0,4025.2,4,4026.8,4029.0,4029.0,4024.2,299.0,361198920.0,61540
2023-05-10 09:30:03,IF2305,IF2305,4024.8,6.0,7244760.0,-4.0,1,4024.8,4025.0,13,4026.8,4029.0,4029.0,4024.2,305.0,368443680.0,61536
2023-05-10 09:30:04,IF2305,IF2305,4024.8,39.0,47092980.0,-23.0,1,4024.8,4025.0,3,4026.8,4029.0,4029.0,4024.2,344.0,415536660.0,61513
2023-05-10 09:30:04,IF2305,IF2305,4026.4,35.0,42266700.0,-22.0,3,4024.8,4026.4,3,4026.8,4029.0,4029.0,4024.2,379.0,457803360.0,61491
2023-05-10 09:30:05,IF2305,IF2305,4026.2,12.0,14493720.0,-7.0,1,4025.8,4026.4,3,4026.8,4029.0,4029.0,4024.2,391.0,472297080.0,61484
2023-05-10 09:30:05,IF2305,IF2305,4026.2,22.0,26572980.0,-22.0,9,4026.0,4026.2,4,4026.8,4029.0,4029.0,4024.2,413.0,498870060.0,61462
2023-05-10 09:30:06,IF2305,IF2305,4026.2,11.0,13286520.0,-4.0,9,4026.2,4026.8,1,4026.8,4029.0,4029.0,4024.2,424.0,512156580.0,61458
2023-05-10 09:30:06,IF2305,IF2305,4026.0,28.0,33820920.0,-19.0,3,4025.8,4026.6,12,4026.8,4029.0,4029.0,4024.2,452.0,545977500.0,61439
2023-05-10 09:30:07,IF2305,IF2305,4026.4,11.0,13284840.0,-8.0,5,4025.2,4026.4,3,4026.8,4029.0,4029.0,4024.2,463.0,559262340.0,61431
2023-05-10 09:30:07,IF2305,IF2305,4025.8,10.0,12078000.0,-5.0,1,4025.4,4025.8,7,4026.8,4029.0,4029.0,4024.2,473.0,571340340.0,61426
2023-05-10 09:30:08,IF2305,IF2305,4025.8,15.0,18114900.0,-7.0,2,4025.0,4025.4,1,4026.8,4029.0,4029.0,4024.2,488.0,589455240.0,61419
2023-05-10 09:30:08,IF2305,IF2305,4025.8,15.0,18114300.0,-11.0,4,4025.0,4025.8,3,4026.8,4029.0,4029.0,4024.2,503.0,607569540.0,61408
2023-05-10 09:30:09,IF2305,IF2305,4025.0,5.0,6037680.0,0.0,4,4024.8,4025.0,5,4026.8,4029.0,4029.0,4024.2,508.0,613607220.0,61408
2023-05-10 09:30:09,IF2305,IF2305,4025.0,13.0,15697260.0,-6.0,4,4025.0,4025.6,2,4026.8,4029.0,4029.0,4024.2,521.0,629304480.0,61402
2023-05-10 09:30:10,IF2305,IF2305,4025.6,22.0,26564520.0,-5.0,3,4025.6,4025.8,3,4026.8,4029.0,4029.0,4024.2,543.0,655869000.0,61397
2023-05-10 09:30:10,IF2305,IF2305,4025.6,16.0,19322460.0,-13.0,1,4025.0,4025.4,1,4026.8,4029.0,4029.0,4024.2,559.0,675191460.0,61384
2023-05-10 09:30:11,IF2305,IF2305,4025.2,10.0,12076320.0,-5.0,1,4025.2,4025.6,3,4026.8,4029.0,4029.0,4024.2,569.0,687267780.0,61379
2023-05-10 09:30:11,IF2305,IF2305,4025.8,12.0,14492460.0,-6.0,1,4025.8,4026.2,5,4026.8,4029.0,4029.0,4024.2,581.0,701760240.0,61373
2023-05-10 09:30:12,IF2305,IF2305,4026.2,15.0,18118020.0,-13.0,3,4026.2,4026.6,5,4026.8,4029.0,4029.0,4024.2,596.0,719878260.0,61360
2023-05-10 09:30:12,IF2305,IF2305,4025.6,21.0,25364220.0,-18.0,1,4025.6,4026.8,1,4026.8,4029.0,4029.0,4024.2,617.0,745242480.0,61342
2023-05-10 09:30:13,IF2305,IF2305,4026.6,22.0,26570940.0,-20.0,1,4026.0,4026.6,3,4026.8,4029.0,4029.0,4024.2,639.0,771813420.0,61322
2023-05-10 09:30:13,IF2305,IF2305,4025.4,24.0,28981620.0,-21.0,6,4024.6,4025.4,2,4026.8,4029.0,4029.0,4024.2,663.0,800795040.0,61301
2023-05-10 09:30:14,IF2305,IF2305,4025.4,22.0,26565840.0,-7.0,1,4025.4,4025.6,8,4026.8,4029.0,4029.0,4024.2,685.0,827360880.0,61294
2023-05-10 09:30:14,IF2305,IF2305,4024.6,9.0,10867920.0,-3.0,5,4024.4,4025.2,3,4026.8,4029.0,4029.0,4024.2,694.0,838228800.0,61291
2023-05-10 09:30:15,IF2305,IF2305,4025.4,8.0,9660420.0,-8.0,7,4024.6,4025.4,3,4026.8,4029.0,4029.0,4024.2,702.0,847889220.0,61283
2023-05-10 09:30:15,IF2305,IF2305,4024.8,11.0,13282560.0,-6.0,4,4024.8,4025.6,7,4026.8,4029.0,4029.0,4024.2,713.0,861171780.0,61277
2023-05-10 09:30:16,IF2305,IF2305,4025.4,18.0,21737820.0,-14.0,1,4025.2,4026.0,1,4026.8,4029.0,4029.0,4024.2,731.0,882909600.0,61263
2023-05-10 09:30:16,IF2305,IF2305,4026.2,13.0,15699120.0,-2.0,1,4026.0,4026.2,1,4026.8,4029.0,4029.0,4024.2,744.0,898608720.0,61261
2023-05-10 09:30:17,IF2305,IF2305,4026.2,6.0,7246860.0,-6.0,1,4025.4,4026.4,1,4026.8,4029.0,4029.0,4024.2,750.0,905855580.0,61255
2023-05-10 09:30:17,IF2305,IF2305,4025.6,1.0,1207680.0,-1.0,4,4025.6,4026.0,1,4026.8,4029.0,4029.0,4024.2,751.0,907063260.0,61254
2023-05-10 09:30:18,IF2305,IF2305,4026.4,4.0,4831260.0,-2.0,1,4026.0,4026.6,1,4026.8,4029.0,4029.0,4024.2,755.0,911894520.0,61252
2023-05-10 09:30:18,IF2305,IF2305,4026.6,4.0,4831500.0,-2.0,4,4026.6,4026.8,1,4026.8,4029.0,4029.0,4024.2,759.0,916726020.0,61250
2023-05-10 09:30:19,IF2305,IF2305,4026.6,12.0,14494380.0,-12.0,2,4025.4,4026.6,2,4026.8,4029.0,4029.0,4024.2,771.0,931220400.0,61238
2023-05-10 09:30:19,IF2305,IF2305,4025.0,26.0,31399980.0,-11.0,1,4025.0,4026.4,1,4026.8,4029.0,4029.0,4024.2,797.0,962620380.0,61227
2023-05-10 09:30:20,IF2305,IF2305,4026.2,10.0,12077760.0,-9.0,1,4025.0,4026.2,9,4026.8,4029.0,4029.0,4024.2,807.0,974698140.0,61218
2023-05-10 09:30:20,IF2305,IF2305,4025.6,4.0,4830060.0,-2.0,1,4025.0,4025.4,1,4026.8,4029.0,4029.0,4024.2,811.0,979528200.0,61216
2023-05-10 09:30:21,IF2305,IF2305,4025.6,8.0,9660780.0,-5.0,1,4025.2,4025.8,3,4026.8,4029.0,4029.0,4024.2,819.0,989188980.0,61211
2023-05-10 09:30:21,IF2305,IF2305,4025.6,9.0,10869180.0,-7.0,3,4025.2,4025.6,9,4026.8,4029.0,4029.0,4024.2,828.0,1000058160.0,61204
2023-05-10 09:30:22,IF2305,IF2305,4025.8,12.0,14492460.0,-11.0,9,4025.8,4026.2,1,4026.8,4029.0,4029.0,4024.2,840.0,1014550620.0,61193
2023-05-10 09:30:22,IF2305,IF2305,4026.8,7.0,8455500.0,-5.0,1,4026.2,4026.8,1,4026.8,4029.0,4029.0,4024.2,847.0,1023006120.0,61188
2023-05-10 09:30:23,IF2305,IF2305,4026.8,16.0,19331400.0,-4.0,2,4026.4,4028.0,9,4026.8,4029.0,4029.0,4024.2,863.0,1042337520.0,61184
2023-05-10 09:30:23,IF2305,IF2305,4026.6,2.0,2415960.0,-2.0,1,4026.8,4027.6,5,4026.8,4029.0,4029.0,4024.2,865.0,1044753480.0,61182
2023-05-10 09:30:24,IF2305,IF2305,4027.2,19.0,22956240.0,-18.0,5,4026.8,4027.2,8,4026.8,4029.0,4029.0,4024.2,884.0,1067709720.0,61164
2023-05-10 09:30:24,IF2305,IF2305,4027.0,6.0,7248540.0,-6.0,5,4026.8,4027.0,3,4026.8,4029.0,4029.0,4024.2,890.0,1074958260.0,61158
2023-05-10 09:30:25,IF2305,IF2305,4026.8,7.0,8456700.0,-6.0,3,4026.8,4027.6,1,4026.8,4029.0,4029.0,4024.2,897.0,1083414960.0,61152
2023-05-10 09:30:25,IF2305,IF2305,4027.6,2.0,2416560.0,-1.0,3,4027.6,4027.8,2,4026.8,4029.0,4029.0,4024.2,899.0,1085831520.0,61151
2023-05-10 09:30:26,IF2305,IF2305,4026.8,19.0,22955340.0,-7.0,3,4026.6,4026.8,1,4026.8,4029.0,4029.0,4024.2,918.0,1108786860.0,61144
2023-05-10 09:30:26,IF2305,IF2305,4027.6,6.0,7248720.0,-4.0,1,4027.6,4027.8,1,4026.8,4029.0,4029.0,4024.2,924.0,1116035580.0,61140
2023-05-10 09:30:27,IF2305,IF2305,4026.8,5.0,6040440.0,-4.0,1,4026.6,4026.8,4,4026.8,4029.0,4029.0,4024.2,929.0,1122076020.0,61136
2023-05-10 09:30:27,IF2305,IF2305,4025.8,11.0,13286280.0,-8.0,1,4025.6,4025.8,2,4026.8,4029.0,4029.0,4024.2,940.0,1135362300.0,61128
2023-05-10 09:30:28,IF2305,IF2305,4026.0,14.0,16907880.0,-7.0,1,4025.8,4026.0,2,4026.8,4029.0,4029.0,4024.2,954.0,1152270180.0,61121
2023-05-10 09:30:28,IF2305,IF2305,4025.4,10.0,12076860.0,-8.0,3,4024.8,4025.4,8,4026.8,4029.0,4029.0,4024.2,964.0,1164347040.0,61113
2023-05-10 09:30:29,IF2305,IF2305,4025.2,9.0,10867560.0,-5.0,1,4024.4,4025.2,4,4026.8,4029.0,4029.0,4024.2,973.0,1175214600.0,61108
2023-05-10 09:30:29,IF2305,IF2305,4025.4,4.0,4830060.0,-4.0,2,4024.4,4025.2,1,4026.8,4029.0,4029.0,4024.2,977.0,1180044660.0,61104
2023-05-10 09:30:30,IF2305,IF2305,4024.4,13.0,15697080.0,-5.0,3,4024.2,4024.4,5,4026.8,4029.0,4029.0,4024.2,990.0,1195741740.0,61099
2023-05-10 09:30:30,IF2305,IF2305,4024.6,18.0,21733200.0,-10.0,3,4024.6,4025.4,6,4026.8,4029.0,4029.0,4024.2,1008.0,1217474940.0,61089
2023-05-10 09:30:31,IF2305,IF2305,4025.2,4.0,4829700.0,-4.0,1,4024.8,4025.4,6,4026.8,4029.0,4029.0,4024.2,1012.0,1222304640.0,61085
2023-05-10 09:30:31,IF2305,IF2305,4024.6,10.0,12075120.0,-4.0,3,4024.6,4024.8,2,4026.8,4029.0,4029.0,4024.2,1022.0,1234379760.0,61081
2023-05-10 09:30:32,IF2305,IF2305,4024.6,13.0,15697140.0,-11.0,1,4024.8,4025.4,4,4026.8,4029.0,4029.0,4024.2,1035.0,1250076900.0,61070
2023-05-10 09:30:32,IF2305,IF2305,4024.8,8.0,9659160.0,-4.0,1,4024.8,4025.2,4,4026.8,4029.0,4029.0,4024.2,1043.0,1259736060.0,61066
2023-05-10 09:30:33,IF2305,IF2305,4025.0,10.0,12074460.0,0.0,3,4025.0,4025.2,4,4026.8,4029.0,4029.0,4024.2,1053.0,1271810520.0,61066
2023-05-10 09:30:33,IF2305,IF2305,4025.2,11.0,13282260.0,-7.0,1,4024.2,4024.8,1,4026.8,4029.0,4029.0,4024.2,1064.0,1285092780.0,61059
2023-05-10 09:30:34,IF2305,IF2305,4024.0,9.0,10866660.0,-2.0,2,4024.4,4025.4,4,4026.8,4029.0,4029.0,4024.0,1073.0,1295959440.0,61057
2023-05-10 09:30:34,IF2305,IF2305,4024.8,6.0,7244160.0,-5.0,6,4024.6,4024.8,1,4026.8,4029.0,4029.0,4024.0,1079.0,1303203600.0,61052
2023-05-10 09:30:35,IF2305,IF2305,4024.6,15.0,18111120.0,-9.0,1,4024.8,4025.2,3,4026.8,4029.0,4029.0,4024.0,1094.0,1321314720.0,61043
2023-05-10 09:30:35,IF2305,IF2305,4025.2,14.0,16904520.0,-11.0,1,4025.0,4025.2,5,4026.8,4029.0,4029.0,4024.0,1108.0,1338219240.0,61032
2023-05-10 09:30:36,IF2305,IF2305,4024.8,7.0,8452200.0,0.0,12,4024.0,4025.4,3,4026.8,4029.0,4029.0,4024.0,1115.0,1346671440.0,61032
2023-05-10 09:30:36,IF2305,IF2305,4024.4,3.0,3622500.0,-3.0,3,4025.2,4025.4,2,4026.8,4029.0,4029.0,4024.0,1118.0,1350293940.0,61029
2023-05-10 09:30:37,IF2305,IF2305,4024.4,6.0,7244760.0,-5.0,5,4024.2,4025.0,2,4026.8,4029.0,4029.0,4024.0,1124.0,1357538700.0,61024
2023-05-10 09:30:37,IF2305,IF2305,4025.0,3.0,3622320.0,-2.0,1,4024.2,4025.0,2,4026.8,4029.0,4029.0,4024.0,1127.0,1361161020.0,61022
2023-05-10 09:30:38,IF2305,IF2305,4025.4,6.0,7245120.0,-2.0,2,4025.0,4025.4,1,4026.8,4029.0,4029.0,4024.0,1133.0,1368406140.0,61020
2023-05-10 09:30:38,IF2305,IF2305,4024.8,5.0,6036960.0,-3.0,12,4024.0,4024.8,1,4026.8,4029.0,4029.0,4024.0,1138.0,1374443100.0,61017
2023-05-10 09:30:39,IF2305,IF2305,4024.6,11.0,13279380.0,-10.0,2,4024.0,4024.6,3,4026.8,4029.0,4029.0,4024.0,1149.0,1387722480.0,61007
2023-05-10 09:30:39,IF2305,IF2305,4023.6,13.0,15692940.0,-10.0,20,4023.6,4024.4,3,4026.8,4029.0,4029.0,4023.6,1162.0,1403415420.0,60997
2023-05-10 09:30:40,IF2305,IF2305,4024.0,19.0,22934640.0,-19.0,2,4023.6,4024.0,3,4026.8,4029.0,4029.0,4023.6,1181.0,1426350060.0,60978
2023-05-10 09:30:40,IF2305,IF2305,4023.6,11.0,13277460.0,-7.0,4,4023.2,4023.6,4,4026.8,4029.0,4029.0,4023.4,1192.0,1439627520.0,60971
2023-05-10 09:30:41,IF2305,IF2305,4023.8,11.0,13277100.0,-5.0,2,4023.6,4023.8,3,4026.8,4029.0,4029.0,4023.2,1203.0,1452904620.0,60966
2023-05-10 09:30:41,IF2305,IF2305,4023.8,9.0,10864020.0,-8.0,1,4023.8,4024.0,3,4026.8,4029.0,4029.0,4023.2,1212.0,1463768640.0,60958
2023-05-10 09:30:42,IF2305,IF2305,4023.6,16.0,19314720.0,-11.0,2,4023.6,4024.4,4,4026.8,4029.0,4029.0,4023.2,1228.0,1483083360.0,60947
2023-05-10 09:30:42,IF2305,IF2305,4024.4,6.0,7243320.0,-2.0,2,4024.0,4024.4,1,4026.8,4029.0,4029.0,4023.2,1234.0,1490326680.0,60945
2023-05-10 09:30:43,IF2305,IF2305,4024.2,3.0,3621840.0,0.0,5,4024.2,4024.4,2,4026.8,4029.0,4029.0,4023.2,1237.0,1493948520.0,60945
2023-05-10 09:30:43,IF2305,IF2305,4024.2,16.0,19317780.0,-5.0,1,4024.0,4024.2,1,4026.8,4029.0,4029.0,4023.2,1253.0,1513266300.0,60940
2023-05-10 09:30:44,IF2305,IF2305,4024.2,11.0,13279500.0,-9.0,2,4024.2,4025.2,5,4026.8,4029.0,4029.0,4023.2,1264.0,1526545800.0,60931
2023-05-10 09:30:44,IF2305,IF2305,4024.2,2.0,2414520.0,0.0,1,4023.6,4024.0,1,4026.8,4029.0,4029.0,4023.2,1266.0,1528960320.0,60931
2023-05-10 09:30:45,IF2305,IF2305,4023.8,4.0,4828380.0,-2.0,1,4023.2,4023.8,9,4026.8,4029.0,4029.0,4023.2,1270.0,1533788700.0,60929
2023-05-10 09:30:45,IF2305,IF2305,4023.2,6.0,7242480.0,-6.0,5,4023.0,4023.8,8,4026.8,4029.0,4029.0,4023.2,1276.0,1541031180.0,60923
2023-05-10 09:30:46,IF2305,IF2305,4023.6,4.0,4828260.0,0.0,4,4023.0,4023.6,1,4026.8,4029.0,4029.0,4023.0,1280.0,1545859440.0,60923
2023-05-10 09:30:46,IF2305,IF2305,4023.6,4.0,4828320.0,-3.0,1,4023.2,4023.4,5,4026.8,4029.0,4029.0,4023.0,1284.0,1550687760.0,60920
2023-05-10 09:30:47,IF2305,IF2305,4023.4,4.0,4828080.0,-4.0,6,4023.0,4023.4,2,4026.8,4029.0,4029.0,4023.0,1288.0,1555515840.0,60916
2023-05-10 09:30:47,IF2305,IF2305,4023.6,19.0,22931880.0,-9.0,1,4023.0,4023.6,1,4026.8,4029.0,4029.0,4023.0,1307.0,1578447720.0,60907
2023-05-10 09:30:48,IF2305,IF2305,4023.8,5.0,6035160.0,0.0,3,4023.6,4023.8,6,4026.8,4029.0,4029.0,4023.0,1312.0,1584482880.0,60907
2023-05-10 09:30:48,IF2305,IF2305,4023.0,9.0,10863120.0,-8.0,1,4022.8,4023.0,3,4026.8,4029.0,4029.0,4022.8,1321.0,1595346000.0,60899
2023-05-10 09:30:49,IF2305,IF2305,4023.2,17.0,20519460.0,-3.0,4,4023.0,4023.2,5,4026.8,4029.0,4029.0,4022.8,1338.0,1615865460.0,60896
2023-05-10 09:30:49,IF2305,IF2305,4023.0,8.0,9655740.0,-2.0,3,4023.2,4023.8,1,4026.8,4029.0,4029.0,4022.8,1346.0,1625521200.0,60894
2023-05-10 09:30:50,IF2305,IF2305,4023.8,11.0,13276140.0,-10.0,1,4023.4,4024.2,1,4026.8,4029.0,4029.0,4022.8,1357.0,1638797340.0,60884
2023-05-10 09:30:50,IF2305,IF2305,4023.2,8.0,9655680.0,-4.0,4,4022.8,4023.2,3,4026.8,4029.0,4029.0,4022.8,1365.0,1648453020.0,60880
2023-05-10 09:30:51,IF2305,IF2305,4022.8,9.0,10861740.0,0.0,3,4022.2,4022.8,1,4026.8,4029.0,4029.0,4022.8,1374.0,1659314760.0,60880
2023-05-10 09:30:51,IF2305,IF2305,4021.8,31.0,37412220.0,-15.0,1,4022.4,4023.2,3,4026.8,4029.0,4029.0,4021.8,1405.0,1696726980.0,60865
2023-05-10 09:30:52,IF2305,IF2305,4022.8,3.0,3620520.0,0.0,1,4022.4,4023.2,4,4026.8,4029.0,4029.0,4021.8,1408.0,1700347500.0,60865
2023-05-10 09:30:52,IF2305,IF2305,4023.0,11.0,13275300.0,-8.0,4,4022.8,4023.2,1,4026.8,4029.0,4029.0,4021.8,1419.0,1713622800.0,60857
2023-05-10 09:30:53,IF2305,IF2305,4023.2,3.0,3620880.0,-2.0,6,4023.2,4023.8,1,4026.8,4029.0,4029.0,4021.8,1422.0,1717243680.0,60855
2023-05-10 09:30:53,IF2305,IF2305,4023.4,6.0,7242180.0,-6.0,2,4023.4,4023.6,4,4026.8,4029.0,4029.0,4021.8,1428.0,1724485860.0,60849
2023-05-10 09:30:54,IF2305,IF2305,4023.4,8.0,9656040.0,-7.0,2,4023.2,4024.0,6,4026.8,4029.0,4029.0,4021.8,1436.0,1734141900.0,60842
2023-05-10 09:30:54,IF2305,IF2305,4022.8,8.0,9655380.0,-1.0,3,4022.6,4023.8,1,4026.8,4029.0,4029.0,4021.8,1444.0,1743797280.0,60841
2023-05-10 09:30:55,IF2305,IF2305,4023.6,7.0,8448600.0,-4.0,1,4022.6,4023.6,3,4026.8,4029.0,4029.0,4021.8,1451.0,1752245880.0,60837
2023-05-10 09:30:55,IF2305,IF2305,4022.2,9.0,10861440.0,-1.0,1,4022.0,4022.2,5,4026.8,4029.0,4029.0,4021.8,1460.0,1763107320.0,60836
2023-05-10 09:30:56,IF2305,IF2305,4022.4,12.0,14480940.0,-5.0,7,4022.2,4023.2,1,4026.8,4029.0,4029.0,4021.8,1472.0,1777588260.0,60831
2023-05-10 09:30:56,IF2305,IF2305,4022.0,14.0,16893720.0,-10.0,1,4021.8,4022.0,3,4026.8,4029.0,4029.0,4021.8,1486.0,1794481980.0,60821
2023-05-10 09:30:57,IF2305,IF2305,4022.2,8.0,9652980.0,-8.0,1,4022.2,4022.6,1,4026.8,4029.0,4029.0,4021.8,1494.0,1804134960.0,60813
2023-05-10 09:30:57,IF2305,IF2305,4022.4,9.0,10859580.0,-7.0,1,4022.2,4023.2,1,4026.8,4029.0,4029.0,4021.6,1503.0,1814994540.0,60806
2023-05-10 09:30:58,IF2305,IF2305,4023.0,2.0,2413800.0,2.0,5,4022.6,4023.0,7,4026.8,4029.0,4029.0,4021.6,1505.0,1817408340.0,60808
2023-05-10 09:30:58,IF2305,IF2305,4021.6,17.0,20513280.0,-12.0,18,4021.6,4022.2,1,4026.8,4029.0,4029.0,4021.6,1522.0,1837921620.0,60796
2023-05-10 09:30:59,IF2305,IF2305,4022.0,7.0,8445900.0,-6.0,14,4021.6,4022.4,3,4026.8,4029.0,4029.0,4021.6,1529.0,1846367520.0,60790
2023-05-10 09:30:59,IF2305,IF2305,4021.6,15.0,18097200.0,-15.0,8,4021.0,4022.0,1,4026.8,4029.0,4029.0,4021.6,1544.0,1864464720.0,60775
2023-05-10 09:31:00,IF2305,IF2305,4020.4,34.0,41015760.0,-26.0,2,4020.4,4021.0,2,4026.8,4029.0,4029.0,4020.4,1578.0,1905480480.0,60749
2023-05-10 09:31:00,IF2305,IF2305,4020.2,40.0,48241200.0,-28.0,9,4019.8,4020.2,29,4026.8,4029.0,4029.0,4019.8,1618.0,1953721680.0,60721
2023-05-10 09:31:01,IF2305,IF2305,4019.6,18.0,21706080.0,-12.0,3,4019.0,4019.6,3,4026.8,4029.0,4029.0,4019.0,1636.0,1975427760.0,60709
2023-05-10 09:31:01,IF2305,IF2305,4019.4,38.0,45818580.0,-9.0,1,4019.4,4019.6,2,4026.8,4029.0,4029.0,4018.2,1674.0,2021246340.0,60700
2023-05-10 09:31:02,IF2305,IF2305,4019.4,13.0,15674340.0,-10.0,1,4018.0,4019.4,4,4026.8,4029.0,4029.0,4018.0,1687.0,2036920680.0,60690
2023-05-10 09:31:02,IF2305,IF2305,4019.4,16.0,19291380.0,-6.0,10,4018.2,4019.4,5,4026.8,4029.0,4029.0,4018.0,1703.0,2056212060.0,60684
2023-05-10 09:31:03,IF2305,IF2305,4019.4,7.0,8439780.0,-1.0,16,4018.4,4019.4,4,4026.8,4029.0,4029.0,4018.0,1710.0,2064651840.0,60683
2023-05-10 09:31:03,IF2305,IF2305,4018.4,23.0,27729360.0,-15.0,4,4018.4,4019.2,5,4026.8,4029.0,4029.0,4018.0,1733.0,2092381200.0,60668
2023-05-10 09:31:04,IF2305,IF2305,4019.0,28.0,33755040.0,-17.0,3,4017.6,4019.0,2,4026.8,4029.0,4029.0,4018.0,1761.0,2126136240.0,60651
2023-05-10 09:31:04,IF2305,IF2305,4017.0,13.0,15669420.0,-9.0,2,4017.0,4017.8,2,4026.8,4029.0,4029.0,4017.0,1774.0,2141805660.0,60642
2023-05-10 09:31:05,IF2305,IF2305,4017.0,24.0,28924800.0,-18.0,2,4017.0,4017.4,1,4026.8,4029.0,4029.0,4017.0,1798.0,2170730460.0,60624
2023-05-10 09:31:05,IF2305,IF2305,4017.0,8.0,9641100.0,-4.0,6,4016.0,4017.0,2,4026.8,4029.0,4029.0,4017.0,1806.0,2180371560.0,60620
2023-05-10 09:31:06,IF2305,IF2305,4016.8,13.0,15664920.0,-3.0,3,4016.0,4016.8,3,4026.8,4029.0,4029.0,4016.0,1819.0,2196036480.0,60617
2023-05-10 09:31:06,IF2305,IF2305,4016.8,9.0,10844880.0,-6.0,1,4016.0,4016.6,1,4026.8,4029.0,4029.0,4016.0,1828.0,2206881360.0,60611
2023-05-10 09:31:07,IF2305,IF2305,4016.0,5.0,6024120.0,0.0,2,4016.6,4017.0,5,4026.8,4029.0,4029.0,4015.8,1833.0,2212905480.0,60611
2023-05-10 09:31:07,IF2305,IF2305,4016.0,6.0,7229580.0,1.0,1,4016.0,4016.6,3,4026.8,4029.0,4029.0,4015.8,1839.0,2220135060.0,60612
2023-05-10 09:31:08,IF2305,IF2305,4016.4,6.0,7229280.0,-4.0,1,4016.0,4016.4,3,4026.8,4029.0,4029.0,4015.8,1845.0,2227364340.0,60608
2023-05-10 09:31:08,IF2305,IF2305,4016.4,12.0,14459100.0,-6.0,5,4016.0,4016.2,5,4026.8,4029.0,4029.0,4015.6,1857.0,2241823440.0,60602
2023-05-10 09:31:09,IF2305,IF2305,4016.0,7.0,8433600.0,-5.0,6,4015.2,4016.0,6,4026.8,4029.0,4029.0,4015.6,1864.0,2250257040.0,60597
2023-05-10 09:31:09,IF2305,IF2305,4016.0,12.0,14457360.0,-7.0,2,4015.4,4016.0,8,4026.8,4029.0,4029.0,4015.2,1876.0,2264714400.0,60590
2023-05-10 09:31:10,IF2305,IF2305,4016.2,18.0,21686160.0,-11.0,1,4016.0,4016.4,10,4026.8,4029.0,4029.0,4015.2,1894.0,2286400560.0,60579
2023-05-10 09:31:10,IF2305,IF2305,4016.6,15.0,18073740.0,-3.0,1,4015.4,4016.2,7,4026.8,4029.0,4029.0,4015.2,1909.0,2304474300.0,60576
2023-05-10 09:31:11,IF2305,IF2305,4016.4,12.0,14458680.0,-11.0,5,4016.4,4017.0,13,4026.8,4029.0,4029.0,4015.2,1921.0,2318932980.0,60565
2023-05-10 09:31:11,IF2305,IF2305,4016.8,25.0,30126300.0,-7.0,1,4017.0,4017.8,1,4026.8,4029.0,4029.0,4015.2,1946.0,2349059280.0,60558
2023-05-10 09:31:12,IF2305,IF2305,4017.6,19.0,22895160.0,-12.0,2,4017.2,4017.6,2,4026.8,4029.0,4029.0,4015.2,1965.0,2371954440.0,60546
2023-05-10 09:31:12,IF2305,IF2305,4016.2,8.0,9640200.0,-7.0,2,4016.2,4016.6,3,4026.8,4029.0,4029.0,4015.2,1973.0,2381594640.0,60539
2023-05-10 09:31:13,IF2305,IF2305,4016.4,9.0,10843620.0,-7.0,2,4016.2,4016.4,2,4026.8,4029.0,4029.0,4015.2,1982.0,2392438260.0,60532
2023-05-10 09:31:13,IF2305,IF2305,4016.6,19.0,22893900.0,-15.0,5,4016.6,4016.8,2,4026.8,4029.0,4029.0,4015.2,2001.0,2415332160.0,60517
2023-05-10 09:31:14,IF2305,IF2305,4017.2,12.0,14460180.0,-8.0,2,4016.8,4017.6,3,4026.8,4029.0,4029.0,4015.2,2013.0,2429792340.0,60509
2023-05-10 09:31:14,IF2305,IF2305,4017.0,14.0,16870980.0,-3.0,4,4016.4,4016.6,8,4026.8,4029.0,4029.0,4015.2,2027.0,2446663320.0,60506
2023-05-10 09:31:15,IF2305,IF2305,4016.6,13.0,15665220.0,-3.0,38,4016.6,4017.6,8,4026.8,4029.0,4029.0,4015.2,2040.0,2462328540.0,60503
2023-05-10 09:31:15,IF2305,IF2305,4017.6,21.0,25308180.0,-5.0,4,4016.8,4017.6,3,4026.8,4029.0,4029.0,4015.2,2061.0,2487636720.0,60498
2023-05-10 09:31:16,IF2305,IF2305,4017.2,12.0,14460300.0,-1.0,1,4016.6,4017.6,7,4026.8,4029.0,4029.0,4015.2,2073.0,2502097020.0,60497
2023-05-10 09:31:16,IF2305,IF2305,4017.0,22.0,26508300.0,-9.0,5,4016.0,4017.0,2,4026.8,4029.0,4029.0,4015.2,2095.0,2528605320.0,60488
2023-05-10 09:31:17,IF2305,IF2305,4016.6,6.0,7230360.0,5.0,1,4016.2,4016.6,4,4026.8,4029.0,4029.0,4015.2,2101.0,2535835680.0,60493
2023-05-10 09:31:17,IF2305,IF2305,4016.8,16.0,19278660.0,-8.0,7,4016.6,4016.8,4,4026.8,4029.0,4029.0,4015.2,2117.0,2555114340.0,60485
2023-05-10 09:31:18,IF2305,IF2305,4016.2,10.0,12049440.0,-7.0,1,4015.8,4016.2,4,4026.8,4029.0,4029.0,4015.2,2127.0,2567163780.0,60478
2023-05-10 09:31:18,IF2305,IF2305,4016.2,18.0,21687660.0,-5.0,1,4016.2,4016.6,1,4026.8,4029.0,4029.0,4015.2,2145.0,2588851440.0,60473
2023-05-10 09:31:19,IF2305,IF2305,4015.8,8.0,9638520.0,-3.0,2,4015.6,4015.8,5,4026.8,4029.0,4029.0,4015.2,2153.0,2598489960.0,60470
2023-05-10 09:31:19,IF2305,IF2305,4015.0,27.0,32523840.0,-17.0,3,4014.0,4015.0,7,4026.8,4029.0,4029.0,4014.0,2180.0,2631013800.0,60453
2023-05-10 09:31:20,IF2305,IF2305,4014.4,14.0,16862520.0,-7.0,2,4014.4,4015.2,1,4026.8,4029.0,4029.0,4014.0,2194.0,2647876320.0,60446
2023-05-10 09:31:20,IF2305,IF2305,4014.4,13.0,15658020.0,-8.0,11,4014.2,4014.4,5,4026.8,4029.0,4029.0,4014.0,2207.0,2663534340.0,60438
2023-05-10 09:31:21,IF2305,IF2305,4014.6,13.0,15656760.0,-7.0,38,4014.4,4015.4,4,4026.8,4029.0,4029.0,4014.0,2220.0,2679191100.0,60431
2023-05-10 09:31:21,IF2305,IF2305,4015.4,11.0,13249020.0,-5.0,2,4014.6,4015.4,2,4026.8,4029.0,4029.0,4014.0,2231.0,2692440120.0,60426
2023-05-10 09:31:22,IF2305,IF2305,4014.6,2.0,2408760.0,-2.0,1,4014.8,4015.2,2,4026.8,4029.0,4029.0,4014.0,2233.0,2694848880.0,60424
2023-05-10 09:31:22,IF2305,IF2305,4014.8,8.0,9634980.0,-1.0,1,4013.8,4014.8,1,4026.8,4029.0,4029.0,4014.0,2241.0,2704483860.0,60423
2023-05-10 09:31:23,IF2305,IF2305,4013.2,9.0,10837080.0,-2.0,4,4014.0,4014.4,1,4026.8,4029.0,4029.0,4013.2,2250.0,2715320940.0,60421
2023-05-10 09:31:23,IF2305,IF2305,4013.0,21.0,25284960.0,-3.0,5,4013.0,4014.2,2,4026.8,4029.0,4029.0,4013.0,2271.0,2740605900.0,60418
2023-05-10 09:31:24,IF2305,IF2305,4013.6,5.0,6020880.0,-2.0,1,4013.4,4014.0,1,4026.8,4029.0,4029.0,4013.0,2276.0,2746626780.0,60416
2023-05-10 09:31:24,IF2305,IF2305,4014.2,5.0,6021300.0,-1.0,5,4014.0,4014.6,1,4026.8,4029.0,4029.0,4013.0,2281.0,2752648080.0,60415
2023-05-10 09:31:25,IF2305,IF2305,4014.0,8.0,9633180.0,-5.0,1,4013.4,4014.2,1,4026.8,4029.0,4029.0,4013.0,2289.0,2762281260.0,60410
2023-05-10 09:31:25,IF2305,IF2305,4014.0,2.0,2408400.0,-2.0,2,4013.4,4014.0,2,4026.8,4029.0,4029.0,4013.0,2291.0,2764689660.0,60408
2023-05-10 09:31:26,IF2305,IF2305,4014.0,2.0,2408400.0,-1.0,14,4014.0,4014.2,1,4026.8,4029.0,4029.0,4013.0,2293.0,2767098060.0,60407
2023-05-10 09:31:26,IF2305,IF2305,4014.0,11.0,13246260.0,-9.0,5,4014.0,4014.4,1,4026.8,4029.0,4029.0,4013.0,2304.0,2780344320.0,60398
2023-05-10 09:31:27,IF2305,IF2305,4014.4,5.0,6021240.0,-1.0,3,4014.0,4014.6,2,4026.8,4029.0,4029.0,4013.0,2309.0,2786365560.0,60397
2023-05-10 09:31:27,IF2305,IF2305,4014.0,12.0,14450820.0,-8.0,1,4013.6,4014.0,17,4026.8,4029.0,4029.0,4013.0,2321.0,2800816380.0,60389
2023-05-10 09:31:28,IF2305,IF2305,4013.8,23.0,27696360.0,-13.0,3,4013.8,4014.8,4,4026.8,4029.0,4029.0,4013.0,2344.0,2828512740.0,60376
2023-05-10 09:31:28,IF2305,IF2305,4014.6,7.0,8429580.0,-2.0,1,4013.8,4014.6,1,4026.8,4029.0,4029.0,4013.0,2351.0,2836942320.0,60374
2023-05-10 09:31:29,IF2305,IF2305,4014.2,1.0,1204260.0,-1.0,2,4014.0,4014.4,3,4026.8,4029.0,4029.0,4013.0,2352.0,2838146580.0,60373
2023-05-10 09:31:29,IF2305,IF2305,4014.0,5.0,6021540.0,-5.0,4,4014.0,4014.8,5,4026.8,4029.0,4029.0,4013.0,2357.0,2844168120.0,60368
2023-05-10 09:31:30,IF2305,IF2305,4014.4,5.0,6021840.0,-4.0,1,4014.4,4014.6,2,4026.8,4029.0,4029.0,4013.0,2362.0,2850189960.0,60364
2023-05-10 09:31:30,IF2305,IF2305,4014.8,11.0,13248480.0,-7.0,10,4014.6,4015.4,1,4026.8,4029.0,4029.0,4013.0,2373.0,2863438440.0,60357
2023-05-10 09:31:31,IF2305,IF2305,4015.2,7.0,8431860.0,-6.0,1,4015.0,4015.6,5,4026.8,4029.0,4029.0,4013.0,2380.0,2871870300.0,60351
2023-05-10 09:31:31,IF2305,IF2305,4015.4,13.0,15660780.0,-8.0,2,4016.0,4016.2,6,4026.8,4029.0,4029.0,4013.0,2393.0,2887531080.0,60343
2023-05-10 09:31:32,IF2305,IF2305,4015.8,13.0,15661140.0,-6.0,7,4015.4,4015.8,6,4026.8,4029.0,4029.0,4013.0,2406.0,2903192220.0,60337
2023-05-10 09:31:32,IF2305,IF2305,4015.0,20.0,24090780.0,-13.0,1,4014.6,4015.0,8,4026.8,4029.0,4029.0,4013.0,2426.0,2927283000.0,60324
2023-05-10 09:31:33,IF2305,IF2305,4014.6,10.0,12044700.0,-2.0,2,4014.4,4014.8,3,4026.8,4029.0,4029.0,4013.0,2436.0,2939327700.0,60322
2023-05-10 09:31:33,IF2305,IF2305,4014.6,10.0,12043920.0,-10.0,1,4014.4,4015.0,6,4026.8,4029.0,4029.0,4013.0,2446.0,2951371620.0,60312
2023-05-10 09:31:34,IF2305,IF2305,4014.2,10.0,12043260.0,-7.0,9,4014.0,4014.4,11,4026.8,4029.0,4029.0,4013.0,2456.0,2963414880.0,60305
2023-05-10 09:31:34,IF2305,IF2305,4014.4,9.0,10838640.0,-7.0,8,4014.0,4014.4,5,4026.8,4029.0,4029.0,4013.0,2465.0,2974253520.0,60298
2023-05-10 09:31:35,IF2305,IF2305,4014.4,13.0,15656160.0,-7.0,3,4014.4,4014.6,1,4026.8,4029.0,4029.0,4013.0,2478.0,2989909680.0,60291
2023-05-10 09:31:35,IF2305,IF2305,4015.0,5.0,6022020.0,-2.0,3,4014.6,4015.0,5,4026.8,4029.0,4029.0,4013.0,2483.0,2995931700.0,60289
2023-05-10 09:31:36,IF2305,IF2305,4015.0,13.0,15658680.0,-4.0,1,4015.0,4015.6,5,4026.8,4029.0,4029.0,4013.0,2496.0,3011590380.0,60285
2023-05-10 09:31:36,IF2305,IF2305,4015.4,4.0,4818420.0,-1.0,2,4015.2,4015.6,4,4026.8,4029.0,4029.0,4013.0,2500.0,3016408800.0,60284
2023-05-10 09:31:37,IF2305,IF2305,4015.2,8.0,9637320.0,-4.0,1,4015.2,4015.4,2,4026.8,4029.0,4029.0,4013.0,2508.0,3026046120.0,60280
2023-05-10 09:31:37,IF2305,IF2305,4014.8,7.0,8431560.0,-2.0,2,4014.8,4015.2,10,4026.8,4029.0,4029.0,4013.0,2515.0,3034477680.0,60278
2023-05-10 09:31:38,IF2305,IF2305,4014.8,12.0,14452800.0,-9.0,5,4014.4,4015.0,4,4026.8,4029.0,4029.0,4013.0,2527.0,3048930480.0,60269
2023-05-10 09:31:38,IF2305,IF2305,4015.2,7.0,8431080.0,-2.0,3,4014.4,4015.4,3,4026.8,4029.0,4029.0,4013.0,2534.0,3057361560.0,60267
2023-05-10 09:31:39,IF2305,IF2305,4015.2,0.0,0.0,0.0,1,4015.0,4015.2,2,4026.8,4029.0,4029.0,4013.0,2534.0,3057361560.0,60267
2023-05-10 09:31:39,IF2305,IF2305,4015.0,3.0,3613620.0,-2.0,3,4015.0,4015.4,3,4026.8,4029.0,4029.0,4013.0,2537.0,3060975180.0,60265
2023-05-10 09:31:40,IF2305,IF2305,4015.0,10.0,12045660.0,-7.0,1,4015.2,4015.8,1,4026.8,4029.0,4029.0,4013.0,2547.0,3073020840.0,60258
2023-05-10 09:31:40,IF2305,IF2305,4015.2,3.0,3614040.0,-1.0,3,4015.0,4015.6,1,4026.8,4029.0,4029.0,4013.0,2550.0,3076634880.0,60257
2023-05-10 09:31:41,IF2305,IF2305,4015.6,4.0,4818840.0,-4.0,4,4015.4,4016.0,1,4026.8,4029.0,4029.0,4013.0,2554.0,3081453720.0,60253
2023-05-10 09:31:41,IF2305,IF2305,4015.8,2.0,2409540.0,0.0,2,4015.6,4015.8,13,4026.8,4029.0,4029.0,4013.0,2556.0,3083863260.0,60253
2023-05-10 09:31:42,IF2305,IF2305,4015.8,11.0,13252080.0,-8.0,4,4015.8,4016.0,1,4026.8,4029.0,4029.0,4013.0,2567.0,3097115340.0,60245
2023-05-10 09:31:42,IF2305,IF2305,4015.8,10.0,12047940.0,-2.0,2,4015.8,4016.2,2,4026.8,4029.0,4029.0,4013.0,2577.0,3109163280.0,60243
2023-05-10 09:31:43,IF2305,IF2305,4016.0,4.0,4819320.0,-2.0,3,4016.0,4016.6,1,4026.8,4029.0,4029.0,4013.0,2581.0,3113982600.0,60241
2023-05-10 09:31:43,IF2305,IF2305,4016.0,2.0,2409600.0,-2.0,1,4016.0,4016.4,1,4026.8,4029.0,4029.0,4013.0,2583.0,3116392200.0,60239
2023-05-10 09:31:44,IF2305,IF2305,4016.4,5.0,6024600.0,-2.0,1,4016.4,4016.6,1,4026.8,4029.0,4029.0,4013.0,2588.0,3122416800.0,60237
2023-05-10 09:31:44,IF2305,IF2305,4017.0,44.0,53004240.0,-37.0,3,4016.8,4017.0,4,4026.8,4029.0,4029.0,4013.0,2632.0,3175421040.0,60200
2023-05-10 09:31:45,IF2305,IF2305,4016.6,11.0,13254780.0,-5.0,2,4015.6,4016.6,2,4026.8,4029.0,4029.0,4013.0,2643.0,3188675820.0,60195
2023-05-10 09:31:45,IF2305,IF2305,4016.8,11.0,13253280.0,-6.0,1,4015.0,4016.8,2,4026.8,4029.0,4029.0,4013.0,2654.0,3201929100.0,60189
2023-05-10 09:31:46,IF2305,IF2305,4016.6,6.0,7229700.0,-4.0,1,4016.0,4016.8,3,4026.8,4029.0,4029.0,4013.0,2660.0,3209158800.0,60185
2023-05-10 09:31:46,IF2305,IF2305,4016.6,6.0,7229880.0,-5.0,5,4016.2,4016.6,1,4026.8,4029.0,4029.0,4013.0,2666.0,3216388680.0,60180
2023-05-10 09:31:47,IF2305,IF2305,4016.2,6.0,7229760.0,-4.0,3,4016.8,4017.4,4,4026.8,4029.0,4029.0,4013.0,2672.0,3223618440.0,60176
2023-05-10 09:31:47,IF2305,IF2305,4017.2,13.0,15664440.0,-8.0,3,4015.6,4017.2,7,4026.8,4029.0,4029.0,4013.0,2685.0,3239282880.0,60168
2023-05-10 09:31:48,IF2305,IF2305,4017.2,5.0,6025800.0,-5.0,7,4015.8,4017.2,10,4026.8,4029.0,4029.0,4013.0,2690.0,3245308680.0,60163
2023-05-10 09:31:48,IF2305,IF2305,4016.6,3.0,3615120.0,0.0,6,4016.0,4017.2,10,4026.8,4029.0,4029.0,4013.0,2693.0,3248923800.0,60163
2023-05-10 09:31:49,IF2305,IF2305,4017.2,19.0,22896900.0,-13.0,19,4017.2,4017.6,2,4026.8,4029.0,4029.0,4013.0,2712.0,3271820700.0,60150
2023-05-10 09:31:49,IF2305,IF2305,4017.6,16.0,19283040.0,-11.0,10,4017.2,4017.6,3,4026.8,4029.0,4029.0,4013.0,2728.0,3291103740.0,60139
2023-05-10 09:31:50,IF2305,IF2305,4017.6,15.0,18077880.0,-2.0,6,4016.6,4017.8,3,4026.8,4029.0,4029.0,4013.0,2743.0,3309181620.0,60137
2023-05-10 09:31:50,IF2305,IF2305,4017.4,1.0,1205220.0,-1.0,1,4017.2,4017.6,4,4026.8,4029.0,4029.0,4013.0,2744.0,3310386840.0,60136
2023-05-10 09:31:51,IF2305,IF2305,4018.0,11.0,13258800.0,-4.0,2,4018.0,4018.2,9,4026.8,4029.0,4029.0,4013.0,2755.0,3323645640.0,60132
2023-05-10 09:31:51,IF2305,IF2305,4018.0,10.0,12053760.0,-10.0,2,4017.4,4018.0,5,4026.8,4029.0,4029.0,4013.0,2765.0,3335699400.0,60122
2023-05-10 09:31:52,IF2305,IF2305,4017.4,6.0,7231440.0,1.0,1,4017.2,4017.4,3,4026.8,4029.0,4029.0,4013.0,2771.0,3342930840.0,60123
2023-05-10 09:31:52,IF2305,IF2305,4017.4,11.0,13258380.0,-3.0,3,4017.0,4017.2,1,4026.8,4029.0,4029.0,4013.0,2782.0,3356189220.0,60120
2023-05-10 09:31:53,IF2305,IF2305,4016.8,17.0,20488740.0,-10.0,1,4016.6,4018.2,9,4026.8,4029.0,4029.0,4013.0,2799.0,3376677960.0,60110
2023-05-10 09:31:53,IF2305,IF2305,4016.8,0.0,0.0,0.0,1,4017.4,4017.6,13,4026.8,4029.0,4029.0,4013.0,2799.0,3376677960.0,60110
2023-05-10 09:31:54,IF2305,IF2305,4017.2,9.0,10846740.0,-2.0,1,4017.0,4017.2,1,4026.8,4029.0,4029.0,4013.0,2808.0,3387524700.0,60108
2023-05-10 09:31:54,IF2305,IF2305,4017.4,3.0,3615540.0,-2.0,2,4017.2,4017.4,6,4026.8,4029.0,4029.0,4013.0,2811.0,3391140240.0,60106
2023-05-10 09:31:55,IF2305,IF2305,4017.2,12.0,14462760.0,-7.0,3,4017.0,4017.6,6,4026.8,4029.0,4029.0,4013.0,2823.0,3405603000.0,60099
2023-05-10 09:31:55,IF2305,IF2305,4017.6,3.0,3615840.0,0.0,6,4017.2,4017.6,4,4026.8,4029.0,4029.0,4013.0,2826.0,3409218840.0,60099
2023-05-10 09:31:56,IF2305,IF2305,4018.0,7.0,8437200.0,-3.0,7,4017.6,4018.2,2,4026.8,4029.0,4029.0,4013.0,2833.0,3417656040.0,60096
2023-05-10 09:31:56,IF2305,IF2305,4018.2,6.0,7232400.0,-4.0,1,4017.8,4018.2,2,4026.8,4029.0,4029.0,4013.0,2839.0,3424888440.0,60092
2023-05-10 09:31:57,IF2305,IF2305,4018.2,8.0,9643620.0,-5.0,16,4018.2,4018.6,2,4026.8,4029.0,4029.0,4013.0,2847.0,3434532060.0,60087
2023-05-10 09:31:57,IF2305,IF2305,4018.6,8.0,9643920.0,-3.0,10,4018.2,4018.6,1,4026.8,4029.0,4029.0,4013.0,2855.0,3444175980.0,60084
2023-05-10 09:31:58,IF2305,IF2305,4019.4,2.0,2411400.0,-1.0,10,4018.2,4019.4,11,4026.8,4029.0,4029.0,4013.0,2857.0,3446587380.0,60083
2023-05-10 09:31:58,IF2305,IF2305,4018.6,3.0,3616800.0,-1.0,10,4018.2,4019.0,8,4026.8,4029.0,4029.0,4013.0,2860.0,3450204180.0,60082
2023-05-10 09:31:59,IF2305,IF2305,4018.8,3.0,3616680.0,-1.0,6,4018.6,4019.0,8,4026.8,4029.0,4029.0,4013.0,2863.0,3453820860.0,60081
2023-05-10 09:31:59,IF2305,IF2305,4018.8,38.0,45806160.0,-21.0,1,4018.8,4019.2,5,4026.8,4029.0,4029.0,4013.0,2901.0,3499627020.0,60060
2023-05-10 09:32:00,IF2305,IF2305,4018.8,4.0,4822560.0,-1.0,4,4017.8,4018.4,1,4026.8,4029.0,4029.0,4013.0,2905.0,3504449580.0,60059
2023-05-10 09:32:00,IF2305,IF2305,4018.2,18.0,21698460.0,-12.0,1,4017.8,4018.6,3,4026.8,4029.0,4029.0,4013.0,2923.0,3526148040.0,60047
2023-05-10 09:32:01,IF2305,IF2305,4019.2,21.0,25319400.0,-16.0,28,4019.2,4019.4,6,4026.8,4029.0,4029.0,4013.0,2944.0,3551467440.0,60031
2023-05-10 09:32:01,IF2305,IF2305,4019.2,46.0,55465800.0,-40.0,2,4019.2,4019.4,1,4026.8,4029.0,4029.0,4013.0,2990.0,3606933240.0,59991
2023-05-10 09:32:02,IF2305,IF2305,4019.2,6.0,7234500.0,-2.0,20,4018.6,4019.2,3,4026.8,4029.0,4029.0,4013.0,2996.0,3614167740.0,59989
2023-05-10 09:32:02,IF2305,IF2305,4018.6,4.0,4822320.0,-1.0,3,4018.8,4019.0,4,4026.8,4029.0,4029.0,4013.0,3000.0,3618990060.0,59988
2023-05-10 09:32:03,IF2305,IF2305,4018.8,10.0,12056220.0,-3.0,1,4018.2,4019.0,3,4026.8,4029.0,4029.0,4013.0,3010.0,3631046280.0,59985
2023-05-10 09:32:03,IF2305,IF2305,4018.6,6.0,7233300.0,0.0,2,4018.2,4018.6,3,4026.8,4029.0,4029.0,4013.0,3016.0,3638279580.0,59985
2023-05-10 09:32:04,IF2305,IF2305,4018.8,9.0,10850400.0,-6.0,1,4018.2,4019.0,2,4026.8,4029.0,4029.0,4013.0,3025.0,3649129980.0,59979
2023-05-10 09:32:04,IF2305,IF2305,4018.8,8.0,9645360.0,-2.0,1,4019.0,4019.2,1,4026.8,4029.0,4029.0,4013.0,3033.0,3658775340.0,59977
2023-05-10 09:32:05,IF2305,IF2305,4017.8,17.0,20494860.0,-14.0,2,4017.8,4018.4,4,4026.8,4029.0,4029.0,4013.0,3050.0,3679270200.0,59963
2023-05-10 09:32:05,IF2305,IF2305,4018.4,6.0,7233120.0,-3.0,3,4018.2,4019.4,4,4026.8,4029.0,4029.0,4013.0,3056.0,3686503320.0,59960
2023-05-10 09:32:06,IF2305,IF2305,4018.2,7.0,8438940.0,-7.0,1,4018.2,4019.0,2,4026.8,4029.0,4029.0,4013.0,3063.0,3694942260.0,59953
2023-05-10 09:32:06,IF2305,IF2305,4017.6,9.0,10847880.0,-5.0,6,4017.0,4017.4,4,4026.8,4029.0,4029.0,4013.0,3072.0,3705790140.0,59948
2023-05-10 09:32:07,IF2305,IF2305,4016.4,30.0,36158820.0,-3.0,15,4016.0,4016.4,6,4026.8,4029.0,4029.0,4013.0,3102.0,3741948960.0,59945
2023-05-10 09:32:07,IF2305,IF2305,4016.6,15.0,18075060.0,-12.0,4,4016.6,4019.0,2,4026.8,4029.0,4029.0,4013.0,3117.0,3760024020.0,59933
2023-05-10 09:32:08,IF2305,IF2305,4018.0,9.0,10847520.0,0.0,1,4017.0,4018.6,5,4026.8,4029.0,4029.0,4013.0,3126.0,3770871540.0,59933
2023-05-10 09:32:08,IF2305,IF2305,4018.6,4.0,4822320.0,-1.0,1,4017.8,4018.4,7,4026.8,4029.0,4029.0,4013.0,3130.0,3775693860.0,59932
2023-05-10 09:32:09,IF2305,IF2305,4018.2,3.0,3616320.0,-1.0,1,4018.0,4018.2,1,4026.8,4029.0,4029.0,4013.0,3133.0,3779310180.0,59931
2023-05-10 09:32:09,IF2305,IF2305,4018.6,7.0,8438640.0,-7.0,1,4018.4,4018.8,2,4026.8,4029.0,4029.0,4013.0,3140.0,3787748820.0,59924
2023-05-10 09:32:10,IF2305,IF2305,4018.6,8.0,9645000.0,-7.0,1,4018.6,4019.0,1,4026.8,4029.0,4029.0,4013.0,3148.0,3797393820.0,59917
2023-05-10 09:32:10,IF2305,IF2305,4018.8,4.0,4822500.0,-3.0,3,4018.4,4018.6,1,4026.8,4029.0,4029.0,4013.0,3152.0,3802216320.0,59914
2023-05-10 09:32:11,IF2305,IF2305,4018.8,9.0,10850460.0,-5.0,3,4018.4,4019.2,1,4026.8,4029.0,4029.0,4013.0,3161.0,3813066780.0,59909
2023-05-10 09:32:11,IF2305,IF2305,4017.8,8.0,9643860.0,-4.0,2,4017.4,4017.8,4,4026.8,4029.0,4029.0,4013.0,3169.0,3822710640.0,59905
2023-05-10 09:32:12,IF2305,IF2305,4018.2,10.0,12053760.0,-8.0,6,4018.0,4018.4,1,4026.8,4029.0,4029.0,4013.0,3179.0,3834764400.0,59897
2023-05-10 09:32:12,IF2305,IF2305,4019.0,9.0,10850520.0,-6.0,4,4019.0,4019.2,1,4026.8,4029.0,4029.0,4013.0,3188.0,3845614920.0,59891
2023-05-10 09:32:13,IF2305,IF2305,4018.4,17.0,20496660.0,-5.0,1,4018.4,4019.4,3,4026.8,4029.0,4029.0,4013.0,3205.0,3866111580.0,59886
2023-05-10 09:32:13,IF2305,IF2305,4019.4,9.0,10851900.0,-9.0,3,4018.8,4019.6,1,4026.8,4029.0,4029.0,4013.0,3214.0,3876963480.0,59877
2023-05-10 09:32:14,IF2305,IF2305,4019.4,8.0,9646860.0,-6.0,2,4019.4,4019.8,2,4026.8,4029.0,4029.0,4013.0,3222.0,3886610340.0,59871
2023-05-10 09:32:14,IF2305,IF2305,4019.4,9.0,10852920.0,-5.0,3,4019.2,4019.4,3,4026.8,4029.0,4029.0,4013.0,3231.0,3897463260.0,59866
2023-05-10 09:32:15,IF2305,IF2305,4019.6,6.0,7235100.0,-5.0,5,4019.4,4020.2,25,4026.8,4029.0,4029.0,4013.0,3237.0,3904698360.0,59861
2023-05-10 09:32:15,IF2305,IF2305,4019.4,4.0,4823400.0,0.0,3,4019.4,4020.0,6,4026.8,4029.0,4029.0,4013.0,3241.0,3909521760.0,59861
2023-05-10 09:32:16,IF2305,IF2305,4019.8,4.0,4823640.0,0.0,2,4019.4,4019.8,4,4026.8,4029.0,4029.0,4013.0,3245.0,3914345400.0,59861
2023-05-10 09:32:16,IF2305,IF2305,4019.2,7.0,8440980.0,-5.0,3,4019.2,4019.4,4,4026.8,4029.0,4029.0,4013.0,3252.0,3922786380.0,59856
2023-05-10 09:32:17,IF2305,IF2305,4019.8,5.0,6029160.0,-3.0,1,4019.8,4020.0,2,4026.8,4029.0,4029.0,4013.0,3257.0,3928815540.0,59853
2023-05-10 09:32:17,IF2305,IF2305,4019.8,7.0,8441700.0,-4.0,3,4019.4,4019.8,1,4026.8,4029.0,4029.0,4013.0,3264.0,3937257240.0,59849
2023-05-10 09:32:18,IF2305,IF2305,4020.2,3.0,3618060.0,-2.0,3,4020.0,4020.2,26,4026.8,4029.0,4029.0,4013.0,3267.0,3940875300.0,59847
2023-05-10 09:32:18,IF2305,IF2305,4020.2,34.0,41006400.0,-18.0,2,4020.2,4021.0,3,4026.8,4029.0,4029.0,4013.0,3301.0,3981881700.0,59829
2023-05-10 09:32:19,IF2305,IF2305,4020.8,2.0,2412480.0,0.0,2,4020.6,4020.8,2,4026.8,4029.0,4029.0,4013.0,3303.0,3984294180.0,59829
2023-05-10 09:32:19,IF2305,IF2305,4020.6,19.0,22917420.0,-14.0,3,4020.4,4020.6,1,4026.8,4029.0,4029.0,4013.0,3322.0,4007211600.0,59815
2023-05-10 09:32:20,IF2305,IF2305,4020.6,7.0,8443380.0,-4.0,8,4020.2,4021.0,8,4026.8,4029.0,4029.0,4013.0,3329.0,4015654980.0,59811
2023-05-10 09:32:20,IF2305,IF2305,4020.2,3.0,3618300.0,0.0,5,4020.2,4020.6,1,4026.8,4029.0,4029.0,4013.0,3332.0,4019273280.0,59811
2023-05-10 09:32:21,IF2305,IF2305,4020.2,9.0,10854480.0,-2.0,2,4020.0,4020.2,1,4026.8,4029.0,4029.0,4013.0,3341.0,4030127760.0,59809
2023-05-10 09:32:21,IF2305,IF2305,4020.6,8.0,9648660.0,-4.0,4,4020.6,4021.0,8,4026.8,4029.0,4029.0,4013.0,3349.0,4039776420.0,59805
2023-05-10 09:32:22,IF2305,IF2305,4020.6,13.0,15679680.0,-4.0,13,4019.8,4020.6,3,4026.8,4029.0,4029.0,4013.0,3362.0,4055456100.0,59801
2023-05-10 09:32:22,IF2305,IF2305,4020.2,1.0,1206060.0,0.0,4,4020.0,4020.4,3,4026.8,4029.0,4029.0,4013.0,3363.0,4056662160.0,59801
2023-05-10 09:32:23,IF2305,IF2305,4021.0,8.0,9649620.0,-2.0,4,4020.0,4020.6,1,4026.8,4029.0,4029.0,4013.0,3371.0,4066311780.0,59799
2023-05-10 09:32:23,IF2305,IF2305,4020.4,7.0,8443080.0,-5.0,7,4020.4,4021.0,9,4026.8,4029.0,4029.0,4013.0,3378.0,4074754860.0,59794
2023-05-10 09:32:24,IF2305,IF2305,4020.4,12.0,14473980.0,-7.0,6,4020.2,4021.0,10,4026.8,4029.0,4029.0,4013.0,3390.0,4089228840.0,59787
2023-05-10 09:32:24,IF2305,IF2305,4020.2,6.0,7236420.0,-3.0,3,4019.8,4020.2,19,4026.8,4029.0,4029.0,4013.0,3396.0,4096465260.0,59784
2023-05-10 09:32:25,IF2305,IF2305,4019.8,9.0,10853400.0,-6.0,2,4019.6,4019.8,1,4026.8,4029.0,4029.0,4013.0,3405.0,4107318660.0,59778
2023-05-10 09:32:25,IF2305,IF2305,4019.6,12.0,14469720.0,-6.0,2,4018.8,4019.6,6,4026.8,4029.0,4029.0,4013.0,3417.0,4121788380.0,59772
2023-05-10 09:32:26,IF2305,IF2305,4018.8,6.0,7233660.0,-2.0,1,4018.2,4019.2,1,4026.8,4029.0,4029.0,4013.0,3423.0,4129022040.0,59770
2023-05-10 09:32:26,IF2305,IF2305,4018.4,2.0,2411220.0,1.0,2,4018.4,4019.0,3,4026.8,4029.0,4029.0,4013.0,3425.0,4131433260.0,59771
2023-05-10 09:32:27,IF2305,IF2305,4018.8,1.0,1205640.0,0.0,1,4018.8,4019.0,3,4026.8,4029.0,4029.0,4013.0,3426.0,4132638900.0,59771
2023-05-10 09:32:27,IF2305,IF2305,4018.8,1.0,1205640.0,-1.0,4,4018.0,4018.8,7,4026.8,4029.0,4029.0,4013.0,3427.0,4133844540.0,59770
2023-05-10 09:32:28,IF2305,IF2305,4019.2,11.0,13262340.0,-9.0,1,4018.8,4019.4,1,4026.8,4029.0,4029.0,4013.0,3438.0,4147106880.0,59761
2023-05-10 09:32:28,IF2305,IF2305,4019.2,3.0,3617220.0,-3.0,1,4019.0,4019.4,1,4026.8,4029.0,4029.0,4013.0,3441.0,4150724100.0,59758
2023-05-10 09:32:29,IF2305,IF2305,4019.2,15.0,18086100.0,-14.0,2,4018.6,4019.2,1,4026.8,4029.0,4029.0,4013.0,3456.0,4168810200.0,59744
2023-05-10 09:32:29,IF2305,IF2305,4020.0,7.0,8441400.0,-6.0,53,4020.0,4020.2,19,4026.8,4029.0,4029.0,4013.0,3463.0,4177251600.0,59738
2023-05-10 09:32:30,IF2305,IF2305,4019.8,69.0,83208780.0,-54.0,3,4019.6,4019.8,1,4026.8,4029.0,4029.0,4013.0,3532.0,4260460380.0,59684
2023-05-10 09:32:30,IF2305,IF2305,4019.6,13.0,15676500.0,-3.0,2,4019.4,4020.0,5,4026.8,4029.0,4029.0,4013.0,3545.0,4276136880.0,59681
2023-05-10 09:32:31,IF2305,IF2305,4019.8,2.0,2411880.0,-1.0,2,4019.4,4019.8,2,4026.8,4029.0,4029.0,4013.0,3547.0,4278548760.0,59680
2023-05-10 09:32:31,IF2305,IF2305,4019.4,3.0,3617520.0,-1.0,2,4018.8,4019.2,2,4026.8,4029.0,4029.0,4013.0,3550.0,4282166280.0,59679
2023-05-10 09:32:32,IF2305,IF2305,4018.2,5.0,6027780.0,-3.0,4,4018.0,4018.2,6,4026.8,4029.0,4029.0,4013.0,3555.0,4288194060.0,59676
2023-05-10 09:32:32,IF2305,IF2305,4019.2,16.0,19288620.0,-13.0,3,4018.0,4019.2,4,4026.8,4029.0,4029.0,4013.0,3571.0,4307482680.0,59663
2023-05-10 09:32:33,IF2305,IF2305,4019.0,4.0,4822500.0,-4.0,2,4018.2,4019.0,2,4026.8,4029.0,4029.0,4013.0,3575.0,4312305180.0,59659
2023-05-10 09:32:33,IF2305,IF2305,4019.0,4.0,4822620.0,-4.0,4,4018.4,4019.2,4,4026.8,4029.0,4029.0,4013.0,3579.0,4317127800.0,59655
2023-05-10 09:32:34,IF2305,IF2305,4019.2,2.0,2411340.0,0.0,1,4018.6,4019.2,3,4026.8,4029.0,4029.0,4013.0,3581.0,4319539140.0,59655
2023-05-10 09:32:34,IF2305,IF2305,4018.6,4.0,4822680.0,-4.0,6,4018.4,4019.2,1,4026.8,4029.0,4029.0,4013.0,3585.0,4324361820.0,59651
2023-05-10 09:32:35,IF2305,IF2305,4019.0,1.0,1205700.0,-1.0,3,4018.6,4019.0,1,4026.8,4029.0,4029.0,4013.0,3586.0,4325567520.0,59650
2023-05-10 09:32:35,IF2305,IF2305,4018.6,3.0,3616800.0,-2.0,2,4018.2,4018.8,1,4026.8,4029.0,4029.0,4013.0,3589.0,4329184320.0,59648
2023-05-10 09:32:36,IF2305,IF2305,4018.6,7.0,8438580.0,-1.0,12,4017.8,4018.6,3,4026.8,4029.0,4029.0,4013.0,3596.0,4337622900.0,59647
2023-05-10 09:32:36,IF2305,IF2305,4018.6,10.0,12055200.0,-6.0,17,4018.6,4019.2,1,4026.8,4029.0,4029.0,4013.0,3606.0,4349678100.0,59641
2023-05-10 09:32:37,IF2305,IF2305,4018.6,0.0,0.0,0.0,17,4018.6,4019.0,3,4026.8,4029.0,4029.0,4013.0,3606.0,4349678100.0,59641
2023-05-10 09:32:37,IF2305,IF2305,4019.0,1.0,1205700.0,0.0,17,4018.6,4018.8,1,4026.8,4029.0,4029.0,4013.0,3607.0,4350883800.0,59641
2023-05-10 09:32:38,IF2305,IF2305,4018.8,3.0,3616920.0,-1.0,6,4018.8,4019.0,2,4026.8,4029.0,4029.0,4013.0,3610.0,4354500720.0,59640
2023-05-10 09:32:38,IF2305,IF2305,4018.8,14.0,16879560.0,-10.0,18,4018.6,4018.8,1,4026.8,4029.0,4029.0,4013.0,3624.0,4371380280.0,59630
2023-05-10 09:32:39,IF2305,IF2305,4018.8,8.0,9645480.0,-6.0,2,4018.8,4019.6,1,4026.8,4029.0,4029.0,4013.0,3632.0,4381025760.0,59624
2023-05-10 09:32:39,IF2305,IF2305,4018.8,1.0,1205640.0,-1.0,18,4018.6,4019.2,3,4026.8,4029.0,4029.0,4013.0,3633.0,4382231400.0,59623
2023-05-10 09:32:40,IF2305,IF2305,4018.6,3.0,3616740.0,-3.0,15,4018.6,4019.0,3,4026.8,4029.0,4029.0,4013.0,3636.0,4385848140.0,59620
2023-05-10 09:32:40,IF2305,IF2305,4018.6,5.0,6027900.0,-5.0,10,4018.6,4018.8,5,4026.8,4029.0,4029.0,4013.0,3641.0,4391876040.0,59615
2023-05-10 09:32:41,IF2305,IF2305,4018.8,13.0,15672660.0,-10.0,8,4018.0,4018.8,3,4026.8,4029.0,4029.0,4013.0,3654.0,4407548700.0,59605
2023-05-10 09:32:41,IF2305,IF2305,4018.4,5.0,6028080.0,-5.0,1,4018.4,4018.6,1,4026.8,4029.0,4029.0,4013.0,3659.0,4413576780.0,59600
2023-05-10 09:32:42,IF2305,IF2305,4018.8,7.0,8439420.0,-4.0,1,4018.6,4019.6,2,4026.8,4029.0,4029.0,4013.0,3666.0,4422016200.0,59596
2023-05-10 09:32:42,IF2305,IF2305,4018.4,3.0,3616560.0,0.0,10,4018.0,4018.6,1,4026.8,4029.0,4029.0,4013.0,3669.0,4425632760.0,59596
2023-05-10 09:32:43,IF2305,IF2305,4019.4,5.0,6028260.0,-3.0,1,4019.0,4019.4,2,4026.8,4029.0,4029.0,4013.0,3674.0,4431661020.0,59593
2023-05-10 09:32:43,IF2305,IF2305,4019.2,10.0,12057480.0,-9.0,1,4018.6,4019.0,2,4026.8,4029.0,4029.0,4013.0,3684.0,4443718500.0,59584
2023-05-10 09:32:44,IF2305,IF2305,4018.4,5.0,6027600.0,0.0,8,4018.0,4018.8,4,4026.8,4029.0,4029.0,4013.0,3689.0,4449746100.0,59584
2023-05-10 09:32:44,IF2305,IF2305,4018.0,7.0,8437980.0,-4.0,6,4017.8,4018.6,4,4026.8,4029.0,4029.0,4013.0,3696.0,4458184080.0,59580
2023-05-10 09:32:45,IF2305,IF2305,4018.2,3.0,3616380.0,-3.0,6,4017.8,4018.4,1,4026.8,4029.0,4029.0,4013.0,3699.0,4461800460.0,59577
2023-05-10 09:32:45,IF2305,IF2305,4017.6,9.0,10848000.0,-7.0,1,4017.4,4017.6,1,4026.8,4029.0,4029.0,4013.0,3708.0,4472648460.0,59570
2023-05-10 09:32:46,IF2305,IF2305,4017.6,7.0,8437500.0,-5.0,9,4017.6,4018.8,3,4026.8,4029.0,4029.0,4013.0,3715.0,4481085960.0,59565
2023-05-10 09:32:46,IF2305,IF2305,4018.8,8.0,9644880.0,-5.0,1,4018.0,4018.6,2,4026.8,4029.0,4029.0,4013.0,3723.0,4490730840.0,59560
2023-05-10 09:32:47,IF2305,IF2305,4018.2,3.0,3616620.0,-3.0,1,4018.0,4018.4,2,4026.8,4029.0,4029.0,4013.0,3726.0,4494347460.0,59557
2023-05-10 09:32:47,IF2305,IF2305,4018.2,8.0,9642780.0,-8.0,3,4017.6,4018.6,2,4026.8,4029.0,4029.0,4013.0,3734.0,4503990240.0,59549
2023-05-10 09:32:48,IF2305,IF2305,4018.2,0.0,0.0,0.0,1,4018.0,4018.2,2,4026.8,4029.0,4029.0,4013.0,3734.0,4503990240.0,59549
2023-05-10 09:32:48,IF2305,IF2305,4018.4,3.0,3616440.0,-3.0,1,4018.2,4019.0,2,4026.8,4029.0,4029.0,4013.0,3737.0,4507606680.0,59546
2023-05-10 09:32:49,IF2305,IF2305,4018.6,5.0,6027240.0,-2.0,6,4017.8,4018.8,4,4026.8,4029.0,4029.0,4013.0,3742.0,4513633920.0,59544
2023-05-10 09:32:49,IF2305,IF2305,4018.6,2.0,2411160.0,1.0,3,4018.0,4018.6,2,4026.8,4029.0,4029.0,4013.0,3744.0,4516045080.0,59545
2023-05-10 09:32:50,IF2305,IF2305,4017.8,25.0,30136980.0,-23.0,2,4018.6,4019.0,5,4026.8,4029.0,4029.0,4013.0,3769.0,4546182060.0,59522
2023-05-10 09:32:50,IF2305,IF2305,4018.6,4.0,4822260.0,-1.0,1,4018.0,4018.8,1,4026.8,4029.0,4029.0,4013.0,3773.0,4551004320.0,59521
2023-05-10 09:32:51,IF2305,IF2305,4019.0,9.0,10850580.0,-7.0,3,4018.0,4019.0,2,4026.8,4029.0,4029.0,4013.0,3782.0,4561854900.0,59514
2023-05-10 09:32:51,IF2305,IF2305,4018.2,3.0,3616860.0,-1.0,1,4018.2,4018.8,1,4026.8,4029.0,4029.0,4013.0,3785.0,4565471760.0,59513
2023-05-10 09:32:52,IF2305,IF2305,4018.6,2.0,2411160.0,-1.0,1,4018.2,4018.8,1,4026.8,4029.0,4029.0,4013.0,3787.0,4567882920.0,59512
2023-05-10 09:32:52,IF2305,IF2305,4018.8,1.0,1205640.0,-1.0,2,4018.8,4019.0,5,4026.8,4029.0,4029.0,4013.0,3788.0,4569088560.0,59511
2023-05-10 09:32:53,IF2305,IF2305,4019.4,16.0,19291500.0,-9.0,2,4019.0,4019.6,1,4026.8,4029.0,4029.0,4013.0,3804.0,4588380060.0,59502
2023-05-10 09:32:53,IF2305,IF2305,4019.2,5.0,6028920.0,-2.0,1,4019.0,4019.2,3,4026.8,4029.0,4029.0,4013.0,3809.0,4594408980.0,59500
2023-05-10 09:32:54,IF2305,IF2305,4019.4,8.0,9646140.0,-1.0,1,4019.2,4019.6,1,4026.8,4029.0,4029.0,4013.0,3817.0,4604055120.0,59499
2023-05-10 09:32:54,IF2305,IF2305,4019.4,6.0,7234920.0,-1.0,2,4019.0,4019.2,3,4026.8,4029.0,4029.0,4013.0,3823.0,4611290040.0,59498
2023-05-10 09:32:55,IF2305,IF2305,4019.0,5.0,6028320.0,0.0,3,4018.0,4019.0,1,4026.8,4029.0,4029.0,4013.0,3828.0,4617318360.0,59498
2023-05-10 09:32:55,IF2305,IF2305,4019.2,1.0,1205760.0,0.0,1,4019.0,4019.2,5,4026.8,4029.0,4029.0,4013.0,3829.0,4618524120.0,59498
2023-05-10 09:32:56,IF2305,IF2305,4019.0,5.0,6028500.0,-4.0,10,4018.2,4019.0,6,4026.8,4029.0,4029.0,4013.0,3834.0,4624552620.0,59494
2023-05-10 09:32:56,IF2305,IF2305,4019.0,4.0,4822800.0,-4.0,2,4018.6,4019.0,1,4026.8,4029.0,4029.0,4013.0,3838.0,4629375420.0,59490
2023-05-10 09:32:57,IF2305,IF2305,4018.8,4.0,4822740.0,-4.0,3,4019.0,4019.6,2,4026.8,4029.0,4029.0,4013.0,3842.0,4634198160.0,59486
2023-05-10 09:32:57,IF2305,IF2305,4019.4,2.0,2411580.0,0.0,3,4019.2,4019.4,2,4026.8,4029.0,4029.0,4013.0,3844.0,4636609740.0,59486
2023-05-10 09:32:58,IF2305,IF2305,4019.4,1.0,1205820.0,-1.0,1,4019.4,4019.6,2,4026.8,4029.0,4029.0,4013.0,3845.0,4637815560.0,59485
2023-05-10 09:32:58,IF2305,IF2305,4019.4,4.0,4823460.0,-2.0,3,4019.2,4019.8,1,4026.8,4029.0,4029.0,4013.0,3849.0,4642639020.0,59483
2023-05-10 09:32:59,IF2305,IF2305,4019.6,4.0,4823700.0,-2.0,1,4019.6,4020.0,3,4026.8,4029.0,4029.0,4013.0,3853.0,4647462720.0,59481
2023-05-10 09:32:59,IF2305,IF2305,4019.8,3.0,3617820.0,-2.0,1,4019.6,4020.0,4,4026.8,4029.0,4029.0,4013.0,3856.0,4651080540.0,59479
2023-05-10 09:33:00,IF2305,IF2305,4020.0,7.0,8442060.0,-6.0,3,4020.0,4020.4,1,4026.8,4029.0,4029.0,4013.0,3863.0,4659522600.0,59473
2023-05-10 09:33:00,IF2305,IF2305,4020.2,9.0,10854420.0,-7.0,9,4020.0,4020.2,6,4026.8,4029.0,4029.0,4013.0,3872.0,4670377020.0,59466
2023-05-10 09:33:01,IF2305,IF2305,4020.0,19.0,22914600.0,-16.0,1,4020.0,4020.8,1,4026.8,4029.0,4029.0,4013.0,3891.0,4693291620.0,59450
2023-05-10 09:33:01,IF2305,IF2305,4020.2,7.0,8442300.0,-7.0,2,4020.2,4020.4,2,4026.8,4029.0,4029.0,4013.0,3898.0,4701733920.0,59443
2023-05-10 09:33:02,IF2305,IF2305,4020.2,6.0,7236360.0,-4.0,1,4019.6,4020.4,1,4026.8,4029.0,4029.0,4013.0,3904.0,4708970280.0,59439
2023-05-10 09:33:02,IF2305,IF2305,4020.2,12.0,14471880.0,-10.0,1,4020.2,4020.4,1,4026.8,4029.0,4029.0,4013.0,3916.0,4723442160.0,59429
2023-05-10 09:33:03,IF2305,IF2305,4020.2,10.0,12060720.0,-8.0,2,4020.4,4021.0,10,4026.8,4029.0,4029.0,4013.0,3926.0,4735502880.0,59421
2023-05-10 09:33:03,IF2305,IF2305,4020.6,4.0,4824840.0,-4.0,4,4020.6,4021.0,11,4026.8,4029.0,4029.0,4013.0,3930.0,4740327720.0,59417
2023-05-10 09:33:04,IF2305,IF2305,4020.6,16.0,19300200.0,-13.0,5,4020.4,4020.6,5,4026.8,4029.0,4029.0,4013.0,3946.0,4759627920.0,59404
2023-05-10 09:33:04,IF2305,IF2305,4020.6,6.0,7237080.0,-5.0,5,4020.6,4021.4,2,4026.8,4029.0,4029.0,4013.0,3952.0,4766865000.0,59399
2023-05-10 09:33:05,IF2305,IF2305,4020.6,11.0,13268220.0,-9.0,6,4020.4,4020.6,2,4026.8,4029.0,4029.0,4013.0,3963.0,4780133220.0,59390
2023-05-10 09:33:05,IF2305,IF2305,4020.4,11.0,13266960.0,-6.0,6,4020.0,4020.6,2,4026.8,4029.0,4029.0,4013.0,3974.0,4793400180.0,59384
2023-05-10 09:33:06,IF2305,IF2305,4020.4,0.0,0.0,0.0,6,4020.0,4020.4,6,4026.8,4029.0,4029.0,4013.0,3974.0,4793400180.0,59384
2023-05-10 09:33:06,IF2305,IF2305,4020.2,11.0,13265940.0,-9.0,4,4019.0,4019.4,4,4026.8,4029.0,4029.0,4013.0,3985.0,4806666120.0,59375
2023-05-10 09:33:07,IF2305,IF2305,4019.0,7.0,8440080.0,-6.0,2,4018.6,4019.0,4,4026.8,4029.0,4029.0,4013.0,3992.0,4815106200.0,59369
2023-05-10 09:33:07,IF2305,IF2305,4018.6,6.0,7233660.0,-6.0,1,4018.6,4019.0,3,4026.8,4029.0,4029.0,4013.0,3998.0,4822339860.0,59363
2023-05-10 09:33:08,IF2305,IF2305,4018.8,5.0,6028020.0,-4.0,4,4018.4,4018.6,6,4026.8,4029.0,4029.0,4013.0,4003.0,4828367880.0,59359
2023-05-10 09:33:08,IF2305,IF2305,4018.6,7.0,8438940.0,-1.0,5,4018.4,4018.6,1,4026.8,4029.0,4029.0,4013.0,4010.0,4836806820.0,59358
2023-05-10 09:33:09,IF2305,IF2305,4018.6,4.0,4822320.0,-3.0,4,4018.6,4019.0,1,4026.8,4029.0,4029.0,4013.0,4014.0,4841629140.0,59355
2023-05-10 09:33:09,IF2305,IF2305,4018.8,2.0,2411340.0,-2.0,7,4018.6,4019.4,6,4026.8,4029.0,4029.0,4013.0,4016.0,4844040480.0,59353
2023-05-10 09:33:10,IF2305,IF2305,4019.4,5.0,6028500.0,-3.0,8,4018.6,4019.4,5,4026.8,4029.0,4029.0,4013.0,4021.0,4850068980.0,59350
2023-05-10 09:33:10,IF2305,IF2305,4019.4,5.0,6028800.0,-3.0,1,4019.4,4019.8,4,4026.8,4029.0,4029.0,4013.0,4026.0,4856097780.0,59347
2023-05-10 09:33:11,IF2305,IF2305,4019.8,6.0,7235400.0,-2.0,2,4019.4,4019.8,1,4026.8,4029.0,4029.0,4013.0,4032.0,4863333180.0,59345
2023-05-10 09:33:11,IF2305,IF2305,4020.2,5.0,6029940.0,-4.0,3,4019.8,4020.4,3,4026.8,4029.0,4029.0,4013.0,4037.0,4869363120.0,59341
2023-05-10 09:33:12,IF2305,IF2305,4020.6,7.0,8443020.0,-7.0,3,4020.0,4020.4,1,4026.8,4029.0,4029.0,4013.0,4044.0,4877806140.0,59334
2023-05-10 09:33:12,IF2305,IF2305,4020.8,2.0,2412360.0,-2.0,1,4020.6,4021.0,1,4026.8,4029.0,4029.0,4013.0,4046.0,4880218500.0,59332
2023-05-10 09:33:13,IF2305,IF2305,4020.8,2.0,2412540.0,-1.0,2,4020.6,4021.2,1,4026.8,4029.0,4029.0,4013.0,4048.0,4882631040.0,59331
2023-05-10 09:33:13,IF2305,IF2305,4020.8,1.0,1206240.0,0.0,2,4020.8,4021.2,1,4026.8,4029.0,4029.0,4013.0,4049.0,4883837280.0,59331
2023-05-10 09:33:14,IF2305,IF2305,4021.0,7.0,8443800.0,-5.0,1,4020.6,4021.0,2,4026.8,4029.0,4029.0,4013.0,4056.0,4892281080.0,59326
2023-05-10 09:33:14,IF2305,IF2305,4021.0,4.0,4825140.0,-4.0,3,4021.0,4021.2,1,4026.8,4029.0,4029.0,4013.0,4060.0,4897106220.0,59322
2023-05-10 09:33:15,IF2305,IF2305,4021.0,4.0,4825500.0,-3.0,2,4021.2,4021.4,3,4026.8,4029.0,4029.0,4013.0,4064.0,4901931720.0,59319
2023-05-10 09:33:15,IF2305,IF2305,4021.4,10.0,12064140.0,-6.0,3,4021.2,4021.6,2,4026.8,4029.0,4029.0,4013.0,4074.0,4913995860.0,59313
2023-05-10 09:33:16,IF2305,IF2305,4021.4,5.0,6032220.0,-5.0,4,4021.6,4021.8,3,4026.8,4029.0,4029.0,4013.0,4079.0,4920028080.0,59308
2023-05-10 09:33:16,IF2305,IF2305,4021.8,3.0,3619620.0,-3.0,1,4021.8,4022.0,4,4026.8,4029.0,4029.0,4013.0,4082.0,4923647700.0,59305
2023-05-10 09:33:17,IF2305,IF2305,4022.0,4.0,4826400.0,-4.0,4,4022.0,4022.8,1,4026.8,4029.0,4029.0,4013.0,4086.0,4928474100.0,59301
2023-05-10 09:33:17,IF2305,IF2305,4022.0,1.0,1206600.0,-1.0,2,4022.2,4022.6,7,4026.8,4029.0,4029.0,4013.0,4087.0,4929680700.0,59300
2023-05-10 09:33:18,IF2305,IF2305,4022.4,8.0,9653460.0,-3.0,3,4022.0,4022.4,2,4026.8,4029.0,4029.0,4013.0,4095.0,4939334160.0,59297
2023-05-10 09:33:18,IF2305,IF2305,4022.4,3.0,3619920.0,-2.0,4,4022.0,4022.2,2,4026.8,4029.0,4029.0,4013.0,4098.0,4942954080.0,59295
2023-05-10 09:33:19,IF2305,IF2305,4022.4,6.0,7240320.0,-5.0,43,4022.4,4022.6,3,4026.8,4029.0,4029.0,4013.0,4104.0,4950194400.0,59290
2023-05-10 09:33:19,IF2305,IF2305,4023.2,8.0,9654780.0,-5.0,5,4022.8,4023.2,4,4026.8,4029.0,4029.0,4013.0,4112.0,4959849180.0,59285
2023-05-10 09:33:20,IF2305,IF2305,4023.0,7.0,8448720.0,-6.0,3,4023.2,4023.6,1,4026.8,4029.0,4029.0,4013.0,4119.0,4968297900.0,59279
2023-05-10 09:33:20,IF2305,IF2305,4023.2,6.0,7241460.0,1.0,4,4022.8,4023.2,2,4026.8,4029.0,4029.0,4013.0,4125.0,4975539360.0,59280
2023-05-10 09:33:21,IF2305,IF2305,4023.2,6.0,7241640.0,-2.0,1,4023.2,4023.4,2,4026.8,4029.0,4029.0,4013.0,4131.0,4982781000.0,59278
2023-05-10 09:33:21,IF2305,IF2305,4023.2,7.0,8448240.0,-4.0,2,4022.8,4023.2,5,4026.8,4029.0,4029.0,4013.0,4138.0,4991229240.0,59274
2023-05-10 09:33:22,IF2305,IF2305,4023.2,4.0,4827720.0,-4.0,1,4022.8,4023.6,2,4026.8,4029.0,4029.0,4013.0,4142.0,4996056960.0,59270
2023-05-10 09:33:22,IF2305,IF2305,4023.0,5.0,6034500.0,-4.0,1,4022.8,4023.4,4,4026.8,4029.0,4029.0,4013.0,4147.0,5002091460.0,59266
2023-05-10 09:33:23,IF2305,IF2305,4022.8,6.0,7241700.0,-6.0,2,4023.2,4023.6,2,4026.8,4029.0,4029.0,4013.0,4153.0,5009333160.0,59260
2023-05-10 09:33:23,IF2305,IF2305,4022.8,0.0,0.0,0.0,5,4023.2,4023.6,3,4026.8,4029.0,4029.0,4013.0,4153.0,5009333160.0,59260
2023-05-10 09:33:24,IF2305,IF2305,4023.6,10.0,12070020.0,-8.0,1,4023.2,4023.4,2,4026.8,4029.0,4029.0,4013.0,4163.0,5021403180.0,59252
2023-05-10 09:33:24,IF2305,IF2305,4023.4,9.0,10863300.0,-7.0,2,4023.2,4023.6,1,4026.8,4029.0,4029.0,4013.0,4172.0,5032266480.0,59245
2023-05-10 09:33:25,IF2305,IF2305,4023.4,1.0,1207020.0,-1.0,1,4023.4,4023.6,1,4026.8,4029.0,4029.0,4013.0,4173.0,5033473500.0,59244
2023-05-10 09:33:25,IF2305,IF2305,4023.4,8.0,9655980.0,-2.0,2,4023.0,4023.4,2,4026.8,4029.0,4029.0,4013.0,4181.0,5043129480.0,59242
2023-05-10 09:33:26,IF2305,IF2305,4023.4,9.0,10862880.0,-3.0,3,4023.0,4023.6,1,4026.8,4029.0,4029.0,4013.0,4190.0,5053992360.0,59239
2023-05-10 09:33:26,IF2305,IF2305,4023.4,2.0,2413980.0,-1.0,4,4023.2,4023.4,1,4026.8,4029.0,4029.0,4013.0,4192.0,5056406340.0,59238
2023-05-10 09:33:27,IF2305,IF2305,4023.6,5.0,6035100.0,-5.0,2,4023.4,4023.8,3,4026.8,4029.0,4029.0,4013.0,4197.0,5062441440.0,59233
2023-05-10 09:33:27,IF2305,IF2305,4024.0,11.0,13278420.0,-7.0,1,4023.4,4024.0,10,4026.8,4029.0,4029.0,4013.0,4208.0,5075719860.0,59226
2023-05-10 09:33:28,IF2305,IF2305,4023.8,7.0,8450040.0,-5.0,1,4023.6,4023.8,1,4026.8,4029.0,4029.0,4013.0,4215.0,5084169900.0,59221
2023-05-10 09:33:28,IF2305,IF2305,4023.8,11.0,13279020.0,-5.0,4,4023.8,4024.4,1,4026.8,4029.0,4029.0,4013.0,4226.0,5097448920.0,59216
2023-05-10 09:33:29,IF2305,IF2305,4024.0,4.0,4829040.0,-1.0,4,4024.0,4024.6,2,4026.8,4029.0,4029.0,4013.0,4230.0,5102277960.0,59215
2023-05-10 09:33:29,IF2305,IF2305,4024.0,6.0,7243440.0,-3.0,1,4024.0,4024.6,2,4026.8,4029.0,4029.0,4013.0,4236.0,5109521400.0,59212
2023-05-10 09:33:30,IF2305,IF2305,4024.0,2.0,2414400.0,-2.0,1,4023.8,4024.4,5,4026.8,4029.0,4029.0,4013.0,4238.0,5111935800.0,59210
2023-05-10 09:33:30,IF2305,IF2305,4024.0,3.0,3621540.0,-2.0,7,4023.4,4023.8,1,4026.8,4029.0,4029.0,4013.0,4241.0,5115557340.0,59208
2023-05-10 09:33:31,IF2305,IF2305,4023.4,11.0,13277820.0,-4.0,1,4023.8,4024.0,2,4026.8,4029.0,4029.0,4013.0,4252.0,5128835160.0,59204
2023-05-10 09:33:31,IF2305,IF2305,4023.6,7.0,8449380.0,-4.0,4,4023.0,4023.2,1,4026.8,4029.0,4029.0,4013.0,4259.0,5137284540.0,59200
2023-05-10 09:33:32,IF2305,IF2305,4023.2,7.0,8448780.0,-2.0,4,4023.0,4023.2,2,4026.8,4029.0,4029.0,4013.0,4266.0,5145733320.0,59198
2023-05-10 09:33:32,IF2305,IF2305,4023.8,5.0,6035340.0,-1.0,1,4023.6,4023.8,4,4026.8,4029.0,4029.0,4013.0,4271.0,5151768660.0,59197
2023-05-10 09:33:33,IF2305,IF2305,4023.4,3.0,3621180.0,-3.0,5,4023.0,4023.6,13,4026.8,4029.0,4029.0,4013.0,4274.0,5155389840.0,59194
2023-05-10 09:33:33,IF2305,IF2305,4023.2,2.0,2413980.0,-2.0,2,4023.2,4023.4,1,4026.8,4029.0,4029.0,4013.0,4276.0,5157803820.0,59192
2023-05-10 09:33:34,IF2305,IF2305,4023.4,5.0,6034860.0,-5.0,4,4023.0,4023.2,2,4026.8,4029.0,4029.0,4013.0,4281.0,5163838680.0,59187
2023-05-10 09:33:34,IF2305,IF2305,4023.0,6.0,7241400.0,-4.0,2,4022.8,4023.0,5,4026.8,4029.0,4029.0,4013.0,4287.0,5171080080.0,59183
2023-05-10 09:33:35,IF2305,IF2305,4023.0,6.0,7241220.0,-2.0,2,4022.6,4022.8,2,4026.8,4029.0,4029.0,4013.0,4293.0,5178321300.0,59181
2023-05-10 09:33:35,IF2305,IF2305,4022.6,5.0,6034140.0,-3.0,44,4022.4,4022.8,1,4026.8,4029.0,4029.0,4013.0,4298.0,5184355440.0,59178
2023-05-10 09:33:36,IF2305,IF2305,4023.0,2.0,2413740.0,-1.0,3,4022.8,4023.6,16,4026.8,4029.0,4029.0,4013.0,4300.0,5186769180.0,59177
2023-05-10 09:33:36,IF2305,IF2305,4022.8,1.0,1206840.0,-1.0,5,4023.0,4023.2,4,4026.8,4029.0,4029.0,4013.0,4301.0,5187976020.0,59176
2023-05-10 09:33:37,IF2305,IF2305,4023.2,7.0,8448420.0,-7.0,1,4023.0,4023.2,2,4026.8,4029.0,4029.0,4013.0,4308.0,5196424440.0,59169
2023-05-10 09:33:37,IF2305,IF2305,4023.0,1.0,1206900.0,0.0,1,4023.0,4023.2,3,4026.8,4029.0,4029.0,4013.0,4309.0,5197631340.0,59169
2023-05-10 09:33:38,IF2305,IF2305,4023.0,4.0,4827540.0,-1.0,1,4022.8,4023.0,1,4026.8,4029.0,4029.0,4013.0,4313.0,5202458880.0,59168
2023-05-10 09:33:38,IF2305,IF2305,4023.2,7.0,8448300.0,-5.0,1,4022.6,4023.2,1,4026.8,4029.0,4029.0,4013.0,4320.0,5210907180.0,59163
2023-05-10 09:33:39,IF2305,IF2305,4023.2,1.0,1206960.0,-1.0,1,4022.6,4022.8,3,4026.8,4029.0,4029.0,4013.0,4321.0,5212114140.0,59162
2023-05-10 09:33:39,IF2305,IF2305,4022.8,5.0,6034140.0,0.0,44,4022.4,4023.0,1,4026.8,4029.0,4029.0,4013.0,4326.0,5218148280.0,59162
2023-05-10 09:33:40,IF2305,IF2305,4022.4,4.0,4827180.0,-2.0,42,4022.4,4023.0,15,4026.8,4029.0,4029.0,4013.0,4330.0,5222975460.0,59160
2023-05-10 09:33:40,IF2305,IF2305,4022.4,43.0,51889020.0,-39.0,4,4022.0,4022.4,3,4026.8,4029.0,4029.0,4013.0,4373.0,5274864480.0,59121
2023-05-10 09:33:41,IF2305,IF2305,4021.8,13.0,15685080.0,-6.0,2,4021.6,4022.0,10,4026.8,4029.0,4029.0,4013.0,4386.0,5290549560.0,59115
2023-05-10 09:33:41,IF2305,IF2305,4021.6,2.0,2412960.0,-1.0,3,4021.4,4021.6,1,4026.8,4029.0,4029.0,4013.0,4388.0,5292962520.0,59114
2023-05-10 09:33:42,IF2305,IF2305,4021.6,6.0,7238640.0,-2.0,1,4021.0,4021.8,4,4026.8,4029.0,4029.0,4013.0,4394.0,5300201160.0,59112
2023-05-10 09:33:42,IF2305,IF2305,4021.2,6.0,7238640.0,-6.0,1,4021.0,4021.4,3,4026.8,4029.0,4029.0,4013.0,4400.0,5307439800.0,59106
2023-05-10 09:33:43,IF2305,IF2305,4021.4,3.0,3619260.0,0.0,1,4021.6,4021.8,6,4026.8,4029.0,4029.0,4013.0,4403.0,5311059060.0,59106
2023-05-10 09:33:43,IF2305,IF2305,4021.2,6.0,7239000.0,-4.0,1,4021.2,4021.8,2,4026.8,4029.0,4029.0,4013.0,4409.0,5318298060.0,59102
2023-05-10 09:33:44,IF2305,IF2305,4021.8,2.0,2413080.0,-2.0,1,4021.8,4022.0,6,4026.8,4029.0,4029.0,4013.0,4411.0,5320711140.0,59100
2023-05-10 09:33:44,IF2305,IF2305,4021.8,4.0,4826040.0,-3.0,2,4021.4,4021.8,3,4026.8,4029.0,4029.0,4013.0,4415.0,5325537180.0,59097
2023-05-10 09:33:45,IF2305,IF2305,4021.4,4.0,4825920.0,-4.0,5,4021.2,4021.8,2,4026.8,4029.0,4029.0,4013.0,4419.0,5330363100.0,59093
2023-05-10 09:33:45,IF2305,IF2305,4021.2,3.0,3619200.0,1.0,4,4021.2,4021.8,1,4026.8,4029.0,4029.0,4013.0,4422.0,5333982300.0,59094
2023-05-10 09:33:46,IF2305,IF2305,4021.8,1.0,1206540.0,0.0,4,4021.4,4022.0,2,4026.8,4029.0,4029.0,4013.0,4423.0,5335188840.0,59094
2023-05-10 09:33:46,IF2305,IF2305,4022.0,2.0,2413200.0,-2.0,4,4021.4,4022.4,1,4026.8,4029.0,4029.0,4013.0,4425.0,5337602040.0,59092
2023-05-10 09:33:47,IF2305,IF2305,4022.0,0.0,0.0,0.0,4,4021.6,4022.2,2,4026.8,4029.0,4029.0,4013.0,4425.0,5337602040.0,59092
2023-05-10 09:33:47,IF2305,IF2305,4021.6,2.0,2413080.0,-1.0,1,4021.8,4022.0,5,4026.8,4029.0,4029.0,4013.0,4427.0,5340015120.0,59091
2023-05-10 09:33:48,IF2305,IF2305,4022.0,6.0,7239540.0,-5.0,4,4022.2,4022.4,4,4026.8,4029.0,4029.0,4013.0,4433.0,5347254660.0,59086
2023-05-10 09:33:49,IF2305,IF2305,4021.8,5.0,6033180.0,-2.0,3,4021.6,4022.0,5,4026.8,4029.0,4029.0,4013.0,4438.0,5353287840.0,59084
2023-05-10 09:33:49,IF2305,IF2305,4022.0,2.0,2413200.0,-2.0,3,4021.6,4022.0,3,4026.8,4029.0,4029.0,4013.0,4440.0,5355701040.0,59082
2023-05-10 09:33:50,IF2305,IF2305,4022.0,4.0,4826400.0,-2.0,2,4022.0,4022.2,2,4026.8,4029.0,4029.0,4013.0,4444.0,5360527440.0,59080
2023-05-10 09:33:50,IF2305,IF2305,4022.0,1.0,1206600.0,-1.0,1,4022.0,4022.2,2,4026.8,4029.0,4029.0,4013.0,4445.0,5361734040.0,59079
2023-05-10 09:33:51,IF2305,IF2305,4022.2,1.0,1206660.0,-1.0,1,4022.0,4022.2,2,4026.8,4029.0,4029.0,4013.0,4446.0,5362940700.0,59078
2023-05-10 09:33:51,IF2305,IF2305,4022.0,3.0,3619800.0,-1.0,3,4021.6,4022.0,4,4026.8,4029.0,4029.0,4013.0,4449.0,5366560500.0,59077
2023-05-10 09:33:52,IF2305,IF2305,4022.0,6.0,7239180.0,-5.0,4,4021.2,4021.6,1,4026.8,4029.0,4029.0,4013.0,4455.0,5373799680.0,59072
2023-05-10 09:33:52,IF2305,IF2305,4021.8,3.0,3619620.0,-2.0,1,4021.4,4021.8,1,4026.8,4029.0,4029.0,4013.0,4458.0,5377419300.0,59070
2023-05-10 09:33:53,IF2305,IF2305,4022.0,8.0,9652800.0,0.0,1,4021.8,4022.0,6,4026.8,4029.0,4029.0,4013.0,4466.0,5387072100.0,59070
2023-05-10 09:33:53,IF2305,IF2305,4022.0,6.0,7239600.0,0.0,1,4022.0,4022.2,1,4026.8,4029.0,4029.0,4013.0,4472.0,5394311700.0,59070
2023-05-10 09:33:54,IF2305,IF2305,4022.2,4.0,4826700.0,-3.0,3,4022.2,4022.8,1,4026.8,4029.0,4029.0,4013.0,4476.0,5399138400.0,59067
2023-05-10 09:33:54,IF2305,IF2305,4022.0,1.0,1206600.0,0.0,1,4022.4,4022.6,1,4026.8,4029.0,4029.0,4013.0,4477.0,5400345000.0,59067
2023-05-10 09:33:55,IF2305,IF2305,4022.4,3.0,3620160.0,-1.0,1,4021.8,4022.2,5,4026.8,4029.0,4029.0,4013.0,4480.0,5403965160.0,59066
2023-05-10 09:33:55,IF2305,IF2305,4021.8,2.0,2413140.0,0.0,1,4021.8,4022.0,2,4026.8,4029.0,4029.0,4013.0,4482.0,5406378300.0,59066
2023-05-10 09:33:56,IF2305,IF2305,4022.2,7.0,8445960.0,-3.0,1,4022.0,4022.2,5,4026.8,4029.0,4029.0,4013.0,4489.0,5414824260.0,59063
2023-05-10 09:33:56,IF2305,IF2305,4022.0,2.0,2413200.0,0.0,2,4021.6,4021.8,1,4026.8,4029.0,4029.0,4013.0,4491.0,5417237460.0,59063
2023-05-10 09:33:57,IF2305,IF2305,4021.6,7.0,8445360.0,-6.0,4,4021.2,4022.0,5,4026.8,4029.0,4029.0,4013.0,4498.0,5425682820.0,59057
2023-05-10 09:33:57,IF2305,IF2305,4022.0,4.0,4826340.0,-4.0,1,4021.8,4022.0,4,4026.8,4029.0,4029.0,4013.0,4502.0,5430509160.0,59053
2023-05-10 09:33:58,IF2305,IF2305,4022.0,3.0,3619800.0,-3.0,2,4022.0,4022.2,4,4026.8,4029.0,4029.0,4013.0,4505.0,5434128960.0,59050
2023-05-10 09:33:58,IF2305,IF2305,4021.8,3.0,3619740.0,-1.0,1,4021.8,4022.0,2,4026.8,4029.0,4029.0,4013.0,4508.0,5437748700.0,59049
2023-05-10 09:33:59,IF2305,IF2305,4021.8,1.0,1206540.0,0.0,3,4021.4,4021.8,1,4026.8,4029.0,4029.0,4013.0,4509.0,5438955240.0,59049
2023-05-10 09:33:59,IF2305,IF2305,4021.2,2.0,2412780.0,-1.0,4,4021.2,4021.8,1,4026.8,4029.0,4029.0,4013.0,4511.0,5441368020.0,59048
2023-05-10 09:34:00,IF2305,IF2305,4021.4,2.0,2412780.0,-2.0,3,4021.2,4021.4,1,4026.8,4029.0,4029.0,4013.0,4513.0,5443780800.0,59046
2023-05-10 09:34:00,IF2305,IF2305,4021.2,20.0,24127980.0,-12.0,5,4021.0,4022.0,4,4026.8,4029.0,4029.0,4013.0,4533.0,5467908780.0,59034
2023-05-10 09:34:01,IF2305,IF2305,4021.2,0.0,0.0,0.0,7,4021.0,4021.8,5,4026.8,4029.0,4029.0,4013.0,4533.0,5467908780.0,59034
2023-05-10 09:34:01,IF2305,IF2305,4021.0,4.0,4825320.0,-3.0,2,4021.2,4021.8,5,4026.8,4029.0,4029.0,4013.0,4537.0,5472734100.0,59031
2023-05-10 09:34:02,IF2305,IF2305,4021.6,3.0,3619260.0,-1.0,1,4021.2,4021.8,5,4026.8,4029.0,4029.0,4013.0,4540.0,5476353360.0,59030
2023-05-10 09:34:02,IF2305,IF2305,4021.2,5.0,6031920.0,-1.0,2,4021.0,4021.8,5,4026.8,4029.0,4029.0,4013.0,4545.0,5482385280.0,59029
2023-05-10 09:34:03,IF2305,IF2305,4021.0,2.0,2412600.0,-2.0,1,4020.8,4021.0,1,4026.8,4029.0,4029.0,4013.0,4547.0,5484797880.0,59027
2023-05-10 09:34:03,IF2305,IF2305,4020.4,8.0,9649140.0,-8.0,2,4019.6,4020.8,1,4026.8,4029.0,4029.0,4013.0,4555.0,5494447020.0,59019
2023-05-10 09:34:04,IF2305,IF2305,4020.4,0.0,0.0,0.0,2,4020.4,4020.6,1,4026.8,4029.0,4029.0,4013.0,4555.0,5494447020.0,59019
2023-05-10 09:34:04,IF2305,IF2305,4020.6,29.0,34969680.0,-26.0,6,4018.8,4020.8,2,4026.8,4029.0,4029.0,4013.0,4584.0,5529416700.0,58993
2023-05-10 09:34:05,IF2305,IF2305,4020.6,0.0,0.0,0.0,1,4020.0,4020.4,2,4026.8,4029.0,4029.0,4013.0,4584.0,5529416700.0,58993
2023-05-10 09:34:05,IF2305,IF2305,4020.0,1.0,1206000.0,0.0,7,4019.0,4019.8,3,4026.8,4029.0,4029.0,4013.0,4585.0,5530622700.0,58993
2023-05-10 09:34:06,IF2305,IF2305,4020.0,0.0,0.0,0.0,2,4019.4,4019.6,1,4026.8,4029.0,4029.0,4013.0,4585.0,5530622700.0,58993
2023-05-10 09:34:06,IF2305,IF2305,4020.2,4.0,4823820.0,-4.0,1,4019.8,4020.2,1,4026.8,4029.0,4029.0,4013.0,4589.0,5535446520.0,58989
2023-05-10 09:34:07,IF2305,IF2305,4019.8,8.0,9648360.0,0.0,1,4020.2,4020.6,3,4026.8,4029.0,4029.0,4013.0,4597.0,5545094880.0,58989
2023-05-10 09:34:07,IF2305,IF2305,4020.2,2.0,2412240.0,-1.0,2,4019.8,4020.8,12,4026.8,4029.0,4029.0,4013.0,4599.0,5547507120.0,58988
2023-05-10 09:34:08,IF2305,IF2305,4020.8,7.0,8443200.0,-1.0,4,4020.0,4020.8,13,4026.8,4029.0,4029.0,4013.0,4606.0,5555950320.0,58987
2023-05-10 09:34:08,IF2305,IF2305,4020.4,2.0,2412240.0,0.0,4,4020.0,4020.6,1,4026.8,4029.0,4029.0,4013.0,4608.0,5558362560.0,58987
2023-05-10 09:34:09,IF2305,IF2305,4020.4,0.0,0.0,0.0,1,4020.4,4020.6,1,4026.8,4029.0,4029.0,4013.0,4608.0,5558362560.0,58987
2023-05-10 09:34:09,IF2305,IF2305,4020.6,1.0,1206180.0,0.0,2,4020.4,4020.8,13,4026.8,4029.0,4029.0,4013.0,4609.0,5559568740.0,58987
2023-05-10 09:34:10,IF2305,IF2305,4020.4,2.0,2412240.0,2.0,1,4020.0,4020.4,1,4026.8,4029.0,4029.0,4013.0,4611.0,5561980980.0,58989
2023-05-10 09:34:10,IF2305,IF2305,4020.4,0.0,0.0,0.0,2,4019.8,4020.4,1,4026.8,4029.0,4029.0,4013.0,4611.0,5561980980.0,58989
2023-05-10 09:34:11,IF2305,IF2305,4020.8,3.0,3618300.0,2.0,2,4019.6,4020.8,12,4026.8,4029.0,4029.0,4013.0,4614.0,5565599280.0,58991
2023-05-10 09:34:11,IF2305,IF2305,4020.4,1.0,1206120.0,-1.0,4,4019.6,4020.2,1,4026.8,4029.0,4029.0,4013.0,4615.0,5566805400.0,58990
2023-05-10 09:34:12,IF2305,IF2305,4020.4,1.0,1206120.0,0.0,2,4019.6,4020.0,1,4026.8,4029.0,4029.0,4013.0,4616.0,5568011520.0,58990
2023-05-10 09:34:12,IF2305,IF2305,4019.6,1.0,1205880.0,1.0,1,4019.4,4020.0,1,4026.8,4029.0,4029.0,4013.0,4617.0,5569217400.0,58991
2023-05-10 09:34:13,IF2305,IF2305,4020.0,3.0,3617880.0,-3.0,2,4020.2,4020.6,5,4026.8,4029.0,4029.0,4013.0,4620.0,5572835280.0,58988
2023-05-10 09:34:13,IF2305,IF2305,4019.4,4.0,4824000.0,0.0,4,4019.0,4020.0,2,4026.8,4029.0,4029.0,4013.0,4624.0,5577659280.0,58988
2023-05-10 09:34:14,IF2305,IF2305,4020.0,3.0,3617940.0,-1.0,2,4019.4,4020.0,1,4026.8,4029.0,4029.0,4013.0,4627.0,5581277220.0,58987
2023-05-10 09:34:14,IF2305,IF2305,4019.2,5.0,6029040.0,-4.0,1,4020.0,4020.2,4,4026.8,4029.0,4029.0,4013.0,4632.0,5587306260.0,58983
2023-05-10 09:34:15,IF2305,IF2305,4020.0,2.0,2412000.0,-1.0,3,4019.0,4019.6,2,4026.8,4029.0,4029.0,4013.0,4634.0,5589718260.0,58982
2023-05-10 09:34:15,IF2305,IF2305,4019.6,1.0,1205880.0,0.0,3,4019.2,4019.6,1,4026.8,4029.0,4029.0,4013.0,4635.0,5590924140.0,58982
2023-05-10 09:34:16,IF2305,IF2305,4019.8,1.0,1205940.0,0.0,1,4019.4,4019.8,2,4026.8,4029.0,4029.0,4013.0,4636.0,5592130080.0,58982
2023-05-10 09:34:16,IF2305,IF2305,4019.6,1.0,1205880.0,0.0,2,4019.4,4019.6,1,4026.8,4029.0,4029.0,4013.0,4637.0,5593335960.0,58982
2023-05-10 09:34:17,IF2305,IF2305,4019.6,8.0,9647100.0,-7.0,1,4019.6,4019.8,1,4026.8,4029.0,4029.0,4013.0,4645.0,5602983060.0,58975
2023-05-10 09:34:17,IF2305,IF2305,4020.0,2.0,2411940.0,-2.0,1,4019.6,4020.0,3,4026.8,4029.0,4029.0,4013.0,4647.0,5605395000.0,58973
2023-05-10 09:34:18,IF2305,IF2305,4020.0,5.0,6029760.0,-2.0,3,4019.4,4020.0,1,4026.8,4029.0,4029.0,4013.0,4652.0,5611424760.0,58971
2023-05-10 09:34:18,IF2305,IF2305,4019.6,5.0,6029100.0,-3.0,3,4019.2,4019.4,1,4026.8,4029.0,4029.0,4013.0,4657.0,5617453860.0,58968
2023-05-10 09:34:19,IF2305,IF2305,4019.2,3.0,3617340.0,-3.0,2,4019.2,4019.6,2,4026.8,4029.0,4029.0,4013.0,4660.0,5621071200.0,58965
2023-05-10 09:34:19,IF2305,IF2305,4019.2,0.0,0.0,0.0,2,4019.2,4019.4,5,4026.8,4029.0,4029.0,4013.0,4660.0,5621071200.0,58965
2023-05-10 09:34:20,IF2305,IF2305,4019.2,4.0,4823040.0,-3.0,4,4018.8,4019.2,1,4026.8,4029.0,4029.0,4013.0,4664.0,5625894240.0,58962
2023-05-10 09:34:20,IF2305,IF2305,4019.2,1.0,1205760.0,-1.0,2,4019.0,4019.4,2,4026.8,4029.0,4029.0,4013.0,4665.0,5627100000.0,58961
2023-05-10 09:34:21,IF2305,IF2305,4019.4,2.0,2411640.0,-2.0,2,4019.0,4019.6,2,4026.8,4029.0,4029.0,4013.0,4667.0,5629511640.0,58959
2023-05-10 09:34:21,IF2305,IF2305,4019.6,2.0,2411700.0,-1.0,3,4019.0,4019.6,1,4026.8,4029.0,4029.0,4013.0,4669.0,5631923340.0,58958
2023-05-10 09:34:22,IF2305,IF2305,4019.6,1.0,1205880.0,-1.0,1,4019.0,4019.4,1,4026.8,4029.0,4029.0,4013.0,4670.0,5633129220.0,58957
2023-05-10 09:34:22,IF2305,IF2305,4019.2,3.0,3617160.0,-3.0,3,4018.8,4019.2,2,4026.8,4029.0,4029.0,4013.0,4673.0,5636746380.0,58954
2023-05-10 09:34:23,IF2305,IF2305,4019.0,3.0,3617220.0,-2.0,3,4019.2,4019.6,1,4026.8,4029.0,4029.0,4013.0,4676.0,5640363600.0,58952
2023-05-10 09:34:23,IF2305,IF2305,4019.0,1.0,1205700.0,-1.0,1,4019.2,4019.4,3,4026.8,4029.0,4029.0,4013.0,4677.0,5641569300.0,58951
2023-05-10 09:34:24,IF2305,IF2305,4019.0,6.0,7234500.0,-2.0,1,4019.0,4019.6,1,4026.8,4029.0,4029.0,4013.0,4683.0,5648803800.0,58949
2023-05-10 09:34:24,IF2305,IF2305,4019.0,0.0,0.0,0.0,3,4019.0,4019.2,2,4026.8,4029.0,4029.0,4013.0,4683.0,5648803800.0,58949
2023-05-10 09:34:25,IF2305,IF2305,4019.0,3.0,3617100.0,-2.0,5,4018.8,4019.2,2,4026.8,4029.0,4029.0,4013.0,4686.0,5652420900.0,58947
2023-05-10 09:34:25,IF2305,IF2305,4018.8,5.0,6028200.0,-3.0,1,4019.0,4019.2,3,4026.8,4029.0,4029.0,4013.0,4691.0,5658449100.0,58944
2023-05-10 09:34:26,IF2305,IF2305,4019.0,4.0,4822680.0,-2.0,3,4018.6,4019.0,1,4026.8,4029.0,4029.0,4013.0,4695.0,5663271780.0,58942
2023-05-10 09:34:26,IF2305,IF2305,4019.4,4.0,4823100.0,-3.0,1,4019.0,4019.4,3,4026.8,4029.0,4029.0,4013.0,4699.0,5668094880.0,58939
2023-05-10 09:34:27,IF2305,IF2305,4019.4,7.0,8440440.0,-5.0,1,4019.0,4019.2,3,4026.8,4029.0,4029.0,4013.0,4706.0,5676535320.0,58934
2023-05-10 09:34:27,IF2305,IF2305,4019.0,3.0,3617040.0,-3.0,3,4018.6,4019.0,1,4026.8,4029.0,4029.0,4013.0,4709.0,5680152360.0,58931
2023-05-10 09:34:28,IF2305,IF2305,4019.0,5.0,6028140.0,-4.0,1,4018.4,4019.0,4,4026.8,4029.0,4029.0,4013.0,4714.0,5686180500.0,58927
2023-05-10 09:34:28,IF2305,IF2305,4019.0,1.0,1205700.0,0.0,1,4018.4,4018.6,1,4026.8,4029.0,4029.0,4013.0,4715.0,5687386200.0,58927
2023-05-10 09:34:29,IF2305,IF2305,4019.0,7.0,8439180.0,-6.0,4,4018.6,4019.0,4,4026.8,4029.0,4029.0,4013.0,4722.0,5695825380.0,58921
2023-05-10 09:34:29,IF2305,IF2305,4019.0,1.0,1205700.0,0.0,3,4018.8,4019.0,3,4026.8,4029.0,4029.0,4013.0,4723.0,5697031080.0,58921
2023-05-10 09:34:30,IF2305,IF2305,4019.0,5.0,6028380.0,-3.0,2,4019.0,4019.2,12,4026.8,4029.0,4029.0,4013.0,4728.0,5703059460.0,58918
2023-05-10 09:34:30,IF2305,IF2305,4018.8,5.0,6028260.0,-3.0,1,4018.4,4019.0,2,4026.8,4029.0,4029.0,4013.0,4733.0,5709087720.0,58915
2023-05-10 09:34:31,IF2305,IF2305,4018.8,0.0,0.0,0.0,1,4018.4,4018.8,2,4026.8,4029.0,4029.0,4013.0,4733.0,5709087720.0,58915
2023-05-10 09:34:31,IF2305,IF2305,4018.2,5.0,6027540.0,-3.0,6,4018.2,4018.6,1,4026.8,4029.0,4029.0,4013.0,4738.0,5715115260.0,58912
2023-05-10 09:34:32,IF2305,IF2305,4018.6,15.0,18082140.0,-6.0,3,4018.6,4018.8,2,4026.8,4029.0,4029.0,4013.0,4753.0,5733197400.0,58906
2023-05-10 09:34:32,IF2305,IF2305,4018.0,18.0,21698340.0,-9.0,1,4017.6,4018.2,4,4026.8,4029.0,4029.0,4013.0,4771.0,5754895740.0,58897
2023-05-10 09:34:33,IF2305,IF2305,4018.2,4.0,4821780.0,-3.0,1,4018.0,4018.2,2,4026.8,4029.0,4029.0,4013.0,4775.0,5759717520.0,58894
2023-05-10 09:34:33,IF2305,IF2305,4018.0,4.0,4821540.0,-1.0,1,4017.6,4018.2,3,4026.8,4029.0,4029.0,4013.0,4779.0,5764539060.0,58893
2023-05-10 09:34:34,IF2305,IF2305,4018.0,3.0,3616260.0,0.0,2,4017.8,4018.0,2,4026.8,4029.0,4029.0,4013.0,4782.0,5768155320.0,58893
2023-05-10 09:34:34,IF2305,IF2305,4018.0,9.0,10848660.0,-5.0,1,4018.0,4018.2,1,4026.8,4029.0,4029.0,4013.0,4791.0,5779003980.0,58888
2023-05-10 09:34:35,IF2305,IF2305,4018.2,1.0,1205460.0,-1.0,1,4018.2,4018.4,2,4026.8,4029.0,4029.0,4013.0,4792.0,5780209440.0,58887
2023-05-10 09:34:35,IF2305,IF2305,4018.4,5.0,6027120.0,-4.0,3,4017.4,4018.4,1,4026.8,4029.0,4029.0,4013.0,4797.0,5786236560.0,58883
2023-05-10 09:34:36,IF2305,IF2305,4018.6,4.0,4821900.0,-2.0,1,4018.4,4018.6,6,4026.8,4029.0,4029.0,4013.0,4801.0,5791058460.0,58881
2023-05-10 09:34:36,IF2305,IF2305,4017.8,10.0,12055500.0,-7.0,2,4017.8,4018.6,5,4026.8,4029.0,4029.0,4013.0,4811.0,5803113960.0,58874
2023-05-10 09:34:37,IF2305,IF2305,4018.6,10.0,12055620.0,-6.0,2,4018.6,4018.8,2,4026.8,4029.0,4029.0,4013.0,4821.0,5815169580.0,58868
2023-05-10 09:34:37,IF2305,IF2305,4018.8,16.0,19290360.0,-8.0,1,4018.6,4019.2,6,4026.8,4029.0,4029.0,4013.0,4837.0,5834459940.0,58860
2023-05-10 09:34:38,IF2305,IF2305,4018.6,7.0,8438820.0,-4.0,1,4018.2,4018.6,3,4026.8,4029.0,4029.0,4013.0,4844.0,5842898760.0,58856
2023-05-10 09:34:38,IF2305,IF2305,4018.4,4.0,4822020.0,0.0,2,4018.0,4018.4,1,4026.8,4029.0,4029.0,4013.0,4848.0,5847720780.0,58856
2023-05-10 09:34:39,IF2305,IF2305,4018.4,1.0,1205520.0,-1.0,1,4018.4,4018.6,3,4026.8,4029.0,4029.0,4013.0,4849.0,5848926300.0,58855
2023-05-10 09:34:39,IF2305,IF2305,4018.4,2.0,2411040.0,-1.0,1,4018.4,4018.6,3,4026.8,4029.0,4029.0,4013.0,4851.0,5851337340.0,58854
2023-05-10 09:34:40,IF2305,IF2305,4019.0,6.0,7233420.0,-3.0,2,4018.6,4019.2,6,4026.8,4029.0,4029.0,4013.0,4857.0,5858570760.0,58851
2023-05-10 09:34:40,IF2305,IF2305,4018.6,4.0,4822320.0,1.0,2,4018.4,4018.8,2,4026.8,4029.0,4029.0,4013.0,4861.0,5863393080.0,58852
2023-05-10 09:34:41,IF2305,IF2305,4018.4,2.0,2411040.0,0.0,4,4018.0,4019.0,3,4026.8,4029.0,4029.0,4013.0,4863.0,5865804120.0,58852
2023-05-10 09:34:41,IF2305,IF2305,4018.2,12.0,14468700.0,-4.0,5,4018.0,4019.2,5,4026.8,4029.0,4029.0,4013.0,4875.0,5880272820.0,58848
2023-05-10 09:34:42,IF2305,IF2305,4018.2,0.0,0.0,0.0,1,4018.6,4019.0,1,4026.8,4029.0,4029.0,4013.0,4875.0,5880272820.0,58848
2023-05-10 09:34:42,IF2305,IF2305,4018.8,2.0,2411340.0,0.0,1,4018.6,4019.0,1,4026.8,4029.0,4029.0,4013.0,4877.0,5882684160.0,58848
2023-05-10 09:34:43,IF2305,IF2305,4018.6,3.0,3617160.0,-1.0,2,4018.2,4018.8,2,4026.8,4029.0,4029.0,4013.0,4880.0,5886301320.0,58847
2023-05-10 09:34:43,IF2305,IF2305,4018.0,3.0,3616440.0,-1.0,3,4018.0,4018.6,2,4026.8,4029.0,4029.0,4013.0,4883.0,5889917760.0,58846
2023-05-10 09:34:44,IF2305,IF2305,4018.4,5.0,6027240.0,-2.0,4,4017.6,4018.6,1,4026.8,4029.0,4029.0,4013.0,4888.0,5895945000.0,58844
2023-05-10 09:34:44,IF2305,IF2305,4018.4,1.0,1205520.0,-1.0,2,4017.8,4018.4,13,4026.8,4029.0,4029.0,4013.0,4889.0,5897150520.0,58843
2023-05-10 09:34:45,IF2305,IF2305,4018.2,3.0,3615900.0,-2.0,2,4017.2,4018.2,4,4026.8,4029.0,4029.0,4013.0,4892.0,5900766420.0,58841
2023-05-10 09:34:45,IF2305,IF2305,4017.4,2.0,2410440.0,-1.0,4,4017.4,4018.0,4,4026.8,4029.0,4029.0,4013.0,4894.0,5903176860.0,58840
2023-05-10 09:34:46,IF2305,IF2305,4017.8,3.0,3615780.0,0.0,1,4017.6,4017.8,1,4026.8,4029.0,4029.0,4013.0,4897.0,5906792640.0,58840
2023-05-10 09:34:46,IF2305,IF2305,4017.6,1.0,1205280.0,0.0,2,4017.2,4017.4,1,4026.8,4029.0,4029.0,4013.0,4898.0,5907997920.0,58840
2023-05-10 09:34:47,IF2305,IF2305,4017.4,1.0,1205220.0,-1.0,1,4017.8,4018.4,10,4026.8,4029.0,4029.0,4013.0,4899.0,5909203140.0,58839
2023-05-10 09:34:47,IF2305,IF2305,4018.4,19.0,22903860.0,7.0,1,4017.8,4018.4,3,4026.8,4029.0,4029.0,4013.0,4918.0,5932107000.0,58846
2023-05-10 09:34:48,IF2305,IF2305,4018.4,0.0,0.0,0.0,5,4018.0,4018.2,1,4026.8,4029.0,4029.0,4013.0,4918.0,5932107000.0,58846
2023-05-10 09:34:48,IF2305,IF2305,4018.2,5.0,6027480.0,-2.0,3,4018.2,4018.4,1,4026.8,4029.0,4029.0,4013.0,4923.0,5938134480.0,58844
2023-05-10 09:34:49,IF2305,IF2305,4018.4,7.0,8438460.0,-6.0,5,4018.0,4019.0,1,4026.8,4029.0,4029.0,4013.0,4930.0,5946572940.0,58838
2023-05-10 09:34:49,IF2305,IF2305,4018.0,4.0,4822080.0,-2.0,4,4018.0,4018.8,7,4026.8,4029.0,4029.0,4013.0,4934.0,5951395020.0,58836
2023-05-10 09:34:50,IF2305,IF2305,4018.8,2.0,2411220.0,1.0,1,4017.8,4018.8,7,4026.8,4029.0,4029.0,4013.0,4936.0,5953806240.0,58837
2023-05-10 09:34:50,IF2305,IF2305,4018.4,2.0,2410920.0,-1.0,7,4018.0,4018.6,1,4026.8,4029.0,4029.0,4013.0,4938.0,5956217160.0,58836
2023-05-10 09:34:51,IF2305,IF2305,4019.0,6.0,7233780.0,-1.0,15,4019.0,4019.2,1,4026.8,4029.0,4029.0,4013.0,4944.0,5963450940.0,58835
2023-05-10 09:34:51,IF2305,IF2305,4019.2,5.0,6028980.0,-5.0,15,4019.0,4019.6,8,4026.8,4029.0,4029.0,4013.0,4949.0,5969479920.0,58830
2023-05-10 09:34:52,IF2305,IF2305,4019.4,1.0,1205820.0,0.0,1,4019.2,4019.6,8,4026.8,4029.0,4029.0,4013.0,4950.0,5970685740.0,58830
2023-05-10 09:34:52,IF2305,IF2305,4019.6,1.0,1205880.0,-1.0,19,4019.0,4019.2,1,4026.8,4029.0,4029.0,4013.0,4951.0,5971891620.0,58829
2023-05-10 09:34:53,IF2305,IF2305,4019.0,9.0,10851600.0,-1.0,16,4019.0,4019.6,7,4026.8,4029.0,4029.0,4013.0,4960.0,5982743220.0,58828
2023-05-10 09:34:53,IF2305,IF2305,4019.0,16.0,19291200.0,-1.0,1,4018.8,4019.0,1,4026.8,4029.0,4029.0,4013.0,4976.0,6002034420.0,58827
2023-05-10 09:34:54,IF2305,IF2305,4018.8,2.0,2411280.0,-1.0,1,4018.6,4019.0,1,4026.8,4029.0,4029.0,4013.0,4978.0,6004445700.0,58826
2023-05-10 09:34:54,IF2305,IF2305,4018.6,4.0,4822200.0,-2.0,1,4018.2,4018.8,1,4026.8,4029.0,4029.0,4013.0,4982.0,6009267900.0,58824
2023-05-10 09:34:55,IF2305,IF2305,4018.6,3.0,3616740.0,-3.0,8,4018.4,4019.4,6,4026.8,4029.0,4029.0,4013.0,4985.0,6012884640.0,58821
2023-05-10 09:34:55,IF2305,IF2305,4019.6,17.0,20499240.0,2.0,1,4019.6,4019.8,13,4026.8,4029.0,4029.0,4013.0,5002.0,6033383880.0,58823
2023-05-10 09:34:56,IF2305,IF2305,4019.6,15.0,18085380.0,3.0,1,4019.4,4019.6,1,4026.8,4029.0,4029.0,4013.0,5017.0,6051469260.0,58826
2023-05-10 09:34:56,IF2305,IF2305,4019.2,4.0,4823220.0,-3.0,3,4019.0,4019.4,3,4026.8,4029.0,4029.0,4013.0,5021.0,6056292480.0,58823
2023-05-10 09:34:57,IF2305,IF2305,4019.4,2.0,2411640.0,-2.0,4,4019.2,4019.4,1,4026.8,4029.0,4029.0,4013.0,5023.0,6058704120.0,58821
2023-05-10 09:34:57,IF2305,IF2305,4019.4,1.0,1205820.0,-1.0,1,4019.4,4019.6,1,4026.8,4029.0,4029.0,4013.0,5024.0,6059909940.0,58820
2023-05-10 09:34:58,IF2305,IF2305,4019.4,1.0,1205820.0,-1.0,2,4019.0,4019.4,1,4026.8,4029.0,4029.0,4013.0,5025.0,6061115760.0,58819
2023-05-10 09:34:58,IF2305,IF2305,4019.6,3.0,3617460.0,-3.0,1,4019.2,4019.6,1,4026.8,4029.0,4029.0,4013.0,5028.0,6064733220.0,58816
2023-05-10 09:34:59,IF2305,IF2305,4019.2,2.0,2411580.0,-1.0,1,4019.0,4019.4,1,4026.8,4029.0,4029.0,4013.0,5030.0,6067144800.0,58815
2023-05-10 09:34:59,IF2305,IF2305,4019.4,2.0,2411520.0,-2.0,1,4018.8,4019.6,1,4026.8,4029.0,4029.0,4013.0,5032.0,6069556320.0,58813
2023-05-10 09:35:00,IF2305,IF2305,4019.6,2.0,2411760.0,0.0,17,4019.6,4019.8,10,4026.8,4029.0,4029.0,4013.0,5034.0,6071968080.0,58813
2023-05-10 09:35:00,IF2305,IF2305,4020.6,41.0,49442160.0,2.0,2,4018.8,4019.6,1,4026.8,4029.0,4029.0,4013.0,5075.0,6121410240.0,58815
2023-05-10 09:35:01,IF2305,IF2305,4019.2,7.0,8440320.0,-7.0,2,4019.2,4019.4,3,4026.8,4029.0,4029.0,4013.0,5082.0,6129850560.0,58808
2023-05-10 09:35:01,IF2305,IF2305,4018.0,10.0,12055980.0,-2.0,3,4018.0,4018.6,1,4026.8,4029.0,4029.0,4013.0,5092.0,6141906540.0,58806
2023-05-10 09:35:02,IF2305,IF2305,4018.4,8.0,9643260.0,-2.0,1,4017.6,4018.4,5,4026.8,4029.0,4029.0,4013.0,5100.0,6151549800.0,58804
2023-05-10 09:35:02,IF2305,IF2305,4017.8,8.0,9641820.0,-6.0,2,4017.0,4017.6,1,4026.8,4029.0,4029.0,4013.0,5108.0,6161191620.0,58798
2023-05-10 09:35:03,IF2305,IF2305,4017.2,3.0,3615480.0,-3.0,2,4017.0,4017.2,1,4026.8,4029.0,4029.0,4013.0,5111.0,6164807100.0,58795
2023-05-10 09:35:03,IF2305,IF2305,4017.0,7.0,8435760.0,-6.0,3,4016.8,4017.0,2,4026.8,4029.0,4029.0,4013.0,5118.0,6173242860.0,58789
2023-05-10 09:35:04,IF2305,IF2305,4017.0,7.0,8435400.0,-5.0,4,4016.6,4017.0,6,4026.8,4029.0,4029.0,4013.0,5125.0,6181678260.0,58784
2023-05-10 09:35:04,IF2305,IF2305,4016.6,7.0,8435220.0,-3.0,4,4016.4,4017.0,4,4026.8,4029.0,4029.0,4013.0,5132.0,6190113480.0,58781
2023-05-10 09:35:05,IF2305,IF2305,4016.4,12.0,14459700.0,-5.0,2,4016.2,4016.4,1,4026.8,4029.0,4029.0,4013.0,5144.0,6204573180.0,58776
2023-05-10 09:35:05,IF2305,IF2305,4016.2,10.0,12048660.0,-5.0,5,4016.0,4016.6,1,4026.8,4029.0,4029.0,4013.0,5154.0,6216621840.0,58771
2023-05-10 09:35:06,IF2305,IF2305,4016.2,10.0,12048120.0,1.0,1,4015.6,4016.0,1,4026.8,4029.0,4029.0,4013.0,5164.0,6228669960.0,58772
2023-05-10 09:35:06,IF2305,IF2305,4016.2,6.0,7228860.0,-5.0,1,4016.2,4016.4,6,4026.8,4029.0,4029.0,4013.0,5170.0,6235898820.0,58767
2023-05-10 09:35:07,IF2305,IF2305,4016.4,16.0,19278720.0,-10.0,2,4016.4,4017.0,2,4026.8,4029.0,4029.0,4013.0,5186.0,6255177540.0,58757
2023-05-10 09:35:07,IF2305,IF2305,4017.0,7.0,8435400.0,-3.0,2,4017.0,4017.4,1,4026.8,4029.0,4029.0,4013.0,5193.0,6263612940.0,58754
2023-05-10 09:35:08,IF2305,IF2305,4017.2,5.0,6025560.0,-3.0,3,4017.0,4017.4,1,4026.8,4029.0,4029.0,4013.0,5198.0,6269638500.0,58751
2023-05-10 09:35:08,IF2305,IF2305,4017.4,6.0,7230840.0,-2.0,1,4016.6,4017.0,1,4026.8,4029.0,4029.0,4013.0,5204.0,6276869340.0,58749
2023-05-10 09:35:09,IF2305,IF2305,4017.2,3.0,3615600.0,-2.0,2,4016.4,4017.4,1,4026.8,4029.0,4029.0,4013.0,5207.0,6280484940.0,58747
2023-05-10 09:35:09,IF2305,IF2305,4017.4,3.0,3615240.0,-3.0,1,4017.0,4017.4,1,4026.8,4029.0,4029.0,4013.0,5210.0,6284100180.0,58744
2023-05-10 09:35:10,IF2305,IF2305,4017.4,1.0,1205220.0,-1.0,18,4017.6,4017.8,1,4026.8,4029.0,4029.0,4013.0,5211.0,6285305400.0,58743
2023-05-10 09:35:10,IF2305,IF2305,4017.6,6.0,7231980.0,-2.0,18,4017.6,4018.0,1,4026.8,4029.0,4029.0,4013.0,5217.0,6292537380.0,58741
2023-05-10 09:35:11,IF2305,IF2305,4017.8,3.0,3616020.0,-3.0,19,4017.6,4017.8,1,4026.8,4029.0,4029.0,4013.0,5220.0,6296153400.0,58738
2023-05-10 09:35:11,IF2305,IF2305,4017.8,7.0,8437200.0,3.0,1,4017.8,4018.2,1,4026.8,4029.0,4029.0,4013.0,5227.0,6304590600.0,58741
2023-05-10 09:35:12,IF2305,IF2305,4017.6,2.0,2410620.0,1.0,17,4017.6,4017.8,1,4026.8,4029.0,4029.0,4013.0,5229.0,6307001220.0,58742
2023-05-10 09:35:12,IF2305,IF2305,4017.6,6.0,7231740.0,0.0,12,4017.6,4018.0,3,4026.8,4029.0,4029.0,4013.0,5235.0,6314232960.0,58742
2023-05-10 09:35:13,IF2305,IF2305,4017.6,7.0,8436960.0,0.0,6,4017.6,4017.8,1,4026.8,4029.0,4029.0,4013.0,5242.0,6322669920.0,58742
2023-05-10 09:35:13,IF2305,IF2305,4017.4,9.0,10847400.0,-2.0,2,4017.4,4017.8,2,4026.8,4029.0,4029.0,4013.0,5251.0,6333517320.0,58740
2023-05-10 09:35:14,IF2305,IF2305,4017.8,2.0,2410680.0,1.0,1,4017.6,4018.0,4,4026.8,4029.0,4029.0,4013.0,5253.0,6335928000.0,58741
2023-05-10 09:35:14,IF2305,IF2305,4018.0,2.0,2410740.0,-2.0,1,4017.6,4018.0,1,4026.8,4029.0,4029.0,4013.0,5255.0,6338338740.0,58739
2023-05-10 09:35:15,IF2305,IF2305,4017.8,2.0,2410740.0,-2.0,1,4017.8,4018.4,3,4026.8,4029.0,4029.0,4013.0,5257.0,6340749480.0,58737
2023-05-10 09:35:15,IF2305,IF2305,4017.4,3.0,3615840.0,0.0,1,4017.4,4017.8,9,4026.8,4029.0,4029.0,4013.0,5260.0,6344365320.0,58737
2023-05-10 09:35:16,IF2305,IF2305,4017.2,3.0,3615540.0,-2.0,1,4017.0,4017.2,1,4026.8,4029.0,4029.0,4013.0,5263.0,6347980860.0,58735
2023-05-10 09:35:16,IF2305,IF2305,4016.4,10.0,12050100.0,-7.0,4,4016.2,4016.4,1,4026.8,4029.0,4029.0,4013.0,5273.0,6360030960.0,58728
2023-05-10 09:35:17,IF2305,IF2305,4016.4,6.0,7229520.0,-2.0,3,4016.6,4017.4,5,4026.8,4029.0,4029.0,4013.0,5279.0,6367260480.0,58726
2023-05-10 09:35:17,IF2305,IF2305,4016.8,3.0,3615240.0,0.0,2,4016.8,4017.0,2,4026.8,4029.0,4029.0,4013.0,5282.0,6370875720.0,58726
2023-05-10 09:35:18,IF2305,IF2305,4016.8,3.0,3615120.0,-1.0,1,4016.6,4016.8,8,4026.8,4029.0,4029.0,4013.0,5285.0,6374490840.0,58725
2023-05-10 09:35:18,IF2305,IF2305,4016.6,5.0,6024720.0,0.0,2,4016.2,4016.6,2,4026.8,4029.0,4029.0,4013.0,5290.0,6380515560.0,58725
2023-05-10 09:35:19,IF2305,IF2305,4016.6,0.0,0.0,0.0,2,4016.2,4016.6,1,4026.8,4029.0,4029.0,4013.0,5290.0,6380515560.0,58725
2023-05-10 09:35:19,IF2305,IF2305,4016.2,6.0,7229100.0,-4.0,3,4016.0,4016.2,4,4026.8,4029.0,4029.0,4013.0,5296.0,6387744660.0,58721
2023-05-10 09:35:20,IF2305,IF2305,4016.2,3.0,3614580.0,-2.0,4,4016.0,4016.2,1,4026.8,4029.0,4029.0,4013.0,5299.0,6391359240.0,58719
2023-05-10 09:35:20,IF2305,IF2305,4016.2,4.0,4819380.0,-2.0,3,4016.0,4016.2,1,4026.8,4029.0,4029.0,4013.0,5303.0,6396178620.0,58717
2023-05-10 09:35:21,IF2305,IF2305,4016.0,4.0,4819260.0,-2.0,18,4016.4,4016.6,2,4026.8,4029.0,4029.0,4013.0,5307.0,6400997880.0,58715
2023-05-10 09:35:21,IF2305,IF2305,4016.6,5.0,6024660.0,-1.0,14,4016.4,4016.8,1,4026.8,4029.0,4029.0,4013.0,5312.0,6407022540.0,58714
2023-05-10 09:35:22,IF2305,IF2305,4016.6,4.0,4819740.0,2.0,12,4016.4,4016.8,2,4026.8,4029.0,4029.0,4013.0,5316.0,6411842280.0,58716
2023-05-10 09:35:22,IF2305,IF2305,4016.4,3.0,3614760.0,1.0,10,4016.4,4016.6,2,4026.8,4029.0,4029.0,4013.0,5319.0,6415457040.0,58717
2023-05-10 09:35:23,IF2305,IF2305,4016.4,10.0,12049200.0,9.0,1,4016.4,4016.6,2,4026.8,4029.0,4029.0,4013.0,5329.0,6427506240.0,58726
2023-05-10 09:35:23,IF2305,IF2305,4016.4,2.0,2409840.0,-1.0,4,4016.2,4016.8,1,4026.8,4029.0,4029.0,4013.0,5331.0,6429916080.0,58725
2023-05-10 09:35:24,IF2305,IF2305,4016.4,2.0,2409840.0,-1.0,4,4016.2,4016.4,10,4026.8,4029.0,4029.0,4013.0,5333.0,6432325920.0,58724
2023-05-10 09:35:24,IF2305,IF2305,4016.2,6.0,7229160.0,-4.0,1,4016.0,4016.2,1,4026.8,4029.0,4029.0,4013.0,5339.0,6439555080.0,58720
2023-05-10 09:35:25,IF2305,IF2305,4016.2,4.0,4819380.0,0.0,1,4016.0,4016.4,10,4026.8,4029.0,4029.0,4013.0,5343.0,6444374460.0,58720
2023-05-10 09:35:25,IF2305,IF2305,4016.4,1.0,1204920.0,0.0,2,4016.2,4016.4,9,4026.8,4029.0,4029.0,4013.0,5344.0,6445579380.0,58720
2023-05-10 09:35:26,IF2305,IF2305,4016.4,9.0,10844040.0,3.0,1,4016.0,4016.4,6,4026.8,4029.0,4029.0,4013.0,5353.0,6456423420.0,58723
2023-05-10 09:35:26,IF2305,IF2305,4016.4,0.0,0.0,0.0,1,4016.2,4016.4,7,4026.8,4029.0,4029.0,4013.0,5353.0,6456423420.0,58723
2023-05-10 09:35:27,IF2305,IF2305,4015.6,7.0,8433480.0,-5.0,1,4015.4,4016.2,1,4026.8,4029.0,4029.0,4013.0,5360.0,6464856900.0,58718
2023-05-10 09:35:28,IF2305,IF2305,4016.2,3.0,3614460.0,-2.0,5,4015.6,4016.2,1,4026.8,4029.0,4029.0,4013.0,5363.0,6468471360.0,58716
2023-05-10 09:35:29,IF2305,IF2305,4016.4,12.0,14457180.0,-4.0,2,4015.4,4016.0,1,4026.8,4029.0,4029.0,4013.0,5375.0,6482928540.0,58712
2023-05-10 09:35:29,IF2305,IF2305,4016.0,1.0,1204800.0,-1.0,2,4015.4,4016.0,1,4026.8,4029.0,4029.0,4013.0,5376.0,6484133340.0,58711
2023-05-10 09:35:30,IF2305,IF2305,4016.0,1.0,1204800.0,-1.0,3,4015.4,4016.0,2,4026.8,4029.0,4029.0,4013.0,5377.0,6485338140.0,58710
2023-05-10 09:35:30,IF2305,IF2305,4015.4,6.0,7228200.0,-6.0,1,4016.0,4016.4,5,4026.8,4029.0,4029.0,4013.0,5383.0,6492566340.0,58704
2023-05-10 09:35:31,IF2305,IF2305,4015.6,3.0,3614160.0,-1.0,1,4015.4,4015.6,2,4026.8,4029.0,4029.0,4013.0,5386.0,6496180500.0,58703
2023-05-10 09:35:31,IF2305,IF2305,4015.6,5.0,6023400.0,-1.0,2,4015.6,4016.0,1,4026.8,4029.0,4029.0,4013.0,5391.0,6502203900.0,58702
2023-05-10 09:35:32,IF2305,IF2305,4016.0,4.0,4818960.0,0.0,5,4015.6,4016.2,1,4026.8,4029.0,4029.0,4013.0,5395.0,6507022860.0,58702
2023-05-10 09:35:32,IF2305,IF2305,4015.6,1.0,1204680.0,0.0,1,4015.8,4016.2,1,4026.8,4029.0,4029.0,4013.0,5396.0,6508227540.0,58702
2023-05-10 09:35:33,IF2305,IF2305,4016.0,3.0,3614340.0,-2.0,1,4015.6,4016.0,1,4026.8,4029.0,4029.0,4013.0,5399.0,6511841880.0,58700
2023-05-10 09:35:33,IF2305,IF2305,4015.8,2.0,2409540.0,-2.0,1,4015.8,4016.4,5,4026.8,4029.0,4029.0,4013.0,5401.0,6514251420.0,58698
2023-05-10 09:35:34,IF2305,IF2305,4016.0,1.0,1204800.0,-1.0,1,4015.6,4016.0,3,4026.8,4029.0,4029.0,4013.0,5402.0,6515456220.0,58697
2023-05-10 09:35:34,IF2305,IF2305,4015.8,4.0,4819140.0,-1.0,6,4015.8,4016.4,5,4026.8,4029.0,4029.0,4013.0,5406.0,6520275360.0,58696
2023-05-10 09:35:35,IF2305,IF2305,4015.8,5.0,6023880.0,-2.0,8,4015.8,4016.2,1,4026.8,4029.0,4029.0,4013.0,5411.0,6526299240.0,58694
2023-05-10 09:35:35,IF2305,IF2305,4016.2,1.0,1204860.0,-1.0,1,4016.0,4016.4,5,4026.8,4029.0,4029.0,4013.0,5412.0,6527504100.0,58693
2023-05-10 09:35:36,IF2305,IF2305,4015.8,1.0,1204740.0,0.0,1,4016.0,4016.4,5,4026.8,4029.0,4029.0,4013.0,5413.0,6528708840.0,58693
2023-05-10 09:35:36,IF2305,IF2305,4016.0,1.0,1204800.0,0.0,6,4015.8,4016.2,4,4026.8,4029.0,4029.0,4013.0,5414.0,6529913640.0,58693
2023-05-10 09:35:37,IF2305,IF2305,4016.0,0.0,0.0,0.0,6,4015.8,4016.0,1,4026.8,4029.0,4029.0,4013.0,5414.0,6529913640.0,58693
2023-05-10 09:35:37,IF2305,IF2305,4016.0,1.0,1204800.0,-1.0,6,4015.8,4016.2,2,4026.8,4029.0,4029.0,4013.0,5415.0,6531118440.0,58692
2023-05-10 09:35:38,IF2305,IF2305,4015.8,9.0,10842780.0,-1.0,1,4015.4,4015.8,8,4026.8,4029.0,4029.0,4013.0,5424.0,6541961220.0,58691
2023-05-10 09:35:38,IF2305,IF2305,4015.8,2.0,2409480.0,-2.0,2,4015.6,4015.8,6,4026.8,4029.0,4029.0,4013.0,5426.0,6544370700.0,58689
2023-05-10 09:35:39,IF2305,IF2305,4015.8,1.0,1204740.0,-1.0,4,4015.6,4015.8,5,4026.8,4029.0,4029.0,4013.0,5427.0,6545575440.0,58688
2023-05-10 09:35:39,IF2305,IF2305,4015.6,8.0,9637740.0,-4.0,1,4015.4,4015.6,1,4026.8,4029.0,4029.0,4013.0,5435.0,6555213180.0,58684
2023-05-10 09:35:40,IF2305,IF2305,4015.6,2.0,2409360.0,-2.0,2,4015.8,4016.0,1,4026.8,4029.0,4029.0,4013.0,5437.0,6557622540.0,58682
2023-05-10 09:35:40,IF2305,IF2305,4016.0,3.0,3614400.0,-1.0,1,4016.0,4016.2,1,4026.8,4029.0,4029.0,4013.0,5440.0,6561236940.0,58681
2023-05-10 09:35:41,IF2305,IF2305,4016.0,0.0,0.0,0.0,2,4016.0,4016.2,1,4026.8,4029.0,4029.0,4013.0,5440.0,6561236940.0,58681
2023-05-10 09:35:41,IF2305,IF2305,4016.2,2.0,2409720.0,0.0,2,4016.0,4016.4,4,4026.8,4029.0,4029.0,4013.0,5442.0,6563646660.0,58681
2023-05-10 09:35:42,IF2305,IF2305,4016.0,2.0,2409660.0,-1.0,2,4016.0,4016.2,4,4026.8,4029.0,4029.0,4013.0,5444.0,6566056320.0,58680
2023-05-10 09:35:42,IF2305,IF2305,4015.8,9.0,10842900.0,-5.0,1,4015.6,4016.0,2,4026.8,4029.0,4029.0,4013.0,5453.0,6576899220.0,58675
2023-05-10 09:35:43,IF2305,IF2305,4015.8,4.0,4818900.0,0.0,1,4015.4,4015.6,3,4026.8,4029.0,4029.0,4013.0,5457.0,6581718120.0,58675
2023-05-10 09:35:43,IF2305,IF2305,4015.4,3.0,3613980.0,-2.0,1,4015.4,4015.6,3,4026.8,4029.0,4029.0,4013.0,5460.0,6585332100.0,58673
2023-05-10 09:35:44,IF2305,IF2305,4015.6,3.0,3614040.0,-3.0,5,4015.6,4016.2,2,4026.8,4029.0,4029.0,4013.0,5463.0,6588946140.0,58670
2023-05-10 09:35:44,IF2305,IF2305,4015.6,0.0,0.0,0.0,1,4015.8,4016.2,5,4026.8,4029.0,4029.0,4013.0,5463.0,6588946140.0,58670
2023-05-10 09:35:45,IF2305,IF2305,4015.6,0.0,0.0,0.0,2,4015.8,4016.2,4,4026.8,4029.0,4029.0,4013.0,5463.0,6588946140.0,58670
2023-05-10 09:35:45,IF2305,IF2305,4015.6,3.0,3614040.0,-2.0,4,4015.6,4016.0,1,4026.8,4029.0,4029.0,4013.0,5466.0,6592560180.0,58668
2023-05-10 09:35:46,IF2305,IF2305,4016.2,1.0,1204860.0,-1.0,3,4015.6,4016.2,3,4026.8,4029.0,4029.0,4013.0,5467.0,6593765040.0,58667
2023-05-10 09:35:46,IF2305,IF2305,4015.8,8.0,9638640.0,-3.0,1,4016.2,4016.4,3,4026.8,4029.0,4029.0,4013.0,5475.0,6603403680.0,58664
2023-05-10 09:35:47,IF2305,IF2305,4016.4,8.0,9639360.0,0.0,5,4016.4,4016.8,8,4026.8,4029.0,4029.0,4013.0,5483.0,6613043040.0,58664
2023-05-10 09:35:47,IF2305,IF2305,4016.8,18.0,21691080.0,-4.0,5,4016.4,4017.4,1,4026.8,4029.0,4029.0,4013.0,5501.0,6634734120.0,58660
2023-05-10 09:35:48,IF2305,IF2305,4017.2,3.0,3615480.0,0.0,4,4016.6,4017.4,1,4026.8,4029.0,4029.0,4013.0,5504.0,6638349600.0,58660
2023-05-10 09:35:48,IF2305,IF2305,4017.4,6.0,7231080.0,-3.0,3,4016.8,4017.4,2,4026.8,4029.0,4029.0,4013.0,5510.0,6645580680.0,58657
2023-05-10 09:35:49,IF2305,IF2305,4017.2,15.0,18075180.0,6.0,1,4016.2,4016.6,1,4026.8,4029.0,4029.0,4013.0,5525.0,6663655860.0,58663
2023-05-10 09:35:49,IF2305,IF2305,4016.6,4.0,4819680.0,0.0,1,4016.2,4017.2,5,4026.8,4029.0,4029.0,4013.0,5529.0,6668475540.0,58663
2023-05-10 09:35:50,IF2305,IF2305,4016.2,3.0,3614760.0,-1.0,3,4016.0,4016.2,1,4026.8,4029.0,4029.0,4013.0,5532.0,6672090300.0,58662
2023-05-10 09:35:50,IF2305,IF2305,4016.4,7.0,8435400.0,2.0,3,4016.4,4017.2,3,4026.8,4029.0,4029.0,4013.0,5539.0,6680525700.0,58664
2023-05-10 09:35:51,IF2305,IF2305,4017.0,1.0,1205100.0,-1.0,3,4016.4,4017.0,6,4026.8,4029.0,4029.0,4013.0,5540.0,6681730800.0,58663
2023-05-10 09:35:51,IF2305,IF2305,4016.4,4.0,4819800.0,0.0,2,4016.2,4016.4,2,4026.8,4029.0,4029.0,4013.0,5544.0,6686550600.0,58663
2023-05-10 09:35:52,IF2305,IF2305,4016.4,3.0,3614760.0,2.0,2,4016.2,4016.8,3,4026.8,4029.0,4029.0,4013.0,5547.0,6690165360.0,58665
2023-05-10 09:35:52,IF2305,IF2305,4016.6,2.0,2409960.0,0.0,5,4016.6,4016.8,3,4026.8,4029.0,4029.0,4013.0,5549.0,6692575320.0,58665
2023-05-10 09:35:53,IF2305,IF2305,4016.8,9.0,10845060.0,2.0,2,4016.4,4017.0,1,4026.8,4029.0,4029.0,4013.0,5558.0,6703420380.0,58667
2023-05-10 09:35:53,IF2305,IF2305,4016.4,2.0,2409960.0,-2.0,1,4016.4,4016.8,5,4026.8,4029.0,4029.0,4013.0,5560.0,6705830340.0,58665
2023-05-10 09:35:54,IF2305,IF2305,4016.4,2.0,2409840.0,-2.0,4,4016.2,4016.8,3,4026.8,4029.0,4029.0,4013.0,5562.0,6708240180.0,58663
2023-05-10 09:35:54,IF2305,IF2305,4016.8,2.0,2409960.0,-1.0,1,4016.6,4016.8,1,4026.8,4029.0,4029.0,4013.0,5564.0,6710650140.0,58662
2023-05-10 09:35:55,IF2305,IF2305,4016.8,2.0,2410080.0,-2.0,1,4016.8,4017.2,2,4026.8,4029.0,4029.0,4013.0,5566.0,6713060220.0,58660
2023-05-10 09:35:55,IF2305,IF2305,4017.0,3.0,3615240.0,0.0,1,4016.8,4017.0,5,4026.8,4029.0,4029.0,4013.0,5569.0,6716675460.0,58660
2023-05-10 09:35:56,IF2305,IF2305,4017.0,11.0,13255560.0,0.0,1,4016.4,4017.0,1,4026.8,4029.0,4029.0,4013.0,5580.0,6729931020.0,58660
2023-05-10 09:35:56,IF2305,IF2305,4017.2,6.0,7230540.0,-5.0,14,4017.2,4017.4,1,4026.8,4029.0,4029.0,4013.0,5586.0,6737161560.0,58655
2023-05-10 09:35:57,IF2305,IF2305,4017.2,7.0,8436180.0,-3.0,8,4017.2,4017.4,3,4026.8,4029.0,4029.0,4013.0,5593.0,6745597740.0,58652
2023-05-10 09:35:57,IF2305,IF2305,4017.2,8.0,9641280.0,-8.0,2,4016.6,4017.0,2,4026.8,4029.0,4029.0,4013.0,5601.0,6755239020.0,58644
2023-05-10 09:35:58,IF2305,IF2305,4017.2,4.0,4820400.0,-2.0,1,4017.0,4017.2,1,4026.8,4029.0,4029.0,4013.0,5605.0,6760059420.0,58642
2023-05-10 09:35:58,IF2305,IF2305,4017.0,5.0,6025560.0,-1.0,1,4017.2,4017.4,4,4026.8,4029.0,4029.0,4013.0,5610.0,6766084980.0,58641
2023-05-10 09:35:59,IF2305,IF2305,4017.6,6.0,7231440.0,-6.0,16,4017.6,4017.8,6,4026.8,4029.0,4029.0,4013.0,5616.0,6773316420.0,58635
2023-05-10 09:35:59,IF2305,IF2305,4018.2,21.0,25313700.0,-14.0,3,4018.0,4018.4,1,4026.8,4029.0,4029.0,4013.0,5637.0,6798630120.0,58621
2023-05-10 09:36:00,IF2305,IF2305,4018.4,14.0,16878000.0,-3.0,2,4018.4,4018.8,4,4026.8,4029.0,4029.0,4013.0,5651.0,6815508120.0,58618
2023-05-10 09:36:00,IF2305,IF2305,4018.4,24.0,28934100.0,-11.0,3,4018.4,4018.8,1,4026.8,4029.0,4029.0,4013.0,5675.0,6844442220.0,58607
2023-05-10 09:36:01,IF2305,IF2305,4018.2,10.0,12055140.0,0.0,5,4018.0,4018.6,1,4026.8,4029.0,4029.0,4013.0,5685.0,6856497360.0,58607
2023-05-10 09:36:01,IF2305,IF2305,4018.8,18.0,21699060.0,-5.0,5,4018.8,4019.0,1,4026.8,4029.0,4029.0,4013.0,5703.0,6878196420.0,58602
2023-05-10 09:36:02,IF2305,IF2305,4018.6,10.0,12056100.0,-5.0,1,4017.8,4018.8,8,4026.8,4029.0,4029.0,4013.0,5713.0,6890252520.0,58597
2023-05-10 09:36:02,IF2305,IF2305,4018.0,1.0,1205400.0,0.0,6,4018.0,4018.6,3,4026.8,4029.0,4029.0,4013.0,5714.0,6891457920.0,58597
2023-05-10 09:36:03,IF2305,IF2305,4018.0,0.0,0.0,0.0,1,4018.2,4018.6,4,4026.8,4029.0,4029.0,4013.0,5714.0,6891457920.0,58597
2023-05-10 09:36:03,IF2305,IF2305,4018.6,7.0,8438280.0,-5.0,5,4018.0,4018.6,1,4026.8,4029.0,4029.0,4013.0,5721.0,6899896200.0,58592
2023-05-10 09:36:04,IF2305,IF2305,4018.8,7.0,8439000.0,-5.0,14,4018.8,4019.2,1,4026.8,4029.0,4029.0,4013.0,5728.0,6908335200.0,58587
2023-05-10 09:36:04,IF2305,IF2305,4018.8,9.0,10850760.0,-9.0,5,4018.8,4019.0,3,4026.8,4029.0,4029.0,4013.0,5737.0,6919185960.0,58578
2023-05-10 09:36:05,IF2305,IF2305,4018.8,13.0,15672780.0,-7.0,1,4018.6,4018.8,1,4026.8,4029.0,4029.0,4013.0,5750.0,6934858740.0,58571
2023-05-10 09:36:05,IF2305,IF2305,4018.2,5.0,6027780.0,-3.0,5,4018.0,4018.6,1,4026.8,4029.0,4029.0,4013.0,5755.0,6940886520.0,58568
2023-05-10 09:36:06,IF2305,IF2305,4018.6,6.0,7233360.0,-5.0,6,4018.2,4018.6,1,4026.8,4029.0,4029.0,4013.0,5761.0,6948119880.0,58563
2023-05-10 09:36:06,IF2305,IF2305,4018.8,5.0,6027960.0,-4.0,3,4018.6,4019.0,2,4026.8,4029.0,4029.0,4013.0,5766.0,6954147840.0,58559
2023-05-10 09:36:07,IF2305,IF2305,4018.8,6.0,7233900.0,-3.0,20,4018.8,4019.0,1,4026.8,4029.0,4029.0,4013.0,5772.0,6961381740.0,58556
2023-05-10 09:36:07,IF2305,IF2305,4019.0,5.0,6028680.0,-3.0,2,4019.0,4019.4,2,4026.8,4029.0,4029.0,4013.0,5777.0,6967410420.0,58553
2023-05-10 09:36:08,IF2305,IF2305,4019.2,8.0,9645600.0,-6.0,2,4019.4,4019.6,1,4026.8,4029.0,4029.0,4013.0,5785.0,6977056020.0,58547
2023-05-10 09:36:08,IF2305,IF2305,4019.6,8.0,9646620.0,-5.0,1,4019.0,4019.8,7,4026.8,4029.0,4029.0,4013.0,5793.0,6986702640.0,58542
2023-05-10 09:36:09,IF2305,IF2305,4019.4,2.0,2411640.0,-2.0,4,4019.4,4019.8,8,4026.8,4029.0,4029.0,4013.0,5795.0,6989114280.0,58540
2023-05-10 09:36:09,IF2305,IF2305,4019.8,10.0,12059520.0,-5.0,4,4019.8,4020.2,1,4026.8,4029.0,4029.0,4013.0,5805.0,7001173800.0,58535
2023-05-10 09:36:10,IF2305,IF2305,4020.2,3.0,3618180.0,-1.0,1,4020.2,4020.6,1,4026.8,4029.0,4029.0,4013.0,5808.0,7004791980.0,58534
2023-05-10 09:36:10,IF2305,IF2305,4020.6,1.0,1206180.0,-1.0,11,4019.8,4020.0,2,4026.8,4029.0,4029.0,4013.0,5809.0,7005998160.0,58533
2023-05-10 09:36:11,IF2305,IF2305,4019.8,15.0,18089760.0,-10.0,9,4019.8,4020.0,1,4026.8,4029.0,4029.0,4013.0,5824.0,7024087920.0,58523
2023-05-10 09:36:11,IF2305,IF2305,4019.8,8.0,9647580.0,-5.0,2,4019.8,4020.0,1,4026.8,4029.0,4029.0,4013.0,5832.0,7033735500.0,58518
2023-05-10 09:36:12,IF2305,IF2305,4019.8,10.0,12059160.0,0.0,2,4019.4,4019.8,7,4026.8,4029.0,4029.0,4013.0,5842.0,7045794660.0,58518
2023-05-10 09:36:12,IF2305,IF2305,4019.6,7.0,8441100.0,-1.0,3,4019.2,4019.8,6,4026.8,4029.0,4029.0,4013.0,5849.0,7054235760.0,58517
2023-05-10 09:36:13,IF2305,IF2305,4019.6,3.0,3617640.0,-1.0,7,4019.4,4019.8,6,4026.8,4029.0,4029.0,4013.0,5852.0,7057853400.0,58516
2023-05-10 09:36:13,IF2305,IF2305,4020.0,7.0,8441640.0,-1.0,3,4019.6,4020.4,1,4026.8,4029.0,4029.0,4013.0,5859.0,7066295040.0,58515
2023-05-10 09:36:14,IF2305,IF2305,4020.4,4.0,4824000.0,0.0,2,4019.6,4019.8,1,4026.8,4029.0,4029.0,4013.0,5863.0,7071119040.0,58515
2023-05-10 09:36:14,IF2305,IF2305,4020.2,8.0,9647700.0,-3.0,1,4019.6,4020.6,3,4026.8,4029.0,4029.0,4013.0,5871.0,7080766740.0,58512
2023-05-10 09:36:15,IF2305,IF2305,4020.2,2.0,2412120.0,-1.0,4,4019.8,4020.0,2,4026.8,4029.0,4029.0,4013.0,5873.0,7083178860.0,58511
2023-05-10 09:36:15,IF2305,IF2305,4020.0,2.0,2412000.0,-2.0,4,4019.8,4020.0,17,4026.8,4029.0,4029.0,4013.0,5875.0,7085590860.0,58509
2023-05-10 09:36:16,IF2305,IF2305,4020.0,19.0,22914000.0,-17.0,2,4020.2,4020.4,3,4026.8,4029.0,4029.0,4013.0,5894.0,7108504860.0,58492
2023-05-10 09:36:16,IF2305,IF2305,4020.6,6.0,7236720.0,-6.0,2,4020.6,4020.8,7,4026.8,4029.0,4029.0,4013.0,5900.0,7115741580.0,58486
2023-05-10 09:36:17,IF2305,IF2305,4020.2,13.0,15680700.0,-5.0,1,4020.2,4021.6,1,4026.8,4029.0,4029.0,4013.0,5913.0,7131422280.0,58481
2023-05-10 09:36:17,IF2305,IF2305,4020.2,1.0,1206060.0,-1.0,3,4020.6,4021.2,1,4026.8,4029.0,4029.0,4013.0,5914.0,7132628340.0,58480
