time,symbol_id,symbol_name,last,trade_volume,trade_amount,open_interest_change,bv1,bp1,ap1,av1,yesterday_close,today_open,today_high,today_low,volume,amount,open_interest
2023-05-10 09:29:00,IH2305,IH2305,2705.2,91.0,73851960.0,-43.0,6,2705.2,2705.4,1,2705.2,2705.2,2705.2,2705.2,91.0,73851960.0,42243
2023-05-10 09:30:00,IH2305,IH2305,2707.2,12.0,9741720.0,-9.0,7,2705.4,2708.2,1,2705.2,2705.2,2707.2,2705.2,103.0,83593680.0,42234
2023-05-10 09:30:00,IH2305,IH2305,2707.2,31.0,25170600.0,-11.0,15,2707.2,2707.6,3,2705.2,2705.2,2707.6,2705.2,134.0,108764280.0,42223
2023-05-10 09:30:01,IH2305,IH2305,2705.6,32.0,25985400.0,-9.0,9,2705.6,2706.2,2,2705.2,2705.2,2707.6,2705.2,166.0,134749680.0,42214
2023-05-10 09:30:01,IH2305,IH2305,2708.0,27.0,21924000.0,-18.0,9,2706.2,2708.2,1,2705.2,2705.2,2708.0,2705.2,193.0,156673680.0,42196
2023-05-10 09:30:02,IH2305,IH2305,2707.6,17.0,13804320.0,-5.0,14,2707.6,2707.8,9,2705.2,2705.2,2708.0,2705.2,210.0,170478000.0,42191
2023-05-10 09:30:02,IH2305,IH2305,2707.2,52.0,42236100.0,-26.0,7,2705.6,2707.8,7,2705.2,2705.2,2708.0,2705.2,262.0,212714100.0,42165
2023-05-10 09:30:03,IH2305,IH2305,2706.2,11.0,8932380.0,-5.0,2,2706.2,2707.2,1,2705.2,2705.2,2708.0,2705.2,273.0,221646480.0,42160
2023-05-10 09:30:03,IH2305,IH2305,2706.4,13.0,10557360.0,-11.0,3,2706.4,2707.0,5,2705.2,2705.2,2708.0,2705.2,286.0,232203840.0,42149
2023-05-10 09:30:04,IH2305,IH2305,2707.6,12.0,9745560.0,-12.0,1,2707.0,2707.6,4,2705.2,2705.2,2708.0,2705.2,298.0,241949400.0,42137
2023-05-10 09:30:04,IH2305,IH2305,2707.6,25.0,20306400.0,-18.0,4,2707.2,2708.0,2,2705.2,2705.2,2708.0,2705.2,323.0,262255800.0,42119
2023-05-10 09:30:05,IH2305,IH2305,2708.0,9.0,7312080.0,-3.0,1,2708.0,2709.0,1,2705.2,2705.2,2708.4,2705.2,332.0,269567880.0,42116
2023-05-10 09:30:05,IH2305,IH2305,2708.0,12.0,9748800.0,-8.0,10,2708.2,2708.8,3,2705.2,2705.2,2708.4,2705.2,344.0,279316680.0,42108
2023-05-10 09:30:06,IH2305,IH2305,2708.2,11.0,8937240.0,-4.0,7,2708.2,2708.8,3,2705.2,2705.2,2708.8,2705.2,355.0,288253920.0,42104
2023-05-10 09:30:06,IH2305,IH2305,2708.0,15.0,12187080.0,-9.0,11,2708.0,2708.6,1,2705.2,2705.2,2708.8,2705.2,370.0,300441000.0,42095
2023-05-10 09:30:07,IH2305,IH2305,2707.6,16.0,12998460.0,-11.0,3,2707.6,2708.4,2,2705.2,2705.2,2708.8,2705.2,386.0,313439460.0,42084
2023-05-10 09:30:07,IH2305,IH2305,2708.2,3.0,2437020.0,-3.0,4,2707.6,2708.2,14,2705.2,2705.2,2708.8,2705.2,389.0,315876480.0,42081
2023-05-10 09:30:08,IH2305,IH2305,2707.8,9.0,7310700.0,-2.0,5,2707.8,2708.0,5,2705.2,2705.2,2708.8,2705.2,398.0,323187180.0,42079
2023-05-10 09:30:08,IH2305,IH2305,2707.8,13.0,10559220.0,-7.0,2,2707.0,2707.6,2,2705.2,2705.2,2708.8,2705.2,411.0,333746400.0,42072
2023-05-10 09:30:09,IH2305,IH2305,2707.6,8.0,6498300.0,-3.0,5,2707.0,2707.6,3,2705.2,2705.2,2708.8,2705.2,419.0,340244700.0,42069
2023-05-10 09:30:09,IH2305,IH2305,2707.4,9.0,7310040.0,-5.0,5,2707.0,2707.6,4,2705.2,2705.2,2708.8,2705.2,428.0,347554740.0,42064
2023-05-10 09:30:10,IH2305,IH2305,2707.8,13.0,10558980.0,-3.0,2,2707.8,2708.0,2,2705.2,2705.2,2708.8,2705.2,441.0,358113720.0,42061
2023-05-10 09:30:10,IH2305,IH2305,2707.6,17.0,13809120.0,-9.0,1,2706.8,2707.8,1,2705.2,2705.2,2708.8,2705.2,458.0,371922840.0,42052
2023-05-10 09:30:11,IH2305,IH2305,2707.0,3.0,2436540.0,-3.0,1,2707.2,2707.6,2,2705.2,2705.2,2708.8,2705.2,461.0,374359380.0,42049
2023-05-10 09:30:11,IH2305,IH2305,2707.2,9.0,7309560.0,-4.0,6,2707.2,2707.6,1,2705.2,2705.2,2708.8,2705.2,470.0,381668940.0,42045
2023-05-10 09:30:12,IH2305,IH2305,2707.8,8.0,6498720.0,-6.0,1,2707.8,2708.0,4,2705.2,2705.2,2708.8,2705.2,478.0,388167660.0,42039
2023-05-10 09:30:12,IH2305,IH2305,2708.0,14.0,11373180.0,-9.0,6,2707.2,2707.8,1,2705.2,2705.2,2708.8,2705.2,492.0,399540840.0,42030
2023-05-10 09:30:13,IH2305,IH2305,2707.0,15.0,12183120.0,-11.0,7,2706.8,2707.0,17,2705.2,2705.2,2708.8,2705.2,507.0,411723960.0,42019
2023-05-10 09:30:13,IH2305,IH2305,2706.8,22.0,17864340.0,-13.0,2,2706.8,2707.0,17,2705.2,2705.2,2708.8,2705.2,529.0,429588300.0,42006
2023-05-10 09:30:14,IH2305,IH2305,2706.8,18.0,14615580.0,-3.0,7,2705.6,2706.8,1,2705.2,2705.2,2708.8,2705.2,547.0,444203880.0,42003
2023-05-10 09:30:14,IH2305,IH2305,2706.8,3.0,2436120.0,0.0,8,2706.2,2706.6,2,2705.2,2705.2,2708.8,2705.2,550.0,446640000.0,42003
2023-05-10 09:30:15,IH2305,IH2305,2707.0,8.0,6496140.0,-7.0,2,2706.8,2707.0,18,2705.2,2705.2,2708.8,2705.2,558.0,453136140.0,41996
2023-05-10 09:30:15,IH2305,IH2305,2707.2,30.0,24363900.0,-26.0,2,2707.0,2708.0,4,2705.2,2705.2,2708.8,2705.2,588.0,477500040.0,41970
2023-05-10 09:30:16,IH2305,IH2305,2707.2,14.0,11371200.0,-5.0,4,2707.2,2708.0,4,2705.2,2705.2,2708.8,2705.2,602.0,488871240.0,41965
2023-05-10 09:30:16,IH2305,IH2305,2707.8,1.0,812340.0,-1.0,1,2707.8,2708.0,4,2705.2,2705.2,2708.8,2705.2,603.0,489683580.0,41964
2023-05-10 09:30:17,IH2305,IH2305,2707.6,6.0,4874040.0,-5.0,2,2707.4,2708.0,3,2705.2,2705.2,2708.8,2705.2,609.0,494557620.0,41959
2023-05-10 09:30:17,IH2305,IH2305,2708.0,4.0,3249480.0,-1.0,3,2707.6,2708.0,2,2705.2,2705.2,2708.8,2705.2,613.0,497807100.0,41958
2023-05-10 09:30:18,IH2305,IH2305,2708.0,2.0,1624800.0,1.0,1,2708.0,2708.8,2,2705.2,2705.2,2708.8,2705.2,615.0,499431900.0,41959
2023-05-10 09:30:18,IH2305,IH2305,2708.2,8.0,6499800.0,-4.0,1,2708.0,2708.6,1,2705.2,2705.2,2708.8,2705.2,623.0,505931700.0,41955
2023-05-10 09:30:19,IH2305,IH2305,2708.2,3.0,2437680.0,-3.0,1,2708.2,2708.8,1,2705.2,2705.2,2708.8,2705.2,626.0,508369380.0,41952
2023-05-10 09:30:19,IH2305,IH2305,2708.0,11.0,8936340.0,-9.0,1,2708.0,2708.6,2,2705.2,2705.2,2708.8,2705.2,637.0,517305720.0,41943
2023-05-10 09:30:20,IH2305,IH2305,2708.0,7.0,5686800.0,-4.0,2,2707.4,2708.0,2,2705.2,2705.2,2708.8,2705.2,644.0,522992520.0,41939
2023-05-10 09:30:20,IH2305,IH2305,2708.6,9.0,7312320.0,-9.0,4,2708.0,2708.8,1,2705.2,2705.2,2708.8,2705.2,653.0,530304840.0,41930
2023-05-10 09:30:21,IH2305,IH2305,2709.0,4.0,3250620.0,-4.0,2,2708.6,2708.8,1,2705.2,2705.2,2709.0,2705.2,657.0,533555460.0,41926
2023-05-10 09:30:21,IH2305,IH2305,2709.0,13.0,10565640.0,-8.0,2,2709.0,2710.0,1,2705.2,2705.2,2709.8,2705.2,670.0,544121100.0,41918
2023-05-10 09:30:22,IH2305,IH2305,2709.8,17.0,13819260.0,-12.0,11,2709.2,2710.0,2,2705.2,2705.2,2710.0,2705.2,687.0,557940360.0,41906
2023-05-10 09:30:22,IH2305,IH2305,2709.4,15.0,12194520.0,-12.0,11,2709.2,2709.8,2,2705.2,2705.2,2710.4,2705.2,702.0,570134880.0,41894
2023-05-10 09:30:23,IH2305,IH2305,2709.8,5.0,4064700.0,-4.0,3,2709.8,2710.8,6,2705.2,2705.2,2710.4,2705.2,707.0,574199580.0,41890
2023-05-10 09:30:23,IH2305,IH2305,2710.0,6.0,4878120.0,-3.0,6,2710.0,2710.6,7,2705.2,2705.2,2710.6,2705.2,713.0,579077700.0,41887
2023-05-10 09:30:24,IH2305,IH2305,2709.8,11.0,8943420.0,-8.0,1,2709.8,2710.0,1,2705.2,2705.2,2710.6,2705.2,724.0,588021120.0,41879
2023-05-10 09:30:24,IH2305,IH2305,2710.6,6.0,4878120.0,-5.0,3,2709.8,2710.6,2,2705.2,2705.2,2710.6,2705.2,730.0,592899240.0,41874
2023-05-10 09:30:25,IH2305,IH2305,2709.2,8.0,6503160.0,-8.0,1,2709.0,2710.4,9,2705.2,2705.2,2710.6,2705.2,738.0,599402400.0,41866
2023-05-10 09:30:25,IH2305,IH2305,2709.2,10.0,8128800.0,-9.0,6,2709.2,2710.2,7,2705.2,2705.2,2710.6,2705.2,748.0,607531200.0,41857
2023-05-10 09:30:26,IH2305,IH2305,2710.2,8.0,6503580.0,-5.0,1,2709.8,2710.0,2,2705.2,2705.2,2710.6,2705.2,756.0,614034780.0,41852
2023-05-10 09:30:26,IH2305,IH2305,2709.4,4.0,3251520.0,-3.0,2,2709.2,2709.6,1,2705.2,2705.2,2710.6,2705.2,760.0,617286300.0,41849
2023-05-10 09:30:27,IH2305,IH2305,2709.0,10.0,8127420.0,-4.0,1,2709.6,2710.0,2,2705.2,2705.2,2710.6,2705.2,770.0,625413720.0,41845
2023-05-10 09:30:27,IH2305,IH2305,2709.4,9.0,7314960.0,-3.0,4,2708.8,2709.6,12,2705.2,2705.2,2710.6,2705.2,779.0,632728680.0,41842
2023-05-10 09:30:28,IH2305,IH2305,2708.8,5.0,4063200.0,-2.0,1,2708.2,2708.4,3,2705.2,2705.2,2710.6,2705.2,784.0,636791880.0,41840
2023-05-10 09:30:28,IH2305,IH2305,2708.4,9.0,7312080.0,-6.0,2,2706.4,2708.4,1,2705.2,2705.2,2710.6,2705.2,793.0,644103960.0,41834
2023-05-10 09:30:29,IH2305,IH2305,2707.2,3.0,2437200.0,-1.0,2,2707.2,2708.0,3,2705.2,2705.2,2710.6,2705.2,796.0,646541160.0,41833
2023-05-10 09:30:29,IH2305,IH2305,2707.2,3.0,2436660.0,-2.0,1,2707.2,2707.8,2,2705.2,2705.2,2710.6,2705.2,799.0,648977820.0,41831
2023-05-10 09:30:30,IH2305,IH2305,2707.8,8.0,6499500.0,-6.0,1,2707.4,2708.6,1,2705.2,2705.2,2710.6,2705.2,807.0,655477320.0,41825
2023-05-10 09:30:30,IH2305,IH2305,2708.2,4.0,3249180.0,-2.0,1,2707.2,2708.2,1,2705.2,2705.2,2710.6,2705.2,811.0,658726500.0,41823
2023-05-10 09:30:31,IH2305,IH2305,2708.4,4.0,3249900.0,-2.0,3,2707.4,2708.4,2,2705.2,2705.2,2710.6,2705.2,815.0,661976400.0,41821
2023-05-10 09:30:31,IH2305,IH2305,2708.4,3.0,2437260.0,-2.0,3,2707.6,2708.4,1,2705.2,2705.2,2710.6,2705.2,818.0,664413660.0,41819
2023-05-10 09:30:32,IH2305,IH2305,2707.8,2.0,1624860.0,1.0,1,2707.6,2708.4,1,2705.2,2705.2,2710.6,2705.2,820.0,666038520.0,41820
2023-05-10 09:30:32,IH2305,IH2305,2707.8,0.0,0.0,0.0,4,2707.8,2708.2,1,2705.2,2705.2,2710.6,2705.2,820.0,666038520.0,41820
2023-05-10 09:30:33,IH2305,IH2305,2707.8,6.0,4874280.0,-3.0,2,2707.6,2708.6,1,2705.2,2705.2,2710.6,2705.2,826.0,670912800.0,41817
2023-05-10 09:30:33,IH2305,IH2305,2707.8,2.0,1624680.0,-2.0,1,2707.6,2707.8,1,2705.2,2705.2,2710.6,2705.2,828.0,672537480.0,41815
2023-05-10 09:30:34,IH2305,IH2305,2707.6,3.0,2436840.0,1.0,2,2707.4,2707.6,1,2705.2,2705.2,2710.6,2705.2,831.0,674974320.0,41816
2023-05-10 09:30:34,IH2305,IH2305,2707.6,6.0,4873740.0,-4.0,5,2707.4,2707.6,1,2705.2,2705.2,2710.6,2705.2,837.0,679848060.0,41812
2023-05-10 09:30:35,IH2305,IH2305,2707.8,5.0,4061640.0,-4.0,2,2707.6,2708.4,6,2705.2,2705.2,2710.6,2705.2,842.0,683909700.0,41808
2023-05-10 09:30:35,IH2305,IH2305,2707.6,3.0,2436840.0,-1.0,1,2707.6,2708.2,3,2705.2,2705.2,2710.6,2705.2,845.0,686346540.0,41807
2023-05-10 09:30:36,IH2305,IH2305,2707.6,1.0,812280.0,-1.0,1,2707.6,2708.0,2,2705.2,2705.2,2710.6,2705.2,846.0,687158820.0,41806
2023-05-10 09:30:36,IH2305,IH2305,2707.8,3.0,2436960.0,-2.0,5,2707.4,2707.8,1,2705.2,2705.2,2710.6,2705.2,849.0,689595780.0,41804
2023-05-10 09:30:37,IH2305,IH2305,2708.0,2.0,1624740.0,-1.0,5,2707.4,2708.0,1,2705.2,2705.2,2710.6,2705.2,851.0,691220520.0,41803
2023-05-10 09:30:37,IH2305,IH2305,2708.0,2.0,1624800.0,-2.0,2,2707.6,2708.0,1,2705.2,2705.2,2710.6,2705.2,853.0,692845320.0,41801
2023-05-10 09:30:38,IH2305,IH2305,2707.6,2.0,1624620.0,-1.0,1,2707.6,2708.0,1,2705.2,2705.2,2710.6,2705.2,855.0,694469940.0,41800
2023-05-10 09:30:38,IH2305,IH2305,2707.4,4.0,3249240.0,0.0,4,2707.4,2707.6,1,2705.2,2705.2,2710.6,2705.2,859.0,697719180.0,41800
2023-05-10 09:30:39,IH2305,IH2305,2707.0,5.0,4060980.0,1.0,1,2706.8,2707.4,1,2705.2,2705.2,2710.6,2705.2,864.0,701780160.0,41801
2023-05-10 09:30:39,IH2305,IH2305,2707.2,2.0,1624200.0,0.0,2,2706.8,2707.2,6,2705.2,2705.2,2710.6,2705.2,866.0,703404360.0,41801
2023-05-10 09:30:40,IH2305,IH2305,2706.8,3.0,2436120.0,0.0,2,2706.4,2706.8,1,2705.2,2705.2,2710.6,2705.2,869.0,705840480.0,41801
2023-05-10 09:30:40,IH2305,IH2305,2706.8,1.0,812040.0,0.0,2,2706.4,2707.2,8,2705.2,2705.2,2710.6,2705.2,870.0,706652520.0,41801
2023-05-10 09:30:41,IH2305,IH2305,2706.8,7.0,5684040.0,-7.0,1,2706.8,2707.0,3,2705.2,2705.2,2710.6,2705.2,877.0,712336560.0,41794
2023-05-10 09:30:41,IH2305,IH2305,2707.0,8.0,6496800.0,-4.0,1,2707.0,2707.2,5,2705.2,2705.2,2710.6,2705.2,885.0,718833360.0,41790
2023-05-10 09:30:42,IH2305,IH2305,2707.4,8.0,6497460.0,-5.0,1,2707.2,2707.4,5,2705.2,2705.2,2710.6,2705.2,893.0,725330820.0,41785
2023-05-10 09:30:42,IH2305,IH2305,2707.4,13.0,10559100.0,-11.0,3,2707.0,2707.8,5,2705.2,2705.2,2710.6,2705.2,906.0,735889920.0,41774
2023-05-10 09:30:43,IH2305,IH2305,2707.2,8.0,6498840.0,-3.0,4,2707.2,2708.6,1,2705.2,2705.2,2710.6,2705.2,914.0,742388760.0,41771
2023-05-10 09:30:43,IH2305,IH2305,2707.4,6.0,4873080.0,-5.0,9,2707.4,2707.8,1,2705.2,2705.2,2710.6,2705.2,920.0,747261840.0,41766
2023-05-10 09:30:44,IH2305,IH2305,2707.6,10.0,8122140.0,-5.0,3,2707.0,2707.2,4,2705.2,2705.2,2710.6,2705.2,930.0,755383980.0,41761
2023-05-10 09:30:44,IH2305,IH2305,2707.2,8.0,6496860.0,-5.0,6,2706.8,2707.0,1,2705.2,2705.2,2710.6,2705.2,938.0,761880840.0,41756
2023-05-10 09:30:45,IH2305,IH2305,2707.0,7.0,5684340.0,-2.0,3,2706.4,2707.2,6,2705.2,2705.2,2710.6,2705.2,945.0,767565180.0,41754
2023-05-10 09:30:45,IH2305,IH2305,2707.0,8.0,6495660.0,-2.0,2,2706.2,2707.0,8,2705.2,2705.2,2710.6,2705.2,953.0,774060840.0,41752
2023-05-10 09:30:46,IH2305,IH2305,2706.8,7.0,5683920.0,-5.0,2,2706.2,2707.0,7,2705.2,2705.2,2710.6,2705.2,960.0,779744760.0,41747
2023-05-10 09:30:46,IH2305,IH2305,2707.0,4.0,3247920.0,-3.0,5,2706.2,2707.0,5,2705.2,2705.2,2710.6,2705.2,964.0,782992680.0,41744
2023-05-10 09:30:47,IH2305,IH2305,2706.2,3.0,2435820.0,-1.0,5,2706.2,2706.8,1,2705.2,2705.2,2710.6,2705.2,967.0,785428500.0,41743
2023-05-10 09:30:47,IH2305,IH2305,2706.2,1.0,811860.0,0.0,1,2706.4,2706.6,2,2705.2,2705.2,2710.6,2705.2,968.0,786240360.0,41743
2023-05-10 09:30:48,IH2305,IH2305,2706.2,8.0,6495120.0,-1.0,1,2706.4,2706.6,2,2705.2,2705.2,2710.6,2705.2,976.0,792735480.0,41742
2023-05-10 09:30:48,IH2305,IH2305,2706.4,5.0,4059600.0,0.0,3,2706.0,2706.4,1,2705.2,2705.2,2710.6,2705.2,981.0,796795080.0,41742
2023-05-10 09:30:49,IH2305,IH2305,2706.4,0.0,0.0,0.0,10,2706.0,2706.6,2,2705.2,2705.2,2710.6,2705.2,981.0,796795080.0,41742
2023-05-10 09:30:49,IH2305,IH2305,2706.4,3.0,2435640.0,-1.0,10,2706.0,2706.4,2,2705.2,2705.2,2710.6,2705.2,984.0,799230720.0,41741
2023-05-10 09:30:50,IH2305,IH2305,2706.2,7.0,5683260.0,-5.0,2,2706.2,2706.6,2,2705.2,2705.2,2710.6,2705.2,991.0,804913980.0,41736
2023-05-10 09:30:50,IH2305,IH2305,2706.4,2.0,1623720.0,-1.0,9,2706.0,2706.6,2,2705.2,2705.2,2710.6,2705.2,993.0,806537700.0,41735
2023-05-10 09:30:51,IH2305,IH2305,2706.0,6.0,4870800.0,3.0,3,2706.0,2706.2,3,2705.2,2705.2,2710.6,2705.2,999.0,811408500.0,41738
2023-05-10 09:30:51,IH2305,IH2305,2705.8,12.0,9740760.0,-7.0,6,2705.4,2706.0,8,2705.2,2705.2,2710.6,2705.2,1011.0,821149260.0,41731
2023-05-10 09:30:52,IH2305,IH2305,2705.4,6.0,4870560.0,2.0,5,2705.4,2705.8,1,2705.2,2705.2,2710.6,2705.2,1017.0,826019820.0,41733
2023-05-10 09:30:52,IH2305,IH2305,2705.4,9.0,7305360.0,-3.0,5,2705.4,2706.0,1,2705.2,2705.2,2710.6,2705.2,1026.0,833325180.0,41730
2023-05-10 09:30:53,IH2305,IH2305,2705.8,22.0,17859120.0,-18.0,3,2705.6,2706.6,8,2705.2,2705.2,2710.6,2705.2,1048.0,851184300.0,41712
2023-05-10 09:30:53,IH2305,IH2305,2706.0,10.0,8119440.0,-5.0,1,2706.0,2706.6,9,2705.2,2705.2,2710.6,2705.2,1058.0,859303740.0,41707
2023-05-10 09:30:54,IH2305,IH2305,2706.2,3.0,2435700.0,0.0,1,2706.2,2706.4,2,2705.2,2705.2,2710.6,2705.2,1061.0,861739440.0,41707
2023-05-10 09:30:54,IH2305,IH2305,2705.8,6.0,4870800.0,-2.0,1,2705.8,2706.2,3,2705.2,2705.2,2710.6,2705.2,1067.0,866610240.0,41705
2023-05-10 09:30:55,IH2305,IH2305,2706.0,2.0,1623600.0,-2.0,1,2705.6,2706.0,1,2705.2,2705.2,2710.6,2705.2,1069.0,868233840.0,41703
2023-05-10 09:30:55,IH2305,IH2305,2706.2,8.0,6494400.0,-4.0,8,2705.4,2706.2,1,2705.2,2705.2,2710.6,2705.2,1077.0,874728240.0,41699
2023-05-10 09:30:56,IH2305,IH2305,2705.4,10.0,8116560.0,2.0,5,2705.2,2705.4,2,2705.2,2705.2,2710.6,2705.2,1087.0,882844800.0,41701
2023-05-10 09:30:56,IH2305,IH2305,2705.4,5.0,4058040.0,-3.0,3,2705.4,2705.8,2,2705.2,2705.2,2710.6,2705.2,1092.0,886902840.0,41698
2023-05-10 09:30:57,IH2305,IH2305,2705.4,8.0,6493200.0,-2.0,3,2705.4,2705.8,1,2705.2,2705.2,2710.6,2705.2,1100.0,893396040.0,41696
2023-05-10 09:30:57,IH2305,IH2305,2705.8,6.0,4869900.0,-1.0,1,2705.4,2705.8,2,2705.2,2705.2,2710.6,2705.2,1106.0,898265940.0,41695
2023-05-10 09:30:58,IH2305,IH2305,2705.2,5.0,4058100.0,-3.0,1,2705.4,2705.8,3,2705.2,2705.2,2710.6,2705.2,1111.0,902324040.0,41692
2023-05-10 09:30:58,IH2305,IH2305,2705.4,3.0,2434920.0,-1.0,1,2705.2,2705.4,5,2705.2,2705.2,2710.6,2705.2,1114.0,904758960.0,41691
2023-05-10 09:30:59,IH2305,IH2305,2704.8,13.0,10549920.0,-1.0,1,2704.6,2705.2,5,2705.2,2705.2,2710.6,2704.8,1127.0,915308880.0,41690
2023-05-10 09:30:59,IH2305,IH2305,2704.2,7.0,5679720.0,-3.0,1,2704.0,2704.6,1,2705.2,2705.2,2710.6,2704.2,1134.0,920988600.0,41687
2023-05-10 09:31:00,IH2305,IH2305,2704.6,11.0,8925120.0,-5.0,11,2704.6,2704.8,2,2705.2,2705.2,2710.6,2704.2,1145.0,929913720.0,41682
2023-05-10 09:31:00,IH2305,IH2305,2704.0,28.0,22712460.0,-14.0,2,2702.6,2704.0,7,2705.2,2705.2,2710.6,2703.0,1173.0,952626180.0,41668
2023-05-10 09:31:01,IH2305,IH2305,2704.0,24.0,19466280.0,-1.0,4,2703.0,2704.0,3,2705.2,2705.2,2710.6,2703.0,1197.0,972092460.0,41667
2023-05-10 09:31:01,IH2305,IH2305,2703.2,11.0,8922960.0,3.0,12,2703.2,2704.0,12,2705.2,2705.2,2710.6,2703.0,1208.0,981015420.0,41670
2023-05-10 09:31:02,IH2305,IH2305,2703.4,4.0,3243960.0,1.0,10,2703.2,2703.4,7,2705.2,2705.2,2710.6,2703.0,1212.0,984259380.0,41671
2023-05-10 09:31:02,IH2305,IH2305,2703.2,14.0,11353140.0,-6.0,1,2702.6,2703.4,17,2705.2,2705.2,2710.6,2702.6,1226.0,995612520.0,41665
2023-05-10 09:31:03,IH2305,IH2305,2703.4,6.0,4865820.0,-1.0,2,2702.8,2703.2,2,2705.2,2705.2,2710.6,2702.6,1232.0,1000478340.0,41664
2023-05-10 09:31:03,IH2305,IH2305,2703.2,4.0,3243840.0,0.0,7,2703.0,2703.2,13,2705.2,2705.2,2710.6,2702.6,1236.0,1003722180.0,41664
2023-05-10 09:31:04,IH2305,IH2305,2702.8,14.0,11351520.0,-8.0,6,2702.0,2702.8,2,2705.2,2705.2,2710.6,2702.2,1250.0,1015073700.0,41656
2023-05-10 09:31:04,IH2305,IH2305,2702.4,5.0,4053120.0,-1.0,9,2702.0,2702.4,1,2705.2,2705.2,2710.6,2702.0,1255.0,1019126820.0,41655
2023-05-10 09:31:05,IH2305,IH2305,2702.0,13.0,10538280.0,-8.0,5,2701.8,2702.2,2,2705.2,2705.2,2710.6,2702.0,1268.0,1029665100.0,41647
2023-05-10 09:31:05,IH2305,IH2305,2701.8,13.0,10537440.0,-8.0,3,2701.8,2702.0,1,2705.2,2705.2,2710.6,2701.8,1281.0,1040202540.0,41639
2023-05-10 09:31:06,IH2305,IH2305,2701.2,9.0,7294380.0,-6.0,2,2701.2,2701.8,7,2705.2,2705.2,2710.6,2701.2,1290.0,1047496920.0,41633
2023-05-10 09:31:06,IH2305,IH2305,2701.8,7.0,5673540.0,-7.0,1,2701.6,2701.8,3,2705.2,2705.2,2710.6,2701.2,1297.0,1053170460.0,41626
2023-05-10 09:31:07,IH2305,IH2305,2701.2,6.0,4862940.0,-2.0,1,2701.2,2701.8,11,2705.2,2705.2,2710.6,2701.2,1303.0,1058033400.0,41624
2023-05-10 09:31:07,IH2305,IH2305,2701.2,2.0,1620720.0,1.0,1,2701.2,2701.8,11,2705.2,2705.2,2710.6,2701.2,1305.0,1059654120.0,41625
2023-05-10 09:31:08,IH2305,IH2305,2701.8,13.0,10536600.0,-11.0,1,2701.0,2701.8,2,2705.2,2705.2,2710.6,2701.0,1318.0,1070190720.0,41614
2023-05-10 09:31:08,IH2305,IH2305,2701.8,4.0,3242040.0,-1.0,5,2701.4,2701.8,5,2705.2,2705.2,2710.6,2701.0,1322.0,1073432760.0,41613
2023-05-10 09:31:09,IH2305,IH2305,2701.4,15.0,12156960.0,-9.0,1,2701.4,2702.0,2,2705.2,2705.2,2710.6,2701.0,1337.0,1085589720.0,41604
2023-05-10 09:31:09,IH2305,IH2305,2701.4,6.0,4862880.0,0.0,3,2701.4,2701.8,9,2705.2,2705.2,2710.6,2701.0,1343.0,1090452600.0,41604
2023-05-10 09:31:10,IH2305,IH2305,2701.8,17.0,13779660.0,-12.0,3,2701.8,2702.6,1,2705.2,2705.2,2710.6,2701.0,1360.0,1104232260.0,41592
2023-05-10 09:31:10,IH2305,IH2305,2702.2,11.0,8918280.0,4.0,4,2702.2,2702.8,3,2705.2,2705.2,2710.6,2701.0,1371.0,1113150540.0,41596
2023-05-10 09:31:11,IH2305,IH2305,2702.2,22.0,17834160.0,-13.0,7,2701.8,2702.2,1,2705.2,2705.2,2710.6,2701.0,1393.0,1130984700.0,41583
2023-05-10 09:31:11,IH2305,IH2305,2702.2,20.0,16211220.0,-5.0,1,2702.2,2702.6,2,2705.2,2705.2,2710.6,2701.0,1413.0,1147195920.0,41578
2023-05-10 09:31:12,IH2305,IH2305,2702.4,23.0,18645540.0,-13.0,2,2701.8,2702.4,3,2705.2,2705.2,2710.6,2701.0,1436.0,1165841460.0,41565
2023-05-10 09:31:12,IH2305,IH2305,2702.4,0.0,0.0,0.0,1,2702.0,2702.2,2,2705.2,2705.2,2710.6,2701.0,1436.0,1165841460.0,41565
2023-05-10 09:31:13,IH2305,IH2305,2701.8,8.0,6485040.0,-5.0,4,2701.8,2702.0,1,2705.2,2705.2,2710.6,2701.0,1444.0,1172326500.0,41560
2023-05-10 09:31:13,IH2305,IH2305,2702.0,5.0,4053120.0,-3.0,4,2701.8,2702.2,3,2705.2,2705.2,2710.6,2701.0,1449.0,1176379620.0,41557
2023-05-10 09:31:14,IH2305,IH2305,2702.2,7.0,5674260.0,-6.0,7,2701.8,2702.4,2,2705.2,2705.2,2710.6,2701.0,1456.0,1182053880.0,41551
2023-05-10 09:31:14,IH2305,IH2305,2702.4,10.0,8107260.0,-6.0,1,2702.0,2702.6,2,2705.2,2705.2,2710.6,2701.0,1466.0,1190161140.0,41545
2023-05-10 09:31:15,IH2305,IH2305,2702.4,4.0,3242880.0,0.0,1,2702.0,2702.4,7,2705.2,2705.2,2710.6,2701.0,1470.0,1193404020.0,41545
2023-05-10 09:31:15,IH2305,IH2305,2703.0,12.0,9729240.0,-8.0,5,2702.6,2702.8,2,2705.2,2705.2,2710.6,2701.0,1482.0,1203133260.0,41537
2023-05-10 09:31:16,IH2305,IH2305,2702.8,2.0,1621680.0,-2.0,2,2702.8,2703.0,7,2705.2,2705.2,2710.6,2701.0,1484.0,1204754940.0,41535
2023-05-10 09:31:16,IH2305,IH2305,2702.6,7.0,5675340.0,-4.0,2,2702.0,2702.6,5,2705.2,2705.2,2710.6,2701.0,1491.0,1210430280.0,41531
2023-05-10 09:31:17,IH2305,IH2305,2702.2,3.0,2431860.0,-3.0,6,2701.8,2702.0,1,2705.2,2705.2,2710.6,2701.0,1494.0,1212862140.0,41528
2023-05-10 09:31:17,IH2305,IH2305,2702.0,9.0,7296240.0,-4.0,1,2702.2,2702.8,4,2705.2,2705.2,2710.6,2701.0,1503.0,1220158380.0,41524
2023-05-10 09:31:18,IH2305,IH2305,2702.0,1.0,810600.0,-1.0,1,2702.4,2702.6,1,2705.2,2705.2,2710.6,2701.0,1504.0,1220968980.0,41523
2023-05-10 09:31:18,IH2305,IH2305,2701.8,6.0,4863660.0,-5.0,3,2701.8,2702.4,20,2705.2,2705.2,2710.6,2701.0,1510.0,1225832640.0,41518
2023-05-10 09:31:19,IH2305,IH2305,2701.8,4.0,3242220.0,-4.0,1,2701.6,2702.2,2,2705.2,2705.2,2710.6,2701.0,1514.0,1229074860.0,41514
2023-05-10 09:31:19,IH2305,IH2305,2702.0,5.0,4052640.0,-2.0,1,2701.6,2702.0,5,2705.2,2705.2,2710.6,2701.0,1519.0,1233127500.0,41512
2023-05-10 09:31:20,IH2305,IH2305,2701.4,7.0,5673000.0,-6.0,4,2701.0,2701.4,4,2705.2,2705.2,2710.6,2701.0,1526.0,1238800500.0,41506
2023-05-10 09:31:20,IH2305,IH2305,2701.6,3.0,2431320.0,-3.0,3,2701.6,2701.8,1,2705.2,2705.2,2710.6,2701.0,1529.0,1241231820.0,41503
2023-05-10 09:31:21,IH2305,IH2305,2701.0,5.0,4051680.0,-2.0,13,2701.0,2701.4,7,2705.2,2705.2,2710.6,2701.0,1534.0,1245283500.0,41501
2023-05-10 09:31:21,IH2305,IH2305,2701.4,21.0,17021460.0,-10.0,7,2701.2,2701.6,1,2705.2,2705.2,2710.6,2701.0,1555.0,1262304960.0,41491
2023-05-10 09:31:22,IH2305,IH2305,2701.6,2.0,1620960.0,-2.0,7,2701.4,2701.6,1,2705.2,2705.2,2710.6,2701.0,1557.0,1263925920.0,41489
2023-05-10 09:31:22,IH2305,IH2305,2701.0,15.0,12154980.0,-7.0,2,2701.0,2701.2,4,2705.2,2705.2,2710.6,2701.0,1572.0,1276080900.0,41482
2023-05-10 09:31:23,IH2305,IH2305,2701.0,10.0,8102760.0,-3.0,1,2700.6,2701.0,5,2705.2,2705.2,2710.6,2700.8,1582.0,1284183660.0,41479
2023-05-10 09:31:23,IH2305,IH2305,2701.0,4.0,3240960.0,-3.0,4,2700.4,2700.6,3,2705.2,2705.2,2710.6,2700.6,1586.0,1287424620.0,41476
2023-05-10 09:31:24,IH2305,IH2305,2701.0,4.0,3240840.0,-1.0,2,2700.6,2701.0,2,2705.2,2705.2,2710.6,2700.6,1590.0,1290665460.0,41475
2023-05-10 09:31:24,IH2305,IH2305,2701.0,10.0,8102520.0,-6.0,1,2701.0,2701.2,6,2705.2,2705.2,2710.6,2700.4,1600.0,1298767980.0,41469
2023-05-10 09:31:25,IH2305,IH2305,2701.0,1.0,810300.0,-1.0,1,2700.6,2701.0,2,2705.2,2705.2,2710.6,2700.4,1601.0,1299578280.0,41468
2023-05-10 09:31:25,IH2305,IH2305,2700.4,7.0,5671500.0,-5.0,1,2700.4,2701.0,3,2705.2,2705.2,2710.6,2700.4,1608.0,1305249780.0,41463
2023-05-10 09:31:26,IH2305,IH2305,2700.4,15.0,12151380.0,-15.0,2,2700.2,2700.4,6,2705.2,2705.2,2710.6,2700.0,1623.0,1317401160.0,41448
2023-05-10 09:31:26,IH2305,IH2305,2701.0,7.0,5671020.0,-5.0,2,2700.6,2701.0,1,2705.2,2705.2,2710.6,2700.0,1630.0,1323072180.0,41443
2023-05-10 09:31:27,IH2305,IH2305,2701.0,8.0,6481980.0,-6.0,1,2701.0,2701.2,6,2705.2,2705.2,2710.6,2700.0,1638.0,1329554160.0,41437
2023-05-10 09:31:27,IH2305,IH2305,2700.4,5.0,4051320.0,-3.0,1,2701.0,2701.2,5,2705.2,2705.2,2710.6,2700.0,1643.0,1333605480.0,41434
2023-05-10 09:31:28,IH2305,IH2305,2700.4,6.0,4861620.0,-5.0,23,2700.4,2700.6,1,2705.2,2705.2,2710.6,2700.0,1649.0,1338467100.0,41429
2023-05-10 09:31:28,IH2305,IH2305,2700.8,7.0,5671740.0,-2.0,4,2700.8,2701.0,4,2705.2,2705.2,2710.6,2700.0,1656.0,1344138840.0,41427
2023-05-10 09:31:29,IH2305,IH2305,2700.8,6.0,4861440.0,-1.0,9,2700.6,2701.0,6,2705.2,2705.2,2710.6,2700.0,1662.0,1349000280.0,41426
2023-05-10 09:31:29,IH2305,IH2305,2700.6,1.0,810180.0,-1.0,4,2700.6,2700.8,1,2705.2,2705.2,2710.6,2700.0,1663.0,1349810460.0,41425
2023-05-10 09:31:30,IH2305,IH2305,2701.4,11.0,8913300.0,-5.0,1,2701.0,2701.8,3,2705.2,2705.2,2710.6,2700.0,1674.0,1358723760.0,41420
2023-05-10 09:31:30,IH2305,IH2305,2701.8,4.0,3241740.0,-2.0,2,2701.2,2701.8,5,2705.2,2705.2,2710.6,2700.0,1678.0,1361965500.0,41418
2023-05-10 09:31:31,IH2305,IH2305,2701.2,7.0,5673120.0,-3.0,4,2701.2,2701.8,8,2705.2,2705.2,2710.6,2700.0,1685.0,1367638620.0,41415
2023-05-10 09:31:31,IH2305,IH2305,2701.2,2.0,1620720.0,-2.0,4,2701.2,2701.6,3,2705.2,2705.2,2710.6,2700.0,1687.0,1369259340.0,41413
2023-05-10 09:31:32,IH2305,IH2305,2701.4,14.0,11345760.0,-10.0,4,2701.0,2701.8,10,2705.2,2705.2,2710.6,2700.0,1701.0,1380605100.0,41403
2023-05-10 09:31:32,IH2305,IH2305,2701.4,0.0,0.0,0.0,2,2701.2,2701.4,6,2705.2,2705.2,2710.6,2700.0,1701.0,1380605100.0,41403
2023-05-10 09:31:33,IH2305,IH2305,2700.8,10.0,8103120.0,-7.0,6,2700.8,2701.2,3,2705.2,2705.2,2710.6,2700.0,1711.0,1388708220.0,41396
2023-05-10 09:31:33,IH2305,IH2305,2701.0,11.0,8914020.0,-7.0,3,2701.4,2701.6,1,2705.2,2705.2,2710.6,2700.0,1722.0,1397622240.0,41389
2023-05-10 09:31:34,IH2305,IH2305,2701.4,4.0,3241680.0,-4.0,1,2701.0,2701.4,6,2705.2,2705.2,2710.6,2700.0,1726.0,1400863920.0,41385
2023-05-10 09:31:34,IH2305,IH2305,2701.0,3.0,2430960.0,-1.0,3,2700.8,2701.0,19,2705.2,2705.2,2710.6,2700.0,1729.0,1403294880.0,41384
2023-05-10 09:31:35,IH2305,IH2305,2701.0,11.0,8913300.0,-10.0,5,2700.8,2701.0,9,2705.2,2705.2,2710.6,2700.0,1740.0,1412208180.0,41374
2023-05-10 09:31:35,IH2305,IH2305,2701.4,18.0,14586240.0,-15.0,6,2701.4,2701.6,1,2705.2,2705.2,2710.6,2700.0,1758.0,1426794420.0,41359
2023-05-10 09:31:36,IH2305,IH2305,2701.6,2.0,1620960.0,-1.0,1,2701.6,2701.8,7,2705.2,2705.2,2710.6,2700.0,1760.0,1428415380.0,41358
2023-05-10 09:31:36,IH2305,IH2305,2701.8,2.0,1621020.0,-1.0,2,2701.6,2701.8,1,2705.2,2705.2,2710.6,2700.0,1762.0,1430036400.0,41357
2023-05-10 09:31:37,IH2305,IH2305,2701.4,5.0,4052340.0,-4.0,4,2701.4,2701.6,2,2705.2,2705.2,2710.6,2700.0,1767.0,1434088740.0,41353
2023-05-10 09:31:37,IH2305,IH2305,2701.6,5.0,4052220.0,-5.0,2,2701.6,2701.8,3,2705.2,2705.2,2710.6,2700.0,1772.0,1438140960.0,41348
2023-05-10 09:31:38,IH2305,IH2305,2701.4,6.0,4862640.0,-5.0,1,2701.2,2701.6,8,2705.2,2705.2,2710.6,2700.0,1778.0,1443003600.0,41343
2023-05-10 09:31:38,IH2305,IH2305,2701.6,3.0,2431260.0,-2.0,5,2701.0,2701.6,4,2705.2,2705.2,2710.6,2700.0,1781.0,1445434860.0,41341
2023-05-10 09:31:39,IH2305,IH2305,2701.6,1.0,810480.0,-1.0,3,2701.2,2701.6,2,2705.2,2705.2,2710.6,2700.0,1782.0,1446245340.0,41340
2023-05-10 09:31:39,IH2305,IH2305,2701.2,3.0,2431320.0,-3.0,5,2701.2,2701.4,1,2705.2,2705.2,2710.6,2700.0,1785.0,1448676660.0,41337
2023-05-10 09:31:40,IH2305,IH2305,2701.8,7.0,5673420.0,-7.0,1,2701.6,2702.0,3,2705.2,2705.2,2710.6,2700.0,1792.0,1454350080.0,41330
2023-05-10 09:31:40,IH2305,IH2305,2701.8,2.0,1621020.0,-1.0,1,2701.6,2701.8,1,2705.2,2705.2,2710.6,2700.0,1794.0,1455971100.0,41329
2023-05-10 09:31:41,IH2305,IH2305,2701.8,9.0,7295100.0,-1.0,9,2701.8,2702.0,2,2705.2,2705.2,2710.6,2700.0,1803.0,1463266200.0,41328
2023-05-10 09:31:41,IH2305,IH2305,2702.4,5.0,4053360.0,-4.0,2,2702.2,2702.4,12,2705.2,2705.2,2710.6,2700.0,1808.0,1467319560.0,41324
2023-05-10 09:31:42,IH2305,IH2305,2702.2,8.0,6485640.0,-6.0,7,2702.0,2702.2,1,2705.2,2705.2,2710.6,2700.0,1816.0,1473805200.0,41318
2023-05-10 09:31:42,IH2305,IH2305,2702.8,11.0,8918100.0,-8.0,1,2702.4,2703.0,1,2705.2,2705.2,2710.6,2700.0,1827.0,1482723300.0,41310
2023-05-10 09:31:43,IH2305,IH2305,2702.4,5.0,4053960.0,-4.0,2,2702.2,2703.4,3,2705.2,2705.2,2710.6,2700.0,1832.0,1486777260.0,41306
2023-05-10 09:31:43,IH2305,IH2305,2703.4,16.0,12975660.0,-7.0,4,2702.4,2703.6,1,2705.2,2705.2,2710.6,2700.0,1848.0,1499752920.0,41299
2023-05-10 09:31:44,IH2305,IH2305,2703.2,3.0,2432640.0,-3.0,7,2702.6,2703.2,2,2705.2,2705.2,2710.6,2700.0,1851.0,1502185560.0,41296
2023-05-10 09:31:44,IH2305,IH2305,2703.6,5.0,4055160.0,-5.0,4,2703.4,2703.8,3,2705.2,2705.2,2710.6,2700.0,1856.0,1506240720.0,41291
2023-05-10 09:31:45,IH2305,IH2305,2703.0,16.0,12976080.0,-14.0,1,2702.8,2703.2,2,2705.2,2705.2,2710.6,2700.0,1872.0,1519216800.0,41277
2023-05-10 09:31:45,IH2305,IH2305,2703.2,2.0,1621800.0,-1.0,1,2702.6,2703.2,1,2705.2,2705.2,2710.6,2700.0,1874.0,1520838600.0,41276
2023-05-10 09:31:46,IH2305,IH2305,2702.8,3.0,2432760.0,-2.0,1,2702.4,2702.6,1,2705.2,2705.2,2710.6,2700.0,1877.0,1523271360.0,41274
2023-05-10 09:31:46,IH2305,IH2305,2702.8,2.0,1621620.0,-1.0,2,2702.8,2703.4,3,2705.2,2705.2,2710.6,2700.0,1879.0,1524892980.0,41273
2023-05-10 09:31:47,IH2305,IH2305,2703.0,8.0,6487320.0,-4.0,2,2703.2,2703.4,3,2705.2,2705.2,2710.6,2700.0,1887.0,1531380300.0,41269
2023-05-10 09:31:47,IH2305,IH2305,2702.8,3.0,2432760.0,-3.0,3,2702.8,2703.4,3,2705.2,2705.2,2710.6,2700.0,1890.0,1533813060.0,41266
2023-05-10 09:31:48,IH2305,IH2305,2703.0,5.0,4054980.0,-5.0,1,2702.8,2703.6,1,2705.2,2705.2,2710.6,2700.0,1895.0,1537868040.0,41261
2023-05-10 09:31:48,IH2305,IH2305,2703.0,3.0,2432880.0,-2.0,3,2703.0,2703.4,2,2705.2,2705.2,2710.6,2700.0,1898.0,1540300920.0,41259
2023-05-10 09:31:49,IH2305,IH2305,2703.4,5.0,4055100.0,-4.0,2,2703.6,2704.0,2,2705.2,2705.2,2710.6,2700.0,1903.0,1544356020.0,41255
2023-05-10 09:31:49,IH2305,IH2305,2703.8,10.0,8111760.0,-6.0,2,2703.6,2703.8,1,2705.2,2705.2,2710.6,2700.0,1913.0,1552467780.0,41249
2023-05-10 09:31:50,IH2305,IH2305,2703.8,4.0,3244560.0,-4.0,2,2703.6,2703.8,2,2705.2,2705.2,2710.6,2700.0,1917.0,1555712340.0,41245
2023-05-10 09:31:50,IH2305,IH2305,2703.8,4.0,3244560.0,-3.0,1,2703.8,2704.2,13,2705.2,2705.2,2710.6,2700.0,1921.0,1558956900.0,41242
2023-05-10 09:31:51,IH2305,IH2305,2704.0,7.0,5678640.0,-7.0,1,2703.8,2704.0,1,2705.2,2705.2,2710.6,2700.0,1928.0,1564635540.0,41235
2023-05-10 09:31:51,IH2305,IH2305,2704.2,12.0,9735000.0,-10.0,9,2704.0,2704.2,2,2705.2,2705.2,2710.6,2700.0,1940.0,1574370540.0,41225
2023-05-10 09:31:52,IH2305,IH2305,2704.2,5.0,4056420.0,-5.0,1,2704.4,2704.8,2,2705.2,2705.2,2710.6,2700.0,1945.0,1578426960.0,41220
2023-05-10 09:31:52,IH2305,IH2305,2704.2,4.0,3244980.0,-2.0,4,2704.0,2704.4,2,2705.2,2705.2,2710.6,2700.0,1949.0,1581671940.0,41218
2023-05-10 09:31:53,IH2305,IH2305,2704.4,9.0,7302120.0,-7.0,1,2704.6,2704.8,2,2705.2,2705.2,2710.6,2700.0,1958.0,1588974060.0,41211
2023-05-10 09:31:53,IH2305,IH2305,2704.4,8.0,6490920.0,-4.0,1,2704.2,2704.6,2,2705.2,2705.2,2710.6,2700.0,1966.0,1595464980.0,41207
2023-05-10 09:31:54,IH2305,IH2305,2704.4,6.0,4867620.0,-4.0,1,2704.2,2704.6,1,2705.2,2705.2,2710.6,2700.0,1972.0,1600332600.0,41203
2023-05-10 09:31:54,IH2305,IH2305,2704.8,3.0,2434200.0,-1.0,1,2704.4,2704.6,1,2705.2,2705.2,2710.6,2700.0,1975.0,1602766800.0,41202
2023-05-10 09:31:55,IH2305,IH2305,2704.6,5.0,4057140.0,-5.0,2,2704.6,2705.0,1,2705.2,2705.2,2710.6,2700.0,1980.0,1606823940.0,41197
2023-05-10 09:31:55,IH2305,IH2305,2704.8,2.0,1622940.0,-1.0,1,2704.6,2705.2,1,2705.2,2705.2,2710.6,2700.0,1982.0,1608446880.0,41196
2023-05-10 09:31:56,IH2305,IH2305,2704.8,3.0,2434620.0,-1.0,2,2705.2,2705.4,4,2705.2,2705.2,2710.6,2700.0,1985.0,1610881500.0,41195
2023-05-10 09:31:56,IH2305,IH2305,2705.4,7.0,5681160.0,0.0,1,2705.0,2706.4,1,2705.2,2705.2,2710.6,2700.0,1992.0,1616562660.0,41195
2023-05-10 09:31:57,IH2305,IH2305,2705.8,3.0,2435100.0,-2.0,1,2705.4,2705.8,1,2705.2,2705.2,2710.6,2700.0,1995.0,1618997760.0,41193
2023-05-10 09:31:57,IH2305,IH2305,2706.2,1.0,811860.0,0.0,1,2705.4,2706.2,3,2705.2,2705.2,2710.6,2700.0,1996.0,1619809620.0,41193
2023-05-10 09:31:58,IH2305,IH2305,2706.2,1.0,811860.0,0.0,1,2705.4,2706.2,1,2705.2,2705.2,2710.6,2700.0,1997.0,1620621480.0,41193
2023-05-10 09:31:58,IH2305,IH2305,2705.6,3.0,2435280.0,-1.0,2,2705.6,2706.2,3,2705.2,2705.2,2710.6,2700.0,2000.0,1623056760.0,41192
2023-05-10 09:31:59,IH2305,IH2305,2705.6,3.0,2435100.0,1.0,2,2705.4,2706.0,4,2705.2,2705.2,2710.6,2700.0,2003.0,1625491860.0,41193
2023-05-10 09:31:59,IH2305,IH2305,2705.6,2.0,1623300.0,-1.0,1,2705.6,2706.0,3,2705.2,2705.2,2710.6,2700.0,2005.0,1627115160.0,41192
2023-05-10 09:32:00,IH2305,IH2305,2706.0,9.0,7305240.0,0.0,1,2705.4,2706.2,3,2705.2,2705.2,2710.6,2700.0,2014.0,1634420400.0,41192
2023-05-10 09:32:00,IH2305,IH2305,2706.0,0.0,0.0,0.0,1,2705.4,2706.0,1,2705.2,2705.2,2710.6,2700.0,2014.0,1634420400.0,41192
2023-05-10 09:32:01,IH2305,IH2305,2705.4,11.0,8929020.0,-4.0,4,2705.2,2706.2,3,2705.2,2705.2,2710.6,2700.0,2025.0,1643349420.0,41188
2023-05-10 09:32:01,IH2305,IH2305,2706.2,6.0,4871160.0,-5.0,1,2706.0,2706.2,3,2705.2,2705.2,2710.6,2700.0,2031.0,1648220580.0,41183
2023-05-10 09:32:02,IH2305,IH2305,2706.2,8.0,6494760.0,-5.0,2,2705.6,2706.2,2,2705.2,2705.2,2710.6,2700.0,2039.0,1654715340.0,41178
2023-05-10 09:32:02,IH2305,IH2305,2705.4,2.0,1623240.0,-2.0,2,2705.4,2706.2,3,2705.2,2705.2,2710.6,2700.0,2041.0,1656338580.0,41176
2023-05-10 09:32:03,IH2305,IH2305,2706.0,6.0,4870560.0,-3.0,4,2705.2,2706.0,7,2705.2,2705.2,2710.6,2700.0,2047.0,1661209140.0,41173
2023-05-10 09:32:03,IH2305,IH2305,2706.0,10.0,8118000.0,-6.0,1,2705.4,2706.0,2,2705.2,2705.2,2710.6,2700.0,2057.0,1669327140.0,41167
2023-05-10 09:32:04,IH2305,IH2305,2706.2,7.0,5682780.0,-7.0,1,2706.2,2706.4,2,2705.2,2705.2,2710.6,2700.0,2064.0,1675009920.0,41160
2023-05-10 09:32:04,IH2305,IH2305,2705.6,12.0,9741660.0,-3.0,2,2705.4,2705.6,3,2705.2,2705.2,2710.6,2700.0,2076.0,1684751580.0,41157
2023-05-10 09:32:05,IH2305,IH2305,2705.8,9.0,7305840.0,-1.0,1,2705.8,2706.8,2,2705.2,2705.2,2710.6,2700.0,2085.0,1692057420.0,41156
2023-05-10 09:32:05,IH2305,IH2305,2706.6,8.0,6494340.0,-4.0,3,2705.6,2706.6,2,2705.2,2705.2,2710.6,2700.0,2093.0,1698551760.0,41152
2023-05-10 09:32:06,IH2305,IH2305,2706.0,3.0,2435400.0,1.0,3,2705.8,2706.4,3,2705.2,2705.2,2710.6,2700.0,2096.0,1700987160.0,41153
2023-05-10 09:32:06,IH2305,IH2305,2705.6,8.0,6493500.0,-6.0,3,2705.2,2705.8,1,2705.2,2705.2,2710.6,2700.0,2104.0,1707480660.0,41147
2023-05-10 09:32:07,IH2305,IH2305,2705.2,5.0,4057740.0,-4.0,1,2704.6,2705.6,7,2705.2,2705.2,2710.6,2700.0,2109.0,1711538400.0,41143
2023-05-10 09:32:07,IH2305,IH2305,2705.2,2.0,1622940.0,-1.0,8,2704.8,2705.4,9,2705.2,2705.2,2710.6,2700.0,2111.0,1713161340.0,41142
2023-05-10 09:32:08,IH2305,IH2305,2705.0,5.0,4057740.0,-3.0,4,2705.0,2705.4,2,2705.2,2705.2,2710.6,2700.0,2116.0,1717219080.0,41139
2023-05-10 09:32:08,IH2305,IH2305,2705.0,6.0,4869540.0,-2.0,3,2705.0,2706.0,1,2705.2,2705.2,2710.6,2700.0,2122.0,1722088620.0,41137
2023-05-10 09:32:09,IH2305,IH2305,2705.8,2.0,1623480.0,-1.0,3,2705.4,2706.0,2,2705.2,2705.2,2710.6,2700.0,2124.0,1723712100.0,41136
2023-05-10 09:32:09,IH2305,IH2305,2706.0,8.0,6494280.0,-3.0,10,2705.6,2706.4,1,2705.2,2705.2,2710.6,2700.0,2132.0,1730206380.0,41133
2023-05-10 09:32:10,IH2305,IH2305,2706.0,3.0,2435520.0,-3.0,1,2706.0,2706.4,3,2705.2,2705.2,2710.6,2700.0,2135.0,1732641900.0,41130
2023-05-10 09:32:10,IH2305,IH2305,2706.2,5.0,4059000.0,-4.0,4,2705.8,2706.2,1,2705.2,2705.2,2710.6,2700.0,2140.0,1736700900.0,41126
2023-05-10 09:32:11,IH2305,IH2305,2706.2,4.0,3247080.0,-1.0,2,2705.6,2706.0,2,2705.2,2705.2,2710.6,2700.0,2144.0,1739947980.0,41125
2023-05-10 09:32:11,IH2305,IH2305,2705.8,6.0,4870560.0,-5.0,1,2705.4,2706.0,5,2705.2,2705.2,2710.6,2700.0,2150.0,1744818540.0,41120
2023-05-10 09:32:12,IH2305,IH2305,2705.8,4.0,3246960.0,2.0,5,2705.6,2705.8,3,2705.2,2705.2,2710.6,2700.0,2154.0,1748065500.0,41122
2023-05-10 09:32:12,IH2305,IH2305,2706.0,18.0,14612280.0,-14.0,12,2706.0,2706.6,2,2705.2,2705.2,2710.6,2700.0,2172.0,1762677780.0,41108
2023-05-10 09:32:13,IH2305,IH2305,2706.8,12.0,9744120.0,-9.0,6,2706.6,2706.8,1,2705.2,2705.2,2710.6,2700.0,2184.0,1772421900.0,41099
2023-05-10 09:32:13,IH2305,IH2305,2706.6,10.0,8120760.0,-5.0,4,2706.8,2707.6,3,2705.2,2705.2,2710.6,2700.0,2194.0,1780542660.0,41094
2023-05-10 09:32:14,IH2305,IH2305,2707.6,5.0,4060200.0,-1.0,6,2707.0,2707.6,3,2705.2,2705.2,2710.6,2700.0,2199.0,1784602860.0,41093
2023-05-10 09:32:14,IH2305,IH2305,2707.6,5.0,4061400.0,-3.0,1,2707.2,2707.4,1,2705.2,2705.2,2710.6,2700.0,2204.0,1788664260.0,41090
2023-05-10 09:32:15,IH2305,IH2305,2706.8,12.0,9745860.0,-7.0,1,2706.6,2707.4,1,2705.2,2705.2,2710.6,2700.0,2216.0,1798410120.0,41083
2023-05-10 09:32:15,IH2305,IH2305,2707.2,1.0,812160.0,0.0,9,2706.8,2707.2,4,2705.2,2705.2,2710.6,2700.0,2217.0,1799222280.0,41083
2023-05-10 09:32:16,IH2305,IH2305,2707.2,0.0,0.0,0.0,2,2706.8,2707.2,1,2705.2,2705.2,2710.6,2700.0,2217.0,1799222280.0,41083
2023-05-10 09:32:16,IH2305,IH2305,2707.4,3.0,2436540.0,-3.0,2,2706.8,2707.6,3,2705.2,2705.2,2710.6,2700.0,2220.0,1801658820.0,41080
2023-05-10 09:32:17,IH2305,IH2305,2707.4,2.0,1624440.0,-1.0,2,2707.2,2707.4,4,2705.2,2705.2,2710.6,2700.0,2222.0,1803283260.0,41079
2023-05-10 09:32:17,IH2305,IH2305,2707.4,4.0,3248880.0,-1.0,11,2707.6,2707.8,1,2705.2,2705.2,2710.6,2700.0,2226.0,1806532140.0,41078
2023-05-10 09:32:18,IH2305,IH2305,2707.8,3.0,2437020.0,0.0,16,2707.6,2708.0,10,2705.2,2705.2,2710.6,2700.0,2229.0,1808969160.0,41078
2023-05-10 09:32:18,IH2305,IH2305,2708.0,13.0,10561020.0,-11.0,1,2708.2,2708.6,3,2705.2,2705.2,2710.6,2700.0,2242.0,1819530180.0,41067
2023-05-10 09:32:19,IH2305,IH2305,2708.4,7.0,5687580.0,-6.0,1,2708.6,2708.8,1,2705.2,2705.2,2710.6,2700.0,2249.0,1825217760.0,41061
2023-05-10 09:32:19,IH2305,IH2305,2709.0,13.0,10563660.0,-7.0,1,2708.8,2709.2,2,2705.2,2705.2,2710.6,2700.0,2262.0,1835781420.0,41054
2023-05-10 09:32:20,IH2305,IH2305,2709.0,8.0,6501060.0,-3.0,2,2708.6,2709.0,5,2705.2,2705.2,2710.6,2700.0,2270.0,1842282480.0,41051
2023-05-10 09:32:20,IH2305,IH2305,2709.0,6.0,4875900.0,-4.0,3,2708.4,2709.0,3,2705.2,2705.2,2710.6,2700.0,2276.0,1847158380.0,41047
2023-05-10 09:32:21,IH2305,IH2305,2709.2,17.0,13814760.0,1.0,1,2709.0,2709.2,3,2705.2,2705.2,2710.6,2700.0,2293.0,1860973140.0,41048
2023-05-10 09:32:21,IH2305,IH2305,2708.8,4.0,3250500.0,-1.0,1,2708.2,2708.8,1,2705.2,2705.2,2710.6,2700.0,2297.0,1864223640.0,41047
2023-05-10 09:32:22,IH2305,IH2305,2708.8,1.0,812640.0,0.0,15,2709.0,2709.4,1,2705.2,2705.2,2710.6,2700.0,2298.0,1865036280.0,41047
2023-05-10 09:32:22,IH2305,IH2305,2709.0,7.0,5688960.0,-2.0,12,2709.0,2709.2,1,2705.2,2705.2,2710.6,2700.0,2305.0,1870725240.0,41045
2023-05-10 09:32:23,IH2305,IH2305,2708.4,18.0,14628000.0,-15.0,3,2708.8,2709.4,5,2705.2,2705.2,2710.6,2700.0,2323.0,1885353240.0,41030
2023-05-10 09:32:23,IH2305,IH2305,2709.2,8.0,6501300.0,-1.0,1,2708.2,2709.2,4,2705.2,2705.2,2710.6,2700.0,2331.0,1891854540.0,41029
2023-05-10 09:32:24,IH2305,IH2305,2709.0,9.0,7314300.0,-6.0,4,2708.4,2709.2,1,2705.2,2705.2,2710.6,2700.0,2340.0,1899168840.0,41023
2023-05-10 09:32:24,IH2305,IH2305,2709.0,5.0,4062960.0,0.0,1,2708.4,2709.0,1,2705.2,2705.2,2710.6,2700.0,2345.0,1903231800.0,41023
2023-05-10 09:32:25,IH2305,IH2305,2708.6,2.0,1625100.0,-1.0,1,2708.0,2708.6,3,2705.2,2705.2,2710.6,2700.0,2347.0,1904856900.0,41022
2023-05-10 09:32:25,IH2305,IH2305,2708.0,7.0,5686260.0,-6.0,7,2707.6,2708.4,2,2705.2,2705.2,2710.6,2700.0,2354.0,1910543160.0,41016
2023-05-10 09:32:26,IH2305,IH2305,2707.4,10.0,8122680.0,-6.0,3,2707.4,2707.8,1,2705.2,2705.2,2710.6,2700.0,2364.0,1918665840.0,41010
2023-05-10 09:32:26,IH2305,IH2305,2708.2,11.0,8934900.0,-4.0,2,2706.4,2707.6,1,2705.2,2705.2,2710.6,2700.0,2375.0,1927600740.0,41006
2023-05-10 09:32:27,IH2305,IH2305,2707.6,2.0,1624560.0,0.0,2,2707.2,2707.6,4,2705.2,2705.2,2710.6,2700.0,2377.0,1929225300.0,41006
2023-05-10 09:32:27,IH2305,IH2305,2707.0,5.0,4061220.0,-4.0,1,2707.0,2707.6,1,2705.2,2705.2,2710.6,2700.0,2382.0,1933286520.0,41002
2023-05-10 09:32:28,IH2305,IH2305,2707.0,0.0,0.0,0.0,1,2707.4,2707.6,2,2705.2,2705.2,2710.6,2700.0,2382.0,1933286520.0,41002
2023-05-10 09:32:28,IH2305,IH2305,2707.8,5.0,4061400.0,-3.0,1,2707.6,2707.8,3,2705.2,2705.2,2710.6,2700.0,2387.0,1937347920.0,40999
2023-05-10 09:32:29,IH2305,IH2305,2707.8,3.0,2436960.0,-2.0,1,2707.0,2707.2,1,2705.2,2705.2,2710.6,2700.0,2390.0,1939784880.0,40997
2023-05-10 09:32:29,IH2305,IH2305,2707.2,2.0,1624320.0,-2.0,1,2707.2,2707.6,1,2705.2,2705.2,2710.6,2700.0,2392.0,1941409200.0,40995
2023-05-10 09:32:30,IH2305,IH2305,2707.8,8.0,6498780.0,-5.0,4,2707.8,2708.4,2,2705.2,2705.2,2710.6,2700.0,2400.0,1947907980.0,40990
2023-05-10 09:32:30,IH2305,IH2305,2707.6,2.0,1624620.0,0.0,4,2707.6,2708.0,1,2705.2,2705.2,2710.6,2700.0,2402.0,1949532600.0,40990
2023-05-10 09:32:31,IH2305,IH2305,2708.0,4.0,3249360.0,-1.0,6,2707.6,2707.8,1,2705.2,2705.2,2710.6,2700.0,2406.0,1952781960.0,40989
2023-05-10 09:32:31,IH2305,IH2305,2707.6,7.0,5685960.0,-1.0,1,2707.2,2707.8,1,2705.2,2705.2,2710.6,2700.0,2413.0,1958467920.0,40988
2023-05-10 09:32:32,IH2305,IH2305,2707.2,2.0,1624440.0,-1.0,1,2707.0,2707.6,3,2705.2,2705.2,2710.6,2700.0,2415.0,1960092360.0,40987
2023-05-10 09:32:32,IH2305,IH2305,2706.6,6.0,4872540.0,-4.0,2,2706.6,2707.0,1,2705.2,2705.2,2710.6,2700.0,2421.0,1964964900.0,40983
2023-05-10 09:32:33,IH2305,IH2305,2707.0,1.0,812100.0,-1.0,2,2706.8,2707.0,1,2705.2,2705.2,2710.6,2700.0,2422.0,1965777000.0,40982
2023-05-10 09:32:33,IH2305,IH2305,2707.0,5.0,4060500.0,-4.0,3,2707.0,2707.4,1,2705.2,2705.2,2710.6,2700.0,2427.0,1969837500.0,40978
2023-05-10 09:32:34,IH2305,IH2305,2707.6,6.0,4872780.0,-2.0,4,2707.4,2707.6,4,2705.2,2705.2,2710.6,2700.0,2433.0,1974710280.0,40976
2023-05-10 09:32:34,IH2305,IH2305,2707.4,9.0,7309740.0,-2.0,1,2706.6,2707.0,1,2705.2,2705.2,2710.6,2700.0,2442.0,1982020020.0,40974
2023-05-10 09:32:35,IH2305,IH2305,2706.8,2.0,1624140.0,-2.0,1,2707.0,2707.4,1,2705.2,2705.2,2710.6,2700.0,2444.0,1983644160.0,40972
2023-05-10 09:32:35,IH2305,IH2305,2707.2,3.0,2436420.0,0.0,1,2706.6,2707.0,4,2705.2,2705.2,2710.6,2700.0,2447.0,1986080580.0,40972
2023-05-10 09:32:36,IH2305,IH2305,2707.0,9.0,7308720.0,-6.0,1,2706.4,2706.6,1,2705.2,2705.2,2710.6,2700.0,2456.0,1993389300.0,40966
2023-05-10 09:32:36,IH2305,IH2305,2706.6,6.0,4871820.0,-6.0,1,2706.8,2707.0,10,2705.2,2705.2,2710.6,2700.0,2462.0,1998261120.0,40960
2023-05-10 09:32:37,IH2305,IH2305,2706.6,5.0,4060320.0,-5.0,1,2706.4,2706.6,2,2705.2,2705.2,2710.6,2700.0,2467.0,2002321440.0,40955
2023-05-10 09:32:37,IH2305,IH2305,2706.6,2.0,1623960.0,-2.0,1,2706.4,2706.8,1,2705.2,2705.2,2710.6,2700.0,2469.0,2003945400.0,40953
2023-05-10 09:32:38,IH2305,IH2305,2706.8,4.0,3247800.0,-3.0,1,2706.0,2707.0,7,2705.2,2705.2,2710.6,2700.0,2473.0,2007193200.0,40950
2023-05-10 09:32:38,IH2305,IH2305,2706.2,13.0,10556280.0,-8.0,5,2706.2,2706.8,1,2705.2,2705.2,2710.6,2700.0,2486.0,2017749480.0,40942
2023-05-10 09:32:39,IH2305,IH2305,2707.0,9.0,7308600.0,-9.0,1,2707.0,2707.2,3,2705.2,2705.2,2710.6,2700.0,2495.0,2025058080.0,40933
2023-05-10 09:32:39,IH2305,IH2305,2706.4,3.0,2436120.0,-2.0,3,2706.4,2706.8,1,2705.2,2705.2,2710.6,2700.0,2498.0,2027494200.0,40931
2023-05-10 09:32:40,IH2305,IH2305,2706.8,1.0,812040.0,0.0,1,2706.8,2707.0,6,2705.2,2705.2,2710.6,2700.0,2499.0,2028306240.0,40931
2023-05-10 09:32:40,IH2305,IH2305,2707.0,8.0,6496440.0,-2.0,3,2706.2,2707.0,5,2705.2,2705.2,2710.6,2700.0,2507.0,2034802680.0,40929
2023-05-10 09:32:41,IH2305,IH2305,2707.0,3.0,2436240.0,-2.0,6,2706.8,2707.0,3,2705.2,2705.2,2710.6,2700.0,2510.0,2037238920.0,40927
2023-05-10 09:32:41,IH2305,IH2305,2707.2,7.0,5684640.0,-3.0,1,2707.2,2707.4,5,2705.2,2705.2,2710.6,2700.0,2517.0,2042923560.0,40924
2023-05-10 09:32:42,IH2305,IH2305,2707.4,3.0,2436600.0,-2.0,5,2706.8,2707.2,2,2705.2,2705.2,2710.6,2700.0,2520.0,2045360160.0,40922
2023-05-10 09:32:42,IH2305,IH2305,2707.2,5.0,4060920.0,-3.0,2,2707.2,2707.4,2,2705.2,2705.2,2710.6,2700.0,2525.0,2049421080.0,40919
2023-05-10 09:32:43,IH2305,IH2305,2707.2,4.0,3248640.0,-1.0,1,2707.0,2707.2,1,2705.2,2705.2,2710.6,2700.0,2529.0,2052669720.0,40918
2023-05-10 09:32:43,IH2305,IH2305,2707.0,3.0,2436420.0,-2.0,5,2706.8,2707.2,1,2705.2,2705.2,2710.6,2700.0,2532.0,2055106140.0,40916
2023-05-10 09:32:44,IH2305,IH2305,2706.8,5.0,4060200.0,-1.0,1,2706.4,2707.0,2,2705.2,2705.2,2710.6,2700.0,2537.0,2059166340.0,40915
2023-05-10 09:32:44,IH2305,IH2305,2707.0,2.0,1624140.0,0.0,3,2706.2,2707.0,5,2705.2,2705.2,2710.6,2700.0,2539.0,2060790480.0,40915
2023-05-10 09:32:45,IH2305,IH2305,2706.2,1.0,811860.0,0.0,3,2706.2,2707.0,5,2705.2,2705.2,2710.6,2700.0,2540.0,2061602340.0,40915
2023-05-10 09:32:45,IH2305,IH2305,2706.2,0.0,0.0,0.0,6,2706.2,2706.8,1,2705.2,2705.2,2710.6,2700.0,2540.0,2061602340.0,40915
2023-05-10 09:32:46,IH2305,IH2305,2706.2,0.0,0.0,0.0,2,2706.4,2706.8,1,2705.2,2705.2,2710.6,2700.0,2540.0,2061602340.0,40915
2023-05-10 09:32:46,IH2305,IH2305,2706.6,9.0,7308600.0,-9.0,6,2706.2,2706.4,4,2705.2,2705.2,2710.6,2700.0,2549.0,2068910940.0,40906
2023-05-10 09:32:47,IH2305,IH2305,2706.4,4.0,3247680.0,-3.0,1,2706.6,2707.0,3,2705.2,2705.2,2710.6,2700.0,2553.0,2072158620.0,40903
2023-05-10 09:32:47,IH2305,IH2305,2707.2,5.0,4060620.0,-4.0,2,2707.2,2707.4,3,2705.2,2705.2,2710.6,2700.0,2558.0,2076219240.0,40899
2023-05-10 09:32:48,IH2305,IH2305,2706.8,3.0,2436360.0,-3.0,2,2706.6,2707.4,3,2705.2,2705.2,2710.6,2700.0,2561.0,2078655600.0,40896
2023-05-10 09:32:48,IH2305,IH2305,2706.8,0.0,0.0,0.0,1,2707.0,2707.2,2,2705.2,2705.2,2710.6,2700.0,2561.0,2078655600.0,40896
2023-05-10 09:32:49,IH2305,IH2305,2707.4,3.0,2436540.0,-3.0,1,2707.0,2707.4,2,2705.2,2705.2,2710.6,2700.0,2564.0,2081092140.0,40893
2023-05-10 09:32:49,IH2305,IH2305,2707.4,6.0,4873020.0,-4.0,1,2707.2,2707.6,9,2705.2,2705.2,2710.6,2700.0,2570.0,2085965160.0,40889
2023-05-10 09:32:50,IH2305,IH2305,2707.8,13.0,10559580.0,-10.0,1,2707.8,2708.0,2,2705.2,2705.2,2710.6,2700.0,2583.0,2096524740.0,40879
2023-05-10 09:32:50,IH2305,IH2305,2707.8,5.0,4061700.0,-5.0,5,2707.8,2708.0,2,2705.2,2705.2,2710.6,2700.0,2588.0,2100586440.0,40874
2023-05-10 09:32:51,IH2305,IH2305,2707.4,9.0,7311180.0,-6.0,1,2707.8,2708.2,1,2705.2,2705.2,2710.6,2700.0,2597.0,2107897620.0,40868
2023-05-10 09:32:51,IH2305,IH2305,2707.4,5.0,4061520.0,-4.0,6,2707.4,2707.8,1,2705.2,2705.2,2710.6,2700.0,2602.0,2111959140.0,40864
2023-05-10 09:32:52,IH2305,IH2305,2708.0,5.0,4061640.0,-4.0,5,2707.4,2708.0,4,2705.2,2705.2,2710.6,2700.0,2607.0,2116020780.0,40860
2023-05-10 09:32:52,IH2305,IH2305,2708.0,2.0,1624800.0,-2.0,1,2707.6,2708.0,4,2705.2,2705.2,2710.6,2700.0,2609.0,2117645580.0,40858
2023-05-10 09:32:53,IH2305,IH2305,2708.0,10.0,8124300.0,-8.0,7,2707.8,2708.4,3,2705.2,2705.2,2710.6,2700.0,2619.0,2125769880.0,40850
2023-05-10 09:32:53,IH2305,IH2305,2708.2,9.0,7312620.0,-3.0,18,2708.0,2708.4,2,2705.2,2705.2,2710.6,2700.0,2628.0,2133082500.0,40847
2023-05-10 09:32:54,IH2305,IH2305,2708.2,3.0,2437500.0,-1.0,17,2708.0,2708.6,2,2705.2,2705.2,2710.6,2700.0,2631.0,2135520000.0,40846
2023-05-10 09:32:54,IH2305,IH2305,2708.2,0.0,0.0,0.0,16,2708.0,2708.4,1,2705.2,2705.2,2710.6,2700.0,2631.0,2135520000.0,40846
2023-05-10 09:32:55,IH2305,IH2305,2708.2,22.0,17872860.0,-6.0,2,2708.0,2708.2,3,2705.2,2705.2,2710.6,2700.0,2653.0,2153392860.0,40840
2023-05-10 09:32:55,IH2305,IH2305,2707.8,5.0,4061700.0,-4.0,5,2707.4,2707.8,3,2705.2,2705.2,2710.6,2700.0,2658.0,2157454560.0,40836
2023-05-10 09:32:56,IH2305,IH2305,2708.0,7.0,5686320.0,-5.0,4,2707.4,2707.8,2,2705.2,2705.2,2710.6,2700.0,2665.0,2163140880.0,40831
2023-05-10 09:32:56,IH2305,IH2305,2708.0,4.0,3249420.0,-4.0,3,2707.6,2707.8,1,2705.2,2705.2,2710.6,2700.0,2669.0,2166390300.0,40827
2023-05-10 09:32:57,IH2305,IH2305,2708.0,6.0,4874400.0,-3.0,2,2707.8,2708.0,4,2705.2,2705.2,2710.6,2700.0,2675.0,2171264700.0,40824
2023-05-10 09:32:57,IH2305,IH2305,2708.0,3.0,2437200.0,-2.0,4,2707.8,2708.4,1,2705.2,2705.2,2710.6,2700.0,2678.0,2173701900.0,40822
2023-05-10 09:32:58,IH2305,IH2305,2708.2,4.0,3249960.0,-4.0,4,2708.2,2708.8,3,2705.2,2705.2,2710.6,2700.0,2682.0,2176951860.0,40818
2023-05-10 09:32:58,IH2305,IH2305,2708.2,1.0,812460.0,-1.0,4,2708.2,2708.6,1,2705.2,2705.2,2710.6,2700.0,2683.0,2177764320.0,40817
2023-05-10 09:32:59,IH2305,IH2305,2708.6,3.0,2437740.0,-2.0,4,2708.2,2708.4,2,2705.2,2705.2,2710.6,2700.0,2686.0,2180202060.0,40815
2023-05-10 09:32:59,IH2305,IH2305,2708.8,6.0,4875360.0,-3.0,2,2708.6,2709.0,4,2705.2,2705.2,2710.6,2700.0,2692.0,2185077420.0,40812
2023-05-10 09:33:00,IH2305,IH2305,2708.2,5.0,4062600.0,-5.0,2,2708.2,2708.4,1,2705.2,2705.2,2710.6,2700.0,2697.0,2189140020.0,40807
2023-05-10 09:33:00,IH2305,IH2305,2708.6,4.0,3250440.0,-3.0,1,2708.6,2709.0,3,2705.2,2705.2,2710.6,2700.0,2701.0,2192390460.0,40804
2023-05-10 09:33:01,IH2305,IH2305,2709.0,5.0,4062900.0,-4.0,3,2708.2,2709.0,6,2705.2,2705.2,2710.6,2700.0,2706.0,2196453360.0,40800
2023-05-10 09:33:01,IH2305,IH2305,2709.0,0.0,0.0,0.0,2,2708.4,2709.0,15,2705.2,2705.2,2710.6,2700.0,2706.0,2196453360.0,40800
2023-05-10 09:33:02,IH2305,IH2305,2708.4,2.0,1625220.0,-1.0,3,2708.2,2708.6,1,2705.2,2705.2,2710.6,2700.0,2708.0,2198078580.0,40799
2023-05-10 09:33:02,IH2305,IH2305,2708.2,13.0,10563360.0,-10.0,2,2708.2,2708.6,3,2705.2,2705.2,2710.6,2700.0,2721.0,2208641940.0,40789
2023-05-10 09:33:03,IH2305,IH2305,2708.4,12.0,9751620.0,-9.0,8,2708.4,2709.4,2,2705.2,2705.2,2710.6,2700.0,2733.0,2218393560.0,40780
2023-05-10 09:33:03,IH2305,IH2305,2708.4,0.0,0.0,0.0,2,2708.8,2709.2,1,2705.2,2705.2,2710.6,2700.0,2733.0,2218393560.0,40780
2023-05-10 09:33:04,IH2305,IH2305,2709.0,3.0,2438100.0,-1.0,1,2709.0,2709.2,1,2705.2,2705.2,2710.6,2700.0,2736.0,2220831660.0,40779
2023-05-10 09:33:04,IH2305,IH2305,2709.0,2.0,1625400.0,-1.0,1,2708.6,2709.0,2,2705.2,2705.2,2710.6,2700.0,2738.0,2222457060.0,40778
2023-05-10 09:33:05,IH2305,IH2305,2709.0,3.0,2438100.0,-3.0,1,2708.8,2709.0,1,2705.2,2705.2,2710.6,2700.0,2741.0,2224895160.0,40775
2023-05-10 09:33:05,IH2305,IH2305,2708.6,2.0,1625220.0,-2.0,3,2708.4,2708.8,2,2705.2,2705.2,2710.6,2700.0,2743.0,2226520380.0,40773
2023-05-10 09:33:06,IH2305,IH2305,2708.6,4.0,3250140.0,-3.0,1,2708.2,2708.8,2,2705.2,2705.2,2710.6,2700.0,2747.0,2229770520.0,40770
2023-05-10 09:33:06,IH2305,IH2305,2708.6,3.0,2437500.0,2.0,1,2707.8,2708.6,1,2705.2,2705.2,2710.6,2700.0,2750.0,2232208020.0,40772
2023-05-10 09:33:07,IH2305,IH2305,2708.2,4.0,3249600.0,-1.0,1,2707.6,2708.4,5,2705.2,2705.2,2710.6,2700.0,2754.0,2235457620.0,40771
2023-05-10 09:33:07,IH2305,IH2305,2707.6,1.0,812280.0,0.0,2,2707.6,2708.2,5,2705.2,2705.2,2710.6,2700.0,2755.0,2236269900.0,40771
2023-05-10 09:33:08,IH2305,IH2305,2708.0,2.0,1624680.0,0.0,1,2707.6,2708.2,6,2705.2,2705.2,2710.6,2700.0,2757.0,2237894580.0,40771
2023-05-10 09:33:08,IH2305,IH2305,2708.0,3.0,2437200.0,-2.0,5,2707.4,2708.0,1,2705.2,2705.2,2710.6,2700.0,2760.0,2240331780.0,40769
2023-05-10 09:33:09,IH2305,IH2305,2707.8,10.0,8124600.0,-7.0,10,2707.6,2708.4,2,2705.2,2705.2,2710.6,2700.0,2770.0,2248456380.0,40762
2023-05-10 09:33:09,IH2305,IH2305,2707.8,2.0,1624740.0,-1.0,4,2707.8,2708.4,2,2705.2,2705.2,2710.6,2700.0,2772.0,2250081120.0,40761
2023-05-10 09:33:10,IH2305,IH2305,2708.4,4.0,3250140.0,-1.0,4,2708.0,2708.6,1,2705.2,2705.2,2710.6,2700.0,2776.0,2253331260.0,40760
2023-05-10 09:33:10,IH2305,IH2305,2708.6,7.0,5687940.0,-5.0,1,2708.6,2708.8,1,2705.2,2705.2,2710.6,2700.0,2783.0,2259019200.0,40755
2023-05-10 09:33:11,IH2305,IH2305,2708.6,5.0,4062960.0,-4.0,12,2708.4,2709.0,14,2705.2,2705.2,2710.6,2700.0,2788.0,2263082160.0,40751
2023-05-10 09:33:11,IH2305,IH2305,2708.6,12.0,9752100.0,-5.0,5,2708.6,2709.0,5,2705.2,2705.2,2710.6,2700.0,2800.0,2272834260.0,40746
2023-05-10 09:33:12,IH2305,IH2305,2709.0,15.0,12190920.0,-11.0,9,2709.0,2709.4,2,2705.2,2705.2,2710.6,2700.0,2815.0,2285025180.0,40735
2023-05-10 09:33:12,IH2305,IH2305,2709.4,12.0,9753600.0,-7.0,2,2709.2,2709.6,1,2705.2,2705.2,2710.6,2700.0,2827.0,2294778780.0,40728
2023-05-10 09:33:13,IH2305,IH2305,2709.6,4.0,3251580.0,-4.0,4,2709.2,2709.4,2,2705.2,2705.2,2710.6,2700.0,2831.0,2298030360.0,40724
2023-05-10 09:33:13,IH2305,IH2305,2709.6,6.0,4877400.0,-6.0,7,2709.4,2710.0,8,2705.2,2705.2,2710.6,2700.0,2837.0,2302907760.0,40718
2023-05-10 09:33:14,IH2305,IH2305,2709.6,1.0,812880.0,-1.0,5,2709.4,2710.0,8,2705.2,2705.2,2710.6,2700.0,2838.0,2303720640.0,40717
2023-05-10 09:33:14,IH2305,IH2305,2709.4,3.0,2438580.0,-2.0,5,2709.4,2709.8,1,2705.2,2705.2,2710.6,2700.0,2841.0,2306159220.0,40715
2023-05-10 09:33:15,IH2305,IH2305,2709.8,5.0,4064760.0,-2.0,5,2709.4,2709.8,2,2705.2,2705.2,2710.6,2700.0,2846.0,2310223980.0,40713
2023-05-10 09:33:15,IH2305,IH2305,2709.8,7.0,5690460.0,-5.0,2,2709.6,2710.0,6,2705.2,2705.2,2710.6,2700.0,2853.0,2315914440.0,40708
2023-05-10 09:33:16,IH2305,IH2305,2710.2,7.0,5691060.0,-3.0,2,2709.8,2710.4,3,2705.2,2705.2,2710.6,2700.0,2860.0,2321605500.0,40705
2023-05-10 09:33:16,IH2305,IH2305,2710.0,5.0,4065000.0,-4.0,4,2709.8,2710.4,3,2705.2,2705.2,2710.6,2700.0,2865.0,2325670500.0,40701
2023-05-10 09:33:17,IH2305,IH2305,2710.6,7.0,5691900.0,-3.0,4,2710.0,2710.6,1,2705.2,2705.2,2710.6,2700.0,2872.0,2331362400.0,40698
2023-05-10 09:33:17,IH2305,IH2305,2710.4,5.0,4065900.0,-3.0,5,2710.2,2710.4,1,2705.2,2705.2,2710.8,2700.0,2877.0,2335428300.0,40695
2023-05-10 09:33:18,IH2305,IH2305,2710.8,4.0,3252840.0,-4.0,1,2710.8,2711.0,2,2705.2,2705.2,2710.8,2700.0,2881.0,2338681140.0,40691
2023-05-10 09:33:18,IH2305,IH2305,2710.8,11.0,8945640.0,-3.0,1,2710.6,2710.8,1,2705.2,2705.2,2710.8,2700.0,2892.0,2347626780.0,40688
2023-05-10 09:33:19,IH2305,IH2305,2711.0,3.0,2439840.0,-2.0,3,2711.0,2711.2,1,2705.2,2705.2,2711.0,2700.0,2895.0,2350066620.0,40686
2023-05-10 09:33:19,IH2305,IH2305,2711.8,9.0,7320840.0,-6.0,2,2711.4,2711.8,1,2705.2,2705.2,2711.8,2700.0,2904.0,2357387460.0,40680
2023-05-10 09:33:20,IH2305,IH2305,2712.0,9.0,7321980.0,-6.0,3,2712.0,2712.2,2,2705.2,2705.2,2712.0,2700.0,2913.0,2364709440.0,40674
2023-05-10 09:33:20,IH2305,IH2305,2712.0,8.0,6508440.0,-6.0,1,2711.4,2712.0,5,2705.2,2705.2,2712.0,2700.0,2921.0,2371217880.0,40668
2023-05-10 09:33:21,IH2305,IH2305,2712.0,8.0,6508740.0,-8.0,3,2711.4,2712.2,6,2705.2,2705.2,2712.0,2700.0,2929.0,2377726620.0,40660
2023-05-10 09:33:21,IH2305,IH2305,2712.2,4.0,3254520.0,-4.0,4,2711.6,2712.2,2,2705.2,2705.2,2712.2,2700.0,2933.0,2380981140.0,40656
2023-05-10 09:33:22,IH2305,IH2305,2712.2,9.0,7322640.0,-8.0,1,2711.6,2712.0,1,2705.2,2705.2,2712.2,2700.0,2942.0,2388303780.0,40648
2023-05-10 09:33:22,IH2305,IH2305,2712.2,2.0,1627320.0,0.0,4,2711.8,2712.2,3,2705.2,2705.2,2712.2,2700.0,2944.0,2389931100.0,40648
2023-05-10 09:33:23,IH2305,IH2305,2712.2,1.0,813660.0,0.0,2,2712.0,2712.2,4,2705.2,2705.2,2712.2,2700.0,2945.0,2390744760.0,40648
2023-05-10 09:33:23,IH2305,IH2305,2711.4,14.0,11390160.0,0.0,3,2711.4,2712.2,3,2705.2,2705.2,2712.4,2700.0,2959.0,2402134920.0,40648
2023-05-10 09:33:24,IH2305,IH2305,2712.2,9.0,7322760.0,-8.0,1,2712.0,2712.4,4,2705.2,2705.2,2712.4,2700.0,2968.0,2409457680.0,40640
2023-05-10 09:33:24,IH2305,IH2305,2712.2,7.0,5695620.0,-4.0,1,2711.8,2712.4,11,2705.2,2705.2,2712.4,2700.0,2975.0,2415153300.0,40636
2023-05-10 09:33:25,IH2305,IH2305,2711.8,6.0,4881780.0,-5.0,8,2711.6,2712.4,11,2705.2,2705.2,2712.4,2700.0,2981.0,2420035080.0,40631
2023-05-10 09:33:25,IH2305,IH2305,2712.0,3.0,2440860.0,-3.0,1,2712.0,2712.2,2,2705.2,2705.2,2712.4,2700.0,2984.0,2422475940.0,40628
2023-05-10 09:33:26,IH2305,IH2305,2712.2,14.0,11390700.0,3.0,1,2711.6,2712.2,2,2705.2,2705.2,2712.4,2700.0,2998.0,2433866640.0,40631
2023-05-10 09:33:26,IH2305,IH2305,2712.2,8.0,6509040.0,-7.0,9,2711.8,2712.2,3,2705.2,2705.2,2712.4,2700.0,3006.0,2440375680.0,40624
2023-05-10 09:33:27,IH2305,IH2305,2712.0,2.0,1627260.0,0.0,5,2712.0,2712.2,3,2705.2,2705.2,2712.4,2700.0,3008.0,2442002940.0,40624
2023-05-10 09:33:27,IH2305,IH2305,2712.4,15.0,12204000.0,-3.0,1,2711.2,2712.4,1,2705.2,2705.2,2712.4,2700.0,3023.0,2454206940.0,40621
2023-05-10 09:33:28,IH2305,IH2305,2712.4,4.0,3254880.0,-2.0,2,2712.0,2712.2,4,2705.2,2705.2,2712.4,2700.0,3027.0,2457461820.0,40619
2023-05-10 09:33:28,IH2305,IH2305,2712.4,7.0,5695740.0,-6.0,11,2712.2,2712.8,2,2705.2,2705.2,2712.4,2700.0,3034.0,2463157560.0,40613
2023-05-10 09:33:29,IH2305,IH2305,2713.0,3.0,2441580.0,-1.0,2,2712.4,2713.0,7,2705.2,2705.2,2713.0,2700.0,3037.0,2465599140.0,40612
2023-05-10 09:33:29,IH2305,IH2305,2712.4,3.0,2441280.0,0.0,1,2712.4,2713.0,7,2705.2,2705.2,2713.0,2700.0,3040.0,2468040420.0,40612
2023-05-10 09:33:30,IH2305,IH2305,2712.4,0.0,0.0,0.0,1,2712.6,2712.8,5,2705.2,2705.2,2713.0,2700.0,3040.0,2468040420.0,40612
2023-05-10 09:33:30,IH2305,IH2305,2712.4,5.0,4068720.0,-4.0,9,2712.2,2712.6,1,2705.2,2705.2,2713.0,2700.0,3045.0,2472109140.0,40608
2023-05-10 09:33:31,IH2305,IH2305,2712.2,14.0,11391420.0,-11.0,4,2711.6,2712.2,4,2705.2,2705.2,2713.0,2700.0,3059.0,2483500560.0,40597
2023-05-10 09:33:31,IH2305,IH2305,2711.8,4.0,3254460.0,-3.0,3,2711.8,2712.2,3,2705.2,2705.2,2713.0,2700.0,3063.0,2486755020.0,40594
2023-05-10 09:33:32,IH2305,IH2305,2712.0,3.0,2440680.0,-3.0,1,2711.8,2712.0,2,2705.2,2705.2,2713.0,2700.0,3066.0,2489195700.0,40591
2023-05-10 09:33:32,IH2305,IH2305,2711.8,1.0,813540.0,-1.0,2,2711.6,2711.8,1,2705.2,2705.2,2713.0,2700.0,3067.0,2490009240.0,40590
2023-05-10 09:33:33,IH2305,IH2305,2712.4,14.0,11390760.0,-12.0,1,2712.0,2712.6,1,2705.2,2705.2,2713.0,2700.0,3081.0,2501400000.0,40578
2023-05-10 09:33:33,IH2305,IH2305,2711.8,5.0,4067880.0,-4.0,1,2711.4,2712.2,4,2705.2,2705.2,2713.0,2700.0,3086.0,2505467880.0,40574
2023-05-10 09:33:34,IH2305,IH2305,2712.0,3.0,2440440.0,-2.0,9,2711.0,2712.0,2,2705.2,2705.2,2713.0,2700.0,3089.0,2507908320.0,40572
2023-05-10 09:33:34,IH2305,IH2305,2712.0,3.0,2440800.0,-1.0,12,2711.2,2712.0,2,2705.2,2705.2,2713.0,2700.0,3092.0,2510349120.0,40571
2023-05-10 09:33:35,IH2305,IH2305,2712.0,0.0,0.0,0.0,1,2711.8,2712.0,2,2705.2,2705.2,2713.0,2700.0,3092.0,2510349120.0,40571
2023-05-10 09:33:35,IH2305,IH2305,2712.0,3.0,2440680.0,0.0,1,2711.4,2712.0,1,2705.2,2705.2,2713.0,2700.0,3095.0,2512789800.0,40571
2023-05-10 09:33:36,IH2305,IH2305,2712.0,0.0,0.0,0.0,1,2711.4,2711.8,1,2705.2,2705.2,2713.0,2700.0,3095.0,2512789800.0,40571
2023-05-10 09:33:36,IH2305,IH2305,2712.0,2.0,1627200.0,1.0,1,2711.4,2712.2,5,2705.2,2705.2,2713.0,2700.0,3097.0,2514417000.0,40572
2023-05-10 09:33:37,IH2305,IH2305,2712.0,1.0,813600.0,-1.0,1,2711.6,2712.0,3,2705.2,2705.2,2713.0,2700.0,3098.0,2515230600.0,40571
2023-05-10 09:33:37,IH2305,IH2305,2711.8,11.0,8950080.0,-8.0,1,2711.8,2712.2,1,2705.2,2705.2,2713.0,2700.0,3109.0,2524180680.0,40563
2023-05-10 09:33:38,IH2305,IH2305,2711.8,4.0,3254160.0,1.0,2,2711.6,2712.2,4,2705.2,2705.2,2713.0,2700.0,3113.0,2527434840.0,40564
2023-05-10 09:33:38,IH2305,IH2305,2711.4,5.0,4067220.0,-4.0,3,2711.2,2711.6,1,2705.2,2705.2,2713.0,2700.0,3118.0,2531502060.0,40560
2023-05-10 09:33:39,IH2305,IH2305,2711.2,1.0,813360.0,-1.0,2,2711.2,2711.6,7,2705.2,2705.2,2713.0,2700.0,3119.0,2532315420.0,40559
2023-05-10 09:33:39,IH2305,IH2305,2711.6,4.0,3253680.0,-1.0,9,2711.0,2711.6,5,2705.2,2705.2,2713.0,2700.0,3123.0,2535569100.0,40558
2023-05-10 09:33:40,IH2305,IH2305,2711.0,2.0,1626660.0,0.0,8,2711.0,2711.2,1,2705.2,2705.2,2713.0,2700.0,3125.0,2537195760.0,40558
2023-05-10 09:33:40,IH2305,IH2305,2711.0,10.0,8132940.0,-8.0,1,2710.6,2711.2,2,2705.2,2705.2,2713.0,2700.0,3135.0,2545328700.0,40550
2023-05-10 09:33:41,IH2305,IH2305,2710.4,4.0,3252540.0,-1.0,9,2710.4,2711.0,4,2705.2,2705.2,2713.0,2700.0,3139.0,2548581240.0,40549
2023-05-10 09:33:41,IH2305,IH2305,2710.8,11.0,8944560.0,-9.0,1,2710.2,2710.8,4,2705.2,2705.2,2713.0,2700.0,3150.0,2557525800.0,40540
2023-05-10 09:33:42,IH2305,IH2305,2710.8,3.0,2439720.0,-1.0,1,2710.2,2710.6,1,2705.2,2705.2,2713.0,2700.0,3153.0,2559965520.0,40539
2023-05-10 09:33:42,IH2305,IH2305,2711.0,10.0,8132460.0,-10.0,1,2710.2,2711.0,4,2705.2,2705.2,2713.0,2700.0,3163.0,2568097980.0,40529
2023-05-10 09:33:43,IH2305,IH2305,2711.0,0.0,0.0,0.0,4,2710.4,2710.6,1,2705.2,2705.2,2713.0,2700.0,3163.0,2568097980.0,40529
2023-05-10 09:33:43,IH2305,IH2305,2710.6,4.0,3252720.0,-1.0,4,2710.6,2711.0,4,2705.2,2705.2,2713.0,2700.0,3167.0,2571350700.0,40528
2023-05-10 09:33:44,IH2305,IH2305,2711.0,2.0,1626600.0,-2.0,2,2710.4,2711.0,2,2705.2,2705.2,2713.0,2700.0,3169.0,2572977300.0,40526
2023-05-10 09:33:44,IH2305,IH2305,2710.6,3.0,2439540.0,-1.0,2,2710.6,2710.8,1,2705.2,2705.2,2713.0,2700.0,3172.0,2575416840.0,40525
2023-05-10 09:33:45,IH2305,IH2305,2710.6,2.0,1626360.0,-2.0,3,2710.4,2710.8,1,2705.2,2705.2,2713.0,2700.0,3174.0,2577043200.0,40523
2023-05-10 09:33:45,IH2305,IH2305,2711.0,4.0,3253140.0,-3.0,1,2711.0,2711.2,3,2705.2,2705.2,2713.0,2700.0,3178.0,2580296340.0,40520
2023-05-10 09:33:46,IH2305,IH2305,2711.0,1.0,813300.0,-1.0,1,2710.6,2711.0,1,2705.2,2705.2,2713.0,2700.0,3179.0,2581109640.0,40519
2023-05-10 09:33:46,IH2305,IH2305,2711.0,1.0,813300.0,1.0,2,2710.8,2711.2,3,2705.2,2705.2,2713.0,2700.0,3180.0,2581922940.0,40520
2023-05-10 09:33:47,IH2305,IH2305,2711.0,0.0,0.0,0.0,2,2710.6,2711.2,3,2705.2,2705.2,2713.0,2700.0,3180.0,2581922940.0,40520
2023-05-10 09:33:47,IH2305,IH2305,2710.8,1.0,813240.0,-1.0,1,2710.8,2711.2,5,2705.2,2705.2,2713.0,2700.0,3181.0,2582736180.0,40519
2023-05-10 09:33:48,IH2305,IH2305,2710.8,1.0,813240.0,0.0,2,2710.8,2711.0,2,2705.2,2705.2,2713.0,2700.0,3182.0,2583549420.0,40519
2023-05-10 09:33:48,IH2305,IH2305,2710.8,1.0,813240.0,-1.0,1,2710.8,2711.0,2,2705.2,2705.2,2713.0,2700.0,3183.0,2584362660.0,40518
2023-05-10 09:33:49,IH2305,IH2305,2710.6,2.0,1626420.0,0.0,1,2710.6,2711.0,3,2705.2,2705.2,2713.0,2700.0,3185.0,2585989080.0,40518
2023-05-10 09:33:49,IH2305,IH2305,2710.6,0.0,0.0,0.0,1,2710.6,2710.8,2,2705.2,2705.2,2713.0,2700.0,3185.0,2585989080.0,40518
2023-05-10 09:33:50,IH2305,IH2305,2710.6,1.0,813180.0,0.0,1,2710.4,2710.8,2,2705.2,2705.2,2713.0,2700.0,3186.0,2586802260.0,40518
2023-05-10 09:33:50,IH2305,IH2305,2710.8,2.0,1626480.0,-2.0,1,2710.4,2711.0,7,2705.2,2705.2,2713.0,2700.0,3188.0,2588428740.0,40516
2023-05-10 09:33:51,IH2305,IH2305,2711.0,6.0,4879680.0,-1.0,2,2710.4,2711.0,2,2705.2,2705.2,2713.0,2700.0,3194.0,2593308420.0,40515
2023-05-10 09:33:51,IH2305,IH2305,2710.8,2.0,1626480.0,0.0,6,2710.6,2711.0,10,2705.2,2705.2,2713.0,2700.0,3196.0,2594934900.0,40515
2023-05-10 09:33:52,IH2305,IH2305,2710.8,0.0,0.0,0.0,3,2710.6,2710.8,1,2705.2,2705.2,2713.0,2700.0,3196.0,2594934900.0,40515
2023-05-10 09:33:52,IH2305,IH2305,2710.6,3.0,2439540.0,-1.0,2,2710.4,2710.8,1,2705.2,2705.2,2713.0,2700.0,3199.0,2597374440.0,40514
2023-05-10 09:33:53,IH2305,IH2305,2710.6,0.0,0.0,0.0,1,2710.4,2710.6,1,2705.2,2705.2,2713.0,2700.0,3199.0,2597374440.0,40514
2023-05-10 09:33:53,IH2305,IH2305,2710.6,9.0,7319340.0,-7.0,7,2710.6,2711.0,1,2705.2,2705.2,2713.0,2700.0,3208.0,2604693780.0,40507
2023-05-10 09:33:54,IH2305,IH2305,2710.8,5.0,4066440.0,0.0,7,2710.6,2711.2,3,2705.2,2705.2,2713.0,2700.0,3213.0,2608760220.0,40507
2023-05-10 09:33:54,IH2305,IH2305,2710.8,0.0,0.0,0.0,7,2710.6,2711.0,3,2705.2,2705.2,2713.0,2700.0,3213.0,2608760220.0,40507
2023-05-10 09:33:55,IH2305,IH2305,2710.4,7.0,5692200.0,3.0,2,2710.0,2710.8,1,2705.2,2705.2,2713.0,2700.0,3220.0,2614452420.0,40510
2023-05-10 09:33:55,IH2305,IH2305,2710.4,0.0,0.0,0.0,2,2710.0,2710.4,3,2705.2,2705.2,2713.0,2700.0,3220.0,2614452420.0,40510
2023-05-10 09:33:56,IH2305,IH2305,2710.0,3.0,2439180.0,-2.0,1,2710.0,2710.2,1,2705.2,2705.2,2713.0,2700.0,3223.0,2616891600.0,40508
2023-05-10 09:33:56,IH2305,IH2305,2710.0,3.0,2439060.0,0.0,3,2709.8,2710.4,1,2705.2,2705.2,2713.0,2700.0,3226.0,2619330660.0,40508
2023-05-10 09:33:57,IH2305,IH2305,2710.6,7.0,5691900.0,-6.0,2,2710.4,2710.8,1,2705.2,2705.2,2713.0,2700.0,3233.0,2625022560.0,40502
2023-05-10 09:33:57,IH2305,IH2305,2710.4,2.0,1626240.0,1.0,1,2710.2,2710.4,1,2705.2,2705.2,2713.0,2700.0,3235.0,2626648800.0,40503
2023-05-10 09:33:58,IH2305,IH2305,2709.8,2.0,1626000.0,0.0,2,2709.8,2710.0,1,2705.2,2705.2,2713.0,2700.0,3237.0,2628274800.0,40503
2023-05-10 09:33:58,IH2305,IH2305,2710.2,2.0,1626060.0,-1.0,1,2710.2,2710.6,4,2705.2,2705.2,2713.0,2700.0,3239.0,2629900860.0,40502
2023-05-10 09:33:59,IH2305,IH2305,2710.0,2.0,1626060.0,0.0,2,2709.8,2710.0,2,2705.2,2705.2,2713.0,2700.0,3241.0,2631526920.0,40502
2023-05-10 09:33:59,IH2305,IH2305,2710.0,4.0,3251880.0,-1.0,1,2710.0,2710.2,1,2705.2,2705.2,2713.0,2700.0,3245.0,2634778800.0,40501
2023-05-10 09:34:00,IH2305,IH2305,2710.0,2.0,1626000.0,-1.0,1,2709.2,2709.8,1,2705.2,2705.2,2713.0,2700.0,3247.0,2636404800.0,40500
2023-05-10 09:34:00,IH2305,IH2305,2709.8,3.0,2438940.0,-2.0,5,2709.8,2710.0,2,2705.2,2705.2,2713.0,2700.0,3250.0,2638843740.0,40498
2023-05-10 09:34:01,IH2305,IH2305,2710.4,10.0,8130600.0,-6.0,1,2710.4,2710.6,6,2705.2,2705.2,2713.0,2700.0,3260.0,2646974340.0,40492
2023-05-10 09:34:01,IH2305,IH2305,2709.8,6.0,4878000.0,-1.0,2,2709.8,2710.2,2,2705.2,2705.2,2713.0,2700.0,3266.0,2651852340.0,40491
2023-05-10 09:34:02,IH2305,IH2305,2709.8,5.0,4064820.0,-4.0,2,2709.8,2710.2,4,2705.2,2705.2,2713.0,2700.0,3271.0,2655917160.0,40487
2023-05-10 09:34:02,IH2305,IH2305,2709.8,5.0,4065000.0,-4.0,1,2709.4,2709.8,4,2705.2,2705.2,2713.0,2700.0,3276.0,2659982160.0,40483
2023-05-10 09:34:03,IH2305,IH2305,2709.8,1.0,812940.0,-1.0,3,2709.2,2709.8,3,2705.2,2705.2,2713.0,2700.0,3277.0,2660795100.0,40482
2023-05-10 09:34:03,IH2305,IH2305,2709.2,1.0,812760.0,-1.0,1,2708.8,2709.8,3,2705.2,2705.2,2713.0,2700.0,3278.0,2661607860.0,40481
2023-05-10 09:34:04,IH2305,IH2305,2709.2,0.0,0.0,0.0,3,2708.8,2709.4,2,2705.2,2705.2,2713.0,2700.0,3278.0,2661607860.0,40481
2023-05-10 09:34:04,IH2305,IH2305,2708.8,4.0,3250620.0,-3.0,1,2709.0,2709.2,1,2705.2,2705.2,2713.0,2700.0,3282.0,2664858480.0,40478
2023-05-10 09:34:05,IH2305,IH2305,2708.8,4.0,3250500.0,1.0,1,2708.4,2708.6,1,2705.2,2705.2,2713.0,2700.0,3286.0,2668108980.0,40479
2023-05-10 09:34:05,IH2305,IH2305,2708.8,8.0,6500520.0,-4.0,1,2708.2,2708.8,1,2705.2,2705.2,2713.0,2700.0,3294.0,2674609500.0,40475
2023-05-10 09:34:06,IH2305,IH2305,2709.0,10.0,8126280.0,-1.0,1,2708.2,2709.0,2,2705.2,2705.2,2713.0,2700.0,3304.0,2682735780.0,40474
2023-05-10 09:34:06,IH2305,IH2305,2709.0,2.0,1625400.0,-2.0,10,2708.4,2709.0,8,2705.2,2705.2,2713.0,2700.0,3306.0,2684361180.0,40472
2023-05-10 09:34:07,IH2305,IH2305,2709.0,5.0,4063500.0,-2.0,8,2708.6,2709.0,2,2705.2,2705.2,2713.0,2700.0,3311.0,2688424680.0,40470
2023-05-10 09:34:07,IH2305,IH2305,2709.2,7.0,5688960.0,-2.0,3,2708.8,2709.4,3,2705.2,2705.2,2713.0,2700.0,3318.0,2694113640.0,40468
2023-05-10 09:34:08,IH2305,IH2305,2708.8,10.0,8127000.0,-3.0,8,2708.6,2709.8,1,2705.2,2705.2,2713.0,2700.0,3328.0,2702240640.0,40465
2023-05-10 09:34:08,IH2305,IH2305,2708.8,0.0,0.0,0.0,3,2708.8,2709.6,3,2705.2,2705.2,2713.0,2700.0,3328.0,2702240640.0,40465
2023-05-10 09:34:09,IH2305,IH2305,2708.8,0.0,0.0,0.0,3,2709.0,2709.4,1,2705.2,2705.2,2713.0,2700.0,3328.0,2702240640.0,40465
2023-05-10 09:34:09,IH2305,IH2305,2709.2,2.0,1625400.0,-1.0,5,2709.0,2709.4,4,2705.2,2705.2,2713.0,2700.0,3330.0,2703866040.0,40464
2023-05-10 09:34:10,IH2305,IH2305,2709.2,1.0,812760.0,-1.0,5,2709.0,2709.4,4,2705.2,2705.2,2713.0,2700.0,3331.0,2704678800.0,40463
2023-05-10 09:34:10,IH2305,IH2305,2709.0,4.0,3250800.0,-3.0,2,2709.0,2709.2,4,2705.2,2705.2,2713.0,2700.0,3335.0,2707929600.0,40460
2023-05-10 09:34:11,IH2305,IH2305,2708.8,5.0,4063320.0,-1.0,2,2708.6,2709.0,6,2705.2,2705.2,2713.0,2700.0,3340.0,2711992920.0,40459
2023-05-10 09:34:11,IH2305,IH2305,2708.8,2.0,1625220.0,-2.0,1,2708.4,2709.0,5,2705.2,2705.2,2713.0,2700.0,3342.0,2713618140.0,40457
2023-05-10 09:34:12,IH2305,IH2305,2708.8,3.0,2437800.0,-3.0,1,2708.8,2709.0,8,2705.2,2705.2,2713.0,2700.0,3345.0,2716055940.0,40454
2023-05-10 09:34:12,IH2305,IH2305,2709.0,11.0,8939340.0,-7.0,2,2708.2,2708.8,1,2705.2,2705.2,2713.0,2700.0,3356.0,2724995280.0,40447
2023-05-10 09:34:13,IH2305,IH2305,2708.6,1.0,812580.0,-1.0,5,2708.4,2708.8,7,2705.2,2705.2,2713.0,2700.0,3357.0,2725807860.0,40446
2023-05-10 09:34:13,IH2305,IH2305,2708.6,0.0,0.0,0.0,1,2708.4,2708.8,6,2705.2,2705.2,2713.0,2700.0,3357.0,2725807860.0,40446
2023-05-10 09:34:14,IH2305,IH2305,2708.2,1.0,812460.0,-1.0,1,2708.2,2708.8,6,2705.2,2705.2,2713.0,2700.0,3358.0,2726620320.0,40445
2023-05-10 09:34:14,IH2305,IH2305,2708.2,0.0,0.0,0.0,2,2708.2,2708.6,3,2705.2,2705.2,2713.0,2700.0,3358.0,2726620320.0,40445
2023-05-10 09:34:15,IH2305,IH2305,2708.0,3.0,2437320.0,-2.0,3,2708.0,2708.4,3,2705.2,2705.2,2713.0,2700.0,3361.0,2729057640.0,40443
2023-05-10 09:34:15,IH2305,IH2305,2708.0,3.0,2437200.0,-3.0,1,2708.2,2708.4,3,2705.2,2705.2,2713.0,2700.0,3364.0,2731494840.0,40440
2023-05-10 09:34:16,IH2305,IH2305,2708.2,4.0,3249600.0,-1.0,3,2707.8,2708.2,1,2705.2,2705.2,2713.0,2700.0,3368.0,2734744440.0,40439
2023-05-10 09:34:16,IH2305,IH2305,2708.2,1.0,812460.0,-1.0,4,2708.0,2708.2,3,2705.2,2705.2,2713.0,2700.0,3369.0,2735556900.0,40438
2023-05-10 09:34:17,IH2305,IH2305,2707.8,9.0,7312020.0,-6.0,1,2707.6,2708.2,1,2705.2,2705.2,2713.0,2700.0,3378.0,2742868920.0,40432
2023-05-10 09:34:17,IH2305,IH2305,2707.8,7.0,5686620.0,-2.0,5,2707.8,2708.6,1,2705.2,2705.2,2713.0,2700.0,3385.0,2748555540.0,40430
2023-05-10 09:34:18,IH2305,IH2305,2707.8,0.0,0.0,0.0,5,2708.0,2708.4,1,2705.2,2705.2,2713.0,2700.0,3385.0,2748555540.0,40430
2023-05-10 09:34:18,IH2305,IH2305,2708.0,2.0,1624800.0,-2.0,3,2707.8,2708.2,1,2705.2,2705.2,2713.0,2700.0,3387.0,2750180340.0,40428
2023-05-10 09:34:19,IH2305,IH2305,2707.8,3.0,2437020.0,1.0,2,2707.6,2708.0,8,2705.2,2705.2,2713.0,2700.0,3390.0,2752617360.0,40429
2023-05-10 09:34:19,IH2305,IH2305,2707.8,3.0,2436960.0,1.0,1,2707.6,2707.8,1,2705.2,2705.2,2713.0,2700.0,3393.0,2755054320.0,40430
2023-05-10 09:34:20,IH2305,IH2305,2707.8,1.0,812340.0,-1.0,1,2707.8,2708.0,10,2705.2,2705.2,2713.0,2700.0,3394.0,2755866660.0,40429
2023-05-10 09:34:20,IH2305,IH2305,2707.4,3.0,2436840.0,-2.0,5,2707.4,2708.0,8,2705.2,2705.2,2713.0,2700.0,3397.0,2758303500.0,40427
2023-05-10 09:34:21,IH2305,IH2305,2707.6,2.0,1624560.0,-1.0,2,2707.6,2707.8,1,2705.2,2705.2,2713.0,2700.0,3399.0,2759928060.0,40426
2023-05-10 09:34:21,IH2305,IH2305,2707.6,1.0,812280.0,0.0,5,2707.4,2707.6,1,2705.2,2705.2,2713.0,2700.0,3400.0,2760740340.0,40426
2023-05-10 09:34:22,IH2305,IH2305,2707.4,5.0,4061400.0,-5.0,4,2707.4,2707.6,3,2705.2,2705.2,2713.0,2700.0,3405.0,2764801740.0,40421
2023-05-10 09:34:22,IH2305,IH2305,2707.4,1.0,812220.0,0.0,3,2707.4,2708.0,5,2705.2,2705.2,2713.0,2700.0,3406.0,2765613960.0,40421
2023-05-10 09:34:23,IH2305,IH2305,2707.4,4.0,3248940.0,-2.0,3,2707.0,2707.6,1,2705.2,2705.2,2713.0,2700.0,3410.0,2768862900.0,40419
2023-05-10 09:34:23,IH2305,IH2305,2707.6,1.0,812280.0,-1.0,1,2707.4,2707.6,3,2705.2,2705.2,2713.0,2700.0,3411.0,2769675180.0,40418
2023-05-10 09:34:24,IH2305,IH2305,2707.2,1.0,812160.0,-1.0,3,2707.2,2707.6,3,2705.2,2705.2,2713.0,2700.0,3412.0,2770487340.0,40417
2023-05-10 09:34:24,IH2305,IH2305,2707.2,2.0,1624320.0,-2.0,3,2707.0,2707.4,1,2705.2,2705.2,2713.0,2700.0,3414.0,2772111660.0,40415
2023-05-10 09:34:25,IH2305,IH2305,2707.6,3.0,2436780.0,-1.0,2,2707.2,2707.6,1,2705.2,2705.2,2713.0,2700.0,3417.0,2774548440.0,40414
2023-05-10 09:34:25,IH2305,IH2305,2707.2,1.0,812160.0,-1.0,1,2707.2,2707.4,2,2705.2,2705.2,2713.0,2700.0,3418.0,2775360600.0,40413
2023-05-10 09:34:26,IH2305,IH2305,2707.2,2.0,1624320.0,-2.0,3,2707.0,2707.2,2,2705.2,2705.2,2713.0,2700.0,3420.0,2776984920.0,40411
2023-05-10 09:34:26,IH2305,IH2305,2707.0,1.0,812100.0,-1.0,3,2707.0,2707.2,3,2705.2,2705.2,2713.0,2700.0,3421.0,2777797020.0,40410
2023-05-10 09:34:27,IH2305,IH2305,2707.0,7.0,5684940.0,-1.0,5,2706.8,2707.0,1,2705.2,2705.2,2713.0,2700.0,3428.0,2783481960.0,40409
2023-05-10 09:34:27,IH2305,IH2305,2706.8,2.0,1624080.0,-2.0,3,2706.8,2707.0,1,2705.2,2705.2,2713.0,2700.0,3430.0,2785106040.0,40407
2023-05-10 09:34:28,IH2305,IH2305,2706.8,3.0,2436120.0,-3.0,2,2706.4,2706.8,5,2705.2,2705.2,2713.0,2700.0,3433.0,2787542160.0,40404
2023-05-10 09:34:28,IH2305,IH2305,2706.8,1.0,812040.0,-1.0,2,2706.4,2706.6,2,2705.2,2705.2,2713.0,2700.0,3434.0,2788354200.0,40403
2023-05-10 09:34:29,IH2305,IH2305,2707.0,11.0,8932140.0,-11.0,1,2707.0,2707.4,3,2705.2,2705.2,2713.0,2700.0,3445.0,2797286340.0,40392
2023-05-10 09:34:29,IH2305,IH2305,2706.2,4.0,3247800.0,2.0,2,2706.2,2707.2,4,2705.2,2705.2,2713.0,2700.0,3449.0,2800534140.0,40394
2023-05-10 09:34:30,IH2305,IH2305,2706.4,2.0,1623780.0,-2.0,2,2706.6,2706.8,1,2705.2,2705.2,2713.0,2700.0,3451.0,2802157920.0,40392
2023-05-10 09:34:30,IH2305,IH2305,2706.6,3.0,2436000.0,-2.0,1,2706.4,2706.8,3,2705.2,2705.2,2713.0,2700.0,3454.0,2804593920.0,40390
2023-05-10 09:34:31,IH2305,IH2305,2706.4,1.0,811920.0,0.0,2,2706.2,2706.6,3,2705.2,2705.2,2713.0,2700.0,3455.0,2805405840.0,40390
2023-05-10 09:34:32,IH2305,IH2305,2706.4,0.0,0.0,0.0,2,2706.4,2706.6,3,2705.2,2705.2,2713.0,2700.0,3455.0,2805405840.0,40390
2023-05-10 09:34:32,IH2305,IH2305,2706.4,2.0,1623840.0,-1.0,1,2706.4,2706.6,2,2705.2,2705.2,2713.0,2700.0,3457.0,2807029680.0,40389
2023-05-10 09:34:33,IH2305,IH2305,2706.4,1.0,811920.0,1.0,2,2706.2,2706.4,4,2705.2,2705.2,2713.0,2700.0,3458.0,2807841600.0,40390
2023-05-10 09:34:33,IH2305,IH2305,2706.4,4.0,3247620.0,-4.0,1,2706.2,2706.4,4,2705.2,2705.2,2713.0,2700.0,3462.0,2811089220.0,40386
2023-05-10 09:34:34,IH2305,IH2305,2706.4,3.0,2435760.0,-1.0,1,2706.2,2706.4,1,2705.2,2705.2,2713.0,2700.0,3465.0,2813524980.0,40385
2023-05-10 09:34:34,IH2305,IH2305,2706.2,3.0,2435760.0,-1.0,1,2706.0,2706.4,2,2705.2,2705.2,2713.0,2700.0,3468.0,2815960740.0,40384
2023-05-10 09:34:35,IH2305,IH2305,2706.2,1.0,811860.0,0.0,1,2706.0,2706.4,3,2705.2,2705.2,2713.0,2700.0,3469.0,2816772600.0,40384
2023-05-10 09:34:35,IH2305,IH2305,2706.4,3.0,2435760.0,0.0,1,2706.0,2706.6,3,2705.2,2705.2,2713.0,2700.0,3472.0,2819208360.0,40384
2023-05-10 09:34:36,IH2305,IH2305,2706.2,4.0,3247500.0,-2.0,2,2706.2,2706.4,3,2705.2,2705.2,2713.0,2700.0,3476.0,2822455860.0,40382
2023-05-10 09:34:36,IH2305,IH2305,2706.2,5.0,4059480.0,3.0,1,2706.4,2706.6,2,2705.2,2705.2,2713.0,2700.0,3481.0,2826515340.0,40385
2023-05-10 09:34:37,IH2305,IH2305,2706.4,9.0,7307640.0,1.0,1,2706.4,2707.0,1,2705.2,2705.2,2713.0,2700.0,3490.0,2833822980.0,40386
2023-05-10 09:34:37,IH2305,IH2305,2707.2,14.0,11368320.0,-8.0,1,2706.0,2707.2,1,2705.2,2705.2,2713.0,2700.0,3504.0,2845191300.0,40378
2023-05-10 09:34:38,IH2305,IH2305,2706.4,4.0,3247680.0,-4.0,1,2706.4,2706.8,1,2705.2,2705.2,2713.0,2700.0,3508.0,2848438980.0,40374
2023-05-10 09:34:38,IH2305,IH2305,2706.2,6.0,4871580.0,1.0,5,2706.2,2707.0,6,2705.2,2705.2,2713.0,2700.0,3514.0,2853310560.0,40375
2023-05-10 09:34:39,IH2305,IH2305,2706.8,3.0,2436000.0,1.0,5,2706.2,2706.8,1,2705.2,2705.2,2713.0,2700.0,3517.0,2855746560.0,40376
2023-05-10 09:34:39,IH2305,IH2305,2706.2,3.0,2435940.0,-3.0,1,2706.8,2707.0,6,2705.2,2705.2,2713.0,2700.0,3520.0,2858182500.0,40373
2023-05-10 09:34:40,IH2305,IH2305,2706.8,3.0,2436240.0,0.0,1,2706.4,2707.0,5,2705.2,2705.2,2713.0,2700.0,3523.0,2860618740.0,40373
2023-05-10 09:34:40,IH2305,IH2305,2707.0,6.0,4872600.0,-3.0,2,2706.8,2707.0,3,2705.2,2705.2,2713.0,2700.0,3529.0,2865491340.0,40370
2023-05-10 09:34:41,IH2305,IH2305,2706.8,4.0,3248340.0,-1.0,1,2706.4,2706.8,2,2705.2,2705.2,2713.0,2700.0,3533.0,2868739680.0,40369
2023-05-10 09:34:41,IH2305,IH2305,2707.2,7.0,5684880.0,-4.0,2,2707.2,2707.8,1,2705.2,2705.2,2713.0,2700.0,3540.0,2874424560.0,40365
2023-05-10 09:34:42,IH2305,IH2305,2707.4,2.0,1624560.0,-1.0,3,2707.2,2707.6,5,2705.2,2705.2,2713.0,2700.0,3542.0,2876049120.0,40364
2023-05-10 09:34:42,IH2305,IH2305,2707.4,3.0,2436540.0,-1.0,1,2707.2,2707.4,1,2705.2,2705.2,2713.0,2700.0,3545.0,2878485660.0,40363
2023-05-10 09:34:43,IH2305,IH2305,2707.0,3.0,2436360.0,1.0,1,2706.8,2707.2,6,2705.2,2705.2,2713.0,2700.0,3548.0,2880922020.0,40364
2023-05-10 09:34:43,IH2305,IH2305,2707.2,2.0,1624260.0,-2.0,4,2707.0,2707.2,5,2705.2,2705.2,2713.0,2700.0,3550.0,2882546280.0,40362
2023-05-10 09:34:44,IH2305,IH2305,2707.0,4.0,3248400.0,0.0,1,2706.4,2707.2,3,2705.2,2705.2,2713.0,2700.0,3554.0,2885794680.0,40362
2023-05-10 09:34:44,IH2305,IH2305,2707.0,0.0,0.0,0.0,4,2706.6,2707.0,14,2705.2,2705.2,2713.0,2700.0,3554.0,2885794680.0,40362
2023-05-10 09:34:45,IH2305,IH2305,2706.2,4.0,3247620.0,-1.0,5,2706.0,2706.6,2,2705.2,2705.2,2713.0,2700.0,3558.0,2889042300.0,40361
2023-05-10 09:34:45,IH2305,IH2305,2706.2,0.0,0.0,0.0,1,2706.2,2706.4,1,2705.2,2705.2,2713.0,2700.0,3558.0,2889042300.0,40361
2023-05-10 09:34:46,IH2305,IH2305,2706.4,1.0,811920.0,0.0,1,2706.2,2706.6,3,2705.2,2705.2,2713.0,2700.0,3559.0,2889854220.0,40361
2023-05-10 09:34:46,IH2305,IH2305,2706.6,3.0,2435940.0,0.0,1,2706.4,2706.8,4,2705.2,2705.2,2713.0,2700.0,3562.0,2892290160.0,40361
2023-05-10 09:34:47,IH2305,IH2305,2706.6,1.0,811980.0,0.0,1,2706.4,2706.6,3,2705.2,2705.2,2713.0,2700.0,3563.0,2893102140.0,40361
2023-05-10 09:34:47,IH2305,IH2305,2706.6,5.0,4059900.0,-1.0,1,2706.4,2706.6,3,2705.2,2705.2,2713.0,2700.0,3568.0,2897162040.0,40360
2023-05-10 09:34:48,IH2305,IH2305,2706.6,7.0,5683920.0,2.0,7,2706.6,2707.0,10,2705.2,2705.2,2713.0,2700.0,3575.0,2902845960.0,40362
2023-05-10 09:34:48,IH2305,IH2305,2707.0,5.0,4060500.0,-4.0,4,2706.6,2707.0,12,2705.2,2705.2,2713.0,2700.0,3580.0,2906906460.0,40358
2023-05-10 09:34:49,IH2305,IH2305,2707.0,12.0,9745200.0,-1.0,3,2706.8,2707.2,1,2705.2,2705.2,2713.0,2700.0,3592.0,2916651660.0,40357
2023-05-10 09:34:49,IH2305,IH2305,2707.0,1.0,812100.0,0.0,3,2706.6,2707.0,2,2705.2,2705.2,2713.0,2700.0,3593.0,2917463760.0,40357
2023-05-10 09:34:50,IH2305,IH2305,2706.8,5.0,4060440.0,2.0,1,2706.8,2707.6,3,2705.2,2705.2,2713.0,2700.0,3598.0,2921524200.0,40359
2023-05-10 09:34:50,IH2305,IH2305,2706.8,0.0,0.0,0.0,3,2707.0,2707.4,4,2705.2,2705.2,2713.0,2700.0,3598.0,2921524200.0,40359
2023-05-10 09:34:51,IH2305,IH2305,2707.6,1.0,812280.0,-1.0,3,2707.0,2707.6,5,2705.2,2705.2,2713.0,2700.0,3599.0,2922336480.0,40358
2023-05-10 09:34:51,IH2305,IH2305,2708.0,8.0,6498540.0,1.0,2,2707.4,2707.6,3,2705.2,2705.2,2713.0,2700.0,3607.0,2928835020.0,40359
2023-05-10 09:34:52,IH2305,IH2305,2707.6,5.0,4061400.0,-1.0,1,2707.6,2708.0,5,2705.2,2705.2,2713.0,2700.0,3612.0,2932896420.0,40358
2023-05-10 09:34:52,IH2305,IH2305,2707.6,4.0,3249180.0,0.0,3,2707.2,2708.0,5,2705.2,2705.2,2713.0,2700.0,3616.0,2936145600.0,40358
2023-05-10 09:34:53,IH2305,IH2305,2707.2,5.0,4060920.0,-3.0,1,2707.0,2707.8,7,2705.2,2705.2,2713.0,2700.0,3621.0,2940206520.0,40355
2023-05-10 09:34:53,IH2305,IH2305,2707.2,6.0,4872720.0,0.0,2,2706.8,2707.4,1,2705.2,2705.2,2713.0,2700.0,3627.0,2945079240.0,40355
2023-05-10 09:34:54,IH2305,IH2305,2707.0,2.0,1624260.0,-2.0,2,2706.8,2707.4,5,2705.2,2705.2,2713.0,2700.0,3629.0,2946703500.0,40353
2023-05-10 09:34:54,IH2305,IH2305,2707.4,4.0,3248640.0,-2.0,1,2706.8,2707.4,3,2705.2,2705.2,2713.0,2700.0,3633.0,2949952140.0,40351
2023-05-10 09:34:55,IH2305,IH2305,2707.2,1.0,812160.0,0.0,2,2707.0,2707.2,2,2705.2,2705.2,2713.0,2700.0,3634.0,2950764300.0,40351
2023-05-10 09:34:55,IH2305,IH2305,2707.4,5.0,4060920.0,-2.0,1,2706.8,2707.4,1,2705.2,2705.2,2713.0,2700.0,3639.0,2954825220.0,40349
2023-05-10 09:34:56,IH2305,IH2305,2707.4,4.0,3248880.0,2.0,8,2707.4,2707.6,4,2705.2,2705.2,2713.0,2700.0,3643.0,2958074100.0,40351
2023-05-10 09:34:56,IH2305,IH2305,2707.4,5.0,4061160.0,-2.0,4,2707.4,2708.0,2,2705.2,2705.2,2713.0,2700.0,3648.0,2962135260.0,40349
2023-05-10 09:34:57,IH2305,IH2305,2707.8,2.0,1624560.0,-1.0,3,2707.4,2707.8,10,2705.2,2705.2,2713.0,2700.0,3650.0,2963759820.0,40348
2023-05-10 09:34:57,IH2305,IH2305,2707.4,3.0,2436720.0,-2.0,1,2707.4,2707.6,1,2705.2,2705.2,2713.0,2700.0,3653.0,2966196540.0,40346
2023-05-10 09:34:58,IH2305,IH2305,2707.4,1.0,812220.0,-1.0,1,2707.0,2707.4,1,2705.2,2705.2,2713.0,2700.0,3654.0,2967008760.0,40345
2023-05-10 09:34:58,IH2305,IH2305,2707.4,1.0,812220.0,-1.0,1,2707.2,2707.6,3,2705.2,2705.2,2713.0,2700.0,3655.0,2967820980.0,40344
2023-05-10 09:34:59,IH2305,IH2305,2707.4,0.0,0.0,0.0,1,2707.2,2707.4,2,2705.2,2705.2,2713.0,2700.0,3655.0,2967820980.0,40344
2023-05-10 09:34:59,IH2305,IH2305,2707.4,3.0,2436600.0,-2.0,1,2706.8,2707.6,3,2705.2,2705.2,2713.0,2700.0,3658.0,2970257580.0,40342
2023-05-10 09:35:00,IH2305,IH2305,2707.4,0.0,0.0,0.0,3,2707.0,2707.2,1,2705.2,2705.2,2713.0,2700.0,3658.0,2970257580.0,40342
2023-05-10 09:35:00,IH2305,IH2305,2707.2,6.0,4873140.0,-3.0,3,2707.2,2707.4,1,2705.2,2705.2,2713.0,2700.0,3664.0,2975130720.0,40339
2023-05-10 09:35:01,IH2305,IH2305,2706.4,8.0,6496560.0,-5.0,4,2706.4,2706.8,2,2705.2,2705.2,2713.0,2700.0,3672.0,2981627280.0,40334
2023-05-10 09:35:01,IH2305,IH2305,2706.6,8.0,6495660.0,-7.0,2,2706.0,2706.6,1,2705.2,2705.2,2713.0,2700.0,3680.0,2988122940.0,40327
2023-05-10 09:35:02,IH2305,IH2305,2706.0,9.0,7305780.0,-5.0,1,2705.4,2706.0,4,2705.2,2705.2,2713.0,2700.0,3689.0,2995428720.0,40322
2023-05-10 09:35:02,IH2305,IH2305,2705.0,10.0,8115900.0,-9.0,11,2705.0,2705.4,3,2705.2,2705.2,2713.0,2700.0,3699.0,3003544620.0,40313
2023-05-10 09:35:03,IH2305,IH2305,2705.4,4.0,3246180.0,-4.0,9,2705.0,2705.4,1,2705.2,2705.2,2713.0,2700.0,3703.0,3006790800.0,40309
2023-05-10 09:35:03,IH2305,IH2305,2705.0,7.0,5680500.0,-7.0,2,2705.0,2705.4,2,2705.2,2705.2,2713.0,2700.0,3710.0,3012471300.0,40302
2023-05-10 09:35:04,IH2305,IH2305,2705.2,4.0,3246060.0,0.0,3,2704.6,2705.0,1,2705.2,2705.2,2713.0,2700.0,3714.0,3015717360.0,40302
2023-05-10 09:35:04,IH2305,IH2305,2705.6,6.0,4869600.0,-4.0,1,2705.2,2705.8,3,2705.2,2705.2,2713.0,2700.0,3720.0,3020586960.0,40298
2023-05-10 09:35:05,IH2305,IH2305,2705.2,2.0,1623120.0,0.0,2,2704.8,2705.2,8,2705.2,2705.2,2713.0,2700.0,3722.0,3022210080.0,40298
2023-05-10 09:35:05,IH2305,IH2305,2705.0,4.0,3245880.0,-1.0,3,2704.6,2705.0,6,2705.2,2705.2,2713.0,2700.0,3726.0,3025455960.0,40297
2023-05-10 09:35:06,IH2305,IH2305,2704.6,7.0,5679600.0,-3.0,1,2704.4,2704.8,2,2705.2,2705.2,2713.0,2700.0,3733.0,3031135560.0,40294
2023-05-10 09:35:06,IH2305,IH2305,2704.8,7.0,5679780.0,-6.0,1,2704.2,2704.8,2,2705.2,2705.2,2713.0,2700.0,3740.0,3036815340.0,40288
2023-05-10 09:35:07,IH2305,IH2305,2705.2,12.0,9738000.0,-7.0,2,2704.8,2705.6,1,2705.2,2705.2,2713.0,2700.0,3752.0,3046553340.0,40281
2023-05-10 09:35:07,IH2305,IH2305,2705.0,5.0,4057620.0,0.0,1,2705.0,2705.6,3,2705.2,2705.2,2713.0,2700.0,3757.0,3050610960.0,40281
2023-05-10 09:35:08,IH2305,IH2305,2705.0,1.0,811500.0,0.0,2,2705.0,2705.6,6,2705.2,2705.2,2713.0,2700.0,3758.0,3051422460.0,40281
2023-05-10 09:35:08,IH2305,IH2305,2705.4,3.0,2434740.0,-1.0,2,2704.8,2705.4,4,2705.2,2705.2,2713.0,2700.0,3761.0,3053857200.0,40280
2023-05-10 09:35:09,IH2305,IH2305,2705.2,1.0,811560.0,0.0,1,2705.0,2705.4,4,2705.2,2705.2,2713.0,2700.0,3762.0,3054668760.0,40280
2023-05-10 09:35:09,IH2305,IH2305,2705.0,2.0,1623000.0,-2.0,3,2704.8,2705.4,1,2705.2,2705.2,2713.0,2700.0,3764.0,3056291760.0,40278
2023-05-10 09:35:10,IH2305,IH2305,2705.0,3.0,2434620.0,-1.0,4,2704.8,2705.4,2,2705.2,2705.2,2713.0,2700.0,3767.0,3058726380.0,40277
2023-05-10 09:35:10,IH2305,IH2305,2705.4,2.0,1623240.0,0.0,1,2705.4,2705.6,7,2705.2,2705.2,2713.0,2700.0,3769.0,3060349620.0,40277
2023-05-10 09:35:11,IH2305,IH2305,2705.4,10.0,8116620.0,-4.0,7,2705.0,2705.6,3,2705.2,2705.2,2713.0,2700.0,3779.0,3068466240.0,40273
2023-05-10 09:35:11,IH2305,IH2305,2705.4,0.0,0.0,0.0,4,2705.4,2705.6,3,2705.2,2705.2,2713.0,2700.0,3779.0,3068466240.0,40273
2023-05-10 09:35:12,IH2305,IH2305,2705.4,4.0,3246660.0,0.0,2,2705.4,2705.8,1,2705.2,2705.2,2713.0,2700.0,3783.0,3071712900.0,40273
2023-05-10 09:35:12,IH2305,IH2305,2705.4,1.0,811620.0,1.0,1,2705.4,2705.6,3,2705.2,2705.2,2713.0,2700.0,3784.0,3072524520.0,40274
2023-05-10 09:35:13,IH2305,IH2305,2705.4,1.0,811620.0,0.0,1,2705.4,2705.6,3,2705.2,2705.2,2713.0,2700.0,3785.0,3073336140.0,40274
2023-05-10 09:35:13,IH2305,IH2305,2705.4,1.0,811620.0,1.0,4,2705.0,2705.6,3,2705.2,2705.2,2713.0,2700.0,3786.0,3074147760.0,40275
2023-05-10 09:35:14,IH2305,IH2305,2705.6,9.0,7305120.0,-3.0,11,2705.6,2705.8,1,2705.2,2705.2,2713.0,2700.0,3795.0,3081452880.0,40272
2023-05-10 09:35:14,IH2305,IH2305,2705.6,14.0,11363760.0,-10.0,1,2705.2,2706.4,1,2705.2,2705.2,2713.0,2700.0,3809.0,3092816640.0,40262
2023-05-10 09:35:15,IH2305,IH2305,2705.2,3.0,2434920.0,1.0,3,2705.2,2706.0,1,2705.2,2705.2,2713.0,2700.0,3812.0,3095251560.0,40263
2023-05-10 09:35:15,IH2305,IH2305,2705.2,3.0,2434680.0,-2.0,1,2705.0,2705.8,4,2705.2,2705.2,2713.0,2700.0,3815.0,3097686240.0,40261
2023-05-10 09:35:16,IH2305,IH2305,2704.8,4.0,3245820.0,-2.0,2,2704.8,2705.0,3,2705.2,2705.2,2713.0,2700.0,3819.0,3100932060.0,40259
2023-05-10 09:35:16,IH2305,IH2305,2705.0,13.0,10548480.0,-3.0,3,2704.4,2705.2,1,2705.2,2705.2,2713.0,2700.0,3832.0,3111480540.0,40256
2023-05-10 09:35:17,IH2305,IH2305,2705.0,5.0,4057020.0,-1.0,6,2704.0,2705.0,8,2705.2,2705.2,2713.0,2700.0,3837.0,3115537560.0,40255
2023-05-10 09:35:17,IH2305,IH2305,2704.2,2.0,1622520.0,-2.0,1,2704.2,2704.8,2,2705.2,2705.2,2713.0,2700.0,3839.0,3117160080.0,40253
2023-05-10 09:35:18,IH2305,IH2305,2704.0,1.0,811200.0,1.0,5,2704.0,2704.6,2,2705.2,2705.2,2713.0,2700.0,3840.0,3117971280.0,40254
2023-05-10 09:35:18,IH2305,IH2305,2704.4,3.0,2433720.0,-1.0,2,2704.2,2704.6,2,2705.2,2705.2,2713.0,2700.0,3843.0,3120405000.0,40253
2023-05-10 09:35:19,IH2305,IH2305,2704.0,3.0,2433720.0,-2.0,1,2704.4,2704.6,3,2705.2,2705.2,2713.0,2700.0,3846.0,3122838720.0,40251
2023-05-10 09:35:19,IH2305,IH2305,2704.0,3.0,2433720.0,-2.0,2,2704.0,2704.4,2,2705.2,2705.2,2713.0,2700.0,3849.0,3125272440.0,40249
2023-05-10 09:35:20,IH2305,IH2305,2704.2,5.0,4055940.0,0.0,3,2703.8,2704.2,4,2705.2,2705.2,2713.0,2700.0,3854.0,3129328380.0,40249
2023-05-10 09:35:20,IH2305,IH2305,2704.2,2.0,1622400.0,-1.0,2,2704.0,2704.2,3,2705.2,2705.2,2713.0,2700.0,3856.0,3130950780.0,40248
2023-05-10 09:35:21,IH2305,IH2305,2704.0,1.0,811200.0,0.0,2,2704.0,2704.2,3,2705.2,2705.2,2713.0,2700.0,3857.0,3131761980.0,40248
2023-05-10 09:35:21,IH2305,IH2305,2703.8,4.0,3244800.0,-3.0,2,2703.8,2704.2,1,2705.2,2705.2,2713.0,2700.0,3861.0,3135006780.0,40245
2023-05-10 09:35:22,IH2305,IH2305,2703.8,1.0,811140.0,0.0,2,2703.8,2704.2,1,2705.2,2705.2,2713.0,2700.0,3862.0,3135817920.0,40245
2023-05-10 09:35:22,IH2305,IH2305,2703.8,3.0,2433540.0,-2.0,3,2703.4,2704.4,1,2705.2,2705.2,2713.0,2700.0,3865.0,3138251460.0,40243
2023-05-10 09:35:23,IH2305,IH2305,2703.6,5.0,4055580.0,-4.0,10,2703.6,2704.2,2,2705.2,2705.2,2713.0,2700.0,3870.0,3142307040.0,40239
2023-05-10 09:35:23,IH2305,IH2305,2703.6,1.0,811080.0,0.0,3,2703.8,2704.2,2,2705.2,2705.2,2713.0,2700.0,3871.0,3143118120.0,40239
2023-05-10 09:35:24,IH2305,IH2305,2703.6,7.0,5677980.0,-6.0,7,2703.6,2704.2,3,2705.2,2705.2,2713.0,2700.0,3878.0,3148796100.0,40233
2023-05-10 09:35:24,IH2305,IH2305,2704.0,6.0,4866840.0,-3.0,13,2703.4,2704.2,3,2705.2,2705.2,2713.0,2700.0,3884.0,3153662940.0,40230
2023-05-10 09:35:25,IH2305,IH2305,2703.6,4.0,3244320.0,-3.0,7,2703.6,2704.0,2,2705.2,2705.2,2713.0,2700.0,3888.0,3156907260.0,40227
2023-05-10 09:35:25,IH2305,IH2305,2704.6,9.0,7301340.0,-3.0,7,2703.6,2704.0,1,2705.2,2705.2,2713.0,2700.0,3897.0,3164208600.0,40224
2023-05-10 09:35:26,IH2305,IH2305,2703.8,6.0,4867140.0,0.0,3,2703.8,2704.0,1,2705.2,2705.2,2713.0,2700.0,3903.0,3169075740.0,40224
2023-05-10 09:35:26,IH2305,IH2305,2703.8,5.0,4056000.0,1.0,3,2704.0,2704.2,2,2705.2,2705.2,2713.0,2700.0,3908.0,3173131740.0,40225
2023-05-10 09:35:27,IH2305,IH2305,2703.8,1.0,811140.0,0.0,3,2704.0,2704.6,3,2705.2,2705.2,2713.0,2700.0,3909.0,3173942880.0,40225
2023-05-10 09:35:27,IH2305,IH2305,2704.0,2.0,1622460.0,0.0,2,2704.0,2704.2,1,2705.2,2705.2,2713.0,2700.0,3911.0,3175565340.0,40225
2023-05-10 09:35:28,IH2305,IH2305,2703.8,3.0,2433540.0,-2.0,1,2703.6,2704.0,6,2705.2,2705.2,2713.0,2700.0,3914.0,3177998880.0,40223
2023-05-10 09:35:28,IH2305,IH2305,2703.6,2.0,1622160.0,-1.0,1,2703.6,2704.0,4,2705.2,2705.2,2713.0,2700.0,3916.0,3179621040.0,40222
2023-05-10 09:35:29,IH2305,IH2305,2703.6,2.0,1622220.0,0.0,1,2703.6,2703.8,1,2705.2,2705.2,2713.0,2700.0,3918.0,3181243260.0,40222
2023-05-10 09:35:29,IH2305,IH2305,2703.6,3.0,2433300.0,-2.0,1,2703.6,2704.0,4,2705.2,2705.2,2713.0,2700.0,3921.0,3183676560.0,40220
2023-05-10 09:35:30,IH2305,IH2305,2703.6,5.0,4055760.0,-4.0,3,2703.4,2703.8,5,2705.2,2705.2,2713.0,2700.0,3926.0,3187732320.0,40216
2023-05-10 09:35:30,IH2305,IH2305,2703.4,5.0,4055340.0,1.0,2,2703.2,2703.4,1,2705.2,2705.2,2713.0,2700.0,3931.0,3191787660.0,40217
2023-05-10 09:35:31,IH2305,IH2305,2703.4,2.0,1622040.0,0.0,6,2703.4,2703.8,5,2705.2,2705.2,2713.0,2700.0,3933.0,3193409700.0,40217
2023-05-10 09:35:31,IH2305,IH2305,2703.4,1.0,811020.0,0.0,3,2703.4,2703.6,2,2705.2,2705.2,2713.0,2700.0,3934.0,3194220720.0,40217
2023-05-10 09:35:32,IH2305,IH2305,2703.4,3.0,2433060.0,-2.0,1,2703.4,2703.8,5,2705.2,2705.2,2713.0,2700.0,3937.0,3196653780.0,40215
2023-05-10 09:35:32,IH2305,IH2305,2703.4,3.0,2433060.0,-2.0,3,2703.6,2703.8,5,2705.2,2705.2,2713.0,2700.0,3940.0,3199086840.0,40213
2023-05-10 09:35:33,IH2305,IH2305,2703.8,6.0,4866360.0,-3.0,2,2703.6,2703.8,3,2705.2,2705.2,2713.0,2700.0,3946.0,3203953200.0,40210
2023-05-10 09:35:33,IH2305,IH2305,2703.6,1.0,811080.0,0.0,1,2703.6,2703.8,4,2705.2,2705.2,2713.0,2700.0,3947.0,3204764280.0,40210
2023-05-10 09:35:34,IH2305,IH2305,2703.8,6.0,4866840.0,-2.0,3,2703.8,2704.0,2,2705.2,2705.2,2713.0,2700.0,3953.0,3209631120.0,40208
2023-05-10 09:35:34,IH2305,IH2305,2703.8,4.0,3244560.0,-2.0,2,2703.4,2703.6,1,2705.2,2705.2,2713.0,2700.0,3957.0,3212875680.0,40206
2023-05-10 09:35:35,IH2305,IH2305,2703.6,10.0,8111160.0,0.0,8,2703.6,2704.4,2,2705.2,2705.2,2713.0,2700.0,3967.0,3220986840.0,40206
2023-05-10 09:35:35,IH2305,IH2305,2703.6,12.0,9733980.0,-3.0,4,2703.8,2704.2,2,2705.2,2705.2,2713.0,2700.0,3979.0,3230720820.0,40203
2023-05-10 09:35:36,IH2305,IH2305,2703.6,2.0,1622160.0,0.0,1,2703.6,2704.0,4,2705.2,2705.2,2713.0,2700.0,3981.0,3232342980.0,40203
2023-05-10 09:35:36,IH2305,IH2305,2703.6,0.0,0.0,0.0,1,2703.6,2703.8,1,2705.2,2705.2,2713.0,2700.0,3981.0,3232342980.0,40203
2023-05-10 09:35:37,IH2305,IH2305,2703.6,2.0,1622220.0,-1.0,1,2703.6,2703.8,1,2705.2,2705.2,2713.0,2700.0,3983.0,3233965200.0,40202
2023-05-10 09:35:37,IH2305,IH2305,2703.6,3.0,2433420.0,-1.0,1,2703.6,2704.0,4,2705.2,2705.2,2713.0,2700.0,3986.0,3236398620.0,40201
2023-05-10 09:35:38,IH2305,IH2305,2703.8,5.0,4055940.0,-2.0,1,2703.6,2704.2,1,2705.2,2705.2,2713.0,2700.0,3991.0,3240454560.0,40199
2023-05-10 09:35:38,IH2305,IH2305,2703.6,3.0,2433360.0,-1.0,4,2703.4,2704.0,8,2705.2,2705.2,2713.0,2700.0,3994.0,3242887920.0,40198
2023-05-10 09:35:39,IH2305,IH2305,2703.4,3.0,2433300.0,-1.0,1,2703.8,2704.0,6,2705.2,2705.2,2713.0,2700.0,3997.0,3245321220.0,40197
2023-05-10 09:35:39,IH2305,IH2305,2703.8,1.0,811140.0,-1.0,1,2703.8,2704.0,5,2705.2,2705.2,2713.0,2700.0,3998.0,3246132360.0,40196
2023-05-10 09:35:40,IH2305,IH2305,2703.8,2.0,1622340.0,1.0,2,2703.4,2704.0,3,2705.2,2705.2,2713.0,2700.0,4000.0,3247754700.0,40197
2023-05-10 09:35:40,IH2305,IH2305,2703.6,3.0,2433240.0,-3.0,2,2703.6,2704.0,3,2705.2,2705.2,2713.0,2700.0,4003.0,3250187940.0,40194
2023-05-10 09:35:41,IH2305,IH2305,2704.0,2.0,1622280.0,0.0,2,2703.6,2704.0,2,2705.2,2705.2,2713.0,2700.0,4005.0,3251810220.0,40194
2023-05-10 09:35:41,IH2305,IH2305,2704.0,2.0,1622400.0,0.0,3,2703.6,2704.0,5,2705.2,2705.2,2713.0,2700.0,4007.0,3253432620.0,40194
2023-05-10 09:35:42,IH2305,IH2305,2703.6,5.0,4055640.0,0.0,1,2703.6,2703.8,6,2705.2,2705.2,2713.0,2700.0,4012.0,3257488260.0,40194
2023-05-10 09:35:42,IH2305,IH2305,2703.4,3.0,2433120.0,1.0,2,2703.2,2703.6,5,2705.2,2705.2,2713.0,2700.0,4015.0,3259921380.0,40195
2023-05-10 09:35:43,IH2305,IH2305,2703.4,6.0,4865640.0,-5.0,3,2703.4,2703.6,4,2705.2,2705.2,2713.0,2700.0,4021.0,3264787020.0,40190
2023-05-10 09:35:43,IH2305,IH2305,2703.0,8.0,6488280.0,-2.0,1,2703.0,2703.2,1,2705.2,2705.2,2713.0,2700.0,4029.0,3271275300.0,40188
2023-05-10 09:35:44,IH2305,IH2305,2703.2,3.0,2432880.0,1.0,6,2703.2,2704.0,1,2705.2,2705.2,2713.0,2700.0,4032.0,3273708180.0,40189
2023-05-10 09:35:44,IH2305,IH2305,2703.2,5.0,4055280.0,0.0,1,2703.6,2703.8,1,2705.2,2705.2,2713.0,2700.0,4037.0,3277763460.0,40189
2023-05-10 09:35:45,IH2305,IH2305,2703.6,2.0,1622160.0,0.0,1,2703.4,2703.6,1,2705.2,2705.2,2713.0,2700.0,4039.0,3279385620.0,40189
2023-05-10 09:35:45,IH2305,IH2305,2703.4,1.0,811020.0,-1.0,3,2703.2,2703.8,2,2705.2,2705.2,2713.0,2700.0,4040.0,3280196640.0,40188
2023-05-10 09:35:46,IH2305,IH2305,2703.6,1.0,811080.0,0.0,1,2703.4,2703.6,5,2705.2,2705.2,2713.0,2700.0,4041.0,3281007720.0,40188
2023-05-10 09:35:46,IH2305,IH2305,2703.8,17.0,13790040.0,-4.0,12,2703.6,2704.6,1,2705.2,2705.2,2713.0,2700.0,4058.0,3294797760.0,40184
2023-05-10 09:35:47,IH2305,IH2305,2704.2,6.0,4867980.0,-4.0,2,2704.2,2704.6,6,2705.2,2705.2,2713.0,2700.0,4064.0,3299665740.0,40180
2023-05-10 09:35:47,IH2305,IH2305,2704.6,7.0,5679600.0,-3.0,1,2704.4,2704.6,2,2705.2,2705.2,2713.0,2700.0,4071.0,3305345340.0,40177
2023-05-10 09:35:48,IH2305,IH2305,2704.6,2.0,1622760.0,1.0,1,2704.6,2704.8,2,2705.2,2705.2,2713.0,2700.0,4073.0,3306968100.0,40178
2023-05-10 09:35:48,IH2305,IH2305,2704.0,4.0,3245280.0,-2.0,4,2703.8,2704.6,1,2705.2,2705.2,2713.0,2700.0,4077.0,3310213380.0,40176
2023-05-10 09:35:49,IH2305,IH2305,2704.6,2.0,1622760.0,0.0,3,2704.2,2704.6,2,2705.2,2705.2,2713.0,2700.0,4079.0,3311836140.0,40176
2023-05-10 09:35:49,IH2305,IH2305,2704.4,3.0,2434080.0,-1.0,4,2704.0,2704.6,6,2705.2,2705.2,2713.0,2700.0,4082.0,3314270220.0,40175
2023-05-10 09:35:50,IH2305,IH2305,2704.2,6.0,4867560.0,-2.0,3,2704.0,2704.4,1,2705.2,2705.2,2713.0,2700.0,4088.0,3319137780.0,40173
2023-05-10 09:35:50,IH2305,IH2305,2704.2,1.0,811260.0,-1.0,2,2704.2,2704.4,1,2705.2,2705.2,2713.0,2700.0,4089.0,3319949040.0,40172
2023-05-10 09:35:51,IH2305,IH2305,2704.4,1.0,811320.0,-1.0,3,2704.2,2704.6,5,2705.2,2705.2,2713.0,2700.0,4090.0,3320760360.0,40171
2023-05-10 09:35:51,IH2305,IH2305,2704.4,0.0,0.0,0.0,3,2704.2,2704.6,2,2705.2,2705.2,2713.0,2700.0,4090.0,3320760360.0,40171
2023-05-10 09:35:52,IH2305,IH2305,2704.4,0.0,0.0,0.0,1,2704.4,2704.6,2,2705.2,2705.2,2713.0,2700.0,4090.0,3320760360.0,40171
2023-05-10 09:35:52,IH2305,IH2305,2704.4,1.0,811320.0,1.0,2,2704.2,2704.6,2,2705.2,2705.2,2713.0,2700.0,4091.0,3321571680.0,40172
2023-05-10 09:35:53,IH2305,IH2305,2704.2,5.0,4056540.0,-1.0,2,2704.0,2704.4,3,2705.2,2705.2,2713.0,2700.0,4096.0,3325628220.0,40171
2023-05-10 09:35:53,IH2305,IH2305,2704.2,0.0,0.0,0.0,3,2704.2,2704.4,1,2705.2,2705.2,2713.0,2700.0,4096.0,3325628220.0,40171
2023-05-10 09:35:54,IH2305,IH2305,2704.2,3.0,2433780.0,0.0,1,2704.0,2704.2,1,2705.2,2705.2,2713.0,2700.0,4099.0,3328062000.0,40171
2023-05-10 09:35:54,IH2305,IH2305,2704.2,0.0,0.0,0.0,2,2704.2,2704.6,4,2705.2,2705.2,2713.0,2700.0,4099.0,3328062000.0,40171
2023-05-10 09:35:55,IH2305,IH2305,2704.4,1.0,811320.0,-1.0,1,2704.2,2704.4,6,2705.2,2705.2,2713.0,2700.0,4100.0,3328873320.0,40170
2023-05-10 09:35:55,IH2305,IH2305,2704.0,3.0,2433780.0,-3.0,1,2703.8,2704.4,3,2705.2,2705.2,2713.0,2700.0,4103.0,3331307100.0,40167
2023-05-10 09:35:56,IH2305,IH2305,2704.2,1.0,811260.0,-1.0,1,2703.8,2704.4,3,2705.2,2705.2,2713.0,2700.0,4104.0,3332118360.0,40166
2023-05-10 09:35:56,IH2305,IH2305,2704.4,1.0,811320.0,-1.0,2,2703.8,2704.2,3,2705.2,2705.2,2713.0,2700.0,4105.0,3332929680.0,40165
2023-05-10 09:35:57,IH2305,IH2305,2704.0,6.0,4867560.0,-2.0,10,2704.0,2704.6,1,2705.2,2705.2,2713.0,2700.0,4111.0,3337797240.0,40163
2023-05-10 09:35:57,IH2305,IH2305,2704.0,3.0,2433720.0,-1.0,5,2704.4,2704.6,4,2705.2,2705.2,2713.0,2700.0,4114.0,3340230960.0,40162
2023-05-10 09:35:58,IH2305,IH2305,2704.4,7.0,5679360.0,-5.0,2,2704.2,2704.6,3,2705.2,2705.2,2713.0,2700.0,4121.0,3345910320.0,40157
2023-05-10 09:35:58,IH2305,IH2305,2704.4,0.0,0.0,0.0,1,2704.4,2704.6,3,2705.2,2705.2,2713.0,2700.0,4121.0,3345910320.0,40157
2023-05-10 09:35:59,IH2305,IH2305,2704.8,4.0,3245580.0,0.0,1,2704.6,2705.0,1,2705.2,2705.2,2713.0,2700.0,4125.0,3349155900.0,40157
2023-05-10 09:35:59,IH2305,IH2305,2705.0,7.0,5680620.0,0.0,3,2705.0,2705.6,2,2705.2,2705.2,2713.0,2700.0,4132.0,3354836520.0,40157
2023-05-10 09:36:00,IH2305,IH2305,2705.6,4.0,3246780.0,-2.0,1,2705.6,2705.8,2,2705.2,2705.2,2713.0,2700.0,4136.0,3358083300.0,40155
2023-05-10 09:36:00,IH2305,IH2305,2705.4,13.0,10551960.0,-10.0,6,2705.2,2705.4,6,2705.2,2705.2,2713.0,2700.0,4149.0,3368635260.0,40145
2023-05-10 09:36:01,IH2305,IH2305,2705.2,12.0,9739260.0,-3.0,2,2704.8,2705.0,1,2705.2,2705.2,2713.0,2700.0,4161.0,3378374520.0,40142
2023-05-10 09:36:01,IH2305,IH2305,2705.2,6.0,4869000.0,0.0,7,2704.8,2705.4,2,2705.2,2705.2,2713.0,2700.0,4167.0,3383243520.0,40142
2023-05-10 09:36:02,IH2305,IH2305,2705.0,6.0,4869000.0,-3.0,9,2704.8,2705.8,1,2705.2,2705.2,2713.0,2700.0,4173.0,3388112520.0,40139
2023-05-10 09:36:02,IH2305,IH2305,2705.4,2.0,1623240.0,-1.0,2,2705.2,2705.6,10,2705.2,2705.2,2713.0,2700.0,4175.0,3389735760.0,40138
2023-05-10 09:36:03,IH2305,IH2305,2705.6,8.0,6492900.0,-3.0,9,2705.2,2705.6,5,2705.2,2705.2,2713.0,2700.0,4183.0,3396228660.0,40135
2023-05-10 09:36:03,IH2305,IH2305,2705.4,8.0,6493020.0,-4.0,6,2705.2,2705.8,2,2705.2,2705.2,2713.0,2700.0,4191.0,3402721680.0,40131
2023-05-10 09:36:04,IH2305,IH2305,2705.2,6.0,4869360.0,-6.0,1,2705.0,2705.6,2,2705.2,2705.2,2713.0,2700.0,4197.0,3407591040.0,40125
2023-05-10 09:36:04,IH2305,IH2305,2705.6,3.0,2434920.0,-1.0,4,2705.2,2705.8,1,2705.2,2705.2,2713.0,2700.0,4200.0,3410025960.0,40124
2023-05-10 09:36:05,IH2305,IH2305,2705.6,2.0,1623360.0,0.0,2,2705.4,2705.8,2,2705.2,2705.2,2713.0,2700.0,4202.0,3411649320.0,40124
2023-05-10 09:36:05,IH2305,IH2305,2705.8,2.0,1623480.0,-2.0,1,2705.4,2706.0,3,2705.2,2705.2,2713.0,2700.0,4204.0,3413272800.0,40122
2023-05-10 09:36:06,IH2305,IH2305,2706.0,1.0,811800.0,0.0,1,2705.4,2706.0,1,2705.2,2705.2,2713.0,2700.0,4205.0,3414084600.0,40122
2023-05-10 09:36:06,IH2305,IH2305,2705.6,1.0,811680.0,0.0,2,2705.6,2706.6,2,2705.2,2705.2,2713.0,2700.0,4206.0,3414896280.0,40122
2023-05-10 09:36:07,IH2305,IH2305,2705.6,0.0,0.0,0.0,2,2705.6,2705.8,1,2705.2,2705.2,2713.0,2700.0,4206.0,3414896280.0,40122
2023-05-10 09:36:07,IH2305,IH2305,2705.8,1.0,811740.0,-1.0,1,2705.6,2706.4,4,2705.2,2705.2,2713.0,2700.0,4207.0,3415708020.0,40121
2023-05-10 09:36:08,IH2305,IH2305,2705.8,1.0,811740.0,0.0,1,2705.6,2706.2,4,2705.2,2705.2,2713.0,2700.0,4208.0,3416519760.0,40121
2023-05-10 09:36:08,IH2305,IH2305,2705.8,0.0,0.0,0.0,5,2705.8,2706.2,3,2705.2,2705.2,2713.0,2700.0,4208.0,3416519760.0,40121
2023-05-10 09:36:09,IH2305,IH2305,2706.6,4.0,3247740.0,0.0,6,2706.4,2706.6,4,2705.2,2705.2,2713.0,2700.0,4212.0,3419767500.0,40121
2023-05-10 09:36:09,IH2305,IH2305,2706.6,9.0,7308060.0,1.0,5,2706.6,2707.4,1,2705.2,2705.2,2713.0,2700.0,4221.0,3427075560.0,40122
2023-05-10 09:36:10,IH2305,IH2305,2707.2,1.0,812160.0,0.0,7,2706.8,2707.4,1,2705.2,2705.2,2713.0,2700.0,4222.0,3427887720.0,40122
2023-05-10 09:36:10,IH2305,IH2305,2706.8,1.0,812040.0,-1.0,5,2706.8,2707.4,6,2705.2,2705.2,2713.0,2700.0,4223.0,3428699760.0,40121
2023-05-10 09:36:11,IH2305,IH2305,2706.6,7.0,5684220.0,-4.0,7,2706.4,2706.8,1,2705.2,2705.2,2713.0,2700.0,4230.0,3434383980.0,40117
2023-05-10 09:36:11,IH2305,IH2305,2706.6,7.0,5683620.0,-1.0,3,2706.4,2706.6,2,2705.2,2705.2,2713.0,2700.0,4237.0,3440067600.0,40116
2023-05-10 09:36:12,IH2305,IH2305,2706.4,6.0,4871460.0,-4.0,4,2705.8,2706.4,2,2705.2,2705.2,2713.0,2700.0,4243.0,3444939060.0,40112
2023-05-10 09:36:12,IH2305,IH2305,2706.4,2.0,1623840.0,-1.0,3,2705.8,2706.4,1,2705.2,2705.2,2713.0,2700.0,4245.0,3446562900.0,40111
2023-05-10 09:36:13,IH2305,IH2305,2706.6,2.0,1623900.0,-1.0,2,2706.2,2706.8,2,2705.2,2705.2,2713.0,2700.0,4247.0,3448186800.0,40110
2023-05-10 09:36:13,IH2305,IH2305,2706.6,0.0,0.0,0.0,3,2706.4,2706.8,3,2705.2,2705.2,2713.0,2700.0,4247.0,3448186800.0,40110
2023-05-10 09:36:14,IH2305,IH2305,2706.6,0.0,0.0,0.0,1,2706.6,2706.8,3,2705.2,2705.2,2713.0,2700.0,4247.0,3448186800.0,40110
2023-05-10 09:36:14,IH2305,IH2305,2706.4,4.0,3247740.0,-2.0,3,2706.0,2706.4,2,2705.2,2705.2,2713.0,2700.0,4251.0,3451434540.0,40108
2023-05-10 09:36:15,IH2305,IH2305,2706.2,1.0,811860.0,0.0,8,2706.2,2706.4,2,2705.2,2705.2,2713.0,2700.0,4252.0,3452246400.0,40108
2023-05-10 09:36:15,IH2305,IH2305,2706.6,7.0,5683260.0,-3.0,1,2706.2,2706.8,6,2705.2,2705.2,2713.0,2700.0,4259.0,3457929660.0,40105
2023-05-10 09:36:16,IH2305,IH2305,2706.0,2.0,1623660.0,-2.0,2,2706.0,2706.4,1,2705.2,2705.2,2713.0,2700.0,4261.0,3459553320.0,40103
2023-05-10 09:36:16,IH2305,IH2305,2706.0,2.0,1623600.0,0.0,5,2706.2,2706.6,1,2705.2,2705.2,2713.0,2700.0,4263.0,3461176920.0,40103
2023-05-10 09:36:17,IH2305,IH2305,2706.8,5.0,4060140.0,-1.0,3,2706.6,2706.8,2,2705.2,2705.2,2713.0,2700.0,4268.0,3465237060.0,40102
2023-05-10 09:36:17,IH2305,IH2305,2706.8,5.0,4060200.0,-2.0,3,2706.8,2707.4,3,2705.2,2705.2,2713.0,2700.0,4273.0,3469297260.0,40100
2023-05-10 09:36:18,IH2305,IH2305,2707.0,3.0,2436240.0,-1.0,1,2706.8,2707.2,3,2705.2,2705.2,2713.0,2700.0,4276.0,3471733500.0,40099
2023-05-10 09:36:18,IH2305,IH2305,2706.6,5.0,4060500.0,-2.0,3,2706.6,2706.8,1,2705.2,2705.2,2713.0,2700.0,4281.0,3475794000.0,40097
2023-05-10 09:36:19,IH2305,IH2305,2707.0,5.0,4060440.0,-4.0,1,2707.0,2707.4,3,2705.2,2705.2,2713.0,2700.0,4286.0,3479854440.0,40093
2023-05-10 09:36:19,IH2305,IH2305,2707.0,1.0,812100.0,-1.0,2,2707.0,2707.4,2,2705.2,2705.2,2713.0,2700.0,4287.0,3480666540.0,40092
