time,symbol_id,symbol_name,last,trade_volume,trade_amount,open_interest_change,bv1,bp1,ap1,av1,yesterday_close,today_open,today_high,today_low,volume,amount,open_interest
2023-05-10 09:29:00,IM2309,IM2309,6524.0,4.0,5219200.0,-1.0,1,6521.2,6524.8,1,6532.6,6524.0,6524.0,6524.0,4.0,5219200.0,49441
2023-05-10 09:30:00,IM2309,IM2309,6525.2,8.0,10440240.0,3.0,2,6524.8,6532.6,1,6532.6,6524.0,6525.2,6524.0,12.0,15659440.0,49444
2023-05-10 09:30:00,IM2309,IM2309,6525.2,2.0,2610040.0,-1.0,1,6525.0,6525.2,1,6532.6,6524.0,6525.2,6524.0,14.0,18269480.0,49443
2023-05-10 09:30:01,IM2309,IM2309,6525.2,4.0,5220040.0,-4.0,2,6522.6,6528.6,3,6532.6,6524.0,6525.2,6524.0,18.0,23489520.0,49439
2023-05-10 09:30:01,IM2309,IM2309,6525.2,0.0,0.0,0.0,2,6523.0,6525.2,1,6532.6,6524.0,6525.2,6524.0,18.0,23489520.0,49439
2023-05-10 09:30:02,IM2309,IM2309,6522.6,2.0,2609040.0,-2.0,1,6521.2,6523.4,1,6532.6,6524.0,6525.2,6522.6,20.0,26098560.0,49437
2023-05-10 09:30:02,IM2309,IM2309,6523.2,2.0,2609280.0,-1.0,1,6522.6,6523.2,1,6532.6,6524.0,6525.2,6522.6,22.0,28707840.0,49436
2023-05-10 09:30:03,IM2309,IM2309,6524.6,3.0,3914480.0,-2.0,1,6523.4,6525.0,1,6532.6,6524.0,6525.2,6522.6,25.0,32622320.0,49434
2023-05-10 09:30:03,IM2309,IM2309,6524.6,0.0,0.0,0.0,1,6523.6,6525.2,1,6532.6,6524.0,6525.2,6522.6,25.0,32622320.0,49434
2023-05-10 09:30:04,IM2309,IM2309,6526.0,2.0,2610240.0,-2.0,2,6525.0,6527.6,2,6532.6,6524.0,6526.0,6522.6,27.0,35232560.0,49432
2023-05-10 09:30:04,IM2309,IM2309,6526.0,1.0,1305200.0,0.0,3,6525.2,6526.0,1,6532.6,6524.0,6526.0,6522.6,28.0,36537760.0,49432
2023-05-10 09:30:05,IM2309,IM2309,6526.0,1.0,1305200.0,-1.0,2,6525.4,6527.4,2,6532.6,6524.0,6526.0,6522.6,29.0,37842960.0,49431
2023-05-10 09:30:05,IM2309,IM2309,6526.0,0.0,0.0,0.0,3,6525.6,6531.8,2,6532.6,6524.0,6526.0,6522.6,29.0,37842960.0,49431
2023-05-10 09:30:06,IM2309,IM2309,6526.0,0.0,0.0,0.0,2,6526.6,6529.6,1,6532.6,6524.0,6526.0,6522.6,29.0,37842960.0,49431
2023-05-10 09:30:06,IM2309,IM2309,6526.0,0.0,0.0,0.0,1,6526.8,6529.2,1,6532.6,6524.0,6526.0,6522.6,29.0,37842960.0,49431
2023-05-10 09:30:07,IM2309,IM2309,6528.6,2.0,2611200.0,-1.0,1,6525.8,6528.6,2,6532.6,6524.0,6528.6,6522.6,31.0,40454160.0,49430
2023-05-10 09:30:07,IM2309,IM2309,6528.6,0.0,0.0,0.0,1,6526.0,6528.4,4,6532.6,6524.0,6528.6,6522.6,31.0,40454160.0,49430
2023-05-10 09:30:08,IM2309,IM2309,6525.4,6.0,7830880.0,-6.0,2,6525.0,6528.2,1,6532.6,6524.0,6528.6,6522.6,37.0,48285040.0,49424
2023-05-10 09:30:08,IM2309,IM2309,6525.4,0.0,0.0,0.0,2,6525.0,6527.4,4,6532.6,6524.0,6528.6,6522.6,37.0,48285040.0,49424
2023-05-10 09:30:09,IM2309,IM2309,6525.4,0.0,0.0,0.0,1,6525.0,6527.0,3,6532.6,6524.0,6528.6,6522.6,37.0,48285040.0,49424
2023-05-10 09:30:09,IM2309,IM2309,6525.4,0.0,0.0,0.0,1,6525.0,6526.8,4,6532.6,6524.0,6528.6,6522.6,37.0,48285040.0,49424
2023-05-10 09:30:10,IM2309,IM2309,6525.4,0.0,0.0,0.0,1,6525.6,6525.8,4,6532.6,6524.0,6528.6,6522.6,37.0,48285040.0,49424
2023-05-10 09:30:10,IM2309,IM2309,6527.2,10.0,13052760.0,-9.0,1,6529.8,6531.0,2,6532.6,6524.0,6528.6,6522.6,47.0,61337800.0,49415
2023-05-10 09:30:11,IM2309,IM2309,6529.8,4.0,5223840.0,-3.0,2,6530.0,6530.8,3,6532.6,6524.0,6529.8,6522.6,51.0,66561640.0,49412
2023-05-10 09:30:11,IM2309,IM2309,6530.8,4.0,5224160.0,-4.0,1,6530.2,6531.4,1,6532.6,6524.0,6530.8,6522.6,55.0,71785800.0,49408
2023-05-10 09:30:12,IM2309,IM2309,6531.2,2.0,2612480.0,-2.0,2,6531.0,6532.4,1,6532.6,6524.0,6531.2,6522.6,57.0,74398280.0,49406
2023-05-10 09:30:12,IM2309,IM2309,6532.4,2.0,2612960.0,-1.0,2,6531.4,6535.6,2,6532.6,6524.0,6532.4,6522.6,59.0,77011240.0,49405
2023-05-10 09:30:13,IM2309,IM2309,6532.4,0.0,0.0,0.0,2,6532.0,6533.0,1,6532.6,6524.0,6532.4,6522.6,59.0,77011240.0,49405
2023-05-10 09:30:13,IM2309,IM2309,6532.4,1.0,1306480.0,-1.0,3,6533.8,6542.0,2,6532.6,6524.0,6532.4,6522.6,60.0,78317720.0,49404
2023-05-10 09:30:14,IM2309,IM2309,6534.8,1.0,1306960.0,0.0,1,6534.2,6538.0,1,6532.6,6524.0,6534.8,6522.6,61.0,79624680.0,49404
2023-05-10 09:30:14,IM2309,IM2309,6533.8,8.0,10454480.0,-7.0,2,6532.6,6536.2,1,6532.6,6524.0,6534.8,6522.6,69.0,90079160.0,49397
2023-05-10 09:30:15,IM2309,IM2309,6531.6,6.0,7838920.0,-5.0,1,6534.4,6535.2,2,6532.6,6524.0,6534.8,6522.6,75.0,97918080.0,49392
2023-05-10 09:30:15,IM2309,IM2309,6534.4,7.0,9147800.0,-3.0,2,6534.6,6535.0,2,6532.6,6524.0,6534.8,6522.6,82.0,107065880.0,49389
2023-05-10 09:30:16,IM2309,IM2309,6534.6,2.0,2613840.0,-1.0,1,6534.8,6535.6,1,6532.6,6524.0,6534.8,6522.6,84.0,109679720.0,49388
2023-05-10 09:30:16,IM2309,IM2309,6534.6,3.0,3920760.0,-1.0,2,6535.0,6535.4,1,6532.6,6524.0,6534.8,6522.6,87.0,113600480.0,49387
2023-05-10 09:30:17,IM2309,IM2309,6535.2,6.0,7842080.0,0.0,1,6535.2,6535.4,1,6532.6,6524.0,6535.2,6522.6,93.0,121442560.0,49387
2023-05-10 09:30:17,IM2309,IM2309,6535.2,3.0,3921120.0,1.0,3,6529.8,6533.8,1,6532.6,6524.0,6535.2,6522.6,96.0,125363680.0,49388
2023-05-10 09:30:18,IM2309,IM2309,6535.2,0.0,0.0,0.0,1,6532.2,6534.8,1,6532.6,6524.0,6535.2,6522.6,96.0,125363680.0,49388
2023-05-10 09:30:18,IM2309,IM2309,6532.4,2.0,2613520.0,-2.0,2,6531.0,6534.6,2,6532.6,6524.0,6535.2,6522.6,98.0,127977200.0,49386
2023-05-10 09:30:19,IM2309,IM2309,6532.4,0.0,0.0,0.0,4,6531.2,6533.6,2,6532.6,6524.0,6535.2,6522.6,98.0,127977200.0,49386
2023-05-10 09:30:19,IM2309,IM2309,6531.2,4.0,5224960.0,-3.0,2,6530.0,6533.4,2,6532.6,6524.0,6535.2,6522.6,102.0,133202160.0,49383
2023-05-10 09:30:20,IM2309,IM2309,6532.8,6.0,7836440.0,-1.0,1,6532.0,6532.8,1,6532.6,6524.0,6535.2,6522.6,108.0,141038600.0,49382
2023-05-10 09:30:20,IM2309,IM2309,6532.0,2.0,2612800.0,-1.0,1,6525.6,6531.4,1,6532.6,6524.0,6535.2,6522.6,110.0,143651400.0,49381
2023-05-10 09:30:21,IM2309,IM2309,6532.0,0.0,0.0,0.0,2,6527.4,6530.6,2,6532.6,6524.0,6535.2,6522.6,110.0,143651400.0,49381
2023-05-10 09:30:21,IM2309,IM2309,6532.0,0.0,0.0,0.0,1,6525.8,6530.0,1,6532.6,6524.0,6535.2,6522.6,110.0,143651400.0,49381
2023-05-10 09:30:22,IM2309,IM2309,6532.0,0.0,0.0,0.0,1,6526.2,6528.4,1,6532.6,6524.0,6535.2,6522.6,110.0,143651400.0,49381
2023-05-10 09:30:22,IM2309,IM2309,6529.0,2.0,2611600.0,1.0,1,6526.2,6528.2,1,6532.6,6524.0,6535.2,6522.6,112.0,146263000.0,49382
2023-05-10 09:30:23,IM2309,IM2309,6528.2,1.0,1305640.0,-1.0,1,6526.6,6528.8,1,6532.6,6524.0,6535.2,6522.6,113.0,147568640.0,49381
2023-05-10 09:30:23,IM2309,IM2309,6529.8,6.0,7835000.0,-6.0,2,6527.4,6530.0,1,6532.6,6524.0,6535.2,6522.6,119.0,155403640.0,49375
2023-05-10 09:30:24,IM2309,IM2309,6529.8,1.0,1305960.0,-1.0,1,6528.0,6530.4,1,6532.6,6524.0,6535.2,6522.6,120.0,156709600.0,49374
2023-05-10 09:30:24,IM2309,IM2309,6531.4,3.0,3918760.0,-2.0,2,6529.6,6531.8,1,6532.6,6524.0,6535.2,6522.6,123.0,160628360.0,49372
2023-05-10 09:30:25,IM2309,IM2309,6531.8,1.0,1306360.0,-1.0,1,6530.0,6535.4,1,6532.6,6524.0,6535.2,6522.6,124.0,161934720.0,49371
2023-05-10 09:30:25,IM2309,IM2309,6531.4,1.0,1306280.0,-1.0,1,6530.8,6532.6,2,6532.6,6524.0,6535.2,6522.6,125.0,163241000.0,49370
2023-05-10 09:30:26,IM2309,IM2309,6532.4,1.0,1306480.0,0.0,3,6531.0,6533.8,2,6532.6,6524.0,6535.2,6522.6,126.0,164547480.0,49370
2023-05-10 09:30:26,IM2309,IM2309,6532.4,0.0,0.0,0.0,3,6531.0,6532.2,2,6532.6,6524.0,6535.2,6522.6,126.0,164547480.0,49370
2023-05-10 09:30:27,IM2309,IM2309,6531.0,4.0,5225040.0,-1.0,2,6530.6,6532.2,1,6532.6,6524.0,6535.2,6522.6,130.0,169772520.0,49369
2023-05-10 09:30:27,IM2309,IM2309,6530.6,1.0,1306120.0,0.0,1,6530.2,6531.0,1,6532.6,6524.0,6535.2,6522.6,131.0,171078640.0,49369
2023-05-10 09:30:28,IM2309,IM2309,6529.6,3.0,3917960.0,-3.0,1,6528.4,6530.6,2,6532.6,6524.0,6535.2,6522.6,134.0,174996600.0,49366
2023-05-10 09:30:28,IM2309,IM2309,6529.6,0.0,0.0,0.0,1,6525.0,6530.4,2,6532.6,6524.0,6535.2,6522.6,134.0,174996600.0,49366
2023-05-10 09:30:29,IM2309,IM2309,6529.8,1.0,1305960.0,0.0,1,6528.0,6530.0,1,6532.6,6524.0,6535.2,6522.6,135.0,176302560.0,49366
2023-05-10 09:30:29,IM2309,IM2309,6529.8,0.0,0.0,0.0,1,6528.2,6530.2,1,6532.6,6524.0,6535.2,6522.6,135.0,176302560.0,49366
2023-05-10 09:30:30,IM2309,IM2309,6529.8,0.0,0.0,0.0,1,6528.2,6529.8,2,6532.6,6524.0,6535.2,6522.6,135.0,176302560.0,49366
2023-05-10 09:30:30,IM2309,IM2309,6528.2,3.0,3917560.0,-1.0,1,6529.8,6530.2,1,6532.6,6524.0,6535.2,6522.6,138.0,180220120.0,49365
2023-05-10 09:30:31,IM2309,IM2309,6529.8,1.0,1305960.0,0.0,1,6526.4,6530.2,1,6532.6,6524.0,6535.2,6522.6,139.0,181526080.0,49365
2023-05-10 09:30:31,IM2309,IM2309,6530.0,1.0,1306000.0,1.0,1,6528.0,6530.2,1,6532.6,6524.0,6535.2,6522.6,140.0,182832080.0,49366
2023-05-10 09:30:32,IM2309,IM2309,6530.0,0.0,0.0,0.0,1,6528.4,6530.0,1,6532.6,6524.0,6535.2,6522.6,140.0,182832080.0,49366
2023-05-10 09:30:32,IM2309,IM2309,6527.2,2.0,2611120.0,-2.0,2,6527.0,6529.4,2,6532.6,6524.0,6535.2,6522.6,142.0,185443200.0,49364
2023-05-10 09:30:33,IM2309,IM2309,6527.2,0.0,0.0,0.0,1,6526.4,6529.0,1,6532.6,6524.0,6535.2,6522.6,142.0,185443200.0,49364
2023-05-10 09:30:33,IM2309,IM2309,6527.2,0.0,0.0,0.0,1,6526.8,6528.8,2,6532.6,6524.0,6535.2,6522.6,142.0,185443200.0,49364
2023-05-10 09:30:34,IM2309,IM2309,6527.2,0.0,0.0,0.0,1,6526.8,6528.6,1,6532.6,6524.0,6535.2,6522.6,142.0,185443200.0,49364
2023-05-10 09:30:34,IM2309,IM2309,6529.2,3.0,3917280.0,-3.0,1,6527.6,6530.4,1,6532.6,6524.0,6535.2,6522.6,145.0,189360480.0,49361
2023-05-10 09:30:35,IM2309,IM2309,6529.2,0.0,0.0,0.0,1,6528.4,6530.4,1,6532.6,6524.0,6535.2,6522.6,145.0,189360480.0,49361
2023-05-10 09:30:35,IM2309,IM2309,6531.0,2.0,2612280.0,-1.0,2,6529.0,6533.6,1,6532.6,6524.0,6535.2,6522.6,147.0,191972760.0,49360
2023-05-10 09:30:36,IM2309,IM2309,6531.0,0.0,0.0,0.0,2,6529.6,6532.2,1,6532.6,6524.0,6535.2,6522.6,147.0,191972760.0,49360
2023-05-10 09:30:36,IM2309,IM2309,6531.0,0.0,0.0,0.0,3,6529.8,6533.0,2,6532.6,6524.0,6535.2,6522.6,147.0,191972760.0,49360
2023-05-10 09:30:37,IM2309,IM2309,6533.0,2.0,2613200.0,0.0,1,6530.2,6532.6,3,6532.6,6524.0,6535.2,6522.6,149.0,194585960.0,49360
2023-05-10 09:30:37,IM2309,IM2309,6533.0,0.0,0.0,0.0,3,6529.8,6532.2,2,6532.6,6524.0,6535.2,6522.6,149.0,194585960.0,49360
2023-05-10 09:30:38,IM2309,IM2309,6529.8,1.0,1305960.0,0.0,1,6529.2,6529.6,1,6532.6,6524.0,6535.2,6522.6,150.0,195891920.0,49360
2023-05-10 09:30:38,IM2309,IM2309,6529.8,0.0,0.0,0.0,1,6527.8,6529.8,2,6532.6,6524.0,6535.2,6522.6,150.0,195891920.0,49360
2023-05-10 09:30:39,IM2309,IM2309,6529.8,0.0,0.0,0.0,2,6527.8,6529.2,2,6532.6,6524.0,6535.2,6522.6,150.0,195891920.0,49360
2023-05-10 09:30:39,IM2309,IM2309,6529.8,0.0,0.0,0.0,1,6526.8,6529.0,2,6532.6,6524.0,6535.2,6522.6,150.0,195891920.0,49360
2023-05-10 09:30:40,IM2309,IM2309,6529.8,0.0,0.0,0.0,1,6527.2,6527.8,1,6532.6,6524.0,6535.2,6522.6,150.0,195891920.0,49360
2023-05-10 09:30:40,IM2309,IM2309,6526.8,3.0,3916200.0,-3.0,1,6526.4,6527.0,1,6532.6,6524.0,6535.2,6522.6,153.0,199808120.0,49357
2023-05-10 09:30:41,IM2309,IM2309,6526.8,2.0,2610640.0,-1.0,1,6525.8,6526.8,2,6532.6,6524.0,6535.2,6522.6,155.0,202418760.0,49356
2023-05-10 09:30:41,IM2309,IM2309,6527.0,3.0,3916120.0,-1.0,1,6525.8,6527.6,1,6532.6,6524.0,6535.2,6522.6,158.0,206334880.0,49355
2023-05-10 09:30:42,IM2309,IM2309,6527.0,1.0,1305400.0,0.0,1,6525.8,6529.0,1,6532.6,6524.0,6535.2,6522.6,159.0,207640280.0,49355
2023-05-10 09:30:42,IM2309,IM2309,6528.4,1.0,1305680.0,-1.0,2,6526.2,6527.2,1,6532.6,6524.0,6535.2,6522.6,160.0,208945960.0,49354
2023-05-10 09:30:43,IM2309,IM2309,6527.8,3.0,3916560.0,0.0,2,6526.4,6529.0,1,6532.6,6524.0,6535.2,6522.6,163.0,212862520.0,49354
2023-05-10 09:30:43,IM2309,IM2309,6527.8,0.0,0.0,0.0,2,6526.4,6527.8,1,6532.6,6524.0,6535.2,6522.6,163.0,212862520.0,49354
2023-05-10 09:30:44,IM2309,IM2309,6529.6,3.0,3917280.0,-1.0,1,6526.4,6531.0,1,6532.6,6524.0,6535.2,6522.6,166.0,216779800.0,49353
2023-05-10 09:30:44,IM2309,IM2309,6529.6,0.0,0.0,0.0,2,6527.0,6529.2,2,6532.6,6524.0,6535.2,6522.6,166.0,216779800.0,49353
2023-05-10 09:30:45,IM2309,IM2309,6529.6,0.0,0.0,0.0,1,6527.2,6528.2,1,6532.6,6524.0,6535.2,6522.6,166.0,216779800.0,49353
2023-05-10 09:30:45,IM2309,IM2309,6527.2,1.0,1305440.0,-1.0,1,6526.4,6529.0,2,6532.6,6524.0,6535.2,6522.6,167.0,218085240.0,49352
2023-05-10 09:30:46,IM2309,IM2309,6528.6,5.0,6528480.0,1.0,1,6526.4,6528.6,1,6532.6,6524.0,6535.2,6522.6,172.0,224613720.0,49353
2023-05-10 09:30:46,IM2309,IM2309,6528.8,3.0,3916880.0,-1.0,1,6527.2,6529.0,1,6532.6,6524.0,6535.2,6522.6,175.0,228530600.0,49352
2023-05-10 09:30:47,IM2309,IM2309,6529.6,1.0,1305920.0,-1.0,1,6527.6,6530.0,1,6532.6,6524.0,6535.2,6522.6,176.0,229836520.0,49351
2023-05-10 09:30:47,IM2309,IM2309,6529.6,0.0,0.0,0.0,3,6528.0,6531.2,2,6532.6,6524.0,6535.2,6522.6,176.0,229836520.0,49351
2023-05-10 09:30:48,IM2309,IM2309,6529.6,0.0,0.0,0.0,1,6528.4,6531.0,1,6532.6,6524.0,6535.2,6522.6,176.0,229836520.0,49351
2023-05-10 09:30:48,IM2309,IM2309,6529.6,0.0,0.0,0.0,1,6529.2,6531.0,1,6532.6,6524.0,6535.2,6522.6,176.0,229836520.0,49351
2023-05-10 09:30:49,IM2309,IM2309,6529.6,0.0,0.0,0.0,1,6529.4,6531.0,1,6532.6,6524.0,6535.2,6522.6,176.0,229836520.0,49351
2023-05-10 09:30:50,IM2309,IM2309,6529.6,0.0,0.0,0.0,2,6529.6,6531.0,1,6532.6,6524.0,6535.2,6522.6,176.0,229836520.0,49351
2023-05-10 09:30:51,IM2309,IM2309,6529.6,0.0,0.0,0.0,1,6529.8,6531.0,1,6532.6,6524.0,6535.2,6522.6,176.0,229836520.0,49351
2023-05-10 09:30:51,IM2309,IM2309,6529.4,2.0,2611840.0,-2.0,1,6528.0,6530.4,2,6532.6,6524.0,6535.2,6522.6,178.0,232448360.0,49349
2023-05-10 09:30:52,IM2309,IM2309,6529.4,0.0,0.0,0.0,1,6528.0,6529.2,3,6532.6,6524.0,6535.2,6522.6,178.0,232448360.0,49349
2023-05-10 09:30:52,IM2309,IM2309,6528.0,1.0,1305600.0,-1.0,1,6526.6,6529.6,2,6532.6,6524.0,6535.2,6522.6,179.0,233753960.0,49348
2023-05-10 09:30:53,IM2309,IM2309,6528.0,0.0,0.0,0.0,1,6527.0,6528.2,1,6532.6,6524.0,6535.2,6522.6,179.0,233753960.0,49348
2023-05-10 09:30:53,IM2309,IM2309,6528.0,0.0,0.0,0.0,1,6527.2,6529.2,3,6532.6,6524.0,6535.2,6522.6,179.0,233753960.0,49348
2023-05-10 09:30:54,IM2309,IM2309,6528.0,0.0,0.0,0.0,1,6527.6,6528.4,1,6532.6,6524.0,6535.2,6522.6,179.0,233753960.0,49348
2023-05-10 09:30:54,IM2309,IM2309,6529.2,2.0,2611280.0,2.0,1,6527.2,6529.4,1,6532.6,6524.0,6535.2,6522.6,181.0,236365240.0,49350
2023-05-10 09:30:55,IM2309,IM2309,6529.2,0.0,0.0,0.0,1,6525.8,6529.2,4,6532.6,6524.0,6535.2,6522.6,181.0,236365240.0,49350
2023-05-10 09:30:55,IM2309,IM2309,6529.2,1.0,1305840.0,0.0,1,6528.4,6529.2,2,6532.6,6524.0,6535.2,6522.6,182.0,237671080.0,49350
2023-05-10 09:30:56,IM2309,IM2309,6528.4,1.0,1305680.0,0.0,2,6526.4,6528.4,1,6532.6,6524.0,6535.2,6522.6,183.0,238976760.0,49350
2023-05-10 09:30:56,IM2309,IM2309,6528.4,0.0,0.0,0.0,2,6526.6,6528.4,1,6532.6,6524.0,6535.2,6522.6,183.0,238976760.0,49350
2023-05-10 09:30:57,IM2309,IM2309,6528.4,1.0,1305680.0,0.0,2,6526.6,6529.0,1,6532.6,6524.0,6535.2,6522.6,184.0,240282440.0,49350
2023-05-10 09:30:57,IM2309,IM2309,6528.4,1.0,1305680.0,0.0,2,6526.8,6529.0,1,6532.6,6524.0,6535.2,6522.6,185.0,241588120.0,49350
2023-05-10 09:30:58,IM2309,IM2309,6529.0,1.0,1305800.0,-1.0,1,6527.4,6529.4,1,6532.6,6524.0,6535.2,6522.6,186.0,242893920.0,49349
2023-05-10 09:30:58,IM2309,IM2309,6529.0,0.0,0.0,0.0,1,6527.2,6529.4,1,6532.6,6524.0,6535.2,6522.6,186.0,242893920.0,49349
2023-05-10 09:30:59,IM2309,IM2309,6529.2,2.0,2611640.0,0.0,1,6527.2,6529.4,1,6532.6,6524.0,6535.2,6522.6,188.0,245505560.0,49349
2023-05-10 09:30:59,IM2309,IM2309,6529.2,0.0,0.0,0.0,1,6527.2,6528.6,2,6532.6,6524.0,6535.2,6522.6,188.0,245505560.0,49349
2023-05-10 09:31:00,IM2309,IM2309,6529.2,0.0,0.0,0.0,1,6527.2,6529.4,1,6532.6,6524.0,6535.2,6522.6,188.0,245505560.0,49349
2023-05-10 09:31:00,IM2309,IM2309,6529.2,1.0,1305840.0,0.0,1,6527.4,6529.4,1,6532.6,6524.0,6535.2,6522.6,189.0,246811400.0,49349
2023-05-10 09:31:01,IM2309,IM2309,6529.2,3.0,3917520.0,1.0,1,6528.6,6529.4,1,6532.6,6524.0,6535.2,6522.6,192.0,250728920.0,49350
2023-05-10 09:31:01,IM2309,IM2309,6529.4,1.0,1305880.0,0.0,2,6528.6,6529.6,2,6532.6,6524.0,6535.2,6522.6,193.0,252034800.0,49350
2023-05-10 09:31:02,IM2309,IM2309,6529.6,2.0,2611840.0,-1.0,1,6529.4,6531.0,1,6532.6,6524.0,6535.2,6522.6,195.0,254646640.0,49349
2023-05-10 09:31:02,IM2309,IM2309,6529.4,1.0,1305880.0,-1.0,1,6528.6,6530.8,2,6532.6,6524.0,6535.2,6522.6,196.0,255952520.0,49348
2023-05-10 09:31:03,IM2309,IM2309,6529.4,0.0,0.0,0.0,1,6528.6,6530.4,2,6532.6,6524.0,6535.2,6522.6,196.0,255952520.0,49348
2023-05-10 09:31:03,IM2309,IM2309,6529.4,0.0,0.0,0.0,1,6529.0,6530.6,2,6532.6,6524.0,6535.2,6522.6,196.0,255952520.0,49348
2023-05-10 09:31:04,IM2309,IM2309,6529.4,0.0,0.0,0.0,2,6529.6,6530.6,1,6532.6,6524.0,6535.2,6522.6,196.0,255952520.0,49348
2023-05-10 09:31:04,IM2309,IM2309,6530.6,1.0,1306120.0,0.0,1,6530.6,6531.0,1,6532.6,6524.0,6535.2,6522.6,197.0,257258640.0,49348
2023-05-10 09:31:05,IM2309,IM2309,6530.6,3.0,3918440.0,-2.0,1,6530.4,6530.8,1,6532.6,6524.0,6535.2,6522.6,200.0,261177080.0,49346
2023-05-10 09:31:05,IM2309,IM2309,6530.8,1.0,1306160.0,0.0,1,6530.8,6533.6,1,6532.6,6524.0,6535.2,6522.6,201.0,262483240.0,49346
2023-05-10 09:31:06,IM2309,IM2309,6533.0,1.0,1306600.0,0.0,1,6530.4,6533.2,1,6532.6,6524.0,6535.2,6522.6,202.0,263789840.0,49346
2023-05-10 09:31:06,IM2309,IM2309,6533.0,0.0,0.0,0.0,1,6530.4,6532.4,2,6532.6,6524.0,6535.2,6522.6,202.0,263789840.0,49346
2023-05-10 09:31:07,IM2309,IM2309,6533.0,0.0,0.0,0.0,1,6530.4,6532.2,1,6532.6,6524.0,6535.2,6522.6,202.0,263789840.0,49346
2023-05-10 09:31:07,IM2309,IM2309,6528.8,4.0,5223520.0,-3.0,1,6528.8,6531.8,1,6532.6,6524.0,6535.2,6522.6,206.0,269013360.0,49343
2023-05-10 09:31:08,IM2309,IM2309,6528.6,2.0,2611480.0,0.0,1,6526.6,6531.4,2,6532.6,6524.0,6535.2,6522.6,208.0,271624840.0,49343
2023-05-10 09:31:08,IM2309,IM2309,6528.6,0.0,0.0,0.0,1,6527.6,6530.4,1,6532.6,6524.0,6535.2,6522.6,208.0,271624840.0,49343
2023-05-10 09:31:09,IM2309,IM2309,6528.6,0.0,0.0,0.0,1,6526.6,6529.8,1,6532.6,6524.0,6535.2,6522.6,208.0,271624840.0,49343
2023-05-10 09:31:09,IM2309,IM2309,6528.6,0.0,0.0,0.0,1,6525.8,6529.2,1,6532.6,6524.0,6535.2,6522.6,208.0,271624840.0,49343
2023-05-10 09:31:10,IM2309,IM2309,6528.6,0.0,0.0,0.0,1,6525.8,6528.2,1,6532.6,6524.0,6535.2,6522.6,208.0,271624840.0,49343
2023-05-10 09:31:10,IM2309,IM2309,6528.6,0.0,0.0,0.0,1,6525.8,6527.4,1,6532.6,6524.0,6535.2,6522.6,208.0,271624840.0,49343
2023-05-10 09:31:11,IM2309,IM2309,6528.6,1.0,1305720.0,0.0,1,6527.4,6528.2,1,6532.6,6524.0,6535.2,6522.6,209.0,272930560.0,49343
2023-05-10 09:31:11,IM2309,IM2309,6528.6,0.0,0.0,0.0,1,6528.2,6529.0,2,6532.6,6524.0,6535.2,6522.6,209.0,272930560.0,49343
2023-05-10 09:31:12,IM2309,IM2309,6529.0,4.0,5222920.0,0.0,1,6525.8,6529.2,1,6532.6,6524.0,6535.2,6522.6,213.0,278153480.0,49343
2023-05-10 09:31:12,IM2309,IM2309,6529.0,0.0,0.0,0.0,4,6526.0,6528.6,2,6532.6,6524.0,6535.2,6522.6,213.0,278153480.0,49343
2023-05-10 09:31:13,IM2309,IM2309,6529.0,0.0,0.0,0.0,2,6526.2,6528.6,1,6532.6,6524.0,6535.2,6522.6,213.0,278153480.0,49343
2023-05-10 09:31:13,IM2309,IM2309,6529.0,0.0,0.0,0.0,1,6526.4,6528.6,1,6532.6,6524.0,6535.2,6522.6,213.0,278153480.0,49343
2023-05-10 09:31:14,IM2309,IM2309,6529.0,0.0,0.0,0.0,4,6526.6,6529.2,1,6532.6,6524.0,6535.2,6522.6,213.0,278153480.0,49343
2023-05-10 09:31:14,IM2309,IM2309,6529.0,1.0,1305800.0,-1.0,1,6527.0,6529.0,1,6532.6,6524.0,6535.2,6522.6,214.0,279459280.0,49342
2023-05-10 09:31:15,IM2309,IM2309,6529.0,0.0,0.0,0.0,1,6527.4,6529.0,1,6532.6,6524.0,6535.2,6522.6,214.0,279459280.0,49342
2023-05-10 09:31:15,IM2309,IM2309,6529.0,1.0,1305800.0,-1.0,1,6528.6,6531.0,2,6532.6,6524.0,6535.2,6522.6,215.0,280765080.0,49341
2023-05-10 09:31:16,IM2309,IM2309,6529.0,1.0,1305800.0,-1.0,3,6528.8,6530.4,2,6532.6,6524.0,6535.2,6522.6,216.0,282070880.0,49340
2023-05-10 09:31:16,IM2309,IM2309,6529.0,0.0,0.0,0.0,2,6528.8,6533.0,1,6532.6,6524.0,6535.2,6522.6,216.0,282070880.0,49340
2023-05-10 09:31:17,IM2309,IM2309,6529.0,0.0,0.0,0.0,1,6529.0,6530.6,1,6532.6,6524.0,6535.2,6522.6,216.0,282070880.0,49340
2023-05-10 09:31:17,IM2309,IM2309,6529.0,0.0,0.0,0.0,2,6529.2,6530.6,1,6532.6,6524.0,6535.2,6522.6,216.0,282070880.0,49340
2023-05-10 09:31:18,IM2309,IM2309,6528.6,3.0,3917320.0,0.0,2,6529.4,6530.2,2,6532.6,6524.0,6535.2,6522.6,219.0,285988200.0,49340
2023-05-10 09:31:18,IM2309,IM2309,6529.4,4.0,5223520.0,0.0,2,6528.0,6530.4,1,6532.6,6524.0,6535.2,6522.6,223.0,291211720.0,49340
2023-05-10 09:31:19,IM2309,IM2309,6529.4,0.0,0.0,0.0,5,6528.2,6530.2,3,6532.6,6524.0,6535.2,6522.6,223.0,291211720.0,49340
2023-05-10 09:31:19,IM2309,IM2309,6529.4,0.0,0.0,0.0,2,6528.4,6530.2,2,6532.6,6524.0,6535.2,6522.6,223.0,291211720.0,49340
2023-05-10 09:31:20,IM2309,IM2309,6530.2,2.0,2612080.0,0.0,2,6528.2,6530.4,1,6532.6,6524.0,6535.2,6522.6,225.0,293823800.0,49340
2023-05-10 09:31:20,IM2309,IM2309,6530.2,0.0,0.0,0.0,1,6528.8,6529.6,2,6532.6,6524.0,6535.2,6522.6,225.0,293823800.0,49340
2023-05-10 09:31:21,IM2309,IM2309,6530.2,0.0,0.0,0.0,1,6528.8,6530.4,1,6532.6,6524.0,6535.2,6522.6,225.0,293823800.0,49340
2023-05-10 09:31:21,IM2309,IM2309,6530.4,1.0,1306080.0,0.0,1,6529.2,6531.6,1,6532.6,6524.0,6535.2,6522.6,226.0,295129880.0,49340
2023-05-10 09:31:22,IM2309,IM2309,6530.4,0.0,0.0,0.0,3,6529.4,6533.6,1,6532.6,6524.0,6535.2,6522.6,226.0,295129880.0,49340
2023-05-10 09:31:22,IM2309,IM2309,6530.4,0.0,0.0,0.0,1,6530.0,6532.6,2,6532.6,6524.0,6535.2,6522.6,226.0,295129880.0,49340
2023-05-10 09:31:23,IM2309,IM2309,6530.4,0.0,0.0,0.0,3,6530.2,6532.4,1,6532.6,6524.0,6535.2,6522.6,226.0,295129880.0,49340
2023-05-10 09:31:23,IM2309,IM2309,6530.4,0.0,0.0,0.0,3,6530.2,6532.6,2,6532.6,6524.0,6535.2,6522.6,226.0,295129880.0,49340
2023-05-10 09:31:24,IM2309,IM2309,6530.4,0.0,0.0,0.0,2,6530.4,6532.6,2,6532.6,6524.0,6535.2,6522.6,226.0,295129880.0,49340
2023-05-10 09:31:25,IM2309,IM2309,6530.4,0.0,0.0,0.0,2,6530.6,6532.6,2,6532.6,6524.0,6535.2,6522.6,226.0,295129880.0,49340
2023-05-10 09:31:25,IM2309,IM2309,6530.4,1.0,1306080.0,-1.0,1,6530.8,6532.6,2,6532.6,6524.0,6535.2,6522.6,227.0,296435960.0,49339
2023-05-10 09:31:26,IM2309,IM2309,6531.0,2.0,2612720.0,0.0,2,6531.0,6532.6,1,6532.6,6524.0,6535.2,6522.6,229.0,299048680.0,49339
2023-05-10 09:31:26,IM2309,IM2309,6532.6,1.0,1306520.0,1.0,2,6531.4,6533.4,1,6532.6,6524.0,6535.2,6522.6,230.0,300355200.0,49340
2023-05-10 09:31:27,IM2309,IM2309,6531.6,6.0,7837920.0,1.0,1,6531.6,6533.6,1,6532.6,6524.0,6535.2,6522.6,236.0,308193120.0,49341
2023-05-10 09:31:27,IM2309,IM2309,6531.6,0.0,0.0,0.0,2,6532.4,6533.6,1,6532.6,6524.0,6535.2,6522.6,236.0,308193120.0,49341
2023-05-10 09:31:28,IM2309,IM2309,6532.4,1.0,1306480.0,-1.0,1,6532.6,6533.6,1,6532.6,6524.0,6535.2,6522.6,237.0,309499600.0,49340
2023-05-10 09:31:28,IM2309,IM2309,6532.4,1.0,1306480.0,0.0,2,6531.4,6531.6,1,6532.6,6524.0,6535.2,6522.6,238.0,310806080.0,49340
2023-05-10 09:31:29,IM2309,IM2309,6531.4,4.0,5225240.0,-4.0,1,6530.2,6532.4,2,6532.6,6524.0,6535.2,6522.6,242.0,316031320.0,49336
2023-05-10 09:31:29,IM2309,IM2309,6530.8,1.0,1306160.0,-1.0,1,6530.2,6532.2,2,6532.6,6524.0,6535.2,6522.6,243.0,317337480.0,49335
2023-05-10 09:31:30,IM2309,IM2309,6530.2,1.0,1306040.0,-1.0,1,6529.4,6532.0,4,6532.6,6524.0,6535.2,6522.6,244.0,318643520.0,49334
2023-05-10 09:31:30,IM2309,IM2309,6530.2,0.0,0.0,0.0,2,6529.8,6531.8,1,6532.6,6524.0,6535.2,6522.6,244.0,318643520.0,49334
2023-05-10 09:31:31,IM2309,IM2309,6530.2,2.0,2612360.0,-2.0,2,6530.0,6533.4,2,6532.6,6524.0,6535.2,6522.6,246.0,321255880.0,49332
2023-05-10 09:31:31,IM2309,IM2309,6530.2,0.0,0.0,0.0,1,6530.2,6533.2,1,6532.6,6524.0,6535.2,6522.6,246.0,321255880.0,49332
2023-05-10 09:31:32,IM2309,IM2309,6530.2,0.0,0.0,0.0,1,6530.4,6533.2,1,6532.6,6524.0,6535.2,6522.6,246.0,321255880.0,49332
2023-05-10 09:31:32,IM2309,IM2309,6530.2,0.0,0.0,0.0,1,6530.6,6532.8,1,6532.6,6524.0,6535.2,6522.6,246.0,321255880.0,49332
2023-05-10 09:31:33,IM2309,IM2309,6530.2,0.0,0.0,0.0,3,6531.2,6532.6,1,6532.6,6524.0,6535.2,6522.6,246.0,321255880.0,49332
2023-05-10 09:31:33,IM2309,IM2309,6530.2,0.0,0.0,0.0,1,6531.2,6532.4,2,6532.6,6524.0,6535.2,6522.6,246.0,321255880.0,49332
2023-05-10 09:31:34,IM2309,IM2309,6532.2,1.0,1306440.0,-1.0,3,6531.2,6533.0,1,6532.6,6524.0,6535.2,6522.6,247.0,322562320.0,49331
2023-05-10 09:31:34,IM2309,IM2309,6533.6,1.0,1306720.0,0.0,1,6531.8,6535.4,2,6532.6,6524.0,6535.2,6522.6,248.0,323869040.0,49331
2023-05-10 09:31:35,IM2309,IM2309,6533.0,1.0,1306600.0,0.0,1,6532.4,6534.8,2,6532.6,6524.0,6535.2,6522.6,249.0,325175640.0,49331
2023-05-10 09:31:35,IM2309,IM2309,6535.2,1.0,1307040.0,-1.0,1,6535.4,6538.2,1,6532.6,6524.0,6535.2,6522.6,250.0,326482680.0,49330
2023-05-10 09:31:36,IM2309,IM2309,6533.8,3.0,3921160.0,-2.0,2,6533.8,6536.6,1,6532.6,6524.0,6536.6,6522.6,253.0,330403840.0,49328
2023-05-10 09:31:36,IM2309,IM2309,6533.8,0.0,0.0,0.0,4,6534.0,6536.4,1,6532.6,6524.0,6536.6,6522.6,253.0,330403840.0,49328
2023-05-10 09:31:37,IM2309,IM2309,6533.8,0.0,0.0,0.0,3,6534.0,6536.2,1,6532.6,6524.0,6536.6,6522.6,253.0,330403840.0,49328
2023-05-10 09:31:37,IM2309,IM2309,6534.0,1.0,1306800.0,-1.0,1,6534.0,6535.8,1,6532.6,6524.0,6536.6,6522.6,254.0,331710640.0,49327
2023-05-10 09:31:38,IM2309,IM2309,6534.0,1.0,1306800.0,-1.0,1,6532.6,6535.4,3,6532.6,6524.0,6536.6,6522.6,255.0,333017440.0,49326
2023-05-10 09:31:38,IM2309,IM2309,6534.0,0.0,0.0,0.0,1,6532.6,6534.4,1,6532.6,6524.0,6536.6,6522.6,255.0,333017440.0,49326
2023-05-10 09:31:39,IM2309,IM2309,6534.2,1.0,1306840.0,-1.0,1,6532.6,6534.2,1,6532.6,6524.0,6536.6,6522.6,256.0,334324280.0,49325
2023-05-10 09:31:39,IM2309,IM2309,6534.2,0.0,0.0,0.0,1,6532.8,6535.2,1,6532.6,6524.0,6536.6,6522.6,256.0,334324280.0,49325
2023-05-10 09:31:40,IM2309,IM2309,6534.2,0.0,0.0,0.0,1,6532.6,6534.6,1,6532.6,6524.0,6536.6,6522.6,256.0,334324280.0,49325
2023-05-10 09:31:40,IM2309,IM2309,6534.2,0.0,0.0,0.0,1,6532.6,6534.2,1,6532.6,6524.0,6536.6,6522.6,256.0,334324280.0,49325
2023-05-10 09:31:41,IM2309,IM2309,6534.4,4.0,5227400.0,-4.0,1,6532.6,6534.4,1,6532.6,6524.0,6536.6,6522.6,260.0,339551680.0,49321
2023-05-10 09:31:41,IM2309,IM2309,6534.4,0.0,0.0,0.0,1,6533.0,6534.6,1,6532.6,6524.0,6536.6,6522.6,260.0,339551680.0,49321
2023-05-10 09:31:42,IM2309,IM2309,6534.4,0.0,0.0,0.0,1,6533.4,6534.4,1,6532.6,6524.0,6536.6,6522.6,260.0,339551680.0,49321
2023-05-10 09:31:42,IM2309,IM2309,6534.4,1.0,1306880.0,0.0,2,6533.6,6535.6,1,6532.6,6524.0,6536.6,6522.6,261.0,340858560.0,49321
2023-05-10 09:31:43,IM2309,IM2309,6534.2,1.0,1306840.0,1.0,2,6533.6,6536.6,1,6532.6,6524.0,6536.6,6522.6,262.0,342165400.0,49322
2023-05-10 09:31:43,IM2309,IM2309,6534.2,0.0,0.0,0.0,2,6533.8,6536.2,1,6532.6,6524.0,6536.6,6522.6,262.0,342165400.0,49322
2023-05-10 09:31:44,IM2309,IM2309,6534.2,0.0,0.0,0.0,1,6533.6,6536.0,1,6532.6,6524.0,6536.6,6522.6,262.0,342165400.0,49322
2023-05-10 09:31:44,IM2309,IM2309,6534.2,0.0,0.0,0.0,2,6533.2,6535.6,1,6532.6,6524.0,6536.6,6522.6,262.0,342165400.0,49322
2023-05-10 09:31:45,IM2309,IM2309,6534.2,0.0,0.0,0.0,1,6533.2,6535.4,1,6532.6,6524.0,6536.6,6522.6,262.0,342165400.0,49322
2023-05-10 09:31:45,IM2309,IM2309,6533.0,1.0,1306600.0,1.0,1,6533.0,6535.0,1,6532.6,6524.0,6536.6,6522.6,263.0,343472000.0,49323
2023-05-10 09:31:46,IM2309,IM2309,6534.6,2.0,2613520.0,-1.0,1,6532.4,6534.8,3,6532.6,6524.0,6536.6,6522.6,265.0,346085520.0,49322
2023-05-10 09:31:46,IM2309,IM2309,6534.6,0.0,0.0,0.0,1,6532.4,6534.0,3,6532.6,6524.0,6536.6,6522.6,265.0,346085520.0,49322
2023-05-10 09:31:47,IM2309,IM2309,6532.4,1.0,1306480.0,0.0,2,6530.4,6534.6,1,6532.6,6524.0,6536.6,6522.6,266.0,347392000.0,49322
2023-05-10 09:31:47,IM2309,IM2309,6532.4,0.0,0.0,0.0,3,6531.2,6533.0,1,6532.6,6524.0,6536.6,6522.6,266.0,347392000.0,49322
2023-05-10 09:31:48,IM2309,IM2309,6533.0,1.0,1306600.0,-1.0,1,6531.6,6534.4,1,6532.6,6524.0,6536.6,6522.6,267.0,348698600.0,49321
2023-05-10 09:31:48,IM2309,IM2309,6533.0,0.0,0.0,0.0,1,6532.2,6534.2,1,6532.6,6524.0,6536.6,6522.6,267.0,348698600.0,49321
2023-05-10 09:31:49,IM2309,IM2309,6533.0,0.0,0.0,0.0,1,6532.4,6534.4,1,6532.6,6524.0,6536.6,6522.6,267.0,348698600.0,49321
2023-05-10 09:31:49,IM2309,IM2309,6533.0,0.0,0.0,0.0,2,6532.8,6534.8,1,6532.6,6524.0,6536.6,6522.6,267.0,348698600.0,49321
2023-05-10 09:31:50,IM2309,IM2309,6533.0,0.0,0.0,0.0,1,6533.0,6536.6,1,6532.6,6524.0,6536.6,6522.6,267.0,348698600.0,49321
2023-05-10 09:31:50,IM2309,IM2309,6533.0,1.0,1306600.0,-1.0,1,6533.0,6536.2,2,6532.6,6524.0,6536.6,6522.6,268.0,350005200.0,49320
2023-05-10 09:31:51,IM2309,IM2309,6532.6,3.0,3920200.0,-1.0,2,6531.2,6536.0,1,6532.6,6524.0,6536.6,6522.6,271.0,353925400.0,49319
2023-05-10 09:31:51,IM2309,IM2309,6532.6,0.0,0.0,0.0,1,6532.4,6535.4,1,6532.6,6524.0,6536.6,6522.6,271.0,353925400.0,49319
2023-05-10 09:31:52,IM2309,IM2309,6532.2,4.0,5225760.0,-3.0,2,6531.2,6535.0,1,6532.6,6524.0,6536.6,6522.6,275.0,359151160.0,49316
2023-05-10 09:31:52,IM2309,IM2309,6532.2,0.0,0.0,0.0,2,6531.2,6533.6,1,6532.6,6524.0,6536.6,6522.6,275.0,359151160.0,49316
2023-05-10 09:31:53,IM2309,IM2309,6532.2,0.0,0.0,0.0,2,6530.4,6533.2,1,6532.6,6524.0,6536.6,6522.6,275.0,359151160.0,49316
2023-05-10 09:31:53,IM2309,IM2309,6532.2,0.0,0.0,0.0,1,6528.2,6532.8,1,6532.6,6524.0,6536.6,6522.6,275.0,359151160.0,49316
2023-05-10 09:31:54,IM2309,IM2309,6532.2,0.0,0.0,0.0,1,6529.6,6532.6,5,6532.6,6524.0,6536.6,6522.6,275.0,359151160.0,49316
2023-05-10 09:31:54,IM2309,IM2309,6532.2,0.0,0.0,0.0,1,6530.2,6532.6,4,6532.6,6524.0,6536.6,6522.6,275.0,359151160.0,49316
2023-05-10 09:31:55,IM2309,IM2309,6532.2,0.0,0.0,0.0,2,6531.2,6532.4,1,6532.6,6524.0,6536.6,6522.6,275.0,359151160.0,49316
2023-05-10 09:31:55,IM2309,IM2309,6532.4,3.0,3919480.0,0.0,2,6531.2,6533.0,1,6532.6,6524.0,6536.6,6522.6,278.0,363070640.0,49316
2023-05-10 09:31:56,IM2309,IM2309,6532.4,0.0,0.0,0.0,1,6531.4,6536.6,1,6532.6,6524.0,6536.6,6522.6,278.0,363070640.0,49316
2023-05-10 09:31:56,IM2309,IM2309,6532.4,0.0,0.0,0.0,1,6532.0,6535.4,1,6532.6,6524.0,6536.6,6522.6,278.0,363070640.0,49316
2023-05-10 09:31:57,IM2309,IM2309,6532.4,0.0,0.0,0.0,1,6532.2,6534.8,1,6532.6,6524.0,6536.6,6522.6,278.0,363070640.0,49316
2023-05-10 09:31:57,IM2309,IM2309,6532.4,0.0,0.0,0.0,1,6532.4,6534.8,1,6532.6,6524.0,6536.6,6522.6,278.0,363070640.0,49316
2023-05-10 09:31:58,IM2309,IM2309,6532.4,0.0,0.0,0.0,1,6532.4,6534.6,1,6532.6,6524.0,6536.6,6522.6,278.0,363070640.0,49316
2023-05-10 09:31:58,IM2309,IM2309,6532.4,0.0,0.0,0.0,1,6532.2,6534.4,1,6532.6,6524.0,6536.6,6522.6,278.0,363070640.0,49316
2023-05-10 09:31:59,IM2309,IM2309,6532.4,0.0,0.0,0.0,1,6532.4,6534.8,1,6532.6,6524.0,6536.6,6522.6,278.0,363070640.0,49316
2023-05-10 09:31:59,IM2309,IM2309,6532.4,0.0,0.0,0.0,2,6532.4,6534.8,1,6532.6,6524.0,6536.6,6522.6,278.0,363070640.0,49316
2023-05-10 09:32:00,IM2309,IM2309,6535.2,3.0,3920920.0,-1.0,1,6535.2,6535.4,1,6532.6,6524.0,6536.6,6522.6,281.0,366991560.0,49315
2023-05-10 09:32:00,IM2309,IM2309,6534.8,2.0,2614000.0,-1.0,1,6535.6,6535.8,1,6532.6,6524.0,6536.6,6522.6,283.0,369605560.0,49314
2023-05-10 09:32:01,IM2309,IM2309,6536.4,3.0,3921560.0,-3.0,1,6532.2,6536.4,1,6532.6,6524.0,6536.6,6522.6,286.0,373527120.0,49311
2023-05-10 09:32:01,IM2309,IM2309,6536.4,1.0,1307280.0,0.0,1,6536.6,6538.2,1,6532.6,6524.0,6536.6,6522.6,287.0,374834400.0,49311
2023-05-10 09:32:02,IM2309,IM2309,6537.2,1.0,1307440.0,0.0,1,6536.0,6538.0,6,6532.6,6524.0,6537.2,6522.6,288.0,376141840.0,49311
2023-05-10 09:32:02,IM2309,IM2309,6537.2,0.0,0.0,0.0,1,6536.2,6537.8,1,6532.6,6524.0,6537.2,6522.6,288.0,376141840.0,49311
2023-05-10 09:32:03,IM2309,IM2309,6538.0,1.0,1307600.0,-1.0,1,6536.2,6538.0,4,6532.6,6524.0,6538.0,6522.6,289.0,377449440.0,49310
2023-05-10 09:32:03,IM2309,IM2309,6538.0,2.0,2615200.0,-2.0,1,6536.6,6538.0,2,6532.6,6524.0,6538.0,6522.6,291.0,380064640.0,49308
2023-05-10 09:32:04,IM2309,IM2309,6538.0,0.0,0.0,0.0,1,6536.8,6538.0,4,6532.6,6524.0,6538.0,6522.6,291.0,380064640.0,49308
2023-05-10 09:32:04,IM2309,IM2309,6538.0,0.0,0.0,0.0,2,6537.0,6538.0,2,6532.6,6524.0,6538.0,6522.6,291.0,380064640.0,49308
2023-05-10 09:32:05,IM2309,IM2309,6538.2,1.0,1307640.0,-1.0,1,6538.0,6538.8,2,6532.6,6524.0,6538.2,6522.6,292.0,381372280.0,49307
2023-05-10 09:32:05,IM2309,IM2309,6538.2,0.0,0.0,0.0,2,6537.0,6538.6,2,6532.6,6524.0,6538.2,6522.6,292.0,381372280.0,49307
2023-05-10 09:32:06,IM2309,IM2309,6538.2,0.0,0.0,0.0,1,6538.2,6538.6,2,6532.6,6524.0,6538.2,6522.6,292.0,381372280.0,49307
2023-05-10 09:32:06,IM2309,IM2309,6537.0,4.0,5229880.0,-4.0,3,6536.4,6538.6,2,6532.6,6524.0,6538.2,6522.6,296.0,386602160.0,49303
2023-05-10 09:32:07,IM2309,IM2309,6537.0,0.0,0.0,0.0,1,6536.2,6537.2,1,6532.6,6524.0,6538.2,6522.6,296.0,386602160.0,49303
2023-05-10 09:32:07,IM2309,IM2309,6536.2,1.0,1307240.0,0.0,2,6533.8,6536.8,1,6532.6,6524.0,6538.2,6522.6,297.0,387909400.0,49303
2023-05-10 09:32:08,IM2309,IM2309,6534.0,2.0,2613640.0,-1.0,1,6532.4,6535.6,2,6532.6,6524.0,6538.2,6522.6,299.0,390523040.0,49302
2023-05-10 09:32:08,IM2309,IM2309,6535.4,2.0,2614120.0,1.0,1,6532.4,6535.4,1,6532.6,6524.0,6538.2,6522.6,301.0,393137160.0,49303
2023-05-10 09:32:09,IM2309,IM2309,6535.4,1.0,1307080.0,-1.0,1,6533.2,6535.0,1,6532.6,6524.0,6538.2,6522.6,302.0,394444240.0,49302
2023-05-10 09:32:09,IM2309,IM2309,6535.2,1.0,1307040.0,-1.0,1,6533.6,6536.2,1,6532.6,6524.0,6538.2,6522.6,303.0,395751280.0,49301
2023-05-10 09:32:10,IM2309,IM2309,6535.2,0.0,0.0,0.0,1,6534.2,6536.4,1,6532.6,6524.0,6538.2,6522.6,303.0,395751280.0,49301
2023-05-10 09:32:10,IM2309,IM2309,6535.2,0.0,0.0,0.0,2,6534.6,6542.0,2,6532.6,6524.0,6538.2,6522.6,303.0,395751280.0,49301
2023-05-10 09:32:11,IM2309,IM2309,6535.2,0.0,0.0,0.0,1,6536.2,6538.4,1,6532.6,6524.0,6538.2,6522.6,303.0,395751280.0,49301
2023-05-10 09:32:11,IM2309,IM2309,6535.2,0.0,0.0,0.0,1,6534.6,6538.0,4,6532.6,6524.0,6538.2,6522.6,303.0,395751280.0,49301
2023-05-10 09:32:12,IM2309,IM2309,6535.2,0.0,0.0,0.0,2,6534.4,6537.8,1,6532.6,6524.0,6538.2,6522.6,303.0,395751280.0,49301
2023-05-10 09:32:12,IM2309,IM2309,6535.2,0.0,0.0,0.0,2,6534.8,6536.2,1,6532.6,6524.0,6538.2,6522.6,303.0,395751280.0,49301
2023-05-10 09:32:13,IM2309,IM2309,6536.2,1.0,1307240.0,0.0,2,6534.8,6537.6,2,6532.6,6524.0,6538.2,6522.6,304.0,397058520.0,49301
2023-05-10 09:32:13,IM2309,IM2309,6536.2,0.0,0.0,0.0,2,6534.8,6537.4,2,6532.6,6524.0,6538.2,6522.6,304.0,397058520.0,49301
2023-05-10 09:32:14,IM2309,IM2309,6536.2,0.0,0.0,0.0,2,6534.8,6537.0,1,6532.6,6524.0,6538.2,6522.6,304.0,397058520.0,49301
2023-05-10 09:32:14,IM2309,IM2309,6536.6,1.0,1307320.0,0.0,2,6534.8,6537.2,1,6532.6,6524.0,6538.2,6522.6,305.0,398365840.0,49301
2023-05-10 09:32:15,IM2309,IM2309,6536.6,0.0,0.0,0.0,1,6535.2,6536.6,1,6532.6,6524.0,6538.2,6522.6,305.0,398365840.0,49301
2023-05-10 09:32:15,IM2309,IM2309,6537.2,2.0,2614760.0,-1.0,1,6535.2,6537.4,1,6532.6,6524.0,6538.2,6522.6,307.0,400980600.0,49300
2023-05-10 09:32:16,IM2309,IM2309,6537.2,0.0,0.0,0.0,1,6535.4,6537.6,1,6532.6,6524.0,6538.2,6522.6,307.0,400980600.0,49300
2023-05-10 09:32:16,IM2309,IM2309,6537.2,0.0,0.0,0.0,2,6534.8,6537.4,1,6532.6,6524.0,6538.2,6522.6,307.0,400980600.0,49300
2023-05-10 09:32:17,IM2309,IM2309,6537.2,0.0,0.0,0.0,1,6535.2,6538.0,2,6532.6,6524.0,6538.2,6522.6,307.0,400980600.0,49300
2023-05-10 09:32:17,IM2309,IM2309,6537.2,0.0,0.0,0.0,1,6535.8,6537.8,1,6532.6,6524.0,6538.2,6522.6,307.0,400980600.0,49300
2023-05-10 09:32:18,IM2309,IM2309,6537.2,0.0,0.0,0.0,1,6536.2,6538.2,1,6532.6,6524.0,6538.2,6522.6,307.0,400980600.0,49300
2023-05-10 09:32:18,IM2309,IM2309,6537.2,0.0,0.0,0.0,1,6536.6,6539.8,1,6532.6,6524.0,6538.2,6522.6,307.0,400980600.0,49300
2023-05-10 09:32:19,IM2309,IM2309,6537.2,0.0,0.0,0.0,1,6538.0,6539.0,1,6532.6,6524.0,6538.2,6522.6,307.0,400980600.0,49300
2023-05-10 09:32:19,IM2309,IM2309,6538.0,1.0,1307600.0,0.0,1,6537.8,6538.8,3,6532.6,6524.0,6538.2,6522.6,308.0,402288200.0,49300
2023-05-10 09:32:20,IM2309,IM2309,6537.8,1.0,1307560.0,1.0,1,6536.2,6538.4,1,6532.6,6524.0,6538.2,6522.6,309.0,403595760.0,49301
2023-05-10 09:32:20,IM2309,IM2309,6537.8,0.0,0.0,0.0,1,6533.0,6537.8,2,6532.6,6524.0,6538.2,6522.6,309.0,403595760.0,49301
2023-05-10 09:32:21,IM2309,IM2309,6537.8,0.0,0.0,0.0,1,6535.4,6537.6,1,6532.6,6524.0,6538.2,6522.6,309.0,403595760.0,49301
2023-05-10 09:32:21,IM2309,IM2309,6537.8,0.0,0.0,0.0,3,6535.6,6537.6,1,6532.6,6524.0,6538.2,6522.6,309.0,403595760.0,49301
2023-05-10 09:32:22,IM2309,IM2309,6537.8,0.0,0.0,0.0,3,6535.6,6537.8,2,6532.6,6524.0,6538.2,6522.6,309.0,403595760.0,49301
2023-05-10 09:32:22,IM2309,IM2309,6537.8,0.0,0.0,0.0,2,6535.6,6537.8,2,6532.6,6524.0,6538.2,6522.6,309.0,403595760.0,49301
2023-05-10 09:32:23,IM2309,IM2309,6537.8,0.0,0.0,0.0,1,6535.8,6537.8,2,6532.6,6524.0,6538.2,6522.6,309.0,403595760.0,49301
2023-05-10 09:32:23,IM2309,IM2309,6537.8,0.0,0.0,0.0,2,6536.0,6539.0,1,6532.6,6524.0,6538.2,6522.6,309.0,403595760.0,49301
2023-05-10 09:32:24,IM2309,IM2309,6537.8,0.0,0.0,0.0,1,6536.2,6538.8,1,6532.6,6524.0,6538.2,6522.6,309.0,403595760.0,49301
2023-05-10 09:32:24,IM2309,IM2309,6537.8,0.0,0.0,0.0,1,6536.2,6538.6,4,6532.6,6524.0,6538.2,6522.6,309.0,403595760.0,49301
2023-05-10 09:32:25,IM2309,IM2309,6537.8,0.0,0.0,0.0,1,6536.2,6538.4,1,6532.6,6524.0,6538.2,6522.6,309.0,403595760.0,49301
2023-05-10 09:32:25,IM2309,IM2309,6536.2,1.0,1307240.0,0.0,2,6536.0,6538.2,2,6532.6,6524.0,6538.2,6522.6,310.0,404903000.0,49301
2023-05-10 09:32:26,IM2309,IM2309,6536.2,0.0,0.0,0.0,2,6535.6,6538.0,2,6532.6,6524.0,6538.2,6522.6,310.0,404903000.0,49301
2023-05-10 09:32:26,IM2309,IM2309,6536.2,0.0,0.0,0.0,1,6535.0,6535.8,1,6532.6,6524.0,6538.2,6522.6,310.0,404903000.0,49301
2023-05-10 09:32:27,IM2309,IM2309,6535.8,1.0,1307160.0,-1.0,3,6535.2,6537.8,1,6532.6,6524.0,6538.2,6522.6,311.0,406210160.0,49300
2023-05-10 09:32:27,IM2309,IM2309,6537.6,2.0,2615040.0,1.0,1,6535.0,6537.8,1,6532.6,6524.0,6538.2,6522.6,313.0,408825200.0,49301
2023-05-10 09:32:28,IM2309,IM2309,6537.6,0.0,0.0,0.0,1,6535.0,6536.4,1,6532.6,6524.0,6538.2,6522.6,313.0,408825200.0,49301
2023-05-10 09:32:28,IM2309,IM2309,6537.6,0.0,0.0,0.0,1,6535.0,6537.2,1,6532.6,6524.0,6538.2,6522.6,313.0,408825200.0,49301
2023-05-10 09:32:29,IM2309,IM2309,6535.0,1.0,1307000.0,0.0,1,6533.4,6536.4,1,6532.6,6524.0,6538.2,6522.6,314.0,410132200.0,49301
2023-05-10 09:32:29,IM2309,IM2309,6535.0,0.0,0.0,0.0,1,6533.8,6536.2,1,6532.6,6524.0,6538.2,6522.6,314.0,410132200.0,49301
2023-05-10 09:32:30,IM2309,IM2309,6535.0,0.0,0.0,0.0,1,6534.0,6536.4,1,6532.6,6524.0,6538.2,6522.6,314.0,410132200.0,49301
2023-05-10 09:32:30,IM2309,IM2309,6535.0,0.0,0.0,0.0,1,6534.4,6536.4,1,6532.6,6524.0,6538.2,6522.6,314.0,410132200.0,49301
2023-05-10 09:32:31,IM2309,IM2309,6535.0,0.0,0.0,0.0,3,6533.6,6534.2,1,6532.6,6524.0,6538.2,6522.6,314.0,410132200.0,49301
2023-05-10 09:32:32,IM2309,IM2309,6533.8,2.0,2613600.0,-2.0,2,6533.0,6536.2,5,6532.6,6524.0,6538.2,6522.6,316.0,412745800.0,49299
2023-05-10 09:32:32,IM2309,IM2309,6533.8,0.0,0.0,0.0,2,6533.0,6534.0,2,6532.6,6524.0,6538.2,6522.6,316.0,412745800.0,49299
2023-05-10 09:32:33,IM2309,IM2309,6533.8,0.0,0.0,0.0,1,6533.4,6535.8,1,6532.6,6524.0,6538.2,6522.6,316.0,412745800.0,49299
2023-05-10 09:32:33,IM2309,IM2309,6535.6,2.0,2614160.0,-1.0,4,6533.6,6536.0,2,6532.6,6524.0,6538.2,6522.6,318.0,415359960.0,49298
2023-05-10 09:32:34,IM2309,IM2309,6536.0,2.0,2614400.0,0.0,1,6536.0,6536.2,3,6532.6,6524.0,6538.2,6522.6,320.0,417974360.0,49298
2023-05-10 09:32:34,IM2309,IM2309,6538.0,7.0,9151400.0,0.0,1,6534.2,6538.4,1,6532.6,6524.0,6538.2,6522.6,327.0,427125760.0,49298
2023-05-10 09:32:35,IM2309,IM2309,6538.0,0.0,0.0,0.0,3,6535.2,6538.0,1,6532.6,6524.0,6538.2,6522.6,327.0,427125760.0,49298
2023-05-10 09:32:35,IM2309,IM2309,6538.0,0.0,0.0,0.0,1,6534.6,6537.4,1,6532.6,6524.0,6538.2,6522.6,327.0,427125760.0,49298
2023-05-10 09:32:36,IM2309,IM2309,6538.0,0.0,0.0,0.0,1,6534.8,6537.2,1,6532.6,6524.0,6538.2,6522.6,327.0,427125760.0,49298
2023-05-10 09:32:36,IM2309,IM2309,6538.0,0.0,0.0,0.0,1,6534.2,6534.4,1,6532.6,6524.0,6538.2,6522.6,327.0,427125760.0,49298
2023-05-10 09:32:37,IM2309,IM2309,6534.4,1.0,1306880.0,-1.0,1,6534.4,6537.2,1,6532.6,6524.0,6538.2,6522.6,328.0,428432640.0,49297
2023-05-10 09:32:37,IM2309,IM2309,6534.4,0.0,0.0,0.0,1,6534.6,6537.0,2,6532.6,6524.0,6538.2,6522.6,328.0,428432640.0,49297
2023-05-10 09:32:38,IM2309,IM2309,6534.4,0.0,0.0,0.0,1,6534.4,6537.0,2,6532.6,6524.0,6538.2,6522.6,328.0,428432640.0,49297
2023-05-10 09:32:38,IM2309,IM2309,6534.4,0.0,0.0,0.0,1,6534.6,6536.8,1,6532.6,6524.0,6538.2,6522.6,328.0,428432640.0,49297
2023-05-10 09:32:40,IM2309,IM2309,6534.4,0.0,0.0,0.0,3,6534.8,6536.8,1,6532.6,6524.0,6538.2,6522.6,328.0,428432640.0,49297
2023-05-10 09:32:40,IM2309,IM2309,6534.4,0.0,0.0,0.0,1,6535.0,6536.8,1,6532.6,6524.0,6538.2,6522.6,328.0,428432640.0,49297
2023-05-10 09:32:41,IM2309,IM2309,6534.4,0.0,0.0,0.0,3,6534.8,6536.8,1,6532.6,6524.0,6538.2,6522.6,328.0,428432640.0,49297
2023-05-10 09:32:41,IM2309,IM2309,6536.8,1.0,1307360.0,-1.0,1,6534.6,6534.8,1,6532.6,6524.0,6538.2,6522.6,329.0,429740000.0,49296
2023-05-10 09:32:42,IM2309,IM2309,6534.8,3.0,3920880.0,-1.0,1,6534.8,6537.0,1,6532.6,6524.0,6538.2,6522.6,332.0,433660880.0,49295
2023-05-10 09:32:42,IM2309,IM2309,6537.4,2.0,2614880.0,-1.0,2,6535.0,6537.8,1,6532.6,6524.0,6538.2,6522.6,334.0,436275760.0,49294
2023-05-10 09:32:43,IM2309,IM2309,6534.8,3.0,3920960.0,2.0,1,6534.6,6537.6,4,6532.6,6524.0,6538.2,6522.6,337.0,440196720.0,49296
2023-05-10 09:32:43,IM2309,IM2309,6534.8,0.0,0.0,0.0,1,6534.6,6537.0,1,6532.6,6524.0,6538.2,6522.6,337.0,440196720.0,49296
2023-05-10 09:32:44,IM2309,IM2309,6536.6,1.0,1307320.0,0.0,1,6534.4,6536.8,3,6532.6,6524.0,6538.2,6522.6,338.0,441504040.0,49296
2023-05-10 09:32:44,IM2309,IM2309,6536.6,0.0,0.0,0.0,1,6533.8,6536.6,1,6532.6,6524.0,6538.2,6522.6,338.0,441504040.0,49296
2023-05-10 09:32:45,IM2309,IM2309,6536.6,0.0,0.0,0.0,1,6533.6,6535.8,1,6532.6,6524.0,6538.2,6522.6,338.0,441504040.0,49296
2023-05-10 09:32:45,IM2309,IM2309,6536.6,0.0,0.0,0.0,2,6533.0,6535.6,5,6532.6,6524.0,6538.2,6522.6,338.0,441504040.0,49296
2023-05-10 09:32:46,IM2309,IM2309,6536.6,0.0,0.0,0.0,2,6533.0,6535.2,1,6532.6,6524.0,6538.2,6522.6,338.0,441504040.0,49296
2023-05-10 09:32:46,IM2309,IM2309,6533.4,1.0,1306680.0,0.0,3,6533.2,6535.0,5,6532.6,6524.0,6538.2,6522.6,339.0,442810720.0,49296
2023-05-10 09:32:47,IM2309,IM2309,6533.4,0.0,0.0,0.0,2,6533.0,6534.8,2,6532.6,6524.0,6538.2,6522.6,339.0,442810720.0,49296
2023-05-10 09:32:47,IM2309,IM2309,6533.4,0.0,0.0,0.0,2,6533.0,6534.6,2,6532.6,6524.0,6538.2,6522.6,339.0,442810720.0,49296
2023-05-10 09:32:48,IM2309,IM2309,6533.0,2.0,2613200.0,-1.0,2,6529.2,6534.4,1,6532.6,6524.0,6538.2,6522.6,341.0,445423920.0,49295
2023-05-10 09:32:48,IM2309,IM2309,6534.0,1.0,1306800.0,0.0,1,6532.0,6534.2,2,6532.6,6524.0,6538.2,6522.6,342.0,446730720.0,49295
2023-05-10 09:32:49,IM2309,IM2309,6534.0,0.0,0.0,0.0,1,6532.8,6534.0,1,6532.6,6524.0,6538.2,6522.6,342.0,446730720.0,49295
2023-05-10 09:32:49,IM2309,IM2309,6534.0,1.0,1306800.0,1.0,1,6532.2,6533.8,1,6532.6,6524.0,6538.2,6522.6,343.0,448037520.0,49296
2023-05-10 09:32:50,IM2309,IM2309,6534.0,0.0,0.0,0.0,1,6532.4,6533.8,1,6532.6,6524.0,6538.2,6522.6,343.0,448037520.0,49296
2023-05-10 09:32:50,IM2309,IM2309,6533.8,1.0,1306760.0,0.0,1,6532.6,6534.0,1,6532.6,6524.0,6538.2,6522.6,344.0,449344280.0,49296
2023-05-10 09:32:51,IM2309,IM2309,6533.8,0.0,0.0,0.0,2,6532.8,6534.0,1,6532.6,6524.0,6538.2,6522.6,344.0,449344280.0,49296
2023-05-10 09:32:51,IM2309,IM2309,6532.8,1.0,1306560.0,0.0,1,6532.8,6534.0,1,6532.6,6524.0,6538.2,6522.6,345.0,450650840.0,49296
2023-05-10 09:32:52,IM2309,IM2309,6536.4,1.0,1307280.0,1.0,1,6532.8,6537.0,1,6532.6,6524.0,6538.2,6522.6,346.0,451958120.0,49297
2023-05-10 09:32:52,IM2309,IM2309,6536.4,1.0,1307280.0,1.0,1,6533.2,6536.6,2,6532.6,6524.0,6538.2,6522.6,347.0,453265400.0,49298
2023-05-10 09:32:53,IM2309,IM2309,6536.4,0.0,0.0,0.0,1,6533.2,6536.0,1,6532.6,6524.0,6538.2,6522.6,347.0,453265400.0,49298
2023-05-10 09:32:53,IM2309,IM2309,6536.4,0.0,0.0,0.0,1,6533.8,6535.8,2,6532.6,6524.0,6538.2,6522.6,347.0,453265400.0,49298
2023-05-10 09:32:54,IM2309,IM2309,6536.4,0.0,0.0,0.0,2,6534.0,6535.8,1,6532.6,6524.0,6538.2,6522.6,347.0,453265400.0,49298
2023-05-10 09:32:54,IM2309,IM2309,6536.4,0.0,0.0,0.0,1,6534.6,6535.8,1,6532.6,6524.0,6538.2,6522.6,347.0,453265400.0,49298
2023-05-10 09:32:55,IM2309,IM2309,6534.2,1.0,1306840.0,0.0,2,6534.0,6535.8,1,6532.6,6524.0,6538.2,6522.6,348.0,454572240.0,49298
2023-05-10 09:32:56,IM2309,IM2309,6534.2,0.0,0.0,0.0,1,6533.2,6535.4,1,6532.6,6524.0,6538.2,6522.6,348.0,454572240.0,49298
2023-05-10 09:32:56,IM2309,IM2309,6534.2,0.0,0.0,0.0,2,6533.4,6533.8,1,6532.6,6524.0,6538.2,6522.6,348.0,454572240.0,49298
2023-05-10 09:32:57,IM2309,IM2309,6533.8,1.0,1306760.0,-1.0,2,6533.6,6535.6,3,6532.6,6524.0,6538.2,6522.6,349.0,455879000.0,49297
2023-05-10 09:32:57,IM2309,IM2309,6533.8,0.0,0.0,0.0,1,6533.2,6535.6,3,6532.6,6524.0,6538.2,6522.6,349.0,455879000.0,49297
2023-05-10 09:32:58,IM2309,IM2309,6533.8,0.0,0.0,0.0,1,6533.6,6535.6,3,6532.6,6524.0,6538.2,6522.6,349.0,455879000.0,49297
2023-05-10 09:32:59,IM2309,IM2309,6535.6,1.0,1307120.0,0.0,1,6533.6,6535.6,2,6532.6,6524.0,6538.2,6522.6,350.0,457186120.0,49297
2023-05-10 09:33:00,IM2309,IM2309,6535.6,0.0,0.0,0.0,1,6533.6,6535.4,1,6532.6,6524.0,6538.2,6522.6,350.0,457186120.0,49297
2023-05-10 09:33:00,IM2309,IM2309,6535.6,0.0,0.0,0.0,1,6534.0,6535.4,1,6532.6,6524.0,6538.2,6522.6,350.0,457186120.0,49297
2023-05-10 09:33:01,IM2309,IM2309,6535.6,0.0,0.0,0.0,1,6534.2,6535.4,1,6532.6,6524.0,6538.2,6522.6,350.0,457186120.0,49297
2023-05-10 09:33:01,IM2309,IM2309,6534.2,1.0,1306840.0,-1.0,1,6533.6,6535.2,2,6532.6,6524.0,6538.2,6522.6,351.0,458492960.0,49296
2023-05-10 09:33:02,IM2309,IM2309,6534.2,0.0,0.0,0.0,1,6534.0,6535.2,2,6532.6,6524.0,6538.2,6522.6,351.0,458492960.0,49296
2023-05-10 09:33:02,IM2309,IM2309,6534.2,0.0,0.0,0.0,2,6534.0,6535.2,2,6532.6,6524.0,6538.2,6522.6,351.0,458492960.0,49296
2023-05-10 09:33:03,IM2309,IM2309,6534.2,0.0,0.0,0.0,2,6534.2,6535.2,2,6532.6,6524.0,6538.2,6522.6,351.0,458492960.0,49296
2023-05-10 09:33:03,IM2309,IM2309,6535.2,1.0,1307040.0,1.0,2,6534.2,6535.2,1,6532.6,6524.0,6538.2,6522.6,352.0,459800000.0,49297
2023-05-10 09:33:04,IM2309,IM2309,6535.2,0.0,0.0,0.0,1,6534.4,6535.2,1,6532.6,6524.0,6538.2,6522.6,352.0,459800000.0,49297
2023-05-10 09:33:04,IM2309,IM2309,6535.2,1.0,1307040.0,0.0,2,6534.0,6535.8,1,6532.6,6524.0,6538.2,6522.6,353.0,461107040.0,49297
2023-05-10 09:33:05,IM2309,IM2309,6534.0,3.0,3920480.0,-2.0,2,6533.8,6535.8,1,6532.6,6524.0,6538.2,6522.6,356.0,465027520.0,49295
2023-05-10 09:33:05,IM2309,IM2309,6534.0,0.0,0.0,0.0,1,6533.6,6535.6,1,6532.6,6524.0,6538.2,6522.6,356.0,465027520.0,49295
2023-05-10 09:33:06,IM2309,IM2309,6534.0,0.0,0.0,0.0,1,6533.0,6535.2,1,6532.6,6524.0,6538.2,6522.6,356.0,465027520.0,49295
2023-05-10 09:33:06,IM2309,IM2309,6533.0,1.0,1306600.0,0.0,1,6532.2,6533.4,1,6532.6,6524.0,6538.2,6522.6,357.0,466334120.0,49295
2023-05-10 09:33:07,IM2309,IM2309,6533.0,0.0,0.0,0.0,1,6530.0,6533.4,1,6532.6,6524.0,6538.2,6522.6,357.0,466334120.0,49295
2023-05-10 09:33:07,IM2309,IM2309,6533.4,1.0,1306680.0,0.0,1,6531.4,6535.0,1,6532.6,6524.0,6538.2,6522.6,358.0,467640800.0,49295
2023-05-10 09:33:08,IM2309,IM2309,6533.4,0.0,0.0,0.0,1,6531.6,6534.4,2,6532.6,6524.0,6538.2,6522.6,358.0,467640800.0,49295
2023-05-10 09:33:08,IM2309,IM2309,6531.6,1.0,1306320.0,-1.0,1,6531.4,6532.2,1,6532.6,6524.0,6538.2,6522.6,359.0,468947120.0,49294
2023-05-10 09:33:09,IM2309,IM2309,6531.6,0.0,0.0,0.0,2,6531.2,6532.2,1,6532.6,6524.0,6538.2,6522.6,359.0,468947120.0,49294
2023-05-10 09:33:09,IM2309,IM2309,6531.6,0.0,0.0,0.0,1,6531.2,6532.2,1,6532.6,6524.0,6538.2,6522.6,359.0,468947120.0,49294
2023-05-10 09:33:10,IM2309,IM2309,6532.2,1.0,1306440.0,0.0,1,6531.2,6534.0,2,6532.6,6524.0,6538.2,6522.6,360.0,470253560.0,49294
2023-05-10 09:33:10,IM2309,IM2309,6532.2,0.0,0.0,0.0,1,6531.2,6533.8,5,6532.6,6524.0,6538.2,6522.6,360.0,470253560.0,49294
2023-05-10 09:33:11,IM2309,IM2309,6533.6,1.0,1306720.0,1.0,1,6531.4,6533.8,5,6532.6,6524.0,6538.2,6522.6,361.0,471560280.0,49295
2023-05-10 09:33:11,IM2309,IM2309,6533.8,2.0,2613080.0,0.0,1,6531.4,6533.8,1,6532.6,6524.0,6538.2,6522.6,363.0,474173360.0,49295
2023-05-10 09:33:12,IM2309,IM2309,6533.8,0.0,0.0,0.0,1,6531.6,6533.6,2,6532.6,6524.0,6538.2,6522.6,363.0,474173360.0,49295
2023-05-10 09:33:12,IM2309,IM2309,6533.8,0.0,0.0,0.0,1,6531.8,6533.8,1,6532.6,6524.0,6538.2,6522.6,363.0,474173360.0,49295
2023-05-10 09:33:13,IM2309,IM2309,6533.8,0.0,0.0,0.0,1,6531.8,6534.2,1,6532.6,6524.0,6538.2,6522.6,363.0,474173360.0,49295
2023-05-10 09:33:14,IM2309,IM2309,6533.8,0.0,0.0,0.0,1,6531.8,6534.0,1,6532.6,6524.0,6538.2,6522.6,363.0,474173360.0,49295
2023-05-10 09:33:15,IM2309,IM2309,6533.8,0.0,0.0,0.0,1,6531.8,6533.6,1,6532.6,6524.0,6538.2,6522.6,363.0,474173360.0,49295
2023-05-10 09:33:16,IM2309,IM2309,6533.8,0.0,0.0,0.0,1,6531.8,6533.2,1,6532.6,6524.0,6538.2,6522.6,363.0,474173360.0,49295
2023-05-10 09:33:16,IM2309,IM2309,6531.4,2.0,2612600.0,-1.0,1,6531.2,6531.6,1,6532.6,6524.0,6538.2,6522.6,365.0,476785960.0,49294
2023-05-10 09:33:17,IM2309,IM2309,6531.4,0.0,0.0,0.0,1,6530.2,6531.6,1,6532.6,6524.0,6538.2,6522.6,365.0,476785960.0,49294
2023-05-10 09:33:17,IM2309,IM2309,6531.4,0.0,0.0,0.0,1,6530.2,6531.2,1,6532.6,6524.0,6538.2,6522.6,365.0,476785960.0,49294
2023-05-10 09:33:18,IM2309,IM2309,6531.4,0.0,0.0,0.0,1,6530.0,6531.2,1,6532.6,6524.0,6538.2,6522.6,365.0,476785960.0,49294
2023-05-10 09:33:18,IM2309,IM2309,6531.4,1.0,1306280.0,0.0,1,6530.0,6531.0,1,6532.6,6524.0,6538.2,6522.6,366.0,478092240.0,49294
2023-05-10 09:33:19,IM2309,IM2309,6531.0,1.0,1306200.0,-1.0,1,6530.0,6531.2,1,6532.6,6524.0,6538.2,6522.6,367.0,479398440.0,49293
2023-05-10 09:33:20,IM2309,IM2309,6531.2,1.0,1306240.0,0.0,1,6530.4,6533.6,1,6532.6,6524.0,6538.2,6522.6,368.0,480704680.0,49293
2023-05-10 09:33:20,IM2309,IM2309,6531.2,0.0,0.0,0.0,1,6530.6,6532.0,2,6532.6,6524.0,6538.2,6522.6,368.0,480704680.0,49293
2023-05-10 09:33:21,IM2309,IM2309,6531.2,0.0,0.0,0.0,1,6530.0,6531.6,1,6532.6,6524.0,6538.2,6522.6,368.0,480704680.0,49293
2023-05-10 09:33:21,IM2309,IM2309,6531.2,0.0,0.0,0.0,1,6530.0,6530.4,1,6532.6,6524.0,6538.2,6522.6,368.0,480704680.0,49293
2023-05-10 09:33:22,IM2309,IM2309,6530.8,1.0,1306160.0,-1.0,1,6530.0,6531.4,1,6532.6,6524.0,6538.2,6522.6,369.0,482010840.0,49292
2023-05-10 09:33:22,IM2309,IM2309,6530.8,0.0,0.0,0.0,1,6530.0,6531.0,2,6532.6,6524.0,6538.2,6522.6,369.0,482010840.0,49292
2023-05-10 09:33:23,IM2309,IM2309,6530.8,0.0,0.0,0.0,1,6530.0,6531.6,1,6532.6,6524.0,6538.2,6522.6,369.0,482010840.0,49292
2023-05-10 09:33:24,IM2309,IM2309,6530.8,0.0,0.0,0.0,1,6530.0,6531.8,1,6532.6,6524.0,6538.2,6522.6,369.0,482010840.0,49292
2023-05-10 09:33:25,IM2309,IM2309,6531.8,2.0,2612360.0,0.0,1,6529.6,6532.4,1,6532.6,6524.0,6538.2,6522.6,371.0,484623200.0,49292
2023-05-10 09:33:26,IM2309,IM2309,6529.6,1.0,1305920.0,0.0,2,6526.4,6529.6,1,6532.6,6524.0,6538.2,6522.6,372.0,485929120.0,49292
2023-05-10 09:33:26,IM2309,IM2309,6529.6,1.0,1305920.0,0.0,1,6529.2,6529.4,1,6532.6,6524.0,6538.2,6522.6,373.0,487235040.0,49292
2023-05-10 09:33:27,IM2309,IM2309,6529.4,1.0,1305880.0,-1.0,1,6530.4,6531.4,1,6532.6,6524.0,6538.2,6522.6,374.0,488540920.0,49291
2023-05-10 09:33:27,IM2309,IM2309,6530.4,1.0,1306080.0,0.0,1,6528.0,6530.6,2,6532.6,6524.0,6538.2,6522.6,375.0,489847000.0,49291
2023-05-10 09:33:28,IM2309,IM2309,6530.4,0.0,0.0,0.0,2,6528.8,6531.2,1,6532.6,6524.0,6538.2,6522.6,375.0,489847000.0,49291
2023-05-10 09:33:28,IM2309,IM2309,6530.4,0.0,0.0,0.0,1,6529.0,6531.2,1,6532.6,6524.0,6538.2,6522.6,375.0,489847000.0,49291
2023-05-10 09:33:29,IM2309,IM2309,6530.4,0.0,0.0,0.0,1,6529.4,6531.2,1,6532.6,6524.0,6538.2,6522.6,375.0,489847000.0,49291
2023-05-10 09:33:29,IM2309,IM2309,6530.4,0.0,0.0,0.0,1,6529.8,6531.2,1,6532.6,6524.0,6538.2,6522.6,375.0,489847000.0,49291
2023-05-10 09:33:30,IM2309,IM2309,6531.2,1.0,1306240.0,-1.0,1,6529.8,6532.2,1,6532.6,6524.0,6538.2,6522.6,376.0,491153240.0,49290
2023-05-10 09:33:31,IM2309,IM2309,6531.2,0.0,0.0,0.0,1,6529.6,6531.4,1,6532.6,6524.0,6538.2,6522.6,376.0,491153240.0,49290
2023-05-10 09:33:31,IM2309,IM2309,6531.2,0.0,0.0,0.0,1,6529.0,6529.6,1,6532.6,6524.0,6538.2,6522.6,376.0,491153240.0,49290
2023-05-10 09:33:32,IM2309,IM2309,6531.2,0.0,0.0,0.0,1,6529.2,6529.6,1,6532.6,6524.0,6538.2,6522.6,376.0,491153240.0,49290
2023-05-10 09:33:33,IM2309,IM2309,6531.2,0.0,0.0,0.0,1,6528.0,6529.6,1,6532.6,6524.0,6538.2,6522.6,376.0,491153240.0,49290
2023-05-10 09:33:33,IM2309,IM2309,6531.2,0.0,0.0,0.0,1,6528.8,6529.6,1,6532.6,6524.0,6538.2,6522.6,376.0,491153240.0,49290
2023-05-10 09:33:34,IM2309,IM2309,6531.2,0.0,0.0,0.0,1,6528.0,6529.6,1,6532.6,6524.0,6538.2,6522.6,376.0,491153240.0,49290
2023-05-10 09:33:34,IM2309,IM2309,6531.2,0.0,0.0,0.0,1,6527.4,6529.6,1,6532.6,6524.0,6538.2,6522.6,376.0,491153240.0,49290
2023-05-10 09:33:35,IM2309,IM2309,6531.2,0.0,0.0,0.0,1,6528.0,6529.6,1,6532.6,6524.0,6538.2,6522.6,376.0,491153240.0,49290
2023-05-10 09:33:36,IM2309,IM2309,6531.2,0.0,0.0,0.0,1,6528.0,6529.4,1,6532.6,6524.0,6538.2,6522.6,376.0,491153240.0,49290
2023-05-10 09:33:36,IM2309,IM2309,6528.0,1.0,1305600.0,-1.0,1,6527.8,6529.2,1,6532.6,6524.0,6538.2,6522.6,377.0,492458840.0,49289
2023-05-10 09:33:37,IM2309,IM2309,6528.0,0.0,0.0,0.0,3,6526.6,6529.4,1,6532.6,6524.0,6538.2,6522.6,377.0,492458840.0,49289
2023-05-10 09:33:37,IM2309,IM2309,6528.0,0.0,0.0,0.0,2,6527.0,6527.8,1,6532.6,6524.0,6538.2,6522.6,377.0,492458840.0,49289
2023-05-10 09:33:38,IM2309,IM2309,6527.8,1.0,1305560.0,0.0,2,6527.2,6531.4,1,6532.6,6524.0,6538.2,6522.6,378.0,493764400.0,49289
2023-05-10 09:33:38,IM2309,IM2309,6527.8,0.0,0.0,0.0,2,6527.2,6530.0,1,6532.6,6524.0,6538.2,6522.6,378.0,493764400.0,49289
2023-05-10 09:33:39,IM2309,IM2309,6527.8,0.0,0.0,0.0,2,6527.2,6529.6,1,6532.6,6524.0,6538.2,6522.6,378.0,493764400.0,49289
2023-05-10 09:33:39,IM2309,IM2309,6527.8,0.0,0.0,0.0,2,6527.2,6529.8,2,6532.6,6524.0,6538.2,6522.6,378.0,493764400.0,49289
2023-05-10 09:33:40,IM2309,IM2309,6527.8,0.0,0.0,0.0,2,6527.0,6529.4,3,6532.6,6524.0,6538.2,6522.6,378.0,493764400.0,49289
2023-05-10 09:33:40,IM2309,IM2309,6527.8,0.0,0.0,0.0,2,6527.2,6529.6,1,6532.6,6524.0,6538.2,6522.6,378.0,493764400.0,49289
2023-05-10 09:33:41,IM2309,IM2309,6527.8,0.0,0.0,0.0,2,6527.2,6529.2,1,6532.6,6524.0,6538.2,6522.6,378.0,493764400.0,49289
2023-05-10 09:33:41,IM2309,IM2309,6527.0,1.0,1305400.0,-1.0,1,6527.0,6529.0,1,6532.6,6524.0,6538.2,6522.6,379.0,495069800.0,49288
2023-05-10 09:33:42,IM2309,IM2309,6527.0,0.0,0.0,0.0,3,6526.6,6529.0,1,6532.6,6524.0,6538.2,6522.6,379.0,495069800.0,49288
2023-05-10 09:33:42,IM2309,IM2309,6527.0,0.0,0.0,0.0,1,6527.0,6529.2,1,6532.6,6524.0,6538.2,6522.6,379.0,495069800.0,49288
2023-05-10 09:33:43,IM2309,IM2309,6527.0,0.0,0.0,0.0,2,6527.2,6529.6,1,6532.6,6524.0,6538.2,6522.6,379.0,495069800.0,49288
2023-05-10 09:33:43,IM2309,IM2309,6527.0,0.0,0.0,0.0,2,6527.4,6529.6,1,6532.6,6524.0,6538.2,6522.6,379.0,495069800.0,49288
2023-05-10 09:33:44,IM2309,IM2309,6527.0,0.0,0.0,0.0,2,6527.6,6529.4,1,6532.6,6524.0,6538.2,6522.6,379.0,495069800.0,49288
2023-05-10 09:33:44,IM2309,IM2309,6527.0,0.0,0.0,0.0,1,6527.4,6529.0,1,6532.6,6524.0,6538.2,6522.6,379.0,495069800.0,49288
2023-05-10 09:33:45,IM2309,IM2309,6527.0,0.0,0.0,0.0,1,6527.0,6529.0,1,6532.6,6524.0,6538.2,6522.6,379.0,495069800.0,49288
2023-05-10 09:33:45,IM2309,IM2309,6527.0,0.0,0.0,0.0,1,6526.6,6528.8,3,6532.6,6524.0,6538.2,6522.6,379.0,495069800.0,49288
2023-05-10 09:33:46,IM2309,IM2309,6527.0,0.0,0.0,0.0,1,6525.8,6528.6,2,6532.6,6524.0,6538.2,6522.6,379.0,495069800.0,49288
2023-05-10 09:33:46,IM2309,IM2309,6527.0,0.0,0.0,0.0,1,6525.8,6526.4,1,6532.6,6524.0,6538.2,6522.6,379.0,495069800.0,49288
2023-05-10 09:33:47,IM2309,IM2309,6526.4,1.0,1305280.0,-1.0,1,6525.8,6528.4,1,6532.6,6524.0,6538.2,6522.6,380.0,496375080.0,49287
2023-05-10 09:33:47,IM2309,IM2309,6526.4,0.0,0.0,0.0,1,6526.0,6528.2,2,6532.6,6524.0,6538.2,6522.6,380.0,496375080.0,49287
2023-05-10 09:33:48,IM2309,IM2309,6526.4,0.0,0.0,0.0,1,6526.0,6527.8,1,6532.6,6524.0,6538.2,6522.6,380.0,496375080.0,49287
2023-05-10 09:33:51,IM2309,IM2309,6525.8,1.0,1305160.0,0.0,1,6525.2,6527.6,3,6532.6,6524.0,6538.2,6522.6,381.0,497680240.0,49287
2023-05-10 09:33:52,IM2309,IM2309,6525.8,0.0,0.0,0.0,1,6525.2,6527.2,1,6532.6,6524.0,6538.2,6522.6,381.0,497680240.0,49287
2023-05-10 09:33:52,IM2309,IM2309,6525.8,0.0,0.0,0.0,1,6525.2,6527.0,2,6532.6,6524.0,6538.2,6522.6,381.0,497680240.0,49287
2023-05-10 09:33:53,IM2309,IM2309,6525.8,0.0,0.0,0.0,1,6525.2,6527.2,1,6532.6,6524.0,6538.2,6522.6,381.0,497680240.0,49287
2023-05-10 09:33:53,IM2309,IM2309,6525.8,0.0,0.0,0.0,1,6527.2,6527.4,1,6532.6,6524.0,6538.2,6522.6,381.0,497680240.0,49287
2023-05-10 09:33:54,IM2309,IM2309,6527.2,1.0,1305440.0,0.0,1,6525.2,6527.8,2,6532.6,6524.0,6538.2,6522.6,382.0,498985680.0,49287
2023-05-10 09:33:54,IM2309,IM2309,6527.2,0.0,0.0,0.0,2,6525.6,6527.8,1,6532.6,6524.0,6538.2,6522.6,382.0,498985680.0,49287
2023-05-10 09:33:55,IM2309,IM2309,6527.2,0.0,0.0,0.0,1,6526.0,6527.8,1,6532.6,6524.0,6538.2,6522.6,382.0,498985680.0,49287
2023-05-10 09:33:55,IM2309,IM2309,6527.8,1.0,1305560.0,-1.0,1,6526.0,6528.6,2,6532.6,6524.0,6538.2,6522.6,383.0,500291240.0,49286
2023-05-10 09:33:56,IM2309,IM2309,6527.8,0.0,0.0,0.0,2,6526.4,6529.6,1,6532.6,6524.0,6538.2,6522.6,383.0,500291240.0,49286
2023-05-10 09:33:56,IM2309,IM2309,6526.6,1.0,1305320.0,0.0,2,6526.4,6529.4,5,6532.6,6524.0,6538.2,6522.6,384.0,501596560.0,49286
2023-05-10 09:33:57,IM2309,IM2309,6526.6,0.0,0.0,0.0,2,6526.4,6529.2,1,6532.6,6524.0,6538.2,6522.6,384.0,501596560.0,49286
2023-05-10 09:33:57,IM2309,IM2309,6526.6,0.0,0.0,0.0,1,6526.6,6529.2,1,6532.6,6524.0,6538.2,6522.6,384.0,501596560.0,49286
2023-05-10 09:33:58,IM2309,IM2309,6526.6,0.0,0.0,0.0,2,6526.8,6529.4,1,6532.6,6524.0,6538.2,6522.6,384.0,501596560.0,49286
2023-05-10 09:33:58,IM2309,IM2309,6526.6,0.0,0.0,0.0,1,6527.0,6529.4,1,6532.6,6524.0,6538.2,6522.6,384.0,501596560.0,49286
2023-05-10 09:33:59,IM2309,IM2309,6526.6,0.0,0.0,0.0,2,6526.4,6529.0,3,6532.6,6524.0,6538.2,6522.6,384.0,501596560.0,49286
2023-05-10 09:33:59,IM2309,IM2309,6528.6,1.0,1305720.0,0.0,1,6526.0,6528.6,1,6532.6,6524.0,6538.2,6522.6,385.0,502902280.0,49286
2023-05-10 09:34:00,IM2309,IM2309,6528.6,1.0,1305720.0,1.0,1,6526.2,6528.6,1,6532.6,6524.0,6538.2,6522.6,386.0,504208000.0,49287
2023-05-10 09:34:00,IM2309,IM2309,6528.6,0.0,0.0,0.0,2,6526.4,6528.4,1,6532.6,6524.0,6538.2,6522.6,386.0,504208000.0,49287
2023-05-10 09:34:01,IM2309,IM2309,6528.6,0.0,0.0,0.0,2,6526.8,6529.6,1,6532.6,6524.0,6538.2,6522.6,386.0,504208000.0,49287
2023-05-10 09:34:01,IM2309,IM2309,6526.8,1.0,1305360.0,0.0,1,6526.8,6529.4,2,6532.6,6524.0,6538.2,6522.6,387.0,505513360.0,49287
2023-05-10 09:34:02,IM2309,IM2309,6526.8,0.0,0.0,0.0,1,6527.0,6529.0,1,6532.6,6524.0,6538.2,6522.6,387.0,505513360.0,49287
2023-05-10 09:34:02,IM2309,IM2309,6526.8,0.0,0.0,0.0,1,6526.4,6528.6,1,6532.6,6524.0,6538.2,6522.6,387.0,505513360.0,49287
2023-05-10 09:34:03,IM2309,IM2309,6526.8,0.0,0.0,0.0,1,6526.4,6528.4,2,6532.6,6524.0,6538.2,6522.6,387.0,505513360.0,49287
2023-05-10 09:34:03,IM2309,IM2309,6526.8,0.0,0.0,0.0,1,6525.6,6528.2,2,6532.6,6524.0,6538.2,6522.6,387.0,505513360.0,49287
2023-05-10 09:34:04,IM2309,IM2309,6526.8,0.0,0.0,0.0,1,6525.6,6527.8,2,6532.6,6524.0,6538.2,6522.6,387.0,505513360.0,49287
2023-05-10 09:34:05,IM2309,IM2309,6526.8,0.0,0.0,0.0,1,6525.6,6527.4,1,6532.6,6524.0,6538.2,6522.6,387.0,505513360.0,49287
2023-05-10 09:34:05,IM2309,IM2309,6526.8,0.0,0.0,0.0,1,6526.0,6528.2,1,6532.6,6524.0,6538.2,6522.6,387.0,505513360.0,49287
2023-05-10 09:34:06,IM2309,IM2309,6525.8,2.0,2610320.0,-1.0,1,6525.6,6528.2,1,6532.6,6524.0,6538.2,6522.6,389.0,508123680.0,49286
2023-05-10 09:34:07,IM2309,IM2309,6525.8,0.0,0.0,0.0,1,6525.6,6528.0,4,6532.6,6524.0,6538.2,6522.6,389.0,508123680.0,49286
2023-05-10 09:34:07,IM2309,IM2309,6525.8,0.0,0.0,0.0,1,6525.6,6528.0,1,6532.6,6524.0,6538.2,6522.6,389.0,508123680.0,49286
2023-05-10 09:34:08,IM2309,IM2309,6525.8,0.0,0.0,0.0,1,6526.0,6528.0,1,6532.6,6524.0,6538.2,6522.6,389.0,508123680.0,49286
2023-05-10 09:34:08,IM2309,IM2309,6528.0,1.0,1305600.0,-1.0,2,6526.0,6529.0,1,6532.6,6524.0,6538.2,6522.6,390.0,509429280.0,49285
2023-05-10 09:34:09,IM2309,IM2309,6528.0,0.0,0.0,0.0,1,6526.2,6528.6,5,6532.6,6524.0,6538.2,6522.6,390.0,509429280.0,49285
2023-05-10 09:34:09,IM2309,IM2309,6528.0,0.0,0.0,0.0,1,6525.6,6527.0,1,6532.6,6524.0,6538.2,6522.6,390.0,509429280.0,49285
2023-05-10 09:34:10,IM2309,IM2309,6528.0,0.0,0.0,0.0,1,6525.6,6528.0,1,6532.6,6524.0,6538.2,6522.6,390.0,509429280.0,49285
2023-05-10 09:34:11,IM2309,IM2309,6528.0,0.0,0.0,0.0,1,6525.8,6527.8,2,6532.6,6524.0,6538.2,6522.6,390.0,509429280.0,49285
2023-05-10 09:34:11,IM2309,IM2309,6525.8,1.0,1305160.0,-1.0,1,6525.6,6527.8,1,6532.6,6524.0,6538.2,6522.6,391.0,510734440.0,49284
2023-05-10 09:34:12,IM2309,IM2309,6525.8,0.0,0.0,0.0,1,6525.6,6527.4,1,6532.6,6524.0,6538.2,6522.6,391.0,510734440.0,49284
2023-05-10 09:34:12,IM2309,IM2309,6525.8,0.0,0.0,0.0,1,6525.6,6527.6,1,6532.6,6524.0,6538.2,6522.6,391.0,510734440.0,49284
2023-05-10 09:34:13,IM2309,IM2309,6525.8,0.0,0.0,0.0,1,6525.6,6527.8,1,6532.6,6524.0,6538.2,6522.6,391.0,510734440.0,49284
2023-05-10 09:34:13,IM2309,IM2309,6525.8,0.0,0.0,0.0,1,6527.6,6527.8,1,6532.6,6524.0,6538.2,6522.6,391.0,510734440.0,49284
2023-05-10 09:34:14,IM2309,IM2309,6527.6,1.0,1305520.0,-1.0,1,6525.6,6528.0,1,6532.6,6524.0,6538.2,6522.6,392.0,512039960.0,49283
2023-05-10 09:34:14,IM2309,IM2309,6527.6,0.0,0.0,0.0,1,6526.0,6528.4,1,6532.6,6524.0,6538.2,6522.6,392.0,512039960.0,49283
2023-05-10 09:34:15,IM2309,IM2309,6527.6,0.0,0.0,0.0,1,6526.0,6528.2,2,6532.6,6524.0,6538.2,6522.6,392.0,512039960.0,49283
2023-05-10 09:34:16,IM2309,IM2309,6527.6,0.0,0.0,0.0,1,6525.6,6528.0,1,6532.6,6524.0,6538.2,6522.6,392.0,512039960.0,49283
2023-05-10 09:34:16,IM2309,IM2309,6527.6,0.0,0.0,0.0,1,6525.6,6525.8,1,6532.6,6524.0,6538.2,6522.6,392.0,512039960.0,49283
2023-05-10 09:34:17,IM2309,IM2309,6525.8,1.0,1305160.0,-1.0,1,6526.0,6528.2,2,6532.6,6524.0,6538.2,6522.6,393.0,513345120.0,49282
2023-05-10 09:34:17,IM2309,IM2309,6525.8,0.0,0.0,0.0,1,6525.6,6527.8,1,6532.6,6524.0,6538.2,6522.6,393.0,513345120.0,49282
2023-05-10 09:34:18,IM2309,IM2309,6525.8,0.0,0.0,0.0,1,6525.6,6527.6,2,6532.6,6524.0,6538.2,6522.6,393.0,513345120.0,49282
2023-05-10 09:34:18,IM2309,IM2309,6525.8,0.0,0.0,0.0,1,6525.6,6527.4,2,6532.6,6524.0,6538.2,6522.6,393.0,513345120.0,49282
2023-05-10 09:34:19,IM2309,IM2309,6525.8,0.0,0.0,0.0,1,6525.6,6527.2,4,6532.6,6524.0,6538.2,6522.6,393.0,513345120.0,49282
2023-05-10 09:34:19,IM2309,IM2309,6525.8,0.0,0.0,0.0,1,6525.4,6527.0,1,6532.6,6524.0,6538.2,6522.6,393.0,513345120.0,49282
2023-05-10 09:34:20,IM2309,IM2309,6525.8,0.0,0.0,0.0,1,6525.4,6526.6,1,6532.6,6524.0,6538.2,6522.6,393.0,513345120.0,49282
2023-05-10 09:34:21,IM2309,IM2309,6525.8,0.0,0.0,0.0,1,6525.4,6527.2,1,6532.6,6524.0,6538.2,6522.6,393.0,513345120.0,49282
2023-05-10 09:34:21,IM2309,IM2309,6525.4,1.0,1305080.0,-1.0,1,6525.2,6527.4,2,6532.6,6524.0,6538.2,6522.6,394.0,514650200.0,49281
2023-05-10 09:34:22,IM2309,IM2309,6525.4,0.0,0.0,0.0,1,6525.2,6527.4,1,6532.6,6524.0,6538.2,6522.6,394.0,514650200.0,49281
2023-05-10 09:34:22,IM2309,IM2309,6525.4,0.0,0.0,0.0,1,6525.2,6527.6,1,6532.6,6524.0,6538.2,6522.6,394.0,514650200.0,49281
2023-05-10 09:34:23,IM2309,IM2309,6525.4,0.0,0.0,0.0,1,6525.4,6527.6,1,6532.6,6524.0,6538.2,6522.6,394.0,514650200.0,49281
2023-05-10 09:34:23,IM2309,IM2309,6525.4,0.0,0.0,0.0,1,6525.4,6527.4,1,6532.6,6524.0,6538.2,6522.6,394.0,514650200.0,49281
2023-05-10 09:34:24,IM2309,IM2309,6525.4,1.0,1305080.0,0.0,3,6525.2,6527.4,1,6532.6,6524.0,6538.2,6522.6,395.0,515955280.0,49281
2023-05-10 09:34:26,IM2309,IM2309,6528.6,3.0,3916840.0,-2.0,2,6525.6,6528.8,2,6532.6,6524.0,6538.2,6522.6,398.0,519872120.0,49279
2023-05-10 09:34:26,IM2309,IM2309,6528.0,2.0,2611320.0,0.0,1,6527.0,6529.6,1,6532.6,6524.0,6538.2,6522.6,400.0,522483440.0,49279
2023-05-10 09:34:27,IM2309,IM2309,6529.6,1.0,1305920.0,-1.0,1,6528.4,6535.0,7,6532.6,6524.0,6538.2,6522.6,401.0,523789360.0,49278
2023-05-10 09:34:27,IM2309,IM2309,6529.6,0.0,0.0,0.0,1,6528.8,6531.6,1,6532.6,6524.0,6538.2,6522.6,401.0,523789360.0,49278
2023-05-10 09:34:28,IM2309,IM2309,6529.6,0.0,0.0,0.0,2,6529.6,6531.4,2,6532.6,6524.0,6538.2,6522.6,401.0,523789360.0,49278
2023-05-10 09:34:28,IM2309,IM2309,6529.6,0.0,0.0,0.0,2,6529.6,6531.2,1,6532.6,6524.0,6538.2,6522.6,401.0,523789360.0,49278
2023-05-10 09:34:29,IM2309,IM2309,6529.6,0.0,0.0,0.0,4,6529.6,6531.6,1,6532.6,6524.0,6538.2,6522.6,401.0,523789360.0,49278
2023-05-10 09:34:30,IM2309,IM2309,6529.6,0.0,0.0,0.0,1,6529.8,6531.6,1,6532.6,6524.0,6538.2,6522.6,401.0,523789360.0,49278
2023-05-10 09:34:30,IM2309,IM2309,6529.6,0.0,0.0,0.0,1,6529.8,6531.2,1,6532.6,6524.0,6538.2,6522.6,401.0,523789360.0,49278
2023-05-10 09:34:31,IM2309,IM2309,6529.6,0.0,0.0,0.0,1,6529.8,6531.0,1,6532.6,6524.0,6538.2,6522.6,401.0,523789360.0,49278
2023-05-10 09:34:31,IM2309,IM2309,6529.6,1.0,1305920.0,-1.0,3,6529.6,6530.8,1,6532.6,6524.0,6538.2,6522.6,402.0,525095280.0,49277
2023-05-10 09:34:32,IM2309,IM2309,6529.6,3.0,3917760.0,-3.0,1,6529.0,6530.4,1,6532.6,6524.0,6538.2,6522.6,405.0,529013040.0,49274
2023-05-10 09:34:32,IM2309,IM2309,6529.6,0.0,0.0,0.0,3,6528.0,6529.4,1,6532.6,6524.0,6538.2,6522.6,405.0,529013040.0,49274
2023-05-10 09:34:33,IM2309,IM2309,6529.6,0.0,0.0,0.0,3,6528.0,6530.0,1,6532.6,6524.0,6538.2,6522.6,405.0,529013040.0,49274
2023-05-10 09:34:33,IM2309,IM2309,6529.6,0.0,0.0,0.0,1,6528.2,6530.2,1,6532.6,6524.0,6538.2,6522.6,405.0,529013040.0,49274
2023-05-10 09:34:34,IM2309,IM2309,6529.6,0.0,0.0,0.0,2,6528.4,6530.6,1,6532.6,6524.0,6538.2,6522.6,405.0,529013040.0,49274
2023-05-10 09:34:34,IM2309,IM2309,6529.6,0.0,0.0,0.0,2,6528.6,6530.6,1,6532.6,6524.0,6538.2,6522.6,405.0,529013040.0,49274
2023-05-10 09:34:35,IM2309,IM2309,6530.6,1.0,1306120.0,0.0,1,6529.2,6532.2,2,6532.6,6524.0,6538.2,6522.6,406.0,530319160.0,49274
2023-05-10 09:34:35,IM2309,IM2309,6530.6,0.0,0.0,0.0,1,6530.0,6532.0,3,6532.6,6524.0,6538.2,6522.6,406.0,530319160.0,49274
2023-05-10 09:34:36,IM2309,IM2309,6530.6,0.0,0.0,0.0,1,6530.0,6531.8,1,6532.6,6524.0,6538.2,6522.6,406.0,530319160.0,49274
2023-05-10 09:34:36,IM2309,IM2309,6530.0,1.0,1306000.0,0.0,2,6529.4,6532.0,2,6532.6,6524.0,6538.2,6522.6,407.0,531625160.0,49274
2023-05-10 09:34:37,IM2309,IM2309,6530.0,0.0,0.0,0.0,1,6530.0,6532.0,1,6532.6,6524.0,6538.2,6522.6,407.0,531625160.0,49274
2023-05-10 09:34:37,IM2309,IM2309,6529.6,4.0,5223880.0,-1.0,2,6529.4,6531.6,1,6532.6,6524.0,6538.2,6522.6,411.0,536849040.0,49273
2023-05-10 09:34:38,IM2309,IM2309,6529.4,2.0,2611760.0,-2.0,1,6528.6,6531.0,2,6532.6,6524.0,6538.2,6522.6,413.0,539460800.0,49271
2023-05-10 09:34:38,IM2309,IM2309,6528.6,1.0,1305720.0,-1.0,3,6528.0,6529.4,1,6532.6,6524.0,6538.2,6522.6,414.0,540766520.0,49270
2023-05-10 09:34:39,IM2309,IM2309,6528.6,0.0,0.0,0.0,3,6528.0,6529.2,1,6532.6,6524.0,6538.2,6522.6,414.0,540766520.0,49270
2023-05-10 09:34:39,IM2309,IM2309,6528.6,0.0,0.0,0.0,3,6528.0,6529.0,1,6532.6,6524.0,6538.2,6522.6,414.0,540766520.0,49270
2023-05-10 09:34:40,IM2309,IM2309,6528.6,0.0,0.0,0.0,3,6528.0,6528.8,1,6532.6,6524.0,6538.2,6522.6,414.0,540766520.0,49270
2023-05-10 09:34:40,IM2309,IM2309,6528.6,0.0,0.0,0.0,3,6528.0,6528.2,1,6532.6,6524.0,6538.2,6522.6,414.0,540766520.0,49270
2023-05-10 09:34:41,IM2309,IM2309,6528.2,4.0,5222440.0,-3.0,2,6525.2,6528.6,1,6532.6,6524.0,6538.2,6522.6,418.0,545988960.0,49267
2023-05-10 09:34:41,IM2309,IM2309,6528.2,0.0,0.0,0.0,4,6526.0,6527.8,1,6532.6,6524.0,6538.2,6522.6,418.0,545988960.0,49267
2023-05-10 09:34:42,IM2309,IM2309,6527.8,1.0,1305560.0,-1.0,2,6526.2,6528.8,1,6532.6,6524.0,6538.2,6522.6,419.0,547294520.0,49266
2023-05-10 09:34:42,IM2309,IM2309,6527.8,0.0,0.0,0.0,3,6526.2,6528.6,1,6532.6,6524.0,6538.2,6522.6,419.0,547294520.0,49266
2023-05-10 09:34:43,IM2309,IM2309,6527.8,0.0,0.0,0.0,2,6526.2,6528.2,1,6532.6,6524.0,6538.2,6522.6,419.0,547294520.0,49266
2023-05-10 09:34:43,IM2309,IM2309,6527.8,0.0,0.0,0.0,2,6526.2,6528.0,2,6532.6,6524.0,6538.2,6522.6,419.0,547294520.0,49266
2023-05-10 09:34:44,IM2309,IM2309,6527.8,0.0,0.0,0.0,2,6526.2,6528.0,1,6532.6,6524.0,6538.2,6522.6,419.0,547294520.0,49266
2023-05-10 09:34:45,IM2309,IM2309,6528.0,1.0,1305600.0,-1.0,2,6526.2,6528.4,1,6532.6,6524.0,6538.2,6522.6,420.0,548600120.0,49265
2023-05-10 09:34:45,IM2309,IM2309,6528.0,0.0,0.0,0.0,2,6526.2,6528.2,1,6532.6,6524.0,6538.2,6522.6,420.0,548600120.0,49265
2023-05-10 09:34:46,IM2309,IM2309,6528.0,0.0,0.0,0.0,2,6526.2,6527.8,3,6532.6,6524.0,6538.2,6522.6,420.0,548600120.0,49265
2023-05-10 09:34:46,IM2309,IM2309,6526.2,1.0,1305240.0,-1.0,1,6526.2,6527.6,1,6532.6,6524.0,6538.2,6522.6,421.0,549905360.0,49264
2023-05-10 09:34:47,IM2309,IM2309,6526.2,0.0,0.0,0.0,2,6525.4,6527.4,3,6532.6,6524.0,6538.2,6522.6,421.0,549905360.0,49264
2023-05-10 09:34:47,IM2309,IM2309,6526.2,0.0,0.0,0.0,1,6525.6,6527.2,1,6532.6,6524.0,6538.2,6522.6,421.0,549905360.0,49264
2023-05-10 09:34:48,IM2309,IM2309,6526.2,0.0,0.0,0.0,1,6526.0,6528.2,1,6532.6,6524.0,6538.2,6522.6,421.0,549905360.0,49264
2023-05-10 09:34:48,IM2309,IM2309,6526.2,0.0,0.0,0.0,1,6526.4,6529.4,1,6532.6,6524.0,6538.2,6522.6,421.0,549905360.0,49264
2023-05-10 09:34:49,IM2309,IM2309,6526.2,0.0,0.0,0.0,1,6526.4,6528.8,1,6532.6,6524.0,6538.2,6522.6,421.0,549905360.0,49264
2023-05-10 09:34:49,IM2309,IM2309,6526.2,0.0,0.0,0.0,1,6526.6,6528.4,2,6532.6,6524.0,6538.2,6522.6,421.0,549905360.0,49264
2023-05-10 09:34:50,IM2309,IM2309,6526.2,0.0,0.0,0.0,1,6526.2,6527.4,1,6532.6,6524.0,6538.2,6522.6,421.0,549905360.0,49264
2023-05-10 09:34:50,IM2309,IM2309,6526.2,0.0,0.0,0.0,1,6525.6,6527.6,1,6532.6,6524.0,6538.2,6522.6,421.0,549905360.0,49264
2023-05-10 09:34:51,IM2309,IM2309,6526.2,0.0,0.0,0.0,3,6526.0,6528.4,2,6532.6,6524.0,6538.2,6522.6,421.0,549905360.0,49264
2023-05-10 09:34:51,IM2309,IM2309,6526.2,1.0,1305240.0,-1.0,1,6526.4,6529.4,1,6532.6,6524.0,6538.2,6522.6,422.0,551210600.0,49263
2023-05-10 09:34:52,IM2309,IM2309,6526.2,0.0,0.0,0.0,1,6527.4,6529.4,1,6532.6,6524.0,6538.2,6522.6,422.0,551210600.0,49263
2023-05-10 09:34:52,IM2309,IM2309,6526.2,0.0,0.0,0.0,1,6527.4,6529.2,1,6532.6,6524.0,6538.2,6522.6,422.0,551210600.0,49263
2023-05-10 09:34:53,IM2309,IM2309,6526.2,0.0,0.0,0.0,1,6527.4,6529.0,1,6532.6,6524.0,6538.2,6522.6,422.0,551210600.0,49263
2023-05-10 09:34:53,IM2309,IM2309,6526.2,0.0,0.0,0.0,1,6527.6,6528.8,1,6532.6,6524.0,6538.2,6522.6,422.0,551210600.0,49263
2023-05-10 09:34:54,IM2309,IM2309,6528.6,1.0,1305720.0,0.0,1,6527.6,6528.6,2,6532.6,6524.0,6538.2,6522.6,423.0,552516320.0,49263
2023-05-10 09:34:54,IM2309,IM2309,6528.6,0.0,0.0,0.0,1,6527.6,6528.2,1,6532.6,6524.0,6538.2,6522.6,423.0,552516320.0,49263
2023-05-10 09:34:55,IM2309,IM2309,6529.0,2.0,2611560.0,0.0,1,6527.6,6529.4,1,6532.6,6524.0,6538.2,6522.6,425.0,555127880.0,49263
2023-05-10 09:34:55,IM2309,IM2309,6529.0,0.0,0.0,0.0,2,6528.0,6530.2,1,6532.6,6524.0,6538.2,6522.6,425.0,555127880.0,49263
2023-05-10 09:34:56,IM2309,IM2309,6529.0,0.0,0.0,0.0,1,6529.0,6530.8,1,6532.6,6524.0,6538.2,6522.6,425.0,555127880.0,49263
2023-05-10 09:34:56,IM2309,IM2309,6529.0,1.0,1305800.0,0.0,1,6529.0,6535.0,8,6532.6,6524.0,6538.2,6522.6,426.0,556433680.0,49263
2023-05-10 09:34:57,IM2309,IM2309,6529.0,0.0,0.0,0.0,1,6529.0,6531.6,1,6532.6,6524.0,6538.2,6522.6,426.0,556433680.0,49263
2023-05-10 09:34:57,IM2309,IM2309,6529.0,0.0,0.0,0.0,1,6529.0,6530.6,1,6532.6,6524.0,6538.2,6522.6,426.0,556433680.0,49263
2023-05-10 09:35:00,IM2309,IM2309,6529.0,0.0,0.0,0.0,1,6529.2,6531.4,2,6532.6,6524.0,6538.2,6522.6,426.0,556433680.0,49263
2023-05-10 09:35:01,IM2309,IM2309,6529.0,0.0,0.0,0.0,1,6529.6,6531.2,1,6532.6,6524.0,6538.2,6522.6,426.0,556433680.0,49263
2023-05-10 09:35:01,IM2309,IM2309,6529.0,1.0,1305800.0,-1.0,1,6531.2,6532.4,1,6532.6,6524.0,6538.2,6522.6,427.0,557739480.0,49262
2023-05-10 09:35:02,IM2309,IM2309,6531.2,2.0,2612480.0,1.0,1,6529.6,6531.2,1,6532.6,6524.0,6538.2,6522.6,429.0,560351960.0,49263
2023-05-10 09:35:02,IM2309,IM2309,6529.0,3.0,3917720.0,-1.0,1,6528.0,6530.8,1,6532.6,6524.0,6538.2,6522.6,432.0,564269680.0,49262
2023-05-10 09:35:03,IM2309,IM2309,6529.0,0.0,0.0,0.0,1,6528.4,6530.4,2,6532.6,6524.0,6538.2,6522.6,432.0,564269680.0,49262
2023-05-10 09:35:03,IM2309,IM2309,6530.0,1.0,1306000.0,-1.0,1,6527.8,6529.8,1,6532.6,6524.0,6538.2,6522.6,433.0,565575680.0,49261
2023-05-10 09:35:04,IM2309,IM2309,6530.0,0.0,0.0,0.0,1,6528.4,6529.6,1,6532.6,6524.0,6538.2,6522.6,433.0,565575680.0,49261
2023-05-10 09:35:04,IM2309,IM2309,6530.0,1.0,1306000.0,0.0,1,6529.8,6530.2,1,6532.6,6524.0,6538.2,6522.6,434.0,566881680.0,49261
2023-05-10 09:35:05,IM2309,IM2309,6529.8,1.0,1305960.0,-1.0,1,6528.8,6530.6,2,6532.6,6524.0,6538.2,6522.6,435.0,568187640.0,49260
2023-05-10 09:35:05,IM2309,IM2309,6529.8,0.0,0.0,0.0,1,6529.0,6530.6,1,6532.6,6524.0,6538.2,6522.6,435.0,568187640.0,49260
2023-05-10 09:35:06,IM2309,IM2309,6530.6,2.0,2611920.0,0.0,1,6528.8,6531.2,1,6532.6,6524.0,6538.2,6522.6,437.0,570799560.0,49260
2023-05-10 09:35:07,IM2309,IM2309,6530.6,0.0,0.0,0.0,1,6528.2,6531.0,2,6532.6,6524.0,6538.2,6522.6,437.0,570799560.0,49260
2023-05-10 09:35:07,IM2309,IM2309,6530.6,0.0,0.0,0.0,1,6528.6,6530.8,1,6532.6,6524.0,6538.2,6522.6,437.0,570799560.0,49260
2023-05-10 09:35:08,IM2309,IM2309,6530.8,1.0,1306160.0,-1.0,1,6529.0,6531.0,1,6532.6,6524.0,6538.2,6522.6,438.0,572105720.0,49259
2023-05-10 09:35:08,IM2309,IM2309,6530.8,0.0,0.0,0.0,1,6529.6,6535.0,7,6532.6,6524.0,6538.2,6522.6,438.0,572105720.0,49259
2023-05-10 09:35:09,IM2309,IM2309,6530.8,0.0,0.0,0.0,1,6529.8,6532.2,1,6532.6,6524.0,6538.2,6522.6,438.0,572105720.0,49259
2023-05-10 09:35:09,IM2309,IM2309,6530.8,0.0,0.0,0.0,1,6529.4,6532.0,2,6532.6,6524.0,6538.2,6522.6,438.0,572105720.0,49259
2023-05-10 09:35:10,IM2309,IM2309,6530.8,0.0,0.0,0.0,1,6530.0,6532.0,1,6532.6,6524.0,6538.2,6522.6,438.0,572105720.0,49259
2023-05-10 09:35:10,IM2309,IM2309,6532.0,1.0,1306400.0,-1.0,4,6530.2,6533.0,1,6532.6,6524.0,6538.2,6522.6,439.0,573412120.0,49258
2023-05-10 09:35:11,IM2309,IM2309,6532.0,0.0,0.0,0.0,1,6530.4,6532.6,1,6532.6,6524.0,6538.2,6522.6,439.0,573412120.0,49258
2023-05-10 09:35:11,IM2309,IM2309,6530.4,1.0,1306080.0,-1.0,3,6530.2,6532.2,1,6532.6,6524.0,6538.2,6522.6,440.0,574718200.0,49257
2023-05-10 09:35:12,IM2309,IM2309,6530.4,0.0,0.0,0.0,3,6530.2,6531.6,1,6532.6,6524.0,6538.2,6522.6,440.0,574718200.0,49257
2023-05-10 09:35:12,IM2309,IM2309,6530.4,0.0,0.0,0.0,2,6530.2,6531.4,1,6532.6,6524.0,6538.2,6522.6,440.0,574718200.0,49257
2023-05-10 09:35:14,IM2309,IM2309,6530.4,0.0,0.0,0.0,2,6530.2,6531.6,1,6532.6,6524.0,6538.2,6522.6,440.0,574718200.0,49257
2023-05-10 09:35:14,IM2309,IM2309,6530.4,0.0,0.0,0.0,1,6531.6,6534.8,1,6532.6,6524.0,6538.2,6522.6,440.0,574718200.0,49257
2023-05-10 09:35:15,IM2309,IM2309,6530.4,0.0,0.0,0.0,1,6532.2,6533.2,1,6532.6,6524.0,6538.2,6522.6,440.0,574718200.0,49257
2023-05-10 09:35:15,IM2309,IM2309,6532.2,1.0,1306440.0,-1.0,2,6530.2,6532.8,2,6532.6,6524.0,6538.2,6522.6,441.0,576024640.0,49256
2023-05-10 09:35:16,IM2309,IM2309,6532.6,1.0,1306520.0,1.0,1,6531.2,6532.8,1,6532.6,6524.0,6538.2,6522.6,442.0,577331160.0,49257
2023-05-10 09:35:16,IM2309,IM2309,6530.4,1.0,1306080.0,0.0,2,6530.2,6532.6,1,6532.6,6524.0,6538.2,6522.6,443.0,578637240.0,49257
2023-05-10 09:35:17,IM2309,IM2309,6530.4,0.0,0.0,0.0,2,6530.2,6532.4,3,6532.6,6524.0,6538.2,6522.6,443.0,578637240.0,49257
2023-05-10 09:35:17,IM2309,IM2309,6530.4,0.0,0.0,0.0,2,6530.2,6532.0,1,6532.6,6524.0,6538.2,6522.6,443.0,578637240.0,49257
2023-05-10 09:35:18,IM2309,IM2309,6530.4,0.0,0.0,0.0,1,6530.6,6532.2,1,6532.6,6524.0,6538.2,6522.6,443.0,578637240.0,49257
2023-05-10 09:35:18,IM2309,IM2309,6530.4,0.0,0.0,0.0,1,6530.6,6532.4,1,6532.6,6524.0,6538.2,6522.6,443.0,578637240.0,49257
2023-05-10 09:35:19,IM2309,IM2309,6530.4,0.0,0.0,0.0,1,6530.6,6532.8,1,6532.6,6524.0,6538.2,6522.6,443.0,578637240.0,49257
2023-05-10 09:35:19,IM2309,IM2309,6530.4,0.0,0.0,0.0,2,6530.8,6534.8,1,6532.6,6524.0,6538.2,6522.6,443.0,578637240.0,49257
2023-05-10 09:35:20,IM2309,IM2309,6530.4,0.0,0.0,0.0,1,6531.4,6534.0,2,6532.6,6524.0,6538.2,6522.6,443.0,578637240.0,49257
2023-05-10 09:35:20,IM2309,IM2309,6530.4,0.0,0.0,0.0,1,6531.4,6533.8,2,6532.6,6524.0,6538.2,6522.6,443.0,578637240.0,49257
2023-05-10 09:35:21,IM2309,IM2309,6533.2,1.0,1306640.0,0.0,1,6531.4,6533.8,2,6532.6,6524.0,6538.2,6522.6,444.0,579943880.0,49257
2023-05-10 09:35:21,IM2309,IM2309,6533.2,0.0,0.0,0.0,1,6530.8,6531.2,1,6532.6,6524.0,6538.2,6522.6,444.0,579943880.0,49257
2023-05-10 09:35:22,IM2309,IM2309,6531.2,1.0,1306240.0,-1.0,1,6531.2,6533.8,1,6532.6,6524.0,6538.2,6522.6,445.0,581250120.0,49256
2023-05-10 09:35:22,IM2309,IM2309,6531.2,0.0,0.0,0.0,1,6531.0,6533.4,1,6532.6,6524.0,6538.2,6522.6,445.0,581250120.0,49256
2023-05-10 09:35:23,IM2309,IM2309,6531.2,0.0,0.0,0.0,1,6531.0,6533.2,1,6532.6,6524.0,6538.2,6522.6,445.0,581250120.0,49256
2023-05-10 09:35:25,IM2309,IM2309,6531.2,0.0,0.0,0.0,1,6531.0,6533.0,1,6532.6,6524.0,6538.2,6522.6,445.0,581250120.0,49256
2023-05-10 09:35:25,IM2309,IM2309,6531.2,0.0,0.0,0.0,1,6531.0,6532.8,1,6532.6,6524.0,6538.2,6522.6,445.0,581250120.0,49256
2023-05-10 09:35:26,IM2309,IM2309,6531.0,1.0,1306200.0,-1.0,1,6530.6,6532.6,1,6532.6,6524.0,6538.2,6522.6,446.0,582556320.0,49255
2023-05-10 09:35:27,IM2309,IM2309,6531.0,0.0,0.0,0.0,1,6530.8,6532.4,1,6532.6,6524.0,6538.2,6522.6,446.0,582556320.0,49255
2023-05-10 09:35:27,IM2309,IM2309,6531.0,0.0,0.0,0.0,2,6530.2,6532.4,1,6532.6,6524.0,6538.2,6522.6,446.0,582556320.0,49255
2023-05-10 09:35:28,IM2309,IM2309,6531.0,0.0,0.0,0.0,1,6530.4,6532.4,1,6532.6,6524.0,6538.2,6522.6,446.0,582556320.0,49255
2023-05-10 09:35:28,IM2309,IM2309,6531.0,0.0,0.0,0.0,2,6530.4,6532.4,1,6532.6,6524.0,6538.2,6522.6,446.0,582556320.0,49255
2023-05-10 09:35:29,IM2309,IM2309,6531.0,0.0,0.0,0.0,1,6530.8,6532.4,1,6532.6,6524.0,6538.2,6522.6,446.0,582556320.0,49255
2023-05-10 09:35:29,IM2309,IM2309,6531.0,0.0,0.0,0.0,1,6530.4,6532.4,1,6532.6,6524.0,6538.2,6522.6,446.0,582556320.0,49255
2023-05-10 09:35:30,IM2309,IM2309,6531.0,0.0,0.0,0.0,1,6530.6,6532.8,1,6532.6,6524.0,6538.2,6522.6,446.0,582556320.0,49255
2023-05-10 09:35:30,IM2309,IM2309,6531.0,0.0,0.0,0.0,2,6530.2,6532.8,1,6532.6,6524.0,6538.2,6522.6,446.0,582556320.0,49255
2023-05-10 09:35:31,IM2309,IM2309,6531.0,0.0,0.0,0.0,1,6531.4,6532.6,1,6532.6,6524.0,6538.2,6522.6,446.0,582556320.0,49255
2023-05-10 09:35:31,IM2309,IM2309,6530.4,1.0,1306080.0,-1.0,2,6530.2,6532.2,1,6532.6,6524.0,6538.2,6522.6,447.0,583862400.0,49254
2023-05-10 09:35:32,IM2309,IM2309,6532.6,2.0,2612920.0,-2.0,2,6530.2,6532.8,2,6532.6,6524.0,6538.2,6522.6,449.0,586475320.0,49252
2023-05-10 09:35:32,IM2309,IM2309,6532.6,0.0,0.0,0.0,2,6530.4,6532.4,1,6532.6,6524.0,6538.2,6522.6,449.0,586475320.0,49252
2023-05-10 09:35:33,IM2309,IM2309,6533.4,4.0,5226440.0,-3.0,1,6530.8,6532.2,2,6532.6,6524.0,6538.2,6522.6,453.0,591701760.0,49249
2023-05-10 09:35:33,IM2309,IM2309,6532.2,2.0,2612880.0,0.0,3,6531.0,6534.2,1,6532.6,6524.0,6538.2,6522.6,455.0,594314640.0,49249
2023-05-10 09:35:34,IM2309,IM2309,6532.2,0.0,0.0,0.0,2,6531.2,6534.2,1,6532.6,6524.0,6538.2,6522.6,455.0,594314640.0,49249
2023-05-10 09:35:34,IM2309,IM2309,6532.2,0.0,0.0,0.0,1,6531.8,6535.0,5,6532.6,6524.0,6538.2,6522.6,455.0,594314640.0,49249
2023-05-10 09:35:35,IM2309,IM2309,6532.2,0.0,0.0,0.0,2,6532.0,6534.4,3,6532.6,6524.0,6538.2,6522.6,455.0,594314640.0,49249
2023-05-10 09:35:35,IM2309,IM2309,6532.2,0.0,0.0,0.0,2,6532.4,6534.4,1,6532.6,6524.0,6538.2,6522.6,455.0,594314640.0,49249
2023-05-10 09:35:36,IM2309,IM2309,6532.2,0.0,0.0,0.0,1,6532.6,6534.4,1,6532.6,6524.0,6538.2,6522.6,455.0,594314640.0,49249
2023-05-10 09:35:36,IM2309,IM2309,6532.2,1.0,1306440.0,-1.0,2,6532.0,6534.0,1,6532.6,6524.0,6538.2,6522.6,456.0,595621080.0,49248
2023-05-10 09:35:37,IM2309,IM2309,6532.2,0.0,0.0,0.0,1,6531.2,6533.8,1,6532.6,6524.0,6538.2,6522.6,456.0,595621080.0,49248
2023-05-10 09:35:37,IM2309,IM2309,6532.2,0.0,0.0,0.0,2,6531.4,6534.0,2,6532.6,6524.0,6538.2,6522.6,456.0,595621080.0,49248
2023-05-10 09:35:38,IM2309,IM2309,6532.2,0.0,0.0,0.0,1,6531.6,6534.0,1,6532.6,6524.0,6538.2,6522.6,456.0,595621080.0,49248
2023-05-10 09:35:38,IM2309,IM2309,6532.2,0.0,0.0,0.0,2,6531.8,6534.0,1,6532.6,6524.0,6538.2,6522.6,456.0,595621080.0,49248
2023-05-10 09:35:39,IM2309,IM2309,6532.2,0.0,0.0,0.0,1,6532.0,6534.4,1,6532.6,6524.0,6538.2,6522.6,456.0,595621080.0,49248
2023-05-10 09:35:40,IM2309,IM2309,6532.2,0.0,0.0,0.0,1,6532.6,6535.0,5,6532.6,6524.0,6538.2,6522.6,456.0,595621080.0,49248
2023-05-10 09:35:40,IM2309,IM2309,6532.2,0.0,0.0,0.0,1,6532.6,6534.8,1,6532.6,6524.0,6538.2,6522.6,456.0,595621080.0,49248
2023-05-10 09:35:41,IM2309,IM2309,6532.2,0.0,0.0,0.0,1,6532.8,6534.6,1,6532.6,6524.0,6538.2,6522.6,456.0,595621080.0,49248
2023-05-10 09:35:41,IM2309,IM2309,6532.8,2.0,2613480.0,0.0,2,6532.8,6535.0,5,6532.6,6524.0,6538.2,6522.6,458.0,598234560.0,49248
2023-05-10 09:35:42,IM2309,IM2309,6532.8,0.0,0.0,0.0,1,6532.6,6535.0,5,6532.6,6524.0,6538.2,6522.6,458.0,598234560.0,49248
2023-05-10 09:35:42,IM2309,IM2309,6532.8,0.0,0.0,0.0,1,6532.8,6535.0,5,6532.6,6524.0,6538.2,6522.6,458.0,598234560.0,49248
2023-05-10 09:35:43,IM2309,IM2309,6532.8,0.0,0.0,0.0,2,6532.8,6535.0,5,6532.6,6524.0,6538.2,6522.6,458.0,598234560.0,49248
2023-05-10 09:35:44,IM2309,IM2309,6535.0,1.0,1307000.0,-1.0,2,6532.8,6535.0,4,6532.6,6524.0,6538.2,6522.6,459.0,599541560.0,49247
2023-05-10 09:35:44,IM2309,IM2309,6535.0,0.0,0.0,0.0,3,6533.0,6535.0,4,6532.6,6524.0,6538.2,6522.6,459.0,599541560.0,49247
2023-05-10 09:35:45,IM2309,IM2309,6535.0,0.0,0.0,0.0,1,6533.2,6535.0,4,6532.6,6524.0,6538.2,6522.6,459.0,599541560.0,49247
2023-05-10 09:35:46,IM2309,IM2309,6533.2,1.0,1306640.0,0.0,1,6533.0,6534.8,1,6532.6,6524.0,6538.2,6522.6,460.0,600848200.0,49247
2023-05-10 09:35:47,IM2309,IM2309,6533.2,0.0,0.0,0.0,2,6532.8,6534.8,1,6532.6,6524.0,6538.2,6522.6,460.0,600848200.0,49247
2023-05-10 09:35:47,IM2309,IM2309,6533.2,0.0,0.0,0.0,1,6533.0,6535.0,4,6532.6,6524.0,6538.2,6522.6,460.0,600848200.0,49247
2023-05-10 09:35:48,IM2309,IM2309,6533.2,0.0,0.0,0.0,1,6533.4,6535.0,4,6532.6,6524.0,6538.2,6522.6,460.0,600848200.0,49247
2023-05-10 09:35:48,IM2309,IM2309,6533.2,0.0,0.0,0.0,1,6534.0,6535.0,4,6532.6,6524.0,6538.2,6522.6,460.0,600848200.0,49247
2023-05-10 09:35:49,IM2309,IM2309,6533.2,0.0,0.0,0.0,1,6534.4,6535.0,4,6532.6,6524.0,6538.2,6522.6,460.0,600848200.0,49247
2023-05-10 09:35:49,IM2309,IM2309,6534.4,1.0,1306880.0,1.0,1,6533.2,6534.6,1,6532.6,6524.0,6538.2,6522.6,461.0,602155080.0,49248
2023-05-10 09:35:50,IM2309,IM2309,6534.4,0.0,0.0,0.0,1,6532.8,6534.6,1,6532.6,6524.0,6538.2,6522.6,461.0,602155080.0,49248
2023-05-10 09:35:50,IM2309,IM2309,6534.4,0.0,0.0,0.0,1,6532.8,6534.4,2,6532.6,6524.0,6538.2,6522.6,461.0,602155080.0,49248
2023-05-10 09:35:51,IM2309,IM2309,6532.8,1.0,1306560.0,-1.0,1,6531.8,6534.0,1,6532.6,6524.0,6538.2,6522.6,462.0,603461640.0,49247
2023-05-10 09:35:52,IM2309,IM2309,6532.8,0.0,0.0,0.0,1,6534.0,6534.2,1,6532.6,6524.0,6538.2,6522.6,462.0,603461640.0,49247
2023-05-10 09:35:53,IM2309,IM2309,6534.0,1.0,1306800.0,-1.0,1,6531.8,6533.6,1,6532.6,6524.0,6538.2,6522.6,463.0,604768440.0,49246
2023-05-10 09:35:53,IM2309,IM2309,6534.0,0.0,0.0,0.0,1,6531.8,6534.0,1,6532.6,6524.0,6538.2,6522.6,463.0,604768440.0,49246
2023-05-10 09:35:54,IM2309,IM2309,6534.0,0.0,0.0,0.0,1,6531.4,6533.6,1,6532.6,6524.0,6538.2,6522.6,463.0,604768440.0,49246
2023-05-10 09:35:54,IM2309,IM2309,6534.0,0.0,0.0,0.0,1,6530.4,6533.6,1,6532.6,6524.0,6538.2,6522.6,463.0,604768440.0,49246
2023-05-10 09:35:55,IM2309,IM2309,6534.0,0.0,0.0,0.0,2,6530.8,6533.8,2,6532.6,6524.0,6538.2,6522.6,463.0,604768440.0,49246
2023-05-10 09:35:55,IM2309,IM2309,6534.0,0.0,0.0,0.0,2,6531.0,6533.8,1,6532.6,6524.0,6538.2,6522.6,463.0,604768440.0,49246
2023-05-10 09:35:56,IM2309,IM2309,6534.0,0.0,0.0,0.0,1,6531.2,6533.8,1,6532.6,6524.0,6538.2,6522.6,463.0,604768440.0,49246
2023-05-10 09:35:56,IM2309,IM2309,6531.4,1.0,1306280.0,-1.0,1,6531.2,6533.6,2,6532.6,6524.0,6538.2,6522.6,464.0,606074720.0,49245
2023-05-10 09:35:57,IM2309,IM2309,6531.4,0.0,0.0,0.0,1,6531.4,6533.8,1,6532.6,6524.0,6538.2,6522.6,464.0,606074720.0,49245
2023-05-10 09:35:57,IM2309,IM2309,6531.4,0.0,0.0,0.0,2,6531.6,6533.6,1,6532.6,6524.0,6538.2,6522.6,464.0,606074720.0,49245
2023-05-10 09:35:59,IM2309,IM2309,6531.4,0.0,0.0,0.0,2,6531.6,6533.8,1,6532.6,6524.0,6538.2,6522.6,464.0,606074720.0,49245
2023-05-10 09:35:59,IM2309,IM2309,6531.4,0.0,0.0,0.0,2,6531.8,6534.0,1,6532.6,6524.0,6538.2,6522.6,464.0,606074720.0,49245
2023-05-10 09:36:00,IM2309,IM2309,6531.4,0.0,0.0,0.0,1,6532.2,6534.0,1,6532.6,6524.0,6538.2,6522.6,464.0,606074720.0,49245
2023-05-10 09:36:01,IM2309,IM2309,6531.4,0.0,0.0,0.0,1,6532.4,6534.0,1,6532.6,6524.0,6538.2,6522.6,464.0,606074720.0,49245
2023-05-10 09:36:01,IM2309,IM2309,6532.0,1.0,1306400.0,-1.0,1,6532.2,6533.6,1,6532.6,6524.0,6538.2,6522.6,465.0,607381120.0,49244
2023-05-10 09:36:03,IM2309,IM2309,6532.0,0.0,0.0,0.0,1,6531.8,6533.0,1,6532.6,6524.0,6538.2,6522.6,465.0,607381120.0,49244
2023-05-10 09:36:04,IM2309,IM2309,6532.0,0.0,0.0,0.0,1,6531.6,6533.8,1,6532.6,6524.0,6538.2,6522.6,465.0,607381120.0,49244
2023-05-10 09:36:04,IM2309,IM2309,6532.0,0.0,0.0,0.0,2,6531.8,6534.0,1,6532.6,6524.0,6538.2,6522.6,465.0,607381120.0,49244
2023-05-10 09:36:05,IM2309,IM2309,6534.0,1.0,1306800.0,0.0,1,6532.2,6535.0,4,6532.6,6524.0,6538.2,6522.6,466.0,608687920.0,49244
2023-05-10 09:36:05,IM2309,IM2309,6534.0,0.0,0.0,0.0,3,6532.4,6534.8,3,6532.6,6524.0,6538.2,6522.6,466.0,608687920.0,49244
2023-05-10 09:36:06,IM2309,IM2309,6534.0,0.0,0.0,0.0,2,6532.6,6534.8,3,6532.6,6524.0,6538.2,6522.6,466.0,608687920.0,49244
2023-05-10 09:36:06,IM2309,IM2309,6532.6,2.0,2613080.0,1.0,1,6532.6,6534.8,1,6532.6,6524.0,6538.2,6522.6,468.0,611301000.0,49245
2023-05-10 09:36:07,IM2309,IM2309,6532.6,0.0,0.0,0.0,1,6533.0,6535.0,4,6532.6,6524.0,6538.2,6522.6,468.0,611301000.0,49245
2023-05-10 09:36:07,IM2309,IM2309,6532.6,0.0,0.0,0.0,2,6533.2,6535.0,4,6532.6,6524.0,6538.2,6522.6,468.0,611301000.0,49245
2023-05-10 09:36:08,IM2309,IM2309,6532.6,0.0,0.0,0.0,1,6534.0,6535.0,4,6532.6,6524.0,6538.2,6522.6,468.0,611301000.0,49245
2023-05-10 09:36:08,IM2309,IM2309,6535.0,4.0,5228000.0,-4.0,1,6534.2,6535.0,1,6532.6,6524.0,6538.2,6522.6,472.0,616529000.0,49241
2023-05-10 09:36:09,IM2309,IM2309,6535.0,1.0,1307000.0,-1.0,1,6535.0,6535.4,2,6532.6,6524.0,6538.2,6522.6,473.0,617836000.0,49240
2023-05-10 09:36:09,IM2309,IM2309,6535.4,2.0,2614160.0,-2.0,1,6535.0,6536.0,1,6532.6,6524.0,6538.2,6522.6,475.0,620450160.0,49238
2023-05-10 09:36:10,IM2309,IM2309,6535.4,0.0,0.0,0.0,1,6534.4,6536.0,1,6532.6,6524.0,6538.2,6522.6,475.0,620450160.0,49238
2023-05-10 09:36:11,IM2309,IM2309,6534.4,1.0,1306880.0,-1.0,1,6534.2,6536.0,1,6532.6,6524.0,6538.2,6522.6,476.0,621757040.0,49237
2023-05-10 09:36:12,IM2309,IM2309,6534.4,0.0,0.0,0.0,1,6534.2,6535.6,2,6532.6,6524.0,6538.2,6522.6,476.0,621757040.0,49237
2023-05-10 09:36:12,IM2309,IM2309,6534.4,0.0,0.0,0.0,1,6533.2,6535.2,1,6532.6,6524.0,6538.2,6522.6,476.0,621757040.0,49237
2023-05-10 09:36:13,IM2309,IM2309,6534.4,0.0,0.0,0.0,1,6531.8,6534.8,2,6532.6,6524.0,6538.2,6522.6,476.0,621757040.0,49237
2023-05-10 09:36:13,IM2309,IM2309,6534.6,1.0,1306920.0,0.0,1,6532.6,6534.8,1,6532.6,6524.0,6538.2,6522.6,477.0,623063960.0,49237
2023-05-10 09:36:14,IM2309,IM2309,6534.6,0.0,0.0,0.0,2,6532.8,6535.0,1,6532.6,6524.0,6538.2,6522.6,477.0,623063960.0,49237
2023-05-10 09:36:14,IM2309,IM2309,6534.6,0.0,0.0,0.0,3,6532.8,6534.8,1,6532.6,6524.0,6538.2,6522.6,477.0,623063960.0,49237
2023-05-10 09:36:15,IM2309,IM2309,6534.6,0.0,0.0,0.0,2,6532.8,6534.6,1,6532.6,6524.0,6538.2,6522.6,477.0,623063960.0,49237
2023-05-10 09:36:15,IM2309,IM2309,6534.6,1.0,1306920.0,1.0,2,6532.8,6534.8,1,6532.6,6524.0,6538.2,6522.6,478.0,624370880.0,49238
2023-05-10 09:36:16,IM2309,IM2309,6534.6,0.0,0.0,0.0,1,6533.2,6535.6,2,6532.6,6524.0,6538.2,6522.6,478.0,624370880.0,49238
2023-05-10 09:36:16,IM2309,IM2309,6533.4,1.0,1306680.0,-1.0,1,6533.2,6536.0,2,6532.6,6524.0,6538.2,6522.6,479.0,625677560.0,49237
2023-05-10 09:36:17,IM2309,IM2309,6533.4,0.0,0.0,0.0,1,6533.2,6535.8,1,6532.6,6524.0,6538.2,6522.6,479.0,625677560.0,49237
2023-05-10 09:36:17,IM2309,IM2309,6533.4,0.0,0.0,0.0,1,6533.4,6535.2,1,6532.6,6524.0,6538.2,6522.6,479.0,625677560.0,49237
2023-05-10 09:36:18,IM2309,IM2309,6533.4,0.0,0.0,0.0,1,6533.6,6535.2,1,6532.6,6524.0,6538.2,6522.6,479.0,625677560.0,49237
2023-05-10 09:36:18,IM2309,IM2309,6533.4,0.0,0.0,0.0,1,6533.4,6535.0,1,6532.6,6524.0,6538.2,6522.6,479.0,625677560.0,49237
2023-05-10 09:36:19,IM2309,IM2309,6533.4,0.0,0.0,0.0,1,6533.8,6535.8,1,6532.6,6524.0,6538.2,6522.6,479.0,625677560.0,49237
2023-05-10 09:36:19,IM2309,IM2309,6533.4,0.0,0.0,0.0,1,6534.2,6536.0,2,6532.6,6524.0,6538.2,6522.6,479.0,625677560.0,49237
2023-05-10 09:36:20,IM2309,IM2309,6533.4,0.0,0.0,0.0,1,6534.4,6536.0,2,6532.6,6524.0,6538.2,6522.6,479.0,625677560.0,49237
2023-05-10 09:36:21,IM2309,IM2309,6536.0,2.0,2614400.0,-2.0,1,6534.8,6539.8,1,6532.6,6524.0,6538.2,6522.6,481.0,628291960.0,49235
2023-05-10 09:36:21,IM2309,IM2309,6535.6,1.0,1307120.0,-1.0,1,6534.8,6538.4,1,6532.6,6524.0,6538.2,6522.6,482.0,629599080.0,49234
2023-05-10 09:36:22,IM2309,IM2309,6535.6,0.0,0.0,0.0,1,6535.0,6537.4,1,6532.6,6524.0,6538.2,6522.6,482.0,629599080.0,49234
2023-05-10 09:36:22,IM2309,IM2309,6537.4,1.0,1307480.0,0.0,2,6535.2,6538.2,1,6532.6,6524.0,6538.2,6522.6,483.0,630906560.0,49234
2023-05-10 09:36:23,IM2309,IM2309,6537.4,0.0,0.0,0.0,1,6536.2,6538.8,1,6532.6,6524.0,6538.2,6522.6,483.0,630906560.0,49234
2023-05-10 09:36:23,IM2309,IM2309,6537.4,0.0,0.0,0.0,1,6536.2,6538.4,1,6532.6,6524.0,6538.2,6522.6,483.0,630906560.0,49234
2023-05-10 09:36:24,IM2309,IM2309,6537.4,0.0,0.0,0.0,2,6536.6,6538.8,1,6532.6,6524.0,6538.2,6522.6,483.0,630906560.0,49234
2023-05-10 09:36:24,IM2309,IM2309,6537.4,0.0,0.0,0.0,3,6536.6,6539.6,1,6532.6,6524.0,6538.2,6522.6,483.0,630906560.0,49234
2023-05-10 09:36:25,IM2309,IM2309,6537.4,0.0,0.0,0.0,1,6537.0,6539.8,1,6532.6,6524.0,6538.2,6522.6,483.0,630906560.0,49234
2023-05-10 09:36:25,IM2309,IM2309,6537.4,0.0,0.0,0.0,1,6537.4,6539.2,1,6532.6,6524.0,6538.2,6522.6,483.0,630906560.0,49234
2023-05-10 09:36:26,IM2309,IM2309,6537.4,0.0,0.0,0.0,2,6536.4,6538.8,2,6532.6,6524.0,6538.2,6522.6,483.0,630906560.0,49234
2023-05-10 09:36:26,IM2309,IM2309,6537.4,0.0,0.0,0.0,1,6536.4,6537.2,1,6532.6,6524.0,6538.2,6522.6,483.0,630906560.0,49234
2023-05-10 09:36:27,IM2309,IM2309,6538.8,3.0,3922920.0,-2.0,2,6537.4,6539.0,1,6532.6,6524.0,6538.8,6522.6,486.0,634829480.0,49232
2023-05-10 09:36:27,IM2309,IM2309,6539.8,1.0,1307960.0,-1.0,2,6537.6,6545.0,1,6532.6,6524.0,6539.8,6522.6,487.0,636137440.0,49231
2023-05-10 09:36:28,IM2309,IM2309,6539.8,0.0,0.0,0.0,1,6538.0,6541.2,2,6532.6,6524.0,6539.8,6522.6,487.0,636137440.0,49231
2023-05-10 09:36:28,IM2309,IM2309,6539.8,0.0,0.0,0.0,1,6538.2,6540.0,1,6532.6,6524.0,6539.8,6522.6,487.0,636137440.0,49231
2023-05-10 09:36:29,IM2309,IM2309,6539.8,0.0,0.0,0.0,1,6537.8,6540.0,1,6532.6,6524.0,6539.8,6522.6,487.0,636137440.0,49231
2023-05-10 09:36:29,IM2309,IM2309,6539.8,0.0,0.0,0.0,1,6538.4,6541.0,1,6532.6,6524.0,6539.8,6522.6,487.0,636137440.0,49231
2023-05-10 09:36:30,IM2309,IM2309,6539.8,0.0,0.0,0.0,1,6538.6,6540.6,1,6532.6,6524.0,6539.8,6522.6,487.0,636137440.0,49231
2023-05-10 09:36:30,IM2309,IM2309,6538.6,1.0,1307720.0,-1.0,1,6538.4,6540.6,1,6532.6,6524.0,6539.8,6522.6,488.0,637445160.0,49230
2023-05-10 09:36:31,IM2309,IM2309,6538.4,1.0,1307680.0,-1.0,2,6537.8,6540.4,1,6532.6,6524.0,6539.8,6522.6,489.0,638752840.0,49229
2023-05-10 09:36:31,IM2309,IM2309,6538.2,1.0,1307640.0,-1.0,1,6537.8,6540.2,3,6532.6,6524.0,6539.8,6522.6,490.0,640060480.0,49228
2023-05-10 09:36:32,IM2309,IM2309,6538.2,0.0,0.0,0.0,2,6537.4,6539.8,1,6532.6,6524.0,6539.8,6522.6,490.0,640060480.0,49228
2023-05-10 09:36:32,IM2309,IM2309,6538.2,0.0,0.0,0.0,1,6537.6,6539.6,1,6532.6,6524.0,6539.8,6522.6,490.0,640060480.0,49228
2023-05-10 09:36:34,IM2309,IM2309,6538.2,0.0,0.0,0.0,1,6538.4,6539.6,1,6532.6,6524.0,6539.8,6522.6,490.0,640060480.0,49228
2023-05-10 09:36:34,IM2309,IM2309,6538.2,0.0,0.0,0.0,1,6538.4,6540.2,1,6532.6,6524.0,6539.8,6522.6,490.0,640060480.0,49228
2023-05-10 09:36:35,IM2309,IM2309,6539.6,1.0,1307920.0,-1.0,2,6537.6,6540.0,2,6532.6,6524.0,6539.8,6522.6,491.0,641368400.0,49227
2023-05-10 09:36:35,IM2309,IM2309,6537.4,3.0,3922480.0,-3.0,2,6535.6,6539.4,1,6532.6,6524.0,6539.8,6522.6,494.0,645290880.0,49224
2023-05-10 09:36:36,IM2309,IM2309,6537.4,0.0,0.0,0.0,1,6536.4,6539.0,1,6532.6,6524.0,6539.8,6522.6,494.0,645290880.0,49224
2023-05-10 09:36:36,IM2309,IM2309,6538.0,1.0,1307600.0,0.0,2,6535.6,6538.8,1,6532.6,6524.0,6539.8,6522.6,495.0,646598480.0,49224
2023-05-10 09:36:37,IM2309,IM2309,6538.4,1.0,1307680.0,-1.0,1,6534.0,6538.8,1,6532.6,6524.0,6539.8,6522.6,496.0,647906160.0,49223
2023-05-10 09:36:37,IM2309,IM2309,6538.4,0.0,0.0,0.0,1,6535.2,6538.4,1,6532.6,6524.0,6539.8,6522.6,496.0,647906160.0,49223
2023-05-10 09:36:38,IM2309,IM2309,6538.4,0.0,0.0,0.0,1,6535.2,6538.2,1,6532.6,6524.0,6539.8,6522.6,496.0,647906160.0,49223
2023-05-10 09:36:38,IM2309,IM2309,6538.4,0.0,0.0,0.0,1,6535.2,6538.0,2,6532.6,6524.0,6539.8,6522.6,496.0,647906160.0,49223
2023-05-10 09:36:39,IM2309,IM2309,6538.4,0.0,0.0,0.0,2,6534.4,6537.8,1,6532.6,6524.0,6539.8,6522.6,496.0,647906160.0,49223
2023-05-10 09:36:39,IM2309,IM2309,6538.4,0.0,0.0,0.0,1,6535.2,6537.8,1,6532.6,6524.0,6539.8,6522.6,496.0,647906160.0,49223
2023-05-10 09:36:40,IM2309,IM2309,6538.4,0.0,0.0,0.0,1,6535.8,6537.8,1,6532.6,6524.0,6539.8,6522.6,496.0,647906160.0,49223
2023-05-10 09:36:41,IM2309,IM2309,6538.4,0.0,0.0,0.0,3,6535.4,6537.6,1,6532.6,6524.0,6539.8,6522.6,496.0,647906160.0,49223
2023-05-10 09:36:42,IM2309,IM2309,6537.8,1.0,1307560.0,-1.0,2,6535.4,6538.2,1,6532.6,6524.0,6539.8,6522.6,497.0,649213720.0,49222
2023-05-10 09:36:42,IM2309,IM2309,6537.8,0.0,0.0,0.0,1,6537.8,6538.2,1,6532.6,6524.0,6539.8,6522.6,497.0,649213720.0,49222
2023-05-10 09:36:43,IM2309,IM2309,6537.8,2.0,2615120.0,0.0,1,6535.8,6539.4,1,6532.6,6524.0,6539.8,6522.6,499.0,651828840.0,49222
2023-05-10 09:36:43,IM2309,IM2309,6537.8,0.0,0.0,0.0,1,6538.2,6539.0,1,6532.6,6524.0,6539.8,6522.6,499.0,651828840.0,49222
2023-05-10 09:36:44,IM2309,IM2309,6538.2,1.0,1307640.0,-1.0,1,6536.0,6538.2,1,6532.6,6524.0,6539.8,6522.6,500.0,653136480.0,49221
2023-05-10 09:36:44,IM2309,IM2309,6538.2,0.0,0.0,0.0,2,6536.2,6538.8,1,6532.6,6524.0,6539.8,6522.6,500.0,653136480.0,49221
2023-05-10 09:36:45,IM2309,IM2309,6538.2,0.0,0.0,0.0,1,6536.4,6538.8,1,6532.6,6524.0,6539.8,6522.6,500.0,653136480.0,49221
2023-05-10 09:36:46,IM2309,IM2309,6538.2,0.0,0.0,0.0,2,6536.6,6538.8,1,6532.6,6524.0,6539.8,6522.6,500.0,653136480.0,49221
2023-05-10 09:36:46,IM2309,IM2309,6538.2,0.0,0.0,0.0,1,6536.8,6538.8,1,6532.6,6524.0,6539.8,6522.6,500.0,653136480.0,49221
2023-05-10 09:36:48,IM2309,IM2309,6538.2,0.0,0.0,0.0,1,6537.2,6538.8,1,6532.6,6524.0,6539.8,6522.6,500.0,653136480.0,49221
2023-05-10 09:36:49,IM2309,IM2309,6538.2,0.0,0.0,0.0,1,6536.8,6538.6,1,6532.6,6524.0,6539.8,6522.6,500.0,653136480.0,49221
2023-05-10 09:36:49,IM2309,IM2309,6536.8,1.0,1307360.0,0.0,1,6536.4,6538.6,1,6532.6,6524.0,6539.8,6522.6,501.0,654443840.0,49221
2023-05-10 09:36:50,IM2309,IM2309,6536.8,0.0,0.0,0.0,1,6537.0,6538.8,1,6532.6,6524.0,6539.8,6522.6,501.0,654443840.0,49221
2023-05-10 09:36:51,IM2309,IM2309,6538.8,1.0,1307760.0,-1.0,1,6537.0,6539.2,1,6532.6,6524.0,6539.8,6522.6,502.0,655751600.0,49220
2023-05-10 09:36:51,IM2309,IM2309,6538.8,0.0,0.0,0.0,1,6537.4,6539.4,1,6532.6,6524.0,6539.8,6522.6,502.0,655751600.0,49220
2023-05-10 09:36:52,IM2309,IM2309,6539.4,1.0,1307880.0,-1.0,1,6539.6,6541.0,1,6532.6,6524.0,6539.8,6522.6,503.0,657059480.0,49219
2023-05-10 09:36:52,IM2309,IM2309,6539.4,0.0,0.0,0.0,1,6539.6,6539.8,1,6532.6,6524.0,6539.8,6522.6,503.0,657059480.0,49219
2023-05-10 09:36:53,IM2309,IM2309,6539.8,1.0,1307960.0,-1.0,1,6539.8,6540.8,3,6532.6,6524.0,6539.8,6522.6,504.0,658367440.0,49218
2023-05-10 09:36:53,IM2309,IM2309,6541.0,2.0,2616320.0,-1.0,1,6539.0,6540.6,2,6532.6,6524.0,6541.0,6522.6,506.0,660983760.0,49217
2023-05-10 09:36:54,IM2309,IM2309,6541.0,0.0,0.0,0.0,1,6539.4,6544.8,1,6532.6,6524.0,6541.0,6522.6,506.0,660983760.0,49217
2023-05-10 09:36:54,IM2309,IM2309,6541.0,0.0,0.0,0.0,1,6540.2,6543.0,1,6532.6,6524.0,6541.0,6522.6,506.0,660983760.0,49217
2023-05-10 09:36:55,IM2309,IM2309,6542.8,2.0,2617120.0,-1.0,1,6541.2,6542.8,1,6532.6,6524.0,6542.8,6522.6,508.0,663600880.0,49216
2023-05-10 09:36:55,IM2309,IM2309,6542.8,0.0,0.0,0.0,1,6541.4,6542.8,1,6532.6,6524.0,6542.8,6522.6,508.0,663600880.0,49216
2023-05-10 09:36:56,IM2309,IM2309,6542.8,0.0,0.0,0.0,3,6541.4,6542.8,1,6532.6,6524.0,6542.8,6522.6,508.0,663600880.0,49216
2023-05-10 09:36:56,IM2309,IM2309,6542.8,0.0,0.0,0.0,1,6541.8,6542.8,1,6532.6,6524.0,6542.8,6522.6,508.0,663600880.0,49216
2023-05-10 09:36:57,IM2309,IM2309,6542.8,2.0,2616920.0,0.0,1,6541.4,6543.0,1,6532.6,6524.0,6542.8,6522.6,510.0,666217800.0,49216
2023-05-10 09:36:57,IM2309,IM2309,6542.8,1.0,1308560.0,-1.0,1,6541.2,6542.8,1,6532.6,6524.0,6542.8,6522.6,511.0,667526360.0,49215
2023-05-10 09:36:58,IM2309,IM2309,6542.8,0.0,0.0,0.0,1,6541.0,6542.6,2,6532.6,6524.0,6542.8,6522.6,511.0,667526360.0,49215
2023-05-10 09:36:59,IM2309,IM2309,6542.8,1.0,1308560.0,-1.0,1,6541.0,6542.6,1,6532.6,6524.0,6542.8,6522.6,512.0,668834920.0,49214
2023-05-10 09:36:59,IM2309,IM2309,6541.0,1.0,1308200.0,0.0,1,6540.4,6542.8,1,6532.6,6524.0,6542.8,6522.6,513.0,670143120.0,49214
2023-05-10 09:37:00,IM2309,IM2309,6540.4,1.0,1308080.0,-1.0,1,6539.6,6542.6,2,6532.6,6524.0,6542.8,6522.6,514.0,671451200.0,49213
2023-05-10 09:37:00,IM2309,IM2309,6540.4,0.0,0.0,0.0,1,6539.6,6540.0,1,6532.6,6524.0,6542.8,6522.6,514.0,671451200.0,49213
2023-05-10 09:37:01,IM2309,IM2309,6539.6,1.0,1307920.0,-1.0,2,6535.6,6539.6,1,6532.6,6524.0,6542.8,6522.6,515.0,672759120.0,49212
2023-05-10 09:37:01,IM2309,IM2309,6539.6,0.0,0.0,0.0,1,6537.4,6540.0,1,6532.6,6524.0,6542.8,6522.6,515.0,672759120.0,49212
2023-05-10 09:37:02,IM2309,IM2309,6539.6,0.0,0.0,0.0,1,6537.8,6540.0,1,6532.6,6524.0,6542.8,6522.6,515.0,672759120.0,49212
2023-05-10 09:37:02,IM2309,IM2309,6539.6,0.0,0.0,0.0,1,6537.8,6539.8,1,6532.6,6524.0,6542.8,6522.6,515.0,672759120.0,49212
2023-05-10 09:37:03,IM2309,IM2309,6540.0,1.0,1308000.0,-1.0,2,6537.4,6540.4,1,6532.6,6524.0,6542.8,6522.6,516.0,674067120.0,49211
2023-05-10 09:37:03,IM2309,IM2309,6540.0,0.0,0.0,0.0,1,6537.4,6540.2,2,6532.6,6524.0,6542.8,6522.6,516.0,674067120.0,49211
2023-05-10 09:37:04,IM2309,IM2309,6540.0,0.0,0.0,0.0,1,6537.2,6540.2,2,6532.6,6524.0,6542.8,6522.6,516.0,674067120.0,49211
2023-05-10 09:37:05,IM2309,IM2309,6540.0,1.0,1308000.0,-1.0,1,6537.2,6540.0,2,6532.6,6524.0,6542.8,6522.6,517.0,675375120.0,49210
2023-05-10 09:37:05,IM2309,IM2309,6539.8,1.0,1307960.0,0.0,1,6535.8,6539.8,2,6532.6,6524.0,6542.8,6522.6,518.0,676683080.0,49210
2023-05-10 09:37:06,IM2309,IM2309,6539.8,0.0,0.0,0.0,1,6536.6,6539.2,1,6532.6,6524.0,6542.8,6522.6,518.0,676683080.0,49210
2023-05-10 09:37:06,IM2309,IM2309,6539.8,0.0,0.0,0.0,2,6536.6,6538.8,2,6532.6,6524.0,6542.8,6522.6,518.0,676683080.0,49210
2023-05-10 09:37:07,IM2309,IM2309,6539.8,0.0,0.0,0.0,1,6536.6,6537.4,1,6532.6,6524.0,6542.8,6522.6,518.0,676683080.0,49210
2023-05-10 09:37:07,IM2309,IM2309,6537.4,1.0,1307480.0,0.0,1,6534.6,6538.6,2,6532.6,6524.0,6542.8,6522.6,519.0,677990560.0,49210
2023-05-10 09:37:08,IM2309,IM2309,6537.4,0.0,0.0,0.0,2,6535.4,6538.4,1,6532.6,6524.0,6542.8,6522.6,519.0,677990560.0,49210
2023-05-10 09:37:08,IM2309,IM2309,6538.6,2.0,2615400.0,-1.0,1,6538.0,6539.0,1,6532.6,6524.0,6542.8,6522.6,521.0,680605960.0,49209
2023-05-10 09:37:09,IM2309,IM2309,6539.0,1.0,1307800.0,-1.0,1,6538.6,6540.2,1,6532.6,6524.0,6542.8,6522.6,522.0,681913760.0,49208
2023-05-10 09:37:09,IM2309,IM2309,6539.0,0.0,0.0,0.0,2,6538.8,6540.2,1,6532.6,6524.0,6542.8,6522.6,522.0,681913760.0,49208
2023-05-10 09:37:10,IM2309,IM2309,6539.0,0.0,0.0,0.0,1,6539.8,6542.4,1,6532.6,6524.0,6542.8,6522.6,522.0,681913760.0,49208
2023-05-10 09:37:10,IM2309,IM2309,6539.0,0.0,0.0,0.0,1,6540.0,6541.6,2,6532.6,6524.0,6542.8,6522.6,522.0,681913760.0,49208
2023-05-10 09:37:11,IM2309,IM2309,6539.0,0.0,0.0,0.0,1,6540.4,6541.4,1,6532.6,6524.0,6542.8,6522.6,522.0,681913760.0,49208
2023-05-10 09:37:12,IM2309,IM2309,6539.0,0.0,0.0,0.0,1,6539.0,6541.4,1,6532.6,6524.0,6542.8,6522.6,522.0,681913760.0,49208
2023-05-10 09:37:12,IM2309,IM2309,6539.0,0.0,0.0,0.0,1,6541.4,6542.2,1,6532.6,6524.0,6542.8,6522.6,522.0,681913760.0,49208
2023-05-10 09:37:13,IM2309,IM2309,6541.4,1.0,1308280.0,0.0,6,6539.2,6542.0,1,6532.6,6524.0,6542.8,6522.6,523.0,683222040.0,49208
2023-05-10 09:37:13,IM2309,IM2309,6541.4,0.0,0.0,0.0,1,6540.8,6544.8,1,6532.6,6524.0,6542.8,6522.6,523.0,683222040.0,49208
2023-05-10 09:37:14,IM2309,IM2309,6541.4,0.0,0.0,0.0,1,6541.0,6542.8,2,6532.6,6524.0,6542.8,6522.6,523.0,683222040.0,49208
