time,symbol_id,symbol_name,last,trade_volume,trade_amount,open_interest_change,bv1,bp1,ap1,av1,yesterday_close,today_open,today_high,today_low,volume,amount,open_interest
2023-05-10 09:29:00,IM2305,IM2305,6613.8,33.0,43651080.0,-29.0,2,6611.0,6613.8,1,6613.6,6613.8,6613.8,6613.8,33.0,43651080.0,46833
2023-05-10 09:30:00,IM2305,IM2305,6613.2,10.0,13222760.0,-4.0,1,6609.8,6610.8,6,6613.6,6613.8,6613.8,6610.0,43.0,56873840.0,46829
2023-05-10 09:30:00,IM2305,IM2305,6610.0,13.0,17185360.0,-9.0,20,6606.0,6610.0,5,6613.6,6613.8,6613.8,6606.0,56.0,74059200.0,46820
2023-05-10 09:30:01,IM2305,IM2305,6606.0,38.0,50215720.0,-32.0,2,6606.2,6609.8,1,6613.6,6613.8,6613.8,6606.0,94.0,124274920.0,46788
2023-05-10 09:30:01,IM2305,IM2305,6608.6,17.0,22462000.0,-13.0,8,6604.6,6606.0,1,6613.6,6613.8,6613.8,6605.0,111.0,146736920.0,46775
2023-05-10 09:30:02,IM2305,IM2305,6608.4,8.0,10570520.0,-1.0,1,6606.2,6608.4,2,6613.6,6613.8,6613.8,6604.6,119.0,157307440.0,46774
2023-05-10 09:30:02,IM2305,IM2305,6606.4,14.0,18495400.0,-8.0,1,6606.4,6607.2,1,6613.6,6613.8,6613.8,6604.6,133.0,175802840.0,46766
2023-05-10 09:30:03,IM2305,IM2305,6608.2,15.0,19822280.0,-12.0,1,6607.2,6608.2,5,6613.6,6613.8,6613.8,6604.6,148.0,195625120.0,46754
2023-05-10 09:30:03,IM2305,IM2305,6607.2,7.0,9250080.0,-4.0,4,6604.8,6607.6,1,6613.6,6613.8,6613.8,6604.6,155.0,204875200.0,46750
2023-05-10 09:30:04,IM2305,IM2305,6606.4,5.0,6606880.0,-5.0,3,6607.6,6608.0,9,6613.6,6613.8,6613.8,6604.6,160.0,211482080.0,46745
2023-05-10 09:30:04,IM2305,IM2305,6607.6,25.0,33039440.0,-8.0,1,6606.4,6607.8,1,6613.6,6613.8,6613.8,6604.6,185.0,244521520.0,46737
2023-05-10 09:30:05,IM2305,IM2305,6609.6,14.0,18505040.0,-2.0,3,6608.0,6610.0,4,6613.6,6613.8,6613.8,6604.6,199.0,263026560.0,46735
2023-05-10 09:30:05,IM2305,IM2305,6610.0,17.0,22471320.0,-13.0,1,6608.4,6610.0,2,6613.6,6613.8,6613.8,6604.6,216.0,285497880.0,46722
2023-05-10 09:30:06,IM2305,IM2305,6608.6,10.0,13217600.0,-2.0,2,6608.6,6609.8,2,6613.6,6613.8,6613.8,6604.6,226.0,298715480.0,46720
2023-05-10 09:30:06,IM2305,IM2305,6607.8,5.0,6608240.0,-5.0,1,6607.0,6608.6,2,6613.6,6613.8,6613.8,6604.6,231.0,305323720.0,46715
2023-05-10 09:30:07,IM2305,IM2305,6608.4,4.0,5286600.0,-3.0,2,6607.0,6608.4,1,6613.6,6613.8,6613.8,6604.6,235.0,310610320.0,46712
2023-05-10 09:30:07,IM2305,IM2305,6608.2,3.0,3964760.0,-3.0,1,6607.0,6608.2,3,6613.6,6613.8,6613.8,6604.6,238.0,314575080.0,46709
2023-05-10 09:30:08,IM2305,IM2305,6606.0,5.0,6606840.0,-3.0,2,6604.8,6607.0,1,6613.6,6613.8,6613.8,6604.6,243.0,321181920.0,46706
2023-05-10 09:30:08,IM2305,IM2305,6608.2,10.0,13214080.0,-5.0,1,6607.2,6608.2,2,6613.6,6613.8,6613.8,6604.6,253.0,334396000.0,46701
2023-05-10 09:30:09,IM2305,IM2305,6607.8,5.0,6607600.0,-2.0,2,6607.0,6607.2,3,6613.6,6613.8,6613.8,6604.6,258.0,341003600.0,46699
2023-05-10 09:30:09,IM2305,IM2305,6607.2,6.0,7928600.0,-3.0,1,6607.0,6607.2,1,6613.6,6613.8,6613.8,6604.6,264.0,348932200.0,46696
2023-05-10 09:30:10,IM2305,IM2305,6608.6,13.0,17179840.0,-2.0,1,6608.2,6609.2,3,6613.6,6613.8,6613.8,6604.6,277.0,366112040.0,46694
2023-05-10 09:30:10,IM2305,IM2305,6608.4,5.0,6608720.0,-4.0,2,6608.4,6609.0,2,6613.6,6613.8,6613.8,6604.6,282.0,372720760.0,46690
2023-05-10 09:30:11,IM2305,IM2305,6610.0,9.0,11897040.0,-1.0,2,6610.0,6610.6,1,6613.6,6613.8,6613.8,6604.6,291.0,384617800.0,46689
2023-05-10 09:30:11,IM2305,IM2305,6610.2,19.0,25120680.0,-11.0,4,6610.2,6612.0,3,6613.6,6613.8,6613.8,6604.6,310.0,409738480.0,46678
2023-05-10 09:30:12,IM2305,IM2305,6612.0,4.0,5289600.0,-1.0,2,6612.8,6613.6,2,6613.6,6613.8,6613.8,6604.6,314.0,415028080.0,46677
2023-05-10 09:30:12,IM2305,IM2305,6613.6,9.0,11904320.0,-5.0,2,6613.0,6616.0,2,6613.6,6613.8,6613.8,6604.6,323.0,426932400.0,46672
2023-05-10 09:30:13,IM2305,IM2305,6614.6,6.0,7937040.0,-5.0,2,6616.8,6619.0,3,6613.6,6613.8,6615.4,6604.6,329.0,434869440.0,46667
2023-05-10 09:30:13,IM2305,IM2305,6616.8,21.0,27785800.0,-12.0,2,6617.0,6617.2,1,6613.6,6613.8,6616.8,6604.6,350.0,462655240.0,46655
2023-05-10 09:30:14,IM2305,IM2305,6616.4,14.0,18525640.0,-10.0,1,6613.2,6616.4,2,6613.6,6613.8,6617.0,6604.6,364.0,481180880.0,46645
2023-05-10 09:30:14,IM2305,IM2305,6613.4,10.0,13228000.0,-4.0,1,6613.4,6614.8,1,6613.6,6613.8,6617.0,6604.6,374.0,494408880.0,46641
2023-05-10 09:30:15,IM2305,IM2305,6614.0,11.0,14548640.0,-6.0,1,6613.6,6614.2,2,6613.6,6613.8,6617.0,6604.6,385.0,508957520.0,46635
2023-05-10 09:30:15,IM2305,IM2305,6614.0,8.0,10582320.0,3.0,1,6613.8,6614.0,1,6613.6,6613.8,6617.0,6604.6,393.0,519539840.0,46638
2023-05-10 09:30:16,IM2305,IM2305,6614.0,15.0,19842200.0,0.0,2,6610.8,6614.0,2,6613.6,6613.8,6617.0,6604.6,408.0,539382040.0,46638
2023-05-10 09:30:16,IM2305,IM2305,6613.8,5.0,6613640.0,-2.0,1,6614.8,6615.6,1,6613.6,6613.8,6617.0,6604.6,413.0,545995680.0,46636
2023-05-10 09:30:17,IM2305,IM2305,6611.8,7.0,9258320.0,-6.0,1,6611.6,6614.6,2,6613.6,6613.8,6617.0,6604.6,420.0,555254000.0,46630
2023-05-10 09:30:17,IM2305,IM2305,6611.8,2.0,2644720.0,0.0,1,6614.0,6614.4,2,6613.6,6613.8,6617.0,6604.6,422.0,557898720.0,46630
2023-05-10 09:30:18,IM2305,IM2305,6611.8,5.0,6612760.0,-4.0,1,6611.6,6613.0,1,6613.6,6613.8,6617.0,6604.6,427.0,564511480.0,46626
2023-05-10 09:30:18,IM2305,IM2305,6614.4,6.0,7935920.0,-4.0,1,6611.8,6615.4,1,6613.6,6613.8,6617.0,6604.6,433.0,572447400.0,46622
2023-05-10 09:30:19,IM2305,IM2305,6612.0,10.0,13224440.0,-3.0,1,6611.0,6612.8,1,6613.6,6613.8,6617.0,6604.6,443.0,585671840.0,46619
2023-05-10 09:30:19,IM2305,IM2305,6611.2,25.0,33057200.0,-13.0,1,6609.2,6613.4,4,6613.6,6613.8,6617.0,6604.6,468.0,618729040.0,46606
2023-05-10 09:30:20,IM2305,IM2305,6611.0,5.0,6610560.0,-5.0,1,6611.0,6611.2,1,6613.6,6613.8,6617.0,6604.6,473.0,625339600.0,46601
2023-05-10 09:30:20,IM2305,IM2305,6611.0,2.0,2644400.0,-2.0,1,6609.4,6610.4,2,6613.6,6613.8,6617.0,6604.6,475.0,627984000.0,46599
2023-05-10 09:30:21,IM2305,IM2305,6609.4,3.0,3965960.0,-3.0,1,6608.6,6609.2,1,6613.6,6613.8,6617.0,6604.6,478.0,631949960.0,46596
2023-05-10 09:30:21,IM2305,IM2305,6609.0,5.0,6608760.0,-2.0,1,6607.2,6608.8,1,6613.6,6613.8,6617.0,6604.6,483.0,638558720.0,46594
2023-05-10 09:30:22,IM2305,IM2305,6608.6,5.0,6608080.0,-4.0,2,6605.0,6608.6,4,6613.6,6613.8,6617.0,6604.6,488.0,645166800.0,46590
2023-05-10 09:30:22,IM2305,IM2305,6609.2,15.0,19825920.0,-9.0,4,6606.6,6609.4,6,6613.6,6613.8,6617.0,6604.6,503.0,664992720.0,46581
2023-05-10 09:30:23,IM2305,IM2305,6609.4,9.0,11896800.0,-9.0,1,6609.2,6609.6,1,6613.6,6613.8,6617.0,6604.6,512.0,676889520.0,46572
2023-05-10 09:30:23,IM2305,IM2305,6609.8,5.0,6609800.0,-3.0,5,6609.8,6611.0,1,6613.6,6613.8,6617.0,6604.6,517.0,683499320.0,46569
2023-05-10 09:30:24,IM2305,IM2305,6610.4,1.0,1322080.0,0.0,3,6611.4,6614.6,10,6613.6,6613.8,6617.0,6604.6,518.0,684821400.0,46569
2023-05-10 09:30:24,IM2305,IM2305,6613.2,2.0,2645240.0,-1.0,2,6612.2,6613.2,1,6613.6,6613.8,6617.0,6604.6,520.0,687466640.0,46568
2023-05-10 09:30:25,IM2305,IM2305,6613.2,2.0,2645280.0,-2.0,4,6613.2,6614.0,4,6613.6,6613.8,6617.0,6604.6,522.0,690111920.0,46566
2023-05-10 09:30:25,IM2305,IM2305,6613.2,9.0,11904520.0,2.0,4,6611.4,6614.0,1,6613.6,6613.8,6617.0,6604.6,531.0,702016440.0,46568
2023-05-10 09:30:26,IM2305,IM2305,6613.6,4.0,5290800.0,-2.0,1,6612.6,6613.2,2,6613.6,6613.8,6617.0,6604.6,535.0,707307240.0,46566
2023-05-10 09:30:26,IM2305,IM2305,6613.2,2.0,2645280.0,-2.0,1,6611.8,6612.6,1,6613.6,6613.8,6617.0,6604.6,537.0,709952520.0,46564
2023-05-10 09:30:27,IM2305,IM2305,6612.2,7.0,9257680.0,-3.0,1,6611.6,6611.8,3,6613.6,6613.8,6617.0,6604.6,544.0,719210200.0,46561
2023-05-10 09:30:27,IM2305,IM2305,6611.4,10.0,13223200.0,-9.0,1,6611.4,6611.6,7,6613.6,6613.8,6617.0,6604.6,554.0,732433400.0,46552
2023-05-10 09:30:28,IM2305,IM2305,6611.4,1.0,1322280.0,-1.0,5,6609.8,6610.8,3,6613.6,6613.8,6617.0,6604.6,555.0,733755680.0,46551
2023-05-10 09:30:28,IM2305,IM2305,6609.8,6.0,7932160.0,-1.0,2,6609.8,6610.6,4,6613.6,6613.8,6617.0,6604.6,561.0,741687840.0,46550
2023-05-10 09:30:29,IM2305,IM2305,6610.0,2.0,2643960.0,-1.0,2,6609.8,6610.6,4,6613.6,6613.8,6617.0,6604.6,563.0,744331800.0,46549
2023-05-10 09:30:29,IM2305,IM2305,6610.2,5.0,6610360.0,-2.0,2,6609.8,6610.0,3,6613.6,6613.8,6617.0,6604.6,568.0,750942160.0,46547
2023-05-10 09:30:30,IM2305,IM2305,6609.8,8.0,10575880.0,-7.0,1,6609.6,6610.6,3,6613.6,6613.8,6617.0,6604.6,576.0,761518040.0,46540
2023-05-10 09:30:30,IM2305,IM2305,6610.4,3.0,3966000.0,0.0,1,6609.6,6610.4,2,6613.6,6613.8,6617.0,6604.6,579.0,765484040.0,46540
2023-05-10 09:30:31,IM2305,IM2305,6609.8,6.0,7932200.0,-3.0,1,6609.8,6610.6,2,6613.6,6613.8,6617.0,6604.6,585.0,773416240.0,46537
2023-05-10 09:30:31,IM2305,IM2305,6610.4,3.0,3965920.0,-1.0,1,6610.0,6610.4,1,6613.6,6613.8,6617.0,6604.6,588.0,777382160.0,46536
2023-05-10 09:30:32,IM2305,IM2305,6609.8,4.0,5287800.0,-2.0,1,6609.2,6610.0,2,6613.6,6613.8,6617.0,6604.6,592.0,782669960.0,46534
2023-05-10 09:30:32,IM2305,IM2305,6608.6,8.0,10574440.0,-6.0,1,6607.2,6609.6,1,6613.6,6613.8,6617.0,6604.6,600.0,793244400.0,46528
2023-05-10 09:30:33,IM2305,IM2305,6607.8,2.0,2643240.0,-2.0,1,6608.6,6609.2,3,6613.6,6613.8,6617.0,6604.6,602.0,795887640.0,46526
2023-05-10 09:30:33,IM2305,IM2305,6608.6,2.0,2643440.0,-2.0,4,6607.4,6608.6,2,6613.6,6613.8,6617.0,6604.6,604.0,798531080.0,46524
2023-05-10 09:30:34,IM2305,IM2305,6609.2,9.0,11896080.0,-4.0,2,6609.4,6609.8,1,6613.6,6613.8,6617.0,6604.6,613.0,810427160.0,46520
2023-05-10 09:30:34,IM2305,IM2305,6610.8,10.0,13220240.0,-4.0,2,6609.4,6611.8,6,6613.6,6613.8,6617.0,6604.6,623.0,823647400.0,46516
2023-05-10 09:30:35,IM2305,IM2305,6611.8,6.0,7934160.0,-1.0,1,6610.8,6611.8,3,6613.6,6613.8,6617.0,6604.6,629.0,831581560.0,46515
2023-05-10 09:30:35,IM2305,IM2305,6613.0,11.0,14546440.0,-8.0,1,6611.0,6611.6,1,6613.6,6613.8,6617.0,6604.6,640.0,846128000.0,46507
2023-05-10 09:30:36,IM2305,IM2305,6611.8,5.0,6611800.0,-4.0,2,6611.8,6614.2,4,6613.6,6613.8,6617.0,6604.6,645.0,852739800.0,46503
2023-05-10 09:30:36,IM2305,IM2305,6612.0,3.0,3967400.0,-3.0,2,6612.0,6613.0,2,6613.6,6613.8,6617.0,6604.6,648.0,856707200.0,46500
2023-05-10 09:30:37,IM2305,IM2305,6612.0,3.0,3967080.0,-2.0,1,6611.2,6612.0,1,6613.6,6613.8,6617.0,6604.6,651.0,860674280.0,46498
2023-05-10 09:30:37,IM2305,IM2305,6611.6,1.0,1322320.0,0.0,1,6611.2,6611.4,4,6613.6,6613.8,6617.0,6604.6,652.0,861996600.0,46498
2023-05-10 09:30:38,IM2305,IM2305,6609.8,4.0,5288520.0,-2.0,1,6609.8,6610.8,2,6613.6,6613.8,6617.0,6604.6,656.0,867285120.0,46496
2023-05-10 09:30:38,IM2305,IM2305,6609.8,4.0,5288040.0,-1.0,1,6609.6,6610.2,3,6613.6,6613.8,6617.0,6604.6,660.0,872573160.0,46495
2023-05-10 09:30:39,IM2305,IM2305,6609.2,9.0,11897280.0,-8.0,3,6609.2,6609.6,3,6613.6,6613.8,6617.0,6604.6,669.0,884470440.0,46487
2023-05-10 09:30:39,IM2305,IM2305,6609.2,6.0,7931040.0,-2.0,2,6608.8,6609.2,4,6613.6,6613.8,6617.0,6604.6,675.0,892401480.0,46485
2023-05-10 09:30:40,IM2305,IM2305,6608.8,2.0,2643520.0,-2.0,1,6607.4,6608.6,1,6613.6,6613.8,6617.0,6604.6,677.0,895045000.0,46483
2023-05-10 09:30:40,IM2305,IM2305,6607.4,4.0,5285920.0,-1.0,1,6607.2,6607.4,3,6613.6,6613.8,6617.0,6604.6,681.0,900330920.0,46482
2023-05-10 09:30:41,IM2305,IM2305,6607.4,8.0,10571800.0,-5.0,1,6606.8,6607.0,1,6613.6,6613.8,6617.0,6604.6,689.0,910902720.0,46477
2023-05-10 09:30:41,IM2305,IM2305,6607.4,9.0,11893240.0,-3.0,7,6607.0,6607.4,8,6613.6,6613.8,6617.0,6604.6,698.0,922795960.0,46474
2023-05-10 09:30:42,IM2305,IM2305,6607.4,18.0,23786880.0,4.0,6,6607.2,6607.4,7,6613.6,6613.8,6617.0,6604.6,716.0,946582840.0,46478
2023-05-10 09:30:42,IM2305,IM2305,6608.2,14.0,18502000.0,0.0,2,6608.2,6609.4,1,6613.6,6613.8,6617.0,6604.6,730.0,965084840.0,46478
2023-05-10 09:30:43,IM2305,IM2305,6609.2,1.0,1321840.0,-1.0,2,6608.6,6609.4,1,6613.6,6613.8,6617.0,6604.6,731.0,966406680.0,46477
2023-05-10 09:30:43,IM2305,IM2305,6609.2,5.0,6608840.0,1.0,7,6608.2,6609.2,3,6613.6,6613.8,6617.0,6604.6,736.0,973015520.0,46478
2023-05-10 09:30:44,IM2305,IM2305,6608.8,6.0,7930040.0,0.0,1,6608.4,6608.8,1,6613.6,6613.8,6617.0,6604.6,742.0,980945560.0,46478
2023-05-10 09:30:44,IM2305,IM2305,6608.2,3.0,3964960.0,-1.0,1,6607.4,6608.6,3,6613.6,6613.8,6617.0,6604.6,745.0,984910520.0,46477
2023-05-10 09:30:45,IM2305,IM2305,6608.4,1.0,1321680.0,-1.0,1,6607.6,6608.2,4,6613.6,6613.8,6617.0,6604.6,746.0,986232200.0,46476
2023-05-10 09:30:45,IM2305,IM2305,6606.8,6.0,7928760.0,-4.0,3,6605.2,6607.6,5,6613.6,6613.8,6617.0,6604.6,752.0,994160960.0,46472
2023-05-10 09:30:46,IM2305,IM2305,6608.0,8.0,10572400.0,2.0,1,6608.0,6608.2,4,6613.6,6613.8,6617.0,6604.6,760.0,1004733360.0,46474
2023-05-10 09:30:46,IM2305,IM2305,6608.6,10.0,13216640.0,0.0,1,6608.6,6609.2,3,6613.6,6613.8,6617.0,6604.6,770.0,1017950000.0,46474
2023-05-10 09:30:47,IM2305,IM2305,6609.0,9.0,11896520.0,2.0,1,6609.0,6610.0,4,6613.6,6613.8,6617.0,6604.6,779.0,1029846520.0,46476
2023-05-10 09:30:47,IM2305,IM2305,6609.2,9.0,11897840.0,0.0,5,6609.2,6610.6,1,6613.6,6613.8,6617.0,6604.6,788.0,1041744360.0,46476
2023-05-10 09:30:48,IM2305,IM2305,6611.4,18.0,23795680.0,8.0,2,6608.0,6611.8,1,6613.6,6613.8,6617.0,6604.6,806.0,1065540040.0,46484
2023-05-10 09:30:48,IM2305,IM2305,6609.0,5.0,6609920.0,-1.0,2,6608.8,6611.2,1,6613.6,6613.8,6617.0,6604.6,811.0,1072149960.0,46483
2023-05-10 09:30:49,IM2305,IM2305,6609.0,0.0,0.0,0.0,1,6610.4,6611.0,1,6613.6,6613.8,6617.0,6604.6,811.0,1072149960.0,46483
2023-05-10 09:30:49,IM2305,IM2305,6610.4,2.0,2644160.0,-2.0,5,6609.0,6610.8,3,6613.6,6613.8,6617.0,6604.6,813.0,1074794120.0,46481
2023-05-10 09:30:50,IM2305,IM2305,6610.8,1.0,1322160.0,0.0,2,6609.8,6610.8,2,6613.6,6613.8,6617.0,6604.6,814.0,1076116280.0,46481
2023-05-10 09:30:50,IM2305,IM2305,6610.0,4.0,5288200.0,1.0,2,6609.2,6610.0,3,6613.6,6613.8,6617.0,6604.6,818.0,1081404480.0,46482
2023-05-10 09:30:51,IM2305,IM2305,6609.0,2.0,2643640.0,-1.0,2,6608.8,6609.0,3,6613.6,6613.8,6617.0,6604.6,820.0,1084048120.0,46481
2023-05-10 09:30:51,IM2305,IM2305,6608.8,4.0,5287040.0,-4.0,2,6608.0,6608.2,2,6613.6,6613.8,6617.0,6604.6,824.0,1089335160.0,46477
2023-05-10 09:30:52,IM2305,IM2305,6608.0,3.0,3964800.0,-1.0,1,6605.4,6608.0,7,6613.6,6613.8,6617.0,6604.6,827.0,1093299960.0,46476
2023-05-10 09:30:52,IM2305,IM2305,6606.2,12.0,15857280.0,-1.0,3,6606.2,6607.8,2,6613.6,6613.8,6617.0,6604.6,839.0,1109157240.0,46475
2023-05-10 09:30:53,IM2305,IM2305,6607.0,3.0,3964520.0,-1.0,1,6607.8,6608.8,1,6613.6,6613.8,6617.0,6604.6,842.0,1113121760.0,46474
2023-05-10 09:30:53,IM2305,IM2305,6608.6,2.0,2643120.0,1.0,4,6608.0,6608.6,5,6613.6,6613.8,6617.0,6604.6,844.0,1115764880.0,46475
2023-05-10 09:30:54,IM2305,IM2305,6608.6,12.0,15860160.0,-2.0,3,6606.4,6609.0,2,6613.6,6613.8,6617.0,6604.6,856.0,1131625040.0,46473
2023-05-10 09:30:54,IM2305,IM2305,6608.6,4.0,5286880.0,-2.0,1,6607.0,6608.8,8,6613.6,6613.8,6617.0,6604.6,860.0,1136911920.0,46471
2023-05-10 09:30:55,IM2305,IM2305,6608.6,4.0,5286880.0,-2.0,1,6607.0,6608.6,1,6613.6,6613.8,6617.0,6604.6,864.0,1142198800.0,46469
2023-05-10 09:30:55,IM2305,IM2305,6607.0,2.0,2642720.0,0.0,1,6606.4,6608.4,4,6613.6,6613.8,6617.0,6604.6,866.0,1144841520.0,46469
2023-05-10 09:30:56,IM2305,IM2305,6607.0,2.0,2642960.0,1.0,1,6606.6,6608.0,1,6613.6,6613.8,6617.0,6604.6,868.0,1147484480.0,46470
2023-05-10 09:30:56,IM2305,IM2305,6607.0,3.0,3964200.0,0.0,2,6607.0,6607.8,3,6613.6,6613.8,6617.0,6604.6,871.0,1151448680.0,46470
2023-05-10 09:30:57,IM2305,IM2305,6607.4,4.0,5286040.0,-2.0,3,6607.0,6607.8,3,6613.6,6613.8,6617.0,6604.6,875.0,1156734720.0,46468
2023-05-10 09:30:57,IM2305,IM2305,6607.2,10.0,13215000.0,-3.0,3,6607.2,6608.4,3,6613.6,6613.8,6617.0,6604.6,885.0,1169949720.0,46465
2023-05-10 09:30:58,IM2305,IM2305,6607.2,1.0,1321440.0,0.0,1,6607.4,6608.4,3,6613.6,6613.8,6617.0,6604.6,886.0,1171271160.0,46465
2023-05-10 09:30:58,IM2305,IM2305,6607.4,2.0,2642920.0,0.0,2,6607.6,6608.0,1,6613.6,6613.8,6617.0,6604.6,888.0,1173914080.0,46465
2023-05-10 09:30:59,IM2305,IM2305,6608.0,12.0,15859080.0,-5.0,1,6607.2,6607.6,5,6613.6,6613.8,6617.0,6604.6,900.0,1189773160.0,46460
2023-05-10 09:30:59,IM2305,IM2305,6607.6,10.0,13215720.0,-4.0,3,6607.0,6608.6,2,6613.6,6613.8,6617.0,6604.6,910.0,1202988880.0,46456
2023-05-10 09:31:00,IM2305,IM2305,6608.4,4.0,5286640.0,-4.0,1,6607.4,6608.6,2,6613.6,6613.8,6617.0,6604.6,914.0,1208275520.0,46452
2023-05-10 09:31:00,IM2305,IM2305,6607.4,8.0,10573200.0,-2.0,1,6607.8,6608.6,3,6613.6,6613.8,6617.0,6604.6,922.0,1218848720.0,46450
2023-05-10 09:31:01,IM2305,IM2305,6608.6,2.0,2643360.0,-1.0,1,6607.8,6608.6,2,6613.6,6613.8,6617.0,6604.6,924.0,1221492080.0,46449
2023-05-10 09:31:01,IM2305,IM2305,6609.2,9.0,11896120.0,-2.0,1,6609.6,6609.8,1,6613.6,6613.8,6617.0,6604.6,933.0,1233388200.0,46447
2023-05-10 09:31:02,IM2305,IM2305,6607.8,8.0,10574040.0,-3.0,5,6607.2,6609.6,1,6613.6,6613.8,6617.0,6604.6,941.0,1243962240.0,46444
2023-05-10 09:31:02,IM2305,IM2305,6607.8,0.0,0.0,0.0,2,6608.4,6609.0,1,6613.6,6613.8,6617.0,6604.6,941.0,1243962240.0,46444
2023-05-10 09:31:03,IM2305,IM2305,6609.4,7.0,9252920.0,-4.0,4,6607.6,6609.4,1,6613.6,6613.8,6617.0,6604.6,948.0,1253215160.0,46440
2023-05-10 09:31:03,IM2305,IM2305,6609.6,3.0,3965760.0,0.0,3,6609.6,6610.0,4,6613.6,6613.8,6617.0,6604.6,951.0,1257180920.0,46440
2023-05-10 09:31:04,IM2305,IM2305,6611.6,10.0,13220640.0,-4.0,1,6610.2,6612.0,1,6613.6,6613.8,6617.0,6604.6,961.0,1270401560.0,46436
2023-05-10 09:31:04,IM2305,IM2305,6611.6,6.0,7933560.0,-4.0,1,6610.0,6611.8,8,6613.6,6613.8,6617.0,6604.6,967.0,1278335120.0,46432
2023-05-10 09:31:05,IM2305,IM2305,6611.6,8.0,10578560.0,-5.0,2,6611.0,6611.6,1,6613.6,6613.8,6617.0,6604.6,975.0,1288913680.0,46427
2023-05-10 09:31:05,IM2305,IM2305,6611.0,8.0,10578320.0,0.0,1,6611.0,6611.6,1,6613.6,6613.8,6617.0,6604.6,983.0,1299492000.0,46427
2023-05-10 09:31:06,IM2305,IM2305,6611.2,6.0,7934160.0,-1.0,4,6610.4,6611.4,1,6613.6,6613.8,6617.0,6604.6,989.0,1307426160.0,46426
2023-05-10 09:31:06,IM2305,IM2305,6611.4,3.0,3966640.0,-1.0,1,6610.6,6611.6,4,6613.6,6613.8,6617.0,6604.6,992.0,1311392800.0,46425
2023-05-10 09:31:07,IM2305,IM2305,6610.4,5.0,6610440.0,-4.0,1,6610.0,6610.6,1,6613.6,6613.8,6617.0,6604.6,997.0,1318003240.0,46421
2023-05-10 09:31:07,IM2305,IM2305,6610.0,4.0,5288000.0,1.0,1,6608.6,6610.0,5,6613.6,6613.8,6617.0,6604.6,1001.0,1323291240.0,46422
2023-05-10 09:31:08,IM2305,IM2305,6608.6,5.0,6608600.0,-3.0,4,6608.2,6608.6,3,6613.6,6613.8,6617.0,6604.6,1006.0,1329899840.0,46419
2023-05-10 09:31:08,IM2305,IM2305,6608.2,10.0,13216480.0,-2.0,1,6607.6,6608.4,1,6613.6,6613.8,6617.0,6604.6,1016.0,1343116320.0,46417
2023-05-10 09:31:09,IM2305,IM2305,6608.2,7.0,9250320.0,-5.0,1,6606.2,6608.2,5,6613.6,6613.8,6617.0,6604.6,1023.0,1352366640.0,46412
2023-05-10 09:31:09,IM2305,IM2305,6606.2,11.0,14534480.0,-6.0,1,6605.4,6606.6,9,6613.6,6613.8,6617.0,6604.6,1034.0,1366901120.0,46406
2023-05-10 09:31:10,IM2305,IM2305,6605.6,20.0,26428200.0,-14.0,1,6605.6,6606.6,4,6613.6,6613.8,6617.0,6604.6,1054.0,1393329320.0,46392
2023-05-10 09:31:10,IM2305,IM2305,6606.6,6.0,7927920.0,-1.0,1,6606.6,6608.0,1,6613.6,6613.8,6617.0,6604.6,1060.0,1401257240.0,46391
2023-05-10 09:31:11,IM2305,IM2305,6606.6,2.0,2642640.0,-1.0,1,6607.0,6607.8,1,6613.6,6613.8,6617.0,6604.6,1062.0,1403899880.0,46390
2023-05-10 09:31:11,IM2305,IM2305,6607.8,6.0,7928800.0,-2.0,2,6607.0,6607.8,1,6613.6,6613.8,6617.0,6604.6,1068.0,1411828680.0,46388
2023-05-10 09:31:12,IM2305,IM2305,6606.6,7.0,9250680.0,-1.0,6,6606.6,6608.2,1,6613.6,6613.8,6617.0,6604.6,1075.0,1421079360.0,46387
2023-05-10 09:31:12,IM2305,IM2305,6608.0,4.0,5286120.0,-1.0,1,6607.0,6608.0,4,6613.6,6613.8,6617.0,6604.6,1079.0,1426365480.0,46386
2023-05-10 09:31:13,IM2305,IM2305,6606.6,9.0,11892000.0,1.0,1,6607.0,6608.0,4,6613.6,6613.8,6617.0,6604.6,1088.0,1438257480.0,46387
2023-05-10 09:31:13,IM2305,IM2305,6607.0,4.0,5285440.0,0.0,3,6607.2,6607.8,1,6613.6,6613.8,6617.0,6604.6,1092.0,1443542920.0,46387
2023-05-10 09:31:14,IM2305,IM2305,6608.0,12.0,15857400.0,-7.0,1,6607.4,6608.2,1,6613.6,6613.8,6617.0,6604.6,1104.0,1459400320.0,46380
2023-05-10 09:31:14,IM2305,IM2305,6608.2,8.0,10572920.0,-5.0,18,6608.2,6608.6,1,6613.6,6613.8,6617.0,6604.6,1112.0,1469973240.0,46375
2023-05-10 09:31:15,IM2305,IM2305,6608.6,9.0,11895480.0,-2.0,4,6608.4,6608.6,2,6613.6,6613.8,6617.0,6604.6,1121.0,1481868720.0,46373
2023-05-10 09:31:15,IM2305,IM2305,6608.6,6.0,7930320.0,-1.0,11,6608.6,6609.8,1,6613.6,6613.8,6617.0,6604.6,1127.0,1489799040.0,46372
2023-05-10 09:31:16,IM2305,IM2305,6608.6,10.0,13217200.0,-6.0,1,6608.8,6609.8,2,6613.6,6613.8,6617.0,6604.6,1137.0,1503016240.0,46366
2023-05-10 09:31:16,IM2305,IM2305,6608.6,7.0,9252040.0,-7.0,6,6608.4,6608.8,1,6613.6,6613.8,6617.0,6604.6,1144.0,1512268280.0,46359
2023-05-10 09:31:17,IM2305,IM2305,6608.4,8.0,10573520.0,2.0,29,6608.2,6609.6,4,6613.6,6613.8,6617.0,6604.6,1152.0,1522841800.0,46361
2023-05-10 09:31:17,IM2305,IM2305,6608.2,6.0,7929840.0,-6.0,23,6608.2,6608.8,1,6613.6,6613.8,6617.0,6604.6,1158.0,1530771640.0,46355
2023-05-10 09:31:18,IM2305,IM2305,6608.6,1.0,1321720.0,0.0,1,6608.4,6608.8,2,6613.6,6613.8,6617.0,6604.6,1159.0,1532093360.0,46355
2023-05-10 09:31:18,IM2305,IM2305,6608.8,3.0,3965280.0,-2.0,2,6608.8,6609.4,2,6613.6,6613.8,6617.0,6604.6,1162.0,1536058640.0,46353
2023-05-10 09:31:19,IM2305,IM2305,6608.8,2.0,2643640.0,-1.0,1,6608.8,6609.2,2,6613.6,6613.8,6617.0,6604.6,1164.0,1538702280.0,46352
2023-05-10 09:31:19,IM2305,IM2305,6609.6,9.0,11896240.0,-5.0,2,6608.6,6609.6,1,6613.6,6613.8,6617.0,6604.6,1173.0,1550598520.0,46347
2023-05-10 09:31:20,IM2305,IM2305,6608.8,3.0,3965280.0,-1.0,8,6608.6,6609.4,1,6613.6,6613.8,6617.0,6604.6,1176.0,1554563800.0,46346
2023-05-10 09:31:20,IM2305,IM2305,6608.8,1.0,1321760.0,1.0,1,6608.8,6609.6,1,6613.6,6613.8,6617.0,6604.6,1177.0,1555885560.0,46347
2023-05-10 09:31:21,IM2305,IM2305,6609.6,1.0,1321920.0,0.0,2,6609.4,6609.8,6,6613.6,6613.8,6617.0,6604.6,1178.0,1557207480.0,46347
2023-05-10 09:31:21,IM2305,IM2305,6609.6,9.0,11897520.0,1.0,4,6609.6,6609.8,1,6613.6,6613.8,6617.0,6604.6,1187.0,1569105000.0,46348
2023-05-10 09:31:22,IM2305,IM2305,6609.8,8.0,10576240.0,-7.0,5,6609.8,6611.0,2,6613.6,6613.8,6617.0,6604.6,1195.0,1579681240.0,46341
2023-05-10 09:31:22,IM2305,IM2305,6610.0,3.0,3966400.0,-3.0,1,6610.6,6611.0,2,6613.6,6613.8,6617.0,6604.6,1198.0,1583647640.0,46338
2023-05-10 09:31:23,IM2305,IM2305,6610.4,3.0,3966240.0,0.0,4,6609.8,6610.4,1,6613.6,6613.8,6617.0,6604.6,1201.0,1587613880.0,46338
2023-05-10 09:31:23,IM2305,IM2305,6609.8,5.0,6610080.0,-4.0,1,6609.8,6610.4,1,6613.6,6613.8,6617.0,6604.6,1206.0,1594223960.0,46334
2023-05-10 09:31:24,IM2305,IM2305,6609.8,2.0,2643920.0,1.0,2,6610.0,6611.0,2,6613.6,6613.8,6617.0,6604.6,1208.0,1596867880.0,46335
2023-05-10 09:31:24,IM2305,IM2305,6609.8,0.0,0.0,0.0,1,6610.2,6610.8,1,6613.6,6613.8,6617.0,6604.6,1208.0,1596867880.0,46335
2023-05-10 09:31:25,IM2305,IM2305,6611.0,8.0,10577560.0,-8.0,17,6611.0,6611.4,3,6613.6,6613.8,6617.0,6604.6,1216.0,1607445440.0,46327
2023-05-10 09:31:25,IM2305,IM2305,6611.0,4.0,5288800.0,-2.0,13,6611.0,6611.2,3,6613.6,6613.8,6617.0,6604.6,1220.0,1612734240.0,46325
2023-05-10 09:31:26,IM2305,IM2305,6611.0,8.0,10577720.0,-6.0,9,6611.0,6611.6,1,6613.6,6613.8,6617.0,6604.6,1228.0,1623311960.0,46319
2023-05-10 09:31:26,IM2305,IM2305,6611.6,1.0,1322320.0,0.0,1,6611.4,6612.0,5,6613.6,6613.8,6617.0,6604.6,1229.0,1624634280.0,46319
2023-05-10 09:31:27,IM2305,IM2305,6611.2,5.0,6611440.0,-2.0,3,6611.2,6611.6,1,6613.6,6613.8,6617.0,6604.6,1234.0,1631245720.0,46317
2023-05-10 09:31:27,IM2305,IM2305,6611.4,8.0,10578680.0,-4.0,1,6611.4,6612.0,3,6613.6,6613.8,6617.0,6604.6,1242.0,1641824400.0,46313
2023-05-10 09:31:28,IM2305,IM2305,6612.0,8.0,10578440.0,-2.0,1,6611.6,6612.0,3,6613.6,6613.8,6617.0,6604.6,1250.0,1652402840.0,46311
2023-05-10 09:31:28,IM2305,IM2305,6611.6,6.0,7934160.0,3.0,9,6611.0,6611.4,3,6613.6,6613.8,6617.0,6604.6,1256.0,1660337000.0,46314
2023-05-10 09:31:29,IM2305,IM2305,6610.4,16.0,21155440.0,-10.0,1,6611.4,6612.0,2,6613.6,6613.8,6617.0,6604.6,1272.0,1681492440.0,46304
2023-05-10 09:31:29,IM2305,IM2305,6611.4,12.0,15867360.0,0.0,5,6609.8,6611.4,2,6613.6,6613.8,6617.0,6604.6,1284.0,1697359800.0,46304
2023-05-10 09:31:30,IM2305,IM2305,6612.0,8.0,10578640.0,3.0,1,6610.0,6611.6,1,6613.6,6613.8,6617.0,6604.6,1292.0,1707938440.0,46307
2023-05-10 09:31:30,IM2305,IM2305,6613.0,3.0,3967320.0,0.0,5,6612.0,6613.0,9,6613.6,6613.8,6617.0,6604.6,1295.0,1711905760.0,46307
2023-05-10 09:31:31,IM2305,IM2305,6612.0,6.0,7934560.0,-3.0,2,6611.8,6612.8,1,6613.6,6613.8,6617.0,6604.6,1301.0,1719840320.0,46304
2023-05-10 09:31:31,IM2305,IM2305,6611.8,2.0,2644720.0,-2.0,2,6611.6,6611.8,2,6613.6,6613.8,6617.0,6604.6,1303.0,1722485040.0,46302
2023-05-10 09:31:32,IM2305,IM2305,6613.0,5.0,6612200.0,-1.0,1,6611.8,6613.0,9,6613.6,6613.8,6617.0,6604.6,1308.0,1729097240.0,46301
2023-05-10 09:31:32,IM2305,IM2305,6613.0,13.0,17193120.0,2.0,1,6613.0,6613.6,1,6613.6,6613.8,6617.0,6604.6,1321.0,1746290360.0,46303
2023-05-10 09:31:33,IM2305,IM2305,6613.0,2.0,2645200.0,-1.0,11,6611.6,6612.8,1,6613.6,6613.8,6617.0,6604.6,1323.0,1748935560.0,46302
2023-05-10 09:31:33,IM2305,IM2305,6612.8,23.0,30420240.0,-3.0,1,6611.8,6613.4,2,6613.6,6613.8,6617.0,6604.6,1346.0,1779355800.0,46299
2023-05-10 09:31:34,IM2305,IM2305,6613.4,4.0,5290960.0,-2.0,8,6612.0,6615.0,1,6613.6,6613.8,6617.0,6604.6,1350.0,1784646760.0,46297
2023-05-10 09:31:34,IM2305,IM2305,6615.0,22.0,29104720.0,-9.0,4,6615.0,6615.4,5,6613.6,6613.8,6617.0,6604.6,1372.0,1813751480.0,46288
2023-05-10 09:31:35,IM2305,IM2305,6615.8,14.0,18523120.0,-9.0,27,6615.0,6616.0,2,6613.6,6613.8,6617.0,6604.6,1386.0,1832274600.0,46279
2023-05-10 09:31:35,IM2305,IM2305,6616.0,11.0,14555200.0,-2.0,1,6616.0,6616.8,4,6613.6,6613.8,6617.0,6604.6,1397.0,1846829800.0,46277
2023-05-10 09:31:36,IM2305,IM2305,6615.2,13.0,17200960.0,0.0,4,6615.2,6616.6,4,6613.6,6613.8,6617.0,6604.6,1410.0,1864030760.0,46277
2023-05-10 09:31:36,IM2305,IM2305,6616.4,2.0,2646520.0,0.0,1,6616.2,6616.4,4,6613.6,6613.8,6617.0,6604.6,1412.0,1866677280.0,46277
2023-05-10 09:31:37,IM2305,IM2305,6616.2,4.0,5292960.0,-3.0,2,6615.2,6615.8,5,6613.6,6613.8,6617.0,6604.6,1416.0,1871970240.0,46274
2023-05-10 09:31:37,IM2305,IM2305,6615.0,7.0,9261080.0,-6.0,22,6615.0,6615.6,2,6613.6,6613.8,6617.0,6604.6,1423.0,1881231320.0,46268
2023-05-10 09:31:38,IM2305,IM2305,6615.0,26.0,34398000.0,-23.0,1,6613.0,6614.8,3,6613.6,6613.8,6617.0,6604.6,1449.0,1915629320.0,46245
2023-05-10 09:31:38,IM2305,IM2305,6613.8,2.0,2645520.0,0.0,3,6613.2,6614.6,6,6613.6,6613.8,6617.0,6604.6,1451.0,1918274840.0,46245
2023-05-10 09:31:39,IM2305,IM2305,6613.8,0.0,0.0,0.0,3,6613.4,6614.6,5,6613.6,6613.8,6617.0,6604.6,1451.0,1918274840.0,46245
2023-05-10 09:31:39,IM2305,IM2305,6614.4,4.0,5291080.0,-1.0,1,6613.6,6614.4,2,6613.6,6613.8,6617.0,6604.6,1455.0,1923565920.0,46244
2023-05-10 09:31:40,IM2305,IM2305,6614.2,5.0,6613760.0,0.0,2,6613.0,6614.4,1,6613.6,6613.8,6617.0,6604.6,1460.0,1930179680.0,46244
2023-05-10 09:31:40,IM2305,IM2305,6614.2,1.0,1322840.0,0.0,3,6613.2,6614.4,1,6613.6,6613.8,6617.0,6604.6,1461.0,1931502520.0,46244
2023-05-10 09:31:41,IM2305,IM2305,6614.6,6.0,7937480.0,-4.0,3,6613.2,6614.8,12,6613.6,6613.8,6617.0,6604.6,1467.0,1939440000.0,46240
2023-05-10 09:31:41,IM2305,IM2305,6613.4,4.0,5291440.0,-4.0,6,6613.4,6614.8,10,6613.6,6613.8,6617.0,6604.6,1471.0,1944731440.0,46236
2023-05-10 09:31:42,IM2305,IM2305,6614.2,8.0,10583560.0,7.0,1,6614.2,6614.8,3,6613.6,6613.8,6617.0,6604.6,1479.0,1955315000.0,46243
2023-05-10 09:31:42,IM2305,IM2305,6614.8,4.0,5291840.0,-1.0,2,6615.0,6615.8,2,6613.6,6613.8,6617.0,6604.6,1483.0,1960606840.0,46242
2023-05-10 09:31:43,IM2305,IM2305,6614.8,0.0,0.0,0.0,2,6615.4,6615.6,2,6613.6,6613.8,6617.0,6604.6,1483.0,1960606840.0,46242
2023-05-10 09:31:43,IM2305,IM2305,6614.8,3.0,3969000.0,1.0,5,6614.8,6615.0,1,6613.6,6613.8,6617.0,6604.6,1486.0,1964575840.0,46243
2023-05-10 09:31:44,IM2305,IM2305,6614.8,5.0,6614800.0,0.0,2,6613.6,6614.8,2,6613.6,6613.8,6617.0,6604.6,1491.0,1971190640.0,46243
2023-05-10 09:31:44,IM2305,IM2305,6614.8,1.0,1322960.0,0.0,3,6613.8,6614.6,1,6613.6,6613.8,6617.0,6604.6,1492.0,1972513600.0,46243
2023-05-10 09:31:45,IM2305,IM2305,6613.6,3.0,3968240.0,-3.0,1,6613.6,6614.4,1,6613.6,6613.8,6617.0,6604.6,1495.0,1976481840.0,46240
2023-05-10 09:31:45,IM2305,IM2305,6613.6,5.0,6613520.0,-4.0,2,6613.0,6613.6,2,6613.6,6613.8,6617.0,6604.6,1500.0,1983095360.0,46236
2023-05-10 09:31:46,IM2305,IM2305,6613.4,4.0,5290560.0,0.0,1,6612.4,6613.0,1,6613.6,6613.8,6617.0,6604.6,1504.0,1988385920.0,46236
2023-05-10 09:31:46,IM2305,IM2305,6613.0,2.0,2645200.0,0.0,1,6613.4,6613.6,4,6613.6,6613.8,6617.0,6604.6,1506.0,1991031120.0,46236
2023-05-10 09:31:47,IM2305,IM2305,6613.6,6.0,7935960.0,1.0,1,6612.6,6613.6,1,6613.6,6613.8,6617.0,6604.6,1512.0,1998967080.0,46237
2023-05-10 09:31:47,IM2305,IM2305,6612.8,5.0,6613120.0,-3.0,1,6612.8,6614.8,1,6613.6,6613.8,6617.0,6604.6,1517.0,2005580200.0,46234
2023-05-10 09:31:48,IM2305,IM2305,6612.8,0.0,0.0,0.0,2,6613.6,6614.6,7,6613.6,6613.8,6617.0,6604.6,1517.0,2005580200.0,46234
2023-05-10 09:31:48,IM2305,IM2305,6614.6,10.0,13228280.0,-2.0,1,6612.8,6614.6,5,6613.6,6613.8,6617.0,6604.6,1527.0,2018808480.0,46232
2023-05-10 09:31:49,IM2305,IM2305,6614.6,2.0,2645840.0,-2.0,6,6614.6,6614.8,1,6613.6,6613.8,6617.0,6604.6,1529.0,2021454320.0,46230
2023-05-10 09:31:49,IM2305,IM2305,6614.8,13.0,17198600.0,-11.0,1,6615.0,6615.4,1,6613.6,6613.8,6617.0,6604.6,1542.0,2038652920.0,46219
2023-05-10 09:31:50,IM2305,IM2305,6615.0,2.0,2646000.0,-1.0,6,6614.6,6615.4,1,6613.6,6613.8,6617.0,6604.6,1544.0,2041298920.0,46218
2023-05-10 09:31:50,IM2305,IM2305,6614.8,2.0,2646040.0,1.0,6,6614.6,6615.2,1,6613.6,6613.8,6617.0,6604.6,1546.0,2043944960.0,46219
2023-05-10 09:31:51,IM2305,IM2305,6614.6,6.0,7937520.0,0.0,2,6614.8,6615.2,1,6613.6,6613.8,6617.0,6604.6,1552.0,2051882480.0,46219
2023-05-10 09:31:51,IM2305,IM2305,6613.6,15.0,19841600.0,-13.0,2,6613.2,6614.4,1,6613.6,6613.8,6617.0,6604.6,1567.0,2071724080.0,46206
2023-05-10 09:31:52,IM2305,IM2305,6613.2,3.0,3967920.0,-2.0,1,6612.6,6613.4,1,6613.6,6613.8,6617.0,6604.6,1570.0,2075692000.0,46204
2023-05-10 09:31:52,IM2305,IM2305,6612.6,2.0,2645040.0,-2.0,1,6612.2,6612.6,2,6613.6,6613.8,6617.0,6604.6,1572.0,2078337040.0,46202
2023-05-10 09:31:53,IM2305,IM2305,6612.2,2.0,2644880.0,-1.0,1,6611.6,6612.2,3,6613.6,6613.8,6617.0,6604.6,1574.0,2080981920.0,46201
2023-05-10 09:31:53,IM2305,IM2305,6612.0,5.0,6612120.0,-1.0,1,6612.2,6612.6,1,6613.6,6613.8,6617.0,6604.6,1579.0,2087594040.0,46200
2023-05-10 09:31:54,IM2305,IM2305,6612.6,2.0,2645040.0,-2.0,3,6611.4,6613.2,2,6613.6,6613.8,6617.0,6604.6,1581.0,2090239080.0,46198
2023-05-10 09:31:54,IM2305,IM2305,6612.6,2.0,2645120.0,-1.0,1,6612.6,6613.0,1,6613.6,6613.8,6617.0,6604.6,1583.0,2092884200.0,46197
2023-05-10 09:31:55,IM2305,IM2305,6613.2,2.0,2645160.0,-1.0,1,6613.4,6614.2,2,6613.6,6613.8,6617.0,6604.6,1585.0,2095529360.0,46196
2023-05-10 09:31:55,IM2305,IM2305,6613.2,1.0,1322640.0,-1.0,2,6612.8,6614.4,1,6613.6,6613.8,6617.0,6604.6,1586.0,2096852000.0,46195
2023-05-10 09:31:56,IM2305,IM2305,6613.2,0.0,0.0,0.0,1,6613.6,6614.4,1,6613.6,6613.8,6617.0,6604.6,1586.0,2096852000.0,46195
2023-05-10 09:31:56,IM2305,IM2305,6614.2,5.0,6614120.0,-2.0,1,6613.6,6614.6,1,6613.6,6613.8,6617.0,6604.6,1591.0,2103466120.0,46193
2023-05-10 09:31:57,IM2305,IM2305,6614.6,1.0,1322920.0,0.0,1,6614.4,6614.8,1,6613.6,6613.8,6617.0,6604.6,1592.0,2104789040.0,46193
2023-05-10 09:31:57,IM2305,IM2305,6614.6,2.0,2645840.0,-2.0,1,6614.8,6615.4,2,6613.6,6613.8,6617.0,6604.6,1594.0,2107434880.0,46191
2023-05-10 09:31:58,IM2305,IM2305,6614.4,3.0,3968720.0,-1.0,1,6613.8,6614.2,9,6613.6,6613.8,6617.0,6604.6,1597.0,2111403600.0,46190
2023-05-10 09:31:58,IM2305,IM2305,6614.2,9.0,11905560.0,4.0,1,6614.6,6615.4,4,6613.6,6613.8,6617.0,6604.6,1606.0,2123309160.0,46194
2023-05-10 09:31:59,IM2305,IM2305,6614.6,1.0,1322920.0,0.0,2,6614.2,6615.2,1,6613.6,6613.8,6617.0,6604.6,1607.0,2124632080.0,46194
2023-05-10 09:31:59,IM2305,IM2305,6614.0,1.0,1322800.0,-1.0,1,6613.4,6614.2,1,6613.6,6613.8,6617.0,6604.6,1608.0,2125954880.0,46193
2023-05-10 09:32:00,IM2305,IM2305,6614.6,15.0,19845440.0,-6.0,1,6615.0,6615.8,3,6613.6,6613.8,6617.0,6604.6,1623.0,2145800320.0,46187
2023-05-10 09:32:00,IM2305,IM2305,6615.0,11.0,14554200.0,1.0,1,6614.6,6615.0,1,6613.6,6613.8,6617.0,6604.6,1634.0,2160354520.0,46188
2023-05-10 09:32:01,IM2305,IM2305,6615.0,6.0,7938000.0,2.0,2,6615.2,6616.6,1,6613.6,6613.8,6617.0,6604.6,1640.0,2168292520.0,46190
2023-05-10 09:32:01,IM2305,IM2305,6615.6,4.0,5292840.0,-2.0,2,6615.6,6616.0,1,6613.6,6613.8,6617.0,6604.6,1644.0,2173585360.0,46188
2023-05-10 09:32:02,IM2305,IM2305,6616.6,6.0,7939680.0,0.0,3,6616.0,6616.6,6,6613.6,6613.8,6617.0,6604.6,1650.0,2181525040.0,46188
2023-05-10 09:32:02,IM2305,IM2305,6616.6,2.0,2646640.0,0.0,2,6616.0,6616.6,5,6613.6,6613.8,6617.0,6604.6,1652.0,2184171680.0,46188
2023-05-10 09:32:03,IM2305,IM2305,6616.6,12.0,15880120.0,1.0,1,6616.2,6617.6,1,6613.6,6613.8,6617.0,6604.6,1664.0,2200051800.0,46189
2023-05-10 09:32:03,IM2305,IM2305,6616.8,2.0,2646880.0,-1.0,1,6616.6,6617.0,1,6613.6,6613.8,6617.6,6604.6,1666.0,2202698680.0,46188
2023-05-10 09:32:04,IM2305,IM2305,6616.8,4.0,5293480.0,-1.0,1,6617.0,6617.6,10,6613.6,6613.8,6617.6,6604.6,1670.0,2207992160.0,46187
2023-05-10 09:32:04,IM2305,IM2305,6616.6,11.0,14557800.0,-1.0,5,6616.4,6617.6,5,6613.6,6613.8,6617.6,6604.6,1681.0,2222549960.0,46186
2023-05-10 09:32:05,IM2305,IM2305,6617.6,9.0,11911520.0,1.0,4,6616.6,6617.6,3,6613.6,6613.8,6617.6,6604.6,1690.0,2234461480.0,46187
2023-05-10 09:32:05,IM2305,IM2305,6617.6,2.0,2647040.0,0.0,2,6616.8,6617.6,1,6613.6,6613.8,6617.6,6604.6,1692.0,2237108520.0,46187
2023-05-10 09:32:06,IM2305,IM2305,6617.6,2.0,2647040.0,-1.0,1,6617.8,6618.0,2,6613.6,6613.8,6617.6,6604.6,1694.0,2239755560.0,46186
2023-05-10 09:32:06,IM2305,IM2305,6616.2,17.0,22498080.0,-16.0,4,6616.0,6617.4,2,6613.6,6613.8,6617.8,6604.6,1711.0,2262253640.0,46170
2023-05-10 09:32:07,IM2305,IM2305,6616.0,4.0,5292800.0,-3.0,1,6615.6,6616.0,1,6613.6,6613.8,6617.8,6604.6,1715.0,2267546440.0,46167
2023-05-10 09:32:07,IM2305,IM2305,6615.4,10.0,13230400.0,-5.0,1,6614.2,6614.6,1,6613.6,6613.8,6617.8,6604.6,1725.0,2280776840.0,46162
2023-05-10 09:32:08,IM2305,IM2305,6614.2,2.0,2645680.0,-2.0,1,6613.2,6614.2,4,6613.6,6613.8,6617.8,6604.6,1727.0,2283422520.0,46160
2023-05-10 09:32:08,IM2305,IM2305,6614.0,3.0,3968320.0,-3.0,1,6613.4,6614.0,2,6613.6,6613.8,6617.8,6604.6,1730.0,2287390840.0,46157
2023-05-10 09:32:09,IM2305,IM2305,6614.2,9.0,11905440.0,-3.0,3,6614.0,6614.6,1,6613.6,6613.8,6617.8,6604.6,1739.0,2299296280.0,46154
2023-05-10 09:32:09,IM2305,IM2305,6614.8,3.0,3968920.0,-3.0,1,6615.2,6615.6,3,6613.6,6613.8,6617.8,6604.6,1742.0,2303265200.0,46151
2023-05-10 09:32:10,IM2305,IM2305,6615.6,5.0,6615600.0,-4.0,1,6615.6,6617.2,1,6613.6,6613.8,6617.8,6604.6,1747.0,2309880800.0,46147
2023-05-10 09:32:10,IM2305,IM2305,6615.8,4.0,5292800.0,0.0,2,6615.8,6616.6,1,6613.6,6613.8,6617.8,6604.6,1751.0,2315173600.0,46147
2023-05-10 09:32:11,IM2305,IM2305,6615.8,3.0,3969480.0,-2.0,1,6616.0,6616.2,1,6613.6,6613.8,6617.8,6604.6,1754.0,2319143080.0,46145
2023-05-10 09:32:11,IM2305,IM2305,6615.4,9.0,11908200.0,-7.0,1,6615.0,6615.8,1,6613.6,6613.8,6617.8,6604.6,1763.0,2331051280.0,46138
2023-05-10 09:32:12,IM2305,IM2305,6615.0,2.0,2646000.0,0.0,2,6614.2,6615.4,1,6613.6,6613.8,6617.8,6604.6,1765.0,2333697280.0,46138
2023-05-10 09:32:12,IM2305,IM2305,6615.6,2.0,2646200.0,-1.0,1,6614.8,6615.6,3,6613.6,6613.8,6617.8,6604.6,1767.0,2336343480.0,46137
2023-05-10 09:32:13,IM2305,IM2305,6615.6,1.0,1323120.0,0.0,3,6615.0,6615.8,10,6613.6,6613.8,6617.8,6604.6,1768.0,2337666600.0,46137
2023-05-10 09:32:13,IM2305,IM2305,6615.6,1.0,1323120.0,-1.0,1,6614.4,6615.6,3,6613.6,6613.8,6617.8,6604.6,1769.0,2338989720.0,46136
2023-05-10 09:32:14,IM2305,IM2305,6615.8,8.0,10585160.0,-3.0,6,6614.6,6615.8,10,6613.6,6613.8,6617.8,6604.6,1777.0,2349574880.0,46133
2023-05-10 09:32:14,IM2305,IM2305,6615.6,4.0,5292480.0,-2.0,6,6615.6,6615.8,10,6613.6,6613.8,6617.8,6604.6,1781.0,2354867360.0,46131
2023-05-10 09:32:15,IM2305,IM2305,6615.8,11.0,14554680.0,-2.0,4,6615.6,6615.8,1,6613.6,6613.8,6617.8,6604.6,1792.0,2369422040.0,46129
2023-05-10 09:32:15,IM2305,IM2305,6616.2,5.0,6615760.0,-3.0,1,6615.6,6617.6,2,6613.6,6613.8,6617.8,6604.6,1797.0,2376037800.0,46126
2023-05-10 09:32:16,IM2305,IM2305,6616.2,0.0,0.0,0.0,1,6615.8,6616.0,5,6613.6,6613.8,6617.8,6604.6,1797.0,2376037800.0,46126
2023-05-10 09:32:16,IM2305,IM2305,6616.0,9.0,11908560.0,-2.0,1,6616.8,6617.0,2,6613.6,6613.8,6617.8,6604.6,1806.0,2387946360.0,46124
2023-05-10 09:32:17,IM2305,IM2305,6616.8,1.0,1323360.0,0.0,1,6615.8,6616.2,2,6613.6,6613.8,6617.8,6604.6,1807.0,2389269720.0,46124
2023-05-10 09:32:17,IM2305,IM2305,6616.6,4.0,5293040.0,-1.0,3,6616.2,6616.8,2,6613.6,6613.8,6617.8,6604.6,1811.0,2394562760.0,46123
2023-05-10 09:32:18,IM2305,IM2305,6616.8,2.0,2646720.0,-2.0,2,6617.0,6617.6,1,6613.6,6613.8,6617.8,6604.6,1813.0,2397209480.0,46121
2023-05-10 09:32:18,IM2305,IM2305,6616.8,0.0,0.0,0.0,3,6617.0,6617.6,1,6613.6,6613.8,6617.8,6604.6,1813.0,2397209480.0,46121
2023-05-10 09:32:19,IM2305,IM2305,6617.0,5.0,6616960.0,-3.0,2,6616.8,6617.4,1,6613.6,6613.8,6617.8,6604.6,1818.0,2403826440.0,46118
2023-05-10 09:32:20,IM2305,IM2305,6616.8,2.0,2646720.0,-1.0,2,6616.2,6616.8,3,6613.6,6613.8,6617.8,6604.6,1820.0,2406473160.0,46117
2023-05-10 09:32:20,IM2305,IM2305,6616.2,3.0,3969720.0,-2.0,2,6615.8,6617.2,1,6613.6,6613.8,6617.8,6604.6,1823.0,2410442880.0,46115
2023-05-10 09:32:21,IM2305,IM2305,6616.0,4.0,5293000.0,-2.0,2,6615.8,6617.0,3,6613.6,6613.8,6617.8,6604.6,1827.0,2415735880.0,46113
2023-05-10 09:32:21,IM2305,IM2305,6616.8,3.0,3970080.0,-1.0,2,6615.8,6616.8,2,6613.6,6613.8,6617.8,6604.6,1830.0,2419705960.0,46112
2023-05-10 09:32:22,IM2305,IM2305,6616.8,0.0,0.0,0.0,2,6615.8,6616.6,2,6613.6,6613.8,6617.8,6604.6,1830.0,2419705960.0,46112
2023-05-10 09:32:22,IM2305,IM2305,6616.6,1.0,1323320.0,0.0,2,6615.8,6616.4,3,6613.6,6613.8,6617.8,6604.6,1831.0,2421029280.0,46112
2023-05-10 09:32:23,IM2305,IM2305,6616.4,5.0,6616400.0,-3.0,1,6616.4,6616.8,1,6613.6,6613.8,6617.8,6604.6,1836.0,2427645680.0,46109
2023-05-10 09:32:24,IM2305,IM2305,6616.8,1.0,1323360.0,0.0,1,6616.4,6616.6,1,6613.6,6613.8,6617.8,6604.6,1837.0,2428969040.0,46109
2023-05-10 09:32:24,IM2305,IM2305,6616.6,3.0,3969920.0,-1.0,3,6616.0,6617.4,4,6613.6,6613.8,6617.8,6604.6,1840.0,2432938960.0,46108
2023-05-10 09:32:25,IM2305,IM2305,6617.2,1.0,1323440.0,0.0,1,6616.2,6617.2,2,6613.6,6613.8,6617.8,6604.6,1841.0,2434262400.0,46108
2023-05-10 09:32:25,IM2305,IM2305,6616.4,2.0,2646520.0,-1.0,3,6615.8,6617.0,3,6613.6,6613.8,6617.8,6604.6,1843.0,2436908920.0,46107
2023-05-10 09:32:26,IM2305,IM2305,6616.8,5.0,6616040.0,-2.0,1,6615.2,6616.8,5,6613.6,6613.8,6617.8,6604.6,1848.0,2443524960.0,46105
2023-05-10 09:32:26,IM2305,IM2305,6616.0,3.0,3969600.0,-2.0,3,6615.2,6616.2,1,6613.6,6613.8,6617.8,6604.6,1851.0,2447494560.0,46103
2023-05-10 09:32:27,IM2305,IM2305,6616.0,2.0,2646240.0,-1.0,1,6614.6,6616.2,1,6613.6,6613.8,6617.8,6604.6,1853.0,2450140800.0,46102
2023-05-10 09:32:27,IM2305,IM2305,6614.4,5.0,6614760.0,-3.0,1,6614.8,6616.0,4,6613.6,6613.8,6617.8,6604.6,1858.0,2456755560.0,46099
2023-05-10 09:32:28,IM2305,IM2305,6614.8,2.0,2646120.0,-2.0,1,6614.8,6615.2,1,6613.6,6613.8,6617.8,6604.6,1860.0,2459401680.0,46097
2023-05-10 09:32:28,IM2305,IM2305,6614.8,1.0,1322960.0,-1.0,1,6614.4,6615.2,1,6613.6,6613.8,6617.8,6604.6,1861.0,2460724640.0,46096
2023-05-10 09:32:29,IM2305,IM2305,6614.4,3.0,3968600.0,-2.0,1,6614.0,6615.0,1,6613.6,6613.8,6617.8,6604.6,1864.0,2464693240.0,46094
2023-05-10 09:32:29,IM2305,IM2305,6614.0,3.0,3968400.0,-2.0,1,6613.4,6613.6,1,6613.6,6613.8,6617.8,6604.6,1867.0,2468661640.0,46092
2023-05-10 09:32:30,IM2305,IM2305,6613.6,3.0,3968160.0,-3.0,2,6613.8,6614.8,2,6613.6,6613.8,6617.8,6604.6,1870.0,2472629800.0,46089
2023-05-10 09:32:30,IM2305,IM2305,6613.8,1.0,1322760.0,0.0,2,6613.8,6614.8,1,6613.6,6613.8,6617.8,6604.6,1871.0,2473952560.0,46089
2023-05-10 09:32:31,IM2305,IM2305,6613.6,10.0,13227560.0,0.0,2,6613.6,6613.8,1,6613.6,6613.8,6617.8,6604.6,1881.0,2487180120.0,46089
2023-05-10 09:32:31,IM2305,IM2305,6613.2,10.0,13227000.0,-6.0,2,6612.6,6613.4,1,6613.6,6613.8,6617.8,6604.6,1891.0,2500407120.0,46083
2023-05-10 09:32:32,IM2305,IM2305,6613.2,7.0,9258000.0,-4.0,1,6612.0,6613.2,2,6613.6,6613.8,6617.8,6604.6,1898.0,2509665120.0,46079
2023-05-10 09:32:32,IM2305,IM2305,6613.2,1.0,1322640.0,-1.0,3,6612.2,6613.0,4,6613.6,6613.8,6617.8,6604.6,1899.0,2510987760.0,46078
2023-05-10 09:32:33,IM2305,IM2305,6613.8,8.0,10581120.0,-2.0,2,6613.0,6613.8,1,6613.6,6613.8,6617.8,6604.6,1907.0,2521568880.0,46076
2023-05-10 09:32:33,IM2305,IM2305,6614.0,5.0,6614040.0,0.0,1,6613.8,6614.8,3,6613.6,6613.8,6617.8,6604.6,1912.0,2528182920.0,46076
2023-05-10 09:32:34,IM2305,IM2305,6614.2,4.0,5291720.0,-1.0,1,6614.2,6614.6,10,6613.6,6613.8,6617.8,6604.6,1916.0,2533474640.0,46075
2023-05-10 09:32:34,IM2305,IM2305,6614.6,16.0,21166640.0,3.0,1,6614.0,6614.6,9,6613.6,6613.8,6617.8,6604.6,1932.0,2554641280.0,46078
2023-05-10 09:32:35,IM2305,IM2305,6614.4,6.0,7937480.0,-1.0,1,6614.2,6614.6,6,6613.6,6613.8,6617.8,6604.6,1938.0,2562578760.0,46077
2023-05-10 09:32:35,IM2305,IM2305,6613.8,2.0,2645600.0,-1.0,1,6613.4,6614.6,6,6613.6,6613.8,6617.8,6604.6,1940.0,2565224360.0,46076
2023-05-10 09:32:36,IM2305,IM2305,6613.8,0.0,0.0,0.0,2,6613.4,6614.6,6,6613.6,6613.8,6617.8,6604.6,1940.0,2565224360.0,46076
2023-05-10 09:32:37,IM2305,IM2305,6613.6,3.0,3968440.0,0.0,5,6613.6,6614.6,9,6613.6,6613.8,6617.8,6604.6,1943.0,2569192800.0,46076
2023-05-10 09:32:37,IM2305,IM2305,6613.6,8.0,10581760.0,0.0,5,6613.6,6614.6,10,6613.6,6613.8,6617.8,6604.6,1951.0,2579774560.0,46076
2023-05-10 09:32:38,IM2305,IM2305,6613.8,4.0,5291200.0,-3.0,3,6613.8,6614.6,10,6613.6,6613.8,6617.8,6604.6,1955.0,2585065760.0,46073
2023-05-10 09:32:38,IM2305,IM2305,6614.6,2.0,2645840.0,0.0,5,6613.8,6614.6,10,6613.6,6613.8,6617.8,6604.6,1957.0,2587711600.0,46073
2023-05-10 09:32:39,IM2305,IM2305,6614.6,8.0,10583360.0,0.0,4,6613.8,6614.4,1,6613.6,6613.8,6617.8,6604.6,1965.0,2598294960.0,46073
2023-05-10 09:32:39,IM2305,IM2305,6615.2,5.0,6614720.0,-2.0,1,6614.6,6615.2,2,6613.6,6613.8,6617.8,6604.6,1970.0,2604909680.0,46071
2023-05-10 09:32:40,IM2305,IM2305,6614.6,4.0,5291840.0,-2.0,1,6614.6,6615.0,1,6613.6,6613.8,6617.8,6604.6,1974.0,2610201520.0,46069
2023-05-10 09:32:40,IM2305,IM2305,6614.6,1.0,1322920.0,0.0,1,6614.4,6614.6,2,6613.6,6613.8,6617.8,6604.6,1975.0,2611524440.0,46069
2023-05-10 09:32:41,IM2305,IM2305,6614.6,3.0,3968720.0,0.0,1,6613.8,6614.6,10,6613.6,6613.8,6617.8,6604.6,1978.0,2615493160.0,46069
2023-05-10 09:32:41,IM2305,IM2305,6614.6,1.0,1322920.0,-1.0,2,6614.0,6614.4,3,6613.6,6613.8,6617.8,6604.6,1979.0,2616816080.0,46068
2023-05-10 09:32:42,IM2305,IM2305,6614.6,7.0,9260040.0,-5.0,2,6614.0,6614.2,1,6613.6,6613.8,6617.8,6604.6,1986.0,2626076120.0,46063
2023-05-10 09:32:42,IM2305,IM2305,6614.2,2.0,2645680.0,-2.0,3,6614.2,6614.6,9,6613.6,6613.8,6617.8,6604.6,1988.0,2628721800.0,46061
2023-05-10 09:32:43,IM2305,IM2305,6614.2,0.0,0.0,0.0,2,6614.0,6614.6,9,6613.6,6613.8,6617.8,6604.6,1988.0,2628721800.0,46061
2023-05-10 09:32:43,IM2305,IM2305,6614.0,3.0,3968520.0,-1.0,1,6614.0,6614.4,2,6613.6,6613.8,6617.8,6604.6,1991.0,2632690320.0,46060
2023-05-10 09:32:44,IM2305,IM2305,6613.6,2.0,2645520.0,0.0,2,6613.4,6613.8,2,6613.6,6613.8,6617.8,6604.6,1993.0,2635335840.0,46060
2023-05-10 09:32:44,IM2305,IM2305,6613.6,7.0,9258760.0,-4.0,1,6612.2,6613.6,2,6613.6,6613.8,6617.8,6604.6,2000.0,2644594600.0,46056
2023-05-10 09:32:45,IM2305,IM2305,6613.6,1.0,1322720.0,-1.0,1,6612.4,6613.0,1,6613.6,6613.8,6617.8,6604.6,2001.0,2645917320.0,46055
2023-05-10 09:32:45,IM2305,IM2305,6612.2,3.0,3967360.0,-1.0,1,6611.2,6612.8,2,6613.6,6613.8,6617.8,6604.6,2004.0,2649884680.0,46054
2023-05-10 09:32:46,IM2305,IM2305,6612.2,0.0,0.0,0.0,1,6612.0,6612.2,5,6613.6,6613.8,6617.8,6604.6,2004.0,2649884680.0,46054
2023-05-10 09:32:46,IM2305,IM2305,6612.6,11.0,14546880.0,-4.0,2,6612.4,6612.6,1,6613.6,6613.8,6617.8,6604.6,2015.0,2664431560.0,46050
2023-05-10 09:32:47,IM2305,IM2305,6612.6,4.0,5290000.0,-2.0,1,6612.6,6613.2,4,6613.6,6613.8,6617.8,6604.6,2019.0,2669721560.0,46048
2023-05-10 09:32:47,IM2305,IM2305,6611.2,4.0,5289720.0,-3.0,1,6610.4,6612.6,1,6613.6,6613.8,6617.8,6604.6,2023.0,2675011280.0,46045
2023-05-10 09:32:48,IM2305,IM2305,6612.6,1.0,1322520.0,-1.0,1,6612.8,6613.0,1,6613.6,6613.8,6617.8,6604.6,2024.0,2676333800.0,46044
2023-05-10 09:32:48,IM2305,IM2305,6612.8,4.0,5290240.0,-1.0,1,6612.2,6612.8,1,6613.6,6613.8,6617.8,6604.6,2028.0,2681624040.0,46043
2023-05-10 09:32:49,IM2305,IM2305,6613.0,3.0,3967600.0,-3.0,1,6611.4,6613.2,4,6613.6,6613.8,6617.8,6604.6,2031.0,2685591640.0,46040
2023-05-10 09:32:49,IM2305,IM2305,6612.4,2.0,2645080.0,-1.0,5,6611.6,6613.0,5,6613.6,6613.8,6617.8,6604.6,2033.0,2688236720.0,46039
2023-05-10 09:32:50,IM2305,IM2305,6613.0,2.0,2645200.0,-1.0,3,6611.6,6613.0,3,6613.6,6613.8,6617.8,6604.6,2035.0,2690881920.0,46038
2023-05-10 09:32:50,IM2305,IM2305,6611.8,3.0,3967560.0,-2.0,4,6611.6,6612.8,2,6613.6,6613.8,6617.8,6604.6,2038.0,2694849480.0,46036
2023-05-10 09:32:51,IM2305,IM2305,6612.8,1.0,1322560.0,-1.0,1,6611.8,6612.6,2,6613.6,6613.8,6617.8,6604.6,2039.0,2696172040.0,46035
2023-05-10 09:32:51,IM2305,IM2305,6613.4,3.0,3967720.0,1.0,3,6612.0,6613.4,2,6613.6,6613.8,6617.8,6604.6,2042.0,2700139760.0,46036
2023-05-10 09:32:52,IM2305,IM2305,6612.0,2.0,2645080.0,-2.0,1,6612.0,6612.4,1,6613.6,6613.8,6617.8,6604.6,2044.0,2702784840.0,46034
2023-05-10 09:32:52,IM2305,IM2305,6612.0,0.0,0.0,0.0,2,6612.0,6612.2,2,6613.6,6613.8,6617.8,6604.6,2044.0,2702784840.0,46034
2023-05-10 09:32:53,IM2305,IM2305,6613.2,4.0,5290000.0,-2.0,1,6612.6,6613.4,1,6613.6,6613.8,6617.8,6604.6,2048.0,2708074840.0,46032
2023-05-10 09:32:53,IM2305,IM2305,6613.6,3.0,3968040.0,-1.0,2,6612.8,6613.6,2,6613.6,6613.8,6617.8,6604.6,2051.0,2712042880.0,46031
2023-05-10 09:32:54,IM2305,IM2305,6613.2,3.0,3968080.0,0.0,1,6613.0,6614.4,3,6613.6,6613.8,6617.8,6604.6,2054.0,2716010960.0,46031
2023-05-10 09:32:54,IM2305,IM2305,6614.2,1.0,1322840.0,-1.0,1,6613.0,6614.2,4,6613.6,6613.8,6617.8,6604.6,2055.0,2717333800.0,46030
2023-05-10 09:32:55,IM2305,IM2305,6613.0,1.0,1322600.0,-1.0,1,6613.2,6614.0,1,6613.6,6613.8,6617.8,6604.6,2056.0,2718656400.0,46029
2023-05-10 09:32:55,IM2305,IM2305,6613.4,3.0,3968080.0,-3.0,1,6612.6,6613.2,1,6613.6,6613.8,6617.8,6604.6,2059.0,2722624480.0,46026
2023-05-10 09:32:56,IM2305,IM2305,6613.4,0.0,0.0,0.0,1,6613.0,6613.2,1,6613.6,6613.8,6617.8,6604.6,2059.0,2722624480.0,46026
2023-05-10 09:32:56,IM2305,IM2305,6613.2,3.0,3967880.0,0.0,1,6612.6,6613.8,1,6613.6,6613.8,6617.8,6604.6,2062.0,2726592360.0,46026
2023-05-10 09:32:57,IM2305,IM2305,6613.6,1.0,1322720.0,-1.0,1,6612.6,6613.6,2,6613.6,6613.8,6617.8,6604.6,2063.0,2727915080.0,46025
2023-05-10 09:32:57,IM2305,IM2305,6613.6,0.0,0.0,0.0,1,6612.8,6613.6,2,6613.6,6613.8,6617.8,6604.6,2063.0,2727915080.0,46025
2023-05-10 09:32:58,IM2305,IM2305,6613.6,1.0,1322720.0,-1.0,1,6612.8,6613.4,4,6613.6,6613.8,6617.8,6604.6,2064.0,2729237800.0,46024
2023-05-10 09:32:59,IM2305,IM2305,6612.6,2.0,2645080.0,1.0,2,6612.2,6613.4,4,6613.6,6613.8,6617.8,6604.6,2066.0,2731882880.0,46025
2023-05-10 09:32:59,IM2305,IM2305,6612.6,0.0,0.0,0.0,4,6612.4,6612.8,1,6613.6,6613.8,6617.8,6604.6,2066.0,2731882880.0,46025
2023-05-10 09:33:00,IM2305,IM2305,6613.4,5.0,6612760.0,-2.0,4,6613.2,6613.4,3,6613.6,6613.8,6617.8,6604.6,2071.0,2738495640.0,46023
2023-05-10 09:33:00,IM2305,IM2305,6612.2,21.0,27775080.0,-9.0,4,6611.4,6613.2,1,6613.6,6613.8,6617.8,6604.6,2092.0,2766270720.0,46014
2023-05-10 09:33:01,IM2305,IM2305,6613.2,3.0,3967920.0,-2.0,2,6612.2,6613.2,5,6613.6,6613.8,6617.8,6604.6,2095.0,2770238640.0,46012
2023-05-10 09:33:01,IM2305,IM2305,6612.4,10.0,13226080.0,-2.0,1,6612.4,6614.4,2,6613.6,6613.8,6617.8,6604.6,2105.0,2783464720.0,46010
2023-05-10 09:33:02,IM2305,IM2305,6613.0,1.0,1322600.0,0.0,4,6612.6,6614.2,3,6613.6,6613.8,6617.8,6604.6,2106.0,2784787320.0,46010
2023-05-10 09:33:02,IM2305,IM2305,6612.8,2.0,2645120.0,-2.0,3,6612.8,6614.2,3,6613.6,6613.8,6617.8,6604.6,2108.0,2787432440.0,46008
2023-05-10 09:33:03,IM2305,IM2305,6612.8,0.0,0.0,0.0,1,6613.2,6614.0,1,6613.6,6613.8,6617.8,6604.6,2108.0,2787432440.0,46008
2023-05-10 09:33:03,IM2305,IM2305,6613.2,3.0,3968240.0,-2.0,1,6613.2,6614.0,1,6613.6,6613.8,6617.8,6604.6,2111.0,2791400680.0,46006
2023-05-10 09:33:04,IM2305,IM2305,6613.2,1.0,1322640.0,0.0,1,6613.6,6614.0,1,6613.6,6613.8,6617.8,6604.6,2112.0,2792723320.0,46006
2023-05-10 09:33:04,IM2305,IM2305,6614.0,4.0,5291000.0,-2.0,1,6613.2,6614.4,2,6613.6,6613.8,6617.8,6604.6,2116.0,2798014320.0,46004
2023-05-10 09:33:05,IM2305,IM2305,6614.0,0.0,0.0,0.0,1,6612.8,6614.2,2,6613.6,6613.8,6617.8,6604.6,2116.0,2798014320.0,46004
2023-05-10 09:33:05,IM2305,IM2305,6614.0,0.0,0.0,0.0,1,6612.8,6613.2,1,6613.6,6613.8,6617.8,6604.6,2116.0,2798014320.0,46004
2023-05-10 09:33:06,IM2305,IM2305,6612.8,1.0,1322560.0,-1.0,1,6612.6,6612.8,1,6613.6,6613.8,6617.8,6604.6,2117.0,2799336880.0,46003
2023-05-10 09:33:06,IM2305,IM2305,6613.0,5.0,6612520.0,-5.0,1,6611.6,6613.2,1,6613.6,6613.8,6617.8,6604.6,2122.0,2805949400.0,45998
2023-05-10 09:33:07,IM2305,IM2305,6613.0,3.0,3967800.0,-1.0,1,6611.2,6613.0,7,6613.6,6613.8,6617.8,6604.6,2125.0,2809917200.0,45997
2023-05-10 09:33:07,IM2305,IM2305,6613.0,0.0,0.0,0.0,1,6610.4,6611.2,1,6613.6,6613.8,6617.8,6604.6,2125.0,2809917200.0,45997
2023-05-10 09:33:08,IM2305,IM2305,6611.2,4.0,5289360.0,-2.0,1,6611.6,6612.8,6,6613.6,6613.8,6617.8,6604.6,2129.0,2815206560.0,45995
2023-05-10 09:33:08,IM2305,IM2305,6611.6,3.0,3966880.0,-1.0,1,6610.6,6611.6,1,6613.6,6613.8,6617.8,6604.6,2132.0,2819173440.0,45994
2023-05-10 09:33:09,IM2305,IM2305,6611.6,0.0,0.0,0.0,1,6611.0,6611.4,1,6613.6,6613.8,6617.8,6604.6,2132.0,2819173440.0,45994
2023-05-10 09:33:09,IM2305,IM2305,6611.6,2.0,2644600.0,-2.0,1,6611.6,6612.6,4,6613.6,6613.8,6617.8,6604.6,2134.0,2821818040.0,45992
2023-05-10 09:33:10,IM2305,IM2305,6611.6,1.0,1322320.0,-1.0,1,6610.4,6611.6,1,6613.6,6613.8,6617.8,6604.6,2135.0,2823140360.0,45991
2023-05-10 09:33:10,IM2305,IM2305,6611.6,1.0,1322320.0,0.0,2,6611.0,6611.6,1,6613.6,6613.8,6617.8,6604.6,2136.0,2824462680.0,45991
2023-05-10 09:33:11,IM2305,IM2305,6612.4,4.0,5289280.0,-3.0,1,6610.8,6612.6,4,6613.6,6613.8,6617.8,6604.6,2140.0,2829751960.0,45988
2023-05-10 09:33:11,IM2305,IM2305,6611.2,1.0,1322240.0,-1.0,4,6611.0,6612.4,3,6613.6,6613.8,6617.8,6604.6,2141.0,2831074200.0,45987
2023-05-10 09:33:12,IM2305,IM2305,6612.2,1.0,1322440.0,0.0,1,6611.2,6612.2,1,6613.6,6613.8,6617.8,6604.6,2142.0,2832396640.0,45987
2023-05-10 09:33:12,IM2305,IM2305,6612.4,2.0,2644760.0,-2.0,1,6611.4,6612.4,2,6613.6,6613.8,6617.8,6604.6,2144.0,2835041400.0,45985
2023-05-10 09:33:13,IM2305,IM2305,6611.6,1.0,1322320.0,-1.0,1,6611.4,6612.4,2,6613.6,6613.8,6617.8,6604.6,2145.0,2836363720.0,45984
2023-05-10 09:33:13,IM2305,IM2305,6612.4,1.0,1322480.0,1.0,2,6611.6,6612.4,1,6613.6,6613.8,6617.8,6604.6,2146.0,2837686200.0,45985
2023-05-10 09:33:14,IM2305,IM2305,6611.8,2.0,2644840.0,0.0,2,6611.8,6612.2,1,6613.6,6613.8,6617.8,6604.6,2148.0,2840331040.0,45985
2023-05-10 09:33:14,IM2305,IM2305,6612.0,3.0,3967160.0,-3.0,2,6611.6,6612.0,2,6613.6,6613.8,6617.8,6604.6,2151.0,2844298200.0,45982
2023-05-10 09:33:15,IM2305,IM2305,6612.0,2.0,2644800.0,1.0,1,6611.6,6612.2,1,6613.6,6613.8,6617.8,6604.6,2153.0,2846943000.0,45983
2023-05-10 09:33:15,IM2305,IM2305,6611.8,4.0,5289480.0,-4.0,1,6611.2,6611.8,1,6613.6,6613.8,6617.8,6604.6,2157.0,2852232480.0,45979
2023-05-10 09:33:16,IM2305,IM2305,6611.8,0.0,0.0,0.0,1,6611.2,6611.6,7,6613.6,6613.8,6617.8,6604.6,2157.0,2852232480.0,45979
2023-05-10 09:33:16,IM2305,IM2305,6611.0,7.0,9255080.0,-7.0,2,6610.2,6611.2,1,6613.6,6613.8,6617.8,6604.6,2164.0,2861487560.0,45972
2023-05-10 09:33:17,IM2305,IM2305,6611.0,0.0,0.0,0.0,3,6610.2,6611.0,4,6613.6,6613.8,6617.8,6604.6,2164.0,2861487560.0,45972
2023-05-10 09:33:17,IM2305,IM2305,6610.2,3.0,3966120.0,-2.0,1,6610.4,6610.8,4,6613.6,6613.8,6617.8,6604.6,2167.0,2865453680.0,45970
2023-05-10 09:33:18,IM2305,IM2305,6609.8,10.0,13219920.0,-7.0,2,6609.8,6610.2,1,6613.6,6613.8,6617.8,6604.6,2177.0,2878673600.0,45963
2023-05-10 09:33:18,IM2305,IM2305,6610.2,6.0,7932120.0,-3.0,3,6609.4,6610.0,1,6613.6,6613.8,6617.8,6604.6,2183.0,2886605720.0,45960
2023-05-10 09:33:19,IM2305,IM2305,6610.2,4.0,5288200.0,-1.0,2,6610.2,6610.4,2,6613.6,6613.8,6617.8,6604.6,2187.0,2891893920.0,45959
2023-05-10 09:33:19,IM2305,IM2305,6610.2,3.0,3966120.0,0.0,1,6610.2,6610.4,2,6613.6,6613.8,6617.8,6604.6,2190.0,2895860040.0,45959
2023-05-10 09:33:20,IM2305,IM2305,6610.2,3.0,3966200.0,-3.0,3,6609.4,6610.2,3,6613.6,6613.8,6617.8,6604.6,2193.0,2899826240.0,45956
2023-05-10 09:33:20,IM2305,IM2305,6610.2,4.0,5288160.0,-4.0,4,6609.4,6610.0,1,6613.6,6613.8,6617.8,6604.6,2197.0,2905114400.0,45952
2023-05-10 09:33:21,IM2305,IM2305,6610.2,8.0,10576360.0,-1.0,6,6610.0,6610.2,1,6613.6,6613.8,6617.8,6604.6,2205.0,2915690760.0,45951
2023-05-10 09:33:21,IM2305,IM2305,6609.4,11.0,14541880.0,-4.0,1,6609.4,6610.0,1,6613.6,6613.8,6617.8,6604.6,2216.0,2930232640.0,45947
2023-05-10 09:33:22,IM2305,IM2305,6609.0,4.0,5287600.0,-3.0,6,6608.6,6609.8,1,6613.6,6613.8,6617.8,6604.6,2220.0,2935520240.0,45944
2023-05-10 09:33:22,IM2305,IM2305,6609.6,2.0,2643640.0,0.0,6,6608.6,6609.6,1,6613.6,6613.8,6617.8,6604.6,2222.0,2938163880.0,45944
2023-05-10 09:33:23,IM2305,IM2305,6610.0,4.0,5287920.0,-3.0,2,6608.8,6610.4,3,6613.6,6613.8,6617.8,6604.6,2226.0,2943451800.0,45941
2023-05-10 09:33:23,IM2305,IM2305,6609.0,2.0,2643600.0,-2.0,2,6609.0,6609.6,1,6613.6,6613.8,6617.8,6604.6,2228.0,2946095400.0,45939
2023-05-10 09:33:24,IM2305,IM2305,6609.6,1.0,1321920.0,-1.0,5,6609.6,6610.8,2,6613.6,6613.8,6617.8,6604.6,2229.0,2947417320.0,45938
2023-05-10 09:33:24,IM2305,IM2305,6610.2,2.0,2644160.0,-2.0,6,6609.6,6610.6,2,6613.6,6613.8,6617.8,6604.6,2231.0,2950061480.0,45936
2023-05-10 09:33:25,IM2305,IM2305,6609.6,1.0,1321920.0,0.0,5,6609.6,6610.6,2,6613.6,6613.8,6617.8,6604.6,2232.0,2951383400.0,45936
2023-05-10 09:33:25,IM2305,IM2305,6609.6,2.0,2643840.0,1.0,3,6609.6,6610.6,2,6613.6,6613.8,6617.8,6604.6,2234.0,2954027240.0,45937
2023-05-10 09:33:26,IM2305,IM2305,6609.6,5.0,6609600.0,-1.0,1,6608.8,6609.6,2,6613.6,6613.8,6617.8,6604.6,2239.0,2960636840.0,45936
2023-05-10 09:33:26,IM2305,IM2305,6608.8,1.0,1321760.0,-1.0,1,6608.8,6609.4,2,6613.6,6613.8,6617.8,6604.6,2240.0,2961958600.0,45935
2023-05-10 09:33:27,IM2305,IM2305,6609.4,3.0,3965600.0,-2.0,1,6609.2,6610.4,5,6613.6,6613.8,6617.8,6604.6,2243.0,2965924200.0,45933
2023-05-10 09:33:27,IM2305,IM2305,6609.4,0.0,0.0,0.0,1,6609.0,6610.2,3,6613.6,6613.8,6617.8,6604.6,2243.0,2965924200.0,45933
2023-05-10 09:33:28,IM2305,IM2305,6609.2,1.0,1321840.0,-1.0,1,6609.0,6610.0,2,6613.6,6613.8,6617.8,6604.6,2244.0,2967246040.0,45932
2023-05-10 09:33:28,IM2305,IM2305,6609.2,6.0,7931720.0,1.0,3,6609.6,6609.8,1,6613.6,6613.8,6617.8,6604.6,2250.0,2975177760.0,45933
2023-05-10 09:33:29,IM2305,IM2305,6609.8,2.0,2643920.0,-1.0,1,6610.4,6610.6,2,6613.6,6613.8,6617.8,6604.6,2252.0,2977821680.0,45932
2023-05-10 09:33:29,IM2305,IM2305,6609.6,4.0,5288240.0,-2.0,2,6609.6,6610.4,1,6613.6,6613.8,6617.8,6604.6,2256.0,2983109920.0,45930
2023-05-10 09:33:30,IM2305,IM2305,6610.4,3.0,3966040.0,-3.0,1,6609.8,6610.8,1,6613.6,6613.8,6617.8,6604.6,2259.0,2987075960.0,45927
2023-05-10 09:33:30,IM2305,IM2305,6609.6,2.0,2643880.0,0.0,1,6609.6,6610.2,1,6613.6,6613.8,6617.8,6604.6,2261.0,2989719840.0,45927
2023-05-10 09:33:31,IM2305,IM2305,6609.6,1.0,1321920.0,-1.0,5,6608.6,6609.8,1,6613.6,6613.8,6617.8,6604.6,2262.0,2991041760.0,45926
2023-05-10 09:33:31,IM2305,IM2305,6609.6,0.0,0.0,0.0,3,6608.8,6609.6,4,6613.6,6613.8,6617.8,6604.6,2262.0,2991041760.0,45926
2023-05-10 09:33:32,IM2305,IM2305,6608.8,1.0,1321760.0,-1.0,1,6608.4,6609.4,2,6613.6,6613.8,6617.8,6604.6,2263.0,2992363520.0,45925
2023-05-10 09:33:32,IM2305,IM2305,6609.4,1.0,1321880.0,0.0,2,6608.4,6609.4,1,6613.6,6613.8,6617.8,6604.6,2264.0,2993685400.0,45925
2023-05-10 09:33:33,IM2305,IM2305,6609.4,1.0,1321880.0,-1.0,2,6608.4,6608.8,1,6613.6,6613.8,6617.8,6604.6,2265.0,2995007280.0,45924
2023-05-10 09:33:33,IM2305,IM2305,6609.4,2.0,2643640.0,-1.0,1,6609.4,6609.6,3,6613.6,6613.8,6617.8,6604.6,2267.0,2997650920.0,45923
2023-05-10 09:33:34,IM2305,IM2305,6608.2,3.0,3965200.0,-3.0,1,6607.8,6608.8,4,6613.6,6613.8,6617.8,6604.6,2270.0,3001616120.0,45920
2023-05-10 09:33:34,IM2305,IM2305,6608.8,2.0,2643520.0,-1.0,3,6608.0,6608.6,1,6613.6,6613.8,6617.8,6604.6,2272.0,3004259640.0,45919
2023-05-10 09:33:35,IM2305,IM2305,6608.0,2.0,2643320.0,-2.0,2,6608.0,6608.4,2,6613.6,6613.8,6617.8,6604.6,2274.0,3006902960.0,45917
2023-05-10 09:33:35,IM2305,IM2305,6608.0,0.0,0.0,0.0,1,6607.8,6608.0,1,6613.6,6613.8,6617.8,6604.6,2274.0,3006902960.0,45917
2023-05-10 09:33:36,IM2305,IM2305,6608.0,7.0,9251800.0,-1.0,1,6608.0,6608.4,5,6613.6,6613.8,6617.8,6604.6,2281.0,3016154760.0,45916
2023-05-10 09:33:36,IM2305,IM2305,6608.0,3.0,3964880.0,-2.0,2,6607.0,6608.4,4,6613.6,6613.8,6617.8,6604.6,2284.0,3020119640.0,45914
2023-05-10 09:33:37,IM2305,IM2305,6608.0,0.0,0.0,0.0,3,6607.2,6608.4,4,6613.6,6613.8,6617.8,6604.6,2284.0,3020119640.0,45914
2023-05-10 09:33:37,IM2305,IM2305,6608.0,0.0,0.0,0.0,1,6607.4,6608.2,1,6613.6,6613.8,6617.8,6604.6,2284.0,3020119640.0,45914
2023-05-10 09:33:38,IM2305,IM2305,6608.0,0.0,0.0,0.0,1,6607.4,6608.2,2,6613.6,6613.8,6617.8,6604.6,2284.0,3020119640.0,45914
2023-05-10 09:33:38,IM2305,IM2305,6608.0,0.0,0.0,0.0,1,6607.6,6608.0,2,6613.6,6613.8,6617.8,6604.6,2284.0,3020119640.0,45914
2023-05-10 09:33:39,IM2305,IM2305,6608.0,0.0,0.0,0.0,1,6607.6,6608.0,1,6613.6,6613.8,6617.8,6604.6,2284.0,3020119640.0,45914
2023-05-10 09:33:39,IM2305,IM2305,6608.0,1.0,1321600.0,-1.0,2,6607.8,6608.2,1,6613.6,6613.8,6617.8,6604.6,2285.0,3021441240.0,45913
2023-05-10 09:33:40,IM2305,IM2305,6608.2,1.0,1321640.0,-1.0,3,6607.4,6607.8,3,6613.6,6613.8,6617.8,6604.6,2286.0,3022762880.0,45912
2023-05-10 09:33:40,IM2305,IM2305,6607.4,2.0,2643040.0,-2.0,2,6607.4,6607.8,3,6613.6,6613.8,6617.8,6604.6,2288.0,3025405920.0,45910
2023-05-10 09:33:41,IM2305,IM2305,6607.6,8.0,10571840.0,-6.0,1,6606.8,6607.4,4,6613.6,6613.8,6617.8,6604.6,2296.0,3035977760.0,45904
2023-05-10 09:33:41,IM2305,IM2305,6607.4,6.0,7928880.0,-1.0,1,6607.6,6607.8,2,6613.6,6613.8,6617.8,6604.6,2302.0,3043906640.0,45903
2023-05-10 09:33:42,IM2305,IM2305,6607.6,9.0,11894040.0,-6.0,2,6607.6,6608.6,1,6613.6,6613.8,6617.8,6604.6,2311.0,3055800680.0,45897
2023-05-10 09:33:42,IM2305,IM2305,6607.8,4.0,5286480.0,-3.0,1,6607.8,6608.6,2,6613.6,6613.8,6617.8,6604.6,2315.0,3061087160.0,45894
2023-05-10 09:33:43,IM2305,IM2305,6607.8,0.0,0.0,0.0,1,6607.6,6608.6,1,6613.6,6613.8,6617.8,6604.6,2315.0,3061087160.0,45894
2023-05-10 09:33:43,IM2305,IM2305,6607.6,3.0,3964840.0,0.0,3,6607.2,6608.4,3,6613.6,6613.8,6617.8,6604.6,2318.0,3065052000.0,45894
2023-05-10 09:33:44,IM2305,IM2305,6607.6,0.0,0.0,0.0,1,6607.4,6608.2,1,6613.6,6613.8,6617.8,6604.6,2318.0,3065052000.0,45894
2023-05-10 09:33:44,IM2305,IM2305,6607.2,1.0,1321440.0,-1.0,1,6607.6,6608.0,1,6613.6,6613.8,6617.8,6604.6,2319.0,3066373440.0,45893
2023-05-10 09:33:45,IM2305,IM2305,6607.6,2.0,2643040.0,-2.0,1,6606.6,6607.4,1,6613.6,6613.8,6617.8,6604.6,2321.0,3069016480.0,45891
2023-05-10 09:33:45,IM2305,IM2305,6606.6,1.0,1321320.0,-1.0,2,6606.4,6607.4,2,6613.6,6613.8,6617.8,6604.6,2322.0,3070337800.0,45890
2023-05-10 09:33:46,IM2305,IM2305,6606.0,11.0,14535320.0,-2.0,1,6605.2,6606.4,1,6613.6,6613.8,6617.8,6604.6,2333.0,3084873120.0,45888
2023-05-10 09:33:46,IM2305,IM2305,6606.4,2.0,2642560.0,-1.0,5,6605.8,6606.2,3,6613.6,6613.8,6617.8,6604.6,2335.0,3087515680.0,45887
2023-05-10 09:33:47,IM2305,IM2305,6607.2,4.0,5285160.0,-1.0,1,6606.2,6607.6,5,6613.6,6613.8,6617.8,6604.6,2339.0,3092800840.0,45886
2023-05-10 09:33:47,IM2305,IM2305,6606.2,3.0,3963840.0,0.0,2,6606.4,6607.4,2,6613.6,6613.8,6617.8,6604.6,2342.0,3096764680.0,45886
2023-05-10 09:33:48,IM2305,IM2305,6606.2,0.0,0.0,0.0,3,6606.4,6606.6,1,6613.6,6613.8,6617.8,6604.6,2342.0,3096764680.0,45886
2023-05-10 09:33:48,IM2305,IM2305,6606.4,4.0,5285120.0,-4.0,1,6606.2,6606.4,4,6613.6,6613.8,6617.8,6604.6,2346.0,3102049800.0,45882
2023-05-10 09:33:49,IM2305,IM2305,6606.4,2.0,2642560.0,0.0,1,6606.2,6606.4,4,6613.6,6613.8,6617.8,6604.6,2348.0,3104692360.0,45882
2023-05-10 09:33:49,IM2305,IM2305,6606.2,2.0,2642520.0,-1.0,1,6606.0,6606.4,5,6613.6,6613.8,6617.8,6604.6,2350.0,3107334880.0,45881
2023-05-10 09:33:50,IM2305,IM2305,6606.0,1.0,1321200.0,0.0,1,6605.8,6606.4,5,6613.6,6613.8,6617.8,6604.6,2351.0,3108656080.0,45881
2023-05-10 09:33:50,IM2305,IM2305,6606.0,0.0,0.0,0.0,2,6605.8,6606.0,1,6613.6,6613.8,6617.8,6604.6,2351.0,3108656080.0,45881
2023-05-10 09:33:51,IM2305,IM2305,6606.0,4.0,5284720.0,1.0,2,6605.2,6606.0,3,6613.6,6613.8,6617.8,6604.6,2355.0,3113940800.0,45882
2023-05-10 09:33:51,IM2305,IM2305,6605.2,1.0,1321040.0,-1.0,6,6604.6,6604.8,1,6613.6,6613.8,6617.8,6604.6,2356.0,3115261840.0,45881
2023-05-10 09:33:52,IM2305,IM2305,6605.8,11.0,14530400.0,-10.0,4,6604.8,6605.8,2,6613.6,6613.8,6617.8,6604.6,2367.0,3129792240.0,45871
2023-05-10 09:33:52,IM2305,IM2305,6604.8,2.0,2641920.0,-1.0,2,6604.8,6605.4,3,6613.6,6613.8,6617.8,6604.6,2369.0,3132434160.0,45870
2023-05-10 09:33:53,IM2305,IM2305,6605.0,2.0,2642120.0,-2.0,1,6605.0,6605.6,3,6613.6,6613.8,6617.8,6604.6,2371.0,3135076280.0,45868
2023-05-10 09:33:53,IM2305,IM2305,6605.2,4.0,5284240.0,-3.0,1,6605.2,6605.4,1,6613.6,6613.8,6617.8,6604.6,2375.0,3140360520.0,45865
2023-05-10 09:33:54,IM2305,IM2305,6605.6,3.0,3963360.0,-2.0,6,6605.6,6606.0,3,6613.6,6613.8,6617.8,6604.6,2378.0,3144323880.0,45863
2023-05-10 09:33:54,IM2305,IM2305,6606.2,6.0,7927280.0,0.0,2,6605.8,6606.2,10,6613.6,6613.8,6617.8,6604.6,2384.0,3152251160.0,45863
2023-05-10 09:33:55,IM2305,IM2305,6606.2,23.0,30388800.0,0.0,1,6606.0,6606.2,2,6613.6,6613.8,6617.8,6604.6,2407.0,3182639960.0,45863
2023-05-10 09:33:55,IM2305,IM2305,6606.2,2.0,2642480.0,0.0,1,6606.6,6608.0,2,6613.6,6613.8,6617.8,6604.6,2409.0,3185282440.0,45863
2023-05-10 09:33:56,IM2305,IM2305,6607.0,4.0,5285520.0,0.0,1,6606.2,6607.6,3,6613.6,6613.8,6617.8,6604.6,2413.0,3190567960.0,45863
2023-05-10 09:33:56,IM2305,IM2305,6607.0,0.0,0.0,0.0,4,6606.4,6607.4,4,6613.6,6613.8,6617.8,6604.6,2413.0,3190567960.0,45863
2023-05-10 09:33:57,IM2305,IM2305,6607.4,2.0,2642960.0,-1.0,5,6606.6,6607.8,2,6613.6,6613.8,6617.8,6604.6,2415.0,3193210920.0,45862
2023-05-10 09:33:57,IM2305,IM2305,6607.4,1.0,1321480.0,-1.0,2,6607.0,6608.0,2,6613.6,6613.8,6617.8,6604.6,2416.0,3194532400.0,45861
2023-05-10 09:33:58,IM2305,IM2305,6606.6,9.0,11892600.0,1.0,5,6606.6,6608.0,2,6613.6,6613.8,6617.8,6604.6,2425.0,3206425000.0,45862
2023-05-10 09:33:58,IM2305,IM2305,6607.8,1.0,1321560.0,-1.0,4,6606.8,6608.0,12,6613.6,6613.8,6617.8,6604.6,2426.0,3207746560.0,45861
2023-05-10 09:33:59,IM2305,IM2305,6606.6,6.0,7928080.0,-4.0,1,6606.6,6607.4,2,6613.6,6613.8,6617.8,6604.6,2432.0,3215674640.0,45857
2023-05-10 09:33:59,IM2305,IM2305,6606.8,1.0,1321360.0,0.0,1,6606.6,6607.2,2,6613.6,6613.8,6617.8,6604.6,2433.0,3216996000.0,45857
2023-05-10 09:34:00,IM2305,IM2305,6606.6,2.0,2642720.0,-2.0,1,6606.6,6607.6,1,6613.6,6613.8,6617.8,6604.6,2435.0,3219638720.0,45855
2023-05-10 09:34:00,IM2305,IM2305,6606.4,5.0,6606680.0,-2.0,2,6606.2,6606.6,1,6613.6,6613.8,6617.8,6604.6,2440.0,3226245400.0,45853
2023-05-10 09:34:01,IM2305,IM2305,6606.6,3.0,3963960.0,-1.0,3,6606.4,6606.6,1,6613.6,6613.8,6617.8,6604.6,2443.0,3230209360.0,45852
2023-05-10 09:34:01,IM2305,IM2305,6606.4,4.0,5285360.0,-2.0,2,6606.2,6607.2,10,6613.6,6613.8,6617.8,6604.6,2447.0,3235494720.0,45850
2023-05-10 09:34:02,IM2305,IM2305,6606.2,1.0,1321240.0,0.0,1,6606.2,6607.0,3,6613.6,6613.8,6617.8,6604.6,2448.0,3236815960.0,45850
2023-05-10 09:34:02,IM2305,IM2305,6606.4,4.0,5284960.0,-3.0,3,6605.4,6606.8,3,6613.6,6613.8,6617.8,6604.6,2452.0,3242100920.0,45847
2023-05-10 09:34:03,IM2305,IM2305,6606.4,0.0,0.0,0.0,2,6605.6,6606.2,1,6613.6,6613.8,6617.8,6604.6,2452.0,3242100920.0,45847
2023-05-10 09:34:03,IM2305,IM2305,6606.0,3.0,3963440.0,-3.0,1,6605.2,6605.4,2,6613.6,6613.8,6617.8,6604.6,2455.0,3246064360.0,45844
2023-05-10 09:34:04,IM2305,IM2305,6605.0,2.0,2642040.0,-1.0,1,6605.2,6605.4,2,6613.6,6613.8,6617.8,6604.6,2457.0,3248706400.0,45843
2023-05-10 09:34:04,IM2305,IM2305,6605.4,6.0,7926320.0,-4.0,1,6604.8,6605.2,2,6613.6,6613.8,6617.8,6604.6,2463.0,3256632720.0,45839
2023-05-10 09:34:05,IM2305,IM2305,6606.2,4.0,5284560.0,-2.0,4,6605.0,6606.6,5,6613.6,6613.8,6617.8,6604.6,2467.0,3261917280.0,45837
2023-05-10 09:34:05,IM2305,IM2305,6605.2,1.0,1321040.0,-1.0,4,6605.2,6606.4,1,6613.6,6613.8,6617.8,6604.6,2468.0,3263238320.0,45836
2023-05-10 09:34:06,IM2305,IM2305,6605.2,1.0,1321040.0,-1.0,3,6605.4,6606.2,2,6613.6,6613.8,6617.8,6604.6,2469.0,3264559360.0,45835
2023-05-10 09:34:06,IM2305,IM2305,6605.2,0.0,0.0,0.0,1,6605.8,6606.2,1,6613.6,6613.8,6617.8,6604.6,2469.0,3264559360.0,45835
2023-05-10 09:34:07,IM2305,IM2305,6606.2,1.0,1321240.0,-1.0,1,6605.8,6606.0,4,6613.6,6613.8,6617.8,6604.6,2470.0,3265880600.0,45834
2023-05-10 09:34:07,IM2305,IM2305,6606.0,5.0,6606040.0,-4.0,1,6606.0,6606.6,2,6613.6,6613.8,6617.8,6604.6,2475.0,3272486640.0,45830
2023-05-10 09:34:08,IM2305,IM2305,6606.0,2.0,2642400.0,-2.0,3,6606.0,6606.6,2,6613.6,6613.8,6617.8,6604.6,2477.0,3275129040.0,45828
2023-05-10 09:34:08,IM2305,IM2305,6605.8,5.0,6605960.0,3.0,2,6605.4,6605.8,6,6613.6,6613.8,6617.8,6604.6,2482.0,3281735000.0,45831
2023-05-10 09:34:09,IM2305,IM2305,6605.0,8.0,10568240.0,3.0,2,6605.0,6605.8,1,6613.6,6613.8,6617.8,6604.6,2490.0,3292303240.0,45834
2023-05-10 09:34:09,IM2305,IM2305,6605.6,5.0,6605360.0,-1.0,1,6604.8,6605.8,1,6613.6,6613.8,6617.8,6604.6,2495.0,3298908600.0,45833
2023-05-10 09:34:10,IM2305,IM2305,6605.6,1.0,1321120.0,-1.0,2,6605.0,6605.6,2,6613.6,6613.8,6617.8,6604.6,2496.0,3300229720.0,45832
2023-05-10 09:34:10,IM2305,IM2305,6605.6,0.0,0.0,0.0,2,6605.0,6605.6,1,6613.6,6613.8,6617.8,6604.6,2496.0,3300229720.0,45832
2023-05-10 09:34:11,IM2305,IM2305,6605.6,0.0,0.0,0.0,2,6605.2,6605.6,1,6613.6,6613.8,6617.8,6604.6,2496.0,3300229720.0,45832
2023-05-10 09:34:11,IM2305,IM2305,6605.4,1.0,1321080.0,0.0,1,6605.2,6605.6,1,6613.6,6613.8,6617.8,6604.6,2497.0,3301550800.0,45832
2023-05-10 09:34:12,IM2305,IM2305,6605.6,1.0,1321120.0,0.0,1,6605.4,6605.8,1,6613.6,6613.8,6617.8,6604.6,2498.0,3302871920.0,45832
2023-05-10 09:34:12,IM2305,IM2305,6605.6,1.0,1321120.0,0.0,1,6605.2,6605.8,1,6613.6,6613.8,6617.8,6604.6,2499.0,3304193040.0,45832
2023-05-10 09:34:13,IM2305,IM2305,6605.6,3.0,3963320.0,0.0,1,6605.0,6606.0,2,6613.6,6613.8,6617.8,6604.6,2502.0,3308156360.0,45832
2023-05-10 09:34:13,IM2305,IM2305,6606.0,2.0,2642400.0,-1.0,1,6605.8,6606.6,1,6613.6,6613.8,6617.8,6604.6,2504.0,3310798760.0,45831
2023-05-10 09:34:14,IM2305,IM2305,6605.8,1.0,1321160.0,-1.0,3,6605.2,6606.6,1,6613.6,6613.8,6617.8,6604.6,2505.0,3312119920.0,45830
2023-05-10 09:34:14,IM2305,IM2305,6606.4,2.0,2642560.0,0.0,3,6605.2,6606.4,1,6613.6,6613.8,6617.8,6604.6,2507.0,3314762480.0,45830
2023-05-10 09:34:15,IM2305,IM2305,6605.2,1.0,1321040.0,-1.0,2,6605.4,6606.2,1,6613.6,6613.8,6617.8,6604.6,2508.0,3316083520.0,45829
2023-05-10 09:34:15,IM2305,IM2305,6605.4,3.0,3963440.0,-2.0,3,6605.4,6606.0,1,6613.6,6613.8,6617.8,6604.6,2511.0,3320046960.0,45827
2023-05-10 09:34:16,IM2305,IM2305,6606.0,1.0,1321200.0,0.0,1,6605.4,6605.8,5,6613.6,6613.8,6617.8,6604.6,2512.0,3321368160.0,45827
2023-05-10 09:34:16,IM2305,IM2305,6606.0,2.0,2642400.0,1.0,1,6605.2,6605.4,1,6613.6,6613.8,6617.8,6604.6,2514.0,3324010560.0,45828
2023-05-10 09:34:17,IM2305,IM2305,6605.8,5.0,6605680.0,-2.0,1,6606.0,6606.6,1,6613.6,6613.8,6617.8,6604.6,2519.0,3330616240.0,45826
2023-05-10 09:34:17,IM2305,IM2305,6606.0,2.0,2642400.0,-1.0,1,6605.2,6605.8,4,6613.6,6613.8,6617.8,6604.6,2521.0,3333258640.0,45825
2023-05-10 09:34:18,IM2305,IM2305,6605.0,4.0,5284040.0,1.0,2,6604.8,6605.4,3,6613.6,6613.8,6617.8,6604.6,2525.0,3338542680.0,45826
2023-05-10 09:34:18,IM2305,IM2305,6605.0,0.0,0.0,0.0,2,6604.8,6605.2,2,6613.6,6613.8,6617.8,6604.6,2525.0,3338542680.0,45826
2023-05-10 09:34:19,IM2305,IM2305,6604.8,5.0,6604800.0,-3.0,2,6604.4,6605.0,1,6613.6,6613.8,6617.8,6604.6,2530.0,3345147480.0,45823
2023-05-10 09:34:19,IM2305,IM2305,6604.4,3.0,3962800.0,-1.0,1,6604.4,6605.2,2,6613.6,6613.8,6617.8,6604.4,2533.0,3349110280.0,45822
2023-05-10 09:34:20,IM2305,IM2305,6604.4,3.0,3962640.0,0.0,1,6604.2,6604.4,2,6613.6,6613.8,6617.8,6604.4,2536.0,3353072920.0,45822
2023-05-10 09:34:20,IM2305,IM2305,6605.0,3.0,3962760.0,1.0,2,6604.6,6605.4,3,6613.6,6613.8,6617.8,6604.4,2539.0,3357035680.0,45823
2023-05-10 09:34:21,IM2305,IM2305,6605.0,2.0,2642080.0,0.0,1,6604.8,6605.4,2,6613.6,6613.8,6617.8,6604.4,2541.0,3359677760.0,45823
2023-05-10 09:34:21,IM2305,IM2305,6605.6,3.0,3963280.0,-1.0,2,6605.0,6606.4,1,6613.6,6613.8,6617.8,6604.4,2544.0,3363641040.0,45822
2023-05-10 09:34:22,IM2305,IM2305,6605.2,3.0,3963600.0,-3.0,2,6605.0,6606.4,1,6613.6,6613.8,6617.8,6604.4,2547.0,3367604640.0,45819
2023-05-10 09:34:22,IM2305,IM2305,6606.4,1.0,1321280.0,-1.0,2,6605.0,6606.2,1,6613.6,6613.8,6617.8,6604.4,2548.0,3368925920.0,45818
2023-05-10 09:34:23,IM2305,IM2305,6606.2,2.0,2642480.0,-2.0,1,6605.6,6606.6,10,6613.6,6613.8,6617.8,6604.4,2550.0,3371568400.0,45816
2023-05-10 09:34:24,IM2305,IM2305,6606.2,0.0,0.0,0.0,2,6605.6,6606.6,12,6613.6,6613.8,6617.8,6604.4,2550.0,3371568400.0,45816
2023-05-10 09:34:24,IM2305,IM2305,6606.2,0.0,0.0,0.0,1,6605.8,6606.4,1,6613.6,6613.8,6617.8,6604.4,2550.0,3371568400.0,45816
2023-05-10 09:34:25,IM2305,IM2305,6606.6,4.0,5285280.0,0.0,1,6605.8,6606.6,12,6613.6,6613.8,6617.8,6604.4,2554.0,3376853680.0,45816
2023-05-10 09:34:25,IM2305,IM2305,6606.6,2.0,2642640.0,0.0,3,6606.0,6606.6,12,6613.6,6613.8,6617.8,6604.4,2556.0,3379496320.0,45816
2023-05-10 09:34:26,IM2305,IM2305,6608.0,17.0,22463200.0,-1.0,2,6606.2,6609.6,1,6613.6,6613.8,6617.8,6604.4,2573.0,3401959520.0,45815
2023-05-10 09:34:26,IM2305,IM2305,6608.0,1.0,1321600.0,0.0,2,6608.0,6609.0,2,6613.6,6613.8,6617.8,6604.4,2574.0,3403281120.0,45815
2023-05-10 09:34:27,IM2305,IM2305,6609.4,3.0,3965480.0,-3.0,4,6608.2,6609.6,1,6613.6,6613.8,6617.8,6604.4,2577.0,3407246600.0,45812
2023-05-10 09:34:27,IM2305,IM2305,6609.6,1.0,1321920.0,-1.0,2,6608.8,6609.8,1,6613.6,6613.8,6617.8,6604.4,2578.0,3408568520.0,45811
2023-05-10 09:34:28,IM2305,IM2305,6609.0,1.0,1321800.0,0.0,1,6609.0,6609.2,1,6613.6,6613.8,6617.8,6604.4,2579.0,3409890320.0,45811
2023-05-10 09:34:28,IM2305,IM2305,6609.2,4.0,5287360.0,-3.0,2,6608.8,6609.6,1,6613.6,6613.8,6617.8,6604.4,2583.0,3415177680.0,45808
2023-05-10 09:34:29,IM2305,IM2305,6608.8,2.0,2643680.0,-1.0,1,6608.8,6609.0,1,6613.6,6613.8,6617.8,6604.4,2585.0,3417821360.0,45807
2023-05-10 09:34:29,IM2305,IM2305,6609.0,1.0,1321800.0,-1.0,1,6609.2,6609.6,10,6613.6,6613.8,6617.8,6604.4,2586.0,3419143160.0,45806
2023-05-10 09:34:30,IM2305,IM2305,6609.0,3.0,3965440.0,-1.0,1,6609.0,6609.6,12,6613.6,6613.8,6617.8,6604.4,2589.0,3423108600.0,45805
2023-05-10 09:34:30,IM2305,IM2305,6609.0,3.0,3965400.0,-2.0,2,6608.4,6608.8,1,6613.6,6613.8,6617.8,6604.4,2592.0,3427074000.0,45803
2023-05-10 09:34:31,IM2305,IM2305,6608.8,1.0,1321760.0,-1.0,2,6608.4,6609.0,5,6613.6,6613.8,6617.8,6604.4,2593.0,3428395760.0,45802
2023-05-10 09:34:31,IM2305,IM2305,6608.4,4.0,5286720.0,-4.0,2,6608.0,6608.2,2,6613.6,6613.8,6617.8,6604.4,2597.0,3433682480.0,45798
2023-05-10 09:34:32,IM2305,IM2305,6608.0,2.0,2643200.0,-2.0,1,6607.2,6608.0,3,6613.6,6613.8,6617.8,6604.4,2599.0,3436325680.0,45796
2023-05-10 09:34:32,IM2305,IM2305,6607.4,2.0,2643000.0,-2.0,1,6607.4,6607.8,1,6613.6,6613.8,6617.8,6604.4,2601.0,3438968680.0,45794
2023-05-10 09:34:33,IM2305,IM2305,6608.2,1.0,1321640.0,-1.0,1,6608.0,6608.2,1,6613.6,6613.8,6617.8,6604.4,2602.0,3440290320.0,45793
2023-05-10 09:34:33,IM2305,IM2305,6608.2,2.0,2643280.0,-2.0,1,6608.4,6609.0,5,6613.6,6613.8,6617.8,6604.4,2604.0,3442933600.0,45791
2023-05-10 09:34:34,IM2305,IM2305,6608.6,6.0,7930600.0,0.0,4,6608.2,6609.0,1,6613.6,6613.8,6617.8,6604.4,2610.0,3450864200.0,45791
2023-05-10 09:34:34,IM2305,IM2305,6609.6,3.0,3965640.0,1.0,1,6609.2,6610.0,3,6613.6,6613.8,6617.8,6604.4,2613.0,3454829840.0,45792
2023-05-10 09:34:35,IM2305,IM2305,6609.6,0.0,0.0,0.0,1,6609.4,6610.0,3,6613.6,6613.8,6617.8,6604.4,2613.0,3454829840.0,45792
2023-05-10 09:34:35,IM2305,IM2305,6609.4,7.0,9253440.0,-4.0,3,6609.0,6610.0,1,6613.6,6613.8,6617.8,6604.4,2620.0,3464083280.0,45788
2023-05-10 09:34:36,IM2305,IM2305,6609.4,0.0,0.0,0.0,1,6609.6,6610.0,1,6613.6,6613.8,6617.8,6604.4,2620.0,3464083280.0,45788
2023-05-10 09:34:36,IM2305,IM2305,6609.8,4.0,5288000.0,-1.0,1,6609.6,6610.2,1,6613.6,6613.8,6617.8,6604.4,2624.0,3469371280.0,45787
2023-05-10 09:34:37,IM2305,IM2305,6609.6,2.0,2643840.0,-1.0,1,6609.2,6610.2,1,6613.6,6613.8,6617.8,6604.4,2626.0,3472015120.0,45786
2023-05-10 09:34:37,IM2305,IM2305,6610.0,11.0,14540160.0,-5.0,5,6608.2,6610.2,1,6613.6,6613.8,6617.8,6604.4,2637.0,3486555280.0,45781
2023-05-10 09:34:38,IM2305,IM2305,6609.0,12.0,15859560.0,-10.0,1,6607.4,6609.2,4,6613.6,6613.8,6617.8,6604.4,2649.0,3502414840.0,45771
2023-05-10 09:34:38,IM2305,IM2305,6607.4,5.0,6607320.0,-2.0,1,6606.8,6608.4,1,6613.6,6613.8,6617.8,6604.4,2654.0,3509022160.0,45769
2023-05-10 09:34:39,IM2305,IM2305,6607.4,3.0,3964440.0,-2.0,2,6607.0,6607.4,3,6613.6,6613.8,6617.8,6604.4,2657.0,3512986600.0,45767
2023-05-10 09:34:39,IM2305,IM2305,6607.0,5.0,6607200.0,-2.0,3,6607.0,6607.4,1,6613.6,6613.8,6617.8,6604.4,2662.0,3519593800.0,45765
2023-05-10 09:34:40,IM2305,IM2305,6606.8,1.0,1321360.0,-1.0,2,6606.6,6607.0,1,6613.6,6613.8,6617.8,6604.4,2663.0,3520915160.0,45764
2023-05-10 09:34:40,IM2305,IM2305,6607.0,1.0,1321400.0,-1.0,2,6607.0,6607.4,1,6613.6,6613.8,6617.8,6604.4,2664.0,3522236560.0,45763
2023-05-10 09:34:41,IM2305,IM2305,6607.4,5.0,6606920.0,-2.0,1,6607.2,6608.2,2,6613.6,6613.8,6617.8,6604.4,2669.0,3528843480.0,45761
2023-05-10 09:34:41,IM2305,IM2305,6607.2,1.0,1321440.0,-1.0,1,6606.4,6607.8,2,6613.6,6613.8,6617.8,6604.4,2670.0,3530164920.0,45760
2023-05-10 09:34:42,IM2305,IM2305,6607.2,0.0,0.0,0.0,2,6606.6,6607.6,2,6613.6,6613.8,6617.8,6604.4,2670.0,3530164920.0,45760
2023-05-10 09:34:42,IM2305,IM2305,6607.2,0.0,0.0,0.0,1,6606.6,6607.6,2,6613.6,6613.8,6617.8,6604.4,2670.0,3530164920.0,45760
2023-05-10 09:34:43,IM2305,IM2305,6607.6,1.0,1321520.0,0.0,2,6606.2,6607.4,1,6613.6,6613.8,6617.8,6604.4,2671.0,3531486440.0,45760
2023-05-10 09:34:43,IM2305,IM2305,6607.6,0.0,0.0,0.0,1,6606.4,6607.0,2,6613.6,6613.8,6617.8,6604.4,2671.0,3531486440.0,45760
2023-05-10 09:34:44,IM2305,IM2305,6607.6,0.0,0.0,0.0,2,6606.2,6607.4,1,6613.6,6613.8,6617.8,6604.4,2671.0,3531486440.0,45760
2023-05-10 09:34:44,IM2305,IM2305,6606.4,1.0,1321280.0,0.0,3,6606.4,6607.4,1,6613.6,6613.8,6617.8,6604.4,2672.0,3532807720.0,45760
2023-05-10 09:34:45,IM2305,IM2305,6607.4,1.0,1321480.0,0.0,1,6606.4,6608.0,2,6613.6,6613.8,6617.8,6604.4,2673.0,3534129200.0,45760
2023-05-10 09:34:45,IM2305,IM2305,6606.2,2.0,2642520.0,-1.0,1,6606.2,6607.2,2,6613.6,6613.8,6617.8,6604.4,2675.0,3536771720.0,45759
2023-05-10 09:34:46,IM2305,IM2305,6606.8,1.0,1321360.0,-1.0,1,6606.2,6606.4,5,6613.6,6613.8,6617.8,6604.4,2676.0,3538093080.0,45758
2023-05-10 09:34:46,IM2305,IM2305,6605.8,3.0,3963640.0,-1.0,1,6605.4,6606.2,1,6613.6,6613.8,6617.8,6604.4,2679.0,3542056720.0,45757
2023-05-10 09:34:47,IM2305,IM2305,6606.2,2.0,2642480.0,-2.0,2,6606.2,6606.4,5,6613.6,6613.8,6617.8,6604.4,2681.0,3544699200.0,45755
2023-05-10 09:34:47,IM2305,IM2305,6606.4,5.0,6606400.0,0.0,1,6606.4,6607.0,3,6613.6,6613.8,6617.8,6604.4,2686.0,3551305600.0,45755
2023-05-10 09:34:48,IM2305,IM2305,6606.4,1.0,1321280.0,0.0,1,6607.0,6607.8,1,6613.6,6613.8,6617.8,6604.4,2687.0,3552626880.0,45755
2023-05-10 09:34:48,IM2305,IM2305,6606.6,6.0,7928480.0,-5.0,4,6606.4,6606.6,5,6613.6,6613.8,6617.8,6604.4,2693.0,3560555360.0,45750
2023-05-10 09:34:49,IM2305,IM2305,6606.6,5.0,6606600.0,-4.0,4,6607.0,6609.0,1,6613.6,6613.8,6617.8,6604.4,2698.0,3567161960.0,45746
2023-05-10 09:34:49,IM2305,IM2305,6606.6,0.0,0.0,0.0,1,6606.6,6607.0,1,6613.6,6613.8,6617.8,6604.4,2698.0,3567161960.0,45746
2023-05-10 09:34:50,IM2305,IM2305,6607.2,5.0,6606800.0,-2.0,3,6606.8,6608.0,3,6613.6,6613.8,6617.8,6604.4,2703.0,3573768760.0,45744
2023-05-10 09:34:50,IM2305,IM2305,6607.2,1.0,1321440.0,0.0,3,6606.8,6607.8,4,6613.6,6613.8,6617.8,6604.4,2704.0,3575090200.0,45744
2023-05-10 09:34:51,IM2305,IM2305,6607.8,1.0,1321560.0,-1.0,2,6607.2,6608.4,2,6613.6,6613.8,6617.8,6604.4,2705.0,3576411760.0,45743
2023-05-10 09:34:51,IM2305,IM2305,6607.8,0.0,0.0,0.0,1,6608.0,6609.0,1,6613.6,6613.8,6617.8,6604.4,2705.0,3576411760.0,45743
2023-05-10 09:34:52,IM2305,IM2305,6608.2,3.0,3965240.0,-2.0,1,6608.0,6610.0,1,6613.6,6613.8,6617.8,6604.4,2708.0,3580377000.0,45741
2023-05-10 09:34:52,IM2305,IM2305,6608.2,0.0,0.0,0.0,1,6608.0,6609.4,3,6613.6,6613.8,6617.8,6604.4,2708.0,3580377000.0,45741
2023-05-10 09:34:53,IM2305,IM2305,6609.2,2.0,2643440.0,-2.0,1,6608.0,6609.2,7,6613.6,6613.8,6617.8,6604.4,2710.0,3583020440.0,45739
2023-05-10 09:34:53,IM2305,IM2305,6608.0,1.0,1321600.0,0.0,2,6607.4,6609.0,3,6613.6,6613.8,6617.8,6604.4,2711.0,3584342040.0,45739
2023-05-10 09:34:54,IM2305,IM2305,6608.0,0.0,0.0,0.0,1,6607.6,6608.0,1,6613.6,6613.8,6617.8,6604.4,2711.0,3584342040.0,45739
2023-05-10 09:34:54,IM2305,IM2305,6608.0,1.0,1321600.0,-1.0,3,6607.4,6608.8,8,6613.6,6613.8,6617.8,6604.4,2712.0,3585663640.0,45738
2023-05-10 09:34:55,IM2305,IM2305,6608.8,3.0,3965280.0,-3.0,2,6608.0,6609.2,1,6613.6,6613.8,6617.8,6604.4,2715.0,3589628920.0,45735
2023-05-10 09:34:55,IM2305,IM2305,6609.8,1.0,1321960.0,-1.0,3,6608.4,6610.0,2,6613.6,6613.8,6617.8,6604.4,2716.0,3590950880.0,45734
2023-05-10 09:34:56,IM2305,IM2305,6610.0,3.0,3966000.0,1.0,2,6609.2,6610.4,1,6613.6,6613.8,6617.8,6604.4,2719.0,3594916880.0,45735
2023-05-10 09:34:56,IM2305,IM2305,6610.0,0.0,0.0,0.0,1,6609.6,6610.2,1,6613.6,6613.8,6617.8,6604.4,2719.0,3594916880.0,45735
2023-05-10 09:34:57,IM2305,IM2305,6610.0,1.0,1322000.0,-1.0,1,6609.0,6610.0,1,6613.6,6613.8,6617.8,6604.4,2720.0,3596238880.0,45734
2023-05-10 09:34:57,IM2305,IM2305,6609.8,6.0,7931280.0,0.0,1,6609.2,6610.0,1,6613.6,6613.8,6617.8,6604.4,2726.0,3604170160.0,45734
2023-05-10 09:34:58,IM2305,IM2305,6609.8,1.0,1321960.0,-1.0,1,6609.2,6610.0,1,6613.6,6613.8,6617.8,6604.4,2727.0,3605492120.0,45733
2023-05-10 09:34:58,IM2305,IM2305,6609.2,1.0,1321840.0,0.0,1,6609.4,6610.0,1,6613.6,6613.8,6617.8,6604.4,2728.0,3606813960.0,45733
2023-05-10 09:34:59,IM2305,IM2305,6609.2,0.0,0.0,0.0,1,6609.4,6610.2,1,6613.6,6613.8,6617.8,6604.4,2728.0,3606813960.0,45733
2023-05-10 09:35:00,IM2305,IM2305,6609.2,0.0,0.0,0.0,1,6609.6,6610.0,1,6613.6,6613.8,6617.8,6604.4,2728.0,3606813960.0,45733
2023-05-10 09:35:00,IM2305,IM2305,6609.8,5.0,6610080.0,-4.0,2,6609.8,6610.4,1,6613.6,6613.8,6617.8,6604.4,2733.0,3613424040.0,45729
2023-05-10 09:35:01,IM2305,IM2305,6610.4,6.0,7932480.0,2.0,2,6612.0,6613.0,1,6613.6,6613.8,6617.8,6604.4,2739.0,3621356520.0,45731
2023-05-10 09:35:01,IM2305,IM2305,6611.4,6.0,7933280.0,-4.0,1,6610.2,6611.6,3,6613.6,6613.8,6617.8,6604.4,2745.0,3629289800.0,45727
2023-05-10 09:35:02,IM2305,IM2305,6610.2,2.0,2644080.0,-2.0,3,6610.4,6611.0,1,6613.6,6613.8,6617.8,6604.4,2747.0,3631933880.0,45725
2023-05-10 09:35:02,IM2305,IM2305,6610.2,13.0,17185720.0,-13.0,5,6609.4,6610.2,2,6613.6,6613.8,6617.8,6604.4,2760.0,3649119600.0,45712
2023-05-10 09:35:03,IM2305,IM2305,6609.4,7.0,9253160.0,-6.0,1,6608.2,6610.0,4,6613.6,6613.8,6617.8,6604.4,2767.0,3658372760.0,45706
2023-05-10 09:35:03,IM2305,IM2305,6609.4,1.0,1321880.0,-1.0,1,6609.0,6609.8,2,6613.6,6613.8,6617.8,6604.4,2768.0,3659694640.0,45705
2023-05-10 09:35:04,IM2305,IM2305,6610.2,3.0,3965960.0,-2.0,2,6610.0,6610.2,4,6613.6,6613.8,6617.8,6604.4,2771.0,3663660600.0,45703
2023-05-10 09:35:04,IM2305,IM2305,6610.2,4.0,5288080.0,-2.0,2,6608.6,6610.2,3,6613.6,6613.8,6617.8,6604.4,2775.0,3668948680.0,45701
2023-05-10 09:35:05,IM2305,IM2305,6610.2,4.0,5288160.0,-2.0,3,6610.2,6611.0,1,6613.6,6613.8,6617.8,6604.4,2779.0,3674236840.0,45699
2023-05-10 09:35:05,IM2305,IM2305,6610.2,0.0,0.0,0.0,1,6610.4,6610.6,1,6613.6,6613.8,6617.8,6604.4,2779.0,3674236840.0,45699
2023-05-10 09:35:06,IM2305,IM2305,6610.4,5.0,6610240.0,-2.0,1,6610.2,6610.4,1,6613.6,6613.8,6617.8,6604.4,2784.0,3680847080.0,45697
2023-05-10 09:35:06,IM2305,IM2305,6610.2,4.0,5288160.0,0.0,2,6608.8,6610.2,1,6613.6,6613.8,6617.8,6604.4,2788.0,3686135240.0,45697
2023-05-10 09:35:07,IM2305,IM2305,6610.4,1.0,1322080.0,-1.0,1,6610.6,6611.0,1,6613.6,6613.8,6617.8,6604.4,2789.0,3687457320.0,45696
2023-05-10 09:35:07,IM2305,IM2305,6611.0,3.0,3966520.0,-3.0,1,6611.2,6611.4,1,6613.6,6613.8,6617.8,6604.4,2792.0,3691423840.0,45693
2023-05-10 09:35:08,IM2305,IM2305,6611.2,4.0,5289240.0,-4.0,3,6609.2,6612.0,1,6613.6,6613.8,6617.8,6604.4,2796.0,3696713080.0,45689
2023-05-10 09:35:08,IM2305,IM2305,6611.2,0.0,0.0,0.0,1,6610.2,6611.8,5,6613.6,6613.8,6617.8,6604.4,2796.0,3696713080.0,45689
2023-05-10 09:35:09,IM2305,IM2305,6611.6,1.0,1322320.0,0.0,3,6610.4,6611.8,6,6613.6,6613.8,6617.8,6604.4,2797.0,3698035400.0,45689
2023-05-10 09:35:09,IM2305,IM2305,6612.0,1.0,1322400.0,-1.0,2,6611.8,6612.4,2,6613.6,6613.8,6617.8,6604.4,2798.0,3699357800.0,45688
2023-05-10 09:35:10,IM2305,IM2305,6612.0,0.0,0.0,0.0,3,6611.8,6612.4,2,6613.6,6613.8,6617.8,6604.4,2798.0,3699357800.0,45688
2023-05-10 09:35:10,IM2305,IM2305,6612.8,8.0,10579400.0,1.0,1,6612.0,6612.8,9,6613.6,6613.8,6617.8,6604.4,2806.0,3709937200.0,45689
2023-05-10 09:35:11,IM2305,IM2305,6612.0,1.0,1322400.0,-1.0,1,6612.0,6612.6,2,6613.6,6613.8,6617.8,6604.4,2807.0,3711259600.0,45688
2023-05-10 09:35:11,IM2305,IM2305,6612.0,2.0,2644800.0,-1.0,3,6610.4,6612.2,3,6613.6,6613.8,6617.8,6604.4,2809.0,3713904400.0,45687
2023-05-10 09:35:12,IM2305,IM2305,6612.0,1.0,1322400.0,0.0,1,6610.6,6612.0,1,6613.6,6613.8,6617.8,6604.4,2810.0,3715226800.0,45687
2023-05-10 09:35:12,IM2305,IM2305,6612.0,1.0,1322400.0,0.0,1,6610.6,6611.8,1,6613.6,6613.8,6617.8,6604.4,2811.0,3716549200.0,45687
2023-05-10 09:35:13,IM2305,IM2305,6612.0,0.0,0.0,0.0,2,6610.8,6611.8,1,6613.6,6613.8,6617.8,6604.4,2811.0,3716549200.0,45687
2023-05-10 09:35:13,IM2305,IM2305,6612.0,0.0,0.0,0.0,1,6611.2,6612.0,2,6613.6,6613.8,6617.8,6604.4,2811.0,3716549200.0,45687
2023-05-10 09:35:14,IM2305,IM2305,6612.0,0.0,0.0,0.0,1,6612.0,6612.6,2,6613.6,6613.8,6617.8,6604.4,2811.0,3716549200.0,45687
2023-05-10 09:35:14,IM2305,IM2305,6612.0,1.0,1322400.0,-1.0,1,6612.8,6613.0,2,6613.6,6613.8,6617.8,6604.4,2812.0,3717871600.0,45686
2023-05-10 09:35:15,IM2305,IM2305,6613.0,3.0,3967760.0,-3.0,1,6613.0,6613.2,1,6613.6,6613.8,6617.8,6604.4,2815.0,3721839360.0,45683
2023-05-10 09:35:15,IM2305,IM2305,6613.0,3.0,3967800.0,-2.0,1,6612.6,6613.0,1,6613.6,6613.8,6617.8,6604.4,2818.0,3725807160.0,45681
2023-05-10 09:35:16,IM2305,IM2305,6613.0,2.0,2645120.0,-2.0,1,6611.4,6612.8,5,6613.6,6613.8,6617.8,6604.4,2820.0,3728452280.0,45679
2023-05-10 09:35:16,IM2305,IM2305,6612.8,3.0,3967680.0,-2.0,2,6611.6,6612.8,5,6613.6,6613.8,6617.8,6604.4,2823.0,3732419960.0,45677
2023-05-10 09:35:17,IM2305,IM2305,6612.6,2.0,2644840.0,-2.0,1,6611.6,6612.8,6,6613.6,6613.8,6617.8,6604.4,2825.0,3735064800.0,45675
2023-05-10 09:35:17,IM2305,IM2305,6611.8,4.0,5289840.0,-2.0,1,6611.6,6612.8,4,6613.6,6613.8,6617.8,6604.4,2829.0,3740354640.0,45673
2023-05-10 09:35:18,IM2305,IM2305,6611.8,0.0,0.0,0.0,2,6612.0,6612.8,3,6613.6,6613.8,6617.8,6604.4,2829.0,3740354640.0,45673
2023-05-10 09:35:18,IM2305,IM2305,6612.8,3.0,3967680.0,1.0,3,6612.8,6613.2,1,6613.6,6613.8,6617.8,6604.4,2832.0,3744322320.0,45674
2023-05-10 09:35:19,IM2305,IM2305,6613.2,2.0,2645280.0,-1.0,4,6612.8,6614.4,10,6613.6,6613.8,6617.8,6604.4,2834.0,3746967600.0,45673
2023-05-10 09:35:19,IM2305,IM2305,6613.0,3.0,3967800.0,-1.0,2,6613.6,6614.2,4,6613.6,6613.8,6617.8,6604.4,2837.0,3750935400.0,45672
2023-05-10 09:35:20,IM2305,IM2305,6613.6,2.0,2645440.0,0.0,5,6612.8,6613.4,1,6613.6,6613.8,6617.8,6604.4,2839.0,3753580840.0,45672
2023-05-10 09:35:20,IM2305,IM2305,6613.6,0.0,0.0,0.0,1,6613.4,6613.6,1,6613.6,6613.8,6617.8,6604.4,2839.0,3753580840.0,45672
2023-05-10 09:35:21,IM2305,IM2305,6613.4,1.0,1322680.0,-1.0,5,6612.8,6613.4,2,6613.6,6613.8,6617.8,6604.4,2840.0,3754903520.0,45671
2023-05-10 09:35:21,IM2305,IM2305,6614.2,3.0,3968200.0,-1.0,3,6612.8,6614.4,10,6613.6,6613.8,6617.8,6604.4,2843.0,3758871720.0,45670
2023-05-10 09:35:22,IM2305,IM2305,6614.2,0.0,0.0,0.0,4,6612.8,6614.0,1,6613.6,6613.8,6617.8,6604.4,2843.0,3758871720.0,45670
2023-05-10 09:35:22,IM2305,IM2305,6614.2,0.0,0.0,0.0,3,6612.8,6613.8,2,6613.6,6613.8,6617.8,6604.4,2843.0,3758871720.0,45670
2023-05-10 09:35:23,IM2305,IM2305,6613.8,1.0,1322760.0,-1.0,3,6612.8,6613.8,2,6613.6,6613.8,6617.8,6604.4,2844.0,3760194480.0,45669
2023-05-10 09:35:23,IM2305,IM2305,6613.8,1.0,1322760.0,0.0,3,6612.8,6613.8,2,6613.6,6613.8,6617.8,6604.4,2845.0,3761517240.0,45669
2023-05-10 09:35:24,IM2305,IM2305,6613.8,3.0,3967880.0,0.0,2,6612.8,6613.8,1,6613.6,6613.8,6617.8,6604.4,2848.0,3765485120.0,45669
2023-05-10 09:35:24,IM2305,IM2305,6613.6,2.0,2645280.0,-1.0,1,6612.8,6613.8,1,6613.6,6613.8,6617.8,6604.4,2850.0,3768130400.0,45668
2023-05-10 09:35:25,IM2305,IM2305,6613.6,0.0,0.0,0.0,1,6613.2,6613.8,1,6613.6,6613.8,6617.8,6604.4,2850.0,3768130400.0,45668
2023-05-10 09:35:26,IM2305,IM2305,6613.2,1.0,1322640.0,-1.0,1,6612.8,6613.8,1,6613.6,6613.8,6617.8,6604.4,2851.0,3769453040.0,45667
2023-05-10 09:35:26,IM2305,IM2305,6613.2,0.0,0.0,0.0,1,6612.8,6613.6,1,6613.6,6613.8,6617.8,6604.4,2851.0,3769453040.0,45667
2023-05-10 09:35:27,IM2305,IM2305,6612.8,1.0,1322560.0,-1.0,1,6612.2,6613.6,1,6613.6,6613.8,6617.8,6604.4,2852.0,3770775600.0,45666
2023-05-10 09:35:27,IM2305,IM2305,6613.6,2.0,2645280.0,-1.0,1,6613.6,6613.8,1,6613.6,6613.8,6617.8,6604.4,2854.0,3773420880.0,45665
2023-05-10 09:35:28,IM2305,IM2305,6613.6,6.0,7936080.0,-4.0,2,6612.2,6613.6,2,6613.6,6613.8,6617.8,6604.4,2860.0,3781356960.0,45661
2023-05-10 09:35:28,IM2305,IM2305,6613.6,0.0,0.0,0.0,2,6612.2,6614.2,1,6613.6,6613.8,6617.8,6604.4,2860.0,3781356960.0,45661
2023-05-10 09:35:29,IM2305,IM2305,6612.4,1.0,1322480.0,-1.0,2,6612.4,6614.0,6,6613.6,6613.8,6617.8,6604.4,2861.0,3782679440.0,45660
2023-05-10 09:35:29,IM2305,IM2305,6612.4,1.0,1322480.0,-1.0,1,6613.6,6613.8,3,6613.6,6613.8,6617.8,6604.4,2862.0,3784001920.0,45659
2023-05-10 09:35:30,IM2305,IM2305,6613.6,1.0,1322720.0,0.0,2,6612.2,6613.2,2,6613.6,6613.8,6617.8,6604.4,2863.0,3785324640.0,45659
2023-05-10 09:35:30,IM2305,IM2305,6614.2,4.0,5290840.0,-2.0,2,6613.2,6614.6,6,6613.6,6613.8,6617.8,6604.4,2867.0,3790615480.0,45657
2023-05-10 09:35:31,IM2305,IM2305,6612.4,5.0,6612800.0,3.0,2,6612.4,6614.4,4,6613.6,6613.8,6617.8,6604.4,2872.0,3797228280.0,45660
2023-05-10 09:35:31,IM2305,IM2305,6612.4,1.0,1322480.0,-1.0,1,6612.4,6614.0,2,6613.6,6613.8,6617.8,6604.4,2873.0,3798550760.0,45659
2023-05-10 09:35:32,IM2305,IM2305,6612.4,0.0,0.0,0.0,1,6612.6,6613.8,2,6613.6,6613.8,6617.8,6604.4,2873.0,3798550760.0,45659
2023-05-10 09:35:32,IM2305,IM2305,6613.8,1.0,1322760.0,0.0,1,6612.8,6613.6,1,6613.6,6613.8,6617.8,6604.4,2874.0,3799873520.0,45659
2023-05-10 09:35:33,IM2305,IM2305,6614.6,8.0,10582880.0,-5.0,2,6613.0,6613.4,2,6613.6,6613.8,6617.8,6604.4,2882.0,3810456400.0,45654
2023-05-10 09:35:33,IM2305,IM2305,6613.8,2.0,2645520.0,0.0,1,6613.8,6614.6,1,6613.6,6613.8,6617.8,6604.4,2884.0,3813101920.0,45654
2023-05-10 09:35:34,IM2305,IM2305,6613.8,1.0,1322760.0,-1.0,2,6613.8,6614.4,1,6613.6,6613.8,6617.8,6604.4,2885.0,3814424680.0,45653
2023-05-10 09:35:34,IM2305,IM2305,6614.4,1.0,1322880.0,-1.0,1,6614.0,6614.6,1,6613.6,6613.8,6617.8,6604.4,2886.0,3815747560.0,45652
2023-05-10 09:35:35,IM2305,IM2305,6614.8,2.0,2645880.0,-2.0,1,6614.6,6615.0,6,6613.6,6613.8,6617.8,6604.4,2888.0,3818393440.0,45650
2023-05-10 09:35:35,IM2305,IM2305,6614.0,2.0,2645680.0,0.0,1,6614.8,6615.0,6,6613.6,6613.8,6617.8,6604.4,2890.0,3821039120.0,45650
2023-05-10 09:35:36,IM2305,IM2305,6614.4,6.0,7937240.0,-2.0,3,6613.4,6613.8,1,6613.6,6613.8,6617.8,6604.4,2896.0,3828976360.0,45648
2023-05-10 09:35:36,IM2305,IM2305,6614.0,1.0,1322800.0,0.0,2,6613.8,6614.8,1,6613.6,6613.8,6617.8,6604.4,2897.0,3830299160.0,45648
2023-05-10 09:35:37,IM2305,IM2305,6614.6,2.0,2645680.0,0.0,1,6614.0,6614.6,1,6613.6,6613.8,6617.8,6604.4,2899.0,3832944840.0,45648
2023-05-10 09:35:37,IM2305,IM2305,6614.0,1.0,1322800.0,-1.0,7,6613.8,6614.6,2,6613.6,6613.8,6617.8,6604.4,2900.0,3834267640.0,45647
2023-05-10 09:35:38,IM2305,IM2305,6614.0,0.0,0.0,0.0,1,6614.0,6614.6,2,6613.6,6613.8,6617.8,6604.4,2900.0,3834267640.0,45647
2023-05-10 09:35:38,IM2305,IM2305,6614.6,3.0,3968760.0,-2.0,1,6614.0,6614.8,1,6613.6,6613.8,6617.8,6604.4,2903.0,3838236400.0,45645
2023-05-10 09:35:39,IM2305,IM2305,6614.6,2.0,2645840.0,0.0,3,6614.6,6614.8,1,6613.6,6613.8,6617.8,6604.4,2905.0,3840882240.0,45645
2023-05-10 09:35:39,IM2305,IM2305,6614.8,1.0,1322960.0,0.0,3,6614.6,6615.0,6,6613.6,6613.8,6617.8,6604.4,2906.0,3842205200.0,45645
2023-05-10 09:35:40,IM2305,IM2305,6615.0,1.0,1323000.0,-1.0,1,6614.8,6615.0,5,6613.6,6613.8,6617.8,6604.4,2907.0,3843528200.0,45644
2023-05-10 09:35:40,IM2305,IM2305,6615.2,7.0,9261080.0,0.0,2,6615.2,6615.6,1,6613.6,6613.8,6617.8,6604.4,2914.0,3852789280.0,45644
2023-05-10 09:35:41,IM2305,IM2305,6615.4,2.0,2646200.0,-1.0,8,6615.0,6615.8,1,6613.6,6613.8,6617.8,6604.4,2916.0,3855435480.0,45643
2023-05-10 09:35:41,IM2305,IM2305,6615.4,1.0,1323080.0,-1.0,8,6615.0,6615.8,1,6613.6,6613.8,6617.8,6604.4,2917.0,3856758560.0,45642
2023-05-10 09:35:42,IM2305,IM2305,6615.4,0.0,0.0,0.0,3,6615.2,6615.8,1,6613.6,6613.8,6617.8,6604.4,2917.0,3856758560.0,45642
2023-05-10 09:35:42,IM2305,IM2305,6616.0,2.0,2646360.0,-2.0,2,6615.8,6616.0,10,6613.6,6613.8,6617.8,6604.4,2919.0,3859404920.0,45640
2023-05-10 09:35:43,IM2305,IM2305,6615.8,3.0,3969480.0,-2.0,5,6615.6,6615.8,4,6613.6,6613.8,6617.8,6604.4,2922.0,3863374400.0,45638
2023-05-10 09:35:43,IM2305,IM2305,6615.8,5.0,6615800.0,0.0,4,6616.0,6616.4,1,6613.6,6613.8,6617.8,6604.4,2927.0,3869990200.0,45638
2023-05-10 09:35:44,IM2305,IM2305,6616.0,1.0,1323200.0,-1.0,3,6615.8,6616.4,1,6613.6,6613.8,6617.8,6604.4,2928.0,3871313400.0,45637
2023-05-10 09:35:44,IM2305,IM2305,6616.2,2.0,2646520.0,-1.0,3,6615.8,6616.6,2,6613.6,6613.8,6617.8,6604.4,2930.0,3873959920.0,45636
2023-05-10 09:35:45,IM2305,IM2305,6615.8,1.0,1323160.0,-1.0,1,6615.8,6616.4,1,6613.6,6613.8,6617.8,6604.4,2931.0,3875283080.0,45635
2023-05-10 09:35:45,IM2305,IM2305,6616.0,1.0,1323200.0,0.0,1,6616.0,6616.4,1,6613.6,6613.8,6617.8,6604.4,2932.0,3876606280.0,45635
2023-05-10 09:35:46,IM2305,IM2305,6615.6,3.0,3969480.0,0.0,4,6615.6,6616.4,1,6613.6,6613.8,6617.8,6604.4,2935.0,3880575760.0,45635
2023-05-10 09:35:46,IM2305,IM2305,6616.0,1.0,1323200.0,-1.0,1,6615.4,6616.2,3,6613.6,6613.8,6617.8,6604.4,2936.0,3881898960.0,45634
2023-05-10 09:35:47,IM2305,IM2305,6616.6,4.0,5293120.0,1.0,1,6615.8,6616.6,1,6613.6,6613.8,6617.8,6604.4,2940.0,3887192080.0,45635
2023-05-10 09:35:47,IM2305,IM2305,6616.6,1.0,1323320.0,0.0,1,6616.4,6617.0,1,6613.6,6613.8,6617.8,6604.4,2941.0,3888515400.0,45635
2023-05-10 09:35:48,IM2305,IM2305,6616.6,1.0,1323320.0,0.0,2,6616.6,6617.0,1,6613.6,6613.8,6617.8,6604.4,2942.0,3889838720.0,45635
2023-05-10 09:35:48,IM2305,IM2305,6616.6,4.0,5293280.0,0.0,1,6616.4,6616.8,1,6613.6,6613.8,6617.8,6604.4,2946.0,3895132000.0,45635
2023-05-10 09:35:49,IM2305,IM2305,6616.6,2.0,2646600.0,-2.0,1,6615.8,6616.6,1,6613.6,6613.8,6617.8,6604.4,2948.0,3897778600.0,45633
2023-05-10 09:35:49,IM2305,IM2305,6616.6,5.0,6616240.0,-4.0,1,6615.4,6617.0,1,6613.6,6613.8,6617.8,6604.4,2953.0,3904394840.0,45629
2023-05-10 09:35:50,IM2305,IM2305,6615.6,1.0,1323120.0,0.0,1,6615.6,6616.8,1,6613.6,6613.8,6617.8,6604.4,2954.0,3905717960.0,45629
2023-05-10 09:35:50,IM2305,IM2305,6615.4,5.0,6615440.0,-4.0,6,6615.2,6616.6,1,6613.6,6613.8,6617.8,6604.4,2959.0,3912333400.0,45625
2023-05-10 09:35:51,IM2305,IM2305,6615.4,1.0,1323080.0,-1.0,6,6615.2,6615.6,4,6613.6,6613.8,6617.8,6604.4,2960.0,3913656480.0,45624
2023-05-10 09:35:51,IM2305,IM2305,6615.2,9.0,11907360.0,-4.0,8,6615.0,6615.6,4,6613.6,6613.8,6617.8,6604.4,2969.0,3925563840.0,45620
2023-05-10 09:35:52,IM2305,IM2305,6615.6,10.0,13230080.0,-1.0,3,6614.6,6615.6,3,6613.6,6613.8,6617.8,6604.4,2979.0,3938793920.0,45619
2023-05-10 09:35:52,IM2305,IM2305,6614.8,2.0,2645920.0,0.0,1,6615.0,6615.6,3,6613.6,6613.8,6617.8,6604.4,2981.0,3941439840.0,45619
2023-05-10 09:35:53,IM2305,IM2305,6614.8,3.0,3968880.0,-3.0,3,6614.6,6615.0,1,6613.6,6613.8,6617.8,6604.4,2984.0,3945408720.0,45616
2023-05-10 09:35:53,IM2305,IM2305,6614.2,4.0,5291600.0,-1.0,1,6614.0,6614.6,1,6613.6,6613.8,6617.8,6604.4,2988.0,3950700320.0,45615
2023-05-10 09:35:54,IM2305,IM2305,6614.2,0.0,0.0,0.0,1,6614.2,6614.4,1,6613.6,6613.8,6617.8,6604.4,2988.0,3950700320.0,45615
2023-05-10 09:35:54,IM2305,IM2305,6614.4,1.0,1322880.0,0.0,3,6614.2,6614.6,1,6613.6,6613.8,6617.8,6604.4,2989.0,3952023200.0,45615
2023-05-10 09:35:55,IM2305,IM2305,6614.6,3.0,3968760.0,-2.0,2,6614.4,6615.0,1,6613.6,6613.8,6617.8,6604.4,2992.0,3955991960.0,45613
2023-05-10 09:35:55,IM2305,IM2305,6614.4,2.0,2645720.0,-2.0,2,6614.6,6615.0,1,6613.6,6613.8,6617.8,6604.4,2994.0,3958637680.0,45611
2023-05-10 09:35:56,IM2305,IM2305,6614.4,1.0,1322880.0,-1.0,1,6614.6,6614.8,1,6613.6,6613.8,6617.8,6604.4,2995.0,3959960560.0,45610
2023-05-10 09:35:56,IM2305,IM2305,6614.8,2.0,2645840.0,-1.0,2,6614.2,6615.0,1,6613.6,6613.8,6617.8,6604.4,2997.0,3962606400.0,45609
2023-05-10 09:35:57,IM2305,IM2305,6614.6,1.0,1322920.0,-1.0,1,6614.8,6615.0,1,6613.6,6613.8,6617.8,6604.4,2998.0,3963929320.0,45608
2023-05-10 09:35:57,IM2305,IM2305,6614.8,3.0,3968880.0,-1.0,1,6614.8,6615.0,1,6613.6,6613.8,6617.8,6604.4,3001.0,3967898200.0,45607
2023-05-10 09:35:58,IM2305,IM2305,6615.0,2.0,2645960.0,-1.0,2,6614.2,6614.8,1,6613.6,6613.8,6617.8,6604.4,3003.0,3970544160.0,45606
2023-05-10 09:35:58,IM2305,IM2305,6615.0,1.0,1323000.0,0.0,1,6615.0,6615.6,2,6613.6,6613.8,6617.8,6604.4,3004.0,3971867160.0,45606
2023-05-10 09:35:59,IM2305,IM2305,6615.0,1.0,1323000.0,0.0,1,6615.2,6615.6,2,6613.6,6613.8,6617.8,6604.4,3005.0,3973190160.0,45606
2023-05-10 09:35:59,IM2305,IM2305,6615.4,2.0,2646200.0,-2.0,1,6615.2,6615.6,1,6613.6,6613.8,6617.8,6604.4,3007.0,3975836360.0,45604
2023-05-10 09:36:00,IM2305,IM2305,6615.6,1.0,1323120.0,-1.0,1,6615.8,6616.4,1,6613.6,6613.8,6617.8,6604.4,3008.0,3977159480.0,45603
2023-05-10 09:36:00,IM2305,IM2305,6615.6,4.0,5292600.0,0.0,3,6615.6,6616.2,4,6613.6,6613.8,6617.8,6604.4,3012.0,3982452080.0,45603
2023-05-10 09:36:01,IM2305,IM2305,6616.4,8.0,10585560.0,-4.0,1,6615.2,6617.0,1,6613.6,6613.8,6617.8,6604.4,3020.0,3993037640.0,45599
2023-05-10 09:36:01,IM2305,IM2305,6615.2,1.0,1323040.0,-1.0,1,6615.4,6616.2,2,6613.6,6613.8,6617.8,6604.4,3021.0,3994360680.0,45598
2023-05-10 09:36:02,IM2305,IM2305,6615.2,1.0,1323040.0,-1.0,1,6615.0,6616.8,3,6613.6,6613.8,6617.8,6604.4,3022.0,3995683720.0,45597
2023-05-10 09:36:02,IM2305,IM2305,6615.2,1.0,1323040.0,-1.0,1,6615.0,6615.8,2,6613.6,6613.8,6617.8,6604.4,3023.0,3997006760.0,45596
2023-05-10 09:36:03,IM2305,IM2305,6615.0,2.0,2646000.0,0.0,1,6614.6,6614.8,1,6613.6,6613.8,6617.8,6604.4,3025.0,3999652760.0,45596
2023-05-10 09:36:03,IM2305,IM2305,6614.6,2.0,2645920.0,-2.0,1,6615.2,6615.8,2,6613.6,6613.8,6617.8,6604.4,3027.0,4002298680.0,45594
2023-05-10 09:36:04,IM2305,IM2305,6614.6,0.0,0.0,0.0,1,6615.4,6615.8,2,6613.6,6613.8,6617.8,6604.4,3027.0,4002298680.0,45594
2023-05-10 09:36:04,IM2305,IM2305,6614.6,0.0,0.0,0.0,2,6615.4,6615.6,4,6613.6,6613.8,6617.8,6604.4,3027.0,4002298680.0,45594
2023-05-10 09:36:05,IM2305,IM2305,6615.4,5.0,6615560.0,3.0,1,6615.4,6616.6,1,6613.6,6613.8,6617.8,6604.4,3032.0,4008914240.0,45597
2023-05-10 09:36:05,IM2305,IM2305,6615.4,0.0,0.0,0.0,1,6615.6,6616.8,1,6613.6,6613.8,6617.8,6604.4,3032.0,4008914240.0,45597
2023-05-10 09:36:06,IM2305,IM2305,6615.4,0.0,0.0,0.0,1,6615.6,6616.2,1,6613.6,6613.8,6617.8,6604.4,3032.0,4008914240.0,45597
2023-05-10 09:36:06,IM2305,IM2305,6616.2,1.0,1323240.0,0.0,1,6616.6,6616.8,1,6613.6,6613.8,6617.8,6604.4,3033.0,4010237480.0,45597
2023-05-10 09:36:07,IM2305,IM2305,6617.0,4.0,5293560.0,-3.0,1,6616.6,6617.6,10,6613.6,6613.8,6617.8,6604.4,3037.0,4015531040.0,45594
2023-05-10 09:36:07,IM2305,IM2305,6616.6,1.0,1323320.0,1.0,1,6617.0,6618.0,2,6613.6,6613.8,6617.8,6604.4,3038.0,4016854360.0,45595
2023-05-10 09:36:08,IM2305,IM2305,6617.2,3.0,3970320.0,0.0,1,6617.2,6618.0,3,6613.6,6613.8,6617.8,6604.4,3041.0,4020824680.0,45595
2023-05-10 09:36:08,IM2305,IM2305,6617.2,0.0,0.0,0.0,1,6617.2,6617.8,2,6613.6,6613.8,6617.8,6604.4,3041.0,4020824680.0,45595
2023-05-10 09:36:09,IM2305,IM2305,6617.2,2.0,2646880.0,-2.0,2,6616.8,6617.8,1,6613.6,6613.8,6617.8,6604.4,3043.0,4023471560.0,45593
2023-05-10 09:36:09,IM2305,IM2305,6616.8,4.0,5293640.0,-2.0,1,6616.4,6617.4,2,6613.6,6613.8,6617.8,6604.4,3047.0,4028765200.0,45591
2023-05-10 09:36:10,IM2305,IM2305,6616.6,2.0,2646680.0,-2.0,1,6616.4,6617.2,2,6613.6,6613.8,6617.8,6604.4,3049.0,4031411880.0,45589
2023-05-10 09:36:10,IM2305,IM2305,6616.6,0.0,0.0,0.0,1,6616.6,6616.8,1,6613.6,6613.8,6617.8,6604.4,3049.0,4031411880.0,45589
2023-05-10 09:36:11,IM2305,IM2305,6616.4,3.0,3969960.0,-2.0,1,6616.2,6616.4,1,6613.6,6613.8,6617.8,6604.4,3052.0,4035381840.0,45587
2023-05-10 09:36:11,IM2305,IM2305,6616.4,4.0,5292840.0,-1.0,1,6615.8,6616.6,4,6613.6,6613.8,6617.8,6604.4,3056.0,4040674680.0,45586
2023-05-10 09:36:12,IM2305,IM2305,6615.6,2.0,2646280.0,-2.0,2,6615.2,6615.6,1,6613.6,6613.8,6617.8,6604.4,3058.0,4043320960.0,45584
2023-05-10 09:36:12,IM2305,IM2305,6615.6,4.0,5292320.0,0.0,3,6614.2,6614.6,1,6613.6,6613.8,6617.8,6604.4,3062.0,4048613280.0,45584
2023-05-10 09:36:13,IM2305,IM2305,6614.6,5.0,6614600.0,0.0,1,6614.8,6616.4,2,6613.6,6613.8,6617.8,6604.4,3067.0,4055227880.0,45584
2023-05-10 09:36:13,IM2305,IM2305,6614.6,2.0,2645840.0,-2.0,4,6615.0,6616.2,1,6613.6,6613.8,6617.8,6604.4,3069.0,4057873720.0,45582
2023-05-10 09:36:14,IM2305,IM2305,6614.6,1.0,1322920.0,0.0,1,6615.2,6616.6,1,6613.6,6613.8,6617.8,6604.4,3070.0,4059196640.0,45582
2023-05-10 09:36:14,IM2305,IM2305,6614.6,0.0,0.0,0.0,1,6615.2,6616.0,1,6613.6,6613.8,6617.8,6604.4,3070.0,4059196640.0,45582
2023-05-10 09:36:15,IM2305,IM2305,6615.8,1.0,1323160.0,1.0,1,6615.2,6615.8,1,6613.6,6613.8,6617.8,6604.4,3071.0,4060519800.0,45583
2023-05-10 09:36:15,IM2305,IM2305,6615.8,1.0,1323160.0,1.0,1,6615.4,6616.6,1,6613.6,6613.8,6617.8,6604.4,3072.0,4061842960.0,45584
2023-05-10 09:36:16,IM2305,IM2305,6616.0,2.0,2646520.0,0.0,4,6616.0,6617.0,1,6613.6,6613.8,6617.8,6604.4,3074.0,4064489480.0,45584
2023-05-10 09:36:16,IM2305,IM2305,6616.0,2.0,2646400.0,0.0,4,6616.2,6616.4,1,6613.6,6613.8,6617.8,6604.4,3076.0,4067135880.0,45584
2023-05-10 09:36:17,IM2305,IM2305,6616.4,1.0,1323280.0,-1.0,3,6616.6,6617.0,1,6613.6,6613.8,6617.8,6604.4,3077.0,4068459160.0,45583
2023-05-10 09:36:17,IM2305,IM2305,6616.4,4.0,5293320.0,1.0,2,6616.2,6617.2,1,6613.6,6613.8,6617.8,6604.4,3081.0,4073752480.0,45584
2023-05-10 09:36:18,IM2305,IM2305,6616.0,4.0,5293000.0,-3.0,3,6616.0,6616.6,1,6613.6,6613.8,6617.8,6604.4,3085.0,4079045480.0,45581
2023-05-10 09:36:18,IM2305,IM2305,6616.0,2.0,2646480.0,1.0,2,6616.0,6616.4,1,6613.6,6613.8,6617.8,6604.4,3087.0,4081691960.0,45582
2023-05-10 09:36:19,IM2305,IM2305,6616.4,2.0,2646600.0,-2.0,1,6616.2,6617.2,1,6613.6,6613.8,6617.8,6604.4,3089.0,4084338560.0,45580
2023-05-10 09:36:19,IM2305,IM2305,6616.4,1.0,1323280.0,-1.0,1,6616.6,6617.2,1,6613.6,6613.8,6617.8,6604.4,3090.0,4085661840.0,45579
2023-05-10 09:36:20,IM2305,IM2305,6617.2,1.0,1323440.0,-1.0,1,6616.6,6618.0,2,6613.6,6613.8,6617.8,6604.4,3091.0,4086985280.0,45578
2023-05-10 09:36:20,IM2305,IM2305,6617.2,0.0,0.0,0.0,3,6616.8,6618.0,2,6613.6,6613.8,6617.8,6604.4,3091.0,4086985280.0,45578
2023-05-10 09:36:21,IM2305,IM2305,6618.0,7.0,9265480.0,-5.0,1,6617.2,6619.2,10,6613.6,6613.8,6619.0,6604.4,3098.0,4096250760.0,45573
2023-05-10 09:36:21,IM2305,IM2305,6619.2,7.0,9266320.0,3.0,2,6617.8,6619.2,9,6613.6,6613.8,6619.2,6604.4,3105.0,4105517080.0,45576
2023-05-10 09:36:22,IM2305,IM2305,6619.2,13.0,17210000.0,1.0,2,6618.2,6619.2,5,6613.6,6613.8,6619.6,6604.4,3118.0,4122727080.0,45577
2023-05-10 09:36:22,IM2305,IM2305,6619.2,5.0,6619200.0,0.0,2,6619.4,6620.0,1,6613.6,6613.8,6619.6,6604.4,3123.0,4129346280.0,45577
2023-05-10 09:36:23,IM2305,IM2305,6620.0,2.0,2648000.0,-2.0,2,6619.6,6619.8,2,6613.6,6613.8,6620.0,6604.4,3125.0,4131994280.0,45575
