time,symbol_id,symbol_name,last,trade_volume,trade_amount,open_interest_change,bv1,bp1,ap1,av1,yesterday_close,today_open,today_high,today_low,volume,amount,open_interest
2023-05-10 09:32:17,PK311C10600,PK311C10600,464.5,0.0,0.0,-4.0,10,1.0,0.0,0,464.5,0.0,0.0,0.0,0.0,0.0,64
2023-05-10 09:35:26,PK311C10600,PK311C10600,464.5,0.0,0.0,0.0,1,6.0,0.0,0,464.5,0.0,0.0,0.0,0.0,0.0,64
2023-05-10 09:35:32,PK311C10600,PK311C10600,464.5,0.0,0.0,0.0,10,6.5,0.0,0,464.5,0.0,0.0,0.0,0.0,0.0,64
2023-05-10 09:37:42,PK311C10600,PK311C10600,464.5,0.0,0.0,0.0,1,7.0,0.0,0,464.5,0.0,0.0,0.0,0.0,0.0,64
2023-05-10 09:37:42,PK311C10600,PK311C10600,464.5,0.0,0.0,0.0,10,7.5,0.0,0,464.5,0.0,0.0,0.0,0.0,0.0,64
2023-05-10 09:39:10,PK311C10600,PK311C10600,464.5,0.0,0.0,0.0,1,8.0,0.0,0,464.5,0.0,0.0,0.0,0.0,0.0,64
2023-05-10 09:39:10,PK311C10600,PK311C10600,464.5,0.0,0.0,0.0,10,8.5,0.0,0,464.5,0.0,0.0,0.0,0.0,0.0,64
2023-05-10 10:11:37,PK311C10600,PK311C10600,464.5,0.0,0.0,0.0,1,9.0,0.0,0,464.5,0.0,0.0,0.0,0.0,0.0,64
2023-05-10 10:11:37,PK311C10600,PK311C10600,464.5,0.0,0.0,0.0,10,9.5,0.0,0,464.5,0.0,0.0,0.0,0.0,0.0,64
2023-05-10 10:14:33,PK311C10600,PK311C10600,464.5,0.0,0.0,0.0,1,9.0,0.0,0,464.5,0.0,0.0,0.0,0.0,0.0,64
2023-05-10 10:30:08,PK311C10600,PK311C10600,464.5,0.0,0.0,0.0,10,9.5,0.0,0,464.5,0.0,0.0,0.0,0.0,0.0,64
2023-05-10 10:30:18,PK311C10600,PK311C10600,464.5,0.0,0.0,0.0,1,16.0,0.0,0,464.5,0.0,0.0,0.0,0.0,0.0,64
2023-05-10 10:36:11,PK311C10600,PK311C10600,464.5,0.0,0.0,0.0,10,16.5,0.0,0,464.5,0.0,0.0,0.0,0.0,0.0,64
2023-05-10 10:36:12,PK311C10600,PK311C10600,464.5,0.0,0.0,0.0,1,23.0,0.0,0,464.5,0.0,0.0,0.0,0.0,0.0,64
2023-05-10 10:36:13,PK311C10600,PK311C10600,464.5,0.0,0.0,0.0,10,23.5,0.0,0,464.5,0.0,0.0,0.0,0.0,0.0,64
2023-05-10 10:36:16,PK311C10600,PK311C10600,464.5,0.0,0.0,0.0,1,30.0,0.0,0,464.5,0.0,0.0,0.0,0.0,0.0,64
2023-05-10 10:36:16,PK311C10600,PK311C10600,464.5,0.0,0.0,0.0,10,30.5,0.0,0,464.5,0.0,0.0,0.0,0.0,0.0,64
2023-05-10 10:36:20,PK311C10600,PK311C10600,464.5,0.0,0.0,0.0,1,37.0,0.0,0,464.5,0.0,0.0,0.0,0.0,0.0,64
2023-05-10 10:36:20,PK311C10600,PK311C10600,464.5,0.0,0.0,0.0,10,37.5,0.0,0,464.5,0.0,0.0,0.0,0.0,0.0,64
2023-05-10 10:36:23,PK311C10600,PK311C10600,464.5,0.0,0.0,0.0,1,44.0,0.0,0,464.5,0.0,0.0,0.0,0.0,0.0,64
2023-05-10 10:36:23,PK311C10600,PK311C10600,464.5,0.0,0.0,0.0,10,44.5,0.0,0,464.5,0.0,0.0,0.0,0.0,0.0,64
2023-05-10 10:36:25,PK311C10600,PK311C10600,464.5,0.0,0.0,0.0,1,51.0,0.0,0,464.5,0.0,0.0,0.0,0.0,0.0,64
2023-05-10 10:36:26,PK311C10600,PK311C10600,464.5,0.0,0.0,0.0,10,51.5,0.0,0,464.5,0.0,0.0,0.0,0.0,0.0,64
2023-05-10 10:36:28,PK311C10600,PK311C10600,464.5,0.0,0.0,0.0,1,58.0,0.0,0,464.5,0.0,0.0,0.0,0.0,0.0,64
2023-05-10 10:36:28,PK311C10600,PK311C10600,464.5,0.0,0.0,0.0,10,58.5,0.0,0,464.5,0.0,0.0,0.0,0.0,0.0,64
2023-05-10 10:36:30,PK311C10600,PK311C10600,464.5,0.0,0.0,0.0,1,65.0,0.0,0,464.5,0.0,0.0,0.0,0.0,0.0,64
2023-05-10 10:36:31,PK311C10600,PK311C10600,464.5,0.0,0.0,0.0,10,65.5,0.0,0,464.5,0.0,0.0,0.0,0.0,0.0,64
2023-05-10 10:36:32,PK311C10600,PK311C10600,464.5,0.0,0.0,0.0,1,72.0,0.0,0,464.5,0.0,0.0,0.0,0.0,0.0,64
2023-05-10 10:36:33,PK311C10600,PK311C10600,464.5,0.0,0.0,0.0,10,72.5,0.0,0,464.5,0.0,0.0,0.0,0.0,0.0,64
2023-05-10 10:36:35,PK311C10600,PK311C10600,464.5,0.0,0.0,0.0,1,79.0,0.0,0,464.5,0.0,0.0,0.0,0.0,0.0,64
2023-05-10 10:36:35,PK311C10600,PK311C10600,464.5,0.0,0.0,0.0,10,79.5,0.0,0,464.5,0.0,0.0,0.0,0.0,0.0,64
2023-05-10 10:36:36,PK311C10600,PK311C10600,464.5,0.0,0.0,0.0,1,86.0,0.0,0,464.5,0.0,0.0,0.0,0.0,0.0,64
2023-05-10 10:37:31,PK311C10600,PK311C10600,464.5,0.0,0.0,0.0,10,86.5,0.0,0,464.5,0.0,0.0,0.0,0.0,0.0,64
2023-05-10 10:37:33,PK311C10600,PK311C10600,464.5,0.0,0.0,0.0,1,93.0,0.0,0,464.5,0.0,0.0,0.0,0.0,0.0,64
2023-05-10 10:37:33,PK311C10600,PK311C10600,464.5,0.0,0.0,0.0,10,93.5,0.0,0,464.5,0.0,0.0,0.0,0.0,0.0,64
2023-05-10 10:37:34,PK311C10600,PK311C10600,464.5,0.0,0.0,0.0,1,100.0,0.0,0,464.5,0.0,0.0,0.0,0.0,0.0,64
2023-05-10 10:41:10,PK311C10600,PK311C10600,464.5,0.0,0.0,0.0,10,100.5,0.0,0,464.5,0.0,0.0,0.0,0.0,0.0,64
2023-05-10 10:41:12,PK311C10600,PK311C10600,464.5,0.0,0.0,0.0,1,107.0,0.0,0,464.5,0.0,0.0,0.0,0.0,0.0,64
2023-05-10 10:41:12,PK311C10600,PK311C10600,464.5,0.0,0.0,0.0,10,107.5,0.0,0,464.5,0.0,0.0,0.0,0.0,0.0,64
2023-05-10 10:41:13,PK311C10600,PK311C10600,464.5,0.0,0.0,0.0,1,114.0,0.0,0,464.5,0.0,0.0,0.0,0.0,0.0,64
2023-05-10 10:41:14,PK311C10600,PK311C10600,464.5,0.0,0.0,0.0,10,114.5,0.0,0,464.5,0.0,0.0,0.0,0.0,0.0,64
2023-05-10 10:41:15,PK311C10600,PK311C10600,464.5,0.0,0.0,0.0,1,121.0,0.0,0,464.5,0.0,0.0,0.0,0.0,0.0,64
2023-05-10 10:41:15,PK311C10600,PK311C10600,464.5,0.0,0.0,0.0,10,121.5,0.0,0,464.5,0.0,0.0,0.0,0.0,0.0,64
2023-05-10 10:41:16,PK311C10600,PK311C10600,464.5,0.0,0.0,0.0,1,128.0,0.0,0,464.5,0.0,0.0,0.0,0.0,0.0,64
2023-05-10 10:41:17,PK311C10600,PK311C10600,464.5,0.0,0.0,0.0,10,128.5,0.0,0,464.5,0.0,0.0,0.0,0.0,0.0,64
2023-05-10 10:41:17,PK311C10600,PK311C10600,464.5,0.0,0.0,0.0,1,135.0,0.0,0,464.5,0.0,0.0,0.0,0.0,0.0,64
2023-05-10 10:41:18,PK311C10600,PK311C10600,464.5,0.0,0.0,0.0,10,135.5,0.0,0,464.5,0.0,0.0,0.0,0.0,0.0,64
2023-05-10 10:41:19,PK311C10600,PK311C10600,464.5,0.0,0.0,0.0,1,142.0,0.0,0,464.5,0.0,0.0,0.0,0.0,0.0,64
2023-05-10 10:41:19,PK311C10600,PK311C10600,464.5,0.0,0.0,0.0,10,142.5,0.0,0,464.5,0.0,0.0,0.0,0.0,0.0,64
2023-05-10 10:41:20,PK311C10600,PK311C10600,464.5,0.0,0.0,0.0,1,149.0,0.0,0,464.5,0.0,0.0,0.0,0.0,0.0,64
2023-05-10 10:41:21,PK311C10600,PK311C10600,464.5,0.0,0.0,0.0,10,149.5,0.0,0,464.5,0.0,0.0,0.0,0.0,0.0,64
2023-05-10 10:41:21,PK311C10600,PK311C10600,464.5,0.0,0.0,0.0,1,156.0,0.0,0,464.5,0.0,0.0,0.0,0.0,0.0,64
2023-05-10 10:42:36,PK311C10600,PK311C10600,464.5,0.0,0.0,0.0,10,156.5,0.0,0,464.5,0.0,0.0,0.0,0.0,0.0,64
2023-05-10 10:42:37,PK311C10600,PK311C10600,464.5,0.0,0.0,0.0,1,163.0,0.0,0,464.5,0.0,0.0,0.0,0.0,0.0,64
2023-05-10 10:42:38,PK311C10600,PK311C10600,464.5,0.0,0.0,0.0,10,163.5,0.0,0,464.5,0.0,0.0,0.0,0.0,0.0,64
2023-05-10 10:42:39,PK311C10600,PK311C10600,464.5,0.0,0.0,0.0,1,170.0,0.0,0,464.5,0.0,0.0,0.0,0.0,0.0,64
2023-05-10 10:42:39,PK311C10600,PK311C10600,464.5,0.0,0.0,0.0,10,170.5,0.0,0,464.5,0.0,0.0,0.0,0.0,0.0,64
2023-05-10 10:42:40,PK311C10600,PK311C10600,464.5,0.0,0.0,0.0,1,177.0,0.0,0,464.5,0.0,0.0,0.0,0.0,0.0,64
2023-05-10 10:42:41,PK311C10600,PK311C10600,464.5,0.0,0.0,0.0,10,177.5,0.0,0,464.5,0.0,0.0,0.0,0.0,0.0,64
2023-05-10 10:42:41,PK311C10600,PK311C10600,464.5,0.0,0.0,0.0,1,184.0,0.0,0,464.5,0.0,0.0,0.0,0.0,0.0,64
2023-05-10 10:42:42,PK311C10600,PK311C10600,464.5,0.0,0.0,0.0,10,184.5,0.0,0,464.5,0.0,0.0,0.0,0.0,0.0,64
2023-05-10 10:42:43,PK311C10600,PK311C10600,464.5,0.0,0.0,0.0,1,191.0,0.0,0,464.5,0.0,0.0,0.0,0.0,0.0,64
2023-05-10 10:42:43,PK311C10600,PK311C10600,464.5,0.0,0.0,0.0,10,191.5,0.0,0,464.5,0.0,0.0,0.0,0.0,0.0,64
2023-05-10 10:42:44,PK311C10600,PK311C10600,464.5,0.0,0.0,0.0,1,198.0,0.0,0,464.5,0.0,0.0,0.0,0.0,0.0,64
2023-05-10 10:42:45,PK311C10600,PK311C10600,464.5,0.0,0.0,0.0,10,198.5,0.0,0,464.5,0.0,0.0,0.0,0.0,0.0,64
2023-05-10 10:42:45,PK311C10600,PK311C10600,464.5,0.0,0.0,0.0,1,205.0,0.0,0,464.5,0.0,0.0,0.0,0.0,0.0,64
2023-05-10 10:42:46,PK311C10600,PK311C10600,464.5,0.0,0.0,0.0,10,205.5,0.0,0,464.5,0.0,0.0,0.0,0.0,0.0,64
2023-05-10 10:42:46,PK311C10600,PK311C10600,464.5,0.0,0.0,0.0,1,212.0,0.0,0,464.5,0.0,0.0,0.0,0.0,0.0,64
2023-05-10 10:42:47,PK311C10600,PK311C10600,464.5,0.0,0.0,0.0,10,212.5,0.0,0,464.5,0.0,0.0,0.0,0.0,0.0,64
2023-05-10 10:42:47,PK311C10600,PK311C10600,464.5,0.0,0.0,0.0,1,219.0,0.0,0,464.5,0.0,0.0,0.0,0.0,0.0,64
2023-05-10 10:42:48,PK311C10600,PK311C10600,464.5,0.0,0.0,0.0,10,219.5,0.0,0,464.5,0.0,0.0,0.0,0.0,0.0,64
2023-05-10 10:42:48,PK311C10600,PK311C10600,464.5,0.0,0.0,0.0,1,226.0,0.0,0,464.5,0.0,0.0,0.0,0.0,0.0,64
2023-05-10 10:42:49,PK311C10600,PK311C10600,464.5,0.0,0.0,0.0,10,226.5,0.0,0,464.5,0.0,0.0,0.0,0.0,0.0,64
2023-05-10 10:42:49,PK311C10600,PK311C10600,464.5,0.0,0.0,0.0,1,233.0,0.0,0,464.5,0.0,0.0,0.0,0.0,0.0,64
2023-05-10 10:42:50,PK311C10600,PK311C10600,464.5,0.0,0.0,0.0,10,233.5,0.0,0,464.5,0.0,0.0,0.0,0.0,0.0,64
2023-05-10 10:42:50,PK311C10600,PK311C10600,464.5,0.0,0.0,0.0,1,240.0,0.0,0,464.5,0.0,0.0,0.0,0.0,0.0,64
2023-05-10 10:42:51,PK311C10600,PK311C10600,464.5,0.0,0.0,0.0,10,240.5,0.0,0,464.5,0.0,0.0,0.0,0.0,0.0,64
2023-05-10 10:42:51,PK311C10600,PK311C10600,464.5,0.0,0.0,0.0,1,247.0,0.0,0,464.5,0.0,0.0,0.0,0.0,0.0,64
2023-05-10 10:43:51,PK311C10600,PK311C10600,464.5,0.0,0.0,0.0,10,247.5,0.0,0,464.5,0.0,0.0,0.0,0.0,0.0,64
2023-05-10 10:43:53,PK311C10600,PK311C10600,464.5,0.0,0.0,0.0,1,254.0,0.0,0,464.5,0.0,0.0,0.0,0.0,0.0,64
2023-05-10 10:43:53,PK311C10600,PK311C10600,464.5,0.0,0.0,0.0,10,254.5,0.0,0,464.5,0.0,0.0,0.0,0.0,0.0,64
2023-05-10 10:43:55,PK311C10600,PK311C10600,464.5,0.0,0.0,0.0,1,261.0,0.0,0,464.5,0.0,0.0,0.0,0.0,0.0,64
2023-05-10 10:43:55,PK311C10600,PK311C10600,464.5,0.0,0.0,0.0,10,261.5,0.0,0,464.5,0.0,0.0,0.0,0.0,0.0,64
2023-05-10 10:43:56,PK311C10600,PK311C10600,464.5,0.0,0.0,0.0,1,268.0,0.0,0,464.5,0.0,0.0,0.0,0.0,0.0,64
2023-05-10 10:43:56,PK311C10600,PK311C10600,464.5,0.0,0.0,0.0,10,268.5,0.0,0,464.5,0.0,0.0,0.0,0.0,0.0,64
2023-05-10 10:43:57,PK311C10600,PK311C10600,464.5,0.0,0.0,0.0,1,272.0,0.0,0,464.5,0.0,0.0,0.0,0.0,0.0,64
2023-05-10 10:44:18,PK311C10600,PK311C10600,464.5,0.0,0.0,0.0,10,272.5,0.0,0,464.5,0.0,0.0,0.0,0.0,0.0,64
2023-05-10 10:44:19,PK311C10600,PK311C10600,464.5,0.0,0.0,0.0,1,276.0,0.0,0,464.5,0.0,0.0,0.0,0.0,0.0,64
2023-05-10 10:48:23,PK311C10600,PK311C10600,464.5,0.0,0.0,0.0,10,276.5,0.0,0,464.5,0.0,0.0,0.0,0.0,0.0,64
2023-05-10 10:48:23,PK311C10600,PK311C10600,464.5,0.0,0.0,0.0,1,277.0,0.0,0,464.5,0.0,0.0,0.0,0.0,0.0,64
2023-05-10 10:48:24,PK311C10600,PK311C10600,464.5,0.0,0.0,0.0,10,277.5,0.0,0,464.5,0.0,0.0,0.0,0.0,0.0,64
2023-05-10 10:48:25,PK311C10600,PK311C10600,464.5,0.0,0.0,0.0,1,278.0,0.0,0,464.5,0.0,0.0,0.0,0.0,0.0,64
2023-05-10 10:48:25,PK311C10600,PK311C10600,464.5,0.0,0.0,0.0,10,278.5,0.0,0,464.5,0.0,0.0,0.0,0.0,0.0,64
2023-05-10 10:48:26,PK311C10600,PK311C10600,464.5,0.0,0.0,0.0,1,279.0,0.0,0,464.5,0.0,0.0,0.0,0.0,0.0,64
2023-05-10 10:49:00,PK311C10600,PK311C10600,464.5,0.0,0.0,0.0,10,279.5,0.0,0,464.5,0.0,0.0,0.0,0.0,0.0,64
2023-05-10 10:49:01,PK311C10600,PK311C10600,464.5,0.0,0.0,0.0,1,280.0,0.0,0,464.5,0.0,0.0,0.0,0.0,0.0,64
2023-05-10 10:49:02,PK311C10600,PK311C10600,464.5,0.0,0.0,0.0,10,280.5,0.0,0,464.5,0.0,0.0,0.0,0.0,0.0,64
2023-05-10 10:52:13,PK311C10600,PK311C10600,464.5,0.0,0.0,0.0,3,454.5,494.5,3,464.5,0.0,0.0,0.0,0.0,0.0,64
2023-05-10 10:52:14,PK311C10600,PK311C10600,464.5,0.0,0.0,0.0,9,454.5,494.5,9,464.5,0.0,0.0,0.0,0.0,0.0,64
2023-05-10 10:52:14,PK311C10600,PK311C10600,464.5,0.0,0.0,0.0,12,454.5,494.5,12,464.5,0.0,0.0,0.0,0.0,0.0,64
2023-05-10 10:52:15,PK311C10600,PK311C10600,464.5,0.0,0.0,0.0,3,467.5,494.5,18,464.5,0.0,0.0,0.0,0.0,0.0,64
2023-05-10 10:52:16,PK311C10600,PK311C10600,464.5,0.0,0.0,0.0,12,467.5,494.5,18,464.5,0.0,0.0,0.0,0.0,0.0,64
2023-05-10 10:52:19,PK311C10600,PK311C10600,464.5,0.0,0.0,0.0,15,467.5,490.5,3,464.5,0.0,0.0,0.0,0.0,0.0,64
2023-05-10 10:52:20,PK311C10600,PK311C10600,464.5,0.0,0.0,0.0,15,467.5,490.5,9,464.5,0.0,0.0,0.0,0.0,0.0,64
2023-05-10 10:52:20,PK311C10600,PK311C10600,464.5,0.0,0.0,0.0,18,467.5,490.5,12,464.5,0.0,0.0,0.0,0.0,0.0,64
2023-05-10 10:52:21,PK311C10600,PK311C10600,464.5,0.0,0.0,0.0,18,467.5,490.5,15,464.5,0.0,0.0,0.0,0.0,0.0,64
2023-05-10 10:52:23,PK311C10600,PK311C10600,464.5,0.0,0.0,0.0,21,467.5,490.5,18,464.5,0.0,0.0,0.0,0.0,0.0,64
2023-05-10 10:52:24,PK311C10600,PK311C10600,464.5,0.0,0.0,0.0,18,467.5,477.5,6,464.5,0.0,0.0,0.0,0.0,0.0,64
2023-05-10 10:52:24,PK311C10600,PK311C10600,464.5,0.0,0.0,0.0,15,467.5,477.5,6,464.5,0.0,0.0,0.0,0.0,0.0,64
2023-05-10 10:52:25,PK311C10600,PK311C10600,464.5,0.0,0.0,0.0,18,467.5,477.5,9,464.5,0.0,0.0,0.0,0.0,0.0,64
2023-05-10 10:52:25,PK311C10600,PK311C10600,464.5,0.0,0.0,0.0,21,467.5,477.5,12,464.5,0.0,0.0,0.0,0.0,0.0,64
2023-05-10 10:52:28,PK311C10600,PK311C10600,464.5,0.0,0.0,0.0,18,467.5,477.5,12,464.5,0.0,0.0,0.0,0.0,0.0,64
2023-05-10 10:52:30,PK311C10600,PK311C10600,464.5,0.0,0.0,0.0,15,467.5,477.5,12,464.5,0.0,0.0,0.0,0.0,0.0,64
2023-05-10 10:52:32,PK311C10600,PK311C10600,464.5,0.0,0.0,0.0,12,467.5,477.5,9,464.5,0.0,0.0,0.0,0.0,0.0,64
2023-05-10 10:52:33,PK311C10600,PK311C10600,464.5,0.0,0.0,0.0,6,467.5,477.5,9,464.5,0.0,0.0,0.0,0.0,0.0,64
2023-05-10 10:52:35,PK311C10600,PK311C10600,464.5,0.0,0.0,0.0,6,467.5,477.5,6,464.5,0.0,0.0,0.0,0.0,0.0,64
2023-05-10 10:52:36,PK311C10600,PK311C10600,464.5,0.0,0.0,0.0,3,467.5,477.5,3,464.5,0.0,0.0,0.0,0.0,0.0,64
2023-05-10 10:52:37,PK311C10600,PK311C10600,464.5,0.0,0.0,0.0,1,9.0,0.0,0,464.5,0.0,0.0,0.0,0.0,0.0,64
2023-05-10 10:52:37,PK311C10600,PK311C10600,464.5,0.0,0.0,0.0,1,15.5,0.0,0,464.5,0.0,0.0,0.0,0.0,0.0,64
2023-05-10 10:52:38,PK311C10600,PK311C10600,464.5,0.0,0.0,0.0,10,16.0,0.0,0,464.5,0.0,0.0,0.0,0.0,0.0,64
2023-05-10 10:52:39,PK311C10600,PK311C10600,464.5,0.0,0.0,0.0,1,22.5,0.0,0,464.5,0.0,0.0,0.0,0.0,0.0,64
2023-05-10 10:52:48,PK311C10600,PK311C10600,464.5,0.0,0.0,0.0,10,23.5,0.0,0,464.5,0.0,0.0,0.0,0.0,0.0,64
2023-05-10 10:52:49,PK311C10600,PK311C10600,464.5,0.0,0.0,0.0,1,30.0,0.0,0,464.5,0.0,0.0,0.0,0.0,0.0,64
2023-05-10 10:52:49,PK311C10600,PK311C10600,464.5,0.0,0.0,0.0,10,30.5,0.0,0,464.5,0.0,0.0,0.0,0.0,0.0,64
2023-05-10 10:52:50,PK311C10600,PK311C10600,464.5,0.0,0.0,0.0,1,37.0,0.0,0,464.5,0.0,0.0,0.0,0.0,0.0,64
2023-05-10 10:52:50,PK311C10600,PK311C10600,464.5,0.0,0.0,0.0,10,37.5,0.0,0,464.5,0.0,0.0,0.0,0.0,0.0,64
2023-05-10 10:52:51,PK311C10600,PK311C10600,464.5,0.0,0.0,0.0,1,44.0,0.0,0,464.5,0.0,0.0,0.0,0.0,0.0,64
2023-05-10 10:52:51,PK311C10600,PK311C10600,464.5,0.0,0.0,0.0,10,44.5,0.0,0,464.5,0.0,0.0,0.0,0.0,0.0,64
2023-05-10 10:52:52,PK311C10600,PK311C10600,464.5,0.0,0.0,0.0,1,51.0,0.0,0,464.5,0.0,0.0,0.0,0.0,0.0,64
2023-05-10 10:52:52,PK311C10600,PK311C10600,464.5,0.0,0.0,0.0,10,51.5,0.0,0,464.5,0.0,0.0,0.0,0.0,0.0,64
2023-05-10 10:52:53,PK311C10600,PK311C10600,464.5,0.0,0.0,0.0,1,58.0,0.0,0,464.5,0.0,0.0,0.0,0.0,0.0,64
2023-05-10 10:52:54,PK311C10600,PK311C10600,464.5,0.0,0.0,0.0,10,58.5,0.0,0,464.5,0.0,0.0,0.0,0.0,0.0,64
2023-05-10 10:52:55,PK311C10600,PK311C10600,464.5,0.0,0.0,0.0,1,65.0,0.0,0,464.5,0.0,0.0,0.0,0.0,0.0,64
2023-05-10 10:52:55,PK311C10600,PK311C10600,464.5,0.0,0.0,0.0,10,65.5,0.0,0,464.5,0.0,0.0,0.0,0.0,0.0,64
2023-05-10 10:52:56,PK311C10600,PK311C10600,464.5,0.0,0.0,0.0,1,72.0,0.0,0,464.5,0.0,0.0,0.0,0.0,0.0,64
2023-05-10 10:52:57,PK311C10600,PK311C10600,464.5,0.0,0.0,0.0,10,72.5,0.0,0,464.5,0.0,0.0,0.0,0.0,0.0,64
2023-05-10 10:52:57,PK311C10600,PK311C10600,464.5,0.0,0.0,0.0,1,79.0,0.0,0,464.5,0.0,0.0,0.0,0.0,0.0,64
2023-05-10 10:52:58,PK311C10600,PK311C10600,464.5,0.0,0.0,0.0,10,79.5,0.0,0,464.5,0.0,0.0,0.0,0.0,0.0,64
2023-05-10 10:52:59,PK311C10600,PK311C10600,464.5,0.0,0.0,0.0,1,86.0,0.0,0,464.5,0.0,0.0,0.0,0.0,0.0,64
2023-05-10 10:52:59,PK311C10600,PK311C10600,464.5,0.0,0.0,0.0,10,86.5,0.0,0,464.5,0.0,0.0,0.0,0.0,0.0,64
2023-05-10 10:53:00,PK311C10600,PK311C10600,464.5,0.0,0.0,0.0,1,93.0,0.0,0,464.5,0.0,0.0,0.0,0.0,0.0,64
2023-05-10 10:53:01,PK311C10600,PK311C10600,464.5,0.0,0.0,0.0,10,93.5,0.0,0,464.5,0.0,0.0,0.0,0.0,0.0,64
2023-05-10 10:53:01,PK311C10600,PK311C10600,464.5,0.0,0.0,0.0,1,100.0,0.0,0,464.5,0.0,0.0,0.0,0.0,0.0,64
2023-05-10 10:53:05,PK311C10600,PK311C10600,464.5,0.0,0.0,0.0,10,100.5,0.0,0,464.5,0.0,0.0,0.0,0.0,0.0,64
2023-05-10 10:53:07,PK311C10600,PK311C10600,464.5,0.0,0.0,0.0,1,107.0,0.0,0,464.5,0.0,0.0,0.0,0.0,0.0,64
2023-05-10 10:53:08,PK311C10600,PK311C10600,464.5,0.0,0.0,0.0,10,107.5,0.0,0,464.5,0.0,0.0,0.0,0.0,0.0,64
2023-05-10 10:53:08,PK311C10600,PK311C10600,464.5,0.0,0.0,0.0,1,114.0,0.0,0,464.5,0.0,0.0,0.0,0.0,0.0,64
2023-05-10 10:53:31,PK311C10600,PK311C10600,464.5,0.0,0.0,0.0,10,114.5,0.0,0,464.5,0.0,0.0,0.0,0.0,0.0,64
2023-05-10 10:53:32,PK311C10600,PK311C10600,464.5,0.0,0.0,0.0,1,121.0,0.0,0,464.5,0.0,0.0,0.0,0.0,0.0,64
2023-05-10 10:54:10,PK311C10600,PK311C10600,464.5,0.0,0.0,0.0,10,121.5,0.0,0,464.5,0.0,0.0,0.0,0.0,0.0,64
2023-05-10 10:54:11,PK311C10600,PK311C10600,464.5,0.0,0.0,0.0,1,128.0,0.0,0,464.5,0.0,0.0,0.0,0.0,0.0,64
2023-05-10 10:54:12,PK311C10600,PK311C10600,464.5,0.0,0.0,0.0,10,128.5,0.0,0,464.5,0.0,0.0,0.0,0.0,0.0,64
2023-05-10 10:54:13,PK311C10600,PK311C10600,464.5,0.0,0.0,0.0,1,135.0,0.0,0,464.5,0.0,0.0,0.0,0.0,0.0,64
2023-05-10 10:54:19,PK311C10600,PK311C10600,464.5,0.0,0.0,0.0,6,459.5,499.5,6,464.5,0.0,0.0,0.0,0.0,0.0,64
2023-05-10 10:54:20,PK311C10600,PK311C10600,464.5,0.0,0.0,0.0,9,459.5,499.5,9,464.5,0.0,0.0,0.0,0.0,0.0,64
2023-05-10 10:54:20,PK311C10600,PK311C10600,464.5,0.0,0.0,0.0,15,459.5,499.5,15,464.5,0.0,0.0,0.0,0.0,0.0,64
2023-05-10 10:54:21,PK311C10600,PK311C10600,464.5,0.0,0.0,0.0,3,473.0,499.5,15,464.5,0.0,0.0,0.0,0.0,0.0,64
2023-05-10 10:54:22,PK311C10600,PK311C10600,464.5,0.0,0.0,0.0,12,473.0,499.5,15,464.5,0.0,0.0,0.0,0.0,0.0,64
2023-05-10 10:54:25,PK311C10600,PK311C10600,464.5,0.0,0.0,0.0,15,473.0,496.5,3,464.5,0.0,0.0,0.0,0.0,0.0,64
2023-05-10 10:54:26,PK311C10600,PK311C10600,464.5,0.0,0.0,0.0,18,473.0,496.5,9,464.5,0.0,0.0,0.0,0.0,0.0,64
2023-05-10 10:54:28,PK311C10600,PK311C10600,464.5,0.0,0.0,0.0,18,473.0,479.0,3,464.5,0.0,0.0,0.0,0.0,0.0,64
2023-05-10 10:54:29,PK311C10600,PK311C10600,464.5,0.0,0.0,0.0,12,473.0,479.0,6,464.5,0.0,0.0,0.0,0.0,0.0,64
2023-05-10 10:54:29,PK311C10600,PK311C10600,464.5,0.0,0.0,0.0,18,473.0,479.0,12,464.5,0.0,0.0,0.0,0.0,0.0,64
2023-05-10 10:54:31,PK311C10600,PK311C10600,464.5,0.0,0.0,0.0,21,473.0,479.0,15,464.5,0.0,0.0,0.0,0.0,0.0,64
2023-05-10 10:54:33,PK311C10600,PK311C10600,464.5,0.0,0.0,0.0,18,473.0,479.0,15,464.5,0.0,0.0,0.0,0.0,0.0,64
2023-05-10 10:54:36,PK311C10600,PK311C10600,464.5,0.0,0.0,0.0,15,473.0,479.0,15,464.5,0.0,0.0,0.0,0.0,0.0,64
2023-05-10 10:54:38,PK311C10600,PK311C10600,464.5,0.0,0.0,0.0,12,473.0,479.0,12,464.5,0.0,0.0,0.0,0.0,0.0,64
2023-05-10 10:54:40,PK311C10600,PK311C10600,464.5,0.0,0.0,0.0,6,473.0,479.0,6,464.5,0.0,0.0,0.0,0.0,0.0,64
2023-05-10 10:54:41,PK311C10600,PK311C10600,464.5,0.0,0.0,0.0,3,473.0,479.0,3,464.5,0.0,0.0,0.0,0.0,0.0,64
2023-05-10 10:54:42,PK311C10600,PK311C10600,464.5,0.0,0.0,0.0,1,23.0,0.0,0,464.5,0.0,0.0,0.0,0.0,0.0,64
2023-05-10 10:54:42,PK311C10600,PK311C10600,464.5,0.0,0.0,0.0,1,29.5,0.0,0,464.5,0.0,0.0,0.0,0.0,0.0,64
2023-05-10 10:54:42,PK311C10600,PK311C10600,464.5,0.0,0.0,0.0,10,30.0,0.0,0,464.5,0.0,0.0,0.0,0.0,0.0,64
2023-05-10 10:54:43,PK311C10600,PK311C10600,464.5,0.0,0.0,0.0,1,36.5,0.0,0,464.5,0.0,0.0,0.0,0.0,0.0,64
2023-05-10 10:54:43,PK311C10600,PK311C10600,464.5,0.0,0.0,0.0,10,37.0,0.0,0,464.5,0.0,0.0,0.0,0.0,0.0,64
2023-05-10 10:54:45,PK311C10600,PK311C10600,464.5,0.0,0.0,0.0,1,43.5,0.0,0,464.5,0.0,0.0,0.0,0.0,0.0,64
2023-05-10 10:54:45,PK311C10600,PK311C10600,464.5,0.0,0.0,0.0,10,44.0,0.0,0,464.5,0.0,0.0,0.0,0.0,0.0,64
2023-05-10 10:54:47,PK311C10600,PK311C10600,464.5,0.0,0.0,0.0,1,50.5,0.0,0,464.5,0.0,0.0,0.0,0.0,0.0,64
2023-05-10 10:54:47,PK311C10600,PK311C10600,464.5,0.0,0.0,0.0,10,51.0,0.0,0,464.5,0.0,0.0,0.0,0.0,0.0,64
2023-05-10 10:54:49,PK311C10600,PK311C10600,464.5,0.0,0.0,0.0,1,57.5,0.0,0,464.5,0.0,0.0,0.0,0.0,0.0,64
2023-05-10 10:55:10,PK311C10600,PK311C10600,464.5,0.0,0.0,0.0,10,58.0,0.0,0,464.5,0.0,0.0,0.0,0.0,0.0,64
2023-05-10 10:55:11,PK311C10600,PK311C10600,464.5,0.0,0.0,0.0,1,64.5,0.0,0,464.5,0.0,0.0,0.0,0.0,0.0,64
2023-05-10 10:56:00,PK311C10600,PK311C10600,464.5,0.0,0.0,0.0,10,65.0,0.0,0,464.5,0.0,0.0,0.0,0.0,0.0,64
2023-05-10 10:56:00,PK311C10600,PK311C10600,464.5,0.0,0.0,0.0,1,71.5,0.0,0,464.5,0.0,0.0,0.0,0.0,0.0,64
2023-05-10 10:56:01,PK311C10600,PK311C10600,464.5,0.0,0.0,0.0,10,72.0,0.0,0,464.5,0.0,0.0,0.0,0.0,0.0,64
2023-05-10 10:56:02,PK311C10600,PK311C10600,464.5,0.0,0.0,0.0,1,78.5,0.0,0,464.5,0.0,0.0,0.0,0.0,0.0,64
2023-05-10 10:56:03,PK311C10600,PK311C10600,464.5,0.0,0.0,0.0,10,79.0,0.0,0,464.5,0.0,0.0,0.0,0.0,0.0,64
2023-05-10 10:56:04,PK311C10600,PK311C10600,464.5,0.0,0.0,0.0,1,85.5,0.0,0,464.5,0.0,0.0,0.0,0.0,0.0,64
2023-05-10 10:56:26,PK311C10600,PK311C10600,464.5,0.0,0.0,0.0,10,86.0,0.0,0,464.5,0.0,0.0,0.0,0.0,0.0,64
2023-05-10 10:56:27,PK311C10600,PK311C10600,464.5,0.0,0.0,0.0,1,92.5,0.0,0,464.5,0.0,0.0,0.0,0.0,0.0,64
2023-05-10 11:05:12,PK311C10600,PK311C10600,464.5,0.0,0.0,0.0,10,93.0,0.0,0,464.5,0.0,0.0,0.0,0.0,0.0,64
2023-05-10 11:05:13,PK311C10600,PK311C10600,464.5,0.0,0.0,0.0,1,99.5,0.0,0,464.5,0.0,0.0,0.0,0.0,0.0,64
2023-05-10 11:05:14,PK311C10600,PK311C10600,464.5,0.0,0.0,0.0,10,100.0,0.0,0,464.5,0.0,0.0,0.0,0.0,0.0,64
2023-05-10 11:05:15,PK311C10600,PK311C10600,464.5,0.0,0.0,0.0,1,106.5,0.0,0,464.5,0.0,0.0,0.0,0.0,0.0,64
2023-05-10 11:05:15,PK311C10600,PK311C10600,464.5,0.0,0.0,0.0,10,107.0,0.0,0,464.5,0.0,0.0,0.0,0.0,0.0,64
2023-05-10 11:05:16,PK311C10600,PK311C10600,464.5,0.0,0.0,0.0,1,113.5,0.0,0,464.5,0.0,0.0,0.0,0.0,0.0,64
2023-05-10 11:06:45,PK311C10600,PK311C10600,464.5,0.0,0.0,0.0,10,114.0,0.0,0,464.5,0.0,0.0,0.0,0.0,0.0,64
2023-05-10 11:06:46,PK311C10600,PK311C10600,464.5,0.0,0.0,0.0,1,120.5,0.0,0,464.5,0.0,0.0,0.0,0.0,0.0,64
2023-05-10 11:06:46,PK311C10600,PK311C10600,464.5,0.0,0.0,0.0,10,121.0,0.0,0,464.5,0.0,0.0,0.0,0.0,0.0,64
2023-05-10 11:06:47,PK311C10600,PK311C10600,464.5,0.0,0.0,0.0,1,127.5,0.0,0,464.5,0.0,0.0,0.0,0.0,0.0,64
2023-05-10 11:06:48,PK311C10600,PK311C10600,464.5,0.0,0.0,0.0,10,128.0,0.0,0,464.5,0.0,0.0,0.0,0.0,0.0,64
2023-05-10 11:06:48,PK311C10600,PK311C10600,464.5,0.0,0.0,0.0,1,134.5,0.0,0,464.5,0.0,0.0,0.0,0.0,0.0,64
2023-05-10 11:06:49,PK311C10600,PK311C10600,464.5,0.0,0.0,0.0,10,135.0,0.0,0,464.5,0.0,0.0,0.0,0.0,0.0,64
2023-05-10 11:06:50,PK311C10600,PK311C10600,464.5,0.0,0.0,0.0,1,141.5,0.0,0,464.5,0.0,0.0,0.0,0.0,0.0,64
2023-05-10 11:06:52,PK311C10600,PK311C10600,464.5,0.0,0.0,0.0,10,142.0,0.0,0,464.5,0.0,0.0,0.0,0.0,0.0,64
2023-05-10 11:06:53,PK311C10600,PK311C10600,464.5,0.0,0.0,0.0,1,148.5,0.0,0,464.5,0.0,0.0,0.0,0.0,0.0,64
2023-05-10 11:09:10,PK311C10600,PK311C10600,464.5,0.0,0.0,0.0,10,149.0,0.0,0,464.5,0.0,0.0,0.0,0.0,0.0,64
2023-05-10 11:09:12,PK311C10600,PK311C10600,464.5,0.0,0.0,0.0,1,155.5,0.0,0,464.5,0.0,0.0,0.0,0.0,0.0,64
2023-05-10 11:09:12,PK311C10600,PK311C10600,464.5,0.0,0.0,0.0,10,156.0,0.0,0,464.5,0.0,0.0,0.0,0.0,0.0,64
2023-05-10 11:09:13,PK311C10600,PK311C10600,464.5,0.0,0.0,0.0,1,162.5,0.0,0,464.5,0.0,0.0,0.0,0.0,0.0,64
2023-05-10 11:09:14,PK311C10600,PK311C10600,464.5,0.0,0.0,0.0,10,163.0,0.0,0,464.5,0.0,0.0,0.0,0.0,0.0,64
2023-05-10 11:09:15,PK311C10600,PK311C10600,464.5,0.0,0.0,0.0,1,169.5,0.0,0,464.5,0.0,0.0,0.0,0.0,0.0,64
2023-05-10 11:09:15,PK311C10600,PK311C10600,464.5,0.0,0.0,0.0,10,170.0,0.0,0,464.5,0.0,0.0,0.0,0.0,0.0,64
2023-05-10 11:09:16,PK311C10600,PK311C10600,464.5,0.0,0.0,0.0,1,176.5,0.0,0,464.5,0.0,0.0,0.0,0.0,0.0,64
2023-05-10 11:09:16,PK311C10600,PK311C10600,464.5,0.0,0.0,0.0,10,177.0,0.0,0,464.5,0.0,0.0,0.0,0.0,0.0,64
2023-05-10 11:09:17,PK311C10600,PK311C10600,464.5,0.0,0.0,0.0,1,183.5,0.0,0,464.5,0.0,0.0,0.0,0.0,0.0,64
2023-05-10 11:09:18,PK311C10600,PK311C10600,464.5,0.0,0.0,0.0,10,184.0,0.0,0,464.5,0.0,0.0,0.0,0.0,0.0,64
2023-05-10 11:09:19,PK311C10600,PK311C10600,464.5,0.0,0.0,0.0,1,190.5,0.0,0,464.5,0.0,0.0,0.0,0.0,0.0,64
2023-05-10 11:09:19,PK311C10600,PK311C10600,464.5,0.0,0.0,0.0,10,191.0,0.0,0,464.5,0.0,0.0,0.0,0.0,0.0,64
2023-05-10 11:09:20,PK311C10600,PK311C10600,464.5,0.0,0.0,0.0,1,197.5,0.0,0,464.5,0.0,0.0,0.0,0.0,0.0,64
2023-05-10 11:09:20,PK311C10600,PK311C10600,464.5,0.0,0.0,0.0,10,198.0,0.0,0,464.5,0.0,0.0,0.0,0.0,0.0,64
2023-05-10 11:09:21,PK311C10600,PK311C10600,464.5,0.0,0.0,0.0,1,204.5,0.0,0,464.5,0.0,0.0,0.0,0.0,0.0,64
2023-05-10 11:16:56,PK311C10600,PK311C10600,464.5,0.0,0.0,0.0,10,205.0,0.0,0,464.5,0.0,0.0,0.0,0.0,0.0,64
2023-05-10 11:16:57,PK311C10600,PK311C10600,464.5,0.0,0.0,0.0,1,211.5,0.0,0,464.5,0.0,0.0,0.0,0.0,0.0,64
2023-05-10 11:17:36,PK311C10600,PK311C10600,464.5,0.0,0.0,0.0,10,212.0,0.0,0,464.5,0.0,0.0,0.0,0.0,0.0,64
2023-05-10 11:17:37,PK311C10600,PK311C10600,464.5,0.0,0.0,0.0,1,218.5,0.0,0,464.5,0.0,0.0,0.0,0.0,0.0,64
2023-05-10 11:18:29,PK311C10600,PK311C10600,464.5,0.0,0.0,0.0,10,219.0,0.0,0,464.5,0.0,0.0,0.0,0.0,0.0,64
2023-05-10 11:18:30,PK311C10600,PK311C10600,464.5,0.0,0.0,0.0,1,225.5,0.0,0,464.5,0.0,0.0,0.0,0.0,0.0,64
2023-05-10 11:18:30,PK311C10600,PK311C10600,464.5,0.0,0.0,0.0,10,226.0,0.0,0,464.5,0.0,0.0,0.0,0.0,0.0,64
2023-05-10 11:18:31,PK311C10600,PK311C10600,464.5,0.0,0.0,0.0,1,232.5,0.0,0,464.5,0.0,0.0,0.0,0.0,0.0,64
2023-05-10 11:18:32,PK311C10600,PK311C10600,464.5,0.0,0.0,0.0,10,233.0,0.0,0,464.5,0.0,0.0,0.0,0.0,0.0,64
2023-05-10 11:18:33,PK311C10600,PK311C10600,464.5,0.0,0.0,0.0,1,239.5,0.0,0,464.5,0.0,0.0,0.0,0.0,0.0,64
2023-05-10 11:18:34,PK311C10600,PK311C10600,464.5,0.0,0.0,0.0,10,240.0,0.0,0,464.5,0.0,0.0,0.0,0.0,0.0,64
2023-05-10 11:18:35,PK311C10600,PK311C10600,464.5,0.0,0.0,0.0,1,246.5,0.0,0,464.5,0.0,0.0,0.0,0.0,0.0,64
2023-05-10 11:18:35,PK311C10600,PK311C10600,464.5,0.0,0.0,0.0,10,247.0,0.0,0,464.5,0.0,0.0,0.0,0.0,0.0,64
2023-05-10 11:18:36,PK311C10600,PK311C10600,464.5,0.0,0.0,0.0,1,253.5,0.0,0,464.5,0.0,0.0,0.0,0.0,0.0,64
2023-05-10 11:18:36,PK311C10600,PK311C10600,464.5,0.0,0.0,0.0,10,254.0,0.0,0,464.5,0.0,0.0,0.0,0.0,0.0,64
2023-05-10 11:18:37,PK311C10600,PK311C10600,464.5,0.0,0.0,0.0,1,257.5,0.0,0,464.5,0.0,0.0,0.0,0.0,0.0,64
2023-05-10 11:21:47,PK311C10600,PK311C10600,464.5,0.0,0.0,0.0,10,258.0,0.0,0,464.5,0.0,0.0,0.0,0.0,0.0,64
2023-05-10 11:21:48,PK311C10600,PK311C10600,464.5,0.0,0.0,0.0,1,261.5,0.0,0,464.5,0.0,0.0,0.0,0.0,0.0,64
2023-05-10 11:24:25,PK311C10600,PK311C10600,464.5,0.0,0.0,0.0,10,262.0,0.0,0,464.5,0.0,0.0,0.0,0.0,0.0,64
2023-05-10 11:24:26,PK311C10600,PK311C10600,464.5,0.0,0.0,0.0,1,262.5,0.0,0,464.5,0.0,0.0,0.0,0.0,0.0,64
2023-05-10 11:24:26,PK311C10600,PK311C10600,464.5,0.0,0.0,0.0,10,263.0,0.0,0,464.5,0.0,0.0,0.0,0.0,0.0,64
2023-05-10 11:24:27,PK311C10600,PK311C10600,464.5,0.0,0.0,0.0,1,263.5,0.0,0,464.5,0.0,0.0,0.0,0.0,0.0,64
2023-05-10 11:24:28,PK311C10600,PK311C10600,464.5,0.0,0.0,0.0,10,264.0,0.0,0,464.5,0.0,0.0,0.0,0.0,0.0,64
2023-05-10 11:24:29,PK311C10600,PK311C10600,464.5,0.0,0.0,0.0,1,264.5,0.0,0,464.5,0.0,0.0,0.0,0.0,0.0,64
2023-05-10 11:27:08,PK311C10600,PK311C10600,464.5,0.0,0.0,0.0,1,23.0,0.0,0,464.5,0.0,0.0,0.0,0.0,0.0,64
2023-05-10 13:30:03,PK311C10600,PK311C10600,464.5,0.0,0.0,0.0,10,23.5,0.0,0,464.5,0.0,0.0,0.0,0.0,0.0,64
2023-05-10 13:31:13,PK311C10600,PK311C10600,464.5,0.0,0.0,0.0,1,24.0,0.0,0,464.5,0.0,0.0,0.0,0.0,0.0,64
2023-05-10 13:31:13,PK311C10600,PK311C10600,464.5,0.0,0.0,0.0,10,24.5,0.0,0,464.5,0.0,0.0,0.0,0.0,0.0,64
2023-05-10 13:31:33,PK311C10600,PK311C10600,464.5,0.0,0.0,0.0,1,25.0,0.0,0,464.5,0.0,0.0,0.0,0.0,0.0,64
2023-05-10 13:31:34,PK311C10600,PK311C10600,464.5,0.0,0.0,0.0,10,25.5,0.0,0,464.5,0.0,0.0,0.0,0.0,0.0,64
2023-05-10 13:31:39,PK311C10600,PK311C10600,464.5,0.0,0.0,0.0,1,26.0,0.0,0,464.5,0.0,0.0,0.0,0.0,0.0,64
2023-05-10 13:31:40,PK311C10600,PK311C10600,464.5,0.0,0.0,0.0,10,26.5,0.0,0,464.5,0.0,0.0,0.0,0.0,0.0,64
2023-05-10 13:31:47,PK311C10600,PK311C10600,464.5,0.0,0.0,0.0,1,27.0,0.0,0,464.5,0.0,0.0,0.0,0.0,0.0,64
2023-05-10 13:31:47,PK311C10600,PK311C10600,464.5,0.0,0.0,0.0,10,27.5,0.0,0,464.5,0.0,0.0,0.0,0.0,0.0,64
2023-05-10 13:32:11,PK311C10600,PK311C10600,464.5,0.0,0.0,0.0,1,28.0,0.0,0,464.5,0.0,0.0,0.0,0.0,0.0,64
2023-05-10 13:32:11,PK311C10600,PK311C10600,464.5,0.0,0.0,0.0,10,28.5,0.0,0,464.5,0.0,0.0,0.0,0.0,0.0,64
2023-05-10 13:32:31,PK311C10600,PK311C10600,464.5,0.0,0.0,0.0,1,29.0,0.0,0,464.5,0.0,0.0,0.0,0.0,0.0,64
2023-05-10 13:32:31,PK311C10600,PK311C10600,464.5,0.0,0.0,0.0,10,29.5,0.0,0,464.5,0.0,0.0,0.0,0.0,0.0,64
2023-05-10 13:32:37,PK311C10600,PK311C10600,464.5,0.0,0.0,0.0,1,30.0,0.0,0,464.5,0.0,0.0,0.0,0.0,0.0,64
2023-05-10 13:32:37,PK311C10600,PK311C10600,464.5,0.0,0.0,0.0,10,30.5,0.0,0,464.5,0.0,0.0,0.0,0.0,0.0,64
2023-05-10 13:32:43,PK311C10600,PK311C10600,464.5,0.0,0.0,0.0,1,37.0,0.0,0,464.5,0.0,0.0,0.0,0.0,0.0,64
2023-05-10 13:32:43,PK311C10600,PK311C10600,464.5,0.0,0.0,0.0,10,37.5,0.0,0,464.5,0.0,0.0,0.0,0.0,0.0,64
2023-05-10 13:32:45,PK311C10600,PK311C10600,464.5,0.0,0.0,0.0,1,44.0,0.0,0,464.5,0.0,0.0,0.0,0.0,0.0,64
2023-05-10 13:32:46,PK311C10600,PK311C10600,464.5,0.0,0.0,0.0,10,44.5,0.0,0,464.5,0.0,0.0,0.0,0.0,0.0,64
2023-05-10 13:32:48,PK311C10600,PK311C10600,464.5,0.0,0.0,0.0,1,51.0,0.0,0,464.5,0.0,0.0,0.0,0.0,0.0,64
2023-05-10 13:32:49,PK311C10600,PK311C10600,464.5,0.0,0.0,0.0,10,51.5,0.0,0,464.5,0.0,0.0,0.0,0.0,0.0,64
2023-05-10 13:32:51,PK311C10600,PK311C10600,464.5,0.0,0.0,0.0,1,58.0,0.0,0,464.5,0.0,0.0,0.0,0.0,0.0,64
2023-05-10 13:32:52,PK311C10600,PK311C10600,464.5,0.0,0.0,0.0,10,58.5,0.0,0,464.5,0.0,0.0,0.0,0.0,0.0,64
2023-05-10 13:32:54,PK311C10600,PK311C10600,464.5,0.0,0.0,0.0,1,65.0,0.0,0,464.5,0.0,0.0,0.0,0.0,0.0,64
2023-05-10 13:32:54,PK311C10600,PK311C10600,464.5,0.0,0.0,0.0,10,65.5,0.0,0,464.5,0.0,0.0,0.0,0.0,0.0,64
2023-05-10 13:32:55,PK311C10600,PK311C10600,464.5,0.0,0.0,0.0,1,72.0,0.0,0,464.5,0.0,0.0,0.0,0.0,0.0,64
2023-05-10 13:32:56,PK311C10600,PK311C10600,464.5,0.0,0.0,0.0,10,72.5,0.0,0,464.5,0.0,0.0,0.0,0.0,0.0,64
2023-05-10 13:32:57,PK311C10600,PK311C10600,464.5,0.0,0.0,0.0,1,79.0,0.0,0,464.5,0.0,0.0,0.0,0.0,0.0,64
2023-05-10 13:32:57,PK311C10600,PK311C10600,464.5,0.0,0.0,0.0,10,79.5,0.0,0,464.5,0.0,0.0,0.0,0.0,0.0,64
2023-05-10 13:32:59,PK311C10600,PK311C10600,464.5,0.0,0.0,0.0,1,86.0,0.0,0,464.5,0.0,0.0,0.0,0.0,0.0,64
2023-05-10 13:32:59,PK311C10600,PK311C10600,464.5,0.0,0.0,0.0,10,86.5,0.0,0,464.5,0.0,0.0,0.0,0.0,0.0,64
2023-05-10 13:33:00,PK311C10600,PK311C10600,464.5,0.0,0.0,0.0,1,93.0,0.0,0,464.5,0.0,0.0,0.0,0.0,0.0,64
2023-05-10 13:33:01,PK311C10600,PK311C10600,464.5,0.0,0.0,0.0,10,93.5,0.0,0,464.5,0.0,0.0,0.0,0.0,0.0,64
2023-05-10 13:33:02,PK311C10600,PK311C10600,464.5,0.0,0.0,0.0,1,100.0,0.0,0,464.5,0.0,0.0,0.0,0.0,0.0,64
2023-05-10 13:33:03,PK311C10600,PK311C10600,464.5,0.0,0.0,0.0,10,100.5,0.0,0,464.5,0.0,0.0,0.0,0.0,0.0,64
2023-05-10 13:33:04,PK311C10600,PK311C10600,464.5,0.0,0.0,0.0,1,107.0,0.0,0,464.5,0.0,0.0,0.0,0.0,0.0,64
2023-05-10 13:33:04,PK311C10600,PK311C10600,464.5,0.0,0.0,0.0,10,107.5,0.0,0,464.5,0.0,0.0,0.0,0.0,0.0,64
2023-05-10 13:33:05,PK311C10600,PK311C10600,464.5,0.0,0.0,0.0,1,114.0,0.0,0,464.5,0.0,0.0,0.0,0.0,0.0,64
2023-05-10 13:33:05,PK311C10600,PK311C10600,464.5,0.0,0.0,0.0,10,114.5,0.0,0,464.5,0.0,0.0,0.0,0.0,0.0,64
2023-05-10 13:33:06,PK311C10600,PK311C10600,464.5,0.0,0.0,0.0,1,121.0,0.0,0,464.5,0.0,0.0,0.0,0.0,0.0,64
2023-05-10 13:33:06,PK311C10600,PK311C10600,464.5,0.0,0.0,0.0,10,121.5,0.0,0,464.5,0.0,0.0,0.0,0.0,0.0,64
2023-05-10 13:33:07,PK311C10600,PK311C10600,464.5,0.0,0.0,0.0,1,128.0,0.0,0,464.5,0.0,0.0,0.0,0.0,0.0,64
2023-05-10 13:33:08,PK311C10600,PK311C10600,464.5,0.0,0.0,0.0,10,128.5,0.0,0,464.5,0.0,0.0,0.0,0.0,0.0,64
2023-05-10 13:33:09,PK311C10600,PK311C10600,464.5,0.0,0.0,0.0,1,135.0,0.0,0,464.5,0.0,0.0,0.0,0.0,0.0,64
2023-05-10 13:33:09,PK311C10600,PK311C10600,464.5,0.0,0.0,0.0,10,135.5,0.0,0,464.5,0.0,0.0,0.0,0.0,0.0,64
2023-05-10 13:33:10,PK311C10600,PK311C10600,464.5,0.0,0.0,0.0,1,142.0,0.0,0,464.5,0.0,0.0,0.0,0.0,0.0,64
2023-05-10 13:33:10,PK311C10600,PK311C10600,464.5,0.0,0.0,0.0,10,142.5,0.0,0,464.5,0.0,0.0,0.0,0.0,0.0,64
2023-05-10 13:33:12,PK311C10600,PK311C10600,464.5,0.0,0.0,0.0,1,149.0,0.0,0,464.5,0.0,0.0,0.0,0.0,0.0,64
2023-05-10 13:33:12,PK311C10600,PK311C10600,464.5,0.0,0.0,0.0,10,149.5,0.0,0,464.5,0.0,0.0,0.0,0.0,0.0,64
2023-05-10 13:33:13,PK311C10600,PK311C10600,464.5,0.0,0.0,0.0,1,156.0,0.0,0,464.5,0.0,0.0,0.0,0.0,0.0,64
2023-05-10 13:33:13,PK311C10600,PK311C10600,464.5,0.0,0.0,0.0,10,156.5,0.0,0,464.5,0.0,0.0,0.0,0.0,0.0,64
2023-05-10 13:33:14,PK311C10600,PK311C10600,464.5,0.0,0.0,0.0,1,163.0,0.0,0,464.5,0.0,0.0,0.0,0.0,0.0,64
2023-05-10 13:33:15,PK311C10600,PK311C10600,464.5,0.0,0.0,0.0,10,163.5,0.0,0,464.5,0.0,0.0,0.0,0.0,0.0,64
2023-05-10 13:33:16,PK311C10600,PK311C10600,464.5,0.0,0.0,0.0,1,170.0,0.0,0,464.5,0.0,0.0,0.0,0.0,0.0,64
2023-05-10 13:33:16,PK311C10600,PK311C10600,464.5,0.0,0.0,0.0,10,170.5,0.0,0,464.5,0.0,0.0,0.0,0.0,0.0,64
2023-05-10 13:33:17,PK311C10600,PK311C10600,464.5,0.0,0.0,0.0,1,174.0,0.0,0,464.5,0.0,0.0,0.0,0.0,0.0,64
2023-05-10 13:33:17,PK311C10600,PK311C10600,464.5,0.0,0.0,0.0,10,174.5,0.0,0,464.5,0.0,0.0,0.0,0.0,0.0,64
2023-05-10 13:33:18,PK311C10600,PK311C10600,464.5,0.0,0.0,0.0,1,175.0,0.0,0,464.5,0.0,0.0,0.0,0.0,0.0,64
2023-05-10 13:33:19,PK311C10600,PK311C10600,464.5,0.0,0.0,0.0,10,175.5,0.0,0,464.5,0.0,0.0,0.0,0.0,0.0,64
2023-05-10 13:33:20,PK311C10600,PK311C10600,464.5,0.0,0.0,0.0,1,176.0,0.0,0,464.5,0.0,0.0,0.0,0.0,0.0,64
2023-05-10 13:33:20,PK311C10600,PK311C10600,464.5,0.0,0.0,0.0,10,176.5,0.0,0,464.5,0.0,0.0,0.0,0.0,0.0,64
2023-05-10 13:33:21,PK311C10600,PK311C10600,464.5,0.0,0.0,0.0,1,177.0,0.0,0,464.5,0.0,0.0,0.0,0.0,0.0,64
2023-05-10 13:33:21,PK311C10600,PK311C10600,464.5,0.0,0.0,0.0,10,177.5,0.0,0,464.5,0.0,0.0,0.0,0.0,0.0,64
2023-05-10 13:33:23,PK311C10600,PK311C10600,464.5,0.0,0.0,0.0,1,178.0,0.0,0,464.5,0.0,0.0,0.0,0.0,0.0,64
2023-05-10 13:33:23,PK311C10600,PK311C10600,464.5,0.0,0.0,0.0,10,178.5,0.0,0,464.5,0.0,0.0,0.0,0.0,0.0,64
2023-05-10 13:33:25,PK311C10600,PK311C10600,464.5,0.0,0.0,0.0,1,185.0,0.0,0,464.5,0.0,0.0,0.0,0.0,0.0,64
2023-05-10 13:33:26,PK311C10600,PK311C10600,464.5,0.0,0.0,0.0,10,185.5,0.0,0,464.5,0.0,0.0,0.0,0.0,0.0,64
2023-05-10 13:33:28,PK311C10600,PK311C10600,464.5,0.0,0.0,0.0,1,186.0,0.0,0,464.5,0.0,0.0,0.0,0.0,0.0,64
2023-05-10 13:33:28,PK311C10600,PK311C10600,464.5,0.0,0.0,0.0,10,186.5,0.0,0,464.5,0.0,0.0,0.0,0.0,0.0,64
2023-05-10 13:33:29,PK311C10600,PK311C10600,464.5,0.0,0.0,0.0,1,187.0,0.0,0,464.5,0.0,0.0,0.0,0.0,0.0,64
2023-05-10 13:34:00,PK311C10600,PK311C10600,464.5,0.0,0.0,0.0,10,187.5,0.0,0,464.5,0.0,0.0,0.0,0.0,0.0,64
2023-05-10 13:34:02,PK311C10600,PK311C10600,464.5,0.0,0.0,0.0,1,191.0,0.0,0,464.5,0.0,0.0,0.0,0.0,0.0,64
2023-05-10 13:34:03,PK311C10600,PK311C10600,464.5,0.0,0.0,0.0,10,191.5,0.0,0,464.5,0.0,0.0,0.0,0.0,0.0,64
2023-05-10 13:34:03,PK311C10600,PK311C10600,464.5,0.0,0.0,0.0,1,195.0,0.0,0,464.5,0.0,0.0,0.0,0.0,0.0,64
2023-05-10 13:34:04,PK311C10600,PK311C10600,464.5,0.0,0.0,0.0,10,195.5,0.0,0,464.5,0.0,0.0,0.0,0.0,0.0,64
2023-05-10 13:34:05,PK311C10600,PK311C10600,464.5,0.0,0.0,0.0,1,202.0,0.0,0,464.5,0.0,0.0,0.0,0.0,0.0,64
2023-05-10 13:34:05,PK311C10600,PK311C10600,464.5,0.0,0.0,0.0,10,202.5,0.0,0,464.5,0.0,0.0,0.0,0.0,0.0,64
2023-05-10 13:34:06,PK311C10600,PK311C10600,464.5,0.0,0.0,0.0,1,209.0,0.0,0,464.5,0.0,0.0,0.0,0.0,0.0,64
2023-05-10 13:34:08,PK311C10600,PK311C10600,464.5,0.0,0.0,0.0,10,209.5,0.0,0,464.5,0.0,0.0,0.0,0.0,0.0,64
2023-05-10 13:34:09,PK311C10600,PK311C10600,464.5,0.0,0.0,0.0,1,213.0,0.0,0,464.5,0.0,0.0,0.0,0.0,0.0,64
2023-05-10 13:34:10,PK311C10600,PK311C10600,464.5,0.0,0.0,0.0,10,213.5,0.0,0,464.5,0.0,0.0,0.0,0.0,0.0,64
2023-05-10 13:34:10,PK311C10600,PK311C10600,464.5,0.0,0.0,0.0,1,214.0,0.0,0,464.5,0.0,0.0,0.0,0.0,0.0,64
2023-05-10 13:34:11,PK311C10600,PK311C10600,464.5,0.0,0.0,0.0,10,214.5,0.0,0,464.5,0.0,0.0,0.0,0.0,0.0,64
2023-05-10 13:34:12,PK311C10600,PK311C10600,464.5,0.0,0.0,0.0,1,215.0,0.0,0,464.5,0.0,0.0,0.0,0.0,0.0,64
2023-05-10 13:34:45,PK311C10600,PK311C10600,464.5,0.0,0.0,0.0,10,215.5,0.0,0,464.5,0.0,0.0,0.0,0.0,0.0,64
2023-05-10 13:34:46,PK311C10600,PK311C10600,464.5,0.0,0.0,0.0,1,219.0,0.0,0,464.5,0.0,0.0,0.0,0.0,0.0,64
2023-05-10 13:34:47,PK311C10600,PK311C10600,464.5,0.0,0.0,0.0,10,219.5,0.0,0,464.5,0.0,0.0,0.0,0.0,0.0,64
2023-05-10 13:34:48,PK311C10600,PK311C10600,464.5,0.0,0.0,0.0,1,223.0,0.0,0,464.5,0.0,0.0,0.0,0.0,0.0,64
2023-05-10 13:34:49,PK311C10600,PK311C10600,464.5,0.0,0.0,0.0,10,223.5,0.0,0,464.5,0.0,0.0,0.0,0.0,0.0,64
2023-05-10 13:34:50,PK311C10600,PK311C10600,464.5,0.0,0.0,0.0,1,227.0,0.0,0,464.5,0.0,0.0,0.0,0.0,0.0,64
2023-05-10 13:34:51,PK311C10600,PK311C10600,464.5,0.0,0.0,0.0,10,227.5,0.0,0,464.5,0.0,0.0,0.0,0.0,0.0,64
2023-05-10 13:34:52,PK311C10600,PK311C10600,464.5,0.0,0.0,0.0,1,228.0,0.0,0,464.5,0.0,0.0,0.0,0.0,0.0,64
2023-05-10 13:37:14,PK311C10600,PK311C10600,464.5,0.0,0.0,0.0,10,228.5,0.0,0,464.5,0.0,0.0,0.0,0.0,0.0,64
2023-05-10 13:37:15,PK311C10600,PK311C10600,464.5,0.0,0.0,0.0,1,232.0,0.0,0,464.5,0.0,0.0,0.0,0.0,0.0,64
2023-05-10 13:37:38,PK311C10600,PK311C10600,464.5,0.0,0.0,0.0,10,232.5,0.0,0,464.5,0.0,0.0,0.0,0.0,0.0,64
2023-05-10 13:37:39,PK311C10600,PK311C10600,464.5,0.0,0.0,0.0,1,239.0,0.0,0,464.5,0.0,0.0,0.0,0.0,0.0,64
2023-05-10 13:37:39,PK311C10600,PK311C10600,464.5,0.0,0.0,0.0,10,239.5,0.0,0,464.5,0.0,0.0,0.0,0.0,0.0,64
2023-05-10 13:37:41,PK311C10600,PK311C10600,464.5,0.0,0.0,0.0,1,243.0,0.0,0,464.5,0.0,0.0,0.0,0.0,0.0,64
2023-05-10 13:37:41,PK311C10600,PK311C10600,464.5,0.0,0.0,0.0,10,243.5,0.0,0,464.5,0.0,0.0,0.0,0.0,0.0,64
2023-05-10 13:37:42,PK311C10600,PK311C10600,464.5,0.0,0.0,0.0,1,244.0,0.0,0,464.5,0.0,0.0,0.0,0.0,0.0,64
2023-05-10 13:37:42,PK311C10600,PK311C10600,464.5,0.0,0.0,0.0,10,244.5,0.0,0,464.5,0.0,0.0,0.0,0.0,0.0,64
2023-05-10 13:37:43,PK311C10600,PK311C10600,464.5,0.0,0.0,0.0,1,245.0,0.0,0,464.5,0.0,0.0,0.0,0.0,0.0,64
2023-05-10 13:40:05,PK311C10600,PK311C10600,464.5,0.0,0.0,0.0,10,245.5,0.0,0,464.5,0.0,0.0,0.0,0.0,0.0,64
2023-05-10 13:40:06,PK311C10600,PK311C10600,464.5,0.0,0.0,0.0,1,246.0,0.0,0,464.5,0.0,0.0,0.0,0.0,0.0,64
2023-05-10 13:40:06,PK311C10600,PK311C10600,464.5,0.0,0.0,0.0,10,246.5,0.0,0,464.5,0.0,0.0,0.0,0.0,0.0,64
2023-05-10 13:40:07,PK311C10600,PK311C10600,464.5,0.0,0.0,0.0,1,247.0,0.0,0,464.5,0.0,0.0,0.0,0.0,0.0,64
2023-05-10 13:40:08,PK311C10600,PK311C10600,464.5,0.0,0.0,0.0,10,247.5,0.0,0,464.5,0.0,0.0,0.0,0.0,0.0,64
2023-05-10 13:40:11,PK311C10600,PK311C10600,464.5,0.0,0.0,0.0,1,248.0,0.0,0,464.5,0.0,0.0,0.0,0.0,0.0,64
2023-05-10 13:40:11,PK311C10600,PK311C10600,464.5,0.0,0.0,0.0,10,248.5,0.0,0,464.5,0.0,0.0,0.0,0.0,0.0,64
2023-05-10 13:40:12,PK311C10600,PK311C10600,464.5,0.0,0.0,0.0,1,249.0,0.0,0,464.5,0.0,0.0,0.0,0.0,0.0,64
2023-05-10 13:40:13,PK311C10600,PK311C10600,464.5,0.0,0.0,0.0,10,249.5,0.0,0,464.5,0.0,0.0,0.0,0.0,0.0,64
2023-05-10 13:40:14,PK311C10600,PK311C10600,464.5,0.0,0.0,0.0,1,250.0,0.0,0,464.5,0.0,0.0,0.0,0.0,0.0,64
2023-05-10 13:40:22,PK311C10600,PK311C10600,464.5,0.0,0.0,0.0,10,250.5,0.0,0,464.5,0.0,0.0,0.0,0.0,0.0,64
2023-05-10 13:40:23,PK311C10600,PK311C10600,464.5,0.0,0.0,0.0,1,251.0,0.0,0,464.5,0.0,0.0,0.0,0.0,0.0,64
2023-05-10 13:40:24,PK311C10600,PK311C10600,464.5,0.0,0.0,0.0,10,251.5,0.0,0,464.5,0.0,0.0,0.0,0.0,0.0,64
2023-05-10 14:34:52,PK311C10600,PK311C10600,464.5,0.0,0.0,0.0,3,373.5,410.5,3,464.5,0.0,0.0,0.0,0.0,0.0,64
2023-05-10 14:34:52,PK311C10600,PK311C10600,464.5,0.0,0.0,0.0,9,373.5,410.5,9,464.5,0.0,0.0,0.0,0.0,0.0,64
2023-05-10 14:34:54,PK311C10600,PK311C10600,464.5,0.0,0.0,0.0,15,373.5,389.5,3,464.5,0.0,0.0,0.0,0.0,0.0,64
2023-05-10 14:34:54,PK311C10600,PK311C10600,464.5,0.0,0.0,0.0,9,373.5,389.5,6,464.5,0.0,0.0,0.0,0.0,0.0,64
2023-05-10 14:34:54,PK311C10600,PK311C10600,464.5,0.0,0.0,0.0,12,373.5,389.5,9,464.5,0.0,0.0,0.0,0.0,0.0,64
2023-05-10 14:34:59,PK311C10600,PK311C10600,464.5,0.0,0.0,0.0,15,373.5,389.5,9,464.5,0.0,0.0,0.0,0.0,0.0,64
2023-05-10 14:34:59,PK311C10600,PK311C10600,464.5,0.0,0.0,0.0,21,373.5,389.5,15,464.5,0.0,0.0,0.0,0.0,0.0,64
2023-05-10 14:35:02,PK311C10600,PK311C10600,464.5,0.0,0.0,0.0,24,373.5,389.5,18,464.5,0.0,0.0,0.0,0.0,0.0,64
2023-05-10 14:35:04,PK311C10600,PK311C10600,464.5,0.0,0.0,0.0,24,373.5,389.5,21,464.5,0.0,0.0,0.0,0.0,0.0,64
2023-05-10 14:35:05,PK311C10600,PK311C10600,464.5,0.0,0.0,0.0,21,373.5,389.5,18,464.5,0.0,0.0,0.0,0.0,0.0,64
2023-05-10 14:35:06,PK311C10600,PK311C10600,464.5,0.0,0.0,0.0,18,373.5,389.5,15,464.5,0.0,0.0,0.0,0.0,0.0,64
2023-05-10 14:35:10,PK311C10600,PK311C10600,464.5,0.0,0.0,0.0,15,373.5,389.5,15,464.5,0.0,0.0,0.0,0.0,0.0,64
2023-05-10 14:35:11,PK311C10600,PK311C10600,464.5,0.0,0.0,0.0,9,373.5,389.5,9,464.5,0.0,0.0,0.0,0.0,0.0,64
2023-05-10 14:35:12,PK311C10600,PK311C10600,464.5,0.0,0.0,0.0,6,373.5,389.5,6,464.5,0.0,0.0,0.0,0.0,0.0,64
2023-05-10 14:35:12,PK311C10600,PK311C10600,464.5,0.0,0.0,0.0,3,373.5,389.5,3,464.5,0.0,0.0,0.0,0.0,0.0,64
2023-05-10 14:35:14,PK311C10600,PK311C10600,464.5,0.0,0.0,0.0,1,23.0,0.0,0,464.5,0.0,0.0,0.0,0.0,0.0,64
2023-05-10 14:35:15,PK311C10600,PK311C10600,464.5,0.0,0.0,0.0,10,23.5,0.0,0,464.5,0.0,0.0,0.0,0.0,0.0,64
2023-05-10 14:35:15,PK311C10600,PK311C10600,464.5,0.0,0.0,0.0,1,29.5,0.0,0,464.5,0.0,0.0,0.0,0.0,0.0,64
2023-05-10 14:35:16,PK311C10600,PK311C10600,464.5,0.0,0.0,0.0,10,30.0,0.0,0,464.5,0.0,0.0,0.0,0.0,0.0,64
2023-05-10 14:35:17,PK311C10600,PK311C10600,464.5,0.0,0.0,0.0,1,30.5,0.0,0,464.5,0.0,0.0,0.0,0.0,0.0,64
2023-05-10 14:35:17,PK311C10600,PK311C10600,464.5,0.0,0.0,0.0,10,31.0,0.0,0,464.5,0.0,0.0,0.0,0.0,0.0,64
2023-05-10 14:35:18,PK311C10600,PK311C10600,464.5,0.0,0.0,0.0,1,31.5,0.0,0,464.5,0.0,0.0,0.0,0.0,0.0,64
2023-05-10 14:35:18,PK311C10600,PK311C10600,464.5,0.0,0.0,0.0,10,32.0,0.0,0,464.5,0.0,0.0,0.0,0.0,0.0,64
2023-05-10 14:35:19,PK311C10600,PK311C10600,464.5,0.0,0.0,0.0,1,32.5,0.0,0,464.5,0.0,0.0,0.0,0.0,0.0,64
2023-05-10 14:35:20,PK311C10600,PK311C10600,464.5,0.0,0.0,0.0,10,33.0,0.0,0,464.5,0.0,0.0,0.0,0.0,0.0,64
2023-05-10 14:35:21,PK311C10600,PK311C10600,464.5,0.0,0.0,0.0,1,33.5,0.0,0,464.5,0.0,0.0,0.0,0.0,0.0,64
2023-05-10 14:35:21,PK311C10600,PK311C10600,464.5,0.0,0.0,0.0,10,34.0,0.0,0,464.5,0.0,0.0,0.0,0.0,0.0,64
2023-05-10 14:35:23,PK311C10600,PK311C10600,464.5,0.0,0.0,0.0,1,34.5,0.0,0,464.5,0.0,0.0,0.0,0.0,0.0,64
2023-05-10 14:35:23,PK311C10600,PK311C10600,464.5,0.0,0.0,0.0,10,35.0,0.0,0,464.5,0.0,0.0,0.0,0.0,0.0,64
2023-05-10 14:35:24,PK311C10600,PK311C10600,464.5,0.0,0.0,0.0,1,35.5,0.0,0,464.5,0.0,0.0,0.0,0.0,0.0,64
2023-05-10 14:35:24,PK311C10600,PK311C10600,464.5,0.0,0.0,0.0,10,36.0,0.0,0,464.5,0.0,0.0,0.0,0.0,0.0,64
2023-05-10 14:35:25,PK311C10600,PK311C10600,464.5,0.0,0.0,0.0,1,36.5,0.0,0,464.5,0.0,0.0,0.0,0.0,0.0,64
2023-05-10 14:35:43,PK311C10600,PK311C10600,464.5,0.0,0.0,0.0,10,37.0,0.0,0,464.5,0.0,0.0,0.0,0.0,0.0,64
2023-05-10 14:35:44,PK311C10600,PK311C10600,464.5,0.0,0.0,0.0,1,37.5,0.0,0,464.5,0.0,0.0,0.0,0.0,0.0,64
2023-05-10 14:35:44,PK311C10600,PK311C10600,464.5,0.0,0.0,0.0,10,38.0,0.0,0,464.5,0.0,0.0,0.0,0.0,0.0,64
2023-05-10 14:35:45,PK311C10600,PK311C10600,464.5,0.0,0.0,0.0,1,38.5,0.0,0,464.5,0.0,0.0,0.0,0.0,0.0,64
2023-05-10 14:35:45,PK311C10600,PK311C10600,464.5,0.0,0.0,0.0,10,39.0,0.0,0,464.5,0.0,0.0,0.0,0.0,0.0,64
2023-05-10 14:35:46,PK311C10600,PK311C10600,464.5,0.0,0.0,0.0,1,45.5,0.0,0,464.5,0.0,0.0,0.0,0.0,0.0,64
2023-05-10 14:35:47,PK311C10600,PK311C10600,464.5,0.0,0.0,0.0,10,46.0,0.0,0,464.5,0.0,0.0,0.0,0.0,0.0,64
2023-05-10 14:35:48,PK311C10600,PK311C10600,464.5,0.0,0.0,0.0,1,52.5,0.0,0,464.5,0.0,0.0,0.0,0.0,0.0,64
2023-05-10 14:35:48,PK311C10600,PK311C10600,464.5,0.0,0.0,0.0,10,53.0,0.0,0,464.5,0.0,0.0,0.0,0.0,0.0,64
2023-05-10 14:35:49,PK311C10600,PK311C10600,464.5,0.0,0.0,0.0,1,59.5,0.0,0,464.5,0.0,0.0,0.0,0.0,0.0,64
2023-05-10 14:36:33,PK311C10600,PK311C10600,464.5,0.0,0.0,0.0,10,60.0,0.0,0,464.5,0.0,0.0,0.0,0.0,0.0,64
2023-05-10 14:36:34,PK311C10600,PK311C10600,464.5,0.0,0.0,0.0,1,66.5,0.0,0,464.5,0.0,0.0,0.0,0.0,0.0,64
2023-05-10 14:36:34,PK311C10600,PK311C10600,464.5,0.0,0.0,0.0,10,67.0,0.0,0,464.5,0.0,0.0,0.0,0.0,0.0,64
2023-05-10 14:36:35,PK311C10600,PK311C10600,464.5,0.0,0.0,0.0,1,73.5,0.0,0,464.5,0.0,0.0,0.0,0.0,0.0,64
2023-05-10 14:36:35,PK311C10600,PK311C10600,464.5,0.0,0.0,0.0,10,74.0,0.0,0,464.5,0.0,0.0,0.0,0.0,0.0,64
2023-05-10 14:36:37,PK311C10600,PK311C10600,464.5,0.0,0.0,0.0,1,80.5,0.0,0,464.5,0.0,0.0,0.0,0.0,0.0,64
2023-05-10 14:36:37,PK311C10600,PK311C10600,464.5,0.0,0.0,0.0,10,81.0,0.0,0,464.5,0.0,0.0,0.0,0.0,0.0,64
2023-05-10 14:36:38,PK311C10600,PK311C10600,464.5,0.0,0.0,0.0,1,87.5,0.0,0,464.5,0.0,0.0,0.0,0.0,0.0,64
2023-05-10 14:36:38,PK311C10600,PK311C10600,464.5,0.0,0.0,0.0,10,88.0,0.0,0,464.5,0.0,0.0,0.0,0.0,0.0,64
2023-05-10 14:36:39,PK311C10600,PK311C10600,464.5,0.0,0.0,0.0,1,94.5,0.0,0,464.5,0.0,0.0,0.0,0.0,0.0,64
2023-05-10 14:36:39,PK311C10600,PK311C10600,464.5,0.0,0.0,0.0,10,95.0,0.0,0,464.5,0.0,0.0,0.0,0.0,0.0,64
2023-05-10 14:36:40,PK311C10600,PK311C10600,464.5,0.0,0.0,0.0,1,101.5,0.0,0,464.5,0.0,0.0,0.0,0.0,0.0,64
2023-05-10 14:36:40,PK311C10600,PK311C10600,464.5,0.0,0.0,0.0,10,102.0,0.0,0,464.5,0.0,0.0,0.0,0.0,0.0,64
2023-05-10 14:36:41,PK311C10600,PK311C10600,464.5,0.0,0.0,0.0,1,108.5,0.0,0,464.5,0.0,0.0,0.0,0.0,0.0,64
2023-05-10 14:36:41,PK311C10600,PK311C10600,464.5,0.0,0.0,0.0,10,109.0,0.0,0,464.5,0.0,0.0,0.0,0.0,0.0,64
2023-05-10 14:36:42,PK311C10600,PK311C10600,464.5,0.0,0.0,0.0,1,115.5,0.0,0,464.5,0.0,0.0,0.0,0.0,0.0,64
2023-05-10 14:36:42,PK311C10600,PK311C10600,464.5,0.0,0.0,0.0,10,116.0,0.0,0,464.5,0.0,0.0,0.0,0.0,0.0,64
2023-05-10 14:36:43,PK311C10600,PK311C10600,464.5,0.0,0.0,0.0,1,122.5,0.0,0,464.5,0.0,0.0,0.0,0.0,0.0,64
2023-05-10 14:36:43,PK311C10600,PK311C10600,464.5,0.0,0.0,0.0,10,123.0,0.0,0,464.5,0.0,0.0,0.0,0.0,0.0,64
2023-05-10 14:36:44,PK311C10600,PK311C10600,464.5,0.0,0.0,0.0,1,129.5,0.0,0,464.5,0.0,0.0,0.0,0.0,0.0,64
2023-05-10 14:36:45,PK311C10600,PK311C10600,464.5,0.0,0.0,0.0,10,130.0,0.0,0,464.5,0.0,0.0,0.0,0.0,0.0,64
2023-05-10 14:36:46,PK311C10600,PK311C10600,464.5,0.0,0.0,0.0,1,136.5,0.0,0,464.5,0.0,0.0,0.0,0.0,0.0,64
2023-05-10 14:36:46,PK311C10600,PK311C10600,464.5,0.0,0.0,0.0,10,137.0,0.0,0,464.5,0.0,0.0,0.0,0.0,0.0,64
2023-05-10 14:36:47,PK311C10600,PK311C10600,464.5,0.0,0.0,0.0,1,143.5,0.0,0,464.5,0.0,0.0,0.0,0.0,0.0,64
2023-05-10 14:37:12,PK311C10600,PK311C10600,464.5,0.0,0.0,0.0,10,144.0,0.0,0,464.5,0.0,0.0,0.0,0.0,0.0,64
2023-05-10 14:37:13,PK311C10600,PK311C10600,464.5,0.0,0.0,0.0,1,150.5,0.0,0,464.5,0.0,0.0,0.0,0.0,0.0,64
2023-05-10 14:37:13,PK311C10600,PK311C10600,464.5,0.0,0.0,0.0,10,151.0,0.0,0,464.5,0.0,0.0,0.0,0.0,0.0,64
2023-05-10 14:37:14,PK311C10600,PK311C10600,464.5,0.0,0.0,0.0,1,157.5,0.0,0,464.5,0.0,0.0,0.0,0.0,0.0,64
2023-05-10 14:37:14,PK311C10600,PK311C10600,464.5,0.0,0.0,0.0,10,158.0,0.0,0,464.5,0.0,0.0,0.0,0.0,0.0,64
2023-05-10 14:37:15,PK311C10600,PK311C10600,464.5,0.0,0.0,0.0,1,164.5,0.0,0,464.5,0.0,0.0,0.0,0.0,0.0,64
2023-05-10 14:37:15,PK311C10600,PK311C10600,464.5,0.0,0.0,0.0,10,165.0,0.0,0,464.5,0.0,0.0,0.0,0.0,0.0,64
2023-05-10 14:37:16,PK311C10600,PK311C10600,464.5,0.0,0.0,0.0,1,171.5,0.0,0,464.5,0.0,0.0,0.0,0.0,0.0,64
2023-05-10 14:37:17,PK311C10600,PK311C10600,464.5,0.0,0.0,0.0,10,172.0,0.0,0,464.5,0.0,0.0,0.0,0.0,0.0,64
2023-05-10 14:37:18,PK311C10600,PK311C10600,464.5,0.0,0.0,0.0,1,178.5,0.0,0,464.5,0.0,0.0,0.0,0.0,0.0,64
2023-05-10 14:37:18,PK311C10600,PK311C10600,464.5,0.0,0.0,0.0,10,179.0,0.0,0,464.5,0.0,0.0,0.0,0.0,0.0,64
2023-05-10 14:37:19,PK311C10600,PK311C10600,464.5,0.0,0.0,0.0,1,185.5,0.0,0,464.5,0.0,0.0,0.0,0.0,0.0,64
2023-05-10 14:37:19,PK311C10600,PK311C10600,464.5,0.0,0.0,0.0,10,186.0,0.0,0,464.5,0.0,0.0,0.0,0.0,0.0,64
2023-05-10 14:37:20,PK311C10600,PK311C10600,464.5,0.0,0.0,0.0,1,192.5,0.0,0,464.5,0.0,0.0,0.0,0.0,0.0,64
2023-05-10 14:37:20,PK311C10600,PK311C10600,464.5,0.0,0.0,0.0,10,193.0,0.0,0,464.5,0.0,0.0,0.0,0.0,0.0,64
2023-05-10 14:37:21,PK311C10600,PK311C10600,464.5,0.0,0.0,0.0,1,196.5,0.0,0,464.5,0.0,0.0,0.0,0.0,0.0,64
2023-05-10 14:37:21,PK311C10600,PK311C10600,464.5,0.0,0.0,0.0,10,197.0,0.0,0,464.5,0.0,0.0,0.0,0.0,0.0,64
2023-05-10 14:37:22,PK311C10600,PK311C10600,464.5,0.0,0.0,0.0,1,197.5,0.0,0,464.5,0.0,0.0,0.0,0.0,0.0,64
2023-05-10 14:37:22,PK311C10600,PK311C10600,464.5,0.0,0.0,0.0,10,198.0,0.0,0,464.5,0.0,0.0,0.0,0.0,0.0,64
2023-05-10 14:37:23,PK311C10600,PK311C10600,464.5,0.0,0.0,0.0,1,198.5,0.0,0,464.5,0.0,0.0,0.0,0.0,0.0,64
2023-05-10 14:37:23,PK311C10600,PK311C10600,464.5,0.0,0.0,0.0,10,199.0,0.0,0,464.5,0.0,0.0,0.0,0.0,0.0,64
2023-05-10 14:37:24,PK311C10600,PK311C10600,464.5,0.0,0.0,0.0,1,199.5,0.0,0,464.5,0.0,0.0,0.0,0.0,0.0,64
2023-05-10 14:37:32,PK311C10600,PK311C10600,464.5,0.0,0.0,0.0,10,200.0,0.0,0,464.5,0.0,0.0,0.0,0.0,0.0,64
2023-05-10 14:37:33,PK311C10600,PK311C10600,464.5,0.0,0.0,0.0,1,200.5,0.0,0,464.5,0.0,0.0,0.0,0.0,0.0,64
2023-05-10 14:37:33,PK311C10600,PK311C10600,464.5,0.0,0.0,0.0,10,201.0,0.0,0,464.5,0.0,0.0,0.0,0.0,0.0,64
2023-05-10 14:42:42,PK311C10600,PK311C10600,464.5,0.0,0.0,0.0,1,201.5,0.0,0,464.5,0.0,0.0,0.0,0.0,0.0,64
2023-05-10 14:42:42,PK311C10600,PK311C10600,464.5,0.0,0.0,0.0,10,202.0,0.0,0,464.5,0.0,0.0,0.0,0.0,0.0,64
2023-05-10 14:42:43,PK311C10600,PK311C10600,464.5,0.0,0.0,0.0,1,202.5,0.0,0,464.5,0.0,0.0,0.0,0.0,0.0,64
2023-05-10 14:42:44,PK311C10600,PK311C10600,464.5,0.0,0.0,0.0,10,203.0,0.0,0,464.5,0.0,0.0,0.0,0.0,0.0,64
2023-05-10 14:42:44,PK311C10600,PK311C10600,464.5,0.0,0.0,0.0,1,203.5,0.0,0,464.5,0.0,0.0,0.0,0.0,0.0,64
2023-05-10 14:42:45,PK311C10600,PK311C10600,464.5,0.0,0.0,0.0,10,204.0,0.0,0,464.5,0.0,0.0,0.0,0.0,0.0,64
2023-05-10 14:42:46,PK311C10600,PK311C10600,464.5,0.0,0.0,0.0,1,204.5,0.0,0,464.5,0.0,0.0,0.0,0.0,0.0,64
2023-05-10 14:42:46,PK311C10600,PK311C10600,464.5,0.0,0.0,0.0,10,205.0,0.0,0,464.5,0.0,0.0,0.0,0.0,0.0,64
2023-05-10 14:42:47,PK311C10600,PK311C10600,464.5,0.0,0.0,0.0,1,205.5,0.0,0,464.5,0.0,0.0,0.0,0.0,0.0,64
2023-05-10 14:42:47,PK311C10600,PK311C10600,464.5,0.0,0.0,0.0,10,206.0,0.0,0,464.5,0.0,0.0,0.0,0.0,0.0,64
2023-05-10 14:53:48,PK311C10600,PK311C10600,464.5,0.0,0.0,0.0,1,206.5,0.0,0,464.5,0.0,0.0,0.0,0.0,0.0,64
2023-05-10 14:53:49,PK311C10600,PK311C10600,464.5,0.0,0.0,0.0,10,207.0,0.0,0,464.5,0.0,0.0,0.0,0.0,0.0,64
2023-05-10 14:53:49,PK311C10600,PK311C10600,464.5,0.0,0.0,0.0,1,207.5,0.0,0,464.5,0.0,0.0,0.0,0.0,0.0,64
2023-05-10 14:53:50,PK311C10600,PK311C10600,464.5,0.0,0.0,0.0,10,208.0,0.0,0,464.5,0.0,0.0,0.0,0.0,0.0,64
2023-05-10 14:53:50,PK311C10600,PK311C10600,464.5,0.0,0.0,0.0,1,208.5,0.0,0,464.5,0.0,0.0,0.0,0.0,0.0,64
2023-05-10 14:53:51,PK311C10600,PK311C10600,464.5,0.0,0.0,0.0,10,209.0,0.0,0,464.5,0.0,0.0,0.0,0.0,0.0,64
2023-05-10 14:58:00,PK311C10600,PK311C10600,464.5,0.0,0.0,0.0,1,209.5,0.0,0,464.5,0.0,0.0,0.0,0.0,0.0,64
2023-05-10 14:58:00,PK311C10600,PK311C10600,464.5,0.0,0.0,0.0,10,210.0,0.0,0,464.5,0.0,0.0,0.0,0.0,0.0,64
2023-05-10 14:59:03,PK311C10600,PK311C10600,464.5,0.0,0.0,0.0,1,23.0,0.0,0,464.5,0.0,0.0,0.0,0.0,0.0,64
2023-05-10 14:59:05,PK311C10600,PK311C10600,464.5,0.0,0.0,0.0,1,29.5,0.0,0,464.5,0.0,0.0,0.0,0.0,0.0,64
