time,symbol_id,symbol_name,last,trade_volume,trade_amount,open_interest_change,bv1,bp1,ap1,av1,yesterday_close,today_open,today_high,today_low,volume,amount,open_interest
2023-05-10 09:31:53,PK401P9800,PK401P9800,473.5,0.0,0.0,0.0,5,1.5,0.0,0,473.5,0.0,0.0,0.0,0.0,0.0,12
2023-05-10 09:31:55,PK401P9800,PK401P9800,473.5,0.0,0.0,0.0,10,3.5,1149.5,10,473.5,0.0,0.0,0.0,0.0,0.0,12
2023-05-10 09:31:56,PK401P9800,PK401P9800,473.5,0.0,0.0,0.0,1,5.0,1148.0,1,473.5,0.0,0.0,0.0,0.0,0.0,12
2023-05-10 09:32:25,PK401P9800,PK401P9800,473.5,0.0,0.0,0.0,10,5.5,1147.5,10,473.5,0.0,0.0,0.0,0.0,0.0,12
2023-05-10 09:32:29,PK401P9800,PK401P9800,473.5,0.0,0.0,0.0,1,7.0,1147.5,10,473.5,0.0,0.0,0.0,0.0,0.0,12
2023-05-10 09:32:29,PK401P9800,PK401P9800,473.5,0.0,0.0,0.0,10,7.5,1147.5,10,473.5,0.0,0.0,0.0,0.0,0.0,12
2023-05-10 09:32:32,PK401P9800,PK401P9800,473.5,0.0,0.0,0.0,1,9.0,1146.0,1,473.5,0.0,0.0,0.0,0.0,0.0,12
2023-05-10 09:33:18,PK401P9800,PK401P9800,473.5,0.0,0.0,0.0,10,9.5,1145.5,10,473.5,0.0,0.0,0.0,0.0,0.0,12
2023-05-10 09:33:23,PK401P9800,PK401P9800,473.5,0.0,0.0,0.0,1,11.0,1144.0,1,473.5,0.0,0.0,0.0,0.0,0.0,12
2023-05-10 09:33:23,PK401P9800,PK401P9800,473.5,0.0,0.0,0.0,10,11.5,1143.5,10,473.5,0.0,0.0,0.0,0.0,0.0,12
2023-05-10 09:33:25,PK401P9800,PK401P9800,473.5,0.0,0.0,0.0,1,13.0,1142.0,1,473.5,0.0,0.0,0.0,0.0,0.0,12
2023-05-10 09:33:25,PK401P9800,PK401P9800,473.5,0.0,0.0,0.0,10,13.5,1141.5,10,473.5,0.0,0.0,0.0,0.0,0.0,12
2023-05-10 09:33:27,PK401P9800,PK401P9800,473.5,0.0,0.0,0.0,1,15.0,1140.0,1,473.5,0.0,0.0,0.0,0.0,0.0,12
2023-05-10 09:34:28,PK401P9800,PK401P9800,473.5,0.0,0.0,0.0,10,15.5,1139.5,10,473.5,0.0,0.0,0.0,0.0,0.0,12
2023-05-10 09:34:30,PK401P9800,PK401P9800,473.5,0.0,0.0,0.0,1,17.0,1139.5,10,473.5,0.0,0.0,0.0,0.0,0.0,12
2023-05-10 09:34:31,PK401P9800,PK401P9800,473.5,0.0,0.0,0.0,10,17.5,1138.0,1,473.5,0.0,0.0,0.0,0.0,0.0,12
2023-05-10 09:34:31,PK401P9800,PK401P9800,473.5,0.0,0.0,0.0,1,19.0,1138.0,1,473.5,0.0,0.0,0.0,0.0,0.0,12
2023-05-10 09:34:32,PK401P9800,PK401P9800,473.5,0.0,0.0,0.0,10,19.5,1137.5,10,473.5,0.0,0.0,0.0,0.0,0.0,12
2023-05-10 09:34:34,PK401P9800,PK401P9800,473.5,0.0,0.0,0.0,1,21.0,1136.0,1,473.5,0.0,0.0,0.0,0.0,0.0,12
2023-05-10 09:35:32,PK401P9800,PK401P9800,473.5,0.0,0.0,0.0,10,21.5,1135.5,10,473.5,0.0,0.0,0.0,0.0,0.0,12
2023-05-10 09:35:36,PK401P9800,PK401P9800,473.5,0.0,0.0,0.0,1,23.0,1135.5,10,473.5,0.0,0.0,0.0,0.0,0.0,12
2023-05-10 09:35:38,PK401P9800,PK401P9800,473.5,0.0,0.0,0.0,1,23.0,1134.0,1,473.5,0.0,0.0,0.0,0.0,0.0,12
2023-05-10 09:35:38,PK401P9800,PK401P9800,473.5,0.0,0.0,0.0,10,23.5,1134.0,1,473.5,0.0,0.0,0.0,0.0,0.0,12
2023-05-10 09:35:40,PK401P9800,PK401P9800,473.5,0.0,0.0,0.0,1,25.0,1133.5,10,473.5,0.0,0.0,0.0,0.0,0.0,12
2023-05-10 09:35:40,PK401P9800,PK401P9800,473.5,0.0,0.0,0.0,1,25.0,1132.0,1,473.5,0.0,0.0,0.0,0.0,0.0,12
2023-05-10 09:35:41,PK401P9800,PK401P9800,473.5,0.0,0.0,0.0,10,25.5,1131.5,10,473.5,0.0,0.0,0.0,0.0,0.0,12
2023-05-10 09:35:42,PK401P9800,PK401P9800,473.5,0.0,0.0,0.0,1,27.0,1130.0,1,473.5,0.0,0.0,0.0,0.0,0.0,12
2023-05-10 09:36:01,PK401P9800,PK401P9800,473.5,0.0,0.0,0.0,10,27.5,1129.5,10,473.5,0.0,0.0,0.0,0.0,0.0,12
2023-05-10 09:36:04,PK401P9800,PK401P9800,473.5,0.0,0.0,0.0,1,29.0,1128.0,1,473.5,0.0,0.0,0.0,0.0,0.0,12
2023-05-10 09:36:06,PK401P9800,PK401P9800,473.5,0.0,0.0,0.0,10,29.5,1127.5,10,473.5,0.0,0.0,0.0,0.0,0.0,12
2023-05-10 09:36:09,PK401P9800,PK401P9800,473.5,0.0,0.0,0.0,1,31.0,1126.0,1,473.5,0.0,0.0,0.0,0.0,0.0,12
2023-05-10 09:36:10,PK401P9800,PK401P9800,473.5,0.0,0.0,0.0,10,31.5,1125.5,10,473.5,0.0,0.0,0.0,0.0,0.0,12
2023-05-10 09:36:12,PK401P9800,PK401P9800,473.5,0.0,0.0,0.0,1,33.0,1124.0,1,473.5,0.0,0.0,0.0,0.0,0.0,12
2023-05-10 09:36:37,PK401P9800,PK401P9800,473.5,0.0,0.0,0.0,10,33.5,1123.5,10,473.5,0.0,0.0,0.0,0.0,0.0,12
2023-05-10 09:36:41,PK401P9800,PK401P9800,473.5,0.0,0.0,0.0,1,35.0,1122.0,1,473.5,0.0,0.0,0.0,0.0,0.0,12
2023-05-10 09:38:42,PK401P9800,PK401P9800,473.5,0.0,0.0,0.0,10,35.5,1121.5,10,473.5,0.0,0.0,0.0,0.0,0.0,12
2023-05-10 09:38:46,PK401P9800,PK401P9800,473.5,0.0,0.0,0.0,1,37.0,1120.0,1,473.5,0.0,0.0,0.0,0.0,0.0,12
2023-05-10 09:38:46,PK401P9800,PK401P9800,473.5,0.0,0.0,0.0,10,37.5,1119.5,10,473.5,0.0,0.0,0.0,0.0,0.0,12
2023-05-10 09:38:52,PK401P9800,PK401P9800,473.5,0.0,0.0,0.0,1,39.0,1118.0,1,473.5,0.0,0.0,0.0,0.0,0.0,12
2023-05-10 09:39:11,PK401P9800,PK401P9800,473.5,0.0,0.0,0.0,10,39.5,1117.5,10,473.5,0.0,0.0,0.0,0.0,0.0,12
2023-05-10 09:39:15,PK401P9800,PK401P9800,473.5,0.0,0.0,0.0,1,41.0,1116.0,1,473.5,0.0,0.0,0.0,0.0,0.0,12
2023-05-10 09:39:16,PK401P9800,PK401P9800,473.5,0.0,0.0,0.0,10,41.5,1115.5,10,473.5,0.0,0.0,0.0,0.0,0.0,12
2023-05-10 09:39:19,PK401P9800,PK401P9800,473.5,0.0,0.0,0.0,1,43.0,1114.0,1,473.5,0.0,0.0,0.0,0.0,0.0,12
2023-05-10 09:39:20,PK401P9800,PK401P9800,473.5,0.0,0.0,0.0,10,43.5,1113.5,10,473.5,0.0,0.0,0.0,0.0,0.0,12
2023-05-10 09:39:23,PK401P9800,PK401P9800,473.5,0.0,0.0,0.0,1,45.0,1113.5,10,473.5,0.0,0.0,0.0,0.0,0.0,12
2023-05-10 09:39:23,PK401P9800,PK401P9800,473.5,0.0,0.0,0.0,10,45.5,1113.5,10,473.5,0.0,0.0,0.0,0.0,0.0,12
2023-05-10 09:39:24,PK401P9800,PK401P9800,473.5,0.0,0.0,0.0,1,47.0,1112.0,1,473.5,0.0,0.0,0.0,0.0,0.0,12
2023-05-10 09:39:25,PK401P9800,PK401P9800,473.5,0.0,0.0,0.0,10,47.5,1111.5,10,473.5,0.0,0.0,0.0,0.0,0.0,12
2023-05-10 09:39:28,PK401P9800,PK401P9800,473.5,0.0,0.0,0.0,1,49.0,1110.0,1,473.5,0.0,0.0,0.0,0.0,0.0,12
2023-05-10 09:39:28,PK401P9800,PK401P9800,473.5,0.0,0.0,0.0,10,49.5,1109.5,10,473.5,0.0,0.0,0.0,0.0,0.0,12
2023-05-10 09:39:29,PK401P9800,PK401P9800,473.5,0.0,0.0,0.0,1,51.0,1108.0,1,473.5,0.0,0.0,0.0,0.0,0.0,12
2023-05-10 09:40:04,PK401P9800,PK401P9800,473.5,0.0,0.0,0.0,10,51.5,1107.5,10,473.5,0.0,0.0,0.0,0.0,0.0,12
2023-05-10 09:40:04,PK401P9800,PK401P9800,473.5,0.0,0.0,0.0,1,53.0,1106.0,1,473.5,0.0,0.0,0.0,0.0,0.0,12
2023-05-10 09:40:05,PK401P9800,PK401P9800,473.5,0.0,0.0,0.0,10,53.5,1105.5,10,473.5,0.0,0.0,0.0,0.0,0.0,12
2023-05-10 09:40:05,PK401P9800,PK401P9800,473.5,0.0,0.0,0.0,1,55.0,1104.0,1,473.5,0.0,0.0,0.0,0.0,0.0,12
2023-05-10 09:40:28,PK401P9800,PK401P9800,473.5,0.0,0.0,0.0,10,55.5,1103.5,10,473.5,0.0,0.0,0.0,0.0,0.0,12
2023-05-10 09:40:32,PK401P9800,PK401P9800,473.5,0.0,0.0,0.0,1,57.0,1102.0,1,473.5,0.0,0.0,0.0,0.0,0.0,12
2023-05-10 09:40:32,PK401P9800,PK401P9800,473.5,0.0,0.0,0.0,10,57.5,1101.5,10,473.5,0.0,0.0,0.0,0.0,0.0,12
2023-05-10 09:40:38,PK401P9800,PK401P9800,473.5,0.0,0.0,0.0,1,59.0,1100.0,1,473.5,0.0,0.0,0.0,0.0,0.0,12
2023-05-10 09:40:38,PK401P9800,PK401P9800,473.5,0.0,0.0,0.0,10,59.5,1099.5,10,473.5,0.0,0.0,0.0,0.0,0.0,12
2023-05-10 09:40:39,PK401P9800,PK401P9800,473.5,0.0,0.0,0.0,1,61.0,1098.0,1,473.5,0.0,0.0,0.0,0.0,0.0,12
2023-05-10 09:40:39,PK401P9800,PK401P9800,473.5,0.0,0.0,0.0,10,61.5,1097.5,10,473.5,0.0,0.0,0.0,0.0,0.0,12
2023-05-10 09:40:40,PK401P9800,PK401P9800,473.5,0.0,0.0,0.0,1,63.0,1096.0,1,473.5,0.0,0.0,0.0,0.0,0.0,12
2023-05-10 09:40:40,PK401P9800,PK401P9800,473.5,0.0,0.0,0.0,10,63.5,1095.5,10,473.5,0.0,0.0,0.0,0.0,0.0,12
2023-05-10 09:40:41,PK401P9800,PK401P9800,473.5,0.0,0.0,0.0,1,65.0,1094.0,1,473.5,0.0,0.0,0.0,0.0,0.0,12
2023-05-10 09:40:41,PK401P9800,PK401P9800,473.5,0.0,0.0,0.0,10,65.5,1093.5,10,473.5,0.0,0.0,0.0,0.0,0.0,12
2023-05-10 09:40:42,PK401P9800,PK401P9800,473.5,0.0,0.0,0.0,1,67.0,1092.0,1,473.5,0.0,0.0,0.0,0.0,0.0,12
2023-05-10 09:42:11,PK401P9800,PK401P9800,473.5,0.0,0.0,0.0,1,67.5,1092.0,1,473.5,0.0,0.0,0.0,0.0,0.0,12
2023-05-10 09:42:11,PK401P9800,PK401P9800,473.5,0.0,0.0,0.0,10,69.5,1091.5,10,473.5,0.0,0.0,0.0,0.0,0.0,12
2023-05-10 09:42:12,PK401P9800,PK401P9800,473.5,0.0,0.0,0.0,1,71.0,1090.0,1,473.5,0.0,0.0,0.0,0.0,0.0,12
2023-05-10 09:42:29,PK401P9800,PK401P9800,473.5,0.0,0.0,0.0,10,71.5,1089.5,10,473.5,0.0,0.0,0.0,0.0,0.0,12
2023-05-10 09:42:32,PK401P9800,PK401P9800,473.5,0.0,0.0,0.0,1,73.0,1089.5,10,473.5,0.0,0.0,0.0,0.0,0.0,12
2023-05-10 09:42:34,PK401P9800,PK401P9800,473.5,0.0,0.0,0.0,1,73.0,1088.0,1,473.5,0.0,0.0,0.0,0.0,0.0,12
2023-05-10 09:42:35,PK401P9800,PK401P9800,473.5,0.0,0.0,0.0,10,73.5,1087.5,10,473.5,0.0,0.0,0.0,0.0,0.0,12
2023-05-10 09:42:35,PK401P9800,PK401P9800,473.5,0.0,0.0,0.0,1,75.0,1086.0,1,473.5,0.0,0.0,0.0,0.0,0.0,12
2023-05-10 09:42:36,PK401P9800,PK401P9800,473.5,0.0,0.0,0.0,10,75.5,1085.5,10,473.5,0.0,0.0,0.0,0.0,0.0,12
2023-05-10 09:42:37,PK401P9800,PK401P9800,473.5,0.0,0.0,0.0,1,77.0,1084.0,1,473.5,0.0,0.0,0.0,0.0,0.0,12
2023-05-10 09:42:37,PK401P9800,PK401P9800,473.5,0.0,0.0,0.0,10,77.5,1083.5,10,473.5,0.0,0.0,0.0,0.0,0.0,12
2023-05-10 09:42:38,PK401P9800,PK401P9800,473.5,0.0,0.0,0.0,1,79.0,1082.0,1,473.5,0.0,0.0,0.0,0.0,0.0,12
2023-05-10 09:42:38,PK401P9800,PK401P9800,473.5,0.0,0.0,0.0,10,79.5,1081.5,10,473.5,0.0,0.0,0.0,0.0,0.0,12
2023-05-10 09:42:39,PK401P9800,PK401P9800,473.5,0.0,0.0,0.0,1,81.0,1080.0,1,473.5,0.0,0.0,0.0,0.0,0.0,12
2023-05-10 09:42:39,PK401P9800,PK401P9800,473.5,0.0,0.0,0.0,10,81.5,1079.5,10,473.5,0.0,0.0,0.0,0.0,0.0,12
2023-05-10 09:42:40,PK401P9800,PK401P9800,473.5,0.0,0.0,0.0,1,83.0,1078.0,1,473.5,0.0,0.0,0.0,0.0,0.0,12
2023-05-10 09:43:02,PK401P9800,PK401P9800,473.5,0.0,0.0,0.0,10,83.5,1077.5,10,473.5,0.0,0.0,0.0,0.0,0.0,12
2023-05-10 09:43:04,PK401P9800,PK401P9800,473.5,0.0,0.0,0.0,1,85.0,1076.0,1,473.5,0.0,0.0,0.0,0.0,0.0,12
2023-05-10 09:44:44,PK401P9800,PK401P9800,473.5,0.0,0.0,0.0,10,85.5,1075.5,10,473.5,0.0,0.0,0.0,0.0,0.0,12
2023-05-10 09:44:49,PK401P9800,PK401P9800,473.5,0.0,0.0,0.0,1,87.0,1074.0,1,473.5,0.0,0.0,0.0,0.0,0.0,12
2023-05-10 09:44:49,PK401P9800,PK401P9800,473.5,0.0,0.0,0.0,10,87.5,1073.5,10,473.5,0.0,0.0,0.0,0.0,0.0,12
2023-05-10 09:44:50,PK401P9800,PK401P9800,473.5,0.0,0.0,0.0,1,89.0,1072.0,1,473.5,0.0,0.0,0.0,0.0,0.0,12
2023-05-10 09:44:50,PK401P9800,PK401P9800,473.5,0.0,0.0,0.0,10,89.5,1071.5,10,473.5,0.0,0.0,0.0,0.0,0.0,12
2023-05-10 09:44:53,PK401P9800,PK401P9800,473.5,0.0,0.0,0.0,1,91.0,1070.0,1,473.5,0.0,0.0,0.0,0.0,0.0,12
2023-05-10 09:44:53,PK401P9800,PK401P9800,473.5,0.0,0.0,0.0,10,91.5,1069.5,10,473.5,0.0,0.0,0.0,0.0,0.0,12
2023-05-10 09:44:57,PK401P9800,PK401P9800,473.5,0.0,0.0,0.0,1,93.0,1068.0,1,473.5,0.0,0.0,0.0,0.0,0.0,12
2023-05-10 09:44:57,PK401P9800,PK401P9800,473.5,0.0,0.0,0.0,10,93.5,1067.5,10,473.5,0.0,0.0,0.0,0.0,0.0,12
2023-05-10 09:45:00,PK401P9800,PK401P9800,473.5,0.0,0.0,0.0,1,95.0,1067.5,10,473.5,0.0,0.0,0.0,0.0,0.0,12
2023-05-10 09:45:00,PK401P9800,PK401P9800,473.5,0.0,0.0,0.0,10,95.5,1067.5,10,473.5,0.0,0.0,0.0,0.0,0.0,12
2023-05-10 09:45:04,PK401P9800,PK401P9800,473.5,0.0,0.0,0.0,1,97.0,1066.0,1,473.5,0.0,0.0,0.0,0.0,0.0,12
2023-05-10 09:47:10,PK401P9800,PK401P9800,473.5,0.0,0.0,0.0,10,97.5,1065.5,10,473.5,0.0,0.0,0.0,0.0,0.0,12
2023-05-10 09:47:14,PK401P9800,PK401P9800,473.5,0.0,0.0,0.0,1,99.0,1064.0,1,473.5,0.0,0.0,0.0,0.0,0.0,12
2023-05-10 09:47:15,PK401P9800,PK401P9800,473.5,0.0,0.0,0.0,10,99.5,1063.5,10,473.5,0.0,0.0,0.0,0.0,0.0,12
2023-05-10 09:47:15,PK401P9800,PK401P9800,473.5,0.0,0.0,0.0,1,101.0,1062.0,1,473.5,0.0,0.0,0.0,0.0,0.0,12
2023-05-10 09:47:16,PK401P9800,PK401P9800,473.5,0.0,0.0,0.0,10,101.5,1062.0,1,473.5,0.0,0.0,0.0,0.0,0.0,12
2023-05-10 09:47:16,PK401P9800,PK401P9800,473.5,0.0,0.0,0.0,1,103.0,1061.5,10,473.5,0.0,0.0,0.0,0.0,0.0,12
2023-05-10 09:47:17,PK401P9800,PK401P9800,473.5,0.0,0.0,0.0,10,103.5,1060.0,1,473.5,0.0,0.0,0.0,0.0,0.0,12
2023-05-10 09:47:17,PK401P9800,PK401P9800,473.5,0.0,0.0,0.0,1,105.0,1059.5,10,473.5,0.0,0.0,0.0,0.0,0.0,12
2023-05-10 09:47:18,PK401P9800,PK401P9800,473.5,0.0,0.0,0.0,10,105.5,1058.0,1,473.5,0.0,0.0,0.0,0.0,0.0,12
2023-05-10 09:47:18,PK401P9800,PK401P9800,473.5,0.0,0.0,0.0,10,105.5,1057.5,10,473.5,0.0,0.0,0.0,0.0,0.0,12
2023-05-10 09:47:22,PK401P9800,PK401P9800,473.5,0.0,0.0,0.0,1,107.0,1056.0,1,473.5,0.0,0.0,0.0,0.0,0.0,12
2023-05-10 09:47:22,PK401P9800,PK401P9800,473.5,0.0,0.0,0.0,10,107.5,1055.5,10,473.5,0.0,0.0,0.0,0.0,0.0,12
2023-05-10 09:47:23,PK401P9800,PK401P9800,473.5,0.0,0.0,0.0,1,109.0,1054.0,1,473.5,0.0,0.0,0.0,0.0,0.0,12
2023-05-10 09:47:23,PK401P9800,PK401P9800,473.5,0.0,0.0,0.0,10,109.5,1053.5,10,473.5,0.0,0.0,0.0,0.0,0.0,12
2023-05-10 09:47:24,PK401P9800,PK401P9800,473.5,0.0,0.0,0.0,1,111.0,1052.0,1,473.5,0.0,0.0,0.0,0.0,0.0,12
2023-05-10 09:47:34,PK401P9800,PK401P9800,473.5,0.0,0.0,0.0,10,111.5,1051.5,10,473.5,0.0,0.0,0.0,0.0,0.0,12
2023-05-10 09:47:37,PK401P9800,PK401P9800,473.5,0.0,0.0,0.0,1,113.0,1051.5,10,473.5,0.0,0.0,0.0,0.0,0.0,12
2023-05-10 09:47:37,PK401P9800,PK401P9800,473.5,0.0,0.0,0.0,10,113.5,1051.5,10,473.5,0.0,0.0,0.0,0.0,0.0,12
2023-05-10 09:47:38,PK401P9800,PK401P9800,473.5,0.0,0.0,0.0,1,115.0,1050.0,1,473.5,0.0,0.0,0.0,0.0,0.0,12
2023-05-10 09:49:55,PK401P9800,PK401P9800,473.5,0.0,0.0,0.0,10,115.5,1049.5,10,473.5,0.0,0.0,0.0,0.0,0.0,12
2023-05-10 09:49:58,PK401P9800,PK401P9800,473.5,0.0,0.0,0.0,1,117.0,1048.0,1,473.5,0.0,0.0,0.0,0.0,0.0,12
2023-05-10 09:50:27,PK401P9800,PK401P9800,473.5,0.0,0.0,0.0,10,117.5,1047.5,10,473.5,0.0,0.0,0.0,0.0,0.0,12
2023-05-10 09:50:30,PK401P9800,PK401P9800,473.5,0.0,0.0,0.0,1,119.0,1046.0,1,473.5,0.0,0.0,0.0,0.0,0.0,12
2023-05-10 09:50:30,PK401P9800,PK401P9800,473.5,0.0,0.0,0.0,10,119.5,1045.5,10,473.5,0.0,0.0,0.0,0.0,0.0,12
2023-05-10 09:50:31,PK401P9800,PK401P9800,473.5,0.0,0.0,0.0,1,121.0,1044.0,1,473.5,0.0,0.0,0.0,0.0,0.0,12
2023-05-10 09:52:54,PK401P9800,PK401P9800,473.5,0.0,0.0,0.0,10,121.5,1043.5,10,473.5,0.0,0.0,0.0,0.0,0.0,12
2023-05-10 09:52:58,PK401P9800,PK401P9800,473.5,0.0,0.0,0.0,1,123.0,1042.0,1,473.5,0.0,0.0,0.0,0.0,0.0,12
2023-05-10 09:52:58,PK401P9800,PK401P9800,473.5,0.0,0.0,0.0,10,123.5,1041.5,10,473.5,0.0,0.0,0.0,0.0,0.0,12
2023-05-10 09:53:00,PK401P9800,PK401P9800,473.5,0.0,0.0,0.0,1,125.0,1041.5,10,473.5,0.0,0.0,0.0,0.0,0.0,12
2023-05-10 09:53:01,PK401P9800,PK401P9800,473.5,0.0,0.0,0.0,10,125.5,1041.5,10,473.5,0.0,0.0,0.0,0.0,0.0,12
2023-05-10 09:53:04,PK401P9800,PK401P9800,473.5,0.0,0.0,0.0,1,127.0,1040.0,1,473.5,0.0,0.0,0.0,0.0,0.0,12
2023-05-10 09:53:05,PK401P9800,PK401P9800,473.5,0.0,0.0,0.0,10,127.5,1039.5,10,473.5,0.0,0.0,0.0,0.0,0.0,12
2023-05-10 09:53:08,PK401P9800,PK401P9800,473.5,0.0,0.0,0.0,1,129.0,1038.0,1,473.5,0.0,0.0,0.0,0.0,0.0,12
2023-05-10 09:53:08,PK401P9800,PK401P9800,473.5,0.0,0.0,0.0,10,129.5,1037.5,10,473.5,0.0,0.0,0.0,0.0,0.0,12
2023-05-10 09:53:10,PK401P9800,PK401P9800,473.5,0.0,0.0,0.0,1,131.0,1037.5,10,473.5,0.0,0.0,0.0,0.0,0.0,12
2023-05-10 09:53:10,PK401P9800,PK401P9800,473.5,0.0,0.0,0.0,10,131.5,1037.5,10,473.5,0.0,0.0,0.0,0.0,0.0,12
2023-05-10 09:53:15,PK401P9800,PK401P9800,473.5,0.0,0.0,0.0,1,133.0,1036.0,1,473.5,0.0,0.0,0.0,0.0,0.0,12
2023-05-10 09:53:15,PK401P9800,PK401P9800,473.5,0.0,0.0,0.0,10,133.5,1035.5,10,473.5,0.0,0.0,0.0,0.0,0.0,12
2023-05-10 09:53:17,PK401P9800,PK401P9800,473.5,0.0,0.0,0.0,1,135.0,1034.0,1,473.5,0.0,0.0,0.0,0.0,0.0,12
2023-05-10 09:53:17,PK401P9800,PK401P9800,473.5,0.0,0.0,0.0,10,135.5,1033.5,10,473.5,0.0,0.0,0.0,0.0,0.0,12
2023-05-10 09:53:21,PK401P9800,PK401P9800,473.5,0.0,0.0,0.0,1,137.0,1032.0,1,473.5,0.0,0.0,0.0,0.0,0.0,12
2023-05-10 09:53:23,PK401P9800,PK401P9800,473.5,0.0,0.0,0.0,10,137.5,1031.5,10,473.5,0.0,0.0,0.0,0.0,0.0,12
2023-05-10 09:53:27,PK401P9800,PK401P9800,473.5,0.0,0.0,0.0,1,139.0,1030.0,1,473.5,0.0,0.0,0.0,0.0,0.0,12
2023-05-10 09:53:28,PK401P9800,PK401P9800,473.5,0.0,0.0,0.0,10,139.5,1029.5,10,473.5,0.0,0.0,0.0,0.0,0.0,12
2023-05-10 09:53:30,PK401P9800,PK401P9800,473.5,0.0,0.0,0.0,1,141.0,1029.5,10,473.5,0.0,0.0,0.0,0.0,0.0,12
2023-05-10 09:53:31,PK401P9800,PK401P9800,473.5,0.0,0.0,0.0,10,141.5,1029.5,10,473.5,0.0,0.0,0.0,0.0,0.0,12
2023-05-10 09:53:32,PK401P9800,PK401P9800,473.5,0.0,0.0,0.0,1,143.0,1028.0,1,473.5,0.0,0.0,0.0,0.0,0.0,12
2023-05-10 09:53:33,PK401P9800,PK401P9800,473.5,0.0,0.0,0.0,10,143.5,1027.5,10,473.5,0.0,0.0,0.0,0.0,0.0,12
2023-05-10 09:53:33,PK401P9800,PK401P9800,473.5,0.0,0.0,0.0,1,145.0,1026.0,1,473.5,0.0,0.0,0.0,0.0,0.0,12
2023-05-10 09:53:34,PK401P9800,PK401P9800,473.5,0.0,0.0,0.0,10,145.5,1025.5,10,473.5,0.0,0.0,0.0,0.0,0.0,12
2023-05-10 09:53:34,PK401P9800,PK401P9800,473.5,0.0,0.0,0.0,1,147.0,1024.0,1,473.5,0.0,0.0,0.0,0.0,0.0,12
2023-05-10 09:53:35,PK401P9800,PK401P9800,473.5,0.0,0.0,0.0,10,147.5,1023.5,10,473.5,0.0,0.0,0.0,0.0,0.0,12
2023-05-10 09:53:35,PK401P9800,PK401P9800,473.5,0.0,0.0,0.0,1,149.0,1022.0,1,473.5,0.0,0.0,0.0,0.0,0.0,12
2023-05-10 09:53:36,PK401P9800,PK401P9800,473.5,0.0,0.0,0.0,10,149.5,1021.5,10,473.5,0.0,0.0,0.0,0.0,0.0,12
2023-05-10 09:53:36,PK401P9800,PK401P9800,473.5,0.0,0.0,0.0,1,151.0,1020.0,1,473.5,0.0,0.0,0.0,0.0,0.0,12
2023-05-10 09:53:37,PK401P9800,PK401P9800,473.5,0.0,0.0,0.0,10,151.5,1019.5,10,473.5,0.0,0.0,0.0,0.0,0.0,12
2023-05-10 09:53:37,PK401P9800,PK401P9800,473.5,0.0,0.0,0.0,1,153.0,1018.0,1,473.5,0.0,0.0,0.0,0.0,0.0,12
2023-05-10 09:53:38,PK401P9800,PK401P9800,473.5,0.0,0.0,0.0,10,153.5,1017.5,10,473.5,0.0,0.0,0.0,0.0,0.0,12
2023-05-10 09:53:38,PK401P9800,PK401P9800,473.5,0.0,0.0,0.0,1,155.0,1016.0,1,473.5,0.0,0.0,0.0,0.0,0.0,12
2023-05-10 09:56:34,PK401P9800,PK401P9800,473.5,0.0,0.0,0.0,10,155.5,1015.5,10,473.5,0.0,0.0,0.0,0.0,0.0,12
2023-05-10 09:56:36,PK401P9800,PK401P9800,473.5,0.0,0.0,0.0,1,157.0,1014.0,1,473.5,0.0,0.0,0.0,0.0,0.0,12
2023-05-10 09:57:49,PK401P9800,PK401P9800,473.5,0.0,0.0,0.0,10,157.5,1013.5,10,473.5,0.0,0.0,0.0,0.0,0.0,12
2023-05-10 09:57:51,PK401P9800,PK401P9800,473.5,0.0,0.0,0.0,1,159.0,1012.0,1,473.5,0.0,0.0,0.0,0.0,0.0,12
2023-05-10 09:57:51,PK401P9800,PK401P9800,473.5,0.0,0.0,0.0,10,159.5,1011.5,10,473.5,0.0,0.0,0.0,0.0,0.0,12
2023-05-10 09:57:52,PK401P9800,PK401P9800,473.5,0.0,0.0,0.0,1,161.0,1010.0,1,473.5,0.0,0.0,0.0,0.0,0.0,12
2023-05-10 09:57:54,PK401P9800,PK401P9800,473.5,0.0,0.0,0.0,10,161.5,1009.5,10,473.5,0.0,0.0,0.0,0.0,0.0,12
2023-05-10 09:57:56,PK401P9800,PK401P9800,473.5,0.0,0.0,0.0,1,163.0,1009.5,10,473.5,0.0,0.0,0.0,0.0,0.0,12
2023-05-10 09:57:57,PK401P9800,PK401P9800,473.5,0.0,0.0,0.0,10,163.5,1008.0,1,473.5,0.0,0.0,0.0,0.0,0.0,12
2023-05-10 09:57:59,PK401P9800,PK401P9800,473.5,0.0,0.0,0.0,1,165.0,1008.0,1,473.5,0.0,0.0,0.0,0.0,0.0,12
2023-05-10 09:58:00,PK401P9800,PK401P9800,473.5,0.0,0.0,0.0,10,165.5,1007.5,10,473.5,0.0,0.0,0.0,0.0,0.0,12
2023-05-10 09:58:01,PK401P9800,PK401P9800,473.5,0.0,0.0,0.0,1,167.0,1006.0,1,473.5,0.0,0.0,0.0,0.0,0.0,12
2023-05-10 09:58:01,PK401P9800,PK401P9800,473.5,0.0,0.0,0.0,10,167.5,1005.5,10,473.5,0.0,0.0,0.0,0.0,0.0,12
2023-05-10 09:58:03,PK401P9800,PK401P9800,473.5,0.0,0.0,0.0,1,169.0,1004.0,1,473.5,0.0,0.0,0.0,0.0,0.0,12
2023-05-10 09:58:03,PK401P9800,PK401P9800,473.5,0.0,0.0,0.0,10,169.5,1003.5,10,473.5,0.0,0.0,0.0,0.0,0.0,12
2023-05-10 09:58:05,PK401P9800,PK401P9800,473.5,0.0,0.0,0.0,1,171.0,1002.0,1,473.5,0.0,0.0,0.0,0.0,0.0,12
2023-05-10 09:58:05,PK401P9800,PK401P9800,473.5,0.0,0.0,0.0,10,171.5,1001.5,10,473.5,0.0,0.0,0.0,0.0,0.0,12
2023-05-10 09:58:07,PK401P9800,PK401P9800,473.5,0.0,0.0,0.0,1,173.0,1000.0,1,473.5,0.0,0.0,0.0,0.0,0.0,12
2023-05-10 09:58:07,PK401P9800,PK401P9800,473.5,0.0,0.0,0.0,10,173.5,999.5,10,473.5,0.0,0.0,0.0,0.0,0.0,12
2023-05-10 09:58:08,PK401P9800,PK401P9800,473.5,0.0,0.0,0.0,1,175.0,998.0,1,473.5,0.0,0.0,0.0,0.0,0.0,12
2023-05-10 10:03:24,PK401P9800,PK401P9800,473.5,0.0,0.0,0.0,10,175.5,997.5,10,473.5,0.0,0.0,0.0,0.0,0.0,12
2023-05-10 10:03:26,PK401P9800,PK401P9800,473.5,0.0,0.0,0.0,1,177.0,996.0,1,473.5,0.0,0.0,0.0,0.0,0.0,12
2023-05-10 10:08:29,PK401P9800,PK401P9800,473.5,0.0,0.0,0.0,10,177.5,995.5,10,473.5,0.0,0.0,0.0,0.0,0.0,12
2023-05-10 10:08:32,PK401P9800,PK401P9800,473.5,0.0,0.0,0.0,1,179.0,994.0,1,473.5,0.0,0.0,0.0,0.0,0.0,12
2023-05-10 10:08:32,PK401P9800,PK401P9800,473.5,0.0,0.0,0.0,10,179.5,993.5,10,473.5,0.0,0.0,0.0,0.0,0.0,12
2023-05-10 10:08:34,PK401P9800,PK401P9800,473.5,0.0,0.0,0.0,1,181.0,992.0,1,473.5,0.0,0.0,0.0,0.0,0.0,12
2023-05-10 10:08:34,PK401P9800,PK401P9800,473.5,0.0,0.0,0.0,10,181.5,991.5,10,473.5,0.0,0.0,0.0,0.0,0.0,12
2023-05-10 10:08:36,PK401P9800,PK401P9800,473.5,0.0,0.0,0.0,1,183.0,990.0,1,473.5,0.0,0.0,0.0,0.0,0.0,12
2023-05-10 10:09:46,PK401P9800,PK401P9800,473.5,0.0,0.0,0.0,10,183.5,989.5,10,473.5,0.0,0.0,0.0,0.0,0.0,12
2023-05-10 10:09:48,PK401P9800,PK401P9800,473.5,0.0,0.0,0.0,1,185.0,989.5,10,473.5,0.0,0.0,0.0,0.0,0.0,12
2023-05-10 10:09:48,PK401P9800,PK401P9800,473.5,0.0,0.0,0.0,10,185.5,988.0,1,473.5,0.0,0.0,0.0,0.0,0.0,12
2023-05-10 10:09:48,PK401P9800,PK401P9800,473.5,0.0,0.0,0.0,10,185.5,987.5,10,473.5,0.0,0.0,0.0,0.0,0.0,12
2023-05-10 10:09:49,PK401P9800,PK401P9800,473.5,0.0,0.0,0.0,1,187.0,986.0,1,473.5,0.0,0.0,0.0,0.0,0.0,12
2023-05-10 10:09:50,PK401P9800,PK401P9800,473.5,0.0,0.0,0.0,10,187.5,985.5,10,473.5,0.0,0.0,0.0,0.0,0.0,12
2023-05-10 10:09:52,PK401P9800,PK401P9800,473.5,0.0,0.0,0.0,1,189.0,984.0,1,473.5,0.0,0.0,0.0,0.0,0.0,12
2023-05-10 10:12:20,PK401P9800,PK401P9800,473.5,0.0,0.0,0.0,10,189.5,983.5,10,473.5,0.0,0.0,0.0,0.0,0.0,12
2023-05-10 10:12:22,PK401P9800,PK401P9800,473.5,0.0,0.0,0.0,1,191.0,983.5,10,473.5,0.0,0.0,0.0,0.0,0.0,12
2023-05-10 10:12:22,PK401P9800,PK401P9800,473.5,0.0,0.0,0.0,10,191.5,983.5,10,473.5,0.0,0.0,0.0,0.0,0.0,12
2023-05-10 10:12:25,PK401P9800,PK401P9800,473.5,0.0,0.0,0.0,1,193.0,982.0,1,473.5,0.0,0.0,0.0,0.0,0.0,12
2023-05-10 10:12:25,PK401P9800,PK401P9800,473.5,0.0,0.0,0.0,10,193.5,981.5,10,473.5,0.0,0.0,0.0,0.0,0.0,12
2023-05-10 10:12:26,PK401P9800,PK401P9800,473.5,0.0,0.0,0.0,1,195.0,980.0,1,473.5,0.0,0.0,0.0,0.0,0.0,12
2023-05-10 10:14:19,PK401P9800,PK401P9800,473.5,0.0,0.0,0.0,10,195.5,979.5,10,473.5,0.0,0.0,0.0,0.0,0.0,12
2023-05-10 10:14:20,PK401P9800,PK401P9800,473.5,0.0,0.0,0.0,1,197.0,978.0,1,473.5,0.0,0.0,0.0,0.0,0.0,12
2023-05-10 10:14:20,PK401P9800,PK401P9800,473.5,0.0,0.0,0.0,10,197.5,977.5,10,473.5,0.0,0.0,0.0,0.0,0.0,12
2023-05-10 10:14:22,PK401P9800,PK401P9800,473.5,0.0,0.0,0.0,1,199.0,976.0,1,473.5,0.0,0.0,0.0,0.0,0.0,12
2023-05-10 10:14:22,PK401P9800,PK401P9800,473.5,0.0,0.0,0.0,10,199.5,975.5,10,473.5,0.0,0.0,0.0,0.0,0.0,12
2023-05-10 10:14:23,PK401P9800,PK401P9800,473.5,0.0,0.0,0.0,1,201.0,974.0,1,473.5,0.0,0.0,0.0,0.0,0.0,12
2023-05-10 10:30:00,PK401P9800,PK401P9800,473.5,0.0,0.0,0.0,1,67.5,0.0,0,473.5,0.0,0.0,0.0,0.0,0.0,12
2023-05-10 10:30:08,PK401P9800,PK401P9800,473.5,0.0,0.0,0.0,10,68.0,0.0,0,473.5,0.0,0.0,0.0,0.0,0.0,12
2023-05-10 10:30:13,PK401P9800,PK401P9800,473.5,0.0,0.0,0.0,1,76.0,0.0,0,473.5,0.0,0.0,0.0,0.0,0.0,12
2023-05-10 10:30:13,PK401P9800,PK401P9800,473.5,0.0,0.0,0.0,10,76.5,0.0,0,473.5,0.0,0.0,0.0,0.0,0.0,12
2023-05-10 10:30:18,PK401P9800,PK401P9800,473.5,0.0,0.0,0.0,1,84.5,0.0,0,473.5,0.0,0.0,0.0,0.0,0.0,12
2023-05-10 10:30:18,PK401P9800,PK401P9800,473.5,0.0,0.0,0.0,10,85.0,0.0,0,473.5,0.0,0.0,0.0,0.0,0.0,12
2023-05-10 10:30:21,PK401P9800,PK401P9800,473.5,0.0,0.0,0.0,1,93.0,0.0,0,473.5,0.0,0.0,0.0,0.0,0.0,12
2023-05-10 10:32:01,PK401P9800,PK401P9800,473.5,0.0,0.0,0.0,1,94.5,1150.0,1,473.5,0.0,0.0,0.0,0.0,0.0,12
2023-05-10 10:32:01,PK401P9800,PK401P9800,473.5,0.0,0.0,0.0,10,95.0,1149.5,10,473.5,0.0,0.0,0.0,0.0,0.0,12
2023-05-10 10:32:02,PK401P9800,PK401P9800,473.5,0.0,0.0,0.0,1,103.0,1149.5,10,473.5,0.0,0.0,0.0,0.0,0.0,12
2023-05-10 10:32:03,PK401P9800,PK401P9800,473.5,0.0,0.0,0.0,10,103.5,1149.5,10,473.5,0.0,0.0,0.0,0.0,0.0,12
2023-05-10 10:32:04,PK401P9800,PK401P9800,473.5,0.0,0.0,0.0,1,104.5,1148.0,1,473.5,0.0,0.0,0.0,0.0,0.0,12
2023-05-10 10:32:07,PK401P9800,PK401P9800,473.5,0.0,0.0,0.0,1,112.5,1147.5,10,473.5,0.0,0.0,0.0,0.0,0.0,12
2023-05-10 10:32:07,PK401P9800,PK401P9800,473.5,0.0,0.0,0.0,1,114.0,1147.5,10,473.5,0.0,0.0,0.0,0.0,0.0,12
2023-05-10 10:32:11,PK401P9800,PK401P9800,473.5,0.0,0.0,0.0,1,114.0,1146.0,1,473.5,0.0,0.0,0.0,0.0,0.0,12
2023-05-10 10:32:13,PK401P9800,PK401P9800,473.5,0.0,0.0,0.0,1,122.0,1145.5,10,473.5,0.0,0.0,0.0,0.0,0.0,12
2023-05-10 10:32:13,PK401P9800,PK401P9800,473.5,0.0,0.0,0.0,10,122.5,1145.5,10,473.5,0.0,0.0,0.0,0.0,0.0,12
2023-05-10 10:32:15,PK401P9800,PK401P9800,473.5,0.0,0.0,0.0,1,124.0,1144.0,1,473.5,0.0,0.0,0.0,0.0,0.0,12
2023-05-10 10:32:15,PK401P9800,PK401P9800,473.5,0.0,0.0,0.0,10,124.5,1143.5,10,473.5,0.0,0.0,0.0,0.0,0.0,12
2023-05-10 10:32:17,PK401P9800,PK401P9800,473.5,0.0,0.0,0.0,1,132.5,1143.5,10,473.5,0.0,0.0,0.0,0.0,0.0,12
2023-05-10 10:32:18,PK401P9800,PK401P9800,473.5,0.0,0.0,0.0,1,134.0,1142.0,1,473.5,0.0,0.0,0.0,0.0,0.0,12
2023-05-10 10:32:18,PK401P9800,PK401P9800,473.5,0.0,0.0,0.0,10,134.5,1141.5,10,473.5,0.0,0.0,0.0,0.0,0.0,12
2023-05-10 10:32:21,PK401P9800,PK401P9800,473.5,0.0,0.0,0.0,1,142.5,1140.0,1,473.5,0.0,0.0,0.0,0.0,0.0,12
2023-05-10 10:32:21,PK401P9800,PK401P9800,473.5,0.0,0.0,0.0,10,143.0,1139.5,10,473.5,0.0,0.0,0.0,0.0,0.0,12
2023-05-10 10:32:23,PK401P9800,PK401P9800,473.5,0.0,0.0,0.0,1,144.5,1138.0,1,473.5,0.0,0.0,0.0,0.0,0.0,12
2023-05-10 10:32:24,PK401P9800,PK401P9800,473.5,0.0,0.0,0.0,1,152.5,1137.5,10,473.5,0.0,0.0,0.0,0.0,0.0,12
2023-05-10 10:32:25,PK401P9800,PK401P9800,473.5,0.0,0.0,0.0,10,154.5,1136.0,1,473.5,0.0,0.0,0.0,0.0,0.0,12
2023-05-10 10:32:25,PK401P9800,PK401P9800,473.5,0.0,0.0,0.0,1,156.0,1135.5,10,473.5,0.0,0.0,0.0,0.0,0.0,12
2023-05-10 10:32:26,PK401P9800,PK401P9800,473.5,0.0,0.0,0.0,10,156.5,1135.5,10,473.5,0.0,0.0,0.0,0.0,0.0,12
2023-05-10 10:32:26,PK401P9800,PK401P9800,473.5,0.0,0.0,0.0,1,158.0,1134.0,1,473.5,0.0,0.0,0.0,0.0,0.0,12
2023-05-10 10:32:27,PK401P9800,PK401P9800,473.5,0.0,0.0,0.0,10,158.5,1133.5,10,473.5,0.0,0.0,0.0,0.0,0.0,12
2023-05-10 10:32:27,PK401P9800,PK401P9800,473.5,0.0,0.0,0.0,1,166.0,1132.0,1,473.5,0.0,0.0,0.0,0.0,0.0,12
2023-05-10 10:32:28,PK401P9800,PK401P9800,473.5,0.0,0.0,0.0,1,167.5,1132.0,1,473.5,0.0,0.0,0.0,0.0,0.0,12
2023-05-10 10:32:29,PK401P9800,PK401P9800,473.5,0.0,0.0,0.0,1,175.5,1131.5,10,473.5,0.0,0.0,0.0,0.0,0.0,12
2023-05-10 10:32:30,PK401P9800,PK401P9800,473.5,0.0,0.0,0.0,10,177.5,1130.0,1,473.5,0.0,0.0,0.0,0.0,0.0,12
2023-05-10 10:32:30,PK401P9800,PK401P9800,473.5,0.0,0.0,0.0,1,179.0,1129.5,10,473.5,0.0,0.0,0.0,0.0,0.0,12
2023-05-10 10:32:31,PK401P9800,PK401P9800,473.5,0.0,0.0,0.0,10,179.5,1128.0,1,473.5,0.0,0.0,0.0,0.0,0.0,12
2023-05-10 10:32:31,PK401P9800,PK401P9800,473.5,0.0,0.0,0.0,1,181.0,1128.0,1,473.5,0.0,0.0,0.0,0.0,0.0,12
2023-05-10 10:32:32,PK401P9800,PK401P9800,473.5,0.0,0.0,0.0,1,187.5,1127.5,10,473.5,0.0,0.0,0.0,0.0,0.0,12
2023-05-10 10:32:32,PK401P9800,PK401P9800,473.5,0.0,0.0,0.0,10,189.5,1126.0,1,473.5,0.0,0.0,0.0,0.0,0.0,12
2023-05-10 10:32:33,PK401P9800,PK401P9800,473.5,0.0,0.0,0.0,1,191.0,1125.5,10,473.5,0.0,0.0,0.0,0.0,0.0,12
2023-05-10 10:32:33,PK401P9800,PK401P9800,473.5,0.0,0.0,0.0,10,191.5,1124.0,1,473.5,0.0,0.0,0.0,0.0,0.0,12
2023-05-10 10:32:34,PK401P9800,PK401P9800,473.5,0.0,0.0,0.0,1,199.5,1123.5,10,473.5,0.0,0.0,0.0,0.0,0.0,12
2023-05-10 10:32:34,PK401P9800,PK401P9800,473.5,0.0,0.0,0.0,10,200.0,1122.0,1,473.5,0.0,0.0,0.0,0.0,0.0,12
2023-05-10 10:32:35,PK401P9800,PK401P9800,473.5,0.0,0.0,0.0,10,200.0,1121.5,10,473.5,0.0,0.0,0.0,0.0,0.0,12
2023-05-10 10:32:35,PK401P9800,PK401P9800,473.5,0.0,0.0,0.0,10,200.0,1120.0,1,473.5,0.0,0.0,0.0,0.0,0.0,12
2023-05-10 10:32:36,PK401P9800,PK401P9800,473.5,0.0,0.0,0.0,10,200.0,1119.5,10,473.5,0.0,0.0,0.0,0.0,0.0,12
2023-05-10 10:32:36,PK401P9800,PK401P9800,473.5,0.0,0.0,0.0,1,208.0,1118.0,1,473.5,0.0,0.0,0.0,0.0,0.0,12
2023-05-10 10:32:37,PK401P9800,PK401P9800,473.5,0.0,0.0,0.0,1,209.5,1117.5,10,473.5,0.0,0.0,0.0,0.0,0.0,12
2023-05-10 10:32:37,PK401P9800,PK401P9800,473.5,0.0,0.0,0.0,10,210.0,1116.0,1,473.5,0.0,0.0,0.0,0.0,0.0,12
2023-05-10 10:32:38,PK401P9800,PK401P9800,473.5,0.0,0.0,0.0,1,211.5,1115.5,10,473.5,0.0,0.0,0.0,0.0,0.0,12
2023-05-10 10:32:38,PK401P9800,PK401P9800,473.5,0.0,0.0,0.0,1,219.5,1114.0,1,473.5,0.0,0.0,0.0,0.0,0.0,12
2023-05-10 10:32:39,PK401P9800,PK401P9800,473.5,0.0,0.0,0.0,10,220.0,1113.5,10,473.5,0.0,0.0,0.0,0.0,0.0,12
2023-05-10 10:32:39,PK401P9800,PK401P9800,473.5,0.0,0.0,0.0,10,220.0,1112.0,1,473.5,0.0,0.0,0.0,0.0,0.0,12
2023-05-10 10:32:40,PK401P9800,PK401P9800,473.5,0.0,0.0,0.0,10,220.0,1111.5,10,473.5,0.0,0.0,0.0,0.0,0.0,12
2023-05-10 10:32:40,PK401P9800,PK401P9800,473.5,0.0,0.0,0.0,1,228.0,1110.0,1,473.5,0.0,0.0,0.0,0.0,0.0,12
2023-05-10 10:32:41,PK401P9800,PK401P9800,473.5,0.0,0.0,0.0,10,228.5,1109.5,10,473.5,0.0,0.0,0.0,0.0,0.0,12
2023-05-10 10:32:41,PK401P9800,PK401P9800,473.5,0.0,0.0,0.0,10,228.5,1108.0,1,473.5,0.0,0.0,0.0,0.0,0.0,12
2023-05-10 10:32:42,PK401P9800,PK401P9800,473.5,0.0,0.0,0.0,10,228.5,1107.5,10,473.5,0.0,0.0,0.0,0.0,0.0,12
2023-05-10 10:32:42,PK401P9800,PK401P9800,473.5,0.0,0.0,0.0,1,236.5,1106.0,1,473.5,0.0,0.0,0.0,0.0,0.0,12
2023-05-10 10:32:43,PK401P9800,PK401P9800,473.5,0.0,0.0,0.0,10,237.0,1105.5,10,473.5,0.0,0.0,0.0,0.0,0.0,12
2023-05-10 10:32:43,PK401P9800,PK401P9800,473.5,0.0,0.0,0.0,10,237.0,1104.0,1,473.5,0.0,0.0,0.0,0.0,0.0,12
2023-05-10 10:32:44,PK401P9800,PK401P9800,473.5,0.0,0.0,0.0,1,245.0,1103.5,10,473.5,0.0,0.0,0.0,0.0,0.0,12
2023-05-10 10:32:44,PK401P9800,PK401P9800,473.5,0.0,0.0,0.0,10,245.5,1102.0,1,473.5,0.0,0.0,0.0,0.0,0.0,12
2023-05-10 10:32:45,PK401P9800,PK401P9800,473.5,0.0,0.0,0.0,1,253.5,1102.0,1,473.5,0.0,0.0,0.0,0.0,0.0,12
2023-05-10 10:32:45,PK401P9800,PK401P9800,473.5,0.0,0.0,0.0,10,254.0,1101.5,10,473.5,0.0,0.0,0.0,0.0,0.0,12
2023-05-10 10:32:46,PK401P9800,PK401P9800,473.5,0.0,0.0,0.0,1,262.0,1100.0,1,473.5,0.0,0.0,0.0,0.0,0.0,12
2023-05-10 10:32:47,PK401P9800,PK401P9800,473.5,0.0,0.0,0.0,10,262.5,1099.5,10,473.5,0.0,0.0,0.0,0.0,0.0,12
2023-05-10 10:32:47,PK401P9800,PK401P9800,473.5,0.0,0.0,0.0,10,262.5,1098.0,1,473.5,0.0,0.0,0.0,0.0,0.0,12
2023-05-10 10:32:48,PK401P9800,PK401P9800,473.5,0.0,0.0,0.0,1,266.5,1097.5,10,473.5,0.0,0.0,0.0,0.0,0.0,12
2023-05-10 10:32:48,PK401P9800,PK401P9800,473.5,0.0,0.0,0.0,10,267.0,1096.0,1,473.5,0.0,0.0,0.0,0.0,0.0,12
2023-05-10 10:32:49,PK401P9800,PK401P9800,473.5,0.0,0.0,0.0,1,267.5,1095.5,10,473.5,0.0,0.0,0.0,0.0,0.0,12
2023-05-10 10:32:50,PK401P9800,PK401P9800,473.5,0.0,0.0,0.0,10,268.0,1094.0,1,473.5,0.0,0.0,0.0,0.0,0.0,12
2023-05-10 10:32:50,PK401P9800,PK401P9800,473.5,0.0,0.0,0.0,10,268.0,1093.5,10,473.5,0.0,0.0,0.0,0.0,0.0,12
2023-05-10 10:32:51,PK401P9800,PK401P9800,473.5,0.0,0.0,0.0,1,268.5,1092.0,1,473.5,0.0,0.0,0.0,0.0,0.0,12
2023-05-10 10:34:51,PK401P9800,PK401P9800,473.5,0.0,0.0,0.0,10,68.0,1091.5,10,473.5,0.0,0.0,0.0,0.0,0.0,12
2023-05-10 10:34:51,PK401P9800,PK401P9800,473.5,0.0,0.0,0.0,1,76.0,1091.5,10,473.5,0.0,0.0,0.0,0.0,0.0,12
2023-05-10 10:34:52,PK401P9800,PK401P9800,473.5,0.0,0.0,0.0,10,76.5,1091.5,10,473.5,0.0,0.0,0.0,0.0,0.0,12
2023-05-10 10:34:53,PK401P9800,PK401P9800,473.5,0.0,0.0,0.0,1,80.5,1090.0,1,473.5,0.0,0.0,0.0,0.0,0.0,12
2023-05-10 10:34:53,PK401P9800,PK401P9800,473.5,0.0,0.0,0.0,10,81.0,1089.5,10,473.5,0.0,0.0,0.0,0.0,0.0,12
2023-05-10 10:34:54,PK401P9800,PK401P9800,473.5,0.0,0.0,0.0,1,85.0,1088.0,1,473.5,0.0,0.0,0.0,0.0,0.0,12
2023-05-10 10:34:54,PK401P9800,PK401P9800,473.5,0.0,0.0,0.0,10,85.5,1087.5,10,473.5,0.0,0.0,0.0,0.0,0.0,12
2023-05-10 10:34:54,PK401P9800,PK401P9800,473.5,0.0,0.0,0.0,1,87.0,1087.5,10,473.5,0.0,0.0,0.0,0.0,0.0,12
2023-05-10 10:34:55,PK401P9800,PK401P9800,473.5,0.0,0.0,0.0,10,87.5,1087.5,10,473.5,0.0,0.0,0.0,0.0,0.0,12
2023-05-10 10:34:55,PK401P9800,PK401P9800,473.5,0.0,0.0,0.0,1,89.0,1086.0,1,473.5,0.0,0.0,0.0,0.0,0.0,12
2023-05-10 10:34:56,PK401P9800,PK401P9800,473.5,0.0,0.0,0.0,10,89.5,1085.5,10,473.5,0.0,0.0,0.0,0.0,0.0,12
2023-05-10 10:34:56,PK401P9800,PK401P9800,473.5,0.0,0.0,0.0,1,90.0,1084.0,1,473.5,0.0,0.0,0.0,0.0,0.0,12
2023-05-10 10:34:57,PK401P9800,PK401P9800,473.5,0.0,0.0,0.0,10,90.5,1083.5,10,473.5,0.0,0.0,0.0,0.0,0.0,12
2023-05-10 10:34:58,PK401P9800,PK401P9800,473.5,0.0,0.0,0.0,1,91.0,1083.5,10,473.5,0.0,0.0,0.0,0.0,0.0,12
2023-05-10 10:34:58,PK401P9800,PK401P9800,473.5,0.0,0.0,0.0,10,91.5,1083.5,10,473.5,0.0,0.0,0.0,0.0,0.0,12
2023-05-10 10:34:59,PK401P9800,PK401P9800,473.5,0.0,0.0,0.0,1,92.0,1083.5,10,473.5,0.0,0.0,0.0,0.0,0.0,12
2023-05-10 10:34:59,PK401P9800,PK401P9800,473.5,0.0,0.0,0.0,10,92.5,1083.5,10,473.5,0.0,0.0,0.0,0.0,0.0,12
2023-05-10 10:35:00,PK401P9800,PK401P9800,473.5,0.0,0.0,0.0,1,93.0,1083.5,10,473.5,0.0,0.0,0.0,0.0,0.0,12
2023-05-10 10:35:00,PK401P9800,PK401P9800,473.5,0.0,0.0,0.0,10,95.0,1082.0,1,473.5,0.0,0.0,0.0,0.0,0.0,12
2023-05-10 10:35:00,PK401P9800,PK401P9800,473.5,0.0,0.0,0.0,1,96.5,1081.5,10,473.5,0.0,0.0,0.0,0.0,0.0,12
2023-05-10 10:35:01,PK401P9800,PK401P9800,473.5,0.0,0.0,0.0,10,97.0,1081.5,10,473.5,0.0,0.0,0.0,0.0,0.0,12
2023-05-10 10:35:01,PK401P9800,PK401P9800,473.5,0.0,0.0,0.0,1,97.5,1081.5,10,473.5,0.0,0.0,0.0,0.0,0.0,12
2023-05-10 10:35:02,PK401P9800,PK401P9800,473.5,0.0,0.0,0.0,10,99.5,1080.0,1,473.5,0.0,0.0,0.0,0.0,0.0,12
2023-05-10 10:35:03,PK401P9800,PK401P9800,473.5,0.0,0.0,0.0,1,100.0,1079.5,10,473.5,0.0,0.0,0.0,0.0,0.0,12
2023-05-10 10:35:03,PK401P9800,PK401P9800,473.5,0.0,0.0,0.0,1,101.5,1079.5,10,473.5,0.0,0.0,0.0,0.0,0.0,12
2023-05-10 10:35:04,PK401P9800,PK401P9800,473.5,0.0,0.0,0.0,11,102.0,1079.5,10,473.5,0.0,0.0,0.0,0.0,0.0,12
2023-05-10 10:35:04,PK401P9800,PK401P9800,473.5,0.0,0.0,0.0,1,103.5,1078.0,1,473.5,0.0,0.0,0.0,0.0,0.0,12
2023-05-10 10:35:05,PK401P9800,PK401P9800,473.5,0.0,0.0,0.0,11,104.0,1077.5,10,473.5,0.0,0.0,0.0,0.0,0.0,12
2023-05-10 10:35:06,PK401P9800,PK401P9800,473.5,0.0,0.0,0.0,1,105.5,1076.0,1,473.5,0.0,0.0,0.0,0.0,0.0,12
2023-05-10 10:35:07,PK401P9800,PK401P9800,473.5,0.0,0.0,0.0,11,106.0,1075.5,10,473.5,0.0,0.0,0.0,0.0,0.0,12
2023-05-10 10:35:07,PK401P9800,PK401P9800,473.5,0.0,0.0,0.0,1,107.5,1074.0,1,473.5,0.0,0.0,0.0,0.0,0.0,12
2023-05-10 10:35:07,PK401P9800,PK401P9800,473.5,0.0,0.0,0.0,10,108.0,1073.5,10,473.5,0.0,0.0,0.0,0.0,0.0,12
2023-05-10 10:35:08,PK401P9800,PK401P9800,473.5,0.0,0.0,0.0,1,109.5,1072.0,1,473.5,0.0,0.0,0.0,0.0,0.0,12
2023-05-10 10:35:09,PK401P9800,PK401P9800,473.5,0.0,0.0,0.0,11,110.0,1071.5,10,473.5,0.0,0.0,0.0,0.0,0.0,12
2023-05-10 10:35:10,PK401P9800,PK401P9800,473.5,0.0,0.0,0.0,1,111.5,1070.0,1,473.5,0.0,0.0,0.0,0.0,0.0,12
2023-05-10 10:35:11,PK401P9800,PK401P9800,473.5,0.0,0.0,0.0,11,112.0,1069.5,10,473.5,0.0,0.0,0.0,0.0,0.0,12
2023-05-10 10:35:11,PK401P9800,PK401P9800,473.5,0.0,0.0,0.0,1,113.5,1068.0,1,473.5,0.0,0.0,0.0,0.0,0.0,12
2023-05-10 10:35:11,PK401P9800,PK401P9800,473.5,0.0,0.0,0.0,10,114.0,1067.5,10,473.5,0.0,0.0,0.0,0.0,0.0,12
2023-05-10 10:35:12,PK401P9800,PK401P9800,473.5,0.0,0.0,0.0,11,114.0,1066.0,1,473.5,0.0,0.0,0.0,0.0,0.0,12
2023-05-10 10:35:13,PK401P9800,PK401P9800,473.5,0.0,0.0,0.0,1,115.5,1065.5,10,473.5,0.0,0.0,0.0,0.0,0.0,12
2023-05-10 10:35:14,PK401P9800,PK401P9800,473.5,0.0,0.0,0.0,10,116.0,1065.5,10,473.5,0.0,0.0,0.0,0.0,0.0,12
2023-05-10 10:35:14,PK401P9800,PK401P9800,473.5,0.0,0.0,0.0,1,117.5,1065.5,10,473.5,0.0,0.0,0.0,0.0,0.0,12
2023-05-10 10:35:15,PK401P9800,PK401P9800,473.5,0.0,0.0,0.0,11,118.0,1065.5,10,473.5,0.0,0.0,0.0,0.0,0.0,12
2023-05-10 10:35:15,PK401P9800,PK401P9800,473.5,0.0,0.0,0.0,1,119.5,1064.0,1,473.5,0.0,0.0,0.0,0.0,0.0,12
2023-05-10 10:35:16,PK401P9800,PK401P9800,473.5,0.0,0.0,0.0,10,120.0,1063.5,10,473.5,0.0,0.0,0.0,0.0,0.0,12
2023-05-10 10:35:16,PK401P9800,PK401P9800,473.5,0.0,0.0,0.0,1,121.5,1062.0,1,473.5,0.0,0.0,0.0,0.0,0.0,12
2023-05-10 10:35:17,PK401P9800,PK401P9800,473.5,0.0,0.0,0.0,10,122.0,1061.5,10,473.5,0.0,0.0,0.0,0.0,0.0,12
2023-05-10 10:35:17,PK401P9800,PK401P9800,473.5,0.0,0.0,0.0,11,122.0,1061.5,10,473.5,0.0,0.0,0.0,0.0,0.0,12
2023-05-10 10:35:18,PK401P9800,PK401P9800,473.5,0.0,0.0,0.0,1,123.5,1060.0,1,473.5,0.0,0.0,0.0,0.0,0.0,12
2023-05-10 10:35:18,PK401P9800,PK401P9800,473.5,0.0,0.0,0.0,10,124.0,1059.5,10,473.5,0.0,0.0,0.0,0.0,0.0,12
2023-05-10 10:35:18,PK401P9800,PK401P9800,473.5,0.0,0.0,0.0,1,123.5,1060.0,1,473.5,0.0,0.0,0.0,0.0,0.0,12
2023-05-10 10:35:18,PK401P9800,PK401P9800,473.5,0.0,0.0,0.0,10,124.0,1059.5,10,473.5,0.0,0.0,0.0,0.0,0.0,12
2023-05-10 10:35:19,PK401P9800,PK401P9800,473.5,0.0,0.0,0.0,11,124.0,1058.0,1,473.5,0.0,0.0,0.0,0.0,0.0,12
2023-05-10 10:35:19,PK401P9800,PK401P9800,473.5,0.0,0.0,0.0,1,125.5,1057.5,10,473.5,0.0,0.0,0.0,0.0,0.0,12
2023-05-10 10:35:20,PK401P9800,PK401P9800,473.5,0.0,0.0,0.0,11,126.0,1056.0,1,473.5,0.0,0.0,0.0,0.0,0.0,12
2023-05-10 10:35:20,PK401P9800,PK401P9800,473.5,0.0,0.0,0.0,11,126.0,1055.5,10,473.5,0.0,0.0,0.0,0.0,0.0,12
2023-05-10 10:35:21,PK401P9800,PK401P9800,473.5,0.0,0.0,0.0,1,127.5,1054.0,1,473.5,0.0,0.0,0.0,0.0,0.0,12
2023-05-10 10:35:21,PK401P9800,PK401P9800,473.5,0.0,0.0,0.0,10,128.0,1053.5,10,473.5,0.0,0.0,0.0,0.0,0.0,12
2023-05-10 10:35:22,PK401P9800,PK401P9800,473.5,0.0,0.0,0.0,1,129.5,1052.0,1,473.5,0.0,0.0,0.0,0.0,0.0,12
2023-05-10 10:35:23,PK401P9800,PK401P9800,473.5,0.0,0.0,0.0,11,130.0,1051.5,10,473.5,0.0,0.0,0.0,0.0,0.0,12
2023-05-10 10:35:23,PK401P9800,PK401P9800,473.5,0.0,0.0,0.0,1,131.5,1050.0,1,473.5,0.0,0.0,0.0,0.0,0.0,12
2023-05-10 10:35:23,PK401P9800,PK401P9800,473.5,0.0,0.0,0.0,10,132.0,1049.5,10,473.5,0.0,0.0,0.0,0.0,0.0,12
2023-05-10 10:35:24,PK401P9800,PK401P9800,473.5,0.0,0.0,0.0,1,133.5,1048.0,1,473.5,0.0,0.0,0.0,0.0,0.0,12
2023-05-10 10:35:24,PK401P9800,PK401P9800,473.5,0.0,0.0,0.0,10,134.0,1047.5,10,473.5,0.0,0.0,0.0,0.0,0.0,12
2023-05-10 10:35:24,PK401P9800,PK401P9800,473.5,0.0,0.0,0.0,1,133.5,1048.0,1,473.5,0.0,0.0,0.0,0.0,0.0,12
2023-05-10 10:35:24,PK401P9800,PK401P9800,473.5,0.0,0.0,0.0,10,134.0,1047.5,10,473.5,0.0,0.0,0.0,0.0,0.0,12
2023-05-10 10:35:25,PK401P9800,PK401P9800,473.5,0.0,0.0,0.0,11,134.0,1047.5,10,473.5,0.0,0.0,0.0,0.0,0.0,12
2023-05-10 10:35:25,PK401P9800,PK401P9800,473.5,0.0,0.0,0.0,1,135.5,1046.0,1,473.5,0.0,0.0,0.0,0.0,0.0,12
2023-05-10 10:35:26,PK401P9800,PK401P9800,473.5,0.0,0.0,0.0,11,136.0,1045.5,10,473.5,0.0,0.0,0.0,0.0,0.0,12
2023-05-10 10:35:26,PK401P9800,PK401P9800,473.5,0.0,0.0,0.0,1,137.5,1044.0,1,473.5,0.0,0.0,0.0,0.0,0.0,12
2023-05-10 10:35:27,PK401P9800,PK401P9800,473.5,0.0,0.0,0.0,11,138.0,1043.5,10,473.5,0.0,0.0,0.0,0.0,0.0,12
2023-05-10 10:35:27,PK401P9800,PK401P9800,473.5,0.0,0.0,0.0,1,139.5,1042.0,1,473.5,0.0,0.0,0.0,0.0,0.0,12
2023-05-10 10:35:28,PK401P9800,PK401P9800,473.5,0.0,0.0,0.0,11,140.0,1041.5,10,473.5,0.0,0.0,0.0,0.0,0.0,12
2023-05-10 10:35:28,PK401P9800,PK401P9800,473.5,0.0,0.0,0.0,1,141.5,1040.0,1,473.5,0.0,0.0,0.0,0.0,0.0,12
2023-05-10 10:35:29,PK401P9800,PK401P9800,473.5,0.0,0.0,0.0,11,142.0,1039.5,10,473.5,0.0,0.0,0.0,0.0,0.0,12
2023-05-10 10:35:29,PK401P9800,PK401P9800,473.5,0.0,0.0,0.0,1,143.5,1038.0,1,473.5,0.0,0.0,0.0,0.0,0.0,12
2023-05-10 10:35:30,PK401P9800,PK401P9800,473.5,0.0,0.0,0.0,11,144.0,1037.5,10,473.5,0.0,0.0,0.0,0.0,0.0,12
2023-05-10 10:35:30,PK401P9800,PK401P9800,473.5,0.0,0.0,0.0,1,145.5,1036.0,1,473.5,0.0,0.0,0.0,0.0,0.0,12
2023-05-10 10:35:31,PK401P9800,PK401P9800,473.5,0.0,0.0,0.0,10,146.0,1035.5,10,473.5,0.0,0.0,0.0,0.0,0.0,12
2023-05-10 10:35:32,PK401P9800,PK401P9800,473.5,0.0,0.0,0.0,1,147.5,1034.0,1,473.5,0.0,0.0,0.0,0.0,0.0,12
2023-05-10 10:35:32,PK401P9800,PK401P9800,473.5,0.0,0.0,0.0,11,148.0,1033.5,10,473.5,0.0,0.0,0.0,0.0,0.0,12
2023-05-10 10:35:32,PK401P9800,PK401P9800,473.5,0.0,0.0,0.0,1,147.5,1034.0,1,473.5,0.0,0.0,0.0,0.0,0.0,12
2023-05-10 10:35:32,PK401P9800,PK401P9800,473.5,0.0,0.0,0.0,11,148.0,1033.5,10,473.5,0.0,0.0,0.0,0.0,0.0,12
2023-05-10 10:35:33,PK401P9800,PK401P9800,473.5,0.0,0.0,0.0,1,149.5,1033.5,10,473.5,0.0,0.0,0.0,0.0,0.0,12
2023-05-10 10:35:34,PK401P9800,PK401P9800,473.5,0.0,0.0,0.0,11,150.0,1033.5,10,473.5,0.0,0.0,0.0,0.0,0.0,12
2023-05-10 10:35:34,PK401P9800,PK401P9800,473.5,0.0,0.0,0.0,1,151.5,1032.0,1,473.5,0.0,0.0,0.0,0.0,0.0,12
2023-05-10 10:35:35,PK401P9800,PK401P9800,473.5,0.0,0.0,0.0,11,152.0,1031.5,10,473.5,0.0,0.0,0.0,0.0,0.0,12
2023-05-10 10:35:35,PK401P9800,PK401P9800,473.5,0.0,0.0,0.0,1,153.5,1031.5,10,473.5,0.0,0.0,0.0,0.0,0.0,12
2023-05-10 10:35:36,PK401P9800,PK401P9800,473.5,0.0,0.0,0.0,11,154.0,1031.5,10,473.5,0.0,0.0,0.0,0.0,0.0,12
2023-05-10 10:35:36,PK401P9800,PK401P9800,473.5,0.0,0.0,0.0,1,155.5,1031.5,10,473.5,0.0,0.0,0.0,0.0,0.0,12
2023-05-10 10:35:37,PK401P9800,PK401P9800,473.5,0.0,0.0,0.0,10,156.0,1031.5,10,473.5,0.0,0.0,0.0,0.0,0.0,12
2023-05-10 10:35:37,PK401P9800,PK401P9800,473.5,0.0,0.0,0.0,11,156.0,1031.5,10,473.5,0.0,0.0,0.0,0.0,0.0,12
2023-05-10 10:35:38,PK401P9800,PK401P9800,473.5,0.0,0.0,0.0,1,157.5,1030.0,1,473.5,0.0,0.0,0.0,0.0,0.0,12
2023-05-10 10:35:39,PK401P9800,PK401P9800,473.5,0.0,0.0,0.0,11,158.0,1029.5,10,473.5,0.0,0.0,0.0,0.0,0.0,12
2023-05-10 10:35:39,PK401P9800,PK401P9800,473.5,0.0,0.0,0.0,1,159.5,1029.5,10,473.5,0.0,0.0,0.0,0.0,0.0,12
2023-05-10 10:35:40,PK401P9800,PK401P9800,473.5,0.0,0.0,0.0,11,160.0,1028.0,1,473.5,0.0,0.0,0.0,0.0,0.0,12
2023-05-10 10:35:40,PK401P9800,PK401P9800,473.5,0.0,0.0,0.0,11,160.0,1027.5,10,473.5,0.0,0.0,0.0,0.0,0.0,12
2023-05-10 10:35:40,PK401P9800,PK401P9800,473.5,0.0,0.0,0.0,1,161.5,1026.0,1,473.5,0.0,0.0,0.0,0.0,0.0,12
2023-05-10 10:35:41,PK401P9800,PK401P9800,473.5,0.0,0.0,0.0,10,162.0,1025.5,10,473.5,0.0,0.0,0.0,0.0,0.0,12
2023-05-10 10:35:41,PK401P9800,PK401P9800,473.5,0.0,0.0,0.0,1,163.5,1024.0,1,473.5,0.0,0.0,0.0,0.0,0.0,12
2023-05-10 10:35:42,PK401P9800,PK401P9800,473.5,0.0,0.0,0.0,10,164.0,1023.5,10,473.5,0.0,0.0,0.0,0.0,0.0,12
2023-05-10 10:35:42,PK401P9800,PK401P9800,473.5,0.0,0.0,0.0,11,164.0,1023.5,10,473.5,0.0,0.0,0.0,0.0,0.0,12
2023-05-10 10:35:42,PK401P9800,PK401P9800,473.5,0.0,0.0,0.0,10,164.0,1023.5,10,473.5,0.0,0.0,0.0,0.0,0.0,12
2023-05-10 10:35:43,PK401P9800,PK401P9800,473.5,0.0,0.0,0.0,1,165.5,1022.0,1,473.5,0.0,0.0,0.0,0.0,0.0,12
2023-05-10 10:35:44,PK401P9800,PK401P9800,473.5,0.0,0.0,0.0,11,166.0,1021.5,10,473.5,0.0,0.0,0.0,0.0,0.0,12
2023-05-10 10:35:44,PK401P9800,PK401P9800,473.5,0.0,0.0,0.0,1,167.5,1020.0,1,473.5,0.0,0.0,0.0,0.0,0.0,12
2023-05-10 10:35:45,PK401P9800,PK401P9800,473.5,0.0,0.0,0.0,11,168.0,1019.5,10,473.5,0.0,0.0,0.0,0.0,0.0,12
2023-05-10 10:35:45,PK401P9800,PK401P9800,473.5,0.0,0.0,0.0,1,169.5,1018.0,1,473.5,0.0,0.0,0.0,0.0,0.0,12
2023-05-10 10:35:46,PK401P9800,PK401P9800,473.5,0.0,0.0,0.0,11,170.0,1017.5,10,473.5,0.0,0.0,0.0,0.0,0.0,12
2023-05-10 10:35:47,PK401P9800,PK401P9800,473.5,0.0,0.0,0.0,1,171.5,1016.0,1,473.5,0.0,0.0,0.0,0.0,0.0,12
2023-05-10 10:35:48,PK401P9800,PK401P9800,473.5,0.0,0.0,0.0,11,172.0,1015.5,10,473.5,0.0,0.0,0.0,0.0,0.0,12
2023-05-10 10:35:49,PK401P9800,PK401P9800,473.5,0.0,0.0,0.0,1,173.5,1015.5,10,473.5,0.0,0.0,0.0,0.0,0.0,12
2023-05-10 10:35:50,PK401P9800,PK401P9800,473.5,0.0,0.0,0.0,11,174.0,1014.0,1,473.5,0.0,0.0,0.0,0.0,0.0,12
2023-05-10 10:35:50,PK401P9800,PK401P9800,473.5,0.0,0.0,0.0,11,174.0,1013.5,10,473.5,0.0,0.0,0.0,0.0,0.0,12
2023-05-10 10:35:51,PK401P9800,PK401P9800,473.5,0.0,0.0,0.0,1,175.5,1013.5,10,473.5,0.0,0.0,0.0,0.0,0.0,12
2023-05-10 10:35:52,PK401P9800,PK401P9800,473.5,0.0,0.0,0.0,10,176.0,1013.5,10,473.5,0.0,0.0,0.0,0.0,0.0,12
2023-05-10 10:35:52,PK401P9800,PK401P9800,473.5,0.0,0.0,0.0,1,177.5,1012.0,1,473.5,0.0,0.0,0.0,0.0,0.0,12
2023-05-10 10:35:53,PK401P9800,PK401P9800,473.5,0.0,0.0,0.0,10,178.0,1011.5,10,473.5,0.0,0.0,0.0,0.0,0.0,12
2023-05-10 10:35:53,PK401P9800,PK401P9800,473.5,0.0,0.0,0.0,1,179.5,1010.0,1,473.5,0.0,0.0,0.0,0.0,0.0,12
2023-05-10 10:35:54,PK401P9800,PK401P9800,473.5,0.0,0.0,0.0,11,180.0,1009.5,10,473.5,0.0,0.0,0.0,0.0,0.0,12
2023-05-10 10:35:55,PK401P9800,PK401P9800,473.5,0.0,0.0,0.0,1,181.5,1008.0,1,473.5,0.0,0.0,0.0,0.0,0.0,12
2023-05-10 10:35:56,PK401P9800,PK401P9800,473.5,0.0,0.0,0.0,11,182.0,1007.5,10,473.5,0.0,0.0,0.0,0.0,0.0,12
2023-05-10 10:35:56,PK401P9800,PK401P9800,473.5,0.0,0.0,0.0,1,183.5,1006.0,1,473.5,0.0,0.0,0.0,0.0,0.0,12
2023-05-10 10:35:57,PK401P9800,PK401P9800,473.5,0.0,0.0,0.0,11,184.0,1005.5,10,473.5,0.0,0.0,0.0,0.0,0.0,12
2023-05-10 10:35:57,PK401P9800,PK401P9800,473.5,0.0,0.0,0.0,1,185.5,1004.0,1,473.5,0.0,0.0,0.0,0.0,0.0,12
2023-05-10 10:35:58,PK401P9800,PK401P9800,473.5,0.0,0.0,0.0,11,186.0,1003.5,10,473.5,0.0,0.0,0.0,0.0,0.0,12
2023-05-10 10:35:58,PK401P9800,PK401P9800,473.5,0.0,0.0,0.0,1,187.5,1002.0,1,473.5,0.0,0.0,0.0,0.0,0.0,12
2023-05-10 10:35:59,PK401P9800,PK401P9800,473.5,0.0,0.0,0.0,1,188.0,1002.0,1,473.5,0.0,0.0,0.0,0.0,0.0,12
2023-05-10 10:35:59,PK401P9800,PK401P9800,473.5,0.0,0.0,0.0,1,189.5,1001.5,10,473.5,0.0,0.0,0.0,0.0,0.0,12
2023-05-10 10:36:00,PK401P9800,PK401P9800,473.5,0.0,0.0,0.0,11,190.0,1000.0,1,473.5,0.0,0.0,0.0,0.0,0.0,12
2023-05-10 10:36:00,PK401P9800,PK401P9800,473.5,0.0,0.0,0.0,1,191.5,999.5,10,473.5,0.0,0.0,0.0,0.0,0.0,12
2023-05-10 10:36:01,PK401P9800,PK401P9800,473.5,0.0,0.0,0.0,11,192.0,998.0,1,473.5,0.0,0.0,0.0,0.0,0.0,12
2023-05-10 10:36:01,PK401P9800,PK401P9800,473.5,0.0,0.0,0.0,1,193.5,997.5,10,473.5,0.0,0.0,0.0,0.0,0.0,12
2023-05-10 10:36:02,PK401P9800,PK401P9800,473.5,0.0,0.0,0.0,11,194.0,996.0,1,473.5,0.0,0.0,0.0,0.0,0.0,12
2023-05-10 10:36:02,PK401P9800,PK401P9800,473.5,0.0,0.0,0.0,1,195.5,995.5,10,473.5,0.0,0.0,0.0,0.0,0.0,12
2023-05-10 10:36:03,PK401P9800,PK401P9800,473.5,0.0,0.0,0.0,11,196.0,994.0,1,473.5,0.0,0.0,0.0,0.0,0.0,12
2023-05-10 10:36:03,PK401P9800,PK401P9800,473.5,0.0,0.0,0.0,1,197.5,993.5,10,473.5,0.0,0.0,0.0,0.0,0.0,12
2023-05-10 10:36:04,PK401P9800,PK401P9800,473.5,0.0,0.0,0.0,11,198.0,992.0,1,473.5,0.0,0.0,0.0,0.0,0.0,12
2023-05-10 10:36:04,PK401P9800,PK401P9800,473.5,0.0,0.0,0.0,1,199.5,991.5,10,473.5,0.0,0.0,0.0,0.0,0.0,12
2023-05-10 10:36:05,PK401P9800,PK401P9800,473.5,0.0,0.0,0.0,11,200.0,990.0,1,473.5,0.0,0.0,0.0,0.0,0.0,12
2023-05-10 10:36:05,PK401P9800,PK401P9800,473.5,0.0,0.0,0.0,1,201.5,989.5,10,473.5,0.0,0.0,0.0,0.0,0.0,12
2023-05-10 10:36:05,PK401P9800,PK401P9800,473.5,0.0,0.0,0.0,10,202.0,988.0,1,473.5,0.0,0.0,0.0,0.0,0.0,12
2023-05-10 10:36:06,PK401P9800,PK401P9800,473.5,0.0,0.0,0.0,1,203.5,987.5,10,473.5,0.0,0.0,0.0,0.0,0.0,12
2023-05-10 10:36:06,PK401P9800,PK401P9800,473.5,0.0,0.0,0.0,10,204.0,986.0,1,473.5,0.0,0.0,0.0,0.0,0.0,12
2023-05-10 10:36:07,PK401P9800,PK401P9800,473.5,0.0,0.0,0.0,1,205.5,985.5,10,473.5,0.0,0.0,0.0,0.0,0.0,12
2023-05-10 10:36:07,PK401P9800,PK401P9800,473.5,0.0,0.0,0.0,10,206.0,984.0,1,473.5,0.0,0.0,0.0,0.0,0.0,12
2023-05-10 10:36:08,PK401P9800,PK401P9800,473.5,0.0,0.0,0.0,1,207.5,983.5,10,473.5,0.0,0.0,0.0,0.0,0.0,12
2023-05-10 10:36:08,PK401P9800,PK401P9800,473.5,0.0,0.0,0.0,10,208.0,982.0,1,473.5,0.0,0.0,0.0,0.0,0.0,12
2023-05-10 10:36:09,PK401P9800,PK401P9800,473.5,0.0,0.0,0.0,1,209.5,981.5,10,473.5,0.0,0.0,0.0,0.0,0.0,12
2023-05-10 10:36:09,PK401P9800,PK401P9800,473.5,0.0,0.0,0.0,10,210.0,980.0,1,473.5,0.0,0.0,0.0,0.0,0.0,12
2023-05-10 10:36:10,PK401P9800,PK401P9800,473.5,0.0,0.0,0.0,10,210.0,979.5,10,473.5,0.0,0.0,0.0,0.0,0.0,12
2023-05-10 10:36:10,PK401P9800,PK401P9800,473.5,0.0,0.0,0.0,10,210.0,978.0,1,473.5,0.0,0.0,0.0,0.0,0.0,12
2023-05-10 10:36:11,PK401P9800,PK401P9800,473.5,0.0,0.0,0.0,10,210.0,977.5,10,473.5,0.0,0.0,0.0,0.0,0.0,12
2023-05-10 10:36:11,PK401P9800,PK401P9800,473.5,0.0,0.0,0.0,10,210.0,976.0,1,473.5,0.0,0.0,0.0,0.0,0.0,12
2023-05-10 10:36:12,PK401P9800,PK401P9800,473.5,0.0,0.0,0.0,10,210.0,975.5,10,473.5,0.0,0.0,0.0,0.0,0.0,12
2023-05-10 10:36:14,PK401P9800,PK401P9800,473.5,0.0,0.0,0.0,10,210.0,974.0,1,473.5,0.0,0.0,0.0,0.0,0.0,12
2023-05-10 10:36:15,PK401P9800,PK401P9800,473.5,0.0,0.0,0.0,10,210.0,973.5,10,473.5,0.0,0.0,0.0,0.0,0.0,12
2023-05-10 10:36:15,PK401P9800,PK401P9800,473.5,0.0,0.0,0.0,10,210.0,972.0,1,473.5,0.0,0.0,0.0,0.0,0.0,12
2023-05-10 10:36:16,PK401P9800,PK401P9800,473.5,0.0,0.0,0.0,10,210.0,971.5,10,473.5,0.0,0.0,0.0,0.0,0.0,12
2023-05-10 10:36:17,PK401P9800,PK401P9800,473.5,0.0,0.0,0.0,10,210.0,970.0,1,473.5,0.0,0.0,0.0,0.0,0.0,12
2023-05-10 10:36:18,PK401P9800,PK401P9800,473.5,0.0,0.0,0.0,10,210.0,969.5,10,473.5,0.0,0.0,0.0,0.0,0.0,12
2023-05-10 10:36:21,PK401P9800,PK401P9800,473.5,0.0,0.0,0.0,10,210.0,968.0,1,473.5,0.0,0.0,0.0,0.0,0.0,12
2023-05-10 10:36:22,PK401P9800,PK401P9800,473.5,0.0,0.0,0.0,10,210.0,967.5,10,473.5,0.0,0.0,0.0,0.0,0.0,12
2023-05-10 10:36:22,PK401P9800,PK401P9800,473.5,0.0,0.0,0.0,10,210.0,966.0,1,473.5,0.0,0.0,0.0,0.0,0.0,12
2023-05-10 10:36:23,PK401P9800,PK401P9800,473.5,0.0,0.0,0.0,10,210.0,965.5,10,473.5,0.0,0.0,0.0,0.0,0.0,12
2023-05-10 10:36:23,PK401P9800,PK401P9800,473.5,0.0,0.0,0.0,10,210.0,964.0,1,473.5,0.0,0.0,0.0,0.0,0.0,12
2023-05-10 10:36:24,PK401P9800,PK401P9800,473.5,0.0,0.0,0.0,10,210.0,963.5,10,473.5,0.0,0.0,0.0,0.0,0.0,12
2023-05-10 10:36:25,PK401P9800,PK401P9800,473.5,0.0,0.0,0.0,10,210.0,962.0,1,473.5,0.0,0.0,0.0,0.0,0.0,12
2023-05-10 10:36:26,PK401P9800,PK401P9800,473.5,0.0,0.0,0.0,10,210.0,961.5,10,473.5,0.0,0.0,0.0,0.0,0.0,12
2023-05-10 10:36:26,PK401P9800,PK401P9800,473.5,0.0,0.0,0.0,10,210.0,960.0,1,473.5,0.0,0.0,0.0,0.0,0.0,12
2023-05-10 10:36:27,PK401P9800,PK401P9800,473.5,0.0,0.0,0.0,10,210.0,959.5,10,473.5,0.0,0.0,0.0,0.0,0.0,12
2023-05-10 10:36:27,PK401P9800,PK401P9800,473.5,0.0,0.0,0.0,10,210.0,958.0,1,473.5,0.0,0.0,0.0,0.0,0.0,12
2023-05-10 10:36:28,PK401P9800,PK401P9800,473.5,0.0,0.0,0.0,10,210.0,957.5,10,473.5,0.0,0.0,0.0,0.0,0.0,12
2023-05-10 10:36:28,PK401P9800,PK401P9800,473.5,0.0,0.0,0.0,10,210.0,956.0,1,473.5,0.0,0.0,0.0,0.0,0.0,12
2023-05-10 10:36:29,PK401P9800,PK401P9800,473.5,0.0,0.0,0.0,10,210.0,955.5,10,473.5,0.0,0.0,0.0,0.0,0.0,12
2023-05-10 10:36:29,PK401P9800,PK401P9800,473.5,0.0,0.0,0.0,10,210.0,954.0,1,473.5,0.0,0.0,0.0,0.0,0.0,12
2023-05-10 10:36:30,PK401P9800,PK401P9800,473.5,0.0,0.0,0.0,10,210.0,953.5,10,473.5,0.0,0.0,0.0,0.0,0.0,12
2023-05-10 10:36:30,PK401P9800,PK401P9800,473.5,0.0,0.0,0.0,10,210.0,952.0,1,473.5,0.0,0.0,0.0,0.0,0.0,12
2023-05-10 10:36:31,PK401P9800,PK401P9800,473.5,0.0,0.0,0.0,10,210.0,951.5,10,473.5,0.0,0.0,0.0,0.0,0.0,12
2023-05-10 10:36:31,PK401P9800,PK401P9800,473.5,0.0,0.0,0.0,10,210.0,950.0,1,473.5,0.0,0.0,0.0,0.0,0.0,12
2023-05-10 10:36:32,PK401P9800,PK401P9800,473.5,0.0,0.0,0.0,10,210.0,949.5,10,473.5,0.0,0.0,0.0,0.0,0.0,12
2023-05-10 10:36:32,PK401P9800,PK401P9800,473.5,0.0,0.0,0.0,10,210.0,948.0,1,473.5,0.0,0.0,0.0,0.0,0.0,12
2023-05-10 10:36:33,PK401P9800,PK401P9800,473.5,0.0,0.0,0.0,10,210.0,947.5,10,473.5,0.0,0.0,0.0,0.0,0.0,12
2023-05-10 10:36:34,PK401P9800,PK401P9800,473.5,0.0,0.0,0.0,10,210.0,946.0,1,473.5,0.0,0.0,0.0,0.0,0.0,12
2023-05-10 10:37:31,PK401P9800,PK401P9800,473.5,0.0,0.0,0.0,10,210.0,945.5,10,473.5,0.0,0.0,0.0,0.0,0.0,12
2023-05-10 10:37:33,PK401P9800,PK401P9800,473.5,0.0,0.0,0.0,10,210.0,944.0,1,473.5,0.0,0.0,0.0,0.0,0.0,12
2023-05-10 10:41:10,PK401P9800,PK401P9800,473.5,0.0,0.0,0.0,10,210.0,943.5,10,473.5,0.0,0.0,0.0,0.0,0.0,12
2023-05-10 10:41:12,PK401P9800,PK401P9800,473.5,0.0,0.0,0.0,10,210.0,942.0,1,473.5,0.0,0.0,0.0,0.0,0.0,12
2023-05-10 10:41:12,PK401P9800,PK401P9800,473.5,0.0,0.0,0.0,10,210.0,941.5,10,473.5,0.0,0.0,0.0,0.0,0.0,12
2023-05-10 10:41:15,PK401P9800,PK401P9800,473.5,0.0,0.0,0.0,10,210.0,940.0,1,473.5,0.0,0.0,0.0,0.0,0.0,12
2023-05-10 10:41:15,PK401P9800,PK401P9800,473.5,0.0,0.0,0.0,10,210.0,939.5,10,473.5,0.0,0.0,0.0,0.0,0.0,12
2023-05-10 10:41:18,PK401P9800,PK401P9800,473.5,0.0,0.0,0.0,10,210.0,938.0,1,473.5,0.0,0.0,0.0,0.0,0.0,12
2023-05-10 10:41:18,PK401P9800,PK401P9800,473.5,0.0,0.0,0.0,10,210.0,937.5,10,473.5,0.0,0.0,0.0,0.0,0.0,12
2023-05-10 10:41:20,PK401P9800,PK401P9800,473.5,0.0,0.0,0.0,10,210.0,936.0,1,473.5,0.0,0.0,0.0,0.0,0.0,12
2023-05-10 10:41:20,PK401P9800,PK401P9800,473.5,0.0,0.0,0.0,10,210.0,935.5,10,473.5,0.0,0.0,0.0,0.0,0.0,12
2023-05-10 10:41:23,PK401P9800,PK401P9800,473.5,0.0,0.0,0.0,10,210.0,934.0,1,473.5,0.0,0.0,0.0,0.0,0.0,12
2023-05-10 10:41:23,PK401P9800,PK401P9800,473.5,0.0,0.0,0.0,10,210.0,933.5,10,473.5,0.0,0.0,0.0,0.0,0.0,12
2023-05-10 10:53:17,PK401P9800,PK401P9800,473.5,0.0,0.0,0.0,1,211.5,932.0,1,473.5,0.0,0.0,0.0,0.0,0.0,12
2023-05-10 10:53:31,PK401P9800,PK401P9800,473.5,0.0,0.0,0.0,10,212.0,931.5,10,473.5,0.0,0.0,0.0,0.0,0.0,12
2023-05-10 10:53:32,PK401P9800,PK401P9800,473.5,0.0,0.0,0.0,1,213.5,930.0,1,473.5,0.0,0.0,0.0,0.0,0.0,12
2023-05-10 10:54:10,PK401P9800,PK401P9800,473.5,0.0,0.0,0.0,10,214.0,929.5,10,473.5,0.0,0.0,0.0,0.0,0.0,12
2023-05-10 10:54:12,PK401P9800,PK401P9800,473.5,0.0,0.0,0.0,10,214.0,928.0,1,473.5,0.0,0.0,0.0,0.0,0.0,12
2023-05-10 10:54:12,PK401P9800,PK401P9800,473.5,0.0,0.0,0.0,10,214.0,927.5,10,473.5,0.0,0.0,0.0,0.0,0.0,12
2023-05-10 10:54:14,PK401P9800,PK401P9800,473.5,0.0,0.0,0.0,10,214.0,926.0,1,473.5,0.0,0.0,0.0,0.0,0.0,12
2023-05-10 10:54:14,PK401P9800,PK401P9800,473.5,0.0,0.0,0.0,10,214.0,925.5,10,473.5,0.0,0.0,0.0,0.0,0.0,12
2023-05-10 10:54:16,PK401P9800,PK401P9800,473.5,0.0,0.0,0.0,10,214.0,924.0,1,473.5,0.0,0.0,0.0,0.0,0.0,12
2023-05-10 10:54:16,PK401P9800,PK401P9800,473.5,0.0,0.0,0.0,10,214.0,923.5,10,473.5,0.0,0.0,0.0,0.0,0.0,12
2023-05-10 10:54:17,PK401P9800,PK401P9800,473.5,0.0,0.0,0.0,10,214.0,922.0,1,473.5,0.0,0.0,0.0,0.0,0.0,12
2023-05-10 10:54:17,PK401P9800,PK401P9800,473.5,0.0,0.0,0.0,10,214.0,921.5,10,473.5,0.0,0.0,0.0,0.0,0.0,12
2023-05-10 10:54:18,PK401P9800,PK401P9800,473.5,0.0,0.0,0.0,10,214.0,920.0,1,473.5,0.0,0.0,0.0,0.0,0.0,12
2023-05-10 10:54:18,PK401P9800,PK401P9800,473.5,0.0,0.0,0.0,10,214.0,919.5,10,473.5,0.0,0.0,0.0,0.0,0.0,12
2023-05-10 10:54:19,PK401P9800,PK401P9800,473.5,0.0,0.0,0.0,10,214.0,918.0,1,473.5,0.0,0.0,0.0,0.0,0.0,12
2023-05-10 10:54:19,PK401P9800,PK401P9800,473.5,0.0,0.0,0.0,10,214.0,917.5,10,473.5,0.0,0.0,0.0,0.0,0.0,12
2023-05-10 10:54:20,PK401P9800,PK401P9800,473.5,0.0,0.0,0.0,10,214.0,916.0,1,473.5,0.0,0.0,0.0,0.0,0.0,12
2023-05-10 10:54:20,PK401P9800,PK401P9800,473.5,0.0,0.0,0.0,10,214.0,915.5,10,473.5,0.0,0.0,0.0,0.0,0.0,12
2023-05-10 11:13:17,PK401P9800,PK401P9800,473.5,0.0,0.0,0.0,1,215.5,914.0,1,473.5,0.0,0.0,0.0,0.0,0.0,12
2023-05-10 11:13:18,PK401P9800,PK401P9800,473.5,0.0,0.0,0.0,10,216.0,913.5,10,473.5,0.0,0.0,0.0,0.0,0.0,12
2023-05-10 11:13:19,PK401P9800,PK401P9800,473.5,0.0,0.0,0.0,1,217.5,912.0,1,473.5,0.0,0.0,0.0,0.0,0.0,12
2023-05-10 11:13:19,PK401P9800,PK401P9800,473.5,0.0,0.0,0.0,10,218.0,911.5,10,473.5,0.0,0.0,0.0,0.0,0.0,12
2023-05-10 11:13:20,PK401P9800,PK401P9800,473.5,0.0,0.0,0.0,10,218.0,910.0,1,473.5,0.0,0.0,0.0,0.0,0.0,12
2023-05-10 11:14:39,PK401P9800,PK401P9800,473.5,0.0,0.0,0.0,1,226.0,910.0,1,473.5,0.0,0.0,0.0,0.0,0.0,12
2023-05-10 11:14:40,PK401P9800,PK401P9800,473.5,0.0,0.0,0.0,10,226.5,909.5,10,473.5,0.0,0.0,0.0,0.0,0.0,12
2023-05-10 11:14:40,PK401P9800,PK401P9800,473.5,0.0,0.0,0.0,1,234.5,908.0,1,473.5,0.0,0.0,0.0,0.0,0.0,12
2023-05-10 11:15:02,PK401P9800,PK401P9800,473.5,0.0,0.0,0.0,1,67.5,908.0,1,473.5,0.0,0.0,0.0,0.0,0.0,12
2023-05-10 11:15:02,PK401P9800,PK401P9800,473.5,0.0,0.0,0.0,1,75.5,907.5,10,473.5,0.0,0.0,0.0,0.0,0.0,12
2023-05-10 11:15:03,PK401P9800,PK401P9800,473.5,0.0,0.0,0.0,1,77.0,906.0,1,473.5,0.0,0.0,0.0,0.0,0.0,12
2023-05-10 11:15:03,PK401P9800,PK401P9800,473.5,0.0,0.0,0.0,1,85.0,905.5,10,473.5,0.0,0.0,0.0,0.0,0.0,12
2023-05-10 11:15:04,PK401P9800,PK401P9800,473.5,0.0,0.0,0.0,1,86.5,904.0,1,473.5,0.0,0.0,0.0,0.0,0.0,12
2023-05-10 11:15:05,PK401P9800,PK401P9800,473.5,0.0,0.0,0.0,1,94.5,904.0,1,473.5,0.0,0.0,0.0,0.0,0.0,12
2023-05-10 11:15:05,PK401P9800,PK401P9800,473.5,0.0,0.0,0.0,10,95.0,903.5,10,473.5,0.0,0.0,0.0,0.0,0.0,12
2023-05-10 11:15:06,PK401P9800,PK401P9800,473.5,0.0,0.0,0.0,1,103.0,903.5,10,473.5,0.0,0.0,0.0,0.0,0.0,12
2023-05-10 11:15:07,PK401P9800,PK401P9800,473.5,0.0,0.0,0.0,10,103.5,903.5,10,473.5,0.0,0.0,0.0,0.0,0.0,12
2023-05-10 11:15:07,PK401P9800,PK401P9800,473.5,0.0,0.0,0.0,1,111.5,903.5,10,473.5,0.0,0.0,0.0,0.0,0.0,12
2023-05-10 11:16:56,PK401P9800,PK401P9800,473.5,0.0,0.0,0.0,10,112.0,903.5,10,473.5,0.0,0.0,0.0,0.0,0.0,12
2023-05-10 11:16:56,PK401P9800,PK401P9800,473.5,0.0,0.0,0.0,1,120.0,903.5,10,473.5,0.0,0.0,0.0,0.0,0.0,12
2023-05-10 11:17:19,PK401P9800,PK401P9800,473.5,0.0,0.0,0.0,10,121.0,903.5,10,473.5,0.0,0.0,0.0,0.0,0.0,12
2023-05-10 11:17:20,PK401P9800,PK401P9800,473.5,0.0,0.0,0.0,1,129.0,903.5,10,473.5,0.0,0.0,0.0,0.0,0.0,12
2023-05-10 11:17:20,PK401P9800,PK401P9800,473.5,0.0,0.0,0.0,10,129.5,903.5,10,473.5,0.0,0.0,0.0,0.0,0.0,12
2023-05-10 11:17:21,PK401P9800,PK401P9800,473.5,0.0,0.0,0.0,1,137.5,903.5,10,473.5,0.0,0.0,0.0,0.0,0.0,12
2023-05-10 11:17:21,PK401P9800,PK401P9800,473.5,0.0,0.0,0.0,10,138.0,903.5,10,473.5,0.0,0.0,0.0,0.0,0.0,12
2023-05-10 11:17:22,PK401P9800,PK401P9800,473.5,0.0,0.0,0.0,1,146.0,903.5,10,473.5,0.0,0.0,0.0,0.0,0.0,12
2023-05-10 11:17:22,PK401P9800,PK401P9800,473.5,0.0,0.0,0.0,10,146.5,903.5,10,473.5,0.0,0.0,0.0,0.0,0.0,12
2023-05-10 11:17:23,PK401P9800,PK401P9800,473.5,0.0,0.0,0.0,1,150.5,903.5,10,473.5,0.0,0.0,0.0,0.0,0.0,12
2023-05-10 11:17:23,PK401P9800,PK401P9800,473.5,0.0,0.0,0.0,10,151.0,903.5,10,473.5,0.0,0.0,0.0,0.0,0.0,12
2023-05-10 11:17:24,PK401P9800,PK401P9800,473.5,0.0,0.0,0.0,1,155.0,903.5,10,473.5,0.0,0.0,0.0,0.0,0.0,12
2023-05-10 11:17:36,PK401P9800,PK401P9800,473.5,0.0,0.0,0.0,10,155.5,903.5,10,473.5,0.0,0.0,0.0,0.0,0.0,12
2023-05-10 11:17:37,PK401P9800,PK401P9800,473.5,0.0,0.0,0.0,1,156.0,903.5,10,473.5,0.0,0.0,0.0,0.0,0.0,12
2023-05-10 11:17:37,PK401P9800,PK401P9800,473.5,0.0,0.0,0.0,10,156.5,903.5,10,473.5,0.0,0.0,0.0,0.0,0.0,12
2023-05-10 11:17:38,PK401P9800,PK401P9800,473.5,0.0,0.0,0.0,1,157.0,903.5,10,473.5,0.0,0.0,0.0,0.0,0.0,12
2023-05-10 11:17:41,PK401P9800,PK401P9800,473.5,0.0,0.0,0.0,10,157.5,903.5,10,473.5,0.0,0.0,0.0,0.0,0.0,12
2023-05-10 11:17:41,PK401P9800,PK401P9800,473.5,0.0,0.0,0.0,1,158.0,903.5,10,473.5,0.0,0.0,0.0,0.0,0.0,12
2023-05-10 11:17:42,PK401P9800,PK401P9800,473.5,0.0,0.0,0.0,10,158.5,903.5,10,473.5,0.0,0.0,0.0,0.0,0.0,12
2023-05-10 11:21:28,PK401P9800,PK401P9800,473.5,0.0,0.0,0.0,1,166.5,903.5,10,473.5,0.0,0.0,0.0,0.0,0.0,12
2023-05-10 11:21:47,PK401P9800,PK401P9800,473.5,0.0,0.0,0.0,10,167.0,903.5,10,473.5,0.0,0.0,0.0,0.0,0.0,12
2023-05-10 11:21:48,PK401P9800,PK401P9800,473.5,0.0,0.0,0.0,1,167.5,903.5,10,473.5,0.0,0.0,0.0,0.0,0.0,12
2023-05-10 11:24:25,PK401P9800,PK401P9800,473.5,0.0,0.0,0.0,10,168.0,903.5,10,473.5,0.0,0.0,0.0,0.0,0.0,12
2023-05-10 11:24:26,PK401P9800,PK401P9800,473.5,0.0,0.0,0.0,1,176.0,903.5,10,473.5,0.0,0.0,0.0,0.0,0.0,12
2023-05-10 11:24:26,PK401P9800,PK401P9800,473.5,0.0,0.0,0.0,10,176.5,903.5,10,473.5,0.0,0.0,0.0,0.0,0.0,12
2023-05-10 11:24:27,PK401P9800,PK401P9800,473.5,0.0,0.0,0.0,1,180.5,903.5,10,473.5,0.0,0.0,0.0,0.0,0.0,12
2023-05-10 11:27:07,PK401P9800,PK401P9800,473.5,0.0,0.0,0.0,1,120.5,903.5,10,473.5,0.0,0.0,0.0,0.0,0.0,12
2023-05-10 11:27:07,PK401P9800,PK401P9800,473.5,0.0,0.0,0.0,1,122.0,902.0,1,473.5,0.0,0.0,0.0,0.0,0.0,12
2023-05-10 11:29:52,PK401P9800,PK401P9800,473.5,0.0,0.0,0.0,1,12.0,0.0,0,473.5,0.0,0.0,0.0,0.0,0.0,12
2023-05-10 13:30:03,PK401P9800,PK401P9800,473.5,0.0,0.0,0.0,10,12.5,0.0,0,473.5,0.0,0.0,0.0,0.0,0.0,12
2023-05-10 13:31:13,PK401P9800,PK401P9800,473.5,0.0,0.0,0.0,1,20.5,0.0,0,473.5,0.0,0.0,0.0,0.0,0.0,12
2023-05-10 13:31:13,PK401P9800,PK401P9800,473.5,0.0,0.0,0.0,10,21.0,0.0,0,473.5,0.0,0.0,0.0,0.0,0.0,12
2023-05-10 13:31:17,PK401P9800,PK401P9800,473.5,0.0,0.0,0.0,1,22.5,1149.5,10,473.5,0.0,0.0,0.0,0.0,0.0,12
2023-05-10 13:31:17,PK401P9800,PK401P9800,473.5,0.0,0.0,0.0,10,23.0,1149.5,10,473.5,0.0,0.0,0.0,0.0,0.0,12
2023-05-10 13:31:19,PK401P9800,PK401P9800,473.5,0.0,0.0,0.0,1,24.5,1148.0,1,473.5,0.0,0.0,0.0,0.0,0.0,12
2023-05-10 13:31:19,PK401P9800,PK401P9800,473.5,0.0,0.0,0.0,10,25.0,1147.5,10,473.5,0.0,0.0,0.0,0.0,0.0,12
2023-05-10 13:31:23,PK401P9800,PK401P9800,473.5,0.0,0.0,0.0,1,26.5,1146.0,1,473.5,0.0,0.0,0.0,0.0,0.0,12
2023-05-10 13:31:24,PK401P9800,PK401P9800,473.5,0.0,0.0,0.0,10,27.0,1145.5,10,473.5,0.0,0.0,0.0,0.0,0.0,12
2023-05-10 13:31:25,PK401P9800,PK401P9800,473.5,0.0,0.0,0.0,1,28.5,1144.0,1,473.5,0.0,0.0,0.0,0.0,0.0,12
2023-05-10 13:31:25,PK401P9800,PK401P9800,473.5,0.0,0.0,0.0,10,29.0,1143.5,10,473.5,0.0,0.0,0.0,0.0,0.0,12
2023-05-10 13:31:29,PK401P9800,PK401P9800,473.5,0.0,0.0,0.0,1,37.0,1143.5,10,473.5,0.0,0.0,0.0,0.0,0.0,12
2023-05-10 13:31:29,PK401P9800,PK401P9800,473.5,0.0,0.0,0.0,10,37.5,1143.5,10,473.5,0.0,0.0,0.0,0.0,0.0,12
2023-05-10 13:31:36,PK401P9800,PK401P9800,473.5,0.0,0.0,0.0,1,45.5,1143.5,10,473.5,0.0,0.0,0.0,0.0,0.0,12
2023-05-10 13:31:36,PK401P9800,PK401P9800,473.5,0.0,0.0,0.0,10,46.0,1143.5,10,473.5,0.0,0.0,0.0,0.0,0.0,12
2023-05-10 13:31:39,PK401P9800,PK401P9800,473.5,0.0,0.0,0.0,1,54.0,1143.5,10,473.5,0.0,0.0,0.0,0.0,0.0,12
2023-05-10 13:31:40,PK401P9800,PK401P9800,473.5,0.0,0.0,0.0,10,54.5,1143.5,10,473.5,0.0,0.0,0.0,0.0,0.0,12
2023-05-10 13:31:42,PK401P9800,PK401P9800,473.5,0.0,0.0,0.0,1,62.5,1143.5,10,473.5,0.0,0.0,0.0,0.0,0.0,12
2023-05-10 13:31:42,PK401P9800,PK401P9800,473.5,0.0,0.0,0.0,10,63.0,1143.5,10,473.5,0.0,0.0,0.0,0.0,0.0,12
2023-05-10 13:31:45,PK401P9800,PK401P9800,473.5,0.0,0.0,0.0,1,71.0,1143.5,10,473.5,0.0,0.0,0.0,0.0,0.0,12
2023-05-10 13:31:45,PK401P9800,PK401P9800,473.5,0.0,0.0,0.0,10,71.5,1143.5,10,473.5,0.0,0.0,0.0,0.0,0.0,12
2023-05-10 13:31:47,PK401P9800,PK401P9800,473.5,0.0,0.0,0.0,1,79.5,1143.5,10,473.5,0.0,0.0,0.0,0.0,0.0,12
2023-05-10 13:31:48,PK401P9800,PK401P9800,473.5,0.0,0.0,0.0,10,80.0,1143.5,10,473.5,0.0,0.0,0.0,0.0,0.0,12
2023-05-10 13:31:50,PK401P9800,PK401P9800,473.5,0.0,0.0,0.0,1,88.0,1143.5,10,473.5,0.0,0.0,0.0,0.0,0.0,12
2023-05-10 13:31:51,PK401P9800,PK401P9800,473.5,0.0,0.0,0.0,10,88.5,1143.5,10,473.5,0.0,0.0,0.0,0.0,0.0,12
2023-05-10 13:31:53,PK401P9800,PK401P9800,473.5,0.0,0.0,0.0,1,96.5,1143.5,10,473.5,0.0,0.0,0.0,0.0,0.0,12
2023-05-10 13:31:53,PK401P9800,PK401P9800,473.5,0.0,0.0,0.0,10,97.0,1143.5,10,473.5,0.0,0.0,0.0,0.0,0.0,12
2023-05-10 13:31:55,PK401P9800,PK401P9800,473.5,0.0,0.0,0.0,1,101.0,1143.5,10,473.5,0.0,0.0,0.0,0.0,0.0,12
2023-05-10 13:31:56,PK401P9800,PK401P9800,473.5,0.0,0.0,0.0,10,101.5,1143.5,10,473.5,0.0,0.0,0.0,0.0,0.0,12
2023-05-10 13:31:58,PK401P9800,PK401P9800,473.5,0.0,0.0,0.0,1,102.0,1143.5,10,473.5,0.0,0.0,0.0,0.0,0.0,12
2023-05-10 13:31:58,PK401P9800,PK401P9800,473.5,0.0,0.0,0.0,10,102.5,1143.5,10,473.5,0.0,0.0,0.0,0.0,0.0,12
2023-05-10 13:32:00,PK401P9800,PK401P9800,473.5,0.0,0.0,0.0,1,103.0,1143.5,10,473.5,0.0,0.0,0.0,0.0,0.0,12
2023-05-10 13:32:00,PK401P9800,PK401P9800,473.5,0.0,0.0,0.0,10,103.5,1143.5,10,473.5,0.0,0.0,0.0,0.0,0.0,12
2023-05-10 13:32:02,PK401P9800,PK401P9800,473.5,0.0,0.0,0.0,1,104.0,1143.5,10,473.5,0.0,0.0,0.0,0.0,0.0,12
2023-05-10 13:32:02,PK401P9800,PK401P9800,473.5,0.0,0.0,0.0,10,104.5,1143.5,10,473.5,0.0,0.0,0.0,0.0,0.0,12
2023-05-10 13:32:04,PK401P9800,PK401P9800,473.5,0.0,0.0,0.0,1,105.0,1143.5,10,473.5,0.0,0.0,0.0,0.0,0.0,12
2023-05-10 13:32:04,PK401P9800,PK401P9800,473.5,0.0,0.0,0.0,10,105.5,1143.5,10,473.5,0.0,0.0,0.0,0.0,0.0,12
2023-05-10 13:32:06,PK401P9800,PK401P9800,473.5,0.0,0.0,0.0,1,106.0,1143.5,10,473.5,0.0,0.0,0.0,0.0,0.0,12
2023-05-10 13:32:06,PK401P9800,PK401P9800,473.5,0.0,0.0,0.0,10,106.5,1143.5,10,473.5,0.0,0.0,0.0,0.0,0.0,12
2023-05-10 13:32:07,PK401P9800,PK401P9800,473.5,0.0,0.0,0.0,1,107.0,1143.5,10,473.5,0.0,0.0,0.0,0.0,0.0,12
2023-05-10 13:32:08,PK401P9800,PK401P9800,473.5,0.0,0.0,0.0,10,107.5,1143.5,10,473.5,0.0,0.0,0.0,0.0,0.0,12
2023-05-10 13:32:09,PK401P9800,PK401P9800,473.5,0.0,0.0,0.0,1,108.0,1143.5,10,473.5,0.0,0.0,0.0,0.0,0.0,12
2023-05-10 13:32:09,PK401P9800,PK401P9800,473.5,0.0,0.0,0.0,10,108.5,1143.5,10,473.5,0.0,0.0,0.0,0.0,0.0,12
2023-05-10 13:32:11,PK401P9800,PK401P9800,473.5,0.0,0.0,0.0,1,109.0,1143.5,10,473.5,0.0,0.0,0.0,0.0,0.0,12
2023-05-10 13:32:11,PK401P9800,PK401P9800,473.5,0.0,0.0,0.0,10,109.5,1143.5,10,473.5,0.0,0.0,0.0,0.0,0.0,12
2023-05-10 13:32:12,PK401P9800,PK401P9800,473.5,0.0,0.0,0.0,1,110.0,1143.5,10,473.5,0.0,0.0,0.0,0.0,0.0,12
2023-05-10 13:32:12,PK401P9800,PK401P9800,473.5,0.0,0.0,0.0,10,110.5,1143.5,10,473.5,0.0,0.0,0.0,0.0,0.0,12
2023-05-10 13:32:13,PK401P9800,PK401P9800,473.5,0.0,0.0,0.0,1,111.0,1143.5,10,473.5,0.0,0.0,0.0,0.0,0.0,12
2023-05-10 13:32:14,PK401P9800,PK401P9800,473.5,0.0,0.0,0.0,10,111.5,1143.5,10,473.5,0.0,0.0,0.0,0.0,0.0,12
2023-05-10 13:32:15,PK401P9800,PK401P9800,473.5,0.0,0.0,0.0,1,112.0,1143.5,10,473.5,0.0,0.0,0.0,0.0,0.0,12
2023-05-10 13:32:15,PK401P9800,PK401P9800,473.5,0.0,0.0,0.0,10,112.5,1143.5,10,473.5,0.0,0.0,0.0,0.0,0.0,12
2023-05-10 13:32:16,PK401P9800,PK401P9800,473.5,0.0,0.0,0.0,1,113.0,1143.5,10,473.5,0.0,0.0,0.0,0.0,0.0,12
2023-05-10 13:32:17,PK401P9800,PK401P9800,473.5,0.0,0.0,0.0,10,113.5,1143.5,10,473.5,0.0,0.0,0.0,0.0,0.0,12
2023-05-10 13:32:18,PK401P9800,PK401P9800,473.5,0.0,0.0,0.0,1,114.0,1143.5,10,473.5,0.0,0.0,0.0,0.0,0.0,12
2023-05-10 13:32:18,PK401P9800,PK401P9800,473.5,0.0,0.0,0.0,10,114.5,1143.5,10,473.5,0.0,0.0,0.0,0.0,0.0,12
2023-05-10 13:32:19,PK401P9800,PK401P9800,473.5,0.0,0.0,0.0,1,115.0,1143.5,10,473.5,0.0,0.0,0.0,0.0,0.0,12
2023-05-10 13:32:20,PK401P9800,PK401P9800,473.5,0.0,0.0,0.0,10,115.5,1143.5,10,473.5,0.0,0.0,0.0,0.0,0.0,12
2023-05-10 13:32:20,PK401P9800,PK401P9800,473.5,0.0,0.0,0.0,1,116.0,1143.5,10,473.5,0.0,0.0,0.0,0.0,0.0,12
2023-05-10 13:32:21,PK401P9800,PK401P9800,473.5,0.0,0.0,0.0,10,116.5,1143.5,10,473.5,0.0,0.0,0.0,0.0,0.0,12
2023-05-10 13:32:22,PK401P9800,PK401P9800,473.5,0.0,0.0,0.0,1,117.0,1143.5,10,473.5,0.0,0.0,0.0,0.0,0.0,12
2023-05-10 13:32:22,PK401P9800,PK401P9800,473.5,0.0,0.0,0.0,10,117.5,1143.5,10,473.5,0.0,0.0,0.0,0.0,0.0,12
2023-05-10 13:32:23,PK401P9800,PK401P9800,473.5,0.0,0.0,0.0,1,118.0,1143.5,10,473.5,0.0,0.0,0.0,0.0,0.0,12
2023-05-10 13:32:24,PK401P9800,PK401P9800,473.5,0.0,0.0,0.0,10,118.5,1143.5,10,473.5,0.0,0.0,0.0,0.0,0.0,12
2023-05-10 13:32:25,PK401P9800,PK401P9800,473.5,0.0,0.0,0.0,1,119.0,1143.5,10,473.5,0.0,0.0,0.0,0.0,0.0,12
2023-05-10 13:32:25,PK401P9800,PK401P9800,473.5,0.0,0.0,0.0,10,119.5,1143.5,10,473.5,0.0,0.0,0.0,0.0,0.0,12
2023-05-10 13:32:26,PK401P9800,PK401P9800,473.5,0.0,0.0,0.0,1,120.0,1143.5,10,473.5,0.0,0.0,0.0,0.0,0.0,12
2023-05-10 13:32:27,PK401P9800,PK401P9800,473.5,0.0,0.0,0.0,10,120.5,1143.5,10,473.5,0.0,0.0,0.0,0.0,0.0,12
2023-05-10 13:32:27,PK401P9800,PK401P9800,473.5,0.0,0.0,0.0,1,121.0,1143.5,10,473.5,0.0,0.0,0.0,0.0,0.0,12
2023-05-10 13:32:28,PK401P9800,PK401P9800,473.5,0.0,0.0,0.0,10,121.5,1143.5,10,473.5,0.0,0.0,0.0,0.0,0.0,12
2023-05-10 13:32:29,PK401P9800,PK401P9800,473.5,0.0,0.0,0.0,1,122.0,1143.5,10,473.5,0.0,0.0,0.0,0.0,0.0,12
2023-05-10 13:32:29,PK401P9800,PK401P9800,473.5,0.0,0.0,0.0,10,122.5,1143.5,10,473.5,0.0,0.0,0.0,0.0,0.0,12
2023-05-10 13:32:30,PK401P9800,PK401P9800,473.5,0.0,0.0,0.0,1,123.0,1143.5,10,473.5,0.0,0.0,0.0,0.0,0.0,12
2023-05-10 13:32:30,PK401P9800,PK401P9800,473.5,0.0,0.0,0.0,10,123.5,1143.5,10,473.5,0.0,0.0,0.0,0.0,0.0,12
2023-05-10 13:32:31,PK401P9800,PK401P9800,473.5,0.0,0.0,0.0,1,124.0,1143.5,10,473.5,0.0,0.0,0.0,0.0,0.0,12
2023-05-10 13:32:31,PK401P9800,PK401P9800,473.5,0.0,0.0,0.0,10,124.5,1143.5,10,473.5,0.0,0.0,0.0,0.0,0.0,12
2023-05-10 13:32:32,PK401P9800,PK401P9800,473.5,0.0,0.0,0.0,1,125.0,1143.5,10,473.5,0.0,0.0,0.0,0.0,0.0,12
2023-05-10 13:32:32,PK401P9800,PK401P9800,473.5,0.0,0.0,0.0,10,125.5,1143.5,10,473.5,0.0,0.0,0.0,0.0,0.0,12
2023-05-10 13:32:33,PK401P9800,PK401P9800,473.5,0.0,0.0,0.0,1,126.0,1143.5,10,473.5,0.0,0.0,0.0,0.0,0.0,12
2023-05-10 13:32:33,PK401P9800,PK401P9800,473.5,0.0,0.0,0.0,10,126.5,1143.5,10,473.5,0.0,0.0,0.0,0.0,0.0,12
2023-05-10 13:32:34,PK401P9800,PK401P9800,473.5,0.0,0.0,0.0,1,127.0,1143.5,10,473.5,0.0,0.0,0.0,0.0,0.0,12
2023-05-10 13:32:34,PK401P9800,PK401P9800,473.5,0.0,0.0,0.0,10,127.5,1143.5,10,473.5,0.0,0.0,0.0,0.0,0.0,12
2023-05-10 13:32:35,PK401P9800,PK401P9800,473.5,0.0,0.0,0.0,1,128.0,1143.5,10,473.5,0.0,0.0,0.0,0.0,0.0,12
2023-05-10 13:32:35,PK401P9800,PK401P9800,473.5,0.0,0.0,0.0,10,128.5,1143.5,10,473.5,0.0,0.0,0.0,0.0,0.0,12
2023-05-10 13:32:36,PK401P9800,PK401P9800,473.5,0.0,0.0,0.0,1,129.0,1143.5,10,473.5,0.0,0.0,0.0,0.0,0.0,12
2023-05-10 13:33:22,PK401P9800,PK401P9800,473.5,0.0,0.0,0.0,10,129.5,1143.5,10,473.5,0.0,0.0,0.0,0.0,0.0,12
2023-05-10 13:33:25,PK401P9800,PK401P9800,473.5,0.0,0.0,0.0,1,130.0,1143.5,10,473.5,0.0,0.0,0.0,0.0,0.0,12
2023-05-10 13:33:26,PK401P9800,PK401P9800,473.5,0.0,0.0,0.0,10,130.5,1143.5,10,473.5,0.0,0.0,0.0,0.0,0.0,12
2023-05-10 13:33:28,PK401P9800,PK401P9800,473.5,0.0,0.0,0.0,1,131.0,1143.5,10,473.5,0.0,0.0,0.0,0.0,0.0,12
2023-05-10 13:33:28,PK401P9800,PK401P9800,473.5,0.0,0.0,0.0,10,131.5,1143.5,10,473.5,0.0,0.0,0.0,0.0,0.0,12
2023-05-10 13:33:30,PK401P9800,PK401P9800,473.5,0.0,0.0,0.0,1,132.0,1143.5,10,473.5,0.0,0.0,0.0,0.0,0.0,12
2023-05-10 13:34:00,PK401P9800,PK401P9800,473.5,0.0,0.0,0.0,10,132.5,1143.5,10,473.5,0.0,0.0,0.0,0.0,0.0,12
2023-05-10 13:34:03,PK401P9800,PK401P9800,473.5,0.0,0.0,0.0,1,140.5,1143.5,10,473.5,0.0,0.0,0.0,0.0,0.0,12
2023-05-10 13:34:03,PK401P9800,PK401P9800,473.5,0.0,0.0,0.0,10,141.0,1143.5,10,473.5,0.0,0.0,0.0,0.0,0.0,12
2023-05-10 13:34:05,PK401P9800,PK401P9800,473.5,0.0,0.0,0.0,1,141.5,1143.5,10,473.5,0.0,0.0,0.0,0.0,0.0,12
2023-05-10 13:34:08,PK401P9800,PK401P9800,473.5,0.0,0.0,0.0,10,142.0,1143.5,10,473.5,0.0,0.0,0.0,0.0,0.0,12
2023-05-10 13:34:09,PK401P9800,PK401P9800,473.5,0.0,0.0,0.0,1,142.5,1143.5,10,473.5,0.0,0.0,0.0,0.0,0.0,12
2023-05-10 13:34:09,PK401P9800,PK401P9800,473.5,0.0,0.0,0.0,10,143.0,1143.5,10,473.5,0.0,0.0,0.0,0.0,0.0,12
2023-05-10 13:34:11,PK401P9800,PK401P9800,473.5,0.0,0.0,0.0,1,143.5,1143.5,10,473.5,0.0,0.0,0.0,0.0,0.0,12
2023-05-10 13:34:11,PK401P9800,PK401P9800,473.5,0.0,0.0,0.0,10,144.0,1143.5,10,473.5,0.0,0.0,0.0,0.0,0.0,12
2023-05-10 13:34:12,PK401P9800,PK401P9800,473.5,0.0,0.0,0.0,1,148.0,1143.5,10,473.5,0.0,0.0,0.0,0.0,0.0,12
2023-05-10 13:34:45,PK401P9800,PK401P9800,473.5,0.0,0.0,0.0,10,148.5,1143.5,10,473.5,0.0,0.0,0.0,0.0,0.0,12
2023-05-10 13:34:47,PK401P9800,PK401P9800,473.5,0.0,0.0,0.0,1,149.0,1143.5,10,473.5,0.0,0.0,0.0,0.0,0.0,12
2023-05-10 13:34:47,PK401P9800,PK401P9800,473.5,0.0,0.0,0.0,10,149.5,1143.5,10,473.5,0.0,0.0,0.0,0.0,0.0,12
2023-05-10 13:34:48,PK401P9800,PK401P9800,473.5,0.0,0.0,0.0,1,150.0,1143.5,10,473.5,0.0,0.0,0.0,0.0,0.0,12
2023-05-10 13:34:49,PK401P9800,PK401P9800,473.5,0.0,0.0,0.0,10,150.5,1143.5,10,473.5,0.0,0.0,0.0,0.0,0.0,12
2023-05-10 13:34:50,PK401P9800,PK401P9800,473.5,0.0,0.0,0.0,1,151.0,1143.5,10,473.5,0.0,0.0,0.0,0.0,0.0,12
2023-05-10 13:37:14,PK401P9800,PK401P9800,473.5,0.0,0.0,0.0,10,151.5,1143.5,10,473.5,0.0,0.0,0.0,0.0,0.0,12
2023-05-10 13:37:16,PK401P9800,PK401P9800,473.5,0.0,0.0,0.0,1,159.5,1143.5,10,473.5,0.0,0.0,0.0,0.0,0.0,12
2023-05-10 13:37:16,PK401P9800,PK401P9800,473.5,0.0,0.0,0.0,10,160.0,1143.5,10,473.5,0.0,0.0,0.0,0.0,0.0,12
2023-05-10 13:37:20,PK401P9800,PK401P9800,473.5,0.0,0.0,0.0,1,168.0,1143.5,10,473.5,0.0,0.0,0.0,0.0,0.0,12
2023-05-10 13:37:20,PK401P9800,PK401P9800,473.5,0.0,0.0,0.0,10,168.5,1143.5,10,473.5,0.0,0.0,0.0,0.0,0.0,12
2023-05-10 13:37:21,PK401P9800,PK401P9800,473.5,0.0,0.0,0.0,1,176.5,1143.5,10,473.5,0.0,0.0,0.0,0.0,0.0,12
2023-05-10 13:37:22,PK401P9800,PK401P9800,473.5,0.0,0.0,0.0,10,177.0,1143.5,10,473.5,0.0,0.0,0.0,0.0,0.0,12
2023-05-10 13:37:23,PK401P9800,PK401P9800,473.5,0.0,0.0,0.0,1,185.0,1143.5,10,473.5,0.0,0.0,0.0,0.0,0.0,12
2023-05-10 13:37:23,PK401P9800,PK401P9800,473.5,0.0,0.0,0.0,10,185.5,1143.5,10,473.5,0.0,0.0,0.0,0.0,0.0,12
2023-05-10 13:37:25,PK401P9800,PK401P9800,473.5,0.0,0.0,0.0,1,193.5,1143.5,10,473.5,0.0,0.0,0.0,0.0,0.0,12
2023-05-10 13:37:25,PK401P9800,PK401P9800,473.5,0.0,0.0,0.0,10,194.0,1143.5,10,473.5,0.0,0.0,0.0,0.0,0.0,12
2023-05-10 13:37:27,PK401P9800,PK401P9800,473.5,0.0,0.0,0.0,1,202.0,1143.5,10,473.5,0.0,0.0,0.0,0.0,0.0,12
2023-05-10 13:37:38,PK401P9800,PK401P9800,473.5,0.0,0.0,0.0,10,202.5,1143.5,10,473.5,0.0,0.0,0.0,0.0,0.0,12
2023-05-10 13:37:41,PK401P9800,PK401P9800,473.5,0.0,0.0,0.0,1,210.5,1143.5,10,473.5,0.0,0.0,0.0,0.0,0.0,12
2023-05-10 13:37:42,PK401P9800,PK401P9800,473.5,0.0,0.0,0.0,10,211.0,1143.5,10,473.5,0.0,0.0,0.0,0.0,0.0,12
2023-05-10 13:37:45,PK401P9800,PK401P9800,473.5,0.0,0.0,0.0,1,219.0,1143.5,10,473.5,0.0,0.0,0.0,0.0,0.0,12
2023-05-10 13:37:45,PK401P9800,PK401P9800,473.5,0.0,0.0,0.0,10,219.5,1143.5,10,473.5,0.0,0.0,0.0,0.0,0.0,12
2023-05-10 13:37:47,PK401P9800,PK401P9800,473.5,0.0,0.0,0.0,1,227.5,1143.5,10,473.5,0.0,0.0,0.0,0.0,0.0,12
2023-05-10 13:37:47,PK401P9800,PK401P9800,473.5,0.0,0.0,0.0,10,228.0,1143.5,10,473.5,0.0,0.0,0.0,0.0,0.0,12
2023-05-10 13:37:48,PK401P9800,PK401P9800,473.5,0.0,0.0,0.0,1,236.0,1143.5,10,473.5,0.0,0.0,0.0,0.0,0.0,12
2023-05-10 13:37:48,PK401P9800,PK401P9800,473.5,0.0,0.0,0.0,10,236.5,1143.5,10,473.5,0.0,0.0,0.0,0.0,0.0,12
2023-05-10 13:37:49,PK401P9800,PK401P9800,473.5,0.0,0.0,0.0,1,244.5,1143.5,10,473.5,0.0,0.0,0.0,0.0,0.0,12
2023-05-10 13:40:05,PK401P9800,PK401P9800,473.5,0.0,0.0,0.0,10,245.0,1143.5,10,473.5,0.0,0.0,0.0,0.0,0.0,12
2023-05-10 13:40:08,PK401P9800,PK401P9800,473.5,0.0,0.0,0.0,1,253.0,1143.5,10,473.5,0.0,0.0,0.0,0.0,0.0,12
2023-05-10 13:40:08,PK401P9800,PK401P9800,473.5,0.0,0.0,0.0,10,253.5,1143.5,10,473.5,0.0,0.0,0.0,0.0,0.0,12
2023-05-10 13:40:10,PK401P9800,PK401P9800,473.5,0.0,0.0,0.0,1,261.5,1143.5,10,473.5,0.0,0.0,0.0,0.0,0.0,12
2023-05-10 13:40:11,PK401P9800,PK401P9800,473.5,0.0,0.0,0.0,10,262.0,1143.5,10,473.5,0.0,0.0,0.0,0.0,0.0,12
2023-05-10 13:40:13,PK401P9800,PK401P9800,473.5,0.0,0.0,0.0,1,270.0,1143.5,10,473.5,0.0,0.0,0.0,0.0,0.0,12
2023-05-10 13:40:13,PK401P9800,PK401P9800,473.5,0.0,0.0,0.0,10,270.5,1143.5,10,473.5,0.0,0.0,0.0,0.0,0.0,12
2023-05-10 13:40:14,PK401P9800,PK401P9800,473.5,0.0,0.0,0.0,1,278.5,1143.5,10,473.5,0.0,0.0,0.0,0.0,0.0,12
2023-05-10 13:40:22,PK401P9800,PK401P9800,473.5,0.0,0.0,0.0,10,279.0,1143.5,10,473.5,0.0,0.0,0.0,0.0,0.0,12
2023-05-10 13:40:24,PK401P9800,PK401P9800,473.5,0.0,0.0,0.0,1,283.0,1143.5,10,473.5,0.0,0.0,0.0,0.0,0.0,12
2023-05-10 13:40:24,PK401P9800,PK401P9800,473.5,0.0,0.0,0.0,10,283.5,1143.5,10,473.5,0.0,0.0,0.0,0.0,0.0,12
2023-05-10 13:40:26,PK401P9800,PK401P9800,473.5,0.0,0.0,0.0,1,284.0,1143.5,10,473.5,0.0,0.0,0.0,0.0,0.0,12
2023-05-10 13:42:17,PK401P9800,PK401P9800,473.5,0.0,0.0,0.0,10,284.5,1143.5,10,473.5,0.0,0.0,0.0,0.0,0.0,12
2023-05-10 13:42:17,PK401P9800,PK401P9800,473.5,0.0,0.0,0.0,10,284.5,1142.0,1,473.5,0.0,0.0,0.0,0.0,0.0,12
2023-05-10 13:42:18,PK401P9800,PK401P9800,473.5,0.0,0.0,0.0,1,285.0,1142.0,1,473.5,0.0,0.0,0.0,0.0,0.0,12
2023-05-10 13:42:19,PK401P9800,PK401P9800,473.5,0.0,0.0,0.0,10,285.5,1141.5,10,473.5,0.0,0.0,0.0,0.0,0.0,12
2023-05-10 13:42:19,PK401P9800,PK401P9800,473.5,0.0,0.0,0.0,10,285.5,1140.0,1,473.5,0.0,0.0,0.0,0.0,0.0,12
2023-05-10 13:42:20,PK401P9800,PK401P9800,473.5,0.0,0.0,0.0,1,286.0,1140.0,1,473.5,0.0,0.0,0.0,0.0,0.0,12
2023-05-10 13:42:21,PK401P9800,PK401P9800,473.5,0.0,0.0,0.0,10,286.5,1139.5,10,473.5,0.0,0.0,0.0,0.0,0.0,12
2023-05-10 13:42:22,PK401P9800,PK401P9800,473.5,0.0,0.0,0.0,10,286.5,1138.0,1,473.5,0.0,0.0,0.0,0.0,0.0,12
2023-05-10 13:42:44,PK401P9800,PK401P9800,473.5,0.0,0.0,0.0,10,286.5,1137.5,10,473.5,0.0,0.0,0.0,0.0,0.0,12
2023-05-10 13:42:44,PK401P9800,PK401P9800,473.5,0.0,0.0,0.0,10,286.5,1136.0,1,473.5,0.0,0.0,0.0,0.0,0.0,12
2023-05-10 13:43:06,PK401P9800,PK401P9800,473.5,0.0,0.0,0.0,10,286.5,1135.5,10,473.5,0.0,0.0,0.0,0.0,0.0,12
2023-05-10 13:43:06,PK401P9800,PK401P9800,473.5,0.0,0.0,0.0,10,286.5,1134.0,1,473.5,0.0,0.0,0.0,0.0,0.0,12
2023-05-10 13:43:06,PK401P9800,PK401P9800,473.5,0.0,0.0,0.0,10,286.5,1133.5,10,473.5,0.0,0.0,0.0,0.0,0.0,12
2023-05-10 13:43:07,PK401P9800,PK401P9800,473.5,0.0,0.0,0.0,10,286.5,1132.0,1,473.5,0.0,0.0,0.0,0.0,0.0,12
2023-05-10 13:43:07,PK401P9800,PK401P9800,473.5,0.0,0.0,0.0,10,286.5,1131.5,10,473.5,0.0,0.0,0.0,0.0,0.0,12
2023-05-10 13:43:08,PK401P9800,PK401P9800,473.5,0.0,0.0,0.0,10,286.5,1130.0,1,473.5,0.0,0.0,0.0,0.0,0.0,12
2023-05-10 13:43:08,PK401P9800,PK401P9800,473.5,0.0,0.0,0.0,10,286.5,1129.5,10,473.5,0.0,0.0,0.0,0.0,0.0,12
2023-05-10 13:43:09,PK401P9800,PK401P9800,473.5,0.0,0.0,0.0,10,286.5,1128.0,1,473.5,0.0,0.0,0.0,0.0,0.0,12
2023-05-10 13:43:09,PK401P9800,PK401P9800,473.5,0.0,0.0,0.0,10,286.5,1127.5,10,473.5,0.0,0.0,0.0,0.0,0.0,12
2023-05-10 13:43:10,PK401P9800,PK401P9800,473.5,0.0,0.0,0.0,10,286.5,1126.0,1,473.5,0.0,0.0,0.0,0.0,0.0,12
2023-05-10 13:43:10,PK401P9800,PK401P9800,473.5,0.0,0.0,0.0,10,286.5,1125.5,10,473.5,0.0,0.0,0.0,0.0,0.0,12
2023-05-10 13:51:50,PK401P9800,PK401P9800,473.5,0.0,0.0,0.0,1,290.5,1125.5,10,473.5,0.0,0.0,0.0,0.0,0.0,12
2023-05-10 13:51:50,PK401P9800,PK401P9800,473.5,0.0,0.0,0.0,10,291.0,1125.5,10,473.5,0.0,0.0,0.0,0.0,0.0,12
2023-05-10 13:51:51,PK401P9800,PK401P9800,473.5,0.0,0.0,0.0,1,291.5,1125.5,10,473.5,0.0,0.0,0.0,0.0,0.0,12
2023-05-10 13:54:19,PK401P9800,PK401P9800,473.5,0.0,0.0,0.0,10,292.0,1125.5,10,473.5,0.0,0.0,0.0,0.0,0.0,12
2023-05-10 13:54:20,PK401P9800,PK401P9800,473.5,0.0,0.0,0.0,1,292.5,1125.5,10,473.5,0.0,0.0,0.0,0.0,0.0,12
2023-05-10 13:54:20,PK401P9800,PK401P9800,473.5,0.0,0.0,0.0,10,293.0,1125.5,10,473.5,0.0,0.0,0.0,0.0,0.0,12
2023-05-10 13:54:21,PK401P9800,PK401P9800,473.5,0.0,0.0,0.0,1,293.5,1125.5,10,473.5,0.0,0.0,0.0,0.0,0.0,12
2023-05-10 13:54:21,PK401P9800,PK401P9800,473.5,0.0,0.0,0.0,10,294.0,1125.5,10,473.5,0.0,0.0,0.0,0.0,0.0,12
2023-05-10 13:54:22,PK401P9800,PK401P9800,473.5,0.0,0.0,0.0,1,294.5,1125.5,10,473.5,0.0,0.0,0.0,0.0,0.0,12
2023-05-10 13:54:23,PK401P9800,PK401P9800,473.5,0.0,0.0,0.0,10,295.0,1125.5,10,473.5,0.0,0.0,0.0,0.0,0.0,12
2023-05-10 13:54:23,PK401P9800,PK401P9800,473.5,0.0,0.0,0.0,1,295.5,1125.5,10,473.5,0.0,0.0,0.0,0.0,0.0,12
2023-05-10 13:54:24,PK401P9800,PK401P9800,473.5,0.0,0.0,0.0,10,296.0,1125.5,10,473.5,0.0,0.0,0.0,0.0,0.0,12
2023-05-10 14:25:29,PK401P9800,PK401P9800,473.5,0.0,0.0,0.0,1,300.0,1125.5,10,473.5,0.0,0.0,0.0,0.0,0.0,12
2023-05-10 14:25:30,PK401P9800,PK401P9800,473.5,0.0,0.0,0.0,10,300.5,1125.5,10,473.5,0.0,0.0,0.0,0.0,0.0,12
2023-05-10 14:25:30,PK401P9800,PK401P9800,473.5,0.0,0.0,0.0,1,301.0,1125.5,10,473.5,0.0,0.0,0.0,0.0,0.0,12
2023-05-10 14:25:31,PK401P9800,PK401P9800,473.5,0.0,0.0,0.0,10,301.5,1125.5,10,473.5,0.0,0.0,0.0,0.0,0.0,12
2023-05-10 14:25:32,PK401P9800,PK401P9800,473.5,0.0,0.0,0.0,1,302.0,1125.5,10,473.5,0.0,0.0,0.0,0.0,0.0,12
2023-05-10 14:25:32,PK401P9800,PK401P9800,473.5,0.0,0.0,0.0,10,302.5,1125.5,10,473.5,0.0,0.0,0.0,0.0,0.0,12
2023-05-10 14:25:33,PK401P9800,PK401P9800,473.5,0.0,0.0,0.0,1,303.0,1125.5,10,473.5,0.0,0.0,0.0,0.0,0.0,12
2023-05-10 14:25:33,PK401P9800,PK401P9800,473.5,0.0,0.0,0.0,10,303.5,1125.5,10,473.5,0.0,0.0,0.0,0.0,0.0,12
2023-05-10 14:25:34,PK401P9800,PK401P9800,473.5,0.0,0.0,0.0,1,304.0,1125.5,10,473.5,0.0,0.0,0.0,0.0,0.0,12
2023-05-10 14:25:34,PK401P9800,PK401P9800,473.5,0.0,0.0,0.0,10,304.5,1125.5,10,473.5,0.0,0.0,0.0,0.0,0.0,12
2023-05-10 14:25:36,PK401P9800,PK401P9800,473.5,0.0,0.0,0.0,1,305.0,1125.5,10,473.5,0.0,0.0,0.0,0.0,0.0,12
2023-05-10 14:25:36,PK401P9800,PK401P9800,473.5,0.0,0.0,0.0,10,305.5,1125.5,10,473.5,0.0,0.0,0.0,0.0,0.0,12
2023-05-10 14:35:21,PK401P9800,PK401P9800,473.5,0.0,0.0,0.0,1,313.5,1125.5,10,473.5,0.0,0.0,0.0,0.0,0.0,12
2023-05-10 14:35:21,PK401P9800,PK401P9800,473.5,0.0,0.0,0.0,10,314.0,1125.5,10,473.5,0.0,0.0,0.0,0.0,0.0,12
2023-05-10 14:35:22,PK401P9800,PK401P9800,473.5,0.0,0.0,0.0,6,458.0,498.0,6,473.5,0.0,0.0,0.0,0.0,0.0,12
2023-05-10 14:35:23,PK401P9800,PK401P9800,473.5,0.0,0.0,0.0,9,458.0,498.0,9,473.5,0.0,0.0,0.0,0.0,0.0,12
2023-05-10 14:35:23,PK401P9800,PK401P9800,473.5,0.0,0.0,0.0,12,458.0,498.0,12,473.5,0.0,0.0,0.0,0.0,0.0,12
2023-05-10 14:35:24,PK401P9800,PK401P9800,473.5,0.0,0.0,0.0,15,458.0,498.0,15,473.5,0.0,0.0,0.0,0.0,0.0,12
2023-05-10 14:35:25,PK401P9800,PK401P9800,473.5,0.0,0.0,0.0,6,477.0,498.0,12,473.5,0.0,0.0,0.0,0.0,0.0,12
2023-05-10 14:35:25,PK401P9800,PK401P9800,473.5,0.0,0.0,0.0,6,477.0,498.0,9,473.5,0.0,0.0,0.0,0.0,0.0,12
2023-05-10 14:35:26,PK401P9800,PK401P9800,473.5,0.0,0.0,0.0,9,477.0,498.0,12,473.5,0.0,0.0,0.0,0.0,0.0,12
2023-05-10 14:35:26,PK401P9800,PK401P9800,473.5,0.0,0.0,0.0,9,477.0,480.5,6,473.5,0.0,0.0,0.0,0.0,0.0,12
2023-05-10 14:35:27,PK401P9800,PK401P9800,473.5,0.0,0.0,0.0,6,477.0,480.5,6,473.5,0.0,0.0,0.0,0.0,0.0,12
2023-05-10 14:35:27,PK401P9800,PK401P9800,473.5,0.0,0.0,0.0,9,477.0,480.5,9,473.5,0.0,0.0,0.0,0.0,0.0,12
2023-05-10 14:35:29,PK401P9800,PK401P9800,473.5,0.0,0.0,0.0,12,477.0,480.5,15,473.5,0.0,0.0,0.0,0.0,0.0,12
2023-05-10 14:35:32,PK401P9800,PK401P9800,473.5,0.0,0.0,0.0,15,477.0,480.5,18,473.5,0.0,0.0,0.0,0.0,0.0,12
2023-05-10 14:35:34,PK401P9800,PK401P9800,473.5,0.0,0.0,0.0,15,477.0,480.5,21,473.5,0.0,0.0,0.0,0.0,0.0,12
2023-05-10 14:35:37,PK401P9800,PK401P9800,473.5,0.0,0.0,0.0,12,477.0,480.5,21,473.5,0.0,0.0,0.0,0.0,0.0,12
2023-05-10 14:35:37,PK401P9800,PK401P9800,473.5,0.0,0.0,0.0,12,477.0,480.5,18,473.5,0.0,0.0,0.0,0.0,0.0,12
2023-05-10 14:35:39,PK401P9800,PK401P9800,473.5,0.0,0.0,0.0,9,477.0,480.5,15,473.5,0.0,0.0,0.0,0.0,0.0,12
2023-05-10 14:35:42,PK401P9800,PK401P9800,473.5,0.0,0.0,0.0,6,477.0,480.5,9,473.5,0.0,0.0,0.0,0.0,0.0,12
2023-05-10 14:35:42,PK401P9800,PK401P9800,473.5,0.0,0.0,0.0,3,470.5,480.5,3,473.5,0.0,0.0,0.0,0.0,0.0,12
2023-05-10 14:35:45,PK401P9800,PK401P9800,473.5,0.0,0.0,0.0,10,12.5,0.0,0,473.5,0.0,0.0,0.0,0.0,0.0,12
2023-05-10 14:35:46,PK401P9800,PK401P9800,473.5,0.0,0.0,0.0,1,20.5,0.0,0,473.5,0.0,0.0,0.0,0.0,0.0,12
2023-05-10 14:36:33,PK401P9800,PK401P9800,473.5,0.0,0.0,0.0,10,21.0,0.0,0,473.5,0.0,0.0,0.0,0.0,0.0,12
2023-05-10 14:36:36,PK401P9800,PK401P9800,473.5,0.0,0.0,0.0,1,29.0,0.0,0,473.5,0.0,0.0,0.0,0.0,0.0,12
2023-05-10 14:36:37,PK401P9800,PK401P9800,473.5,0.0,0.0,0.0,10,29.5,0.0,0,473.5,0.0,0.0,0.0,0.0,0.0,12
2023-05-10 14:36:47,PK401P9800,PK401P9800,473.5,0.0,0.0,0.0,1,37.5,0.0,0,473.5,0.0,0.0,0.0,0.0,0.0,12
2023-05-10 14:36:47,PK401P9800,PK401P9800,473.5,0.0,0.0,0.0,10,38.0,0.0,0,473.5,0.0,0.0,0.0,0.0,0.0,12
2023-05-10 14:36:50,PK401P9800,PK401P9800,473.5,0.0,0.0,0.0,1,46.0,0.0,0,473.5,0.0,0.0,0.0,0.0,0.0,12
2023-05-10 14:36:51,PK401P9800,PK401P9800,473.5,0.0,0.0,0.0,10,46.5,0.0,0,473.5,0.0,0.0,0.0,0.0,0.0,12
2023-05-10 14:36:52,PK401P9800,PK401P9800,473.5,0.0,0.0,0.0,1,54.5,0.0,0,473.5,0.0,0.0,0.0,0.0,0.0,12
2023-05-10 14:36:53,PK401P9800,PK401P9800,473.5,0.0,0.0,0.0,10,55.0,0.0,0,473.5,0.0,0.0,0.0,0.0,0.0,12
2023-05-10 14:36:54,PK401P9800,PK401P9800,473.5,0.0,0.0,0.0,1,63.0,0.0,0,473.5,0.0,0.0,0.0,0.0,0.0,12
2023-05-10 14:36:54,PK401P9800,PK401P9800,473.5,0.0,0.0,0.0,10,63.5,0.0,0,473.5,0.0,0.0,0.0,0.0,0.0,12
2023-05-10 14:36:55,PK401P9800,PK401P9800,473.5,0.0,0.0,0.0,1,71.5,0.0,0,473.5,0.0,0.0,0.0,0.0,0.0,12
2023-05-10 14:37:12,PK401P9800,PK401P9800,473.5,0.0,0.0,0.0,10,72.0,0.0,0,473.5,0.0,0.0,0.0,0.0,0.0,12
2023-05-10 14:37:16,PK401P9800,PK401P9800,473.5,0.0,0.0,0.0,1,80.0,0.0,0,473.5,0.0,0.0,0.0,0.0,0.0,12
2023-05-10 14:37:16,PK401P9800,PK401P9800,473.5,0.0,0.0,0.0,10,80.5,0.0,0,473.5,0.0,0.0,0.0,0.0,0.0,12
2023-05-10 14:37:20,PK401P9800,PK401P9800,473.5,0.0,0.0,0.0,1,88.5,0.0,0,473.5,0.0,0.0,0.0,0.0,0.0,12
2023-05-10 14:37:20,PK401P9800,PK401P9800,473.5,0.0,0.0,0.0,10,89.0,0.0,0,473.5,0.0,0.0,0.0,0.0,0.0,12
2023-05-10 14:37:22,PK401P9800,PK401P9800,473.5,0.0,0.0,0.0,1,97.0,0.0,0,473.5,0.0,0.0,0.0,0.0,0.0,12
2023-05-10 14:37:23,PK401P9800,PK401P9800,473.5,0.0,0.0,0.0,10,97.5,0.0,0,473.5,0.0,0.0,0.0,0.0,0.0,12
2023-05-10 14:37:24,PK401P9800,PK401P9800,473.5,0.0,0.0,0.0,1,105.5,0.0,0,473.5,0.0,0.0,0.0,0.0,0.0,12
2023-05-10 14:37:32,PK401P9800,PK401P9800,473.5,0.0,0.0,0.0,10,106.0,0.0,0,473.5,0.0,0.0,0.0,0.0,0.0,12
2023-05-10 14:37:35,PK401P9800,PK401P9800,473.5,0.0,0.0,0.0,1,114.0,0.0,0,473.5,0.0,0.0,0.0,0.0,0.0,12
2023-05-10 14:37:35,PK401P9800,PK401P9800,473.5,0.0,0.0,0.0,10,114.5,0.0,0,473.5,0.0,0.0,0.0,0.0,0.0,12
2023-05-10 14:37:36,PK401P9800,PK401P9800,473.5,0.0,0.0,0.0,1,122.5,0.0,0,473.5,0.0,0.0,0.0,0.0,0.0,12
2023-05-10 14:37:37,PK401P9800,PK401P9800,473.5,0.0,0.0,0.0,10,123.0,0.0,0,473.5,0.0,0.0,0.0,0.0,0.0,12
2023-05-10 14:37:38,PK401P9800,PK401P9800,473.5,0.0,0.0,0.0,1,131.0,0.0,0,473.5,0.0,0.0,0.0,0.0,0.0,12
2023-05-10 14:37:38,PK401P9800,PK401P9800,473.5,0.0,0.0,0.0,10,131.5,0.0,0,473.5,0.0,0.0,0.0,0.0,0.0,12
2023-05-10 14:37:39,PK401P9800,PK401P9800,473.5,0.0,0.0,0.0,1,139.5,0.0,0,473.5,0.0,0.0,0.0,0.0,0.0,12
2023-05-10 14:38:50,PK401P9800,PK401P9800,473.5,0.0,0.0,0.0,10,140.0,0.0,0,473.5,0.0,0.0,0.0,0.0,0.0,12
2023-05-10 14:38:52,PK401P9800,PK401P9800,473.5,0.0,0.0,0.0,1,148.0,0.0,0,473.5,0.0,0.0,0.0,0.0,0.0,12
2023-05-10 14:38:53,PK401P9800,PK401P9800,473.5,0.0,0.0,0.0,10,148.5,0.0,0,473.5,0.0,0.0,0.0,0.0,0.0,12
2023-05-10 14:38:54,PK401P9800,PK401P9800,473.5,0.0,0.0,0.0,1,149.0,0.0,0,473.5,0.0,0.0,0.0,0.0,0.0,12
2023-05-10 14:38:54,PK401P9800,PK401P9800,473.5,0.0,0.0,0.0,10,149.5,0.0,0,473.5,0.0,0.0,0.0,0.0,0.0,12
2023-05-10 14:38:55,PK401P9800,PK401P9800,473.5,0.0,0.0,0.0,1,150.0,0.0,0,473.5,0.0,0.0,0.0,0.0,0.0,12
2023-05-10 14:38:55,PK401P9800,PK401P9800,473.5,0.0,0.0,0.0,10,150.5,0.0,0,473.5,0.0,0.0,0.0,0.0,0.0,12
2023-05-10 14:38:56,PK401P9800,PK401P9800,473.5,0.0,0.0,0.0,1,151.0,0.0,0,473.5,0.0,0.0,0.0,0.0,0.0,12
2023-05-10 14:38:56,PK401P9800,PK401P9800,473.5,0.0,0.0,0.0,10,151.5,0.0,0,473.5,0.0,0.0,0.0,0.0,0.0,12
2023-05-10 14:38:57,PK401P9800,PK401P9800,473.5,0.0,0.0,0.0,1,152.0,0.0,0,473.5,0.0,0.0,0.0,0.0,0.0,12
2023-05-10 14:38:57,PK401P9800,PK401P9800,473.5,0.0,0.0,0.0,10,152.5,0.0,0,473.5,0.0,0.0,0.0,0.0,0.0,12
2023-05-10 14:38:58,PK401P9800,PK401P9800,473.5,0.0,0.0,0.0,1,153.0,0.0,0,473.5,0.0,0.0,0.0,0.0,0.0,12
2023-05-10 14:38:58,PK401P9800,PK401P9800,473.5,0.0,0.0,0.0,10,153.5,0.0,0,473.5,0.0,0.0,0.0,0.0,0.0,12
2023-05-10 14:39:26,PK401P9800,PK401P9800,473.5,0.0,0.0,0.0,1,154.0,0.0,0,473.5,0.0,0.0,0.0,0.0,0.0,12
2023-05-10 14:39:28,PK401P9800,PK401P9800,473.5,0.0,0.0,0.0,10,154.5,0.0,0,473.5,0.0,0.0,0.0,0.0,0.0,12
2023-05-10 14:39:30,PK401P9800,PK401P9800,473.5,0.0,0.0,0.0,10,155.5,0.0,0,473.5,0.0,0.0,0.0,0.0,0.0,12
2023-05-10 14:39:31,PK401P9800,PK401P9800,473.5,0.0,0.0,0.0,1,156.0,0.0,0,473.5,0.0,0.0,0.0,0.0,0.0,12
2023-05-10 14:39:31,PK401P9800,PK401P9800,473.5,0.0,0.0,0.0,10,156.5,0.0,0,473.5,0.0,0.0,0.0,0.0,0.0,12
2023-05-10 14:39:32,PK401P9800,PK401P9800,473.5,0.0,0.0,0.0,1,157.0,0.0,0,473.5,0.0,0.0,0.0,0.0,0.0,12
2023-05-10 14:39:33,PK401P9800,PK401P9800,473.5,0.0,0.0,0.0,10,157.5,0.0,0,473.5,0.0,0.0,0.0,0.0,0.0,12
2023-05-10 14:39:34,PK401P9800,PK401P9800,473.5,0.0,0.0,0.0,1,158.0,0.0,0,473.5,0.0,0.0,0.0,0.0,0.0,12
2023-05-10 14:39:34,PK401P9800,PK401P9800,473.5,0.0,0.0,0.0,10,158.5,0.0,0,473.5,0.0,0.0,0.0,0.0,0.0,12
2023-05-10 14:39:35,PK401P9800,PK401P9800,473.5,0.0,0.0,0.0,1,159.0,0.0,0,473.5,0.0,0.0,0.0,0.0,0.0,12
2023-05-10 14:39:35,PK401P9800,PK401P9800,473.5,0.0,0.0,0.0,10,159.5,0.0,0,473.5,0.0,0.0,0.0,0.0,0.0,12
2023-05-10 14:39:36,PK401P9800,PK401P9800,473.5,0.0,0.0,0.0,1,160.0,0.0,0,473.5,0.0,0.0,0.0,0.0,0.0,12
2023-05-10 14:39:37,PK401P9800,PK401P9800,473.5,0.0,0.0,0.0,10,160.5,0.0,0,473.5,0.0,0.0,0.0,0.0,0.0,12
2023-05-10 14:39:38,PK401P9800,PK401P9800,473.5,0.0,0.0,0.0,1,161.0,0.0,0,473.5,0.0,0.0,0.0,0.0,0.0,12
2023-05-10 14:39:38,PK401P9800,PK401P9800,473.5,0.0,0.0,0.0,10,161.5,0.0,0,473.5,0.0,0.0,0.0,0.0,0.0,12
2023-05-10 14:39:39,PK401P9800,PK401P9800,473.5,0.0,0.0,0.0,1,162.0,0.0,0,473.5,0.0,0.0,0.0,0.0,0.0,12
2023-05-10 14:39:39,PK401P9800,PK401P9800,473.5,0.0,0.0,0.0,10,162.5,0.0,0,473.5,0.0,0.0,0.0,0.0,0.0,12
2023-05-10 14:39:40,PK401P9800,PK401P9800,473.5,0.0,0.0,0.0,1,163.0,0.0,0,473.5,0.0,0.0,0.0,0.0,0.0,12
2023-05-10 14:39:41,PK401P9800,PK401P9800,473.5,0.0,0.0,0.0,10,163.5,0.0,0,473.5,0.0,0.0,0.0,0.0,0.0,12
2023-05-10 14:39:42,PK401P9800,PK401P9800,473.5,0.0,0.0,0.0,1,164.0,0.0,0,473.5,0.0,0.0,0.0,0.0,0.0,12
2023-05-10 14:39:42,PK401P9800,PK401P9800,473.5,0.0,0.0,0.0,10,164.5,0.0,0,473.5,0.0,0.0,0.0,0.0,0.0,12
2023-05-10 14:39:43,PK401P9800,PK401P9800,473.5,0.0,0.0,0.0,1,165.0,0.0,0,473.5,0.0,0.0,0.0,0.0,0.0,12
2023-05-10 14:40:12,PK401P9800,PK401P9800,473.5,0.0,0.0,0.0,10,165.5,0.0,0,473.5,0.0,0.0,0.0,0.0,0.0,12
2023-05-10 14:40:14,PK401P9800,PK401P9800,473.5,0.0,0.0,0.0,1,166.0,0.0,0,473.5,0.0,0.0,0.0,0.0,0.0,12
2023-05-10 14:40:15,PK401P9800,PK401P9800,473.5,0.0,0.0,0.0,10,166.5,0.0,0,473.5,0.0,0.0,0.0,0.0,0.0,12
2023-05-10 14:40:16,PK401P9800,PK401P9800,473.5,0.0,0.0,0.0,1,167.0,0.0,0,473.5,0.0,0.0,0.0,0.0,0.0,12
2023-05-10 14:40:16,PK401P9800,PK401P9800,473.5,0.0,0.0,0.0,10,167.5,0.0,0,473.5,0.0,0.0,0.0,0.0,0.0,12
2023-05-10 14:40:17,PK401P9800,PK401P9800,473.5,0.0,0.0,0.0,1,168.0,0.0,0,473.5,0.0,0.0,0.0,0.0,0.0,12
2023-05-10 14:40:18,PK401P9800,PK401P9800,473.5,0.0,0.0,0.0,10,168.5,0.0,0,473.5,0.0,0.0,0.0,0.0,0.0,12
2023-05-10 14:40:20,PK401P9800,PK401P9800,473.5,0.0,0.0,0.0,1,169.0,0.0,0,473.5,0.0,0.0,0.0,0.0,0.0,12
2023-05-10 14:40:20,PK401P9800,PK401P9800,473.5,0.0,0.0,0.0,10,169.5,0.0,0,473.5,0.0,0.0,0.0,0.0,0.0,12
2023-05-10 14:40:21,PK401P9800,PK401P9800,473.5,0.0,0.0,0.0,1,170.0,0.0,0,473.5,0.0,0.0,0.0,0.0,0.0,12
2023-05-10 14:40:21,PK401P9800,PK401P9800,473.5,0.0,0.0,0.0,10,170.5,0.0,0,473.5,0.0,0.0,0.0,0.0,0.0,12
2023-05-10 14:40:22,PK401P9800,PK401P9800,473.5,0.0,0.0,0.0,1,171.0,0.0,0,473.5,0.0,0.0,0.0,0.0,0.0,12
2023-05-10 14:40:22,PK401P9800,PK401P9800,473.5,0.0,0.0,0.0,10,171.5,0.0,0,473.5,0.0,0.0,0.0,0.0,0.0,12
2023-05-10 14:40:24,PK401P9800,PK401P9800,473.5,0.0,0.0,0.0,1,172.0,0.0,0,473.5,0.0,0.0,0.0,0.0,0.0,12
2023-05-10 14:41:13,PK401P9800,PK401P9800,473.5,0.0,0.0,0.0,10,172.5,0.0,0,473.5,0.0,0.0,0.0,0.0,0.0,12
2023-05-10 14:41:15,PK401P9800,PK401P9800,473.5,0.0,0.0,0.0,1,173.0,0.0,0,473.5,0.0,0.0,0.0,0.0,0.0,12
2023-05-10 14:41:16,PK401P9800,PK401P9800,473.5,0.0,0.0,0.0,10,173.5,0.0,0,473.5,0.0,0.0,0.0,0.0,0.0,12
2023-05-10 14:41:16,PK401P9800,PK401P9800,473.5,0.0,0.0,0.0,1,174.0,0.0,0,473.5,0.0,0.0,0.0,0.0,0.0,12
2023-05-10 14:41:27,PK401P9800,PK401P9800,473.5,0.0,0.0,0.0,10,174.5,0.0,0,473.5,0.0,0.0,0.0,0.0,0.0,12
2023-05-10 14:41:28,PK401P9800,PK401P9800,473.5,0.0,0.0,0.0,1,175.0,0.0,0,473.5,0.0,0.0,0.0,0.0,0.0,12
2023-05-10 14:41:29,PK401P9800,PK401P9800,473.5,0.0,0.0,0.0,10,175.5,0.0,0,473.5,0.0,0.0,0.0,0.0,0.0,12
2023-05-10 14:41:29,PK401P9800,PK401P9800,473.5,0.0,0.0,0.0,1,176.0,0.0,0,473.5,0.0,0.0,0.0,0.0,0.0,12
2023-05-10 14:41:29,PK401P9800,PK401P9800,473.5,0.0,0.0,0.0,10,176.5,0.0,0,473.5,0.0,0.0,0.0,0.0,0.0,12
2023-05-10 14:41:30,PK401P9800,PK401P9800,473.5,0.0,0.0,0.0,1,177.0,0.0,0,473.5,0.0,0.0,0.0,0.0,0.0,12
2023-05-10 14:41:31,PK401P9800,PK401P9800,473.5,0.0,0.0,0.0,10,177.5,0.0,0,473.5,0.0,0.0,0.0,0.0,0.0,12
2023-05-10 14:41:32,PK401P9800,PK401P9800,473.5,0.0,0.0,0.0,1,178.0,0.0,0,473.5,0.0,0.0,0.0,0.0,0.0,12
2023-05-10 14:42:41,PK401P9800,PK401P9800,473.5,0.0,0.0,0.0,10,178.5,0.0,0,473.5,0.0,0.0,0.0,0.0,0.0,12
2023-05-10 14:42:43,PK401P9800,PK401P9800,473.5,0.0,0.0,0.0,1,179.0,0.0,0,473.5,0.0,0.0,0.0,0.0,0.0,12
2023-05-10 14:42:43,PK401P9800,PK401P9800,473.5,0.0,0.0,0.0,10,179.5,0.0,0,473.5,0.0,0.0,0.0,0.0,0.0,12
2023-05-10 14:42:44,PK401P9800,PK401P9800,473.5,0.0,0.0,0.0,1,180.0,0.0,0,473.5,0.0,0.0,0.0,0.0,0.0,12
2023-05-10 14:42:44,PK401P9800,PK401P9800,473.5,0.0,0.0,0.0,10,180.5,0.0,0,473.5,0.0,0.0,0.0,0.0,0.0,12
2023-05-10 14:42:45,PK401P9800,PK401P9800,473.5,0.0,0.0,0.0,1,181.0,0.0,0,473.5,0.0,0.0,0.0,0.0,0.0,12
2023-05-10 14:42:46,PK401P9800,PK401P9800,473.5,0.0,0.0,0.0,10,181.5,0.0,0,473.5,0.0,0.0,0.0,0.0,0.0,12
2023-05-10 14:42:47,PK401P9800,PK401P9800,473.5,0.0,0.0,0.0,1,182.0,0.0,0,473.5,0.0,0.0,0.0,0.0,0.0,12
2023-05-10 14:42:47,PK401P9800,PK401P9800,473.5,0.0,0.0,0.0,10,182.5,0.0,0,473.5,0.0,0.0,0.0,0.0,0.0,12
2023-05-10 14:42:48,PK401P9800,PK401P9800,473.5,0.0,0.0,0.0,1,183.0,0.0,0,473.5,0.0,0.0,0.0,0.0,0.0,12
2023-05-10 14:42:48,PK401P9800,PK401P9800,473.5,0.0,0.0,0.0,10,183.5,0.0,0,473.5,0.0,0.0,0.0,0.0,0.0,12
2023-05-10 14:42:49,PK401P9800,PK401P9800,473.5,0.0,0.0,0.0,1,184.0,0.0,0,473.5,0.0,0.0,0.0,0.0,0.0,12
2023-05-10 14:42:49,PK401P9800,PK401P9800,473.5,0.0,0.0,0.0,10,184.5,0.0,0,473.5,0.0,0.0,0.0,0.0,0.0,12
2023-05-10 14:42:50,PK401P9800,PK401P9800,473.5,0.0,0.0,0.0,1,185.0,0.0,0,473.5,0.0,0.0,0.0,0.0,0.0,12
2023-05-10 14:42:50,PK401P9800,PK401P9800,473.5,0.0,0.0,0.0,10,185.5,0.0,0,473.5,0.0,0.0,0.0,0.0,0.0,12
2023-05-10 14:42:51,PK401P9800,PK401P9800,473.5,0.0,0.0,0.0,1,186.0,0.0,0,473.5,0.0,0.0,0.0,0.0,0.0,12
2023-05-10 14:42:52,PK401P9800,PK401P9800,473.5,0.0,0.0,0.0,10,186.5,0.0,0,473.5,0.0,0.0,0.0,0.0,0.0,12
2023-05-10 14:42:52,PK401P9800,PK401P9800,473.5,0.0,0.0,0.0,1,187.0,0.0,0,473.5,0.0,0.0,0.0,0.0,0.0,12
2023-05-10 14:42:53,PK401P9800,PK401P9800,473.5,0.0,0.0,0.0,10,187.5,0.0,0,473.5,0.0,0.0,0.0,0.0,0.0,12
2023-05-10 14:42:53,PK401P9800,PK401P9800,473.5,0.0,0.0,0.0,1,188.0,0.0,0,473.5,0.0,0.0,0.0,0.0,0.0,12
2023-05-10 14:42:54,PK401P9800,PK401P9800,473.5,0.0,0.0,0.0,10,188.5,0.0,0,473.5,0.0,0.0,0.0,0.0,0.0,12
2023-05-10 14:42:54,PK401P9800,PK401P9800,473.5,0.0,0.0,0.0,1,189.0,0.0,0,473.5,0.0,0.0,0.0,0.0,0.0,12
2023-05-10 14:42:55,PK401P9800,PK401P9800,473.5,0.0,0.0,0.0,10,189.5,0.0,0,473.5,0.0,0.0,0.0,0.0,0.0,12
2023-05-10 14:42:55,PK401P9800,PK401P9800,473.5,0.0,0.0,0.0,1,190.0,0.0,0,473.5,0.0,0.0,0.0,0.0,0.0,12
2023-05-10 14:42:56,PK401P9800,PK401P9800,473.5,0.0,0.0,0.0,10,190.5,0.0,0,473.5,0.0,0.0,0.0,0.0,0.0,12
2023-05-10 14:42:56,PK401P9800,PK401P9800,473.5,0.0,0.0,0.0,1,191.0,0.0,0,473.5,0.0,0.0,0.0,0.0,0.0,12
2023-05-10 14:42:57,PK401P9800,PK401P9800,473.5,0.0,0.0,0.0,10,191.5,0.0,0,473.5,0.0,0.0,0.0,0.0,0.0,12
2023-05-10 14:42:57,PK401P9800,PK401P9800,473.5,0.0,0.0,0.0,1,192.0,0.0,0,473.5,0.0,0.0,0.0,0.0,0.0,12
2023-05-10 14:42:58,PK401P9800,PK401P9800,473.5,0.0,0.0,0.0,10,192.5,0.0,0,473.5,0.0,0.0,0.0,0.0,0.0,12
2023-05-10 14:42:58,PK401P9800,PK401P9800,473.5,0.0,0.0,0.0,1,193.0,0.0,0,473.5,0.0,0.0,0.0,0.0,0.0,12
2023-05-10 14:42:59,PK401P9800,PK401P9800,473.5,0.0,0.0,0.0,10,193.5,0.0,0,473.5,0.0,0.0,0.0,0.0,0.0,12
2023-05-10 14:42:59,PK401P9800,PK401P9800,473.5,0.0,0.0,0.0,1,194.0,0.0,0,473.5,0.0,0.0,0.0,0.0,0.0,12
2023-05-10 14:43:00,PK401P9800,PK401P9800,473.5,0.0,0.0,0.0,10,194.5,0.0,0,473.5,0.0,0.0,0.0,0.0,0.0,12
2023-05-10 14:43:00,PK401P9800,PK401P9800,473.5,0.0,0.0,0.0,1,195.0,0.0,0,473.5,0.0,0.0,0.0,0.0,0.0,12
2023-05-10 14:43:01,PK401P9800,PK401P9800,473.5,0.0,0.0,0.0,10,195.5,0.0,0,473.5,0.0,0.0,0.0,0.0,0.0,12
2023-05-10 14:43:02,PK401P9800,PK401P9800,473.5,0.0,0.0,0.0,1,196.0,0.0,0,473.5,0.0,0.0,0.0,0.0,0.0,12
2023-05-10 14:43:02,PK401P9800,PK401P9800,473.5,0.0,0.0,0.0,10,196.5,0.0,0,473.5,0.0,0.0,0.0,0.0,0.0,12
2023-05-10 14:43:03,PK401P9800,PK401P9800,473.5,0.0,0.0,0.0,1,197.0,0.0,0,473.5,0.0,0.0,0.0,0.0,0.0,12
2023-05-10 14:43:04,PK401P9800,PK401P9800,473.5,0.0,0.0,0.0,10,197.5,0.0,0,473.5,0.0,0.0,0.0,0.0,0.0,12
2023-05-10 14:43:05,PK401P9800,PK401P9800,473.5,0.0,0.0,0.0,1,198.0,0.0,0,473.5,0.0,0.0,0.0,0.0,0.0,12
2023-05-10 14:43:06,PK401P9800,PK401P9800,473.5,0.0,0.0,0.0,10,198.5,0.0,0,473.5,0.0,0.0,0.0,0.0,0.0,12
2023-05-10 14:43:06,PK401P9800,PK401P9800,473.5,0.0,0.0,0.0,1,199.0,0.0,0,473.5,0.0,0.0,0.0,0.0,0.0,12
2023-05-10 14:43:32,PK401P9800,PK401P9800,473.5,0.0,0.0,0.0,10,199.5,0.0,0,473.5,0.0,0.0,0.0,0.0,0.0,12
2023-05-10 14:43:34,PK401P9800,PK401P9800,473.5,0.0,0.0,0.0,1,200.0,0.0,0,473.5,0.0,0.0,0.0,0.0,0.0,12
2023-05-10 14:44:55,PK401P9800,PK401P9800,473.5,0.0,0.0,0.0,10,200.5,0.0,0,473.5,0.0,0.0,0.0,0.0,0.0,12
2023-05-10 14:44:56,PK401P9800,PK401P9800,473.5,0.0,0.0,0.0,1,201.0,0.0,0,473.5,0.0,0.0,0.0,0.0,0.0,12
2023-05-10 14:44:57,PK401P9800,PK401P9800,473.5,0.0,0.0,0.0,10,201.5,0.0,0,473.5,0.0,0.0,0.0,0.0,0.0,12
2023-05-10 14:44:57,PK401P9800,PK401P9800,473.5,0.0,0.0,0.0,1,202.0,0.0,0,473.5,0.0,0.0,0.0,0.0,0.0,12
2023-05-10 14:44:58,PK401P9800,PK401P9800,473.5,0.0,0.0,0.0,10,202.5,0.0,0,473.5,0.0,0.0,0.0,0.0,0.0,12
2023-05-10 14:44:59,PK401P9800,PK401P9800,473.5,0.0,0.0,0.0,1,203.0,0.0,0,473.5,0.0,0.0,0.0,0.0,0.0,12
2023-05-10 14:45:22,PK401P9800,PK401P9800,473.5,0.0,0.0,0.0,10,203.5,0.0,0,473.5,0.0,0.0,0.0,0.0,0.0,12
2023-05-10 14:45:23,PK401P9800,PK401P9800,473.5,0.0,0.0,0.0,1,204.0,0.0,0,473.5,0.0,0.0,0.0,0.0,0.0,12
2023-05-10 14:46:14,PK401P9800,PK401P9800,473.5,0.0,0.0,0.0,10,204.5,0.0,0,473.5,0.0,0.0,0.0,0.0,0.0,12
2023-05-10 14:46:14,PK401P9800,PK401P9800,473.5,0.0,0.0,0.0,1,205.0,0.0,0,473.5,0.0,0.0,0.0,0.0,0.0,12
2023-05-10 14:47:25,PK401P9800,PK401P9800,473.5,0.0,0.0,0.0,10,205.5,0.0,0,473.5,0.0,0.0,0.0,0.0,0.0,12
2023-05-10 14:47:26,PK401P9800,PK401P9800,473.5,0.0,0.0,0.0,1,206.0,0.0,0,473.5,0.0,0.0,0.0,0.0,0.0,12
2023-05-10 14:47:27,PK401P9800,PK401P9800,473.5,0.0,0.0,0.0,10,206.5,0.0,0,473.5,0.0,0.0,0.0,0.0,0.0,12
2023-05-10 14:47:28,PK401P9800,PK401P9800,473.5,0.0,0.0,0.0,1,207.0,0.0,0,473.5,0.0,0.0,0.0,0.0,0.0,12
2023-05-10 14:47:28,PK401P9800,PK401P9800,473.5,0.0,0.0,0.0,10,207.5,0.0,0,473.5,0.0,0.0,0.0,0.0,0.0,12
2023-05-10 14:51:03,PK401P9800,PK401P9800,473.5,0.0,0.0,0.0,1,215.5,0.0,0,473.5,0.0,0.0,0.0,0.0,0.0,12
2023-05-10 14:51:04,PK401P9800,PK401P9800,473.5,0.0,0.0,0.0,10,216.0,0.0,0,473.5,0.0,0.0,0.0,0.0,0.0,12
2023-05-10 14:51:04,PK401P9800,PK401P9800,473.5,0.0,0.0,0.0,1,224.0,0.0,0,473.5,0.0,0.0,0.0,0.0,0.0,12
2023-05-10 14:51:05,PK401P9800,PK401P9800,473.5,0.0,0.0,0.0,10,224.5,0.0,0,473.5,0.0,0.0,0.0,0.0,0.0,12
2023-05-10 14:51:06,PK401P9800,PK401P9800,473.5,0.0,0.0,0.0,1,232.5,0.0,0,473.5,0.0,0.0,0.0,0.0,0.0,12
2023-05-10 14:51:06,PK401P9800,PK401P9800,473.5,0.0,0.0,0.0,10,233.0,0.0,0,473.5,0.0,0.0,0.0,0.0,0.0,12
2023-05-10 14:51:07,PK401P9800,PK401P9800,473.5,0.0,0.0,0.0,1,241.0,0.0,0,473.5,0.0,0.0,0.0,0.0,0.0,12
2023-05-10 14:51:26,PK401P9800,PK401P9800,473.5,0.0,0.0,0.0,1,167.0,0.0,0,473.5,0.0,0.0,0.0,0.0,0.0,12
2023-05-10 14:51:26,PK401P9800,PK401P9800,473.5,0.0,0.0,0.0,11,167.5,0.0,0,473.5,0.0,0.0,0.0,0.0,0.0,12
2023-05-10 14:59:03,PK401P9800,PK401P9800,473.5,0.0,0.0,0.0,1,167.5,0.0,0,473.5,0.0,0.0,0.0,0.0,0.0,12
