time,symbol_id,symbol_name,last,trade_volume,trade_amount,open_interest_change,bv1,bp1,ap1,av1,yesterday_close,today_open,today_high,today_low,volume,amount,open_interest
2023-05-10 08:59:00,PK401C11200,PK401C11200,200.0,0.0,0.0,0.0,0,0.0,235.0,2,200.0,224.0,0.0,0.0,0.0,0.0,130
2023-05-10 09:02:04,PK401C11200,PK401C11200,200.0,0.0,0.0,0.0,10,2.5,235.0,2,200.0,224.0,0.0,0.0,0.0,0.0,130
2023-05-10 09:02:05,PK401C11200,PK401C11200,200.0,0.0,0.0,0.0,1,4.0,235.0,2,200.0,224.0,0.0,0.0,0.0,0.0,130
2023-05-10 09:02:05,PK401C11200,PK401C11200,200.0,0.0,0.0,0.0,10,4.5,235.0,2,200.0,224.0,0.0,0.0,0.0,0.0,130
2023-05-10 09:02:08,PK401C11200,PK401C11200,200.0,0.0,0.0,0.0,1,6.0,235.0,2,200.0,224.0,0.0,0.0,0.0,0.0,130
2023-05-10 09:02:08,PK401C11200,PK401C11200,200.0,0.0,0.0,0.0,10,6.5,235.0,2,200.0,224.0,0.0,0.0,0.0,0.0,130
2023-05-10 09:02:10,PK401C11200,PK401C11200,200.0,0.0,0.0,0.0,1,8.0,235.0,2,200.0,224.0,0.0,0.0,0.0,0.0,130
2023-05-10 09:02:10,PK401C11200,PK401C11200,200.0,0.0,0.0,0.0,10,8.5,235.0,2,200.0,224.0,0.0,0.0,0.0,0.0,130
2023-05-10 09:02:11,PK401C11200,PK401C11200,200.0,0.0,0.0,0.0,1,10.0,235.0,2,200.0,224.0,0.0,0.0,0.0,0.0,130
2023-05-10 09:02:11,PK401C11200,PK401C11200,200.0,0.0,0.0,0.0,10,10.5,235.0,2,200.0,224.0,0.0,0.0,0.0,0.0,130
2023-05-10 09:02:12,PK401C11200,PK401C11200,200.0,0.0,0.0,0.0,1,12.0,235.0,2,200.0,224.0,0.0,0.0,0.0,0.0,130
2023-05-10 09:02:12,PK401C11200,PK401C11200,200.0,0.0,0.0,0.0,10,12.5,235.0,2,200.0,224.0,0.0,0.0,0.0,0.0,130
2023-05-10 09:02:13,PK401C11200,PK401C11200,200.0,0.0,0.0,0.0,1,14.0,235.0,2,200.0,224.0,0.0,0.0,0.0,0.0,130
2023-05-10 09:02:13,PK401C11200,PK401C11200,200.0,0.0,0.0,0.0,10,14.5,235.0,2,200.0,224.0,0.0,0.0,0.0,0.0,130
2023-05-10 09:02:15,PK401C11200,PK401C11200,200.0,0.0,0.0,0.0,1,16.0,235.0,2,200.0,224.0,0.0,0.0,0.0,0.0,130
2023-05-10 09:02:16,PK401C11200,PK401C11200,200.0,0.0,0.0,0.0,10,16.5,235.0,2,200.0,224.0,0.0,0.0,0.0,0.0,130
2023-05-10 09:02:19,PK401C11200,PK401C11200,200.0,0.0,0.0,0.0,1,18.0,235.0,2,200.0,224.0,0.0,0.0,0.0,0.0,130
2023-05-10 09:02:20,PK401C11200,PK401C11200,200.0,0.0,0.0,0.0,10,18.5,235.0,2,200.0,224.0,0.0,0.0,0.0,0.0,130
2023-05-10 09:02:21,PK401C11200,PK401C11200,200.0,0.0,0.0,0.0,1,20.0,235.0,2,200.0,224.0,0.0,0.0,0.0,0.0,130
2023-05-10 09:02:21,PK401C11200,PK401C11200,200.0,0.0,0.0,0.0,10,20.5,235.0,2,200.0,224.0,0.0,0.0,0.0,0.0,130
2023-05-10 09:02:22,PK401C11200,PK401C11200,200.0,0.0,0.0,0.0,1,22.0,235.0,2,200.0,224.0,0.0,0.0,0.0,0.0,130
2023-05-10 09:02:23,PK401C11200,PK401C11200,200.0,0.0,0.0,0.0,10,22.5,235.0,2,200.0,224.0,0.0,0.0,0.0,0.0,130
2023-05-10 09:02:24,PK401C11200,PK401C11200,200.0,0.0,0.0,0.0,1,24.0,235.0,2,200.0,224.0,0.0,0.0,0.0,0.0,130
2023-05-10 09:02:24,PK401C11200,PK401C11200,200.0,0.0,0.0,0.0,10,24.5,235.0,2,200.0,224.0,0.0,0.0,0.0,0.0,130
2023-05-10 09:02:26,PK401C11200,PK401C11200,200.0,0.0,0.0,0.0,1,26.0,235.0,2,200.0,224.0,0.0,0.0,0.0,0.0,130
2023-05-10 09:02:27,PK401C11200,PK401C11200,200.0,0.0,0.0,0.0,10,26.5,235.0,2,200.0,224.0,0.0,0.0,0.0,0.0,130
2023-05-10 09:02:29,PK401C11200,PK401C11200,200.0,0.0,0.0,0.0,1,28.0,235.0,2,200.0,224.0,0.0,0.0,0.0,0.0,130
2023-05-10 09:02:29,PK401C11200,PK401C11200,200.0,0.0,0.0,0.0,10,28.5,235.0,2,200.0,224.0,0.0,0.0,0.0,0.0,130
2023-05-10 09:02:31,PK401C11200,PK401C11200,200.0,0.0,0.0,0.0,1,30.0,235.0,2,200.0,224.0,0.0,0.0,0.0,0.0,130
2023-05-10 09:04:44,PK401C11200,PK401C11200,200.0,0.0,0.0,0.0,10,30.5,235.0,2,200.0,224.0,0.0,0.0,0.0,0.0,130
2023-05-10 09:04:45,PK401C11200,PK401C11200,200.0,0.0,0.0,0.0,1,32.0,235.0,2,200.0,224.0,0.0,0.0,0.0,0.0,130
2023-05-10 09:04:45,PK401C11200,PK401C11200,200.0,0.0,0.0,0.0,10,32.5,235.0,2,200.0,224.0,0.0,0.0,0.0,0.0,130
2023-05-10 09:04:46,PK401C11200,PK401C11200,200.0,0.0,0.0,0.0,1,34.0,235.0,2,200.0,224.0,0.0,0.0,0.0,0.0,130
2023-05-10 09:04:46,PK401C11200,PK401C11200,200.0,0.0,0.0,0.0,10,34.5,235.0,2,200.0,224.0,0.0,0.0,0.0,0.0,130
2023-05-10 09:04:47,PK401C11200,PK401C11200,200.0,0.0,0.0,0.0,1,36.0,235.0,2,200.0,224.0,0.0,0.0,0.0,0.0,130
2023-05-10 09:06:17,PK401C11200,PK401C11200,200.0,0.0,0.0,0.0,10,36.5,235.0,2,200.0,224.0,0.0,0.0,0.0,0.0,130
2023-05-10 09:06:18,PK401C11200,PK401C11200,200.0,0.0,0.0,0.0,1,38.0,235.0,2,200.0,224.0,0.0,0.0,0.0,0.0,130
2023-05-10 09:06:19,PK401C11200,PK401C11200,200.0,0.0,0.0,0.0,10,38.5,235.0,2,200.0,224.0,0.0,0.0,0.0,0.0,130
2023-05-10 09:06:20,PK401C11200,PK401C11200,200.0,0.0,0.0,0.0,1,40.0,235.0,2,200.0,224.0,0.0,0.0,0.0,0.0,130
2023-05-10 09:06:20,PK401C11200,PK401C11200,200.0,0.0,0.0,0.0,10,40.5,235.0,2,200.0,224.0,0.0,0.0,0.0,0.0,130
2023-05-10 09:06:21,PK401C11200,PK401C11200,200.0,0.0,0.0,0.0,1,42.0,235.0,2,200.0,224.0,0.0,0.0,0.0,0.0,130
2023-05-10 09:06:22,PK401C11200,PK401C11200,200.0,0.0,0.0,0.0,10,42.5,235.0,2,200.0,224.0,0.0,0.0,0.0,0.0,130
2023-05-10 09:06:23,PK401C11200,PK401C11200,200.0,0.0,0.0,0.0,1,44.0,235.0,2,200.0,224.0,0.0,0.0,0.0,0.0,130
2023-05-10 09:06:24,PK401C11200,PK401C11200,200.0,0.0,0.0,0.0,10,44.5,235.0,2,200.0,224.0,0.0,0.0,0.0,0.0,130
2023-05-10 09:06:24,PK401C11200,PK401C11200,200.0,0.0,0.0,0.0,1,46.0,235.0,2,200.0,224.0,0.0,0.0,0.0,0.0,130
2023-05-10 09:06:25,PK401C11200,PK401C11200,200.0,0.0,0.0,0.0,10,46.5,235.0,2,200.0,224.0,0.0,0.0,0.0,0.0,130
2023-05-10 09:06:26,PK401C11200,PK401C11200,200.0,0.0,0.0,0.0,1,48.0,235.0,2,200.0,224.0,0.0,0.0,0.0,0.0,130
2023-05-10 09:06:26,PK401C11200,PK401C11200,200.0,0.0,0.0,0.0,10,48.5,235.0,2,200.0,224.0,0.0,0.0,0.0,0.0,130
2023-05-10 09:06:28,PK401C11200,PK401C11200,200.0,0.0,0.0,0.0,1,50.0,235.0,2,200.0,224.0,0.0,0.0,0.0,0.0,130
2023-05-10 09:06:29,PK401C11200,PK401C11200,200.0,0.0,0.0,0.0,10,50.5,235.0,2,200.0,224.0,0.0,0.0,0.0,0.0,130
2023-05-10 09:06:30,PK401C11200,PK401C11200,200.0,0.0,0.0,0.0,1,52.0,235.0,2,200.0,224.0,0.0,0.0,0.0,0.0,130
2023-05-10 09:06:31,PK401C11200,PK401C11200,200.0,0.0,0.0,0.0,10,52.5,235.0,2,200.0,224.0,0.0,0.0,0.0,0.0,130
2023-05-10 09:06:31,PK401C11200,PK401C11200,200.0,0.0,0.0,0.0,1,54.0,235.0,2,200.0,224.0,0.0,0.0,0.0,0.0,130
2023-05-10 09:06:32,PK401C11200,PK401C11200,200.0,0.0,0.0,0.0,10,54.5,235.0,2,200.0,224.0,0.0,0.0,0.0,0.0,130
2023-05-10 09:06:33,PK401C11200,PK401C11200,200.0,0.0,0.0,0.0,1,56.0,235.0,2,200.0,224.0,0.0,0.0,0.0,0.0,130
2023-05-10 09:06:34,PK401C11200,PK401C11200,200.0,0.0,0.0,0.0,10,56.5,235.0,2,200.0,224.0,0.0,0.0,0.0,0.0,130
2023-05-10 09:06:34,PK401C11200,PK401C11200,200.0,0.0,0.0,0.0,1,58.0,235.0,2,200.0,224.0,0.0,0.0,0.0,0.0,130
2023-05-10 09:06:35,PK401C11200,PK401C11200,200.0,0.0,0.0,0.0,10,58.5,235.0,2,200.0,224.0,0.0,0.0,0.0,0.0,130
2023-05-10 09:06:35,PK401C11200,PK401C11200,200.0,0.0,0.0,0.0,1,60.0,235.0,2,200.0,224.0,0.0,0.0,0.0,0.0,130
2023-05-10 09:06:36,PK401C11200,PK401C11200,200.0,0.0,0.0,0.0,10,60.5,235.0,2,200.0,224.0,0.0,0.0,0.0,0.0,130
2023-05-10 09:06:36,PK401C11200,PK401C11200,200.0,0.0,0.0,0.0,1,62.0,235.0,2,200.0,224.0,0.0,0.0,0.0,0.0,130
2023-05-10 09:06:37,PK401C11200,PK401C11200,200.0,0.0,0.0,0.0,10,62.5,235.0,2,200.0,224.0,0.0,0.0,0.0,0.0,130
2023-05-10 09:06:37,PK401C11200,PK401C11200,200.0,0.0,0.0,0.0,1,64.0,235.0,2,200.0,224.0,0.0,0.0,0.0,0.0,130
2023-05-10 09:06:38,PK401C11200,PK401C11200,200.0,0.0,0.0,0.0,10,64.5,235.0,2,200.0,224.0,0.0,0.0,0.0,0.0,130
2023-05-10 09:06:38,PK401C11200,PK401C11200,200.0,0.0,0.0,0.0,1,66.0,235.0,2,200.0,224.0,0.0,0.0,0.0,0.0,130
2023-05-10 09:07:38,PK401C11200,PK401C11200,200.0,0.0,0.0,0.0,10,66.5,235.0,2,200.0,224.0,0.0,0.0,0.0,0.0,130
2023-05-10 09:07:41,PK401C11200,PK401C11200,200.0,0.0,0.0,0.0,1,68.0,235.0,2,200.0,224.0,0.0,0.0,0.0,0.0,130
2023-05-10 09:09:03,PK401C11200,PK401C11200,200.0,0.0,0.0,0.0,3,201.0,235.0,2,200.0,224.0,0.0,0.0,0.0,0.0,130
2023-05-10 09:22:30,PK401C11200,PK401C11200,200.0,0.0,0.0,0.0,10,10.5,235.0,2,200.0,224.0,0.0,0.0,0.0,0.0,130
2023-05-10 09:22:30,PK401C11200,PK401C11200,200.0,0.0,0.0,0.0,1,12.0,235.0,2,200.0,224.0,0.0,0.0,0.0,0.0,130
2023-05-10 09:22:31,PK401C11200,PK401C11200,200.0,0.0,0.0,0.0,10,12.5,235.0,2,200.0,224.0,0.0,0.0,0.0,0.0,130
2023-05-10 09:22:31,PK401C11200,PK401C11200,200.0,0.0,0.0,0.0,1,14.0,235.0,2,200.0,224.0,0.0,0.0,0.0,0.0,130
2023-05-10 09:22:32,PK401C11200,PK401C11200,200.0,0.0,0.0,0.0,10,14.5,235.0,2,200.0,224.0,0.0,0.0,0.0,0.0,130
2023-05-10 09:22:32,PK401C11200,PK401C11200,200.0,0.0,0.0,0.0,1,16.0,235.0,2,200.0,224.0,0.0,0.0,0.0,0.0,130
2023-05-10 09:22:33,PK401C11200,PK401C11200,200.0,0.0,0.0,0.0,10,16.5,235.0,2,200.0,224.0,0.0,0.0,0.0,0.0,130
2023-05-10 09:22:36,PK401C11200,PK401C11200,200.0,0.0,0.0,0.0,1,18.0,235.0,2,200.0,224.0,0.0,0.0,0.0,0.0,130
2023-05-10 09:22:37,PK401C11200,PK401C11200,200.0,0.0,0.0,0.0,10,18.5,235.0,2,200.0,224.0,0.0,0.0,0.0,0.0,130
2023-05-10 09:22:38,PK401C11200,PK401C11200,200.0,0.0,0.0,0.0,1,20.0,235.0,2,200.0,224.0,0.0,0.0,0.0,0.0,130
2023-05-10 09:22:38,PK401C11200,PK401C11200,200.0,0.0,0.0,0.0,10,20.5,235.0,2,200.0,224.0,0.0,0.0,0.0,0.0,130
2023-05-10 09:22:38,PK401C11200,PK401C11200,200.0,0.0,0.0,0.0,1,22.0,235.0,2,200.0,224.0,0.0,0.0,0.0,0.0,130
2023-05-10 09:22:39,PK401C11200,PK401C11200,200.0,0.0,0.0,0.0,10,22.5,235.0,2,200.0,224.0,0.0,0.0,0.0,0.0,130
2023-05-10 09:22:41,PK401C11200,PK401C11200,200.0,0.0,0.0,0.0,1,24.0,235.0,2,200.0,224.0,0.0,0.0,0.0,0.0,130
2023-05-10 09:22:42,PK401C11200,PK401C11200,200.0,0.0,0.0,0.0,10,24.5,235.0,2,200.0,224.0,0.0,0.0,0.0,0.0,130
2023-05-10 09:22:42,PK401C11200,PK401C11200,200.0,0.0,0.0,0.0,1,26.0,235.0,2,200.0,224.0,0.0,0.0,0.0,0.0,130
2023-05-10 09:22:43,PK401C11200,PK401C11200,200.0,0.0,0.0,0.0,10,26.5,235.0,2,200.0,224.0,0.0,0.0,0.0,0.0,130
2023-05-10 09:22:43,PK401C11200,PK401C11200,200.0,0.0,0.0,0.0,1,28.0,235.0,2,200.0,224.0,0.0,0.0,0.0,0.0,130
2023-05-10 09:22:44,PK401C11200,PK401C11200,200.0,0.0,0.0,0.0,10,28.5,235.0,2,200.0,224.0,0.0,0.0,0.0,0.0,130
2023-05-10 09:22:48,PK401C11200,PK401C11200,200.0,0.0,0.0,0.0,1,30.0,235.0,2,200.0,224.0,0.0,0.0,0.0,0.0,130
2023-05-10 09:22:49,PK401C11200,PK401C11200,200.0,0.0,0.0,0.0,10,30.5,235.0,2,200.0,224.0,0.0,0.0,0.0,0.0,130
2023-05-10 09:22:52,PK401C11200,PK401C11200,200.0,0.0,0.0,0.0,1,32.0,235.0,2,200.0,224.0,0.0,0.0,0.0,0.0,130
2023-05-10 09:22:53,PK401C11200,PK401C11200,200.0,0.0,0.0,0.0,10,32.5,235.0,2,200.0,224.0,0.0,0.0,0.0,0.0,130
2023-05-10 09:22:55,PK401C11200,PK401C11200,200.0,0.0,0.0,0.0,1,34.0,235.0,2,200.0,224.0,0.0,0.0,0.0,0.0,130
2023-05-10 09:22:56,PK401C11200,PK401C11200,200.0,0.0,0.0,0.0,10,34.5,235.0,2,200.0,224.0,0.0,0.0,0.0,0.0,130
2023-05-10 09:22:57,PK401C11200,PK401C11200,200.0,0.0,0.0,0.0,1,36.0,235.0,2,200.0,224.0,0.0,0.0,0.0,0.0,130
2023-05-10 09:22:58,PK401C11200,PK401C11200,200.0,0.0,0.0,0.0,10,36.5,235.0,2,200.0,224.0,0.0,0.0,0.0,0.0,130
2023-05-10 09:23:00,PK401C11200,PK401C11200,200.0,0.0,0.0,0.0,1,38.0,235.0,2,200.0,224.0,0.0,0.0,0.0,0.0,130
2023-05-10 09:23:01,PK401C11200,PK401C11200,200.0,0.0,0.0,0.0,10,38.5,235.0,2,200.0,224.0,0.0,0.0,0.0,0.0,130
2023-05-10 09:23:03,PK401C11200,PK401C11200,200.0,0.0,0.0,0.0,1,40.0,235.0,2,200.0,224.0,0.0,0.0,0.0,0.0,130
2023-05-10 09:23:04,PK401C11200,PK401C11200,200.0,0.0,0.0,0.0,10,40.5,235.0,2,200.0,224.0,0.0,0.0,0.0,0.0,130
2023-05-10 09:23:07,PK401C11200,PK401C11200,200.0,0.0,0.0,0.0,1,42.0,235.0,2,200.0,224.0,0.0,0.0,0.0,0.0,130
2023-05-10 09:23:08,PK401C11200,PK401C11200,200.0,0.0,0.0,0.0,10,42.5,235.0,2,200.0,224.0,0.0,0.0,0.0,0.0,130
2023-05-10 09:23:08,PK401C11200,PK401C11200,200.0,0.0,0.0,0.0,1,44.0,235.0,2,200.0,224.0,0.0,0.0,0.0,0.0,130
2023-05-10 09:23:09,PK401C11200,PK401C11200,200.0,0.0,0.0,0.0,10,44.5,235.0,2,200.0,224.0,0.0,0.0,0.0,0.0,130
2023-05-10 09:23:13,PK401C11200,PK401C11200,200.0,0.0,0.0,0.0,1,46.0,235.0,2,200.0,224.0,0.0,0.0,0.0,0.0,130
2023-05-10 09:23:14,PK401C11200,PK401C11200,200.0,0.0,0.0,0.0,10,46.5,235.0,2,200.0,224.0,0.0,0.0,0.0,0.0,130
2023-05-10 09:23:14,PK401C11200,PK401C11200,200.0,0.0,0.0,0.0,1,48.0,235.0,2,200.0,224.0,0.0,0.0,0.0,0.0,130
2023-05-10 09:23:15,PK401C11200,PK401C11200,200.0,0.0,0.0,0.0,10,48.5,235.0,2,200.0,224.0,0.0,0.0,0.0,0.0,130
2023-05-10 09:23:17,PK401C11200,PK401C11200,200.0,0.0,0.0,0.0,1,50.0,235.0,2,200.0,224.0,0.0,0.0,0.0,0.0,130
2023-05-10 09:23:18,PK401C11200,PK401C11200,200.0,0.0,0.0,0.0,10,50.5,235.0,2,200.0,224.0,0.0,0.0,0.0,0.0,130
2023-05-10 09:23:20,PK401C11200,PK401C11200,200.0,0.0,0.0,0.0,1,52.0,235.0,2,200.0,224.0,0.0,0.0,0.0,0.0,130
2023-05-10 09:23:21,PK401C11200,PK401C11200,200.0,0.0,0.0,0.0,10,52.5,235.0,2,200.0,224.0,0.0,0.0,0.0,0.0,130
2023-05-10 09:23:23,PK401C11200,PK401C11200,200.0,0.0,0.0,0.0,1,54.0,235.0,2,200.0,224.0,0.0,0.0,0.0,0.0,130
2023-05-10 09:23:24,PK401C11200,PK401C11200,200.0,0.0,0.0,0.0,10,54.5,235.0,2,200.0,224.0,0.0,0.0,0.0,0.0,130
2023-05-10 09:23:24,PK401C11200,PK401C11200,200.0,0.0,0.0,0.0,1,56.0,235.0,2,200.0,224.0,0.0,0.0,0.0,0.0,130
2023-05-10 09:23:25,PK401C11200,PK401C11200,200.0,0.0,0.0,0.0,10,56.5,235.0,2,200.0,224.0,0.0,0.0,0.0,0.0,130
2023-05-10 09:23:25,PK401C11200,PK401C11200,200.0,0.0,0.0,0.0,1,58.0,235.0,2,200.0,224.0,0.0,0.0,0.0,0.0,130
2023-05-10 09:23:26,PK401C11200,PK401C11200,200.0,0.0,0.0,0.0,10,58.5,235.0,2,200.0,224.0,0.0,0.0,0.0,0.0,130
2023-05-10 09:23:28,PK401C11200,PK401C11200,200.0,0.0,0.0,0.0,1,60.0,235.0,2,200.0,224.0,0.0,0.0,0.0,0.0,130
2023-05-10 09:23:29,PK401C11200,PK401C11200,200.0,0.0,0.0,0.0,10,60.5,235.0,2,200.0,224.0,0.0,0.0,0.0,0.0,130
2023-05-10 09:23:29,PK401C11200,PK401C11200,200.0,0.0,0.0,0.0,1,62.0,235.0,2,200.0,224.0,0.0,0.0,0.0,0.0,130
2023-05-10 09:23:30,PK401C11200,PK401C11200,200.0,0.0,0.0,0.0,10,62.5,235.0,2,200.0,224.0,0.0,0.0,0.0,0.0,130
2023-05-10 09:23:32,PK401C11200,PK401C11200,200.0,0.0,0.0,0.0,1,64.0,235.0,2,200.0,224.0,0.0,0.0,0.0,0.0,130
2023-05-10 09:23:33,PK401C11200,PK401C11200,200.0,0.0,0.0,0.0,10,64.5,235.0,2,200.0,224.0,0.0,0.0,0.0,0.0,130
2023-05-10 09:23:34,PK401C11200,PK401C11200,200.0,0.0,0.0,0.0,1,66.0,235.0,2,200.0,224.0,0.0,0.0,0.0,0.0,130
2023-05-10 09:23:35,PK401C11200,PK401C11200,200.0,0.0,0.0,0.0,10,66.5,235.0,2,200.0,224.0,0.0,0.0,0.0,0.0,130
2023-05-10 09:23:36,PK401C11200,PK401C11200,200.0,0.0,0.0,0.0,1,68.0,235.0,2,200.0,224.0,0.0,0.0,0.0,0.0,130
2023-05-10 09:23:37,PK401C11200,PK401C11200,200.0,0.0,0.0,0.0,10,68.5,235.0,2,200.0,224.0,0.0,0.0,0.0,0.0,130
2023-05-10 09:23:38,PK401C11200,PK401C11200,200.0,0.0,0.0,0.0,1,70.0,235.0,2,200.0,224.0,0.0,0.0,0.0,0.0,130
2023-05-10 09:23:39,PK401C11200,PK401C11200,200.0,0.0,0.0,0.0,10,70.5,235.0,2,200.0,224.0,0.0,0.0,0.0,0.0,130
2023-05-10 09:23:41,PK401C11200,PK401C11200,200.0,0.0,0.0,0.0,1,72.0,235.0,2,200.0,224.0,0.0,0.0,0.0,0.0,130
2023-05-10 09:23:42,PK401C11200,PK401C11200,200.0,0.0,0.0,0.0,10,72.5,235.0,2,200.0,224.0,0.0,0.0,0.0,0.0,130
2023-05-10 09:23:43,PK401C11200,PK401C11200,200.0,0.0,0.0,0.0,1,74.0,235.0,2,200.0,224.0,0.0,0.0,0.0,0.0,130
2023-05-10 09:23:44,PK401C11200,PK401C11200,200.0,0.0,0.0,0.0,10,74.5,235.0,2,200.0,224.0,0.0,0.0,0.0,0.0,130
2023-05-10 09:23:44,PK401C11200,PK401C11200,200.0,0.0,0.0,0.0,1,76.0,235.0,2,200.0,224.0,0.0,0.0,0.0,0.0,130
2023-05-10 09:24:49,PK401C11200,PK401C11200,200.0,0.0,0.0,0.0,10,76.5,235.0,2,200.0,224.0,0.0,0.0,0.0,0.0,130
2023-05-10 09:35:40,PK401C11200,PK401C11200,200.0,0.0,0.0,0.0,1,78.0,235.0,2,200.0,224.0,0.0,0.0,0.0,0.0,130
2023-05-10 09:36:01,PK401C11200,PK401C11200,200.0,0.0,0.0,0.0,10,78.5,235.0,2,200.0,224.0,0.0,0.0,0.0,0.0,130
2023-05-10 09:45:40,PK401C11200,PK401C11200,200.0,0.0,0.0,0.0,1,80.0,235.0,2,200.0,224.0,0.0,0.0,0.0,0.0,130
2023-05-10 09:47:10,PK401C11200,PK401C11200,200.0,0.0,0.0,0.0,10,80.5,235.0,2,200.0,224.0,0.0,0.0,0.0,0.0,130
2023-05-10 09:50:20,PK401C11200,PK401C11200,200.0,0.0,0.0,0.0,1,177.0,235.0,2,200.0,224.0,0.0,0.0,0.0,0.0,130
2023-05-10 09:50:27,PK401C11200,PK401C11200,200.0,0.0,0.0,0.0,10,177.5,235.0,2,200.0,224.0,0.0,0.0,0.0,0.0,130
2023-05-10 09:54:36,PK401C11200,PK401C11200,200.0,0.0,0.0,0.0,5,201.5,235.0,2,200.0,224.0,0.0,0.0,0.0,0.0,130
2023-05-10 13:48:37,PK401C11200,PK401C11200,200.0,0.0,0.0,0.0,8,201.5,235.0,5,200.0,224.0,0.0,0.0,0.0,0.0,130
2023-05-10 13:48:38,PK401C11200,PK401C11200,200.0,0.0,0.0,0.0,3,228.0,235.0,5,200.0,224.0,0.0,0.0,0.0,0.0,130
2023-05-10 13:48:39,PK401C11200,PK401C11200,200.0,0.0,0.0,0.0,9,228.0,235.0,8,200.0,224.0,0.0,0.0,0.0,0.0,130
2023-05-10 13:48:43,PK401C11200,PK401C11200,224.0,3.0,672.0,0.0,6,228.0,235.0,8,200.0,224.0,224.0,224.0,3.0,672.0,130
2023-05-10 13:48:44,PK401C11200,PK401C11200,228.0,3.0,684.0,3.0,6,228.0,235.0,8,200.0,224.0,228.0,224.0,6.0,1356.0,133
2023-05-10 13:48:46,PK401C11200,PK401C11200,228.0,0.0,0.0,0.0,6,228.0,235.0,11,200.0,224.0,228.0,224.0,6.0,1356.0,133
2023-05-10 13:48:47,PK401C11200,PK401C11200,228.0,0.0,0.0,0.0,9,228.0,235.0,14,200.0,224.0,228.0,224.0,6.0,1356.0,133
2023-05-10 13:48:47,PK401C11200,PK401C11200,228.0,6.0,1368.0,0.0,3,228.0,235.0,11,200.0,224.0,228.0,224.0,12.0,2724.0,133
2023-05-10 13:48:49,PK401C11200,PK401C11200,228.0,0.0,0.0,0.0,3,228.0,235.0,14,200.0,224.0,228.0,224.0,12.0,2724.0,133
2023-05-10 13:48:56,PK401C11200,PK401C11200,228.0,0.0,0.0,0.0,3,228.0,235.0,11,200.0,224.0,228.0,224.0,12.0,2724.0,133
2023-05-10 13:48:57,PK401C11200,PK401C11200,228.0,0.0,0.0,0.0,3,213.5,235.0,8,200.0,224.0,228.0,224.0,12.0,2724.0,133
2023-05-10 13:48:58,PK401C11200,PK401C11200,228.0,0.0,0.0,0.0,3,213.5,235.0,5,200.0,224.0,228.0,224.0,12.0,2724.0,133
2023-05-10 13:48:59,PK401C11200,PK401C11200,228.0,0.0,0.0,0.0,5,201.5,235.0,2,200.0,224.0,228.0,224.0,12.0,2724.0,133
2023-05-10 13:50:34,PK401C11200,PK401C11200,228.0,0.0,0.0,0.0,3,228.5,235.0,2,200.0,224.0,228.0,224.0,12.0,2724.0,133
2023-05-10 13:50:34,PK401C11200,PK401C11200,228.0,0.0,0.0,0.0,6,228.5,235.0,5,200.0,224.0,228.0,224.0,12.0,2724.0,133
2023-05-10 13:50:36,PK401C11200,PK401C11200,228.0,3.0,681.0,3.0,3,228.5,235.0,5,200.0,224.0,228.0,224.0,15.0,3405.0,136
2023-05-10 13:50:38,PK401C11200,PK401C11200,228.0,3.0,690.0,0.0,3,227.5,228.0,3,200.0,224.0,228.0,224.0,18.0,4095.0,136
2023-05-10 13:50:39,PK401C11200,PK401C11200,228.0,0.0,0.0,0.0,6,227.5,228.0,6,200.0,224.0,228.0,224.0,18.0,4095.0,136
2023-05-10 13:50:41,PK401C11200,PK401C11200,228.0,0.0,0.0,0.0,6,227.5,228.0,9,200.0,224.0,228.0,224.0,18.0,4095.0,136
2023-05-10 13:50:42,PK401C11200,PK401C11200,228.0,0.0,0.0,0.0,9,227.5,228.0,12,200.0,224.0,228.0,224.0,18.0,4095.0,136
2023-05-10 13:50:44,PK401C11200,PK401C11200,228.0,0.0,0.0,0.0,9,227.5,228.0,15,200.0,224.0,228.0,224.0,18.0,4095.0,136
2023-05-10 13:50:50,PK401C11200,PK401C11200,228.0,0.0,0.0,0.0,6,227.5,228.0,15,200.0,224.0,228.0,224.0,18.0,4095.0,136
2023-05-10 13:50:52,PK401C11200,PK401C11200,228.0,0.0,0.0,0.0,3,214.5,228.0,9,200.0,224.0,228.0,224.0,18.0,4095.0,136
2023-05-10 13:50:53,PK401C11200,PK401C11200,228.0,0.0,0.0,0.0,3,214.5,228.0,6,200.0,224.0,228.0,224.0,18.0,4095.0,136
2023-05-10 13:50:54,PK401C11200,PK401C11200,228.0,0.0,0.0,0.0,5,201.5,228.0,3,200.0,224.0,228.0,224.0,18.0,4095.0,136
2023-05-10 13:51:19,PK401C11200,PK401C11200,228.0,0.0,0.0,0.0,1,202.0,228.0,3,200.0,224.0,228.0,224.0,18.0,4095.0,136
2023-05-10 13:52:23,PK401C11200,PK401C11200,228.0,0.0,0.0,0.0,1,202.0,235.0,2,200.0,224.0,228.0,224.0,18.0,4095.0,136
2023-05-10 13:52:37,PK401C11200,PK401C11200,228.0,0.0,0.0,0.0,1,202.0,220.5,3,200.0,224.0,228.0,224.0,18.0,4095.0,136
2023-05-10 13:52:37,PK401C11200,PK401C11200,228.0,0.0,0.0,0.0,4,202.0,220.5,6,200.0,224.0,228.0,224.0,18.0,4095.0,136
2023-05-10 13:52:39,PK401C11200,PK401C11200,228.0,0.0,0.0,0.0,7,202.0,220.5,9,200.0,224.0,228.0,224.0,18.0,4095.0,136
2023-05-10 13:52:42,PK401C11200,PK401C11200,228.0,0.0,0.0,0.0,3,214.5,220.5,9,200.0,224.0,228.0,224.0,18.0,4095.0,136
2023-05-10 13:52:42,PK401C11200,PK401C11200,228.0,0.0,0.0,0.0,3,214.5,220.5,3,200.0,224.0,228.0,224.0,18.0,4095.0,136
2023-05-10 13:52:43,PK401C11200,PK401C11200,228.0,0.0,0.0,0.0,6,214.5,220.5,6,200.0,224.0,228.0,224.0,18.0,4095.0,136
2023-05-10 13:52:44,PK401C11200,PK401C11200,228.0,0.0,0.0,0.0,6,214.5,220.5,9,200.0,224.0,228.0,224.0,18.0,4095.0,136
2023-05-10 13:52:45,PK401C11200,PK401C11200,228.0,0.0,0.0,0.0,6,214.5,217.5,3,200.0,224.0,228.0,224.0,18.0,4095.0,136
2023-05-10 13:52:46,PK401C11200,PK401C11200,228.0,0.0,0.0,0.0,3,214.5,217.5,3,200.0,224.0,228.0,224.0,18.0,4095.0,136
2023-05-10 13:52:46,PK401C11200,PK401C11200,228.0,0.0,0.0,0.0,6,214.5,217.5,6,200.0,224.0,228.0,224.0,18.0,4095.0,136
2023-05-10 13:52:47,PK401C11200,PK401C11200,228.0,0.0,0.0,0.0,9,214.5,217.5,9,200.0,224.0,228.0,224.0,18.0,4095.0,136
2023-05-10 13:52:50,PK401C11200,PK401C11200,228.0,0.0,0.0,0.0,12,214.5,217.5,12,200.0,224.0,228.0,224.0,18.0,4095.0,136
2023-05-10 13:52:52,PK401C11200,PK401C11200,228.0,0.0,0.0,0.0,12,214.5,217.5,15,200.0,224.0,228.0,224.0,18.0,4095.0,136
2023-05-10 13:52:54,PK401C11200,PK401C11200,228.0,0.0,0.0,0.0,9,214.5,217.5,15,200.0,224.0,228.0,224.0,18.0,4095.0,136
2023-05-10 13:52:58,PK401C11200,PK401C11200,228.0,0.0,0.0,0.0,6,214.5,217.5,12,200.0,224.0,228.0,224.0,18.0,4095.0,136
2023-05-10 13:52:58,PK401C11200,PK401C11200,214.5,3.0,640.5,3.0,3,214.5,217.5,12,200.0,224.0,228.0,214.5,21.0,4735.5,139
2023-05-10 13:53:00,PK401C11200,PK401C11200,214.5,0.0,0.0,0.0,3,213.5,217.5,3,200.0,224.0,228.0,214.5,21.0,4735.5,139
2023-05-10 13:53:02,PK401C11200,PK401C11200,214.5,0.0,0.0,0.0,1,202.0,228.0,3,200.0,224.0,228.0,214.5,21.0,4735.5,139
2023-05-10 13:53:04,PK401C11200,PK401C11200,214.5,0.0,0.0,0.0,1,202.0,235.0,2,200.0,224.0,228.0,214.5,21.0,4735.5,139
2023-05-10 13:53:14,PK401C11200,PK401C11200,214.5,0.0,0.0,0.0,5,203.0,235.0,2,200.0,224.0,228.0,214.5,21.0,4735.5,139
2023-05-10 13:54:02,PK401C11200,PK401C11200,214.5,0.0,0.0,0.0,3,214.5,235.0,2,200.0,224.0,228.0,214.5,21.0,4735.5,139
2023-05-10 13:57:52,PK401C11200,PK401C11200,214.5,0.0,0.0,0.0,5,203.0,235.0,2,200.0,224.0,228.0,214.5,21.0,4735.5,139
2023-05-10 14:01:47,PK401C11200,PK401C11200,214.5,0.0,0.0,0.0,5,203.0,219.5,3,200.0,224.0,228.0,214.5,21.0,4735.5,139
2023-05-10 14:01:47,PK401C11200,PK401C11200,214.5,0.0,0.0,0.0,8,203.0,219.5,6,200.0,224.0,228.0,214.5,21.0,4735.5,139
2023-05-10 14:01:48,PK401C11200,PK401C11200,214.5,0.0,0.0,0.0,3,215.5,219.5,6,200.0,224.0,228.0,214.5,21.0,4735.5,139
2023-05-10 14:01:48,PK401C11200,PK401C11200,214.5,0.0,0.0,0.0,3,215.5,219.5,3,200.0,224.0,228.0,214.5,21.0,4735.5,139
2023-05-10 14:01:48,PK401C11200,PK401C11200,214.5,0.0,0.0,0.0,6,215.5,219.5,6,200.0,224.0,228.0,214.5,21.0,4735.5,139
2023-05-10 14:01:53,PK401C11200,PK401C11200,214.5,0.0,0.0,0.0,9,215.5,219.5,9,200.0,224.0,228.0,214.5,21.0,4735.5,139
2023-05-10 14:01:54,PK401C11200,PK401C11200,214.5,0.0,0.0,0.0,9,215.5,219.5,12,200.0,224.0,228.0,214.5,21.0,4735.5,139
2023-05-10 14:01:55,PK401C11200,PK401C11200,219.5,11.0,2416.5,-6.0,6,215.5,219.5,1,200.0,224.0,228.0,214.5,32.0,7152.0,133
2023-05-10 14:01:55,PK401C11200,PK401C11200,219.5,0.0,0.0,0.0,9,215.5,219.5,1,200.0,224.0,228.0,214.5,32.0,7152.0,133
2023-05-10 14:01:56,PK401C11200,PK401C11200,219.5,1.0,223.5,-1.0,3,219.5,220.5,3,200.0,224.0,228.0,214.5,33.0,7375.5,132
2023-05-10 14:02:01,PK401C11200,PK401C11200,220.5,3.0,652.5,0.0,3,219.5,223.0,6,200.0,224.0,228.0,214.5,36.0,8028.0,132
2023-05-10 14:02:03,PK401C11200,PK401C11200,220.5,0.0,0.0,0.0,3,219.5,223.0,3,200.0,224.0,228.0,214.5,36.0,8028.0,132
2023-05-10 14:02:04,PK401C11200,PK401C11200,220.5,0.0,0.0,0.0,6,215.5,223.0,3,200.0,224.0,228.0,214.5,36.0,8028.0,132
2023-05-10 14:02:06,PK401C11200,PK401C11200,220.5,0.0,0.0,0.0,5,203.0,235.0,2,200.0,224.0,228.0,214.5,36.0,8028.0,132
2023-05-10 14:03:57,PK401C11200,PK401C11200,220.5,0.0,0.0,0.0,1,202.0,235.0,2,200.0,224.0,228.0,214.5,36.0,8028.0,132
2023-05-10 14:04:56,PK401C11200,PK401C11200,220.5,0.0,0.0,0.0,1,202.0,217.0,3,200.0,224.0,228.0,214.5,36.0,8028.0,132
2023-05-10 14:04:56,PK401C11200,PK401C11200,220.5,0.0,0.0,0.0,7,202.0,217.0,9,200.0,224.0,228.0,214.5,36.0,8028.0,132
2023-05-10 14:04:57,PK401C11200,PK401C11200,220.5,0.0,0.0,0.0,10,202.0,217.0,12,200.0,224.0,228.0,214.5,36.0,8028.0,132
2023-05-10 14:04:58,PK401C11200,PK401C11200,220.5,0.0,0.0,0.0,3,210.0,217.0,12,200.0,224.0,228.0,214.5,36.0,8028.0,132
2023-05-10 14:04:59,PK401C11200,PK401C11200,220.5,0.0,0.0,0.0,6,210.0,217.0,6,200.0,224.0,228.0,214.5,36.0,8028.0,132
2023-05-10 14:04:59,PK401C11200,PK401C11200,220.5,0.0,0.0,0.0,9,210.0,217.0,9,200.0,224.0,228.0,214.5,36.0,8028.0,132
2023-05-10 14:05:03,PK401C11200,PK401C11200,220.5,0.0,0.0,0.0,12,210.0,217.0,15,200.0,224.0,228.0,214.5,36.0,8028.0,132
2023-05-10 14:05:06,PK401C11200,PK401C11200,220.5,0.0,0.0,0.0,15,210.0,217.0,18,200.0,224.0,228.0,214.5,36.0,8028.0,132
2023-05-10 14:05:07,PK401C11200,PK401C11200,220.5,0.0,0.0,0.0,15,210.0,217.0,15,200.0,224.0,228.0,214.5,36.0,8028.0,132
2023-05-10 14:05:08,PK401C11200,PK401C11200,220.5,0.0,0.0,0.0,18,210.0,217.0,15,200.0,224.0,228.0,214.5,36.0,8028.0,132
2023-05-10 14:05:10,PK401C11200,PK401C11200,220.5,0.0,0.0,0.0,15,210.0,217.0,15,200.0,224.0,228.0,214.5,36.0,8028.0,132
2023-05-10 14:05:11,PK401C11200,PK401C11200,220.5,0.0,0.0,0.0,12,210.0,217.0,12,200.0,224.0,228.0,214.5,36.0,8028.0,132
2023-05-10 14:05:15,PK401C11200,PK401C11200,220.5,0.0,0.0,0.0,9,210.0,217.0,6,200.0,224.0,228.0,214.5,36.0,8028.0,132
2023-05-10 14:05:16,PK401C11200,PK401C11200,220.5,0.0,0.0,0.0,6,210.0,217.0,3,200.0,224.0,228.0,214.5,36.0,8028.0,132
2023-05-10 14:05:16,PK401C11200,PK401C11200,220.5,0.0,0.0,0.0,3,210.0,218.0,3,200.0,224.0,228.0,214.5,36.0,8028.0,132
2023-05-10 14:05:18,PK401C11200,PK401C11200,220.5,0.0,0.0,0.0,1,202.0,235.0,2,200.0,224.0,228.0,214.5,36.0,8028.0,132
2023-05-10 14:13:36,PK401C11200,PK401C11200,220.5,0.0,0.0,0.0,5,201.5,235.0,2,200.0,224.0,228.0,214.5,36.0,8028.0,132
2023-05-10 14:14:43,PK401C11200,PK401C11200,220.5,0.0,0.0,0.0,10,10.5,235.0,2,200.0,224.0,228.0,214.5,36.0,8028.0,132
2023-05-10 14:14:43,PK401C11200,PK401C11200,220.5,0.0,0.0,0.0,1,12.0,235.0,2,200.0,224.0,228.0,214.5,36.0,8028.0,132
2023-05-10 14:14:44,PK401C11200,PK401C11200,220.5,0.0,0.0,0.0,1,12.5,235.0,2,200.0,224.0,228.0,214.5,36.0,8028.0,132
2023-05-10 14:14:44,PK401C11200,PK401C11200,220.5,0.0,0.0,0.0,10,14.5,235.0,2,200.0,224.0,228.0,214.5,36.0,8028.0,132
2023-05-10 14:14:45,PK401C11200,PK401C11200,220.5,0.0,0.0,0.0,1,16.0,235.0,2,200.0,224.0,228.0,214.5,36.0,8028.0,132
2023-05-10 14:14:46,PK401C11200,PK401C11200,220.5,0.0,0.0,0.0,10,17.0,235.0,2,200.0,224.0,228.0,214.5,36.0,8028.0,132
2023-05-10 14:14:46,PK401C11200,PK401C11200,220.5,0.0,0.0,0.0,1,18.5,235.0,2,200.0,224.0,228.0,214.5,36.0,8028.0,132
2023-05-10 14:14:47,PK401C11200,PK401C11200,220.5,0.0,0.0,0.0,10,19.0,235.0,2,200.0,224.0,228.0,214.5,36.0,8028.0,132
2023-05-10 14:14:47,PK401C11200,PK401C11200,220.5,0.0,0.0,0.0,1,20.5,235.0,2,200.0,224.0,228.0,214.5,36.0,8028.0,132
2023-05-10 14:14:48,PK401C11200,PK401C11200,220.5,0.0,0.0,0.0,10,21.0,235.0,2,200.0,224.0,228.0,214.5,36.0,8028.0,132
2023-05-10 14:14:48,PK401C11200,PK401C11200,220.5,0.0,0.0,0.0,1,22.5,235.0,2,200.0,224.0,228.0,214.5,36.0,8028.0,132
2023-05-10 14:14:49,PK401C11200,PK401C11200,220.5,0.0,0.0,0.0,10,23.0,235.0,2,200.0,224.0,228.0,214.5,36.0,8028.0,132
2023-05-10 14:14:49,PK401C11200,PK401C11200,220.5,0.0,0.0,0.0,1,24.5,235.0,2,200.0,224.0,228.0,214.5,36.0,8028.0,132
2023-05-10 14:14:50,PK401C11200,PK401C11200,220.5,0.0,0.0,0.0,10,25.0,235.0,2,200.0,224.0,228.0,214.5,36.0,8028.0,132
2023-05-10 14:14:50,PK401C11200,PK401C11200,220.5,0.0,0.0,0.0,1,26.5,235.0,2,200.0,224.0,228.0,214.5,36.0,8028.0,132
2023-05-10 14:14:50,PK401C11200,PK401C11200,220.5,0.0,0.0,0.0,10,25.0,235.0,2,200.0,224.0,228.0,214.5,36.0,8028.0,132
2023-05-10 14:14:50,PK401C11200,PK401C11200,220.5,0.0,0.0,0.0,1,26.5,235.0,2,200.0,224.0,228.0,214.5,36.0,8028.0,132
2023-05-10 14:14:52,PK401C11200,PK401C11200,220.5,0.0,0.0,0.0,11,27.0,235.0,2,200.0,224.0,228.0,214.5,36.0,8028.0,132
2023-05-10 14:14:52,PK401C11200,PK401C11200,220.5,0.0,0.0,0.0,1,28.5,235.0,2,200.0,224.0,228.0,214.5,36.0,8028.0,132
2023-05-10 14:14:53,PK401C11200,PK401C11200,220.5,0.0,0.0,0.0,1,29.0,235.0,2,200.0,224.0,228.0,214.5,36.0,8028.0,132
2023-05-10 14:14:53,PK401C11200,PK401C11200,220.5,0.0,0.0,0.0,1,30.5,235.0,2,200.0,224.0,228.0,214.5,36.0,8028.0,132
2023-05-10 14:14:54,PK401C11200,PK401C11200,220.5,0.0,0.0,0.0,1,31.0,235.0,2,200.0,224.0,228.0,214.5,36.0,8028.0,132
2023-05-10 14:14:54,PK401C11200,PK401C11200,220.5,0.0,0.0,0.0,1,32.5,235.0,2,200.0,224.0,228.0,214.5,36.0,8028.0,132
2023-05-10 14:14:55,PK401C11200,PK401C11200,220.5,0.0,0.0,0.0,1,33.0,235.0,2,200.0,224.0,228.0,214.5,36.0,8028.0,132
2023-05-10 14:14:55,PK401C11200,PK401C11200,220.5,0.0,0.0,0.0,1,34.5,235.0,2,200.0,224.0,228.0,214.5,36.0,8028.0,132
2023-05-10 14:14:56,PK401C11200,PK401C11200,220.5,0.0,0.0,0.0,11,35.0,235.0,2,200.0,224.0,228.0,214.5,36.0,8028.0,132
2023-05-10 14:14:56,PK401C11200,PK401C11200,220.5,0.0,0.0,0.0,1,36.5,235.0,2,200.0,224.0,228.0,214.5,36.0,8028.0,132
2023-05-10 14:14:57,PK401C11200,PK401C11200,220.5,0.0,0.0,0.0,1,37.0,235.0,2,200.0,224.0,228.0,214.5,36.0,8028.0,132
2023-05-10 14:14:57,PK401C11200,PK401C11200,220.5,0.0,0.0,0.0,1,38.5,235.0,2,200.0,224.0,228.0,214.5,36.0,8028.0,132
2023-05-10 14:14:58,PK401C11200,PK401C11200,220.5,0.0,0.0,0.0,11,39.0,235.0,2,200.0,224.0,228.0,214.5,36.0,8028.0,132
2023-05-10 14:14:58,PK401C11200,PK401C11200,220.5,0.0,0.0,0.0,1,40.5,235.0,2,200.0,224.0,228.0,214.5,36.0,8028.0,132
2023-05-10 14:14:59,PK401C11200,PK401C11200,220.5,0.0,0.0,0.0,11,41.0,235.0,2,200.0,224.0,228.0,214.5,36.0,8028.0,132
2023-05-10 14:14:59,PK401C11200,PK401C11200,220.5,0.0,0.0,0.0,1,42.5,235.0,2,200.0,224.0,228.0,214.5,36.0,8028.0,132
2023-05-10 14:15:00,PK401C11200,PK401C11200,220.5,0.0,0.0,0.0,1,43.0,235.0,2,200.0,224.0,228.0,214.5,36.0,8028.0,132
2023-05-10 14:15:00,PK401C11200,PK401C11200,220.5,0.0,0.0,0.0,10,45.0,235.0,2,200.0,224.0,228.0,214.5,36.0,8028.0,132
2023-05-10 14:15:00,PK401C11200,PK401C11200,220.5,0.0,0.0,0.0,1,46.5,235.0,2,200.0,224.0,228.0,214.5,36.0,8028.0,132
2023-05-10 14:15:01,PK401C11200,PK401C11200,220.5,0.0,0.0,0.0,11,47.0,235.0,2,200.0,224.0,228.0,214.5,36.0,8028.0,132
2023-05-10 14:15:03,PK401C11200,PK401C11200,220.5,0.0,0.0,0.0,1,48.5,235.0,2,200.0,224.0,228.0,214.5,36.0,8028.0,132
2023-05-10 14:15:03,PK401C11200,PK401C11200,220.5,0.0,0.0,0.0,10,49.0,235.0,2,200.0,224.0,228.0,214.5,36.0,8028.0,132
2023-05-10 14:15:04,PK401C11200,PK401C11200,220.5,0.0,0.0,0.0,1,50.5,235.0,2,200.0,224.0,228.0,214.5,36.0,8028.0,132
2023-05-10 14:15:04,PK401C11200,PK401C11200,220.5,0.0,0.0,0.0,1,51.0,235.0,2,200.0,224.0,228.0,214.5,36.0,8028.0,132
2023-05-10 14:15:05,PK401C11200,PK401C11200,220.5,0.0,0.0,0.0,1,52.5,235.0,2,200.0,224.0,228.0,214.5,36.0,8028.0,132
2023-05-10 14:15:06,PK401C11200,PK401C11200,220.5,0.0,0.0,0.0,1,53.0,235.0,2,200.0,224.0,228.0,214.5,36.0,8028.0,132
2023-05-10 14:15:06,PK401C11200,PK401C11200,220.5,0.0,0.0,0.0,1,54.5,235.0,2,200.0,224.0,228.0,214.5,36.0,8028.0,132
2023-05-10 14:15:07,PK401C11200,PK401C11200,220.5,0.0,0.0,0.0,1,55.0,235.0,2,200.0,224.0,228.0,214.5,36.0,8028.0,132
2023-05-10 14:15:07,PK401C11200,PK401C11200,220.5,0.0,0.0,0.0,1,56.5,235.0,2,200.0,224.0,228.0,214.5,36.0,8028.0,132
2023-05-10 14:15:08,PK401C11200,PK401C11200,220.5,0.0,0.0,0.0,1,57.0,235.0,2,200.0,224.0,228.0,214.5,36.0,8028.0,132
2023-05-10 14:15:09,PK401C11200,PK401C11200,220.5,0.0,0.0,0.0,1,58.5,235.0,2,200.0,224.0,228.0,214.5,36.0,8028.0,132
2023-05-10 14:15:10,PK401C11200,PK401C11200,220.5,0.0,0.0,0.0,1,59.0,235.0,2,200.0,224.0,228.0,214.5,36.0,8028.0,132
2023-05-10 14:15:10,PK401C11200,PK401C11200,220.5,0.0,0.0,0.0,1,60.5,235.0,2,200.0,224.0,228.0,214.5,36.0,8028.0,132
2023-05-10 14:15:11,PK401C11200,PK401C11200,220.5,0.0,0.0,0.0,1,61.0,235.0,2,200.0,224.0,228.0,214.5,36.0,8028.0,132
2023-05-10 14:15:11,PK401C11200,PK401C11200,220.5,0.0,0.0,0.0,1,62.5,235.0,2,200.0,224.0,228.0,214.5,36.0,8028.0,132
2023-05-10 14:15:12,PK401C11200,PK401C11200,220.5,0.0,0.0,0.0,1,63.0,235.0,2,200.0,224.0,228.0,214.5,36.0,8028.0,132
2023-05-10 14:15:12,PK401C11200,PK401C11200,220.5,0.0,0.0,0.0,10,65.0,235.0,2,200.0,224.0,228.0,214.5,36.0,8028.0,132
2023-05-10 14:15:13,PK401C11200,PK401C11200,220.5,0.0,0.0,0.0,1,66.5,235.0,2,200.0,224.0,228.0,214.5,36.0,8028.0,132
2023-05-10 14:15:14,PK401C11200,PK401C11200,220.5,0.0,0.0,0.0,11,67.0,235.0,2,200.0,224.0,228.0,214.5,36.0,8028.0,132
2023-05-10 14:15:14,PK401C11200,PK401C11200,220.5,0.0,0.0,0.0,1,68.5,235.0,2,200.0,224.0,228.0,214.5,36.0,8028.0,132
2023-05-10 14:15:15,PK401C11200,PK401C11200,220.5,0.0,0.0,0.0,1,69.0,235.0,2,200.0,224.0,228.0,214.5,36.0,8028.0,132
2023-05-10 14:15:15,PK401C11200,PK401C11200,220.5,0.0,0.0,0.0,1,70.5,235.0,2,200.0,224.0,228.0,214.5,36.0,8028.0,132
2023-05-10 14:15:16,PK401C11200,PK401C11200,220.5,0.0,0.0,0.0,1,71.0,235.0,2,200.0,224.0,228.0,214.5,36.0,8028.0,132
2023-05-10 14:15:16,PK401C11200,PK401C11200,220.5,0.0,0.0,0.0,1,72.5,235.0,2,200.0,224.0,228.0,214.5,36.0,8028.0,132
2023-05-10 14:15:17,PK401C11200,PK401C11200,220.5,0.0,0.0,0.0,1,73.0,235.0,2,200.0,224.0,228.0,214.5,36.0,8028.0,132
2023-05-10 14:15:17,PK401C11200,PK401C11200,220.5,0.0,0.0,0.0,10,73.5,235.0,2,200.0,224.0,228.0,214.5,36.0,8028.0,132
2023-05-10 14:15:18,PK401C11200,PK401C11200,220.5,0.0,0.0,0.0,1,74.0,235.0,2,200.0,224.0,228.0,214.5,36.0,8028.0,132
2023-05-10 14:15:18,PK401C11200,PK401C11200,220.5,0.0,0.0,0.0,10,74.5,235.0,2,200.0,224.0,228.0,214.5,36.0,8028.0,132
2023-05-10 14:15:19,PK401C11200,PK401C11200,220.5,0.0,0.0,0.0,1,75.0,235.0,2,200.0,224.0,228.0,214.5,36.0,8028.0,132
2023-05-10 14:15:19,PK401C11200,PK401C11200,220.5,0.0,0.0,0.0,10,75.5,235.0,2,200.0,224.0,228.0,214.5,36.0,8028.0,132
2023-05-10 14:15:20,PK401C11200,PK401C11200,220.5,0.0,0.0,0.0,1,76.0,235.0,2,200.0,224.0,228.0,214.5,36.0,8028.0,132
2023-05-10 14:15:20,PK401C11200,PK401C11200,220.5,0.0,0.0,0.0,10,76.5,235.0,2,200.0,224.0,228.0,214.5,36.0,8028.0,132
2023-05-10 14:15:21,PK401C11200,PK401C11200,220.5,0.0,0.0,0.0,1,77.0,235.0,2,200.0,224.0,228.0,214.5,36.0,8028.0,132
2023-05-10 14:15:21,PK401C11200,PK401C11200,220.5,0.0,0.0,0.0,10,77.5,235.0,2,200.0,224.0,228.0,214.5,36.0,8028.0,132
2023-05-10 14:15:22,PK401C11200,PK401C11200,220.5,0.0,0.0,0.0,1,78.0,235.0,2,200.0,224.0,228.0,214.5,36.0,8028.0,132
2023-05-10 14:15:22,PK401C11200,PK401C11200,220.5,0.0,0.0,0.0,10,78.5,235.0,2,200.0,224.0,228.0,214.5,36.0,8028.0,132
2023-05-10 14:15:23,PK401C11200,PK401C11200,220.5,0.0,0.0,0.0,1,79.0,235.0,2,200.0,224.0,228.0,214.5,36.0,8028.0,132
2023-05-10 14:15:23,PK401C11200,PK401C11200,220.5,0.0,0.0,0.0,10,79.5,235.0,2,200.0,224.0,228.0,214.5,36.0,8028.0,132
2023-05-10 14:15:24,PK401C11200,PK401C11200,220.5,0.0,0.0,0.0,1,80.0,235.0,2,200.0,224.0,228.0,214.5,36.0,8028.0,132
2023-05-10 14:15:24,PK401C11200,PK401C11200,220.5,0.0,0.0,0.0,10,80.5,235.0,2,200.0,224.0,228.0,214.5,36.0,8028.0,132
2023-05-10 14:15:25,PK401C11200,PK401C11200,220.5,0.0,0.0,0.0,1,81.0,235.0,2,200.0,224.0,228.0,214.5,36.0,8028.0,132
2023-05-10 14:15:50,PK401C11200,PK401C11200,220.5,0.0,0.0,0.0,10,81.5,225.0,2,200.0,224.0,228.0,214.5,36.0,8028.0,132
2023-05-10 14:15:51,PK401C11200,PK401C11200,220.5,0.0,0.0,0.0,1,82.0,225.0,2,200.0,224.0,228.0,214.5,36.0,8028.0,132
2023-05-10 14:15:51,PK401C11200,PK401C11200,220.5,0.0,0.0,0.0,10,82.5,225.0,2,200.0,224.0,228.0,214.5,36.0,8028.0,132
2023-05-10 14:15:52,PK401C11200,PK401C11200,220.5,0.0,0.0,0.0,1,83.0,225.0,2,200.0,224.0,228.0,214.5,36.0,8028.0,132
2023-05-10 14:15:53,PK401C11200,PK401C11200,220.5,0.0,0.0,0.0,10,83.5,225.0,2,200.0,224.0,228.0,214.5,36.0,8028.0,132
2023-05-10 14:15:54,PK401C11200,PK401C11200,220.5,0.0,0.0,0.0,1,84.0,225.0,2,200.0,224.0,228.0,214.5,36.0,8028.0,132
2023-05-10 14:15:54,PK401C11200,PK401C11200,220.5,0.0,0.0,0.0,10,84.5,225.0,2,200.0,224.0,228.0,214.5,36.0,8028.0,132
2023-05-10 14:15:55,PK401C11200,PK401C11200,220.5,0.0,0.0,0.0,1,85.0,225.0,2,200.0,224.0,228.0,214.5,36.0,8028.0,132
2023-05-10 14:16:06,PK401C11200,PK401C11200,220.5,0.0,0.0,0.0,1,182.0,225.0,2,200.0,224.0,228.0,214.5,36.0,8028.0,132
2023-05-10 14:16:24,PK401C11200,PK401C11200,220.5,0.0,0.0,0.0,4,182.0,225.0,2,200.0,224.0,228.0,214.5,36.0,8028.0,132
2023-05-10 14:20:31,PK401C11200,PK401C11200,220.5,0.0,0.0,0.0,6,200.0,224.0,6,200.0,224.0,228.0,214.5,36.0,8028.0,132
2023-05-10 14:20:31,PK401C11200,PK401C11200,220.5,0.0,0.0,0.0,9,200.0,224.0,9,200.0,224.0,228.0,214.5,36.0,8028.0,132
2023-05-10 14:20:31,PK401C11200,PK401C11200,220.5,0.0,0.0,0.0,12,200.0,224.0,12,200.0,224.0,228.0,214.5,36.0,8028.0,132
2023-05-10 14:20:33,PK401C11200,PK401C11200,220.5,0.0,0.0,0.0,3,210.5,224.0,15,200.0,224.0,228.0,214.5,36.0,8028.0,132
2023-05-10 14:20:33,PK401C11200,PK401C11200,220.5,0.0,0.0,0.0,6,210.5,224.0,12,200.0,224.0,228.0,214.5,36.0,8028.0,132
2023-05-10 14:20:33,PK401C11200,PK401C11200,220.5,0.0,0.0,0.0,9,210.5,224.0,15,200.0,224.0,228.0,214.5,36.0,8028.0,132
2023-05-10 14:20:37,PK401C11200,PK401C11200,210.5,3.0,630.0,3.0,6,210.5,224.0,15,200.0,224.0,228.0,210.5,39.0,8658.0,135
2023-05-10 14:20:37,PK401C11200,PK401C11200,210.5,3.0,645.0,0.0,3,210.5,224.0,12,200.0,224.0,228.0,210.5,42.0,9303.0,135
2023-05-10 14:20:38,PK401C11200,PK401C11200,210.5,0.0,0.0,0.0,6,210.5,224.0,18,200.0,224.0,228.0,210.5,42.0,9303.0,135
2023-05-10 14:20:40,PK401C11200,PK401C11200,210.5,0.0,0.0,0.0,9,210.5,224.0,21,200.0,224.0,228.0,210.5,42.0,9303.0,135
2023-05-10 14:20:42,PK401C11200,PK401C11200,210.5,6.0,1257.0,3.0,3,210.5,224.0,18,200.0,224.0,228.0,210.5,48.0,10560.0,138
2023-05-10 14:20:43,PK401C11200,PK401C11200,210.5,0.0,0.0,0.0,6,210.5,224.0,18,200.0,224.0,228.0,210.5,48.0,10560.0,138
2023-05-10 14:20:45,PK401C11200,PK401C11200,210.5,0.0,0.0,0.0,6,210.5,224.0,15,200.0,224.0,228.0,210.5,48.0,10560.0,138
2023-05-10 14:20:46,PK401C11200,PK401C11200,210.5,0.0,0.0,0.0,6,210.5,224.0,12,200.0,224.0,228.0,210.5,48.0,10560.0,138
2023-05-10 14:20:48,PK401C11200,PK401C11200,210.5,0.0,0.0,0.0,6,210.5,224.0,9,200.0,224.0,228.0,210.5,48.0,10560.0,138
2023-05-10 14:20:50,PK401C11200,PK401C11200,210.5,0.0,0.0,0.0,6,210.5,224.0,6,200.0,224.0,228.0,210.5,48.0,10560.0,138
2023-05-10 14:20:51,PK401C11200,PK401C11200,210.5,0.0,0.0,0.0,3,210.5,224.0,3,200.0,224.0,228.0,210.5,48.0,10560.0,138
2023-05-10 14:20:53,PK401C11200,PK401C11200,210.5,0.0,0.0,0.0,4,182.0,225.0,2,200.0,224.0,228.0,210.5,48.0,10560.0,138
2023-05-10 14:23:00,PK401C11200,PK401C11200,210.5,0.0,0.0,0.0,6,200.0,224.0,6,200.0,224.0,228.0,210.5,48.0,10560.0,138
2023-05-10 14:23:00,PK401C11200,PK401C11200,210.5,0.0,0.0,0.0,9,200.0,224.0,9,200.0,224.0,228.0,210.5,48.0,10560.0,138
2023-05-10 14:23:02,PK401C11200,PK401C11200,210.5,0.0,0.0,0.0,3,208.0,224.0,9,200.0,224.0,228.0,210.5,48.0,10560.0,138
2023-05-10 14:23:02,PK401C11200,PK401C11200,210.5,0.0,0.0,0.0,6,208.0,224.0,6,200.0,224.0,228.0,210.5,48.0,10560.0,138
2023-05-10 14:23:02,PK401C11200,PK401C11200,210.5,0.0,0.0,0.0,9,208.0,224.0,9,200.0,224.0,228.0,210.5,48.0,10560.0,138
2023-05-10 14:23:03,PK401C11200,PK401C11200,208.0,3.0,609.0,3.0,6,208.0,224.0,9,200.0,224.0,228.0,208.0,51.0,11169.0,141
2023-05-10 14:23:06,PK401C11200,PK401C11200,208.0,0.0,0.0,0.0,6,208.0,209.5,3,200.0,224.0,228.0,208.0,51.0,11169.0,141
2023-05-10 14:23:06,PK401C11200,PK401C11200,208.0,3.0,630.0,0.0,3,207.0,209.5,3,200.0,224.0,228.0,208.0,54.0,11799.0,141
2023-05-10 14:23:06,PK401C11200,PK401C11200,208.0,0.0,0.0,0.0,6,207.0,209.5,6,200.0,224.0,228.0,208.0,54.0,11799.0,141
2023-05-10 14:23:07,PK401C11200,PK401C11200,208.0,0.0,0.0,0.0,6,207.0,209.5,9,200.0,224.0,228.0,208.0,54.0,11799.0,141
2023-05-10 14:23:10,PK401C11200,PK401C11200,208.0,0.0,0.0,0.0,9,207.0,209.5,12,200.0,224.0,228.0,208.0,54.0,11799.0,141
2023-05-10 14:23:12,PK401C11200,PK401C11200,208.0,0.0,0.0,0.0,12,207.0,209.5,12,200.0,224.0,228.0,208.0,54.0,11799.0,141
2023-05-10 14:23:17,PK401C11200,PK401C11200,208.0,0.0,0.0,0.0,12,207.0,209.5,9,200.0,224.0,228.0,208.0,54.0,11799.0,141
2023-05-10 14:23:18,PK401C11200,PK401C11200,208.0,0.0,0.0,0.0,9,207.0,209.5,9,200.0,224.0,228.0,208.0,54.0,11799.0,141
2023-05-10 14:23:18,PK401C11200,PK401C11200,208.0,0.0,0.0,0.0,6,207.0,209.5,6,200.0,224.0,228.0,208.0,54.0,11799.0,141
2023-05-10 14:23:19,PK401C11200,PK401C11200,208.0,0.0,0.0,0.0,6,207.0,209.5,3,200.0,224.0,228.0,208.0,54.0,11799.0,141
2023-05-10 14:23:20,PK401C11200,PK401C11200,208.0,0.0,0.0,0.0,3,207.0,212.5,3,200.0,224.0,228.0,208.0,54.0,11799.0,141
2023-05-10 14:23:22,PK401C11200,PK401C11200,208.0,0.0,0.0,0.0,5,190.0,225.0,2,200.0,224.0,228.0,208.0,54.0,11799.0,141
2023-05-10 14:23:30,PK401C11200,PK401C11200,208.0,0.0,0.0,0.0,3,208.0,225.0,2,200.0,224.0,228.0,208.0,54.0,11799.0,141
2023-05-10 14:23:34,PK401C11200,PK401C11200,208.0,3.0,627.0,0.0,5,190.0,225.0,2,200.0,224.0,228.0,208.0,57.0,12426.0,141
2023-05-10 14:23:45,PK401C11200,PK401C11200,208.0,0.0,0.0,0.0,1,191.0,225.0,2,200.0,224.0,228.0,208.0,57.0,12426.0,141
2023-05-10 14:23:56,PK401C11200,PK401C11200,208.0,0.0,0.0,0.0,5,195.0,225.0,2,200.0,224.0,228.0,208.0,57.0,12426.0,141
2023-05-10 14:31:47,PK401C11200,PK401C11200,208.0,0.0,0.0,0.0,1,191.0,225.0,2,200.0,224.0,228.0,208.0,57.0,12426.0,141
2023-05-10 14:32:52,PK401C11200,PK401C11200,208.0,0.0,0.0,0.0,1,191.0,194.0,3,200.0,224.0,228.0,208.0,57.0,12426.0,141
2023-05-10 14:32:52,PK401C11200,PK401C11200,208.0,0.0,0.0,0.0,4,191.0,194.0,6,200.0,224.0,228.0,208.0,57.0,12426.0,141
2023-05-10 14:32:54,PK401C11200,PK401C11200,208.0,0.0,0.0,0.0,7,191.0,194.0,9,200.0,224.0,228.0,208.0,57.0,12426.0,141
2023-05-10 14:32:59,PK401C11200,PK401C11200,208.0,0.0,0.0,0.0,7,191.0,194.0,12,200.0,224.0,228.0,208.0,57.0,12426.0,141
2023-05-10 14:33:00,PK401C11200,PK401C11200,208.0,0.0,0.0,0.0,10,191.0,194.0,15,200.0,224.0,228.0,208.0,57.0,12426.0,141
2023-05-10 14:33:03,PK401C11200,PK401C11200,208.0,0.0,0.0,0.0,13,191.0,194.0,15,200.0,224.0,228.0,208.0,57.0,12426.0,141
2023-05-10 14:33:04,PK401C11200,PK401C11200,208.0,0.0,0.0,0.0,10,191.0,194.0,12,200.0,224.0,228.0,208.0,57.0,12426.0,141
2023-05-10 14:33:05,PK401C11200,PK401C11200,208.0,0.0,0.0,0.0,13,191.0,194.0,12,200.0,224.0,228.0,208.0,57.0,12426.0,141
2023-05-10 14:33:11,PK401C11200,PK401C11200,208.0,0.0,0.0,0.0,13,191.0,194.0,9,200.0,224.0,228.0,208.0,57.0,12426.0,141
2023-05-10 14:33:12,PK401C11200,PK401C11200,208.0,0.0,0.0,0.0,10,191.0,194.0,6,200.0,224.0,228.0,208.0,57.0,12426.0,141
2023-05-10 14:33:13,PK401C11200,PK401C11200,208.0,0.0,0.0,0.0,7,191.0,194.0,3,200.0,224.0,228.0,208.0,57.0,12426.0,141
2023-05-10 14:33:15,PK401C11200,PK401C11200,208.0,0.0,0.0,0.0,4,191.0,201.0,3,200.0,224.0,228.0,208.0,57.0,12426.0,141
2023-05-10 14:33:15,PK401C11200,PK401C11200,208.0,0.0,0.0,0.0,1,191.0,225.0,2,200.0,224.0,228.0,208.0,57.0,12426.0,141
2023-05-10 14:34:12,PK401C11200,PK401C11200,208.0,0.0,0.0,0.0,3,182.0,225.0,2,200.0,224.0,228.0,208.0,57.0,12426.0,141
2023-05-10 14:34:31,PK401C11200,PK401C11200,208.0,0.0,0.0,0.0,100,10.0,225.0,2,200.0,224.0,228.0,208.0,57.0,12426.0,141
2023-05-10 14:34:31,PK401C11200,PK401C11200,208.0,0.0,0.0,0.0,1,11.5,225.0,2,200.0,224.0,228.0,208.0,57.0,12426.0,141
2023-05-10 14:34:32,PK401C11200,PK401C11200,208.0,0.0,0.0,0.0,11,12.0,225.0,2,200.0,224.0,228.0,208.0,57.0,12426.0,141
2023-05-10 14:34:32,PK401C11200,PK401C11200,208.0,0.0,0.0,0.0,1,13.5,225.0,2,200.0,224.0,228.0,208.0,57.0,12426.0,141
2023-05-10 14:34:33,PK401C11200,PK401C11200,208.0,0.0,0.0,0.0,10,14.0,225.0,2,200.0,224.0,228.0,208.0,57.0,12426.0,141
2023-05-10 14:34:33,PK401C11200,PK401C11200,208.0,0.0,0.0,0.0,1,15.5,225.0,2,200.0,224.0,228.0,208.0,57.0,12426.0,141
2023-05-10 14:34:34,PK401C11200,PK401C11200,208.0,0.0,0.0,0.0,10,16.0,225.0,2,200.0,224.0,228.0,208.0,57.0,12426.0,141
2023-05-10 14:34:34,PK401C11200,PK401C11200,208.0,0.0,0.0,0.0,1,17.5,225.0,2,200.0,224.0,228.0,208.0,57.0,12426.0,141
2023-05-10 14:34:35,PK401C11200,PK401C11200,208.0,0.0,0.0,0.0,11,18.0,225.0,2,200.0,224.0,228.0,208.0,57.0,12426.0,141
2023-05-10 14:34:35,PK401C11200,PK401C11200,208.0,0.0,0.0,0.0,1,19.5,225.0,2,200.0,224.0,228.0,208.0,57.0,12426.0,141
2023-05-10 14:34:36,PK401C11200,PK401C11200,208.0,0.0,0.0,0.0,11,20.0,225.0,2,200.0,224.0,228.0,208.0,57.0,12426.0,141
2023-05-10 14:34:36,PK401C11200,PK401C11200,208.0,0.0,0.0,0.0,1,21.5,225.0,2,200.0,224.0,228.0,208.0,57.0,12426.0,141
2023-05-10 14:34:37,PK401C11200,PK401C11200,208.0,0.0,0.0,0.0,11,22.0,225.0,2,200.0,224.0,228.0,208.0,57.0,12426.0,141
2023-05-10 14:34:37,PK401C11200,PK401C11200,208.0,0.0,0.0,0.0,1,23.5,225.0,2,200.0,224.0,228.0,208.0,57.0,12426.0,141
2023-05-10 14:34:38,PK401C11200,PK401C11200,208.0,0.0,0.0,0.0,10,24.0,225.0,2,200.0,224.0,228.0,208.0,57.0,12426.0,141
2023-05-10 14:34:38,PK401C11200,PK401C11200,208.0,0.0,0.0,0.0,1,25.5,225.0,2,200.0,224.0,228.0,208.0,57.0,12426.0,141
2023-05-10 14:34:39,PK401C11200,PK401C11200,208.0,0.0,0.0,0.0,11,26.0,225.0,2,200.0,224.0,228.0,208.0,57.0,12426.0,141
2023-05-10 14:34:39,PK401C11200,PK401C11200,208.0,0.0,0.0,0.0,1,27.5,225.0,2,200.0,224.0,228.0,208.0,57.0,12426.0,141
2023-05-10 14:34:40,PK401C11200,PK401C11200,208.0,0.0,0.0,0.0,11,28.0,225.0,2,200.0,224.0,228.0,208.0,57.0,12426.0,141
2023-05-10 14:34:40,PK401C11200,PK401C11200,208.0,0.0,0.0,0.0,1,29.5,225.0,2,200.0,224.0,228.0,208.0,57.0,12426.0,141
2023-05-10 14:34:41,PK401C11200,PK401C11200,208.0,0.0,0.0,0.0,11,30.0,225.0,2,200.0,224.0,228.0,208.0,57.0,12426.0,141
2023-05-10 14:34:41,PK401C11200,PK401C11200,208.0,0.0,0.0,0.0,1,31.5,225.0,2,200.0,224.0,228.0,208.0,57.0,12426.0,141
2023-05-10 14:34:42,PK401C11200,PK401C11200,208.0,0.0,0.0,0.0,11,32.0,225.0,2,200.0,224.0,228.0,208.0,57.0,12426.0,141
2023-05-10 14:34:42,PK401C11200,PK401C11200,208.0,0.0,0.0,0.0,1,33.5,225.0,2,200.0,224.0,228.0,208.0,57.0,12426.0,141
2023-05-10 14:34:43,PK401C11200,PK401C11200,208.0,0.0,0.0,0.0,11,34.0,225.0,2,200.0,224.0,228.0,208.0,57.0,12426.0,141
2023-05-10 14:34:43,PK401C11200,PK401C11200,208.0,0.0,0.0,0.0,1,35.5,225.0,2,200.0,224.0,228.0,208.0,57.0,12426.0,141
2023-05-10 14:34:44,PK401C11200,PK401C11200,208.0,0.0,0.0,0.0,11,36.0,225.0,2,200.0,224.0,228.0,208.0,57.0,12426.0,141
2023-05-10 14:34:44,PK401C11200,PK401C11200,208.0,0.0,0.0,0.0,1,37.5,225.0,2,200.0,224.0,228.0,208.0,57.0,12426.0,141
2023-05-10 14:34:45,PK401C11200,PK401C11200,208.0,0.0,0.0,0.0,11,38.0,225.0,2,200.0,224.0,228.0,208.0,57.0,12426.0,141
2023-05-10 14:34:45,PK401C11200,PK401C11200,208.0,0.0,0.0,0.0,1,39.5,225.0,2,200.0,224.0,228.0,208.0,57.0,12426.0,141
2023-05-10 14:34:46,PK401C11200,PK401C11200,208.0,0.0,0.0,0.0,11,40.0,225.0,2,200.0,224.0,228.0,208.0,57.0,12426.0,141
2023-05-10 14:34:46,PK401C11200,PK401C11200,208.0,0.0,0.0,0.0,1,41.5,225.0,2,200.0,224.0,228.0,208.0,57.0,12426.0,141
2023-05-10 14:34:47,PK401C11200,PK401C11200,208.0,0.0,0.0,0.0,11,42.0,225.0,2,200.0,224.0,228.0,208.0,57.0,12426.0,141
2023-05-10 14:34:47,PK401C11200,PK401C11200,208.0,0.0,0.0,0.0,1,43.5,225.0,2,200.0,224.0,228.0,208.0,57.0,12426.0,141
2023-05-10 14:34:48,PK401C11200,PK401C11200,208.0,0.0,0.0,0.0,11,44.0,225.0,2,200.0,224.0,228.0,208.0,57.0,12426.0,141
2023-05-10 14:34:48,PK401C11200,PK401C11200,208.0,0.0,0.0,0.0,1,45.5,225.0,2,200.0,224.0,228.0,208.0,57.0,12426.0,141
2023-05-10 14:34:49,PK401C11200,PK401C11200,208.0,0.0,0.0,0.0,11,46.0,225.0,2,200.0,224.0,228.0,208.0,57.0,12426.0,141
2023-05-10 14:34:49,PK401C11200,PK401C11200,208.0,0.0,0.0,0.0,1,47.5,225.0,2,200.0,224.0,228.0,208.0,57.0,12426.0,141
2023-05-10 14:34:50,PK401C11200,PK401C11200,208.0,0.0,0.0,0.0,11,48.0,225.0,2,200.0,224.0,228.0,208.0,57.0,12426.0,141
2023-05-10 14:34:50,PK401C11200,PK401C11200,208.0,0.0,0.0,0.0,1,49.5,225.0,2,200.0,224.0,228.0,208.0,57.0,12426.0,141
2023-05-10 14:34:51,PK401C11200,PK401C11200,208.0,0.0,0.0,0.0,11,50.0,225.0,2,200.0,224.0,228.0,208.0,57.0,12426.0,141
2023-05-10 14:34:51,PK401C11200,PK401C11200,208.0,0.0,0.0,0.0,1,51.5,225.0,2,200.0,224.0,228.0,208.0,57.0,12426.0,141
2023-05-10 14:34:52,PK401C11200,PK401C11200,208.0,0.0,0.0,0.0,11,52.0,225.0,2,200.0,224.0,228.0,208.0,57.0,12426.0,141
2023-05-10 14:34:52,PK401C11200,PK401C11200,208.0,0.0,0.0,0.0,1,53.5,225.0,2,200.0,224.0,228.0,208.0,57.0,12426.0,141
2023-05-10 14:34:53,PK401C11200,PK401C11200,208.0,0.0,0.0,0.0,11,54.0,225.0,2,200.0,224.0,228.0,208.0,57.0,12426.0,141
2023-05-10 14:34:53,PK401C11200,PK401C11200,208.0,0.0,0.0,0.0,1,55.5,225.0,2,200.0,224.0,228.0,208.0,57.0,12426.0,141
2023-05-10 14:34:54,PK401C11200,PK401C11200,208.0,0.0,0.0,0.0,11,56.0,225.0,2,200.0,224.0,228.0,208.0,57.0,12426.0,141
2023-05-10 14:34:54,PK401C11200,PK401C11200,208.0,0.0,0.0,0.0,1,57.5,225.0,2,200.0,224.0,228.0,208.0,57.0,12426.0,141
2023-05-10 14:34:55,PK401C11200,PK401C11200,208.0,0.0,0.0,0.0,10,58.0,225.0,2,200.0,224.0,228.0,208.0,57.0,12426.0,141
2023-05-10 14:34:55,PK401C11200,PK401C11200,208.0,0.0,0.0,0.0,1,59.5,225.0,2,200.0,224.0,228.0,208.0,57.0,12426.0,141
2023-05-10 14:34:56,PK401C11200,PK401C11200,208.0,0.0,0.0,0.0,10,60.0,225.0,2,200.0,224.0,228.0,208.0,57.0,12426.0,141
2023-05-10 14:34:56,PK401C11200,PK401C11200,208.0,0.0,0.0,0.0,1,61.5,225.0,2,200.0,224.0,228.0,208.0,57.0,12426.0,141
2023-05-10 14:34:57,PK401C11200,PK401C11200,208.0,0.0,0.0,0.0,11,62.0,225.0,2,200.0,224.0,228.0,208.0,57.0,12426.0,141
2023-05-10 14:34:58,PK401C11200,PK401C11200,208.0,0.0,0.0,0.0,1,63.5,225.0,2,200.0,224.0,228.0,208.0,57.0,12426.0,141
2023-05-10 14:34:59,PK401C11200,PK401C11200,208.0,0.0,0.0,0.0,11,64.0,225.0,2,200.0,224.0,228.0,208.0,57.0,12426.0,141
2023-05-10 14:35:22,PK401C11200,PK401C11200,208.0,0.0,0.0,0.0,6,194.0,217.0,6,200.0,224.0,228.0,208.0,57.0,12426.0,141
2023-05-10 14:35:23,PK401C11200,PK401C11200,208.0,0.0,0.0,0.0,9,194.0,217.0,9,200.0,224.0,228.0,208.0,57.0,12426.0,141
2023-05-10 14:35:23,PK401C11200,PK401C11200,208.0,0.0,0.0,0.0,12,194.0,217.0,12,200.0,224.0,228.0,208.0,57.0,12426.0,141
2023-05-10 14:35:24,PK401C11200,PK401C11200,208.0,0.0,0.0,0.0,15,194.0,217.0,15,200.0,224.0,228.0,208.0,57.0,12426.0,141
2023-05-10 14:35:25,PK401C11200,PK401C11200,208.0,0.0,0.0,0.0,3,195.0,202.0,3,200.0,224.0,228.0,208.0,57.0,12426.0,141
2023-05-10 14:35:25,PK401C11200,PK401C11200,208.0,0.0,0.0,0.0,9,195.0,202.0,9,200.0,224.0,228.0,208.0,57.0,12426.0,141
2023-05-10 14:35:29,PK401C11200,PK401C11200,208.0,0.0,0.0,0.0,12,195.0,202.0,15,200.0,224.0,228.0,208.0,57.0,12426.0,141
2023-05-10 14:35:32,PK401C11200,PK401C11200,208.0,0.0,0.0,0.0,15,195.0,202.0,18,200.0,224.0,228.0,208.0,57.0,12426.0,141
2023-05-10 14:35:34,PK401C11200,PK401C11200,202.0,13.0,2624.0,-4.0,9,195.0,202.0,5,200.0,224.0,228.0,202.0,70.0,15050.0,137
2023-05-10 14:35:34,PK401C11200,PK401C11200,202.0,0.0,0.0,0.0,12,195.0,202.0,8,200.0,224.0,228.0,202.0,70.0,15050.0,137
2023-05-10 14:35:37,PK401C11200,PK401C11200,202.0,0.0,0.0,0.0,9,195.0,202.0,8,200.0,224.0,228.0,202.0,70.0,15050.0,137
2023-05-10 14:35:38,PK401C11200,PK401C11200,202.0,8.0,1603.0,-5.0,2,202.0,203.0,6,200.0,224.0,228.0,202.0,78.0,16653.0,132
2023-05-10 14:35:39,PK401C11200,PK401C11200,202.0,0.0,0.0,0.0,2,202.0,203.0,3,200.0,224.0,228.0,202.0,78.0,16653.0,132
2023-05-10 14:35:40,PK401C11200,PK401C11200,202.0,0.0,0.0,0.0,2,202.0,225.0,2,200.0,224.0,228.0,202.0,78.0,16653.0,132
2023-05-10 14:35:50,PK401C11200,PK401C11200,202.0,0.0,0.0,0.0,100,10.0,225.0,2,200.0,224.0,228.0,202.0,78.0,16653.0,132
2023-05-10 14:35:50,PK401C11200,PK401C11200,202.0,0.0,0.0,0.0,1,11.5,225.0,2,200.0,224.0,228.0,202.0,78.0,16653.0,132
2023-05-10 14:35:51,PK401C11200,PK401C11200,202.0,0.0,0.0,0.0,10,12.0,225.0,2,200.0,224.0,228.0,202.0,78.0,16653.0,132
2023-05-10 14:35:51,PK401C11200,PK401C11200,202.0,0.0,0.0,0.0,1,13.5,225.0,2,200.0,224.0,228.0,202.0,78.0,16653.0,132
2023-05-10 14:35:52,PK401C11200,PK401C11200,202.0,0.0,0.0,0.0,10,14.0,225.0,2,200.0,224.0,228.0,202.0,78.0,16653.0,132
2023-05-10 14:35:52,PK401C11200,PK401C11200,202.0,0.0,0.0,0.0,1,15.5,225.0,2,200.0,224.0,228.0,202.0,78.0,16653.0,132
2023-05-10 14:35:53,PK401C11200,PK401C11200,202.0,0.0,0.0,0.0,10,16.0,225.0,2,200.0,224.0,228.0,202.0,78.0,16653.0,132
2023-05-10 14:35:53,PK401C11200,PK401C11200,202.0,0.0,0.0,0.0,1,17.5,225.0,2,200.0,224.0,228.0,202.0,78.0,16653.0,132
2023-05-10 14:35:55,PK401C11200,PK401C11200,202.0,0.0,0.0,0.0,11,18.0,225.0,2,200.0,224.0,228.0,202.0,78.0,16653.0,132
2023-05-10 14:35:55,PK401C11200,PK401C11200,202.0,0.0,0.0,0.0,1,19.5,225.0,2,200.0,224.0,228.0,202.0,78.0,16653.0,132
2023-05-10 14:35:55,PK401C11200,PK401C11200,202.0,0.0,0.0,0.0,10,20.0,225.0,2,200.0,224.0,228.0,202.0,78.0,16653.0,132
2023-05-10 14:35:56,PK401C11200,PK401C11200,202.0,0.0,0.0,0.0,1,21.5,225.0,2,200.0,224.0,228.0,202.0,78.0,16653.0,132
2023-05-10 14:35:56,PK401C11200,PK401C11200,202.0,0.0,0.0,0.0,10,22.0,225.0,2,200.0,224.0,228.0,202.0,78.0,16653.0,132
2023-05-10 14:35:57,PK401C11200,PK401C11200,202.0,0.0,0.0,0.0,1,23.5,225.0,2,200.0,224.0,228.0,202.0,78.0,16653.0,132
2023-05-10 14:35:58,PK401C11200,PK401C11200,202.0,0.0,0.0,0.0,10,24.0,225.0,2,200.0,224.0,228.0,202.0,78.0,16653.0,132
2023-05-10 14:35:58,PK401C11200,PK401C11200,202.0,0.0,0.0,0.0,1,25.5,225.0,2,200.0,224.0,228.0,202.0,78.0,16653.0,132
2023-05-10 14:35:58,PK401C11200,PK401C11200,202.0,0.0,0.0,0.0,10,26.0,225.0,2,200.0,224.0,228.0,202.0,78.0,16653.0,132
2023-05-10 14:35:59,PK401C11200,PK401C11200,202.0,0.0,0.0,0.0,1,27.5,225.0,2,200.0,224.0,228.0,202.0,78.0,16653.0,132
2023-05-10 14:35:59,PK401C11200,PK401C11200,202.0,0.0,0.0,0.0,10,28.0,225.0,2,200.0,224.0,228.0,202.0,78.0,16653.0,132
2023-05-10 14:36:00,PK401C11200,PK401C11200,202.0,0.0,0.0,0.0,1,29.5,225.0,2,200.0,224.0,228.0,202.0,78.0,16653.0,132
2023-05-10 14:36:00,PK401C11200,PK401C11200,202.0,0.0,0.0,0.0,10,30.0,225.0,2,200.0,224.0,228.0,202.0,78.0,16653.0,132
2023-05-10 14:36:01,PK401C11200,PK401C11200,202.0,0.0,0.0,0.0,1,31.5,225.0,2,200.0,224.0,228.0,202.0,78.0,16653.0,132
2023-05-10 14:36:01,PK401C11200,PK401C11200,202.0,0.0,0.0,0.0,10,32.0,225.0,2,200.0,224.0,228.0,202.0,78.0,16653.0,132
2023-05-10 14:36:02,PK401C11200,PK401C11200,202.0,0.0,0.0,0.0,1,33.5,225.0,2,200.0,224.0,228.0,202.0,78.0,16653.0,132
2023-05-10 14:36:02,PK401C11200,PK401C11200,202.0,0.0,0.0,0.0,10,34.0,225.0,2,200.0,224.0,228.0,202.0,78.0,16653.0,132
2023-05-10 14:36:03,PK401C11200,PK401C11200,202.0,0.0,0.0,0.0,1,35.5,225.0,2,200.0,224.0,228.0,202.0,78.0,16653.0,132
2023-05-10 14:36:04,PK401C11200,PK401C11200,202.0,0.0,0.0,0.0,11,36.0,225.0,2,200.0,224.0,228.0,202.0,78.0,16653.0,132
2023-05-10 14:36:04,PK401C11200,PK401C11200,202.0,0.0,0.0,0.0,1,37.5,225.0,2,200.0,224.0,228.0,202.0,78.0,16653.0,132
2023-05-10 14:36:05,PK401C11200,PK401C11200,202.0,0.0,0.0,0.0,11,38.0,225.0,2,200.0,224.0,228.0,202.0,78.0,16653.0,132
2023-05-10 14:36:05,PK401C11200,PK401C11200,202.0,0.0,0.0,0.0,1,39.5,225.0,2,200.0,224.0,228.0,202.0,78.0,16653.0,132
2023-05-10 14:36:05,PK401C11200,PK401C11200,202.0,0.0,0.0,0.0,10,40.0,225.0,2,200.0,224.0,228.0,202.0,78.0,16653.0,132
2023-05-10 14:36:06,PK401C11200,PK401C11200,202.0,0.0,0.0,0.0,1,41.5,225.0,2,200.0,224.0,228.0,202.0,78.0,16653.0,132
2023-05-10 14:36:06,PK401C11200,PK401C11200,202.0,0.0,0.0,0.0,10,42.0,225.0,2,200.0,224.0,228.0,202.0,78.0,16653.0,132
2023-05-10 14:36:07,PK401C11200,PK401C11200,202.0,0.0,0.0,0.0,1,43.5,225.0,2,200.0,224.0,228.0,202.0,78.0,16653.0,132
2023-05-10 14:36:08,PK401C11200,PK401C11200,202.0,0.0,0.0,0.0,11,44.0,225.0,2,200.0,224.0,228.0,202.0,78.0,16653.0,132
2023-05-10 14:36:08,PK401C11200,PK401C11200,202.0,0.0,0.0,0.0,1,45.5,225.0,2,200.0,224.0,228.0,202.0,78.0,16653.0,132
2023-05-10 14:36:09,PK401C11200,PK401C11200,202.0,0.0,0.0,0.0,11,46.0,225.0,2,200.0,224.0,228.0,202.0,78.0,16653.0,132
2023-05-10 14:36:09,PK401C11200,PK401C11200,202.0,0.0,0.0,0.0,1,47.5,225.0,2,200.0,224.0,228.0,202.0,78.0,16653.0,132
2023-05-10 14:36:10,PK401C11200,PK401C11200,202.0,0.0,0.0,0.0,11,48.0,225.0,2,200.0,224.0,228.0,202.0,78.0,16653.0,132
2023-05-10 14:36:10,PK401C11200,PK401C11200,202.0,0.0,0.0,0.0,1,49.5,225.0,2,200.0,224.0,228.0,202.0,78.0,16653.0,132
2023-05-10 14:36:11,PK401C11200,PK401C11200,202.0,0.0,0.0,0.0,11,50.0,225.0,2,200.0,224.0,228.0,202.0,78.0,16653.0,132
2023-05-10 14:36:11,PK401C11200,PK401C11200,202.0,0.0,0.0,0.0,1,51.5,225.0,2,200.0,224.0,228.0,202.0,78.0,16653.0,132
2023-05-10 14:36:12,PK401C11200,PK401C11200,202.0,0.0,0.0,0.0,11,52.0,225.0,2,200.0,224.0,228.0,202.0,78.0,16653.0,132
2023-05-10 14:36:12,PK401C11200,PK401C11200,202.0,0.0,0.0,0.0,1,53.5,225.0,2,200.0,224.0,228.0,202.0,78.0,16653.0,132
2023-05-10 14:36:13,PK401C11200,PK401C11200,202.0,0.0,0.0,0.0,11,54.0,225.0,2,200.0,224.0,228.0,202.0,78.0,16653.0,132
2023-05-10 14:36:13,PK401C11200,PK401C11200,202.0,0.0,0.0,0.0,1,55.5,225.0,2,200.0,224.0,228.0,202.0,78.0,16653.0,132
2023-05-10 14:36:14,PK401C11200,PK401C11200,202.0,0.0,0.0,0.0,11,56.0,225.0,2,200.0,224.0,228.0,202.0,78.0,16653.0,132
2023-05-10 14:36:14,PK401C11200,PK401C11200,202.0,0.0,0.0,0.0,1,57.5,225.0,2,200.0,224.0,228.0,202.0,78.0,16653.0,132
2023-05-10 14:36:15,PK401C11200,PK401C11200,202.0,0.0,0.0,0.0,11,58.0,225.0,2,200.0,224.0,228.0,202.0,78.0,16653.0,132
2023-05-10 14:36:15,PK401C11200,PK401C11200,202.0,0.0,0.0,0.0,1,59.5,225.0,2,200.0,224.0,228.0,202.0,78.0,16653.0,132
2023-05-10 14:36:16,PK401C11200,PK401C11200,202.0,0.0,0.0,0.0,11,60.0,225.0,2,200.0,224.0,228.0,202.0,78.0,16653.0,132
2023-05-10 14:36:16,PK401C11200,PK401C11200,202.0,0.0,0.0,0.0,1,61.5,225.0,2,200.0,224.0,228.0,202.0,78.0,16653.0,132
2023-05-10 14:36:17,PK401C11200,PK401C11200,202.0,0.0,0.0,0.0,11,62.0,225.0,2,200.0,224.0,228.0,202.0,78.0,16653.0,132
2023-05-10 14:36:17,PK401C11200,PK401C11200,202.0,0.0,0.0,0.0,1,63.5,225.0,2,200.0,224.0,228.0,202.0,78.0,16653.0,132
2023-05-10 14:36:18,PK401C11200,PK401C11200,202.0,0.0,0.0,0.0,1,64.0,225.0,2,200.0,224.0,228.0,202.0,78.0,16653.0,132
2023-05-10 14:36:18,PK401C11200,PK401C11200,202.0,0.0,0.0,0.0,1,65.5,225.0,2,200.0,224.0,228.0,202.0,78.0,16653.0,132
2023-05-10 14:36:19,PK401C11200,PK401C11200,202.0,0.0,0.0,0.0,11,66.0,225.0,2,200.0,224.0,228.0,202.0,78.0,16653.0,132
2023-05-10 14:56:12,PK401C11200,PK401C11200,202.0,0.0,0.0,0.0,6,184.0,201.5,6,200.0,224.0,228.0,202.0,78.0,16653.0,132
2023-05-10 14:56:12,PK401C11200,PK401C11200,202.0,0.0,0.0,0.0,9,184.0,201.5,9,200.0,224.0,228.0,202.0,78.0,16653.0,132
2023-05-10 14:56:13,PK401C11200,PK401C11200,202.0,0.0,0.0,0.0,12,184.0,201.5,12,200.0,224.0,228.0,202.0,78.0,16653.0,132
2023-05-10 14:56:14,PK401C11200,PK401C11200,202.0,0.0,0.0,0.0,3,196.0,201.5,12,200.0,224.0,228.0,202.0,78.0,16653.0,132
2023-05-10 14:56:15,PK401C11200,PK401C11200,202.0,0.0,0.0,0.0,6,196.0,201.5,6,200.0,224.0,228.0,202.0,78.0,16653.0,132
2023-05-10 14:56:15,PK401C11200,PK401C11200,202.0,0.0,0.0,0.0,9,196.0,201.5,9,200.0,224.0,228.0,202.0,78.0,16653.0,132
2023-05-10 14:56:19,PK401C11200,PK401C11200,202.0,0.0,0.0,0.0,9,196.0,201.5,12,200.0,224.0,228.0,202.0,78.0,16653.0,132
2023-05-10 14:56:19,PK401C11200,PK401C11200,202.0,0.0,0.0,0.0,12,196.0,201.5,15,200.0,224.0,228.0,202.0,78.0,16653.0,132
2023-05-10 14:56:22,PK401C11200,PK401C11200,202.0,0.0,0.0,0.0,15,196.0,201.5,18,200.0,224.0,228.0,202.0,78.0,16653.0,132
2023-05-10 14:56:23,PK401C11200,PK401C11200,202.0,0.0,0.0,0.0,15,196.0,201.5,15,200.0,224.0,228.0,202.0,78.0,16653.0,132
2023-05-10 14:56:24,PK401C11200,PK401C11200,201.5,1.0,213.5,-1.0,18,196.0,201.5,17,200.0,224.0,228.0,201.5,79.0,16866.5,131
2023-05-10 14:56:26,PK401C11200,PK401C11200,201.5,0.0,0.0,0.0,15,196.0,201.5,17,200.0,224.0,228.0,201.5,79.0,16866.5,131
2023-05-10 14:56:27,PK401C11200,PK401C11200,201.5,0.0,0.0,0.0,12,196.0,201.5,14,200.0,224.0,228.0,201.5,79.0,16866.5,131
2023-05-10 14:56:31,PK401C11200,PK401C11200,201.5,0.0,0.0,0.0,12,196.0,201.5,11,200.0,224.0,228.0,201.5,79.0,16866.5,131
2023-05-10 14:56:31,PK401C11200,PK401C11200,201.5,0.0,0.0,0.0,9,196.0,201.5,9,200.0,224.0,228.0,201.5,79.0,16866.5,131
2023-05-10 14:56:32,PK401C11200,PK401C11200,201.5,0.0,0.0,0.0,3,196.0,201.5,3,200.0,224.0,228.0,201.5,79.0,16866.5,131
2023-05-10 14:56:35,PK401C11200,PK401C11200,201.5,0.0,0.0,0.0,100,10.0,225.0,2,200.0,224.0,228.0,201.5,79.0,16866.5,131
2023-05-10 14:56:35,PK401C11200,PK401C11200,201.5,0.0,0.0,0.0,10,12.0,225.0,2,200.0,224.0,228.0,201.5,79.0,16866.5,131
2023-05-10 14:56:36,PK401C11200,PK401C11200,201.5,0.0,0.0,0.0,1,13.5,225.0,2,200.0,224.0,228.0,201.5,79.0,16866.5,131
2023-05-10 14:56:36,PK401C11200,PK401C11200,201.5,0.0,0.0,0.0,11,14.0,225.0,2,200.0,224.0,228.0,201.5,79.0,16866.5,131
2023-05-10 14:56:37,PK401C11200,PK401C11200,201.5,0.0,0.0,0.0,1,15.5,225.0,2,200.0,224.0,228.0,201.5,79.0,16866.5,131
2023-05-10 14:56:38,PK401C11200,PK401C11200,201.5,0.0,0.0,0.0,11,16.0,225.0,2,200.0,224.0,228.0,201.5,79.0,16866.5,131
2023-05-10 14:56:38,PK401C11200,PK401C11200,201.5,0.0,0.0,0.0,1,17.5,225.0,2,200.0,224.0,228.0,201.5,79.0,16866.5,131
2023-05-10 14:56:39,PK401C11200,PK401C11200,201.5,0.0,0.0,0.0,1,18.0,225.0,2,200.0,224.0,228.0,201.5,79.0,16866.5,131
2023-05-10 14:56:39,PK401C11200,PK401C11200,201.5,0.0,0.0,0.0,10,20.0,225.0,2,200.0,224.0,228.0,201.5,79.0,16866.5,131
2023-05-10 14:56:39,PK401C11200,PK401C11200,201.5,0.0,0.0,0.0,1,21.5,225.0,2,200.0,224.0,228.0,201.5,79.0,16866.5,131
2023-05-10 14:56:40,PK401C11200,PK401C11200,201.5,0.0,0.0,0.0,10,22.5,225.0,2,200.0,224.0,228.0,201.5,79.0,16866.5,131
2023-05-10 14:56:41,PK401C11200,PK401C11200,201.5,0.0,0.0,0.0,1,23.0,225.0,2,200.0,224.0,228.0,201.5,79.0,16866.5,131
2023-05-10 14:56:41,PK401C11200,PK401C11200,201.5,0.0,0.0,0.0,10,23.5,225.0,2,200.0,224.0,228.0,201.5,79.0,16866.5,131
2023-05-10 14:56:42,PK401C11200,PK401C11200,201.5,0.0,0.0,0.0,1,24.5,225.0,2,200.0,224.0,228.0,201.5,79.0,16866.5,131
2023-05-10 14:56:43,PK401C11200,PK401C11200,201.5,0.0,0.0,0.0,11,25.0,225.0,2,200.0,224.0,228.0,201.5,79.0,16866.5,131
2023-05-10 14:56:43,PK401C11200,PK401C11200,201.5,0.0,0.0,0.0,1,26.5,225.0,2,200.0,224.0,228.0,201.5,79.0,16866.5,131
2023-05-10 14:56:44,PK401C11200,PK401C11200,201.5,0.0,0.0,0.0,11,27.0,225.0,2,200.0,224.0,228.0,201.5,79.0,16866.5,131
2023-05-10 14:56:44,PK401C11200,PK401C11200,201.5,0.0,0.0,0.0,1,28.5,225.0,2,200.0,224.0,228.0,201.5,79.0,16866.5,131
2023-05-10 14:56:45,PK401C11200,PK401C11200,201.5,0.0,0.0,0.0,1,29.0,225.0,2,200.0,224.0,228.0,201.5,79.0,16866.5,131
2023-05-10 14:56:45,PK401C11200,PK401C11200,201.5,0.0,0.0,0.0,10,31.0,225.0,2,200.0,224.0,228.0,201.5,79.0,16866.5,131
2023-05-10 14:56:45,PK401C11200,PK401C11200,201.5,0.0,0.0,0.0,1,32.5,225.0,2,200.0,224.0,228.0,201.5,79.0,16866.5,131
2023-05-10 14:56:46,PK401C11200,PK401C11200,201.5,0.0,0.0,0.0,11,33.0,225.0,2,200.0,224.0,228.0,201.5,79.0,16866.5,131
2023-05-10 14:56:46,PK401C11200,PK401C11200,201.5,0.0,0.0,0.0,1,34.5,225.0,2,200.0,224.0,228.0,201.5,79.0,16866.5,131
2023-05-10 14:56:47,PK401C11200,PK401C11200,201.5,0.0,0.0,0.0,11,35.0,225.0,2,200.0,224.0,228.0,201.5,79.0,16866.5,131
2023-05-10 14:56:48,PK401C11200,PK401C11200,201.5,0.0,0.0,0.0,1,36.5,225.0,2,200.0,224.0,228.0,201.5,79.0,16866.5,131
2023-05-10 14:56:49,PK401C11200,PK401C11200,201.5,0.0,0.0,0.0,1,37.0,225.0,2,200.0,224.0,228.0,201.5,79.0,16866.5,131
2023-05-10 14:56:49,PK401C11200,PK401C11200,201.5,0.0,0.0,0.0,10,39.0,225.0,2,200.0,224.0,228.0,201.5,79.0,16866.5,131
2023-05-10 14:56:49,PK401C11200,PK401C11200,201.5,0.0,0.0,0.0,1,40.5,225.0,2,200.0,224.0,228.0,201.5,79.0,16866.5,131
2023-05-10 14:56:50,PK401C11200,PK401C11200,201.5,0.0,0.0,0.0,10,41.0,225.0,2,200.0,224.0,228.0,201.5,79.0,16866.5,131
2023-05-10 14:56:50,PK401C11200,PK401C11200,201.5,0.0,0.0,0.0,11,41.0,225.0,2,200.0,224.0,228.0,201.5,79.0,16866.5,131
2023-05-10 14:56:52,PK401C11200,PK401C11200,201.5,0.0,0.0,0.0,1,42.5,225.0,2,200.0,224.0,228.0,201.5,79.0,16866.5,131
2023-05-10 14:56:53,PK401C11200,PK401C11200,201.5,0.0,0.0,0.0,11,43.0,225.0,2,200.0,224.0,228.0,201.5,79.0,16866.5,131
2023-05-10 14:56:53,PK401C11200,PK401C11200,201.5,0.0,0.0,0.0,1,44.5,225.0,2,200.0,224.0,228.0,201.5,79.0,16866.5,131
2023-05-10 14:56:54,PK401C11200,PK401C11200,201.5,0.0,0.0,0.0,1,45.0,225.0,2,200.0,224.0,228.0,201.5,79.0,16866.5,131
2023-05-10 14:56:54,PK401C11200,PK401C11200,201.5,0.0,0.0,0.0,10,47.0,225.0,2,200.0,224.0,228.0,201.5,79.0,16866.5,131
2023-05-10 14:56:54,PK401C11200,PK401C11200,201.5,0.0,0.0,0.0,1,48.5,225.0,2,200.0,224.0,228.0,201.5,79.0,16866.5,131
2023-05-10 14:56:55,PK401C11200,PK401C11200,201.5,0.0,0.0,0.0,11,49.0,225.0,2,200.0,224.0,228.0,201.5,79.0,16866.5,131
2023-05-10 14:56:55,PK401C11200,PK401C11200,201.5,0.0,0.0,0.0,1,50.5,225.0,2,200.0,224.0,228.0,201.5,79.0,16866.5,131
2023-05-10 14:56:56,PK401C11200,PK401C11200,201.5,0.0,0.0,0.0,11,51.0,225.0,2,200.0,224.0,228.0,201.5,79.0,16866.5,131
2023-05-10 14:56:56,PK401C11200,PK401C11200,201.5,0.0,0.0,0.0,1,52.5,225.0,2,200.0,224.0,228.0,201.5,79.0,16866.5,131
2023-05-10 14:56:57,PK401C11200,PK401C11200,201.5,0.0,0.0,0.0,11,53.0,225.0,2,200.0,224.0,228.0,201.5,79.0,16866.5,131
2023-05-10 14:56:59,PK401C11200,PK401C11200,201.5,0.0,0.0,0.0,1,54.5,225.0,2,200.0,224.0,228.0,201.5,79.0,16866.5,131
2023-05-10 14:57:00,PK401C11200,PK401C11200,201.5,0.0,0.0,0.0,11,55.0,225.0,2,200.0,224.0,228.0,201.5,79.0,16866.5,131
2023-05-10 14:57:00,PK401C11200,PK401C11200,201.5,0.0,0.0,0.0,1,56.5,225.0,2,200.0,224.0,228.0,201.5,79.0,16866.5,131
2023-05-10 14:57:00,PK401C11200,PK401C11200,201.5,0.0,0.0,0.0,10,57.0,225.0,2,200.0,224.0,228.0,201.5,79.0,16866.5,131
2023-05-10 14:57:01,PK401C11200,PK401C11200,201.5,0.0,0.0,0.0,1,58.5,225.0,2,200.0,224.0,228.0,201.5,79.0,16866.5,131
2023-05-10 14:57:02,PK401C11200,PK401C11200,201.5,0.0,0.0,0.0,1,59.0,225.0,2,200.0,224.0,228.0,201.5,79.0,16866.5,131
2023-05-10 14:57:02,PK401C11200,PK401C11200,201.5,0.0,0.0,0.0,1,60.5,225.0,2,200.0,224.0,228.0,201.5,79.0,16866.5,131
2023-05-10 14:57:03,PK401C11200,PK401C11200,201.5,0.0,0.0,0.0,10,61.5,225.0,2,200.0,224.0,228.0,201.5,79.0,16866.5,131
2023-05-10 14:57:03,PK401C11200,PK401C11200,201.5,0.0,0.0,0.0,1,63.0,225.0,2,200.0,224.0,228.0,201.5,79.0,16866.5,131
2023-05-10 14:57:04,PK401C11200,PK401C11200,201.5,0.0,0.0,0.0,11,63.5,225.0,2,200.0,224.0,228.0,201.5,79.0,16866.5,131
2023-05-10 14:57:05,PK401C11200,PK401C11200,201.5,0.0,0.0,0.0,1,65.0,225.0,2,200.0,224.0,228.0,201.5,79.0,16866.5,131
2023-05-10 14:57:06,PK401C11200,PK401C11200,201.5,0.0,0.0,0.0,11,65.5,225.0,2,200.0,224.0,228.0,201.5,79.0,16866.5,131
2023-05-10 14:58:15,PK401C11200,PK401C11200,201.5,0.0,0.0,0.0,3,100.0,225.0,2,200.0,224.0,228.0,201.5,79.0,16866.5,131
2023-05-10 14:58:15,PK401C11200,PK401C11200,201.5,0.0,0.0,0.0,10,100.5,225.0,2,200.0,224.0,228.0,201.5,79.0,16866.5,131
2023-05-10 14:59:03,PK401C11200,PK401C11200,201.5,0.0,0.0,0.0,3,100.0,225.0,2,200.0,224.0,228.0,201.5,79.0,16866.5,131
2023-05-10 14:59:03,PK401C11200,PK401C11200,201.5,0.0,0.0,0.0,3,100.0,225.0,2,200.0,224.0,228.0,201.5,79.0,16866.5,131
