time,symbol_id,symbol_name,last,trade_volume,trade_amount,open_interest_change,bv1,bp1,ap1,av1,yesterday_close,today_open,today_high,today_low,volume,amount,open_interest
2023-05-10 09:06:17,PK401C10600,PK401C10600,383.0,0.0,0.0,0.0,1,3.5,0.0,0,383.0,396.0,0.0,0.0,0.0,0.0,120
2023-05-10 09:06:17,PK401C10600,PK401C10600,383.0,0.0,0.0,0.0,1,5.0,1089.0,10,383.0,396.0,0.0,0.0,0.0,0.0,120
2023-05-10 09:06:17,PK401C10600,PK401C10600,383.0,0.0,0.0,0.0,10,5.5,1089.0,10,383.0,396.0,0.0,0.0,0.0,0.0,120
2023-05-10 09:06:18,PK401C10600,PK401C10600,383.0,0.0,0.0,0.0,1,7.0,1087.5,1,383.0,396.0,0.0,0.0,0.0,0.0,120
2023-05-10 09:06:18,PK401C10600,PK401C10600,383.0,0.0,0.0,0.0,10,7.5,1087.0,10,383.0,396.0,0.0,0.0,0.0,0.0,120
2023-05-10 09:06:19,PK401C10600,PK401C10600,383.0,0.0,0.0,0.0,1,9.0,1087.0,10,383.0,396.0,0.0,0.0,0.0,0.0,120
2023-05-10 09:06:20,PK401C10600,PK401C10600,383.0,0.0,0.0,0.0,10,9.5,1085.5,1,383.0,396.0,0.0,0.0,0.0,0.0,120
2023-05-10 09:06:20,PK401C10600,PK401C10600,383.0,0.0,0.0,0.0,10,9.5,1085.0,10,383.0,396.0,0.0,0.0,0.0,0.0,120
2023-05-10 09:06:21,PK401C10600,PK401C10600,383.0,0.0,0.0,0.0,1,11.0,1083.5,1,383.0,396.0,0.0,0.0,0.0,0.0,120
2023-05-10 09:06:22,PK401C10600,PK401C10600,383.0,0.0,0.0,0.0,10,11.5,1083.0,10,383.0,396.0,0.0,0.0,0.0,0.0,120
2023-05-10 09:06:22,PK401C10600,PK401C10600,383.0,0.0,0.0,0.0,1,13.0,1081.5,1,383.0,396.0,0.0,0.0,0.0,0.0,120
2023-05-10 09:06:23,PK401C10600,PK401C10600,383.0,0.0,0.0,0.0,10,13.5,1081.0,10,383.0,396.0,0.0,0.0,0.0,0.0,120
2023-05-10 09:06:24,PK401C10600,PK401C10600,383.0,0.0,0.0,0.0,1,15.0,1079.5,1,383.0,396.0,0.0,0.0,0.0,0.0,120
2023-05-10 09:06:25,PK401C10600,PK401C10600,383.0,0.0,0.0,0.0,10,15.5,1079.0,10,383.0,396.0,0.0,0.0,0.0,0.0,120
2023-05-10 09:06:26,PK401C10600,PK401C10600,383.0,0.0,0.0,0.0,1,17.0,1077.5,1,383.0,396.0,0.0,0.0,0.0,0.0,120
2023-05-10 09:06:26,PK401C10600,PK401C10600,383.0,0.0,0.0,0.0,10,17.5,1077.0,10,383.0,396.0,0.0,0.0,0.0,0.0,120
2023-05-10 09:06:28,PK401C10600,PK401C10600,383.0,0.0,0.0,0.0,1,19.0,1075.5,1,383.0,396.0,0.0,0.0,0.0,0.0,120
2023-05-10 09:06:29,PK401C10600,PK401C10600,383.0,0.0,0.0,0.0,10,19.5,1075.0,10,383.0,396.0,0.0,0.0,0.0,0.0,120
2023-05-10 09:06:29,PK401C10600,PK401C10600,383.0,0.0,0.0,0.0,1,21.0,1075.0,10,383.0,396.0,0.0,0.0,0.0,0.0,120
2023-05-10 09:06:30,PK401C10600,PK401C10600,383.0,0.0,0.0,0.0,10,21.5,1073.5,1,383.0,396.0,0.0,0.0,0.0,0.0,120
2023-05-10 09:06:30,PK401C10600,PK401C10600,383.0,0.0,0.0,0.0,1,23.0,1073.0,10,383.0,396.0,0.0,0.0,0.0,0.0,120
2023-05-10 09:06:31,PK401C10600,PK401C10600,383.0,0.0,0.0,0.0,10,23.5,1071.5,1,383.0,396.0,0.0,0.0,0.0,0.0,120
2023-05-10 09:06:31,PK401C10600,PK401C10600,383.0,0.0,0.0,0.0,1,25.0,1071.0,10,383.0,396.0,0.0,0.0,0.0,0.0,120
2023-05-10 09:06:32,PK401C10600,PK401C10600,383.0,0.0,0.0,0.0,10,25.5,1069.5,1,383.0,396.0,0.0,0.0,0.0,0.0,120
2023-05-10 09:06:32,PK401C10600,PK401C10600,383.0,0.0,0.0,0.0,1,27.0,1069.0,10,383.0,396.0,0.0,0.0,0.0,0.0,120
2023-05-10 09:06:33,PK401C10600,PK401C10600,383.0,0.0,0.0,0.0,10,27.5,1067.5,1,383.0,396.0,0.0,0.0,0.0,0.0,120
2023-05-10 09:06:34,PK401C10600,PK401C10600,383.0,0.0,0.0,0.0,1,29.0,1067.0,10,383.0,396.0,0.0,0.0,0.0,0.0,120
2023-05-10 09:06:34,PK401C10600,PK401C10600,383.0,0.0,0.0,0.0,10,29.5,1067.0,10,383.0,396.0,0.0,0.0,0.0,0.0,120
2023-05-10 09:06:34,PK401C10600,PK401C10600,383.0,0.0,0.0,0.0,1,31.0,1065.5,1,383.0,396.0,0.0,0.0,0.0,0.0,120
2023-05-10 09:06:35,PK401C10600,PK401C10600,383.0,0.0,0.0,0.0,10,31.5,1065.0,10,383.0,396.0,0.0,0.0,0.0,0.0,120
2023-05-10 09:06:35,PK401C10600,PK401C10600,383.0,0.0,0.0,0.0,1,33.0,1063.5,1,383.0,396.0,0.0,0.0,0.0,0.0,120
2023-05-10 09:06:36,PK401C10600,PK401C10600,383.0,0.0,0.0,0.0,10,33.5,1063.0,10,383.0,396.0,0.0,0.0,0.0,0.0,120
2023-05-10 09:06:36,PK401C10600,PK401C10600,383.0,0.0,0.0,0.0,1,35.0,1061.5,1,383.0,396.0,0.0,0.0,0.0,0.0,120
2023-05-10 09:06:37,PK401C10600,PK401C10600,383.0,0.0,0.0,0.0,10,35.5,1061.0,10,383.0,396.0,0.0,0.0,0.0,0.0,120
2023-05-10 09:06:37,PK401C10600,PK401C10600,383.0,0.0,0.0,0.0,1,37.0,1059.5,1,383.0,396.0,0.0,0.0,0.0,0.0,120
2023-05-10 09:06:38,PK401C10600,PK401C10600,383.0,0.0,0.0,0.0,10,37.5,1059.0,10,383.0,396.0,0.0,0.0,0.0,0.0,120
2023-05-10 09:06:38,PK401C10600,PK401C10600,383.0,0.0,0.0,0.0,1,39.0,1057.5,1,383.0,396.0,0.0,0.0,0.0,0.0,120
2023-05-10 09:07:38,PK401C10600,PK401C10600,383.0,0.0,0.0,0.0,10,39.5,1057.0,10,383.0,396.0,0.0,0.0,0.0,0.0,120
2023-05-10 09:07:41,PK401C10600,PK401C10600,383.0,0.0,0.0,0.0,1,41.0,1055.5,1,383.0,396.0,0.0,0.0,0.0,0.0,120
2023-05-10 09:09:29,PK401C10600,PK401C10600,383.0,0.0,0.0,0.0,10,41.5,1055.0,10,383.0,396.0,0.0,0.0,0.0,0.0,120
2023-05-10 09:09:30,PK401C10600,PK401C10600,383.0,0.0,0.0,0.0,1,43.0,1055.0,10,383.0,396.0,0.0,0.0,0.0,0.0,120
2023-05-10 09:09:31,PK401C10600,PK401C10600,383.0,0.0,0.0,0.0,10,43.5,1055.0,10,383.0,396.0,0.0,0.0,0.0,0.0,120
2023-05-10 09:09:35,PK401C10600,PK401C10600,383.0,0.0,0.0,0.0,1,45.0,1055.0,10,383.0,396.0,0.0,0.0,0.0,0.0,120
2023-05-10 09:09:36,PK401C10600,PK401C10600,383.0,0.0,0.0,0.0,10,45.5,1055.0,10,383.0,396.0,0.0,0.0,0.0,0.0,120
2023-05-10 09:09:38,PK401C10600,PK401C10600,383.0,0.0,0.0,0.0,1,47.0,1053.5,1,383.0,396.0,0.0,0.0,0.0,0.0,120
2023-05-10 09:09:39,PK401C10600,PK401C10600,383.0,0.0,0.0,0.0,10,47.5,1053.0,10,383.0,396.0,0.0,0.0,0.0,0.0,120
2023-05-10 09:09:40,PK401C10600,PK401C10600,383.0,0.0,0.0,0.0,1,49.0,1051.5,1,383.0,396.0,0.0,0.0,0.0,0.0,120
2023-05-10 09:09:41,PK401C10600,PK401C10600,383.0,0.0,0.0,0.0,10,49.5,1051.0,10,383.0,396.0,0.0,0.0,0.0,0.0,120
2023-05-10 09:09:42,PK401C10600,PK401C10600,383.0,0.0,0.0,0.0,1,51.0,1049.5,1,383.0,396.0,0.0,0.0,0.0,0.0,120
2023-05-10 09:09:42,PK401C10600,PK401C10600,383.0,0.0,0.0,0.0,10,51.5,1049.0,10,383.0,396.0,0.0,0.0,0.0,0.0,120
2023-05-10 09:09:44,PK401C10600,PK401C10600,383.0,0.0,0.0,0.0,1,53.0,1047.5,1,383.0,396.0,0.0,0.0,0.0,0.0,120
2023-05-10 09:09:44,PK401C10600,PK401C10600,383.0,0.0,0.0,0.0,10,53.5,1047.0,10,383.0,396.0,0.0,0.0,0.0,0.0,120
2023-05-10 09:09:45,PK401C10600,PK401C10600,383.0,0.0,0.0,0.0,1,55.0,1045.5,1,383.0,396.0,0.0,0.0,0.0,0.0,120
2023-05-10 09:09:45,PK401C10600,PK401C10600,383.0,0.0,0.0,0.0,10,55.5,1045.0,10,383.0,396.0,0.0,0.0,0.0,0.0,120
2023-05-10 09:09:46,PK401C10600,PK401C10600,383.0,0.0,0.0,0.0,1,57.0,1043.5,1,383.0,396.0,0.0,0.0,0.0,0.0,120
2023-05-10 09:10:20,PK401C10600,PK401C10600,383.0,0.0,0.0,0.0,10,57.5,1043.0,10,383.0,396.0,0.0,0.0,0.0,0.0,120
2023-05-10 09:10:21,PK401C10600,PK401C10600,383.0,0.0,0.0,0.0,1,59.0,1041.5,1,383.0,396.0,0.0,0.0,0.0,0.0,120
2023-05-10 09:10:21,PK401C10600,PK401C10600,383.0,0.0,0.0,0.0,10,59.5,1041.0,10,383.0,396.0,0.0,0.0,0.0,0.0,120
2023-05-10 09:10:23,PK401C10600,PK401C10600,383.0,0.0,0.0,0.0,1,61.0,1039.5,1,383.0,396.0,0.0,0.0,0.0,0.0,120
2023-05-10 09:10:24,PK401C10600,PK401C10600,383.0,0.0,0.0,0.0,10,61.5,1039.0,10,383.0,396.0,0.0,0.0,0.0,0.0,120
2023-05-10 09:10:26,PK401C10600,PK401C10600,383.0,0.0,0.0,0.0,1,63.0,1037.5,1,383.0,396.0,0.0,0.0,0.0,0.0,120
2023-05-10 09:10:26,PK401C10600,PK401C10600,383.0,0.0,0.0,0.0,10,63.5,1037.0,10,383.0,396.0,0.0,0.0,0.0,0.0,120
2023-05-10 09:10:28,PK401C10600,PK401C10600,383.0,0.0,0.0,0.0,1,65.0,1035.5,1,383.0,396.0,0.0,0.0,0.0,0.0,120
2023-05-10 09:10:28,PK401C10600,PK401C10600,383.0,0.0,0.0,0.0,10,65.5,1035.0,10,383.0,396.0,0.0,0.0,0.0,0.0,120
2023-05-10 09:10:29,PK401C10600,PK401C10600,383.0,0.0,0.0,0.0,1,67.0,1033.5,1,383.0,396.0,0.0,0.0,0.0,0.0,120
2023-05-10 09:10:29,PK401C10600,PK401C10600,383.0,0.0,0.0,0.0,10,67.5,1033.0,10,383.0,396.0,0.0,0.0,0.0,0.0,120
2023-05-10 09:10:30,PK401C10600,PK401C10600,383.0,0.0,0.0,0.0,1,69.0,1033.0,10,383.0,396.0,0.0,0.0,0.0,0.0,120
2023-05-10 09:10:30,PK401C10600,PK401C10600,383.0,0.0,0.0,0.0,10,69.5,1031.5,1,383.0,396.0,0.0,0.0,0.0,0.0,120
2023-05-10 09:10:31,PK401C10600,PK401C10600,383.0,0.0,0.0,0.0,1,71.0,1031.0,10,383.0,396.0,0.0,0.0,0.0,0.0,120
2023-05-10 09:10:31,PK401C10600,PK401C10600,383.0,0.0,0.0,0.0,10,71.5,1029.5,1,383.0,396.0,0.0,0.0,0.0,0.0,120
2023-05-10 09:10:32,PK401C10600,PK401C10600,383.0,0.0,0.0,0.0,1,73.0,1029.0,10,383.0,396.0,0.0,0.0,0.0,0.0,120
2023-05-10 09:10:32,PK401C10600,PK401C10600,383.0,0.0,0.0,0.0,10,73.5,1027.5,1,383.0,396.0,0.0,0.0,0.0,0.0,120
2023-05-10 09:10:33,PK401C10600,PK401C10600,383.0,0.0,0.0,0.0,1,75.0,1027.0,10,383.0,396.0,0.0,0.0,0.0,0.0,120
2023-05-10 09:10:33,PK401C10600,PK401C10600,383.0,0.0,0.0,0.0,10,75.5,1025.5,1,383.0,396.0,0.0,0.0,0.0,0.0,120
2023-05-10 09:10:34,PK401C10600,PK401C10600,383.0,0.0,0.0,0.0,1,77.0,1025.5,1,383.0,396.0,0.0,0.0,0.0,0.0,120
2023-05-10 09:15:57,PK401C10600,PK401C10600,383.0,0.0,0.0,0.0,10,77.5,1025.0,10,383.0,396.0,0.0,0.0,0.0,0.0,120
2023-05-10 09:15:58,PK401C10600,PK401C10600,383.0,0.0,0.0,0.0,1,79.0,1023.5,1,383.0,396.0,0.0,0.0,0.0,0.0,120
2023-05-10 09:15:58,PK401C10600,PK401C10600,383.0,0.0,0.0,0.0,10,79.5,1023.0,10,383.0,396.0,0.0,0.0,0.0,0.0,120
2023-05-10 09:15:59,PK401C10600,PK401C10600,383.0,0.0,0.0,0.0,1,81.0,1021.5,1,383.0,396.0,0.0,0.0,0.0,0.0,120
2023-05-10 09:15:59,PK401C10600,PK401C10600,383.0,0.0,0.0,0.0,10,81.5,1021.0,10,383.0,396.0,0.0,0.0,0.0,0.0,120
2023-05-10 09:16:00,PK401C10600,PK401C10600,383.0,0.0,0.0,0.0,1,83.0,1019.5,1,383.0,396.0,0.0,0.0,0.0,0.0,120
2023-05-10 09:18:30,PK401C10600,PK401C10600,383.0,0.0,0.0,0.0,10,83.5,1019.0,10,383.0,396.0,0.0,0.0,0.0,0.0,120
2023-05-10 09:18:32,PK401C10600,PK401C10600,383.0,0.0,0.0,0.0,1,85.0,1017.5,1,383.0,396.0,0.0,0.0,0.0,0.0,120
2023-05-10 09:18:32,PK401C10600,PK401C10600,383.0,0.0,0.0,0.0,10,85.5,1017.0,10,383.0,396.0,0.0,0.0,0.0,0.0,120
2023-05-10 09:18:35,PK401C10600,PK401C10600,383.0,0.0,0.0,0.0,1,87.0,1015.5,1,383.0,396.0,0.0,0.0,0.0,0.0,120
2023-05-10 09:18:35,PK401C10600,PK401C10600,383.0,0.0,0.0,0.0,10,87.5,1015.0,10,383.0,396.0,0.0,0.0,0.0,0.0,120
2023-05-10 09:18:39,PK401C10600,PK401C10600,383.0,0.0,0.0,0.0,1,89.0,1013.5,1,383.0,396.0,0.0,0.0,0.0,0.0,120
2023-05-10 09:18:39,PK401C10600,PK401C10600,383.0,0.0,0.0,0.0,10,89.5,1013.0,10,383.0,396.0,0.0,0.0,0.0,0.0,120
2023-05-10 09:18:40,PK401C10600,PK401C10600,383.0,0.0,0.0,0.0,1,91.0,1011.5,1,383.0,396.0,0.0,0.0,0.0,0.0,120
2023-05-10 09:18:40,PK401C10600,PK401C10600,383.0,0.0,0.0,0.0,10,91.5,1011.0,10,383.0,396.0,0.0,0.0,0.0,0.0,120
2023-05-10 09:18:42,PK401C10600,PK401C10600,383.0,0.0,0.0,0.0,1,93.0,1009.5,1,383.0,396.0,0.0,0.0,0.0,0.0,120
2023-05-10 09:18:42,PK401C10600,PK401C10600,383.0,0.0,0.0,0.0,10,93.5,1009.0,10,383.0,396.0,0.0,0.0,0.0,0.0,120
2023-05-10 09:18:45,PK401C10600,PK401C10600,383.0,0.0,0.0,0.0,1,95.0,1007.5,1,383.0,396.0,0.0,0.0,0.0,0.0,120
2023-05-10 09:18:45,PK401C10600,PK401C10600,383.0,0.0,0.0,0.0,10,95.5,1007.0,10,383.0,396.0,0.0,0.0,0.0,0.0,120
2023-05-10 09:18:46,PK401C10600,PK401C10600,383.0,0.0,0.0,0.0,1,97.0,1005.5,1,383.0,396.0,0.0,0.0,0.0,0.0,120
2023-05-10 09:18:46,PK401C10600,PK401C10600,383.0,0.0,0.0,0.0,10,97.5,1005.0,10,383.0,396.0,0.0,0.0,0.0,0.0,120
2023-05-10 09:18:47,PK401C10600,PK401C10600,383.0,0.0,0.0,0.0,1,99.0,1003.5,1,383.0,396.0,0.0,0.0,0.0,0.0,120
2023-05-10 09:18:47,PK401C10600,PK401C10600,383.0,0.0,0.0,0.0,10,99.5,1003.0,10,383.0,396.0,0.0,0.0,0.0,0.0,120
2023-05-10 09:18:48,PK401C10600,PK401C10600,383.0,0.0,0.0,0.0,1,101.0,1001.5,1,383.0,396.0,0.0,0.0,0.0,0.0,120
2023-05-10 09:18:48,PK401C10600,PK401C10600,383.0,0.0,0.0,0.0,10,101.5,1001.0,10,383.0,396.0,0.0,0.0,0.0,0.0,120
2023-05-10 09:18:49,PK401C10600,PK401C10600,383.0,0.0,0.0,0.0,1,103.0,999.5,1,383.0,396.0,0.0,0.0,0.0,0.0,120
2023-05-10 09:18:49,PK401C10600,PK401C10600,383.0,0.0,0.0,0.0,10,103.5,999.0,10,383.0,396.0,0.0,0.0,0.0,0.0,120
2023-05-10 09:18:50,PK401C10600,PK401C10600,383.0,0.0,0.0,0.0,1,105.0,997.5,1,383.0,396.0,0.0,0.0,0.0,0.0,120
2023-05-10 09:18:50,PK401C10600,PK401C10600,383.0,0.0,0.0,0.0,10,105.5,997.0,10,383.0,396.0,0.0,0.0,0.0,0.0,120
2023-05-10 09:18:51,PK401C10600,PK401C10600,383.0,0.0,0.0,0.0,1,107.0,995.5,1,383.0,396.0,0.0,0.0,0.0,0.0,120
2023-05-10 09:18:51,PK401C10600,PK401C10600,383.0,0.0,0.0,0.0,10,107.5,995.0,10,383.0,396.0,0.0,0.0,0.0,0.0,120
2023-05-10 09:18:52,PK401C10600,PK401C10600,383.0,0.0,0.0,0.0,1,109.0,993.5,1,383.0,396.0,0.0,0.0,0.0,0.0,120
2023-05-10 09:18:52,PK401C10600,PK401C10600,383.0,0.0,0.0,0.0,10,109.5,993.0,10,383.0,396.0,0.0,0.0,0.0,0.0,120
2023-05-10 09:18:53,PK401C10600,PK401C10600,383.0,0.0,0.0,0.0,1,111.0,991.5,1,383.0,396.0,0.0,0.0,0.0,0.0,120
2023-05-10 09:19:39,PK401C10600,PK401C10600,383.0,0.0,0.0,0.0,10,111.5,991.0,10,383.0,396.0,0.0,0.0,0.0,0.0,120
2023-05-10 09:19:42,PK401C10600,PK401C10600,383.0,0.0,0.0,0.0,1,113.0,989.5,1,383.0,396.0,0.0,0.0,0.0,0.0,120
2023-05-10 09:19:42,PK401C10600,PK401C10600,383.0,0.0,0.0,0.0,10,113.5,989.0,10,383.0,396.0,0.0,0.0,0.0,0.0,120
2023-05-10 09:19:44,PK401C10600,PK401C10600,383.0,0.0,0.0,0.0,1,115.0,987.5,1,383.0,396.0,0.0,0.0,0.0,0.0,120
2023-05-10 09:19:44,PK401C10600,PK401C10600,383.0,0.0,0.0,0.0,10,115.5,987.0,10,383.0,396.0,0.0,0.0,0.0,0.0,120
2023-05-10 09:19:46,PK401C10600,PK401C10600,383.0,0.0,0.0,0.0,1,117.0,985.5,1,383.0,396.0,0.0,0.0,0.0,0.0,120
2023-05-10 09:19:46,PK401C10600,PK401C10600,383.0,0.0,0.0,0.0,10,117.5,985.0,10,383.0,396.0,0.0,0.0,0.0,0.0,120
2023-05-10 09:19:48,PK401C10600,PK401C10600,383.0,0.0,0.0,0.0,1,119.0,983.5,1,383.0,396.0,0.0,0.0,0.0,0.0,120
2023-05-10 09:19:48,PK401C10600,PK401C10600,383.0,0.0,0.0,0.0,10,119.5,983.0,10,383.0,396.0,0.0,0.0,0.0,0.0,120
2023-05-10 09:19:49,PK401C10600,PK401C10600,383.0,0.0,0.0,0.0,1,121.0,981.5,1,383.0,396.0,0.0,0.0,0.0,0.0,120
2023-05-10 09:19:49,PK401C10600,PK401C10600,383.0,0.0,0.0,0.0,10,121.5,981.0,10,383.0,396.0,0.0,0.0,0.0,0.0,120
2023-05-10 09:19:50,PK401C10600,PK401C10600,383.0,0.0,0.0,0.0,1,123.0,979.5,1,383.0,396.0,0.0,0.0,0.0,0.0,120
2023-05-10 09:21:12,PK401C10600,PK401C10600,383.0,0.0,0.0,0.0,10,123.5,979.0,10,383.0,396.0,0.0,0.0,0.0,0.0,120
2023-05-10 09:21:13,PK401C10600,PK401C10600,383.0,0.0,0.0,0.0,1,125.0,977.5,1,383.0,396.0,0.0,0.0,0.0,0.0,120
2023-05-10 09:21:14,PK401C10600,PK401C10600,383.0,0.0,0.0,0.0,10,125.5,977.0,10,383.0,396.0,0.0,0.0,0.0,0.0,120
2023-05-10 09:21:16,PK401C10600,PK401C10600,383.0,0.0,0.0,0.0,1,127.0,975.5,1,383.0,396.0,0.0,0.0,0.0,0.0,120
2023-05-10 09:21:17,PK401C10600,PK401C10600,383.0,0.0,0.0,0.0,10,127.5,975.0,10,383.0,396.0,0.0,0.0,0.0,0.0,120
2023-05-10 09:21:18,PK401C10600,PK401C10600,383.0,0.0,0.0,0.0,1,129.0,973.5,1,383.0,396.0,0.0,0.0,0.0,0.0,120
2023-05-10 09:22:07,PK401C10600,PK401C10600,383.0,0.0,0.0,0.0,10,129.5,973.0,10,383.0,396.0,0.0,0.0,0.0,0.0,120
2023-05-10 09:22:08,PK401C10600,PK401C10600,383.0,0.0,0.0,0.0,1,131.0,971.5,1,383.0,396.0,0.0,0.0,0.0,0.0,120
2023-05-10 09:22:09,PK401C10600,PK401C10600,383.0,0.0,0.0,0.0,10,131.5,971.0,10,383.0,396.0,0.0,0.0,0.0,0.0,120
2023-05-10 09:22:13,PK401C10600,PK401C10600,383.0,0.0,0.0,0.0,1,133.0,969.5,1,383.0,396.0,0.0,0.0,0.0,0.0,120
2023-05-10 09:22:14,PK401C10600,PK401C10600,383.0,0.0,0.0,0.0,10,133.5,969.0,10,383.0,396.0,0.0,0.0,0.0,0.0,120
2023-05-10 09:22:14,PK401C10600,PK401C10600,383.0,0.0,0.0,0.0,1,135.0,967.5,1,383.0,396.0,0.0,0.0,0.0,0.0,120
2023-05-10 09:22:15,PK401C10600,PK401C10600,383.0,0.0,0.0,0.0,10,135.5,967.0,10,383.0,396.0,0.0,0.0,0.0,0.0,120
2023-05-10 09:22:19,PK401C10600,PK401C10600,383.0,0.0,0.0,0.0,1,137.0,965.5,1,383.0,396.0,0.0,0.0,0.0,0.0,120
2023-05-10 09:22:20,PK401C10600,PK401C10600,383.0,0.0,0.0,0.0,10,137.5,965.0,10,383.0,396.0,0.0,0.0,0.0,0.0,120
2023-05-10 09:22:22,PK401C10600,PK401C10600,383.0,0.0,0.0,0.0,1,139.0,965.0,10,383.0,396.0,0.0,0.0,0.0,0.0,120
2023-05-10 09:22:23,PK401C10600,PK401C10600,383.0,0.0,0.0,0.0,10,139.5,963.5,1,383.0,396.0,0.0,0.0,0.0,0.0,120
2023-05-10 09:22:23,PK401C10600,PK401C10600,383.0,0.0,0.0,0.0,10,139.5,963.0,10,383.0,396.0,0.0,0.0,0.0,0.0,120
2023-05-10 09:22:27,PK401C10600,PK401C10600,383.0,0.0,0.0,0.0,1,141.0,961.5,1,383.0,396.0,0.0,0.0,0.0,0.0,120
2023-05-10 09:22:27,PK401C10600,PK401C10600,383.0,0.0,0.0,0.0,10,141.5,961.0,10,383.0,396.0,0.0,0.0,0.0,0.0,120
2023-05-10 09:22:29,PK401C10600,PK401C10600,383.0,0.0,0.0,0.0,1,143.0,961.0,10,383.0,396.0,0.0,0.0,0.0,0.0,120
2023-05-10 09:22:29,PK401C10600,PK401C10600,383.0,0.0,0.0,0.0,10,143.5,961.0,10,383.0,396.0,0.0,0.0,0.0,0.0,120
2023-05-10 09:22:35,PK401C10600,PK401C10600,383.0,0.0,0.0,0.0,1,145.0,959.5,1,383.0,396.0,0.0,0.0,0.0,0.0,120
2023-05-10 09:22:35,PK401C10600,PK401C10600,383.0,0.0,0.0,0.0,10,145.5,959.0,10,383.0,396.0,0.0,0.0,0.0,0.0,120
2023-05-10 09:22:39,PK401C10600,PK401C10600,383.0,0.0,0.0,0.0,1,147.0,957.5,1,383.0,396.0,0.0,0.0,0.0,0.0,120
2023-05-10 09:22:39,PK401C10600,PK401C10600,383.0,0.0,0.0,0.0,10,147.5,957.0,10,383.0,396.0,0.0,0.0,0.0,0.0,120
2023-05-10 09:22:40,PK401C10600,PK401C10600,383.0,0.0,0.0,0.0,1,149.0,955.5,1,383.0,396.0,0.0,0.0,0.0,0.0,120
2023-05-10 09:22:40,PK401C10600,PK401C10600,383.0,0.0,0.0,0.0,10,149.5,955.0,10,383.0,396.0,0.0,0.0,0.0,0.0,120
2023-05-10 09:22:46,PK401C10600,PK401C10600,383.0,0.0,0.0,0.0,1,151.0,955.0,10,383.0,396.0,0.0,0.0,0.0,0.0,120
2023-05-10 09:22:46,PK401C10600,PK401C10600,383.0,0.0,0.0,0.0,10,151.5,955.0,10,383.0,396.0,0.0,0.0,0.0,0.0,120
2023-05-10 09:22:47,PK401C10600,PK401C10600,383.0,0.0,0.0,0.0,1,153.0,953.5,1,383.0,396.0,0.0,0.0,0.0,0.0,120
2023-05-10 09:22:47,PK401C10600,PK401C10600,383.0,0.0,0.0,0.0,10,153.5,953.0,10,383.0,396.0,0.0,0.0,0.0,0.0,120
2023-05-10 09:22:49,PK401C10600,PK401C10600,383.0,0.0,0.0,0.0,1,155.0,951.5,1,383.0,396.0,0.0,0.0,0.0,0.0,120
2023-05-10 09:22:49,PK401C10600,PK401C10600,383.0,0.0,0.0,0.0,10,155.5,951.0,10,383.0,396.0,0.0,0.0,0.0,0.0,120
2023-05-10 09:22:52,PK401C10600,PK401C10600,383.0,0.0,0.0,0.0,1,157.0,949.5,1,383.0,396.0,0.0,0.0,0.0,0.0,120
2023-05-10 09:22:52,PK401C10600,PK401C10600,383.0,0.0,0.0,0.0,10,157.5,949.0,10,383.0,396.0,0.0,0.0,0.0,0.0,120
2023-05-10 09:22:58,PK401C10600,PK401C10600,383.0,0.0,0.0,0.0,1,159.0,949.0,10,383.0,396.0,0.0,0.0,0.0,0.0,120
2023-05-10 09:22:58,PK401C10600,PK401C10600,383.0,0.0,0.0,0.0,10,159.5,949.0,10,383.0,396.0,0.0,0.0,0.0,0.0,120
2023-05-10 09:23:01,PK401C10600,PK401C10600,383.0,0.0,0.0,0.0,1,161.0,949.0,10,383.0,396.0,0.0,0.0,0.0,0.0,120
2023-05-10 09:23:01,PK401C10600,PK401C10600,383.0,0.0,0.0,0.0,10,161.5,949.0,10,383.0,396.0,0.0,0.0,0.0,0.0,120
2023-05-10 09:23:04,PK401C10600,PK401C10600,383.0,0.0,0.0,0.0,1,163.0,947.5,1,383.0,396.0,0.0,0.0,0.0,0.0,120
2023-05-10 09:23:04,PK401C10600,PK401C10600,383.0,0.0,0.0,0.0,10,163.5,947.0,10,383.0,396.0,0.0,0.0,0.0,0.0,120
2023-05-10 09:23:07,PK401C10600,PK401C10600,383.0,0.0,0.0,0.0,1,165.0,945.5,1,383.0,396.0,0.0,0.0,0.0,0.0,120
2023-05-10 09:23:07,PK401C10600,PK401C10600,383.0,0.0,0.0,0.0,10,165.5,945.0,10,383.0,396.0,0.0,0.0,0.0,0.0,120
2023-05-10 09:23:12,PK401C10600,PK401C10600,383.0,0.0,0.0,0.0,1,167.0,943.5,1,383.0,396.0,0.0,0.0,0.0,0.0,120
2023-05-10 09:23:12,PK401C10600,PK401C10600,383.0,0.0,0.0,0.0,10,167.5,943.0,10,383.0,396.0,0.0,0.0,0.0,0.0,120
2023-05-10 09:23:15,PK401C10600,PK401C10600,383.0,0.0,0.0,0.0,1,169.0,941.5,1,383.0,396.0,0.0,0.0,0.0,0.0,120
2023-05-10 09:23:15,PK401C10600,PK401C10600,383.0,0.0,0.0,0.0,10,169.5,941.0,10,383.0,396.0,0.0,0.0,0.0,0.0,120
2023-05-10 09:23:16,PK401C10600,PK401C10600,383.0,0.0,0.0,0.0,1,171.0,939.5,1,383.0,396.0,0.0,0.0,0.0,0.0,120
2023-05-10 09:23:16,PK401C10600,PK401C10600,383.0,0.0,0.0,0.0,10,171.5,939.0,10,383.0,396.0,0.0,0.0,0.0,0.0,120
2023-05-10 09:23:19,PK401C10600,PK401C10600,383.0,0.0,0.0,0.0,1,173.0,937.5,1,383.0,396.0,0.0,0.0,0.0,0.0,120
2023-05-10 09:23:19,PK401C10600,PK401C10600,383.0,0.0,0.0,0.0,10,173.5,937.0,10,383.0,396.0,0.0,0.0,0.0,0.0,120
2023-05-10 09:23:20,PK401C10600,PK401C10600,383.0,0.0,0.0,0.0,1,175.0,937.0,10,383.0,396.0,0.0,0.0,0.0,0.0,120
2023-05-10 09:23:20,PK401C10600,PK401C10600,383.0,0.0,0.0,0.0,10,175.5,935.5,1,383.0,396.0,0.0,0.0,0.0,0.0,120
2023-05-10 09:23:21,PK401C10600,PK401C10600,383.0,0.0,0.0,0.0,10,175.5,935.0,10,383.0,396.0,0.0,0.0,0.0,0.0,120
2023-05-10 09:23:23,PK401C10600,PK401C10600,383.0,0.0,0.0,0.0,1,177.0,933.5,1,383.0,396.0,0.0,0.0,0.0,0.0,120
2023-05-10 09:23:24,PK401C10600,PK401C10600,383.0,0.0,0.0,0.0,10,177.5,933.0,10,383.0,396.0,0.0,0.0,0.0,0.0,120
2023-05-10 09:23:24,PK401C10600,PK401C10600,383.0,0.0,0.0,0.0,1,179.0,931.5,1,383.0,396.0,0.0,0.0,0.0,0.0,120
2023-05-10 09:23:25,PK401C10600,PK401C10600,383.0,0.0,0.0,0.0,10,179.5,931.0,10,383.0,396.0,0.0,0.0,0.0,0.0,120
2023-05-10 09:23:25,PK401C10600,PK401C10600,383.0,0.0,0.0,0.0,1,181.0,929.5,1,383.0,396.0,0.0,0.0,0.0,0.0,120
2023-05-10 09:23:26,PK401C10600,PK401C10600,383.0,0.0,0.0,0.0,10,181.5,929.0,10,383.0,396.0,0.0,0.0,0.0,0.0,120
2023-05-10 09:23:28,PK401C10600,PK401C10600,383.0,0.0,0.0,0.0,1,183.0,927.5,1,383.0,396.0,0.0,0.0,0.0,0.0,120
2023-05-10 09:23:29,PK401C10600,PK401C10600,383.0,0.0,0.0,0.0,10,183.5,927.0,10,383.0,396.0,0.0,0.0,0.0,0.0,120
2023-05-10 09:23:29,PK401C10600,PK401C10600,383.0,0.0,0.0,0.0,1,185.0,925.5,1,383.0,396.0,0.0,0.0,0.0,0.0,120
2023-05-10 09:23:30,PK401C10600,PK401C10600,383.0,0.0,0.0,0.0,10,185.5,925.0,10,383.0,396.0,0.0,0.0,0.0,0.0,120
2023-05-10 09:23:32,PK401C10600,PK401C10600,383.0,0.0,0.0,0.0,10,185.5,923.5,1,383.0,396.0,0.0,0.0,0.0,0.0,120
2023-05-10 09:23:33,PK401C10600,PK401C10600,383.0,0.0,0.0,0.0,10,185.5,923.0,10,383.0,396.0,0.0,0.0,0.0,0.0,120
2023-05-10 09:23:33,PK401C10600,PK401C10600,383.0,0.0,0.0,0.0,10,185.5,921.5,1,383.0,396.0,0.0,0.0,0.0,0.0,120
2023-05-10 09:23:34,PK401C10600,PK401C10600,383.0,0.0,0.0,0.0,10,185.5,921.0,10,383.0,396.0,0.0,0.0,0.0,0.0,120
2023-05-10 09:23:36,PK401C10600,PK401C10600,383.0,0.0,0.0,0.0,10,185.5,919.5,1,383.0,396.0,0.0,0.0,0.0,0.0,120
2023-05-10 09:23:37,PK401C10600,PK401C10600,383.0,0.0,0.0,0.0,10,185.5,919.0,10,383.0,396.0,0.0,0.0,0.0,0.0,120
2023-05-10 09:23:37,PK401C10600,PK401C10600,383.0,0.0,0.0,0.0,10,185.5,917.5,1,383.0,396.0,0.0,0.0,0.0,0.0,120
2023-05-10 09:23:38,PK401C10600,PK401C10600,383.0,0.0,0.0,0.0,10,185.5,917.0,10,383.0,396.0,0.0,0.0,0.0,0.0,120
2023-05-10 09:23:40,PK401C10600,PK401C10600,383.0,0.0,0.0,0.0,10,185.5,915.5,1,383.0,396.0,0.0,0.0,0.0,0.0,120
2023-05-10 09:23:41,PK401C10600,PK401C10600,383.0,0.0,0.0,0.0,10,185.5,915.0,10,383.0,396.0,0.0,0.0,0.0,0.0,120
2023-05-10 09:23:41,PK401C10600,PK401C10600,383.0,0.0,0.0,0.0,10,185.5,913.5,1,383.0,396.0,0.0,0.0,0.0,0.0,120
2023-05-10 09:23:42,PK401C10600,PK401C10600,383.0,0.0,0.0,0.0,10,185.5,913.0,10,383.0,396.0,0.0,0.0,0.0,0.0,120
2023-05-10 09:23:42,PK401C10600,PK401C10600,383.0,0.0,0.0,0.0,10,185.5,911.5,1,383.0,396.0,0.0,0.0,0.0,0.0,120
2023-05-10 09:23:43,PK401C10600,PK401C10600,383.0,0.0,0.0,0.0,10,185.5,911.0,10,383.0,396.0,0.0,0.0,0.0,0.0,120
2023-05-10 09:23:43,PK401C10600,PK401C10600,383.0,0.0,0.0,0.0,10,185.5,909.5,1,383.0,396.0,0.0,0.0,0.0,0.0,120
2023-05-10 09:23:44,PK401C10600,PK401C10600,383.0,0.0,0.0,0.0,10,185.5,909.0,10,383.0,396.0,0.0,0.0,0.0,0.0,120
2023-05-10 09:23:44,PK401C10600,PK401C10600,383.0,0.0,0.0,0.0,10,185.5,907.5,1,383.0,396.0,0.0,0.0,0.0,0.0,120
2023-05-10 09:24:49,PK401C10600,PK401C10600,383.0,0.0,0.0,0.0,10,185.5,907.0,10,383.0,396.0,0.0,0.0,0.0,0.0,120
2023-05-10 09:24:51,PK401C10600,PK401C10600,383.0,0.0,0.0,0.0,10,185.5,905.5,1,383.0,396.0,0.0,0.0,0.0,0.0,120
2023-05-10 09:24:51,PK401C10600,PK401C10600,383.0,0.0,0.0,0.0,10,185.5,905.0,10,383.0,396.0,0.0,0.0,0.0,0.0,120
2023-05-10 09:24:54,PK401C10600,PK401C10600,383.0,0.0,0.0,0.0,10,185.5,903.5,1,383.0,396.0,0.0,0.0,0.0,0.0,120
2023-05-10 09:24:54,PK401C10600,PK401C10600,383.0,0.0,0.0,0.0,10,185.5,903.0,10,383.0,396.0,0.0,0.0,0.0,0.0,120
2023-05-10 09:24:58,PK401C10600,PK401C10600,383.0,0.0,0.0,0.0,10,185.5,901.5,1,383.0,396.0,0.0,0.0,0.0,0.0,120
2023-05-10 09:24:58,PK401C10600,PK401C10600,383.0,0.0,0.0,0.0,10,185.5,901.0,10,383.0,396.0,0.0,0.0,0.0,0.0,120
2023-05-10 09:25:02,PK401C10600,PK401C10600,383.0,0.0,0.0,0.0,10,185.5,899.5,1,383.0,396.0,0.0,0.0,0.0,0.0,120
2023-05-10 09:25:03,PK401C10600,PK401C10600,383.0,0.0,0.0,0.0,10,185.5,899.0,10,383.0,396.0,0.0,0.0,0.0,0.0,120
2023-05-10 09:25:03,PK401C10600,PK401C10600,383.0,0.0,0.0,0.0,10,185.5,897.5,1,383.0,396.0,0.0,0.0,0.0,0.0,120
2023-05-10 09:25:04,PK401C10600,PK401C10600,383.0,0.0,0.0,0.0,10,185.5,897.0,10,383.0,396.0,0.0,0.0,0.0,0.0,120
2023-05-10 09:25:04,PK401C10600,PK401C10600,383.0,0.0,0.0,0.0,10,185.5,895.5,1,383.0,396.0,0.0,0.0,0.0,0.0,120
2023-05-10 09:25:05,PK401C10600,PK401C10600,383.0,0.0,0.0,0.0,10,185.5,895.0,10,383.0,396.0,0.0,0.0,0.0,0.0,120
2023-05-10 09:25:07,PK401C10600,PK401C10600,383.0,0.0,0.0,0.0,10,185.5,893.5,1,383.0,396.0,0.0,0.0,0.0,0.0,120
2023-05-10 09:25:08,PK401C10600,PK401C10600,383.0,0.0,0.0,0.0,10,185.5,893.0,10,383.0,396.0,0.0,0.0,0.0,0.0,120
2023-05-10 09:25:08,PK401C10600,PK401C10600,383.0,0.0,0.0,0.0,10,185.5,891.5,1,383.0,396.0,0.0,0.0,0.0,0.0,120
2023-05-10 09:25:09,PK401C10600,PK401C10600,383.0,0.0,0.0,0.0,10,185.5,891.0,10,383.0,396.0,0.0,0.0,0.0,0.0,120
2023-05-10 09:25:09,PK401C10600,PK401C10600,383.0,0.0,0.0,0.0,10,185.5,889.5,1,383.0,396.0,0.0,0.0,0.0,0.0,120
2023-05-10 09:25:10,PK401C10600,PK401C10600,383.0,0.0,0.0,0.0,10,185.5,889.0,10,383.0,396.0,0.0,0.0,0.0,0.0,120
2023-05-10 09:25:13,PK401C10600,PK401C10600,383.0,0.0,0.0,0.0,10,185.5,887.5,1,383.0,396.0,0.0,0.0,0.0,0.0,120
2023-05-10 09:25:14,PK401C10600,PK401C10600,383.0,0.0,0.0,0.0,10,185.5,887.0,10,383.0,396.0,0.0,0.0,0.0,0.0,120
2023-05-10 09:25:16,PK401C10600,PK401C10600,383.0,0.0,0.0,0.0,10,185.5,885.5,1,383.0,396.0,0.0,0.0,0.0,0.0,120
2023-05-10 09:25:17,PK401C10600,PK401C10600,383.0,0.0,0.0,0.0,10,185.5,885.0,10,383.0,396.0,0.0,0.0,0.0,0.0,120
2023-05-10 09:25:18,PK401C10600,PK401C10600,383.0,0.0,0.0,0.0,10,185.5,883.5,1,383.0,396.0,0.0,0.0,0.0,0.0,120
2023-05-10 09:25:19,PK401C10600,PK401C10600,383.0,0.0,0.0,0.0,10,185.5,883.0,10,383.0,396.0,0.0,0.0,0.0,0.0,120
2023-05-10 09:25:20,PK401C10600,PK401C10600,383.0,0.0,0.0,0.0,10,185.5,881.5,1,383.0,396.0,0.0,0.0,0.0,0.0,120
2023-05-10 09:25:21,PK401C10600,PK401C10600,383.0,0.0,0.0,0.0,10,185.5,881.0,10,383.0,396.0,0.0,0.0,0.0,0.0,120
2023-05-10 09:25:21,PK401C10600,PK401C10600,383.0,0.0,0.0,0.0,10,185.5,879.5,1,383.0,396.0,0.0,0.0,0.0,0.0,120
2023-05-10 09:27:30,PK401C10600,PK401C10600,383.0,0.0,0.0,0.0,10,185.5,879.0,10,383.0,396.0,0.0,0.0,0.0,0.0,120
2023-05-10 09:27:32,PK401C10600,PK401C10600,383.0,0.0,0.0,0.0,10,185.5,877.5,1,383.0,396.0,0.0,0.0,0.0,0.0,120
2023-05-10 09:27:32,PK401C10600,PK401C10600,383.0,0.0,0.0,0.0,10,185.5,877.0,10,383.0,396.0,0.0,0.0,0.0,0.0,120
2023-05-10 09:27:33,PK401C10600,PK401C10600,383.0,0.0,0.0,0.0,10,185.5,875.5,1,383.0,396.0,0.0,0.0,0.0,0.0,120
2023-05-10 09:28:05,PK401C10600,PK401C10600,383.0,0.0,0.0,0.0,10,185.5,875.0,10,383.0,396.0,0.0,0.0,0.0,0.0,120
2023-05-10 09:28:06,PK401C10600,PK401C10600,383.0,0.0,0.0,0.0,10,185.5,873.5,1,383.0,396.0,0.0,0.0,0.0,0.0,120
2023-05-10 09:28:06,PK401C10600,PK401C10600,383.0,0.0,0.0,0.0,10,185.5,873.0,10,383.0,396.0,0.0,0.0,0.0,0.0,120
2023-05-10 09:28:08,PK401C10600,PK401C10600,383.0,0.0,0.0,0.0,10,185.5,871.5,1,383.0,396.0,0.0,0.0,0.0,0.0,120
2023-05-10 09:28:08,PK401C10600,PK401C10600,383.0,0.0,0.0,0.0,10,185.5,871.0,10,383.0,396.0,0.0,0.0,0.0,0.0,120
2023-05-10 09:28:09,PK401C10600,PK401C10600,383.0,0.0,0.0,0.0,10,185.5,869.5,1,383.0,396.0,0.0,0.0,0.0,0.0,120
2023-05-10 09:28:09,PK401C10600,PK401C10600,383.0,0.0,0.0,0.0,10,185.5,869.0,10,383.0,396.0,0.0,0.0,0.0,0.0,120
2023-05-10 09:28:10,PK401C10600,PK401C10600,383.0,0.0,0.0,0.0,10,185.5,867.5,1,383.0,396.0,0.0,0.0,0.0,0.0,120
2023-05-10 09:28:10,PK401C10600,PK401C10600,383.0,0.0,0.0,0.0,10,185.5,867.0,10,383.0,396.0,0.0,0.0,0.0,0.0,120
2023-05-10 09:28:11,PK401C10600,PK401C10600,383.0,0.0,0.0,0.0,10,185.5,865.5,1,383.0,396.0,0.0,0.0,0.0,0.0,120
2023-05-10 09:28:33,PK401C10600,PK401C10600,383.0,0.0,0.0,0.0,10,185.5,865.0,10,383.0,396.0,0.0,0.0,0.0,0.0,120
2023-05-10 09:28:35,PK401C10600,PK401C10600,383.0,0.0,0.0,0.0,10,185.5,863.5,1,383.0,396.0,0.0,0.0,0.0,0.0,120
2023-05-10 09:28:36,PK401C10600,PK401C10600,383.0,0.0,0.0,0.0,10,185.5,863.0,10,383.0,396.0,0.0,0.0,0.0,0.0,120
2023-05-10 09:28:37,PK401C10600,PK401C10600,383.0,0.0,0.0,0.0,10,185.5,861.5,1,383.0,396.0,0.0,0.0,0.0,0.0,120
2023-05-10 09:29:16,PK401C10600,PK401C10600,383.0,0.0,0.0,0.0,10,185.5,861.0,10,383.0,396.0,0.0,0.0,0.0,0.0,120
2023-05-10 09:29:17,PK401C10600,PK401C10600,383.0,0.0,0.0,0.0,10,185.5,859.5,1,383.0,396.0,0.0,0.0,0.0,0.0,120
2023-05-10 09:30:25,PK401C10600,PK401C10600,383.0,0.0,0.0,0.0,10,185.5,859.0,10,383.0,396.0,0.0,0.0,0.0,0.0,120
2023-05-10 09:30:27,PK401C10600,PK401C10600,383.0,0.0,0.0,0.0,10,185.5,857.5,1,383.0,396.0,0.0,0.0,0.0,0.0,120
2023-05-10 09:30:28,PK401C10600,PK401C10600,383.0,0.0,0.0,0.0,10,185.5,857.0,10,383.0,396.0,0.0,0.0,0.0,0.0,120
2023-05-10 09:30:28,PK401C10600,PK401C10600,383.0,0.0,0.0,0.0,10,185.5,855.5,1,383.0,396.0,0.0,0.0,0.0,0.0,120
2023-05-10 09:30:29,PK401C10600,PK401C10600,383.0,0.0,0.0,0.0,10,185.5,855.0,10,383.0,396.0,0.0,0.0,0.0,0.0,120
2023-05-10 09:30:29,PK401C10600,PK401C10600,383.0,0.0,0.0,0.0,10,185.5,853.5,1,383.0,396.0,0.0,0.0,0.0,0.0,120
2023-05-10 09:30:30,PK401C10600,PK401C10600,383.0,0.0,0.0,0.0,10,185.5,853.0,10,383.0,396.0,0.0,0.0,0.0,0.0,120
2023-05-10 09:30:31,PK401C10600,PK401C10600,383.0,0.0,0.0,0.0,10,185.5,851.5,1,383.0,396.0,0.0,0.0,0.0,0.0,120
2023-05-10 09:30:32,PK401C10600,PK401C10600,383.0,0.0,0.0,0.0,10,185.5,851.0,10,383.0,396.0,0.0,0.0,0.0,0.0,120
2023-05-10 09:30:32,PK401C10600,PK401C10600,383.0,0.0,0.0,0.0,10,185.5,849.5,1,383.0,396.0,0.0,0.0,0.0,0.0,120
2023-05-10 09:30:54,PK401C10600,PK401C10600,383.0,0.0,0.0,0.0,10,185.5,849.0,10,383.0,396.0,0.0,0.0,0.0,0.0,120
2023-05-10 09:30:55,PK401C10600,PK401C10600,383.0,0.0,0.0,0.0,10,185.5,847.5,1,383.0,396.0,0.0,0.0,0.0,0.0,120
2023-05-10 09:30:56,PK401C10600,PK401C10600,383.0,0.0,0.0,0.0,10,185.5,847.0,10,383.0,396.0,0.0,0.0,0.0,0.0,120
2023-05-10 09:30:58,PK401C10600,PK401C10600,383.0,0.0,0.0,0.0,10,185.5,845.5,1,383.0,396.0,0.0,0.0,0.0,0.0,120
2023-05-10 09:31:32,PK401C10600,PK401C10600,383.0,0.0,0.0,0.0,10,185.5,845.0,10,383.0,396.0,0.0,0.0,0.0,0.0,120
2023-05-10 09:31:32,PK401C10600,PK401C10600,383.0,0.0,0.0,0.0,10,185.5,843.5,1,383.0,396.0,0.0,0.0,0.0,0.0,120
2023-05-10 09:32:25,PK401C10600,PK401C10600,383.0,0.0,0.0,0.0,10,185.5,843.0,10,383.0,396.0,0.0,0.0,0.0,0.0,120
2023-05-10 09:32:27,PK401C10600,PK401C10600,383.0,0.0,0.0,0.0,1,187.0,841.5,1,383.0,396.0,0.0,0.0,0.0,0.0,120
2023-05-10 09:32:27,PK401C10600,PK401C10600,383.0,0.0,0.0,0.0,10,187.5,841.0,10,383.0,396.0,0.0,0.0,0.0,0.0,120
2023-05-10 09:32:31,PK401C10600,PK401C10600,383.0,0.0,0.0,0.0,1,189.0,839.5,1,383.0,396.0,0.0,0.0,0.0,0.0,120
2023-05-10 09:32:32,PK401C10600,PK401C10600,383.0,0.0,0.0,0.0,10,189.5,839.0,10,383.0,396.0,0.0,0.0,0.0,0.0,120
2023-05-10 09:32:35,PK401C10600,PK401C10600,383.0,0.0,0.0,0.0,1,191.0,837.5,1,383.0,396.0,0.0,0.0,0.0,0.0,120
2023-05-10 09:32:35,PK401C10600,PK401C10600,383.0,0.0,0.0,0.0,10,191.5,837.0,10,383.0,396.0,0.0,0.0,0.0,0.0,120
2023-05-10 09:32:36,PK401C10600,PK401C10600,383.0,0.0,0.0,0.0,1,193.0,835.5,1,383.0,396.0,0.0,0.0,0.0,0.0,120
2023-05-10 09:32:36,PK401C10600,PK401C10600,383.0,0.0,0.0,0.0,10,193.5,835.0,10,383.0,396.0,0.0,0.0,0.0,0.0,120
2023-05-10 09:32:37,PK401C10600,PK401C10600,383.0,0.0,0.0,0.0,10,193.5,833.5,1,383.0,396.0,0.0,0.0,0.0,0.0,120
2023-05-10 09:33:18,PK401C10600,PK401C10600,383.0,0.0,0.0,0.0,10,193.5,833.0,10,383.0,396.0,0.0,0.0,0.0,0.0,120
2023-05-10 09:33:20,PK401C10600,PK401C10600,383.0,0.0,0.0,0.0,10,193.5,831.5,1,383.0,396.0,0.0,0.0,0.0,0.0,120
2023-05-10 09:34:06,PK401C10600,PK401C10600,383.0,0.0,0.0,0.0,10,193.5,831.0,10,383.0,396.0,0.0,0.0,0.0,0.0,120
2023-05-10 09:34:07,PK401C10600,PK401C10600,383.0,0.0,0.0,0.0,10,193.5,829.5,1,383.0,396.0,0.0,0.0,0.0,0.0,120
2023-05-10 09:34:40,PK401C10600,PK401C10600,383.0,0.0,0.0,0.0,10,193.5,829.0,10,383.0,396.0,0.0,0.0,0.0,0.0,120
2023-05-10 09:34:41,PK401C10600,PK401C10600,383.0,0.0,0.0,0.0,10,193.5,827.5,1,383.0,396.0,0.0,0.0,0.0,0.0,120
2023-05-10 09:35:32,PK401C10600,PK401C10600,383.0,0.0,0.0,0.0,10,193.5,827.0,10,383.0,396.0,0.0,0.0,0.0,0.0,120
2023-05-10 09:35:33,PK401C10600,PK401C10600,383.0,0.0,0.0,0.0,10,193.5,825.5,1,383.0,396.0,0.0,0.0,0.0,0.0,120
2023-05-10 09:35:34,PK401C10600,PK401C10600,383.0,0.0,0.0,0.0,10,193.5,825.0,10,383.0,396.0,0.0,0.0,0.0,0.0,120
2023-05-10 09:35:38,PK401C10600,PK401C10600,383.0,0.0,0.0,0.0,10,193.5,823.5,1,383.0,396.0,0.0,0.0,0.0,0.0,120
2023-05-10 09:36:01,PK401C10600,PK401C10600,383.0,0.0,0.0,0.0,10,193.5,823.0,10,383.0,396.0,0.0,0.0,0.0,0.0,120
2023-05-10 09:36:02,PK401C10600,PK401C10600,383.0,0.0,0.0,0.0,10,193.5,821.5,1,383.0,396.0,0.0,0.0,0.0,0.0,120
2023-05-10 09:36:02,PK401C10600,PK401C10600,383.0,0.0,0.0,0.0,10,193.5,821.0,10,383.0,396.0,0.0,0.0,0.0,0.0,120
2023-05-10 09:36:05,PK401C10600,PK401C10600,383.0,0.0,0.0,0.0,10,193.5,819.5,1,383.0,396.0,0.0,0.0,0.0,0.0,120
2023-05-10 09:36:05,PK401C10600,PK401C10600,383.0,0.0,0.0,0.0,10,193.5,819.0,10,383.0,396.0,0.0,0.0,0.0,0.0,120
2023-05-10 09:36:07,PK401C10600,PK401C10600,383.0,0.0,0.0,0.0,10,193.5,817.5,1,383.0,396.0,0.0,0.0,0.0,0.0,120
2023-05-10 09:36:08,PK401C10600,PK401C10600,383.0,0.0,0.0,0.0,10,193.5,817.0,10,383.0,396.0,0.0,0.0,0.0,0.0,120
2023-05-10 09:36:10,PK401C10600,PK401C10600,383.0,0.0,0.0,0.0,10,193.5,815.5,1,383.0,396.0,0.0,0.0,0.0,0.0,120
2023-05-10 09:36:10,PK401C10600,PK401C10600,383.0,0.0,0.0,0.0,10,193.5,815.0,10,383.0,396.0,0.0,0.0,0.0,0.0,120
2023-05-10 09:36:11,PK401C10600,PK401C10600,383.0,0.0,0.0,0.0,10,193.5,813.5,1,383.0,396.0,0.0,0.0,0.0,0.0,120
2023-05-10 09:36:11,PK401C10600,PK401C10600,383.0,0.0,0.0,0.0,10,193.5,813.0,10,383.0,396.0,0.0,0.0,0.0,0.0,120
2023-05-10 09:36:13,PK401C10600,PK401C10600,383.0,0.0,0.0,0.0,10,193.5,811.5,1,383.0,396.0,0.0,0.0,0.0,0.0,120
2023-05-10 09:36:13,PK401C10600,PK401C10600,383.0,0.0,0.0,0.0,10,193.5,811.0,10,383.0,396.0,0.0,0.0,0.0,0.0,120
2023-05-10 09:36:14,PK401C10600,PK401C10600,383.0,0.0,0.0,0.0,10,193.5,809.5,1,383.0,396.0,0.0,0.0,0.0,0.0,120
2023-05-10 09:36:37,PK401C10600,PK401C10600,383.0,0.0,0.0,0.0,10,193.5,809.0,10,383.0,396.0,0.0,0.0,0.0,0.0,120
2023-05-10 09:36:38,PK401C10600,PK401C10600,383.0,0.0,0.0,0.0,10,193.5,807.5,1,383.0,396.0,0.0,0.0,0.0,0.0,120
2023-05-10 09:38:42,PK401C10600,PK401C10600,383.0,0.0,0.0,0.0,10,193.5,807.0,10,383.0,396.0,0.0,0.0,0.0,0.0,120
2023-05-10 09:38:43,PK401C10600,PK401C10600,383.0,0.0,0.0,0.0,10,193.5,805.5,1,383.0,396.0,0.0,0.0,0.0,0.0,120
2023-05-10 09:38:44,PK401C10600,PK401C10600,383.0,0.0,0.0,0.0,10,193.5,805.0,10,383.0,396.0,0.0,0.0,0.0,0.0,120
2023-05-10 09:38:46,PK401C10600,PK401C10600,383.0,0.0,0.0,0.0,10,193.5,803.5,1,383.0,396.0,0.0,0.0,0.0,0.0,120
2023-05-10 09:38:46,PK401C10600,PK401C10600,383.0,0.0,0.0,0.0,10,193.5,803.0,10,383.0,396.0,0.0,0.0,0.0,0.0,120
2023-05-10 09:38:50,PK401C10600,PK401C10600,383.0,0.0,0.0,0.0,10,193.5,801.5,1,383.0,396.0,0.0,0.0,0.0,0.0,120
2023-05-10 09:39:11,PK401C10600,PK401C10600,383.0,0.0,0.0,0.0,10,193.5,801.0,10,383.0,396.0,0.0,0.0,0.0,0.0,120
2023-05-10 09:39:13,PK401C10600,PK401C10600,383.0,0.0,0.0,0.0,10,193.5,799.5,1,383.0,396.0,0.0,0.0,0.0,0.0,120
2023-05-10 09:39:13,PK401C10600,PK401C10600,383.0,0.0,0.0,0.0,10,193.5,799.0,10,383.0,396.0,0.0,0.0,0.0,0.0,120
2023-05-10 09:39:18,PK401C10600,PK401C10600,383.0,0.0,0.0,0.0,10,193.5,797.5,1,383.0,396.0,0.0,0.0,0.0,0.0,120
2023-05-10 09:39:18,PK401C10600,PK401C10600,383.0,0.0,0.0,0.0,10,193.5,797.0,10,383.0,396.0,0.0,0.0,0.0,0.0,120
2023-05-10 09:39:22,PK401C10600,PK401C10600,383.0,0.0,0.0,0.0,10,193.5,795.5,1,383.0,396.0,0.0,0.0,0.0,0.0,120
2023-05-10 09:39:22,PK401C10600,PK401C10600,383.0,0.0,0.0,0.0,10,193.5,795.0,10,383.0,396.0,0.0,0.0,0.0,0.0,120
2023-05-10 09:39:27,PK401C10600,PK401C10600,383.0,0.0,0.0,0.0,10,193.5,793.5,1,383.0,396.0,0.0,0.0,0.0,0.0,120
2023-05-10 09:39:27,PK401C10600,PK401C10600,383.0,0.0,0.0,0.0,10,193.5,793.0,10,383.0,396.0,0.0,0.0,0.0,0.0,120
2023-05-10 09:39:29,PK401C10600,PK401C10600,383.0,0.0,0.0,0.0,10,193.5,791.5,1,383.0,396.0,0.0,0.0,0.0,0.0,120
2023-05-10 09:40:28,PK401C10600,PK401C10600,383.0,0.0,0.0,0.0,10,193.5,791.0,10,383.0,396.0,0.0,0.0,0.0,0.0,120
2023-05-10 09:40:29,PK401C10600,PK401C10600,383.0,0.0,0.0,0.0,10,193.5,789.5,1,383.0,396.0,0.0,0.0,0.0,0.0,120
2023-05-10 09:40:30,PK401C10600,PK401C10600,383.0,0.0,0.0,0.0,10,193.5,789.0,10,383.0,396.0,0.0,0.0,0.0,0.0,120
2023-05-10 09:40:32,PK401C10600,PK401C10600,383.0,0.0,0.0,0.0,10,193.5,787.5,1,383.0,396.0,0.0,0.0,0.0,0.0,120
2023-05-10 09:40:32,PK401C10600,PK401C10600,383.0,0.0,0.0,0.0,10,193.5,787.0,10,383.0,396.0,0.0,0.0,0.0,0.0,120
2023-05-10 09:40:37,PK401C10600,PK401C10600,383.0,0.0,0.0,0.0,10,193.5,785.5,1,383.0,396.0,0.0,0.0,0.0,0.0,120
2023-05-10 09:41:20,PK401C10600,PK401C10600,383.0,0.0,0.0,0.0,10,193.5,396.0,3,383.0,396.0,0.0,0.0,0.0,0.0,120
2023-05-10 10:05:57,PK401C10600,PK401C10600,383.0,0.0,0.0,0.0,1,195.0,396.0,3,383.0,396.0,0.0,0.0,0.0,0.0,120
2023-05-10 10:05:58,PK401C10600,PK401C10600,383.0,0.0,0.0,0.0,10,195.5,396.0,3,383.0,396.0,0.0,0.0,0.0,0.0,120
2023-05-10 10:05:58,PK401C10600,PK401C10600,383.0,0.0,0.0,0.0,1,197.0,396.0,3,383.0,396.0,0.0,0.0,0.0,0.0,120
2023-05-10 10:08:29,PK401C10600,PK401C10600,383.0,0.0,0.0,0.0,10,197.5,396.0,3,383.0,396.0,0.0,0.0,0.0,0.0,120
2023-05-10 10:14:33,PK401C10600,PK401C10600,383.0,0.0,0.0,0.0,1,79.0,396.0,3,383.0,396.0,0.0,0.0,0.0,0.0,120
2023-05-10 10:30:08,PK401C10600,PK401C10600,383.0,0.0,0.0,0.0,10,79.5,396.0,3,383.0,396.0,0.0,0.0,0.0,0.0,120
2023-05-10 10:30:11,PK401C10600,PK401C10600,383.0,0.0,0.0,0.0,1,80.0,396.0,3,383.0,396.0,0.0,0.0,0.0,0.0,120
2023-05-10 10:32:04,PK401C10600,PK401C10600,383.0,0.0,0.0,0.0,1,81.5,396.0,3,383.0,396.0,0.0,0.0,0.0,0.0,120
2023-05-10 10:32:05,PK401C10600,PK401C10600,383.0,0.0,0.0,0.0,1,88.0,396.0,3,383.0,396.0,0.0,0.0,0.0,0.0,120
2023-05-10 10:32:05,PK401C10600,PK401C10600,383.0,0.0,0.0,0.0,10,88.5,396.0,3,383.0,396.0,0.0,0.0,0.0,0.0,120
2023-05-10 10:32:06,PK401C10600,PK401C10600,383.0,0.0,0.0,0.0,1,90.0,396.0,3,383.0,396.0,0.0,0.0,0.0,0.0,120
2023-05-10 10:32:06,PK401C10600,PK401C10600,383.0,0.0,0.0,0.0,1,96.5,396.0,3,383.0,396.0,0.0,0.0,0.0,0.0,120
2023-05-10 10:32:07,PK401C10600,PK401C10600,383.0,0.0,0.0,0.0,1,98.0,396.0,3,383.0,396.0,0.0,0.0,0.0,0.0,120
2023-05-10 10:32:07,PK401C10600,PK401C10600,383.0,0.0,0.0,0.0,10,98.5,396.0,3,383.0,396.0,0.0,0.0,0.0,0.0,120
2023-05-10 10:32:08,PK401C10600,PK401C10600,383.0,0.0,0.0,0.0,1,104.5,396.0,3,383.0,396.0,0.0,0.0,0.0,0.0,120
2023-05-10 10:32:08,PK401C10600,PK401C10600,383.0,0.0,0.0,0.0,1,106.0,396.0,3,383.0,396.0,0.0,0.0,0.0,0.0,120
2023-05-10 10:32:10,PK401C10600,PK401C10600,383.0,0.0,0.0,0.0,1,112.5,396.0,3,383.0,396.0,0.0,0.0,0.0,0.0,120
2023-05-10 10:32:12,PK401C10600,PK401C10600,383.0,0.0,0.0,0.0,10,114.5,396.0,3,383.0,396.0,0.0,0.0,0.0,0.0,120
2023-05-10 10:32:13,PK401C10600,PK401C10600,383.0,0.0,0.0,0.0,1,121.0,396.0,3,383.0,396.0,0.0,0.0,0.0,0.0,120
2023-05-10 10:32:13,PK401C10600,PK401C10600,383.0,0.0,0.0,0.0,1,122.5,396.0,3,383.0,396.0,0.0,0.0,0.0,0.0,120
2023-05-10 10:32:14,PK401C10600,PK401C10600,383.0,0.0,0.0,0.0,10,129.5,396.0,3,383.0,396.0,0.0,0.0,0.0,0.0,120
2023-05-10 10:32:15,PK401C10600,PK401C10600,383.0,0.0,0.0,0.0,1,131.0,396.0,3,383.0,396.0,0.0,0.0,0.0,0.0,120
2023-05-10 10:32:15,PK401C10600,PK401C10600,383.0,0.0,0.0,0.0,10,136.5,396.0,3,383.0,396.0,0.0,0.0,0.0,0.0,120
2023-05-10 10:32:16,PK401C10600,PK401C10600,383.0,0.0,0.0,0.0,1,138.0,396.0,3,383.0,396.0,0.0,0.0,0.0,0.0,120
2023-05-10 10:32:16,PK401C10600,PK401C10600,383.0,0.0,0.0,0.0,1,144.5,396.0,3,383.0,396.0,0.0,0.0,0.0,0.0,120
2023-05-10 10:32:17,PK401C10600,PK401C10600,383.0,0.0,0.0,0.0,10,146.5,396.0,3,383.0,396.0,0.0,0.0,0.0,0.0,120
2023-05-10 10:32:17,PK401C10600,PK401C10600,383.0,0.0,0.0,0.0,1,150.0,396.0,3,383.0,396.0,0.0,0.0,0.0,0.0,120
2023-05-10 10:32:18,PK401C10600,PK401C10600,383.0,0.0,0.0,0.0,10,150.5,396.0,3,383.0,396.0,0.0,0.0,0.0,0.0,120
2023-05-10 10:32:19,PK401C10600,PK401C10600,383.0,0.0,0.0,0.0,1,154.0,396.0,3,383.0,396.0,0.0,0.0,0.0,0.0,120
2023-05-10 10:32:19,PK401C10600,PK401C10600,383.0,0.0,0.0,0.0,1,155.5,396.0,3,383.0,396.0,0.0,0.0,0.0,0.0,120
2023-05-10 10:32:20,PK401C10600,PK401C10600,383.0,0.0,0.0,0.0,1,162.0,396.0,3,383.0,396.0,0.0,0.0,0.0,0.0,120
2023-05-10 10:32:20,PK401C10600,PK401C10600,383.0,0.0,0.0,0.0,10,162.5,396.0,3,383.0,396.0,0.0,0.0,0.0,0.0,120
2023-05-10 10:32:21,PK401C10600,PK401C10600,383.0,0.0,0.0,0.0,1,164.0,396.0,3,383.0,396.0,0.0,0.0,0.0,0.0,120
2023-05-10 10:32:21,PK401C10600,PK401C10600,383.0,0.0,0.0,0.0,10,169.5,396.0,3,383.0,396.0,0.0,0.0,0.0,0.0,120
2023-05-10 10:32:22,PK401C10600,PK401C10600,383.0,0.0,0.0,0.0,1,176.0,396.0,3,383.0,396.0,0.0,0.0,0.0,0.0,120
2023-05-10 10:32:22,PK401C10600,PK401C10600,383.0,0.0,0.0,0.0,10,176.5,396.0,3,383.0,396.0,0.0,0.0,0.0,0.0,120
2023-05-10 10:32:23,PK401C10600,PK401C10600,383.0,0.0,0.0,0.0,1,178.0,396.0,3,383.0,396.0,0.0,0.0,0.0,0.0,120
2023-05-10 10:32:23,PK401C10600,PK401C10600,383.0,0.0,0.0,0.0,1,183.0,396.0,3,383.0,396.0,0.0,0.0,0.0,0.0,120
2023-05-10 10:32:24,PK401C10600,PK401C10600,383.0,0.0,0.0,0.0,10,185.0,396.0,3,383.0,396.0,0.0,0.0,0.0,0.0,120
2023-05-10 10:32:25,PK401C10600,PK401C10600,383.0,0.0,0.0,0.0,1,191.5,396.0,3,383.0,396.0,0.0,0.0,0.0,0.0,120
2023-05-10 10:32:25,PK401C10600,PK401C10600,383.0,0.0,0.0,0.0,1,193.0,396.0,3,383.0,396.0,0.0,0.0,0.0,0.0,120
2023-05-10 10:32:26,PK401C10600,PK401C10600,383.0,0.0,0.0,0.0,1,199.5,396.0,3,383.0,396.0,0.0,0.0,0.0,0.0,120
2023-05-10 10:32:26,PK401C10600,PK401C10600,383.0,0.0,0.0,0.0,10,200.0,396.0,3,383.0,396.0,0.0,0.0,0.0,0.0,120
2023-05-10 10:32:27,PK401C10600,PK401C10600,383.0,0.0,0.0,0.0,1,206.5,396.0,3,383.0,396.0,0.0,0.0,0.0,0.0,120
2023-05-10 10:36:11,PK401C10600,PK401C10600,383.0,0.0,0.0,0.0,10,207.0,396.0,3,383.0,396.0,0.0,0.0,0.0,0.0,120
2023-05-10 10:36:13,PK401C10600,PK401C10600,383.0,0.0,0.0,0.0,1,213.5,396.0,3,383.0,396.0,0.0,0.0,0.0,0.0,120
2023-05-10 10:36:13,PK401C10600,PK401C10600,383.0,0.0,0.0,0.0,10,214.0,396.0,3,383.0,396.0,0.0,0.0,0.0,0.0,120
2023-05-10 10:36:14,PK401C10600,PK401C10600,383.0,0.0,0.0,0.0,1,220.5,396.0,3,383.0,396.0,0.0,0.0,0.0,0.0,120
2023-05-10 10:36:14,PK401C10600,PK401C10600,383.0,0.0,0.0,0.0,10,221.0,396.0,3,383.0,396.0,0.0,0.0,0.0,0.0,120
2023-05-10 10:36:15,PK401C10600,PK401C10600,383.0,0.0,0.0,0.0,1,227.5,396.0,3,383.0,396.0,0.0,0.0,0.0,0.0,120
2023-05-10 10:36:15,PK401C10600,PK401C10600,383.0,0.0,0.0,0.0,10,228.0,396.0,3,383.0,396.0,0.0,0.0,0.0,0.0,120
2023-05-10 10:36:16,PK401C10600,PK401C10600,383.0,0.0,0.0,0.0,1,234.5,396.0,3,383.0,396.0,0.0,0.0,0.0,0.0,120
2023-05-10 10:36:16,PK401C10600,PK401C10600,383.0,0.0,0.0,0.0,10,235.0,396.0,3,383.0,396.0,0.0,0.0,0.0,0.0,120
2023-05-10 10:36:17,PK401C10600,PK401C10600,383.0,0.0,0.0,0.0,1,241.5,396.0,3,383.0,396.0,0.0,0.0,0.0,0.0,120
2023-05-10 10:36:17,PK401C10600,PK401C10600,383.0,0.0,0.0,0.0,10,242.0,396.0,3,383.0,396.0,0.0,0.0,0.0,0.0,120
2023-05-10 10:36:18,PK401C10600,PK401C10600,383.0,0.0,0.0,0.0,1,245.5,396.0,3,383.0,396.0,0.0,0.0,0.0,0.0,120
2023-05-10 10:36:18,PK401C10600,PK401C10600,383.0,0.0,0.0,0.0,10,246.0,396.0,3,383.0,396.0,0.0,0.0,0.0,0.0,120
2023-05-10 10:36:19,PK401C10600,PK401C10600,383.0,0.0,0.0,0.0,1,246.5,396.0,3,383.0,396.0,0.0,0.0,0.0,0.0,120
2023-05-10 10:36:19,PK401C10600,PK401C10600,383.0,0.0,0.0,0.0,10,247.0,396.0,3,383.0,396.0,0.0,0.0,0.0,0.0,120
2023-05-10 10:36:20,PK401C10600,PK401C10600,383.0,0.0,0.0,0.0,1,247.5,396.0,3,383.0,396.0,0.0,0.0,0.0,0.0,120
2023-05-10 10:36:21,PK401C10600,PK401C10600,383.0,0.0,0.0,0.0,10,248.0,396.0,3,383.0,396.0,0.0,0.0,0.0,0.0,120
2023-05-10 10:36:22,PK401C10600,PK401C10600,383.0,0.0,0.0,0.0,1,248.5,396.0,3,383.0,396.0,0.0,0.0,0.0,0.0,120
2023-05-10 10:36:22,PK401C10600,PK401C10600,383.0,0.0,0.0,0.0,10,249.0,396.0,3,383.0,396.0,0.0,0.0,0.0,0.0,120
2023-05-10 10:40:53,PK401C10600,PK401C10600,383.0,0.0,0.0,0.0,3,382.5,396.0,3,383.0,396.0,0.0,0.0,0.0,0.0,120
2023-05-10 10:40:54,PK401C10600,PK401C10600,383.0,0.0,0.0,0.0,6,382.5,396.0,6,383.0,396.0,0.0,0.0,0.0,0.0,120
2023-05-10 10:40:57,PK401C10600,PK401C10600,383.0,0.0,0.0,0.0,9,382.5,396.0,9,383.0,396.0,0.0,0.0,0.0,0.0,120
2023-05-10 10:40:58,PK401C10600,PK401C10600,396.0,3.0,1188.0,3.0,9,382.5,396.0,6,383.0,396.0,396.0,396.0,3.0,1188.0,123
2023-05-10 10:41:00,PK401C10600,PK401C10600,396.0,0.0,0.0,0.0,12,382.5,396.0,9,383.0,396.0,396.0,396.0,3.0,1188.0,123
2023-05-10 10:41:02,PK401C10600,PK401C10600,396.0,0.0,0.0,0.0,3,389.0,396.0,9,383.0,396.0,396.0,396.0,3.0,1188.0,123
2023-05-10 10:41:02,PK401C10600,PK401C10600,396.0,0.0,0.0,0.0,9,389.0,396.0,6,383.0,396.0,396.0,396.0,3.0,1188.0,123
2023-05-10 10:41:03,PK401C10600,PK401C10600,396.0,0.0,0.0,0.0,15,389.0,396.0,12,383.0,396.0,396.0,396.0,3.0,1188.0,123
2023-05-10 10:41:06,PK401C10600,PK401C10600,396.0,0.0,0.0,0.0,18,389.0,396.0,15,383.0,396.0,396.0,396.0,3.0,1188.0,123
2023-05-10 10:41:08,PK401C10600,PK401C10600,396.0,0.0,0.0,0.0,21,389.0,396.0,18,383.0,396.0,396.0,396.0,3.0,1188.0,123
2023-05-10 10:41:11,PK401C10600,PK401C10600,396.0,0.0,0.0,0.0,21,389.0,396.0,15,383.0,396.0,396.0,396.0,3.0,1188.0,123
2023-05-10 10:41:13,PK401C10600,PK401C10600,396.0,0.0,0.0,0.0,18,389.0,396.0,15,383.0,396.0,396.0,396.0,3.0,1188.0,123
2023-05-10 10:41:13,PK401C10600,PK401C10600,396.0,0.0,0.0,0.0,15,389.0,396.0,15,383.0,396.0,396.0,396.0,3.0,1188.0,123
2023-05-10 10:41:15,PK401C10600,PK401C10600,396.0,0.0,0.0,0.0,12,389.0,396.0,12,383.0,396.0,396.0,396.0,3.0,1188.0,123
2023-05-10 10:41:15,PK401C10600,PK401C10600,396.0,0.0,0.0,0.0,9,389.0,396.0,9,383.0,396.0,396.0,396.0,3.0,1188.0,123
2023-05-10 10:41:16,PK401C10600,PK401C10600,396.0,0.0,0.0,0.0,6,389.0,396.0,6,383.0,396.0,396.0,396.0,3.0,1188.0,123
2023-05-10 10:41:16,PK401C10600,PK401C10600,396.0,0.0,0.0,0.0,3,389.0,396.0,3,383.0,396.0,396.0,396.0,3.0,1188.0,123
2023-05-10 10:41:18,PK401C10600,PK401C10600,396.0,0.0,0.0,0.0,1,79.0,0.0,0,383.0,396.0,396.0,396.0,3.0,1188.0,123
2023-05-10 10:41:19,PK401C10600,PK401C10600,396.0,0.0,0.0,0.0,1,85.5,0.0,0,383.0,396.0,396.0,396.0,3.0,1188.0,123
2023-05-10 10:41:19,PK401C10600,PK401C10600,396.0,0.0,0.0,0.0,10,87.5,1089.0,10,383.0,396.0,396.0,396.0,3.0,1188.0,123
2023-05-10 10:41:20,PK401C10600,PK401C10600,396.0,0.0,0.0,0.0,1,94.0,1089.0,10,383.0,396.0,396.0,396.0,3.0,1188.0,123
2023-05-10 10:41:21,PK401C10600,PK401C10600,396.0,0.0,0.0,0.0,10,94.5,1089.0,10,383.0,396.0,396.0,396.0,3.0,1188.0,123
2023-05-10 10:41:21,PK401C10600,PK401C10600,396.0,0.0,0.0,0.0,1,96.0,1087.5,1,383.0,396.0,396.0,396.0,3.0,1188.0,123
2023-05-10 10:41:21,PK401C10600,PK401C10600,396.0,0.0,0.0,0.0,1,101.0,1087.0,10,383.0,396.0,396.0,396.0,3.0,1188.0,123
2023-05-10 10:41:23,PK401C10600,PK401C10600,396.0,0.0,0.0,0.0,10,103.0,1085.5,1,383.0,396.0,396.0,396.0,3.0,1188.0,123
2023-05-10 10:41:23,PK401C10600,PK401C10600,396.0,0.0,0.0,0.0,1,104.5,1085.0,10,383.0,396.0,396.0,396.0,3.0,1188.0,123
2023-05-10 10:41:24,PK401C10600,PK401C10600,396.0,0.0,0.0,0.0,10,110.0,1083.5,1,383.0,396.0,396.0,396.0,3.0,1188.0,123
2023-05-10 10:41:25,PK401C10600,PK401C10600,396.0,0.0,0.0,0.0,1,111.5,1083.0,10,383.0,396.0,396.0,396.0,3.0,1188.0,123
2023-05-10 10:41:25,PK401C10600,PK401C10600,396.0,0.0,0.0,0.0,1,118.0,1081.5,1,383.0,396.0,396.0,396.0,3.0,1188.0,123
2023-05-10 10:41:25,PK401C10600,PK401C10600,396.0,0.0,0.0,0.0,1,119.5,1081.0,10,383.0,396.0,396.0,396.0,3.0,1188.0,123
2023-05-10 10:41:26,PK401C10600,PK401C10600,396.0,0.0,0.0,0.0,1,126.0,1079.5,1,383.0,396.0,396.0,396.0,3.0,1188.0,123
2023-05-10 10:41:27,PK401C10600,PK401C10600,396.0,0.0,0.0,0.0,1,127.5,1079.0,10,383.0,396.0,396.0,396.0,3.0,1188.0,123
2023-05-10 10:41:27,PK401C10600,PK401C10600,396.0,0.0,0.0,0.0,1,134.0,1077.5,1,383.0,396.0,396.0,396.0,3.0,1188.0,123
2023-05-10 10:41:28,PK401C10600,PK401C10600,396.0,0.0,0.0,0.0,10,136.0,1077.0,10,383.0,396.0,396.0,396.0,3.0,1188.0,123
2023-05-10 10:41:28,PK401C10600,PK401C10600,396.0,0.0,0.0,0.0,1,142.5,1075.5,1,383.0,396.0,396.0,396.0,3.0,1188.0,123
2023-05-10 10:41:29,PK401C10600,PK401C10600,396.0,0.0,0.0,0.0,10,143.0,1075.0,10,383.0,396.0,396.0,396.0,3.0,1188.0,123
2023-05-10 10:41:29,PK401C10600,PK401C10600,396.0,0.0,0.0,0.0,1,149.5,1073.5,1,383.0,396.0,396.0,396.0,3.0,1188.0,123
2023-05-10 10:41:29,PK401C10600,PK401C10600,396.0,0.0,0.0,0.0,1,149.5,1073.0,10,383.0,396.0,396.0,396.0,3.0,1188.0,123
2023-05-10 10:41:30,PK401C10600,PK401C10600,396.0,0.0,0.0,0.0,10,151.5,1071.5,1,383.0,396.0,396.0,396.0,3.0,1188.0,123
2023-05-10 10:41:30,PK401C10600,PK401C10600,396.0,0.0,0.0,0.0,1,153.0,1071.0,10,383.0,396.0,396.0,396.0,3.0,1188.0,123
2023-05-10 10:41:31,PK401C10600,PK401C10600,396.0,0.0,0.0,0.0,1,158.0,1069.5,1,383.0,396.0,396.0,396.0,3.0,1188.0,123
2023-05-10 10:41:31,PK401C10600,PK401C10600,396.0,0.0,0.0,0.0,1,159.5,1069.0,10,383.0,396.0,396.0,396.0,3.0,1188.0,123
2023-05-10 10:41:32,PK401C10600,PK401C10600,396.0,0.0,0.0,0.0,1,166.0,1067.5,1,383.0,396.0,396.0,396.0,3.0,1188.0,123
2023-05-10 10:41:32,PK401C10600,PK401C10600,396.0,0.0,0.0,0.0,1,167.5,1067.0,10,383.0,396.0,396.0,396.0,3.0,1188.0,123
2023-05-10 10:41:33,PK401C10600,PK401C10600,396.0,0.0,0.0,0.0,1,174.0,1065.5,1,383.0,396.0,396.0,396.0,3.0,1188.0,123
2023-05-10 10:41:34,PK401C10600,PK401C10600,396.0,0.0,0.0,0.0,10,176.0,1065.0,10,383.0,396.0,396.0,396.0,3.0,1188.0,123
2023-05-10 10:41:34,PK401C10600,PK401C10600,396.0,0.0,0.0,0.0,1,182.5,1063.5,1,383.0,396.0,396.0,396.0,3.0,1188.0,123
2023-05-10 10:41:35,PK401C10600,PK401C10600,396.0,0.0,0.0,0.0,10,183.0,1063.0,10,383.0,396.0,396.0,396.0,3.0,1188.0,123
2023-05-10 10:41:35,PK401C10600,PK401C10600,396.0,0.0,0.0,0.0,10,183.0,1061.5,1,383.0,396.0,396.0,396.0,3.0,1188.0,123
2023-05-10 10:41:35,PK401C10600,PK401C10600,396.0,0.0,0.0,0.0,1,189.5,1061.5,1,383.0,396.0,396.0,396.0,3.0,1188.0,123
2023-05-10 10:41:36,PK401C10600,PK401C10600,396.0,0.0,0.0,0.0,10,190.0,1061.0,10,383.0,396.0,396.0,396.0,3.0,1188.0,123
2023-05-10 10:41:37,PK401C10600,PK401C10600,396.0,0.0,0.0,0.0,1,196.5,1059.5,1,383.0,396.0,396.0,396.0,3.0,1188.0,123
2023-05-10 10:41:37,PK401C10600,PK401C10600,396.0,0.0,0.0,0.0,1,198.0,1059.0,10,383.0,396.0,396.0,396.0,3.0,1188.0,123
2023-05-10 10:41:37,PK401C10600,PK401C10600,396.0,0.0,0.0,0.0,10,198.5,1057.5,1,383.0,396.0,396.0,396.0,3.0,1188.0,123
2023-05-10 10:41:38,PK401C10600,PK401C10600,396.0,0.0,0.0,0.0,1,204.5,1057.5,1,383.0,396.0,396.0,396.0,3.0,1188.0,123
2023-05-10 10:41:38,PK401C10600,PK401C10600,396.0,0.0,0.0,0.0,10,205.0,1057.0,10,383.0,396.0,396.0,396.0,3.0,1188.0,123
2023-05-10 10:41:39,PK401C10600,PK401C10600,396.0,0.0,0.0,0.0,1,211.5,1055.5,1,383.0,396.0,396.0,396.0,3.0,1188.0,123
2023-05-10 10:41:40,PK401C10600,PK401C10600,396.0,0.0,0.0,0.0,10,212.0,1055.0,10,383.0,396.0,396.0,396.0,3.0,1188.0,123
2023-05-10 10:41:40,PK401C10600,PK401C10600,396.0,0.0,0.0,0.0,1,218.5,1053.5,1,383.0,396.0,396.0,396.0,3.0,1188.0,123
2023-05-10 10:42:36,PK401C10600,PK401C10600,396.0,0.0,0.0,0.0,10,219.0,1053.0,10,383.0,396.0,396.0,396.0,3.0,1188.0,123
2023-05-10 10:42:37,PK401C10600,PK401C10600,396.0,0.0,0.0,0.0,10,219.0,1051.5,1,383.0,396.0,396.0,396.0,3.0,1188.0,123
2023-05-10 10:42:37,PK401C10600,PK401C10600,396.0,0.0,0.0,0.0,1,225.5,1051.0,10,383.0,396.0,396.0,396.0,3.0,1188.0,123
2023-05-10 10:42:38,PK401C10600,PK401C10600,396.0,0.0,0.0,0.0,10,226.0,1049.5,1,383.0,396.0,396.0,396.0,3.0,1188.0,123
2023-05-10 10:42:38,PK401C10600,PK401C10600,396.0,0.0,0.0,0.0,1,232.5,1049.0,10,383.0,396.0,396.0,396.0,3.0,1188.0,123
2023-05-10 10:42:39,PK401C10600,PK401C10600,396.0,0.0,0.0,0.0,10,233.0,1049.0,10,383.0,396.0,396.0,396.0,3.0,1188.0,123
2023-05-10 10:42:39,PK401C10600,PK401C10600,396.0,0.0,0.0,0.0,10,233.0,1047.5,1,383.0,396.0,396.0,396.0,3.0,1188.0,123
2023-05-10 10:42:39,PK401C10600,PK401C10600,396.0,0.0,0.0,0.0,1,239.5,1047.0,10,383.0,396.0,396.0,396.0,3.0,1188.0,123
2023-05-10 10:42:40,PK401C10600,PK401C10600,396.0,0.0,0.0,0.0,10,240.0,1045.5,1,383.0,396.0,396.0,396.0,3.0,1188.0,123
2023-05-10 10:42:40,PK401C10600,PK401C10600,396.0,0.0,0.0,0.0,10,240.0,1045.0,10,383.0,396.0,396.0,396.0,3.0,1188.0,123
2023-05-10 10:42:41,PK401C10600,PK401C10600,396.0,0.0,0.0,0.0,1,243.5,1045.0,10,383.0,396.0,396.0,396.0,3.0,1188.0,123
2023-05-10 10:42:41,PK401C10600,PK401C10600,396.0,0.0,0.0,0.0,10,244.0,1043.5,1,383.0,396.0,396.0,396.0,3.0,1188.0,123
2023-05-10 10:42:42,PK401C10600,PK401C10600,396.0,0.0,0.0,0.0,10,244.0,1043.0,10,383.0,396.0,396.0,396.0,3.0,1188.0,123
2023-05-10 10:42:42,PK401C10600,PK401C10600,396.0,0.0,0.0,0.0,1,244.5,1041.5,1,383.0,396.0,396.0,396.0,3.0,1188.0,123
2023-05-10 10:43:51,PK401C10600,PK401C10600,396.0,0.0,0.0,0.0,10,245.0,1041.0,10,383.0,396.0,396.0,396.0,3.0,1188.0,123
2023-05-10 10:43:52,PK401C10600,PK401C10600,396.0,0.0,0.0,0.0,10,245.0,1039.5,1,383.0,396.0,396.0,396.0,3.0,1188.0,123
2023-05-10 10:43:52,PK401C10600,PK401C10600,396.0,0.0,0.0,0.0,1,245.5,1039.0,10,383.0,396.0,396.0,396.0,3.0,1188.0,123
2023-05-10 10:43:53,PK401C10600,PK401C10600,396.0,0.0,0.0,0.0,10,246.0,1039.0,10,383.0,396.0,396.0,396.0,3.0,1188.0,123
2023-05-10 10:43:53,PK401C10600,PK401C10600,396.0,0.0,0.0,0.0,1,246.5,1037.5,1,383.0,396.0,396.0,396.0,3.0,1188.0,123
2023-05-10 10:43:54,PK401C10600,PK401C10600,396.0,0.0,0.0,0.0,10,247.0,1037.0,10,383.0,396.0,396.0,396.0,3.0,1188.0,123
2023-05-10 10:43:54,PK401C10600,PK401C10600,396.0,0.0,0.0,0.0,1,247.5,1035.5,1,383.0,396.0,396.0,396.0,3.0,1188.0,123
2023-05-10 10:43:54,PK401C10600,PK401C10600,396.0,0.0,0.0,0.0,10,248.0,1035.0,10,383.0,396.0,396.0,396.0,3.0,1188.0,123
2023-05-10 10:43:55,PK401C10600,PK401C10600,396.0,0.0,0.0,0.0,10,248.0,1033.5,1,383.0,396.0,396.0,396.0,3.0,1188.0,123
2023-05-10 10:43:56,PK401C10600,PK401C10600,396.0,0.0,0.0,0.0,1,248.5,1033.0,10,383.0,396.0,396.0,396.0,3.0,1188.0,123
2023-05-10 10:43:56,PK401C10600,PK401C10600,396.0,0.0,0.0,0.0,10,249.0,1033.0,10,383.0,396.0,396.0,396.0,3.0,1188.0,123
2023-05-10 10:43:57,PK401C10600,PK401C10600,396.0,0.0,0.0,0.0,10,249.0,1031.5,1,383.0,396.0,396.0,396.0,3.0,1188.0,123
2023-05-10 10:44:18,PK401C10600,PK401C10600,396.0,0.0,0.0,0.0,10,249.0,1031.0,10,383.0,396.0,396.0,396.0,3.0,1188.0,123
2023-05-10 10:44:18,PK401C10600,PK401C10600,396.0,0.0,0.0,0.0,10,249.0,1029.5,1,383.0,396.0,396.0,396.0,3.0,1188.0,123
2023-05-10 10:44:18,PK401C10600,PK401C10600,396.0,0.0,0.0,0.0,10,249.0,1029.0,10,383.0,396.0,396.0,396.0,3.0,1188.0,123
2023-05-10 10:44:21,PK401C10600,PK401C10600,396.0,0.0,0.0,0.0,10,249.0,1027.5,1,383.0,396.0,396.0,396.0,3.0,1188.0,123
2023-05-10 10:48:23,PK401C10600,PK401C10600,396.0,0.0,0.0,0.0,10,249.0,1027.0,10,383.0,396.0,396.0,396.0,3.0,1188.0,123
2023-05-10 10:48:23,PK401C10600,PK401C10600,396.0,0.0,0.0,0.0,10,249.0,1025.5,1,383.0,396.0,396.0,396.0,3.0,1188.0,123
2023-05-10 10:48:23,PK401C10600,PK401C10600,396.0,0.0,0.0,0.0,10,249.0,1025.0,10,383.0,396.0,396.0,396.0,3.0,1188.0,123
2023-05-10 10:48:24,PK401C10600,PK401C10600,396.0,0.0,0.0,0.0,10,249.0,1023.5,1,383.0,396.0,396.0,396.0,3.0,1188.0,123
2023-05-10 10:48:24,PK401C10600,PK401C10600,396.0,0.0,0.0,0.0,10,249.0,1023.0,10,383.0,396.0,396.0,396.0,3.0,1188.0,123
2023-05-10 10:48:26,PK401C10600,PK401C10600,396.0,0.0,0.0,0.0,10,249.0,1021.5,1,383.0,396.0,396.0,396.0,3.0,1188.0,123
2023-05-10 10:49:00,PK401C10600,PK401C10600,396.0,0.0,0.0,0.0,10,249.0,1021.0,10,383.0,396.0,396.0,396.0,3.0,1188.0,123
2023-05-10 10:49:01,PK401C10600,PK401C10600,396.0,0.0,0.0,0.0,10,249.0,1019.5,1,383.0,396.0,396.0,396.0,3.0,1188.0,123
2023-05-10 10:49:01,PK401C10600,PK401C10600,396.0,0.0,0.0,0.0,10,249.0,1019.0,10,383.0,396.0,396.0,396.0,3.0,1188.0,123
2023-05-10 10:49:02,PK401C10600,PK401C10600,396.0,0.0,0.0,0.0,10,249.0,1017.5,1,383.0,396.0,396.0,396.0,3.0,1188.0,123
2023-05-10 10:49:11,PK401C10600,PK401C10600,396.0,0.0,0.0,0.0,10,249.0,1017.0,10,383.0,396.0,396.0,396.0,3.0,1188.0,123
2023-05-10 10:49:12,PK401C10600,PK401C10600,396.0,0.0,0.0,0.0,10,249.0,1015.5,1,383.0,396.0,396.0,396.0,3.0,1188.0,123
2023-05-10 10:49:13,PK401C10600,PK401C10600,396.0,0.0,0.0,0.0,10,249.0,1015.0,10,383.0,396.0,396.0,396.0,3.0,1188.0,123
2023-05-10 10:49:14,PK401C10600,PK401C10600,396.0,0.0,0.0,0.0,10,249.0,1013.5,1,383.0,396.0,396.0,396.0,3.0,1188.0,123
2023-05-10 10:49:15,PK401C10600,PK401C10600,396.0,0.0,0.0,0.0,10,249.0,1013.0,10,383.0,396.0,396.0,396.0,3.0,1188.0,123
2023-05-10 10:49:16,PK401C10600,PK401C10600,396.0,0.0,0.0,0.0,10,249.0,1011.5,1,383.0,396.0,396.0,396.0,3.0,1188.0,123
2023-05-10 10:49:17,PK401C10600,PK401C10600,396.0,0.0,0.0,0.0,10,249.0,1011.0,10,383.0,396.0,396.0,396.0,3.0,1188.0,123
2023-05-10 10:49:17,PK401C10600,PK401C10600,396.0,0.0,0.0,0.0,10,249.0,1009.5,1,383.0,396.0,396.0,396.0,3.0,1188.0,123
2023-05-10 10:49:17,PK401C10600,PK401C10600,396.0,0.0,0.0,0.0,10,249.0,1011.0,10,383.0,396.0,396.0,396.0,3.0,1188.0,123
2023-05-10 10:49:18,PK401C10600,PK401C10600,396.0,0.0,0.0,0.0,10,249.0,1009.0,10,383.0,396.0,396.0,396.0,3.0,1188.0,123
2023-05-10 10:49:19,PK401C10600,PK401C10600,396.0,0.0,0.0,0.0,10,249.0,1007.5,1,383.0,396.0,396.0,396.0,3.0,1188.0,123
2023-05-10 10:50:45,PK401C10600,PK401C10600,396.0,0.0,0.0,0.0,10,249.0,1006.5,10,383.0,396.0,396.0,396.0,3.0,1188.0,123
2023-05-10 10:50:45,PK401C10600,PK401C10600,396.0,0.0,0.0,0.0,10,249.0,1005.0,1,383.0,396.0,396.0,396.0,3.0,1188.0,123
2023-05-10 10:50:45,PK401C10600,PK401C10600,396.0,0.0,0.0,0.0,10,249.0,1004.5,10,383.0,396.0,396.0,396.0,3.0,1188.0,123
2023-05-10 10:50:46,PK401C10600,PK401C10600,396.0,0.0,0.0,0.0,10,249.0,1003.0,1,383.0,396.0,396.0,396.0,3.0,1188.0,123
2023-05-10 10:53:05,PK401C10600,PK401C10600,396.0,0.0,0.0,0.0,10,249.0,1002.5,10,383.0,396.0,396.0,396.0,3.0,1188.0,123
2023-05-10 10:53:05,PK401C10600,PK401C10600,396.0,0.0,0.0,0.0,10,249.0,1001.0,1,383.0,396.0,396.0,396.0,3.0,1188.0,123
2023-05-10 10:53:06,PK401C10600,PK401C10600,396.0,0.0,0.0,0.0,10,249.0,1000.5,10,383.0,396.0,396.0,396.0,3.0,1188.0,123
2023-05-10 10:53:08,PK401C10600,PK401C10600,396.0,0.0,0.0,0.0,10,249.0,999.0,1,383.0,396.0,396.0,396.0,3.0,1188.0,123
2023-05-10 10:53:09,PK401C10600,PK401C10600,396.0,0.0,0.0,0.0,10,249.0,998.5,10,383.0,396.0,396.0,396.0,3.0,1188.0,123
2023-05-10 10:53:10,PK401C10600,PK401C10600,396.0,0.0,0.0,0.0,10,249.0,997.0,1,383.0,396.0,396.0,396.0,3.0,1188.0,123
2023-05-10 10:53:11,PK401C10600,PK401C10600,396.0,0.0,0.0,0.0,10,249.0,996.5,10,383.0,396.0,396.0,396.0,3.0,1188.0,123
2023-05-10 10:53:11,PK401C10600,PK401C10600,396.0,0.0,0.0,0.0,10,249.0,995.0,1,383.0,396.0,396.0,396.0,3.0,1188.0,123
2023-05-10 10:53:31,PK401C10600,PK401C10600,396.0,0.0,0.0,0.0,10,249.0,994.5,10,383.0,396.0,396.0,396.0,3.0,1188.0,123
2023-05-10 10:53:31,PK401C10600,PK401C10600,396.0,0.0,0.0,0.0,10,249.0,993.0,1,383.0,396.0,396.0,396.0,3.0,1188.0,123
2023-05-10 10:53:32,PK401C10600,PK401C10600,396.0,0.0,0.0,0.0,10,249.0,992.5,10,383.0,396.0,396.0,396.0,3.0,1188.0,123
2023-05-10 10:53:32,PK401C10600,PK401C10600,396.0,0.0,0.0,0.0,10,249.0,991.0,1,383.0,396.0,396.0,396.0,3.0,1188.0,123
2023-05-10 10:53:33,PK401C10600,PK401C10600,396.0,0.0,0.0,0.0,10,249.0,990.5,10,383.0,396.0,396.0,396.0,3.0,1188.0,123
2023-05-10 10:53:34,PK401C10600,PK401C10600,396.0,0.0,0.0,0.0,10,249.0,989.0,1,383.0,396.0,396.0,396.0,3.0,1188.0,123
2023-05-10 10:53:35,PK401C10600,PK401C10600,396.0,0.0,0.0,0.0,10,249.0,988.5,10,383.0,396.0,396.0,396.0,3.0,1188.0,123
2023-05-10 10:53:35,PK401C10600,PK401C10600,396.0,0.0,0.0,0.0,10,249.0,987.0,1,383.0,396.0,396.0,396.0,3.0,1188.0,123
2023-05-10 10:53:36,PK401C10600,PK401C10600,396.0,0.0,0.0,0.0,10,249.0,986.5,10,383.0,396.0,396.0,396.0,3.0,1188.0,123
2023-05-10 10:53:36,PK401C10600,PK401C10600,396.0,0.0,0.0,0.0,10,249.0,985.0,1,383.0,396.0,396.0,396.0,3.0,1188.0,123
2023-05-10 10:53:37,PK401C10600,PK401C10600,396.0,0.0,0.0,0.0,10,249.0,984.5,10,383.0,396.0,396.0,396.0,3.0,1188.0,123
2023-05-10 10:53:37,PK401C10600,PK401C10600,396.0,0.0,0.0,0.0,10,249.0,983.0,1,383.0,396.0,396.0,396.0,3.0,1188.0,123
2023-05-10 10:53:38,PK401C10600,PK401C10600,396.0,0.0,0.0,0.0,10,249.0,982.5,10,383.0,396.0,396.0,396.0,3.0,1188.0,123
2023-05-10 10:53:38,PK401C10600,PK401C10600,396.0,0.0,0.0,0.0,10,249.0,981.0,1,383.0,396.0,396.0,396.0,3.0,1188.0,123
2023-05-10 10:53:39,PK401C10600,PK401C10600,396.0,0.0,0.0,0.0,10,249.0,980.5,10,383.0,396.0,396.0,396.0,3.0,1188.0,123
2023-05-10 10:53:39,PK401C10600,PK401C10600,396.0,0.0,0.0,0.0,10,249.0,979.0,1,383.0,396.0,396.0,396.0,3.0,1188.0,123
2023-05-10 10:53:40,PK401C10600,PK401C10600,396.0,0.0,0.0,0.0,10,249.0,978.5,10,383.0,396.0,396.0,396.0,3.0,1188.0,123
2023-05-10 10:53:40,PK401C10600,PK401C10600,396.0,0.0,0.0,0.0,10,249.0,977.0,1,383.0,396.0,396.0,396.0,3.0,1188.0,123
2023-05-10 10:53:41,PK401C10600,PK401C10600,396.0,0.0,0.0,0.0,10,249.0,976.5,10,383.0,396.0,396.0,396.0,3.0,1188.0,123
2023-05-10 10:53:41,PK401C10600,PK401C10600,396.0,0.0,0.0,0.0,10,249.0,975.0,1,383.0,396.0,396.0,396.0,3.0,1188.0,123
2023-05-10 10:54:10,PK401C10600,PK401C10600,396.0,0.0,0.0,0.0,10,249.0,974.5,10,383.0,396.0,396.0,396.0,3.0,1188.0,123
2023-05-10 10:54:11,PK401C10600,PK401C10600,396.0,0.0,0.0,0.0,10,249.0,973.0,1,383.0,396.0,396.0,396.0,3.0,1188.0,123
2023-05-10 10:54:11,PK401C10600,PK401C10600,396.0,0.0,0.0,0.0,10,249.0,972.5,10,383.0,396.0,396.0,396.0,3.0,1188.0,123
2023-05-10 10:54:12,PK401C10600,PK401C10600,396.0,0.0,0.0,0.0,10,249.0,971.0,1,383.0,396.0,396.0,396.0,3.0,1188.0,123
2023-05-10 10:54:12,PK401C10600,PK401C10600,396.0,0.0,0.0,0.0,10,249.0,970.5,10,383.0,396.0,396.0,396.0,3.0,1188.0,123
2023-05-10 10:54:14,PK401C10600,PK401C10600,396.0,0.0,0.0,0.0,10,249.0,969.0,1,383.0,396.0,396.0,396.0,3.0,1188.0,123
2023-05-10 10:54:14,PK401C10600,PK401C10600,396.0,0.0,0.0,0.0,10,249.0,968.5,10,383.0,396.0,396.0,396.0,3.0,1188.0,123
2023-05-10 10:54:15,PK401C10600,PK401C10600,396.0,0.0,0.0,0.0,10,249.0,967.0,1,383.0,396.0,396.0,396.0,3.0,1188.0,123
2023-05-10 10:54:15,PK401C10600,PK401C10600,396.0,0.0,0.0,0.0,10,249.0,966.5,10,383.0,396.0,396.0,396.0,3.0,1188.0,123
2023-05-10 10:54:16,PK401C10600,PK401C10600,396.0,0.0,0.0,0.0,10,249.0,965.0,1,383.0,396.0,396.0,396.0,3.0,1188.0,123
2023-05-10 10:54:16,PK401C10600,PK401C10600,396.0,0.0,0.0,0.0,10,249.0,964.5,10,383.0,396.0,396.0,396.0,3.0,1188.0,123
2023-05-10 10:54:17,PK401C10600,PK401C10600,396.0,0.0,0.0,0.0,10,249.0,963.0,1,383.0,396.0,396.0,396.0,3.0,1188.0,123
2023-05-10 10:54:17,PK401C10600,PK401C10600,396.0,0.0,0.0,0.0,10,249.0,962.5,10,383.0,396.0,396.0,396.0,3.0,1188.0,123
2023-05-10 10:54:18,PK401C10600,PK401C10600,396.0,0.0,0.0,0.0,10,249.0,961.0,1,383.0,396.0,396.0,396.0,3.0,1188.0,123
2023-05-10 10:54:18,PK401C10600,PK401C10600,396.0,0.0,0.0,0.0,10,249.0,960.5,10,383.0,396.0,396.0,396.0,3.0,1188.0,123
2023-05-10 10:54:19,PK401C10600,PK401C10600,396.0,0.0,0.0,0.0,10,249.0,959.0,1,383.0,396.0,396.0,396.0,3.0,1188.0,123
2023-05-10 10:54:19,PK401C10600,PK401C10600,396.0,0.0,0.0,0.0,10,249.0,958.5,10,383.0,396.0,396.0,396.0,3.0,1188.0,123
2023-05-10 10:54:20,PK401C10600,PK401C10600,396.0,0.0,0.0,0.0,10,249.0,957.0,1,383.0,396.0,396.0,396.0,3.0,1188.0,123
2023-05-10 10:54:20,PK401C10600,PK401C10600,396.0,0.0,0.0,0.0,10,249.0,956.5,10,383.0,396.0,396.0,396.0,3.0,1188.0,123
2023-05-10 10:54:21,PK401C10600,PK401C10600,396.0,0.0,0.0,0.0,10,249.0,955.0,1,383.0,396.0,396.0,396.0,3.0,1188.0,123
2023-05-10 10:54:21,PK401C10600,PK401C10600,396.0,0.0,0.0,0.0,10,249.0,954.5,10,383.0,396.0,396.0,396.0,3.0,1188.0,123
2023-05-10 10:54:22,PK401C10600,PK401C10600,396.0,0.0,0.0,0.0,10,249.0,953.0,1,383.0,396.0,396.0,396.0,3.0,1188.0,123
2023-05-10 10:54:39,PK401C10600,PK401C10600,396.0,0.0,0.0,0.0,10,249.0,952.5,10,383.0,396.0,396.0,396.0,3.0,1188.0,123
2023-05-10 10:54:40,PK401C10600,PK401C10600,396.0,0.0,0.0,0.0,10,249.0,951.0,1,383.0,396.0,396.0,396.0,3.0,1188.0,123
2023-05-10 10:55:10,PK401C10600,PK401C10600,396.0,0.0,0.0,0.0,10,249.0,950.5,10,383.0,396.0,396.0,396.0,3.0,1188.0,123
2023-05-10 10:55:10,PK401C10600,PK401C10600,396.0,0.0,0.0,0.0,10,249.0,949.0,1,383.0,396.0,396.0,396.0,3.0,1188.0,123
2023-05-10 10:55:10,PK401C10600,PK401C10600,396.0,0.0,0.0,0.0,10,249.0,948.5,10,383.0,396.0,396.0,396.0,3.0,1188.0,123
2023-05-10 10:55:12,PK401C10600,PK401C10600,396.0,0.0,0.0,0.0,10,249.0,947.0,1,383.0,396.0,396.0,396.0,3.0,1188.0,123
2023-05-10 10:56:00,PK401C10600,PK401C10600,396.0,0.0,0.0,0.0,10,249.0,946.5,10,383.0,396.0,396.0,396.0,3.0,1188.0,123
2023-05-10 10:56:00,PK401C10600,PK401C10600,396.0,0.0,0.0,0.0,10,249.0,945.0,1,383.0,396.0,396.0,396.0,3.0,1188.0,123
2023-05-10 10:56:26,PK401C10600,PK401C10600,396.0,0.0,0.0,0.0,10,249.0,944.5,10,383.0,396.0,396.0,396.0,3.0,1188.0,123
2023-05-10 10:56:26,PK401C10600,PK401C10600,396.0,0.0,0.0,0.0,10,249.0,943.0,1,383.0,396.0,396.0,396.0,3.0,1188.0,123
2023-05-10 10:56:27,PK401C10600,PK401C10600,396.0,0.0,0.0,0.0,10,249.0,942.5,10,383.0,396.0,396.0,396.0,3.0,1188.0,123
2023-05-10 10:56:27,PK401C10600,PK401C10600,396.0,0.0,0.0,0.0,10,249.0,941.0,1,383.0,396.0,396.0,396.0,3.0,1188.0,123
2023-05-10 11:05:12,PK401C10600,PK401C10600,396.0,0.0,0.0,0.0,10,249.0,940.5,10,383.0,396.0,396.0,396.0,3.0,1188.0,123
2023-05-10 11:05:13,PK401C10600,PK401C10600,396.0,0.0,0.0,0.0,10,249.0,939.0,1,383.0,396.0,396.0,396.0,3.0,1188.0,123
2023-05-10 11:06:45,PK401C10600,PK401C10600,396.0,0.0,0.0,0.0,10,249.0,938.5,10,383.0,396.0,396.0,396.0,3.0,1188.0,123
2023-05-10 11:06:45,PK401C10600,PK401C10600,396.0,0.0,0.0,0.0,10,249.0,937.0,1,383.0,396.0,396.0,396.0,3.0,1188.0,123
2023-05-10 11:09:10,PK401C10600,PK401C10600,396.0,0.0,0.0,0.0,10,249.0,936.5,10,383.0,396.0,396.0,396.0,3.0,1188.0,123
2023-05-10 11:09:11,PK401C10600,PK401C10600,396.0,0.0,0.0,0.0,10,249.0,935.0,1,383.0,396.0,396.0,396.0,3.0,1188.0,123
2023-05-10 11:09:11,PK401C10600,PK401C10600,396.0,0.0,0.0,0.0,10,249.0,934.5,10,383.0,396.0,396.0,396.0,3.0,1188.0,123
2023-05-10 11:09:11,PK401C10600,PK401C10600,396.0,0.0,0.0,0.0,10,249.0,933.0,1,383.0,396.0,396.0,396.0,3.0,1188.0,123
2023-05-10 11:09:12,PK401C10600,PK401C10600,396.0,0.0,0.0,0.0,10,249.0,932.5,10,383.0,396.0,396.0,396.0,3.0,1188.0,123
2023-05-10 11:09:13,PK401C10600,PK401C10600,396.0,0.0,0.0,0.0,10,249.0,931.0,1,383.0,396.0,396.0,396.0,3.0,1188.0,123
2023-05-10 11:09:14,PK401C10600,PK401C10600,396.0,0.0,0.0,0.0,10,249.0,930.5,10,383.0,396.0,396.0,396.0,3.0,1188.0,123
2023-05-10 11:09:14,PK401C10600,PK401C10600,396.0,0.0,0.0,0.0,10,249.0,929.0,1,383.0,396.0,396.0,396.0,3.0,1188.0,123
2023-05-10 11:09:15,PK401C10600,PK401C10600,396.0,0.0,0.0,0.0,10,249.0,928.5,10,383.0,396.0,396.0,396.0,3.0,1188.0,123
2023-05-10 11:09:16,PK401C10600,PK401C10600,396.0,0.0,0.0,0.0,10,249.0,927.0,1,383.0,396.0,396.0,396.0,3.0,1188.0,123
2023-05-10 11:09:16,PK401C10600,PK401C10600,396.0,0.0,0.0,0.0,10,249.0,926.5,10,383.0,396.0,396.0,396.0,3.0,1188.0,123
2023-05-10 11:09:16,PK401C10600,PK401C10600,396.0,0.0,0.0,0.0,10,249.0,925.0,1,383.0,396.0,396.0,396.0,3.0,1188.0,123
2023-05-10 11:09:17,PK401C10600,PK401C10600,396.0,0.0,0.0,0.0,10,249.0,924.5,10,383.0,396.0,396.0,396.0,3.0,1188.0,123
2023-05-10 11:09:17,PK401C10600,PK401C10600,396.0,0.0,0.0,0.0,10,249.0,923.0,1,383.0,396.0,396.0,396.0,3.0,1188.0,123
2023-05-10 11:09:18,PK401C10600,PK401C10600,396.0,0.0,0.0,0.0,10,249.0,922.5,10,383.0,396.0,396.0,396.0,3.0,1188.0,123
2023-05-10 11:09:18,PK401C10600,PK401C10600,396.0,0.0,0.0,0.0,10,249.0,921.0,1,383.0,396.0,396.0,396.0,3.0,1188.0,123
2023-05-10 11:09:19,PK401C10600,PK401C10600,396.0,0.0,0.0,0.0,10,249.0,920.5,10,383.0,396.0,396.0,396.0,3.0,1188.0,123
2023-05-10 11:09:19,PK401C10600,PK401C10600,396.0,0.0,0.0,0.0,10,249.0,919.0,1,383.0,396.0,396.0,396.0,3.0,1188.0,123
2023-05-10 11:09:20,PK401C10600,PK401C10600,396.0,0.0,0.0,0.0,10,249.0,918.5,10,383.0,396.0,396.0,396.0,3.0,1188.0,123
2023-05-10 11:09:20,PK401C10600,PK401C10600,396.0,0.0,0.0,0.0,10,249.0,917.0,1,383.0,396.0,396.0,396.0,3.0,1188.0,123
2023-05-10 11:09:21,PK401C10600,PK401C10600,396.0,0.0,0.0,0.0,10,249.0,916.5,10,383.0,396.0,396.0,396.0,3.0,1188.0,123
2023-05-10 11:09:21,PK401C10600,PK401C10600,396.0,0.0,0.0,0.0,10,249.0,915.0,1,383.0,396.0,396.0,396.0,3.0,1188.0,123
2023-05-10 11:16:56,PK401C10600,PK401C10600,396.0,0.0,0.0,0.0,10,249.0,914.5,10,383.0,396.0,396.0,396.0,3.0,1188.0,123
2023-05-10 11:16:56,PK401C10600,PK401C10600,396.0,0.0,0.0,0.0,10,249.0,913.0,1,383.0,396.0,396.0,396.0,3.0,1188.0,123
2023-05-10 11:17:36,PK401C10600,PK401C10600,396.0,0.0,0.0,0.0,10,249.0,912.5,10,383.0,396.0,396.0,396.0,3.0,1188.0,123
2023-05-10 11:17:36,PK401C10600,PK401C10600,396.0,0.0,0.0,0.0,10,249.0,911.0,1,383.0,396.0,396.0,396.0,3.0,1188.0,123
2023-05-10 11:17:37,PK401C10600,PK401C10600,396.0,0.0,0.0,0.0,10,249.0,910.5,10,383.0,396.0,396.0,396.0,3.0,1188.0,123
2023-05-10 11:17:37,PK401C10600,PK401C10600,396.0,0.0,0.0,0.0,10,249.0,909.0,1,383.0,396.0,396.0,396.0,3.0,1188.0,123
2023-05-10 11:18:29,PK401C10600,PK401C10600,396.0,0.0,0.0,0.0,10,249.0,908.5,10,383.0,396.0,396.0,396.0,3.0,1188.0,123
2023-05-10 11:18:30,PK401C10600,PK401C10600,396.0,0.0,0.0,0.0,10,249.0,907.0,1,383.0,396.0,396.0,396.0,3.0,1188.0,123
2023-05-10 11:18:30,PK401C10600,PK401C10600,396.0,0.0,0.0,0.0,10,249.0,906.5,10,383.0,396.0,396.0,396.0,3.0,1188.0,123
2023-05-10 11:18:31,PK401C10600,PK401C10600,396.0,0.0,0.0,0.0,10,249.0,905.0,1,383.0,396.0,396.0,396.0,3.0,1188.0,123
2023-05-10 11:18:32,PK401C10600,PK401C10600,396.0,0.0,0.0,0.0,10,249.0,904.5,10,383.0,396.0,396.0,396.0,3.0,1188.0,123
2023-05-10 11:18:33,PK401C10600,PK401C10600,396.0,0.0,0.0,0.0,10,249.0,903.0,1,383.0,396.0,396.0,396.0,3.0,1188.0,123
2023-05-10 11:18:33,PK401C10600,PK401C10600,396.0,0.0,0.0,0.0,10,249.0,902.5,10,383.0,396.0,396.0,396.0,3.0,1188.0,123
2023-05-10 11:18:34,PK401C10600,PK401C10600,396.0,0.0,0.0,0.0,10,249.0,901.0,1,383.0,396.0,396.0,396.0,3.0,1188.0,123
2023-05-10 11:18:34,PK401C10600,PK401C10600,396.0,0.0,0.0,0.0,10,249.0,900.5,10,383.0,396.0,396.0,396.0,3.0,1188.0,123
2023-05-10 11:18:35,PK401C10600,PK401C10600,396.0,0.0,0.0,0.0,10,249.0,899.0,1,383.0,396.0,396.0,396.0,3.0,1188.0,123
2023-05-10 11:18:35,PK401C10600,PK401C10600,396.0,0.0,0.0,0.0,10,249.0,898.5,10,383.0,396.0,396.0,396.0,3.0,1188.0,123
2023-05-10 11:18:36,PK401C10600,PK401C10600,396.0,0.0,0.0,0.0,10,249.0,897.0,1,383.0,396.0,396.0,396.0,3.0,1188.0,123
2023-05-10 11:18:36,PK401C10600,PK401C10600,396.0,0.0,0.0,0.0,10,249.0,896.5,10,383.0,396.0,396.0,396.0,3.0,1188.0,123
2023-05-10 11:18:37,PK401C10600,PK401C10600,396.0,0.0,0.0,0.0,10,249.0,895.0,1,383.0,396.0,396.0,396.0,3.0,1188.0,123
2023-05-10 11:21:27,PK401C10600,PK401C10600,396.0,0.0,0.0,0.0,10,249.0,894.5,1,383.0,396.0,396.0,396.0,3.0,1188.0,123
2023-05-10 11:21:27,PK401C10600,PK401C10600,396.0,0.0,0.0,0.0,10,249.0,893.0,1,383.0,396.0,396.0,396.0,3.0,1188.0,123
2023-05-10 11:21:47,PK401C10600,PK401C10600,396.0,0.0,0.0,0.0,10,249.0,892.5,10,383.0,396.0,396.0,396.0,3.0,1188.0,123
2023-05-10 11:29:32,PK401C10600,PK401C10600,396.0,0.0,0.0,0.0,1,79.0,894.5,1,383.0,396.0,396.0,396.0,3.0,1188.0,123
2023-05-10 13:30:03,PK401C10600,PK401C10600,396.0,0.0,0.0,0.0,10,79.5,894.0,10,383.0,396.0,396.0,396.0,3.0,1188.0,123
2023-05-10 13:30:24,PK401C10600,PK401C10600,396.0,0.0,0.0,0.0,1,80.0,893.5,1,383.0,396.0,396.0,396.0,3.0,1188.0,123
2023-05-10 13:30:24,PK401C10600,PK401C10600,396.0,0.0,0.0,0.0,10,80.5,893.0,10,383.0,396.0,396.0,396.0,3.0,1188.0,123
2023-05-10 13:31:12,PK401C10600,PK401C10600,396.0,0.0,0.0,0.0,1,87.0,893.0,10,383.0,396.0,396.0,396.0,3.0,1188.0,123
2023-05-10 13:31:13,PK401C10600,PK401C10600,396.0,0.0,0.0,0.0,1,88.5,891.5,1,383.0,396.0,396.0,396.0,3.0,1188.0,123
2023-05-10 13:31:13,PK401C10600,PK401C10600,396.0,0.0,0.0,0.0,10,89.0,891.0,10,383.0,396.0,396.0,396.0,3.0,1188.0,123
2023-05-10 13:31:14,PK401C10600,PK401C10600,396.0,0.0,0.0,0.0,1,95.5,889.5,1,383.0,396.0,396.0,396.0,3.0,1188.0,123
2023-05-10 13:31:14,PK401C10600,PK401C10600,396.0,0.0,0.0,0.0,10,96.0,889.0,10,383.0,396.0,396.0,396.0,3.0,1188.0,123
2023-05-10 13:31:17,PK401C10600,PK401C10600,396.0,0.0,0.0,0.0,1,102.5,889.0,10,383.0,396.0,396.0,396.0,3.0,1188.0,123
2023-05-10 13:31:17,PK401C10600,PK401C10600,396.0,0.0,0.0,0.0,10,103.0,889.0,10,383.0,396.0,396.0,396.0,3.0,1188.0,123
2023-05-10 13:31:19,PK401C10600,PK401C10600,396.0,0.0,0.0,0.0,1,109.5,889.0,10,383.0,396.0,396.0,396.0,3.0,1188.0,123
2023-05-10 13:31:19,PK401C10600,PK401C10600,396.0,0.0,0.0,0.0,10,111.5,887.5,1,383.0,396.0,396.0,396.0,3.0,1188.0,123
2023-05-10 13:31:19,PK401C10600,PK401C10600,396.0,0.0,0.0,0.0,10,111.5,887.0,10,383.0,396.0,396.0,396.0,3.0,1188.0,123
2023-05-10 13:31:20,PK401C10600,PK401C10600,396.0,0.0,0.0,0.0,1,118.0,885.5,1,383.0,396.0,396.0,396.0,3.0,1188.0,123
2023-05-10 13:31:20,PK401C10600,PK401C10600,396.0,0.0,0.0,0.0,10,118.5,885.0,10,383.0,396.0,396.0,396.0,3.0,1188.0,123
2023-05-10 13:31:21,PK401C10600,PK401C10600,396.0,0.0,0.0,0.0,1,120.0,883.5,1,383.0,396.0,396.0,396.0,3.0,1188.0,123
2023-05-10 13:31:21,PK401C10600,PK401C10600,396.0,0.0,0.0,0.0,10,120.5,883.0,10,383.0,396.0,396.0,396.0,3.0,1188.0,123
2023-05-10 13:31:22,PK401C10600,PK401C10600,396.0,0.0,0.0,0.0,1,126.5,883.0,10,383.0,396.0,396.0,396.0,3.0,1188.0,123
2023-05-10 13:31:22,PK401C10600,PK401C10600,396.0,0.0,0.0,0.0,10,127.0,883.0,10,383.0,396.0,396.0,396.0,3.0,1188.0,123
2023-05-10 13:31:23,PK401C10600,PK401C10600,396.0,0.0,0.0,0.0,1,133.5,883.0,10,383.0,396.0,396.0,396.0,3.0,1188.0,123
2023-05-10 13:31:24,PK401C10600,PK401C10600,396.0,0.0,0.0,0.0,10,134.0,883.0,10,383.0,396.0,396.0,396.0,3.0,1188.0,123
2023-05-10 13:31:25,PK401C10600,PK401C10600,396.0,0.0,0.0,0.0,1,140.5,883.0,10,383.0,396.0,396.0,396.0,3.0,1188.0,123
2023-05-10 13:31:26,PK401C10600,PK401C10600,396.0,0.0,0.0,0.0,10,141.0,883.0,10,383.0,396.0,396.0,396.0,3.0,1188.0,123
2023-05-10 13:31:27,PK401C10600,PK401C10600,396.0,0.0,0.0,0.0,1,147.5,883.0,10,383.0,396.0,396.0,396.0,3.0,1188.0,123
2023-05-10 13:31:28,PK401C10600,PK401C10600,396.0,0.0,0.0,0.0,10,148.0,883.0,10,383.0,396.0,396.0,396.0,3.0,1188.0,123
2023-05-10 13:31:29,PK401C10600,PK401C10600,396.0,0.0,0.0,0.0,1,154.5,883.0,10,383.0,396.0,396.0,396.0,3.0,1188.0,123
2023-05-10 13:31:29,PK401C10600,PK401C10600,396.0,0.0,0.0,0.0,10,155.0,883.0,10,383.0,396.0,396.0,396.0,3.0,1188.0,123
2023-05-10 13:31:30,PK401C10600,PK401C10600,396.0,0.0,0.0,0.0,1,161.5,883.0,10,383.0,396.0,396.0,396.0,3.0,1188.0,123
2023-05-10 13:31:30,PK401C10600,PK401C10600,396.0,0.0,0.0,0.0,10,162.0,883.0,10,383.0,396.0,396.0,396.0,3.0,1188.0,123
2023-05-10 13:31:31,PK401C10600,PK401C10600,396.0,0.0,0.0,0.0,1,168.5,883.0,10,383.0,396.0,396.0,396.0,3.0,1188.0,123
2023-05-10 13:31:32,PK401C10600,PK401C10600,396.0,0.0,0.0,0.0,10,169.0,883.0,10,383.0,396.0,396.0,396.0,3.0,1188.0,123
2023-05-10 13:31:32,PK401C10600,PK401C10600,396.0,0.0,0.0,0.0,1,175.5,883.0,10,383.0,396.0,396.0,396.0,3.0,1188.0,123
2023-05-10 13:31:33,PK401C10600,PK401C10600,396.0,0.0,0.0,0.0,10,176.0,883.0,10,383.0,396.0,396.0,396.0,3.0,1188.0,123
2023-05-10 13:31:34,PK401C10600,PK401C10600,396.0,0.0,0.0,0.0,1,182.5,883.0,10,383.0,396.0,396.0,396.0,3.0,1188.0,123
2023-05-10 13:31:34,PK401C10600,PK401C10600,396.0,0.0,0.0,0.0,10,183.0,883.0,10,383.0,396.0,396.0,396.0,3.0,1188.0,123
2023-05-10 13:31:35,PK401C10600,PK401C10600,396.0,0.0,0.0,0.0,1,189.5,883.0,10,383.0,396.0,396.0,396.0,3.0,1188.0,123
2023-05-10 13:31:35,PK401C10600,PK401C10600,396.0,0.0,0.0,0.0,10,190.0,883.0,10,383.0,396.0,396.0,396.0,3.0,1188.0,123
2023-05-10 13:31:36,PK401C10600,PK401C10600,396.0,0.0,0.0,0.0,1,196.5,883.0,10,383.0,396.0,396.0,396.0,3.0,1188.0,123
2023-05-10 13:31:37,PK401C10600,PK401C10600,396.0,0.0,0.0,0.0,10,197.0,883.0,10,383.0,396.0,396.0,396.0,3.0,1188.0,123
2023-05-10 13:31:37,PK401C10600,PK401C10600,396.0,0.0,0.0,0.0,1,203.5,883.0,10,383.0,396.0,396.0,396.0,3.0,1188.0,123
2023-05-10 13:32:42,PK401C10600,PK401C10600,396.0,0.0,0.0,0.0,10,204.0,883.0,13,383.0,396.0,396.0,396.0,3.0,1188.0,123
2023-05-10 13:32:43,PK401C10600,PK401C10600,396.0,0.0,0.0,0.0,1,210.5,883.0,13,383.0,396.0,396.0,396.0,3.0,1188.0,123
2023-05-10 13:32:43,PK401C10600,PK401C10600,396.0,0.0,0.0,0.0,10,211.0,883.0,13,383.0,396.0,396.0,396.0,3.0,1188.0,123
2023-05-10 13:32:44,PK401C10600,PK401C10600,396.0,0.0,0.0,0.0,1,217.5,883.0,13,383.0,396.0,396.0,396.0,3.0,1188.0,123
2023-05-10 13:32:45,PK401C10600,PK401C10600,396.0,0.0,0.0,0.0,10,218.0,883.0,13,383.0,396.0,396.0,396.0,3.0,1188.0,123
2023-05-10 13:32:45,PK401C10600,PK401C10600,396.0,0.0,0.0,0.0,1,224.5,883.0,13,383.0,396.0,396.0,396.0,3.0,1188.0,123
2023-05-10 13:32:46,PK401C10600,PK401C10600,396.0,0.0,0.0,0.0,10,225.0,883.0,13,383.0,396.0,396.0,396.0,3.0,1188.0,123
2023-05-10 13:32:46,PK401C10600,PK401C10600,396.0,0.0,0.0,0.0,1,231.5,883.0,13,383.0,396.0,396.0,396.0,3.0,1188.0,123
2023-05-10 13:32:47,PK401C10600,PK401C10600,396.0,0.0,0.0,0.0,10,232.0,883.0,13,383.0,396.0,396.0,396.0,3.0,1188.0,123
2023-05-10 13:32:48,PK401C10600,PK401C10600,396.0,0.0,0.0,0.0,9,365.0,397.5,9,383.0,396.0,396.0,396.0,3.0,1188.0,123
2023-05-10 13:32:48,PK401C10600,PK401C10600,396.0,0.0,0.0,0.0,12,365.0,397.5,12,383.0,396.0,396.0,396.0,3.0,1188.0,123
2023-05-10 13:32:51,PK401C10600,PK401C10600,396.0,0.0,0.0,0.0,18,365.0,388.0,3,383.0,396.0,396.0,396.0,3.0,1188.0,123
2023-05-10 13:32:51,PK401C10600,PK401C10600,396.0,0.0,0.0,0.0,15,365.0,388.0,9,383.0,396.0,396.0,396.0,3.0,1188.0,123
2023-05-10 13:32:51,PK401C10600,PK401C10600,396.0,0.0,0.0,0.0,18,365.0,388.0,12,383.0,396.0,396.0,396.0,3.0,1188.0,123
2023-05-10 13:32:53,PK401C10600,PK401C10600,396.0,0.0,0.0,0.0,21,365.0,388.0,15,383.0,396.0,396.0,396.0,3.0,1188.0,123
2023-05-10 13:32:58,PK401C10600,PK401C10600,396.0,0.0,0.0,0.0,18,365.0,388.0,15,383.0,396.0,396.0,396.0,3.0,1188.0,123
2023-05-10 13:33:00,PK401C10600,PK401C10600,396.0,0.0,0.0,0.0,15,365.0,388.0,12,383.0,396.0,396.0,396.0,3.0,1188.0,123
2023-05-10 13:33:01,PK401C10600,PK401C10600,396.0,0.0,0.0,0.0,12,365.0,388.0,12,383.0,396.0,396.0,396.0,3.0,1188.0,123
2023-05-10 13:33:02,PK401C10600,PK401C10600,396.0,0.0,0.0,0.0,12,365.0,388.0,9,383.0,396.0,396.0,396.0,3.0,1188.0,123
2023-05-10 13:33:03,PK401C10600,PK401C10600,396.0,0.0,0.0,0.0,1,80.0,893.5,1,383.0,396.0,396.0,396.0,3.0,1188.0,123
2023-05-10 13:33:04,PK401C10600,PK401C10600,396.0,0.0,0.0,0.0,1,86.5,893.0,10,383.0,396.0,396.0,396.0,3.0,1188.0,123
2023-05-10 13:33:04,PK401C10600,PK401C10600,396.0,0.0,0.0,0.0,10,87.0,893.0,10,383.0,396.0,396.0,396.0,3.0,1188.0,123
2023-05-10 13:33:05,PK401C10600,PK401C10600,396.0,0.0,0.0,0.0,1,93.5,893.0,10,383.0,396.0,396.0,396.0,3.0,1188.0,123
2023-05-10 13:33:05,PK401C10600,PK401C10600,396.0,0.0,0.0,0.0,10,94.0,893.0,10,383.0,396.0,396.0,396.0,3.0,1188.0,123
2023-05-10 13:33:06,PK401C10600,PK401C10600,396.0,0.0,0.0,0.0,1,100.5,893.0,10,383.0,396.0,396.0,396.0,3.0,1188.0,123
2023-05-10 13:33:06,PK401C10600,PK401C10600,396.0,0.0,0.0,0.0,10,101.0,893.0,10,383.0,396.0,396.0,396.0,3.0,1188.0,123
2023-05-10 13:33:07,PK401C10600,PK401C10600,396.0,0.0,0.0,0.0,1,107.5,893.0,10,383.0,396.0,396.0,396.0,3.0,1188.0,123
2023-05-10 13:33:07,PK401C10600,PK401C10600,396.0,0.0,0.0,0.0,10,108.0,893.0,10,383.0,396.0,396.0,396.0,3.0,1188.0,123
2023-05-10 13:33:08,PK401C10600,PK401C10600,396.0,0.0,0.0,0.0,1,114.5,893.0,10,383.0,396.0,396.0,396.0,3.0,1188.0,123
2023-05-10 13:33:08,PK401C10600,PK401C10600,396.0,0.0,0.0,0.0,10,115.0,893.0,10,383.0,396.0,396.0,396.0,3.0,1188.0,123
2023-05-10 13:33:09,PK401C10600,PK401C10600,396.0,0.0,0.0,0.0,1,121.5,893.0,10,383.0,396.0,396.0,396.0,3.0,1188.0,123
2023-05-10 13:33:09,PK401C10600,PK401C10600,396.0,0.0,0.0,0.0,10,122.0,893.0,10,383.0,396.0,396.0,396.0,3.0,1188.0,123
2023-05-10 13:33:10,PK401C10600,PK401C10600,396.0,0.0,0.0,0.0,1,128.5,893.0,10,383.0,396.0,396.0,396.0,3.0,1188.0,123
2023-05-10 13:33:10,PK401C10600,PK401C10600,396.0,0.0,0.0,0.0,10,129.0,893.0,10,383.0,396.0,396.0,396.0,3.0,1188.0,123
2023-05-10 13:33:11,PK401C10600,PK401C10600,396.0,0.0,0.0,0.0,1,135.5,893.0,10,383.0,396.0,396.0,396.0,3.0,1188.0,123
2023-05-10 13:33:11,PK401C10600,PK401C10600,396.0,0.0,0.0,0.0,10,136.0,893.0,10,383.0,396.0,396.0,396.0,3.0,1188.0,123
2023-05-10 13:33:12,PK401C10600,PK401C10600,396.0,0.0,0.0,0.0,1,142.5,893.0,10,383.0,396.0,396.0,396.0,3.0,1188.0,123
2023-05-10 13:33:12,PK401C10600,PK401C10600,396.0,0.0,0.0,0.0,10,143.0,893.0,10,383.0,396.0,396.0,396.0,3.0,1188.0,123
2023-05-10 13:33:13,PK401C10600,PK401C10600,396.0,0.0,0.0,0.0,1,149.5,893.0,10,383.0,396.0,396.0,396.0,3.0,1188.0,123
2023-05-10 13:33:13,PK401C10600,PK401C10600,396.0,0.0,0.0,0.0,10,150.0,893.0,10,383.0,396.0,396.0,396.0,3.0,1188.0,123
2023-05-10 13:33:14,PK401C10600,PK401C10600,396.0,0.0,0.0,0.0,1,156.5,893.0,10,383.0,396.0,396.0,396.0,3.0,1188.0,123
2023-05-10 13:33:14,PK401C10600,PK401C10600,396.0,0.0,0.0,0.0,10,157.0,893.0,10,383.0,396.0,396.0,396.0,3.0,1188.0,123
2023-05-10 13:33:15,PK401C10600,PK401C10600,396.0,0.0,0.0,0.0,1,163.5,893.0,10,383.0,396.0,396.0,396.0,3.0,1188.0,123
2023-05-10 13:33:15,PK401C10600,PK401C10600,396.0,0.0,0.0,0.0,10,164.0,893.0,10,383.0,396.0,396.0,396.0,3.0,1188.0,123
2023-05-10 13:33:16,PK401C10600,PK401C10600,396.0,0.0,0.0,0.0,1,170.5,893.0,10,383.0,396.0,396.0,396.0,3.0,1188.0,123
2023-05-10 13:33:16,PK401C10600,PK401C10600,396.0,0.0,0.0,0.0,10,171.0,893.0,10,383.0,396.0,396.0,396.0,3.0,1188.0,123
2023-05-10 13:33:17,PK401C10600,PK401C10600,396.0,0.0,0.0,0.0,1,177.5,893.0,10,383.0,396.0,396.0,396.0,3.0,1188.0,123
2023-05-10 13:33:18,PK401C10600,PK401C10600,396.0,0.0,0.0,0.0,10,178.0,893.0,10,383.0,396.0,396.0,396.0,3.0,1188.0,123
2023-05-10 13:33:19,PK401C10600,PK401C10600,396.0,0.0,0.0,0.0,1,184.5,893.0,10,383.0,396.0,396.0,396.0,3.0,1188.0,123
2023-05-10 13:33:19,PK401C10600,PK401C10600,396.0,0.0,0.0,0.0,10,185.0,893.0,10,383.0,396.0,396.0,396.0,3.0,1188.0,123
2023-05-10 13:33:20,PK401C10600,PK401C10600,396.0,0.0,0.0,0.0,1,191.5,893.0,10,383.0,396.0,396.0,396.0,3.0,1188.0,123
2023-05-10 13:33:20,PK401C10600,PK401C10600,396.0,0.0,0.0,0.0,10,192.0,893.0,10,383.0,396.0,396.0,396.0,3.0,1188.0,123
2023-05-10 13:33:21,PK401C10600,PK401C10600,396.0,0.0,0.0,0.0,1,198.5,893.0,10,383.0,396.0,396.0,396.0,3.0,1188.0,123
2023-05-10 13:33:21,PK401C10600,PK401C10600,396.0,0.0,0.0,0.0,10,199.0,893.0,10,383.0,396.0,396.0,396.0,3.0,1188.0,123
2023-05-10 13:33:22,PK401C10600,PK401C10600,396.0,0.0,0.0,0.0,1,205.5,893.0,10,383.0,396.0,396.0,396.0,3.0,1188.0,123
2023-05-10 13:33:22,PK401C10600,PK401C10600,396.0,0.0,0.0,0.0,10,206.0,893.0,10,383.0,396.0,396.0,396.0,3.0,1188.0,123
2023-05-10 13:33:23,PK401C10600,PK401C10600,396.0,0.0,0.0,0.0,1,212.5,893.0,10,383.0,396.0,396.0,396.0,3.0,1188.0,123
2023-05-10 13:33:24,PK401C10600,PK401C10600,396.0,0.0,0.0,0.0,10,213.0,893.0,10,383.0,396.0,396.0,396.0,3.0,1188.0,123
2023-05-10 13:33:24,PK401C10600,PK401C10600,396.0,0.0,0.0,0.0,1,219.5,893.0,10,383.0,396.0,396.0,396.0,3.0,1188.0,123
2023-05-10 13:34:00,PK401C10600,PK401C10600,396.0,0.0,0.0,0.0,10,220.0,893.0,10,383.0,396.0,396.0,396.0,3.0,1188.0,123
2023-05-10 13:34:01,PK401C10600,PK401C10600,396.0,0.0,0.0,0.0,1,226.5,893.0,10,383.0,396.0,396.0,396.0,3.0,1188.0,123
2023-05-10 13:34:01,PK401C10600,PK401C10600,396.0,0.0,0.0,0.0,10,227.0,893.0,10,383.0,396.0,396.0,396.0,3.0,1188.0,123
2023-05-10 13:34:02,PK401C10600,PK401C10600,396.0,0.0,0.0,0.0,1,233.5,893.0,10,383.0,396.0,396.0,396.0,3.0,1188.0,123
2023-05-10 13:34:03,PK401C10600,PK401C10600,396.0,0.0,0.0,0.0,10,234.0,893.0,10,383.0,396.0,396.0,396.0,3.0,1188.0,123
2023-05-10 13:34:04,PK401C10600,PK401C10600,396.0,0.0,0.0,0.0,1,240.5,893.0,10,383.0,396.0,396.0,396.0,3.0,1188.0,123
2023-05-10 13:34:04,PK401C10600,PK401C10600,396.0,0.0,0.0,0.0,10,241.0,893.0,10,383.0,396.0,396.0,396.0,3.0,1188.0,123
2023-05-10 13:34:05,PK401C10600,PK401C10600,396.0,0.0,0.0,0.0,1,244.5,893.0,10,383.0,396.0,396.0,396.0,3.0,1188.0,123
2023-05-10 13:34:05,PK401C10600,PK401C10600,396.0,0.0,0.0,0.0,10,245.0,893.0,10,383.0,396.0,396.0,396.0,3.0,1188.0,123
2023-05-10 13:34:06,PK401C10600,PK401C10600,396.0,0.0,0.0,0.0,1,245.5,893.0,10,383.0,396.0,396.0,396.0,3.0,1188.0,123
2023-05-10 13:34:07,PK401C10600,PK401C10600,396.0,0.0,0.0,0.0,10,246.0,893.0,10,383.0,396.0,396.0,396.0,3.0,1188.0,123
2023-05-10 13:34:08,PK401C10600,PK401C10600,396.0,0.0,0.0,0.0,1,246.5,893.0,10,383.0,396.0,396.0,396.0,3.0,1188.0,123
2023-05-10 13:34:08,PK401C10600,PK401C10600,396.0,0.0,0.0,0.0,10,247.0,893.0,10,383.0,396.0,396.0,396.0,3.0,1188.0,123
2023-05-10 13:34:09,PK401C10600,PK401C10600,396.0,0.0,0.0,0.0,1,247.5,893.0,10,383.0,396.0,396.0,396.0,3.0,1188.0,123
2023-05-10 13:34:09,PK401C10600,PK401C10600,396.0,0.0,0.0,0.0,10,248.0,893.0,10,383.0,396.0,396.0,396.0,3.0,1188.0,123
2023-05-10 13:34:10,PK401C10600,PK401C10600,396.0,0.0,0.0,0.0,1,248.5,893.0,10,383.0,396.0,396.0,396.0,3.0,1188.0,123
2023-05-10 13:34:11,PK401C10600,PK401C10600,396.0,0.0,0.0,0.0,10,249.0,893.0,10,383.0,396.0,396.0,396.0,3.0,1188.0,123
2023-05-10 13:45:57,PK401C10600,PK401C10600,396.0,0.0,0.0,0.0,10,249.0,891.5,1,383.0,396.0,396.0,396.0,3.0,1188.0,123
2023-05-10 13:45:57,PK401C10600,PK401C10600,396.0,0.0,0.0,0.0,10,249.0,891.0,10,383.0,396.0,396.0,396.0,3.0,1188.0,123
2023-05-10 13:45:58,PK401C10600,PK401C10600,396.0,0.0,0.0,0.0,10,249.0,889.5,1,383.0,396.0,396.0,396.0,3.0,1188.0,123
2023-05-10 13:45:58,PK401C10600,PK401C10600,396.0,0.0,0.0,0.0,10,249.0,889.0,10,383.0,396.0,396.0,396.0,3.0,1188.0,123
2023-05-10 13:45:59,PK401C10600,PK401C10600,396.0,0.0,0.0,0.0,10,249.0,887.5,1,383.0,396.0,396.0,396.0,3.0,1188.0,123
2023-05-10 13:45:59,PK401C10600,PK401C10600,396.0,0.0,0.0,0.0,10,249.0,887.0,10,383.0,396.0,396.0,396.0,3.0,1188.0,123
2023-05-10 13:46:00,PK401C10600,PK401C10600,396.0,0.0,0.0,0.0,10,249.0,885.5,1,383.0,396.0,396.0,396.0,3.0,1188.0,123
2023-05-10 13:46:00,PK401C10600,PK401C10600,396.0,0.0,0.0,0.0,10,249.0,885.0,10,383.0,396.0,396.0,396.0,3.0,1188.0,123
2023-05-10 13:46:01,PK401C10600,PK401C10600,396.0,0.0,0.0,0.0,10,249.0,883.5,1,383.0,396.0,396.0,396.0,3.0,1188.0,123
2023-05-10 13:46:01,PK401C10600,PK401C10600,396.0,0.0,0.0,0.0,10,249.0,883.0,10,383.0,396.0,396.0,396.0,3.0,1188.0,123
2023-05-10 13:46:02,PK401C10600,PK401C10600,396.0,0.0,0.0,0.0,10,249.0,881.5,1,383.0,396.0,396.0,396.0,3.0,1188.0,123
2023-05-10 13:46:02,PK401C10600,PK401C10600,396.0,0.0,0.0,0.0,10,249.0,881.0,10,383.0,396.0,396.0,396.0,3.0,1188.0,123
2023-05-10 13:46:03,PK401C10600,PK401C10600,396.0,0.0,0.0,0.0,10,249.0,879.5,1,383.0,396.0,396.0,396.0,3.0,1188.0,123
2023-05-10 13:46:03,PK401C10600,PK401C10600,396.0,0.0,0.0,0.0,10,249.0,879.0,10,383.0,396.0,396.0,396.0,3.0,1188.0,123
2023-05-10 13:46:04,PK401C10600,PK401C10600,396.0,0.0,0.0,0.0,10,249.0,877.5,1,383.0,396.0,396.0,396.0,3.0,1188.0,123
2023-05-10 13:46:04,PK401C10600,PK401C10600,396.0,0.0,0.0,0.0,10,249.0,877.0,10,383.0,396.0,396.0,396.0,3.0,1188.0,123
2023-05-10 13:46:05,PK401C10600,PK401C10600,396.0,0.0,0.0,0.0,10,249.0,875.5,1,383.0,396.0,396.0,396.0,3.0,1188.0,123
2023-05-10 13:46:05,PK401C10600,PK401C10600,396.0,0.0,0.0,0.0,10,249.0,875.0,10,383.0,396.0,396.0,396.0,3.0,1188.0,123
2023-05-10 13:46:06,PK401C10600,PK401C10600,396.0,0.0,0.0,0.0,10,249.0,873.5,1,383.0,396.0,396.0,396.0,3.0,1188.0,123
2023-05-10 13:46:06,PK401C10600,PK401C10600,396.0,0.0,0.0,0.0,10,249.0,873.0,10,383.0,396.0,396.0,396.0,3.0,1188.0,123
2023-05-10 13:47:01,PK401C10600,PK401C10600,396.0,0.0,0.0,0.0,1,252.5,873.0,10,383.0,396.0,396.0,396.0,3.0,1188.0,123
2023-05-10 13:47:21,PK401C10600,PK401C10600,396.0,0.0,0.0,0.0,1,80.0,873.0,10,383.0,396.0,396.0,396.0,3.0,1188.0,123
2023-05-10 13:47:22,PK401C10600,PK401C10600,396.0,0.0,0.0,0.0,1,86.5,873.0,10,383.0,396.0,396.0,396.0,3.0,1188.0,123
2023-05-10 13:47:22,PK401C10600,PK401C10600,396.0,0.0,0.0,0.0,10,87.0,873.0,10,383.0,396.0,396.0,396.0,3.0,1188.0,123
2023-05-10 13:47:23,PK401C10600,PK401C10600,396.0,0.0,0.0,0.0,1,93.5,873.0,10,383.0,396.0,396.0,396.0,3.0,1188.0,123
2023-05-10 13:47:23,PK401C10600,PK401C10600,396.0,0.0,0.0,0.0,10,94.0,873.0,10,383.0,396.0,396.0,396.0,3.0,1188.0,123
2023-05-10 13:47:25,PK401C10600,PK401C10600,396.0,0.0,0.0,0.0,1,100.5,873.0,10,383.0,396.0,396.0,396.0,3.0,1188.0,123
2023-05-10 13:47:25,PK401C10600,PK401C10600,396.0,0.0,0.0,0.0,10,101.0,873.0,10,383.0,396.0,396.0,396.0,3.0,1188.0,123
2023-05-10 13:47:26,PK401C10600,PK401C10600,396.0,0.0,0.0,0.0,1,107.5,873.0,10,383.0,396.0,396.0,396.0,3.0,1188.0,123
2023-05-10 13:47:26,PK401C10600,PK401C10600,396.0,0.0,0.0,0.0,10,108.0,873.0,10,383.0,396.0,396.0,396.0,3.0,1188.0,123
2023-05-10 13:47:27,PK401C10600,PK401C10600,396.0,0.0,0.0,0.0,1,114.5,873.0,10,383.0,396.0,396.0,396.0,3.0,1188.0,123
2023-05-10 13:47:27,PK401C10600,PK401C10600,396.0,0.0,0.0,0.0,10,115.0,873.0,10,383.0,396.0,396.0,396.0,3.0,1188.0,123
2023-05-10 13:47:28,PK401C10600,PK401C10600,396.0,0.0,0.0,0.0,1,121.5,873.0,10,383.0,396.0,396.0,396.0,3.0,1188.0,123
2023-05-10 13:47:28,PK401C10600,PK401C10600,396.0,0.0,0.0,0.0,10,122.0,873.0,10,383.0,396.0,396.0,396.0,3.0,1188.0,123
2023-05-10 13:47:29,PK401C10600,PK401C10600,396.0,0.0,0.0,0.0,1,128.5,873.0,10,383.0,396.0,396.0,396.0,3.0,1188.0,123
2023-05-10 13:48:16,PK401C10600,PK401C10600,396.0,0.0,0.0,0.0,10,129.0,873.0,10,383.0,396.0,396.0,396.0,3.0,1188.0,123
2023-05-10 13:48:17,PK401C10600,PK401C10600,396.0,0.0,0.0,0.0,1,135.5,873.0,10,383.0,396.0,396.0,396.0,3.0,1188.0,123
2023-05-10 13:49:55,PK401C10600,PK401C10600,396.0,0.0,0.0,0.0,10,136.0,873.0,10,383.0,396.0,396.0,396.0,3.0,1188.0,123
2023-05-10 13:49:56,PK401C10600,PK401C10600,396.0,0.0,0.0,0.0,1,142.5,873.0,10,383.0,396.0,396.0,396.0,3.0,1188.0,123
2023-05-10 13:49:56,PK401C10600,PK401C10600,396.0,0.0,0.0,0.0,10,143.0,873.0,10,383.0,396.0,396.0,396.0,3.0,1188.0,123
2023-05-10 13:49:57,PK401C10600,PK401C10600,396.0,0.0,0.0,0.0,1,149.5,873.0,10,383.0,396.0,396.0,396.0,3.0,1188.0,123
2023-05-10 13:49:57,PK401C10600,PK401C10600,396.0,0.0,0.0,0.0,10,150.0,873.0,10,383.0,396.0,396.0,396.0,3.0,1188.0,123
2023-05-10 13:49:58,PK401C10600,PK401C10600,396.0,0.0,0.0,0.0,1,156.5,873.0,10,383.0,396.0,396.0,396.0,3.0,1188.0,123
2023-05-10 13:49:58,PK401C10600,PK401C10600,396.0,0.0,0.0,0.0,10,157.0,873.0,10,383.0,396.0,396.0,396.0,3.0,1188.0,123
2023-05-10 13:49:59,PK401C10600,PK401C10600,396.0,0.0,0.0,0.0,1,163.5,873.0,10,383.0,396.0,396.0,396.0,3.0,1188.0,123
2023-05-10 13:50:00,PK401C10600,PK401C10600,396.0,0.0,0.0,0.0,10,164.0,873.0,10,383.0,396.0,396.0,396.0,3.0,1188.0,123
2023-05-10 13:50:01,PK401C10600,PK401C10600,396.0,0.0,0.0,0.0,1,170.5,873.0,10,383.0,396.0,396.0,396.0,3.0,1188.0,123
2023-05-10 13:50:45,PK401C10600,PK401C10600,396.0,0.0,0.0,0.0,10,171.0,873.0,10,383.0,396.0,396.0,396.0,3.0,1188.0,123
2023-05-10 13:50:46,PK401C10600,PK401C10600,396.0,0.0,0.0,0.0,1,171.5,873.0,10,383.0,396.0,396.0,396.0,3.0,1188.0,123
2023-05-10 13:50:47,PK401C10600,PK401C10600,396.0,0.0,0.0,0.0,10,172.0,873.0,10,383.0,396.0,396.0,396.0,3.0,1188.0,123
2023-05-10 13:50:48,PK401C10600,PK401C10600,396.0,0.0,0.0,0.0,1,175.5,873.0,10,383.0,396.0,396.0,396.0,3.0,1188.0,123
2023-05-10 13:51:09,PK401C10600,PK401C10600,396.0,0.0,0.0,0.0,10,176.0,873.0,10,383.0,396.0,396.0,396.0,3.0,1188.0,123
2023-05-10 13:51:10,PK401C10600,PK401C10600,396.0,0.0,0.0,0.0,1,179.5,873.0,10,383.0,396.0,396.0,396.0,3.0,1188.0,123
2023-05-10 13:54:19,PK401C10600,PK401C10600,396.0,0.0,0.0,0.0,10,180.0,873.0,10,383.0,396.0,396.0,396.0,3.0,1188.0,123
2023-05-10 13:54:19,PK401C10600,PK401C10600,396.0,0.0,0.0,0.0,1,186.5,873.0,10,383.0,396.0,396.0,396.0,3.0,1188.0,123
2023-05-10 13:54:20,PK401C10600,PK401C10600,396.0,0.0,0.0,0.0,10,187.0,873.0,10,383.0,396.0,396.0,396.0,3.0,1188.0,123
2023-05-10 13:54:20,PK401C10600,PK401C10600,396.0,0.0,0.0,0.0,1,193.5,873.0,10,383.0,396.0,396.0,396.0,3.0,1188.0,123
2023-05-10 13:54:21,PK401C10600,PK401C10600,396.0,0.0,0.0,0.0,10,194.0,873.0,10,383.0,396.0,396.0,396.0,3.0,1188.0,123
2023-05-10 13:54:22,PK401C10600,PK401C10600,396.0,0.0,0.0,0.0,1,200.5,873.0,10,383.0,396.0,396.0,396.0,3.0,1188.0,123
2023-05-10 13:54:22,PK401C10600,PK401C10600,396.0,0.0,0.0,0.0,10,201.0,873.0,10,383.0,396.0,396.0,396.0,3.0,1188.0,123
2023-05-10 13:54:23,PK401C10600,PK401C10600,396.0,0.0,0.0,0.0,1,207.5,873.0,10,383.0,396.0,396.0,396.0,3.0,1188.0,123
2023-05-10 13:54:23,PK401C10600,PK401C10600,396.0,0.0,0.0,0.0,10,208.0,873.0,10,383.0,396.0,396.0,396.0,3.0,1188.0,123
2023-05-10 13:54:24,PK401C10600,PK401C10600,396.0,0.0,0.0,0.0,1,214.5,873.0,10,383.0,396.0,396.0,396.0,3.0,1188.0,123
2023-05-10 13:54:24,PK401C10600,PK401C10600,396.0,0.0,0.0,0.0,10,215.0,873.0,10,383.0,396.0,396.0,396.0,3.0,1188.0,123
2023-05-10 13:54:25,PK401C10600,PK401C10600,396.0,0.0,0.0,0.0,1,218.5,873.0,10,383.0,396.0,396.0,396.0,3.0,1188.0,123
2023-05-10 13:54:25,PK401C10600,PK401C10600,396.0,0.0,0.0,0.0,10,219.0,873.0,10,383.0,396.0,396.0,396.0,3.0,1188.0,123
2023-05-10 13:54:26,PK401C10600,PK401C10600,396.0,0.0,0.0,0.0,1,222.5,873.0,10,383.0,396.0,396.0,396.0,3.0,1188.0,123
2023-05-10 13:54:26,PK401C10600,PK401C10600,396.0,0.0,0.0,0.0,10,223.0,873.0,10,383.0,396.0,396.0,396.0,3.0,1188.0,123
2023-05-10 13:54:27,PK401C10600,PK401C10600,396.0,0.0,0.0,0.0,1,226.5,873.0,10,383.0,396.0,396.0,396.0,3.0,1188.0,123
2023-05-10 13:57:47,PK401C10600,PK401C10600,396.0,0.0,0.0,0.0,10,227.0,873.0,10,383.0,396.0,396.0,396.0,3.0,1188.0,123
2023-05-10 13:57:47,PK401C10600,PK401C10600,396.0,0.0,0.0,0.0,1,227.5,871.5,1,383.0,396.0,396.0,396.0,3.0,1188.0,123
2023-05-10 13:57:47,PK401C10600,PK401C10600,396.0,0.0,0.0,0.0,1,227.5,871.0,10,383.0,396.0,396.0,396.0,3.0,1188.0,123
2023-05-10 13:57:48,PK401C10600,PK401C10600,396.0,0.0,0.0,0.0,10,228.0,869.5,1,383.0,396.0,396.0,396.0,3.0,1188.0,123
2023-05-10 13:57:49,PK401C10600,PK401C10600,396.0,0.0,0.0,0.0,1,228.5,869.5,1,383.0,396.0,396.0,396.0,3.0,1188.0,123
2023-05-10 13:57:49,PK401C10600,PK401C10600,396.0,0.0,0.0,0.0,10,229.0,869.0,10,383.0,396.0,396.0,396.0,3.0,1188.0,123
2023-05-10 13:57:50,PK401C10600,PK401C10600,396.0,0.0,0.0,0.0,1,229.5,867.5,1,383.0,396.0,396.0,396.0,3.0,1188.0,123
2023-05-10 13:57:51,PK401C10600,PK401C10600,396.0,0.0,0.0,0.0,10,230.0,867.0,10,383.0,396.0,396.0,396.0,3.0,1188.0,123
2023-05-10 13:57:52,PK401C10600,PK401C10600,396.0,0.0,0.0,0.0,1,230.5,865.5,1,383.0,396.0,396.0,396.0,3.0,1188.0,123
2023-05-10 13:57:52,PK401C10600,PK401C10600,396.0,0.0,0.0,0.0,10,231.0,865.0,10,383.0,396.0,396.0,396.0,3.0,1188.0,123
2023-05-10 13:57:53,PK401C10600,PK401C10600,396.0,0.0,0.0,0.0,1,231.5,863.5,1,383.0,396.0,396.0,396.0,3.0,1188.0,123
2023-05-10 13:57:53,PK401C10600,PK401C10600,396.0,0.0,0.0,0.0,10,232.0,863.0,10,383.0,396.0,396.0,396.0,3.0,1188.0,123
2023-05-10 13:57:53,PK401C10600,PK401C10600,396.0,0.0,0.0,0.0,10,232.0,861.5,1,383.0,396.0,396.0,396.0,3.0,1188.0,123
2023-05-10 13:57:54,PK401C10600,PK401C10600,396.0,0.0,0.0,0.0,1,232.5,861.0,10,383.0,396.0,396.0,396.0,3.0,1188.0,123
2023-05-10 13:57:55,PK401C10600,PK401C10600,396.0,0.0,0.0,0.0,10,233.0,859.5,1,383.0,396.0,396.0,396.0,3.0,1188.0,123
2023-05-10 13:57:55,PK401C10600,PK401C10600,396.0,0.0,0.0,0.0,10,233.0,859.0,10,383.0,396.0,396.0,396.0,3.0,1188.0,123
2023-05-10 13:57:55,PK401C10600,PK401C10600,396.0,0.0,0.0,0.0,1,233.5,857.5,1,383.0,396.0,396.0,396.0,3.0,1188.0,123
2023-05-10 13:59:31,PK401C10600,PK401C10600,396.0,0.0,0.0,0.0,10,234.0,857.0,10,383.0,396.0,396.0,396.0,3.0,1188.0,123
2023-05-10 13:59:31,PK401C10600,PK401C10600,396.0,0.0,0.0,0.0,10,234.0,855.0,10,383.0,396.0,396.0,396.0,3.0,1188.0,123
2023-05-10 13:59:31,PK401C10600,PK401C10600,396.0,0.0,0.0,0.0,10,234.0,853.5,1,383.0,396.0,396.0,396.0,3.0,1188.0,123
2023-05-10 13:59:32,PK401C10600,PK401C10600,396.0,0.0,0.0,0.0,10,234.0,853.0,10,383.0,396.0,396.0,396.0,3.0,1188.0,123
2023-05-10 14:00:24,PK401C10600,PK401C10600,396.0,0.0,0.0,0.0,10,234.0,852.5,1,383.0,396.0,396.0,396.0,3.0,1188.0,123
2023-05-10 14:00:45,PK401C10600,PK401C10600,396.0,0.0,0.0,0.0,10,234.0,852.0,10,383.0,396.0,396.0,396.0,3.0,1188.0,123
2023-05-10 14:01:47,PK401C10600,PK401C10600,396.0,0.0,0.0,0.0,1,240.5,852.0,10,383.0,396.0,396.0,396.0,3.0,1188.0,123
2023-05-10 14:02:07,PK401C10600,PK401C10600,396.0,0.0,0.0,0.0,1,80.0,852.0,10,383.0,396.0,396.0,396.0,3.0,1188.0,123
2023-05-10 14:02:07,PK401C10600,PK401C10600,396.0,0.0,0.0,0.0,1,86.5,852.0,10,383.0,396.0,396.0,396.0,3.0,1188.0,123
2023-05-10 14:02:07,PK401C10600,PK401C10600,396.0,0.0,0.0,0.0,10,87.0,852.0,10,383.0,396.0,396.0,396.0,3.0,1188.0,123
2023-05-10 14:02:08,PK401C10600,PK401C10600,396.0,0.0,0.0,0.0,1,93.5,852.0,10,383.0,396.0,396.0,396.0,3.0,1188.0,123
2023-05-10 14:02:33,PK401C10600,PK401C10600,396.0,0.0,0.0,0.0,10,94.5,852.0,10,383.0,396.0,396.0,396.0,3.0,1188.0,123
2023-05-10 14:02:34,PK401C10600,PK401C10600,396.0,0.0,0.0,0.0,1,101.0,852.0,10,383.0,396.0,396.0,396.0,3.0,1188.0,123
2023-05-10 14:02:35,PK401C10600,PK401C10600,396.0,0.0,0.0,0.0,10,101.5,852.0,10,383.0,396.0,396.0,396.0,3.0,1188.0,123
2023-05-10 14:02:35,PK401C10600,PK401C10600,396.0,0.0,0.0,0.0,1,108.0,852.0,10,383.0,396.0,396.0,396.0,3.0,1188.0,123
2023-05-10 14:02:54,PK401C10600,PK401C10600,396.0,0.0,0.0,0.0,10,108.5,852.0,10,383.0,396.0,396.0,396.0,3.0,1188.0,123
2023-05-10 14:02:55,PK401C10600,PK401C10600,396.0,0.0,0.0,0.0,1,115.0,852.0,10,383.0,396.0,396.0,396.0,3.0,1188.0,123
2023-05-10 14:03:31,PK401C10600,PK401C10600,396.0,0.0,0.0,0.0,10,115.5,852.0,10,383.0,396.0,396.0,396.0,3.0,1188.0,123
2023-05-10 14:03:31,PK401C10600,PK401C10600,396.0,0.0,0.0,0.0,1,122.0,852.0,10,383.0,396.0,396.0,396.0,3.0,1188.0,123
2023-05-10 14:03:32,PK401C10600,PK401C10600,396.0,0.0,0.0,0.0,10,122.5,852.0,10,383.0,396.0,396.0,396.0,3.0,1188.0,123
2023-05-10 14:03:33,PK401C10600,PK401C10600,396.0,0.0,0.0,0.0,1,129.0,852.0,10,383.0,396.0,396.0,396.0,3.0,1188.0,123
2023-05-10 14:03:33,PK401C10600,PK401C10600,396.0,0.0,0.0,0.0,10,129.5,852.0,10,383.0,396.0,396.0,396.0,3.0,1188.0,123
2023-05-10 14:03:34,PK401C10600,PK401C10600,396.0,0.0,0.0,0.0,1,136.0,852.0,10,383.0,396.0,396.0,396.0,3.0,1188.0,123
2023-05-10 14:03:35,PK401C10600,PK401C10600,396.0,0.0,0.0,0.0,10,136.5,852.0,10,383.0,396.0,396.0,396.0,3.0,1188.0,123
2023-05-10 14:03:36,PK401C10600,PK401C10600,396.0,0.0,0.0,0.0,1,143.0,852.0,10,383.0,396.0,396.0,396.0,3.0,1188.0,123
2023-05-10 14:04:53,PK401C10600,PK401C10600,396.0,0.0,0.0,0.0,10,143.5,852.0,10,383.0,396.0,396.0,396.0,3.0,1188.0,123
2023-05-10 14:04:53,PK401C10600,PK401C10600,396.0,0.0,0.0,0.0,1,150.0,852.0,10,383.0,396.0,396.0,396.0,3.0,1188.0,123
2023-05-10 14:04:54,PK401C10600,PK401C10600,396.0,0.0,0.0,0.0,10,150.5,852.0,10,383.0,396.0,396.0,396.0,3.0,1188.0,123
2023-05-10 14:04:55,PK401C10600,PK401C10600,396.0,0.0,0.0,0.0,1,157.0,852.0,10,383.0,396.0,396.0,396.0,3.0,1188.0,123
2023-05-10 14:04:56,PK401C10600,PK401C10600,396.0,0.0,0.0,0.0,10,157.5,852.0,10,383.0,396.0,396.0,396.0,3.0,1188.0,123
2023-05-10 14:04:56,PK401C10600,PK401C10600,396.0,0.0,0.0,0.0,1,164.0,852.0,10,383.0,396.0,396.0,396.0,3.0,1188.0,123
2023-05-10 14:04:57,PK401C10600,PK401C10600,396.0,0.0,0.0,0.0,10,164.5,852.0,10,383.0,396.0,396.0,396.0,3.0,1188.0,123
2023-05-10 14:04:58,PK401C10600,PK401C10600,396.0,0.0,0.0,0.0,1,171.0,852.0,10,383.0,396.0,396.0,396.0,3.0,1188.0,123
2023-05-10 14:04:58,PK401C10600,PK401C10600,396.0,0.0,0.0,0.0,10,171.5,852.0,10,383.0,396.0,396.0,396.0,3.0,1188.0,123
2023-05-10 14:04:59,PK401C10600,PK401C10600,396.0,0.0,0.0,0.0,1,178.0,852.0,10,383.0,396.0,396.0,396.0,3.0,1188.0,123
2023-05-10 14:05:00,PK401C10600,PK401C10600,396.0,0.0,0.0,0.0,10,178.5,852.0,10,383.0,396.0,396.0,396.0,3.0,1188.0,123
2023-05-10 14:05:00,PK401C10600,PK401C10600,396.0,0.0,0.0,0.0,1,185.0,852.0,10,383.0,396.0,396.0,396.0,3.0,1188.0,123
2023-05-10 14:05:01,PK401C10600,PK401C10600,396.0,0.0,0.0,0.0,10,185.5,852.0,10,383.0,396.0,396.0,396.0,3.0,1188.0,123
2023-05-10 14:05:02,PK401C10600,PK401C10600,396.0,0.0,0.0,0.0,1,192.0,852.0,10,383.0,396.0,396.0,396.0,3.0,1188.0,123
2023-05-10 14:05:03,PK401C10600,PK401C10600,396.0,0.0,0.0,0.0,10,192.5,852.0,10,383.0,396.0,396.0,396.0,3.0,1188.0,123
2023-05-10 14:05:04,PK401C10600,PK401C10600,396.0,0.0,0.0,0.0,1,199.0,852.0,10,383.0,396.0,396.0,396.0,3.0,1188.0,123
2023-05-10 14:05:05,PK401C10600,PK401C10600,396.0,0.0,0.0,0.0,10,199.5,852.0,10,383.0,396.0,396.0,396.0,3.0,1188.0,123
2023-05-10 14:05:06,PK401C10600,PK401C10600,396.0,0.0,0.0,0.0,1,206.0,852.0,10,383.0,396.0,396.0,396.0,3.0,1188.0,123
2023-05-10 14:05:06,PK401C10600,PK401C10600,396.0,0.0,0.0,0.0,10,206.5,852.0,10,383.0,396.0,396.0,396.0,3.0,1188.0,123
2023-05-10 14:05:07,PK401C10600,PK401C10600,396.0,0.0,0.0,0.0,1,213.0,852.0,10,383.0,396.0,396.0,396.0,3.0,1188.0,123
2023-05-10 14:05:07,PK401C10600,PK401C10600,396.0,0.0,0.0,0.0,10,213.5,852.0,10,383.0,396.0,396.0,396.0,3.0,1188.0,123
2023-05-10 14:05:08,PK401C10600,PK401C10600,396.0,0.0,0.0,0.0,1,217.0,852.0,10,383.0,396.0,396.0,396.0,3.0,1188.0,123
2023-05-10 14:05:09,PK401C10600,PK401C10600,396.0,0.0,0.0,0.0,10,217.5,852.0,10,383.0,396.0,396.0,396.0,3.0,1188.0,123
2023-05-10 14:05:10,PK401C10600,PK401C10600,396.0,0.0,0.0,0.0,1,218.0,852.0,10,383.0,396.0,396.0,396.0,3.0,1188.0,123
2023-05-10 14:05:10,PK401C10600,PK401C10600,396.0,0.0,0.0,0.0,10,218.5,852.0,10,383.0,396.0,396.0,396.0,3.0,1188.0,123
