time,symbol_id,symbol_name,last,trade_volume,trade_amount,open_interest_change,bv1,bp1,ap1,av1,yesterday_close,today_open,today_high,today_low,volume,amount,open_interest
2023-05-10 09:00:27,PK401C10000,PK401C10000,633.5,0.0,0.0,0.0,1,1.0,0.0,0,633.5,630.5,0.0,0.0,0.0,0.0,91
2023-05-10 09:00:46,PK401C10000,PK401C10000,633.5,0.0,0.0,0.0,1,1.5,0.0,0,633.5,630.5,0.0,0.0,0.0,0.0,91
2023-05-10 09:00:46,PK401C10000,PK401C10000,633.5,0.0,0.0,0.0,1,2.0,0.0,0,633.5,630.5,0.0,0.0,0.0,0.0,91
2023-05-10 09:01:39,PK401C10000,PK401C10000,633.5,0.0,0.0,0.0,10,2.5,0.0,0,633.5,630.5,0.0,0.0,0.0,0.0,91
2023-05-10 09:01:40,PK401C10000,PK401C10000,633.5,0.0,0.0,0.0,1,4.0,1339.5,10,633.5,630.5,0.0,0.0,0.0,0.0,91
2023-05-10 09:01:40,PK401C10000,PK401C10000,633.5,0.0,0.0,0.0,10,4.5,1339.5,10,633.5,630.5,0.0,0.0,0.0,0.0,91
2023-05-10 09:01:41,PK401C10000,PK401C10000,633.5,0.0,0.0,0.0,1,5.0,1339.5,10,633.5,630.5,0.0,0.0,0.0,0.0,91
2023-05-10 09:01:41,PK401C10000,PK401C10000,633.5,0.0,0.0,0.0,10,5.5,1339.5,10,633.5,630.5,0.0,0.0,0.0,0.0,91
2023-05-10 09:01:42,PK401C10000,PK401C10000,633.5,0.0,0.0,0.0,1,7.0,1338.0,1,633.5,630.5,0.0,0.0,0.0,0.0,91
2023-05-10 09:01:42,PK401C10000,PK401C10000,633.5,0.0,0.0,0.0,11,7.5,1337.5,10,633.5,630.5,0.0,0.0,0.0,0.0,91
2023-05-10 09:01:46,PK401C10000,PK401C10000,633.5,0.0,0.0,0.0,1,9.0,1336.0,1,633.5,630.5,0.0,0.0,0.0,0.0,91
2023-05-10 09:01:47,PK401C10000,PK401C10000,633.5,0.0,0.0,0.0,11,9.5,1335.5,10,633.5,630.5,0.0,0.0,0.0,0.0,91
2023-05-10 09:01:48,PK401C10000,PK401C10000,633.5,0.0,0.0,0.0,1,11.0,1334.0,1,633.5,630.5,0.0,0.0,0.0,0.0,91
2023-05-10 09:01:49,PK401C10000,PK401C10000,633.5,0.0,0.0,0.0,11,11.5,1333.5,10,633.5,630.5,0.0,0.0,0.0,0.0,91
2023-05-10 09:01:51,PK401C10000,PK401C10000,633.5,0.0,0.0,0.0,1,13.0,1332.0,1,633.5,630.5,0.0,0.0,0.0,0.0,91
2023-05-10 09:01:52,PK401C10000,PK401C10000,633.5,0.0,0.0,0.0,11,13.5,1331.5,10,633.5,630.5,0.0,0.0,0.0,0.0,91
2023-05-10 09:01:53,PK401C10000,PK401C10000,633.5,0.0,0.0,0.0,1,15.0,1331.5,10,633.5,630.5,0.0,0.0,0.0,0.0,91
2023-05-10 09:01:53,PK401C10000,PK401C10000,633.5,0.0,0.0,0.0,11,15.5,1330.0,1,633.5,630.5,0.0,0.0,0.0,0.0,91
2023-05-10 09:01:54,PK401C10000,PK401C10000,633.5,0.0,0.0,0.0,1,17.0,1329.5,10,633.5,630.5,0.0,0.0,0.0,0.0,91
2023-05-10 09:01:54,PK401C10000,PK401C10000,633.5,0.0,0.0,0.0,11,17.5,1328.0,1,633.5,630.5,0.0,0.0,0.0,0.0,91
2023-05-10 09:01:54,PK401C10000,PK401C10000,633.5,0.0,0.0,0.0,11,17.5,1327.5,10,633.5,630.5,0.0,0.0,0.0,0.0,91
2023-05-10 09:01:55,PK401C10000,PK401C10000,633.5,0.0,0.0,0.0,1,19.0,1326.0,1,633.5,630.5,0.0,0.0,0.0,0.0,91
2023-05-10 09:01:55,PK401C10000,PK401C10000,633.5,0.0,0.0,0.0,11,19.5,1325.5,10,633.5,630.5,0.0,0.0,0.0,0.0,91
2023-05-10 09:01:59,PK401C10000,PK401C10000,633.5,0.0,0.0,0.0,1,21.0,1324.0,1,633.5,630.5,0.0,0.0,0.0,0.0,91
2023-05-10 09:01:59,PK401C10000,PK401C10000,633.5,0.0,0.0,0.0,10,21.5,1323.5,10,633.5,630.5,0.0,0.0,0.0,0.0,91
2023-05-10 09:02:00,PK401C10000,PK401C10000,633.5,0.0,0.0,0.0,1,23.0,1322.0,1,633.5,630.5,0.0,0.0,0.0,0.0,91
2023-05-10 09:02:00,PK401C10000,PK401C10000,633.5,0.0,0.0,0.0,10,23.5,1321.5,10,633.5,630.5,0.0,0.0,0.0,0.0,91
2023-05-10 09:02:01,PK401C10000,PK401C10000,633.5,0.0,0.0,0.0,1,25.0,1320.0,1,633.5,630.5,0.0,0.0,0.0,0.0,91
2023-05-10 09:02:01,PK401C10000,PK401C10000,633.5,0.0,0.0,0.0,10,25.5,1319.5,10,633.5,630.5,0.0,0.0,0.0,0.0,91
2023-05-10 09:02:02,PK401C10000,PK401C10000,633.5,0.0,0.0,0.0,1,27.0,1318.0,1,633.5,630.5,0.0,0.0,0.0,0.0,91
2023-05-10 09:02:02,PK401C10000,PK401C10000,633.5,0.0,0.0,0.0,10,27.5,1317.5,10,633.5,630.5,0.0,0.0,0.0,0.0,91
2023-05-10 09:02:03,PK401C10000,PK401C10000,633.5,0.0,0.0,0.0,1,29.0,1316.0,1,633.5,630.5,0.0,0.0,0.0,0.0,91
2023-05-10 09:02:03,PK401C10000,PK401C10000,633.5,0.0,0.0,0.0,10,29.5,1315.5,10,633.5,630.5,0.0,0.0,0.0,0.0,91
2023-05-10 09:02:07,PK401C10000,PK401C10000,633.5,0.0,0.0,0.0,1,31.0,1314.0,1,633.5,630.5,0.0,0.0,0.0,0.0,91
2023-05-10 09:02:07,PK401C10000,PK401C10000,633.5,0.0,0.0,0.0,10,31.5,1313.5,10,633.5,630.5,0.0,0.0,0.0,0.0,91
2023-05-10 09:02:09,PK401C10000,PK401C10000,633.5,0.0,0.0,0.0,1,33.0,1312.0,1,633.5,630.5,0.0,0.0,0.0,0.0,91
2023-05-10 09:02:09,PK401C10000,PK401C10000,633.5,0.0,0.0,0.0,10,33.5,1311.5,10,633.5,630.5,0.0,0.0,0.0,0.0,91
2023-05-10 09:02:13,PK401C10000,PK401C10000,633.5,0.0,0.0,0.0,1,35.0,1310.0,1,633.5,630.5,0.0,0.0,0.0,0.0,91
2023-05-10 09:02:14,PK401C10000,PK401C10000,633.5,0.0,0.0,0.0,10,35.5,1309.5,10,633.5,630.5,0.0,0.0,0.0,0.0,91
2023-05-10 09:02:16,PK401C10000,PK401C10000,633.5,0.0,0.0,0.0,1,37.0,1308.0,1,633.5,630.5,0.0,0.0,0.0,0.0,91
2023-05-10 09:02:16,PK401C10000,PK401C10000,633.5,0.0,0.0,0.0,10,37.5,1307.5,10,633.5,630.5,0.0,0.0,0.0,0.0,91
2023-05-10 09:02:17,PK401C10000,PK401C10000,633.5,0.0,0.0,0.0,1,39.0,1306.0,1,633.5,630.5,0.0,0.0,0.0,0.0,91
2023-05-10 09:02:17,PK401C10000,PK401C10000,633.5,0.0,0.0,0.0,10,39.5,1305.5,10,633.5,630.5,0.0,0.0,0.0,0.0,91
2023-05-10 09:02:19,PK401C10000,PK401C10000,633.5,0.0,0.0,0.0,1,41.0,1304.0,1,633.5,630.5,0.0,0.0,0.0,0.0,91
2023-05-10 09:02:19,PK401C10000,PK401C10000,633.5,0.0,0.0,0.0,10,41.5,1303.5,10,633.5,630.5,0.0,0.0,0.0,0.0,91
2023-05-10 09:02:21,PK401C10000,PK401C10000,633.5,0.0,0.0,0.0,1,43.0,1302.0,1,633.5,630.5,0.0,0.0,0.0,0.0,91
2023-05-10 09:02:22,PK401C10000,PK401C10000,633.5,0.0,0.0,0.0,10,43.5,1301.5,10,633.5,630.5,0.0,0.0,0.0,0.0,91
2023-05-10 09:02:23,PK401C10000,PK401C10000,633.5,0.0,0.0,0.0,1,45.0,1301.5,10,633.5,630.5,0.0,0.0,0.0,0.0,91
2023-05-10 09:02:23,PK401C10000,PK401C10000,633.5,0.0,0.0,0.0,10,45.5,1300.0,1,633.5,630.5,0.0,0.0,0.0,0.0,91
2023-05-10 09:02:24,PK401C10000,PK401C10000,633.5,0.0,0.0,0.0,10,45.5,1299.5,10,633.5,630.5,0.0,0.0,0.0,0.0,91
2023-05-10 09:02:24,PK401C10000,PK401C10000,633.5,0.0,0.0,0.0,1,47.0,1299.5,10,633.5,630.5,0.0,0.0,0.0,0.0,91
2023-05-10 09:02:25,PK401C10000,PK401C10000,633.5,0.0,0.0,0.0,10,47.5,1298.0,1,633.5,630.5,0.0,0.0,0.0,0.0,91
2023-05-10 09:02:25,PK401C10000,PK401C10000,633.5,0.0,0.0,0.0,10,47.5,1297.5,10,633.5,630.5,0.0,0.0,0.0,0.0,91
2023-05-10 09:02:26,PK401C10000,PK401C10000,633.5,0.0,0.0,0.0,1,49.0,1297.5,10,633.5,630.5,0.0,0.0,0.0,0.0,91
2023-05-10 09:02:26,PK401C10000,PK401C10000,633.5,0.0,0.0,0.0,10,49.5,1296.0,1,633.5,630.5,0.0,0.0,0.0,0.0,91
2023-05-10 09:02:27,PK401C10000,PK401C10000,633.5,0.0,0.0,0.0,10,49.5,1295.5,10,633.5,630.5,0.0,0.0,0.0,0.0,91
2023-05-10 09:02:27,PK401C10000,PK401C10000,633.5,0.0,0.0,0.0,1,51.0,1295.5,10,633.5,630.5,0.0,0.0,0.0,0.0,91
2023-05-10 09:02:28,PK401C10000,PK401C10000,633.5,0.0,0.0,0.0,10,51.5,1294.0,1,633.5,630.5,0.0,0.0,0.0,0.0,91
2023-05-10 09:02:28,PK401C10000,PK401C10000,633.5,0.0,0.0,0.0,10,51.5,1293.5,10,633.5,630.5,0.0,0.0,0.0,0.0,91
2023-05-10 09:02:31,PK401C10000,PK401C10000,633.5,0.0,0.0,0.0,1,53.0,1292.0,1,633.5,630.5,0.0,0.0,0.0,0.0,91
2023-05-10 09:06:17,PK401C10000,PK401C10000,633.5,0.0,0.0,0.0,10,53.5,1291.5,10,633.5,630.5,0.0,0.0,0.0,0.0,91
2023-05-10 09:06:17,PK401C10000,PK401C10000,633.5,0.0,0.0,0.0,1,55.0,1290.0,1,633.5,630.5,0.0,0.0,0.0,0.0,91
2023-05-10 09:06:18,PK401C10000,PK401C10000,633.5,0.0,0.0,0.0,10,55.5,1289.5,10,633.5,630.5,0.0,0.0,0.0,0.0,91
2023-05-10 09:06:18,PK401C10000,PK401C10000,633.5,0.0,0.0,0.0,1,57.0,1288.0,1,633.5,630.5,0.0,0.0,0.0,0.0,91
2023-05-10 09:06:19,PK401C10000,PK401C10000,633.5,0.0,0.0,0.0,10,57.5,1287.5,10,633.5,630.5,0.0,0.0,0.0,0.0,91
2023-05-10 09:06:20,PK401C10000,PK401C10000,633.5,0.0,0.0,0.0,1,59.0,1286.0,1,633.5,630.5,0.0,0.0,0.0,0.0,91
2023-05-10 09:06:20,PK401C10000,PK401C10000,633.5,0.0,0.0,0.0,10,59.5,1285.5,10,633.5,630.5,0.0,0.0,0.0,0.0,91
2023-05-10 09:06:21,PK401C10000,PK401C10000,633.5,0.0,0.0,0.0,1,61.0,1284.0,1,633.5,630.5,0.0,0.0,0.0,0.0,91
2023-05-10 09:06:22,PK401C10000,PK401C10000,633.5,0.0,0.0,0.0,10,61.5,1283.5,10,633.5,630.5,0.0,0.0,0.0,0.0,91
2023-05-10 09:06:22,PK401C10000,PK401C10000,633.5,0.0,0.0,0.0,1,63.0,1282.0,1,633.5,630.5,0.0,0.0,0.0,0.0,91
2023-05-10 09:06:23,PK401C10000,PK401C10000,633.5,0.0,0.0,0.0,10,63.5,1281.5,10,633.5,630.5,0.0,0.0,0.0,0.0,91
2023-05-10 09:06:23,PK401C10000,PK401C10000,633.5,0.0,0.0,0.0,1,65.0,1281.5,10,633.5,630.5,0.0,0.0,0.0,0.0,91
2023-05-10 09:06:24,PK401C10000,PK401C10000,633.5,0.0,0.0,0.0,10,65.5,1280.0,1,633.5,630.5,0.0,0.0,0.0,0.0,91
2023-05-10 09:06:24,PK401C10000,PK401C10000,633.5,0.0,0.0,0.0,1,67.0,1279.5,10,633.5,630.5,0.0,0.0,0.0,0.0,91
2023-05-10 09:06:25,PK401C10000,PK401C10000,633.5,0.0,0.0,0.0,10,67.5,1279.5,10,633.5,630.5,0.0,0.0,0.0,0.0,91
2023-05-10 09:06:25,PK401C10000,PK401C10000,633.5,0.0,0.0,0.0,1,69.0,1278.0,1,633.5,630.5,0.0,0.0,0.0,0.0,91
2023-05-10 09:06:26,PK401C10000,PK401C10000,633.5,0.0,0.0,0.0,10,69.5,1277.5,10,633.5,630.5,0.0,0.0,0.0,0.0,91
2023-05-10 09:06:27,PK401C10000,PK401C10000,633.5,0.0,0.0,0.0,1,71.0,1276.0,1,633.5,630.5,0.0,0.0,0.0,0.0,91
2023-05-10 09:06:28,PK401C10000,PK401C10000,633.5,0.0,0.0,0.0,10,71.5,1275.5,10,633.5,630.5,0.0,0.0,0.0,0.0,91
2023-05-10 09:06:28,PK401C10000,PK401C10000,633.5,0.0,0.0,0.0,1,73.0,1274.0,1,633.5,630.5,0.0,0.0,0.0,0.0,91
2023-05-10 09:06:29,PK401C10000,PK401C10000,633.5,0.0,0.0,0.0,10,73.5,1273.5,10,633.5,630.5,0.0,0.0,0.0,0.0,91
2023-05-10 09:06:29,PK401C10000,PK401C10000,633.5,0.0,0.0,0.0,1,75.0,1272.0,1,633.5,630.5,0.0,0.0,0.0,0.0,91
2023-05-10 09:07:38,PK401C10000,PK401C10000,633.5,0.0,0.0,0.0,10,75.5,1271.5,10,633.5,630.5,0.0,0.0,0.0,0.0,91
2023-05-10 09:07:39,PK401C10000,PK401C10000,633.5,0.0,0.0,0.0,1,77.0,1270.0,1,633.5,630.5,0.0,0.0,0.0,0.0,91
2023-05-10 09:07:39,PK401C10000,PK401C10000,633.5,0.0,0.0,0.0,10,77.5,1269.5,10,633.5,630.5,0.0,0.0,0.0,0.0,91
2023-05-10 09:07:40,PK401C10000,PK401C10000,633.5,0.0,0.0,0.0,1,79.0,1268.0,1,633.5,630.5,0.0,0.0,0.0,0.0,91
2023-05-10 09:07:41,PK401C10000,PK401C10000,633.5,0.0,0.0,0.0,10,79.5,1267.5,10,633.5,630.5,0.0,0.0,0.0,0.0,91
2023-05-10 09:07:44,PK401C10000,PK401C10000,633.5,0.0,0.0,0.0,1,81.0,1266.0,1,633.5,630.5,0.0,0.0,0.0,0.0,91
2023-05-10 09:07:44,PK401C10000,PK401C10000,633.5,0.0,0.0,0.0,10,81.5,1265.5,10,633.5,630.5,0.0,0.0,0.0,0.0,91
2023-05-10 09:07:45,PK401C10000,PK401C10000,633.5,0.0,0.0,0.0,1,83.0,1264.0,1,633.5,630.5,0.0,0.0,0.0,0.0,91
2023-05-10 09:07:45,PK401C10000,PK401C10000,633.5,0.0,0.0,0.0,10,83.5,1263.5,10,633.5,630.5,0.0,0.0,0.0,0.0,91
2023-05-10 09:07:47,PK401C10000,PK401C10000,633.5,0.0,0.0,0.0,1,85.0,1262.0,1,633.5,630.5,0.0,0.0,0.0,0.0,91
2023-05-10 09:07:47,PK401C10000,PK401C10000,633.5,0.0,0.0,0.0,10,85.5,1261.5,10,633.5,630.5,0.0,0.0,0.0,0.0,91
2023-05-10 09:07:49,PK401C10000,PK401C10000,633.5,0.0,0.0,0.0,1,87.0,1260.0,1,633.5,630.5,0.0,0.0,0.0,0.0,91
2023-05-10 09:07:50,PK401C10000,PK401C10000,633.5,0.0,0.0,0.0,10,87.5,1259.5,10,633.5,630.5,0.0,0.0,0.0,0.0,91
2023-05-10 09:07:50,PK401C10000,PK401C10000,633.5,0.0,0.0,0.0,1,89.0,1258.0,1,633.5,630.5,0.0,0.0,0.0,0.0,91
2023-05-10 09:07:50,PK401C10000,PK401C10000,633.5,0.0,0.0,0.0,10,89.5,1257.5,10,633.5,630.5,0.0,0.0,0.0,0.0,91
2023-05-10 09:07:51,PK401C10000,PK401C10000,633.5,0.0,0.0,0.0,1,91.0,1256.0,1,633.5,630.5,0.0,0.0,0.0,0.0,91
2023-05-10 09:07:51,PK401C10000,PK401C10000,633.5,0.0,0.0,0.0,10,91.5,1255.5,10,633.5,630.5,0.0,0.0,0.0,0.0,91
2023-05-10 09:07:52,PK401C10000,PK401C10000,633.5,0.0,0.0,0.0,1,93.0,1254.0,1,633.5,630.5,0.0,0.0,0.0,0.0,91
2023-05-10 09:07:52,PK401C10000,PK401C10000,633.5,0.0,0.0,0.0,10,93.5,1253.5,10,633.5,630.5,0.0,0.0,0.0,0.0,91
2023-05-10 09:07:53,PK401C10000,PK401C10000,633.5,0.0,0.0,0.0,1,95.0,1252.0,1,633.5,630.5,0.0,0.0,0.0,0.0,91
2023-05-10 09:07:53,PK401C10000,PK401C10000,633.5,0.0,0.0,0.0,10,95.5,1251.5,10,633.5,630.5,0.0,0.0,0.0,0.0,91
2023-05-10 09:07:54,PK401C10000,PK401C10000,633.5,0.0,0.0,0.0,1,97.0,1250.0,1,633.5,630.5,0.0,0.0,0.0,0.0,91
2023-05-10 09:07:55,PK401C10000,PK401C10000,633.5,0.0,0.0,0.0,10,97.5,1249.5,10,633.5,630.5,0.0,0.0,0.0,0.0,91
2023-05-10 09:07:55,PK401C10000,PK401C10000,633.5,0.0,0.0,0.0,1,99.0,1248.0,1,633.5,630.5,0.0,0.0,0.0,0.0,91
2023-05-10 09:07:56,PK401C10000,PK401C10000,633.5,0.0,0.0,0.0,10,99.5,1247.5,10,633.5,630.5,0.0,0.0,0.0,0.0,91
2023-05-10 09:07:56,PK401C10000,PK401C10000,633.5,0.0,0.0,0.0,1,101.0,1246.0,1,633.5,630.5,0.0,0.0,0.0,0.0,91
2023-05-10 09:07:57,PK401C10000,PK401C10000,633.5,0.0,0.0,0.0,10,101.5,1245.5,10,633.5,630.5,0.0,0.0,0.0,0.0,91
2023-05-10 09:07:57,PK401C10000,PK401C10000,633.5,0.0,0.0,0.0,1,103.0,1244.0,1,633.5,630.5,0.0,0.0,0.0,0.0,91
2023-05-10 09:07:58,PK401C10000,PK401C10000,633.5,0.0,0.0,0.0,10,103.5,1243.5,10,633.5,630.5,0.0,0.0,0.0,0.0,91
2023-05-10 09:07:58,PK401C10000,PK401C10000,633.5,0.0,0.0,0.0,1,105.0,1242.0,1,633.5,630.5,0.0,0.0,0.0,0.0,91
2023-05-10 09:07:59,PK401C10000,PK401C10000,633.5,0.0,0.0,0.0,10,105.5,1241.5,10,633.5,630.5,0.0,0.0,0.0,0.0,91
2023-05-10 09:07:59,PK401C10000,PK401C10000,633.5,0.0,0.0,0.0,1,107.0,1240.0,1,633.5,630.5,0.0,0.0,0.0,0.0,91
2023-05-10 09:08:00,PK401C10000,PK401C10000,633.5,0.0,0.0,0.0,10,107.5,1239.5,10,633.5,630.5,0.0,0.0,0.0,0.0,91
2023-05-10 09:08:00,PK401C10000,PK401C10000,633.5,0.0,0.0,0.0,1,109.0,1238.0,1,633.5,630.5,0.0,0.0,0.0,0.0,91
2023-05-10 09:08:01,PK401C10000,PK401C10000,633.5,0.0,0.0,0.0,10,109.5,1237.5,10,633.5,630.5,0.0,0.0,0.0,0.0,91
2023-05-10 09:08:02,PK401C10000,PK401C10000,633.5,0.0,0.0,0.0,1,111.0,1236.0,1,633.5,630.5,0.0,0.0,0.0,0.0,91
2023-05-10 09:08:02,PK401C10000,PK401C10000,633.5,0.0,0.0,0.0,10,111.5,1235.5,10,633.5,630.5,0.0,0.0,0.0,0.0,91
2023-05-10 09:08:02,PK401C10000,PK401C10000,633.5,0.0,0.0,0.0,1,113.0,1234.0,1,633.5,630.5,0.0,0.0,0.0,0.0,91
2023-05-10 09:08:03,PK401C10000,PK401C10000,633.5,0.0,0.0,0.0,10,113.5,1233.5,10,633.5,630.5,0.0,0.0,0.0,0.0,91
2023-05-10 09:08:03,PK401C10000,PK401C10000,633.5,0.0,0.0,0.0,1,115.0,1232.0,1,633.5,630.5,0.0,0.0,0.0,0.0,91
2023-05-10 09:08:04,PK401C10000,PK401C10000,633.5,0.0,0.0,0.0,10,115.5,1231.5,10,633.5,630.5,0.0,0.0,0.0,0.0,91
2023-05-10 09:08:04,PK401C10000,PK401C10000,633.5,0.0,0.0,0.0,1,117.0,1230.0,1,633.5,630.5,0.0,0.0,0.0,0.0,91
2023-05-10 09:08:05,PK401C10000,PK401C10000,633.5,0.0,0.0,0.0,10,117.5,1229.5,10,633.5,630.5,0.0,0.0,0.0,0.0,91
2023-05-10 09:08:05,PK401C10000,PK401C10000,633.5,0.0,0.0,0.0,1,119.0,1228.0,1,633.5,630.5,0.0,0.0,0.0,0.0,91
2023-05-10 09:08:06,PK401C10000,PK401C10000,633.5,0.0,0.0,0.0,10,119.5,1227.5,10,633.5,630.5,0.0,0.0,0.0,0.0,91
2023-05-10 09:08:07,PK401C10000,PK401C10000,633.5,0.0,0.0,0.0,1,121.0,1226.0,1,633.5,630.5,0.0,0.0,0.0,0.0,91
2023-05-10 09:08:07,PK401C10000,PK401C10000,633.5,0.0,0.0,0.0,10,121.5,1225.5,10,633.5,630.5,0.0,0.0,0.0,0.0,91
2023-05-10 09:08:07,PK401C10000,PK401C10000,633.5,0.0,0.0,0.0,1,123.0,1224.0,1,633.5,630.5,0.0,0.0,0.0,0.0,91
2023-05-10 09:08:08,PK401C10000,PK401C10000,633.5,0.0,0.0,0.0,10,123.5,1223.5,10,633.5,630.5,0.0,0.0,0.0,0.0,91
2023-05-10 09:08:09,PK401C10000,PK401C10000,633.5,0.0,0.0,0.0,1,125.0,1222.0,1,633.5,630.5,0.0,0.0,0.0,0.0,91
2023-05-10 09:08:09,PK401C10000,PK401C10000,633.5,0.0,0.0,0.0,10,125.5,1221.5,10,633.5,630.5,0.0,0.0,0.0,0.0,91
2023-05-10 09:08:10,PK401C10000,PK401C10000,633.5,0.0,0.0,0.0,1,127.0,1220.0,1,633.5,630.5,0.0,0.0,0.0,0.0,91
2023-05-10 09:08:10,PK401C10000,PK401C10000,633.5,0.0,0.0,0.0,10,127.5,1219.5,10,633.5,630.5,0.0,0.0,0.0,0.0,91
2023-05-10 09:08:11,PK401C10000,PK401C10000,633.5,0.0,0.0,0.0,1,129.0,1218.0,1,633.5,630.5,0.0,0.0,0.0,0.0,91
2023-05-10 09:08:11,PK401C10000,PK401C10000,633.5,0.0,0.0,0.0,10,129.5,1217.5,10,633.5,630.5,0.0,0.0,0.0,0.0,91
2023-05-10 09:08:12,PK401C10000,PK401C10000,633.5,0.0,0.0,0.0,1,131.0,1216.0,1,633.5,630.5,0.0,0.0,0.0,0.0,91
2023-05-10 09:08:12,PK401C10000,PK401C10000,633.5,0.0,0.0,0.0,10,131.5,1215.5,10,633.5,630.5,0.0,0.0,0.0,0.0,91
2023-05-10 09:08:13,PK401C10000,PK401C10000,633.5,0.0,0.0,0.0,1,133.0,1214.0,1,633.5,630.5,0.0,0.0,0.0,0.0,91
2023-05-10 09:09:29,PK401C10000,PK401C10000,633.5,0.0,0.0,0.0,10,133.5,1213.5,10,633.5,630.5,0.0,0.0,0.0,0.0,91
2023-05-10 09:09:29,PK401C10000,PK401C10000,633.5,0.0,0.0,0.0,1,135.0,1212.0,1,633.5,630.5,0.0,0.0,0.0,0.0,91
2023-05-10 09:09:29,PK401C10000,PK401C10000,633.5,0.0,0.0,0.0,10,135.5,1211.5,10,633.5,630.5,0.0,0.0,0.0,0.0,91
2023-05-10 09:09:30,PK401C10000,PK401C10000,633.5,0.0,0.0,0.0,1,137.0,1210.0,1,633.5,630.5,0.0,0.0,0.0,0.0,91
2023-05-10 09:09:30,PK401C10000,PK401C10000,633.5,0.0,0.0,0.0,10,137.5,1209.5,10,633.5,630.5,0.0,0.0,0.0,0.0,91
2023-05-10 09:09:33,PK401C10000,PK401C10000,633.5,0.0,0.0,0.0,1,139.0,1208.0,1,633.5,630.5,0.0,0.0,0.0,0.0,91
2023-05-10 09:09:33,PK401C10000,PK401C10000,633.5,0.0,0.0,0.0,10,139.5,1207.5,10,633.5,630.5,0.0,0.0,0.0,0.0,91
2023-05-10 09:09:34,PK401C10000,PK401C10000,633.5,0.0,0.0,0.0,1,141.0,1206.0,1,633.5,630.5,0.0,0.0,0.0,0.0,91
2023-05-10 09:09:34,PK401C10000,PK401C10000,633.5,0.0,0.0,0.0,10,141.5,1205.5,10,633.5,630.5,0.0,0.0,0.0,0.0,91
2023-05-10 09:09:35,PK401C10000,PK401C10000,633.5,0.0,0.0,0.0,1,143.0,1204.0,1,633.5,630.5,0.0,0.0,0.0,0.0,91
2023-05-10 09:09:36,PK401C10000,PK401C10000,633.5,0.0,0.0,0.0,10,143.5,1203.5,10,633.5,630.5,0.0,0.0,0.0,0.0,91
2023-05-10 09:09:37,PK401C10000,PK401C10000,633.5,0.0,0.0,0.0,1,145.0,1202.0,1,633.5,630.5,0.0,0.0,0.0,0.0,91
2023-05-10 09:09:37,PK401C10000,PK401C10000,633.5,0.0,0.0,0.0,10,145.5,1201.5,10,633.5,630.5,0.0,0.0,0.0,0.0,91
2023-05-10 09:09:39,PK401C10000,PK401C10000,633.5,0.0,0.0,0.0,1,147.0,1200.0,1,633.5,630.5,0.0,0.0,0.0,0.0,91
2023-05-10 09:09:39,PK401C10000,PK401C10000,633.5,0.0,0.0,0.0,10,147.5,1199.5,10,633.5,630.5,0.0,0.0,0.0,0.0,91
2023-05-10 09:09:41,PK401C10000,PK401C10000,633.5,0.0,0.0,0.0,1,149.0,1198.0,1,633.5,630.5,0.0,0.0,0.0,0.0,91
2023-05-10 09:10:20,PK401C10000,PK401C10000,633.5,0.0,0.0,0.0,10,149.5,1197.5,10,633.5,630.5,0.0,0.0,0.0,0.0,91
2023-05-10 09:10:20,PK401C10000,PK401C10000,633.5,0.0,0.0,0.0,1,151.0,1196.0,1,633.5,630.5,0.0,0.0,0.0,0.0,91
2023-05-10 09:10:20,PK401C10000,PK401C10000,633.5,0.0,0.0,0.0,10,151.5,1195.5,10,633.5,630.5,0.0,0.0,0.0,0.0,91
2023-05-10 09:10:21,PK401C10000,PK401C10000,633.5,0.0,0.0,0.0,1,153.0,1194.0,1,633.5,630.5,0.0,0.0,0.0,0.0,91
2023-05-10 09:10:21,PK401C10000,PK401C10000,633.5,0.0,0.0,0.0,10,153.5,1193.5,10,633.5,630.5,0.0,0.0,0.0,0.0,91
2023-05-10 09:10:22,PK401C10000,PK401C10000,633.5,0.0,0.0,0.0,1,155.0,1192.0,1,633.5,630.5,0.0,0.0,0.0,0.0,91
2023-05-10 09:10:22,PK401C10000,PK401C10000,633.5,0.0,0.0,0.0,10,155.5,1191.5,10,633.5,630.5,0.0,0.0,0.0,0.0,91
2023-05-10 09:10:25,PK401C10000,PK401C10000,633.5,0.0,0.0,0.0,1,157.0,1190.0,1,633.5,630.5,0.0,0.0,0.0,0.0,91
2023-05-10 09:18:30,PK401C10000,PK401C10000,633.5,0.0,0.0,0.0,10,157.5,1189.5,10,633.5,630.5,0.0,0.0,0.0,0.0,91
2023-05-10 09:18:31,PK401C10000,PK401C10000,633.5,0.0,0.0,0.0,1,159.0,1188.0,1,633.5,630.5,0.0,0.0,0.0,0.0,91
2023-05-10 09:18:31,PK401C10000,PK401C10000,633.5,0.0,0.0,0.0,10,159.5,1187.5,10,633.5,630.5,0.0,0.0,0.0,0.0,91
2023-05-10 09:18:33,PK401C10000,PK401C10000,633.5,0.0,0.0,0.0,1,161.0,1186.0,1,633.5,630.5,0.0,0.0,0.0,0.0,91
2023-05-10 09:18:33,PK401C10000,PK401C10000,633.5,0.0,0.0,0.0,10,161.5,1185.5,10,633.5,630.5,0.0,0.0,0.0,0.0,91
2023-05-10 09:18:34,PK401C10000,PK401C10000,633.5,0.0,0.0,0.0,10,161.5,1184.0,1,633.5,630.5,0.0,0.0,0.0,0.0,91
2023-05-10 09:18:34,PK401C10000,PK401C10000,633.5,0.0,0.0,0.0,1,163.0,1183.5,10,633.5,630.5,0.0,0.0,0.0,0.0,91
2023-05-10 09:18:35,PK401C10000,PK401C10000,633.5,0.0,0.0,0.0,10,163.5,1183.5,10,633.5,630.5,0.0,0.0,0.0,0.0,91
2023-05-10 09:18:35,PK401C10000,PK401C10000,633.5,0.0,0.0,0.0,1,165.0,1182.0,1,633.5,630.5,0.0,0.0,0.0,0.0,91
2023-05-10 09:18:36,PK401C10000,PK401C10000,633.5,0.0,0.0,0.0,10,165.5,1181.5,10,633.5,630.5,0.0,0.0,0.0,0.0,91
2023-05-10 09:18:36,PK401C10000,PK401C10000,633.5,0.0,0.0,0.0,1,167.0,1180.0,1,633.5,630.5,0.0,0.0,0.0,0.0,91
2023-05-10 09:18:37,PK401C10000,PK401C10000,633.5,0.0,0.0,0.0,10,167.5,1179.5,10,633.5,630.5,0.0,0.0,0.0,0.0,91
2023-05-10 09:18:37,PK401C10000,PK401C10000,633.5,0.0,0.0,0.0,1,169.0,1178.0,1,633.5,630.5,0.0,0.0,0.0,0.0,91
2023-05-10 09:18:38,PK401C10000,PK401C10000,633.5,0.0,0.0,0.0,10,169.5,1177.5,10,633.5,630.5,0.0,0.0,0.0,0.0,91
2023-05-10 09:18:41,PK401C10000,PK401C10000,633.5,0.0,0.0,0.0,1,171.0,1176.0,1,633.5,630.5,0.0,0.0,0.0,0.0,91
2023-05-10 09:18:42,PK401C10000,PK401C10000,633.5,0.0,0.0,0.0,10,171.5,1175.5,10,633.5,630.5,0.0,0.0,0.0,0.0,91
2023-05-10 09:18:42,PK401C10000,PK401C10000,633.5,0.0,0.0,0.0,1,173.0,1174.0,1,633.5,630.5,0.0,0.0,0.0,0.0,91
2023-05-10 09:18:43,PK401C10000,PK401C10000,633.5,0.0,0.0,0.0,10,173.5,1173.5,10,633.5,630.5,0.0,0.0,0.0,0.0,91
2023-05-10 09:18:43,PK401C10000,PK401C10000,633.5,0.0,0.0,0.0,1,175.0,1172.0,1,633.5,630.5,0.0,0.0,0.0,0.0,91
2023-05-10 09:19:39,PK401C10000,PK401C10000,633.5,0.0,0.0,0.0,10,175.5,1171.5,10,633.5,630.5,0.0,0.0,0.0,0.0,91
2023-05-10 09:19:40,PK401C10000,PK401C10000,633.5,0.0,0.0,0.0,1,177.0,1170.0,1,633.5,630.5,0.0,0.0,0.0,0.0,91
2023-05-10 09:19:40,PK401C10000,PK401C10000,633.5,0.0,0.0,0.0,10,177.5,1169.5,10,633.5,630.5,0.0,0.0,0.0,0.0,91
2023-05-10 09:19:41,PK401C10000,PK401C10000,633.5,0.0,0.0,0.0,1,179.0,1168.0,1,633.5,630.5,0.0,0.0,0.0,0.0,91
2023-05-10 09:19:41,PK401C10000,PK401C10000,633.5,0.0,0.0,0.0,10,179.5,1167.5,10,633.5,630.5,0.0,0.0,0.0,0.0,91
2023-05-10 09:19:47,PK401C10000,PK401C10000,633.5,0.0,0.0,0.0,1,181.0,1166.0,1,633.5,630.5,0.0,0.0,0.0,0.0,91
2023-05-10 09:19:47,PK401C10000,PK401C10000,633.5,0.0,0.0,0.0,10,181.5,1165.5,10,633.5,630.5,0.0,0.0,0.0,0.0,91
2023-05-10 09:19:48,PK401C10000,PK401C10000,633.5,0.0,0.0,0.0,1,183.0,1164.0,1,633.5,630.5,0.0,0.0,0.0,0.0,91
2023-05-10 09:19:48,PK401C10000,PK401C10000,633.5,0.0,0.0,0.0,10,183.5,1163.5,10,633.5,630.5,0.0,0.0,0.0,0.0,91
2023-05-10 09:19:49,PK401C10000,PK401C10000,633.5,0.0,0.0,0.0,1,185.0,1162.0,1,633.5,630.5,0.0,0.0,0.0,0.0,91
2023-05-10 09:19:49,PK401C10000,PK401C10000,633.5,0.0,0.0,0.0,10,185.5,1161.5,10,633.5,630.5,0.0,0.0,0.0,0.0,91
2023-05-10 09:19:50,PK401C10000,PK401C10000,633.5,0.0,0.0,0.0,1,187.0,1160.0,1,633.5,630.5,0.0,0.0,0.0,0.0,91
2023-05-10 09:21:12,PK401C10000,PK401C10000,633.5,0.0,0.0,0.0,10,187.5,1159.5,10,633.5,630.5,0.0,0.0,0.0,0.0,91
2023-05-10 09:21:12,PK401C10000,PK401C10000,633.5,0.0,0.0,0.0,1,189.0,1158.0,1,633.5,630.5,0.0,0.0,0.0,0.0,91
2023-05-10 09:22:07,PK401C10000,PK401C10000,633.5,0.0,0.0,0.0,10,189.5,1157.5,10,633.5,630.5,0.0,0.0,0.0,0.0,91
2023-05-10 09:22:07,PK401C10000,PK401C10000,633.5,0.0,0.0,0.0,1,191.0,1156.0,1,633.5,630.5,0.0,0.0,0.0,0.0,91
2023-05-10 09:22:08,PK401C10000,PK401C10000,633.5,0.0,0.0,0.0,10,191.5,1155.5,10,633.5,630.5,0.0,0.0,0.0,0.0,91
2023-05-10 09:22:13,PK401C10000,PK401C10000,633.5,0.0,0.0,0.0,1,193.0,1154.0,1,633.5,630.5,0.0,0.0,0.0,0.0,91
2023-05-10 09:22:14,PK401C10000,PK401C10000,633.5,0.0,0.0,0.0,10,193.5,1153.5,10,633.5,630.5,0.0,0.0,0.0,0.0,91
2023-05-10 09:22:14,PK401C10000,PK401C10000,633.5,0.0,0.0,0.0,1,195.0,1152.0,1,633.5,630.5,0.0,0.0,0.0,0.0,91
2023-05-10 09:22:15,PK401C10000,PK401C10000,633.5,0.0,0.0,0.0,10,195.5,1151.5,10,633.5,630.5,0.0,0.0,0.0,0.0,91
2023-05-10 09:22:16,PK401C10000,PK401C10000,633.5,0.0,0.0,0.0,1,197.0,1151.5,10,633.5,630.5,0.0,0.0,0.0,0.0,91
2023-05-10 09:22:17,PK401C10000,PK401C10000,633.5,0.0,0.0,0.0,10,197.5,1151.5,10,633.5,630.5,0.0,0.0,0.0,0.0,91
2023-05-10 09:22:20,PK401C10000,PK401C10000,633.5,0.0,0.0,0.0,1,199.0,1150.0,1,633.5,630.5,0.0,0.0,0.0,0.0,91
2023-05-10 09:22:21,PK401C10000,PK401C10000,633.5,0.0,0.0,0.0,10,199.5,1149.5,10,633.5,630.5,0.0,0.0,0.0,0.0,91
2023-05-10 09:22:24,PK401C10000,PK401C10000,633.5,0.0,0.0,0.0,1,201.0,1149.5,10,633.5,630.5,0.0,0.0,0.0,0.0,91
2023-05-10 09:22:25,PK401C10000,PK401C10000,633.5,0.0,0.0,0.0,10,201.5,1149.5,10,633.5,630.5,0.0,0.0,0.0,0.0,91
2023-05-10 09:22:25,PK401C10000,PK401C10000,633.5,0.0,0.0,0.0,1,203.0,1148.0,1,633.5,630.5,0.0,0.0,0.0,0.0,91
2023-05-10 09:22:26,PK401C10000,PK401C10000,633.5,0.0,0.0,0.0,10,203.5,1147.5,10,633.5,630.5,0.0,0.0,0.0,0.0,91
2023-05-10 09:22:27,PK401C10000,PK401C10000,633.5,0.0,0.0,0.0,1,205.0,1147.5,10,633.5,630.5,0.0,0.0,0.0,0.0,91
2023-05-10 09:22:28,PK401C10000,PK401C10000,633.5,0.0,0.0,0.0,10,205.5,1146.0,1,633.5,630.5,0.0,0.0,0.0,0.0,91
2023-05-10 09:22:28,PK401C10000,PK401C10000,633.5,0.0,0.0,0.0,10,205.5,1145.5,10,633.5,630.5,0.0,0.0,0.0,0.0,91
2023-05-10 09:22:31,PK401C10000,PK401C10000,633.5,0.0,0.0,0.0,1,207.0,1144.0,1,633.5,630.5,0.0,0.0,0.0,0.0,91
2023-05-10 09:22:31,PK401C10000,PK401C10000,633.5,0.0,0.0,0.0,10,207.5,1143.5,10,633.5,630.5,0.0,0.0,0.0,0.0,91
2023-05-10 09:22:32,PK401C10000,PK401C10000,633.5,0.0,0.0,0.0,10,207.5,1142.0,1,633.5,630.5,0.0,0.0,0.0,0.0,91
2023-05-10 09:22:32,PK401C10000,PK401C10000,633.5,0.0,0.0,0.0,1,209.0,1141.5,10,633.5,630.5,0.0,0.0,0.0,0.0,91
2023-05-10 09:22:33,PK401C10000,PK401C10000,633.5,0.0,0.0,0.0,10,209.5,1141.5,10,633.5,630.5,0.0,0.0,0.0,0.0,91
2023-05-10 09:22:36,PK401C10000,PK401C10000,633.5,0.0,0.0,0.0,1,211.0,1140.0,1,633.5,630.5,0.0,0.0,0.0,0.0,91
2023-05-10 09:22:37,PK401C10000,PK401C10000,633.5,0.0,0.0,0.0,10,211.5,1139.5,10,633.5,630.5,0.0,0.0,0.0,0.0,91
2023-05-10 09:22:37,PK401C10000,PK401C10000,633.5,0.0,0.0,0.0,1,213.0,1138.0,1,633.5,630.5,0.0,0.0,0.0,0.0,91
2023-05-10 09:22:38,PK401C10000,PK401C10000,633.5,0.0,0.0,0.0,10,213.5,1137.5,10,633.5,630.5,0.0,0.0,0.0,0.0,91
2023-05-10 09:22:42,PK401C10000,PK401C10000,633.5,0.0,0.0,0.0,1,215.0,1137.5,10,633.5,630.5,0.0,0.0,0.0,0.0,91
2023-05-10 09:22:43,PK401C10000,PK401C10000,633.5,0.0,0.0,0.0,10,215.5,1137.5,10,633.5,630.5,0.0,0.0,0.0,0.0,91
2023-05-10 09:22:43,PK401C10000,PK401C10000,633.5,0.0,0.0,0.0,1,217.0,1136.0,1,633.5,630.5,0.0,0.0,0.0,0.0,91
2023-05-10 09:22:44,PK401C10000,PK401C10000,633.5,0.0,0.0,0.0,10,217.5,1135.5,10,633.5,630.5,0.0,0.0,0.0,0.0,91
2023-05-10 09:22:47,PK401C10000,PK401C10000,633.5,0.0,0.0,0.0,1,219.0,1134.0,1,633.5,630.5,0.0,0.0,0.0,0.0,91
2023-05-10 09:22:48,PK401C10000,PK401C10000,633.5,0.0,0.0,0.0,10,219.5,1133.5,10,633.5,630.5,0.0,0.0,0.0,0.0,91
2023-05-10 09:22:49,PK401C10000,PK401C10000,633.5,0.0,0.0,0.0,1,221.0,1132.0,1,633.5,630.5,0.0,0.0,0.0,0.0,91
2023-05-10 09:22:50,PK401C10000,PK401C10000,633.5,0.0,0.0,0.0,10,221.5,1131.5,10,633.5,630.5,0.0,0.0,0.0,0.0,91
2023-05-10 09:22:53,PK401C10000,PK401C10000,633.5,0.0,0.0,0.0,10,223.5,1130.0,1,633.5,630.5,0.0,0.0,0.0,0.0,91
2023-05-10 09:22:54,PK401C10000,PK401C10000,633.5,0.0,0.0,0.0,10,223.5,1129.5,10,633.5,630.5,0.0,0.0,0.0,0.0,91
2023-05-10 09:22:54,PK401C10000,PK401C10000,633.5,0.0,0.0,0.0,1,225.0,1128.0,1,633.5,630.5,0.0,0.0,0.0,0.0,91
2023-05-10 09:22:55,PK401C10000,PK401C10000,633.5,0.0,0.0,0.0,10,225.5,1127.5,10,633.5,630.5,0.0,0.0,0.0,0.0,91
2023-05-10 09:22:55,PK401C10000,PK401C10000,633.5,0.0,0.0,0.0,1,227.0,1126.0,1,633.5,630.5,0.0,0.0,0.0,0.0,91
2023-05-10 09:22:56,PK401C10000,PK401C10000,633.5,0.0,0.0,0.0,10,227.5,1125.5,10,633.5,630.5,0.0,0.0,0.0,0.0,91
2023-05-10 09:22:57,PK401C10000,PK401C10000,633.5,0.0,0.0,0.0,1,229.0,1124.0,1,633.5,630.5,0.0,0.0,0.0,0.0,91
2023-05-10 09:22:58,PK401C10000,PK401C10000,633.5,0.0,0.0,0.0,10,229.5,1123.5,10,633.5,630.5,0.0,0.0,0.0,0.0,91
2023-05-10 09:22:59,PK401C10000,PK401C10000,633.5,0.0,0.0,0.0,1,231.0,1122.0,1,633.5,630.5,0.0,0.0,0.0,0.0,91
2023-05-10 09:23:00,PK401C10000,PK401C10000,633.5,0.0,0.0,0.0,10,231.5,1121.5,10,633.5,630.5,0.0,0.0,0.0,0.0,91
2023-05-10 09:23:02,PK401C10000,PK401C10000,633.5,0.0,0.0,0.0,1,233.0,1121.5,10,633.5,630.5,0.0,0.0,0.0,0.0,91
2023-05-10 09:23:03,PK401C10000,PK401C10000,633.5,0.0,0.0,0.0,10,233.5,1121.5,10,633.5,630.5,0.0,0.0,0.0,0.0,91
2023-05-10 09:23:04,PK401C10000,PK401C10000,633.5,0.0,0.0,0.0,1,235.0,1121.5,10,633.5,630.5,0.0,0.0,0.0,0.0,91
2023-05-10 09:23:05,PK401C10000,PK401C10000,633.5,0.0,0.0,0.0,10,235.5,1120.0,1,633.5,630.5,0.0,0.0,0.0,0.0,91
2023-05-10 09:23:05,PK401C10000,PK401C10000,633.5,0.0,0.0,0.0,1,237.0,1119.5,10,633.5,630.5,0.0,0.0,0.0,0.0,91
2023-05-10 09:23:06,PK401C10000,PK401C10000,633.5,0.0,0.0,0.0,10,237.5,1119.5,10,633.5,630.5,0.0,0.0,0.0,0.0,91
2023-05-10 09:23:06,PK401C10000,PK401C10000,633.5,0.0,0.0,0.0,1,239.0,1119.5,10,633.5,630.5,0.0,0.0,0.0,0.0,91
2023-05-10 09:23:07,PK401C10000,PK401C10000,633.5,0.0,0.0,0.0,10,239.5,1119.5,10,633.5,630.5,0.0,0.0,0.0,0.0,91
2023-05-10 09:23:08,PK401C10000,PK401C10000,633.5,0.0,0.0,0.0,1,241.0,1118.0,1,633.5,630.5,0.0,0.0,0.0,0.0,91
2023-05-10 09:23:09,PK401C10000,PK401C10000,633.5,0.0,0.0,0.0,10,241.5,1117.5,10,633.5,630.5,0.0,0.0,0.0,0.0,91
2023-05-10 09:23:12,PK401C10000,PK401C10000,633.5,0.0,0.0,0.0,1,243.0,1116.0,1,633.5,630.5,0.0,0.0,0.0,0.0,91
2023-05-10 09:23:13,PK401C10000,PK401C10000,633.5,0.0,0.0,0.0,10,243.5,1115.5,10,633.5,630.5,0.0,0.0,0.0,0.0,91
2023-05-10 09:23:13,PK401C10000,PK401C10000,633.5,0.0,0.0,0.0,1,245.0,1115.5,10,633.5,630.5,0.0,0.0,0.0,0.0,91
2023-05-10 09:23:14,PK401C10000,PK401C10000,633.5,0.0,0.0,0.0,10,245.5,1115.5,10,633.5,630.5,0.0,0.0,0.0,0.0,91
2023-05-10 09:23:14,PK401C10000,PK401C10000,633.5,0.0,0.0,0.0,1,247.0,1114.0,1,633.5,630.5,0.0,0.0,0.0,0.0,91
2023-05-10 09:23:15,PK401C10000,PK401C10000,633.5,0.0,0.0,0.0,10,247.5,1113.5,10,633.5,630.5,0.0,0.0,0.0,0.0,91
2023-05-10 09:23:16,PK401C10000,PK401C10000,633.5,0.0,0.0,0.0,1,249.0,1112.0,1,633.5,630.5,0.0,0.0,0.0,0.0,91
2023-05-10 09:23:17,PK401C10000,PK401C10000,633.5,0.0,0.0,0.0,10,249.5,1111.5,10,633.5,630.5,0.0,0.0,0.0,0.0,91
2023-05-10 09:23:17,PK401C10000,PK401C10000,633.5,0.0,0.0,0.0,1,251.0,1110.0,1,633.5,630.5,0.0,0.0,0.0,0.0,91
2023-05-10 09:23:18,PK401C10000,PK401C10000,633.5,0.0,0.0,0.0,10,251.5,1109.5,10,633.5,630.5,0.0,0.0,0.0,0.0,91
2023-05-10 09:23:19,PK401C10000,PK401C10000,633.5,0.0,0.0,0.0,1,253.0,1108.0,1,633.5,630.5,0.0,0.0,0.0,0.0,91
2023-05-10 09:23:20,PK401C10000,PK401C10000,633.5,0.0,0.0,0.0,10,253.5,1107.5,10,633.5,630.5,0.0,0.0,0.0,0.0,91
2023-05-10 09:23:20,PK401C10000,PK401C10000,633.5,0.0,0.0,0.0,1,255.0,1106.0,1,633.5,630.5,0.0,0.0,0.0,0.0,91
2023-05-10 09:23:21,PK401C10000,PK401C10000,633.5,0.0,0.0,0.0,10,255.5,1105.5,10,633.5,630.5,0.0,0.0,0.0,0.0,91
2023-05-10 09:23:22,PK401C10000,PK401C10000,633.5,0.0,0.0,0.0,1,257.0,1104.0,1,633.5,630.5,0.0,0.0,0.0,0.0,91
2023-05-10 09:23:23,PK401C10000,PK401C10000,633.5,0.0,0.0,0.0,10,257.5,1103.5,10,633.5,630.5,0.0,0.0,0.0,0.0,91
2023-05-10 09:23:23,PK401C10000,PK401C10000,633.5,0.0,0.0,0.0,1,259.0,1102.0,1,633.5,630.5,0.0,0.0,0.0,0.0,91
2023-05-10 09:23:24,PK401C10000,PK401C10000,633.5,0.0,0.0,0.0,10,259.5,1101.5,10,633.5,630.5,0.0,0.0,0.0,0.0,91
2023-05-10 09:23:24,PK401C10000,PK401C10000,633.5,0.0,0.0,0.0,1,261.0,1100.0,1,633.5,630.5,0.0,0.0,0.0,0.0,91
2023-05-10 09:23:25,PK401C10000,PK401C10000,633.5,0.0,0.0,0.0,10,261.5,1099.5,10,633.5,630.5,0.0,0.0,0.0,0.0,91
2023-05-10 09:23:25,PK401C10000,PK401C10000,633.5,0.0,0.0,0.0,1,263.0,1098.0,1,633.5,630.5,0.0,0.0,0.0,0.0,91
2023-05-10 09:23:26,PK401C10000,PK401C10000,633.5,0.0,0.0,0.0,10,263.5,1097.5,10,633.5,630.5,0.0,0.0,0.0,0.0,91
2023-05-10 09:23:27,PK401C10000,PK401C10000,633.5,0.0,0.0,0.0,1,265.0,1096.0,1,633.5,630.5,0.0,0.0,0.0,0.0,91
2023-05-10 09:23:28,PK401C10000,PK401C10000,633.5,0.0,0.0,0.0,10,265.5,1095.5,10,633.5,630.5,0.0,0.0,0.0,0.0,91
2023-05-10 09:23:28,PK401C10000,PK401C10000,633.5,0.0,0.0,0.0,1,267.0,1094.0,1,633.5,630.5,0.0,0.0,0.0,0.0,91
2023-05-10 09:23:29,PK401C10000,PK401C10000,633.5,0.0,0.0,0.0,10,267.5,1093.5,10,633.5,630.5,0.0,0.0,0.0,0.0,91
2023-05-10 09:23:29,PK401C10000,PK401C10000,633.5,0.0,0.0,0.0,1,269.0,1092.0,1,633.5,630.5,0.0,0.0,0.0,0.0,91
2023-05-10 09:23:30,PK401C10000,PK401C10000,633.5,0.0,0.0,0.0,10,269.5,1091.5,10,633.5,630.5,0.0,0.0,0.0,0.0,91
2023-05-10 09:23:31,PK401C10000,PK401C10000,633.5,0.0,0.0,0.0,1,271.0,1090.0,1,633.5,630.5,0.0,0.0,0.0,0.0,91
2023-05-10 09:23:32,PK401C10000,PK401C10000,633.5,0.0,0.0,0.0,10,271.5,1089.5,10,633.5,630.5,0.0,0.0,0.0,0.0,91
2023-05-10 09:23:33,PK401C10000,PK401C10000,633.5,0.0,0.0,0.0,1,273.0,1088.0,1,633.5,630.5,0.0,0.0,0.0,0.0,91
2023-05-10 09:23:34,PK401C10000,PK401C10000,633.5,0.0,0.0,0.0,10,273.5,1087.5,10,633.5,630.5,0.0,0.0,0.0,0.0,91
2023-05-10 09:23:36,PK401C10000,PK401C10000,633.5,0.0,0.0,0.0,1,275.0,1086.0,1,633.5,630.5,0.0,0.0,0.0,0.0,91
2023-05-10 09:23:37,PK401C10000,PK401C10000,633.5,0.0,0.0,0.0,10,275.5,1085.5,10,633.5,630.5,0.0,0.0,0.0,0.0,91
2023-05-10 09:23:37,PK401C10000,PK401C10000,633.5,0.0,0.0,0.0,1,277.0,1084.0,1,633.5,630.5,0.0,0.0,0.0,0.0,91
2023-05-10 09:23:38,PK401C10000,PK401C10000,633.5,0.0,0.0,0.0,10,277.5,1083.5,10,633.5,630.5,0.0,0.0,0.0,0.0,91
2023-05-10 09:23:40,PK401C10000,PK401C10000,633.5,0.0,0.0,0.0,1,279.0,1082.0,1,633.5,630.5,0.0,0.0,0.0,0.0,91
2023-05-10 09:23:41,PK401C10000,PK401C10000,633.5,0.0,0.0,0.0,10,279.5,1081.5,10,633.5,630.5,0.0,0.0,0.0,0.0,91
2023-05-10 09:23:41,PK401C10000,PK401C10000,633.5,0.0,0.0,0.0,1,281.0,1080.0,1,633.5,630.5,0.0,0.0,0.0,0.0,91
2023-05-10 09:23:42,PK401C10000,PK401C10000,633.5,0.0,0.0,0.0,10,281.5,1079.5,10,633.5,630.5,0.0,0.0,0.0,0.0,91
2023-05-10 09:23:42,PK401C10000,PK401C10000,633.5,0.0,0.0,0.0,1,283.0,1078.0,1,633.5,630.5,0.0,0.0,0.0,0.0,91
2023-05-10 09:23:43,PK401C10000,PK401C10000,633.5,0.0,0.0,0.0,10,283.5,1077.5,10,633.5,630.5,0.0,0.0,0.0,0.0,91
2023-05-10 09:23:43,PK401C10000,PK401C10000,633.5,0.0,0.0,0.0,1,285.0,1076.0,1,633.5,630.5,0.0,0.0,0.0,0.0,91
2023-05-10 09:23:44,PK401C10000,PK401C10000,633.5,0.0,0.0,0.0,10,285.5,1075.5,10,633.5,630.5,0.0,0.0,0.0,0.0,91
2023-05-10 09:23:44,PK401C10000,PK401C10000,633.5,0.0,0.0,0.0,1,287.0,1074.0,1,633.5,630.5,0.0,0.0,0.0,0.0,91
2023-05-10 09:24:49,PK401C10000,PK401C10000,633.5,0.0,0.0,0.0,10,287.5,1073.5,10,633.5,630.5,0.0,0.0,0.0,0.0,91
2023-05-10 09:24:50,PK401C10000,PK401C10000,633.5,0.0,0.0,0.0,1,289.0,1072.0,1,633.5,630.5,0.0,0.0,0.0,0.0,91
2023-05-10 09:24:50,PK401C10000,PK401C10000,633.5,0.0,0.0,0.0,10,289.5,1071.5,10,633.5,630.5,0.0,0.0,0.0,0.0,91
2023-05-10 09:24:51,PK401C10000,PK401C10000,633.5,0.0,0.0,0.0,1,291.0,1070.0,1,633.5,630.5,0.0,0.0,0.0,0.0,91
2023-05-10 09:24:51,PK401C10000,PK401C10000,633.5,0.0,0.0,0.0,10,291.5,1069.5,10,633.5,630.5,0.0,0.0,0.0,0.0,91
2023-05-10 09:24:52,PK401C10000,PK401C10000,633.5,0.0,0.0,0.0,1,293.0,1068.0,1,633.5,630.5,0.0,0.0,0.0,0.0,91
2023-05-10 09:24:52,PK401C10000,PK401C10000,633.5,0.0,0.0,0.0,10,293.5,1067.5,10,633.5,630.5,0.0,0.0,0.0,0.0,91
2023-05-10 09:24:55,PK401C10000,PK401C10000,633.5,0.0,0.0,0.0,1,295.0,1066.0,1,633.5,630.5,0.0,0.0,0.0,0.0,91
2023-05-10 09:24:55,PK401C10000,PK401C10000,633.5,0.0,0.0,0.0,10,295.5,1065.5,10,633.5,630.5,0.0,0.0,0.0,0.0,91
2023-05-10 09:24:59,PK401C10000,PK401C10000,633.5,0.0,0.0,0.0,1,297.0,1065.5,10,633.5,630.5,0.0,0.0,0.0,0.0,91
2023-05-10 09:24:59,PK401C10000,PK401C10000,633.5,0.0,0.0,0.0,10,297.5,1065.5,10,633.5,630.5,0.0,0.0,0.0,0.0,91
2023-05-10 09:25:00,PK401C10000,PK401C10000,633.5,0.0,0.0,0.0,1,299.0,1064.0,1,633.5,630.5,0.0,0.0,0.0,0.0,91
2023-05-10 09:25:00,PK401C10000,PK401C10000,633.5,0.0,0.0,0.0,10,299.5,1063.5,10,633.5,630.5,0.0,0.0,0.0,0.0,91
2023-05-10 09:25:01,PK401C10000,PK401C10000,633.5,0.0,0.0,0.0,1,301.0,1062.0,1,633.5,630.5,0.0,0.0,0.0,0.0,91
2023-05-10 09:25:01,PK401C10000,PK401C10000,633.5,0.0,0.0,0.0,10,301.5,1061.5,10,633.5,630.5,0.0,0.0,0.0,0.0,91
2023-05-10 09:25:06,PK401C10000,PK401C10000,633.5,0.0,0.0,0.0,1,303.0,1060.0,1,633.5,630.5,0.0,0.0,0.0,0.0,91
2023-05-10 09:25:06,PK401C10000,PK401C10000,633.5,0.0,0.0,0.0,10,303.5,1059.5,10,633.5,630.5,0.0,0.0,0.0,0.0,91
2023-05-10 09:25:12,PK401C10000,PK401C10000,633.5,0.0,0.0,0.0,1,305.0,1058.0,1,633.5,630.5,0.0,0.0,0.0,0.0,91
2023-05-10 09:25:12,PK401C10000,PK401C10000,633.5,0.0,0.0,0.0,10,305.5,1057.5,10,633.5,630.5,0.0,0.0,0.0,0.0,91
2023-05-10 09:25:15,PK401C10000,PK401C10000,633.5,0.0,0.0,0.0,1,307.0,1056.0,1,633.5,630.5,0.0,0.0,0.0,0.0,91
2023-05-10 09:27:30,PK401C10000,PK401C10000,633.5,0.0,0.0,0.0,10,307.5,1055.5,10,633.5,630.5,0.0,0.0,0.0,0.0,91
2023-05-10 09:27:31,PK401C10000,PK401C10000,633.5,0.0,0.0,0.0,1,309.0,1054.0,1,633.5,630.5,0.0,0.0,0.0,0.0,91
2023-05-10 09:27:31,PK401C10000,PK401C10000,633.5,0.0,0.0,0.0,10,309.5,1053.5,10,633.5,630.5,0.0,0.0,0.0,0.0,91
2023-05-10 09:27:37,PK401C10000,PK401C10000,633.5,0.0,0.0,0.0,1,311.0,1052.0,1,633.5,630.5,0.0,0.0,0.0,0.0,91
2023-05-10 09:27:37,PK401C10000,PK401C10000,633.5,0.0,0.0,0.0,10,311.5,1051.5,10,633.5,630.5,0.0,0.0,0.0,0.0,91
2023-05-10 09:27:39,PK401C10000,PK401C10000,633.5,0.0,0.0,0.0,1,313.0,1050.0,1,633.5,630.5,0.0,0.0,0.0,0.0,91
2023-05-10 09:27:39,PK401C10000,PK401C10000,633.5,0.0,0.0,0.0,10,313.5,1049.5,10,633.5,630.5,0.0,0.0,0.0,0.0,91
2023-05-10 09:27:41,PK401C10000,PK401C10000,633.5,0.0,0.0,0.0,1,315.0,1048.0,1,633.5,630.5,0.0,0.0,0.0,0.0,91
2023-05-10 09:27:41,PK401C10000,PK401C10000,633.5,0.0,0.0,0.0,10,315.5,1047.5,10,633.5,630.5,0.0,0.0,0.0,0.0,91
2023-05-10 09:27:41,PK401C10000,PK401C10000,633.5,0.0,0.0,0.0,1,317.0,1046.0,1,633.5,630.5,0.0,0.0,0.0,0.0,91
2023-05-10 09:27:42,PK401C10000,PK401C10000,633.5,0.0,0.0,0.0,10,317.5,1045.5,10,633.5,630.5,0.0,0.0,0.0,0.0,91
2023-05-10 09:27:43,PK401C10000,PK401C10000,633.5,0.0,0.0,0.0,1,319.0,1044.0,1,633.5,630.5,0.0,0.0,0.0,0.0,91
2023-05-10 09:28:05,PK401C10000,PK401C10000,633.5,0.0,0.0,0.0,10,319.5,1043.5,10,633.5,630.5,0.0,0.0,0.0,0.0,91
2023-05-10 09:28:05,PK401C10000,PK401C10000,633.5,0.0,0.0,0.0,1,321.0,1042.0,1,633.5,630.5,0.0,0.0,0.0,0.0,91
2023-05-10 09:28:33,PK401C10000,PK401C10000,633.5,0.0,0.0,0.0,10,321.5,1041.5,10,633.5,630.5,0.0,0.0,0.0,0.0,91
2023-05-10 09:28:34,PK401C10000,PK401C10000,633.5,0.0,0.0,0.0,1,323.0,1040.0,1,633.5,630.5,0.0,0.0,0.0,0.0,91
2023-05-10 09:28:36,PK401C10000,PK401C10000,633.5,0.0,0.0,0.0,10,323.5,1039.5,10,633.5,630.5,0.0,0.0,0.0,0.0,91
2023-05-10 09:28:37,PK401C10000,PK401C10000,633.5,0.0,0.0,0.0,1,325.0,1038.0,1,633.5,630.5,0.0,0.0,0.0,0.0,91
2023-05-10 09:29:16,PK401C10000,PK401C10000,633.5,0.0,0.0,0.0,10,325.5,1037.5,10,633.5,630.5,0.0,0.0,0.0,0.0,91
2023-05-10 09:29:16,PK401C10000,PK401C10000,633.5,0.0,0.0,0.0,1,327.0,1036.0,1,633.5,630.5,0.0,0.0,0.0,0.0,91
2023-05-10 09:29:16,PK401C10000,PK401C10000,633.5,0.0,0.0,0.0,10,327.5,1035.5,10,633.5,630.5,0.0,0.0,0.0,0.0,91
2023-05-10 09:29:18,PK401C10000,PK401C10000,633.5,0.0,0.0,0.0,1,329.0,1034.0,1,633.5,630.5,0.0,0.0,0.0,0.0,91
2023-05-10 09:29:18,PK401C10000,PK401C10000,633.5,0.0,0.0,0.0,10,329.5,1033.5,10,633.5,630.5,0.0,0.0,0.0,0.0,91
2023-05-10 09:29:20,PK401C10000,PK401C10000,633.5,0.0,0.0,0.0,1,331.0,1032.0,1,633.5,630.5,0.0,0.0,0.0,0.0,91
2023-05-10 09:29:20,PK401C10000,PK401C10000,633.5,0.0,0.0,0.0,10,331.5,1031.5,10,633.5,630.5,0.0,0.0,0.0,0.0,91
2023-05-10 09:29:21,PK401C10000,PK401C10000,633.5,0.0,0.0,0.0,1,333.0,1030.0,1,633.5,630.5,0.0,0.0,0.0,0.0,91
2023-05-10 09:30:25,PK401C10000,PK401C10000,633.5,0.0,0.0,0.0,10,333.5,1029.5,10,633.5,630.5,0.0,0.0,0.0,0.0,91
2023-05-10 09:30:26,PK401C10000,PK401C10000,633.5,0.0,0.0,0.0,1,335.0,1028.0,1,633.5,630.5,0.0,0.0,0.0,0.0,91
2023-05-10 09:30:54,PK401C10000,PK401C10000,633.5,0.0,0.0,0.0,10,335.5,1027.5,10,633.5,630.5,0.0,0.0,0.0,0.0,91
2023-05-10 09:30:54,PK401C10000,PK401C10000,633.5,0.0,0.0,0.0,1,337.0,1026.0,1,633.5,630.5,0.0,0.0,0.0,0.0,91
2023-05-10 09:30:55,PK401C10000,PK401C10000,633.5,0.0,0.0,0.0,10,337.5,1025.5,10,633.5,630.5,0.0,0.0,0.0,0.0,91
2023-05-10 09:30:57,PK401C10000,PK401C10000,633.5,0.0,0.0,0.0,1,339.0,1024.0,1,633.5,630.5,0.0,0.0,0.0,0.0,91
2023-05-10 09:32:25,PK401C10000,PK401C10000,633.5,0.0,0.0,0.0,10,339.5,1023.5,10,633.5,630.5,0.0,0.0,0.0,0.0,91
2023-05-10 09:32:26,PK401C10000,PK401C10000,633.5,0.0,0.0,0.0,1,341.0,1022.0,1,633.5,630.5,0.0,0.0,0.0,0.0,91
2023-05-10 09:32:26,PK401C10000,PK401C10000,633.5,0.0,0.0,0.0,10,341.5,1021.5,10,633.5,630.5,0.0,0.0,0.0,0.0,91
2023-05-10 09:32:34,PK401C10000,PK401C10000,633.5,0.0,0.0,0.0,1,343.0,1020.0,1,633.5,630.5,0.0,0.0,0.0,0.0,91
2023-05-10 09:33:18,PK401C10000,PK401C10000,633.5,0.0,0.0,0.0,10,343.5,1019.5,10,633.5,630.5,0.0,0.0,0.0,0.0,91
2023-05-10 09:33:19,PK401C10000,PK401C10000,633.5,0.0,0.0,0.0,1,345.0,1018.0,1,633.5,630.5,0.0,0.0,0.0,0.0,91
2023-05-10 09:33:20,PK401C10000,PK401C10000,633.5,0.0,0.0,0.0,10,345.5,1017.5,10,633.5,630.5,0.0,0.0,0.0,0.0,91
2023-05-10 09:33:20,PK401C10000,PK401C10000,633.5,0.0,0.0,0.0,1,347.0,1016.0,1,633.5,630.5,0.0,0.0,0.0,0.0,91
2023-05-10 09:34:06,PK401C10000,PK401C10000,633.5,0.0,0.0,0.0,10,347.5,1015.5,10,633.5,630.5,0.0,0.0,0.0,0.0,91
2023-05-10 09:34:07,PK401C10000,PK401C10000,633.5,0.0,0.0,0.0,1,349.0,1014.0,1,633.5,630.5,0.0,0.0,0.0,0.0,91
2023-05-10 09:34:40,PK401C10000,PK401C10000,633.5,0.0,0.0,0.0,10,349.5,1013.5,10,633.5,630.5,0.0,0.0,0.0,0.0,91
2023-05-10 09:34:40,PK401C10000,PK401C10000,633.5,0.0,0.0,0.0,1,351.0,1012.0,1,633.5,630.5,0.0,0.0,0.0,0.0,91
2023-05-10 09:35:32,PK401C10000,PK401C10000,633.5,0.0,0.0,0.0,10,351.5,1011.5,10,633.5,630.5,0.0,0.0,0.0,0.0,91
2023-05-10 09:35:32,PK401C10000,PK401C10000,633.5,0.0,0.0,0.0,1,353.0,1010.0,1,633.5,630.5,0.0,0.0,0.0,0.0,91
2023-05-10 09:35:33,PK401C10000,PK401C10000,633.5,0.0,0.0,0.0,10,353.5,1009.5,10,633.5,630.5,0.0,0.0,0.0,0.0,91
2023-05-10 09:35:37,PK401C10000,PK401C10000,633.5,0.0,0.0,0.0,1,355.0,1008.0,1,633.5,630.5,0.0,0.0,0.0,0.0,91
2023-05-10 09:36:01,PK401C10000,PK401C10000,633.5,0.0,0.0,0.0,10,355.5,1007.5,10,633.5,630.5,0.0,0.0,0.0,0.0,91
2023-05-10 09:36:01,PK401C10000,PK401C10000,633.5,0.0,0.0,0.0,1,357.0,1006.0,1,633.5,630.5,0.0,0.0,0.0,0.0,91
2023-05-10 09:36:06,PK401C10000,PK401C10000,633.5,0.0,0.0,0.0,10,357.5,1005.5,10,633.5,630.5,0.0,0.0,0.0,0.0,91
2023-05-10 09:36:06,PK401C10000,PK401C10000,633.5,0.0,0.0,0.0,1,359.0,1004.0,1,633.5,630.5,0.0,0.0,0.0,0.0,91
2023-05-10 09:36:37,PK401C10000,PK401C10000,633.5,0.0,0.0,0.0,10,359.5,1003.5,10,633.5,630.5,0.0,0.0,0.0,0.0,91
2023-05-10 09:36:37,PK401C10000,PK401C10000,633.5,0.0,0.0,0.0,1,361.0,1002.0,1,633.5,630.5,0.0,0.0,0.0,0.0,91
2023-05-10 09:38:42,PK401C10000,PK401C10000,633.5,0.0,0.0,0.0,10,361.5,1001.5,10,633.5,630.5,0.0,0.0,0.0,0.0,91
2023-05-10 09:38:42,PK401C10000,PK401C10000,633.5,0.0,0.0,0.0,1,363.0,1000.0,1,633.5,630.5,0.0,0.0,0.0,0.0,91
2023-05-10 09:38:43,PK401C10000,PK401C10000,633.5,0.0,0.0,0.0,10,363.5,999.5,10,633.5,630.5,0.0,0.0,0.0,0.0,91
2023-05-10 09:38:48,PK401C10000,PK401C10000,633.5,0.0,0.0,0.0,1,365.0,998.0,1,633.5,630.5,0.0,0.0,0.0,0.0,91
2023-05-10 09:38:49,PK401C10000,PK401C10000,633.5,0.0,0.0,0.0,10,365.5,997.5,10,633.5,630.5,0.0,0.0,0.0,0.0,91
2023-05-10 09:38:50,PK401C10000,PK401C10000,633.5,0.0,0.0,0.0,1,367.0,996.0,1,633.5,630.5,0.0,0.0,0.0,0.0,91
2023-05-10 09:38:51,PK401C10000,PK401C10000,633.5,0.0,0.0,0.0,10,367.5,995.5,10,633.5,630.5,0.0,0.0,0.0,0.0,91
2023-05-10 09:38:53,PK401C10000,PK401C10000,633.5,0.0,0.0,0.0,1,369.0,994.0,1,633.5,630.5,0.0,0.0,0.0,0.0,91
2023-05-10 09:39:11,PK401C10000,PK401C10000,633.5,0.0,0.0,0.0,10,369.5,993.5,10,633.5,630.5,0.0,0.0,0.0,0.0,91
2023-05-10 09:39:12,PK401C10000,PK401C10000,633.5,0.0,0.0,0.0,1,371.0,992.0,1,633.5,630.5,0.0,0.0,0.0,0.0,91
2023-05-10 09:39:12,PK401C10000,PK401C10000,633.5,0.0,0.0,0.0,10,371.5,991.5,10,633.5,630.5,0.0,0.0,0.0,0.0,91
2023-05-10 09:39:17,PK401C10000,PK401C10000,633.5,0.0,0.0,0.0,1,373.0,990.0,1,633.5,630.5,0.0,0.0,0.0,0.0,91
2023-05-10 09:39:17,PK401C10000,PK401C10000,633.5,0.0,0.0,0.0,10,373.5,989.5,10,633.5,630.5,0.0,0.0,0.0,0.0,91
2023-05-10 09:39:22,PK401C10000,PK401C10000,633.5,0.0,0.0,0.0,1,375.0,989.5,10,633.5,630.5,0.0,0.0,0.0,0.0,91
2023-05-10 09:39:22,PK401C10000,PK401C10000,633.5,0.0,0.0,0.0,10,375.5,989.5,10,633.5,630.5,0.0,0.0,0.0,0.0,91
2023-05-10 09:39:27,PK401C10000,PK401C10000,633.5,0.0,0.0,0.0,1,377.0,988.0,1,633.5,630.5,0.0,0.0,0.0,0.0,91
2023-05-10 09:39:27,PK401C10000,PK401C10000,633.5,0.0,0.0,0.0,10,377.5,987.5,10,633.5,630.5,0.0,0.0,0.0,0.0,91
2023-05-10 09:39:29,PK401C10000,PK401C10000,633.5,0.0,0.0,0.0,1,379.0,986.0,1,633.5,630.5,0.0,0.0,0.0,0.0,91
2023-05-10 09:40:28,PK401C10000,PK401C10000,633.5,0.0,0.0,0.0,10,379.5,985.5,10,633.5,630.5,0.0,0.0,0.0,0.0,91
2023-05-10 09:40:28,PK401C10000,PK401C10000,633.5,0.0,0.0,0.0,1,381.0,984.0,1,633.5,630.5,0.0,0.0,0.0,0.0,91
2023-05-10 09:42:29,PK401C10000,PK401C10000,633.5,0.0,0.0,0.0,10,381.5,983.5,10,633.5,630.5,0.0,0.0,0.0,0.0,91
2023-05-10 09:42:29,PK401C10000,PK401C10000,633.5,0.0,0.0,0.0,1,383.0,982.0,1,633.5,630.5,0.0,0.0,0.0,0.0,91
2023-05-10 09:42:30,PK401C10000,PK401C10000,633.5,0.0,0.0,0.0,10,383.5,981.5,10,633.5,630.5,0.0,0.0,0.0,0.0,91
2023-05-10 09:42:33,PK401C10000,PK401C10000,633.5,0.0,0.0,0.0,1,385.0,980.0,1,633.5,630.5,0.0,0.0,0.0,0.0,91
2023-05-10 09:42:34,PK401C10000,PK401C10000,633.5,0.0,0.0,0.0,10,385.5,979.5,10,633.5,630.5,0.0,0.0,0.0,0.0,91
2023-05-10 09:42:34,PK401C10000,PK401C10000,633.5,0.0,0.0,0.0,1,387.0,978.0,1,633.5,630.5,0.0,0.0,0.0,0.0,91
2023-05-10 09:42:35,PK401C10000,PK401C10000,633.5,0.0,0.0,0.0,10,387.5,977.5,10,633.5,630.5,0.0,0.0,0.0,0.0,91
2023-05-10 09:42:35,PK401C10000,PK401C10000,633.5,0.0,0.0,0.0,1,389.0,976.0,1,633.5,630.5,0.0,0.0,0.0,0.0,91
2023-05-10 09:42:36,PK401C10000,PK401C10000,633.5,0.0,0.0,0.0,10,389.5,975.5,10,633.5,630.5,0.0,0.0,0.0,0.0,91
2023-05-10 09:42:37,PK401C10000,PK401C10000,633.5,0.0,0.0,0.0,1,391.0,974.0,1,633.5,630.5,0.0,0.0,0.0,0.0,91
2023-05-10 09:42:37,PK401C10000,PK401C10000,633.5,0.0,0.0,0.0,10,391.5,973.5,10,633.5,630.5,0.0,0.0,0.0,0.0,91
2023-05-10 09:42:38,PK401C10000,PK401C10000,633.5,0.0,0.0,0.0,1,393.0,972.0,1,633.5,630.5,0.0,0.0,0.0,0.0,91
2023-05-10 09:42:38,PK401C10000,PK401C10000,633.5,0.0,0.0,0.0,10,393.5,971.5,10,633.5,630.5,0.0,0.0,0.0,0.0,91
2023-05-10 09:42:39,PK401C10000,PK401C10000,633.5,0.0,0.0,0.0,1,395.0,970.0,1,633.5,630.5,0.0,0.0,0.0,0.0,91
2023-05-10 09:42:39,PK401C10000,PK401C10000,633.5,0.0,0.0,0.0,10,395.5,969.5,10,633.5,630.5,0.0,0.0,0.0,0.0,91
2023-05-10 09:42:40,PK401C10000,PK401C10000,633.5,0.0,0.0,0.0,1,397.0,968.0,1,633.5,630.5,0.0,0.0,0.0,0.0,91
2023-05-10 09:44:44,PK401C10000,PK401C10000,633.5,0.0,0.0,0.0,10,397.5,967.5,10,633.5,630.5,0.0,0.0,0.0,0.0,91
2023-05-10 09:49:14,PK401C10000,PK401C10000,633.5,0.0,0.0,0.0,10,397.5,670.0,5,633.5,630.5,0.0,0.0,0.0,0.0,91
2023-05-10 09:49:47,PK401C10000,PK401C10000,633.5,0.0,0.0,0.0,10,397.5,660.0,5,633.5,630.5,0.0,0.0,0.0,0.0,91
2023-05-10 09:53:46,PK401C10000,PK401C10000,633.5,0.0,0.0,0.0,5,450.0,660.0,5,633.5,630.5,0.0,0.0,0.0,0.0,91
2023-05-10 09:56:34,PK401C10000,PK401C10000,633.5,0.0,0.0,0.0,10,450.5,660.0,5,633.5,630.5,0.0,0.0,0.0,0.0,91
2023-05-10 10:14:33,PK401C10000,PK401C10000,633.5,0.0,0.0,0.0,5,450.0,660.0,5,633.5,630.5,0.0,0.0,0.0,0.0,91
2023-05-10 10:30:08,PK401C10000,PK401C10000,633.5,0.0,0.0,0.0,10,450.5,660.0,5,633.5,630.5,0.0,0.0,0.0,0.0,91
2023-05-10 10:40:31,PK401C10000,PK401C10000,633.5,0.0,0.0,0.0,1,454.0,660.0,5,633.5,630.5,0.0,0.0,0.0,0.0,91
2023-05-10 10:40:31,PK401C10000,PK401C10000,633.5,0.0,0.0,0.0,10,454.5,660.0,5,633.5,630.5,0.0,0.0,0.0,0.0,91
2023-05-10 10:40:32,PK401C10000,PK401C10000,633.5,0.0,0.0,0.0,1,455.0,660.0,5,633.5,630.5,0.0,0.0,0.0,0.0,91
2023-05-10 10:40:33,PK401C10000,PK401C10000,633.5,0.0,0.0,0.0,10,455.5,660.0,5,633.5,630.5,0.0,0.0,0.0,0.0,91
2023-05-10 10:40:33,PK401C10000,PK401C10000,633.5,0.0,0.0,0.0,1,456.0,660.0,5,633.5,630.5,0.0,0.0,0.0,0.0,91
2023-05-10 10:40:34,PK401C10000,PK401C10000,633.5,0.0,0.0,0.0,10,456.5,660.0,5,633.5,630.5,0.0,0.0,0.0,0.0,91
2023-05-10 10:40:34,PK401C10000,PK401C10000,633.5,0.0,0.0,0.0,1,463.0,660.0,5,633.5,630.5,0.0,0.0,0.0,0.0,91
2023-05-10 10:40:35,PK401C10000,PK401C10000,633.5,0.0,0.0,0.0,10,463.5,660.0,5,633.5,630.5,0.0,0.0,0.0,0.0,91
2023-05-10 10:40:35,PK401C10000,PK401C10000,633.5,0.0,0.0,0.0,1,467.0,660.0,5,633.5,630.5,0.0,0.0,0.0,0.0,91
2023-05-10 10:40:36,PK401C10000,PK401C10000,633.5,0.0,0.0,0.0,10,467.5,660.0,5,633.5,630.5,0.0,0.0,0.0,0.0,91
2023-05-10 10:40:36,PK401C10000,PK401C10000,633.5,0.0,0.0,0.0,1,468.0,660.0,5,633.5,630.5,0.0,0.0,0.0,0.0,91
2023-05-10 10:40:37,PK401C10000,PK401C10000,633.5,0.0,0.0,0.0,10,468.5,660.0,5,633.5,630.5,0.0,0.0,0.0,0.0,91
2023-05-10 10:40:38,PK401C10000,PK401C10000,633.5,0.0,0.0,0.0,1,469.0,660.0,5,633.5,630.5,0.0,0.0,0.0,0.0,91
2023-05-10 10:40:38,PK401C10000,PK401C10000,633.5,0.0,0.0,0.0,10,469.5,660.0,5,633.5,630.5,0.0,0.0,0.0,0.0,91
2023-05-10 10:40:39,PK401C10000,PK401C10000,633.5,0.0,0.0,0.0,1,470.0,660.0,5,633.5,630.5,0.0,0.0,0.0,0.0,91
2023-05-10 10:40:39,PK401C10000,PK401C10000,633.5,0.0,0.0,0.0,10,470.5,660.0,5,633.5,630.5,0.0,0.0,0.0,0.0,91
2023-05-10 10:40:40,PK401C10000,PK401C10000,633.5,0.0,0.0,0.0,1,471.0,660.0,5,633.5,630.5,0.0,0.0,0.0,0.0,91
2023-05-10 10:40:41,PK401C10000,PK401C10000,633.5,0.0,0.0,0.0,10,471.5,660.0,5,633.5,630.5,0.0,0.0,0.0,0.0,91
2023-05-10 10:40:42,PK401C10000,PK401C10000,633.5,0.0,0.0,0.0,1,472.0,660.0,5,633.5,630.5,0.0,0.0,0.0,0.0,91
2023-05-10 10:40:42,PK401C10000,PK401C10000,633.5,0.0,0.0,0.0,10,472.5,660.0,5,633.5,630.5,0.0,0.0,0.0,0.0,91
2023-05-10 11:29:32,PK401C10000,PK401C10000,633.5,0.0,0.0,0.0,5,450.0,660.0,5,633.5,630.5,0.0,0.0,0.0,0.0,91
2023-05-10 13:30:03,PK401C10000,PK401C10000,633.5,0.0,0.0,0.0,10,450.5,660.0,5,633.5,630.5,0.0,0.0,0.0,0.0,91
2023-05-10 14:01:44,PK401C10000,PK401C10000,633.5,0.0,0.0,0.0,13,450.5,660.0,8,633.5,630.5,0.0,0.0,0.0,0.0,91
2023-05-10 14:01:45,PK401C10000,PK401C10000,633.5,0.0,0.0,0.0,3,630.5,660.0,8,633.5,630.5,0.0,0.0,0.0,0.0,91
2023-05-10 14:01:45,PK401C10000,PK401C10000,630.5,12.0,7566.0,6.0,3,620.5,630.5,3,633.5,630.5,630.5,630.5,12.0,7566.0,97
2023-05-10 14:01:46,PK401C10000,PK401C10000,630.5,0.0,0.0,0.0,3,603.5,630.5,3,633.5,630.5,630.5,630.5,12.0,7566.0,97
2023-05-10 14:01:48,PK401C10000,PK401C10000,630.5,0.0,0.0,0.0,3,610.5,630.5,3,633.5,630.5,630.5,630.5,12.0,7566.0,97
2023-05-10 14:01:50,PK401C10000,PK401C10000,630.5,0.0,0.0,0.0,6,610.5,630.5,6,633.5,630.5,630.5,630.5,12.0,7566.0,97
2023-05-10 14:01:52,PK401C10000,PK401C10000,630.5,0.0,0.0,0.0,12,610.5,630.5,12,633.5,630.5,630.5,630.5,12.0,7566.0,97
2023-05-10 14:01:59,PK401C10000,PK401C10000,630.5,0.0,0.0,0.0,9,610.5,630.5,12,633.5,630.5,630.5,630.5,12.0,7566.0,97
2023-05-10 14:02:02,PK401C10000,PK401C10000,630.5,0.0,0.0,0.0,6,610.5,630.5,9,633.5,630.5,630.5,630.5,12.0,7566.0,97
2023-05-10 14:02:03,PK401C10000,PK401C10000,630.5,0.0,0.0,0.0,3,610.5,630.5,6,633.5,630.5,630.5,630.5,12.0,7566.0,97
2023-05-10 14:02:04,PK401C10000,PK401C10000,630.5,0.0,0.0,0.0,10,450.5,630.5,3,633.5,630.5,630.5,630.5,12.0,7566.0,97
2023-05-10 14:02:05,PK401C10000,PK401C10000,630.5,0.0,0.0,0.0,1,457.0,630.5,3,633.5,630.5,630.5,630.5,12.0,7566.0,97
2023-05-10 14:02:05,PK401C10000,PK401C10000,630.5,0.0,0.0,0.0,10,457.5,630.5,3,633.5,630.5,630.5,630.5,12.0,7566.0,97
2023-05-10 14:02:33,PK401C10000,PK401C10000,630.5,0.0,0.0,0.0,1,458.0,630.5,3,633.5,630.5,630.5,630.5,12.0,7566.0,97
2023-05-10 14:02:34,PK401C10000,PK401C10000,630.5,0.0,0.0,0.0,10,458.5,630.5,3,633.5,630.5,630.5,630.5,12.0,7566.0,97
2023-05-10 14:03:01,PK401C10000,PK401C10000,630.5,0.0,0.0,0.0,3,625.0,630.5,3,633.5,630.5,630.5,630.5,12.0,7566.0,97
2023-05-10 14:03:02,PK401C10000,PK401C10000,630.5,0.0,0.0,0.0,6,625.0,630.5,6,633.5,630.5,630.5,630.5,12.0,7566.0,97
2023-05-10 14:03:06,PK401C10000,PK401C10000,630.5,0.0,0.0,0.0,9,625.0,630.5,9,633.5,630.5,630.5,630.5,12.0,7566.0,97
2023-05-10 14:03:09,PK401C10000,PK401C10000,630.5,0.0,0.0,0.0,12,625.0,630.5,15,633.5,630.5,630.5,630.5,12.0,7566.0,97
2023-05-10 14:03:13,PK401C10000,PK401C10000,630.5,0.0,0.0,0.0,6,625.0,630.5,12,633.5,630.5,630.5,630.5,12.0,7566.0,97
2023-05-10 14:03:18,PK401C10000,PK401C10000,625.0,6.0,3747.0,6.0,1,458.0,630.5,6,633.5,630.5,630.5,625.0,18.0,11313.0,103
2023-05-10 14:03:18,PK401C10000,PK401C10000,625.0,0.0,0.0,0.0,10,458.5,630.5,6,633.5,630.5,630.5,625.0,18.0,11313.0,103
2023-05-10 14:03:19,PK401C10000,PK401C10000,625.0,0.0,0.0,0.0,1,459.0,630.5,3,633.5,630.5,630.5,625.0,18.0,11313.0,103
2023-05-10 14:03:20,PK401C10000,PK401C10000,625.0,0.0,0.0,0.0,10,459.5,630.5,3,633.5,630.5,630.5,625.0,18.0,11313.0,103
2023-05-10 14:03:20,PK401C10000,PK401C10000,625.0,0.0,0.0,0.0,1,460.0,630.5,3,633.5,630.5,630.5,625.0,18.0,11313.0,103
2023-05-10 14:03:20,PK401C10000,PK401C10000,625.0,0.0,0.0,0.0,10,460.5,630.5,3,633.5,630.5,630.5,625.0,18.0,11313.0,103
2023-05-10 14:03:21,PK401C10000,PK401C10000,625.0,0.0,0.0,0.0,1,461.0,630.5,3,633.5,630.5,630.5,625.0,18.0,11313.0,103
2023-05-10 14:03:21,PK401C10000,PK401C10000,625.0,0.0,0.0,0.0,10,461.5,630.5,3,633.5,630.5,630.5,625.0,18.0,11313.0,103
2023-05-10 14:03:22,PK401C10000,PK401C10000,625.0,0.0,0.0,0.0,1,462.0,630.5,3,633.5,630.5,630.5,625.0,18.0,11313.0,103
2023-05-10 14:03:22,PK401C10000,PK401C10000,625.0,0.0,0.0,0.0,10,462.5,630.5,3,633.5,630.5,630.5,625.0,18.0,11313.0,103
2023-05-10 14:03:23,PK401C10000,PK401C10000,625.0,0.0,0.0,0.0,1,463.0,630.5,3,633.5,630.5,630.5,625.0,18.0,11313.0,103
2023-05-10 14:03:23,PK401C10000,PK401C10000,625.0,0.0,0.0,0.0,10,463.5,630.5,3,633.5,630.5,630.5,625.0,18.0,11313.0,103
2023-05-10 14:03:24,PK401C10000,PK401C10000,625.0,0.0,0.0,0.0,1,464.0,630.5,3,633.5,630.5,630.5,625.0,18.0,11313.0,103
2023-05-10 14:03:24,PK401C10000,PK401C10000,625.0,0.0,0.0,0.0,10,464.5,630.5,3,633.5,630.5,630.5,625.0,18.0,11313.0,103
2023-05-10 14:03:25,PK401C10000,PK401C10000,625.0,0.0,0.0,0.0,1,465.0,630.5,3,633.5,630.5,630.5,625.0,18.0,11313.0,103
2023-05-10 14:03:25,PK401C10000,PK401C10000,625.0,0.0,0.0,0.0,10,465.5,630.5,3,633.5,630.5,630.5,625.0,18.0,11313.0,103
2023-05-10 14:03:26,PK401C10000,PK401C10000,625.0,0.0,0.0,0.0,1,466.0,630.5,3,633.5,630.5,630.5,625.0,18.0,11313.0,103
2023-05-10 14:03:26,PK401C10000,PK401C10000,625.0,0.0,0.0,0.0,10,466.5,630.5,3,633.5,630.5,630.5,625.0,18.0,11313.0,103
2023-05-10 14:03:27,PK401C10000,PK401C10000,625.0,0.0,0.0,0.0,1,467.0,630.5,3,633.5,630.5,630.5,625.0,18.0,11313.0,103
2023-05-10 14:03:27,PK401C10000,PK401C10000,625.0,0.0,0.0,0.0,10,467.5,630.5,3,633.5,630.5,630.5,625.0,18.0,11313.0,103
2023-05-10 14:03:28,PK401C10000,PK401C10000,625.0,0.0,0.0,0.0,1,468.0,630.5,3,633.5,630.5,630.5,625.0,18.0,11313.0,103
2023-05-10 14:03:28,PK401C10000,PK401C10000,625.0,0.0,0.0,0.0,10,468.5,630.5,3,633.5,630.5,630.5,625.0,18.0,11313.0,103
2023-05-10 14:03:53,PK401C10000,PK401C10000,625.0,0.0,0.0,0.0,1,475.0,630.5,3,633.5,630.5,630.5,625.0,18.0,11313.0,103
2023-05-10 14:03:53,PK401C10000,PK401C10000,625.0,0.0,0.0,0.0,10,475.5,630.5,3,633.5,630.5,630.5,625.0,18.0,11313.0,103
2023-05-10 14:03:54,PK401C10000,PK401C10000,625.0,0.0,0.0,0.0,1,482.0,630.5,3,633.5,630.5,630.5,625.0,18.0,11313.0,103
2023-05-10 14:03:55,PK401C10000,PK401C10000,625.0,0.0,0.0,0.0,10,482.5,630.5,3,633.5,630.5,630.5,625.0,18.0,11313.0,103
2023-05-10 14:03:55,PK401C10000,PK401C10000,625.0,0.0,0.0,0.0,1,489.0,630.5,3,633.5,630.5,630.5,625.0,18.0,11313.0,103
2023-05-10 14:03:56,PK401C10000,PK401C10000,625.0,0.0,0.0,0.0,10,489.5,630.5,3,633.5,630.5,630.5,625.0,18.0,11313.0,103
2023-05-10 14:03:56,PK401C10000,PK401C10000,625.0,0.0,0.0,0.0,1,496.0,630.5,3,633.5,630.5,630.5,625.0,18.0,11313.0,103
2023-05-10 14:03:57,PK401C10000,PK401C10000,625.0,0.0,0.0,0.0,10,496.5,630.5,3,633.5,630.5,630.5,625.0,18.0,11313.0,103
2023-05-10 14:03:57,PK401C10000,PK401C10000,625.0,0.0,0.0,0.0,1,500.0,630.5,3,633.5,630.5,630.5,625.0,18.0,11313.0,103
2023-05-10 14:03:58,PK401C10000,PK401C10000,625.0,0.0,0.0,0.0,10,500.5,630.5,3,633.5,630.5,630.5,625.0,18.0,11313.0,103
2023-05-10 14:03:58,PK401C10000,PK401C10000,625.0,0.0,0.0,0.0,1,504.0,630.5,3,633.5,630.5,630.5,625.0,18.0,11313.0,103
2023-05-10 14:03:59,PK401C10000,PK401C10000,625.0,0.0,0.0,0.0,10,504.5,630.5,3,633.5,630.5,630.5,625.0,18.0,11313.0,103
2023-05-10 14:04:00,PK401C10000,PK401C10000,625.0,0.0,0.0,0.0,1,505.0,630.5,3,633.5,630.5,630.5,625.0,18.0,11313.0,103
2023-05-10 14:04:00,PK401C10000,PK401C10000,625.0,0.0,0.0,0.0,10,505.5,630.5,3,633.5,630.5,630.5,625.0,18.0,11313.0,103
2023-05-10 14:04:01,PK401C10000,PK401C10000,625.0,0.0,0.0,0.0,1,506.0,630.5,3,633.5,630.5,630.5,625.0,18.0,11313.0,103
2023-05-10 14:04:02,PK401C10000,PK401C10000,625.0,0.0,0.0,0.0,10,506.5,630.5,3,633.5,630.5,630.5,625.0,18.0,11313.0,103
2023-05-10 14:04:02,PK401C10000,PK401C10000,625.0,0.0,0.0,0.0,1,507.0,630.5,3,633.5,630.5,630.5,625.0,18.0,11313.0,103
2023-05-10 14:04:03,PK401C10000,PK401C10000,625.0,0.0,0.0,0.0,10,507.5,630.5,3,633.5,630.5,630.5,625.0,18.0,11313.0,103
2023-05-10 14:05:00,PK401C10000,PK401C10000,625.0,0.0,0.0,0.0,1,508.0,630.5,3,633.5,630.5,630.5,625.0,18.0,11313.0,103
2023-05-10 14:05:00,PK401C10000,PK401C10000,625.0,0.0,0.0,0.0,10,508.5,630.5,3,633.5,630.5,630.5,625.0,18.0,11313.0,103
2023-05-10 14:08:47,PK401C10000,PK401C10000,625.0,0.0,0.0,0.0,1,512.0,630.5,3,633.5,630.5,630.5,625.0,18.0,11313.0,103
2023-05-10 14:08:48,PK401C10000,PK401C10000,625.0,0.0,0.0,0.0,10,512.5,630.5,3,633.5,630.5,630.5,625.0,18.0,11313.0,103
2023-05-10 14:08:48,PK401C10000,PK401C10000,625.0,0.0,0.0,0.0,1,513.0,630.5,3,633.5,630.5,630.5,625.0,18.0,11313.0,103
2023-05-10 14:08:49,PK401C10000,PK401C10000,625.0,0.0,0.0,0.0,10,513.5,630.5,3,633.5,630.5,630.5,625.0,18.0,11313.0,103
2023-05-10 14:08:49,PK401C10000,PK401C10000,625.0,0.0,0.0,0.0,1,514.0,630.5,3,633.5,630.5,630.5,625.0,18.0,11313.0,103
2023-05-10 14:09:10,PK401C10000,PK401C10000,625.0,0.0,0.0,0.0,1,468.0,630.5,3,633.5,630.5,630.5,625.0,18.0,11313.0,103
2023-05-10 14:09:10,PK401C10000,PK401C10000,625.0,0.0,0.0,0.0,10,468.5,630.5,3,633.5,630.5,630.5,625.0,18.0,11313.0,103
2023-05-10 14:12:36,PK401C10000,PK401C10000,625.0,0.0,0.0,0.0,3,611.0,630.5,3,633.5,630.5,630.5,625.0,18.0,11313.0,103
2023-05-10 14:12:37,PK401C10000,PK401C10000,625.0,0.0,0.0,0.0,6,611.0,630.5,6,633.5,630.5,630.5,625.0,18.0,11313.0,103
2023-05-10 14:12:37,PK401C10000,PK401C10000,625.0,0.0,0.0,0.0,9,611.0,630.5,9,633.5,630.5,630.5,625.0,18.0,11313.0,103
2023-05-10 14:12:37,PK401C10000,PK401C10000,625.0,0.0,0.0,0.0,6,611.0,630.5,6,633.5,630.5,630.5,625.0,18.0,11313.0,103
2023-05-10 14:12:37,PK401C10000,PK401C10000,625.0,0.0,0.0,0.0,9,611.0,630.5,9,633.5,630.5,630.5,625.0,18.0,11313.0,103
2023-05-10 14:12:44,PK401C10000,PK401C10000,625.0,0.0,0.0,0.0,15,611.0,630.5,15,633.5,630.5,630.5,625.0,18.0,11313.0,103
2023-05-10 14:12:46,PK401C10000,PK401C10000,625.0,0.0,0.0,0.0,18,611.0,630.5,18,633.5,630.5,630.5,625.0,18.0,11313.0,103
2023-05-10 14:12:48,PK401C10000,PK401C10000,625.0,0.0,0.0,0.0,18,611.0,630.5,21,633.5,630.5,630.5,625.0,18.0,11313.0,103
2023-05-10 14:12:49,PK401C10000,PK401C10000,625.0,0.0,0.0,0.0,15,611.0,630.5,18,633.5,630.5,630.5,625.0,18.0,11313.0,103
2023-05-10 14:12:56,PK401C10000,PK401C10000,625.0,0.0,0.0,0.0,9,611.0,630.5,12,633.5,630.5,630.5,625.0,18.0,11313.0,103
2023-05-10 14:12:56,PK401C10000,PK401C10000,611.0,3.0,1833.0,3.0,6,611.0,630.5,12,633.5,630.5,630.5,611.0,21.0,13146.0,106
2023-05-10 14:12:56,PK401C10000,PK401C10000,611.0,0.0,0.0,0.0,3,611.0,630.5,9,633.5,630.5,630.5,611.0,21.0,13146.0,106
2023-05-10 14:12:57,PK401C10000,PK401C10000,611.0,0.0,0.0,0.0,3,611.0,630.5,6,633.5,630.5,630.5,611.0,21.0,13146.0,106
2023-05-10 14:12:58,PK401C10000,PK401C10000,611.0,0.0,0.0,0.0,3,611.0,630.5,3,633.5,630.5,630.5,611.0,21.0,13146.0,106
2023-05-10 14:12:59,PK401C10000,PK401C10000,611.0,0.0,0.0,0.0,1,468.0,660.0,5,633.5,630.5,630.5,611.0,21.0,13146.0,106
2023-05-10 14:15:03,PK401C10000,PK401C10000,611.0,0.0,0.0,0.0,10,468.5,660.0,5,633.5,630.5,630.5,611.0,21.0,13146.0,106
2023-05-10 14:21:37,PK401C10000,PK401C10000,611.0,0.0,0.0,0.0,10,468.5,659.5,10,633.5,630.5,630.5,611.0,21.0,13146.0,106
2023-05-10 14:22:08,PK401C10000,PK401C10000,611.0,0.0,0.0,0.0,10,468.5,660.0,5,633.5,630.5,630.5,611.0,21.0,13146.0,106
2023-05-10 14:22:16,PK401C10000,PK401C10000,611.0,0.0,0.0,0.0,10,468.5,659.5,10,633.5,630.5,630.5,611.0,21.0,13146.0,106
2023-05-10 14:23:28,PK401C10000,PK401C10000,611.0,0.0,0.0,0.0,10,468.5,660.0,5,633.5,630.5,630.5,611.0,21.0,13146.0,106
2023-05-10 14:24:00,PK401C10000,PK401C10000,611.0,0.0,0.0,0.0,10,468.5,659.5,10,633.5,630.5,630.5,611.0,21.0,13146.0,106
2023-05-10 14:24:05,PK401C10000,PK401C10000,611.0,0.0,0.0,0.0,10,468.5,660.0,5,633.5,630.5,630.5,611.0,21.0,13146.0,106
2023-05-10 14:24:16,PK401C10000,PK401C10000,611.0,0.0,0.0,0.0,10,468.5,659.5,10,633.5,630.5,630.5,611.0,21.0,13146.0,106
2023-05-10 14:24:19,PK401C10000,PK401C10000,611.0,0.0,0.0,0.0,10,468.5,660.0,5,633.5,630.5,630.5,611.0,21.0,13146.0,106
2023-05-10 14:25:11,PK401C10000,PK401C10000,611.0,0.0,0.0,0.0,10,468.5,659.5,10,633.5,630.5,630.5,611.0,21.0,13146.0,106
2023-05-10 14:26:22,PK401C10000,PK401C10000,611.0,0.0,0.0,0.0,10,468.5,660.0,5,633.5,630.5,630.5,611.0,21.0,13146.0,106
2023-05-10 14:26:22,PK401C10000,PK401C10000,611.0,0.0,0.0,0.0,10,468.5,659.5,10,633.5,630.5,630.5,611.0,21.0,13146.0,106
2023-05-10 14:26:24,PK401C10000,PK401C10000,611.0,0.0,0.0,0.0,10,468.5,660.0,5,633.5,630.5,630.5,611.0,21.0,13146.0,106
2023-05-10 14:26:24,PK401C10000,PK401C10000,611.0,0.0,0.0,0.0,10,468.5,659.5,10,633.5,630.5,630.5,611.0,21.0,13146.0,106
2023-05-10 14:26:25,PK401C10000,PK401C10000,611.0,0.0,0.0,0.0,10,468.5,660.0,5,633.5,630.5,630.5,611.0,21.0,13146.0,106
2023-05-10 14:26:39,PK401C10000,PK401C10000,611.0,0.0,0.0,0.0,1,475.0,659.5,10,633.5,630.5,630.5,611.0,21.0,13146.0,106
2023-05-10 14:26:39,PK401C10000,PK401C10000,611.0,0.0,0.0,0.0,10,475.5,659.5,10,633.5,630.5,630.5,611.0,21.0,13146.0,106
2023-05-10 14:26:40,PK401C10000,PK401C10000,611.0,0.0,0.0,0.0,1,479.0,659.5,10,633.5,630.5,630.5,611.0,21.0,13146.0,106
2023-05-10 14:26:40,PK401C10000,PK401C10000,611.0,0.0,0.0,0.0,10,479.5,659.5,10,633.5,630.5,630.5,611.0,21.0,13146.0,106
2023-05-10 14:26:41,PK401C10000,PK401C10000,611.0,0.0,0.0,0.0,1,483.0,659.5,10,633.5,630.5,630.5,611.0,21.0,13146.0,106
2023-05-10 14:26:41,PK401C10000,PK401C10000,611.0,0.0,0.0,0.0,10,483.5,659.5,10,633.5,630.5,630.5,611.0,21.0,13146.0,106
2023-05-10 14:26:42,PK401C10000,PK401C10000,611.0,0.0,0.0,0.0,1,487.0,659.5,10,633.5,630.5,630.5,611.0,21.0,13146.0,106
2023-05-10 14:26:42,PK401C10000,PK401C10000,611.0,0.0,0.0,0.0,10,487.5,659.5,10,633.5,630.5,630.5,611.0,21.0,13146.0,106
2023-05-10 14:26:43,PK401C10000,PK401C10000,611.0,0.0,0.0,0.0,1,491.0,659.5,10,633.5,630.5,630.5,611.0,21.0,13146.0,106
2023-05-10 14:26:44,PK401C10000,PK401C10000,611.0,0.0,0.0,0.0,10,491.5,659.5,10,633.5,630.5,630.5,611.0,21.0,13146.0,106
2023-05-10 14:26:44,PK401C10000,PK401C10000,611.0,0.0,0.0,0.0,1,492.0,659.5,10,633.5,630.5,630.5,611.0,21.0,13146.0,106
2023-05-10 14:26:45,PK401C10000,PK401C10000,611.0,0.0,0.0,0.0,10,492.5,659.5,10,633.5,630.5,630.5,611.0,21.0,13146.0,106
2023-05-10 14:26:45,PK401C10000,PK401C10000,611.0,0.0,0.0,0.0,1,493.0,659.5,10,633.5,630.5,630.5,611.0,21.0,13146.0,106
2023-05-10 14:26:46,PK401C10000,PK401C10000,611.0,0.0,0.0,0.0,10,493.5,659.5,10,633.5,630.5,630.5,611.0,21.0,13146.0,106
2023-05-10 14:26:46,PK401C10000,PK401C10000,611.0,0.0,0.0,0.0,1,494.0,659.5,10,633.5,630.5,630.5,611.0,21.0,13146.0,106
2023-05-10 14:26:47,PK401C10000,PK401C10000,611.0,0.0,0.0,0.0,10,494.5,660.0,5,633.5,630.5,630.5,611.0,21.0,13146.0,106
2023-05-10 14:26:47,PK401C10000,PK401C10000,611.0,0.0,0.0,0.0,1,495.0,660.0,5,633.5,630.5,630.5,611.0,21.0,13146.0,106
2023-05-10 14:26:48,PK401C10000,PK401C10000,611.0,0.0,0.0,0.0,10,495.5,660.0,5,633.5,630.5,630.5,611.0,21.0,13146.0,106
2023-05-10 14:26:48,PK401C10000,PK401C10000,611.0,0.0,0.0,0.0,10,495.5,660.0,15,633.5,630.5,630.5,611.0,21.0,13146.0,106
2023-05-10 14:27:04,PK401C10000,PK401C10000,611.0,0.0,0.0,0.0,10,495.5,659.5,10,633.5,630.5,630.5,611.0,21.0,13146.0,106
2023-05-10 14:27:05,PK401C10000,PK401C10000,611.0,0.0,0.0,0.0,10,495.5,660.0,5,633.5,630.5,630.5,611.0,21.0,13146.0,106
2023-05-10 14:29:54,PK401C10000,PK401C10000,611.0,0.0,0.0,0.0,1,496.0,659.5,10,633.5,630.5,630.5,611.0,21.0,13146.0,106
2023-05-10 14:29:55,PK401C10000,PK401C10000,611.0,0.0,0.0,0.0,10,468.5,659.5,10,633.5,630.5,630.5,611.0,21.0,13146.0,106
2023-05-10 14:29:55,PK401C10000,PK401C10000,611.0,0.0,0.0,0.0,1,475.0,659.5,10,633.5,630.5,630.5,611.0,21.0,13146.0,106
2023-05-10 14:30:11,PK401C10000,PK401C10000,611.0,0.0,0.0,0.0,1,475.0,660.0,5,633.5,630.5,630.5,611.0,21.0,13146.0,106
2023-05-10 14:30:12,PK401C10000,PK401C10000,611.0,0.0,0.0,0.0,10,475.5,660.0,15,633.5,630.5,630.5,611.0,21.0,13146.0,106
2023-05-10 14:30:13,PK401C10000,PK401C10000,611.0,0.0,0.0,0.0,1,479.0,660.0,15,633.5,630.5,630.5,611.0,21.0,13146.0,106
2023-05-10 14:30:13,PK401C10000,PK401C10000,611.0,0.0,0.0,0.0,10,479.5,660.0,15,633.5,630.5,630.5,611.0,21.0,13146.0,106
2023-05-10 14:30:14,PK401C10000,PK401C10000,611.0,0.0,0.0,0.0,1,480.0,660.0,15,633.5,630.5,630.5,611.0,21.0,13146.0,106
2023-05-10 14:30:15,PK401C10000,PK401C10000,611.0,0.0,0.0,0.0,10,480.5,660.0,15,633.5,630.5,630.5,611.0,21.0,13146.0,106
2023-05-10 14:30:32,PK401C10000,PK401C10000,611.0,0.0,0.0,0.0,10,480.5,660.0,5,633.5,630.5,630.5,611.0,21.0,13146.0,106
2023-05-10 14:30:53,PK401C10000,PK401C10000,611.0,0.0,0.0,0.0,10,480.5,659.5,10,633.5,630.5,630.5,611.0,21.0,13146.0,106
2023-05-10 14:30:59,PK401C10000,PK401C10000,611.0,0.0,0.0,0.0,1,481.0,659.5,10,633.5,630.5,630.5,611.0,21.0,13146.0,106
2023-05-10 14:31:00,PK401C10000,PK401C10000,611.0,0.0,0.0,0.0,10,481.5,659.5,10,633.5,630.5,630.5,611.0,21.0,13146.0,106
2023-05-10 14:31:01,PK401C10000,PK401C10000,611.0,0.0,0.0,0.0,1,482.0,659.5,10,633.5,630.5,630.5,611.0,21.0,13146.0,106
2023-05-10 14:31:01,PK401C10000,PK401C10000,611.0,0.0,0.0,0.0,10,482.5,659.5,10,633.5,630.5,630.5,611.0,21.0,13146.0,106
2023-05-10 14:35:22,PK401C10000,PK401C10000,611.0,0.0,0.0,0.0,6,572.5,607.5,6,633.5,630.5,630.5,611.0,21.0,13146.0,106
2023-05-10 14:35:22,PK401C10000,PK401C10000,611.0,0.0,0.0,0.0,3,575.0,607.5,9,633.5,630.5,630.5,611.0,21.0,13146.0,106
2023-05-10 14:35:23,PK401C10000,PK401C10000,611.0,0.0,0.0,0.0,6,575.0,607.5,12,633.5,630.5,630.5,611.0,21.0,13146.0,106
2023-05-10 14:35:28,PK401C10000,PK401C10000,611.0,0.0,0.0,0.0,9,575.0,607.5,15,633.5,630.5,630.5,611.0,21.0,13146.0,106
2023-05-10 14:35:29,PK401C10000,PK401C10000,611.0,0.0,0.0,0.0,12,575.0,607.5,18,633.5,630.5,630.5,611.0,21.0,13146.0,106
2023-05-10 14:35:29,PK401C10000,PK401C10000,611.0,0.0,0.0,0.0,15,575.0,607.5,21,633.5,630.5,630.5,611.0,21.0,13146.0,106
2023-05-10 14:35:32,PK401C10000,PK401C10000,611.0,0.0,0.0,0.0,18,575.0,607.5,24,633.5,630.5,630.5,611.0,21.0,13146.0,106
2023-05-10 14:35:33,PK401C10000,PK401C10000,611.0,0.0,0.0,0.0,18,575.0,607.5,21,633.5,630.5,630.5,611.0,21.0,13146.0,106
2023-05-10 14:35:34,PK401C10000,PK401C10000,611.0,0.0,0.0,0.0,18,575.0,607.5,18,633.5,630.5,630.5,611.0,21.0,13146.0,106
2023-05-10 14:35:34,PK401C10000,PK401C10000,611.0,0.0,0.0,0.0,18,575.0,607.5,15,633.5,630.5,630.5,611.0,21.0,13146.0,106
2023-05-10 14:35:34,PK401C10000,PK401C10000,611.0,0.0,0.0,0.0,18,575.0,607.5,18,633.5,630.5,630.5,611.0,21.0,13146.0,106
2023-05-10 14:35:39,PK401C10000,PK401C10000,611.0,0.0,0.0,0.0,15,575.0,607.5,15,633.5,630.5,630.5,611.0,21.0,13146.0,106
2023-05-10 14:35:41,PK401C10000,PK401C10000,611.0,0.0,0.0,0.0,12,575.0,607.5,12,633.5,630.5,630.5,611.0,21.0,13146.0,106
2023-05-10 14:35:41,PK401C10000,PK401C10000,611.0,0.0,0.0,0.0,9,575.0,607.5,9,633.5,630.5,630.5,611.0,21.0,13146.0,106
2023-05-10 14:35:42,PK401C10000,PK401C10000,611.0,0.0,0.0,0.0,3,575.0,607.5,3,633.5,630.5,630.5,611.0,21.0,13146.0,106
2023-05-10 14:35:45,PK401C10000,PK401C10000,611.0,0.0,0.0,0.0,10,450.5,659.5,10,633.5,630.5,630.5,611.0,21.0,13146.0,106
2023-05-10 14:35:45,PK401C10000,PK401C10000,611.0,0.0,0.0,0.0,1,457.0,659.5,10,633.5,630.5,630.5,611.0,21.0,13146.0,106
2023-05-10 14:35:46,PK401C10000,PK401C10000,611.0,0.0,0.0,0.0,10,457.5,659.5,10,633.5,630.5,630.5,611.0,21.0,13146.0,106
2023-05-10 14:35:47,PK401C10000,PK401C10000,611.0,0.0,0.0,0.0,1,464.0,659.5,10,633.5,630.5,630.5,611.0,21.0,13146.0,106
2023-05-10 14:35:47,PK401C10000,PK401C10000,611.0,0.0,0.0,0.0,10,464.5,659.5,10,633.5,630.5,630.5,611.0,21.0,13146.0,106
2023-05-10 14:35:49,PK401C10000,PK401C10000,611.0,0.0,0.0,0.0,1,471.0,659.5,10,633.5,630.5,630.5,611.0,21.0,13146.0,106
2023-05-10 14:35:49,PK401C10000,PK401C10000,611.0,0.0,0.0,0.0,10,471.5,659.5,10,633.5,630.5,630.5,611.0,21.0,13146.0,106
2023-05-10 14:35:50,PK401C10000,PK401C10000,611.0,0.0,0.0,0.0,1,478.0,659.5,10,633.5,630.5,630.5,611.0,21.0,13146.0,106
2023-05-10 14:35:51,PK401C10000,PK401C10000,611.0,0.0,0.0,0.0,10,478.5,659.5,10,633.5,630.5,630.5,611.0,21.0,13146.0,106
2023-05-10 14:35:52,PK401C10000,PK401C10000,611.0,0.0,0.0,0.0,1,479.0,659.5,10,633.5,630.5,630.5,611.0,21.0,13146.0,106
2023-05-10 14:35:52,PK401C10000,PK401C10000,611.0,0.0,0.0,0.0,10,479.5,659.5,10,633.5,630.5,630.5,611.0,21.0,13146.0,106
2023-05-10 14:35:54,PK401C10000,PK401C10000,611.0,0.0,0.0,0.0,1,480.0,659.5,10,633.5,630.5,630.5,611.0,21.0,13146.0,106
2023-05-10 14:35:54,PK401C10000,PK401C10000,611.0,0.0,0.0,0.0,10,480.5,659.5,10,633.5,630.5,630.5,611.0,21.0,13146.0,106
2023-05-10 14:35:55,PK401C10000,PK401C10000,611.0,0.0,0.0,0.0,1,481.0,659.5,10,633.5,630.5,630.5,611.0,21.0,13146.0,106
2023-05-10 14:35:56,PK401C10000,PK401C10000,611.0,0.0,0.0,0.0,10,481.5,659.5,10,633.5,630.5,630.5,611.0,21.0,13146.0,106
2023-05-10 14:35:57,PK401C10000,PK401C10000,611.0,0.0,0.0,0.0,1,482.0,659.5,10,633.5,630.5,630.5,611.0,21.0,13146.0,106
2023-05-10 14:35:57,PK401C10000,PK401C10000,611.0,0.0,0.0,0.0,10,482.5,659.5,10,633.5,630.5,630.5,611.0,21.0,13146.0,106
2023-05-10 14:35:58,PK401C10000,PK401C10000,611.0,0.0,0.0,0.0,1,483.0,659.5,10,633.5,630.5,630.5,611.0,21.0,13146.0,106
2023-05-10 14:35:59,PK401C10000,PK401C10000,611.0,0.0,0.0,0.0,10,483.5,659.5,10,633.5,630.5,630.5,611.0,21.0,13146.0,106
2023-05-10 14:36:00,PK401C10000,PK401C10000,611.0,0.0,0.0,0.0,1,484.0,659.5,10,633.5,630.5,630.5,611.0,21.0,13146.0,106
2023-05-10 14:36:00,PK401C10000,PK401C10000,611.0,0.0,0.0,0.0,10,484.5,659.5,10,633.5,630.5,630.5,611.0,21.0,13146.0,106
2023-05-10 14:47:29,PK401C10000,PK401C10000,611.0,0.0,0.0,0.0,10,484.5,660.0,5,633.5,630.5,630.5,611.0,21.0,13146.0,106
2023-05-10 14:47:29,PK401C10000,PK401C10000,611.0,0.0,0.0,0.0,10,484.5,660.0,15,633.5,630.5,630.5,611.0,21.0,13146.0,106
2023-05-10 14:47:30,PK401C10000,PK401C10000,611.0,0.0,0.0,0.0,10,484.5,660.0,5,633.5,630.5,630.5,611.0,21.0,13146.0,106
2023-05-10 14:48:23,PK401C10000,PK401C10000,611.0,0.0,0.0,0.0,1,485.0,660.0,5,633.5,630.5,630.5,611.0,21.0,13146.0,106
2023-05-10 14:48:24,PK401C10000,PK401C10000,611.0,0.0,0.0,0.0,10,485.5,660.0,5,633.5,630.5,630.5,611.0,21.0,13146.0,106
2023-05-10 14:49:19,PK401C10000,PK401C10000,611.0,0.0,0.0,0.0,1,492.0,660.0,5,633.5,630.5,630.5,611.0,21.0,13146.0,106
2023-05-10 14:49:40,PK401C10000,PK401C10000,611.0,0.0,0.0,0.0,5,450.0,660.0,5,633.5,630.5,630.5,611.0,21.0,13146.0,106
2023-05-10 14:49:40,PK401C10000,PK401C10000,611.0,0.0,0.0,0.0,1,456.5,660.0,5,633.5,630.5,630.5,611.0,21.0,13146.0,106
2023-05-10 14:49:42,PK401C10000,PK401C10000,611.0,0.0,0.0,0.0,5,450.0,660.0,5,633.5,630.5,630.5,611.0,21.0,13146.0,106
2023-05-10 14:49:42,PK401C10000,PK401C10000,611.0,0.0,0.0,0.0,10,450.5,660.0,5,633.5,630.5,630.5,611.0,21.0,13146.0,106
2023-05-10 14:50:44,PK401C10000,PK401C10000,611.0,0.0,0.0,0.0,10,450.5,659.5,10,633.5,630.5,630.5,611.0,21.0,13146.0,106
2023-05-10 14:53:06,PK401C10000,PK401C10000,611.0,0.0,0.0,0.0,10,450.5,660.0,5,633.5,630.5,630.5,611.0,21.0,13146.0,106
2023-05-10 14:54:58,PK401C10000,PK401C10000,611.0,0.0,0.0,0.0,10,450.5,659.5,10,633.5,630.5,630.5,611.0,21.0,13146.0,106
2023-05-10 14:55:41,PK401C10000,PK401C10000,611.0,0.0,0.0,0.0,10,450.5,660.0,5,633.5,630.5,630.5,611.0,21.0,13146.0,106
2023-05-10 14:58:05,PK401C10000,PK401C10000,611.0,0.0,0.0,0.0,10,450.5,659.5,10,633.5,630.5,630.5,611.0,21.0,13146.0,106
2023-05-10 14:59:03,PK401C10000,PK401C10000,611.0,0.0,0.0,0.0,5,450.0,660.0,5,633.5,630.5,630.5,611.0,21.0,13146.0,106
2023-05-10 14:59:03,PK401C10000,PK401C10000,611.0,0.0,0.0,0.0,5,450.0,660.0,5,633.5,630.5,630.5,611.0,21.0,13146.0,106
