time,symbol_id,symbol_name,last,trade_volume,trade_amount,open_interest_change,bv1,bp1,ap1,av1,yesterday_close,today_open,today_high,today_low,volume,amount,open_interest
2023-05-10 09:00:29,PK401P10600,PK401P10600,874.0,0.0,0.0,0.0,1,166.5,0.0,0,874.0,0.0,0.0,0.0,0.0,0.0,0
2023-05-10 09:00:48,PK401P10600,PK401P10600,874.0,0.0,0.0,0.0,1,167.0,0.0,0,874.0,0.0,0.0,0.0,0.0,0.0,0
2023-05-10 09:00:48,PK401P10600,PK401P10600,874.0,0.0,0.0,0.0,1,167.5,0.0,0,874.0,0.0,0.0,0.0,0.0,0.0,0
2023-05-10 09:02:04,PK401P10600,PK401P10600,874.0,0.0,0.0,0.0,1,169.0,1580.5,1,874.0,0.0,0.0,0.0,0.0,0.0,0
2023-05-10 09:02:05,PK401P10600,PK401P10600,874.0,0.0,0.0,0.0,1,169.5,1580.5,1,874.0,0.0,0.0,0.0,0.0,0.0,0
2023-05-10 09:02:06,PK401P10600,PK401P10600,874.0,0.0,0.0,0.0,1,171.0,1580.5,1,874.0,0.0,0.0,0.0,0.0,0.0,0
2023-05-10 09:02:07,PK401P10600,PK401P10600,874.0,0.0,0.0,0.0,1,171.5,1580.5,1,874.0,0.0,0.0,0.0,0.0,0.0,0
2023-05-10 09:02:12,PK401P10600,PK401P10600,874.0,0.0,0.0,0.0,1,173.0,1580.5,1,874.0,0.0,0.0,0.0,0.0,0.0,0
2023-05-10 09:02:13,PK401P10600,PK401P10600,874.0,0.0,0.0,0.0,1,173.5,1580.5,1,874.0,0.0,0.0,0.0,0.0,0.0,0
2023-05-10 09:02:13,PK401P10600,PK401P10600,874.0,0.0,0.0,0.0,1,175.0,1580.5,1,874.0,0.0,0.0,0.0,0.0,0.0,0
2023-05-10 09:02:14,PK401P10600,PK401P10600,874.0,0.0,0.0,0.0,1,175.5,1580.5,1,874.0,0.0,0.0,0.0,0.0,0.0,0
2023-05-10 09:02:16,PK401P10600,PK401P10600,874.0,0.0,0.0,0.0,1,177.0,1580.5,1,874.0,0.0,0.0,0.0,0.0,0.0,0
2023-05-10 09:02:17,PK401P10600,PK401P10600,874.0,0.0,0.0,0.0,1,177.5,1580.5,1,874.0,0.0,0.0,0.0,0.0,0.0,0
2023-05-10 09:02:17,PK401P10600,PK401P10600,874.0,0.0,0.0,0.0,1,179.0,1580.5,1,874.0,0.0,0.0,0.0,0.0,0.0,0
2023-05-10 09:02:18,PK401P10600,PK401P10600,874.0,0.0,0.0,0.0,1,179.5,1580.5,1,874.0,0.0,0.0,0.0,0.0,0.0,0
2023-05-10 09:02:20,PK401P10600,PK401P10600,874.0,0.0,0.0,0.0,1,181.0,1580.5,1,874.0,0.0,0.0,0.0,0.0,0.0,0
2023-05-10 09:02:20,PK401P10600,PK401P10600,874.0,0.0,0.0,0.0,1,181.5,1580.5,1,874.0,0.0,0.0,0.0,0.0,0.0,0
2023-05-10 09:02:22,PK401P10600,PK401P10600,874.0,0.0,0.0,0.0,1,183.0,1580.5,1,874.0,0.0,0.0,0.0,0.0,0.0,0
2023-05-10 09:02:23,PK401P10600,PK401P10600,874.0,0.0,0.0,0.0,1,183.5,1580.5,1,874.0,0.0,0.0,0.0,0.0,0.0,0
2023-05-10 09:02:26,PK401P10600,PK401P10600,874.0,0.0,0.0,0.0,1,185.0,1580.5,1,874.0,0.0,0.0,0.0,0.0,0.0,0
2023-05-10 09:02:26,PK401P10600,PK401P10600,874.0,0.0,0.0,0.0,1,185.5,1580.5,1,874.0,0.0,0.0,0.0,0.0,0.0,0
2023-05-10 09:02:27,PK401P10600,PK401P10600,874.0,0.0,0.0,0.0,1,187.0,1580.5,1,874.0,0.0,0.0,0.0,0.0,0.0,0
2023-05-10 09:42:11,PK401P10600,PK401P10600,874.0,0.0,0.0,0.0,1,187.5,1580.5,1,874.0,0.0,0.0,0.0,0.0,0.0,0
2023-05-10 09:42:11,PK401P10600,PK401P10600,874.0,0.0,0.0,0.0,1,189.0,1580.5,1,874.0,0.0,0.0,0.0,0.0,0.0,0
2023-05-10 10:30:00,PK401P10600,PK401P10600,874.0,0.0,0.0,0.0,1,187.5,0.0,0,874.0,0.0,0.0,0.0,0.0,0.0,0
2023-05-10 10:32:02,PK401P10600,PK401P10600,874.0,0.0,0.0,0.0,1,189.0,1580.5,1,874.0,0.0,0.0,0.0,0.0,0.0,0
2023-05-10 10:50:47,PK401P10600,PK401P10600,874.0,0.0,0.0,0.0,1,189.5,1580.5,1,874.0,0.0,0.0,0.0,0.0,0.0,0
2023-05-10 10:50:47,PK401P10600,PK401P10600,874.0,0.0,0.0,0.0,1,191.0,1580.5,1,874.0,0.0,0.0,0.0,0.0,0.0,0
2023-05-10 10:50:47,PK401P10600,PK401P10600,874.0,0.0,0.0,0.0,1,189.5,1580.5,1,874.0,0.0,0.0,0.0,0.0,0.0,0
2023-05-10 10:50:47,PK401P10600,PK401P10600,874.0,0.0,0.0,0.0,1,191.0,1580.5,1,874.0,0.0,0.0,0.0,0.0,0.0,0
2023-05-10 11:21:27,PK401P10600,PK401P10600,874.0,0.0,0.0,0.0,1,191.5,1580.5,1,874.0,0.0,0.0,0.0,0.0,0.0,0
2023-05-10 11:21:27,PK401P10600,PK401P10600,874.0,0.0,0.0,0.0,1,193.0,1580.5,1,874.0,0.0,0.0,0.0,0.0,0.0,0
2023-05-10 11:29:52,PK401P10600,PK401P10600,874.0,0.0,0.0,0.0,1,191.5,0.0,0,874.0,0.0,0.0,0.0,0.0,0.0,0
2023-05-10 13:31:13,PK401P10600,PK401P10600,874.0,0.0,0.0,0.0,1,199.5,0.0,0,874.0,0.0,0.0,0.0,0.0,0.0,0
2023-05-10 13:31:14,PK401P10600,PK401P10600,874.0,0.0,0.0,0.0,1,201.0,0.0,0,874.0,0.0,0.0,0.0,0.0,0.0,0
2023-05-10 13:31:15,PK401P10600,PK401P10600,874.0,0.0,0.0,0.0,1,201.0,1580.5,1,874.0,0.0,0.0,0.0,0.0,0.0,0
2023-05-10 13:31:23,PK401P10600,PK401P10600,874.0,0.0,0.0,0.0,1,209.0,1580.5,1,874.0,0.0,0.0,0.0,0.0,0.0,0
2023-05-10 13:31:26,PK401P10600,PK401P10600,874.0,0.0,0.0,0.0,1,210.5,1580.5,1,874.0,0.0,0.0,0.0,0.0,0.0,0
2023-05-10 13:31:35,PK401P10600,PK401P10600,874.0,0.0,0.0,0.0,1,218.5,1580.5,1,874.0,0.0,0.0,0.0,0.0,0.0,0
2023-05-10 13:31:35,PK401P10600,PK401P10600,874.0,0.0,0.0,0.0,1,220.0,1580.5,1,874.0,0.0,0.0,0.0,0.0,0.0,0
2023-05-10 13:31:38,PK401P10600,PK401P10600,874.0,0.0,0.0,0.0,1,228.0,1580.5,1,874.0,0.0,0.0,0.0,0.0,0.0,0
2023-05-10 13:31:38,PK401P10600,PK401P10600,874.0,0.0,0.0,0.0,1,229.5,1580.5,1,874.0,0.0,0.0,0.0,0.0,0.0,0
2023-05-10 13:31:41,PK401P10600,PK401P10600,874.0,0.0,0.0,0.0,1,237.5,1580.5,1,874.0,0.0,0.0,0.0,0.0,0.0,0
2023-05-10 13:31:41,PK401P10600,PK401P10600,874.0,0.0,0.0,0.0,1,239.0,1580.5,1,874.0,0.0,0.0,0.0,0.0,0.0,0
2023-05-10 13:31:43,PK401P10600,PK401P10600,874.0,0.0,0.0,0.0,1,247.0,1580.5,1,874.0,0.0,0.0,0.0,0.0,0.0,0
2023-05-10 13:31:43,PK401P10600,PK401P10600,874.0,0.0,0.0,0.0,1,248.5,1580.5,1,874.0,0.0,0.0,0.0,0.0,0.0,0
2023-05-10 13:31:46,PK401P10600,PK401P10600,874.0,0.0,0.0,0.0,1,256.5,1580.5,1,874.0,0.0,0.0,0.0,0.0,0.0,0
2023-05-10 13:31:46,PK401P10600,PK401P10600,874.0,0.0,0.0,0.0,1,258.0,1580.5,1,874.0,0.0,0.0,0.0,0.0,0.0,0
2023-05-10 13:31:49,PK401P10600,PK401P10600,874.0,0.0,0.0,0.0,1,266.0,1580.5,1,874.0,0.0,0.0,0.0,0.0,0.0,0
2023-05-10 13:31:49,PK401P10600,PK401P10600,874.0,0.0,0.0,0.0,1,267.5,1580.5,1,874.0,0.0,0.0,0.0,0.0,0.0,0
2023-05-10 13:31:51,PK401P10600,PK401P10600,874.0,0.0,0.0,0.0,1,275.5,1580.5,1,874.0,0.0,0.0,0.0,0.0,0.0,0
2023-05-10 13:31:52,PK401P10600,PK401P10600,874.0,0.0,0.0,0.0,1,277.0,1580.5,1,874.0,0.0,0.0,0.0,0.0,0.0,0
2023-05-10 13:31:54,PK401P10600,PK401P10600,874.0,0.0,0.0,0.0,1,285.0,1580.5,1,874.0,0.0,0.0,0.0,0.0,0.0,0
2023-05-10 13:31:54,PK401P10600,PK401P10600,874.0,0.0,0.0,0.0,1,286.5,1580.5,1,874.0,0.0,0.0,0.0,0.0,0.0,0
2023-05-10 13:31:56,PK401P10600,PK401P10600,874.0,0.0,0.0,0.0,1,290.5,1580.5,1,874.0,0.0,0.0,0.0,0.0,0.0,0
2023-05-10 13:31:57,PK401P10600,PK401P10600,874.0,0.0,0.0,0.0,1,292.0,1580.5,1,874.0,0.0,0.0,0.0,0.0,0.0,0
2023-05-10 13:31:59,PK401P10600,PK401P10600,874.0,0.0,0.0,0.0,1,296.0,1580.5,1,874.0,0.0,0.0,0.0,0.0,0.0,0
2023-05-10 13:31:59,PK401P10600,PK401P10600,874.0,0.0,0.0,0.0,1,297.5,1580.5,1,874.0,0.0,0.0,0.0,0.0,0.0,0
2023-05-10 13:32:01,PK401P10600,PK401P10600,874.0,0.0,0.0,0.0,1,298.0,1580.5,1,874.0,0.0,0.0,0.0,0.0,0.0,0
2023-05-10 13:32:01,PK401P10600,PK401P10600,874.0,0.0,0.0,0.0,1,299.5,1580.5,1,874.0,0.0,0.0,0.0,0.0,0.0,0
2023-05-10 13:32:03,PK401P10600,PK401P10600,874.0,0.0,0.0,0.0,1,300.0,1580.5,1,874.0,0.0,0.0,0.0,0.0,0.0,0
2023-05-10 13:32:04,PK401P10600,PK401P10600,874.0,0.0,0.0,0.0,1,301.5,1580.5,1,874.0,0.0,0.0,0.0,0.0,0.0,0
2023-05-10 13:32:05,PK401P10600,PK401P10600,874.0,0.0,0.0,0.0,1,302.0,1580.5,1,874.0,0.0,0.0,0.0,0.0,0.0,0
2023-05-10 13:32:05,PK401P10600,PK401P10600,874.0,0.0,0.0,0.0,1,303.5,1580.5,1,874.0,0.0,0.0,0.0,0.0,0.0,0
2023-05-10 13:32:07,PK401P10600,PK401P10600,874.0,0.0,0.0,0.0,1,304.0,1580.5,1,874.0,0.0,0.0,0.0,0.0,0.0,0
2023-05-10 13:32:07,PK401P10600,PK401P10600,874.0,0.0,0.0,0.0,1,305.5,1580.5,1,874.0,0.0,0.0,0.0,0.0,0.0,0
2023-05-10 13:32:09,PK401P10600,PK401P10600,874.0,0.0,0.0,0.0,1,306.0,1580.5,1,874.0,0.0,0.0,0.0,0.0,0.0,0
2023-05-10 13:32:09,PK401P10600,PK401P10600,874.0,0.0,0.0,0.0,1,307.5,1580.5,1,874.0,0.0,0.0,0.0,0.0,0.0,0
2023-05-10 13:32:10,PK401P10600,PK401P10600,874.0,0.0,0.0,0.0,1,308.0,1580.5,1,874.0,0.0,0.0,0.0,0.0,0.0,0
2023-05-10 13:32:10,PK401P10600,PK401P10600,874.0,0.0,0.0,0.0,1,309.5,1580.5,1,874.0,0.0,0.0,0.0,0.0,0.0,0
2023-05-10 13:39:59,PK401P10600,PK401P10600,874.0,0.0,0.0,0.0,1,317.5,1580.5,1,874.0,0.0,0.0,0.0,0.0,0.0,0
2023-05-10 13:40:00,PK401P10600,PK401P10600,874.0,0.0,0.0,0.0,1,319.0,1580.5,1,874.0,0.0,0.0,0.0,0.0,0.0,0
2023-05-10 13:40:01,PK401P10600,PK401P10600,874.0,0.0,0.0,0.0,1,319.5,1580.5,1,874.0,0.0,0.0,0.0,0.0,0.0,0
2023-05-10 13:40:01,PK401P10600,PK401P10600,874.0,0.0,0.0,0.0,1,321.0,1580.5,1,874.0,0.0,0.0,0.0,0.0,0.0,0
2023-05-10 13:40:02,PK401P10600,PK401P10600,874.0,0.0,0.0,0.0,1,321.5,1580.5,1,874.0,0.0,0.0,0.0,0.0,0.0,0
2023-05-10 13:40:03,PK401P10600,PK401P10600,874.0,0.0,0.0,0.0,1,323.0,1580.5,1,874.0,0.0,0.0,0.0,0.0,0.0,0
2023-05-10 13:40:34,PK401P10600,PK401P10600,874.0,0.0,0.0,0.0,1,331.0,1580.5,1,874.0,0.0,0.0,0.0,0.0,0.0,0
2023-05-10 13:40:34,PK401P10600,PK401P10600,874.0,0.0,0.0,0.0,1,332.5,1580.5,1,874.0,0.0,0.0,0.0,0.0,0.0,0
2023-05-10 13:40:35,PK401P10600,PK401P10600,874.0,0.0,0.0,0.0,1,340.5,1580.5,1,874.0,0.0,0.0,0.0,0.0,0.0,0
2023-05-10 13:40:36,PK401P10600,PK401P10600,874.0,0.0,0.0,0.0,1,342.0,1580.5,1,874.0,0.0,0.0,0.0,0.0,0.0,0
2023-05-10 13:40:36,PK401P10600,PK401P10600,874.0,0.0,0.0,0.0,1,346.0,1580.5,1,874.0,0.0,0.0,0.0,0.0,0.0,0
2023-05-10 13:40:37,PK401P10600,PK401P10600,874.0,0.0,0.0,0.0,1,347.5,1580.5,1,874.0,0.0,0.0,0.0,0.0,0.0,0
2023-05-10 13:40:37,PK401P10600,PK401P10600,874.0,0.0,0.0,0.0,1,351.5,1580.5,1,874.0,0.0,0.0,0.0,0.0,0.0,0
2023-05-10 13:40:38,PK401P10600,PK401P10600,874.0,0.0,0.0,0.0,1,353.0,1580.5,1,874.0,0.0,0.0,0.0,0.0,0.0,0
2023-05-10 13:40:38,PK401P10600,PK401P10600,874.0,0.0,0.0,0.0,1,353.5,1580.5,1,874.0,0.0,0.0,0.0,0.0,0.0,0
2023-05-10 13:40:39,PK401P10600,PK401P10600,874.0,0.0,0.0,0.0,1,355.0,1580.5,1,874.0,0.0,0.0,0.0,0.0,0.0,0
2023-05-10 13:40:39,PK401P10600,PK401P10600,874.0,0.0,0.0,0.0,1,355.5,1580.5,1,874.0,0.0,0.0,0.0,0.0,0.0,0
2023-05-10 13:40:40,PK401P10600,PK401P10600,874.0,0.0,0.0,0.0,1,357.0,1580.5,1,874.0,0.0,0.0,0.0,0.0,0.0,0
2023-05-10 13:40:40,PK401P10600,PK401P10600,874.0,0.0,0.0,0.0,1,357.5,1580.5,1,874.0,0.0,0.0,0.0,0.0,0.0,0
2023-05-10 13:40:41,PK401P10600,PK401P10600,874.0,0.0,0.0,0.0,1,359.0,1580.5,1,874.0,0.0,0.0,0.0,0.0,0.0,0
2023-05-10 14:35:21,PK401P10600,PK401P10600,874.0,0.0,0.0,0.0,6,867.0,930.0,6,874.0,0.0,0.0,0.0,0.0,0.0,0
2023-05-10 14:35:22,PK401P10600,PK401P10600,874.0,0.0,0.0,0.0,9,867.0,930.0,9,874.0,0.0,0.0,0.0,0.0,0.0,0
2023-05-10 14:35:22,PK401P10600,PK401P10600,874.0,0.0,0.0,0.0,3,893.5,930.0,6,874.0,0.0,0.0,0.0,0.0,0.0,0
2023-05-10 14:35:23,PK401P10600,PK401P10600,874.0,0.0,0.0,0.0,3,893.5,930.0,3,874.0,0.0,0.0,0.0,0.0,0.0,0
2023-05-10 14:35:23,PK401P10600,PK401P10600,874.0,0.0,0.0,0.0,9,893.5,930.0,9,874.0,0.0,0.0,0.0,0.0,0.0,0
2023-05-10 14:35:28,PK401P10600,PK401P10600,874.0,0.0,0.0,0.0,12,893.5,930.0,12,874.0,0.0,0.0,0.0,0.0,0.0,0
2023-05-10 14:35:29,PK401P10600,PK401P10600,874.0,0.0,0.0,0.0,3,900.0,930.0,12,874.0,0.0,0.0,0.0,0.0,0.0,0
2023-05-10 14:35:29,PK401P10600,PK401P10600,874.0,0.0,0.0,0.0,6,900.0,930.0,12,874.0,0.0,0.0,0.0,0.0,0.0,0
2023-05-10 14:35:30,PK401P10600,PK401P10600,874.0,0.0,0.0,0.0,9,900.0,930.0,15,874.0,0.0,0.0,0.0,0.0,0.0,0
2023-05-10 14:35:32,PK401P10600,PK401P10600,874.0,0.0,0.0,0.0,12,900.0,930.0,15,874.0,0.0,0.0,0.0,0.0,0.0,0
2023-05-10 14:35:34,PK401P10600,PK401P10600,874.0,0.0,0.0,0.0,15,900.0,930.0,18,874.0,0.0,0.0,0.0,0.0,0.0,0
2023-05-10 14:35:40,PK401P10600,PK401P10600,874.0,0.0,0.0,0.0,12,900.0,930.0,18,874.0,0.0,0.0,0.0,0.0,0.0,0
2023-05-10 14:35:40,PK401P10600,PK401P10600,874.0,0.0,0.0,0.0,12,900.0,930.0,15,874.0,0.0,0.0,0.0,0.0,0.0,0
2023-05-10 14:35:41,PK401P10600,PK401P10600,874.0,0.0,0.0,0.0,12,900.0,930.0,12,874.0,0.0,0.0,0.0,0.0,0.0,0
2023-05-10 14:35:42,PK401P10600,PK401P10600,874.0,0.0,0.0,0.0,9,900.0,930.0,9,874.0,0.0,0.0,0.0,0.0,0.0,0
2023-05-10 14:35:42,PK401P10600,PK401P10600,874.0,0.0,0.0,0.0,3,900.0,930.0,3,874.0,0.0,0.0,0.0,0.0,0.0,0
2023-05-10 14:35:45,PK401P10600,PK401P10600,874.0,0.0,0.0,0.0,1,191.5,0.0,0,874.0,0.0,0.0,0.0,0.0,0.0,0
2023-05-10 14:35:45,PK401P10600,PK401P10600,874.0,0.0,0.0,0.0,1,193.0,1580.5,1,874.0,0.0,0.0,0.0,0.0,0.0,0
2023-05-10 14:40:16,PK401P10600,PK401P10600,874.0,0.0,0.0,0.0,1,193.5,1580.5,1,874.0,0.0,0.0,0.0,0.0,0.0,0
2023-05-10 14:40:16,PK401P10600,PK401P10600,874.0,0.0,0.0,0.0,1,195.0,1580.5,1,874.0,0.0,0.0,0.0,0.0,0.0,0
2023-05-10 14:59:52,PK401P10600,PK401P10600,874.0,0.0,0.0,0.0,1,193.5,0.0,0,874.0,0.0,0.0,0.0,0.0,0.0,0
