time,symbol_id,symbol_name,last,trade_volume,trade_amount,open_interest_change,bv1,bp1,ap1,av1,yesterday_close,today_open,today_high,today_low,volume,amount,open_interest
2023-05-10 08:59:00,wr2312,wr2312,4366.0,0.0,0.0,0.0,6,3885.0,0.0,0,4366.0,0.0,0.0,0.0,0.0,0.0,0
2023-05-10 09:00:18,wr2312,wr2312,4366.0,0.0,0.0,0.0,6,3885.0,4756.0,1,4366.0,0.0,0.0,0.0,0.0,0.0,0
2023-05-10 09:00:31,wr2312,wr2312,4366.0,0.0,0.0,0.0,6,3885.0,4756.0,1,4366.0,0.0,0.0,0.0,0.0,0.0,0
2023-05-10 09:00:52,wr2312,wr2312,4366.0,0.0,0.0,0.0,5,3885.0,4756.0,1,4366.0,0.0,0.0,0.0,0.0,0.0,0
2023-05-10 09:00:52,wr2312,wr2312,4366.0,0.0,0.0,0.0,4,3885.0,4756.0,1,4366.0,0.0,0.0,0.0,0.0,0.0,0
2023-05-10 09:00:53,wr2312,wr2312,4366.0,0.0,0.0,0.0,3,3885.0,4756.0,1,4366.0,0.0,0.0,0.0,0.0,0.0,0
2023-05-10 09:00:53,wr2312,wr2312,4366.0,0.0,0.0,0.0,2,3885.0,4756.0,1,4366.0,0.0,0.0,0.0,0.0,0.0,0
2023-05-10 09:00:54,wr2312,wr2312,4366.0,0.0,0.0,0.0,1,3885.0,4756.0,1,4366.0,0.0,0.0,0.0,0.0,0.0,0
2023-05-10 09:00:55,wr2312,wr2312,4366.0,0.0,0.0,0.0,0,0.0,4756.0,1,4366.0,0.0,0.0,0.0,0.0,0.0,0
2023-05-10 09:03:36,wr2312,wr2312,4366.0,0.0,0.0,0.0,0,0.0,4755.0,1,4366.0,0.0,0.0,0.0,0.0,0.0,0
2023-05-10 09:12:44,wr2312,wr2312,4366.0,0.0,0.0,0.0,0,0.0,4655.0,1,4366.0,0.0,0.0,0.0,0.0,0.0,0
2023-05-10 09:12:44,wr2312,wr2312,4366.0,0.0,0.0,0.0,0,0.0,4654.0,1,4366.0,0.0,0.0,0.0,0.0,0.0,0
2023-05-10 09:12:47,wr2312,wr2312,4366.0,0.0,0.0,0.0,0,0.0,4600.0,1,4366.0,0.0,0.0,0.0,0.0,0.0,0
2023-05-10 09:12:48,wr2312,wr2312,4366.0,0.0,0.0,0.0,0,0.0,4599.0,1,4366.0,0.0,0.0,0.0,0.0,0.0,0
2023-05-10 09:12:52,wr2312,wr2312,4366.0,0.0,0.0,0.0,0,0.0,4568.0,1,4366.0,0.0,0.0,0.0,0.0,0.0,0
2023-05-10 09:12:52,wr2312,wr2312,4366.0,0.0,0.0,0.0,0,0.0,4567.0,1,4366.0,0.0,0.0,0.0,0.0,0.0,0
2023-05-10 09:17:44,wr2312,wr2312,4366.0,0.0,0.0,0.0,0,0.0,4560.0,1,4366.0,0.0,0.0,0.0,0.0,0.0,0
2023-05-10 09:17:45,wr2312,wr2312,4366.0,0.0,0.0,0.0,0,0.0,4559.0,1,4366.0,0.0,0.0,0.0,0.0,0.0,0
2023-05-10 09:17:49,wr2312,wr2312,4366.0,0.0,0.0,0.0,0,0.0,4550.0,1,4366.0,0.0,0.0,0.0,0.0,0.0,0
2023-05-10 09:17:50,wr2312,wr2312,4366.0,0.0,0.0,0.0,0,0.0,4549.0,1,4366.0,0.0,0.0,0.0,0.0,0.0,0
2023-05-10 09:17:53,wr2312,wr2312,4366.0,0.0,0.0,0.0,0,0.0,4540.0,1,4366.0,0.0,0.0,0.0,0.0,0.0,0
2023-05-10 09:17:53,wr2312,wr2312,4366.0,0.0,0.0,0.0,0,0.0,4539.0,1,4366.0,0.0,0.0,0.0,0.0,0.0,0
2023-05-10 09:17:56,wr2312,wr2312,4366.0,0.0,0.0,0.0,0,0.0,4530.0,1,4366.0,0.0,0.0,0.0,0.0,0.0,0
2023-05-10 09:17:57,wr2312,wr2312,4366.0,0.0,0.0,0.0,0,0.0,4529.0,1,4366.0,0.0,0.0,0.0,0.0,0.0,0
2023-05-10 09:18:02,wr2312,wr2312,4366.0,0.0,0.0,0.0,0,0.0,4520.0,1,4366.0,0.0,0.0,0.0,0.0,0.0,0
2023-05-10 09:18:03,wr2312,wr2312,4366.0,0.0,0.0,0.0,0,0.0,4519.0,1,4366.0,0.0,0.0,0.0,0.0,0.0,0
2023-05-10 09:18:06,wr2312,wr2312,4366.0,0.0,0.0,0.0,0,0.0,4510.0,1,4366.0,0.0,0.0,0.0,0.0,0.0,0
2023-05-10 09:18:06,wr2312,wr2312,4366.0,0.0,0.0,0.0,0,0.0,4509.0,1,4366.0,0.0,0.0,0.0,0.0,0.0,0
2023-05-10 09:18:09,wr2312,wr2312,4366.0,0.0,0.0,0.0,0,0.0,4500.0,1,4366.0,0.0,0.0,0.0,0.0,0.0,0
2023-05-10 09:18:09,wr2312,wr2312,4366.0,0.0,0.0,0.0,0,0.0,4499.0,1,4366.0,0.0,0.0,0.0,0.0,0.0,0
2023-05-10 09:26:32,wr2312,wr2312,4366.0,0.0,0.0,0.0,0,0.0,4490.0,1,4366.0,0.0,0.0,0.0,0.0,0.0,0
2023-05-10 09:26:32,wr2312,wr2312,4366.0,0.0,0.0,0.0,0,0.0,4489.0,1,4366.0,0.0,0.0,0.0,0.0,0.0,0
2023-05-10 09:26:36,wr2312,wr2312,4366.0,0.0,0.0,0.0,0,0.0,4489.0,1,4366.0,0.0,0.0,0.0,0.0,0.0,0
2023-05-10 09:26:37,wr2312,wr2312,4366.0,0.0,0.0,0.0,0,0.0,4480.0,1,4366.0,0.0,0.0,0.0,0.0,0.0,0
2023-05-10 09:26:37,wr2312,wr2312,4366.0,0.0,0.0,0.0,0,0.0,4479.0,1,4366.0,0.0,0.0,0.0,0.0,0.0,0
2023-05-10 09:26:40,wr2312,wr2312,4366.0,0.0,0.0,0.0,0,0.0,4460.0,1,4366.0,0.0,0.0,0.0,0.0,0.0,0
2023-05-10 09:26:40,wr2312,wr2312,4366.0,0.0,0.0,0.0,0,0.0,4459.0,1,4366.0,0.0,0.0,0.0,0.0,0.0,0
2023-05-10 09:26:43,wr2312,wr2312,4366.0,0.0,0.0,0.0,0,0.0,4459.0,1,4366.0,0.0,0.0,0.0,0.0,0.0,0
2023-05-10 09:26:44,wr2312,wr2312,4366.0,0.0,0.0,0.0,0,0.0,4452.0,1,4366.0,0.0,0.0,0.0,0.0,0.0,0
2023-05-10 09:26:44,wr2312,wr2312,4366.0,0.0,0.0,0.0,0,0.0,4451.0,1,4366.0,0.0,0.0,0.0,0.0,0.0,0
2023-05-10 09:26:48,wr2312,wr2312,4366.0,0.0,0.0,0.0,0,0.0,4451.0,1,4366.0,0.0,0.0,0.0,0.0,0.0,0
2023-05-10 09:34:14,wr2312,wr2312,4366.0,0.0,0.0,0.0,0,0.0,4450.0,1,4366.0,0.0,0.0,0.0,0.0,0.0,0
2023-05-10 09:34:14,wr2312,wr2312,4366.0,0.0,0.0,0.0,0,0.0,4450.0,1,4366.0,0.0,0.0,0.0,0.0,0.0,0
2023-05-10 10:05:28,wr2312,wr2312,4366.0,0.0,0.0,0.0,0,0.0,4449.0,1,4366.0,0.0,0.0,0.0,0.0,0.0,0
2023-05-10 10:07:53,wr2312,wr2312,4366.0,0.0,0.0,0.0,0,0.0,4449.0,1,4366.0,0.0,0.0,0.0,0.0,0.0,0
2023-05-10 10:07:53,wr2312,wr2312,4366.0,0.0,0.0,0.0,0,0.0,4446.0,1,4366.0,0.0,0.0,0.0,0.0,0.0,0
2023-05-10 10:07:54,wr2312,wr2312,4366.0,0.0,0.0,0.0,0,0.0,4445.0,1,4366.0,0.0,0.0,0.0,0.0,0.0,0
2023-05-10 10:07:58,wr2312,wr2312,4366.0,0.0,0.0,0.0,0,0.0,4440.0,1,4366.0,0.0,0.0,0.0,0.0,0.0,0
2023-05-10 10:07:59,wr2312,wr2312,4366.0,0.0,0.0,0.0,0,0.0,4439.0,1,4366.0,0.0,0.0,0.0,0.0,0.0,0
2023-05-10 10:08:19,wr2312,wr2312,4366.0,0.0,0.0,0.0,0,0.0,4438.0,1,4366.0,0.0,0.0,0.0,0.0,0.0,0
2023-05-10 10:08:19,wr2312,wr2312,4366.0,0.0,0.0,0.0,0,0.0,4437.0,1,4366.0,0.0,0.0,0.0,0.0,0.0,0
2023-05-10 10:08:28,wr2312,wr2312,4366.0,0.0,0.0,0.0,0,0.0,4437.0,1,4366.0,0.0,0.0,0.0,0.0,0.0,0
2023-05-10 10:08:28,wr2312,wr2312,4366.0,0.0,0.0,0.0,0,0.0,4435.0,1,4366.0,0.0,0.0,0.0,0.0,0.0,0
2023-05-10 10:08:29,wr2312,wr2312,4366.0,0.0,0.0,0.0,0,0.0,4434.0,1,4366.0,0.0,0.0,0.0,0.0,0.0,0
2023-05-10 10:08:32,wr2312,wr2312,4366.0,0.0,0.0,0.0,0,0.0,4434.0,1,4366.0,0.0,0.0,0.0,0.0,0.0,0
2023-05-10 10:08:32,wr2312,wr2312,4366.0,0.0,0.0,0.0,0,0.0,4430.0,1,4366.0,0.0,0.0,0.0,0.0,0.0,0
2023-05-10 10:08:33,wr2312,wr2312,4366.0,0.0,0.0,0.0,0,0.0,4430.0,1,4366.0,0.0,0.0,0.0,0.0,0.0,0
2023-05-10 10:14:22,wr2312,wr2312,4366.0,0.0,0.0,0.0,0,0.0,4430.0,1,4366.0,0.0,0.0,0.0,0.0,0.0,0
2023-05-10 10:14:22,wr2312,wr2312,4366.0,0.0,0.0,0.0,0,0.0,4430.0,1,4366.0,0.0,0.0,0.0,0.0,0.0,0
2023-05-10 10:30:18,wr2312,wr2312,4366.0,0.0,0.0,0.0,0,0.0,4430.0,1,4366.0,0.0,0.0,0.0,0.0,0.0,0
2023-05-10 10:30:32,wr2312,wr2312,4366.0,0.0,0.0,0.0,0,0.0,4430.0,1,4366.0,0.0,0.0,0.0,0.0,0.0,0
2023-05-10 10:53:55,wr2312,wr2312,4366.0,0.0,0.0,0.0,0,0.0,4429.0,1,4366.0,0.0,0.0,0.0,0.0,0.0,0
2023-05-10 10:55:02,wr2312,wr2312,4366.0,0.0,0.0,0.0,0,0.0,4428.0,1,4366.0,0.0,0.0,0.0,0.0,0.0,0
2023-05-10 10:55:02,wr2312,wr2312,4366.0,0.0,0.0,0.0,0,0.0,4427.0,1,4366.0,0.0,0.0,0.0,0.0,0.0,0
2023-05-10 10:55:06,wr2312,wr2312,4366.0,0.0,0.0,0.0,0,0.0,4420.0,1,4366.0,0.0,0.0,0.0,0.0,0.0,0
2023-05-10 10:55:07,wr2312,wr2312,4366.0,0.0,0.0,0.0,0,0.0,4419.0,1,4366.0,0.0,0.0,0.0,0.0,0.0,0
2023-05-10 10:55:12,wr2312,wr2312,4366.0,0.0,0.0,0.0,0,0.0,4415.0,1,4366.0,0.0,0.0,0.0,0.0,0.0,0
2023-05-10 10:55:12,wr2312,wr2312,4366.0,0.0,0.0,0.0,0,0.0,4415.0,1,4366.0,0.0,0.0,0.0,0.0,0.0,0
2023-05-10 10:55:13,wr2312,wr2312,4366.0,0.0,0.0,0.0,0,0.0,4414.0,1,4366.0,0.0,0.0,0.0,0.0,0.0,0
2023-05-10 10:55:15,wr2312,wr2312,4366.0,0.0,0.0,0.0,0,0.0,4410.0,1,4366.0,0.0,0.0,0.0,0.0,0.0,0
2023-05-10 10:55:15,wr2312,wr2312,4366.0,0.0,0.0,0.0,0,0.0,4409.0,1,4366.0,0.0,0.0,0.0,0.0,0.0,0
2023-05-10 10:55:19,wr2312,wr2312,4366.0,0.0,0.0,0.0,0,0.0,4405.0,1,4366.0,0.0,0.0,0.0,0.0,0.0,0
2023-05-10 10:55:20,wr2312,wr2312,4366.0,0.0,0.0,0.0,0,0.0,4404.0,1,4366.0,0.0,0.0,0.0,0.0,0.0,0
2023-05-10 10:55:23,wr2312,wr2312,4366.0,0.0,0.0,0.0,0,0.0,4400.0,1,4366.0,0.0,0.0,0.0,0.0,0.0,0
2023-05-10 10:55:24,wr2312,wr2312,4366.0,0.0,0.0,0.0,0,0.0,4400.0,1,4366.0,0.0,0.0,0.0,0.0,0.0,0
2023-05-10 11:02:24,wr2312,wr2312,4366.0,0.0,0.0,0.0,0,0.0,4399.0,1,4366.0,0.0,0.0,0.0,0.0,0.0,0
2023-05-10 11:03:58,wr2312,wr2312,4366.0,0.0,0.0,0.0,0,0.0,4390.0,1,4366.0,0.0,0.0,0.0,0.0,0.0,0
2023-05-10 11:03:58,wr2312,wr2312,4366.0,0.0,0.0,0.0,0,0.0,4389.0,1,4366.0,0.0,0.0,0.0,0.0,0.0,0
2023-05-10 11:04:03,wr2312,wr2312,4366.0,0.0,0.0,0.0,0,0.0,4352.0,1,4366.0,0.0,0.0,0.0,0.0,0.0,0
2023-05-10 11:04:03,wr2312,wr2312,4366.0,0.0,0.0,0.0,0,0.0,4351.0,1,4366.0,0.0,0.0,0.0,0.0,0.0,0
2023-05-10 11:04:07,wr2312,wr2312,4366.0,0.0,0.0,0.0,0,0.0,4351.0,1,4366.0,0.0,0.0,0.0,0.0,0.0,0
2023-05-10 11:29:19,wr2312,wr2312,4366.0,0.0,0.0,0.0,0,0.0,4351.0,1,4366.0,0.0,0.0,0.0,0.0,0.0,0
2023-05-10 11:29:20,wr2312,wr2312,4366.0,0.0,0.0,0.0,0,0.0,4351.0,1,4366.0,0.0,0.0,0.0,0.0,0.0,0
2023-05-10 13:30:18,wr2312,wr2312,4366.0,0.0,0.0,0.0,0,0.0,4351.0,1,4366.0,0.0,0.0,0.0,0.0,0.0,0
2023-05-10 13:30:31,wr2312,wr2312,4366.0,0.0,0.0,0.0,0,0.0,4351.0,1,4366.0,0.0,0.0,0.0,0.0,0.0,0
2023-05-10 15:00:00,wr2312,wr2312,4366.0,0.0,0.0,0.0,0,0.0,4351.0,1,4366.0,0.0,0.0,0.0,0.0,0.0,0
