time,symbol_id,symbol_name,last,trade_volume,trade_amount,open_interest_change,bv1,bp1,ap1,av1,yesterday_close,today_open,today_high,today_low,volume,amount,open_interest
2023-05-10 20:59:00,ni2305,ni2305,185110.0,42.0,7774620.0,-42.0,78,177380.0,187000.0,6,185110.0,185110.0,185110.0,185110.0,42.0,7774620.0,1500
2023-05-10 21:00:00,ni2305,ni2305,185110.0,0.0,0.0,0.0,6,181000.0,187000.0,6,185110.0,185110.0,185110.0,185110.0,42.0,7774620.0,1500
2023-05-10 21:00:01,ni2305,ni2305,185110.0,0.0,0.0,0.0,6,181000.0,186900.0,6,185110.0,185110.0,185110.0,185110.0,42.0,7774620.0,1500
2023-05-10 21:00:05,ni2305,ni2305,185110.0,0.0,0.0,0.0,6,181000.0,186900.0,6,185110.0,185110.0,185110.0,185110.0,42.0,7774620.0,1500
2023-05-10 21:00:05,ni2305,ni2305,185110.0,0.0,0.0,0.0,6,181000.0,186900.0,6,185110.0,185110.0,185110.0,185110.0,42.0,7774620.0,1500
2023-05-10 21:00:06,ni2305,ni2305,185110.0,0.0,0.0,0.0,6,181020.0,186900.0,6,185110.0,185110.0,185110.0,185110.0,42.0,7774620.0,1500
2023-05-10 21:00:40,ni2305,ni2305,185110.0,0.0,0.0,0.0,6,181020.0,186890.0,6,185110.0,185110.0,185110.0,185110.0,42.0,7774620.0,1500
2023-05-10 21:00:41,ni2305,ni2305,185110.0,0.0,0.0,0.0,6,181020.0,186790.0,6,185110.0,185110.0,185110.0,185110.0,42.0,7774620.0,1500
2023-05-10 21:00:47,ni2305,ni2305,185110.0,0.0,0.0,0.0,6,181020.0,186780.0,6,185110.0,185110.0,185110.0,185110.0,42.0,7774620.0,1500
2023-05-10 21:00:47,ni2305,ni2305,185110.0,0.0,0.0,0.0,6,181020.0,186680.0,6,185110.0,185110.0,185110.0,185110.0,42.0,7774620.0,1500
2023-05-10 21:00:51,ni2305,ni2305,185110.0,0.0,0.0,0.0,6,181020.0,185000.0,42,185110.0,185110.0,185110.0,185110.0,42.0,7774620.0,1500
2023-05-10 21:00:52,ni2305,ni2305,185110.0,0.0,0.0,0.0,6,181020.0,185000.0,42,185110.0,185110.0,185110.0,185110.0,42.0,7774620.0,1500
2023-05-10 21:01:13,ni2305,ni2305,185110.0,0.0,0.0,0.0,6,181020.0,184970.0,6,185110.0,185110.0,185110.0,185110.0,42.0,7774620.0,1500
2023-05-10 21:01:14,ni2305,ni2305,185110.0,0.0,0.0,0.0,6,181000.0,184970.0,6,185110.0,185110.0,185110.0,185110.0,42.0,7774620.0,1500
2023-05-10 21:01:18,ni2305,ni2305,185110.0,0.0,0.0,0.0,6,181030.0,184970.0,6,185110.0,185110.0,185110.0,185110.0,42.0,7774620.0,1500
2023-05-10 21:01:40,ni2305,ni2305,185110.0,0.0,0.0,0.0,6,181030.0,184910.0,6,185110.0,185110.0,185110.0,185110.0,42.0,7774620.0,1500
2023-05-10 21:01:41,ni2305,ni2305,185110.0,0.0,0.0,0.0,6,181030.0,184910.0,6,185110.0,185110.0,185110.0,185110.0,42.0,7774620.0,1500
2023-05-10 21:01:41,ni2305,ni2305,185110.0,0.0,0.0,0.0,6,181030.0,184960.0,6,185110.0,185110.0,185110.0,185110.0,42.0,7774620.0,1500
2023-05-10 21:01:42,ni2305,ni2305,185110.0,0.0,0.0,0.0,6,181030.0,184930.0,6,185110.0,185110.0,185110.0,185110.0,42.0,7774620.0,1500
2023-05-10 21:01:47,ni2305,ni2305,185110.0,0.0,0.0,0.0,6,181030.0,184930.0,12,185110.0,185110.0,185110.0,185110.0,42.0,7774620.0,1500
2023-05-10 21:01:49,ni2305,ni2305,185110.0,0.0,0.0,0.0,6,181030.0,184930.0,6,185110.0,185110.0,185110.0,185110.0,42.0,7774620.0,1500
2023-05-10 21:01:56,ni2305,ni2305,185110.0,0.0,0.0,0.0,6,181030.0,184930.0,12,185110.0,185110.0,185110.0,185110.0,42.0,7774620.0,1500
2023-05-10 21:03:02,ni2305,ni2305,185110.0,0.0,0.0,0.0,6,181030.0,184910.0,6,185110.0,185110.0,185110.0,185110.0,42.0,7774620.0,1500
2023-05-10 21:03:03,ni2305,ni2305,185110.0,0.0,0.0,0.0,6,181030.0,184810.0,6,185110.0,185110.0,185110.0,185110.0,42.0,7774620.0,1500
2023-05-10 21:03:03,ni2305,ni2305,185110.0,0.0,0.0,0.0,6,181030.0,184780.0,6,185110.0,185110.0,185110.0,185110.0,42.0,7774620.0,1500
2023-05-10 21:03:04,ni2305,ni2305,185110.0,0.0,0.0,0.0,6,181030.0,184680.0,6,185110.0,185110.0,185110.0,185110.0,42.0,7774620.0,1500
2023-05-10 21:03:04,ni2305,ni2305,185110.0,0.0,0.0,0.0,6,181030.0,184680.0,6,185110.0,185110.0,185110.0,185110.0,42.0,7774620.0,1500
2023-05-10 21:03:05,ni2305,ni2305,185110.0,0.0,0.0,0.0,6,181030.0,184650.0,6,185110.0,185110.0,185110.0,185110.0,42.0,7774620.0,1500
2023-05-10 21:03:05,ni2305,ni2305,185110.0,0.0,0.0,0.0,6,181030.0,184550.0,6,185110.0,185110.0,185110.0,185110.0,42.0,7774620.0,1500
2023-05-10 21:03:06,ni2305,ni2305,185110.0,0.0,0.0,0.0,6,181030.0,184520.0,6,185110.0,185110.0,185110.0,185110.0,42.0,7774620.0,1500
2023-05-10 21:03:06,ni2305,ni2305,185110.0,0.0,0.0,0.0,6,181030.0,184420.0,6,185110.0,185110.0,185110.0,185110.0,42.0,7774620.0,1500
2023-05-10 21:03:07,ni2305,ni2305,185110.0,0.0,0.0,0.0,6,181030.0,184390.0,6,185110.0,185110.0,185110.0,185110.0,42.0,7774620.0,1500
2023-05-10 21:03:07,ni2305,ni2305,185110.0,0.0,0.0,0.0,6,181030.0,184290.0,6,185110.0,185110.0,185110.0,185110.0,42.0,7774620.0,1500
2023-05-10 21:03:08,ni2305,ni2305,185110.0,0.0,0.0,0.0,6,181030.0,184290.0,6,185110.0,185110.0,185110.0,185110.0,42.0,7774620.0,1500
2023-05-10 21:03:09,ni2305,ni2305,185110.0,0.0,0.0,0.0,6,181030.0,184260.0,6,185110.0,185110.0,185110.0,185110.0,42.0,7774620.0,1500
2023-05-10 21:03:09,ni2305,ni2305,185110.0,0.0,0.0,0.0,6,181030.0,184160.0,6,185110.0,185110.0,185110.0,185110.0,42.0,7774620.0,1500
2023-05-10 21:03:10,ni2305,ni2305,185110.0,0.0,0.0,0.0,6,181030.0,184130.0,6,185110.0,185110.0,185110.0,185110.0,42.0,7774620.0,1500
2023-05-10 21:03:10,ni2305,ni2305,185110.0,0.0,0.0,0.0,6,181030.0,184030.0,6,185110.0,185110.0,185110.0,185110.0,42.0,7774620.0,1500
2023-05-10 21:03:11,ni2305,ni2305,185110.0,0.0,0.0,0.0,6,181030.0,184000.0,6,185110.0,185110.0,185110.0,185110.0,42.0,7774620.0,1500
2023-05-10 21:03:11,ni2305,ni2305,185110.0,0.0,0.0,0.0,6,181030.0,183900.0,6,185110.0,185110.0,185110.0,185110.0,42.0,7774620.0,1500
2023-05-10 21:03:12,ni2305,ni2305,185110.0,0.0,0.0,0.0,6,181030.0,183870.0,6,185110.0,185110.0,185110.0,185110.0,42.0,7774620.0,1500
2023-05-10 21:03:12,ni2305,ni2305,185110.0,0.0,0.0,0.0,6,181030.0,183770.0,6,185110.0,185110.0,185110.0,185110.0,42.0,7774620.0,1500
2023-05-10 21:03:13,ni2305,ni2305,185110.0,0.0,0.0,0.0,6,181000.0,183740.0,6,185110.0,185110.0,185110.0,185110.0,42.0,7774620.0,1500
2023-05-10 21:03:14,ni2305,ni2305,185110.0,0.0,0.0,0.0,6,181030.0,183740.0,6,185110.0,185110.0,185110.0,185110.0,42.0,7774620.0,1500
2023-05-10 21:03:19,ni2305,ni2305,185110.0,0.0,0.0,0.0,6,181000.0,183740.0,6,185110.0,185110.0,185110.0,185110.0,42.0,7774620.0,1500
2023-05-10 21:03:21,ni2305,ni2305,185110.0,0.0,0.0,0.0,6,181030.0,183740.0,6,185110.0,185110.0,185110.0,185110.0,42.0,7774620.0,1500
2023-05-10 21:03:24,ni2305,ni2305,185110.0,0.0,0.0,0.0,6,181000.0,183740.0,6,185110.0,185110.0,185110.0,185110.0,42.0,7774620.0,1500
2023-05-10 21:03:29,ni2305,ni2305,185110.0,0.0,0.0,0.0,6,181000.0,183740.0,6,185110.0,185110.0,185110.0,185110.0,42.0,7774620.0,1500
2023-05-10 21:03:29,ni2305,ni2305,185110.0,0.0,0.0,0.0,6,181000.0,183740.0,6,185110.0,185110.0,185110.0,185110.0,42.0,7774620.0,1500
2023-05-10 21:03:30,ni2305,ni2305,185110.0,0.0,0.0,0.0,6,181020.0,183740.0,6,185110.0,185110.0,185110.0,185110.0,42.0,7774620.0,1500
2023-05-10 21:03:44,ni2305,ni2305,185110.0,0.0,0.0,0.0,6,181000.0,183740.0,6,185110.0,185110.0,185110.0,185110.0,42.0,7774620.0,1500
2023-05-10 21:03:47,ni2305,ni2305,185110.0,0.0,0.0,0.0,6,181030.0,183740.0,6,185110.0,185110.0,185110.0,185110.0,42.0,7774620.0,1500
2023-05-10 21:03:48,ni2305,ni2305,185110.0,0.0,0.0,0.0,6,181000.0,183740.0,6,185110.0,185110.0,185110.0,185110.0,42.0,7774620.0,1500
2023-05-10 21:03:48,ni2305,ni2305,185110.0,0.0,0.0,0.0,6,181010.0,183740.0,6,185110.0,185110.0,185110.0,185110.0,42.0,7774620.0,1500
2023-05-10 21:04:03,ni2305,ni2305,185110.0,0.0,0.0,0.0,6,181000.0,183740.0,6,185110.0,185110.0,185110.0,185110.0,42.0,7774620.0,1500
2023-05-10 21:04:10,ni2305,ni2305,185110.0,0.0,0.0,0.0,6,181010.0,183740.0,6,185110.0,185110.0,185110.0,185110.0,42.0,7774620.0,1500
2023-05-10 21:04:10,ni2305,ni2305,185110.0,0.0,0.0,0.0,6,181000.0,183740.0,6,185110.0,185110.0,185110.0,185110.0,42.0,7774620.0,1500
2023-05-10 21:05:37,ni2305,ni2305,181000.0,6.0,1086000.0,-6.0,6,177550.0,183740.0,6,185110.0,185110.0,185110.0,181000.0,48.0,8860620.0,1494
2023-05-10 21:05:38,ni2305,ni2305,181000.0,0.0,0.0,0.0,6,177580.0,183730.0,6,185110.0,185110.0,185110.0,181000.0,48.0,8860620.0,1494
2023-05-10 21:05:38,ni2305,ni2305,181000.0,0.0,0.0,0.0,6,177600.0,183700.0,6,185110.0,185110.0,185110.0,181000.0,48.0,8860620.0,1494
2023-05-10 21:05:39,ni2305,ni2305,181000.0,0.0,0.0,0.0,6,177630.0,183690.0,6,185110.0,185110.0,185110.0,181000.0,48.0,8860620.0,1494
2023-05-10 21:05:39,ni2305,ni2305,181000.0,0.0,0.0,0.0,6,177650.0,183660.0,6,185110.0,185110.0,185110.0,181000.0,48.0,8860620.0,1494
2023-05-10 21:05:40,ni2305,ni2305,181000.0,0.0,0.0,0.0,6,177680.0,183650.0,6,185110.0,185110.0,185110.0,181000.0,48.0,8860620.0,1494
2023-05-10 21:05:40,ni2305,ni2305,181000.0,0.0,0.0,0.0,6,177700.0,183620.0,6,185110.0,185110.0,185110.0,181000.0,48.0,8860620.0,1494
2023-05-10 21:05:41,ni2305,ni2305,181000.0,0.0,0.0,0.0,6,177730.0,183610.0,6,185110.0,185110.0,185110.0,181000.0,48.0,8860620.0,1494
2023-05-10 21:05:41,ni2305,ni2305,181000.0,0.0,0.0,0.0,6,177750.0,183580.0,6,185110.0,185110.0,185110.0,181000.0,48.0,8860620.0,1494
2023-05-10 21:05:42,ni2305,ni2305,181000.0,0.0,0.0,0.0,6,177780.0,183570.0,6,185110.0,185110.0,185110.0,181000.0,48.0,8860620.0,1494
2023-05-10 21:05:42,ni2305,ni2305,181000.0,0.0,0.0,0.0,6,177800.0,183540.0,6,185110.0,185110.0,185110.0,181000.0,48.0,8860620.0,1494
2023-05-10 21:05:43,ni2305,ni2305,181000.0,0.0,0.0,0.0,6,177830.0,183530.0,6,185110.0,185110.0,185110.0,181000.0,48.0,8860620.0,1494
2023-05-10 21:05:43,ni2305,ni2305,181000.0,0.0,0.0,0.0,6,177850.0,183500.0,6,185110.0,185110.0,185110.0,181000.0,48.0,8860620.0,1494
2023-05-10 21:05:44,ni2305,ni2305,181000.0,0.0,0.0,0.0,6,177880.0,183490.0,6,185110.0,185110.0,185110.0,181000.0,48.0,8860620.0,1494
2023-05-10 21:05:44,ni2305,ni2305,181000.0,0.0,0.0,0.0,6,177900.0,183460.0,6,185110.0,185110.0,185110.0,181000.0,48.0,8860620.0,1494
2023-05-10 21:05:45,ni2305,ni2305,181000.0,0.0,0.0,0.0,6,177930.0,183450.0,6,185110.0,185110.0,185110.0,181000.0,48.0,8860620.0,1494
2023-05-10 21:05:45,ni2305,ni2305,181000.0,0.0,0.0,0.0,6,177950.0,183420.0,6,185110.0,185110.0,185110.0,181000.0,48.0,8860620.0,1494
2023-05-10 21:05:46,ni2305,ni2305,181000.0,0.0,0.0,0.0,6,177980.0,183410.0,6,185110.0,185110.0,185110.0,181000.0,48.0,8860620.0,1494
2023-05-10 21:05:46,ni2305,ni2305,181000.0,0.0,0.0,0.0,6,178000.0,183310.0,6,185110.0,185110.0,185110.0,181000.0,48.0,8860620.0,1494
2023-05-10 21:05:47,ni2305,ni2305,181000.0,0.0,0.0,0.0,6,178030.0,183280.0,6,185110.0,185110.0,185110.0,181000.0,48.0,8860620.0,1494
2023-05-10 21:05:47,ni2305,ni2305,181000.0,0.0,0.0,0.0,6,178050.0,183260.0,6,185110.0,185110.0,185110.0,181000.0,48.0,8860620.0,1494
2023-05-10 21:05:48,ni2305,ni2305,181000.0,0.0,0.0,0.0,6,178080.0,183230.0,6,185110.0,185110.0,185110.0,181000.0,48.0,8860620.0,1494
2023-05-10 21:05:48,ni2305,ni2305,181000.0,0.0,0.0,0.0,6,178100.0,183220.0,6,185110.0,185110.0,185110.0,181000.0,48.0,8860620.0,1494
2023-05-10 21:05:49,ni2305,ni2305,181000.0,0.0,0.0,0.0,6,178130.0,183190.0,6,185110.0,185110.0,185110.0,181000.0,48.0,8860620.0,1494
2023-05-10 21:05:49,ni2305,ni2305,181000.0,0.0,0.0,0.0,6,178150.0,183180.0,6,185110.0,185110.0,185110.0,181000.0,48.0,8860620.0,1494
2023-05-10 21:05:50,ni2305,ni2305,181000.0,0.0,0.0,0.0,6,178180.0,183150.0,6,185110.0,185110.0,185110.0,181000.0,48.0,8860620.0,1494
2023-05-10 21:05:50,ni2305,ni2305,181000.0,0.0,0.0,0.0,6,178200.0,183140.0,6,185110.0,185110.0,185110.0,181000.0,48.0,8860620.0,1494
2023-05-10 21:05:51,ni2305,ni2305,181000.0,0.0,0.0,0.0,6,178230.0,183110.0,6,185110.0,185110.0,185110.0,181000.0,48.0,8860620.0,1494
2023-05-10 21:05:51,ni2305,ni2305,181000.0,0.0,0.0,0.0,6,178250.0,183100.0,6,185110.0,185110.0,185110.0,181000.0,48.0,8860620.0,1494
2023-05-10 21:05:52,ni2305,ni2305,181000.0,0.0,0.0,0.0,6,178280.0,183070.0,6,185110.0,185110.0,185110.0,181000.0,48.0,8860620.0,1494
2023-05-10 21:05:52,ni2305,ni2305,181000.0,0.0,0.0,0.0,6,178300.0,183060.0,6,185110.0,185110.0,185110.0,181000.0,48.0,8860620.0,1494
2023-05-10 21:05:53,ni2305,ni2305,181000.0,0.0,0.0,0.0,6,178330.0,183030.0,6,185110.0,185110.0,185110.0,181000.0,48.0,8860620.0,1494
2023-05-10 21:05:53,ni2305,ni2305,181000.0,0.0,0.0,0.0,6,178350.0,183020.0,6,185110.0,185110.0,185110.0,181000.0,48.0,8860620.0,1494
2023-05-10 21:05:54,ni2305,ni2305,181000.0,0.0,0.0,0.0,6,178380.0,182990.0,6,185110.0,185110.0,185110.0,181000.0,48.0,8860620.0,1494
2023-05-10 21:05:54,ni2305,ni2305,181000.0,0.0,0.0,0.0,6,178400.0,182980.0,6,185110.0,185110.0,185110.0,181000.0,48.0,8860620.0,1494
2023-05-10 21:05:55,ni2305,ni2305,181000.0,0.0,0.0,0.0,6,178430.0,182950.0,6,185110.0,185110.0,185110.0,181000.0,48.0,8860620.0,1494
2023-05-10 21:05:55,ni2305,ni2305,181000.0,0.0,0.0,0.0,6,178450.0,182940.0,6,185110.0,185110.0,185110.0,181000.0,48.0,8860620.0,1494
2023-05-10 21:05:56,ni2305,ni2305,181000.0,0.0,0.0,0.0,6,178480.0,182910.0,6,185110.0,185110.0,185110.0,181000.0,48.0,8860620.0,1494
2023-05-10 21:05:56,ni2305,ni2305,181000.0,0.0,0.0,0.0,6,178500.0,182900.0,6,185110.0,185110.0,185110.0,181000.0,48.0,8860620.0,1494
2023-05-10 21:05:57,ni2305,ni2305,181000.0,0.0,0.0,0.0,6,178530.0,182870.0,6,185110.0,185110.0,185110.0,181000.0,48.0,8860620.0,1494
2023-05-10 21:05:57,ni2305,ni2305,181000.0,0.0,0.0,0.0,6,178550.0,182860.0,6,185110.0,185110.0,185110.0,181000.0,48.0,8860620.0,1494
2023-05-10 21:05:58,ni2305,ni2305,181000.0,0.0,0.0,0.0,6,178580.0,182830.0,6,185110.0,185110.0,185110.0,181000.0,48.0,8860620.0,1494
2023-05-10 21:05:58,ni2305,ni2305,181000.0,0.0,0.0,0.0,6,178580.0,182820.0,6,185110.0,185110.0,185110.0,181000.0,48.0,8860620.0,1494
2023-05-10 21:05:59,ni2305,ni2305,181000.0,0.0,0.0,0.0,6,178590.0,182790.0,6,185110.0,185110.0,185110.0,181000.0,48.0,8860620.0,1494
2023-05-10 21:05:59,ni2305,ni2305,181000.0,0.0,0.0,0.0,6,178620.0,182780.0,6,185110.0,185110.0,185110.0,181000.0,48.0,8860620.0,1494
2023-05-10 21:06:00,ni2305,ni2305,181000.0,0.0,0.0,0.0,6,178620.0,182750.0,6,185110.0,185110.0,185110.0,181000.0,48.0,8860620.0,1494
2023-05-10 21:06:00,ni2305,ni2305,181000.0,0.0,0.0,0.0,6,178620.0,182740.0,6,185110.0,185110.0,185110.0,181000.0,48.0,8860620.0,1494
2023-05-10 21:06:01,ni2305,ni2305,181000.0,0.0,0.0,0.0,6,178620.0,182710.0,6,185110.0,185110.0,185110.0,181000.0,48.0,8860620.0,1494
2023-05-10 21:06:01,ni2305,ni2305,181000.0,0.0,0.0,0.0,6,178620.0,182700.0,6,185110.0,185110.0,185110.0,181000.0,48.0,8860620.0,1494
2023-05-10 21:06:02,ni2305,ni2305,181000.0,0.0,0.0,0.0,6,178620.0,182670.0,6,185110.0,185110.0,185110.0,181000.0,48.0,8860620.0,1494
2023-05-10 21:06:02,ni2305,ni2305,181000.0,0.0,0.0,0.0,6,178620.0,182660.0,6,185110.0,185110.0,185110.0,181000.0,48.0,8860620.0,1494
2023-05-10 21:06:03,ni2305,ni2305,181000.0,0.0,0.0,0.0,6,178620.0,182630.0,6,185110.0,185110.0,185110.0,181000.0,48.0,8860620.0,1494
2023-05-10 21:06:03,ni2305,ni2305,181000.0,0.0,0.0,0.0,6,178620.0,182620.0,6,185110.0,185110.0,185110.0,181000.0,48.0,8860620.0,1494
2023-05-10 21:06:04,ni2305,ni2305,181000.0,0.0,0.0,0.0,6,178620.0,182590.0,6,185110.0,185110.0,185110.0,181000.0,48.0,8860620.0,1494
2023-05-10 21:06:04,ni2305,ni2305,181000.0,0.0,0.0,0.0,6,178620.0,182580.0,6,185110.0,185110.0,185110.0,181000.0,48.0,8860620.0,1494
2023-05-10 21:06:05,ni2305,ni2305,181000.0,0.0,0.0,0.0,6,178620.0,182550.0,6,185110.0,185110.0,185110.0,181000.0,48.0,8860620.0,1494
2023-05-10 21:06:05,ni2305,ni2305,181000.0,0.0,0.0,0.0,6,178620.0,182540.0,6,185110.0,185110.0,185110.0,181000.0,48.0,8860620.0,1494
2023-05-10 21:06:06,ni2305,ni2305,181000.0,0.0,0.0,0.0,6,178620.0,182510.0,6,185110.0,185110.0,185110.0,181000.0,48.0,8860620.0,1494
2023-05-10 21:06:06,ni2305,ni2305,181000.0,0.0,0.0,0.0,6,178620.0,182500.0,6,185110.0,185110.0,185110.0,181000.0,48.0,8860620.0,1494
2023-05-10 21:06:07,ni2305,ni2305,181000.0,0.0,0.0,0.0,6,178620.0,182470.0,6,185110.0,185110.0,185110.0,181000.0,48.0,8860620.0,1494
2023-05-10 21:06:07,ni2305,ni2305,181000.0,0.0,0.0,0.0,6,178620.0,182460.0,6,185110.0,185110.0,185110.0,181000.0,48.0,8860620.0,1494
2023-05-10 21:06:08,ni2305,ni2305,181000.0,0.0,0.0,0.0,6,178620.0,182430.0,6,185110.0,185110.0,185110.0,181000.0,48.0,8860620.0,1494
2023-05-10 21:06:08,ni2305,ni2305,181000.0,0.0,0.0,0.0,6,178620.0,182420.0,6,185110.0,185110.0,185110.0,181000.0,48.0,8860620.0,1494
2023-05-10 21:06:09,ni2305,ni2305,181000.0,0.0,0.0,0.0,6,178620.0,182390.0,6,185110.0,185110.0,185110.0,181000.0,48.0,8860620.0,1494
2023-05-10 21:06:09,ni2305,ni2305,181000.0,0.0,0.0,0.0,6,178620.0,182380.0,6,185110.0,185110.0,185110.0,181000.0,48.0,8860620.0,1494
2023-05-10 21:06:10,ni2305,ni2305,181000.0,0.0,0.0,0.0,6,178620.0,182350.0,6,185110.0,185110.0,185110.0,181000.0,48.0,8860620.0,1494
2023-05-10 21:06:10,ni2305,ni2305,181000.0,0.0,0.0,0.0,6,178620.0,182340.0,6,185110.0,185110.0,185110.0,181000.0,48.0,8860620.0,1494
2023-05-10 21:06:11,ni2305,ni2305,181000.0,0.0,0.0,0.0,6,178620.0,182310.0,6,185110.0,185110.0,185110.0,181000.0,48.0,8860620.0,1494
2023-05-10 21:06:11,ni2305,ni2305,181000.0,0.0,0.0,0.0,6,178620.0,182300.0,6,185110.0,185110.0,185110.0,181000.0,48.0,8860620.0,1494
2023-05-10 21:06:12,ni2305,ni2305,181000.0,0.0,0.0,0.0,6,178620.0,182270.0,6,185110.0,185110.0,185110.0,181000.0,48.0,8860620.0,1494
2023-05-10 21:06:12,ni2305,ni2305,181000.0,0.0,0.0,0.0,6,178620.0,182260.0,6,185110.0,185110.0,185110.0,181000.0,48.0,8860620.0,1494
2023-05-10 21:06:13,ni2305,ni2305,181000.0,0.0,0.0,0.0,6,178620.0,182250.0,6,185110.0,185110.0,185110.0,181000.0,48.0,8860620.0,1494
2023-05-10 21:06:13,ni2305,ni2305,181000.0,0.0,0.0,0.0,6,178620.0,182240.0,6,185110.0,185110.0,185110.0,181000.0,48.0,8860620.0,1494
2023-05-10 21:06:18,ni2305,ni2305,181000.0,0.0,0.0,0.0,6,178630.0,182240.0,6,185110.0,185110.0,185110.0,181000.0,48.0,8860620.0,1494
2023-05-10 21:06:18,ni2305,ni2305,181000.0,0.0,0.0,0.0,6,178660.0,182240.0,6,185110.0,185110.0,185110.0,181000.0,48.0,8860620.0,1494
2023-05-10 21:06:19,ni2305,ni2305,181000.0,0.0,0.0,0.0,6,178660.0,182240.0,6,185110.0,185110.0,185110.0,181000.0,48.0,8860620.0,1494
2023-05-10 21:06:21,ni2305,ni2305,181000.0,0.0,0.0,0.0,6,178680.0,182240.0,6,185110.0,185110.0,185110.0,181000.0,48.0,8860620.0,1494
2023-05-10 21:06:21,ni2305,ni2305,181000.0,0.0,0.0,0.0,6,178710.0,182240.0,6,185110.0,185110.0,185110.0,181000.0,48.0,8860620.0,1494
2023-05-10 21:06:22,ni2305,ni2305,181000.0,0.0,0.0,0.0,6,178720.0,182240.0,6,185110.0,185110.0,185110.0,181000.0,48.0,8860620.0,1494
2023-05-10 21:06:23,ni2305,ni2305,181000.0,0.0,0.0,0.0,6,178750.0,182240.0,6,185110.0,185110.0,185110.0,181000.0,48.0,8860620.0,1494
2023-05-10 21:06:23,ni2305,ni2305,181000.0,0.0,0.0,0.0,6,179000.0,182240.0,6,185110.0,185110.0,185110.0,181000.0,48.0,8860620.0,1494
2023-05-10 21:06:24,ni2305,ni2305,181000.0,0.0,0.0,0.0,6,179030.0,182240.0,6,185110.0,185110.0,185110.0,181000.0,48.0,8860620.0,1494
2023-05-10 21:06:25,ni2305,ni2305,181000.0,0.0,0.0,0.0,6,179030.0,182240.0,6,185110.0,185110.0,185110.0,181000.0,48.0,8860620.0,1494
2023-05-10 21:06:46,ni2305,ni2305,181000.0,0.0,0.0,0.0,6,179030.0,182230.0,6,185110.0,185110.0,185110.0,181000.0,48.0,8860620.0,1494
2023-05-10 21:06:47,ni2305,ni2305,181000.0,0.0,0.0,0.0,6,179030.0,182220.0,6,185110.0,185110.0,185110.0,181000.0,48.0,8860620.0,1494
2023-05-10 21:06:47,ni2305,ni2305,181000.0,0.0,0.0,0.0,6,179030.0,182210.0,6,185110.0,185110.0,185110.0,181000.0,48.0,8860620.0,1494
2023-05-10 21:06:48,ni2305,ni2305,181000.0,0.0,0.0,0.0,6,179030.0,182200.0,6,185110.0,185110.0,185110.0,181000.0,48.0,8860620.0,1494
2023-05-10 21:07:03,ni2305,ni2305,181000.0,0.0,0.0,0.0,6,179030.0,182190.0,6,185110.0,185110.0,185110.0,181000.0,48.0,8860620.0,1494
2023-05-10 21:07:03,ni2305,ni2305,181000.0,0.0,0.0,0.0,6,179030.0,182180.0,6,185110.0,185110.0,185110.0,181000.0,48.0,8860620.0,1494
2023-05-10 21:07:04,ni2305,ni2305,181000.0,0.0,0.0,0.0,6,179030.0,182150.0,6,185110.0,185110.0,185110.0,181000.0,48.0,8860620.0,1494
2023-05-10 21:07:04,ni2305,ni2305,181000.0,0.0,0.0,0.0,6,179030.0,182140.0,6,185110.0,185110.0,185110.0,181000.0,48.0,8860620.0,1494
2023-05-10 21:07:05,ni2305,ni2305,181000.0,0.0,0.0,0.0,6,179030.0,182110.0,6,185110.0,185110.0,185110.0,181000.0,48.0,8860620.0,1494
2023-05-10 21:07:05,ni2305,ni2305,181000.0,0.0,0.0,0.0,6,179030.0,182100.0,6,185110.0,185110.0,185110.0,181000.0,48.0,8860620.0,1494
2023-05-10 21:07:06,ni2305,ni2305,181000.0,0.0,0.0,0.0,6,179030.0,182100.0,6,185110.0,185110.0,185110.0,181000.0,48.0,8860620.0,1494
2023-05-10 21:07:06,ni2305,ni2305,181000.0,0.0,0.0,0.0,6,179030.0,182070.0,6,185110.0,185110.0,185110.0,181000.0,48.0,8860620.0,1494
2023-05-10 21:07:07,ni2305,ni2305,181000.0,0.0,0.0,0.0,6,179030.0,182060.0,6,185110.0,185110.0,185110.0,181000.0,48.0,8860620.0,1494
2023-05-10 21:07:07,ni2305,ni2305,181000.0,0.0,0.0,0.0,6,179030.0,182030.0,6,185110.0,185110.0,185110.0,181000.0,48.0,8860620.0,1494
2023-05-10 21:07:08,ni2305,ni2305,181000.0,0.0,0.0,0.0,6,179030.0,182020.0,6,185110.0,185110.0,185110.0,181000.0,48.0,8860620.0,1494
2023-05-10 21:07:08,ni2305,ni2305,181000.0,0.0,0.0,0.0,6,179030.0,181990.0,6,185110.0,185110.0,185110.0,181000.0,48.0,8860620.0,1494
2023-05-10 21:07:09,ni2305,ni2305,181000.0,0.0,0.0,0.0,6,179030.0,181980.0,6,185110.0,185110.0,185110.0,181000.0,48.0,8860620.0,1494
2023-05-10 21:07:09,ni2305,ni2305,181000.0,0.0,0.0,0.0,6,179030.0,181950.0,6,185110.0,185110.0,185110.0,181000.0,48.0,8860620.0,1494
2023-05-10 21:07:10,ni2305,ni2305,181000.0,0.0,0.0,0.0,6,179030.0,181940.0,6,185110.0,185110.0,185110.0,181000.0,48.0,8860620.0,1494
2023-05-10 21:07:10,ni2305,ni2305,181000.0,0.0,0.0,0.0,6,179030.0,181910.0,6,185110.0,185110.0,185110.0,181000.0,48.0,8860620.0,1494
2023-05-10 21:07:11,ni2305,ni2305,181000.0,0.0,0.0,0.0,6,179030.0,181900.0,6,185110.0,185110.0,185110.0,181000.0,48.0,8860620.0,1494
2023-05-10 21:07:11,ni2305,ni2305,181000.0,0.0,0.0,0.0,6,179030.0,181900.0,6,185110.0,185110.0,185110.0,181000.0,48.0,8860620.0,1494
2023-05-10 21:07:12,ni2305,ni2305,181000.0,0.0,0.0,0.0,6,179030.0,181890.0,6,185110.0,185110.0,185110.0,181000.0,48.0,8860620.0,1494
2023-05-10 21:07:12,ni2305,ni2305,181000.0,0.0,0.0,0.0,6,179030.0,181880.0,6,185110.0,185110.0,185110.0,181000.0,48.0,8860620.0,1494
2023-05-10 21:07:13,ni2305,ni2305,181000.0,0.0,0.0,0.0,6,179030.0,181870.0,6,185110.0,185110.0,185110.0,181000.0,48.0,8860620.0,1494
2023-05-10 21:07:13,ni2305,ni2305,181000.0,0.0,0.0,0.0,6,179030.0,181860.0,6,185110.0,185110.0,185110.0,181000.0,48.0,8860620.0,1494
2023-05-10 21:07:14,ni2305,ni2305,181000.0,0.0,0.0,0.0,6,179030.0,181850.0,6,185110.0,185110.0,185110.0,181000.0,48.0,8860620.0,1494
2023-05-10 21:07:15,ni2305,ni2305,181000.0,0.0,0.0,0.0,6,179030.0,181840.0,6,185110.0,185110.0,185110.0,181000.0,48.0,8860620.0,1494
2023-05-10 21:07:20,ni2305,ni2305,181000.0,0.0,0.0,0.0,6,179030.0,181830.0,6,185110.0,185110.0,185110.0,181000.0,48.0,8860620.0,1494
2023-05-10 21:07:20,ni2305,ni2305,181000.0,0.0,0.0,0.0,6,179030.0,181820.0,6,185110.0,185110.0,185110.0,181000.0,48.0,8860620.0,1494
2023-05-10 21:07:21,ni2305,ni2305,181000.0,0.0,0.0,0.0,6,179030.0,181820.0,6,185110.0,185110.0,185110.0,181000.0,48.0,8860620.0,1494
2023-05-10 21:07:21,ni2305,ni2305,181000.0,0.0,0.0,0.0,6,179100.0,181820.0,6,185110.0,185110.0,185110.0,181000.0,48.0,8860620.0,1494
2023-05-10 21:07:22,ni2305,ni2305,181000.0,0.0,0.0,0.0,6,179130.0,181820.0,6,185110.0,185110.0,185110.0,181000.0,48.0,8860620.0,1494
2023-05-10 21:07:22,ni2305,ni2305,181000.0,0.0,0.0,0.0,6,179130.0,181790.0,6,185110.0,185110.0,185110.0,181000.0,48.0,8860620.0,1494
2023-05-10 21:07:23,ni2305,ni2305,181000.0,0.0,0.0,0.0,6,179130.0,181780.0,6,185110.0,185110.0,185110.0,181000.0,48.0,8860620.0,1494
2023-05-10 21:07:23,ni2305,ni2305,181000.0,0.0,0.0,0.0,6,179130.0,181770.0,6,185110.0,185110.0,185110.0,181000.0,48.0,8860620.0,1494
2023-05-10 21:07:24,ni2305,ni2305,181000.0,0.0,0.0,0.0,6,179130.0,181760.0,6,185110.0,185110.0,185110.0,181000.0,48.0,8860620.0,1494
2023-05-10 21:07:24,ni2305,ni2305,181000.0,0.0,0.0,0.0,6,179130.0,181760.0,6,185110.0,185110.0,185110.0,181000.0,48.0,8860620.0,1494
2023-05-10 21:07:25,ni2305,ni2305,181000.0,0.0,0.0,0.0,6,179130.0,181740.0,6,185110.0,185110.0,185110.0,181000.0,48.0,8860620.0,1494
2023-05-10 21:07:26,ni2305,ni2305,181000.0,0.0,0.0,0.0,6,179130.0,181730.0,6,185110.0,185110.0,185110.0,181000.0,48.0,8860620.0,1494
2023-05-10 21:07:26,ni2305,ni2305,181000.0,0.0,0.0,0.0,6,179130.0,181700.0,6,185110.0,185110.0,185110.0,181000.0,48.0,8860620.0,1494
2023-05-10 21:07:27,ni2305,ni2305,181000.0,0.0,0.0,0.0,6,179130.0,181690.0,6,185110.0,185110.0,185110.0,181000.0,48.0,8860620.0,1494
2023-05-10 21:07:27,ni2305,ni2305,181000.0,0.0,0.0,0.0,6,179130.0,181660.0,6,185110.0,185110.0,185110.0,181000.0,48.0,8860620.0,1494
2023-05-10 21:07:28,ni2305,ni2305,181000.0,0.0,0.0,0.0,6,179130.0,181650.0,6,185110.0,185110.0,185110.0,181000.0,48.0,8860620.0,1494
2023-05-10 21:07:29,ni2305,ni2305,181000.0,0.0,0.0,0.0,6,179130.0,181650.0,6,185110.0,185110.0,185110.0,181000.0,48.0,8860620.0,1494
2023-05-10 21:07:37,ni2305,ni2305,181000.0,0.0,0.0,0.0,6,179130.0,181630.0,6,185110.0,185110.0,185110.0,181000.0,48.0,8860620.0,1494
2023-05-10 21:07:37,ni2305,ni2305,181000.0,0.0,0.0,0.0,6,179130.0,181620.0,6,185110.0,185110.0,185110.0,181000.0,48.0,8860620.0,1494
2023-05-10 21:07:39,ni2305,ni2305,181000.0,0.0,0.0,0.0,6,179130.0,181620.0,6,185110.0,185110.0,185110.0,181000.0,48.0,8860620.0,1494
2023-05-10 21:08:06,ni2305,ni2305,181000.0,0.0,0.0,0.0,6,179130.0,181600.0,6,185110.0,185110.0,185110.0,181000.0,48.0,8860620.0,1494
2023-05-10 21:08:06,ni2305,ni2305,181000.0,0.0,0.0,0.0,6,179130.0,181590.0,6,185110.0,185110.0,185110.0,181000.0,48.0,8860620.0,1494
2023-05-10 21:08:07,ni2305,ni2305,181000.0,0.0,0.0,0.0,6,179130.0,181580.0,6,185110.0,185110.0,185110.0,181000.0,48.0,8860620.0,1494
2023-05-10 21:08:08,ni2305,ni2305,181000.0,0.0,0.0,0.0,6,179130.0,181570.0,6,185110.0,185110.0,185110.0,181000.0,48.0,8860620.0,1494
2023-05-10 21:08:08,ni2305,ni2305,181000.0,0.0,0.0,0.0,6,179130.0,181540.0,6,185110.0,185110.0,185110.0,181000.0,48.0,8860620.0,1494
2023-05-10 21:08:09,ni2305,ni2305,181000.0,0.0,0.0,0.0,6,179130.0,181530.0,6,185110.0,185110.0,185110.0,181000.0,48.0,8860620.0,1494
2023-05-10 21:08:09,ni2305,ni2305,181000.0,0.0,0.0,0.0,6,179130.0,181510.0,6,185110.0,185110.0,185110.0,181000.0,48.0,8860620.0,1494
2023-05-10 21:08:10,ni2305,ni2305,181000.0,0.0,0.0,0.0,6,179130.0,181500.0,6,185110.0,185110.0,185110.0,181000.0,48.0,8860620.0,1494
2023-05-10 21:08:10,ni2305,ni2305,181000.0,0.0,0.0,0.0,6,179130.0,181500.0,6,185110.0,185110.0,185110.0,181000.0,48.0,8860620.0,1494
2023-05-10 21:08:11,ni2305,ni2305,181000.0,0.0,0.0,0.0,6,179130.0,181490.0,6,185110.0,185110.0,185110.0,181000.0,48.0,8860620.0,1494
2023-05-10 21:08:11,ni2305,ni2305,181000.0,0.0,0.0,0.0,6,179130.0,181480.0,6,185110.0,185110.0,185110.0,181000.0,48.0,8860620.0,1494
2023-05-10 21:09:01,ni2305,ni2305,181000.0,0.0,0.0,0.0,6,179130.0,181480.0,6,185110.0,185110.0,185110.0,181000.0,48.0,8860620.0,1494
2023-05-10 21:09:06,ni2305,ni2305,181000.0,0.0,0.0,0.0,6,179130.0,181470.0,6,185110.0,185110.0,185110.0,181000.0,48.0,8860620.0,1494
2023-05-10 21:09:06,ni2305,ni2305,181000.0,0.0,0.0,0.0,6,179130.0,181460.0,6,185110.0,185110.0,185110.0,181000.0,48.0,8860620.0,1494
2023-05-10 21:09:07,ni2305,ni2305,181000.0,0.0,0.0,0.0,6,179130.0,181430.0,6,185110.0,185110.0,185110.0,181000.0,48.0,8860620.0,1494
2023-05-10 21:09:07,ni2305,ni2305,181000.0,0.0,0.0,0.0,6,179130.0,181420.0,6,185110.0,185110.0,185110.0,181000.0,48.0,8860620.0,1494
2023-05-10 21:09:09,ni2305,ni2305,181000.0,0.0,0.0,0.0,6,179130.0,181420.0,6,185110.0,185110.0,185110.0,181000.0,48.0,8860620.0,1494
2023-05-10 21:09:11,ni2305,ni2305,181000.0,0.0,0.0,0.0,6,179130.0,181410.0,6,185110.0,185110.0,185110.0,181000.0,48.0,8860620.0,1494
2023-05-10 21:09:12,ni2305,ni2305,181000.0,0.0,0.0,0.0,6,179130.0,181400.0,6,185110.0,185110.0,185110.0,181000.0,48.0,8860620.0,1494
2023-05-10 21:09:15,ni2305,ni2305,181000.0,0.0,0.0,0.0,6,179130.0,181000.0,6,185110.0,185110.0,185110.0,181000.0,48.0,8860620.0,1494
2023-05-10 21:09:16,ni2305,ni2305,181000.0,0.0,0.0,0.0,6,179130.0,180990.0,6,185110.0,185110.0,185110.0,181000.0,48.0,8860620.0,1494
2023-05-10 21:09:17,ni2305,ni2305,181000.0,12.0,2172000.0,0.0,6,179130.0,184900.0,6,185110.0,185110.0,185110.0,181000.0,60.0,11032620.0,1494
2023-05-10 21:09:17,ni2305,ni2305,181000.0,0.0,0.0,0.0,6,179130.0,184870.0,6,185110.0,185110.0,185110.0,181000.0,60.0,11032620.0,1494
2023-05-10 21:09:18,ni2305,ni2305,181000.0,0.0,0.0,0.0,6,179130.0,184850.0,6,185110.0,185110.0,185110.0,181000.0,60.0,11032620.0,1494
2023-05-10 21:09:18,ni2305,ni2305,181000.0,0.0,0.0,0.0,6,179130.0,184820.0,6,185110.0,185110.0,185110.0,181000.0,60.0,11032620.0,1494
2023-05-10 21:09:19,ni2305,ni2305,181000.0,0.0,0.0,0.0,6,179130.0,184800.0,6,185110.0,185110.0,185110.0,181000.0,60.0,11032620.0,1494
2023-05-10 21:09:19,ni2305,ni2305,181000.0,0.0,0.0,0.0,6,179130.0,184770.0,6,185110.0,185110.0,185110.0,181000.0,60.0,11032620.0,1494
2023-05-10 21:09:20,ni2305,ni2305,181000.0,0.0,0.0,0.0,6,179130.0,184750.0,6,185110.0,185110.0,185110.0,181000.0,60.0,11032620.0,1494
2023-05-10 21:09:20,ni2305,ni2305,181000.0,0.0,0.0,0.0,6,179130.0,184720.0,6,185110.0,185110.0,185110.0,181000.0,60.0,11032620.0,1494
2023-05-10 21:09:21,ni2305,ni2305,181000.0,0.0,0.0,0.0,6,179130.0,184700.0,6,185110.0,185110.0,185110.0,181000.0,60.0,11032620.0,1494
2023-05-10 21:09:21,ni2305,ni2305,181000.0,0.0,0.0,0.0,6,179130.0,184670.0,6,185110.0,185110.0,185110.0,181000.0,60.0,11032620.0,1494
2023-05-10 21:09:22,ni2305,ni2305,181000.0,0.0,0.0,0.0,6,179130.0,184650.0,6,185110.0,185110.0,185110.0,181000.0,60.0,11032620.0,1494
2023-05-10 21:09:22,ni2305,ni2305,181000.0,0.0,0.0,0.0,6,179130.0,184620.0,6,185110.0,185110.0,185110.0,181000.0,60.0,11032620.0,1494
2023-05-10 21:09:23,ni2305,ni2305,181000.0,0.0,0.0,0.0,6,179130.0,184600.0,6,185110.0,185110.0,185110.0,181000.0,60.0,11032620.0,1494
2023-05-10 21:09:23,ni2305,ni2305,181000.0,0.0,0.0,0.0,6,179130.0,184570.0,6,185110.0,185110.0,185110.0,181000.0,60.0,11032620.0,1494
2023-05-10 21:09:24,ni2305,ni2305,181000.0,0.0,0.0,0.0,6,179130.0,184550.0,6,185110.0,185110.0,185110.0,181000.0,60.0,11032620.0,1494
2023-05-10 21:09:24,ni2305,ni2305,181000.0,0.0,0.0,0.0,6,179130.0,184520.0,6,185110.0,185110.0,185110.0,181000.0,60.0,11032620.0,1494
2023-05-10 21:09:25,ni2305,ni2305,181000.0,0.0,0.0,0.0,6,179130.0,184500.0,6,185110.0,185110.0,185110.0,181000.0,60.0,11032620.0,1494
2023-05-10 21:09:25,ni2305,ni2305,181000.0,0.0,0.0,0.0,6,179130.0,184470.0,6,185110.0,185110.0,185110.0,181000.0,60.0,11032620.0,1494
2023-05-10 21:09:26,ni2305,ni2305,181000.0,0.0,0.0,0.0,6,179130.0,184450.0,6,185110.0,185110.0,185110.0,181000.0,60.0,11032620.0,1494
2023-05-10 21:09:26,ni2305,ni2305,181000.0,0.0,0.0,0.0,6,179130.0,184420.0,6,185110.0,185110.0,185110.0,181000.0,60.0,11032620.0,1494
2023-05-10 21:09:27,ni2305,ni2305,181000.0,0.0,0.0,0.0,6,179130.0,184400.0,6,185110.0,185110.0,185110.0,181000.0,60.0,11032620.0,1494
2023-05-10 21:09:27,ni2305,ni2305,181000.0,0.0,0.0,0.0,6,179130.0,184370.0,6,185110.0,185110.0,185110.0,181000.0,60.0,11032620.0,1494
2023-05-10 21:09:28,ni2305,ni2305,181000.0,0.0,0.0,0.0,6,179130.0,184350.0,6,185110.0,185110.0,185110.0,181000.0,60.0,11032620.0,1494
2023-05-10 21:09:28,ni2305,ni2305,181000.0,0.0,0.0,0.0,6,179130.0,184250.0,6,185110.0,185110.0,185110.0,181000.0,60.0,11032620.0,1494
2023-05-10 21:09:29,ni2305,ni2305,181000.0,0.0,0.0,0.0,6,179130.0,184220.0,6,185110.0,185110.0,185110.0,181000.0,60.0,11032620.0,1494
2023-05-10 21:09:29,ni2305,ni2305,181000.0,0.0,0.0,0.0,6,179130.0,184120.0,6,185110.0,185110.0,185110.0,181000.0,60.0,11032620.0,1494
2023-05-10 21:09:30,ni2305,ni2305,181000.0,0.0,0.0,0.0,6,179130.0,184090.0,6,185110.0,185110.0,185110.0,181000.0,60.0,11032620.0,1494
2023-05-10 21:09:30,ni2305,ni2305,181000.0,0.0,0.0,0.0,6,179130.0,183990.0,6,185110.0,185110.0,185110.0,181000.0,60.0,11032620.0,1494
2023-05-10 21:09:31,ni2305,ni2305,181000.0,0.0,0.0,0.0,6,179130.0,183960.0,6,185110.0,185110.0,185110.0,181000.0,60.0,11032620.0,1494
2023-05-10 21:09:31,ni2305,ni2305,181000.0,0.0,0.0,0.0,6,179130.0,183860.0,6,185110.0,185110.0,185110.0,181000.0,60.0,11032620.0,1494
2023-05-10 21:09:32,ni2305,ni2305,181000.0,0.0,0.0,0.0,6,179130.0,183830.0,6,185110.0,185110.0,185110.0,181000.0,60.0,11032620.0,1494
2023-05-10 21:09:32,ni2305,ni2305,181000.0,0.0,0.0,0.0,6,179130.0,183730.0,6,185110.0,185110.0,185110.0,181000.0,60.0,11032620.0,1494
2023-05-10 21:09:33,ni2305,ni2305,181000.0,0.0,0.0,0.0,6,179130.0,183700.0,6,185110.0,185110.0,185110.0,181000.0,60.0,11032620.0,1494
2023-05-10 21:09:33,ni2305,ni2305,181000.0,0.0,0.0,0.0,6,179130.0,183600.0,6,185110.0,185110.0,185110.0,181000.0,60.0,11032620.0,1494
2023-05-10 21:09:34,ni2305,ni2305,181000.0,0.0,0.0,0.0,6,179130.0,183570.0,6,185110.0,185110.0,185110.0,181000.0,60.0,11032620.0,1494
2023-05-10 21:09:34,ni2305,ni2305,181000.0,0.0,0.0,0.0,6,179130.0,183470.0,6,185110.0,185110.0,185110.0,181000.0,60.0,11032620.0,1494
2023-05-10 21:09:35,ni2305,ni2305,181000.0,0.0,0.0,0.0,6,179130.0,183440.0,6,185110.0,185110.0,185110.0,181000.0,60.0,11032620.0,1494
2023-05-10 21:09:35,ni2305,ni2305,181000.0,0.0,0.0,0.0,6,179130.0,183340.0,6,185110.0,185110.0,185110.0,181000.0,60.0,11032620.0,1494
2023-05-10 21:09:36,ni2305,ni2305,181000.0,0.0,0.0,0.0,6,179130.0,183310.0,6,185110.0,185110.0,185110.0,181000.0,60.0,11032620.0,1494
2023-05-10 21:09:36,ni2305,ni2305,181000.0,0.0,0.0,0.0,6,179130.0,183210.0,6,185110.0,185110.0,185110.0,181000.0,60.0,11032620.0,1494
2023-05-10 21:09:37,ni2305,ni2305,181000.0,0.0,0.0,0.0,6,179130.0,183180.0,6,185110.0,185110.0,185110.0,181000.0,60.0,11032620.0,1494
2023-05-10 21:09:37,ni2305,ni2305,181000.0,0.0,0.0,0.0,6,179130.0,183080.0,6,185110.0,185110.0,185110.0,181000.0,60.0,11032620.0,1494
2023-05-10 21:09:38,ni2305,ni2305,181000.0,0.0,0.0,0.0,6,179130.0,183050.0,6,185110.0,185110.0,185110.0,181000.0,60.0,11032620.0,1494
2023-05-10 21:09:38,ni2305,ni2305,181000.0,0.0,0.0,0.0,6,179130.0,182990.0,6,185110.0,185110.0,185110.0,181000.0,60.0,11032620.0,1494
2023-05-10 21:09:39,ni2305,ni2305,181000.0,0.0,0.0,0.0,6,179130.0,182960.0,6,185110.0,185110.0,185110.0,181000.0,60.0,11032620.0,1494
2023-05-10 21:09:39,ni2305,ni2305,181000.0,0.0,0.0,0.0,6,179130.0,182950.0,6,185110.0,185110.0,185110.0,181000.0,60.0,11032620.0,1494
2023-05-10 21:09:40,ni2305,ni2305,181000.0,0.0,0.0,0.0,6,179130.0,182920.0,6,185110.0,185110.0,185110.0,181000.0,60.0,11032620.0,1494
2023-05-10 21:09:40,ni2305,ni2305,181000.0,0.0,0.0,0.0,6,179130.0,182910.0,6,185110.0,185110.0,185110.0,181000.0,60.0,11032620.0,1494
2023-05-10 21:09:41,ni2305,ni2305,181000.0,0.0,0.0,0.0,6,179130.0,182880.0,6,185110.0,185110.0,185110.0,181000.0,60.0,11032620.0,1494
2023-05-10 21:09:41,ni2305,ni2305,181000.0,0.0,0.0,0.0,6,179130.0,182870.0,6,185110.0,185110.0,185110.0,181000.0,60.0,11032620.0,1494
2023-05-10 21:09:42,ni2305,ni2305,181000.0,0.0,0.0,0.0,6,179130.0,182840.0,6,185110.0,185110.0,185110.0,181000.0,60.0,11032620.0,1494
2023-05-10 21:09:42,ni2305,ni2305,181000.0,0.0,0.0,0.0,6,179130.0,182830.0,6,185110.0,185110.0,185110.0,181000.0,60.0,11032620.0,1494
2023-05-10 21:09:43,ni2305,ni2305,181000.0,0.0,0.0,0.0,6,179130.0,182800.0,6,185110.0,185110.0,185110.0,181000.0,60.0,11032620.0,1494
2023-05-10 21:09:43,ni2305,ni2305,181000.0,0.0,0.0,0.0,6,179130.0,182790.0,6,185110.0,185110.0,185110.0,181000.0,60.0,11032620.0,1494
2023-05-10 21:09:44,ni2305,ni2305,181000.0,0.0,0.0,0.0,6,179130.0,182760.0,6,185110.0,185110.0,185110.0,181000.0,60.0,11032620.0,1494
2023-05-10 21:09:44,ni2305,ni2305,181000.0,0.0,0.0,0.0,6,179130.0,182750.0,6,185110.0,185110.0,185110.0,181000.0,60.0,11032620.0,1494
2023-05-10 21:09:45,ni2305,ni2305,181000.0,0.0,0.0,0.0,6,179130.0,182720.0,6,185110.0,185110.0,185110.0,181000.0,60.0,11032620.0,1494
2023-05-10 21:09:45,ni2305,ni2305,181000.0,0.0,0.0,0.0,6,179130.0,182710.0,6,185110.0,185110.0,185110.0,181000.0,60.0,11032620.0,1494
2023-05-10 21:09:46,ni2305,ni2305,181000.0,0.0,0.0,0.0,6,179130.0,182680.0,6,185110.0,185110.0,185110.0,181000.0,60.0,11032620.0,1494
2023-05-10 21:09:46,ni2305,ni2305,181000.0,0.0,0.0,0.0,6,179130.0,182670.0,6,185110.0,185110.0,185110.0,181000.0,60.0,11032620.0,1494
2023-05-10 21:09:47,ni2305,ni2305,181000.0,0.0,0.0,0.0,6,179130.0,182640.0,6,185110.0,185110.0,185110.0,181000.0,60.0,11032620.0,1494
2023-05-10 21:09:47,ni2305,ni2305,181000.0,0.0,0.0,0.0,6,179130.0,182630.0,6,185110.0,185110.0,185110.0,181000.0,60.0,11032620.0,1494
2023-05-10 21:09:48,ni2305,ni2305,181000.0,0.0,0.0,0.0,6,179130.0,182600.0,6,185110.0,185110.0,185110.0,181000.0,60.0,11032620.0,1494
2023-05-10 21:09:48,ni2305,ni2305,181000.0,0.0,0.0,0.0,6,179130.0,182590.0,6,185110.0,185110.0,185110.0,181000.0,60.0,11032620.0,1494
2023-05-10 21:09:49,ni2305,ni2305,181000.0,0.0,0.0,0.0,6,179130.0,182560.0,6,185110.0,185110.0,185110.0,181000.0,60.0,11032620.0,1494
2023-05-10 21:09:49,ni2305,ni2305,181000.0,0.0,0.0,0.0,6,179130.0,182550.0,6,185110.0,185110.0,185110.0,181000.0,60.0,11032620.0,1494
2023-05-10 21:09:50,ni2305,ni2305,181000.0,0.0,0.0,0.0,6,179130.0,182520.0,6,185110.0,185110.0,185110.0,181000.0,60.0,11032620.0,1494
2023-05-10 21:09:50,ni2305,ni2305,181000.0,0.0,0.0,0.0,6,179130.0,182510.0,6,185110.0,185110.0,185110.0,181000.0,60.0,11032620.0,1494
2023-05-10 21:09:51,ni2305,ni2305,181000.0,0.0,0.0,0.0,6,179130.0,182480.0,6,185110.0,185110.0,185110.0,181000.0,60.0,11032620.0,1494
2023-05-10 21:09:51,ni2305,ni2305,181000.0,0.0,0.0,0.0,6,179130.0,182470.0,6,185110.0,185110.0,185110.0,181000.0,60.0,11032620.0,1494
2023-05-10 21:09:52,ni2305,ni2305,181000.0,0.0,0.0,0.0,6,179130.0,182000.0,6,185110.0,185110.0,185110.0,181000.0,60.0,11032620.0,1494
2023-05-10 21:09:52,ni2305,ni2305,181000.0,0.0,0.0,0.0,6,179130.0,181970.0,6,185110.0,185110.0,185110.0,181000.0,60.0,11032620.0,1494
2023-05-10 21:09:53,ni2305,ni2305,181000.0,0.0,0.0,0.0,6,179130.0,181960.0,6,185110.0,185110.0,185110.0,181000.0,60.0,11032620.0,1494
2023-05-10 21:09:53,ni2305,ni2305,181000.0,0.0,0.0,0.0,6,179130.0,181930.0,6,185110.0,185110.0,185110.0,181000.0,60.0,11032620.0,1494
2023-05-10 21:09:54,ni2305,ni2305,181000.0,0.0,0.0,0.0,6,179130.0,181920.0,6,185110.0,185110.0,185110.0,181000.0,60.0,11032620.0,1494
2023-05-10 21:09:54,ni2305,ni2305,181000.0,0.0,0.0,0.0,6,179130.0,181890.0,6,185110.0,185110.0,185110.0,181000.0,60.0,11032620.0,1494
2023-05-10 21:09:55,ni2305,ni2305,181000.0,0.0,0.0,0.0,6,179130.0,181880.0,6,185110.0,185110.0,185110.0,181000.0,60.0,11032620.0,1494
2023-05-10 21:09:55,ni2305,ni2305,181000.0,0.0,0.0,0.0,6,179130.0,181850.0,6,185110.0,185110.0,185110.0,181000.0,60.0,11032620.0,1494
2023-05-10 21:09:56,ni2305,ni2305,181000.0,0.0,0.0,0.0,6,179130.0,181840.0,6,185110.0,185110.0,185110.0,181000.0,60.0,11032620.0,1494
2023-05-10 21:09:56,ni2305,ni2305,181000.0,0.0,0.0,0.0,6,179130.0,181810.0,6,185110.0,185110.0,185110.0,181000.0,60.0,11032620.0,1494
2023-05-10 21:09:57,ni2305,ni2305,181000.0,0.0,0.0,0.0,6,179130.0,181800.0,6,185110.0,185110.0,185110.0,181000.0,60.0,11032620.0,1494
2023-05-10 21:09:57,ni2305,ni2305,181000.0,0.0,0.0,0.0,6,179130.0,181770.0,6,185110.0,185110.0,185110.0,181000.0,60.0,11032620.0,1494
2023-05-10 21:09:58,ni2305,ni2305,181000.0,0.0,0.0,0.0,6,179130.0,181760.0,6,185110.0,185110.0,185110.0,181000.0,60.0,11032620.0,1494
2023-05-10 21:09:58,ni2305,ni2305,181000.0,0.0,0.0,0.0,6,179130.0,181730.0,6,185110.0,185110.0,185110.0,181000.0,60.0,11032620.0,1494
2023-05-10 21:09:59,ni2305,ni2305,181000.0,0.0,0.0,0.0,6,179130.0,181720.0,6,185110.0,185110.0,185110.0,181000.0,60.0,11032620.0,1494
2023-05-10 21:09:59,ni2305,ni2305,181000.0,0.0,0.0,0.0,6,179130.0,181690.0,6,185110.0,185110.0,185110.0,181000.0,60.0,11032620.0,1494
2023-05-10 21:10:00,ni2305,ni2305,181000.0,0.0,0.0,0.0,6,179130.0,181680.0,6,185110.0,185110.0,185110.0,181000.0,60.0,11032620.0,1494
2023-05-10 21:10:00,ni2305,ni2305,181000.0,0.0,0.0,0.0,6,179130.0,181650.0,6,185110.0,185110.0,185110.0,181000.0,60.0,11032620.0,1494
2023-05-10 21:10:01,ni2305,ni2305,181000.0,0.0,0.0,0.0,6,179130.0,181640.0,6,185110.0,185110.0,185110.0,181000.0,60.0,11032620.0,1494
2023-05-10 21:10:01,ni2305,ni2305,181000.0,0.0,0.0,0.0,6,179130.0,181610.0,6,185110.0,185110.0,185110.0,181000.0,60.0,11032620.0,1494
2023-05-10 21:10:02,ni2305,ni2305,181000.0,0.0,0.0,0.0,6,179130.0,181600.0,6,185110.0,185110.0,185110.0,181000.0,60.0,11032620.0,1494
2023-05-10 21:10:02,ni2305,ni2305,181000.0,0.0,0.0,0.0,6,179130.0,181570.0,6,185110.0,185110.0,185110.0,181000.0,60.0,11032620.0,1494
2023-05-10 21:10:03,ni2305,ni2305,181000.0,0.0,0.0,0.0,6,179130.0,181560.0,6,185110.0,185110.0,185110.0,181000.0,60.0,11032620.0,1494
2023-05-10 21:10:03,ni2305,ni2305,181000.0,0.0,0.0,0.0,6,179130.0,181530.0,6,185110.0,185110.0,185110.0,181000.0,60.0,11032620.0,1494
2023-05-10 21:10:04,ni2305,ni2305,181000.0,0.0,0.0,0.0,6,179130.0,181520.0,6,185110.0,185110.0,185110.0,181000.0,60.0,11032620.0,1494
2023-05-10 21:10:04,ni2305,ni2305,181000.0,0.0,0.0,0.0,6,179130.0,181490.0,6,185110.0,185110.0,185110.0,181000.0,60.0,11032620.0,1494
2023-05-10 21:10:05,ni2305,ni2305,181000.0,0.0,0.0,0.0,6,179130.0,181480.0,6,185110.0,185110.0,185110.0,181000.0,60.0,11032620.0,1494
2023-05-10 21:10:05,ni2305,ni2305,181000.0,0.0,0.0,0.0,6,179130.0,181450.0,6,185110.0,185110.0,185110.0,181000.0,60.0,11032620.0,1494
2023-05-10 21:10:06,ni2305,ni2305,181000.0,0.0,0.0,0.0,6,179130.0,181440.0,6,185110.0,185110.0,185110.0,181000.0,60.0,11032620.0,1494
2023-05-10 21:10:15,ni2305,ni2305,181000.0,0.0,0.0,0.0,6,179130.0,181430.0,6,185110.0,185110.0,185110.0,181000.0,60.0,11032620.0,1494
2023-05-10 21:10:16,ni2305,ni2305,181000.0,0.0,0.0,0.0,6,179130.0,181420.0,6,185110.0,185110.0,185110.0,181000.0,60.0,11032620.0,1494
2023-05-10 21:10:29,ni2305,ni2305,181000.0,0.0,0.0,0.0,6,179130.0,181420.0,6,185110.0,185110.0,185110.0,181000.0,60.0,11032620.0,1494
2023-05-10 21:10:35,ni2305,ni2305,181000.0,0.0,0.0,0.0,6,179130.0,181000.0,30,185110.0,185110.0,185110.0,181000.0,60.0,11032620.0,1494
2023-05-10 21:10:36,ni2305,ni2305,181000.0,0.0,0.0,0.0,6,179130.0,180990.0,6,185110.0,185110.0,185110.0,181000.0,60.0,11032620.0,1494
2023-05-10 21:10:48,ni2305,ni2305,181000.0,0.0,0.0,0.0,6,179130.0,180990.0,6,185110.0,185110.0,185110.0,181000.0,60.0,11032620.0,1494
2023-05-10 21:11:00,ni2305,ni2305,181000.0,0.0,0.0,0.0,6,179200.0,180990.0,6,185110.0,185110.0,185110.0,181000.0,60.0,11032620.0,1494
2023-05-10 21:11:01,ni2305,ni2305,181000.0,0.0,0.0,0.0,6,179200.0,180990.0,6,185110.0,185110.0,185110.0,181000.0,60.0,11032620.0,1494
2023-05-10 21:11:01,ni2305,ni2305,181000.0,0.0,0.0,0.0,6,179230.0,180990.0,6,185110.0,185110.0,185110.0,181000.0,60.0,11032620.0,1494
2023-05-10 21:11:02,ni2305,ni2305,181000.0,0.0,0.0,0.0,6,179230.0,180990.0,6,185110.0,185110.0,185110.0,181000.0,60.0,11032620.0,1494
2023-05-10 21:11:04,ni2305,ni2305,181000.0,0.0,0.0,0.0,6,179230.0,180990.0,6,185110.0,185110.0,185110.0,181000.0,60.0,11032620.0,1494
2023-05-10 21:11:07,ni2305,ni2305,181000.0,0.0,0.0,0.0,6,179230.0,180990.0,6,185110.0,185110.0,185110.0,181000.0,60.0,11032620.0,1494
2023-05-10 21:11:08,ni2305,ni2305,181000.0,0.0,0.0,0.0,6,179500.0,180990.0,6,185110.0,185110.0,185110.0,181000.0,60.0,11032620.0,1494
2023-05-10 21:11:09,ni2305,ni2305,179530.0,6.0,1077180.0,0.0,6,179500.0,182000.0,6,185110.0,185110.0,185110.0,179530.0,66.0,12109800.0,1494
2023-05-10 21:11:09,ni2305,ni2305,179500.0,6.0,1077000.0,-6.0,6,179200.0,181970.0,6,185110.0,185110.0,185110.0,179500.0,72.0,13186800.0,1488
2023-05-10 21:11:10,ni2305,ni2305,179500.0,0.0,0.0,0.0,6,179200.0,181960.0,6,185110.0,185110.0,185110.0,179500.0,72.0,13186800.0,1488
2023-05-10 21:11:10,ni2305,ni2305,179500.0,0.0,0.0,0.0,6,179200.0,181930.0,6,185110.0,185110.0,185110.0,179500.0,72.0,13186800.0,1488
2023-05-10 21:11:11,ni2305,ni2305,179500.0,0.0,0.0,0.0,6,179200.0,181920.0,6,185110.0,185110.0,185110.0,179500.0,72.0,13186800.0,1488
2023-05-10 21:11:11,ni2305,ni2305,179500.0,0.0,0.0,0.0,6,179200.0,181890.0,6,185110.0,185110.0,185110.0,179500.0,72.0,13186800.0,1488
2023-05-10 21:11:12,ni2305,ni2305,179500.0,0.0,0.0,0.0,6,179200.0,181880.0,6,185110.0,185110.0,185110.0,179500.0,72.0,13186800.0,1488
2023-05-10 21:11:12,ni2305,ni2305,179500.0,0.0,0.0,0.0,6,179200.0,181850.0,6,185110.0,185110.0,185110.0,179500.0,72.0,13186800.0,1488
2023-05-10 21:11:13,ni2305,ni2305,179500.0,0.0,0.0,0.0,6,179200.0,181840.0,6,185110.0,185110.0,185110.0,179500.0,72.0,13186800.0,1488
2023-05-10 21:11:13,ni2305,ni2305,179500.0,0.0,0.0,0.0,6,179200.0,181810.0,6,185110.0,185110.0,185110.0,179500.0,72.0,13186800.0,1488
2023-05-10 21:11:14,ni2305,ni2305,179500.0,0.0,0.0,0.0,6,179200.0,181800.0,6,185110.0,185110.0,185110.0,179500.0,72.0,13186800.0,1488
2023-05-10 21:11:14,ni2305,ni2305,179500.0,0.0,0.0,0.0,6,179200.0,181770.0,6,185110.0,185110.0,185110.0,179500.0,72.0,13186800.0,1488
2023-05-10 21:11:15,ni2305,ni2305,179500.0,0.0,0.0,0.0,6,179200.0,181760.0,6,185110.0,185110.0,185110.0,179500.0,72.0,13186800.0,1488
2023-05-10 21:11:15,ni2305,ni2305,179500.0,0.0,0.0,0.0,6,179200.0,181730.0,6,185110.0,185110.0,185110.0,179500.0,72.0,13186800.0,1488
2023-05-10 21:11:16,ni2305,ni2305,179500.0,0.0,0.0,0.0,6,179200.0,181720.0,6,185110.0,185110.0,185110.0,179500.0,72.0,13186800.0,1488
2023-05-10 21:11:16,ni2305,ni2305,179500.0,0.0,0.0,0.0,6,179200.0,181690.0,6,185110.0,185110.0,185110.0,179500.0,72.0,13186800.0,1488
2023-05-10 21:11:17,ni2305,ni2305,179500.0,0.0,0.0,0.0,6,179200.0,181680.0,6,185110.0,185110.0,185110.0,179500.0,72.0,13186800.0,1488
2023-05-10 21:11:17,ni2305,ni2305,179500.0,0.0,0.0,0.0,6,179200.0,181650.0,6,185110.0,185110.0,185110.0,179500.0,72.0,13186800.0,1488
2023-05-10 21:11:18,ni2305,ni2305,179500.0,0.0,0.0,0.0,6,179200.0,181640.0,6,185110.0,185110.0,185110.0,179500.0,72.0,13186800.0,1488
2023-05-10 21:11:18,ni2305,ni2305,179500.0,0.0,0.0,0.0,6,179200.0,181610.0,6,185110.0,185110.0,185110.0,179500.0,72.0,13186800.0,1488
2023-05-10 21:11:19,ni2305,ni2305,179500.0,0.0,0.0,0.0,6,179200.0,181600.0,6,185110.0,185110.0,185110.0,179500.0,72.0,13186800.0,1488
2023-05-10 21:11:19,ni2305,ni2305,179500.0,0.0,0.0,0.0,6,179200.0,181570.0,6,185110.0,185110.0,185110.0,179500.0,72.0,13186800.0,1488
2023-05-10 21:11:20,ni2305,ni2305,179500.0,0.0,0.0,0.0,6,179200.0,181560.0,6,185110.0,185110.0,185110.0,179500.0,72.0,13186800.0,1488
2023-05-10 21:11:20,ni2305,ni2305,179500.0,0.0,0.0,0.0,6,179200.0,181530.0,6,185110.0,185110.0,185110.0,179500.0,72.0,13186800.0,1488
2023-05-10 21:11:21,ni2305,ni2305,179500.0,0.0,0.0,0.0,6,179200.0,181500.0,6,185110.0,185110.0,185110.0,179500.0,72.0,13186800.0,1488
2023-05-10 21:11:21,ni2305,ni2305,179500.0,0.0,0.0,0.0,6,179200.0,181470.0,6,185110.0,185110.0,185110.0,179500.0,72.0,13186800.0,1488
2023-05-10 21:11:22,ni2305,ni2305,179500.0,0.0,0.0,0.0,6,179200.0,181460.0,6,185110.0,185110.0,185110.0,179500.0,72.0,13186800.0,1488
2023-05-10 21:11:22,ni2305,ni2305,179500.0,0.0,0.0,0.0,6,179200.0,181430.0,6,185110.0,185110.0,185110.0,179500.0,72.0,13186800.0,1488
2023-05-10 21:11:23,ni2305,ni2305,179500.0,0.0,0.0,0.0,6,179200.0,181420.0,6,185110.0,185110.0,185110.0,179500.0,72.0,13186800.0,1488
2023-05-10 21:11:26,ni2305,ni2305,179500.0,0.0,0.0,0.0,6,179200.0,181390.0,6,185110.0,185110.0,185110.0,179500.0,72.0,13186800.0,1488
2023-05-10 21:11:26,ni2305,ni2305,179500.0,0.0,0.0,0.0,6,179200.0,181380.0,6,185110.0,185110.0,185110.0,179500.0,72.0,13186800.0,1488
2023-05-10 21:11:27,ni2305,ni2305,179500.0,0.0,0.0,0.0,6,179200.0,181350.0,6,185110.0,185110.0,185110.0,179500.0,72.0,13186800.0,1488
2023-05-10 21:11:27,ni2305,ni2305,179500.0,0.0,0.0,0.0,6,179200.0,181340.0,6,185110.0,185110.0,185110.0,179500.0,72.0,13186800.0,1488
2023-05-10 21:11:28,ni2305,ni2305,179500.0,0.0,0.0,0.0,6,179200.0,181310.0,6,185110.0,185110.0,185110.0,179500.0,72.0,13186800.0,1488
2023-05-10 21:11:28,ni2305,ni2305,179500.0,0.0,0.0,0.0,6,179200.0,181300.0,6,185110.0,185110.0,185110.0,179500.0,72.0,13186800.0,1488
2023-05-10 21:11:29,ni2305,ni2305,179500.0,0.0,0.0,0.0,6,179200.0,181270.0,6,185110.0,185110.0,185110.0,179500.0,72.0,13186800.0,1488
2023-05-10 21:11:29,ni2305,ni2305,179500.0,0.0,0.0,0.0,6,179200.0,181260.0,6,185110.0,185110.0,185110.0,179500.0,72.0,13186800.0,1488
2023-05-10 21:11:30,ni2305,ni2305,179500.0,0.0,0.0,0.0,6,179200.0,181230.0,6,185110.0,185110.0,185110.0,179500.0,72.0,13186800.0,1488
2023-05-10 21:11:30,ni2305,ni2305,179500.0,0.0,0.0,0.0,6,179200.0,181220.0,6,185110.0,185110.0,185110.0,179500.0,72.0,13186800.0,1488
2023-05-10 21:11:31,ni2305,ni2305,179500.0,0.0,0.0,0.0,12,181000.0,181190.0,6,185110.0,185110.0,185110.0,179500.0,72.0,13186800.0,1488
2023-05-10 21:11:31,ni2305,ni2305,181000.0,12.0,2172000.0,6.0,6,179200.0,180460.0,6,185110.0,185110.0,185110.0,179500.0,84.0,15358800.0,1494
2023-05-10 21:11:32,ni2305,ni2305,181000.0,0.0,0.0,0.0,6,179200.0,180450.0,6,185110.0,185110.0,185110.0,179500.0,84.0,15358800.0,1494
2023-05-10 21:11:32,ni2305,ni2305,181000.0,0.0,0.0,0.0,6,179220.0,180450.0,6,185110.0,185110.0,185110.0,179500.0,84.0,15358800.0,1494
2023-05-10 21:11:42,ni2305,ni2305,181000.0,6.0,1086000.0,0.0,6,181000.0,181990.0,6,185110.0,185110.0,185110.0,179500.0,90.0,16444800.0,1494
2023-05-10 21:11:43,ni2305,ni2305,181000.0,6.0,1086000.0,6.0,6,179200.0,180450.0,6,185110.0,185110.0,185110.0,179500.0,96.0,17530800.0,1500
2023-05-10 21:11:43,ni2305,ni2305,181000.0,0.0,0.0,0.0,6,179230.0,180440.0,6,185110.0,185110.0,185110.0,179500.0,96.0,17530800.0,1500
2023-05-10 21:11:44,ni2305,ni2305,181000.0,0.0,0.0,0.0,6,179250.0,180440.0,6,185110.0,185110.0,185110.0,179500.0,96.0,17530800.0,1500
2023-05-10 21:11:44,ni2305,ni2305,181000.0,0.0,0.0,0.0,6,179280.0,180440.0,6,185110.0,185110.0,185110.0,179500.0,96.0,17530800.0,1500
2023-05-10 21:11:45,ni2305,ni2305,181000.0,0.0,0.0,0.0,6,179300.0,180440.0,6,185110.0,185110.0,185110.0,179500.0,96.0,17530800.0,1500
2023-05-10 21:11:45,ni2305,ni2305,181000.0,0.0,0.0,0.0,6,179330.0,180440.0,6,185110.0,185110.0,185110.0,179500.0,96.0,17530800.0,1500
2023-05-10 21:11:46,ni2305,ni2305,181000.0,0.0,0.0,0.0,6,179350.0,180440.0,6,185110.0,185110.0,185110.0,179500.0,96.0,17530800.0,1500
2023-05-10 21:11:46,ni2305,ni2305,181000.0,0.0,0.0,0.0,6,179380.0,180440.0,6,185110.0,185110.0,185110.0,179500.0,96.0,17530800.0,1500
2023-05-10 21:11:47,ni2305,ni2305,181000.0,6.0,1086000.0,0.0,6,181000.0,181990.0,6,185110.0,185110.0,185110.0,179500.0,102.0,18616800.0,1500
2023-05-10 21:11:47,ni2305,ni2305,181000.0,6.0,1086000.0,6.0,6,179200.0,180500.0,6,185110.0,185110.0,185110.0,179500.0,108.0,19702800.0,1506
2023-05-10 21:11:48,ni2305,ni2305,181000.0,0.0,0.0,0.0,6,179230.0,180490.0,6,185110.0,185110.0,185110.0,179500.0,108.0,19702800.0,1506
2023-05-10 21:11:48,ni2305,ni2305,181000.0,0.0,0.0,0.0,6,179250.0,180490.0,6,185110.0,185110.0,185110.0,179500.0,108.0,19702800.0,1506
2023-05-10 21:11:49,ni2305,ni2305,181000.0,0.0,0.0,0.0,6,179280.0,180490.0,6,185110.0,185110.0,185110.0,179500.0,108.0,19702800.0,1506
2023-05-10 21:11:49,ni2305,ni2305,181000.0,0.0,0.0,0.0,6,179300.0,180490.0,6,185110.0,185110.0,185110.0,179500.0,108.0,19702800.0,1506
2023-05-10 21:11:50,ni2305,ni2305,181000.0,6.0,1086000.0,0.0,6,181000.0,181990.0,6,185110.0,185110.0,185110.0,179500.0,114.0,20788800.0,1506
2023-05-10 21:11:50,ni2305,ni2305,181000.0,6.0,1086000.0,0.0,6,179200.0,180530.0,6,185110.0,185110.0,185110.0,179500.0,120.0,21874800.0,1506
2023-05-10 21:11:51,ni2305,ni2305,181000.0,0.0,0.0,0.0,6,179230.0,180530.0,6,185110.0,185110.0,185110.0,179500.0,120.0,21874800.0,1506
2023-05-10 21:11:51,ni2305,ni2305,181000.0,0.0,0.0,0.0,6,179250.0,180530.0,6,185110.0,185110.0,185110.0,179500.0,120.0,21874800.0,1506
2023-05-10 21:11:52,ni2305,ni2305,181000.0,0.0,0.0,0.0,6,179280.0,180530.0,6,185110.0,185110.0,185110.0,179500.0,120.0,21874800.0,1506
2023-05-10 21:11:52,ni2305,ni2305,181000.0,0.0,0.0,0.0,6,179300.0,180530.0,6,185110.0,185110.0,185110.0,179500.0,120.0,21874800.0,1506
2023-05-10 21:11:53,ni2305,ni2305,181000.0,0.0,0.0,0.0,6,179330.0,180530.0,6,185110.0,185110.0,185110.0,179500.0,120.0,21874800.0,1506
2023-05-10 21:11:53,ni2305,ni2305,181000.0,0.0,0.0,0.0,6,179350.0,180530.0,6,185110.0,185110.0,185110.0,179500.0,120.0,21874800.0,1506
2023-05-10 21:11:54,ni2305,ni2305,181000.0,0.0,0.0,0.0,6,179350.0,180530.0,6,185110.0,185110.0,185110.0,179500.0,120.0,21874800.0,1506
2023-05-10 21:11:55,ni2305,ni2305,181000.0,0.0,0.0,0.0,6,179200.0,180530.0,6,185110.0,185110.0,185110.0,179500.0,120.0,21874800.0,1506
2023-05-10 21:11:55,ni2305,ni2305,181000.0,0.0,0.0,0.0,6,179230.0,180530.0,6,185110.0,185110.0,185110.0,179500.0,120.0,21874800.0,1506
2023-05-10 21:11:56,ni2305,ni2305,181000.0,0.0,0.0,0.0,6,179250.0,180530.0,6,185110.0,185110.0,185110.0,179500.0,120.0,21874800.0,1506
2023-05-10 21:11:56,ni2305,ni2305,181000.0,0.0,0.0,0.0,6,179280.0,180530.0,6,185110.0,185110.0,185110.0,179500.0,120.0,21874800.0,1506
2023-05-10 21:11:57,ni2305,ni2305,181000.0,0.0,0.0,0.0,6,179300.0,180530.0,6,185110.0,185110.0,185110.0,179500.0,120.0,21874800.0,1506
2023-05-10 21:11:57,ni2305,ni2305,181000.0,0.0,0.0,0.0,6,179300.0,180530.0,6,185110.0,185110.0,185110.0,179500.0,120.0,21874800.0,1506
2023-05-10 21:11:58,ni2305,ni2305,181000.0,0.0,0.0,0.0,6,179330.0,180530.0,6,185110.0,185110.0,185110.0,179500.0,120.0,21874800.0,1506
2023-05-10 21:11:59,ni2305,ni2305,181000.0,0.0,0.0,0.0,6,179200.0,180530.0,6,185110.0,185110.0,185110.0,179500.0,120.0,21874800.0,1506
2023-05-10 21:11:59,ni2305,ni2305,181000.0,6.0,1086000.0,0.0,6,181000.0,181990.0,6,185110.0,185110.0,185110.0,179500.0,126.0,22960800.0,1506
2023-05-10 21:12:00,ni2305,ni2305,181000.0,6.0,1086000.0,6.0,6,179200.0,180410.0,6,185110.0,185110.0,185110.0,179500.0,132.0,24046800.0,1512
2023-05-10 21:12:00,ni2305,ni2305,180410.0,6.0,1082460.0,-6.0,6,179230.0,181000.0,6,185110.0,185110.0,185110.0,179500.0,138.0,25129260.0,1506
2023-05-10 21:12:01,ni2305,ni2305,180410.0,0.0,0.0,0.0,6,179250.0,180960.0,6,185110.0,185110.0,185110.0,179500.0,138.0,25129260.0,1506
2023-05-10 21:12:01,ni2305,ni2305,181000.0,12.0,2171760.0,12.0,6,179280.0,181990.0,6,185110.0,185110.0,185110.0,179500.0,150.0,27301020.0,1518
2023-05-10 21:12:02,ni2305,ni2305,181000.0,0.0,0.0,0.0,6,179750.0,181960.0,6,185110.0,185110.0,185110.0,179500.0,150.0,27301020.0,1518
2023-05-10 21:12:02,ni2305,ni2305,181000.0,0.0,0.0,0.0,6,179750.0,181940.0,6,185110.0,185110.0,185110.0,179500.0,150.0,27301020.0,1518
2023-05-10 21:12:03,ni2305,ni2305,181000.0,0.0,0.0,0.0,6,179750.0,181910.0,6,185110.0,185110.0,185110.0,179500.0,150.0,27301020.0,1518
2023-05-10 21:12:03,ni2305,ni2305,181000.0,0.0,0.0,0.0,6,179750.0,181890.0,6,185110.0,185110.0,185110.0,179500.0,150.0,27301020.0,1518
2023-05-10 21:12:04,ni2305,ni2305,181000.0,0.0,0.0,0.0,12,181000.0,181860.0,6,185110.0,185110.0,185110.0,179500.0,150.0,27301020.0,1518
2023-05-10 21:12:04,ni2305,ni2305,181000.0,12.0,2172000.0,6.0,6,179200.0,181840.0,6,185110.0,185110.0,185110.0,179500.0,162.0,29473020.0,1524
2023-05-10 21:12:05,ni2305,ni2305,181000.0,0.0,0.0,0.0,6,179700.0,181810.0,6,185110.0,185110.0,185110.0,179500.0,162.0,29473020.0,1524
2023-05-10 21:12:05,ni2305,ni2305,181000.0,0.0,0.0,0.0,6,179700.0,181790.0,6,185110.0,185110.0,185110.0,179500.0,162.0,29473020.0,1524
2023-05-10 21:12:06,ni2305,ni2305,181000.0,0.0,0.0,0.0,6,179700.0,181760.0,6,185110.0,185110.0,185110.0,179500.0,162.0,29473020.0,1524
2023-05-10 21:12:06,ni2305,ni2305,181000.0,0.0,0.0,0.0,6,179700.0,181740.0,6,185110.0,185110.0,185110.0,179500.0,162.0,29473020.0,1524
2023-05-10 21:12:07,ni2305,ni2305,181000.0,0.0,0.0,0.0,6,179700.0,181710.0,6,185110.0,185110.0,185110.0,179500.0,162.0,29473020.0,1524
2023-05-10 21:12:07,ni2305,ni2305,181000.0,0.0,0.0,0.0,6,179700.0,181690.0,6,185110.0,185110.0,185110.0,179500.0,162.0,29473020.0,1524
2023-05-10 21:12:08,ni2305,ni2305,181000.0,0.0,0.0,0.0,6,179700.0,181660.0,6,185110.0,185110.0,185110.0,179500.0,162.0,29473020.0,1524
2023-05-10 21:12:08,ni2305,ni2305,181000.0,0.0,0.0,0.0,12,181000.0,181640.0,6,185110.0,185110.0,185110.0,179500.0,162.0,29473020.0,1524
2023-05-10 21:12:09,ni2305,ni2305,181000.0,6.0,1086000.0,0.0,6,181000.0,181610.0,6,185110.0,185110.0,185110.0,179500.0,168.0,30559020.0,1524
2023-05-10 21:12:09,ni2305,ni2305,181000.0,0.0,0.0,0.0,6,181000.0,181590.0,6,185110.0,185110.0,185110.0,179500.0,168.0,30559020.0,1524
2023-05-10 21:12:10,ni2305,ni2305,181000.0,0.0,0.0,0.0,6,181000.0,181560.0,6,185110.0,185110.0,185110.0,179500.0,168.0,30559020.0,1524
2023-05-10 21:12:10,ni2305,ni2305,181000.0,0.0,0.0,0.0,6,181000.0,181540.0,6,185110.0,185110.0,185110.0,179500.0,168.0,30559020.0,1524
2023-05-10 21:12:11,ni2305,ni2305,181000.0,0.0,0.0,0.0,6,181000.0,181510.0,6,185110.0,185110.0,185110.0,179500.0,168.0,30559020.0,1524
2023-05-10 21:12:11,ni2305,ni2305,181000.0,0.0,0.0,0.0,6,181000.0,181510.0,6,185110.0,185110.0,185110.0,179500.0,168.0,30559020.0,1524
2023-05-10 21:12:17,ni2305,ni2305,181000.0,0.0,0.0,0.0,6,181000.0,181990.0,6,185110.0,185110.0,185110.0,179500.0,168.0,30559020.0,1524
2023-05-10 21:12:18,ni2305,ni2305,181000.0,0.0,0.0,0.0,6,181000.0,181970.0,6,185110.0,185110.0,185110.0,179500.0,168.0,30559020.0,1524
2023-05-10 21:12:19,ni2305,ni2305,181000.0,0.0,0.0,0.0,6,181000.0,181940.0,6,185110.0,185110.0,185110.0,179500.0,168.0,30559020.0,1524
2023-05-10 21:12:19,ni2305,ni2305,181000.0,0.0,0.0,0.0,6,181000.0,181920.0,6,185110.0,185110.0,185110.0,179500.0,168.0,30559020.0,1524
2023-05-10 21:12:20,ni2305,ni2305,181000.0,0.0,0.0,0.0,6,181000.0,181890.0,6,185110.0,185110.0,185110.0,179500.0,168.0,30559020.0,1524
2023-05-10 21:12:20,ni2305,ni2305,181000.0,0.0,0.0,0.0,6,181000.0,181870.0,6,185110.0,185110.0,185110.0,179500.0,168.0,30559020.0,1524
2023-05-10 21:12:21,ni2305,ni2305,181000.0,0.0,0.0,0.0,6,181000.0,181840.0,6,185110.0,185110.0,185110.0,179500.0,168.0,30559020.0,1524
2023-05-10 21:12:21,ni2305,ni2305,181000.0,0.0,0.0,0.0,6,181000.0,181820.0,6,185110.0,185110.0,185110.0,179500.0,168.0,30559020.0,1524
2023-05-10 21:12:22,ni2305,ni2305,181000.0,0.0,0.0,0.0,6,181000.0,181790.0,6,185110.0,185110.0,185110.0,179500.0,168.0,30559020.0,1524
2023-05-10 21:12:22,ni2305,ni2305,181000.0,0.0,0.0,0.0,6,181000.0,181770.0,6,185110.0,185110.0,185110.0,179500.0,168.0,30559020.0,1524
2023-05-10 21:12:23,ni2305,ni2305,181000.0,0.0,0.0,0.0,6,181000.0,181740.0,6,185110.0,185110.0,185110.0,179500.0,168.0,30559020.0,1524
2023-05-10 21:12:23,ni2305,ni2305,181000.0,0.0,0.0,0.0,6,181000.0,181720.0,6,185110.0,185110.0,185110.0,179500.0,168.0,30559020.0,1524
2023-05-10 21:12:24,ni2305,ni2305,181000.0,0.0,0.0,0.0,6,181000.0,181690.0,6,185110.0,185110.0,185110.0,179500.0,168.0,30559020.0,1524
2023-05-10 21:12:24,ni2305,ni2305,181000.0,0.0,0.0,0.0,6,181000.0,181670.0,6,185110.0,185110.0,185110.0,179500.0,168.0,30559020.0,1524
2023-05-10 21:12:25,ni2305,ni2305,181000.0,0.0,0.0,0.0,6,181000.0,181640.0,6,185110.0,185110.0,185110.0,179500.0,168.0,30559020.0,1524
2023-05-10 21:12:25,ni2305,ni2305,181000.0,0.0,0.0,0.0,6,181000.0,181620.0,6,185110.0,185110.0,185110.0,179500.0,168.0,30559020.0,1524
2023-05-10 21:12:26,ni2305,ni2305,181000.0,0.0,0.0,0.0,6,181000.0,181590.0,6,185110.0,185110.0,185110.0,179500.0,168.0,30559020.0,1524
2023-05-10 21:12:26,ni2305,ni2305,181000.0,0.0,0.0,0.0,6,181000.0,181590.0,6,185110.0,185110.0,185110.0,179500.0,168.0,30559020.0,1524
2023-05-10 21:12:29,ni2305,ni2305,181000.0,0.0,0.0,0.0,6,181000.0,181570.0,6,185110.0,185110.0,185110.0,179500.0,168.0,30559020.0,1524
2023-05-10 21:12:30,ni2305,ni2305,181000.0,0.0,0.0,0.0,6,181000.0,181540.0,6,185110.0,185110.0,185110.0,179500.0,168.0,30559020.0,1524
2023-05-10 21:12:30,ni2305,ni2305,181000.0,0.0,0.0,0.0,6,181000.0,181540.0,6,185110.0,185110.0,185110.0,179500.0,168.0,30559020.0,1524
2023-05-10 21:12:47,ni2305,ni2305,181000.0,0.0,0.0,0.0,6,181000.0,181540.0,6,185110.0,185110.0,185110.0,179500.0,168.0,30559020.0,1524
2023-05-10 21:13:10,ni2305,ni2305,181000.0,6.0,1086000.0,0.0,6,179200.0,181540.0,6,185110.0,185110.0,185110.0,179500.0,174.0,31645020.0,1524
2023-05-10 21:13:11,ni2305,ni2305,181000.0,0.0,0.0,0.0,6,179700.0,181530.0,6,185110.0,185110.0,185110.0,179500.0,174.0,31645020.0,1524
2023-05-10 21:13:11,ni2305,ni2305,181000.0,0.0,0.0,0.0,6,179730.0,181500.0,6,185110.0,185110.0,185110.0,179500.0,174.0,31645020.0,1524
2023-05-10 21:13:12,ni2305,ni2305,181000.0,0.0,0.0,0.0,6,180230.0,181490.0,6,185110.0,185110.0,185110.0,179500.0,174.0,31645020.0,1524
2023-05-10 21:13:12,ni2305,ni2305,181000.0,0.0,0.0,0.0,6,180230.0,181460.0,6,185110.0,185110.0,185110.0,179500.0,174.0,31645020.0,1524
2023-05-10 21:13:13,ni2305,ni2305,181000.0,0.0,0.0,0.0,6,180230.0,181450.0,6,185110.0,185110.0,185110.0,179500.0,174.0,31645020.0,1524
2023-05-10 21:13:13,ni2305,ni2305,181000.0,0.0,0.0,0.0,6,180230.0,181420.0,6,185110.0,185110.0,185110.0,179500.0,174.0,31645020.0,1524
2023-05-10 21:13:14,ni2305,ni2305,181000.0,0.0,0.0,0.0,6,180230.0,181410.0,6,185110.0,185110.0,185110.0,179500.0,174.0,31645020.0,1524
2023-05-10 21:13:14,ni2305,ni2305,181000.0,0.0,0.0,0.0,6,180230.0,181380.0,6,185110.0,185110.0,185110.0,179500.0,174.0,31645020.0,1524
2023-05-10 21:13:15,ni2305,ni2305,181000.0,0.0,0.0,0.0,6,180230.0,181370.0,6,185110.0,185110.0,185110.0,179500.0,174.0,31645020.0,1524
2023-05-10 21:13:15,ni2305,ni2305,181000.0,0.0,0.0,0.0,6,180230.0,181340.0,6,185110.0,185110.0,185110.0,179500.0,174.0,31645020.0,1524
2023-05-10 21:13:16,ni2305,ni2305,181000.0,0.0,0.0,0.0,6,180230.0,181330.0,6,185110.0,185110.0,185110.0,179500.0,174.0,31645020.0,1524
2023-05-10 21:13:16,ni2305,ni2305,181000.0,0.0,0.0,0.0,6,180230.0,181300.0,6,185110.0,185110.0,185110.0,179500.0,174.0,31645020.0,1524
2023-05-10 21:13:17,ni2305,ni2305,181000.0,0.0,0.0,0.0,6,180230.0,181290.0,6,185110.0,185110.0,185110.0,179500.0,174.0,31645020.0,1524
2023-05-10 21:13:17,ni2305,ni2305,181000.0,0.0,0.0,0.0,6,180230.0,181260.0,6,185110.0,185110.0,185110.0,179500.0,174.0,31645020.0,1524
2023-05-10 21:13:18,ni2305,ni2305,181000.0,0.0,0.0,0.0,6,180230.0,181250.0,6,185110.0,185110.0,185110.0,179500.0,174.0,31645020.0,1524
2023-05-10 21:13:18,ni2305,ni2305,181000.0,0.0,0.0,0.0,6,180230.0,181220.0,6,185110.0,185110.0,185110.0,179500.0,174.0,31645020.0,1524
2023-05-10 21:13:19,ni2305,ni2305,181000.0,0.0,0.0,0.0,6,180230.0,181210.0,6,185110.0,185110.0,185110.0,179500.0,174.0,31645020.0,1524
2023-05-10 21:13:19,ni2305,ni2305,181000.0,0.0,0.0,0.0,6,180230.0,181180.0,6,185110.0,185110.0,185110.0,179500.0,174.0,31645020.0,1524
2023-05-10 21:13:20,ni2305,ni2305,180230.0,6.0,1081380.0,-6.0,6,179210.0,181180.0,6,185110.0,185110.0,185110.0,179500.0,180.0,32726400.0,1518
2023-05-10 21:13:20,ni2305,ni2305,180230.0,0.0,0.0,0.0,12,179240.0,181170.0,6,185110.0,185110.0,185110.0,179500.0,180.0,32726400.0,1518
2023-05-10 21:13:21,ni2305,ni2305,180230.0,0.0,0.0,0.0,6,179260.0,181170.0,6,185110.0,185110.0,185110.0,179500.0,180.0,32726400.0,1518
2023-05-10 21:13:21,ni2305,ni2305,180230.0,0.0,0.0,0.0,12,179290.0,181170.0,6,185110.0,185110.0,185110.0,179500.0,180.0,32726400.0,1518
2023-05-10 21:13:22,ni2305,ni2305,180230.0,0.0,0.0,0.0,6,179310.0,181170.0,6,185110.0,185110.0,185110.0,179500.0,180.0,32726400.0,1518
2023-05-10 21:13:22,ni2305,ni2305,180230.0,0.0,0.0,0.0,12,179340.0,181170.0,6,185110.0,185110.0,185110.0,179500.0,180.0,32726400.0,1518
2023-05-10 21:13:23,ni2305,ni2305,180230.0,0.0,0.0,0.0,6,179360.0,181170.0,6,185110.0,185110.0,185110.0,179500.0,180.0,32726400.0,1518
2023-05-10 21:13:23,ni2305,ni2305,180230.0,0.0,0.0,0.0,12,179390.0,181170.0,6,185110.0,185110.0,185110.0,179500.0,180.0,32726400.0,1518
2023-05-10 21:13:24,ni2305,ni2305,180230.0,0.0,0.0,0.0,6,179410.0,181170.0,6,185110.0,185110.0,185110.0,179500.0,180.0,32726400.0,1518
2023-05-10 21:13:24,ni2305,ni2305,180230.0,0.0,0.0,0.0,12,179440.0,181170.0,6,185110.0,185110.0,185110.0,179500.0,180.0,32726400.0,1518
2023-05-10 21:13:25,ni2305,ni2305,180230.0,0.0,0.0,0.0,6,179460.0,181170.0,6,185110.0,185110.0,185110.0,179500.0,180.0,32726400.0,1518
2023-05-10 21:13:25,ni2305,ni2305,180230.0,0.0,0.0,0.0,12,179490.0,181170.0,6,185110.0,185110.0,185110.0,179500.0,180.0,32726400.0,1518
2023-05-10 21:13:26,ni2305,ni2305,180230.0,0.0,0.0,0.0,6,179510.0,181160.0,6,185110.0,185110.0,185110.0,179500.0,180.0,32726400.0,1518
2023-05-10 21:13:26,ni2305,ni2305,180230.0,0.0,0.0,0.0,12,179540.0,181150.0,6,185110.0,185110.0,185110.0,179500.0,180.0,32726400.0,1518
2023-05-10 21:13:27,ni2305,ni2305,180230.0,0.0,0.0,0.0,6,179560.0,181120.0,6,185110.0,185110.0,185110.0,179500.0,180.0,32726400.0,1518
2023-05-10 21:13:27,ni2305,ni2305,180230.0,0.0,0.0,0.0,6,179590.0,181110.0,6,185110.0,185110.0,185110.0,179500.0,180.0,32726400.0,1518
2023-05-10 21:13:28,ni2305,ni2305,180230.0,0.0,0.0,0.0,6,179590.0,181110.0,6,185110.0,185110.0,185110.0,179500.0,180.0,32726400.0,1518
2023-05-10 21:13:28,ni2305,ni2305,180230.0,0.0,0.0,0.0,6,179600.0,181110.0,6,185110.0,185110.0,185110.0,179500.0,180.0,32726400.0,1518
2023-05-10 21:13:29,ni2305,ni2305,180230.0,0.0,0.0,0.0,6,179630.0,181110.0,6,185110.0,185110.0,185110.0,179500.0,180.0,32726400.0,1518
2023-05-10 21:13:30,ni2305,ni2305,180230.0,0.0,0.0,0.0,6,179630.0,181090.0,6,185110.0,185110.0,185110.0,179500.0,180.0,32726400.0,1518
2023-05-10 21:13:31,ni2305,ni2305,180230.0,0.0,0.0,0.0,6,179630.0,181080.0,6,185110.0,185110.0,185110.0,179500.0,180.0,32726400.0,1518
2023-05-10 21:13:31,ni2305,ni2305,180230.0,0.0,0.0,0.0,6,179650.0,181070.0,6,185110.0,185110.0,185110.0,179500.0,180.0,32726400.0,1518
2023-05-10 21:13:32,ni2305,ni2305,180230.0,0.0,0.0,0.0,6,179680.0,181060.0,6,185110.0,185110.0,185110.0,179500.0,180.0,32726400.0,1518
2023-05-10 21:13:32,ni2305,ni2305,180230.0,0.0,0.0,0.0,6,179700.0,181050.0,6,185110.0,185110.0,185110.0,179500.0,180.0,32726400.0,1518
2023-05-10 21:13:33,ni2305,ni2305,180230.0,0.0,0.0,0.0,6,179730.0,181040.0,6,185110.0,185110.0,185110.0,179500.0,180.0,32726400.0,1518
2023-05-10 21:13:33,ni2305,ni2305,180230.0,0.0,0.0,0.0,6,179750.0,181040.0,6,185110.0,185110.0,185110.0,179500.0,180.0,32726400.0,1518
2023-05-10 21:13:34,ni2305,ni2305,180230.0,0.0,0.0,0.0,6,179780.0,181040.0,6,185110.0,185110.0,185110.0,179500.0,180.0,32726400.0,1518
2023-05-10 21:13:34,ni2305,ni2305,180230.0,0.0,0.0,0.0,6,179790.0,181040.0,6,185110.0,185110.0,185110.0,179500.0,180.0,32726400.0,1518
2023-05-10 21:13:35,ni2305,ni2305,180230.0,0.0,0.0,0.0,6,179820.0,181040.0,6,185110.0,185110.0,185110.0,179500.0,180.0,32726400.0,1518
2023-05-10 21:13:38,ni2305,ni2305,180230.0,0.0,0.0,0.0,6,179820.0,181040.0,6,185110.0,185110.0,185110.0,179500.0,180.0,32726400.0,1518
2023-05-10 21:13:42,ni2305,ni2305,180230.0,0.0,0.0,0.0,6,179840.0,181040.0,6,185110.0,185110.0,185110.0,179500.0,180.0,32726400.0,1518
2023-05-10 21:13:43,ni2305,ni2305,180230.0,0.0,0.0,0.0,6,179870.0,181040.0,6,185110.0,185110.0,185110.0,179500.0,180.0,32726400.0,1518
2023-05-10 21:13:48,ni2305,ni2305,180230.0,0.0,0.0,0.0,6,179870.0,181040.0,6,185110.0,185110.0,185110.0,179500.0,180.0,32726400.0,1518
2023-05-10 21:13:50,ni2305,ni2305,179870.0,6.0,1079220.0,0.0,6,179210.0,182000.0,6,185110.0,185110.0,185110.0,179500.0,186.0,33805620.0,1518
2023-05-10 21:13:51,ni2305,ni2305,179870.0,0.0,0.0,0.0,6,179240.0,181500.0,6,185110.0,185110.0,185110.0,179500.0,186.0,33805620.0,1518
2023-05-10 21:13:51,ni2305,ni2305,179870.0,0.0,0.0,0.0,6,179260.0,181470.0,6,185110.0,185110.0,185110.0,179500.0,186.0,33805620.0,1518
2023-05-10 21:13:52,ni2305,ni2305,179870.0,0.0,0.0,0.0,6,179290.0,181090.0,6,185110.0,185110.0,185110.0,179500.0,186.0,33805620.0,1518
2023-05-10 21:13:52,ni2305,ni2305,179870.0,0.0,0.0,0.0,6,179310.0,181080.0,6,185110.0,185110.0,185110.0,179500.0,186.0,33805620.0,1518
2023-05-10 21:13:53,ni2305,ni2305,179870.0,0.0,0.0,0.0,6,179340.0,181060.0,6,185110.0,185110.0,185110.0,179500.0,186.0,33805620.0,1518
2023-05-10 21:13:53,ni2305,ni2305,179870.0,0.0,0.0,0.0,6,179360.0,181050.0,6,185110.0,185110.0,185110.0,179500.0,186.0,33805620.0,1518
2023-05-10 21:13:54,ni2305,ni2305,179870.0,0.0,0.0,0.0,6,179390.0,181040.0,6,185110.0,185110.0,185110.0,179500.0,186.0,33805620.0,1518
2023-05-10 21:13:54,ni2305,ni2305,179870.0,0.0,0.0,0.0,6,179410.0,181030.0,6,185110.0,185110.0,185110.0,179500.0,186.0,33805620.0,1518
2023-05-10 21:13:55,ni2305,ni2305,179870.0,0.0,0.0,0.0,6,179440.0,181030.0,12,185110.0,185110.0,185110.0,179500.0,186.0,33805620.0,1518
2023-05-10 21:13:55,ni2305,ni2305,179870.0,0.0,0.0,0.0,6,179460.0,181030.0,12,185110.0,185110.0,185110.0,179500.0,186.0,33805620.0,1518
2023-05-10 21:13:56,ni2305,ni2305,179870.0,0.0,0.0,0.0,6,179490.0,181030.0,12,185110.0,185110.0,185110.0,179500.0,186.0,33805620.0,1518
2023-05-10 21:13:56,ni2305,ni2305,179870.0,0.0,0.0,0.0,6,179510.0,181030.0,6,185110.0,185110.0,185110.0,179500.0,186.0,33805620.0,1518
2023-05-10 21:13:57,ni2305,ni2305,179870.0,0.0,0.0,0.0,6,179540.0,181030.0,6,185110.0,185110.0,185110.0,179500.0,186.0,33805620.0,1518
2023-05-10 21:13:57,ni2305,ni2305,179870.0,0.0,0.0,0.0,6,179560.0,181030.0,6,185110.0,185110.0,185110.0,179500.0,186.0,33805620.0,1518
2023-05-10 21:14:00,ni2305,ni2305,179870.0,0.0,0.0,0.0,6,179560.0,181030.0,6,185110.0,185110.0,185110.0,179500.0,186.0,33805620.0,1518
2023-05-10 21:14:00,ni2305,ni2305,179870.0,0.0,0.0,0.0,6,179570.0,181030.0,6,185110.0,185110.0,185110.0,179500.0,186.0,33805620.0,1518
2023-05-10 21:14:01,ni2305,ni2305,179870.0,0.0,0.0,0.0,6,179590.0,181000.0,6,185110.0,185110.0,185110.0,179500.0,186.0,33805620.0,1518
2023-05-10 21:14:01,ni2305,ni2305,179870.0,0.0,0.0,0.0,6,179590.0,180950.0,6,185110.0,185110.0,185110.0,179500.0,186.0,33805620.0,1518
2023-05-10 21:14:02,ni2305,ni2305,179870.0,0.0,0.0,0.0,6,179590.0,180920.0,6,185110.0,185110.0,185110.0,179500.0,186.0,33805620.0,1518
2023-05-10 21:14:02,ni2305,ni2305,179870.0,0.0,0.0,0.0,6,179590.0,180910.0,6,185110.0,185110.0,185110.0,179500.0,186.0,33805620.0,1518
2023-05-10 21:14:03,ni2305,ni2305,179870.0,0.0,0.0,0.0,6,179590.0,180880.0,6,185110.0,185110.0,185110.0,179500.0,186.0,33805620.0,1518
2023-05-10 21:14:03,ni2305,ni2305,179870.0,0.0,0.0,0.0,6,179590.0,180870.0,6,185110.0,185110.0,185110.0,179500.0,186.0,33805620.0,1518
2023-05-10 21:14:04,ni2305,ni2305,179870.0,0.0,0.0,0.0,6,179590.0,180840.0,6,185110.0,185110.0,185110.0,179500.0,186.0,33805620.0,1518
2023-05-10 21:14:04,ni2305,ni2305,179870.0,0.0,0.0,0.0,6,179590.0,180830.0,6,185110.0,185110.0,185110.0,179500.0,186.0,33805620.0,1518
2023-05-10 21:14:05,ni2305,ni2305,179870.0,0.0,0.0,0.0,6,179590.0,180800.0,6,185110.0,185110.0,185110.0,179500.0,186.0,33805620.0,1518
2023-05-10 21:14:05,ni2305,ni2305,179870.0,0.0,0.0,0.0,6,179590.0,180790.0,6,185110.0,185110.0,185110.0,179500.0,186.0,33805620.0,1518
2023-05-10 21:14:06,ni2305,ni2305,179870.0,0.0,0.0,0.0,6,179590.0,180760.0,6,185110.0,185110.0,185110.0,179500.0,186.0,33805620.0,1518
2023-05-10 21:14:06,ni2305,ni2305,180760.0,12.0,2169060.0,0.0,6,179590.0,182000.0,6,185110.0,185110.0,185110.0,179500.0,198.0,35974680.0,1518
2023-05-10 21:14:07,ni2305,ni2305,180760.0,0.0,0.0,0.0,6,179590.0,181500.0,6,185110.0,185110.0,185110.0,179500.0,198.0,35974680.0,1518
2023-05-10 21:14:07,ni2305,ni2305,180760.0,0.0,0.0,0.0,6,179590.0,181500.0,6,185110.0,185110.0,185110.0,179500.0,198.0,35974680.0,1518
2023-05-10 21:14:08,ni2305,ni2305,180760.0,0.0,0.0,0.0,6,179600.0,181470.0,6,185110.0,185110.0,185110.0,179500.0,198.0,35974680.0,1518
2023-05-10 21:14:08,ni2305,ni2305,180760.0,0.0,0.0,0.0,6,179620.0,181010.0,6,185110.0,185110.0,185110.0,179500.0,198.0,35974680.0,1518
2023-05-10 21:14:09,ni2305,ni2305,180760.0,0.0,0.0,0.0,6,179620.0,181000.0,6,185110.0,185110.0,185110.0,179500.0,198.0,35974680.0,1518
2023-05-10 21:14:09,ni2305,ni2305,180760.0,0.0,0.0,0.0,6,179620.0,180990.0,6,185110.0,185110.0,185110.0,179500.0,198.0,35974680.0,1518
2023-05-10 21:14:10,ni2305,ni2305,181000.0,12.0,2171940.0,6.0,6,180120.0,182000.0,6,185110.0,185110.0,185110.0,179500.0,210.0,38146620.0,1524
2023-05-10 21:14:10,ni2305,ni2305,181000.0,0.0,0.0,0.0,6,180120.0,181970.0,6,185110.0,185110.0,185110.0,179500.0,210.0,38146620.0,1524
2023-05-10 21:14:11,ni2305,ni2305,180120.0,6.0,1080720.0,-6.0,6,179210.0,181470.0,6,185110.0,185110.0,185110.0,179500.0,216.0,39227340.0,1518
2023-05-10 21:14:11,ni2305,ni2305,180120.0,0.0,0.0,0.0,12,179240.0,181440.0,6,185110.0,185110.0,185110.0,179500.0,216.0,39227340.0,1518
2023-05-10 21:14:12,ni2305,ni2305,180120.0,0.0,0.0,0.0,6,179260.0,181010.0,6,185110.0,185110.0,185110.0,179500.0,216.0,39227340.0,1518
2023-05-10 21:14:12,ni2305,ni2305,180120.0,0.0,0.0,0.0,12,179290.0,181000.0,6,185110.0,185110.0,185110.0,179500.0,216.0,39227340.0,1518
2023-05-10 21:14:13,ni2305,ni2305,180120.0,0.0,0.0,0.0,6,179310.0,181000.0,6,185110.0,185110.0,185110.0,179500.0,216.0,39227340.0,1518
2023-05-10 21:14:13,ni2305,ni2305,180120.0,0.0,0.0,0.0,12,179340.0,181000.0,6,185110.0,185110.0,185110.0,179500.0,216.0,39227340.0,1518
2023-05-10 21:14:14,ni2305,ni2305,180120.0,0.0,0.0,0.0,6,179360.0,181000.0,6,185110.0,185110.0,185110.0,179500.0,216.0,39227340.0,1518
2023-05-10 21:14:14,ni2305,ni2305,180120.0,0.0,0.0,0.0,6,179390.0,181000.0,6,185110.0,185110.0,185110.0,179500.0,216.0,39227340.0,1518
2023-05-10 21:14:15,ni2305,ni2305,180120.0,0.0,0.0,0.0,12,179410.0,181000.0,6,185110.0,185110.0,185110.0,179500.0,216.0,39227340.0,1518
2023-05-10 21:14:15,ni2305,ni2305,180120.0,0.0,0.0,0.0,6,179440.0,181000.0,6,185110.0,185110.0,185110.0,179500.0,216.0,39227340.0,1518
2023-05-10 21:14:16,ni2305,ni2305,180120.0,0.0,0.0,0.0,6,179460.0,181000.0,6,185110.0,185110.0,185110.0,179500.0,216.0,39227340.0,1518
2023-05-10 21:14:16,ni2305,ni2305,180120.0,0.0,0.0,0.0,6,179490.0,181000.0,6,185110.0,185110.0,185110.0,179500.0,216.0,39227340.0,1518
2023-05-10 21:14:17,ni2305,ni2305,180120.0,0.0,0.0,0.0,6,179510.0,181000.0,6,185110.0,185110.0,185110.0,179500.0,216.0,39227340.0,1518
2023-05-10 21:14:17,ni2305,ni2305,180120.0,0.0,0.0,0.0,6,179510.0,181000.0,6,185110.0,185110.0,185110.0,179500.0,216.0,39227340.0,1518
2023-05-10 21:14:18,ni2305,ni2305,180120.0,0.0,0.0,0.0,6,179540.0,181000.0,6,185110.0,185110.0,185110.0,179500.0,216.0,39227340.0,1518
2023-05-10 21:14:18,ni2305,ni2305,180120.0,0.0,0.0,0.0,6,179560.0,181000.0,6,185110.0,185110.0,185110.0,179500.0,216.0,39227340.0,1518
2023-05-10 21:14:19,ni2305,ni2305,180120.0,0.0,0.0,0.0,6,179590.0,181000.0,6,185110.0,185110.0,185110.0,179500.0,216.0,39227340.0,1518
2023-05-10 21:14:19,ni2305,ni2305,180120.0,0.0,0.0,0.0,6,179610.0,181000.0,6,185110.0,185110.0,185110.0,179500.0,216.0,39227340.0,1518
2023-05-10 21:14:20,ni2305,ni2305,180120.0,0.0,0.0,0.0,6,179640.0,181000.0,6,185110.0,185110.0,185110.0,179500.0,216.0,39227340.0,1518
2023-05-10 21:14:20,ni2305,ni2305,180120.0,0.0,0.0,0.0,6,179660.0,181000.0,6,185110.0,185110.0,185110.0,179500.0,216.0,39227340.0,1518
2023-05-10 21:14:21,ni2305,ni2305,180120.0,0.0,0.0,0.0,6,179690.0,181000.0,6,185110.0,185110.0,185110.0,179500.0,216.0,39227340.0,1518
2023-05-10 21:14:21,ni2305,ni2305,180120.0,0.0,0.0,0.0,6,179710.0,181000.0,6,185110.0,185110.0,185110.0,179500.0,216.0,39227340.0,1518
2023-05-10 21:14:22,ni2305,ni2305,180120.0,0.0,0.0,0.0,6,179740.0,181000.0,6,185110.0,185110.0,185110.0,179500.0,216.0,39227340.0,1518
2023-05-10 21:14:22,ni2305,ni2305,180120.0,0.0,0.0,0.0,6,179760.0,181000.0,6,185110.0,185110.0,185110.0,179500.0,216.0,39227340.0,1518
2023-05-10 21:14:23,ni2305,ni2305,180120.0,0.0,0.0,0.0,6,179790.0,181000.0,6,185110.0,185110.0,185110.0,179500.0,216.0,39227340.0,1518
2023-05-10 21:14:23,ni2305,ni2305,180120.0,0.0,0.0,0.0,6,179810.0,181000.0,6,185110.0,185110.0,185110.0,179500.0,216.0,39227340.0,1518
2023-05-10 21:14:24,ni2305,ni2305,180120.0,0.0,0.0,0.0,6,179840.0,181000.0,6,185110.0,185110.0,185110.0,179500.0,216.0,39227340.0,1518
2023-05-10 21:14:24,ni2305,ni2305,180120.0,0.0,0.0,0.0,6,179860.0,181000.0,6,185110.0,185110.0,185110.0,179500.0,216.0,39227340.0,1518
2023-05-10 21:14:25,ni2305,ni2305,180120.0,0.0,0.0,0.0,6,179890.0,181000.0,6,185110.0,185110.0,185110.0,179500.0,216.0,39227340.0,1518
2023-05-10 21:14:25,ni2305,ni2305,180120.0,0.0,0.0,0.0,6,179910.0,181000.0,6,185110.0,185110.0,185110.0,179500.0,216.0,39227340.0,1518
2023-05-10 21:14:26,ni2305,ni2305,180120.0,0.0,0.0,0.0,6,179940.0,181000.0,6,185110.0,185110.0,185110.0,179500.0,216.0,39227340.0,1518
2023-05-10 21:14:26,ni2305,ni2305,180120.0,0.0,0.0,0.0,6,179960.0,181000.0,6,185110.0,185110.0,185110.0,179500.0,216.0,39227340.0,1518
2023-05-10 21:14:27,ni2305,ni2305,180120.0,0.0,0.0,0.0,6,179990.0,181000.0,6,185110.0,185110.0,185110.0,179500.0,216.0,39227340.0,1518
2023-05-10 21:14:27,ni2305,ni2305,179990.0,6.0,1079940.0,0.0,6,180010.0,182000.0,6,185110.0,185110.0,185110.0,179500.0,222.0,40307280.0,1518
2023-05-10 21:14:28,ni2305,ni2305,179990.0,0.0,0.0,0.0,6,180010.0,181500.0,6,185110.0,185110.0,185110.0,179500.0,222.0,40307280.0,1518
2023-05-10 21:14:28,ni2305,ni2305,179990.0,0.0,0.0,0.0,6,180010.0,181470.0,6,185110.0,185110.0,185110.0,179500.0,222.0,40307280.0,1518
2023-05-10 21:14:29,ni2305,ni2305,179990.0,0.0,0.0,0.0,6,180010.0,181130.0,6,185110.0,185110.0,185110.0,179500.0,222.0,40307280.0,1518
2023-05-10 21:14:29,ni2305,ni2305,179990.0,0.0,0.0,0.0,6,180010.0,181130.0,6,185110.0,185110.0,185110.0,179500.0,222.0,40307280.0,1518
2023-05-10 21:14:30,ni2305,ni2305,179990.0,0.0,0.0,0.0,6,180010.0,181100.0,6,185110.0,185110.0,185110.0,179500.0,222.0,40307280.0,1518
2023-05-10 21:14:31,ni2305,ni2305,179990.0,0.0,0.0,0.0,6,180010.0,181100.0,6,185110.0,185110.0,185110.0,179500.0,222.0,40307280.0,1518
2023-05-10 21:14:32,ni2305,ni2305,179990.0,0.0,0.0,0.0,6,180010.0,181100.0,12,185110.0,185110.0,185110.0,179500.0,222.0,40307280.0,1518
2023-05-10 21:14:56,ni2305,ni2305,179990.0,0.0,0.0,0.0,6,180030.0,181100.0,12,185110.0,185110.0,185110.0,179500.0,222.0,40307280.0,1518
2023-05-10 21:14:57,ni2305,ni2305,179990.0,0.0,0.0,0.0,6,180030.0,181100.0,12,185110.0,185110.0,185110.0,179500.0,222.0,40307280.0,1518
2023-05-10 21:15:02,ni2305,ni2305,179990.0,0.0,0.0,0.0,6,180030.0,181090.0,6,185110.0,185110.0,185110.0,179500.0,222.0,40307280.0,1518
2023-05-10 21:15:03,ni2305,ni2305,179990.0,0.0,0.0,0.0,6,180030.0,180880.0,6,185110.0,185110.0,185110.0,179500.0,222.0,40307280.0,1518
2023-05-10 21:15:03,ni2305,ni2305,179990.0,0.0,0.0,0.0,6,180030.0,180850.0,6,185110.0,185110.0,185110.0,179500.0,222.0,40307280.0,1518
2023-05-10 21:15:42,ni2305,ni2305,179990.0,0.0,0.0,0.0,6,180030.0,180850.0,12,185110.0,185110.0,185110.0,179500.0,222.0,40307280.0,1518
2023-05-10 21:15:43,ni2305,ni2305,179990.0,0.0,0.0,0.0,6,180030.0,180850.0,6,185110.0,185110.0,185110.0,179500.0,222.0,40307280.0,1518
2023-05-10 21:15:47,ni2305,ni2305,179990.0,0.0,0.0,0.0,6,179210.0,180840.0,6,185110.0,185110.0,185110.0,179500.0,222.0,40307280.0,1518
2023-05-10 21:15:47,ni2305,ni2305,179990.0,0.0,0.0,0.0,6,179240.0,180810.0,6,185110.0,185110.0,185110.0,179500.0,222.0,40307280.0,1518
2023-05-10 21:15:48,ni2305,ni2305,179990.0,0.0,0.0,0.0,6,179260.0,180810.0,6,185110.0,185110.0,185110.0,179500.0,222.0,40307280.0,1518
2023-05-10 21:15:48,ni2305,ni2305,179990.0,0.0,0.0,0.0,6,179290.0,180810.0,6,185110.0,185110.0,185110.0,179500.0,222.0,40307280.0,1518
2023-05-10 21:15:49,ni2305,ni2305,179990.0,0.0,0.0,0.0,6,179310.0,180810.0,6,185110.0,185110.0,185110.0,179500.0,222.0,40307280.0,1518
2023-05-10 21:15:49,ni2305,ni2305,179990.0,0.0,0.0,0.0,6,179340.0,180810.0,6,185110.0,185110.0,185110.0,179500.0,222.0,40307280.0,1518
2023-05-10 21:15:50,ni2305,ni2305,179990.0,0.0,0.0,0.0,6,179360.0,180810.0,6,185110.0,185110.0,185110.0,179500.0,222.0,40307280.0,1518
2023-05-10 21:15:50,ni2305,ni2305,179990.0,0.0,0.0,0.0,6,179390.0,180810.0,6,185110.0,185110.0,185110.0,179500.0,222.0,40307280.0,1518
2023-05-10 21:15:51,ni2305,ni2305,179990.0,0.0,0.0,0.0,6,179410.0,180810.0,6,185110.0,185110.0,185110.0,179500.0,222.0,40307280.0,1518
2023-05-10 21:15:51,ni2305,ni2305,179990.0,0.0,0.0,0.0,6,179440.0,180810.0,6,185110.0,185110.0,185110.0,179500.0,222.0,40307280.0,1518
2023-05-10 21:15:52,ni2305,ni2305,179990.0,0.0,0.0,0.0,6,179460.0,180810.0,6,185110.0,185110.0,185110.0,179500.0,222.0,40307280.0,1518
2023-05-10 21:15:52,ni2305,ni2305,179990.0,0.0,0.0,0.0,6,179490.0,180810.0,6,185110.0,185110.0,185110.0,179500.0,222.0,40307280.0,1518
2023-05-10 21:15:53,ni2305,ni2305,179990.0,0.0,0.0,0.0,6,179510.0,180810.0,6,185110.0,185110.0,185110.0,179500.0,222.0,40307280.0,1518
2023-05-10 21:15:53,ni2305,ni2305,179990.0,0.0,0.0,0.0,6,179540.0,180810.0,6,185110.0,185110.0,185110.0,179500.0,222.0,40307280.0,1518
2023-05-10 21:15:54,ni2305,ni2305,179990.0,0.0,0.0,0.0,6,179560.0,180810.0,6,185110.0,185110.0,185110.0,179500.0,222.0,40307280.0,1518
2023-05-10 21:15:55,ni2305,ni2305,179990.0,0.0,0.0,0.0,6,179560.0,180810.0,6,185110.0,185110.0,185110.0,179500.0,222.0,40307280.0,1518
2023-05-10 21:15:55,ni2305,ni2305,179990.0,0.0,0.0,0.0,6,179560.0,180800.0,6,185110.0,185110.0,185110.0,179500.0,222.0,40307280.0,1518
2023-05-10 21:15:56,ni2305,ni2305,179990.0,0.0,0.0,0.0,6,179560.0,180770.0,6,185110.0,185110.0,185110.0,179500.0,222.0,40307280.0,1518
2023-05-10 21:15:56,ni2305,ni2305,179990.0,0.0,0.0,0.0,6,179560.0,180770.0,6,185110.0,185110.0,185110.0,179500.0,222.0,40307280.0,1518
2023-05-10 21:16:04,ni2305,ni2305,179990.0,0.0,0.0,0.0,6,179560.0,180770.0,12,185110.0,185110.0,185110.0,179500.0,222.0,40307280.0,1518
2023-05-10 21:16:09,ni2305,ni2305,179990.0,0.0,0.0,0.0,6,179560.0,180770.0,6,185110.0,185110.0,185110.0,179500.0,222.0,40307280.0,1518
2023-05-10 21:16:46,ni2305,ni2305,179990.0,0.0,0.0,0.0,6,179580.0,180770.0,6,185110.0,185110.0,185110.0,179500.0,222.0,40307280.0,1518
2023-05-10 21:16:46,ni2305,ni2305,179990.0,0.0,0.0,0.0,6,179600.0,180770.0,6,185110.0,185110.0,185110.0,179500.0,222.0,40307280.0,1518
2023-05-10 21:16:55,ni2305,ni2305,179990.0,0.0,0.0,0.0,6,179610.0,180770.0,6,185110.0,185110.0,185110.0,179500.0,222.0,40307280.0,1518
2023-05-10 21:16:56,ni2305,ni2305,179990.0,0.0,0.0,0.0,6,179630.0,180770.0,6,185110.0,185110.0,185110.0,179500.0,222.0,40307280.0,1518
2023-05-10 21:16:56,ni2305,ni2305,179990.0,0.0,0.0,0.0,6,179640.0,180770.0,6,185110.0,185110.0,185110.0,179500.0,222.0,40307280.0,1518
2023-05-10 21:16:57,ni2305,ni2305,179990.0,0.0,0.0,0.0,6,179660.0,180770.0,6,185110.0,185110.0,185110.0,179500.0,222.0,40307280.0,1518
2023-05-10 21:16:58,ni2305,ni2305,179990.0,0.0,0.0,0.0,6,179660.0,180770.0,6,185110.0,185110.0,185110.0,179500.0,222.0,40307280.0,1518
2023-05-10 21:18:05,ni2305,ni2305,179990.0,0.0,0.0,0.0,6,179660.0,180760.0,6,185110.0,185110.0,185110.0,179500.0,222.0,40307280.0,1518
2023-05-10 21:18:05,ni2305,ni2305,179990.0,0.0,0.0,0.0,6,179660.0,180730.0,6,185110.0,185110.0,185110.0,179500.0,222.0,40307280.0,1518
2023-05-10 21:18:06,ni2305,ni2305,179990.0,0.0,0.0,0.0,6,179660.0,180730.0,6,185110.0,185110.0,185110.0,179500.0,222.0,40307280.0,1518
2023-05-10 21:18:07,ni2305,ni2305,179990.0,0.0,0.0,0.0,6,179660.0,180730.0,12,185110.0,185110.0,185110.0,179500.0,222.0,40307280.0,1518
2023-05-10 21:18:07,ni2305,ni2305,179990.0,0.0,0.0,0.0,6,179660.0,180720.0,6,185110.0,185110.0,185110.0,179500.0,222.0,40307280.0,1518
2023-05-10 21:18:08,ni2305,ni2305,179990.0,0.0,0.0,0.0,6,179660.0,180690.0,6,185110.0,185110.0,185110.0,179500.0,222.0,40307280.0,1518
2023-05-10 21:18:24,ni2305,ni2305,179990.0,0.0,0.0,0.0,6,179660.0,180690.0,12,185110.0,185110.0,185110.0,179500.0,222.0,40307280.0,1518
2023-05-10 21:18:24,ni2305,ni2305,179990.0,0.0,0.0,0.0,6,179660.0,180680.0,6,185110.0,185110.0,185110.0,179500.0,222.0,40307280.0,1518
2023-05-10 21:18:25,ni2305,ni2305,179660.0,6.0,1077960.0,0.0,6,179200.0,180650.0,6,185110.0,185110.0,185110.0,179500.0,228.0,41385240.0,1518
2023-05-10 21:18:25,ni2305,ni2305,179660.0,0.0,0.0,0.0,6,179220.0,180630.0,6,185110.0,185110.0,185110.0,179500.0,228.0,41385240.0,1518
2023-05-10 21:18:26,ni2305,ni2305,179660.0,0.0,0.0,0.0,6,179220.0,180600.0,6,185110.0,185110.0,185110.0,179500.0,228.0,41385240.0,1518
2023-05-10 21:18:26,ni2305,ni2305,179660.0,0.0,0.0,0.0,6,179220.0,180580.0,6,185110.0,185110.0,185110.0,179500.0,228.0,41385240.0,1518
2023-05-10 21:18:27,ni2305,ni2305,179660.0,0.0,0.0,0.0,6,179220.0,180550.0,6,185110.0,185110.0,185110.0,179500.0,228.0,41385240.0,1518
2023-05-10 21:18:27,ni2305,ni2305,179660.0,0.0,0.0,0.0,6,179220.0,180530.0,6,185110.0,185110.0,185110.0,179500.0,228.0,41385240.0,1518
2023-05-10 21:18:28,ni2305,ni2305,179660.0,0.0,0.0,0.0,6,179220.0,180500.0,6,185110.0,185110.0,185110.0,179500.0,228.0,41385240.0,1518
2023-05-10 21:18:28,ni2305,ni2305,179660.0,0.0,0.0,0.0,6,179220.0,180490.0,6,185110.0,185110.0,185110.0,179500.0,228.0,41385240.0,1518
2023-05-10 21:18:29,ni2305,ni2305,179660.0,0.0,0.0,0.0,6,179220.0,180460.0,6,185110.0,185110.0,185110.0,179500.0,228.0,41385240.0,1518
2023-05-10 21:18:42,ni2305,ni2305,179660.0,0.0,0.0,0.0,6,179220.0,180440.0,6,185110.0,185110.0,185110.0,179500.0,228.0,41385240.0,1518
2023-05-10 21:18:43,ni2305,ni2305,179660.0,0.0,0.0,0.0,6,179220.0,180410.0,6,185110.0,185110.0,185110.0,179500.0,228.0,41385240.0,1518
2023-05-10 21:18:43,ni2305,ni2305,179660.0,0.0,0.0,0.0,6,179220.0,180390.0,6,185110.0,185110.0,185110.0,179500.0,228.0,41385240.0,1518
2023-05-10 21:18:44,ni2305,ni2305,179660.0,0.0,0.0,0.0,6,179220.0,180360.0,6,185110.0,185110.0,185110.0,179500.0,228.0,41385240.0,1518
2023-05-10 21:18:44,ni2305,ni2305,179660.0,0.0,0.0,0.0,6,179220.0,180340.0,6,185110.0,185110.0,185110.0,179500.0,228.0,41385240.0,1518
2023-05-10 21:18:46,ni2305,ni2305,179660.0,0.0,0.0,0.0,6,179200.0,180340.0,6,185110.0,185110.0,185110.0,179500.0,228.0,41385240.0,1518
2023-05-10 21:18:49,ni2305,ni2305,179660.0,0.0,0.0,0.0,6,179200.0,180340.0,6,185110.0,185110.0,185110.0,179500.0,228.0,41385240.0,1518
2023-05-10 21:18:56,ni2305,ni2305,179660.0,0.0,0.0,0.0,6,179200.0,180310.0,6,185110.0,185110.0,185110.0,179500.0,228.0,41385240.0,1518
2023-05-10 21:18:56,ni2305,ni2305,179660.0,0.0,0.0,0.0,6,179200.0,180290.0,6,185110.0,185110.0,185110.0,179500.0,228.0,41385240.0,1518
2023-05-10 21:18:57,ni2305,ni2305,179660.0,0.0,0.0,0.0,6,179200.0,180260.0,6,185110.0,185110.0,185110.0,179500.0,228.0,41385240.0,1518
2023-05-10 21:18:57,ni2305,ni2305,179660.0,0.0,0.0,0.0,6,179200.0,180240.0,6,185110.0,185110.0,185110.0,179500.0,228.0,41385240.0,1518
2023-05-10 21:18:58,ni2305,ni2305,179660.0,0.0,0.0,0.0,6,179200.0,180210.0,6,185110.0,185110.0,185110.0,179500.0,228.0,41385240.0,1518
2023-05-10 21:18:58,ni2305,ni2305,179660.0,0.0,0.0,0.0,6,179200.0,180190.0,6,185110.0,185110.0,185110.0,179500.0,228.0,41385240.0,1518
2023-05-10 21:18:59,ni2305,ni2305,179660.0,0.0,0.0,0.0,6,179200.0,180160.0,6,185110.0,185110.0,185110.0,179500.0,228.0,41385240.0,1518
2023-05-10 21:18:59,ni2305,ni2305,179660.0,0.0,0.0,0.0,6,179200.0,180140.0,6,185110.0,185110.0,185110.0,179500.0,228.0,41385240.0,1518
2023-05-10 21:19:00,ni2305,ni2305,179660.0,0.0,0.0,0.0,6,179200.0,180110.0,6,185110.0,185110.0,185110.0,179500.0,228.0,41385240.0,1518
2023-05-10 21:19:01,ni2305,ni2305,179660.0,0.0,0.0,0.0,6,179200.0,180110.0,6,185110.0,185110.0,185110.0,179500.0,228.0,41385240.0,1518
2023-05-10 21:19:01,ni2305,ni2305,179660.0,0.0,0.0,0.0,6,179200.0,180100.0,6,185110.0,185110.0,185110.0,179500.0,228.0,41385240.0,1518
2023-05-10 21:19:02,ni2305,ni2305,179660.0,0.0,0.0,0.0,6,179200.0,180070.0,6,185110.0,185110.0,185110.0,179500.0,228.0,41385240.0,1518
2023-05-10 21:19:02,ni2305,ni2305,179660.0,0.0,0.0,0.0,6,179200.0,180050.0,6,185110.0,185110.0,185110.0,179500.0,228.0,41385240.0,1518
2023-05-10 21:19:03,ni2305,ni2305,179660.0,0.0,0.0,0.0,6,179200.0,180020.0,6,185110.0,185110.0,185110.0,179500.0,228.0,41385240.0,1518
2023-05-10 21:19:03,ni2305,ni2305,179660.0,0.0,0.0,0.0,6,179200.0,180020.0,6,185110.0,185110.0,185110.0,179500.0,228.0,41385240.0,1518
2023-05-10 21:19:22,ni2305,ni2305,179660.0,0.0,0.0,0.0,6,179200.0,180000.0,6,185110.0,185110.0,185110.0,179500.0,228.0,41385240.0,1518
2023-05-10 21:19:23,ni2305,ni2305,179660.0,0.0,0.0,0.0,6,179200.0,179970.0,6,185110.0,185110.0,185110.0,179500.0,228.0,41385240.0,1518
2023-05-10 21:19:23,ni2305,ni2305,179660.0,0.0,0.0,0.0,6,179200.0,179970.0,6,185110.0,185110.0,185110.0,179500.0,228.0,41385240.0,1518
2023-05-10 21:19:24,ni2305,ni2305,179660.0,0.0,0.0,0.0,6,179200.0,179950.0,6,185110.0,185110.0,185110.0,179500.0,228.0,41385240.0,1518
2023-05-10 21:19:24,ni2305,ni2305,179660.0,0.0,0.0,0.0,6,179200.0,179920.0,6,185110.0,185110.0,185110.0,179500.0,228.0,41385240.0,1518
2023-05-10 21:19:26,ni2305,ni2305,179660.0,0.0,0.0,0.0,6,179200.0,179910.0,6,185110.0,185110.0,185110.0,179500.0,228.0,41385240.0,1518
2023-05-10 21:19:26,ni2305,ni2305,179660.0,0.0,0.0,0.0,6,179200.0,179910.0,6,185110.0,185110.0,185110.0,179500.0,228.0,41385240.0,1518
2023-05-10 21:19:27,ni2305,ni2305,179660.0,0.0,0.0,0.0,6,179200.0,179880.0,6,185110.0,185110.0,185110.0,179500.0,228.0,41385240.0,1518
2023-05-10 21:19:28,ni2305,ni2305,179660.0,0.0,0.0,0.0,6,179200.0,179880.0,6,185110.0,185110.0,185110.0,179500.0,228.0,41385240.0,1518
2023-05-10 21:19:28,ni2305,ni2305,179660.0,0.0,0.0,0.0,6,179200.0,179860.0,6,185110.0,185110.0,185110.0,179500.0,228.0,41385240.0,1518
2023-05-10 21:19:29,ni2305,ni2305,179660.0,0.0,0.0,0.0,6,179200.0,179830.0,6,185110.0,185110.0,185110.0,179500.0,228.0,41385240.0,1518
2023-05-10 21:19:29,ni2305,ni2305,179660.0,0.0,0.0,0.0,6,179200.0,179830.0,6,185110.0,185110.0,185110.0,179500.0,228.0,41385240.0,1518
2023-05-10 21:20:04,ni2305,ni2305,179660.0,0.0,0.0,0.0,6,179300.0,179830.0,6,185110.0,185110.0,185110.0,179500.0,228.0,41385240.0,1518
2023-05-10 21:20:21,ni2305,ni2305,179660.0,0.0,0.0,0.0,6,179300.0,182000.0,6,185110.0,185110.0,185110.0,179500.0,228.0,41385240.0,1518
2023-05-10 21:20:21,ni2305,ni2305,179660.0,0.0,0.0,0.0,6,179300.0,181970.0,6,185110.0,185110.0,185110.0,179500.0,228.0,41385240.0,1518
2023-05-10 21:20:22,ni2305,ni2305,179660.0,0.0,0.0,0.0,6,179300.0,181950.0,12,185110.0,185110.0,185110.0,179500.0,228.0,41385240.0,1518
2023-05-10 21:20:22,ni2305,ni2305,179660.0,0.0,0.0,0.0,6,179300.0,181920.0,6,185110.0,185110.0,185110.0,179500.0,228.0,41385240.0,1518
2023-05-10 21:20:23,ni2305,ni2305,179660.0,0.0,0.0,0.0,6,179300.0,181900.0,12,185110.0,185110.0,185110.0,179500.0,228.0,41385240.0,1518
2023-05-10 21:20:23,ni2305,ni2305,179660.0,0.0,0.0,0.0,6,179300.0,181870.0,6,185110.0,185110.0,185110.0,179500.0,228.0,41385240.0,1518
2023-05-10 21:20:24,ni2305,ni2305,179660.0,0.0,0.0,0.0,6,179300.0,181850.0,12,185110.0,185110.0,185110.0,179500.0,228.0,41385240.0,1518
2023-05-10 21:20:24,ni2305,ni2305,179660.0,0.0,0.0,0.0,6,179300.0,181820.0,6,185110.0,185110.0,185110.0,179500.0,228.0,41385240.0,1518
2023-05-10 21:20:25,ni2305,ni2305,179660.0,0.0,0.0,0.0,6,179300.0,181800.0,12,185110.0,185110.0,185110.0,179500.0,228.0,41385240.0,1518
2023-05-10 21:20:25,ni2305,ni2305,179660.0,0.0,0.0,0.0,6,179300.0,181770.0,6,185110.0,185110.0,185110.0,179500.0,228.0,41385240.0,1518
2023-05-10 21:20:26,ni2305,ni2305,179660.0,0.0,0.0,0.0,6,179300.0,181750.0,12,185110.0,185110.0,185110.0,179500.0,228.0,41385240.0,1518
2023-05-10 21:20:26,ni2305,ni2305,179660.0,0.0,0.0,0.0,6,179300.0,181720.0,6,185110.0,185110.0,185110.0,179500.0,228.0,41385240.0,1518
2023-05-10 21:20:27,ni2305,ni2305,179660.0,0.0,0.0,0.0,6,179300.0,181700.0,12,185110.0,185110.0,185110.0,179500.0,228.0,41385240.0,1518
2023-05-10 21:20:27,ni2305,ni2305,179660.0,0.0,0.0,0.0,6,179300.0,181670.0,6,185110.0,185110.0,185110.0,179500.0,228.0,41385240.0,1518
2023-05-10 21:20:28,ni2305,ni2305,179660.0,0.0,0.0,0.0,6,179300.0,181650.0,12,185110.0,185110.0,185110.0,179500.0,228.0,41385240.0,1518
2023-05-10 21:20:28,ni2305,ni2305,179660.0,0.0,0.0,0.0,6,179300.0,181620.0,6,185110.0,185110.0,185110.0,179500.0,228.0,41385240.0,1518
2023-05-10 21:20:29,ni2305,ni2305,179660.0,0.0,0.0,0.0,6,179300.0,181600.0,12,185110.0,185110.0,185110.0,179500.0,228.0,41385240.0,1518
2023-05-10 21:20:29,ni2305,ni2305,179660.0,0.0,0.0,0.0,6,179300.0,181570.0,6,185110.0,185110.0,185110.0,179500.0,228.0,41385240.0,1518
2023-05-10 21:20:30,ni2305,ni2305,179660.0,0.0,0.0,0.0,6,179300.0,181550.0,12,185110.0,185110.0,185110.0,179500.0,228.0,41385240.0,1518
2023-05-10 21:20:30,ni2305,ni2305,179660.0,0.0,0.0,0.0,6,179300.0,181520.0,6,185110.0,185110.0,185110.0,179500.0,228.0,41385240.0,1518
2023-05-10 21:20:31,ni2305,ni2305,179660.0,0.0,0.0,0.0,6,179300.0,181500.0,12,185110.0,185110.0,185110.0,179500.0,228.0,41385240.0,1518
2023-05-10 21:20:31,ni2305,ni2305,179660.0,0.0,0.0,0.0,6,179300.0,181470.0,6,185110.0,185110.0,185110.0,179500.0,228.0,41385240.0,1518
2023-05-10 21:20:32,ni2305,ni2305,179660.0,0.0,0.0,0.0,6,179300.0,181450.0,12,185110.0,185110.0,185110.0,179500.0,228.0,41385240.0,1518
2023-05-10 21:20:32,ni2305,ni2305,179660.0,0.0,0.0,0.0,6,179300.0,181420.0,6,185110.0,185110.0,185110.0,179500.0,228.0,41385240.0,1518
2023-05-10 21:20:33,ni2305,ni2305,179660.0,0.0,0.0,0.0,6,179300.0,181400.0,12,185110.0,185110.0,185110.0,179500.0,228.0,41385240.0,1518
2023-05-10 21:20:33,ni2305,ni2305,179660.0,0.0,0.0,0.0,6,179300.0,181370.0,6,185110.0,185110.0,185110.0,179500.0,228.0,41385240.0,1518
2023-05-10 21:20:34,ni2305,ni2305,179660.0,0.0,0.0,0.0,6,179300.0,181350.0,12,185110.0,185110.0,185110.0,179500.0,228.0,41385240.0,1518
2023-05-10 21:20:34,ni2305,ni2305,179660.0,0.0,0.0,0.0,6,179300.0,181320.0,6,185110.0,185110.0,185110.0,179500.0,228.0,41385240.0,1518
2023-05-10 21:20:35,ni2305,ni2305,179660.0,0.0,0.0,0.0,6,179300.0,181300.0,12,185110.0,185110.0,185110.0,179500.0,228.0,41385240.0,1518
2023-05-10 21:20:35,ni2305,ni2305,179660.0,0.0,0.0,0.0,6,179300.0,181270.0,6,185110.0,185110.0,185110.0,179500.0,228.0,41385240.0,1518
2023-05-10 21:20:36,ni2305,ni2305,179660.0,0.0,0.0,0.0,6,179300.0,181250.0,12,185110.0,185110.0,185110.0,179500.0,228.0,41385240.0,1518
2023-05-10 21:20:36,ni2305,ni2305,179660.0,0.0,0.0,0.0,6,179300.0,181220.0,6,185110.0,185110.0,185110.0,179500.0,228.0,41385240.0,1518
2023-05-10 21:20:37,ni2305,ni2305,179660.0,0.0,0.0,0.0,6,179300.0,181200.0,12,185110.0,185110.0,185110.0,179500.0,228.0,41385240.0,1518
2023-05-10 21:20:37,ni2305,ni2305,179660.0,0.0,0.0,0.0,6,179300.0,181170.0,6,185110.0,185110.0,185110.0,179500.0,228.0,41385240.0,1518
2023-05-10 21:20:38,ni2305,ni2305,179660.0,0.0,0.0,0.0,6,179300.0,181150.0,12,185110.0,185110.0,185110.0,179500.0,228.0,41385240.0,1518
2023-05-10 21:20:38,ni2305,ni2305,179660.0,0.0,0.0,0.0,6,179300.0,181120.0,6,185110.0,185110.0,185110.0,179500.0,228.0,41385240.0,1518
2023-05-10 21:20:39,ni2305,ni2305,179660.0,0.0,0.0,0.0,6,179300.0,181100.0,12,185110.0,185110.0,185110.0,179500.0,228.0,41385240.0,1518
2023-05-10 21:20:39,ni2305,ni2305,179660.0,0.0,0.0,0.0,6,179300.0,181070.0,6,185110.0,185110.0,185110.0,179500.0,228.0,41385240.0,1518
2023-05-10 21:20:40,ni2305,ni2305,179660.0,0.0,0.0,0.0,6,179300.0,181050.0,12,185110.0,185110.0,185110.0,179500.0,228.0,41385240.0,1518
2023-05-10 21:20:40,ni2305,ni2305,179660.0,0.0,0.0,0.0,6,179300.0,181020.0,6,185110.0,185110.0,185110.0,179500.0,228.0,41385240.0,1518
2023-05-10 21:20:41,ni2305,ni2305,179660.0,0.0,0.0,0.0,6,179300.0,181000.0,12,185110.0,185110.0,185110.0,179500.0,228.0,41385240.0,1518
2023-05-10 21:20:41,ni2305,ni2305,179300.0,6.0,1075800.0,-6.0,6,179200.0,180970.0,6,185110.0,185110.0,185110.0,179300.0,234.0,42461040.0,1512
2023-05-10 21:20:42,ni2305,ni2305,179300.0,0.0,0.0,0.0,6,179200.0,180950.0,12,185110.0,185110.0,185110.0,179300.0,234.0,42461040.0,1512
2023-05-10 21:20:42,ni2305,ni2305,179300.0,0.0,0.0,0.0,6,179200.0,180920.0,6,185110.0,185110.0,185110.0,179300.0,234.0,42461040.0,1512
2023-05-10 21:20:43,ni2305,ni2305,179300.0,0.0,0.0,0.0,6,179200.0,180900.0,12,185110.0,185110.0,185110.0,179300.0,234.0,42461040.0,1512
2023-05-10 21:20:43,ni2305,ni2305,179300.0,0.0,0.0,0.0,6,179200.0,180870.0,6,185110.0,185110.0,185110.0,179300.0,234.0,42461040.0,1512
2023-05-10 21:20:44,ni2305,ni2305,179300.0,0.0,0.0,0.0,6,179200.0,180850.0,12,185110.0,185110.0,185110.0,179300.0,234.0,42461040.0,1512
2023-05-10 21:20:44,ni2305,ni2305,179300.0,0.0,0.0,0.0,6,179200.0,180820.0,6,185110.0,185110.0,185110.0,179300.0,234.0,42461040.0,1512
2023-05-10 21:20:45,ni2305,ni2305,179300.0,0.0,0.0,0.0,6,179200.0,180800.0,12,185110.0,185110.0,185110.0,179300.0,234.0,42461040.0,1512
2023-05-10 21:20:45,ni2305,ni2305,179300.0,0.0,0.0,0.0,6,179200.0,180770.0,6,185110.0,185110.0,185110.0,179300.0,234.0,42461040.0,1512
2023-05-10 21:20:46,ni2305,ni2305,179300.0,0.0,0.0,0.0,6,179200.0,180750.0,12,185110.0,185110.0,185110.0,179300.0,234.0,42461040.0,1512
2023-05-10 21:20:46,ni2305,ni2305,179300.0,0.0,0.0,0.0,6,179200.0,180720.0,6,185110.0,185110.0,185110.0,179300.0,234.0,42461040.0,1512
2023-05-10 21:20:47,ni2305,ni2305,179300.0,0.0,0.0,0.0,6,179200.0,180700.0,6,185110.0,185110.0,185110.0,179300.0,234.0,42461040.0,1512
2023-05-10 21:20:47,ni2305,ni2305,179300.0,0.0,0.0,0.0,6,179200.0,180670.0,6,185110.0,185110.0,185110.0,179300.0,234.0,42461040.0,1512
2023-05-10 21:20:48,ni2305,ni2305,179300.0,0.0,0.0,0.0,6,179200.0,180650.0,6,185110.0,185110.0,185110.0,179300.0,234.0,42461040.0,1512
2023-05-10 21:20:48,ni2305,ni2305,179300.0,0.0,0.0,0.0,6,179200.0,180620.0,6,185110.0,185110.0,185110.0,179300.0,234.0,42461040.0,1512
2023-05-10 21:20:49,ni2305,ni2305,179300.0,0.0,0.0,0.0,6,179200.0,180600.0,6,185110.0,185110.0,185110.0,179300.0,234.0,42461040.0,1512
2023-05-10 21:20:49,ni2305,ni2305,179300.0,0.0,0.0,0.0,6,179200.0,180300.0,6,185110.0,185110.0,185110.0,179300.0,234.0,42461040.0,1512
2023-05-10 21:20:50,ni2305,ni2305,179300.0,0.0,0.0,0.0,6,179200.0,180280.0,6,185110.0,185110.0,185110.0,179300.0,234.0,42461040.0,1512
2023-05-10 21:20:50,ni2305,ni2305,179300.0,0.0,0.0,0.0,6,179200.0,180280.0,6,185110.0,185110.0,185110.0,179300.0,234.0,42461040.0,1512
2023-05-10 21:20:52,ni2305,ni2305,179300.0,0.0,0.0,0.0,6,179200.0,180250.0,6,185110.0,185110.0,185110.0,179300.0,234.0,42461040.0,1512
2023-05-10 21:20:52,ni2305,ni2305,179300.0,0.0,0.0,0.0,6,179200.0,180230.0,6,185110.0,185110.0,185110.0,179300.0,234.0,42461040.0,1512
2023-05-10 21:20:53,ni2305,ni2305,179300.0,0.0,0.0,0.0,6,179200.0,180200.0,6,185110.0,185110.0,185110.0,179300.0,234.0,42461040.0,1512
2023-05-10 21:20:53,ni2305,ni2305,179300.0,0.0,0.0,0.0,6,179200.0,180180.0,6,185110.0,185110.0,185110.0,179300.0,234.0,42461040.0,1512
2023-05-10 21:20:54,ni2305,ni2305,179300.0,0.0,0.0,0.0,6,179200.0,180150.0,6,185110.0,185110.0,185110.0,179300.0,234.0,42461040.0,1512
2023-05-10 21:20:54,ni2305,ni2305,179300.0,0.0,0.0,0.0,6,179200.0,180130.0,6,185110.0,185110.0,185110.0,179300.0,234.0,42461040.0,1512
2023-05-10 21:20:55,ni2305,ni2305,179300.0,0.0,0.0,0.0,6,179200.0,180100.0,6,185110.0,185110.0,185110.0,179300.0,234.0,42461040.0,1512
2023-05-10 21:20:55,ni2305,ni2305,179300.0,0.0,0.0,0.0,6,179200.0,180080.0,6,185110.0,185110.0,185110.0,179300.0,234.0,42461040.0,1512
2023-05-10 21:20:56,ni2305,ni2305,179300.0,0.0,0.0,0.0,6,179200.0,180050.0,6,185110.0,185110.0,185110.0,179300.0,234.0,42461040.0,1512
2023-05-10 21:20:56,ni2305,ni2305,179300.0,0.0,0.0,0.0,6,179200.0,180030.0,6,185110.0,185110.0,185110.0,179300.0,234.0,42461040.0,1512
2023-05-10 21:20:57,ni2305,ni2305,179300.0,0.0,0.0,0.0,6,179200.0,180000.0,6,185110.0,185110.0,185110.0,179300.0,234.0,42461040.0,1512
2023-05-10 21:20:57,ni2305,ni2305,179300.0,0.0,0.0,0.0,6,179200.0,179980.0,6,185110.0,185110.0,185110.0,179300.0,234.0,42461040.0,1512
2023-05-10 21:20:58,ni2305,ni2305,179300.0,0.0,0.0,0.0,6,179200.0,179950.0,6,185110.0,185110.0,185110.0,179300.0,234.0,42461040.0,1512
2023-05-10 21:20:58,ni2305,ni2305,179300.0,0.0,0.0,0.0,6,179200.0,179930.0,6,185110.0,185110.0,185110.0,179300.0,234.0,42461040.0,1512
2023-05-10 21:20:59,ni2305,ni2305,179300.0,0.0,0.0,0.0,6,179200.0,179900.0,6,185110.0,185110.0,185110.0,179300.0,234.0,42461040.0,1512
2023-05-10 21:20:59,ni2305,ni2305,179300.0,0.0,0.0,0.0,6,179200.0,179880.0,6,185110.0,185110.0,185110.0,179300.0,234.0,42461040.0,1512
2023-05-10 21:21:00,ni2305,ni2305,179300.0,0.0,0.0,0.0,6,179200.0,179850.0,6,185110.0,185110.0,185110.0,179300.0,234.0,42461040.0,1512
2023-05-10 21:21:00,ni2305,ni2305,179300.0,0.0,0.0,0.0,6,179200.0,179850.0,6,185110.0,185110.0,185110.0,179300.0,234.0,42461040.0,1512
2023-05-10 21:21:01,ni2305,ni2305,179300.0,0.0,0.0,0.0,6,179200.0,179840.0,6,185110.0,185110.0,185110.0,179300.0,234.0,42461040.0,1512
2023-05-10 21:21:01,ni2305,ni2305,179300.0,0.0,0.0,0.0,6,179200.0,179810.0,6,185110.0,185110.0,185110.0,179300.0,234.0,42461040.0,1512
2023-05-10 21:21:02,ni2305,ni2305,179300.0,0.0,0.0,0.0,6,179200.0,179810.0,6,185110.0,185110.0,185110.0,179300.0,234.0,42461040.0,1512
2023-05-10 21:21:02,ni2305,ni2305,179300.0,0.0,0.0,0.0,6,179200.0,179800.0,6,185110.0,185110.0,185110.0,179300.0,234.0,42461040.0,1512
