time,symbol_id,symbol_name,last,trade_volume,trade_amount,open_interest_change,bv1,bp1,ap1,av1,yesterday_close,today_open,today_high,today_low,volume,amount,open_interest
2023-05-10 20:59:00,ni2310,ni2310,168820.0,0.0,0.0,0.0,1,166000.0,168170.0,1,168820.0,166190.0,0.0,0.0,0.0,0.0,396
2023-05-10 21:00:01,ni2310,ni2310,168820.0,0.0,0.0,0.0,1,166000.0,168170.0,1,168820.0,166190.0,0.0,0.0,0.0,0.0,396
2023-05-10 21:00:01,ni2310,ni2310,168820.0,0.0,0.0,0.0,1,166430.0,168160.0,2,168820.0,166190.0,0.0,0.0,0.0,0.0,396
2023-05-10 21:00:02,ni2310,ni2310,168820.0,0.0,0.0,0.0,1,166430.0,168160.0,1,168820.0,166190.0,0.0,0.0,0.0,0.0,396
2023-05-10 21:00:02,ni2310,ni2310,168820.0,0.0,0.0,0.0,1,166440.0,168150.0,1,168820.0,166190.0,0.0,0.0,0.0,0.0,396
2023-05-10 21:00:03,ni2310,ni2310,168820.0,0.0,0.0,0.0,1,166440.0,168100.0,1,168820.0,166190.0,0.0,0.0,0.0,0.0,396
2023-05-10 21:00:03,ni2310,ni2310,168820.0,0.0,0.0,0.0,4,166450.0,168100.0,1,168820.0,166190.0,0.0,0.0,0.0,0.0,396
2023-05-10 21:00:04,ni2310,ni2310,168820.0,0.0,0.0,0.0,4,166450.0,168070.0,1,168820.0,166190.0,0.0,0.0,0.0,0.0,396
2023-05-10 21:00:04,ni2310,ni2310,168820.0,0.0,0.0,0.0,4,166450.0,168040.0,1,168820.0,166190.0,0.0,0.0,0.0,0.0,396
2023-05-10 21:00:05,ni2310,ni2310,168820.0,0.0,0.0,0.0,1,166460.0,168040.0,1,168820.0,166190.0,0.0,0.0,0.0,0.0,396
2023-05-10 21:00:05,ni2310,ni2310,168820.0,0.0,0.0,0.0,1,166460.0,168040.0,1,168820.0,166190.0,0.0,0.0,0.0,0.0,396
2023-05-10 21:00:06,ni2310,ni2310,168820.0,0.0,0.0,0.0,1,166460.0,168010.0,1,168820.0,166190.0,0.0,0.0,0.0,0.0,396
2023-05-10 21:00:06,ni2310,ni2310,168820.0,0.0,0.0,0.0,1,166460.0,168010.0,1,168820.0,166190.0,0.0,0.0,0.0,0.0,396
2023-05-10 21:00:07,ni2310,ni2310,168820.0,0.0,0.0,0.0,3,166750.0,168150.0,1,168820.0,166190.0,0.0,0.0,0.0,0.0,396
2023-05-10 21:00:07,ni2310,ni2310,168820.0,0.0,0.0,0.0,3,166900.0,168140.0,1,168820.0,166190.0,0.0,0.0,0.0,0.0,396
2023-05-10 21:00:08,ni2310,ni2310,168820.0,0.0,0.0,0.0,2,166470.0,168140.0,1,168820.0,166190.0,0.0,0.0,0.0,0.0,396
2023-05-10 21:00:08,ni2310,ni2310,168820.0,0.0,0.0,0.0,1,166980.0,168130.0,1,168820.0,166190.0,0.0,0.0,0.0,0.0,396
2023-05-10 21:00:09,ni2310,ni2310,168820.0,0.0,0.0,0.0,11,167020.0,168130.0,1,168820.0,166190.0,0.0,0.0,0.0,0.0,396
2023-05-10 21:00:09,ni2310,ni2310,168820.0,0.0,0.0,0.0,1,167100.0,168150.0,1,168820.0,166190.0,0.0,0.0,0.0,0.0,396
2023-05-10 21:00:10,ni2310,ni2310,168820.0,0.0,0.0,0.0,11,167170.0,168150.0,1,168820.0,166190.0,0.0,0.0,0.0,0.0,396
2023-05-10 21:00:10,ni2310,ni2310,168820.0,0.0,0.0,0.0,3,167190.0,168140.0,1,168820.0,166190.0,0.0,0.0,0.0,0.0,396
2023-05-10 21:00:11,ni2310,ni2310,168820.0,0.0,0.0,0.0,13,167220.0,168140.0,2,168820.0,166190.0,0.0,0.0,0.0,0.0,396
2023-05-10 21:00:11,ni2310,ni2310,168820.0,0.0,0.0,0.0,1,166990.0,168040.0,1,168820.0,166190.0,0.0,0.0,0.0,0.0,396
2023-05-10 21:00:12,ni2310,ni2310,168820.0,0.0,0.0,0.0,16,167100.0,168040.0,1,168820.0,166190.0,0.0,0.0,0.0,0.0,396
2023-05-10 21:00:12,ni2310,ni2310,168820.0,0.0,0.0,0.0,16,167100.0,168000.0,1,168820.0,166190.0,0.0,0.0,0.0,0.0,396
2023-05-10 21:00:13,ni2310,ni2310,168820.0,0.0,0.0,0.0,16,167100.0,168030.0,1,168820.0,166190.0,0.0,0.0,0.0,0.0,396
2023-05-10 21:00:13,ni2310,ni2310,168820.0,0.0,0.0,0.0,16,167100.0,168030.0,1,168820.0,166190.0,0.0,0.0,0.0,0.0,396
2023-05-10 21:00:14,ni2310,ni2310,168820.0,0.0,0.0,0.0,1,167190.0,168150.0,1,168820.0,166190.0,0.0,0.0,0.0,0.0,396
2023-05-10 21:00:14,ni2310,ni2310,168820.0,0.0,0.0,0.0,10,167280.0,168150.0,1,168820.0,166190.0,0.0,0.0,0.0,0.0,396
2023-05-10 21:00:15,ni2310,ni2310,168820.0,0.0,0.0,0.0,6,167340.0,168140.0,1,168820.0,166190.0,0.0,0.0,0.0,0.0,396
2023-05-10 21:00:15,ni2310,ni2310,168820.0,0.0,0.0,0.0,10,167360.0,168140.0,1,168820.0,166190.0,0.0,0.0,0.0,0.0,396
2023-05-10 21:00:16,ni2310,ni2310,168820.0,0.0,0.0,0.0,6,167370.0,168140.0,1,168820.0,166190.0,0.0,0.0,0.0,0.0,396
2023-05-10 21:00:16,ni2310,ni2310,168820.0,0.0,0.0,0.0,6,167370.0,168150.0,1,168820.0,166190.0,0.0,0.0,0.0,0.0,396
2023-05-10 21:00:17,ni2310,ni2310,168820.0,0.0,0.0,0.0,6,167370.0,168140.0,1,168820.0,166190.0,0.0,0.0,0.0,0.0,396
2023-05-10 21:00:17,ni2310,ni2310,168820.0,0.0,0.0,0.0,6,167370.0,168140.0,1,168820.0,166190.0,0.0,0.0,0.0,0.0,396
2023-05-10 21:00:19,ni2310,ni2310,168820.0,0.0,0.0,0.0,6,167370.0,168140.0,1,168820.0,166190.0,0.0,0.0,0.0,0.0,396
2023-05-10 21:00:19,ni2310,ni2310,168820.0,0.0,0.0,0.0,6,167370.0,168150.0,1,168820.0,166190.0,0.0,0.0,0.0,0.0,396
2023-05-10 21:00:20,ni2310,ni2310,168820.0,0.0,0.0,0.0,6,167370.0,168150.0,1,168820.0,166190.0,0.0,0.0,0.0,0.0,396
2023-05-10 21:00:20,ni2310,ni2310,168820.0,0.0,0.0,0.0,6,167370.0,170440.0,2,168820.0,166190.0,0.0,0.0,0.0,0.0,396
2023-05-10 21:00:21,ni2310,ni2310,168820.0,0.0,0.0,0.0,6,167370.0,168280.0,1,168820.0,166190.0,0.0,0.0,0.0,0.0,396
2023-05-10 21:00:21,ni2310,ni2310,168820.0,0.0,0.0,0.0,1,167530.0,168240.0,1,168820.0,166190.0,0.0,0.0,0.0,0.0,396
2023-05-10 21:00:22,ni2310,ni2310,168820.0,0.0,0.0,0.0,1,167530.0,168240.0,1,168820.0,166190.0,0.0,0.0,0.0,0.0,396
2023-05-10 21:00:22,ni2310,ni2310,168820.0,0.0,0.0,0.0,1,167460.0,168240.0,1,168820.0,166190.0,0.0,0.0,0.0,0.0,396
2023-05-10 21:00:23,ni2310,ni2310,168820.0,0.0,0.0,0.0,6,167460.0,168240.0,1,168820.0,166190.0,0.0,0.0,0.0,0.0,396
2023-05-10 21:00:23,ni2310,ni2310,168820.0,0.0,0.0,0.0,6,167460.0,168240.0,1,168820.0,166190.0,0.0,0.0,0.0,0.0,396
2023-05-10 21:00:24,ni2310,ni2310,168820.0,0.0,0.0,0.0,3,167370.0,168240.0,1,168820.0,166190.0,0.0,0.0,0.0,0.0,396
2023-05-10 21:00:24,ni2310,ni2310,168820.0,0.0,0.0,0.0,6,167410.0,168230.0,1,168820.0,166190.0,0.0,0.0,0.0,0.0,396
2023-05-10 21:00:25,ni2310,ni2310,168820.0,0.0,0.0,0.0,6,167410.0,168230.0,1,168820.0,166190.0,0.0,0.0,0.0,0.0,396
2023-05-10 21:00:25,ni2310,ni2310,168820.0,0.0,0.0,0.0,1,167450.0,168230.0,1,168820.0,166190.0,0.0,0.0,0.0,0.0,396
2023-05-10 21:00:26,ni2310,ni2310,168820.0,0.0,0.0,0.0,6,167450.0,168230.0,1,168820.0,166190.0,0.0,0.0,0.0,0.0,396
2023-05-10 21:00:27,ni2310,ni2310,168820.0,0.0,0.0,0.0,4,167410.0,168230.0,1,168820.0,166190.0,0.0,0.0,0.0,0.0,396
2023-05-10 21:00:27,ni2310,ni2310,168820.0,0.0,0.0,0.0,6,167420.0,168210.0,6,168820.0,166190.0,0.0,0.0,0.0,0.0,396
2023-05-10 21:00:28,ni2310,ni2310,168820.0,0.0,0.0,0.0,6,167420.0,168210.0,6,168820.0,166190.0,0.0,0.0,0.0,0.0,396
2023-05-10 21:00:28,ni2310,ni2310,168820.0,0.0,0.0,0.0,6,167420.0,168200.0,1,168820.0,166190.0,0.0,0.0,0.0,0.0,396
2023-05-10 21:00:30,ni2310,ni2310,168820.0,0.0,0.0,0.0,6,167420.0,168200.0,1,168820.0,166190.0,0.0,0.0,0.0,0.0,396
2023-05-10 21:00:31,ni2310,ni2310,168820.0,0.0,0.0,0.0,2,167460.0,168240.0,1,168820.0,166190.0,0.0,0.0,0.0,0.0,396
2023-05-10 21:00:31,ni2310,ni2310,168820.0,0.0,0.0,0.0,8,167460.0,168230.0,1,168820.0,166190.0,0.0,0.0,0.0,0.0,396
2023-05-10 21:00:34,ni2310,ni2310,168820.0,0.0,0.0,0.0,2,167460.0,168230.0,1,168820.0,166190.0,0.0,0.0,0.0,0.0,396
2023-05-10 21:00:36,ni2310,ni2310,168820.0,0.0,0.0,0.0,6,167500.0,168200.0,1,168820.0,166190.0,0.0,0.0,0.0,0.0,396
2023-05-10 21:00:36,ni2310,ni2310,168820.0,0.0,0.0,0.0,2,167460.0,168200.0,1,168820.0,166190.0,0.0,0.0,0.0,0.0,396
2023-05-10 21:00:37,ni2310,ni2310,168820.0,0.0,0.0,0.0,2,167550.0,168240.0,1,168820.0,166190.0,0.0,0.0,0.0,0.0,396
2023-05-10 21:00:37,ni2310,ni2310,168820.0,0.0,0.0,0.0,4,167570.0,168240.0,1,168820.0,166190.0,0.0,0.0,0.0,0.0,396
2023-05-10 21:00:38,ni2310,ni2310,168820.0,0.0,0.0,0.0,2,167550.0,168240.0,1,168820.0,166190.0,0.0,0.0,0.0,0.0,396
2023-05-10 21:00:38,ni2310,ni2310,168820.0,0.0,0.0,0.0,2,167520.0,168240.0,1,168820.0,166190.0,0.0,0.0,0.0,0.0,396
2023-05-10 21:00:39,ni2310,ni2310,168820.0,0.0,0.0,0.0,2,167520.0,168230.0,1,168820.0,166190.0,0.0,0.0,0.0,0.0,396
2023-05-10 21:00:39,ni2310,ni2310,168820.0,0.0,0.0,0.0,4,167410.0,168230.0,1,168820.0,166190.0,0.0,0.0,0.0,0.0,396
2023-05-10 21:00:40,ni2310,ni2310,168820.0,0.0,0.0,0.0,2,167550.0,168240.0,1,168820.0,166190.0,0.0,0.0,0.0,0.0,396
2023-05-10 21:00:40,ni2310,ni2310,168820.0,0.0,0.0,0.0,4,167570.0,168240.0,1,168820.0,166190.0,0.0,0.0,0.0,0.0,396
2023-05-10 21:00:41,ni2310,ni2310,168820.0,0.0,0.0,0.0,1,167640.0,168240.0,1,168820.0,166190.0,0.0,0.0,0.0,0.0,396
2023-05-10 21:00:41,ni2310,ni2310,168820.0,0.0,0.0,0.0,1,167670.0,168240.0,1,168820.0,166190.0,0.0,0.0,0.0,0.0,396
2023-05-10 21:00:42,ni2310,ni2310,168820.0,0.0,0.0,0.0,1,167700.0,168240.0,1,168820.0,166190.0,0.0,0.0,0.0,0.0,396
2023-05-10 21:00:43,ni2310,ni2310,168820.0,0.0,0.0,0.0,1,167620.0,168240.0,1,168820.0,166190.0,0.0,0.0,0.0,0.0,396
2023-05-10 21:00:43,ni2310,ni2310,168820.0,0.0,0.0,0.0,4,167410.0,168240.0,1,168820.0,166190.0,0.0,0.0,0.0,0.0,396
2023-05-10 21:00:44,ni2310,ni2310,168820.0,0.0,0.0,0.0,5,167440.0,168240.0,1,168820.0,166190.0,0.0,0.0,0.0,0.0,396
2023-05-10 21:00:46,ni2310,ni2310,168820.0,0.0,0.0,0.0,5,167440.0,168240.0,1,168820.0,166190.0,0.0,0.0,0.0,0.0,396
2023-05-10 21:00:48,ni2310,ni2310,168820.0,0.0,0.0,0.0,5,167440.0,168240.0,1,168820.0,166190.0,0.0,0.0,0.0,0.0,396
2023-05-10 21:00:49,ni2310,ni2310,168820.0,0.0,0.0,0.0,5,167440.0,168240.0,1,168820.0,166190.0,0.0,0.0,0.0,0.0,396
2023-05-10 21:00:50,ni2310,ni2310,168820.0,0.0,0.0,0.0,2,167490.0,168240.0,1,168820.0,166190.0,0.0,0.0,0.0,0.0,396
2023-05-10 21:00:50,ni2310,ni2310,168820.0,0.0,0.0,0.0,5,167510.0,168240.0,1,168820.0,166190.0,0.0,0.0,0.0,0.0,396
2023-05-10 21:00:51,ni2310,ni2310,168820.0,0.0,0.0,0.0,1,167540.0,168240.0,1,168820.0,166190.0,0.0,0.0,0.0,0.0,396
2023-05-10 21:00:51,ni2310,ni2310,168820.0,0.0,0.0,0.0,1,167570.0,168240.0,1,168820.0,166190.0,0.0,0.0,0.0,0.0,396
2023-05-10 21:00:52,ni2310,ni2310,168820.0,0.0,0.0,0.0,5,167620.0,168240.0,1,168820.0,166190.0,0.0,0.0,0.0,0.0,396
2023-05-10 21:00:52,ni2310,ni2310,168820.0,0.0,0.0,0.0,2,167610.0,168240.0,1,168820.0,166190.0,0.0,0.0,0.0,0.0,396
2023-05-10 21:00:53,ni2310,ni2310,168820.0,0.0,0.0,0.0,5,167680.0,168240.0,1,168820.0,166190.0,0.0,0.0,0.0,0.0,396
2023-05-10 21:00:54,ni2310,ni2310,168820.0,0.0,0.0,0.0,1,167720.0,168240.0,1,168820.0,166190.0,0.0,0.0,0.0,0.0,396
2023-05-10 21:00:54,ni2310,ni2310,168820.0,0.0,0.0,0.0,4,167410.0,168240.0,1,168820.0,166190.0,0.0,0.0,0.0,0.0,396
2023-05-10 21:00:56,ni2310,ni2310,168820.0,0.0,0.0,0.0,5,167500.0,168240.0,1,168820.0,166190.0,0.0,0.0,0.0,0.0,396
2023-05-10 21:00:57,ni2310,ni2310,168820.0,0.0,0.0,0.0,1,167600.0,168240.0,1,168820.0,166190.0,0.0,0.0,0.0,0.0,396
2023-05-10 21:00:57,ni2310,ni2310,168820.0,0.0,0.0,0.0,1,167630.0,168240.0,1,168820.0,166190.0,0.0,0.0,0.0,0.0,396
2023-05-10 21:00:58,ni2310,ni2310,168820.0,0.0,0.0,0.0,2,167530.0,168240.0,1,168820.0,166190.0,0.0,0.0,0.0,0.0,396
2023-05-10 21:00:59,ni2310,ni2310,168820.0,0.0,0.0,0.0,6,167570.0,168240.0,1,168820.0,166190.0,0.0,0.0,0.0,0.0,396
2023-05-10 21:00:59,ni2310,ni2310,168820.0,0.0,0.0,0.0,1,166470.0,168240.0,1,168820.0,166190.0,0.0,0.0,0.0,0.0,396
2023-05-10 21:01:00,ni2310,ni2310,168820.0,0.0,0.0,0.0,6,167020.0,168180.0,1,168820.0,166190.0,0.0,0.0,0.0,0.0,396
2023-05-10 21:01:00,ni2310,ni2310,168820.0,0.0,0.0,0.0,1,167480.0,168170.0,1,168820.0,166190.0,0.0,0.0,0.0,0.0,396
2023-05-10 21:01:01,ni2310,ni2310,168820.0,0.0,0.0,0.0,6,167510.0,168170.0,1,168820.0,166190.0,0.0,0.0,0.0,0.0,396
2023-05-10 21:01:02,ni2310,ni2310,168820.0,0.0,0.0,0.0,1,167520.0,168230.0,2,168820.0,166190.0,0.0,0.0,0.0,0.0,396
2023-05-10 21:01:02,ni2310,ni2310,168820.0,0.0,0.0,0.0,1,167520.0,168230.0,2,168820.0,166190.0,0.0,0.0,0.0,0.0,396
2023-05-10 21:01:03,ni2310,ni2310,168820.0,0.0,0.0,0.0,1,167550.0,168220.0,1,168820.0,166190.0,0.0,0.0,0.0,0.0,396
2023-05-10 21:01:04,ni2310,ni2310,168820.0,0.0,0.0,0.0,1,167520.0,168220.0,1,168820.0,166190.0,0.0,0.0,0.0,0.0,396
2023-05-10 21:01:04,ni2310,ni2310,168820.0,0.0,0.0,0.0,1,166470.0,168220.0,1,168820.0,166190.0,0.0,0.0,0.0,0.0,396
2023-05-10 21:01:05,ni2310,ni2310,168820.0,0.0,0.0,0.0,1,167050.0,168150.0,1,168820.0,166190.0,0.0,0.0,0.0,0.0,396
2023-05-10 21:01:05,ni2310,ni2310,168820.0,0.0,0.0,0.0,6,167250.0,168150.0,1,168820.0,166190.0,0.0,0.0,0.0,0.0,396
2023-05-10 21:01:06,ni2310,ni2310,168820.0,0.0,0.0,0.0,1,167260.0,168150.0,1,168820.0,166190.0,0.0,0.0,0.0,0.0,396
2023-05-10 21:01:07,ni2310,ni2310,168820.0,0.0,0.0,0.0,2,167310.0,168150.0,1,168820.0,166190.0,0.0,0.0,0.0,0.0,396
2023-05-10 21:01:08,ni2310,ni2310,168820.0,0.0,0.0,0.0,6,167380.0,168150.0,1,168820.0,166190.0,0.0,0.0,0.0,0.0,396
2023-05-10 21:01:08,ni2310,ni2310,168820.0,0.0,0.0,0.0,6,167380.0,168150.0,1,168820.0,166190.0,0.0,0.0,0.0,0.0,396
2023-05-10 21:01:09,ni2310,ni2310,168820.0,0.0,0.0,0.0,6,167380.0,168150.0,1,168820.0,166190.0,0.0,0.0,0.0,0.0,396
2023-05-10 21:01:09,ni2310,ni2310,168820.0,0.0,0.0,0.0,1,166470.0,168150.0,1,168820.0,166190.0,0.0,0.0,0.0,0.0,396
2023-05-10 21:01:10,ni2310,ni2310,168820.0,0.0,0.0,0.0,6,166870.0,168140.0,1,168820.0,166190.0,0.0,0.0,0.0,0.0,396
2023-05-10 21:01:10,ni2310,ni2310,168820.0,0.0,0.0,0.0,6,166870.0,168140.0,1,168820.0,166190.0,0.0,0.0,0.0,0.0,396
2023-05-10 21:01:11,ni2310,ni2310,168820.0,0.0,0.0,0.0,1,166880.0,168010.0,1,168820.0,166190.0,0.0,0.0,0.0,0.0,396
2023-05-10 21:01:11,ni2310,ni2310,168820.0,0.0,0.0,0.0,1,166880.0,168010.0,1,168820.0,166190.0,0.0,0.0,0.0,0.0,396
2023-05-10 21:01:12,ni2310,ni2310,168820.0,0.0,0.0,0.0,1,166880.0,168010.0,1,168820.0,166190.0,0.0,0.0,0.0,0.0,396
2023-05-10 21:01:12,ni2310,ni2310,168820.0,0.0,0.0,0.0,1,166880.0,168010.0,1,168820.0,166190.0,0.0,0.0,0.0,0.0,396
2023-05-10 21:01:13,ni2310,ni2310,168820.0,0.0,0.0,0.0,3,166880.0,167940.0,1,168820.0,166190.0,0.0,0.0,0.0,0.0,396
2023-05-10 21:01:13,ni2310,ni2310,168820.0,0.0,0.0,0.0,3,166880.0,167930.0,1,168820.0,166190.0,0.0,0.0,0.0,0.0,396
2023-05-10 21:01:14,ni2310,ni2310,168820.0,0.0,0.0,0.0,3,166880.0,167930.0,1,168820.0,166190.0,0.0,0.0,0.0,0.0,396
2023-05-10 21:01:14,ni2310,ni2310,168820.0,0.0,0.0,0.0,1,167050.0,167930.0,1,168820.0,166190.0,0.0,0.0,0.0,0.0,396
2023-05-10 21:01:15,ni2310,ni2310,168820.0,0.0,0.0,0.0,2,166880.0,167930.0,1,168820.0,166190.0,0.0,0.0,0.0,0.0,396
2023-05-10 21:01:15,ni2310,ni2310,168820.0,0.0,0.0,0.0,4,166450.0,167920.0,2,168820.0,166190.0,0.0,0.0,0.0,0.0,396
2023-05-10 21:01:16,ni2310,ni2310,168820.0,0.0,0.0,0.0,1,166940.0,167750.0,1,168820.0,166190.0,0.0,0.0,0.0,0.0,396
2023-05-10 21:01:16,ni2310,ni2310,168820.0,0.0,0.0,0.0,4,166450.0,167890.0,2,168820.0,166190.0,0.0,0.0,0.0,0.0,396
2023-05-10 21:01:17,ni2310,ni2310,168820.0,0.0,0.0,0.0,6,166730.0,167690.0,1,168820.0,166190.0,0.0,0.0,0.0,0.0,396
2023-05-10 21:01:17,ni2310,ni2310,168820.0,0.0,0.0,0.0,1,166740.0,167910.0,1,168820.0,166190.0,0.0,0.0,0.0,0.0,396
2023-05-10 21:01:18,ni2310,ni2310,168820.0,0.0,0.0,0.0,1,166740.0,167530.0,1,168820.0,166190.0,0.0,0.0,0.0,0.0,396
2023-05-10 21:01:18,ni2310,ni2310,168820.0,0.0,0.0,0.0,1,166740.0,167900.0,1,168820.0,166190.0,0.0,0.0,0.0,0.0,396
2023-05-10 21:01:19,ni2310,ni2310,168820.0,0.0,0.0,0.0,6,166840.0,167610.0,1,168820.0,166190.0,0.0,0.0,0.0,0.0,396
2023-05-10 21:01:19,ni2310,ni2310,168820.0,0.0,0.0,0.0,6,166840.0,167760.0,1,168820.0,166190.0,0.0,0.0,0.0,0.0,396
2023-05-10 21:01:20,ni2310,ni2310,168820.0,0.0,0.0,0.0,6,166840.0,167550.0,1,168820.0,166190.0,0.0,0.0,0.0,0.0,396
2023-05-10 21:01:20,ni2310,ni2310,168820.0,0.0,0.0,0.0,6,166840.0,167750.0,1,168820.0,166190.0,0.0,0.0,0.0,0.0,396
2023-05-10 21:01:21,ni2310,ni2310,168820.0,0.0,0.0,0.0,6,166840.0,167460.0,1,168820.0,166190.0,0.0,0.0,0.0,0.0,396
2023-05-10 21:01:21,ni2310,ni2310,168820.0,0.0,0.0,0.0,4,166450.0,167730.0,1,168820.0,166190.0,0.0,0.0,0.0,0.0,396
2023-05-10 21:01:22,ni2310,ni2310,168820.0,0.0,0.0,0.0,1,166830.0,167450.0,1,168820.0,166190.0,0.0,0.0,0.0,0.0,396
2023-05-10 21:01:22,ni2310,ni2310,168820.0,0.0,0.0,0.0,6,166620.0,167450.0,1,168820.0,166190.0,0.0,0.0,0.0,0.0,396
2023-05-10 21:01:23,ni2310,ni2310,168820.0,0.0,0.0,0.0,6,166620.0,167450.0,1,168820.0,166190.0,0.0,0.0,0.0,0.0,396
2023-05-10 21:01:23,ni2310,ni2310,168820.0,0.0,0.0,0.0,1,166630.0,167700.0,1,168820.0,166190.0,0.0,0.0,0.0,0.0,396
2023-05-10 21:01:24,ni2310,ni2310,168820.0,0.0,0.0,0.0,1,166690.0,167590.0,1,168820.0,166190.0,0.0,0.0,0.0,0.0,396
2023-05-10 21:01:24,ni2310,ni2310,168820.0,0.0,0.0,0.0,6,166800.0,167580.0,1,168820.0,166190.0,0.0,0.0,0.0,0.0,396
2023-05-10 21:01:25,ni2310,ni2310,168820.0,0.0,0.0,0.0,6,166800.0,167670.0,1,168820.0,166190.0,0.0,0.0,0.0,0.0,396
2023-05-10 21:01:25,ni2310,ni2310,168820.0,0.0,0.0,0.0,6,166800.0,167580.0,1,168820.0,166190.0,0.0,0.0,0.0,0.0,396
2023-05-10 21:01:26,ni2310,ni2310,168820.0,0.0,0.0,0.0,4,166450.0,167570.0,1,168820.0,166190.0,0.0,0.0,0.0,0.0,396
2023-05-10 21:01:26,ni2310,ni2310,168820.0,0.0,0.0,0.0,4,166450.0,167510.0,1,168820.0,166190.0,0.0,0.0,0.0,0.0,396
2023-05-10 21:01:27,ni2310,ni2310,168820.0,0.0,0.0,0.0,6,166570.0,167510.0,2,168820.0,166190.0,0.0,0.0,0.0,0.0,396
2023-05-10 21:01:27,ni2310,ni2310,168820.0,0.0,0.0,0.0,6,166570.0,167510.0,2,168820.0,166190.0,0.0,0.0,0.0,0.0,396
2023-05-10 21:01:28,ni2310,ni2310,168820.0,0.0,0.0,0.0,7,166570.0,167510.0,2,168820.0,166190.0,0.0,0.0,0.0,0.0,396
2023-05-10 21:01:30,ni2310,ni2310,168820.0,0.0,0.0,0.0,7,166570.0,167470.0,2,168820.0,166190.0,0.0,0.0,0.0,0.0,396
2023-05-10 21:01:30,ni2310,ni2310,168820.0,0.0,0.0,0.0,7,166570.0,167470.0,2,168820.0,166190.0,0.0,0.0,0.0,0.0,396
2023-05-10 21:01:31,ni2310,ni2310,168820.0,0.0,0.0,0.0,1,166680.0,167470.0,2,168820.0,166190.0,0.0,0.0,0.0,0.0,396
2023-05-10 21:01:31,ni2310,ni2310,168820.0,0.0,0.0,0.0,4,166730.0,167470.0,3,168820.0,166190.0,0.0,0.0,0.0,0.0,396
2023-05-10 21:01:32,ni2310,ni2310,168820.0,0.0,0.0,0.0,1,166760.0,167470.0,3,168820.0,166190.0,0.0,0.0,0.0,0.0,396
2023-05-10 21:01:32,ni2310,ni2310,168820.0,0.0,0.0,0.0,4,166800.0,167470.0,3,168820.0,166190.0,0.0,0.0,0.0,0.0,396
2023-05-10 21:01:33,ni2310,ni2310,168820.0,0.0,0.0,0.0,2,166780.0,167470.0,3,168820.0,166190.0,0.0,0.0,0.0,0.0,396
2023-05-10 21:01:33,ni2310,ni2310,168820.0,0.0,0.0,0.0,5,166780.0,167470.0,3,168820.0,166190.0,0.0,0.0,0.0,0.0,396
2023-05-10 21:01:35,ni2310,ni2310,168820.0,0.0,0.0,0.0,4,166570.0,167470.0,3,168820.0,166190.0,0.0,0.0,0.0,0.0,396
2023-05-10 21:01:35,ni2310,ni2310,168820.0,0.0,0.0,0.0,5,166630.0,167390.0,1,168820.0,166190.0,0.0,0.0,0.0,0.0,396
2023-05-10 21:01:36,ni2310,ni2310,168820.0,0.0,0.0,0.0,5,166630.0,167380.0,2,168820.0,166190.0,0.0,0.0,0.0,0.0,396
2023-05-10 21:01:36,ni2310,ni2310,168820.0,0.0,0.0,0.0,4,166570.0,167350.0,2,168820.0,166190.0,0.0,0.0,0.0,0.0,396
2023-05-10 21:01:37,ni2310,ni2310,168820.0,0.0,0.0,0.0,5,166600.0,167330.0,1,168820.0,166190.0,0.0,0.0,0.0,0.0,396
2023-05-10 21:01:37,ni2310,ni2310,168820.0,0.0,0.0,0.0,5,166600.0,167330.0,1,168820.0,166190.0,0.0,0.0,0.0,0.0,396
2023-05-10 21:01:38,ni2310,ni2310,168820.0,0.0,0.0,0.0,5,166600.0,167330.0,1,168820.0,166190.0,0.0,0.0,0.0,0.0,396
2023-05-10 21:01:39,ni2310,ni2310,168820.0,0.0,0.0,0.0,5,166600.0,167310.0,2,168820.0,166190.0,0.0,0.0,0.0,0.0,396
2023-05-10 21:01:39,ni2310,ni2310,168820.0,0.0,0.0,0.0,5,166600.0,167300.0,1,168820.0,166190.0,0.0,0.0,0.0,0.0,396
2023-05-10 21:01:40,ni2310,ni2310,168820.0,0.0,0.0,0.0,5,166600.0,167280.0,1,168820.0,166190.0,0.0,0.0,0.0,0.0,396
2023-05-10 21:01:41,ni2310,ni2310,168820.0,0.0,0.0,0.0,3,166450.0,167010.0,1,168820.0,166190.0,0.0,0.0,0.0,0.0,396
2023-05-10 21:01:41,ni2310,ni2310,168820.0,0.0,0.0,0.0,1,165940.0,167000.0,1,168820.0,166190.0,0.0,0.0,0.0,0.0,396
2023-05-10 21:01:42,ni2310,ni2310,168820.0,0.0,0.0,0.0,1,166220.0,166930.0,1,168820.0,166190.0,0.0,0.0,0.0,0.0,396
2023-05-10 21:01:42,ni2310,ni2310,168820.0,0.0,0.0,0.0,5,166290.0,166930.0,1,168820.0,166190.0,0.0,0.0,0.0,0.0,396
2023-05-10 21:01:43,ni2310,ni2310,168820.0,0.0,0.0,0.0,5,166290.0,166930.0,1,168820.0,166190.0,0.0,0.0,0.0,0.0,396
2023-05-10 21:01:43,ni2310,ni2310,168820.0,0.0,0.0,0.0,1,166330.0,166930.0,1,168820.0,166190.0,0.0,0.0,0.0,0.0,396
2023-05-10 21:01:44,ni2310,ni2310,168820.0,0.0,0.0,0.0,5,166480.0,166930.0,1,168820.0,166190.0,0.0,0.0,0.0,0.0,396
2023-05-10 21:01:44,ni2310,ni2310,168820.0,0.0,0.0,0.0,5,166480.0,166930.0,1,168820.0,166190.0,0.0,0.0,0.0,0.0,396
2023-05-10 21:01:45,ni2310,ni2310,168820.0,0.0,0.0,0.0,2,166300.0,166930.0,1,168820.0,166190.0,0.0,0.0,0.0,0.0,396
2023-05-10 21:01:46,ni2310,ni2310,168820.0,0.0,0.0,0.0,1,166380.0,166930.0,1,168820.0,166190.0,0.0,0.0,0.0,0.0,396
2023-05-10 21:01:46,ni2310,ni2310,168820.0,0.0,0.0,0.0,4,166400.0,166930.0,1,168820.0,166190.0,0.0,0.0,0.0,0.0,396
2023-05-10 21:01:47,ni2310,ni2310,168820.0,0.0,0.0,0.0,1,166380.0,166930.0,1,168820.0,166190.0,0.0,0.0,0.0,0.0,396
2023-05-10 21:01:47,ni2310,ni2310,168820.0,0.0,0.0,0.0,3,166460.0,166930.0,1,168820.0,166190.0,0.0,0.0,0.0,0.0,396
2023-05-10 21:01:48,ni2310,ni2310,168820.0,0.0,0.0,0.0,2,166300.0,166930.0,1,168820.0,166190.0,0.0,0.0,0.0,0.0,396
2023-05-10 21:01:48,ni2310,ni2310,168820.0,0.0,0.0,0.0,1,166470.0,166930.0,1,168820.0,166190.0,0.0,0.0,0.0,0.0,396
2023-05-10 21:01:49,ni2310,ni2310,168820.0,0.0,0.0,0.0,1,166470.0,166930.0,1,168820.0,166190.0,0.0,0.0,0.0,0.0,396
2023-05-10 21:01:49,ni2310,ni2310,168820.0,0.0,0.0,0.0,6,166510.0,166930.0,1,168820.0,166190.0,0.0,0.0,0.0,0.0,396
2023-05-10 21:01:50,ni2310,ni2310,168820.0,0.0,0.0,0.0,2,166360.0,166930.0,1,168820.0,166190.0,0.0,0.0,0.0,0.0,396
2023-05-10 21:01:50,ni2310,ni2310,168820.0,0.0,0.0,0.0,6,166400.0,166930.0,1,168820.0,166190.0,0.0,0.0,0.0,0.0,396
2023-05-10 21:01:51,ni2310,ni2310,168820.0,0.0,0.0,0.0,6,166400.0,166930.0,1,168820.0,166190.0,0.0,0.0,0.0,0.0,396
2023-05-10 21:01:53,ni2310,ni2310,168820.0,0.0,0.0,0.0,6,166400.0,166930.0,1,168820.0,166190.0,0.0,0.0,0.0,0.0,396
2023-05-10 21:01:54,ni2310,ni2310,168820.0,0.0,0.0,0.0,6,166400.0,166930.0,1,168820.0,166190.0,0.0,0.0,0.0,0.0,396
2023-05-10 21:01:56,ni2310,ni2310,168820.0,0.0,0.0,0.0,1,166370.0,166930.0,1,168820.0,166190.0,0.0,0.0,0.0,0.0,396
2023-05-10 21:01:57,ni2310,ni2310,168820.0,0.0,0.0,0.0,3,165950.0,166920.0,1,168820.0,166190.0,0.0,0.0,0.0,0.0,396
2023-05-10 21:01:57,ni2310,ni2310,168820.0,0.0,0.0,0.0,1,166370.0,168240.0,1,168820.0,166190.0,0.0,0.0,0.0,0.0,396
2023-05-10 21:01:58,ni2310,ni2310,168820.0,0.0,0.0,0.0,1,166370.0,167040.0,1,168820.0,166190.0,0.0,0.0,0.0,0.0,396
2023-05-10 21:01:58,ni2310,ni2310,168820.0,0.0,0.0,0.0,1,166070.0,167030.0,1,168820.0,166190.0,0.0,0.0,0.0,0.0,396
2023-05-10 21:01:59,ni2310,ni2310,168820.0,0.0,0.0,0.0,6,166160.0,167020.0,1,168820.0,166190.0,0.0,0.0,0.0,0.0,396
2023-05-10 21:01:59,ni2310,ni2310,168820.0,0.0,0.0,0.0,1,166170.0,167010.0,1,168820.0,166190.0,0.0,0.0,0.0,0.0,396
2023-05-10 21:02:00,ni2310,ni2310,168820.0,0.0,0.0,0.0,1,166170.0,167000.0,2,168820.0,166190.0,0.0,0.0,0.0,0.0,396
2023-05-10 21:02:00,ni2310,ni2310,168820.0,0.0,0.0,0.0,1,166170.0,166990.0,1,168820.0,166190.0,0.0,0.0,0.0,0.0,396
2023-05-10 21:02:01,ni2310,ni2310,168820.0,0.0,0.0,0.0,1,166170.0,166970.0,1,168820.0,166190.0,0.0,0.0,0.0,0.0,396
2023-05-10 21:02:01,ni2310,ni2310,168820.0,0.0,0.0,0.0,1,166180.0,166950.0,1,168820.0,166190.0,0.0,0.0,0.0,0.0,396
2023-05-10 21:02:02,ni2310,ni2310,168820.0,0.0,0.0,0.0,2,166180.0,166940.0,1,168820.0,166190.0,0.0,0.0,0.0,0.0,396
2023-05-10 21:02:02,ni2310,ni2310,168820.0,0.0,0.0,0.0,2,166180.0,166920.0,1,168820.0,166190.0,0.0,0.0,0.0,0.0,396
2023-05-10 21:02:03,ni2310,ni2310,168820.0,0.0,0.0,0.0,1,166180.0,166910.0,1,168820.0,166190.0,0.0,0.0,0.0,0.0,396
2023-05-10 21:02:03,ni2310,ni2310,168820.0,0.0,0.0,0.0,1,166190.0,166900.0,2,168820.0,166190.0,0.0,0.0,0.0,0.0,396
2023-05-10 21:02:04,ni2310,ni2310,168820.0,0.0,0.0,0.0,1,166190.0,166890.0,1,168820.0,166190.0,0.0,0.0,0.0,0.0,396
2023-05-10 21:02:04,ni2310,ni2310,168820.0,0.0,0.0,0.0,1,166190.0,166860.0,1,168820.0,166190.0,0.0,0.0,0.0,0.0,396
2023-05-10 21:02:05,ni2310,ni2310,168820.0,0.0,0.0,0.0,1,166190.0,166850.0,1,168820.0,166190.0,0.0,0.0,0.0,0.0,396
2023-05-10 21:02:05,ni2310,ni2310,166190.0,1.0,166190.0,0.0,1,166190.0,166840.0,1,168820.0,166190.0,166190.0,166190.0,1.0,166190.0,396
2023-05-10 21:02:06,ni2310,ni2310,166190.0,0.0,0.0,0.0,1,166190.0,166600.0,3,168820.0,166190.0,166190.0,166190.0,1.0,166190.0,396
2023-05-10 21:02:06,ni2310,ni2310,166190.0,0.0,0.0,0.0,1,166190.0,166600.0,3,168820.0,166190.0,166190.0,166190.0,1.0,166190.0,396
2023-05-10 21:02:07,ni2310,ni2310,166190.0,0.0,0.0,0.0,1,166190.0,166600.0,3,168820.0,166190.0,166190.0,166190.0,1.0,166190.0,396
2023-05-10 21:02:07,ni2310,ni2310,166190.0,1.0,166190.0,1.0,1,165770.0,166590.0,1,168820.0,166190.0,166190.0,166190.0,2.0,332380.0,397
2023-05-10 21:02:08,ni2310,ni2310,166190.0,0.0,0.0,0.0,6,165870.0,166550.0,1,168820.0,166190.0,166190.0,166190.0,2.0,332380.0,397
2023-05-10 21:02:08,ni2310,ni2310,166190.0,0.0,0.0,0.0,6,165870.0,166540.0,1,168820.0,166190.0,166190.0,166190.0,2.0,332380.0,397
2023-05-10 21:02:09,ni2310,ni2310,166190.0,0.0,0.0,0.0,6,165870.0,166470.0,1,168820.0,166190.0,166190.0,166190.0,2.0,332380.0,397
2023-05-10 21:02:09,ni2310,ni2310,166190.0,0.0,0.0,0.0,1,165570.0,166530.0,1,168820.0,166190.0,166190.0,166190.0,2.0,332380.0,397
2023-05-10 21:02:10,ni2310,ni2310,166190.0,0.0,0.0,0.0,6,165720.0,166450.0,2,168820.0,166190.0,166190.0,166190.0,2.0,332380.0,397
2023-05-10 21:02:10,ni2310,ni2310,166190.0,0.0,0.0,0.0,6,165720.0,166450.0,1,168820.0,166190.0,166190.0,166190.0,2.0,332380.0,397
2023-05-10 21:02:11,ni2310,ni2310,166190.0,0.0,0.0,0.0,1,165730.0,166450.0,1,168820.0,166190.0,166190.0,166190.0,2.0,332380.0,397
2023-05-10 21:02:12,ni2310,ni2310,166190.0,0.0,0.0,0.0,1,165740.0,166840.0,1,168820.0,166190.0,166190.0,166190.0,2.0,332380.0,397
2023-05-10 21:02:12,ni2310,ni2310,166190.0,0.0,0.0,0.0,6,165980.0,166320.0,3,168820.0,166190.0,166190.0,166190.0,2.0,332380.0,397
2023-05-10 21:02:13,ni2310,ni2310,166190.0,0.0,0.0,0.0,1,165740.0,166840.0,1,168820.0,166190.0,166190.0,166190.0,2.0,332380.0,397
2023-05-10 21:02:13,ni2310,ni2310,166190.0,0.0,0.0,0.0,2,165990.0,166280.0,3,168820.0,166190.0,166190.0,166190.0,2.0,332380.0,397
2023-05-10 21:02:14,ni2310,ni2310,166190.0,0.0,0.0,0.0,4,165870.0,166280.0,3,168820.0,166190.0,166190.0,166190.0,2.0,332380.0,397
2023-05-10 21:02:14,ni2310,ni2310,166190.0,0.0,0.0,0.0,1,165740.0,166280.0,3,168820.0,166190.0,166190.0,166190.0,2.0,332380.0,397
2023-05-10 21:02:15,ni2310,ni2310,166190.0,0.0,0.0,0.0,6,165800.0,166280.0,3,168820.0,166190.0,166190.0,166190.0,2.0,332380.0,397
2023-05-10 21:02:15,ni2310,ni2310,166190.0,0.0,0.0,0.0,6,165800.0,166710.0,1,168820.0,166190.0,166190.0,166190.0,2.0,332380.0,397
2023-05-10 21:02:16,ni2310,ni2310,166190.0,0.0,0.0,0.0,1,165810.0,166520.0,3,168820.0,166190.0,166190.0,166190.0,2.0,332380.0,397
2023-05-10 21:02:16,ni2310,ni2310,166190.0,0.0,0.0,0.0,6,165800.0,166520.0,3,168820.0,166190.0,166190.0,166190.0,2.0,332380.0,397
2023-05-10 21:02:17,ni2310,ni2310,166190.0,0.0,0.0,0.0,6,165800.0,166520.0,3,168820.0,166190.0,166190.0,166190.0,2.0,332380.0,397
2023-05-10 21:02:17,ni2310,ni2310,166190.0,0.0,0.0,0.0,1,165840.0,166520.0,3,168820.0,166190.0,166190.0,166190.0,2.0,332380.0,397
2023-05-10 21:02:18,ni2310,ni2310,166520.0,1.0,166520.0,0.0,6,165890.0,166520.0,2,168820.0,166190.0,166520.0,166190.0,3.0,498900.0,397
2023-05-10 21:02:18,ni2310,ni2310,166520.0,0.0,0.0,0.0,6,165890.0,166520.0,4,168820.0,166190.0,166520.0,166190.0,3.0,498900.0,397
2023-05-10 21:02:19,ni2310,ni2310,166520.0,0.0,0.0,0.0,6,165890.0,166510.0,1,168820.0,166190.0,166520.0,166190.0,3.0,498900.0,397
2023-05-10 21:02:19,ni2310,ni2310,166520.0,0.0,0.0,0.0,1,165900.0,166510.0,1,168820.0,166190.0,166520.0,166190.0,3.0,498900.0,397
2023-05-10 21:02:20,ni2310,ni2310,166520.0,0.0,0.0,0.0,1,165930.0,166480.0,2,168820.0,166190.0,166520.0,166190.0,3.0,498900.0,397
2023-05-10 21:02:20,ni2310,ni2310,166520.0,0.0,0.0,0.0,4,165950.0,166480.0,2,168820.0,166190.0,166520.0,166190.0,3.0,498900.0,397
2023-05-10 21:02:21,ni2310,ni2310,166520.0,0.0,0.0,0.0,1,165990.0,166480.0,2,168820.0,166190.0,166520.0,166190.0,3.0,498900.0,397
2023-05-10 21:02:21,ni2310,ni2310,166520.0,0.0,0.0,0.0,1,166030.0,166480.0,2,168820.0,166190.0,166520.0,166190.0,3.0,498900.0,397
2023-05-10 21:02:22,ni2310,ni2310,166520.0,0.0,0.0,0.0,1,166030.0,166480.0,2,168820.0,166190.0,166520.0,166190.0,3.0,498900.0,397
2023-05-10 21:02:22,ni2310,ni2310,166520.0,0.0,0.0,0.0,1,166030.0,166480.0,2,168820.0,166190.0,166520.0,166190.0,3.0,498900.0,397
2023-05-10 21:02:23,ni2310,ni2310,166520.0,0.0,0.0,0.0,4,165580.0,166470.0,1,168820.0,166190.0,166520.0,166190.0,3.0,498900.0,397
2023-05-10 21:02:23,ni2310,ni2310,166520.0,0.0,0.0,0.0,1,165770.0,166470.0,1,168820.0,166190.0,166520.0,166190.0,3.0,498900.0,397
2023-05-10 21:02:24,ni2310,ni2310,166520.0,0.0,0.0,0.0,5,165840.0,166520.0,2,168820.0,166190.0,166520.0,166190.0,3.0,498900.0,397
2023-05-10 21:02:24,ni2310,ni2310,166520.0,0.0,0.0,0.0,2,165860.0,166520.0,2,168820.0,166190.0,166520.0,166190.0,3.0,498900.0,397
2023-05-10 21:02:25,ni2310,ni2310,166520.0,0.0,0.0,0.0,5,165890.0,166510.0,1,168820.0,166190.0,166520.0,166190.0,3.0,498900.0,397
2023-05-10 21:02:25,ni2310,ni2310,166520.0,0.0,0.0,0.0,5,165890.0,166490.0,1,168820.0,166190.0,166520.0,166190.0,3.0,498900.0,397
2023-05-10 21:02:26,ni2310,ni2310,166520.0,0.0,0.0,0.0,5,165890.0,166330.0,2,168820.0,166190.0,166520.0,166190.0,3.0,498900.0,397
2023-05-10 21:02:26,ni2310,ni2310,166520.0,0.0,0.0,0.0,2,165860.0,166330.0,2,168820.0,166190.0,166520.0,166190.0,3.0,498900.0,397
2023-05-10 21:02:27,ni2310,ni2310,166520.0,0.0,0.0,0.0,2,165860.0,166490.0,1,168820.0,166190.0,166520.0,166190.0,3.0,498900.0,397
2023-05-10 21:02:27,ni2310,ni2310,166520.0,0.0,0.0,0.0,4,165580.0,166350.0,2,168820.0,166190.0,166520.0,166190.0,3.0,498900.0,397
2023-05-10 21:02:28,ni2310,ni2310,166520.0,0.0,0.0,0.0,1,165750.0,166350.0,2,168820.0,166190.0,166520.0,166190.0,3.0,498900.0,397
2023-05-10 21:02:28,ni2310,ni2310,166520.0,0.0,0.0,0.0,5,165850.0,166350.0,2,168820.0,166190.0,166520.0,166190.0,3.0,498900.0,397
2023-05-10 21:02:29,ni2310,ni2310,166520.0,0.0,0.0,0.0,5,165850.0,166340.0,2,168820.0,166190.0,166520.0,166190.0,3.0,498900.0,397
2023-05-10 21:02:29,ni2310,ni2310,166520.0,0.0,0.0,0.0,5,165850.0,166340.0,2,168820.0,166190.0,166520.0,166190.0,3.0,498900.0,397
2023-05-10 21:02:30,ni2310,ni2310,166520.0,0.0,0.0,0.0,1,165910.0,166330.0,1,168820.0,166190.0,166520.0,166190.0,3.0,498900.0,397
2023-05-10 21:02:31,ni2310,ni2310,166520.0,0.0,0.0,0.0,5,165980.0,166340.0,2,168820.0,166190.0,166520.0,166190.0,3.0,498900.0,397
2023-05-10 21:02:31,ni2310,ni2310,166520.0,0.0,0.0,0.0,1,165980.0,166340.0,2,168820.0,166190.0,166520.0,166190.0,3.0,498900.0,397
2023-05-10 21:02:32,ni2310,ni2310,166520.0,0.0,0.0,0.0,1,165980.0,166340.0,2,168820.0,166190.0,166520.0,166190.0,3.0,498900.0,397
2023-05-10 21:02:32,ni2310,ni2310,166520.0,0.0,0.0,0.0,1,166000.0,166340.0,2,168820.0,166190.0,166520.0,166190.0,3.0,498900.0,397
2023-05-10 21:02:33,ni2310,ni2310,166520.0,0.0,0.0,0.0,1,165990.0,166340.0,2,168820.0,166190.0,166520.0,166190.0,3.0,498900.0,397
2023-05-10 21:02:33,ni2310,ni2310,166520.0,0.0,0.0,0.0,1,165840.0,166340.0,2,168820.0,166190.0,166520.0,166190.0,3.0,498900.0,397
2023-05-10 21:02:34,ni2310,ni2310,166520.0,0.0,0.0,0.0,1,165980.0,166340.0,2,168820.0,166190.0,166520.0,166190.0,3.0,498900.0,397
2023-05-10 21:02:34,ni2310,ni2310,166520.0,0.0,0.0,0.0,1,165930.0,166340.0,2,168820.0,166190.0,166520.0,166190.0,3.0,498900.0,397
2023-05-10 21:02:35,ni2310,ni2310,166340.0,1.0,166340.0,0.0,5,165960.0,166340.0,1,168820.0,166190.0,166520.0,166190.0,4.0,665240.0,397
2023-05-10 21:02:35,ni2310,ni2310,166340.0,0.0,0.0,0.0,4,165580.0,166340.0,1,168820.0,166190.0,166520.0,166190.0,4.0,665240.0,397
2023-05-10 21:02:36,ni2310,ni2310,166340.0,0.0,0.0,0.0,6,165720.0,166280.0,2,168820.0,166190.0,166520.0,166190.0,4.0,665240.0,397
2023-05-10 21:02:36,ni2310,ni2310,166340.0,0.0,0.0,0.0,1,165790.0,166280.0,2,168820.0,166190.0,166520.0,166190.0,4.0,665240.0,397
2023-05-10 21:02:37,ni2310,ni2310,166340.0,0.0,0.0,0.0,4,165820.0,166340.0,1,168820.0,166190.0,166520.0,166190.0,4.0,665240.0,397
2023-05-10 21:02:37,ni2310,ni2310,166340.0,0.0,0.0,0.0,2,165840.0,166340.0,1,168820.0,166190.0,166520.0,166190.0,4.0,665240.0,397
2023-05-10 21:02:38,ni2310,ni2310,166340.0,0.0,0.0,0.0,5,165850.0,166340.0,1,168820.0,166190.0,166520.0,166190.0,4.0,665240.0,397
2023-05-10 21:02:38,ni2310,ni2310,166340.0,0.0,0.0,0.0,1,165880.0,166340.0,1,168820.0,166190.0,166520.0,166190.0,4.0,665240.0,397
2023-05-10 21:02:39,ni2310,ni2310,166340.0,0.0,0.0,0.0,1,165880.0,166320.0,1,168820.0,166190.0,166520.0,166190.0,4.0,665240.0,397
2023-05-10 21:02:39,ni2310,ni2310,166340.0,0.0,0.0,0.0,2,165860.0,166320.0,2,168820.0,166190.0,166520.0,166190.0,4.0,665240.0,397
2023-05-10 21:02:40,ni2310,ni2310,166340.0,0.0,0.0,0.0,2,165930.0,166300.0,1,168820.0,166190.0,166520.0,166190.0,4.0,665240.0,397
2023-05-10 21:02:40,ni2310,ni2310,166340.0,0.0,0.0,0.0,1,165900.0,166320.0,1,168820.0,166190.0,166520.0,166190.0,4.0,665240.0,397
2023-05-10 21:02:41,ni2310,ni2310,166340.0,0.0,0.0,0.0,6,165920.0,166320.0,1,168820.0,166190.0,166520.0,166190.0,4.0,665240.0,397
2023-05-10 21:02:41,ni2310,ni2310,166340.0,0.0,0.0,0.0,6,165920.0,166320.0,1,168820.0,166190.0,166520.0,166190.0,4.0,665240.0,397
2023-05-10 21:02:42,ni2310,ni2310,166340.0,0.0,0.0,0.0,1,165940.0,166320.0,1,168820.0,166190.0,166520.0,166190.0,4.0,665240.0,397
2023-05-10 21:02:42,ni2310,ni2310,166340.0,0.0,0.0,0.0,2,165850.0,166310.0,1,168820.0,166190.0,166520.0,166190.0,4.0,665240.0,397
2023-05-10 21:02:43,ni2310,ni2310,166340.0,0.0,0.0,0.0,1,165920.0,166310.0,3,168820.0,166190.0,166520.0,166190.0,4.0,665240.0,397
2023-05-10 21:02:43,ni2310,ni2310,166340.0,0.0,0.0,0.0,2,165850.0,166270.0,1,168820.0,166190.0,166520.0,166190.0,4.0,665240.0,397
2023-05-10 21:02:44,ni2310,ni2310,166340.0,0.0,0.0,0.0,1,165870.0,166270.0,1,168820.0,166190.0,166520.0,166190.0,4.0,665240.0,397
2023-05-10 21:02:44,ni2310,ni2310,166340.0,0.0,0.0,0.0,8,165850.0,166250.0,2,168820.0,166190.0,166520.0,166190.0,4.0,665240.0,397
2023-05-10 21:02:45,ni2310,ni2310,166340.0,0.0,0.0,0.0,8,165850.0,166250.0,2,168820.0,166190.0,166520.0,166190.0,4.0,665240.0,397
2023-05-10 21:02:45,ni2310,ni2310,166340.0,0.0,0.0,0.0,1,165860.0,166230.0,1,168820.0,166190.0,166520.0,166190.0,4.0,665240.0,397
2023-05-10 21:02:46,ni2310,ni2310,166230.0,2.0,332460.0,0.0,2,166230.0,166240.0,2,168820.0,166190.0,166520.0,166190.0,6.0,997700.0,397
2023-05-10 21:02:46,ni2310,ni2310,166230.0,2.0,332460.0,-1.0,1,165860.0,166220.0,1,168820.0,166190.0,166520.0,166190.0,8.0,1330160.0,396
2023-05-10 21:02:47,ni2310,ni2310,165860.0,1.0,165860.0,1.0,1,165980.0,166230.0,2,168820.0,166190.0,166520.0,165860.0,9.0,1496020.0,397
2023-05-10 21:02:47,ni2310,ni2310,165860.0,0.0,0.0,0.0,1,165980.0,166200.0,4,168820.0,166190.0,166520.0,165860.0,9.0,1496020.0,397
2023-05-10 21:02:48,ni2310,ni2310,165860.0,0.0,0.0,0.0,2,165980.0,166110.0,1,168820.0,166190.0,166520.0,165860.0,9.0,1496020.0,397
2023-05-10 21:02:48,ni2310,ni2310,165860.0,0.0,0.0,0.0,2,165980.0,166110.0,1,168820.0,166190.0,166520.0,165860.0,9.0,1496020.0,397
2023-05-10 21:02:49,ni2310,ni2310,165860.0,0.0,0.0,0.0,1,166000.0,166100.0,1,168820.0,166190.0,166520.0,165860.0,9.0,1496020.0,397
2023-05-10 21:02:49,ni2310,ni2310,165980.0,1.0,165980.0,-1.0,1,166000.0,166200.0,3,168820.0,166190.0,166520.0,165860.0,10.0,1662000.0,396
2023-05-10 21:02:50,ni2310,ni2310,165980.0,0.0,0.0,0.0,1,166000.0,166150.0,2,168820.0,166190.0,166520.0,165860.0,10.0,1662000.0,396
2023-05-10 21:02:50,ni2310,ni2310,165980.0,0.0,0.0,0.0,1,166000.0,166100.0,1,168820.0,166190.0,166520.0,165860.0,10.0,1662000.0,396
2023-05-10 21:02:51,ni2310,ni2310,165980.0,0.0,0.0,0.0,1,165850.0,166150.0,2,168820.0,166190.0,166520.0,165860.0,10.0,1662000.0,396
2023-05-10 21:02:51,ni2310,ni2310,165980.0,0.0,0.0,0.0,1,165850.0,166090.0,2,168820.0,166190.0,166520.0,165860.0,10.0,1662000.0,396
2023-05-10 21:02:52,ni2310,ni2310,165980.0,0.0,0.0,0.0,1,165950.0,166090.0,2,168820.0,166190.0,166520.0,165860.0,10.0,1662000.0,396
2023-05-10 21:02:52,ni2310,ni2310,165980.0,0.0,0.0,0.0,1,165950.0,166070.0,1,168820.0,166190.0,166520.0,165860.0,10.0,1662000.0,396
2023-05-10 21:02:53,ni2310,ni2310,165980.0,0.0,0.0,0.0,1,165760.0,166080.0,1,168820.0,166190.0,166520.0,165860.0,10.0,1662000.0,396
2023-05-10 21:02:53,ni2310,ni2310,165980.0,0.0,0.0,0.0,1,165760.0,166080.0,1,168820.0,166190.0,166520.0,165860.0,10.0,1662000.0,396
2023-05-10 21:02:54,ni2310,ni2310,165980.0,0.0,0.0,0.0,1,165760.0,166200.0,3,168820.0,166190.0,166520.0,165860.0,10.0,1662000.0,396
2023-05-10 21:02:54,ni2310,ni2310,165980.0,0.0,0.0,0.0,1,165760.0,166100.0,2,168820.0,166190.0,166520.0,165860.0,10.0,1662000.0,396
2023-05-10 21:02:55,ni2310,ni2310,165980.0,0.0,0.0,0.0,1,165760.0,166070.0,2,168820.0,166190.0,166520.0,165860.0,10.0,1662000.0,396
2023-05-10 21:02:56,ni2310,ni2310,165980.0,0.0,0.0,0.0,1,165610.0,166070.0,2,168820.0,166190.0,166520.0,165860.0,10.0,1662000.0,396
2023-05-10 21:02:56,ni2310,ni2310,165980.0,0.0,0.0,0.0,1,165690.0,166050.0,1,168820.0,166190.0,166520.0,165860.0,10.0,1662000.0,396
2023-05-10 21:02:57,ni2310,ni2310,165980.0,0.0,0.0,0.0,1,165690.0,166070.0,1,168820.0,166190.0,166520.0,165860.0,10.0,1662000.0,396
2023-05-10 21:02:57,ni2310,ni2310,165980.0,0.0,0.0,0.0,1,165770.0,166190.0,1,168820.0,166190.0,166520.0,165860.0,10.0,1662000.0,396
2023-05-10 21:02:58,ni2310,ni2310,165980.0,0.0,0.0,0.0,1,165830.0,166190.0,2,168820.0,166190.0,166520.0,165860.0,10.0,1662000.0,396
2023-05-10 21:02:58,ni2310,ni2310,165980.0,0.0,0.0,0.0,1,165830.0,166190.0,1,168820.0,166190.0,166520.0,165860.0,10.0,1662000.0,396
2023-05-10 21:02:59,ni2310,ni2310,165980.0,0.0,0.0,0.0,1,165860.0,166190.0,2,168820.0,166190.0,166520.0,165860.0,10.0,1662000.0,396
2023-05-10 21:02:59,ni2310,ni2310,165980.0,0.0,0.0,0.0,2,165870.0,166190.0,1,168820.0,166190.0,166520.0,165860.0,10.0,1662000.0,396
2023-05-10 21:03:00,ni2310,ni2310,165980.0,0.0,0.0,0.0,5,165870.0,166180.0,1,168820.0,166190.0,166520.0,165860.0,10.0,1662000.0,396
2023-05-10 21:03:00,ni2310,ni2310,165980.0,0.0,0.0,0.0,1,165980.0,166190.0,1,168820.0,166190.0,166520.0,165860.0,10.0,1662000.0,396
2023-05-10 21:03:01,ni2310,ni2310,165980.0,0.0,0.0,0.0,1,165980.0,166190.0,1,168820.0,166190.0,166520.0,165860.0,10.0,1662000.0,396
2023-05-10 21:03:01,ni2310,ni2310,165980.0,0.0,0.0,0.0,6,165690.0,166190.0,1,168820.0,166190.0,166520.0,165860.0,10.0,1662000.0,396
2023-05-10 21:03:02,ni2310,ni2310,165980.0,0.0,0.0,0.0,1,165610.0,166100.0,2,168820.0,166190.0,166520.0,165860.0,10.0,1662000.0,396
2023-05-10 21:03:02,ni2310,ni2310,165980.0,0.0,0.0,0.0,10,165520.0,166090.0,1,168820.0,166190.0,166520.0,165860.0,10.0,1662000.0,396
2023-05-10 21:03:03,ni2310,ni2310,165980.0,0.0,0.0,0.0,10,165520.0,166050.0,1,168820.0,166190.0,166520.0,165860.0,10.0,1662000.0,396
2023-05-10 21:03:03,ni2310,ni2310,165980.0,0.0,0.0,0.0,1,165530.0,165760.0,2,168820.0,166190.0,166520.0,165860.0,10.0,1662000.0,396
2023-05-10 21:03:04,ni2310,ni2310,165980.0,0.0,0.0,0.0,10,165520.0,166040.0,1,168820.0,166190.0,166520.0,165860.0,10.0,1662000.0,396
2023-05-10 21:03:04,ni2310,ni2310,165980.0,0.0,0.0,0.0,10,165520.0,166010.0,3,168820.0,166190.0,166520.0,165860.0,10.0,1662000.0,396
2023-05-10 21:03:05,ni2310,ni2310,165980.0,0.0,0.0,0.0,1,165680.0,165900.0,2,168820.0,166190.0,166520.0,165860.0,10.0,1662000.0,396
2023-05-10 21:03:05,ni2310,ni2310,165980.0,0.0,0.0,0.0,10,165520.0,165900.0,2,168820.0,166190.0,166520.0,165860.0,10.0,1662000.0,396
2023-05-10 21:03:06,ni2310,ni2310,165980.0,0.0,0.0,0.0,10,165520.0,165890.0,1,168820.0,166190.0,166520.0,165860.0,10.0,1662000.0,396
2023-05-10 21:03:06,ni2310,ni2310,165980.0,0.0,0.0,0.0,1,165530.0,165890.0,1,168820.0,166190.0,166520.0,165860.0,10.0,1662000.0,396
2023-05-10 21:03:07,ni2310,ni2310,165980.0,0.0,0.0,0.0,1,165530.0,165750.0,2,168820.0,166190.0,166520.0,165860.0,10.0,1662000.0,396
2023-05-10 21:03:07,ni2310,ni2310,165980.0,0.0,0.0,0.0,1,165530.0,165660.0,1,168820.0,166190.0,166520.0,165860.0,10.0,1662000.0,396
2023-05-10 21:03:08,ni2310,ni2310,165980.0,0.0,0.0,0.0,10,165520.0,165750.0,2,168820.0,166190.0,166520.0,165860.0,10.0,1662000.0,396
2023-05-10 21:03:09,ni2310,ni2310,165980.0,0.0,0.0,0.0,1,165540.0,165750.0,2,168820.0,166190.0,166520.0,165860.0,10.0,1662000.0,396
2023-05-10 21:03:09,ni2310,ni2310,165980.0,0.0,0.0,0.0,1,165540.0,165890.0,1,168820.0,166190.0,166520.0,165860.0,10.0,1662000.0,396
2023-05-10 21:03:10,ni2310,ni2310,165980.0,0.0,0.0,0.0,1,165530.0,165800.0,2,168820.0,166190.0,166520.0,165860.0,10.0,1662000.0,396
2023-05-10 21:03:11,ni2310,ni2310,165980.0,0.0,0.0,0.0,10,165520.0,165800.0,2,168820.0,166190.0,166520.0,165860.0,10.0,1662000.0,396
2023-05-10 21:03:11,ni2310,ni2310,165980.0,0.0,0.0,0.0,10,165520.0,165800.0,2,168820.0,166190.0,166520.0,165860.0,10.0,1662000.0,396
2023-05-10 21:03:12,ni2310,ni2310,165980.0,0.0,0.0,0.0,10,165520.0,165800.0,4,168820.0,166190.0,166520.0,165860.0,10.0,1662000.0,396
2023-05-10 21:03:12,ni2310,ni2310,165980.0,0.0,0.0,0.0,10,165520.0,165800.0,4,168820.0,166190.0,166520.0,165860.0,10.0,1662000.0,396
2023-05-10 21:03:13,ni2310,ni2310,165980.0,0.0,0.0,0.0,10,165520.0,165600.0,1,168820.0,166190.0,166520.0,165860.0,10.0,1662000.0,396
2023-05-10 21:03:13,ni2310,ni2310,165980.0,0.0,0.0,0.0,10,165520.0,165600.0,1,168820.0,166190.0,166520.0,165860.0,10.0,1662000.0,396
2023-05-10 21:03:14,ni2310,ni2310,165980.0,0.0,0.0,0.0,10,165520.0,165890.0,1,168820.0,166190.0,166520.0,165860.0,10.0,1662000.0,396
2023-05-10 21:03:14,ni2310,ni2310,165980.0,0.0,0.0,0.0,10,165520.0,165620.0,2,168820.0,166190.0,166520.0,165860.0,10.0,1662000.0,396
2023-05-10 21:03:15,ni2310,ni2310,165980.0,0.0,0.0,0.0,10,165520.0,165850.0,1,168820.0,166190.0,166520.0,165860.0,10.0,1662000.0,396
2023-05-10 21:03:15,ni2310,ni2310,165980.0,0.0,0.0,0.0,1,165530.0,165850.0,1,168820.0,166190.0,166520.0,165860.0,10.0,1662000.0,396
2023-05-10 21:03:16,ni2310,ni2310,165980.0,0.0,0.0,0.0,1,165530.0,165740.0,2,168820.0,166190.0,166520.0,165860.0,10.0,1662000.0,396
2023-05-10 21:03:16,ni2310,ni2310,165980.0,0.0,0.0,0.0,1,165530.0,165850.0,1,168820.0,166190.0,166520.0,165860.0,10.0,1662000.0,396
2023-05-10 21:03:17,ni2310,ni2310,165980.0,0.0,0.0,0.0,1,165530.0,165790.0,2,168820.0,166190.0,166520.0,165860.0,10.0,1662000.0,396
2023-05-10 21:03:17,ni2310,ni2310,165980.0,0.0,0.0,0.0,1,165570.0,165790.0,2,168820.0,166190.0,166520.0,165860.0,10.0,1662000.0,396
2023-05-10 21:03:19,ni2310,ni2310,165980.0,0.0,0.0,0.0,10,165520.0,165660.0,1,168820.0,166190.0,166520.0,165860.0,10.0,1662000.0,396
2023-05-10 21:03:19,ni2310,ni2310,165980.0,0.0,0.0,0.0,10,165520.0,165610.0,1,168820.0,166190.0,166520.0,165860.0,10.0,1662000.0,396
2023-05-10 21:03:20,ni2310,ni2310,165980.0,0.0,0.0,0.0,1,165530.0,165890.0,1,168820.0,166190.0,166520.0,165860.0,10.0,1662000.0,396
2023-05-10 21:03:20,ni2310,ni2310,165980.0,0.0,0.0,0.0,1,165530.0,165640.0,2,168820.0,166190.0,166520.0,165860.0,10.0,1662000.0,396
2023-05-10 21:03:21,ni2310,ni2310,165980.0,0.0,0.0,0.0,1,165530.0,165890.0,1,168820.0,166190.0,166520.0,165860.0,10.0,1662000.0,396
2023-05-10 21:03:21,ni2310,ni2310,165980.0,0.0,0.0,0.0,1,165530.0,165650.0,2,168820.0,166190.0,166520.0,165860.0,10.0,1662000.0,396
2023-05-10 21:03:22,ni2310,ni2310,165980.0,0.0,0.0,0.0,1,165530.0,165650.0,2,168820.0,166190.0,166520.0,165860.0,10.0,1662000.0,396
2023-05-10 21:03:22,ni2310,ni2310,165980.0,0.0,0.0,0.0,1,165530.0,165890.0,3,168820.0,166190.0,166520.0,165860.0,10.0,1662000.0,396
2023-05-10 21:03:23,ni2310,ni2310,165980.0,0.0,0.0,0.0,1,165530.0,165680.0,2,168820.0,166190.0,166520.0,165860.0,10.0,1662000.0,396
2023-05-10 21:03:23,ni2310,ni2310,165980.0,0.0,0.0,0.0,1,165530.0,165660.0,1,168820.0,166190.0,166520.0,165860.0,10.0,1662000.0,396
2023-05-10 21:03:24,ni2310,ni2310,165980.0,0.0,0.0,0.0,1,165530.0,165620.0,2,168820.0,166190.0,166520.0,165860.0,10.0,1662000.0,396
2023-05-10 21:03:25,ni2310,ni2310,165980.0,0.0,0.0,0.0,1,165530.0,165620.0,3,168820.0,166190.0,166520.0,165860.0,10.0,1662000.0,396
2023-05-10 21:03:25,ni2310,ni2310,165520.0,1.0,165520.0,1.0,9,165520.0,165570.0,1,168820.0,166190.0,166520.0,165520.0,11.0,1827520.0,397
2023-05-10 21:03:26,ni2310,ni2310,165520.0,0.0,0.0,0.0,9,165520.0,165620.0,2,168820.0,166190.0,166520.0,165520.0,11.0,1827520.0,397
2023-05-10 21:03:26,ni2310,ni2310,165520.0,0.0,0.0,0.0,9,165520.0,165890.0,1,168820.0,166190.0,166520.0,165520.0,11.0,1827520.0,397
2023-05-10 21:03:27,ni2310,ni2310,165520.0,0.0,0.0,0.0,9,165520.0,165600.0,1,168820.0,166190.0,166520.0,165520.0,11.0,1827520.0,397
2023-05-10 21:03:27,ni2310,ni2310,165520.0,0.0,0.0,0.0,9,165520.0,165880.0,1,168820.0,166190.0,166520.0,165520.0,11.0,1827520.0,397
2023-05-10 21:03:28,ni2310,ni2310,165520.0,0.0,0.0,0.0,9,165520.0,165630.0,2,168820.0,166190.0,166520.0,165520.0,11.0,1827520.0,397
2023-05-10 21:03:28,ni2310,ni2310,165520.0,0.0,0.0,0.0,9,165520.0,165630.0,2,168820.0,166190.0,166520.0,165520.0,11.0,1827520.0,397
2023-05-10 21:03:29,ni2310,ni2310,165520.0,0.0,0.0,0.0,9,165520.0,165600.0,1,168820.0,166190.0,166520.0,165520.0,11.0,1827520.0,397
2023-05-10 21:03:29,ni2310,ni2310,165520.0,0.0,0.0,0.0,9,165520.0,165630.0,2,168820.0,166190.0,166520.0,165520.0,11.0,1827520.0,397
2023-05-10 21:03:30,ni2310,ni2310,165520.0,0.0,0.0,0.0,9,165520.0,165620.0,2,168820.0,166190.0,166520.0,165520.0,11.0,1827520.0,397
2023-05-10 21:03:30,ni2310,ni2310,165520.0,0.0,0.0,0.0,9,165520.0,165890.0,1,168820.0,166190.0,166520.0,165520.0,11.0,1827520.0,397
2023-05-10 21:03:31,ni2310,ni2310,165520.0,0.0,0.0,0.0,9,165520.0,165650.0,2,168820.0,166190.0,166520.0,165520.0,11.0,1827520.0,397
2023-05-10 21:03:31,ni2310,ni2310,165520.0,0.0,0.0,0.0,9,165520.0,165870.0,2,168820.0,166190.0,166520.0,165520.0,11.0,1827520.0,397
2023-05-10 21:03:32,ni2310,ni2310,165520.0,0.0,0.0,0.0,9,165520.0,165670.0,2,168820.0,166190.0,166520.0,165520.0,11.0,1827520.0,397
2023-05-10 21:03:32,ni2310,ni2310,165520.0,0.0,0.0,0.0,9,165520.0,165670.0,2,168820.0,166190.0,166520.0,165520.0,11.0,1827520.0,397
2023-05-10 21:03:33,ni2310,ni2310,165520.0,0.0,0.0,0.0,9,165520.0,165670.0,2,168820.0,166190.0,166520.0,165520.0,11.0,1827520.0,397
2023-05-10 21:03:34,ni2310,ni2310,165520.0,0.0,0.0,0.0,9,165520.0,166860.0,1,168820.0,166190.0,166520.0,165520.0,11.0,1827520.0,397
2023-05-10 21:03:34,ni2310,ni2310,165520.0,0.0,0.0,0.0,9,165520.0,165730.0,2,168820.0,166190.0,166520.0,165520.0,11.0,1827520.0,397
2023-05-10 21:03:35,ni2310,ni2310,165520.0,0.0,0.0,0.0,1,165530.0,165720.0,2,168820.0,166190.0,166520.0,165520.0,11.0,1827520.0,397
2023-05-10 21:03:35,ni2310,ni2310,165520.0,0.0,0.0,0.0,1,165530.0,165720.0,2,168820.0,166190.0,166520.0,165520.0,11.0,1827520.0,397
2023-05-10 21:03:36,ni2310,ni2310,165520.0,0.0,0.0,0.0,1,165530.0,165720.0,2,168820.0,166190.0,166520.0,165520.0,11.0,1827520.0,397
2023-05-10 21:03:36,ni2310,ni2310,165520.0,0.0,0.0,0.0,1,165570.0,165720.0,2,168820.0,166190.0,166520.0,165520.0,11.0,1827520.0,397
2023-05-10 21:03:37,ni2310,ni2310,165520.0,0.0,0.0,0.0,1,165570.0,165720.0,2,168820.0,166190.0,166520.0,165520.0,11.0,1827520.0,397
2023-05-10 21:03:37,ni2310,ni2310,165520.0,0.0,0.0,0.0,1,165560.0,165720.0,1,168820.0,166190.0,166520.0,165520.0,11.0,1827520.0,397
2023-05-10 21:03:38,ni2310,ni2310,165520.0,0.0,0.0,0.0,1,165570.0,165870.0,1,168820.0,166190.0,166520.0,165520.0,11.0,1827520.0,397
2023-05-10 21:03:38,ni2310,ni2310,165520.0,0.0,0.0,0.0,1,165570.0,165870.0,1,168820.0,166190.0,166520.0,165520.0,11.0,1827520.0,397
2023-05-10 21:03:39,ni2310,ni2310,165520.0,0.0,0.0,0.0,1,165580.0,165810.0,2,168820.0,166190.0,166520.0,165520.0,11.0,1827520.0,397
2023-05-10 21:03:39,ni2310,ni2310,165520.0,0.0,0.0,0.0,1,165580.0,166860.0,1,168820.0,166190.0,166520.0,165520.0,11.0,1827520.0,397
2023-05-10 21:03:40,ni2310,ni2310,165520.0,0.0,0.0,0.0,1,165600.0,165840.0,2,168820.0,166190.0,166520.0,165520.0,11.0,1827520.0,397
2023-05-10 21:03:40,ni2310,ni2310,165520.0,0.0,0.0,0.0,1,165630.0,165830.0,1,168820.0,166190.0,166520.0,165520.0,11.0,1827520.0,397
2023-05-10 21:03:41,ni2310,ni2310,165520.0,0.0,0.0,0.0,1,165630.0,165840.0,2,168820.0,166190.0,166520.0,165520.0,11.0,1827520.0,397
2023-05-10 21:03:41,ni2310,ni2310,165520.0,0.0,0.0,0.0,1,165630.0,165820.0,2,168820.0,166190.0,166520.0,165520.0,11.0,1827520.0,397
2023-05-10 21:03:42,ni2310,ni2310,165520.0,0.0,0.0,0.0,1,165580.0,165820.0,2,168820.0,166190.0,166520.0,165520.0,11.0,1827520.0,397
2023-05-10 21:03:42,ni2310,ni2310,165520.0,0.0,0.0,0.0,9,165520.0,165820.0,2,168820.0,166190.0,166520.0,165520.0,11.0,1827520.0,397
2023-05-10 21:03:43,ni2310,ni2310,165520.0,0.0,0.0,0.0,1,165590.0,165820.0,2,168820.0,166190.0,166520.0,165520.0,11.0,1827520.0,397
2023-05-10 21:03:43,ni2310,ni2310,165520.0,0.0,0.0,0.0,9,165520.0,165700.0,1,168820.0,166190.0,166520.0,165520.0,11.0,1827520.0,397
2023-05-10 21:03:44,ni2310,ni2310,165520.0,0.0,0.0,0.0,9,165520.0,165800.0,1,168820.0,166190.0,166520.0,165520.0,11.0,1827520.0,397
2023-05-10 21:03:44,ni2310,ni2310,165520.0,0.0,0.0,0.0,9,165520.0,165670.0,2,168820.0,166190.0,166520.0,165520.0,11.0,1827520.0,397
2023-05-10 21:03:45,ni2310,ni2310,165520.0,0.0,0.0,0.0,9,165520.0,165640.0,1,168820.0,166190.0,166520.0,165520.0,11.0,1827520.0,397
2023-05-10 21:03:46,ni2310,ni2310,165520.0,0.0,0.0,0.0,9,165520.0,165800.0,1,168820.0,166190.0,166520.0,165520.0,11.0,1827520.0,397
2023-05-10 21:03:46,ni2310,ni2310,165520.0,0.0,0.0,0.0,9,165520.0,165680.0,2,168820.0,166190.0,166520.0,165520.0,11.0,1827520.0,397
2023-05-10 21:03:47,ni2310,ni2310,165520.0,0.0,0.0,0.0,1,165530.0,165680.0,2,168820.0,166190.0,166520.0,165520.0,11.0,1827520.0,397
2023-05-10 21:03:48,ni2310,ni2310,165520.0,0.0,0.0,0.0,1,165530.0,165680.0,2,168820.0,166190.0,166520.0,165520.0,11.0,1827520.0,397
2023-05-10 21:03:48,ni2310,ni2310,165520.0,0.0,0.0,0.0,1,165530.0,165680.0,2,168820.0,166190.0,166520.0,165520.0,11.0,1827520.0,397
2023-05-10 21:03:49,ni2310,ni2310,165520.0,0.0,0.0,0.0,1,165530.0,165680.0,2,168820.0,166190.0,166520.0,165520.0,11.0,1827520.0,397
2023-05-10 21:03:49,ni2310,ni2310,165520.0,0.0,0.0,0.0,1,165530.0,166410.0,1,168820.0,166190.0,166520.0,165520.0,11.0,1827520.0,397
2023-05-10 21:03:50,ni2310,ni2310,165520.0,0.0,0.0,0.0,1,165530.0,165770.0,2,168820.0,166190.0,166520.0,165520.0,11.0,1827520.0,397
2023-05-10 21:03:50,ni2310,ni2310,165520.0,0.0,0.0,0.0,1,165530.0,165770.0,2,168820.0,166190.0,166520.0,165520.0,11.0,1827520.0,397
2023-05-10 21:03:51,ni2310,ni2310,165520.0,0.0,0.0,0.0,1,165530.0,165770.0,2,168820.0,166190.0,166520.0,165520.0,11.0,1827520.0,397
2023-05-10 21:03:52,ni2310,ni2310,165520.0,0.0,0.0,0.0,1,165530.0,165770.0,2,168820.0,166190.0,166520.0,165520.0,11.0,1827520.0,397
2023-05-10 21:03:52,ni2310,ni2310,165520.0,0.0,0.0,0.0,1,165530.0,166240.0,1,168820.0,166190.0,166520.0,165520.0,11.0,1827520.0,397
2023-05-10 21:03:53,ni2310,ni2310,165520.0,0.0,0.0,0.0,1,165530.0,166010.0,1,168820.0,166190.0,166520.0,165520.0,11.0,1827520.0,397
2023-05-10 21:03:53,ni2310,ni2310,165520.0,0.0,0.0,0.0,1,165530.0,165750.0,2,168820.0,166190.0,166520.0,165520.0,11.0,1827520.0,397
2023-05-10 21:03:54,ni2310,ni2310,165520.0,0.0,0.0,0.0,1,165530.0,165750.0,2,168820.0,166190.0,166520.0,165520.0,11.0,1827520.0,397
2023-05-10 21:03:54,ni2310,ni2310,165520.0,0.0,0.0,0.0,9,165520.0,165750.0,2,168820.0,166190.0,166520.0,165520.0,11.0,1827520.0,397
2023-05-10 21:03:55,ni2310,ni2310,165520.0,0.0,0.0,0.0,9,165520.0,165750.0,2,168820.0,166190.0,166520.0,165520.0,11.0,1827520.0,397
2023-05-10 21:03:55,ni2310,ni2310,165520.0,0.0,0.0,0.0,9,165520.0,165750.0,2,168820.0,166190.0,166520.0,165520.0,11.0,1827520.0,397
2023-05-10 21:03:56,ni2310,ni2310,165520.0,0.0,0.0,0.0,9,165520.0,165950.0,1,168820.0,166190.0,166520.0,165520.0,11.0,1827520.0,397
2023-05-10 21:03:57,ni2310,ni2310,165520.0,0.0,0.0,0.0,9,165520.0,165910.0,1,168820.0,166190.0,166520.0,165520.0,11.0,1827520.0,397
2023-05-10 21:03:57,ni2310,ni2310,165520.0,0.0,0.0,0.0,1,165530.0,165720.0,2,168820.0,166190.0,166520.0,165520.0,11.0,1827520.0,397
2023-05-10 21:03:58,ni2310,ni2310,165520.0,0.0,0.0,0.0,1,165530.0,165720.0,2,168820.0,166190.0,166520.0,165520.0,11.0,1827520.0,397
2023-05-10 21:03:58,ni2310,ni2310,165520.0,0.0,0.0,0.0,9,165520.0,165720.0,2,168820.0,166190.0,166520.0,165520.0,11.0,1827520.0,397
2023-05-10 21:03:59,ni2310,ni2310,165520.0,0.0,0.0,0.0,9,165520.0,165720.0,2,168820.0,166190.0,166520.0,165520.0,11.0,1827520.0,397
2023-05-10 21:03:59,ni2310,ni2310,165520.0,0.0,0.0,0.0,1,165530.0,165900.0,1,168820.0,166190.0,166520.0,165520.0,11.0,1827520.0,397
2023-05-10 21:04:00,ni2310,ni2310,165520.0,0.0,0.0,0.0,1,165530.0,165790.0,2,168820.0,166190.0,166520.0,165520.0,11.0,1827520.0,397
2023-05-10 21:04:00,ni2310,ni2310,165520.0,0.0,0.0,0.0,2,165530.0,165790.0,2,168820.0,166190.0,166520.0,165520.0,11.0,1827520.0,397
2023-05-10 21:04:01,ni2310,ni2310,165520.0,0.0,0.0,0.0,1,165540.0,165780.0,1,168820.0,166190.0,166520.0,165520.0,11.0,1827520.0,397
2023-05-10 21:04:02,ni2310,ni2310,165520.0,0.0,0.0,0.0,9,165520.0,165670.0,1,168820.0,166190.0,166520.0,165520.0,11.0,1827520.0,397
2023-05-10 21:04:02,ni2310,ni2310,165520.0,0.0,0.0,0.0,9,165520.0,165660.0,2,168820.0,166190.0,166520.0,165520.0,11.0,1827520.0,397
2023-05-10 21:04:03,ni2310,ni2310,165520.0,0.0,0.0,0.0,9,165520.0,165950.0,1,168820.0,166190.0,166520.0,165520.0,11.0,1827520.0,397
2023-05-10 21:04:03,ni2310,ni2310,165520.0,0.0,0.0,0.0,9,165520.0,165660.0,2,168820.0,166190.0,166520.0,165520.0,11.0,1827520.0,397
2023-05-10 21:04:04,ni2310,ni2310,165520.0,0.0,0.0,0.0,9,165520.0,165570.0,1,168820.0,166190.0,166520.0,165520.0,11.0,1827520.0,397
2023-05-10 21:04:04,ni2310,ni2310,165520.0,0.0,0.0,0.0,9,165520.0,165660.0,2,168820.0,166190.0,166520.0,165520.0,11.0,1827520.0,397
2023-05-10 21:04:05,ni2310,ni2310,165520.0,0.0,0.0,0.0,9,165520.0,165640.0,2,168820.0,166190.0,166520.0,165520.0,11.0,1827520.0,397
2023-05-10 21:04:05,ni2310,ni2310,165520.0,0.0,0.0,0.0,9,165520.0,165630.0,1,168820.0,166190.0,166520.0,165520.0,11.0,1827520.0,397
2023-05-10 21:04:06,ni2310,ni2310,165520.0,0.0,0.0,0.0,9,165520.0,165570.0,1,168820.0,166190.0,166520.0,165520.0,11.0,1827520.0,397
2023-05-10 21:04:06,ni2310,ni2310,165520.0,1.0,165520.0,1.0,8,165520.0,166410.0,1,168820.0,166190.0,166520.0,165520.0,12.0,1993040.0,398
2023-05-10 21:04:07,ni2310,ni2310,165520.0,0.0,0.0,0.0,8,165520.0,165620.0,2,168820.0,166190.0,166520.0,165520.0,12.0,1993040.0,398
2023-05-10 21:04:07,ni2310,ni2310,165520.0,0.0,0.0,0.0,8,165520.0,165620.0,2,168820.0,166190.0,166520.0,165520.0,12.0,1993040.0,398
2023-05-10 21:04:08,ni2310,ni2310,165520.0,0.0,0.0,0.0,8,165520.0,165620.0,2,168820.0,166190.0,166520.0,165520.0,12.0,1993040.0,398
2023-05-10 21:04:09,ni2310,ni2310,165520.0,0.0,0.0,0.0,8,165520.0,165840.0,1,168820.0,166190.0,166520.0,165520.0,12.0,1993040.0,398
2023-05-10 21:04:09,ni2310,ni2310,165520.0,0.0,0.0,0.0,1,165530.0,165660.0,2,168820.0,166190.0,166520.0,165520.0,12.0,1993040.0,398
2023-05-10 21:04:10,ni2310,ni2310,165520.0,0.0,0.0,0.0,1,165530.0,165660.0,3,168820.0,166190.0,166520.0,165520.0,12.0,1993040.0,398
2023-05-10 21:04:10,ni2310,ni2310,165520.0,0.0,0.0,0.0,1,165530.0,165660.0,2,168820.0,166190.0,166520.0,165520.0,12.0,1993040.0,398
2023-05-10 21:04:11,ni2310,ni2310,165520.0,0.0,0.0,0.0,1,165530.0,165650.0,1,168820.0,166190.0,166520.0,165520.0,12.0,1993040.0,398
2023-05-10 21:04:12,ni2310,ni2310,165520.0,0.0,0.0,0.0,1,165530.0,165610.0,1,168820.0,166190.0,166520.0,165520.0,12.0,1993040.0,398
2023-05-10 21:04:12,ni2310,ni2310,165520.0,0.0,0.0,0.0,8,165520.0,165550.0,2,168820.0,166190.0,166520.0,165520.0,12.0,1993040.0,398
2023-05-10 21:04:13,ni2310,ni2310,165520.0,3.0,496560.0,3.0,5,165520.0,166200.0,4,168820.0,166190.0,166520.0,165520.0,15.0,2489600.0,401
2023-05-10 21:04:13,ni2310,ni2310,165520.0,0.0,0.0,0.0,5,165520.0,165830.0,1,168820.0,166190.0,166520.0,165520.0,15.0,2489600.0,401
2023-05-10 21:04:14,ni2310,ni2310,165520.0,0.0,0.0,0.0,5,165520.0,165820.0,1,168820.0,166190.0,166520.0,165520.0,15.0,2489600.0,401
2023-05-10 21:04:14,ni2310,ni2310,165520.0,1.0,165520.0,1.0,4,165520.0,165690.0,1,168820.0,166190.0,166520.0,165520.0,16.0,2655120.0,402
2023-05-10 21:04:15,ni2310,ni2310,165520.0,0.0,0.0,0.0,4,165520.0,165690.0,2,168820.0,166190.0,166520.0,165520.0,16.0,2655120.0,402
2023-05-10 21:04:15,ni2310,ni2310,165520.0,1.0,165520.0,1.0,3,165520.0,165690.0,2,168820.0,166190.0,166520.0,165520.0,17.0,2820640.0,403
2023-05-10 21:04:16,ni2310,ni2310,165520.0,0.0,0.0,0.0,3,165520.0,165690.0,2,168820.0,166190.0,166520.0,165520.0,17.0,2820640.0,403
2023-05-10 21:04:17,ni2310,ni2310,165520.0,0.0,0.0,0.0,3,165520.0,165690.0,2,168820.0,166190.0,166520.0,165520.0,17.0,2820640.0,403
2023-05-10 21:04:17,ni2310,ni2310,165520.0,0.0,0.0,0.0,3,165520.0,165690.0,2,168820.0,166190.0,166520.0,165520.0,17.0,2820640.0,403
2023-05-10 21:04:18,ni2310,ni2310,165520.0,0.0,0.0,0.0,3,165520.0,165680.0,1,168820.0,166190.0,166520.0,165520.0,17.0,2820640.0,403
2023-05-10 21:04:18,ni2310,ni2310,165520.0,0.0,0.0,0.0,3,165520.0,165660.0,1,168820.0,166190.0,166520.0,165520.0,17.0,2820640.0,403
2023-05-10 21:04:19,ni2310,ni2310,165520.0,3.0,496560.0,3.0,2,165000.0,165650.0,1,168820.0,166190.0,166520.0,165520.0,20.0,3317200.0,406
2023-05-10 21:04:19,ni2310,ni2310,165520.0,0.0,0.0,0.0,2,165000.0,165650.0,4,168820.0,166190.0,166520.0,165520.0,20.0,3317200.0,406
2023-05-10 21:04:20,ni2310,ni2310,165520.0,0.0,0.0,0.0,1,165050.0,165650.0,4,168820.0,166190.0,166520.0,165520.0,20.0,3317200.0,406
2023-05-10 21:04:21,ni2310,ni2310,165520.0,0.0,0.0,0.0,1,165060.0,165650.0,4,168820.0,166190.0,166520.0,165520.0,20.0,3317200.0,406
2023-05-10 21:04:21,ni2310,ni2310,165520.0,0.0,0.0,0.0,1,165070.0,165610.0,2,168820.0,166190.0,166520.0,165520.0,20.0,3317200.0,406
2023-05-10 21:04:22,ni2310,ni2310,165520.0,0.0,0.0,0.0,1,165090.0,165600.0,1,168820.0,166190.0,166520.0,165520.0,20.0,3317200.0,406
2023-05-10 21:04:22,ni2310,ni2310,165520.0,0.0,0.0,0.0,1,165150.0,165600.0,1,168820.0,166190.0,166520.0,165520.0,20.0,3317200.0,406
2023-05-10 21:04:23,ni2310,ni2310,165520.0,0.0,0.0,0.0,1,165150.0,165590.0,2,168820.0,166190.0,166520.0,165520.0,20.0,3317200.0,406
2023-05-10 21:04:23,ni2310,ni2310,165520.0,0.0,0.0,0.0,1,165420.0,165450.0,2,168820.0,166190.0,166520.0,165520.0,20.0,3317200.0,406
2023-05-10 21:04:24,ni2310,ni2310,165450.0,2.0,330900.0,0.0,1,165180.0,165590.0,2,168820.0,166190.0,166520.0,165450.0,22.0,3648100.0,406
2023-05-10 21:04:24,ni2310,ni2310,165450.0,0.0,0.0,0.0,1,165200.0,166860.0,1,168820.0,166190.0,166520.0,165450.0,22.0,3648100.0,406
2023-05-10 21:04:25,ni2310,ni2310,165450.0,0.0,0.0,0.0,1,165460.0,165750.0,1,168820.0,166190.0,166520.0,165450.0,22.0,3648100.0,406
2023-05-10 21:04:25,ni2310,ni2310,165450.0,0.0,0.0,0.0,1,165460.0,165710.0,1,168820.0,166190.0,166520.0,165450.0,22.0,3648100.0,406
2023-05-10 21:04:26,ni2310,ni2310,165450.0,0.0,0.0,0.0,1,165460.0,165710.0,1,168820.0,166190.0,166520.0,165450.0,22.0,3648100.0,406
2023-05-10 21:04:26,ni2310,ni2310,165450.0,0.0,0.0,0.0,1,165260.0,165700.0,3,168820.0,166190.0,166520.0,165450.0,22.0,3648100.0,406
2023-05-10 21:04:27,ni2310,ni2310,165450.0,0.0,0.0,0.0,1,165260.0,165700.0,1,168820.0,166190.0,166520.0,165450.0,22.0,3648100.0,406
2023-05-10 21:04:27,ni2310,ni2310,165450.0,0.0,0.0,0.0,1,165380.0,165680.0,1,168820.0,166190.0,166520.0,165450.0,22.0,3648100.0,406
2023-05-10 21:04:28,ni2310,ni2310,165450.0,0.0,0.0,0.0,1,165380.0,165660.0,1,168820.0,166190.0,166520.0,165450.0,22.0,3648100.0,406
2023-05-10 21:04:28,ni2310,ni2310,165450.0,0.0,0.0,0.0,1,165020.0,165660.0,2,168820.0,166190.0,166520.0,165450.0,22.0,3648100.0,406
2023-05-10 21:04:29,ni2310,ni2310,165450.0,0.0,0.0,0.0,1,165390.0,165640.0,1,168820.0,166190.0,166520.0,165450.0,22.0,3648100.0,406
2023-05-10 21:04:29,ni2310,ni2310,165450.0,0.0,0.0,0.0,1,165390.0,165640.0,5,168820.0,166190.0,166520.0,165450.0,22.0,3648100.0,406
2023-05-10 21:04:30,ni2310,ni2310,165450.0,0.0,0.0,0.0,1,165300.0,165610.0,1,168820.0,166190.0,166520.0,165450.0,22.0,3648100.0,406
2023-05-10 21:04:30,ni2310,ni2310,165450.0,0.0,0.0,0.0,1,165410.0,166790.0,6,168820.0,166190.0,166520.0,165450.0,22.0,3648100.0,406
2023-05-10 21:04:31,ni2310,ni2310,165450.0,0.0,0.0,0.0,1,165320.0,165740.0,1,168820.0,166190.0,166520.0,165450.0,22.0,3648100.0,406
2023-05-10 21:04:31,ni2310,ni2310,165450.0,0.0,0.0,0.0,1,165370.0,165730.0,2,168820.0,166190.0,166520.0,165450.0,22.0,3648100.0,406
2023-05-10 21:04:32,ni2310,ni2310,165450.0,0.0,0.0,0.0,1,165370.0,165720.0,3,168820.0,166190.0,166520.0,165450.0,22.0,3648100.0,406
2023-05-10 21:04:32,ni2310,ni2310,165450.0,0.0,0.0,0.0,2,165390.0,165710.0,1,168820.0,166190.0,166520.0,165450.0,22.0,3648100.0,406
2023-05-10 21:04:33,ni2310,ni2310,165450.0,0.0,0.0,0.0,1,165370.0,165710.0,3,168820.0,166190.0,166520.0,165450.0,22.0,3648100.0,406
2023-05-10 21:04:33,ni2310,ni2310,165450.0,0.0,0.0,0.0,1,165370.0,165700.0,1,168820.0,166190.0,166520.0,165450.0,22.0,3648100.0,406
2023-05-10 21:04:34,ni2310,ni2310,165450.0,0.0,0.0,0.0,1,165370.0,165690.0,1,168820.0,166190.0,166520.0,165450.0,22.0,3648100.0,406
2023-05-10 21:04:34,ni2310,ni2310,165450.0,0.0,0.0,0.0,1,165260.0,165690.0,1,168820.0,166190.0,166520.0,165450.0,22.0,3648100.0,406
2023-05-10 21:04:35,ni2310,ni2310,165450.0,0.0,0.0,0.0,1,165260.0,165690.0,3,168820.0,166190.0,166520.0,165450.0,22.0,3648100.0,406
2023-05-10 21:04:35,ni2310,ni2310,165450.0,0.0,0.0,0.0,1,165140.0,165690.0,4,168820.0,166190.0,166520.0,165450.0,22.0,3648100.0,406
2023-05-10 21:04:36,ni2310,ni2310,165450.0,0.0,0.0,0.0,1,165270.0,165690.0,3,168820.0,166190.0,166520.0,165450.0,22.0,3648100.0,406
2023-05-10 21:04:36,ni2310,ni2310,165450.0,0.0,0.0,0.0,1,165270.0,165660.0,1,168820.0,166190.0,166520.0,165450.0,22.0,3648100.0,406
2023-05-10 21:04:37,ni2310,ni2310,165450.0,0.0,0.0,0.0,1,165270.0,165650.0,1,168820.0,166190.0,166520.0,165450.0,22.0,3648100.0,406
2023-05-10 21:04:37,ni2310,ni2310,165450.0,0.0,0.0,0.0,1,165210.0,165610.0,1,168820.0,166190.0,166520.0,165450.0,22.0,3648100.0,406
2023-05-10 21:04:38,ni2310,ni2310,165450.0,0.0,0.0,0.0,1,165240.0,165600.0,1,168820.0,166190.0,166520.0,165450.0,22.0,3648100.0,406
2023-05-10 21:04:38,ni2310,ni2310,165450.0,0.0,0.0,0.0,1,165240.0,165690.0,1,168820.0,166190.0,166520.0,165450.0,22.0,3648100.0,406
2023-05-10 21:04:39,ni2310,ni2310,165450.0,0.0,0.0,0.0,1,165250.0,165660.0,1,168820.0,166190.0,166520.0,165450.0,22.0,3648100.0,406
2023-05-10 21:04:39,ni2310,ni2310,165450.0,0.0,0.0,0.0,1,165260.0,165650.0,1,168820.0,166190.0,166520.0,165450.0,22.0,3648100.0,406
2023-05-10 21:04:40,ni2310,ni2310,165450.0,0.0,0.0,0.0,1,165260.0,165650.0,1,168820.0,166190.0,166520.0,165450.0,22.0,3648100.0,406
2023-05-10 21:04:40,ni2310,ni2310,165450.0,0.0,0.0,0.0,1,165340.0,165650.0,1,168820.0,166190.0,166520.0,165450.0,22.0,3648100.0,406
2023-05-10 21:04:41,ni2310,ni2310,165450.0,0.0,0.0,0.0,1,165340.0,165640.0,2,168820.0,166190.0,166520.0,165450.0,22.0,3648100.0,406
2023-05-10 21:04:41,ni2310,ni2310,165450.0,0.0,0.0,0.0,1,165340.0,165640.0,2,168820.0,166190.0,166520.0,165450.0,22.0,3648100.0,406
2023-05-10 21:04:42,ni2310,ni2310,165450.0,0.0,0.0,0.0,1,165360.0,165640.0,1,168820.0,166190.0,166520.0,165450.0,22.0,3648100.0,406
2023-05-10 21:04:42,ni2310,ni2310,165450.0,0.0,0.0,0.0,1,165360.0,165640.0,3,168820.0,166190.0,166520.0,165450.0,22.0,3648100.0,406
2023-05-10 21:04:43,ni2310,ni2310,165450.0,0.0,0.0,0.0,1,165390.0,165640.0,3,168820.0,166190.0,166520.0,165450.0,22.0,3648100.0,406
2023-05-10 21:04:44,ni2310,ni2310,165450.0,0.0,0.0,0.0,1,165210.0,165640.0,2,168820.0,166190.0,166520.0,165450.0,22.0,3648100.0,406
2023-05-10 21:04:45,ni2310,ni2310,165450.0,0.0,0.0,0.0,1,165250.0,165640.0,2,168820.0,166190.0,166520.0,165450.0,22.0,3648100.0,406
2023-05-10 21:04:45,ni2310,ni2310,165450.0,0.0,0.0,0.0,1,165250.0,165640.0,4,168820.0,166190.0,166520.0,165450.0,22.0,3648100.0,406
2023-05-10 21:04:46,ni2310,ni2310,165450.0,0.0,0.0,0.0,1,165270.0,165630.0,1,168820.0,166190.0,166520.0,165450.0,22.0,3648100.0,406
2023-05-10 21:04:46,ni2310,ni2310,165450.0,0.0,0.0,0.0,1,165270.0,165630.0,1,168820.0,166190.0,166520.0,165450.0,22.0,3648100.0,406
2023-05-10 21:04:47,ni2310,ni2310,165450.0,0.0,0.0,0.0,1,165290.0,165620.0,1,168820.0,166190.0,166520.0,165450.0,22.0,3648100.0,406
2023-05-10 21:04:47,ni2310,ni2310,165450.0,0.0,0.0,0.0,1,165290.0,165620.0,3,168820.0,166190.0,166520.0,165450.0,22.0,3648100.0,406
2023-05-10 21:04:48,ni2310,ni2310,165450.0,0.0,0.0,0.0,1,165290.0,165620.0,3,168820.0,166190.0,166520.0,165450.0,22.0,3648100.0,406
2023-05-10 21:04:48,ni2310,ni2310,165450.0,0.0,0.0,0.0,1,165300.0,165620.0,3,168820.0,166190.0,166520.0,165450.0,22.0,3648100.0,406
2023-05-10 21:04:50,ni2310,ni2310,165450.0,0.0,0.0,0.0,1,165310.0,165620.0,2,168820.0,166190.0,166520.0,165450.0,22.0,3648100.0,406
2023-05-10 21:04:51,ni2310,ni2310,165450.0,0.0,0.0,0.0,1,165340.0,165620.0,2,168820.0,166190.0,166520.0,165450.0,22.0,3648100.0,406
2023-05-10 21:04:51,ni2310,ni2310,165450.0,0.0,0.0,0.0,1,165340.0,165610.0,1,168820.0,166190.0,166520.0,165450.0,22.0,3648100.0,406
2023-05-10 21:04:52,ni2310,ni2310,165450.0,0.0,0.0,0.0,1,165360.0,166260.0,1,168820.0,166190.0,166520.0,165450.0,22.0,3648100.0,406
2023-05-10 21:04:52,ni2310,ni2310,165450.0,0.0,0.0,0.0,1,165360.0,165730.0,1,168820.0,166190.0,166520.0,165450.0,22.0,3648100.0,406
2023-05-10 21:04:53,ni2310,ni2310,165450.0,0.0,0.0,0.0,1,165360.0,165720.0,1,168820.0,166190.0,166520.0,165450.0,22.0,3648100.0,406
2023-05-10 21:04:53,ni2310,ni2310,165450.0,0.0,0.0,0.0,1,165370.0,165700.0,1,168820.0,166190.0,166520.0,165450.0,22.0,3648100.0,406
2023-05-10 21:04:54,ni2310,ni2310,165450.0,0.0,0.0,0.0,1,165370.0,165690.0,1,168820.0,166190.0,166520.0,165450.0,22.0,3648100.0,406
2023-05-10 21:04:54,ni2310,ni2310,165450.0,0.0,0.0,0.0,1,165370.0,165690.0,3,168820.0,166190.0,166520.0,165450.0,22.0,3648100.0,406
2023-05-10 21:04:55,ni2310,ni2310,165450.0,0.0,0.0,0.0,1,165390.0,165690.0,3,168820.0,166190.0,166520.0,165450.0,22.0,3648100.0,406
2023-05-10 21:04:55,ni2310,ni2310,165450.0,0.0,0.0,0.0,1,165390.0,165690.0,4,168820.0,166190.0,166520.0,165450.0,22.0,3648100.0,406
2023-05-10 21:04:56,ni2310,ni2310,165450.0,0.0,0.0,0.0,1,165390.0,165690.0,4,168820.0,166190.0,166520.0,165450.0,22.0,3648100.0,406
2023-05-10 21:04:57,ni2310,ni2310,165450.0,0.0,0.0,0.0,1,165370.0,165680.0,1,168820.0,166190.0,166520.0,165450.0,22.0,3648100.0,406
2023-05-10 21:04:57,ni2310,ni2310,165450.0,0.0,0.0,0.0,1,165370.0,165680.0,2,168820.0,166190.0,166520.0,165450.0,22.0,3648100.0,406
2023-05-10 21:04:58,ni2310,ni2310,165450.0,0.0,0.0,0.0,1,165070.0,165670.0,1,168820.0,166190.0,166520.0,165450.0,22.0,3648100.0,406
2023-05-10 21:04:58,ni2310,ni2310,165450.0,0.0,0.0,0.0,1,165010.0,165670.0,3,168820.0,166190.0,166520.0,165450.0,22.0,3648100.0,406
2023-05-10 21:04:59,ni2310,ni2310,165450.0,0.0,0.0,0.0,1,165300.0,165650.0,2,168820.0,166190.0,166520.0,165450.0,22.0,3648100.0,406
2023-05-10 21:04:59,ni2310,ni2310,165450.0,0.0,0.0,0.0,1,165300.0,165640.0,1,168820.0,166190.0,166520.0,165450.0,22.0,3648100.0,406
2023-05-10 21:05:00,ni2310,ni2310,165450.0,0.0,0.0,0.0,1,165300.0,165640.0,1,168820.0,166190.0,166520.0,165450.0,22.0,3648100.0,406
2023-05-10 21:05:00,ni2310,ni2310,165450.0,0.0,0.0,0.0,1,165350.0,165640.0,1,168820.0,166190.0,166520.0,165450.0,22.0,3648100.0,406
2023-05-10 21:05:01,ni2310,ni2310,165450.0,0.0,0.0,0.0,1,165350.0,165640.0,2,168820.0,166190.0,166520.0,165450.0,22.0,3648100.0,406
2023-05-10 21:05:01,ni2310,ni2310,165450.0,0.0,0.0,0.0,1,165350.0,165630.0,1,168820.0,166190.0,166520.0,165450.0,22.0,3648100.0,406
2023-05-10 21:05:02,ni2310,ni2310,165450.0,0.0,0.0,0.0,1,165050.0,165620.0,1,168820.0,166190.0,166520.0,165450.0,22.0,3648100.0,406
2023-05-10 21:05:02,ni2310,ni2310,165450.0,0.0,0.0,0.0,1,165200.0,165610.0,2,168820.0,166190.0,166520.0,165450.0,22.0,3648100.0,406
2023-05-10 21:05:03,ni2310,ni2310,165450.0,0.0,0.0,0.0,1,165220.0,165560.0,1,168820.0,166190.0,166520.0,165450.0,22.0,3648100.0,406
2023-05-10 21:05:03,ni2310,ni2310,165450.0,0.0,0.0,0.0,1,165220.0,165600.0,1,168820.0,166190.0,166520.0,165450.0,22.0,3648100.0,406
2023-05-10 21:05:04,ni2310,ni2310,165450.0,0.0,0.0,0.0,1,165250.0,165600.0,2,168820.0,166190.0,166520.0,165450.0,22.0,3648100.0,406
2023-05-10 21:05:04,ni2310,ni2310,165450.0,0.0,0.0,0.0,1,165250.0,165600.0,2,168820.0,166190.0,166520.0,165450.0,22.0,3648100.0,406
2023-05-10 21:05:05,ni2310,ni2310,165450.0,0.0,0.0,0.0,1,165290.0,165600.0,3,168820.0,166190.0,166520.0,165450.0,22.0,3648100.0,406
2023-05-10 21:05:05,ni2310,ni2310,165450.0,0.0,0.0,0.0,1,165290.0,165600.0,3,168820.0,166190.0,166520.0,165450.0,22.0,3648100.0,406
2023-05-10 21:05:06,ni2310,ni2310,165450.0,0.0,0.0,0.0,2,165310.0,165600.0,2,168820.0,166190.0,166520.0,165450.0,22.0,3648100.0,406
2023-05-10 21:05:07,ni2310,ni2310,165450.0,0.0,0.0,0.0,1,165250.0,165600.0,2,168820.0,166190.0,166520.0,165450.0,22.0,3648100.0,406
2023-05-10 21:05:07,ni2310,ni2310,165450.0,0.0,0.0,0.0,1,165250.0,165590.0,1,168820.0,166190.0,166520.0,165450.0,22.0,3648100.0,406
2023-05-10 21:05:08,ni2310,ni2310,165450.0,0.0,0.0,0.0,1,165250.0,165480.0,1,168820.0,166190.0,166520.0,165450.0,22.0,3648100.0,406
2023-05-10 21:05:08,ni2310,ni2310,165450.0,0.0,0.0,0.0,1,165010.0,165590.0,1,168820.0,166190.0,166520.0,165450.0,22.0,3648100.0,406
2023-05-10 21:05:09,ni2310,ni2310,165450.0,0.0,0.0,0.0,1,165280.0,165590.0,2,168820.0,166190.0,166520.0,165450.0,22.0,3648100.0,406
2023-05-10 21:05:09,ni2310,ni2310,165450.0,0.0,0.0,0.0,1,165280.0,165480.0,1,168820.0,166190.0,166520.0,165450.0,22.0,3648100.0,406
2023-05-10 21:05:10,ni2310,ni2310,165450.0,0.0,0.0,0.0,1,165280.0,165590.0,1,168820.0,166190.0,166520.0,165450.0,22.0,3648100.0,406
2023-05-10 21:05:10,ni2310,ni2310,165450.0,0.0,0.0,0.0,1,165280.0,165590.0,1,168820.0,166190.0,166520.0,165450.0,22.0,3648100.0,406
2023-05-10 21:05:11,ni2310,ni2310,165450.0,0.0,0.0,0.0,1,165280.0,165570.0,1,168820.0,166190.0,166520.0,165450.0,22.0,3648100.0,406
2023-05-10 21:05:11,ni2310,ni2310,165450.0,0.0,0.0,0.0,1,165290.0,165570.0,2,168820.0,166190.0,166520.0,165450.0,22.0,3648100.0,406
2023-05-10 21:05:12,ni2310,ni2310,165450.0,0.0,0.0,0.0,2,165290.0,165570.0,1,168820.0,166190.0,166520.0,165450.0,22.0,3648100.0,406
2023-05-10 21:05:12,ni2310,ni2310,165450.0,0.0,0.0,0.0,1,165330.0,165570.0,1,168820.0,166190.0,166520.0,165450.0,22.0,3648100.0,406
2023-05-10 21:05:13,ni2310,ni2310,165450.0,0.0,0.0,0.0,1,165330.0,165570.0,3,168820.0,166190.0,166520.0,165450.0,22.0,3648100.0,406
2023-05-10 21:05:13,ni2310,ni2310,165450.0,0.0,0.0,0.0,1,165330.0,165510.0,1,168820.0,166190.0,166520.0,165450.0,22.0,3648100.0,406
2023-05-10 21:05:14,ni2310,ni2310,165450.0,0.0,0.0,0.0,1,165340.0,165560.0,1,168820.0,166190.0,166520.0,165450.0,22.0,3648100.0,406
2023-05-10 21:05:14,ni2310,ni2310,165450.0,0.0,0.0,0.0,1,165330.0,165520.0,1,168820.0,166190.0,166520.0,165450.0,22.0,3648100.0,406
2023-05-10 21:05:15,ni2310,ni2310,165450.0,0.0,0.0,0.0,1,165330.0,165520.0,1,168820.0,166190.0,166520.0,165450.0,22.0,3648100.0,406
2023-05-10 21:05:15,ni2310,ni2310,165450.0,0.0,0.0,0.0,1,165330.0,165560.0,1,168820.0,166190.0,166520.0,165450.0,22.0,3648100.0,406
2023-05-10 21:05:16,ni2310,ni2310,165450.0,0.0,0.0,0.0,1,165190.0,165570.0,1,168820.0,166190.0,166520.0,165450.0,22.0,3648100.0,406
2023-05-10 21:05:16,ni2310,ni2310,165450.0,0.0,0.0,0.0,1,165190.0,165560.0,1,168820.0,166190.0,166520.0,165450.0,22.0,3648100.0,406
2023-05-10 21:05:17,ni2310,ni2310,165450.0,0.0,0.0,0.0,1,165240.0,165560.0,1,168820.0,166190.0,166520.0,165450.0,22.0,3648100.0,406
2023-05-10 21:05:17,ni2310,ni2310,165450.0,0.0,0.0,0.0,1,165260.0,165570.0,1,168820.0,166190.0,166520.0,165450.0,22.0,3648100.0,406
2023-05-10 21:05:18,ni2310,ni2310,165450.0,0.0,0.0,0.0,1,165290.0,165570.0,1,168820.0,166190.0,166520.0,165450.0,22.0,3648100.0,406
2023-05-10 21:05:18,ni2310,ni2310,165450.0,0.0,0.0,0.0,1,165290.0,165570.0,1,168820.0,166190.0,166520.0,165450.0,22.0,3648100.0,406
2023-05-10 21:05:19,ni2310,ni2310,165450.0,0.0,0.0,0.0,1,165290.0,165570.0,1,168820.0,166190.0,166520.0,165450.0,22.0,3648100.0,406
2023-05-10 21:05:19,ni2310,ni2310,165450.0,0.0,0.0,0.0,1,165320.0,165570.0,1,168820.0,166190.0,166520.0,165450.0,22.0,3648100.0,406
2023-05-10 21:05:20,ni2310,ni2310,165450.0,0.0,0.0,0.0,1,165320.0,165570.0,1,168820.0,166190.0,166520.0,165450.0,22.0,3648100.0,406
2023-05-10 21:05:20,ni2310,ni2310,165570.0,1.0,165570.0,1.0,1,165320.0,165730.0,2,168820.0,166190.0,166520.0,165450.0,23.0,3813670.0,407
2023-05-10 21:05:21,ni2310,ni2310,165570.0,0.0,0.0,0.0,1,165320.0,165570.0,1,168820.0,166190.0,166520.0,165450.0,23.0,3813670.0,407
2023-05-10 21:05:21,ni2310,ni2310,165570.0,0.0,0.0,0.0,1,165360.0,165720.0,1,168820.0,166190.0,166520.0,165450.0,23.0,3813670.0,407
2023-05-10 21:05:22,ni2310,ni2310,165570.0,0.0,0.0,0.0,1,165340.0,165710.0,1,168820.0,166190.0,166520.0,165450.0,23.0,3813670.0,407
2023-05-10 21:05:22,ni2310,ni2310,165570.0,0.0,0.0,0.0,1,165340.0,165710.0,4,168820.0,166190.0,166520.0,165450.0,23.0,3813670.0,407
2023-05-10 21:05:23,ni2310,ni2310,165570.0,0.0,0.0,0.0,1,165340.0,165620.0,1,168820.0,166190.0,166520.0,165450.0,23.0,3813670.0,407
2023-05-10 21:05:23,ni2310,ni2310,165570.0,0.0,0.0,0.0,1,165340.0,165620.0,2,168820.0,166190.0,166520.0,165450.0,23.0,3813670.0,407
2023-05-10 21:05:24,ni2310,ni2310,165570.0,0.0,0.0,0.0,1,165340.0,165610.0,1,168820.0,166190.0,166520.0,165450.0,23.0,3813670.0,407
2023-05-10 21:05:24,ni2310,ni2310,165570.0,0.0,0.0,0.0,1,165350.0,165610.0,3,168820.0,166190.0,166520.0,165450.0,23.0,3813670.0,407
2023-05-10 21:05:25,ni2310,ni2310,165570.0,0.0,0.0,0.0,2,165350.0,165610.0,3,168820.0,166190.0,166520.0,165450.0,23.0,3813670.0,407
2023-05-10 21:05:25,ni2310,ni2310,165570.0,0.0,0.0,0.0,2,165350.0,165610.0,3,168820.0,166190.0,166520.0,165450.0,23.0,3813670.0,407
2023-05-10 21:05:26,ni2310,ni2310,165570.0,0.0,0.0,0.0,1,165370.0,165610.0,3,168820.0,166190.0,166520.0,165450.0,23.0,3813670.0,407
2023-05-10 21:05:27,ni2310,ni2310,165570.0,0.0,0.0,0.0,1,165370.0,165600.0,1,168820.0,166190.0,166520.0,165450.0,23.0,3813670.0,407
2023-05-10 21:05:27,ni2310,ni2310,165570.0,0.0,0.0,0.0,1,165380.0,165600.0,1,168820.0,166190.0,166520.0,165450.0,23.0,3813670.0,407
2023-05-10 21:05:28,ni2310,ni2310,165570.0,0.0,0.0,0.0,1,165380.0,165590.0,1,168820.0,166190.0,166520.0,165450.0,23.0,3813670.0,407
2023-05-10 21:05:28,ni2310,ni2310,165570.0,0.0,0.0,0.0,1,165400.0,165590.0,1,168820.0,166190.0,166520.0,165450.0,23.0,3813670.0,407
2023-05-10 21:05:29,ni2310,ni2310,165570.0,0.0,0.0,0.0,1,165400.0,165590.0,2,168820.0,166190.0,166520.0,165450.0,23.0,3813670.0,407
2023-05-10 21:05:29,ni2310,ni2310,165570.0,0.0,0.0,0.0,2,165400.0,165580.0,1,168820.0,166190.0,166520.0,165450.0,23.0,3813670.0,407
2023-05-10 21:05:30,ni2310,ni2310,165570.0,0.0,0.0,0.0,1,165410.0,165580.0,1,168820.0,166190.0,166520.0,165450.0,23.0,3813670.0,407
2023-05-10 21:05:30,ni2310,ni2310,165570.0,0.0,0.0,0.0,1,165410.0,165720.0,1,168820.0,166190.0,166520.0,165450.0,23.0,3813670.0,407
2023-05-10 21:05:31,ni2310,ni2310,165570.0,0.0,0.0,0.0,1,165410.0,165570.0,1,168820.0,166190.0,166520.0,165450.0,23.0,3813670.0,407
2023-05-10 21:05:31,ni2310,ni2310,165570.0,0.0,0.0,0.0,1,165350.0,165560.0,1,168820.0,166190.0,166520.0,165450.0,23.0,3813670.0,407
2023-05-10 21:05:32,ni2310,ni2310,165570.0,0.0,0.0,0.0,1,165350.0,165560.0,2,168820.0,166190.0,166520.0,165450.0,23.0,3813670.0,407
2023-05-10 21:05:32,ni2310,ni2310,165570.0,0.0,0.0,0.0,2,165050.0,165560.0,4,168820.0,166190.0,166520.0,165450.0,23.0,3813670.0,407
2023-05-10 21:05:33,ni2310,ni2310,165570.0,0.0,0.0,0.0,1,165020.0,165560.0,3,168820.0,166190.0,166520.0,165450.0,23.0,3813670.0,407
2023-05-10 21:05:33,ni2310,ni2310,165570.0,0.0,0.0,0.0,1,165320.0,165550.0,1,168820.0,166190.0,166520.0,165450.0,23.0,3813670.0,407
2023-05-10 21:05:34,ni2310,ni2310,165570.0,0.0,0.0,0.0,1,165200.0,165540.0,1,168820.0,166190.0,166520.0,165450.0,23.0,3813670.0,407
2023-05-10 21:05:34,ni2310,ni2310,165570.0,0.0,0.0,0.0,1,165260.0,165550.0,1,168820.0,166190.0,166520.0,165450.0,23.0,3813670.0,407
2023-05-10 21:05:35,ni2310,ni2310,165570.0,0.0,0.0,0.0,1,165260.0,165550.0,2,168820.0,166190.0,166520.0,165450.0,23.0,3813670.0,407
2023-05-10 21:05:35,ni2310,ni2310,165570.0,0.0,0.0,0.0,1,165290.0,165550.0,2,168820.0,166190.0,166520.0,165450.0,23.0,3813670.0,407
2023-05-10 21:05:36,ni2310,ni2310,165570.0,0.0,0.0,0.0,2,165290.0,165730.0,2,168820.0,166190.0,166520.0,165450.0,23.0,3813670.0,407
2023-05-10 21:05:36,ni2310,ni2310,165570.0,0.0,0.0,0.0,2,165310.0,165720.0,7,168820.0,166190.0,166520.0,165450.0,23.0,3813670.0,407
2023-05-10 21:05:37,ni2310,ni2310,165570.0,0.0,0.0,0.0,2,165310.0,165720.0,7,168820.0,166190.0,166520.0,165450.0,23.0,3813670.0,407
2023-05-10 21:05:37,ni2310,ni2310,165570.0,0.0,0.0,0.0,1,165330.0,165720.0,7,168820.0,166190.0,166520.0,165450.0,23.0,3813670.0,407
2023-05-10 21:05:38,ni2310,ni2310,165570.0,0.0,0.0,0.0,1,165330.0,165710.0,1,168820.0,166190.0,166520.0,165450.0,23.0,3813670.0,407
2023-05-10 21:05:38,ni2310,ni2310,165570.0,0.0,0.0,0.0,1,165360.0,165610.0,1,168820.0,166190.0,166520.0,165450.0,23.0,3813670.0,407
2023-05-10 21:05:39,ni2310,ni2310,165570.0,0.0,0.0,0.0,1,165360.0,165600.0,1,168820.0,166190.0,166520.0,165450.0,23.0,3813670.0,407
2023-05-10 21:05:39,ni2310,ni2310,165570.0,0.0,0.0,0.0,1,165370.0,165600.0,3,168820.0,166190.0,166520.0,165450.0,23.0,3813670.0,407
2023-05-10 21:05:40,ni2310,ni2310,165570.0,0.0,0.0,0.0,2,165370.0,165600.0,3,168820.0,166190.0,166520.0,165450.0,23.0,3813670.0,407
2023-05-10 21:05:40,ni2310,ni2310,165570.0,0.0,0.0,0.0,1,165380.0,165600.0,3,168820.0,166190.0,166520.0,165450.0,23.0,3813670.0,407
2023-05-10 21:05:41,ni2310,ni2310,165570.0,0.0,0.0,0.0,1,165380.0,165600.0,3,168820.0,166190.0,166520.0,165450.0,23.0,3813670.0,407
2023-05-10 21:05:41,ni2310,ni2310,165570.0,0.0,0.0,0.0,1,165390.0,165600.0,2,168820.0,166190.0,166520.0,165450.0,23.0,3813670.0,407
2023-05-10 21:05:42,ni2310,ni2310,165570.0,0.0,0.0,0.0,1,165390.0,165600.0,2,168820.0,166190.0,166520.0,165450.0,23.0,3813670.0,407
2023-05-10 21:05:42,ni2310,ni2310,165570.0,0.0,0.0,0.0,3,165400.0,165600.0,2,168820.0,166190.0,166520.0,165450.0,23.0,3813670.0,407
2023-05-10 21:05:43,ni2310,ni2310,165570.0,0.0,0.0,0.0,2,165400.0,165600.0,3,168820.0,166190.0,166520.0,165450.0,23.0,3813670.0,407
2023-05-10 21:05:44,ni2310,ni2310,165570.0,0.0,0.0,0.0,2,165400.0,165590.0,1,168820.0,166190.0,166520.0,165450.0,23.0,3813670.0,407
2023-05-10 21:05:44,ni2310,ni2310,165570.0,0.0,0.0,0.0,1,165400.0,165580.0,1,168820.0,166190.0,166520.0,165450.0,23.0,3813670.0,407
2023-05-10 21:05:45,ni2310,ni2310,165570.0,0.0,0.0,0.0,1,165010.0,165570.0,1,168820.0,166190.0,166520.0,165450.0,23.0,3813670.0,407
2023-05-10 21:05:45,ni2310,ni2310,165570.0,0.0,0.0,0.0,1,165020.0,165570.0,1,168820.0,166190.0,166520.0,165450.0,23.0,3813670.0,407
2023-05-10 21:05:46,ni2310,ni2310,165570.0,0.0,0.0,0.0,1,165020.0,165570.0,2,168820.0,166190.0,166520.0,165450.0,23.0,3813670.0,407
2023-05-10 21:05:46,ni2310,ni2310,165570.0,0.0,0.0,0.0,1,165310.0,165550.0,2,168820.0,166190.0,166520.0,165450.0,23.0,3813670.0,407
2023-05-10 21:05:47,ni2310,ni2310,165570.0,0.0,0.0,0.0,1,165310.0,165550.0,2,168820.0,166190.0,166520.0,165450.0,23.0,3813670.0,407
2023-05-10 21:05:47,ni2310,ni2310,165570.0,0.0,0.0,0.0,1,165310.0,165600.0,4,168820.0,166190.0,166520.0,165450.0,23.0,3813670.0,407
2023-05-10 21:05:48,ni2310,ni2310,165570.0,0.0,0.0,0.0,1,165310.0,165540.0,1,168820.0,166190.0,166520.0,165450.0,23.0,3813670.0,407
2023-05-10 21:05:48,ni2310,ni2310,165540.0,1.0,165540.0,0.0,3,165330.0,165600.0,4,168820.0,166190.0,166520.0,165450.0,24.0,3979210.0,407
2023-05-10 21:05:49,ni2310,ni2310,165540.0,0.0,0.0,0.0,3,165330.0,165600.0,5,168820.0,166190.0,166520.0,165450.0,24.0,3979210.0,407
2023-05-10 21:05:49,ni2310,ni2310,165540.0,0.0,0.0,0.0,3,165330.0,165600.0,7,168820.0,166190.0,166520.0,165450.0,24.0,3979210.0,407
2023-05-10 21:05:50,ni2310,ni2310,165540.0,0.0,0.0,0.0,2,165340.0,165600.0,7,168820.0,166190.0,166520.0,165450.0,24.0,3979210.0,407
2023-05-10 21:05:50,ni2310,ni2310,165540.0,0.0,0.0,0.0,2,165340.0,165600.0,7,168820.0,166190.0,166520.0,165450.0,24.0,3979210.0,407
2023-05-10 21:05:51,ni2310,ni2310,165540.0,0.0,0.0,0.0,1,165360.0,165600.0,7,168820.0,166190.0,166520.0,165450.0,24.0,3979210.0,407
2023-05-10 21:05:51,ni2310,ni2310,165540.0,0.0,0.0,0.0,1,165310.0,165600.0,7,168820.0,166190.0,166520.0,165450.0,24.0,3979210.0,407
2023-05-10 21:05:52,ni2310,ni2310,165540.0,0.0,0.0,0.0,1,165310.0,165600.0,7,168820.0,166190.0,166520.0,165450.0,24.0,3979210.0,407
2023-05-10 21:05:53,ni2310,ni2310,165540.0,0.0,0.0,0.0,1,165310.0,165600.0,7,168820.0,166190.0,166520.0,165450.0,24.0,3979210.0,407
2023-05-10 21:05:53,ni2310,ni2310,165540.0,0.0,0.0,0.0,1,165330.0,165600.0,7,168820.0,166190.0,166520.0,165450.0,24.0,3979210.0,407
2023-05-10 21:05:54,ni2310,ni2310,165540.0,0.0,0.0,0.0,2,165330.0,165590.0,1,168820.0,166190.0,166520.0,165450.0,24.0,3979210.0,407
2023-05-10 21:05:54,ni2310,ni2310,165540.0,0.0,0.0,0.0,1,165340.0,165590.0,1,168820.0,166190.0,166520.0,165450.0,24.0,3979210.0,407
2023-05-10 21:05:55,ni2310,ni2310,165540.0,0.0,0.0,0.0,1,165340.0,165600.0,4,168820.0,166190.0,166520.0,165450.0,24.0,3979210.0,407
2023-05-10 21:05:55,ni2310,ni2310,165540.0,0.0,0.0,0.0,1,165340.0,165600.0,5,168820.0,166190.0,166520.0,165450.0,24.0,3979210.0,407
2023-05-10 21:05:56,ni2310,ni2310,165540.0,0.0,0.0,0.0,1,165500.0,165600.0,5,168820.0,166190.0,166520.0,165450.0,24.0,3979210.0,407
2023-05-10 21:05:56,ni2310,ni2310,165500.0,1.0,165500.0,0.0,1,165350.0,165500.0,1,168820.0,166190.0,166520.0,165450.0,25.0,4144710.0,407
2023-05-10 21:05:57,ni2310,ni2310,165500.0,1.0,165500.0,1.0,1,165340.0,165600.0,4,168820.0,166190.0,166520.0,165450.0,26.0,4310210.0,408
2023-05-10 21:05:57,ni2310,ni2310,165500.0,0.0,0.0,0.0,1,165370.0,165590.0,1,168820.0,166190.0,166520.0,165450.0,26.0,4310210.0,408
2023-05-10 21:05:58,ni2310,ni2310,165500.0,0.0,0.0,0.0,1,165370.0,165590.0,1,168820.0,166190.0,166520.0,165450.0,26.0,4310210.0,408
2023-05-10 21:05:58,ni2310,ni2310,165500.0,0.0,0.0,0.0,1,165370.0,165590.0,1,168820.0,166190.0,166520.0,165450.0,26.0,4310210.0,408
2023-05-10 21:05:59,ni2310,ni2310,165500.0,0.0,0.0,0.0,1,165420.0,165590.0,1,168820.0,166190.0,166520.0,165450.0,26.0,4310210.0,408
2023-05-10 21:05:59,ni2310,ni2310,165500.0,0.0,0.0,0.0,1,165420.0,165600.0,4,168820.0,166190.0,166520.0,165450.0,26.0,4310210.0,408
2023-05-10 21:06:00,ni2310,ni2310,165500.0,0.0,0.0,0.0,1,165360.0,165600.0,7,168820.0,166190.0,166520.0,165450.0,26.0,4310210.0,408
2023-05-10 21:06:00,ni2310,ni2310,165500.0,0.0,0.0,0.0,1,165360.0,165590.0,1,168820.0,166190.0,166520.0,165450.0,26.0,4310210.0,408
2023-05-10 21:06:01,ni2310,ni2310,165500.0,0.0,0.0,0.0,1,165360.0,165580.0,1,168820.0,166190.0,166520.0,165450.0,26.0,4310210.0,408
2023-05-10 21:06:01,ni2310,ni2310,165500.0,0.0,0.0,0.0,1,165360.0,165580.0,1,168820.0,166190.0,166520.0,165450.0,26.0,4310210.0,408
2023-05-10 21:06:02,ni2310,ni2310,165500.0,0.0,0.0,0.0,1,165010.0,165580.0,3,168820.0,166190.0,166520.0,165450.0,26.0,4310210.0,408
2023-05-10 21:06:02,ni2310,ni2310,165500.0,0.0,0.0,0.0,2,165020.0,165570.0,1,168820.0,166190.0,166520.0,165450.0,26.0,4310210.0,408
2023-05-10 21:06:03,ni2310,ni2310,165500.0,0.0,0.0,0.0,1,165340.0,165570.0,2,168820.0,166190.0,166520.0,165450.0,26.0,4310210.0,408
2023-05-10 21:06:03,ni2310,ni2310,165500.0,0.0,0.0,0.0,1,165340.0,165570.0,1,168820.0,166190.0,166520.0,165450.0,26.0,4310210.0,408
2023-05-10 21:06:04,ni2310,ni2310,165500.0,0.0,0.0,0.0,1,165340.0,165570.0,2,168820.0,166190.0,166520.0,165450.0,26.0,4310210.0,408
2023-05-10 21:06:04,ni2310,ni2310,165500.0,0.0,0.0,0.0,1,165340.0,165560.0,1,168820.0,166190.0,166520.0,165450.0,26.0,4310210.0,408
2023-05-10 21:06:05,ni2310,ni2310,165500.0,0.0,0.0,0.0,1,165340.0,165560.0,1,168820.0,166190.0,166520.0,165450.0,26.0,4310210.0,408
2023-05-10 21:06:05,ni2310,ni2310,165500.0,0.0,0.0,0.0,1,165340.0,165550.0,1,168820.0,166190.0,166520.0,165450.0,26.0,4310210.0,408
2023-05-10 21:06:06,ni2310,ni2310,165500.0,0.0,0.0,0.0,1,165350.0,165540.0,1,168820.0,166190.0,166520.0,165450.0,26.0,4310210.0,408
2023-05-10 21:06:06,ni2310,ni2310,165500.0,0.0,0.0,0.0,2,165350.0,165530.0,1,168820.0,166190.0,166520.0,165450.0,26.0,4310210.0,408
2023-05-10 21:06:07,ni2310,ni2310,165500.0,0.0,0.0,0.0,2,165350.0,165530.0,1,168820.0,166190.0,166520.0,165450.0,26.0,4310210.0,408
2023-05-10 21:06:07,ni2310,ni2310,165500.0,0.0,0.0,0.0,2,165350.0,165590.0,1,168820.0,166190.0,166520.0,165450.0,26.0,4310210.0,408
2023-05-10 21:06:08,ni2310,ni2310,165500.0,0.0,0.0,0.0,1,165350.0,165540.0,1,168820.0,166190.0,166520.0,165450.0,26.0,4310210.0,408
2023-05-10 21:06:08,ni2310,ni2310,165500.0,0.0,0.0,0.0,1,165340.0,165530.0,1,168820.0,166190.0,166520.0,165450.0,26.0,4310210.0,408
2023-05-10 21:06:09,ni2310,ni2310,165500.0,0.0,0.0,0.0,1,165360.0,165580.0,1,168820.0,166190.0,166520.0,165450.0,26.0,4310210.0,408
2023-05-10 21:06:09,ni2310,ni2310,165500.0,0.0,0.0,0.0,1,165350.0,165570.0,1,168820.0,166190.0,166520.0,165450.0,26.0,4310210.0,408
2023-05-10 21:06:10,ni2310,ni2310,165500.0,0.0,0.0,0.0,1,165360.0,165560.0,1,168820.0,166190.0,166520.0,165450.0,26.0,4310210.0,408
2023-05-10 21:06:10,ni2310,ni2310,165500.0,0.0,0.0,0.0,1,165360.0,165560.0,1,168820.0,166190.0,166520.0,165450.0,26.0,4310210.0,408
2023-05-10 21:06:11,ni2310,ni2310,165500.0,0.0,0.0,0.0,1,165370.0,165590.0,1,168820.0,166190.0,166520.0,165450.0,26.0,4310210.0,408
2023-05-10 21:06:11,ni2310,ni2310,165500.0,0.0,0.0,0.0,2,165370.0,165590.0,1,168820.0,166190.0,166520.0,165450.0,26.0,4310210.0,408
2023-05-10 21:06:12,ni2310,ni2310,165500.0,0.0,0.0,0.0,1,165380.0,165590.0,2,168820.0,166190.0,166520.0,165450.0,26.0,4310210.0,408
2023-05-10 21:06:12,ni2310,ni2310,165500.0,0.0,0.0,0.0,2,165380.0,165590.0,2,168820.0,166190.0,166520.0,165450.0,26.0,4310210.0,408
2023-05-10 21:06:13,ni2310,ni2310,165500.0,0.0,0.0,0.0,1,165380.0,165590.0,2,168820.0,166190.0,166520.0,165450.0,26.0,4310210.0,408
2023-05-10 21:06:13,ni2310,ni2310,165500.0,0.0,0.0,0.0,1,165390.0,165590.0,1,168820.0,166190.0,166520.0,165450.0,26.0,4310210.0,408
2023-05-10 21:06:14,ni2310,ni2310,165500.0,0.0,0.0,0.0,1,165400.0,165580.0,1,168820.0,166190.0,166520.0,165450.0,26.0,4310210.0,408
2023-05-10 21:06:14,ni2310,ni2310,165500.0,0.0,0.0,0.0,1,165400.0,165590.0,1,168820.0,166190.0,166520.0,165450.0,26.0,4310210.0,408
2023-05-10 21:06:15,ni2310,ni2310,165500.0,0.0,0.0,0.0,1,165410.0,165600.0,4,168820.0,166190.0,166520.0,165450.0,26.0,4310210.0,408
2023-05-10 21:06:16,ni2310,ni2310,165500.0,0.0,0.0,0.0,1,165420.0,165600.0,4,168820.0,166190.0,166520.0,165450.0,26.0,4310210.0,408
2023-05-10 21:06:17,ni2310,ni2310,165500.0,0.0,0.0,0.0,2,165410.0,165600.0,4,168820.0,166190.0,166520.0,165450.0,26.0,4310210.0,408
2023-05-10 21:06:17,ni2310,ni2310,165500.0,0.0,0.0,0.0,2,165410.0,165600.0,4,168820.0,166190.0,166520.0,165450.0,26.0,4310210.0,408
2023-05-10 21:06:18,ni2310,ni2310,165500.0,0.0,0.0,0.0,1,165410.0,165600.0,4,168820.0,166190.0,166520.0,165450.0,26.0,4310210.0,408
2023-05-10 21:06:18,ni2310,ni2310,165500.0,0.0,0.0,0.0,1,165430.0,165600.0,4,168820.0,166190.0,166520.0,165450.0,26.0,4310210.0,408
2023-05-10 21:06:19,ni2310,ni2310,165500.0,0.0,0.0,0.0,1,165440.0,165600.0,4,168820.0,166190.0,166520.0,165450.0,26.0,4310210.0,408
2023-05-10 21:06:19,ni2310,ni2310,165600.0,1.0,165600.0,1.0,2,165440.0,165600.0,3,168820.0,166190.0,166520.0,165450.0,27.0,4475810.0,409
2023-05-10 21:06:20,ni2310,ni2310,165600.0,0.0,0.0,0.0,1,165490.0,165600.0,3,168820.0,166190.0,166520.0,165450.0,27.0,4475810.0,409
2023-05-10 21:06:20,ni2310,ni2310,165600.0,0.0,0.0,0.0,1,165490.0,165600.0,3,168820.0,166190.0,166520.0,165450.0,27.0,4475810.0,409
2023-05-10 21:06:21,ni2310,ni2310,165600.0,0.0,0.0,0.0,2,165490.0,165600.0,3,168820.0,166190.0,166520.0,165450.0,27.0,4475810.0,409
2023-05-10 21:06:21,ni2310,ni2310,165600.0,0.0,0.0,0.0,1,165490.0,165600.0,3,168820.0,166190.0,166520.0,165450.0,27.0,4475810.0,409
2023-05-10 21:06:22,ni2310,ni2310,165600.0,0.0,0.0,0.0,1,165490.0,165600.0,3,168820.0,166190.0,166520.0,165450.0,27.0,4475810.0,409
2023-05-10 21:06:22,ni2310,ni2310,165600.0,0.0,0.0,0.0,1,165500.0,165600.0,3,168820.0,166190.0,166520.0,165450.0,27.0,4475810.0,409
2023-05-10 21:06:23,ni2310,ni2310,165600.0,0.0,0.0,0.0,1,165510.0,165600.0,3,168820.0,166190.0,166520.0,165450.0,27.0,4475810.0,409
2023-05-10 21:06:24,ni2310,ni2310,165600.0,0.0,0.0,0.0,1,165510.0,165600.0,3,168820.0,166190.0,166520.0,165450.0,27.0,4475810.0,409
2023-05-10 21:06:24,ni2310,ni2310,165600.0,0.0,0.0,0.0,1,165520.0,165600.0,3,168820.0,166190.0,166520.0,165450.0,27.0,4475810.0,409
2023-05-10 21:06:26,ni2310,ni2310,165600.0,0.0,0.0,0.0,1,165520.0,165600.0,3,168820.0,166190.0,166520.0,165450.0,27.0,4475810.0,409
2023-05-10 21:06:26,ni2310,ni2310,165600.0,0.0,0.0,0.0,2,165520.0,165600.0,3,168820.0,166190.0,166520.0,165450.0,27.0,4475810.0,409
2023-05-10 21:06:27,ni2310,ni2310,165600.0,0.0,0.0,0.0,1,165530.0,165600.0,3,168820.0,166190.0,166520.0,165450.0,27.0,4475810.0,409
2023-05-10 21:06:28,ni2310,ni2310,165600.0,1.0,165600.0,0.0,1,165530.0,165600.0,2,168820.0,166190.0,166520.0,165450.0,28.0,4641410.0,409
2023-05-10 21:06:28,ni2310,ni2310,165600.0,2.0,331200.0,0.0,1,165530.0,166790.0,6,168820.0,166190.0,166520.0,165450.0,30.0,4972610.0,409
2023-05-10 21:06:29,ni2310,ni2310,165600.0,0.0,0.0,0.0,1,165600.0,165820.0,1,168820.0,166190.0,166520.0,165450.0,30.0,4972610.0,409
2023-05-10 21:06:29,ni2310,ni2310,165600.0,0.0,0.0,0.0,1,165530.0,165820.0,2,168820.0,166190.0,166520.0,165450.0,30.0,4972610.0,409
2023-05-10 21:06:30,ni2310,ni2310,165600.0,0.0,0.0,0.0,1,165530.0,165810.0,1,168820.0,166190.0,166520.0,165450.0,30.0,4972610.0,409
2023-05-10 21:06:30,ni2310,ni2310,165600.0,0.0,0.0,0.0,1,165550.0,165810.0,4,168820.0,166190.0,166520.0,165450.0,30.0,4972610.0,409
2023-05-10 21:06:31,ni2310,ni2310,165600.0,0.0,0.0,0.0,1,165550.0,165810.0,4,168820.0,166190.0,166520.0,165450.0,30.0,4972610.0,409
2023-05-10 21:06:31,ni2310,ni2310,165600.0,0.0,0.0,0.0,1,165550.0,165810.0,3,168820.0,166190.0,166520.0,165450.0,30.0,4972610.0,409
2023-05-10 21:06:32,ni2310,ni2310,165600.0,0.0,0.0,0.0,1,165550.0,165800.0,1,168820.0,166190.0,166520.0,165450.0,30.0,4972610.0,409
2023-05-10 21:06:32,ni2310,ni2310,165600.0,0.0,0.0,0.0,1,165550.0,165770.0,1,168820.0,166190.0,166520.0,165450.0,30.0,4972610.0,409
2023-05-10 21:06:33,ni2310,ni2310,165600.0,0.0,0.0,0.0,1,165010.0,165770.0,1,168820.0,166190.0,166520.0,165450.0,30.0,4972610.0,409
2023-05-10 21:06:33,ni2310,ni2310,165600.0,0.0,0.0,0.0,5,165040.0,165770.0,3,168820.0,166190.0,166520.0,165450.0,30.0,4972610.0,409
2023-05-10 21:06:34,ni2310,ni2310,165600.0,0.0,0.0,0.0,1,165230.0,165770.0,1,168820.0,166190.0,166520.0,165450.0,30.0,4972610.0,409
2023-05-10 21:06:34,ni2310,ni2310,165600.0,0.0,0.0,0.0,1,165260.0,165760.0,1,168820.0,166190.0,166520.0,165450.0,30.0,4972610.0,409
2023-05-10 21:06:35,ni2310,ni2310,165600.0,0.0,0.0,0.0,1,165300.0,165740.0,1,168820.0,166190.0,166520.0,165450.0,30.0,4972610.0,409
2023-05-10 21:06:35,ni2310,ni2310,165600.0,0.0,0.0,0.0,1,165330.0,165740.0,1,168820.0,166190.0,166520.0,165450.0,30.0,4972610.0,409
2023-05-10 21:06:36,ni2310,ni2310,165600.0,0.0,0.0,0.0,1,165350.0,165730.0,1,168820.0,166190.0,166520.0,165450.0,30.0,4972610.0,409
2023-05-10 21:06:36,ni2310,ni2310,165600.0,0.0,0.0,0.0,2,165360.0,165730.0,3,168820.0,166190.0,166520.0,165450.0,30.0,4972610.0,409
2023-05-10 21:06:37,ni2310,ni2310,165600.0,0.0,0.0,0.0,2,165380.0,165730.0,2,168820.0,166190.0,166520.0,165450.0,30.0,4972610.0,409
2023-05-10 21:06:37,ni2310,ni2310,165600.0,0.0,0.0,0.0,1,165440.0,165720.0,1,168820.0,166190.0,166520.0,165450.0,30.0,4972610.0,409
2023-05-10 21:06:38,ni2310,ni2310,165600.0,0.0,0.0,0.0,1,165450.0,165720.0,1,168820.0,166190.0,166520.0,165450.0,30.0,4972610.0,409
2023-05-10 21:06:38,ni2310,ni2310,165600.0,0.0,0.0,0.0,1,165460.0,165720.0,2,168820.0,166190.0,166520.0,165450.0,30.0,4972610.0,409
2023-05-10 21:06:39,ni2310,ni2310,165600.0,0.0,0.0,0.0,5,165040.0,165710.0,1,168820.0,166190.0,166520.0,165450.0,30.0,4972610.0,409
2023-05-10 21:06:39,ni2310,ni2310,165600.0,0.0,0.0,0.0,2,165050.0,165710.0,2,168820.0,166190.0,166520.0,165450.0,30.0,4972610.0,409
2023-05-10 21:06:40,ni2310,ni2310,165600.0,0.0,0.0,0.0,1,165220.0,165710.0,2,168820.0,166190.0,166520.0,165450.0,30.0,4972610.0,409
2023-05-10 21:06:40,ni2310,ni2310,165600.0,0.0,0.0,0.0,2,165230.0,165680.0,1,168820.0,166190.0,166520.0,165450.0,30.0,4972610.0,409
2023-05-10 21:06:41,ni2310,ni2310,165600.0,0.0,0.0,0.0,2,165230.0,165660.0,1,168820.0,166190.0,166520.0,165450.0,30.0,4972610.0,409
2023-05-10 21:06:41,ni2310,ni2310,165600.0,0.0,0.0,0.0,2,165230.0,165660.0,1,168820.0,166190.0,166520.0,165450.0,30.0,4972610.0,409
2023-05-10 21:06:42,ni2310,ni2310,165600.0,0.0,0.0,0.0,1,165260.0,165660.0,1,168820.0,166190.0,166520.0,165450.0,30.0,4972610.0,409
2023-05-10 21:06:42,ni2310,ni2310,165600.0,0.0,0.0,0.0,1,165280.0,165660.0,1,168820.0,166190.0,166520.0,165450.0,30.0,4972610.0,409
2023-05-10 21:06:43,ni2310,ni2310,165600.0,0.0,0.0,0.0,2,165290.0,165640.0,1,168820.0,166190.0,166520.0,165450.0,30.0,4972610.0,409
2023-05-10 21:06:43,ni2310,ni2310,165600.0,0.0,0.0,0.0,2,165290.0,165640.0,1,168820.0,166190.0,166520.0,165450.0,30.0,4972610.0,409
2023-05-10 21:06:44,ni2310,ni2310,165600.0,0.0,0.0,0.0,1,165310.0,165650.0,1,168820.0,166190.0,166520.0,165450.0,30.0,4972610.0,409
2023-05-10 21:06:44,ni2310,ni2310,165600.0,0.0,0.0,0.0,1,165320.0,165650.0,3,168820.0,166190.0,166520.0,165450.0,30.0,4972610.0,409
2023-05-10 21:06:45,ni2310,ni2310,165600.0,0.0,0.0,0.0,1,165330.0,165650.0,3,168820.0,166190.0,166520.0,165450.0,30.0,4972610.0,409
2023-05-10 21:06:45,ni2310,ni2310,165600.0,0.0,0.0,0.0,2,165330.0,165650.0,3,168820.0,166190.0,166520.0,165450.0,30.0,4972610.0,409
2023-05-10 21:06:46,ni2310,ni2310,165600.0,0.0,0.0,0.0,1,165340.0,165650.0,4,168820.0,166190.0,166520.0,165450.0,30.0,4972610.0,409
2023-05-10 21:06:46,ni2310,ni2310,165600.0,0.0,0.0,0.0,1,165340.0,165650.0,3,168820.0,166190.0,166520.0,165450.0,30.0,4972610.0,409
2023-05-10 21:06:47,ni2310,ni2310,165600.0,0.0,0.0,0.0,1,165360.0,165630.0,1,168820.0,166190.0,166520.0,165450.0,30.0,4972610.0,409
2023-05-10 21:06:47,ni2310,ni2310,165600.0,0.0,0.0,0.0,1,165360.0,165550.0,1,168820.0,166190.0,166520.0,165450.0,30.0,4972610.0,409
2023-05-10 21:06:48,ni2310,ni2310,165600.0,0.0,0.0,0.0,1,165360.0,165620.0,1,168820.0,166190.0,166520.0,165450.0,30.0,4972610.0,409
2023-05-10 21:06:49,ni2310,ni2310,165600.0,0.0,0.0,0.0,1,165380.0,165610.0,1,168820.0,166190.0,166520.0,165450.0,30.0,4972610.0,409
2023-05-10 21:06:49,ni2310,ni2310,165600.0,0.0,0.0,0.0,1,165380.0,165590.0,1,168820.0,166190.0,166520.0,165450.0,30.0,4972610.0,409
2023-05-10 21:06:50,ni2310,ni2310,165600.0,0.0,0.0,0.0,1,165380.0,165800.0,2,168820.0,166190.0,166520.0,165450.0,30.0,4972610.0,409
2023-05-10 21:06:50,ni2310,ni2310,165600.0,0.0,0.0,0.0,1,165380.0,165710.0,1,168820.0,166190.0,166520.0,165450.0,30.0,4972610.0,409
2023-05-10 21:06:51,ni2310,ni2310,165600.0,0.0,0.0,0.0,1,165390.0,165710.0,2,168820.0,166190.0,166520.0,165450.0,30.0,4972610.0,409
2023-05-10 21:06:51,ni2310,ni2310,165600.0,0.0,0.0,0.0,1,165390.0,165690.0,1,168820.0,166190.0,166520.0,165450.0,30.0,4972610.0,409
2023-05-10 21:06:52,ni2310,ni2310,165600.0,0.0,0.0,0.0,1,165390.0,165630.0,1,168820.0,166190.0,166520.0,165450.0,30.0,4972610.0,409
2023-05-10 21:06:52,ni2310,ni2310,165600.0,0.0,0.0,0.0,1,165390.0,165630.0,1,168820.0,166190.0,166520.0,165450.0,30.0,4972610.0,409
2023-05-10 21:06:53,ni2310,ni2310,165600.0,0.0,0.0,0.0,1,165400.0,165760.0,1,168820.0,166190.0,166520.0,165450.0,30.0,4972610.0,409
2023-05-10 21:06:53,ni2310,ni2310,165600.0,0.0,0.0,0.0,1,165390.0,165710.0,1,168820.0,166190.0,166520.0,165450.0,30.0,4972610.0,409
2023-05-10 21:06:54,ni2310,ni2310,165600.0,0.0,0.0,0.0,1,165390.0,165710.0,1,168820.0,166190.0,166520.0,165450.0,30.0,4972610.0,409
2023-05-10 21:06:54,ni2310,ni2310,165600.0,0.0,0.0,0.0,1,165390.0,165710.0,1,168820.0,166190.0,166520.0,165450.0,30.0,4972610.0,409
2023-05-10 21:06:55,ni2310,ni2310,165600.0,0.0,0.0,0.0,1,165390.0,165710.0,1,168820.0,166190.0,166520.0,165450.0,30.0,4972610.0,409
2023-05-10 21:06:55,ni2310,ni2310,165600.0,0.0,0.0,0.0,1,165390.0,165710.0,3,168820.0,166190.0,166520.0,165450.0,30.0,4972610.0,409
2023-05-10 21:06:56,ni2310,ni2310,165600.0,0.0,0.0,0.0,1,165400.0,165710.0,1,168820.0,166190.0,166520.0,165450.0,30.0,4972610.0,409
2023-05-10 21:06:57,ni2310,ni2310,165600.0,0.0,0.0,0.0,1,165410.0,165710.0,1,168820.0,166190.0,166520.0,165450.0,30.0,4972610.0,409
2023-05-10 21:06:58,ni2310,ni2310,165600.0,0.0,0.0,0.0,1,165420.0,165700.0,1,168820.0,166190.0,166520.0,165450.0,30.0,4972610.0,409
2023-05-10 21:06:58,ni2310,ni2310,165600.0,0.0,0.0,0.0,1,165410.0,165700.0,3,168820.0,166190.0,166520.0,165450.0,30.0,4972610.0,409
2023-05-10 21:07:00,ni2310,ni2310,165600.0,0.0,0.0,0.0,1,165420.0,165700.0,3,168820.0,166190.0,166520.0,165450.0,30.0,4972610.0,409
2023-05-10 21:07:00,ni2310,ni2310,165600.0,0.0,0.0,0.0,1,165410.0,165700.0,5,168820.0,166190.0,166520.0,165450.0,30.0,4972610.0,409
2023-05-10 21:07:01,ni2310,ni2310,165600.0,0.0,0.0,0.0,1,165010.0,165700.0,4,168820.0,166190.0,166520.0,165450.0,30.0,4972610.0,409
2023-05-10 21:07:02,ni2310,ni2310,165600.0,0.0,0.0,0.0,8,165020.0,165690.0,3,168820.0,166190.0,166520.0,165450.0,30.0,4972610.0,409
2023-05-10 21:07:02,ni2310,ni2310,165600.0,0.0,0.0,0.0,1,165310.0,165580.0,1,168820.0,166190.0,166520.0,165450.0,30.0,4972610.0,409
2023-05-10 21:07:03,ni2310,ni2310,165600.0,0.0,0.0,0.0,1,165310.0,165580.0,1,168820.0,166190.0,166520.0,165450.0,30.0,4972610.0,409
2023-05-10 21:07:03,ni2310,ni2310,165600.0,0.0,0.0,0.0,1,165310.0,165570.0,1,168820.0,166190.0,166520.0,165450.0,30.0,4972610.0,409
2023-05-10 21:07:04,ni2310,ni2310,165600.0,0.0,0.0,0.0,1,165010.0,165500.0,1,168820.0,166190.0,166520.0,165450.0,30.0,4972610.0,409
2023-05-10 21:07:04,ni2310,ni2310,165600.0,0.0,0.0,0.0,2,165020.0,165500.0,2,168820.0,166190.0,166520.0,165450.0,30.0,4972610.0,409
2023-05-10 21:07:05,ni2310,ni2310,165600.0,0.0,0.0,0.0,2,165020.0,165470.0,2,168820.0,166190.0,166520.0,165450.0,30.0,4972610.0,409
2023-05-10 21:07:05,ni2310,ni2310,165600.0,0.0,0.0,0.0,1,165020.0,165400.0,1,168820.0,166190.0,166520.0,165450.0,30.0,4972610.0,409
2023-05-10 21:07:06,ni2310,ni2310,165600.0,0.0,0.0,0.0,1,165010.0,165340.0,2,168820.0,166190.0,166520.0,165450.0,30.0,4972610.0,409
2023-05-10 21:07:06,ni2310,ni2310,165600.0,0.0,0.0,0.0,1,165010.0,165260.0,1,168820.0,166190.0,166520.0,165450.0,30.0,4972610.0,409
2023-05-10 21:07:07,ni2310,ni2310,165600.0,0.0,0.0,0.0,1,165010.0,165260.0,1,168820.0,166190.0,166520.0,165450.0,30.0,4972610.0,409
2023-05-10 21:07:07,ni2310,ni2310,165600.0,0.0,0.0,0.0,1,165020.0,165260.0,1,168820.0,166190.0,166520.0,165450.0,30.0,4972610.0,409
2023-05-10 21:07:08,ni2310,ni2310,165600.0,0.0,0.0,0.0,1,165030.0,165260.0,1,168820.0,166190.0,166520.0,165450.0,30.0,4972610.0,409
2023-05-10 21:07:08,ni2310,ni2310,165600.0,0.0,0.0,0.0,1,165030.0,165250.0,1,168820.0,166190.0,166520.0,165450.0,30.0,4972610.0,409
2023-05-10 21:07:09,ni2310,ni2310,165600.0,0.0,0.0,0.0,1,165030.0,165470.0,2,168820.0,166190.0,166520.0,165450.0,30.0,4972610.0,409
2023-05-10 21:07:09,ni2310,ni2310,165600.0,0.0,0.0,0.0,1,165030.0,165340.0,1,168820.0,166190.0,166520.0,165450.0,30.0,4972610.0,409
2023-05-10 21:07:10,ni2310,ni2310,165600.0,0.0,0.0,0.0,1,165030.0,165340.0,1,168820.0,166190.0,166520.0,165450.0,30.0,4972610.0,409
2023-05-10 21:07:10,ni2310,ni2310,165030.0,1.0,165030.0,-1.0,1,165010.0,165330.0,1,168820.0,166190.0,166520.0,165030.0,31.0,5137640.0,408
2023-05-10 21:07:11,ni2310,ni2310,165030.0,0.0,0.0,0.0,1,165010.0,165300.0,1,168820.0,166190.0,166520.0,165030.0,31.0,5137640.0,408
2023-05-10 21:07:11,ni2310,ni2310,165030.0,0.0,0.0,0.0,1,165010.0,165300.0,1,168820.0,166190.0,166520.0,165030.0,31.0,5137640.0,408
2023-05-10 21:07:12,ni2310,ni2310,165030.0,0.0,0.0,0.0,1,165010.0,165300.0,1,168820.0,166190.0,166520.0,165030.0,31.0,5137640.0,408
2023-05-10 21:07:12,ni2310,ni2310,165030.0,0.0,0.0,0.0,1,165030.0,165290.0,1,168820.0,166190.0,166520.0,165030.0,31.0,5137640.0,408
2023-05-10 21:07:13,ni2310,ni2310,165030.0,0.0,0.0,0.0,1,165030.0,165260.0,1,168820.0,166190.0,166520.0,165030.0,31.0,5137640.0,408
2023-05-10 21:07:13,ni2310,ni2310,165030.0,0.0,0.0,0.0,1,165030.0,165260.0,1,168820.0,166190.0,166520.0,165030.0,31.0,5137640.0,408
2023-05-10 21:07:14,ni2310,ni2310,165030.0,0.0,0.0,0.0,1,165010.0,165260.0,1,168820.0,166190.0,166520.0,165030.0,31.0,5137640.0,408
2023-05-10 21:07:14,ni2310,ni2310,165030.0,0.0,0.0,0.0,1,165010.0,165260.0,3,168820.0,166190.0,166520.0,165030.0,31.0,5137640.0,408
