time,symbol_id,symbol_name,last,trade_volume,trade_amount,open_interest_change,bv1,bp1,ap1,av1,yesterday_close,today_open,today_high,today_low,volume,amount,open_interest
2023-05-10 09:29:00,TS2309,TS2309,100.99,4.0,8079200.0,-3.0,6,100.99,100.995,1,100.97,100.99,100.99,100.99,4.0,8079200.0,20245
2023-05-10 09:30:00,TS2309,TS2309,100.99,2.0,4039600.0,-2.0,5,100.99,100.995,1,100.97,100.99,100.99,100.99,6.0,12118800.0,20243
2023-05-10 09:30:00,TS2309,TS2309,100.99,2.0,4039600.0,-2.0,3,100.99,100.995,1,100.97,100.99,100.99,100.99,8.0,16158400.0,20241
2023-05-10 09:30:01,TS2309,TS2309,100.99,0.0,0.0,0.0,5,100.99,100.995,1,100.97,100.99,100.99,100.99,8.0,16158400.0,20241
2023-05-10 09:30:01,TS2309,TS2309,100.995,3.0,6059700.0,-1.0,10,100.995,101.0,5,100.97,100.99,100.995,100.99,11.0,22218100.0,20240
2023-05-10 09:30:02,TS2309,TS2309,100.995,0.0,0.0,0.0,5,100.99,101.0,5,100.97,100.99,100.995,100.99,11.0,22218100.0,20240
2023-05-10 09:30:02,TS2309,TS2309,100.995,0.0,0.0,0.0,10,100.995,101.0,5,100.97,100.99,100.995,100.99,11.0,22218100.0,20240
2023-05-10 09:30:03,TS2309,TS2309,100.995,2.0,4039800.0,-2.0,8,100.995,101.0,5,100.97,100.99,100.995,100.99,13.0,26257900.0,20238
2023-05-10 09:30:04,TS2309,TS2309,100.995,0.0,0.0,0.0,17,100.99,101.0,5,100.97,100.99,100.995,100.99,13.0,26257900.0,20238
2023-05-10 09:30:04,TS2309,TS2309,100.995,0.0,0.0,0.0,17,100.99,100.995,1,100.97,100.99,100.995,100.99,13.0,26257900.0,20238
2023-05-10 09:30:05,TS2309,TS2309,100.995,1.0,2019900.0,0.0,25,100.99,100.995,1,100.97,100.99,100.995,100.99,14.0,28277800.0,20238
2023-05-10 09:30:05,TS2309,TS2309,100.995,1.0,2019900.0,0.0,26,100.99,101.0,6,100.97,100.99,100.995,100.99,15.0,30297700.0,20238
2023-05-10 09:30:06,TS2309,TS2309,100.995,0.0,0.0,0.0,26,100.99,101.0,9,100.97,100.99,100.995,100.99,15.0,30297700.0,20238
2023-05-10 09:30:06,TS2309,TS2309,100.995,0.0,0.0,0.0,27,100.99,101.0,14,100.97,100.99,100.995,100.99,15.0,30297700.0,20238
2023-05-10 09:30:10,TS2309,TS2309,100.995,0.0,0.0,0.0,27,100.99,101.0,9,100.97,100.99,100.995,100.99,15.0,30297700.0,20238
2023-05-10 09:30:10,TS2309,TS2309,100.995,0.0,0.0,0.0,32,100.99,101.0,9,100.97,100.99,100.995,100.99,15.0,30297700.0,20238
2023-05-10 09:30:11,TS2309,TS2309,100.995,0.0,0.0,0.0,24,100.99,101.0,9,100.97,100.99,100.995,100.99,15.0,30297700.0,20238
2023-05-10 09:30:11,TS2309,TS2309,100.995,0.0,0.0,0.0,8,100.995,101.0,9,100.97,100.99,100.995,100.99,15.0,30297700.0,20238
2023-05-10 09:30:12,TS2309,TS2309,100.995,0.0,0.0,0.0,29,100.99,101.0,9,100.97,100.99,100.995,100.99,15.0,30297700.0,20238
2023-05-10 09:30:12,TS2309,TS2309,100.995,0.0,0.0,0.0,24,100.99,101.0,9,100.97,100.99,100.995,100.99,15.0,30297700.0,20238
2023-05-10 09:30:13,TS2309,TS2309,100.99,3.0,6059400.0,1.0,29,100.99,101.0,6,100.97,100.99,100.995,100.99,18.0,36357100.0,20239
2023-05-10 09:30:13,TS2309,TS2309,100.99,0.0,0.0,0.0,26,100.99,101.0,6,100.97,100.99,100.995,100.99,18.0,36357100.0,20239
2023-05-10 09:30:14,TS2309,TS2309,100.99,0.0,0.0,0.0,8,100.995,101.0,6,100.97,100.99,100.995,100.99,18.0,36357100.0,20239
2023-05-10 09:30:15,TS2309,TS2309,101.0,6.0,12120000.0,0.0,9,100.995,101.005,12,100.97,100.99,101.0,100.99,24.0,48477100.0,20239
2023-05-10 09:30:16,TS2309,TS2309,101.0,0.0,0.0,0.0,14,100.995,101.0,3,100.97,100.99,101.0,100.99,24.0,48477100.0,20239
2023-05-10 09:30:16,TS2309,TS2309,101.0,0.0,0.0,0.0,9,100.995,101.0,3,100.97,100.99,101.0,100.99,24.0,48477100.0,20239
2023-05-10 09:30:18,TS2309,TS2309,101.0,0.0,0.0,0.0,1,100.995,101.0,5,100.97,100.99,101.0,100.99,24.0,48477100.0,20239
2023-05-10 09:30:18,TS2309,TS2309,100.995,1.0,2019900.0,0.0,36,100.99,101.0,6,100.97,100.99,101.0,100.99,25.0,50497000.0,20239
2023-05-10 09:30:19,TS2309,TS2309,100.995,0.0,0.0,0.0,21,100.99,101.0,6,100.97,100.99,101.0,100.99,25.0,50497000.0,20239
2023-05-10 09:30:19,TS2309,TS2309,100.995,0.0,0.0,0.0,29,100.99,101.0,6,100.97,100.99,101.0,100.99,25.0,50497000.0,20239
2023-05-10 09:30:21,TS2309,TS2309,100.995,0.0,0.0,0.0,1,100.995,101.0,6,100.97,100.99,101.0,100.99,25.0,50497000.0,20239
2023-05-10 09:30:22,TS2309,TS2309,100.995,1.0,2019900.0,0.0,44,100.99,101.0,6,100.97,100.99,101.0,100.99,26.0,52516900.0,20239
2023-05-10 09:30:22,TS2309,TS2309,100.995,0.0,0.0,0.0,29,100.99,101.0,6,100.97,100.99,101.0,100.99,26.0,52516900.0,20239
2023-05-10 09:30:25,TS2309,TS2309,100.99,2.0,4039600.0,2.0,27,100.99,101.0,4,100.97,100.99,101.0,100.99,28.0,56556500.0,20241
2023-05-10 09:30:25,TS2309,TS2309,100.99,0.0,0.0,0.0,27,100.99,101.0,5,100.97,100.99,101.0,100.99,28.0,56556500.0,20241
2023-05-10 09:30:26,TS2309,TS2309,100.99,0.0,0.0,0.0,32,100.99,101.0,5,100.97,100.99,101.0,100.99,28.0,56556500.0,20241
2023-05-10 09:30:27,TS2309,TS2309,100.99,0.0,0.0,0.0,32,100.99,101.0,10,100.97,100.99,101.0,100.99,28.0,56556500.0,20241
2023-05-10 09:30:30,TS2309,TS2309,100.99,0.0,0.0,0.0,32,100.99,101.0,13,100.97,100.99,101.0,100.99,28.0,56556500.0,20241
2023-05-10 09:30:31,TS2309,TS2309,100.99,0.0,0.0,0.0,1,100.995,101.0,13,100.97,100.99,101.0,100.99,28.0,56556500.0,20241
2023-05-10 09:30:32,TS2309,TS2309,100.99,0.0,0.0,0.0,6,100.995,101.0,13,100.97,100.99,101.0,100.99,28.0,56556500.0,20241
2023-05-10 09:30:37,TS2309,TS2309,100.99,3.0,6059400.0,3.0,3,100.995,101.0,14,100.97,100.99,101.0,100.99,31.0,62615900.0,20244
2023-05-10 09:30:37,TS2309,TS2309,100.995,1.0,2019900.0,1.0,2,100.995,101.0,14,100.97,100.99,101.0,100.99,32.0,64635800.0,20245
2023-05-10 09:30:38,TS2309,TS2309,101.0,18.0,36360000.0,7.0,12,101.0,101.005,26,100.97,100.99,101.0,100.99,50.0,100995800.0,20252
2023-05-10 09:30:38,TS2309,TS2309,101.0,12.0,24240000.0,12.0,23,100.995,101.005,6,100.97,100.99,101.0,100.99,62.0,125235800.0,20264
2023-05-10 09:30:39,TS2309,TS2309,101.0,0.0,0.0,0.0,8,100.995,101.005,21,100.97,100.99,101.0,100.99,62.0,125235800.0,20264
2023-05-10 09:30:42,TS2309,TS2309,101.0,0.0,0.0,0.0,10,100.995,101.005,21,100.97,100.99,101.0,100.99,62.0,125235800.0,20264
2023-05-10 09:30:44,TS2309,TS2309,101.0,0.0,0.0,0.0,4,101.0,101.005,21,100.97,100.99,101.0,100.99,62.0,125235800.0,20264
2023-05-10 09:30:45,TS2309,TS2309,101.0,4.0,8080000.0,0.0,35,100.995,101.005,21,100.97,100.99,101.0,100.99,66.0,133315800.0,20264
2023-05-10 09:30:45,TS2309,TS2309,101.0,0.0,0.0,0.0,21,100.995,101.005,21,100.97,100.99,101.0,100.99,66.0,133315800.0,20264
2023-05-10 09:30:54,TS2309,TS2309,101.0,0.0,0.0,0.0,21,100.995,101.005,24,100.97,100.99,101.0,100.99,66.0,133315800.0,20264
2023-05-10 09:30:58,TS2309,TS2309,101.0,0.0,0.0,0.0,21,100.995,101.0,1,100.97,100.99,101.0,100.99,66.0,133315800.0,20264
2023-05-10 09:30:59,TS2309,TS2309,101.0,0.0,0.0,0.0,16,100.995,101.0,5,100.97,100.99,101.0,100.99,66.0,133315800.0,20264
2023-05-10 09:31:06,TS2309,TS2309,101.0,0.0,0.0,0.0,16,100.995,101.0,15,100.97,100.99,101.0,100.99,66.0,133315800.0,20264
2023-05-10 09:31:08,TS2309,TS2309,100.995,2.0,4039800.0,0.0,14,100.995,101.0,15,100.97,100.99,101.0,100.99,68.0,137355600.0,20264
2023-05-10 09:31:08,TS2309,TS2309,100.995,12.0,24238800.0,11.0,68,100.99,101.0,16,100.97,100.99,101.0,100.99,80.0,161594400.0,20275
2023-05-10 09:31:09,TS2309,TS2309,100.995,0.0,0.0,0.0,30,100.99,101.0,16,100.97,100.99,101.0,100.99,80.0,161594400.0,20275
2023-05-10 09:31:09,TS2309,TS2309,100.995,0.0,0.0,0.0,30,100.99,101.0,29,100.97,100.99,101.0,100.99,80.0,161594400.0,20275
2023-05-10 09:31:10,TS2309,TS2309,100.995,0.0,0.0,0.0,25,100.99,101.0,21,100.97,100.99,101.0,100.99,80.0,161594400.0,20275
2023-05-10 09:31:11,TS2309,TS2309,100.995,0.0,0.0,0.0,29,100.99,101.0,16,100.97,100.99,101.0,100.99,80.0,161594400.0,20275
2023-05-10 09:31:12,TS2309,TS2309,100.995,0.0,0.0,0.0,24,100.99,101.0,16,100.97,100.99,101.0,100.99,80.0,161594400.0,20275
2023-05-10 09:31:14,TS2309,TS2309,100.995,0.0,0.0,0.0,24,100.99,101.0,17,100.97,100.99,101.0,100.99,80.0,161594400.0,20275
2023-05-10 09:31:15,TS2309,TS2309,100.995,0.0,0.0,0.0,24,100.99,101.0,67,100.97,100.99,101.0,100.99,80.0,161594400.0,20275
2023-05-10 09:31:16,TS2309,TS2309,100.995,0.0,0.0,0.0,24,100.99,101.0,72,100.97,100.99,101.0,100.99,80.0,161594400.0,20275
2023-05-10 09:31:16,TS2309,TS2309,100.995,0.0,0.0,0.0,24,100.99,100.995,1,100.97,100.99,101.0,100.99,80.0,161594400.0,20275
2023-05-10 09:31:17,TS2309,TS2309,100.995,1.0,2019900.0,-1.0,19,100.99,100.995,14,100.97,100.99,101.0,100.99,81.0,163614300.0,20274
2023-05-10 09:31:18,TS2309,TS2309,100.995,0.0,0.0,0.0,14,100.99,100.995,14,100.97,100.99,101.0,100.99,81.0,163614300.0,20274
2023-05-10 09:31:18,TS2309,TS2309,100.995,0.0,0.0,0.0,19,100.99,100.995,14,100.97,100.99,101.0,100.99,81.0,163614300.0,20274
2023-05-10 09:31:20,TS2309,TS2309,100.995,0.0,0.0,0.0,24,100.99,100.995,14,100.97,100.99,101.0,100.99,81.0,163614300.0,20274
2023-05-10 09:31:21,TS2309,TS2309,100.995,0.0,0.0,0.0,19,100.99,100.995,14,100.97,100.99,101.0,100.99,81.0,163614300.0,20274
2023-05-10 09:31:21,TS2309,TS2309,100.995,14.0,28278600.0,-4.0,24,100.99,101.0,83,100.97,100.99,101.0,100.99,95.0,191892900.0,20270
2023-05-10 09:31:22,TS2309,TS2309,100.995,0.0,0.0,0.0,39,100.99,101.0,63,100.97,100.99,101.0,100.99,95.0,191892900.0,20270
2023-05-10 09:31:22,TS2309,TS2309,100.995,0.0,0.0,0.0,39,100.99,101.0,58,100.97,100.99,101.0,100.99,95.0,191892900.0,20270
2023-05-10 09:31:23,TS2309,TS2309,100.995,0.0,0.0,0.0,34,100.99,101.0,12,100.97,100.99,101.0,100.99,95.0,191892900.0,20270
2023-05-10 09:31:24,TS2309,TS2309,100.995,0.0,0.0,0.0,18,100.995,101.0,12,100.97,100.99,101.0,100.99,95.0,191892900.0,20270
2023-05-10 09:31:25,TS2309,TS2309,100.995,0.0,0.0,0.0,28,100.995,101.0,12,100.97,100.99,101.0,100.99,95.0,191892900.0,20270
2023-05-10 09:31:27,TS2309,TS2309,100.995,0.0,0.0,0.0,28,100.995,101.0,7,100.97,100.99,101.0,100.99,95.0,191892900.0,20270
2023-05-10 09:31:29,TS2309,TS2309,100.995,19.0,38378100.0,18.0,50,100.99,101.0,7,100.97,100.99,101.0,100.99,114.0,230271000.0,20288
2023-05-10 09:31:29,TS2309,TS2309,100.995,0.0,0.0,0.0,40,100.99,101.0,20,100.97,100.99,101.0,100.99,114.0,230271000.0,20288
2023-05-10 09:31:30,TS2309,TS2309,100.995,0.0,0.0,0.0,53,100.99,101.0,20,100.97,100.99,101.0,100.99,114.0,230271000.0,20288
2023-05-10 09:31:32,TS2309,TS2309,100.995,0.0,0.0,0.0,52,100.99,101.0,20,100.97,100.99,101.0,100.99,114.0,230271000.0,20288
2023-05-10 09:31:35,TS2309,TS2309,100.995,0.0,0.0,0.0,52,100.99,101.0,7,100.97,100.99,101.0,100.99,114.0,230271000.0,20288
2023-05-10 09:31:35,TS2309,TS2309,100.995,0.0,0.0,0.0,70,100.99,101.0,7,100.97,100.99,101.0,100.99,114.0,230271000.0,20288
2023-05-10 09:31:36,TS2309,TS2309,100.995,0.0,0.0,0.0,57,100.99,101.0,7,100.97,100.99,101.0,100.99,114.0,230271000.0,20288
2023-05-10 09:31:40,TS2309,TS2309,100.995,0.0,0.0,0.0,62,100.99,101.0,7,100.97,100.99,101.0,100.99,114.0,230271000.0,20288
2023-05-10 09:31:42,TS2309,TS2309,100.995,0.0,0.0,0.0,62,100.99,101.0,20,100.97,100.99,101.0,100.99,114.0,230271000.0,20288
2023-05-10 09:31:42,TS2309,TS2309,100.99,10.0,20198000.0,-1.0,52,100.99,101.0,7,100.97,100.99,101.0,100.99,124.0,250469000.0,20287
2023-05-10 09:31:43,TS2309,TS2309,100.99,0.0,0.0,0.0,47,100.99,101.0,9,100.97,100.99,101.0,100.99,124.0,250469000.0,20287
2023-05-10 09:31:50,TS2309,TS2309,100.99,0.0,0.0,0.0,47,100.99,101.0,14,100.97,100.99,101.0,100.99,124.0,250469000.0,20287
2023-05-10 09:31:50,TS2309,TS2309,100.99,0.0,0.0,0.0,60,100.99,101.0,14,100.97,100.99,101.0,100.99,124.0,250469000.0,20287
2023-05-10 09:31:51,TS2309,TS2309,100.99,0.0,0.0,0.0,52,100.99,101.0,14,100.97,100.99,101.0,100.99,124.0,250469000.0,20287
2023-05-10 09:31:52,TS2309,TS2309,100.99,0.0,0.0,0.0,2,100.995,101.0,14,100.97,100.99,101.0,100.99,124.0,250469000.0,20287
2023-05-10 09:31:52,TS2309,TS2309,100.99,0.0,0.0,0.0,12,100.995,101.0,19,100.97,100.99,101.0,100.99,124.0,250469000.0,20287
2023-05-10 09:31:53,TS2309,TS2309,100.99,0.0,0.0,0.0,15,100.995,101.0,19,100.97,100.99,101.0,100.99,124.0,250469000.0,20287
2023-05-10 09:31:57,TS2309,TS2309,100.99,0.0,0.0,0.0,16,100.995,101.0,19,100.97,100.99,101.0,100.99,124.0,250469000.0,20287
2023-05-10 09:31:59,TS2309,TS2309,100.995,15.0,30298500.0,2.0,1,100.995,101.0,22,100.97,100.99,101.0,100.99,139.0,280767500.0,20289
2023-05-10 09:31:59,TS2309,TS2309,100.995,0.0,0.0,0.0,1,100.995,101.0,32,100.97,100.99,101.0,100.99,139.0,280767500.0,20289
2023-05-10 09:32:01,TS2309,TS2309,100.995,0.0,0.0,0.0,1,100.995,101.0,31,100.97,100.99,101.0,100.99,139.0,280767500.0,20289
2023-05-10 09:32:04,TS2309,TS2309,100.995,1.0,2019900.0,1.0,78,100.99,101.0,31,100.97,100.99,101.0,100.99,140.0,282787400.0,20290
2023-05-10 09:32:05,TS2309,TS2309,100.995,0.0,0.0,0.0,43,100.99,101.0,36,100.97,100.99,101.0,100.99,140.0,282787400.0,20290
2023-05-10 09:32:05,TS2309,TS2309,100.995,0.0,0.0,0.0,42,100.99,101.0,36,100.97,100.99,101.0,100.99,140.0,282787400.0,20290
2023-05-10 09:32:06,TS2309,TS2309,100.995,0.0,0.0,0.0,37,100.99,101.0,36,100.97,100.99,101.0,100.99,140.0,282787400.0,20290
2023-05-10 09:32:12,TS2309,TS2309,100.995,0.0,0.0,0.0,2,100.995,101.0,36,100.97,100.99,101.0,100.99,140.0,282787400.0,20290
2023-05-10 09:32:12,TS2309,TS2309,100.995,0.0,0.0,0.0,2,100.995,101.0,44,100.97,100.99,101.0,100.99,140.0,282787400.0,20290
2023-05-10 09:32:13,TS2309,TS2309,100.995,0.0,0.0,0.0,2,100.995,101.0,36,100.97,100.99,101.0,100.99,140.0,282787400.0,20290
2023-05-10 09:32:13,TS2309,TS2309,100.995,0.0,0.0,0.0,2,100.995,101.0,31,100.97,100.99,101.0,100.99,140.0,282787400.0,20290
2023-05-10 09:32:15,TS2309,TS2309,100.995,0.0,0.0,0.0,2,100.995,101.0,33,100.97,100.99,101.0,100.99,140.0,282787400.0,20290
2023-05-10 09:32:18,TS2309,TS2309,100.995,2.0,4039800.0,2.0,78,100.99,101.0,33,100.97,100.99,101.0,100.99,142.0,286827200.0,20292
2023-05-10 09:32:19,TS2309,TS2309,100.995,0.0,0.0,0.0,43,100.99,100.995,1,100.97,100.99,101.0,100.99,142.0,286827200.0,20292
2023-05-10 09:32:19,TS2309,TS2309,100.995,0.0,0.0,0.0,33,100.99,100.995,11,100.97,100.99,101.0,100.99,142.0,286827200.0,20292
2023-05-10 09:32:20,TS2309,TS2309,100.995,0.0,0.0,0.0,37,100.99,100.995,16,100.97,100.99,101.0,100.99,142.0,286827200.0,20292
2023-05-10 09:32:20,TS2309,TS2309,100.995,0.0,0.0,0.0,37,100.99,100.995,18,100.97,100.99,101.0,100.99,142.0,286827200.0,20292
2023-05-10 09:32:21,TS2309,TS2309,100.995,0.0,0.0,0.0,32,100.99,100.995,18,100.97,100.99,101.0,100.99,142.0,286827200.0,20292
2023-05-10 09:32:21,TS2309,TS2309,100.995,0.0,0.0,0.0,27,100.99,100.995,18,100.97,100.99,101.0,100.99,142.0,286827200.0,20292
2023-05-10 09:32:28,TS2309,TS2309,100.995,0.0,0.0,0.0,28,100.99,100.995,18,100.97,100.99,101.0,100.99,142.0,286827200.0,20292
2023-05-10 09:32:33,TS2309,TS2309,100.995,2.0,4039800.0,2.0,28,100.99,100.995,7,100.97,100.99,101.0,100.99,144.0,290867000.0,20294
2023-05-10 09:32:33,TS2309,TS2309,100.995,12.0,24238800.0,-5.0,35,100.99,101.0,64,100.97,100.99,101.0,100.99,156.0,315105800.0,20289
2023-05-10 09:32:34,TS2309,TS2309,100.995,0.0,0.0,0.0,53,100.99,101.0,47,100.97,100.99,101.0,100.99,156.0,315105800.0,20289
2023-05-10 09:32:35,TS2309,TS2309,100.995,0.0,0.0,0.0,53,100.99,101.0,46,100.97,100.99,101.0,100.99,156.0,315105800.0,20289
2023-05-10 09:32:36,TS2309,TS2309,100.995,0.0,0.0,0.0,53,100.99,101.0,41,100.97,100.99,101.0,100.99,156.0,315105800.0,20289
2023-05-10 09:32:38,TS2309,TS2309,100.995,0.0,0.0,0.0,58,100.99,101.0,41,100.97,100.99,101.0,100.99,156.0,315105800.0,20289
2023-05-10 09:32:39,TS2309,TS2309,100.995,0.0,0.0,0.0,58,100.99,101.0,36,100.97,100.99,101.0,100.99,156.0,315105800.0,20289
2023-05-10 09:32:39,TS2309,TS2309,100.995,0.0,0.0,0.0,63,100.99,100.995,2,100.97,100.99,101.0,100.99,156.0,315105800.0,20289
2023-05-10 09:32:40,TS2309,TS2309,100.995,2.0,4039800.0,-2.0,58,100.99,100.995,10,100.97,100.99,101.0,100.99,158.0,319145600.0,20287
2023-05-10 09:32:40,TS2309,TS2309,100.995,10.0,20199000.0,10.0,53,100.99,101.0,51,100.97,100.99,101.0,100.99,168.0,339344600.0,20297
2023-05-10 09:32:41,TS2309,TS2309,100.995,0.0,0.0,0.0,68,100.99,101.0,26,100.97,100.99,101.0,100.99,168.0,339344600.0,20297
2023-05-10 09:32:42,TS2309,TS2309,100.995,0.0,0.0,0.0,2,100.995,101.0,26,100.97,100.99,101.0,100.99,168.0,339344600.0,20297
2023-05-10 09:32:42,TS2309,TS2309,100.995,0.0,0.0,0.0,12,100.995,101.0,21,100.97,100.99,101.0,100.99,168.0,339344600.0,20297
2023-05-10 09:32:43,TS2309,TS2309,100.995,0.0,0.0,0.0,10,100.995,101.0,21,100.97,100.99,101.0,100.99,168.0,339344600.0,20297
2023-05-10 09:32:46,TS2309,TS2309,100.995,10.0,20199000.0,10.0,89,100.99,101.0,21,100.97,100.99,101.0,100.99,178.0,359543600.0,20307
2023-05-10 09:32:47,TS2309,TS2309,100.995,0.0,0.0,0.0,64,100.99,101.0,36,100.97,100.99,101.0,100.99,178.0,359543600.0,20307
2023-05-10 09:32:47,TS2309,TS2309,100.995,0.0,0.0,0.0,2,100.995,101.0,36,100.97,100.99,101.0,100.99,178.0,359543600.0,20307
2023-05-10 09:32:48,TS2309,TS2309,100.995,0.0,0.0,0.0,2,100.995,101.0,31,100.97,100.99,101.0,100.99,178.0,359543600.0,20307
2023-05-10 09:32:51,TS2309,TS2309,100.995,2.0,4039800.0,0.0,100,100.99,101.0,31,100.97,100.99,101.0,100.99,180.0,363583400.0,20307
2023-05-10 09:32:51,TS2309,TS2309,100.995,0.0,0.0,0.0,60,100.99,101.0,36,100.97,100.99,101.0,100.99,180.0,363583400.0,20307
2023-05-10 09:32:52,TS2309,TS2309,100.995,0.0,0.0,0.0,60,100.99,100.995,2,100.97,100.99,101.0,100.99,180.0,363583400.0,20307
2023-05-10 09:32:52,TS2309,TS2309,100.995,0.0,0.0,0.0,55,100.99,100.995,12,100.97,100.99,101.0,100.99,180.0,363583400.0,20307
2023-05-10 09:32:53,TS2309,TS2309,100.995,2.0,4039800.0,0.0,54,100.99,100.995,10,100.97,100.99,101.0,100.99,182.0,367623200.0,20307
2023-05-10 09:32:55,TS2309,TS2309,100.995,1.0,2019900.0,0.0,55,100.99,101.0,57,100.97,100.99,101.0,100.99,183.0,369643100.0,20307
2023-05-10 09:32:55,TS2309,TS2309,100.995,0.0,0.0,0.0,4,100.995,101.0,42,100.97,100.99,101.0,100.99,183.0,369643100.0,20307
2023-05-10 09:32:56,TS2309,TS2309,100.995,4.0,8079600.0,0.0,95,100.99,101.0,37,100.97,100.99,101.0,100.99,187.0,377722700.0,20307
2023-05-10 09:32:56,TS2309,TS2309,100.995,0.0,0.0,0.0,61,100.99,101.0,41,100.97,100.99,101.0,100.99,187.0,377722700.0,20307
2023-05-10 09:32:57,TS2309,TS2309,100.995,0.0,0.0,0.0,61,100.99,101.0,36,100.97,100.99,101.0,100.99,187.0,377722700.0,20307
2023-05-10 09:33:00,TS2309,TS2309,100.995,0.0,0.0,0.0,60,100.99,101.0,41,100.97,100.99,101.0,100.99,187.0,377722700.0,20307
2023-05-10 09:33:02,TS2309,TS2309,100.995,0.0,0.0,0.0,2,100.995,101.0,41,100.97,100.99,101.0,100.99,187.0,377722700.0,20307
2023-05-10 09:33:02,TS2309,TS2309,100.995,0.0,0.0,0.0,6,100.995,101.0,36,100.97,100.99,101.0,100.99,187.0,377722700.0,20307
2023-05-10 09:33:03,TS2309,TS2309,100.995,0.0,0.0,0.0,4,100.995,101.0,36,100.97,100.99,101.0,100.99,187.0,377722700.0,20307
2023-05-10 09:33:05,TS2309,TS2309,100.995,0.0,0.0,0.0,13,100.995,101.0,36,100.97,100.99,101.0,100.99,187.0,377722700.0,20307
2023-05-10 09:33:08,TS2309,TS2309,100.995,6.0,12119400.0,6.0,7,100.995,101.0,36,100.97,100.99,101.0,100.99,193.0,389842100.0,20313
2023-05-10 09:33:10,TS2309,TS2309,100.995,0.0,0.0,0.0,11,100.995,101.0,36,100.97,100.99,101.0,100.99,193.0,389842100.0,20313
2023-05-10 09:33:11,TS2309,TS2309,100.995,7.0,14139300.0,7.0,4,100.995,101.0,36,100.97,100.99,101.0,100.99,200.0,403981400.0,20320
2023-05-10 09:33:15,TS2309,TS2309,101.0,1.0,2020000.0,0.0,4,100.995,101.0,35,100.97,100.99,101.0,100.99,201.0,406001400.0,20320
2023-05-10 09:33:16,TS2309,TS2309,100.995,4.0,8079600.0,4.0,101,100.99,101.0,35,100.97,100.99,101.0,100.99,205.0,414081000.0,20324
2023-05-10 09:33:16,TS2309,TS2309,100.995,0.0,0.0,0.0,66,100.99,101.0,40,100.97,100.99,101.0,100.99,205.0,414081000.0,20324
2023-05-10 09:33:17,TS2309,TS2309,100.995,0.0,0.0,0.0,65,100.99,101.0,40,100.97,100.99,101.0,100.99,205.0,414081000.0,20324
2023-05-10 09:33:18,TS2309,TS2309,100.995,0.0,0.0,0.0,60,100.99,101.0,40,100.97,100.99,101.0,100.99,205.0,414081000.0,20324
2023-05-10 09:33:22,TS2309,TS2309,100.995,0.0,0.0,0.0,65,100.99,101.0,40,100.97,100.99,101.0,100.99,205.0,414081000.0,20324
2023-05-10 09:33:27,TS2309,TS2309,100.995,0.0,0.0,0.0,1,100.995,101.0,40,100.97,100.99,101.0,100.99,205.0,414081000.0,20324
2023-05-10 09:33:27,TS2309,TS2309,100.995,0.0,0.0,0.0,1,100.995,101.0,35,100.97,100.99,101.0,100.99,205.0,414081000.0,20324
2023-05-10 09:33:31,TS2309,TS2309,100.995,1.0,2019900.0,0.0,106,100.99,101.0,35,100.97,100.99,101.0,100.99,206.0,416100900.0,20324
2023-05-10 09:33:31,TS2309,TS2309,100.995,0.0,0.0,0.0,66,100.99,101.0,40,100.97,100.99,101.0,100.99,206.0,416100900.0,20324
2023-05-10 09:33:32,TS2309,TS2309,100.995,0.0,0.0,0.0,65,100.99,101.0,40,100.97,100.99,101.0,100.99,206.0,416100900.0,20324
2023-05-10 09:33:33,TS2309,TS2309,100.995,0.0,0.0,0.0,60,100.99,101.0,40,100.97,100.99,101.0,100.99,206.0,416100900.0,20324
2023-05-10 09:33:37,TS2309,TS2309,100.995,0.0,0.0,0.0,65,100.99,101.0,40,100.97,100.99,101.0,100.99,206.0,416100900.0,20324
2023-05-10 09:33:39,TS2309,TS2309,100.995,1.0,2019900.0,1.0,65,100.99,101.0,40,100.97,100.99,101.0,100.99,207.0,418120800.0,20325
2023-05-10 09:33:39,TS2309,TS2309,100.995,0.0,0.0,0.0,60,100.99,101.0,40,100.97,100.99,101.0,100.99,207.0,418120800.0,20325
2023-05-10 09:33:43,TS2309,TS2309,100.995,0.0,0.0,0.0,61,100.99,101.0,40,100.97,100.99,101.0,100.99,207.0,418120800.0,20325
2023-05-10 09:33:45,TS2309,TS2309,100.995,0.0,0.0,0.0,2,100.995,101.0,40,100.97,100.99,101.0,100.99,207.0,418120800.0,20325
2023-05-10 09:33:45,TS2309,TS2309,100.995,0.0,0.0,0.0,2,100.995,101.0,35,100.97,100.99,101.0,100.99,207.0,418120800.0,20325
2023-05-10 09:33:48,TS2309,TS2309,100.995,0.0,0.0,0.0,3,100.995,101.0,35,100.97,100.99,101.0,100.99,207.0,418120800.0,20325
2023-05-10 09:33:50,TS2309,TS2309,100.995,2.0,4039800.0,2.0,1,100.995,101.0,35,100.97,100.99,101.0,100.99,209.0,422160600.0,20327
2023-05-10 09:33:55,TS2309,TS2309,100.995,1.0,2019900.0,1.0,107,100.99,101.0,35,100.97,100.99,101.0,100.99,210.0,424180500.0,20328
2023-05-10 09:33:55,TS2309,TS2309,100.995,0.0,0.0,0.0,67,100.99,101.0,40,100.97,100.99,101.0,100.99,210.0,424180500.0,20328
2023-05-10 09:33:56,TS2309,TS2309,100.995,0.0,0.0,0.0,66,100.99,101.0,40,100.97,100.99,101.0,100.99,210.0,424180500.0,20328
2023-05-10 09:33:57,TS2309,TS2309,100.995,0.0,0.0,0.0,61,100.99,101.0,40,100.97,100.99,101.0,100.99,210.0,424180500.0,20328
2023-05-10 09:34:00,TS2309,TS2309,100.995,0.0,0.0,0.0,61,100.99,101.0,41,100.97,100.99,101.0,100.99,210.0,424180500.0,20328
2023-05-10 09:34:01,TS2309,TS2309,100.995,0.0,0.0,0.0,66,100.99,101.0,41,100.97,100.99,101.0,100.99,210.0,424180500.0,20328
2023-05-10 09:34:02,TS2309,TS2309,100.995,0.0,0.0,0.0,66,100.99,100.995,2,100.97,100.99,101.0,100.99,210.0,424180500.0,20328
2023-05-10 09:34:02,TS2309,TS2309,100.995,0.0,0.0,0.0,61,100.99,100.995,12,100.97,100.99,101.0,100.99,210.0,424180500.0,20328
2023-05-10 09:34:03,TS2309,TS2309,100.995,0.0,0.0,0.0,61,100.99,100.995,10,100.97,100.99,101.0,100.99,210.0,424180500.0,20328
2023-05-10 09:34:06,TS2309,TS2309,100.995,10.0,20199000.0,8.0,61,100.99,101.0,72,100.97,100.99,101.0,100.99,220.0,444379500.0,20336
2023-05-10 09:34:06,TS2309,TS2309,100.995,0.0,0.0,0.0,71,100.99,101.0,32,100.97,100.99,101.0,100.99,220.0,444379500.0,20336
2023-05-10 09:34:08,TS2309,TS2309,100.995,0.0,0.0,0.0,71,100.99,101.0,31,100.97,100.99,101.0,100.99,220.0,444379500.0,20336
2023-05-10 09:34:12,TS2309,TS2309,100.995,0.0,0.0,0.0,76,100.99,101.0,31,100.97,100.99,101.0,100.99,220.0,444379500.0,20336
2023-05-10 09:34:40,TS2309,TS2309,100.995,0.0,0.0,0.0,76,100.99,100.995,10,100.97,100.99,101.0,100.99,220.0,444379500.0,20336
2023-05-10 09:34:41,TS2309,TS2309,100.995,10.0,20199000.0,10.0,1,100.995,101.0,66,100.97,100.99,101.0,100.99,230.0,464578500.0,20346
2023-05-10 09:34:41,TS2309,TS2309,100.995,1.0,2019900.0,0.0,10,100.995,101.0,26,100.97,100.99,101.0,100.99,231.0,466598400.0,20346
2023-05-10 09:34:45,TS2309,TS2309,100.995,0.0,0.0,0.0,13,100.995,101.0,26,100.97,100.99,101.0,100.99,231.0,466598400.0,20346
2023-05-10 09:34:46,TS2309,TS2309,100.995,0.0,0.0,0.0,13,100.995,101.0,21,100.97,100.99,101.0,100.99,231.0,466598400.0,20346
2023-05-10 09:34:47,TS2309,TS2309,100.995,0.0,0.0,0.0,14,100.995,101.0,21,100.97,100.99,101.0,100.99,231.0,466598400.0,20346
2023-05-10 09:34:48,TS2309,TS2309,100.995,0.0,0.0,0.0,19,100.995,101.0,21,100.97,100.99,101.0,100.99,231.0,466598400.0,20346
2023-05-10 09:34:50,TS2309,TS2309,100.995,10.0,20199000.0,0.0,9,100.995,101.0,21,100.97,100.99,101.0,100.99,241.0,486797400.0,20346
2023-05-10 09:34:51,TS2309,TS2309,100.995,0.0,0.0,0.0,9,100.995,101.0,31,100.97,100.99,101.0,100.99,241.0,486797400.0,20346
2023-05-10 09:34:53,TS2309,TS2309,100.995,0.0,0.0,0.0,10,100.995,101.0,31,100.97,100.99,101.0,100.99,241.0,486797400.0,20346
2023-05-10 09:34:53,TS2309,TS2309,100.995,0.0,0.0,0.0,16,100.995,101.0,31,100.97,100.99,101.0,100.99,241.0,486797400.0,20346
2023-05-10 09:34:56,TS2309,TS2309,100.995,15.0,30298500.0,9.0,2,100.995,101.0,31,100.97,100.99,101.0,100.99,256.0,517095900.0,20355
2023-05-10 09:35:01,TS2309,TS2309,100.995,0.0,0.0,0.0,1,100.995,101.0,31,100.97,100.99,101.0,100.99,256.0,517095900.0,20355
2023-05-10 09:35:01,TS2309,TS2309,100.995,0.0,0.0,0.0,2,100.995,101.0,31,100.97,100.99,101.0,100.99,256.0,517095900.0,20355
2023-05-10 09:35:06,TS2309,TS2309,100.995,0.0,0.0,0.0,1,100.995,101.0,31,100.97,100.99,101.0,100.99,256.0,517095900.0,20355
2023-05-10 09:35:07,TS2309,TS2309,100.995,0.0,0.0,0.0,2,100.995,101.0,31,100.97,100.99,101.0,100.99,256.0,517095900.0,20355
2023-05-10 09:35:07,TS2309,TS2309,100.995,0.0,0.0,0.0,9,100.995,101.0,31,100.97,100.99,101.0,100.99,256.0,517095900.0,20355
2023-05-10 09:35:08,TS2309,TS2309,100.995,0.0,0.0,0.0,11,100.995,101.0,31,100.97,100.99,101.0,100.99,256.0,517095900.0,20355
2023-05-10 09:35:08,TS2309,TS2309,100.995,0.0,0.0,0.0,12,100.995,101.0,31,100.97,100.99,101.0,100.99,256.0,517095900.0,20355
2023-05-10 09:35:09,TS2309,TS2309,100.995,0.0,0.0,0.0,12,100.995,101.0,21,100.97,100.99,101.0,100.99,256.0,517095900.0,20355
2023-05-10 09:35:10,TS2309,TS2309,100.995,0.0,0.0,0.0,14,100.995,101.0,21,100.97,100.99,101.0,100.99,256.0,517095900.0,20355
2023-05-10 09:35:10,TS2309,TS2309,100.995,0.0,0.0,0.0,32,100.995,101.0,21,100.97,100.99,101.0,100.99,256.0,517095900.0,20355
2023-05-10 09:35:11,TS2309,TS2309,100.995,0.0,0.0,0.0,30,100.995,101.0,21,100.97,100.99,101.0,100.99,256.0,517095900.0,20355
2023-05-10 09:35:11,TS2309,TS2309,100.995,0.0,0.0,0.0,17,100.995,101.0,27,100.97,100.99,101.0,100.99,256.0,517095900.0,20355
2023-05-10 09:35:14,TS2309,TS2309,100.995,0.0,0.0,0.0,30,100.995,101.0,27,100.97,100.99,101.0,100.99,256.0,517095900.0,20355
2023-05-10 09:35:15,TS2309,TS2309,100.995,0.0,0.0,0.0,17,100.995,101.0,27,100.97,100.99,101.0,100.99,256.0,517095900.0,20355
2023-05-10 09:35:19,TS2309,TS2309,100.995,4.0,8079600.0,-2.0,14,100.995,101.0,27,100.97,100.99,101.0,100.99,260.0,525175500.0,20353
2023-05-10 09:35:24,TS2309,TS2309,100.995,0.0,0.0,0.0,13,100.995,101.0,27,100.97,100.99,101.0,100.99,260.0,525175500.0,20353
2023-05-10 09:35:25,TS2309,TS2309,100.995,0.0,0.0,0.0,14,100.995,101.0,27,100.97,100.99,101.0,100.99,260.0,525175500.0,20353
2023-05-10 09:35:27,TS2309,TS2309,100.995,0.0,0.0,0.0,19,100.995,101.0,27,100.97,100.99,101.0,100.99,260.0,525175500.0,20353
2023-05-10 09:35:28,TS2309,TS2309,100.995,0.0,0.0,0.0,39,100.995,101.0,47,100.97,100.99,101.0,100.99,260.0,525175500.0,20353
2023-05-10 09:35:30,TS2309,TS2309,100.995,0.0,0.0,0.0,38,100.995,101.0,51,100.97,100.99,101.0,100.99,260.0,525175500.0,20353
2023-05-10 09:35:30,TS2309,TS2309,100.995,0.0,0.0,0.0,39,100.995,101.0,56,100.97,100.99,101.0,100.99,260.0,525175500.0,20353
2023-05-10 09:35:34,TS2309,TS2309,100.995,0.0,0.0,0.0,52,100.995,101.0,56,100.97,100.99,101.0,100.99,260.0,525175500.0,20353
2023-05-10 09:35:35,TS2309,TS2309,100.995,0.0,0.0,0.0,62,100.995,101.0,56,100.97,100.99,101.0,100.99,260.0,525175500.0,20353
2023-05-10 09:35:37,TS2309,TS2309,100.995,0.0,0.0,0.0,62,100.995,101.0,50,100.97,100.99,101.0,100.99,260.0,525175500.0,20353
2023-05-10 09:35:37,TS2309,TS2309,100.995,0.0,0.0,0.0,57,100.995,101.0,50,100.97,100.99,101.0,100.99,260.0,525175500.0,20353
2023-05-10 09:36:01,TS2309,TS2309,100.995,0.0,0.0,0.0,57,100.995,101.0,56,100.97,100.99,101.0,100.99,260.0,525175500.0,20353
2023-05-10 09:36:01,TS2309,TS2309,101.0,1.0,2020000.0,0.0,57,100.995,101.0,55,100.97,100.99,101.0,100.99,261.0,527195500.0,20353
2023-05-10 09:36:02,TS2309,TS2309,101.0,0.0,0.0,0.0,52,100.995,101.0,50,100.97,100.99,101.0,100.99,261.0,527195500.0,20353
2023-05-10 09:36:02,TS2309,TS2309,101.0,0.0,0.0,0.0,39,100.995,101.0,50,100.97,100.99,101.0,100.99,261.0,527195500.0,20353
2023-05-10 09:36:07,TS2309,TS2309,101.0,0.0,0.0,0.0,39,100.995,101.0,55,100.97,100.99,101.0,100.99,261.0,527195500.0,20353
2023-05-10 09:36:11,TS2309,TS2309,101.0,0.0,0.0,0.0,36,100.995,101.0,55,100.97,100.99,101.0,100.99,261.0,527195500.0,20353
2023-05-10 09:36:21,TS2309,TS2309,100.995,41.0,82815900.0,29.0,115,100.99,100.995,39,100.97,100.99,101.0,100.99,302.0,610011400.0,20382
2023-05-10 09:36:22,TS2309,TS2309,100.995,6.0,12119400.0,6.0,66,100.99,100.995,50,100.97,100.99,101.0,100.99,308.0,622130800.0,20388
2023-05-10 09:36:22,TS2309,TS2309,100.995,0.0,0.0,0.0,79,100.99,100.995,50,100.97,100.99,101.0,100.99,308.0,622130800.0,20388
2023-05-10 09:36:23,TS2309,TS2309,100.995,0.0,0.0,0.0,78,100.99,100.995,50,100.97,100.99,101.0,100.99,308.0,622130800.0,20388
2023-05-10 09:36:24,TS2309,TS2309,100.995,0.0,0.0,0.0,73,100.99,100.995,50,100.97,100.99,101.0,100.99,308.0,622130800.0,20388
2023-05-10 09:36:26,TS2309,TS2309,100.995,0.0,0.0,0.0,68,100.99,100.995,50,100.97,100.99,101.0,100.99,308.0,622130800.0,20388
2023-05-10 09:36:27,TS2309,TS2309,100.995,50.0,100995000.0,-37.0,73,100.99,101.0,78,100.97,100.99,101.0,100.99,358.0,723125800.0,20351
2023-05-10 09:36:27,TS2309,TS2309,100.995,0.0,0.0,0.0,88,100.99,100.995,1,100.97,100.99,101.0,100.99,358.0,723125800.0,20351
2023-05-10 09:36:28,TS2309,TS2309,100.995,0.0,0.0,0.0,83,100.99,100.995,3,100.97,100.99,101.0,100.99,358.0,723125800.0,20351
2023-05-10 09:36:28,TS2309,TS2309,100.995,0.0,0.0,0.0,83,100.99,100.995,5,100.97,100.99,101.0,100.99,358.0,723125800.0,20351
2023-05-10 09:36:30,TS2309,TS2309,100.995,5.0,10099500.0,0.0,1,100.995,101.0,88,100.97,100.99,101.0,100.99,363.0,733225300.0,20351
2023-05-10 09:36:31,TS2309,TS2309,100.995,17.0,34338300.0,-9.0,113,100.99,100.995,3,100.97,100.99,101.0,100.99,380.0,767563600.0,20342
2023-05-10 09:36:31,TS2309,TS2309,100.995,0.0,0.0,0.0,68,100.99,100.995,15,100.97,100.99,101.0,100.99,380.0,767563600.0,20342
2023-05-10 09:36:36,TS2309,TS2309,100.995,0.0,0.0,0.0,68,100.99,100.995,14,100.97,100.99,101.0,100.99,380.0,767563600.0,20342
2023-05-10 09:36:37,TS2309,TS2309,100.995,0.0,0.0,0.0,68,100.99,100.995,15,100.97,100.99,101.0,100.99,380.0,767563600.0,20342
2023-05-10 09:36:37,TS2309,TS2309,100.995,0.0,0.0,0.0,73,100.99,100.995,15,100.97,100.99,101.0,100.99,380.0,767563600.0,20342
2023-05-10 09:36:42,TS2309,TS2309,100.995,0.0,0.0,0.0,73,100.99,100.995,14,100.97,100.99,101.0,100.99,380.0,767563600.0,20342
2023-05-10 09:36:42,TS2309,TS2309,100.995,0.0,0.0,0.0,73,100.99,100.995,15,100.97,100.99,101.0,100.99,380.0,767563600.0,20342
2023-05-10 09:36:50,TS2309,TS2309,100.995,1.0,2019900.0,0.0,73,100.99,100.995,14,100.97,100.99,101.0,100.99,381.0,769583500.0,20342
2023-05-10 09:36:51,TS2309,TS2309,100.995,0.0,0.0,0.0,68,100.99,100.995,14,100.97,100.99,101.0,100.99,381.0,769583500.0,20342
2023-05-10 09:36:56,TS2309,TS2309,100.995,0.0,0.0,0.0,73,100.99,100.995,14,100.97,100.99,101.0,100.99,381.0,769583500.0,20342
2023-05-10 09:36:57,TS2309,TS2309,100.995,14.0,28278600.0,10.0,1,100.995,101.0,78,100.97,100.99,101.0,100.99,395.0,797862100.0,20352
2023-05-10 09:36:58,TS2309,TS2309,100.995,0.0,0.0,0.0,16,100.995,101.0,33,100.97,100.99,101.0,100.99,395.0,797862100.0,20352
2023-05-10 09:36:58,TS2309,TS2309,100.995,16.0,32318400.0,6.0,133,100.99,100.995,10,100.97,100.99,101.0,100.99,411.0,830180500.0,20358
2023-05-10 09:36:59,TS2309,TS2309,100.995,0.0,0.0,0.0,68,100.99,100.995,16,100.97,100.99,101.0,100.99,411.0,830180500.0,20358
2023-05-10 09:36:59,TS2309,TS2309,100.995,0.0,0.0,0.0,69,100.99,100.995,16,100.97,100.99,101.0,100.99,411.0,830180500.0,20358
2023-05-10 09:37:00,TS2309,TS2309,100.995,16.0,32318400.0,10.0,5,100.995,101.0,81,100.97,100.99,101.0,100.99,427.0,862498900.0,20368
2023-05-10 09:37:00,TS2309,TS2309,100.995,0.0,0.0,0.0,16,100.995,101.0,27,100.97,100.99,101.0,100.99,427.0,862498900.0,20368
2023-05-10 09:37:01,TS2309,TS2309,100.995,0.0,0.0,0.0,20,100.995,101.0,31,100.97,100.99,101.0,100.99,427.0,862498900.0,20368
2023-05-10 09:37:03,TS2309,TS2309,100.995,0.0,0.0,0.0,20,100.995,101.0,26,100.97,100.99,101.0,100.99,427.0,862498900.0,20368
2023-05-10 09:37:05,TS2309,TS2309,100.995,0.0,0.0,0.0,19,100.995,101.0,26,100.97,100.99,101.0,100.99,427.0,862498900.0,20368
2023-05-10 09:37:05,TS2309,TS2309,100.995,0.0,0.0,0.0,20,100.995,101.0,26,100.97,100.99,101.0,100.99,427.0,862498900.0,20368
2023-05-10 09:37:08,TS2309,TS2309,100.995,0.0,0.0,0.0,22,100.995,101.0,26,100.97,100.99,101.0,100.99,427.0,862498900.0,20368
2023-05-10 09:37:10,TS2309,TS2309,100.995,0.0,0.0,0.0,21,100.995,101.0,26,100.97,100.99,101.0,100.99,427.0,862498900.0,20368
2023-05-10 09:37:11,TS2309,TS2309,100.995,0.0,0.0,0.0,22,100.995,101.0,26,100.97,100.99,101.0,100.99,427.0,862498900.0,20368
2023-05-10 09:37:16,TS2309,TS2309,100.995,0.0,0.0,0.0,27,100.995,101.0,31,100.97,100.99,101.0,100.99,427.0,862498900.0,20368
2023-05-10 09:37:16,TS2309,TS2309,100.995,0.0,0.0,0.0,22,100.995,101.0,26,100.97,100.99,101.0,100.99,427.0,862498900.0,20368
2023-05-10 09:37:59,TS2309,TS2309,100.995,0.0,0.0,0.0,23,100.995,101.0,26,100.97,100.99,101.0,100.99,427.0,862498900.0,20368
2023-05-10 09:37:59,TS2309,TS2309,101.0,1.0,2020000.0,0.0,23,100.995,101.0,25,100.97,100.99,101.0,100.99,428.0,864518900.0,20368
2023-05-10 09:38:01,TS2309,TS2309,101.0,0.0,0.0,0.0,21,100.995,101.0,25,100.97,100.99,101.0,100.99,428.0,864518900.0,20368
2023-05-10 09:38:01,TS2309,TS2309,101.0,0.0,0.0,0.0,41,100.995,101.0,25,100.97,100.99,101.0,100.99,428.0,864518900.0,20368
2023-05-10 09:38:09,TS2309,TS2309,101.0,0.0,0.0,0.0,43,100.995,101.0,25,100.97,100.99,101.0,100.99,428.0,864518900.0,20368
2023-05-10 09:38:20,TS2309,TS2309,101.0,0.0,0.0,0.0,39,100.995,101.0,21,100.97,100.99,101.0,100.99,428.0,864518900.0,20368
2023-05-10 09:38:26,TS2309,TS2309,101.0,0.0,0.0,0.0,59,100.995,101.0,41,100.97,100.99,101.0,100.99,428.0,864518900.0,20368
2023-05-10 09:38:26,TS2309,TS2309,101.0,0.0,0.0,0.0,64,100.995,101.0,41,100.97,100.99,101.0,100.99,428.0,864518900.0,20368
2023-05-10 09:38:30,TS2309,TS2309,101.0,0.0,0.0,0.0,74,100.995,101.0,41,100.97,100.99,101.0,100.99,428.0,864518900.0,20368
2023-05-10 09:39:06,TS2309,TS2309,100.995,1.0,2019900.0,-1.0,64,100.995,101.0,41,100.97,100.99,101.0,100.99,429.0,866538800.0,20367
2023-05-10 09:39:06,TS2309,TS2309,100.995,0.0,0.0,0.0,69,100.995,101.0,41,100.97,100.99,101.0,100.99,429.0,866538800.0,20367
2023-05-10 09:39:12,TS2309,TS2309,100.995,0.0,0.0,0.0,74,100.995,101.0,41,100.97,100.99,101.0,100.99,429.0,866538800.0,20367
2023-05-10 09:39:26,TS2309,TS2309,100.995,0.0,0.0,0.0,74,100.995,101.0,46,100.97,100.99,101.0,100.99,429.0,866538800.0,20367
2023-05-10 09:39:30,TS2309,TS2309,100.995,0.0,0.0,0.0,64,100.995,101.0,46,100.97,100.99,101.0,100.99,429.0,866538800.0,20367
2023-05-10 09:39:35,TS2309,TS2309,100.995,0.0,0.0,0.0,64,100.995,101.0,66,100.97,100.99,101.0,100.99,429.0,866538800.0,20367
2023-05-10 09:39:35,TS2309,TS2309,100.995,0.0,0.0,0.0,64,100.995,101.0,71,100.97,100.99,101.0,100.99,429.0,866538800.0,20367
2023-05-10 09:39:37,TS2309,TS2309,101.0,7.0,14140000.0,-3.0,65,100.995,101.0,64,100.97,100.99,101.0,100.99,436.0,880678800.0,20364
2023-05-10 09:39:38,TS2309,TS2309,101.0,0.0,0.0,0.0,60,100.995,101.0,59,100.97,100.99,101.0,100.99,436.0,880678800.0,20364
2023-05-10 09:39:40,TS2309,TS2309,101.0,0.0,0.0,0.0,58,100.995,101.0,59,100.97,100.99,101.0,100.99,436.0,880678800.0,20364
2023-05-10 09:39:41,TS2309,TS2309,100.995,58.0,117154200.0,-1.0,125,100.99,100.995,25,100.97,100.99,101.0,100.99,494.0,997833000.0,20363
2023-05-10 09:39:41,TS2309,TS2309,100.995,0.0,0.0,0.0,61,100.99,100.995,51,100.97,100.99,101.0,100.99,494.0,997833000.0,20363
2023-05-10 09:39:42,TS2309,TS2309,100.995,0.0,0.0,0.0,61,100.99,100.995,63,100.97,100.99,101.0,100.99,494.0,997833000.0,20363
2023-05-10 09:39:43,TS2309,TS2309,100.995,0.0,0.0,0.0,57,100.99,100.995,63,100.97,100.99,101.0,100.99,494.0,997833000.0,20363
2023-05-10 09:39:44,TS2309,TS2309,100.995,0.0,0.0,0.0,56,100.99,100.995,65,100.97,100.99,101.0,100.99,494.0,997833000.0,20363
2023-05-10 09:39:44,TS2309,TS2309,100.995,1.0,2019900.0,0.0,56,100.99,100.995,63,100.97,100.99,101.0,100.99,495.0,999852900.0,20363
2023-05-10 09:39:46,TS2309,TS2309,100.995,0.0,0.0,0.0,56,100.99,100.995,64,100.97,100.99,101.0,100.99,495.0,999852900.0,20363
2023-05-10 09:39:48,TS2309,TS2309,100.995,0.0,0.0,0.0,53,100.99,100.995,64,100.97,100.99,101.0,100.99,495.0,999852900.0,20363
2023-05-10 09:39:49,TS2309,TS2309,100.995,0.0,0.0,0.0,50,100.99,100.995,64,100.97,100.99,101.0,100.99,495.0,999852900.0,20363
2023-05-10 09:39:49,TS2309,TS2309,100.995,1.0,2019900.0,0.0,50,100.99,100.995,68,100.97,100.99,101.0,100.99,496.0,1001872800.0,20363
2023-05-10 09:39:50,TS2309,TS2309,100.995,0.0,0.0,0.0,50,100.99,100.995,63,100.97,100.99,101.0,100.99,496.0,1001872800.0,20363
2023-05-10 09:39:51,TS2309,TS2309,100.995,0.0,0.0,0.0,50,100.99,100.995,62,100.97,100.99,101.0,100.99,496.0,1001872800.0,20363
2023-05-10 09:39:52,TS2309,TS2309,100.995,0.0,0.0,0.0,50,100.99,100.995,63,100.97,100.99,101.0,100.99,496.0,1001872800.0,20363
2023-05-10 09:39:53,TS2309,TS2309,100.99,3.0,6059400.0,-1.0,47,100.99,100.995,64,100.97,100.99,101.0,100.99,499.0,1007932200.0,20362
2023-05-10 09:39:59,TS2309,TS2309,100.99,0.0,0.0,0.0,47,100.99,100.995,69,100.97,100.99,101.0,100.99,499.0,1007932200.0,20362
2023-05-10 09:40:01,TS2309,TS2309,100.99,0.0,0.0,0.0,57,100.99,100.995,79,100.97,100.99,101.0,100.99,499.0,1007932200.0,20362
2023-05-10 09:40:01,TS2309,TS2309,100.99,0.0,0.0,0.0,62,100.99,100.995,79,100.97,100.99,101.0,100.99,499.0,1007932200.0,20362
2023-05-10 09:40:02,TS2309,TS2309,100.995,1.0,2019900.0,0.0,62,100.99,100.995,78,100.97,100.99,101.0,100.99,500.0,1009952100.0,20362
2023-05-10 09:40:02,TS2309,TS2309,100.995,0.0,0.0,0.0,57,100.99,100.995,73,100.97,100.99,101.0,100.99,500.0,1009952100.0,20362
2023-05-10 09:40:08,TS2309,TS2309,100.995,0.0,0.0,0.0,62,100.99,100.995,78,100.97,100.99,101.0,100.99,500.0,1009952100.0,20362
2023-05-10 09:40:16,TS2309,TS2309,100.995,10.0,20199000.0,0.0,67,100.99,100.995,68,100.97,100.99,101.0,100.99,510.0,1030151100.0,20362
2023-05-10 09:40:16,TS2309,TS2309,100.995,0.0,0.0,0.0,62,100.99,100.995,63,100.97,100.99,101.0,100.99,510.0,1030151100.0,20362
2023-05-10 09:40:22,TS2309,TS2309,100.995,0.0,0.0,0.0,67,100.99,100.995,68,100.97,100.99,101.0,100.99,510.0,1030151100.0,20362
2023-05-10 09:40:23,TS2309,TS2309,100.995,0.0,0.0,0.0,81,100.99,100.995,66,100.97,100.99,101.0,100.99,510.0,1030151100.0,20362
2023-05-10 09:40:24,TS2309,TS2309,100.995,0.0,0.0,0.0,86,100.99,100.995,66,100.97,100.99,101.0,100.99,510.0,1030151100.0,20362
2023-05-10 09:40:24,TS2309,TS2309,100.995,0.0,0.0,0.0,67,100.99,100.995,66,100.97,100.99,101.0,100.99,510.0,1030151100.0,20362
2023-05-10 09:40:58,TS2309,TS2309,100.995,0.0,0.0,0.0,72,100.99,100.995,71,100.97,100.99,101.0,100.99,510.0,1030151100.0,20362
2023-05-10 09:40:59,TS2309,TS2309,100.995,0.0,0.0,0.0,67,100.99,100.995,66,100.97,100.99,101.0,100.99,510.0,1030151100.0,20362
2023-05-10 09:41:07,TS2309,TS2309,100.995,0.0,0.0,0.0,73,100.99,100.995,66,100.97,100.99,101.0,100.99,510.0,1030151100.0,20362
2023-05-10 09:41:08,TS2309,TS2309,100.995,0.0,0.0,0.0,86,100.99,100.995,60,100.97,100.99,101.0,100.99,510.0,1030151100.0,20362
2023-05-10 09:41:11,TS2309,TS2309,100.995,0.0,0.0,0.0,81,100.99,100.995,60,100.97,100.99,101.0,100.99,510.0,1030151100.0,20362
2023-05-10 09:41:26,TS2309,TS2309,100.995,0.0,0.0,0.0,67,100.99,100.995,60,100.97,100.99,101.0,100.99,510.0,1030151100.0,20362
2023-05-10 09:41:26,TS2309,TS2309,100.995,0.0,0.0,0.0,67,100.99,100.995,62,100.97,100.99,101.0,100.99,510.0,1030151100.0,20362
2023-05-10 09:41:36,TS2309,TS2309,100.995,0.0,0.0,0.0,65,100.99,100.995,62,100.97,100.99,101.0,100.99,510.0,1030151100.0,20362
2023-05-10 09:41:55,TS2309,TS2309,100.995,0.0,0.0,0.0,67,100.99,100.995,62,100.97,100.99,101.0,100.99,510.0,1030151100.0,20362
2023-05-10 09:42:04,TS2309,TS2309,100.995,0.0,0.0,0.0,68,100.99,100.995,60,100.97,100.99,101.0,100.99,510.0,1030151100.0,20362
2023-05-10 09:42:05,TS2309,TS2309,100.995,0.0,0.0,0.0,86,100.99,100.995,60,100.97,100.99,101.0,100.99,510.0,1030151100.0,20362
2023-05-10 09:42:06,TS2309,TS2309,100.995,0.0,0.0,0.0,67,100.99,100.995,60,100.97,100.99,101.0,100.99,510.0,1030151100.0,20362
2023-05-10 09:42:44,TS2309,TS2309,100.995,2.0,4039800.0,0.0,67,100.99,100.995,58,100.97,100.99,101.0,100.99,512.0,1034190900.0,20362
2023-05-10 09:42:44,TS2309,TS2309,100.995,0.0,0.0,0.0,62,100.99,100.995,53,100.97,100.99,101.0,100.99,512.0,1034190900.0,20362
2023-05-10 09:42:46,TS2309,TS2309,100.995,0.0,0.0,0.0,67,100.99,100.995,58,100.97,100.99,101.0,100.99,512.0,1034190900.0,20362
2023-05-10 09:42:47,TS2309,TS2309,100.995,0.0,0.0,0.0,62,100.99,100.995,53,100.97,100.99,101.0,100.99,512.0,1034190900.0,20362
2023-05-10 09:42:50,TS2309,TS2309,100.995,54.0,109074600.0,-12.0,10,100.995,101.0,77,100.97,100.99,101.0,100.99,566.0,1143265500.0,20350
2023-05-10 09:42:50,TS2309,TS2309,100.995,0.0,0.0,0.0,25,100.995,101.0,42,100.97,100.99,101.0,100.99,566.0,1143265500.0,20350
2023-05-10 09:42:51,TS2309,TS2309,100.995,0.0,0.0,0.0,35,100.995,101.0,52,100.97,100.99,101.0,100.99,566.0,1143265500.0,20350
2023-05-10 09:42:53,TS2309,TS2309,100.995,0.0,0.0,0.0,35,100.995,101.0,51,100.97,100.99,101.0,100.99,566.0,1143265500.0,20350
2023-05-10 09:42:55,TS2309,TS2309,100.995,0.0,0.0,0.0,34,100.995,101.0,51,100.97,100.99,101.0,100.99,566.0,1143265500.0,20350
2023-05-10 09:42:56,TS2309,TS2309,100.995,0.0,0.0,0.0,55,100.995,101.0,71,100.97,100.99,101.0,100.99,566.0,1143265500.0,20350
2023-05-10 09:42:56,TS2309,TS2309,100.995,0.0,0.0,0.0,60,100.995,101.0,76,100.97,100.99,101.0,100.99,566.0,1143265500.0,20350
2023-05-10 09:42:59,TS2309,TS2309,100.995,0.0,0.0,0.0,60,100.995,101.0,71,100.97,100.99,101.0,100.99,566.0,1143265500.0,20350
2023-05-10 09:43:00,TS2309,TS2309,100.995,0.0,0.0,0.0,61,100.995,101.0,71,100.97,100.99,101.0,100.99,566.0,1143265500.0,20350
2023-05-10 09:43:00,TS2309,TS2309,100.995,0.0,0.0,0.0,62,100.995,101.0,71,100.97,100.99,101.0,100.99,566.0,1143265500.0,20350
2023-05-10 09:43:01,TS2309,TS2309,100.995,0.0,0.0,0.0,61,100.995,101.0,71,100.97,100.99,101.0,100.99,566.0,1143265500.0,20350
2023-05-10 09:43:01,TS2309,TS2309,100.995,0.0,0.0,0.0,62,100.995,101.0,71,100.97,100.99,101.0,100.99,566.0,1143265500.0,20350
2023-05-10 09:43:40,TS2309,TS2309,101.0,1.0,2020000.0,1.0,62,100.995,101.0,70,100.97,100.99,101.0,100.99,567.0,1145285500.0,20351
2023-05-10 09:43:41,TS2309,TS2309,101.0,1.0,2020000.0,1.0,57,100.995,101.0,64,100.97,100.99,101.0,100.99,568.0,1147305500.0,20352
2023-05-10 09:43:47,TS2309,TS2309,101.0,0.0,0.0,0.0,62,100.995,101.0,69,100.97,100.99,101.0,100.99,568.0,1147305500.0,20352
2023-05-10 09:44:02,TS2309,TS2309,100.995,1.0,2019900.0,0.0,56,100.995,101.0,96,100.97,100.99,101.0,100.99,569.0,1149325400.0,20352
2023-05-10 09:44:03,TS2309,TS2309,100.995,56.0,113114400.0,22.0,91,100.99,100.995,27,100.97,100.99,101.0,100.99,625.0,1262439800.0,20374
2023-05-10 09:44:03,TS2309,TS2309,100.995,0.0,0.0,0.0,51,100.99,100.995,46,100.97,100.99,101.0,100.99,625.0,1262439800.0,20374
2023-05-10 09:44:04,TS2309,TS2309,100.995,3.0,6059700.0,0.0,51,100.99,100.995,44,100.97,100.99,101.0,100.99,628.0,1268499500.0,20374
2023-05-10 09:44:05,TS2309,TS2309,100.995,0.0,0.0,0.0,50,100.99,100.995,44,100.97,100.99,101.0,100.99,628.0,1268499500.0,20374
2023-05-10 09:44:05,TS2309,TS2309,100.995,45.0,90895500.0,1.0,50,100.99,100.995,1,100.97,100.99,101.0,100.99,673.0,1359395000.0,20375
2023-05-10 09:44:06,TS2309,TS2309,100.995,12.0,24238800.0,0.0,9,100.995,101.0,117,100.97,100.99,101.0,100.99,685.0,1383633800.0,20375
2023-05-10 09:44:06,TS2309,TS2309,100.995,19.0,38378100.0,2.0,101,100.99,100.995,10,100.97,100.99,101.0,100.99,704.0,1422011900.0,20377
2023-05-10 09:44:07,TS2309,TS2309,100.995,0.0,0.0,0.0,61,100.99,100.995,20,100.97,100.99,101.0,100.99,704.0,1422011900.0,20377
2023-05-10 09:44:09,TS2309,TS2309,100.995,0.0,0.0,0.0,61,100.99,100.995,30,100.97,100.99,101.0,100.99,704.0,1422011900.0,20377
2023-05-10 09:44:09,TS2309,TS2309,100.995,0.0,0.0,0.0,61,100.99,100.995,29,100.97,100.99,101.0,100.99,704.0,1422011900.0,20377
2023-05-10 09:44:11,TS2309,TS2309,100.995,0.0,0.0,0.0,61,100.99,100.995,34,100.97,100.99,101.0,100.99,704.0,1422011900.0,20377
2023-05-10 09:44:11,TS2309,TS2309,100.995,0.0,0.0,0.0,81,100.99,100.995,53,100.97,100.99,101.0,100.99,704.0,1422011900.0,20377
2023-05-10 09:44:12,TS2309,TS2309,100.995,0.0,0.0,0.0,81,100.99,100.995,54,100.97,100.99,101.0,100.99,704.0,1422011900.0,20377
2023-05-10 09:44:12,TS2309,TS2309,100.995,0.0,0.0,0.0,86,100.99,100.995,59,100.97,100.99,101.0,100.99,704.0,1422011900.0,20377
2023-05-10 09:44:17,TS2309,TS2309,100.995,0.0,0.0,0.0,86,100.99,100.995,58,100.97,100.99,101.0,100.99,704.0,1422011900.0,20377
2023-05-10 09:44:17,TS2309,TS2309,100.995,0.0,0.0,0.0,86,100.99,100.995,59,100.97,100.99,101.0,100.99,704.0,1422011900.0,20377
2023-05-10 09:44:30,TS2309,TS2309,100.995,5.0,10099500.0,5.0,86,100.99,100.995,54,100.97,100.99,101.0,100.99,709.0,1432111400.0,20382
2023-05-10 09:44:31,TS2309,TS2309,100.995,0.0,0.0,0.0,81,100.99,100.995,49,100.97,100.99,101.0,100.99,709.0,1432111400.0,20382
2023-05-10 09:44:36,TS2309,TS2309,100.995,0.0,0.0,0.0,86,100.99,100.995,49,100.97,100.99,101.0,100.99,709.0,1432111400.0,20382
2023-05-10 09:44:37,TS2309,TS2309,100.995,0.0,0.0,0.0,87,100.99,100.995,49,100.97,100.99,101.0,100.99,709.0,1432111400.0,20382
2023-05-10 09:44:37,TS2309,TS2309,100.995,0.0,0.0,0.0,92,100.99,100.995,49,100.97,100.99,101.0,100.99,709.0,1432111400.0,20382
2023-05-10 09:44:45,TS2309,TS2309,100.995,0.0,0.0,0.0,90,100.99,100.995,49,100.97,100.99,101.0,100.99,709.0,1432111400.0,20382
2023-05-10 09:44:48,TS2309,TS2309,100.995,0.0,0.0,0.0,95,100.99,100.995,49,100.97,100.99,101.0,100.99,709.0,1432111400.0,20382
2023-05-10 09:44:58,TS2309,TS2309,100.995,0.0,0.0,0.0,95,100.99,100.995,53,100.97,100.99,101.0,100.99,709.0,1432111400.0,20382
2023-05-10 09:44:59,TS2309,TS2309,100.995,0.0,0.0,0.0,95,100.99,100.995,58,100.97,100.99,101.0,100.99,709.0,1432111400.0,20382
2023-05-10 09:45:00,TS2309,TS2309,100.995,0.0,0.0,0.0,95,100.99,100.995,60,100.97,100.99,101.0,100.99,709.0,1432111400.0,20382
2023-05-10 09:45:02,TS2309,TS2309,100.995,2.0,4039800.0,2.0,95,100.99,100.995,58,100.97,100.99,101.0,100.99,711.0,1436151200.0,20384
2023-05-10 09:45:02,TS2309,TS2309,100.995,0.0,0.0,0.0,90,100.99,100.995,53,100.97,100.99,101.0,100.99,711.0,1436151200.0,20384
2023-05-10 09:45:08,TS2309,TS2309,100.995,0.0,0.0,0.0,95,100.99,100.995,58,100.97,100.99,101.0,100.99,711.0,1436151200.0,20384
2023-05-10 09:45:23,TS2309,TS2309,100.99,6.0,12118800.0,-5.0,89,100.99,100.995,58,100.97,100.99,101.0,100.99,717.0,1448270000.0,20379
2023-05-10 09:45:23,TS2309,TS2309,100.99,0.0,0.0,0.0,86,100.99,100.995,53,100.97,100.99,101.0,100.99,717.0,1448270000.0,20379
2023-05-10 09:45:26,TS2309,TS2309,100.995,1.0,2019900.0,1.0,86,100.99,100.995,52,100.97,100.99,101.0,100.99,718.0,1450289900.0,20380
2023-05-10 09:45:31,TS2309,TS2309,100.995,0.0,0.0,0.0,105,100.99,100.995,52,100.97,100.99,101.0,100.99,718.0,1450289900.0,20380
2023-05-10 09:45:31,TS2309,TS2309,100.995,0.0,0.0,0.0,105,100.99,100.995,53,100.97,100.99,101.0,100.99,718.0,1450289900.0,20380
2023-05-10 09:45:32,TS2309,TS2309,100.995,0.0,0.0,0.0,110,100.99,100.995,58,100.97,100.99,101.0,100.99,718.0,1450289900.0,20380
2023-05-10 09:45:33,TS2309,TS2309,100.995,1.0,2019900.0,0.0,110,100.99,100.995,48,100.97,100.99,101.0,100.99,719.0,1452309800.0,20380
2023-05-10 09:45:33,TS2309,TS2309,100.995,0.0,0.0,0.0,105,100.99,100.995,53,100.97,100.99,101.0,100.99,719.0,1452309800.0,20380
2023-05-10 09:45:35,TS2309,TS2309,100.995,2.0,4039800.0,0.0,103,100.99,100.995,51,100.97,100.99,101.0,100.99,721.0,1456349600.0,20380
2023-05-10 09:45:35,TS2309,TS2309,100.995,0.0,0.0,0.0,98,100.99,100.995,51,100.97,100.99,101.0,100.99,721.0,1456349600.0,20380
2023-05-10 09:45:36,TS2309,TS2309,100.995,0.0,0.0,0.0,98,100.99,100.995,53,100.97,100.99,101.0,100.99,721.0,1456349600.0,20380
2023-05-10 09:45:41,TS2309,TS2309,100.995,0.0,0.0,0.0,103,100.99,100.995,58,100.97,100.99,101.0,100.99,721.0,1456349600.0,20380
2023-05-10 09:45:42,TS2309,TS2309,100.995,0.0,0.0,0.0,108,100.99,100.995,63,100.97,100.99,101.0,100.99,721.0,1456349600.0,20380
2023-05-10 09:45:42,TS2309,TS2309,100.995,0.0,0.0,0.0,103,100.99,100.995,58,100.97,100.99,101.0,100.99,721.0,1456349600.0,20380
2023-05-10 09:45:56,TS2309,TS2309,100.995,1.0,2019900.0,0.0,103,100.99,100.995,57,100.97,100.99,101.0,100.99,722.0,1458369500.0,20380
2023-05-10 09:45:57,TS2309,TS2309,100.995,0.0,0.0,0.0,98,100.99,100.995,52,100.97,100.99,101.0,100.99,722.0,1458369500.0,20380
2023-05-10 09:45:58,TS2309,TS2309,100.995,0.0,0.0,0.0,98,100.99,100.995,48,100.97,100.99,101.0,100.99,722.0,1458369500.0,20380
2023-05-10 09:46:02,TS2309,TS2309,100.995,0.0,0.0,0.0,103,100.99,100.995,48,100.97,100.99,101.0,100.99,722.0,1458369500.0,20380
2023-05-10 09:46:05,TS2309,TS2309,100.995,50.0,100995000.0,32.0,1,100.995,101.0,94,100.97,100.99,101.0,100.99,772.0,1559364500.0,20412
2023-05-10 09:46:05,TS2309,TS2309,100.995,0.0,0.0,0.0,38,100.995,101.0,47,100.97,100.99,101.0,100.99,772.0,1559364500.0,20412
2023-05-10 09:46:06,TS2309,TS2309,100.995,0.0,0.0,0.0,38,100.995,101.0,50,100.97,100.99,101.0,100.99,772.0,1559364500.0,20412
2023-05-10 09:46:07,TS2309,TS2309,100.995,0.0,0.0,0.0,36,100.995,101.0,50,100.97,100.99,101.0,100.99,772.0,1559364500.0,20412
2023-05-10 09:46:08,TS2309,TS2309,100.995,0.0,0.0,0.0,36,100.995,101.0,49,100.97,100.99,101.0,100.99,772.0,1559364500.0,20412
2023-05-10 09:46:09,TS2309,TS2309,100.995,0.0,0.0,0.0,36,100.995,101.0,44,100.97,100.99,101.0,100.99,772.0,1559364500.0,20412
2023-05-10 09:46:10,TS2309,TS2309,100.995,0.0,0.0,0.0,35,100.995,101.0,44,100.97,100.99,101.0,100.99,772.0,1559364500.0,20412
2023-05-10 09:46:11,TS2309,TS2309,100.995,0.0,0.0,0.0,36,100.995,101.0,44,100.97,100.99,101.0,100.99,772.0,1559364500.0,20412
2023-05-10 09:46:12,TS2309,TS2309,101.0,1.0,2020000.0,0.0,36,100.995,101.0,43,100.97,100.99,101.0,100.99,773.0,1561384500.0,20412
2023-05-10 09:46:16,TS2309,TS2309,101.0,0.0,0.0,0.0,35,100.995,101.0,43,100.97,100.99,101.0,100.99,773.0,1561384500.0,20412
2023-05-10 09:46:16,TS2309,TS2309,101.0,1.0,2020000.0,0.0,35,100.995,101.0,43,100.97,100.99,101.0,100.99,774.0,1563404500.0,20412
2023-05-10 09:46:21,TS2309,TS2309,101.0,0.0,0.0,0.0,35,100.995,101.0,42,100.97,100.99,101.0,100.99,774.0,1563404500.0,20412
2023-05-10 09:46:22,TS2309,TS2309,101.0,0.0,0.0,0.0,35,100.995,101.0,43,100.97,100.99,101.0,100.99,774.0,1563404500.0,20412
2023-05-10 09:46:24,TS2309,TS2309,101.0,0.0,0.0,0.0,45,100.995,101.0,53,100.97,100.99,101.0,100.99,774.0,1563404500.0,20412
2023-05-10 09:46:25,TS2309,TS2309,101.0,0.0,0.0,0.0,50,100.995,101.0,58,100.97,100.99,101.0,100.99,774.0,1563404500.0,20412
2023-05-10 09:46:25,TS2309,TS2309,101.0,0.0,0.0,0.0,55,100.995,101.0,58,100.97,100.99,101.0,100.99,774.0,1563404500.0,20412
2023-05-10 09:46:26,TS2309,TS2309,101.0,0.0,0.0,0.0,55,100.995,101.0,59,100.97,100.99,101.0,100.99,774.0,1563404500.0,20412
2023-05-10 09:46:27,TS2309,TS2309,101.0,0.0,0.0,0.0,55,100.995,101.0,58,100.97,100.99,101.0,100.99,774.0,1563404500.0,20412
2023-05-10 09:46:27,TS2309,TS2309,101.0,0.0,0.0,0.0,56,100.995,101.0,59,100.97,100.99,101.0,100.99,774.0,1563404500.0,20412
2023-05-10 09:46:37,TS2309,TS2309,101.0,0.0,0.0,0.0,58,100.995,101.0,59,100.97,100.99,101.0,100.99,774.0,1563404500.0,20412
2023-05-10 09:46:38,TS2309,TS2309,101.0,0.0,0.0,0.0,56,100.995,101.0,59,100.97,100.99,101.0,100.99,774.0,1563404500.0,20412
2023-05-10 09:46:39,TS2309,TS2309,101.0,0.0,0.0,0.0,58,100.995,101.0,59,100.97,100.99,101.0,100.99,774.0,1563404500.0,20412
2023-05-10 09:47:18,TS2309,TS2309,101.0,0.0,0.0,0.0,60,100.995,101.0,59,100.97,100.99,101.0,100.99,774.0,1563404500.0,20412
2023-05-10 09:47:33,TS2309,TS2309,101.0,0.0,0.0,0.0,61,100.995,101.0,59,100.97,100.99,101.0,100.99,774.0,1563404500.0,20412
2023-05-10 09:47:34,TS2309,TS2309,101.0,0.0,0.0,0.0,74,100.995,101.0,59,100.97,100.99,101.0,100.99,774.0,1563404500.0,20412
2023-05-10 09:47:37,TS2309,TS2309,101.0,2.0,4040000.0,-2.0,72,100.995,101.0,57,100.97,100.99,101.0,100.99,776.0,1567444500.0,20410
2023-05-10 09:47:38,TS2309,TS2309,101.0,0.0,0.0,0.0,67,100.995,101.0,52,100.97,100.99,101.0,100.99,776.0,1567444500.0,20410
2023-05-10 09:47:40,TS2309,TS2309,101.0,0.0,0.0,0.0,67,100.995,101.0,51,100.97,100.99,101.0,100.99,776.0,1567444500.0,20410
2023-05-10 09:47:43,TS2309,TS2309,101.0,0.0,0.0,0.0,72,100.995,101.0,56,100.97,100.99,101.0,100.99,776.0,1567444500.0,20410
2023-05-10 09:47:47,TS2309,TS2309,101.0,1.0,2020000.0,0.0,72,100.995,101.0,55,100.97,100.99,101.0,100.99,777.0,1569464500.0,20410
2023-05-10 09:47:47,TS2309,TS2309,101.0,0.0,0.0,0.0,67,100.995,101.0,50,100.97,100.99,101.0,100.99,777.0,1569464500.0,20410
2023-05-10 09:47:53,TS2309,TS2309,101.0,0.0,0.0,0.0,72,100.995,101.0,55,100.97,100.99,101.0,100.99,777.0,1569464500.0,20410
2023-05-10 09:47:55,TS2309,TS2309,101.0,0.0,0.0,0.0,58,100.995,101.0,59,100.97,100.99,101.0,100.99,777.0,1569464500.0,20410
2023-05-10 09:47:55,TS2309,TS2309,101.0,0.0,0.0,0.0,58,100.995,101.0,64,100.97,100.99,101.0,100.99,777.0,1569464500.0,20410
2023-05-10 09:47:56,TS2309,TS2309,101.0,0.0,0.0,0.0,58,100.995,101.0,59,100.97,100.99,101.0,100.99,777.0,1569464500.0,20410
2023-05-10 09:47:57,TS2309,TS2309,101.0,0.0,0.0,0.0,72,100.995,101.0,59,100.97,100.99,101.0,100.99,777.0,1569464500.0,20410
2023-05-10 09:48:59,TS2309,TS2309,101.0,60.0,121200000.0,0.0,15,101.0,101.005,70,100.97,100.99,101.0,100.99,837.0,1690664500.0,20410
2023-05-10 09:48:59,TS2309,TS2309,101.005,1.0,2020100.0,0.0,30,101.0,101.005,14,100.97,100.99,101.005,100.99,838.0,1692684600.0,20410
2023-05-10 09:49:00,TS2309,TS2309,101.005,0.0,0.0,0.0,30,101.0,101.005,27,100.97,100.99,101.005,100.99,838.0,1692684600.0,20410
2023-05-10 09:49:01,TS2309,TS2309,101.005,0.0,0.0,0.0,40,101.0,101.005,37,100.97,100.99,101.005,100.99,838.0,1692684600.0,20410
2023-05-10 09:49:02,TS2309,TS2309,101.005,0.0,0.0,0.0,40,101.0,101.005,36,100.97,100.99,101.005,100.99,838.0,1692684600.0,20410
2023-05-10 09:49:03,TS2309,TS2309,101.005,0.0,0.0,0.0,40,101.0,101.005,31,100.97,100.99,101.005,100.99,838.0,1692684600.0,20410
2023-05-10 09:49:04,TS2309,TS2309,101.005,1.0,2020100.0,0.0,40,101.0,101.005,30,100.97,100.99,101.005,100.99,839.0,1694704700.0,20410
2023-05-10 09:49:05,TS2309,TS2309,101.005,0.0,0.0,0.0,41,101.0,101.005,30,100.97,100.99,101.005,100.99,839.0,1694704700.0,20410
2023-05-10 09:49:05,TS2309,TS2309,101.005,0.0,0.0,0.0,46,101.0,101.005,30,100.97,100.99,101.005,100.99,839.0,1694704700.0,20410
2023-05-10 09:49:08,TS2309,TS2309,101.005,0.0,0.0,0.0,41,101.0,101.005,30,100.97,100.99,101.005,100.99,839.0,1694704700.0,20410
2023-05-10 09:49:16,TS2309,TS2309,101.005,1.0,2020100.0,0.0,41,101.0,101.005,29,100.97,100.99,101.005,100.99,840.0,1696724800.0,20410
2023-05-10 09:49:16,TS2309,TS2309,101.0,41.0,82820000.0,21.0,86,100.995,101.0,14,100.97,100.99,101.005,100.99,881.0,1779544800.0,20431
2023-05-10 09:49:17,TS2309,TS2309,101.0,9.0,18180000.0,9.0,46,100.995,101.0,25,100.97,100.99,101.005,100.99,890.0,1797724800.0,20440
2023-05-10 09:49:17,TS2309,TS2309,101.0,0.0,0.0,0.0,69,100.995,101.0,25,100.97,100.99,101.005,100.99,890.0,1797724800.0,20440
2023-05-10 09:49:18,TS2309,TS2309,101.0,0.0,0.0,0.0,79,100.995,101.0,35,100.97,100.99,101.005,100.99,890.0,1797724800.0,20440
2023-05-10 09:49:20,TS2309,TS2309,101.0,0.0,0.0,0.0,78,100.995,101.0,35,100.97,100.99,101.005,100.99,890.0,1797724800.0,20440
2023-05-10 09:49:32,TS2309,TS2309,101.0,1.0,2020000.0,0.0,78,100.995,101.0,34,100.97,100.99,101.005,100.99,891.0,1799744800.0,20440
2023-05-10 09:49:32,TS2309,TS2309,101.0,0.0,0.0,0.0,73,100.995,101.0,34,100.97,100.99,101.005,100.99,891.0,1799744800.0,20440
2023-05-10 09:49:34,TS2309,TS2309,101.0,0.0,0.0,0.0,73,100.995,101.0,44,100.97,100.99,101.005,100.99,891.0,1799744800.0,20440
2023-05-10 09:49:38,TS2309,TS2309,101.0,0.0,0.0,0.0,78,100.995,101.0,44,100.97,100.99,101.005,100.99,891.0,1799744800.0,20440
2023-05-10 09:49:40,TS2309,TS2309,101.0,0.0,0.0,0.0,83,100.995,101.0,49,100.97,100.99,101.005,100.99,891.0,1799744800.0,20440
2023-05-10 09:49:41,TS2309,TS2309,101.0,0.0,0.0,0.0,79,100.995,101.0,44,100.97,100.99,101.005,100.99,891.0,1799744800.0,20440
2023-05-10 09:49:59,TS2309,TS2309,101.0,0.0,0.0,0.0,79,100.995,101.0,50,100.97,100.99,101.005,100.99,891.0,1799744800.0,20440
2023-05-10 09:50:00,TS2309,TS2309,101.0,1.0,2020000.0,0.0,79,100.995,101.0,54,100.97,100.99,101.005,100.99,892.0,1801764800.0,20440
2023-05-10 09:50:00,TS2309,TS2309,101.0,0.0,0.0,0.0,74,100.995,101.0,49,100.97,100.99,101.005,100.99,892.0,1801764800.0,20440
2023-05-10 09:50:03,TS2309,TS2309,101.0,0.0,0.0,0.0,74,100.995,101.0,59,100.97,100.99,101.005,100.99,892.0,1801764800.0,20440
2023-05-10 09:50:06,TS2309,TS2309,101.0,0.0,0.0,0.0,79,100.995,101.0,64,100.97,100.99,101.005,100.99,892.0,1801764800.0,20440
2023-05-10 09:50:36,TS2309,TS2309,101.0,1.0,2020000.0,0.0,79,100.995,101.0,63,100.97,100.99,101.005,100.99,893.0,1803784800.0,20440
2023-05-10 09:50:37,TS2309,TS2309,101.0,0.0,0.0,0.0,74,100.995,101.0,58,100.97,100.99,101.005,100.99,893.0,1803784800.0,20440
2023-05-10 09:50:37,TS2309,TS2309,101.0,1.0,2020000.0,-1.0,73,100.995,101.0,57,100.97,100.99,101.005,100.99,894.0,1805804800.0,20439
2023-05-10 09:50:43,TS2309,TS2309,101.0,0.0,0.0,0.0,78,100.995,101.0,62,100.97,100.99,101.005,100.99,894.0,1805804800.0,20439
2023-05-10 09:50:55,TS2309,TS2309,101.0,1.0,2020000.0,0.0,78,100.995,101.0,61,100.97,100.99,101.005,100.99,895.0,1807824800.0,20439
2023-05-10 09:50:55,TS2309,TS2309,101.0,0.0,0.0,0.0,73,100.995,101.0,56,100.97,100.99,101.005,100.99,895.0,1807824800.0,20439
2023-05-10 09:51:01,TS2309,TS2309,101.0,0.0,0.0,0.0,78,100.995,101.0,61,100.97,100.99,101.005,100.99,895.0,1807824800.0,20439
2023-05-10 09:51:02,TS2309,TS2309,101.0,1.0,2020000.0,1.0,78,100.995,101.0,60,100.97,100.99,101.005,100.99,896.0,1809844800.0,20440
2023-05-10 09:51:02,TS2309,TS2309,101.0,0.0,0.0,0.0,73,100.995,101.0,55,100.97,100.99,101.005,100.99,896.0,1809844800.0,20440
2023-05-10 09:51:03,TS2309,TS2309,101.0,0.0,0.0,0.0,72,100.995,101.0,55,100.97,100.99,101.005,100.99,896.0,1809844800.0,20440
2023-05-10 09:51:07,TS2309,TS2309,101.0,1.0,2020000.0,1.0,72,100.995,101.0,54,100.97,100.99,101.005,100.99,897.0,1811864800.0,20441
2023-05-10 09:51:08,TS2309,TS2309,101.0,1.0,2020000.0,1.0,72,100.995,101.0,53,100.97,100.99,101.005,100.99,898.0,1813884800.0,20442
2023-05-10 09:51:10,TS2309,TS2309,101.0,0.0,0.0,0.0,77,100.995,101.0,58,100.97,100.99,101.005,100.99,898.0,1813884800.0,20442
2023-05-10 09:51:10,TS2309,TS2309,101.0,1.0,2020000.0,1.0,72,100.995,101.0,52,100.97,100.99,101.005,100.99,899.0,1815904800.0,20443
2023-05-10 09:51:16,TS2309,TS2309,101.0,0.0,0.0,0.0,77,100.995,101.0,64,100.97,100.99,101.005,100.99,899.0,1815904800.0,20443
2023-05-10 09:51:17,TS2309,TS2309,101.0,0.0,0.0,0.0,75,100.995,101.0,64,100.97,100.99,101.005,100.99,899.0,1815904800.0,20443
2023-05-10 09:51:22,TS2309,TS2309,101.0,0.0,0.0,0.0,80,100.995,101.0,69,100.97,100.99,101.005,100.99,899.0,1815904800.0,20443
2023-05-10 09:51:23,TS2309,TS2309,101.0,0.0,0.0,0.0,75,100.995,101.0,64,100.97,100.99,101.005,100.99,899.0,1815904800.0,20443
2023-05-10 09:52:00,TS2309,TS2309,101.0,1.0,2020000.0,1.0,75,100.995,101.0,63,100.97,100.99,101.005,100.99,900.0,1817924800.0,20444
2023-05-10 09:52:01,TS2309,TS2309,101.0,0.0,0.0,0.0,72,100.995,101.0,58,100.97,100.99,101.005,100.99,900.0,1817924800.0,20444
2023-05-10 09:52:06,TS2309,TS2309,101.0,0.0,0.0,0.0,77,100.995,101.0,63,100.97,100.99,101.005,100.99,900.0,1817924800.0,20444
2023-05-10 09:52:32,TS2309,TS2309,101.0,1.0,2020000.0,1.0,77,100.995,101.0,62,100.97,100.99,101.005,100.99,901.0,1819944800.0,20445
2023-05-10 09:52:32,TS2309,TS2309,101.0,0.0,0.0,0.0,72,100.995,101.0,57,100.97,100.99,101.005,100.99,901.0,1819944800.0,20445
2023-05-10 09:52:33,TS2309,TS2309,101.0,1.0,2020000.0,1.0,72,100.995,101.0,56,100.97,100.99,101.005,100.99,902.0,1821964800.0,20446
2023-05-10 09:52:39,TS2309,TS2309,101.0,0.0,0.0,0.0,77,100.995,101.0,61,100.97,100.99,101.005,100.99,902.0,1821964800.0,20446
2023-05-10 09:52:41,TS2309,TS2309,101.0,6.0,12120000.0,6.0,77,100.995,101.0,48,100.97,100.99,101.005,100.99,908.0,1834084800.0,20452
2023-05-10 09:52:41,TS2309,TS2309,101.0,0.0,0.0,0.0,82,100.995,101.0,43,100.97,100.99,101.005,100.99,908.0,1834084800.0,20452
2023-05-10 09:52:47,TS2309,TS2309,101.0,0.0,0.0,0.0,87,100.995,101.0,43,100.97,100.99,101.005,100.99,908.0,1834084800.0,20452
2023-05-10 09:52:49,TS2309,TS2309,101.0,0.0,0.0,0.0,87,100.995,101.0,48,100.97,100.99,101.005,100.99,908.0,1834084800.0,20452
2023-05-10 09:52:50,TS2309,TS2309,101.0,1.0,2020000.0,1.0,92,100.995,101.0,47,100.97,100.99,101.005,100.99,909.0,1836104800.0,20453
2023-05-10 09:52:51,TS2309,TS2309,101.0,0.0,0.0,0.0,87,100.995,101.0,47,100.97,100.99,101.005,100.99,909.0,1836104800.0,20453
2023-05-10 09:52:52,TS2309,TS2309,101.0,0.0,0.0,0.0,87,100.995,101.0,48,100.97,100.99,101.005,100.99,909.0,1836104800.0,20453
2023-05-10 09:52:56,TS2309,TS2309,101.0,1.0,2020000.0,1.0,92,100.995,101.0,47,100.97,100.99,101.005,100.99,910.0,1838124800.0,20454
2023-05-10 09:52:57,TS2309,TS2309,101.0,0.0,0.0,0.0,87,100.995,101.0,47,100.97,100.99,101.005,100.99,910.0,1838124800.0,20454
2023-05-10 09:53:02,TS2309,TS2309,101.0,0.0,0.0,0.0,92,100.995,101.0,47,100.97,100.99,101.005,100.99,910.0,1838124800.0,20454
2023-05-10 09:53:14,TS2309,TS2309,101.0,0.0,0.0,0.0,97,100.995,101.0,52,100.97,100.99,101.005,100.99,910.0,1838124800.0,20454
2023-05-10 09:53:14,TS2309,TS2309,101.0,0.0,0.0,0.0,92,100.995,101.0,52,100.97,100.99,101.005,100.99,910.0,1838124800.0,20454
2023-05-10 09:53:21,TS2309,TS2309,101.0,0.0,0.0,0.0,93,100.995,101.0,52,100.97,100.99,101.005,100.99,910.0,1838124800.0,20454
2023-05-10 09:53:23,TS2309,TS2309,101.0,0.0,0.0,0.0,93,100.995,101.0,53,100.97,100.99,101.005,100.99,910.0,1838124800.0,20454
2023-05-10 09:53:28,TS2309,TS2309,101.0,0.0,0.0,0.0,94,100.995,101.0,53,100.97,100.99,101.005,100.99,910.0,1838124800.0,20454
2023-05-10 09:53:32,TS2309,TS2309,101.0,1.0,2020000.0,1.0,94,100.995,101.0,52,100.97,100.99,101.005,100.99,911.0,1840144800.0,20455
2023-05-10 09:53:32,TS2309,TS2309,101.0,1.0,2020000.0,1.0,94,100.995,101.0,51,100.97,100.99,101.005,100.99,912.0,1842164800.0,20456
2023-05-10 09:53:33,TS2309,TS2309,101.0,0.0,0.0,0.0,89,100.995,101.0,46,100.97,100.99,101.005,100.99,912.0,1842164800.0,20456
2023-05-10 09:53:38,TS2309,TS2309,101.0,0.0,0.0,0.0,94,100.995,101.0,46,100.97,100.99,101.005,100.99,912.0,1842164800.0,20456
2023-05-10 09:54:02,TS2309,TS2309,101.0,1.0,2020000.0,1.0,94,100.995,101.0,45,100.97,100.99,101.005,100.99,913.0,1844184800.0,20457
2023-05-10 09:54:02,TS2309,TS2309,101.0,0.0,0.0,0.0,89,100.995,101.0,45,100.97,100.99,101.005,100.99,913.0,1844184800.0,20457
2023-05-10 09:54:08,TS2309,TS2309,101.0,0.0,0.0,0.0,94,100.995,101.0,45,100.97,100.99,101.005,100.99,913.0,1844184800.0,20457
2023-05-10 09:54:28,TS2309,TS2309,101.0,5.0,10100000.0,0.0,94,100.995,101.0,40,100.97,100.99,101.005,100.99,918.0,1854284800.0,20457
2023-05-10 09:54:28,TS2309,TS2309,101.0,1.0,2020000.0,1.0,89,100.995,101.0,29,100.97,100.99,101.005,100.99,919.0,1856304800.0,20458
2023-05-10 09:54:29,TS2309,TS2309,101.0,11.0,22220000.0,0.0,89,100.995,101.0,18,100.97,100.99,101.005,100.99,930.0,1878524800.0,20458
2023-05-10 09:54:29,TS2309,TS2309,101.0,15.0,30300000.0,-1.0,89,100.995,101.0,3,100.97,100.99,101.005,100.99,945.0,1908824800.0,20457
2023-05-10 09:54:30,TS2309,TS2309,101.0,3.0,6060000.0,3.0,12,101.0,101.005,82,100.97,100.99,101.005,100.99,948.0,1914884800.0,20460
2023-05-10 09:54:30,TS2309,TS2309,101.0,9.0,18180000.0,0.0,13,101.0,101.005,27,100.97,100.99,101.005,100.99,957.0,1933064800.0,20460
2023-05-10 09:54:31,TS2309,TS2309,101.0,0.0,0.0,0.0,23,101.0,101.005,37,100.97,100.99,101.005,100.99,957.0,1933064800.0,20460
2023-05-10 09:54:32,TS2309,TS2309,101.0,0.0,0.0,0.0,23,101.0,101.005,36,100.97,100.99,101.005,100.99,957.0,1933064800.0,20460
2023-05-10 09:54:34,TS2309,TS2309,101.0,0.0,0.0,0.0,23,101.0,101.005,31,100.97,100.99,101.005,100.99,957.0,1933064800.0,20460
2023-05-10 09:54:35,TS2309,TS2309,101.0,0.0,0.0,0.0,22,101.0,101.005,31,100.97,100.99,101.005,100.99,957.0,1933064800.0,20460
2023-05-10 09:54:35,TS2309,TS2309,101.0,0.0,0.0,0.0,23,101.0,101.005,31,100.97,100.99,101.005,100.99,957.0,1933064800.0,20460
2023-05-10 09:54:36,TS2309,TS2309,101.0,0.0,0.0,0.0,24,101.0,101.005,31,100.97,100.99,101.005,100.99,957.0,1933064800.0,20460
2023-05-10 09:54:38,TS2309,TS2309,101.0,0.0,0.0,0.0,35,101.0,101.005,31,100.97,100.99,101.005,100.99,957.0,1933064800.0,20460
2023-05-10 09:54:40,TS2309,TS2309,101.0,0.0,0.0,0.0,34,101.0,101.005,31,100.97,100.99,101.005,100.99,957.0,1933064800.0,20460
2023-05-10 09:54:41,TS2309,TS2309,101.0,0.0,0.0,0.0,35,101.0,101.005,31,100.97,100.99,101.005,100.99,957.0,1933064800.0,20460
2023-05-10 09:54:42,TS2309,TS2309,101.0,0.0,0.0,0.0,36,101.0,101.005,31,100.97,100.99,101.005,100.99,957.0,1933064800.0,20460
2023-05-10 09:54:47,TS2309,TS2309,101.0,0.0,0.0,0.0,42,101.0,101.005,31,100.97,100.99,101.005,100.99,957.0,1933064800.0,20460
2023-05-10 09:54:48,TS2309,TS2309,101.0,0.0,0.0,0.0,46,101.0,101.005,31,100.97,100.99,101.005,100.99,957.0,1933064800.0,20460
2023-05-10 09:54:48,TS2309,TS2309,101.0,0.0,0.0,0.0,49,101.0,101.005,31,100.97,100.99,101.005,100.99,957.0,1933064800.0,20460
2023-05-10 09:55:11,TS2309,TS2309,101.0,0.0,0.0,0.0,99,101.0,101.005,31,100.97,100.99,101.005,100.99,957.0,1933064800.0,20460
2023-05-10 09:55:11,TS2309,TS2309,101.005,1.0,2020100.0,0.0,104,101.0,101.005,30,100.97,100.99,101.005,100.99,958.0,1935084900.0,20460
2023-05-10 09:55:12,TS2309,TS2309,101.005,0.0,0.0,0.0,99,101.0,101.005,30,100.97,100.99,101.005,100.99,958.0,1935084900.0,20460
2023-05-10 09:55:13,TS2309,TS2309,101.005,0.0,0.0,0.0,101,101.0,101.005,30,100.97,100.99,101.005,100.99,958.0,1935084900.0,20460
2023-05-10 09:55:14,TS2309,TS2309,101.005,0.0,0.0,0.0,101,101.0,101.005,40,100.97,100.99,101.005,100.99,958.0,1935084900.0,20460
2023-05-10 09:55:17,TS2309,TS2309,101.005,0.0,0.0,0.0,131,101.0,101.005,40,100.97,100.99,101.005,100.99,958.0,1935084900.0,20460
2023-05-10 09:55:17,TS2309,TS2309,101.005,0.0,0.0,0.0,136,101.0,101.005,40,100.97,100.99,101.005,100.99,958.0,1935084900.0,20460
2023-05-10 09:55:18,TS2309,TS2309,101.005,0.0,0.0,0.0,136,101.0,101.005,50,100.97,100.99,101.005,100.99,958.0,1935084900.0,20460
2023-05-10 09:55:19,TS2309,TS2309,101.005,0.0,0.0,0.0,136,101.0,101.005,55,100.97,100.99,101.005,100.99,958.0,1935084900.0,20460
2023-05-10 09:55:33,TS2309,TS2309,101.005,0.0,0.0,0.0,141,101.0,101.005,40,100.97,100.99,101.005,100.99,958.0,1935084900.0,20460
2023-05-10 09:55:33,TS2309,TS2309,101.005,26.0,52522600.0,22.0,144,101.0,101.005,10,100.97,100.99,101.005,100.99,984.0,1987607500.0,20482
2023-05-10 09:55:34,TS2309,TS2309,101.005,10.0,20201000.0,9.0,10,101.005,101.01,66,100.97,100.99,101.005,100.99,994.0,2007808500.0,20491
2023-05-10 09:55:34,TS2309,TS2309,101.005,1.0,2020100.0,1.0,27,101.005,101.01,22,100.97,100.99,101.005,100.99,995.0,2009828600.0,20492
2023-05-10 09:55:35,TS2309,TS2309,101.005,1.0,2020100.0,1.0,35,101.005,101.01,35,100.97,100.99,101.005,100.99,996.0,2011848700.0,20493
2023-05-10 09:55:35,TS2309,TS2309,101.005,1.0,2020100.0,1.0,34,101.005,101.01,21,100.97,100.99,101.005,100.99,997.0,2013868800.0,20494
2023-05-10 09:55:36,TS2309,TS2309,101.005,1.0,2020100.0,1.0,33,101.005,101.01,21,100.97,100.99,101.005,100.99,998.0,2015888900.0,20495
2023-05-10 09:55:36,TS2309,TS2309,101.005,1.0,2020100.0,1.0,32,101.005,101.01,21,100.97,100.99,101.005,100.99,999.0,2017909000.0,20496
2023-05-10 09:55:37,TS2309,TS2309,101.005,1.0,2020100.0,1.0,31,101.005,101.01,21,100.97,100.99,101.005,100.99,1000.0,2019929100.0,20497
2023-05-10 09:55:38,TS2309,TS2309,101.005,1.0,2020100.0,1.0,30,101.005,101.01,21,100.97,100.99,101.005,100.99,1001.0,2021949200.0,20498
2023-05-10 09:55:39,TS2309,TS2309,101.005,1.0,2020100.0,1.0,28,101.005,101.01,21,100.97,100.99,101.005,100.99,1002.0,2023969300.0,20499
2023-05-10 09:55:39,TS2309,TS2309,101.005,0.0,0.0,0.0,29,101.005,101.01,21,100.97,100.99,101.005,100.99,1002.0,2023969300.0,20499
2023-05-10 09:55:42,TS2309,TS2309,101.005,0.0,0.0,0.0,29,101.005,101.01,41,100.97,100.99,101.005,100.99,1002.0,2023969300.0,20499
2023-05-10 09:55:44,TS2309,TS2309,101.005,0.0,0.0,0.0,28,101.005,101.01,41,100.97,100.99,101.005,100.99,1002.0,2023969300.0,20499
2023-05-10 09:55:45,TS2309,TS2309,101.005,0.0,0.0,0.0,29,101.005,101.01,41,100.97,100.99,101.005,100.99,1002.0,2023969300.0,20499
2023-05-10 09:55:55,TS2309,TS2309,101.005,0.0,0.0,0.0,30,101.005,101.01,30,100.97,100.99,101.005,100.99,1002.0,2023969300.0,20499
2023-05-10 09:55:55,TS2309,TS2309,101.01,11.0,22222200.0,0.0,33,101.005,101.01,19,100.97,100.99,101.01,100.99,1013.0,2046191500.0,20499
2023-05-10 09:55:56,TS2309,TS2309,101.01,19.0,38383800.0,0.0,9,101.01,101.015,55,100.97,100.99,101.01,100.99,1032.0,2084575300.0,20499
2023-05-10 09:55:56,TS2309,TS2309,101.01,1.0,2020200.0,0.0,22,101.01,101.015,22,100.97,100.99,101.01,100.99,1033.0,2086595500.0,20499
2023-05-10 09:55:57,TS2309,TS2309,101.01,0.0,0.0,0.0,31,101.01,101.015,22,100.97,100.99,101.01,100.99,1033.0,2086595500.0,20499
2023-05-10 09:55:58,TS2309,TS2309,101.01,0.0,0.0,0.0,31,101.01,101.015,24,100.97,100.99,101.01,100.99,1033.0,2086595500.0,20499
2023-05-10 09:55:59,TS2309,TS2309,101.01,0.0,0.0,0.0,31,101.01,101.015,31,100.97,100.99,101.01,100.99,1033.0,2086595500.0,20499
2023-05-10 09:55:59,TS2309,TS2309,101.01,0.0,0.0,0.0,31,101.01,101.015,30,100.97,100.99,101.01,100.99,1033.0,2086595500.0,20499
2023-05-10 09:56:00,TS2309,TS2309,101.01,32.0,64646400.0,-10.0,87,101.005,101.01,11,100.97,100.99,101.01,100.99,1065.0,2151241900.0,20489
2023-05-10 09:56:00,TS2309,TS2309,101.01,9.0,18181800.0,0.0,24,101.005,101.01,13,100.97,100.99,101.01,100.99,1074.0,2169423700.0,20489
2023-05-10 09:56:01,TS2309,TS2309,101.01,0.0,0.0,0.0,25,101.005,101.01,15,100.97,100.99,101.01,100.99,1074.0,2169423700.0,20489
2023-05-10 09:56:01,TS2309,TS2309,101.01,0.0,0.0,0.0,26,101.005,101.01,15,100.97,100.99,101.01,100.99,1074.0,2169423700.0,20489
2023-05-10 09:56:02,TS2309,TS2309,101.01,0.0,0.0,0.0,25,101.005,101.01,15,100.97,100.99,101.01,100.99,1074.0,2169423700.0,20489
2023-05-10 09:56:03,TS2309,TS2309,101.01,0.0,0.0,0.0,25,101.005,101.01,17,100.97,100.99,101.01,100.99,1074.0,2169423700.0,20489
2023-05-10 09:56:10,TS2309,TS2309,101.01,0.0,0.0,0.0,25,101.005,101.01,27,100.97,100.99,101.01,100.99,1074.0,2169423700.0,20489
2023-05-10 09:56:10,TS2309,TS2309,101.01,0.0,0.0,0.0,26,101.005,101.01,27,100.97,100.99,101.01,100.99,1074.0,2169423700.0,20489
2023-05-10 09:56:24,TS2309,TS2309,101.01,32.0,64646400.0,10.0,18,101.01,101.015,75,100.97,100.99,101.01,100.99,1106.0,2234070100.0,20499
2023-05-10 09:56:24,TS2309,TS2309,101.01,10.0,20202000.0,1.0,18,101.01,101.015,35,100.97,100.99,101.01,100.99,1116.0,2254272100.0,20500
2023-05-10 09:56:25,TS2309,TS2309,101.01,13.0,26262600.0,-3.0,73,101.005,101.01,1,100.97,100.99,101.01,100.99,1129.0,2280534700.0,20497
2023-05-10 09:56:25,TS2309,TS2309,101.01,11.0,22222200.0,1.0,33,101.005,101.01,10,100.97,100.99,101.01,100.99,1140.0,2302756900.0,20498
2023-05-10 09:56:26,TS2309,TS2309,101.01,0.0,0.0,0.0,33,101.005,101.01,21,100.97,100.99,101.01,100.99,1140.0,2302756900.0,20498
2023-05-10 09:56:28,TS2309,TS2309,101.01,21.0,42424200.0,10.0,9,101.01,101.015,75,100.97,100.99,101.01,100.99,1161.0,2345181100.0,20508
2023-05-10 09:56:29,TS2309,TS2309,101.01,1.0,2020200.0,1.0,18,101.01,101.015,35,100.97,100.99,101.01,100.99,1162.0,2347201300.0,20509
2023-05-10 09:56:29,TS2309,TS2309,101.01,1.0,2020200.0,1.0,23,101.01,101.015,35,100.97,100.99,101.01,100.99,1163.0,2349221500.0,20510
2023-05-10 09:56:30,TS2309,TS2309,101.01,1.0,2020200.0,1.0,22,101.01,101.015,48,100.97,100.99,101.01,100.99,1164.0,2351241700.0,20511
2023-05-10 09:56:30,TS2309,TS2309,101.01,1.0,2020200.0,1.0,21,101.01,101.015,35,100.97,100.99,101.01,100.99,1165.0,2353261900.0,20512
2023-05-10 09:56:31,TS2309,TS2309,101.01,1.0,2020200.0,1.0,20,101.01,101.015,48,100.97,100.99,101.01,100.99,1166.0,2355282100.0,20513
2023-05-10 09:56:31,TS2309,TS2309,101.015,2.0,4040500.0,1.0,19,101.01,101.015,34,100.97,100.99,101.015,100.99,1168.0,2359322600.0,20514
2023-05-10 09:56:32,TS2309,TS2309,101.01,1.0,2020200.0,1.0,18,101.01,101.015,34,100.97,100.99,101.015,100.99,1169.0,2361342800.0,20515
2023-05-10 09:56:32,TS2309,TS2309,101.01,1.0,2020200.0,1.0,21,101.01,101.015,29,100.97,100.99,101.015,100.99,1170.0,2363363000.0,20516
2023-05-10 09:56:33,TS2309,TS2309,101.01,1.0,2020200.0,1.0,33,101.01,101.015,29,100.97,100.99,101.015,100.99,1171.0,2365383200.0,20517
2023-05-10 09:56:33,TS2309,TS2309,101.01,1.0,2020200.0,0.0,23,101.01,101.015,29,100.97,100.99,101.015,100.99,1172.0,2367403400.0,20517
2023-05-10 09:56:34,TS2309,TS2309,101.01,1.0,2020200.0,1.0,32,101.01,101.015,29,100.97,100.99,101.015,100.99,1173.0,2369423600.0,20518
2023-05-10 09:56:34,TS2309,TS2309,101.01,1.0,2020200.0,1.0,31,101.01,101.015,29,100.97,100.99,101.015,100.99,1174.0,2371443800.0,20519
2023-05-10 09:56:35,TS2309,TS2309,101.01,1.0,2020200.0,1.0,30,101.01,101.015,29,100.97,100.99,101.015,100.99,1175.0,2373464000.0,20520
2023-05-10 09:56:35,TS2309,TS2309,101.01,1.0,2020200.0,1.0,29,101.01,101.015,29,100.97,100.99,101.015,100.99,1176.0,2375484200.0,20521
2023-05-10 09:56:36,TS2309,TS2309,101.01,1.0,2020200.0,1.0,28,101.01,101.015,29,100.97,100.99,101.015,100.99,1177.0,2377504400.0,20522
2023-05-10 09:56:37,TS2309,TS2309,101.01,1.0,2020200.0,1.0,27,101.01,101.015,29,100.97,100.99,101.015,100.99,1178.0,2379524600.0,20523
2023-05-10 09:56:37,TS2309,TS2309,101.01,1.0,2020200.0,1.0,26,101.01,101.015,29,100.97,100.99,101.015,100.99,1179.0,2381544800.0,20524
2023-05-10 09:56:38,TS2309,TS2309,101.01,1.0,2020200.0,1.0,25,101.01,101.015,29,100.97,100.99,101.015,100.99,1180.0,2383565000.0,20525
2023-05-10 09:56:38,TS2309,TS2309,101.01,1.0,2020200.0,1.0,25,101.01,101.015,29,100.97,100.99,101.015,100.99,1181.0,2385585200.0,20526
2023-05-10 09:56:39,TS2309,TS2309,101.015,2.0,4040500.0,1.0,24,101.01,101.015,28,100.97,100.99,101.015,100.99,1183.0,2389625700.0,20527
2023-05-10 09:56:39,TS2309,TS2309,101.01,1.0,2020200.0,1.0,27,101.01,101.015,28,100.97,100.99,101.015,100.99,1184.0,2391645900.0,20528
2023-05-10 09:56:40,TS2309,TS2309,101.01,1.0,2020200.0,1.0,26,101.01,101.015,28,100.97,100.99,101.015,100.99,1185.0,2393666100.0,20529
2023-05-10 09:56:40,TS2309,TS2309,101.01,1.0,2020200.0,1.0,25,101.01,101.015,28,100.97,100.99,101.015,100.99,1186.0,2395686300.0,20530
2023-05-10 09:56:41,TS2309,TS2309,101.01,1.0,2020200.0,1.0,24,101.01,101.015,28,100.97,100.99,101.015,100.99,1187.0,2397706500.0,20531
2023-05-10 09:56:41,TS2309,TS2309,101.01,1.0,2020200.0,1.0,26,101.01,101.015,28,100.97,100.99,101.015,100.99,1188.0,2399726700.0,20532
2023-05-10 09:56:42,TS2309,TS2309,101.01,1.0,2020200.0,1.0,25,101.01,101.015,28,100.97,100.99,101.015,100.99,1189.0,2401746900.0,20533
2023-05-10 09:56:42,TS2309,TS2309,101.01,1.0,2020200.0,1.0,24,101.01,101.015,28,100.97,100.99,101.015,100.99,1190.0,2403767100.0,20534
2023-05-10 09:56:43,TS2309,TS2309,101.01,1.0,2020200.0,1.0,23,101.01,101.015,28,100.97,100.99,101.015,100.99,1191.0,2405787300.0,20535
2023-05-10 09:56:43,TS2309,TS2309,101.01,1.0,2020200.0,1.0,22,101.01,101.015,28,100.97,100.99,101.015,100.99,1192.0,2407807500.0,20536
2023-05-10 09:56:44,TS2309,TS2309,101.01,1.0,2020200.0,1.0,21,101.01,101.015,28,100.97,100.99,101.015,100.99,1193.0,2409827700.0,20537
2023-05-10 09:56:44,TS2309,TS2309,101.01,21.0,42424200.0,-10.0,78,101.005,101.01,1,100.97,100.99,101.015,100.99,1214.0,2452251900.0,20527
2023-05-10 09:56:45,TS2309,TS2309,101.01,0.0,0.0,0.0,38,101.005,101.01,11,100.97,100.99,101.015,100.99,1214.0,2452251900.0,20527
2023-05-10 09:56:45,TS2309,TS2309,101.01,11.0,22222200.0,10.0,38,101.005,101.015,68,100.97,100.99,101.015,100.99,1225.0,2474474100.0,20537
2023-05-10 09:56:46,TS2309,TS2309,101.01,1.0,2020200.0,0.0,1,101.01,101.015,33,100.97,100.99,101.015,100.99,1226.0,2476494300.0,20537
2023-05-10 09:56:46,TS2309,TS2309,101.01,2.0,4040400.0,0.0,78,101.005,101.015,28,100.97,100.99,101.015,100.99,1228.0,2480534700.0,20537
2023-05-10 09:56:47,TS2309,TS2309,101.01,0.0,0.0,0.0,53,101.005,101.01,1,100.97,100.99,101.015,100.99,1228.0,2480534700.0,20537
2023-05-10 09:56:47,TS2309,TS2309,101.01,0.0,0.0,0.0,48,101.005,101.01,1,100.97,100.99,101.015,100.99,1228.0,2480534700.0,20537
2023-05-10 09:56:50,TS2309,TS2309,101.01,0.0,0.0,0.0,48,101.005,101.015,79,100.97,100.99,101.015,100.99,1228.0,2480534700.0,20537
2023-05-10 09:56:50,TS2309,TS2309,101.01,0.0,0.0,0.0,53,101.005,101.01,1,100.97,100.99,101.015,100.99,1228.0,2480534700.0,20537
2023-05-10 09:56:51,TS2309,TS2309,101.01,0.0,0.0,0.0,48,101.005,101.01,1,100.97,100.99,101.015,100.99,1228.0,2480534700.0,20537
2023-05-10 09:56:53,TS2309,TS2309,101.01,0.0,0.0,0.0,48,101.005,101.015,82,100.97,100.99,101.015,100.99,1228.0,2480534700.0,20537
2023-05-10 09:56:54,TS2309,TS2309,101.01,0.0,0.0,0.0,53,101.005,101.01,11,100.97,100.99,101.015,100.99,1228.0,2480534700.0,20537
2023-05-10 09:56:54,TS2309,TS2309,101.01,2.0,4040400.0,0.0,66,101.005,101.01,8,100.97,100.99,101.015,100.99,1230.0,2484575100.0,20537
2023-05-10 09:56:55,TS2309,TS2309,101.01,0.0,0.0,0.0,61,101.005,101.01,8,100.97,100.99,101.015,100.99,1230.0,2484575100.0,20537
2023-05-10 09:56:55,TS2309,TS2309,101.01,0.0,0.0,0.0,43,101.005,101.01,8,100.97,100.99,101.015,100.99,1230.0,2484575100.0,20537
2023-05-10 09:56:58,TS2309,TS2309,101.01,8.0,16161600.0,0.0,43,101.005,101.015,89,100.97,100.99,101.015,100.99,1238.0,2500736700.0,20537
2023-05-10 09:56:58,TS2309,TS2309,101.01,0.0,0.0,0.0,66,101.005,101.015,39,100.97,100.99,101.015,100.99,1238.0,2500736700.0,20537
2023-05-10 09:56:59,TS2309,TS2309,101.01,0.0,0.0,0.0,53,101.005,101.01,1,100.97,100.99,101.015,100.99,1238.0,2500736700.0,20537
2023-05-10 09:57:00,TS2309,TS2309,101.01,0.0,0.0,0.0,43,101.005,101.01,1,100.97,100.99,101.015,100.99,1238.0,2500736700.0,20537
2023-05-10 09:57:02,TS2309,TS2309,101.01,0.0,0.0,0.0,53,101.005,101.01,11,100.97,100.99,101.015,100.99,1238.0,2500736700.0,20537
2023-05-10 09:57:02,TS2309,TS2309,101.01,0.0,0.0,0.0,53,101.005,101.01,20,100.97,100.99,101.015,100.99,1238.0,2500736700.0,20537
2023-05-10 09:57:04,TS2309,TS2309,101.01,0.0,0.0,0.0,58,101.005,101.01,20,100.97,100.99,101.015,100.99,1238.0,2500736700.0,20537
2023-05-10 09:57:13,TS2309,TS2309,101.01,0.0,0.0,0.0,63,101.005,101.01,20,100.97,100.99,101.015,100.99,1238.0,2500736700.0,20537
2023-05-10 09:57:22,TS2309,TS2309,101.01,0.0,0.0,0.0,63,101.005,101.01,30,100.97,100.99,101.015,100.99,1238.0,2500736700.0,20537
2023-05-10 09:57:23,TS2309,TS2309,101.01,0.0,0.0,0.0,68,101.005,101.01,30,100.97,100.99,101.015,100.99,1238.0,2500736700.0,20537
2023-05-10 09:57:46,TS2309,TS2309,101.01,1.0,2020200.0,1.0,68,101.005,101.01,29,100.97,100.99,101.015,100.99,1239.0,2502756900.0,20538
2023-05-10 09:57:46,TS2309,TS2309,101.01,0.0,0.0,0.0,58,101.005,101.01,29,100.97,100.99,101.015,100.99,1239.0,2502756900.0,20538
2023-05-10 09:57:47,TS2309,TS2309,101.01,0.0,0.0,0.0,58,101.005,101.01,30,100.97,100.99,101.015,100.99,1239.0,2502756900.0,20538
2023-05-10 09:57:49,TS2309,TS2309,101.01,0.0,0.0,0.0,61,101.005,101.01,30,100.97,100.99,101.015,100.99,1239.0,2502756900.0,20538
2023-05-10 09:57:50,TS2309,TS2309,101.01,0.0,0.0,0.0,62,101.005,101.01,30,100.97,100.99,101.015,100.99,1239.0,2502756900.0,20538
2023-05-10 09:57:52,TS2309,TS2309,101.01,0.0,0.0,0.0,67,101.005,101.01,30,100.97,100.99,101.015,100.99,1239.0,2502756900.0,20538
2023-05-10 09:58:00,TS2309,TS2309,101.01,1.0,2020200.0,1.0,67,101.005,101.01,29,100.97,100.99,101.015,100.99,1240.0,2504777100.0,20539
2023-05-10 09:58:00,TS2309,TS2309,101.01,0.0,0.0,0.0,62,101.005,101.01,29,100.97,100.99,101.015,100.99,1240.0,2504777100.0,20539
2023-05-10 09:58:03,TS2309,TS2309,101.01,0.0,0.0,0.0,67,101.005,101.01,20,100.97,100.99,101.015,100.99,1240.0,2504777100.0,20539
2023-05-10 09:58:06,TS2309,TS2309,101.01,0.0,0.0,0.0,72,101.005,101.01,20,100.97,100.99,101.015,100.99,1240.0,2504777100.0,20539
2023-05-10 09:58:08,TS2309,TS2309,101.01,0.0,0.0,0.0,69,101.005,101.01,20,100.97,100.99,101.015,100.99,1240.0,2504777100.0,20539
2023-05-10 09:58:09,TS2309,TS2309,101.01,0.0,0.0,0.0,64,101.005,101.01,20,100.97,100.99,101.015,100.99,1240.0,2504777100.0,20539
2023-05-10 09:58:10,TS2309,TS2309,101.01,3.0,6060600.0,3.0,64,101.005,101.01,17,100.97,100.99,101.015,100.99,1243.0,2510837700.0,20542
2023-05-10 09:58:11,TS2309,TS2309,101.01,0.0,0.0,0.0,59,101.005,101.01,17,100.97,100.99,101.015,100.99,1243.0,2510837700.0,20542
2023-05-10 09:58:14,TS2309,TS2309,101.01,0.0,0.0,0.0,64,101.005,101.01,17,100.97,100.99,101.015,100.99,1243.0,2510837700.0,20542
2023-05-10 09:58:16,TS2309,TS2309,101.01,0.0,0.0,0.0,69,101.005,101.01,17,100.97,100.99,101.015,100.99,1243.0,2510837700.0,20542
2023-05-10 09:58:19,TS2309,TS2309,101.01,0.0,0.0,0.0,72,101.005,101.01,17,100.97,100.99,101.015,100.99,1243.0,2510837700.0,20542
2023-05-10 09:58:24,TS2309,TS2309,101.01,0.0,0.0,0.0,77,101.005,101.01,17,100.97,100.99,101.015,100.99,1243.0,2510837700.0,20542
2023-05-10 09:58:24,TS2309,TS2309,101.01,0.0,0.0,0.0,72,101.005,101.01,17,100.97,100.99,101.015,100.99,1243.0,2510837700.0,20542
2023-05-10 09:58:32,TS2309,TS2309,101.01,1.0,2020200.0,1.0,72,101.005,101.01,16,100.97,100.99,101.015,100.99,1244.0,2512857900.0,20543
2023-05-10 09:58:32,TS2309,TS2309,101.01,0.0,0.0,0.0,62,101.005,101.01,16,100.97,100.99,101.015,100.99,1244.0,2512857900.0,20543
2023-05-10 09:58:38,TS2309,TS2309,101.01,0.0,0.0,0.0,59,101.005,101.01,16,100.97,100.99,101.015,100.99,1244.0,2512857900.0,20543
2023-05-10 09:58:38,TS2309,TS2309,101.01,16.0,32323200.0,16.0,1,101.01,101.015,86,100.97,100.99,101.015,100.99,1260.0,2545181100.0,20559
2023-05-10 09:58:39,TS2309,TS2309,101.01,1.0,2020200.0,1.0,10,101.01,101.015,36,100.97,100.99,101.015,100.99,1261.0,2547201300.0,20560
2023-05-10 09:58:39,TS2309,TS2309,101.01,1.0,2020200.0,0.0,1,101.01,101.015,36,100.97,100.99,101.015,100.99,1262.0,2549221500.0,20560
2023-05-10 09:58:40,TS2309,TS2309,101.01,3.0,6060600.0,1.0,89,101.005,101.015,36,100.97,100.99,101.015,100.99,1265.0,2555282100.0,20561
2023-05-10 09:58:40,TS2309,TS2309,101.01,0.0,0.0,0.0,69,101.005,101.01,1,100.97,100.99,101.015,100.99,1265.0,2555282100.0,20561
2023-05-10 09:58:41,TS2309,TS2309,101.01,1.0,2020200.0,1.0,2,101.01,101.015,86,100.97,100.99,101.015,100.99,1266.0,2557302300.0,20562
2023-05-10 09:58:41,TS2309,TS2309,101.01,1.0,2020200.0,1.0,21,101.01,101.015,46,100.97,100.99,101.015,100.99,1267.0,2559322500.0,20563
2023-05-10 09:58:42,TS2309,TS2309,101.01,1.0,2020200.0,1.0,20,101.01,101.015,46,100.97,100.99,101.015,100.99,1268.0,2561342700.0,20564
2023-05-10 09:58:42,TS2309,TS2309,101.01,1.0,2020200.0,0.0,10,101.01,101.015,41,100.97,100.99,101.015,100.99,1269.0,2563362900.0,20564
2023-05-10 09:58:43,TS2309,TS2309,101.01,1.0,2020200.0,1.0,19,101.01,101.015,41,100.97,100.99,101.015,100.99,1270.0,2565383100.0,20565
2023-05-10 09:58:44,TS2309,TS2309,101.01,1.0,2020200.0,1.0,18,101.01,101.015,41,100.97,100.99,101.015,100.99,1271.0,2567403300.0,20566
2023-05-10 09:58:44,TS2309,TS2309,101.01,1.0,2020200.0,1.0,20,101.01,101.015,41,100.97,100.99,101.015,100.99,1272.0,2569423500.0,20567
2023-05-10 09:58:45,TS2309,TS2309,101.01,1.0,2020200.0,0.0,10,101.01,101.015,41,100.97,100.99,101.015,100.99,1273.0,2571443700.0,20567
2023-05-10 09:58:45,TS2309,TS2309,101.01,1.0,2020200.0,1.0,9,101.01,101.015,51,100.97,100.99,101.015,100.99,1274.0,2573463900.0,20568
2023-05-10 09:58:46,TS2309,TS2309,101.01,1.0,2020200.0,1.0,8,101.01,101.015,51,100.97,100.99,101.015,100.99,1275.0,2575484100.0,20569
2023-05-10 09:58:46,TS2309,TS2309,101.01,1.0,2020200.0,1.0,7,101.01,101.015,51,100.97,100.99,101.015,100.99,1276.0,2577504300.0,20570
2023-05-10 09:58:47,TS2309,TS2309,101.01,1.0,2020200.0,1.0,10,101.01,101.015,51,100.97,100.99,101.015,100.99,1277.0,2579524500.0,20571
2023-05-10 09:58:49,TS2309,TS2309,101.01,1.0,2020200.0,1.0,9,101.01,101.015,51,100.97,100.99,101.015,100.99,1278.0,2581544700.0,20572
2023-05-10 09:58:49,TS2309,TS2309,101.01,1.0,2020200.0,1.0,11,101.01,101.015,51,100.97,100.99,101.015,100.99,1279.0,2583564900.0,20573
2023-05-10 09:58:50,TS2309,TS2309,101.01,0.0,0.0,0.0,13,101.01,101.015,51,100.97,100.99,101.015,100.99,1279.0,2583564900.0,20573
2023-05-10 09:58:51,TS2309,TS2309,101.01,1.0,2020200.0,1.0,12,101.01,101.015,51,100.97,100.99,101.015,100.99,1280.0,2585585100.0,20574
2023-05-10 09:58:51,TS2309,TS2309,101.01,1.0,2020200.0,1.0,11,101.01,101.015,51,100.97,100.99,101.015,100.99,1281.0,2587605300.0,20575
2023-05-10 09:58:52,TS2309,TS2309,101.01,1.0,2020200.0,1.0,10,101.01,101.015,51,100.97,100.99,101.015,100.99,1282.0,2589625500.0,20576
2023-05-10 09:58:52,TS2309,TS2309,101.01,1.0,2020200.0,1.0,9,101.01,101.015,51,100.97,100.99,101.015,100.99,1283.0,2591645700.0,20577
2023-05-10 09:58:53,TS2309,TS2309,101.01,1.0,2020200.0,1.0,8,101.01,101.015,51,100.97,100.99,101.015,100.99,1284.0,2593665900.0,20578
2023-05-10 09:58:53,TS2309,TS2309,101.01,1.0,2020200.0,1.0,10,101.01,101.015,51,100.97,100.99,101.015,100.99,1285.0,2595686100.0,20579
2023-05-10 09:58:54,TS2309,TS2309,101.01,1.0,2020200.0,1.0,9,101.01,101.015,51,100.97,100.99,101.015,100.99,1286.0,2597706300.0,20580
2023-05-10 09:58:55,TS2309,TS2309,101.01,0.0,0.0,0.0,18,101.01,101.015,51,100.97,100.99,101.015,100.99,1286.0,2597706300.0,20580
2023-05-10 09:58:56,TS2309,TS2309,101.01,0.0,0.0,0.0,19,101.01,101.015,51,100.97,100.99,101.015,100.99,1286.0,2597706300.0,20580
2023-05-10 09:59:00,TS2309,TS2309,101.01,0.0,0.0,0.0,19,101.01,101.015,56,100.97,100.99,101.015,100.99,1286.0,2597706300.0,20580
2023-05-10 09:59:05,TS2309,TS2309,101.01,0.0,0.0,0.0,19,101.01,101.015,51,100.97,100.99,101.015,100.99,1286.0,2597706300.0,20580
2023-05-10 09:59:07,TS2309,TS2309,101.01,0.0,0.0,0.0,20,101.01,101.015,51,100.97,100.99,101.015,100.99,1286.0,2597706300.0,20580
2023-05-10 09:59:15,TS2309,TS2309,101.01,20.0,40404000.0,0.0,105,101.005,101.015,51,100.97,100.99,101.015,100.99,1306.0,2638110300.0,20580
2023-05-10 09:59:15,TS2309,TS2309,101.01,0.0,0.0,0.0,55,101.005,101.015,61,100.97,100.99,101.015,100.99,1306.0,2638110300.0,20580
2023-05-10 09:59:16,TS2309,TS2309,101.01,0.0,0.0,0.0,55,101.005,101.015,74,100.97,100.99,101.015,100.99,1306.0,2638110300.0,20580
2023-05-10 09:59:17,TS2309,TS2309,101.01,0.0,0.0,0.0,65,101.005,101.015,74,100.97,100.99,101.015,100.99,1306.0,2638110300.0,20580
2023-05-10 09:59:19,TS2309,TS2309,101.01,0.0,0.0,0.0,67,101.005,101.015,74,100.97,100.99,101.015,100.99,1306.0,2638110300.0,20580
2023-05-10 09:59:38,TS2309,TS2309,101.01,0.0,0.0,0.0,65,101.005,101.015,74,100.97,100.99,101.015,100.99,1306.0,2638110300.0,20580
2023-05-10 09:59:38,TS2309,TS2309,101.01,0.0,0.0,0.0,65,101.005,101.01,9,100.97,100.99,101.015,100.99,1306.0,2638110300.0,20580
2023-05-10 09:59:39,TS2309,TS2309,101.01,0.0,0.0,0.0,60,101.005,101.01,19,100.97,100.99,101.015,100.99,1306.0,2638110300.0,20580
2023-05-10 09:59:39,TS2309,TS2309,101.01,2.0,4040400.0,0.0,57,101.005,101.01,17,100.97,100.99,101.015,100.99,1308.0,2642150700.0,20580
2023-05-10 09:59:40,TS2309,TS2309,101.01,0.0,0.0,0.0,49,101.005,101.01,17,100.97,100.99,101.015,100.99,1308.0,2642150700.0,20580
2023-05-10 09:59:41,TS2309,TS2309,101.01,0.0,0.0,0.0,49,101.005,101.01,27,100.97,100.99,101.015,100.99,1308.0,2642150700.0,20580
2023-05-10 09:59:48,TS2309,TS2309,101.01,0.0,0.0,0.0,51,101.005,101.01,27,100.97,100.99,101.015,100.99,1308.0,2642150700.0,20580
2023-05-10 09:59:49,TS2309,TS2309,101.01,1.0,2020200.0,0.0,51,101.005,101.01,26,100.97,100.99,101.015,100.99,1309.0,2644170900.0,20580
2023-05-10 09:59:59,TS2309,TS2309,101.01,2.0,4040400.0,-2.0,51,101.005,101.01,24,100.97,100.99,101.015,100.99,1311.0,2648211300.0,20578
2023-05-10 09:59:59,TS2309,TS2309,101.01,0.0,0.0,0.0,51,101.005,101.01,20,100.97,100.99,101.015,100.99,1311.0,2648211300.0,20578
2023-05-10 10:00:02,TS2309,TS2309,101.01,20.0,40404000.0,20.0,51,101.005,101.015,89,100.97,100.99,101.015,100.99,1331.0,2688615300.0,20598
2023-05-10 10:00:03,TS2309,TS2309,101.01,0.0,0.0,0.0,11,101.01,101.015,36,100.97,100.99,101.015,100.99,1331.0,2688615300.0,20598
2023-05-10 10:00:03,TS2309,TS2309,101.01,0.0,0.0,0.0,21,101.01,101.015,31,100.97,100.99,101.015,100.99,1331.0,2688615300.0,20598
2023-05-10 10:00:06,TS2309,TS2309,101.01,0.0,0.0,0.0,31,101.01,101.015,41,100.97,100.99,101.015,100.99,1331.0,2688615300.0,20598
2023-05-10 10:00:10,TS2309,TS2309,101.015,2.0,4040600.0,1.0,21,101.01,101.015,39,100.97,100.99,101.015,100.99,1333.0,2692655900.0,20599
2023-05-10 10:00:10,TS2309,TS2309,101.015,0.0,0.0,0.0,21,101.01,101.015,46,100.97,100.99,101.015,100.99,1333.0,2692655900.0,20599
2023-05-10 10:00:11,TS2309,TS2309,101.015,0.0,0.0,0.0,21,101.01,101.015,59,100.97,100.99,101.015,100.99,1333.0,2692655900.0,20599
2023-05-10 10:00:11,TS2309,TS2309,101.01,21.0,42424200.0,-11.0,84,101.005,101.015,50,100.97,100.99,101.015,100.99,1354.0,2735080100.0,20588
2023-05-10 10:00:12,TS2309,TS2309,101.01,10.0,20202000.0,0.0,49,101.005,101.01,9,100.97,100.99,101.015,100.99,1364.0,2755282100.0,20588
2023-05-10 10:00:12,TS2309,TS2309,101.01,0.0,0.0,0.0,44,101.005,101.01,19,100.97,100.99,101.015,100.99,1364.0,2755282100.0,20588
2023-05-10 10:00:14,TS2309,TS2309,101.01,0.0,0.0,0.0,54,101.005,101.01,29,100.97,100.99,101.015,100.99,1364.0,2755282100.0,20588
2023-05-10 10:00:18,TS2309,TS2309,101.01,5.0,10101000.0,0.0,54,101.005,101.01,24,100.97,100.99,101.015,100.99,1369.0,2765383100.0,20588
2023-05-10 10:00:19,TS2309,TS2309,101.01,0.0,0.0,0.0,56,101.005,101.01,24,100.97,100.99,101.015,100.99,1369.0,2765383100.0,20588
2023-05-10 10:00:25,TS2309,TS2309,101.01,10.0,20202000.0,6.0,56,101.005,101.01,10,100.97,100.99,101.015,100.99,1379.0,2785585100.0,20594
2023-05-10 10:00:25,TS2309,TS2309,101.01,0.0,0.0,0.0,66,101.005,101.01,10,100.97,100.99,101.015,100.99,1379.0,2785585100.0,20594
2023-05-10 10:00:38,TS2309,TS2309,101.01,0.0,0.0,0.0,64,101.005,101.01,10,100.97,100.99,101.015,100.99,1379.0,2785585100.0,20594
2023-05-10 10:00:38,TS2309,TS2309,101.01,0.0,0.0,0.0,64,101.005,101.01,19,100.97,100.99,101.015,100.99,1379.0,2785585100.0,20594
2023-05-10 10:00:39,TS2309,TS2309,101.01,2.0,4040400.0,2.0,64,101.005,101.01,17,100.97,100.99,101.015,100.99,1381.0,2789625500.0,20596
2023-05-10 10:00:40,TS2309,TS2309,101.01,0.0,0.0,0.0,59,101.005,101.01,17,100.97,100.99,101.015,100.99,1381.0,2789625500.0,20596
2023-05-10 10:00:41,TS2309,TS2309,101.01,0.0,0.0,0.0,59,101.005,101.01,19,100.97,100.99,101.015,100.99,1381.0,2789625500.0,20596
2023-05-10 10:00:43,TS2309,TS2309,101.01,0.0,0.0,0.0,64,101.005,101.01,19,100.97,100.99,101.015,100.99,1381.0,2789625500.0,20596
2023-05-10 10:00:48,TS2309,TS2309,101.01,0.0,0.0,0.0,66,101.005,101.01,19,100.97,100.99,101.015,100.99,1381.0,2789625500.0,20596
2023-05-10 10:00:49,TS2309,TS2309,101.01,0.0,0.0,0.0,71,101.005,101.01,19,100.97,100.99,101.015,100.99,1381.0,2789625500.0,20596
2023-05-10 10:00:52,TS2309,TS2309,101.01,0.0,0.0,0.0,71,101.005,101.01,26,100.97,100.99,101.015,100.99,1381.0,2789625500.0,20596
2023-05-10 10:00:52,TS2309,TS2309,101.01,0.0,0.0,0.0,71,101.005,101.01,32,100.97,100.99,101.015,100.99,1381.0,2789625500.0,20596
2023-05-10 10:01:02,TS2309,TS2309,101.01,0.0,0.0,0.0,91,101.005,101.01,52,100.97,100.99,101.015,100.99,1381.0,2789625500.0,20596
2023-05-10 10:01:08,TS2309,TS2309,101.01,0.0,0.0,0.0,89,101.005,101.01,52,100.97,100.99,101.015,100.99,1381.0,2789625500.0,20596
2023-05-10 10:01:09,TS2309,TS2309,101.01,2.0,4040400.0,2.0,89,101.005,101.01,50,100.97,100.99,101.015,100.99,1383.0,2793665900.0,20598
2023-05-10 10:01:11,TS2309,TS2309,101.01,0.0,0.0,0.0,84,101.005,101.01,50,100.97,100.99,101.015,100.99,1383.0,2793665900.0,20598
2023-05-10 10:01:18,TS2309,TS2309,101.01,0.0,0.0,0.0,86,101.005,101.01,50,100.97,100.99,101.015,100.99,1383.0,2793665900.0,20598
2023-05-10 10:01:34,TS2309,TS2309,101.01,0.0,0.0,0.0,86,101.005,101.01,55,100.97,100.99,101.015,100.99,1383.0,2793665900.0,20598
2023-05-10 10:01:34,TS2309,TS2309,101.01,0.0,0.0,0.0,86,101.005,101.01,50,100.97,100.99,101.015,100.99,1383.0,2793665900.0,20598
2023-05-10 10:01:38,TS2309,TS2309,101.01,0.0,0.0,0.0,84,101.005,101.01,50,100.97,100.99,101.015,100.99,1383.0,2793665900.0,20598
2023-05-10 10:01:40,TS2309,TS2309,101.01,2.0,4040400.0,2.0,84,101.005,101.01,48,100.97,100.99,101.015,100.99,1385.0,2797706300.0,20600
2023-05-10 10:01:48,TS2309,TS2309,101.01,0.0,0.0,0.0,86,101.005,101.01,48,100.97,100.99,101.015,100.99,1385.0,2797706300.0,20600
2023-05-10 10:01:51,TS2309,TS2309,101.01,0.0,0.0,0.0,91,101.005,101.01,48,100.97,100.99,101.015,100.99,1385.0,2797706300.0,20600
2023-05-10 10:01:54,TS2309,TS2309,101.01,0.0,0.0,0.0,96,101.005,101.01,53,100.97,100.99,101.015,100.99,1385.0,2797706300.0,20600
2023-05-10 10:01:54,TS2309,TS2309,101.01,0.0,0.0,0.0,91,101.005,101.01,48,100.97,100.99,101.015,100.99,1385.0,2797706300.0,20600
2023-05-10 10:02:02,TS2309,TS2309,101.01,1.0,2020200.0,1.0,91,101.005,101.01,47,100.97,100.99,101.015,100.99,1386.0,2799726500.0,20601
2023-05-10 10:02:02,TS2309,TS2309,101.01,0.0,0.0,0.0,86,101.005,101.01,47,100.97,100.99,101.015,100.99,1386.0,2799726500.0,20601
2023-05-10 10:02:08,TS2309,TS2309,101.01,0.0,0.0,0.0,84,101.005,101.01,47,100.97,100.99,101.015,100.99,1386.0,2799726500.0,20601
2023-05-10 10:02:08,TS2309,TS2309,101.01,1.0,2020200.0,1.0,84,101.005,101.01,46,100.97,100.99,101.015,100.99,1387.0,2801746700.0,20602
2023-05-10 10:02:11,TS2309,TS2309,101.01,2.0,4040400.0,2.0,84,101.005,101.01,44,100.97,100.99,101.015,100.99,1389.0,2805787100.0,20604
2023-05-10 10:02:17,TS2309,TS2309,101.01,0.0,0.0,0.0,89,101.005,101.01,44,100.97,100.99,101.015,100.99,1389.0,2805787100.0,20604
2023-05-10 10:02:19,TS2309,TS2309,101.01,0.0,0.0,0.0,91,101.005,101.01,44,100.97,100.99,101.015,100.99,1389.0,2805787100.0,20604
2023-05-10 10:02:34,TS2309,TS2309,101.01,1.0,2020200.0,1.0,91,101.005,101.01,43,100.97,100.99,101.015,100.99,1390.0,2807807300.0,20605
2023-05-10 10:02:34,TS2309,TS2309,101.01,0.0,0.0,0.0,86,101.005,101.01,43,100.97,100.99,101.015,100.99,1390.0,2807807300.0,20605
2023-05-10 10:02:38,TS2309,TS2309,101.01,0.0,0.0,0.0,84,101.005,101.01,43,100.97,100.99,101.015,100.99,1390.0,2807807300.0,20605
2023-05-10 10:02:40,TS2309,TS2309,101.01,2.0,4040400.0,2.0,84,101.005,101.01,41,100.97,100.99,101.015,100.99,1392.0,2811847700.0,20607
2023-05-10 10:02:41,TS2309,TS2309,101.01,0.0,0.0,0.0,84,101.005,101.01,43,100.97,100.99,101.015,100.99,1392.0,2811847700.0,20607
2023-05-10 10:02:46,TS2309,TS2309,101.01,0.0,0.0,0.0,89,101.005,101.01,43,100.97,100.99,101.015,100.99,1392.0,2811847700.0,20607
2023-05-10 10:02:48,TS2309,TS2309,101.01,0.0,0.0,0.0,91,101.005,101.01,43,100.97,100.99,101.015,100.99,1392.0,2811847700.0,20607
2023-05-10 10:02:51,TS2309,TS2309,101.01,0.0,0.0,0.0,92,101.005,101.01,43,100.97,100.99,101.015,100.99,1392.0,2811847700.0,20607
2023-05-10 10:02:53,TS2309,TS2309,101.01,0.0,0.0,0.0,93,101.005,101.01,43,100.97,100.99,101.015,100.99,1392.0,2811847700.0,20607
2023-05-10 10:02:55,TS2309,TS2309,101.01,0.0,0.0,0.0,92,101.005,101.01,43,100.97,100.99,101.015,100.99,1392.0,2811847700.0,20607
2023-05-10 10:03:02,TS2309,TS2309,101.01,1.0,2020200.0,0.0,92,101.005,101.01,42,100.97,100.99,101.015,100.99,1393.0,2813867900.0,20607
2023-05-10 10:03:02,TS2309,TS2309,101.01,0.0,0.0,0.0,87,101.005,101.01,42,100.97,100.99,101.015,100.99,1393.0,2813867900.0,20607
2023-05-10 10:03:08,TS2309,TS2309,101.01,0.0,0.0,0.0,85,101.005,101.01,42,100.97,100.99,101.015,100.99,1393.0,2813867900.0,20607
2023-05-10 10:03:08,TS2309,TS2309,101.01,0.0,0.0,0.0,90,101.005,101.01,42,100.97,100.99,101.015,100.99,1393.0,2813867900.0,20607
2023-05-10 10:03:09,TS2309,TS2309,101.01,0.0,0.0,0.0,90,101.005,101.01,51,100.97,100.99,101.015,100.99,1393.0,2813867900.0,20607
2023-05-10 10:03:09,TS2309,TS2309,101.01,0.0,0.0,0.0,90,101.005,101.01,58,100.97,100.99,101.015,100.99,1393.0,2813867900.0,20607
2023-05-10 10:03:10,TS2309,TS2309,101.01,2.0,4040400.0,0.0,90,101.005,101.01,56,100.97,100.99,101.015,100.99,1395.0,2817908300.0,20607
2023-05-10 10:03:11,TS2309,TS2309,101.01,0.0,0.0,0.0,85,101.005,101.01,51,100.97,100.99,101.015,100.99,1395.0,2817908300.0,20607
2023-05-10 10:03:11,TS2309,TS2309,101.01,0.0,0.0,0.0,85,101.005,101.01,54,100.97,100.99,101.015,100.99,1395.0,2817908300.0,20607
2023-05-10 10:03:15,TS2309,TS2309,101.01,0.0,0.0,0.0,85,101.005,101.01,59,100.97,100.99,101.015,100.99,1395.0,2817908300.0,20607
2023-05-10 10:03:16,TS2309,TS2309,101.01,0.0,0.0,0.0,90,101.005,101.01,54,100.97,100.99,101.015,100.99,1395.0,2817908300.0,20607
2023-05-10 10:03:16,TS2309,TS2309,101.01,0.0,0.0,0.0,95,101.005,101.01,59,100.97,100.99,101.015,100.99,1395.0,2817908300.0,20607
2023-05-10 10:03:18,TS2309,TS2309,101.01,0.0,0.0,0.0,97,101.005,101.01,59,100.97,100.99,101.015,100.99,1395.0,2817908300.0,20607
2023-05-10 10:03:24,TS2309,TS2309,101.005,21.0,42422100.0,7.0,60,101.005,101.01,68,100.97,100.99,101.015,100.99,1416.0,2860330400.0,20614
2023-05-10 10:03:25,TS2309,TS2309,101.005,60.0,121206000.0,0.0,85,101.0,101.005,30,100.97,100.99,101.015,100.99,1476.0,2981536400.0,20614
2023-05-10 10:03:25,TS2309,TS2309,101.005,0.0,0.0,0.0,52,101.0,101.005,49,100.97,100.99,101.015,100.99,1476.0,2981536400.0,20614
2023-05-10 10:03:26,TS2309,TS2309,101.005,2.0,4040200.0,0.0,47,101.0,101.005,47,100.97,100.99,101.015,100.99,1478.0,2985576600.0,20614
2023-05-10 10:03:26,TS2309,TS2309,101.005,0.0,0.0,0.0,49,101.0,101.005,47,100.97,100.99,101.015,100.99,1478.0,2985576600.0,20614
2023-05-10 10:03:27,TS2309,TS2309,101.005,0.0,0.0,0.0,48,101.0,101.005,47,100.97,100.99,101.015,100.99,1478.0,2985576600.0,20614
2023-05-10 10:03:30,TS2309,TS2309,101.005,0.0,0.0,0.0,45,101.0,101.005,48,100.97,100.99,101.015,100.99,1478.0,2985576600.0,20614
2023-05-10 10:03:31,TS2309,TS2309,101.005,0.0,0.0,0.0,42,101.0,101.005,48,100.97,100.99,101.015,100.99,1478.0,2985576600.0,20614
2023-05-10 10:03:35,TS2309,TS2309,101.005,1.0,2020100.0,0.0,52,101.0,101.005,56,100.97,100.99,101.015,100.99,1479.0,2987596700.0,20614
2023-05-10 10:03:35,TS2309,TS2309,101.005,0.0,0.0,0.0,52,101.0,101.005,57,100.97,100.99,101.015,100.99,1479.0,2987596700.0,20614
2023-05-10 10:03:37,TS2309,TS2309,101.005,0.0,0.0,0.0,47,101.0,101.005,57,100.97,100.99,101.015,100.99,1479.0,2987596700.0,20614
2023-05-10 10:03:39,TS2309,TS2309,101.005,0.0,0.0,0.0,48,101.0,101.005,57,100.97,100.99,101.015,100.99,1479.0,2987596700.0,20614
2023-05-10 10:03:49,TS2309,TS2309,101.005,0.0,0.0,0.0,49,101.0,101.005,57,100.97,100.99,101.015,100.99,1479.0,2987596700.0,20614
2023-05-10 10:03:49,TS2309,TS2309,101.005,0.0,0.0,0.0,51,101.0,101.005,57,100.97,100.99,101.015,100.99,1479.0,2987596700.0,20614
2023-05-10 10:04:03,TS2309,TS2309,101.005,0.0,0.0,0.0,51,101.0,101.005,62,100.97,100.99,101.015,100.99,1479.0,2987596700.0,20614
2023-05-10 10:04:08,TS2309,TS2309,101.005,0.0,0.0,0.0,49,101.0,101.005,62,100.97,100.99,101.015,100.99,1479.0,2987596700.0,20614
2023-05-10 10:04:09,TS2309,TS2309,101.005,2.0,4040200.0,0.0,49,101.0,101.005,60,100.97,100.99,101.015,100.99,1481.0,2991636900.0,20614
2023-05-10 10:04:13,TS2309,TS2309,101.005,0.0,0.0,0.0,49,101.0,101.005,62,100.97,100.99,101.015,100.99,1481.0,2991636900.0,20614
2023-05-10 10:04:18,TS2309,TS2309,101.005,0.0,0.0,0.0,51,101.0,101.005,62,100.97,100.99,101.015,100.99,1481.0,2991636900.0,20614
2023-05-10 10:04:30,TS2309,TS2309,101.005,0.0,0.0,0.0,52,101.0,101.005,62,100.97,100.99,101.015,100.99,1481.0,2991636900.0,20614
2023-05-10 10:04:38,TS2309,TS2309,101.005,0.0,0.0,0.0,50,101.0,101.005,62,100.97,100.99,101.015,100.99,1481.0,2991636900.0,20614
2023-05-10 10:04:40,TS2309,TS2309,101.005,2.0,4040200.0,0.0,50,101.0,101.005,60,100.97,100.99,101.015,100.99,1483.0,2995677100.0,20614
2023-05-10 10:04:47,TS2309,TS2309,101.005,0.0,0.0,0.0,51,101.0,101.005,60,100.97,100.99,101.015,100.99,1483.0,2995677100.0,20614
2023-05-10 10:04:48,TS2309,TS2309,101.005,0.0,0.0,0.0,53,101.0,101.005,60,100.97,100.99,101.015,100.99,1483.0,2995677100.0,20614
