time,symbol_id,symbol_name,last,trade_volume,trade_amount,open_interest_change,bv1,bp1,ap1,av1,yesterday_close,today_open,today_high,today_low,volume,amount,open_interest
2023-05-09 20:58:21,j2308,j2308,2307.0,0.0,0.0,0.0,0,0.0,2398.0,1,2307.0,2217.5,0.0,0.0,0.0,0.0,3
2023-05-09 21:00:00,j2308,j2308,2307.0,0.0,0.0,0.0,1,1983.5,2395.5,1,2307.0,2217.5,0.0,0.0,0.0,0.0,3
2023-05-09 21:00:02,j2308,j2308,2307.0,0.0,0.0,0.0,1,1984.5,2395.5,1,2307.0,2217.5,0.0,0.0,0.0,0.0,3
2023-05-09 21:00:03,j2308,j2308,2307.0,0.0,0.0,0.0,1,1987.0,2395.5,1,2307.0,2217.5,0.0,0.0,0.0,0.0,3
2023-05-09 21:00:03,j2308,j2308,2307.0,0.0,0.0,0.0,1,2196.0,2395.0,2,2307.0,2217.5,0.0,0.0,0.0,0.0,3
2023-05-09 21:00:04,j2308,j2308,2307.0,0.0,0.0,0.0,1,2198.5,2395.0,2,2307.0,2217.5,0.0,0.0,0.0,0.0,3
2023-05-09 21:00:04,j2308,j2308,2307.0,0.0,0.0,0.0,1,2200.5,2392.5,1,2307.0,2217.5,0.0,0.0,0.0,0.0,3
2023-05-09 21:00:05,j2308,j2308,2307.0,0.0,0.0,0.0,1,2203.0,2392.5,1,2307.0,2217.5,0.0,0.0,0.0,0.0,3
2023-05-09 21:00:05,j2308,j2308,2307.0,0.0,0.0,0.0,1,2204.0,2392.5,1,2307.0,2217.5,0.0,0.0,0.0,0.0,3
2023-05-09 21:00:07,j2308,j2308,2307.0,0.0,0.0,0.0,1,2206.5,2392.5,1,2307.0,2217.5,0.0,0.0,0.0,0.0,3
2023-05-09 21:00:07,j2308,j2308,2307.0,0.0,0.0,0.0,1,2207.5,2392.0,2,2307.0,2217.5,0.0,0.0,0.0,0.0,3
2023-05-09 21:00:08,j2308,j2308,2307.0,0.0,0.0,0.0,1,2207.5,2389.5,1,2307.0,2217.5,0.0,0.0,0.0,0.0,3
2023-05-09 21:00:11,j2308,j2308,2307.0,0.0,0.0,0.0,1,2207.5,2362.0,1,2307.0,2217.5,0.0,0.0,0.0,0.0,3
2023-05-09 21:00:11,j2308,j2308,2307.0,0.0,0.0,0.0,1,2207.5,2359.5,1,2307.0,2217.5,0.0,0.0,0.0,0.0,3
2023-05-09 21:00:14,j2308,j2308,2307.0,0.0,0.0,0.0,1,2210.0,2359.5,1,2307.0,2217.5,0.0,0.0,0.0,0.0,3
2023-05-09 21:00:15,j2308,j2308,2307.0,0.0,0.0,0.0,1,2210.0,2359.0,2,2307.0,2217.5,0.0,0.0,0.0,0.0,3
2023-05-09 21:00:15,j2308,j2308,2307.0,0.0,0.0,0.0,1,2211.0,2356.5,1,2307.0,2217.5,0.0,0.0,0.0,0.0,3
2023-05-09 21:00:16,j2308,j2308,2307.0,0.0,0.0,0.0,1,2211.0,2356.0,2,2307.0,2217.5,0.0,0.0,0.0,0.0,3
2023-05-09 21:00:17,j2308,j2308,2307.0,0.0,0.0,0.0,1,2211.0,2353.5,1,2307.0,2217.5,0.0,0.0,0.0,0.0,3
2023-05-09 21:00:18,j2308,j2308,2307.0,0.0,0.0,0.0,1,2211.0,2353.0,2,2307.0,2217.5,0.0,0.0,0.0,0.0,3
2023-05-09 21:00:18,j2308,j2308,2307.0,0.0,0.0,0.0,1,2211.0,2350.5,1,2307.0,2217.5,0.0,0.0,0.0,0.0,3
2023-05-09 21:00:19,j2308,j2308,2307.0,0.0,0.0,0.0,1,2211.0,2350.0,2,2307.0,2217.5,0.0,0.0,0.0,0.0,3
2023-05-09 21:00:20,j2308,j2308,2307.0,0.0,0.0,0.0,1,2211.0,2347.5,1,2307.0,2217.5,0.0,0.0,0.0,0.0,3
2023-05-09 21:00:21,j2308,j2308,2307.0,0.0,0.0,0.0,1,2211.0,2347.0,2,2307.0,2217.5,0.0,0.0,0.0,0.0,3
2023-05-09 21:00:21,j2308,j2308,2307.0,0.0,0.0,0.0,1,2211.0,2344.5,1,2307.0,2217.5,0.0,0.0,0.0,0.0,3
2023-05-09 21:00:22,j2308,j2308,2307.0,0.0,0.0,0.0,1,2211.0,2344.0,2,2307.0,2217.5,0.0,0.0,0.0,0.0,3
2023-05-09 21:00:23,j2308,j2308,2307.0,0.0,0.0,0.0,1,2211.0,2341.5,1,2307.0,2217.5,0.0,0.0,0.0,0.0,3
2023-05-09 21:00:23,j2308,j2308,2307.0,0.0,0.0,0.0,1,2211.0,2341.0,2,2307.0,2217.5,0.0,0.0,0.0,0.0,3
2023-05-09 21:00:24,j2308,j2308,2307.0,0.0,0.0,0.0,1,2211.0,2338.5,1,2307.0,2217.5,0.0,0.0,0.0,0.0,3
2023-05-09 21:00:25,j2308,j2308,2307.0,0.0,0.0,0.0,1,2211.0,2338.0,2,2307.0,2217.5,0.0,0.0,0.0,0.0,3
2023-05-09 21:00:26,j2308,j2308,2307.0,0.0,0.0,0.0,1,2211.0,2335.5,1,2307.0,2217.5,0.0,0.0,0.0,0.0,3
2023-05-09 21:00:26,j2308,j2308,2307.0,0.0,0.0,0.0,1,2211.0,2335.0,2,2307.0,2217.5,0.0,0.0,0.0,0.0,3
2023-05-09 21:00:27,j2308,j2308,2307.0,0.0,0.0,0.0,1,2211.0,2332.5,1,2307.0,2217.5,0.0,0.0,0.0,0.0,3
2023-05-09 21:00:28,j2308,j2308,2307.0,0.0,0.0,0.0,1,2211.0,2332.0,2,2307.0,2217.5,0.0,0.0,0.0,0.0,3
2023-05-09 21:00:29,j2308,j2308,2307.0,0.0,0.0,0.0,1,2211.0,2329.5,1,2307.0,2217.5,0.0,0.0,0.0,0.0,3
2023-05-09 21:00:29,j2308,j2308,2307.0,0.0,0.0,0.0,1,2211.0,2329.0,2,2307.0,2217.5,0.0,0.0,0.0,0.0,3
2023-05-09 21:00:30,j2308,j2308,2307.0,0.0,0.0,0.0,1,2211.0,2326.5,1,2307.0,2217.5,0.0,0.0,0.0,0.0,3
2023-05-09 21:00:32,j2308,j2308,2307.0,0.0,0.0,0.0,1,2211.5,2326.0,1,2307.0,2217.5,0.0,0.0,0.0,0.0,3
2023-05-09 21:00:33,j2308,j2308,2307.0,0.0,0.0,0.0,1,2212.5,2323.5,1,2307.0,2217.5,0.0,0.0,0.0,0.0,3
2023-05-09 21:00:37,j2308,j2308,2307.0,0.0,0.0,0.0,1,2213.0,2323.0,1,2307.0,2217.5,0.0,0.0,0.0,0.0,3
2023-05-09 21:00:37,j2308,j2308,2307.0,0.0,0.0,0.0,1,2214.0,2320.5,1,2307.0,2217.5,0.0,0.0,0.0,0.0,3
2023-05-09 21:00:40,j2308,j2308,2307.0,0.0,0.0,0.0,1,2214.5,2320.5,1,2307.0,2217.5,0.0,0.0,0.0,0.0,3
2023-05-09 21:00:40,j2308,j2308,2307.0,0.0,0.0,0.0,1,2215.0,2320.5,1,2307.0,2217.5,0.0,0.0,0.0,0.0,3
2023-05-09 21:00:42,j2308,j2308,2307.0,0.0,0.0,0.0,1,2215.0,2320.0,1,2307.0,2217.5,0.0,0.0,0.0,0.0,3
2023-05-09 21:00:42,j2308,j2308,2307.0,0.0,0.0,0.0,1,2215.0,2317.5,1,2307.0,2217.5,0.0,0.0,0.0,0.0,3
2023-05-09 21:00:43,j2308,j2308,2307.0,0.0,0.0,0.0,1,2215.5,2317.5,1,2307.0,2217.5,0.0,0.0,0.0,0.0,3
2023-05-09 21:00:43,j2308,j2308,2307.0,0.0,0.0,0.0,1,2216.0,2317.5,1,2307.0,2217.5,0.0,0.0,0.0,0.0,3
2023-05-09 21:00:45,j2308,j2308,2307.0,0.0,0.0,0.0,1,2216.5,2317.5,1,2307.0,2217.5,0.0,0.0,0.0,0.0,3
2023-05-09 21:00:46,j2308,j2308,2307.0,0.0,0.0,0.0,1,2217.0,2317.5,1,2307.0,2217.5,0.0,0.0,0.0,0.0,3
2023-05-09 21:00:46,j2308,j2308,2307.0,0.0,0.0,0.0,1,2216.5,2317.5,1,2307.0,2217.5,0.0,0.0,0.0,0.0,3
2023-05-09 21:00:47,j2308,j2308,2307.0,0.0,0.0,0.0,1,2210.0,2317.0,1,2307.0,2217.5,0.0,0.0,0.0,0.0,3
2023-05-09 21:00:48,j2308,j2308,2307.0,0.0,0.0,0.0,1,2212.0,2314.5,1,2307.0,2217.5,0.0,0.0,0.0,0.0,3
2023-05-09 21:00:50,j2308,j2308,2307.0,0.0,0.0,0.0,1,2212.5,2314.5,1,2307.0,2217.5,0.0,0.0,0.0,0.0,3
2023-05-09 21:00:51,j2308,j2308,2307.0,0.0,0.0,0.0,1,2213.5,2314.5,1,2307.0,2217.5,0.0,0.0,0.0,0.0,3
2023-05-09 21:00:53,j2308,j2308,2307.0,0.0,0.0,0.0,1,2214.0,2314.0,1,2307.0,2217.5,0.0,0.0,0.0,0.0,3
2023-05-09 21:00:54,j2308,j2308,2307.0,0.0,0.0,0.0,1,2214.5,2311.5,1,2307.0,2217.5,0.0,0.0,0.0,0.0,3
2023-05-09 21:00:54,j2308,j2308,2307.0,0.0,0.0,0.0,1,2210.0,2311.5,1,2307.0,2217.5,0.0,0.0,0.0,0.0,3
2023-05-09 21:00:54,j2308,j2308,2307.0,0.0,0.0,0.0,1,2211.0,2311.5,1,2307.0,2217.5,0.0,0.0,0.0,0.0,3
2023-05-09 21:00:56,j2308,j2308,2307.0,0.0,0.0,0.0,1,2211.0,2311.0,2,2307.0,2217.5,0.0,0.0,0.0,0.0,3
2023-05-09 21:00:57,j2308,j2308,2307.0,0.0,0.0,0.0,1,2211.5,2308.5,1,2307.0,2217.5,0.0,0.0,0.0,0.0,3
2023-05-09 21:00:57,j2308,j2308,2307.0,0.0,0.0,0.0,1,2212.5,2308.5,1,2307.0,2217.5,0.0,0.0,0.0,0.0,3
2023-05-09 21:00:58,j2308,j2308,2307.0,0.0,0.0,0.0,1,2213.0,2308.5,1,2307.0,2217.5,0.0,0.0,0.0,0.0,3
2023-05-09 21:01:02,j2308,j2308,2307.0,0.0,0.0,0.0,1,2213.0,2308.0,1,2307.0,2217.5,0.0,0.0,0.0,0.0,3
2023-05-09 21:01:02,j2308,j2308,2307.0,0.0,0.0,0.0,1,2213.0,2305.5,1,2307.0,2217.5,0.0,0.0,0.0,0.0,3
2023-05-09 21:01:08,j2308,j2308,2307.0,0.0,0.0,0.0,1,2213.0,2305.0,1,2307.0,2217.5,0.0,0.0,0.0,0.0,3
2023-05-09 21:01:09,j2308,j2308,2307.0,0.0,0.0,0.0,1,2213.0,2302.5,1,2307.0,2217.5,0.0,0.0,0.0,0.0,3
2023-05-09 21:01:12,j2308,j2308,2307.0,0.0,0.0,0.0,1,2213.0,2302.0,1,2307.0,2217.5,0.0,0.0,0.0,0.0,3
2023-05-09 21:01:13,j2308,j2308,2307.0,0.0,0.0,0.0,1,2213.0,2299.5,1,2307.0,2217.5,0.0,0.0,0.0,0.0,3
2023-05-09 21:01:16,j2308,j2308,2307.0,0.0,0.0,0.0,1,2213.0,2299.0,1,2307.0,2217.5,0.0,0.0,0.0,0.0,3
2023-05-09 21:01:17,j2308,j2308,2307.0,0.0,0.0,0.0,1,2213.0,2296.5,1,2307.0,2217.5,0.0,0.0,0.0,0.0,3
2023-05-09 21:01:20,j2308,j2308,2307.0,0.0,0.0,0.0,1,2213.0,2296.0,1,2307.0,2217.5,0.0,0.0,0.0,0.0,3
2023-05-09 21:01:21,j2308,j2308,2307.0,0.0,0.0,0.0,1,2213.0,2293.5,1,2307.0,2217.5,0.0,0.0,0.0,0.0,3
2023-05-09 21:01:25,j2308,j2308,2307.0,0.0,0.0,0.0,1,2213.0,2293.0,1,2307.0,2217.5,0.0,0.0,0.0,0.0,3
2023-05-09 21:01:25,j2308,j2308,2307.0,0.0,0.0,0.0,1,2213.0,2290.5,1,2307.0,2217.5,0.0,0.0,0.0,0.0,3
2023-05-09 21:01:29,j2308,j2308,2307.0,0.0,0.0,0.0,1,2213.0,2290.0,1,2307.0,2217.5,0.0,0.0,0.0,0.0,3
2023-05-09 21:01:30,j2308,j2308,2307.0,0.0,0.0,0.0,1,2213.0,2287.5,1,2307.0,2217.5,0.0,0.0,0.0,0.0,3
2023-05-09 21:01:32,j2308,j2308,2307.0,0.0,0.0,0.0,1,2213.0,2287.0,1,2307.0,2217.5,0.0,0.0,0.0,0.0,3
2023-05-09 21:01:33,j2308,j2308,2307.0,0.0,0.0,0.0,1,2213.0,2284.5,1,2307.0,2217.5,0.0,0.0,0.0,0.0,3
2023-05-09 21:01:36,j2308,j2308,2307.0,0.0,0.0,0.0,1,2213.0,2284.0,1,2307.0,2217.5,0.0,0.0,0.0,0.0,3
2023-05-09 21:01:37,j2308,j2308,2307.0,0.0,0.0,0.0,1,2213.0,2281.5,1,2307.0,2217.5,0.0,0.0,0.0,0.0,3
2023-05-09 21:01:39,j2308,j2308,2307.0,0.0,0.0,0.0,1,2213.0,2281.0,2,2307.0,2217.5,0.0,0.0,0.0,0.0,3
2023-05-09 21:01:40,j2308,j2308,2307.0,0.0,0.0,0.0,1,2213.0,2278.5,1,2307.0,2217.5,0.0,0.0,0.0,0.0,3
2023-05-09 21:01:44,j2308,j2308,2307.0,0.0,0.0,0.0,1,2213.0,2278.0,1,2307.0,2217.5,0.0,0.0,0.0,0.0,3
2023-05-09 21:01:44,j2308,j2308,2307.0,0.0,0.0,0.0,1,2213.0,2275.5,1,2307.0,2217.5,0.0,0.0,0.0,0.0,3
2023-05-09 21:01:48,j2308,j2308,2307.0,0.0,0.0,0.0,1,2215.0,2275.5,1,2307.0,2217.5,0.0,0.0,0.0,0.0,3
2023-05-09 21:01:49,j2308,j2308,2307.0,0.0,0.0,0.0,1,2215.0,2275.0,1,2307.0,2217.5,0.0,0.0,0.0,0.0,3
2023-05-09 21:01:49,j2308,j2308,2307.0,0.0,0.0,0.0,1,2215.5,2272.5,1,2307.0,2217.5,0.0,0.0,0.0,0.0,3
2023-05-09 21:01:50,j2308,j2308,2307.0,0.0,0.0,0.0,1,2216.5,2272.5,1,2307.0,2217.5,0.0,0.0,0.0,0.0,3
2023-05-09 21:01:50,j2308,j2308,2307.0,0.0,0.0,0.0,1,2217.0,2272.5,1,2307.0,2217.5,0.0,0.0,0.0,0.0,3
2023-05-09 21:01:51,j2308,j2308,2307.0,0.0,0.0,0.0,1,2217.5,2272.5,1,2307.0,2217.5,0.0,0.0,0.0,0.0,3
2023-05-09 21:01:52,j2308,j2308,2307.0,0.0,0.0,0.0,1,2218.0,2272.5,1,2307.0,2217.5,0.0,0.0,0.0,0.0,3
2023-05-09 21:01:53,j2308,j2308,2307.0,0.0,0.0,0.0,1,2218.5,2272.5,1,2307.0,2217.5,0.0,0.0,0.0,0.0,3
2023-05-09 21:01:53,j2308,j2308,2307.0,0.0,0.0,0.0,1,2219.0,2272.5,1,2307.0,2217.5,0.0,0.0,0.0,0.0,3
2023-05-09 21:01:54,j2308,j2308,2307.0,0.0,0.0,0.0,1,2219.5,2272.5,1,2307.0,2217.5,0.0,0.0,0.0,0.0,3
2023-05-09 21:01:55,j2308,j2308,2307.0,0.0,0.0,0.0,1,2220.0,2272.5,1,2307.0,2217.5,0.0,0.0,0.0,0.0,3
2023-05-09 21:02:02,j2308,j2308,2307.0,0.0,0.0,0.0,1,2220.5,2272.5,1,2307.0,2217.5,0.0,0.0,0.0,0.0,3
2023-05-09 21:02:03,j2308,j2308,2307.0,0.0,0.0,0.0,1,2221.0,2272.5,1,2307.0,2217.5,0.0,0.0,0.0,0.0,3
2023-05-09 21:02:05,j2308,j2308,2307.0,0.0,0.0,0.0,1,2221.5,2272.5,1,2307.0,2217.5,0.0,0.0,0.0,0.0,3
2023-05-09 21:02:06,j2308,j2308,2307.0,0.0,0.0,0.0,1,2222.0,2272.5,1,2307.0,2217.5,0.0,0.0,0.0,0.0,3
2023-05-09 21:02:09,j2308,j2308,2307.0,0.0,0.0,0.0,1,2222.5,2272.5,1,2307.0,2217.5,0.0,0.0,0.0,0.0,3
2023-05-09 21:02:11,j2308,j2308,2307.0,0.0,0.0,0.0,1,2223.0,2272.5,1,2307.0,2217.5,0.0,0.0,0.0,0.0,3
2023-05-09 21:02:11,j2308,j2308,2307.0,0.0,0.0,0.0,1,2223.5,2272.5,1,2307.0,2217.5,0.0,0.0,0.0,0.0,3
2023-05-09 21:02:11,j2308,j2308,2307.0,0.0,0.0,0.0,1,2033.0,2272.5,1,2307.0,2217.5,0.0,0.0,0.0,0.0,3
2023-05-09 21:02:12,j2308,j2308,2307.0,0.0,0.0,0.0,1,2212.5,2272.5,1,2307.0,2217.5,0.0,0.0,0.0,0.0,3
2023-05-09 21:02:13,j2308,j2308,2307.0,0.0,0.0,0.0,1,2213.0,2272.5,1,2307.0,2217.5,0.0,0.0,0.0,0.0,3
2023-05-09 21:02:14,j2308,j2308,2307.0,0.0,0.0,0.0,1,2215.0,2272.5,1,2307.0,2217.5,0.0,0.0,0.0,0.0,3
2023-05-09 21:02:14,j2308,j2308,2307.0,0.0,0.0,0.0,1,2215.5,2272.5,1,2307.0,2217.5,0.0,0.0,0.0,0.0,3
2023-05-09 21:02:15,j2308,j2308,2307.0,0.0,0.0,0.0,1,2217.5,2272.5,1,2307.0,2217.5,0.0,0.0,0.0,0.0,3
2023-05-09 21:02:16,j2308,j2308,2307.0,0.0,0.0,0.0,1,2218.0,2272.5,1,2307.0,2217.5,0.0,0.0,0.0,0.0,3
2023-05-09 21:02:17,j2308,j2308,2307.0,0.0,0.0,0.0,1,2220.0,2272.5,1,2307.0,2217.5,0.0,0.0,0.0,0.0,3
2023-05-09 21:02:17,j2308,j2308,2307.0,0.0,0.0,0.0,1,2220.5,2272.5,1,2307.0,2217.5,0.0,0.0,0.0,0.0,3
2023-05-09 21:02:18,j2308,j2308,2307.0,0.0,0.0,0.0,1,2221.5,2272.5,1,2307.0,2217.5,0.0,0.0,0.0,0.0,3
2023-05-09 21:02:19,j2308,j2308,2307.0,0.0,0.0,0.0,1,2222.0,2272.5,1,2307.0,2217.5,0.0,0.0,0.0,0.0,3
2023-05-09 21:02:20,j2308,j2308,2307.0,0.0,0.0,0.0,1,2222.5,2272.5,1,2307.0,2217.5,0.0,0.0,0.0,0.0,3
2023-05-09 21:02:21,j2308,j2308,2307.0,0.0,0.0,0.0,1,2223.0,2272.5,1,2307.0,2217.5,0.0,0.0,0.0,0.0,3
2023-05-09 21:02:22,j2308,j2308,2307.0,0.0,0.0,0.0,1,2223.0,2272.0,2,2307.0,2217.5,0.0,0.0,0.0,0.0,3
2023-05-09 21:02:23,j2308,j2308,2307.0,0.0,0.0,0.0,1,2223.0,2269.5,1,2307.0,2217.5,0.0,0.0,0.0,0.0,3
2023-05-09 21:02:25,j2308,j2308,2307.0,0.0,0.0,0.0,1,2223.5,2269.5,1,2307.0,2217.5,0.0,0.0,0.0,0.0,3
2023-05-09 21:02:26,j2308,j2308,2307.0,0.0,0.0,0.0,1,2224.0,2269.5,1,2307.0,2217.5,0.0,0.0,0.0,0.0,3
2023-05-09 21:03:05,j2308,j2308,2307.0,0.0,0.0,0.0,1,2224.0,2269.0,2,2307.0,2217.5,0.0,0.0,0.0,0.0,3
2023-05-09 21:03:06,j2308,j2308,2307.0,0.0,0.0,0.0,1,2224.0,2266.5,1,2307.0,2217.5,0.0,0.0,0.0,0.0,3
2023-05-09 21:03:16,j2308,j2308,2307.0,0.0,0.0,0.0,1,2224.5,2266.5,1,2307.0,2217.5,0.0,0.0,0.0,0.0,3
2023-05-09 21:03:17,j2308,j2308,2307.0,0.0,0.0,0.0,1,2225.0,2266.5,1,2307.0,2217.5,0.0,0.0,0.0,0.0,3
2023-05-09 21:03:27,j2308,j2308,2307.0,0.0,0.0,0.0,1,2225.5,2266.5,1,2307.0,2217.5,0.0,0.0,0.0,0.0,3
2023-05-09 21:03:28,j2308,j2308,2307.0,0.0,0.0,0.0,1,2226.0,2266.5,1,2307.0,2217.5,0.0,0.0,0.0,0.0,3
2023-05-09 21:03:47,j2308,j2308,2307.0,0.0,0.0,0.0,1,2226.5,2266.5,1,2307.0,2217.5,0.0,0.0,0.0,0.0,3
2023-05-09 21:03:48,j2308,j2308,2307.0,0.0,0.0,0.0,1,2226.5,2266.0,2,2307.0,2217.5,0.0,0.0,0.0,0.0,3
2023-05-09 21:03:48,j2308,j2308,2307.0,0.0,0.0,0.0,1,2227.0,2263.5,1,2307.0,2217.5,0.0,0.0,0.0,0.0,3
2023-05-09 21:04:17,j2308,j2308,2307.0,0.0,0.0,0.0,1,2227.5,2263.5,1,2307.0,2217.5,0.0,0.0,0.0,0.0,3
2023-05-09 21:04:18,j2308,j2308,2307.0,0.0,0.0,0.0,1,2228.0,2263.5,1,2307.0,2217.5,0.0,0.0,0.0,0.0,3
2023-05-09 21:04:30,j2308,j2308,2307.0,0.0,0.0,0.0,1,2228.0,2263.0,2,2307.0,2217.5,0.0,0.0,0.0,0.0,3
2023-05-09 21:04:31,j2308,j2308,2307.0,0.0,0.0,0.0,1,2228.0,2260.5,1,2307.0,2217.5,0.0,0.0,0.0,0.0,3
2023-05-09 21:05:03,j2308,j2308,2307.0,0.0,0.0,0.0,1,2033.5,2260.5,1,2307.0,2217.5,0.0,0.0,0.0,0.0,3
2023-05-09 21:05:04,j2308,j2308,2307.0,0.0,0.0,0.0,1,2212.0,2260.5,1,2307.0,2217.5,0.0,0.0,0.0,0.0,3
2023-05-09 21:05:04,j2308,j2308,2307.0,0.0,0.0,0.0,1,2212.5,2260.5,1,2307.0,2217.5,0.0,0.0,0.0,0.0,3
2023-05-09 21:05:05,j2308,j2308,2307.0,0.0,0.0,0.0,1,2214.5,2260.5,1,2307.0,2217.5,0.0,0.0,0.0,0.0,3
2023-05-09 21:05:06,j2308,j2308,2307.0,0.0,0.0,0.0,1,2215.0,2260.5,1,2307.0,2217.5,0.0,0.0,0.0,0.0,3
2023-05-09 21:05:07,j2308,j2308,2307.0,0.0,0.0,0.0,1,2217.0,2260.5,1,2307.0,2217.5,0.0,0.0,0.0,0.0,3
2023-05-09 21:05:07,j2308,j2308,2307.0,0.0,0.0,0.0,1,2217.5,2260.5,1,2307.0,2217.5,0.0,0.0,0.0,0.0,3
2023-05-09 21:05:08,j2308,j2308,2307.0,0.0,0.0,0.0,1,2218.5,2260.5,1,2307.0,2217.5,0.0,0.0,0.0,0.0,3
2023-05-09 21:05:09,j2308,j2308,2307.0,0.0,0.0,0.0,1,2219.0,2260.5,1,2307.0,2217.5,0.0,0.0,0.0,0.0,3
2023-05-09 21:05:10,j2308,j2308,2307.0,0.0,0.0,0.0,1,2220.0,2260.5,1,2307.0,2217.5,0.0,0.0,0.0,0.0,3
2023-05-09 21:05:11,j2308,j2308,2307.0,0.0,0.0,0.0,1,2220.5,2260.5,1,2307.0,2217.5,0.0,0.0,0.0,0.0,3
2023-05-09 21:05:12,j2308,j2308,2307.0,0.0,0.0,0.0,1,2221.0,2260.5,1,2307.0,2217.5,0.0,0.0,0.0,0.0,3
2023-05-09 21:05:12,j2308,j2308,2307.0,0.0,0.0,0.0,1,2221.5,2260.5,1,2307.0,2217.5,0.0,0.0,0.0,0.0,3
2023-05-09 21:05:13,j2308,j2308,2307.0,0.0,0.0,0.0,1,2221.5,2260.0,2,2307.0,2217.5,0.0,0.0,0.0,0.0,3
2023-05-09 21:05:14,j2308,j2308,2307.0,0.0,0.0,0.0,1,2221.5,2257.5,1,2307.0,2217.5,0.0,0.0,0.0,0.0,3
2023-05-09 21:05:14,j2308,j2308,2307.0,0.0,0.0,0.0,1,2222.0,2257.5,1,2307.0,2217.5,0.0,0.0,0.0,0.0,3
2023-05-09 21:05:15,j2308,j2308,2307.0,0.0,0.0,0.0,1,2222.5,2257.5,1,2307.0,2217.5,0.0,0.0,0.0,0.0,3
2023-05-09 21:05:18,j2308,j2308,2307.0,0.0,0.0,0.0,1,2222.5,2260.0,2,2307.0,2217.5,0.0,0.0,0.0,0.0,3
2023-05-09 21:05:19,j2308,j2308,2307.0,0.0,0.0,0.0,1,2222.5,2257.5,1,2307.0,2217.5,0.0,0.0,0.0,0.0,3
2023-05-09 21:05:19,j2308,j2308,2307.0,0.0,0.0,0.0,1,2223.0,2257.5,1,2307.0,2217.5,0.0,0.0,0.0,0.0,3
2023-05-09 21:05:20,j2308,j2308,2307.0,0.0,0.0,0.0,1,2223.5,2257.5,1,2307.0,2217.5,0.0,0.0,0.0,0.0,3
2023-05-09 21:05:21,j2308,j2308,2307.0,0.0,0.0,0.0,1,2224.0,2257.5,1,2307.0,2217.5,0.0,0.0,0.0,0.0,3
2023-05-09 21:05:21,j2308,j2308,2307.0,0.0,0.0,0.0,1,2036.0,2257.5,1,2307.0,2217.5,0.0,0.0,0.0,0.0,3
2023-05-09 21:05:22,j2308,j2308,2307.0,0.0,0.0,0.0,1,2213.5,2257.5,1,2307.0,2217.5,0.0,0.0,0.0,0.0,3
2023-05-09 21:05:22,j2308,j2308,2307.0,0.0,0.0,0.0,1,2214.0,2257.5,1,2307.0,2217.5,0.0,0.0,0.0,0.0,3
2023-05-09 21:05:23,j2308,j2308,2307.0,0.0,0.0,0.0,1,2216.0,2257.5,1,2307.0,2217.5,0.0,0.0,0.0,0.0,3
2023-05-09 21:05:24,j2308,j2308,2307.0,0.0,0.0,0.0,1,2216.5,2257.5,1,2307.0,2217.5,0.0,0.0,0.0,0.0,3
2023-05-09 21:05:25,j2308,j2308,2307.0,0.0,0.0,0.0,1,2218.5,2257.5,1,2307.0,2217.5,0.0,0.0,0.0,0.0,3
2023-05-09 21:05:25,j2308,j2308,2307.0,0.0,0.0,0.0,1,2219.0,2257.5,1,2307.0,2217.5,0.0,0.0,0.0,0.0,3
2023-05-09 21:05:26,j2308,j2308,2307.0,0.0,0.0,0.0,1,2221.0,2257.5,1,2307.0,2217.5,0.0,0.0,0.0,0.0,3
2023-05-09 21:05:27,j2308,j2308,2307.0,0.0,0.0,0.0,1,2221.5,2257.5,1,2307.0,2217.5,0.0,0.0,0.0,0.0,3
2023-05-09 21:05:28,j2308,j2308,2307.0,0.0,0.0,0.0,1,2223.5,2257.5,1,2307.0,2217.5,0.0,0.0,0.0,0.0,3
2023-05-09 21:05:28,j2308,j2308,2307.0,0.0,0.0,0.0,1,2224.0,2257.5,1,2307.0,2217.5,0.0,0.0,0.0,0.0,3
2023-05-09 21:05:29,j2308,j2308,2307.0,0.0,0.0,0.0,1,2224.5,2257.5,1,2307.0,2217.5,0.0,0.0,0.0,0.0,3
2023-05-09 21:05:30,j2308,j2308,2307.0,0.0,0.0,0.0,1,2225.0,2257.5,1,2307.0,2217.5,0.0,0.0,0.0,0.0,3
2023-05-09 21:05:31,j2308,j2308,2307.0,0.0,0.0,0.0,1,2225.5,2257.5,1,2307.0,2217.5,0.0,0.0,0.0,0.0,3
2023-05-09 21:05:32,j2308,j2308,2307.0,0.0,0.0,0.0,1,2226.0,2257.5,1,2307.0,2217.5,0.0,0.0,0.0,0.0,3
2023-05-09 21:05:34,j2308,j2308,2307.0,0.0,0.0,0.0,1,2226.5,2257.5,1,2307.0,2217.5,0.0,0.0,0.0,0.0,3
2023-05-09 21:05:35,j2308,j2308,2307.0,0.0,0.0,0.0,1,2227.0,2257.5,1,2307.0,2217.5,0.0,0.0,0.0,0.0,3
2023-05-09 21:05:58,j2308,j2308,2307.0,0.0,0.0,0.0,1,2227.5,2257.5,1,2307.0,2217.5,0.0,0.0,0.0,0.0,3
2023-05-09 21:05:58,j2308,j2308,2307.0,0.0,0.0,0.0,1,2037.0,2257.5,1,2307.0,2217.5,0.0,0.0,0.0,0.0,3
2023-05-09 21:05:59,j2308,j2308,2307.0,0.0,0.0,0.0,1,2217.0,2257.5,1,2307.0,2217.5,0.0,0.0,0.0,0.0,3
2023-05-09 21:05:59,j2308,j2308,2307.0,0.0,0.0,0.0,1,2217.5,2257.5,1,2307.0,2217.5,0.0,0.0,0.0,0.0,3
2023-05-09 21:06:00,j2308,j2308,2307.0,0.0,0.0,0.0,1,2219.5,2257.5,1,2307.0,2217.5,0.0,0.0,0.0,0.0,3
2023-05-09 21:06:01,j2308,j2308,2307.0,0.0,0.0,0.0,1,2220.0,2257.5,1,2307.0,2217.5,0.0,0.0,0.0,0.0,3
2023-05-09 21:06:02,j2308,j2308,2307.0,0.0,0.0,0.0,1,2222.0,2257.5,1,2307.0,2217.5,0.0,0.0,0.0,0.0,3
2023-05-09 21:06:02,j2308,j2308,2307.0,0.0,0.0,0.0,1,2222.5,2257.5,1,2307.0,2217.5,0.0,0.0,0.0,0.0,3
2023-05-09 21:06:03,j2308,j2308,2307.0,0.0,0.0,0.0,1,2224.5,2257.5,1,2307.0,2217.5,0.0,0.0,0.0,0.0,3
2023-05-09 21:06:04,j2308,j2308,2307.0,0.0,0.0,0.0,1,2225.0,2257.5,1,2307.0,2217.5,0.0,0.0,0.0,0.0,3
2023-05-09 21:06:05,j2308,j2308,2307.0,0.0,0.0,0.0,1,2226.0,2257.5,1,2307.0,2217.5,0.0,0.0,0.0,0.0,3
2023-05-09 21:06:05,j2308,j2308,2307.0,0.0,0.0,0.0,1,2226.5,2257.5,1,2307.0,2217.5,0.0,0.0,0.0,0.0,3
2023-05-09 21:06:06,j2308,j2308,2307.0,0.0,0.0,0.0,1,2227.0,2257.5,1,2307.0,2217.5,0.0,0.0,0.0,0.0,3
2023-05-09 21:06:07,j2308,j2308,2307.0,0.0,0.0,0.0,1,2227.5,2257.5,1,2307.0,2217.5,0.0,0.0,0.0,0.0,3
2023-05-09 21:06:08,j2308,j2308,2307.0,0.0,0.0,0.0,1,2228.0,2257.5,1,2307.0,2217.5,0.0,0.0,0.0,0.0,3
2023-05-09 21:06:09,j2308,j2308,2307.0,0.0,0.0,0.0,1,2228.5,2257.5,1,2307.0,2217.5,0.0,0.0,0.0,0.0,3
2023-05-09 21:06:10,j2308,j2308,2307.0,0.0,0.0,0.0,1,2229.0,2257.5,1,2307.0,2217.5,0.0,0.0,0.0,0.0,3
2023-05-09 21:06:10,j2308,j2308,2307.0,0.0,0.0,0.0,1,2229.5,2257.5,1,2307.0,2217.5,0.0,0.0,0.0,0.0,3
2023-05-09 21:06:11,j2308,j2308,2307.0,0.0,0.0,0.0,1,2230.0,2257.5,1,2307.0,2217.5,0.0,0.0,0.0,0.0,3
2023-05-09 21:06:12,j2308,j2308,2307.0,0.0,0.0,0.0,1,2230.5,2257.5,1,2307.0,2217.5,0.0,0.0,0.0,0.0,3
2023-05-09 21:06:21,j2308,j2308,2307.0,0.0,0.0,0.0,1,2231.0,2257.5,1,2307.0,2217.5,0.0,0.0,0.0,0.0,3
2023-05-09 21:06:22,j2308,j2308,2307.0,0.0,0.0,0.0,1,2039.5,2257.5,1,2307.0,2217.5,0.0,0.0,0.0,0.0,3
2023-05-09 21:06:23,j2308,j2308,2307.0,0.0,0.0,0.0,1,2220.0,2257.5,1,2307.0,2217.5,0.0,0.0,0.0,0.0,3
2023-05-09 21:06:23,j2308,j2308,2307.0,0.0,0.0,0.0,1,2220.5,2257.5,1,2307.0,2217.5,0.0,0.0,0.0,0.0,3
2023-05-09 21:06:24,j2308,j2308,2307.0,0.0,0.0,0.0,1,2222.5,2257.5,1,2307.0,2217.5,0.0,0.0,0.0,0.0,3
2023-05-09 21:06:25,j2308,j2308,2307.0,0.0,0.0,0.0,1,2223.0,2257.5,1,2307.0,2217.5,0.0,0.0,0.0,0.0,3
2023-05-09 21:06:26,j2308,j2308,2307.0,0.0,0.0,0.0,1,2225.0,2257.5,1,2307.0,2217.5,0.0,0.0,0.0,0.0,3
2023-05-09 21:06:26,j2308,j2308,2307.0,0.0,0.0,0.0,1,2225.5,2257.5,1,2307.0,2217.5,0.0,0.0,0.0,0.0,3
2023-05-09 21:06:27,j2308,j2308,2307.0,0.0,0.0,0.0,1,2226.5,2257.5,1,2307.0,2217.5,0.0,0.0,0.0,0.0,3
2023-05-09 21:06:28,j2308,j2308,2307.0,0.0,0.0,0.0,1,2227.0,2257.5,1,2307.0,2217.5,0.0,0.0,0.0,0.0,3
2023-05-09 21:06:29,j2308,j2308,2307.0,0.0,0.0,0.0,1,2228.0,2257.5,1,2307.0,2217.5,0.0,0.0,0.0,0.0,3
2023-05-09 21:06:29,j2308,j2308,2307.0,0.0,0.0,0.0,1,2228.5,2257.5,1,2307.0,2217.5,0.0,0.0,0.0,0.0,3
2023-05-09 21:06:30,j2308,j2308,2307.0,0.0,0.0,0.0,1,2229.0,2257.5,1,2307.0,2217.5,0.0,0.0,0.0,0.0,3
2023-05-09 21:06:31,j2308,j2308,2307.0,0.0,0.0,0.0,1,2229.5,2257.5,1,2307.0,2217.5,0.0,0.0,0.0,0.0,3
2023-05-09 21:06:34,j2308,j2308,2307.0,0.0,0.0,0.0,1,2230.0,2257.5,1,2307.0,2217.5,0.0,0.0,0.0,0.0,3
2023-05-09 21:06:35,j2308,j2308,2307.0,0.0,0.0,0.0,1,2230.5,2257.5,1,2307.0,2217.5,0.0,0.0,0.0,0.0,3
2023-05-09 21:06:36,j2308,j2308,2307.0,0.0,0.0,0.0,1,2231.0,2257.5,1,2307.0,2217.5,0.0,0.0,0.0,0.0,3
2023-05-09 21:06:38,j2308,j2308,2307.0,0.0,0.0,0.0,1,2231.0,2257.0,2,2307.0,2217.5,0.0,0.0,0.0,0.0,3
2023-05-09 21:06:38,j2308,j2308,2307.0,0.0,0.0,0.0,1,2231.5,2257.0,2,2307.0,2217.5,0.0,0.0,0.0,0.0,3
2023-05-09 21:06:39,j2308,j2308,2307.0,0.0,0.0,0.0,1,2232.0,2257.0,2,2307.0,2217.5,0.0,0.0,0.0,0.0,3
2023-05-09 21:06:40,j2308,j2308,2307.0,0.0,0.0,0.0,1,2232.5,2257.0,2,2307.0,2217.5,0.0,0.0,0.0,0.0,3
2023-05-09 21:06:50,j2308,j2308,2307.0,0.0,0.0,0.0,1,2233.0,2257.0,2,2307.0,2217.5,0.0,0.0,0.0,0.0,3
2023-05-09 21:06:51,j2308,j2308,2307.0,0.0,0.0,0.0,1,2233.5,2257.0,2,2307.0,2217.5,0.0,0.0,0.0,0.0,3
2023-05-09 21:06:59,j2308,j2308,2307.0,0.0,0.0,0.0,1,2233.5,2254.5,1,2307.0,2217.5,0.0,0.0,0.0,0.0,3
2023-05-09 21:07:58,j2308,j2308,2307.0,0.0,0.0,0.0,1,2233.5,2362.0,1,2307.0,2217.5,0.0,0.0,0.0,0.0,3
2023-05-09 21:07:58,j2308,j2308,2307.0,0.0,0.0,0.0,1,2233.5,2359.5,1,2307.0,2217.5,0.0,0.0,0.0,0.0,3
2023-05-09 21:07:59,j2308,j2308,2307.0,0.0,0.0,0.0,1,2233.5,2359.0,3,2307.0,2217.5,0.0,0.0,0.0,0.0,3
2023-05-09 21:08:00,j2308,j2308,2307.0,0.0,0.0,0.0,1,2233.5,2356.5,1,2307.0,2217.5,0.0,0.0,0.0,0.0,3
2023-05-09 21:08:01,j2308,j2308,2307.0,0.0,0.0,0.0,1,2233.5,2356.0,3,2307.0,2217.5,0.0,0.0,0.0,0.0,3
2023-05-09 21:08:02,j2308,j2308,2307.0,0.0,0.0,0.0,1,2233.5,2353.5,1,2307.0,2217.5,0.0,0.0,0.0,0.0,3
2023-05-09 21:08:02,j2308,j2308,2307.0,0.0,0.0,0.0,1,2233.5,2353.0,3,2307.0,2217.5,0.0,0.0,0.0,0.0,3
2023-05-09 21:08:03,j2308,j2308,2307.0,0.0,0.0,0.0,1,2233.5,2350.5,1,2307.0,2217.5,0.0,0.0,0.0,0.0,3
2023-05-09 21:08:04,j2308,j2308,2307.0,0.0,0.0,0.0,1,2233.5,2350.0,3,2307.0,2217.5,0.0,0.0,0.0,0.0,3
2023-05-09 21:08:05,j2308,j2308,2307.0,0.0,0.0,0.0,1,2233.5,2347.5,1,2307.0,2217.5,0.0,0.0,0.0,0.0,3
2023-05-09 21:08:06,j2308,j2308,2307.0,0.0,0.0,0.0,1,2233.5,2347.0,3,2307.0,2217.5,0.0,0.0,0.0,0.0,3
2023-05-09 21:08:07,j2308,j2308,2307.0,0.0,0.0,0.0,1,2233.5,2344.5,1,2307.0,2217.5,0.0,0.0,0.0,0.0,3
2023-05-09 21:08:07,j2308,j2308,2307.0,0.0,0.0,0.0,1,2233.5,2344.0,3,2307.0,2217.5,0.0,0.0,0.0,0.0,3
2023-05-09 21:08:08,j2308,j2308,2307.0,0.0,0.0,0.0,1,2233.5,2341.5,1,2307.0,2217.5,0.0,0.0,0.0,0.0,3
2023-05-09 21:08:09,j2308,j2308,2307.0,0.0,0.0,0.0,1,2233.5,2341.0,3,2307.0,2217.5,0.0,0.0,0.0,0.0,3
2023-05-09 21:08:10,j2308,j2308,2307.0,0.0,0.0,0.0,1,2233.5,2338.5,1,2307.0,2217.5,0.0,0.0,0.0,0.0,3
2023-05-09 21:08:10,j2308,j2308,2307.0,0.0,0.0,0.0,1,2233.5,2338.0,3,2307.0,2217.5,0.0,0.0,0.0,0.0,3
2023-05-09 21:08:11,j2308,j2308,2307.0,0.0,0.0,0.0,1,2233.5,2335.5,1,2307.0,2217.5,0.0,0.0,0.0,0.0,3
2023-05-09 21:08:12,j2308,j2308,2307.0,0.0,0.0,0.0,1,2233.5,2335.0,3,2307.0,2217.5,0.0,0.0,0.0,0.0,3
2023-05-09 21:08:13,j2308,j2308,2307.0,0.0,0.0,0.0,1,2233.5,2332.5,1,2307.0,2217.5,0.0,0.0,0.0,0.0,3
2023-05-09 21:08:14,j2308,j2308,2307.0,0.0,0.0,0.0,1,2233.5,2332.0,3,2307.0,2217.5,0.0,0.0,0.0,0.0,3
2023-05-09 21:08:14,j2308,j2308,2307.0,0.0,0.0,0.0,1,2233.5,2329.5,1,2307.0,2217.5,0.0,0.0,0.0,0.0,3
2023-05-09 21:08:15,j2308,j2308,2307.0,0.0,0.0,0.0,1,2234.0,2329.0,1,2307.0,2217.5,0.0,0.0,0.0,0.0,3
2023-05-09 21:08:16,j2308,j2308,2307.0,0.0,0.0,0.0,1,2234.0,2326.5,1,2307.0,2217.5,0.0,0.0,0.0,0.0,3
2023-05-09 21:08:16,j2308,j2308,2307.0,0.0,0.0,0.0,1,2234.5,2326.5,1,2307.0,2217.5,0.0,0.0,0.0,0.0,3
2023-05-09 21:08:17,j2308,j2308,2307.0,0.0,0.0,0.0,1,2234.5,2326.0,1,2307.0,2217.5,0.0,0.0,0.0,0.0,3
2023-05-09 21:08:18,j2308,j2308,2307.0,0.0,0.0,0.0,1,2234.5,2323.5,1,2307.0,2217.5,0.0,0.0,0.0,0.0,3
2023-05-09 21:08:18,j2308,j2308,2307.0,0.0,0.0,0.0,1,2235.0,2323.0,1,2307.0,2217.5,0.0,0.0,0.0,0.0,3
2023-05-09 21:08:19,j2308,j2308,2307.0,0.0,0.0,0.0,1,2235.0,2320.5,1,2307.0,2217.5,0.0,0.0,0.0,0.0,3
2023-05-09 21:08:19,j2308,j2308,2307.0,0.0,0.0,0.0,1,2235.5,2320.5,1,2307.0,2217.5,0.0,0.0,0.0,0.0,3
2023-05-09 21:08:20,j2308,j2308,2307.0,0.0,0.0,0.0,1,2235.5,2320.0,1,2307.0,2217.5,0.0,0.0,0.0,0.0,3
2023-05-09 21:08:21,j2308,j2308,2307.0,0.0,0.0,0.0,1,2235.5,2317.5,1,2307.0,2217.5,0.0,0.0,0.0,0.0,3
2023-05-09 21:08:21,j2308,j2308,2307.0,0.0,0.0,0.0,1,2235.5,2317.0,1,2307.0,2217.5,0.0,0.0,0.0,0.0,3
2023-05-09 21:08:22,j2308,j2308,2307.0,0.0,0.0,0.0,1,2235.5,2314.5,1,2307.0,2217.5,0.0,0.0,0.0,0.0,3
2023-05-09 21:08:23,j2308,j2308,2307.0,0.0,0.0,0.0,1,2235.5,2314.0,1,2307.0,2217.5,0.0,0.0,0.0,0.0,3
2023-05-09 21:08:24,j2308,j2308,2307.0,0.0,0.0,0.0,1,2235.5,2311.5,1,2307.0,2217.5,0.0,0.0,0.0,0.0,3
2023-05-09 21:08:24,j2308,j2308,2307.0,0.0,0.0,0.0,1,2235.5,2311.0,1,2307.0,2217.5,0.0,0.0,0.0,0.0,3
2023-05-09 21:08:25,j2308,j2308,2307.0,0.0,0.0,0.0,1,2235.5,2308.5,1,2307.0,2217.5,0.0,0.0,0.0,0.0,3
2023-05-09 21:08:25,j2308,j2308,2307.0,0.0,0.0,0.0,1,2236.0,2308.5,1,2307.0,2217.5,0.0,0.0,0.0,0.0,3
2023-05-09 21:08:26,j2308,j2308,2307.0,0.0,0.0,0.0,1,2236.0,2308.0,1,2307.0,2217.5,0.0,0.0,0.0,0.0,3
2023-05-09 21:08:27,j2308,j2308,2307.0,0.0,0.0,0.0,1,2236.5,2305.5,1,2307.0,2217.5,0.0,0.0,0.0,0.0,3
2023-05-09 21:08:27,j2308,j2308,2307.0,0.0,0.0,0.0,1,2237.0,2305.0,1,2307.0,2217.5,0.0,0.0,0.0,0.0,3
2023-05-09 21:08:28,j2308,j2308,2307.0,0.0,0.0,0.0,1,2237.0,2302.5,1,2307.0,2217.5,0.0,0.0,0.0,0.0,3
2023-05-09 21:08:28,j2308,j2308,2307.0,0.0,0.0,0.0,1,2237.5,2302.5,1,2307.0,2217.5,0.0,0.0,0.0,0.0,3
2023-05-09 21:08:29,j2308,j2308,2307.0,0.0,0.0,0.0,1,2237.5,2302.0,1,2307.0,2217.5,0.0,0.0,0.0,0.0,3
2023-05-09 21:08:30,j2308,j2308,2307.0,0.0,0.0,0.0,1,2237.5,2299.5,1,2307.0,2217.5,0.0,0.0,0.0,0.0,3
2023-05-09 21:08:30,j2308,j2308,2307.0,0.0,0.0,0.0,1,2237.5,2299.0,1,2307.0,2217.5,0.0,0.0,0.0,0.0,3
2023-05-09 21:08:31,j2308,j2308,2307.0,0.0,0.0,0.0,1,2237.5,2296.5,1,2307.0,2217.5,0.0,0.0,0.0,0.0,3
2023-05-09 21:08:32,j2308,j2308,2307.0,0.0,0.0,0.0,1,2237.5,2296.0,1,2307.0,2217.5,0.0,0.0,0.0,0.0,3
2023-05-09 21:08:32,j2308,j2308,2307.0,0.0,0.0,0.0,1,2237.5,2293.5,1,2307.0,2217.5,0.0,0.0,0.0,0.0,3
2023-05-09 21:08:33,j2308,j2308,2307.0,0.0,0.0,0.0,1,2237.5,2293.0,1,2307.0,2217.5,0.0,0.0,0.0,0.0,3
2023-05-09 21:08:34,j2308,j2308,2307.0,0.0,0.0,0.0,1,2237.5,2290.5,1,2307.0,2217.5,0.0,0.0,0.0,0.0,3
2023-05-09 21:08:38,j2308,j2308,2307.0,0.0,0.0,0.0,1,2238.0,2290.5,1,2307.0,2217.5,0.0,0.0,0.0,0.0,3
2023-05-09 21:08:39,j2308,j2308,2307.0,0.0,0.0,0.0,1,2051.0,2290.5,1,2307.0,2217.5,0.0,0.0,0.0,0.0,3
2023-05-09 21:08:39,j2308,j2308,2307.0,0.0,0.0,0.0,1,2227.5,2290.5,1,2307.0,2217.5,0.0,0.0,0.0,0.0,3
2023-05-09 21:08:40,j2308,j2308,2307.0,0.0,0.0,0.0,1,2228.0,2290.5,1,2307.0,2217.5,0.0,0.0,0.0,0.0,3
2023-05-09 21:08:41,j2308,j2308,2307.0,0.0,0.0,0.0,1,2230.0,2290.5,1,2307.0,2217.5,0.0,0.0,0.0,0.0,3
2023-05-09 21:08:42,j2308,j2308,2307.0,0.0,0.0,0.0,1,2230.5,2290.5,1,2307.0,2217.5,0.0,0.0,0.0,0.0,3
2023-05-09 21:08:43,j2308,j2308,2307.0,0.0,0.0,0.0,1,2232.5,2290.5,1,2307.0,2217.5,0.0,0.0,0.0,0.0,3
2023-05-09 21:08:43,j2308,j2308,2307.0,0.0,0.0,0.0,1,2233.0,2290.5,1,2307.0,2217.5,0.0,0.0,0.0,0.0,3
2023-05-09 21:08:44,j2308,j2308,2307.0,0.0,0.0,0.0,1,2234.0,2290.5,1,2307.0,2217.5,0.0,0.0,0.0,0.0,3
2023-05-09 21:08:45,j2308,j2308,2307.0,0.0,0.0,0.0,1,2234.5,2290.5,1,2307.0,2217.5,0.0,0.0,0.0,0.0,3
2023-05-09 21:08:46,j2308,j2308,2307.0,0.0,0.0,0.0,1,2235.5,2290.0,2,2307.0,2217.5,0.0,0.0,0.0,0.0,3
2023-05-09 21:08:46,j2308,j2308,2307.0,0.0,0.0,0.0,1,2235.5,2287.5,1,2307.0,2217.5,0.0,0.0,0.0,0.0,3
2023-05-09 21:08:46,j2308,j2308,2307.0,0.0,0.0,0.0,1,2236.0,2287.5,1,2307.0,2217.5,0.0,0.0,0.0,0.0,3
2023-05-09 21:08:47,j2308,j2308,2307.0,0.0,0.0,0.0,1,2236.5,2287.5,1,2307.0,2217.5,0.0,0.0,0.0,0.0,3
2023-05-09 21:08:48,j2308,j2308,2307.0,0.0,0.0,0.0,1,2237.0,2287.5,1,2307.0,2217.5,0.0,0.0,0.0,0.0,3
2023-05-09 21:08:53,j2308,j2308,2307.0,0.0,0.0,0.0,1,2237.5,2287.5,1,2307.0,2217.5,0.0,0.0,0.0,0.0,3
2023-05-09 21:08:54,j2308,j2308,2307.0,0.0,0.0,0.0,1,2238.0,2287.5,1,2307.0,2217.5,0.0,0.0,0.0,0.0,3
2023-05-09 21:09:14,j2308,j2308,2307.0,0.0,0.0,0.0,1,2238.5,2287.5,1,2307.0,2217.5,0.0,0.0,0.0,0.0,3
2023-05-09 21:09:15,j2308,j2308,2307.0,0.0,0.0,0.0,1,2239.0,2287.5,1,2307.0,2217.5,0.0,0.0,0.0,0.0,3
2023-05-09 21:09:26,j2308,j2308,2307.0,0.0,0.0,0.0,1,2239.5,2287.5,1,2307.0,2217.5,0.0,0.0,0.0,0.0,3
2023-05-09 21:09:27,j2308,j2308,2307.0,0.0,0.0,0.0,1,2240.0,2287.5,1,2307.0,2217.5,0.0,0.0,0.0,0.0,3
2023-05-09 21:09:28,j2308,j2308,2307.0,0.0,0.0,0.0,1,2240.0,2287.0,2,2307.0,2217.5,0.0,0.0,0.0,0.0,3
2023-05-09 21:09:29,j2308,j2308,2307.0,0.0,0.0,0.0,1,2240.0,2284.5,1,2307.0,2217.5,0.0,0.0,0.0,0.0,3
2023-05-09 21:09:40,j2308,j2308,2307.0,0.0,0.0,0.0,1,2240.5,2284.5,1,2307.0,2217.5,0.0,0.0,0.0,0.0,3
2023-05-09 21:09:41,j2308,j2308,2307.0,0.0,0.0,0.0,1,2053.5,2284.5,1,2307.0,2217.5,0.0,0.0,0.0,0.0,3
2023-05-09 21:09:42,j2308,j2308,2307.0,0.0,0.0,0.0,1,2229.5,2284.5,1,2307.0,2217.5,0.0,0.0,0.0,0.0,3
2023-05-09 21:09:43,j2308,j2308,2307.0,0.0,0.0,0.0,1,2230.0,2284.5,1,2307.0,2217.5,0.0,0.0,0.0,0.0,3
2023-05-09 21:09:44,j2308,j2308,2307.0,0.0,0.0,0.0,1,2232.0,2284.5,1,2307.0,2217.5,0.0,0.0,0.0,0.0,3
2023-05-09 21:09:44,j2308,j2308,2307.0,0.0,0.0,0.0,1,2232.5,2284.5,1,2307.0,2217.5,0.0,0.0,0.0,0.0,3
2023-05-09 21:09:45,j2308,j2308,2307.0,0.0,0.0,0.0,1,2234.5,2284.5,1,2307.0,2217.5,0.0,0.0,0.0,0.0,3
2023-05-09 21:09:46,j2308,j2308,2307.0,0.0,0.0,0.0,1,2235.0,2284.5,1,2307.0,2217.5,0.0,0.0,0.0,0.0,3
2023-05-09 21:09:46,j2308,j2308,2307.0,0.0,0.0,0.0,1,2237.0,2284.5,1,2307.0,2217.5,0.0,0.0,0.0,0.0,3
2023-05-09 21:09:47,j2308,j2308,2307.0,0.0,0.0,0.0,1,2237.5,2284.5,1,2307.0,2217.5,0.0,0.0,0.0,0.0,3
2023-05-09 21:09:48,j2308,j2308,2307.0,0.0,0.0,0.0,1,2238.0,2284.5,1,2307.0,2217.5,0.0,0.0,0.0,0.0,3
2023-05-09 21:09:49,j2308,j2308,2307.0,0.0,0.0,0.0,1,2238.5,2284.5,1,2307.0,2217.5,0.0,0.0,0.0,0.0,3
2023-05-09 21:09:50,j2308,j2308,2307.0,0.0,0.0,0.0,1,2239.0,2284.5,1,2307.0,2217.5,0.0,0.0,0.0,0.0,3
2023-05-09 21:09:50,j2308,j2308,2307.0,0.0,0.0,0.0,1,2239.5,2284.5,1,2307.0,2217.5,0.0,0.0,0.0,0.0,3
2023-05-09 21:09:51,j2308,j2308,2307.0,0.0,0.0,0.0,1,2240.0,2284.5,1,2307.0,2217.5,0.0,0.0,0.0,0.0,3
2023-05-09 21:09:52,j2308,j2308,2307.0,0.0,0.0,0.0,1,2240.5,2284.5,1,2307.0,2217.5,0.0,0.0,0.0,0.0,3
2023-05-09 21:10:11,j2308,j2308,2307.0,0.0,0.0,0.0,1,2240.5,2284.0,2,2307.0,2217.5,0.0,0.0,0.0,0.0,3
2023-05-09 21:10:12,j2308,j2308,2307.0,0.0,0.0,0.0,1,2240.5,2281.5,1,2307.0,2217.5,0.0,0.0,0.0,0.0,3
2023-05-09 21:10:54,j2308,j2308,2307.0,0.0,0.0,0.0,1,2240.5,2281.0,2,2307.0,2217.5,0.0,0.0,0.0,0.0,3
2023-05-09 21:10:55,j2308,j2308,2307.0,0.0,0.0,0.0,1,2240.5,2278.5,1,2307.0,2217.5,0.0,0.0,0.0,0.0,3
2023-05-09 21:10:58,j2308,j2308,2307.0,0.0,0.0,0.0,1,2241.0,2278.5,1,2307.0,2217.5,0.0,0.0,0.0,0.0,3
2023-05-09 21:10:59,j2308,j2308,2307.0,0.0,0.0,0.0,1,2241.5,2278.5,1,2307.0,2217.5,0.0,0.0,0.0,0.0,3
2023-05-09 21:11:00,j2308,j2308,2307.0,0.0,0.0,0.0,1,2242.0,2278.5,1,2307.0,2217.5,0.0,0.0,0.0,0.0,3
2023-05-09 21:11:00,j2308,j2308,2307.0,0.0,0.0,0.0,1,2054.0,2278.5,1,2307.0,2217.5,0.0,0.0,0.0,0.0,3
2023-05-09 21:11:01,j2308,j2308,2307.0,0.0,0.0,0.0,1,2231.5,2278.5,1,2307.0,2217.5,0.0,0.0,0.0,0.0,3
2023-05-09 21:11:01,j2308,j2308,2307.0,0.0,0.0,0.0,1,2232.0,2278.5,1,2307.0,2217.5,0.0,0.0,0.0,0.0,3
2023-05-09 21:11:02,j2308,j2308,2307.0,0.0,0.0,0.0,1,2234.0,2278.5,1,2307.0,2217.5,0.0,0.0,0.0,0.0,3
2023-05-09 21:11:03,j2308,j2308,2307.0,0.0,0.0,0.0,1,2234.5,2278.5,1,2307.0,2217.5,0.0,0.0,0.0,0.0,3
2023-05-09 21:11:04,j2308,j2308,2307.0,0.0,0.0,0.0,1,2236.5,2278.5,1,2307.0,2217.5,0.0,0.0,0.0,0.0,3
2023-05-09 21:11:04,j2308,j2308,2307.0,0.0,0.0,0.0,1,2237.0,2278.5,1,2307.0,2217.5,0.0,0.0,0.0,0.0,3
2023-05-09 21:11:05,j2308,j2308,2307.0,0.0,0.0,0.0,1,2239.0,2278.5,1,2307.0,2217.5,0.0,0.0,0.0,0.0,3
2023-05-09 21:11:06,j2308,j2308,2307.0,0.0,0.0,0.0,1,2239.5,2278.5,1,2307.0,2217.5,0.0,0.0,0.0,0.0,3
2023-05-09 21:11:07,j2308,j2308,2307.0,0.0,0.0,0.0,1,2240.5,2278.5,1,2307.0,2217.5,0.0,0.0,0.0,0.0,3
2023-05-09 21:11:07,j2308,j2308,2307.0,0.0,0.0,0.0,1,2241.0,2278.5,1,2307.0,2217.5,0.0,0.0,0.0,0.0,3
2023-05-09 21:11:08,j2308,j2308,2307.0,0.0,0.0,0.0,1,2241.5,2278.5,1,2307.0,2217.5,0.0,0.0,0.0,0.0,3
2023-05-09 21:11:09,j2308,j2308,2307.0,0.0,0.0,0.0,1,2242.0,2278.5,1,2307.0,2217.5,0.0,0.0,0.0,0.0,3
2023-05-09 21:11:10,j2308,j2308,2307.0,0.0,0.0,0.0,1,2242.5,2278.5,1,2307.0,2217.5,0.0,0.0,0.0,0.0,3
2023-05-09 21:11:15,j2308,j2308,2307.0,0.0,0.0,0.0,1,2056.5,2278.5,1,2307.0,2217.5,0.0,0.0,0.0,0.0,3
2023-05-09 21:11:16,j2308,j2308,2307.0,0.0,0.0,0.0,1,2231.5,2278.5,1,2307.0,2217.5,0.0,0.0,0.0,0.0,3
2023-05-09 21:11:37,j2308,j2308,2307.0,0.0,0.0,0.0,1,2231.5,2278.0,2,2307.0,2217.5,0.0,0.0,0.0,0.0,3
2023-05-09 21:11:38,j2308,j2308,2307.0,0.0,0.0,0.0,1,2231.5,2275.5,1,2307.0,2217.5,0.0,0.0,0.0,0.0,3
2023-05-09 21:12:20,j2308,j2308,2307.0,0.0,0.0,0.0,1,2231.5,2275.0,2,2307.0,2217.5,0.0,0.0,0.0,0.0,3
2023-05-09 21:12:20,j2308,j2308,2307.0,0.0,0.0,0.0,1,2231.5,2272.5,1,2307.0,2217.5,0.0,0.0,0.0,0.0,3
2023-05-09 21:13:02,j2308,j2308,2307.0,0.0,0.0,0.0,1,2231.5,2272.0,2,2307.0,2217.5,0.0,0.0,0.0,0.0,3
2023-05-09 21:13:03,j2308,j2308,2307.0,0.0,0.0,0.0,1,2231.5,2269.5,1,2307.0,2217.5,0.0,0.0,0.0,0.0,3
2023-05-09 21:13:33,j2308,j2308,2307.0,0.0,0.0,0.0,1,2231.5,2272.0,2,2307.0,2217.5,0.0,0.0,0.0,0.0,3
2023-05-09 21:13:34,j2308,j2308,2307.0,0.0,0.0,0.0,1,2231.5,2269.5,1,2307.0,2217.5,0.0,0.0,0.0,0.0,3
2023-05-09 21:13:36,j2308,j2308,2307.0,0.0,0.0,0.0,1,2231.5,2272.0,2,2307.0,2217.5,0.0,0.0,0.0,0.0,3
2023-05-09 21:13:37,j2308,j2308,2307.0,0.0,0.0,0.0,1,2231.5,2269.5,1,2307.0,2217.5,0.0,0.0,0.0,0.0,3
2023-05-09 21:14:28,j2308,j2308,2307.0,0.0,0.0,0.0,1,2231.5,2269.0,2,2307.0,2217.5,0.0,0.0,0.0,0.0,3
2023-05-09 21:15:23,j2308,j2308,2307.0,0.0,0.0,0.0,1,2234.0,2269.0,2,2307.0,2217.5,0.0,0.0,0.0,0.0,3
2023-05-09 21:15:24,j2308,j2308,2307.0,0.0,0.0,0.0,1,2241.5,2269.0,2,2307.0,2217.5,0.0,0.0,0.0,0.0,3
2023-05-09 21:19:27,j2308,j2308,2307.0,0.0,0.0,0.0,1,2241.5,2359.5,1,2307.0,2217.5,0.0,0.0,0.0,0.0,3
2023-05-09 21:19:28,j2308,j2308,2307.0,0.0,0.0,0.0,1,2241.5,2359.0,3,2307.0,2217.5,0.0,0.0,0.0,0.0,3
2023-05-09 21:19:28,j2308,j2308,2307.0,0.0,0.0,0.0,1,2241.5,2356.5,1,2307.0,2217.5,0.0,0.0,0.0,0.0,3
2023-05-09 21:19:29,j2308,j2308,2307.0,0.0,0.0,0.0,1,2241.5,2356.0,3,2307.0,2217.5,0.0,0.0,0.0,0.0,3
2023-05-09 21:19:30,j2308,j2308,2307.0,0.0,0.0,0.0,1,2241.5,2353.5,1,2307.0,2217.5,0.0,0.0,0.0,0.0,3
2023-05-09 21:19:31,j2308,j2308,2307.0,0.0,0.0,0.0,1,2241.5,2353.0,3,2307.0,2217.5,0.0,0.0,0.0,0.0,3
2023-05-09 21:19:31,j2308,j2308,2307.0,0.0,0.0,0.0,1,2241.5,2350.5,1,2307.0,2217.5,0.0,0.0,0.0,0.0,3
2023-05-09 21:19:33,j2308,j2308,2307.0,0.0,0.0,0.0,1,2241.5,2350.0,3,2307.0,2217.5,0.0,0.0,0.0,0.0,3
2023-05-09 21:19:34,j2308,j2308,2307.0,0.0,0.0,0.0,1,2241.5,2347.5,1,2307.0,2217.5,0.0,0.0,0.0,0.0,3
2023-05-09 21:19:37,j2308,j2308,2307.0,0.0,0.0,0.0,1,2241.5,2347.0,1,2307.0,2217.5,0.0,0.0,0.0,0.0,3
2023-05-09 21:19:38,j2308,j2308,2307.0,0.0,0.0,0.0,1,2241.5,2344.5,1,2307.0,2217.5,0.0,0.0,0.0,0.0,3
2023-05-09 21:19:39,j2308,j2308,2307.0,0.0,0.0,0.0,1,2241.5,2344.0,1,2307.0,2217.5,0.0,0.0,0.0,0.0,3
2023-05-09 21:19:39,j2308,j2308,2307.0,0.0,0.0,0.0,1,2241.5,2341.5,1,2307.0,2217.5,0.0,0.0,0.0,0.0,3
2023-05-09 21:19:40,j2308,j2308,2307.0,0.0,0.0,0.0,1,2241.5,2341.0,1,2307.0,2217.5,0.0,0.0,0.0,0.0,3
2023-05-09 21:19:41,j2308,j2308,2307.0,0.0,0.0,0.0,1,2241.5,2338.5,1,2307.0,2217.5,0.0,0.0,0.0,0.0,3
2023-05-09 21:19:42,j2308,j2308,2307.0,0.0,0.0,0.0,1,2241.5,2338.0,1,2307.0,2217.5,0.0,0.0,0.0,0.0,3
2023-05-09 21:19:43,j2308,j2308,2307.0,0.0,0.0,0.0,1,2241.5,2335.5,1,2307.0,2217.5,0.0,0.0,0.0,0.0,3
2023-05-09 21:19:44,j2308,j2308,2307.0,0.0,0.0,0.0,1,2241.5,2335.0,1,2307.0,2217.5,0.0,0.0,0.0,0.0,3
2023-05-09 21:19:45,j2308,j2308,2307.0,0.0,0.0,0.0,1,2241.5,2332.5,1,2307.0,2217.5,0.0,0.0,0.0,0.0,3
2023-05-09 21:19:45,j2308,j2308,2307.0,0.0,0.0,0.0,1,2241.5,2332.0,1,2307.0,2217.5,0.0,0.0,0.0,0.0,3
2023-05-09 21:19:46,j2308,j2308,2307.0,0.0,0.0,0.0,1,2241.5,2329.5,1,2307.0,2217.5,0.0,0.0,0.0,0.0,3
2023-05-09 21:19:48,j2308,j2308,2307.0,0.0,0.0,0.0,1,2241.5,2329.0,1,2307.0,2217.5,0.0,0.0,0.0,0.0,3
2023-05-09 21:19:48,j2308,j2308,2307.0,0.0,0.0,0.0,1,2241.5,2326.5,1,2307.0,2217.5,0.0,0.0,0.0,0.0,3
2023-05-09 21:19:50,j2308,j2308,2307.0,0.0,0.0,0.0,1,2241.5,2326.0,1,2307.0,2217.5,0.0,0.0,0.0,0.0,3
2023-05-09 21:19:50,j2308,j2308,2307.0,0.0,0.0,0.0,1,2241.5,2323.5,1,2307.0,2217.5,0.0,0.0,0.0,0.0,3
2023-05-09 21:19:51,j2308,j2308,2307.0,0.0,0.0,0.0,1,2241.5,2323.0,1,2307.0,2217.5,0.0,0.0,0.0,0.0,3
2023-05-09 21:19:52,j2308,j2308,2307.0,0.0,0.0,0.0,1,2241.5,2320.5,1,2307.0,2217.5,0.0,0.0,0.0,0.0,3
2023-05-09 21:19:53,j2308,j2308,2307.0,0.0,0.0,0.0,1,2241.5,2320.0,1,2307.0,2217.5,0.0,0.0,0.0,0.0,3
2023-05-09 21:19:54,j2308,j2308,2307.0,0.0,0.0,0.0,1,2241.5,2317.5,1,2307.0,2217.5,0.0,0.0,0.0,0.0,3
2023-05-09 21:19:55,j2308,j2308,2307.0,0.0,0.0,0.0,1,2241.5,2317.0,1,2307.0,2217.5,0.0,0.0,0.0,0.0,3
2023-05-09 21:19:56,j2308,j2308,2307.0,0.0,0.0,0.0,1,2241.5,2314.5,1,2307.0,2217.5,0.0,0.0,0.0,0.0,3
2023-05-09 21:19:56,j2308,j2308,2307.0,0.0,0.0,0.0,1,2241.5,2314.0,1,2307.0,2217.5,0.0,0.0,0.0,0.0,3
2023-05-09 21:19:57,j2308,j2308,2307.0,0.0,0.0,0.0,1,2241.5,2311.5,1,2307.0,2217.5,0.0,0.0,0.0,0.0,3
2023-05-09 21:19:58,j2308,j2308,2307.0,0.0,0.0,0.0,1,2241.5,2311.0,1,2307.0,2217.5,0.0,0.0,0.0,0.0,3
2023-05-09 21:19:58,j2308,j2308,2307.0,0.0,0.0,0.0,1,2241.5,2308.5,1,2307.0,2217.5,0.0,0.0,0.0,0.0,3
2023-05-09 21:20:02,j2308,j2308,2307.0,0.0,0.0,0.0,1,2241.5,2308.0,1,2307.0,2217.5,0.0,0.0,0.0,0.0,3
2023-05-09 21:20:03,j2308,j2308,2307.0,0.0,0.0,0.0,1,2241.5,2305.5,1,2307.0,2217.5,0.0,0.0,0.0,0.0,3
2023-05-09 21:20:05,j2308,j2308,2307.0,0.0,0.0,0.0,1,2241.5,2305.0,2,2307.0,2217.5,0.0,0.0,0.0,0.0,3
2023-05-09 21:20:05,j2308,j2308,2307.0,0.0,0.0,0.0,1,2241.5,2302.5,1,2307.0,2217.5,0.0,0.0,0.0,0.0,3
2023-05-09 21:20:47,j2308,j2308,2307.0,0.0,0.0,0.0,1,2241.5,2302.0,2,2307.0,2217.5,0.0,0.0,0.0,0.0,3
2023-05-09 21:20:48,j2308,j2308,2307.0,0.0,0.0,0.0,1,2241.5,2299.5,1,2307.0,2217.5,0.0,0.0,0.0,0.0,3
2023-05-09 21:21:30,j2308,j2308,2307.0,0.0,0.0,0.0,1,2241.5,2299.0,2,2307.0,2217.5,0.0,0.0,0.0,0.0,3
2023-05-09 21:21:31,j2308,j2308,2307.0,0.0,0.0,0.0,1,2241.5,2296.5,1,2307.0,2217.5,0.0,0.0,0.0,0.0,3
2023-05-09 21:22:13,j2308,j2308,2307.0,0.0,0.0,0.0,1,2241.5,2296.0,2,2307.0,2217.5,0.0,0.0,0.0,0.0,3
2023-05-09 21:22:13,j2308,j2308,2307.0,0.0,0.0,0.0,1,2241.5,2293.5,1,2307.0,2217.5,0.0,0.0,0.0,0.0,3
2023-05-09 21:22:56,j2308,j2308,2307.0,0.0,0.0,0.0,1,2241.5,2293.0,2,2307.0,2217.5,0.0,0.0,0.0,0.0,3
2023-05-09 21:22:56,j2308,j2308,2307.0,0.0,0.0,0.0,1,2241.5,2290.5,1,2307.0,2217.5,0.0,0.0,0.0,0.0,3
2023-05-09 21:23:39,j2308,j2308,2307.0,0.0,0.0,0.0,1,2241.5,2290.0,2,2307.0,2217.5,0.0,0.0,0.0,0.0,3
2023-05-09 21:23:39,j2308,j2308,2307.0,0.0,0.0,0.0,1,2241.5,2287.5,1,2307.0,2217.5,0.0,0.0,0.0,0.0,3
2023-05-09 21:24:22,j2308,j2308,2307.0,0.0,0.0,0.0,1,2241.5,2287.0,2,2307.0,2217.5,0.0,0.0,0.0,0.0,3
2023-05-09 21:24:23,j2308,j2308,2307.0,0.0,0.0,0.0,1,2241.5,2284.5,1,2307.0,2217.5,0.0,0.0,0.0,0.0,3
2023-05-09 21:25:05,j2308,j2308,2307.0,0.0,0.0,0.0,1,2241.5,2284.0,2,2307.0,2217.5,0.0,0.0,0.0,0.0,3
2023-05-09 21:25:06,j2308,j2308,2307.0,0.0,0.0,0.0,1,2241.5,2281.5,1,2307.0,2217.5,0.0,0.0,0.0,0.0,3
2023-05-09 21:25:48,j2308,j2308,2307.0,0.0,0.0,0.0,1,2241.5,2281.0,2,2307.0,2217.5,0.0,0.0,0.0,0.0,3
2023-05-09 21:25:49,j2308,j2308,2307.0,0.0,0.0,0.0,1,2241.5,2278.5,1,2307.0,2217.5,0.0,0.0,0.0,0.0,3
2023-05-09 21:26:31,j2308,j2308,2307.0,0.0,0.0,0.0,1,2241.5,2278.0,2,2307.0,2217.5,0.0,0.0,0.0,0.0,3
2023-05-09 21:26:31,j2308,j2308,2307.0,0.0,0.0,0.0,1,2241.5,2275.5,1,2307.0,2217.5,0.0,0.0,0.0,0.0,3
2023-05-09 21:27:14,j2308,j2308,2307.0,0.0,0.0,0.0,1,2241.5,2275.0,2,2307.0,2217.5,0.0,0.0,0.0,0.0,3
2023-05-09 21:27:14,j2308,j2308,2307.0,0.0,0.0,0.0,1,2241.5,2272.5,1,2307.0,2217.5,0.0,0.0,0.0,0.0,3
2023-05-09 21:27:57,j2308,j2308,2307.0,0.0,0.0,0.0,1,2241.5,2272.0,2,2307.0,2217.5,0.0,0.0,0.0,0.0,3
2023-05-09 21:29:24,j2308,j2308,2307.0,0.0,0.0,0.0,1,2241.5,2269.5,1,2307.0,2217.5,0.0,0.0,0.0,0.0,3
2023-05-09 21:30:00,j2308,j2308,2307.0,0.0,0.0,0.0,1,2241.5,2272.0,2,2307.0,2217.5,0.0,0.0,0.0,0.0,3
2023-05-09 21:30:01,j2308,j2308,2307.0,0.0,0.0,0.0,1,2241.5,2269.5,1,2307.0,2217.5,0.0,0.0,0.0,0.0,3
2023-05-09 21:30:05,j2308,j2308,2307.0,0.0,0.0,0.0,1,2241.5,2269.0,2,2307.0,2217.5,0.0,0.0,0.0,0.0,3
2023-05-09 21:30:20,j2308,j2308,2307.0,0.0,0.0,0.0,1,2241.5,2266.5,1,2307.0,2217.5,0.0,0.0,0.0,0.0,3
2023-05-09 21:30:38,j2308,j2308,2307.0,0.0,0.0,0.0,1,2059.5,2266.5,1,2307.0,2217.5,0.0,0.0,0.0,0.0,3
2023-05-09 21:30:39,j2308,j2308,2307.0,0.0,0.0,0.0,1,2231.0,2266.5,1,2307.0,2217.5,0.0,0.0,0.0,0.0,3
2023-05-09 21:31:31,j2308,j2308,2307.0,0.0,0.0,0.0,1,2231.0,2266.0,2,2307.0,2217.5,0.0,0.0,0.0,0.0,3
2023-05-09 21:31:31,j2308,j2308,2307.0,0.0,0.0,0.0,1,2231.0,2263.5,1,2307.0,2217.5,0.0,0.0,0.0,0.0,3
2023-05-09 21:31:53,j2308,j2308,2307.0,0.0,0.0,0.0,1,2231.0,2266.0,2,2307.0,2217.5,0.0,0.0,0.0,0.0,3
2023-05-09 21:32:07,j2308,j2308,2307.0,0.0,0.0,0.0,1,2231.0,2263.5,1,2307.0,2217.5,0.0,0.0,0.0,0.0,3
2023-05-09 21:32:57,j2308,j2308,2307.0,0.0,0.0,0.0,1,2231.0,2263.0,2,2307.0,2217.5,0.0,0.0,0.0,0.0,3
2023-05-09 21:35:42,j2308,j2308,2307.0,0.0,0.0,0.0,1,2231.0,2359.5,1,2307.0,2217.5,0.0,0.0,0.0,0.0,3
2023-05-09 21:35:42,j2308,j2308,2307.0,0.0,0.0,0.0,1,2231.0,2359.0,3,2307.0,2217.5,0.0,0.0,0.0,0.0,3
2023-05-09 21:35:42,j2308,j2308,2307.0,0.0,0.0,0.0,1,2233.5,2356.5,1,2307.0,2217.5,0.0,0.0,0.0,0.0,3
2023-05-09 21:35:43,j2308,j2308,2307.0,0.0,0.0,0.0,1,2241.5,2356.5,1,2307.0,2217.5,0.0,0.0,0.0,0.0,3
2023-05-09 21:35:43,j2308,j2308,2307.0,0.0,0.0,0.0,1,2241.5,2356.0,3,2307.0,2217.5,0.0,0.0,0.0,0.0,3
2023-05-09 21:35:44,j2308,j2308,2307.0,0.0,0.0,0.0,1,2241.5,2353.5,1,2307.0,2217.5,0.0,0.0,0.0,0.0,3
2023-05-09 21:35:45,j2308,j2308,2307.0,0.0,0.0,0.0,1,2241.5,2353.0,3,2307.0,2217.5,0.0,0.0,0.0,0.0,3
2023-05-09 21:35:45,j2308,j2308,2307.0,0.0,0.0,0.0,1,2241.5,2350.5,1,2307.0,2217.5,0.0,0.0,0.0,0.0,3
2023-05-09 21:35:46,j2308,j2308,2307.0,0.0,0.0,0.0,1,2241.5,2350.0,1,2307.0,2217.5,0.0,0.0,0.0,0.0,3
2023-05-09 21:35:47,j2308,j2308,2307.0,0.0,0.0,0.0,1,2241.5,2347.5,1,2307.0,2217.5,0.0,0.0,0.0,0.0,3
2023-05-09 21:35:48,j2308,j2308,2307.0,0.0,0.0,0.0,1,2241.5,2347.0,1,2307.0,2217.5,0.0,0.0,0.0,0.0,3
2023-05-09 21:35:49,j2308,j2308,2307.0,0.0,0.0,0.0,1,2241.5,2344.5,1,2307.0,2217.5,0.0,0.0,0.0,0.0,3
2023-05-09 21:35:49,j2308,j2308,2307.0,0.0,0.0,0.0,1,2241.5,2344.0,1,2307.0,2217.5,0.0,0.0,0.0,0.0,3
2023-05-09 21:35:50,j2308,j2308,2307.0,0.0,0.0,0.0,1,2241.5,2341.5,1,2307.0,2217.5,0.0,0.0,0.0,0.0,3
2023-05-09 21:35:51,j2308,j2308,2307.0,0.0,0.0,0.0,1,2241.5,2341.0,1,2307.0,2217.5,0.0,0.0,0.0,0.0,3
2023-05-09 21:35:52,j2308,j2308,2307.0,0.0,0.0,0.0,1,2241.5,2338.5,1,2307.0,2217.5,0.0,0.0,0.0,0.0,3
2023-05-09 21:35:52,j2308,j2308,2307.0,0.0,0.0,0.0,1,2241.5,2338.0,1,2307.0,2217.5,0.0,0.0,0.0,0.0,3
2023-05-09 21:35:53,j2308,j2308,2307.0,0.0,0.0,0.0,1,2241.5,2335.5,1,2307.0,2217.5,0.0,0.0,0.0,0.0,3
2023-05-09 21:35:54,j2308,j2308,2307.0,0.0,0.0,0.0,1,2241.5,2335.0,1,2307.0,2217.5,0.0,0.0,0.0,0.0,3
2023-05-09 21:35:55,j2308,j2308,2307.0,0.0,0.0,0.0,1,2241.5,2332.5,1,2307.0,2217.5,0.0,0.0,0.0,0.0,3
2023-05-09 21:35:55,j2308,j2308,2307.0,0.0,0.0,0.0,1,2241.5,2332.0,1,2307.0,2217.5,0.0,0.0,0.0,0.0,3
2023-05-09 21:35:56,j2308,j2308,2307.0,0.0,0.0,0.0,1,2241.5,2329.5,1,2307.0,2217.5,0.0,0.0,0.0,0.0,3
2023-05-09 21:35:57,j2308,j2308,2307.0,0.0,0.0,0.0,1,2241.5,2329.0,1,2307.0,2217.5,0.0,0.0,0.0,0.0,3
2023-05-09 21:35:58,j2308,j2308,2307.0,0.0,0.0,0.0,1,2241.5,2326.5,1,2307.0,2217.5,0.0,0.0,0.0,0.0,3
2023-05-09 21:35:59,j2308,j2308,2307.0,0.0,0.0,0.0,1,2241.5,2326.0,1,2307.0,2217.5,0.0,0.0,0.0,0.0,3
2023-05-09 21:36:00,j2308,j2308,2307.0,0.0,0.0,0.0,1,2241.5,2323.5,1,2307.0,2217.5,0.0,0.0,0.0,0.0,3
2023-05-09 21:36:01,j2308,j2308,2307.0,0.0,0.0,0.0,1,2241.5,2323.0,1,2307.0,2217.5,0.0,0.0,0.0,0.0,3
2023-05-09 21:36:02,j2308,j2308,2307.0,0.0,0.0,0.0,1,2241.5,2320.5,1,2307.0,2217.5,0.0,0.0,0.0,0.0,3
2023-05-09 21:36:02,j2308,j2308,2307.0,0.0,0.0,0.0,1,2241.5,2320.0,1,2307.0,2217.5,0.0,0.0,0.0,0.0,3
2023-05-09 21:36:03,j2308,j2308,2307.0,0.0,0.0,0.0,1,2241.5,2317.5,1,2307.0,2217.5,0.0,0.0,0.0,0.0,3
2023-05-09 21:36:04,j2308,j2308,2307.0,0.0,0.0,0.0,1,2241.5,2317.0,1,2307.0,2217.5,0.0,0.0,0.0,0.0,3
2023-05-09 21:36:05,j2308,j2308,2307.0,0.0,0.0,0.0,1,2241.5,2314.5,1,2307.0,2217.5,0.0,0.0,0.0,0.0,3
2023-05-09 21:36:06,j2308,j2308,2307.0,0.0,0.0,0.0,1,2241.5,2314.0,1,2307.0,2217.5,0.0,0.0,0.0,0.0,3
2023-05-09 21:36:06,j2308,j2308,2307.0,0.0,0.0,0.0,1,2241.5,2311.5,1,2307.0,2217.5,0.0,0.0,0.0,0.0,3
2023-05-09 21:36:07,j2308,j2308,2307.0,0.0,0.0,0.0,1,2241.5,2311.0,1,2307.0,2217.5,0.0,0.0,0.0,0.0,3
2023-05-09 21:36:08,j2308,j2308,2307.0,0.0,0.0,0.0,1,2241.5,2308.5,1,2307.0,2217.5,0.0,0.0,0.0,0.0,3
2023-05-09 21:36:11,j2308,j2308,2307.0,0.0,0.0,0.0,1,2241.5,2308.0,1,2307.0,2217.5,0.0,0.0,0.0,0.0,3
2023-05-09 21:36:11,j2308,j2308,2307.0,0.0,0.0,0.0,1,2241.5,2305.5,1,2307.0,2217.5,0.0,0.0,0.0,0.0,3
2023-05-09 21:36:31,j2308,j2308,2307.0,0.0,0.0,0.0,1,2241.5,2305.0,2,2307.0,2217.5,0.0,0.0,0.0,0.0,3
2023-05-09 21:36:31,j2308,j2308,2307.0,0.0,0.0,0.0,1,2241.5,2302.5,1,2307.0,2217.5,0.0,0.0,0.0,0.0,3
2023-05-09 21:37:14,j2308,j2308,2307.0,0.0,0.0,0.0,1,2241.5,2302.0,2,2307.0,2217.5,0.0,0.0,0.0,0.0,3
2023-05-09 21:37:14,j2308,j2308,2307.0,0.0,0.0,0.0,1,2241.5,2299.5,1,2307.0,2217.5,0.0,0.0,0.0,0.0,3
2023-05-09 21:37:57,j2308,j2308,2307.0,0.0,0.0,0.0,1,2241.5,2299.0,2,2307.0,2217.5,0.0,0.0,0.0,0.0,3
2023-05-09 21:37:58,j2308,j2308,2307.0,0.0,0.0,0.0,1,2241.5,2296.5,1,2307.0,2217.5,0.0,0.0,0.0,0.0,3
2023-05-09 21:38:40,j2308,j2308,2307.0,0.0,0.0,0.0,1,2241.5,2296.0,2,2307.0,2217.5,0.0,0.0,0.0,0.0,3
2023-05-09 21:38:40,j2308,j2308,2307.0,0.0,0.0,0.0,1,2241.5,2293.5,1,2307.0,2217.5,0.0,0.0,0.0,0.0,3
2023-05-09 21:39:23,j2308,j2308,2307.0,0.0,0.0,0.0,1,2241.5,2293.0,2,2307.0,2217.5,0.0,0.0,0.0,0.0,3
2023-05-09 21:39:24,j2308,j2308,2307.0,0.0,0.0,0.0,1,2241.5,2290.5,1,2307.0,2217.5,0.0,0.0,0.0,0.0,3
2023-05-09 21:40:07,j2308,j2308,2307.0,0.0,0.0,0.0,1,2241.5,2290.0,2,2307.0,2217.5,0.0,0.0,0.0,0.0,3
2023-05-09 21:40:08,j2308,j2308,2307.0,0.0,0.0,0.0,1,2241.5,2287.5,1,2307.0,2217.5,0.0,0.0,0.0,0.0,3
2023-05-09 21:40:49,j2308,j2308,2307.0,0.0,0.0,0.0,1,2241.5,2287.0,2,2307.0,2217.5,0.0,0.0,0.0,0.0,3
2023-05-09 21:40:50,j2308,j2308,2307.0,0.0,0.0,0.0,1,2241.5,2284.5,1,2307.0,2217.5,0.0,0.0,0.0,0.0,3
2023-05-09 21:41:32,j2308,j2308,2307.0,0.0,0.0,0.0,1,2241.5,2284.0,2,2307.0,2217.5,0.0,0.0,0.0,0.0,3
2023-05-09 21:41:32,j2308,j2308,2307.0,0.0,0.0,0.0,1,2241.5,2281.5,1,2307.0,2217.5,0.0,0.0,0.0,0.0,3
2023-05-09 21:42:14,j2308,j2308,2307.0,0.0,0.0,0.0,1,2241.5,2281.0,2,2307.0,2217.5,0.0,0.0,0.0,0.0,3
2023-05-09 21:42:14,j2308,j2308,2307.0,0.0,0.0,0.0,1,2241.5,2278.5,1,2307.0,2217.5,0.0,0.0,0.0,0.0,3
2023-05-09 21:42:56,j2308,j2308,2307.0,0.0,0.0,0.0,1,2241.5,2278.0,2,2307.0,2217.5,0.0,0.0,0.0,0.0,3
2023-05-09 21:42:57,j2308,j2308,2307.0,0.0,0.0,0.0,1,2241.5,2275.5,1,2307.0,2217.5,0.0,0.0,0.0,0.0,3
2023-05-09 21:43:39,j2308,j2308,2307.0,0.0,0.0,0.0,1,2241.5,2275.0,2,2307.0,2217.5,0.0,0.0,0.0,0.0,3
2023-05-09 21:43:49,j2308,j2308,2307.0,0.0,0.0,0.0,1,2241.5,2272.5,1,2307.0,2217.5,0.0,0.0,0.0,0.0,3
2023-05-09 21:43:52,j2308,j2308,2307.0,0.0,0.0,0.0,1,2241.5,2275.0,2,2307.0,2217.5,0.0,0.0,0.0,0.0,3
2023-05-09 21:45:18,j2308,j2308,2307.0,0.0,0.0,0.0,1,2241.5,2272.5,1,2307.0,2217.5,0.0,0.0,0.0,0.0,3
2023-05-09 21:45:38,j2308,j2308,2307.0,0.0,0.0,0.0,1,2241.5,2275.0,2,2307.0,2217.5,0.0,0.0,0.0,0.0,3
2023-05-09 21:48:39,j2308,j2308,2307.0,0.0,0.0,0.0,1,2241.5,2359.5,1,2307.0,2217.5,0.0,0.0,0.0,0.0,3
2023-05-09 21:48:39,j2308,j2308,2307.0,0.0,0.0,0.0,1,2241.5,2359.0,3,2307.0,2217.5,0.0,0.0,0.0,0.0,3
2023-05-09 21:48:40,j2308,j2308,2307.0,0.0,0.0,0.0,1,2241.5,2356.5,1,2307.0,2217.5,0.0,0.0,0.0,0.0,3
2023-05-09 21:48:41,j2308,j2308,2307.0,0.0,0.0,0.0,1,2241.5,2356.0,3,2307.0,2217.5,0.0,0.0,0.0,0.0,3
2023-05-09 21:48:42,j2308,j2308,2307.0,0.0,0.0,0.0,1,2241.5,2353.5,1,2307.0,2217.5,0.0,0.0,0.0,0.0,3
2023-05-09 21:48:43,j2308,j2308,2307.0,0.0,0.0,0.0,1,2241.5,2353.0,3,2307.0,2217.5,0.0,0.0,0.0,0.0,3
2023-05-09 21:48:44,j2308,j2308,2307.0,0.0,0.0,0.0,1,2241.5,2350.5,1,2307.0,2217.5,0.0,0.0,0.0,0.0,3
2023-05-09 21:48:47,j2308,j2308,2307.0,0.0,0.0,0.0,1,2241.5,2350.0,1,2307.0,2217.5,0.0,0.0,0.0,0.0,3
2023-05-09 21:48:48,j2308,j2308,2307.0,0.0,0.0,0.0,1,2241.5,2347.5,1,2307.0,2217.5,0.0,0.0,0.0,0.0,3
2023-05-09 21:48:49,j2308,j2308,2307.0,0.0,0.0,0.0,1,2241.5,2347.0,1,2307.0,2217.5,0.0,0.0,0.0,0.0,3
2023-05-09 21:48:49,j2308,j2308,2307.0,0.0,0.0,0.0,1,2241.5,2344.5,1,2307.0,2217.5,0.0,0.0,0.0,0.0,3
2023-05-09 21:48:51,j2308,j2308,2307.0,0.0,0.0,0.0,1,2241.5,2344.0,1,2307.0,2217.5,0.0,0.0,0.0,0.0,3
2023-05-09 21:48:51,j2308,j2308,2307.0,0.0,0.0,0.0,1,2241.5,2341.5,1,2307.0,2217.5,0.0,0.0,0.0,0.0,3
2023-05-09 21:48:52,j2308,j2308,2307.0,0.0,0.0,0.0,1,2241.5,2341.0,1,2307.0,2217.5,0.0,0.0,0.0,0.0,3
2023-05-09 21:48:53,j2308,j2308,2307.0,0.0,0.0,0.0,1,2241.5,2338.5,1,2307.0,2217.5,0.0,0.0,0.0,0.0,3
2023-05-09 21:48:55,j2308,j2308,2307.0,0.0,0.0,0.0,1,2241.5,2338.0,1,2307.0,2217.5,0.0,0.0,0.0,0.0,3
2023-05-09 21:48:56,j2308,j2308,2307.0,0.0,0.0,0.0,1,2241.5,2335.5,1,2307.0,2217.5,0.0,0.0,0.0,0.0,3
2023-05-09 21:48:57,j2308,j2308,2307.0,0.0,0.0,0.0,1,2241.5,2335.0,1,2307.0,2217.5,0.0,0.0,0.0,0.0,3
2023-05-09 21:48:57,j2308,j2308,2307.0,0.0,0.0,0.0,1,2241.5,2332.5,1,2307.0,2217.5,0.0,0.0,0.0,0.0,3
2023-05-09 21:48:58,j2308,j2308,2307.0,0.0,0.0,0.0,1,2241.5,2332.0,1,2307.0,2217.5,0.0,0.0,0.0,0.0,3
2023-05-09 21:48:59,j2308,j2308,2307.0,0.0,0.0,0.0,1,2241.5,2329.5,1,2307.0,2217.5,0.0,0.0,0.0,0.0,3
2023-05-09 21:49:00,j2308,j2308,2307.0,0.0,0.0,0.0,1,2241.5,2329.0,1,2307.0,2217.5,0.0,0.0,0.0,0.0,3
2023-05-09 21:49:00,j2308,j2308,2307.0,0.0,0.0,0.0,1,2241.5,2326.5,1,2307.0,2217.5,0.0,0.0,0.0,0.0,3
2023-05-09 21:49:02,j2308,j2308,2307.0,0.0,0.0,0.0,1,2241.5,2326.0,1,2307.0,2217.5,0.0,0.0,0.0,0.0,3
2023-05-09 21:49:02,j2308,j2308,2307.0,0.0,0.0,0.0,1,2241.5,2323.5,1,2307.0,2217.5,0.0,0.0,0.0,0.0,3
2023-05-09 21:49:03,j2308,j2308,2307.0,0.0,0.0,0.0,1,2241.5,2323.0,1,2307.0,2217.5,0.0,0.0,0.0,0.0,3
2023-05-09 21:49:04,j2308,j2308,2307.0,0.0,0.0,0.0,1,2241.5,2320.5,1,2307.0,2217.5,0.0,0.0,0.0,0.0,3
2023-05-09 21:49:05,j2308,j2308,2307.0,0.0,0.0,0.0,1,2241.5,2320.0,1,2307.0,2217.5,0.0,0.0,0.0,0.0,3
2023-05-09 21:49:06,j2308,j2308,2307.0,0.0,0.0,0.0,1,2241.5,2317.5,1,2307.0,2217.5,0.0,0.0,0.0,0.0,3
2023-05-09 21:49:07,j2308,j2308,2307.0,0.0,0.0,0.0,1,2241.5,2317.0,1,2307.0,2217.5,0.0,0.0,0.0,0.0,3
2023-05-09 21:49:07,j2308,j2308,2307.0,0.0,0.0,0.0,1,2241.5,2314.5,1,2307.0,2217.5,0.0,0.0,0.0,0.0,3
2023-05-09 21:49:09,j2308,j2308,2307.0,0.0,0.0,0.0,1,2241.5,2314.0,1,2307.0,2217.5,0.0,0.0,0.0,0.0,3
2023-05-09 21:49:09,j2308,j2308,2307.0,0.0,0.0,0.0,1,2241.5,2311.5,1,2307.0,2217.5,0.0,0.0,0.0,0.0,3
2023-05-09 21:49:20,j2308,j2308,2307.0,0.0,0.0,0.0,1,2241.5,2311.0,2,2307.0,2217.5,0.0,0.0,0.0,0.0,3
2023-05-09 21:49:20,j2308,j2308,2307.0,0.0,0.0,0.0,1,2241.5,2308.5,1,2307.0,2217.5,0.0,0.0,0.0,0.0,3
2023-05-09 21:50:01,j2308,j2308,2307.0,0.0,0.0,0.0,1,2241.5,2308.0,2,2307.0,2217.5,0.0,0.0,0.0,0.0,3
2023-05-09 21:50:02,j2308,j2308,2307.0,0.0,0.0,0.0,1,2241.5,2305.5,1,2307.0,2217.5,0.0,0.0,0.0,0.0,3
2023-05-09 21:50:45,j2308,j2308,2307.0,0.0,0.0,0.0,1,2241.5,2305.0,2,2307.0,2217.5,0.0,0.0,0.0,0.0,3
2023-05-09 21:50:45,j2308,j2308,2307.0,0.0,0.0,0.0,1,2241.5,2302.5,1,2307.0,2217.5,0.0,0.0,0.0,0.0,3
2023-05-09 21:50:45,j2308,j2308,2307.0,0.0,0.0,0.0,1,2244.0,2302.5,1,2307.0,2217.5,0.0,0.0,0.0,0.0,3
2023-05-09 21:50:46,j2308,j2308,2307.0,0.0,0.0,0.0,1,2252.5,2302.5,1,2307.0,2217.5,0.0,0.0,0.0,0.0,3
2023-05-09 21:51:28,j2308,j2308,2307.0,0.0,0.0,0.0,1,2252.5,2302.0,2,2307.0,2217.5,0.0,0.0,0.0,0.0,3
2023-05-09 21:51:28,j2308,j2308,2307.0,0.0,0.0,0.0,1,2252.5,2299.5,1,2307.0,2217.5,0.0,0.0,0.0,0.0,3
2023-05-09 21:52:11,j2308,j2308,2307.0,0.0,0.0,0.0,1,2252.5,2299.0,2,2307.0,2217.5,0.0,0.0,0.0,0.0,3
2023-05-09 21:52:11,j2308,j2308,2307.0,0.0,0.0,0.0,1,2252.5,2296.5,1,2307.0,2217.5,0.0,0.0,0.0,0.0,3
2023-05-09 21:52:53,j2308,j2308,2307.0,0.0,0.0,0.0,1,2252.5,2296.0,2,2307.0,2217.5,0.0,0.0,0.0,0.0,3
2023-05-09 21:52:54,j2308,j2308,2307.0,0.0,0.0,0.0,1,2252.5,2293.5,1,2307.0,2217.5,0.0,0.0,0.0,0.0,3
2023-05-09 21:53:36,j2308,j2308,2307.0,0.0,0.0,0.0,1,2252.5,2293.0,2,2307.0,2217.5,0.0,0.0,0.0,0.0,3
2023-05-09 21:53:37,j2308,j2308,2307.0,0.0,0.0,0.0,1,2252.5,2290.5,1,2307.0,2217.5,0.0,0.0,0.0,0.0,3
2023-05-09 21:54:10,j2308,j2308,2307.0,0.0,0.0,0.0,1,2252.5,2293.0,2,2307.0,2217.5,0.0,0.0,0.0,0.0,3
2023-05-09 21:54:12,j2308,j2308,2307.0,0.0,0.0,0.0,1,2252.5,2290.5,1,2307.0,2217.5,0.0,0.0,0.0,0.0,3
2023-05-09 21:54:12,j2308,j2308,2307.0,0.0,0.0,0.0,1,2252.5,2293.0,2,2307.0,2217.5,0.0,0.0,0.0,0.0,3
2023-05-09 21:54:26,j2308,j2308,2307.0,0.0,0.0,0.0,1,2252.5,2290.5,1,2307.0,2217.5,0.0,0.0,0.0,0.0,3
2023-05-09 21:54:53,j2308,j2308,2307.0,0.0,0.0,0.0,1,2252.5,2293.0,2,2307.0,2217.5,0.0,0.0,0.0,0.0,3
2023-05-09 21:55:12,j2308,j2308,2307.0,0.0,0.0,0.0,1,2252.5,2290.5,1,2307.0,2217.5,0.0,0.0,0.0,0.0,3
2023-05-09 21:55:13,j2308,j2308,2307.0,0.0,0.0,0.0,1,2252.5,2293.0,2,2307.0,2217.5,0.0,0.0,0.0,0.0,3
2023-05-09 21:55:15,j2308,j2308,2307.0,0.0,0.0,0.0,1,2252.5,2290.5,1,2307.0,2217.5,0.0,0.0,0.0,0.0,3
2023-05-09 21:55:36,j2308,j2308,2307.0,0.0,0.0,0.0,1,2252.5,2293.0,2,2307.0,2217.5,0.0,0.0,0.0,0.0,3
2023-05-09 21:55:45,j2308,j2308,2307.0,0.0,0.0,0.0,1,2252.5,2290.5,1,2307.0,2217.5,0.0,0.0,0.0,0.0,3
2023-05-09 21:56:29,j2308,j2308,2307.0,0.0,0.0,0.0,1,2252.5,2290.0,2,2307.0,2217.5,0.0,0.0,0.0,0.0,3
2023-05-09 21:56:29,j2308,j2308,2307.0,0.0,0.0,0.0,1,2252.5,2287.5,1,2307.0,2217.5,0.0,0.0,0.0,0.0,3
2023-05-09 21:56:40,j2308,j2308,2307.0,0.0,0.0,0.0,1,2252.5,2290.0,2,2307.0,2217.5,0.0,0.0,0.0,0.0,3
2023-05-09 21:56:45,j2308,j2308,2307.0,0.0,0.0,0.0,1,2252.5,2287.5,1,2307.0,2217.5,0.0,0.0,0.0,0.0,3
2023-05-09 21:57:16,j2308,j2308,2307.0,0.0,0.0,0.0,1,2252.5,2290.0,2,2307.0,2217.5,0.0,0.0,0.0,0.0,3
2023-05-09 21:59:23,j2308,j2308,2307.0,0.0,0.0,0.0,1,2252.5,2287.5,1,2307.0,2217.5,0.0,0.0,0.0,0.0,3
2023-05-09 21:59:26,j2308,j2308,2307.0,0.0,0.0,0.0,1,2252.5,2290.0,2,2307.0,2217.5,0.0,0.0,0.0,0.0,3
2023-05-09 22:00:18,j2308,j2308,2307.0,0.0,0.0,0.0,1,2252.5,2287.5,1,2307.0,2217.5,0.0,0.0,0.0,0.0,3
2023-05-09 22:00:30,j2308,j2308,2307.0,0.0,0.0,0.0,1,2252.5,2290.0,2,2307.0,2217.5,0.0,0.0,0.0,0.0,3
2023-05-09 22:00:36,j2308,j2308,2307.0,0.0,0.0,0.0,1,2252.5,2287.5,1,2307.0,2217.5,0.0,0.0,0.0,0.0,3
2023-05-09 22:01:27,j2308,j2308,2307.0,0.0,0.0,0.0,1,2252.5,2287.0,2,2307.0,2217.5,0.0,0.0,0.0,0.0,3
2023-05-09 22:01:27,j2308,j2308,2307.0,0.0,0.0,0.0,1,2252.5,2284.5,1,2307.0,2217.5,0.0,0.0,0.0,0.0,3
2023-05-09 22:01:32,j2308,j2308,2307.0,0.0,0.0,0.0,1,2252.5,2287.0,2,2307.0,2217.5,0.0,0.0,0.0,0.0,3
2023-05-09 22:01:34,j2308,j2308,2307.0,0.0,0.0,0.0,1,2252.5,2284.5,1,2307.0,2217.5,0.0,0.0,0.0,0.0,3
2023-05-09 22:01:39,j2308,j2308,2307.0,0.0,0.0,0.0,1,2252.5,2287.0,2,2307.0,2217.5,0.0,0.0,0.0,0.0,3
2023-05-09 22:02:03,j2308,j2308,2307.0,0.0,0.0,0.0,1,2252.5,2284.5,1,2307.0,2217.5,0.0,0.0,0.0,0.0,3
2023-05-09 22:02:53,j2308,j2308,2307.0,0.0,0.0,0.0,1,2252.5,2284.0,2,2307.0,2217.5,0.0,0.0,0.0,0.0,3
2023-05-09 22:03:29,j2308,j2308,2307.0,0.0,0.0,0.0,1,2252.5,2281.5,1,2307.0,2217.5,0.0,0.0,0.0,0.0,3
2023-05-09 22:03:29,j2308,j2308,2307.0,0.0,0.0,0.0,1,2252.5,2284.0,2,2307.0,2217.5,0.0,0.0,0.0,0.0,3
2023-05-09 22:03:32,j2308,j2308,2307.0,0.0,0.0,0.0,1,2252.5,2281.5,1,2307.0,2217.5,0.0,0.0,0.0,0.0,3
2023-05-09 22:04:19,j2308,j2308,2307.0,0.0,0.0,0.0,1,2252.5,2281.0,2,2307.0,2217.5,0.0,0.0,0.0,0.0,3
2023-05-09 22:09:19,j2308,j2308,2307.0,0.0,0.0,0.0,1,2252.5,2359.5,1,2307.0,2217.5,0.0,0.0,0.0,0.0,3
2023-05-09 22:09:20,j2308,j2308,2307.0,0.0,0.0,0.0,1,2252.5,2359.0,3,2307.0,2217.5,0.0,0.0,0.0,0.0,3
2023-05-09 22:09:20,j2308,j2308,2307.0,0.0,0.0,0.0,1,2252.5,2356.5,1,2307.0,2217.5,0.0,0.0,0.0,0.0,3
2023-05-09 22:09:21,j2308,j2308,2307.0,0.0,0.0,0.0,1,2252.5,2356.0,1,2307.0,2217.5,0.0,0.0,0.0,0.0,3
2023-05-09 22:09:22,j2308,j2308,2307.0,0.0,0.0,0.0,1,2252.5,2353.5,1,2307.0,2217.5,0.0,0.0,0.0,0.0,3
2023-05-09 22:09:23,j2308,j2308,2307.0,0.0,0.0,0.0,1,2252.5,2353.0,1,2307.0,2217.5,0.0,0.0,0.0,0.0,3
2023-05-09 22:09:24,j2308,j2308,2307.0,0.0,0.0,0.0,1,2252.5,2350.5,1,2307.0,2217.5,0.0,0.0,0.0,0.0,3
2023-05-09 22:09:25,j2308,j2308,2307.0,0.0,0.0,0.0,1,2252.5,2350.0,1,2307.0,2217.5,0.0,0.0,0.0,0.0,3
2023-05-09 22:09:25,j2308,j2308,2307.0,0.0,0.0,0.0,1,2252.5,2347.5,1,2307.0,2217.5,0.0,0.0,0.0,0.0,3
2023-05-09 22:09:27,j2308,j2308,2307.0,0.0,0.0,0.0,1,2252.5,2347.0,1,2307.0,2217.5,0.0,0.0,0.0,0.0,3
2023-05-09 22:09:27,j2308,j2308,2307.0,0.0,0.0,0.0,1,2252.5,2344.5,1,2307.0,2217.5,0.0,0.0,0.0,0.0,3
2023-05-09 22:09:29,j2308,j2308,2307.0,0.0,0.0,0.0,1,2252.5,2344.0,1,2307.0,2217.5,0.0,0.0,0.0,0.0,3
2023-05-09 22:09:29,j2308,j2308,2307.0,0.0,0.0,0.0,1,2252.5,2341.5,1,2307.0,2217.5,0.0,0.0,0.0,0.0,3
2023-05-09 22:09:32,j2308,j2308,2307.0,0.0,0.0,0.0,1,2252.5,2341.0,1,2307.0,2217.5,0.0,0.0,0.0,0.0,3
2023-05-09 22:09:33,j2308,j2308,2307.0,0.0,0.0,0.0,1,2252.5,2338.5,1,2307.0,2217.5,0.0,0.0,0.0,0.0,3
2023-05-09 22:09:34,j2308,j2308,2307.0,0.0,0.0,0.0,1,2252.5,2338.0,1,2307.0,2217.5,0.0,0.0,0.0,0.0,3
2023-05-09 22:09:35,j2308,j2308,2307.0,0.0,0.0,0.0,1,2252.5,2335.5,1,2307.0,2217.5,0.0,0.0,0.0,0.0,3
2023-05-09 22:09:38,j2308,j2308,2307.0,0.0,0.0,0.0,1,2252.5,2335.0,1,2307.0,2217.5,0.0,0.0,0.0,0.0,3
2023-05-09 22:09:38,j2308,j2308,2307.0,0.0,0.0,0.0,1,2252.5,2332.5,1,2307.0,2217.5,0.0,0.0,0.0,0.0,3
2023-05-09 22:09:39,j2308,j2308,2307.0,0.0,0.0,0.0,1,2252.5,2332.0,1,2307.0,2217.5,0.0,0.0,0.0,0.0,3
2023-05-09 22:09:40,j2308,j2308,2307.0,0.0,0.0,0.0,1,2252.5,2329.5,1,2307.0,2217.5,0.0,0.0,0.0,0.0,3
2023-05-09 22:09:42,j2308,j2308,2307.0,0.0,0.0,0.0,1,2252.5,2329.0,1,2307.0,2217.5,0.0,0.0,0.0,0.0,3
2023-05-09 22:09:42,j2308,j2308,2307.0,0.0,0.0,0.0,1,2252.5,2326.5,1,2307.0,2217.5,0.0,0.0,0.0,0.0,3
2023-05-09 22:09:44,j2308,j2308,2307.0,0.0,0.0,0.0,1,2252.5,2326.0,1,2307.0,2217.5,0.0,0.0,0.0,0.0,3
2023-05-09 22:09:44,j2308,j2308,2307.0,0.0,0.0,0.0,1,2252.5,2323.5,1,2307.0,2217.5,0.0,0.0,0.0,0.0,3
2023-05-09 22:09:46,j2308,j2308,2307.0,0.0,0.0,0.0,1,2252.5,2323.0,1,2307.0,2217.5,0.0,0.0,0.0,0.0,3
2023-05-09 22:09:47,j2308,j2308,2307.0,0.0,0.0,0.0,1,2252.5,2320.5,1,2307.0,2217.5,0.0,0.0,0.0,0.0,3
2023-05-09 22:09:48,j2308,j2308,2307.0,0.0,0.0,0.0,1,2252.5,2320.0,1,2307.0,2217.5,0.0,0.0,0.0,0.0,3
2023-05-09 22:09:49,j2308,j2308,2307.0,0.0,0.0,0.0,1,2252.5,2317.5,1,2307.0,2217.5,0.0,0.0,0.0,0.0,3
2023-05-09 22:09:52,j2308,j2308,2307.0,0.0,0.0,0.0,1,2252.5,2317.0,1,2307.0,2217.5,0.0,0.0,0.0,0.0,3
2023-05-09 22:09:52,j2308,j2308,2307.0,0.0,0.0,0.0,1,2252.5,2314.5,1,2307.0,2217.5,0.0,0.0,0.0,0.0,3
2023-05-09 22:09:58,j2308,j2308,2307.0,0.0,0.0,0.0,1,2252.5,2314.0,2,2307.0,2217.5,0.0,0.0,0.0,0.0,3
2023-05-09 22:09:59,j2308,j2308,2307.0,0.0,0.0,0.0,1,2252.5,2311.5,1,2307.0,2217.5,0.0,0.0,0.0,0.0,3
2023-05-09 22:10:42,j2308,j2308,2307.0,0.0,0.0,0.0,1,2252.5,2311.0,2,2307.0,2217.5,0.0,0.0,0.0,0.0,3
2023-05-09 22:10:42,j2308,j2308,2307.0,0.0,0.0,0.0,1,2252.5,2308.5,1,2307.0,2217.5,0.0,0.0,0.0,0.0,3
2023-05-09 22:11:24,j2308,j2308,2307.0,0.0,0.0,0.0,1,2252.5,2308.0,2,2307.0,2217.5,0.0,0.0,0.0,0.0,3
2023-05-09 22:11:25,j2308,j2308,2307.0,0.0,0.0,0.0,1,2252.5,2305.5,1,2307.0,2217.5,0.0,0.0,0.0,0.0,3
2023-05-09 22:12:07,j2308,j2308,2307.0,0.0,0.0,0.0,1,2252.5,2305.0,2,2307.0,2217.5,0.0,0.0,0.0,0.0,3
2023-05-09 22:12:07,j2308,j2308,2307.0,0.0,0.0,0.0,1,2252.5,2302.5,1,2307.0,2217.5,0.0,0.0,0.0,0.0,3
2023-05-09 22:12:49,j2308,j2308,2307.0,0.0,0.0,0.0,1,2252.5,2302.0,2,2307.0,2217.5,0.0,0.0,0.0,0.0,3
2023-05-09 22:12:49,j2308,j2308,2307.0,0.0,0.0,0.0,1,2252.5,2299.5,1,2307.0,2217.5,0.0,0.0,0.0,0.0,3
2023-05-09 22:13:08,j2308,j2308,2307.0,0.0,0.0,0.0,1,2252.5,2296.5,1,2307.0,2217.5,0.0,0.0,0.0,0.0,3
2023-05-09 22:13:08,j2308,j2308,2307.0,0.0,0.0,0.0,1,2252.5,2294.0,1,2307.0,2217.5,0.0,0.0,0.0,0.0,3
2023-05-09 22:13:09,j2308,j2308,2307.0,0.0,0.0,0.0,1,2252.5,2292.0,1,2307.0,2217.5,0.0,0.0,0.0,0.0,3
2023-05-09 22:13:09,j2308,j2308,2307.0,0.0,0.0,0.0,1,2252.5,2289.5,1,2307.0,2217.5,0.0,0.0,0.0,0.0,3
2023-05-09 22:13:10,j2308,j2308,2307.0,0.0,0.0,0.0,1,2252.5,2288.5,1,2307.0,2217.5,0.0,0.0,0.0,0.0,3
2023-05-09 22:13:10,j2308,j2308,2307.0,0.0,0.0,0.0,1,2252.5,2286.0,1,2307.0,2217.5,0.0,0.0,0.0,0.0,3
2023-05-09 22:13:33,j2308,j2308,2307.0,0.0,0.0,0.0,1,2252.5,2285.5,2,2307.0,2217.5,0.0,0.0,0.0,0.0,3
2023-05-09 22:13:33,j2308,j2308,2307.0,0.0,0.0,0.0,1,2252.5,2283.0,1,2307.0,2217.5,0.0,0.0,0.0,0.0,3
2023-05-09 22:14:16,j2308,j2308,2307.0,0.0,0.0,0.0,1,2252.5,2282.5,2,2307.0,2217.5,0.0,0.0,0.0,0.0,3
2023-05-09 22:14:16,j2308,j2308,2307.0,0.0,0.0,0.0,1,2252.5,2280.0,1,2307.0,2217.5,0.0,0.0,0.0,0.0,3
2023-05-09 22:14:48,j2308,j2308,2307.0,0.0,0.0,0.0,1,2252.5,2282.5,2,2307.0,2217.5,0.0,0.0,0.0,0.0,3
2023-05-09 22:14:55,j2308,j2308,2307.0,0.0,0.0,0.0,1,2252.5,2280.0,1,2307.0,2217.5,0.0,0.0,0.0,0.0,3
2023-05-09 22:14:56,j2308,j2308,2307.0,0.0,0.0,0.0,1,2252.5,2282.5,2,2307.0,2217.5,0.0,0.0,0.0,0.0,3
2023-05-09 22:15:06,j2308,j2308,2307.0,0.0,0.0,0.0,1,2252.5,2280.0,1,2307.0,2217.5,0.0,0.0,0.0,0.0,3
2023-05-09 22:15:07,j2308,j2308,2307.0,0.0,0.0,0.0,1,2252.5,2282.5,2,2307.0,2217.5,0.0,0.0,0.0,0.0,3
2023-05-09 22:15:11,j2308,j2308,2307.0,0.0,0.0,0.0,1,2252.5,2280.0,1,2307.0,2217.5,0.0,0.0,0.0,0.0,3
2023-05-09 22:16:14,j2308,j2308,2307.0,0.0,0.0,0.0,1,2252.5,2388.5,1,2307.0,2217.5,0.0,0.0,0.0,0.0,3
2023-05-09 22:16:15,j2308,j2308,2307.0,0.0,0.0,0.0,1,2252.5,2298.0,1,2307.0,2217.5,0.0,0.0,0.0,0.0,3
2023-05-09 22:16:15,j2308,j2308,2307.0,0.0,0.0,0.0,1,2252.5,2295.5,1,2307.0,2217.5,0.0,0.0,0.0,0.0,3
2023-05-09 22:16:16,j2308,j2308,2307.0,0.0,0.0,0.0,1,2252.5,2293.5,1,2307.0,2217.5,0.0,0.0,0.0,0.0,3
2023-05-09 22:16:16,j2308,j2308,2307.0,0.0,0.0,0.0,1,2252.5,2291.0,1,2307.0,2217.5,0.0,0.0,0.0,0.0,3
2023-05-09 22:16:17,j2308,j2308,2307.0,0.0,0.0,0.0,1,2252.5,2290.0,1,2307.0,2217.5,0.0,0.0,0.0,0.0,3
2023-05-09 22:16:17,j2308,j2308,2307.0,0.0,0.0,0.0,1,2252.5,2287.5,1,2307.0,2217.5,0.0,0.0,0.0,0.0,3
2023-05-09 22:16:20,j2308,j2308,2307.0,0.0,0.0,0.0,1,2252.5,2287.0,1,2307.0,2217.5,0.0,0.0,0.0,0.0,3
2023-05-09 22:16:21,j2308,j2308,2307.0,0.0,0.0,0.0,1,2252.5,2284.5,1,2307.0,2217.5,0.0,0.0,0.0,0.0,3
2023-05-09 22:16:22,j2308,j2308,2307.0,0.0,0.0,0.0,1,2252.5,2284.0,2,2307.0,2217.5,0.0,0.0,0.0,0.0,3
2023-05-09 22:16:22,j2308,j2308,2307.0,0.0,0.0,0.0,1,2252.5,2281.5,1,2307.0,2217.5,0.0,0.0,0.0,0.0,3
2023-05-09 22:17:05,j2308,j2308,2307.0,0.0,0.0,0.0,1,2252.5,2281.0,2,2307.0,2217.5,0.0,0.0,0.0,0.0,3
2023-05-09 22:21:23,j2308,j2308,2307.0,0.0,0.0,0.0,1,2252.5,2278.5,1,2307.0,2217.5,0.0,0.0,0.0,0.0,3
2023-05-09 22:21:36,j2308,j2308,2307.0,0.0,0.0,0.0,1,2071.0,2278.5,1,2307.0,2217.5,0.0,0.0,0.0,0.0,3
2023-05-09 22:21:36,j2308,j2308,2307.0,0.0,0.0,0.0,1,2241.0,2278.5,1,2307.0,2217.5,0.0,0.0,0.0,0.0,3
2023-05-09 22:22:03,j2308,j2308,2307.0,0.0,0.0,0.0,1,2241.0,2278.0,2,2307.0,2217.5,0.0,0.0,0.0,0.0,3
2023-05-09 22:22:04,j2308,j2308,2307.0,0.0,0.0,0.0,1,2241.0,2275.5,1,2307.0,2217.5,0.0,0.0,0.0,0.0,3
2023-05-09 22:22:46,j2308,j2308,2307.0,0.0,0.0,0.0,1,2241.0,2275.0,2,2307.0,2217.5,0.0,0.0,0.0,0.0,3
2023-05-09 22:23:20,j2308,j2308,2307.0,0.0,0.0,0.0,1,2241.0,2272.5,1,2307.0,2217.5,0.0,0.0,0.0,0.0,3
2023-05-09 22:23:46,j2308,j2308,2307.0,0.0,0.0,0.0,1,2073.5,2272.5,1,2307.0,2217.5,0.0,0.0,0.0,0.0,3
2023-05-09 22:23:46,j2308,j2308,2307.0,0.0,0.0,0.0,1,2231.0,2272.0,1,2307.0,2217.5,0.0,0.0,0.0,0.0,3
2023-05-09 22:23:47,j2308,j2308,2307.0,0.0,0.0,0.0,1,2231.0,2269.5,1,2307.0,2217.5,0.0,0.0,0.0,0.0,3
2023-05-09 22:24:13,j2308,j2308,2307.0,0.0,0.0,0.0,1,2231.0,2269.0,2,2307.0,2217.5,0.0,0.0,0.0,0.0,3
2023-05-09 22:25:02,j2308,j2308,2307.0,0.0,0.0,0.0,1,2231.0,2266.5,1,2307.0,2217.5,0.0,0.0,0.0,0.0,3
2023-05-09 22:25:05,j2308,j2308,2307.0,0.0,0.0,0.0,1,2231.0,2269.0,2,2307.0,2217.5,0.0,0.0,0.0,0.0,3
2023-05-09 22:25:41,j2308,j2308,2307.0,0.0,0.0,0.0,1,2231.0,2266.5,1,2307.0,2217.5,0.0,0.0,0.0,0.0,3
2023-05-09 22:26:23,j2308,j2308,2307.0,0.0,0.0,0.0,1,2231.0,2266.0,2,2307.0,2217.5,0.0,0.0,0.0,0.0,3
2023-05-09 22:31:23,j2308,j2308,2307.0,0.0,0.0,0.0,1,2231.0,2386.0,1,2307.0,2217.5,0.0,0.0,0.0,0.0,3
2023-05-09 22:31:24,j2308,j2308,2307.0,0.0,0.0,0.0,1,2231.0,2288.0,1,2307.0,2217.5,0.0,0.0,0.0,0.0,3
2023-05-09 22:31:25,j2308,j2308,2307.0,0.0,0.0,0.0,1,2231.0,2285.5,1,2307.0,2217.5,0.0,0.0,0.0,0.0,3
2023-05-09 22:31:25,j2308,j2308,2307.0,0.0,0.0,0.0,1,2231.0,2283.5,1,2307.0,2217.5,0.0,0.0,0.0,0.0,3
2023-05-09 22:31:25,j2308,j2308,2307.0,0.0,0.0,0.0,1,2231.0,2281.0,1,2307.0,2217.5,0.0,0.0,0.0,0.0,3
2023-05-09 22:31:26,j2308,j2308,2307.0,0.0,0.0,0.0,1,2231.0,2280.0,1,2307.0,2217.5,0.0,0.0,0.0,0.0,3
2023-05-09 22:31:26,j2308,j2308,2307.0,0.0,0.0,0.0,1,2231.0,2277.5,1,2307.0,2217.5,0.0,0.0,0.0,0.0,3
2023-05-09 22:31:40,j2308,j2308,2307.0,0.0,0.0,0.0,1,2231.0,2277.0,1,2307.0,2217.5,0.0,0.0,0.0,0.0,3
2023-05-09 22:31:41,j2308,j2308,2307.0,0.0,0.0,0.0,1,2231.0,2274.5,1,2307.0,2217.5,0.0,0.0,0.0,0.0,3
2023-05-09 22:32:03,j2308,j2308,2307.0,0.0,0.0,0.0,1,2231.0,2274.0,2,2307.0,2217.5,0.0,0.0,0.0,0.0,3
2023-05-09 22:32:03,j2308,j2308,2307.0,0.0,0.0,0.0,1,2231.0,2271.5,1,2307.0,2217.5,0.0,0.0,0.0,0.0,3
2023-05-09 22:32:31,j2308,j2308,2307.0,0.0,0.0,0.0,1,2231.0,2271.0,1,2307.0,2217.5,0.0,0.0,0.0,0.0,3
2023-05-09 22:32:32,j2308,j2308,2307.0,0.0,0.0,0.0,1,2231.0,2268.5,1,2307.0,2217.5,0.0,0.0,0.0,0.0,3
2023-05-09 22:32:46,j2308,j2308,2307.0,0.0,0.0,0.0,1,2231.0,2268.0,2,2307.0,2217.5,0.0,0.0,0.0,0.0,3
2023-05-09 22:32:46,j2308,j2308,2307.0,0.0,0.0,0.0,1,2231.0,2265.5,1,2307.0,2217.5,0.0,0.0,0.0,0.0,3
2023-05-09 22:33:27,j2308,j2308,2307.0,0.0,0.0,0.0,1,2231.0,2265.0,2,2307.0,2217.5,0.0,0.0,0.0,0.0,3
2023-05-09 22:33:53,j2308,j2308,2307.0,0.0,0.0,0.0,1,2231.0,2262.5,1,2307.0,2217.5,0.0,0.0,0.0,0.0,3
2023-05-09 22:34:21,j2308,j2308,2307.0,0.0,0.0,0.0,1,2231.0,2265.0,2,2307.0,2217.5,0.0,0.0,0.0,0.0,3
2023-05-09 22:34:41,j2308,j2308,2307.0,0.0,0.0,0.0,1,2231.0,2262.5,1,2307.0,2217.5,0.0,0.0,0.0,0.0,3
2023-05-09 22:34:44,j2308,j2308,2307.0,0.0,0.0,0.0,1,2231.0,2265.0,2,2307.0,2217.5,0.0,0.0,0.0,0.0,3
2023-05-09 22:35:25,j2308,j2308,2307.0,0.0,0.0,0.0,1,2231.0,2262.5,1,2307.0,2217.5,0.0,0.0,0.0,0.0,3
2023-05-09 22:36:10,j2308,j2308,2307.0,0.0,0.0,0.0,1,2231.0,2388.5,1,2307.0,2217.5,0.0,0.0,0.0,0.0,3
2023-05-09 22:36:11,j2308,j2308,2307.0,0.0,0.0,0.0,1,2231.0,2281.0,1,2307.0,2217.5,0.0,0.0,0.0,0.0,3
2023-05-09 22:36:11,j2308,j2308,2307.0,0.0,0.0,0.0,1,2231.0,2278.5,1,2307.0,2217.5,0.0,0.0,0.0,0.0,3
2023-05-09 22:36:12,j2308,j2308,2307.0,0.0,0.0,0.0,1,2231.0,2276.5,1,2307.0,2217.5,0.0,0.0,0.0,0.0,3
2023-05-09 22:36:13,j2308,j2308,2307.0,0.0,0.0,0.0,1,2231.0,2274.0,1,2307.0,2217.5,0.0,0.0,0.0,0.0,3
2023-05-09 22:36:13,j2308,j2308,2307.0,0.0,0.0,0.0,1,2231.0,2273.0,1,2307.0,2217.5,0.0,0.0,0.0,0.0,3
2023-05-09 22:36:13,j2308,j2308,2307.0,0.0,0.0,0.0,1,2231.0,2270.5,1,2307.0,2217.5,0.0,0.0,0.0,0.0,3
2023-05-09 22:36:19,j2308,j2308,2307.0,0.0,0.0,0.0,1,2231.0,2270.0,2,2307.0,2217.5,0.0,0.0,0.0,0.0,3
2023-05-09 22:36:20,j2308,j2308,2307.0,0.0,0.0,0.0,1,2231.0,2267.5,1,2307.0,2217.5,0.0,0.0,0.0,0.0,3
2023-05-09 22:37:02,j2308,j2308,2307.0,0.0,0.0,0.0,1,2231.0,2267.0,2,2307.0,2217.5,0.0,0.0,0.0,0.0,3
2023-05-09 22:38:44,j2308,j2308,2307.0,0.0,0.0,0.0,1,2231.0,2264.5,1,2307.0,2217.5,0.0,0.0,0.0,0.0,3
2023-05-09 22:39:09,j2308,j2308,2307.0,0.0,0.0,0.0,1,2231.0,2267.0,2,2307.0,2217.5,0.0,0.0,0.0,0.0,3
2023-05-09 22:40:15,j2308,j2308,2307.0,0.0,0.0,0.0,1,2231.0,2264.5,1,2307.0,2217.5,0.0,0.0,0.0,0.0,3
2023-05-09 22:40:32,j2308,j2308,2307.0,0.0,0.0,0.0,1,2231.0,2267.0,2,2307.0,2217.5,0.0,0.0,0.0,0.0,3
2023-05-09 22:40:39,j2308,j2308,2307.0,0.0,0.0,0.0,1,2231.0,2264.5,1,2307.0,2217.5,0.0,0.0,0.0,0.0,3
2023-05-09 22:40:40,j2308,j2308,2307.0,0.0,0.0,0.0,1,2231.0,2267.0,2,2307.0,2217.5,0.0,0.0,0.0,0.0,3
2023-05-09 22:40:57,j2308,j2308,2307.0,0.0,0.0,0.0,1,2231.0,2264.5,1,2307.0,2217.5,0.0,0.0,0.0,0.0,3
2023-05-09 22:40:58,j2308,j2308,2307.0,0.0,0.0,0.0,1,2231.0,2267.0,2,2307.0,2217.5,0.0,0.0,0.0,0.0,3
2023-05-09 22:42:01,j2308,j2308,2307.0,0.0,0.0,0.0,1,2231.0,2386.0,1,2307.0,2217.5,0.0,0.0,0.0,0.0,3
2023-05-09 22:42:02,j2308,j2308,2307.0,0.0,0.0,0.0,1,2231.0,2285.0,1,2307.0,2217.5,0.0,0.0,0.0,0.0,3
2023-05-09 22:42:03,j2308,j2308,2307.0,0.0,0.0,0.0,1,2231.0,2282.5,1,2307.0,2217.5,0.0,0.0,0.0,0.0,3
2023-05-09 22:42:03,j2308,j2308,2307.0,0.0,0.0,0.0,1,2231.0,2280.5,1,2307.0,2217.5,0.0,0.0,0.0,0.0,3
2023-05-09 22:42:03,j2308,j2308,2307.0,0.0,0.0,0.0,1,2231.0,2278.0,1,2307.0,2217.5,0.0,0.0,0.0,0.0,3
2023-05-09 22:42:04,j2308,j2308,2307.0,0.0,0.0,0.0,1,2231.0,2277.0,1,2307.0,2217.5,0.0,0.0,0.0,0.0,3
2023-05-09 22:42:04,j2308,j2308,2307.0,0.0,0.0,0.0,1,2231.0,2274.5,1,2307.0,2217.5,0.0,0.0,0.0,0.0,3
2023-05-09 22:42:42,j2308,j2308,2307.0,0.0,0.0,0.0,1,2231.0,2274.0,2,2307.0,2217.5,0.0,0.0,0.0,0.0,3
2023-05-09 22:42:42,j2308,j2308,2307.0,0.0,0.0,0.0,1,2231.0,2271.5,1,2307.0,2217.5,0.0,0.0,0.0,0.0,3
2023-05-09 22:43:25,j2308,j2308,2307.0,0.0,0.0,0.0,1,2231.0,2271.0,2,2307.0,2217.5,0.0,0.0,0.0,0.0,3
2023-05-09 22:43:41,j2308,j2308,2307.0,0.0,0.0,0.0,1,2231.0,2268.5,1,2307.0,2217.5,0.0,0.0,0.0,0.0,3
2023-05-09 22:43:45,j2308,j2308,2307.0,0.0,0.0,0.0,1,2231.0,2271.0,2,2307.0,2217.5,0.0,0.0,0.0,0.0,3
2023-05-09 22:44:01,j2308,j2308,2307.0,0.0,0.0,0.0,1,2231.0,2268.5,1,2307.0,2217.5,0.0,0.0,0.0,0.0,3
2023-05-09 22:44:34,j2308,j2308,2307.0,0.0,0.0,0.0,1,2231.0,2271.0,2,2307.0,2217.5,0.0,0.0,0.0,0.0,3
2023-05-09 22:45:42,j2308,j2308,2307.0,0.0,0.0,0.0,1,2231.0,2268.5,1,2307.0,2217.5,0.0,0.0,0.0,0.0,3
2023-05-09 22:45:47,j2308,j2308,2307.0,0.0,0.0,0.0,1,2231.0,2271.0,2,2307.0,2217.5,0.0,0.0,0.0,0.0,3
2023-05-09 22:45:58,j2308,j2308,2307.0,0.0,0.0,0.0,1,2231.0,2268.5,1,2307.0,2217.5,0.0,0.0,0.0,0.0,3
2023-05-09 22:46:58,j2308,j2308,2307.0,0.0,0.0,0.0,1,2231.0,2268.0,2,2307.0,2217.5,0.0,0.0,0.0,0.0,3
2023-05-09 22:47:12,j2308,j2308,2307.0,0.0,0.0,0.0,1,2231.0,2265.5,1,2307.0,2217.5,0.0,0.0,0.0,0.0,3
2023-05-09 22:47:24,j2308,j2308,2307.0,0.0,0.0,0.0,1,2231.0,2268.0,2,2307.0,2217.5,0.0,0.0,0.0,0.0,3
2023-05-09 22:47:48,j2308,j2308,2307.0,0.0,0.0,0.0,1,2231.0,2265.5,1,2307.0,2217.5,0.0,0.0,0.0,0.0,3
2023-05-09 22:47:53,j2308,j2308,2307.0,0.0,0.0,0.0,1,2231.0,2268.0,2,2307.0,2217.5,0.0,0.0,0.0,0.0,3
2023-05-09 22:47:58,j2308,j2308,2307.0,0.0,0.0,0.0,1,2231.0,2265.5,1,2307.0,2217.5,0.0,0.0,0.0,0.0,3
2023-05-09 22:48:16,j2308,j2308,2307.0,0.0,0.0,0.0,1,2231.0,2268.0,2,2307.0,2217.5,0.0,0.0,0.0,0.0,3
2023-05-09 22:48:44,j2308,j2308,2307.0,0.0,0.0,0.0,1,2231.0,2265.5,1,2307.0,2217.5,0.0,0.0,0.0,0.0,3
2023-05-09 22:49:49,j2308,j2308,2307.0,0.0,0.0,0.0,1,2231.0,2265.0,2,2307.0,2217.5,0.0,0.0,0.0,0.0,3
2023-05-09 22:49:54,j2308,j2308,2307.0,0.0,0.0,0.0,1,2231.0,2262.5,1,2307.0,2217.5,0.0,0.0,0.0,0.0,3
2023-05-09 22:51:10,j2308,j2308,2307.0,0.0,0.0,0.0,1,2231.0,2388.5,1,2307.0,2217.5,0.0,0.0,0.0,0.0,3
2023-05-09 22:51:10,j2308,j2308,2307.0,0.0,0.0,0.0,1,2231.0,2281.5,1,2307.0,2217.5,0.0,0.0,0.0,0.0,3
2023-05-09 22:51:11,j2308,j2308,2307.0,0.0,0.0,0.0,1,2231.0,2279.0,1,2307.0,2217.5,0.0,0.0,0.0,0.0,3
2023-05-09 22:51:12,j2308,j2308,2307.0,0.0,0.0,0.0,1,2231.0,2277.0,1,2307.0,2217.5,0.0,0.0,0.0,0.0,3
2023-05-09 22:51:12,j2308,j2308,2307.0,0.0,0.0,0.0,1,2231.0,2274.5,1,2307.0,2217.5,0.0,0.0,0.0,0.0,3
2023-05-09 22:51:13,j2308,j2308,2307.0,0.0,0.0,0.0,1,2231.0,2273.5,1,2307.0,2217.5,0.0,0.0,0.0,0.0,3
2023-05-09 22:51:13,j2308,j2308,2307.0,0.0,0.0,0.0,1,2231.0,2271.0,1,2307.0,2217.5,0.0,0.0,0.0,0.0,3
2023-05-09 22:51:17,j2308,j2308,2307.0,0.0,0.0,0.0,1,2231.0,2270.5,1,2307.0,2217.5,0.0,0.0,0.0,0.0,3
2023-05-09 22:51:18,j2308,j2308,2307.0,0.0,0.0,0.0,1,2231.0,2268.0,1,2307.0,2217.5,0.0,0.0,0.0,0.0,3
2023-05-09 22:51:57,j2308,j2308,2307.0,0.0,0.0,0.0,1,2231.0,2267.5,2,2307.0,2217.5,0.0,0.0,0.0,0.0,3
2023-05-09 22:51:57,j2308,j2308,2307.0,0.0,0.0,0.0,1,2231.0,2265.0,1,2307.0,2217.5,0.0,0.0,0.0,0.0,3
2023-05-09 22:52:39,j2308,j2308,2307.0,0.0,0.0,0.0,1,2231.0,2264.5,2,2307.0,2217.5,0.0,0.0,0.0,0.0,3
2023-05-09 22:57:39,j2308,j2308,2307.0,0.0,0.0,0.0,1,2231.0,2386.0,1,2307.0,2217.5,0.0,0.0,0.0,0.0,3
2023-05-09 22:57:39,j2308,j2308,2307.0,0.0,0.0,0.0,1,2231.0,2283.5,1,2307.0,2217.5,0.0,0.0,0.0,0.0,3
2023-05-09 22:57:40,j2308,j2308,2307.0,0.0,0.0,0.0,1,2231.0,2281.0,1,2307.0,2217.5,0.0,0.0,0.0,0.0,3
2023-05-09 22:57:41,j2308,j2308,2307.0,0.0,0.0,0.0,1,2231.0,2279.0,1,2307.0,2217.5,0.0,0.0,0.0,0.0,3
2023-05-09 22:57:41,j2308,j2308,2307.0,0.0,0.0,0.0,1,2231.0,2276.5,1,2307.0,2217.5,0.0,0.0,0.0,0.0,3
2023-05-09 22:57:42,j2308,j2308,2307.0,0.0,0.0,0.0,1,2231.0,2275.5,1,2307.0,2217.5,0.0,0.0,0.0,0.0,3
2023-05-09 22:57:42,j2308,j2308,2307.0,0.0,0.0,0.0,1,2231.0,2273.0,1,2307.0,2217.5,0.0,0.0,0.0,0.0,3
2023-05-09 22:58:19,j2308,j2308,2307.0,0.0,0.0,0.0,1,2231.0,2272.5,2,2307.0,2217.5,0.0,0.0,0.0,0.0,3
2023-05-09 22:58:20,j2308,j2308,2307.0,0.0,0.0,0.0,1,2231.0,2270.0,1,2307.0,2217.5,0.0,0.0,0.0,0.0,3
2023-05-09 22:58:58,j2308,j2308,2307.0,0.0,0.0,0.0,1,2052.0,2270.0,1,2307.0,2217.5,0.0,0.0,0.0,0.0,3
2023-05-09 22:58:58,j2308,j2308,2307.0,0.0,0.0,0.0,1,2103.0,2270.0,1,2307.0,2217.5,0.0,0.0,0.0,0.0,3
2023-05-09 22:58:59,j2308,j2308,2307.0,0.0,0.0,0.0,1,2105.5,2270.0,1,2307.0,2217.5,0.0,0.0,0.0,0.0,3
2023-05-09 22:59:00,j2308,j2308,2307.0,0.0,0.0,0.0,1,2107.5,2270.0,1,2307.0,2217.5,0.0,0.0,0.0,0.0,3
2023-05-09 22:59:00,j2308,j2308,2307.0,0.0,0.0,0.0,1,2110.0,2270.0,1,2307.0,2217.5,0.0,0.0,0.0,0.0,3
2023-05-09 22:59:00,j2308,j2308,2307.0,0.0,0.0,0.0,3,2110.5,2270.0,1,2307.0,2217.5,0.0,0.0,0.0,0.0,3
2023-05-09 22:59:01,j2308,j2308,2307.0,0.0,0.0,0.0,1,2113.0,2270.0,1,2307.0,2217.5,0.0,0.0,0.0,0.0,3
2023-05-09 22:59:02,j2308,j2308,2307.0,0.0,0.0,0.0,1,2113.0,2269.5,2,2307.0,2217.5,0.0,0.0,0.0,0.0,3
2023-05-09 22:59:03,j2308,j2308,2307.0,0.0,0.0,0.0,3,2113.5,2267.0,1,2307.0,2217.5,0.0,0.0,0.0,0.0,3
2023-05-09 22:59:03,j2308,j2308,2307.0,0.0,0.0,0.0,1,2116.0,2267.0,1,2307.0,2217.5,0.0,0.0,0.0,0.0,3
2023-05-09 22:59:04,j2308,j2308,2307.0,0.0,0.0,0.0,3,2116.5,2267.0,1,2307.0,2217.5,0.0,0.0,0.0,0.0,3
2023-05-09 22:59:04,j2308,j2308,2307.0,0.0,0.0,0.0,1,2119.0,2267.0,1,2307.0,2217.5,0.0,0.0,0.0,0.0,3
2023-05-09 22:59:05,j2308,j2308,2307.0,0.0,0.0,0.0,3,2119.5,2267.0,1,2307.0,2217.5,0.0,0.0,0.0,0.0,3
2023-05-09 22:59:06,j2308,j2308,2307.0,0.0,0.0,0.0,1,2122.0,2267.0,1,2307.0,2217.5,0.0,0.0,0.0,0.0,3
2023-05-09 22:59:07,j2308,j2308,2307.0,0.0,0.0,0.0,3,2122.5,2267.0,1,2307.0,2217.5,0.0,0.0,0.0,0.0,3
2023-05-09 22:59:07,j2308,j2308,2307.0,0.0,0.0,0.0,1,2125.0,2267.0,1,2307.0,2217.5,0.0,0.0,0.0,0.0,3
2023-05-09 22:59:09,j2308,j2308,2307.0,0.0,0.0,0.0,3,2125.5,2267.0,1,2307.0,2217.5,0.0,0.0,0.0,0.0,3
2023-05-09 22:59:09,j2308,j2308,2307.0,0.0,0.0,0.0,1,2128.0,2267.0,1,2307.0,2217.5,0.0,0.0,0.0,0.0,3
2023-05-09 22:59:10,j2308,j2308,2307.0,0.0,0.0,0.0,3,2128.5,2267.0,1,2307.0,2217.5,0.0,0.0,0.0,0.0,3
2023-05-09 22:59:11,j2308,j2308,2307.0,0.0,0.0,0.0,1,2131.0,2267.0,1,2307.0,2217.5,0.0,0.0,0.0,0.0,3
2023-05-09 22:59:13,j2308,j2308,2307.0,0.0,0.0,0.0,3,2131.5,2267.0,1,2307.0,2217.5,0.0,0.0,0.0,0.0,3
2023-05-09 22:59:14,j2308,j2308,2307.0,0.0,0.0,0.0,1,2134.0,2267.0,1,2307.0,2217.5,0.0,0.0,0.0,0.0,3
2023-05-09 22:59:15,j2308,j2308,2307.0,0.0,0.0,0.0,3,2134.5,2267.0,1,2307.0,2217.5,0.0,0.0,0.0,0.0,3
2023-05-09 22:59:16,j2308,j2308,2307.0,0.0,0.0,0.0,1,2137.0,2267.0,1,2307.0,2217.5,0.0,0.0,0.0,0.0,3
2023-05-09 22:59:18,j2308,j2308,2307.0,0.0,0.0,0.0,3,2137.5,2267.0,1,2307.0,2217.5,0.0,0.0,0.0,0.0,3
2023-05-09 22:59:19,j2308,j2308,2307.0,0.0,0.0,0.0,1,2140.0,2267.0,1,2307.0,2217.5,0.0,0.0,0.0,0.0,3
2023-05-09 22:59:21,j2308,j2308,2307.0,0.0,0.0,0.0,3,2140.5,2267.0,1,2307.0,2217.5,0.0,0.0,0.0,0.0,3
2023-05-09 22:59:22,j2308,j2308,2307.0,0.0,0.0,0.0,1,2143.0,2267.0,1,2307.0,2217.5,0.0,0.0,0.0,0.0,3
2023-05-09 22:59:22,j2308,j2308,2307.0,0.0,0.0,0.0,3,2143.5,2267.0,1,2307.0,2217.5,0.0,0.0,0.0,0.0,3
2023-05-09 22:59:23,j2308,j2308,2307.0,0.0,0.0,0.0,1,2146.0,2267.0,1,2307.0,2217.5,0.0,0.0,0.0,0.0,3
2023-05-09 22:59:24,j2308,j2308,2307.0,0.0,0.0,0.0,1,2146.0,2269.5,2,2307.0,2217.5,0.0,0.0,0.0,0.0,3
2023-05-09 22:59:24,j2308,j2308,2307.0,0.0,0.0,0.0,3,2146.5,2269.5,2,2307.0,2217.5,0.0,0.0,0.0,0.0,3
2023-05-09 22:59:24,j2308,j2308,2307.0,0.0,0.0,0.0,1,2149.0,2269.5,2,2307.0,2217.5,0.0,0.0,0.0,0.0,3
2023-05-09 22:59:25,j2308,j2308,2307.0,0.0,0.0,0.0,3,2149.5,2269.5,2,2307.0,2217.5,0.0,0.0,0.0,0.0,3
2023-05-09 22:59:26,j2308,j2308,2307.0,0.0,0.0,0.0,1,2152.0,2269.5,2,2307.0,2217.5,0.0,0.0,0.0,0.0,3
2023-05-09 22:59:27,j2308,j2308,2307.0,0.0,0.0,0.0,3,2152.5,2269.5,2,2307.0,2217.5,0.0,0.0,0.0,0.0,3
2023-05-09 22:59:43,j2308,j2308,2307.0,0.0,0.0,0.0,3,2152.5,2399.5,1,2307.0,2217.5,0.0,0.0,0.0,0.0,3
2023-05-09 22:59:43,j2308,j2308,2307.0,0.0,0.0,0.0,3,2152.5,2399.0,3,2307.0,2217.5,0.0,0.0,0.0,0.0,3
2023-05-09 22:59:50,j2308,j2308,2307.0,0.0,0.0,0.0,2,2152.5,2399.0,2,2307.0,2217.5,0.0,0.0,0.0,0.0,3
2023-05-09 22:59:55,j2308,j2308,2307.0,0.0,0.0,0.0,1,2033.5,0.0,0,2307.0,2217.5,0.0,0.0,0.0,0.0,3
2023-05-10 09:00:00,j2308,j2308,2307.0,0.0,0.0,0.0,1,2036.0,2683.5,1,2307.0,2217.5,0.0,0.0,0.0,0.0,3
2023-05-10 09:00:01,j2308,j2308,2307.0,0.0,0.0,0.0,1,2234.5,2683.5,1,2307.0,2217.5,0.0,0.0,0.0,0.0,3
2023-05-10 09:00:04,j2308,j2308,2307.0,0.0,0.0,0.0,1,2234.5,2683.0,2,2307.0,2217.5,0.0,0.0,0.0,0.0,3
2023-05-10 09:00:05,j2308,j2308,2307.0,0.0,0.0,0.0,1,2234.5,2680.5,1,2307.0,2217.5,0.0,0.0,0.0,0.0,3
2023-05-10 09:00:07,j2308,j2308,2307.0,0.0,0.0,0.0,1,2237.0,2679.5,1,2307.0,2217.5,0.0,0.0,0.0,0.0,3
2023-05-10 09:00:08,j2308,j2308,2307.0,0.0,0.0,0.0,1,2245.5,2415.5,1,2307.0,2217.5,0.0,0.0,0.0,0.0,3
2023-05-10 09:00:08,j2308,j2308,2307.0,0.0,0.0,0.0,1,2245.5,2413.0,1,2307.0,2217.5,0.0,0.0,0.0,0.0,3
2023-05-10 09:00:13,j2308,j2308,2307.0,0.0,0.0,0.0,1,2245.5,2389.5,1,2307.0,2217.5,0.0,0.0,0.0,0.0,3
2023-05-10 09:00:13,j2308,j2308,2307.0,0.0,0.0,0.0,1,2245.5,2387.0,1,2307.0,2217.5,0.0,0.0,0.0,0.0,3
2023-05-10 09:00:15,j2308,j2308,2307.0,0.0,0.0,0.0,1,2245.5,2386.5,2,2307.0,2217.5,0.0,0.0,0.0,0.0,3
2023-05-10 09:00:15,j2308,j2308,2307.0,0.0,0.0,0.0,1,2245.5,2384.0,1,2307.0,2217.5,0.0,0.0,0.0,0.0,3
2023-05-10 09:00:16,j2308,j2308,2307.0,0.0,0.0,0.0,1,2245.5,2383.5,2,2307.0,2217.5,0.0,0.0,0.0,0.0,3
2023-05-10 09:00:17,j2308,j2308,2307.0,0.0,0.0,0.0,1,2245.5,2381.0,1,2307.0,2217.5,0.0,0.0,0.0,0.0,3
2023-05-10 09:00:17,j2308,j2308,2307.0,0.0,0.0,0.0,1,2245.5,2380.5,2,2307.0,2217.5,0.0,0.0,0.0,0.0,3
2023-05-10 09:00:18,j2308,j2308,2307.0,0.0,0.0,0.0,1,2245.5,2378.0,1,2307.0,2217.5,0.0,0.0,0.0,0.0,3
2023-05-10 09:00:19,j2308,j2308,2307.0,0.0,0.0,0.0,1,2245.5,2377.5,2,2307.0,2217.5,0.0,0.0,0.0,0.0,3
2023-05-10 09:00:19,j2308,j2308,2307.0,0.0,0.0,0.0,1,2245.5,2375.0,1,2307.0,2217.5,0.0,0.0,0.0,0.0,3
2023-05-10 09:00:20,j2308,j2308,2307.0,0.0,0.0,0.0,1,2245.5,2374.5,2,2307.0,2217.5,0.0,0.0,0.0,0.0,3
2023-05-10 09:00:21,j2308,j2308,2307.0,0.0,0.0,0.0,1,2245.5,2372.0,1,2307.0,2217.5,0.0,0.0,0.0,0.0,3
2023-05-10 09:00:22,j2308,j2308,2307.0,0.0,0.0,0.0,1,2245.5,2371.5,2,2307.0,2217.5,0.0,0.0,0.0,0.0,3
2023-05-10 09:00:22,j2308,j2308,2307.0,0.0,0.0,0.0,1,2245.5,2369.0,1,2307.0,2217.5,0.0,0.0,0.0,0.0,3
2023-05-10 09:00:23,j2308,j2308,2307.0,0.0,0.0,0.0,1,2245.5,2368.5,2,2307.0,2217.5,0.0,0.0,0.0,0.0,3
2023-05-10 09:00:24,j2308,j2308,2307.0,0.0,0.0,0.0,1,2245.5,2366.0,1,2307.0,2217.5,0.0,0.0,0.0,0.0,3
2023-05-10 09:00:24,j2308,j2308,2307.0,0.0,0.0,0.0,1,2245.5,2365.5,2,2307.0,2217.5,0.0,0.0,0.0,0.0,3
2023-05-10 09:00:25,j2308,j2308,2307.0,0.0,0.0,0.0,1,2245.5,2363.0,1,2307.0,2217.5,0.0,0.0,0.0,0.0,3
2023-05-10 09:00:26,j2308,j2308,2307.0,0.0,0.0,0.0,1,2245.5,2362.5,2,2307.0,2217.5,0.0,0.0,0.0,0.0,3
2023-05-10 09:00:27,j2308,j2308,2307.0,0.0,0.0,0.0,1,2245.5,2360.0,1,2307.0,2217.5,0.0,0.0,0.0,0.0,3
2023-05-10 09:00:28,j2308,j2308,2307.0,0.0,0.0,0.0,1,2245.5,2359.5,2,2307.0,2217.5,0.0,0.0,0.0,0.0,3
2023-05-10 09:00:28,j2308,j2308,2307.0,0.0,0.0,0.0,1,2245.5,2357.0,1,2307.0,2217.5,0.0,0.0,0.0,0.0,3
2023-05-10 09:00:29,j2308,j2308,2307.0,0.0,0.0,0.0,1,2245.5,2356.5,2,2307.0,2217.5,0.0,0.0,0.0,0.0,3
2023-05-10 09:00:30,j2308,j2308,2307.0,0.0,0.0,0.0,1,2245.5,2354.0,1,2307.0,2217.5,0.0,0.0,0.0,0.0,3
2023-05-10 09:00:30,j2308,j2308,2307.0,0.0,0.0,0.0,1,2246.0,2353.5,1,2307.0,2217.5,0.0,0.0,0.0,0.0,3
2023-05-10 09:00:31,j2308,j2308,2307.0,0.0,0.0,0.0,1,2247.0,2351.0,1,2307.0,2217.5,0.0,0.0,0.0,0.0,3
2023-05-10 09:00:32,j2308,j2308,2307.0,0.0,0.0,0.0,1,2247.0,2350.5,2,2307.0,2217.5,0.0,0.0,0.0,0.0,3
2023-05-10 09:00:33,j2308,j2308,2307.0,0.0,0.0,0.0,1,2247.0,2348.0,1,2307.0,2217.5,0.0,0.0,0.0,0.0,3
2023-05-10 09:00:34,j2308,j2308,2307.0,0.0,0.0,0.0,1,2247.5,2348.0,1,2307.0,2217.5,0.0,0.0,0.0,0.0,3
2023-05-10 09:00:34,j2308,j2308,2307.0,0.0,0.0,0.0,1,2248.5,2348.0,1,2307.0,2217.5,0.0,0.0,0.0,0.0,3
2023-05-10 09:00:36,j2308,j2308,2307.0,0.0,0.0,0.0,1,2248.5,2347.5,1,2307.0,2217.5,0.0,0.0,0.0,0.0,3
2023-05-10 09:00:37,j2308,j2308,2307.0,0.0,0.0,0.0,1,2248.5,2345.0,1,2307.0,2217.5,0.0,0.0,0.0,0.0,3
2023-05-10 09:00:37,j2308,j2308,2307.0,0.0,0.0,0.0,1,2249.0,2345.0,1,2307.0,2217.5,0.0,0.0,0.0,0.0,3
2023-05-10 09:00:38,j2308,j2308,2307.0,0.0,0.0,0.0,1,2249.5,2345.0,1,2307.0,2217.5,0.0,0.0,0.0,0.0,3
2023-05-10 09:00:40,j2308,j2308,2307.0,0.0,0.0,0.0,1,2250.0,2345.0,1,2307.0,2217.5,0.0,0.0,0.0,0.0,3
2023-05-10 09:00:40,j2308,j2308,2307.0,0.0,0.0,0.0,1,2250.0,2344.5,1,2307.0,2217.5,0.0,0.0,0.0,0.0,3
2023-05-10 09:00:41,j2308,j2308,2307.0,0.0,0.0,0.0,1,2250.0,2342.0,1,2307.0,2217.5,0.0,0.0,0.0,0.0,3
2023-05-10 09:00:45,j2308,j2308,2307.0,0.0,0.0,0.0,1,2250.0,2341.5,1,2307.0,2217.5,0.0,0.0,0.0,0.0,3
2023-05-10 09:00:45,j2308,j2308,2307.0,0.0,0.0,0.0,1,2250.0,2339.0,1,2307.0,2217.5,0.0,0.0,0.0,0.0,3
2023-05-10 09:00:49,j2308,j2308,2307.0,0.0,0.0,0.0,1,2250.0,2338.5,1,2307.0,2217.5,0.0,0.0,0.0,0.0,3
2023-05-10 09:00:49,j2308,j2308,2307.0,0.0,0.0,0.0,1,2250.0,2336.0,1,2307.0,2217.5,0.0,0.0,0.0,0.0,3
2023-05-10 09:00:53,j2308,j2308,2307.0,0.0,0.0,0.0,1,2250.0,2335.5,1,2307.0,2217.5,0.0,0.0,0.0,0.0,3
2023-05-10 09:00:54,j2308,j2308,2307.0,0.0,0.0,0.0,1,2250.0,2333.0,1,2307.0,2217.5,0.0,0.0,0.0,0.0,3
2023-05-10 09:00:56,j2308,j2308,2307.0,0.0,0.0,0.0,1,2250.0,2332.5,1,2307.0,2217.5,0.0,0.0,0.0,0.0,3
2023-05-10 09:00:57,j2308,j2308,2307.0,0.0,0.0,0.0,1,2250.0,2330.0,1,2307.0,2217.5,0.0,0.0,0.0,0.0,3
2023-05-10 09:00:58,j2308,j2308,2307.0,0.0,0.0,0.0,1,2250.0,2329.5,2,2307.0,2217.5,0.0,0.0,0.0,0.0,3
2023-05-10 09:00:58,j2308,j2308,2307.0,0.0,0.0,0.0,1,2250.0,2327.0,1,2307.0,2217.5,0.0,0.0,0.0,0.0,3
2023-05-10 09:00:59,j2308,j2308,2307.0,0.0,0.0,0.0,1,2250.5,2327.0,1,2307.0,2217.5,0.0,0.0,0.0,0.0,3
2023-05-10 09:01:00,j2308,j2308,2307.0,0.0,0.0,0.0,1,2066.5,2327.0,1,2307.0,2217.5,0.0,0.0,0.0,0.0,3
2023-05-10 09:01:01,j2308,j2308,2307.0,0.0,0.0,0.0,1,2239.5,2327.0,1,2307.0,2217.5,0.0,0.0,0.0,0.0,3
2023-05-10 09:01:01,j2308,j2308,2307.0,0.0,0.0,0.0,1,2240.0,2326.5,1,2307.0,2217.5,0.0,0.0,0.0,0.0,3
2023-05-10 09:01:02,j2308,j2308,2307.0,0.0,0.0,0.0,1,2242.0,2324.0,1,2307.0,2217.5,0.0,0.0,0.0,0.0,3
2023-05-10 09:01:03,j2308,j2308,2307.0,0.0,0.0,0.0,1,2242.5,2324.0,1,2307.0,2217.5,0.0,0.0,0.0,0.0,3
2023-05-10 09:01:04,j2308,j2308,2307.0,0.0,0.0,0.0,1,2244.5,2324.0,1,2307.0,2217.5,0.0,0.0,0.0,0.0,3
2023-05-10 09:01:04,j2308,j2308,2307.0,0.0,0.0,0.0,1,2244.5,2323.5,1,2307.0,2217.5,0.0,0.0,0.0,0.0,3
2023-05-10 09:01:05,j2308,j2308,2307.0,0.0,0.0,0.0,1,2245.0,2321.0,1,2307.0,2217.5,0.0,0.0,0.0,0.0,3
2023-05-10 09:01:06,j2308,j2308,2307.0,0.0,0.0,0.0,1,2246.0,2321.0,1,2307.0,2217.5,0.0,0.0,0.0,0.0,3
2023-05-10 09:01:07,j2308,j2308,2307.0,0.0,0.0,0.0,1,2246.5,2321.0,1,2307.0,2217.5,0.0,0.0,0.0,0.0,3
2023-05-10 09:01:07,j2308,j2308,2307.0,0.0,0.0,0.0,1,2247.5,2321.0,1,2307.0,2217.5,0.0,0.0,0.0,0.0,3
2023-05-10 09:01:08,j2308,j2308,2307.0,0.0,0.0,0.0,1,2247.5,2320.5,1,2307.0,2217.5,0.0,0.0,0.0,0.0,3
2023-05-10 09:01:08,j2308,j2308,2307.0,0.0,0.0,0.0,1,2248.0,2318.0,1,2307.0,2217.5,0.0,0.0,0.0,0.0,3
2023-05-10 09:01:09,j2308,j2308,2307.0,0.0,0.0,0.0,1,2248.5,2318.0,1,2307.0,2217.5,0.0,0.0,0.0,0.0,3
2023-05-10 09:01:10,j2308,j2308,2307.0,0.0,0.0,0.0,1,2249.0,2318.0,1,2307.0,2217.5,0.0,0.0,0.0,0.0,3
2023-05-10 09:01:11,j2308,j2308,2307.0,0.0,0.0,0.0,1,2249.5,2317.5,1,2307.0,2217.5,0.0,0.0,0.0,0.0,3
2023-05-10 09:01:11,j2308,j2308,2307.0,0.0,0.0,0.0,1,2249.5,2315.0,1,2307.0,2217.5,0.0,0.0,0.0,0.0,3
2023-05-10 09:01:12,j2308,j2308,2307.0,0.0,0.0,0.0,1,2250.0,2315.0,1,2307.0,2217.5,0.0,0.0,0.0,0.0,3
2023-05-10 09:01:13,j2308,j2308,2307.0,0.0,0.0,0.0,1,2250.0,2314.5,1,2307.0,2217.5,0.0,0.0,0.0,0.0,3
2023-05-10 09:01:14,j2308,j2308,2307.0,0.0,0.0,0.0,1,2250.0,2312.0,1,2307.0,2217.5,0.0,0.0,0.0,0.0,3
2023-05-10 09:01:17,j2308,j2308,2307.0,0.0,0.0,0.0,1,2250.0,2311.5,1,2307.0,2217.5,0.0,0.0,0.0,0.0,3
2023-05-10 09:01:18,j2308,j2308,2307.0,0.0,0.0,0.0,1,2250.0,2309.0,1,2307.0,2217.5,0.0,0.0,0.0,0.0,3
2023-05-10 09:01:19,j2308,j2308,2307.0,0.0,0.0,0.0,1,2250.0,2308.5,1,2307.0,2217.5,0.0,0.0,0.0,0.0,3
2023-05-10 09:01:20,j2308,j2308,2307.0,0.0,0.0,0.0,1,2250.0,2306.0,1,2307.0,2217.5,0.0,0.0,0.0,0.0,3
2023-05-10 09:01:21,j2308,j2308,2307.0,0.0,0.0,0.0,1,2250.0,2305.5,1,2307.0,2217.5,0.0,0.0,0.0,0.0,3
2023-05-10 09:01:22,j2308,j2308,2307.0,0.0,0.0,0.0,1,2250.0,2303.0,1,2307.0,2217.5,0.0,0.0,0.0,0.0,3
2023-05-10 09:01:29,j2308,j2308,2307.0,0.0,0.0,0.0,1,2250.5,2303.0,1,2307.0,2217.5,0.0,0.0,0.0,0.0,3
2023-05-10 09:01:30,j2308,j2308,2307.0,0.0,0.0,0.0,1,2251.0,2303.0,1,2307.0,2217.5,0.0,0.0,0.0,0.0,3
2023-05-10 09:01:34,j2308,j2308,2307.0,0.0,0.0,0.0,1,2251.5,2303.0,1,2307.0,2217.5,0.0,0.0,0.0,0.0,3
2023-05-10 09:01:35,j2308,j2308,2307.0,0.0,0.0,0.0,1,2252.0,2303.0,1,2307.0,2217.5,0.0,0.0,0.0,0.0,3
2023-05-10 09:01:36,j2308,j2308,2307.0,0.0,0.0,0.0,1,2252.5,2303.0,1,2307.0,2217.5,0.0,0.0,0.0,0.0,3
2023-05-10 09:01:36,j2308,j2308,2307.0,0.0,0.0,0.0,1,2069.0,2303.0,1,2307.0,2217.5,0.0,0.0,0.0,0.0,3
2023-05-10 09:01:37,j2308,j2308,2307.0,0.0,0.0,0.0,1,2242.5,2303.0,1,2307.0,2217.5,0.0,0.0,0.0,0.0,3
2023-05-10 09:01:38,j2308,j2308,2307.0,0.0,0.0,0.0,1,2243.0,2303.0,1,2307.0,2217.5,0.0,0.0,0.0,0.0,3
2023-05-10 09:01:39,j2308,j2308,2307.0,0.0,0.0,0.0,1,2245.0,2303.0,1,2307.0,2217.5,0.0,0.0,0.0,0.0,3
2023-05-10 09:01:39,j2308,j2308,2307.0,0.0,0.0,0.0,1,2245.5,2303.0,1,2307.0,2217.5,0.0,0.0,0.0,0.0,3
2023-05-10 09:01:40,j2308,j2308,2307.0,0.0,0.0,0.0,1,2247.5,2303.0,1,2307.0,2217.5,0.0,0.0,0.0,0.0,3
2023-05-10 09:01:41,j2308,j2308,2307.0,0.0,0.0,0.0,1,2248.0,2303.0,1,2307.0,2217.5,0.0,0.0,0.0,0.0,3
2023-05-10 09:01:42,j2308,j2308,2307.0,0.0,0.0,0.0,1,2250.0,2303.0,1,2307.0,2217.5,0.0,0.0,0.0,0.0,3
2023-05-10 09:01:42,j2308,j2308,2307.0,0.0,0.0,0.0,1,2250.0,2302.5,2,2307.0,2217.5,0.0,0.0,0.0,0.0,3
2023-05-10 09:01:43,j2308,j2308,2307.0,0.0,0.0,0.0,1,2250.5,2300.0,1,2307.0,2217.5,0.0,0.0,0.0,0.0,3
2023-05-10 09:01:43,j2308,j2308,2307.0,0.0,0.0,0.0,1,2251.5,2300.0,1,2307.0,2217.5,0.0,0.0,0.0,0.0,3
2023-05-10 09:01:44,j2308,j2308,2307.0,0.0,0.0,0.0,1,2252.0,2300.0,1,2307.0,2217.5,0.0,0.0,0.0,0.0,3
2023-05-10 09:01:45,j2308,j2308,2307.0,0.0,0.0,0.0,1,2253.0,2300.0,1,2307.0,2217.5,0.0,0.0,0.0,0.0,3
2023-05-10 09:01:45,j2308,j2308,2307.0,0.0,0.0,0.0,1,2253.5,2300.0,1,2307.0,2217.5,0.0,0.0,0.0,0.0,3
2023-05-10 09:01:46,j2308,j2308,2307.0,0.0,0.0,0.0,1,2254.5,2300.0,1,2307.0,2217.5,0.0,0.0,0.0,0.0,3
2023-05-10 09:01:47,j2308,j2308,2307.0,0.0,0.0,0.0,1,2255.0,2300.0,1,2307.0,2217.5,0.0,0.0,0.0,0.0,3
2023-05-10 09:01:48,j2308,j2308,2307.0,0.0,0.0,0.0,1,2255.5,2300.0,1,2307.0,2217.5,0.0,0.0,0.0,0.0,3
2023-05-10 09:01:49,j2308,j2308,2307.0,0.0,0.0,0.0,1,2256.0,2300.0,1,2307.0,2217.5,0.0,0.0,0.0,0.0,3
2023-05-10 09:02:25,j2308,j2308,2307.0,0.0,0.0,0.0,1,2256.0,2299.5,2,2307.0,2217.5,0.0,0.0,0.0,0.0,3
2023-05-10 09:02:26,j2308,j2308,2307.0,0.0,0.0,0.0,1,2256.5,2297.0,1,2307.0,2217.5,0.0,0.0,0.0,0.0,3
2023-05-10 09:02:27,j2308,j2308,2307.0,0.0,0.0,0.0,1,2069.0,2297.0,1,2307.0,2217.5,0.0,0.0,0.0,0.0,3
2023-05-10 09:02:27,j2308,j2308,2307.0,0.0,0.0,0.0,1,2246.0,2297.0,1,2307.0,2217.5,0.0,0.0,0.0,0.0,3
2023-05-10 09:02:28,j2308,j2308,2307.0,0.0,0.0,0.0,1,2246.5,2297.0,1,2307.0,2217.5,0.0,0.0,0.0,0.0,3
2023-05-10 09:02:29,j2308,j2308,2307.0,0.0,0.0,0.0,1,2248.5,2297.0,1,2307.0,2217.5,0.0,0.0,0.0,0.0,3
2023-05-10 09:02:30,j2308,j2308,2307.0,0.0,0.0,0.0,1,2249.0,2297.0,1,2307.0,2217.5,0.0,0.0,0.0,0.0,3
2023-05-10 09:02:30,j2308,j2308,2307.0,0.0,0.0,0.0,1,2251.0,2297.0,1,2307.0,2217.5,0.0,0.0,0.0,0.0,3
2023-05-10 09:02:31,j2308,j2308,2307.0,0.0,0.0,0.0,1,2251.5,2297.0,1,2307.0,2217.5,0.0,0.0,0.0,0.0,3
2023-05-10 09:02:32,j2308,j2308,2307.0,0.0,0.0,0.0,1,2253.5,2297.0,1,2307.0,2217.5,0.0,0.0,0.0,0.0,3
2023-05-10 09:02:32,j2308,j2308,2307.0,0.0,0.0,0.0,1,2254.0,2297.0,1,2307.0,2217.5,0.0,0.0,0.0,0.0,3
2023-05-10 09:02:33,j2308,j2308,2307.0,0.0,0.0,0.0,1,2255.0,2297.0,1,2307.0,2217.5,0.0,0.0,0.0,0.0,3
2023-05-10 09:02:34,j2308,j2308,2307.0,0.0,0.0,0.0,1,2255.5,2297.0,1,2307.0,2217.5,0.0,0.0,0.0,0.0,3
2023-05-10 09:02:35,j2308,j2308,2307.0,0.0,0.0,0.0,1,2256.0,2297.0,1,2307.0,2217.5,0.0,0.0,0.0,0.0,3
2023-05-10 09:02:35,j2308,j2308,2307.0,0.0,0.0,0.0,1,2256.5,2297.0,1,2307.0,2217.5,0.0,0.0,0.0,0.0,3
2023-05-10 09:02:36,j2308,j2308,2307.0,0.0,0.0,0.0,1,2257.0,2297.0,1,2307.0,2217.5,0.0,0.0,0.0,0.0,3
2023-05-10 09:02:37,j2308,j2308,2307.0,0.0,0.0,0.0,1,2257.5,2297.0,1,2307.0,2217.5,0.0,0.0,0.0,0.0,3
2023-05-10 09:02:38,j2308,j2308,2307.0,0.0,0.0,0.0,1,2258.0,2297.0,1,2307.0,2217.5,0.0,0.0,0.0,0.0,3
2023-05-10 09:02:38,j2308,j2308,2307.0,0.0,0.0,0.0,1,2258.5,2297.0,1,2307.0,2217.5,0.0,0.0,0.0,0.0,3
2023-05-10 09:02:44,j2308,j2308,2307.0,0.0,0.0,0.0,1,2259.0,2297.0,1,2307.0,2217.5,0.0,0.0,0.0,0.0,3
2023-05-10 09:02:45,j2308,j2308,2307.0,0.0,0.0,0.0,1,2070.0,2297.0,1,2307.0,2217.5,0.0,0.0,0.0,0.0,3
2023-05-10 09:02:46,j2308,j2308,2307.0,0.0,0.0,0.0,1,2247.5,2297.0,1,2307.0,2217.5,0.0,0.0,0.0,0.0,3
2023-05-10 09:02:47,j2308,j2308,2307.0,0.0,0.0,0.0,1,2248.0,2297.0,1,2307.0,2217.5,0.0,0.0,0.0,0.0,3
2023-05-10 09:02:48,j2308,j2308,2307.0,0.0,0.0,0.0,1,2250.0,2297.0,1,2307.0,2217.5,0.0,0.0,0.0,0.0,3
2023-05-10 09:02:49,j2308,j2308,2307.0,0.0,0.0,0.0,1,2250.5,2297.0,1,2307.0,2217.5,0.0,0.0,0.0,0.0,3
2023-05-10 09:02:50,j2308,j2308,2307.0,0.0,0.0,0.0,1,2252.5,2297.0,1,2307.0,2217.5,0.0,0.0,0.0,0.0,3
2023-05-10 09:02:50,j2308,j2308,2307.0,0.0,0.0,0.0,1,2253.0,2297.0,1,2307.0,2217.5,0.0,0.0,0.0,0.0,3
2023-05-10 09:02:51,j2308,j2308,2307.0,0.0,0.0,0.0,1,2254.0,2297.0,1,2307.0,2217.5,0.0,0.0,0.0,0.0,3
2023-05-10 09:02:52,j2308,j2308,2307.0,0.0,0.0,0.0,1,2254.5,2297.0,1,2307.0,2217.5,0.0,0.0,0.0,0.0,3
2023-05-10 09:02:53,j2308,j2308,2307.0,0.0,0.0,0.0,1,2255.5,2297.0,1,2307.0,2217.5,0.0,0.0,0.0,0.0,3
2023-05-10 09:02:54,j2308,j2308,2307.0,0.0,0.0,0.0,1,2256.0,2297.0,1,2307.0,2217.5,0.0,0.0,0.0,0.0,3
2023-05-10 09:02:55,j2308,j2308,2307.0,0.0,0.0,0.0,1,2256.5,2297.0,1,2307.0,2217.5,0.0,0.0,0.0,0.0,3
2023-05-10 09:02:55,j2308,j2308,2307.0,0.0,0.0,0.0,1,2257.0,2297.0,1,2307.0,2217.5,0.0,0.0,0.0,0.0,3
2023-05-10 09:02:56,j2308,j2308,2307.0,0.0,0.0,0.0,1,2257.5,2297.0,1,2307.0,2217.5,0.0,0.0,0.0,0.0,3
2023-05-10 09:02:57,j2308,j2308,2307.0,0.0,0.0,0.0,1,2258.0,2297.0,1,2307.0,2217.5,0.0,0.0,0.0,0.0,3
2023-05-10 09:03:03,j2308,j2308,2307.0,0.0,0.0,0.0,1,2258.5,2297.0,1,2307.0,2217.5,0.0,0.0,0.0,0.0,3
2023-05-10 09:03:05,j2308,j2308,2307.0,0.0,0.0,0.0,1,2259.0,2297.0,1,2307.0,2217.5,0.0,0.0,0.0,0.0,3
2023-05-10 09:03:08,j2308,j2308,2307.0,0.0,0.0,0.0,1,2259.5,2297.0,1,2307.0,2217.5,0.0,0.0,0.0,0.0,3
2023-05-10 09:03:08,j2308,j2308,2307.0,0.0,0.0,0.0,1,2072.5,2296.5,2,2307.0,2217.5,0.0,0.0,0.0,0.0,3
2023-05-10 09:03:09,j2308,j2308,2307.0,0.0,0.0,0.0,1,2250.5,2294.0,1,2307.0,2217.5,0.0,0.0,0.0,0.0,3
2023-05-10 09:03:10,j2308,j2308,2307.0,0.0,0.0,0.0,1,2251.0,2294.0,1,2307.0,2217.5,0.0,0.0,0.0,0.0,3
2023-05-10 09:03:11,j2308,j2308,2307.0,0.0,0.0,0.0,1,2253.0,2294.0,1,2307.0,2217.5,0.0,0.0,0.0,0.0,3
2023-05-10 09:03:12,j2308,j2308,2307.0,0.0,0.0,0.0,1,2253.5,2294.0,1,2307.0,2217.5,0.0,0.0,0.0,0.0,3
2023-05-10 09:03:13,j2308,j2308,2307.0,0.0,0.0,0.0,1,2255.5,2294.0,1,2307.0,2217.5,0.0,0.0,0.0,0.0,3
2023-05-10 09:03:15,j2308,j2308,2307.0,0.0,0.0,0.0,1,2256.0,2294.0,1,2307.0,2217.5,0.0,0.0,0.0,0.0,3
2023-05-10 09:03:15,j2308,j2308,2307.0,0.0,0.0,0.0,1,2257.0,2294.0,1,2307.0,2217.5,0.0,0.0,0.0,0.0,3
2023-05-10 09:03:16,j2308,j2308,2307.0,0.0,0.0,0.0,1,2257.5,2294.0,1,2307.0,2217.5,0.0,0.0,0.0,0.0,3
2023-05-10 09:03:17,j2308,j2308,2307.0,0.0,0.0,0.0,1,2258.5,2294.0,1,2307.0,2217.5,0.0,0.0,0.0,0.0,3
2023-05-10 09:03:18,j2308,j2308,2307.0,0.0,0.0,0.0,1,2259.0,2294.0,1,2307.0,2217.5,0.0,0.0,0.0,0.0,3
2023-05-10 09:03:18,j2308,j2308,2307.0,0.0,0.0,0.0,1,2260.0,2294.0,1,2307.0,2217.5,0.0,0.0,0.0,0.0,3
2023-05-10 09:03:19,j2308,j2308,2307.0,0.0,0.0,0.0,1,2260.5,2294.0,1,2307.0,2217.5,0.0,0.0,0.0,0.0,3
2023-05-10 09:03:20,j2308,j2308,2307.0,0.0,0.0,0.0,1,2261.0,2294.0,1,2307.0,2217.5,0.0,0.0,0.0,0.0,3
2023-05-10 09:03:20,j2308,j2308,2307.0,0.0,0.0,0.0,1,2073.5,2294.0,1,2307.0,2217.5,0.0,0.0,0.0,0.0,3
2023-05-10 09:03:21,j2308,j2308,2307.0,0.0,0.0,0.0,1,2250.5,2294.0,1,2307.0,2217.5,0.0,0.0,0.0,0.0,3
2023-05-10 09:03:22,j2308,j2308,2307.0,0.0,0.0,0.0,1,2251.0,2294.0,1,2307.0,2217.5,0.0,0.0,0.0,0.0,3
2023-05-10 09:03:23,j2308,j2308,2307.0,0.0,0.0,0.0,1,2252.0,2294.0,1,2307.0,2217.5,0.0,0.0,0.0,0.0,3
2023-05-10 09:03:23,j2308,j2308,2307.0,0.0,0.0,0.0,1,2252.5,2294.0,1,2307.0,2217.5,0.0,0.0,0.0,0.0,3
2023-05-10 09:03:24,j2308,j2308,2307.0,0.0,0.0,0.0,1,2254.5,2294.0,1,2307.0,2217.5,0.0,0.0,0.0,0.0,3
2023-05-10 09:03:25,j2308,j2308,2307.0,0.0,0.0,0.0,1,2255.0,2294.0,1,2307.0,2217.5,0.0,0.0,0.0,0.0,3
2023-05-10 09:03:26,j2308,j2308,2307.0,0.0,0.0,0.0,1,2256.0,2294.0,1,2307.0,2217.5,0.0,0.0,0.0,0.0,3
2023-05-10 09:03:26,j2308,j2308,2307.0,0.0,0.0,0.0,1,2256.5,2294.0,1,2307.0,2217.5,0.0,0.0,0.0,0.0,3
2023-05-10 09:03:27,j2308,j2308,2307.0,0.0,0.0,0.0,1,2258.5,2294.0,1,2307.0,2217.5,0.0,0.0,0.0,0.0,3
2023-05-10 09:03:28,j2308,j2308,2307.0,0.0,0.0,0.0,1,2259.0,2294.0,1,2307.0,2217.5,0.0,0.0,0.0,0.0,3
2023-05-10 09:03:29,j2308,j2308,2307.0,0.0,0.0,0.0,1,2261.0,2294.0,1,2307.0,2217.5,0.0,0.0,0.0,0.0,3
2023-05-10 09:03:30,j2308,j2308,2307.0,0.0,0.0,0.0,1,2261.5,2294.0,1,2307.0,2217.5,0.0,0.0,0.0,0.0,3
2023-05-10 09:03:30,j2308,j2308,2307.0,0.0,0.0,0.0,1,2262.5,2294.0,1,2307.0,2217.5,0.0,0.0,0.0,0.0,3
2023-05-10 09:03:31,j2308,j2308,2307.0,0.0,0.0,0.0,1,2263.0,2294.0,1,2307.0,2217.5,0.0,0.0,0.0,0.0,3
2023-05-10 09:03:32,j2308,j2308,2307.0,0.0,0.0,0.0,1,2263.5,2294.0,1,2307.0,2217.5,0.0,0.0,0.0,0.0,3
2023-05-10 09:03:33,j2308,j2308,2307.0,0.0,0.0,0.0,1,2264.0,2294.0,1,2307.0,2217.5,0.0,0.0,0.0,0.0,3
2023-05-10 09:03:45,j2308,j2308,2307.0,0.0,0.0,0.0,1,2264.5,2294.0,1,2307.0,2217.5,0.0,0.0,0.0,0.0,3
2023-05-10 09:03:45,j2308,j2308,2307.0,0.0,0.0,0.0,1,2076.0,2294.0,1,2307.0,2217.5,0.0,0.0,0.0,0.0,3
2023-05-10 09:03:46,j2308,j2308,2307.0,0.0,0.0,0.0,1,2254.5,2294.0,1,2307.0,2217.5,0.0,0.0,0.0,0.0,3
2023-05-10 09:03:47,j2308,j2308,2307.0,0.0,0.0,0.0,1,2255.0,2294.0,1,2307.0,2217.5,0.0,0.0,0.0,0.0,3
2023-05-10 09:03:48,j2308,j2308,2307.0,0.0,0.0,0.0,1,2257.0,2294.0,1,2307.0,2217.5,0.0,0.0,0.0,0.0,3
2023-05-10 09:03:48,j2308,j2308,2307.0,0.0,0.0,0.0,1,2257.5,2294.0,1,2307.0,2217.5,0.0,0.0,0.0,0.0,3
2023-05-10 09:03:49,j2308,j2308,2307.0,0.0,0.0,0.0,1,2259.5,2294.0,1,2307.0,2217.5,0.0,0.0,0.0,0.0,3
2023-05-10 09:03:50,j2308,j2308,2307.0,0.0,0.0,0.0,1,2260.0,2294.0,1,2307.0,2217.5,0.0,0.0,0.0,0.0,3
2023-05-10 09:03:51,j2308,j2308,2307.0,0.0,0.0,0.0,1,2261.0,2294.0,1,2307.0,2217.5,0.0,0.0,0.0,0.0,3
2023-05-10 09:03:51,j2308,j2308,2307.0,0.0,0.0,0.0,1,2261.0,2293.5,2,2307.0,2217.5,0.0,0.0,0.0,0.0,3
2023-05-10 09:03:52,j2308,j2308,2307.0,0.0,0.0,0.0,1,2261.5,2291.0,1,2307.0,2217.5,0.0,0.0,0.0,0.0,3
2023-05-10 09:03:52,j2308,j2308,2307.0,0.0,0.0,0.0,1,2262.5,2291.0,1,2307.0,2217.5,0.0,0.0,0.0,0.0,3
2023-05-10 09:03:53,j2308,j2308,2307.0,0.0,0.0,0.0,1,2263.0,2291.0,1,2307.0,2217.5,0.0,0.0,0.0,0.0,3
2023-05-10 09:03:54,j2308,j2308,2307.0,0.0,0.0,0.0,1,2263.5,2291.0,1,2307.0,2217.5,0.0,0.0,0.0,0.0,3
2023-05-10 09:03:54,j2308,j2308,2307.0,0.0,0.0,0.0,1,2264.0,2291.0,1,2307.0,2217.5,0.0,0.0,0.0,0.0,3
2023-05-10 09:03:55,j2308,j2308,2307.0,0.0,0.0,0.0,1,2264.5,2291.0,1,2307.0,2217.5,0.0,0.0,0.0,0.0,3
2023-05-10 09:03:56,j2308,j2308,2307.0,0.0,0.0,0.0,1,2265.0,2291.0,1,2307.0,2217.5,0.0,0.0,0.0,0.0,3
2023-05-10 09:03:59,j2308,j2308,2307.0,0.0,0.0,0.0,1,2265.5,2291.0,1,2307.0,2217.5,0.0,0.0,0.0,0.0,3
2023-05-10 09:03:59,j2308,j2308,2307.0,0.0,0.0,0.0,1,2077.0,2291.0,1,2307.0,2217.5,0.0,0.0,0.0,0.0,3
2023-05-10 09:04:00,j2308,j2308,2307.0,0.0,0.0,0.0,1,2255.0,2291.0,1,2307.0,2217.5,0.0,0.0,0.0,0.0,3
2023-05-10 09:04:01,j2308,j2308,2307.0,0.0,0.0,0.0,1,2255.5,2291.0,1,2307.0,2217.5,0.0,0.0,0.0,0.0,3
2023-05-10 09:04:02,j2308,j2308,2307.0,0.0,0.0,0.0,1,2257.5,2291.0,1,2307.0,2217.5,0.0,0.0,0.0,0.0,3
2023-05-10 09:04:02,j2308,j2308,2307.0,0.0,0.0,0.0,1,2258.0,2291.0,1,2307.0,2217.5,0.0,0.0,0.0,0.0,3
2023-05-10 09:04:03,j2308,j2308,2307.0,0.0,0.0,0.0,1,2260.0,2291.0,1,2307.0,2217.5,0.0,0.0,0.0,0.0,3
2023-05-10 09:04:04,j2308,j2308,2307.0,0.0,0.0,0.0,1,2260.5,2291.0,1,2307.0,2217.5,0.0,0.0,0.0,0.0,3
2023-05-10 09:04:05,j2308,j2308,2307.0,0.0,0.0,0.0,1,2261.5,2291.0,1,2307.0,2217.5,0.0,0.0,0.0,0.0,3
2023-05-10 09:04:05,j2308,j2308,2307.0,0.0,0.0,0.0,1,2262.0,2291.0,1,2307.0,2217.5,0.0,0.0,0.0,0.0,3
2023-05-10 09:04:06,j2308,j2308,2307.0,0.0,0.0,0.0,1,2262.5,2291.0,1,2307.0,2217.5,0.0,0.0,0.0,0.0,3
2023-05-10 09:04:07,j2308,j2308,2307.0,0.0,0.0,0.0,1,2263.0,2291.0,1,2307.0,2217.5,0.0,0.0,0.0,0.0,3
2023-05-10 09:04:08,j2308,j2308,2307.0,0.0,0.0,0.0,1,2263.5,2291.0,1,2307.0,2217.5,0.0,0.0,0.0,0.0,3
2023-05-10 09:04:08,j2308,j2308,2307.0,0.0,0.0,0.0,1,2264.0,2291.0,1,2307.0,2217.5,0.0,0.0,0.0,0.0,3
2023-05-10 09:04:34,j2308,j2308,2307.0,0.0,0.0,0.0,1,2264.0,2290.5,2,2307.0,2217.5,0.0,0.0,0.0,0.0,3
2023-05-10 09:04:35,j2308,j2308,2307.0,0.0,0.0,0.0,1,2264.0,2288.0,1,2307.0,2217.5,0.0,0.0,0.0,0.0,3
2023-05-10 09:05:17,j2308,j2308,2307.0,0.0,0.0,0.0,1,2264.0,2287.5,2,2307.0,2217.5,0.0,0.0,0.0,0.0,3
2023-05-10 09:05:39,j2308,j2308,2307.0,0.0,0.0,0.0,1,2264.5,2287.5,2,2307.0,2217.5,0.0,0.0,0.0,0.0,3
2023-05-10 09:05:40,j2308,j2308,2307.0,0.0,0.0,0.0,1,2079.5,2287.5,2,2307.0,2217.5,0.0,0.0,0.0,0.0,3
2023-05-10 09:05:40,j2308,j2308,2307.0,0.0,0.0,0.0,1,2254.0,2287.5,2,2307.0,2217.5,0.0,0.0,0.0,0.0,3
2023-05-10 09:05:41,j2308,j2308,2307.0,0.0,0.0,0.0,1,2254.5,2287.5,2,2307.0,2217.5,0.0,0.0,0.0,0.0,3
2023-05-10 09:05:42,j2308,j2308,2307.0,0.0,0.0,0.0,1,2256.5,2287.5,2,2307.0,2217.5,0.0,0.0,0.0,0.0,3
2023-05-10 09:05:43,j2308,j2308,2307.0,0.0,0.0,0.0,1,2257.0,2287.5,2,2307.0,2217.5,0.0,0.0,0.0,0.0,3
2023-05-10 09:05:44,j2308,j2308,2307.0,0.0,0.0,0.0,1,2259.0,2287.5,2,2307.0,2217.5,0.0,0.0,0.0,0.0,3
2023-05-10 09:05:45,j2308,j2308,2307.0,0.0,0.0,0.0,1,2259.5,2287.5,2,2307.0,2217.5,0.0,0.0,0.0,0.0,3
2023-05-10 09:05:46,j2308,j2308,2307.0,0.0,0.0,0.0,1,2261.5,2287.5,2,2307.0,2217.5,0.0,0.0,0.0,0.0,3
2023-05-10 09:05:46,j2308,j2308,2307.0,0.0,0.0,0.0,1,2262.0,2287.5,2,2307.0,2217.5,0.0,0.0,0.0,0.0,3
2023-05-10 09:05:47,j2308,j2308,2307.0,0.0,0.0,0.0,1,2263.0,2287.5,2,2307.0,2217.5,0.0,0.0,0.0,0.0,3
2023-05-10 09:05:48,j2308,j2308,2307.0,0.0,0.0,0.0,1,2263.5,2287.5,2,2307.0,2217.5,0.0,0.0,0.0,0.0,3
2023-05-10 09:05:49,j2308,j2308,2307.0,0.0,0.0,0.0,1,2264.5,2287.5,2,2307.0,2217.5,0.0,0.0,0.0,0.0,3
