time,symbol_id,symbol_name,last,trade_volume,trade_amount,open_interest_change,bv1,bp1,ap1,av1,yesterday_close,today_open,today_high,today_low,volume,amount,open_interest
2023-05-09 20:58:12,j2311,j2311,2187.5,0.0,0.0,0.0,0,0.0,2218.0,1,2187.5,0.0,0.0,0.0,0.0,0.0,2
2023-05-09 21:00:00,j2311,j2311,2187.5,0.0,0.0,0.0,1,1848.5,2215.5,1,2187.5,0.0,0.0,0.0,0.0,0.0,2
2023-05-09 21:00:03,j2311,j2311,2187.5,0.0,0.0,0.0,1,1848.5,2215.0,2,2187.5,0.0,0.0,0.0,0.0,0.0,2
2023-05-09 21:00:03,j2311,j2311,2187.5,0.0,0.0,0.0,2,1849.0,2212.5,1,2187.5,0.0,0.0,0.0,0.0,0.0,2
2023-05-09 21:00:04,j2311,j2311,2187.5,0.0,0.0,0.0,1,1851.5,2212.5,1,2187.5,0.0,0.0,0.0,0.0,0.0,2
2023-05-09 21:00:05,j2311,j2311,2187.5,0.0,0.0,0.0,1,1852.5,2212.5,1,2187.5,0.0,0.0,0.0,0.0,0.0,2
2023-05-09 21:00:06,j2311,j2311,2187.5,0.0,0.0,0.0,1,1855.0,2212.5,1,2187.5,0.0,0.0,0.0,0.0,0.0,2
2023-05-09 21:00:07,j2311,j2311,2187.5,0.0,0.0,0.0,1,1855.0,2212.0,2,2187.5,0.0,0.0,0.0,0.0,0.0,2
2023-05-09 21:00:08,j2311,j2311,2187.5,0.0,0.0,0.0,1,1856.0,2209.5,1,2187.5,0.0,0.0,0.0,0.0,0.0,2
2023-05-09 21:00:09,j2311,j2311,2187.5,0.0,0.0,0.0,1,1858.5,2209.5,1,2187.5,0.0,0.0,0.0,0.0,0.0,2
2023-05-09 21:00:10,j2311,j2311,2187.5,0.0,0.0,0.0,1,1859.5,2209.5,1,2187.5,0.0,0.0,0.0,0.0,0.0,2
2023-05-09 21:00:11,j2311,j2311,2187.5,0.0,0.0,0.0,1,1862.0,2209.0,2,2187.5,0.0,0.0,0.0,0.0,0.0,2
2023-05-09 21:00:11,j2311,j2311,2187.5,0.0,0.0,0.0,1,2057.5,2199.5,1,2187.5,0.0,0.0,0.0,0.0,0.0,2
2023-05-09 21:00:12,j2311,j2311,2187.5,0.0,0.0,0.0,1,2060.0,2197.0,1,2187.5,0.0,0.0,0.0,0.0,0.0,2
2023-05-09 21:00:14,j2311,j2311,2187.5,0.0,0.0,0.0,1,2060.5,2197.0,1,2187.5,0.0,0.0,0.0,0.0,0.0,2
2023-05-09 21:00:14,j2311,j2311,2187.5,0.0,0.0,0.0,1,2063.0,2197.0,1,2187.5,0.0,0.0,0.0,0.0,0.0,2
2023-05-09 21:00:32,j2311,j2311,2187.5,0.0,0.0,0.0,1,2063.0,2196.5,1,2187.5,0.0,0.0,0.0,0.0,0.0,2
2023-05-09 21:00:33,j2311,j2311,2187.5,0.0,0.0,0.0,1,2063.0,2194.0,1,2187.5,0.0,0.0,0.0,0.0,0.0,2
2023-05-09 21:00:38,j2311,j2311,2187.5,0.0,0.0,0.0,1,2063.0,2193.5,1,2187.5,0.0,0.0,0.0,0.0,0.0,2
2023-05-09 21:00:38,j2311,j2311,2187.5,0.0,0.0,0.0,1,2063.0,2191.0,1,2187.5,0.0,0.0,0.0,0.0,0.0,2
2023-05-09 21:00:43,j2311,j2311,2187.5,0.0,0.0,0.0,1,2063.0,2190.5,1,2187.5,0.0,0.0,0.0,0.0,0.0,2
2023-05-09 21:00:44,j2311,j2311,2187.5,0.0,0.0,0.0,1,2063.0,2188.0,1,2187.5,0.0,0.0,0.0,0.0,0.0,2
2023-05-09 21:00:49,j2311,j2311,2187.5,0.0,0.0,0.0,1,2063.0,2187.5,1,2187.5,0.0,0.0,0.0,0.0,0.0,2
2023-05-09 21:00:50,j2311,j2311,2187.5,0.0,0.0,0.0,1,2063.0,2185.0,1,2187.5,0.0,0.0,0.0,0.0,0.0,2
2023-05-09 21:00:54,j2311,j2311,2187.5,0.0,0.0,0.0,1,2063.0,2184.5,1,2187.5,0.0,0.0,0.0,0.0,0.0,2
2023-05-09 21:00:55,j2311,j2311,2187.5,0.0,0.0,0.0,1,2063.0,2182.0,1,2187.5,0.0,0.0,0.0,0.0,0.0,2
2023-05-09 21:00:57,j2311,j2311,2187.5,0.0,0.0,0.0,1,2063.5,2182.0,1,2187.5,0.0,0.0,0.0,0.0,0.0,2
2023-05-09 21:00:57,j2311,j2311,2187.5,0.0,0.0,0.0,1,2066.0,2182.0,1,2187.5,0.0,0.0,0.0,0.0,0.0,2
2023-05-09 21:00:59,j2311,j2311,2187.5,0.0,0.0,0.0,1,2066.0,2181.5,1,2187.5,0.0,0.0,0.0,0.0,0.0,2
2023-05-09 21:00:59,j2311,j2311,2187.5,0.0,0.0,0.0,1,2066.0,2179.0,1,2187.5,0.0,0.0,0.0,0.0,0.0,2
2023-05-09 21:01:03,j2311,j2311,2187.5,0.0,0.0,0.0,1,2066.0,2178.5,1,2187.5,0.0,0.0,0.0,0.0,0.0,2
2023-05-09 21:01:03,j2311,j2311,2187.5,0.0,0.0,0.0,1,2066.0,2176.0,1,2187.5,0.0,0.0,0.0,0.0,0.0,2
2023-05-09 21:01:08,j2311,j2311,2187.5,0.0,0.0,0.0,1,2066.0,2175.5,1,2187.5,0.0,0.0,0.0,0.0,0.0,2
2023-05-09 21:01:09,j2311,j2311,2187.5,0.0,0.0,0.0,1,2066.0,2173.0,1,2187.5,0.0,0.0,0.0,0.0,0.0,2
2023-05-09 21:01:12,j2311,j2311,2187.5,0.0,0.0,0.0,1,2066.0,2172.5,1,2187.5,0.0,0.0,0.0,0.0,0.0,2
2023-05-09 21:01:13,j2311,j2311,2187.5,0.0,0.0,0.0,1,2066.0,2170.0,1,2187.5,0.0,0.0,0.0,0.0,0.0,2
2023-05-09 21:01:16,j2311,j2311,2187.5,0.0,0.0,0.0,1,2066.0,2169.5,1,2187.5,0.0,0.0,0.0,0.0,0.0,2
2023-05-09 21:01:17,j2311,j2311,2187.5,0.0,0.0,0.0,1,2066.0,2167.0,1,2187.5,0.0,0.0,0.0,0.0,0.0,2
2023-05-09 21:01:20,j2311,j2311,2187.5,0.0,0.0,0.0,1,2066.0,2166.5,1,2187.5,0.0,0.0,0.0,0.0,0.0,2
2023-05-09 21:01:21,j2311,j2311,2187.5,0.0,0.0,0.0,1,2066.0,2164.0,1,2187.5,0.0,0.0,0.0,0.0,0.0,2
2023-05-09 21:01:25,j2311,j2311,2187.5,0.0,0.0,0.0,1,2066.0,2163.5,1,2187.5,0.0,0.0,0.0,0.0,0.0,2
2023-05-09 21:01:25,j2311,j2311,2187.5,0.0,0.0,0.0,1,2066.0,2161.0,1,2187.5,0.0,0.0,0.0,0.0,0.0,2
2023-05-09 21:01:28,j2311,j2311,2187.5,0.0,0.0,0.0,1,2066.0,2160.5,1,2187.5,0.0,0.0,0.0,0.0,0.0,2
2023-05-09 21:01:29,j2311,j2311,2187.5,0.0,0.0,0.0,1,2066.0,2158.0,1,2187.5,0.0,0.0,0.0,0.0,0.0,2
2023-05-09 21:01:32,j2311,j2311,2187.5,0.0,0.0,0.0,1,2066.0,2157.5,1,2187.5,0.0,0.0,0.0,0.0,0.0,2
2023-05-09 21:01:33,j2311,j2311,2187.5,0.0,0.0,0.0,1,2066.0,2155.0,1,2187.5,0.0,0.0,0.0,0.0,0.0,2
2023-05-09 21:01:36,j2311,j2311,2187.5,0.0,0.0,0.0,1,2066.0,2154.5,1,2187.5,0.0,0.0,0.0,0.0,0.0,2
2023-05-09 21:01:37,j2311,j2311,2187.5,0.0,0.0,0.0,1,2066.0,2152.0,1,2187.5,0.0,0.0,0.0,0.0,0.0,2
2023-05-09 21:01:40,j2311,j2311,2187.5,0.0,0.0,0.0,1,2066.5,2151.5,1,2187.5,0.0,0.0,0.0,0.0,0.0,2
2023-05-09 21:01:40,j2311,j2311,2187.5,0.0,0.0,0.0,1,2069.0,2149.0,1,2187.5,0.0,0.0,0.0,0.0,0.0,2
2023-05-09 21:01:44,j2311,j2311,2187.5,0.0,0.0,0.0,1,2069.0,2148.5,1,2187.5,0.0,0.0,0.0,0.0,0.0,2
2023-05-09 21:01:44,j2311,j2311,2187.5,0.0,0.0,0.0,1,2069.0,2146.0,1,2187.5,0.0,0.0,0.0,0.0,0.0,2
2023-05-09 21:01:48,j2311,j2311,2187.5,0.0,0.0,0.0,1,2069.0,2145.5,1,2187.5,0.0,0.0,0.0,0.0,0.0,2
2023-05-09 21:01:48,j2311,j2311,2187.5,0.0,0.0,0.0,1,2069.0,2143.0,1,2187.5,0.0,0.0,0.0,0.0,0.0,2
2023-05-09 21:01:51,j2311,j2311,2187.5,0.0,0.0,0.0,1,2069.0,2142.5,1,2187.5,0.0,0.0,0.0,0.0,0.0,2
2023-05-09 21:01:52,j2311,j2311,2187.5,0.0,0.0,0.0,1,2069.0,2140.0,1,2187.5,0.0,0.0,0.0,0.0,0.0,2
2023-05-09 21:01:54,j2311,j2311,2187.5,0.0,0.0,0.0,1,2069.0,2139.5,1,2187.5,0.0,0.0,0.0,0.0,0.0,2
2023-05-09 21:01:55,j2311,j2311,2187.5,0.0,0.0,0.0,1,2069.0,2137.0,1,2187.5,0.0,0.0,0.0,0.0,0.0,2
2023-05-09 21:02:23,j2311,j2311,2187.5,0.0,0.0,0.0,1,2069.5,2137.0,1,2187.5,0.0,0.0,0.0,0.0,0.0,2
2023-05-09 21:02:23,j2311,j2311,2187.5,0.0,0.0,0.0,1,2072.0,2137.0,1,2187.5,0.0,0.0,0.0,0.0,0.0,2
2023-05-09 21:03:00,j2311,j2311,2187.5,0.0,0.0,0.0,1,2072.0,2136.5,2,2187.5,0.0,0.0,0.0,0.0,0.0,2
2023-05-09 21:03:01,j2311,j2311,2187.5,0.0,0.0,0.0,1,2072.0,2134.0,1,2187.5,0.0,0.0,0.0,0.0,0.0,2
2023-05-09 21:03:03,j2311,j2311,2187.5,0.0,0.0,0.0,1,2072.0,2133.5,2,2187.5,0.0,0.0,0.0,0.0,0.0,2
2023-05-09 21:03:05,j2311,j2311,2187.5,0.0,0.0,0.0,1,2072.5,2133.5,2,2187.5,0.0,0.0,0.0,0.0,0.0,2
2023-05-09 21:03:06,j2311,j2311,2187.5,0.0,0.0,0.0,1,2075.0,2131.0,1,2187.5,0.0,0.0,0.0,0.0,0.0,2
2023-05-09 21:03:07,j2311,j2311,2187.5,0.0,0.0,0.0,1,2075.0,2130.5,2,2187.5,0.0,0.0,0.0,0.0,0.0,2
2023-05-09 21:03:48,j2311,j2311,2187.5,0.0,0.0,0.0,1,2075.5,2130.5,2,2187.5,0.0,0.0,0.0,0.0,0.0,2
2023-05-09 21:03:49,j2311,j2311,2187.5,0.0,0.0,0.0,1,2078.0,2130.5,2,2187.5,0.0,0.0,0.0,0.0,0.0,2
2023-05-09 21:04:31,j2311,j2311,2187.5,0.0,0.0,0.0,1,2078.5,2130.5,2,2187.5,0.0,0.0,0.0,0.0,0.0,2
2023-05-09 21:04:32,j2311,j2311,2187.5,0.0,0.0,0.0,1,2081.0,2130.5,2,2187.5,0.0,0.0,0.0,0.0,0.0,2
2023-05-09 21:04:54,j2311,j2311,2187.5,0.0,0.0,0.0,1,2078.5,2130.5,2,2187.5,0.0,0.0,0.0,0.0,0.0,2
2023-05-09 21:04:55,j2311,j2311,2187.5,0.0,0.0,0.0,1,2081.0,2130.5,2,2187.5,0.0,0.0,0.0,0.0,0.0,2
2023-05-09 21:05:26,j2311,j2311,2187.5,0.0,0.0,0.0,1,2081.0,2199.5,1,2187.5,0.0,0.0,0.0,0.0,0.0,2
2023-05-09 21:05:27,j2311,j2311,2187.5,0.0,0.0,0.0,1,2081.0,2197.0,1,2187.5,0.0,0.0,0.0,0.0,0.0,2
2023-05-09 21:05:27,j2311,j2311,2187.5,0.0,0.0,0.0,1,2081.0,2196.5,1,2187.5,0.0,0.0,0.0,0.0,0.0,2
2023-05-09 21:05:28,j2311,j2311,2187.5,0.0,0.0,0.0,1,2081.0,2194.0,1,2187.5,0.0,0.0,0.0,0.0,0.0,2
2023-05-09 21:05:29,j2311,j2311,2187.5,0.0,0.0,0.0,1,2081.0,2193.5,3,2187.5,0.0,0.0,0.0,0.0,0.0,2
2023-05-09 21:05:30,j2311,j2311,2187.5,0.0,0.0,0.0,1,2081.0,2191.0,1,2187.5,0.0,0.0,0.0,0.0,0.0,2
2023-05-09 21:05:30,j2311,j2311,2187.5,0.0,0.0,0.0,1,2081.0,2190.5,2,2187.5,0.0,0.0,0.0,0.0,0.0,2
2023-05-09 21:05:31,j2311,j2311,2187.5,0.0,0.0,0.0,1,2081.0,2188.0,1,2187.5,0.0,0.0,0.0,0.0,0.0,2
2023-05-09 21:05:32,j2311,j2311,2187.5,0.0,0.0,0.0,1,2081.0,2187.5,3,2187.5,0.0,0.0,0.0,0.0,0.0,2
2023-05-09 21:05:33,j2311,j2311,2187.5,0.0,0.0,0.0,1,2081.0,2185.0,1,2187.5,0.0,0.0,0.0,0.0,0.0,2
2023-05-09 21:05:33,j2311,j2311,2187.5,0.0,0.0,0.0,1,2081.0,2184.5,1,2187.5,0.0,0.0,0.0,0.0,0.0,2
2023-05-09 21:05:34,j2311,j2311,2187.5,0.0,0.0,0.0,1,2081.0,2182.0,1,2187.5,0.0,0.0,0.0,0.0,0.0,2
2023-05-09 21:05:35,j2311,j2311,2187.5,0.0,0.0,0.0,1,2081.0,2181.5,3,2187.5,0.0,0.0,0.0,0.0,0.0,2
2023-05-09 21:05:36,j2311,j2311,2187.5,0.0,0.0,0.0,1,2081.0,2179.0,1,2187.5,0.0,0.0,0.0,0.0,0.0,2
2023-05-09 21:05:37,j2311,j2311,2187.5,0.0,0.0,0.0,1,2081.0,2178.5,3,2187.5,0.0,0.0,0.0,0.0,0.0,2
2023-05-09 21:05:38,j2311,j2311,2187.5,0.0,0.0,0.0,1,2081.0,2176.0,1,2187.5,0.0,0.0,0.0,0.0,0.0,2
2023-05-09 21:05:39,j2311,j2311,2187.5,0.0,0.0,0.0,1,2081.0,2175.5,1,2187.5,0.0,0.0,0.0,0.0,0.0,2
2023-05-09 21:05:40,j2311,j2311,2187.5,0.0,0.0,0.0,1,2081.0,2173.0,1,2187.5,0.0,0.0,0.0,0.0,0.0,2
2023-05-09 21:05:40,j2311,j2311,2187.5,0.0,0.0,0.0,1,2081.0,2172.5,1,2187.5,0.0,0.0,0.0,0.0,0.0,2
2023-05-09 21:05:41,j2311,j2311,2187.5,0.0,0.0,0.0,1,2081.0,2170.0,1,2187.5,0.0,0.0,0.0,0.0,0.0,2
2023-05-09 21:05:42,j2311,j2311,2187.5,0.0,0.0,0.0,1,2081.0,2169.5,1,2187.5,0.0,0.0,0.0,0.0,0.0,2
2023-05-09 21:05:43,j2311,j2311,2187.5,0.0,0.0,0.0,1,2081.0,2167.0,1,2187.5,0.0,0.0,0.0,0.0,0.0,2
2023-05-09 21:05:43,j2311,j2311,2187.5,0.0,0.0,0.0,1,2081.0,2166.5,3,2187.5,0.0,0.0,0.0,0.0,0.0,2
2023-05-09 21:05:44,j2311,j2311,2187.5,0.0,0.0,0.0,1,2081.0,2164.0,1,2187.5,0.0,0.0,0.0,0.0,0.0,2
2023-05-09 21:05:46,j2311,j2311,2187.5,0.0,0.0,0.0,1,2081.0,2163.5,1,2187.5,0.0,0.0,0.0,0.0,0.0,2
2023-05-09 21:05:47,j2311,j2311,2187.5,0.0,0.0,0.0,1,2081.0,2161.0,1,2187.5,0.0,0.0,0.0,0.0,0.0,2
2023-05-09 21:05:47,j2311,j2311,2187.5,0.0,0.0,0.0,1,2081.0,2160.5,3,2187.5,0.0,0.0,0.0,0.0,0.0,2
2023-05-09 21:05:48,j2311,j2311,2187.5,0.0,0.0,0.0,1,2081.0,2158.0,1,2187.5,0.0,0.0,0.0,0.0,0.0,2
2023-05-09 21:05:49,j2311,j2311,2187.5,0.0,0.0,0.0,1,2081.0,2157.5,1,2187.5,0.0,0.0,0.0,0.0,0.0,2
2023-05-09 21:05:50,j2311,j2311,2187.5,0.0,0.0,0.0,1,2081.0,2155.0,1,2187.5,0.0,0.0,0.0,0.0,0.0,2
2023-05-09 21:05:51,j2311,j2311,2187.5,0.0,0.0,0.0,1,2081.0,2154.5,1,2187.5,0.0,0.0,0.0,0.0,0.0,2
2023-05-09 21:05:52,j2311,j2311,2187.5,0.0,0.0,0.0,1,2081.0,2152.0,1,2187.5,0.0,0.0,0.0,0.0,0.0,2
2023-05-09 21:05:53,j2311,j2311,2187.5,0.0,0.0,0.0,1,2081.0,2151.5,3,2187.5,0.0,0.0,0.0,0.0,0.0,2
2023-05-09 21:05:54,j2311,j2311,2187.5,0.0,0.0,0.0,1,2081.0,2149.0,1,2187.5,0.0,0.0,0.0,0.0,0.0,2
2023-05-09 21:05:55,j2311,j2311,2187.5,0.0,0.0,0.0,1,2081.0,2148.5,3,2187.5,0.0,0.0,0.0,0.0,0.0,2
2023-05-09 21:05:56,j2311,j2311,2187.5,0.0,0.0,0.0,1,2081.5,2146.0,1,2187.5,0.0,0.0,0.0,0.0,0.0,2
2023-05-09 21:05:56,j2311,j2311,2187.5,0.0,0.0,0.0,1,2084.0,2146.0,1,2187.5,0.0,0.0,0.0,0.0,0.0,2
2023-05-09 21:05:56,j2311,j2311,2187.5,0.0,0.0,0.0,1,2084.0,2145.5,3,2187.5,0.0,0.0,0.0,0.0,0.0,2
2023-05-09 21:05:57,j2311,j2311,2187.5,0.0,0.0,0.0,1,2084.0,2143.0,1,2187.5,0.0,0.0,0.0,0.0,0.0,2
2023-05-09 21:05:58,j2311,j2311,2187.5,0.0,0.0,0.0,1,2084.0,2142.5,2,2187.5,0.0,0.0,0.0,0.0,0.0,2
2023-05-09 21:05:59,j2311,j2311,2187.5,0.0,0.0,0.0,1,2084.0,2140.0,1,2187.5,0.0,0.0,0.0,0.0,0.0,2
2023-05-09 21:06:00,j2311,j2311,2187.5,0.0,0.0,0.0,1,2084.0,2139.5,2,2187.5,0.0,0.0,0.0,0.0,0.0,2
2023-05-09 21:06:01,j2311,j2311,2187.5,0.0,0.0,0.0,1,2084.0,2137.0,1,2187.5,0.0,0.0,0.0,0.0,0.0,2
2023-05-09 21:06:02,j2311,j2311,2187.5,0.0,0.0,0.0,1,2084.0,2136.5,2,2187.5,0.0,0.0,0.0,0.0,0.0,2
2023-05-09 21:06:38,j2311,j2311,2187.5,0.0,0.0,0.0,1,2084.5,2136.5,2,2187.5,0.0,0.0,0.0,0.0,0.0,2
2023-05-09 21:06:39,j2311,j2311,2187.5,0.0,0.0,0.0,1,2087.0,2136.5,2,2187.5,0.0,0.0,0.0,0.0,0.0,2
2023-05-09 21:06:45,j2311,j2311,2187.5,0.0,0.0,0.0,1,2087.0,2197.0,1,2187.5,0.0,0.0,0.0,0.0,0.0,2
2023-05-09 21:06:46,j2311,j2311,2187.5,0.0,0.0,0.0,1,2087.0,2196.5,1,2187.5,0.0,0.0,0.0,0.0,0.0,2
2023-05-09 21:06:47,j2311,j2311,2187.5,0.0,0.0,0.0,1,2087.0,2194.0,1,2187.5,0.0,0.0,0.0,0.0,0.0,2
2023-05-09 21:06:47,j2311,j2311,2187.5,0.0,0.0,0.0,1,2087.0,2193.5,1,2187.5,0.0,0.0,0.0,0.0,0.0,2
2023-05-09 21:06:48,j2311,j2311,2187.5,0.0,0.0,0.0,1,2087.0,2191.0,1,2187.5,0.0,0.0,0.0,0.0,0.0,2
2023-05-09 21:06:49,j2311,j2311,2187.5,0.0,0.0,0.0,1,2087.0,2190.5,1,2187.5,0.0,0.0,0.0,0.0,0.0,2
2023-05-09 21:06:50,j2311,j2311,2187.5,0.0,0.0,0.0,1,2087.0,2188.0,1,2187.5,0.0,0.0,0.0,0.0,0.0,2
2023-05-09 21:06:50,j2311,j2311,2187.5,0.0,0.0,0.0,1,2087.0,2187.5,3,2187.5,0.0,0.0,0.0,0.0,0.0,2
2023-05-09 21:06:51,j2311,j2311,2187.5,0.0,0.0,0.0,1,2087.0,2185.0,1,2187.5,0.0,0.0,0.0,0.0,0.0,2
2023-05-09 21:06:52,j2311,j2311,2187.5,0.0,0.0,0.0,1,2087.0,2184.5,3,2187.5,0.0,0.0,0.0,0.0,0.0,2
2023-05-09 21:06:53,j2311,j2311,2187.5,0.0,0.0,0.0,1,2087.0,2182.0,1,2187.5,0.0,0.0,0.0,0.0,0.0,2
2023-05-09 21:06:53,j2311,j2311,2187.5,0.0,0.0,0.0,1,2087.0,2181.5,1,2187.5,0.0,0.0,0.0,0.0,0.0,2
2023-05-09 21:06:54,j2311,j2311,2187.5,0.0,0.0,0.0,1,2087.0,2179.0,1,2187.5,0.0,0.0,0.0,0.0,0.0,2
2023-05-09 21:06:55,j2311,j2311,2187.5,0.0,0.0,0.0,1,2087.0,2178.5,3,2187.5,0.0,0.0,0.0,0.0,0.0,2
2023-05-09 21:06:56,j2311,j2311,2187.5,0.0,0.0,0.0,1,2087.0,2176.0,1,2187.5,0.0,0.0,0.0,0.0,0.0,2
2023-05-09 21:06:56,j2311,j2311,2187.5,0.0,0.0,0.0,1,2087.0,2175.5,3,2187.5,0.0,0.0,0.0,0.0,0.0,2
2023-05-09 21:06:57,j2311,j2311,2187.5,0.0,0.0,0.0,1,2087.0,2173.0,1,2187.5,0.0,0.0,0.0,0.0,0.0,2
2023-05-09 21:06:58,j2311,j2311,2187.5,0.0,0.0,0.0,1,2087.0,2172.5,1,2187.5,0.0,0.0,0.0,0.0,0.0,2
2023-05-09 21:06:58,j2311,j2311,2187.5,0.0,0.0,0.0,1,2087.0,2170.0,1,2187.5,0.0,0.0,0.0,0.0,0.0,2
2023-05-09 21:07:00,j2311,j2311,2187.5,0.0,0.0,0.0,1,2087.0,2169.5,3,2187.5,0.0,0.0,0.0,0.0,0.0,2
2023-05-09 21:07:01,j2311,j2311,2187.5,0.0,0.0,0.0,1,2087.0,2167.0,1,2187.5,0.0,0.0,0.0,0.0,0.0,2
2023-05-09 21:07:02,j2311,j2311,2187.5,0.0,0.0,0.0,1,2087.0,2166.5,1,2187.5,0.0,0.0,0.0,0.0,0.0,2
2023-05-09 21:07:02,j2311,j2311,2187.5,0.0,0.0,0.0,1,2087.0,2164.0,1,2187.5,0.0,0.0,0.0,0.0,0.0,2
2023-05-09 21:07:03,j2311,j2311,2187.5,0.0,0.0,0.0,1,2087.0,2163.5,1,2187.5,0.0,0.0,0.0,0.0,0.0,2
2023-05-09 21:07:04,j2311,j2311,2187.5,0.0,0.0,0.0,1,2087.0,2161.0,1,2187.5,0.0,0.0,0.0,0.0,0.0,2
2023-05-09 21:07:04,j2311,j2311,2187.5,0.0,0.0,0.0,1,2087.0,2160.5,1,2187.5,0.0,0.0,0.0,0.0,0.0,2
2023-05-09 21:07:05,j2311,j2311,2187.5,0.0,0.0,0.0,1,2087.0,2158.0,1,2187.5,0.0,0.0,0.0,0.0,0.0,2
2023-05-09 21:07:06,j2311,j2311,2187.5,0.0,0.0,0.0,1,2087.0,2157.5,3,2187.5,0.0,0.0,0.0,0.0,0.0,2
2023-05-09 21:07:07,j2311,j2311,2187.5,0.0,0.0,0.0,1,2087.0,2155.0,1,2187.5,0.0,0.0,0.0,0.0,0.0,2
2023-05-09 21:07:07,j2311,j2311,2187.5,0.0,0.0,0.0,1,2087.0,2154.5,3,2187.5,0.0,0.0,0.0,0.0,0.0,2
2023-05-09 21:07:08,j2311,j2311,2187.5,0.0,0.0,0.0,1,2087.0,2152.0,1,2187.5,0.0,0.0,0.0,0.0,0.0,2
2023-05-09 21:07:09,j2311,j2311,2187.5,0.0,0.0,0.0,1,2087.0,2151.5,3,2187.5,0.0,0.0,0.0,0.0,0.0,2
2023-05-09 21:07:10,j2311,j2311,2187.5,0.0,0.0,0.0,1,2087.0,2149.0,1,2187.5,0.0,0.0,0.0,0.0,0.0,2
2023-05-09 21:07:11,j2311,j2311,2187.5,0.0,0.0,0.0,1,2087.0,2148.5,2,2187.5,0.0,0.0,0.0,0.0,0.0,2
2023-05-09 21:07:12,j2311,j2311,2187.5,0.0,0.0,0.0,1,2087.0,2146.0,1,2187.5,0.0,0.0,0.0,0.0,0.0,2
2023-05-09 21:07:13,j2311,j2311,2187.5,0.0,0.0,0.0,1,2087.0,2145.5,2,2187.5,0.0,0.0,0.0,0.0,0.0,2
2023-05-09 21:07:14,j2311,j2311,2187.5,0.0,0.0,0.0,1,2087.0,2143.0,1,2187.5,0.0,0.0,0.0,0.0,0.0,2
2023-05-09 21:07:15,j2311,j2311,2187.5,0.0,0.0,0.0,1,2087.0,2142.5,2,2187.5,0.0,0.0,0.0,0.0,0.0,2
2023-05-09 21:07:16,j2311,j2311,2187.5,0.0,0.0,0.0,1,2087.0,2140.0,1,2187.5,0.0,0.0,0.0,0.0,0.0,2
2023-05-09 21:07:17,j2311,j2311,2187.5,0.0,0.0,0.0,1,2087.0,2139.5,2,2187.5,0.0,0.0,0.0,0.0,0.0,2
2023-05-09 21:07:20,j2311,j2311,2187.5,0.0,0.0,0.0,1,2087.5,2139.5,2,2187.5,0.0,0.0,0.0,0.0,0.0,2
2023-05-09 21:07:21,j2311,j2311,2187.5,0.0,0.0,0.0,1,2090.0,2139.5,2,2187.5,0.0,0.0,0.0,0.0,0.0,2
2023-05-09 21:08:03,j2311,j2311,2187.5,0.0,0.0,0.0,1,2090.5,2139.5,2,2187.5,0.0,0.0,0.0,0.0,0.0,2
2023-05-09 21:08:04,j2311,j2311,2187.5,0.0,0.0,0.0,1,2093.0,2139.5,2,2187.5,0.0,0.0,0.0,0.0,0.0,2
2023-05-09 21:08:18,j2311,j2311,2187.5,0.0,0.0,0.0,1,2093.0,2197.0,1,2187.5,0.0,0.0,0.0,0.0,0.0,2
2023-05-09 21:08:19,j2311,j2311,2187.5,0.0,0.0,0.0,1,2093.0,2196.5,1,2187.5,0.0,0.0,0.0,0.0,0.0,2
2023-05-09 21:08:19,j2311,j2311,2187.5,0.0,0.0,0.0,1,2093.0,2194.0,1,2187.5,0.0,0.0,0.0,0.0,0.0,2
2023-05-09 21:08:20,j2311,j2311,2187.5,0.0,0.0,0.0,1,2093.0,2193.5,1,2187.5,0.0,0.0,0.0,0.0,0.0,2
2023-05-09 21:08:21,j2311,j2311,2187.5,0.0,0.0,0.0,1,2093.0,2191.0,1,2187.5,0.0,0.0,0.0,0.0,0.0,2
2023-05-09 21:08:22,j2311,j2311,2187.5,0.0,0.0,0.0,1,2093.0,2190.5,3,2187.5,0.0,0.0,0.0,0.0,0.0,2
2023-05-09 21:08:23,j2311,j2311,2187.5,0.0,0.0,0.0,1,2093.0,2188.0,1,2187.5,0.0,0.0,0.0,0.0,0.0,2
2023-05-09 21:08:23,j2311,j2311,2187.5,0.0,0.0,0.0,1,2093.0,2187.5,3,2187.5,0.0,0.0,0.0,0.0,0.0,2
2023-05-09 21:08:24,j2311,j2311,2187.5,0.0,0.0,0.0,1,2093.0,2185.0,1,2187.5,0.0,0.0,0.0,0.0,0.0,2
2023-05-09 21:08:25,j2311,j2311,2187.5,0.0,0.0,0.0,1,2093.0,2184.5,1,2187.5,0.0,0.0,0.0,0.0,0.0,2
2023-05-09 21:08:25,j2311,j2311,2187.5,0.0,0.0,0.0,1,2093.0,2182.0,1,2187.5,0.0,0.0,0.0,0.0,0.0,2
2023-05-09 21:08:26,j2311,j2311,2187.5,0.0,0.0,0.0,1,2093.0,2181.5,1,2187.5,0.0,0.0,0.0,0.0,0.0,2
2023-05-09 21:08:27,j2311,j2311,2187.5,0.0,0.0,0.0,1,2093.0,2179.0,1,2187.5,0.0,0.0,0.0,0.0,0.0,2
2023-05-09 21:08:28,j2311,j2311,2187.5,0.0,0.0,0.0,1,2093.0,2178.5,1,2187.5,0.0,0.0,0.0,0.0,0.0,2
2023-05-09 21:08:29,j2311,j2311,2187.5,0.0,0.0,0.0,1,2093.0,2176.0,1,2187.5,0.0,0.0,0.0,0.0,0.0,2
2023-05-09 21:08:29,j2311,j2311,2187.5,0.0,0.0,0.0,1,2093.0,2175.5,1,2187.5,0.0,0.0,0.0,0.0,0.0,2
2023-05-09 21:08:30,j2311,j2311,2187.5,0.0,0.0,0.0,1,2093.0,2173.0,1,2187.5,0.0,0.0,0.0,0.0,0.0,2
2023-05-09 21:08:31,j2311,j2311,2187.5,0.0,0.0,0.0,1,2093.0,2172.5,1,2187.5,0.0,0.0,0.0,0.0,0.0,2
2023-05-09 21:08:32,j2311,j2311,2187.5,0.0,0.0,0.0,1,2093.0,2170.0,1,2187.5,0.0,0.0,0.0,0.0,0.0,2
2023-05-09 21:08:32,j2311,j2311,2187.5,0.0,0.0,0.0,1,2093.0,2169.5,1,2187.5,0.0,0.0,0.0,0.0,0.0,2
2023-05-09 21:08:33,j2311,j2311,2187.5,0.0,0.0,0.0,1,2093.0,2167.0,1,2187.5,0.0,0.0,0.0,0.0,0.0,2
2023-05-09 21:08:34,j2311,j2311,2187.5,0.0,0.0,0.0,1,2093.0,2166.5,1,2187.5,0.0,0.0,0.0,0.0,0.0,2
2023-05-09 21:08:34,j2311,j2311,2187.5,0.0,0.0,0.0,1,2093.0,2164.0,1,2187.5,0.0,0.0,0.0,0.0,0.0,2
2023-05-09 21:08:35,j2311,j2311,2187.5,0.0,0.0,0.0,1,2093.0,2163.5,1,2187.5,0.0,0.0,0.0,0.0,0.0,2
2023-05-09 21:08:36,j2311,j2311,2187.5,0.0,0.0,0.0,1,2093.0,2161.0,1,2187.5,0.0,0.0,0.0,0.0,0.0,2
2023-05-09 21:08:37,j2311,j2311,2187.5,0.0,0.0,0.0,1,2093.0,2160.5,1,2187.5,0.0,0.0,0.0,0.0,0.0,2
2023-05-09 21:08:37,j2311,j2311,2187.5,0.0,0.0,0.0,1,2093.0,2158.0,1,2187.5,0.0,0.0,0.0,0.0,0.0,2
2023-05-09 21:08:38,j2311,j2311,2187.5,0.0,0.0,0.0,1,2093.0,2157.5,1,2187.5,0.0,0.0,0.0,0.0,0.0,2
2023-05-09 21:08:39,j2311,j2311,2187.5,0.0,0.0,0.0,1,2093.0,2155.0,1,2187.5,0.0,0.0,0.0,0.0,0.0,2
2023-05-09 21:08:40,j2311,j2311,2187.5,0.0,0.0,0.0,1,2093.0,2154.5,2,2187.5,0.0,0.0,0.0,0.0,0.0,2
2023-05-09 21:08:41,j2311,j2311,2187.5,0.0,0.0,0.0,1,2093.0,2152.0,1,2187.5,0.0,0.0,0.0,0.0,0.0,2
2023-05-09 21:08:42,j2311,j2311,2187.5,0.0,0.0,0.0,1,2093.0,2151.5,2,2187.5,0.0,0.0,0.0,0.0,0.0,2
2023-05-09 21:08:43,j2311,j2311,2187.5,0.0,0.0,0.0,1,2093.0,2149.0,1,2187.5,0.0,0.0,0.0,0.0,0.0,2
2023-05-09 21:08:44,j2311,j2311,2187.5,0.0,0.0,0.0,1,2093.0,2148.5,2,2187.5,0.0,0.0,0.0,0.0,0.0,2
2023-05-09 21:08:45,j2311,j2311,2187.5,0.0,0.0,0.0,1,2093.0,2146.0,1,2187.5,0.0,0.0,0.0,0.0,0.0,2
2023-05-09 21:08:46,j2311,j2311,2187.5,0.0,0.0,0.0,1,2093.5,2146.0,1,2187.5,0.0,0.0,0.0,0.0,0.0,2
2023-05-09 21:08:46,j2311,j2311,2187.5,0.0,0.0,0.0,1,2096.0,2145.5,2,2187.5,0.0,0.0,0.0,0.0,0.0,2
2023-05-09 21:09:29,j2311,j2311,2187.5,0.0,0.0,0.0,1,2096.5,2145.5,2,2187.5,0.0,0.0,0.0,0.0,0.0,2
2023-05-09 21:09:30,j2311,j2311,2187.5,0.0,0.0,0.0,1,2099.0,2145.5,2,2187.5,0.0,0.0,0.0,0.0,0.0,2
2023-05-09 21:09:59,j2311,j2311,2187.5,0.0,0.0,0.0,1,2099.0,2197.0,1,2187.5,0.0,0.0,0.0,0.0,0.0,2
2023-05-09 21:10:00,j2311,j2311,2187.5,0.0,0.0,0.0,1,2099.0,2196.5,1,2187.5,0.0,0.0,0.0,0.0,0.0,2
2023-05-09 21:10:01,j2311,j2311,2187.5,0.0,0.0,0.0,1,2099.0,2194.0,1,2187.5,0.0,0.0,0.0,0.0,0.0,2
2023-05-09 21:10:01,j2311,j2311,2187.5,0.0,0.0,0.0,1,2099.0,2193.5,3,2187.5,0.0,0.0,0.0,0.0,0.0,2
2023-05-09 21:10:02,j2311,j2311,2187.5,0.0,0.0,0.0,1,2099.0,2191.0,1,2187.5,0.0,0.0,0.0,0.0,0.0,2
2023-05-09 21:10:03,j2311,j2311,2187.5,0.0,0.0,0.0,1,2099.0,2190.5,3,2187.5,0.0,0.0,0.0,0.0,0.0,2
2023-05-09 21:10:04,j2311,j2311,2187.5,0.0,0.0,0.0,1,2099.0,2188.0,1,2187.5,0.0,0.0,0.0,0.0,0.0,2
2023-05-09 21:10:04,j2311,j2311,2187.5,0.0,0.0,0.0,1,2099.0,2187.5,3,2187.5,0.0,0.0,0.0,0.0,0.0,2
2023-05-09 21:10:05,j2311,j2311,2187.5,0.0,0.0,0.0,1,2099.0,2185.0,1,2187.5,0.0,0.0,0.0,0.0,0.0,2
2023-05-09 21:10:06,j2311,j2311,2187.5,0.0,0.0,0.0,1,2099.0,2184.5,1,2187.5,0.0,0.0,0.0,0.0,0.0,2
2023-05-09 21:10:07,j2311,j2311,2187.5,0.0,0.0,0.0,1,2099.0,2182.0,1,2187.5,0.0,0.0,0.0,0.0,0.0,2
2023-05-09 21:10:07,j2311,j2311,2187.5,0.0,0.0,0.0,1,2099.0,2181.5,3,2187.5,0.0,0.0,0.0,0.0,0.0,2
2023-05-09 21:10:08,j2311,j2311,2187.5,0.0,0.0,0.0,1,2099.0,2179.0,1,2187.5,0.0,0.0,0.0,0.0,0.0,2
2023-05-09 21:10:09,j2311,j2311,2187.5,0.0,0.0,0.0,1,2099.0,2178.5,1,2187.5,0.0,0.0,0.0,0.0,0.0,2
2023-05-09 21:10:09,j2311,j2311,2187.5,0.0,0.0,0.0,1,2099.0,2176.0,1,2187.5,0.0,0.0,0.0,0.0,0.0,2
2023-05-09 21:10:10,j2311,j2311,2187.5,0.0,0.0,0.0,1,2099.0,2175.5,1,2187.5,0.0,0.0,0.0,0.0,0.0,2
2023-05-09 21:10:11,j2311,j2311,2187.5,0.0,0.0,0.0,1,2099.0,2173.0,1,2187.5,0.0,0.0,0.0,0.0,0.0,2
2023-05-09 21:10:12,j2311,j2311,2187.5,0.0,0.0,0.0,1,2099.5,2172.5,1,2187.5,0.0,0.0,0.0,0.0,0.0,2
2023-05-09 21:10:13,j2311,j2311,2187.5,0.0,0.0,0.0,1,2102.0,2170.0,1,2187.5,0.0,0.0,0.0,0.0,0.0,2
2023-05-09 21:10:13,j2311,j2311,2187.5,0.0,0.0,0.0,1,2102.0,2169.5,3,2187.5,0.0,0.0,0.0,0.0,0.0,2
2023-05-09 21:10:14,j2311,j2311,2187.5,0.0,0.0,0.0,1,2102.0,2167.0,1,2187.5,0.0,0.0,0.0,0.0,0.0,2
2023-05-09 21:10:15,j2311,j2311,2187.5,0.0,0.0,0.0,1,2102.0,2166.5,3,2187.5,0.0,0.0,0.0,0.0,0.0,2
2023-05-09 21:10:16,j2311,j2311,2187.5,0.0,0.0,0.0,1,2102.0,2164.0,1,2187.5,0.0,0.0,0.0,0.0,0.0,2
2023-05-09 21:10:16,j2311,j2311,2187.5,0.0,0.0,0.0,1,2102.0,2163.5,3,2187.5,0.0,0.0,0.0,0.0,0.0,2
2023-05-09 21:10:17,j2311,j2311,2187.5,0.0,0.0,0.0,1,2102.0,2161.0,1,2187.5,0.0,0.0,0.0,0.0,0.0,2
2023-05-09 21:10:18,j2311,j2311,2187.5,0.0,0.0,0.0,1,2102.0,2160.5,3,2187.5,0.0,0.0,0.0,0.0,0.0,2
2023-05-09 21:10:19,j2311,j2311,2187.5,0.0,0.0,0.0,1,2102.0,2158.0,1,2187.5,0.0,0.0,0.0,0.0,0.0,2
2023-05-09 21:10:19,j2311,j2311,2187.5,0.0,0.0,0.0,1,2102.0,2157.5,1,2187.5,0.0,0.0,0.0,0.0,0.0,2
2023-05-09 21:10:20,j2311,j2311,2187.5,0.0,0.0,0.0,1,2102.0,2155.0,1,2187.5,0.0,0.0,0.0,0.0,0.0,2
2023-05-09 21:10:21,j2311,j2311,2187.5,0.0,0.0,0.0,1,2102.0,2154.5,2,2187.5,0.0,0.0,0.0,0.0,0.0,2
2023-05-09 21:10:21,j2311,j2311,2187.5,0.0,0.0,0.0,1,2102.0,2152.0,1,2187.5,0.0,0.0,0.0,0.0,0.0,2
2023-05-09 21:10:22,j2311,j2311,2187.5,0.0,0.0,0.0,1,2102.0,2151.5,2,2187.5,0.0,0.0,0.0,0.0,0.0,2
2023-05-09 21:10:23,j2311,j2311,2187.5,0.0,0.0,0.0,1,2102.0,2149.0,1,2187.5,0.0,0.0,0.0,0.0,0.0,2
2023-05-09 21:10:24,j2311,j2311,2187.5,0.0,0.0,0.0,1,2102.0,2148.5,2,2187.5,0.0,0.0,0.0,0.0,0.0,2
2023-05-09 21:10:55,j2311,j2311,2187.5,0.0,0.0,0.0,1,2102.5,2148.5,2,2187.5,0.0,0.0,0.0,0.0,0.0,2
2023-05-09 21:10:56,j2311,j2311,2187.5,0.0,0.0,0.0,1,2105.0,2148.5,2,2187.5,0.0,0.0,0.0,0.0,0.0,2
2023-05-09 21:10:58,j2311,j2311,2187.5,0.0,0.0,0.0,1,2105.0,2199.5,1,2187.5,0.0,0.0,0.0,0.0,0.0,2
2023-05-09 21:10:59,j2311,j2311,2187.5,0.0,0.0,0.0,1,2105.0,2197.0,1,2187.5,0.0,0.0,0.0,0.0,0.0,2
2023-05-09 21:11:00,j2311,j2311,2187.5,0.0,0.0,0.0,1,2105.0,2194.5,1,2187.5,0.0,0.0,0.0,0.0,0.0,2
2023-05-09 21:11:00,j2311,j2311,2187.5,0.0,0.0,0.0,1,2105.0,2194.0,3,2187.5,0.0,0.0,0.0,0.0,0.0,2
2023-05-09 21:11:01,j2311,j2311,2187.5,0.0,0.0,0.0,1,2105.0,2191.5,1,2187.5,0.0,0.0,0.0,0.0,0.0,2
2023-05-09 21:11:02,j2311,j2311,2187.5,0.0,0.0,0.0,1,2105.0,2191.0,3,2187.5,0.0,0.0,0.0,0.0,0.0,2
2023-05-09 21:11:03,j2311,j2311,2187.5,0.0,0.0,0.0,1,2105.0,2188.5,1,2187.5,0.0,0.0,0.0,0.0,0.0,2
2023-05-09 21:11:03,j2311,j2311,2187.5,0.0,0.0,0.0,1,2105.0,2188.0,3,2187.5,0.0,0.0,0.0,0.0,0.0,2
2023-05-09 21:11:04,j2311,j2311,2187.5,0.0,0.0,0.0,1,2105.0,2185.5,1,2187.5,0.0,0.0,0.0,0.0,0.0,2
2023-05-09 21:11:05,j2311,j2311,2187.5,0.0,0.0,0.0,1,2105.0,2185.0,1,2187.5,0.0,0.0,0.0,0.0,0.0,2
2023-05-09 21:11:06,j2311,j2311,2187.5,0.0,0.0,0.0,1,2105.0,2182.5,1,2187.5,0.0,0.0,0.0,0.0,0.0,2
2023-05-09 21:11:06,j2311,j2311,2187.5,0.0,0.0,0.0,1,2105.0,2182.0,1,2187.5,0.0,0.0,0.0,0.0,0.0,2
2023-05-09 21:11:07,j2311,j2311,2187.5,0.0,0.0,0.0,1,2105.0,2179.5,1,2187.5,0.0,0.0,0.0,0.0,0.0,2
2023-05-09 21:11:08,j2311,j2311,2187.5,0.0,0.0,0.0,1,2105.0,2179.0,3,2187.5,0.0,0.0,0.0,0.0,0.0,2
2023-05-09 21:11:09,j2311,j2311,2187.5,0.0,0.0,0.0,1,2105.0,2176.5,1,2187.5,0.0,0.0,0.0,0.0,0.0,2
2023-05-09 21:11:09,j2311,j2311,2187.5,0.0,0.0,0.0,1,2105.0,2176.0,1,2187.5,0.0,0.0,0.0,0.0,0.0,2
2023-05-09 21:11:10,j2311,j2311,2187.5,0.0,0.0,0.0,1,2105.0,2173.5,1,2187.5,0.0,0.0,0.0,0.0,0.0,2
2023-05-09 21:11:11,j2311,j2311,2187.5,0.0,0.0,0.0,1,2105.0,2173.0,1,2187.5,0.0,0.0,0.0,0.0,0.0,2
2023-05-09 21:11:12,j2311,j2311,2187.5,0.0,0.0,0.0,1,2105.0,2170.5,1,2187.5,0.0,0.0,0.0,0.0,0.0,2
2023-05-09 21:11:13,j2311,j2311,2187.5,0.0,0.0,0.0,1,2105.0,2170.0,1,2187.5,0.0,0.0,0.0,0.0,0.0,2
2023-05-09 21:11:14,j2311,j2311,2187.5,0.0,0.0,0.0,1,2105.0,2167.5,1,2187.5,0.0,0.0,0.0,0.0,0.0,2
2023-05-09 21:11:15,j2311,j2311,2187.5,0.0,0.0,0.0,1,2105.0,2167.0,3,2187.5,0.0,0.0,0.0,0.0,0.0,2
2023-05-09 21:11:16,j2311,j2311,2187.5,0.0,0.0,0.0,1,2105.0,2164.5,1,2187.5,0.0,0.0,0.0,0.0,0.0,2
2023-05-09 21:11:17,j2311,j2311,2187.5,0.0,0.0,0.0,1,2105.0,2164.0,1,2187.5,0.0,0.0,0.0,0.0,0.0,2
2023-05-09 21:11:18,j2311,j2311,2187.5,0.0,0.0,0.0,1,2105.0,2161.5,1,2187.5,0.0,0.0,0.0,0.0,0.0,2
2023-05-09 21:11:18,j2311,j2311,2187.5,0.0,0.0,0.0,1,2105.0,2161.0,1,2187.5,0.0,0.0,0.0,0.0,0.0,2
2023-05-09 21:11:19,j2311,j2311,2187.5,0.0,0.0,0.0,1,2105.0,2158.5,1,2187.5,0.0,0.0,0.0,0.0,0.0,2
2023-05-09 21:11:20,j2311,j2311,2187.5,0.0,0.0,0.0,1,2105.0,2158.0,2,2187.5,0.0,0.0,0.0,0.0,0.0,2
2023-05-09 21:11:21,j2311,j2311,2187.5,0.0,0.0,0.0,1,2105.0,2155.5,1,2187.5,0.0,0.0,0.0,0.0,0.0,2
2023-05-09 21:11:22,j2311,j2311,2187.5,0.0,0.0,0.0,1,2105.0,2155.0,2,2187.5,0.0,0.0,0.0,0.0,0.0,2
2023-05-09 21:11:22,j2311,j2311,2187.5,0.0,0.0,0.0,1,2105.0,2152.5,1,2187.5,0.0,0.0,0.0,0.0,0.0,2
2023-05-09 21:11:23,j2311,j2311,2187.5,0.0,0.0,0.0,1,2105.0,2152.0,2,2187.5,0.0,0.0,0.0,0.0,0.0,2
2023-05-09 21:11:37,j2311,j2311,2187.5,0.0,0.0,0.0,1,2105.5,2152.0,2,2187.5,0.0,0.0,0.0,0.0,0.0,2
2023-05-09 21:11:38,j2311,j2311,2187.5,0.0,0.0,0.0,1,2108.0,2152.0,2,2187.5,0.0,0.0,0.0,0.0,0.0,2
2023-05-09 21:11:57,j2311,j2311,2187.5,0.0,0.0,0.0,1,2108.0,2149.5,1,2187.5,0.0,0.0,0.0,0.0,0.0,2
2023-05-09 21:11:58,j2311,j2311,2187.5,0.0,0.0,0.0,1,2108.0,2149.0,2,2187.5,0.0,0.0,0.0,0.0,0.0,2
2023-05-09 21:12:01,j2311,j2311,2187.5,0.0,0.0,0.0,1,2108.0,2199.5,1,2187.5,0.0,0.0,0.0,0.0,0.0,2
2023-05-09 21:12:02,j2311,j2311,2187.5,0.0,0.0,0.0,1,2108.0,2197.0,1,2187.5,0.0,0.0,0.0,0.0,0.0,2
2023-05-09 21:12:03,j2311,j2311,2187.5,0.0,0.0,0.0,1,2108.0,2194.5,1,2187.5,0.0,0.0,0.0,0.0,0.0,2
2023-05-09 21:12:03,j2311,j2311,2187.5,0.0,0.0,0.0,1,2108.0,2194.0,3,2187.5,0.0,0.0,0.0,0.0,0.0,2
2023-05-09 21:12:04,j2311,j2311,2187.5,0.0,0.0,0.0,1,2108.0,2191.5,1,2187.5,0.0,0.0,0.0,0.0,0.0,2
2023-05-09 21:12:05,j2311,j2311,2187.5,0.0,0.0,0.0,1,2108.0,2191.0,1,2187.5,0.0,0.0,0.0,0.0,0.0,2
2023-05-09 21:12:06,j2311,j2311,2187.5,0.0,0.0,0.0,1,2108.0,2188.5,1,2187.5,0.0,0.0,0.0,0.0,0.0,2
2023-05-09 21:12:06,j2311,j2311,2187.5,0.0,0.0,0.0,1,2108.0,2188.0,3,2187.5,0.0,0.0,0.0,0.0,0.0,2
2023-05-09 21:12:07,j2311,j2311,2187.5,0.0,0.0,0.0,1,2108.0,2185.5,1,2187.5,0.0,0.0,0.0,0.0,0.0,2
2023-05-09 21:12:08,j2311,j2311,2187.5,0.0,0.0,0.0,1,2108.0,2185.0,1,2187.5,0.0,0.0,0.0,0.0,0.0,2
2023-05-09 21:12:09,j2311,j2311,2187.5,0.0,0.0,0.0,1,2108.0,2182.5,1,2187.5,0.0,0.0,0.0,0.0,0.0,2
2023-05-09 21:12:10,j2311,j2311,2187.5,0.0,0.0,0.0,1,2108.0,2182.0,3,2187.5,0.0,0.0,0.0,0.0,0.0,2
2023-05-09 21:12:11,j2311,j2311,2187.5,0.0,0.0,0.0,1,2108.0,2179.5,1,2187.5,0.0,0.0,0.0,0.0,0.0,2
2023-05-09 21:12:11,j2311,j2311,2187.5,0.0,0.0,0.0,1,2108.0,2179.0,1,2187.5,0.0,0.0,0.0,0.0,0.0,2
2023-05-09 21:12:12,j2311,j2311,2187.5,0.0,0.0,0.0,1,2108.0,2176.5,1,2187.5,0.0,0.0,0.0,0.0,0.0,2
2023-05-09 21:12:13,j2311,j2311,2187.5,0.0,0.0,0.0,1,2108.0,2176.0,1,2187.5,0.0,0.0,0.0,0.0,0.0,2
2023-05-09 21:12:13,j2311,j2311,2187.5,0.0,0.0,0.0,1,2108.0,2173.5,1,2187.5,0.0,0.0,0.0,0.0,0.0,2
2023-05-09 21:12:16,j2311,j2311,2187.5,0.0,0.0,0.0,1,2108.0,2173.0,3,2187.5,0.0,0.0,0.0,0.0,0.0,2
2023-05-09 21:12:16,j2311,j2311,2187.5,0.0,0.0,0.0,1,2108.0,2170.5,1,2187.5,0.0,0.0,0.0,0.0,0.0,2
2023-05-09 21:12:18,j2311,j2311,2187.5,0.0,0.0,0.0,1,2108.0,2170.0,3,2187.5,0.0,0.0,0.0,0.0,0.0,2
2023-05-09 21:12:19,j2311,j2311,2187.5,0.0,0.0,0.0,1,2108.0,2167.5,1,2187.5,0.0,0.0,0.0,0.0,0.0,2
2023-05-09 21:12:20,j2311,j2311,2187.5,0.0,0.0,0.0,1,2108.5,2167.5,1,2187.5,0.0,0.0,0.0,0.0,0.0,2
2023-05-09 21:12:21,j2311,j2311,2187.5,0.0,0.0,0.0,1,2111.0,2167.0,1,2187.5,0.0,0.0,0.0,0.0,0.0,2
2023-05-09 21:12:21,j2311,j2311,2187.5,0.0,0.0,0.0,1,2111.0,2164.5,1,2187.5,0.0,0.0,0.0,0.0,0.0,2
2023-05-09 21:12:23,j2311,j2311,2187.5,0.0,0.0,0.0,1,2111.0,2164.0,3,2187.5,0.0,0.0,0.0,0.0,0.0,2
2023-05-09 21:12:24,j2311,j2311,2187.5,0.0,0.0,0.0,1,2111.0,2161.5,1,2187.5,0.0,0.0,0.0,0.0,0.0,2
2023-05-09 21:12:24,j2311,j2311,2187.5,0.0,0.0,0.0,1,2111.0,2161.0,3,2187.5,0.0,0.0,0.0,0.0,0.0,2
2023-05-09 21:12:25,j2311,j2311,2187.5,0.0,0.0,0.0,1,2111.0,2158.5,1,2187.5,0.0,0.0,0.0,0.0,0.0,2
2023-05-09 21:12:26,j2311,j2311,2187.5,0.0,0.0,0.0,1,2111.0,2158.0,2,2187.5,0.0,0.0,0.0,0.0,0.0,2
2023-05-09 21:12:27,j2311,j2311,2187.5,0.0,0.0,0.0,1,2111.0,2155.5,1,2187.5,0.0,0.0,0.0,0.0,0.0,2
2023-05-09 21:12:28,j2311,j2311,2187.5,0.0,0.0,0.0,1,2111.0,2155.0,2,2187.5,0.0,0.0,0.0,0.0,0.0,2
2023-05-09 21:12:28,j2311,j2311,2187.5,0.0,0.0,0.0,1,2111.0,2152.5,1,2187.5,0.0,0.0,0.0,0.0,0.0,2
2023-05-09 21:12:29,j2311,j2311,2187.5,0.0,0.0,0.0,1,2111.0,2152.0,2,2187.5,0.0,0.0,0.0,0.0,0.0,2
2023-05-09 21:12:33,j2311,j2311,2187.5,0.0,0.0,0.0,1,2111.0,2149.5,1,2187.5,0.0,0.0,0.0,0.0,0.0,2
2023-05-09 21:12:33,j2311,j2311,2187.5,0.0,0.0,0.0,1,2111.0,2149.0,2,2187.5,0.0,0.0,0.0,0.0,0.0,2
2023-05-09 21:12:35,j2311,j2311,2187.5,0.0,0.0,0.0,1,2111.0,2199.5,1,2187.5,0.0,0.0,0.0,0.0,0.0,2
2023-05-09 21:12:35,j2311,j2311,2187.5,0.0,0.0,0.0,1,2111.0,2197.0,1,2187.5,0.0,0.0,0.0,0.0,0.0,2
2023-05-09 21:12:36,j2311,j2311,2187.5,0.0,0.0,0.0,1,2111.0,2194.5,1,2187.5,0.0,0.0,0.0,0.0,0.0,2
2023-05-09 21:12:37,j2311,j2311,2187.5,0.0,0.0,0.0,1,2111.0,2194.0,1,2187.5,0.0,0.0,0.0,0.0,0.0,2
2023-05-09 21:12:38,j2311,j2311,2187.5,0.0,0.0,0.0,1,2111.0,2191.5,1,2187.5,0.0,0.0,0.0,0.0,0.0,2
2023-05-09 21:12:38,j2311,j2311,2187.5,0.0,0.0,0.0,1,2111.0,2191.0,3,2187.5,0.0,0.0,0.0,0.0,0.0,2
2023-05-09 21:12:39,j2311,j2311,2187.5,0.0,0.0,0.0,1,2111.0,2188.5,1,2187.5,0.0,0.0,0.0,0.0,0.0,2
2023-05-09 21:12:40,j2311,j2311,2187.5,0.0,0.0,0.0,1,2111.0,2188.0,3,2187.5,0.0,0.0,0.0,0.0,0.0,2
2023-05-09 21:12:41,j2311,j2311,2187.5,0.0,0.0,0.0,1,2111.0,2185.5,1,2187.5,0.0,0.0,0.0,0.0,0.0,2
2023-05-09 21:12:42,j2311,j2311,2187.5,0.0,0.0,0.0,1,2111.0,2185.0,3,2187.5,0.0,0.0,0.0,0.0,0.0,2
2023-05-09 21:12:43,j2311,j2311,2187.5,0.0,0.0,0.0,1,2111.0,2182.5,1,2187.5,0.0,0.0,0.0,0.0,0.0,2
2023-05-09 21:12:43,j2311,j2311,2187.5,0.0,0.0,0.0,1,2111.0,2182.0,3,2187.5,0.0,0.0,0.0,0.0,0.0,2
2023-05-09 21:12:44,j2311,j2311,2187.5,0.0,0.0,0.0,1,2111.0,2179.5,1,2187.5,0.0,0.0,0.0,0.0,0.0,2
2023-05-09 21:12:45,j2311,j2311,2187.5,0.0,0.0,0.0,1,2111.0,2179.0,3,2187.5,0.0,0.0,0.0,0.0,0.0,2
2023-05-09 21:12:45,j2311,j2311,2187.5,0.0,0.0,0.0,1,2111.0,2176.5,1,2187.5,0.0,0.0,0.0,0.0,0.0,2
2023-05-09 21:12:46,j2311,j2311,2187.5,0.0,0.0,0.0,1,2111.0,2176.0,3,2187.5,0.0,0.0,0.0,0.0,0.0,2
2023-05-09 21:12:47,j2311,j2311,2187.5,0.0,0.0,0.0,1,2111.0,2173.5,1,2187.5,0.0,0.0,0.0,0.0,0.0,2
2023-05-09 21:12:48,j2311,j2311,2187.5,0.0,0.0,0.0,1,2111.0,2173.0,1,2187.5,0.0,0.0,0.0,0.0,0.0,2
2023-05-09 21:12:48,j2311,j2311,2187.5,0.0,0.0,0.0,1,2111.0,2170.5,1,2187.5,0.0,0.0,0.0,0.0,0.0,2
2023-05-09 21:12:49,j2311,j2311,2187.5,0.0,0.0,0.0,1,2111.0,2170.0,3,2187.5,0.0,0.0,0.0,0.0,0.0,2
2023-05-09 21:12:50,j2311,j2311,2187.5,0.0,0.0,0.0,1,2111.0,2167.5,1,2187.5,0.0,0.0,0.0,0.0,0.0,2
2023-05-09 21:12:51,j2311,j2311,2187.5,0.0,0.0,0.0,1,2111.0,2167.0,3,2187.5,0.0,0.0,0.0,0.0,0.0,2
2023-05-09 21:12:52,j2311,j2311,2187.5,0.0,0.0,0.0,1,2111.0,2164.5,1,2187.5,0.0,0.0,0.0,0.0,0.0,2
2023-05-09 21:12:53,j2311,j2311,2187.5,0.0,0.0,0.0,1,2111.0,2164.0,1,2187.5,0.0,0.0,0.0,0.0,0.0,2
2023-05-09 21:12:53,j2311,j2311,2187.5,0.0,0.0,0.0,1,2111.0,2161.5,1,2187.5,0.0,0.0,0.0,0.0,0.0,2
2023-05-09 21:12:54,j2311,j2311,2187.5,0.0,0.0,0.0,1,2111.0,2161.0,2,2187.5,0.0,0.0,0.0,0.0,0.0,2
2023-05-09 21:12:55,j2311,j2311,2187.5,0.0,0.0,0.0,1,2111.0,2158.5,1,2187.5,0.0,0.0,0.0,0.0,0.0,2
2023-05-09 21:12:56,j2311,j2311,2187.5,0.0,0.0,0.0,1,2111.0,2158.0,2,2187.5,0.0,0.0,0.0,0.0,0.0,2
2023-05-09 21:12:56,j2311,j2311,2187.5,0.0,0.0,0.0,1,2111.0,2155.5,1,2187.5,0.0,0.0,0.0,0.0,0.0,2
2023-05-09 21:12:57,j2311,j2311,2187.5,0.0,0.0,0.0,1,2111.0,2155.0,2,2187.5,0.0,0.0,0.0,0.0,0.0,2
2023-05-09 21:12:58,j2311,j2311,2187.5,0.0,0.0,0.0,1,2111.0,2152.5,1,2187.5,0.0,0.0,0.0,0.0,0.0,2
2023-05-09 21:12:59,j2311,j2311,2187.5,0.0,0.0,0.0,1,2111.0,2152.0,2,2187.5,0.0,0.0,0.0,0.0,0.0,2
2023-05-09 21:13:03,j2311,j2311,2187.5,0.0,0.0,0.0,1,2111.5,2152.0,2,2187.5,0.0,0.0,0.0,0.0,0.0,2
2023-05-09 21:13:03,j2311,j2311,2187.5,0.0,0.0,0.0,1,2114.0,2152.0,2,2187.5,0.0,0.0,0.0,0.0,0.0,2
2023-05-09 21:13:06,j2311,j2311,2187.5,0.0,0.0,0.0,1,2114.0,2149.5,1,2187.5,0.0,0.0,0.0,0.0,0.0,2
2023-05-09 21:13:07,j2311,j2311,2187.5,0.0,0.0,0.0,1,2114.0,2149.0,2,2187.5,0.0,0.0,0.0,0.0,0.0,2
2023-05-09 21:13:08,j2311,j2311,2187.5,0.0,0.0,0.0,1,2114.0,2197.0,1,2187.5,0.0,0.0,0.0,0.0,0.0,2
2023-05-09 21:13:08,j2311,j2311,2187.5,0.0,0.0,0.0,1,2114.0,2196.5,1,2187.5,0.0,0.0,0.0,0.0,0.0,2
2023-05-09 21:13:09,j2311,j2311,2187.5,0.0,0.0,0.0,1,2114.0,2194.0,1,2187.5,0.0,0.0,0.0,0.0,0.0,2
2023-05-09 21:13:10,j2311,j2311,2187.5,0.0,0.0,0.0,1,2114.0,2193.5,1,2187.5,0.0,0.0,0.0,0.0,0.0,2
2023-05-09 21:13:11,j2311,j2311,2187.5,0.0,0.0,0.0,1,2114.0,2191.0,1,2187.5,0.0,0.0,0.0,0.0,0.0,2
2023-05-09 21:13:11,j2311,j2311,2187.5,0.0,0.0,0.0,1,2114.0,2190.5,3,2187.5,0.0,0.0,0.0,0.0,0.0,2
2023-05-09 21:13:12,j2311,j2311,2187.5,0.0,0.0,0.0,1,2114.0,2188.0,1,2187.5,0.0,0.0,0.0,0.0,0.0,2
2023-05-09 21:13:13,j2311,j2311,2187.5,0.0,0.0,0.0,1,2114.0,2187.5,1,2187.5,0.0,0.0,0.0,0.0,0.0,2
2023-05-09 21:13:14,j2311,j2311,2187.5,0.0,0.0,0.0,1,2114.0,2185.0,1,2187.5,0.0,0.0,0.0,0.0,0.0,2
2023-05-09 21:13:14,j2311,j2311,2187.5,0.0,0.0,0.0,1,2114.0,2184.5,1,2187.5,0.0,0.0,0.0,0.0,0.0,2
2023-05-09 21:13:15,j2311,j2311,2187.5,0.0,0.0,0.0,1,2114.0,2182.0,1,2187.5,0.0,0.0,0.0,0.0,0.0,2
2023-05-09 21:13:16,j2311,j2311,2187.5,0.0,0.0,0.0,1,2114.0,2181.5,1,2187.5,0.0,0.0,0.0,0.0,0.0,2
2023-05-09 21:13:16,j2311,j2311,2187.5,0.0,0.0,0.0,1,2114.0,2179.0,1,2187.5,0.0,0.0,0.0,0.0,0.0,2
2023-05-09 21:13:17,j2311,j2311,2187.5,0.0,0.0,0.0,1,2114.0,2178.5,1,2187.5,0.0,0.0,0.0,0.0,0.0,2
2023-05-09 21:13:18,j2311,j2311,2187.5,0.0,0.0,0.0,1,2114.0,2176.0,1,2187.5,0.0,0.0,0.0,0.0,0.0,2
2023-05-09 21:13:19,j2311,j2311,2187.5,0.0,0.0,0.0,1,2114.0,2175.5,1,2187.5,0.0,0.0,0.0,0.0,0.0,2
2023-05-09 21:13:19,j2311,j2311,2187.5,0.0,0.0,0.0,1,2114.0,2173.0,1,2187.5,0.0,0.0,0.0,0.0,0.0,2
2023-05-09 21:13:20,j2311,j2311,2187.5,0.0,0.0,0.0,1,2114.0,2172.5,1,2187.5,0.0,0.0,0.0,0.0,0.0,2
2023-05-09 21:13:21,j2311,j2311,2187.5,0.0,0.0,0.0,1,2114.0,2170.0,1,2187.5,0.0,0.0,0.0,0.0,0.0,2
2023-05-09 21:13:22,j2311,j2311,2187.5,0.0,0.0,0.0,1,2114.0,2169.5,3,2187.5,0.0,0.0,0.0,0.0,0.0,2
2023-05-09 21:13:23,j2311,j2311,2187.5,0.0,0.0,0.0,1,2114.0,2167.0,1,2187.5,0.0,0.0,0.0,0.0,0.0,2
2023-05-09 21:13:23,j2311,j2311,2187.5,0.0,0.0,0.0,1,2114.0,2166.5,1,2187.5,0.0,0.0,0.0,0.0,0.0,2
2023-05-09 21:13:24,j2311,j2311,2187.5,0.0,0.0,0.0,1,2114.0,2164.0,1,2187.5,0.0,0.0,0.0,0.0,0.0,2
2023-05-09 21:13:25,j2311,j2311,2187.5,0.0,0.0,0.0,1,2114.0,2163.5,1,2187.5,0.0,0.0,0.0,0.0,0.0,2
2023-05-09 21:13:26,j2311,j2311,2187.5,0.0,0.0,0.0,1,2114.0,2161.0,1,2187.5,0.0,0.0,0.0,0.0,0.0,2
2023-05-09 21:13:35,j2311,j2311,2187.5,0.0,0.0,0.0,1,2114.0,2160.5,2,2187.5,0.0,0.0,0.0,0.0,0.0,2
2023-05-09 21:13:35,j2311,j2311,2187.5,0.0,0.0,0.0,1,2114.0,2158.0,1,2187.5,0.0,0.0,0.0,0.0,0.0,2
2023-05-09 21:13:43,j2311,j2311,2187.5,0.0,0.0,0.0,1,2114.0,2157.5,2,2187.5,0.0,0.0,0.0,0.0,0.0,2
2023-05-09 21:13:44,j2311,j2311,2187.5,0.0,0.0,0.0,1,2114.0,2155.0,1,2187.5,0.0,0.0,0.0,0.0,0.0,2
2023-05-09 21:13:45,j2311,j2311,2187.5,0.0,0.0,0.0,1,2114.5,2155.0,1,2187.5,0.0,0.0,0.0,0.0,0.0,2
2023-05-09 21:13:46,j2311,j2311,2187.5,0.0,0.0,0.0,1,2117.0,2155.0,1,2187.5,0.0,0.0,0.0,0.0,0.0,2
2023-05-09 21:13:53,j2311,j2311,2187.5,0.0,0.0,0.0,1,2117.0,2154.5,2,2187.5,0.0,0.0,0.0,0.0,0.0,2
2023-05-09 21:14:28,j2311,j2311,2187.5,0.0,0.0,0.0,1,2117.5,2154.5,2,2187.5,0.0,0.0,0.0,0.0,0.0,2
2023-05-09 21:14:29,j2311,j2311,2187.5,0.0,0.0,0.0,1,2120.0,2154.5,2,2187.5,0.0,0.0,0.0,0.0,0.0,2
2023-05-09 21:15:07,j2311,j2311,2187.5,0.0,0.0,0.0,1,2120.0,2197.0,1,2187.5,0.0,0.0,0.0,0.0,0.0,2
2023-05-09 21:15:07,j2311,j2311,2187.5,0.0,0.0,0.0,1,2120.0,2196.5,1,2187.5,0.0,0.0,0.0,0.0,0.0,2
2023-05-09 21:15:08,j2311,j2311,2187.5,0.0,0.0,0.0,1,2120.0,2194.0,1,2187.5,0.0,0.0,0.0,0.0,0.0,2
2023-05-09 21:15:08,j2311,j2311,2187.5,0.0,0.0,0.0,1,2120.0,2193.5,1,2187.5,0.0,0.0,0.0,0.0,0.0,2
2023-05-09 21:15:09,j2311,j2311,2187.5,0.0,0.0,0.0,1,2120.0,2191.0,1,2187.5,0.0,0.0,0.0,0.0,0.0,2
2023-05-09 21:15:10,j2311,j2311,2187.5,0.0,0.0,0.0,1,2120.0,2190.5,3,2187.5,0.0,0.0,0.0,0.0,0.0,2
2023-05-09 21:15:11,j2311,j2311,2187.5,0.0,0.0,0.0,1,2120.5,2188.0,1,2187.5,0.0,0.0,0.0,0.0,0.0,2
2023-05-09 21:15:11,j2311,j2311,2187.5,0.0,0.0,0.0,1,2123.0,2188.0,1,2187.5,0.0,0.0,0.0,0.0,0.0,2
2023-05-09 21:15:11,j2311,j2311,2187.5,0.0,0.0,0.0,1,2123.0,2187.5,1,2187.5,0.0,0.0,0.0,0.0,0.0,2
2023-05-09 21:15:12,j2311,j2311,2187.5,0.0,0.0,0.0,1,2123.0,2185.0,1,2187.5,0.0,0.0,0.0,0.0,0.0,2
2023-05-09 21:15:13,j2311,j2311,2187.5,0.0,0.0,0.0,1,2123.0,2184.5,1,2187.5,0.0,0.0,0.0,0.0,0.0,2
2023-05-09 21:15:14,j2311,j2311,2187.5,0.0,0.0,0.0,1,2123.0,2182.0,1,2187.5,0.0,0.0,0.0,0.0,0.0,2
2023-05-09 21:15:14,j2311,j2311,2187.5,0.0,0.0,0.0,1,2123.0,2181.5,1,2187.5,0.0,0.0,0.0,0.0,0.0,2
2023-05-09 21:15:15,j2311,j2311,2187.5,0.0,0.0,0.0,1,2123.0,2179.0,1,2187.5,0.0,0.0,0.0,0.0,0.0,2
2023-05-09 21:15:16,j2311,j2311,2187.5,0.0,0.0,0.0,1,2123.0,2178.5,1,2187.5,0.0,0.0,0.0,0.0,0.0,2
2023-05-09 21:15:16,j2311,j2311,2187.5,0.0,0.0,0.0,1,2123.0,2176.0,1,2187.5,0.0,0.0,0.0,0.0,0.0,2
2023-05-09 21:15:17,j2311,j2311,2187.5,0.0,0.0,0.0,1,2123.0,2175.5,1,2187.5,0.0,0.0,0.0,0.0,0.0,2
2023-05-09 21:15:18,j2311,j2311,2187.5,0.0,0.0,0.0,1,2123.0,2173.0,1,2187.5,0.0,0.0,0.0,0.0,0.0,2
2023-05-09 21:15:19,j2311,j2311,2187.5,0.0,0.0,0.0,1,2123.0,2172.5,1,2187.5,0.0,0.0,0.0,0.0,0.0,2
2023-05-09 21:15:20,j2311,j2311,2187.5,0.0,0.0,0.0,1,2123.0,2170.0,1,2187.5,0.0,0.0,0.0,0.0,0.0,2
2023-05-09 21:15:20,j2311,j2311,2187.5,0.0,0.0,0.0,1,2123.0,2169.5,1,2187.5,0.0,0.0,0.0,0.0,0.0,2
2023-05-09 21:15:21,j2311,j2311,2187.5,0.0,0.0,0.0,1,2123.0,2167.0,1,2187.5,0.0,0.0,0.0,0.0,0.0,2
2023-05-09 21:15:36,j2311,j2311,2187.5,0.0,0.0,0.0,1,2123.0,2166.5,2,2187.5,0.0,0.0,0.0,0.0,0.0,2
2023-05-09 21:15:37,j2311,j2311,2187.5,0.0,0.0,0.0,1,2123.0,2164.0,1,2187.5,0.0,0.0,0.0,0.0,0.0,2
2023-05-09 21:15:51,j2311,j2311,2187.5,0.0,0.0,0.0,1,2123.0,2163.5,2,2187.5,0.0,0.0,0.0,0.0,0.0,2
2023-05-09 21:15:53,j2311,j2311,2187.5,0.0,0.0,0.0,1,2123.5,2163.5,2,2187.5,0.0,0.0,0.0,0.0,0.0,2
2023-05-09 21:15:53,j2311,j2311,2187.5,0.0,0.0,0.0,1,2126.0,2163.5,2,2187.5,0.0,0.0,0.0,0.0,0.0,2
2023-05-09 21:16:03,j2311,j2311,2187.5,0.0,0.0,0.0,1,2126.0,2161.0,1,2187.5,0.0,0.0,0.0,0.0,0.0,2
2023-05-09 21:16:05,j2311,j2311,2187.5,0.0,0.0,0.0,1,2126.0,2160.5,2,2187.5,0.0,0.0,0.0,0.0,0.0,2
2023-05-09 21:16:34,j2311,j2311,2187.5,0.0,0.0,0.0,1,2126.5,2160.5,2,2187.5,0.0,0.0,0.0,0.0,0.0,2
2023-05-09 21:16:34,j2311,j2311,2187.5,0.0,0.0,0.0,1,2129.0,2160.5,2,2187.5,0.0,0.0,0.0,0.0,0.0,2
2023-05-09 21:17:17,j2311,j2311,2187.5,0.0,0.0,0.0,1,2129.5,2160.5,2,2187.5,0.0,0.0,0.0,0.0,0.0,2
2023-05-09 21:17:17,j2311,j2311,2187.5,0.0,0.0,0.0,1,2132.0,2160.5,2,2187.5,0.0,0.0,0.0,0.0,0.0,2
2023-05-09 21:17:59,j2311,j2311,2187.5,0.0,0.0,0.0,1,2132.0,2160.0,1,2187.5,0.0,0.0,0.0,0.0,0.0,2
2023-05-09 21:18:01,j2311,j2311,2187.5,0.0,0.0,0.0,1,2132.0,2159.5,2,2187.5,0.0,0.0,0.0,0.0,0.0,2
2023-05-09 21:18:41,j2311,j2311,2187.5,0.0,0.0,0.0,1,2132.0,2159.0,1,2187.5,0.0,0.0,0.0,0.0,0.0,2
2023-05-09 21:18:43,j2311,j2311,2187.5,0.0,0.0,0.0,1,2132.0,2158.5,2,2187.5,0.0,0.0,0.0,0.0,0.0,2
2023-05-09 21:19:23,j2311,j2311,2187.5,0.0,0.0,0.0,1,2132.0,2158.0,1,2187.5,0.0,0.0,0.0,0.0,0.0,2
2023-05-09 21:19:24,j2311,j2311,2187.5,0.0,0.0,0.0,1,2132.0,2157.5,2,2187.5,0.0,0.0,0.0,0.0,0.0,2
2023-05-09 21:20:05,j2311,j2311,2187.5,0.0,0.0,0.0,1,2132.0,2157.0,1,2187.5,0.0,0.0,0.0,0.0,0.0,2
2023-05-09 21:20:07,j2311,j2311,2187.5,0.0,0.0,0.0,1,2132.0,2156.5,2,2187.5,0.0,0.0,0.0,0.0,0.0,2
2023-05-09 21:20:48,j2311,j2311,2187.5,0.0,0.0,0.0,1,2132.0,2156.0,1,2187.5,0.0,0.0,0.0,0.0,0.0,2
2023-05-09 21:20:49,j2311,j2311,2187.5,0.0,0.0,0.0,1,2132.0,2155.5,2,2187.5,0.0,0.0,0.0,0.0,0.0,2
2023-05-09 21:21:31,j2311,j2311,2187.5,0.0,0.0,0.0,1,2132.0,2155.0,1,2187.5,0.0,0.0,0.0,0.0,0.0,2
2023-05-09 21:21:33,j2311,j2311,2187.5,0.0,0.0,0.0,1,2132.0,2197.0,1,2187.5,0.0,0.0,0.0,0.0,0.0,2
2023-05-09 21:21:33,j2311,j2311,2187.5,0.0,0.0,0.0,1,2132.0,2196.5,3,2187.5,0.0,0.0,0.0,0.0,0.0,2
2023-05-09 21:21:34,j2311,j2311,2187.5,0.0,0.0,0.0,1,2132.0,2194.0,1,2187.5,0.0,0.0,0.0,0.0,0.0,2
2023-05-09 21:21:36,j2311,j2311,2187.5,0.0,0.0,0.0,1,2132.0,2193.5,3,2187.5,0.0,0.0,0.0,0.0,0.0,2
2023-05-09 21:21:37,j2311,j2311,2187.5,0.0,0.0,0.0,1,2132.0,2191.0,1,2187.5,0.0,0.0,0.0,0.0,0.0,2
2023-05-09 21:21:37,j2311,j2311,2187.5,0.0,0.0,0.0,1,2132.0,2190.5,3,2187.5,0.0,0.0,0.0,0.0,0.0,2
2023-05-09 21:21:38,j2311,j2311,2187.5,0.0,0.0,0.0,1,2132.0,2188.0,1,2187.5,0.0,0.0,0.0,0.0,0.0,2
2023-05-09 21:21:39,j2311,j2311,2187.5,0.0,0.0,0.0,1,2132.0,2187.5,3,2187.5,0.0,0.0,0.0,0.0,0.0,2
2023-05-09 21:21:39,j2311,j2311,2187.5,0.0,0.0,0.0,1,2132.0,2185.0,1,2187.5,0.0,0.0,0.0,0.0,0.0,2
2023-05-09 21:21:40,j2311,j2311,2187.5,0.0,0.0,0.0,1,2132.0,2184.5,1,2187.5,0.0,0.0,0.0,0.0,0.0,2
2023-05-09 21:21:41,j2311,j2311,2187.5,0.0,0.0,0.0,1,2132.0,2182.0,1,2187.5,0.0,0.0,0.0,0.0,0.0,2
2023-05-09 21:21:42,j2311,j2311,2187.5,0.0,0.0,0.0,1,2132.0,2181.5,3,2187.5,0.0,0.0,0.0,0.0,0.0,2
2023-05-09 21:21:42,j2311,j2311,2187.5,0.0,0.0,0.0,1,2132.0,2179.0,1,2187.5,0.0,0.0,0.0,0.0,0.0,2
2023-05-09 21:21:44,j2311,j2311,2187.5,0.0,0.0,0.0,1,2132.0,2178.5,3,2187.5,0.0,0.0,0.0,0.0,0.0,2
2023-05-09 21:21:44,j2311,j2311,2187.5,0.0,0.0,0.0,1,2132.0,2176.0,1,2187.5,0.0,0.0,0.0,0.0,0.0,2
2023-05-09 21:21:45,j2311,j2311,2187.5,0.0,0.0,0.0,1,2132.0,2175.5,1,2187.5,0.0,0.0,0.0,0.0,0.0,2
2023-05-09 21:21:46,j2311,j2311,2187.5,0.0,0.0,0.0,1,2132.0,2173.0,1,2187.5,0.0,0.0,0.0,0.0,0.0,2
2023-05-09 21:21:47,j2311,j2311,2187.5,0.0,0.0,0.0,1,2132.0,2172.5,3,2187.5,0.0,0.0,0.0,0.0,0.0,2
2023-05-09 21:21:48,j2311,j2311,2187.5,0.0,0.0,0.0,1,2132.0,2170.0,1,2187.5,0.0,0.0,0.0,0.0,0.0,2
2023-05-09 21:21:48,j2311,j2311,2187.5,0.0,0.0,0.0,1,2132.0,2169.5,2,2187.5,0.0,0.0,0.0,0.0,0.0,2
2023-05-09 21:21:49,j2311,j2311,2187.5,0.0,0.0,0.0,1,2132.0,2167.0,1,2187.5,0.0,0.0,0.0,0.0,0.0,2
2023-05-09 21:21:50,j2311,j2311,2187.5,0.0,0.0,0.0,1,2132.0,2166.5,2,2187.5,0.0,0.0,0.0,0.0,0.0,2
2023-05-09 21:21:51,j2311,j2311,2187.5,0.0,0.0,0.0,1,2132.0,2164.0,1,2187.5,0.0,0.0,0.0,0.0,0.0,2
2023-05-09 21:21:53,j2311,j2311,2187.5,0.0,0.0,0.0,1,2132.0,2163.5,2,2187.5,0.0,0.0,0.0,0.0,0.0,2
2023-05-09 21:21:54,j2311,j2311,2187.5,0.0,0.0,0.0,1,2132.0,2161.0,1,2187.5,0.0,0.0,0.0,0.0,0.0,2
2023-05-09 21:21:55,j2311,j2311,2187.5,0.0,0.0,0.0,1,2132.0,2160.5,2,2187.5,0.0,0.0,0.0,0.0,0.0,2
2023-05-09 21:22:11,j2311,j2311,2187.5,0.0,0.0,0.0,2,2073.5,2158.0,1,2187.5,0.0,0.0,0.0,0.0,0.0,2
2023-05-09 21:22:11,j2311,j2311,2187.5,0.0,0.0,0.0,1,2076.0,2158.0,1,2187.5,0.0,0.0,0.0,0.0,0.0,2
2023-05-09 21:22:12,j2311,j2311,2187.5,0.0,0.0,0.0,1,2076.0,2157.5,2,2187.5,0.0,0.0,0.0,0.0,0.0,2
2023-05-09 21:22:14,j2311,j2311,2187.5,0.0,0.0,0.0,1,2076.5,2157.5,2,2187.5,0.0,0.0,0.0,0.0,0.0,2
2023-05-09 21:22:14,j2311,j2311,2187.5,0.0,0.0,0.0,1,2079.0,2157.5,2,2187.5,0.0,0.0,0.0,0.0,0.0,2
2023-05-09 21:22:57,j2311,j2311,2187.5,0.0,0.0,0.0,1,2079.5,2157.5,2,2187.5,0.0,0.0,0.0,0.0,0.0,2
2023-05-09 21:22:57,j2311,j2311,2187.5,0.0,0.0,0.0,1,2082.0,2157.5,2,2187.5,0.0,0.0,0.0,0.0,0.0,2
2023-05-09 21:23:40,j2311,j2311,2187.5,0.0,0.0,0.0,1,2082.5,2157.5,2,2187.5,0.0,0.0,0.0,0.0,0.0,2
2023-05-09 21:23:40,j2311,j2311,2187.5,0.0,0.0,0.0,1,2085.0,2157.5,2,2187.5,0.0,0.0,0.0,0.0,0.0,2
2023-05-09 21:23:48,j2311,j2311,2187.5,0.0,0.0,0.0,1,2085.0,2155.0,1,2187.5,0.0,0.0,0.0,0.0,0.0,2
2023-05-09 21:23:49,j2311,j2311,2187.5,0.0,0.0,0.0,1,2085.0,2154.5,2,2187.5,0.0,0.0,0.0,0.0,0.0,2
2023-05-09 21:24:23,j2311,j2311,2187.5,0.0,0.0,0.0,1,2085.5,2154.5,2,2187.5,0.0,0.0,0.0,0.0,0.0,2
2023-05-09 21:24:23,j2311,j2311,2187.5,0.0,0.0,0.0,1,2088.0,2154.5,2,2187.5,0.0,0.0,0.0,0.0,0.0,2
2023-05-09 21:24:46,j2311,j2311,2187.5,0.0,0.0,0.0,1,2088.0,2152.0,1,2187.5,0.0,0.0,0.0,0.0,0.0,2
2023-05-09 21:24:47,j2311,j2311,2187.5,0.0,0.0,0.0,1,2088.0,2151.5,2,2187.5,0.0,0.0,0.0,0.0,0.0,2
2023-05-09 21:25:06,j2311,j2311,2187.5,0.0,0.0,0.0,1,2088.5,2151.5,2,2187.5,0.0,0.0,0.0,0.0,0.0,2
2023-05-09 21:25:07,j2311,j2311,2187.5,0.0,0.0,0.0,1,2091.0,2151.5,2,2187.5,0.0,0.0,0.0,0.0,0.0,2
2023-05-09 21:25:49,j2311,j2311,2187.5,0.0,0.0,0.0,1,2091.5,2151.5,2,2187.5,0.0,0.0,0.0,0.0,0.0,2
2023-05-09 21:25:49,j2311,j2311,2187.5,0.0,0.0,0.0,1,2094.0,2151.5,2,2187.5,0.0,0.0,0.0,0.0,0.0,2
2023-05-09 21:26:32,j2311,j2311,2187.5,0.0,0.0,0.0,1,2094.5,2151.5,2,2187.5,0.0,0.0,0.0,0.0,0.0,2
2023-05-09 21:26:32,j2311,j2311,2187.5,0.0,0.0,0.0,1,2097.0,2151.5,2,2187.5,0.0,0.0,0.0,0.0,0.0,2
2023-05-09 21:26:43,j2311,j2311,2187.5,0.0,0.0,0.0,1,2109.0,2151.5,2,2187.5,0.0,0.0,0.0,0.0,0.0,2
2023-05-09 21:26:43,j2311,j2311,2187.5,0.0,0.0,0.0,1,2111.5,2151.5,2,2187.5,0.0,0.0,0.0,0.0,0.0,2
2023-05-09 21:27:14,j2311,j2311,2187.5,0.0,0.0,0.0,1,2112.0,2151.5,2,2187.5,0.0,0.0,0.0,0.0,0.0,2
2023-05-09 21:27:15,j2311,j2311,2187.5,0.0,0.0,0.0,1,2114.5,2151.5,2,2187.5,0.0,0.0,0.0,0.0,0.0,2
2023-05-09 21:27:15,j2311,j2311,2187.5,0.0,0.0,0.0,1,2114.5,2151.5,1,2187.5,0.0,0.0,0.0,0.0,0.0,2
2023-05-09 21:27:16,j2311,j2311,2187.5,0.0,0.0,0.0,1,2114.5,2197.0,1,2187.5,0.0,0.0,0.0,0.0,0.0,2
2023-05-09 21:27:16,j2311,j2311,2187.5,0.0,0.0,0.0,1,2114.5,2196.5,1,2187.5,0.0,0.0,0.0,0.0,0.0,2
2023-05-09 21:27:17,j2311,j2311,2187.5,0.0,0.0,0.0,1,2114.5,2194.0,1,2187.5,0.0,0.0,0.0,0.0,0.0,2
2023-05-09 21:27:18,j2311,j2311,2187.5,0.0,0.0,0.0,1,2114.5,2193.5,1,2187.5,0.0,0.0,0.0,0.0,0.0,2
2023-05-09 21:27:18,j2311,j2311,2187.5,0.0,0.0,0.0,1,2114.5,2191.0,1,2187.5,0.0,0.0,0.0,0.0,0.0,2
2023-05-09 21:27:20,j2311,j2311,2187.5,0.0,0.0,0.0,1,2114.5,2190.5,3,2187.5,0.0,0.0,0.0,0.0,0.0,2
2023-05-09 21:27:20,j2311,j2311,2187.5,0.0,0.0,0.0,1,2114.5,2188.0,1,2187.5,0.0,0.0,0.0,0.0,0.0,2
2023-05-09 21:27:21,j2311,j2311,2187.5,0.0,0.0,0.0,1,2114.5,2187.5,3,2187.5,0.0,0.0,0.0,0.0,0.0,2
2023-05-09 21:27:22,j2311,j2311,2187.5,0.0,0.0,0.0,1,2114.5,2185.0,1,2187.5,0.0,0.0,0.0,0.0,0.0,2
2023-05-09 21:27:23,j2311,j2311,2187.5,0.0,0.0,0.0,1,2114.5,2184.5,3,2187.5,0.0,0.0,0.0,0.0,0.0,2
2023-05-09 21:27:23,j2311,j2311,2187.5,0.0,0.0,0.0,1,2114.5,2182.0,1,2187.5,0.0,0.0,0.0,0.0,0.0,2
2023-05-09 21:27:24,j2311,j2311,2187.5,0.0,0.0,0.0,1,2114.5,2181.5,1,2187.5,0.0,0.0,0.0,0.0,0.0,2
2023-05-09 21:27:25,j2311,j2311,2187.5,0.0,0.0,0.0,1,2114.5,2179.0,1,2187.5,0.0,0.0,0.0,0.0,0.0,2
2023-05-09 21:27:26,j2311,j2311,2187.5,0.0,0.0,0.0,1,2114.5,2178.5,3,2187.5,0.0,0.0,0.0,0.0,0.0,2
2023-05-09 21:27:27,j2311,j2311,2187.5,0.0,0.0,0.0,1,2114.5,2176.0,1,2187.5,0.0,0.0,0.0,0.0,0.0,2
2023-05-09 21:27:28,j2311,j2311,2187.5,0.0,0.0,0.0,1,2114.5,2175.5,1,2187.5,0.0,0.0,0.0,0.0,0.0,2
2023-05-09 21:27:28,j2311,j2311,2187.5,0.0,0.0,0.0,1,2114.5,2173.0,1,2187.5,0.0,0.0,0.0,0.0,0.0,2
2023-05-09 21:27:29,j2311,j2311,2187.5,0.0,0.0,0.0,1,2114.5,2172.5,3,2187.5,0.0,0.0,0.0,0.0,0.0,2
2023-05-09 21:27:30,j2311,j2311,2187.5,0.0,0.0,0.0,1,2114.5,2170.0,1,2187.5,0.0,0.0,0.0,0.0,0.0,2
2023-05-09 21:27:31,j2311,j2311,2187.5,0.0,0.0,0.0,1,2114.5,2169.5,3,2187.5,0.0,0.0,0.0,0.0,0.0,2
2023-05-09 21:27:32,j2311,j2311,2187.5,0.0,0.0,0.0,1,2114.5,2167.0,1,2187.5,0.0,0.0,0.0,0.0,0.0,2
2023-05-09 21:27:32,j2311,j2311,2187.5,0.0,0.0,0.0,1,2114.5,2166.5,2,2187.5,0.0,0.0,0.0,0.0,0.0,2
2023-05-09 21:27:33,j2311,j2311,2187.5,0.0,0.0,0.0,1,2114.5,2164.0,1,2187.5,0.0,0.0,0.0,0.0,0.0,2
2023-05-09 21:27:34,j2311,j2311,2187.5,0.0,0.0,0.0,1,2114.5,2163.5,2,2187.5,0.0,0.0,0.0,0.0,0.0,2
2023-05-09 21:27:34,j2311,j2311,2187.5,0.0,0.0,0.0,1,2114.5,2161.0,1,2187.5,0.0,0.0,0.0,0.0,0.0,2
2023-05-09 21:27:35,j2311,j2311,2187.5,0.0,0.0,0.0,1,2114.5,2160.5,2,2187.5,0.0,0.0,0.0,0.0,0.0,2
2023-05-09 21:27:36,j2311,j2311,2187.5,0.0,0.0,0.0,1,2114.5,2158.0,1,2187.5,0.0,0.0,0.0,0.0,0.0,2
2023-05-09 21:27:37,j2311,j2311,2187.5,0.0,0.0,0.0,1,2114.5,2157.5,2,2187.5,0.0,0.0,0.0,0.0,0.0,2
2023-05-09 21:27:57,j2311,j2311,2187.5,0.0,0.0,0.0,1,2115.0,2157.5,2,2187.5,0.0,0.0,0.0,0.0,0.0,2
2023-05-09 21:27:57,j2311,j2311,2187.5,0.0,0.0,0.0,1,2117.5,2157.5,2,2187.5,0.0,0.0,0.0,0.0,0.0,2
2023-05-09 21:28:11,j2311,j2311,2187.5,0.0,0.0,0.0,1,2117.5,2155.0,1,2187.5,0.0,0.0,0.0,0.0,0.0,2
2023-05-09 21:28:12,j2311,j2311,2187.5,0.0,0.0,0.0,1,2117.5,2154.5,2,2187.5,0.0,0.0,0.0,0.0,0.0,2
2023-05-09 21:28:39,j2311,j2311,2187.5,0.0,0.0,0.0,1,2118.0,2154.5,2,2187.5,0.0,0.0,0.0,0.0,0.0,2
2023-05-09 21:28:39,j2311,j2311,2187.5,0.0,0.0,0.0,1,2120.5,2154.5,2,2187.5,0.0,0.0,0.0,0.0,0.0,2
2023-05-09 21:29:20,j2311,j2311,2187.5,0.0,0.0,0.0,1,2121.0,2154.5,2,2187.5,0.0,0.0,0.0,0.0,0.0,2
2023-05-09 21:29:20,j2311,j2311,2187.5,0.0,0.0,0.0,1,2123.5,2154.5,2,2187.5,0.0,0.0,0.0,0.0,0.0,2
2023-05-09 21:30:05,j2311,j2311,2187.5,0.0,0.0,0.0,1,2123.5,2154.0,1,2187.5,0.0,0.0,0.0,0.0,0.0,2
2023-05-09 21:30:07,j2311,j2311,2187.5,0.0,0.0,0.0,1,2123.5,2153.5,2,2187.5,0.0,0.0,0.0,0.0,0.0,2
2023-05-09 21:30:31,j2311,j2311,2187.5,0.0,0.0,0.0,1,2123.5,2151.0,1,2187.5,0.0,0.0,0.0,0.0,0.0,2
2023-05-09 21:30:32,j2311,j2311,2187.5,0.0,0.0,0.0,1,2123.5,2150.5,2,2187.5,0.0,0.0,0.0,0.0,0.0,2
2023-05-09 21:30:45,j2311,j2311,2187.5,0.0,0.0,0.0,2,2073.5,2150.5,2,2187.5,0.0,0.0,0.0,0.0,0.0,2
2023-05-09 21:30:45,j2311,j2311,2187.5,0.0,0.0,0.0,1,2076.0,2150.5,2,2187.5,0.0,0.0,0.0,0.0,0.0,2
2023-05-09 21:30:46,j2311,j2311,2187.5,0.0,0.0,0.0,1,2076.0,2148.0,1,2187.5,0.0,0.0,0.0,0.0,0.0,2
2023-05-09 21:30:48,j2311,j2311,2187.5,0.0,0.0,0.0,1,2076.5,2147.5,2,2187.5,0.0,0.0,0.0,0.0,0.0,2
2023-05-09 21:30:49,j2311,j2311,2187.5,0.0,0.0,0.0,1,2079.0,2147.5,2,2187.5,0.0,0.0,0.0,0.0,0.0,2
2023-05-09 21:31:32,j2311,j2311,2187.5,0.0,0.0,0.0,1,2079.5,2147.5,2,2187.5,0.0,0.0,0.0,0.0,0.0,2
2023-05-09 21:31:32,j2311,j2311,2187.5,0.0,0.0,0.0,1,2082.0,2147.5,2,2187.5,0.0,0.0,0.0,0.0,0.0,2
2023-05-09 21:32:14,j2311,j2311,2187.5,0.0,0.0,0.0,1,2082.5,2147.5,2,2187.5,0.0,0.0,0.0,0.0,0.0,2
2023-05-09 21:32:15,j2311,j2311,2187.5,0.0,0.0,0.0,1,2085.0,2147.5,2,2187.5,0.0,0.0,0.0,0.0,0.0,2
2023-05-09 21:32:57,j2311,j2311,2187.5,0.0,0.0,0.0,1,2085.5,2147.5,2,2187.5,0.0,0.0,0.0,0.0,0.0,2
2023-05-09 21:32:57,j2311,j2311,2187.5,0.0,0.0,0.0,1,2088.0,2147.5,2,2187.5,0.0,0.0,0.0,0.0,0.0,2
2023-05-09 21:33:39,j2311,j2311,2187.5,0.0,0.0,0.0,1,2088.5,2147.5,2,2187.5,0.0,0.0,0.0,0.0,0.0,2
2023-05-09 21:33:40,j2311,j2311,2187.5,0.0,0.0,0.0,1,2091.0,2147.5,2,2187.5,0.0,0.0,0.0,0.0,0.0,2
2023-05-09 21:34:13,j2311,j2311,2187.5,0.0,0.0,0.0,1,2091.0,2147.5,1,2187.5,0.0,0.0,0.0,0.0,0.0,2
2023-05-09 21:34:14,j2311,j2311,2187.5,0.0,0.0,0.0,1,2091.0,2197.0,1,2187.5,0.0,0.0,0.0,0.0,0.0,2
2023-05-09 21:34:15,j2311,j2311,2187.5,0.0,0.0,0.0,1,2091.0,2196.5,1,2187.5,0.0,0.0,0.0,0.0,0.0,2
2023-05-09 21:34:16,j2311,j2311,2187.5,0.0,0.0,0.0,1,2091.0,2194.0,1,2187.5,0.0,0.0,0.0,0.0,0.0,2
2023-05-09 21:34:16,j2311,j2311,2187.5,0.0,0.0,0.0,1,2091.0,2193.5,1,2187.5,0.0,0.0,0.0,0.0,0.0,2
2023-05-09 21:34:17,j2311,j2311,2187.5,0.0,0.0,0.0,1,2091.0,2191.0,1,2187.5,0.0,0.0,0.0,0.0,0.0,2
2023-05-09 21:34:17,j2311,j2311,2187.5,0.0,0.0,0.0,1,2091.0,2190.5,2,2187.5,0.0,0.0,0.0,0.0,0.0,2
2023-05-09 21:34:18,j2311,j2311,2187.5,0.0,0.0,0.0,1,2091.0,2188.0,1,2187.5,0.0,0.0,0.0,0.0,0.0,2
2023-05-09 21:34:19,j2311,j2311,2187.5,0.0,0.0,0.0,1,2091.0,2187.5,1,2187.5,0.0,0.0,0.0,0.0,0.0,2
2023-05-09 21:34:19,j2311,j2311,2187.5,0.0,0.0,0.0,1,2091.0,2185.0,1,2187.5,0.0,0.0,0.0,0.0,0.0,2
2023-05-09 21:34:21,j2311,j2311,2187.5,0.0,0.0,0.0,1,2091.0,2184.5,3,2187.5,0.0,0.0,0.0,0.0,0.0,2
2023-05-09 21:34:22,j2311,j2311,2187.5,0.0,0.0,0.0,1,2091.0,2182.0,1,2187.5,0.0,0.0,0.0,0.0,0.0,2
2023-05-09 21:34:22,j2311,j2311,2187.5,0.0,0.0,0.0,1,2091.0,2181.5,3,2187.5,0.0,0.0,0.0,0.0,0.0,2
2023-05-09 21:34:23,j2311,j2311,2187.5,0.0,0.0,0.0,1,2091.5,2179.0,1,2187.5,0.0,0.0,0.0,0.0,0.0,2
2023-05-09 21:34:23,j2311,j2311,2187.5,0.0,0.0,0.0,1,2094.0,2179.0,1,2187.5,0.0,0.0,0.0,0.0,0.0,2
2023-05-09 21:34:24,j2311,j2311,2187.5,0.0,0.0,0.0,1,2094.0,2178.5,3,2187.5,0.0,0.0,0.0,0.0,0.0,2
2023-05-09 21:34:24,j2311,j2311,2187.5,0.0,0.0,0.0,1,2094.0,2176.0,1,2187.5,0.0,0.0,0.0,0.0,0.0,2
2023-05-09 21:34:25,j2311,j2311,2187.5,0.0,0.0,0.0,1,2094.0,2175.5,3,2187.5,0.0,0.0,0.0,0.0,0.0,2
2023-05-09 21:34:26,j2311,j2311,2187.5,0.0,0.0,0.0,1,2094.0,2173.0,1,2187.5,0.0,0.0,0.0,0.0,0.0,2
2023-05-09 21:34:27,j2311,j2311,2187.5,0.0,0.0,0.0,1,2094.0,2172.5,3,2187.5,0.0,0.0,0.0,0.0,0.0,2
2023-05-09 21:34:28,j2311,j2311,2187.5,0.0,0.0,0.0,1,2094.0,2170.0,1,2187.5,0.0,0.0,0.0,0.0,0.0,2
2023-05-09 21:34:29,j2311,j2311,2187.5,0.0,0.0,0.0,1,2094.0,2169.5,3,2187.5,0.0,0.0,0.0,0.0,0.0,2
2023-05-09 21:34:30,j2311,j2311,2187.5,0.0,0.0,0.0,1,2094.0,2167.0,1,2187.5,0.0,0.0,0.0,0.0,0.0,2
2023-05-09 21:34:30,j2311,j2311,2187.5,0.0,0.0,0.0,1,2094.0,2166.5,1,2187.5,0.0,0.0,0.0,0.0,0.0,2
2023-05-09 21:34:31,j2311,j2311,2187.5,0.0,0.0,0.0,1,2094.0,2164.0,1,2187.5,0.0,0.0,0.0,0.0,0.0,2
2023-05-09 21:34:32,j2311,j2311,2187.5,0.0,0.0,0.0,1,2094.0,2163.5,2,2187.5,0.0,0.0,0.0,0.0,0.0,2
2023-05-09 21:34:32,j2311,j2311,2187.5,0.0,0.0,0.0,1,2094.0,2161.0,1,2187.5,0.0,0.0,0.0,0.0,0.0,2
2023-05-09 21:34:33,j2311,j2311,2187.5,0.0,0.0,0.0,1,2094.0,2160.5,2,2187.5,0.0,0.0,0.0,0.0,0.0,2
2023-05-09 21:34:34,j2311,j2311,2187.5,0.0,0.0,0.0,1,2094.0,2158.0,1,2187.5,0.0,0.0,0.0,0.0,0.0,2
2023-05-09 21:34:36,j2311,j2311,2187.5,0.0,0.0,0.0,1,2094.0,2157.5,2,2187.5,0.0,0.0,0.0,0.0,0.0,2
2023-05-09 21:34:37,j2311,j2311,2187.5,0.0,0.0,0.0,1,2094.0,2155.0,1,2187.5,0.0,0.0,0.0,0.0,0.0,2
2023-05-09 21:34:37,j2311,j2311,2187.5,0.0,0.0,0.0,1,2094.0,2154.5,2,2187.5,0.0,0.0,0.0,0.0,0.0,2
2023-05-09 21:35:05,j2311,j2311,2187.5,0.0,0.0,0.0,1,2094.5,2154.5,2,2187.5,0.0,0.0,0.0,0.0,0.0,2
2023-05-09 21:35:06,j2311,j2311,2187.5,0.0,0.0,0.0,1,2097.0,2154.5,2,2187.5,0.0,0.0,0.0,0.0,0.0,2
2023-05-09 21:35:17,j2311,j2311,2187.5,0.0,0.0,0.0,1,2097.0,2197.0,1,2187.5,0.0,0.0,0.0,0.0,0.0,2
2023-05-09 21:35:18,j2311,j2311,2187.5,0.0,0.0,0.0,1,2097.0,2196.5,1,2187.5,0.0,0.0,0.0,0.0,0.0,2
2023-05-09 21:35:19,j2311,j2311,2187.5,0.0,0.0,0.0,1,2097.0,2194.0,1,2187.5,0.0,0.0,0.0,0.0,0.0,2
2023-05-09 21:35:19,j2311,j2311,2187.5,0.0,0.0,0.0,1,2097.0,2193.5,2,2187.5,0.0,0.0,0.0,0.0,0.0,2
2023-05-09 21:35:20,j2311,j2311,2187.5,0.0,0.0,0.0,1,2097.0,2191.0,1,2187.5,0.0,0.0,0.0,0.0,0.0,2
2023-05-09 21:35:21,j2311,j2311,2187.5,0.0,0.0,0.0,1,2097.0,2190.5,3,2187.5,0.0,0.0,0.0,0.0,0.0,2
2023-05-09 21:35:22,j2311,j2311,2187.5,0.0,0.0,0.0,1,2097.0,2188.0,1,2187.5,0.0,0.0,0.0,0.0,0.0,2
2023-05-09 21:35:23,j2311,j2311,2187.5,0.0,0.0,0.0,1,2097.0,2187.5,3,2187.5,0.0,0.0,0.0,0.0,0.0,2
2023-05-09 21:35:24,j2311,j2311,2187.5,0.0,0.0,0.0,1,2097.0,2185.0,1,2187.5,0.0,0.0,0.0,0.0,0.0,2
2023-05-09 21:35:24,j2311,j2311,2187.5,0.0,0.0,0.0,1,2097.0,2184.5,3,2187.5,0.0,0.0,0.0,0.0,0.0,2
2023-05-09 21:35:25,j2311,j2311,2187.5,0.0,0.0,0.0,1,2097.0,2182.0,1,2187.5,0.0,0.0,0.0,0.0,0.0,2
2023-05-09 21:35:26,j2311,j2311,2187.5,0.0,0.0,0.0,1,2097.0,2181.5,3,2187.5,0.0,0.0,0.0,0.0,0.0,2
2023-05-09 21:35:27,j2311,j2311,2187.5,0.0,0.0,0.0,1,2097.0,2179.0,1,2187.5,0.0,0.0,0.0,0.0,0.0,2
2023-05-09 21:35:28,j2311,j2311,2187.5,0.0,0.0,0.0,1,2097.0,2178.5,3,2187.5,0.0,0.0,0.0,0.0,0.0,2
2023-05-09 21:35:29,j2311,j2311,2187.5,0.0,0.0,0.0,1,2097.0,2176.0,1,2187.5,0.0,0.0,0.0,0.0,0.0,2
2023-05-09 21:35:29,j2311,j2311,2187.5,0.0,0.0,0.0,1,2097.0,2175.5,3,2187.5,0.0,0.0,0.0,0.0,0.0,2
2023-05-09 21:35:30,j2311,j2311,2187.5,0.0,0.0,0.0,1,2097.0,2173.0,1,2187.5,0.0,0.0,0.0,0.0,0.0,2
2023-05-09 21:35:31,j2311,j2311,2187.5,0.0,0.0,0.0,1,2097.0,2172.5,1,2187.5,0.0,0.0,0.0,0.0,0.0,2
2023-05-09 21:35:31,j2311,j2311,2187.5,0.0,0.0,0.0,1,2097.0,2170.0,1,2187.5,0.0,0.0,0.0,0.0,0.0,2
2023-05-09 21:35:32,j2311,j2311,2187.5,0.0,0.0,0.0,1,2097.0,2169.5,1,2187.5,0.0,0.0,0.0,0.0,0.0,2
2023-05-09 21:35:33,j2311,j2311,2187.5,0.0,0.0,0.0,1,2097.0,2167.0,1,2187.5,0.0,0.0,0.0,0.0,0.0,2
2023-05-09 21:35:34,j2311,j2311,2187.5,0.0,0.0,0.0,1,2097.0,2166.5,2,2187.5,0.0,0.0,0.0,0.0,0.0,2
2023-05-09 21:35:35,j2311,j2311,2187.5,0.0,0.0,0.0,1,2097.0,2164.0,1,2187.5,0.0,0.0,0.0,0.0,0.0,2
2023-05-09 21:35:36,j2311,j2311,2187.5,0.0,0.0,0.0,1,2097.0,2163.5,2,2187.5,0.0,0.0,0.0,0.0,0.0,2
2023-05-09 21:35:37,j2311,j2311,2187.5,0.0,0.0,0.0,1,2097.0,2161.0,1,2187.5,0.0,0.0,0.0,0.0,0.0,2
2023-05-09 21:35:38,j2311,j2311,2187.5,0.0,0.0,0.0,1,2097.0,2160.5,2,2187.5,0.0,0.0,0.0,0.0,0.0,2
2023-05-09 21:35:48,j2311,j2311,2187.5,0.0,0.0,0.0,1,2097.5,2160.5,2,2187.5,0.0,0.0,0.0,0.0,0.0,2
2023-05-09 21:35:49,j2311,j2311,2187.5,0.0,0.0,0.0,1,2100.0,2160.5,2,2187.5,0.0,0.0,0.0,0.0,0.0,2
2023-05-09 21:36:31,j2311,j2311,2187.5,0.0,0.0,0.0,1,2100.5,2160.5,2,2187.5,0.0,0.0,0.0,0.0,0.0,2
2023-05-09 21:36:31,j2311,j2311,2187.5,0.0,0.0,0.0,1,2103.0,2160.5,2,2187.5,0.0,0.0,0.0,0.0,0.0,2
2023-05-09 21:37:15,j2311,j2311,2187.5,0.0,0.0,0.0,1,2103.5,2160.5,2,2187.5,0.0,0.0,0.0,0.0,0.0,2
2023-05-09 21:37:15,j2311,j2311,2187.5,0.0,0.0,0.0,1,2106.0,2160.5,2,2187.5,0.0,0.0,0.0,0.0,0.0,2
2023-05-09 21:37:56,j2311,j2311,2187.5,0.0,0.0,0.0,1,2106.0,2158.0,1,2187.5,0.0,0.0,0.0,0.0,0.0,2
2023-05-09 21:37:57,j2311,j2311,2187.5,0.0,0.0,0.0,1,2106.5,2158.0,1,2187.5,0.0,0.0,0.0,0.0,0.0,2
2023-05-09 21:37:58,j2311,j2311,2187.5,0.0,0.0,0.0,1,2109.0,2157.5,2,2187.5,0.0,0.0,0.0,0.0,0.0,2
2023-05-09 21:38:39,j2311,j2311,2187.5,0.0,0.0,0.0,1,2109.0,2155.0,1,2187.5,0.0,0.0,0.0,0.0,0.0,2
2023-05-09 21:38:40,j2311,j2311,2187.5,0.0,0.0,0.0,1,2109.5,2155.0,1,2187.5,0.0,0.0,0.0,0.0,0.0,2
2023-05-09 21:38:41,j2311,j2311,2187.5,0.0,0.0,0.0,1,2112.0,2154.5,2,2187.5,0.0,0.0,0.0,0.0,0.0,2
2023-05-09 21:39:02,j2311,j2311,2187.5,0.0,0.0,0.0,1,2112.0,2197.0,1,2187.5,0.0,0.0,0.0,0.0,0.0,2
2023-05-09 21:39:02,j2311,j2311,2187.5,0.0,0.0,0.0,1,2112.0,2196.5,1,2187.5,0.0,0.0,0.0,0.0,0.0,2
2023-05-09 21:39:03,j2311,j2311,2187.5,0.0,0.0,0.0,1,2112.0,2194.0,1,2187.5,0.0,0.0,0.0,0.0,0.0,2
2023-05-09 21:39:04,j2311,j2311,2187.5,0.0,0.0,0.0,1,2112.0,2193.5,3,2187.5,0.0,0.0,0.0,0.0,0.0,2
2023-05-09 21:39:04,j2311,j2311,2187.5,0.0,0.0,0.0,1,2112.0,2191.0,1,2187.5,0.0,0.0,0.0,0.0,0.0,2
2023-05-09 21:39:05,j2311,j2311,2187.5,0.0,0.0,0.0,1,2112.0,2190.5,3,2187.5,0.0,0.0,0.0,0.0,0.0,2
2023-05-09 21:39:06,j2311,j2311,2187.5,0.0,0.0,0.0,1,2112.0,2188.0,1,2187.5,0.0,0.0,0.0,0.0,0.0,2
2023-05-09 21:39:07,j2311,j2311,2187.5,0.0,0.0,0.0,1,2112.0,2187.5,3,2187.5,0.0,0.0,0.0,0.0,0.0,2
2023-05-09 21:39:07,j2311,j2311,2187.5,0.0,0.0,0.0,1,2112.0,2185.0,1,2187.5,0.0,0.0,0.0,0.0,0.0,2
2023-05-09 21:39:09,j2311,j2311,2187.5,0.0,0.0,0.0,1,2112.0,2184.5,3,2187.5,0.0,0.0,0.0,0.0,0.0,2
2023-05-09 21:39:10,j2311,j2311,2187.5,0.0,0.0,0.0,1,2112.0,2182.0,1,2187.5,0.0,0.0,0.0,0.0,0.0,2
2023-05-09 21:39:11,j2311,j2311,2187.5,0.0,0.0,0.0,1,2112.0,2181.5,3,2187.5,0.0,0.0,0.0,0.0,0.0,2
2023-05-09 21:39:12,j2311,j2311,2187.5,0.0,0.0,0.0,1,2112.0,2179.0,1,2187.5,0.0,0.0,0.0,0.0,0.0,2
2023-05-09 21:39:12,j2311,j2311,2187.5,0.0,0.0,0.0,1,2112.0,2178.5,3,2187.5,0.0,0.0,0.0,0.0,0.0,2
2023-05-09 21:39:13,j2311,j2311,2187.5,0.0,0.0,0.0,1,2112.0,2176.0,1,2187.5,0.0,0.0,0.0,0.0,0.0,2
2023-05-09 21:39:14,j2311,j2311,2187.5,0.0,0.0,0.0,1,2112.0,2175.5,3,2187.5,0.0,0.0,0.0,0.0,0.0,2
2023-05-09 21:39:15,j2311,j2311,2187.5,0.0,0.0,0.0,1,2112.0,2173.0,1,2187.5,0.0,0.0,0.0,0.0,0.0,2
2023-05-09 21:39:19,j2311,j2311,2187.5,0.0,0.0,0.0,1,2112.0,2172.5,3,2187.5,0.0,0.0,0.0,0.0,0.0,2
2023-05-09 21:39:20,j2311,j2311,2187.5,0.0,0.0,0.0,1,2112.0,2170.0,1,2187.5,0.0,0.0,0.0,0.0,0.0,2
2023-05-09 21:39:21,j2311,j2311,2187.5,0.0,0.0,0.0,1,2112.0,2169.5,3,2187.5,0.0,0.0,0.0,0.0,0.0,2
2023-05-09 21:39:22,j2311,j2311,2187.5,0.0,0.0,0.0,1,2112.0,2167.0,1,2187.5,0.0,0.0,0.0,0.0,0.0,2
2023-05-09 21:39:22,j2311,j2311,2187.5,0.0,0.0,0.0,1,2112.0,2166.5,2,2187.5,0.0,0.0,0.0,0.0,0.0,2
2023-05-09 21:39:23,j2311,j2311,2187.5,0.0,0.0,0.0,1,2112.0,2164.0,1,2187.5,0.0,0.0,0.0,0.0,0.0,2
2023-05-09 21:39:24,j2311,j2311,2187.5,0.0,0.0,0.0,1,2112.5,2164.0,1,2187.5,0.0,0.0,0.0,0.0,0.0,2
2023-05-09 21:39:24,j2311,j2311,2187.5,0.0,0.0,0.0,1,2115.0,2163.5,2,2187.5,0.0,0.0,0.0,0.0,0.0,2
2023-05-09 21:39:25,j2311,j2311,2187.5,0.0,0.0,0.0,1,2115.0,2161.0,1,2187.5,0.0,0.0,0.0,0.0,0.0,2
2023-05-09 21:39:28,j2311,j2311,2187.5,0.0,0.0,0.0,1,2115.0,2160.5,2,2187.5,0.0,0.0,0.0,0.0,0.0,2
2023-05-09 21:39:29,j2311,j2311,2187.5,0.0,0.0,0.0,1,2115.0,2158.0,1,2187.5,0.0,0.0,0.0,0.0,0.0,2
2023-05-09 21:39:30,j2311,j2311,2187.5,0.0,0.0,0.0,1,2115.0,2157.5,2,2187.5,0.0,0.0,0.0,0.0,0.0,2
2023-05-09 21:40:07,j2311,j2311,2187.5,0.0,0.0,0.0,1,2115.5,2157.5,2,2187.5,0.0,0.0,0.0,0.0,0.0,2
2023-05-09 21:40:08,j2311,j2311,2187.5,0.0,0.0,0.0,1,2118.0,2157.5,2,2187.5,0.0,0.0,0.0,0.0,0.0,2
2023-05-09 21:40:33,j2311,j2311,2187.5,0.0,0.0,0.0,1,2118.0,2197.0,1,2187.5,0.0,0.0,0.0,0.0,0.0,2
2023-05-09 21:40:33,j2311,j2311,2187.5,0.0,0.0,0.0,1,2118.0,2196.5,1,2187.5,0.0,0.0,0.0,0.0,0.0,2
2023-05-09 21:40:34,j2311,j2311,2187.5,0.0,0.0,0.0,1,2118.0,2194.0,1,2187.5,0.0,0.0,0.0,0.0,0.0,2
2023-05-09 21:40:35,j2311,j2311,2187.5,0.0,0.0,0.0,1,2118.0,2193.5,1,2187.5,0.0,0.0,0.0,0.0,0.0,2
2023-05-09 21:40:35,j2311,j2311,2187.5,0.0,0.0,0.0,1,2118.0,2191.0,1,2187.5,0.0,0.0,0.0,0.0,0.0,2
2023-05-09 21:40:36,j2311,j2311,2187.5,0.0,0.0,0.0,1,2118.0,2190.5,1,2187.5,0.0,0.0,0.0,0.0,0.0,2
2023-05-09 21:40:37,j2311,j2311,2187.5,0.0,0.0,0.0,1,2118.0,2188.0,1,2187.5,0.0,0.0,0.0,0.0,0.0,2
2023-05-09 21:40:38,j2311,j2311,2187.5,0.0,0.0,0.0,1,2118.0,2187.5,3,2187.5,0.0,0.0,0.0,0.0,0.0,2
2023-05-09 21:40:38,j2311,j2311,2187.5,0.0,0.0,0.0,1,2118.0,2185.0,1,2187.5,0.0,0.0,0.0,0.0,0.0,2
2023-05-09 21:40:39,j2311,j2311,2187.5,0.0,0.0,0.0,1,2118.0,2184.5,3,2187.5,0.0,0.0,0.0,0.0,0.0,2
2023-05-09 21:40:40,j2311,j2311,2187.5,0.0,0.0,0.0,1,2118.0,2182.0,1,2187.5,0.0,0.0,0.0,0.0,0.0,2
2023-05-09 21:40:41,j2311,j2311,2187.5,0.0,0.0,0.0,1,2118.0,2181.5,1,2187.5,0.0,0.0,0.0,0.0,0.0,2
2023-05-09 21:40:42,j2311,j2311,2187.5,0.0,0.0,0.0,1,2118.0,2179.0,1,2187.5,0.0,0.0,0.0,0.0,0.0,2
2023-05-09 21:40:42,j2311,j2311,2187.5,0.0,0.0,0.0,1,2118.0,2178.5,1,2187.5,0.0,0.0,0.0,0.0,0.0,2
2023-05-09 21:40:43,j2311,j2311,2187.5,0.0,0.0,0.0,1,2118.0,2176.0,1,2187.5,0.0,0.0,0.0,0.0,0.0,2
2023-05-09 21:40:44,j2311,j2311,2187.5,0.0,0.0,0.0,1,2118.0,2175.5,1,2187.5,0.0,0.0,0.0,0.0,0.0,2
2023-05-09 21:40:44,j2311,j2311,2187.5,0.0,0.0,0.0,1,2118.0,2173.0,1,2187.5,0.0,0.0,0.0,0.0,0.0,2
2023-05-09 21:40:46,j2311,j2311,2187.5,0.0,0.0,0.0,1,2118.0,2172.5,1,2187.5,0.0,0.0,0.0,0.0,0.0,2
2023-05-09 21:40:46,j2311,j2311,2187.5,0.0,0.0,0.0,1,2118.0,2170.0,1,2187.5,0.0,0.0,0.0,0.0,0.0,2
2023-05-09 21:40:48,j2311,j2311,2187.5,0.0,0.0,0.0,1,2118.0,2169.5,1,2187.5,0.0,0.0,0.0,0.0,0.0,2
2023-05-09 21:40:48,j2311,j2311,2187.5,0.0,0.0,0.0,1,2118.0,2167.0,1,2187.5,0.0,0.0,0.0,0.0,0.0,2
2023-05-09 21:40:50,j2311,j2311,2187.5,0.0,0.0,0.0,1,2118.5,2167.0,1,2187.5,0.0,0.0,0.0,0.0,0.0,2
2023-05-09 21:40:50,j2311,j2311,2187.5,0.0,0.0,0.0,1,2121.0,2167.0,1,2187.5,0.0,0.0,0.0,0.0,0.0,2
2023-05-09 21:41:07,j2311,j2311,2187.5,0.0,0.0,0.0,1,2121.0,2166.5,2,2187.5,0.0,0.0,0.0,0.0,0.0,2
2023-05-09 21:41:08,j2311,j2311,2187.5,0.0,0.0,0.0,1,2121.0,2164.0,1,2187.5,0.0,0.0,0.0,0.0,0.0,2
2023-05-09 21:41:27,j2311,j2311,2187.5,0.0,0.0,0.0,1,2121.0,2163.5,2,2187.5,0.0,0.0,0.0,0.0,0.0,2
2023-05-09 21:41:28,j2311,j2311,2187.5,0.0,0.0,0.0,1,2121.0,2161.0,1,2187.5,0.0,0.0,0.0,0.0,0.0,2
2023-05-09 21:41:32,j2311,j2311,2187.5,0.0,0.0,0.0,1,2121.5,2161.0,1,2187.5,0.0,0.0,0.0,0.0,0.0,2
2023-05-09 21:41:32,j2311,j2311,2187.5,0.0,0.0,0.0,1,2124.0,2161.0,1,2187.5,0.0,0.0,0.0,0.0,0.0,2
2023-05-09 21:41:47,j2311,j2311,2187.5,0.0,0.0,0.0,1,2124.0,2160.5,2,2187.5,0.0,0.0,0.0,0.0,0.0,2
2023-05-09 21:42:14,j2311,j2311,2187.5,0.0,0.0,0.0,1,2124.5,2160.5,2,2187.5,0.0,0.0,0.0,0.0,0.0,2
2023-05-09 21:42:15,j2311,j2311,2187.5,0.0,0.0,0.0,1,2127.0,2160.5,2,2187.5,0.0,0.0,0.0,0.0,0.0,2
2023-05-09 21:42:21,j2311,j2311,2187.5,0.0,0.0,0.0,1,2127.0,2158.0,1,2187.5,0.0,0.0,0.0,0.0,0.0,2
2023-05-09 21:42:22,j2311,j2311,2187.5,0.0,0.0,0.0,1,2127.0,2157.5,2,2187.5,0.0,0.0,0.0,0.0,0.0,2
2023-05-09 21:42:57,j2311,j2311,2187.5,0.0,0.0,0.0,1,2127.0,2157.0,1,2187.5,0.0,0.0,0.0,0.0,0.0,2
2023-05-09 21:42:59,j2311,j2311,2187.5,0.0,0.0,0.0,1,2127.0,2157.5,2,2187.5,0.0,0.0,0.0,0.0,0.0,2
2023-05-09 21:42:59,j2311,j2311,2187.5,0.0,0.0,0.0,1,2127.0,2197.0,1,2187.5,0.0,0.0,0.0,0.0,0.0,2
2023-05-09 21:42:59,j2311,j2311,2187.5,0.0,0.0,0.0,1,2127.0,2196.5,3,2187.5,0.0,0.0,0.0,0.0,0.0,2
2023-05-09 21:43:00,j2311,j2311,2187.5,0.0,0.0,0.0,1,2127.0,2194.0,1,2187.5,0.0,0.0,0.0,0.0,0.0,2
2023-05-09 21:43:01,j2311,j2311,2187.5,0.0,0.0,0.0,1,2127.0,2193.5,1,2187.5,0.0,0.0,0.0,0.0,0.0,2
2023-05-09 21:43:02,j2311,j2311,2187.5,0.0,0.0,0.0,1,2127.0,2191.0,1,2187.5,0.0,0.0,0.0,0.0,0.0,2
2023-05-09 21:43:03,j2311,j2311,2187.5,0.0,0.0,0.0,1,2127.0,2190.5,3,2187.5,0.0,0.0,0.0,0.0,0.0,2
2023-05-09 21:43:04,j2311,j2311,2187.5,0.0,0.0,0.0,1,2127.0,2188.0,1,2187.5,0.0,0.0,0.0,0.0,0.0,2
2023-05-09 21:43:05,j2311,j2311,2187.5,0.0,0.0,0.0,1,2127.0,2187.5,1,2187.5,0.0,0.0,0.0,0.0,0.0,2
2023-05-09 21:43:05,j2311,j2311,2187.5,0.0,0.0,0.0,1,2127.0,2185.0,1,2187.5,0.0,0.0,0.0,0.0,0.0,2
2023-05-09 21:43:06,j2311,j2311,2187.5,0.0,0.0,0.0,1,2127.0,2184.5,1,2187.5,0.0,0.0,0.0,0.0,0.0,2
2023-05-09 21:43:07,j2311,j2311,2187.5,0.0,0.0,0.0,1,2127.0,2182.0,1,2187.5,0.0,0.0,0.0,0.0,0.0,2
2023-05-09 21:43:08,j2311,j2311,2187.5,0.0,0.0,0.0,1,2127.0,2181.5,1,2187.5,0.0,0.0,0.0,0.0,0.0,2
2023-05-09 21:43:08,j2311,j2311,2187.5,0.0,0.0,0.0,1,2127.0,2179.0,1,2187.5,0.0,0.0,0.0,0.0,0.0,2
2023-05-09 21:43:10,j2311,j2311,2187.5,0.0,0.0,0.0,1,2127.0,2178.5,1,2187.5,0.0,0.0,0.0,0.0,0.0,2
2023-05-09 21:43:10,j2311,j2311,2187.5,0.0,0.0,0.0,1,2127.0,2176.0,1,2187.5,0.0,0.0,0.0,0.0,0.0,2
2023-05-09 21:43:12,j2311,j2311,2187.5,0.0,0.0,0.0,1,2127.0,2175.5,1,2187.5,0.0,0.0,0.0,0.0,0.0,2
2023-05-09 21:43:12,j2311,j2311,2187.5,0.0,0.0,0.0,1,2127.0,2173.0,1,2187.5,0.0,0.0,0.0,0.0,0.0,2
2023-05-09 21:43:16,j2311,j2311,2187.5,0.0,0.0,0.0,1,2127.0,2172.5,1,2187.5,0.0,0.0,0.0,0.0,0.0,2
2023-05-09 21:43:16,j2311,j2311,2187.5,0.0,0.0,0.0,1,2127.0,2170.0,1,2187.5,0.0,0.0,0.0,0.0,0.0,2
2023-05-09 21:43:24,j2311,j2311,2187.5,0.0,0.0,0.0,1,2127.0,2169.5,1,2187.5,0.0,0.0,0.0,0.0,0.0,2
2023-05-09 21:43:25,j2311,j2311,2187.5,0.0,0.0,0.0,1,2127.0,2167.0,1,2187.5,0.0,0.0,0.0,0.0,0.0,2
2023-05-09 21:43:38,j2311,j2311,2187.5,0.0,0.0,0.0,1,2127.0,2166.5,2,2187.5,0.0,0.0,0.0,0.0,0.0,2
2023-05-09 21:43:39,j2311,j2311,2187.5,0.0,0.0,0.0,1,2127.5,2164.0,1,2187.5,0.0,0.0,0.0,0.0,0.0,2
2023-05-09 21:43:40,j2311,j2311,2187.5,0.0,0.0,0.0,1,2130.0,2164.0,1,2187.5,0.0,0.0,0.0,0.0,0.0,2
2023-05-09 21:44:04,j2311,j2311,2187.5,0.0,0.0,0.0,1,2130.0,2163.5,2,2187.5,0.0,0.0,0.0,0.0,0.0,2
2023-05-09 21:44:05,j2311,j2311,2187.5,0.0,0.0,0.0,1,2130.0,2161.0,1,2187.5,0.0,0.0,0.0,0.0,0.0,2
2023-05-09 21:44:22,j2311,j2311,2187.5,0.0,0.0,0.0,1,2130.0,2160.5,1,2187.5,0.0,0.0,0.0,0.0,0.0,2
2023-05-09 21:44:25,j2311,j2311,2187.5,0.0,0.0,0.0,1,2130.0,2161.0,1,2187.5,0.0,0.0,0.0,0.0,0.0,2
2023-05-09 21:44:35,j2311,j2311,2187.5,0.0,0.0,0.0,1,2130.0,2160.5,2,2187.5,0.0,0.0,0.0,0.0,0.0,2
2023-05-09 21:45:05,j2311,j2311,2187.5,0.0,0.0,0.0,1,2130.0,2160.0,1,2187.5,0.0,0.0,0.0,0.0,0.0,2
2023-05-09 21:45:07,j2311,j2311,2187.5,0.0,0.0,0.0,1,2130.0,2161.0,1,2187.5,0.0,0.0,0.0,0.0,0.0,2
2023-05-09 21:45:07,j2311,j2311,2187.5,0.0,0.0,0.0,1,2130.0,2159.5,1,2187.5,0.0,0.0,0.0,0.0,0.0,2
2023-05-09 21:45:18,j2311,j2311,2187.5,0.0,0.0,0.0,1,2130.0,2157.0,1,2187.5,0.0,0.0,0.0,0.0,0.0,2
2023-05-09 21:45:21,j2311,j2311,2187.5,0.0,0.0,0.0,1,2130.0,2156.5,1,2187.5,0.0,0.0,0.0,0.0,0.0,2
2023-05-09 21:45:48,j2311,j2311,2187.5,0.0,0.0,0.0,1,2130.0,2156.0,1,2187.5,0.0,0.0,0.0,0.0,0.0,2
2023-05-09 21:45:50,j2311,j2311,2187.5,0.0,0.0,0.0,1,2130.0,2197.0,1,2187.5,0.0,0.0,0.0,0.0,0.0,2
2023-05-09 21:45:50,j2311,j2311,2187.5,0.0,0.0,0.0,1,2130.0,2196.5,2,2187.5,0.0,0.0,0.0,0.0,0.0,2
2023-05-09 21:45:50,j2311,j2311,2187.5,0.0,0.0,0.0,1,2130.0,2194.0,1,2187.5,0.0,0.0,0.0,0.0,0.0,2
2023-05-09 21:45:51,j2311,j2311,2187.5,0.0,0.0,0.0,1,2130.0,2193.5,2,2187.5,0.0,0.0,0.0,0.0,0.0,2
2023-05-09 21:45:52,j2311,j2311,2187.5,0.0,0.0,0.0,1,2130.0,2191.0,1,2187.5,0.0,0.0,0.0,0.0,0.0,2
2023-05-09 21:45:53,j2311,j2311,2187.5,0.0,0.0,0.0,1,2130.0,2190.5,2,2187.5,0.0,0.0,0.0,0.0,0.0,2
2023-05-09 21:45:54,j2311,j2311,2187.5,0.0,0.0,0.0,1,2130.0,2188.0,1,2187.5,0.0,0.0,0.0,0.0,0.0,2
2023-05-09 21:45:57,j2311,j2311,2187.5,0.0,0.0,0.0,1,2130.0,2187.5,1,2187.5,0.0,0.0,0.0,0.0,0.0,2
2023-05-09 21:45:58,j2311,j2311,2187.5,0.0,0.0,0.0,1,2130.0,2185.0,1,2187.5,0.0,0.0,0.0,0.0,0.0,2
2023-05-09 21:45:59,j2311,j2311,2187.5,0.0,0.0,0.0,1,2130.0,2184.5,1,2187.5,0.0,0.0,0.0,0.0,0.0,2
2023-05-09 21:45:59,j2311,j2311,2187.5,0.0,0.0,0.0,1,2130.0,2182.0,1,2187.5,0.0,0.0,0.0,0.0,0.0,2
2023-05-09 21:46:00,j2311,j2311,2187.5,0.0,0.0,0.0,1,2130.0,2181.5,1,2187.5,0.0,0.0,0.0,0.0,0.0,2
2023-05-09 21:46:01,j2311,j2311,2187.5,0.0,0.0,0.0,1,2130.0,2179.0,1,2187.5,0.0,0.0,0.0,0.0,0.0,2
2023-05-09 21:46:02,j2311,j2311,2187.5,0.0,0.0,0.0,1,2130.0,2178.5,1,2187.5,0.0,0.0,0.0,0.0,0.0,2
2023-05-09 21:46:02,j2311,j2311,2187.5,0.0,0.0,0.0,1,2130.0,2176.0,1,2187.5,0.0,0.0,0.0,0.0,0.0,2
2023-05-09 21:46:07,j2311,j2311,2187.5,0.0,0.0,0.0,1,2130.0,2175.5,1,2187.5,0.0,0.0,0.0,0.0,0.0,2
2023-05-09 21:46:07,j2311,j2311,2187.5,0.0,0.0,0.0,1,2130.0,2173.0,1,2187.5,0.0,0.0,0.0,0.0,0.0,2
2023-05-09 21:46:08,j2311,j2311,2187.5,0.0,0.0,0.0,1,2130.0,2172.5,1,2187.5,0.0,0.0,0.0,0.0,0.0,2
2023-05-09 21:46:09,j2311,j2311,2187.5,0.0,0.0,0.0,1,2130.0,2170.0,1,2187.5,0.0,0.0,0.0,0.0,0.0,2
2023-05-09 21:46:11,j2311,j2311,2187.5,0.0,0.0,0.0,1,2130.0,2169.5,1,2187.5,0.0,0.0,0.0,0.0,0.0,2
2023-05-09 21:46:12,j2311,j2311,2187.5,0.0,0.0,0.0,1,2130.0,2167.0,1,2187.5,0.0,0.0,0.0,0.0,0.0,2
2023-05-09 21:46:19,j2311,j2311,2187.5,0.0,0.0,0.0,1,2130.0,2166.5,1,2187.5,0.0,0.0,0.0,0.0,0.0,2
2023-05-09 21:46:19,j2311,j2311,2187.5,0.0,0.0,0.0,1,2130.0,2164.0,1,2187.5,0.0,0.0,0.0,0.0,0.0,2
2023-05-09 21:46:29,j2311,j2311,2187.5,0.0,0.0,0.0,1,2130.0,2163.5,1,2187.5,0.0,0.0,0.0,0.0,0.0,2
2023-05-09 21:46:30,j2311,j2311,2187.5,0.0,0.0,0.0,1,2130.5,2161.0,1,2187.5,0.0,0.0,0.0,0.0,0.0,2
2023-05-09 21:46:32,j2311,j2311,2187.5,0.0,0.0,0.0,1,2130.0,2161.0,1,2187.5,0.0,0.0,0.0,0.0,0.0,2
2023-05-09 21:46:42,j2311,j2311,2187.5,0.0,0.0,0.0,1,2130.0,2160.5,1,2187.5,0.0,0.0,0.0,0.0,0.0,2
2023-05-09 21:47:12,j2311,j2311,2187.5,0.0,0.0,0.0,1,2130.0,2160.0,1,2187.5,0.0,0.0,0.0,0.0,0.0,2
2023-05-09 21:47:14,j2311,j2311,2187.5,0.0,0.0,0.0,1,2130.0,2159.5,1,2187.5,0.0,0.0,0.0,0.0,0.0,2
2023-05-09 21:47:55,j2311,j2311,2187.5,0.0,0.0,0.0,1,2130.0,2159.0,1,2187.5,0.0,0.0,0.0,0.0,0.0,2
2023-05-09 21:47:57,j2311,j2311,2187.5,0.0,0.0,0.0,1,2130.0,2158.5,1,2187.5,0.0,0.0,0.0,0.0,0.0,2
2023-05-09 21:48:37,j2311,j2311,2187.5,0.0,0.0,0.0,1,2130.0,2158.0,1,2187.5,0.0,0.0,0.0,0.0,0.0,2
2023-05-09 21:48:38,j2311,j2311,2187.5,0.0,0.0,0.0,1,2130.0,2157.5,1,2187.5,0.0,0.0,0.0,0.0,0.0,2
2023-05-09 21:49:20,j2311,j2311,2187.5,0.0,0.0,0.0,1,2130.0,2157.0,1,2187.5,0.0,0.0,0.0,0.0,0.0,2
2023-05-09 21:49:22,j2311,j2311,2187.5,0.0,0.0,0.0,1,2130.0,2156.5,1,2187.5,0.0,0.0,0.0,0.0,0.0,2
2023-05-09 21:49:23,j2311,j2311,2187.5,0.0,0.0,0.0,1,2130.0,2157.0,1,2187.5,0.0,0.0,0.0,0.0,0.0,2
2023-05-09 21:49:24,j2311,j2311,2187.5,0.0,0.0,0.0,1,2130.0,2197.0,1,2187.5,0.0,0.0,0.0,0.0,0.0,2
2023-05-09 21:49:24,j2311,j2311,2187.5,0.0,0.0,0.0,1,2130.0,2156.5,1,2187.5,0.0,0.0,0.0,0.0,0.0,2
2023-05-09 21:49:25,j2311,j2311,2187.5,0.0,0.0,0.0,1,2130.0,2197.0,1,2187.5,0.0,0.0,0.0,0.0,0.0,2
2023-05-09 21:49:25,j2311,j2311,2187.5,0.0,0.0,0.0,1,2130.0,2196.5,1,2187.5,0.0,0.0,0.0,0.0,0.0,2
2023-05-09 21:49:26,j2311,j2311,2187.5,0.0,0.0,0.0,1,2130.0,2194.0,1,2187.5,0.0,0.0,0.0,0.0,0.0,2
2023-05-09 21:49:27,j2311,j2311,2187.5,0.0,0.0,0.0,1,2130.0,2193.5,1,2187.5,0.0,0.0,0.0,0.0,0.0,2
2023-05-09 21:49:27,j2311,j2311,2187.5,0.0,0.0,0.0,1,2130.0,2191.0,1,2187.5,0.0,0.0,0.0,0.0,0.0,2
2023-05-09 21:49:28,j2311,j2311,2187.5,0.0,0.0,0.0,1,2130.0,2190.5,1,2187.5,0.0,0.0,0.0,0.0,0.0,2
2023-05-09 21:49:29,j2311,j2311,2187.5,0.0,0.0,0.0,1,2130.0,2188.0,1,2187.5,0.0,0.0,0.0,0.0,0.0,2
2023-05-09 21:49:29,j2311,j2311,2187.5,0.0,0.0,0.0,1,2130.0,2187.5,1,2187.5,0.0,0.0,0.0,0.0,0.0,2
2023-05-09 21:49:30,j2311,j2311,2187.5,0.0,0.0,0.0,1,2130.0,2185.0,1,2187.5,0.0,0.0,0.0,0.0,0.0,2
2023-05-09 21:49:31,j2311,j2311,2187.5,0.0,0.0,0.0,1,2130.0,2184.5,1,2187.5,0.0,0.0,0.0,0.0,0.0,2
2023-05-09 21:49:32,j2311,j2311,2187.5,0.0,0.0,0.0,1,2130.0,2182.0,1,2187.5,0.0,0.0,0.0,0.0,0.0,2
2023-05-09 21:49:33,j2311,j2311,2187.5,0.0,0.0,0.0,1,2130.0,2181.5,1,2187.5,0.0,0.0,0.0,0.0,0.0,2
2023-05-09 21:49:33,j2311,j2311,2187.5,0.0,0.0,0.0,1,2130.0,2179.0,1,2187.5,0.0,0.0,0.0,0.0,0.0,2
2023-05-09 21:49:34,j2311,j2311,2187.5,0.0,0.0,0.0,1,2130.0,2178.5,1,2187.5,0.0,0.0,0.0,0.0,0.0,2
2023-05-09 21:49:35,j2311,j2311,2187.5,0.0,0.0,0.0,1,2130.0,2176.0,1,2187.5,0.0,0.0,0.0,0.0,0.0,2
2023-05-09 21:49:35,j2311,j2311,2187.5,0.0,0.0,0.0,1,2130.0,2175.5,1,2187.5,0.0,0.0,0.0,0.0,0.0,2
2023-05-09 21:49:36,j2311,j2311,2187.5,0.0,0.0,0.0,1,2130.0,2173.0,1,2187.5,0.0,0.0,0.0,0.0,0.0,2
2023-05-09 21:49:38,j2311,j2311,2187.5,0.0,0.0,0.0,1,2130.0,2172.5,1,2187.5,0.0,0.0,0.0,0.0,0.0,2
2023-05-09 21:49:39,j2311,j2311,2187.5,0.0,0.0,0.0,1,2130.0,2170.0,1,2187.5,0.0,0.0,0.0,0.0,0.0,2
2023-05-09 21:49:52,j2311,j2311,2187.5,0.0,0.0,0.0,1,2130.0,2169.5,1,2187.5,0.0,0.0,0.0,0.0,0.0,2
2023-05-09 21:49:52,j2311,j2311,2187.5,0.0,0.0,0.0,1,2130.0,2167.0,1,2187.5,0.0,0.0,0.0,0.0,0.0,2
2023-05-09 21:50:02,j2311,j2311,2187.5,0.0,0.0,0.0,1,2130.5,2167.0,1,2187.5,0.0,0.0,0.0,0.0,0.0,2
2023-05-09 21:50:03,j2311,j2311,2187.5,0.0,0.0,0.0,1,2133.0,2167.0,1,2187.5,0.0,0.0,0.0,0.0,0.0,2
2023-05-09 21:50:05,j2311,j2311,2187.5,0.0,0.0,0.0,1,2133.0,2166.5,1,2187.5,0.0,0.0,0.0,0.0,0.0,2
2023-05-09 21:50:45,j2311,j2311,2187.5,0.0,0.0,0.0,1,2133.5,2166.5,1,2187.5,0.0,0.0,0.0,0.0,0.0,2
2023-05-09 21:50:45,j2311,j2311,2187.5,0.0,0.0,0.0,1,2136.0,2166.5,1,2187.5,0.0,0.0,0.0,0.0,0.0,2
2023-05-09 21:51:28,j2311,j2311,2187.5,0.0,0.0,0.0,1,2136.0,2166.0,1,2187.5,0.0,0.0,0.0,0.0,0.0,2
2023-05-09 21:51:29,j2311,j2311,2187.5,0.0,0.0,0.0,1,2136.0,2165.5,1,2187.5,0.0,0.0,0.0,0.0,0.0,2
2023-05-09 21:52:11,j2311,j2311,2187.5,0.0,0.0,0.0,1,2136.0,2165.0,1,2187.5,0.0,0.0,0.0,0.0,0.0,2
2023-05-09 21:52:12,j2311,j2311,2187.5,0.0,0.0,0.0,1,2136.0,2164.5,1,2187.5,0.0,0.0,0.0,0.0,0.0,2
2023-05-09 21:52:54,j2311,j2311,2187.5,0.0,0.0,0.0,1,2136.0,2164.0,1,2187.5,0.0,0.0,0.0,0.0,0.0,2
2023-05-09 21:52:55,j2311,j2311,2187.5,0.0,0.0,0.0,1,2136.0,2163.5,1,2187.5,0.0,0.0,0.0,0.0,0.0,2
2023-05-09 21:53:37,j2311,j2311,2187.5,0.0,0.0,0.0,1,2136.0,2163.0,1,2187.5,0.0,0.0,0.0,0.0,0.0,2
2023-05-09 21:53:39,j2311,j2311,2187.5,0.0,0.0,0.0,1,2136.0,2197.0,1,2187.5,0.0,0.0,0.0,0.0,0.0,2
2023-05-09 21:53:39,j2311,j2311,2187.5,0.0,0.0,0.0,1,2136.0,2162.5,1,2187.5,0.0,0.0,0.0,0.0,0.0,2
2023-05-09 21:54:09,j2311,j2311,2187.5,0.0,0.0,0.0,1,2136.0,2197.0,1,2187.5,0.0,0.0,0.0,0.0,0.0,2
2023-05-09 21:54:10,j2311,j2311,2187.5,0.0,0.0,0.0,1,2136.0,2196.5,1,2187.5,0.0,0.0,0.0,0.0,0.0,2
2023-05-09 21:54:11,j2311,j2311,2187.5,0.0,0.0,0.0,1,2136.0,2194.0,1,2187.5,0.0,0.0,0.0,0.0,0.0,2
2023-05-09 21:54:12,j2311,j2311,2187.5,0.0,0.0,0.0,1,2136.0,2193.5,1,2187.5,0.0,0.0,0.0,0.0,0.0,2
2023-05-09 21:54:12,j2311,j2311,2187.5,0.0,0.0,0.0,1,2136.0,2191.0,1,2187.5,0.0,0.0,0.0,0.0,0.0,2
2023-05-09 21:54:13,j2311,j2311,2187.5,0.0,0.0,0.0,1,2136.0,2190.5,1,2187.5,0.0,0.0,0.0,0.0,0.0,2
2023-05-09 21:54:13,j2311,j2311,2187.5,0.0,0.0,0.0,1,2136.0,2188.0,1,2187.5,0.0,0.0,0.0,0.0,0.0,2
2023-05-09 21:54:14,j2311,j2311,2187.5,0.0,0.0,0.0,1,2136.0,2187.5,1,2187.5,0.0,0.0,0.0,0.0,0.0,2
2023-05-09 21:54:15,j2311,j2311,2187.5,0.0,0.0,0.0,1,2136.0,2185.0,1,2187.5,0.0,0.0,0.0,0.0,0.0,2
2023-05-09 21:54:16,j2311,j2311,2187.5,0.0,0.0,0.0,1,2136.0,2184.5,1,2187.5,0.0,0.0,0.0,0.0,0.0,2
2023-05-09 21:54:17,j2311,j2311,2187.5,0.0,0.0,0.0,1,2136.0,2182.0,1,2187.5,0.0,0.0,0.0,0.0,0.0,2
2023-05-09 21:54:18,j2311,j2311,2187.5,0.0,0.0,0.0,1,2136.0,2181.5,1,2187.5,0.0,0.0,0.0,0.0,0.0,2
2023-05-09 21:54:19,j2311,j2311,2187.5,0.0,0.0,0.0,1,2136.0,2179.0,1,2187.5,0.0,0.0,0.0,0.0,0.0,2
2023-05-09 21:54:19,j2311,j2311,2187.5,0.0,0.0,0.0,1,2136.5,2179.0,1,2187.5,0.0,0.0,0.0,0.0,0.0,2
2023-05-09 21:54:20,j2311,j2311,2187.5,0.0,0.0,0.0,1,2139.0,2179.0,1,2187.5,0.0,0.0,0.0,0.0,0.0,2
2023-05-09 21:54:21,j2311,j2311,2187.5,0.0,0.0,0.0,1,2139.0,2178.5,1,2187.5,0.0,0.0,0.0,0.0,0.0,2
2023-05-09 21:54:25,j2311,j2311,2187.5,0.0,0.0,0.0,1,2139.0,2176.0,1,2187.5,0.0,0.0,0.0,0.0,0.0,2
2023-05-09 21:54:26,j2311,j2311,2187.5,0.0,0.0,0.0,1,2139.0,2175.5,1,2187.5,0.0,0.0,0.0,0.0,0.0,2
2023-05-09 21:55:03,j2311,j2311,2187.5,0.0,0.0,0.0,1,2139.5,2175.5,1,2187.5,0.0,0.0,0.0,0.0,0.0,2
2023-05-09 21:55:03,j2311,j2311,2187.5,0.0,0.0,0.0,1,2142.0,2175.5,1,2187.5,0.0,0.0,0.0,0.0,0.0,2
2023-05-09 21:55:46,j2311,j2311,2187.5,0.0,0.0,0.0,1,2142.5,2175.5,1,2187.5,0.0,0.0,0.0,0.0,0.0,2
2023-05-09 21:55:47,j2311,j2311,2187.5,0.0,0.0,0.0,1,2145.0,2175.5,1,2187.5,0.0,0.0,0.0,0.0,0.0,2
2023-05-09 21:56:01,j2311,j2311,2187.5,0.0,0.0,0.0,1,2145.0,2173.0,1,2187.5,0.0,0.0,0.0,0.0,0.0,2
2023-05-09 21:56:02,j2311,j2311,2187.5,0.0,0.0,0.0,1,2145.0,2172.5,1,2187.5,0.0,0.0,0.0,0.0,0.0,2
2023-05-09 21:56:29,j2311,j2311,2187.5,0.0,0.0,0.0,1,2145.0,2172.0,1,2187.5,0.0,0.0,0.0,0.0,0.0,2
2023-05-09 21:56:31,j2311,j2311,2187.5,0.0,0.0,0.0,1,2145.0,2173.0,1,2187.5,0.0,0.0,0.0,0.0,0.0,2
2023-05-09 21:56:32,j2311,j2311,2187.5,0.0,0.0,0.0,1,2145.0,2172.5,1,2187.5,0.0,0.0,0.0,0.0,0.0,2
2023-05-09 21:56:52,j2311,j2311,2187.5,0.0,0.0,0.0,1,2090.0,2172.5,1,2187.5,0.0,0.0,0.0,0.0,0.0,2
2023-05-09 21:56:53,j2311,j2311,2187.5,0.0,0.0,0.0,1,2092.5,2172.5,1,2187.5,0.0,0.0,0.0,0.0,0.0,2
2023-05-09 21:56:53,j2311,j2311,2187.5,0.0,0.0,0.0,1,2093.0,2172.5,1,2187.5,0.0,0.0,0.0,0.0,0.0,2
2023-05-09 21:56:54,j2311,j2311,2187.5,0.0,0.0,0.0,1,2095.5,2172.5,1,2187.5,0.0,0.0,0.0,0.0,0.0,2
2023-05-09 21:56:55,j2311,j2311,2187.5,0.0,0.0,0.0,1,2096.0,2172.5,1,2187.5,0.0,0.0,0.0,0.0,0.0,2
2023-05-09 21:56:56,j2311,j2311,2187.5,0.0,0.0,0.0,1,2098.5,2172.5,1,2187.5,0.0,0.0,0.0,0.0,0.0,2
2023-05-09 21:56:57,j2311,j2311,2187.5,0.0,0.0,0.0,1,2099.0,2172.5,1,2187.5,0.0,0.0,0.0,0.0,0.0,2
2023-05-09 21:56:58,j2311,j2311,2187.5,0.0,0.0,0.0,1,2101.5,2172.5,1,2187.5,0.0,0.0,0.0,0.0,0.0,2
2023-05-09 21:56:59,j2311,j2311,2187.5,0.0,0.0,0.0,1,2102.0,2172.5,1,2187.5,0.0,0.0,0.0,0.0,0.0,2
2023-05-09 21:56:59,j2311,j2311,2187.5,0.0,0.0,0.0,1,2104.5,2172.5,1,2187.5,0.0,0.0,0.0,0.0,0.0,2
2023-05-09 21:57:01,j2311,j2311,2187.5,0.0,0.0,0.0,1,2105.0,2172.5,1,2187.5,0.0,0.0,0.0,0.0,0.0,2
2023-05-09 21:57:01,j2311,j2311,2187.5,0.0,0.0,0.0,1,2107.5,2172.5,1,2187.5,0.0,0.0,0.0,0.0,0.0,2
2023-05-09 21:57:03,j2311,j2311,2187.5,0.0,0.0,0.0,1,2108.0,2172.5,1,2187.5,0.0,0.0,0.0,0.0,0.0,2
2023-05-09 21:57:03,j2311,j2311,2187.5,0.0,0.0,0.0,1,2110.5,2172.5,1,2187.5,0.0,0.0,0.0,0.0,0.0,2
2023-05-09 21:57:06,j2311,j2311,2187.5,0.0,0.0,0.0,1,2111.0,2172.5,1,2187.5,0.0,0.0,0.0,0.0,0.0,2
2023-05-09 21:57:06,j2311,j2311,2187.5,0.0,0.0,0.0,1,2113.5,2172.5,1,2187.5,0.0,0.0,0.0,0.0,0.0,2
2023-05-09 21:57:08,j2311,j2311,2187.5,0.0,0.0,0.0,1,2114.0,2172.5,1,2187.5,0.0,0.0,0.0,0.0,0.0,2
2023-05-09 21:57:08,j2311,j2311,2187.5,0.0,0.0,0.0,1,2116.5,2172.5,1,2187.5,0.0,0.0,0.0,0.0,0.0,2
2023-05-09 21:57:09,j2311,j2311,2187.5,0.0,0.0,0.0,1,2117.0,2172.5,1,2187.5,0.0,0.0,0.0,0.0,0.0,2
2023-05-09 21:57:09,j2311,j2311,2187.5,0.0,0.0,0.0,1,2119.5,2172.5,1,2187.5,0.0,0.0,0.0,0.0,0.0,2
2023-05-09 21:57:12,j2311,j2311,2187.5,0.0,0.0,0.0,1,2120.0,2172.5,1,2187.5,0.0,0.0,0.0,0.0,0.0,2
2023-05-09 21:57:12,j2311,j2311,2187.5,0.0,0.0,0.0,1,2122.5,2172.5,1,2187.5,0.0,0.0,0.0,0.0,0.0,2
2023-05-09 21:57:13,j2311,j2311,2187.5,0.0,0.0,0.0,1,2123.0,2172.5,1,2187.5,0.0,0.0,0.0,0.0,0.0,2
2023-05-09 21:57:14,j2311,j2311,2187.5,0.0,0.0,0.0,1,2125.5,2172.5,1,2187.5,0.0,0.0,0.0,0.0,0.0,2
2023-05-09 21:57:16,j2311,j2311,2187.5,0.0,0.0,0.0,1,2126.0,2172.5,1,2187.5,0.0,0.0,0.0,0.0,0.0,2
2023-05-09 21:57:16,j2311,j2311,2187.5,0.0,0.0,0.0,1,2128.5,2172.5,1,2187.5,0.0,0.0,0.0,0.0,0.0,2
2023-05-09 21:57:18,j2311,j2311,2187.5,0.0,0.0,0.0,1,2129.0,2172.5,1,2187.5,0.0,0.0,0.0,0.0,0.0,2
2023-05-09 21:57:18,j2311,j2311,2187.5,0.0,0.0,0.0,1,2131.5,2172.5,1,2187.5,0.0,0.0,0.0,0.0,0.0,2
2023-05-09 21:57:21,j2311,j2311,2187.5,0.0,0.0,0.0,1,2132.0,2172.5,1,2187.5,0.0,0.0,0.0,0.0,0.0,2
2023-05-09 21:57:22,j2311,j2311,2187.5,0.0,0.0,0.0,1,2134.5,2172.5,1,2187.5,0.0,0.0,0.0,0.0,0.0,2
2023-05-09 21:57:54,j2311,j2311,2187.5,0.0,0.0,0.0,1,2135.0,2172.5,1,2187.5,0.0,0.0,0.0,0.0,0.0,2
2023-05-09 21:57:55,j2311,j2311,2187.5,0.0,0.0,0.0,1,2137.5,2172.5,1,2187.5,0.0,0.0,0.0,0.0,0.0,2
2023-05-09 21:58:31,j2311,j2311,2187.5,0.0,0.0,0.0,1,2137.5,2197.0,1,2187.5,0.0,0.0,0.0,0.0,0.0,2
2023-05-09 21:58:31,j2311,j2311,2187.5,0.0,0.0,0.0,1,2137.5,2196.5,1,2187.5,0.0,0.0,0.0,0.0,0.0,2
2023-05-09 21:58:32,j2311,j2311,2187.5,0.0,0.0,0.0,1,2137.5,2194.0,1,2187.5,0.0,0.0,0.0,0.0,0.0,2
2023-05-09 21:58:33,j2311,j2311,2187.5,0.0,0.0,0.0,1,2137.5,2193.5,1,2187.5,0.0,0.0,0.0,0.0,0.0,2
2023-05-09 21:58:34,j2311,j2311,2187.5,0.0,0.0,0.0,1,2137.5,2191.0,1,2187.5,0.0,0.0,0.0,0.0,0.0,2
2023-05-09 21:58:34,j2311,j2311,2187.5,0.0,0.0,0.0,1,2137.5,2190.5,2,2187.5,0.0,0.0,0.0,0.0,0.0,2
2023-05-09 21:58:35,j2311,j2311,2187.5,0.0,0.0,0.0,1,2137.5,2188.0,1,2187.5,0.0,0.0,0.0,0.0,0.0,2
2023-05-09 21:58:36,j2311,j2311,2187.5,0.0,0.0,0.0,1,2137.5,2187.5,2,2187.5,0.0,0.0,0.0,0.0,0.0,2
2023-05-09 21:58:37,j2311,j2311,2187.5,0.0,0.0,0.0,1,2138.0,2185.0,1,2187.5,0.0,0.0,0.0,0.0,0.0,2
2023-05-09 21:58:37,j2311,j2311,2187.5,0.0,0.0,0.0,1,2140.5,2185.0,1,2187.5,0.0,0.0,0.0,0.0,0.0,2
2023-05-09 21:58:38,j2311,j2311,2187.5,0.0,0.0,0.0,1,2140.5,2184.5,1,2187.5,0.0,0.0,0.0,0.0,0.0,2
2023-05-09 21:58:39,j2311,j2311,2187.5,0.0,0.0,0.0,1,2140.5,2182.0,1,2187.5,0.0,0.0,0.0,0.0,0.0,2
2023-05-09 21:58:40,j2311,j2311,2187.5,0.0,0.0,0.0,1,2140.5,2181.5,1,2187.5,0.0,0.0,0.0,0.0,0.0,2
2023-05-09 21:58:40,j2311,j2311,2187.5,0.0,0.0,0.0,1,2140.5,2179.0,1,2187.5,0.0,0.0,0.0,0.0,0.0,2
2023-05-09 21:58:42,j2311,j2311,2187.5,0.0,0.0,0.0,1,2140.5,2178.5,1,2187.5,0.0,0.0,0.0,0.0,0.0,2
2023-05-09 21:59:02,j2311,j2311,2187.5,0.0,0.0,0.0,1,2140.5,2176.0,1,2187.5,0.0,0.0,0.0,0.0,0.0,2
2023-05-09 21:59:03,j2311,j2311,2187.5,0.0,0.0,0.0,1,2140.5,2175.5,1,2187.5,0.0,0.0,0.0,0.0,0.0,2
2023-05-09 21:59:20,j2311,j2311,2187.5,0.0,0.0,0.0,1,2141.0,2175.5,1,2187.5,0.0,0.0,0.0,0.0,0.0,2
2023-05-09 21:59:20,j2311,j2311,2187.5,0.0,0.0,0.0,1,2143.5,2175.5,1,2187.5,0.0,0.0,0.0,0.0,0.0,2
2023-05-09 21:59:21,j2311,j2311,2187.5,0.0,0.0,0.0,1,2143.5,2173.0,1,2187.5,0.0,0.0,0.0,0.0,0.0,2
2023-05-09 21:59:22,j2311,j2311,2187.5,0.0,0.0,0.0,1,2143.5,2172.5,1,2187.5,0.0,0.0,0.0,0.0,0.0,2
2023-05-09 22:00:02,j2311,j2311,2187.5,0.0,0.0,0.0,1,2143.5,2172.0,1,2187.5,0.0,0.0,0.0,0.0,0.0,2
2023-05-09 22:00:03,j2311,j2311,2187.5,0.0,0.0,0.0,1,2143.5,2171.5,1,2187.5,0.0,0.0,0.0,0.0,0.0,2
2023-05-09 22:00:44,j2311,j2311,2187.5,0.0,0.0,0.0,1,2090.0,2169.0,1,2187.5,0.0,0.0,0.0,0.0,0.0,2
2023-05-09 22:00:44,j2311,j2311,2187.5,0.0,0.0,0.0,1,2092.5,2169.0,1,2187.5,0.0,0.0,0.0,0.0,0.0,2
2023-05-09 22:00:45,j2311,j2311,2187.5,0.0,0.0,0.0,1,2093.0,2169.0,1,2187.5,0.0,0.0,0.0,0.0,0.0,2
2023-05-09 22:00:46,j2311,j2311,2187.5,0.0,0.0,0.0,1,2095.5,2168.5,1,2187.5,0.0,0.0,0.0,0.0,0.0,2
2023-05-09 22:00:47,j2311,j2311,2187.5,0.0,0.0,0.0,1,2096.0,2168.5,1,2187.5,0.0,0.0,0.0,0.0,0.0,2
2023-05-09 22:00:47,j2311,j2311,2187.5,0.0,0.0,0.0,1,2098.5,2168.5,1,2187.5,0.0,0.0,0.0,0.0,0.0,2
2023-05-09 22:00:49,j2311,j2311,2187.5,0.0,0.0,0.0,1,2099.0,2168.5,1,2187.5,0.0,0.0,0.0,0.0,0.0,2
2023-05-09 22:00:49,j2311,j2311,2187.5,0.0,0.0,0.0,1,2101.5,2168.5,1,2187.5,0.0,0.0,0.0,0.0,0.0,2
2023-05-09 22:00:50,j2311,j2311,2187.5,0.0,0.0,0.0,1,2102.0,2168.5,1,2187.5,0.0,0.0,0.0,0.0,0.0,2
2023-05-09 22:00:51,j2311,j2311,2187.5,0.0,0.0,0.0,1,2104.5,2168.5,1,2187.5,0.0,0.0,0.0,0.0,0.0,2
2023-05-09 22:00:53,j2311,j2311,2187.5,0.0,0.0,0.0,1,2105.0,2168.5,1,2187.5,0.0,0.0,0.0,0.0,0.0,2
2023-05-09 22:00:53,j2311,j2311,2187.5,0.0,0.0,0.0,1,2107.5,2168.5,1,2187.5,0.0,0.0,0.0,0.0,0.0,2
2023-05-09 22:00:55,j2311,j2311,2187.5,0.0,0.0,0.0,1,2108.0,2168.5,1,2187.5,0.0,0.0,0.0,0.0,0.0,2
2023-05-09 22:00:55,j2311,j2311,2187.5,0.0,0.0,0.0,1,2110.5,2168.5,1,2187.5,0.0,0.0,0.0,0.0,0.0,2
2023-05-09 22:00:56,j2311,j2311,2187.5,0.0,0.0,0.0,1,2111.0,2168.5,1,2187.5,0.0,0.0,0.0,0.0,0.0,2
2023-05-09 22:00:57,j2311,j2311,2187.5,0.0,0.0,0.0,1,2113.5,2168.5,1,2187.5,0.0,0.0,0.0,0.0,0.0,2
2023-05-09 22:00:58,j2311,j2311,2187.5,0.0,0.0,0.0,1,2114.0,2168.5,1,2187.5,0.0,0.0,0.0,0.0,0.0,2
2023-05-09 22:00:59,j2311,j2311,2187.5,0.0,0.0,0.0,1,2116.5,2168.5,1,2187.5,0.0,0.0,0.0,0.0,0.0,2
2023-05-09 22:01:00,j2311,j2311,2187.5,0.0,0.0,0.0,1,2117.0,2168.5,1,2187.5,0.0,0.0,0.0,0.0,0.0,2
2023-05-09 22:01:00,j2311,j2311,2187.5,0.0,0.0,0.0,1,2119.5,2168.5,1,2187.5,0.0,0.0,0.0,0.0,0.0,2
2023-05-09 22:01:03,j2311,j2311,2187.5,0.0,0.0,0.0,1,2120.0,2168.5,1,2187.5,0.0,0.0,0.0,0.0,0.0,2
2023-05-09 22:01:03,j2311,j2311,2187.5,0.0,0.0,0.0,1,2122.5,2168.5,1,2187.5,0.0,0.0,0.0,0.0,0.0,2
2023-05-09 22:01:05,j2311,j2311,2187.5,0.0,0.0,0.0,1,2123.0,2168.5,1,2187.5,0.0,0.0,0.0,0.0,0.0,2
2023-05-09 22:01:05,j2311,j2311,2187.5,0.0,0.0,0.0,1,2125.5,2168.5,1,2187.5,0.0,0.0,0.0,0.0,0.0,2
2023-05-09 22:01:15,j2311,j2311,2187.5,0.0,0.0,0.0,1,2125.5,2166.0,1,2187.5,0.0,0.0,0.0,0.0,0.0,2
2023-05-09 22:01:17,j2311,j2311,2187.5,0.0,0.0,0.0,1,2125.5,2165.5,1,2187.5,0.0,0.0,0.0,0.0,0.0,2
2023-05-09 22:01:28,j2311,j2311,2187.5,0.0,0.0,0.0,1,2126.0,2165.5,1,2187.5,0.0,0.0,0.0,0.0,0.0,2
2023-05-09 22:01:29,j2311,j2311,2187.5,0.0,0.0,0.0,1,2128.5,2165.5,1,2187.5,0.0,0.0,0.0,0.0,0.0,2
2023-05-09 22:02:11,j2311,j2311,2187.5,0.0,0.0,0.0,1,2129.0,2165.5,1,2187.5,0.0,0.0,0.0,0.0,0.0,2
2023-05-09 22:02:11,j2311,j2311,2187.5,0.0,0.0,0.0,1,2131.5,2165.5,1,2187.5,0.0,0.0,0.0,0.0,0.0,2
2023-05-09 22:02:54,j2311,j2311,2187.5,0.0,0.0,0.0,1,2132.0,2165.5,1,2187.5,0.0,0.0,0.0,0.0,0.0,2
2023-05-09 22:02:54,j2311,j2311,2187.5,0.0,0.0,0.0,1,2134.5,2165.5,1,2187.5,0.0,0.0,0.0,0.0,0.0,2
2023-05-09 22:03:15,j2311,j2311,2187.5,0.0,0.0,0.0,1,2134.5,2197.0,1,2187.5,0.0,0.0,0.0,0.0,0.0,2
2023-05-09 22:03:16,j2311,j2311,2187.5,0.0,0.0,0.0,1,2134.5,2196.5,1,2187.5,0.0,0.0,0.0,0.0,0.0,2
2023-05-09 22:03:16,j2311,j2311,2187.5,0.0,0.0,0.0,1,2134.5,2194.0,1,2187.5,0.0,0.0,0.0,0.0,0.0,2
2023-05-09 22:03:19,j2311,j2311,2187.5,0.0,0.0,0.0,1,2134.5,2193.5,2,2187.5,0.0,0.0,0.0,0.0,0.0,2
2023-05-09 22:03:19,j2311,j2311,2187.5,0.0,0.0,0.0,1,2134.5,2191.0,1,2187.5,0.0,0.0,0.0,0.0,0.0,2
2023-05-09 22:03:20,j2311,j2311,2187.5,0.0,0.0,0.0,1,2134.5,2190.5,1,2187.5,0.0,0.0,0.0,0.0,0.0,2
2023-05-09 22:03:21,j2311,j2311,2187.5,0.0,0.0,0.0,1,2134.5,2188.0,1,2187.5,0.0,0.0,0.0,0.0,0.0,2
2023-05-09 22:03:21,j2311,j2311,2187.5,0.0,0.0,0.0,1,2134.5,2187.5,1,2187.5,0.0,0.0,0.0,0.0,0.0,2
2023-05-09 22:03:22,j2311,j2311,2187.5,0.0,0.0,0.0,1,2134.5,2185.0,1,2187.5,0.0,0.0,0.0,0.0,0.0,2
2023-05-09 22:03:23,j2311,j2311,2187.5,0.0,0.0,0.0,1,2134.5,2184.5,2,2187.5,0.0,0.0,0.0,0.0,0.0,2
2023-05-09 22:03:23,j2311,j2311,2187.5,0.0,0.0,0.0,1,2134.5,2182.0,1,2187.5,0.0,0.0,0.0,0.0,0.0,2
2023-05-09 22:03:25,j2311,j2311,2187.5,0.0,0.0,0.0,1,2134.5,2181.5,2,2187.5,0.0,0.0,0.0,0.0,0.0,2
2023-05-09 22:03:25,j2311,j2311,2187.5,0.0,0.0,0.0,1,2134.5,2179.0,1,2187.5,0.0,0.0,0.0,0.0,0.0,2
2023-05-09 22:03:26,j2311,j2311,2187.5,0.0,0.0,0.0,1,2134.5,2178.5,2,2187.5,0.0,0.0,0.0,0.0,0.0,2
2023-05-09 22:03:27,j2311,j2311,2187.5,0.0,0.0,0.0,1,2134.5,2176.0,1,2187.5,0.0,0.0,0.0,0.0,0.0,2
2023-05-09 22:03:29,j2311,j2311,2187.5,0.0,0.0,0.0,1,2134.5,2175.5,1,2187.5,0.0,0.0,0.0,0.0,0.0,2
2023-05-09 22:03:30,j2311,j2311,2187.5,0.0,0.0,0.0,1,2134.5,2173.0,1,2187.5,0.0,0.0,0.0,0.0,0.0,2
2023-05-09 22:03:31,j2311,j2311,2187.5,0.0,0.0,0.0,1,2134.5,2172.5,1,2187.5,0.0,0.0,0.0,0.0,0.0,2
2023-05-09 22:03:32,j2311,j2311,2187.5,0.0,0.0,0.0,1,2134.5,2170.0,1,2187.5,0.0,0.0,0.0,0.0,0.0,2
2023-05-09 22:03:33,j2311,j2311,2187.5,0.0,0.0,0.0,1,2134.5,2169.5,1,2187.5,0.0,0.0,0.0,0.0,0.0,2
2023-05-09 22:03:33,j2311,j2311,2187.5,0.0,0.0,0.0,1,2134.5,2167.0,1,2187.5,0.0,0.0,0.0,0.0,0.0,2
2023-05-09 22:03:36,j2311,j2311,2187.5,0.0,0.0,0.0,1,2135.0,2166.5,1,2187.5,0.0,0.0,0.0,0.0,0.0,2
2023-05-09 22:03:36,j2311,j2311,2187.5,0.0,0.0,0.0,1,2137.5,2166.5,1,2187.5,0.0,0.0,0.0,0.0,0.0,2
2023-05-09 22:03:46,j2311,j2311,2187.5,0.0,0.0,0.0,1,2137.5,2164.0,1,2187.5,0.0,0.0,0.0,0.0,0.0,2
2023-05-09 22:03:47,j2311,j2311,2187.5,0.0,0.0,0.0,1,2137.5,2163.5,1,2187.5,0.0,0.0,0.0,0.0,0.0,2
2023-05-09 22:04:19,j2311,j2311,2187.5,0.0,0.0,0.0,1,2137.5,2163.0,1,2187.5,0.0,0.0,0.0,0.0,0.0,2
2023-05-09 22:04:20,j2311,j2311,2187.5,0.0,0.0,0.0,1,2137.5,2162.5,1,2187.5,0.0,0.0,0.0,0.0,0.0,2
2023-05-09 22:05:01,j2311,j2311,2187.5,0.0,0.0,0.0,1,2137.5,2162.0,1,2187.5,0.0,0.0,0.0,0.0,0.0,2
2023-05-09 22:05:03,j2311,j2311,2187.5,0.0,0.0,0.0,1,2137.5,2161.5,1,2187.5,0.0,0.0,0.0,0.0,0.0,2
2023-05-09 22:05:44,j2311,j2311,2187.5,0.0,0.0,0.0,1,2137.5,2161.0,1,2187.5,0.0,0.0,0.0,0.0,0.0,2
2023-05-09 22:05:46,j2311,j2311,2187.5,0.0,0.0,0.0,1,2137.5,2160.5,1,2187.5,0.0,0.0,0.0,0.0,0.0,2
2023-05-09 22:06:26,j2311,j2311,2187.5,0.0,0.0,0.0,1,2137.5,2160.0,1,2187.5,0.0,0.0,0.0,0.0,0.0,2
2023-05-09 22:06:28,j2311,j2311,2187.5,0.0,0.0,0.0,1,2137.5,2197.0,1,2187.5,0.0,0.0,0.0,0.0,0.0,2
2023-05-09 22:06:29,j2311,j2311,2187.5,0.0,0.0,0.0,1,2137.5,2196.5,2,2187.5,0.0,0.0,0.0,0.0,0.0,2
2023-05-09 22:06:29,j2311,j2311,2187.5,0.0,0.0,0.0,1,2137.5,2194.0,1,2187.5,0.0,0.0,0.0,0.0,0.0,2
2023-05-09 22:06:31,j2311,j2311,2187.5,0.0,0.0,0.0,1,2137.5,2193.5,2,2187.5,0.0,0.0,0.0,0.0,0.0,2
2023-05-09 22:06:31,j2311,j2311,2187.5,0.0,0.0,0.0,1,2137.5,2191.0,1,2187.5,0.0,0.0,0.0,0.0,0.0,2
2023-05-09 22:06:32,j2311,j2311,2187.5,0.0,0.0,0.0,1,2137.5,2190.5,2,2187.5,0.0,0.0,0.0,0.0,0.0,2
2023-05-09 22:06:33,j2311,j2311,2187.5,0.0,0.0,0.0,1,2137.5,2188.0,1,2187.5,0.0,0.0,0.0,0.0,0.0,2
2023-05-09 22:06:34,j2311,j2311,2187.5,0.0,0.0,0.0,1,2137.5,2187.5,2,2187.5,0.0,0.0,0.0,0.0,0.0,2
2023-05-09 22:06:34,j2311,j2311,2187.5,0.0,0.0,0.0,1,2137.5,2185.0,1,2187.5,0.0,0.0,0.0,0.0,0.0,2
2023-05-09 22:06:37,j2311,j2311,2187.5,0.0,0.0,0.0,1,2137.5,2184.5,2,2187.5,0.0,0.0,0.0,0.0,0.0,2
2023-05-09 22:06:38,j2311,j2311,2187.5,0.0,0.0,0.0,1,2137.5,2182.0,1,2187.5,0.0,0.0,0.0,0.0,0.0,2
2023-05-09 22:06:39,j2311,j2311,2187.5,0.0,0.0,0.0,1,2137.5,2181.5,2,2187.5,0.0,0.0,0.0,0.0,0.0,2
2023-05-09 22:06:39,j2311,j2311,2187.5,0.0,0.0,0.0,1,2137.5,2179.0,1,2187.5,0.0,0.0,0.0,0.0,0.0,2
2023-05-09 22:06:40,j2311,j2311,2187.5,0.0,0.0,0.0,1,2137.5,2178.5,2,2187.5,0.0,0.0,0.0,0.0,0.0,2
2023-05-09 22:06:41,j2311,j2311,2187.5,0.0,0.0,0.0,1,2137.5,2176.0,1,2187.5,0.0,0.0,0.0,0.0,0.0,2
2023-05-09 22:06:45,j2311,j2311,2187.5,0.0,0.0,0.0,1,2137.5,2175.5,1,2187.5,0.0,0.0,0.0,0.0,0.0,2
2023-05-09 22:06:46,j2311,j2311,2187.5,0.0,0.0,0.0,1,2137.5,2173.0,1,2187.5,0.0,0.0,0.0,0.0,0.0,2
2023-05-09 22:06:51,j2311,j2311,2187.5,0.0,0.0,0.0,1,2137.5,2172.5,1,2187.5,0.0,0.0,0.0,0.0,0.0,2
2023-05-09 22:06:51,j2311,j2311,2187.5,0.0,0.0,0.0,1,2137.5,2170.0,1,2187.5,0.0,0.0,0.0,0.0,0.0,2
2023-05-09 22:06:53,j2311,j2311,2187.5,0.0,0.0,0.0,1,2137.5,2169.5,1,2187.5,0.0,0.0,0.0,0.0,0.0,2
2023-05-09 22:06:54,j2311,j2311,2187.5,0.0,0.0,0.0,1,2137.5,2167.0,1,2187.5,0.0,0.0,0.0,0.0,0.0,2
2023-05-09 22:06:55,j2311,j2311,2187.5,0.0,0.0,0.0,1,2137.5,2166.5,1,2187.5,0.0,0.0,0.0,0.0,0.0,2
2023-05-09 22:07:08,j2311,j2311,2187.5,0.0,0.0,0.0,1,2137.5,2166.0,1,2187.5,0.0,0.0,0.0,0.0,0.0,2
2023-05-09 22:07:10,j2311,j2311,2187.5,0.0,0.0,0.0,1,2137.5,2197.0,1,2187.5,0.0,0.0,0.0,0.0,0.0,2
2023-05-09 22:07:10,j2311,j2311,2187.5,0.0,0.0,0.0,1,2137.5,2165.5,1,2187.5,0.0,0.0,0.0,0.0,0.0,2
2023-05-09 22:07:50,j2311,j2311,2187.5,0.0,0.0,0.0,1,2137.5,2165.0,1,2187.5,0.0,0.0,0.0,0.0,0.0,2
2023-05-09 22:07:52,j2311,j2311,2187.5,0.0,0.0,0.0,1,2137.5,2164.5,1,2187.5,0.0,0.0,0.0,0.0,0.0,2
2023-05-09 22:08:33,j2311,j2311,2187.5,0.0,0.0,0.0,1,2137.5,2164.0,1,2187.5,0.0,0.0,0.0,0.0,0.0,2
2023-05-09 22:08:35,j2311,j2311,2187.5,0.0,0.0,0.0,1,2137.5,2163.5,1,2187.5,0.0,0.0,0.0,0.0,0.0,2
2023-05-09 22:09:16,j2311,j2311,2187.5,0.0,0.0,0.0,1,2137.5,2163.0,1,2187.5,0.0,0.0,0.0,0.0,0.0,2
2023-05-09 22:09:17,j2311,j2311,2187.5,0.0,0.0,0.0,1,2137.5,2162.5,1,2187.5,0.0,0.0,0.0,0.0,0.0,2
2023-05-09 22:09:59,j2311,j2311,2187.5,0.0,0.0,0.0,1,2137.5,2162.0,1,2187.5,0.0,0.0,0.0,0.0,0.0,2
2023-05-09 22:10:01,j2311,j2311,2187.5,0.0,0.0,0.0,1,2137.5,2197.0,1,2187.5,0.0,0.0,0.0,0.0,0.0,2
2023-05-09 22:10:02,j2311,j2311,2187.5,0.0,0.0,0.0,1,2137.5,2196.5,2,2187.5,0.0,0.0,0.0,0.0,0.0,2
2023-05-09 22:10:02,j2311,j2311,2187.5,0.0,0.0,0.0,1,2137.5,2194.0,1,2187.5,0.0,0.0,0.0,0.0,0.0,2
2023-05-09 22:10:03,j2311,j2311,2187.5,0.0,0.0,0.0,1,2137.5,2193.5,1,2187.5,0.0,0.0,0.0,0.0,0.0,2
2023-05-09 22:10:04,j2311,j2311,2187.5,0.0,0.0,0.0,1,2137.5,2191.0,1,2187.5,0.0,0.0,0.0,0.0,0.0,2
2023-05-09 22:10:05,j2311,j2311,2187.5,0.0,0.0,0.0,1,2137.5,2190.5,2,2187.5,0.0,0.0,0.0,0.0,0.0,2
2023-05-09 22:10:05,j2311,j2311,2187.5,0.0,0.0,0.0,1,2137.5,2188.0,1,2187.5,0.0,0.0,0.0,0.0,0.0,2
2023-05-09 22:10:06,j2311,j2311,2187.5,0.0,0.0,0.0,1,2137.5,2187.5,1,2187.5,0.0,0.0,0.0,0.0,0.0,2
2023-05-09 22:10:07,j2311,j2311,2187.5,0.0,0.0,0.0,1,2137.5,2185.0,1,2187.5,0.0,0.0,0.0,0.0,0.0,2
2023-05-09 22:10:08,j2311,j2311,2187.5,0.0,0.0,0.0,1,2137.5,2184.5,2,2187.5,0.0,0.0,0.0,0.0,0.0,2
2023-05-09 22:10:08,j2311,j2311,2187.5,0.0,0.0,0.0,1,2137.5,2182.0,1,2187.5,0.0,0.0,0.0,0.0,0.0,2
2023-05-09 22:10:11,j2311,j2311,2187.5,0.0,0.0,0.0,1,2137.5,2181.5,1,2187.5,0.0,0.0,0.0,0.0,0.0,2
2023-05-09 22:10:11,j2311,j2311,2187.5,0.0,0.0,0.0,1,2137.5,2179.0,1,2187.5,0.0,0.0,0.0,0.0,0.0,2
2023-05-09 22:10:12,j2311,j2311,2187.5,0.0,0.0,0.0,1,2137.5,2178.5,1,2187.5,0.0,0.0,0.0,0.0,0.0,2
2023-05-09 22:10:13,j2311,j2311,2187.5,0.0,0.0,0.0,1,2137.5,2176.0,1,2187.5,0.0,0.0,0.0,0.0,0.0,2
2023-05-09 22:10:14,j2311,j2311,2187.5,0.0,0.0,0.0,1,2137.5,2175.5,1,2187.5,0.0,0.0,0.0,0.0,0.0,2
2023-05-09 22:10:14,j2311,j2311,2187.5,0.0,0.0,0.0,1,2137.5,2173.0,1,2187.5,0.0,0.0,0.0,0.0,0.0,2
2023-05-09 22:10:16,j2311,j2311,2187.5,0.0,0.0,0.0,1,2137.5,2172.5,1,2187.5,0.0,0.0,0.0,0.0,0.0,2
2023-05-09 22:10:16,j2311,j2311,2187.5,0.0,0.0,0.0,1,2137.5,2170.0,1,2187.5,0.0,0.0,0.0,0.0,0.0,2
2023-05-09 22:10:17,j2311,j2311,2187.5,0.0,0.0,0.0,1,2137.5,2169.5,1,2187.5,0.0,0.0,0.0,0.0,0.0,2
2023-05-09 22:10:30,j2311,j2311,2187.5,0.0,0.0,0.0,1,2137.5,2167.0,1,2187.5,0.0,0.0,0.0,0.0,0.0,2
2023-05-09 22:10:31,j2311,j2311,2187.5,0.0,0.0,0.0,1,2137.5,2166.5,1,2187.5,0.0,0.0,0.0,0.0,0.0,2
2023-05-09 22:10:42,j2311,j2311,2187.5,0.0,0.0,0.0,1,2137.5,2166.0,1,2187.5,0.0,0.0,0.0,0.0,0.0,2
2023-05-09 22:10:43,j2311,j2311,2187.5,0.0,0.0,0.0,1,2137.5,2165.5,1,2187.5,0.0,0.0,0.0,0.0,0.0,2
2023-05-09 22:11:25,j2311,j2311,2187.5,0.0,0.0,0.0,1,2137.5,2165.0,1,2187.5,0.0,0.0,0.0,0.0,0.0,2
2023-05-09 22:11:27,j2311,j2311,2187.5,0.0,0.0,0.0,1,2137.5,2164.5,1,2187.5,0.0,0.0,0.0,0.0,0.0,2
2023-05-09 22:12:07,j2311,j2311,2187.5,0.0,0.0,0.0,1,2137.5,2164.0,1,2187.5,0.0,0.0,0.0,0.0,0.0,2
2023-05-09 22:12:09,j2311,j2311,2187.5,0.0,0.0,0.0,1,2137.5,2163.5,1,2187.5,0.0,0.0,0.0,0.0,0.0,2
2023-05-09 22:12:50,j2311,j2311,2187.5,0.0,0.0,0.0,1,2137.5,2163.0,1,2187.5,0.0,0.0,0.0,0.0,0.0,2
2023-05-09 22:12:50,j2311,j2311,2187.5,0.0,0.0,0.0,1,2137.5,2162.5,1,2187.5,0.0,0.0,0.0,0.0,0.0,2
2023-05-09 22:13:33,j2311,j2311,2187.5,0.0,0.0,0.0,1,2137.5,2162.0,1,2187.5,0.0,0.0,0.0,0.0,0.0,2
2023-05-09 22:13:35,j2311,j2311,2187.5,0.0,0.0,0.0,1,2137.5,2197.0,1,2187.5,0.0,0.0,0.0,0.0,0.0,2
2023-05-09 22:13:35,j2311,j2311,2187.5,0.0,0.0,0.0,1,2137.5,2196.5,2,2187.5,0.0,0.0,0.0,0.0,0.0,2
2023-05-09 22:13:36,j2311,j2311,2187.5,0.0,0.0,0.0,1,2137.5,2194.0,1,2187.5,0.0,0.0,0.0,0.0,0.0,2
2023-05-09 22:13:37,j2311,j2311,2187.5,0.0,0.0,0.0,1,2137.5,2193.5,1,2187.5,0.0,0.0,0.0,0.0,0.0,2
2023-05-09 22:13:37,j2311,j2311,2187.5,0.0,0.0,0.0,1,2137.5,2191.0,1,2187.5,0.0,0.0,0.0,0.0,0.0,2
2023-05-09 22:13:38,j2311,j2311,2187.5,0.0,0.0,0.0,1,2137.5,2190.5,1,2187.5,0.0,0.0,0.0,0.0,0.0,2
2023-05-09 22:13:39,j2311,j2311,2187.5,0.0,0.0,0.0,1,2137.5,2188.0,1,2187.5,0.0,0.0,0.0,0.0,0.0,2
2023-05-09 22:13:41,j2311,j2311,2187.5,0.0,0.0,0.0,1,2137.5,2187.5,1,2187.5,0.0,0.0,0.0,0.0,0.0,2
2023-05-09 22:13:41,j2311,j2311,2187.5,0.0,0.0,0.0,1,2137.5,2185.0,1,2187.5,0.0,0.0,0.0,0.0,0.0,2
2023-05-09 22:13:42,j2311,j2311,2187.5,0.0,0.0,0.0,1,2137.5,2184.5,1,2187.5,0.0,0.0,0.0,0.0,0.0,2
2023-05-09 22:13:43,j2311,j2311,2187.5,0.0,0.0,0.0,1,2137.5,2182.0,1,2187.5,0.0,0.0,0.0,0.0,0.0,2
2023-05-09 22:13:44,j2311,j2311,2187.5,0.0,0.0,0.0,1,2137.5,2181.5,2,2187.5,0.0,0.0,0.0,0.0,0.0,2
2023-05-09 22:13:45,j2311,j2311,2187.5,0.0,0.0,0.0,1,2137.5,2179.0,1,2187.5,0.0,0.0,0.0,0.0,0.0,2
2023-05-09 22:13:46,j2311,j2311,2187.5,0.0,0.0,0.0,1,2137.5,2178.5,2,2187.5,0.0,0.0,0.0,0.0,0.0,2
2023-05-09 22:13:47,j2311,j2311,2187.5,0.0,0.0,0.0,1,2090.0,2176.0,1,2187.5,0.0,0.0,0.0,0.0,0.0,2
2023-05-09 22:13:47,j2311,j2311,2187.5,0.0,0.0,0.0,1,2092.5,2176.0,1,2187.5,0.0,0.0,0.0,0.0,0.0,2
2023-05-09 22:13:48,j2311,j2311,2187.5,0.0,0.0,0.0,1,2092.5,2175.5,2,2187.5,0.0,0.0,0.0,0.0,0.0,2
2023-05-09 22:13:48,j2311,j2311,2187.5,0.0,0.0,0.0,1,2093.0,2173.0,1,2187.5,0.0,0.0,0.0,0.0,0.0,2
2023-05-09 22:13:49,j2311,j2311,2187.5,0.0,0.0,0.0,1,2095.5,2173.0,1,2187.5,0.0,0.0,0.0,0.0,0.0,2
2023-05-09 22:13:49,j2311,j2311,2187.5,0.0,0.0,0.0,1,2095.5,2172.5,1,2187.5,0.0,0.0,0.0,0.0,0.0,2
2023-05-09 22:13:49,j2311,j2311,2187.5,0.0,0.0,0.0,1,2096.0,2170.0,1,2187.5,0.0,0.0,0.0,0.0,0.0,2
2023-05-09 22:13:50,j2311,j2311,2187.5,0.0,0.0,0.0,1,2098.5,2170.0,1,2187.5,0.0,0.0,0.0,0.0,0.0,2
2023-05-09 22:13:51,j2311,j2311,2187.5,0.0,0.0,0.0,1,2098.5,2169.5,1,2187.5,0.0,0.0,0.0,0.0,0.0,2
2023-05-09 22:13:51,j2311,j2311,2187.5,0.0,0.0,0.0,1,2098.5,2167.0,1,2187.5,0.0,0.0,0.0,0.0,0.0,2
2023-05-09 22:14:04,j2311,j2311,2187.5,0.0,0.0,0.0,1,2099.0,2166.5,1,2187.5,0.0,0.0,0.0,0.0,0.0,2
2023-05-09 22:14:04,j2311,j2311,2187.5,0.0,0.0,0.0,1,2101.5,2164.0,1,2187.5,0.0,0.0,0.0,0.0,0.0,2
2023-05-09 22:14:16,j2311,j2311,2187.5,0.0,0.0,0.0,1,2102.0,2164.0,1,2187.5,0.0,0.0,0.0,0.0,0.0,2
2023-05-09 22:14:16,j2311,j2311,2187.5,0.0,0.0,0.0,1,2104.5,2164.0,1,2187.5,0.0,0.0,0.0,0.0,0.0,2
2023-05-09 22:14:30,j2311,j2311,2187.5,0.0,0.0,0.0,1,2105.0,2164.0,1,2187.5,0.0,0.0,0.0,0.0,0.0,2
2023-05-09 22:14:31,j2311,j2311,2187.5,0.0,0.0,0.0,1,2107.5,2164.0,1,2187.5,0.0,0.0,0.0,0.0,0.0,2
2023-05-09 22:14:34,j2311,j2311,2187.5,0.0,0.0,0.0,1,2107.5,2222.0,1,2187.5,0.0,0.0,0.0,0.0,0.0,2
2023-05-09 22:14:35,j2311,j2311,2187.5,0.0,0.0,0.0,1,2107.5,2219.5,1,2187.5,0.0,0.0,0.0,0.0,0.0,2
2023-05-09 22:14:35,j2311,j2311,2187.5,0.0,0.0,0.0,1,2107.5,2219.0,1,2187.5,0.0,0.0,0.0,0.0,0.0,2
2023-05-09 22:14:36,j2311,j2311,2187.5,0.0,0.0,0.0,1,2107.5,2216.5,1,2187.5,0.0,0.0,0.0,0.0,0.0,2
2023-05-09 22:14:40,j2311,j2311,2187.5,0.0,0.0,0.0,1,2107.5,2216.0,1,2187.5,0.0,0.0,0.0,0.0,0.0,2
