time,symbol_id,symbol_name,last,trade_volume,trade_amount,open_interest_change,bv1,bp1,ap1,av1,yesterday_close,today_open,today_high,today_low,volume,amount,open_interest
2023-05-09 20:58:49,j2310,j2310,2132.5,0.0,0.0,0.0,1,2105.0,2137.5,1,2132.5,2137.5,0.0,0.0,0.0,0.0,42
2023-05-09 21:00:00,j2310,j2310,2132.5,0.0,0.0,0.0,1,2065.0,2198.0,1,2132.5,2137.5,0.0,0.0,0.0,0.0,42
2023-05-09 21:00:00,j2310,j2310,2132.5,0.0,0.0,0.0,1,2066.5,2134.5,2,2132.5,2137.5,0.0,0.0,0.0,0.0,42
2023-05-09 21:00:01,j2310,j2310,2132.5,0.0,0.0,0.0,1,2066.5,2198.0,1,2132.5,2137.5,0.0,0.0,0.0,0.0,42
2023-05-09 21:00:01,j2310,j2310,2132.5,0.0,0.0,0.0,1,2066.5,2131.5,2,2132.5,2137.5,0.0,0.0,0.0,0.0,42
2023-05-09 21:00:02,j2310,j2310,2132.5,0.0,0.0,0.0,1,2066.5,2198.0,1,2132.5,2137.5,0.0,0.0,0.0,0.0,42
2023-05-09 21:00:02,j2310,j2310,2132.5,0.0,0.0,0.0,1,2066.5,2128.5,2,2132.5,2137.5,0.0,0.0,0.0,0.0,42
2023-05-09 21:00:03,j2310,j2310,2132.5,0.0,0.0,0.0,1,2105.5,2165.5,2,2132.5,2137.5,0.0,0.0,0.0,0.0,42
2023-05-09 21:00:03,j2310,j2310,2132.5,0.0,0.0,0.0,1,2105.5,2162.5,2,2132.5,2137.5,0.0,0.0,0.0,0.0,42
2023-05-09 21:00:07,j2310,j2310,2132.5,0.0,0.0,0.0,1,2105.5,2162.0,1,2132.5,2137.5,0.0,0.0,0.0,0.0,42
2023-05-09 21:00:08,j2310,j2310,2132.5,0.0,0.0,0.0,1,2105.5,2159.0,2,2132.5,2137.5,0.0,0.0,0.0,0.0,42
2023-05-09 21:00:11,j2310,j2310,2132.5,0.0,0.0,0.0,1,2105.5,2158.5,1,2132.5,2137.5,0.0,0.0,0.0,0.0,42
2023-05-09 21:00:12,j2310,j2310,2132.5,0.0,0.0,0.0,1,2105.5,2155.5,2,2132.5,2137.5,0.0,0.0,0.0,0.0,42
2023-05-09 21:00:14,j2310,j2310,2132.5,0.0,0.0,0.0,1,2105.5,2155.0,1,2132.5,2137.5,0.0,0.0,0.0,0.0,42
2023-05-09 21:00:15,j2310,j2310,2132.5,0.0,0.0,0.0,1,2105.5,2152.0,2,2132.5,2137.5,0.0,0.0,0.0,0.0,42
2023-05-09 21:00:17,j2310,j2310,2132.5,0.0,0.0,0.0,1,2105.5,2151.5,1,2132.5,2137.5,0.0,0.0,0.0,0.0,42
2023-05-09 21:00:17,j2310,j2310,2132.5,0.0,0.0,0.0,1,2105.5,2148.5,2,2132.5,2137.5,0.0,0.0,0.0,0.0,42
2023-05-09 21:00:21,j2310,j2310,2132.5,0.0,0.0,0.0,1,2105.5,2148.0,1,2132.5,2137.5,0.0,0.0,0.0,0.0,42
2023-05-09 21:00:21,j2310,j2310,2132.5,0.0,0.0,0.0,1,2105.5,2145.0,2,2132.5,2137.5,0.0,0.0,0.0,0.0,42
2023-05-09 21:00:23,j2310,j2310,2132.5,0.0,0.0,0.0,1,2105.5,2144.5,1,2132.5,2137.5,0.0,0.0,0.0,0.0,42
2023-05-09 21:00:24,j2310,j2310,2132.5,0.0,0.0,0.0,1,2105.5,2141.5,2,2132.5,2137.5,0.0,0.0,0.0,0.0,42
2023-05-09 21:00:26,j2310,j2310,2132.5,0.0,0.0,0.0,1,2105.5,2141.0,1,2132.5,2137.5,0.0,0.0,0.0,0.0,42
2023-05-09 21:00:27,j2310,j2310,2132.5,0.0,0.0,0.0,1,2105.5,2138.0,2,2132.5,2137.5,0.0,0.0,0.0,0.0,42
2023-05-09 21:00:29,j2310,j2310,2132.5,0.0,0.0,0.0,1,2105.5,2137.5,1,2132.5,2137.5,0.0,0.0,0.0,0.0,42
2023-05-09 21:00:32,j2310,j2310,2132.5,0.0,0.0,0.0,1,2105.5,2137.0,1,2132.5,2137.5,0.0,0.0,0.0,0.0,42
2023-05-09 21:00:34,j2310,j2310,2132.5,0.0,0.0,0.0,1,2105.5,2136.5,1,2132.5,2137.5,0.0,0.0,0.0,0.0,42
2023-05-09 21:00:39,j2310,j2310,2132.5,0.0,0.0,0.0,1,2105.5,2136.0,1,2132.5,2137.5,0.0,0.0,0.0,0.0,42
2023-05-09 21:00:39,j2310,j2310,2132.5,0.0,0.0,0.0,1,2105.5,2135.5,1,2132.5,2137.5,0.0,0.0,0.0,0.0,42
2023-05-09 21:00:45,j2310,j2310,2132.5,0.0,0.0,0.0,1,2105.5,2135.0,1,2132.5,2137.5,0.0,0.0,0.0,0.0,42
2023-05-09 21:00:46,j2310,j2310,2132.5,0.0,0.0,0.0,1,2105.5,2134.5,1,2132.5,2137.5,0.0,0.0,0.0,0.0,42
2023-05-09 21:00:51,j2310,j2310,2132.5,0.0,0.0,0.0,1,2105.5,2134.0,1,2132.5,2137.5,0.0,0.0,0.0,0.0,42
2023-05-09 21:00:53,j2310,j2310,2132.5,0.0,0.0,0.0,1,2105.5,2133.5,1,2132.5,2137.5,0.0,0.0,0.0,0.0,42
2023-05-09 21:00:56,j2310,j2310,2132.5,0.0,0.0,0.0,1,2105.5,2133.0,2,2132.5,2137.5,0.0,0.0,0.0,0.0,42
2023-05-09 21:00:58,j2310,j2310,2132.5,0.0,0.0,0.0,1,2105.5,2132.5,1,2132.5,2137.5,0.0,0.0,0.0,0.0,42
2023-05-09 21:01:02,j2310,j2310,2132.5,0.0,0.0,0.0,1,2105.5,2132.0,1,2132.5,2137.5,0.0,0.0,0.0,0.0,42
2023-05-09 21:01:03,j2310,j2310,2132.5,0.0,0.0,0.0,1,2105.5,2131.5,1,2132.5,2137.5,0.0,0.0,0.0,0.0,42
2023-05-09 21:01:08,j2310,j2310,2132.5,0.0,0.0,0.0,1,2105.5,2131.0,1,2132.5,2137.5,0.0,0.0,0.0,0.0,42
2023-05-09 21:01:09,j2310,j2310,2132.5,0.0,0.0,0.0,1,2105.5,2130.5,1,2132.5,2137.5,0.0,0.0,0.0,0.0,42
2023-05-09 21:01:13,j2310,j2310,2132.5,0.0,0.0,0.0,1,2105.5,2130.0,1,2132.5,2137.5,0.0,0.0,0.0,0.0,42
2023-05-09 21:01:14,j2310,j2310,2132.5,0.0,0.0,0.0,1,2105.5,2129.5,1,2132.5,2137.5,0.0,0.0,0.0,0.0,42
2023-05-09 21:01:17,j2310,j2310,2132.5,0.0,0.0,0.0,1,2105.5,2129.0,1,2132.5,2137.5,0.0,0.0,0.0,0.0,42
2023-05-09 21:01:18,j2310,j2310,2132.5,0.0,0.0,0.0,1,2105.5,2128.5,1,2132.5,2137.5,0.0,0.0,0.0,0.0,42
2023-05-09 21:01:22,j2310,j2310,2132.5,0.0,0.0,0.0,1,2105.5,2128.0,1,2132.5,2137.5,0.0,0.0,0.0,0.0,42
2023-05-09 21:01:22,j2310,j2310,2132.5,0.0,0.0,0.0,1,2105.5,2127.5,1,2132.5,2137.5,0.0,0.0,0.0,0.0,42
2023-05-09 21:01:26,j2310,j2310,2132.5,0.0,0.0,0.0,1,2068.5,2127.5,1,2132.5,2137.5,0.0,0.0,0.0,0.0,42
2023-05-09 21:01:27,j2310,j2310,2132.5,0.0,0.0,0.0,1,2106.0,2127.0,1,2132.5,2137.5,0.0,0.0,0.0,0.0,42
2023-05-09 21:01:27,j2310,j2310,2132.5,0.0,0.0,0.0,1,2070.0,2127.0,1,2132.5,2137.5,0.0,0.0,0.0,0.0,42
2023-05-09 21:01:27,j2310,j2310,2132.5,0.0,0.0,0.0,1,2105.0,2126.5,1,2132.5,2137.5,0.0,0.0,0.0,0.0,42
2023-05-09 21:01:28,j2310,j2310,2132.5,0.0,0.0,0.0,1,2070.0,2126.5,1,2132.5,2137.5,0.0,0.0,0.0,0.0,42
2023-05-09 21:01:29,j2310,j2310,2132.5,0.0,0.0,0.0,1,2103.5,2126.5,1,2132.5,2137.5,0.0,0.0,0.0,0.0,42
2023-05-09 21:01:31,j2310,j2310,2132.5,0.0,0.0,0.0,1,2103.5,2126.0,1,2132.5,2137.5,0.0,0.0,0.0,0.0,42
2023-05-09 21:01:32,j2310,j2310,2132.5,0.0,0.0,0.0,1,2070.5,2126.0,1,2132.5,2137.5,0.0,0.0,0.0,0.0,42
2023-05-09 21:01:32,j2310,j2310,2132.5,0.0,0.0,0.0,1,2103.0,2123.0,2,2132.5,2137.5,0.0,0.0,0.0,0.0,42
2023-05-09 21:01:32,j2310,j2310,2132.5,0.0,0.0,0.0,1,2072.0,2123.0,2,2132.5,2137.5,0.0,0.0,0.0,0.0,42
2023-05-09 21:01:33,j2310,j2310,2132.5,0.0,0.0,0.0,1,2102.5,2123.0,2,2132.5,2137.5,0.0,0.0,0.0,0.0,42
2023-05-09 21:01:34,j2310,j2310,2132.5,0.0,0.0,0.0,1,2102.5,2125.5,1,2132.5,2137.5,0.0,0.0,0.0,0.0,42
2023-05-09 21:01:35,j2310,j2310,2132.5,0.0,0.0,0.0,1,2102.5,2122.5,1,2132.5,2137.5,0.0,0.0,0.0,0.0,42
2023-05-09 21:01:36,j2310,j2310,2132.5,0.0,0.0,0.0,1,2102.5,2122.0,1,2132.5,2137.5,0.0,0.0,0.0,0.0,42
2023-05-09 21:01:39,j2310,j2310,2132.5,0.0,0.0,0.0,1,2102.5,2121.5,2,2132.5,2137.5,0.0,0.0,0.0,0.0,42
2023-05-09 21:01:39,j2310,j2310,2132.5,0.0,0.0,0.0,1,2102.5,2121.5,3,2132.5,2137.5,0.0,0.0,0.0,0.0,42
2023-05-09 21:01:40,j2310,j2310,2132.5,0.0,0.0,0.0,1,2102.5,2121.0,1,2132.5,2137.5,0.0,0.0,0.0,0.0,42
2023-05-09 21:01:44,j2310,j2310,2132.5,0.0,0.0,0.0,1,2102.5,2120.5,1,2132.5,2137.5,0.0,0.0,0.0,0.0,42
2023-05-09 21:01:44,j2310,j2310,2132.5,0.0,0.0,0.0,1,2102.5,2120.0,1,2132.5,2137.5,0.0,0.0,0.0,0.0,42
2023-05-09 21:01:48,j2310,j2310,2132.5,0.0,0.0,0.0,1,2102.5,2119.5,1,2132.5,2137.5,0.0,0.0,0.0,0.0,42
2023-05-09 21:01:49,j2310,j2310,2132.5,0.0,0.0,0.0,1,2102.5,2119.0,1,2132.5,2137.5,0.0,0.0,0.0,0.0,42
2023-05-09 21:01:52,j2310,j2310,2132.5,0.0,0.0,0.0,1,2102.5,2118.5,1,2132.5,2137.5,0.0,0.0,0.0,0.0,42
2023-05-09 21:01:53,j2310,j2310,2132.5,0.0,0.0,0.0,1,2102.5,2118.0,1,2132.5,2137.5,0.0,0.0,0.0,0.0,42
2023-05-09 21:01:55,j2310,j2310,2132.5,0.0,0.0,0.0,1,2102.5,2117.5,1,2132.5,2137.5,0.0,0.0,0.0,0.0,42
2023-05-09 21:01:56,j2310,j2310,2132.5,0.0,0.0,0.0,1,2102.5,2117.0,1,2132.5,2137.5,0.0,0.0,0.0,0.0,42
2023-05-09 21:01:58,j2310,j2310,2132.5,0.0,0.0,0.0,1,2102.5,2116.5,1,2132.5,2137.5,0.0,0.0,0.0,0.0,42
2023-05-09 21:01:59,j2310,j2310,2132.5,0.0,0.0,0.0,1,2102.5,2116.0,1,2132.5,2137.5,0.0,0.0,0.0,0.0,42
2023-05-09 21:02:00,j2310,j2310,2132.5,0.0,0.0,0.0,1,2102.5,2115.5,1,2132.5,2137.5,0.0,0.0,0.0,0.0,42
2023-05-09 21:02:02,j2310,j2310,2132.5,0.0,0.0,0.0,1,2102.5,2115.0,1,2132.5,2137.5,0.0,0.0,0.0,0.0,42
2023-05-09 21:02:21,j2310,j2310,2132.5,0.0,0.0,0.0,1,2102.5,2115.0,2,2132.5,2137.5,0.0,0.0,0.0,0.0,42
2023-05-09 21:02:23,j2310,j2310,2132.5,0.0,0.0,0.0,1,2102.5,2114.5,2,2132.5,2137.5,0.0,0.0,0.0,0.0,42
2023-05-09 21:02:23,j2310,j2310,2132.5,0.0,0.0,0.0,1,2102.5,2114.0,1,2132.5,2137.5,0.0,0.0,0.0,0.0,42
2023-05-09 21:02:26,j2310,j2310,2132.5,0.0,0.0,0.0,1,2102.5,2114.5,2,2132.5,2137.5,0.0,0.0,0.0,0.0,42
2023-05-09 21:02:26,j2310,j2310,2132.5,0.0,0.0,0.0,1,2102.5,2114.0,1,2132.5,2137.5,0.0,0.0,0.0,0.0,42
2023-05-09 21:02:29,j2310,j2310,2132.5,0.0,0.0,0.0,1,2102.5,2114.5,2,2132.5,2137.5,0.0,0.0,0.0,0.0,42
2023-05-09 21:02:30,j2310,j2310,2132.5,0.0,0.0,0.0,1,2102.5,2114.0,1,2132.5,2137.5,0.0,0.0,0.0,0.0,42
2023-05-09 21:02:32,j2310,j2310,2132.5,0.0,0.0,0.0,1,2102.5,2114.5,2,2132.5,2137.5,0.0,0.0,0.0,0.0,42
2023-05-09 21:02:42,j2310,j2310,2132.5,0.0,0.0,0.0,1,2102.5,2114.0,1,2132.5,2137.5,0.0,0.0,0.0,0.0,42
2023-05-09 21:02:43,j2310,j2310,2132.5,0.0,0.0,0.0,1,2102.5,2114.5,2,2132.5,2137.5,0.0,0.0,0.0,0.0,42
2023-05-09 21:02:43,j2310,j2310,2132.5,0.0,0.0,0.0,2,2102.5,2114.5,2,2132.5,2137.5,0.0,0.0,0.0,0.0,42
2023-05-09 21:02:46,j2310,j2310,2132.5,0.0,0.0,0.0,1,2102.5,2114.5,2,2132.5,2137.5,0.0,0.0,0.0,0.0,42
2023-05-09 21:02:47,j2310,j2310,2132.5,0.0,0.0,0.0,2,2102.5,2114.5,2,2132.5,2137.5,0.0,0.0,0.0,0.0,42
2023-05-09 21:02:49,j2310,j2310,2132.5,0.0,0.0,0.0,1,2102.5,2114.5,2,2132.5,2137.5,0.0,0.0,0.0,0.0,42
2023-05-09 21:02:50,j2310,j2310,2132.5,0.0,0.0,0.0,2,2102.5,2114.5,2,2132.5,2137.5,0.0,0.0,0.0,0.0,42
2023-05-09 21:02:52,j2310,j2310,2132.5,0.0,0.0,0.0,1,2102.5,2114.5,2,2132.5,2137.5,0.0,0.0,0.0,0.0,42
2023-05-09 21:02:53,j2310,j2310,2132.5,0.0,0.0,0.0,1,2103.0,2114.5,2,2132.5,2137.5,0.0,0.0,0.0,0.0,42
2023-05-09 21:02:53,j2310,j2310,2132.5,0.0,0.0,0.0,1,2108.0,2114.5,2,2132.5,2137.5,0.0,0.0,0.0,0.0,42
2023-05-09 21:02:54,j2310,j2310,2132.5,0.0,0.0,0.0,1,2108.0,2162.5,2,2132.5,2137.5,0.0,0.0,0.0,0.0,42
2023-05-09 21:02:54,j2310,j2310,2132.5,0.0,0.0,0.0,1,2108.0,2162.0,3,2132.5,2137.5,0.0,0.0,0.0,0.0,42
2023-05-09 21:02:55,j2310,j2310,2132.5,0.0,0.0,0.0,1,2108.0,2159.0,2,2132.5,2137.5,0.0,0.0,0.0,0.0,42
2023-05-09 21:02:55,j2310,j2310,2132.5,0.0,0.0,0.0,1,2108.0,2158.5,1,2132.5,2137.5,0.0,0.0,0.0,0.0,42
2023-05-09 21:02:56,j2310,j2310,2132.5,0.0,0.0,0.0,1,2108.0,2155.5,2,2132.5,2137.5,0.0,0.0,0.0,0.0,42
2023-05-09 21:02:56,j2310,j2310,2132.5,0.0,0.0,0.0,1,2108.0,2155.0,1,2132.5,2137.5,0.0,0.0,0.0,0.0,42
2023-05-09 21:02:57,j2310,j2310,2132.5,0.0,0.0,0.0,1,2108.0,2152.0,2,2132.5,2137.5,0.0,0.0,0.0,0.0,42
2023-05-09 21:02:57,j2310,j2310,2132.5,0.0,0.0,0.0,1,2108.0,2151.5,1,2132.5,2137.5,0.0,0.0,0.0,0.0,42
2023-05-09 21:02:58,j2310,j2310,2132.5,0.0,0.0,0.0,1,2108.0,2148.5,2,2132.5,2137.5,0.0,0.0,0.0,0.0,42
2023-05-09 21:02:58,j2310,j2310,2132.5,0.0,0.0,0.0,1,2108.0,2148.0,1,2132.5,2137.5,0.0,0.0,0.0,0.0,42
2023-05-09 21:02:59,j2310,j2310,2132.5,0.0,0.0,0.0,1,2108.0,2145.0,2,2132.5,2137.5,0.0,0.0,0.0,0.0,42
2023-05-09 21:02:59,j2310,j2310,2132.5,0.0,0.0,0.0,1,2108.0,2144.5,1,2132.5,2137.5,0.0,0.0,0.0,0.0,42
2023-05-09 21:03:00,j2310,j2310,2132.5,0.0,0.0,0.0,1,2108.0,2141.5,2,2132.5,2137.5,0.0,0.0,0.0,0.0,42
2023-05-09 21:03:00,j2310,j2310,2132.5,0.0,0.0,0.0,1,2108.0,2141.0,1,2132.5,2137.5,0.0,0.0,0.0,0.0,42
2023-05-09 21:03:01,j2310,j2310,2132.5,0.0,0.0,0.0,1,2108.0,2138.0,2,2132.5,2137.5,0.0,0.0,0.0,0.0,42
2023-05-09 21:03:01,j2310,j2310,2132.5,0.0,0.0,0.0,1,2108.0,2137.5,1,2132.5,2137.5,0.0,0.0,0.0,0.0,42
2023-05-09 21:03:02,j2310,j2310,2132.5,0.0,0.0,0.0,1,2108.0,2134.5,2,2132.5,2137.5,0.0,0.0,0.0,0.0,42
2023-05-09 21:03:02,j2310,j2310,2132.5,0.0,0.0,0.0,1,2108.0,2134.0,1,2132.5,2137.5,0.0,0.0,0.0,0.0,42
2023-05-09 21:03:03,j2310,j2310,2132.5,0.0,0.0,0.0,1,2108.0,2131.0,2,2132.5,2137.5,0.0,0.0,0.0,0.0,42
2023-05-09 21:03:03,j2310,j2310,2132.5,0.0,0.0,0.0,1,2108.0,2130.5,1,2132.5,2137.5,0.0,0.0,0.0,0.0,42
2023-05-09 21:03:04,j2310,j2310,2132.5,0.0,0.0,0.0,1,2108.0,2130.0,1,2132.5,2137.5,0.0,0.0,0.0,0.0,42
2023-05-09 21:03:04,j2310,j2310,2132.5,0.0,0.0,0.0,1,2108.0,2129.5,1,2132.5,2137.5,0.0,0.0,0.0,0.0,42
2023-05-09 21:03:05,j2310,j2310,2132.5,0.0,0.0,0.0,1,2108.0,2129.5,4,2132.5,2137.5,0.0,0.0,0.0,0.0,42
2023-05-09 21:03:06,j2310,j2310,2132.5,0.0,0.0,0.0,1,2072.0,2129.5,4,2132.5,2137.5,0.0,0.0,0.0,0.0,42
2023-05-09 21:03:07,j2310,j2310,2132.5,0.0,0.0,0.0,1,2107.5,2129.0,1,2132.5,2137.5,0.0,0.0,0.0,0.0,42
2023-05-09 21:03:07,j2310,j2310,2132.5,0.0,0.0,0.0,1,2107.5,2128.5,1,2132.5,2137.5,0.0,0.0,0.0,0.0,42
2023-05-09 21:03:07,j2310,j2310,2132.5,0.0,0.0,0.0,1,2107.5,2128.5,2,2132.5,2137.5,0.0,0.0,0.0,0.0,42
2023-05-09 21:03:09,j2310,j2310,2132.5,0.0,0.0,0.0,1,2107.5,2128.0,1,2132.5,2137.5,0.0,0.0,0.0,0.0,42
2023-05-09 21:03:10,j2310,j2310,2132.5,0.0,0.0,0.0,1,2107.5,2127.5,1,2132.5,2137.5,0.0,0.0,0.0,0.0,42
2023-05-09 21:03:10,j2310,j2310,2132.5,0.0,0.0,0.0,1,2107.5,2127.5,2,2132.5,2137.5,0.0,0.0,0.0,0.0,42
2023-05-09 21:03:12,j2310,j2310,2132.5,0.0,0.0,0.0,1,2107.5,2127.0,1,2132.5,2137.5,0.0,0.0,0.0,0.0,42
2023-05-09 21:03:13,j2310,j2310,2132.5,0.0,0.0,0.0,1,2107.5,2126.5,1,2132.5,2137.5,0.0,0.0,0.0,0.0,42
2023-05-09 21:03:13,j2310,j2310,2132.5,0.0,0.0,0.0,1,2107.5,2126.5,2,2132.5,2137.5,0.0,0.0,0.0,0.0,42
2023-05-09 21:03:15,j2310,j2310,2132.5,0.0,0.0,0.0,1,2107.5,2126.0,1,2132.5,2137.5,0.0,0.0,0.0,0.0,42
2023-05-09 21:03:16,j2310,j2310,2132.5,0.0,0.0,0.0,1,2107.5,2125.5,1,2132.5,2137.5,0.0,0.0,0.0,0.0,42
2023-05-09 21:03:16,j2310,j2310,2132.5,0.0,0.0,0.0,1,2107.5,2125.5,2,2132.5,2137.5,0.0,0.0,0.0,0.0,42
2023-05-09 21:03:18,j2310,j2310,2132.5,0.0,0.0,0.0,1,2107.5,2125.0,1,2132.5,2137.5,0.0,0.0,0.0,0.0,42
2023-05-09 21:03:19,j2310,j2310,2132.5,0.0,0.0,0.0,1,2107.5,2124.5,1,2132.5,2137.5,0.0,0.0,0.0,0.0,42
2023-05-09 21:03:19,j2310,j2310,2132.5,0.0,0.0,0.0,1,2107.5,2124.5,2,2132.5,2137.5,0.0,0.0,0.0,0.0,42
2023-05-09 21:03:21,j2310,j2310,2132.5,0.0,0.0,0.0,1,2107.5,2124.0,1,2132.5,2137.5,0.0,0.0,0.0,0.0,42
2023-05-09 21:03:22,j2310,j2310,2132.5,0.0,0.0,0.0,1,2107.5,2123.5,1,2132.5,2137.5,0.0,0.0,0.0,0.0,42
2023-05-09 21:03:22,j2310,j2310,2132.5,0.0,0.0,0.0,1,2107.5,2123.5,2,2132.5,2137.5,0.0,0.0,0.0,0.0,42
2023-05-09 21:03:24,j2310,j2310,2132.5,0.0,0.0,0.0,1,2107.5,2123.0,1,2132.5,2137.5,0.0,0.0,0.0,0.0,42
2023-05-09 21:03:25,j2310,j2310,2132.5,0.0,0.0,0.0,1,2107.5,2122.5,1,2132.5,2137.5,0.0,0.0,0.0,0.0,42
2023-05-09 21:03:25,j2310,j2310,2132.5,0.0,0.0,0.0,1,2107.5,2122.5,2,2132.5,2137.5,0.0,0.0,0.0,0.0,42
2023-05-09 21:03:27,j2310,j2310,2132.5,0.0,0.0,0.0,1,2107.5,2122.0,1,2132.5,2137.5,0.0,0.0,0.0,0.0,42
2023-05-09 21:03:28,j2310,j2310,2132.5,0.0,0.0,0.0,1,2107.5,2121.5,1,2132.5,2137.5,0.0,0.0,0.0,0.0,42
2023-05-09 21:03:28,j2310,j2310,2132.5,0.0,0.0,0.0,1,2107.5,2121.5,2,2132.5,2137.5,0.0,0.0,0.0,0.0,42
2023-05-09 21:03:29,j2310,j2310,2132.5,0.0,0.0,0.0,1,2107.5,2121.5,1,2132.5,2137.5,0.0,0.0,0.0,0.0,42
2023-05-09 21:03:32,j2310,j2310,2132.5,0.0,0.0,0.0,1,2107.5,2121.5,2,2132.5,2137.5,0.0,0.0,0.0,0.0,42
2023-05-09 21:03:33,j2310,j2310,2132.5,0.0,0.0,0.0,1,2107.5,2121.0,1,2132.5,2137.5,0.0,0.0,0.0,0.0,42
2023-05-09 21:03:34,j2310,j2310,2132.5,0.0,0.0,0.0,1,2107.5,2120.5,1,2132.5,2137.5,0.0,0.0,0.0,0.0,42
2023-05-09 21:03:38,j2310,j2310,2132.5,0.0,0.0,0.0,1,2107.5,2129.5,2,2132.5,2137.5,0.0,0.0,0.0,0.0,42
2023-05-09 21:03:39,j2310,j2310,2132.5,0.0,0.0,0.0,1,2107.5,2129.0,2,2132.5,2137.5,0.0,0.0,0.0,0.0,42
2023-05-09 21:03:39,j2310,j2310,2132.5,0.0,0.0,0.0,1,2107.5,2129.0,3,2132.5,2137.5,0.0,0.0,0.0,0.0,42
2023-05-09 21:03:48,j2310,j2310,2132.5,0.0,0.0,0.0,1,2107.5,2128.5,2,2132.5,2137.5,0.0,0.0,0.0,0.0,42
2023-05-09 21:03:49,j2310,j2310,2132.5,0.0,0.0,0.0,1,2107.5,2128.0,1,2132.5,2137.5,0.0,0.0,0.0,0.0,42
2023-05-09 21:03:49,j2310,j2310,2132.5,0.0,0.0,0.0,1,2107.5,2127.5,1,2132.5,2137.5,0.0,0.0,0.0,0.0,42
2023-05-09 21:03:50,j2310,j2310,2132.5,0.0,0.0,0.0,1,2107.5,2127.0,1,2132.5,2137.5,0.0,0.0,0.0,0.0,42
2023-05-09 21:03:50,j2310,j2310,2132.5,0.0,0.0,0.0,1,2107.5,2127.0,2,2132.5,2137.5,0.0,0.0,0.0,0.0,42
2023-05-09 21:03:52,j2310,j2310,2132.5,0.0,0.0,0.0,1,2107.5,2126.5,1,2132.5,2137.5,0.0,0.0,0.0,0.0,42
2023-05-09 21:03:53,j2310,j2310,2132.5,0.0,0.0,0.0,1,2107.5,2126.0,1,2132.5,2137.5,0.0,0.0,0.0,0.0,42
2023-05-09 21:03:53,j2310,j2310,2132.5,0.0,0.0,0.0,1,2107.5,2126.0,2,2132.5,2137.5,0.0,0.0,0.0,0.0,42
2023-05-09 21:03:55,j2310,j2310,2132.5,0.0,0.0,0.0,1,2107.5,2125.5,1,2132.5,2137.5,0.0,0.0,0.0,0.0,42
2023-05-09 21:03:56,j2310,j2310,2132.5,0.0,0.0,0.0,1,2107.5,2125.0,1,2132.5,2137.5,0.0,0.0,0.0,0.0,42
2023-05-09 21:03:56,j2310,j2310,2132.5,0.0,0.0,0.0,1,2107.5,2125.0,2,2132.5,2137.5,0.0,0.0,0.0,0.0,42
2023-05-09 21:03:58,j2310,j2310,2132.5,0.0,0.0,0.0,1,2107.5,2124.5,1,2132.5,2137.5,0.0,0.0,0.0,0.0,42
2023-05-09 21:03:59,j2310,j2310,2132.5,0.0,0.0,0.0,1,2107.5,2124.0,1,2132.5,2137.5,0.0,0.0,0.0,0.0,42
2023-05-09 21:03:59,j2310,j2310,2132.5,0.0,0.0,0.0,1,2107.5,2124.0,2,2132.5,2137.5,0.0,0.0,0.0,0.0,42
2023-05-09 21:04:01,j2310,j2310,2132.5,0.0,0.0,0.0,1,2107.5,2123.5,1,2132.5,2137.5,0.0,0.0,0.0,0.0,42
2023-05-09 21:04:02,j2310,j2310,2132.5,0.0,0.0,0.0,1,2107.5,2123.0,1,2132.5,2137.5,0.0,0.0,0.0,0.0,42
2023-05-09 21:04:02,j2310,j2310,2132.5,0.0,0.0,0.0,1,2107.5,2123.0,2,2132.5,2137.5,0.0,0.0,0.0,0.0,42
2023-05-09 21:04:04,j2310,j2310,2132.5,0.0,0.0,0.0,1,2107.5,2122.5,1,2132.5,2137.5,0.0,0.0,0.0,0.0,42
2023-05-09 21:04:05,j2310,j2310,2132.5,0.0,0.0,0.0,1,2107.5,2122.0,1,2132.5,2137.5,0.0,0.0,0.0,0.0,42
2023-05-09 21:04:05,j2310,j2310,2132.5,0.0,0.0,0.0,1,2107.5,2122.0,2,2132.5,2137.5,0.0,0.0,0.0,0.0,42
2023-05-09 21:04:07,j2310,j2310,2132.5,0.0,0.0,0.0,1,2107.5,2121.5,1,2132.5,2137.5,0.0,0.0,0.0,0.0,42
2023-05-09 21:04:08,j2310,j2310,2132.5,0.0,0.0,0.0,1,2107.5,2121.0,1,2132.5,2137.5,0.0,0.0,0.0,0.0,42
2023-05-09 21:04:09,j2310,j2310,2132.5,0.0,0.0,0.0,1,2107.5,2128.5,2,2132.5,2137.5,0.0,0.0,0.0,0.0,42
2023-05-09 21:04:10,j2310,j2310,2132.5,0.0,0.0,0.0,1,2107.5,2122.5,1,2132.5,2137.5,0.0,0.0,0.0,0.0,42
2023-05-09 21:04:11,j2310,j2310,2132.5,0.0,0.0,0.0,1,2107.5,2122.0,1,2132.5,2137.5,0.0,0.0,0.0,0.0,42
2023-05-09 21:04:11,j2310,j2310,2132.5,0.0,0.0,0.0,1,2107.5,2121.5,1,2132.5,2137.5,0.0,0.0,0.0,0.0,42
2023-05-09 21:04:12,j2310,j2310,2132.5,0.0,0.0,0.0,1,2107.5,2121.0,1,2132.5,2137.5,0.0,0.0,0.0,0.0,42
2023-05-09 21:04:12,j2310,j2310,2132.5,0.0,0.0,0.0,1,2107.5,2122.5,1,2132.5,2137.5,0.0,0.0,0.0,0.0,42
2023-05-09 21:04:13,j2310,j2310,2132.5,0.0,0.0,0.0,1,2107.5,2122.0,1,2132.5,2137.5,0.0,0.0,0.0,0.0,42
2023-05-09 21:04:13,j2310,j2310,2132.5,0.0,0.0,0.0,1,2107.5,2122.0,2,2132.5,2137.5,0.0,0.0,0.0,0.0,42
2023-05-09 21:04:14,j2310,j2310,2132.5,0.0,0.0,0.0,1,2107.5,2122.0,1,2132.5,2137.5,0.0,0.0,0.0,0.0,42
2023-05-09 21:04:17,j2310,j2310,2132.5,0.0,0.0,0.0,2,2107.5,2122.0,1,2132.5,2137.5,0.0,0.0,0.0,0.0,42
2023-05-09 21:04:19,j2310,j2310,2132.5,0.0,0.0,0.0,2,2107.5,2128.5,2,2132.5,2137.5,0.0,0.0,0.0,0.0,42
2023-05-09 21:04:20,j2310,j2310,2132.5,0.0,0.0,0.0,2,2107.5,2121.5,1,2132.5,2137.5,0.0,0.0,0.0,0.0,42
2023-05-09 21:04:20,j2310,j2310,2132.5,0.0,0.0,0.0,1,2107.5,2121.5,1,2132.5,2137.5,0.0,0.0,0.0,0.0,42
2023-05-09 21:04:23,j2310,j2310,2132.5,0.0,0.0,0.0,1,2107.5,2121.0,1,2132.5,2137.5,0.0,0.0,0.0,0.0,42
2023-05-09 21:04:23,j2310,j2310,2132.5,0.0,0.0,0.0,1,2107.5,2121.5,1,2132.5,2137.5,0.0,0.0,0.0,0.0,42
2023-05-09 21:04:24,j2310,j2310,2132.5,0.0,0.0,0.0,1,2107.5,2121.5,2,2132.5,2137.5,0.0,0.0,0.0,0.0,42
2023-05-09 21:04:25,j2310,j2310,2132.5,0.0,0.0,0.0,1,2107.5,2121.5,1,2132.5,2137.5,0.0,0.0,0.0,0.0,42
2023-05-09 21:04:28,j2310,j2310,2132.5,0.0,0.0,0.0,1,2107.5,2121.0,1,2132.5,2137.5,0.0,0.0,0.0,0.0,42
2023-05-09 21:04:31,j2310,j2310,2132.5,0.0,0.0,0.0,1,2107.5,2120.5,2,2132.5,2137.5,0.0,0.0,0.0,0.0,42
2023-05-09 21:04:31,j2310,j2310,2132.5,0.0,0.0,0.0,1,2107.5,2120.5,3,2132.5,2137.5,0.0,0.0,0.0,0.0,42
2023-05-09 21:04:32,j2310,j2310,2132.5,0.0,0.0,0.0,1,2107.5,2120.5,2,2132.5,2137.5,0.0,0.0,0.0,0.0,42
2023-05-09 21:04:33,j2310,j2310,2132.5,0.0,0.0,0.0,1,2107.5,2120.5,3,2132.5,2137.5,0.0,0.0,0.0,0.0,42
2023-05-09 21:04:34,j2310,j2310,2132.5,0.0,0.0,0.0,1,2107.5,2120.0,1,2132.5,2137.5,0.0,0.0,0.0,0.0,42
2023-05-09 21:04:42,j2310,j2310,2132.5,0.0,0.0,0.0,1,2107.5,2120.0,2,2132.5,2137.5,0.0,0.0,0.0,0.0,42
2023-05-09 21:04:46,j2310,j2310,2132.5,0.0,0.0,0.0,1,2107.5,2120.0,1,2132.5,2137.5,0.0,0.0,0.0,0.0,42
2023-05-09 21:04:46,j2310,j2310,2132.5,0.0,0.0,0.0,1,2107.5,2120.0,2,2132.5,2137.5,0.0,0.0,0.0,0.0,42
2023-05-09 21:04:48,j2310,j2310,2132.5,0.0,0.0,0.0,1,2107.5,2119.5,1,2132.5,2137.5,0.0,0.0,0.0,0.0,42
2023-05-09 21:04:49,j2310,j2310,2132.5,0.0,0.0,0.0,1,2107.5,2119.0,1,2132.5,2137.5,0.0,0.0,0.0,0.0,42
2023-05-09 21:04:56,j2310,j2310,2132.5,0.0,0.0,0.0,1,2107.5,2120.5,2,2132.5,2137.5,0.0,0.0,0.0,0.0,42
2023-05-09 21:04:56,j2310,j2310,2132.5,0.0,0.0,0.0,1,2107.5,2119.0,1,2132.5,2137.5,0.0,0.0,0.0,0.0,42
2023-05-09 21:04:58,j2310,j2310,2132.5,0.0,0.0,0.0,1,2107.5,2118.5,1,2132.5,2137.5,0.0,0.0,0.0,0.0,42
2023-05-09 21:04:59,j2310,j2310,2132.5,0.0,0.0,0.0,1,2072.0,2120.5,2,2132.5,2137.5,0.0,0.0,0.0,0.0,42
2023-05-09 21:05:00,j2310,j2310,2132.5,0.0,0.0,0.0,2,2072.5,2120.0,3,2132.5,2137.5,0.0,0.0,0.0,0.0,42
2023-05-09 21:05:00,j2310,j2310,2132.5,0.0,0.0,0.0,1,2074.0,2120.0,3,2132.5,2137.5,0.0,0.0,0.0,0.0,42
2023-05-09 21:05:03,j2310,j2310,2132.5,0.0,0.0,0.0,2,2074.5,2120.0,3,2132.5,2137.5,0.0,0.0,0.0,0.0,42
2023-05-09 21:05:03,j2310,j2310,2132.5,0.0,0.0,0.0,1,2076.0,2120.0,3,2132.5,2137.5,0.0,0.0,0.0,0.0,42
2023-05-09 21:05:06,j2310,j2310,2132.5,0.0,0.0,0.0,2,2076.5,2120.0,3,2132.5,2137.5,0.0,0.0,0.0,0.0,42
2023-05-09 21:05:06,j2310,j2310,2132.5,0.0,0.0,0.0,1,2078.0,2120.0,3,2132.5,2137.5,0.0,0.0,0.0,0.0,42
2023-05-09 21:05:09,j2310,j2310,2132.5,0.0,0.0,0.0,2,2078.5,2120.0,3,2132.5,2137.5,0.0,0.0,0.0,0.0,42
2023-05-09 21:05:09,j2310,j2310,2132.5,0.0,0.0,0.0,1,2080.0,2120.0,3,2132.5,2137.5,0.0,0.0,0.0,0.0,42
2023-05-09 21:05:12,j2310,j2310,2132.5,0.0,0.0,0.0,2,2080.5,2120.0,3,2132.5,2137.5,0.0,0.0,0.0,0.0,42
2023-05-09 21:05:12,j2310,j2310,2132.5,0.0,0.0,0.0,1,2082.0,2120.0,3,2132.5,2137.5,0.0,0.0,0.0,0.0,42
2023-05-09 21:05:13,j2310,j2310,2132.5,0.0,0.0,0.0,1,2082.0,2119.5,2,2132.5,2137.5,0.0,0.0,0.0,0.0,42
2023-05-09 21:05:14,j2310,j2310,2132.5,0.0,0.0,0.0,1,2082.0,2119.0,1,2132.5,2137.5,0.0,0.0,0.0,0.0,42
2023-05-09 21:05:15,j2310,j2310,2132.5,0.0,0.0,0.0,2,2082.5,2118.5,1,2132.5,2137.5,0.0,0.0,0.0,0.0,42
2023-05-09 21:05:15,j2310,j2310,2132.5,0.0,0.0,0.0,1,2084.0,2118.0,1,2132.5,2137.5,0.0,0.0,0.0,0.0,42
2023-05-09 21:05:15,j2310,j2310,2132.5,0.0,0.0,0.0,1,2084.0,2118.0,2,2132.5,2137.5,0.0,0.0,0.0,0.0,42
2023-05-09 21:05:18,j2310,j2310,2132.5,0.0,0.0,0.0,1,2084.5,2118.0,3,2132.5,2137.5,0.0,0.0,0.0,0.0,42
2023-05-09 21:05:19,j2310,j2310,2132.5,0.0,0.0,0.0,1,2086.0,2118.0,2,2132.5,2137.5,0.0,0.0,0.0,0.0,42
2023-05-09 21:05:20,j2310,j2310,2132.5,0.0,0.0,0.0,1,2086.0,2118.0,1,2132.5,2137.5,0.0,0.0,0.0,0.0,42
2023-05-09 21:05:21,j2310,j2310,2132.5,0.0,0.0,0.0,1,2086.5,2119.5,2,2132.5,2137.5,0.0,0.0,0.0,0.0,42
2023-05-09 21:05:22,j2310,j2310,2132.5,0.0,0.0,0.0,1,2088.0,2119.0,1,2132.5,2137.5,0.0,0.0,0.0,0.0,42
2023-05-09 21:05:23,j2310,j2310,2132.5,0.0,0.0,0.0,1,2088.0,2119.5,2,2132.5,2137.5,0.0,0.0,0.0,0.0,42
2023-05-09 21:05:24,j2310,j2310,2132.5,0.0,0.0,0.0,1,2088.5,2119.5,2,2132.5,2137.5,0.0,0.0,0.0,0.0,42
2023-05-09 21:05:25,j2310,j2310,2132.5,0.0,0.0,0.0,1,2090.0,2119.5,2,2132.5,2137.5,0.0,0.0,0.0,0.0,42
2023-05-09 21:05:27,j2310,j2310,2132.5,0.0,0.0,0.0,1,2090.5,2119.5,2,2132.5,2137.5,0.0,0.0,0.0,0.0,42
2023-05-09 21:05:28,j2310,j2310,2132.5,0.0,0.0,0.0,1,2092.0,2119.5,2,2132.5,2137.5,0.0,0.0,0.0,0.0,42
2023-05-09 21:05:30,j2310,j2310,2132.5,0.0,0.0,0.0,1,2090.5,2119.5,2,2132.5,2137.5,0.0,0.0,0.0,0.0,42
2023-05-09 21:05:39,j2310,j2310,2132.5,0.0,0.0,0.0,1,2090.5,2119.5,3,2132.5,2137.5,0.0,0.0,0.0,0.0,42
2023-05-09 21:05:40,j2310,j2310,2132.5,0.0,0.0,0.0,1,2090.5,2119.0,1,2132.5,2137.5,0.0,0.0,0.0,0.0,42
2023-05-09 21:05:41,j2310,j2310,2132.5,0.0,0.0,0.0,1,2090.5,2119.5,3,2132.5,2137.5,0.0,0.0,0.0,0.0,42
2023-05-09 21:05:41,j2310,j2310,2132.5,0.0,0.0,0.0,1,2090.5,2119.5,4,2132.5,2137.5,0.0,0.0,0.0,0.0,42
2023-05-09 21:05:42,j2310,j2310,2132.5,0.0,0.0,0.0,1,2090.5,2119.5,2,2132.5,2137.5,0.0,0.0,0.0,0.0,42
2023-05-09 21:05:48,j2310,j2310,2132.5,0.0,0.0,0.0,1,2092.0,2119.5,2,2132.5,2137.5,0.0,0.0,0.0,0.0,42
2023-05-09 21:05:49,j2310,j2310,2132.5,0.0,0.0,0.0,1,2092.5,2119.5,2,2132.5,2137.5,0.0,0.0,0.0,0.0,42
2023-05-09 21:05:50,j2310,j2310,2132.5,0.0,0.0,0.0,1,2094.0,2119.5,2,2132.5,2137.5,0.0,0.0,0.0,0.0,42
2023-05-09 21:05:52,j2310,j2310,2132.5,0.0,0.0,0.0,1,2094.5,2119.5,2,2132.5,2137.5,0.0,0.0,0.0,0.0,42
2023-05-09 21:05:52,j2310,j2310,2132.5,0.0,0.0,0.0,1,2096.0,2119.5,2,2132.5,2137.5,0.0,0.0,0.0,0.0,42
2023-05-09 21:05:55,j2310,j2310,2132.5,0.0,0.0,0.0,1,2096.5,2119.5,2,2132.5,2137.5,0.0,0.0,0.0,0.0,42
2023-05-09 21:05:58,j2310,j2310,2132.5,0.0,0.0,0.0,1,2098.0,2119.5,2,2132.5,2137.5,0.0,0.0,0.0,0.0,42
2023-05-09 21:05:59,j2310,j2310,2132.5,0.0,0.0,0.0,1,2098.5,2119.5,2,2132.5,2137.5,0.0,0.0,0.0,0.0,42
2023-05-09 21:06:00,j2310,j2310,2132.5,0.0,0.0,0.0,1,2099.0,2119.5,2,2132.5,2137.5,0.0,0.0,0.0,0.0,42
2023-05-09 21:06:01,j2310,j2310,2132.5,0.0,0.0,0.0,1,2099.5,2119.5,2,2132.5,2137.5,0.0,0.0,0.0,0.0,42
2023-05-09 21:06:04,j2310,j2310,2132.5,0.0,0.0,0.0,1,2100.0,2119.5,2,2132.5,2137.5,0.0,0.0,0.0,0.0,42
2023-05-09 21:06:05,j2310,j2310,2132.5,0.0,0.0,0.0,1,2100.5,2119.5,2,2132.5,2137.5,0.0,0.0,0.0,0.0,42
2023-05-09 21:06:22,j2310,j2310,2132.5,0.0,0.0,0.0,1,2102.0,2119.5,2,2132.5,2137.5,0.0,0.0,0.0,0.0,42
2023-05-09 21:06:22,j2310,j2310,2132.5,0.0,0.0,0.0,1,2068.5,2119.5,2,2132.5,2137.5,0.0,0.0,0.0,0.0,42
2023-05-09 21:06:23,j2310,j2310,2132.5,0.0,0.0,0.0,1,2070.0,2119.5,2,2132.5,2137.5,0.0,0.0,0.0,0.0,42
2023-05-09 21:06:26,j2310,j2310,2132.5,0.0,0.0,0.0,2,2070.5,2119.5,2,2132.5,2137.5,0.0,0.0,0.0,0.0,42
2023-05-09 21:06:26,j2310,j2310,2132.5,0.0,0.0,0.0,1,2072.0,2119.5,2,2132.5,2137.5,0.0,0.0,0.0,0.0,42
2023-05-09 21:06:28,j2310,j2310,2132.5,0.0,0.0,0.0,2,2072.5,2119.5,2,2132.5,2137.5,0.0,0.0,0.0,0.0,42
2023-05-09 21:06:29,j2310,j2310,2132.5,0.0,0.0,0.0,1,2074.0,2119.5,2,2132.5,2137.5,0.0,0.0,0.0,0.0,42
2023-05-09 21:06:31,j2310,j2310,2132.5,0.0,0.0,0.0,2,2074.5,2119.5,2,2132.5,2137.5,0.0,0.0,0.0,0.0,42
2023-05-09 21:06:32,j2310,j2310,2132.5,0.0,0.0,0.0,1,2076.0,2119.5,2,2132.5,2137.5,0.0,0.0,0.0,0.0,42
2023-05-09 21:06:35,j2310,j2310,2132.5,0.0,0.0,0.0,2,2076.5,2119.5,2,2132.5,2137.5,0.0,0.0,0.0,0.0,42
2023-05-09 21:06:35,j2310,j2310,2132.5,0.0,0.0,0.0,1,2078.0,2119.5,2,2132.5,2137.5,0.0,0.0,0.0,0.0,42
2023-05-09 21:06:35,j2310,j2310,2132.5,0.0,0.0,0.0,1,2090.0,2119.5,2,2132.5,2137.5,0.0,0.0,0.0,0.0,42
2023-05-09 21:06:36,j2310,j2310,2132.5,0.0,0.0,0.0,1,2091.5,2119.5,2,2132.5,2137.5,0.0,0.0,0.0,0.0,42
2023-05-09 21:06:39,j2310,j2310,2132.5,0.0,0.0,0.0,1,2092.0,2119.5,2,2132.5,2137.5,0.0,0.0,0.0,0.0,42
2023-05-09 21:06:39,j2310,j2310,2132.5,0.0,0.0,0.0,1,2093.5,2119.5,2,2132.5,2137.5,0.0,0.0,0.0,0.0,42
2023-05-09 21:06:42,j2310,j2310,2132.5,0.0,0.0,0.0,1,2094.0,2119.5,2,2132.5,2137.5,0.0,0.0,0.0,0.0,42
2023-05-09 21:06:42,j2310,j2310,2132.5,0.0,0.0,0.0,1,2095.5,2119.5,2,2132.5,2137.5,0.0,0.0,0.0,0.0,42
2023-05-09 21:06:43,j2310,j2310,2132.5,0.0,0.0,0.0,1,2096.0,2119.5,2,2132.5,2137.5,0.0,0.0,0.0,0.0,42
2023-05-09 21:06:44,j2310,j2310,2132.5,0.0,0.0,0.0,1,2097.5,2119.5,2,2132.5,2137.5,0.0,0.0,0.0,0.0,42
2023-05-09 21:06:45,j2310,j2310,2132.5,0.0,0.0,0.0,2,2097.5,2119.5,2,2132.5,2137.5,0.0,0.0,0.0,0.0,42
2023-05-09 21:06:46,j2310,j2310,2132.5,0.0,0.0,0.0,1,2098.0,2119.5,2,2132.5,2137.5,0.0,0.0,0.0,0.0,42
2023-05-09 21:06:46,j2310,j2310,2132.5,0.0,0.0,0.0,1,2099.5,2119.5,2,2132.5,2137.5,0.0,0.0,0.0,0.0,42
2023-05-09 21:06:48,j2310,j2310,2132.5,0.0,0.0,0.0,1,2101.0,2119.5,2,2132.5,2137.5,0.0,0.0,0.0,0.0,42
2023-05-09 21:06:49,j2310,j2310,2132.5,0.0,0.0,0.0,1,2102.5,2119.5,2,2132.5,2137.5,0.0,0.0,0.0,0.0,42
2023-05-09 21:06:49,j2310,j2310,2132.5,0.0,0.0,0.0,1,2103.0,2119.5,2,2132.5,2137.5,0.0,0.0,0.0,0.0,42
2023-05-09 21:06:53,j2310,j2310,2132.5,0.0,0.0,0.0,1,2105.0,2119.5,2,2132.5,2137.5,0.0,0.0,0.0,0.0,42
2023-05-09 21:06:55,j2310,j2310,2132.5,0.0,0.0,0.0,1,2105.5,2119.5,2,2132.5,2137.5,0.0,0.0,0.0,0.0,42
2023-05-09 21:08:25,j2310,j2310,2132.5,0.0,0.0,0.0,1,2105.5,2205.0,1,2132.5,2137.5,0.0,0.0,0.0,0.0,42
2023-05-09 21:08:25,j2310,j2310,2132.5,0.0,0.0,0.0,1,2105.5,2202.0,2,2132.5,2137.5,0.0,0.0,0.0,0.0,42
2023-05-09 21:08:26,j2310,j2310,2132.5,0.0,0.0,0.0,1,2107.0,2201.5,3,2132.5,2137.5,0.0,0.0,0.0,0.0,42
2023-05-09 21:08:26,j2310,j2310,2132.5,0.0,0.0,0.0,1,2107.0,2198.5,2,2132.5,2137.5,0.0,0.0,0.0,0.0,42
2023-05-09 21:08:27,j2310,j2310,2132.5,0.0,0.0,0.0,1,2107.5,2198.0,1,2132.5,2137.5,0.0,0.0,0.0,0.0,42
2023-05-09 21:08:27,j2310,j2310,2132.5,0.0,0.0,0.0,1,2107.5,2195.0,2,2132.5,2137.5,0.0,0.0,0.0,0.0,42
2023-05-09 21:08:28,j2310,j2310,2132.5,0.0,0.0,0.0,1,2107.5,2194.5,2,2132.5,2137.5,0.0,0.0,0.0,0.0,42
2023-05-09 21:08:28,j2310,j2310,2132.5,0.0,0.0,0.0,1,2107.5,2191.5,2,2132.5,2137.5,0.0,0.0,0.0,0.0,42
2023-05-09 21:08:29,j2310,j2310,2132.5,0.0,0.0,0.0,1,2107.5,2191.0,3,2132.5,2137.5,0.0,0.0,0.0,0.0,42
2023-05-09 21:08:29,j2310,j2310,2132.5,0.0,0.0,0.0,1,2107.5,2188.0,2,2132.5,2137.5,0.0,0.0,0.0,0.0,42
2023-05-09 21:08:30,j2310,j2310,2132.5,0.0,0.0,0.0,1,2107.5,2187.5,1,2132.5,2137.5,0.0,0.0,0.0,0.0,42
2023-05-09 21:08:30,j2310,j2310,2132.5,0.0,0.0,0.0,1,2107.5,2184.5,2,2132.5,2137.5,0.0,0.0,0.0,0.0,42
2023-05-09 21:08:31,j2310,j2310,2132.5,0.0,0.0,0.0,1,2107.5,2184.0,3,2132.5,2137.5,0.0,0.0,0.0,0.0,42
2023-05-09 21:08:31,j2310,j2310,2132.5,0.0,0.0,0.0,1,2107.5,2181.0,2,2132.5,2137.5,0.0,0.0,0.0,0.0,42
2023-05-09 21:08:32,j2310,j2310,2132.5,0.0,0.0,0.0,1,2107.5,2180.5,1,2132.5,2137.5,0.0,0.0,0.0,0.0,42
2023-05-09 21:08:32,j2310,j2310,2132.5,0.0,0.0,0.0,1,2107.5,2177.5,2,2132.5,2137.5,0.0,0.0,0.0,0.0,42
2023-05-09 21:08:33,j2310,j2310,2132.5,0.0,0.0,0.0,1,2107.5,2177.0,1,2132.5,2137.5,0.0,0.0,0.0,0.0,42
2023-05-09 21:08:33,j2310,j2310,2132.5,0.0,0.0,0.0,1,2107.5,2174.0,2,2132.5,2137.5,0.0,0.0,0.0,0.0,42
2023-05-09 21:08:34,j2310,j2310,2132.5,0.0,0.0,0.0,1,2107.5,2173.5,1,2132.5,2137.5,0.0,0.0,0.0,0.0,42
2023-05-09 21:08:34,j2310,j2310,2132.5,0.0,0.0,0.0,1,2107.5,2170.5,2,2132.5,2137.5,0.0,0.0,0.0,0.0,42
2023-05-09 21:08:35,j2310,j2310,2132.5,0.0,0.0,0.0,1,2107.5,2170.0,1,2132.5,2137.5,0.0,0.0,0.0,0.0,42
2023-05-09 21:08:35,j2310,j2310,2132.5,0.0,0.0,0.0,1,2107.5,2167.0,2,2132.5,2137.5,0.0,0.0,0.0,0.0,42
2023-05-09 21:08:36,j2310,j2310,2132.5,0.0,0.0,0.0,1,2107.5,2166.5,1,2132.5,2137.5,0.0,0.0,0.0,0.0,42
2023-05-09 21:08:36,j2310,j2310,2132.5,0.0,0.0,0.0,1,2107.5,2163.5,2,2132.5,2137.5,0.0,0.0,0.0,0.0,42
2023-05-09 21:08:37,j2310,j2310,2132.5,0.0,0.0,0.0,1,2107.5,2163.0,1,2132.5,2137.5,0.0,0.0,0.0,0.0,42
2023-05-09 21:08:37,j2310,j2310,2132.5,0.0,0.0,0.0,1,2107.5,2160.0,2,2132.5,2137.5,0.0,0.0,0.0,0.0,42
2023-05-09 21:08:38,j2310,j2310,2132.5,0.0,0.0,0.0,1,2107.5,2159.5,1,2132.5,2137.5,0.0,0.0,0.0,0.0,42
2023-05-09 21:08:38,j2310,j2310,2132.5,0.0,0.0,0.0,1,2107.5,2156.5,2,2132.5,2137.5,0.0,0.0,0.0,0.0,42
2023-05-09 21:08:39,j2310,j2310,2132.5,0.0,0.0,0.0,1,2109.0,2156.0,1,2132.5,2137.5,0.0,0.0,0.0,0.0,42
2023-05-09 21:08:39,j2310,j2310,2132.5,0.0,0.0,0.0,1,2068.5,2153.0,2,2132.5,2137.5,0.0,0.0,0.0,0.0,42
2023-05-09 21:08:40,j2310,j2310,2132.5,0.0,0.0,0.0,1,2109.5,2152.5,1,2132.5,2137.5,0.0,0.0,0.0,0.0,42
2023-05-09 21:08:40,j2310,j2310,2132.5,0.0,0.0,0.0,1,2109.5,2149.5,2,2132.5,2137.5,0.0,0.0,0.0,0.0,42
2023-05-09 21:08:41,j2310,j2310,2132.5,0.0,0.0,0.0,1,2109.5,2149.0,1,2132.5,2137.5,0.0,0.0,0.0,0.0,42
2023-05-09 21:08:41,j2310,j2310,2132.5,0.0,0.0,0.0,1,2109.5,2146.0,2,2132.5,2137.5,0.0,0.0,0.0,0.0,42
2023-05-09 21:08:42,j2310,j2310,2132.5,0.0,0.0,0.0,1,2109.5,2145.5,1,2132.5,2137.5,0.0,0.0,0.0,0.0,42
2023-05-09 21:08:42,j2310,j2310,2132.5,0.0,0.0,0.0,1,2109.5,2142.5,2,2132.5,2137.5,0.0,0.0,0.0,0.0,42
2023-05-09 21:08:43,j2310,j2310,2132.5,0.0,0.0,0.0,1,2109.5,2142.0,2,2132.5,2137.5,0.0,0.0,0.0,0.0,42
2023-05-09 21:08:43,j2310,j2310,2132.5,0.0,0.0,0.0,1,2109.5,2142.0,3,2132.5,2137.5,0.0,0.0,0.0,0.0,42
2023-05-09 21:08:46,j2310,j2310,2132.5,0.0,0.0,0.0,1,2109.5,2141.5,2,2132.5,2137.5,0.0,0.0,0.0,0.0,42
2023-05-09 21:08:46,j2310,j2310,2132.5,0.0,0.0,0.0,1,2109.5,2141.0,1,2132.5,2137.5,0.0,0.0,0.0,0.0,42
2023-05-09 21:08:47,j2310,j2310,2132.5,0.0,0.0,0.0,1,2109.5,2140.5,1,2132.5,2137.5,0.0,0.0,0.0,0.0,42
2023-05-09 21:08:47,j2310,j2310,2132.5,0.0,0.0,0.0,1,2109.5,2140.0,1,2132.5,2137.5,0.0,0.0,0.0,0.0,42
2023-05-09 21:08:48,j2310,j2310,2132.5,0.0,0.0,0.0,1,2109.5,2140.0,2,2132.5,2137.5,0.0,0.0,0.0,0.0,42
2023-05-09 21:08:50,j2310,j2310,2132.5,0.0,0.0,0.0,1,2109.5,2139.5,1,2132.5,2137.5,0.0,0.0,0.0,0.0,42
2023-05-09 21:08:50,j2310,j2310,2132.5,0.0,0.0,0.0,1,2109.5,2139.0,1,2132.5,2137.5,0.0,0.0,0.0,0.0,42
2023-05-09 21:08:50,j2310,j2310,2132.5,0.0,0.0,0.0,1,2109.5,2139.0,2,2132.5,2137.5,0.0,0.0,0.0,0.0,42
2023-05-09 21:08:53,j2310,j2310,2132.5,0.0,0.0,0.0,1,2109.5,2138.5,1,2132.5,2137.5,0.0,0.0,0.0,0.0,42
2023-05-09 21:08:53,j2310,j2310,2132.5,0.0,0.0,0.0,1,2109.5,2138.0,1,2132.5,2137.5,0.0,0.0,0.0,0.0,42
2023-05-09 21:08:53,j2310,j2310,2132.5,0.0,0.0,0.0,1,2109.5,2138.0,2,2132.5,2137.5,0.0,0.0,0.0,0.0,42
2023-05-09 21:08:56,j2310,j2310,2132.5,0.0,0.0,0.0,1,2109.5,2137.5,1,2132.5,2137.5,0.0,0.0,0.0,0.0,42
2023-05-09 21:08:56,j2310,j2310,2132.5,0.0,0.0,0.0,1,2109.5,2137.0,1,2132.5,2137.5,0.0,0.0,0.0,0.0,42
2023-05-09 21:08:56,j2310,j2310,2132.5,0.0,0.0,0.0,1,2109.5,2137.0,2,2132.5,2137.5,0.0,0.0,0.0,0.0,42
2023-05-09 21:08:58,j2310,j2310,2132.5,0.0,0.0,0.0,1,2109.5,2136.5,1,2132.5,2137.5,0.0,0.0,0.0,0.0,42
2023-05-09 21:08:59,j2310,j2310,2132.5,0.0,0.0,0.0,1,2109.5,2136.0,1,2132.5,2137.5,0.0,0.0,0.0,0.0,42
2023-05-09 21:08:59,j2310,j2310,2132.5,0.0,0.0,0.0,1,2109.5,2136.0,2,2132.5,2137.5,0.0,0.0,0.0,0.0,42
2023-05-09 21:09:01,j2310,j2310,2132.5,0.0,0.0,0.0,1,2109.5,2135.5,1,2132.5,2137.5,0.0,0.0,0.0,0.0,42
2023-05-09 21:09:02,j2310,j2310,2132.5,0.0,0.0,0.0,1,2109.5,2135.0,1,2132.5,2137.5,0.0,0.0,0.0,0.0,42
2023-05-09 21:09:02,j2310,j2310,2132.5,0.0,0.0,0.0,1,2109.5,2135.0,2,2132.5,2137.5,0.0,0.0,0.0,0.0,42
2023-05-09 21:09:05,j2310,j2310,2132.5,0.0,0.0,0.0,1,2109.5,2134.5,1,2132.5,2137.5,0.0,0.0,0.0,0.0,42
2023-05-09 21:09:05,j2310,j2310,2132.5,0.0,0.0,0.0,1,2109.5,2134.0,1,2132.5,2137.5,0.0,0.0,0.0,0.0,42
2023-05-09 21:09:05,j2310,j2310,2132.5,0.0,0.0,0.0,1,2109.5,2134.0,2,2132.5,2137.5,0.0,0.0,0.0,0.0,42
2023-05-09 21:09:08,j2310,j2310,2132.5,0.0,0.0,0.0,1,2109.5,2133.5,1,2132.5,2137.5,0.0,0.0,0.0,0.0,42
2023-05-09 21:09:09,j2310,j2310,2132.5,0.0,0.0,0.0,1,2109.5,2133.0,1,2132.5,2137.5,0.0,0.0,0.0,0.0,42
2023-05-09 21:09:09,j2310,j2310,2132.5,0.0,0.0,0.0,1,2109.5,2133.0,2,2132.5,2137.5,0.0,0.0,0.0,0.0,42
2023-05-09 21:09:09,j2310,j2310,2132.5,0.0,0.0,0.0,1,2109.5,2133.0,1,2132.5,2137.5,0.0,0.0,0.0,0.0,42
2023-05-09 21:09:11,j2310,j2310,2132.5,0.0,0.0,0.0,1,2109.5,2132.5,1,2132.5,2137.5,0.0,0.0,0.0,0.0,42
2023-05-09 21:09:12,j2310,j2310,2132.5,0.0,0.0,0.0,1,2109.5,2132.5,2,2132.5,2137.5,0.0,0.0,0.0,0.0,42
2023-05-09 21:09:15,j2310,j2310,2132.5,0.0,0.0,0.0,1,2109.5,2132.5,1,2132.5,2137.5,0.0,0.0,0.0,0.0,42
2023-05-09 21:09:17,j2310,j2310,2132.5,0.0,0.0,0.0,1,2109.5,2132.5,2,2132.5,2137.5,0.0,0.0,0.0,0.0,42
2023-05-09 21:09:18,j2310,j2310,2132.5,0.0,0.0,0.0,1,2109.5,2132.5,1,2132.5,2137.5,0.0,0.0,0.0,0.0,42
2023-05-09 21:09:29,j2310,j2310,2132.5,0.0,0.0,0.0,1,2109.5,2132.0,2,2132.5,2137.5,0.0,0.0,0.0,0.0,42
2023-05-09 21:09:30,j2310,j2310,2132.5,0.0,0.0,0.0,1,2109.5,2131.5,1,2132.5,2137.5,0.0,0.0,0.0,0.0,42
2023-05-09 21:09:40,j2310,j2310,2132.5,0.0,0.0,0.0,1,2111.0,2131.5,1,2132.5,2137.5,0.0,0.0,0.0,0.0,42
2023-05-09 21:09:41,j2310,j2310,2132.5,0.0,0.0,0.0,1,2111.5,2131.5,1,2132.5,2137.5,0.0,0.0,0.0,0.0,42
2023-05-09 21:10:12,j2310,j2310,2132.5,0.0,0.0,0.0,1,2111.5,2131.0,2,2132.5,2137.5,0.0,0.0,0.0,0.0,42
2023-05-09 21:10:12,j2310,j2310,2132.5,0.0,0.0,0.0,1,2111.5,2130.5,1,2132.5,2137.5,0.0,0.0,0.0,0.0,42
2023-05-09 21:10:55,j2310,j2310,2132.5,0.0,0.0,0.0,1,2111.5,2130.0,2,2132.5,2137.5,0.0,0.0,0.0,0.0,42
2023-05-09 21:10:55,j2310,j2310,2132.5,0.0,0.0,0.0,1,2111.5,2130.0,3,2132.5,2137.5,0.0,0.0,0.0,0.0,42
2023-05-09 21:10:58,j2310,j2310,2132.5,0.0,0.0,0.0,1,2111.5,2130.0,2,2132.5,2137.5,0.0,0.0,0.0,0.0,42
2023-05-09 21:10:59,j2310,j2310,2132.5,0.0,0.0,0.0,1,2116.5,2130.0,2,2132.5,2137.5,0.0,0.0,0.0,0.0,42
2023-05-09 21:11:00,j2310,j2310,2132.5,0.0,0.0,0.0,1,2117.0,2130.0,2,2132.5,2137.5,0.0,0.0,0.0,0.0,42
2023-05-09 21:11:01,j2310,j2310,2132.5,0.0,0.0,0.0,2,2117.0,2130.0,2,2132.5,2137.5,0.0,0.0,0.0,0.0,42
2023-05-09 21:11:15,j2310,j2310,2132.5,0.0,0.0,0.0,1,2117.0,2130.0,2,2132.5,2137.5,0.0,0.0,0.0,0.0,42
2023-05-09 21:11:16,j2310,j2310,2132.5,0.0,0.0,0.0,1,2084.5,2130.0,2,2132.5,2137.5,0.0,0.0,0.0,0.0,42
2023-05-09 21:11:17,j2310,j2310,2132.5,0.0,0.0,0.0,1,2116.5,2130.0,2,2132.5,2137.5,0.0,0.0,0.0,0.0,42
2023-05-09 21:11:20,j2310,j2310,2132.5,0.0,0.0,0.0,1,2117.0,2130.0,2,2132.5,2137.5,0.0,0.0,0.0,0.0,42
2023-05-09 21:11:21,j2310,j2310,2132.5,0.0,0.0,0.0,1,2117.5,2130.0,2,2132.5,2137.5,0.0,0.0,0.0,0.0,42
2023-05-09 21:11:23,j2310,j2310,2132.5,0.0,0.0,0.0,1,2118.0,2130.0,2,2132.5,2137.5,0.0,0.0,0.0,0.0,42
2023-05-09 21:11:24,j2310,j2310,2132.5,0.0,0.0,0.0,2,2118.0,2130.0,2,2132.5,2137.5,0.0,0.0,0.0,0.0,42
2023-05-09 21:11:24,j2310,j2310,2132.5,0.0,0.0,0.0,1,2118.0,2130.0,2,2132.5,2137.5,0.0,0.0,0.0,0.0,42
2023-05-09 21:11:25,j2310,j2310,2132.5,0.0,0.0,0.0,2,2118.0,2130.0,2,2132.5,2137.5,0.0,0.0,0.0,0.0,42
2023-05-09 21:11:28,j2310,j2310,2132.5,0.0,0.0,0.0,1,2086.0,2130.0,2,2132.5,2137.5,0.0,0.0,0.0,0.0,42
2023-05-09 21:11:29,j2310,j2310,2132.5,0.0,0.0,0.0,2,2117.5,2130.0,2,2132.5,2137.5,0.0,0.0,0.0,0.0,42
2023-05-09 21:11:31,j2310,j2310,2132.5,0.0,0.0,0.0,1,2117.5,2130.0,2,2132.5,2137.5,0.0,0.0,0.0,0.0,42
2023-05-09 21:11:31,j2310,j2310,2132.5,0.0,0.0,0.0,1,2086.0,2130.0,2,2132.5,2137.5,0.0,0.0,0.0,0.0,42
2023-05-09 21:11:32,j2310,j2310,2132.5,0.0,0.0,0.0,1,2116.0,2130.0,2,2132.5,2137.5,0.0,0.0,0.0,0.0,42
2023-05-09 21:11:35,j2310,j2310,2132.5,0.0,0.0,0.0,1,2116.5,2130.0,2,2132.5,2137.5,0.0,0.0,0.0,0.0,42
2023-05-09 21:11:36,j2310,j2310,2132.5,0.0,0.0,0.0,2,2116.5,2130.0,2,2132.5,2137.5,0.0,0.0,0.0,0.0,42
2023-05-09 21:11:39,j2310,j2310,2132.5,0.0,0.0,0.0,1,2086.0,2130.0,2,2132.5,2137.5,0.0,0.0,0.0,0.0,42
2023-05-09 21:11:40,j2310,j2310,2132.5,0.0,0.0,0.0,1,2116.0,2130.0,2,2132.5,2137.5,0.0,0.0,0.0,0.0,42
2023-05-09 21:11:42,j2310,j2310,2132.5,0.0,0.0,0.0,1,2116.5,2130.0,2,2132.5,2137.5,0.0,0.0,0.0,0.0,42
2023-05-09 21:11:43,j2310,j2310,2132.5,0.0,0.0,0.0,2,2116.5,2130.0,2,2132.5,2137.5,0.0,0.0,0.0,0.0,42
2023-05-09 21:11:55,j2310,j2310,2132.5,0.0,0.0,0.0,1,2116.5,2130.0,2,2132.5,2137.5,0.0,0.0,0.0,0.0,42
2023-05-09 21:11:56,j2310,j2310,2132.5,0.0,0.0,0.0,1,2086.0,2130.0,2,2132.5,2137.5,0.0,0.0,0.0,0.0,42
2023-05-09 21:11:57,j2310,j2310,2132.5,0.0,0.0,0.0,1,2116.0,2130.0,2,2132.5,2137.5,0.0,0.0,0.0,0.0,42
2023-05-09 21:11:59,j2310,j2310,2132.5,0.0,0.0,0.0,1,2086.5,2130.0,2,2132.5,2137.5,0.0,0.0,0.0,0.0,42
2023-05-09 21:12:00,j2310,j2310,2132.5,0.0,0.0,0.0,1,2116.0,2130.0,2,2132.5,2137.5,0.0,0.0,0.0,0.0,42
2023-05-09 21:12:00,j2310,j2310,2132.5,0.0,0.0,0.0,2,2116.0,2130.0,2,2132.5,2137.5,0.0,0.0,0.0,0.0,42
2023-05-09 21:12:02,j2310,j2310,2132.5,0.0,0.0,0.0,1,2116.0,2130.0,2,2132.5,2137.5,0.0,0.0,0.0,0.0,42
2023-05-09 21:12:03,j2310,j2310,2132.5,0.0,0.0,0.0,1,2116.5,2130.0,2,2132.5,2137.5,0.0,0.0,0.0,0.0,42
2023-05-09 21:12:04,j2310,j2310,2132.5,0.0,0.0,0.0,2,2116.5,2130.0,2,2132.5,2137.5,0.0,0.0,0.0,0.0,42
2023-05-09 21:12:07,j2310,j2310,2132.5,0.0,0.0,0.0,1,2088.0,2130.0,2,2132.5,2137.5,0.0,0.0,0.0,0.0,42
2023-05-09 21:12:08,j2310,j2310,2132.5,0.0,0.0,0.0,1,2116.0,2130.0,2,2132.5,2137.5,0.0,0.0,0.0,0.0,42
2023-05-09 21:12:11,j2310,j2310,2132.5,0.0,0.0,0.0,2,2116.0,2130.0,2,2132.5,2137.5,0.0,0.0,0.0,0.0,42
2023-05-09 21:12:16,j2310,j2310,2132.5,0.0,0.0,0.0,1,2088.0,2130.0,2,2132.5,2137.5,0.0,0.0,0.0,0.0,42
2023-05-09 21:12:16,j2310,j2310,2132.5,0.0,0.0,0.0,1,2115.5,2130.0,2,2132.5,2137.5,0.0,0.0,0.0,0.0,42
2023-05-09 21:12:20,j2310,j2310,2132.5,0.0,0.0,0.0,1,2116.0,2130.0,2,2132.5,2137.5,0.0,0.0,0.0,0.0,42
2023-05-09 21:12:20,j2310,j2310,2132.5,0.0,0.0,0.0,1,2116.5,2130.0,2,2132.5,2137.5,0.0,0.0,0.0,0.0,42
2023-05-09 21:12:23,j2310,j2310,2132.5,0.0,0.0,0.0,1,2088.0,2130.0,2,2132.5,2137.5,0.0,0.0,0.0,0.0,42
2023-05-09 21:12:24,j2310,j2310,2132.5,0.0,0.0,0.0,1,2116.5,2130.0,2,2132.5,2137.5,0.0,0.0,0.0,0.0,42
2023-05-09 21:12:24,j2310,j2310,2132.5,0.0,0.0,0.0,1,2088.5,2130.0,2,2132.5,2137.5,0.0,0.0,0.0,0.0,42
2023-05-09 21:12:25,j2310,j2310,2132.5,0.0,0.0,0.0,1,2116.0,2130.0,2,2132.5,2137.5,0.0,0.0,0.0,0.0,42
2023-05-09 21:12:27,j2310,j2310,2132.5,0.0,0.0,0.0,2,2116.0,2130.0,2,2132.5,2137.5,0.0,0.0,0.0,0.0,42
2023-05-09 21:12:29,j2310,j2310,2132.5,0.0,0.0,0.0,1,2116.0,2130.0,2,2132.5,2137.5,0.0,0.0,0.0,0.0,42
2023-05-09 21:12:29,j2310,j2310,2132.5,0.0,0.0,0.0,1,2116.5,2130.0,2,2132.5,2137.5,0.0,0.0,0.0,0.0,42
2023-05-09 21:12:31,j2310,j2310,2132.5,0.0,0.0,0.0,2,2116.5,2130.0,2,2132.5,2137.5,0.0,0.0,0.0,0.0,42
2023-05-09 21:12:31,j2310,j2310,2132.5,0.0,0.0,0.0,1,2090.0,2130.0,2,2132.5,2137.5,0.0,0.0,0.0,0.0,42
2023-05-09 21:12:32,j2310,j2310,2132.5,0.0,0.0,0.0,1,2116.0,2130.0,2,2132.5,2137.5,0.0,0.0,0.0,0.0,42
2023-05-09 21:12:35,j2310,j2310,2132.5,0.0,0.0,0.0,1,2116.5,2130.0,2,2132.5,2137.5,0.0,0.0,0.0,0.0,42
2023-05-09 21:12:35,j2310,j2310,2132.5,0.0,0.0,0.0,1,2117.0,2130.0,2,2132.5,2137.5,0.0,0.0,0.0,0.0,42
2023-05-09 21:12:38,j2310,j2310,2132.5,0.0,0.0,0.0,2,2117.0,2130.0,2,2132.5,2137.5,0.0,0.0,0.0,0.0,42
2023-05-09 21:12:44,j2310,j2310,2132.5,0.0,0.0,0.0,1,2117.0,2130.0,2,2132.5,2137.5,0.0,0.0,0.0,0.0,42
2023-05-09 21:12:45,j2310,j2310,2132.5,0.0,0.0,0.0,1,2117.5,2130.0,2,2132.5,2137.5,0.0,0.0,0.0,0.0,42
2023-05-09 21:12:45,j2310,j2310,2132.5,0.0,0.0,0.0,2,2117.5,2130.0,2,2132.5,2137.5,0.0,0.0,0.0,0.0,42
2023-05-09 21:12:47,j2310,j2310,2132.5,0.0,0.0,0.0,1,2090.0,2130.0,2,2132.5,2137.5,0.0,0.0,0.0,0.0,42
2023-05-09 21:12:48,j2310,j2310,2132.5,0.0,0.0,0.0,1,2117.0,2130.0,2,2132.5,2137.5,0.0,0.0,0.0,0.0,42
2023-05-09 21:12:52,j2310,j2310,2132.5,0.0,0.0,0.0,1,2117.5,2130.0,2,2132.5,2137.5,0.0,0.0,0.0,0.0,42
2023-05-09 21:12:52,j2310,j2310,2132.5,0.0,0.0,0.0,2,2117.5,2130.0,2,2132.5,2137.5,0.0,0.0,0.0,0.0,42
2023-05-09 21:13:05,j2310,j2310,2132.5,0.0,0.0,0.0,1,2117.5,2130.0,2,2132.5,2137.5,0.0,0.0,0.0,0.0,42
2023-05-09 21:13:05,j2310,j2310,2132.5,0.0,0.0,0.0,1,2090.0,2130.0,2,2132.5,2137.5,0.0,0.0,0.0,0.0,42
2023-05-09 21:13:06,j2310,j2310,2132.5,0.0,0.0,0.0,1,2116.0,2130.0,2,2132.5,2137.5,0.0,0.0,0.0,0.0,42
2023-05-09 21:13:09,j2310,j2310,2132.5,0.0,0.0,0.0,1,2116.5,2130.0,2,2132.5,2137.5,0.0,0.0,0.0,0.0,42
2023-05-09 21:13:09,j2310,j2310,2132.5,0.0,0.0,0.0,1,2117.0,2130.0,2,2132.5,2137.5,0.0,0.0,0.0,0.0,42
2023-05-09 21:13:12,j2310,j2310,2132.5,0.0,0.0,0.0,2,2117.0,2130.0,2,2132.5,2137.5,0.0,0.0,0.0,0.0,42
2023-05-09 21:13:14,j2310,j2310,2132.5,0.0,0.0,0.0,1,2117.0,2130.0,2,2132.5,2137.5,0.0,0.0,0.0,0.0,42
2023-05-09 21:13:15,j2310,j2310,2132.5,0.0,0.0,0.0,1,2117.5,2130.0,2,2132.5,2137.5,0.0,0.0,0.0,0.0,42
2023-05-09 21:13:15,j2310,j2310,2132.5,0.0,0.0,0.0,2,2117.5,2130.0,2,2132.5,2137.5,0.0,0.0,0.0,0.0,42
2023-05-09 21:13:34,j2310,j2310,2132.5,0.0,0.0,0.0,2,2117.5,2202.0,2,2132.5,2137.5,0.0,0.0,0.0,0.0,42
2023-05-09 21:13:34,j2310,j2310,2132.5,0.0,0.0,0.0,2,2117.5,2201.5,5,2132.5,2137.5,0.0,0.0,0.0,0.0,42
2023-05-09 21:13:35,j2310,j2310,2132.5,0.0,0.0,0.0,2,2117.5,2198.5,2,2132.5,2137.5,0.0,0.0,0.0,0.0,42
2023-05-09 21:13:36,j2310,j2310,2132.5,0.0,0.0,0.0,2,2117.5,2198.0,1,2132.5,2137.5,0.0,0.0,0.0,0.0,42
2023-05-09 21:13:36,j2310,j2310,2132.5,0.0,0.0,0.0,2,2117.5,2195.0,2,2132.5,2137.5,0.0,0.0,0.0,0.0,42
2023-05-09 21:13:37,j2310,j2310,2132.5,0.0,0.0,0.0,2,2117.5,2194.5,1,2132.5,2137.5,0.0,0.0,0.0,0.0,42
2023-05-09 21:13:37,j2310,j2310,2132.5,0.0,0.0,0.0,2,2117.5,2191.5,2,2132.5,2137.5,0.0,0.0,0.0,0.0,42
2023-05-09 21:13:38,j2310,j2310,2132.5,0.0,0.0,0.0,2,2117.5,2191.0,2,2132.5,2137.5,0.0,0.0,0.0,0.0,42
2023-05-09 21:13:38,j2310,j2310,2132.5,0.0,0.0,0.0,2,2117.5,2188.0,2,2132.5,2137.5,0.0,0.0,0.0,0.0,42
2023-05-09 21:13:39,j2310,j2310,2132.5,0.0,0.0,0.0,2,2117.5,2187.5,1,2132.5,2137.5,0.0,0.0,0.0,0.0,42
2023-05-09 21:13:39,j2310,j2310,2132.5,0.0,0.0,0.0,2,2117.5,2184.5,2,2132.5,2137.5,0.0,0.0,0.0,0.0,42
2023-05-09 21:13:40,j2310,j2310,2132.5,0.0,0.0,0.0,2,2117.5,2184.0,1,2132.5,2137.5,0.0,0.0,0.0,0.0,42
2023-05-09 21:13:40,j2310,j2310,2132.5,0.0,0.0,0.0,2,2117.5,2181.0,2,2132.5,2137.5,0.0,0.0,0.0,0.0,42
2023-05-09 21:13:41,j2310,j2310,2132.5,0.0,0.0,0.0,2,2117.5,2180.5,1,2132.5,2137.5,0.0,0.0,0.0,0.0,42
2023-05-09 21:13:41,j2310,j2310,2132.5,0.0,0.0,0.0,2,2117.5,2177.5,2,2132.5,2137.5,0.0,0.0,0.0,0.0,42
2023-05-09 21:13:42,j2310,j2310,2132.5,0.0,0.0,0.0,2,2117.5,2177.0,1,2132.5,2137.5,0.0,0.0,0.0,0.0,42
2023-05-09 21:13:42,j2310,j2310,2132.5,0.0,0.0,0.0,2,2117.5,2174.0,2,2132.5,2137.5,0.0,0.0,0.0,0.0,42
2023-05-09 21:13:43,j2310,j2310,2132.5,0.0,0.0,0.0,2,2117.5,2173.5,1,2132.5,2137.5,0.0,0.0,0.0,0.0,42
2023-05-09 21:13:43,j2310,j2310,2132.5,0.0,0.0,0.0,2,2117.5,2170.5,2,2132.5,2137.5,0.0,0.0,0.0,0.0,42
2023-05-09 21:13:44,j2310,j2310,2132.5,0.0,0.0,0.0,2,2117.5,2170.0,1,2132.5,2137.5,0.0,0.0,0.0,0.0,42
2023-05-09 21:13:44,j2310,j2310,2132.5,0.0,0.0,0.0,2,2117.5,2167.0,2,2132.5,2137.5,0.0,0.0,0.0,0.0,42
2023-05-09 21:13:45,j2310,j2310,2132.5,0.0,0.0,0.0,2,2117.5,2166.5,1,2132.5,2137.5,0.0,0.0,0.0,0.0,42
2023-05-09 21:13:45,j2310,j2310,2132.5,0.0,0.0,0.0,2,2117.5,2163.5,2,2132.5,2137.5,0.0,0.0,0.0,0.0,42
2023-05-09 21:13:46,j2310,j2310,2132.5,0.0,0.0,0.0,2,2117.5,2163.0,2,2132.5,2137.5,0.0,0.0,0.0,0.0,42
2023-05-09 21:13:46,j2310,j2310,2132.5,0.0,0.0,0.0,2,2117.5,2160.0,2,2132.5,2137.5,0.0,0.0,0.0,0.0,42
2023-05-09 21:13:47,j2310,j2310,2132.5,0.0,0.0,0.0,2,2117.5,2159.5,1,2132.5,2137.5,0.0,0.0,0.0,0.0,42
2023-05-09 21:13:47,j2310,j2310,2132.5,0.0,0.0,0.0,2,2117.5,2156.5,2,2132.5,2137.5,0.0,0.0,0.0,0.0,42
2023-05-09 21:13:48,j2310,j2310,2132.5,0.0,0.0,0.0,2,2117.5,2156.0,1,2132.5,2137.5,0.0,0.0,0.0,0.0,42
2023-05-09 21:13:48,j2310,j2310,2132.5,0.0,0.0,0.0,2,2117.5,2153.0,2,2132.5,2137.5,0.0,0.0,0.0,0.0,42
2023-05-09 21:13:49,j2310,j2310,2132.5,0.0,0.0,0.0,2,2117.5,2152.5,1,2132.5,2137.5,0.0,0.0,0.0,0.0,42
2023-05-09 21:13:51,j2310,j2310,2132.5,0.0,0.0,0.0,2,2117.5,2152.0,1,2132.5,2137.5,0.0,0.0,0.0,0.0,42
2023-05-09 21:13:52,j2310,j2310,2132.5,0.0,0.0,0.0,2,2117.5,2151.5,1,2132.5,2137.5,0.0,0.0,0.0,0.0,42
2023-05-09 21:13:54,j2310,j2310,2132.5,0.0,0.0,0.0,2,2117.5,2151.0,1,2132.5,2137.5,0.0,0.0,0.0,0.0,42
2023-05-09 21:13:55,j2310,j2310,2132.5,0.0,0.0,0.0,2,2117.5,2150.5,1,2132.5,2137.5,0.0,0.0,0.0,0.0,42
2023-05-09 21:13:57,j2310,j2310,2132.5,0.0,0.0,0.0,2,2117.5,2150.0,1,2132.5,2137.5,0.0,0.0,0.0,0.0,42
2023-05-09 21:13:58,j2310,j2310,2132.5,0.0,0.0,0.0,2,2117.5,2149.5,1,2132.5,2137.5,0.0,0.0,0.0,0.0,42
2023-05-09 21:14:00,j2310,j2310,2132.5,0.0,0.0,0.0,2,2117.5,2149.0,1,2132.5,2137.5,0.0,0.0,0.0,0.0,42
2023-05-09 21:14:01,j2310,j2310,2132.5,0.0,0.0,0.0,2,2117.5,2148.5,1,2132.5,2137.5,0.0,0.0,0.0,0.0,42
2023-05-09 21:14:03,j2310,j2310,2132.5,0.0,0.0,0.0,2,2117.5,2148.0,1,2132.5,2137.5,0.0,0.0,0.0,0.0,42
2023-05-09 21:14:04,j2310,j2310,2132.5,0.0,0.0,0.0,2,2117.5,2147.5,1,2132.5,2137.5,0.0,0.0,0.0,0.0,42
2023-05-09 21:14:06,j2310,j2310,2132.5,0.0,0.0,0.0,2,2117.5,2147.0,1,2132.5,2137.5,0.0,0.0,0.0,0.0,42
2023-05-09 21:14:07,j2310,j2310,2132.5,0.0,0.0,0.0,2,2117.5,2146.5,1,2132.5,2137.5,0.0,0.0,0.0,0.0,42
2023-05-09 21:14:09,j2310,j2310,2132.5,0.0,0.0,0.0,2,2117.5,2146.0,1,2132.5,2137.5,0.0,0.0,0.0,0.0,42
2023-05-09 21:14:10,j2310,j2310,2132.5,0.0,0.0,0.0,2,2117.5,2145.5,1,2132.5,2137.5,0.0,0.0,0.0,0.0,42
2023-05-09 21:14:12,j2310,j2310,2132.5,0.0,0.0,0.0,2,2117.5,2145.0,1,2132.5,2137.5,0.0,0.0,0.0,0.0,42
2023-05-09 21:14:13,j2310,j2310,2132.5,0.0,0.0,0.0,2,2117.5,2144.5,1,2132.5,2137.5,0.0,0.0,0.0,0.0,42
2023-05-09 21:14:15,j2310,j2310,2132.5,0.0,0.0,0.0,2,2117.5,2144.0,1,2132.5,2137.5,0.0,0.0,0.0,0.0,42
2023-05-09 21:14:16,j2310,j2310,2132.5,0.0,0.0,0.0,2,2117.5,2143.5,1,2132.5,2137.5,0.0,0.0,0.0,0.0,42
2023-05-09 21:14:18,j2310,j2310,2132.5,0.0,0.0,0.0,2,2117.5,2143.0,1,2132.5,2137.5,0.0,0.0,0.0,0.0,42
2023-05-09 21:14:19,j2310,j2310,2132.5,0.0,0.0,0.0,2,2117.5,2142.5,1,2132.5,2137.5,0.0,0.0,0.0,0.0,42
2023-05-09 21:14:21,j2310,j2310,2132.5,0.0,0.0,0.0,2,2117.5,2142.0,1,2132.5,2137.5,0.0,0.0,0.0,0.0,42
2023-05-09 21:14:22,j2310,j2310,2132.5,0.0,0.0,0.0,2,2117.5,2141.5,1,2132.5,2137.5,0.0,0.0,0.0,0.0,42
2023-05-09 21:14:24,j2310,j2310,2132.5,0.0,0.0,0.0,2,2117.5,2141.0,1,2132.5,2137.5,0.0,0.0,0.0,0.0,42
2023-05-09 21:14:25,j2310,j2310,2132.5,0.0,0.0,0.0,2,2117.5,2140.5,1,2132.5,2137.5,0.0,0.0,0.0,0.0,42
2023-05-09 21:14:27,j2310,j2310,2132.5,0.0,0.0,0.0,2,2117.5,2140.0,1,2132.5,2137.5,0.0,0.0,0.0,0.0,42
2023-05-09 21:14:28,j2310,j2310,2132.5,0.0,0.0,0.0,2,2117.5,2139.5,1,2132.5,2137.5,0.0,0.0,0.0,0.0,42
2023-05-09 21:14:30,j2310,j2310,2132.5,0.0,0.0,0.0,2,2117.5,2139.0,1,2132.5,2137.5,0.0,0.0,0.0,0.0,42
2023-05-09 21:14:31,j2310,j2310,2132.5,0.0,0.0,0.0,2,2117.5,2138.5,1,2132.5,2137.5,0.0,0.0,0.0,0.0,42
2023-05-09 21:14:34,j2310,j2310,2132.5,0.0,0.0,0.0,2,2117.5,2138.0,1,2132.5,2137.5,0.0,0.0,0.0,0.0,42
2023-05-09 21:14:38,j2310,j2310,2132.5,0.0,0.0,0.0,2,2117.5,2138.0,2,2132.5,2137.5,0.0,0.0,0.0,0.0,42
2023-05-09 21:14:39,j2310,j2310,2132.5,0.0,0.0,0.0,2,2117.5,2137.5,1,2132.5,2137.5,0.0,0.0,0.0,0.0,42
2023-05-09 21:14:39,j2310,j2310,2132.5,0.0,0.0,0.0,2,2117.5,2140.0,2,2132.5,2137.5,0.0,0.0,0.0,0.0,42
2023-05-09 21:14:40,j2310,j2310,2132.5,0.0,0.0,0.0,2,2117.5,2137.5,1,2132.5,2137.5,0.0,0.0,0.0,0.0,42
2023-05-09 21:14:41,j2310,j2310,2132.5,0.0,0.0,0.0,2,2117.5,2139.5,1,2132.5,2137.5,0.0,0.0,0.0,0.0,42
2023-05-09 21:14:42,j2310,j2310,2132.5,0.0,0.0,0.0,2,2117.5,2137.5,1,2132.5,2137.5,0.0,0.0,0.0,0.0,42
2023-05-09 21:14:42,j2310,j2310,2132.5,0.0,0.0,0.0,2,2117.5,2140.0,2,2132.5,2137.5,0.0,0.0,0.0,0.0,42
2023-05-09 21:14:43,j2310,j2310,2132.5,0.0,0.0,0.0,2,2117.5,2139.5,2,2132.5,2137.5,0.0,0.0,0.0,0.0,42
2023-05-09 21:15:00,j2310,j2310,2132.5,0.0,0.0,0.0,2,2117.5,2139.5,1,2132.5,2137.5,0.0,0.0,0.0,0.0,42
2023-05-09 21:15:03,j2310,j2310,2132.5,0.0,0.0,0.0,1,2119.0,2139.5,1,2132.5,2137.5,0.0,0.0,0.0,0.0,42
2023-05-09 21:15:03,j2310,j2310,2132.5,0.0,0.0,0.0,1,2123.0,2139.5,1,2132.5,2137.5,0.0,0.0,0.0,0.0,42
2023-05-09 21:15:03,j2310,j2310,2132.5,0.0,0.0,0.0,1,2119.0,2139.5,1,2132.5,2137.5,0.0,0.0,0.0,0.0,42
2023-05-09 21:15:04,j2310,j2310,2132.5,0.0,0.0,0.0,1,2124.5,2140.0,2,2132.5,2137.5,0.0,0.0,0.0,0.0,42
2023-05-09 21:15:05,j2310,j2310,2132.5,0.0,0.0,0.0,1,2124.5,2140.0,3,2132.5,2137.5,0.0,0.0,0.0,0.0,42
2023-05-09 21:15:07,j2310,j2310,2132.5,0.0,0.0,0.0,1,2125.0,2140.0,3,2132.5,2137.5,0.0,0.0,0.0,0.0,42
2023-05-09 21:15:08,j2310,j2310,2132.5,0.0,0.0,0.0,1,2125.5,2140.0,2,2132.5,2137.5,0.0,0.0,0.0,0.0,42
2023-05-09 21:15:10,j2310,j2310,2132.5,0.0,0.0,0.0,1,2126.0,2140.0,2,2132.5,2137.5,0.0,0.0,0.0,0.0,42
2023-05-09 21:15:11,j2310,j2310,2132.5,0.0,0.0,0.0,2,2126.0,2140.0,2,2132.5,2137.5,0.0,0.0,0.0,0.0,42
2023-05-09 21:15:12,j2310,j2310,2132.5,0.0,0.0,0.0,1,2126.0,2140.0,2,2132.5,2137.5,0.0,0.0,0.0,0.0,42
2023-05-09 21:15:13,j2310,j2310,2132.5,0.0,0.0,0.0,1,2119.0,2140.0,2,2132.5,2137.5,0.0,0.0,0.0,0.0,42
2023-05-09 21:15:14,j2310,j2310,2132.5,0.0,0.0,0.0,1,2125.5,2140.0,2,2132.5,2137.5,0.0,0.0,0.0,0.0,42
2023-05-09 21:15:16,j2310,j2310,2132.5,0.0,0.0,0.0,1,2126.0,2140.0,2,2132.5,2137.5,0.0,0.0,0.0,0.0,42
2023-05-09 21:15:17,j2310,j2310,2132.5,0.0,0.0,0.0,2,2126.0,2140.0,2,2132.5,2137.5,0.0,0.0,0.0,0.0,42
2023-05-09 21:16:01,j2310,j2310,2132.5,0.0,0.0,0.0,1,2126.0,2140.0,2,2132.5,2137.5,0.0,0.0,0.0,0.0,42
2023-05-09 21:18:13,j2310,j2310,2132.5,0.0,0.0,0.0,1,2126.0,2140.0,3,2132.5,2137.5,0.0,0.0,0.0,0.0,42
2023-05-09 21:18:16,j2310,j2310,2132.5,0.0,0.0,0.0,1,2126.0,2139.5,1,2132.5,2137.5,0.0,0.0,0.0,0.0,42
2023-05-09 21:18:16,j2310,j2310,2132.5,0.0,0.0,0.0,1,2126.0,2140.0,2,2132.5,2137.5,0.0,0.0,0.0,0.0,42
2023-05-09 21:18:16,j2310,j2310,2132.5,0.0,0.0,0.0,1,2126.0,2140.0,3,2132.5,2137.5,0.0,0.0,0.0,0.0,42
2023-05-09 21:18:18,j2310,j2310,2132.5,0.0,0.0,0.0,1,2126.0,2140.0,2,2132.5,2137.5,0.0,0.0,0.0,0.0,42
2023-05-09 21:18:18,j2310,j2310,2132.5,0.0,0.0,0.0,1,2126.0,2140.0,3,2132.5,2137.5,0.0,0.0,0.0,0.0,42
2023-05-09 21:18:19,j2310,j2310,2132.5,0.0,0.0,0.0,1,2126.0,2140.0,2,2132.5,2137.5,0.0,0.0,0.0,0.0,42
2023-05-09 21:18:24,j2310,j2310,2132.5,0.0,0.0,0.0,1,2126.0,2140.0,3,2132.5,2137.5,0.0,0.0,0.0,0.0,42
2023-05-09 21:18:28,j2310,j2310,2132.5,0.0,0.0,0.0,1,2126.0,2140.0,2,2132.5,2137.5,0.0,0.0,0.0,0.0,42
2023-05-09 21:18:29,j2310,j2310,2132.5,0.0,0.0,0.0,1,2126.0,2140.0,3,2132.5,2137.5,0.0,0.0,0.0,0.0,42
2023-05-09 21:18:29,j2310,j2310,2132.5,0.0,0.0,0.0,1,2126.0,2139.5,1,2132.5,2137.5,0.0,0.0,0.0,0.0,42
2023-05-09 21:18:33,j2310,j2310,2132.5,0.0,0.0,0.0,1,2126.0,2140.0,2,2132.5,2137.5,0.0,0.0,0.0,0.0,42
2023-05-09 21:18:34,j2310,j2310,2132.5,0.0,0.0,0.0,1,2126.0,2140.0,3,2132.5,2137.5,0.0,0.0,0.0,0.0,42
2023-05-09 21:18:42,j2310,j2310,2132.5,0.0,0.0,0.0,1,2126.0,2139.5,1,2132.5,2137.5,0.0,0.0,0.0,0.0,42
2023-05-09 21:18:45,j2310,j2310,2132.5,0.0,0.0,0.0,1,2126.0,2140.0,2,2132.5,2137.5,0.0,0.0,0.0,0.0,42
2023-05-09 21:18:46,j2310,j2310,2132.5,0.0,0.0,0.0,1,2126.0,2140.0,3,2132.5,2137.5,0.0,0.0,0.0,0.0,42
2023-05-09 21:18:48,j2310,j2310,2132.5,0.0,0.0,0.0,1,2126.0,2139.5,1,2132.5,2137.5,0.0,0.0,0.0,0.0,42
2023-05-09 21:18:56,j2310,j2310,2132.5,0.0,0.0,0.0,1,2119.0,2139.5,1,2132.5,2137.5,0.0,0.0,0.0,0.0,42
2023-05-09 21:18:56,j2310,j2310,2132.5,0.0,0.0,0.0,1,2125.5,2139.5,1,2132.5,2137.5,0.0,0.0,0.0,0.0,42
2023-05-09 21:19:03,j2310,j2310,2132.5,0.0,0.0,0.0,1,2125.5,2140.0,2,2132.5,2137.5,0.0,0.0,0.0,0.0,42
2023-05-09 21:19:03,j2310,j2310,2132.5,0.0,0.0,0.0,1,2125.5,2140.0,3,2132.5,2137.5,0.0,0.0,0.0,0.0,42
2023-05-09 21:19:05,j2310,j2310,2132.5,0.0,0.0,0.0,1,2125.5,2139.5,1,2132.5,2137.5,0.0,0.0,0.0,0.0,42
2023-05-09 21:19:06,j2310,j2310,2132.5,0.0,0.0,0.0,1,2125.5,2140.0,2,2132.5,2137.5,0.0,0.0,0.0,0.0,42
2023-05-09 21:19:06,j2310,j2310,2132.5,0.0,0.0,0.0,1,2125.5,2140.0,3,2132.5,2137.5,0.0,0.0,0.0,0.0,42
2023-05-09 21:19:14,j2310,j2310,2132.5,0.0,0.0,0.0,1,2125.5,2140.0,2,2132.5,2137.5,0.0,0.0,0.0,0.0,42
2023-05-09 21:19:14,j2310,j2310,2132.5,0.0,0.0,0.0,1,2125.5,2140.0,3,2132.5,2137.5,0.0,0.0,0.0,0.0,42
2023-05-09 21:19:15,j2310,j2310,2132.5,0.0,0.0,0.0,1,2125.5,2139.5,1,2132.5,2137.5,0.0,0.0,0.0,0.0,42
2023-05-09 21:19:25,j2310,j2310,2132.5,0.0,0.0,0.0,1,2125.5,2140.0,2,2132.5,2137.5,0.0,0.0,0.0,0.0,42
2023-05-09 21:19:25,j2310,j2310,2132.5,0.0,0.0,0.0,1,2125.5,2140.0,3,2132.5,2137.5,0.0,0.0,0.0,0.0,42
2023-05-09 21:19:28,j2310,j2310,2132.5,0.0,0.0,0.0,1,2125.5,2140.0,1,2132.5,2137.5,0.0,0.0,0.0,0.0,42
2023-05-09 21:19:29,j2310,j2310,2132.5,0.0,0.0,0.0,1,2125.5,2202.0,2,2132.5,2137.5,0.0,0.0,0.0,0.0,42
2023-05-09 21:19:30,j2310,j2310,2132.5,0.0,0.0,0.0,1,2125.5,2140.0,1,2132.5,2137.5,0.0,0.0,0.0,0.0,42
2023-05-09 21:19:30,j2310,j2310,2132.5,0.0,0.0,0.0,1,2125.5,2195.0,2,2132.5,2137.5,0.0,0.0,0.0,0.0,42
2023-05-09 21:19:30,j2310,j2310,2132.5,0.0,0.0,0.0,1,2125.5,2192.0,2,2132.5,2137.5,0.0,0.0,0.0,0.0,42
2023-05-09 21:19:31,j2310,j2310,2132.5,0.0,0.0,0.0,1,2125.5,2191.5,1,2132.5,2137.5,0.0,0.0,0.0,0.0,42
2023-05-09 21:19:31,j2310,j2310,2132.5,0.0,0.0,0.0,1,2125.5,2188.5,2,2132.5,2137.5,0.0,0.0,0.0,0.0,42
2023-05-09 21:19:32,j2310,j2310,2132.5,0.0,0.0,0.0,1,2125.5,2188.0,1,2132.5,2137.5,0.0,0.0,0.0,0.0,42
2023-05-09 21:19:32,j2310,j2310,2132.5,0.0,0.0,0.0,1,2125.5,2185.0,2,2132.5,2137.5,0.0,0.0,0.0,0.0,42
2023-05-09 21:19:33,j2310,j2310,2132.5,0.0,0.0,0.0,1,2125.5,2184.5,1,2132.5,2137.5,0.0,0.0,0.0,0.0,42
2023-05-09 21:19:33,j2310,j2310,2132.5,0.0,0.0,0.0,1,2125.5,2181.5,2,2132.5,2137.5,0.0,0.0,0.0,0.0,42
2023-05-09 21:19:34,j2310,j2310,2132.5,0.0,0.0,0.0,1,2125.5,2181.0,1,2132.5,2137.5,0.0,0.0,0.0,0.0,42
2023-05-09 21:19:35,j2310,j2310,2132.5,0.0,0.0,0.0,1,2125.5,2178.0,2,2132.5,2137.5,0.0,0.0,0.0,0.0,42
2023-05-09 21:19:35,j2310,j2310,2132.5,0.0,0.0,0.0,1,2125.5,2177.5,1,2132.5,2137.5,0.0,0.0,0.0,0.0,42
2023-05-09 21:19:35,j2310,j2310,2132.5,0.0,0.0,0.0,1,2125.5,2174.5,2,2132.5,2137.5,0.0,0.0,0.0,0.0,42
2023-05-09 21:19:36,j2310,j2310,2132.5,0.0,0.0,0.0,1,2125.5,2174.0,1,2132.5,2137.5,0.0,0.0,0.0,0.0,42
2023-05-09 21:19:36,j2310,j2310,2132.5,0.0,0.0,0.0,1,2125.5,2171.0,2,2132.5,2137.5,0.0,0.0,0.0,0.0,42
2023-05-09 21:19:37,j2310,j2310,2132.5,0.0,0.0,0.0,1,2125.5,2170.5,1,2132.5,2137.5,0.0,0.0,0.0,0.0,42
2023-05-09 21:19:37,j2310,j2310,2132.5,0.0,0.0,0.0,1,2125.5,2167.5,2,2132.5,2137.5,0.0,0.0,0.0,0.0,42
2023-05-09 21:19:38,j2310,j2310,2132.5,0.0,0.0,0.0,1,2125.5,2167.0,2,2132.5,2137.5,0.0,0.0,0.0,0.0,42
2023-05-09 21:19:38,j2310,j2310,2132.5,0.0,0.0,0.0,1,2125.5,2164.0,2,2132.5,2137.5,0.0,0.0,0.0,0.0,42
2023-05-09 21:19:39,j2310,j2310,2132.5,0.0,0.0,0.0,1,2125.5,2163.5,1,2132.5,2137.5,0.0,0.0,0.0,0.0,42
2023-05-09 21:19:39,j2310,j2310,2132.5,0.0,0.0,0.0,1,2125.5,2160.5,2,2132.5,2137.5,0.0,0.0,0.0,0.0,42
2023-05-09 21:19:40,j2310,j2310,2132.5,0.0,0.0,0.0,1,2125.5,2160.0,1,2132.5,2137.5,0.0,0.0,0.0,0.0,42
2023-05-09 21:19:41,j2310,j2310,2132.5,0.0,0.0,0.0,1,2125.5,2159.5,1,2132.5,2137.5,0.0,0.0,0.0,0.0,42
2023-05-09 21:19:41,j2310,j2310,2132.5,0.0,0.0,0.0,1,2125.5,2159.0,1,2132.5,2137.5,0.0,0.0,0.0,0.0,42
2023-05-09 21:19:44,j2310,j2310,2132.5,0.0,0.0,0.0,1,2125.5,2158.5,1,2132.5,2137.5,0.0,0.0,0.0,0.0,42
2023-05-09 21:19:45,j2310,j2310,2132.5,0.0,0.0,0.0,1,2125.5,2158.0,1,2132.5,2137.5,0.0,0.0,0.0,0.0,42
2023-05-09 21:19:48,j2310,j2310,2132.5,0.0,0.0,0.0,1,2125.5,2157.5,1,2132.5,2137.5,0.0,0.0,0.0,0.0,42
2023-05-09 21:19:49,j2310,j2310,2132.5,0.0,0.0,0.0,1,2125.5,2157.0,1,2132.5,2137.5,0.0,0.0,0.0,0.0,42
2023-05-09 21:19:51,j2310,j2310,2132.5,0.0,0.0,0.0,1,2125.5,2156.5,1,2132.5,2137.5,0.0,0.0,0.0,0.0,42
2023-05-09 21:19:52,j2310,j2310,2132.5,0.0,0.0,0.0,1,2125.5,2156.0,1,2132.5,2137.5,0.0,0.0,0.0,0.0,42
2023-05-09 21:19:55,j2310,j2310,2132.5,0.0,0.0,0.0,1,2125.5,2155.5,1,2132.5,2137.5,0.0,0.0,0.0,0.0,42
2023-05-09 21:19:55,j2310,j2310,2132.5,0.0,0.0,0.0,1,2125.5,2155.0,1,2132.5,2137.5,0.0,0.0,0.0,0.0,42
2023-05-09 21:19:57,j2310,j2310,2132.5,0.0,0.0,0.0,1,2125.5,2154.5,1,2132.5,2137.5,0.0,0.0,0.0,0.0,42
2023-05-09 21:19:58,j2310,j2310,2132.5,0.0,0.0,0.0,1,2125.5,2154.0,1,2132.5,2137.5,0.0,0.0,0.0,0.0,42
2023-05-09 21:20:02,j2310,j2310,2132.5,0.0,0.0,0.0,1,2125.5,2153.5,1,2132.5,2137.5,0.0,0.0,0.0,0.0,42
2023-05-09 21:20:03,j2310,j2310,2132.5,0.0,0.0,0.0,1,2125.5,2153.0,1,2132.5,2137.5,0.0,0.0,0.0,0.0,42
2023-05-09 21:20:05,j2310,j2310,2132.5,0.0,0.0,0.0,1,2125.5,2152.5,2,2132.5,2137.5,0.0,0.0,0.0,0.0,42
2023-05-09 21:20:05,j2310,j2310,2132.5,0.0,0.0,0.0,1,2125.5,2152.0,1,2132.5,2137.5,0.0,0.0,0.0,0.0,42
2023-05-09 21:20:09,j2310,j2310,2132.5,0.0,0.0,0.0,1,2125.5,2151.5,1,2132.5,2137.5,0.0,0.0,0.0,0.0,42
2023-05-09 21:20:09,j2310,j2310,2132.5,0.0,0.0,0.0,1,2125.5,2151.0,1,2132.5,2137.5,0.0,0.0,0.0,0.0,42
2023-05-09 21:20:11,j2310,j2310,2132.5,0.0,0.0,0.0,1,2125.5,2150.5,1,2132.5,2137.5,0.0,0.0,0.0,0.0,42
2023-05-09 21:20:12,j2310,j2310,2132.5,0.0,0.0,0.0,1,2125.5,2150.0,1,2132.5,2137.5,0.0,0.0,0.0,0.0,42
2023-05-09 21:20:15,j2310,j2310,2132.5,0.0,0.0,0.0,1,2125.5,2149.5,1,2132.5,2137.5,0.0,0.0,0.0,0.0,42
2023-05-09 21:20:16,j2310,j2310,2132.5,0.0,0.0,0.0,1,2125.5,2149.0,1,2132.5,2137.5,0.0,0.0,0.0,0.0,42
2023-05-09 21:20:18,j2310,j2310,2132.5,0.0,0.0,0.0,1,2125.5,2148.5,1,2132.5,2137.5,0.0,0.0,0.0,0.0,42
2023-05-09 21:20:19,j2310,j2310,2132.5,0.0,0.0,0.0,1,2125.5,2148.0,1,2132.5,2137.5,0.0,0.0,0.0,0.0,42
2023-05-09 21:20:46,j2310,j2310,2132.5,0.0,0.0,0.0,1,2125.5,2160.5,2,2132.5,2137.5,0.0,0.0,0.0,0.0,42
2023-05-09 21:20:46,j2310,j2310,2132.5,0.0,0.0,0.0,1,2125.5,2160.0,1,2132.5,2137.5,0.0,0.0,0.0,0.0,42
2023-05-09 21:20:47,j2310,j2310,2132.5,0.0,0.0,0.0,1,2127.0,2160.0,1,2132.5,2137.5,0.0,0.0,0.0,0.0,42
2023-05-09 21:20:48,j2310,j2310,2132.5,0.0,0.0,0.0,1,2131.0,2159.5,2,2132.5,2137.5,0.0,0.0,0.0,0.0,42
2023-05-09 21:20:48,j2310,j2310,2132.5,0.0,0.0,0.0,1,2131.0,2159.0,1,2132.5,2137.5,0.0,0.0,0.0,0.0,42
2023-05-09 21:21:04,j2310,j2310,2132.5,0.0,0.0,0.0,1,2086.0,2159.0,1,2132.5,2137.5,0.0,0.0,0.0,0.0,42
2023-05-09 21:21:05,j2310,j2310,2132.5,0.0,0.0,0.0,1,2130.0,2159.0,1,2132.5,2137.5,0.0,0.0,0.0,0.0,42
2023-05-09 21:21:05,j2310,j2310,2132.5,0.0,0.0,0.0,1,2086.0,2159.0,1,2132.5,2137.5,0.0,0.0,0.0,0.0,42
2023-05-09 21:21:06,j2310,j2310,2132.5,0.0,0.0,0.0,1,2128.0,2159.0,1,2132.5,2137.5,0.0,0.0,0.0,0.0,42
2023-05-09 21:21:14,j2310,j2310,2132.5,0.0,0.0,0.0,1,2087.5,2159.0,1,2132.5,2137.5,0.0,0.0,0.0,0.0,42
2023-05-09 21:21:14,j2310,j2310,2132.5,0.0,0.0,0.0,1,2128.5,2159.0,1,2132.5,2137.5,0.0,0.0,0.0,0.0,42
2023-05-09 21:21:15,j2310,j2310,2132.5,0.0,0.0,0.0,1,2087.5,2159.0,1,2132.5,2137.5,0.0,0.0,0.0,0.0,42
2023-05-09 21:21:15,j2310,j2310,2132.5,0.0,0.0,0.0,1,2128.0,2159.0,1,2132.5,2137.5,0.0,0.0,0.0,0.0,42
2023-05-09 21:21:24,j2310,j2310,2132.5,0.0,0.0,0.0,1,2087.5,2159.0,1,2132.5,2137.5,0.0,0.0,0.0,0.0,42
2023-05-09 21:21:25,j2310,j2310,2132.5,0.0,0.0,0.0,1,2127.5,2159.0,1,2132.5,2137.5,0.0,0.0,0.0,0.0,42
2023-05-09 21:21:27,j2310,j2310,2132.5,0.0,0.0,0.0,1,2087.5,2159.0,1,2132.5,2137.5,0.0,0.0,0.0,0.0,42
2023-05-09 21:21:27,j2310,j2310,2132.5,0.0,0.0,0.0,1,2127.0,2159.0,1,2132.5,2137.5,0.0,0.0,0.0,0.0,42
2023-05-09 21:21:31,j2310,j2310,2132.5,0.0,0.0,0.0,1,2127.0,2158.5,2,2132.5,2137.5,0.0,0.0,0.0,0.0,42
2023-05-09 21:21:31,j2310,j2310,2132.5,0.0,0.0,0.0,1,2127.0,2158.0,1,2132.5,2137.5,0.0,0.0,0.0,0.0,42
2023-05-09 21:21:36,j2310,j2310,2132.5,0.0,0.0,0.0,1,2087.5,2158.0,1,2132.5,2137.5,0.0,0.0,0.0,0.0,42
2023-05-09 21:21:36,j2310,j2310,2132.5,0.0,0.0,0.0,1,2126.0,2158.0,1,2132.5,2137.5,0.0,0.0,0.0,0.0,42
2023-05-09 21:21:38,j2310,j2310,2132.5,0.0,0.0,0.0,1,2087.5,2158.0,1,2132.5,2137.5,0.0,0.0,0.0,0.0,42
2023-05-09 21:21:39,j2310,j2310,2132.5,0.0,0.0,0.0,1,2126.5,2158.0,1,2132.5,2137.5,0.0,0.0,0.0,0.0,42
2023-05-09 21:21:39,j2310,j2310,2132.5,0.0,0.0,0.0,1,2087.5,2158.0,1,2132.5,2137.5,0.0,0.0,0.0,0.0,42
2023-05-09 21:21:40,j2310,j2310,2132.5,0.0,0.0,0.0,1,2126.5,2158.0,1,2132.5,2137.5,0.0,0.0,0.0,0.0,42
2023-05-09 21:21:51,j2310,j2310,2132.5,0.0,0.0,0.0,1,2087.5,2158.0,1,2132.5,2137.5,0.0,0.0,0.0,0.0,42
2023-05-09 21:21:51,j2310,j2310,2132.5,0.0,0.0,0.0,1,2126.0,2158.0,1,2132.5,2137.5,0.0,0.0,0.0,0.0,42
2023-05-09 21:21:53,j2310,j2310,2132.5,0.0,0.0,0.0,1,2087.5,2158.0,1,2132.5,2137.5,0.0,0.0,0.0,0.0,42
2023-05-09 21:21:53,j2310,j2310,2132.5,0.0,0.0,0.0,1,2125.5,2158.0,1,2132.5,2137.5,0.0,0.0,0.0,0.0,42
2023-05-09 21:22:10,j2310,j2310,2132.5,0.0,0.0,0.0,1,2087.5,2155.0,2,2132.5,2137.5,0.0,0.0,0.0,0.0,42
2023-05-09 21:22:11,j2310,j2310,2132.5,0.0,0.0,0.0,1,2125.0,2154.5,1,2132.5,2137.5,0.0,0.0,0.0,0.0,42
2023-05-09 21:22:11,j2310,j2310,2132.5,0.0,0.0,0.0,1,2087.5,2154.5,1,2132.5,2137.5,0.0,0.0,0.0,0.0,42
2023-05-09 21:22:11,j2310,j2310,2132.5,0.0,0.0,0.0,1,2124.0,2154.5,1,2132.5,2137.5,0.0,0.0,0.0,0.0,42
2023-05-09 21:22:12,j2310,j2310,2132.5,0.0,0.0,0.0,1,2087.5,2154.5,1,2132.5,2137.5,0.0,0.0,0.0,0.0,42
2023-05-09 21:22:13,j2310,j2310,2132.5,0.0,0.0,0.0,1,2123.0,2154.5,1,2132.5,2137.5,0.0,0.0,0.0,0.0,42
2023-05-09 21:22:13,j2310,j2310,2132.5,0.0,0.0,0.0,1,2123.0,2154.0,2,2132.5,2137.5,0.0,0.0,0.0,0.0,42
2023-05-09 21:22:14,j2310,j2310,2132.5,0.0,0.0,0.0,1,2123.0,2153.5,1,2132.5,2137.5,0.0,0.0,0.0,0.0,42
2023-05-09 21:22:24,j2310,j2310,2132.5,0.0,0.0,0.0,1,2087.5,2153.5,1,2132.5,2137.5,0.0,0.0,0.0,0.0,42
2023-05-09 21:22:24,j2310,j2310,2132.5,0.0,0.0,0.0,1,2122.5,2153.5,1,2132.5,2137.5,0.0,0.0,0.0,0.0,42
2023-05-09 21:22:56,j2310,j2310,2132.5,0.0,0.0,0.0,1,2122.5,2153.0,2,2132.5,2137.5,0.0,0.0,0.0,0.0,42
2023-05-09 21:22:57,j2310,j2310,2132.5,0.0,0.0,0.0,1,2122.5,2152.5,1,2132.5,2137.5,0.0,0.0,0.0,0.0,42
2023-05-09 21:23:12,j2310,j2310,2132.5,0.0,0.0,0.0,1,2122.5,2152.0,1,2132.5,2137.5,0.0,0.0,0.0,0.0,42
2023-05-09 21:23:13,j2310,j2310,2132.5,0.0,0.0,0.0,1,2122.5,2151.5,1,2132.5,2137.5,0.0,0.0,0.0,0.0,42
2023-05-09 21:23:16,j2310,j2310,2132.5,0.0,0.0,0.0,1,2122.5,2151.0,1,2132.5,2137.5,0.0,0.0,0.0,0.0,42
2023-05-09 21:23:16,j2310,j2310,2132.5,0.0,0.0,0.0,1,2122.5,2150.5,1,2132.5,2137.5,0.0,0.0,0.0,0.0,42
2023-05-09 21:23:19,j2310,j2310,2132.5,0.0,0.0,0.0,1,2122.5,2150.0,1,2132.5,2137.5,0.0,0.0,0.0,0.0,42
2023-05-09 21:23:20,j2310,j2310,2132.5,0.0,0.0,0.0,1,2122.5,2149.5,1,2132.5,2137.5,0.0,0.0,0.0,0.0,42
2023-05-09 21:23:23,j2310,j2310,2132.5,0.0,0.0,0.0,1,2122.5,2149.0,1,2132.5,2137.5,0.0,0.0,0.0,0.0,42
2023-05-09 21:23:24,j2310,j2310,2132.5,0.0,0.0,0.0,1,2122.5,2148.5,1,2132.5,2137.5,0.0,0.0,0.0,0.0,42
2023-05-09 21:23:26,j2310,j2310,2132.5,0.0,0.0,0.0,1,2122.5,2148.0,1,2132.5,2137.5,0.0,0.0,0.0,0.0,42
2023-05-09 21:23:27,j2310,j2310,2132.5,0.0,0.0,0.0,1,2122.5,2147.5,1,2132.5,2137.5,0.0,0.0,0.0,0.0,42
2023-05-09 21:23:29,j2310,j2310,2132.5,0.0,0.0,0.0,1,2122.5,2147.0,1,2132.5,2137.5,0.0,0.0,0.0,0.0,42
2023-05-09 21:23:29,j2310,j2310,2132.5,0.0,0.0,0.0,1,2122.5,2146.5,1,2132.5,2137.5,0.0,0.0,0.0,0.0,42
2023-05-09 21:23:32,j2310,j2310,2132.5,0.0,0.0,0.0,1,2122.5,2146.0,1,2132.5,2137.5,0.0,0.0,0.0,0.0,42
2023-05-09 21:23:33,j2310,j2310,2132.5,0.0,0.0,0.0,1,2122.5,2145.5,1,2132.5,2137.5,0.0,0.0,0.0,0.0,42
2023-05-09 21:23:35,j2310,j2310,2132.5,0.0,0.0,0.0,1,2122.5,2145.0,1,2132.5,2137.5,0.0,0.0,0.0,0.0,42
2023-05-09 21:23:36,j2310,j2310,2132.5,0.0,0.0,0.0,1,2122.5,2144.5,1,2132.5,2137.5,0.0,0.0,0.0,0.0,42
2023-05-09 21:23:38,j2310,j2310,2132.5,0.0,0.0,0.0,1,2122.5,2144.0,1,2132.5,2137.5,0.0,0.0,0.0,0.0,42
2023-05-09 21:23:39,j2310,j2310,2132.5,0.0,0.0,0.0,1,2122.5,2144.0,2,2132.5,2137.5,0.0,0.0,0.0,0.0,42
2023-05-09 21:23:40,j2310,j2310,2132.5,0.0,0.0,0.0,1,2122.5,2144.0,4,2132.5,2137.5,0.0,0.0,0.0,0.0,42
2023-05-09 21:23:40,j2310,j2310,2132.5,0.0,0.0,0.0,1,2087.5,2143.5,1,2132.5,2137.5,0.0,0.0,0.0,0.0,42
2023-05-09 21:23:40,j2310,j2310,2132.5,0.0,0.0,0.0,1,2122.0,2143.5,1,2132.5,2137.5,0.0,0.0,0.0,0.0,42
2023-05-09 21:23:41,j2310,j2310,2132.5,0.0,0.0,0.0,1,2122.0,2143.0,1,2132.5,2137.5,0.0,0.0,0.0,0.0,42
2023-05-09 21:23:47,j2310,j2310,2132.5,0.0,0.0,0.0,1,2087.5,2143.0,1,2132.5,2137.5,0.0,0.0,0.0,0.0,42
2023-05-09 21:23:48,j2310,j2310,2132.5,0.0,0.0,0.0,1,2121.5,2143.0,2,2132.5,2137.5,0.0,0.0,0.0,0.0,42
2023-05-09 21:23:50,j2310,j2310,2132.5,0.0,0.0,0.0,1,2121.5,2143.0,1,2132.5,2137.5,0.0,0.0,0.0,0.0,42
2023-05-09 21:24:14,j2310,j2310,2132.5,0.0,0.0,0.0,1,2121.5,2143.0,2,2132.5,2137.5,0.0,0.0,0.0,0.0,42
2023-05-09 21:24:15,j2310,j2310,2132.5,0.0,0.0,0.0,1,2121.5,2143.0,1,2132.5,2137.5,0.0,0.0,0.0,0.0,42
2023-05-09 21:24:15,j2310,j2310,2132.5,0.0,0.0,0.0,1,2121.5,2142.5,1,2132.5,2137.5,0.0,0.0,0.0,0.0,42
2023-05-09 21:24:16,j2310,j2310,2132.5,0.0,0.0,0.0,1,2121.5,2142.0,1,2132.5,2137.5,0.0,0.0,0.0,0.0,42
2023-05-09 21:24:17,j2310,j2310,2132.5,0.0,0.0,0.0,1,2121.5,2141.5,1,2132.5,2137.5,0.0,0.0,0.0,0.0,42
2023-05-09 21:24:17,j2310,j2310,2132.5,0.0,0.0,0.0,1,2087.5,2141.5,1,2132.5,2137.5,0.0,0.0,0.0,0.0,42
2023-05-09 21:24:18,j2310,j2310,2132.5,0.0,0.0,0.0,1,2122.0,2141.5,1,2132.5,2137.5,0.0,0.0,0.0,0.0,42
2023-05-09 21:24:18,j2310,j2310,2132.5,0.0,0.0,0.0,1,2087.5,2141.5,1,2132.5,2137.5,0.0,0.0,0.0,0.0,42
2023-05-09 21:24:19,j2310,j2310,2132.5,0.0,0.0,0.0,1,2121.0,2141.5,1,2132.5,2137.5,0.0,0.0,0.0,0.0,42
2023-05-09 21:24:19,j2310,j2310,2132.5,0.0,0.0,0.0,1,2121.0,2141.0,1,2132.5,2137.5,0.0,0.0,0.0,0.0,42
2023-05-09 21:24:20,j2310,j2310,2132.5,0.0,0.0,0.0,1,2121.0,2140.5,1,2132.5,2137.5,0.0,0.0,0.0,0.0,42
2023-05-09 21:24:23,j2310,j2310,2132.5,0.0,0.0,0.0,1,2087.5,2140.0,3,2132.5,2137.5,0.0,0.0,0.0,0.0,42
2023-05-09 21:24:23,j2310,j2310,2132.5,0.0,0.0,0.0,1,2120.5,2139.5,1,2132.5,2137.5,0.0,0.0,0.0,0.0,42
2023-05-09 21:24:25,j2310,j2310,2132.5,0.0,0.0,0.0,1,2087.5,2139.5,1,2132.5,2137.5,0.0,0.0,0.0,0.0,42
2023-05-09 21:24:25,j2310,j2310,2132.5,0.0,0.0,0.0,1,2120.0,2139.0,1,2132.5,2137.5,0.0,0.0,0.0,0.0,42
2023-05-09 21:24:26,j2310,j2310,2132.5,0.0,0.0,0.0,1,2120.0,2138.5,1,2132.5,2137.5,0.0,0.0,0.0,0.0,42
2023-05-09 21:24:28,j2310,j2310,2132.5,0.0,0.0,0.0,1,2120.0,2140.0,2,2132.5,2137.5,0.0,0.0,0.0,0.0,42
2023-05-09 21:24:28,j2310,j2310,2132.5,0.0,0.0,0.0,1,2120.0,2139.5,2,2132.5,2137.5,0.0,0.0,0.0,0.0,42
2023-05-09 21:24:39,j2310,j2310,2132.5,0.0,0.0,0.0,1,2087.5,2139.5,2,2132.5,2137.5,0.0,0.0,0.0,0.0,42
2023-05-09 21:24:40,j2310,j2310,2132.5,0.0,0.0,0.0,1,2119.5,2139.5,2,2132.5,2137.5,0.0,0.0,0.0,0.0,42
2023-05-09 21:24:42,j2310,j2310,2132.5,0.0,0.0,0.0,1,2087.5,2139.5,2,2132.5,2137.5,0.0,0.0,0.0,0.0,42
2023-05-09 21:24:43,j2310,j2310,2132.5,0.0,0.0,0.0,1,2119.0,2139.5,2,2132.5,2137.5,0.0,0.0,0.0,0.0,42
2023-05-09 21:24:45,j2310,j2310,2132.5,0.0,0.0,0.0,1,2087.5,2139.5,2,2132.5,2137.5,0.0,0.0,0.0,0.0,42
2023-05-09 21:24:46,j2310,j2310,2132.5,0.0,0.0,0.0,1,2118.5,2139.5,2,2132.5,2137.5,0.0,0.0,0.0,0.0,42
2023-05-09 21:24:50,j2310,j2310,2132.5,0.0,0.0,0.0,1,2087.5,2139.5,2,2132.5,2137.5,0.0,0.0,0.0,0.0,42
2023-05-09 21:24:50,j2310,j2310,2132.5,0.0,0.0,0.0,1,2118.0,2139.5,2,2132.5,2137.5,0.0,0.0,0.0,0.0,42
2023-05-09 21:24:51,j2310,j2310,2132.5,0.0,0.0,0.0,1,2087.5,2139.5,2,2132.5,2137.5,0.0,0.0,0.0,0.0,42
2023-05-09 21:24:51,j2310,j2310,2132.5,0.0,0.0,0.0,1,2117.0,2139.5,2,2132.5,2137.5,0.0,0.0,0.0,0.0,42
2023-05-09 21:25:06,j2310,j2310,2132.5,0.0,0.0,0.0,1,2117.0,2139.0,2,2132.5,2137.5,0.0,0.0,0.0,0.0,42
2023-05-09 21:25:06,j2310,j2310,2132.5,0.0,0.0,0.0,1,2117.0,2138.5,1,2132.5,2137.5,0.0,0.0,0.0,0.0,42
2023-05-09 21:25:06,j2310,j2310,2132.5,0.0,0.0,0.0,1,2117.0,2138.5,2,2132.5,2137.5,0.0,0.0,0.0,0.0,42
2023-05-09 21:25:08,j2310,j2310,2132.5,0.0,0.0,0.0,1,2117.0,2138.5,1,2132.5,2137.5,0.0,0.0,0.0,0.0,42
2023-05-09 21:25:10,j2310,j2310,2132.5,0.0,0.0,0.0,1,2117.0,2138.5,2,2132.5,2137.5,0.0,0.0,0.0,0.0,42
2023-05-09 21:25:10,j2310,j2310,2132.5,0.0,0.0,0.0,1,2117.0,2138.5,1,2132.5,2137.5,0.0,0.0,0.0,0.0,42
2023-05-09 21:25:12,j2310,j2310,2132.5,0.0,0.0,0.0,1,2117.0,2138.0,1,2132.5,2137.5,0.0,0.0,0.0,0.0,42
2023-05-09 21:25:13,j2310,j2310,2132.5,0.0,0.0,0.0,1,2117.0,2137.5,1,2132.5,2137.5,0.0,0.0,0.0,0.0,42
2023-05-09 21:25:26,j2310,j2310,2137.5,1.0,213750.0,-1.0,1,2117.0,2139.0,2,2132.5,2137.5,2137.5,2137.5,1.0,213750.0,41
2023-05-09 21:25:26,j2310,j2310,2137.5,0.0,0.0,0.0,1,2117.0,2138.5,1,2132.5,2137.5,2137.5,2137.5,1.0,213750.0,41
2023-05-09 21:25:33,j2310,j2310,2138.5,1.0,213850.0,-1.0,2,2117.0,2139.0,2,2132.5,2137.5,2138.5,2137.5,2.0,427600.0,40
2023-05-09 21:25:39,j2310,j2310,2138.5,0.0,0.0,0.0,1,2117.5,2139.0,2,2132.5,2137.5,2138.5,2137.5,2.0,427600.0,40
2023-05-09 21:25:40,j2310,j2310,2139.0,2.0,427800.0,-2.0,1,2120.5,2155.0,2,2132.5,2137.5,2139.0,2137.5,4.0,855400.0,38
2023-05-09 21:25:43,j2310,j2310,2139.0,0.0,0.0,0.0,1,2121.0,2155.0,2,2132.5,2137.5,2139.0,2137.5,4.0,855400.0,38
2023-05-09 21:25:47,j2310,j2310,2139.0,0.0,0.0,0.0,2,2121.0,2155.0,2,2132.5,2137.5,2139.0,2137.5,4.0,855400.0,38
2023-05-09 21:25:49,j2310,j2310,2139.0,0.0,0.0,0.0,2,2121.0,2154.5,2,2132.5,2137.5,2139.0,2137.5,4.0,855400.0,38
2023-05-09 21:25:49,j2310,j2310,2139.0,0.0,0.0,0.0,2,2121.0,2151.5,2,2132.5,2137.5,2139.0,2137.5,4.0,855400.0,38
2023-05-09 21:25:51,j2310,j2310,2139.0,0.0,0.0,0.0,3,2121.0,2151.5,2,2132.5,2137.5,2139.0,2137.5,4.0,855400.0,38
2023-05-09 21:25:54,j2310,j2310,2139.0,0.0,0.0,0.0,2,2121.0,2151.5,2,2132.5,2137.5,2139.0,2137.5,4.0,855400.0,38
2023-05-09 21:25:59,j2310,j2310,2139.0,0.0,0.0,0.0,3,2121.0,2151.5,2,2132.5,2137.5,2139.0,2137.5,4.0,855400.0,38
2023-05-09 21:26:01,j2310,j2310,2139.0,0.0,0.0,0.0,2,2121.0,2151.5,2,2132.5,2137.5,2139.0,2137.5,4.0,855400.0,38
2023-05-09 21:26:06,j2310,j2310,2139.0,0.0,0.0,0.0,3,2121.0,2151.5,2,2132.5,2137.5,2139.0,2137.5,4.0,855400.0,38
2023-05-09 21:26:08,j2310,j2310,2139.0,0.0,0.0,0.0,2,2121.0,2151.5,2,2132.5,2137.5,2139.0,2137.5,4.0,855400.0,38
2023-05-09 21:26:15,j2310,j2310,2139.0,0.0,0.0,0.0,3,2121.0,2151.5,2,2132.5,2137.5,2139.0,2137.5,4.0,855400.0,38
2023-05-09 21:26:30,j2310,j2310,2139.0,0.0,0.0,0.0,2,2121.0,2151.5,2,2132.5,2137.5,2139.0,2137.5,4.0,855400.0,38
2023-05-09 21:26:31,j2310,j2310,2139.0,0.0,0.0,0.0,2,2121.0,2151.0,2,2132.5,2137.5,2139.0,2137.5,4.0,855400.0,38
2023-05-09 21:26:37,j2310,j2310,2139.0,0.0,0.0,0.0,3,2121.0,2151.0,2,2132.5,2137.5,2139.0,2137.5,4.0,855400.0,38
2023-05-09 21:26:38,j2310,j2310,2139.0,0.0,0.0,0.0,2,2121.0,2151.0,2,2132.5,2137.5,2139.0,2137.5,4.0,855400.0,38
2023-05-09 21:27:00,j2310,j2310,2139.0,0.0,0.0,0.0,3,2121.0,2151.0,2,2132.5,2137.5,2139.0,2137.5,4.0,855400.0,38
2023-05-09 21:27:00,j2310,j2310,2139.0,0.0,0.0,0.0,2,2121.0,2151.0,2,2132.5,2137.5,2139.0,2137.5,4.0,855400.0,38
2023-05-09 21:27:01,j2310,j2310,2139.0,0.0,0.0,0.0,3,2121.0,2151.0,2,2132.5,2137.5,2139.0,2137.5,4.0,855400.0,38
2023-05-09 21:27:09,j2310,j2310,2139.0,0.0,0.0,0.0,4,2121.0,2151.0,2,2132.5,2137.5,2139.0,2137.5,4.0,855400.0,38
2023-05-09 21:27:10,j2310,j2310,2139.0,0.0,0.0,0.0,3,2121.0,2151.0,2,2132.5,2137.5,2139.0,2137.5,4.0,855400.0,38
2023-05-09 21:27:13,j2310,j2310,2139.0,0.0,0.0,0.0,4,2121.0,2151.0,2,2132.5,2137.5,2139.0,2137.5,4.0,855400.0,38
2023-05-09 21:27:15,j2310,j2310,2139.0,0.0,0.0,0.0,1,2121.5,2151.0,2,2132.5,2137.5,2139.0,2137.5,4.0,855400.0,38
2023-05-09 21:27:16,j2310,j2310,2139.0,0.0,0.0,0.0,1,2122.5,2151.0,2,2132.5,2137.5,2139.0,2137.5,4.0,855400.0,38
2023-05-09 21:27:19,j2310,j2310,2139.0,0.0,0.0,0.0,2,2121.0,2151.0,2,2132.5,2137.5,2139.0,2137.5,4.0,855400.0,38
2023-05-09 21:27:19,j2310,j2310,2139.0,0.0,0.0,0.0,1,2122.0,2151.0,2,2132.5,2137.5,2139.0,2137.5,4.0,855400.0,38
2023-05-09 21:27:27,j2310,j2310,2139.0,0.0,0.0,0.0,2,2122.0,2151.0,2,2132.5,2137.5,2139.0,2137.5,4.0,855400.0,38
2023-05-09 21:27:28,j2310,j2310,2139.0,0.0,0.0,0.0,1,2122.5,2151.0,2,2132.5,2137.5,2139.0,2137.5,4.0,855400.0,38
2023-05-09 21:27:28,j2310,j2310,2139.0,0.0,0.0,0.0,1,2123.5,2151.0,2,2132.5,2137.5,2139.0,2137.5,4.0,855400.0,38
2023-05-09 21:27:39,j2310,j2310,2139.0,0.0,0.0,0.0,1,2121.0,2151.0,2,2132.5,2137.5,2139.0,2137.5,4.0,855400.0,38
2023-05-09 21:27:40,j2310,j2310,2139.0,0.0,0.0,0.0,1,2122.5,2151.0,2,2132.5,2137.5,2139.0,2137.5,4.0,855400.0,38
2023-05-09 21:27:41,j2310,j2310,2139.0,0.0,0.0,0.0,1,2121.0,2151.0,2,2132.5,2137.5,2139.0,2137.5,4.0,855400.0,38
2023-05-09 21:27:41,j2310,j2310,2139.0,0.0,0.0,0.0,1,2122.5,2151.0,2,2132.5,2137.5,2139.0,2137.5,4.0,855400.0,38
2023-05-09 21:27:46,j2310,j2310,2139.0,0.0,0.0,0.0,1,2121.0,2151.0,2,2132.5,2137.5,2139.0,2137.5,4.0,855400.0,38
2023-05-09 21:27:47,j2310,j2310,2139.0,0.0,0.0,0.0,1,2121.5,2151.0,2,2132.5,2137.5,2139.0,2137.5,4.0,855400.0,38
2023-05-09 21:27:48,j2310,j2310,2139.0,0.0,0.0,0.0,2,2121.5,2151.0,2,2132.5,2137.5,2139.0,2137.5,4.0,855400.0,38
2023-05-09 21:27:52,j2310,j2310,2139.0,0.0,0.0,0.0,1,2122.0,2151.0,2,2132.5,2137.5,2139.0,2137.5,4.0,855400.0,38
2023-05-09 21:27:52,j2310,j2310,2139.0,0.0,0.0,0.0,1,2123.0,2151.0,2,2132.5,2137.5,2139.0,2137.5,4.0,855400.0,38
2023-05-09 21:28:04,j2310,j2310,2139.0,0.0,0.0,0.0,1,2121.0,2151.0,2,2132.5,2137.5,2139.0,2137.5,4.0,855400.0,38
2023-05-09 21:28:04,j2310,j2310,2139.0,0.0,0.0,0.0,1,2122.5,2151.0,2,2132.5,2137.5,2139.0,2137.5,4.0,855400.0,38
2023-05-09 21:28:07,j2310,j2310,2139.0,0.0,0.0,0.0,1,2121.0,2151.0,2,2132.5,2137.5,2139.0,2137.5,4.0,855400.0,38
2023-05-09 21:28:07,j2310,j2310,2139.0,0.0,0.0,0.0,1,2122.0,2151.0,2,2132.5,2137.5,2139.0,2137.5,4.0,855400.0,38
2023-05-09 21:28:10,j2310,j2310,2139.0,0.0,0.0,0.0,1,2121.0,2151.0,2,2132.5,2137.5,2139.0,2137.5,4.0,855400.0,38
2023-05-09 21:28:11,j2310,j2310,2139.0,0.0,0.0,0.0,1,2121.5,2151.0,2,2132.5,2137.5,2139.0,2137.5,4.0,855400.0,38
2023-05-09 21:28:17,j2310,j2310,2139.0,0.0,0.0,0.0,1,2122.0,2151.0,2,2132.5,2137.5,2139.0,2137.5,4.0,855400.0,38
2023-05-09 21:28:17,j2310,j2310,2139.0,0.0,0.0,0.0,2,2122.0,2151.0,2,2132.5,2137.5,2139.0,2137.5,4.0,855400.0,38
2023-05-09 21:28:18,j2310,j2310,2139.0,0.0,0.0,0.0,1,2122.0,2151.0,2,2132.5,2137.5,2139.0,2137.5,4.0,855400.0,38
2023-05-09 21:28:25,j2310,j2310,2139.0,0.0,0.0,0.0,3,2122.0,2151.0,2,2132.5,2137.5,2139.0,2137.5,4.0,855400.0,38
2023-05-09 21:29:07,j2310,j2310,2139.0,0.0,0.0,0.0,2,2122.0,2151.0,2,2132.5,2137.5,2139.0,2137.5,4.0,855400.0,38
2023-05-09 21:29:32,j2310,j2310,2139.0,0.0,0.0,0.0,2,2122.5,2151.0,2,2132.5,2137.5,2139.0,2137.5,4.0,855400.0,38
2023-05-09 21:29:33,j2310,j2310,2139.0,0.0,0.0,0.0,1,2123.0,2151.0,2,2132.5,2137.5,2139.0,2137.5,4.0,855400.0,38
2023-05-09 21:29:36,j2310,j2310,2139.0,0.0,0.0,0.0,2,2123.5,2151.0,2,2132.5,2137.5,2139.0,2137.5,4.0,855400.0,38
2023-05-09 21:29:41,j2310,j2310,2139.0,0.0,0.0,0.0,3,2123.5,2151.0,2,2132.5,2137.5,2139.0,2137.5,4.0,855400.0,38
2023-05-09 21:29:44,j2310,j2310,2139.0,0.0,0.0,0.0,1,2124.0,2151.0,2,2132.5,2137.5,2139.0,2137.5,4.0,855400.0,38
2023-05-09 21:29:46,j2310,j2310,2139.0,0.0,0.0,0.0,2,2124.5,2151.0,2,2132.5,2137.5,2139.0,2137.5,4.0,855400.0,38
2023-05-09 21:30:00,j2310,j2310,2139.0,0.0,0.0,0.0,3,2124.5,2151.0,2,2132.5,2137.5,2139.0,2137.5,4.0,855400.0,38
2023-05-09 21:30:01,j2310,j2310,2139.0,0.0,0.0,0.0,2,2124.5,2151.0,2,2132.5,2137.5,2139.0,2137.5,4.0,855400.0,38
2023-05-09 21:30:02,j2310,j2310,2139.0,0.0,0.0,0.0,1,2087.5,2151.0,2,2132.5,2137.5,2139.0,2137.5,4.0,855400.0,38
2023-05-09 21:30:03,j2310,j2310,2139.0,0.0,0.0,0.0,1,2119.0,2202.0,2,2132.5,2137.5,2139.0,2137.5,4.0,855400.0,38
2023-05-09 21:30:04,j2310,j2310,2139.0,0.0,0.0,0.0,1,2119.5,2170.0,1,2132.5,2137.5,2139.0,2137.5,4.0,855400.0,38
2023-05-09 21:30:04,j2310,j2310,2139.0,0.0,0.0,0.0,2,2119.5,2167.0,2,2132.5,2137.5,2139.0,2137.5,4.0,855400.0,38
2023-05-09 21:30:05,j2310,j2310,2139.0,0.0,0.0,0.0,2,2119.5,2167.0,3,2132.5,2137.5,2139.0,2137.5,4.0,855400.0,38
2023-05-09 21:30:05,j2310,j2310,2139.0,0.0,0.0,0.0,2,2119.5,2166.5,2,2132.5,2137.5,2139.0,2137.5,4.0,855400.0,38
2023-05-09 21:30:06,j2310,j2310,2139.0,0.0,0.0,0.0,2,2119.5,2163.5,2,2132.5,2137.5,2139.0,2137.5,4.0,855400.0,38
2023-05-09 21:30:06,j2310,j2310,2139.0,0.0,0.0,0.0,2,2120.0,2163.5,2,2132.5,2137.5,2139.0,2137.5,4.0,855400.0,38
2023-05-09 21:30:07,j2310,j2310,2139.0,0.0,0.0,0.0,1,2120.5,2163.5,3,2132.5,2137.5,2139.0,2137.5,4.0,855400.0,38
2023-05-09 21:30:07,j2310,j2310,2139.0,0.0,0.0,0.0,2,2120.5,2163.5,3,2132.5,2137.5,2139.0,2137.5,4.0,855400.0,38
2023-05-09 21:30:08,j2310,j2310,2139.0,0.0,0.0,0.0,1,2120.5,2163.5,3,2132.5,2137.5,2139.0,2137.5,4.0,855400.0,38
2023-05-09 21:30:09,j2310,j2310,2139.0,0.0,0.0,0.0,2,2121.0,2163.5,3,2132.5,2137.5,2139.0,2137.5,4.0,855400.0,38
2023-05-09 21:30:10,j2310,j2310,2139.0,0.0,0.0,0.0,1,2121.5,2163.5,3,2132.5,2137.5,2139.0,2137.5,4.0,855400.0,38
2023-05-09 21:30:12,j2310,j2310,2139.0,0.0,0.0,0.0,2,2122.0,2163.5,3,2132.5,2137.5,2139.0,2137.5,4.0,855400.0,38
2023-05-09 21:30:13,j2310,j2310,2139.0,0.0,0.0,0.0,1,2122.5,2163.5,3,2132.5,2137.5,2139.0,2137.5,4.0,855400.0,38
2023-05-09 21:30:15,j2310,j2310,2139.0,0.0,0.0,0.0,2,2123.0,2163.5,3,2132.5,2137.5,2139.0,2137.5,4.0,855400.0,38
2023-05-09 21:30:16,j2310,j2310,2139.0,0.0,0.0,0.0,3,2123.0,2163.5,3,2132.5,2137.5,2139.0,2137.5,4.0,855400.0,38
2023-05-09 21:30:18,j2310,j2310,2139.0,0.0,0.0,0.0,2,2123.0,2163.5,3,2132.5,2137.5,2139.0,2137.5,4.0,855400.0,38
2023-05-09 21:30:27,j2310,j2310,2139.0,0.0,0.0,0.0,1,2087.5,2163.5,3,2132.5,2137.5,2139.0,2137.5,4.0,855400.0,38
2023-05-09 21:30:28,j2310,j2310,2139.0,0.0,0.0,0.0,1,2117.5,2163.5,3,2132.5,2137.5,2139.0,2137.5,4.0,855400.0,38
2023-05-09 21:30:28,j2310,j2310,2139.0,0.0,0.0,0.0,1,2118.0,2163.5,3,2132.5,2137.5,2139.0,2137.5,4.0,855400.0,38
2023-05-09 21:30:30,j2310,j2310,2139.0,0.0,0.0,0.0,1,2118.0,2163.0,2,2132.5,2137.5,2139.0,2137.5,4.0,855400.0,38
2023-05-09 21:30:31,j2310,j2310,2139.0,0.0,0.0,0.0,2,2118.5,2160.0,2,2132.5,2137.5,2139.0,2137.5,4.0,855400.0,38
2023-05-09 21:30:32,j2310,j2310,2139.0,0.0,0.0,0.0,1,2119.0,2160.0,2,2132.5,2137.5,2139.0,2137.5,4.0,855400.0,38
2023-05-09 21:30:32,j2310,j2310,2139.0,0.0,0.0,0.0,1,2119.0,2160.0,3,2132.5,2137.5,2139.0,2137.5,4.0,855400.0,38
2023-05-09 21:30:34,j2310,j2310,2139.0,0.0,0.0,0.0,2,2119.5,2160.0,3,2132.5,2137.5,2139.0,2137.5,4.0,855400.0,38
2023-05-09 21:30:35,j2310,j2310,2139.0,0.0,0.0,0.0,1,2120.0,2160.0,3,2132.5,2137.5,2139.0,2137.5,4.0,855400.0,38
2023-05-09 21:30:37,j2310,j2310,2139.0,0.0,0.0,0.0,2,2120.5,2160.0,3,2132.5,2137.5,2139.0,2137.5,4.0,855400.0,38
2023-05-09 21:30:45,j2310,j2310,2139.0,0.0,0.0,0.0,1,2087.5,2160.0,3,2132.5,2137.5,2139.0,2137.5,4.0,855400.0,38
2023-05-09 21:30:46,j2310,j2310,2139.0,0.0,0.0,0.0,1,2114.5,2160.0,3,2132.5,2137.5,2139.0,2137.5,4.0,855400.0,38
2023-05-09 21:30:47,j2310,j2310,2139.0,0.0,0.0,0.0,1,2115.0,2159.5,2,2132.5,2137.5,2139.0,2137.5,4.0,855400.0,38
2023-05-09 21:30:47,j2310,j2310,2139.0,0.0,0.0,0.0,1,2115.0,2156.5,2,2132.5,2137.5,2139.0,2137.5,4.0,855400.0,38
2023-05-09 21:30:48,j2310,j2310,2139.0,0.0,0.0,0.0,1,2115.0,2156.5,3,2132.5,2137.5,2139.0,2137.5,4.0,855400.0,38
2023-05-09 21:30:49,j2310,j2310,2139.0,0.0,0.0,0.0,2,2115.5,2156.5,3,2132.5,2137.5,2139.0,2137.5,4.0,855400.0,38
2023-05-09 21:30:50,j2310,j2310,2139.0,0.0,0.0,0.0,1,2116.0,2156.5,3,2132.5,2137.5,2139.0,2137.5,4.0,855400.0,38
2023-05-09 21:30:52,j2310,j2310,2139.0,0.0,0.0,0.0,2,2116.5,2156.5,3,2132.5,2137.5,2139.0,2137.5,4.0,855400.0,38
2023-05-09 21:30:53,j2310,j2310,2139.0,0.0,0.0,0.0,1,2117.0,2156.5,3,2132.5,2137.5,2139.0,2137.5,4.0,855400.0,38
2023-05-09 21:30:54,j2310,j2310,2139.0,0.0,0.0,0.0,2,2116.5,2156.5,3,2132.5,2137.5,2139.0,2137.5,4.0,855400.0,38
2023-05-09 21:30:54,j2310,j2310,2139.0,0.0,0.0,0.0,1,2116.5,2156.5,3,2132.5,2137.5,2139.0,2137.5,4.0,855400.0,38
2023-05-09 21:30:55,j2310,j2310,2139.0,0.0,0.0,0.0,2,2117.0,2156.5,3,2132.5,2137.5,2139.0,2137.5,4.0,855400.0,38
2023-05-09 21:31:09,j2310,j2310,2139.0,0.0,0.0,0.0,3,2117.0,2156.5,3,2132.5,2137.5,2139.0,2137.5,4.0,855400.0,38
2023-05-09 21:31:10,j2310,j2310,2139.0,0.0,0.0,0.0,1,2117.5,2156.5,2,2132.5,2137.5,2139.0,2137.5,4.0,855400.0,38
2023-05-09 21:31:11,j2310,j2310,2139.0,0.0,0.0,0.0,2,2118.0,2156.5,3,2132.5,2137.5,2139.0,2137.5,4.0,855400.0,38
2023-05-09 21:31:13,j2310,j2310,2139.0,0.0,0.0,0.0,3,2118.0,2156.5,3,2132.5,2137.5,2139.0,2137.5,4.0,855400.0,38
2023-05-09 21:31:14,j2310,j2310,2139.0,0.0,0.0,0.0,2,2118.0,2156.5,3,2132.5,2137.5,2139.0,2137.5,4.0,855400.0,38
2023-05-09 21:31:31,j2310,j2310,2139.0,0.0,0.0,0.0,2,2118.0,2156.0,2,2132.5,2137.5,2139.0,2137.5,4.0,855400.0,38
2023-05-09 21:31:31,j2310,j2310,2139.0,0.0,0.0,0.0,2,2118.0,2153.0,2,2132.5,2137.5,2139.0,2137.5,4.0,855400.0,38
2023-05-09 21:31:37,j2310,j2310,2139.0,0.0,0.0,0.0,3,2118.0,2153.0,2,2132.5,2137.5,2139.0,2137.5,4.0,855400.0,38
2023-05-09 21:31:41,j2310,j2310,2139.0,0.0,0.0,0.0,1,2118.5,2153.0,2,2132.5,2137.5,2139.0,2137.5,4.0,855400.0,38
2023-05-09 21:31:46,j2310,j2310,2139.0,0.0,0.0,0.0,2,2119.0,2153.0,2,2132.5,2137.5,2139.0,2137.5,4.0,855400.0,38
2023-05-09 21:31:53,j2310,j2310,2139.0,0.0,0.0,0.0,3,2119.0,2153.0,2,2132.5,2137.5,2139.0,2137.5,4.0,855400.0,38
2023-05-09 21:31:54,j2310,j2310,2139.0,0.0,0.0,0.0,2,2119.0,2153.0,2,2132.5,2137.5,2139.0,2137.5,4.0,855400.0,38
2023-05-09 21:32:05,j2310,j2310,2139.0,0.0,0.0,0.0,3,2119.0,2153.0,2,2132.5,2137.5,2139.0,2137.5,4.0,855400.0,38
2023-05-09 21:32:06,j2310,j2310,2139.0,0.0,0.0,0.0,2,2119.0,2153.0,2,2132.5,2137.5,2139.0,2137.5,4.0,855400.0,38
2023-05-09 21:32:14,j2310,j2310,2139.0,0.0,0.0,0.0,2,2119.0,2152.5,2,2132.5,2137.5,2139.0,2137.5,4.0,855400.0,38
2023-05-09 21:32:15,j2310,j2310,2139.0,0.0,0.0,0.0,2,2119.0,2149.5,2,2132.5,2137.5,2139.0,2137.5,4.0,855400.0,38
2023-05-09 21:32:30,j2310,j2310,2139.0,0.0,0.0,0.0,1,2086.0,2149.5,2,2132.5,2137.5,2139.0,2137.5,4.0,855400.0,38
2023-05-09 21:32:30,j2310,j2310,2139.0,0.0,0.0,0.0,1,2113.5,2149.5,2,2132.5,2137.5,2139.0,2137.5,4.0,855400.0,38
2023-05-09 21:32:31,j2310,j2310,2139.0,0.0,0.0,0.0,1,2114.0,2149.5,2,2132.5,2137.5,2139.0,2137.5,4.0,855400.0,38
2023-05-09 21:32:33,j2310,j2310,2139.0,0.0,0.0,0.0,2,2114.5,2149.5,2,2132.5,2137.5,2139.0,2137.5,4.0,855400.0,38
2023-05-09 21:32:34,j2310,j2310,2139.0,0.0,0.0,0.0,1,2115.0,2149.5,2,2132.5,2137.5,2139.0,2137.5,4.0,855400.0,38
2023-05-09 21:32:37,j2310,j2310,2139.0,0.0,0.0,0.0,2,2115.5,2149.5,2,2132.5,2137.5,2139.0,2137.5,4.0,855400.0,38
2023-05-09 21:32:37,j2310,j2310,2139.0,0.0,0.0,0.0,1,2116.0,2149.5,2,2132.5,2137.5,2139.0,2137.5,4.0,855400.0,38
2023-05-09 21:32:39,j2310,j2310,2139.0,0.0,0.0,0.0,2,2116.5,2149.5,2,2132.5,2137.5,2139.0,2137.5,4.0,855400.0,38
2023-05-09 21:32:46,j2310,j2310,2139.0,0.0,0.0,0.0,3,2116.5,2149.5,2,2132.5,2137.5,2139.0,2137.5,4.0,855400.0,38
2023-05-09 21:32:47,j2310,j2310,2139.0,0.0,0.0,0.0,2,2116.5,2149.5,2,2132.5,2137.5,2139.0,2137.5,4.0,855400.0,38
2023-05-09 21:32:48,j2310,j2310,2139.0,0.0,0.0,0.0,3,2116.5,2149.5,2,2132.5,2137.5,2139.0,2137.5,4.0,855400.0,38
2023-05-09 21:32:49,j2310,j2310,2139.0,0.0,0.0,0.0,1,2117.0,2149.5,2,2132.5,2137.5,2139.0,2137.5,4.0,855400.0,38
2023-05-09 21:32:49,j2310,j2310,2139.0,0.0,0.0,0.0,2,2117.5,2149.5,2,2132.5,2137.5,2139.0,2137.5,4.0,855400.0,38
2023-05-09 21:32:56,j2310,j2310,2139.0,0.0,0.0,0.0,3,2117.5,2149.5,2,2132.5,2137.5,2139.0,2137.5,4.0,855400.0,38
2023-05-09 21:32:57,j2310,j2310,2139.0,0.0,0.0,0.0,3,2117.5,2149.0,2,2132.5,2137.5,2139.0,2137.5,4.0,855400.0,38
2023-05-09 21:32:57,j2310,j2310,2139.0,0.0,0.0,0.0,3,2117.5,2146.0,2,2132.5,2137.5,2139.0,2137.5,4.0,855400.0,38
2023-05-09 21:32:58,j2310,j2310,2139.0,0.0,0.0,0.0,2,2117.5,2146.0,2,2132.5,2137.5,2139.0,2137.5,4.0,855400.0,38
2023-05-09 21:32:59,j2310,j2310,2139.0,0.0,0.0,0.0,3,2117.5,2146.0,2,2132.5,2137.5,2139.0,2137.5,4.0,855400.0,38
2023-05-09 21:33:00,j2310,j2310,2139.0,0.0,0.0,0.0,2,2117.5,2146.0,2,2132.5,2137.5,2139.0,2137.5,4.0,855400.0,38
2023-05-09 21:33:03,j2310,j2310,2139.0,0.0,0.0,0.0,3,2117.5,2146.0,2,2132.5,2137.5,2139.0,2137.5,4.0,855400.0,38
2023-05-09 21:33:06,j2310,j2310,2139.0,0.0,0.0,0.0,1,2118.0,2146.0,2,2132.5,2137.5,2139.0,2137.5,4.0,855400.0,38
2023-05-09 21:33:07,j2310,j2310,2139.0,0.0,0.0,0.0,2,2118.5,2146.0,2,2132.5,2137.5,2139.0,2137.5,4.0,855400.0,38
2023-05-09 21:33:07,j2310,j2310,2139.0,0.0,0.0,0.0,3,2118.5,2146.0,2,2132.5,2137.5,2139.0,2137.5,4.0,855400.0,38
2023-05-09 21:33:08,j2310,j2310,2139.0,0.0,0.0,0.0,1,2119.0,2146.0,2,2132.5,2137.5,2139.0,2137.5,4.0,855400.0,38
2023-05-09 21:33:10,j2310,j2310,2139.0,0.0,0.0,0.0,2,2119.5,2146.0,2,2132.5,2137.5,2139.0,2137.5,4.0,855400.0,38
2023-05-09 21:33:26,j2310,j2310,2139.0,0.0,0.0,0.0,1,2120.0,2146.0,2,2132.5,2137.5,2139.0,2137.5,4.0,855400.0,38
2023-05-09 21:33:27,j2310,j2310,2139.0,0.0,0.0,0.0,2,2120.5,2146.0,2,2132.5,2137.5,2139.0,2137.5,4.0,855400.0,38
2023-05-09 21:33:28,j2310,j2310,2139.0,0.0,0.0,0.0,1,2121.0,2146.0,2,2132.5,2137.5,2139.0,2137.5,4.0,855400.0,38
2023-05-09 21:33:30,j2310,j2310,2139.0,0.0,0.0,0.0,2,2121.5,2146.0,2,2132.5,2137.5,2139.0,2137.5,4.0,855400.0,38
2023-05-09 21:33:31,j2310,j2310,2139.0,0.0,0.0,0.0,1,2122.0,2146.0,2,2132.5,2137.5,2139.0,2137.5,4.0,855400.0,38
2023-05-09 21:33:35,j2310,j2310,2139.0,0.0,0.0,0.0,1,2122.0,2149.0,2,2132.5,2137.5,2139.0,2137.5,4.0,855400.0,38
2023-05-09 21:33:35,j2310,j2310,2139.0,0.0,0.0,0.0,3,2122.0,2149.0,2,2132.5,2137.5,2139.0,2137.5,4.0,855400.0,38
2023-05-09 21:33:38,j2310,j2310,2139.0,0.0,0.0,0.0,1,2122.0,2149.0,2,2132.5,2137.5,2139.0,2137.5,4.0,855400.0,38
2023-05-09 21:33:39,j2310,j2310,2139.0,0.0,0.0,0.0,2,2122.5,2149.0,2,2132.5,2137.5,2139.0,2137.5,4.0,855400.0,38
2023-05-09 21:33:40,j2310,j2310,2139.0,0.0,0.0,0.0,1,2123.0,2149.0,2,2132.5,2137.5,2139.0,2137.5,4.0,855400.0,38
2023-05-09 21:34:07,j2310,j2310,2139.0,0.0,0.0,0.0,2,2123.5,2149.0,2,2132.5,2137.5,2139.0,2137.5,4.0,855400.0,38
2023-05-09 21:34:08,j2310,j2310,2139.0,0.0,0.0,0.0,3,2123.5,2149.0,2,2132.5,2137.5,2139.0,2137.5,4.0,855400.0,38
2023-05-09 21:34:08,j2310,j2310,2139.0,0.0,0.0,0.0,1,2124.0,2149.0,2,2132.5,2137.5,2139.0,2137.5,4.0,855400.0,38
2023-05-09 21:34:08,j2310,j2310,2139.0,0.0,0.0,0.0,2,2123.5,2149.0,2,2132.5,2137.5,2139.0,2137.5,4.0,855400.0,38
2023-05-09 21:34:09,j2310,j2310,2139.0,0.0,0.0,0.0,1,2124.0,2149.0,2,2132.5,2137.5,2139.0,2137.5,4.0,855400.0,38
2023-05-09 21:34:10,j2310,j2310,2139.0,0.0,0.0,0.0,3,2124.5,2149.0,2,2132.5,2137.5,2139.0,2137.5,4.0,855400.0,38
2023-05-09 21:35:36,j2310,j2310,2139.0,0.0,0.0,0.0,4,2124.5,2149.0,2,2132.5,2137.5,2139.0,2137.5,4.0,855400.0,38
2023-05-09 21:35:42,j2310,j2310,2139.0,0.0,0.0,0.0,4,2124.5,2202.0,2,2132.5,2137.5,2139.0,2137.5,4.0,855400.0,38
2023-05-09 21:35:42,j2310,j2310,2139.0,0.0,0.0,0.0,4,2124.5,2201.5,3,2132.5,2137.5,2139.0,2137.5,4.0,855400.0,38
2023-05-09 21:35:43,j2310,j2310,2139.0,0.0,0.0,0.0,4,2124.5,2198.5,2,2132.5,2137.5,2139.0,2137.5,4.0,855400.0,38
2023-05-09 21:35:43,j2310,j2310,2139.0,0.0,0.0,0.0,4,2124.5,2198.5,3,2132.5,2137.5,2139.0,2137.5,4.0,855400.0,38
2023-05-09 21:35:44,j2310,j2310,2139.0,0.0,0.0,0.0,4,2124.5,2198.0,2,2132.5,2137.5,2139.0,2137.5,4.0,855400.0,38
2023-05-09 21:35:45,j2310,j2310,2139.0,0.0,0.0,0.0,4,2124.5,2195.0,2,2132.5,2137.5,2139.0,2137.5,4.0,855400.0,38
2023-05-09 21:35:45,j2310,j2310,2139.0,0.0,0.0,0.0,4,2124.5,2194.5,3,2132.5,2137.5,2139.0,2137.5,4.0,855400.0,38
2023-05-09 21:35:46,j2310,j2310,2139.0,0.0,0.0,0.0,4,2124.5,2191.5,2,2132.5,2137.5,2139.0,2137.5,4.0,855400.0,38
2023-05-09 21:35:47,j2310,j2310,2139.0,0.0,0.0,0.0,4,2124.5,2191.0,2,2132.5,2137.5,2139.0,2137.5,4.0,855400.0,38
2023-05-09 21:35:48,j2310,j2310,2139.0,0.0,0.0,0.0,4,2124.5,2188.0,2,2132.5,2137.5,2139.0,2137.5,4.0,855400.0,38
2023-05-09 21:35:48,j2310,j2310,2139.0,0.0,0.0,0.0,4,2124.5,2187.5,3,2132.5,2137.5,2139.0,2137.5,4.0,855400.0,38
2023-05-09 21:35:49,j2310,j2310,2139.0,0.0,0.0,0.0,4,2124.5,2184.5,2,2132.5,2137.5,2139.0,2137.5,4.0,855400.0,38
2023-05-09 21:35:50,j2310,j2310,2139.0,0.0,0.0,0.0,4,2124.5,2184.0,2,2132.5,2137.5,2139.0,2137.5,4.0,855400.0,38
2023-05-09 21:35:50,j2310,j2310,2139.0,0.0,0.0,0.0,4,2124.5,2181.0,2,2132.5,2137.5,2139.0,2137.5,4.0,855400.0,38
2023-05-09 21:35:51,j2310,j2310,2139.0,0.0,0.0,0.0,4,2124.5,2180.5,3,2132.5,2137.5,2139.0,2137.5,4.0,855400.0,38
2023-05-09 21:35:52,j2310,j2310,2139.0,0.0,0.0,0.0,4,2124.5,2177.5,2,2132.5,2137.5,2139.0,2137.5,4.0,855400.0,38
2023-05-09 21:35:53,j2310,j2310,2139.0,0.0,0.0,0.0,4,2124.5,2177.5,3,2132.5,2137.5,2139.0,2137.5,4.0,855400.0,38
2023-05-09 21:35:53,j2310,j2310,2139.0,0.0,0.0,0.0,4,2124.5,2177.0,2,2132.5,2137.5,2139.0,2137.5,4.0,855400.0,38
2023-05-09 21:35:53,j2310,j2310,2139.0,0.0,0.0,0.0,4,2124.5,2174.0,2,2132.5,2137.5,2139.0,2137.5,4.0,855400.0,38
2023-05-09 21:35:54,j2310,j2310,2139.0,0.0,0.0,0.0,4,2124.5,2173.5,2,2132.5,2137.5,2139.0,2137.5,4.0,855400.0,38
2023-05-09 21:35:55,j2310,j2310,2139.0,0.0,0.0,0.0,4,2124.5,2170.5,2,2132.5,2137.5,2139.0,2137.5,4.0,855400.0,38
2023-05-09 21:35:56,j2310,j2310,2139.0,0.0,0.0,0.0,4,2124.5,2170.5,3,2132.5,2137.5,2139.0,2137.5,4.0,855400.0,38
2023-05-09 21:35:58,j2310,j2310,2139.0,0.0,0.0,0.0,4,2124.5,2170.5,2,2132.5,2137.5,2139.0,2137.5,4.0,855400.0,38
2023-05-09 21:35:59,j2310,j2310,2139.0,0.0,0.0,0.0,4,2124.5,2170.5,3,2132.5,2137.5,2139.0,2137.5,4.0,855400.0,38
2023-05-09 21:36:00,j2310,j2310,2139.0,0.0,0.0,0.0,4,2124.5,2170.5,2,2132.5,2137.5,2139.0,2137.5,4.0,855400.0,38
2023-05-09 21:36:31,j2310,j2310,2139.0,0.0,0.0,0.0,4,2124.5,2170.0,2,2132.5,2137.5,2139.0,2137.5,4.0,855400.0,38
2023-05-09 21:36:31,j2310,j2310,2139.0,0.0,0.0,0.0,4,2124.5,2167.0,2,2132.5,2137.5,2139.0,2137.5,4.0,855400.0,38
2023-05-09 21:37:14,j2310,j2310,2139.0,0.0,0.0,0.0,4,2124.5,2166.5,2,2132.5,2137.5,2139.0,2137.5,4.0,855400.0,38
2023-05-09 21:37:14,j2310,j2310,2139.0,0.0,0.0,0.0,4,2124.5,2163.5,2,2132.5,2137.5,2139.0,2137.5,4.0,855400.0,38
2023-05-09 21:37:57,j2310,j2310,2139.0,0.0,0.0,0.0,4,2124.5,2163.0,2,2132.5,2137.5,2139.0,2137.5,4.0,855400.0,38
2023-05-09 21:37:57,j2310,j2310,2139.0,0.0,0.0,0.0,4,2124.5,2160.0,2,2132.5,2137.5,2139.0,2137.5,4.0,855400.0,38
2023-05-09 21:38:06,j2310,j2310,2139.0,0.0,0.0,0.0,3,2124.5,2160.0,2,2132.5,2137.5,2139.0,2137.5,4.0,855400.0,38
2023-05-09 21:38:07,j2310,j2310,2139.0,0.0,0.0,0.0,4,2124.5,2160.0,2,2132.5,2137.5,2139.0,2137.5,4.0,855400.0,38
2023-05-09 21:38:08,j2310,j2310,2139.0,0.0,0.0,0.0,3,2124.5,2160.0,2,2132.5,2137.5,2139.0,2137.5,4.0,855400.0,38
2023-05-09 21:38:40,j2310,j2310,2139.0,0.0,0.0,0.0,3,2124.5,2159.5,2,2132.5,2137.5,2139.0,2137.5,4.0,855400.0,38
2023-05-09 21:38:40,j2310,j2310,2139.0,0.0,0.0,0.0,3,2124.5,2156.5,2,2132.5,2137.5,2139.0,2137.5,4.0,855400.0,38
2023-05-09 21:39:23,j2310,j2310,2139.0,0.0,0.0,0.0,3,2124.5,2156.0,2,2132.5,2137.5,2139.0,2137.5,4.0,855400.0,38
2023-05-09 21:39:31,j2310,j2310,2139.0,0.0,0.0,0.0,3,2124.5,2153.0,2,2132.5,2137.5,2139.0,2137.5,4.0,855400.0,38
2023-05-09 21:39:51,j2310,j2310,2139.0,0.0,0.0,0.0,3,2124.5,2156.0,2,2132.5,2137.5,2139.0,2137.5,4.0,855400.0,38
2023-05-09 21:39:57,j2310,j2310,2139.0,0.0,0.0,0.0,3,2124.5,2153.0,2,2132.5,2137.5,2139.0,2137.5,4.0,855400.0,38
2023-05-09 21:40:01,j2310,j2310,2139.0,0.0,0.0,0.0,3,2124.5,2156.0,2,2132.5,2137.5,2139.0,2137.5,4.0,855400.0,38
2023-05-09 21:40:04,j2310,j2310,2139.0,0.0,0.0,0.0,4,2124.5,2156.0,2,2132.5,2137.5,2139.0,2137.5,4.0,855400.0,38
2023-05-09 21:40:06,j2310,j2310,2139.0,0.0,0.0,0.0,3,2124.5,2156.0,2,2132.5,2137.5,2139.0,2137.5,4.0,855400.0,38
2023-05-09 21:40:10,j2310,j2310,2139.0,0.0,0.0,0.0,4,2124.5,2156.0,2,2132.5,2137.5,2139.0,2137.5,4.0,855400.0,38
2023-05-09 21:40:11,j2310,j2310,2139.0,0.0,0.0,0.0,3,2124.5,2156.0,2,2132.5,2137.5,2139.0,2137.5,4.0,855400.0,38
2023-05-09 21:40:16,j2310,j2310,2139.0,0.0,0.0,0.0,4,2124.5,2156.0,2,2132.5,2137.5,2139.0,2137.5,4.0,855400.0,38
2023-05-09 21:40:19,j2310,j2310,2139.0,0.0,0.0,0.0,3,2124.5,2156.0,2,2132.5,2137.5,2139.0,2137.5,4.0,855400.0,38
2023-05-09 21:40:21,j2310,j2310,2139.0,0.0,0.0,0.0,4,2124.5,2156.0,2,2132.5,2137.5,2139.0,2137.5,4.0,855400.0,38
2023-05-09 21:41:03,j2310,j2310,2139.0,0.0,0.0,0.0,3,2124.5,2156.0,2,2132.5,2137.5,2139.0,2137.5,4.0,855400.0,38
2023-05-09 21:41:07,j2310,j2310,2139.0,0.0,0.0,0.0,4,2124.5,2156.0,2,2132.5,2137.5,2139.0,2137.5,4.0,855400.0,38
2023-05-09 21:41:09,j2310,j2310,2139.0,0.0,0.0,0.0,3,2124.5,2156.0,2,2132.5,2137.5,2139.0,2137.5,4.0,855400.0,38
2023-05-09 21:41:14,j2310,j2310,2139.0,0.0,0.0,0.0,3,2124.5,2153.0,2,2132.5,2137.5,2139.0,2137.5,4.0,855400.0,38
2023-05-09 21:41:30,j2310,j2310,2139.0,0.0,0.0,0.0,3,2124.5,2156.0,2,2132.5,2137.5,2139.0,2137.5,4.0,855400.0,38
2023-05-09 21:41:43,j2310,j2310,2139.0,0.0,0.0,0.0,4,2124.5,2156.0,2,2132.5,2137.5,2139.0,2137.5,4.0,855400.0,38
2023-05-09 21:41:46,j2310,j2310,2139.0,0.0,0.0,0.0,3,2124.5,2156.0,2,2132.5,2137.5,2139.0,2137.5,4.0,855400.0,38
2023-05-09 21:41:48,j2310,j2310,2139.0,0.0,0.0,0.0,4,2124.5,2156.0,2,2132.5,2137.5,2139.0,2137.5,4.0,855400.0,38
2023-05-09 21:42:21,j2310,j2310,2139.0,0.0,0.0,0.0,3,2124.5,2156.0,2,2132.5,2137.5,2139.0,2137.5,4.0,855400.0,38
2023-05-09 21:42:26,j2310,j2310,2139.0,0.0,0.0,0.0,4,2124.5,2156.0,2,2132.5,2137.5,2139.0,2137.5,4.0,855400.0,38
2023-05-09 21:42:26,j2310,j2310,2139.0,0.0,0.0,0.0,3,2124.5,2156.0,2,2132.5,2137.5,2139.0,2137.5,4.0,855400.0,38
2023-05-09 21:42:27,j2310,j2310,2139.0,0.0,0.0,0.0,4,2124.5,2156.0,2,2132.5,2137.5,2139.0,2137.5,4.0,855400.0,38
2023-05-09 21:42:27,j2310,j2310,2139.0,0.0,0.0,0.0,3,2124.5,2156.0,2,2132.5,2137.5,2139.0,2137.5,4.0,855400.0,38
2023-05-09 21:42:44,j2310,j2310,2139.0,0.0,0.0,0.0,4,2124.5,2156.0,2,2132.5,2137.5,2139.0,2137.5,4.0,855400.0,38
2023-05-09 21:42:45,j2310,j2310,2139.0,0.0,0.0,0.0,3,2124.5,2156.0,2,2132.5,2137.5,2139.0,2137.5,4.0,855400.0,38
2023-05-09 21:42:48,j2310,j2310,2139.0,0.0,0.0,0.0,4,2124.5,2156.0,2,2132.5,2137.5,2139.0,2137.5,4.0,855400.0,38
2023-05-09 21:42:50,j2310,j2310,2139.0,0.0,0.0,0.0,3,2124.5,2156.0,2,2132.5,2137.5,2139.0,2137.5,4.0,855400.0,38
2023-05-09 21:42:50,j2310,j2310,2139.0,0.0,0.0,0.0,4,2124.5,2156.0,2,2132.5,2137.5,2139.0,2137.5,4.0,855400.0,38
2023-05-09 21:43:45,j2310,j2310,2139.0,0.0,0.0,0.0,3,2124.5,2156.0,2,2132.5,2137.5,2139.0,2137.5,4.0,855400.0,38
2023-05-09 21:43:45,j2310,j2310,2139.0,0.0,0.0,0.0,4,2124.5,2156.0,2,2132.5,2137.5,2139.0,2137.5,4.0,855400.0,38
2023-05-09 21:43:48,j2310,j2310,2139.0,0.0,0.0,0.0,3,2124.5,2156.0,2,2132.5,2137.5,2139.0,2137.5,4.0,855400.0,38
2023-05-09 21:43:52,j2310,j2310,2139.0,0.0,0.0,0.0,4,2124.5,2156.0,2,2132.5,2137.5,2139.0,2137.5,4.0,855400.0,38
2023-05-09 21:44:25,j2310,j2310,2139.0,0.0,0.0,0.0,4,2124.5,2202.0,2,2132.5,2137.5,2139.0,2137.5,4.0,855400.0,38
2023-05-09 21:44:25,j2310,j2310,2139.0,0.0,0.0,0.0,4,2124.5,2201.5,3,2132.5,2137.5,2139.0,2137.5,4.0,855400.0,38
2023-05-09 21:44:25,j2310,j2310,2139.0,0.0,0.0,0.0,4,2124.5,2198.5,2,2132.5,2137.5,2139.0,2137.5,4.0,855400.0,38
2023-05-09 21:44:27,j2310,j2310,2139.0,0.0,0.0,0.0,4,2124.5,2198.0,2,2132.5,2137.5,2139.0,2137.5,4.0,855400.0,38
2023-05-09 21:44:27,j2310,j2310,2139.0,0.0,0.0,0.0,4,2124.5,2195.0,2,2132.5,2137.5,2139.0,2137.5,4.0,855400.0,38
2023-05-09 21:44:28,j2310,j2310,2139.0,0.0,0.0,0.0,4,2124.5,2194.5,2,2132.5,2137.5,2139.0,2137.5,4.0,855400.0,38
2023-05-09 21:44:28,j2310,j2310,2139.0,0.0,0.0,0.0,4,2124.5,2191.5,2,2132.5,2137.5,2139.0,2137.5,4.0,855400.0,38
2023-05-09 21:44:29,j2310,j2310,2139.0,0.0,0.0,0.0,4,2124.5,2191.0,2,2132.5,2137.5,2139.0,2137.5,4.0,855400.0,38
2023-05-09 21:44:30,j2310,j2310,2139.0,0.0,0.0,0.0,4,2124.5,2188.0,2,2132.5,2137.5,2139.0,2137.5,4.0,855400.0,38
2023-05-09 21:44:30,j2310,j2310,2139.0,0.0,0.0,0.0,4,2124.5,2188.0,3,2132.5,2137.5,2139.0,2137.5,4.0,855400.0,38
2023-05-09 21:44:31,j2310,j2310,2139.0,0.0,0.0,0.0,4,2124.5,2187.5,2,2132.5,2137.5,2139.0,2137.5,4.0,855400.0,38
2023-05-09 21:44:31,j2310,j2310,2139.0,0.0,0.0,0.0,4,2124.5,2184.5,2,2132.5,2137.5,2139.0,2137.5,4.0,855400.0,38
2023-05-09 21:44:32,j2310,j2310,2139.0,0.0,0.0,0.0,4,2124.5,2184.0,1,2132.5,2137.5,2139.0,2137.5,4.0,855400.0,38
2023-05-09 21:44:32,j2310,j2310,2139.0,0.0,0.0,0.0,4,2124.5,2181.0,2,2132.5,2137.5,2139.0,2137.5,4.0,855400.0,38
2023-05-09 21:44:33,j2310,j2310,2139.0,0.0,0.0,0.0,4,2124.5,2181.0,3,2132.5,2137.5,2139.0,2137.5,4.0,855400.0,38
2023-05-09 21:44:33,j2310,j2310,2139.0,0.0,0.0,0.0,4,2124.5,2180.5,2,2132.5,2137.5,2139.0,2137.5,4.0,855400.0,38
2023-05-09 21:44:34,j2310,j2310,2139.0,0.0,0.0,0.0,4,2124.5,2177.5,2,2132.5,2137.5,2139.0,2137.5,4.0,855400.0,38
2023-05-09 21:44:35,j2310,j2310,2139.0,0.0,0.0,0.0,4,2124.5,2177.0,3,2132.5,2137.5,2139.0,2137.5,4.0,855400.0,38
2023-05-09 21:44:35,j2310,j2310,2139.0,0.0,0.0,0.0,4,2124.5,2174.0,2,2132.5,2137.5,2139.0,2137.5,4.0,855400.0,38
2023-05-09 21:44:37,j2310,j2310,2139.0,0.0,0.0,0.0,4,2124.5,2173.5,2,2132.5,2137.5,2139.0,2137.5,4.0,855400.0,38
2023-05-09 21:44:37,j2310,j2310,2139.0,0.0,0.0,0.0,4,2124.5,2170.5,2,2132.5,2137.5,2139.0,2137.5,4.0,855400.0,38
2023-05-09 21:45:05,j2310,j2310,2139.0,0.0,0.0,0.0,4,2124.5,2170.0,2,2132.5,2137.5,2139.0,2137.5,4.0,855400.0,38
2023-05-09 21:45:05,j2310,j2310,2139.0,0.0,0.0,0.0,4,2124.5,2167.0,2,2132.5,2137.5,2139.0,2137.5,4.0,855400.0,38
2023-05-09 21:45:18,j2310,j2310,2139.0,0.0,0.0,0.0,3,2124.5,2167.0,2,2132.5,2137.5,2139.0,2137.5,4.0,855400.0,38
2023-05-09 21:45:27,j2310,j2310,2139.0,0.0,0.0,0.0,4,2124.5,2167.0,2,2132.5,2137.5,2139.0,2137.5,4.0,855400.0,38
2023-05-09 21:45:30,j2310,j2310,2139.0,0.0,0.0,0.0,3,2124.5,2167.0,2,2132.5,2137.5,2139.0,2137.5,4.0,855400.0,38
2023-05-09 21:45:33,j2310,j2310,2139.0,0.0,0.0,0.0,4,2124.5,2167.0,2,2132.5,2137.5,2139.0,2137.5,4.0,855400.0,38
2023-05-09 21:45:47,j2310,j2310,2139.0,0.0,0.0,0.0,4,2124.5,2166.5,2,2132.5,2137.5,2139.0,2137.5,4.0,855400.0,38
2023-05-09 21:45:47,j2310,j2310,2139.0,0.0,0.0,0.0,4,2124.5,2163.5,2,2132.5,2137.5,2139.0,2137.5,4.0,855400.0,38
2023-05-09 21:46:30,j2310,j2310,2139.0,0.0,0.0,0.0,4,2124.5,2163.0,2,2132.5,2137.5,2139.0,2137.5,4.0,855400.0,38
2023-05-09 21:46:30,j2310,j2310,2139.0,0.0,0.0,0.0,4,2124.5,2160.0,2,2132.5,2137.5,2139.0,2137.5,4.0,855400.0,38
2023-05-09 21:47:12,j2310,j2310,2139.0,0.0,0.0,0.0,4,2124.5,2159.5,2,2132.5,2137.5,2139.0,2137.5,4.0,855400.0,38
2023-05-09 21:47:12,j2310,j2310,2139.0,0.0,0.0,0.0,4,2124.5,2156.5,2,2132.5,2137.5,2139.0,2137.5,4.0,855400.0,38
2023-05-09 21:47:38,j2310,j2310,2139.0,0.0,0.0,0.0,4,2124.5,2223.0,1,2132.5,2137.5,2139.0,2137.5,4.0,855400.0,38
2023-05-09 21:47:39,j2310,j2310,2139.0,0.0,0.0,0.0,4,2124.5,2220.0,2,2132.5,2137.5,2139.0,2137.5,4.0,855400.0,38
2023-05-09 21:47:39,j2310,j2310,2139.0,0.0,0.0,0.0,4,2124.5,2219.5,2,2132.5,2137.5,2139.0,2137.5,4.0,855400.0,38
2023-05-09 21:47:40,j2310,j2310,2139.0,0.0,0.0,0.0,4,2124.5,2216.5,2,2132.5,2137.5,2139.0,2137.5,4.0,855400.0,38
2023-05-09 21:47:40,j2310,j2310,2139.0,0.0,0.0,0.0,4,2124.5,2216.5,4,2132.5,2137.5,2139.0,2137.5,4.0,855400.0,38
2023-05-09 21:47:41,j2310,j2310,2139.0,0.0,0.0,0.0,4,2124.5,2216.0,6,2132.5,2137.5,2139.0,2137.5,4.0,855400.0,38
2023-05-09 21:47:42,j2310,j2310,2139.0,0.0,0.0,0.0,4,2124.5,2213.0,2,2132.5,2137.5,2139.0,2137.5,4.0,855400.0,38
2023-05-09 21:47:42,j2310,j2310,2139.0,0.0,0.0,0.0,4,2124.5,2212.5,4,2132.5,2137.5,2139.0,2137.5,4.0,855400.0,38
