time,symbol_id,symbol_name,last,trade_volume,trade_amount,open_interest_change,bv1,bp1,ap1,av1,yesterday_close,today_open,today_high,today_low,volume,amount,open_interest
2023-05-10 08:59:00,jd2309,jd2309,4126.0,1150.0,47449000.0,-652.0,67,4126.0,4128.0,3,4131.0,4126.0,4126.0,4126.0,1150.0,47449000.0,136336
2023-05-10 09:00:00,jd2309,jd2309,4130.0,108.0,4458240.0,15.0,1,4128.0,4130.0,33,4131.0,4126.0,4130.0,4126.0,1258.0,51907240.0,136351
2023-05-10 09:00:00,jd2309,jd2309,4132.0,265.0,10944280.0,-35.0,1,4131.0,4132.0,24,4131.0,4126.0,4132.0,4126.0,1523.0,62851520.0,136316
2023-05-10 09:00:01,jd2309,jd2309,4134.0,210.0,8675130.0,59.0,2,4132.0,4134.0,1,4131.0,4126.0,4134.0,4126.0,1733.0,71526650.0,136375
2023-05-10 09:00:01,jd2309,jd2309,4131.0,98.0,4047760.0,22.0,3,4129.0,4131.0,1,4131.0,4126.0,4134.0,4126.0,1831.0,75574410.0,136397
2023-05-10 09:00:02,jd2309,jd2309,4131.0,78.0,3221740.0,21.0,1,4130.0,4131.0,10,4131.0,4126.0,4134.0,4126.0,1909.0,78796150.0,136418
2023-05-10 09:00:02,jd2309,jd2309,4130.0,27.0,1115040.0,12.0,29,4128.0,4130.0,2,4131.0,4126.0,4134.0,4126.0,1936.0,79911190.0,136430
2023-05-10 09:00:03,jd2309,jd2309,4131.0,174.0,7190860.0,-15.0,3,4130.0,4131.0,5,4131.0,4126.0,4136.0,4126.0,2110.0,87102050.0,136415
2023-05-10 09:00:03,jd2309,jd2309,4129.0,13.0,536990.0,4.0,31,4129.0,4130.0,4,4131.0,4126.0,4136.0,4126.0,2123.0,87639040.0,136419
2023-05-10 09:00:04,jd2309,jd2309,4130.0,22.0,908600.0,0.0,19,4130.0,4131.0,12,4131.0,4126.0,4136.0,4126.0,2145.0,88547640.0,136419
2023-05-10 09:00:04,jd2309,jd2309,4131.0,41.0,1693310.0,-3.0,8,4129.0,4131.0,7,4131.0,4126.0,4136.0,4126.0,2186.0,90240950.0,136416
2023-05-10 09:00:05,jd2309,jd2309,4128.0,17.0,702050.0,-1.0,16,4128.0,4129.0,1,4131.0,4126.0,4136.0,4126.0,2203.0,90943000.0,136415
2023-05-10 09:00:05,jd2309,jd2309,4129.0,56.0,2312430.0,42.0,8,4129.0,4130.0,5,4131.0,4126.0,4136.0,4126.0,2259.0,93255430.0,136457
2023-05-10 09:00:06,jd2309,jd2309,4129.0,23.0,949650.0,-1.0,27,4128.0,4129.0,36,4131.0,4126.0,4136.0,4126.0,2282.0,94205080.0,136456
2023-05-10 09:00:06,jd2309,jd2309,4128.0,28.0,1155850.0,-24.0,14,4127.0,4128.0,39,4131.0,4126.0,4136.0,4126.0,2310.0,95360930.0,136432
2023-05-10 09:00:07,jd2309,jd2309,4128.0,22.0,908000.0,-8.0,97,4126.0,4128.0,43,4131.0,4126.0,4136.0,4126.0,2332.0,96268930.0,136424
2023-05-10 09:00:07,jd2309,jd2309,4128.0,12.0,495340.0,7.0,113,4126.0,4127.0,1,4131.0,4126.0,4136.0,4126.0,2344.0,96764270.0,136431
2023-05-10 09:00:08,jd2309,jd2309,4126.0,34.0,1403440.0,32.0,115,4126.0,4128.0,17,4131.0,4126.0,4136.0,4126.0,2378.0,98167710.0,136463
2023-05-10 09:00:08,jd2309,jd2309,4126.0,21.0,866700.0,-3.0,115,4126.0,4128.0,16,4131.0,4126.0,4136.0,4126.0,2399.0,99034410.0,136460
2023-05-10 09:00:09,jd2309,jd2309,4126.0,20.0,825220.0,-1.0,101,4126.0,4128.0,21,4131.0,4126.0,4136.0,4126.0,2419.0,99859630.0,136459
2023-05-10 09:00:09,jd2309,jd2309,4127.0,7.0,288900.0,4.0,16,4127.0,4128.0,21,4131.0,4126.0,4136.0,4126.0,2426.0,100148530.0,136463
2023-05-10 09:00:10,jd2309,jd2309,4128.0,27.0,1114570.0,3.0,18,4128.0,4129.0,9,4131.0,4126.0,4136.0,4126.0,2453.0,101263100.0,136466
2023-05-10 09:00:10,jd2309,jd2309,4127.0,29.0,1197050.0,-17.0,4,4128.0,4129.0,8,4131.0,4126.0,4136.0,4126.0,2482.0,102460150.0,136449
2023-05-10 09:00:11,jd2309,jd2309,4128.0,15.0,619160.0,7.0,13,4128.0,4129.0,7,4131.0,4126.0,4136.0,4126.0,2497.0,103079310.0,136456
2023-05-10 09:00:11,jd2309,jd2309,4128.0,14.0,577940.0,-8.0,19,4128.0,4129.0,30,4131.0,4126.0,4136.0,4126.0,2511.0,103657250.0,136448
2023-05-10 09:00:12,jd2309,jd2309,4128.0,23.0,949450.0,-7.0,13,4127.0,4129.0,29,4131.0,4126.0,4136.0,4126.0,2534.0,104606700.0,136441
2023-05-10 09:00:12,jd2309,jd2309,4129.0,26.0,1073430.0,0.0,17,4127.0,4129.0,13,4131.0,4126.0,4136.0,4126.0,2560.0,105680130.0,136441
2023-05-10 09:00:13,jd2309,jd2309,4128.0,46.0,1899030.0,-4.0,12,4128.0,4129.0,1,4131.0,4126.0,4136.0,4126.0,2606.0,107579160.0,136437
2023-05-10 09:00:13,jd2309,jd2309,4129.0,3.0,123870.0,-1.0,5,4129.0,4130.0,48,4131.0,4126.0,4136.0,4126.0,2609.0,107703030.0,136436
2023-05-10 09:00:14,jd2309,jd2309,4129.0,43.0,1775810.0,-7.0,1,4129.0,4130.0,15,4131.0,4126.0,4136.0,4126.0,2652.0,109478840.0,136429
2023-05-10 09:00:14,jd2309,jd2309,4129.0,39.0,1610810.0,-2.0,5,4129.0,4133.0,6,4131.0,4126.0,4136.0,4126.0,2691.0,111089650.0,136427
2023-05-10 09:00:15,jd2309,jd2309,4130.0,30.0,1239350.0,11.0,6,4130.0,4132.0,13,4131.0,4126.0,4136.0,4126.0,2721.0,112329000.0,136438
2023-05-10 09:00:15,jd2309,jd2309,4130.0,4.0,165200.0,2.0,2,4130.0,4131.0,5,4131.0,4126.0,4136.0,4126.0,2725.0,112494200.0,136440
2023-05-10 09:00:16,jd2309,jd2309,4133.0,25.0,1032920.0,2.0,1,4131.0,4133.0,3,4131.0,4126.0,4136.0,4126.0,2750.0,113527120.0,136442
2023-05-10 09:00:16,jd2309,jd2309,4130.0,16.0,660840.0,-4.0,1,4131.0,4132.0,10,4131.0,4126.0,4136.0,4126.0,2766.0,114187960.0,136438
2023-05-10 09:00:17,jd2309,jd2309,4131.0,11.0,454310.0,-2.0,7,4129.0,4131.0,7,4131.0,4126.0,4136.0,4126.0,2777.0,114642270.0,136436
2023-05-10 09:00:17,jd2309,jd2309,4129.0,28.0,1156200.0,-10.0,4,4129.0,4131.0,22,4131.0,4126.0,4136.0,4126.0,2805.0,115798470.0,136426
2023-05-10 09:00:18,jd2309,jd2309,4129.0,4.0,165160.0,-3.0,2,4129.0,4130.0,4,4131.0,4126.0,4136.0,4126.0,2809.0,115963630.0,136423
2023-05-10 09:00:18,jd2309,jd2309,4129.0,2.0,82580.0,2.0,19,4128.0,4129.0,21,4131.0,4126.0,4136.0,4126.0,2811.0,116046210.0,136425
2023-05-10 09:00:19,jd2309,jd2309,4129.0,10.0,412830.0,0.0,6,4128.0,4129.0,20,4131.0,4126.0,4136.0,4126.0,2821.0,116459040.0,136425
2023-05-10 09:00:19,jd2309,jd2309,4128.0,8.0,330260.0,0.0,33,4127.0,4128.0,1,4131.0,4126.0,4136.0,4126.0,2829.0,116789300.0,136425
2023-05-10 09:00:20,jd2309,jd2309,4128.0,17.0,701730.0,1.0,6,4128.0,4129.0,20,4131.0,4126.0,4136.0,4126.0,2846.0,117491030.0,136426
2023-05-10 09:00:20,jd2309,jd2309,4127.0,20.0,825520.0,10.0,39,4127.0,4129.0,24,4131.0,4126.0,4136.0,4126.0,2866.0,118316550.0,136436
2023-05-10 09:00:21,jd2309,jd2309,4128.0,27.0,1114390.0,-13.0,14,4128.0,4129.0,25,4131.0,4126.0,4136.0,4126.0,2893.0,119430940.0,136423
2023-05-10 09:00:21,jd2309,jd2309,4127.0,30.0,1238250.0,-4.0,5,4127.0,4128.0,4,4131.0,4126.0,4136.0,4126.0,2923.0,120669190.0,136419
2023-05-10 09:00:22,jd2309,jd2309,4127.0,12.0,495270.0,-7.0,4,4127.0,4128.0,11,4131.0,4126.0,4136.0,4126.0,2935.0,121164460.0,136412
2023-05-10 09:00:22,jd2309,jd2309,4128.0,59.0,2435990.0,-32.0,11,4127.0,4128.0,5,4131.0,4126.0,4136.0,4126.0,2994.0,123600450.0,136380
2023-05-10 09:00:23,jd2309,jd2309,4128.0,5.0,206380.0,-3.0,19,4127.0,4128.0,5,4131.0,4126.0,4136.0,4126.0,2999.0,123806830.0,136377
2023-05-10 09:00:23,jd2309,jd2309,4127.0,19.0,784150.0,-15.0,7,4127.0,4128.0,4,4131.0,4126.0,4136.0,4126.0,3018.0,124590980.0,136362
2023-05-10 09:00:24,jd2309,jd2309,4127.0,4.0,165090.0,-1.0,3,4127.0,4128.0,12,4131.0,4126.0,4136.0,4126.0,3022.0,124756070.0,136361
2023-05-10 09:00:24,jd2309,jd2309,4127.0,10.0,412710.0,-3.0,8,4127.0,4128.0,10,4131.0,4126.0,4136.0,4126.0,3032.0,125168780.0,136358
2023-05-10 09:00:25,jd2309,jd2309,4128.0,16.0,660410.0,-1.0,18,4127.0,4128.0,1,4131.0,4126.0,4136.0,4126.0,3048.0,125829190.0,136357
2023-05-10 09:00:25,jd2309,jd2309,4128.0,12.0,495340.0,2.0,26,4128.0,4129.0,1,4131.0,4126.0,4136.0,4126.0,3060.0,126324530.0,136359
2023-05-10 09:00:26,jd2309,jd2309,4129.0,2.0,82570.0,1.0,17,4129.0,4130.0,40,4131.0,4126.0,4136.0,4126.0,3062.0,126407100.0,136360
2023-05-10 09:00:26,jd2309,jd2309,4130.0,54.0,2230100.0,-17.0,1,4130.0,4131.0,25,4131.0,4126.0,4136.0,4126.0,3116.0,128637200.0,136343
2023-05-10 09:00:27,jd2309,jd2309,4131.0,8.0,330410.0,0.0,2,4130.0,4131.0,35,4131.0,4126.0,4136.0,4126.0,3124.0,128967610.0,136343
2023-05-10 09:00:27,jd2309,jd2309,4131.0,11.0,454400.0,-3.0,29,4130.0,4131.0,27,4131.0,4126.0,4136.0,4126.0,3135.0,129422010.0,136340
2023-05-10 09:00:28,jd2309,jd2309,4132.0,45.0,1859080.0,10.0,7,4132.0,4133.0,5,4131.0,4126.0,4136.0,4126.0,3180.0,131281090.0,136350
2023-05-10 09:00:28,jd2309,jd2309,4133.0,18.0,743890.0,-10.0,8,4132.0,4134.0,10,4131.0,4126.0,4136.0,4126.0,3198.0,132024980.0,136340
2023-05-10 09:00:29,jd2309,jd2309,4133.0,4.0,165290.0,1.0,11,4132.0,4133.0,2,4131.0,4126.0,4136.0,4126.0,3202.0,132190270.0,136341
2023-05-10 09:00:29,jd2309,jd2309,4132.0,10.0,413250.0,-3.0,11,4132.0,4134.0,11,4131.0,4126.0,4136.0,4126.0,3212.0,132603520.0,136338
2023-05-10 09:00:30,jd2309,jd2309,4132.0,22.0,909210.0,17.0,4,4133.0,4134.0,2,4131.0,4126.0,4136.0,4126.0,3234.0,133512730.0,136355
2023-05-10 09:00:30,jd2309,jd2309,4132.0,38.0,1570750.0,29.0,17,4133.0,4134.0,20,4131.0,4126.0,4136.0,4126.0,3272.0,135083480.0,136384
2023-05-10 09:00:31,jd2309,jd2309,4133.0,4.0,165320.0,-2.0,24,4133.0,4134.0,21,4131.0,4126.0,4136.0,4126.0,3276.0,135248800.0,136382
2023-05-10 09:00:31,jd2309,jd2309,4133.0,2.0,82660.0,0.0,22,4133.0,4134.0,22,4131.0,4126.0,4136.0,4126.0,3278.0,135331460.0,136382
2023-05-10 09:00:32,jd2309,jd2309,4135.0,43.0,1777790.0,-22.0,60,4135.0,4136.0,51,4131.0,4126.0,4136.0,4126.0,3321.0,137109250.0,136360
2023-05-10 09:00:32,jd2309,jd2309,4135.0,17.0,702980.0,-10.0,46,4135.0,4136.0,51,4131.0,4126.0,4136.0,4126.0,3338.0,137812230.0,136350
2023-05-10 09:00:33,jd2309,jd2309,4135.0,58.0,2398660.0,-42.0,25,4135.0,4136.0,21,4131.0,4126.0,4136.0,4126.0,3396.0,140210890.0,136308
2023-05-10 09:00:33,jd2309,jd2309,4134.0,37.0,1529970.0,5.0,4,4134.0,4135.0,3,4131.0,4126.0,4136.0,4126.0,3433.0,141740860.0,136313
2023-05-10 09:00:34,jd2309,jd2309,4134.0,2.0,82680.0,0.0,5,4134.0,4135.0,18,4131.0,4126.0,4136.0,4126.0,3435.0,141823540.0,136313
2023-05-10 09:00:34,jd2309,jd2309,4134.0,4.0,165370.0,2.0,2,4134.0,4135.0,17,4131.0,4126.0,4136.0,4126.0,3439.0,141988910.0,136315
2023-05-10 09:00:35,jd2309,jd2309,4134.0,26.0,1074980.0,-3.0,36,4133.0,4134.0,30,4131.0,4126.0,4136.0,4126.0,3465.0,143063890.0,136312
2023-05-10 09:00:35,jd2309,jd2309,4133.0,14.0,578680.0,-13.0,46,4133.0,4134.0,31,4131.0,4126.0,4136.0,4126.0,3479.0,143642570.0,136299
2023-05-10 09:00:36,jd2309,jd2309,4133.0,32.0,1322870.0,5.0,45,4133.0,4134.0,40,4131.0,4126.0,4136.0,4126.0,3511.0,144965440.0,136304
2023-05-10 09:00:36,jd2309,jd2309,4135.0,78.0,3224220.0,-26.0,50,4134.0,4135.0,10,4131.0,4126.0,4136.0,4126.0,3589.0,148189660.0,136278
2023-05-10 09:00:37,jd2309,jd2309,4134.0,5.0,206700.0,0.0,46,4134.0,4135.0,11,4131.0,4126.0,4136.0,4126.0,3594.0,148396360.0,136278
2023-05-10 09:00:37,jd2309,jd2309,4134.0,0.0,0.0,0.0,62,4134.0,4135.0,11,4131.0,4126.0,4136.0,4126.0,3594.0,148396360.0,136278
2023-05-10 09:00:38,jd2309,jd2309,4134.0,17.0,702780.0,-5.0,49,4134.0,4135.0,13,4131.0,4126.0,4136.0,4126.0,3611.0,149099140.0,136273
2023-05-10 09:00:38,jd2309,jd2309,4135.0,18.0,744250.0,-3.0,42,4135.0,4136.0,20,4131.0,4126.0,4136.0,4126.0,3629.0,149843390.0,136270
2023-05-10 09:00:39,jd2309,jd2309,4135.0,10.0,413510.0,-6.0,56,4135.0,4136.0,15,4131.0,4126.0,4136.0,4126.0,3639.0,150256900.0,136264
2023-05-10 09:00:39,jd2309,jd2309,4135.0,3.0,124050.0,-3.0,62,4135.0,4136.0,15,4131.0,4126.0,4136.0,4126.0,3642.0,150380950.0,136261
2023-05-10 09:00:40,jd2309,jd2309,4135.0,14.0,578940.0,-9.0,60,4135.0,4136.0,18,4131.0,4126.0,4136.0,4126.0,3656.0,150959890.0,136252
2023-05-10 09:00:40,jd2309,jd2309,4135.0,25.0,1033950.0,-3.0,58,4135.0,4137.0,6,4131.0,4126.0,4136.0,4126.0,3681.0,151993840.0,136249
2023-05-10 09:00:41,jd2309,jd2309,4135.0,5.0,206750.0,-3.0,54,4135.0,4136.0,2,4131.0,4126.0,4136.0,4126.0,3686.0,152200590.0,136246
2023-05-10 09:00:41,jd2309,jd2309,4136.0,38.0,1571400.0,7.0,23,4135.0,4137.0,13,4131.0,4126.0,4136.0,4126.0,3724.0,153771990.0,136253
2023-05-10 09:00:42,jd2309,jd2309,4134.0,37.0,1530050.0,-2.0,14,4134.0,4135.0,28,4131.0,4126.0,4136.0,4126.0,3761.0,155302040.0,136251
2023-05-10 09:00:42,jd2309,jd2309,4133.0,15.0,620090.0,3.0,11,4133.0,4134.0,2,4131.0,4126.0,4136.0,4126.0,3776.0,155922130.0,136254
2023-05-10 09:00:43,jd2309,jd2309,4134.0,5.0,206720.0,0.0,4,4134.0,4135.0,5,4131.0,4126.0,4136.0,4126.0,3781.0,156128850.0,136254
2023-05-10 09:00:43,jd2309,jd2309,4135.0,1.0,41350.0,0.0,7,4134.0,4135.0,14,4131.0,4126.0,4136.0,4126.0,3782.0,156170200.0,136254
2023-05-10 09:00:44,jd2309,jd2309,4135.0,3.0,124030.0,2.0,5,4134.0,4135.0,13,4131.0,4126.0,4136.0,4126.0,3785.0,156294230.0,136256
2023-05-10 09:00:44,jd2309,jd2309,4135.0,16.0,661510.0,7.0,24,4134.0,4135.0,12,4131.0,4126.0,4136.0,4126.0,3801.0,156955740.0,136263
2023-05-10 09:00:45,jd2309,jd2309,4135.0,7.0,289420.0,-2.0,21,4134.0,4135.0,10,4131.0,4126.0,4136.0,4126.0,3808.0,157245160.0,136261
2023-05-10 09:00:45,jd2309,jd2309,4135.0,15.0,620240.0,3.0,2,4135.0,4136.0,11,4131.0,4126.0,4136.0,4126.0,3823.0,157865400.0,136264
2023-05-10 09:00:46,jd2309,jd2309,4134.0,6.0,248060.0,-3.0,6,4135.0,4136.0,13,4131.0,4126.0,4136.0,4126.0,3829.0,158113460.0,136261
2023-05-10 09:00:46,jd2309,jd2309,4136.0,5.0,206770.0,-3.0,5,4135.0,4136.0,12,4131.0,4126.0,4136.0,4126.0,3834.0,158320230.0,136258
2023-05-10 09:00:47,jd2309,jd2309,4134.0,7.0,289430.0,0.0,20,4134.0,4136.0,12,4131.0,4126.0,4136.0,4126.0,3841.0,158609660.0,136258
2023-05-10 09:00:47,jd2309,jd2309,4134.0,1.0,41340.0,0.0,14,4134.0,4135.0,14,4131.0,4126.0,4136.0,4126.0,3842.0,158651000.0,136258
2023-05-10 09:00:48,jd2309,jd2309,4135.0,4.0,165380.0,0.0,15,4134.0,4135.0,13,4131.0,4126.0,4136.0,4126.0,3846.0,158816380.0,136258
2023-05-10 09:00:48,jd2309,jd2309,4134.0,1.0,41340.0,1.0,30,4134.0,4135.0,7,4131.0,4126.0,4136.0,4126.0,3847.0,158857720.0,136259
2023-05-10 09:00:49,jd2309,jd2309,4134.0,2.0,82680.0,0.0,29,4134.0,4135.0,9,4131.0,4126.0,4136.0,4126.0,3849.0,158940400.0,136259
2023-05-10 09:00:49,jd2309,jd2309,4135.0,6.0,248090.0,0.0,31,4134.0,4135.0,6,4131.0,4126.0,4136.0,4126.0,3855.0,159188490.0,136259
2023-05-10 09:00:50,jd2309,jd2309,4133.0,39.0,1612270.0,10.0,9,4132.0,4134.0,65,4131.0,4126.0,4136.0,4126.0,3894.0,160800760.0,136269
2023-05-10 09:00:50,jd2309,jd2309,4132.0,3.0,123980.0,2.0,8,4132.0,4133.0,5,4131.0,4126.0,4136.0,4126.0,3897.0,160924740.0,136271
2023-05-10 09:00:51,jd2309,jd2309,4133.0,4.0,165300.0,1.0,9,4132.0,4133.0,4,4131.0,4126.0,4136.0,4126.0,3901.0,161090040.0,136272
2023-05-10 09:00:51,jd2309,jd2309,4133.0,0.0,0.0,0.0,17,4132.0,4133.0,7,4131.0,4126.0,4136.0,4126.0,3901.0,161090040.0,136272
2023-05-10 09:00:52,jd2309,jd2309,4131.0,20.0,826380.0,17.0,29,4131.0,4132.0,42,4131.0,4126.0,4136.0,4126.0,3921.0,161916420.0,136289
2023-05-10 09:00:52,jd2309,jd2309,4131.0,5.0,206550.0,3.0,19,4131.0,4132.0,44,4131.0,4126.0,4136.0,4126.0,3926.0,162122970.0,136292
2023-05-10 09:00:53,jd2309,jd2309,4131.0,1.0,41310.0,0.0,23,4131.0,4132.0,55,4131.0,4126.0,4136.0,4126.0,3927.0,162164280.0,136292
2023-05-10 09:00:53,jd2309,jd2309,4130.0,26.0,1074050.0,12.0,35,4130.0,4131.0,73,4131.0,4126.0,4136.0,4126.0,3953.0,163238330.0,136304
2023-05-10 09:00:54,jd2309,jd2309,4130.0,25.0,1032520.0,-3.0,12,4130.0,4131.0,77,4131.0,4126.0,4136.0,4126.0,3978.0,164270850.0,136301
2023-05-10 09:00:54,jd2309,jd2309,4131.0,15.0,619510.0,5.0,13,4129.0,4131.0,76,4131.0,4126.0,4136.0,4126.0,3993.0,164890360.0,136306
2023-05-10 09:00:55,jd2309,jd2309,4131.0,9.0,371730.0,3.0,11,4129.0,4131.0,73,4131.0,4126.0,4136.0,4126.0,4002.0,165262090.0,136309
2023-05-10 09:00:55,jd2309,jd2309,4129.0,16.0,660640.0,14.0,51,4128.0,4129.0,26,4131.0,4126.0,4136.0,4126.0,4018.0,165922730.0,136323
2023-05-10 09:00:56,jd2309,jd2309,4128.0,36.0,1486080.0,-23.0,15,4128.0,4129.0,28,4131.0,4126.0,4136.0,4126.0,4054.0,167408810.0,136300
2023-05-10 09:00:56,jd2309,jd2309,4129.0,2.0,82580.0,1.0,17,4128.0,4129.0,27,4131.0,4126.0,4136.0,4126.0,4056.0,167491390.0,136301
2023-05-10 09:00:57,jd2309,jd2309,4128.0,3.0,123850.0,0.0,15,4128.0,4129.0,30,4131.0,4126.0,4136.0,4126.0,4059.0,167615240.0,136301
2023-05-10 09:00:57,jd2309,jd2309,4128.0,1.0,41280.0,0.0,13,4128.0,4129.0,31,4131.0,4126.0,4136.0,4126.0,4060.0,167656520.0,136301
2023-05-10 09:00:58,jd2309,jd2309,4128.0,11.0,454140.0,8.0,9,4128.0,4129.0,26,4131.0,4126.0,4136.0,4126.0,4071.0,168110660.0,136309
2023-05-10 09:00:58,jd2309,jd2309,4129.0,27.0,1114780.0,-2.0,4,4128.0,4129.0,5,4131.0,4126.0,4136.0,4126.0,4098.0,169225440.0,136307
2023-05-10 09:00:59,jd2309,jd2309,4128.0,6.0,247700.0,0.0,10,4128.0,4129.0,4,4131.0,4126.0,4136.0,4126.0,4104.0,169473140.0,136307
2023-05-10 09:00:59,jd2309,jd2309,4129.0,4.0,165150.0,-1.0,2,4129.0,4130.0,1,4131.0,4126.0,4136.0,4126.0,4108.0,169638290.0,136306
2023-05-10 09:01:00,jd2309,jd2309,4131.0,8.0,330400.0,2.0,1,4130.0,4131.0,45,4131.0,4126.0,4136.0,4126.0,4116.0,169968690.0,136308
2023-05-10 09:01:00,jd2309,jd2309,4129.0,8.0,330380.0,5.0,8,4129.0,4130.0,2,4131.0,4126.0,4136.0,4126.0,4124.0,170299070.0,136313
2023-05-10 09:01:01,jd2309,jd2309,4128.0,13.0,536790.0,-10.0,12,4128.0,4129.0,1,4131.0,4126.0,4136.0,4126.0,4137.0,170835860.0,136303
2023-05-10 09:01:01,jd2309,jd2309,4128.0,6.0,247690.0,1.0,14,4128.0,4130.0,8,4131.0,4126.0,4136.0,4126.0,4143.0,171083550.0,136304
2023-05-10 09:01:02,jd2309,jd2309,4133.0,100.0,4131460.0,-16.0,7,4129.0,4133.0,5,4131.0,4126.0,4136.0,4126.0,4243.0,175215010.0,136288
2023-05-10 09:01:02,jd2309,jd2309,4130.0,32.0,1321870.0,25.0,5,4130.0,4132.0,6,4131.0,4126.0,4136.0,4126.0,4275.0,176536880.0,136313
2023-05-10 09:01:03,jd2309,jd2309,4132.0,5.0,206600.0,0.0,6,4131.0,4132.0,9,4131.0,4126.0,4136.0,4126.0,4280.0,176743480.0,136313
2023-05-10 09:01:03,jd2309,jd2309,4132.0,0.0,0.0,0.0,7,4131.0,4132.0,8,4131.0,4126.0,4136.0,4126.0,4280.0,176743480.0,136313
2023-05-10 09:01:04,jd2309,jd2309,4131.0,1.0,41310.0,-1.0,6,4131.0,4132.0,17,4131.0,4126.0,4136.0,4126.0,4281.0,176784790.0,136312
2023-05-10 09:01:04,jd2309,jd2309,4130.0,47.0,1940800.0,-23.0,9,4129.0,4131.0,10,4131.0,4126.0,4136.0,4126.0,4328.0,178725590.0,136289
2023-05-10 09:01:05,jd2309,jd2309,4131.0,17.0,701910.0,-3.0,6,4129.0,4130.0,2,4131.0,4126.0,4136.0,4126.0,4345.0,179427500.0,136286
2023-05-10 09:01:05,jd2309,jd2309,4129.0,6.0,247740.0,0.0,11,4128.0,4130.0,9,4131.0,4126.0,4136.0,4126.0,4351.0,179675240.0,136286
2023-05-10 09:01:06,jd2309,jd2309,4130.0,8.0,330350.0,7.0,11,4128.0,4130.0,9,4131.0,4126.0,4136.0,4126.0,4359.0,180005590.0,136293
2023-05-10 09:01:06,jd2309,jd2309,4130.0,8.0,330390.0,-3.0,5,4129.0,4130.0,10,4131.0,4126.0,4136.0,4126.0,4367.0,180335980.0,136290
2023-05-10 09:01:07,jd2309,jd2309,4129.0,5.0,206450.0,2.0,30,4128.0,4129.0,3,4131.0,4126.0,4136.0,4126.0,4372.0,180542430.0,136292
2023-05-10 09:01:07,jd2309,jd2309,4129.0,7.0,289040.0,4.0,32,4128.0,4129.0,3,4131.0,4126.0,4136.0,4126.0,4379.0,180831470.0,136296
2023-05-10 09:01:08,jd2309,jd2309,4128.0,11.0,454170.0,-8.0,32,4128.0,4130.0,15,4131.0,4126.0,4136.0,4126.0,4390.0,181285640.0,136288
2023-05-10 09:01:08,jd2309,jd2309,4129.0,13.0,536650.0,-4.0,23,4128.0,4129.0,4,4131.0,4126.0,4136.0,4126.0,4403.0,181822290.0,136284
2023-05-10 09:01:09,jd2309,jd2309,4129.0,14.0,578060.0,-3.0,6,4129.0,4130.0,21,4131.0,4126.0,4136.0,4126.0,4417.0,182400350.0,136281
2023-05-10 09:01:09,jd2309,jd2309,4129.0,4.0,165170.0,-1.0,3,4129.0,4130.0,20,4131.0,4126.0,4136.0,4126.0,4421.0,182565520.0,136280
2023-05-10 09:01:10,jd2309,jd2309,4129.0,2.0,82590.0,-1.0,2,4129.0,4130.0,25,4131.0,4126.0,4136.0,4126.0,4423.0,182648110.0,136279
2023-05-10 09:01:10,jd2309,jd2309,4130.0,13.0,536870.0,-8.0,27,4128.0,4130.0,14,4131.0,4126.0,4136.0,4126.0,4436.0,183184980.0,136271
2023-05-10 09:01:11,jd2309,jd2309,4130.0,26.0,1073800.0,-1.0,25,4129.0,4130.0,2,4131.0,4126.0,4136.0,4126.0,4462.0,184258780.0,136270
2023-05-10 09:01:11,jd2309,jd2309,4130.0,3.0,123900.0,2.0,8,4130.0,4131.0,45,4131.0,4126.0,4136.0,4126.0,4465.0,184382680.0,136272
2023-05-10 09:01:12,jd2309,jd2309,4130.0,11.0,454300.0,5.0,4,4130.0,4131.0,45,4131.0,4126.0,4136.0,4126.0,4476.0,184836980.0,136277
2023-05-10 09:01:12,jd2309,jd2309,4129.0,15.0,619420.0,4.0,18,4129.0,4131.0,45,4131.0,4126.0,4136.0,4126.0,4491.0,185456400.0,136281
2023-05-10 09:01:13,jd2309,jd2309,4129.0,0.0,0.0,0.0,26,4129.0,4131.0,45,4131.0,4126.0,4136.0,4126.0,4491.0,185456400.0,136281
2023-05-10 09:01:14,jd2309,jd2309,4129.0,0.0,0.0,0.0,41,4129.0,4131.0,45,4131.0,4126.0,4136.0,4126.0,4491.0,185456400.0,136281
2023-05-10 09:01:14,jd2309,jd2309,4129.0,2.0,82580.0,0.0,48,4129.0,4131.0,45,4131.0,4126.0,4136.0,4126.0,4493.0,185538980.0,136281
2023-05-10 09:01:15,jd2309,jd2309,4131.0,3.0,123890.0,0.0,46,4129.0,4131.0,46,4131.0,4126.0,4136.0,4126.0,4496.0,185662870.0,136281
2023-05-10 09:01:15,jd2309,jd2309,4129.0,2.0,82580.0,0.0,45,4129.0,4131.0,47,4131.0,4126.0,4136.0,4126.0,4498.0,185745450.0,136281
2023-05-10 09:01:16,jd2309,jd2309,4129.0,0.0,0.0,0.0,46,4129.0,4131.0,59,4131.0,4126.0,4136.0,4126.0,4498.0,185745450.0,136281
2023-05-10 09:01:16,jd2309,jd2309,4129.0,5.0,206450.0,-1.0,43,4129.0,4131.0,59,4131.0,4126.0,4136.0,4126.0,4503.0,185951900.0,136280
2023-05-10 09:01:17,jd2309,jd2309,4129.0,3.0,123890.0,0.0,41,4129.0,4130.0,6,4131.0,4126.0,4136.0,4126.0,4506.0,186075790.0,136280
2023-05-10 09:01:17,jd2309,jd2309,4129.0,5.0,206450.0,3.0,32,4129.0,4130.0,6,4131.0,4126.0,4136.0,4126.0,4511.0,186282240.0,136283
2023-05-10 09:01:18,jd2309,jd2309,4130.0,1.0,41300.0,1.0,33,4129.0,4130.0,11,4131.0,4126.0,4136.0,4126.0,4512.0,186323540.0,136284
2023-05-10 09:01:18,jd2309,jd2309,4130.0,5.0,206500.0,2.0,37,4129.0,4130.0,8,4131.0,4126.0,4136.0,4126.0,4517.0,186530040.0,136286
2023-05-10 09:01:19,jd2309,jd2309,4129.0,8.0,330350.0,0.0,32,4129.0,4131.0,24,4131.0,4126.0,4136.0,4126.0,4525.0,186860390.0,136286
2023-05-10 09:01:19,jd2309,jd2309,4130.0,1.0,41300.0,0.0,41,4129.0,4130.0,1,4131.0,4126.0,4136.0,4126.0,4526.0,186901690.0,136286
2023-05-10 09:01:20,jd2309,jd2309,4130.0,1.0,41300.0,-1.0,41,4129.0,4130.0,9,4131.0,4126.0,4136.0,4126.0,4527.0,186942990.0,136285
2023-05-10 09:01:20,jd2309,jd2309,4129.0,6.0,247760.0,-6.0,37,4129.0,4130.0,7,4131.0,4126.0,4136.0,4126.0,4533.0,187190750.0,136279
2023-05-10 09:01:21,jd2309,jd2309,4130.0,6.0,247790.0,-4.0,45,4129.0,4130.0,3,4131.0,4126.0,4136.0,4126.0,4539.0,187438540.0,136275
2023-05-10 09:01:21,jd2309,jd2309,4129.0,2.0,82580.0,0.0,48,4129.0,4130.0,13,4131.0,4126.0,4136.0,4126.0,4541.0,187521120.0,136275
2023-05-10 09:01:22,jd2309,jd2309,4130.0,6.0,247800.0,-2.0,57,4129.0,4130.0,7,4131.0,4126.0,4136.0,4126.0,4547.0,187768920.0,136273
2023-05-10 09:01:23,jd2309,jd2309,4130.0,8.0,330400.0,-8.0,7,4130.0,4131.0,27,4131.0,4126.0,4136.0,4126.0,4555.0,188099320.0,136265
2023-05-10 09:01:23,jd2309,jd2309,4131.0,4.0,165220.0,-3.0,13,4130.0,4131.0,17,4131.0,4126.0,4136.0,4126.0,4559.0,188264540.0,136262
2023-05-10 09:01:24,jd2309,jd2309,4131.0,0.0,0.0,0.0,21,4130.0,4131.0,17,4131.0,4126.0,4136.0,4126.0,4559.0,188264540.0,136262
2023-05-10 09:01:24,jd2309,jd2309,4130.0,24.0,991230.0,-13.0,31,4129.0,4130.0,11,4131.0,4126.0,4136.0,4126.0,4583.0,189255770.0,136249
2023-05-10 09:01:25,jd2309,jd2309,4130.0,11.0,454300.0,-10.0,24,4130.0,4131.0,14,4131.0,4126.0,4136.0,4126.0,4594.0,189710070.0,136239
2023-05-10 09:01:25,jd2309,jd2309,4131.0,1.0,41310.0,0.0,24,4130.0,4131.0,13,4131.0,4126.0,4136.0,4126.0,4595.0,189751380.0,136239
2023-05-10 09:01:26,jd2309,jd2309,4130.0,29.0,1197750.0,5.0,50,4129.0,4130.0,4,4131.0,4126.0,4136.0,4126.0,4624.0,190949130.0,136244
2023-05-10 09:01:26,jd2309,jd2309,4130.0,4.0,165200.0,-4.0,1,4130.0,4131.0,15,4131.0,4126.0,4136.0,4126.0,4628.0,191114330.0,136240
2023-05-10 09:01:27,jd2309,jd2309,4129.0,5.0,206470.0,1.0,47,4129.0,4130.0,2,4131.0,4126.0,4136.0,4126.0,4633.0,191320800.0,136241
2023-05-10 09:01:27,jd2309,jd2309,4131.0,7.0,289150.0,0.0,71,4129.0,4131.0,17,4131.0,4126.0,4136.0,4126.0,4640.0,191609950.0,136241
2023-05-10 09:01:28,jd2309,jd2309,4131.0,5.0,206470.0,1.0,85,4129.0,4131.0,21,4131.0,4126.0,4136.0,4126.0,4645.0,191816420.0,136242
2023-05-10 09:01:28,jd2309,jd2309,4131.0,79.0,3264090.0,40.0,8,4131.0,4133.0,10,4131.0,4126.0,4136.0,4126.0,4724.0,195080510.0,136282
2023-05-10 09:01:29,jd2309,jd2309,4131.0,22.0,908980.0,8.0,47,4131.0,4133.0,8,4131.0,4126.0,4136.0,4126.0,4746.0,195989490.0,136290
2023-05-10 09:01:29,jd2309,jd2309,4132.0,3.0,123950.0,2.0,23,4132.0,4133.0,8,4131.0,4126.0,4136.0,4126.0,4749.0,196113440.0,136292
2023-05-10 09:01:30,jd2309,jd2309,4133.0,1.0,41330.0,0.0,23,4132.0,4133.0,14,4131.0,4126.0,4136.0,4126.0,4750.0,196154770.0,136292
2023-05-10 09:01:30,jd2309,jd2309,4132.0,3.0,123980.0,2.0,22,4132.0,4133.0,20,4131.0,4126.0,4136.0,4126.0,4753.0,196278750.0,136294
2023-05-10 09:01:31,jd2309,jd2309,4132.0,15.0,619890.0,2.0,16,4132.0,4133.0,11,4131.0,4126.0,4136.0,4126.0,4768.0,196898640.0,136296
2023-05-10 09:01:31,jd2309,jd2309,4132.0,5.0,206610.0,0.0,17,4132.0,4133.0,10,4131.0,4126.0,4136.0,4126.0,4773.0,197105250.0,136296
2023-05-10 09:01:32,jd2309,jd2309,4132.0,3.0,123970.0,0.0,15,4132.0,4133.0,10,4131.0,4126.0,4136.0,4126.0,4776.0,197229220.0,136296
2023-05-10 09:01:32,jd2309,jd2309,4133.0,2.0,82660.0,-1.0,15,4132.0,4133.0,11,4131.0,4126.0,4136.0,4126.0,4778.0,197311880.0,136295
2023-05-10 09:01:33,jd2309,jd2309,4132.0,1.0,41320.0,0.0,21,4132.0,4133.0,10,4131.0,4126.0,4136.0,4126.0,4779.0,197353200.0,136295
2023-05-10 09:01:33,jd2309,jd2309,4132.0,7.0,289240.0,0.0,14,4132.0,4133.0,11,4131.0,4126.0,4136.0,4126.0,4786.0,197642440.0,136295
2023-05-10 09:01:34,jd2309,jd2309,4132.0,0.0,0.0,0.0,16,4132.0,4133.0,17,4131.0,4126.0,4136.0,4126.0,4786.0,197642440.0,136295
2023-05-10 09:01:34,jd2309,jd2309,4133.0,4.0,165320.0,4.0,16,4132.0,4133.0,12,4131.0,4126.0,4136.0,4126.0,4790.0,197807760.0,136299
2023-05-10 09:01:35,jd2309,jd2309,4133.0,3.0,123970.0,0.0,14,4132.0,4133.0,11,4131.0,4126.0,4136.0,4126.0,4793.0,197931730.0,136299
2023-05-10 09:01:35,jd2309,jd2309,4133.0,33.0,1363720.0,-6.0,26,4133.0,4134.0,13,4131.0,4126.0,4136.0,4126.0,4826.0,199295450.0,136293
2023-05-10 09:01:36,jd2309,jd2309,4132.0,28.0,1157220.0,-26.0,7,4132.0,4133.0,2,4131.0,4126.0,4136.0,4126.0,4854.0,200452670.0,136267
2023-05-10 09:01:36,jd2309,jd2309,4132.0,10.0,413240.0,-1.0,59,4131.0,4133.0,24,4131.0,4126.0,4136.0,4126.0,4864.0,200865910.0,136266
2023-05-10 09:01:37,jd2309,jd2309,4133.0,7.0,289310.0,3.0,59,4131.0,4133.0,25,4131.0,4126.0,4136.0,4126.0,4871.0,201155220.0,136269
2023-05-10 09:01:37,jd2309,jd2309,4133.0,1.0,41330.0,0.0,6,4132.0,4133.0,24,4131.0,4126.0,4136.0,4126.0,4872.0,201196550.0,136269
2023-05-10 09:01:38,jd2309,jd2309,4131.0,36.0,1487220.0,0.0,35,4131.0,4133.0,24,4131.0,4126.0,4136.0,4126.0,4908.0,202683770.0,136269
2023-05-10 09:01:38,jd2309,jd2309,4133.0,7.0,289250.0,3.0,33,4131.0,4133.0,21,4131.0,4126.0,4136.0,4126.0,4915.0,202973020.0,136272
2023-05-10 09:01:39,jd2309,jd2309,4131.0,3.0,123950.0,0.0,31,4131.0,4133.0,21,4131.0,4126.0,4136.0,4126.0,4918.0,203096970.0,136272
2023-05-10 09:01:39,jd2309,jd2309,4133.0,1.0,41330.0,1.0,31,4131.0,4133.0,20,4131.0,4126.0,4136.0,4126.0,4919.0,203138300.0,136273
2023-05-10 09:01:40,jd2309,jd2309,4133.0,1.0,41330.0,0.0,31,4131.0,4133.0,19,4131.0,4126.0,4136.0,4126.0,4920.0,203179630.0,136273
2023-05-10 09:01:40,jd2309,jd2309,4133.0,5.0,206650.0,5.0,31,4131.0,4133.0,14,4131.0,4126.0,4136.0,4126.0,4925.0,203386280.0,136278
2023-05-10 09:01:41,jd2309,jd2309,4133.0,0.0,0.0,0.0,32,4131.0,4133.0,14,4131.0,4126.0,4136.0,4126.0,4925.0,203386280.0,136278
2023-05-10 09:01:41,jd2309,jd2309,4131.0,19.0,784890.0,6.0,13,4131.0,4133.0,20,4131.0,4126.0,4136.0,4126.0,4944.0,204171170.0,136284
2023-05-10 09:01:42,jd2309,jd2309,4132.0,14.0,578350.0,12.0,22,4130.0,4132.0,8,4131.0,4126.0,4136.0,4126.0,4958.0,204749520.0,136296
2023-05-10 09:01:42,jd2309,jd2309,4132.0,2.0,82640.0,-2.0,9,4131.0,4133.0,18,4131.0,4126.0,4136.0,4126.0,4960.0,204832160.0,136294
2023-05-10 09:01:43,jd2309,jd2309,4131.0,2.0,82620.0,0.0,10,4131.0,4133.0,18,4131.0,4126.0,4136.0,4126.0,4962.0,204914780.0,136294
2023-05-10 09:01:43,jd2309,jd2309,4131.0,3.0,123950.0,0.0,8,4131.0,4133.0,17,4131.0,4126.0,4136.0,4126.0,4965.0,205038730.0,136294
2023-05-10 09:01:44,jd2309,jd2309,4131.0,7.0,289270.0,5.0,2,4132.0,4133.0,12,4131.0,4126.0,4136.0,4126.0,4972.0,205328000.0,136299
2023-05-10 09:01:44,jd2309,jd2309,4131.0,10.0,413120.0,4.0,38,4130.0,4131.0,1,4131.0,4126.0,4136.0,4126.0,4982.0,205741120.0,136303
2023-05-10 09:01:45,jd2309,jd2309,4132.0,4.0,165230.0,1.0,1,4131.0,4132.0,19,4131.0,4126.0,4136.0,4126.0,4986.0,205906350.0,136304
2023-05-10 09:01:45,jd2309,jd2309,4132.0,4.0,165270.0,-1.0,1,4131.0,4132.0,16,4131.0,4126.0,4136.0,4126.0,4990.0,206071620.0,136303
2023-05-10 09:01:46,jd2309,jd2309,4131.0,1.0,41310.0,0.0,37,4130.0,4131.0,1,4131.0,4126.0,4136.0,4126.0,4991.0,206112930.0,136303
2023-05-10 09:01:46,jd2309,jd2309,4130.0,78.0,3221000.0,19.0,30,4129.0,4131.0,21,4131.0,4126.0,4136.0,4126.0,5069.0,209333930.0,136322
2023-05-10 09:01:47,jd2309,jd2309,4130.0,12.0,495610.0,10.0,30,4129.0,4131.0,26,4131.0,4126.0,4136.0,4126.0,5081.0,209829540.0,136332
2023-05-10 09:01:47,jd2309,jd2309,4129.0,5.0,206510.0,0.0,28,4129.0,4131.0,24,4131.0,4126.0,4136.0,4126.0,5086.0,210036050.0,136332
2023-05-10 09:01:48,jd2309,jd2309,4129.0,0.0,0.0,0.0,28,4129.0,4130.0,7,4131.0,4126.0,4136.0,4126.0,5086.0,210036050.0,136332
2023-05-10 09:01:48,jd2309,jd2309,4130.0,30.0,1238720.0,24.0,1,4129.0,4130.0,11,4131.0,4126.0,4136.0,4126.0,5116.0,211274770.0,136356
2023-05-10 09:01:49,jd2309,jd2309,4128.0,4.0,165150.0,0.0,38,4128.0,4129.0,2,4131.0,4126.0,4136.0,4126.0,5120.0,211439920.0,136356
2023-05-10 09:01:49,jd2309,jd2309,4129.0,5.0,206450.0,4.0,38,4128.0,4129.0,4,4131.0,4126.0,4136.0,4126.0,5125.0,211646370.0,136360
2023-05-10 09:01:50,jd2309,jd2309,4129.0,1.0,41290.0,0.0,38,4128.0,4129.0,3,4131.0,4126.0,4136.0,4126.0,5126.0,211687660.0,136360
2023-05-10 09:01:50,jd2309,jd2309,4128.0,1.0,41280.0,1.0,37,4128.0,4129.0,3,4131.0,4126.0,4136.0,4126.0,5127.0,211728940.0,136361
2023-05-10 09:01:51,jd2309,jd2309,4128.0,2.0,82560.0,2.0,35,4128.0,4129.0,3,4131.0,4126.0,4136.0,4126.0,5129.0,211811500.0,136363
2023-05-10 09:01:52,jd2309,jd2309,4130.0,13.0,536870.0,0.0,7,4130.0,4131.0,34,4131.0,4126.0,4136.0,4126.0,5142.0,212348370.0,136363
2023-05-10 09:01:52,jd2309,jd2309,4128.0,11.0,454220.0,-1.0,5,4129.0,4130.0,63,4131.0,4126.0,4136.0,4126.0,5153.0,212802590.0,136362
2023-05-10 09:01:53,jd2309,jd2309,4128.0,9.0,371580.0,2.0,29,4128.0,4130.0,64,4131.0,4126.0,4136.0,4126.0,5162.0,213174170.0,136364
2023-05-10 09:01:53,jd2309,jd2309,4129.0,15.0,619230.0,-6.0,18,4128.0,4129.0,5,4131.0,4126.0,4136.0,4126.0,5177.0,213793400.0,136358
2023-05-10 09:01:54,jd2309,jd2309,4128.0,44.0,1816320.0,15.0,21,4127.0,4128.0,5,4131.0,4126.0,4136.0,4126.0,5221.0,215609720.0,136373
2023-05-10 09:01:54,jd2309,jd2309,4129.0,8.0,330260.0,4.0,21,4127.0,4129.0,20,4131.0,4126.0,4136.0,4126.0,5229.0,215939980.0,136377
2023-05-10 09:01:55,jd2309,jd2309,4129.0,9.0,371450.0,-6.0,13,4127.0,4129.0,31,4131.0,4126.0,4136.0,4126.0,5238.0,216311430.0,136371
2023-05-10 09:01:55,jd2309,jd2309,4129.0,9.0,371610.0,6.0,5,4128.0,4129.0,22,4131.0,4126.0,4136.0,4126.0,5247.0,216683040.0,136377
2023-05-10 09:01:56,jd2309,jd2309,4128.0,24.0,990940.0,-1.0,14,4128.0,4129.0,1,4131.0,4126.0,4136.0,4126.0,5271.0,217673980.0,136376
2023-05-10 09:01:56,jd2309,jd2309,4129.0,4.0,165150.0,1.0,13,4128.0,4129.0,4,4131.0,4126.0,4136.0,4126.0,5275.0,217839130.0,136377
2023-05-10 09:01:56,jd2309,jd2309,4129.0,1.0,41290.0,-1.0,13,4128.0,4129.0,4,4131.0,4126.0,4136.0,4126.0,5276.0,217880420.0,136376
2023-05-10 09:01:57,jd2309,jd2309,4128.0,1.0,41280.0,0.0,14,4128.0,4129.0,3,4131.0,4126.0,4136.0,4126.0,5277.0,217921700.0,136376
2023-05-10 09:01:58,jd2309,jd2309,4129.0,5.0,206450.0,2.0,3,4129.0,4130.0,33,4131.0,4126.0,4136.0,4126.0,5282.0,218128150.0,136378
2023-05-10 09:01:59,jd2309,jd2309,4130.0,1.0,41300.0,1.0,5,4129.0,4130.0,32,4131.0,4126.0,4136.0,4126.0,5283.0,218169450.0,136379
2023-05-10 09:01:59,jd2309,jd2309,4130.0,20.0,826000.0,-10.0,11,4129.0,4130.0,7,4131.0,4126.0,4136.0,4126.0,5303.0,218995450.0,136369
2023-05-10 09:02:00,jd2309,jd2309,4130.0,9.0,371660.0,-4.0,7,4129.0,4130.0,4,4131.0,4126.0,4136.0,4126.0,5312.0,219367110.0,136365
2023-05-10 09:02:00,jd2309,jd2309,4127.0,51.0,2105060.0,16.0,47,4127.0,4129.0,1,4131.0,4126.0,4136.0,4126.0,5363.0,221472170.0,136381
2023-05-10 09:02:01,jd2309,jd2309,4128.0,7.0,288980.0,0.0,8,4128.0,4129.0,4,4131.0,4126.0,4136.0,4126.0,5370.0,221761150.0,136381
2023-05-10 09:02:01,jd2309,jd2309,4127.0,12.0,495350.0,6.0,18,4127.0,4129.0,11,4131.0,4126.0,4136.0,4126.0,5382.0,222256500.0,136387
2023-05-10 09:02:02,jd2309,jd2309,4128.0,22.0,908400.0,-7.0,2,4128.0,4129.0,7,4131.0,4126.0,4136.0,4126.0,5404.0,223164900.0,136380
2023-05-10 09:02:02,jd2309,jd2309,4129.0,3.0,123850.0,3.0,23,4127.0,4129.0,8,4131.0,4126.0,4136.0,4126.0,5407.0,223288750.0,136383
2023-05-10 09:02:03,jd2309,jd2309,4129.0,1.0,41290.0,1.0,3,4128.0,4129.0,7,4131.0,4126.0,4136.0,4126.0,5408.0,223330040.0,136384
2023-05-10 09:02:03,jd2309,jd2309,4127.0,12.0,495270.0,-8.0,18,4127.0,4129.0,8,4131.0,4126.0,4136.0,4126.0,5420.0,223825310.0,136376
2023-05-10 09:02:04,jd2309,jd2309,4127.0,17.0,701600.0,2.0,2,4127.0,4128.0,9,4131.0,4126.0,4136.0,4126.0,5437.0,224526910.0,136378
2023-05-10 09:02:04,jd2309,jd2309,4127.0,2.0,82550.0,0.0,17,4127.0,4128.0,9,4131.0,4126.0,4136.0,4126.0,5439.0,224609460.0,136378
2023-05-10 09:02:05,jd2309,jd2309,4128.0,5.0,206370.0,0.0,20,4127.0,4129.0,20,4131.0,4126.0,4136.0,4126.0,5444.0,224815830.0,136378
2023-05-10 09:02:05,jd2309,jd2309,4128.0,2.0,82560.0,-1.0,23,4127.0,4129.0,21,4131.0,4126.0,4136.0,4126.0,5446.0,224898390.0,136377
2023-05-10 09:02:06,jd2309,jd2309,4129.0,21.0,867090.0,-3.0,4,4129.0,4130.0,17,4131.0,4126.0,4136.0,4126.0,5467.0,225765480.0,136374
2023-05-10 09:02:06,jd2309,jd2309,4129.0,10.0,412890.0,-1.0,10,4128.0,4129.0,4,4131.0,4126.0,4136.0,4126.0,5477.0,226178370.0,136373
2023-05-10 09:02:07,jd2309,jd2309,4128.0,2.0,82560.0,0.0,8,4128.0,4129.0,23,4131.0,4126.0,4136.0,4126.0,5479.0,226260930.0,136373
2023-05-10 09:02:07,jd2309,jd2309,4128.0,7.0,288910.0,4.0,29,4127.0,4128.0,13,4131.0,4126.0,4136.0,4126.0,5486.0,226549840.0,136377
2023-05-10 09:02:08,jd2309,jd2309,4128.0,0.0,0.0,0.0,34,4127.0,4128.0,14,4131.0,4126.0,4136.0,4126.0,5486.0,226549840.0,136377
2023-05-10 09:02:09,jd2309,jd2309,4128.0,1.0,41280.0,0.0,34,4127.0,4128.0,14,4131.0,4126.0,4136.0,4126.0,5487.0,226591120.0,136377
2023-05-10 09:02:09,jd2309,jd2309,4127.0,1.0,41270.0,1.0,34,4127.0,4128.0,16,4131.0,4126.0,4136.0,4126.0,5488.0,226632390.0,136378
2023-05-10 09:02:10,jd2309,jd2309,4128.0,16.0,660480.0,-7.0,6,4128.0,4129.0,23,4131.0,4126.0,4136.0,4126.0,5504.0,227292870.0,136371
2023-05-10 09:02:10,jd2309,jd2309,4128.0,0.0,0.0,0.0,7,4128.0,4129.0,23,4131.0,4126.0,4136.0,4126.0,5504.0,227292870.0,136371
2023-05-10 09:02:11,jd2309,jd2309,4128.0,2.0,82560.0,-1.0,5,4128.0,4129.0,23,4131.0,4126.0,4136.0,4126.0,5506.0,227375430.0,136370
2023-05-10 09:02:11,jd2309,jd2309,4129.0,24.0,990960.0,-7.0,78,4129.0,4130.0,16,4131.0,4126.0,4136.0,4126.0,5530.0,228366390.0,136363
2023-05-10 09:02:12,jd2309,jd2309,4129.0,6.0,247740.0,-4.0,72,4129.0,4130.0,16,4131.0,4126.0,4136.0,4126.0,5536.0,228614130.0,136359
2023-05-10 09:02:12,jd2309,jd2309,4129.0,5.0,206490.0,0.0,121,4129.0,4130.0,12,4131.0,4126.0,4136.0,4126.0,5541.0,228820620.0,136359
2023-05-10 09:02:13,jd2309,jd2309,4130.0,13.0,536900.0,-8.0,5,4130.0,4131.0,32,4131.0,4126.0,4136.0,4126.0,5554.0,229357520.0,136351
2023-05-10 09:02:13,jd2309,jd2309,4130.0,5.0,206520.0,-4.0,7,4130.0,4131.0,30,4131.0,4126.0,4136.0,4126.0,5559.0,229564040.0,136347
2023-05-10 09:02:14,jd2309,jd2309,4130.0,0.0,0.0,0.0,6,4130.0,4131.0,30,4131.0,4126.0,4136.0,4126.0,5559.0,229564040.0,136347
2023-05-10 09:02:14,jd2309,jd2309,4130.0,2.0,82600.0,-1.0,10,4130.0,4131.0,36,4131.0,4126.0,4136.0,4126.0,5561.0,229646640.0,136346
2023-05-10 09:02:15,jd2309,jd2309,4131.0,5.0,206520.0,-1.0,7,4130.0,4131.0,34,4131.0,4126.0,4136.0,4126.0,5566.0,229853160.0,136345
2023-05-10 09:02:15,jd2309,jd2309,4131.0,40.0,1652380.0,-30.0,14,4131.0,4132.0,19,4131.0,4126.0,4136.0,4126.0,5606.0,231505540.0,136315
2023-05-10 09:02:16,jd2309,jd2309,4131.0,7.0,289170.0,-5.0,7,4131.0,4132.0,19,4131.0,4126.0,4136.0,4126.0,5613.0,231794710.0,136310
2023-05-10 09:02:16,jd2309,jd2309,4131.0,7.0,289170.0,0.0,2,4131.0,4132.0,19,4131.0,4126.0,4136.0,4126.0,5620.0,232083880.0,136310
2023-05-10 09:02:17,jd2309,jd2309,4131.0,2.0,82620.0,0.0,6,4130.0,4131.0,3,4131.0,4126.0,4136.0,4126.0,5622.0,232166500.0,136310
2023-05-10 09:02:17,jd2309,jd2309,4130.0,2.0,82610.0,1.0,6,4130.0,4131.0,3,4131.0,4126.0,4136.0,4126.0,5624.0,232249110.0,136311
2023-05-10 09:02:18,jd2309,jd2309,4130.0,0.0,0.0,0.0,5,4130.0,4131.0,8,4131.0,4126.0,4136.0,4126.0,5624.0,232249110.0,136311
2023-05-10 09:02:18,jd2309,jd2309,4131.0,9.0,371770.0,-3.0,6,4130.0,4131.0,2,4131.0,4126.0,4136.0,4126.0,5633.0,232620880.0,136308
2023-05-10 09:02:19,jd2309,jd2309,4131.0,1.0,41310.0,0.0,6,4130.0,4131.0,2,4131.0,4126.0,4136.0,4126.0,5634.0,232662190.0,136308
2023-05-10 09:02:20,jd2309,jd2309,4131.0,1.0,41310.0,-1.0,6,4130.0,4131.0,1,4131.0,4126.0,4136.0,4126.0,5635.0,232703500.0,136307
2023-05-10 09:02:20,jd2309,jd2309,4131.0,3.0,123930.0,0.0,4,4131.0,4132.0,27,4131.0,4126.0,4136.0,4126.0,5638.0,232827430.0,136307
2023-05-10 09:02:21,jd2309,jd2309,4132.0,12.0,495680.0,6.0,7,4130.0,4132.0,26,4131.0,4126.0,4136.0,4126.0,5650.0,233323110.0,136313
2023-05-10 09:02:21,jd2309,jd2309,4132.0,14.0,578360.0,-5.0,5,4130.0,4132.0,22,4131.0,4126.0,4136.0,4126.0,5664.0,233901470.0,136308
2023-05-10 09:02:22,jd2309,jd2309,4130.0,3.0,123900.0,0.0,52,4131.0,4132.0,22,4131.0,4126.0,4136.0,4126.0,5667.0,234025370.0,136308
2023-05-10 09:02:22,jd2309,jd2309,4130.0,3.0,123900.0,-2.0,52,4131.0,4132.0,21,4131.0,4126.0,4136.0,4126.0,5670.0,234149270.0,136306
2023-05-10 09:02:23,jd2309,jd2309,4132.0,4.0,165280.0,0.0,52,4131.0,4132.0,17,4131.0,4126.0,4136.0,4126.0,5674.0,234314550.0,136306
2023-05-10 09:02:23,jd2309,jd2309,4132.0,0.0,0.0,0.0,52,4131.0,4132.0,18,4131.0,4126.0,4136.0,4126.0,5674.0,234314550.0,136306
2023-05-10 09:02:24,jd2309,jd2309,4131.0,2.0,82620.0,0.0,50,4131.0,4132.0,19,4131.0,4126.0,4136.0,4126.0,5676.0,234397170.0,136306
2023-05-10 09:02:24,jd2309,jd2309,4132.0,10.0,413190.0,-1.0,49,4131.0,4132.0,10,4131.0,4126.0,4136.0,4126.0,5686.0,234810360.0,136305
2023-05-10 09:02:25,jd2309,jd2309,4132.0,1.0,41320.0,-1.0,49,4131.0,4132.0,10,4131.0,4126.0,4136.0,4126.0,5687.0,234851680.0,136304
2023-05-10 09:02:25,jd2309,jd2309,4132.0,2.0,82640.0,0.0,49,4131.0,4132.0,18,4131.0,4126.0,4136.0,4126.0,5689.0,234934320.0,136304
2023-05-10 09:02:26,jd2309,jd2309,4131.0,3.0,123940.0,-1.0,47,4131.0,4132.0,17,4131.0,4126.0,4136.0,4126.0,5692.0,235058260.0,136303
2023-05-10 09:02:26,jd2309,jd2309,4131.0,1.0,41310.0,-1.0,46,4131.0,4132.0,22,4131.0,4126.0,4136.0,4126.0,5693.0,235099570.0,136302
2023-05-10 09:02:27,jd2309,jd2309,4131.0,0.0,0.0,0.0,47,4131.0,4132.0,22,4131.0,4126.0,4136.0,4126.0,5693.0,235099570.0,136302
2023-05-10 09:02:27,jd2309,jd2309,4131.0,5.0,206550.0,-5.0,42,4131.0,4132.0,22,4131.0,4126.0,4136.0,4126.0,5698.0,235306120.0,136297
2023-05-10 09:02:28,jd2309,jd2309,4131.0,4.0,165250.0,-2.0,42,4131.0,4132.0,21,4131.0,4126.0,4136.0,4126.0,5702.0,235471370.0,136295
2023-05-10 09:02:28,jd2309,jd2309,4131.0,6.0,247880.0,-6.0,38,4131.0,4132.0,20,4131.0,4126.0,4136.0,4126.0,5708.0,235719250.0,136289
2023-05-10 09:02:29,jd2309,jd2309,4131.0,11.0,454470.0,-7.0,33,4131.0,4132.0,22,4131.0,4126.0,4136.0,4126.0,5719.0,236173720.0,136282
2023-05-10 09:02:29,jd2309,jd2309,4131.0,5.0,206550.0,-5.0,29,4131.0,4132.0,22,4131.0,4126.0,4136.0,4126.0,5724.0,236380270.0,136277
2023-05-10 09:02:30,jd2309,jd2309,4132.0,5.0,206560.0,-5.0,25,4131.0,4132.0,21,4131.0,4126.0,4136.0,4126.0,5729.0,236586830.0,136272
2023-05-10 09:02:30,jd2309,jd2309,4131.0,27.0,1115390.0,-1.0,10,4130.0,4131.0,3,4131.0,4126.0,4136.0,4126.0,5756.0,237702220.0,136271
2023-05-10 09:02:31,jd2309,jd2309,4130.0,1.0,41300.0,1.0,9,4130.0,4131.0,7,4131.0,4126.0,4136.0,4126.0,5757.0,237743520.0,136272
2023-05-10 09:02:31,jd2309,jd2309,4130.0,0.0,0.0,0.0,3,4130.0,4131.0,11,4131.0,4126.0,4136.0,4126.0,5757.0,237743520.0,136272
2023-05-10 09:02:32,jd2309,jd2309,4131.0,17.0,702270.0,9.0,3,4130.0,4131.0,1,4131.0,4126.0,4136.0,4126.0,5774.0,238445790.0,136281
2023-05-10 09:02:33,jd2309,jd2309,4131.0,2.0,82620.0,-2.0,13,4130.0,4131.0,3,4131.0,4126.0,4136.0,4126.0,5776.0,238528410.0,136279
2023-05-10 09:02:33,jd2309,jd2309,4131.0,2.0,82620.0,1.0,13,4130.0,4131.0,2,4131.0,4126.0,4136.0,4126.0,5778.0,238611030.0,136280
2023-05-10 09:02:34,jd2309,jd2309,4131.0,4.0,165240.0,-2.0,2,4131.0,4132.0,30,4131.0,4126.0,4136.0,4126.0,5782.0,238776270.0,136278
2023-05-10 09:02:34,jd2309,jd2309,4131.0,3.0,123930.0,-2.0,13,4130.0,4132.0,30,4131.0,4126.0,4136.0,4126.0,5785.0,238900200.0,136276
2023-05-10 09:02:35,jd2309,jd2309,4132.0,4.0,165250.0,0.0,12,4130.0,4132.0,36,4131.0,4126.0,4136.0,4126.0,5789.0,239065450.0,136276
2023-05-10 09:02:35,jd2309,jd2309,4132.0,44.0,1818020.0,-20.0,59,4132.0,4133.0,45,4131.0,4126.0,4136.0,4126.0,5833.0,240883470.0,136256
2023-05-10 09:02:36,jd2309,jd2309,4132.0,4.0,165280.0,-4.0,55,4132.0,4133.0,40,4131.0,4126.0,4136.0,4126.0,5837.0,241048750.0,136252
2023-05-10 09:02:36,jd2309,jd2309,4132.0,13.0,537190.0,0.0,45,4132.0,4133.0,40,4131.0,4126.0,4136.0,4126.0,5850.0,241585940.0,136252
2023-05-10 09:02:37,jd2309,jd2309,4132.0,12.0,495940.0,8.0,43,4132.0,4133.0,29,4131.0,4126.0,4136.0,4126.0,5862.0,242081880.0,136260
2023-05-10 09:02:37,jd2309,jd2309,4132.0,2.0,82640.0,-2.0,41,4132.0,4133.0,29,4131.0,4126.0,4136.0,4126.0,5864.0,242164520.0,136258
2023-05-10 09:02:38,jd2309,jd2309,4132.0,5.0,206600.0,-4.0,36,4132.0,4133.0,27,4131.0,4126.0,4136.0,4126.0,5869.0,242371120.0,136254
2023-05-10 09:02:38,jd2309,jd2309,4132.0,2.0,82650.0,0.0,35,4132.0,4133.0,27,4131.0,4126.0,4136.0,4126.0,5871.0,242453770.0,136254
2023-05-10 09:02:39,jd2309,jd2309,4132.0,7.0,289240.0,-1.0,29,4132.0,4133.0,27,4131.0,4126.0,4136.0,4126.0,5878.0,242743010.0,136253
2023-05-10 09:02:39,jd2309,jd2309,4132.0,10.0,413230.0,0.0,22,4132.0,4133.0,24,4131.0,4126.0,4136.0,4126.0,5888.0,243156240.0,136253
2023-05-10 09:02:40,jd2309,jd2309,4133.0,14.0,578590.0,4.0,19,4132.0,4133.0,13,4131.0,4126.0,4136.0,4126.0,5902.0,243734830.0,136257
2023-05-10 09:02:40,jd2309,jd2309,4133.0,1.0,41330.0,0.0,20,4132.0,4133.0,12,4131.0,4126.0,4136.0,4126.0,5903.0,243776160.0,136257
2023-05-10 09:02:41,jd2309,jd2309,4132.0,2.0,82640.0,-1.0,18,4132.0,4133.0,12,4131.0,4126.0,4136.0,4126.0,5905.0,243858800.0,136256
2023-05-10 09:02:41,jd2309,jd2309,4132.0,0.0,0.0,0.0,18,4132.0,4133.0,13,4131.0,4126.0,4136.0,4126.0,5905.0,243858800.0,136256
2023-05-10 09:02:42,jd2309,jd2309,4132.0,3.0,123960.0,0.0,15,4132.0,4133.0,13,4131.0,4126.0,4136.0,4126.0,5908.0,243982760.0,136256
2023-05-10 09:02:42,jd2309,jd2309,4133.0,4.0,165310.0,-3.0,14,4132.0,4133.0,11,4131.0,4126.0,4136.0,4126.0,5912.0,244148070.0,136253
2023-05-10 09:02:43,jd2309,jd2309,4133.0,2.0,82660.0,0.0,15,4132.0,4133.0,9,4131.0,4126.0,4136.0,4126.0,5914.0,244230730.0,136253
2023-05-10 09:02:44,jd2309,jd2309,4132.0,7.0,289250.0,0.0,9,4132.0,4133.0,9,4131.0,4126.0,4136.0,4126.0,5921.0,244519980.0,136253
2023-05-10 09:02:44,jd2309,jd2309,4132.0,7.0,289300.0,-2.0,8,4132.0,4133.0,3,4131.0,4126.0,4136.0,4126.0,5928.0,244809280.0,136251
2023-05-10 09:02:45,jd2309,jd2309,4132.0,5.0,206620.0,0.0,6,4132.0,4133.0,4,4131.0,4126.0,4136.0,4126.0,5933.0,245015900.0,136251
2023-05-10 09:02:45,jd2309,jd2309,4132.0,7.0,289250.0,2.0,3,4131.0,4133.0,10,4131.0,4126.0,4136.0,4126.0,5940.0,245305150.0,136253
2023-05-10 09:02:46,jd2309,jd2309,4133.0,1.0,41330.0,1.0,10,4131.0,4133.0,9,4131.0,4126.0,4136.0,4126.0,5941.0,245346480.0,136254
2023-05-10 09:02:46,jd2309,jd2309,4133.0,5.0,206650.0,2.0,13,4131.0,4133.0,7,4131.0,4126.0,4136.0,4126.0,5946.0,245553130.0,136256
2023-05-10 09:02:47,jd2309,jd2309,4131.0,2.0,82620.0,2.0,11,4131.0,4132.0,10,4131.0,4126.0,4136.0,4126.0,5948.0,245635750.0,136258
2023-05-10 09:02:47,jd2309,jd2309,4133.0,16.0,661180.0,0.0,1,4132.0,4133.0,3,4131.0,4126.0,4136.0,4126.0,5964.0,246296930.0,136258
2023-05-10 09:02:48,jd2309,jd2309,4133.0,16.0,661240.0,-7.0,1,4133.0,4134.0,19,4131.0,4126.0,4136.0,4126.0,5980.0,246958170.0,136251
2023-05-10 09:02:48,jd2309,jd2309,4133.0,0.0,0.0,0.0,11,4133.0,4134.0,19,4131.0,4126.0,4136.0,4126.0,5980.0,246958170.0,136251
2023-05-10 09:02:49,jd2309,jd2309,4133.0,1.0,41330.0,0.0,11,4133.0,4134.0,21,4131.0,4126.0,4136.0,4126.0,5981.0,246999500.0,136251
2023-05-10 09:02:49,jd2309,jd2309,4133.0,0.0,0.0,0.0,11,4133.0,4134.0,20,4131.0,4126.0,4136.0,4126.0,5981.0,246999500.0,136251
2023-05-10 09:02:50,jd2309,jd2309,4133.0,18.0,744070.0,6.0,6,4133.0,4134.0,11,4131.0,4126.0,4136.0,4126.0,5999.0,247743570.0,136257
2023-05-10 09:02:50,jd2309,jd2309,4134.0,1.0,41340.0,-1.0,6,4133.0,4134.0,16,4131.0,4126.0,4136.0,4126.0,6000.0,247784910.0,136256
2023-05-10 09:02:51,jd2309,jd2309,4134.0,89.0,3679940.0,2.0,343,4134.0,4135.0,12,4131.0,4126.0,4136.0,4126.0,6089.0,251464850.0,136258
2023-05-10 09:02:51,jd2309,jd2309,4135.0,13.0,537550.0,8.0,44,4135.0,4136.0,16,4131.0,4126.0,4136.0,4126.0,6102.0,252002400.0,136266
2023-05-10 09:02:52,jd2309,jd2309,4135.0,2.0,82710.0,-1.0,37,4135.0,4136.0,15,4131.0,4126.0,4136.0,4126.0,6104.0,252085110.0,136265
2023-05-10 09:02:52,jd2309,jd2309,4136.0,2.0,82720.0,1.0,35,4135.0,4136.0,14,4131.0,4126.0,4136.0,4126.0,6106.0,252167830.0,136266
2023-05-10 09:02:53,jd2309,jd2309,4135.0,6.0,248100.0,-1.0,29,4135.0,4136.0,15,4131.0,4126.0,4136.0,4126.0,6112.0,252415930.0,136265
2023-05-10 09:02:54,jd2309,jd2309,4135.0,1.0,41350.0,1.0,30,4135.0,4136.0,15,4131.0,4126.0,4136.0,4126.0,6113.0,252457280.0,136266
2023-05-10 09:02:54,jd2309,jd2309,4136.0,4.0,165430.0,-2.0,31,4135.0,4136.0,13,4131.0,4126.0,4136.0,4126.0,6117.0,252622710.0,136264
2023-05-10 09:02:55,jd2309,jd2309,4136.0,13.0,537670.0,3.0,30,4135.0,4136.0,1,4131.0,4126.0,4136.0,4126.0,6130.0,253160380.0,136267
2023-05-10 09:02:55,jd2309,jd2309,4136.0,1.0,41360.0,-1.0,1,4136.0,4137.0,24,4131.0,4126.0,4136.0,4126.0,6131.0,253201740.0,136266
2023-05-10 09:02:56,jd2309,jd2309,4135.0,3.0,124080.0,-1.0,29,4135.0,4136.0,5,4131.0,4126.0,4137.0,4126.0,6134.0,253325820.0,136265
2023-05-10 09:02:56,jd2309,jd2309,4135.0,1.0,41350.0,1.0,28,4135.0,4136.0,7,4131.0,4126.0,4137.0,4126.0,6135.0,253367170.0,136266
2023-05-10 09:02:57,jd2309,jd2309,4135.0,10.0,413500.0,9.0,18,4135.0,4136.0,14,4131.0,4126.0,4137.0,4126.0,6145.0,253780670.0,136275
2023-05-10 09:02:58,jd2309,jd2309,4136.0,20.0,827020.0,9.0,345,4134.0,4136.0,17,4131.0,4126.0,4137.0,4126.0,6165.0,254607690.0,136284
2023-05-10 09:02:58,jd2309,jd2309,4136.0,1.0,41360.0,1.0,340,4134.0,4135.0,2,4131.0,4126.0,4137.0,4126.0,6166.0,254649050.0,136285
2023-05-10 09:02:59,jd2309,jd2309,4136.0,0.0,0.0,0.0,340,4134.0,4135.0,4,4131.0,4126.0,4137.0,4126.0,6166.0,254649050.0,136285
2023-05-10 09:02:59,jd2309,jd2309,4136.0,1.0,41360.0,0.0,340,4134.0,4135.0,4,4131.0,4126.0,4137.0,4126.0,6167.0,254690410.0,136285
2023-05-10 09:03:00,jd2309,jd2309,4135.0,119.0,4919490.0,-4.0,225,4134.0,4135.0,54,4131.0,4126.0,4137.0,4126.0,6286.0,259609900.0,136281
2023-05-10 09:03:01,jd2309,jd2309,4134.0,225.0,9301500.0,-85.0,6,4133.0,4135.0,54,4131.0,4126.0,4137.0,4126.0,6511.0,268911400.0,136196
2023-05-10 09:03:01,jd2309,jd2309,4134.0,3.0,124000.0,-1.0,22,4133.0,4134.0,4,4131.0,4126.0,4137.0,4126.0,6514.0,269035400.0,136195
2023-05-10 09:03:02,jd2309,jd2309,4133.0,1.0,41330.0,-1.0,21,4133.0,4134.0,4,4131.0,4126.0,4137.0,4126.0,6515.0,269076730.0,136194
2023-05-10 09:03:03,jd2309,jd2309,4134.0,6.0,248020.0,-2.0,1,4134.0,4135.0,57,4131.0,4126.0,4137.0,4126.0,6521.0,269324750.0,136192
2023-05-10 09:03:03,jd2309,jd2309,4134.0,5.0,206690.0,-1.0,18,4133.0,4134.0,15,4131.0,4126.0,4137.0,4126.0,6526.0,269531440.0,136191
2023-05-10 09:03:04,jd2309,jd2309,4133.0,19.0,785270.0,1.0,13,4132.0,4134.0,23,4131.0,4126.0,4137.0,4126.0,6545.0,270316710.0,136192
2023-05-10 09:03:04,jd2309,jd2309,4133.0,0.0,0.0,0.0,14,4132.0,4133.0,8,4131.0,4126.0,4137.0,4126.0,6545.0,270316710.0,136192
2023-05-10 09:03:05,jd2309,jd2309,4132.0,27.0,1115970.0,13.0,9,4132.0,4134.0,11,4131.0,4126.0,4137.0,4126.0,6572.0,271432680.0,136205
2023-05-10 09:03:05,jd2309,jd2309,4132.0,0.0,0.0,0.0,1,4133.0,4134.0,13,4131.0,4126.0,4137.0,4126.0,6572.0,271432680.0,136205
2023-05-10 09:03:06,jd2309,jd2309,4132.0,5.0,206660.0,-1.0,8,4132.0,4133.0,5,4131.0,4126.0,4137.0,4126.0,6577.0,271639340.0,136204
2023-05-10 09:03:07,jd2309,jd2309,4133.0,10.0,413230.0,4.0,12,4131.0,4133.0,13,4131.0,4126.0,4137.0,4126.0,6587.0,272052570.0,136208
2023-05-10 09:03:07,jd2309,jd2309,4133.0,0.0,0.0,0.0,2,4132.0,4133.0,22,4131.0,4126.0,4137.0,4126.0,6587.0,272052570.0,136208
2023-05-10 09:03:08,jd2309,jd2309,4132.0,3.0,123960.0,2.0,12,4131.0,4133.0,23,4131.0,4126.0,4137.0,4126.0,6590.0,272176530.0,136210
2023-05-10 09:03:09,jd2309,jd2309,4132.0,0.0,0.0,0.0,12,4131.0,4133.0,25,4131.0,4126.0,4137.0,4126.0,6590.0,272176530.0,136210
2023-05-10 09:03:09,jd2309,jd2309,4133.0,1.0,41330.0,0.0,12,4131.0,4132.0,1,4131.0,4126.0,4137.0,4126.0,6591.0,272217860.0,136210
2023-05-10 09:03:10,jd2309,jd2309,4132.0,14.0,578420.0,9.0,9,4131.0,4132.0,1,4131.0,4126.0,4137.0,4126.0,6605.0,272796280.0,136219
2023-05-10 09:03:10,jd2309,jd2309,4132.0,2.0,82640.0,0.0,11,4131.0,4132.0,1,4131.0,4126.0,4137.0,4126.0,6607.0,272878920.0,136219
2023-05-10 09:03:11,jd2309,jd2309,4131.0,11.0,454410.0,1.0,3,4131.0,4132.0,7,4131.0,4126.0,4137.0,4126.0,6618.0,273333330.0,136220
2023-05-10 09:03:11,jd2309,jd2309,4131.0,0.0,0.0,0.0,8,4131.0,4132.0,12,4131.0,4126.0,4137.0,4126.0,6618.0,273333330.0,136220
2023-05-10 09:03:12,jd2309,jd2309,4131.0,0.0,0.0,0.0,7,4131.0,4132.0,12,4131.0,4126.0,4137.0,4126.0,6618.0,273333330.0,136220
2023-05-10 09:03:12,jd2309,jd2309,4131.0,0.0,0.0,0.0,10,4131.0,4132.0,12,4131.0,4126.0,4137.0,4126.0,6618.0,273333330.0,136220
2023-05-10 09:03:13,jd2309,jd2309,4131.0,0.0,0.0,0.0,10,4131.0,4132.0,13,4131.0,4126.0,4137.0,4126.0,6618.0,273333330.0,136220
2023-05-10 09:03:13,jd2309,jd2309,4131.0,1.0,41310.0,0.0,14,4131.0,4132.0,15,4131.0,4126.0,4137.0,4126.0,6619.0,273374640.0,136220
2023-05-10 09:03:14,jd2309,jd2309,4132.0,13.0,537110.0,1.0,9,4131.0,4132.0,7,4131.0,4126.0,4137.0,4126.0,6632.0,273911750.0,136221
2023-05-10 09:03:14,jd2309,jd2309,4132.0,1.0,41320.0,0.0,9,4131.0,4132.0,6,4131.0,4126.0,4137.0,4126.0,6633.0,273953070.0,136221
2023-05-10 09:03:15,jd2309,jd2309,4131.0,3.0,123950.0,0.0,15,4131.0,4132.0,4,4131.0,4126.0,4137.0,4126.0,6636.0,274077020.0,136221
2023-05-10 09:03:15,jd2309,jd2309,4131.0,10.0,413120.0,3.0,7,4131.0,4132.0,7,4131.0,4126.0,4137.0,4126.0,6646.0,274490140.0,136224
2023-05-10 09:03:16,jd2309,jd2309,4131.0,1.0,41310.0,1.0,3,4131.0,4132.0,13,4131.0,4126.0,4137.0,4126.0,6647.0,274531450.0,136225
2023-05-10 09:03:16,jd2309,jd2309,4132.0,4.0,165260.0,-4.0,3,4131.0,4132.0,11,4131.0,4126.0,4137.0,4126.0,6651.0,274696710.0,136221
2023-05-10 09:03:17,jd2309,jd2309,4131.0,3.0,123930.0,-3.0,19,4130.0,4131.0,8,4131.0,4126.0,4137.0,4126.0,6654.0,274820640.0,136218
2023-05-10 09:03:17,jd2309,jd2309,4131.0,0.0,0.0,0.0,22,4130.0,4131.0,48,4131.0,4126.0,4137.0,4126.0,6654.0,274820640.0,136218
2023-05-10 09:03:18,jd2309,jd2309,4130.0,3.0,123920.0,1.0,15,4130.0,4131.0,47,4131.0,4126.0,4137.0,4126.0,6657.0,274944560.0,136219
2023-05-10 09:03:18,jd2309,jd2309,4130.0,0.0,0.0,0.0,17,4130.0,4131.0,48,4131.0,4126.0,4137.0,4126.0,6657.0,274944560.0,136219
2023-05-10 09:03:19,jd2309,jd2309,4131.0,20.0,826180.0,3.0,15,4130.0,4131.0,30,4131.0,4126.0,4137.0,4126.0,6677.0,275770740.0,136222
2023-05-10 09:03:19,jd2309,jd2309,4131.0,21.0,867510.0,19.0,17,4130.0,4131.0,15,4131.0,4126.0,4137.0,4126.0,6698.0,276638250.0,136241
2023-05-10 09:03:20,jd2309,jd2309,4131.0,2.0,82620.0,1.0,23,4130.0,4131.0,13,4131.0,4126.0,4137.0,4126.0,6700.0,276720870.0,136242
2023-05-10 09:03:20,jd2309,jd2309,4130.0,9.0,371730.0,1.0,17,4130.0,4131.0,10,4131.0,4126.0,4137.0,4126.0,6709.0,277092600.0,136243
2023-05-10 09:03:21,jd2309,jd2309,4130.0,6.0,247800.0,-2.0,16,4130.0,4131.0,11,4131.0,4126.0,4137.0,4126.0,6715.0,277340400.0,136241
2023-05-10 09:03:21,jd2309,jd2309,4130.0,19.0,784700.0,-10.0,131,4129.0,4130.0,8,4131.0,4126.0,4137.0,4126.0,6734.0,278125100.0,136231
2023-05-10 09:03:22,jd2309,jd2309,4129.0,5.0,206470.0,-2.0,128,4129.0,4130.0,6,4131.0,4126.0,4137.0,4126.0,6739.0,278331570.0,136229
2023-05-10 09:03:22,jd2309,jd2309,4129.0,3.0,123870.0,0.0,125,4129.0,4130.0,6,4131.0,4126.0,4137.0,4126.0,6742.0,278455440.0,136229
2023-05-10 09:03:22,jd2309,jd2309,4131.0,18.0,743510.0,-7.0,32,4131.0,4132.0,18,4131.0,4126.0,4137.0,4126.0,6760.0,279198950.0,136222
2023-05-10 09:03:23,jd2309,jd2309,4131.0,1.0,41310.0,0.0,31,4131.0,4132.0,18,4131.0,4126.0,4137.0,4126.0,6761.0,279240260.0,136222
2023-05-10 09:03:24,jd2309,jd2309,4131.0,0.0,0.0,0.0,31,4131.0,4132.0,28,4131.0,4126.0,4137.0,4126.0,6761.0,279240260.0,136222
2023-05-10 09:03:24,jd2309,jd2309,4131.0,11.0,454420.0,0.0,21,4131.0,4132.0,27,4131.0,4126.0,4137.0,4126.0,6772.0,279694680.0,136222
2023-05-10 09:03:25,jd2309,jd2309,4131.0,2.0,82620.0,0.0,20,4131.0,4132.0,27,4131.0,4126.0,4137.0,4126.0,6774.0,279777300.0,136222
2023-05-10 09:03:25,jd2309,jd2309,4132.0,1.0,41320.0,0.0,20,4131.0,4132.0,26,4131.0,4126.0,4137.0,4126.0,6775.0,279818620.0,136222
2023-05-10 09:03:26,jd2309,jd2309,4130.0,25.0,1032700.0,-11.0,7,4130.0,4131.0,33,4131.0,4126.0,4137.0,4126.0,6800.0,280851320.0,136211
2023-05-10 09:03:26,jd2309,jd2309,4130.0,10.0,413000.0,5.0,126,4129.0,4130.0,5,4131.0,4126.0,4137.0,4126.0,6810.0,281264320.0,136216
2023-05-10 09:03:27,jd2309,jd2309,4129.0,18.0,743220.0,-18.0,108,4129.0,4130.0,5,4131.0,4126.0,4137.0,4126.0,6828.0,282007540.0,136198
2023-05-10 09:03:27,jd2309,jd2309,4129.0,4.0,165160.0,-4.0,104,4129.0,4130.0,7,4131.0,4126.0,4137.0,4126.0,6832.0,282172700.0,136194
2023-05-10 09:03:28,jd2309,jd2309,4130.0,6.0,247790.0,1.0,103,4129.0,4130.0,3,4131.0,4126.0,4137.0,4126.0,6838.0,282420490.0,136195
2023-05-10 09:03:29,jd2309,jd2309,4130.0,8.0,330400.0,-3.0,6,4130.0,4131.0,11,4131.0,4126.0,4137.0,4126.0,6846.0,282750890.0,136192
2023-05-10 09:03:29,jd2309,jd2309,4130.0,1.0,41300.0,0.0,5,4130.0,4131.0,11,4131.0,4126.0,4137.0,4126.0,6847.0,282792190.0,136192
2023-05-10 09:03:30,jd2309,jd2309,4130.0,0.0,0.0,0.0,7,4130.0,4131.0,11,4131.0,4126.0,4137.0,4126.0,6847.0,282792190.0,136192
2023-05-10 09:03:30,jd2309,jd2309,4131.0,10.0,413000.0,4.0,1,4130.0,4131.0,25,4131.0,4126.0,4137.0,4126.0,6857.0,283205190.0,136196
2023-05-10 09:03:31,jd2309,jd2309,4130.0,1.0,41300.0,0.0,102,4129.0,4130.0,5,4131.0,4126.0,4137.0,4126.0,6858.0,283246490.0,136196
2023-05-10 09:03:31,jd2309,jd2309,4129.0,3.0,123880.0,-2.0,96,4129.0,4130.0,45,4131.0,4126.0,4137.0,4126.0,6861.0,283370370.0,136194
2023-05-10 09:03:32,jd2309,jd2309,4129.0,0.0,0.0,0.0,95,4129.0,4130.0,45,4131.0,4126.0,4137.0,4126.0,6861.0,283370370.0,136194
2023-05-10 09:03:32,jd2309,jd2309,4130.0,42.0,1734200.0,-2.0,55,4129.0,4130.0,12,4131.0,4126.0,4137.0,4126.0,6903.0,285104570.0,136192
2023-05-10 09:03:33,jd2309,jd2309,4130.0,1.0,41300.0,0.0,55,4129.0,4130.0,11,4131.0,4126.0,4137.0,4126.0,6904.0,285145870.0,136192
2023-05-10 09:03:34,jd2309,jd2309,4129.0,2.0,82580.0,0.0,53,4129.0,4130.0,12,4131.0,4126.0,4137.0,4126.0,6906.0,285228450.0,136192
2023-05-10 09:03:35,jd2309,jd2309,4130.0,21.0,867150.0,-17.0,38,4129.0,4130.0,11,4131.0,4126.0,4137.0,4126.0,6927.0,286095600.0,136175
2023-05-10 09:03:35,jd2309,jd2309,4129.0,17.0,701940.0,-16.0,22,4129.0,4130.0,11,4131.0,4126.0,4137.0,4126.0,6944.0,286797540.0,136159
2023-05-10 09:03:36,jd2309,jd2309,4129.0,1.0,41290.0,-1.0,22,4129.0,4130.0,11,4131.0,4126.0,4137.0,4126.0,6945.0,286838830.0,136158
2023-05-10 09:03:36,jd2309,jd2309,4130.0,19.0,784700.0,16.0,2,4130.0,4131.0,23,4131.0,4126.0,4137.0,4126.0,6964.0,287623530.0,136174
2023-05-10 09:03:37,jd2309,jd2309,4130.0,30.0,1239000.0,-22.0,23,4130.0,4131.0,29,4131.0,4126.0,4137.0,4126.0,6994.0,288862530.0,136152
2023-05-10 09:03:37,jd2309,jd2309,4130.0,13.0,536900.0,-8.0,10,4130.0,4131.0,29,4131.0,4126.0,4137.0,4126.0,7007.0,289399430.0,136144
2023-05-10 09:03:38,jd2309,jd2309,4130.0,10.0,413000.0,1.0,22,4129.0,4130.0,15,4131.0,4126.0,4137.0,4126.0,7017.0,289812430.0,136145
2023-05-10 09:03:38,jd2309,jd2309,4130.0,0.0,0.0,0.0,22,4129.0,4130.0,16,4131.0,4126.0,4137.0,4126.0,7017.0,289812430.0,136145
2023-05-10 09:03:39,jd2309,jd2309,4129.0,1.0,41290.0,0.0,23,4129.0,4130.0,19,4131.0,4126.0,4137.0,4126.0,7018.0,289853720.0,136145
2023-05-10 09:03:39,jd2309,jd2309,4130.0,2.0,82600.0,2.0,30,4129.0,4130.0,17,4131.0,4126.0,4137.0,4126.0,7020.0,289936320.0,136147
2023-05-10 09:03:40,jd2309,jd2309,4129.0,5.0,206470.0,0.0,27,4129.0,4130.0,15,4131.0,4126.0,4137.0,4126.0,7025.0,290142790.0,136147
2023-05-10 09:03:40,jd2309,jd2309,4130.0,2.0,82600.0,0.0,33,4129.0,4130.0,13,4131.0,4126.0,4137.0,4126.0,7027.0,290225390.0,136147
2023-05-10 09:03:41,jd2309,jd2309,4130.0,14.0,578200.0,-2.0,36,4130.0,4131.0,27,4131.0,4126.0,4137.0,4126.0,7041.0,290803590.0,136145
2023-05-10 09:03:41,jd2309,jd2309,4130.0,1.0,41300.0,-1.0,35,4130.0,4131.0,27,4131.0,4126.0,4137.0,4126.0,7042.0,290844890.0,136144
2023-05-10 09:03:42,jd2309,jd2309,4130.0,0.0,0.0,0.0,35,4130.0,4131.0,31,4131.0,4126.0,4137.0,4126.0,7042.0,290844890.0,136144
2023-05-10 09:03:43,jd2309,jd2309,4130.0,3.0,123920.0,-2.0,36,4130.0,4131.0,29,4131.0,4126.0,4137.0,4126.0,7045.0,290968810.0,136142
2023-05-10 09:03:44,jd2309,jd2309,4131.0,2.0,82620.0,0.0,36,4130.0,4131.0,27,4131.0,4126.0,4137.0,4126.0,7047.0,291051430.0,136142
2023-05-10 09:03:44,jd2309,jd2309,4130.0,5.0,206500.0,-5.0,32,4130.0,4131.0,28,4131.0,4126.0,4137.0,4126.0,7052.0,291257930.0,136137
2023-05-10 09:03:45,jd2309,jd2309,4131.0,20.0,826020.0,-13.0,14,4130.0,4131.0,26,4131.0,4126.0,4137.0,4126.0,7072.0,292083950.0,136124
2023-05-10 09:03:45,jd2309,jd2309,4130.0,3.0,123910.0,0.0,12,4130.0,4131.0,25,4131.0,4126.0,4137.0,4126.0,7075.0,292207860.0,136124
2023-05-10 09:03:46,jd2309,jd2309,4130.0,0.0,0.0,0.0,12,4130.0,4131.0,28,4131.0,4126.0,4137.0,4126.0,7075.0,292207860.0,136124
2023-05-10 09:03:46,jd2309,jd2309,4130.0,0.0,0.0,0.0,14,4130.0,4131.0,28,4131.0,4126.0,4137.0,4126.0,7075.0,292207860.0,136124
2023-05-10 09:03:46,jd2309,jd2309,4130.0,8.0,330400.0,-8.0,6,4130.0,4131.0,28,4131.0,4126.0,4137.0,4126.0,7083.0,292538260.0,136116
2023-05-10 09:03:47,jd2309,jd2309,4130.0,0.0,0.0,0.0,7,4130.0,4131.0,28,4131.0,4126.0,4137.0,4126.0,7083.0,292538260.0,136116
2023-05-10 09:03:48,jd2309,jd2309,4131.0,10.0,413100.0,-4.0,7,4130.0,4131.0,19,4131.0,4126.0,4137.0,4126.0,7093.0,292951360.0,136112
2023-05-10 09:03:48,jd2309,jd2309,4131.0,0.0,0.0,0.0,12,4130.0,4131.0,20,4131.0,4126.0,4137.0,4126.0,7093.0,292951360.0,136112
2023-05-10 09:03:49,jd2309,jd2309,4130.0,10.0,413000.0,-3.0,1,4130.0,4131.0,20,4131.0,4126.0,4137.0,4126.0,7103.0,293364360.0,136109
2023-05-10 09:03:49,jd2309,jd2309,4130.0,0.0,0.0,0.0,6,4130.0,4131.0,21,4131.0,4126.0,4137.0,4126.0,7103.0,293364360.0,136109
2023-05-10 09:03:50,jd2309,jd2309,4129.0,12.0,495560.0,3.0,35,4129.0,4130.0,22,4131.0,4126.0,4137.0,4126.0,7115.0,293859920.0,136112
2023-05-10 09:03:50,jd2309,jd2309,4130.0,1.0,41300.0,0.0,38,4129.0,4130.0,23,4131.0,4126.0,4137.0,4126.0,7116.0,293901220.0,136112
2023-05-10 09:03:51,jd2309,jd2309,4129.0,1.0,41290.0,0.0,37,4129.0,4130.0,29,4131.0,4126.0,4137.0,4126.0,7117.0,293942510.0,136112
2023-05-10 09:03:51,jd2309,jd2309,4130.0,2.0,82600.0,2.0,37,4129.0,4130.0,27,4131.0,4126.0,4137.0,4126.0,7119.0,294025110.0,136114
2023-05-10 09:03:52,jd2309,jd2309,4130.0,0.0,0.0,0.0,37,4129.0,4130.0,33,4131.0,4126.0,4137.0,4126.0,7119.0,294025110.0,136114
2023-05-10 09:03:52,jd2309,jd2309,4130.0,34.0,1404200.0,-6.0,16,4130.0,4131.0,12,4131.0,4126.0,4137.0,4126.0,7153.0,295429310.0,136108
2023-05-10 09:03:53,jd2309,jd2309,4130.0,4.0,165200.0,-4.0,12,4130.0,4131.0,18,4131.0,4126.0,4137.0,4126.0,7157.0,295594510.0,136104
2023-05-10 09:03:53,jd2309,jd2309,4130.0,10.0,413000.0,-10.0,2,4130.0,4131.0,19,4131.0,4126.0,4137.0,4126.0,7167.0,296007510.0,136094
2023-05-10 09:03:54,jd2309,jd2309,4130.0,3.0,123920.0,1.0,1,4130.0,4131.0,17,4131.0,4126.0,4137.0,4126.0,7170.0,296131430.0,136095
2023-05-10 09:03:54,jd2309,jd2309,4130.0,3.0,123900.0,-3.0,35,4129.0,4130.0,11,4131.0,4126.0,4137.0,4126.0,7173.0,296255330.0,136092
2023-05-10 09:03:55,jd2309,jd2309,4130.0,2.0,82600.0,-1.0,35,4129.0,4130.0,12,4131.0,4126.0,4137.0,4126.0,7175.0,296337930.0,136091
2023-05-10 09:03:55,jd2309,jd2309,4131.0,33.0,1363060.0,11.0,3,4130.0,4131.0,10,4131.0,4126.0,4137.0,4126.0,7208.0,297700990.0,136102
2023-05-10 09:03:56,jd2309,jd2309,4131.0,3.0,123890.0,-2.0,6,4130.0,4131.0,10,4131.0,4126.0,4137.0,4126.0,7211.0,297824880.0,136100
2023-05-10 09:03:56,jd2309,jd2309,4131.0,1.0,41310.0,-1.0,7,4130.0,4131.0,9,4131.0,4126.0,4137.0,4126.0,7212.0,297866190.0,136099
2023-05-10 09:03:57,jd2309,jd2309,4130.0,1.0,41300.0,1.0,6,4130.0,4131.0,9,4131.0,4126.0,4137.0,4126.0,7213.0,297907490.0,136100
2023-05-10 09:03:58,jd2309,jd2309,4130.0,3.0,123910.0,2.0,4,4130.0,4131.0,8,4131.0,4126.0,4137.0,4126.0,7216.0,298031400.0,136102
2023-05-10 09:03:59,jd2309,jd2309,4130.0,0.0,0.0,0.0,4,4130.0,4131.0,13,4131.0,4126.0,4137.0,4126.0,7216.0,298031400.0,136102
2023-05-10 09:03:59,jd2309,jd2309,4130.0,2.0,82600.0,2.0,2,4130.0,4131.0,13,4131.0,4126.0,4137.0,4126.0,7218.0,298114000.0,136104
2023-05-10 09:04:00,jd2309,jd2309,4129.0,3.0,123890.0,0.0,29,4129.0,4130.0,6,4131.0,4126.0,4137.0,4126.0,7221.0,298237890.0,136104
2023-05-10 09:04:00,jd2309,jd2309,4130.0,7.0,289100.0,0.0,4,4130.0,4131.0,14,4131.0,4126.0,4137.0,4126.0,7228.0,298526990.0,136104
2023-05-10 09:04:01,jd2309,jd2309,4130.0,1.0,41300.0,1.0,3,4130.0,4131.0,14,4131.0,4126.0,4137.0,4126.0,7229.0,298568290.0,136105
2023-05-10 09:04:01,jd2309,jd2309,4130.0,3.0,123900.0,0.0,30,4129.0,4130.0,7,4131.0,4126.0,4137.0,4126.0,7232.0,298692190.0,136105
2023-05-10 09:04:02,jd2309,jd2309,4130.0,1.0,41300.0,-1.0,33,4129.0,4130.0,6,4131.0,4126.0,4137.0,4126.0,7233.0,298733490.0,136104
2023-05-10 09:04:02,jd2309,jd2309,4130.0,20.0,826120.0,-7.0,8,4130.0,4131.0,13,4131.0,4126.0,4137.0,4126.0,7253.0,299559610.0,136097
2023-05-10 09:04:03,jd2309,jd2309,4130.0,2.0,82600.0,0.0,26,4129.0,4131.0,13,4131.0,4126.0,4137.0,4126.0,7255.0,299642210.0,136097
2023-05-10 09:04:03,jd2309,jd2309,4130.0,0.0,0.0,0.0,3,4130.0,4131.0,13,4131.0,4126.0,4137.0,4126.0,7255.0,299642210.0,136097
2023-05-10 09:04:04,jd2309,jd2309,4131.0,21.0,867500.0,0.0,30,4131.0,4132.0,28,4131.0,4126.0,4137.0,4126.0,7276.0,300509710.0,136097
2023-05-10 09:04:04,jd2309,jd2309,4131.0,2.0,82620.0,-2.0,31,4131.0,4132.0,24,4131.0,4126.0,4137.0,4126.0,7278.0,300592330.0,136095
2023-05-10 09:04:05,jd2309,jd2309,4132.0,1.0,41320.0,0.0,31,4131.0,4132.0,27,4131.0,4126.0,4137.0,4126.0,7279.0,300633650.0,136095
2023-05-10 09:04:06,jd2309,jd2309,4131.0,2.0,82620.0,-1.0,29,4131.0,4132.0,27,4131.0,4126.0,4137.0,4126.0,7281.0,300716270.0,136094
2023-05-10 09:04:06,jd2309,jd2309,4132.0,13.0,537100.0,-1.0,23,4131.0,4132.0,20,4131.0,4126.0,4137.0,4126.0,7294.0,301253370.0,136093
2023-05-10 09:04:07,jd2309,jd2309,4132.0,1.0,41320.0,1.0,23,4131.0,4132.0,19,4131.0,4126.0,4137.0,4126.0,7295.0,301294690.0,136094
2023-05-10 09:04:08,jd2309,jd2309,4131.0,1.0,41310.0,0.0,22,4131.0,4132.0,20,4131.0,4126.0,4137.0,4126.0,7296.0,301336000.0,136094
2023-05-10 09:04:09,jd2309,jd2309,4131.0,8.0,330510.0,-2.0,17,4131.0,4132.0,17,4131.0,4126.0,4137.0,4126.0,7304.0,301666510.0,136092
2023-05-10 09:04:10,jd2309,jd2309,4132.0,2.0,82640.0,2.0,19,4131.0,4132.0,15,4131.0,4126.0,4137.0,4126.0,7306.0,301749150.0,136094
2023-05-10 09:04:10,jd2309,jd2309,4132.0,2.0,82640.0,1.0,19,4131.0,4132.0,13,4131.0,4126.0,4137.0,4126.0,7308.0,301831790.0,136095
2023-05-10 09:04:11,jd2309,jd2309,4131.0,2.0,82630.0,0.0,18,4131.0,4132.0,12,4131.0,4126.0,4137.0,4126.0,7310.0,301914420.0,136095
2023-05-10 09:04:11,jd2309,jd2309,4131.0,11.0,454410.0,-10.0,7,4131.0,4132.0,13,4131.0,4126.0,4137.0,4126.0,7321.0,302368830.0,136085
2023-05-10 09:04:12,jd2309,jd2309,4131.0,0.0,0.0,0.0,8,4131.0,4132.0,13,4131.0,4126.0,4137.0,4126.0,7321.0,302368830.0,136085
2023-05-10 09:04:12,jd2309,jd2309,4131.0,2.0,82620.0,-2.0,15,4131.0,4132.0,22,4131.0,4126.0,4137.0,4126.0,7323.0,302451450.0,136083
2023-05-10 09:04:13,jd2309,jd2309,4132.0,42.0,1735440.0,-26.0,9,4132.0,4133.0,33,4131.0,4126.0,4137.0,4126.0,7365.0,304186890.0,136057
2023-05-10 09:04:13,jd2309,jd2309,4132.0,6.0,247920.0,-6.0,9,4131.0,4132.0,7,4131.0,4126.0,4137.0,4126.0,7371.0,304434810.0,136051
2023-05-10 09:04:14,jd2309,jd2309,4131.0,7.0,289170.0,1.0,5,4131.0,4132.0,7,4131.0,4126.0,4137.0,4126.0,7378.0,304723980.0,136052
2023-05-10 09:04:14,jd2309,jd2309,4132.0,1.0,41320.0,0.0,5,4131.0,4132.0,6,4131.0,4126.0,4137.0,4126.0,7379.0,304765300.0,136052
2023-05-10 09:04:15,jd2309,jd2309,4132.0,3.0,123950.0,-1.0,4,4131.0,4132.0,4,4131.0,4126.0,4137.0,4126.0,7382.0,304889250.0,136051
2023-05-10 09:04:16,jd2309,jd2309,4131.0,3.0,123930.0,0.0,7,4131.0,4132.0,8,4131.0,4126.0,4137.0,4126.0,7385.0,305013180.0,136051
2023-05-10 09:04:16,jd2309,jd2309,4131.0,0.0,0.0,0.0,10,4131.0,4132.0,8,4131.0,4126.0,4137.0,4126.0,7385.0,305013180.0,136051
2023-05-10 09:04:17,jd2309,jd2309,4131.0,0.0,0.0,0.0,10,4131.0,4132.0,9,4131.0,4126.0,4137.0,4126.0,7385.0,305013180.0,136051
2023-05-10 09:04:17,jd2309,jd2309,4131.0,0.0,0.0,0.0,14,4131.0,4132.0,9,4131.0,4126.0,4137.0,4126.0,7385.0,305013180.0,136051
2023-05-10 09:04:18,jd2309,jd2309,4131.0,1.0,41310.0,-1.0,13,4131.0,4132.0,9,4131.0,4126.0,4137.0,4126.0,7386.0,305054490.0,136050
2023-05-10 09:04:18,jd2309,jd2309,4131.0,1.0,41310.0,-1.0,13,4131.0,4132.0,9,4131.0,4126.0,4137.0,4126.0,7387.0,305095800.0,136049
2023-05-10 09:04:19,jd2309,jd2309,4131.0,16.0,660970.0,-8.0,12,4130.0,4132.0,14,4131.0,4126.0,4137.0,4126.0,7403.0,305756770.0,136041
2023-05-10 09:04:19,jd2309,jd2309,4132.0,3.0,123960.0,3.0,14,4130.0,4132.0,16,4131.0,4126.0,4137.0,4126.0,7406.0,305880730.0,136044
2023-05-10 09:04:20,jd2309,jd2309,4133.0,20.0,826430.0,-6.0,14,4130.0,4133.0,30,4131.0,4126.0,4137.0,4126.0,7426.0,306707160.0,136038
2023-05-10 09:04:20,jd2309,jd2309,4132.0,1.0,41320.0,0.0,3,4131.0,4132.0,12,4131.0,4126.0,4137.0,4126.0,7427.0,306748480.0,136038
2023-05-10 09:04:21,jd2309,jd2309,4132.0,2.0,82640.0,0.0,3,4131.0,4132.0,9,4131.0,4126.0,4137.0,4126.0,7429.0,306831120.0,136038
2023-05-10 09:04:21,jd2309,jd2309,4132.0,0.0,0.0,0.0,5,4131.0,4132.0,9,4131.0,4126.0,4137.0,4126.0,7429.0,306831120.0,136038
2023-05-10 09:04:22,jd2309,jd2309,4133.0,25.0,1033160.0,1.0,11,4131.0,4133.0,15,4131.0,4126.0,4137.0,4126.0,7454.0,307864280.0,136039
2023-05-10 09:04:22,jd2309,jd2309,4133.0,0.0,0.0,0.0,11,4131.0,4132.0,2,4131.0,4126.0,4137.0,4126.0,7454.0,307864280.0,136039
2023-05-10 09:04:23,jd2309,jd2309,4132.0,5.0,206600.0,4.0,11,4132.0,4133.0,15,4131.0,4126.0,4137.0,4126.0,7459.0,308070880.0,136043
2023-05-10 09:04:23,jd2309,jd2309,4131.0,41.0,1694160.0,-11.0,5,4131.0,4132.0,1,4131.0,4126.0,4137.0,4126.0,7500.0,309765040.0,136032
2023-05-10 09:04:24,jd2309,jd2309,4132.0,13.0,537160.0,-12.0,7,4131.0,4132.0,10,4131.0,4126.0,4137.0,4126.0,7513.0,310302200.0,136020
2023-05-10 09:04:24,jd2309,jd2309,4131.0,5.0,206550.0,0.0,12,4131.0,4132.0,10,4131.0,4126.0,4137.0,4126.0,7518.0,310508750.0,136020
2023-05-10 09:04:25,jd2309,jd2309,4131.0,41.0,1693460.0,-22.0,6,4130.0,4131.0,3,4131.0,4126.0,4137.0,4126.0,7559.0,312202210.0,135998
2023-05-10 09:04:25,jd2309,jd2309,4132.0,23.0,950500.0,-1.0,12,4130.0,4131.0,1,4131.0,4126.0,4137.0,4126.0,7582.0,313152710.0,135997
2023-05-10 09:04:26,jd2309,jd2309,4132.0,2.0,82630.0,-1.0,6,4131.0,4132.0,6,4131.0,4126.0,4137.0,4126.0,7584.0,313235340.0,135996
2023-05-10 09:04:26,jd2309,jd2309,4131.0,1.0,41310.0,0.0,5,4131.0,4132.0,6,4131.0,4126.0,4137.0,4126.0,7585.0,313276650.0,135996
2023-05-10 09:04:27,jd2309,jd2309,4132.0,12.0,495840.0,-6.0,8,4132.0,4133.0,7,4131.0,4126.0,4137.0,4126.0,7597.0,313772490.0,135990
2023-05-10 09:04:27,jd2309,jd2309,4132.0,8.0,330560.0,-7.0,13,4131.0,4133.0,14,4131.0,4126.0,4137.0,4126.0,7605.0,314103050.0,135983
2023-05-10 09:04:28,jd2309,jd2309,4131.0,3.0,123930.0,-2.0,10,4131.0,4133.0,16,4131.0,4126.0,4137.0,4126.0,7608.0,314226980.0,135981
2023-05-10 09:04:28,jd2309,jd2309,4131.0,0.0,0.0,0.0,5,4131.0,4132.0,12,4131.0,4126.0,4137.0,4126.0,7608.0,314226980.0,135981
2023-05-10 09:04:29,jd2309,jd2309,4131.0,23.0,950410.0,-10.0,1,4132.0,4133.0,8,4131.0,4126.0,4137.0,4126.0,7631.0,315177390.0,135971
2023-05-10 09:04:29,jd2309,jd2309,4132.0,5.0,206600.0,-1.0,6,4131.0,4132.0,4,4131.0,4126.0,4137.0,4126.0,7636.0,315383990.0,135970
2023-05-10 09:04:29,jd2309,jd2309,4132.0,0.0,0.0,0.0,7,4131.0,4132.0,4,4131.0,4126.0,4137.0,4126.0,7636.0,315383990.0,135970
2023-05-10 09:04:30,jd2309,jd2309,4132.0,1.0,41320.0,0.0,7,4131.0,4132.0,4,4131.0,4126.0,4137.0,4126.0,7637.0,315425310.0,135970
2023-05-10 09:04:31,jd2309,jd2309,4131.0,1.0,41310.0,0.0,6,4131.0,4132.0,4,4131.0,4126.0,4137.0,4126.0,7638.0,315466620.0,135970
2023-05-10 09:04:31,jd2309,jd2309,4133.0,21.0,867890.0,-9.0,13,4133.0,4134.0,16,4131.0,4126.0,4137.0,4126.0,7659.0,316334510.0,135961
2023-05-10 09:04:32,jd2309,jd2309,4132.0,23.0,950490.0,-13.0,40,4132.0,4133.0,17,4131.0,4126.0,4137.0,4126.0,7682.0,317285000.0,135948
2023-05-10 09:04:32,jd2309,jd2309,4132.0,7.0,289260.0,-2.0,36,4132.0,4133.0,15,4131.0,4126.0,4137.0,4126.0,7689.0,317574260.0,135946
2023-05-10 09:04:33,jd2309,jd2309,4132.0,0.0,0.0,0.0,39,4132.0,4133.0,15,4131.0,4126.0,4137.0,4126.0,7689.0,317574260.0,135946
2023-05-10 09:04:34,jd2309,jd2309,4132.0,1.0,41320.0,-1.0,38,4132.0,4133.0,15,4131.0,4126.0,4137.0,4126.0,7690.0,317615580.0,135945
2023-05-10 09:04:34,jd2309,jd2309,4133.0,10.0,413300.0,4.0,38,4132.0,4133.0,5,4131.0,4126.0,4137.0,4126.0,7700.0,318028880.0,135949
2023-05-10 09:04:35,jd2309,jd2309,4133.0,5.0,206650.0,5.0,6,4133.0,4134.0,23,4131.0,4126.0,4137.0,4126.0,7705.0,318235530.0,135954
2023-05-10 09:04:35,jd2309,jd2309,4133.0,1.0,41330.0,-1.0,6,4133.0,4134.0,17,4131.0,4126.0,4137.0,4126.0,7706.0,318276860.0,135953
2023-05-10 09:04:36,jd2309,jd2309,4133.0,0.0,0.0,0.0,16,4133.0,4134.0,23,4131.0,4126.0,4137.0,4126.0,7706.0,318276860.0,135953
2023-05-10 09:04:36,jd2309,jd2309,4133.0,5.0,206650.0,-5.0,12,4133.0,4134.0,23,4131.0,4126.0,4137.0,4126.0,7711.0,318483510.0,135948
2023-05-10 09:04:37,jd2309,jd2309,4133.0,1.0,41330.0,0.0,11,4133.0,4134.0,23,4131.0,4126.0,4137.0,4126.0,7712.0,318524840.0,135948
2023-05-10 09:04:37,jd2309,jd2309,4134.0,4.0,165350.0,3.0,10,4133.0,4134.0,20,4131.0,4126.0,4137.0,4126.0,7716.0,318690190.0,135951
2023-05-10 09:04:38,jd2309,jd2309,4133.0,6.0,247980.0,2.0,10,4133.0,4134.0,20,4131.0,4126.0,4137.0,4126.0,7722.0,318938170.0,135953
2023-05-10 09:04:38,jd2309,jd2309,4133.0,4.0,165320.0,3.0,40,4132.0,4133.0,11,4131.0,4126.0,4137.0,4126.0,7726.0,319103490.0,135956
2023-05-10 09:04:39,jd2309,jd2309,4133.0,3.0,123990.0,3.0,40,4132.0,4133.0,8,4131.0,4126.0,4137.0,4126.0,7729.0,319227480.0,135959
2023-05-10 09:04:40,jd2309,jd2309,4133.0,0.0,0.0,0.0,40,4132.0,4133.0,9,4131.0,4126.0,4137.0,4126.0,7729.0,319227480.0,135959
2023-05-10 09:04:40,jd2309,jd2309,4133.0,2.0,82650.0,-1.0,39,4132.0,4133.0,9,4131.0,4126.0,4137.0,4126.0,7731.0,319310130.0,135958
2023-05-10 09:04:41,jd2309,jd2309,4133.0,1.0,41330.0,1.0,39,4132.0,4133.0,8,4131.0,4126.0,4137.0,4126.0,7732.0,319351460.0,135959
2023-05-10 09:04:41,jd2309,jd2309,4133.0,0.0,0.0,0.0,40,4132.0,4133.0,8,4131.0,4126.0,4137.0,4126.0,7732.0,319351460.0,135959
2023-05-10 09:04:44,jd2309,jd2309,4132.0,7.0,289260.0,2.0,35,4132.0,4133.0,7,4131.0,4126.0,4137.0,4126.0,7739.0,319640720.0,135961
2023-05-10 09:04:44,jd2309,jd2309,4132.0,3.0,123980.0,0.0,34,4132.0,4133.0,5,4131.0,4126.0,4137.0,4126.0,7742.0,319764700.0,135961
2023-05-10 09:04:45,jd2309,jd2309,4133.0,5.0,206630.0,-1.0,32,4132.0,4133.0,3,4131.0,4126.0,4137.0,4126.0,7747.0,319971330.0,135960
2023-05-10 09:04:45,jd2309,jd2309,4132.0,3.0,123970.0,-1.0,30,4132.0,4133.0,2,4131.0,4126.0,4137.0,4126.0,7750.0,320095300.0,135959
2023-05-10 09:04:46,jd2309,jd2309,4132.0,1.0,41320.0,-1.0,44,4132.0,4133.0,10,4131.0,4126.0,4137.0,4126.0,7751.0,320136620.0,135958
2023-05-10 09:04:46,jd2309,jd2309,4133.0,35.0,1446300.0,11.0,3,4133.0,4134.0,22,4131.0,4126.0,4137.0,4126.0,7786.0,321582920.0,135969
2023-05-10 09:04:47,jd2309,jd2309,4133.0,9.0,371970.0,-3.0,45,4133.0,4134.0,22,4131.0,4126.0,4137.0,4126.0,7795.0,321954890.0,135966
2023-05-10 09:04:47,jd2309,jd2309,4133.0,1.0,41330.0,-1.0,44,4133.0,4134.0,22,4131.0,4126.0,4137.0,4126.0,7796.0,321996220.0,135965
2023-05-10 09:04:48,jd2309,jd2309,4133.0,3.0,123990.0,-3.0,77,4133.0,4134.0,22,4131.0,4126.0,4137.0,4126.0,7799.0,322120210.0,135962
2023-05-10 09:04:48,jd2309,jd2309,4133.0,3.0,124000.0,-3.0,75,4133.0,4134.0,15,4131.0,4126.0,4137.0,4126.0,7802.0,322244210.0,135959
2023-05-10 09:04:49,jd2309,jd2309,4133.0,1.0,41330.0,-1.0,74,4133.0,4134.0,17,4131.0,4126.0,4137.0,4126.0,7803.0,322285540.0,135958
2023-05-10 09:04:49,jd2309,jd2309,4133.0,2.0,82660.0,-2.0,72,4133.0,4134.0,18,4131.0,4126.0,4137.0,4126.0,7805.0,322368200.0,135956
2023-05-10 09:04:50,jd2309,jd2309,4134.0,2.0,82670.0,-1.0,71,4133.0,4134.0,17,4131.0,4126.0,4137.0,4126.0,7807.0,322450870.0,135955
2023-05-10 09:04:50,jd2309,jd2309,4133.0,2.0,82670.0,-2.0,70,4133.0,4134.0,26,4131.0,4126.0,4137.0,4126.0,7809.0,322533540.0,135953
2023-05-10 09:04:51,jd2309,jd2309,4133.0,1.0,41330.0,-1.0,71,4133.0,4134.0,26,4131.0,4126.0,4137.0,4126.0,7810.0,322574870.0,135952
2023-05-10 09:04:51,jd2309,jd2309,4133.0,1.0,41330.0,-1.0,70,4133.0,4134.0,28,4131.0,4126.0,4137.0,4126.0,7811.0,322616200.0,135951
2023-05-10 09:04:52,jd2309,jd2309,4133.0,9.0,372040.0,2.0,68,4133.0,4134.0,21,4131.0,4126.0,4137.0,4126.0,7820.0,322988240.0,135953
2023-05-10 09:04:52,jd2309,jd2309,4133.0,6.0,247990.0,-1.0,63,4133.0,4134.0,20,4131.0,4126.0,4137.0,4126.0,7826.0,323236230.0,135952
2023-05-10 09:04:53,jd2309,jd2309,4134.0,1.0,41340.0,0.0,63,4133.0,4134.0,19,4131.0,4126.0,4137.0,4126.0,7827.0,323277570.0,135952
2023-05-10 09:04:54,jd2309,jd2309,4133.0,3.0,124000.0,-2.0,61,4133.0,4134.0,16,4131.0,4126.0,4137.0,4126.0,7830.0,323401570.0,135950
2023-05-10 09:04:54,jd2309,jd2309,4133.0,3.0,124010.0,-3.0,60,4133.0,4134.0,14,4131.0,4126.0,4137.0,4126.0,7833.0,323525580.0,135947
2023-05-10 09:04:55,jd2309,jd2309,4134.0,5.0,206700.0,4.0,60,4133.0,4134.0,9,4131.0,4126.0,4137.0,4126.0,7838.0,323732280.0,135951
2023-05-10 09:04:55,jd2309,jd2309,4134.0,1.0,41340.0,0.0,60,4133.0,4134.0,8,4131.0,4126.0,4137.0,4126.0,7839.0,323773620.0,135951
2023-05-10 09:04:56,jd2309,jd2309,4134.0,2.0,82680.0,2.0,60,4133.0,4134.0,8,4131.0,4126.0,4137.0,4126.0,7841.0,323856300.0,135953
2023-05-10 09:04:57,jd2309,jd2309,4133.0,1.0,41330.0,0.0,59,4133.0,4134.0,8,4131.0,4126.0,4137.0,4126.0,7842.0,323897630.0,135953
2023-05-10 09:04:58,jd2309,jd2309,4134.0,11.0,454740.0,9.0,9,4134.0,4135.0,70,4131.0,4126.0,4137.0,4126.0,7853.0,324352370.0,135962
2023-05-10 09:04:59,jd2309,jd2309,4134.0,1.0,41340.0,0.0,8,4134.0,4135.0,70,4131.0,4126.0,4137.0,4126.0,7854.0,324393710.0,135962
2023-05-10 09:04:59,jd2309,jd2309,4134.0,1.0,41340.0,0.0,7,4134.0,4135.0,74,4131.0,4126.0,4137.0,4126.0,7855.0,324435050.0,135962
2023-05-10 09:05:00,jd2309,jd2309,4134.0,2.0,82680.0,2.0,6,4134.0,4135.0,74,4131.0,4126.0,4137.0,4126.0,7857.0,324517730.0,135964
2023-05-10 09:05:00,jd2309,jd2309,4134.0,5.0,206710.0,-1.0,3,4134.0,4135.0,75,4131.0,4126.0,4137.0,4126.0,7862.0,324724440.0,135963
2023-05-10 09:05:01,jd2309,jd2309,4134.0,3.0,124030.0,1.0,1,4134.0,4135.0,74,4131.0,4126.0,4137.0,4126.0,7865.0,324848470.0,135964
2023-05-10 09:05:01,jd2309,jd2309,4134.0,14.0,578890.0,-7.0,7,4134.0,4135.0,62,4131.0,4126.0,4137.0,4126.0,7879.0,325427360.0,135957
2023-05-10 09:05:02,jd2309,jd2309,4135.0,63.0,2605050.0,-32.0,43,4135.0,4136.0,45,4131.0,4126.0,4137.0,4126.0,7942.0,328032410.0,135925
2023-05-10 09:05:02,jd2309,jd2309,4135.0,2.0,82700.0,0.0,43,4135.0,4136.0,45,4131.0,4126.0,4137.0,4126.0,7944.0,328115110.0,135925
2023-05-10 09:05:03,jd2309,jd2309,4135.0,0.0,0.0,0.0,50,4135.0,4136.0,45,4131.0,4126.0,4137.0,4126.0,7944.0,328115110.0,135925
2023-05-10 09:05:03,jd2309,jd2309,4135.0,5.0,206750.0,0.0,45,4135.0,4136.0,45,4131.0,4126.0,4137.0,4126.0,7949.0,328321860.0,135925
2023-05-10 09:05:04,jd2309,jd2309,4135.0,5.0,206770.0,-4.0,42,4135.0,4136.0,43,4131.0,4126.0,4137.0,4126.0,7954.0,328528630.0,135921
2023-05-10 09:05:04,jd2309,jd2309,4135.0,1.0,41350.0,0.0,41,4135.0,4136.0,43,4131.0,4126.0,4137.0,4126.0,7955.0,328569980.0,135921
2023-05-10 09:05:04,jd2309,jd2309,4136.0,5.0,206800.0,4.0,41,4135.0,4136.0,38,4131.0,4126.0,4137.0,4126.0,7960.0,328776780.0,135925
2023-05-10 09:05:05,jd2309,jd2309,4135.0,7.0,289460.0,-5.0,36,4135.0,4136.0,38,4131.0,4126.0,4137.0,4126.0,7967.0,329066240.0,135920
2023-05-10 09:05:06,jd2309,jd2309,4135.0,35.0,1447280.0,-31.0,4,4135.0,4136.0,47,4131.0,4126.0,4137.0,4126.0,8002.0,330513520.0,135889
2023-05-10 09:05:06,jd2309,jd2309,4135.0,7.0,289450.0,2.0,14,4134.0,4135.0,13,4131.0,4126.0,4137.0,4126.0,8009.0,330802970.0,135891
2023-05-10 09:05:07,jd2309,jd2309,4135.0,4.0,165400.0,1.0,14,4134.0,4135.0,14,4131.0,4126.0,4137.0,4126.0,8013.0,330968370.0,135892
2023-05-10 09:05:07,jd2309,jd2309,4135.0,0.0,0.0,0.0,15,4134.0,4135.0,15,4131.0,4126.0,4137.0,4126.0,8013.0,330968370.0,135892
2023-05-10 09:05:08,jd2309,jd2309,4135.0,1.0,41350.0,1.0,15,4134.0,4135.0,21,4131.0,4126.0,4137.0,4126.0,8014.0,331009720.0,135893
2023-05-10 09:05:08,jd2309,jd2309,4134.0,6.0,248050.0,1.0,10,4134.0,4135.0,20,4131.0,4126.0,4137.0,4126.0,8020.0,331257770.0,135894
2023-05-10 09:05:09,jd2309,jd2309,4135.0,6.0,248080.0,3.0,8,4134.0,4135.0,17,4131.0,4126.0,4137.0,4126.0,8026.0,331505850.0,135897
2023-05-10 09:05:09,jd2309,jd2309,4135.0,0.0,0.0,0.0,11,4134.0,4135.0,17,4131.0,4126.0,4137.0,4126.0,8026.0,331505850.0,135897
2023-05-10 09:05:10,jd2309,jd2309,4134.0,5.0,206700.0,-2.0,6,4134.0,4135.0,18,4131.0,4126.0,4137.0,4126.0,8031.0,331712550.0,135895
2023-05-10 09:05:10,jd2309,jd2309,4135.0,8.0,330760.0,-6.0,25,4134.0,4135.0,15,4131.0,4126.0,4137.0,4126.0,8039.0,332043310.0,135889
2023-05-10 09:05:11,jd2309,jd2309,4135.0,3.0,124030.0,1.0,25,4134.0,4135.0,14,4131.0,4126.0,4137.0,4126.0,8042.0,332167340.0,135890
2023-05-10 09:05:11,jd2309,jd2309,4135.0,2.0,82690.0,-1.0,27,4134.0,4135.0,13,4131.0,4126.0,4137.0,4126.0,8044.0,332250030.0,135889
2023-05-10 09:05:12,jd2309,jd2309,4135.0,0.0,0.0,0.0,31,4134.0,4135.0,13,4131.0,4126.0,4137.0,4126.0,8044.0,332250030.0,135889
2023-05-10 09:05:12,jd2309,jd2309,4135.0,3.0,124050.0,-3.0,31,4134.0,4135.0,10,4131.0,4126.0,4137.0,4126.0,8047.0,332374080.0,135886
2023-05-10 09:05:13,jd2309,jd2309,4135.0,0.0,0.0,0.0,31,4134.0,4135.0,11,4131.0,4126.0,4137.0,4126.0,8047.0,332374080.0,135886
2023-05-10 09:05:13,jd2309,jd2309,4134.0,3.0,124020.0,0.0,34,4134.0,4135.0,11,4131.0,4126.0,4137.0,4126.0,8050.0,332498100.0,135886
2023-05-10 09:05:14,jd2309,jd2309,4134.0,2.0,82680.0,-2.0,32,4134.0,4135.0,11,4131.0,4126.0,4137.0,4126.0,8052.0,332580780.0,135884
2023-05-10 09:05:14,jd2309,jd2309,4135.0,1.0,41350.0,-1.0,32,4134.0,4135.0,10,4131.0,4126.0,4137.0,4126.0,8053.0,332622130.0,135883
2023-05-10 09:05:15,jd2309,jd2309,4135.0,14.0,578900.0,4.0,6,4135.0,4136.0,36,4131.0,4126.0,4137.0,4126.0,8067.0,333201030.0,135887
2023-05-10 09:05:15,jd2309,jd2309,4136.0,43.0,1778500.0,-22.0,2,4136.0,4137.0,98,4131.0,4126.0,4137.0,4126.0,8110.0,334979530.0,135865
2023-05-10 09:05:16,jd2309,jd2309,4136.0,3.0,124080.0,-1.0,3,4136.0,4137.0,98,4131.0,4126.0,4137.0,4126.0,8113.0,335103610.0,135864
2023-05-10 09:05:16,jd2309,jd2309,4136.0,0.0,0.0,0.0,9,4136.0,4137.0,98,4131.0,4126.0,4137.0,4126.0,8113.0,335103610.0,135864
2023-05-10 09:05:17,jd2309,jd2309,4136.0,2.0,82720.0,-2.0,9,4136.0,4137.0,98,4131.0,4126.0,4137.0,4126.0,8115.0,335186330.0,135862
2023-05-10 09:05:17,jd2309,jd2309,4136.0,1.0,41360.0,-1.0,9,4136.0,4137.0,101,4131.0,4126.0,4137.0,4126.0,8116.0,335227690.0,135861
2023-05-10 09:05:18,jd2309,jd2309,4137.0,4.0,165470.0,0.0,9,4136.0,4137.0,98,4131.0,4126.0,4137.0,4126.0,8120.0,335393160.0,135861
2023-05-10 09:05:18,jd2309,jd2309,4136.0,105.0,4343780.0,4.0,11,4136.0,4137.0,3,4131.0,4126.0,4137.0,4126.0,8225.0,339736940.0,135865
2023-05-10 09:05:19,jd2309,jd2309,4138.0,58.0,2400000.0,-2.0,34,4138.0,4139.0,19,4131.0,4126.0,4138.0,4126.0,8283.0,342136940.0,135863
2023-05-10 09:05:19,jd2309,jd2309,4138.0,32.0,1324080.0,-7.0,12,4138.0,4139.0,19,4131.0,4126.0,4138.0,4126.0,8315.0,343461020.0,135856
2023-05-10 09:05:20,jd2309,jd2309,4138.0,3.0,124140.0,0.0,14,4138.0,4139.0,21,4131.0,4126.0,4138.0,4126.0,8318.0,343585160.0,135856
2023-05-10 09:05:20,jd2309,jd2309,4139.0,5.0,206920.0,-1.0,13,4138.0,4139.0,19,4131.0,4126.0,4139.0,4126.0,8323.0,343792080.0,135855
2023-05-10 09:05:21,jd2309,jd2309,4139.0,1.0,41390.0,0.0,13,4138.0,4139.0,30,4131.0,4126.0,4139.0,4126.0,8324.0,343833470.0,135855
2023-05-10 09:05:21,jd2309,jd2309,4139.0,3.0,124150.0,1.0,11,4138.0,4139.0,29,4131.0,4126.0,4139.0,4126.0,8327.0,343957620.0,135856
2023-05-10 09:05:22,jd2309,jd2309,4139.0,2.0,82770.0,-1.0,10,4138.0,4139.0,28,4131.0,4126.0,4139.0,4126.0,8329.0,344040390.0,135855
2023-05-10 09:05:22,jd2309,jd2309,4139.0,5.0,206940.0,2.0,9,4138.0,4139.0,24,4131.0,4126.0,4139.0,4126.0,8334.0,344247330.0,135857
2023-05-10 09:05:23,jd2309,jd2309,4138.0,2.0,82760.0,0.0,15,4138.0,4139.0,24,4131.0,4126.0,4139.0,4126.0,8336.0,344330090.0,135857
2023-05-10 09:05:23,jd2309,jd2309,4138.0,0.0,0.0,0.0,18,4138.0,4139.0,35,4131.0,4126.0,4139.0,4126.0,8336.0,344330090.0,135857
2023-05-10 09:05:24,jd2309,jd2309,4139.0,23.0,951960.0,17.0,22,4138.0,4139.0,15,4131.0,4126.0,4139.0,4126.0,8359.0,345282050.0,135874
2023-05-10 09:05:24,jd2309,jd2309,4139.0,1.0,41390.0,-1.0,28,4138.0,4139.0,14,4131.0,4126.0,4139.0,4126.0,8360.0,345323440.0,135873
2023-05-10 09:05:25,jd2309,jd2309,4138.0,20.0,827600.0,12.0,13,4138.0,4139.0,14,4131.0,4126.0,4139.0,4126.0,8380.0,346151040.0,135885
2023-05-10 09:05:25,jd2309,jd2309,4139.0,2.0,82780.0,0.0,19,4138.0,4139.0,17,4131.0,4126.0,4139.0,4126.0,8382.0,346233820.0,135885
2023-05-10 09:05:26,jd2309,jd2309,4139.0,1.0,41390.0,0.0,24,4138.0,4139.0,17,4131.0,4126.0,4139.0,4126.0,8383.0,346275210.0,135885
2023-05-10 09:05:26,jd2309,jd2309,4139.0,7.0,289730.0,-2.0,31,4138.0,4139.0,5,4131.0,4126.0,4139.0,4126.0,8390.0,346564940.0,135883
2023-05-10 09:05:27,jd2309,jd2309,4138.0,1.0,41380.0,0.0,32,4138.0,4139.0,5,4131.0,4126.0,4139.0,4126.0,8391.0,346606320.0,135883
2023-05-10 09:05:27,jd2309,jd2309,4138.0,5.0,206930.0,2.0,33,4138.0,4139.0,3,4131.0,4126.0,4139.0,4126.0,8396.0,346813250.0,135885
2023-05-10 09:05:28,jd2309,jd2309,4138.0,1.0,41380.0,1.0,37,4138.0,4139.0,3,4131.0,4126.0,4139.0,4126.0,8397.0,346854630.0,135886
2023-05-10 09:05:28,jd2309,jd2309,4138.0,8.0,331070.0,1.0,32,4138.0,4140.0,177,4131.0,4126.0,4139.0,4126.0,8405.0,347185700.0,135887
2023-05-10 09:05:29,jd2309,jd2309,4139.0,2.0,82780.0,0.0,2,4139.0,4140.0,177,4131.0,4126.0,4139.0,4126.0,8407.0,347268480.0,135887
2023-05-10 09:05:29,jd2309,jd2309,4139.0,30.0,1241700.0,5.0,24,4139.0,4140.0,269,4131.0,4126.0,4139.0,4126.0,8437.0,348510180.0,135892
2023-05-10 09:05:30,jd2309,jd2309,4139.0,4.0,165570.0,2.0,24,4139.0,4140.0,268,4131.0,4126.0,4140.0,4126.0,8441.0,348675750.0,135894
2023-05-10 09:05:30,jd2309,jd2309,4139.0,4.0,165590.0,1.0,34,4139.0,4140.0,266,4131.0,4126.0,4140.0,4126.0,8445.0,348841340.0,135895
2023-05-10 09:05:31,jd2309,jd2309,4139.0,21.0,869190.0,13.0,13,4139.0,4140.0,271,4131.0,4126.0,4140.0,4126.0,8466.0,349710530.0,135908
2023-05-10 09:05:31,jd2309,jd2309,4139.0,4.0,165570.0,0.0,10,4139.0,4140.0,271,4131.0,4126.0,4140.0,4126.0,8470.0,349876100.0,135908
2023-05-10 09:05:32,jd2309,jd2309,4139.0,3.0,124170.0,1.0,9,4139.0,4140.0,274,4131.0,4126.0,4140.0,4126.0,8473.0,350000270.0,135909
2023-05-10 09:05:32,jd2309,jd2309,4140.0,57.0,2359780.0,46.0,9,4139.0,4140.0,218,4131.0,4126.0,4140.0,4126.0,8530.0,352360050.0,135955
2023-05-10 09:05:33,jd2309,jd2309,4140.0,44.0,1821290.0,34.0,32,4138.0,4139.0,1,4131.0,4126.0,4140.0,4126.0,8574.0,354181340.0,135989
2023-05-10 09:05:33,jd2309,jd2309,4139.0,3.0,124180.0,2.0,1,4139.0,4140.0,210,4131.0,4126.0,4140.0,4126.0,8577.0,354305520.0,135991
2023-05-10 09:05:34,jd2309,jd2309,4139.0,4.0,165590.0,3.0,1,4139.0,4140.0,207,4131.0,4126.0,4140.0,4126.0,8581.0,354471110.0,135994
2023-05-10 09:05:34,jd2309,jd2309,4140.0,10.0,413980.0,7.0,9,4139.0,4140.0,200,4131.0,4126.0,4140.0,4126.0,8591.0,354885090.0,136001
2023-05-10 09:05:35,jd2309,jd2309,4140.0,1.0,41400.0,1.0,11,4139.0,4140.0,195,4131.0,4126.0,4140.0,4126.0,8592.0,354926490.0,136002
2023-05-10 09:05:35,jd2309,jd2309,4139.0,3.0,124190.0,0.0,10,4139.0,4140.0,208,4131.0,4126.0,4140.0,4126.0,8595.0,355050680.0,136002
2023-05-10 09:05:36,jd2309,jd2309,4139.0,5.0,206970.0,2.0,7,4139.0,4140.0,208,4131.0,4126.0,4140.0,4126.0,8600.0,355257650.0,136004
2023-05-10 09:05:36,jd2309,jd2309,4140.0,2.0,82790.0,1.0,7,4139.0,4140.0,220,4131.0,4126.0,4140.0,4126.0,8602.0,355340440.0,136005
2023-05-10 09:05:37,jd2309,jd2309,4140.0,4.0,165590.0,3.0,7,4139.0,4140.0,222,4131.0,4126.0,4140.0,4126.0,8606.0,355506030.0,136008
2023-05-10 09:05:37,jd2309,jd2309,4140.0,12.0,496730.0,2.0,29,4138.0,4140.0,218,4131.0,4126.0,4140.0,4126.0,8618.0,356002760.0,136010
2023-05-10 09:05:38,jd2309,jd2309,4139.0,3.0,124170.0,-1.0,16,4139.0,4140.0,221,4131.0,4126.0,4140.0,4126.0,8621.0,356126930.0,136009
2023-05-10 09:05:38,jd2309,jd2309,4140.0,8.0,331160.0,2.0,12,4139.0,4140.0,218,4131.0,4126.0,4140.0,4126.0,8629.0,356458090.0,136011
2023-05-10 09:05:39,jd2309,jd2309,4140.0,2.0,82800.0,0.0,12,4139.0,4140.0,217,4131.0,4126.0,4140.0,4126.0,8631.0,356540890.0,136011
2023-05-10 09:05:39,jd2309,jd2309,4140.0,105.0,4347000.0,-28.0,12,4139.0,4140.0,113,4131.0,4126.0,4140.0,4126.0,8736.0,360887890.0,135983
2023-05-10 09:05:40,jd2309,jd2309,4140.0,115.0,4761000.0,-14.0,26,4140.0,4141.0,24,4131.0,4126.0,4140.0,4126.0,8851.0,365648890.0,135969
2023-05-10 09:05:40,jd2309,jd2309,4140.0,19.0,786750.0,7.0,23,4140.0,4141.0,10,4131.0,4126.0,4141.0,4126.0,8870.0,366435640.0,135976
2023-05-10 09:05:41,jd2309,jd2309,4140.0,2.0,82800.0,0.0,27,4140.0,4141.0,10,4131.0,4126.0,4141.0,4126.0,8872.0,366518440.0,135976
2023-05-10 09:05:41,jd2309,jd2309,4141.0,15.0,621140.0,7.0,12,4141.0,4142.0,19,4131.0,4126.0,4141.0,4126.0,8887.0,367139580.0,135983
2023-05-10 09:05:42,jd2309,jd2309,4141.0,12.0,496940.0,-1.0,4,4141.0,4142.0,17,4131.0,4126.0,4142.0,4126.0,8899.0,367636520.0,135982
2023-05-10 09:05:42,jd2309,jd2309,4141.0,51.0,2112320.0,-9.0,16,4141.0,4143.0,67,4131.0,4126.0,4143.0,4126.0,8950.0,369748840.0,135973
2023-05-10 09:05:43,jd2309,jd2309,4141.0,12.0,496920.0,4.0,76,4140.0,4142.0,11,4131.0,4126.0,4143.0,4126.0,8962.0,370245760.0,135977
2023-05-10 09:05:43,jd2309,jd2309,4141.0,2.0,82820.0,0.0,79,4140.0,4141.0,10,4131.0,4126.0,4143.0,4126.0,8964.0,370328580.0,135977
2023-05-10 09:05:44,jd2309,jd2309,4141.0,8.0,331260.0,-2.0,77,4140.0,4141.0,28,4131.0,4126.0,4143.0,4126.0,8972.0,370659840.0,135975
2023-05-10 09:05:44,jd2309,jd2309,4141.0,5.0,207040.0,-2.0,76,4140.0,4141.0,26,4131.0,4126.0,4143.0,4126.0,8977.0,370866880.0,135973
2023-05-10 09:05:45,jd2309,jd2309,4140.0,1.0,41400.0,1.0,73,4140.0,4141.0,27,4131.0,4126.0,4143.0,4126.0,8978.0,370908280.0,135974
2023-05-10 09:05:45,jd2309,jd2309,4141.0,12.0,496920.0,-1.0,80,4140.0,4141.0,15,4131.0,4126.0,4143.0,4126.0,8990.0,371405200.0,135973
2023-05-10 09:05:46,jd2309,jd2309,4141.0,2.0,82820.0,0.0,80,4140.0,4141.0,14,4131.0,4126.0,4143.0,4126.0,8992.0,371488020.0,135973
2023-05-10 09:05:46,jd2309,jd2309,4141.0,0.0,0.0,0.0,76,4140.0,4141.0,15,4131.0,4126.0,4143.0,4126.0,8992.0,371488020.0,135973
2023-05-10 09:05:47,jd2309,jd2309,4141.0,0.0,0.0,0.0,74,4140.0,4141.0,20,4131.0,4126.0,4143.0,4126.0,8992.0,371488020.0,135973
2023-05-10 09:05:47,jd2309,jd2309,4141.0,2.0,82820.0,0.0,74,4140.0,4141.0,18,4131.0,4126.0,4143.0,4126.0,8994.0,371570840.0,135973
2023-05-10 09:05:48,jd2309,jd2309,4140.0,4.0,165610.0,2.0,71,4140.0,4141.0,17,4131.0,4126.0,4143.0,4126.0,8998.0,371736450.0,135975
2023-05-10 09:05:48,jd2309,jd2309,4142.0,19.0,786810.0,-13.0,5,4141.0,4142.0,13,4131.0,4126.0,4143.0,4126.0,9017.0,372523260.0,135962
2023-05-10 09:05:49,jd2309,jd2309,4142.0,39.0,1615120.0,-20.0,11,4141.0,4142.0,4,4131.0,4126.0,4143.0,4126.0,9056.0,374138380.0,135942
2023-05-10 09:05:49,jd2309,jd2309,4140.0,38.0,1573260.0,12.0,1,4141.0,4142.0,15,4131.0,4126.0,4143.0,4126.0,9094.0,375711640.0,135954
2023-05-10 09:05:50,jd2309,jd2309,4140.0,5.0,207010.0,3.0,47,4140.0,4141.0,2,4131.0,4126.0,4143.0,4126.0,9099.0,375918650.0,135957
2023-05-10 09:05:50,jd2309,jd2309,4141.0,7.0,289870.0,-3.0,1,4141.0,4142.0,16,4131.0,4126.0,4143.0,4126.0,9106.0,376208520.0,135954
2023-05-10 09:05:51,jd2309,jd2309,4142.0,6.0,248480.0,-2.0,46,4140.0,4141.0,20,4131.0,4126.0,4143.0,4126.0,9112.0,376457000.0,135952
2023-05-10 09:05:51,jd2309,jd2309,4140.0,16.0,662460.0,6.0,56,4140.0,4141.0,20,4131.0,4126.0,4143.0,4126.0,9128.0,377119460.0,135958
2023-05-10 09:05:52,jd2309,jd2309,4140.0,0.0,0.0,0.0,58,4140.0,4141.0,27,4131.0,4126.0,4143.0,4126.0,9128.0,377119460.0,135958
2023-05-10 09:05:52,jd2309,jd2309,4141.0,24.0,993840.0,18.0,58,4140.0,4141.0,6,4131.0,4126.0,4143.0,4126.0,9152.0,378113300.0,135976
2023-05-10 09:05:53,jd2309,jd2309,4141.0,2.0,82820.0,2.0,57,4140.0,4141.0,7,4131.0,4126.0,4143.0,4126.0,9154.0,378196120.0,135978
2023-05-10 09:05:53,jd2309,jd2309,4141.0,5.0,207020.0,0.0,66,4140.0,4141.0,6,4131.0,4126.0,4143.0,4126.0,9159.0,378403140.0,135978
2023-05-10 09:05:54,jd2309,jd2309,4141.0,4.0,165610.0,-1.0,62,4140.0,4141.0,11,4131.0,4126.0,4143.0,4126.0,9163.0,378568750.0,135977
2023-05-10 09:05:54,jd2309,jd2309,4141.0,5.0,207050.0,0.0,66,4140.0,4141.0,7,4131.0,4126.0,4143.0,4126.0,9168.0,378775800.0,135977
2023-05-10 09:05:55,jd2309,jd2309,4140.0,10.0,414020.0,-2.0,56,4140.0,4141.0,13,4131.0,4126.0,4143.0,4126.0,9178.0,379189820.0,135975
2023-05-10 09:05:55,jd2309,jd2309,4141.0,4.0,165630.0,-1.0,57,4140.0,4141.0,13,4131.0,4126.0,4143.0,4126.0,9182.0,379355450.0,135974
2023-05-10 09:05:56,jd2309,jd2309,4141.0,1.0,41410.0,0.0,57,4140.0,4141.0,23,4131.0,4126.0,4143.0,4126.0,9183.0,379396860.0,135974
2023-05-10 09:05:57,jd2309,jd2309,4141.0,0.0,0.0,0.0,58,4140.0,4141.0,23,4131.0,4126.0,4143.0,4126.0,9183.0,379396860.0,135974
2023-05-10 09:05:57,jd2309,jd2309,4141.0,1.0,41410.0,1.0,58,4140.0,4141.0,23,4131.0,4126.0,4143.0,4126.0,9184.0,379438270.0,135975
2023-05-10 09:05:58,jd2309,jd2309,4141.0,5.0,207050.0,-2.0,58,4140.0,4141.0,19,4131.0,4126.0,4143.0,4126.0,9189.0,379645320.0,135973
2023-05-10 09:05:58,jd2309,jd2309,4140.0,1.0,41400.0,1.0,57,4140.0,4141.0,19,4131.0,4126.0,4143.0,4126.0,9190.0,379686720.0,135974
2023-05-10 09:05:59,jd2309,jd2309,4140.0,2.0,82810.0,0.0,56,4140.0,4141.0,18,4131.0,4126.0,4143.0,4126.0,9192.0,379769530.0,135974
2023-05-10 09:05:59,jd2309,jd2309,4141.0,10.0,414100.0,5.0,66,4140.0,4141.0,8,4131.0,4126.0,4143.0,4126.0,9202.0,380183630.0,135979
2023-05-10 09:06:00,jd2309,jd2309,4140.0,5.0,207030.0,2.0,62,4140.0,4141.0,5,4131.0,4126.0,4143.0,4126.0,9207.0,380390660.0,135981
2023-05-10 09:06:00,jd2309,jd2309,4141.0,8.0,331220.0,5.0,59,4140.0,4141.0,11,4131.0,4126.0,4143.0,4126.0,9215.0,380721880.0,135986
2023-05-10 09:06:01,jd2309,jd2309,4140.0,5.0,207000.0,4.0,54,4140.0,4141.0,14,4131.0,4126.0,4143.0,4126.0,9220.0,380928880.0,135990
2023-05-10 09:06:01,jd2309,jd2309,4140.0,5.0,207000.0,0.0,49,4140.0,4141.0,15,4131.0,4126.0,4143.0,4126.0,9225.0,381135880.0,135990
2023-05-10 09:06:02,jd2309,jd2309,4140.0,0.0,0.0,0.0,50,4140.0,4141.0,15,4131.0,4126.0,4143.0,4126.0,9225.0,381135880.0,135990
2023-05-10 09:06:02,jd2309,jd2309,4141.0,16.0,662560.0,2.0,32,4141.0,4142.0,37,4131.0,4126.0,4143.0,4126.0,9241.0,381798440.0,135992
2023-05-10 09:06:03,jd2309,jd2309,4141.0,3.0,124230.0,1.0,31,4141.0,4142.0,38,4131.0,4126.0,4143.0,4126.0,9244.0,381922670.0,135993
2023-05-10 09:06:03,jd2309,jd2309,4141.0,37.0,1532150.0,27.0,46,4140.0,4141.0,24,4131.0,4126.0,4143.0,4126.0,9281.0,383454820.0,136020
2023-05-10 09:06:04,jd2309,jd2309,4141.0,7.0,289860.0,0.0,45,4140.0,4141.0,21,4131.0,4126.0,4143.0,4126.0,9288.0,383744680.0,136020
2023-05-10 09:06:04,jd2309,jd2309,4141.0,7.0,289870.0,0.0,48,4140.0,4141.0,5,4131.0,4126.0,4143.0,4126.0,9295.0,384034550.0,136020
2023-05-10 09:06:05,jd2309,jd2309,4141.0,2.0,82820.0,0.0,49,4140.0,4141.0,4,4131.0,4126.0,4143.0,4126.0,9297.0,384117370.0,136020
2023-05-10 09:06:05,jd2309,jd2309,4140.0,2.0,82810.0,-1.0,48,4140.0,4141.0,3,4131.0,4126.0,4143.0,4126.0,9299.0,384200180.0,136019
2023-05-10 09:06:06,jd2309,jd2309,4141.0,11.0,455410.0,10.0,38,4140.0,4141.0,10,4131.0,4126.0,4143.0,4126.0,9310.0,384655590.0,136029
2023-05-10 09:06:06,jd2309,jd2309,4141.0,2.0,82820.0,0.0,39,4140.0,4141.0,8,4131.0,4126.0,4143.0,4126.0,9312.0,384738410.0,136029
2023-05-10 09:06:07,jd2309,jd2309,4141.0,7.0,289870.0,0.0,39,4140.0,4141.0,1,4131.0,4126.0,4143.0,4126.0,9319.0,385028280.0,136029
2023-05-10 09:06:07,jd2309,jd2309,4140.0,6.0,248400.0,6.0,35,4140.0,4141.0,1,4131.0,4126.0,4143.0,4126.0,9325.0,385276680.0,136035
2023-05-10 09:06:08,jd2309,jd2309,4140.0,11.0,455400.0,1.0,24,4140.0,4141.0,9,4131.0,4126.0,4143.0,4126.0,9336.0,385732080.0,136036
2023-05-10 09:06:08,jd2309,jd2309,4140.0,17.0,703890.0,12.0,17,4140.0,4141.0,10,4131.0,4126.0,4143.0,4126.0,9353.0,386435970.0,136048
2023-05-10 09:06:09,jd2309,jd2309,4140.0,0.0,0.0,0.0,18,4140.0,4141.0,10,4131.0,4126.0,4143.0,4126.0,9353.0,386435970.0,136048
2023-05-10 09:06:09,jd2309,jd2309,4140.0,28.0,1159200.0,14.0,30,4139.0,4140.0,5,4131.0,4126.0,4143.0,4126.0,9381.0,387595170.0,136062
2023-05-10 09:06:10,jd2309,jd2309,4140.0,0.0,0.0,0.0,22,4139.0,4140.0,13,4131.0,4126.0,4143.0,4126.0,9381.0,387595170.0,136062
2023-05-10 09:06:10,jd2309,jd2309,4140.0,6.0,248400.0,4.0,22,4139.0,4140.0,7,4131.0,4126.0,4143.0,4126.0,9387.0,387843570.0,136066
2023-05-10 09:06:11,jd2309,jd2309,4140.0,3.0,124200.0,3.0,23,4139.0,4140.0,4,4131.0,4126.0,4143.0,4126.0,9390.0,387967770.0,136069
2023-05-10 09:06:11,jd2309,jd2309,4141.0,4.0,165640.0,1.0,31,4139.0,4140.0,1,4131.0,4126.0,4143.0,4126.0,9394.0,388133410.0,136070
2023-05-10 09:06:12,jd2309,jd2309,4139.0,2.0,82780.0,-2.0,29,4139.0,4140.0,1,4131.0,4126.0,4143.0,4126.0,9396.0,388216190.0,136068
2023-05-10 09:06:12,jd2309,jd2309,4140.0,1.0,41400.0,0.0,3,4140.0,4141.0,22,4131.0,4126.0,4143.0,4126.0,9397.0,388257590.0,136068
2023-05-10 09:06:13,jd2309,jd2309,4141.0,3.0,124210.0,-1.0,6,4140.0,4141.0,21,4131.0,4126.0,4143.0,4126.0,9400.0,388381800.0,136067
2023-05-10 09:06:13,jd2309,jd2309,4140.0,5.0,207000.0,4.0,2,4140.0,4141.0,22,4131.0,4126.0,4143.0,4126.0,9405.0,388588800.0,136071
2023-05-10 09:06:14,jd2309,jd2309,4140.0,2.0,82800.0,0.0,49,4139.0,4141.0,22,4131.0,4126.0,4143.0,4126.0,9407.0,388671600.0,136071
2023-05-10 09:06:14,jd2309,jd2309,4141.0,1.0,41410.0,0.0,51,4139.0,4141.0,21,4131.0,4126.0,4143.0,4126.0,9408.0,388713010.0,136071
2023-05-10 09:06:15,jd2309,jd2309,4141.0,0.0,0.0,0.0,51,4139.0,4140.0,1,4131.0,4126.0,4143.0,4126.0,9408.0,388713010.0,136071
2023-05-10 09:06:15,jd2309,jd2309,4140.0,1.0,41400.0,0.0,52,4139.0,4140.0,2,4131.0,4126.0,4143.0,4126.0,9409.0,388754410.0,136071
2023-05-10 09:06:16,jd2309,jd2309,4140.0,0.0,0.0,0.0,52,4139.0,4140.0,4,4131.0,4126.0,4143.0,4126.0,9409.0,388754410.0,136071
2023-05-10 09:06:16,jd2309,jd2309,4140.0,9.0,372580.0,1.0,50,4139.0,4140.0,8,4131.0,4126.0,4143.0,4126.0,9418.0,389126990.0,136072
2023-05-10 09:06:17,jd2309,jd2309,4140.0,1.0,41400.0,1.0,50,4139.0,4140.0,8,4131.0,4126.0,4143.0,4126.0,9419.0,389168390.0,136073
2023-05-10 09:06:17,jd2309,jd2309,4140.0,9.0,372590.0,7.0,33,4140.0,4141.0,22,4131.0,4126.0,4143.0,4126.0,9428.0,389540980.0,136080
2023-05-10 09:06:18,jd2309,jd2309,4140.0,0.0,0.0,0.0,34,4140.0,4141.0,24,4131.0,4126.0,4143.0,4126.0,9428.0,389540980.0,136080
2023-05-10 09:06:18,jd2309,jd2309,4140.0,9.0,372600.0,3.0,27,4140.0,4141.0,19,4131.0,4126.0,4143.0,4126.0,9437.0,389913580.0,136083
2023-05-10 09:06:19,jd2309,jd2309,4141.0,13.0,538330.0,0.0,28,4140.0,4141.0,6,4131.0,4126.0,4143.0,4126.0,9450.0,390451910.0,136083
2023-05-10 09:06:20,jd2309,jd2309,4140.0,12.0,496830.0,11.0,19,4140.0,4141.0,14,4131.0,4126.0,4143.0,4126.0,9462.0,390948740.0,136094
2023-05-10 09:06:20,jd2309,jd2309,4141.0,4.0,165640.0,0.0,19,4140.0,4141.0,10,4131.0,4126.0,4143.0,4126.0,9466.0,391114380.0,136094
2023-05-10 09:06:21,jd2309,jd2309,4140.0,6.0,248400.0,0.0,14,4140.0,4141.0,10,4131.0,4126.0,4143.0,4126.0,9472.0,391362780.0,136094
2023-05-10 09:06:21,jd2309,jd2309,4140.0,1.0,41400.0,1.0,13,4140.0,4141.0,12,4131.0,4126.0,4143.0,4126.0,9473.0,391404180.0,136095
2023-05-10 09:06:22,jd2309,jd2309,4141.0,6.0,248440.0,1.0,21,4140.0,4141.0,8,4131.0,4126.0,4143.0,4126.0,9479.0,391652620.0,136096
2023-05-10 09:06:23,jd2309,jd2309,4141.0,3.0,124230.0,0.0,21,4140.0,4141.0,5,4131.0,4126.0,4143.0,4126.0,9482.0,391776850.0,136096
2023-05-10 09:06:23,jd2309,jd2309,4140.0,2.0,82800.0,2.0,19,4140.0,4141.0,6,4131.0,4126.0,4143.0,4126.0,9484.0,391859650.0,136098
2023-05-10 09:06:24,jd2309,jd2309,4140.0,6.0,248400.0,1.0,13,4140.0,4141.0,10,4131.0,4126.0,4143.0,4126.0,9490.0,392108050.0,136099
2023-05-10 09:06:24,jd2309,jd2309,4140.0,8.0,331220.0,-5.0,7,4140.0,4141.0,12,4131.0,4126.0,4143.0,4126.0,9498.0,392439270.0,136094
2023-05-10 09:06:25,jd2309,jd2309,4141.0,1.0,41410.0,-1.0,7,4140.0,4141.0,12,4131.0,4126.0,4143.0,4126.0,9499.0,392480680.0,136093
2023-05-10 09:06:26,jd2309,jd2309,4141.0,14.0,579720.0,-7.0,29,4141.0,4142.0,38,4131.0,4126.0,4143.0,4126.0,9513.0,393060400.0,136086
2023-05-10 09:06:26,jd2309,jd2309,4141.0,1.0,41410.0,0.0,29,4141.0,4142.0,30,4131.0,4126.0,4143.0,4126.0,9514.0,393101810.0,136086
2023-05-10 09:06:27,jd2309,jd2309,4141.0,2.0,82820.0,-1.0,27,4141.0,4142.0,30,4131.0,4126.0,4143.0,4126.0,9516.0,393184630.0,136085
2023-05-10 09:06:27,jd2309,jd2309,4142.0,3.0,124240.0,-1.0,25,4141.0,4142.0,31,4131.0,4126.0,4143.0,4126.0,9519.0,393308870.0,136084
2023-05-10 09:06:28,jd2309,jd2309,4141.0,1.0,41410.0,0.0,24,4141.0,4142.0,30,4131.0,4126.0,4143.0,4126.0,9520.0,393350280.0,136084
2023-05-10 09:06:28,jd2309,jd2309,4141.0,1.0,41410.0,-1.0,26,4141.0,4142.0,29,4131.0,4126.0,4143.0,4126.0,9521.0,393391690.0,136083
2023-05-10 09:06:29,jd2309,jd2309,4141.0,2.0,82820.0,-1.0,24,4141.0,4142.0,29,4131.0,4126.0,4143.0,4126.0,9523.0,393474510.0,136082
2023-05-10 09:06:29,jd2309,jd2309,4142.0,30.0,1242600.0,16.0,10,4142.0,4143.0,80,4131.0,4126.0,4143.0,4126.0,9553.0,394717110.0,136098
2023-05-10 09:06:30,jd2309,jd2309,4142.0,4.0,165700.0,0.0,8,4142.0,4143.0,78,4131.0,4126.0,4143.0,4126.0,9557.0,394882810.0,136098
2023-05-10 09:06:30,jd2309,jd2309,4143.0,1.0,41430.0,-1.0,8,4142.0,4143.0,77,4131.0,4126.0,4143.0,4126.0,9558.0,394924240.0,136097
2023-05-10 09:06:31,jd2309,jd2309,4143.0,90.0,3728610.0,40.0,22,4142.0,4143.0,10,4131.0,4126.0,4143.0,4126.0,9648.0,398652850.0,136137
2023-05-10 09:06:31,jd2309,jd2309,4142.0,1.0,41420.0,0.0,21,4142.0,4143.0,11,4131.0,4126.0,4143.0,4126.0,9649.0,398694270.0,136137
2023-05-10 09:06:32,jd2309,jd2309,4143.0,19.0,787150.0,-4.0,53,4143.0,4144.0,21,4131.0,4126.0,4143.0,4126.0,9668.0,399481420.0,136133
2023-05-10 09:06:32,jd2309,jd2309,4143.0,5.0,207170.0,-2.0,50,4143.0,4144.0,19,4131.0,4126.0,4144.0,4126.0,9673.0,399688590.0,136131
2023-05-10 09:06:33,jd2309,jd2309,4143.0,5.0,207180.0,-3.0,53,4143.0,4144.0,17,4131.0,4126.0,4144.0,4126.0,9678.0,399895770.0,136128
2023-05-10 09:06:33,jd2309,jd2309,4144.0,15.0,621600.0,-6.0,53,4143.0,4144.0,5,4131.0,4126.0,4144.0,4126.0,9693.0,400517370.0,136122
2023-05-10 09:06:34,jd2309,jd2309,4144.0,6.0,248590.0,-4.0,48,4143.0,4144.0,8,4131.0,4126.0,4144.0,4126.0,9699.0,400765960.0,136118
2023-05-10 09:06:34,jd2309,jd2309,4144.0,6.0,248640.0,3.0,49,4143.0,4144.0,3,4131.0,4126.0,4144.0,4126.0,9705.0,401014600.0,136121
2023-05-10 09:06:35,jd2309,jd2309,4144.0,7.0,290080.0,-2.0,50,4143.0,4145.0,43,4131.0,4126.0,4144.0,4126.0,9712.0,401304680.0,136119
2023-05-10 09:06:35,jd2309,jd2309,4144.0,10.0,414340.0,-3.0,44,4143.0,4144.0,30,4131.0,4126.0,4144.0,4126.0,9722.0,401719020.0,136116
2023-05-10 09:06:36,jd2309,jd2309,4143.0,2.0,82870.0,1.0,20,4143.0,4144.0,30,4131.0,4126.0,4144.0,4126.0,9724.0,401801890.0,136117
2023-05-10 09:06:36,jd2309,jd2309,4143.0,13.0,538650.0,-1.0,17,4143.0,4144.0,25,4131.0,4126.0,4144.0,4126.0,9737.0,402340540.0,136116
2023-05-10 09:06:37,jd2309,jd2309,4144.0,28.0,1160140.0,2.0,1,4143.0,4144.0,16,4131.0,4126.0,4144.0,4126.0,9765.0,403500680.0,136118
2023-05-10 09:06:37,jd2309,jd2309,4144.0,21.0,870230.0,13.0,2,4143.0,4144.0,4,4131.0,4126.0,4144.0,4126.0,9786.0,404370910.0,136131
2023-05-10 09:06:38,jd2309,jd2309,4144.0,1.0,41440.0,0.0,7,4143.0,4144.0,6,4131.0,4126.0,4144.0,4126.0,9787.0,404412350.0,136131
