time,symbol_id,symbol_name,last,trade_volume,trade_amount,open_interest_change,bv1,bp1,ap1,av1,yesterday_close,today_open,today_high,today_low,volume,amount,open_interest
2023-05-10 08:59:00,jd2404,jd2404,3719.0,4.0,148760.0,1.0,10,3700.0,3719.0,1,3704.0,3719.0,3719.0,3719.0,4.0,148760.0,1486
2023-05-10 09:00:00,jd2404,jd2404,3719.0,0.0,0.0,0.0,2,3701.0,3719.0,1,3704.0,3719.0,3719.0,3719.0,4.0,148760.0,1486
2023-05-10 09:00:04,jd2404,jd2404,3719.0,0.0,0.0,0.0,2,3701.0,3719.0,3,3704.0,3719.0,3719.0,3719.0,4.0,148760.0,1486
2023-05-10 09:00:04,jd2404,jd2404,3719.0,0.0,0.0,0.0,3,3701.0,3719.0,4,3704.0,3719.0,3719.0,3719.0,4.0,148760.0,1486
2023-05-10 09:00:05,jd2404,jd2404,3719.0,0.0,0.0,0.0,3,3701.0,3715.0,1,3704.0,3719.0,3719.0,3719.0,4.0,148760.0,1486
2023-05-10 09:00:07,jd2404,jd2404,3719.0,0.0,0.0,0.0,3,3701.0,3715.0,3,3704.0,3719.0,3719.0,3719.0,4.0,148760.0,1486
2023-05-10 09:00:17,jd2404,jd2404,3719.0,0.0,0.0,0.0,3,3701.0,3714.0,2,3704.0,3719.0,3719.0,3719.0,4.0,148760.0,1486
2023-05-10 09:00:20,jd2404,jd2404,3719.0,0.0,0.0,0.0,3,3701.0,3713.0,2,3704.0,3719.0,3719.0,3719.0,4.0,148760.0,1486
2023-05-10 09:00:23,jd2404,jd2404,3719.0,0.0,0.0,0.0,1,3702.0,3713.0,2,3704.0,3719.0,3719.0,3719.0,4.0,148760.0,1486
2023-05-10 09:00:39,jd2404,jd2404,3719.0,0.0,0.0,0.0,1,3702.0,3712.0,1,3704.0,3719.0,3719.0,3719.0,4.0,148760.0,1486
2023-05-10 09:01:01,jd2404,jd2404,3719.0,0.0,0.0,0.0,1,3702.0,3711.0,2,3704.0,3719.0,3719.0,3719.0,4.0,148760.0,1486
2023-05-10 09:02:01,jd2404,jd2404,3719.0,0.0,0.0,0.0,3,3701.0,3711.0,2,3704.0,3719.0,3719.0,3719.0,4.0,148760.0,1486
2023-05-10 09:02:24,jd2404,jd2404,3719.0,0.0,0.0,0.0,3,3701.0,3710.0,2,3704.0,3719.0,3719.0,3719.0,4.0,148760.0,1486
2023-05-10 09:02:48,jd2404,jd2404,3701.0,2.0,74020.0,0.0,1,3701.0,3710.0,2,3704.0,3719.0,3719.0,3701.0,6.0,222780.0,1486
2023-05-10 09:03:07,jd2404,jd2404,3701.0,0.0,0.0,0.0,1,3701.0,3709.0,2,3704.0,3719.0,3719.0,3701.0,6.0,222780.0,1486
2023-05-10 09:03:07,jd2404,jd2404,3701.0,0.0,0.0,0.0,10,3700.0,3709.0,2,3704.0,3719.0,3719.0,3701.0,6.0,222780.0,1486
2023-05-10 09:03:39,jd2404,jd2404,3701.0,0.0,0.0,0.0,10,3700.0,3708.0,1,3704.0,3719.0,3719.0,3701.0,6.0,222780.0,1486
2023-05-10 09:04:06,jd2404,jd2404,3701.0,0.0,0.0,0.0,11,3700.0,3708.0,1,3704.0,3719.0,3719.0,3701.0,6.0,222780.0,1486
2023-05-10 09:04:27,jd2404,jd2404,3701.0,0.0,0.0,0.0,12,3700.0,3710.0,1,3704.0,3719.0,3719.0,3701.0,6.0,222780.0,1486
2023-05-10 09:04:27,jd2404,jd2404,3701.0,0.0,0.0,0.0,1,3702.0,3710.0,1,3704.0,3719.0,3719.0,3701.0,6.0,222780.0,1486
2023-05-10 09:04:30,jd2404,jd2404,3701.0,0.0,0.0,0.0,1,3702.0,3709.0,2,3704.0,3719.0,3719.0,3701.0,6.0,222780.0,1486
2023-05-10 09:04:31,jd2404,jd2404,3701.0,0.0,0.0,0.0,1,3702.0,3710.0,1,3704.0,3719.0,3719.0,3701.0,6.0,222780.0,1486
2023-05-10 09:04:40,jd2404,jd2404,3710.0,1.0,37100.0,0.0,1,3702.0,3713.0,2,3704.0,3719.0,3719.0,3701.0,7.0,259880.0,1486
2023-05-10 09:04:40,jd2404,jd2404,3710.0,0.0,0.0,0.0,1,3702.0,3713.0,3,3704.0,3719.0,3719.0,3701.0,7.0,259880.0,1486
2023-05-10 09:04:44,jd2404,jd2404,3710.0,0.0,0.0,0.0,1,3702.0,3712.0,1,3704.0,3719.0,3719.0,3701.0,7.0,259880.0,1486
2023-05-10 09:04:50,jd2404,jd2404,3710.0,0.0,0.0,0.0,11,3700.0,3712.0,1,3704.0,3719.0,3719.0,3701.0,7.0,259880.0,1486
2023-05-10 09:05:12,jd2404,jd2404,3710.0,0.0,0.0,0.0,2,3701.0,3712.0,1,3704.0,3719.0,3719.0,3701.0,7.0,259880.0,1486
2023-05-10 09:05:27,jd2404,jd2404,3710.0,0.0,0.0,0.0,2,3702.0,3712.0,1,3704.0,3719.0,3719.0,3701.0,7.0,259880.0,1486
2023-05-10 09:06:01,jd2404,jd2404,3710.0,0.0,0.0,0.0,2,3702.0,3713.0,1,3704.0,3719.0,3719.0,3701.0,7.0,259880.0,1486
2023-05-10 09:06:35,jd2404,jd2404,3702.0,2.0,74040.0,0.0,11,3700.0,3713.0,1,3704.0,3719.0,3719.0,3701.0,9.0,333920.0,1486
2023-05-10 09:06:35,jd2404,jd2404,3702.0,0.0,0.0,0.0,2,3703.0,3713.0,1,3704.0,3719.0,3719.0,3701.0,9.0,333920.0,1486
2023-05-10 09:07:13,jd2404,jd2404,3702.0,2.0,74040.0,2.0,10,3700.0,3702.0,18,3704.0,3719.0,3719.0,3701.0,11.0,407960.0,1488
2023-05-10 09:07:33,jd2404,jd2404,3702.0,0.0,0.0,0.0,1,3701.0,3713.0,1,3704.0,3719.0,3719.0,3701.0,11.0,407960.0,1488
2023-05-10 09:07:45,jd2404,jd2404,3702.0,0.0,0.0,0.0,1,3701.0,3712.0,1,3704.0,3719.0,3719.0,3701.0,11.0,407960.0,1488
2023-05-10 09:07:46,jd2404,jd2404,3702.0,0.0,0.0,0.0,1,3701.0,3710.0,2,3704.0,3719.0,3719.0,3701.0,11.0,407960.0,1488
2023-05-10 09:08:43,jd2404,jd2404,3702.0,0.0,0.0,0.0,3,3701.0,3710.0,2,3704.0,3719.0,3719.0,3701.0,11.0,407960.0,1488
2023-05-10 09:10:45,jd2404,jd2404,3702.0,0.0,0.0,0.0,3,3701.0,3710.0,4,3704.0,3719.0,3719.0,3701.0,11.0,407960.0,1488
2023-05-10 09:10:56,jd2404,jd2404,3702.0,0.0,0.0,0.0,3,3701.0,3710.0,2,3704.0,3719.0,3719.0,3701.0,11.0,407960.0,1488
2023-05-10 09:12:31,jd2404,jd2404,3702.0,0.0,0.0,0.0,3,3701.0,3713.0,1,3704.0,3719.0,3719.0,3701.0,11.0,407960.0,1488
2023-05-10 09:12:37,jd2404,jd2404,3702.0,0.0,0.0,0.0,2,3702.0,3713.0,1,3704.0,3719.0,3719.0,3701.0,11.0,407960.0,1488
2023-05-10 09:13:27,jd2404,jd2404,3702.0,0.0,0.0,0.0,1,3703.0,3713.0,1,3704.0,3719.0,3719.0,3701.0,11.0,407960.0,1488
2023-05-10 09:13:57,jd2404,jd2404,3702.0,0.0,0.0,0.0,2,3702.0,3713.0,1,3704.0,3719.0,3719.0,3701.0,11.0,407960.0,1488
2023-05-10 09:15:47,jd2404,jd2404,3702.0,0.0,0.0,0.0,2,3702.0,3710.0,3,3704.0,3719.0,3719.0,3701.0,11.0,407960.0,1488
2023-05-10 09:17:59,jd2404,jd2404,3702.0,0.0,0.0,0.0,3,3702.0,3710.0,3,3704.0,3719.0,3719.0,3701.0,11.0,407960.0,1488
2023-05-10 09:23:33,jd2404,jd2404,3702.0,0.0,0.0,0.0,2,3703.0,3710.0,3,3704.0,3719.0,3719.0,3701.0,11.0,407960.0,1488
2023-05-10 09:23:38,jd2404,jd2404,3710.0,1.0,37100.0,1.0,2,3703.0,3710.0,2,3704.0,3719.0,3719.0,3701.0,12.0,445060.0,1489
2023-05-10 09:23:54,jd2404,jd2404,3710.0,0.0,0.0,0.0,2,3705.0,3710.0,2,3704.0,3719.0,3719.0,3701.0,12.0,445060.0,1489
2023-05-10 09:24:25,jd2404,jd2404,3710.0,2.0,74200.0,0.0,7,3710.0,3711.0,3,3704.0,3719.0,3719.0,3701.0,14.0,519260.0,1489
2023-05-10 09:24:41,jd2404,jd2404,3710.0,0.0,0.0,0.0,2,3701.0,3711.0,3,3704.0,3719.0,3719.0,3701.0,14.0,519260.0,1489
2023-05-10 09:24:49,jd2404,jd2404,3710.0,0.0,0.0,0.0,3,3702.0,3711.0,3,3704.0,3719.0,3719.0,3701.0,14.0,519260.0,1489
2023-05-10 09:24:56,jd2404,jd2404,3710.0,0.0,0.0,0.0,5,3702.0,3711.0,3,3704.0,3719.0,3719.0,3701.0,14.0,519260.0,1489
2023-05-10 09:25:03,jd2404,jd2404,3710.0,0.0,0.0,0.0,2,3703.0,3711.0,3,3704.0,3719.0,3719.0,3701.0,14.0,519260.0,1489
2023-05-10 09:25:16,jd2404,jd2404,3711.0,3.0,111330.0,0.0,4,3711.0,3714.0,1,3704.0,3719.0,3719.0,3701.0,17.0,630590.0,1489
2023-05-10 09:25:23,jd2404,jd2404,3711.0,0.0,0.0,0.0,3,3703.0,3714.0,2,3704.0,3719.0,3719.0,3701.0,17.0,630590.0,1489
2023-05-10 09:25:36,jd2404,jd2404,3711.0,0.0,0.0,0.0,1,3704.0,3714.0,2,3704.0,3719.0,3719.0,3701.0,17.0,630590.0,1489
2023-05-10 09:26:33,jd2404,jd2404,3711.0,0.0,0.0,0.0,1,3704.0,3711.0,1,3704.0,3719.0,3719.0,3701.0,17.0,630590.0,1489
2023-05-10 09:26:54,jd2404,jd2404,3711.0,1.0,37110.0,-1.0,5,3711.0,3714.0,1,3704.0,3719.0,3719.0,3701.0,18.0,667700.0,1488
2023-05-10 09:29:00,jd2404,jd2404,3714.0,1.0,37140.0,1.0,1,3714.0,3715.0,23,3704.0,3719.0,3719.0,3701.0,19.0,704840.0,1489
2023-05-10 09:29:43,jd2404,jd2404,3714.0,1.0,37140.0,1.0,5,3711.0,3714.0,2,3704.0,3719.0,3719.0,3701.0,20.0,741980.0,1490
2023-05-10 09:30:12,jd2404,jd2404,3714.0,2.0,74280.0,2.0,3,3714.0,3715.0,23,3704.0,3719.0,3719.0,3701.0,22.0,816260.0,1492
2023-05-10 09:30:15,jd2404,jd2404,3714.0,1.0,37140.0,0.0,2,3714.0,3715.0,23,3704.0,3719.0,3719.0,3701.0,23.0,853400.0,1492
2023-05-10 09:30:16,jd2404,jd2404,3714.0,1.0,37140.0,0.0,1,3714.0,3715.0,23,3704.0,3719.0,3719.0,3701.0,24.0,890540.0,1492
2023-05-10 09:30:22,jd2404,jd2404,3715.0,1.0,37150.0,1.0,1,3714.0,3715.0,22,3704.0,3719.0,3719.0,3701.0,25.0,927690.0,1493
2023-05-10 09:30:31,jd2404,jd2404,3715.0,10.0,371500.0,10.0,1,3714.0,3715.0,12,3704.0,3719.0,3719.0,3701.0,35.0,1299190.0,1503
2023-05-10 09:30:33,jd2404,jd2404,3715.0,1.0,37150.0,1.0,1,3714.0,3715.0,11,3704.0,3719.0,3719.0,3701.0,36.0,1336340.0,1504
2023-05-10 09:31:24,jd2404,jd2404,3714.0,1.0,37140.0,1.0,5,3711.0,3715.0,11,3704.0,3719.0,3719.0,3701.0,37.0,1373480.0,1505
2023-05-10 09:31:48,jd2404,jd2404,3711.0,1.0,37110.0,0.0,4,3711.0,3715.0,11,3704.0,3719.0,3719.0,3701.0,38.0,1410590.0,1505
2023-05-10 09:32:19,jd2404,jd2404,3711.0,0.0,0.0,0.0,4,3711.0,3714.0,6,3704.0,3719.0,3719.0,3701.0,38.0,1410590.0,1505
2023-05-10 09:32:34,jd2404,jd2404,3711.0,0.0,0.0,0.0,4,3711.0,3715.0,11,3704.0,3719.0,3719.0,3701.0,38.0,1410590.0,1505
2023-05-10 09:32:34,jd2404,jd2404,3711.0,4.0,148440.0,0.0,1,3704.0,3711.0,2,3704.0,3719.0,3719.0,3701.0,42.0,1559030.0,1505
2023-05-10 09:32:42,jd2404,jd2404,3711.0,0.0,0.0,0.0,7,3702.0,3711.0,2,3704.0,3719.0,3719.0,3701.0,42.0,1559030.0,1505
2023-05-10 09:32:46,jd2404,jd2404,3711.0,0.0,0.0,0.0,1,3703.0,3711.0,2,3704.0,3719.0,3719.0,3701.0,42.0,1559030.0,1505
2023-05-10 09:32:49,jd2404,jd2404,3711.0,0.0,0.0,0.0,1,3705.0,3711.0,2,3704.0,3719.0,3719.0,3701.0,42.0,1559030.0,1505
2023-05-10 09:37:53,jd2404,jd2404,3711.0,0.0,0.0,0.0,2,3705.0,3711.0,2,3704.0,3719.0,3719.0,3701.0,42.0,1559030.0,1505
2023-05-10 09:38:08,jd2404,jd2404,3711.0,0.0,0.0,0.0,1,3706.0,3711.0,2,3704.0,3719.0,3719.0,3701.0,42.0,1559030.0,1505
2023-05-10 09:38:10,jd2404,jd2404,3711.0,0.0,0.0,0.0,1,3706.0,3710.0,3,3704.0,3719.0,3719.0,3701.0,42.0,1559030.0,1505
2023-05-10 09:38:15,jd2404,jd2404,3706.0,1.0,37060.0,0.0,1,3705.0,3706.0,1,3704.0,3719.0,3719.0,3701.0,43.0,1596090.0,1505
2023-05-10 09:38:20,jd2404,jd2404,3706.0,0.0,0.0,0.0,1,3705.0,3710.0,3,3704.0,3719.0,3719.0,3701.0,43.0,1596090.0,1505
2023-05-10 09:38:23,jd2404,jd2404,3706.0,0.0,0.0,0.0,1,3705.0,3710.0,4,3704.0,3719.0,3719.0,3701.0,43.0,1596090.0,1505
2023-05-10 09:38:31,jd2404,jd2404,3706.0,0.0,0.0,0.0,2,3702.0,3710.0,4,3704.0,3719.0,3719.0,3701.0,43.0,1596090.0,1505
2023-05-10 09:38:33,jd2404,jd2404,3706.0,0.0,0.0,0.0,1,3703.0,3710.0,4,3704.0,3719.0,3719.0,3701.0,43.0,1596090.0,1505
2023-05-10 09:38:44,jd2404,jd2404,3706.0,0.0,0.0,0.0,1,3703.0,3710.0,3,3704.0,3719.0,3719.0,3701.0,43.0,1596090.0,1505
2023-05-10 09:38:47,jd2404,jd2404,3706.0,0.0,0.0,0.0,1,3703.0,3710.0,4,3704.0,3719.0,3719.0,3701.0,43.0,1596090.0,1505
2023-05-10 09:41:14,jd2404,jd2404,3706.0,0.0,0.0,0.0,1,3703.0,3710.0,3,3704.0,3719.0,3719.0,3701.0,43.0,1596090.0,1505
2023-05-10 09:41:15,jd2404,jd2404,3706.0,0.0,0.0,0.0,1,3703.0,3709.0,1,3704.0,3719.0,3719.0,3701.0,43.0,1596090.0,1505
2023-05-10 09:41:27,jd2404,jd2404,3706.0,0.0,0.0,0.0,1,3703.0,3710.0,3,3704.0,3719.0,3719.0,3701.0,43.0,1596090.0,1505
2023-05-10 09:41:43,jd2404,jd2404,3710.0,3.0,111300.0,3.0,1,3703.0,3711.0,2,3704.0,3719.0,3719.0,3701.0,46.0,1707390.0,1508
2023-05-10 09:42:14,jd2404,jd2404,3710.0,0.0,0.0,0.0,1,3703.0,3710.0,2,3704.0,3719.0,3719.0,3701.0,46.0,1707390.0,1508
2023-05-10 09:43:13,jd2404,jd2404,3710.0,0.0,0.0,0.0,1,3703.0,3711.0,2,3704.0,3719.0,3719.0,3701.0,46.0,1707390.0,1508
2023-05-10 09:43:26,jd2404,jd2404,3710.0,0.0,0.0,0.0,1,3705.0,3711.0,2,3704.0,3719.0,3719.0,3701.0,46.0,1707390.0,1508
2023-05-10 09:44:00,jd2404,jd2404,3710.0,0.0,0.0,0.0,1,3705.0,3715.0,11,3704.0,3719.0,3719.0,3701.0,46.0,1707390.0,1508
2023-05-10 09:44:19,jd2404,jd2404,3710.0,0.0,0.0,0.0,1,3705.0,3714.0,2,3704.0,3719.0,3719.0,3701.0,46.0,1707390.0,1508
2023-05-10 09:45:42,jd2404,jd2404,3710.0,0.0,0.0,0.0,1,3705.0,3714.0,3,3704.0,3719.0,3719.0,3701.0,46.0,1707390.0,1508
2023-05-10 09:45:48,jd2404,jd2404,3710.0,0.0,0.0,0.0,1,3705.0,3713.0,1,3704.0,3719.0,3719.0,3701.0,46.0,1707390.0,1508
2023-05-10 09:47:06,jd2404,jd2404,3710.0,0.0,0.0,0.0,1,3705.0,3712.0,2,3704.0,3719.0,3719.0,3701.0,46.0,1707390.0,1508
2023-05-10 09:47:30,jd2404,jd2404,3710.0,0.0,0.0,0.0,1,3705.0,3711.0,2,3704.0,3719.0,3719.0,3701.0,46.0,1707390.0,1508
2023-05-10 09:47:30,jd2404,jd2404,3710.0,0.0,0.0,0.0,1,3705.0,3710.0,2,3704.0,3719.0,3719.0,3701.0,46.0,1707390.0,1508
2023-05-10 09:47:41,jd2404,jd2404,3710.0,0.0,0.0,0.0,1,3705.0,3709.0,2,3704.0,3719.0,3719.0,3701.0,46.0,1707390.0,1508
2023-05-10 09:48:13,jd2404,jd2404,3710.0,0.0,0.0,0.0,1,3705.0,3709.0,3,3704.0,3719.0,3719.0,3701.0,46.0,1707390.0,1508
2023-05-10 09:48:29,jd2404,jd2404,3710.0,0.0,0.0,0.0,1,3705.0,3708.0,2,3704.0,3719.0,3719.0,3701.0,46.0,1707390.0,1508
2023-05-10 09:49:45,jd2404,jd2404,3710.0,0.0,0.0,0.0,10,3700.0,3708.0,2,3704.0,3719.0,3719.0,3701.0,46.0,1707390.0,1508
2023-05-10 09:49:47,jd2404,jd2404,3710.0,0.0,0.0,0.0,1,3701.0,3708.0,2,3704.0,3719.0,3719.0,3701.0,46.0,1707390.0,1508
2023-05-10 09:52:24,jd2404,jd2404,3710.0,0.0,0.0,0.0,5,3705.0,3708.0,2,3704.0,3719.0,3719.0,3701.0,46.0,1707390.0,1508
2023-05-10 09:52:37,jd2404,jd2404,3710.0,0.0,0.0,0.0,1,3706.0,3708.0,2,3704.0,3719.0,3719.0,3701.0,46.0,1707390.0,1508
2023-05-10 09:52:40,jd2404,jd2404,3710.0,0.0,0.0,0.0,1,3706.0,3709.0,2,3704.0,3719.0,3719.0,3701.0,46.0,1707390.0,1508
2023-05-10 09:53:00,jd2404,jd2404,3709.0,2.0,74180.0,0.0,1,3706.0,3712.0,2,3704.0,3719.0,3719.0,3701.0,48.0,1781570.0,1508
2023-05-10 09:53:21,jd2404,jd2404,3709.0,0.0,0.0,0.0,1,3706.0,3711.0,2,3704.0,3719.0,3719.0,3701.0,48.0,1781570.0,1508
2023-05-10 09:53:27,jd2404,jd2404,3709.0,0.0,0.0,0.0,1,3706.0,3710.0,2,3704.0,3719.0,3719.0,3701.0,48.0,1781570.0,1508
2023-05-10 09:53:43,jd2404,jd2404,3709.0,0.0,0.0,0.0,1,3706.0,3709.0,2,3704.0,3719.0,3719.0,3701.0,48.0,1781570.0,1508
2023-05-10 09:54:45,jd2404,jd2404,3709.0,0.0,0.0,0.0,1,3706.0,3708.0,2,3704.0,3719.0,3719.0,3701.0,48.0,1781570.0,1508
2023-05-10 09:54:46,jd2404,jd2404,3709.0,0.0,0.0,0.0,1,3706.0,3709.0,2,3704.0,3719.0,3719.0,3701.0,48.0,1781570.0,1508
2023-05-10 09:55:26,jd2404,jd2404,3709.0,0.0,0.0,0.0,1,3706.0,3708.0,2,3704.0,3719.0,3719.0,3701.0,48.0,1781570.0,1508
2023-05-10 09:55:28,jd2404,jd2404,3709.0,0.0,0.0,0.0,1,3706.0,3709.0,2,3704.0,3719.0,3719.0,3701.0,48.0,1781570.0,1508
2023-05-10 09:56:08,jd2404,jd2404,3709.0,0.0,0.0,0.0,1,3706.0,3708.0,2,3704.0,3719.0,3719.0,3701.0,48.0,1781570.0,1508
2023-05-10 09:56:09,jd2404,jd2404,3709.0,0.0,0.0,0.0,1,3706.0,3709.0,2,3704.0,3719.0,3719.0,3701.0,48.0,1781570.0,1508
2023-05-10 09:56:50,jd2404,jd2404,3709.0,0.0,0.0,0.0,1,3706.0,3708.0,2,3704.0,3719.0,3719.0,3701.0,48.0,1781570.0,1508
2023-05-10 09:56:51,jd2404,jd2404,3709.0,0.0,0.0,0.0,1,3706.0,3709.0,2,3704.0,3719.0,3719.0,3701.0,48.0,1781570.0,1508
2023-05-10 09:57:31,jd2404,jd2404,3709.0,0.0,0.0,0.0,1,3706.0,3708.0,2,3704.0,3719.0,3719.0,3701.0,48.0,1781570.0,1508
2023-05-10 09:57:32,jd2404,jd2404,3709.0,2.0,74180.0,0.0,1,3706.0,3709.0,2,3704.0,3719.0,3719.0,3701.0,50.0,1855750.0,1508
2023-05-10 09:58:18,jd2404,jd2404,3709.0,2.0,74180.0,2.0,1,3706.0,3710.0,2,3704.0,3719.0,3719.0,3701.0,52.0,1929930.0,1510
2023-05-10 10:00:06,jd2404,jd2404,3709.0,0.0,0.0,0.0,1,3706.0,3710.0,7,3704.0,3719.0,3719.0,3701.0,52.0,1929930.0,1510
2023-05-10 10:00:16,jd2404,jd2404,3709.0,0.0,0.0,0.0,10,3700.0,3710.0,7,3704.0,3719.0,3719.0,3701.0,52.0,1929930.0,1510
2023-05-10 10:00:18,jd2404,jd2404,3709.0,0.0,0.0,0.0,10,3700.0,3710.0,8,3704.0,3719.0,3719.0,3701.0,52.0,1929930.0,1510
2023-05-10 10:00:19,jd2404,jd2404,3709.0,0.0,0.0,0.0,1,3701.0,3710.0,8,3704.0,3719.0,3719.0,3701.0,52.0,1929930.0,1510
2023-05-10 10:00:20,jd2404,jd2404,3709.0,0.0,0.0,0.0,1,3701.0,3709.0,2,3704.0,3719.0,3719.0,3701.0,52.0,1929930.0,1510
2023-05-10 10:00:33,jd2404,jd2404,3709.0,0.0,0.0,0.0,1,3701.0,3709.0,3,3704.0,3719.0,3719.0,3701.0,52.0,1929930.0,1510
2023-05-10 10:00:40,jd2404,jd2404,3709.0,0.0,0.0,0.0,1,3701.0,3709.0,1,3704.0,3719.0,3719.0,3701.0,52.0,1929930.0,1510
2023-05-10 10:00:46,jd2404,jd2404,3709.0,0.0,0.0,0.0,1,3701.0,3709.0,3,3704.0,3719.0,3719.0,3701.0,52.0,1929930.0,1510
2023-05-10 10:01:01,jd2404,jd2404,3709.0,0.0,0.0,0.0,3,3701.0,3709.0,3,3704.0,3719.0,3719.0,3701.0,52.0,1929930.0,1510
2023-05-10 10:01:02,jd2404,jd2404,3709.0,0.0,0.0,0.0,3,3701.0,3708.0,2,3704.0,3719.0,3719.0,3701.0,52.0,1929930.0,1510
2023-05-10 10:01:03,jd2404,jd2404,3709.0,0.0,0.0,0.0,3,3701.0,3709.0,3,3704.0,3719.0,3719.0,3701.0,52.0,1929930.0,1510
2023-05-10 10:01:44,jd2404,jd2404,3709.0,0.0,0.0,0.0,3,3701.0,3708.0,2,3704.0,3719.0,3719.0,3701.0,52.0,1929930.0,1510
2023-05-10 10:01:45,jd2404,jd2404,3709.0,0.0,0.0,0.0,3,3701.0,3709.0,3,3704.0,3719.0,3719.0,3701.0,52.0,1929930.0,1510
2023-05-10 10:02:25,jd2404,jd2404,3709.0,0.0,0.0,0.0,3,3701.0,3708.0,2,3704.0,3719.0,3719.0,3701.0,52.0,1929930.0,1510
2023-05-10 10:02:26,jd2404,jd2404,3709.0,0.0,0.0,0.0,3,3701.0,3709.0,3,3704.0,3719.0,3719.0,3701.0,52.0,1929930.0,1510
2023-05-10 10:03:07,jd2404,jd2404,3709.0,0.0,0.0,0.0,3,3701.0,3708.0,2,3704.0,3719.0,3719.0,3701.0,52.0,1929930.0,1510
2023-05-10 10:03:09,jd2404,jd2404,3709.0,0.0,0.0,0.0,3,3701.0,3709.0,3,3704.0,3719.0,3719.0,3701.0,52.0,1929930.0,1510
2023-05-10 10:03:48,jd2404,jd2404,3709.0,0.0,0.0,0.0,3,3701.0,3708.0,2,3704.0,3719.0,3719.0,3701.0,52.0,1929930.0,1510
2023-05-10 10:03:50,jd2404,jd2404,3709.0,0.0,0.0,0.0,3,3701.0,3709.0,3,3704.0,3719.0,3719.0,3701.0,52.0,1929930.0,1510
2023-05-10 10:04:29,jd2404,jd2404,3709.0,0.0,0.0,0.0,3,3701.0,3708.0,2,3704.0,3719.0,3719.0,3701.0,52.0,1929930.0,1510
2023-05-10 10:04:30,jd2404,jd2404,3709.0,0.0,0.0,0.0,3,3701.0,3709.0,3,3704.0,3719.0,3719.0,3701.0,52.0,1929930.0,1510
2023-05-10 10:05:11,jd2404,jd2404,3709.0,0.0,0.0,0.0,3,3701.0,3708.0,2,3704.0,3719.0,3719.0,3701.0,52.0,1929930.0,1510
2023-05-10 10:05:12,jd2404,jd2404,3709.0,0.0,0.0,0.0,3,3701.0,3709.0,3,3704.0,3719.0,3719.0,3701.0,52.0,1929930.0,1510
2023-05-10 10:05:53,jd2404,jd2404,3709.0,0.0,0.0,0.0,2,3702.0,3709.0,3,3704.0,3719.0,3719.0,3701.0,52.0,1929930.0,1510
2023-05-10 10:05:54,jd2404,jd2404,3709.0,0.0,0.0,0.0,3,3701.0,3709.0,3,3704.0,3719.0,3719.0,3701.0,52.0,1929930.0,1510
2023-05-10 10:06:04,jd2404,jd2404,3709.0,0.0,0.0,0.0,1,3702.0,3709.0,3,3704.0,3719.0,3719.0,3701.0,52.0,1929930.0,1510
2023-05-10 10:06:52,jd2404,jd2404,3709.0,0.0,0.0,0.0,1,3702.0,3709.0,2,3704.0,3719.0,3719.0,3701.0,52.0,1929930.0,1510
2023-05-10 10:07:57,jd2404,jd2404,3709.0,0.0,0.0,0.0,2,3702.0,3709.0,2,3704.0,3719.0,3719.0,3701.0,52.0,1929930.0,1510
2023-05-10 10:08:30,jd2404,jd2404,3709.0,0.0,0.0,0.0,1,3705.0,3709.0,2,3704.0,3719.0,3719.0,3701.0,52.0,1929930.0,1510
2023-05-10 10:08:30,jd2404,jd2404,3709.0,0.0,0.0,0.0,2,3705.0,3709.0,2,3704.0,3719.0,3719.0,3701.0,52.0,1929930.0,1510
2023-05-10 10:09:57,jd2404,jd2404,3709.0,0.0,0.0,0.0,1,3705.0,3709.0,2,3704.0,3719.0,3719.0,3701.0,52.0,1929930.0,1510
2023-05-10 10:11:27,jd2404,jd2404,3705.0,1.0,37050.0,0.0,10,3702.0,3709.0,2,3704.0,3719.0,3719.0,3701.0,53.0,1966980.0,1510
2023-05-10 10:11:43,jd2404,jd2404,3705.0,0.0,0.0,0.0,2,3703.0,3709.0,2,3704.0,3719.0,3719.0,3701.0,53.0,1966980.0,1510
2023-05-10 10:11:57,jd2404,jd2404,3705.0,0.0,0.0,0.0,2,3703.0,3705.0,3,3704.0,3719.0,3719.0,3701.0,53.0,1966980.0,1510
2023-05-10 10:12:07,jd2404,jd2404,3705.0,0.0,0.0,0.0,2,3703.0,3709.0,2,3704.0,3719.0,3719.0,3701.0,53.0,1966980.0,1510
2023-05-10 10:12:12,jd2404,jd2404,3705.0,0.0,0.0,0.0,2,3703.0,3708.0,3,3704.0,3719.0,3719.0,3701.0,53.0,1966980.0,1510
2023-05-10 10:12:23,jd2404,jd2404,3705.0,0.0,0.0,0.0,2,3703.0,3705.0,2,3704.0,3719.0,3719.0,3701.0,53.0,1966980.0,1510
2023-05-10 10:12:46,jd2404,jd2404,3705.0,0.0,0.0,0.0,10,3702.0,3705.0,2,3704.0,3719.0,3719.0,3701.0,53.0,1966980.0,1510
2023-05-10 10:12:52,jd2404,jd2404,3705.0,0.0,0.0,0.0,2,3703.0,3705.0,2,3704.0,3719.0,3719.0,3701.0,53.0,1966980.0,1510
2023-05-10 10:12:54,jd2404,jd2404,3705.0,0.0,0.0,0.0,2,3703.0,3705.0,4,3704.0,3719.0,3719.0,3701.0,53.0,1966980.0,1510
2023-05-10 10:14:30,jd2404,jd2404,3705.0,0.0,0.0,0.0,3,3703.0,3705.0,4,3704.0,3719.0,3719.0,3701.0,53.0,1966980.0,1510
2023-05-10 10:30:57,jd2404,jd2404,3705.0,0.0,0.0,0.0,2,3703.0,3705.0,4,3704.0,3719.0,3719.0,3701.0,53.0,1966980.0,1510
2023-05-10 10:33:19,jd2404,jd2404,3703.0,1.0,37030.0,0.0,1,3703.0,3705.0,4,3704.0,3719.0,3719.0,3701.0,54.0,2004010.0,1510
2023-05-10 10:33:20,jd2404,jd2404,3703.0,1.0,37030.0,0.0,10,3702.0,3705.0,4,3704.0,3719.0,3719.0,3701.0,55.0,2041040.0,1510
2023-05-10 10:38:27,jd2404,jd2404,3703.0,0.0,0.0,0.0,1,3703.0,3705.0,4,3704.0,3719.0,3719.0,3701.0,55.0,2041040.0,1510
2023-05-10 10:38:34,jd2404,jd2404,3703.0,1.0,37030.0,1.0,10,3702.0,3703.0,9,3704.0,3719.0,3719.0,3701.0,56.0,2078070.0,1511
2023-05-10 10:38:44,jd2404,jd2404,3703.0,0.0,0.0,0.0,10,3702.0,3705.0,4,3704.0,3719.0,3719.0,3701.0,56.0,2078070.0,1511
2023-05-10 10:38:44,jd2404,jd2404,3702.0,9.0,333180.0,0.0,1,3702.0,3705.0,4,3704.0,3719.0,3719.0,3701.0,65.0,2411250.0,1511
2023-05-10 10:42:17,jd2404,jd2404,3702.0,1.0,37020.0,-1.0,10,3700.0,3702.0,1,3704.0,3719.0,3719.0,3701.0,66.0,2448270.0,1510
2023-05-10 10:42:19,jd2404,jd2404,3702.0,0.0,0.0,0.0,10,3700.0,3705.0,4,3704.0,3719.0,3719.0,3701.0,66.0,2448270.0,1510
2023-05-10 10:42:23,jd2404,jd2404,3702.0,0.0,0.0,0.0,10,3700.0,3704.0,2,3704.0,3719.0,3719.0,3701.0,66.0,2448270.0,1510
2023-05-10 10:43:38,jd2404,jd2404,3704.0,1.0,37040.0,-1.0,10,3700.0,3704.0,1,3704.0,3719.0,3719.0,3701.0,67.0,2485310.0,1509
2023-05-10 10:49:00,jd2404,jd2404,3704.0,0.0,0.0,0.0,1,3701.0,3704.0,1,3704.0,3719.0,3719.0,3701.0,67.0,2485310.0,1509
2023-05-10 10:49:50,jd2404,jd2404,3704.0,0.0,0.0,0.0,1,3701.0,3704.0,3,3704.0,3719.0,3719.0,3701.0,67.0,2485310.0,1509
2023-05-10 10:58:35,jd2404,jd2404,3704.0,3.0,111120.0,0.0,1,3701.0,3705.0,4,3704.0,3719.0,3719.0,3701.0,70.0,2596430.0,1509
2023-05-10 10:59:17,jd2404,jd2404,3704.0,0.0,0.0,0.0,1,3701.0,3704.0,2,3704.0,3719.0,3719.0,3701.0,70.0,2596430.0,1509
2023-05-10 10:59:39,jd2404,jd2404,3704.0,2.0,74080.0,0.0,1,3704.0,3705.0,4,3704.0,3719.0,3719.0,3701.0,72.0,2670510.0,1509
2023-05-10 10:59:42,jd2404,jd2404,3704.0,1.0,37040.0,0.0,1,3701.0,3704.0,1,3704.0,3719.0,3719.0,3701.0,73.0,2707550.0,1509
2023-05-10 11:00:14,jd2404,jd2404,3705.0,5.0,185240.0,-1.0,1,3701.0,3708.0,3,3704.0,3719.0,3719.0,3701.0,78.0,2892790.0,1508
2023-05-10 11:00:19,jd2404,jd2404,3705.0,0.0,0.0,0.0,1,3701.0,3707.0,3,3704.0,3719.0,3719.0,3701.0,78.0,2892790.0,1508
2023-05-10 11:00:22,jd2404,jd2404,3705.0,0.0,0.0,0.0,5,3705.0,3707.0,3,3704.0,3719.0,3719.0,3701.0,78.0,2892790.0,1508
2023-05-10 11:00:24,jd2404,jd2404,3705.0,0.0,0.0,0.0,10,3705.0,3707.0,3,3704.0,3719.0,3719.0,3701.0,78.0,2892790.0,1508
2023-05-10 11:00:27,jd2404,jd2404,3705.0,0.0,0.0,0.0,10,3705.0,3708.0,3,3704.0,3719.0,3719.0,3701.0,78.0,2892790.0,1508
2023-05-10 11:00:37,jd2404,jd2404,3705.0,0.0,0.0,0.0,15,3705.0,3708.0,3,3704.0,3719.0,3719.0,3701.0,78.0,2892790.0,1508
2023-05-10 11:01:03,jd2404,jd2404,3705.0,0.0,0.0,0.0,10,3705.0,3708.0,3,3704.0,3719.0,3719.0,3701.0,78.0,2892790.0,1508
2023-05-10 11:01:04,jd2404,jd2404,3705.0,0.0,0.0,0.0,5,3706.0,3708.0,3,3704.0,3719.0,3719.0,3701.0,78.0,2892790.0,1508
2023-05-10 11:01:14,jd2404,jd2404,3708.0,3.0,111240.0,0.0,2,3708.0,3710.0,5,3704.0,3719.0,3719.0,3701.0,81.0,3004030.0,1508
2023-05-10 11:01:17,jd2404,jd2404,3708.0,2.0,74160.0,-2.0,5,3706.0,3710.0,5,3704.0,3719.0,3719.0,3701.0,83.0,3078190.0,1506
2023-05-10 11:02:48,jd2404,jd2404,3706.0,5.0,185300.0,0.0,10,3705.0,3706.0,5,3704.0,3719.0,3719.0,3701.0,88.0,3263490.0,1506
2023-05-10 11:04:04,jd2404,jd2404,3705.0,5.0,185250.0,0.0,5,3705.0,3706.0,5,3704.0,3719.0,3719.0,3701.0,93.0,3448740.0,1506
2023-05-10 11:16:53,jd2404,jd2404,3705.0,1.0,37050.0,0.0,4,3705.0,3706.0,5,3704.0,3719.0,3719.0,3701.0,94.0,3485790.0,1506
2023-05-10 11:17:19,jd2404,jd2404,3705.0,1.0,37050.0,-1.0,3,3705.0,3706.0,5,3704.0,3719.0,3719.0,3701.0,95.0,3522840.0,1505
2023-05-10 11:18:14,jd2404,jd2404,3705.0,3.0,111150.0,0.0,1,3701.0,3706.0,5,3704.0,3719.0,3719.0,3701.0,98.0,3633990.0,1505
2023-05-10 11:18:29,jd2404,jd2404,3706.0,4.0,148240.0,4.0,1,3701.0,3706.0,1,3704.0,3719.0,3719.0,3701.0,102.0,3782230.0,1509
2023-05-10 11:18:31,jd2404,jd2404,3706.0,0.0,0.0,0.0,1,3701.0,3705.0,1,3704.0,3719.0,3719.0,3701.0,102.0,3782230.0,1509
2023-05-10 11:18:45,jd2404,jd2404,3705.0,1.0,37050.0,1.0,1,3701.0,3706.0,1,3704.0,3719.0,3719.0,3701.0,103.0,3819280.0,1510
2023-05-10 11:18:53,jd2404,jd2404,3705.0,0.0,0.0,0.0,1,3701.0,3705.0,3,3704.0,3719.0,3719.0,3701.0,103.0,3819280.0,1510
2023-05-10 11:19:03,jd2404,jd2404,3705.0,3.0,111150.0,3.0,1,3701.0,3706.0,1,3704.0,3719.0,3719.0,3701.0,106.0,3930430.0,1513
2023-05-10 11:19:24,jd2404,jd2404,3705.0,0.0,0.0,0.0,10,3702.0,3706.0,1,3704.0,3719.0,3719.0,3701.0,106.0,3930430.0,1513
2023-05-10 11:19:54,jd2404,jd2404,3705.0,0.0,0.0,0.0,1,3703.0,3706.0,1,3704.0,3719.0,3719.0,3701.0,106.0,3930430.0,1513
2023-05-10 11:21:18,jd2404,jd2404,3705.0,0.0,0.0,0.0,1,3703.0,3705.0,5,3704.0,3719.0,3719.0,3701.0,106.0,3930430.0,1513
2023-05-10 11:23:03,jd2404,jd2404,3705.0,1.0,37050.0,1.0,1,3703.0,3705.0,4,3704.0,3719.0,3719.0,3701.0,107.0,3967480.0,1514
2023-05-10 13:30:39,jd2404,jd2404,3705.0,1.0,37050.0,1.0,1,3703.0,3705.0,3,3704.0,3719.0,3719.0,3701.0,108.0,4004530.0,1515
2023-05-10 13:33:24,jd2404,jd2404,3705.0,3.0,111150.0,3.0,1,3705.0,3706.0,1,3704.0,3719.0,3719.0,3701.0,111.0,4115680.0,1518
2023-05-10 13:33:33,jd2404,jd2404,3706.0,1.0,37060.0,1.0,1,3705.0,3715.0,11,3704.0,3719.0,3719.0,3701.0,112.0,4152740.0,1519
2023-05-10 13:33:44,jd2404,jd2404,3706.0,0.0,0.0,0.0,1,3705.0,3714.0,1,3704.0,3719.0,3719.0,3701.0,112.0,4152740.0,1519
2023-05-10 13:33:44,jd2404,jd2404,3706.0,0.0,0.0,0.0,1,3705.0,3714.0,3,3704.0,3719.0,3719.0,3701.0,112.0,4152740.0,1519
2023-05-10 13:33:48,jd2404,jd2404,3706.0,0.0,0.0,0.0,1,3705.0,3713.0,1,3704.0,3719.0,3719.0,3701.0,112.0,4152740.0,1519
2023-05-10 13:34:03,jd2404,jd2404,3713.0,1.0,37130.0,1.0,1,3705.0,3714.0,2,3704.0,3719.0,3719.0,3701.0,113.0,4189870.0,1520
2023-05-10 13:34:05,jd2404,jd2404,3713.0,0.0,0.0,0.0,1,3705.0,3713.0,1,3704.0,3719.0,3719.0,3701.0,113.0,4189870.0,1520
2023-05-10 13:34:19,jd2404,jd2404,3713.0,0.0,0.0,0.0,1,3705.0,3714.0,2,3704.0,3719.0,3719.0,3701.0,113.0,4189870.0,1520
2023-05-10 13:34:30,jd2404,jd2404,3713.0,0.0,0.0,0.0,1,3706.0,3714.0,2,3704.0,3719.0,3719.0,3701.0,113.0,4189870.0,1520
2023-05-10 13:34:54,jd2404,jd2404,3713.0,0.0,0.0,0.0,6,3706.0,3714.0,2,3704.0,3719.0,3719.0,3701.0,113.0,4189870.0,1520
2023-05-10 13:35:31,jd2404,jd2404,3713.0,0.0,0.0,0.0,6,3706.0,3713.0,2,3704.0,3719.0,3719.0,3701.0,113.0,4189870.0,1520
2023-05-10 13:35:31,jd2404,jd2404,3713.0,0.0,0.0,0.0,6,3706.0,3713.0,4,3704.0,3719.0,3719.0,3701.0,113.0,4189870.0,1520
2023-05-10 13:38:26,jd2404,jd2404,3713.0,0.0,0.0,0.0,6,3706.0,3710.0,3,3704.0,3719.0,3719.0,3701.0,113.0,4189870.0,1520
2023-05-10 13:39:14,jd2404,jd2404,3713.0,0.0,0.0,0.0,5,3706.0,3710.0,3,3704.0,3719.0,3719.0,3701.0,113.0,4189870.0,1520
2023-05-10 13:45:47,jd2404,jd2404,3713.0,0.0,0.0,0.0,6,3706.0,3710.0,3,3704.0,3719.0,3719.0,3701.0,113.0,4189870.0,1520
2023-05-10 13:49:32,jd2404,jd2404,3713.0,0.0,0.0,0.0,5,3706.0,3710.0,3,3704.0,3719.0,3719.0,3701.0,113.0,4189870.0,1520
2023-05-10 13:50:04,jd2404,jd2404,3710.0,3.0,111300.0,3.0,2,3710.0,3713.0,4,3704.0,3719.0,3719.0,3701.0,116.0,4301170.0,1523
2023-05-10 13:52:17,jd2404,jd2404,3710.0,1.0,37100.0,1.0,1,3710.0,3713.0,4,3704.0,3719.0,3719.0,3701.0,117.0,4338270.0,1524
2023-05-10 13:52:30,jd2404,jd2404,3710.0,1.0,37100.0,1.0,1,3703.0,3713.0,4,3704.0,3719.0,3719.0,3701.0,118.0,4375370.0,1525
2023-05-10 13:52:30,jd2404,jd2404,3710.0,0.0,0.0,0.0,1,3703.0,3713.0,5,3704.0,3719.0,3719.0,3701.0,118.0,4375370.0,1525
2023-05-10 13:52:34,jd2404,jd2404,3710.0,0.0,0.0,0.0,1,3704.0,3713.0,5,3704.0,3719.0,3719.0,3701.0,118.0,4375370.0,1525
2023-05-10 13:53:00,jd2404,jd2404,3710.0,0.0,0.0,0.0,1,3704.0,3712.0,2,3704.0,3719.0,3719.0,3701.0,118.0,4375370.0,1525
2023-05-10 13:53:01,jd2404,jd2404,3710.0,0.0,0.0,0.0,1,3705.0,3712.0,2,3704.0,3719.0,3719.0,3701.0,118.0,4375370.0,1525
2023-05-10 13:53:02,jd2404,jd2404,3710.0,0.0,0.0,0.0,1,3705.0,3713.0,5,3704.0,3719.0,3719.0,3701.0,118.0,4375370.0,1525
2023-05-10 13:53:11,jd2404,jd2404,3710.0,0.0,0.0,0.0,2,3705.0,3713.0,5,3704.0,3719.0,3719.0,3701.0,118.0,4375370.0,1525
2023-05-10 13:53:11,jd2404,jd2404,3710.0,0.0,0.0,0.0,2,3705.0,3713.0,4,3704.0,3719.0,3719.0,3701.0,118.0,4375370.0,1525
2023-05-10 13:53:42,jd2404,jd2404,3710.0,0.0,0.0,0.0,2,3705.0,3712.0,2,3704.0,3719.0,3719.0,3701.0,118.0,4375370.0,1525
2023-05-10 13:53:43,jd2404,jd2404,3710.0,0.0,0.0,0.0,2,3705.0,3713.0,4,3704.0,3719.0,3719.0,3701.0,118.0,4375370.0,1525
2023-05-10 13:53:55,jd2404,jd2404,3710.0,0.0,0.0,0.0,1,3706.0,3713.0,4,3704.0,3719.0,3719.0,3701.0,118.0,4375370.0,1525
2023-05-10 13:54:02,jd2404,jd2404,3710.0,0.0,0.0,0.0,1,3707.0,3713.0,4,3704.0,3719.0,3719.0,3701.0,118.0,4375370.0,1525
2023-05-10 13:54:29,jd2404,jd2404,3710.0,0.0,0.0,0.0,1,3707.0,3710.0,2,3704.0,3719.0,3719.0,3701.0,118.0,4375370.0,1525
2023-05-10 13:54:43,jd2404,jd2404,3710.0,0.0,0.0,0.0,1,3706.0,3710.0,2,3704.0,3719.0,3719.0,3701.0,118.0,4375370.0,1525
2023-05-10 13:57:18,jd2404,jd2404,3710.0,0.0,0.0,0.0,1,3705.0,3710.0,2,3704.0,3719.0,3719.0,3701.0,118.0,4375370.0,1525
2023-05-10 13:57:23,jd2404,jd2404,3710.0,0.0,0.0,0.0,1,3706.0,3710.0,2,3704.0,3719.0,3719.0,3701.0,118.0,4375370.0,1525
2023-05-10 14:00:18,jd2404,jd2404,3710.0,0.0,0.0,0.0,1,3706.0,3710.0,3,3704.0,3719.0,3719.0,3701.0,118.0,4375370.0,1525
2023-05-10 14:02:17,jd2404,jd2404,3710.0,0.0,0.0,0.0,1,3706.0,3710.0,2,3704.0,3719.0,3719.0,3701.0,118.0,4375370.0,1525
2023-05-10 14:02:58,jd2404,jd2404,3710.0,0.0,0.0,0.0,1,3701.0,3710.0,2,3704.0,3719.0,3719.0,3701.0,118.0,4375370.0,1525
2023-05-10 14:03:01,jd2404,jd2404,3710.0,0.0,0.0,0.0,1,3702.0,3710.0,2,3704.0,3719.0,3719.0,3701.0,118.0,4375370.0,1525
2023-05-10 14:03:03,jd2404,jd2404,3710.0,0.0,0.0,0.0,3,3702.0,3710.0,2,3704.0,3719.0,3719.0,3701.0,118.0,4375370.0,1525
2023-05-10 14:03:20,jd2404,jd2404,3710.0,0.0,0.0,0.0,2,3703.0,3710.0,2,3704.0,3719.0,3719.0,3701.0,118.0,4375370.0,1525
2023-05-10 14:03:21,jd2404,jd2404,3710.0,0.0,0.0,0.0,3,3702.0,3710.0,2,3704.0,3719.0,3719.0,3701.0,118.0,4375370.0,1525
2023-05-10 14:03:30,jd2404,jd2404,3710.0,0.0,0.0,0.0,1,3703.0,3710.0,2,3704.0,3719.0,3719.0,3701.0,118.0,4375370.0,1525
2023-05-10 14:03:34,jd2404,jd2404,3710.0,0.0,0.0,0.0,1,3704.0,3710.0,2,3704.0,3719.0,3719.0,3701.0,118.0,4375370.0,1525
2023-05-10 14:05:11,jd2404,jd2404,3710.0,0.0,0.0,0.0,2,3704.0,3710.0,2,3704.0,3719.0,3719.0,3701.0,118.0,4375370.0,1525
2023-05-10 14:05:38,jd2404,jd2404,3710.0,0.0,0.0,0.0,1,3705.0,3710.0,2,3704.0,3719.0,3719.0,3701.0,118.0,4375370.0,1525
2023-05-10 14:08:11,jd2404,jd2404,3710.0,0.0,0.0,0.0,1,3705.0,3710.0,3,3704.0,3719.0,3719.0,3701.0,118.0,4375370.0,1525
2023-05-10 14:11:39,jd2404,jd2404,3710.0,0.0,0.0,0.0,1,3705.0,3709.0,1,3704.0,3719.0,3719.0,3701.0,118.0,4375370.0,1525
2023-05-10 14:14:50,jd2404,jd2404,3710.0,0.0,0.0,0.0,2,3705.0,3709.0,1,3704.0,3719.0,3719.0,3701.0,118.0,4375370.0,1525
2023-05-10 14:15:44,jd2404,jd2404,3709.0,1.0,37090.0,-1.0,2,3705.0,3710.0,2,3704.0,3719.0,3719.0,3701.0,119.0,4412460.0,1524
2023-05-10 14:15:59,jd2404,jd2404,3709.0,0.0,0.0,0.0,3,3705.0,3710.0,2,3704.0,3719.0,3719.0,3701.0,119.0,4412460.0,1524
2023-05-10 14:28:12,jd2404,jd2404,3705.0,3.0,111150.0,2.0,1,3701.0,3710.0,2,3704.0,3719.0,3719.0,3701.0,122.0,4523610.0,1526
2023-05-10 14:28:25,jd2404,jd2404,3705.0,0.0,0.0,0.0,1,3701.0,3710.0,3,3704.0,3719.0,3719.0,3701.0,122.0,4523610.0,1526
2023-05-10 14:28:25,jd2404,jd2404,3705.0,0.0,0.0,0.0,2,3702.0,3710.0,3,3704.0,3719.0,3719.0,3701.0,122.0,4523610.0,1526
2023-05-10 14:28:30,jd2404,jd2404,3705.0,0.0,0.0,0.0,2,3702.0,3709.0,1,3704.0,3719.0,3719.0,3701.0,122.0,4523610.0,1526
2023-05-10 14:34:19,jd2404,jd2404,3705.0,0.0,0.0,0.0,3,3702.0,3709.0,1,3704.0,3719.0,3719.0,3701.0,122.0,4523610.0,1526
2023-05-10 14:35:16,jd2404,jd2404,3705.0,0.0,0.0,0.0,3,3702.0,3710.0,2,3704.0,3719.0,3719.0,3701.0,122.0,4523610.0,1526
2023-05-10 14:35:28,jd2404,jd2404,3705.0,0.0,0.0,0.0,3,3702.0,3709.0,2,3704.0,3719.0,3719.0,3701.0,122.0,4523610.0,1526
2023-05-10 14:35:29,jd2404,jd2404,3705.0,0.0,0.0,0.0,3,3702.0,3710.0,2,3704.0,3719.0,3719.0,3701.0,122.0,4523610.0,1526
2023-05-10 14:35:33,jd2404,jd2404,3705.0,0.0,0.0,0.0,3,3702.0,3710.0,3,3704.0,3719.0,3719.0,3701.0,122.0,4523610.0,1526
2023-05-10 14:35:37,jd2404,jd2404,3705.0,0.0,0.0,0.0,3,3702.0,3709.0,1,3704.0,3719.0,3719.0,3701.0,122.0,4523610.0,1526
2023-05-10 14:39:08,jd2404,jd2404,3705.0,0.0,0.0,0.0,3,3702.0,3710.0,2,3704.0,3719.0,3719.0,3701.0,122.0,4523610.0,1526
2023-05-10 14:39:20,jd2404,jd2404,3705.0,0.0,0.0,0.0,3,3702.0,3710.0,3,3704.0,3719.0,3719.0,3701.0,122.0,4523610.0,1526
2023-05-10 14:39:27,jd2404,jd2404,3705.0,0.0,0.0,0.0,3,3702.0,3710.0,2,3704.0,3719.0,3719.0,3701.0,122.0,4523610.0,1526
2023-05-10 14:39:27,jd2404,jd2404,3705.0,0.0,0.0,0.0,3,3702.0,3709.0,1,3704.0,3719.0,3719.0,3701.0,122.0,4523610.0,1526
2023-05-10 14:42:06,jd2404,jd2404,3705.0,0.0,0.0,0.0,3,3702.0,3708.0,2,3704.0,3719.0,3719.0,3701.0,122.0,4523610.0,1526
2023-05-10 14:44:26,jd2404,jd2404,3705.0,0.0,0.0,0.0,3,3702.0,3708.0,3,3704.0,3719.0,3719.0,3701.0,122.0,4523610.0,1526
2023-05-10 14:44:37,jd2404,jd2404,3705.0,0.0,0.0,0.0,3,3702.0,3708.0,2,3704.0,3719.0,3719.0,3701.0,122.0,4523610.0,1526
2023-05-10 14:44:37,jd2404,jd2404,3705.0,0.0,0.0,0.0,3,3702.0,3707.0,1,3704.0,3719.0,3719.0,3701.0,122.0,4523610.0,1526
2023-05-10 14:45:36,jd2404,jd2404,3705.0,0.0,0.0,0.0,2,3702.0,3707.0,1,3704.0,3719.0,3719.0,3701.0,122.0,4523610.0,1526
2023-05-10 14:45:56,jd2404,jd2404,3705.0,0.0,0.0,0.0,5,3705.0,3707.0,1,3704.0,3719.0,3719.0,3701.0,122.0,4523610.0,1526
2023-05-10 14:46:09,jd2404,jd2404,3705.0,0.0,0.0,0.0,10,3705.0,3707.0,1,3704.0,3719.0,3719.0,3701.0,122.0,4523610.0,1526
2023-05-10 14:51:52,jd2404,jd2404,3705.0,0.0,0.0,0.0,10,3705.0,3708.0,2,3704.0,3719.0,3719.0,3701.0,122.0,4523610.0,1526
2023-05-10 14:53:58,jd2404,jd2404,3705.0,0.0,0.0,0.0,10,3705.0,3708.0,3,3704.0,3719.0,3719.0,3701.0,122.0,4523610.0,1526
2023-05-10 14:54:06,jd2404,jd2404,3705.0,0.0,0.0,0.0,10,3705.0,3708.0,2,3704.0,3719.0,3719.0,3701.0,122.0,4523610.0,1526
2023-05-10 14:54:06,jd2404,jd2404,3705.0,0.0,0.0,0.0,10,3705.0,3707.0,1,3704.0,3719.0,3719.0,3701.0,122.0,4523610.0,1526
2023-05-10 14:59:35,jd2404,jd2404,3707.0,1.0,37070.0,0.0,10,3705.0,3708.0,2,3704.0,3719.0,3719.0,3701.0,123.0,4560680.0,1526
2023-05-10 15:01:14,jd2404,jd2404,3707.0,0.0,0.0,0.0,10,3705.0,3708.0,2,3704.0,3719.0,3719.0,3701.0,123.0,4560680.0,1526
