time,symbol_id,symbol_name,last,trade_volume,trade_amount,open_interest_change,bv1,bp1,ap1,av1,yesterday_close,today_open,today_high,today_low,volume,amount,open_interest
2023-05-10 08:59:00,jd2403,jd2403,3636.0,2.0,72720.0,1.0,1,3610.0,3640.0,1,3620.0,3636.0,3636.0,3636.0,2.0,72720.0,2664
2023-05-10 09:00:00,jd2403,jd2403,3636.0,0.0,0.0,0.0,1,3610.0,3629.0,1,3620.0,3636.0,3636.0,3636.0,2.0,72720.0,2664
2023-05-10 09:00:00,jd2403,jd2403,3636.0,0.0,0.0,0.0,1,3612.0,3629.0,1,3620.0,3636.0,3636.0,3636.0,2.0,72720.0,2664
2023-05-10 09:00:01,jd2403,jd2403,3636.0,0.0,0.0,0.0,1,3620.0,3629.0,1,3620.0,3636.0,3636.0,3636.0,2.0,72720.0,2664
2023-05-10 09:00:08,jd2403,jd2403,3636.0,0.0,0.0,0.0,1,3620.0,3630.0,5,3620.0,3636.0,3636.0,3636.0,2.0,72720.0,2664
2023-05-10 09:00:13,jd2403,jd2403,3636.0,0.0,0.0,0.0,2,3621.0,3630.0,5,3620.0,3636.0,3636.0,3636.0,2.0,72720.0,2664
2023-05-10 09:00:17,jd2403,jd2403,3636.0,0.0,0.0,0.0,2,3621.0,3629.0,2,3620.0,3636.0,3636.0,3636.0,2.0,72720.0,2664
2023-05-10 09:00:19,jd2403,jd2403,3620.0,3.0,108620.0,3.0,1,3612.0,3620.0,7,3620.0,3636.0,3636.0,3620.0,5.0,181340.0,2667
2023-05-10 09:00:30,jd2403,jd2403,3620.0,0.0,0.0,0.0,2,3612.0,3620.0,7,3620.0,3636.0,3636.0,3620.0,5.0,181340.0,2667
2023-05-10 09:00:38,jd2403,jd2403,3620.0,0.0,0.0,0.0,2,3612.0,3620.0,17,3620.0,3636.0,3636.0,3620.0,5.0,181340.0,2667
2023-05-10 09:00:38,jd2403,jd2403,3620.0,1.0,36200.0,0.0,2,3612.0,3620.0,16,3620.0,3636.0,3636.0,3620.0,6.0,217540.0,2667
2023-05-10 09:00:39,jd2403,jd2403,3620.0,0.0,0.0,0.0,1,3615.0,3620.0,16,3620.0,3636.0,3636.0,3620.0,6.0,217540.0,2667
2023-05-10 09:00:45,jd2403,jd2403,3620.0,0.0,0.0,0.0,1,3616.0,3620.0,16,3620.0,3636.0,3636.0,3620.0,6.0,217540.0,2667
2023-05-10 09:00:54,jd2403,jd2403,3620.0,0.0,0.0,0.0,1,3617.0,3620.0,16,3620.0,3636.0,3636.0,3620.0,6.0,217540.0,2667
2023-05-10 09:00:57,jd2403,jd2403,3620.0,1.0,36200.0,0.0,1,3617.0,3620.0,15,3620.0,3636.0,3636.0,3620.0,7.0,253740.0,2667
2023-05-10 09:01:07,jd2403,jd2403,3620.0,0.0,0.0,0.0,2,3617.0,3620.0,15,3620.0,3636.0,3636.0,3620.0,7.0,253740.0,2667
2023-05-10 09:01:07,jd2403,jd2403,3620.0,0.0,0.0,0.0,4,3617.0,3620.0,15,3620.0,3636.0,3636.0,3620.0,7.0,253740.0,2667
2023-05-10 09:01:11,jd2403,jd2403,3620.0,1.0,36200.0,1.0,3,3617.0,3620.0,14,3620.0,3636.0,3636.0,3620.0,8.0,289940.0,2668
2023-05-10 09:01:40,jd2403,jd2403,3620.0,0.0,0.0,0.0,3,3617.0,3619.0,1,3620.0,3636.0,3636.0,3620.0,8.0,289940.0,2668
2023-05-10 09:01:49,jd2403,jd2403,3620.0,0.0,0.0,0.0,1,3618.0,3619.0,1,3620.0,3636.0,3636.0,3620.0,8.0,289940.0,2668
2023-05-10 09:01:52,jd2403,jd2403,3619.0,1.0,36190.0,0.0,1,3618.0,3620.0,14,3620.0,3636.0,3636.0,3619.0,9.0,326130.0,2668
2023-05-10 09:02:13,jd2403,jd2403,3619.0,0.0,0.0,0.0,2,3618.0,3620.0,14,3620.0,3636.0,3636.0,3619.0,9.0,326130.0,2668
2023-05-10 09:02:58,jd2403,jd2403,3618.0,2.0,72360.0,2.0,3,3617.0,3618.0,8,3620.0,3636.0,3636.0,3618.0,11.0,398490.0,2670
2023-05-10 09:03:29,jd2403,jd2403,3617.0,3.0,108510.0,1.0,2,3615.0,3617.0,7,3620.0,3636.0,3636.0,3617.0,14.0,507000.0,2671
2023-05-10 09:03:36,jd2403,jd2403,3617.0,1.0,36170.0,1.0,2,3615.0,3617.0,6,3620.0,3636.0,3636.0,3617.0,15.0,543170.0,2672
2023-05-10 09:03:44,jd2403,jd2403,3617.0,0.0,0.0,0.0,2,3615.0,3617.0,16,3620.0,3636.0,3636.0,3617.0,15.0,543170.0,2672
2023-05-10 09:04:06,jd2403,jd2403,3617.0,16.0,578720.0,0.0,4,3617.0,3618.0,28,3620.0,3636.0,3636.0,3617.0,31.0,1121890.0,2672
2023-05-10 09:04:09,jd2403,jd2403,3617.0,2.0,72340.0,-2.0,2,3617.0,3618.0,28,3620.0,3636.0,3636.0,3617.0,33.0,1194230.0,2670
2023-05-10 09:04:10,jd2403,jd2403,3617.0,2.0,72340.0,-2.0,2,3615.0,3618.0,28,3620.0,3636.0,3636.0,3617.0,35.0,1266570.0,2668
2023-05-10 09:04:22,jd2403,jd2403,3618.0,28.0,1013040.0,0.0,2,3618.0,3620.0,14,3620.0,3636.0,3636.0,3617.0,63.0,2279610.0,2668
2023-05-10 09:04:49,jd2403,jd2403,3618.0,2.0,72360.0,0.0,2,3615.0,3618.0,18,3620.0,3636.0,3636.0,3617.0,65.0,2351970.0,2668
2023-05-10 09:05:07,jd2403,jd2403,3618.0,18.0,651240.0,0.0,22,3618.0,3620.0,14,3620.0,3636.0,3636.0,3617.0,83.0,3003210.0,2668
2023-05-10 09:05:14,jd2403,jd2403,3618.0,0.0,0.0,0.0,2,3615.0,3620.0,14,3620.0,3636.0,3636.0,3617.0,83.0,3003210.0,2668
2023-05-10 09:05:29,jd2403,jd2403,3618.0,0.0,0.0,0.0,4,3616.0,3620.0,14,3620.0,3636.0,3636.0,3617.0,83.0,3003210.0,2668
2023-05-10 09:05:49,jd2403,jd2403,3618.0,0.0,0.0,0.0,5,3616.0,3620.0,14,3620.0,3636.0,3636.0,3617.0,83.0,3003210.0,2668
2023-05-10 09:06:00,jd2403,jd2403,3620.0,14.0,506800.0,0.0,8,3620.0,3625.0,15,3620.0,3636.0,3636.0,3617.0,97.0,3510010.0,2668
2023-05-10 09:06:03,jd2403,jd2403,3620.0,0.0,0.0,0.0,5,3616.0,3625.0,15,3620.0,3636.0,3636.0,3617.0,97.0,3510010.0,2668
2023-05-10 09:06:16,jd2403,jd2403,3620.0,0.0,0.0,0.0,6,3616.0,3625.0,15,3620.0,3636.0,3636.0,3617.0,97.0,3510010.0,2668
2023-05-10 09:06:17,jd2403,jd2403,3620.0,0.0,0.0,0.0,1,3617.0,3624.0,4,3620.0,3636.0,3636.0,3617.0,97.0,3510010.0,2668
2023-05-10 09:06:19,jd2403,jd2403,3617.0,1.0,36170.0,1.0,6,3616.0,3624.0,4,3620.0,3636.0,3636.0,3617.0,98.0,3546180.0,2669
2023-05-10 09:06:26,jd2403,jd2403,3617.0,0.0,0.0,0.0,1,3617.0,3624.0,4,3620.0,3636.0,3636.0,3617.0,98.0,3546180.0,2669
2023-05-10 09:06:45,jd2403,jd2403,3624.0,2.0,72480.0,-2.0,1,3618.0,3624.0,2,3620.0,3636.0,3636.0,3617.0,100.0,3618660.0,2667
2023-05-10 09:07:12,jd2403,jd2403,3624.0,0.0,0.0,0.0,1,3618.0,3624.0,7,3620.0,3636.0,3636.0,3617.0,100.0,3618660.0,2667
2023-05-10 09:07:14,jd2403,jd2403,3624.0,0.0,0.0,0.0,1,3618.0,3624.0,8,3620.0,3636.0,3636.0,3617.0,100.0,3618660.0,2667
2023-05-10 09:08:38,jd2403,jd2403,3624.0,0.0,0.0,0.0,1,3618.0,3623.0,1,3620.0,3636.0,3636.0,3617.0,100.0,3618660.0,2667
2023-05-10 09:08:42,jd2403,jd2403,3624.0,0.0,0.0,0.0,1,3618.0,3624.0,8,3620.0,3636.0,3636.0,3617.0,100.0,3618660.0,2667
2023-05-10 09:09:02,jd2403,jd2403,3624.0,0.0,0.0,0.0,1,3619.0,3624.0,8,3620.0,3636.0,3636.0,3617.0,100.0,3618660.0,2667
2023-05-10 09:09:10,jd2403,jd2403,3624.0,5.0,181200.0,0.0,1,3619.0,3624.0,3,3620.0,3636.0,3636.0,3617.0,105.0,3799860.0,2667
2023-05-10 09:11:26,jd2403,jd2403,3624.0,1.0,36240.0,0.0,1,3619.0,3624.0,2,3620.0,3636.0,3636.0,3617.0,106.0,3836100.0,2667
2023-05-10 09:12:04,jd2403,jd2403,3624.0,2.0,72480.0,0.0,1,3619.0,3625.0,16,3620.0,3636.0,3636.0,3617.0,108.0,3908580.0,2667
2023-05-10 09:12:11,jd2403,jd2403,3624.0,0.0,0.0,0.0,17,3619.0,3625.0,16,3620.0,3636.0,3636.0,3617.0,108.0,3908580.0,2667
2023-05-10 09:12:11,jd2403,jd2403,3624.0,0.0,0.0,0.0,18,3619.0,3625.0,16,3620.0,3636.0,3636.0,3617.0,108.0,3908580.0,2667
2023-05-10 09:12:17,jd2403,jd2403,3625.0,8.0,290000.0,8.0,18,3619.0,3625.0,8,3620.0,3636.0,3636.0,3617.0,116.0,4198580.0,2675
2023-05-10 09:12:23,jd2403,jd2403,3625.0,0.0,0.0,0.0,1,3620.0,3625.0,8,3620.0,3636.0,3636.0,3617.0,116.0,4198580.0,2675
2023-05-10 09:12:49,jd2403,jd2403,3625.0,0.0,0.0,0.0,2,3620.0,3625.0,8,3620.0,3636.0,3636.0,3617.0,116.0,4198580.0,2675
2023-05-10 09:12:56,jd2403,jd2403,3625.0,8.0,290000.0,-1.0,2,3620.0,3630.0,37,3620.0,3636.0,3636.0,3617.0,124.0,4488580.0,2674
2023-05-10 09:13:18,jd2403,jd2403,3630.0,37.0,1343100.0,-1.0,1,3630.0,3640.0,17,3620.0,3636.0,3636.0,3617.0,161.0,5831680.0,2673
2023-05-10 09:13:20,jd2403,jd2403,3630.0,0.0,0.0,0.0,1,3630.0,3639.0,3,3620.0,3636.0,3636.0,3617.0,161.0,5831680.0,2673
2023-05-10 09:13:30,jd2403,jd2403,3630.0,0.0,0.0,0.0,1,3630.0,3638.0,2,3620.0,3636.0,3636.0,3617.0,161.0,5831680.0,2673
2023-05-10 09:13:31,jd2403,jd2403,3630.0,0.0,0.0,0.0,1,3630.0,3637.0,3,3620.0,3636.0,3636.0,3617.0,161.0,5831680.0,2673
2023-05-10 09:13:36,jd2403,jd2403,3630.0,0.0,0.0,0.0,1,3630.0,3637.0,4,3620.0,3636.0,3636.0,3617.0,161.0,5831680.0,2673
2023-05-10 09:13:50,jd2403,jd2403,3630.0,0.0,0.0,0.0,1,3630.0,3636.0,2,3620.0,3636.0,3636.0,3617.0,161.0,5831680.0,2673
2023-05-10 09:13:51,jd2403,jd2403,3630.0,0.0,0.0,0.0,1,3630.0,3635.0,3,3620.0,3636.0,3636.0,3617.0,161.0,5831680.0,2673
2023-05-10 09:13:55,jd2403,jd2403,3630.0,1.0,36300.0,0.0,3,3620.0,3630.0,2,3620.0,3636.0,3636.0,3617.0,162.0,5867980.0,2673
2023-05-10 09:14:00,jd2403,jd2403,3630.0,0.0,0.0,0.0,2,3621.0,3630.0,2,3620.0,3636.0,3636.0,3617.0,162.0,5867980.0,2673
2023-05-10 09:14:10,jd2403,jd2403,3630.0,0.0,0.0,0.0,2,3621.0,3630.0,3,3620.0,3636.0,3636.0,3617.0,162.0,5867980.0,2673
2023-05-10 09:14:11,jd2403,jd2403,3630.0,0.0,0.0,0.0,2,3622.0,3630.0,3,3620.0,3636.0,3636.0,3617.0,162.0,5867980.0,2673
2023-05-10 09:14:13,jd2403,jd2403,3630.0,0.0,0.0,0.0,3,3622.0,3630.0,3,3620.0,3636.0,3636.0,3617.0,162.0,5867980.0,2673
2023-05-10 09:14:19,jd2403,jd2403,3630.0,0.0,0.0,0.0,3,3622.0,3630.0,5,3620.0,3636.0,3636.0,3617.0,162.0,5867980.0,2673
2023-05-10 09:14:31,jd2403,jd2403,3630.0,0.0,0.0,0.0,2,3622.0,3630.0,5,3620.0,3636.0,3636.0,3617.0,162.0,5867980.0,2673
2023-05-10 09:14:41,jd2403,jd2403,3630.0,0.0,0.0,0.0,2,3622.0,3629.0,1,3620.0,3636.0,3636.0,3617.0,162.0,5867980.0,2673
2023-05-10 09:14:43,jd2403,jd2403,3630.0,0.0,0.0,0.0,2,3621.0,3629.0,1,3620.0,3636.0,3636.0,3617.0,162.0,5867980.0,2673
2023-05-10 09:14:52,jd2403,jd2403,3630.0,0.0,0.0,0.0,2,3622.0,3629.0,1,3620.0,3636.0,3636.0,3617.0,162.0,5867980.0,2673
2023-05-10 09:14:54,jd2403,jd2403,3630.0,0.0,0.0,0.0,2,3621.0,3629.0,1,3620.0,3636.0,3636.0,3617.0,162.0,5867980.0,2673
2023-05-10 09:15:13,jd2403,jd2403,3630.0,0.0,0.0,0.0,3,3621.0,3629.0,1,3620.0,3636.0,3636.0,3617.0,162.0,5867980.0,2673
2023-05-10 09:15:13,jd2403,jd2403,3630.0,1.0,36300.0,0.0,3,3621.0,3630.0,4,3620.0,3636.0,3636.0,3617.0,163.0,5904280.0,2673
2023-05-10 09:15:14,jd2403,jd2403,3630.0,0.0,0.0,0.0,4,3621.0,3630.0,4,3620.0,3636.0,3636.0,3617.0,163.0,5904280.0,2673
2023-05-10 09:15:15,jd2403,jd2403,3630.0,0.0,0.0,0.0,5,3621.0,3630.0,4,3620.0,3636.0,3636.0,3617.0,163.0,5904280.0,2673
2023-05-10 09:15:19,jd2403,jd2403,3630.0,0.0,0.0,0.0,5,3621.0,3629.0,1,3620.0,3636.0,3636.0,3617.0,163.0,5904280.0,2673
2023-05-10 09:15:35,jd2403,jd2403,3630.0,0.0,0.0,0.0,2,3622.0,3629.0,1,3620.0,3636.0,3636.0,3617.0,163.0,5904280.0,2673
2023-05-10 09:15:36,jd2403,jd2403,3630.0,0.0,0.0,0.0,5,3621.0,3629.0,1,3620.0,3636.0,3636.0,3617.0,163.0,5904280.0,2673
2023-05-10 09:15:40,jd2403,jd2403,3630.0,0.0,0.0,0.0,4,3621.0,3629.0,1,3620.0,3636.0,3636.0,3617.0,163.0,5904280.0,2673
2023-05-10 09:15:42,jd2403,jd2403,3630.0,0.0,0.0,0.0,3,3621.0,3629.0,1,3620.0,3636.0,3636.0,3617.0,163.0,5904280.0,2673
2023-05-10 09:15:44,jd2403,jd2403,3630.0,0.0,0.0,0.0,2,3621.0,3629.0,1,3620.0,3636.0,3636.0,3617.0,163.0,5904280.0,2673
2023-05-10 09:15:52,jd2403,jd2403,3630.0,0.0,0.0,0.0,3,3622.0,3629.0,1,3620.0,3636.0,3636.0,3617.0,163.0,5904280.0,2673
2023-05-10 09:16:29,jd2403,jd2403,3630.0,0.0,0.0,0.0,3,3622.0,3628.0,1,3620.0,3636.0,3636.0,3617.0,163.0,5904280.0,2673
2023-05-10 09:16:33,jd2403,jd2403,3630.0,0.0,0.0,0.0,3,3622.0,3629.0,1,3620.0,3636.0,3636.0,3617.0,163.0,5904280.0,2673
2023-05-10 09:16:39,jd2403,jd2403,3630.0,0.0,0.0,0.0,4,3622.0,3629.0,1,3620.0,3636.0,3636.0,3617.0,163.0,5904280.0,2673
2023-05-10 09:16:57,jd2403,jd2403,3630.0,0.0,0.0,0.0,4,3622.0,3630.0,2,3620.0,3636.0,3636.0,3617.0,163.0,5904280.0,2673
2023-05-10 09:17:02,jd2403,jd2403,3630.0,0.0,0.0,0.0,4,3622.0,3629.0,1,3620.0,3636.0,3636.0,3617.0,163.0,5904280.0,2673
2023-05-10 09:17:21,jd2403,jd2403,3630.0,0.0,0.0,0.0,4,3622.0,3628.0,1,3620.0,3636.0,3636.0,3617.0,163.0,5904280.0,2673
2023-05-10 09:17:58,jd2403,jd2403,3630.0,0.0,0.0,0.0,1,3623.0,3628.0,1,3620.0,3636.0,3636.0,3617.0,163.0,5904280.0,2673
2023-05-10 09:18:16,jd2403,jd2403,3630.0,0.0,0.0,0.0,2,3623.0,3628.0,1,3620.0,3636.0,3636.0,3617.0,163.0,5904280.0,2673
2023-05-10 09:18:53,jd2403,jd2403,3630.0,0.0,0.0,0.0,1,3625.0,3628.0,1,3620.0,3636.0,3636.0,3617.0,163.0,5904280.0,2673
2023-05-10 09:19:35,jd2403,jd2403,3630.0,0.0,0.0,0.0,1,3625.0,3628.0,2,3620.0,3636.0,3636.0,3617.0,163.0,5904280.0,2673
2023-05-10 09:19:38,jd2403,jd2403,3630.0,0.0,0.0,0.0,1,3625.0,3628.0,1,3620.0,3636.0,3636.0,3617.0,163.0,5904280.0,2673
2023-05-10 09:22:54,jd2403,jd2403,3628.0,1.0,36280.0,0.0,1,3625.0,3630.0,52,3620.0,3636.0,3636.0,3617.0,164.0,5940560.0,2673
2023-05-10 09:23:19,jd2403,jd2403,3628.0,0.0,0.0,0.0,1,3625.0,3629.0,1,3620.0,3636.0,3636.0,3617.0,164.0,5940560.0,2673
2023-05-10 09:23:46,jd2403,jd2403,3628.0,0.0,0.0,0.0,1,3625.0,3630.0,52,3620.0,3636.0,3636.0,3617.0,164.0,5940560.0,2673
2023-05-10 09:23:55,jd2403,jd2403,3628.0,0.0,0.0,0.0,1,3625.0,3629.0,1,3620.0,3636.0,3636.0,3617.0,164.0,5940560.0,2673
2023-05-10 09:24:12,jd2403,jd2403,3628.0,0.0,0.0,0.0,2,3625.0,3629.0,1,3620.0,3636.0,3636.0,3617.0,164.0,5940560.0,2673
2023-05-10 09:24:12,jd2403,jd2403,3628.0,0.0,0.0,0.0,1,3628.0,3629.0,1,3620.0,3636.0,3636.0,3617.0,164.0,5940560.0,2673
2023-05-10 09:24:29,jd2403,jd2403,3628.0,0.0,0.0,0.0,1,3628.0,3630.0,52,3620.0,3636.0,3636.0,3617.0,164.0,5940560.0,2673
2023-05-10 09:24:38,jd2403,jd2403,3628.0,0.0,0.0,0.0,1,3628.0,3629.0,1,3620.0,3636.0,3636.0,3617.0,164.0,5940560.0,2673
2023-05-10 09:25:15,jd2403,jd2403,3628.0,0.0,0.0,0.0,1,3628.0,3630.0,52,3620.0,3636.0,3636.0,3617.0,164.0,5940560.0,2673
2023-05-10 09:25:51,jd2403,jd2403,3628.0,0.0,0.0,0.0,1,3628.0,3629.0,1,3620.0,3636.0,3636.0,3617.0,164.0,5940560.0,2673
2023-05-10 09:25:55,jd2403,jd2403,3628.0,1.0,36280.0,0.0,3,3626.0,3629.0,1,3620.0,3636.0,3636.0,3617.0,165.0,5976840.0,2673
2023-05-10 09:26:18,jd2403,jd2403,3629.0,1.0,36290.0,0.0,3,3626.0,3630.0,52,3620.0,3636.0,3636.0,3617.0,166.0,6013130.0,2673
2023-05-10 09:26:27,jd2403,jd2403,3629.0,0.0,0.0,0.0,3,3626.0,3629.0,1,3620.0,3636.0,3636.0,3617.0,166.0,6013130.0,2673
2023-05-10 09:27:04,jd2403,jd2403,3629.0,1.0,36290.0,0.0,3,3626.0,3630.0,52,3620.0,3636.0,3636.0,3617.0,167.0,6049420.0,2673
2023-05-10 09:27:13,jd2403,jd2403,3629.0,0.0,0.0,0.0,3,3626.0,3630.0,57,3620.0,3636.0,3636.0,3617.0,167.0,6049420.0,2673
2023-05-10 09:27:26,jd2403,jd2403,3629.0,0.0,0.0,0.0,1,3627.0,3630.0,57,3620.0,3636.0,3636.0,3617.0,167.0,6049420.0,2673
2023-05-10 09:28:49,jd2403,jd2403,3630.0,1.0,36300.0,0.0,1,3627.0,3630.0,56,3620.0,3636.0,3636.0,3617.0,168.0,6085720.0,2673
2023-05-10 09:29:16,jd2403,jd2403,3630.0,0.0,0.0,0.0,2,3627.0,3630.0,56,3620.0,3636.0,3636.0,3617.0,168.0,6085720.0,2673
2023-05-10 09:30:46,jd2403,jd2403,3630.0,0.0,0.0,0.0,5,3628.0,3630.0,56,3620.0,3636.0,3636.0,3617.0,168.0,6085720.0,2673
2023-05-10 09:31:47,jd2403,jd2403,3628.0,5.0,181400.0,5.0,2,3627.0,3630.0,56,3620.0,3636.0,3636.0,3617.0,173.0,6267120.0,2678
2023-05-10 09:31:50,jd2403,jd2403,3628.0,0.0,0.0,0.0,2,3627.0,3628.0,9,3620.0,3636.0,3636.0,3617.0,173.0,6267120.0,2678
2023-05-10 09:31:57,jd2403,jd2403,3628.0,1.0,36280.0,0.0,2,3627.0,3628.0,8,3620.0,3636.0,3636.0,3617.0,174.0,6303400.0,2678
2023-05-10 09:32:02,jd2403,jd2403,3628.0,0.0,0.0,0.0,1,3627.0,3628.0,8,3620.0,3636.0,3636.0,3617.0,174.0,6303400.0,2678
2023-05-10 09:32:27,jd2403,jd2403,3627.0,1.0,36270.0,1.0,3,3625.0,3628.0,8,3620.0,3636.0,3636.0,3617.0,175.0,6339670.0,2679
2023-05-10 09:32:45,jd2403,jd2403,3627.0,0.0,0.0,0.0,1,3626.0,3628.0,8,3620.0,3636.0,3636.0,3617.0,175.0,6339670.0,2679
2023-05-10 09:34:36,jd2403,jd2403,3627.0,0.0,0.0,0.0,1,3626.0,3627.0,6,3620.0,3636.0,3636.0,3617.0,175.0,6339670.0,2679
2023-05-10 09:34:37,jd2403,jd2403,3627.0,0.0,0.0,0.0,1,3626.0,3628.0,8,3620.0,3636.0,3636.0,3617.0,175.0,6339670.0,2679
2023-05-10 09:38:05,jd2403,jd2403,3626.0,1.0,36260.0,-1.0,3,3625.0,3628.0,8,3620.0,3636.0,3636.0,3617.0,176.0,6375930.0,2678
2023-05-10 09:38:21,jd2403,jd2403,3625.0,1.0,36250.0,1.0,2,3625.0,3628.0,8,3620.0,3636.0,3636.0,3617.0,177.0,6412180.0,2679
2023-05-10 09:38:24,jd2403,jd2403,3625.0,0.0,0.0,0.0,2,3625.0,3628.0,14,3620.0,3636.0,3636.0,3617.0,177.0,6412180.0,2679
2023-05-10 09:38:39,jd2403,jd2403,3625.0,0.0,0.0,0.0,2,3625.0,3628.0,15,3620.0,3636.0,3636.0,3617.0,177.0,6412180.0,2679
2023-05-10 09:38:44,jd2403,jd2403,3625.0,0.0,0.0,0.0,2,3625.0,3628.0,14,3620.0,3636.0,3636.0,3617.0,177.0,6412180.0,2679
2023-05-10 09:38:47,jd2403,jd2403,3625.0,0.0,0.0,0.0,2,3625.0,3628.0,8,3620.0,3636.0,3636.0,3617.0,177.0,6412180.0,2679
2023-05-10 09:39:00,jd2403,jd2403,3625.0,0.0,0.0,0.0,2,3625.0,3628.0,9,3620.0,3636.0,3636.0,3617.0,177.0,6412180.0,2679
2023-05-10 09:39:24,jd2403,jd2403,3628.0,1.0,36280.0,-1.0,2,3625.0,3628.0,8,3620.0,3636.0,3636.0,3617.0,178.0,6448460.0,2678
2023-05-10 09:40:02,jd2403,jd2403,3628.0,0.0,0.0,0.0,2,3625.0,3627.0,6,3620.0,3636.0,3636.0,3617.0,178.0,6448460.0,2678
2023-05-10 09:40:13,jd2403,jd2403,3628.0,0.0,0.0,0.0,2,3625.0,3628.0,8,3620.0,3636.0,3636.0,3617.0,178.0,6448460.0,2678
2023-05-10 09:40:13,jd2403,jd2403,3625.0,2.0,72500.0,2.0,1,3623.0,3625.0,4,3620.0,3636.0,3636.0,3617.0,180.0,6520960.0,2680
2023-05-10 09:41:01,jd2403,jd2403,3625.0,0.0,0.0,0.0,2,3623.0,3625.0,4,3620.0,3636.0,3636.0,3617.0,180.0,6520960.0,2680
2023-05-10 09:41:03,jd2403,jd2403,3625.0,0.0,0.0,0.0,3,3623.0,3625.0,4,3620.0,3636.0,3636.0,3617.0,180.0,6520960.0,2680
2023-05-10 09:41:05,jd2403,jd2403,3625.0,0.0,0.0,0.0,4,3623.0,3625.0,4,3620.0,3636.0,3636.0,3617.0,180.0,6520960.0,2680
2023-05-10 09:42:46,jd2403,jd2403,3625.0,0.0,0.0,0.0,3,3623.0,3625.0,4,3620.0,3636.0,3636.0,3617.0,180.0,6520960.0,2680
2023-05-10 09:42:47,jd2403,jd2403,3625.0,0.0,0.0,0.0,2,3623.0,3625.0,4,3620.0,3636.0,3636.0,3617.0,180.0,6520960.0,2680
2023-05-10 09:42:50,jd2403,jd2403,3625.0,0.0,0.0,0.0,1,3623.0,3625.0,4,3620.0,3636.0,3636.0,3617.0,180.0,6520960.0,2680
2023-05-10 09:43:46,jd2403,jd2403,3625.0,0.0,0.0,0.0,1,3623.0,3628.0,12,3620.0,3636.0,3636.0,3617.0,180.0,6520960.0,2680
2023-05-10 09:43:55,jd2403,jd2403,3625.0,0.0,0.0,0.0,1,3623.0,3628.0,7,3620.0,3636.0,3636.0,3617.0,180.0,6520960.0,2680
2023-05-10 09:45:00,jd2403,jd2403,3623.0,1.0,36230.0,0.0,3,3621.0,3628.0,7,3620.0,3636.0,3636.0,3617.0,181.0,6557190.0,2680
2023-05-10 09:45:18,jd2403,jd2403,3623.0,0.0,0.0,0.0,2,3622.0,3628.0,7,3620.0,3636.0,3636.0,3617.0,181.0,6557190.0,2680
2023-05-10 09:45:24,jd2403,jd2403,3623.0,0.0,0.0,0.0,3,3623.0,3628.0,7,3620.0,3636.0,3636.0,3617.0,181.0,6557190.0,2680
2023-05-10 09:46:01,jd2403,jd2403,3623.0,0.0,0.0,0.0,3,3623.0,3628.0,8,3620.0,3636.0,3636.0,3617.0,181.0,6557190.0,2680
2023-05-10 09:46:04,jd2403,jd2403,3623.0,0.0,0.0,0.0,3,3623.0,3628.0,9,3620.0,3636.0,3636.0,3617.0,181.0,6557190.0,2680
2023-05-10 09:49:21,jd2403,jd2403,3623.0,0.0,0.0,0.0,2,3622.0,3628.0,9,3620.0,3636.0,3636.0,3617.0,181.0,6557190.0,2680
2023-05-10 09:50:16,jd2403,jd2403,3623.0,0.0,0.0,0.0,8,3620.0,3628.0,9,3620.0,3636.0,3636.0,3617.0,181.0,6557190.0,2680
2023-05-10 09:50:22,jd2403,jd2403,3623.0,0.0,0.0,0.0,3,3621.0,3628.0,9,3620.0,3636.0,3636.0,3617.0,181.0,6557190.0,2680
2023-05-10 09:50:56,jd2403,jd2403,3623.0,0.0,0.0,0.0,3,3622.0,3628.0,9,3620.0,3636.0,3636.0,3617.0,181.0,6557190.0,2680
2023-05-10 09:51:38,jd2403,jd2403,3623.0,0.0,0.0,0.0,3,3622.0,3628.0,8,3620.0,3636.0,3636.0,3617.0,181.0,6557190.0,2680
2023-05-10 09:52:05,jd2403,jd2403,3623.0,0.0,0.0,0.0,1,3624.0,3628.0,8,3620.0,3636.0,3636.0,3617.0,181.0,6557190.0,2680
2023-05-10 09:52:38,jd2403,jd2403,3623.0,0.0,0.0,0.0,1,3624.0,3627.0,4,3620.0,3636.0,3636.0,3617.0,181.0,6557190.0,2680
2023-05-10 09:52:45,jd2403,jd2403,3623.0,0.0,0.0,0.0,1,3624.0,3626.0,2,3620.0,3636.0,3636.0,3617.0,181.0,6557190.0,2680
2023-05-10 09:53:01,jd2403,jd2403,3623.0,0.0,0.0,0.0,1,3624.0,3625.0,4,3620.0,3636.0,3636.0,3617.0,181.0,6557190.0,2680
2023-05-10 09:53:43,jd2403,jd2403,3624.0,1.0,36240.0,0.0,3,3622.0,3625.0,4,3620.0,3636.0,3636.0,3617.0,182.0,6593430.0,2680
2023-05-10 09:53:52,jd2403,jd2403,3624.0,0.0,0.0,0.0,3,3623.0,3625.0,4,3620.0,3636.0,3636.0,3617.0,182.0,6593430.0,2680
2023-05-10 09:53:58,jd2403,jd2403,3624.0,0.0,0.0,0.0,6,3623.0,3625.0,4,3620.0,3636.0,3636.0,3617.0,182.0,6593430.0,2680
2023-05-10 09:54:23,jd2403,jd2403,3623.0,2.0,72460.0,-2.0,4,3623.0,3625.0,4,3620.0,3636.0,3636.0,3617.0,184.0,6665890.0,2678
2023-05-10 09:57:42,jd2403,jd2403,3623.0,0.0,0.0,0.0,4,3623.0,3624.0,1,3620.0,3636.0,3636.0,3617.0,184.0,6665890.0,2678
2023-05-10 09:58:13,jd2403,jd2403,3623.0,0.0,0.0,0.0,4,3623.0,3625.0,4,3620.0,3636.0,3636.0,3617.0,184.0,6665890.0,2678
2023-05-10 09:58:25,jd2403,jd2403,3623.0,1.0,36230.0,-1.0,3,3623.0,3625.0,4,3620.0,3636.0,3636.0,3617.0,185.0,6702120.0,2677
2023-05-10 09:59:53,jd2403,jd2403,3623.0,2.0,72460.0,2.0,1,3623.0,3625.0,4,3620.0,3636.0,3636.0,3617.0,187.0,6774580.0,2679
2023-05-10 10:00:50,jd2403,jd2403,3623.0,0.0,0.0,0.0,1,3623.0,3625.0,5,3620.0,3636.0,3636.0,3617.0,187.0,6774580.0,2679
2023-05-10 10:01:05,jd2403,jd2403,3623.0,0.0,0.0,0.0,2,3624.0,3625.0,5,3620.0,3636.0,3636.0,3617.0,187.0,6774580.0,2679
2023-05-10 10:01:21,jd2403,jd2403,3625.0,2.0,72500.0,0.0,1,3623.0,3625.0,3,3620.0,3636.0,3636.0,3617.0,189.0,6847080.0,2679
2023-05-10 10:02:28,jd2403,jd2403,3625.0,2.0,72500.0,2.0,1,3623.0,3625.0,1,3620.0,3636.0,3636.0,3617.0,191.0,6919580.0,2681
2023-05-10 10:06:48,jd2403,jd2403,3625.0,1.0,36250.0,0.0,1,3623.0,3628.0,1,3620.0,3636.0,3636.0,3617.0,192.0,6955830.0,2681
2023-05-10 10:07:11,jd2403,jd2403,3623.0,1.0,36230.0,0.0,3,3621.0,3628.0,1,3620.0,3636.0,3636.0,3617.0,193.0,6992060.0,2681
2023-05-10 10:07:47,jd2403,jd2403,3623.0,0.0,0.0,0.0,4,3621.0,3628.0,1,3620.0,3636.0,3636.0,3617.0,193.0,6992060.0,2681
2023-05-10 10:09:56,jd2403,jd2403,3623.0,0.0,0.0,0.0,3,3621.0,3628.0,1,3620.0,3636.0,3636.0,3617.0,193.0,6992060.0,2681
2023-05-10 10:10:01,jd2403,jd2403,3620.0,10.0,362030.0,7.0,1,3620.0,3628.0,1,3620.0,3636.0,3636.0,3617.0,203.0,7354090.0,2688
2023-05-10 10:10:02,jd2403,jd2403,3620.0,0.0,0.0,0.0,1,3620.0,3627.0,2,3620.0,3636.0,3636.0,3617.0,203.0,7354090.0,2688
2023-05-10 10:10:04,jd2403,jd2403,3620.0,0.0,0.0,0.0,1,3620.0,3628.0,1,3620.0,3636.0,3636.0,3617.0,203.0,7354090.0,2688
2023-05-10 10:10:08,jd2403,jd2403,3620.0,0.0,0.0,0.0,1,3620.0,3628.0,6,3620.0,3636.0,3636.0,3617.0,203.0,7354090.0,2688
2023-05-10 10:10:32,jd2403,jd2403,3620.0,0.0,0.0,0.0,1,3620.0,3628.0,16,3620.0,3636.0,3636.0,3617.0,203.0,7354090.0,2688
2023-05-10 10:10:34,jd2403,jd2403,3620.0,0.0,0.0,0.0,1,3620.0,3626.0,6,3620.0,3636.0,3636.0,3617.0,203.0,7354090.0,2688
2023-05-10 10:10:58,jd2403,jd2403,3620.0,0.0,0.0,0.0,2,3620.0,3626.0,6,3620.0,3636.0,3636.0,3617.0,203.0,7354090.0,2688
2023-05-10 10:11:30,jd2403,jd2403,3620.0,2.0,72400.0,0.0,2,3618.0,3620.0,2,3620.0,3636.0,3636.0,3617.0,205.0,7426490.0,2688
2023-05-10 10:12:29,jd2403,jd2403,3620.0,0.0,0.0,0.0,3,3618.0,3620.0,2,3620.0,3636.0,3636.0,3617.0,205.0,7426490.0,2688
2023-05-10 10:13:35,jd2403,jd2403,3620.0,0.0,0.0,0.0,2,3618.0,3620.0,2,3620.0,3636.0,3636.0,3617.0,205.0,7426490.0,2688
2023-05-10 10:14:21,jd2403,jd2403,3620.0,0.0,0.0,0.0,3,3618.0,3620.0,2,3620.0,3636.0,3636.0,3617.0,205.0,7426490.0,2688
2023-05-10 10:30:01,jd2403,jd2403,3620.0,0.0,0.0,0.0,1,3619.0,3620.0,2,3620.0,3636.0,3636.0,3617.0,205.0,7426490.0,2688
2023-05-10 10:30:02,jd2403,jd2403,3620.0,0.0,0.0,0.0,2,3619.0,3620.0,2,3620.0,3636.0,3636.0,3617.0,205.0,7426490.0,2688
2023-05-10 10:30:14,jd2403,jd2403,3620.0,1.0,36200.0,0.0,2,3619.0,3620.0,1,3620.0,3636.0,3636.0,3617.0,206.0,7462690.0,2688
2023-05-10 10:30:17,jd2403,jd2403,3620.0,1.0,36200.0,0.0,2,3619.0,3626.0,6,3620.0,3636.0,3636.0,3617.0,207.0,7498890.0,2688
2023-05-10 10:30:20,jd2403,jd2403,3620.0,0.0,0.0,0.0,2,3619.0,3625.0,1,3620.0,3636.0,3636.0,3617.0,207.0,7498890.0,2688
2023-05-10 10:30:20,jd2403,jd2403,3620.0,0.0,0.0,0.0,2,3619.0,3625.0,2,3620.0,3636.0,3636.0,3617.0,207.0,7498890.0,2688
2023-05-10 10:30:41,jd2403,jd2403,3620.0,0.0,0.0,0.0,1,3619.0,3625.0,2,3620.0,3636.0,3636.0,3617.0,207.0,7498890.0,2688
2023-05-10 10:30:51,jd2403,jd2403,3620.0,0.0,0.0,0.0,1,3620.0,3625.0,2,3620.0,3636.0,3636.0,3617.0,207.0,7498890.0,2688
2023-05-10 10:31:25,jd2403,jd2403,3620.0,0.0,0.0,0.0,2,3620.0,3625.0,2,3620.0,3636.0,3636.0,3617.0,207.0,7498890.0,2688
2023-05-10 10:31:31,jd2403,jd2403,3620.0,0.0,0.0,0.0,3,3620.0,3625.0,2,3620.0,3636.0,3636.0,3617.0,207.0,7498890.0,2688
2023-05-10 10:31:32,jd2403,jd2403,3620.0,0.0,0.0,0.0,2,3620.0,3625.0,2,3620.0,3636.0,3636.0,3617.0,207.0,7498890.0,2688
2023-05-10 10:32:12,jd2403,jd2403,3620.0,0.0,0.0,0.0,1,3621.0,3625.0,2,3620.0,3636.0,3636.0,3617.0,207.0,7498890.0,2688
2023-05-10 10:32:24,jd2403,jd2403,3620.0,0.0,0.0,0.0,2,3620.0,3625.0,2,3620.0,3636.0,3636.0,3617.0,207.0,7498890.0,2688
2023-05-10 10:32:47,jd2403,jd2403,3620.0,0.0,0.0,0.0,2,3620.0,3624.0,1,3620.0,3636.0,3636.0,3617.0,207.0,7498890.0,2688
2023-05-10 10:33:38,jd2403,jd2403,3620.0,0.0,0.0,0.0,3,3620.0,3624.0,1,3620.0,3636.0,3636.0,3617.0,207.0,7498890.0,2688
2023-05-10 10:33:50,jd2403,jd2403,3620.0,0.0,0.0,0.0,1,3621.0,3624.0,1,3620.0,3636.0,3636.0,3617.0,207.0,7498890.0,2688
2023-05-10 10:34:01,jd2403,jd2403,3620.0,0.0,0.0,0.0,6,3621.0,3624.0,1,3620.0,3636.0,3636.0,3617.0,207.0,7498890.0,2688
2023-05-10 10:35:01,jd2403,jd2403,3621.0,6.0,217260.0,-1.0,2,3620.0,3624.0,1,3620.0,3636.0,3636.0,3617.0,213.0,7716150.0,2687
2023-05-10 10:35:08,jd2403,jd2403,3621.0,0.0,0.0,0.0,1,3620.0,3624.0,1,3620.0,3636.0,3636.0,3617.0,213.0,7716150.0,2687
2023-05-10 10:35:16,jd2403,jd2403,3620.0,1.0,36200.0,0.0,2,3618.0,3624.0,1,3620.0,3636.0,3636.0,3617.0,214.0,7752350.0,2687
2023-05-10 10:35:18,jd2403,jd2403,3620.0,0.0,0.0,0.0,2,3618.0,3623.0,1,3620.0,3636.0,3636.0,3617.0,214.0,7752350.0,2687
2023-05-10 10:35:24,jd2403,jd2403,3618.0,2.0,72360.0,0.0,2,3617.0,3623.0,1,3620.0,3636.0,3636.0,3617.0,216.0,7824710.0,2687
2023-05-10 10:35:28,jd2403,jd2403,3618.0,0.0,0.0,0.0,3,3617.0,3623.0,1,3620.0,3636.0,3636.0,3617.0,216.0,7824710.0,2687
2023-05-10 10:35:28,jd2403,jd2403,3618.0,0.0,0.0,0.0,3,3618.0,3623.0,1,3620.0,3636.0,3636.0,3617.0,216.0,7824710.0,2687
2023-05-10 10:35:43,jd2403,jd2403,3618.0,1.0,36180.0,0.0,2,3618.0,3623.0,1,3620.0,3636.0,3636.0,3617.0,217.0,7860890.0,2687
2023-05-10 10:35:44,jd2403,jd2403,3618.0,0.0,0.0,0.0,2,3618.0,3624.0,1,3620.0,3636.0,3636.0,3617.0,217.0,7860890.0,2687
2023-05-10 10:35:56,jd2403,jd2403,3618.0,0.0,0.0,0.0,3,3618.0,3624.0,1,3620.0,3636.0,3636.0,3617.0,217.0,7860890.0,2687
2023-05-10 10:36:07,jd2403,jd2403,3618.0,0.0,0.0,0.0,4,3618.0,3624.0,1,3620.0,3636.0,3636.0,3617.0,217.0,7860890.0,2687
2023-05-10 10:36:39,jd2403,jd2403,3618.0,0.0,0.0,0.0,5,3618.0,3624.0,1,3620.0,3636.0,3636.0,3617.0,217.0,7860890.0,2687
2023-05-10 10:37:04,jd2403,jd2403,3618.0,0.0,0.0,0.0,4,3618.0,3624.0,1,3620.0,3636.0,3636.0,3617.0,217.0,7860890.0,2687
2023-05-10 10:38:14,jd2403,jd2403,3618.0,0.0,0.0,0.0,4,3618.0,3624.0,2,3620.0,3636.0,3636.0,3617.0,217.0,7860890.0,2687
2023-05-10 10:38:15,jd2403,jd2403,3618.0,0.0,0.0,0.0,4,3618.0,3624.0,3,3620.0,3636.0,3636.0,3617.0,217.0,7860890.0,2687
2023-05-10 10:38:33,jd2403,jd2403,3618.0,0.0,0.0,0.0,1,3622.0,3624.0,3,3620.0,3636.0,3636.0,3617.0,217.0,7860890.0,2687
2023-05-10 10:39:34,jd2403,jd2403,3618.0,0.0,0.0,0.0,5,3622.0,3624.0,3,3620.0,3636.0,3636.0,3617.0,217.0,7860890.0,2687
2023-05-10 10:39:37,jd2403,jd2403,3618.0,0.0,0.0,0.0,5,3622.0,3624.0,2,3620.0,3636.0,3636.0,3617.0,217.0,7860890.0,2687
2023-05-10 10:39:41,jd2403,jd2403,3622.0,1.0,36220.0,0.0,4,3622.0,3624.0,2,3620.0,3636.0,3636.0,3617.0,218.0,7897110.0,2687
2023-05-10 10:39:44,jd2403,jd2403,3622.0,0.0,0.0,0.0,4,3622.0,3624.0,1,3620.0,3636.0,3636.0,3617.0,218.0,7897110.0,2687
2023-05-10 10:39:51,jd2403,jd2403,3622.0,1.0,36220.0,0.0,3,3622.0,3624.0,1,3620.0,3636.0,3636.0,3617.0,219.0,7933330.0,2687
2023-05-10 10:41:37,jd2403,jd2403,3622.0,0.0,0.0,0.0,3,3622.0,3624.0,2,3620.0,3636.0,3636.0,3617.0,219.0,7933330.0,2687
2023-05-10 10:43:07,jd2403,jd2403,3622.0,0.0,0.0,0.0,3,3623.0,3624.0,2,3620.0,3636.0,3636.0,3617.0,219.0,7933330.0,2687
2023-05-10 10:43:14,jd2403,jd2403,3623.0,1.0,36230.0,0.0,2,3623.0,3624.0,2,3620.0,3636.0,3636.0,3617.0,220.0,7969560.0,2687
2023-05-10 10:43:40,jd2403,jd2403,3623.0,0.0,0.0,0.0,2,3622.0,3624.0,2,3620.0,3636.0,3636.0,3617.0,220.0,7969560.0,2687
2023-05-10 10:44:08,jd2403,jd2403,3623.0,0.0,0.0,0.0,2,3622.0,3624.0,1,3620.0,3636.0,3636.0,3617.0,220.0,7969560.0,2687
2023-05-10 10:45:47,jd2403,jd2403,3623.0,0.0,0.0,0.0,2,3621.0,3624.0,1,3620.0,3636.0,3636.0,3617.0,220.0,7969560.0,2687
2023-05-10 10:48:50,jd2403,jd2403,3623.0,0.0,0.0,0.0,1,3620.0,3624.0,1,3620.0,3636.0,3636.0,3617.0,220.0,7969560.0,2687
2023-05-10 10:48:50,jd2403,jd2403,3623.0,0.0,0.0,0.0,2,3622.0,3624.0,1,3620.0,3636.0,3636.0,3617.0,220.0,7969560.0,2687
2023-05-10 10:49:07,jd2403,jd2403,3623.0,0.0,0.0,0.0,2,3621.0,3624.0,1,3620.0,3636.0,3636.0,3617.0,220.0,7969560.0,2687
2023-05-10 10:49:11,jd2403,jd2403,3623.0,0.0,0.0,0.0,2,3621.0,3624.0,2,3620.0,3636.0,3636.0,3617.0,220.0,7969560.0,2687
2023-05-10 10:55:02,jd2403,jd2403,3623.0,0.0,0.0,0.0,3,3620.0,3624.0,2,3620.0,3636.0,3636.0,3617.0,220.0,7969560.0,2687
2023-05-10 10:56:07,jd2403,jd2403,3623.0,0.0,0.0,0.0,3,3620.0,3623.0,2,3620.0,3636.0,3636.0,3617.0,220.0,7969560.0,2687
2023-05-10 10:56:35,jd2403,jd2403,3623.0,0.0,0.0,0.0,8,3620.0,3623.0,2,3620.0,3636.0,3636.0,3617.0,220.0,7969560.0,2687
2023-05-10 10:56:46,jd2403,jd2403,3623.0,0.0,0.0,0.0,6,3620.0,3623.0,2,3620.0,3636.0,3636.0,3617.0,220.0,7969560.0,2687
2023-05-10 10:56:46,jd2403,jd2403,3623.0,0.0,0.0,0.0,2,3621.0,3623.0,2,3620.0,3636.0,3636.0,3617.0,220.0,7969560.0,2687
2023-05-10 10:56:55,jd2403,jd2403,3623.0,0.0,0.0,0.0,2,3621.0,3624.0,2,3620.0,3636.0,3636.0,3617.0,220.0,7969560.0,2687
2023-05-10 10:58:08,jd2403,jd2403,3624.0,2.0,72480.0,1.0,3,3624.0,3626.0,6,3620.0,3636.0,3636.0,3617.0,222.0,8042040.0,2688
2023-05-10 10:58:13,jd2403,jd2403,3626.0,5.0,181300.0,0.0,3,3624.0,3626.0,1,3620.0,3636.0,3636.0,3617.0,227.0,8223340.0,2688
2023-05-10 10:58:20,jd2403,jd2403,3624.0,3.0,108720.0,3.0,2,3621.0,3626.0,1,3620.0,3636.0,3636.0,3617.0,230.0,8332060.0,2691
2023-05-10 11:02:58,jd2403,jd2403,3624.0,0.0,0.0,0.0,6,3620.0,3626.0,1,3620.0,3636.0,3636.0,3617.0,230.0,8332060.0,2691
2023-05-10 11:02:58,jd2403,jd2403,3624.0,0.0,0.0,0.0,2,3623.0,3626.0,1,3620.0,3636.0,3636.0,3617.0,230.0,8332060.0,2691
2023-05-10 11:03:02,jd2403,jd2403,3624.0,0.0,0.0,0.0,2,3621.0,3626.0,1,3620.0,3636.0,3636.0,3617.0,230.0,8332060.0,2691
2023-05-10 11:03:44,jd2403,jd2403,3624.0,0.0,0.0,0.0,3,3621.0,3626.0,1,3620.0,3636.0,3636.0,3617.0,230.0,8332060.0,2691
2023-05-10 11:04:55,jd2403,jd2403,3624.0,0.0,0.0,0.0,3,3621.0,3625.0,1,3620.0,3636.0,3636.0,3617.0,230.0,8332060.0,2691
2023-05-10 11:05:42,jd2403,jd2403,3624.0,0.0,0.0,0.0,2,3621.0,3625.0,1,3620.0,3636.0,3636.0,3617.0,230.0,8332060.0,2691
2023-05-10 11:05:59,jd2403,jd2403,3624.0,0.0,0.0,0.0,3,3621.0,3625.0,1,3620.0,3636.0,3636.0,3617.0,230.0,8332060.0,2691
2023-05-10 11:06:00,jd2403,jd2403,3624.0,0.0,0.0,0.0,4,3621.0,3625.0,1,3620.0,3636.0,3636.0,3617.0,230.0,8332060.0,2691
2023-05-10 11:09:02,jd2403,jd2403,3625.0,1.0,36250.0,-1.0,4,3621.0,3626.0,3,3620.0,3636.0,3636.0,3617.0,231.0,8368310.0,2690
2023-05-10 11:09:27,jd2403,jd2403,3625.0,0.0,0.0,0.0,3,3622.0,3626.0,3,3620.0,3636.0,3636.0,3617.0,231.0,8368310.0,2690
2023-05-10 11:18:06,jd2403,jd2403,3625.0,0.0,0.0,0.0,6,3620.0,3626.0,3,3620.0,3636.0,3636.0,3617.0,231.0,8368310.0,2690
2023-05-10 11:18:11,jd2403,jd2403,3625.0,0.0,0.0,0.0,3,3621.0,3626.0,3,3620.0,3636.0,3636.0,3617.0,231.0,8368310.0,2690
2023-05-10 11:18:25,jd2403,jd2403,3621.0,1.0,36210.0,0.0,2,3621.0,3626.0,3,3620.0,3636.0,3636.0,3617.0,232.0,8404520.0,2690
2023-05-10 11:18:31,jd2403,jd2403,3621.0,1.0,36210.0,0.0,1,3621.0,3626.0,3,3620.0,3636.0,3636.0,3617.0,233.0,8440730.0,2690
2023-05-10 11:24:26,jd2403,jd2403,3620.0,7.0,253410.0,1.0,2,3618.0,3620.0,3,3620.0,3636.0,3636.0,3617.0,240.0,8694140.0,2691
2023-05-10 11:24:41,jd2403,jd2403,3620.0,0.0,0.0,0.0,2,3618.0,3620.0,8,3620.0,3636.0,3636.0,3617.0,240.0,8694140.0,2691
2023-05-10 11:24:49,jd2403,jd2403,3620.0,0.0,0.0,0.0,2,3618.0,3619.0,5,3620.0,3636.0,3636.0,3617.0,240.0,8694140.0,2691
2023-05-10 11:24:59,jd2403,jd2403,3619.0,1.0,36190.0,1.0,2,3618.0,3619.0,4,3620.0,3636.0,3636.0,3617.0,241.0,8730330.0,2692
2023-05-10 11:25:37,jd2403,jd2403,3619.0,2.0,72380.0,0.0,2,3618.0,3619.0,2,3620.0,3636.0,3636.0,3617.0,243.0,8802710.0,2692
2023-05-10 11:25:51,jd2403,jd2403,3619.0,0.0,0.0,0.0,3,3618.0,3619.0,2,3620.0,3636.0,3636.0,3617.0,243.0,8802710.0,2692
2023-05-10 11:26:25,jd2403,jd2403,3619.0,1.0,36190.0,1.0,3,3618.0,3619.0,1,3620.0,3636.0,3636.0,3617.0,244.0,8838900.0,2693
2023-05-10 11:26:33,jd2403,jd2403,3619.0,1.0,36190.0,1.0,3,3618.0,3620.0,8,3620.0,3636.0,3636.0,3617.0,245.0,8875090.0,2694
2023-05-10 11:26:52,jd2403,jd2403,3619.0,0.0,0.0,0.0,3,3618.0,3619.0,5,3620.0,3636.0,3636.0,3617.0,245.0,8875090.0,2694
2023-05-10 11:28:33,jd2403,jd2403,3618.0,1.0,36180.0,0.0,2,3618.0,3619.0,5,3620.0,3636.0,3636.0,3617.0,246.0,8911270.0,2694
2023-05-10 11:28:50,jd2403,jd2403,3619.0,5.0,180950.0,5.0,2,3618.0,3620.0,3,3620.0,3636.0,3636.0,3617.0,251.0,9092220.0,2699
2023-05-10 13:31:15,jd2403,jd2403,3619.0,0.0,0.0,0.0,4,3618.0,3620.0,3,3620.0,3636.0,3636.0,3617.0,251.0,9092220.0,2699
2023-05-10 13:33:08,jd2403,jd2403,3619.0,0.0,0.0,0.0,1,3619.0,3620.0,3,3620.0,3636.0,3636.0,3617.0,251.0,9092220.0,2699
2023-05-10 13:33:28,jd2403,jd2403,3620.0,1.0,36200.0,1.0,1,3619.0,3620.0,2,3620.0,3636.0,3636.0,3617.0,252.0,9128420.0,2700
2023-05-10 13:33:54,jd2403,jd2403,3620.0,0.0,0.0,0.0,3,3619.0,3620.0,2,3620.0,3636.0,3636.0,3617.0,252.0,9128420.0,2700
2023-05-10 13:34:08,jd2403,jd2403,3620.0,1.0,36200.0,1.0,3,3619.0,3620.0,1,3620.0,3636.0,3636.0,3617.0,253.0,9164620.0,2701
2023-05-10 13:34:10,jd2403,jd2403,3620.0,1.0,36200.0,1.0,3,3619.0,3626.0,3,3620.0,3636.0,3636.0,3617.0,254.0,9200820.0,2702
2023-05-10 13:34:17,jd2403,jd2403,3620.0,0.0,0.0,0.0,3,3619.0,3625.0,1,3620.0,3636.0,3636.0,3617.0,254.0,9200820.0,2702
2023-05-10 13:34:24,jd2403,jd2403,3620.0,0.0,0.0,0.0,3,3619.0,3624.0,2,3620.0,3636.0,3636.0,3617.0,254.0,9200820.0,2702
2023-05-10 13:34:26,jd2403,jd2403,3620.0,0.0,0.0,0.0,1,3620.0,3624.0,2,3620.0,3636.0,3636.0,3617.0,254.0,9200820.0,2702
2023-05-10 13:34:49,jd2403,jd2403,3624.0,1.0,36240.0,0.0,1,3620.0,3624.0,1,3620.0,3636.0,3636.0,3617.0,255.0,9237060.0,2702
2023-05-10 13:35:20,jd2403,jd2403,3624.0,0.0,0.0,0.0,1,3620.0,3624.0,2,3620.0,3636.0,3636.0,3617.0,255.0,9237060.0,2702
2023-05-10 13:35:23,jd2403,jd2403,3624.0,0.0,0.0,0.0,1,3620.0,3624.0,1,3620.0,3636.0,3636.0,3617.0,255.0,9237060.0,2702
2023-05-10 13:35:39,jd2403,jd2403,3624.0,0.0,0.0,0.0,1,3619.0,3624.0,1,3620.0,3636.0,3636.0,3617.0,255.0,9237060.0,2702
2023-05-10 13:38:38,jd2403,jd2403,3624.0,0.0,0.0,0.0,2,3619.0,3624.0,1,3620.0,3636.0,3636.0,3617.0,255.0,9237060.0,2702
2023-05-10 13:38:44,jd2403,jd2403,3624.0,0.0,0.0,0.0,2,3619.0,3623.0,1,3620.0,3636.0,3636.0,3617.0,255.0,9237060.0,2702
2023-05-10 13:38:53,jd2403,jd2403,3624.0,0.0,0.0,0.0,1,3619.0,3623.0,1,3620.0,3636.0,3636.0,3617.0,255.0,9237060.0,2702
2023-05-10 13:39:39,jd2403,jd2403,3624.0,0.0,0.0,0.0,1,3619.0,3624.0,1,3620.0,3636.0,3636.0,3617.0,255.0,9237060.0,2702
2023-05-10 13:42:06,jd2403,jd2403,3624.0,0.0,0.0,0.0,1,3620.0,3624.0,1,3620.0,3636.0,3636.0,3617.0,255.0,9237060.0,2702
2023-05-10 13:42:38,jd2403,jd2403,3624.0,0.0,0.0,0.0,1,3620.0,3623.0,1,3620.0,3636.0,3636.0,3617.0,255.0,9237060.0,2702
2023-05-10 13:43:54,jd2403,jd2403,3624.0,0.0,0.0,0.0,1,3620.0,3624.0,1,3620.0,3636.0,3636.0,3617.0,255.0,9237060.0,2702
2023-05-10 13:51:33,jd2403,jd2403,3624.0,0.0,0.0,0.0,4,3618.0,3624.0,1,3620.0,3636.0,3636.0,3617.0,255.0,9237060.0,2702
2023-05-10 13:51:45,jd2403,jd2403,3624.0,0.0,0.0,0.0,1,3619.0,3624.0,1,3620.0,3636.0,3636.0,3617.0,255.0,9237060.0,2702
2023-05-10 13:51:50,jd2403,jd2403,3624.0,0.0,0.0,0.0,2,3620.0,3624.0,1,3620.0,3636.0,3636.0,3617.0,255.0,9237060.0,2702
2023-05-10 13:52:20,jd2403,jd2403,3620.0,1.0,36200.0,1.0,1,3620.0,3624.0,1,3620.0,3636.0,3636.0,3617.0,256.0,9273260.0,2703
2023-05-10 13:57:15,jd2403,jd2403,3620.0,0.0,0.0,0.0,1,3620.0,3623.0,1,3620.0,3636.0,3636.0,3617.0,256.0,9273260.0,2703
2023-05-10 13:57:24,jd2403,jd2403,3620.0,0.0,0.0,0.0,1,3620.0,3624.0,1,3620.0,3636.0,3636.0,3617.0,256.0,9273260.0,2703
2023-05-10 13:57:56,jd2403,jd2403,3620.0,0.0,0.0,0.0,1,3621.0,3624.0,1,3620.0,3636.0,3636.0,3617.0,256.0,9273260.0,2703
2023-05-10 13:58:07,jd2403,jd2403,3621.0,1.0,36210.0,1.0,1,3620.0,3624.0,1,3620.0,3636.0,3636.0,3617.0,257.0,9309470.0,2704
2023-05-10 14:05:32,jd2403,jd2403,3621.0,0.0,0.0,0.0,3,3618.0,3624.0,1,3620.0,3636.0,3636.0,3617.0,257.0,9309470.0,2704
2023-05-10 14:05:45,jd2403,jd2403,3621.0,0.0,0.0,0.0,3,3618.0,3623.0,1,3620.0,3636.0,3636.0,3617.0,257.0,9309470.0,2704
2023-05-10 14:06:25,jd2403,jd2403,3621.0,0.0,0.0,0.0,3,3618.0,3621.0,5,3620.0,3636.0,3636.0,3617.0,257.0,9309470.0,2704
2023-05-10 14:09:10,jd2403,jd2403,3621.0,0.0,0.0,0.0,3,3618.0,3620.0,1,3620.0,3636.0,3636.0,3617.0,257.0,9309470.0,2704
2023-05-10 14:09:32,jd2403,jd2403,3621.0,0.0,0.0,0.0,5,3618.0,3620.0,1,3620.0,3636.0,3636.0,3617.0,257.0,9309470.0,2704
2023-05-10 14:09:36,jd2403,jd2403,3621.0,0.0,0.0,0.0,5,3618.0,3621.0,5,3620.0,3636.0,3636.0,3617.0,257.0,9309470.0,2704
2023-05-10 14:09:43,jd2403,jd2403,3621.0,0.0,0.0,0.0,5,3618.0,3620.0,1,3620.0,3636.0,3636.0,3617.0,257.0,9309470.0,2704
2023-05-10 14:09:54,jd2403,jd2403,3621.0,0.0,0.0,0.0,5,3618.0,3621.0,5,3620.0,3636.0,3636.0,3617.0,257.0,9309470.0,2704
2023-05-10 14:09:58,jd2403,jd2403,3621.0,0.0,0.0,0.0,5,3618.0,3619.0,1,3620.0,3636.0,3636.0,3617.0,257.0,9309470.0,2704
2023-05-10 14:10:13,jd2403,jd2403,3619.0,1.0,36190.0,0.0,5,3618.0,3621.0,5,3620.0,3636.0,3636.0,3617.0,258.0,9345660.0,2704
2023-05-10 14:12:15,jd2403,jd2403,3619.0,0.0,0.0,0.0,3,3618.0,3621.0,5,3620.0,3636.0,3636.0,3617.0,258.0,9345660.0,2704
2023-05-10 14:12:15,jd2403,jd2403,3619.0,0.0,0.0,0.0,2,3619.0,3621.0,5,3620.0,3636.0,3636.0,3617.0,258.0,9345660.0,2704
2023-05-10 14:12:18,jd2403,jd2403,3619.0,0.0,0.0,0.0,3,3619.0,3621.0,5,3620.0,3636.0,3636.0,3617.0,258.0,9345660.0,2704
2023-05-10 14:12:23,jd2403,jd2403,3619.0,0.0,0.0,0.0,2,3619.0,3621.0,5,3620.0,3636.0,3636.0,3617.0,258.0,9345660.0,2704
2023-05-10 14:12:28,jd2403,jd2403,3619.0,0.0,0.0,0.0,1,3620.0,3621.0,5,3620.0,3636.0,3636.0,3617.0,258.0,9345660.0,2704
2023-05-10 14:12:49,jd2403,jd2403,3621.0,2.0,72420.0,0.0,1,3620.0,3621.0,3,3620.0,3636.0,3636.0,3617.0,260.0,9418080.0,2704
2023-05-10 14:13:46,jd2403,jd2403,3621.0,0.0,0.0,0.0,2,3620.0,3621.0,3,3620.0,3636.0,3636.0,3617.0,260.0,9418080.0,2704
2023-05-10 14:13:59,jd2403,jd2403,3621.0,1.0,36210.0,0.0,2,3620.0,3621.0,2,3620.0,3636.0,3636.0,3617.0,261.0,9454290.0,2704
2023-05-10 14:14:09,jd2403,jd2403,3621.0,0.0,0.0,0.0,1,3620.0,3621.0,2,3620.0,3636.0,3636.0,3617.0,261.0,9454290.0,2704
2023-05-10 14:14:59,jd2403,jd2403,3621.0,0.0,0.0,0.0,2,3620.0,3621.0,2,3620.0,3636.0,3636.0,3617.0,261.0,9454290.0,2704
2023-05-10 14:15:37,jd2403,jd2403,3621.0,2.0,72420.0,0.0,8,3621.0,3623.0,1,3620.0,3636.0,3636.0,3617.0,263.0,9526710.0,2704
2023-05-10 14:15:37,jd2403,jd2403,3623.0,1.0,36230.0,-1.0,8,3621.0,3624.0,1,3620.0,3636.0,3636.0,3617.0,264.0,9562940.0,2703
2023-05-10 14:15:51,jd2403,jd2403,3624.0,4.0,144960.0,0.0,5,3624.0,3625.0,1,3620.0,3636.0,3636.0,3617.0,268.0,9707900.0,2703
2023-05-10 14:16:22,jd2403,jd2403,3624.0,1.0,36240.0,1.0,4,3624.0,3625.0,1,3620.0,3636.0,3636.0,3617.0,269.0,9744140.0,2704
2023-05-10 14:17:20,jd2403,jd2403,3624.0,4.0,144960.0,0.0,8,3621.0,3624.0,1,3620.0,3636.0,3636.0,3617.0,273.0,9889100.0,2704
2023-05-10 14:18:23,jd2403,jd2403,3624.0,0.0,0.0,0.0,1,3622.0,3624.0,1,3620.0,3636.0,3636.0,3617.0,273.0,9889100.0,2704
2023-05-10 14:19:31,jd2403,jd2403,3624.0,0.0,0.0,0.0,8,3621.0,3624.0,1,3620.0,3636.0,3636.0,3617.0,273.0,9889100.0,2704
2023-05-10 14:19:38,jd2403,jd2403,3624.0,0.0,0.0,0.0,1,3623.0,3624.0,1,3620.0,3636.0,3636.0,3617.0,273.0,9889100.0,2704
2023-05-10 14:19:54,jd2403,jd2403,3623.0,1.0,36230.0,1.0,8,3621.0,3624.0,1,3620.0,3636.0,3636.0,3617.0,274.0,9925330.0,2705
2023-05-10 14:34:29,jd2403,jd2403,3621.0,1.0,36210.0,0.0,7,3621.0,3624.0,1,3620.0,3636.0,3636.0,3617.0,275.0,9961540.0,2705
2023-05-10 14:35:49,jd2403,jd2403,3621.0,0.0,0.0,0.0,7,3621.0,3625.0,1,3620.0,3636.0,3636.0,3617.0,275.0,9961540.0,2705
2023-05-10 14:36:25,jd2403,jd2403,3621.0,0.0,0.0,0.0,7,3621.0,3624.0,2,3620.0,3636.0,3636.0,3617.0,275.0,9961540.0,2705
2023-05-10 14:36:42,jd2403,jd2403,3621.0,1.0,36210.0,0.0,6,3621.0,3624.0,2,3620.0,3636.0,3636.0,3617.0,276.0,9997750.0,2705
2023-05-10 14:52:55,jd2403,jd2403,3624.0,1.0,36240.0,0.0,6,3621.0,3624.0,1,3620.0,3636.0,3636.0,3617.0,277.0,10033990.0,2705
2023-05-10 14:53:04,jd2403,jd2403,3624.0,1.0,36240.0,0.0,6,3621.0,3625.0,1,3620.0,3636.0,3636.0,3617.0,278.0,10070230.0,2705
2023-05-10 14:53:18,jd2403,jd2403,3624.0,0.0,0.0,0.0,6,3621.0,3624.0,1,3620.0,3636.0,3636.0,3617.0,278.0,10070230.0,2705
2023-05-10 14:57:33,jd2403,jd2403,3621.0,1.0,36210.0,0.0,5,3621.0,3624.0,1,3620.0,3636.0,3636.0,3617.0,279.0,10106440.0,2705
2023-05-10 15:01:14,jd2403,jd2403,3621.0,0.0,0.0,0.0,5,3621.0,3624.0,1,3620.0,3636.0,3636.0,3617.0,279.0,10106440.0,2705
