time,symbol_id,symbol_name,last,trade_volume,trade_amount,open_interest_change,bv1,bp1,ap1,av1,yesterday_close,today_open,today_high,today_low,volume,amount,open_interest
2023-05-09 20:59:00,m2311,m2311,3529.0,1000.0,35290000.0,-1000.0,1,3515.0,3529.0,1,3530.0,3529.0,3529.0,3529.0,1000.0,35290000.0,168543
2023-05-09 21:00:00,m2311,m2311,3516.0,2.0,70320.0,0.0,24,3516.0,3520.0,3,3530.0,3529.0,3529.0,3516.0,1002.0,35360320.0,168543
2023-05-09 21:00:01,m2311,m2311,3516.0,0.0,0.0,0.0,1,3518.0,3520.0,2,3530.0,3529.0,3529.0,3516.0,1002.0,35360320.0,168543
2023-05-09 21:00:01,m2311,m2311,3516.0,0.0,0.0,0.0,1,3518.0,3521.0,2,3530.0,3529.0,3529.0,3516.0,1002.0,35360320.0,168543
2023-05-09 21:00:03,m2311,m2311,3516.0,0.0,0.0,0.0,25,3516.0,3520.0,1,3530.0,3529.0,3529.0,3516.0,1002.0,35360320.0,168543
2023-05-09 21:00:04,m2311,m2311,3516.0,0.0,0.0,0.0,5,3516.0,3520.0,3,3530.0,3529.0,3529.0,3516.0,1002.0,35360320.0,168543
2023-05-09 21:00:06,m2311,m2311,3520.0,3.0,105600.0,-3.0,1,3518.0,3520.0,2,3530.0,3529.0,3529.0,3516.0,1005.0,35465920.0,168540
2023-05-09 21:00:07,m2311,m2311,3520.0,2.0,70400.0,-2.0,7,3516.0,3521.0,5,3530.0,3529.0,3529.0,3516.0,1007.0,35536320.0,168538
2023-05-09 21:00:07,m2311,m2311,3520.0,4.0,140800.0,-3.0,1,3518.0,3520.0,1,3530.0,3529.0,3529.0,3516.0,1011.0,35677120.0,168535
2023-05-09 21:00:08,m2311,m2311,3520.0,7.0,246220.0,2.0,4,3516.0,3520.0,1,3530.0,3529.0,3529.0,3516.0,1018.0,35923340.0,168537
2023-05-09 21:00:08,m2311,m2311,3520.0,2.0,70400.0,-1.0,4,3516.0,3520.0,1,3530.0,3529.0,3529.0,3516.0,1020.0,35993740.0,168536
2023-05-09 21:00:09,m2311,m2311,3520.0,2.0,70400.0,-1.0,4,3516.0,3520.0,2,3530.0,3529.0,3529.0,3516.0,1022.0,36064140.0,168535
2023-05-09 21:00:09,m2311,m2311,3520.0,0.0,0.0,0.0,4,3516.0,3519.0,2,3530.0,3529.0,3529.0,3516.0,1022.0,36064140.0,168535
2023-05-09 21:00:10,m2311,m2311,3519.0,3.0,105550.0,-3.0,4,3516.0,3522.0,3,3530.0,3529.0,3529.0,3516.0,1025.0,36169690.0,168532
2023-05-09 21:00:10,m2311,m2311,3521.0,10.0,352040.0,-3.0,6,3516.0,3519.0,1,3530.0,3529.0,3529.0,3516.0,1035.0,36521730.0,168529
2023-05-09 21:00:11,m2311,m2311,3521.0,0.0,0.0,0.0,1,3518.0,3519.0,3,3530.0,3529.0,3529.0,3516.0,1035.0,36521730.0,168529
2023-05-09 21:00:11,m2311,m2311,3521.0,0.0,0.0,0.0,1,3518.0,3519.0,5,3530.0,3529.0,3529.0,3516.0,1035.0,36521730.0,168529
2023-05-09 21:00:12,m2311,m2311,3518.0,1.0,35180.0,-1.0,10,3517.0,3518.0,3,3530.0,3529.0,3529.0,3516.0,1036.0,36556910.0,168528
2023-05-09 21:00:12,m2311,m2311,3518.0,4.0,140720.0,-2.0,16,3516.0,3519.0,13,3530.0,3529.0,3529.0,3516.0,1040.0,36697630.0,168526
2023-05-09 21:00:13,m2311,m2311,3518.0,4.0,140720.0,4.0,16,3516.0,3518.0,2,3530.0,3529.0,3529.0,3516.0,1044.0,36838350.0,168530
2023-05-09 21:00:13,m2311,m2311,3519.0,9.0,316630.0,0.0,1,3517.0,3518.0,2,3530.0,3529.0,3529.0,3516.0,1053.0,37154980.0,168530
2023-05-09 21:00:14,m2311,m2311,3518.0,4.0,140720.0,4.0,1,3518.0,3520.0,24,3530.0,3529.0,3529.0,3516.0,1057.0,37295700.0,168534
2023-05-09 21:00:14,m2311,m2311,3518.0,0.0,0.0,0.0,10,3517.0,3519.0,8,3530.0,3529.0,3529.0,3516.0,1057.0,37295700.0,168534
2023-05-09 21:00:15,m2311,m2311,3519.0,4.0,140760.0,0.0,10,3517.0,3519.0,7,3530.0,3529.0,3529.0,3516.0,1061.0,37436460.0,168534
2023-05-09 21:00:15,m2311,m2311,3519.0,7.0,246330.0,4.0,10,3518.0,3519.0,2,3530.0,3529.0,3529.0,3516.0,1068.0,37682790.0,168538
2023-05-09 21:00:16,m2311,m2311,3519.0,2.0,70380.0,0.0,10,3519.0,3520.0,6,3530.0,3529.0,3529.0,3516.0,1070.0,37753170.0,168538
2023-05-09 21:00:16,m2311,m2311,3519.0,2.0,70380.0,2.0,10,3519.0,3520.0,7,3530.0,3529.0,3529.0,3516.0,1072.0,37823550.0,168540
2023-05-09 21:00:17,m2311,m2311,3519.0,0.0,0.0,0.0,12,3519.0,3520.0,9,3530.0,3529.0,3529.0,3516.0,1072.0,37823550.0,168540
2023-05-09 21:00:17,m2311,m2311,3519.0,0.0,0.0,0.0,12,3519.0,3520.0,12,3530.0,3529.0,3529.0,3516.0,1072.0,37823550.0,168540
2023-05-09 21:00:18,m2311,m2311,3519.0,0.0,0.0,0.0,22,3519.0,3520.0,3,3530.0,3529.0,3529.0,3516.0,1072.0,37823550.0,168540
2023-05-09 21:00:19,m2311,m2311,3519.0,0.0,0.0,0.0,12,3519.0,3520.0,5,3530.0,3529.0,3529.0,3516.0,1072.0,37823550.0,168540
2023-05-09 21:00:20,m2311,m2311,3520.0,6.0,211190.0,-3.0,21,3519.0,3521.0,10,3530.0,3529.0,3529.0,3516.0,1078.0,38034740.0,168537
2023-05-09 21:00:20,m2311,m2311,3519.0,5.0,175950.0,4.0,26,3518.0,3520.0,9,3530.0,3529.0,3529.0,3516.0,1083.0,38210690.0,168541
2023-05-09 21:00:21,m2311,m2311,3519.0,0.0,0.0,0.0,15,3518.0,3520.0,11,3530.0,3529.0,3529.0,3516.0,1083.0,38210690.0,168541
2023-05-09 21:00:21,m2311,m2311,3519.0,0.0,0.0,0.0,1,3518.0,3520.0,28,3530.0,3529.0,3529.0,3516.0,1083.0,38210690.0,168541
2023-05-09 21:00:22,m2311,m2311,3519.0,0.0,0.0,0.0,11,3518.0,3520.0,28,3530.0,3529.0,3529.0,3516.0,1083.0,38210690.0,168541
2023-05-09 21:00:22,m2311,m2311,3519.0,0.0,0.0,0.0,3,3518.0,3520.0,27,3530.0,3529.0,3529.0,3516.0,1083.0,38210690.0,168541
2023-05-09 21:00:23,m2311,m2311,3519.0,0.0,0.0,0.0,1,3518.0,3520.0,38,3530.0,3529.0,3529.0,3516.0,1083.0,38210690.0,168541
2023-05-09 21:00:24,m2311,m2311,3519.0,3.0,105570.0,0.0,3,3518.0,3520.0,36,3530.0,3529.0,3529.0,3516.0,1086.0,38316260.0,168541
2023-05-09 21:00:24,m2311,m2311,3519.0,0.0,0.0,0.0,3,3518.0,3520.0,37,3530.0,3529.0,3529.0,3516.0,1086.0,38316260.0,168541
2023-05-09 21:00:25,m2311,m2311,3519.0,0.0,0.0,0.0,3,3518.0,3520.0,28,3530.0,3529.0,3529.0,3516.0,1086.0,38316260.0,168541
2023-05-09 21:00:25,m2311,m2311,3519.0,0.0,0.0,0.0,3,3518.0,3520.0,29,3530.0,3529.0,3529.0,3516.0,1086.0,38316260.0,168541
2023-05-09 21:00:25,m2311,m2311,3519.0,0.0,0.0,0.0,1,3518.0,3520.0,29,3530.0,3529.0,3529.0,3516.0,1086.0,38316260.0,168541
2023-05-09 21:00:26,m2311,m2311,3519.0,0.0,0.0,0.0,1,3518.0,3519.0,10,3530.0,3529.0,3529.0,3516.0,1086.0,38316260.0,168541
2023-05-09 21:00:27,m2311,m2311,3519.0,0.0,0.0,0.0,1,3518.0,3519.0,14,3530.0,3529.0,3529.0,3516.0,1086.0,38316260.0,168541
2023-05-09 21:00:27,m2311,m2311,3519.0,0.0,0.0,0.0,1,3518.0,3519.0,4,3530.0,3529.0,3529.0,3516.0,1086.0,38316260.0,168541
2023-05-09 21:00:28,m2311,m2311,3519.0,0.0,0.0,0.0,1,3518.0,3519.0,5,3530.0,3529.0,3529.0,3516.0,1086.0,38316260.0,168541
2023-05-09 21:00:28,m2311,m2311,3518.0,2.0,70360.0,-1.0,16,3517.0,3519.0,5,3530.0,3529.0,3529.0,3516.0,1088.0,38386620.0,168540
2023-05-09 21:00:29,m2311,m2311,3518.0,0.0,0.0,0.0,12,3517.0,3519.0,15,3530.0,3529.0,3529.0,3516.0,1088.0,38386620.0,168540
2023-05-09 21:00:30,m2311,m2311,3518.0,0.0,0.0,0.0,33,3516.0,3518.0,10,3530.0,3529.0,3529.0,3516.0,1088.0,38386620.0,168540
2023-05-09 21:00:30,m2311,m2311,3518.0,0.0,0.0,0.0,29,3516.0,3518.0,22,3530.0,3529.0,3529.0,3516.0,1088.0,38386620.0,168540
2023-05-09 21:00:31,m2311,m2311,3518.0,0.0,0.0,0.0,7,3516.0,3518.0,35,3530.0,3529.0,3529.0,3516.0,1088.0,38386620.0,168540
2023-05-09 21:00:31,m2311,m2311,3515.0,28.0,984250.0,0.0,12,3514.0,3517.0,2,3530.0,3529.0,3529.0,3515.0,1116.0,39370870.0,168540
2023-05-09 21:00:32,m2311,m2311,3515.0,0.0,0.0,0.0,3,3514.0,3516.0,22,3530.0,3529.0,3529.0,3515.0,1116.0,39370870.0,168540
2023-05-09 21:00:32,m2311,m2311,3515.0,0.0,0.0,0.0,1,3514.0,3515.0,17,3530.0,3529.0,3529.0,3515.0,1116.0,39370870.0,168540
2023-05-09 21:00:33,m2311,m2311,3513.0,2.0,70270.0,-2.0,20,3512.0,3514.0,11,3530.0,3529.0,3529.0,3513.0,1118.0,39441140.0,168538
2023-05-09 21:00:33,m2311,m2311,3513.0,0.0,0.0,0.0,29,3511.0,3513.0,25,3530.0,3529.0,3529.0,3513.0,1118.0,39441140.0,168538
2023-05-09 21:00:34,m2311,m2311,3513.0,0.0,0.0,0.0,4,3512.0,3513.0,33,3530.0,3529.0,3529.0,3513.0,1118.0,39441140.0,168538
2023-05-09 21:00:34,m2311,m2311,3513.0,4.0,140510.0,1.0,30,3511.0,3513.0,30,3530.0,3529.0,3529.0,3512.0,1122.0,39581650.0,168539
2023-05-09 21:00:35,m2311,m2311,3512.0,1.0,35120.0,0.0,22,3511.0,3512.0,20,3530.0,3529.0,3529.0,3512.0,1123.0,39616770.0,168539
2023-05-09 21:00:35,m2311,m2311,3511.0,16.0,561760.0,16.0,3,3511.0,3513.0,30,3530.0,3529.0,3529.0,3511.0,1139.0,40178530.0,168555
2023-05-09 21:00:36,m2311,m2311,3512.0,2.0,70240.0,0.0,4,3511.0,3513.0,34,3530.0,3529.0,3529.0,3511.0,1141.0,40248770.0,168555
2023-05-09 21:00:36,m2311,m2311,3512.0,1.0,35120.0,-1.0,4,3511.0,3513.0,38,3530.0,3529.0,3529.0,3511.0,1142.0,40283890.0,168554
2023-05-09 21:00:37,m2311,m2311,3512.0,0.0,0.0,0.0,22,3510.0,3512.0,12,3530.0,3529.0,3529.0,3511.0,1142.0,40283890.0,168554
2023-05-09 21:00:37,m2311,m2311,3512.0,0.0,0.0,0.0,26,3510.0,3512.0,14,3530.0,3529.0,3529.0,3511.0,1142.0,40283890.0,168554
2023-05-09 21:00:38,m2311,m2311,3512.0,0.0,0.0,0.0,36,3510.0,3512.0,24,3530.0,3529.0,3529.0,3511.0,1142.0,40283890.0,168554
2023-05-09 21:00:38,m2311,m2311,3512.0,12.0,421440.0,11.0,13,3511.0,3513.0,20,3530.0,3529.0,3529.0,3511.0,1154.0,40705330.0,168565
2023-05-09 21:00:39,m2311,m2311,3512.0,0.0,0.0,0.0,1,3511.0,3512.0,12,3530.0,3529.0,3529.0,3511.0,1154.0,40705330.0,168565
2023-05-09 21:00:40,m2311,m2311,3512.0,0.0,0.0,0.0,4,3511.0,3512.0,12,3530.0,3529.0,3529.0,3511.0,1154.0,40705330.0,168565
2023-05-09 21:00:40,m2311,m2311,3512.0,10.0,351200.0,10.0,4,3511.0,3513.0,49,3530.0,3529.0,3529.0,3511.0,1164.0,41056530.0,168575
2023-05-09 21:00:41,m2311,m2311,3512.0,0.0,0.0,0.0,4,3511.0,3513.0,50,3530.0,3529.0,3529.0,3511.0,1164.0,41056530.0,168575
2023-05-09 21:00:41,m2311,m2311,3512.0,0.0,0.0,0.0,4,3511.0,3513.0,51,3530.0,3529.0,3529.0,3511.0,1164.0,41056530.0,168575
2023-05-09 21:00:42,m2311,m2311,3511.0,2.0,70240.0,0.0,9,3511.0,3512.0,1,3530.0,3529.0,3529.0,3511.0,1166.0,41126770.0,168575
2023-05-09 21:00:42,m2311,m2311,3511.0,0.0,0.0,0.0,11,3511.0,3512.0,1,3530.0,3529.0,3529.0,3511.0,1166.0,41126770.0,168575
2023-05-09 21:00:43,m2311,m2311,3511.0,0.0,0.0,0.0,19,3511.0,3512.0,1,3530.0,3529.0,3529.0,3511.0,1166.0,41126770.0,168575
2023-05-09 21:00:44,m2311,m2311,3511.0,0.0,0.0,0.0,33,3511.0,3512.0,16,3530.0,3529.0,3529.0,3511.0,1166.0,41126770.0,168575
2023-05-09 21:00:44,m2311,m2311,3511.0,0.0,0.0,0.0,19,3511.0,3512.0,16,3530.0,3529.0,3529.0,3511.0,1166.0,41126770.0,168575
2023-05-09 21:00:44,m2311,m2311,3511.0,0.0,0.0,0.0,9,3511.0,3512.0,16,3530.0,3529.0,3529.0,3511.0,1166.0,41126770.0,168575
2023-05-09 21:00:46,m2311,m2311,3511.0,0.0,0.0,0.0,12,3511.0,3512.0,16,3530.0,3529.0,3529.0,3511.0,1166.0,41126770.0,168575
2023-05-09 21:00:47,m2311,m2311,3511.0,0.0,0.0,0.0,12,3511.0,3512.0,15,3530.0,3529.0,3529.0,3511.0,1166.0,41126770.0,168575
2023-05-09 21:00:48,m2311,m2311,3511.0,0.0,0.0,0.0,9,3511.0,3512.0,15,3530.0,3529.0,3529.0,3511.0,1166.0,41126770.0,168575
2023-05-09 21:00:49,m2311,m2311,3511.0,0.0,0.0,0.0,33,3511.0,3512.0,15,3530.0,3529.0,3529.0,3511.0,1166.0,41126770.0,168575
2023-05-09 21:00:49,m2311,m2311,3512.0,2.0,70240.0,-2.0,10,3511.0,3512.0,25,3530.0,3529.0,3529.0,3511.0,1168.0,41197010.0,168573
2023-05-09 21:00:50,m2311,m2311,3512.0,0.0,0.0,0.0,10,3511.0,3512.0,15,3530.0,3529.0,3529.0,3511.0,1168.0,41197010.0,168573
2023-05-09 21:00:50,m2311,m2311,3512.0,11.0,386320.0,-11.0,10,3511.0,3512.0,4,3530.0,3529.0,3529.0,3511.0,1179.0,41583330.0,168562
2023-05-09 21:00:51,m2311,m2311,3511.0,10.0,351100.0,-3.0,71,3510.0,3512.0,36,3530.0,3529.0,3529.0,3511.0,1189.0,41934430.0,168559
2023-05-09 21:00:52,m2311,m2311,3511.0,0.0,0.0,0.0,48,3510.0,3512.0,50,3530.0,3529.0,3529.0,3511.0,1189.0,41934430.0,168559
2023-05-09 21:00:52,m2311,m2311,3511.0,0.0,0.0,0.0,28,3510.0,3512.0,70,3530.0,3529.0,3529.0,3511.0,1189.0,41934430.0,168559
2023-05-09 21:00:53,m2311,m2311,3511.0,1.0,35110.0,-1.0,30,3510.0,3512.0,70,3530.0,3529.0,3529.0,3511.0,1190.0,41969540.0,168558
2023-05-09 21:00:53,m2311,m2311,3511.0,0.0,0.0,0.0,22,3510.0,3512.0,90,3530.0,3529.0,3529.0,3511.0,1190.0,41969540.0,168558
2023-05-09 21:00:54,m2311,m2311,3511.0,0.0,0.0,0.0,17,3510.0,3511.0,2,3530.0,3529.0,3529.0,3511.0,1190.0,41969540.0,168558
2023-05-09 21:00:54,m2311,m2311,3511.0,1.0,35110.0,-1.0,19,3510.0,3511.0,1,3530.0,3529.0,3529.0,3511.0,1191.0,42004650.0,168557
2023-05-09 21:00:55,m2311,m2311,3511.0,0.0,0.0,0.0,1,3511.0,3512.0,102,3530.0,3529.0,3529.0,3511.0,1191.0,42004650.0,168557
2023-05-09 21:00:55,m2311,m2311,3511.0,1.0,35110.0,-1.0,39,3510.0,3511.0,2,3530.0,3529.0,3529.0,3511.0,1192.0,42039760.0,168556
2023-05-09 21:00:56,m2311,m2311,3511.0,0.0,0.0,0.0,21,3510.0,3511.0,2,3530.0,3529.0,3529.0,3511.0,1192.0,42039760.0,168556
2023-05-09 21:00:56,m2311,m2311,3511.0,0.0,0.0,0.0,19,3510.0,3511.0,2,3530.0,3529.0,3529.0,3511.0,1192.0,42039760.0,168556
2023-05-09 21:00:57,m2311,m2311,3511.0,0.0,0.0,0.0,7,3510.0,3511.0,6,3530.0,3529.0,3529.0,3511.0,1192.0,42039760.0,168556
2023-05-09 21:00:57,m2311,m2311,3511.0,8.0,280810.0,-3.0,68,3509.0,3511.0,19,3530.0,3529.0,3529.0,3510.0,1200.0,42320570.0,168553
2023-05-09 21:00:58,m2311,m2311,3511.0,0.0,0.0,0.0,55,3509.0,3511.0,19,3530.0,3529.0,3529.0,3510.0,1200.0,42320570.0,168553
2023-05-09 21:00:58,m2311,m2311,3510.0,1.0,35100.0,0.0,43,3509.0,3511.0,19,3530.0,3529.0,3529.0,3510.0,1201.0,42355670.0,168553
2023-05-09 21:00:59,m2311,m2311,3510.0,0.0,0.0,0.0,35,3509.0,3511.0,29,3530.0,3529.0,3529.0,3510.0,1201.0,42355670.0,168553
2023-05-09 21:00:59,m2311,m2311,3510.0,0.0,0.0,0.0,49,3509.0,3511.0,19,3530.0,3529.0,3529.0,3510.0,1201.0,42355670.0,168553
2023-05-09 21:01:00,m2311,m2311,3510.0,0.0,0.0,0.0,49,3509.0,3511.0,15,3530.0,3529.0,3529.0,3510.0,1201.0,42355670.0,168553
2023-05-09 21:01:00,m2311,m2311,3510.0,0.0,0.0,0.0,47,3509.0,3511.0,29,3530.0,3529.0,3529.0,3510.0,1201.0,42355670.0,168553
2023-05-09 21:01:01,m2311,m2311,3509.0,47.0,1649230.0,15.0,34,3508.0,3509.0,13,3530.0,3529.0,3529.0,3509.0,1248.0,44004900.0,168568
2023-05-09 21:01:01,m2311,m2311,3509.0,1.0,35090.0,-1.0,2,3508.0,3509.0,12,3530.0,3529.0,3529.0,3509.0,1249.0,44039990.0,168567
2023-05-09 21:01:02,m2311,m2311,3509.0,0.0,0.0,0.0,39,3507.0,3509.0,24,3530.0,3529.0,3529.0,3509.0,1249.0,44039990.0,168567
2023-05-09 21:01:02,m2311,m2311,3508.0,1.0,35080.0,0.0,1,3508.0,3509.0,34,3530.0,3529.0,3529.0,3508.0,1250.0,44075070.0,168567
2023-05-09 21:01:03,m2311,m2311,3508.0,0.0,0.0,0.0,37,3507.0,3509.0,51,3530.0,3529.0,3529.0,3508.0,1250.0,44075070.0,168567
2023-05-09 21:01:03,m2311,m2311,3508.0,0.0,0.0,0.0,5,3507.0,3508.0,15,3530.0,3529.0,3529.0,3508.0,1250.0,44075070.0,168567
2023-05-09 21:01:04,m2311,m2311,3507.0,2.0,70140.0,0.0,49,3506.0,3508.0,14,3530.0,3529.0,3529.0,3507.0,1252.0,44145210.0,168567
2023-05-09 21:01:04,m2311,m2311,3507.0,0.0,0.0,0.0,28,3506.0,3508.0,25,3530.0,3529.0,3529.0,3507.0,1252.0,44145210.0,168567
2023-05-09 21:01:05,m2311,m2311,3507.0,0.0,0.0,0.0,55,3506.0,3508.0,24,3530.0,3529.0,3529.0,3507.0,1252.0,44145210.0,168567
2023-05-09 21:01:05,m2311,m2311,3507.0,0.0,0.0,0.0,1,3507.0,3508.0,24,3530.0,3529.0,3529.0,3507.0,1252.0,44145210.0,168567
2023-05-09 21:01:06,m2311,m2311,3507.0,0.0,0.0,0.0,1,3507.0,3508.0,35,3530.0,3529.0,3529.0,3507.0,1252.0,44145210.0,168567
2023-05-09 21:01:06,m2311,m2311,3507.0,0.0,0.0,0.0,1,3507.0,3508.0,52,3530.0,3529.0,3529.0,3507.0,1252.0,44145210.0,168567
2023-05-09 21:01:07,m2311,m2311,3507.0,0.0,0.0,0.0,1,3507.0,3508.0,27,3530.0,3529.0,3529.0,3507.0,1252.0,44145210.0,168567
2023-05-09 21:01:07,m2311,m2311,3507.0,0.0,0.0,0.0,1,3507.0,3508.0,50,3530.0,3529.0,3529.0,3507.0,1252.0,44145210.0,168567
2023-05-09 21:01:08,m2311,m2311,3507.0,0.0,0.0,0.0,1,3507.0,3508.0,27,3530.0,3529.0,3529.0,3507.0,1252.0,44145210.0,168567
2023-05-09 21:01:08,m2311,m2311,3507.0,0.0,0.0,0.0,1,3507.0,3508.0,24,3530.0,3529.0,3529.0,3507.0,1252.0,44145210.0,168567
2023-05-09 21:01:08,m2311,m2311,3507.0,0.0,0.0,0.0,1,3507.0,3508.0,22,3530.0,3529.0,3529.0,3507.0,1252.0,44145210.0,168567
2023-05-09 21:01:10,m2311,m2311,3507.0,1.0,35070.0,-1.0,29,3506.0,3508.0,35,3530.0,3529.0,3529.0,3507.0,1253.0,44180280.0,168566
2023-05-09 21:01:10,m2311,m2311,3507.0,0.0,0.0,0.0,4,3506.0,3508.0,82,3530.0,3529.0,3529.0,3507.0,1253.0,44180280.0,168566
2023-05-09 21:01:11,m2311,m2311,3507.0,0.0,0.0,0.0,1,3506.0,3507.0,12,3530.0,3529.0,3529.0,3507.0,1253.0,44180280.0,168566
2023-05-09 21:01:11,m2311,m2311,3507.0,0.0,0.0,0.0,3,3506.0,3507.0,24,3530.0,3529.0,3529.0,3507.0,1253.0,44180280.0,168566
2023-05-09 21:01:12,m2311,m2311,3507.0,0.0,0.0,0.0,4,3506.0,3507.0,24,3530.0,3529.0,3529.0,3507.0,1253.0,44180280.0,168566
2023-05-09 21:01:12,m2311,m2311,3507.0,0.0,0.0,0.0,5,3506.0,3507.0,24,3530.0,3529.0,3529.0,3507.0,1253.0,44180280.0,168566
2023-05-09 21:01:13,m2311,m2311,3507.0,0.0,0.0,0.0,9,3506.0,3507.0,24,3530.0,3529.0,3529.0,3507.0,1253.0,44180280.0,168566
2023-05-09 21:01:13,m2311,m2311,3507.0,0.0,0.0,0.0,8,3506.0,3507.0,26,3530.0,3529.0,3529.0,3507.0,1253.0,44180280.0,168566
2023-05-09 21:01:14,m2311,m2311,3506.0,4.0,140240.0,3.0,4,3506.0,3507.0,24,3530.0,3529.0,3529.0,3506.0,1257.0,44320520.0,168569
2023-05-09 21:01:15,m2311,m2311,3506.0,0.0,0.0,0.0,7,3506.0,3507.0,24,3530.0,3529.0,3529.0,3506.0,1257.0,44320520.0,168569
2023-05-09 21:01:15,m2311,m2311,3506.0,0.0,0.0,0.0,7,3506.0,3507.0,14,3530.0,3529.0,3529.0,3506.0,1257.0,44320520.0,168569
2023-05-09 21:01:16,m2311,m2311,3506.0,0.0,0.0,0.0,6,3506.0,3507.0,24,3530.0,3529.0,3529.0,3506.0,1257.0,44320520.0,168569
2023-05-09 21:01:16,m2311,m2311,3506.0,0.0,0.0,0.0,7,3506.0,3507.0,22,3530.0,3529.0,3529.0,3506.0,1257.0,44320520.0,168569
2023-05-09 21:01:17,m2311,m2311,3506.0,0.0,0.0,0.0,19,3506.0,3508.0,93,3530.0,3529.0,3529.0,3506.0,1257.0,44320520.0,168569
2023-05-09 21:01:18,m2311,m2311,3507.0,1.0,35070.0,0.0,13,3506.0,3507.0,1,3530.0,3529.0,3529.0,3506.0,1258.0,44355590.0,168569
2023-05-09 21:01:18,m2311,m2311,3507.0,0.0,0.0,0.0,12,3506.0,3507.0,1,3530.0,3529.0,3529.0,3506.0,1258.0,44355590.0,168569
2023-05-09 21:01:19,m2311,m2311,3507.0,1.0,35070.0,0.0,12,3506.0,3508.0,52,3530.0,3529.0,3529.0,3506.0,1259.0,44390660.0,168569
2023-05-09 21:01:19,m2311,m2311,3507.0,0.0,0.0,0.0,12,3506.0,3508.0,43,3530.0,3529.0,3529.0,3506.0,1259.0,44390660.0,168569
2023-05-09 21:01:20,m2311,m2311,3508.0,15.0,526200.0,-10.0,9,3506.0,3508.0,12,3530.0,3529.0,3529.0,3506.0,1274.0,44916860.0,168559
2023-05-09 21:01:20,m2311,m2311,3508.0,34.0,1192720.0,-20.0,9,3507.0,3509.0,90,3530.0,3529.0,3529.0,3506.0,1308.0,46109580.0,168539
2023-05-09 21:01:21,m2311,m2311,3508.0,0.0,0.0,0.0,10,3507.0,3509.0,90,3530.0,3529.0,3529.0,3506.0,1308.0,46109580.0,168539
2023-05-09 21:01:21,m2311,m2311,3508.0,3.0,105240.0,-3.0,9,3507.0,3509.0,71,3530.0,3529.0,3529.0,3506.0,1311.0,46214820.0,168536
2023-05-09 21:01:22,m2311,m2311,3508.0,0.0,0.0,0.0,9,3507.0,3509.0,127,3530.0,3529.0,3529.0,3506.0,1311.0,46214820.0,168536
2023-05-09 21:01:22,m2311,m2311,3508.0,0.0,0.0,0.0,10,3507.0,3509.0,148,3530.0,3529.0,3529.0,3506.0,1311.0,46214820.0,168536
2023-05-09 21:01:23,m2311,m2311,3508.0,0.0,0.0,0.0,10,3507.0,3509.0,149,3530.0,3529.0,3529.0,3506.0,1311.0,46214820.0,168536
2023-05-09 21:01:23,m2311,m2311,3508.0,0.0,0.0,0.0,12,3507.0,3509.0,139,3530.0,3529.0,3529.0,3506.0,1311.0,46214820.0,168536
2023-05-09 21:01:24,m2311,m2311,3508.0,0.0,0.0,0.0,22,3507.0,3509.0,149,3530.0,3529.0,3529.0,3506.0,1311.0,46214820.0,168536
2023-05-09 21:01:25,m2311,m2311,3508.0,0.0,0.0,0.0,24,3507.0,3508.0,4,3530.0,3529.0,3529.0,3506.0,1311.0,46214820.0,168536
2023-05-09 21:01:25,m2311,m2311,3508.0,0.0,0.0,0.0,22,3507.0,3508.0,4,3530.0,3529.0,3529.0,3506.0,1311.0,46214820.0,168536
2023-05-09 21:01:26,m2311,m2311,3508.0,4.0,140320.0,4.0,1,3508.0,3509.0,144,3530.0,3529.0,3529.0,3506.0,1315.0,46355140.0,168540
2023-05-09 21:01:26,m2311,m2311,3508.0,1.0,35080.0,0.0,41,3507.0,3509.0,117,3530.0,3529.0,3529.0,3506.0,1316.0,46390220.0,168540
2023-05-09 21:01:27,m2311,m2311,3508.0,0.0,0.0,0.0,21,3507.0,3509.0,149,3530.0,3529.0,3529.0,3506.0,1316.0,46390220.0,168540
2023-05-09 21:01:28,m2311,m2311,3509.0,2.0,70180.0,-2.0,21,3507.0,3509.0,147,3530.0,3529.0,3529.0,3506.0,1318.0,46460400.0,168538
2023-05-09 21:01:28,m2311,m2311,3509.0,0.0,0.0,0.0,9,3507.0,3509.0,147,3530.0,3529.0,3529.0,3506.0,1318.0,46460400.0,168538
2023-05-09 21:01:29,m2311,m2311,3509.0,0.0,0.0,0.0,11,3507.0,3509.0,147,3530.0,3529.0,3529.0,3506.0,1318.0,46460400.0,168538
2023-05-09 21:01:29,m2311,m2311,3509.0,0.0,0.0,0.0,11,3507.0,3509.0,137,3530.0,3529.0,3529.0,3506.0,1318.0,46460400.0,168538
2023-05-09 21:01:30,m2311,m2311,3509.0,0.0,0.0,0.0,20,3507.0,3509.0,135,3530.0,3529.0,3529.0,3506.0,1318.0,46460400.0,168538
2023-05-09 21:01:30,m2311,m2311,3509.0,0.0,0.0,0.0,18,3507.0,3509.0,135,3530.0,3529.0,3529.0,3506.0,1318.0,46460400.0,168538
2023-05-09 21:01:31,m2311,m2311,3509.0,0.0,0.0,0.0,18,3507.0,3509.0,145,3530.0,3529.0,3529.0,3506.0,1318.0,46460400.0,168538
2023-05-09 21:01:31,m2311,m2311,3508.0,2.0,70160.0,-2.0,3,3508.0,3509.0,137,3530.0,3529.0,3529.0,3506.0,1320.0,46530560.0,168536
2023-05-09 21:01:32,m2311,m2311,3508.0,0.0,0.0,0.0,3,3508.0,3509.0,105,3530.0,3529.0,3529.0,3506.0,1320.0,46530560.0,168536
2023-05-09 21:01:32,m2311,m2311,3508.0,7.0,245570.0,5.0,47,3507.0,3509.0,72,3530.0,3529.0,3529.0,3506.0,1327.0,46776130.0,168541
2023-05-09 21:01:33,m2311,m2311,3508.0,2.0,70160.0,-2.0,2,3508.0,3509.0,64,3530.0,3529.0,3529.0,3506.0,1329.0,46846290.0,168539
2023-05-09 21:01:33,m2311,m2311,3508.0,4.0,140320.0,0.0,4,3508.0,3509.0,54,3530.0,3529.0,3529.0,3506.0,1333.0,46986610.0,168539
2023-05-09 21:01:34,m2311,m2311,3508.0,10.0,350740.0,6.0,3,3508.0,3509.0,24,3530.0,3529.0,3529.0,3506.0,1343.0,47337350.0,168545
2023-05-09 21:01:34,m2311,m2311,3508.0,0.0,0.0,0.0,5,3508.0,3509.0,13,3530.0,3529.0,3529.0,3506.0,1343.0,47337350.0,168545
2023-05-09 21:01:35,m2311,m2311,3509.0,6.0,210540.0,-1.0,5,3508.0,3509.0,7,3530.0,3529.0,3529.0,3506.0,1349.0,47547890.0,168544
2023-05-09 21:01:35,m2311,m2311,3509.0,3.0,105270.0,-3.0,9,3508.0,3510.0,120,3530.0,3529.0,3529.0,3506.0,1352.0,47653160.0,168541
2023-05-09 21:01:36,m2311,m2311,3509.0,0.0,0.0,0.0,9,3508.0,3510.0,136,3530.0,3529.0,3529.0,3506.0,1352.0,47653160.0,168541
2023-05-09 21:01:36,m2311,m2311,3509.0,0.0,0.0,0.0,9,3508.0,3509.0,2,3530.0,3529.0,3529.0,3506.0,1352.0,47653160.0,168541
2023-05-09 21:01:37,m2311,m2311,3509.0,0.0,0.0,0.0,19,3508.0,3509.0,2,3530.0,3529.0,3529.0,3506.0,1352.0,47653160.0,168541
2023-05-09 21:01:37,m2311,m2311,3509.0,2.0,70180.0,2.0,19,3508.0,3510.0,133,3530.0,3529.0,3529.0,3506.0,1354.0,47723340.0,168543
2023-05-09 21:01:38,m2311,m2311,3509.0,0.0,0.0,0.0,20,3508.0,3510.0,147,3530.0,3529.0,3529.0,3506.0,1354.0,47723340.0,168543
2023-05-09 21:01:38,m2311,m2311,3509.0,0.0,0.0,0.0,8,3508.0,3510.0,148,3530.0,3529.0,3529.0,3506.0,1354.0,47723340.0,168543
2023-05-09 21:01:39,m2311,m2311,3509.0,0.0,0.0,0.0,5,3508.0,3510.0,163,3530.0,3529.0,3529.0,3506.0,1354.0,47723340.0,168543
2023-05-09 21:01:39,m2311,m2311,3508.0,4.0,140320.0,0.0,115,3507.0,3510.0,160,3530.0,3529.0,3529.0,3506.0,1358.0,47863660.0,168543
2023-05-09 21:01:40,m2311,m2311,3509.0,14.0,491260.0,10.0,38,3508.0,3509.0,7,3530.0,3529.0,3529.0,3506.0,1372.0,48354920.0,168553
2023-05-09 21:01:40,m2311,m2311,3509.0,0.0,0.0,0.0,118,3507.0,3509.0,2,3530.0,3529.0,3529.0,3506.0,1372.0,48354920.0,168553
2023-05-09 21:01:41,m2311,m2311,3508.0,2.0,70160.0,-2.0,94,3507.0,3509.0,52,3530.0,3529.0,3529.0,3506.0,1374.0,48425080.0,168551
2023-05-09 21:01:41,m2311,m2311,3508.0,0.0,0.0,0.0,121,3507.0,3509.0,43,3530.0,3529.0,3529.0,3506.0,1374.0,48425080.0,168551
2023-05-09 21:01:42,m2311,m2311,3509.0,4.0,140360.0,-2.0,13,3508.0,3509.0,4,3530.0,3529.0,3529.0,3506.0,1378.0,48565440.0,168549
2023-05-09 21:01:42,m2311,m2311,3509.0,0.0,0.0,0.0,15,3508.0,3509.0,4,3530.0,3529.0,3529.0,3506.0,1378.0,48565440.0,168549
2023-05-09 21:01:43,m2311,m2311,3509.0,0.0,0.0,0.0,6,3508.0,3509.0,4,3530.0,3529.0,3529.0,3506.0,1378.0,48565440.0,168549
2023-05-09 21:01:43,m2311,m2311,3508.0,1.0,35080.0,0.0,22,3508.0,3509.0,4,3530.0,3529.0,3529.0,3506.0,1379.0,48600520.0,168549
2023-05-09 21:01:44,m2311,m2311,3508.0,0.0,0.0,0.0,2,3508.0,3509.0,4,3530.0,3529.0,3529.0,3506.0,1379.0,48600520.0,168549
2023-05-09 21:01:44,m2311,m2311,3508.0,0.0,0.0,0.0,100,3507.0,3508.0,2,3530.0,3529.0,3529.0,3506.0,1379.0,48600520.0,168549
2023-05-09 21:01:45,m2311,m2311,3508.0,0.0,0.0,0.0,34,3507.0,3508.0,2,3530.0,3529.0,3529.0,3506.0,1379.0,48600520.0,168549
2023-05-09 21:01:45,m2311,m2311,3507.0,2.0,70140.0,0.0,85,3506.0,3508.0,36,3530.0,3529.0,3529.0,3506.0,1381.0,48670660.0,168549
2023-05-09 21:01:46,m2311,m2311,3508.0,41.0,1438280.0,27.0,6,3507.0,3509.0,114,3530.0,3529.0,3529.0,3506.0,1422.0,50108940.0,168576
2023-05-09 21:01:46,m2311,m2311,3508.0,1.0,35080.0,0.0,16,3508.0,3509.0,50,3530.0,3529.0,3529.0,3506.0,1423.0,50144020.0,168576
2023-05-09 21:01:47,m2311,m2311,3508.0,2.0,70160.0,0.0,14,3508.0,3509.0,10,3530.0,3529.0,3529.0,3506.0,1425.0,50214180.0,168576
2023-05-09 21:01:47,m2311,m2311,3508.0,0.0,0.0,0.0,2,3508.0,3509.0,8,3530.0,3529.0,3529.0,3506.0,1425.0,50214180.0,168576
2023-05-09 21:01:48,m2311,m2311,3508.0,0.0,0.0,0.0,2,3508.0,3509.0,27,3530.0,3529.0,3529.0,3506.0,1425.0,50214180.0,168576
2023-05-09 21:01:48,m2311,m2311,3508.0,0.0,0.0,0.0,2,3508.0,3509.0,26,3530.0,3529.0,3529.0,3506.0,1425.0,50214180.0,168576
2023-05-09 21:01:49,m2311,m2311,3508.0,0.0,0.0,0.0,14,3508.0,3509.0,26,3530.0,3529.0,3529.0,3506.0,1425.0,50214180.0,168576
2023-05-09 21:01:49,m2311,m2311,3508.0,0.0,0.0,0.0,24,3508.0,3509.0,2,3530.0,3529.0,3529.0,3506.0,1425.0,50214180.0,168576
2023-05-09 21:01:50,m2311,m2311,3508.0,0.0,0.0,0.0,26,3508.0,3509.0,2,3530.0,3529.0,3529.0,3506.0,1425.0,50214180.0,168576
2023-05-09 21:01:51,m2311,m2311,3508.0,1.0,35080.0,1.0,23,3508.0,3509.0,2,3530.0,3529.0,3529.0,3506.0,1426.0,50249260.0,168577
2023-05-09 21:01:52,m2311,m2311,3508.0,0.0,0.0,0.0,13,3508.0,3509.0,2,3530.0,3529.0,3529.0,3506.0,1426.0,50249260.0,168577
2023-05-09 21:01:52,m2311,m2311,3508.0,13.0,456040.0,-2.0,114,3507.0,3509.0,19,3530.0,3529.0,3529.0,3506.0,1439.0,50705300.0,168575
2023-05-09 21:01:53,m2311,m2311,3508.0,0.0,0.0,0.0,82,3507.0,3508.0,2,3530.0,3529.0,3529.0,3506.0,1439.0,50705300.0,168575
2023-05-09 21:01:53,m2311,m2311,3507.0,16.0,561120.0,6.0,36,3507.0,3508.0,2,3530.0,3529.0,3529.0,3506.0,1455.0,51266420.0,168581
2023-05-09 21:01:54,m2311,m2311,3507.0,4.0,140280.0,4.0,32,3507.0,3508.0,2,3530.0,3529.0,3529.0,3506.0,1459.0,51406700.0,168585
2023-05-09 21:01:54,m2311,m2311,3507.0,0.0,0.0,0.0,12,3507.0,3508.0,2,3530.0,3529.0,3529.0,3506.0,1459.0,51406700.0,168585
2023-05-09 21:01:55,m2311,m2311,3507.0,0.0,0.0,0.0,2,3507.0,3508.0,2,3530.0,3529.0,3529.0,3506.0,1459.0,51406700.0,168585
2023-05-09 21:01:55,m2311,m2311,3507.0,2.0,70140.0,0.0,116,3506.0,3508.0,3,3530.0,3529.0,3529.0,3506.0,1461.0,51476840.0,168585
2023-05-09 21:01:56,m2311,m2311,3507.0,0.0,0.0,0.0,118,3506.0,3508.0,33,3530.0,3529.0,3529.0,3506.0,1461.0,51476840.0,168585
2023-05-09 21:01:56,m2311,m2311,3507.0,0.0,0.0,0.0,127,3506.0,3508.0,33,3530.0,3529.0,3529.0,3506.0,1461.0,51476840.0,168585
2023-05-09 21:01:57,m2311,m2311,3507.0,0.0,0.0,0.0,137,3506.0,3508.0,33,3530.0,3529.0,3529.0,3506.0,1461.0,51476840.0,168585
2023-05-09 21:01:57,m2311,m2311,3507.0,0.0,0.0,0.0,137,3506.0,3508.0,25,3530.0,3529.0,3529.0,3506.0,1461.0,51476840.0,168585
2023-05-09 21:01:58,m2311,m2311,3507.0,0.0,0.0,0.0,109,3506.0,3508.0,35,3530.0,3529.0,3529.0,3506.0,1461.0,51476840.0,168585
2023-05-09 21:02:00,m2311,m2311,3508.0,12.0,420960.0,10.0,109,3506.0,3508.0,25,3530.0,3529.0,3529.0,3506.0,1473.0,51897800.0,168595
2023-05-09 21:02:00,m2311,m2311,3508.0,0.0,0.0,0.0,91,3506.0,3507.0,2,3530.0,3529.0,3529.0,3506.0,1473.0,51897800.0,168595
2023-05-09 21:02:01,m2311,m2311,3506.0,1.0,35060.0,1.0,60,3506.0,3507.0,2,3530.0,3529.0,3529.0,3506.0,1474.0,51932860.0,168596
2023-05-09 21:02:01,m2311,m2311,3506.0,0.0,0.0,0.0,30,3506.0,3507.0,2,3530.0,3529.0,3529.0,3506.0,1474.0,51932860.0,168596
2023-05-09 21:02:02,m2311,m2311,3506.0,0.0,0.0,0.0,5,3506.0,3507.0,23,3530.0,3529.0,3529.0,3506.0,1474.0,51932860.0,168596
2023-05-09 21:02:02,m2311,m2311,3506.0,3.0,105180.0,-1.0,86,3505.0,3506.0,2,3530.0,3529.0,3529.0,3506.0,1477.0,52038040.0,168595
2023-05-09 21:02:03,m2311,m2311,3506.0,0.0,0.0,0.0,61,3505.0,3507.0,86,3530.0,3529.0,3529.0,3506.0,1477.0,52038040.0,168595
2023-05-09 21:02:03,m2311,m2311,3506.0,0.0,0.0,0.0,71,3505.0,3507.0,115,3530.0,3529.0,3529.0,3506.0,1477.0,52038040.0,168595
2023-05-09 21:02:03,m2311,m2311,3506.0,0.0,0.0,0.0,71,3505.0,3507.0,125,3530.0,3529.0,3529.0,3506.0,1477.0,52038040.0,168595
2023-05-09 21:02:04,m2311,m2311,3506.0,0.0,0.0,0.0,81,3505.0,3507.0,126,3530.0,3529.0,3529.0,3506.0,1477.0,52038040.0,168595
2023-05-09 21:02:05,m2311,m2311,3506.0,0.0,0.0,0.0,81,3505.0,3507.0,124,3530.0,3529.0,3529.0,3506.0,1477.0,52038040.0,168595
2023-05-09 21:02:05,m2311,m2311,3506.0,0.0,0.0,0.0,91,3505.0,3507.0,116,3530.0,3529.0,3529.0,3506.0,1477.0,52038040.0,168595
2023-05-09 21:02:06,m2311,m2311,3506.0,0.0,0.0,0.0,81,3505.0,3507.0,126,3530.0,3529.0,3529.0,3506.0,1477.0,52038040.0,168595
2023-05-09 21:02:06,m2311,m2311,3506.0,0.0,0.0,0.0,10,3505.0,3506.0,12,3530.0,3529.0,3529.0,3506.0,1477.0,52038040.0,168595
2023-05-09 21:02:07,m2311,m2311,3506.0,0.0,0.0,0.0,6,3505.0,3506.0,14,3530.0,3529.0,3529.0,3506.0,1477.0,52038040.0,168595
2023-05-09 21:02:07,m2311,m2311,3506.0,0.0,0.0,0.0,12,3505.0,3507.0,123,3530.0,3529.0,3529.0,3506.0,1477.0,52038040.0,168595
2023-05-09 21:02:08,m2311,m2311,3505.0,20.0,701000.0,2.0,114,3504.0,3506.0,2,3530.0,3529.0,3529.0,3505.0,1497.0,52739040.0,168597
2023-05-09 21:02:08,m2311,m2311,3505.0,0.0,0.0,0.0,87,3504.0,3506.0,24,3530.0,3529.0,3529.0,3505.0,1497.0,52739040.0,168597
2023-05-09 21:02:09,m2311,m2311,3505.0,0.0,0.0,0.0,96,3504.0,3506.0,26,3530.0,3529.0,3529.0,3505.0,1497.0,52739040.0,168597
2023-05-09 21:02:09,m2311,m2311,3505.0,0.0,0.0,0.0,116,3504.0,3506.0,14,3530.0,3529.0,3529.0,3505.0,1497.0,52739040.0,168597
2023-05-09 21:02:10,m2311,m2311,3505.0,0.0,0.0,0.0,134,3504.0,3506.0,5,3530.0,3529.0,3529.0,3505.0,1497.0,52739040.0,168597
2023-05-09 21:02:10,m2311,m2311,3505.0,0.0,0.0,0.0,171,3504.0,3506.0,4,3530.0,3529.0,3529.0,3505.0,1497.0,52739040.0,168597
2023-05-09 21:02:11,m2311,m2311,3505.0,0.0,0.0,0.0,163,3504.0,3506.0,2,3530.0,3529.0,3529.0,3505.0,1497.0,52739040.0,168597
2023-05-09 21:02:12,m2311,m2311,3505.0,0.0,0.0,0.0,153,3504.0,3506.0,2,3530.0,3529.0,3529.0,3505.0,1497.0,52739040.0,168597
2023-05-09 21:02:12,m2311,m2311,3505.0,0.0,0.0,0.0,163,3504.0,3506.0,2,3530.0,3529.0,3529.0,3505.0,1497.0,52739040.0,168597
2023-05-09 21:02:13,m2311,m2311,3505.0,0.0,0.0,0.0,153,3504.0,3506.0,4,3530.0,3529.0,3529.0,3505.0,1497.0,52739040.0,168597
2023-05-09 21:02:14,m2311,m2311,3505.0,0.0,0.0,0.0,152,3504.0,3506.0,4,3530.0,3529.0,3529.0,3505.0,1497.0,52739040.0,168597
2023-05-09 21:02:15,m2311,m2311,3506.0,10.0,350600.0,10.0,32,3505.0,3507.0,147,3530.0,3529.0,3529.0,3505.0,1507.0,53089640.0,168607
2023-05-09 21:02:15,m2311,m2311,3506.0,0.0,0.0,0.0,35,3505.0,3507.0,137,3530.0,3529.0,3529.0,3505.0,1507.0,53089640.0,168607
2023-05-09 21:02:16,m2311,m2311,3506.0,0.0,0.0,0.0,1,3506.0,3507.0,55,3530.0,3529.0,3529.0,3505.0,1507.0,53089640.0,168607
2023-05-09 21:02:16,m2311,m2311,3506.0,2.0,70120.0,0.0,97,3505.0,3506.0,10,3530.0,3529.0,3529.0,3505.0,1509.0,53159760.0,168607
2023-05-09 21:02:17,m2311,m2311,3506.0,10.0,350600.0,0.0,43,3505.0,3507.0,82,3530.0,3529.0,3529.0,3505.0,1519.0,53510360.0,168607
2023-05-09 21:02:17,m2311,m2311,3506.0,0.0,0.0,0.0,104,3505.0,3507.0,54,3530.0,3529.0,3529.0,3505.0,1519.0,53510360.0,168607
2023-05-09 21:02:18,m2311,m2311,3506.0,2.0,70120.0,0.0,134,3505.0,3507.0,24,3530.0,3529.0,3529.0,3505.0,1521.0,53580480.0,168607
2023-05-09 21:02:18,m2311,m2311,3506.0,0.0,0.0,0.0,115,3505.0,3507.0,59,3530.0,3529.0,3529.0,3505.0,1521.0,53580480.0,168607
2023-05-09 21:02:19,m2311,m2311,3506.0,0.0,0.0,0.0,135,3505.0,3507.0,74,3530.0,3529.0,3529.0,3505.0,1521.0,53580480.0,168607
2023-05-09 21:02:19,m2311,m2311,3506.0,0.0,0.0,0.0,135,3505.0,3507.0,76,3530.0,3529.0,3529.0,3505.0,1521.0,53580480.0,168607
2023-05-09 21:02:20,m2311,m2311,3506.0,0.0,0.0,0.0,131,3505.0,3507.0,96,3530.0,3529.0,3529.0,3505.0,1521.0,53580480.0,168607
2023-05-09 21:02:20,m2311,m2311,3506.0,0.0,0.0,0.0,131,3505.0,3507.0,106,3530.0,3529.0,3529.0,3505.0,1521.0,53580480.0,168607
2023-05-09 21:02:22,m2311,m2311,3506.0,0.0,0.0,0.0,121,3505.0,3507.0,116,3530.0,3529.0,3529.0,3505.0,1521.0,53580480.0,168607
2023-05-09 21:02:23,m2311,m2311,3506.0,0.0,0.0,0.0,121,3505.0,3507.0,106,3530.0,3529.0,3529.0,3505.0,1521.0,53580480.0,168607
2023-05-09 21:02:24,m2311,m2311,3506.0,0.0,0.0,0.0,121,3505.0,3507.0,116,3530.0,3529.0,3529.0,3505.0,1521.0,53580480.0,168607
2023-05-09 21:02:24,m2311,m2311,3506.0,0.0,0.0,0.0,131,3505.0,3507.0,106,3530.0,3529.0,3529.0,3505.0,1521.0,53580480.0,168607
2023-05-09 21:02:25,m2311,m2311,3506.0,0.0,0.0,0.0,2,3506.0,3507.0,116,3530.0,3529.0,3529.0,3505.0,1521.0,53580480.0,168607
2023-05-09 21:02:25,m2311,m2311,3506.0,0.0,0.0,0.0,2,3506.0,3507.0,106,3530.0,3529.0,3529.0,3505.0,1521.0,53580480.0,168607
2023-05-09 21:02:26,m2311,m2311,3506.0,0.0,0.0,0.0,2,3506.0,3507.0,116,3530.0,3529.0,3529.0,3505.0,1521.0,53580480.0,168607
2023-05-09 21:02:27,m2311,m2311,3506.0,0.0,0.0,0.0,2,3506.0,3507.0,13,3530.0,3529.0,3529.0,3505.0,1521.0,53580480.0,168607
2023-05-09 21:02:27,m2311,m2311,3506.0,0.0,0.0,0.0,2,3506.0,3507.0,4,3530.0,3529.0,3529.0,3505.0,1521.0,53580480.0,168607
2023-05-09 21:02:28,m2311,m2311,3506.0,0.0,0.0,0.0,2,3506.0,3507.0,26,3530.0,3529.0,3529.0,3505.0,1521.0,53580480.0,168607
2023-05-09 21:02:28,m2311,m2311,3505.0,19.0,665970.0,0.0,87,3505.0,3506.0,1,3530.0,3529.0,3529.0,3505.0,1540.0,54246450.0,168607
2023-05-09 21:02:29,m2311,m2311,3505.0,0.0,0.0,0.0,22,3505.0,3506.0,1,3530.0,3529.0,3529.0,3505.0,1540.0,54246450.0,168607
2023-05-09 21:02:30,m2311,m2311,3506.0,1.0,35060.0,0.0,1,3506.0,3507.0,108,3530.0,3529.0,3529.0,3505.0,1541.0,54281510.0,168607
2023-05-09 21:02:31,m2311,m2311,3506.0,1.0,35060.0,-1.0,52,3505.0,3507.0,99,3530.0,3529.0,3529.0,3505.0,1542.0,54316570.0,168606
2023-05-09 21:02:31,m2311,m2311,3506.0,0.0,0.0,0.0,22,3505.0,3506.0,2,3530.0,3529.0,3529.0,3505.0,1542.0,54316570.0,168606
2023-05-09 21:02:32,m2311,m2311,3505.0,22.0,771100.0,2.0,114,3504.0,3506.0,26,3530.0,3529.0,3529.0,3505.0,1564.0,55087670.0,168608
2023-05-09 21:02:33,m2311,m2311,3505.0,0.0,0.0,0.0,132,3504.0,3506.0,29,3530.0,3529.0,3529.0,3505.0,1564.0,55087670.0,168608
2023-05-09 21:02:33,m2311,m2311,3505.0,0.0,0.0,0.0,132,3504.0,3506.0,39,3530.0,3529.0,3529.0,3505.0,1564.0,55087670.0,168608
2023-05-09 21:02:34,m2311,m2311,3505.0,0.0,0.0,0.0,142,3504.0,3506.0,39,3530.0,3529.0,3529.0,3505.0,1564.0,55087670.0,168608
2023-05-09 21:02:34,m2311,m2311,3506.0,1.0,35060.0,0.0,142,3504.0,3506.0,38,3530.0,3529.0,3529.0,3505.0,1565.0,55122730.0,168608
2023-05-09 21:02:35,m2311,m2311,3506.0,0.0,0.0,0.0,1,3505.0,3506.0,37,3530.0,3529.0,3529.0,3505.0,1565.0,55122730.0,168608
2023-05-09 21:02:36,m2311,m2311,3506.0,0.0,0.0,0.0,1,3505.0,3506.0,35,3530.0,3529.0,3529.0,3505.0,1565.0,55122730.0,168608
2023-05-09 21:02:38,m2311,m2311,3506.0,0.0,0.0,0.0,3,3505.0,3506.0,13,3530.0,3529.0,3529.0,3505.0,1565.0,55122730.0,168608
2023-05-09 21:02:39,m2311,m2311,3506.0,0.0,0.0,0.0,3,3505.0,3506.0,12,3530.0,3529.0,3529.0,3505.0,1565.0,55122730.0,168608
2023-05-09 21:02:42,m2311,m2311,3506.0,0.0,0.0,0.0,2,3505.0,3506.0,12,3530.0,3529.0,3529.0,3505.0,1565.0,55122730.0,168608
2023-05-09 21:02:42,m2311,m2311,3506.0,0.0,0.0,0.0,120,3504.0,3506.0,12,3530.0,3529.0,3529.0,3505.0,1565.0,55122730.0,168608
2023-05-09 21:02:43,m2311,m2311,3506.0,0.0,0.0,0.0,1,3505.0,3506.0,12,3530.0,3529.0,3529.0,3505.0,1565.0,55122730.0,168608
2023-05-09 21:02:43,m2311,m2311,3506.0,7.0,245420.0,7.0,3,3506.0,3507.0,151,3530.0,3529.0,3529.0,3505.0,1572.0,55368150.0,168615
2023-05-09 21:02:44,m2311,m2311,3506.0,3.0,105180.0,3.0,21,3505.0,3507.0,115,3530.0,3529.0,3529.0,3505.0,1575.0,55473330.0,168618
2023-05-09 21:02:44,m2311,m2311,3506.0,0.0,0.0,0.0,126,3504.0,3506.0,1,3530.0,3529.0,3529.0,3505.0,1575.0,55473330.0,168618
2023-05-09 21:02:45,m2311,m2311,3506.0,0.0,0.0,0.0,3,3505.0,3506.0,1,3530.0,3529.0,3529.0,3505.0,1575.0,55473330.0,168618
2023-05-09 21:02:45,m2311,m2311,3506.0,0.0,0.0,0.0,3,3505.0,3507.0,133,3530.0,3529.0,3529.0,3505.0,1575.0,55473330.0,168618
2023-05-09 21:02:46,m2311,m2311,3506.0,1.0,35060.0,0.0,19,3505.0,3507.0,163,3530.0,3529.0,3529.0,3505.0,1576.0,55508390.0,168618
2023-05-09 21:02:46,m2311,m2311,3506.0,0.0,0.0,0.0,32,3505.0,3507.0,136,3530.0,3529.0,3529.0,3505.0,1576.0,55508390.0,168618
2023-05-09 21:02:47,m2311,m2311,3506.0,0.0,0.0,0.0,42,3505.0,3507.0,124,3530.0,3529.0,3529.0,3505.0,1576.0,55508390.0,168618
2023-05-09 21:02:47,m2311,m2311,3506.0,0.0,0.0,0.0,32,3505.0,3507.0,134,3530.0,3529.0,3529.0,3505.0,1576.0,55508390.0,168618
2023-05-09 21:02:47,m2311,m2311,3506.0,0.0,0.0,0.0,32,3505.0,3507.0,144,3530.0,3529.0,3529.0,3505.0,1576.0,55508390.0,168618
2023-05-09 21:02:48,m2311,m2311,3506.0,0.0,0.0,0.0,32,3505.0,3507.0,146,3530.0,3529.0,3529.0,3505.0,1576.0,55508390.0,168618
2023-05-09 21:02:50,m2311,m2311,3506.0,0.0,0.0,0.0,32,3505.0,3507.0,144,3530.0,3529.0,3529.0,3505.0,1576.0,55508390.0,168618
2023-05-09 21:02:51,m2311,m2311,3506.0,0.0,0.0,0.0,32,3505.0,3507.0,134,3530.0,3529.0,3529.0,3505.0,1576.0,55508390.0,168618
2023-05-09 21:02:51,m2311,m2311,3506.0,0.0,0.0,0.0,51,3505.0,3507.0,87,3530.0,3529.0,3529.0,3505.0,1576.0,55508390.0,168618
2023-05-09 21:02:52,m2311,m2311,3506.0,0.0,0.0,0.0,29,3505.0,3507.0,119,3530.0,3529.0,3529.0,3505.0,1576.0,55508390.0,168618
2023-05-09 21:02:52,m2311,m2311,3506.0,0.0,0.0,0.0,29,3505.0,3507.0,146,3530.0,3529.0,3529.0,3505.0,1576.0,55508390.0,168618
2023-05-09 21:02:53,m2311,m2311,3506.0,0.0,0.0,0.0,10,3505.0,3507.0,146,3530.0,3529.0,3529.0,3505.0,1576.0,55508390.0,168618
2023-05-09 21:02:54,m2311,m2311,3506.0,0.0,0.0,0.0,10,3505.0,3506.0,10,3530.0,3529.0,3529.0,3505.0,1576.0,55508390.0,168618
2023-05-09 21:02:54,m2311,m2311,3506.0,0.0,0.0,0.0,8,3505.0,3506.0,10,3530.0,3529.0,3529.0,3505.0,1576.0,55508390.0,168618
2023-05-09 21:02:55,m2311,m2311,3506.0,0.0,0.0,0.0,2,3505.0,3506.0,10,3530.0,3529.0,3529.0,3505.0,1576.0,55508390.0,168618
2023-05-09 21:02:55,m2311,m2311,3505.0,2.0,70100.0,2.0,84,3504.0,3506.0,44,3530.0,3529.0,3529.0,3505.0,1578.0,55578490.0,168620
2023-05-09 21:02:56,m2311,m2311,3505.0,0.0,0.0,0.0,110,3504.0,3506.0,48,3530.0,3529.0,3529.0,3505.0,1578.0,55578490.0,168620
2023-05-09 21:02:56,m2311,m2311,3505.0,0.0,0.0,0.0,122,3504.0,3506.0,39,3530.0,3529.0,3529.0,3505.0,1578.0,55578490.0,168620
2023-05-09 21:02:57,m2311,m2311,3505.0,0.0,0.0,0.0,142,3504.0,3506.0,37,3530.0,3529.0,3529.0,3505.0,1578.0,55578490.0,168620
2023-05-09 21:02:57,m2311,m2311,3505.0,0.0,0.0,0.0,142,3504.0,3506.0,36,3530.0,3529.0,3529.0,3505.0,1578.0,55578490.0,168620
2023-05-09 21:02:58,m2311,m2311,3505.0,0.0,0.0,0.0,132,3504.0,3506.0,37,3530.0,3529.0,3529.0,3505.0,1578.0,55578490.0,168620
2023-05-09 21:02:59,m2311,m2311,3505.0,0.0,0.0,0.0,128,3504.0,3506.0,39,3530.0,3529.0,3529.0,3505.0,1578.0,55578490.0,168620
2023-05-09 21:02:59,m2311,m2311,3505.0,0.0,0.0,0.0,118,3504.0,3506.0,41,3530.0,3529.0,3529.0,3505.0,1578.0,55578490.0,168620
2023-05-09 21:03:00,m2311,m2311,3505.0,0.0,0.0,0.0,91,3504.0,3506.0,43,3530.0,3529.0,3529.0,3505.0,1578.0,55578490.0,168620
2023-05-09 21:03:00,m2311,m2311,3504.0,70.0,2452800.0,-2.0,77,3503.0,3504.0,13,3530.0,3529.0,3529.0,3504.0,1648.0,58031290.0,168618
2023-05-09 21:03:01,m2311,m2311,3504.0,37.0,1296300.0,6.0,51,3503.0,3504.0,1,3530.0,3529.0,3529.0,3503.0,1685.0,59327590.0,168624
2023-05-09 21:03:01,m2311,m2311,3504.0,11.0,385440.0,9.0,41,3503.0,3505.0,66,3530.0,3529.0,3529.0,3503.0,1696.0,59713030.0,168633
2023-05-09 21:03:02,m2311,m2311,3504.0,0.0,0.0,0.0,34,3503.0,3504.0,10,3530.0,3529.0,3529.0,3503.0,1696.0,59713030.0,168633
2023-05-09 21:03:04,m2311,m2311,3504.0,1.0,35040.0,-1.0,34,3503.0,3504.0,10,3530.0,3529.0,3529.0,3503.0,1697.0,59748070.0,168632
2023-05-09 21:03:05,m2311,m2311,3505.0,11.0,385490.0,-7.0,2,3504.0,3505.0,74,3530.0,3529.0,3529.0,3503.0,1708.0,60133560.0,168625
2023-05-09 21:03:05,m2311,m2311,3505.0,0.0,0.0,0.0,2,3504.0,3505.0,22,3530.0,3529.0,3529.0,3503.0,1708.0,60133560.0,168625
2023-05-09 21:03:06,m2311,m2311,3505.0,22.0,771100.0,0.0,2,3504.0,3505.0,12,3530.0,3529.0,3529.0,3503.0,1730.0,60904660.0,168625
2023-05-09 21:03:07,m2311,m2311,3505.0,0.0,0.0,0.0,2,3504.0,3505.0,32,3530.0,3529.0,3529.0,3503.0,1730.0,60904660.0,168625
2023-05-09 21:03:07,m2311,m2311,3504.0,2.0,70080.0,0.0,76,3503.0,3505.0,57,3530.0,3529.0,3529.0,3503.0,1732.0,60974740.0,168625
2023-05-09 21:03:08,m2311,m2311,3504.0,0.0,0.0,0.0,56,3503.0,3505.0,86,3530.0,3529.0,3529.0,3503.0,1732.0,60974740.0,168625
2023-05-09 21:03:08,m2311,m2311,3504.0,0.0,0.0,0.0,36,3503.0,3504.0,2,3530.0,3529.0,3529.0,3503.0,1732.0,60974740.0,168625
2023-05-09 21:03:09,m2311,m2311,3504.0,0.0,0.0,0.0,46,3503.0,3504.0,2,3530.0,3529.0,3529.0,3503.0,1732.0,60974740.0,168625
2023-05-09 21:03:10,m2311,m2311,3504.0,0.0,0.0,0.0,46,3503.0,3504.0,4,3530.0,3529.0,3529.0,3503.0,1732.0,60974740.0,168625
2023-05-09 21:03:11,m2311,m2311,3504.0,0.0,0.0,0.0,36,3503.0,3504.0,5,3530.0,3529.0,3529.0,3503.0,1732.0,60974740.0,168625
2023-05-09 21:03:11,m2311,m2311,3504.0,0.0,0.0,0.0,24,3503.0,3504.0,5,3530.0,3529.0,3529.0,3503.0,1732.0,60974740.0,168625
2023-05-09 21:03:12,m2311,m2311,3504.0,0.0,0.0,0.0,26,3503.0,3504.0,5,3530.0,3529.0,3529.0,3503.0,1732.0,60974740.0,168625
2023-05-09 21:03:12,m2311,m2311,3504.0,10.0,350400.0,-2.0,44,3503.0,3504.0,10,3530.0,3529.0,3529.0,3503.0,1742.0,61325140.0,168623
2023-05-09 21:03:13,m2311,m2311,3504.0,0.0,0.0,0.0,36,3503.0,3505.0,155,3530.0,3529.0,3529.0,3503.0,1742.0,61325140.0,168623
2023-05-09 21:03:13,m2311,m2311,3504.0,0.0,0.0,0.0,24,3503.0,3504.0,10,3530.0,3529.0,3529.0,3503.0,1742.0,61325140.0,168623
2023-05-09 21:03:14,m2311,m2311,3504.0,0.0,0.0,0.0,24,3503.0,3504.0,22,3530.0,3529.0,3529.0,3503.0,1742.0,61325140.0,168623
2023-05-09 21:03:14,m2311,m2311,3504.0,23.0,805920.0,-10.0,5,3504.0,3505.0,103,3530.0,3529.0,3529.0,3503.0,1765.0,62131060.0,168613
2023-05-09 21:03:15,m2311,m2311,3505.0,10.0,350430.0,-9.0,2,3504.0,3505.0,95,3530.0,3529.0,3529.0,3503.0,1775.0,62481490.0,168604
2023-05-09 21:03:15,m2311,m2311,3504.0,13.0,455520.0,1.0,86,3503.0,3505.0,95,3530.0,3529.0,3529.0,3503.0,1788.0,62937010.0,168605
2023-05-09 21:03:16,m2311,m2311,3504.0,0.0,0.0,0.0,93,3503.0,3505.0,115,3530.0,3529.0,3529.0,3503.0,1788.0,62937010.0,168605
2023-05-09 21:03:16,m2311,m2311,3504.0,0.0,0.0,0.0,104,3503.0,3504.0,1,3530.0,3529.0,3529.0,3503.0,1788.0,62937010.0,168605
2023-05-09 21:03:17,m2311,m2311,3504.0,1.0,35040.0,0.0,102,3503.0,3505.0,128,3530.0,3529.0,3529.0,3503.0,1789.0,62972050.0,168605
2023-05-09 21:03:17,m2311,m2311,3504.0,0.0,0.0,0.0,10,3504.0,3505.0,118,3530.0,3529.0,3529.0,3503.0,1789.0,62972050.0,168605
2023-05-09 21:03:18,m2311,m2311,3504.0,0.0,0.0,0.0,10,3504.0,3505.0,77,3530.0,3529.0,3529.0,3503.0,1789.0,62972050.0,168605
2023-05-09 21:03:18,m2311,m2311,3504.0,0.0,0.0,0.0,158,3503.0,3505.0,47,3530.0,3529.0,3529.0,3503.0,1789.0,62972050.0,168605
2023-05-09 21:03:19,m2311,m2311,3504.0,0.0,0.0,0.0,1,3504.0,3505.0,47,3530.0,3529.0,3529.0,3503.0,1789.0,62972050.0,168605
2023-05-09 21:03:19,m2311,m2311,3504.0,0.0,0.0,0.0,1,3504.0,3505.0,49,3530.0,3529.0,3529.0,3503.0,1789.0,62972050.0,168605
2023-05-09 21:03:20,m2311,m2311,3504.0,1.0,35040.0,1.0,93,3503.0,3504.0,12,3530.0,3529.0,3529.0,3503.0,1790.0,63007090.0,168606
2023-05-09 21:03:20,m2311,m2311,3504.0,0.0,0.0,0.0,43,3503.0,3505.0,158,3530.0,3529.0,3529.0,3503.0,1790.0,63007090.0,168606
2023-05-09 21:03:21,m2311,m2311,3504.0,0.0,0.0,0.0,23,3503.0,3504.0,2,3530.0,3529.0,3529.0,3503.0,1790.0,63007090.0,168606
2023-05-09 21:03:21,m2311,m2311,3504.0,0.0,0.0,0.0,25,3503.0,3504.0,3,3530.0,3529.0,3529.0,3503.0,1790.0,63007090.0,168606
2023-05-09 21:03:22,m2311,m2311,3504.0,0.0,0.0,0.0,35,3503.0,3504.0,3,3530.0,3529.0,3529.0,3503.0,1790.0,63007090.0,168606
2023-05-09 21:03:22,m2311,m2311,3502.0,24.0,840660.0,6.0,62,3502.0,3503.0,4,3530.0,3529.0,3529.0,3502.0,1814.0,63847750.0,168612
2023-05-09 21:03:23,m2311,m2311,3501.0,23.0,805400.0,2.0,1,3502.0,3503.0,28,3530.0,3529.0,3529.0,3501.0,1837.0,64653150.0,168614
2023-05-09 21:03:23,m2311,m2311,3503.0,10.0,350280.0,1.0,2,3502.0,3503.0,31,3530.0,3529.0,3529.0,3501.0,1847.0,65003430.0,168615
2023-05-09 21:03:24,m2311,m2311,3503.0,10.0,350300.0,-3.0,2,3502.0,3503.0,27,3530.0,3529.0,3529.0,3501.0,1857.0,65353730.0,168612
2023-05-09 21:03:24,m2311,m2311,3503.0,0.0,0.0,0.0,2,3502.0,3503.0,37,3530.0,3529.0,3529.0,3501.0,1857.0,65353730.0,168612
2023-05-09 21:03:25,m2311,m2311,3502.0,1.0,35020.0,-1.0,1,3502.0,3503.0,37,3530.0,3529.0,3529.0,3501.0,1858.0,65388750.0,168611
2023-05-09 21:03:25,m2311,m2311,3502.0,0.0,0.0,0.0,1,3502.0,3503.0,27,3530.0,3529.0,3529.0,3501.0,1858.0,65388750.0,168611
2023-05-09 21:03:26,m2311,m2311,3502.0,1.0,35020.0,0.0,99,3501.0,3502.0,9,3530.0,3529.0,3529.0,3501.0,1859.0,65423770.0,168611
2023-05-09 21:03:27,m2311,m2311,3502.0,9.0,315180.0,0.0,20,3502.0,3503.0,57,3530.0,3529.0,3529.0,3501.0,1868.0,65738950.0,168611
2023-05-09 21:03:27,m2311,m2311,3502.0,0.0,0.0,0.0,2,3502.0,3503.0,37,3530.0,3529.0,3529.0,3501.0,1868.0,65738950.0,168611
2023-05-09 21:03:28,m2311,m2311,3502.0,1.0,35020.0,1.0,1,3502.0,3503.0,78,3530.0,3529.0,3529.0,3501.0,1869.0,65773970.0,168612
2023-05-09 21:03:28,m2311,m2311,3502.0,1.0,35020.0,1.0,74,3501.0,3503.0,129,3530.0,3529.0,3529.0,3501.0,1870.0,65808990.0,168613
2023-05-09 21:03:29,m2311,m2311,3502.0,0.0,0.0,0.0,32,3501.0,3503.0,138,3530.0,3529.0,3529.0,3501.0,1870.0,65808990.0,168613
2023-05-09 21:03:29,m2311,m2311,3502.0,0.0,0.0,0.0,20,3501.0,3503.0,138,3530.0,3529.0,3529.0,3501.0,1870.0,65808990.0,168613
2023-05-09 21:03:30,m2311,m2311,3502.0,3.0,105060.0,-2.0,20,3501.0,3503.0,138,3530.0,3529.0,3529.0,3501.0,1873.0,65914050.0,168611
2023-05-09 21:03:32,m2311,m2311,3502.0,0.0,0.0,0.0,6,3501.0,3503.0,158,3530.0,3529.0,3529.0,3501.0,1873.0,65914050.0,168611
2023-05-09 21:03:33,m2311,m2311,3502.0,0.0,0.0,0.0,6,3501.0,3503.0,178,3530.0,3529.0,3529.0,3501.0,1873.0,65914050.0,168611
2023-05-09 21:03:34,m2311,m2311,3502.0,0.0,0.0,0.0,2,3501.0,3503.0,168,3530.0,3529.0,3529.0,3501.0,1873.0,65914050.0,168611
2023-05-09 21:03:34,m2311,m2311,3502.0,10.0,350200.0,0.0,12,3501.0,3503.0,168,3530.0,3529.0,3529.0,3501.0,1883.0,66264250.0,168611
2023-05-09 21:03:35,m2311,m2311,3502.0,0.0,0.0,0.0,4,3501.0,3503.0,168,3530.0,3529.0,3529.0,3501.0,1883.0,66264250.0,168611
2023-05-09 21:03:36,m2311,m2311,3502.0,0.0,0.0,0.0,16,3501.0,3503.0,158,3530.0,3529.0,3529.0,3501.0,1883.0,66264250.0,168611
2023-05-09 21:03:36,m2311,m2311,3502.0,0.0,0.0,0.0,16,3501.0,3503.0,168,3530.0,3529.0,3529.0,3501.0,1883.0,66264250.0,168611
2023-05-09 21:03:37,m2311,m2311,3502.0,0.0,0.0,0.0,2,3501.0,3503.0,168,3530.0,3529.0,3529.0,3501.0,1883.0,66264250.0,168611
2023-05-09 21:03:38,m2311,m2311,3503.0,2.0,70060.0,-1.0,2,3501.0,3503.0,157,3530.0,3529.0,3529.0,3501.0,1885.0,66334310.0,168610
2023-05-09 21:03:38,m2311,m2311,3502.0,10.0,350200.0,10.0,2,3501.0,3503.0,165,3530.0,3529.0,3529.0,3501.0,1895.0,66684510.0,168620
2023-05-09 21:03:39,m2311,m2311,3502.0,0.0,0.0,0.0,2,3501.0,3503.0,149,3530.0,3529.0,3529.0,3501.0,1895.0,66684510.0,168620
2023-05-09 21:03:39,m2311,m2311,3502.0,0.0,0.0,0.0,24,3501.0,3503.0,147,3530.0,3529.0,3529.0,3501.0,1895.0,66684510.0,168620
2023-05-09 21:03:40,m2311,m2311,3502.0,0.0,0.0,0.0,27,3501.0,3503.0,157,3530.0,3529.0,3529.0,3501.0,1895.0,66684510.0,168620
2023-05-09 21:03:40,m2311,m2311,3502.0,0.0,0.0,0.0,17,3501.0,3503.0,167,3530.0,3529.0,3529.0,3501.0,1895.0,66684510.0,168620
2023-05-09 21:03:41,m2311,m2311,3502.0,0.0,0.0,0.0,27,3501.0,3503.0,169,3530.0,3529.0,3529.0,3501.0,1895.0,66684510.0,168620
2023-05-09 21:03:42,m2311,m2311,3503.0,10.0,350300.0,3.0,2,3502.0,3503.0,147,3530.0,3529.0,3529.0,3501.0,1905.0,67034810.0,168623
2023-05-09 21:03:42,m2311,m2311,3503.0,0.0,0.0,0.0,2,3502.0,3503.0,140,3530.0,3529.0,3529.0,3501.0,1905.0,67034810.0,168623
2023-05-09 21:03:43,m2311,m2311,3503.0,1.0,35030.0,0.0,2,3502.0,3503.0,140,3530.0,3529.0,3529.0,3501.0,1906.0,67069840.0,168623
2023-05-09 21:03:43,m2311,m2311,3504.0,131.0,4589030.0,50.0,20,3503.0,3504.0,76,3530.0,3529.0,3529.0,3501.0,2037.0,71658870.0,168673
2023-05-09 21:03:44,m2311,m2311,3503.0,76.0,2663030.0,2.0,41,3503.0,3504.0,29,3530.0,3529.0,3529.0,3501.0,2113.0,74321900.0,168675
2023-05-09 21:03:44,m2311,m2311,3503.0,18.0,630540.0,9.0,33,3503.0,3504.0,36,3530.0,3529.0,3529.0,3501.0,2131.0,74952440.0,168684
2023-05-09 21:03:45,m2311,m2311,3503.0,2.0,70060.0,1.0,41,3503.0,3504.0,26,3530.0,3529.0,3529.0,3501.0,2133.0,75022500.0,168685
2023-05-09 21:03:45,m2311,m2311,3503.0,25.0,875750.0,-6.0,77,3502.0,3503.0,1,3530.0,3529.0,3529.0,3501.0,2158.0,75898250.0,168679
2023-05-09 21:03:46,m2311,m2311,3503.0,1.0,35030.0,1.0,54,3502.0,3504.0,58,3530.0,3529.0,3529.0,3501.0,2159.0,75933280.0,168680
2023-05-09 21:03:46,m2311,m2311,3504.0,3.0,105110.0,1.0,56,3502.0,3504.0,54,3530.0,3529.0,3529.0,3501.0,2162.0,76038390.0,168681
2023-05-09 21:03:47,m2311,m2311,3504.0,0.0,0.0,0.0,76,3502.0,3504.0,60,3530.0,3529.0,3529.0,3501.0,2162.0,76038390.0,168681
2023-05-09 21:03:47,m2311,m2311,3502.0,1.0,35020.0,1.0,103,3502.0,3504.0,66,3530.0,3529.0,3529.0,3501.0,2163.0,76073410.0,168682
2023-05-09 21:03:48,m2311,m2311,3502.0,0.0,0.0,0.0,103,3502.0,3504.0,88,3530.0,3529.0,3529.0,3501.0,2163.0,76073410.0,168682
2023-05-09 21:03:48,m2311,m2311,3502.0,0.0,0.0,0.0,113,3502.0,3504.0,68,3530.0,3529.0,3529.0,3501.0,2163.0,76073410.0,168682
2023-05-09 21:03:49,m2311,m2311,3502.0,1.0,35020.0,1.0,102,3502.0,3504.0,58,3530.0,3529.0,3529.0,3501.0,2164.0,76108430.0,168683
2023-05-09 21:03:49,m2311,m2311,3502.0,1.0,35020.0,1.0,106,3502.0,3504.0,58,3530.0,3529.0,3529.0,3501.0,2165.0,76143450.0,168684
2023-05-09 21:03:50,m2311,m2311,3502.0,8.0,280210.0,3.0,103,3502.0,3504.0,58,3530.0,3529.0,3529.0,3501.0,2173.0,76423660.0,168687
2023-05-09 21:03:50,m2311,m2311,3502.0,11.0,385220.0,7.0,39,3502.0,3504.0,59,3530.0,3529.0,3529.0,3501.0,2184.0,76808880.0,168694
2023-05-09 21:03:51,m2311,m2311,3502.0,3.0,105060.0,3.0,36,3502.0,3503.0,3,3530.0,3529.0,3529.0,3501.0,2187.0,76913940.0,168697
2023-05-09 21:03:52,m2311,m2311,3502.0,0.0,0.0,0.0,46,3502.0,3503.0,3,3530.0,3529.0,3529.0,3501.0,2187.0,76913940.0,168697
2023-05-09 21:03:52,m2311,m2311,3503.0,3.0,105090.0,-2.0,51,3502.0,3504.0,99,3530.0,3529.0,3529.0,3501.0,2190.0,77019030.0,168695
2023-05-09 21:03:53,m2311,m2311,3503.0,1.0,35030.0,0.0,10,3503.0,3504.0,89,3530.0,3529.0,3529.0,3501.0,2191.0,77054060.0,168695
2023-05-09 21:03:53,m2311,m2311,3503.0,2.0,70060.0,2.0,98,3502.0,3504.0,43,3530.0,3529.0,3529.0,3501.0,2193.0,77124120.0,168697
2023-05-09 21:03:54,m2311,m2311,3503.0,0.0,0.0,0.0,2,3503.0,3504.0,43,3530.0,3529.0,3529.0,3501.0,2193.0,77124120.0,168697
2023-05-09 21:03:54,m2311,m2311,3502.0,3.0,105080.0,2.0,6,3503.0,3504.0,34,3530.0,3529.0,3529.0,3501.0,2196.0,77229200.0,168699
2023-05-09 21:03:55,m2311,m2311,3502.0,0.0,0.0,0.0,6,3503.0,3504.0,32,3530.0,3529.0,3529.0,3501.0,2196.0,77229200.0,168699
2023-05-09 21:03:56,m2311,m2311,3502.0,0.0,0.0,0.0,119,3502.0,3504.0,32,3530.0,3529.0,3529.0,3501.0,2196.0,77229200.0,168699
2023-05-09 21:03:56,m2311,m2311,3502.0,0.0,0.0,0.0,119,3502.0,3504.0,42,3530.0,3529.0,3529.0,3501.0,2196.0,77229200.0,168699
2023-05-09 21:03:57,m2311,m2311,3502.0,0.0,0.0,0.0,114,3502.0,3504.0,69,3530.0,3529.0,3529.0,3501.0,2196.0,77229200.0,168699
2023-05-09 21:03:57,m2311,m2311,3502.0,0.0,0.0,0.0,112,3502.0,3504.0,80,3530.0,3529.0,3529.0,3501.0,2196.0,77229200.0,168699
2023-05-09 21:03:58,m2311,m2311,3502.0,0.0,0.0,0.0,10,3503.0,3504.0,90,3530.0,3529.0,3529.0,3501.0,2196.0,77229200.0,168699
2023-05-09 21:03:58,m2311,m2311,3502.0,6.0,210170.0,1.0,100,3502.0,3504.0,101,3530.0,3529.0,3529.0,3501.0,2202.0,77439370.0,168700
2023-05-09 21:03:59,m2311,m2311,3502.0,0.0,0.0,0.0,92,3502.0,3504.0,120,3530.0,3529.0,3529.0,3501.0,2202.0,77439370.0,168700
2023-05-09 21:03:59,m2311,m2311,3502.0,0.0,0.0,0.0,82,3502.0,3503.0,2,3530.0,3529.0,3529.0,3501.0,2202.0,77439370.0,168700
2023-05-09 21:04:00,m2311,m2311,3503.0,1.0,35030.0,-1.0,74,3502.0,3503.0,1,3530.0,3529.0,3529.0,3501.0,2203.0,77474400.0,168699
2023-05-09 21:04:00,m2311,m2311,3502.0,2.0,70040.0,2.0,60,3502.0,3503.0,1,3530.0,3529.0,3529.0,3501.0,2205.0,77544440.0,168701
2023-05-09 21:04:01,m2311,m2311,3502.0,0.0,0.0,0.0,50,3502.0,3503.0,11,3530.0,3529.0,3529.0,3501.0,2205.0,77544440.0,168701
2023-05-09 21:04:01,m2311,m2311,3502.0,0.0,0.0,0.0,40,3502.0,3503.0,12,3530.0,3529.0,3529.0,3501.0,2205.0,77544440.0,168701
2023-05-09 21:04:02,m2311,m2311,3502.0,0.0,0.0,0.0,50,3502.0,3503.0,2,3530.0,3529.0,3529.0,3501.0,2205.0,77544440.0,168701
2023-05-09 21:04:02,m2311,m2311,3502.0,1.0,35020.0,1.0,49,3502.0,3503.0,2,3530.0,3529.0,3529.0,3501.0,2206.0,77579460.0,168702
2023-05-09 21:04:03,m2311,m2311,3502.0,19.0,665380.0,12.0,18,3502.0,3503.0,2,3530.0,3529.0,3529.0,3501.0,2225.0,78244840.0,168714
2023-05-09 21:04:04,m2311,m2311,3502.0,23.0,805460.0,-10.0,78,3501.0,3502.0,3,3530.0,3529.0,3529.0,3501.0,2248.0,79050300.0,168704
2023-05-09 21:04:04,m2311,m2311,3502.0,0.0,0.0,0.0,28,3501.0,3502.0,14,3530.0,3529.0,3529.0,3501.0,2248.0,79050300.0,168704
2023-05-09 21:04:05,m2311,m2311,3502.0,0.0,0.0,0.0,18,3501.0,3502.0,14,3530.0,3529.0,3529.0,3501.0,2248.0,79050300.0,168704
2023-05-09 21:04:05,m2311,m2311,3501.0,6.0,210060.0,1.0,12,3501.0,3502.0,14,3530.0,3529.0,3529.0,3501.0,2254.0,79260360.0,168705
2023-05-09 21:04:06,m2311,m2311,3501.0,0.0,0.0,0.0,149,3500.0,3502.0,15,3530.0,3529.0,3529.0,3501.0,2254.0,79260360.0,168705
2023-05-09 21:04:06,m2311,m2311,3501.0,0.0,0.0,0.0,158,3500.0,3502.0,15,3530.0,3529.0,3529.0,3501.0,2254.0,79260360.0,168705
2023-05-09 21:04:07,m2311,m2311,3501.0,0.0,0.0,0.0,6,3501.0,3502.0,15,3530.0,3529.0,3529.0,3501.0,2254.0,79260360.0,168705
2023-05-09 21:04:07,m2311,m2311,3501.0,0.0,0.0,0.0,187,3500.0,3502.0,25,3530.0,3529.0,3529.0,3501.0,2254.0,79260360.0,168705
2023-05-09 21:04:08,m2311,m2311,3501.0,0.0,0.0,0.0,175,3500.0,3502.0,15,3530.0,3529.0,3529.0,3501.0,2254.0,79260360.0,168705
2023-05-09 21:04:09,m2311,m2311,3501.0,0.0,0.0,0.0,177,3500.0,3502.0,25,3530.0,3529.0,3529.0,3501.0,2254.0,79260360.0,168705
2023-05-09 21:04:10,m2311,m2311,3501.0,0.0,0.0,0.0,148,3500.0,3502.0,47,3530.0,3529.0,3529.0,3501.0,2254.0,79260360.0,168705
2023-05-09 21:04:10,m2311,m2311,3501.0,0.0,0.0,0.0,148,3500.0,3502.0,64,3530.0,3529.0,3529.0,3501.0,2254.0,79260360.0,168705
2023-05-09 21:04:11,m2311,m2311,3501.0,0.0,0.0,0.0,179,3500.0,3502.0,27,3530.0,3529.0,3529.0,3501.0,2254.0,79260360.0,168705
2023-05-09 21:04:11,m2311,m2311,3502.0,1.0,35020.0,-1.0,16,3501.0,3502.0,26,3530.0,3529.0,3529.0,3501.0,2255.0,79295380.0,168704
2023-05-09 21:04:12,m2311,m2311,3501.0,1.0,35010.0,0.0,2,3501.0,3502.0,14,3530.0,3529.0,3529.0,3501.0,2256.0,79330390.0,168704
2023-05-09 21:04:12,m2311,m2311,3501.0,0.0,0.0,0.0,18,3501.0,3502.0,14,3530.0,3529.0,3529.0,3501.0,2256.0,79330390.0,168704
2023-05-09 21:04:13,m2311,m2311,3502.0,14.0,490280.0,13.0,2,3502.0,3503.0,124,3530.0,3529.0,3529.0,3501.0,2270.0,79820670.0,168717
2023-05-09 21:04:13,m2311,m2311,3502.0,0.0,0.0,0.0,2,3502.0,3503.0,33,3530.0,3529.0,3529.0,3501.0,2270.0,79820670.0,168717
2023-05-09 21:04:14,m2311,m2311,3502.0,0.0,0.0,0.0,2,3502.0,3503.0,2,3530.0,3529.0,3529.0,3501.0,2270.0,79820670.0,168717
2023-05-09 21:04:14,m2311,m2311,3502.0,0.0,0.0,0.0,4,3502.0,3503.0,2,3530.0,3529.0,3529.0,3501.0,2270.0,79820670.0,168717
2023-05-09 21:04:15,m2311,m2311,3502.0,0.0,0.0,0.0,2,3502.0,3503.0,12,3530.0,3529.0,3529.0,3501.0,2270.0,79820670.0,168717
2023-05-09 21:04:16,m2311,m2311,3502.0,0.0,0.0,0.0,2,3502.0,3503.0,2,3530.0,3529.0,3529.0,3501.0,2270.0,79820670.0,168717
2023-05-09 21:04:17,m2311,m2311,3502.0,0.0,0.0,0.0,4,3502.0,3503.0,2,3530.0,3529.0,3529.0,3501.0,2270.0,79820670.0,168717
2023-05-09 21:04:17,m2311,m2311,3502.0,0.0,0.0,0.0,2,3502.0,3503.0,41,3530.0,3529.0,3529.0,3501.0,2270.0,79820670.0,168717
2023-05-09 21:04:18,m2311,m2311,3502.0,0.0,0.0,0.0,2,3502.0,3503.0,56,3530.0,3529.0,3529.0,3501.0,2270.0,79820670.0,168717
2023-05-09 21:04:18,m2311,m2311,3503.0,4.0,140120.0,1.0,2,3503.0,3504.0,141,3530.0,3529.0,3529.0,3501.0,2274.0,79960790.0,168718
2023-05-09 21:04:19,m2311,m2311,3503.0,0.0,0.0,0.0,46,3502.0,3503.0,2,3530.0,3529.0,3529.0,3501.0,2274.0,79960790.0,168718
2023-05-09 21:04:19,m2311,m2311,3503.0,3.0,105090.0,3.0,48,3502.0,3504.0,77,3530.0,3529.0,3529.0,3501.0,2277.0,80065880.0,168721
2023-05-09 21:04:20,m2311,m2311,3503.0,0.0,0.0,0.0,51,3502.0,3504.0,133,3530.0,3529.0,3529.0,3501.0,2277.0,80065880.0,168721
2023-05-09 21:04:20,m2311,m2311,3503.0,0.0,0.0,0.0,51,3502.0,3503.0,1,3530.0,3529.0,3529.0,3501.0,2277.0,80065880.0,168721
2023-05-09 21:04:21,m2311,m2311,3503.0,1.0,35030.0,1.0,1,3503.0,3504.0,37,3530.0,3529.0,3529.0,3501.0,2278.0,80100910.0,168722
2023-05-09 21:04:21,m2311,m2311,3503.0,0.0,0.0,0.0,8,3503.0,3504.0,6,3530.0,3529.0,3529.0,3501.0,2278.0,80100910.0,168722
2023-05-09 21:04:22,m2311,m2311,3503.0,2.0,70060.0,-2.0,2,3503.0,3504.0,67,3530.0,3529.0,3529.0,3501.0,2280.0,80170970.0,168720
2023-05-09 21:04:22,m2311,m2311,3503.0,0.0,0.0,0.0,2,3503.0,3504.0,100,3530.0,3529.0,3529.0,3501.0,2280.0,80170970.0,168720
2023-05-09 21:04:23,m2311,m2311,3503.0,0.0,0.0,0.0,2,3503.0,3504.0,110,3530.0,3529.0,3529.0,3501.0,2280.0,80170970.0,168720
2023-05-09 21:04:23,m2311,m2311,3503.0,0.0,0.0,0.0,2,3503.0,3504.0,90,3530.0,3529.0,3529.0,3501.0,2280.0,80170970.0,168720
2023-05-09 21:04:24,m2311,m2311,3503.0,0.0,0.0,0.0,2,3503.0,3504.0,100,3530.0,3529.0,3529.0,3501.0,2280.0,80170970.0,168720
2023-05-09 21:04:25,m2311,m2311,3502.0,69.0,2416400.0,14.0,30,3502.0,3503.0,4,3530.0,3529.0,3529.0,3501.0,2349.0,82587370.0,168734
2023-05-09 21:04:25,m2311,m2311,3502.0,18.0,630360.0,-6.0,65,3501.0,3503.0,3,3530.0,3529.0,3529.0,3501.0,2367.0,83217730.0,168728
2023-05-09 21:04:26,m2311,m2311,3502.0,0.0,0.0,0.0,64,3501.0,3503.0,15,3530.0,3529.0,3529.0,3501.0,2367.0,83217730.0,168728
2023-05-09 21:04:26,m2311,m2311,3503.0,1.0,35030.0,0.0,54,3501.0,3502.0,1,3530.0,3529.0,3529.0,3501.0,2368.0,83252760.0,168728
2023-05-09 21:04:27,m2311,m2311,3502.0,1.0,35020.0,1.0,34,3501.0,3502.0,2,3530.0,3529.0,3529.0,3501.0,2369.0,83287780.0,168729
2023-05-09 21:04:27,m2311,m2311,3502.0,2.0,70040.0,0.0,2,3502.0,3503.0,83,3530.0,3529.0,3529.0,3501.0,2371.0,83357820.0,168729
2023-05-09 21:04:28,m2311,m2311,3502.0,0.0,0.0,0.0,4,3502.0,3503.0,22,3530.0,3529.0,3529.0,3501.0,2371.0,83357820.0,168729
2023-05-09 21:04:28,m2311,m2311,3502.0,0.0,0.0,0.0,4,3502.0,3503.0,2,3530.0,3529.0,3529.0,3501.0,2371.0,83357820.0,168729
2023-05-09 21:04:30,m2311,m2311,3502.0,0.0,0.0,0.0,2,3502.0,3503.0,3,3530.0,3529.0,3529.0,3501.0,2371.0,83357820.0,168729
2023-05-09 21:04:32,m2311,m2311,3502.0,0.0,0.0,0.0,2,3502.0,3503.0,13,3530.0,3529.0,3529.0,3501.0,2371.0,83357820.0,168729
2023-05-09 21:04:32,m2311,m2311,3502.0,0.0,0.0,0.0,2,3502.0,3503.0,5,3530.0,3529.0,3529.0,3501.0,2371.0,83357820.0,168729
2023-05-09 21:04:33,m2311,m2311,3502.0,0.0,0.0,0.0,2,3502.0,3503.0,15,3530.0,3529.0,3529.0,3501.0,2371.0,83357820.0,168729
2023-05-09 21:04:33,m2311,m2311,3502.0,0.0,0.0,0.0,2,3502.0,3503.0,5,3530.0,3529.0,3529.0,3501.0,2371.0,83357820.0,168729
2023-05-09 21:04:34,m2311,m2311,3502.0,0.0,0.0,0.0,2,3502.0,3503.0,15,3530.0,3529.0,3529.0,3501.0,2371.0,83357820.0,168729
2023-05-09 21:04:35,m2311,m2311,3502.0,0.0,0.0,0.0,2,3502.0,3503.0,5,3530.0,3529.0,3529.0,3501.0,2371.0,83357820.0,168729
2023-05-09 21:04:35,m2311,m2311,3502.0,0.0,0.0,0.0,2,3502.0,3503.0,3,3530.0,3529.0,3529.0,3501.0,2371.0,83357820.0,168729
2023-05-09 21:04:36,m2311,m2311,3502.0,0.0,0.0,0.0,2,3502.0,3503.0,5,3530.0,3529.0,3529.0,3501.0,2371.0,83357820.0,168729
2023-05-09 21:04:36,m2311,m2311,3502.0,0.0,0.0,0.0,2,3502.0,3503.0,56,3530.0,3529.0,3529.0,3501.0,2371.0,83357820.0,168729
2023-05-09 21:04:37,m2311,m2311,3502.0,1.0,35020.0,0.0,1,3502.0,3503.0,78,3530.0,3529.0,3529.0,3501.0,2372.0,83392840.0,168729
2023-05-09 21:04:37,m2311,m2311,3502.0,1.0,35020.0,1.0,88,3501.0,3502.0,1,3530.0,3529.0,3529.0,3501.0,2373.0,83427860.0,168730
2023-05-09 21:04:38,m2311,m2311,3502.0,0.0,0.0,0.0,48,3501.0,3502.0,35,3530.0,3529.0,3529.0,3501.0,2373.0,83427860.0,168730
2023-05-09 21:04:38,m2311,m2311,3501.0,38.0,1330380.0,-25.0,114,3500.0,3501.0,20,3530.0,3529.0,3529.0,3501.0,2411.0,84758240.0,168705
2023-05-09 21:04:39,m2311,m2311,3501.0,1.0,35010.0,0.0,92,3500.0,3501.0,19,3530.0,3529.0,3529.0,3501.0,2412.0,84793250.0,168705
2023-05-09 21:04:39,m2311,m2311,3501.0,0.0,0.0,0.0,82,3500.0,3501.0,19,3530.0,3529.0,3529.0,3501.0,2412.0,84793250.0,168705
2023-05-09 21:04:40,m2311,m2311,3501.0,0.0,0.0,0.0,52,3500.0,3501.0,19,3530.0,3529.0,3529.0,3501.0,2412.0,84793250.0,168705
2023-05-09 21:04:40,m2311,m2311,3501.0,0.0,0.0,0.0,40,3500.0,3501.0,19,3530.0,3529.0,3529.0,3501.0,2412.0,84793250.0,168705
2023-05-09 21:04:41,m2311,m2311,3500.0,2.0,70000.0,-2.0,28,3500.0,3501.0,21,3530.0,3529.0,3529.0,3500.0,2414.0,84863250.0,168703
2023-05-09 21:04:42,m2311,m2311,3501.0,2.0,70010.0,0.0,27,3500.0,3501.0,40,3530.0,3529.0,3529.0,3500.0,2416.0,84933260.0,168703
2023-05-09 21:04:42,m2311,m2311,3500.0,28.0,980010.0,2.0,52,3499.0,3500.0,13,3530.0,3529.0,3529.0,3500.0,2444.0,85913270.0,168705
2023-05-09 21:04:43,m2311,m2311,3500.0,0.0,0.0,0.0,2,3499.0,3500.0,13,3530.0,3529.0,3529.0,3500.0,2444.0,85913270.0,168705
2023-05-09 21:04:43,m2311,m2311,3500.0,0.0,0.0,0.0,2,3499.0,3500.0,23,3530.0,3529.0,3529.0,3500.0,2444.0,85913270.0,168705
2023-05-09 21:04:44,m2311,m2311,3500.0,0.0,0.0,0.0,2,3499.0,3500.0,33,3530.0,3529.0,3529.0,3500.0,2444.0,85913270.0,168705
2023-05-09 21:04:44,m2311,m2311,3500.0,0.0,0.0,0.0,2,3499.0,3500.0,34,3530.0,3529.0,3529.0,3500.0,2444.0,85913270.0,168705
2023-05-09 21:04:44,m2311,m2311,3500.0,0.0,0.0,0.0,2,3499.0,3500.0,44,3530.0,3529.0,3529.0,3500.0,2444.0,85913270.0,168705
2023-05-09 21:04:46,m2311,m2311,3500.0,0.0,0.0,0.0,2,3499.0,3500.0,46,3530.0,3529.0,3529.0,3500.0,2444.0,85913270.0,168705
2023-05-09 21:04:47,m2311,m2311,3500.0,0.0,0.0,0.0,3,3499.0,3500.0,46,3530.0,3529.0,3529.0,3500.0,2444.0,85913270.0,168705
2023-05-09 21:04:48,m2311,m2311,3500.0,1.0,35000.0,0.0,3,3499.0,3500.0,64,3530.0,3529.0,3529.0,3500.0,2445.0,85948270.0,168705
2023-05-09 21:04:48,m2311,m2311,3500.0,0.0,0.0,0.0,3,3499.0,3500.0,87,3530.0,3529.0,3529.0,3500.0,2445.0,85948270.0,168705
2023-05-09 21:04:49,m2311,m2311,3499.0,3.0,104970.0,0.0,25,3498.0,3499.0,10,3530.0,3529.0,3529.0,3499.0,2448.0,86053240.0,168705
2023-05-09 21:04:49,m2311,m2311,3499.0,10.0,349900.0,0.0,2,3499.0,3500.0,126,3530.0,3529.0,3529.0,3499.0,2458.0,86403140.0,168705
2023-05-09 21:04:50,m2311,m2311,3499.0,2.0,69980.0,0.0,34,3498.0,3499.0,1,3530.0,3529.0,3529.0,3499.0,2460.0,86473120.0,168705
2023-05-09 21:04:50,m2311,m2311,3498.0,1.0,34980.0,0.0,43,3498.0,3499.0,1,3530.0,3529.0,3529.0,3498.0,2461.0,86508100.0,168705
2023-05-09 21:04:51,m2311,m2311,3498.0,24.0,839550.0,-22.0,33,3498.0,3500.0,142,3530.0,3529.0,3529.0,3498.0,2485.0,87347650.0,168683
2023-05-09 21:04:51,m2311,m2311,3498.0,0.0,0.0,0.0,38,3498.0,3499.0,1,3530.0,3529.0,3529.0,3498.0,2485.0,87347650.0,168683
2023-05-09 21:04:52,m2311,m2311,3498.0,0.0,0.0,0.0,38,3498.0,3499.0,2,3530.0,3529.0,3529.0,3498.0,2485.0,87347650.0,168683
2023-05-09 21:04:53,m2311,m2311,3498.0,0.0,0.0,0.0,36,3498.0,3499.0,2,3530.0,3529.0,3529.0,3498.0,2485.0,87347650.0,168683
2023-05-09 21:04:53,m2311,m2311,3498.0,0.0,0.0,0.0,41,3498.0,3499.0,2,3530.0,3529.0,3529.0,3498.0,2485.0,87347650.0,168683
2023-05-09 21:04:54,m2311,m2311,3499.0,2.0,69980.0,1.0,43,3498.0,3500.0,152,3530.0,3529.0,3529.0,3498.0,2487.0,87417630.0,168684
2023-05-09 21:04:55,m2311,m2311,3498.0,1.0,34980.0,0.0,42,3498.0,3500.0,153,3530.0,3529.0,3529.0,3498.0,2488.0,87452610.0,168684
2023-05-09 21:04:55,m2311,m2311,3498.0,1.0,34980.0,0.0,1,3499.0,3500.0,143,3530.0,3529.0,3529.0,3498.0,2489.0,87487590.0,168684
2023-05-09 21:04:56,m2311,m2311,3498.0,0.0,0.0,0.0,1,3499.0,3500.0,126,3530.0,3529.0,3529.0,3498.0,2489.0,87487590.0,168684
2023-05-09 21:04:56,m2311,m2311,3498.0,0.0,0.0,0.0,1,3499.0,3500.0,74,3530.0,3529.0,3529.0,3498.0,2489.0,87487590.0,168684
2023-05-09 21:04:57,m2311,m2311,3498.0,0.0,0.0,0.0,1,3499.0,3500.0,79,3530.0,3529.0,3529.0,3498.0,2489.0,87487590.0,168684
2023-05-09 21:04:57,m2311,m2311,3498.0,0.0,0.0,0.0,1,3499.0,3500.0,23,3530.0,3529.0,3529.0,3498.0,2489.0,87487590.0,168684
2023-05-09 21:04:58,m2311,m2311,3498.0,0.0,0.0,0.0,1,3499.0,3500.0,56,3530.0,3529.0,3529.0,3498.0,2489.0,87487590.0,168684
2023-05-09 21:04:58,m2311,m2311,3498.0,0.0,0.0,0.0,1,3499.0,3500.0,79,3530.0,3529.0,3529.0,3498.0,2489.0,87487590.0,168684
2023-05-09 21:04:59,m2311,m2311,3500.0,187.0,6545950.0,66.0,19,3500.0,3501.0,10,3530.0,3529.0,3529.0,3498.0,2676.0,94033540.0,168750
2023-05-09 21:04:59,m2311,m2311,3503.0,76.0,2661520.0,-3.0,5,3502.0,3503.0,25,3530.0,3529.0,3529.0,3498.0,2752.0,96695060.0,168747
2023-05-09 21:05:00,m2311,m2311,3501.0,16.0,560410.0,4.0,79,3501.0,3503.0,22,3530.0,3529.0,3529.0,3498.0,2768.0,97255470.0,168751
2023-05-09 21:05:00,m2311,m2311,3501.0,4.0,140080.0,3.0,87,3501.0,3503.0,40,3530.0,3529.0,3529.0,3498.0,2772.0,97395550.0,168754
2023-05-09 21:05:01,m2311,m2311,3502.0,2.0,70040.0,2.0,87,3501.0,3503.0,10,3530.0,3529.0,3529.0,3498.0,2774.0,97465590.0,168756
2023-05-09 21:05:01,m2311,m2311,3502.0,2.0,70040.0,2.0,97,3501.0,3503.0,11,3530.0,3529.0,3529.0,3498.0,2776.0,97535630.0,168758
2023-05-09 21:05:02,m2311,m2311,3502.0,2.0,70040.0,2.0,99,3501.0,3503.0,11,3530.0,3529.0,3529.0,3498.0,2778.0,97605670.0,168760
2023-05-09 21:05:02,m2311,m2311,3502.0,2.0,70040.0,2.0,20,3502.0,3503.0,41,3530.0,3529.0,3529.0,3498.0,2780.0,97675710.0,168762
2023-05-09 21:05:03,m2311,m2311,3502.0,20.0,700400.0,-20.0,139,3501.0,3502.0,9,3530.0,3529.0,3529.0,3498.0,2800.0,98376110.0,168742
2023-05-09 21:05:03,m2311,m2311,3502.0,0.0,0.0,0.0,59,3501.0,3502.0,9,3530.0,3529.0,3529.0,3498.0,2800.0,98376110.0,168742
2023-05-09 21:05:04,m2311,m2311,3502.0,0.0,0.0,0.0,37,3501.0,3502.0,10,3530.0,3529.0,3529.0,3498.0,2800.0,98376110.0,168742
2023-05-09 21:05:04,m2311,m2311,3501.0,24.0,840240.0,-4.0,129,3500.0,3501.0,2,3530.0,3529.0,3529.0,3498.0,2824.0,99216350.0,168738
2023-05-09 21:05:05,m2311,m2311,3501.0,0.0,0.0,0.0,79,3500.0,3501.0,5,3530.0,3529.0,3529.0,3498.0,2824.0,99216350.0,168738
2023-05-09 21:05:05,m2311,m2311,3500.0,2.0,70000.0,0.0,56,3500.0,3501.0,3,3530.0,3529.0,3529.0,3498.0,2826.0,99286350.0,168738
2023-05-09 21:05:06,m2311,m2311,3501.0,3.0,105030.0,-2.0,12,3501.0,3502.0,51,3530.0,3529.0,3529.0,3498.0,2829.0,99391380.0,168736
2023-05-09 21:05:06,m2311,m2311,3500.0,3.0,105020.0,2.0,117,3500.0,3501.0,3,3530.0,3529.0,3529.0,3498.0,2832.0,99496400.0,168738
2023-05-09 21:05:07,m2311,m2311,3501.0,3.0,105030.0,-2.0,12,3501.0,3502.0,33,3530.0,3529.0,3529.0,3498.0,2835.0,99601430.0,168736
2023-05-09 21:05:07,m2311,m2311,3501.0,2.0,70020.0,2.0,138,3500.0,3501.0,3,3530.0,3529.0,3529.0,3498.0,2837.0,99671450.0,168738
2023-05-09 21:05:08,m2311,m2311,3501.0,3.0,105030.0,-2.0,4,3501.0,3502.0,33,3530.0,3529.0,3529.0,3498.0,2840.0,99776480.0,168736
2023-05-09 21:05:08,m2311,m2311,3501.0,0.0,0.0,0.0,2,3501.0,3502.0,14,3530.0,3529.0,3529.0,3498.0,2840.0,99776480.0,168736
2023-05-09 21:05:11,m2311,m2311,3501.0,0.0,0.0,0.0,2,3501.0,3502.0,24,3530.0,3529.0,3529.0,3498.0,2840.0,99776480.0,168736
2023-05-09 21:05:11,m2311,m2311,3501.0,2.0,70020.0,0.0,136,3500.0,3502.0,24,3530.0,3529.0,3529.0,3498.0,2842.0,99846500.0,168736
2023-05-09 21:05:12,m2311,m2311,3501.0,0.0,0.0,0.0,75,3500.0,3501.0,7,3530.0,3529.0,3529.0,3498.0,2842.0,99846500.0,168736
2023-05-09 21:05:12,m2311,m2311,3500.0,1.0,35000.0,0.0,32,3500.0,3501.0,7,3530.0,3529.0,3529.0,3498.0,2843.0,99881500.0,168736
2023-05-09 21:05:13,m2311,m2311,3500.0,0.0,0.0,0.0,28,3500.0,3501.0,7,3530.0,3529.0,3529.0,3498.0,2843.0,99881500.0,168736
2023-05-09 21:05:13,m2311,m2311,3501.0,3.0,105010.0,-1.0,16,3500.0,3501.0,7,3530.0,3529.0,3529.0,3498.0,2846.0,99986510.0,168735
2023-05-09 21:05:14,m2311,m2311,3501.0,0.0,0.0,0.0,6,3500.0,3501.0,3,3530.0,3529.0,3529.0,3498.0,2846.0,99986510.0,168735
2023-05-09 21:05:14,m2311,m2311,3500.0,6.0,210000.0,-6.0,119,3499.0,3501.0,36,3530.0,3529.0,3529.0,3498.0,2852.0,100196510.0,168729
2023-05-09 21:05:15,m2311,m2311,3500.0,0.0,0.0,0.0,137,3499.0,3501.0,15,3530.0,3529.0,3529.0,3498.0,2852.0,100196510.0,168729
2023-05-09 21:05:15,m2311,m2311,3500.0,0.0,0.0,0.0,152,3499.0,3500.0,1,3530.0,3529.0,3529.0,3498.0,2852.0,100196510.0,168729
2023-05-09 21:05:16,m2311,m2311,3500.0,1.0,35000.0,0.0,120,3499.0,3501.0,45,3530.0,3529.0,3529.0,3498.0,2853.0,100231510.0,168729
2023-05-09 21:05:16,m2311,m2311,3500.0,0.0,0.0,0.0,142,3499.0,3501.0,24,3530.0,3529.0,3529.0,3498.0,2853.0,100231510.0,168729
2023-05-09 21:05:17,m2311,m2311,3500.0,0.0,0.0,0.0,140,3499.0,3501.0,14,3530.0,3529.0,3529.0,3498.0,2853.0,100231510.0,168729
2023-05-09 21:05:17,m2311,m2311,3499.0,1.0,34990.0,1.0,141,3499.0,3501.0,25,3530.0,3529.0,3529.0,3498.0,2854.0,100266500.0,168730
2023-05-09 21:05:18,m2311,m2311,3499.0,0.0,0.0,0.0,16,3500.0,3501.0,3,3530.0,3529.0,3529.0,3498.0,2854.0,100266500.0,168730
2023-05-09 21:05:18,m2311,m2311,3501.0,5.0,175050.0,2.0,44,3500.0,3502.0,72,3530.0,3529.0,3529.0,3498.0,2859.0,100441550.0,168732
2023-05-09 21:05:19,m2311,m2311,3501.0,0.0,0.0,0.0,7,3500.0,3501.0,15,3530.0,3529.0,3529.0,3498.0,2859.0,100441550.0,168732
2023-05-09 21:05:19,m2311,m2311,3501.0,0.0,0.0,0.0,140,3499.0,3501.0,17,3530.0,3529.0,3529.0,3498.0,2859.0,100441550.0,168732
2023-05-09 21:05:20,m2311,m2311,3501.0,0.0,0.0,0.0,137,3499.0,3501.0,27,3530.0,3529.0,3529.0,3498.0,2859.0,100441550.0,168732
2023-05-09 21:05:22,m2311,m2311,3501.0,0.0,0.0,0.0,93,3499.0,3501.0,56,3530.0,3529.0,3529.0,3498.0,2859.0,100441550.0,168732
2023-05-09 21:05:22,m2311,m2311,3501.0,0.0,0.0,0.0,103,3499.0,3501.0,59,3530.0,3529.0,3529.0,3498.0,2859.0,100441550.0,168732
2023-05-09 21:05:23,m2311,m2311,3501.0,0.0,0.0,0.0,113,3499.0,3501.0,69,3530.0,3529.0,3529.0,3498.0,2859.0,100441550.0,168732
2023-05-09 21:05:24,m2311,m2311,3501.0,0.0,0.0,0.0,113,3499.0,3501.0,66,3530.0,3529.0,3529.0,3498.0,2859.0,100441550.0,168732
2023-05-09 21:05:24,m2311,m2311,3501.0,0.0,0.0,0.0,133,3499.0,3501.0,76,3530.0,3529.0,3529.0,3498.0,2859.0,100441550.0,168732
2023-05-09 21:05:25,m2311,m2311,3501.0,0.0,0.0,0.0,143,3499.0,3501.0,86,3530.0,3529.0,3529.0,3498.0,2859.0,100441550.0,168732
2023-05-09 21:05:25,m2311,m2311,3501.0,0.0,0.0,0.0,133,3499.0,3501.0,76,3530.0,3529.0,3529.0,3498.0,2859.0,100441550.0,168732
2023-05-09 21:05:26,m2311,m2311,3501.0,0.0,0.0,0.0,143,3499.0,3501.0,97,3530.0,3529.0,3529.0,3498.0,2859.0,100441550.0,168732
2023-05-09 21:05:26,m2311,m2311,3501.0,0.0,0.0,0.0,10,3500.0,3501.0,87,3530.0,3529.0,3529.0,3498.0,2859.0,100441550.0,168732
2023-05-09 21:05:27,m2311,m2311,3501.0,0.0,0.0,0.0,175,3499.0,3501.0,24,3530.0,3529.0,3529.0,3498.0,2859.0,100441550.0,168732
2023-05-09 21:05:27,m2311,m2311,3501.0,0.0,0.0,0.0,155,3499.0,3501.0,4,3530.0,3529.0,3529.0,3498.0,2859.0,100441550.0,168732
2023-05-09 21:05:28,m2311,m2311,3500.0,1.0,35000.0,0.0,145,3499.0,3501.0,47,3530.0,3529.0,3529.0,3498.0,2860.0,100476550.0,168732
2023-05-09 21:05:28,m2311,m2311,3499.0,1.0,34990.0,0.0,136,3499.0,3501.0,47,3530.0,3529.0,3529.0,3498.0,2861.0,100511540.0,168732
2023-05-09 21:05:29,m2311,m2311,3500.0,37.0,1295350.0,29.0,24,3500.0,3501.0,2,3530.0,3529.0,3529.0,3498.0,2898.0,101806890.0,168761
2023-05-09 21:05:30,m2311,m2311,3500.0,11.0,385000.0,11.0,10,3500.0,3501.0,16,3530.0,3529.0,3529.0,3498.0,2909.0,102191890.0,168772
2023-05-09 21:05:30,m2311,m2311,3500.0,0.0,0.0,0.0,160,3499.0,3500.0,2,3530.0,3529.0,3529.0,3498.0,2909.0,102191890.0,168772
2023-05-09 21:05:31,m2311,m2311,3500.0,3.0,105000.0,1.0,1,3500.0,3501.0,48,3530.0,3529.0,3529.0,3498.0,2912.0,102296890.0,168773
2023-05-09 21:05:31,m2311,m2311,3500.0,0.0,0.0,0.0,1,3500.0,3501.0,29,3530.0,3529.0,3529.0,3498.0,2912.0,102296890.0,168773
2023-05-09 21:05:32,m2311,m2311,3500.0,1.0,35000.0,0.0,160,3499.0,3500.0,3,3530.0,3529.0,3529.0,3498.0,2913.0,102331890.0,168773
2023-05-09 21:05:32,m2311,m2311,3500.0,3.0,105000.0,1.0,12,3500.0,3501.0,56,3530.0,3529.0,3529.0,3498.0,2916.0,102436890.0,168774
2023-05-09 21:05:33,m2311,m2311,3500.0,0.0,0.0,0.0,2,3500.0,3501.0,29,3530.0,3529.0,3529.0,3498.0,2916.0,102436890.0,168774
2023-05-09 21:05:33,m2311,m2311,3500.0,1.0,35000.0,1.0,1,3500.0,3501.0,29,3530.0,3529.0,3529.0,3498.0,2917.0,102471890.0,168775
2023-05-09 21:05:34,m2311,m2311,3500.0,1.0,35000.0,1.0,160,3499.0,3500.0,2,3530.0,3529.0,3529.0,3498.0,2918.0,102506890.0,168776
2023-05-09 21:05:35,m2311,m2311,3500.0,2.0,70000.0,-2.0,12,3500.0,3501.0,46,3530.0,3529.0,3529.0,3498.0,2920.0,102576890.0,168774
2023-05-09 21:05:35,m2311,m2311,3499.0,5.0,174970.0,0.0,91,3499.0,3500.0,14,3530.0,3529.0,3529.0,3498.0,2925.0,102751860.0,168774
2023-05-09 21:05:36,m2311,m2311,3499.0,1.0,34990.0,0.0,26,3499.0,3500.0,23,3530.0,3529.0,3529.0,3498.0,2926.0,102786850.0,168774
2023-05-09 21:05:36,m2311,m2311,3499.0,0.0,0.0,0.0,38,3499.0,3500.0,9,3530.0,3529.0,3529.0,3498.0,2926.0,102786850.0,168774
2023-05-09 21:05:37,m2311,m2311,3500.0,2.0,70000.0,0.0,50,3499.0,3500.0,6,3530.0,3529.0,3529.0,3498.0,2928.0,102856850.0,168774
2023-05-09 21:05:37,m2311,m2311,3499.0,11.0,384900.0,2.0,42,3499.0,3500.0,5,3530.0,3529.0,3529.0,3498.0,2939.0,103241750.0,168776
2023-05-09 21:05:38,m2311,m2311,3499.0,1.0,34990.0,1.0,10,3499.0,3501.0,93,3530.0,3529.0,3529.0,3498.0,2940.0,103276740.0,168777
2023-05-09 21:05:38,m2311,m2311,3499.0,0.0,0.0,0.0,32,3499.0,3500.0,4,3530.0,3529.0,3529.0,3498.0,2940.0,103276740.0,168777
2023-05-09 21:05:39,m2311,m2311,3499.0,1.0,34990.0,1.0,23,3499.0,3500.0,4,3530.0,3529.0,3529.0,3498.0,2941.0,103311730.0,168778
2023-05-09 21:05:39,m2311,m2311,3499.0,0.0,0.0,0.0,21,3499.0,3500.0,4,3530.0,3529.0,3529.0,3498.0,2941.0,103311730.0,168778
2023-05-09 21:05:40,m2311,m2311,3499.0,1.0,34990.0,1.0,20,3499.0,3500.0,4,3530.0,3529.0,3529.0,3498.0,2942.0,103346720.0,168779
2023-05-09 21:05:41,m2311,m2311,3499.0,18.0,629820.0,0.0,157,3498.0,3499.0,1,3530.0,3529.0,3529.0,3498.0,2960.0,103976540.0,168779
2023-05-09 21:05:41,m2311,m2311,3499.0,1.0,34990.0,1.0,130,3498.0,3500.0,59,3530.0,3529.0,3529.0,3498.0,2961.0,104011530.0,168780
2023-05-09 21:05:42,m2311,m2311,3499.0,0.0,0.0,0.0,162,3498.0,3500.0,29,3530.0,3529.0,3529.0,3498.0,2961.0,104011530.0,168780
2023-05-09 21:05:42,m2311,m2311,3498.0,1.0,34980.0,0.0,161,3498.0,3500.0,30,3530.0,3529.0,3529.0,3498.0,2962.0,104046510.0,168780
2023-05-09 21:05:43,m2311,m2311,3498.0,0.0,0.0,0.0,161,3498.0,3500.0,18,3530.0,3529.0,3529.0,3498.0,2962.0,104046510.0,168780
2023-05-09 21:05:43,m2311,m2311,3498.0,0.0,0.0,0.0,171,3498.0,3500.0,18,3530.0,3529.0,3529.0,3498.0,2962.0,104046510.0,168780
2023-05-09 21:05:44,m2311,m2311,3498.0,1.0,34980.0,0.0,170,3498.0,3500.0,18,3530.0,3529.0,3529.0,3498.0,2963.0,104081490.0,168780
2023-05-09 21:05:45,m2311,m2311,3498.0,0.0,0.0,0.0,148,3498.0,3500.0,18,3530.0,3529.0,3529.0,3498.0,2963.0,104081490.0,168780
2023-05-09 21:05:45,m2311,m2311,3498.0,0.0,0.0,0.0,158,3498.0,3500.0,8,3530.0,3529.0,3529.0,3498.0,2963.0,104081490.0,168780
2023-05-09 21:05:46,m2311,m2311,3500.0,2.0,70000.0,0.0,30,3499.0,3500.0,5,3530.0,3529.0,3529.0,3498.0,2965.0,104151490.0,168780
2023-05-09 21:05:46,m2311,m2311,3500.0,0.0,0.0,0.0,44,3499.0,3500.0,2,3530.0,3529.0,3529.0,3498.0,2965.0,104151490.0,168780
2023-05-09 21:05:47,m2311,m2311,3500.0,2.0,70000.0,0.0,2,3500.0,3501.0,105,3530.0,3529.0,3529.0,3498.0,2967.0,104221490.0,168780
2023-05-09 21:05:47,m2311,m2311,3500.0,0.0,0.0,0.0,2,3500.0,3501.0,69,3530.0,3529.0,3529.0,3498.0,2967.0,104221490.0,168780
2023-05-09 21:05:48,m2311,m2311,3500.0,0.0,0.0,0.0,2,3500.0,3501.0,39,3530.0,3529.0,3529.0,3498.0,2967.0,104221490.0,168780
2023-05-09 21:05:50,m2311,m2311,3500.0,0.0,0.0,0.0,2,3500.0,3501.0,29,3530.0,3529.0,3529.0,3498.0,2967.0,104221490.0,168780
2023-05-09 21:05:51,m2311,m2311,3500.0,1.0,35000.0,1.0,1,3500.0,3501.0,19,3530.0,3529.0,3529.0,3498.0,2968.0,104256490.0,168781
2023-05-09 21:05:51,m2311,m2311,3500.0,1.0,35000.0,1.0,102,3499.0,3501.0,28,3530.0,3529.0,3529.0,3498.0,2969.0,104291490.0,168782
2023-05-09 21:05:52,m2311,m2311,3500.0,2.0,70000.0,0.0,2,3500.0,3501.0,27,3530.0,3529.0,3529.0,3498.0,2971.0,104361490.0,168782
2023-05-09 21:05:52,m2311,m2311,3500.0,0.0,0.0,0.0,2,3500.0,3501.0,18,3530.0,3529.0,3529.0,3498.0,2971.0,104361490.0,168782
2023-05-09 21:05:53,m2311,m2311,3500.0,0.0,0.0,0.0,2,3500.0,3501.0,28,3530.0,3529.0,3529.0,3498.0,2971.0,104361490.0,168782
2023-05-09 21:05:54,m2311,m2311,3500.0,0.0,0.0,0.0,34,3500.0,3501.0,5,3530.0,3529.0,3529.0,3498.0,2971.0,104361490.0,168782
2023-05-09 21:05:54,m2311,m2311,3500.0,0.0,0.0,0.0,36,3500.0,3501.0,1,3530.0,3529.0,3529.0,3498.0,2971.0,104361490.0,168782
2023-05-09 21:05:55,m2311,m2311,3500.0,0.0,0.0,0.0,38,3500.0,3501.0,1,3530.0,3529.0,3529.0,3498.0,2971.0,104361490.0,168782
2023-05-09 21:05:55,m2311,m2311,3500.0,0.0,0.0,0.0,48,3500.0,3501.0,1,3530.0,3529.0,3529.0,3498.0,2971.0,104361490.0,168782
2023-05-09 21:05:57,m2311,m2311,3500.0,0.0,0.0,0.0,50,3500.0,3501.0,1,3530.0,3529.0,3529.0,3498.0,2971.0,104361490.0,168782
2023-05-09 21:05:58,m2311,m2311,3501.0,1.0,35010.0,1.0,50,3500.0,3502.0,114,3530.0,3529.0,3529.0,3498.0,2972.0,104396500.0,168783
2023-05-09 21:05:58,m2311,m2311,3501.0,0.0,0.0,0.0,60,3500.0,3502.0,123,3530.0,3529.0,3529.0,3498.0,2972.0,104396500.0,168783
2023-05-09 21:05:59,m2311,m2311,3501.0,0.0,0.0,0.0,70,3500.0,3502.0,124,3530.0,3529.0,3529.0,3498.0,2972.0,104396500.0,168783
2023-05-09 21:06:00,m2311,m2311,3501.0,0.0,0.0,0.0,100,3500.0,3501.0,2,3530.0,3529.0,3529.0,3498.0,2972.0,104396500.0,168783
2023-05-09 21:06:00,m2311,m2311,3500.0,2.0,70010.0,0.0,106,3500.0,3501.0,1,3530.0,3529.0,3529.0,3498.0,2974.0,104466510.0,168783
2023-05-09 21:06:01,m2311,m2311,3500.0,0.0,0.0,0.0,89,3500.0,3501.0,1,3530.0,3529.0,3529.0,3498.0,2974.0,104466510.0,168783
2023-05-09 21:06:01,m2311,m2311,3501.0,1.0,35010.0,0.0,79,3500.0,3502.0,123,3530.0,3529.0,3529.0,3498.0,2975.0,104501520.0,168783
2023-05-09 21:06:02,m2311,m2311,3501.0,0.0,0.0,0.0,69,3500.0,3502.0,123,3530.0,3529.0,3529.0,3498.0,2975.0,104501520.0,168783
2023-05-09 21:06:02,m2311,m2311,3501.0,0.0,0.0,0.0,68,3500.0,3501.0,2,3530.0,3529.0,3529.0,3498.0,2975.0,104501520.0,168783
2023-05-09 21:06:03,m2311,m2311,3501.0,0.0,0.0,0.0,68,3500.0,3502.0,124,3530.0,3529.0,3529.0,3498.0,2975.0,104501520.0,168783
2023-05-09 21:06:03,m2311,m2311,3501.0,0.0,0.0,0.0,68,3500.0,3502.0,114,3530.0,3529.0,3529.0,3498.0,2975.0,104501520.0,168783
2023-05-09 21:06:04,m2311,m2311,3501.0,0.0,0.0,0.0,80,3500.0,3502.0,124,3530.0,3529.0,3529.0,3498.0,2975.0,104501520.0,168783
2023-05-09 21:06:04,m2311,m2311,3501.0,0.0,0.0,0.0,90,3500.0,3502.0,124,3530.0,3529.0,3529.0,3498.0,2975.0,104501520.0,168783
2023-05-09 21:06:05,m2311,m2311,3501.0,0.0,0.0,0.0,2,3501.0,3502.0,94,3530.0,3529.0,3529.0,3498.0,2975.0,104501520.0,168783
2023-05-09 21:06:05,m2311,m2311,3501.0,3.0,105030.0,2.0,28,3501.0,3502.0,24,3530.0,3529.0,3529.0,3498.0,2978.0,104606550.0,168785
2023-05-09 21:06:06,m2311,m2311,3501.0,0.0,0.0,0.0,8,3501.0,3503.0,104,3530.0,3529.0,3529.0,3498.0,2978.0,104606550.0,168785
2023-05-09 21:06:06,m2311,m2311,3501.0,2.0,70020.0,0.0,165,3500.0,3502.0,6,3530.0,3529.0,3529.0,3498.0,2980.0,104676570.0,168785
2023-05-09 21:06:07,m2311,m2311,3501.0,0.0,0.0,0.0,143,3500.0,3502.0,7,3530.0,3529.0,3529.0,3498.0,2980.0,104676570.0,168785
2023-05-09 21:06:07,m2311,m2311,3501.0,0.0,0.0,0.0,146,3500.0,3502.0,7,3530.0,3529.0,3529.0,3498.0,2980.0,104676570.0,168785
2023-05-09 21:06:08,m2311,m2311,3502.0,45.0,1575900.0,-29.0,175,3502.0,3503.0,97,3530.0,3529.0,3529.0,3498.0,3025.0,106252470.0,168756
2023-05-09 21:06:08,m2311,m2311,3502.0,20.0,700400.0,0.0,165,3502.0,3503.0,35,3530.0,3529.0,3529.0,3498.0,3045.0,106952870.0,168756
2023-05-09 21:06:09,m2311,m2311,3502.0,1.0,35020.0,0.0,164,3502.0,3503.0,17,3530.0,3529.0,3529.0,3498.0,3046.0,106987890.0,168756
2023-05-09 21:06:09,m2311,m2311,3502.0,3.0,105060.0,0.0,161,3502.0,3503.0,5,3530.0,3529.0,3529.0,3498.0,3049.0,107092950.0,168756
2023-05-09 21:06:10,m2311,m2311,3502.0,16.0,560320.0,0.0,157,3502.0,3503.0,5,3530.0,3529.0,3529.0,3498.0,3065.0,107653270.0,168756
2023-05-09 21:06:10,m2311,m2311,3503.0,7.0,245200.0,6.0,178,3502.0,3503.0,1,3530.0,3529.0,3529.0,3498.0,3072.0,107898470.0,168762
2023-05-09 21:06:11,m2311,m2311,3502.0,7.0,245170.0,2.0,184,3502.0,3503.0,4,3530.0,3529.0,3529.0,3498.0,3079.0,108143640.0,168764
2023-05-09 21:06:11,m2311,m2311,3502.0,1.0,35020.0,0.0,183,3502.0,3503.0,5,3530.0,3529.0,3529.0,3498.0,3080.0,108178660.0,168764
2023-05-09 21:06:12,m2311,m2311,3502.0,3.0,105060.0,0.0,178,3502.0,3503.0,5,3530.0,3529.0,3529.0,3498.0,3083.0,108283720.0,168764
2023-05-09 21:06:12,m2311,m2311,3502.0,3.0,105060.0,0.0,175,3502.0,3503.0,5,3530.0,3529.0,3529.0,3498.0,3086.0,108388780.0,168764
2023-05-09 21:06:13,m2311,m2311,3502.0,3.0,105060.0,0.0,172,3502.0,3503.0,5,3530.0,3529.0,3529.0,3498.0,3089.0,108493840.0,168764
2023-05-09 21:06:13,m2311,m2311,3502.0,5.0,175100.0,0.0,167,3502.0,3503.0,5,3530.0,3529.0,3529.0,3498.0,3094.0,108668940.0,168764
2023-05-09 21:06:14,m2311,m2311,3502.0,1.0,35020.0,0.0,166,3502.0,3503.0,5,3530.0,3529.0,3529.0,3498.0,3095.0,108703960.0,168764
2023-05-09 21:06:14,m2311,m2311,3502.0,1.0,35020.0,0.0,165,3502.0,3503.0,5,3530.0,3529.0,3529.0,3498.0,3096.0,108738980.0,168764
2023-05-09 21:06:15,m2311,m2311,3502.0,2.0,70040.0,0.0,163,3502.0,3503.0,5,3530.0,3529.0,3529.0,3498.0,3098.0,108809020.0,168764
2023-05-09 21:06:16,m2311,m2311,3502.0,2.0,70040.0,0.0,161,3502.0,3503.0,5,3530.0,3529.0,3529.0,3498.0,3100.0,108879060.0,168764
2023-05-09 21:06:17,m2311,m2311,3502.0,1.0,35020.0,0.0,160,3502.0,3503.0,5,3530.0,3529.0,3529.0,3498.0,3101.0,108914080.0,168764
2023-05-09 21:06:18,m2311,m2311,3502.0,1.0,35020.0,0.0,159,3502.0,3503.0,5,3530.0,3529.0,3529.0,3498.0,3102.0,108949100.0,168764
2023-05-09 21:06:19,m2311,m2311,3502.0,0.0,0.0,0.0,149,3502.0,3503.0,5,3530.0,3529.0,3529.0,3498.0,3102.0,108949100.0,168764
2023-05-09 21:06:19,m2311,m2311,3502.0,0.0,0.0,0.0,159,3502.0,3503.0,5,3530.0,3529.0,3529.0,3498.0,3102.0,108949100.0,168764
2023-05-09 21:06:20,m2311,m2311,3502.0,1.0,35020.0,0.0,158,3502.0,3503.0,5,3530.0,3529.0,3529.0,3498.0,3103.0,108984120.0,168764
2023-05-09 21:06:22,m2311,m2311,3502.0,2.0,70040.0,0.0,156,3502.0,3503.0,5,3530.0,3529.0,3529.0,3498.0,3105.0,109054160.0,168764
2023-05-09 21:06:24,m2311,m2311,3502.0,0.0,0.0,0.0,146,3502.0,3503.0,5,3530.0,3529.0,3529.0,3498.0,3105.0,109054160.0,168764
2023-05-09 21:06:25,m2311,m2311,3502.0,1.0,35020.0,0.0,155,3502.0,3503.0,5,3530.0,3529.0,3529.0,3498.0,3106.0,109089180.0,168764
2023-05-09 21:06:25,m2311,m2311,3502.0,0.0,0.0,0.0,145,3502.0,3503.0,8,3530.0,3529.0,3529.0,3498.0,3106.0,109089180.0,168764
2023-05-09 21:06:26,m2311,m2311,3502.0,0.0,0.0,0.0,135,3502.0,3503.0,8,3530.0,3529.0,3529.0,3498.0,3106.0,109089180.0,168764
2023-05-09 21:06:28,m2311,m2311,3502.0,0.0,0.0,0.0,145,3502.0,3503.0,8,3530.0,3529.0,3529.0,3498.0,3106.0,109089180.0,168764
2023-05-09 21:06:29,m2311,m2311,3502.0,0.0,0.0,0.0,135,3502.0,3503.0,8,3530.0,3529.0,3529.0,3498.0,3106.0,109089180.0,168764
2023-05-09 21:06:30,m2311,m2311,3501.0,139.0,4867740.0,-44.0,71,3501.0,3502.0,13,3530.0,3529.0,3529.0,3498.0,3245.0,113956920.0,168720
2023-05-09 21:06:30,m2311,m2311,3500.0,31.0,1085300.0,21.0,78,3500.0,3502.0,18,3530.0,3529.0,3529.0,3498.0,3276.0,115042220.0,168741
2023-05-09 21:06:31,m2311,m2311,3500.0,0.0,0.0,0.0,80,3500.0,3501.0,2,3530.0,3529.0,3529.0,3498.0,3276.0,115042220.0,168741
2023-05-09 21:06:31,m2311,m2311,3500.0,0.0,0.0,0.0,81,3500.0,3501.0,2,3530.0,3529.0,3529.0,3498.0,3276.0,115042220.0,168741
2023-05-09 21:06:32,m2311,m2311,3502.0,32.0,1120620.0,7.0,2,3501.0,3502.0,11,3530.0,3529.0,3529.0,3498.0,3308.0,116162840.0,168748
2023-05-09 21:06:32,m2311,m2311,3500.0,5.0,175020.0,2.0,107,3500.0,3502.0,14,3530.0,3529.0,3529.0,3498.0,3313.0,116337860.0,168750
2023-05-09 21:06:33,m2311,m2311,3500.0,2.0,70010.0,0.0,47,3500.0,3501.0,5,3530.0,3529.0,3529.0,3498.0,3315.0,116407870.0,168750
2023-05-09 21:06:33,m2311,m2311,3500.0,0.0,0.0,0.0,15,3500.0,3501.0,6,3530.0,3529.0,3529.0,3498.0,3315.0,116407870.0,168750
2023-05-09 21:06:34,m2311,m2311,3500.0,0.0,0.0,0.0,1,3500.0,3501.0,8,3530.0,3529.0,3529.0,3498.0,3315.0,116407870.0,168750
2023-05-09 21:06:34,m2311,m2311,3500.0,0.0,0.0,0.0,1,3500.0,3501.0,18,3530.0,3529.0,3529.0,3498.0,3315.0,116407870.0,168750
2023-05-09 21:06:35,m2311,m2311,3500.0,0.0,0.0,0.0,1,3500.0,3501.0,28,3530.0,3529.0,3529.0,3498.0,3315.0,116407870.0,168750
2023-05-09 21:06:35,m2311,m2311,3500.0,0.0,0.0,0.0,1,3500.0,3501.0,18,3530.0,3529.0,3529.0,3498.0,3315.0,116407870.0,168750
2023-05-09 21:06:36,m2311,m2311,3500.0,0.0,0.0,0.0,1,3500.0,3501.0,28,3530.0,3529.0,3529.0,3498.0,3315.0,116407870.0,168750
2023-05-09 21:06:37,m2311,m2311,3501.0,1.0,35010.0,-1.0,3,3500.0,3501.0,27,3530.0,3529.0,3529.0,3498.0,3316.0,116442880.0,168749
2023-05-09 21:06:38,m2311,m2311,3500.0,1.0,35000.0,1.0,2,3500.0,3501.0,37,3530.0,3529.0,3529.0,3498.0,3317.0,116477880.0,168750
2023-05-09 21:06:38,m2311,m2311,3500.0,0.0,0.0,0.0,2,3500.0,3501.0,27,3530.0,3529.0,3529.0,3498.0,3317.0,116477880.0,168750
2023-05-09 21:06:39,m2311,m2311,3500.0,0.0,0.0,0.0,2,3500.0,3501.0,37,3530.0,3529.0,3529.0,3498.0,3317.0,116477880.0,168750
2023-05-09 21:06:42,m2311,m2311,3500.0,9.0,315070.0,8.0,118,3499.0,3501.0,35,3530.0,3529.0,3529.0,3498.0,3326.0,116792950.0,168758
2023-05-09 21:06:42,m2311,m2311,3500.0,2.0,70000.0,-2.0,2,3500.0,3501.0,35,3530.0,3529.0,3529.0,3498.0,3328.0,116862950.0,168756
2023-05-09 21:06:43,m2311,m2311,3500.0,0.0,0.0,0.0,2,3500.0,3501.0,36,3530.0,3529.0,3529.0,3498.0,3328.0,116862950.0,168756
2023-05-09 21:06:44,m2311,m2311,3501.0,4.0,140040.0,0.0,2,3500.0,3501.0,32,3530.0,3529.0,3529.0,3498.0,3332.0,117002990.0,168756
2023-05-09 21:06:45,m2311,m2311,3500.0,1.0,35000.0,1.0,8,3500.0,3501.0,32,3530.0,3529.0,3529.0,3498.0,3333.0,117037990.0,168757
2023-05-09 21:06:46,m2311,m2311,3501.0,8.0,280080.0,-6.0,8,3500.0,3501.0,16,3530.0,3529.0,3529.0,3498.0,3341.0,117318070.0,168751
2023-05-09 21:06:47,m2311,m2311,3501.0,0.0,0.0,0.0,10,3500.0,3501.0,16,3530.0,3529.0,3529.0,3498.0,3341.0,117318070.0,168751
2023-05-09 21:06:48,m2311,m2311,3500.0,1.0,35000.0,1.0,7,3500.0,3501.0,16,3530.0,3529.0,3529.0,3498.0,3342.0,117353070.0,168752
2023-05-09 21:06:49,m2311,m2311,3500.0,0.0,0.0,0.0,9,3500.0,3501.0,16,3530.0,3529.0,3529.0,3498.0,3342.0,117353070.0,168752
2023-05-09 21:06:49,m2311,m2311,3500.0,0.0,0.0,0.0,7,3500.0,3501.0,16,3530.0,3529.0,3529.0,3498.0,3342.0,117353070.0,168752
2023-05-09 21:06:50,m2311,m2311,3500.0,0.0,0.0,0.0,19,3500.0,3501.0,6,3530.0,3529.0,3529.0,3498.0,3342.0,117353070.0,168752
2023-05-09 21:06:50,m2311,m2311,3500.0,1.0,35000.0,0.0,18,3500.0,3501.0,6,3530.0,3529.0,3529.0,3498.0,3343.0,117388070.0,168752
2023-05-09 21:06:54,m2311,m2311,3500.0,0.0,0.0,0.0,136,3499.0,3501.0,26,3530.0,3529.0,3529.0,3498.0,3343.0,117388070.0,168752
2023-05-09 21:06:55,m2311,m2311,3500.0,2.0,70000.0,-1.0,2,3500.0,3501.0,25,3530.0,3529.0,3529.0,3498.0,3345.0,117458070.0,168751
2023-05-09 21:06:55,m2311,m2311,3500.0,0.0,0.0,0.0,12,3500.0,3501.0,6,3530.0,3529.0,3529.0,3498.0,3345.0,117458070.0,168751
2023-05-09 21:06:55,m2311,m2311,3500.0,0.0,0.0,0.0,14,3500.0,3501.0,6,3530.0,3529.0,3529.0,3498.0,3345.0,117458070.0,168751
2023-05-09 21:06:56,m2311,m2311,3500.0,0.0,0.0,0.0,4,3500.0,3501.0,6,3530.0,3529.0,3529.0,3498.0,3345.0,117458070.0,168751
2023-05-09 21:06:58,m2311,m2311,3500.0,0.0,0.0,0.0,2,3500.0,3501.0,6,3530.0,3529.0,3529.0,3498.0,3345.0,117458070.0,168751
2023-05-09 21:06:59,m2311,m2311,3500.0,0.0,0.0,0.0,2,3500.0,3501.0,16,3530.0,3529.0,3529.0,3498.0,3345.0,117458070.0,168751
2023-05-09 21:07:02,m2311,m2311,3500.0,2.0,70000.0,0.0,112,3499.0,3500.0,2,3530.0,3529.0,3529.0,3498.0,3347.0,117528070.0,168751
2023-05-09 21:07:02,m2311,m2311,3501.0,19.0,665170.0,-13.0,4,3500.0,3501.0,10,3530.0,3529.0,3529.0,3498.0,3366.0,118193240.0,168738
2023-05-09 21:07:03,m2311,m2311,3501.0,0.0,0.0,0.0,2,3500.0,3501.0,24,3530.0,3529.0,3529.0,3498.0,3366.0,118193240.0,168738
2023-05-09 21:07:03,m2311,m2311,3500.0,2.0,70000.0,0.0,132,3499.0,3500.0,3,3530.0,3529.0,3529.0,3498.0,3368.0,118263240.0,168738
2023-05-09 21:07:04,m2311,m2311,3500.0,5.0,175000.0,0.0,112,3499.0,3500.0,2,3530.0,3529.0,3529.0,3498.0,3373.0,118438240.0,168738
2023-05-09 21:07:04,m2311,m2311,3500.0,0.0,0.0,0.0,102,3499.0,3500.0,3,3530.0,3529.0,3529.0,3498.0,3373.0,118438240.0,168738
2023-05-09 21:07:05,m2311,m2311,3499.0,92.0,3219080.0,-40.0,90,3498.0,3499.0,30,3530.0,3529.0,3529.0,3498.0,3465.0,121657320.0,168698
2023-05-09 21:07:06,m2311,m2311,3499.0,8.0,279920.0,4.0,34,3498.0,3499.0,32,3530.0,3529.0,3529.0,3498.0,3473.0,121937240.0,168702
2023-05-09 21:07:06,m2311,m2311,3499.0,37.0,1294630.0,-10.0,10,3499.0,3500.0,84,3530.0,3529.0,3529.0,3498.0,3510.0,123231870.0,168692
2023-05-09 21:07:07,m2311,m2311,3499.0,3.0,104970.0,0.0,74,3498.0,3500.0,64,3530.0,3529.0,3529.0,3498.0,3513.0,123336840.0,168692
2023-05-09 21:07:07,m2311,m2311,3499.0,2.0,69980.0,0.0,106,3498.0,3500.0,35,3530.0,3529.0,3529.0,3498.0,3515.0,123406820.0,168692
2023-05-09 21:07:08,m2311,m2311,3499.0,0.0,0.0,0.0,142,3498.0,3500.0,35,3530.0,3529.0,3529.0,3498.0,3515.0,123406820.0,168692
2023-05-09 21:07:08,m2311,m2311,3499.0,0.0,0.0,0.0,142,3498.0,3500.0,45,3530.0,3529.0,3529.0,3498.0,3515.0,123406820.0,168692
2023-05-09 21:07:10,m2311,m2311,3499.0,0.0,0.0,0.0,152,3498.0,3500.0,35,3530.0,3529.0,3529.0,3498.0,3515.0,123406820.0,168692
2023-05-09 21:07:11,m2311,m2311,3499.0,0.0,0.0,0.0,162,3498.0,3500.0,45,3530.0,3529.0,3529.0,3498.0,3515.0,123406820.0,168692
2023-05-09 21:07:13,m2311,m2311,3499.0,0.0,0.0,0.0,5,3499.0,3500.0,45,3530.0,3529.0,3529.0,3498.0,3515.0,123406820.0,168692
2023-05-09 21:07:13,m2311,m2311,3499.0,0.0,0.0,0.0,5,3499.0,3500.0,47,3530.0,3529.0,3529.0,3498.0,3515.0,123406820.0,168692
2023-05-09 21:07:15,m2311,m2311,3500.0,1.0,35000.0,-1.0,5,3499.0,3500.0,46,3530.0,3529.0,3529.0,3498.0,3516.0,123441820.0,168691
2023-05-09 21:07:20,m2311,m2311,3499.0,5.0,174950.0,5.0,164,3498.0,3500.0,46,3530.0,3529.0,3529.0,3498.0,3521.0,123616770.0,168696
2023-05-09 21:07:21,m2311,m2311,3498.0,5.0,174900.0,1.0,159,3498.0,3500.0,46,3530.0,3529.0,3529.0,3498.0,3526.0,123791670.0,168697
2023-05-09 21:07:21,m2311,m2311,3498.0,0.0,0.0,0.0,149,3498.0,3500.0,46,3530.0,3529.0,3529.0,3498.0,3526.0,123791670.0,168697
2023-05-09 21:07:23,m2311,m2311,3498.0,0.0,0.0,0.0,149,3498.0,3500.0,48,3530.0,3529.0,3529.0,3498.0,3526.0,123791670.0,168697
2023-05-09 21:07:23,m2311,m2311,3498.0,0.0,0.0,0.0,149,3498.0,3500.0,36,3530.0,3529.0,3529.0,3498.0,3526.0,123791670.0,168697
2023-05-09 21:07:25,m2311,m2311,3498.0,0.0,0.0,0.0,149,3498.0,3500.0,46,3530.0,3529.0,3529.0,3498.0,3526.0,123791670.0,168697
2023-05-09 21:07:29,m2311,m2311,3498.0,0.0,0.0,0.0,149,3498.0,3500.0,48,3530.0,3529.0,3529.0,3498.0,3526.0,123791670.0,168697
2023-05-09 21:07:30,m2311,m2311,3498.0,0.0,0.0,0.0,149,3498.0,3500.0,34,3530.0,3529.0,3529.0,3498.0,3526.0,123791670.0,168697
2023-05-09 21:07:36,m2311,m2311,3498.0,0.0,0.0,0.0,149,3498.0,3500.0,35,3530.0,3529.0,3529.0,3498.0,3526.0,123791670.0,168697
2023-05-09 21:07:42,m2311,m2311,3500.0,28.0,980000.0,-12.0,163,3498.0,3501.0,146,3530.0,3529.0,3529.0,3498.0,3554.0,124771670.0,168685
2023-05-09 21:07:43,m2311,m2311,3501.0,10.0,350080.0,-5.0,36,3499.0,3501.0,32,3530.0,3529.0,3529.0,3498.0,3564.0,125121750.0,168680
2023-05-09 21:07:43,m2311,m2311,3500.0,2.0,70000.0,0.0,38,3499.0,3501.0,31,3530.0,3529.0,3529.0,3498.0,3566.0,125191750.0,168680
2023-05-09 21:07:44,m2311,m2311,3500.0,0.0,0.0,0.0,58,3499.0,3501.0,43,3530.0,3529.0,3529.0,3498.0,3566.0,125191750.0,168680
2023-05-09 21:07:45,m2311,m2311,3500.0,0.0,0.0,0.0,68,3499.0,3501.0,43,3530.0,3529.0,3529.0,3498.0,3566.0,125191750.0,168680
2023-05-09 21:07:45,m2311,m2311,3500.0,0.0,0.0,0.0,88,3499.0,3501.0,43,3530.0,3529.0,3529.0,3498.0,3566.0,125191750.0,168680
2023-05-09 21:07:46,m2311,m2311,3500.0,0.0,0.0,0.0,108,3499.0,3501.0,33,3530.0,3529.0,3529.0,3498.0,3566.0,125191750.0,168680
2023-05-09 21:07:46,m2311,m2311,3500.0,0.0,0.0,0.0,118,3499.0,3501.0,21,3530.0,3529.0,3529.0,3498.0,3566.0,125191750.0,168680
2023-05-09 21:07:47,m2311,m2311,3501.0,11.0,385110.0,11.0,26,3500.0,3501.0,6,3530.0,3529.0,3529.0,3498.0,3577.0,125576860.0,168691
2023-05-09 21:07:47,m2311,m2311,3501.0,0.0,0.0,0.0,42,3500.0,3502.0,119,3530.0,3529.0,3529.0,3498.0,3577.0,125576860.0,168691
2023-05-09 21:07:47,m2311,m2311,3501.0,0.0,0.0,0.0,47,3500.0,3502.0,119,3530.0,3529.0,3529.0,3498.0,3577.0,125576860.0,168691
2023-05-09 21:07:48,m2311,m2311,3501.0,0.0,0.0,0.0,59,3500.0,3502.0,130,3530.0,3529.0,3529.0,3498.0,3577.0,125576860.0,168691
2023-05-09 21:07:49,m2311,m2311,3501.0,0.0,0.0,0.0,73,3500.0,3502.0,130,3530.0,3529.0,3529.0,3498.0,3577.0,125576860.0,168691
2023-05-09 21:07:49,m2311,m2311,3501.0,0.0,0.0,0.0,103,3500.0,3502.0,128,3530.0,3529.0,3529.0,3498.0,3577.0,125576860.0,168691
2023-05-09 21:07:49,m2311,m2311,3501.0,0.0,0.0,0.0,123,3500.0,3502.0,128,3530.0,3529.0,3529.0,3498.0,3577.0,125576860.0,168691
2023-05-09 21:07:50,m2311,m2311,3501.0,0.0,0.0,0.0,123,3500.0,3502.0,126,3530.0,3529.0,3529.0,3498.0,3577.0,125576860.0,168691
2023-05-09 21:07:51,m2311,m2311,3500.0,18.0,630000.0,12.0,101,3500.0,3502.0,120,3530.0,3529.0,3529.0,3498.0,3595.0,126206860.0,168703
2023-05-09 21:07:51,m2311,m2311,3500.0,3.0,105000.0,0.0,48,3500.0,3501.0,12,3530.0,3529.0,3529.0,3498.0,3598.0,126311860.0,168703
2023-05-09 21:07:52,m2311,m2311,3500.0,0.0,0.0,0.0,28,3500.0,3501.0,2,3530.0,3529.0,3529.0,3498.0,3598.0,126311860.0,168703
2023-05-09 21:07:52,m2311,m2311,3500.0,0.0,0.0,0.0,44,3500.0,3501.0,2,3530.0,3529.0,3529.0,3498.0,3598.0,126311860.0,168703
2023-05-09 21:07:53,m2311,m2311,3500.0,0.0,0.0,0.0,46,3500.0,3501.0,2,3530.0,3529.0,3529.0,3498.0,3598.0,126311860.0,168703
2023-05-09 21:07:55,m2311,m2311,3501.0,2.0,70020.0,0.0,66,3500.0,3502.0,127,3530.0,3529.0,3529.0,3498.0,3600.0,126381880.0,168703
2023-05-09 21:07:55,m2311,m2311,3501.0,11.0,385110.0,10.0,108,3500.0,3502.0,87,3530.0,3529.0,3529.0,3498.0,3611.0,126766990.0,168713
2023-05-09 21:07:56,m2311,m2311,3501.0,0.0,0.0,0.0,129,3500.0,3501.0,10,3530.0,3529.0,3529.0,3498.0,3611.0,126766990.0,168713
2023-05-09 21:07:56,m2311,m2311,3501.0,10.0,350100.0,0.0,132,3500.0,3502.0,57,3530.0,3529.0,3529.0,3498.0,3621.0,127117090.0,168713
2023-05-09 21:07:57,m2311,m2311,3501.0,0.0,0.0,0.0,162,3500.0,3502.0,27,3530.0,3529.0,3529.0,3498.0,3621.0,127117090.0,168713
2023-05-09 21:07:57,m2311,m2311,3501.0,0.0,0.0,0.0,2,3501.0,3502.0,17,3530.0,3529.0,3529.0,3498.0,3621.0,127117090.0,168713
2023-05-09 21:07:58,m2311,m2311,3501.0,0.0,0.0,0.0,4,3501.0,3502.0,17,3530.0,3529.0,3529.0,3498.0,3621.0,127117090.0,168713
2023-05-09 21:07:58,m2311,m2311,3501.0,0.0,0.0,0.0,4,3501.0,3502.0,27,3530.0,3529.0,3529.0,3498.0,3621.0,127117090.0,168713
2023-05-09 21:07:59,m2311,m2311,3501.0,0.0,0.0,0.0,4,3501.0,3502.0,37,3530.0,3529.0,3529.0,3498.0,3621.0,127117090.0,168713
2023-05-09 21:08:00,m2311,m2311,3501.0,0.0,0.0,0.0,164,3501.0,3502.0,37,3530.0,3529.0,3529.0,3498.0,3621.0,127117090.0,168713
2023-05-09 21:08:00,m2311,m2311,3500.0,192.0,6721840.0,169.0,131,3500.0,3501.0,10,3530.0,3529.0,3529.0,3498.0,3813.0,133838930.0,168882
2023-05-09 21:08:01,m2311,m2311,3501.0,10.0,350100.0,-10.0,122,3500.0,3502.0,53,3530.0,3529.0,3529.0,3498.0,3823.0,134189030.0,168872
2023-05-09 21:08:01,m2311,m2311,3501.0,0.0,0.0,0.0,1,3501.0,3502.0,13,3530.0,3529.0,3529.0,3498.0,3823.0,134189030.0,168872
2023-05-09 21:08:02,m2311,m2311,3501.0,0.0,0.0,0.0,1,3501.0,3502.0,23,3530.0,3529.0,3529.0,3498.0,3823.0,134189030.0,168872
2023-05-09 21:08:02,m2311,m2311,3501.0,0.0,0.0,0.0,1,3501.0,3502.0,13,3530.0,3529.0,3529.0,3498.0,3823.0,134189030.0,168872
2023-05-09 21:08:02,m2311,m2311,3501.0,0.0,0.0,0.0,1,3501.0,3502.0,23,3530.0,3529.0,3529.0,3498.0,3823.0,134189030.0,168872
2023-05-09 21:08:03,m2311,m2311,3501.0,0.0,0.0,0.0,1,3501.0,3502.0,13,3530.0,3529.0,3529.0,3498.0,3823.0,134189030.0,168872
2023-05-09 21:08:09,m2311,m2311,3501.0,0.0,0.0,0.0,1,3501.0,3502.0,25,3530.0,3529.0,3529.0,3498.0,3823.0,134189030.0,168872
2023-05-09 21:08:09,m2311,m2311,3501.0,4.0,140040.0,-1.0,4,3501.0,3502.0,66,3530.0,3529.0,3529.0,3498.0,3827.0,134329070.0,168871
2023-05-09 21:08:10,m2311,m2311,3500.0,5.0,175040.0,0.0,122,3500.0,3502.0,48,3530.0,3529.0,3529.0,3498.0,3832.0,134504110.0,168871
2023-05-09 21:08:10,m2311,m2311,3500.0,0.0,0.0,0.0,152,3500.0,3502.0,38,3530.0,3529.0,3529.0,3498.0,3832.0,134504110.0,168871
2023-05-09 21:08:11,m2311,m2311,3500.0,0.0,0.0,0.0,162,3500.0,3502.0,38,3530.0,3529.0,3529.0,3498.0,3832.0,134504110.0,168871
2023-05-09 21:08:11,m2311,m2311,3499.0,199.0,6964820.0,-34.0,2,3499.0,3500.0,9,3530.0,3529.0,3529.0,3498.0,4031.0,141468930.0,168837
2023-05-09 21:08:12,m2311,m2311,3499.0,8.0,279920.0,0.0,44,3498.0,3499.0,10,3530.0,3529.0,3529.0,3498.0,4039.0,141748850.0,168837
2023-05-09 21:08:12,m2311,m2311,3499.0,10.0,349900.0,-10.0,51,3498.0,3499.0,2,3530.0,3529.0,3529.0,3498.0,4049.0,142098750.0,168827
2023-05-09 21:08:13,m2311,m2311,3499.0,13.0,454870.0,-9.0,53,3498.0,3499.0,2,3530.0,3529.0,3529.0,3498.0,4062.0,142553620.0,168818
2023-05-09 21:08:13,m2311,m2311,3499.0,6.0,209940.0,0.0,61,3498.0,3500.0,52,3530.0,3529.0,3529.0,3498.0,4068.0,142763560.0,168818
2023-05-09 21:08:14,m2311,m2311,3499.0,2.0,69980.0,2.0,93,3498.0,3500.0,52,3530.0,3529.0,3529.0,3498.0,4070.0,142833540.0,168820
2023-05-09 21:08:14,m2311,m2311,3499.0,0.0,0.0,0.0,135,3498.0,3500.0,22,3530.0,3529.0,3529.0,3498.0,4070.0,142833540.0,168820
2023-05-09 21:08:15,m2311,m2311,3499.0,0.0,0.0,0.0,2,3499.0,3500.0,22,3530.0,3529.0,3529.0,3498.0,4070.0,142833540.0,168820
2023-05-09 21:08:15,m2311,m2311,3499.0,0.0,0.0,0.0,2,3499.0,3500.0,32,3530.0,3529.0,3529.0,3498.0,4070.0,142833540.0,168820
2023-05-09 21:08:17,m2311,m2311,3500.0,4.0,140000.0,-2.0,2,3499.0,3500.0,18,3530.0,3529.0,3529.0,3498.0,4074.0,142973540.0,168818
2023-05-09 21:08:17,m2311,m2311,3500.0,0.0,0.0,0.0,2,3499.0,3500.0,28,3530.0,3529.0,3529.0,3498.0,4074.0,142973540.0,168818
2023-05-09 21:08:18,m2311,m2311,3500.0,16.0,559990.0,5.0,1,3499.0,3500.0,25,3530.0,3529.0,3529.0,3498.0,4090.0,143533530.0,168823
2023-05-09 21:08:18,m2311,m2311,3500.0,0.0,0.0,0.0,3,3499.0,3500.0,32,3530.0,3529.0,3529.0,3498.0,4090.0,143533530.0,168823
2023-05-09 21:08:19,m2311,m2311,3500.0,0.0,0.0,0.0,1,3499.0,3500.0,32,3530.0,3529.0,3529.0,3498.0,4090.0,143533530.0,168823
2023-05-09 21:08:19,m2311,m2311,3500.0,0.0,0.0,0.0,1,3499.0,3500.0,42,3530.0,3529.0,3529.0,3498.0,4090.0,143533530.0,168823
2023-05-09 21:08:20,m2311,m2311,3498.0,10.0,349810.0,5.0,116,3498.0,3500.0,42,3530.0,3529.0,3529.0,3498.0,4100.0,143883340.0,168828
2023-05-09 21:08:20,m2311,m2311,3498.0,16.0,559680.0,0.0,121,3498.0,3500.0,43,3530.0,3529.0,3529.0,3498.0,4116.0,144443020.0,168828
2023-05-09 21:08:21,m2311,m2311,3498.0,0.0,0.0,0.0,131,3498.0,3500.0,43,3530.0,3529.0,3529.0,3498.0,4116.0,144443020.0,168828
2023-05-09 21:08:21,m2311,m2311,3498.0,0.0,0.0,0.0,129,3498.0,3500.0,45,3530.0,3529.0,3529.0,3498.0,4116.0,144443020.0,168828
2023-05-09 21:08:22,m2311,m2311,3498.0,0.0,0.0,0.0,131,3498.0,3500.0,45,3530.0,3529.0,3529.0,3498.0,4116.0,144443020.0,168828
2023-05-09 21:08:22,m2311,m2311,3498.0,0.0,0.0,0.0,131,3498.0,3500.0,43,3530.0,3529.0,3529.0,3498.0,4116.0,144443020.0,168828
2023-05-09 21:08:23,m2311,m2311,3498.0,0.0,0.0,0.0,121,3498.0,3500.0,45,3530.0,3529.0,3529.0,3498.0,4116.0,144443020.0,168828
2023-05-09 21:08:24,m2311,m2311,3498.0,0.0,0.0,0.0,121,3498.0,3500.0,55,3530.0,3529.0,3529.0,3498.0,4116.0,144443020.0,168828
2023-05-09 21:08:24,m2311,m2311,3498.0,0.0,0.0,0.0,131,3498.0,3500.0,45,3530.0,3529.0,3529.0,3498.0,4116.0,144443020.0,168828
2023-05-09 21:08:26,m2311,m2311,3498.0,0.0,0.0,0.0,119,3498.0,3499.0,10,3530.0,3529.0,3529.0,3498.0,4116.0,144443020.0,168828
2023-05-09 21:08:26,m2311,m2311,3498.0,0.0,0.0,0.0,69,3498.0,3500.0,136,3530.0,3529.0,3529.0,3498.0,4116.0,144443020.0,168828
2023-05-09 21:08:27,m2311,m2311,3498.0,0.0,0.0,0.0,49,3498.0,3500.0,144,3530.0,3529.0,3529.0,3498.0,4116.0,144443020.0,168828
2023-05-09 21:08:27,m2311,m2311,3498.0,0.0,0.0,0.0,27,3498.0,3499.0,2,3530.0,3529.0,3529.0,3498.0,4116.0,144443020.0,168828
2023-05-09 21:08:28,m2311,m2311,3498.0,0.0,0.0,0.0,130,3497.0,3499.0,24,3530.0,3529.0,3529.0,3498.0,4116.0,144443020.0,168828
2023-05-09 21:08:29,m2311,m2311,3498.0,0.0,0.0,0.0,5,3498.0,3499.0,48,3530.0,3529.0,3529.0,3498.0,4116.0,144443020.0,168828
2023-05-09 21:08:29,m2311,m2311,3498.0,0.0,0.0,0.0,5,3498.0,3499.0,51,3530.0,3529.0,3529.0,3498.0,4116.0,144443020.0,168828
2023-05-09 21:08:30,m2311,m2311,3498.0,0.0,0.0,0.0,5,3498.0,3499.0,53,3530.0,3529.0,3529.0,3498.0,4116.0,144443020.0,168828
