time,symbol_id,symbol_name,last,trade_volume,trade_amount,open_interest_change,bv1,bp1,ap1,av1,yesterday_close,today_open,today_high,today_low,volume,amount,open_interest
2023-05-09 20:59:00,m2401,m2401,3430.0,76.0,2606800.0,66.0,7,3428.0,3430.0,47,3444.0,3430.0,3430.0,3430.0,76.0,2606800.0,278163
2023-05-09 21:00:00,m2401,m2401,3431.0,84.0,2881580.0,81.0,43,3431.0,3436.0,4,3444.0,3430.0,3433.0,3430.0,160.0,5488380.0,278244
2023-05-09 21:00:00,m2401,m2401,3434.0,18.0,617820.0,-10.0,31,3432.0,3434.0,52,3444.0,3430.0,3434.0,3430.0,178.0,6106200.0,278234
2023-05-09 21:00:01,m2401,m2401,3432.0,22.0,755430.0,-18.0,8,3433.0,3434.0,3,3444.0,3430.0,3434.0,3430.0,200.0,6861630.0,278216
2023-05-09 21:00:01,m2401,m2401,3433.0,12.0,412010.0,0.0,37,3432.0,3434.0,4,3444.0,3430.0,3434.0,3430.0,212.0,7273640.0,278216
2023-05-09 21:00:02,m2401,m2401,3434.0,35.0,1201340.0,-10.0,18,3433.0,3434.0,7,3444.0,3430.0,3434.0,3430.0,247.0,8474980.0,278206
2023-05-09 21:00:02,m2401,m2401,3434.0,1.0,34340.0,1.0,18,3433.0,3434.0,7,3444.0,3430.0,3434.0,3430.0,248.0,8509320.0,278207
2023-05-09 21:00:03,m2401,m2401,3433.0,2.0,68670.0,1.0,17,3433.0,3434.0,9,3444.0,3430.0,3434.0,3430.0,250.0,8577990.0,278208
2023-05-09 21:00:03,m2401,m2401,3433.0,11.0,377730.0,-5.0,19,3432.0,3434.0,4,3444.0,3430.0,3434.0,3430.0,261.0,8955720.0,278203
2023-05-09 21:00:04,m2401,m2401,3432.0,1.0,34320.0,-1.0,23,3432.0,3434.0,16,3444.0,3430.0,3434.0,3430.0,262.0,8990040.0,278202
2023-05-09 21:00:04,m2401,m2401,3432.0,9.0,308960.0,0.0,25,3432.0,3433.0,43,3444.0,3430.0,3434.0,3430.0,271.0,9299000.0,278202
2023-05-09 21:00:05,m2401,m2401,3433.0,6.0,205980.0,0.0,21,3432.0,3433.0,37,3444.0,3430.0,3434.0,3430.0,277.0,9504980.0,278202
2023-05-09 21:00:05,m2401,m2401,3432.0,1.0,34320.0,0.0,20,3432.0,3433.0,37,3444.0,3430.0,3434.0,3430.0,278.0,9539300.0,278202
2023-05-09 21:00:06,m2401,m2401,3432.0,41.0,1407210.0,22.0,83,3431.0,3432.0,18,3444.0,3430.0,3434.0,3430.0,319.0,10946510.0,278224
2023-05-09 21:00:06,m2401,m2401,3432.0,30.0,1029610.0,28.0,74,3431.0,3432.0,45,3444.0,3430.0,3434.0,3430.0,349.0,11976120.0,278252
2023-05-09 21:00:07,m2401,m2401,3432.0,3.0,102960.0,2.0,74,3431.0,3432.0,42,3444.0,3430.0,3434.0,3430.0,352.0,12079080.0,278254
2023-05-09 21:00:07,m2401,m2401,3432.0,22.0,755030.0,1.0,37,3431.0,3432.0,21,3444.0,3430.0,3434.0,3430.0,374.0,12834110.0,278255
2023-05-09 21:00:08,m2401,m2401,3432.0,7.0,240240.0,7.0,33,3431.0,3432.0,15,3444.0,3430.0,3434.0,3430.0,381.0,13074350.0,278262
2023-05-09 21:00:08,m2401,m2401,3432.0,0.0,0.0,0.0,32,3431.0,3432.0,15,3444.0,3430.0,3434.0,3430.0,381.0,13074350.0,278262
2023-05-09 21:00:09,m2401,m2401,3432.0,0.0,0.0,0.0,31,3431.0,3432.0,17,3444.0,3430.0,3434.0,3430.0,381.0,13074350.0,278262
2023-05-09 21:00:10,m2401,m2401,3432.0,1.0,34320.0,1.0,31,3431.0,3432.0,16,3444.0,3430.0,3434.0,3430.0,382.0,13108670.0,278263
2023-05-09 21:00:10,m2401,m2401,3432.0,1.0,34320.0,1.0,31,3431.0,3432.0,46,3444.0,3430.0,3434.0,3430.0,383.0,13142990.0,278264
2023-05-09 21:00:11,m2401,m2401,3431.0,31.0,1063610.0,25.0,27,3430.0,3432.0,54,3444.0,3430.0,3434.0,3430.0,414.0,14206600.0,278289
2023-05-09 21:00:11,m2401,m2401,3430.0,2.0,68600.0,1.0,7,3430.0,3431.0,6,3444.0,3430.0,3434.0,3430.0,416.0,14275200.0,278290
2023-05-09 21:00:12,m2401,m2401,3430.0,10.0,343000.0,5.0,20,3429.0,3430.0,8,3444.0,3430.0,3434.0,3430.0,426.0,14618200.0,278295
2023-05-09 21:00:12,m2401,m2401,3430.0,8.0,274410.0,-5.0,2,3430.0,3431.0,11,3444.0,3430.0,3434.0,3430.0,434.0,14892610.0,278290
2023-05-09 21:00:13,m2401,m2401,3431.0,1.0,34310.0,1.0,17,3430.0,3431.0,7,3444.0,3430.0,3434.0,3430.0,435.0,14926920.0,278291
2023-05-09 21:00:13,m2401,m2401,3432.0,8.0,274490.0,-6.0,17,3430.0,3432.0,50,3444.0,3430.0,3434.0,3430.0,443.0,15201410.0,278285
2023-05-09 21:00:14,m2401,m2401,3432.0,9.0,308880.0,-1.0,8,3431.0,3432.0,35,3444.0,3430.0,3434.0,3430.0,452.0,15510290.0,278284
2023-05-09 21:00:14,m2401,m2401,3432.0,0.0,0.0,0.0,17,3431.0,3432.0,35,3444.0,3430.0,3434.0,3430.0,452.0,15510290.0,278284
2023-05-09 21:00:15,m2401,m2401,3432.0,0.0,0.0,0.0,17,3431.0,3432.0,33,3444.0,3430.0,3434.0,3430.0,452.0,15510290.0,278284
2023-05-09 21:00:15,m2401,m2401,3433.0,35.0,1201220.0,-30.0,1,3432.0,3433.0,4,3444.0,3430.0,3434.0,3430.0,487.0,16711510.0,278254
2023-05-09 21:00:16,m2401,m2401,3434.0,6.0,206000.0,-3.0,27,3432.0,3434.0,20,3444.0,3430.0,3434.0,3430.0,493.0,16917510.0,278251
2023-05-09 21:00:16,m2401,m2401,3433.0,12.0,411970.0,-8.0,27,3432.0,3434.0,16,3444.0,3430.0,3434.0,3430.0,505.0,17329480.0,278243
2023-05-09 21:00:17,m2401,m2401,3433.0,0.0,0.0,0.0,26,3432.0,3434.0,21,3444.0,3430.0,3434.0,3430.0,505.0,17329480.0,278243
2023-05-09 21:00:18,m2401,m2401,3433.0,0.0,0.0,0.0,26,3432.0,3434.0,23,3444.0,3430.0,3434.0,3430.0,505.0,17329480.0,278243
2023-05-09 21:00:18,m2401,m2401,3433.0,0.0,0.0,0.0,58,3432.0,3434.0,24,3444.0,3430.0,3434.0,3430.0,505.0,17329480.0,278243
2023-05-09 21:00:19,m2401,m2401,3433.0,0.0,0.0,0.0,33,3432.0,3433.0,2,3444.0,3430.0,3434.0,3430.0,505.0,17329480.0,278243
2023-05-09 21:00:19,m2401,m2401,3433.0,2.0,68660.0,0.0,20,3432.0,3433.0,10,3444.0,3430.0,3434.0,3430.0,507.0,17398140.0,278243
2023-05-09 21:00:20,m2401,m2401,3433.0,10.0,343300.0,-7.0,23,3432.0,3434.0,35,3444.0,3430.0,3434.0,3430.0,517.0,17741440.0,278236
2023-05-09 21:00:20,m2401,m2401,3432.0,1.0,34320.0,0.0,24,3432.0,3434.0,36,3444.0,3430.0,3434.0,3430.0,518.0,17775760.0,278236
2023-05-09 21:00:21,m2401,m2401,3432.0,0.0,0.0,0.0,20,3432.0,3433.0,19,3444.0,3430.0,3434.0,3430.0,518.0,17775760.0,278236
2023-05-09 21:00:22,m2401,m2401,3432.0,0.0,0.0,0.0,20,3432.0,3433.0,20,3444.0,3430.0,3434.0,3430.0,518.0,17775760.0,278236
2023-05-09 21:00:22,m2401,m2401,3432.0,8.0,274560.0,-3.0,7,3432.0,3433.0,30,3444.0,3430.0,3434.0,3430.0,526.0,18050320.0,278233
2023-05-09 21:00:23,m2401,m2401,3432.0,7.0,240240.0,-6.0,50,3431.0,3433.0,30,3444.0,3430.0,3434.0,3430.0,533.0,18290560.0,278227
2023-05-09 21:00:23,m2401,m2401,3432.0,0.0,0.0,0.0,48,3431.0,3433.0,31,3444.0,3430.0,3434.0,3430.0,533.0,18290560.0,278227
2023-05-09 21:00:24,m2401,m2401,3433.0,1.0,34330.0,1.0,158,3431.0,3433.0,26,3444.0,3430.0,3434.0,3430.0,534.0,18324890.0,278228
2023-05-09 21:00:24,m2401,m2401,3433.0,5.0,171650.0,-3.0,13,3432.0,3433.0,12,3444.0,3430.0,3434.0,3430.0,539.0,18496540.0,278225
2023-05-09 21:00:25,m2401,m2401,3433.0,0.0,0.0,0.0,7,3432.0,3433.0,12,3444.0,3430.0,3434.0,3430.0,539.0,18496540.0,278225
2023-05-09 21:00:25,m2401,m2401,3433.0,0.0,0.0,0.0,1,3432.0,3433.0,15,3444.0,3430.0,3434.0,3430.0,539.0,18496540.0,278225
2023-05-09 21:00:26,m2401,m2401,3433.0,0.0,0.0,0.0,7,3432.0,3433.0,15,3444.0,3430.0,3434.0,3430.0,539.0,18496540.0,278225
2023-05-09 21:00:26,m2401,m2401,3433.0,0.0,0.0,0.0,1,3432.0,3433.0,19,3444.0,3430.0,3434.0,3430.0,539.0,18496540.0,278225
2023-05-09 21:00:27,m2401,m2401,3433.0,0.0,0.0,0.0,50,3431.0,3433.0,19,3444.0,3430.0,3434.0,3430.0,539.0,18496540.0,278225
2023-05-09 21:00:27,m2401,m2401,3433.0,15.0,514950.0,3.0,50,3431.0,3433.0,23,3444.0,3430.0,3434.0,3430.0,554.0,19011490.0,278228
2023-05-09 21:00:28,m2401,m2401,3433.0,0.0,0.0,0.0,50,3431.0,3433.0,27,3444.0,3430.0,3434.0,3430.0,554.0,19011490.0,278228
2023-05-09 21:00:28,m2401,m2401,3433.0,0.0,0.0,0.0,50,3431.0,3433.0,29,3444.0,3430.0,3434.0,3430.0,554.0,19011490.0,278228
2023-05-09 21:00:29,m2401,m2401,3433.0,0.0,0.0,0.0,52,3431.0,3433.0,29,3444.0,3430.0,3434.0,3430.0,554.0,19011490.0,278228
2023-05-09 21:00:29,m2401,m2401,3432.0,1.0,34320.0,0.0,51,3431.0,3432.0,11,3444.0,3430.0,3434.0,3430.0,555.0,19045810.0,278228
2023-05-09 21:00:30,m2401,m2401,3431.0,12.0,411770.0,0.0,34,3431.0,3432.0,9,3444.0,3430.0,3434.0,3430.0,567.0,19457580.0,278228
2023-05-09 21:00:30,m2401,m2401,3431.0,0.0,0.0,0.0,27,3431.0,3432.0,17,3444.0,3430.0,3434.0,3430.0,567.0,19457580.0,278228
2023-05-09 21:00:31,m2401,m2401,3431.0,29.0,994990.0,0.0,28,3430.0,3431.0,3,3444.0,3430.0,3434.0,3430.0,596.0,20452570.0,278228
2023-05-09 21:00:31,m2401,m2401,3431.0,21.0,720310.0,-1.0,28,3429.0,3431.0,18,3444.0,3430.0,3434.0,3430.0,617.0,21172880.0,278227
2023-05-09 21:00:32,m2401,m2401,3431.0,0.0,0.0,0.0,23,3429.0,3431.0,25,3444.0,3430.0,3434.0,3430.0,617.0,21172880.0,278227
2023-05-09 21:00:32,m2401,m2401,3430.0,1.0,34300.0,1.0,19,3429.0,3430.0,17,3444.0,3430.0,3434.0,3430.0,618.0,21207180.0,278228
2023-05-09 21:00:33,m2401,m2401,3428.0,21.0,720060.0,4.0,116,3428.0,3430.0,25,3444.0,3430.0,3434.0,3428.0,639.0,21927240.0,278232
2023-05-09 21:00:33,m2401,m2401,3428.0,4.0,137120.0,1.0,117,3428.0,3429.0,128,3444.0,3430.0,3434.0,3428.0,643.0,22064360.0,278233
2023-05-09 21:00:34,m2401,m2401,3428.0,15.0,514200.0,10.0,91,3428.0,3429.0,174,3444.0,3430.0,3434.0,3428.0,658.0,22578560.0,278243
2023-05-09 21:00:34,m2401,m2401,3429.0,30.0,1028410.0,28.0,62,3428.0,3429.0,113,3444.0,3430.0,3434.0,3428.0,688.0,23606970.0,278271
2023-05-09 21:00:35,m2401,m2401,3428.0,64.0,2193920.0,0.0,26,3427.0,3428.0,3,3444.0,3430.0,3434.0,3428.0,752.0,25800890.0,278271
2023-05-09 21:00:35,m2401,m2401,3428.0,0.0,0.0,0.0,12,3427.0,3428.0,12,3444.0,3430.0,3434.0,3428.0,752.0,25800890.0,278271
2023-05-09 21:00:36,m2401,m2401,3428.0,18.0,617040.0,-7.0,1,3428.0,3429.0,50,3444.0,3430.0,3434.0,3428.0,770.0,26417930.0,278264
2023-05-09 21:00:36,m2401,m2401,3428.0,1.0,34280.0,1.0,26,3427.0,3428.0,2,3444.0,3430.0,3434.0,3428.0,771.0,26452210.0,278265
2023-05-09 21:00:37,m2401,m2401,3428.0,0.0,0.0,0.0,19,3427.0,3428.0,63,3444.0,3430.0,3434.0,3428.0,771.0,26452210.0,278265
2023-05-09 21:00:37,m2401,m2401,3428.0,0.0,0.0,0.0,14,3427.0,3428.0,67,3444.0,3430.0,3434.0,3428.0,771.0,26452210.0,278265
2023-05-09 21:00:38,m2401,m2401,3428.0,6.0,205680.0,1.0,16,3427.0,3428.0,61,3444.0,3430.0,3434.0,3428.0,777.0,26657890.0,278266
2023-05-09 21:00:38,m2401,m2401,3428.0,39.0,1336920.0,2.0,24,3427.0,3428.0,27,3444.0,3430.0,3434.0,3428.0,816.0,27994810.0,278268
2023-05-09 21:00:39,m2401,m2401,3428.0,3.0,102840.0,3.0,20,3427.0,3428.0,24,3444.0,3430.0,3434.0,3428.0,819.0,28097650.0,278271
2023-05-09 21:00:40,m2401,m2401,3428.0,1.0,34280.0,1.0,21,3427.0,3428.0,23,3444.0,3430.0,3434.0,3428.0,820.0,28131930.0,278272
2023-05-09 21:00:40,m2401,m2401,3428.0,1.0,34280.0,0.0,29,3427.0,3428.0,22,3444.0,3430.0,3434.0,3428.0,821.0,28166210.0,278272
2023-05-09 21:00:41,m2401,m2401,3427.0,1.0,34270.0,1.0,20,3427.0,3428.0,26,3444.0,3430.0,3434.0,3427.0,822.0,28200480.0,278273
2023-05-09 21:00:42,m2401,m2401,3427.0,0.0,0.0,0.0,17,3427.0,3428.0,29,3444.0,3430.0,3434.0,3427.0,822.0,28200480.0,278273
2023-05-09 21:00:42,m2401,m2401,3428.0,2.0,68560.0,2.0,18,3427.0,3428.0,27,3444.0,3430.0,3434.0,3427.0,824.0,28269040.0,278275
2023-05-09 21:00:43,m2401,m2401,3428.0,2.0,68560.0,0.0,27,3427.0,3428.0,22,3444.0,3430.0,3434.0,3427.0,826.0,28337600.0,278275
2023-05-09 21:00:43,m2401,m2401,3428.0,1.0,34280.0,1.0,27,3427.0,3428.0,61,3444.0,3430.0,3434.0,3427.0,827.0,28371880.0,278276
2023-05-09 21:00:44,m2401,m2401,3428.0,1.0,34280.0,1.0,27,3427.0,3428.0,60,3444.0,3430.0,3434.0,3427.0,828.0,28406160.0,278277
2023-05-09 21:00:45,m2401,m2401,3428.0,0.0,0.0,0.0,33,3427.0,3428.0,60,3444.0,3430.0,3434.0,3427.0,828.0,28406160.0,278277
2023-05-09 21:00:45,m2401,m2401,3428.0,0.0,0.0,0.0,35,3427.0,3428.0,63,3444.0,3430.0,3434.0,3427.0,828.0,28406160.0,278277
2023-05-09 21:00:46,m2401,m2401,3428.0,1.0,34280.0,1.0,35,3427.0,3428.0,59,3444.0,3430.0,3434.0,3427.0,829.0,28440440.0,278278
2023-05-09 21:00:46,m2401,m2401,3428.0,2.0,68560.0,1.0,35,3427.0,3428.0,57,3444.0,3430.0,3434.0,3427.0,831.0,28509000.0,278279
2023-05-09 21:00:47,m2401,m2401,3428.0,2.0,68560.0,2.0,36,3427.0,3428.0,55,3444.0,3430.0,3434.0,3427.0,833.0,28577560.0,278281
2023-05-09 21:00:47,m2401,m2401,3428.0,1.0,34280.0,1.0,36,3427.0,3428.0,54,3444.0,3430.0,3434.0,3427.0,834.0,28611840.0,278282
2023-05-09 21:00:48,m2401,m2401,3428.0,31.0,1062680.0,31.0,41,3427.0,3428.0,23,3444.0,3430.0,3434.0,3427.0,865.0,29674520.0,278313
2023-05-09 21:00:48,m2401,m2401,3428.0,8.0,274240.0,8.0,49,3427.0,3428.0,15,3444.0,3430.0,3434.0,3427.0,873.0,29948760.0,278321
2023-05-09 21:00:49,m2401,m2401,3428.0,15.0,514200.0,14.0,53,3427.0,3429.0,49,3444.0,3430.0,3434.0,3427.0,888.0,30462960.0,278335
2023-05-09 21:00:49,m2401,m2401,3428.0,0.0,0.0,0.0,52,3427.0,3429.0,91,3444.0,3430.0,3434.0,3427.0,888.0,30462960.0,278335
2023-05-09 21:00:50,m2401,m2401,3428.0,0.0,0.0,0.0,52,3427.0,3428.0,6,3444.0,3430.0,3434.0,3427.0,888.0,30462960.0,278335
2023-05-09 21:00:50,m2401,m2401,3428.0,1.0,34280.0,1.0,53,3427.0,3428.0,13,3444.0,3430.0,3434.0,3427.0,889.0,30497240.0,278336
2023-05-09 21:00:51,m2401,m2401,3428.0,0.0,0.0,0.0,51,3427.0,3428.0,23,3444.0,3430.0,3434.0,3427.0,889.0,30497240.0,278336
2023-05-09 21:00:51,m2401,m2401,3427.0,41.0,1405070.0,2.0,1,3427.0,3428.0,74,3444.0,3430.0,3434.0,3427.0,930.0,31902310.0,278338
2023-05-09 21:00:52,m2401,m2401,3427.0,2.0,68660.0,0.0,55,3426.0,3427.0,13,3444.0,3430.0,3434.0,3427.0,932.0,31970970.0,278338
2023-05-09 21:00:52,m2401,m2401,3427.0,13.0,445510.0,0.0,4,3427.0,3428.0,95,3444.0,3430.0,3434.0,3427.0,945.0,32416480.0,278338
2023-05-09 21:00:53,m2401,m2401,3428.0,7.0,239960.0,0.0,13,3427.0,3428.0,79,3444.0,3430.0,3434.0,3427.0,952.0,32656440.0,278338
2023-05-09 21:00:53,m2401,m2401,3427.0,13.0,445510.0,-13.0,53,3426.0,3428.0,79,3444.0,3430.0,3434.0,3427.0,965.0,33101950.0,278325
2023-05-09 21:00:54,m2401,m2401,3427.0,0.0,0.0,0.0,52,3426.0,3427.0,7,3444.0,3430.0,3434.0,3427.0,965.0,33101950.0,278325
2023-05-09 21:00:54,m2401,m2401,3428.0,9.0,308450.0,9.0,3,3427.0,3428.0,87,3444.0,3430.0,3434.0,3427.0,974.0,33410400.0,278334
2023-05-09 21:00:55,m2401,m2401,3428.0,3.0,102840.0,0.0,14,3427.0,3428.0,74,3444.0,3430.0,3434.0,3427.0,977.0,33513240.0,278334
2023-05-09 21:00:55,m2401,m2401,3428.0,0.0,0.0,0.0,7,3427.0,3428.0,81,3444.0,3430.0,3434.0,3427.0,977.0,33513240.0,278334
2023-05-09 21:00:56,m2401,m2401,3428.0,0.0,0.0,0.0,6,3427.0,3428.0,81,3444.0,3430.0,3434.0,3427.0,977.0,33513240.0,278334
2023-05-09 21:00:56,m2401,m2401,3428.0,6.0,205630.0,2.0,61,3426.0,3428.0,33,3444.0,3430.0,3434.0,3427.0,983.0,33718870.0,278336
2023-05-09 21:00:57,m2401,m2401,3428.0,0.0,0.0,0.0,52,3426.0,3427.0,60,3444.0,3430.0,3434.0,3427.0,983.0,33718870.0,278336
2023-05-09 21:00:57,m2401,m2401,3427.0,1.0,34270.0,0.0,46,3426.0,3427.0,77,3444.0,3430.0,3434.0,3427.0,984.0,33753140.0,278336
2023-05-09 21:00:58,m2401,m2401,3427.0,1.0,34270.0,0.0,46,3426.0,3427.0,79,3444.0,3430.0,3434.0,3427.0,985.0,33787410.0,278336
2023-05-09 21:00:58,m2401,m2401,3426.0,41.0,1404660.0,-14.0,45,3425.0,3426.0,4,3444.0,3430.0,3434.0,3426.0,1026.0,35192070.0,278322
2023-05-09 21:00:59,m2401,m2401,3426.0,5.0,171300.0,5.0,13,3426.0,3427.0,49,3444.0,3430.0,3434.0,3426.0,1031.0,35363370.0,278327
2023-05-09 21:00:59,m2401,m2401,3427.0,38.0,1302260.0,19.0,24,3426.0,3427.0,12,3444.0,3430.0,3434.0,3426.0,1069.0,36665630.0,278346
2023-05-09 21:01:00,m2401,m2401,3427.0,1.0,34270.0,1.0,43,3426.0,3427.0,12,3444.0,3430.0,3434.0,3426.0,1070.0,36699900.0,278347
2023-05-09 21:01:00,m2401,m2401,3426.0,8.0,274090.0,2.0,28,3426.0,3427.0,70,3444.0,3430.0,3434.0,3426.0,1078.0,36973990.0,278349
2023-05-09 21:01:01,m2401,m2401,3426.0,36.0,1233340.0,19.0,36,3425.0,3426.0,4,3444.0,3430.0,3434.0,3425.0,1114.0,38207330.0,278368
2023-05-09 21:01:01,m2401,m2401,3426.0,4.0,137040.0,2.0,33,3425.0,3426.0,14,3444.0,3430.0,3434.0,3425.0,1118.0,38344370.0,278370
2023-05-09 21:01:02,m2401,m2401,3425.0,20.0,685000.0,-1.0,2,3425.0,3426.0,33,3444.0,3430.0,3434.0,3425.0,1138.0,39029370.0,278369
2023-05-09 21:01:02,m2401,m2401,3426.0,6.0,205520.0,0.0,5,3425.0,3426.0,31,3444.0,3430.0,3434.0,3425.0,1144.0,39234890.0,278369
2023-05-09 21:01:03,m2401,m2401,3425.0,4.0,137000.0,4.0,40,3424.0,3425.0,6,3444.0,3430.0,3434.0,3425.0,1148.0,39371890.0,278373
2023-05-09 21:01:03,m2401,m2401,3425.0,2.0,68500.0,2.0,33,3424.0,3425.0,18,3444.0,3430.0,3434.0,3425.0,1150.0,39440390.0,278375
2023-05-09 21:01:04,m2401,m2401,3424.0,2.0,68480.0,2.0,16,3424.0,3425.0,47,3444.0,3430.0,3434.0,3424.0,1152.0,39508870.0,278377
2023-05-09 21:01:04,m2401,m2401,3425.0,19.0,650590.0,-9.0,72,3423.0,3425.0,70,3444.0,3430.0,3434.0,3424.0,1171.0,40159460.0,278368
2023-05-09 21:01:05,m2401,m2401,3425.0,0.0,0.0,0.0,1,3424.0,3425.0,30,3444.0,3430.0,3434.0,3424.0,1171.0,40159460.0,278368
2023-05-09 21:01:05,m2401,m2401,3425.0,1.0,34250.0,1.0,9,3424.0,3425.0,35,3444.0,3430.0,3434.0,3424.0,1172.0,40193710.0,278369
2023-05-09 21:01:06,m2401,m2401,3424.0,2.0,68480.0,0.0,6,3424.0,3425.0,78,3444.0,3430.0,3434.0,3424.0,1174.0,40262190.0,278369
2023-05-09 21:01:07,m2401,m2401,3424.0,6.0,205440.0,0.0,67,3423.0,3424.0,4,3444.0,3430.0,3434.0,3424.0,1180.0,40467630.0,278369
2023-05-09 21:01:07,m2401,m2401,3424.0,0.0,0.0,0.0,63,3423.0,3424.0,14,3444.0,3430.0,3434.0,3424.0,1180.0,40467630.0,278369
2023-05-09 21:01:08,m2401,m2401,3424.0,5.0,171180.0,0.0,64,3423.0,3424.0,6,3444.0,3430.0,3434.0,3423.0,1185.0,40638810.0,278369
2023-05-09 21:01:08,m2401,m2401,3424.0,3.0,102720.0,0.0,64,3423.0,3424.0,15,3444.0,3430.0,3434.0,3423.0,1188.0,40741530.0,278369
2023-05-09 21:01:09,m2401,m2401,3424.0,1.0,34240.0,1.0,64,3423.0,3424.0,18,3444.0,3430.0,3434.0,3423.0,1189.0,40775770.0,278370
2023-05-09 21:01:09,m2401,m2401,3424.0,20.0,684800.0,20.0,64,3423.0,3424.0,1,3444.0,3430.0,3434.0,3423.0,1209.0,41460570.0,278390
2023-05-09 21:01:10,m2401,m2401,3424.0,0.0,0.0,0.0,58,3423.0,3424.0,11,3444.0,3430.0,3434.0,3423.0,1209.0,41460570.0,278390
2023-05-09 21:01:10,m2401,m2401,3424.0,0.0,0.0,0.0,58,3423.0,3424.0,15,3444.0,3430.0,3434.0,3423.0,1209.0,41460570.0,278390
2023-05-09 21:01:11,m2401,m2401,3424.0,1.0,34240.0,0.0,55,3423.0,3424.0,26,3444.0,3430.0,3434.0,3423.0,1210.0,41494810.0,278390
2023-05-09 21:01:11,m2401,m2401,3424.0,1.0,34240.0,0.0,48,3423.0,3424.0,56,3444.0,3430.0,3434.0,3423.0,1211.0,41529050.0,278390
2023-05-09 21:01:12,m2401,m2401,3424.0,1.0,34240.0,1.0,55,3423.0,3424.0,74,3444.0,3430.0,3434.0,3423.0,1212.0,41563290.0,278391
2023-05-09 21:01:13,m2401,m2401,3424.0,0.0,0.0,0.0,55,3423.0,3424.0,80,3444.0,3430.0,3434.0,3423.0,1212.0,41563290.0,278391
2023-05-09 21:01:13,m2401,m2401,3424.0,0.0,0.0,0.0,48,3423.0,3424.0,80,3444.0,3430.0,3434.0,3423.0,1212.0,41563290.0,278391
2023-05-09 21:01:14,m2401,m2401,3423.0,1.0,34230.0,0.0,48,3423.0,3424.0,80,3444.0,3430.0,3434.0,3423.0,1213.0,41597520.0,278391
2023-05-09 21:01:14,m2401,m2401,3423.0,0.0,0.0,0.0,58,3423.0,3424.0,80,3444.0,3430.0,3434.0,3423.0,1213.0,41597520.0,278391
2023-05-09 21:01:15,m2401,m2401,3424.0,20.0,684800.0,19.0,58,3423.0,3424.0,60,3444.0,3430.0,3434.0,3423.0,1233.0,42282320.0,278410
2023-05-09 21:01:15,m2401,m2401,3423.0,76.0,2601480.0,44.0,73,3422.0,3423.0,24,3444.0,3430.0,3434.0,3423.0,1309.0,44883800.0,278454
2023-05-09 21:01:16,m2401,m2401,3423.0,32.0,1095370.0,24.0,70,3422.0,3423.0,11,3444.0,3430.0,3434.0,3423.0,1341.0,45979170.0,278478
2023-05-09 21:01:16,m2401,m2401,3423.0,1.0,34230.0,0.0,70,3422.0,3423.0,8,3444.0,3430.0,3434.0,3423.0,1342.0,46013400.0,278478
2023-05-09 21:01:17,m2401,m2401,3423.0,1.0,34230.0,1.0,1,3423.0,3424.0,75,3444.0,3430.0,3434.0,3423.0,1343.0,46047630.0,278479
2023-05-09 21:01:17,m2401,m2401,3424.0,20.0,684800.0,4.0,19,3423.0,3424.0,54,3444.0,3430.0,3434.0,3423.0,1363.0,46732430.0,278483
2023-05-09 21:01:18,m2401,m2401,3424.0,1.0,34240.0,0.0,20,3423.0,3424.0,52,3444.0,3430.0,3434.0,3423.0,1364.0,46766670.0,278483
2023-05-09 21:01:19,m2401,m2401,3424.0,0.0,0.0,0.0,27,3423.0,3424.0,52,3444.0,3430.0,3434.0,3423.0,1364.0,46766670.0,278483
2023-05-09 21:01:19,m2401,m2401,3424.0,5.0,171200.0,-1.0,30,3423.0,3424.0,39,3444.0,3430.0,3434.0,3423.0,1369.0,46937870.0,278482
2023-05-09 21:01:20,m2401,m2401,3424.0,40.0,1369600.0,-9.0,18,3424.0,3425.0,45,3444.0,3430.0,3434.0,3423.0,1409.0,48307470.0,278473
2023-05-09 21:01:20,m2401,m2401,3425.0,1.0,34250.0,1.0,24,3424.0,3425.0,34,3444.0,3430.0,3434.0,3423.0,1410.0,48341720.0,278474
2023-05-09 21:01:21,m2401,m2401,3425.0,0.0,0.0,0.0,29,3424.0,3425.0,26,3444.0,3430.0,3434.0,3423.0,1410.0,48341720.0,278474
2023-05-09 21:01:21,m2401,m2401,3424.0,4.0,136960.0,4.0,6,3424.0,3425.0,37,3444.0,3430.0,3434.0,3423.0,1414.0,48478680.0,278478
2023-05-09 21:01:21,m2401,m2401,3424.0,0.0,0.0,0.0,7,3424.0,3425.0,40,3444.0,3430.0,3434.0,3423.0,1414.0,48478680.0,278478
2023-05-09 21:01:22,m2401,m2401,3424.0,0.0,0.0,0.0,7,3424.0,3425.0,60,3444.0,3430.0,3434.0,3423.0,1414.0,48478680.0,278478
2023-05-09 21:01:23,m2401,m2401,3424.0,0.0,0.0,0.0,8,3424.0,3425.0,62,3444.0,3430.0,3434.0,3423.0,1414.0,48478680.0,278478
2023-05-09 21:01:23,m2401,m2401,3424.0,0.0,0.0,0.0,10,3424.0,3425.0,67,3444.0,3430.0,3434.0,3423.0,1414.0,48478680.0,278478
2023-05-09 21:01:24,m2401,m2401,3425.0,1.0,34250.0,1.0,18,3424.0,3425.0,66,3444.0,3430.0,3434.0,3423.0,1415.0,48512930.0,278479
2023-05-09 21:01:24,m2401,m2401,3425.0,0.0,0.0,0.0,18,3424.0,3425.0,58,3444.0,3430.0,3434.0,3423.0,1415.0,48512930.0,278479
2023-05-09 21:01:25,m2401,m2401,3425.0,0.0,0.0,0.0,18,3424.0,3425.0,55,3444.0,3430.0,3434.0,3423.0,1415.0,48512930.0,278479
2023-05-09 21:01:25,m2401,m2401,3425.0,0.0,0.0,0.0,19,3424.0,3425.0,55,3444.0,3430.0,3434.0,3423.0,1415.0,48512930.0,278479
2023-05-09 21:01:26,m2401,m2401,3425.0,1.0,34250.0,1.0,19,3424.0,3425.0,54,3444.0,3430.0,3434.0,3423.0,1416.0,48547180.0,278480
2023-05-09 21:01:26,m2401,m2401,3425.0,5.0,171250.0,3.0,25,3424.0,3425.0,49,3444.0,3430.0,3434.0,3423.0,1421.0,48718430.0,278483
2023-05-09 21:01:27,m2401,m2401,3425.0,1.0,34250.0,1.0,25,3424.0,3425.0,48,3444.0,3430.0,3434.0,3423.0,1422.0,48752680.0,278484
2023-05-09 21:01:28,m2401,m2401,3424.0,2.0,68480.0,0.0,9,3424.0,3425.0,51,3444.0,3430.0,3434.0,3423.0,1424.0,48821160.0,278484
2023-05-09 21:01:29,m2401,m2401,3424.0,0.0,0.0,0.0,18,3424.0,3425.0,54,3444.0,3430.0,3434.0,3423.0,1424.0,48821160.0,278484
2023-05-09 21:01:29,m2401,m2401,3424.0,0.0,0.0,0.0,26,3424.0,3425.0,54,3444.0,3430.0,3434.0,3423.0,1424.0,48821160.0,278484
2023-05-09 21:01:30,m2401,m2401,3425.0,15.0,513750.0,1.0,32,3424.0,3425.0,40,3444.0,3430.0,3434.0,3423.0,1439.0,49334910.0,278485
2023-05-09 21:01:30,m2401,m2401,3425.0,5.0,171250.0,-2.0,32,3424.0,3426.0,41,3444.0,3430.0,3434.0,3423.0,1444.0,49506160.0,278483
2023-05-09 21:01:31,m2401,m2401,3425.0,0.0,0.0,0.0,36,3424.0,3426.0,61,3444.0,3430.0,3434.0,3423.0,1444.0,49506160.0,278483
2023-05-09 21:01:31,m2401,m2401,3424.0,5.0,171200.0,4.0,35,3424.0,3426.0,67,3444.0,3430.0,3434.0,3423.0,1449.0,49677360.0,278487
2023-05-09 21:01:32,m2401,m2401,3424.0,0.0,0.0,0.0,38,3424.0,3425.0,59,3444.0,3430.0,3434.0,3423.0,1449.0,49677360.0,278487
2023-05-09 21:01:32,m2401,m2401,3425.0,7.0,239750.0,1.0,44,3424.0,3425.0,46,3444.0,3430.0,3434.0,3423.0,1456.0,49917110.0,278488
2023-05-09 21:01:33,m2401,m2401,3425.0,10.0,342500.0,-3.0,52,3424.0,3426.0,47,3444.0,3430.0,3434.0,3423.0,1466.0,50259610.0,278485
2023-05-09 21:01:33,m2401,m2401,3425.0,5.0,171250.0,2.0,52,3424.0,3426.0,52,3444.0,3430.0,3434.0,3423.0,1471.0,50430860.0,278487
2023-05-09 21:01:34,m2401,m2401,3424.0,1.0,34240.0,0.0,47,3424.0,3426.0,65,3444.0,3430.0,3434.0,3423.0,1472.0,50465100.0,278487
2023-05-09 21:01:34,m2401,m2401,3426.0,2.0,68520.0,2.0,9,3425.0,3426.0,57,3444.0,3430.0,3434.0,3423.0,1474.0,50533620.0,278489
2023-05-09 21:01:35,m2401,m2401,3425.0,83.0,2842060.0,28.0,17,3424.0,3425.0,8,3444.0,3430.0,3434.0,3423.0,1557.0,53375680.0,278517
2023-05-09 21:01:35,m2401,m2401,3425.0,0.0,0.0,0.0,29,3424.0,3425.0,15,3444.0,3430.0,3434.0,3423.0,1557.0,53375680.0,278517
2023-05-09 21:01:36,m2401,m2401,3425.0,15.0,513750.0,12.0,35,3425.0,3426.0,66,3444.0,3430.0,3434.0,3423.0,1572.0,53889430.0,278529
2023-05-09 21:01:36,m2401,m2401,3426.0,2.0,68510.0,1.0,42,3425.0,3426.0,94,3444.0,3430.0,3434.0,3423.0,1574.0,53957940.0,278530
2023-05-09 21:01:37,m2401,m2401,3426.0,1.0,34260.0,1.0,42,3425.0,3426.0,99,3444.0,3430.0,3434.0,3423.0,1575.0,53992200.0,278531
2023-05-09 21:01:37,m2401,m2401,3426.0,101.0,3460250.0,53.0,8,3426.0,3427.0,236,3444.0,3430.0,3434.0,3423.0,1676.0,57452450.0,278584
2023-05-09 21:01:38,m2401,m2401,3425.0,8.0,274050.0,3.0,49,3425.0,3426.0,10,3444.0,3430.0,3434.0,3423.0,1684.0,57726500.0,278587
2023-05-09 21:01:38,m2401,m2401,3425.0,0.0,0.0,0.0,39,3425.0,3426.0,27,3444.0,3430.0,3434.0,3423.0,1684.0,57726500.0,278587
2023-05-09 21:01:39,m2401,m2401,3425.0,39.0,1335750.0,31.0,46,3424.0,3426.0,127,3444.0,3430.0,3434.0,3423.0,1723.0,59062250.0,278618
2023-05-09 21:01:39,m2401,m2401,3425.0,20.0,685000.0,1.0,20,3425.0,3426.0,59,3444.0,3430.0,3434.0,3423.0,1743.0,59747250.0,278619
2023-05-09 21:01:40,m2401,m2401,3426.0,1.0,34260.0,1.0,16,3425.0,3426.0,27,3444.0,3430.0,3434.0,3423.0,1744.0,59781510.0,278620
2023-05-09 21:01:40,m2401,m2401,3425.0,9.0,308250.0,-8.0,53,3424.0,3425.0,20,3444.0,3430.0,3434.0,3423.0,1753.0,60089760.0,278612
2023-05-09 21:01:41,m2401,m2401,3425.0,0.0,0.0,0.0,35,3424.0,3425.0,28,3444.0,3430.0,3434.0,3423.0,1753.0,60089760.0,278612
2023-05-09 21:01:41,m2401,m2401,3425.0,29.0,993250.0,-10.0,38,3424.0,3426.0,70,3444.0,3430.0,3434.0,3423.0,1782.0,61083010.0,278602
2023-05-09 21:01:42,m2401,m2401,3425.0,0.0,0.0,0.0,15,3425.0,3426.0,32,3444.0,3430.0,3434.0,3423.0,1782.0,61083010.0,278602
2023-05-09 21:01:42,m2401,m2401,3426.0,2.0,68520.0,2.0,118,3425.0,3426.0,19,3444.0,3430.0,3434.0,3423.0,1784.0,61151530.0,278604
2023-05-09 21:01:43,m2401,m2401,3426.0,20.0,685200.0,11.0,7,3426.0,3427.0,244,3444.0,3430.0,3434.0,3423.0,1804.0,61836730.0,278615
2023-05-09 21:01:43,m2401,m2401,3427.0,2.0,68540.0,2.0,7,3426.0,3427.0,261,3444.0,3430.0,3434.0,3423.0,1806.0,61905270.0,278617
2023-05-09 21:01:44,m2401,m2401,3426.0,10.0,342600.0,-10.0,126,3425.0,3427.0,265,3444.0,3430.0,3434.0,3423.0,1816.0,62247870.0,278607
2023-05-09 21:01:44,m2401,m2401,3426.0,76.0,2603030.0,56.0,50,3425.0,3426.0,189,3444.0,3430.0,3434.0,3423.0,1892.0,64850900.0,278663
2023-05-09 21:01:45,m2401,m2401,3425.0,50.0,1712500.0,30.0,43,3424.0,3425.0,22,3444.0,3430.0,3434.0,3423.0,1942.0,66563400.0,278693
2023-05-09 21:01:45,m2401,m2401,3425.0,0.0,0.0,0.0,32,3424.0,3425.0,66,3444.0,3430.0,3434.0,3423.0,1942.0,66563400.0,278693
2023-05-09 21:01:46,m2401,m2401,3426.0,80.0,2740020.0,-29.0,20,3425.0,3426.0,39,3444.0,3430.0,3434.0,3423.0,2022.0,69303420.0,278664
2023-05-09 21:01:46,m2401,m2401,3426.0,0.0,0.0,0.0,26,3425.0,3426.0,22,3444.0,3430.0,3434.0,3423.0,2022.0,69303420.0,278664
2023-05-09 21:01:47,m2401,m2401,3426.0,0.0,0.0,0.0,14,3425.0,3426.0,22,3444.0,3430.0,3434.0,3423.0,2022.0,69303420.0,278664
2023-05-09 21:01:47,m2401,m2401,3426.0,0.0,0.0,0.0,16,3425.0,3426.0,129,3444.0,3430.0,3434.0,3423.0,2022.0,69303420.0,278664
2023-05-09 21:01:48,m2401,m2401,3425.0,8.0,274000.0,-7.0,55,3424.0,3426.0,190,3444.0,3430.0,3434.0,3423.0,2030.0,69577420.0,278657
2023-05-09 21:01:48,m2401,m2401,3425.0,0.0,0.0,0.0,56,3424.0,3426.0,132,3444.0,3430.0,3434.0,3423.0,2030.0,69577420.0,278657
2023-05-09 21:01:49,m2401,m2401,3425.0,0.0,0.0,0.0,15,3425.0,3426.0,34,3444.0,3430.0,3434.0,3423.0,2030.0,69577420.0,278657
2023-05-09 21:01:49,m2401,m2401,3426.0,1.0,34260.0,1.0,17,3425.0,3426.0,22,3444.0,3430.0,3434.0,3423.0,2031.0,69611680.0,278658
2023-05-09 21:01:50,m2401,m2401,3426.0,1.0,34260.0,1.0,26,3425.0,3426.0,21,3444.0,3430.0,3434.0,3423.0,2032.0,69645940.0,278659
2023-05-09 21:01:50,m2401,m2401,3426.0,0.0,0.0,0.0,31,3425.0,3426.0,17,3444.0,3430.0,3434.0,3423.0,2032.0,69645940.0,278659
2023-05-09 21:01:51,m2401,m2401,3426.0,1.0,34260.0,0.0,31,3425.0,3426.0,16,3444.0,3430.0,3434.0,3423.0,2033.0,69680200.0,278659
2023-05-09 21:01:51,m2401,m2401,3426.0,1.0,34260.0,1.0,28,3425.0,3426.0,23,3444.0,3430.0,3434.0,3423.0,2034.0,69714460.0,278660
2023-05-09 21:01:52,m2401,m2401,3425.0,21.0,719260.0,-19.0,3,3425.0,3426.0,30,3444.0,3430.0,3434.0,3423.0,2055.0,70433720.0,278641
2023-05-09 21:01:52,m2401,m2401,3426.0,8.0,274050.0,-4.0,62,3424.0,3426.0,180,3444.0,3430.0,3434.0,3423.0,2063.0,70707770.0,278637
2023-05-09 21:01:53,m2401,m2401,3426.0,0.0,0.0,0.0,55,3424.0,3425.0,1,3444.0,3430.0,3434.0,3423.0,2063.0,70707770.0,278637
2023-05-09 21:01:53,m2401,m2401,3426.0,1.0,34260.0,1.0,57,3424.0,3426.0,205,3444.0,3430.0,3434.0,3423.0,2064.0,70742030.0,278638
2023-05-09 21:01:54,m2401,m2401,3426.0,1.0,34260.0,1.0,61,3424.0,3425.0,1,3444.0,3430.0,3434.0,3423.0,2065.0,70776290.0,278639
2023-05-09 21:01:54,m2401,m2401,3426.0,1.0,34260.0,1.0,61,3424.0,3425.0,6,3444.0,3430.0,3434.0,3423.0,2066.0,70810550.0,278640
2023-05-09 21:01:55,m2401,m2401,3426.0,0.0,0.0,0.0,55,3424.0,3425.0,65,3444.0,3430.0,3434.0,3423.0,2066.0,70810550.0,278640
2023-05-09 21:01:56,m2401,m2401,3426.0,0.0,0.0,0.0,47,3424.0,3425.0,179,3444.0,3430.0,3434.0,3423.0,2066.0,70810550.0,278640
2023-05-09 21:01:56,m2401,m2401,3424.0,4.0,136960.0,0.0,31,3424.0,3425.0,183,3444.0,3430.0,3434.0,3423.0,2070.0,70947510.0,278640
2023-05-09 21:01:57,m2401,m2401,3424.0,3.0,102720.0,0.0,36,3424.0,3425.0,183,3444.0,3430.0,3434.0,3423.0,2073.0,71050230.0,278640
2023-05-09 21:01:57,m2401,m2401,3424.0,28.0,958720.0,12.0,70,3423.0,3424.0,12,3444.0,3430.0,3434.0,3423.0,2101.0,72008950.0,278652
2023-05-09 21:01:58,m2401,m2401,3424.0,0.0,0.0,0.0,56,3423.0,3424.0,21,3444.0,3430.0,3434.0,3423.0,2101.0,72008950.0,278652
2023-05-09 21:01:58,m2401,m2401,3424.0,2.0,68480.0,2.0,56,3423.0,3424.0,19,3444.0,3430.0,3434.0,3423.0,2103.0,72077430.0,278654
2023-05-09 21:01:59,m2401,m2401,3424.0,0.0,0.0,0.0,56,3423.0,3424.0,11,3444.0,3430.0,3434.0,3423.0,2103.0,72077430.0,278654
2023-05-09 21:01:59,m2401,m2401,3424.0,11.0,376640.0,-1.0,56,3423.0,3425.0,197,3444.0,3430.0,3434.0,3423.0,2114.0,72454070.0,278653
2023-05-09 21:02:00,m2401,m2401,3424.0,0.0,0.0,0.0,53,3423.0,3425.0,190,3444.0,3430.0,3434.0,3423.0,2114.0,72454070.0,278653
2023-05-09 21:02:00,m2401,m2401,3424.0,0.0,0.0,0.0,53,3423.0,3425.0,206,3444.0,3430.0,3434.0,3423.0,2114.0,72454070.0,278653
2023-05-09 21:02:01,m2401,m2401,3424.0,0.0,0.0,0.0,58,3423.0,3424.0,2,3444.0,3430.0,3434.0,3423.0,2114.0,72454070.0,278653
2023-05-09 21:02:01,m2401,m2401,3424.0,0.0,0.0,0.0,58,3423.0,3424.0,1,3444.0,3430.0,3434.0,3423.0,2114.0,72454070.0,278653
2023-05-09 21:02:02,m2401,m2401,3424.0,1.0,34240.0,1.0,54,3423.0,3424.0,167,3444.0,3430.0,3434.0,3423.0,2115.0,72488310.0,278654
2023-05-09 21:02:02,m2401,m2401,3424.0,0.0,0.0,0.0,54,3423.0,3424.0,171,3444.0,3430.0,3434.0,3423.0,2115.0,72488310.0,278654
2023-05-09 21:02:03,m2401,m2401,3424.0,0.0,0.0,0.0,54,3423.0,3424.0,173,3444.0,3430.0,3434.0,3423.0,2115.0,72488310.0,278654
2023-05-09 21:02:04,m2401,m2401,3424.0,2.0,68480.0,2.0,54,3423.0,3424.0,168,3444.0,3430.0,3434.0,3423.0,2117.0,72556790.0,278656
2023-05-09 21:02:04,m2401,m2401,3424.0,0.0,0.0,0.0,54,3423.0,3424.0,169,3444.0,3430.0,3434.0,3423.0,2117.0,72556790.0,278656
2023-05-09 21:02:05,m2401,m2401,3424.0,0.0,0.0,0.0,53,3423.0,3424.0,169,3444.0,3430.0,3434.0,3423.0,2117.0,72556790.0,278656
2023-05-09 21:02:05,m2401,m2401,3424.0,0.0,0.0,0.0,53,3423.0,3424.0,181,3444.0,3430.0,3434.0,3423.0,2117.0,72556790.0,278656
2023-05-09 21:02:06,m2401,m2401,3423.0,53.0,1814190.0,-46.0,121,3422.0,3423.0,37,3444.0,3430.0,3434.0,3423.0,2170.0,74370980.0,278610
2023-05-09 21:02:06,m2401,m2401,3423.0,11.0,376530.0,11.0,117,3422.0,3423.0,161,3444.0,3430.0,3434.0,3423.0,2181.0,74747510.0,278621
2023-05-09 21:02:07,m2401,m2401,3423.0,0.0,0.0,0.0,117,3422.0,3423.0,159,3444.0,3430.0,3434.0,3423.0,2181.0,74747510.0,278621
2023-05-09 21:02:07,m2401,m2401,3423.0,197.0,6743990.0,-31.0,123,3422.0,3423.0,14,3444.0,3430.0,3434.0,3423.0,2378.0,81491500.0,278590
2023-05-09 21:02:08,m2401,m2401,3422.0,31.0,1061030.0,-20.0,113,3422.0,3424.0,60,3444.0,3430.0,3434.0,3422.0,2409.0,82552530.0,278570
2023-05-09 21:02:08,m2401,m2401,3423.0,1.0,34230.0,-1.0,110,3422.0,3423.0,43,3444.0,3430.0,3434.0,3422.0,2410.0,82586760.0,278569
2023-05-09 21:02:09,m2401,m2401,3423.0,0.0,0.0,0.0,110,3422.0,3423.0,44,3444.0,3430.0,3434.0,3422.0,2410.0,82586760.0,278569
2023-05-09 21:02:09,m2401,m2401,3423.0,0.0,0.0,0.0,111,3422.0,3423.0,17,3444.0,3430.0,3434.0,3422.0,2410.0,82586760.0,278569
2023-05-09 21:02:10,m2401,m2401,3423.0,2.0,68460.0,0.0,111,3422.0,3423.0,11,3444.0,3430.0,3434.0,3422.0,2412.0,82655220.0,278569
2023-05-09 21:02:10,m2401,m2401,3423.0,0.0,0.0,0.0,114,3422.0,3423.0,2,3444.0,3430.0,3434.0,3422.0,2412.0,82655220.0,278569
2023-05-09 21:02:11,m2401,m2401,3423.0,2.0,68460.0,2.0,98,3423.0,3424.0,101,3444.0,3430.0,3434.0,3422.0,2414.0,82723680.0,278571
2023-05-09 21:02:11,m2401,m2401,3423.0,0.0,0.0,0.0,99,3423.0,3424.0,109,3444.0,3430.0,3434.0,3422.0,2414.0,82723680.0,278571
2023-05-09 21:02:12,m2401,m2401,3423.0,0.0,0.0,0.0,100,3423.0,3424.0,106,3444.0,3430.0,3434.0,3422.0,2414.0,82723680.0,278571
2023-05-09 21:02:12,m2401,m2401,3423.0,0.0,0.0,0.0,101,3423.0,3424.0,108,3444.0,3430.0,3434.0,3422.0,2414.0,82723680.0,278571
2023-05-09 21:02:13,m2401,m2401,3423.0,0.0,0.0,0.0,101,3423.0,3424.0,83,3444.0,3430.0,3434.0,3422.0,2414.0,82723680.0,278571
2023-05-09 21:02:14,m2401,m2401,3423.0,3.0,102690.0,2.0,99,3423.0,3424.0,103,3444.0,3430.0,3434.0,3422.0,2417.0,82826370.0,278573
2023-05-09 21:02:14,m2401,m2401,3423.0,0.0,0.0,0.0,99,3423.0,3424.0,112,3444.0,3430.0,3434.0,3422.0,2417.0,82826370.0,278573
2023-05-09 21:02:15,m2401,m2401,3423.0,0.0,0.0,0.0,105,3423.0,3424.0,87,3444.0,3430.0,3434.0,3422.0,2417.0,82826370.0,278573
2023-05-09 21:02:15,m2401,m2401,3424.0,78.0,2670720.0,48.0,20,3424.0,3425.0,52,3444.0,3430.0,3434.0,3422.0,2495.0,85497090.0,278621
2023-05-09 21:02:16,m2401,m2401,3424.0,1.0,34240.0,0.0,10,3424.0,3425.0,83,3444.0,3430.0,3434.0,3422.0,2496.0,85531330.0,278621
2023-05-09 21:02:16,m2401,m2401,3424.0,17.0,582060.0,-4.0,116,3423.0,3424.0,21,3444.0,3430.0,3434.0,3422.0,2513.0,86113390.0,278617
2023-05-09 21:02:17,m2401,m2401,3424.0,3.0,102720.0,-1.0,119,3423.0,3425.0,88,3444.0,3430.0,3434.0,3422.0,2516.0,86216110.0,278616
2023-05-09 21:02:17,m2401,m2401,3425.0,10.0,342500.0,0.0,15,3424.0,3425.0,68,3444.0,3430.0,3434.0,3422.0,2526.0,86558610.0,278616
2023-05-09 21:02:18,m2401,m2401,3423.0,10.0,342380.0,1.0,122,3423.0,3424.0,37,3444.0,3430.0,3434.0,3422.0,2536.0,86900990.0,278617
2023-05-09 21:02:18,m2401,m2401,3423.0,37.0,1266510.0,0.0,75,3423.0,3424.0,40,3444.0,3430.0,3434.0,3422.0,2573.0,88167500.0,278617
2023-05-09 21:02:19,m2401,m2401,3423.0,0.0,0.0,0.0,77,3423.0,3424.0,44,3444.0,3430.0,3434.0,3422.0,2573.0,88167500.0,278617
2023-05-09 21:02:19,m2401,m2401,3423.0,0.0,0.0,0.0,86,3423.0,3424.0,44,3444.0,3430.0,3434.0,3422.0,2573.0,88167500.0,278617
2023-05-09 21:02:20,m2401,m2401,3423.0,0.0,0.0,0.0,77,3423.0,3424.0,47,3444.0,3430.0,3434.0,3422.0,2573.0,88167500.0,278617
2023-05-09 21:02:20,m2401,m2401,3423.0,0.0,0.0,0.0,82,3423.0,3424.0,44,3444.0,3430.0,3434.0,3422.0,2573.0,88167500.0,278617
2023-05-09 21:02:22,m2401,m2401,3423.0,0.0,0.0,0.0,84,3423.0,3424.0,44,3444.0,3430.0,3434.0,3422.0,2573.0,88167500.0,278617
2023-05-09 21:02:24,m2401,m2401,3423.0,0.0,0.0,0.0,85,3423.0,3424.0,44,3444.0,3430.0,3434.0,3422.0,2573.0,88167500.0,278617
2023-05-09 21:02:24,m2401,m2401,3423.0,0.0,0.0,0.0,86,3423.0,3424.0,44,3444.0,3430.0,3434.0,3422.0,2573.0,88167500.0,278617
2023-05-09 21:02:25,m2401,m2401,3424.0,5.0,171200.0,0.0,99,3423.0,3424.0,35,3444.0,3430.0,3434.0,3422.0,2578.0,88338700.0,278617
2023-05-09 21:02:25,m2401,m2401,3424.0,0.0,0.0,0.0,99,3423.0,3424.0,45,3444.0,3430.0,3434.0,3422.0,2578.0,88338700.0,278617
2023-05-09 21:02:26,m2401,m2401,3424.0,0.0,0.0,0.0,96,3423.0,3424.0,45,3444.0,3430.0,3434.0,3422.0,2578.0,88338700.0,278617
2023-05-09 21:02:26,m2401,m2401,3424.0,0.0,0.0,0.0,99,3423.0,3424.0,23,3444.0,3430.0,3434.0,3422.0,2578.0,88338700.0,278617
2023-05-09 21:02:26,m2401,m2401,3424.0,0.0,0.0,0.0,102,3423.0,3424.0,22,3444.0,3430.0,3434.0,3422.0,2578.0,88338700.0,278617
2023-05-09 21:02:27,m2401,m2401,3424.0,0.0,0.0,0.0,102,3423.0,3424.0,23,3444.0,3430.0,3434.0,3422.0,2578.0,88338700.0,278617
2023-05-09 21:02:28,m2401,m2401,3424.0,0.0,0.0,0.0,96,3423.0,3424.0,45,3444.0,3430.0,3434.0,3422.0,2578.0,88338700.0,278617
2023-05-09 21:02:28,m2401,m2401,3423.0,88.0,3012250.0,-3.0,124,3422.0,3424.0,48,3444.0,3430.0,3434.0,3422.0,2666.0,91350950.0,278614
2023-05-09 21:02:29,m2401,m2401,3423.0,1.0,34230.0,-1.0,120,3422.0,3423.0,10,3444.0,3430.0,3434.0,3422.0,2667.0,91385180.0,278613
2023-05-09 21:02:30,m2401,m2401,3423.0,0.0,0.0,0.0,120,3422.0,3423.0,1,3444.0,3430.0,3434.0,3422.0,2667.0,91385180.0,278613
2023-05-09 21:02:30,m2401,m2401,3423.0,1.0,34230.0,1.0,120,3422.0,3423.0,15,3444.0,3430.0,3434.0,3422.0,2668.0,91419410.0,278614
2023-05-09 21:02:31,m2401,m2401,3423.0,1.0,34230.0,0.0,121,3422.0,3423.0,15,3444.0,3430.0,3434.0,3422.0,2669.0,91453640.0,278614
2023-05-09 21:02:31,m2401,m2401,3423.0,0.0,0.0,0.0,122,3422.0,3423.0,15,3444.0,3430.0,3434.0,3422.0,2669.0,91453640.0,278614
2023-05-09 21:02:32,m2401,m2401,3423.0,0.0,0.0,0.0,120,3422.0,3423.0,15,3444.0,3430.0,3434.0,3422.0,2669.0,91453640.0,278614
2023-05-09 21:02:32,m2401,m2401,3423.0,0.0,0.0,0.0,104,3422.0,3423.0,53,3444.0,3430.0,3434.0,3422.0,2669.0,91453640.0,278614
2023-05-09 21:02:33,m2401,m2401,3423.0,1.0,34230.0,0.0,104,3422.0,3423.0,55,3444.0,3430.0,3434.0,3422.0,2670.0,91487870.0,278614
2023-05-09 21:02:33,m2401,m2401,3422.0,10.0,342200.0,10.0,94,3422.0,3423.0,55,3444.0,3430.0,3434.0,3422.0,2680.0,91830070.0,278624
2023-05-09 21:02:34,m2401,m2401,3422.0,0.0,0.0,0.0,94,3422.0,3423.0,56,3444.0,3430.0,3434.0,3422.0,2680.0,91830070.0,278624
2023-05-09 21:02:35,m2401,m2401,3422.0,1.0,34220.0,0.0,94,3422.0,3423.0,56,3444.0,3430.0,3434.0,3422.0,2681.0,91864290.0,278624
2023-05-09 21:02:36,m2401,m2401,3422.0,0.0,0.0,0.0,94,3422.0,3423.0,59,3444.0,3430.0,3434.0,3422.0,2681.0,91864290.0,278624
2023-05-09 21:02:36,m2401,m2401,3423.0,1.0,34230.0,-1.0,104,3422.0,3423.0,58,3444.0,3430.0,3434.0,3422.0,2682.0,91898520.0,278623
2023-05-09 21:02:37,m2401,m2401,3423.0,0.0,0.0,0.0,104,3422.0,3423.0,52,3444.0,3430.0,3434.0,3422.0,2682.0,91898520.0,278623
2023-05-09 21:02:37,m2401,m2401,3422.0,1.0,34220.0,1.0,103,3422.0,3423.0,52,3444.0,3430.0,3434.0,3422.0,2683.0,91932740.0,278624
2023-05-09 21:02:38,m2401,m2401,3423.0,52.0,1779960.0,29.0,106,3422.0,3424.0,57,3444.0,3430.0,3434.0,3422.0,2735.0,93712700.0,278653
2023-05-09 21:02:38,m2401,m2401,3424.0,2.0,68480.0,2.0,7,3423.0,3424.0,54,3444.0,3430.0,3434.0,3422.0,2737.0,93781180.0,278655
2023-05-09 21:02:39,m2401,m2401,3424.0,0.0,0.0,0.0,7,3423.0,3424.0,57,3444.0,3430.0,3434.0,3422.0,2737.0,93781180.0,278655
2023-05-09 21:02:39,m2401,m2401,3424.0,0.0,0.0,0.0,7,3423.0,3424.0,63,3444.0,3430.0,3434.0,3422.0,2737.0,93781180.0,278655
2023-05-09 21:02:40,m2401,m2401,3424.0,0.0,0.0,0.0,22,3423.0,3424.0,60,3444.0,3430.0,3434.0,3422.0,2737.0,93781180.0,278655
2023-05-09 21:02:40,m2401,m2401,3423.0,1.0,34230.0,0.0,21,3423.0,3424.0,60,3444.0,3430.0,3434.0,3422.0,2738.0,93815410.0,278655
2023-05-09 21:02:41,m2401,m2401,3423.0,15.0,513450.0,0.0,6,3423.0,3424.0,50,3444.0,3430.0,3434.0,3422.0,2753.0,94328860.0,278655
2023-05-09 21:02:42,m2401,m2401,3423.0,6.0,205380.0,5.0,112,3422.0,3424.0,55,3444.0,3430.0,3434.0,3422.0,2759.0,94534240.0,278660
2023-05-09 21:02:43,m2401,m2401,3423.0,4.0,136920.0,0.0,109,3422.0,3424.0,51,3444.0,3430.0,3434.0,3422.0,2763.0,94671160.0,278660
2023-05-09 21:02:43,m2401,m2401,3423.0,0.0,0.0,0.0,106,3422.0,3424.0,51,3444.0,3430.0,3434.0,3422.0,2763.0,94671160.0,278660
2023-05-09 21:02:44,m2401,m2401,3423.0,0.0,0.0,0.0,106,3422.0,3424.0,44,3444.0,3430.0,3434.0,3422.0,2763.0,94671160.0,278660
2023-05-09 21:02:44,m2401,m2401,3423.0,0.0,0.0,0.0,106,3422.0,3424.0,35,3444.0,3430.0,3434.0,3422.0,2763.0,94671160.0,278660
2023-05-09 21:02:45,m2401,m2401,3423.0,0.0,0.0,0.0,106,3422.0,3424.0,34,3444.0,3430.0,3434.0,3422.0,2763.0,94671160.0,278660
2023-05-09 21:02:45,m2401,m2401,3423.0,0.0,0.0,0.0,109,3422.0,3424.0,31,3444.0,3430.0,3434.0,3422.0,2763.0,94671160.0,278660
2023-05-09 21:02:46,m2401,m2401,3423.0,0.0,0.0,0.0,12,3423.0,3424.0,31,3444.0,3430.0,3434.0,3422.0,2763.0,94671160.0,278660
2023-05-09 21:02:46,m2401,m2401,3424.0,1.0,34240.0,0.0,17,3423.0,3424.0,30,3444.0,3430.0,3434.0,3422.0,2764.0,94705400.0,278660
2023-05-09 21:02:46,m2401,m2401,3424.0,0.0,0.0,0.0,18,3423.0,3424.0,30,3444.0,3430.0,3434.0,3422.0,2764.0,94705400.0,278660
2023-05-09 21:02:47,m2401,m2401,3424.0,0.0,0.0,0.0,19,3423.0,3424.0,30,3444.0,3430.0,3434.0,3422.0,2764.0,94705400.0,278660
2023-05-09 21:02:48,m2401,m2401,3424.0,0.0,0.0,0.0,19,3423.0,3424.0,24,3444.0,3430.0,3434.0,3422.0,2764.0,94705400.0,278660
2023-05-09 21:02:48,m2401,m2401,3424.0,0.0,0.0,0.0,32,3423.0,3424.0,24,3444.0,3430.0,3434.0,3422.0,2764.0,94705400.0,278660
2023-05-09 21:02:50,m2401,m2401,3424.0,0.0,0.0,0.0,37,3423.0,3424.0,24,3444.0,3430.0,3434.0,3422.0,2764.0,94705400.0,278660
2023-05-09 21:02:51,m2401,m2401,3424.0,0.0,0.0,0.0,40,3423.0,3424.0,14,3444.0,3430.0,3434.0,3422.0,2764.0,94705400.0,278660
2023-05-09 21:02:51,m2401,m2401,3424.0,4.0,136960.0,0.0,34,3423.0,3424.0,20,3444.0,3430.0,3434.0,3422.0,2768.0,94842360.0,278660
2023-05-09 21:02:52,m2401,m2401,3424.0,0.0,0.0,0.0,24,3423.0,3424.0,29,3444.0,3430.0,3434.0,3422.0,2768.0,94842360.0,278660
2023-05-09 21:02:52,m2401,m2401,3423.0,30.0,1026900.0,15.0,111,3422.0,3423.0,4,3444.0,3430.0,3434.0,3422.0,2798.0,95869260.0,278675
2023-05-09 21:02:53,m2401,m2401,3423.0,0.0,0.0,0.0,107,3422.0,3423.0,4,3444.0,3430.0,3434.0,3422.0,2798.0,95869260.0,278675
2023-05-09 21:02:54,m2401,m2401,3423.0,0.0,0.0,0.0,107,3422.0,3423.0,5,3444.0,3430.0,3434.0,3422.0,2798.0,95869260.0,278675
2023-05-09 21:02:54,m2401,m2401,3423.0,0.0,0.0,0.0,102,3422.0,3423.0,10,3444.0,3430.0,3434.0,3422.0,2798.0,95869260.0,278675
2023-05-09 21:02:55,m2401,m2401,3423.0,0.0,0.0,0.0,96,3422.0,3423.0,34,3444.0,3430.0,3434.0,3422.0,2798.0,95869260.0,278675
2023-05-09 21:02:56,m2401,m2401,3423.0,0.0,0.0,0.0,97,3422.0,3423.0,35,3444.0,3430.0,3434.0,3422.0,2798.0,95869260.0,278675
2023-05-09 21:02:56,m2401,m2401,3423.0,0.0,0.0,0.0,97,3422.0,3423.0,37,3444.0,3430.0,3434.0,3422.0,2798.0,95869260.0,278675
2023-05-09 21:02:57,m2401,m2401,3423.0,0.0,0.0,0.0,100,3422.0,3423.0,15,3444.0,3430.0,3434.0,3422.0,2798.0,95869260.0,278675
2023-05-09 21:02:57,m2401,m2401,3423.0,0.0,0.0,0.0,97,3422.0,3423.0,35,3444.0,3430.0,3434.0,3422.0,2798.0,95869260.0,278675
2023-05-09 21:02:58,m2401,m2401,3423.0,0.0,0.0,0.0,96,3422.0,3423.0,35,3444.0,3430.0,3434.0,3422.0,2798.0,95869260.0,278675
2023-05-09 21:02:58,m2401,m2401,3423.0,20.0,684600.0,17.0,86,3422.0,3423.0,25,3444.0,3430.0,3434.0,3422.0,2818.0,96553860.0,278692
2023-05-09 21:02:58,m2401,m2401,3423.0,0.0,0.0,0.0,86,3422.0,3423.0,32,3444.0,3430.0,3434.0,3422.0,2818.0,96553860.0,278692
2023-05-09 21:02:59,m2401,m2401,3423.0,77.0,2634950.0,29.0,8,3422.0,3423.0,44,3444.0,3430.0,3434.0,3422.0,2895.0,99188810.0,278721
2023-05-09 21:03:00,m2401,m2401,3422.0,17.0,581740.0,9.0,54,3421.0,3422.0,2,3444.0,3430.0,3434.0,3422.0,2912.0,99770550.0,278730
2023-05-09 21:03:00,m2401,m2401,3421.0,21.0,718520.0,3.0,38,3421.0,3422.0,44,3444.0,3430.0,3434.0,3421.0,2933.0,100489070.0,278733
2023-05-09 21:03:01,m2401,m2401,3421.0,0.0,0.0,0.0,59,3421.0,3422.0,44,3444.0,3430.0,3434.0,3421.0,2933.0,100489070.0,278733
2023-05-09 21:03:01,m2401,m2401,3421.0,0.0,0.0,0.0,56,3421.0,3422.0,35,3444.0,3430.0,3434.0,3421.0,2933.0,100489070.0,278733
2023-05-09 21:03:02,m2401,m2401,3422.0,1.0,34220.0,1.0,51,3421.0,3422.0,40,3444.0,3430.0,3434.0,3421.0,2934.0,100523290.0,278734
2023-05-09 21:03:02,m2401,m2401,3422.0,0.0,0.0,0.0,52,3421.0,3422.0,51,3444.0,3430.0,3434.0,3421.0,2934.0,100523290.0,278734
2023-05-09 21:03:04,m2401,m2401,3422.0,4.0,136880.0,0.0,52,3421.0,3422.0,33,3444.0,3430.0,3434.0,3421.0,2938.0,100660170.0,278734
2023-05-09 21:03:05,m2401,m2401,3422.0,45.0,1539900.0,31.0,65,3422.0,3423.0,73,3444.0,3430.0,3434.0,3421.0,2983.0,102200070.0,278765
2023-05-09 21:03:05,m2401,m2401,3422.0,1.0,34220.0,0.0,65,3422.0,3423.0,71,3444.0,3430.0,3434.0,3421.0,2984.0,102234290.0,278765
2023-05-09 21:03:06,m2401,m2401,3422.0,0.0,0.0,0.0,68,3422.0,3423.0,71,3444.0,3430.0,3434.0,3421.0,2984.0,102234290.0,278765
2023-05-09 21:03:07,m2401,m2401,3422.0,0.0,0.0,0.0,68,3422.0,3423.0,111,3444.0,3430.0,3434.0,3421.0,2984.0,102234290.0,278765
2023-05-09 21:03:07,m2401,m2401,3422.0,68.0,2326960.0,-10.0,57,3421.0,3422.0,3,3444.0,3430.0,3434.0,3421.0,3052.0,104561250.0,278755
2023-05-09 21:03:08,m2401,m2401,3422.0,0.0,0.0,0.0,57,3421.0,3422.0,4,3444.0,3430.0,3434.0,3421.0,3052.0,104561250.0,278755
2023-05-09 21:03:09,m2401,m2401,3422.0,0.0,0.0,0.0,58,3421.0,3422.0,14,3444.0,3430.0,3434.0,3421.0,3052.0,104561250.0,278755
2023-05-09 21:03:10,m2401,m2401,3422.0,0.0,0.0,0.0,55,3421.0,3422.0,14,3444.0,3430.0,3434.0,3421.0,3052.0,104561250.0,278755
2023-05-09 21:03:11,m2401,m2401,3422.0,1.0,34220.0,0.0,57,3421.0,3422.0,20,3444.0,3430.0,3434.0,3421.0,3053.0,104595470.0,278755
2023-05-09 21:03:11,m2401,m2401,3422.0,0.0,0.0,0.0,57,3421.0,3422.0,23,3444.0,3430.0,3434.0,3421.0,3053.0,104595470.0,278755
2023-05-09 21:03:12,m2401,m2401,3422.0,0.0,0.0,0.0,58,3421.0,3422.0,20,3444.0,3430.0,3434.0,3421.0,3053.0,104595470.0,278755
2023-05-09 21:03:12,m2401,m2401,3422.0,0.0,0.0,0.0,59,3421.0,3422.0,20,3444.0,3430.0,3434.0,3421.0,3053.0,104595470.0,278755
2023-05-09 21:03:13,m2401,m2401,3422.0,0.0,0.0,0.0,59,3421.0,3422.0,28,3444.0,3430.0,3434.0,3421.0,3053.0,104595470.0,278755
2023-05-09 21:03:14,m2401,m2401,3422.0,0.0,0.0,0.0,60,3421.0,3422.0,41,3444.0,3430.0,3434.0,3421.0,3053.0,104595470.0,278755
2023-05-09 21:03:14,m2401,m2401,3422.0,0.0,0.0,0.0,55,3421.0,3422.0,32,3444.0,3430.0,3434.0,3421.0,3053.0,104595470.0,278755
2023-05-09 21:03:15,m2401,m2401,3422.0,0.0,0.0,0.0,55,3421.0,3422.0,42,3444.0,3430.0,3434.0,3421.0,3053.0,104595470.0,278755
2023-05-09 21:03:15,m2401,m2401,3422.0,0.0,0.0,0.0,55,3421.0,3422.0,31,3444.0,3430.0,3434.0,3421.0,3053.0,104595470.0,278755
2023-05-09 21:03:16,m2401,m2401,3422.0,31.0,1060820.0,-3.0,29,3422.0,3423.0,149,3444.0,3430.0,3434.0,3421.0,3084.0,105656290.0,278752
2023-05-09 21:03:16,m2401,m2401,3422.0,2.0,68440.0,0.0,33,3422.0,3423.0,136,3444.0,3430.0,3434.0,3421.0,3086.0,105724730.0,278752
2023-05-09 21:03:17,m2401,m2401,3423.0,1.0,34230.0,1.0,39,3422.0,3423.0,142,3444.0,3430.0,3434.0,3421.0,3087.0,105758960.0,278753
2023-05-09 21:03:17,m2401,m2401,3422.0,1.0,34220.0,-1.0,38,3422.0,3423.0,148,3444.0,3430.0,3434.0,3421.0,3088.0,105793180.0,278752
2023-05-09 21:03:18,m2401,m2401,3423.0,1.0,34230.0,0.0,38,3422.0,3423.0,147,3444.0,3430.0,3434.0,3421.0,3089.0,105827410.0,278752
2023-05-09 21:03:18,m2401,m2401,3422.0,1.0,34220.0,-1.0,37,3422.0,3423.0,141,3444.0,3430.0,3434.0,3421.0,3090.0,105861630.0,278751
2023-05-09 21:03:19,m2401,m2401,3423.0,5.0,171150.0,5.0,37,3422.0,3423.0,136,3444.0,3430.0,3434.0,3421.0,3095.0,106032780.0,278756
2023-05-09 21:03:19,m2401,m2401,3423.0,0.0,0.0,0.0,37,3422.0,3423.0,142,3444.0,3430.0,3434.0,3421.0,3095.0,106032780.0,278756
2023-05-09 21:03:20,m2401,m2401,3422.0,37.0,1266140.0,-17.0,60,3421.0,3422.0,65,3444.0,3430.0,3434.0,3421.0,3132.0,107298920.0,278739
2023-05-09 21:03:20,m2401,m2401,3421.0,1.0,34210.0,-1.0,59,3421.0,3422.0,67,3444.0,3430.0,3434.0,3421.0,3133.0,107333130.0,278738
2023-05-09 21:03:20,m2401,m2401,3421.0,0.0,0.0,0.0,59,3421.0,3422.0,70,3444.0,3430.0,3434.0,3421.0,3133.0,107333130.0,278738
2023-05-09 21:03:21,m2401,m2401,3422.0,1.0,34220.0,0.0,59,3421.0,3422.0,66,3444.0,3430.0,3434.0,3421.0,3134.0,107367350.0,278738
2023-05-09 21:03:22,m2401,m2401,3422.0,0.0,0.0,0.0,60,3421.0,3422.0,66,3444.0,3430.0,3434.0,3421.0,3134.0,107367350.0,278738
2023-05-09 21:03:22,m2401,m2401,3420.0,58.0,1984040.0,34.0,104,3420.0,3421.0,26,3444.0,3430.0,3434.0,3420.0,3192.0,109351390.0,278772
2023-05-09 21:03:23,m2401,m2401,3420.0,25.0,855030.0,10.0,90,3420.0,3421.0,138,3444.0,3430.0,3434.0,3420.0,3217.0,110206420.0,278782
2023-05-09 21:03:23,m2401,m2401,3421.0,41.0,1402450.0,10.0,74,3420.0,3421.0,122,3444.0,3430.0,3434.0,3420.0,3258.0,111608870.0,278792
2023-05-09 21:03:24,m2401,m2401,3421.0,3.0,102630.0,0.0,74,3420.0,3421.0,116,3444.0,3430.0,3434.0,3420.0,3261.0,111711500.0,278792
2023-05-09 21:03:24,m2401,m2401,3421.0,0.0,0.0,0.0,74,3420.0,3421.0,126,3444.0,3430.0,3434.0,3420.0,3261.0,111711500.0,278792
2023-05-09 21:03:25,m2401,m2401,3420.0,1.0,34200.0,-1.0,73,3420.0,3421.0,123,3444.0,3430.0,3434.0,3420.0,3262.0,111745700.0,278791
2023-05-09 21:03:25,m2401,m2401,3420.0,0.0,0.0,0.0,74,3420.0,3421.0,123,3444.0,3430.0,3434.0,3420.0,3262.0,111745700.0,278791
2023-05-09 21:03:26,m2401,m2401,3420.0,10.0,342000.0,10.0,75,3420.0,3421.0,124,3444.0,3430.0,3434.0,3420.0,3272.0,112087700.0,278801
2023-05-09 21:03:26,m2401,m2401,3420.0,1.0,34200.0,-1.0,74,3420.0,3421.0,124,3444.0,3430.0,3434.0,3420.0,3273.0,112121900.0,278800
2023-05-09 21:03:27,m2401,m2401,3420.0,1.0,34200.0,-1.0,73,3420.0,3421.0,127,3444.0,3430.0,3434.0,3420.0,3274.0,112156100.0,278799
2023-05-09 21:03:27,m2401,m2401,3420.0,28.0,957600.0,6.0,45,3420.0,3421.0,125,3444.0,3430.0,3434.0,3420.0,3302.0,113113700.0,278805
2023-05-09 21:03:28,m2401,m2401,3420.0,21.0,718200.0,18.0,14,3420.0,3421.0,233,3444.0,3430.0,3434.0,3420.0,3323.0,113831900.0,278823
2023-05-09 21:03:28,m2401,m2401,3420.0,18.0,615600.0,9.0,64,3419.0,3420.0,18,3444.0,3430.0,3434.0,3420.0,3341.0,114447500.0,278832
2023-05-09 21:03:29,m2401,m2401,3420.0,0.0,0.0,0.0,60,3419.0,3420.0,13,3444.0,3430.0,3434.0,3420.0,3341.0,114447500.0,278832
2023-05-09 21:03:29,m2401,m2401,3420.0,2.0,68390.0,1.0,59,3419.0,3420.0,12,3444.0,3430.0,3434.0,3419.0,3343.0,114515890.0,278833
2023-05-09 21:03:30,m2401,m2401,3420.0,1.0,34200.0,0.0,59,3419.0,3420.0,13,3444.0,3430.0,3434.0,3419.0,3344.0,114550090.0,278833
2023-05-09 21:03:30,m2401,m2401,3420.0,0.0,0.0,0.0,56,3419.0,3420.0,17,3444.0,3430.0,3434.0,3419.0,3344.0,114550090.0,278833
2023-05-09 21:03:31,m2401,m2401,3419.0,10.0,341900.0,1.0,47,3419.0,3420.0,17,3444.0,3430.0,3434.0,3419.0,3354.0,114891990.0,278834
2023-05-09 21:03:31,m2401,m2401,3420.0,2.0,68400.0,0.0,47,3419.0,3420.0,25,3444.0,3430.0,3434.0,3419.0,3356.0,114960390.0,278834
2023-05-09 21:03:32,m2401,m2401,3420.0,0.0,0.0,0.0,48,3419.0,3420.0,28,3444.0,3430.0,3434.0,3419.0,3356.0,114960390.0,278834
2023-05-09 21:03:32,m2401,m2401,3420.0,0.0,0.0,0.0,49,3419.0,3420.0,28,3444.0,3430.0,3434.0,3419.0,3356.0,114960390.0,278834
2023-05-09 21:03:33,m2401,m2401,3420.0,0.0,0.0,0.0,49,3419.0,3420.0,25,3444.0,3430.0,3434.0,3419.0,3356.0,114960390.0,278834
2023-05-09 21:03:33,m2401,m2401,3420.0,0.0,0.0,0.0,51,3419.0,3420.0,25,3444.0,3430.0,3434.0,3419.0,3356.0,114960390.0,278834
2023-05-09 21:03:34,m2401,m2401,3420.0,0.0,0.0,0.0,53,3419.0,3420.0,25,3444.0,3430.0,3434.0,3419.0,3356.0,114960390.0,278834
2023-05-09 21:03:34,m2401,m2401,3420.0,5.0,171000.0,4.0,53,3419.0,3420.0,20,3444.0,3430.0,3434.0,3419.0,3361.0,115131390.0,278838
2023-05-09 21:03:35,m2401,m2401,3420.0,0.0,0.0,0.0,55,3419.0,3420.0,28,3444.0,3430.0,3434.0,3419.0,3361.0,115131390.0,278838
2023-05-09 21:03:35,m2401,m2401,3419.0,1.0,34190.0,0.0,104,3419.0,3420.0,13,3444.0,3430.0,3434.0,3419.0,3362.0,115165580.0,278838
2023-05-09 21:03:36,m2401,m2401,3420.0,10.0,342000.0,0.0,110,3419.0,3420.0,3,3444.0,3430.0,3434.0,3419.0,3372.0,115507580.0,278838
2023-05-09 21:03:37,m2401,m2401,3420.0,10.0,342000.0,9.0,110,3419.0,3420.0,10,3444.0,3430.0,3434.0,3419.0,3382.0,115849580.0,278847
2023-05-09 21:03:37,m2401,m2401,3420.0,0.0,0.0,0.0,110,3419.0,3421.0,236,3444.0,3430.0,3434.0,3419.0,3382.0,115849580.0,278847
2023-05-09 21:03:38,m2401,m2401,3420.0,0.0,0.0,0.0,110,3419.0,3420.0,6,3444.0,3430.0,3434.0,3419.0,3382.0,115849580.0,278847
2023-05-09 21:03:38,m2401,m2401,3420.0,0.0,0.0,0.0,110,3419.0,3420.0,8,3444.0,3430.0,3434.0,3419.0,3382.0,115849580.0,278847
2023-05-09 21:03:39,m2401,m2401,3420.0,8.0,273600.0,-2.0,10,3420.0,3421.0,238,3444.0,3430.0,3434.0,3419.0,3390.0,116123180.0,278845
2023-05-09 21:03:40,m2401,m2401,3420.0,2.0,68400.0,0.0,110,3419.0,3421.0,238,3444.0,3430.0,3434.0,3419.0,3392.0,116191580.0,278845
2023-05-09 21:03:41,m2401,m2401,3420.0,0.0,0.0,0.0,11,3420.0,3421.0,238,3444.0,3430.0,3434.0,3419.0,3392.0,116191580.0,278845
2023-05-09 21:03:41,m2401,m2401,3420.0,1.0,34200.0,0.0,11,3420.0,3421.0,238,3444.0,3430.0,3434.0,3419.0,3393.0,116225780.0,278845
2023-05-09 21:03:42,m2401,m2401,3420.0,0.0,0.0,0.0,11,3420.0,3421.0,239,3444.0,3430.0,3434.0,3419.0,3393.0,116225780.0,278845
2023-05-09 21:03:43,m2401,m2401,3420.0,0.0,0.0,0.0,14,3420.0,3421.0,236,3444.0,3430.0,3434.0,3419.0,3393.0,116225780.0,278845
2023-05-09 21:03:43,m2401,m2401,3420.0,0.0,0.0,0.0,70,3420.0,3421.0,136,3444.0,3430.0,3434.0,3419.0,3393.0,116225780.0,278845
2023-05-09 21:03:44,m2401,m2401,3420.0,99.0,3385800.0,-21.0,72,3419.0,3420.0,22,3444.0,3430.0,3434.0,3419.0,3492.0,119611580.0,278824
2023-05-09 21:03:44,m2401,m2401,3420.0,26.0,889200.0,-22.0,21,3420.0,3421.0,125,3444.0,3430.0,3434.0,3419.0,3518.0,120500780.0,278802
2023-05-09 21:03:45,m2401,m2401,3420.0,0.0,0.0,0.0,31,3420.0,3421.0,109,3444.0,3430.0,3434.0,3419.0,3518.0,120500780.0,278802
2023-05-09 21:03:45,m2401,m2401,3420.0,20.0,684000.0,-1.0,1,3420.0,3421.0,113,3444.0,3430.0,3434.0,3419.0,3538.0,121184780.0,278801
2023-05-09 21:03:46,m2401,m2401,3421.0,1.0,34210.0,1.0,11,3420.0,3421.0,114,3444.0,3430.0,3434.0,3419.0,3539.0,121218990.0,278802
2023-05-09 21:03:46,m2401,m2401,3421.0,0.0,0.0,0.0,11,3420.0,3421.0,117,3444.0,3430.0,3434.0,3419.0,3539.0,121218990.0,278802
2023-05-09 21:03:47,m2401,m2401,3421.0,0.0,0.0,0.0,6,3420.0,3421.0,213,3444.0,3430.0,3434.0,3419.0,3539.0,121218990.0,278802
2023-05-09 21:03:47,m2401,m2401,3421.0,0.0,0.0,0.0,6,3420.0,3421.0,229,3444.0,3430.0,3434.0,3419.0,3539.0,121218990.0,278802
2023-05-09 21:03:48,m2401,m2401,3421.0,1.0,34210.0,1.0,6,3420.0,3421.0,228,3444.0,3430.0,3434.0,3419.0,3540.0,121253200.0,278803
2023-05-09 21:03:48,m2401,m2401,3421.0,1.0,34210.0,1.0,6,3420.0,3421.0,227,3444.0,3430.0,3434.0,3419.0,3541.0,121287410.0,278804
2023-05-09 21:03:49,m2401,m2401,3420.0,10.0,342000.0,10.0,1,3420.0,3421.0,227,3444.0,3430.0,3434.0,3419.0,3551.0,121629410.0,278814
2023-05-09 21:03:49,m2401,m2401,3420.0,1.0,34200.0,1.0,81,3419.0,3420.0,11,3444.0,3430.0,3434.0,3419.0,3552.0,121663610.0,278815
2023-05-09 21:03:50,m2401,m2401,3420.0,0.0,0.0,0.0,81,3419.0,3420.0,3,3444.0,3430.0,3434.0,3419.0,3552.0,121663610.0,278815
2023-05-09 21:03:51,m2401,m2401,3420.0,2.0,68400.0,1.0,81,3419.0,3420.0,2,3444.0,3430.0,3434.0,3419.0,3554.0,121732010.0,278816
2023-05-09 21:03:51,m2401,m2401,3420.0,0.0,0.0,0.0,81,3419.0,3420.0,1,3444.0,3430.0,3434.0,3419.0,3554.0,121732010.0,278816
2023-05-09 21:03:52,m2401,m2401,3420.0,1.0,34200.0,-1.0,12,3420.0,3421.0,148,3444.0,3430.0,3434.0,3419.0,3555.0,121766210.0,278815
2023-05-09 21:03:53,m2401,m2401,3420.0,0.0,0.0,0.0,12,3420.0,3421.0,139,3444.0,3430.0,3434.0,3419.0,3555.0,121766210.0,278815
2023-05-09 21:03:53,m2401,m2401,3420.0,0.0,0.0,0.0,1,3420.0,3421.0,138,3444.0,3430.0,3434.0,3419.0,3555.0,121766210.0,278815
2023-05-09 21:03:54,m2401,m2401,3420.0,0.0,0.0,0.0,11,3420.0,3421.0,118,3444.0,3430.0,3434.0,3419.0,3555.0,121766210.0,278815
2023-05-09 21:03:54,m2401,m2401,3420.0,0.0,0.0,0.0,12,3420.0,3421.0,112,3444.0,3430.0,3434.0,3419.0,3555.0,121766210.0,278815
2023-05-09 21:03:55,m2401,m2401,3420.0,7.0,239400.0,0.0,5,3420.0,3421.0,112,3444.0,3430.0,3434.0,3419.0,3562.0,122005610.0,278815
2023-05-09 21:03:56,m2401,m2401,3420.0,0.0,0.0,0.0,5,3420.0,3421.0,152,3444.0,3430.0,3434.0,3419.0,3562.0,122005610.0,278815
2023-05-09 21:03:56,m2401,m2401,3420.0,12.0,410400.0,-11.0,85,3419.0,3420.0,39,3444.0,3430.0,3434.0,3419.0,3574.0,122416010.0,278804
2023-05-09 21:03:57,m2401,m2401,3420.0,0.0,0.0,0.0,86,3419.0,3420.0,31,3444.0,3430.0,3434.0,3419.0,3574.0,122416010.0,278804
2023-05-09 21:03:57,m2401,m2401,3420.0,0.0,0.0,0.0,86,3419.0,3420.0,41,3444.0,3430.0,3434.0,3419.0,3574.0,122416010.0,278804
2023-05-09 21:03:58,m2401,m2401,3420.0,0.0,0.0,0.0,86,3419.0,3420.0,13,3444.0,3430.0,3434.0,3419.0,3574.0,122416010.0,278804
2023-05-09 21:03:59,m2401,m2401,3420.0,0.0,0.0,0.0,87,3419.0,3420.0,22,3444.0,3430.0,3434.0,3419.0,3574.0,122416010.0,278804
2023-05-09 21:04:00,m2401,m2401,3420.0,0.0,0.0,0.0,83,3419.0,3420.0,33,3444.0,3430.0,3434.0,3419.0,3574.0,122416010.0,278804
2023-05-09 21:04:01,m2401,m2401,3420.0,1.0,34200.0,1.0,86,3419.0,3420.0,42,3444.0,3430.0,3434.0,3419.0,3575.0,122450210.0,278805
2023-05-09 21:04:01,m2401,m2401,3420.0,0.0,0.0,0.0,86,3419.0,3420.0,43,3444.0,3430.0,3434.0,3419.0,3575.0,122450210.0,278805
2023-05-09 21:04:02,m2401,m2401,3420.0,0.0,0.0,0.0,77,3419.0,3420.0,43,3444.0,3430.0,3434.0,3419.0,3575.0,122450210.0,278805
2023-05-09 21:04:02,m2401,m2401,3420.0,0.0,0.0,0.0,84,3419.0,3420.0,71,3444.0,3430.0,3434.0,3419.0,3575.0,122450210.0,278805
2023-05-09 21:04:03,m2401,m2401,3419.0,45.0,1538550.0,-11.0,33,3419.0,3420.0,34,3444.0,3430.0,3434.0,3419.0,3620.0,123988760.0,278794
2023-05-09 21:04:04,m2401,m2401,3419.0,48.0,1641120.0,15.0,79,3418.0,3419.0,1,3444.0,3430.0,3434.0,3419.0,3668.0,125629880.0,278809
2023-05-09 21:04:04,m2401,m2401,3419.0,1.0,34190.0,0.0,73,3418.0,3419.0,22,3444.0,3430.0,3434.0,3419.0,3669.0,125664070.0,278809
2023-05-09 21:04:05,m2401,m2401,3419.0,8.0,273520.0,6.0,73,3418.0,3419.0,12,3444.0,3430.0,3434.0,3419.0,3677.0,125937590.0,278815
2023-05-09 21:04:05,m2401,m2401,3419.0,0.0,0.0,0.0,83,3418.0,3419.0,22,3444.0,3430.0,3434.0,3419.0,3677.0,125937590.0,278815
2023-05-09 21:04:06,m2401,m2401,3419.0,0.0,0.0,0.0,81,3418.0,3419.0,12,3444.0,3430.0,3434.0,3419.0,3677.0,125937590.0,278815
2023-05-09 21:04:06,m2401,m2401,3419.0,12.0,410280.0,10.0,8,3419.0,3420.0,131,3444.0,3430.0,3434.0,3419.0,3689.0,126347870.0,278825
2023-05-09 21:04:07,m2401,m2401,3419.0,0.0,0.0,0.0,14,3419.0,3420.0,162,3444.0,3430.0,3434.0,3419.0,3689.0,126347870.0,278825
2023-05-09 21:04:07,m2401,m2401,3419.0,0.0,0.0,0.0,16,3419.0,3420.0,162,3444.0,3430.0,3434.0,3419.0,3689.0,126347870.0,278825
2023-05-09 21:04:08,m2401,m2401,3419.0,0.0,0.0,0.0,17,3419.0,3420.0,162,3444.0,3430.0,3434.0,3419.0,3689.0,126347870.0,278825
2023-05-09 21:04:09,m2401,m2401,3419.0,0.0,0.0,0.0,19,3419.0,3420.0,162,3444.0,3430.0,3434.0,3419.0,3689.0,126347870.0,278825
2023-05-09 21:04:09,m2401,m2401,3419.0,19.0,649610.0,-12.0,73,3418.0,3419.0,54,3444.0,3430.0,3434.0,3419.0,3708.0,126997480.0,278813
2023-05-09 21:04:10,m2401,m2401,3419.0,0.0,0.0,0.0,70,3418.0,3419.0,16,3444.0,3430.0,3434.0,3419.0,3708.0,126997480.0,278813
2023-05-09 21:04:10,m2401,m2401,3419.0,31.0,1059890.0,5.0,83,3418.0,3420.0,153,3444.0,3430.0,3434.0,3419.0,3739.0,128057370.0,278818
2023-05-09 21:04:11,m2401,m2401,3419.0,0.0,0.0,0.0,10,3419.0,3420.0,134,3444.0,3430.0,3434.0,3419.0,3739.0,128057370.0,278818
2023-05-09 21:04:11,m2401,m2401,3419.0,0.0,0.0,0.0,16,3419.0,3420.0,134,3444.0,3430.0,3434.0,3419.0,3739.0,128057370.0,278818
2023-05-09 21:04:11,m2401,m2401,3419.0,0.0,0.0,0.0,17,3419.0,3420.0,130,3444.0,3430.0,3434.0,3419.0,3739.0,128057370.0,278818
2023-05-09 21:04:13,m2401,m2401,3419.0,0.0,0.0,0.0,20,3419.0,3420.0,37,3444.0,3430.0,3434.0,3419.0,3739.0,128057370.0,278818
2023-05-09 21:04:13,m2401,m2401,3419.0,0.0,0.0,0.0,33,3419.0,3420.0,34,3444.0,3430.0,3434.0,3419.0,3739.0,128057370.0,278818
2023-05-09 21:04:14,m2401,m2401,3420.0,1.0,34200.0,0.0,34,3419.0,3420.0,33,3444.0,3430.0,3434.0,3419.0,3740.0,128091570.0,278818
2023-05-09 21:04:14,m2401,m2401,3420.0,1.0,34200.0,0.0,34,3419.0,3420.0,22,3444.0,3430.0,3434.0,3419.0,3741.0,128125770.0,278818
2023-05-09 21:04:15,m2401,m2401,3420.0,0.0,0.0,0.0,35,3419.0,3420.0,23,3444.0,3430.0,3434.0,3419.0,3741.0,128125770.0,278818
2023-05-09 21:04:15,m2401,m2401,3420.0,0.0,0.0,0.0,20,3419.0,3420.0,40,3444.0,3430.0,3434.0,3419.0,3741.0,128125770.0,278818
2023-05-09 21:04:16,m2401,m2401,3420.0,1.0,34200.0,0.0,22,3419.0,3420.0,41,3444.0,3430.0,3434.0,3419.0,3742.0,128159970.0,278818
2023-05-09 21:04:16,m2401,m2401,3420.0,0.0,0.0,0.0,34,3419.0,3420.0,41,3444.0,3430.0,3434.0,3419.0,3742.0,128159970.0,278818
2023-05-09 21:04:17,m2401,m2401,3420.0,0.0,0.0,0.0,38,3419.0,3420.0,41,3444.0,3430.0,3434.0,3419.0,3742.0,128159970.0,278818
2023-05-09 21:04:17,m2401,m2401,3420.0,1.0,34200.0,0.0,21,3419.0,3420.0,170,3444.0,3430.0,3434.0,3419.0,3743.0,128194170.0,278818
2023-05-09 21:04:18,m2401,m2401,3420.0,0.0,0.0,0.0,36,3419.0,3420.0,42,3444.0,3430.0,3434.0,3419.0,3743.0,128194170.0,278818
2023-05-09 21:04:18,m2401,m2401,3420.0,39.0,1333800.0,-15.0,40,3419.0,3421.0,249,3444.0,3430.0,3434.0,3419.0,3782.0,129527970.0,278803
2023-05-09 21:04:19,m2401,m2401,3421.0,9.0,307890.0,9.0,9,3420.0,3421.0,238,3444.0,3430.0,3434.0,3419.0,3791.0,129835860.0,278812
2023-05-09 21:04:19,m2401,m2401,3421.0,0.0,0.0,0.0,20,3420.0,3421.0,122,3444.0,3430.0,3434.0,3419.0,3791.0,129835860.0,278812
2023-05-09 21:04:20,m2401,m2401,3421.0,0.0,0.0,0.0,11,3420.0,3421.0,120,3444.0,3430.0,3434.0,3419.0,3791.0,129835860.0,278812
2023-05-09 21:04:20,m2401,m2401,3421.0,0.0,0.0,0.0,35,3420.0,3421.0,106,3444.0,3430.0,3434.0,3419.0,3791.0,129835860.0,278812
2023-05-09 21:04:21,m2401,m2401,3421.0,0.0,0.0,0.0,35,3420.0,3421.0,112,3444.0,3430.0,3434.0,3419.0,3791.0,129835860.0,278812
2023-05-09 21:04:21,m2401,m2401,3421.0,13.0,444730.0,-3.0,22,3420.0,3421.0,129,3444.0,3430.0,3434.0,3419.0,3804.0,130280590.0,278809
2023-05-09 21:04:22,m2401,m2401,3420.0,19.0,649800.0,-15.0,51,3419.0,3420.0,17,3444.0,3430.0,3434.0,3419.0,3823.0,130930390.0,278794
2023-05-09 21:04:22,m2401,m2401,3420.0,19.0,649800.0,14.0,3,3420.0,3421.0,247,3444.0,3430.0,3434.0,3419.0,3842.0,131580190.0,278808
2023-05-09 21:04:23,m2401,m2401,3420.0,0.0,0.0,0.0,4,3420.0,3421.0,247,3444.0,3430.0,3434.0,3419.0,3842.0,131580190.0,278808
2023-05-09 21:04:24,m2401,m2401,3420.0,0.0,0.0,0.0,19,3420.0,3421.0,247,3444.0,3430.0,3434.0,3419.0,3842.0,131580190.0,278808
2023-05-09 21:04:24,m2401,m2401,3420.0,0.0,0.0,0.0,19,3420.0,3421.0,246,3444.0,3430.0,3434.0,3419.0,3842.0,131580190.0,278808
2023-05-09 21:04:25,m2401,m2401,3420.0,19.0,649800.0,9.0,50,3419.0,3420.0,6,3444.0,3430.0,3434.0,3419.0,3861.0,132229990.0,278817
2023-05-09 21:04:25,m2401,m2401,3420.0,0.0,0.0,0.0,48,3419.0,3420.0,89,3444.0,3430.0,3434.0,3419.0,3861.0,132229990.0,278817
2023-05-09 21:04:26,m2401,m2401,3420.0,0.0,0.0,0.0,45,3419.0,3420.0,131,3444.0,3430.0,3434.0,3419.0,3861.0,132229990.0,278817
2023-05-09 21:04:26,m2401,m2401,3420.0,0.0,0.0,0.0,46,3419.0,3420.0,134,3444.0,3430.0,3434.0,3419.0,3861.0,132229990.0,278817
2023-05-09 21:04:27,m2401,m2401,3420.0,12.0,410400.0,0.0,46,3419.0,3420.0,4,3444.0,3430.0,3434.0,3419.0,3873.0,132640390.0,278817
2023-05-09 21:04:28,m2401,m2401,3420.0,29.0,991860.0,0.0,9,3420.0,3421.0,223,3444.0,3430.0,3434.0,3419.0,3902.0,133632250.0,278817
2023-05-09 21:04:28,m2401,m2401,3421.0,5.0,171040.0,-1.0,5,3420.0,3421.0,218,3444.0,3430.0,3434.0,3419.0,3907.0,133803290.0,278816
2023-05-09 21:04:30,m2401,m2401,3421.0,0.0,0.0,0.0,12,3420.0,3421.0,218,3444.0,3430.0,3434.0,3419.0,3907.0,133803290.0,278816
2023-05-09 21:04:30,m2401,m2401,3421.0,0.0,0.0,0.0,12,3420.0,3421.0,212,3444.0,3430.0,3434.0,3419.0,3907.0,133803290.0,278816
2023-05-09 21:04:31,m2401,m2401,3421.0,0.0,0.0,0.0,1,3420.0,3421.0,212,3444.0,3430.0,3434.0,3419.0,3907.0,133803290.0,278816
2023-05-09 21:04:32,m2401,m2401,3421.0,0.0,0.0,0.0,12,3420.0,3421.0,212,3444.0,3430.0,3434.0,3419.0,3907.0,133803290.0,278816
2023-05-09 21:04:32,m2401,m2401,3420.0,2.0,68410.0,0.0,14,3420.0,3421.0,208,3444.0,3430.0,3434.0,3419.0,3909.0,133871700.0,278816
2023-05-09 21:04:33,m2401,m2401,3420.0,0.0,0.0,0.0,65,3420.0,3421.0,211,3444.0,3430.0,3434.0,3419.0,3909.0,133871700.0,278816
2023-05-09 21:04:33,m2401,m2401,3420.0,0.0,0.0,0.0,65,3420.0,3421.0,208,3444.0,3430.0,3434.0,3419.0,3909.0,133871700.0,278816
2023-05-09 21:04:34,m2401,m2401,3420.0,0.0,0.0,0.0,71,3420.0,3421.0,208,3444.0,3430.0,3434.0,3419.0,3909.0,133871700.0,278816
2023-05-09 21:04:35,m2401,m2401,3420.0,0.0,0.0,0.0,72,3420.0,3421.0,205,3444.0,3430.0,3434.0,3419.0,3909.0,133871700.0,278816
2023-05-09 21:04:35,m2401,m2401,3420.0,0.0,0.0,0.0,72,3420.0,3421.0,206,3444.0,3430.0,3434.0,3419.0,3909.0,133871700.0,278816
2023-05-09 21:04:36,m2401,m2401,3420.0,72.0,2462400.0,50.0,48,3419.0,3420.0,71,3444.0,3430.0,3434.0,3419.0,3981.0,136334100.0,278866
2023-05-09 21:04:37,m2401,m2401,3420.0,1.0,34200.0,1.0,45,3419.0,3420.0,72,3444.0,3430.0,3434.0,3419.0,3982.0,136368300.0,278867
2023-05-09 21:04:37,m2401,m2401,3420.0,1.0,34200.0,0.0,45,3419.0,3420.0,71,3444.0,3430.0,3434.0,3419.0,3983.0,136402500.0,278867
2023-05-09 21:04:38,m2401,m2401,3419.0,43.0,1470170.0,-21.0,82,3418.0,3419.0,28,3444.0,3430.0,3434.0,3419.0,4026.0,137872670.0,278846
2023-05-09 21:04:38,m2401,m2401,3419.0,23.0,786320.0,-2.0,73,3418.0,3419.0,39,3444.0,3430.0,3434.0,3418.0,4049.0,138658990.0,278844
2023-05-09 21:04:39,m2401,m2401,3419.0,1.0,34190.0,-1.0,70,3418.0,3419.0,46,3444.0,3430.0,3434.0,3418.0,4050.0,138693180.0,278843
2023-05-09 21:04:39,m2401,m2401,3419.0,0.0,0.0,0.0,70,3418.0,3419.0,31,3444.0,3430.0,3434.0,3418.0,4050.0,138693180.0,278843
2023-05-09 21:04:40,m2401,m2401,3419.0,0.0,0.0,0.0,69,3418.0,3419.0,31,3444.0,3430.0,3434.0,3418.0,4050.0,138693180.0,278843
2023-05-09 21:04:40,m2401,m2401,3419.0,2.0,68380.0,1.0,66,3418.0,3419.0,30,3444.0,3430.0,3434.0,3418.0,4052.0,138761560.0,278844
2023-05-09 21:04:41,m2401,m2401,3419.0,4.0,136760.0,0.0,69,3418.0,3419.0,26,3444.0,3430.0,3434.0,3418.0,4056.0,138898320.0,278844
2023-05-09 21:04:41,m2401,m2401,3419.0,0.0,0.0,0.0,63,3418.0,3419.0,32,3444.0,3430.0,3434.0,3418.0,4056.0,138898320.0,278844
2023-05-09 21:04:42,m2401,m2401,3418.0,18.0,615240.0,18.0,29,3418.0,3419.0,151,3444.0,3430.0,3434.0,3418.0,4074.0,139513560.0,278862
2023-05-09 21:04:42,m2401,m2401,3418.0,31.0,1059580.0,20.0,145,3417.0,3418.0,11,3444.0,3430.0,3434.0,3418.0,4105.0,140573140.0,278882
2023-05-09 21:04:43,m2401,m2401,3417.0,25.0,854260.0,8.0,115,3417.0,3418.0,22,3444.0,3430.0,3434.0,3417.0,4130.0,141427400.0,278890
2023-05-09 21:04:43,m2401,m2401,3417.0,0.0,0.0,0.0,109,3417.0,3418.0,26,3444.0,3430.0,3434.0,3417.0,4130.0,141427400.0,278890
2023-05-09 21:04:45,m2401,m2401,3417.0,0.0,0.0,0.0,89,3417.0,3418.0,26,3444.0,3430.0,3434.0,3417.0,4130.0,141427400.0,278890
2023-05-09 21:04:46,m2401,m2401,3417.0,0.0,0.0,0.0,89,3417.0,3418.0,28,3444.0,3430.0,3434.0,3417.0,4130.0,141427400.0,278890
2023-05-09 21:04:46,m2401,m2401,3417.0,0.0,0.0,0.0,89,3417.0,3418.0,34,3444.0,3430.0,3434.0,3417.0,4130.0,141427400.0,278890
2023-05-09 21:04:47,m2401,m2401,3417.0,0.0,0.0,0.0,89,3417.0,3418.0,40,3444.0,3430.0,3434.0,3417.0,4130.0,141427400.0,278890
2023-05-09 21:04:48,m2401,m2401,3417.0,10.0,341700.0,0.0,79,3417.0,3418.0,162,3444.0,3430.0,3434.0,3417.0,4140.0,141769100.0,278890
2023-05-09 21:04:48,m2401,m2401,3418.0,2.0,68350.0,2.0,67,3417.0,3418.0,163,3444.0,3430.0,3434.0,3417.0,4142.0,141837450.0,278892
2023-05-09 21:04:49,m2401,m2401,3418.0,0.0,0.0,0.0,67,3417.0,3418.0,164,3444.0,3430.0,3434.0,3417.0,4142.0,141837450.0,278892
2023-05-09 21:04:49,m2401,m2401,3417.0,1.0,34170.0,1.0,76,3417.0,3418.0,164,3444.0,3430.0,3434.0,3417.0,4143.0,141871620.0,278893
2023-05-09 21:04:50,m2401,m2401,3417.0,0.0,0.0,0.0,76,3417.0,3418.0,165,3444.0,3430.0,3434.0,3417.0,4143.0,141871620.0,278893
2023-05-09 21:04:50,m2401,m2401,3417.0,1.0,34170.0,1.0,75,3417.0,3418.0,166,3444.0,3430.0,3434.0,3417.0,4144.0,141905790.0,278894
2023-05-09 21:04:51,m2401,m2401,3417.0,19.0,649230.0,0.0,67,3417.0,3418.0,163,3444.0,3430.0,3434.0,3417.0,4163.0,142555020.0,278894
2023-05-09 21:04:51,m2401,m2401,3417.0,7.0,239190.0,7.0,49,3417.0,3418.0,167,3444.0,3430.0,3434.0,3417.0,4170.0,142794210.0,278901
2023-05-09 21:04:52,m2401,m2401,3417.0,0.0,0.0,0.0,49,3417.0,3418.0,175,3444.0,3430.0,3434.0,3417.0,4170.0,142794210.0,278901
2023-05-09 21:04:52,m2401,m2401,3417.0,2.0,68340.0,2.0,48,3417.0,3418.0,178,3444.0,3430.0,3434.0,3417.0,4172.0,142862550.0,278903
2023-05-09 21:04:53,m2401,m2401,3417.0,10.0,341700.0,-2.0,38,3417.0,3418.0,181,3444.0,3430.0,3434.0,3417.0,4182.0,143204250.0,278901
2023-05-09 21:04:53,m2401,m2401,3418.0,1.0,34180.0,1.0,39,3417.0,3418.0,183,3444.0,3430.0,3434.0,3417.0,4183.0,143238430.0,278902
2023-05-09 21:04:54,m2401,m2401,3418.0,0.0,0.0,0.0,50,3417.0,3418.0,184,3444.0,3430.0,3434.0,3417.0,4183.0,143238430.0,278902
2023-05-09 21:04:54,m2401,m2401,3418.0,1.0,34180.0,1.0,50,3417.0,3418.0,163,3444.0,3430.0,3434.0,3417.0,4184.0,143272610.0,278903
2023-05-09 21:04:55,m2401,m2401,3417.0,101.0,3452170.0,-28.0,62,3417.0,3418.0,83,3444.0,3430.0,3434.0,3417.0,4285.0,146724780.0,278875
2023-05-09 21:04:55,m2401,m2401,3417.0,1.0,34170.0,-1.0,61,3417.0,3418.0,88,3444.0,3430.0,3434.0,3417.0,4286.0,146758950.0,278874
2023-05-09 21:04:56,m2401,m2401,3418.0,70.0,2392600.0,51.0,16,3418.0,3419.0,73,3444.0,3430.0,3434.0,3417.0,4356.0,149151550.0,278925
2023-05-09 21:04:56,m2401,m2401,3418.0,23.0,786140.0,4.0,70,3418.0,3419.0,199,3444.0,3430.0,3434.0,3417.0,4379.0,149937690.0,278929
2023-05-09 21:04:57,m2401,m2401,3418.0,10.0,341800.0,-7.0,60,3418.0,3419.0,93,3444.0,3430.0,3434.0,3417.0,4389.0,150279490.0,278922
2023-05-09 21:04:57,m2401,m2401,3418.0,0.0,0.0,0.0,71,3418.0,3419.0,81,3444.0,3430.0,3434.0,3417.0,4389.0,150279490.0,278922
2023-05-09 21:04:58,m2401,m2401,3418.0,0.0,0.0,0.0,71,3418.0,3419.0,207,3444.0,3430.0,3434.0,3417.0,4389.0,150279490.0,278922
2023-05-09 21:04:58,m2401,m2401,3418.0,0.0,0.0,0.0,77,3418.0,3419.0,148,3444.0,3430.0,3434.0,3417.0,4389.0,150279490.0,278922
2023-05-09 21:04:59,m2401,m2401,3420.0,150.0,5129160.0,49.0,55,3419.0,3420.0,20,3444.0,3430.0,3434.0,3417.0,4539.0,155408650.0,278971
2023-05-09 21:04:59,m2401,m2401,3420.0,25.0,855000.0,-5.0,1,3420.0,3421.0,90,3444.0,3430.0,3434.0,3417.0,4564.0,156263650.0,278966
2023-05-09 21:05:00,m2401,m2401,3420.0,43.0,1470600.0,-22.0,3,3420.0,3421.0,98,3444.0,3430.0,3434.0,3417.0,4607.0,157734250.0,278944
2023-05-09 21:05:00,m2401,m2401,3420.0,4.0,136800.0,-3.0,78,3419.0,3420.0,11,3444.0,3430.0,3434.0,3417.0,4611.0,157871050.0,278941
2023-05-09 21:05:01,m2401,m2401,3419.0,1.0,34190.0,0.0,82,3419.0,3420.0,5,3444.0,3430.0,3434.0,3417.0,4612.0,157905240.0,278941
2023-05-09 21:05:01,m2401,m2401,3419.0,0.0,0.0,0.0,83,3419.0,3420.0,6,3444.0,3430.0,3434.0,3417.0,4612.0,157905240.0,278941
2023-05-09 21:05:02,m2401,m2401,3419.0,0.0,0.0,0.0,84,3419.0,3420.0,6,3444.0,3430.0,3434.0,3417.0,4612.0,157905240.0,278941
2023-05-09 21:05:02,m2401,m2401,3419.0,0.0,0.0,0.0,78,3419.0,3420.0,57,3444.0,3430.0,3434.0,3417.0,4612.0,157905240.0,278941
2023-05-09 21:05:03,m2401,m2401,3419.0,0.0,0.0,0.0,87,3419.0,3420.0,55,3444.0,3430.0,3434.0,3417.0,4612.0,157905240.0,278941
2023-05-09 21:05:04,m2401,m2401,3419.0,77.0,2632630.0,-59.0,90,3418.0,3419.0,12,3444.0,3430.0,3434.0,3417.0,4689.0,160537870.0,278882
2023-05-09 21:05:05,m2401,m2401,3419.0,0.0,0.0,0.0,87,3418.0,3419.0,2,3444.0,3430.0,3434.0,3417.0,4689.0,160537870.0,278882
2023-05-09 21:05:05,m2401,m2401,3419.0,2.0,68380.0,0.0,87,3418.0,3420.0,150,3444.0,3430.0,3434.0,3417.0,4691.0,160606250.0,278882
2023-05-09 21:05:06,m2401,m2401,3419.0,23.0,786370.0,0.0,99,3418.0,3419.0,27,3444.0,3430.0,3434.0,3417.0,4714.0,161392620.0,278882
2023-05-09 21:05:06,m2401,m2401,3419.0,28.0,957320.0,0.0,11,3419.0,3420.0,46,3444.0,3430.0,3434.0,3417.0,4742.0,162349940.0,278882
2023-05-09 21:05:07,m2401,m2401,3419.0,0.0,0.0,0.0,14,3419.0,3420.0,46,3444.0,3430.0,3434.0,3417.0,4742.0,162349940.0,278882
2023-05-09 21:05:08,m2401,m2401,3419.0,5.0,170950.0,0.0,15,3419.0,3420.0,42,3444.0,3430.0,3434.0,3417.0,4747.0,162520890.0,278882
2023-05-09 21:05:08,m2401,m2401,3419.0,0.0,0.0,0.0,15,3419.0,3420.0,39,3444.0,3430.0,3434.0,3417.0,4747.0,162520890.0,278882
2023-05-09 21:05:09,m2401,m2401,3419.0,1.0,34190.0,-1.0,14,3419.0,3420.0,39,3444.0,3430.0,3434.0,3417.0,4748.0,162555080.0,278881
2023-05-09 21:05:09,m2401,m2401,3419.0,0.0,0.0,0.0,15,3419.0,3420.0,42,3444.0,3430.0,3434.0,3417.0,4748.0,162555080.0,278881
2023-05-09 21:05:11,m2401,m2401,3420.0,3.0,102600.0,0.0,15,3419.0,3420.0,39,3444.0,3430.0,3434.0,3417.0,4751.0,162657680.0,278881
2023-05-09 21:05:11,m2401,m2401,3419.0,11.0,376090.0,4.0,133,3418.0,3419.0,11,3444.0,3430.0,3434.0,3417.0,4762.0,163033770.0,278885
2023-05-09 21:05:12,m2401,m2401,3419.0,1.0,34190.0,0.0,130,3418.0,3419.0,11,3444.0,3430.0,3434.0,3417.0,4763.0,163067960.0,278885
2023-05-09 21:05:12,m2401,m2401,3419.0,0.0,0.0,0.0,130,3418.0,3419.0,13,3444.0,3430.0,3434.0,3417.0,4763.0,163067960.0,278885
2023-05-09 21:05:13,m2401,m2401,3419.0,1.0,34190.0,0.0,127,3418.0,3419.0,12,3444.0,3430.0,3434.0,3417.0,4764.0,163102150.0,278885
2023-05-09 21:05:13,m2401,m2401,3419.0,1.0,34190.0,0.0,127,3418.0,3419.0,11,3444.0,3430.0,3434.0,3417.0,4765.0,163136340.0,278885
2023-05-09 21:05:14,m2401,m2401,3418.0,2.0,68360.0,-1.0,117,3418.0,3419.0,18,3444.0,3430.0,3434.0,3417.0,4767.0,163204700.0,278884
2023-05-09 21:05:15,m2401,m2401,3419.0,8.0,273520.0,-6.0,120,3418.0,3419.0,18,3444.0,3430.0,3434.0,3417.0,4775.0,163478220.0,278878
2023-05-09 21:05:15,m2401,m2401,3419.0,1.0,34190.0,1.0,120,3418.0,3419.0,18,3444.0,3430.0,3434.0,3417.0,4776.0,163512410.0,278879
2023-05-09 21:05:16,m2401,m2401,3419.0,1.0,34190.0,0.0,120,3418.0,3419.0,17,3444.0,3430.0,3434.0,3417.0,4777.0,163546600.0,278879
2023-05-09 21:05:16,m2401,m2401,3419.0,0.0,0.0,0.0,126,3418.0,3419.0,6,3444.0,3430.0,3434.0,3417.0,4777.0,163546600.0,278879
2023-05-09 21:05:17,m2401,m2401,3419.0,0.0,0.0,0.0,126,3418.0,3419.0,5,3444.0,3430.0,3434.0,3417.0,4777.0,163546600.0,278879
2023-05-09 21:05:17,m2401,m2401,3419.0,0.0,0.0,0.0,127,3418.0,3419.0,16,3444.0,3430.0,3434.0,3417.0,4777.0,163546600.0,278879
2023-05-09 21:05:18,m2401,m2401,3419.0,18.0,615420.0,0.0,33,3419.0,3420.0,47,3444.0,3430.0,3434.0,3417.0,4795.0,164162020.0,278879
2023-05-09 21:05:18,m2401,m2401,3419.0,0.0,0.0,0.0,22,3419.0,3420.0,165,3444.0,3430.0,3434.0,3417.0,4795.0,164162020.0,278879
2023-05-09 21:05:19,m2401,m2401,3419.0,7.0,239330.0,-7.0,133,3418.0,3419.0,11,3444.0,3430.0,3434.0,3417.0,4802.0,164401350.0,278872
2023-05-09 21:05:19,m2401,m2401,3418.0,4.0,136750.0,3.0,125,3418.0,3419.0,2,3444.0,3430.0,3434.0,3417.0,4806.0,164538100.0,278875
2023-05-09 21:05:19,m2401,m2401,3418.0,0.0,0.0,0.0,125,3418.0,3419.0,19,3444.0,3430.0,3434.0,3417.0,4806.0,164538100.0,278875
2023-05-09 21:05:21,m2401,m2401,3418.0,0.0,0.0,0.0,125,3418.0,3419.0,150,3444.0,3430.0,3434.0,3417.0,4806.0,164538100.0,278875
2023-05-09 21:05:22,m2401,m2401,3418.0,36.0,1230480.0,-36.0,78,3418.0,3419.0,156,3444.0,3430.0,3434.0,3417.0,4842.0,165768580.0,278839
2023-05-09 21:05:23,m2401,m2401,3419.0,1.0,34190.0,1.0,79,3418.0,3419.0,155,3444.0,3430.0,3434.0,3417.0,4843.0,165802770.0,278840
2023-05-09 21:05:24,m2401,m2401,3419.0,0.0,0.0,0.0,79,3418.0,3419.0,159,3444.0,3430.0,3434.0,3417.0,4843.0,165802770.0,278840
2023-05-09 21:05:24,m2401,m2401,3419.0,0.0,0.0,0.0,73,3418.0,3419.0,162,3444.0,3430.0,3434.0,3417.0,4843.0,165802770.0,278840
2023-05-09 21:05:25,m2401,m2401,3419.0,0.0,0.0,0.0,72,3418.0,3419.0,162,3444.0,3430.0,3434.0,3417.0,4843.0,165802770.0,278840
2023-05-09 21:05:25,m2401,m2401,3419.0,0.0,0.0,0.0,66,3418.0,3419.0,162,3444.0,3430.0,3434.0,3417.0,4843.0,165802770.0,278840
2023-05-09 21:05:26,m2401,m2401,3419.0,0.0,0.0,0.0,66,3418.0,3419.0,37,3444.0,3430.0,3434.0,3417.0,4843.0,165802770.0,278840
2023-05-09 21:05:27,m2401,m2401,3419.0,3.0,102570.0,-1.0,81,3418.0,3419.0,24,3444.0,3430.0,3434.0,3417.0,4846.0,165905340.0,278839
2023-05-09 21:05:27,m2401,m2401,3419.0,5.0,170950.0,0.0,81,3418.0,3419.0,144,3444.0,3430.0,3434.0,3417.0,4851.0,166076290.0,278839
2023-05-09 21:05:28,m2401,m2401,3419.0,0.0,0.0,0.0,78,3418.0,3419.0,149,3444.0,3430.0,3434.0,3417.0,4851.0,166076290.0,278839
2023-05-09 21:05:28,m2401,m2401,3419.0,19.0,649610.0,15.0,78,3418.0,3420.0,186,3444.0,3430.0,3434.0,3417.0,4870.0,166725900.0,278854
2023-05-09 21:05:29,m2401,m2401,3419.0,11.0,376090.0,-11.0,90,3418.0,3419.0,17,3444.0,3430.0,3434.0,3417.0,4881.0,167101990.0,278843
2023-05-09 21:05:29,m2401,m2401,3419.0,0.0,0.0,0.0,90,3418.0,3419.0,96,3444.0,3430.0,3434.0,3417.0,4881.0,167101990.0,278843
2023-05-09 21:05:30,m2401,m2401,3419.0,0.0,0.0,0.0,85,3418.0,3419.0,120,3444.0,3430.0,3434.0,3417.0,4881.0,167101990.0,278843
2023-05-09 21:05:30,m2401,m2401,3419.0,0.0,0.0,0.0,85,3418.0,3419.0,119,3444.0,3430.0,3434.0,3417.0,4881.0,167101990.0,278843
2023-05-09 21:05:31,m2401,m2401,3419.0,0.0,0.0,0.0,86,3418.0,3419.0,124,3444.0,3430.0,3434.0,3417.0,4881.0,167101990.0,278843
2023-05-09 21:05:31,m2401,m2401,3419.0,0.0,0.0,0.0,87,3418.0,3419.0,124,3444.0,3430.0,3434.0,3417.0,4881.0,167101990.0,278843
2023-05-09 21:05:32,m2401,m2401,3419.0,0.0,0.0,0.0,87,3418.0,3419.0,130,3444.0,3430.0,3434.0,3417.0,4881.0,167101990.0,278843
2023-05-09 21:05:35,m2401,m2401,3418.0,76.0,2597680.0,-39.0,67,3417.0,3418.0,112,3444.0,3430.0,3434.0,3417.0,4957.0,169699670.0,278804
2023-05-09 21:05:36,m2401,m2401,3417.0,8.0,273430.0,-1.0,61,3417.0,3418.0,112,3444.0,3430.0,3434.0,3417.0,4965.0,169973100.0,278803
2023-05-09 21:05:36,m2401,m2401,3417.0,0.0,0.0,0.0,64,3417.0,3418.0,7,3444.0,3430.0,3434.0,3417.0,4965.0,169973100.0,278803
2023-05-09 21:05:37,m2401,m2401,3418.0,3.0,102540.0,0.0,68,3417.0,3418.0,3,3444.0,3430.0,3434.0,3417.0,4968.0,170075640.0,278803
2023-05-09 21:05:37,m2401,m2401,3418.0,1.0,34180.0,0.0,70,3417.0,3418.0,13,3444.0,3430.0,3434.0,3417.0,4969.0,170109820.0,278803
2023-05-09 21:05:38,m2401,m2401,3418.0,0.0,0.0,0.0,69,3417.0,3418.0,13,3444.0,3430.0,3434.0,3417.0,4969.0,170109820.0,278803
2023-05-09 21:05:38,m2401,m2401,3418.0,0.0,0.0,0.0,69,3417.0,3418.0,3,3444.0,3430.0,3434.0,3417.0,4969.0,170109820.0,278803
2023-05-09 21:05:39,m2401,m2401,3418.0,0.0,0.0,0.0,75,3417.0,3418.0,3,3444.0,3430.0,3434.0,3417.0,4969.0,170109820.0,278803
2023-05-09 21:05:40,m2401,m2401,3418.0,1.0,34180.0,1.0,75,3417.0,3418.0,13,3444.0,3430.0,3434.0,3417.0,4970.0,170144000.0,278804
2023-05-09 21:05:40,m2401,m2401,3418.0,10.0,341800.0,-1.0,76,3417.0,3418.0,108,3444.0,3430.0,3434.0,3417.0,4980.0,170485800.0,278803
2023-05-09 21:05:41,m2401,m2401,3418.0,0.0,0.0,0.0,67,3417.0,3418.0,119,3444.0,3430.0,3434.0,3417.0,4980.0,170485800.0,278803
2023-05-09 21:05:41,m2401,m2401,3418.0,1.0,34180.0,0.0,67,3417.0,3418.0,121,3444.0,3430.0,3434.0,3417.0,4981.0,170519980.0,278803
2023-05-09 21:05:43,m2401,m2401,3418.0,0.0,0.0,0.0,61,3417.0,3418.0,121,3444.0,3430.0,3434.0,3417.0,4981.0,170519980.0,278803
2023-05-09 21:05:44,m2401,m2401,3418.0,0.0,0.0,0.0,61,3417.0,3418.0,118,3444.0,3430.0,3434.0,3417.0,4981.0,170519980.0,278803
2023-05-09 21:05:45,m2401,m2401,3418.0,0.0,0.0,0.0,61,3417.0,3418.0,107,3444.0,3430.0,3434.0,3417.0,4981.0,170519980.0,278803
2023-05-09 21:05:46,m2401,m2401,3419.0,19.0,649550.0,18.0,18,3418.0,3419.0,137,3444.0,3430.0,3434.0,3417.0,5000.0,171169530.0,278821
2023-05-09 21:05:46,m2401,m2401,3419.0,0.0,0.0,0.0,18,3418.0,3419.0,133,3444.0,3430.0,3434.0,3417.0,5000.0,171169530.0,278821
2023-05-09 21:05:47,m2401,m2401,3419.0,0.0,0.0,0.0,18,3418.0,3419.0,128,3444.0,3430.0,3434.0,3417.0,5000.0,171169530.0,278821
2023-05-09 21:05:48,m2401,m2401,3419.0,0.0,0.0,0.0,19,3418.0,3419.0,129,3444.0,3430.0,3434.0,3417.0,5000.0,171169530.0,278821
2023-05-09 21:05:48,m2401,m2401,3419.0,0.0,0.0,0.0,19,3418.0,3419.0,135,3444.0,3430.0,3434.0,3417.0,5000.0,171169530.0,278821
2023-05-09 21:05:49,m2401,m2401,3419.0,0.0,0.0,0.0,19,3418.0,3419.0,136,3444.0,3430.0,3434.0,3417.0,5000.0,171169530.0,278821
2023-05-09 21:05:50,m2401,m2401,3419.0,0.0,0.0,0.0,19,3418.0,3419.0,134,3444.0,3430.0,3434.0,3417.0,5000.0,171169530.0,278821
2023-05-09 21:05:51,m2401,m2401,3419.0,2.0,68380.0,0.0,25,3418.0,3419.0,121,3444.0,3430.0,3434.0,3417.0,5002.0,171237910.0,278821
2023-05-09 21:05:51,m2401,m2401,3419.0,100.0,3419000.0,-51.0,31,3418.0,3419.0,22,3444.0,3430.0,3434.0,3417.0,5102.0,174656910.0,278770
2023-05-09 21:05:52,m2401,m2401,3419.0,0.0,0.0,0.0,31,3418.0,3419.0,23,3444.0,3430.0,3434.0,3417.0,5102.0,174656910.0,278770
2023-05-09 21:05:53,m2401,m2401,3419.0,0.0,0.0,0.0,31,3418.0,3419.0,28,3444.0,3430.0,3434.0,3417.0,5102.0,174656910.0,278770
2023-05-09 21:05:54,m2401,m2401,3419.0,7.0,239330.0,5.0,34,3418.0,3420.0,79,3444.0,3430.0,3434.0,3417.0,5109.0,174896240.0,278775
2023-05-09 21:05:54,m2401,m2401,3419.0,0.0,0.0,0.0,17,3419.0,3420.0,77,3444.0,3430.0,3434.0,3417.0,5109.0,174896240.0,278775
2023-05-09 21:05:54,m2401,m2401,3419.0,0.0,0.0,0.0,17,3419.0,3420.0,80,3444.0,3430.0,3434.0,3417.0,5109.0,174896240.0,278775
2023-05-09 21:05:55,m2401,m2401,3419.0,0.0,0.0,0.0,17,3419.0,3420.0,75,3444.0,3430.0,3434.0,3417.0,5109.0,174896240.0,278775
2023-05-09 21:05:57,m2401,m2401,3420.0,1.0,34200.0,0.0,18,3419.0,3420.0,71,3444.0,3430.0,3434.0,3417.0,5110.0,174930440.0,278775
2023-05-09 21:05:58,m2401,m2401,3419.0,2.0,68380.0,2.0,13,3419.0,3420.0,71,3444.0,3430.0,3434.0,3417.0,5112.0,174998820.0,278777
2023-05-09 21:05:58,m2401,m2401,3419.0,0.0,0.0,0.0,19,3419.0,3420.0,60,3444.0,3430.0,3434.0,3417.0,5112.0,174998820.0,278777
2023-05-09 21:06:00,m2401,m2401,3419.0,0.0,0.0,0.0,19,3419.0,3420.0,66,3444.0,3430.0,3434.0,3417.0,5112.0,174998820.0,278777
2023-05-09 21:06:00,m2401,m2401,3420.0,117.0,4001400.0,-55.0,24,3419.0,3420.0,28,3444.0,3430.0,3434.0,3417.0,5229.0,179000220.0,278722
2023-05-09 21:06:01,m2401,m2401,3420.0,0.0,0.0,0.0,19,3419.0,3420.0,36,3444.0,3430.0,3434.0,3417.0,5229.0,179000220.0,278722
2023-05-09 21:06:02,m2401,m2401,3420.0,0.0,0.0,0.0,19,3419.0,3420.0,37,3444.0,3430.0,3434.0,3417.0,5229.0,179000220.0,278722
2023-05-09 21:06:02,m2401,m2401,3420.0,0.0,0.0,0.0,19,3419.0,3420.0,43,3444.0,3430.0,3434.0,3417.0,5229.0,179000220.0,278722
2023-05-09 21:06:04,m2401,m2401,3420.0,0.0,0.0,0.0,19,3419.0,3420.0,44,3444.0,3430.0,3434.0,3417.0,5229.0,179000220.0,278722
2023-05-09 21:06:04,m2401,m2401,3420.0,0.0,0.0,0.0,20,3419.0,3420.0,44,3444.0,3430.0,3434.0,3417.0,5229.0,179000220.0,278722
2023-05-09 21:06:05,m2401,m2401,3420.0,10.0,342000.0,-10.0,23,3419.0,3420.0,2,3444.0,3430.0,3434.0,3417.0,5239.0,179342220.0,278712
2023-05-09 21:06:05,m2401,m2401,3420.0,2.0,68400.0,1.0,19,3420.0,3421.0,94,3444.0,3430.0,3434.0,3417.0,5241.0,179410620.0,278713
2023-05-09 21:06:06,m2401,m2401,3420.0,0.0,0.0,0.0,11,3420.0,3421.0,108,3444.0,3430.0,3434.0,3417.0,5241.0,179410620.0,278713
2023-05-09 21:06:06,m2401,m2401,3420.0,14.0,478780.0,8.0,33,3419.0,3420.0,29,3444.0,3430.0,3434.0,3417.0,5255.0,179889400.0,278721
2023-05-09 21:06:07,m2401,m2401,3420.0,0.0,0.0,0.0,27,3419.0,3420.0,29,3444.0,3430.0,3434.0,3417.0,5255.0,179889400.0,278721
2023-05-09 21:06:07,m2401,m2401,3420.0,8.0,273600.0,0.0,27,3419.0,3420.0,21,3444.0,3430.0,3434.0,3417.0,5263.0,180163000.0,278721
2023-05-09 21:06:08,m2401,m2401,3420.0,0.0,0.0,0.0,32,3419.0,3420.0,22,3444.0,3430.0,3434.0,3417.0,5263.0,180163000.0,278721
2023-05-09 21:06:08,m2401,m2401,3420.0,8.0,273600.0,-7.0,32,3419.0,3420.0,17,3444.0,3430.0,3434.0,3417.0,5271.0,180436600.0,278714
2023-05-09 21:06:09,m2401,m2401,3420.0,0.0,0.0,0.0,42,3419.0,3420.0,17,3444.0,3430.0,3434.0,3417.0,5271.0,180436600.0,278714
2023-05-09 21:06:09,m2401,m2401,3420.0,1.0,34200.0,1.0,42,3419.0,3420.0,5,3444.0,3430.0,3434.0,3417.0,5272.0,180470800.0,278715
2023-05-09 21:06:10,m2401,m2401,3420.0,0.0,0.0,0.0,43,3419.0,3420.0,5,3444.0,3430.0,3434.0,3417.0,5272.0,180470800.0,278715
2023-05-09 21:06:10,m2401,m2401,3420.0,5.0,171000.0,0.0,7,3420.0,3421.0,95,3444.0,3430.0,3434.0,3417.0,5277.0,180641800.0,278715
2023-05-09 21:06:10,m2401,m2401,3420.0,0.0,0.0,0.0,7,3420.0,3421.0,94,3444.0,3430.0,3434.0,3417.0,5277.0,180641800.0,278715
2023-05-09 21:06:13,m2401,m2401,3420.0,0.0,0.0,0.0,12,3420.0,3421.0,95,3444.0,3430.0,3434.0,3417.0,5277.0,180641800.0,278715
2023-05-09 21:06:13,m2401,m2401,3420.0,0.0,0.0,0.0,12,3420.0,3421.0,99,3444.0,3430.0,3434.0,3417.0,5277.0,180641800.0,278715
2023-05-09 21:06:14,m2401,m2401,3420.0,0.0,0.0,0.0,1,3420.0,3421.0,99,3444.0,3430.0,3434.0,3417.0,5277.0,180641800.0,278715
2023-05-09 21:06:14,m2401,m2401,3420.0,0.0,0.0,0.0,18,3420.0,3421.0,99,3444.0,3430.0,3434.0,3417.0,5277.0,180641800.0,278715
2023-05-09 21:06:15,m2401,m2401,3420.0,0.0,0.0,0.0,18,3420.0,3421.0,105,3444.0,3430.0,3434.0,3417.0,5277.0,180641800.0,278715
2023-05-09 21:06:16,m2401,m2401,3420.0,0.0,0.0,0.0,19,3420.0,3421.0,106,3444.0,3430.0,3434.0,3417.0,5277.0,180641800.0,278715
2023-05-09 21:06:17,m2401,m2401,3420.0,0.0,0.0,0.0,20,3420.0,3421.0,153,3444.0,3430.0,3434.0,3417.0,5277.0,180641800.0,278715
2023-05-09 21:06:18,m2401,m2401,3420.0,0.0,0.0,0.0,9,3420.0,3421.0,153,3444.0,3430.0,3434.0,3417.0,5277.0,180641800.0,278715
2023-05-09 21:06:19,m2401,m2401,3420.0,0.0,0.0,0.0,10,3420.0,3421.0,158,3444.0,3430.0,3434.0,3417.0,5277.0,180641800.0,278715
2023-05-09 21:06:20,m2401,m2401,3420.0,0.0,0.0,0.0,21,3420.0,3421.0,158,3444.0,3430.0,3434.0,3417.0,5277.0,180641800.0,278715
2023-05-09 21:06:21,m2401,m2401,3420.0,0.0,0.0,0.0,22,3420.0,3421.0,158,3444.0,3430.0,3434.0,3417.0,5277.0,180641800.0,278715
2023-05-09 21:06:22,m2401,m2401,3420.0,0.0,0.0,0.0,82,3420.0,3421.0,158,3444.0,3430.0,3434.0,3417.0,5277.0,180641800.0,278715
2023-05-09 21:06:23,m2401,m2401,3420.0,0.0,0.0,0.0,82,3420.0,3421.0,153,3444.0,3430.0,3434.0,3417.0,5277.0,180641800.0,278715
2023-05-09 21:06:24,m2401,m2401,3421.0,1.0,34210.0,1.0,82,3420.0,3421.0,152,3444.0,3430.0,3434.0,3417.0,5278.0,180676010.0,278716
2023-05-09 21:06:25,m2401,m2401,3421.0,7.0,239470.0,7.0,82,3420.0,3421.0,145,3444.0,3430.0,3434.0,3417.0,5285.0,180915480.0,278723
2023-05-09 21:06:26,m2401,m2401,3421.0,0.0,0.0,0.0,82,3420.0,3421.0,147,3444.0,3430.0,3434.0,3417.0,5285.0,180915480.0,278723
2023-05-09 21:06:27,m2401,m2401,3421.0,0.0,0.0,0.0,83,3420.0,3421.0,147,3444.0,3430.0,3434.0,3417.0,5285.0,180915480.0,278723
2023-05-09 21:06:30,m2401,m2401,3420.0,83.0,2838600.0,-7.0,41,3419.0,3420.0,22,3444.0,3430.0,3434.0,3417.0,5368.0,183754080.0,278716
2023-05-09 21:06:30,m2401,m2401,3420.0,1.0,34200.0,-1.0,35,3419.0,3420.0,22,3444.0,3430.0,3434.0,3417.0,5369.0,183788280.0,278715
2023-05-09 21:06:31,m2401,m2401,3420.0,0.0,0.0,0.0,33,3419.0,3420.0,52,3444.0,3430.0,3434.0,3417.0,5369.0,183788280.0,278715
2023-05-09 21:06:31,m2401,m2401,3420.0,0.0,0.0,0.0,33,3419.0,3420.0,89,3444.0,3430.0,3434.0,3417.0,5369.0,183788280.0,278715
2023-05-09 21:06:32,m2401,m2401,3420.0,0.0,0.0,0.0,33,3419.0,3420.0,87,3444.0,3430.0,3434.0,3417.0,5369.0,183788280.0,278715
2023-05-09 21:06:32,m2401,m2401,3419.0,29.0,991510.0,7.0,56,3418.0,3419.0,14,3444.0,3430.0,3434.0,3417.0,5398.0,184779790.0,278722
2023-05-09 21:06:33,m2401,m2401,3419.0,0.0,0.0,0.0,48,3418.0,3419.0,60,3444.0,3430.0,3434.0,3417.0,5398.0,184779790.0,278722
2023-05-09 21:06:33,m2401,m2401,3418.0,26.0,888680.0,2.0,33,3418.0,3419.0,60,3444.0,3430.0,3434.0,3417.0,5424.0,185668470.0,278724
2023-05-09 21:06:34,m2401,m2401,3418.0,35.0,1196320.0,14.0,82,3417.0,3418.0,12,3444.0,3430.0,3434.0,3417.0,5459.0,186864790.0,278738
2023-05-09 21:06:34,m2401,m2401,3418.0,1.0,34180.0,1.0,82,3417.0,3419.0,58,3444.0,3430.0,3434.0,3417.0,5460.0,186898970.0,278739
2023-05-09 21:06:35,m2401,m2401,3419.0,5.0,170950.0,0.0,11,3418.0,3419.0,60,3444.0,3430.0,3434.0,3417.0,5465.0,187069920.0,278739
2023-05-09 21:06:35,m2401,m2401,3419.0,0.0,0.0,0.0,12,3418.0,3419.0,65,3444.0,3430.0,3434.0,3417.0,5465.0,187069920.0,278739
2023-05-09 21:06:38,m2401,m2401,3419.0,0.0,0.0,0.0,16,3418.0,3419.0,65,3444.0,3430.0,3434.0,3417.0,5465.0,187069920.0,278739
2023-05-09 21:06:39,m2401,m2401,3419.0,0.0,0.0,0.0,16,3418.0,3419.0,59,3444.0,3430.0,3434.0,3417.0,5465.0,187069920.0,278739
2023-05-09 21:06:40,m2401,m2401,3419.0,0.0,0.0,0.0,18,3418.0,3419.0,59,3444.0,3430.0,3434.0,3417.0,5465.0,187069920.0,278739
2023-05-09 21:06:40,m2401,m2401,3419.0,1.0,34190.0,1.0,20,3418.0,3419.0,58,3444.0,3430.0,3434.0,3417.0,5466.0,187104110.0,278740
2023-05-09 21:06:40,m2401,m2401,3419.0,0.0,0.0,0.0,20,3418.0,3419.0,57,3444.0,3430.0,3434.0,3417.0,5466.0,187104110.0,278740
2023-05-09 21:06:41,m2401,m2401,3419.0,0.0,0.0,0.0,21,3418.0,3419.0,59,3444.0,3430.0,3434.0,3417.0,5466.0,187104110.0,278740
2023-05-09 21:06:42,m2401,m2401,3419.0,0.0,0.0,0.0,22,3418.0,3419.0,59,3444.0,3430.0,3434.0,3417.0,5466.0,187104110.0,278740
2023-05-09 21:06:44,m2401,m2401,3419.0,0.0,0.0,0.0,23,3418.0,3419.0,56,3444.0,3430.0,3434.0,3417.0,5466.0,187104110.0,278740
2023-05-09 21:06:44,m2401,m2401,3419.0,1.0,34190.0,1.0,23,3418.0,3419.0,55,3444.0,3430.0,3434.0,3417.0,5467.0,187138300.0,278741
2023-05-09 21:06:45,m2401,m2401,3419.0,1.0,34190.0,0.0,23,3418.0,3419.0,54,3444.0,3430.0,3434.0,3417.0,5468.0,187172490.0,278741
2023-05-09 21:06:45,m2401,m2401,3419.0,78.0,2666820.0,-12.0,22,3419.0,3420.0,152,3444.0,3430.0,3434.0,3417.0,5546.0,189839310.0,278729
2023-05-09 21:06:45,m2401,m2401,3419.0,0.0,0.0,0.0,22,3419.0,3420.0,153,3444.0,3430.0,3434.0,3417.0,5546.0,189839310.0,278729
2023-05-09 21:06:46,m2401,m2401,3419.0,2.0,68380.0,0.0,21,3419.0,3420.0,154,3444.0,3430.0,3434.0,3417.0,5548.0,189907690.0,278729
2023-05-09 21:06:47,m2401,m2401,3419.0,0.0,0.0,0.0,32,3419.0,3420.0,150,3444.0,3430.0,3434.0,3417.0,5548.0,189907690.0,278729
2023-05-09 21:06:47,m2401,m2401,3419.0,0.0,0.0,0.0,32,3419.0,3420.0,149,3444.0,3430.0,3434.0,3417.0,5548.0,189907690.0,278729
2023-05-09 21:06:47,m2401,m2401,3419.0,0.0,0.0,0.0,32,3419.0,3420.0,150,3444.0,3430.0,3434.0,3417.0,5548.0,189907690.0,278729
2023-05-09 21:06:49,m2401,m2401,3419.0,0.0,0.0,0.0,21,3419.0,3420.0,150,3444.0,3430.0,3434.0,3417.0,5548.0,189907690.0,278729
2023-05-09 21:06:50,m2401,m2401,3419.0,17.0,581230.0,0.0,5,3419.0,3420.0,150,3444.0,3430.0,3434.0,3417.0,5565.0,190488920.0,278729
2023-05-09 21:06:50,m2401,m2401,3419.0,5.0,170950.0,0.0,1,3419.0,3420.0,152,3444.0,3430.0,3434.0,3417.0,5570.0,190659870.0,278729
2023-05-09 21:06:50,m2401,m2401,3419.0,0.0,0.0,0.0,2,3419.0,3420.0,152,3444.0,3430.0,3434.0,3417.0,5570.0,190659870.0,278729
2023-05-09 21:06:51,m2401,m2401,3419.0,0.0,0.0,0.0,13,3419.0,3420.0,151,3444.0,3430.0,3434.0,3417.0,5570.0,190659870.0,278729
2023-05-09 21:06:52,m2401,m2401,3419.0,0.0,0.0,0.0,2,3419.0,3420.0,151,3444.0,3430.0,3434.0,3417.0,5570.0,190659870.0,278729
2023-05-09 21:06:52,m2401,m2401,3419.0,1.0,34190.0,0.0,2,3419.0,3420.0,151,3444.0,3430.0,3434.0,3417.0,5571.0,190694060.0,278729
2023-05-09 21:06:54,m2401,m2401,3419.0,2.0,68380.0,2.0,44,3418.0,3419.0,27,3444.0,3430.0,3434.0,3417.0,5573.0,190762440.0,278731
2023-05-09 21:06:54,m2401,m2401,3419.0,27.0,923130.0,0.0,42,3418.0,3419.0,2,3444.0,3430.0,3434.0,3417.0,5600.0,191685570.0,278731
2023-05-09 21:06:55,m2401,m2401,3419.0,2.0,68380.0,-1.0,45,3419.0,3420.0,161,3444.0,3430.0,3434.0,3417.0,5602.0,191753950.0,278730
2023-05-09 21:06:55,m2401,m2401,3419.0,0.0,0.0,0.0,47,3419.0,3420.0,152,3444.0,3430.0,3434.0,3417.0,5602.0,191753950.0,278730
2023-05-09 21:07:00,m2401,m2401,3419.0,0.0,0.0,0.0,47,3419.0,3420.0,153,3444.0,3430.0,3434.0,3417.0,5602.0,191753950.0,278730
2023-05-09 21:07:00,m2401,m2401,3420.0,4.0,136800.0,-4.0,47,3419.0,3420.0,149,3444.0,3430.0,3434.0,3417.0,5606.0,191890750.0,278726
2023-05-09 21:07:02,m2401,m2401,3419.0,47.0,1606930.0,7.0,45,3418.0,3419.0,11,3444.0,3430.0,3434.0,3417.0,5653.0,193497680.0,278733
2023-05-09 21:07:02,m2401,m2401,3419.0,11.0,376090.0,0.0,11,3419.0,3420.0,106,3444.0,3430.0,3434.0,3417.0,5664.0,193873770.0,278733
2023-05-09 21:07:03,m2401,m2401,3419.0,23.0,786370.0,1.0,49,3418.0,3420.0,55,3444.0,3430.0,3434.0,3417.0,5687.0,194660140.0,278734
2023-05-09 21:07:03,m2401,m2401,3419.0,0.0,0.0,0.0,48,3418.0,3420.0,54,3444.0,3430.0,3434.0,3417.0,5687.0,194660140.0,278734
2023-05-09 21:07:04,m2401,m2401,3419.0,0.0,0.0,0.0,47,3418.0,3419.0,37,3444.0,3430.0,3434.0,3417.0,5687.0,194660140.0,278734
2023-05-09 21:07:04,m2401,m2401,3419.0,5.0,170950.0,0.0,42,3418.0,3419.0,43,3444.0,3430.0,3434.0,3417.0,5692.0,194831090.0,278734
2023-05-09 21:07:05,m2401,m2401,3419.0,0.0,0.0,0.0,42,3418.0,3419.0,48,3444.0,3430.0,3434.0,3417.0,5692.0,194831090.0,278734
2023-05-09 21:07:05,m2401,m2401,3417.0,55.0,1879770.0,0.0,75,3417.0,3418.0,20,3444.0,3430.0,3434.0,3417.0,5747.0,196710860.0,278734
2023-05-09 21:07:06,m2401,m2401,3417.0,0.0,0.0,0.0,69,3417.0,3418.0,12,3444.0,3430.0,3434.0,3417.0,5747.0,196710860.0,278734
2023-05-09 21:07:06,m2401,m2401,3419.0,12.0,410170.0,1.0,29,3418.0,3419.0,28,3444.0,3430.0,3434.0,3417.0,5759.0,197121030.0,278735
2023-05-09 21:07:07,m2401,m2401,3419.0,0.0,0.0,0.0,41,3418.0,3419.0,33,3444.0,3430.0,3434.0,3417.0,5759.0,197121030.0,278735
2023-05-09 21:07:07,m2401,m2401,3419.0,0.0,0.0,0.0,41,3418.0,3419.0,67,3444.0,3430.0,3434.0,3417.0,5759.0,197121030.0,278735
2023-05-09 21:07:08,m2401,m2401,3419.0,0.0,0.0,0.0,41,3418.0,3419.0,68,3444.0,3430.0,3434.0,3417.0,5759.0,197121030.0,278735
2023-05-09 21:07:08,m2401,m2401,3419.0,0.0,0.0,0.0,47,3418.0,3419.0,69,3444.0,3430.0,3434.0,3417.0,5759.0,197121030.0,278735
2023-05-09 21:07:09,m2401,m2401,3419.0,1.0,34190.0,0.0,47,3418.0,3419.0,78,3444.0,3430.0,3434.0,3417.0,5760.0,197155220.0,278735
2023-05-09 21:07:09,m2401,m2401,3419.0,0.0,0.0,0.0,47,3418.0,3419.0,83,3444.0,3430.0,3434.0,3417.0,5760.0,197155220.0,278735
2023-05-09 21:07:10,m2401,m2401,3419.0,0.0,0.0,0.0,47,3418.0,3419.0,85,3444.0,3430.0,3434.0,3417.0,5760.0,197155220.0,278735
2023-05-09 21:07:12,m2401,m2401,3418.0,1.0,34180.0,0.0,35,3418.0,3419.0,85,3444.0,3430.0,3434.0,3417.0,5761.0,197189400.0,278735
2023-05-09 21:07:12,m2401,m2401,3418.0,0.0,0.0,0.0,29,3418.0,3419.0,88,3444.0,3430.0,3434.0,3417.0,5761.0,197189400.0,278735
2023-05-09 21:07:13,m2401,m2401,3418.0,0.0,0.0,0.0,19,3418.0,3419.0,88,3444.0,3430.0,3434.0,3417.0,5761.0,197189400.0,278735
2023-05-09 21:07:14,m2401,m2401,3418.0,0.0,0.0,0.0,30,3418.0,3419.0,89,3444.0,3430.0,3434.0,3417.0,5761.0,197189400.0,278735
2023-05-09 21:07:14,m2401,m2401,3418.0,1.0,34180.0,0.0,29,3418.0,3419.0,89,3444.0,3430.0,3434.0,3417.0,5762.0,197223580.0,278735
2023-05-09 21:07:16,m2401,m2401,3419.0,101.0,3453190.0,-13.0,101,3419.0,3420.0,337,3444.0,3430.0,3434.0,3417.0,5863.0,200676770.0,278722
2023-05-09 21:07:16,m2401,m2401,3419.0,1.0,34190.0,-1.0,100,3419.0,3420.0,348,3444.0,3430.0,3434.0,3417.0,5864.0,200710960.0,278721
2023-05-09 21:07:17,m2401,m2401,3419.0,27.0,923130.0,-14.0,73,3419.0,3420.0,299,3444.0,3430.0,3434.0,3417.0,5891.0,201634090.0,278707
2023-05-09 21:07:17,m2401,m2401,3419.0,0.0,0.0,0.0,73,3419.0,3420.0,339,3444.0,3430.0,3434.0,3417.0,5891.0,201634090.0,278707
2023-05-09 21:07:18,m2401,m2401,3419.0,0.0,0.0,0.0,73,3419.0,3420.0,336,3444.0,3430.0,3434.0,3417.0,5891.0,201634090.0,278707
2023-05-09 21:07:18,m2401,m2401,3419.0,0.0,0.0,0.0,73,3419.0,3420.0,345,3444.0,3430.0,3434.0,3417.0,5891.0,201634090.0,278707
2023-05-09 21:07:19,m2401,m2401,3419.0,0.0,0.0,0.0,73,3419.0,3420.0,349,3444.0,3430.0,3434.0,3417.0,5891.0,201634090.0,278707
2023-05-09 21:07:19,m2401,m2401,3419.0,0.0,0.0,0.0,73,3419.0,3420.0,338,3444.0,3430.0,3434.0,3417.0,5891.0,201634090.0,278707
2023-05-09 21:07:20,m2401,m2401,3419.0,73.0,2495870.0,0.0,36,3418.0,3419.0,127,3444.0,3430.0,3434.0,3417.0,5964.0,204129960.0,278707
2023-05-09 21:07:20,m2401,m2401,3419.0,0.0,0.0,0.0,37,3418.0,3419.0,127,3444.0,3430.0,3434.0,3417.0,5964.0,204129960.0,278707
2023-05-09 21:07:21,m2401,m2401,3419.0,0.0,0.0,0.0,44,3418.0,3419.0,127,3444.0,3430.0,3434.0,3417.0,5964.0,204129960.0,278707
2023-05-09 21:07:22,m2401,m2401,3419.0,2.0,68380.0,2.0,44,3418.0,3419.0,126,3444.0,3430.0,3434.0,3417.0,5966.0,204198340.0,278709
2023-05-09 21:07:23,m2401,m2401,3418.0,1.0,34180.0,0.0,43,3418.0,3419.0,126,3444.0,3430.0,3434.0,3417.0,5967.0,204232520.0,278709
2023-05-09 21:07:24,m2401,m2401,3418.0,0.0,0.0,0.0,37,3418.0,3419.0,126,3444.0,3430.0,3434.0,3417.0,5967.0,204232520.0,278709
2023-05-09 21:07:25,m2401,m2401,3418.0,0.0,0.0,0.0,35,3418.0,3419.0,137,3444.0,3430.0,3434.0,3417.0,5967.0,204232520.0,278709
2023-05-09 21:07:26,m2401,m2401,3418.0,0.0,0.0,0.0,36,3418.0,3419.0,137,3444.0,3430.0,3434.0,3417.0,5967.0,204232520.0,278709
2023-05-09 21:07:28,m2401,m2401,3419.0,5.0,170950.0,0.0,36,3418.0,3419.0,132,3444.0,3430.0,3434.0,3417.0,5972.0,204403470.0,278709
2023-05-09 21:07:29,m2401,m2401,3419.0,1.0,34190.0,1.0,36,3418.0,3419.0,131,3444.0,3430.0,3434.0,3417.0,5973.0,204437660.0,278710
2023-05-09 21:07:31,m2401,m2401,3418.0,1.0,34180.0,0.0,35,3418.0,3419.0,131,3444.0,3430.0,3434.0,3417.0,5974.0,204471840.0,278710
2023-05-09 21:07:31,m2401,m2401,3418.0,3.0,102570.0,0.0,32,3418.0,3419.0,133,3444.0,3430.0,3434.0,3417.0,5977.0,204574410.0,278710
2023-05-09 21:07:32,m2401,m2401,3418.0,0.0,0.0,0.0,32,3418.0,3419.0,135,3444.0,3430.0,3434.0,3417.0,5977.0,204574410.0,278710
2023-05-09 21:07:33,m2401,m2401,3419.0,1.0,34190.0,1.0,32,3418.0,3419.0,135,3444.0,3430.0,3434.0,3417.0,5978.0,204608600.0,278711
2023-05-09 21:07:35,m2401,m2401,3418.0,1.0,34180.0,0.0,31,3418.0,3419.0,135,3444.0,3430.0,3434.0,3417.0,5979.0,204642780.0,278711
2023-05-09 21:07:35,m2401,m2401,3418.0,0.0,0.0,0.0,32,3418.0,3419.0,135,3444.0,3430.0,3434.0,3417.0,5979.0,204642780.0,278711
2023-05-09 21:07:36,m2401,m2401,3418.0,0.0,0.0,0.0,34,3418.0,3419.0,185,3444.0,3430.0,3434.0,3417.0,5979.0,204642780.0,278711
2023-05-09 21:07:37,m2401,m2401,3418.0,1.0,34180.0,0.0,33,3418.0,3419.0,191,3444.0,3430.0,3434.0,3417.0,5980.0,204676960.0,278711
2023-05-09 21:07:38,m2401,m2401,3418.0,1.0,34180.0,-1.0,32,3418.0,3419.0,191,3444.0,3430.0,3434.0,3417.0,5981.0,204711140.0,278710
2023-05-09 21:07:38,m2401,m2401,3418.0,2.0,68360.0,-2.0,30,3418.0,3419.0,191,3444.0,3430.0,3434.0,3417.0,5983.0,204779500.0,278708
2023-05-09 21:07:38,m2401,m2401,3418.0,0.0,0.0,0.0,30,3418.0,3419.0,192,3444.0,3430.0,3434.0,3417.0,5983.0,204779500.0,278708
2023-05-09 21:07:39,m2401,m2401,3418.0,0.0,0.0,0.0,36,3418.0,3419.0,192,3444.0,3430.0,3434.0,3417.0,5983.0,204779500.0,278708
2023-05-09 21:07:41,m2401,m2401,3418.0,0.0,0.0,0.0,38,3418.0,3419.0,192,3444.0,3430.0,3434.0,3417.0,5983.0,204779500.0,278708
2023-05-09 21:07:42,m2401,m2401,3418.0,11.0,375980.0,-11.0,28,3418.0,3419.0,192,3444.0,3430.0,3434.0,3417.0,5994.0,205155480.0,278697
2023-05-09 21:07:42,m2401,m2401,3419.0,137.0,4684030.0,118.0,12,3419.0,3420.0,124,3444.0,3430.0,3434.0,3417.0,6131.0,209839510.0,278815
2023-05-09 21:07:43,m2401,m2401,3419.0,0.0,0.0,0.0,31,3419.0,3420.0,95,3444.0,3430.0,3434.0,3417.0,6131.0,209839510.0,278815
2023-05-09 21:07:43,m2401,m2401,3419.0,0.0,0.0,0.0,31,3419.0,3420.0,104,3444.0,3430.0,3434.0,3417.0,6131.0,209839510.0,278815
2023-05-09 21:07:44,m2401,m2401,3419.0,0.0,0.0,0.0,31,3419.0,3420.0,95,3444.0,3430.0,3434.0,3417.0,6131.0,209839510.0,278815
2023-05-09 21:07:44,m2401,m2401,3419.0,0.0,0.0,0.0,32,3419.0,3420.0,95,3444.0,3430.0,3434.0,3417.0,6131.0,209839510.0,278815
2023-05-09 21:07:45,m2401,m2401,3419.0,0.0,0.0,0.0,38,3419.0,3420.0,95,3444.0,3430.0,3434.0,3417.0,6131.0,209839510.0,278815
2023-05-09 21:07:46,m2401,m2401,3419.0,0.0,0.0,0.0,38,3419.0,3420.0,71,3444.0,3430.0,3434.0,3417.0,6131.0,209839510.0,278815
2023-05-09 21:07:47,m2401,m2401,3420.0,29.0,991800.0,20.0,49,3419.0,3421.0,157,3444.0,3430.0,3434.0,3417.0,6160.0,210831310.0,278835
2023-05-09 21:07:47,m2401,m2401,3420.0,0.0,0.0,0.0,49,3419.0,3421.0,162,3444.0,3430.0,3434.0,3417.0,6160.0,210831310.0,278835
2023-05-09 21:07:48,m2401,m2401,3420.0,1.0,34200.0,-1.0,52,3419.0,3421.0,155,3444.0,3430.0,3434.0,3417.0,6161.0,210865510.0,278834
2023-05-09 21:07:48,m2401,m2401,3420.0,0.0,0.0,0.0,18,3420.0,3421.0,155,3444.0,3430.0,3434.0,3417.0,6161.0,210865510.0,278834
2023-05-09 21:07:49,m2401,m2401,3420.0,1.0,34200.0,-1.0,17,3420.0,3421.0,154,3444.0,3430.0,3434.0,3417.0,6162.0,210899710.0,278833
2023-05-09 21:07:49,m2401,m2401,3420.0,0.0,0.0,0.0,18,3420.0,3421.0,154,3444.0,3430.0,3434.0,3417.0,6162.0,210899710.0,278833
2023-05-09 21:07:50,m2401,m2401,3420.0,6.0,205200.0,-6.0,12,3420.0,3421.0,154,3444.0,3430.0,3434.0,3417.0,6168.0,211104910.0,278827
2023-05-09 21:07:50,m2401,m2401,3420.0,0.0,0.0,0.0,12,3420.0,3421.0,163,3444.0,3430.0,3434.0,3417.0,6168.0,211104910.0,278827
2023-05-09 21:07:51,m2401,m2401,3420.0,0.0,0.0,0.0,7,3420.0,3421.0,154,3444.0,3430.0,3434.0,3417.0,6168.0,211104910.0,278827
2023-05-09 21:07:51,m2401,m2401,3419.0,10.0,341970.0,-9.0,57,3419.0,3421.0,154,3444.0,3430.0,3434.0,3417.0,6178.0,211446880.0,278818
2023-05-09 21:07:52,m2401,m2401,3419.0,0.0,0.0,0.0,12,3420.0,3421.0,176,3444.0,3430.0,3434.0,3417.0,6178.0,211446880.0,278818
2023-05-09 21:07:52,m2401,m2401,3419.0,0.0,0.0,0.0,12,3420.0,3421.0,183,3444.0,3430.0,3434.0,3417.0,6178.0,211446880.0,278818
2023-05-09 21:07:53,m2401,m2401,3419.0,0.0,0.0,0.0,18,3420.0,3421.0,183,3444.0,3430.0,3434.0,3417.0,6178.0,211446880.0,278818
2023-05-09 21:07:53,m2401,m2401,3419.0,0.0,0.0,0.0,18,3420.0,3421.0,184,3444.0,3430.0,3434.0,3417.0,6178.0,211446880.0,278818
2023-05-09 21:07:55,m2401,m2401,3419.0,0.0,0.0,0.0,24,3420.0,3421.0,124,3444.0,3430.0,3434.0,3417.0,6178.0,211446880.0,278818
2023-05-09 21:07:55,m2401,m2401,3420.0,1.0,34200.0,0.0,26,3420.0,3421.0,93,3444.0,3430.0,3434.0,3417.0,6179.0,211481080.0,278818
