time,symbol_id,symbol_name,last,trade_volume,trade_amount,open_interest_change,bv1,bp1,ap1,av1,yesterday_close,today_open,today_high,today_low,volume,amount,open_interest
2023-05-09 19:10:58,MA2404,MA404,2343.0,0.0,0.0,0.0,0,0.0,0.0,0,2343.0,2328.0,0.0,0.0,0.0,0.0,105
2023-05-09 20:59:00,MA2404,MA404,2343.0,0.0,0.0,0.0,1,2288.0,2424.0,1,2343.0,2328.0,0.0,0.0,0.0,0.0,105
2023-05-09 21:00:00,MA2404,MA404,2343.0,0.0,0.0,0.0,1,2288.0,2346.0,1,2343.0,2328.0,0.0,0.0,0.0,0.0,105
2023-05-09 21:00:01,MA2404,MA404,2343.0,0.0,0.0,0.0,1,2288.0,2344.0,1,2343.0,2328.0,0.0,0.0,0.0,0.0,105
2023-05-09 21:00:01,MA2404,MA404,2343.0,0.0,0.0,0.0,1,2288.0,2345.0,1,2343.0,2328.0,0.0,0.0,0.0,0.0,105
2023-05-09 21:00:01,MA2404,MA404,2343.0,0.0,0.0,0.0,1,2290.0,2345.0,1,2343.0,2328.0,0.0,0.0,0.0,0.0,105
2023-05-09 21:00:02,MA2404,MA404,2343.0,0.0,0.0,0.0,2,2290.0,2345.0,1,2343.0,2328.0,0.0,0.0,0.0,0.0,105
2023-05-09 21:00:03,MA2404,MA404,2343.0,0.0,0.0,0.0,1,2298.0,2344.0,1,2343.0,2328.0,0.0,0.0,0.0,0.0,105
2023-05-09 21:00:04,MA2404,MA404,2343.0,0.0,0.0,0.0,1,2298.0,2345.0,1,2343.0,2328.0,0.0,0.0,0.0,0.0,105
2023-05-09 21:00:05,MA2404,MA404,2343.0,0.0,0.0,0.0,1,2300.0,2345.0,1,2343.0,2328.0,0.0,0.0,0.0,0.0,105
2023-05-09 21:00:05,MA2404,MA404,2343.0,0.0,0.0,0.0,2,2300.0,2345.0,1,2343.0,2328.0,0.0,0.0,0.0,0.0,105
2023-05-09 21:00:06,MA2404,MA404,2343.0,0.0,0.0,0.0,2,2300.0,2346.0,1,2343.0,2328.0,0.0,0.0,0.0,0.0,105
2023-05-09 21:00:07,MA2404,MA404,2343.0,0.0,0.0,0.0,2,2300.0,2345.0,1,2343.0,2328.0,0.0,0.0,0.0,0.0,105
2023-05-09 21:00:08,MA2404,MA404,2343.0,0.0,0.0,0.0,1,2315.0,2345.0,1,2343.0,2328.0,0.0,0.0,0.0,0.0,105
2023-05-09 21:00:08,MA2404,MA404,2343.0,0.0,0.0,0.0,1,2316.0,2345.0,1,2343.0,2328.0,0.0,0.0,0.0,0.0,105
2023-05-09 21:00:09,MA2404,MA404,2343.0,0.0,0.0,0.0,2,2316.0,2344.0,1,2343.0,2328.0,0.0,0.0,0.0,0.0,105
2023-05-09 21:00:09,MA2404,MA404,2343.0,0.0,0.0,0.0,2,2316.0,2345.0,1,2343.0,2328.0,0.0,0.0,0.0,0.0,105
2023-05-09 21:00:10,MA2404,MA404,2343.0,0.0,0.0,0.0,1,2317.0,2345.0,1,2343.0,2328.0,0.0,0.0,0.0,0.0,105
2023-05-09 21:00:11,MA2404,MA404,2343.0,0.0,0.0,0.0,1,2318.0,2344.0,1,2343.0,2328.0,0.0,0.0,0.0,0.0,105
2023-05-09 21:00:11,MA2404,MA404,2343.0,0.0,0.0,0.0,1,2318.0,2345.0,1,2343.0,2328.0,0.0,0.0,0.0,0.0,105
2023-05-09 21:00:14,MA2404,MA404,2343.0,0.0,0.0,0.0,1,2318.0,2344.0,1,2343.0,2328.0,0.0,0.0,0.0,0.0,105
2023-05-09 21:00:14,MA2404,MA404,2343.0,0.0,0.0,0.0,1,2319.0,2344.0,1,2343.0,2328.0,0.0,0.0,0.0,0.0,105
2023-05-09 21:00:15,MA2404,MA404,2343.0,0.0,0.0,0.0,1,2320.0,2345.0,1,2343.0,2328.0,0.0,0.0,0.0,0.0,105
2023-05-09 21:00:15,MA2404,MA404,2343.0,0.0,0.0,0.0,1,2331.0,2345.0,1,2343.0,2328.0,0.0,0.0,0.0,0.0,105
2023-05-09 21:00:15,MA2404,MA404,2343.0,0.0,0.0,0.0,1,2331.0,2343.0,1,2343.0,2328.0,0.0,0.0,0.0,0.0,105
2023-05-09 21:00:19,MA2404,MA404,2343.0,0.0,0.0,0.0,1,2331.0,2343.0,2,2343.0,2328.0,0.0,0.0,0.0,0.0,105
2023-05-09 21:00:19,MA2404,MA404,2343.0,0.0,0.0,0.0,1,2330.0,2343.0,2,2343.0,2328.0,0.0,0.0,0.0,0.0,105
2023-05-09 21:00:20,MA2404,MA404,2343.0,0.0,0.0,0.0,2,2330.0,2343.0,2,2343.0,2328.0,0.0,0.0,0.0,0.0,105
2023-05-09 21:00:20,MA2404,MA404,2343.0,0.0,0.0,0.0,1,2330.0,2342.0,1,2343.0,2328.0,0.0,0.0,0.0,0.0,105
2023-05-09 21:00:21,MA2404,MA404,2343.0,0.0,0.0,0.0,1,2330.0,2343.0,2,2343.0,2328.0,0.0,0.0,0.0,0.0,105
2023-05-09 21:00:22,MA2404,MA404,2343.0,0.0,0.0,0.0,1,2329.0,2343.0,2,2343.0,2328.0,0.0,0.0,0.0,0.0,105
2023-05-09 21:00:23,MA2404,MA404,2343.0,0.0,0.0,0.0,2,2329.0,2343.0,2,2343.0,2328.0,0.0,0.0,0.0,0.0,105
2023-05-09 21:00:23,MA2404,MA404,2343.0,0.0,0.0,0.0,1,2330.0,2343.0,2,2343.0,2328.0,0.0,0.0,0.0,0.0,105
2023-05-09 21:00:24,MA2404,MA404,2343.0,0.0,0.0,0.0,2,2329.0,2343.0,2,2343.0,2328.0,0.0,0.0,0.0,0.0,105
2023-05-09 21:00:25,MA2404,MA404,2343.0,0.0,0.0,0.0,2,2329.0,2343.0,1,2343.0,2328.0,0.0,0.0,0.0,0.0,105
2023-05-09 21:00:25,MA2404,MA404,2343.0,0.0,0.0,0.0,1,2330.0,2343.0,1,2343.0,2328.0,0.0,0.0,0.0,0.0,105
2023-05-09 21:00:26,MA2404,MA404,2343.0,0.0,0.0,0.0,2,2330.0,2343.0,2,2343.0,2328.0,0.0,0.0,0.0,0.0,105
2023-05-09 21:00:26,MA2404,MA404,2343.0,0.0,0.0,0.0,1,2330.0,2343.0,2,2343.0,2328.0,0.0,0.0,0.0,0.0,105
2023-05-09 21:00:27,MA2404,MA404,2343.0,0.0,0.0,0.0,1,2330.0,2343.0,1,2343.0,2328.0,0.0,0.0,0.0,0.0,105
2023-05-09 21:00:27,MA2404,MA404,2343.0,0.0,0.0,0.0,2,2330.0,2343.0,1,2343.0,2328.0,0.0,0.0,0.0,0.0,105
2023-05-09 21:00:29,MA2404,MA404,2343.0,0.0,0.0,0.0,1,2330.0,2343.0,1,2343.0,2328.0,0.0,0.0,0.0,0.0,105
2023-05-09 21:00:29,MA2404,MA404,2343.0,0.0,0.0,0.0,1,2329.0,2343.0,1,2343.0,2328.0,0.0,0.0,0.0,0.0,105
2023-05-09 21:00:29,MA2404,MA404,2343.0,0.0,0.0,0.0,2,2330.0,2343.0,1,2343.0,2328.0,0.0,0.0,0.0,0.0,105
2023-05-09 21:00:33,MA2404,MA404,2343.0,0.0,0.0,0.0,2,2330.0,2343.0,2,2343.0,2328.0,0.0,0.0,0.0,0.0,105
2023-05-09 21:00:34,MA2404,MA404,2343.0,0.0,0.0,0.0,2,2330.0,2342.0,1,2343.0,2328.0,0.0,0.0,0.0,0.0,105
2023-05-09 21:00:36,MA2404,MA404,2343.0,0.0,0.0,0.0,1,2330.0,2342.0,1,2343.0,2328.0,0.0,0.0,0.0,0.0,105
2023-05-09 21:00:36,MA2404,MA404,2343.0,0.0,0.0,0.0,1,2329.0,2342.0,1,2343.0,2328.0,0.0,0.0,0.0,0.0,105
2023-05-09 21:00:37,MA2404,MA404,2343.0,0.0,0.0,0.0,2,2329.0,2343.0,3,2343.0,2328.0,0.0,0.0,0.0,0.0,105
2023-05-09 21:00:37,MA2404,MA404,2343.0,0.0,0.0,0.0,2,2329.0,2342.0,1,2343.0,2328.0,0.0,0.0,0.0,0.0,105
2023-05-09 21:00:38,MA2404,MA404,2343.0,0.0,0.0,0.0,2,2329.0,2343.0,3,2343.0,2328.0,0.0,0.0,0.0,0.0,105
2023-05-09 21:00:38,MA2404,MA404,2343.0,0.0,0.0,0.0,1,2330.0,2343.0,3,2343.0,2328.0,0.0,0.0,0.0,0.0,105
2023-05-09 21:00:39,MA2404,MA404,2343.0,0.0,0.0,0.0,1,2330.0,2343.0,2,2343.0,2328.0,0.0,0.0,0.0,0.0,105
2023-05-09 21:00:40,MA2404,MA404,2343.0,0.0,0.0,0.0,1,2331.0,2343.0,2,2343.0,2328.0,0.0,0.0,0.0,0.0,105
2023-05-09 21:00:40,MA2404,MA404,2343.0,0.0,0.0,0.0,2,2330.0,2343.0,2,2343.0,2328.0,0.0,0.0,0.0,0.0,105
2023-05-09 21:00:41,MA2404,MA404,2343.0,0.0,0.0,0.0,1,2331.0,2343.0,2,2343.0,2328.0,0.0,0.0,0.0,0.0,105
2023-05-09 21:00:47,MA2404,MA404,2343.0,0.0,0.0,0.0,1,2330.0,2343.0,2,2343.0,2328.0,0.0,0.0,0.0,0.0,105
2023-05-09 21:00:48,MA2404,MA404,2343.0,0.0,0.0,0.0,1,2331.0,2343.0,2,2343.0,2328.0,0.0,0.0,0.0,0.0,105
2023-05-09 21:00:50,MA2404,MA404,2343.0,0.0,0.0,0.0,2,2330.0,2343.0,2,2343.0,2328.0,0.0,0.0,0.0,0.0,105
2023-05-09 21:00:50,MA2404,MA404,2343.0,0.0,0.0,0.0,1,2331.0,2343.0,2,2343.0,2328.0,0.0,0.0,0.0,0.0,105
2023-05-09 21:00:51,MA2404,MA404,2343.0,0.0,0.0,0.0,2,2331.0,2343.0,2,2343.0,2328.0,0.0,0.0,0.0,0.0,105
2023-05-09 21:00:51,MA2404,MA404,2343.0,0.0,0.0,0.0,1,2332.0,2343.0,2,2343.0,2328.0,0.0,0.0,0.0,0.0,105
2023-05-09 21:00:52,MA2404,MA404,2343.0,0.0,0.0,0.0,1,2332.0,2343.0,1,2343.0,2328.0,0.0,0.0,0.0,0.0,105
2023-05-09 21:00:54,MA2404,MA404,2343.0,0.0,0.0,0.0,1,2333.0,2343.0,1,2343.0,2328.0,0.0,0.0,0.0,0.0,105
2023-05-09 21:00:58,MA2404,MA404,2343.0,0.0,0.0,0.0,2,2333.0,2343.0,1,2343.0,2328.0,0.0,0.0,0.0,0.0,105
2023-05-09 21:01:01,MA2404,MA404,2343.0,0.0,0.0,0.0,2,2333.0,2342.0,2,2343.0,2328.0,0.0,0.0,0.0,0.0,105
2023-05-09 21:01:06,MA2404,MA404,2343.0,0.0,0.0,0.0,1,2333.0,2342.0,2,2343.0,2328.0,0.0,0.0,0.0,0.0,105
2023-05-09 21:01:06,MA2404,MA404,2343.0,0.0,0.0,0.0,1,2332.0,2342.0,2,2343.0,2328.0,0.0,0.0,0.0,0.0,105
2023-05-09 21:01:07,MA2404,MA404,2343.0,0.0,0.0,0.0,2,2332.0,2342.0,2,2343.0,2328.0,0.0,0.0,0.0,0.0,105
2023-05-09 21:01:10,MA2404,MA404,2343.0,0.0,0.0,0.0,1,2332.0,2342.0,2,2343.0,2328.0,0.0,0.0,0.0,0.0,105
2023-05-09 21:01:11,MA2404,MA404,2343.0,0.0,0.0,0.0,1,2331.0,2342.0,2,2343.0,2328.0,0.0,0.0,0.0,0.0,105
2023-05-09 21:01:11,MA2404,MA404,2343.0,0.0,0.0,0.0,2,2331.0,2342.0,2,2343.0,2328.0,0.0,0.0,0.0,0.0,105
2023-05-09 21:01:13,MA2404,MA404,2343.0,0.0,0.0,0.0,1,2331.0,2342.0,2,2343.0,2328.0,0.0,0.0,0.0,0.0,105
2023-05-09 21:01:14,MA2404,MA404,2343.0,0.0,0.0,0.0,1,2329.0,2342.0,3,2343.0,2328.0,0.0,0.0,0.0,0.0,105
2023-05-09 21:01:14,MA2404,MA404,2343.0,0.0,0.0,0.0,2,2329.0,2340.0,1,2343.0,2328.0,0.0,0.0,0.0,0.0,105
2023-05-09 21:01:15,MA2404,MA404,2343.0,0.0,0.0,0.0,2,2329.0,2340.0,2,2343.0,2328.0,0.0,0.0,0.0,0.0,105
2023-05-09 21:01:22,MA2404,MA404,2343.0,0.0,0.0,0.0,1,2329.0,2340.0,2,2343.0,2328.0,0.0,0.0,0.0,0.0,105
2023-05-09 21:01:23,MA2404,MA404,2343.0,0.0,0.0,0.0,2,2329.0,2340.0,2,2343.0,2328.0,0.0,0.0,0.0,0.0,105
2023-05-09 21:01:24,MA2404,MA404,2343.0,0.0,0.0,0.0,1,2329.0,2340.0,3,2343.0,2328.0,0.0,0.0,0.0,0.0,105
2023-05-09 21:01:26,MA2404,MA404,2343.0,0.0,0.0,0.0,1,2327.0,2339.0,1,2343.0,2328.0,0.0,0.0,0.0,0.0,105
2023-05-09 21:01:27,MA2404,MA404,2343.0,0.0,0.0,0.0,2,2327.0,2339.0,1,2343.0,2328.0,0.0,0.0,0.0,0.0,105
2023-05-09 21:01:28,MA2404,MA404,2343.0,0.0,0.0,0.0,1,2327.0,2339.0,1,2343.0,2328.0,0.0,0.0,0.0,0.0,105
2023-05-09 21:01:30,MA2404,MA404,2343.0,0.0,0.0,0.0,1,2326.0,2337.0,1,2343.0,2328.0,0.0,0.0,0.0,0.0,105
2023-05-09 21:01:30,MA2404,MA404,2343.0,0.0,0.0,0.0,2,2326.0,2337.0,1,2343.0,2328.0,0.0,0.0,0.0,0.0,105
2023-05-09 21:01:32,MA2404,MA404,2343.0,0.0,0.0,0.0,1,2327.0,2337.0,1,2343.0,2328.0,0.0,0.0,0.0,0.0,105
2023-05-09 21:01:32,MA2404,MA404,2343.0,0.0,0.0,0.0,1,2326.0,2337.0,1,2343.0,2328.0,0.0,0.0,0.0,0.0,105
2023-05-09 21:01:33,MA2404,MA404,2343.0,0.0,0.0,0.0,2,2326.0,2337.0,1,2343.0,2328.0,0.0,0.0,0.0,0.0,105
2023-05-09 21:01:36,MA2404,MA404,2343.0,0.0,0.0,0.0,1,2327.0,2337.0,1,2343.0,2328.0,0.0,0.0,0.0,0.0,105
2023-05-09 21:01:37,MA2404,MA404,2343.0,0.0,0.0,0.0,2,2327.0,2337.0,1,2343.0,2328.0,0.0,0.0,0.0,0.0,105
2023-05-09 21:01:42,MA2404,MA404,2343.0,0.0,0.0,0.0,1,2329.0,2337.0,1,2343.0,2328.0,0.0,0.0,0.0,0.0,105
2023-05-09 21:01:42,MA2404,MA404,2343.0,0.0,0.0,0.0,1,2329.0,2340.0,1,2343.0,2328.0,0.0,0.0,0.0,0.0,105
2023-05-09 21:01:47,MA2404,MA404,2343.0,0.0,0.0,0.0,1,2328.0,2340.0,1,2343.0,2328.0,0.0,0.0,0.0,0.0,105
2023-05-09 21:01:48,MA2404,MA404,2343.0,0.0,0.0,0.0,2,2328.0,2340.0,1,2343.0,2328.0,0.0,0.0,0.0,0.0,105
2023-05-09 21:01:50,MA2404,MA404,2343.0,0.0,0.0,0.0,2,2328.0,2340.0,2,2343.0,2328.0,0.0,0.0,0.0,0.0,105
2023-05-09 21:01:51,MA2404,MA404,2343.0,0.0,0.0,0.0,1,2328.0,2340.0,2,2343.0,2328.0,0.0,0.0,0.0,0.0,105
2023-05-09 21:01:52,MA2404,MA404,2343.0,0.0,0.0,0.0,1,2327.0,2340.0,1,2343.0,2328.0,0.0,0.0,0.0,0.0,105
2023-05-09 21:01:52,MA2404,MA404,2343.0,0.0,0.0,0.0,1,2328.0,2340.0,1,2343.0,2328.0,0.0,0.0,0.0,0.0,105
2023-05-09 21:01:53,MA2404,MA404,2343.0,0.0,0.0,0.0,2,2328.0,2340.0,1,2343.0,2328.0,0.0,0.0,0.0,0.0,105
2023-05-09 21:01:54,MA2404,MA404,2343.0,0.0,0.0,0.0,2,2328.0,2340.0,2,2343.0,2328.0,0.0,0.0,0.0,0.0,105
2023-05-09 21:01:55,MA2404,MA404,2343.0,0.0,0.0,0.0,1,2328.0,2340.0,2,2343.0,2328.0,0.0,0.0,0.0,0.0,105
2023-05-09 21:01:56,MA2404,MA404,2343.0,0.0,0.0,0.0,1,2327.0,2340.0,2,2343.0,2328.0,0.0,0.0,0.0,0.0,105
2023-05-09 21:01:56,MA2404,MA404,2343.0,0.0,0.0,0.0,1,2328.0,2340.0,1,2343.0,2328.0,0.0,0.0,0.0,0.0,105
2023-05-09 21:01:59,MA2404,MA404,2343.0,0.0,0.0,0.0,2,2328.0,2340.0,1,2343.0,2328.0,0.0,0.0,0.0,0.0,105
2023-05-09 21:02:08,MA2404,MA404,2343.0,0.0,0.0,0.0,2,2328.0,2340.0,2,2343.0,2328.0,0.0,0.0,0.0,0.0,105
2023-05-09 21:02:09,MA2404,MA404,2343.0,0.0,0.0,0.0,1,2328.0,2340.0,2,2343.0,2328.0,0.0,0.0,0.0,0.0,105
2023-05-09 21:02:09,MA2404,MA404,2343.0,0.0,0.0,0.0,1,2327.0,2340.0,3,2343.0,2328.0,0.0,0.0,0.0,0.0,105
2023-05-09 21:02:10,MA2404,MA404,2343.0,0.0,0.0,0.0,2,2327.0,2340.0,3,2343.0,2328.0,0.0,0.0,0.0,0.0,105
2023-05-09 21:02:13,MA2404,MA404,2343.0,0.0,0.0,0.0,1,2328.0,2340.0,3,2343.0,2328.0,0.0,0.0,0.0,0.0,105
2023-05-09 21:02:14,MA2404,MA404,2343.0,0.0,0.0,0.0,2,2328.0,2340.0,2,2343.0,2328.0,0.0,0.0,0.0,0.0,105
2023-05-09 21:02:15,MA2404,MA404,2343.0,0.0,0.0,0.0,1,2329.0,2340.0,2,2343.0,2328.0,0.0,0.0,0.0,0.0,105
2023-05-09 21:02:15,MA2404,MA404,2343.0,0.0,0.0,0.0,2,2328.0,2340.0,2,2343.0,2328.0,0.0,0.0,0.0,0.0,105
2023-05-09 21:02:16,MA2404,MA404,2343.0,0.0,0.0,0.0,2,2328.0,2340.0,3,2343.0,2328.0,0.0,0.0,0.0,0.0,105
2023-05-09 21:02:18,MA2404,MA404,2343.0,0.0,0.0,0.0,1,2329.0,2340.0,2,2343.0,2328.0,0.0,0.0,0.0,0.0,105
2023-05-09 21:02:18,MA2404,MA404,2343.0,0.0,0.0,0.0,1,2328.0,2340.0,2,2343.0,2328.0,0.0,0.0,0.0,0.0,105
2023-05-09 21:02:19,MA2404,MA404,2343.0,0.0,0.0,0.0,2,2328.0,2340.0,2,2343.0,2328.0,0.0,0.0,0.0,0.0,105
2023-05-09 21:02:21,MA2404,MA404,2343.0,0.0,0.0,0.0,1,2329.0,2340.0,2,2343.0,2328.0,0.0,0.0,0.0,0.0,105
2023-05-09 21:02:23,MA2404,MA404,2343.0,0.0,0.0,0.0,1,2329.0,2340.0,3,2343.0,2328.0,0.0,0.0,0.0,0.0,105
2023-05-09 21:02:24,MA2404,MA404,2343.0,0.0,0.0,0.0,1,2329.0,2340.0,2,2343.0,2328.0,0.0,0.0,0.0,0.0,105
2023-05-09 21:02:24,MA2404,MA404,2343.0,0.0,0.0,0.0,1,2328.0,2340.0,2,2343.0,2328.0,0.0,0.0,0.0,0.0,105
2023-05-09 21:02:25,MA2404,MA404,2343.0,0.0,0.0,0.0,2,2328.0,2340.0,2,2343.0,2328.0,0.0,0.0,0.0,0.0,105
2023-05-09 21:02:27,MA2404,MA404,2343.0,0.0,0.0,0.0,2,2328.0,2339.0,1,2343.0,2328.0,0.0,0.0,0.0,0.0,105
2023-05-09 21:02:27,MA2404,MA404,2343.0,0.0,0.0,0.0,2,2328.0,2339.0,3,2343.0,2328.0,0.0,0.0,0.0,0.0,105
2023-05-09 21:02:28,MA2404,MA404,2343.0,0.0,0.0,0.0,1,2329.0,2339.0,3,2343.0,2328.0,0.0,0.0,0.0,0.0,105
2023-05-09 21:02:29,MA2404,MA404,2343.0,0.0,0.0,0.0,2,2329.0,2339.0,3,2343.0,2328.0,0.0,0.0,0.0,0.0,105
2023-05-09 21:02:30,MA2404,MA404,2343.0,0.0,0.0,0.0,1,2329.0,2339.0,3,2343.0,2328.0,0.0,0.0,0.0,0.0,105
2023-05-09 21:02:31,MA2404,MA404,2343.0,0.0,0.0,0.0,1,2328.0,2339.0,3,2343.0,2328.0,0.0,0.0,0.0,0.0,105
2023-05-09 21:02:32,MA2404,MA404,2343.0,0.0,0.0,0.0,2,2328.0,2339.0,3,2343.0,2328.0,0.0,0.0,0.0,0.0,105
2023-05-09 21:03:16,MA2404,MA404,2343.0,0.0,0.0,0.0,1,2329.0,2339.0,3,2343.0,2328.0,0.0,0.0,0.0,0.0,105
2023-05-09 21:03:16,MA2404,MA404,2343.0,0.0,0.0,0.0,2,2329.0,2339.0,3,2343.0,2328.0,0.0,0.0,0.0,0.0,105
2023-05-09 21:03:18,MA2404,MA404,2343.0,0.0,0.0,0.0,1,2329.0,2339.0,3,2343.0,2328.0,0.0,0.0,0.0,0.0,105
2023-05-09 21:03:19,MA2404,MA404,2343.0,0.0,0.0,0.0,1,2328.0,2339.0,3,2343.0,2328.0,0.0,0.0,0.0,0.0,105
2023-05-09 21:03:19,MA2404,MA404,2343.0,0.0,0.0,0.0,2,2328.0,2339.0,3,2343.0,2328.0,0.0,0.0,0.0,0.0,105
2023-05-09 21:03:21,MA2404,MA404,2343.0,0.0,0.0,0.0,1,2329.0,2339.0,3,2343.0,2328.0,0.0,0.0,0.0,0.0,105
2023-05-09 21:03:22,MA2404,MA404,2343.0,0.0,0.0,0.0,1,2330.0,2339.0,3,2343.0,2328.0,0.0,0.0,0.0,0.0,105
2023-05-09 21:03:25,MA2404,MA404,2343.0,0.0,0.0,0.0,1,2329.0,2339.0,3,2343.0,2328.0,0.0,0.0,0.0,0.0,105
2023-05-09 21:03:25,MA2404,MA404,2343.0,0.0,0.0,0.0,2,2329.0,2339.0,3,2343.0,2328.0,0.0,0.0,0.0,0.0,105
2023-05-09 21:03:37,MA2404,MA404,2343.0,0.0,0.0,0.0,1,2330.0,2339.0,3,2343.0,2328.0,0.0,0.0,0.0,0.0,105
2023-05-09 21:03:38,MA2404,MA404,2343.0,0.0,0.0,0.0,2,2330.0,2339.0,3,2343.0,2328.0,0.0,0.0,0.0,0.0,105
2023-05-09 21:03:40,MA2404,MA404,2343.0,0.0,0.0,0.0,1,2330.0,2339.0,3,2343.0,2328.0,0.0,0.0,0.0,0.0,105
2023-05-09 21:03:42,MA2404,MA404,2343.0,0.0,0.0,0.0,1,2329.0,2339.0,3,2343.0,2328.0,0.0,0.0,0.0,0.0,105
2023-05-09 21:03:42,MA2404,MA404,2343.0,0.0,0.0,0.0,2,2329.0,2339.0,3,2343.0,2328.0,0.0,0.0,0.0,0.0,105
2023-05-09 21:03:47,MA2404,MA404,2343.0,0.0,0.0,0.0,1,2330.0,2339.0,3,2343.0,2328.0,0.0,0.0,0.0,0.0,105
2023-05-09 21:03:48,MA2404,MA404,2343.0,0.0,0.0,0.0,2,2330.0,2339.0,3,2343.0,2328.0,0.0,0.0,0.0,0.0,105
2023-05-09 21:03:53,MA2404,MA404,2343.0,0.0,0.0,0.0,1,2330.0,2339.0,3,2343.0,2328.0,0.0,0.0,0.0,0.0,105
2023-05-09 21:03:54,MA2404,MA404,2343.0,0.0,0.0,0.0,2,2330.0,2339.0,3,2343.0,2328.0,0.0,0.0,0.0,0.0,105
2023-05-09 21:03:55,MA2404,MA404,2343.0,0.0,0.0,0.0,1,2331.0,2339.0,3,2343.0,2328.0,0.0,0.0,0.0,0.0,105
2023-05-09 21:03:56,MA2404,MA404,2343.0,0.0,0.0,0.0,2,2331.0,2339.0,3,2343.0,2328.0,0.0,0.0,0.0,0.0,105
2023-05-09 21:03:58,MA2404,MA404,2343.0,0.0,0.0,0.0,1,2331.0,2339.0,3,2343.0,2328.0,0.0,0.0,0.0,0.0,105
2023-05-09 21:03:59,MA2404,MA404,2343.0,0.0,0.0,0.0,1,2330.0,2339.0,3,2343.0,2328.0,0.0,0.0,0.0,0.0,105
2023-05-09 21:03:59,MA2404,MA404,2343.0,0.0,0.0,0.0,2,2330.0,2339.0,3,2343.0,2328.0,0.0,0.0,0.0,0.0,105
2023-05-09 21:04:02,MA2404,MA404,2343.0,0.0,0.0,0.0,1,2330.0,2339.0,3,2343.0,2328.0,0.0,0.0,0.0,0.0,105
2023-05-09 21:04:02,MA2404,MA404,2343.0,0.0,0.0,0.0,1,2329.0,2339.0,3,2343.0,2328.0,0.0,0.0,0.0,0.0,105
2023-05-09 21:04:03,MA2404,MA404,2343.0,0.0,0.0,0.0,2,2329.0,2339.0,3,2343.0,2328.0,0.0,0.0,0.0,0.0,105
2023-05-09 21:04:17,MA2404,MA404,2343.0,0.0,0.0,0.0,1,2330.0,2339.0,3,2343.0,2328.0,0.0,0.0,0.0,0.0,105
2023-05-09 21:04:18,MA2404,MA404,2343.0,0.0,0.0,0.0,1,2329.0,2339.0,3,2343.0,2328.0,0.0,0.0,0.0,0.0,105
2023-05-09 21:04:18,MA2404,MA404,2343.0,0.0,0.0,0.0,2,2329.0,2339.0,3,2343.0,2328.0,0.0,0.0,0.0,0.0,105
2023-05-09 21:04:20,MA2404,MA404,2343.0,0.0,0.0,0.0,1,2329.0,2339.0,3,2343.0,2328.0,0.0,0.0,0.0,0.0,105
2023-05-09 21:04:21,MA2404,MA404,2343.0,0.0,0.0,0.0,1,2328.0,2339.0,3,2343.0,2328.0,0.0,0.0,0.0,0.0,105
2023-05-09 21:04:22,MA2404,MA404,2343.0,0.0,0.0,0.0,2,2329.0,2339.0,3,2343.0,2328.0,0.0,0.0,0.0,0.0,105
2023-05-09 21:04:23,MA2404,MA404,2343.0,0.0,0.0,0.0,1,2329.0,2339.0,3,2343.0,2328.0,0.0,0.0,0.0,0.0,105
2023-05-09 21:04:24,MA2404,MA404,2343.0,0.0,0.0,0.0,2,2329.0,2339.0,3,2343.0,2328.0,0.0,0.0,0.0,0.0,105
2023-05-09 21:04:31,MA2404,MA404,2343.0,0.0,0.0,0.0,1,2330.0,2339.0,3,2343.0,2328.0,0.0,0.0,0.0,0.0,105
2023-05-09 21:04:31,MA2404,MA404,2343.0,0.0,0.0,0.0,1,2329.0,2339.0,3,2343.0,2328.0,0.0,0.0,0.0,0.0,105
2023-05-09 21:04:32,MA2404,MA404,2343.0,0.0,0.0,0.0,1,2330.0,2339.0,3,2343.0,2328.0,0.0,0.0,0.0,0.0,105
2023-05-09 21:04:33,MA2404,MA404,2343.0,0.0,0.0,0.0,2,2330.0,2339.0,3,2343.0,2328.0,0.0,0.0,0.0,0.0,105
2023-05-09 21:04:34,MA2404,MA404,2343.0,0.0,0.0,0.0,1,2331.0,2339.0,3,2343.0,2328.0,0.0,0.0,0.0,0.0,105
2023-05-09 21:04:34,MA2404,MA404,2343.0,0.0,0.0,0.0,1,2330.0,2339.0,3,2343.0,2328.0,0.0,0.0,0.0,0.0,105
2023-05-09 21:04:35,MA2404,MA404,2343.0,0.0,0.0,0.0,2,2330.0,2339.0,3,2343.0,2328.0,0.0,0.0,0.0,0.0,105
2023-05-09 21:04:39,MA2404,MA404,2343.0,0.0,0.0,0.0,1,2330.0,2339.0,3,2343.0,2328.0,0.0,0.0,0.0,0.0,105
2023-05-09 21:04:40,MA2404,MA404,2343.0,0.0,0.0,0.0,1,2329.0,2339.0,3,2343.0,2328.0,0.0,0.0,0.0,0.0,105
2023-05-09 21:04:40,MA2404,MA404,2343.0,0.0,0.0,0.0,2,2329.0,2339.0,3,2343.0,2328.0,0.0,0.0,0.0,0.0,105
2023-05-09 21:04:41,MA2404,MA404,2343.0,0.0,0.0,0.0,1,2329.0,2339.0,3,2343.0,2328.0,0.0,0.0,0.0,0.0,105
2023-05-09 21:04:41,MA2404,MA404,2343.0,0.0,0.0,0.0,2,2329.0,2339.0,3,2343.0,2328.0,0.0,0.0,0.0,0.0,105
2023-05-09 21:04:43,MA2404,MA404,2343.0,0.0,0.0,0.0,1,2329.0,2339.0,3,2343.0,2328.0,0.0,0.0,0.0,0.0,105
2023-05-09 21:04:43,MA2404,MA404,2343.0,0.0,0.0,0.0,1,2328.0,2339.0,3,2343.0,2328.0,0.0,0.0,0.0,0.0,105
2023-05-09 21:04:44,MA2404,MA404,2343.0,0.0,0.0,0.0,2,2328.0,2339.0,3,2343.0,2328.0,0.0,0.0,0.0,0.0,105
2023-05-09 21:04:45,MA2404,MA404,2343.0,0.0,0.0,0.0,1,2329.0,2339.0,3,2343.0,2328.0,0.0,0.0,0.0,0.0,105
2023-05-09 21:04:49,MA2404,MA404,2343.0,0.0,0.0,0.0,1,2328.0,2339.0,3,2343.0,2328.0,0.0,0.0,0.0,0.0,105
2023-05-09 21:04:50,MA2404,MA404,2343.0,0.0,0.0,0.0,2,2328.0,2339.0,3,2343.0,2328.0,0.0,0.0,0.0,0.0,105
2023-05-09 21:04:51,MA2404,MA404,2343.0,0.0,0.0,0.0,1,2329.0,2339.0,3,2343.0,2328.0,0.0,0.0,0.0,0.0,105
2023-05-09 21:04:55,MA2404,MA404,2343.0,0.0,0.0,0.0,2,2329.0,2339.0,3,2343.0,2328.0,0.0,0.0,0.0,0.0,105
2023-05-09 21:05:00,MA2404,MA404,2343.0,0.0,0.0,0.0,1,2329.0,2339.0,3,2343.0,2328.0,0.0,0.0,0.0,0.0,105
2023-05-09 21:05:00,MA2404,MA404,2343.0,0.0,0.0,0.0,1,2328.0,2339.0,3,2343.0,2328.0,0.0,0.0,0.0,0.0,105
2023-05-09 21:05:01,MA2404,MA404,2343.0,0.0,0.0,0.0,2,2328.0,2339.0,3,2343.0,2328.0,0.0,0.0,0.0,0.0,105
2023-05-09 21:05:09,MA2404,MA404,2343.0,0.0,0.0,0.0,1,2328.0,2339.0,3,2343.0,2328.0,0.0,0.0,0.0,0.0,105
2023-05-09 21:05:09,MA2404,MA404,2343.0,0.0,0.0,0.0,1,2326.0,2339.0,3,2343.0,2328.0,0.0,0.0,0.0,0.0,105
2023-05-09 21:05:10,MA2404,MA404,2343.0,0.0,0.0,0.0,2,2326.0,2339.0,4,2343.0,2328.0,0.0,0.0,0.0,0.0,105
2023-05-09 21:05:10,MA2404,MA404,2343.0,0.0,0.0,0.0,2,2326.0,2337.0,1,2343.0,2328.0,0.0,0.0,0.0,0.0,105
2023-05-09 21:05:13,MA2404,MA404,2343.0,0.0,0.0,0.0,1,2327.0,2337.0,1,2343.0,2328.0,0.0,0.0,0.0,0.0,105
2023-05-09 21:05:13,MA2404,MA404,2343.0,0.0,0.0,0.0,1,2326.0,2337.0,1,2343.0,2328.0,0.0,0.0,0.0,0.0,105
2023-05-09 21:05:13,MA2404,MA404,2343.0,0.0,0.0,0.0,1,2327.0,2337.0,1,2343.0,2328.0,0.0,0.0,0.0,0.0,105
2023-05-09 21:05:13,MA2404,MA404,2343.0,0.0,0.0,0.0,1,2326.0,2337.0,1,2343.0,2328.0,0.0,0.0,0.0,0.0,105
2023-05-09 21:05:14,MA2404,MA404,2343.0,0.0,0.0,0.0,2,2326.0,2337.0,1,2343.0,2328.0,0.0,0.0,0.0,0.0,105
2023-05-09 21:05:16,MA2404,MA404,2343.0,0.0,0.0,0.0,2,2326.0,2336.0,1,2343.0,2328.0,0.0,0.0,0.0,0.0,105
2023-05-09 21:05:19,MA2404,MA404,2343.0,0.0,0.0,0.0,1,2327.0,2337.0,1,2343.0,2328.0,0.0,0.0,0.0,0.0,105
2023-05-09 21:05:19,MA2404,MA404,2343.0,0.0,0.0,0.0,2,2327.0,2337.0,1,2343.0,2328.0,0.0,0.0,0.0,0.0,105
2023-05-09 21:05:24,MA2404,MA404,2343.0,0.0,0.0,0.0,1,2328.0,2337.0,1,2343.0,2328.0,0.0,0.0,0.0,0.0,105
2023-05-09 21:05:25,MA2404,MA404,2343.0,0.0,0.0,0.0,1,2327.0,2337.0,1,2343.0,2328.0,0.0,0.0,0.0,0.0,105
2023-05-09 21:05:25,MA2404,MA404,2343.0,0.0,0.0,0.0,2,2327.0,2337.0,1,2343.0,2328.0,0.0,0.0,0.0,0.0,105
2023-05-09 21:05:52,MA2404,MA404,2343.0,0.0,0.0,0.0,1,2327.0,2337.0,1,2343.0,2328.0,0.0,0.0,0.0,0.0,105
2023-05-09 21:05:52,MA2404,MA404,2343.0,0.0,0.0,0.0,2,2326.0,2337.0,1,2343.0,2328.0,0.0,0.0,0.0,0.0,105
2023-05-09 21:05:55,MA2404,MA404,2343.0,0.0,0.0,0.0,3,2326.0,2337.0,1,2343.0,2328.0,0.0,0.0,0.0,0.0,105
2023-05-09 21:05:57,MA2404,MA404,2343.0,0.0,0.0,0.0,1,2327.0,2337.0,1,2343.0,2328.0,0.0,0.0,0.0,0.0,105
2023-05-09 21:05:58,MA2404,MA404,2343.0,0.0,0.0,0.0,2,2327.0,2337.0,1,2343.0,2328.0,0.0,0.0,0.0,0.0,105
2023-05-09 21:05:59,MA2404,MA404,2343.0,0.0,0.0,0.0,2,2327.0,2336.0,2,2343.0,2328.0,0.0,0.0,0.0,0.0,105
2023-05-09 21:06:10,MA2404,MA404,2343.0,0.0,0.0,0.0,1,2327.0,2336.0,2,2343.0,2328.0,0.0,0.0,0.0,0.0,105
2023-05-09 21:06:10,MA2404,MA404,2343.0,0.0,0.0,0.0,2,2326.0,2336.0,2,2343.0,2328.0,0.0,0.0,0.0,0.0,105
2023-05-09 21:06:11,MA2404,MA404,2343.0,0.0,0.0,0.0,3,2326.0,2336.0,2,2343.0,2328.0,0.0,0.0,0.0,0.0,105
2023-05-09 21:06:27,MA2404,MA404,2343.0,0.0,0.0,0.0,2,2326.0,2336.0,2,2343.0,2328.0,0.0,0.0,0.0,0.0,105
2023-05-09 21:06:27,MA2404,MA404,2343.0,0.0,0.0,0.0,1,2326.0,2336.0,2,2343.0,2328.0,0.0,0.0,0.0,0.0,105
2023-05-09 21:06:27,MA2404,MA404,2343.0,0.0,0.0,0.0,2,2326.0,2336.0,2,2343.0,2328.0,0.0,0.0,0.0,0.0,105
2023-05-09 21:06:27,MA2404,MA404,2343.0,0.0,0.0,0.0,1,2326.0,2336.0,2,2343.0,2328.0,0.0,0.0,0.0,0.0,105
2023-05-09 21:06:32,MA2404,MA404,2343.0,0.0,0.0,0.0,1,2326.0,2335.0,1,2343.0,2328.0,0.0,0.0,0.0,0.0,105
2023-05-09 21:06:40,MA2404,MA404,2343.0,0.0,0.0,0.0,1,2326.0,2335.0,2,2343.0,2328.0,0.0,0.0,0.0,0.0,105
2023-05-09 21:06:40,MA2404,MA404,2343.0,0.0,0.0,0.0,1,2326.0,2335.0,1,2343.0,2328.0,0.0,0.0,0.0,0.0,105
2023-05-09 21:06:41,MA2404,MA404,2343.0,0.0,0.0,0.0,1,2326.0,2335.0,2,2343.0,2328.0,0.0,0.0,0.0,0.0,105
2023-05-09 21:06:43,MA2404,MA404,2343.0,0.0,0.0,0.0,1,2326.0,2334.0,1,2343.0,2328.0,0.0,0.0,0.0,0.0,105
2023-05-09 21:06:43,MA2404,MA404,2343.0,0.0,0.0,0.0,1,2326.0,2333.0,1,2343.0,2328.0,0.0,0.0,0.0,0.0,105
2023-05-09 21:07:01,MA2404,MA404,2343.0,0.0,0.0,0.0,1,2328.0,2333.0,1,2343.0,2328.0,0.0,0.0,0.0,0.0,105
2023-05-09 21:07:11,MA2404,MA404,2343.0,0.0,0.0,0.0,1,2326.0,2333.0,1,2343.0,2328.0,0.0,0.0,0.0,0.0,105
2023-05-09 21:07:25,MA2404,MA404,2343.0,0.0,0.0,0.0,1,2326.0,2332.0,2,2343.0,2328.0,0.0,0.0,0.0,0.0,105
2023-05-09 21:07:47,MA2404,MA404,2343.0,0.0,0.0,0.0,1,2326.0,2331.0,1,2343.0,2328.0,0.0,0.0,0.0,0.0,105
2023-05-09 21:07:57,MA2404,MA404,2343.0,0.0,0.0,0.0,1,2326.0,2332.0,2,2343.0,2328.0,0.0,0.0,0.0,0.0,105
2023-05-09 21:08:58,MA2404,MA404,2343.0,0.0,0.0,0.0,1,2326.0,2331.0,1,2343.0,2328.0,0.0,0.0,0.0,0.0,105
2023-05-09 21:10:03,MA2404,MA404,2343.0,0.0,0.0,0.0,2,2326.0,2331.0,1,2343.0,2328.0,0.0,0.0,0.0,0.0,105
2023-05-09 21:10:05,MA2404,MA404,2343.0,0.0,0.0,0.0,2,2326.0,2336.0,2,2343.0,2328.0,0.0,0.0,0.0,0.0,105
2023-05-09 21:10:05,MA2404,MA404,2343.0,0.0,0.0,0.0,2,2326.0,2335.0,1,2343.0,2328.0,0.0,0.0,0.0,0.0,105
2023-05-09 21:10:05,MA2404,MA404,2343.0,0.0,0.0,0.0,2,2326.0,2336.0,2,2343.0,2328.0,0.0,0.0,0.0,0.0,105
2023-05-09 21:10:08,MA2404,MA404,2343.0,0.0,0.0,0.0,1,2327.0,2335.0,1,2343.0,2328.0,0.0,0.0,0.0,0.0,105
2023-05-09 21:10:14,MA2404,MA404,2343.0,0.0,0.0,0.0,1,2327.0,2334.0,2,2343.0,2328.0,0.0,0.0,0.0,0.0,105
2023-05-09 21:10:54,MA2404,MA404,2343.0,0.0,0.0,0.0,1,2328.0,2334.0,2,2343.0,2328.0,0.0,0.0,0.0,0.0,105
2023-05-09 21:11:05,MA2404,MA404,2343.0,0.0,0.0,0.0,1,2328.0,2333.0,1,2343.0,2328.0,0.0,0.0,0.0,0.0,105
2023-05-09 21:11:19,MA2404,MA404,2343.0,0.0,0.0,0.0,1,2328.0,2334.0,2,2343.0,2328.0,0.0,0.0,0.0,0.0,105
2023-05-09 21:11:33,MA2404,MA404,2343.0,0.0,0.0,0.0,1,2328.0,2333.0,1,2343.0,2328.0,0.0,0.0,0.0,0.0,105
2023-05-09 21:12:10,MA2404,MA404,2343.0,0.0,0.0,0.0,2,2328.0,2333.0,1,2343.0,2328.0,0.0,0.0,0.0,0.0,105
2023-05-09 21:13:16,MA2404,MA404,2328.0,1.0,2328.0,0.0,1,2328.0,2333.0,2,2343.0,2328.0,2328.0,2328.0,1.0,2328.0,105
2023-05-09 21:13:17,MA2404,MA404,2328.0,0.0,0.0,0.0,1,2328.0,2333.0,4,2343.0,2328.0,2328.0,2328.0,1.0,2328.0,105
2023-05-09 21:13:17,MA2404,MA404,2328.0,0.0,0.0,0.0,1,2328.0,2333.0,3,2343.0,2328.0,2328.0,2328.0,1.0,2328.0,105
2023-05-09 21:13:28,MA2404,MA404,2328.0,0.0,0.0,0.0,1,2328.0,2333.0,1,2343.0,2328.0,2328.0,2328.0,1.0,2328.0,105
2023-05-09 21:14:09,MA2404,MA404,2328.0,0.0,0.0,0.0,1,2328.0,2335.0,2,2343.0,2328.0,2328.0,2328.0,1.0,2328.0,105
2023-05-09 21:14:10,MA2404,MA404,2328.0,0.0,0.0,0.0,2,2328.0,2335.0,2,2343.0,2328.0,2328.0,2328.0,1.0,2328.0,105
2023-05-09 21:14:18,MA2404,MA404,2328.0,0.0,0.0,0.0,2,2328.0,2334.0,1,2343.0,2328.0,2328.0,2328.0,1.0,2328.0,105
2023-05-09 21:14:19,MA2404,MA404,2328.0,0.0,0.0,0.0,2,2328.0,2335.0,2,2343.0,2328.0,2328.0,2328.0,1.0,2328.0,105
2023-05-09 21:14:25,MA2404,MA404,2328.0,0.0,0.0,0.0,2,2328.0,2334.0,2,2343.0,2328.0,2328.0,2328.0,1.0,2328.0,105
2023-05-09 21:14:26,MA2404,MA404,2328.0,0.0,0.0,0.0,2,2328.0,2334.0,4,2343.0,2328.0,2328.0,2328.0,1.0,2328.0,105
2023-05-09 21:14:28,MA2404,MA404,2328.0,0.0,0.0,0.0,2,2328.0,2334.0,2,2343.0,2328.0,2328.0,2328.0,1.0,2328.0,105
2023-05-09 21:14:46,MA2404,MA404,2328.0,1.0,2328.0,0.0,1,2328.0,2334.0,2,2343.0,2328.0,2328.0,2328.0,2.0,4656.0,105
2023-05-09 21:14:50,MA2404,MA404,2334.0,1.0,2334.0,1.0,1,2328.0,2334.0,1,2343.0,2328.0,2334.0,2328.0,3.0,6990.0,106
2023-05-09 21:15:09,MA2404,MA404,2334.0,0.0,0.0,0.0,1,2328.0,2336.0,2,2343.0,2328.0,2334.0,2328.0,3.0,6990.0,106
2023-05-09 21:15:19,MA2404,MA404,2334.0,0.0,0.0,0.0,1,2328.0,2337.0,2,2343.0,2328.0,2334.0,2328.0,3.0,6990.0,106
2023-05-09 21:15:27,MA2404,MA404,2334.0,0.0,0.0,0.0,1,2328.0,2338.0,2,2343.0,2328.0,2334.0,2328.0,3.0,6990.0,106
2023-05-09 21:15:33,MA2404,MA404,2334.0,0.0,0.0,0.0,2,2328.0,2338.0,2,2343.0,2328.0,2334.0,2328.0,3.0,6990.0,106
2023-05-09 21:15:33,MA2404,MA404,2334.0,0.0,0.0,0.0,5,2328.0,2338.0,1,2343.0,2328.0,2334.0,2328.0,3.0,6990.0,106
2023-05-09 21:15:34,MA2404,MA404,2334.0,0.0,0.0,0.0,5,2328.0,2339.0,2,2343.0,2328.0,2334.0,2328.0,3.0,6990.0,106
2023-05-09 21:15:35,MA2404,MA404,2334.0,0.0,0.0,0.0,4,2328.0,2338.0,1,2343.0,2328.0,2334.0,2328.0,3.0,6990.0,106
2023-05-09 21:15:36,MA2404,MA404,2334.0,0.0,0.0,0.0,3,2328.0,2338.0,2,2343.0,2328.0,2334.0,2328.0,3.0,6990.0,106
2023-05-09 21:15:36,MA2404,MA404,2334.0,0.0,0.0,0.0,5,2328.0,2338.0,2,2343.0,2328.0,2334.0,2328.0,3.0,6990.0,106
2023-05-09 21:15:37,MA2404,MA404,2334.0,0.0,0.0,0.0,5,2328.0,2339.0,2,2343.0,2328.0,2334.0,2328.0,3.0,6990.0,106
2023-05-09 21:15:40,MA2404,MA404,2334.0,0.0,0.0,0.0,6,2328.0,2339.0,2,2343.0,2328.0,2334.0,2328.0,3.0,6990.0,106
2023-05-09 21:15:42,MA2404,MA404,2334.0,0.0,0.0,0.0,1,2329.0,2339.0,2,2343.0,2328.0,2334.0,2328.0,3.0,6990.0,106
2023-05-09 21:15:43,MA2404,MA404,2334.0,0.0,0.0,0.0,4,2328.0,2339.0,2,2343.0,2328.0,2334.0,2328.0,3.0,6990.0,106
2023-05-09 21:15:43,MA2404,MA404,2334.0,0.0,0.0,0.0,1,2330.0,2339.0,2,2343.0,2328.0,2334.0,2328.0,3.0,6990.0,106
2023-05-09 21:15:45,MA2404,MA404,2334.0,0.0,0.0,0.0,1,2330.0,2338.0,1,2343.0,2328.0,2334.0,2328.0,3.0,6990.0,106
2023-05-09 21:15:46,MA2404,MA404,2334.0,0.0,0.0,0.0,1,2330.0,2338.0,2,2343.0,2328.0,2334.0,2328.0,3.0,6990.0,106
2023-05-09 21:15:48,MA2404,MA404,2334.0,0.0,0.0,0.0,1,2330.0,2339.0,2,2343.0,2328.0,2334.0,2328.0,3.0,6990.0,106
2023-05-09 21:15:50,MA2404,MA404,2334.0,0.0,0.0,0.0,1,2331.0,2339.0,2,2343.0,2328.0,2334.0,2328.0,3.0,6990.0,106
2023-05-09 21:15:57,MA2404,MA404,2334.0,0.0,0.0,0.0,1,2331.0,2340.0,2,2343.0,2328.0,2334.0,2328.0,3.0,6990.0,106
2023-05-09 21:15:59,MA2404,MA404,2334.0,0.0,0.0,0.0,1,2331.0,2339.0,2,2343.0,2328.0,2334.0,2328.0,3.0,6990.0,106
2023-05-09 21:16:02,MA2404,MA404,2334.0,0.0,0.0,0.0,1,2331.0,2338.0,1,2343.0,2328.0,2334.0,2328.0,3.0,6990.0,106
2023-05-09 21:16:03,MA2404,MA404,2334.0,0.0,0.0,0.0,1,2331.0,2338.0,2,2343.0,2328.0,2334.0,2328.0,3.0,6990.0,106
2023-05-09 21:16:13,MA2404,MA404,2334.0,0.0,0.0,0.0,1,2331.0,2337.0,1,2343.0,2328.0,2334.0,2328.0,3.0,6990.0,106
2023-05-09 21:16:17,MA2404,MA404,2334.0,0.0,0.0,0.0,1,2331.0,2339.0,2,2343.0,2328.0,2334.0,2328.0,3.0,6990.0,106
2023-05-09 21:16:18,MA2404,MA404,2334.0,0.0,0.0,0.0,1,2331.0,2338.0,2,2343.0,2328.0,2334.0,2328.0,3.0,6990.0,106
2023-05-09 21:16:18,MA2404,MA404,2334.0,0.0,0.0,0.0,1,2331.0,2339.0,2,2343.0,2328.0,2334.0,2328.0,3.0,6990.0,106
2023-05-09 21:16:20,MA2404,MA404,2334.0,0.0,0.0,0.0,1,2331.0,2338.0,2,2343.0,2328.0,2334.0,2328.0,3.0,6990.0,106
2023-05-09 21:16:46,MA2404,MA404,2334.0,0.0,0.0,0.0,1,2331.0,2338.0,1,2343.0,2328.0,2334.0,2328.0,3.0,6990.0,106
2023-05-09 21:16:47,MA2404,MA404,2334.0,0.0,0.0,0.0,1,2331.0,2339.0,2,2343.0,2328.0,2334.0,2328.0,3.0,6990.0,106
2023-05-09 21:16:50,MA2404,MA404,2334.0,0.0,0.0,0.0,1,2331.0,2338.0,1,2343.0,2328.0,2334.0,2328.0,3.0,6990.0,106
2023-05-09 21:16:50,MA2404,MA404,2334.0,0.0,0.0,0.0,1,2331.0,2339.0,2,2343.0,2328.0,2334.0,2328.0,3.0,6990.0,106
2023-05-09 21:16:57,MA2404,MA404,2334.0,0.0,0.0,0.0,1,2331.0,2338.0,1,2343.0,2328.0,2334.0,2328.0,3.0,6990.0,106
2023-05-09 21:17:00,MA2404,MA404,2334.0,0.0,0.0,0.0,1,2331.0,2339.0,2,2343.0,2328.0,2334.0,2328.0,3.0,6990.0,106
2023-05-09 21:17:01,MA2404,MA404,2334.0,0.0,0.0,0.0,1,2331.0,2338.0,1,2343.0,2328.0,2334.0,2328.0,3.0,6990.0,106
2023-05-09 21:17:02,MA2404,MA404,2334.0,0.0,0.0,0.0,1,2331.0,2338.0,2,2343.0,2328.0,2334.0,2328.0,3.0,6990.0,106
2023-05-09 21:17:14,MA2404,MA404,2334.0,0.0,0.0,0.0,1,2331.0,2337.0,1,2343.0,2328.0,2334.0,2328.0,3.0,6990.0,106
2023-05-09 21:17:14,MA2404,MA404,2334.0,0.0,0.0,0.0,1,2331.0,2338.0,2,2343.0,2328.0,2334.0,2328.0,3.0,6990.0,106
2023-05-09 21:17:15,MA2404,MA404,2334.0,0.0,0.0,0.0,1,2331.0,2337.0,1,2343.0,2328.0,2334.0,2328.0,3.0,6990.0,106
2023-05-09 21:17:29,MA2404,MA404,2334.0,0.0,0.0,0.0,1,2331.0,2339.0,2,2343.0,2328.0,2334.0,2328.0,3.0,6990.0,106
2023-05-09 21:17:31,MA2404,MA404,2334.0,0.0,0.0,0.0,1,2331.0,2338.0,2,2343.0,2328.0,2334.0,2328.0,3.0,6990.0,106
2023-05-09 21:18:00,MA2404,MA404,2334.0,0.0,0.0,0.0,1,2331.0,2337.0,2,2343.0,2328.0,2334.0,2328.0,3.0,6990.0,106
2023-05-09 21:18:01,MA2404,MA404,2334.0,0.0,0.0,0.0,1,2331.0,2337.0,3,2343.0,2328.0,2334.0,2328.0,3.0,6990.0,106
2023-05-09 21:18:03,MA2404,MA404,2334.0,0.0,0.0,0.0,1,2331.0,2337.0,1,2343.0,2328.0,2334.0,2328.0,3.0,6990.0,106
2023-05-09 21:18:03,MA2404,MA404,2334.0,0.0,0.0,0.0,1,2331.0,2337.0,3,2343.0,2328.0,2334.0,2328.0,3.0,6990.0,106
2023-05-09 21:18:04,MA2404,MA404,2334.0,0.0,0.0,0.0,1,2331.0,2337.0,1,2343.0,2328.0,2334.0,2328.0,3.0,6990.0,106
2023-05-09 21:18:07,MA2404,MA404,2334.0,0.0,0.0,0.0,1,2331.0,2337.0,3,2343.0,2328.0,2334.0,2328.0,3.0,6990.0,106
2023-05-09 21:18:18,MA2404,MA404,2334.0,0.0,0.0,0.0,1,2331.0,2337.0,1,2343.0,2328.0,2334.0,2328.0,3.0,6990.0,106
2023-05-09 21:18:24,MA2404,MA404,2334.0,0.0,0.0,0.0,1,2331.0,2337.0,3,2343.0,2328.0,2334.0,2328.0,3.0,6990.0,106
2023-05-09 21:18:36,MA2404,MA404,2334.0,0.0,0.0,0.0,1,2331.0,2337.0,1,2343.0,2328.0,2334.0,2328.0,3.0,6990.0,106
2023-05-09 21:18:42,MA2404,MA404,2334.0,0.0,0.0,0.0,1,2331.0,2337.0,2,2343.0,2328.0,2334.0,2328.0,3.0,6990.0,106
2023-05-09 21:18:43,MA2404,MA404,2334.0,0.0,0.0,0.0,1,2331.0,2337.0,3,2343.0,2328.0,2334.0,2328.0,3.0,6990.0,106
2023-05-09 21:18:59,MA2404,MA404,2334.0,0.0,0.0,0.0,1,2331.0,2337.0,2,2343.0,2328.0,2334.0,2328.0,3.0,6990.0,106
2023-05-09 21:19:01,MA2404,MA404,2334.0,0.0,0.0,0.0,1,2331.0,2337.0,3,2343.0,2328.0,2334.0,2328.0,3.0,6990.0,106
2023-05-09 21:19:04,MA2404,MA404,2334.0,0.0,0.0,0.0,1,2331.0,2337.0,2,2343.0,2328.0,2334.0,2328.0,3.0,6990.0,106
2023-05-09 21:19:07,MA2404,MA404,2334.0,0.0,0.0,0.0,1,2331.0,2337.0,3,2343.0,2328.0,2334.0,2328.0,3.0,6990.0,106
2023-05-09 21:19:32,MA2404,MA404,2334.0,0.0,0.0,0.0,1,2331.0,2336.0,1,2343.0,2328.0,2334.0,2328.0,3.0,6990.0,106
2023-05-09 21:19:34,MA2404,MA404,2334.0,0.0,0.0,0.0,1,2331.0,2337.0,3,2343.0,2328.0,2334.0,2328.0,3.0,6990.0,106
2023-05-09 21:19:38,MA2404,MA404,2334.0,0.0,0.0,0.0,1,2331.0,2336.0,1,2343.0,2328.0,2334.0,2328.0,3.0,6990.0,106
2023-05-09 21:19:38,MA2404,MA404,2334.0,0.0,0.0,0.0,1,2331.0,2337.0,3,2343.0,2328.0,2334.0,2328.0,3.0,6990.0,106
2023-05-09 21:19:47,MA2404,MA404,2334.0,0.0,0.0,0.0,1,2331.0,2336.0,2,2343.0,2328.0,2334.0,2328.0,3.0,6990.0,106
2023-05-09 21:19:50,MA2404,MA404,2334.0,0.0,0.0,0.0,1,2331.0,2335.0,2,2343.0,2328.0,2334.0,2328.0,3.0,6990.0,106
2023-05-09 21:19:57,MA2404,MA404,2334.0,0.0,0.0,0.0,2,2328.0,2335.0,2,2343.0,2328.0,2334.0,2328.0,3.0,6990.0,106
2023-05-09 21:20:00,MA2404,MA404,2334.0,0.0,0.0,0.0,2,2328.0,2334.0,2,2343.0,2328.0,2334.0,2328.0,3.0,6990.0,106
2023-05-09 21:20:00,MA2404,MA404,2334.0,0.0,0.0,0.0,2,2328.0,2334.0,3,2343.0,2328.0,2334.0,2328.0,3.0,6990.0,106
2023-05-09 21:20:06,MA2404,MA404,2334.0,0.0,0.0,0.0,1,2329.0,2334.0,3,2343.0,2328.0,2334.0,2328.0,3.0,6990.0,106
2023-05-09 21:20:07,MA2404,MA404,2334.0,0.0,0.0,0.0,1,2329.0,2334.0,1,2343.0,2328.0,2334.0,2328.0,3.0,6990.0,106
2023-05-09 21:20:33,MA2404,MA404,2334.0,0.0,0.0,0.0,1,2329.0,2334.0,3,2343.0,2328.0,2334.0,2328.0,3.0,6990.0,106
2023-05-09 21:20:51,MA2404,MA404,2334.0,0.0,0.0,0.0,1,2329.0,2334.0,1,2343.0,2328.0,2334.0,2328.0,3.0,6990.0,106
2023-05-09 21:20:54,MA2404,MA404,2334.0,0.0,0.0,0.0,1,2329.0,2334.0,3,2343.0,2328.0,2334.0,2328.0,3.0,6990.0,106
2023-05-09 21:21:05,MA2404,MA404,2334.0,0.0,0.0,0.0,1,2329.0,2333.0,2,2343.0,2328.0,2334.0,2328.0,3.0,6990.0,106
2023-05-09 21:21:06,MA2404,MA404,2334.0,0.0,0.0,0.0,1,2329.0,2333.0,1,2343.0,2328.0,2334.0,2328.0,3.0,6990.0,106
2023-05-09 21:21:08,MA2404,MA404,2334.0,0.0,0.0,0.0,1,2329.0,2333.0,2,2343.0,2328.0,2334.0,2328.0,3.0,6990.0,106
2023-05-09 21:21:10,MA2404,MA404,2334.0,0.0,0.0,0.0,1,2329.0,2334.0,3,2343.0,2328.0,2334.0,2328.0,3.0,6990.0,106
2023-05-09 21:21:29,MA2404,MA404,2334.0,0.0,0.0,0.0,1,2329.0,2333.0,1,2343.0,2328.0,2334.0,2328.0,3.0,6990.0,106
2023-05-09 21:21:51,MA2404,MA404,2334.0,0.0,0.0,0.0,1,2329.0,2334.0,1,2343.0,2328.0,2334.0,2328.0,3.0,6990.0,106
2023-05-09 21:21:52,MA2404,MA404,2334.0,0.0,0.0,0.0,1,2329.0,2333.0,1,2343.0,2328.0,2334.0,2328.0,3.0,6990.0,106
2023-05-09 21:22:12,MA2404,MA404,2334.0,0.0,0.0,0.0,1,2329.0,2332.0,1,2343.0,2328.0,2334.0,2328.0,3.0,6990.0,106
2023-05-09 21:22:13,MA2404,MA404,2334.0,0.0,0.0,0.0,1,2329.0,2331.0,1,2343.0,2328.0,2334.0,2328.0,3.0,6990.0,106
2023-05-09 21:22:14,MA2404,MA404,2334.0,0.0,0.0,0.0,1,2328.0,2331.0,1,2343.0,2328.0,2334.0,2328.0,3.0,6990.0,106
2023-05-09 21:22:14,MA2404,MA404,2334.0,0.0,0.0,0.0,1,2328.0,2332.0,2,2343.0,2328.0,2334.0,2328.0,3.0,6990.0,106
2023-05-09 21:22:34,MA2404,MA404,2334.0,0.0,0.0,0.0,1,2328.0,2331.0,1,2343.0,2328.0,2334.0,2328.0,3.0,6990.0,106
2023-05-09 21:22:43,MA2404,MA404,2334.0,0.0,0.0,0.0,1,2328.0,2332.0,2,2343.0,2328.0,2334.0,2328.0,3.0,6990.0,106
2023-05-09 21:22:56,MA2404,MA404,2334.0,0.0,0.0,0.0,1,2329.0,2332.0,2,2343.0,2328.0,2334.0,2328.0,3.0,6990.0,106
2023-05-09 21:22:57,MA2404,MA404,2334.0,0.0,0.0,0.0,1,2328.0,2332.0,2,2343.0,2328.0,2334.0,2328.0,3.0,6990.0,106
2023-05-09 21:23:07,MA2404,MA404,2334.0,0.0,0.0,0.0,1,2328.0,2331.0,1,2343.0,2328.0,2334.0,2328.0,3.0,6990.0,106
2023-05-09 21:23:36,MA2404,MA404,2334.0,0.0,0.0,0.0,1,2328.0,2330.0,1,2343.0,2328.0,2334.0,2328.0,3.0,6990.0,106
2023-05-09 21:23:38,MA2404,MA404,2334.0,0.0,0.0,0.0,1,2328.0,2331.0,2,2343.0,2328.0,2334.0,2328.0,3.0,6990.0,106
2023-05-09 21:24:13,MA2404,MA404,2334.0,0.0,0.0,0.0,1,2328.0,2330.0,1,2343.0,2328.0,2334.0,2328.0,3.0,6990.0,106
2023-05-09 21:24:16,MA2404,MA404,2334.0,0.0,0.0,0.0,1,2328.0,2331.0,2,2343.0,2328.0,2334.0,2328.0,3.0,6990.0,106
2023-05-09 21:24:19,MA2404,MA404,2334.0,0.0,0.0,0.0,1,2328.0,2330.0,1,2343.0,2328.0,2334.0,2328.0,3.0,6990.0,106
2023-05-09 21:24:19,MA2404,MA404,2334.0,0.0,0.0,0.0,1,2328.0,2331.0,2,2343.0,2328.0,2334.0,2328.0,3.0,6990.0,106
2023-05-09 21:24:40,MA2404,MA404,2334.0,0.0,0.0,0.0,1,2328.0,2331.0,1,2343.0,2328.0,2334.0,2328.0,3.0,6990.0,106
2023-05-09 21:24:40,MA2404,MA404,2334.0,0.0,0.0,0.0,1,2328.0,2332.0,1,2343.0,2328.0,2334.0,2328.0,3.0,6990.0,106
2023-05-09 21:24:42,MA2404,MA404,2334.0,0.0,0.0,0.0,1,2328.0,2331.0,1,2343.0,2328.0,2334.0,2328.0,3.0,6990.0,106
2023-05-09 21:24:43,MA2404,MA404,2334.0,0.0,0.0,0.0,1,2328.0,2332.0,1,2343.0,2328.0,2334.0,2328.0,3.0,6990.0,106
2023-05-09 21:25:03,MA2404,MA404,2334.0,0.0,0.0,0.0,1,2329.0,2332.0,1,2343.0,2328.0,2334.0,2328.0,3.0,6990.0,106
2023-05-09 21:25:05,MA2404,MA404,2334.0,0.0,0.0,0.0,1,2328.0,2332.0,1,2343.0,2328.0,2334.0,2328.0,3.0,6990.0,106
2023-05-09 21:25:06,MA2404,MA404,2334.0,0.0,0.0,0.0,1,2328.0,2331.0,1,2343.0,2328.0,2334.0,2328.0,3.0,6990.0,106
2023-05-09 21:25:09,MA2404,MA404,2334.0,0.0,0.0,0.0,1,2328.0,2332.0,1,2343.0,2328.0,2334.0,2328.0,3.0,6990.0,106
2023-05-09 21:25:27,MA2404,MA404,2334.0,0.0,0.0,0.0,1,2328.0,2333.0,1,2343.0,2328.0,2334.0,2328.0,3.0,6990.0,106
2023-05-09 21:25:45,MA2404,MA404,2334.0,0.0,0.0,0.0,1,2329.0,2333.0,1,2343.0,2328.0,2334.0,2328.0,3.0,6990.0,106
2023-05-09 21:25:47,MA2404,MA404,2334.0,0.0,0.0,0.0,1,2329.0,2334.0,1,2343.0,2328.0,2334.0,2328.0,3.0,6990.0,106
2023-05-09 21:25:55,MA2404,MA404,2334.0,0.0,0.0,0.0,1,2329.0,2333.0,1,2343.0,2328.0,2334.0,2328.0,3.0,6990.0,106
2023-05-09 21:25:55,MA2404,MA404,2334.0,0.0,0.0,0.0,1,2329.0,2334.0,1,2343.0,2328.0,2334.0,2328.0,3.0,6990.0,106
2023-05-09 21:26:21,MA2404,MA404,2334.0,0.0,0.0,0.0,1,2329.0,2333.0,1,2343.0,2328.0,2334.0,2328.0,3.0,6990.0,106
2023-05-09 21:26:22,MA2404,MA404,2334.0,0.0,0.0,0.0,1,2329.0,2334.0,1,2343.0,2328.0,2334.0,2328.0,3.0,6990.0,106
2023-05-09 21:27:38,MA2404,MA404,2334.0,0.0,0.0,0.0,1,2329.0,2333.0,1,2343.0,2328.0,2334.0,2328.0,3.0,6990.0,106
2023-05-09 21:27:59,MA2404,MA404,2334.0,0.0,0.0,0.0,1,2329.0,2334.0,1,2343.0,2328.0,2334.0,2328.0,3.0,6990.0,106
2023-05-09 21:28:13,MA2404,MA404,2334.0,0.0,0.0,0.0,1,2329.0,2333.0,1,2343.0,2328.0,2334.0,2328.0,3.0,6990.0,106
2023-05-09 21:28:15,MA2404,MA404,2334.0,0.0,0.0,0.0,1,2329.0,2334.0,1,2343.0,2328.0,2334.0,2328.0,3.0,6990.0,106
2023-05-09 21:28:35,MA2404,MA404,2334.0,0.0,0.0,0.0,1,2329.0,2335.0,1,2343.0,2328.0,2334.0,2328.0,3.0,6990.0,106
2023-05-09 21:28:52,MA2404,MA404,2334.0,0.0,0.0,0.0,1,2329.0,2336.0,1,2343.0,2328.0,2334.0,2328.0,3.0,6990.0,106
2023-05-09 21:29:05,MA2404,MA404,2334.0,0.0,0.0,0.0,1,2329.0,2335.0,1,2343.0,2328.0,2334.0,2328.0,3.0,6990.0,106
2023-05-09 21:29:10,MA2404,MA404,2334.0,0.0,0.0,0.0,1,2329.0,2334.0,1,2343.0,2328.0,2334.0,2328.0,3.0,6990.0,106
2023-05-09 21:29:33,MA2404,MA404,2334.0,0.0,0.0,0.0,1,2329.0,2333.0,1,2343.0,2328.0,2334.0,2328.0,3.0,6990.0,106
2023-05-09 21:29:40,MA2404,MA404,2334.0,0.0,0.0,0.0,1,2329.0,2334.0,1,2343.0,2328.0,2334.0,2328.0,3.0,6990.0,106
2023-05-09 21:29:48,MA2404,MA404,2334.0,0.0,0.0,0.0,1,2329.0,2333.0,1,2343.0,2328.0,2334.0,2328.0,3.0,6990.0,106
2023-05-09 21:30:03,MA2404,MA404,2334.0,0.0,0.0,0.0,1,2329.0,2332.0,1,2343.0,2328.0,2334.0,2328.0,3.0,6990.0,106
2023-05-09 21:30:05,MA2404,MA404,2334.0,0.0,0.0,0.0,1,2328.0,2333.0,1,2343.0,2328.0,2334.0,2328.0,3.0,6990.0,106
2023-05-09 21:30:10,MA2404,MA404,2334.0,0.0,0.0,0.0,1,2328.0,2332.0,1,2343.0,2328.0,2334.0,2328.0,3.0,6990.0,106
2023-05-09 21:30:34,MA2404,MA404,2334.0,0.0,0.0,0.0,1,2328.0,2331.0,1,2343.0,2328.0,2334.0,2328.0,3.0,6990.0,106
2023-05-09 21:30:49,MA2404,MA404,2334.0,0.0,0.0,0.0,1,2328.0,2330.0,1,2343.0,2328.0,2334.0,2328.0,3.0,6990.0,106
2023-05-09 21:30:51,MA2404,MA404,2334.0,0.0,0.0,0.0,1,2328.0,2331.0,2,2343.0,2328.0,2334.0,2328.0,3.0,6990.0,106
2023-05-09 21:31:04,MA2404,MA404,2334.0,0.0,0.0,0.0,1,2328.0,2330.0,1,2343.0,2328.0,2334.0,2328.0,3.0,6990.0,106
2023-05-09 21:31:12,MA2404,MA404,2334.0,0.0,0.0,0.0,1,2328.0,2331.0,2,2343.0,2328.0,2334.0,2328.0,3.0,6990.0,106
2023-05-09 21:31:17,MA2404,MA404,2334.0,0.0,0.0,0.0,1,2328.0,2330.0,1,2343.0,2328.0,2334.0,2328.0,3.0,6990.0,106
2023-05-09 21:31:20,MA2404,MA404,2334.0,0.0,0.0,0.0,1,2328.0,2331.0,2,2343.0,2328.0,2334.0,2328.0,3.0,6990.0,106
2023-05-09 21:31:25,MA2404,MA404,2334.0,0.0,0.0,0.0,1,2328.0,2330.0,1,2343.0,2328.0,2334.0,2328.0,3.0,6990.0,106
2023-05-09 21:31:27,MA2404,MA404,2334.0,0.0,0.0,0.0,1,2328.0,2331.0,2,2343.0,2328.0,2334.0,2328.0,3.0,6990.0,106
2023-05-09 21:32:18,MA2404,MA404,2334.0,0.0,0.0,0.0,1,2328.0,2331.0,1,2343.0,2328.0,2334.0,2328.0,3.0,6990.0,106
2023-05-09 21:32:18,MA2404,MA404,2334.0,0.0,0.0,0.0,1,2328.0,2332.0,1,2343.0,2328.0,2334.0,2328.0,3.0,6990.0,106
2023-05-09 21:32:20,MA2404,MA404,2334.0,0.0,0.0,0.0,1,2328.0,2331.0,1,2343.0,2328.0,2334.0,2328.0,3.0,6990.0,106
2023-05-09 21:33:01,MA2404,MA404,2334.0,0.0,0.0,0.0,1,2328.0,2332.0,1,2343.0,2328.0,2334.0,2328.0,3.0,6990.0,106
2023-05-09 21:33:27,MA2404,MA404,2334.0,0.0,0.0,0.0,1,2328.0,2333.0,1,2343.0,2328.0,2334.0,2328.0,3.0,6990.0,106
2023-05-09 21:33:28,MA2404,MA404,2334.0,0.0,0.0,0.0,1,2329.0,2333.0,1,2343.0,2328.0,2334.0,2328.0,3.0,6990.0,106
2023-05-09 21:33:51,MA2404,MA404,2334.0,0.0,0.0,0.0,1,2329.0,2334.0,1,2343.0,2328.0,2334.0,2328.0,3.0,6990.0,106
2023-05-09 21:33:54,MA2404,MA404,2334.0,0.0,0.0,0.0,1,2329.0,2335.0,1,2343.0,2328.0,2334.0,2328.0,3.0,6990.0,106
2023-05-09 21:33:59,MA2404,MA404,2334.0,0.0,0.0,0.0,1,2329.0,2334.0,1,2343.0,2328.0,2334.0,2328.0,3.0,6990.0,106
2023-05-09 21:34:00,MA2404,MA404,2334.0,0.0,0.0,0.0,1,2329.0,2335.0,1,2343.0,2328.0,2334.0,2328.0,3.0,6990.0,106
2023-05-09 21:34:54,MA2404,MA404,2334.0,0.0,0.0,0.0,1,2329.0,2336.0,1,2343.0,2328.0,2334.0,2328.0,3.0,6990.0,106
2023-05-09 21:34:54,MA2404,MA404,2334.0,0.0,0.0,0.0,1,2329.0,2335.0,1,2343.0,2328.0,2334.0,2328.0,3.0,6990.0,106
2023-05-09 21:35:38,MA2404,MA404,2334.0,0.0,0.0,0.0,1,2329.0,2336.0,1,2343.0,2328.0,2334.0,2328.0,3.0,6990.0,106
2023-05-09 21:35:41,MA2404,MA404,2334.0,0.0,0.0,0.0,1,2329.0,2335.0,1,2343.0,2328.0,2334.0,2328.0,3.0,6990.0,106
2023-05-09 21:36:11,MA2404,MA404,2334.0,0.0,0.0,0.0,1,2329.0,2336.0,1,2343.0,2328.0,2334.0,2328.0,3.0,6990.0,106
2023-05-09 21:37:32,MA2404,MA404,2334.0,0.0,0.0,0.0,1,2329.0,2335.0,1,2343.0,2328.0,2334.0,2328.0,3.0,6990.0,106
2023-05-09 21:37:35,MA2404,MA404,2334.0,0.0,0.0,0.0,1,2329.0,2336.0,1,2343.0,2328.0,2334.0,2328.0,3.0,6990.0,106
2023-05-09 21:37:38,MA2404,MA404,2334.0,0.0,0.0,0.0,1,2329.0,2335.0,1,2343.0,2328.0,2334.0,2328.0,3.0,6990.0,106
2023-05-09 21:37:58,MA2404,MA404,2334.0,0.0,0.0,0.0,1,2329.0,2336.0,1,2343.0,2328.0,2334.0,2328.0,3.0,6990.0,106
2023-05-09 21:38:03,MA2404,MA404,2334.0,0.0,0.0,0.0,1,2329.0,2335.0,1,2343.0,2328.0,2334.0,2328.0,3.0,6990.0,106
2023-05-09 21:38:03,MA2404,MA404,2334.0,0.0,0.0,0.0,1,2329.0,2336.0,1,2343.0,2328.0,2334.0,2328.0,3.0,6990.0,106
2023-05-09 21:38:04,MA2404,MA404,2334.0,0.0,0.0,0.0,1,2329.0,2335.0,1,2343.0,2328.0,2334.0,2328.0,3.0,6990.0,106
2023-05-09 21:38:18,MA2404,MA404,2334.0,0.0,0.0,0.0,1,2329.0,2336.0,1,2343.0,2328.0,2334.0,2328.0,3.0,6990.0,106
2023-05-09 21:38:26,MA2404,MA404,2334.0,0.0,0.0,0.0,1,2328.0,2336.0,1,2343.0,2328.0,2334.0,2328.0,3.0,6990.0,106
2023-05-09 21:38:46,MA2404,MA404,2334.0,0.0,0.0,0.0,1,2328.0,2335.0,1,2343.0,2328.0,2334.0,2328.0,3.0,6990.0,106
2023-05-09 21:39:07,MA2404,MA404,2334.0,0.0,0.0,0.0,1,2329.0,2335.0,1,2343.0,2328.0,2334.0,2328.0,3.0,6990.0,106
2023-05-09 21:39:36,MA2404,MA404,2334.0,0.0,0.0,0.0,2,2329.0,2335.0,1,2343.0,2328.0,2334.0,2328.0,3.0,6990.0,106
2023-05-09 21:39:51,MA2404,MA404,2334.0,0.0,0.0,0.0,2,2329.0,2334.0,1,2343.0,2328.0,2334.0,2328.0,3.0,6990.0,106
2023-05-09 21:40:02,MA2404,MA404,2334.0,0.0,0.0,0.0,2,2329.0,2335.0,1,2343.0,2328.0,2334.0,2328.0,3.0,6990.0,106
2023-05-09 21:40:56,MA2404,MA404,2334.0,0.0,0.0,0.0,2,2329.0,2334.0,1,2343.0,2328.0,2334.0,2328.0,3.0,6990.0,106
2023-05-09 21:41:14,MA2404,MA404,2334.0,0.0,0.0,0.0,2,2329.0,2333.0,1,2343.0,2328.0,2334.0,2328.0,3.0,6990.0,106
2023-05-09 21:41:56,MA2404,MA404,2334.0,0.0,0.0,0.0,2,2329.0,2334.0,1,2343.0,2328.0,2334.0,2328.0,3.0,6990.0,106
2023-05-09 21:42:11,MA2404,MA404,2334.0,0.0,0.0,0.0,2,2329.0,2335.0,1,2343.0,2328.0,2334.0,2328.0,3.0,6990.0,106
2023-05-09 21:42:16,MA2404,MA404,2334.0,0.0,0.0,0.0,2,2329.0,2336.0,1,2343.0,2328.0,2334.0,2328.0,3.0,6990.0,106
2023-05-09 21:42:51,MA2404,MA404,2334.0,0.0,0.0,0.0,2,2329.0,2337.0,1,2343.0,2328.0,2334.0,2328.0,3.0,6990.0,106
2023-05-09 21:43:28,MA2404,MA404,2334.0,0.0,0.0,0.0,2,2329.0,2336.0,1,2343.0,2328.0,2334.0,2328.0,3.0,6990.0,106
2023-05-09 21:44:05,MA2404,MA404,2334.0,0.0,0.0,0.0,1,2329.0,2336.0,1,2343.0,2328.0,2334.0,2328.0,3.0,6990.0,106
2023-05-09 21:44:09,MA2404,MA404,2334.0,0.0,0.0,0.0,1,2330.0,2336.0,1,2343.0,2328.0,2334.0,2328.0,3.0,6990.0,106
2023-05-09 21:45:32,MA2404,MA404,2334.0,0.0,0.0,0.0,1,2330.0,2335.0,1,2343.0,2328.0,2334.0,2328.0,3.0,6990.0,106
2023-05-09 21:45:38,MA2404,MA404,2334.0,0.0,0.0,0.0,1,2330.0,2336.0,1,2343.0,2328.0,2334.0,2328.0,3.0,6990.0,106
2023-05-09 21:45:52,MA2404,MA404,2334.0,0.0,0.0,0.0,1,2330.0,2337.0,1,2343.0,2328.0,2334.0,2328.0,3.0,6990.0,106
2023-05-09 21:45:52,MA2404,MA404,2334.0,0.0,0.0,0.0,1,2330.0,2336.0,1,2343.0,2328.0,2334.0,2328.0,3.0,6990.0,106
2023-05-09 21:45:53,MA2404,MA404,2334.0,0.0,0.0,0.0,1,2330.0,2335.0,1,2343.0,2328.0,2334.0,2328.0,3.0,6990.0,106
2023-05-09 21:45:56,MA2404,MA404,2334.0,0.0,0.0,0.0,1,2330.0,2336.0,1,2343.0,2328.0,2334.0,2328.0,3.0,6990.0,106
2023-05-09 21:45:56,MA2404,MA404,2334.0,0.0,0.0,0.0,1,2330.0,2337.0,1,2343.0,2328.0,2334.0,2328.0,3.0,6990.0,106
2023-05-09 21:46:04,MA2404,MA404,2334.0,0.0,0.0,0.0,1,2330.0,2336.0,1,2343.0,2328.0,2334.0,2328.0,3.0,6990.0,106
2023-05-09 21:46:15,MA2404,MA404,2334.0,0.0,0.0,0.0,1,2330.0,2337.0,1,2343.0,2328.0,2334.0,2328.0,3.0,6990.0,106
2023-05-09 21:46:37,MA2404,MA404,2330.0,1.0,2330.0,-1.0,1,2329.0,2337.0,1,2343.0,2328.0,2334.0,2328.0,4.0,9320.0,105
2023-05-09 21:46:39,MA2404,MA404,2330.0,0.0,0.0,0.0,1,2329.0,2336.0,1,2343.0,2328.0,2334.0,2328.0,4.0,9320.0,105
2023-05-09 21:47:02,MA2404,MA404,2330.0,0.0,0.0,0.0,2,2330.0,2336.0,1,2343.0,2328.0,2334.0,2328.0,4.0,9320.0,105
2023-05-09 21:47:36,MA2404,MA404,2330.0,0.0,0.0,0.0,2,2330.0,2337.0,1,2343.0,2328.0,2334.0,2328.0,4.0,9320.0,105
2023-05-09 21:48:02,MA2404,MA404,2330.0,0.0,0.0,0.0,2,2330.0,2336.0,1,2343.0,2328.0,2334.0,2328.0,4.0,9320.0,105
2023-05-09 21:48:06,MA2404,MA404,2330.0,0.0,0.0,0.0,2,2330.0,2337.0,1,2343.0,2328.0,2334.0,2328.0,4.0,9320.0,105
2023-05-09 21:48:06,MA2404,MA404,2330.0,0.0,0.0,0.0,2,2330.0,2336.0,1,2343.0,2328.0,2334.0,2328.0,4.0,9320.0,105
2023-05-09 21:48:37,MA2404,MA404,2330.0,0.0,0.0,0.0,2,2330.0,2337.0,1,2343.0,2328.0,2334.0,2328.0,4.0,9320.0,105
2023-05-09 21:48:49,MA2404,MA404,2330.0,0.0,0.0,0.0,2,2330.0,2338.0,1,2343.0,2328.0,2334.0,2328.0,4.0,9320.0,105
2023-05-09 21:48:54,MA2404,MA404,2330.0,0.0,0.0,0.0,2,2330.0,2337.0,1,2343.0,2328.0,2334.0,2328.0,4.0,9320.0,105
2023-05-09 21:49:02,MA2404,MA404,2330.0,0.0,0.0,0.0,2,2330.0,2338.0,1,2343.0,2328.0,2334.0,2328.0,4.0,9320.0,105
2023-05-09 21:49:06,MA2404,MA404,2330.0,0.0,0.0,0.0,2,2330.0,2337.0,1,2343.0,2328.0,2334.0,2328.0,4.0,9320.0,105
2023-05-09 21:49:07,MA2404,MA404,2330.0,0.0,0.0,0.0,2,2330.0,2338.0,1,2343.0,2328.0,2334.0,2328.0,4.0,9320.0,105
2023-05-09 21:49:33,MA2404,MA404,2330.0,0.0,0.0,0.0,2,2330.0,2337.0,1,2343.0,2328.0,2334.0,2328.0,4.0,9320.0,105
2023-05-09 21:49:34,MA2404,MA404,2330.0,0.0,0.0,0.0,2,2330.0,2338.0,1,2343.0,2328.0,2334.0,2328.0,4.0,9320.0,105
2023-05-09 21:49:42,MA2404,MA404,2330.0,0.0,0.0,0.0,2,2330.0,2337.0,1,2343.0,2328.0,2334.0,2328.0,4.0,9320.0,105
2023-05-09 21:49:42,MA2404,MA404,2330.0,0.0,0.0,0.0,2,2330.0,2338.0,1,2343.0,2328.0,2334.0,2328.0,4.0,9320.0,105
2023-05-09 21:50:12,MA2404,MA404,2330.0,0.0,0.0,0.0,2,2330.0,2337.0,1,2343.0,2328.0,2334.0,2328.0,4.0,9320.0,105
2023-05-09 21:50:13,MA2404,MA404,2330.0,0.0,0.0,0.0,2,2330.0,2338.0,1,2343.0,2328.0,2334.0,2328.0,4.0,9320.0,105
2023-05-09 21:51:01,MA2404,MA404,2330.0,0.0,0.0,0.0,2,2330.0,2339.0,1,2343.0,2328.0,2334.0,2328.0,4.0,9320.0,105
2023-05-09 21:51:02,MA2404,MA404,2330.0,0.0,0.0,0.0,3,2330.0,2339.0,1,2343.0,2328.0,2334.0,2328.0,4.0,9320.0,105
2023-05-09 21:51:03,MA2404,MA404,2330.0,0.0,0.0,0.0,5,2330.0,2339.0,1,2343.0,2328.0,2334.0,2328.0,4.0,9320.0,105
2023-05-09 21:51:20,MA2404,MA404,2330.0,0.0,0.0,0.0,6,2330.0,2339.0,1,2343.0,2328.0,2334.0,2328.0,4.0,9320.0,105
2023-05-09 21:51:22,MA2404,MA404,2330.0,0.0,0.0,0.0,5,2330.0,2338.0,1,2343.0,2328.0,2334.0,2328.0,4.0,9320.0,105
2023-05-09 21:51:22,MA2404,MA404,2330.0,0.0,0.0,0.0,3,2330.0,2338.0,1,2343.0,2328.0,2334.0,2328.0,4.0,9320.0,105
2023-05-09 21:51:33,MA2404,MA404,2330.0,0.0,0.0,0.0,2,2330.0,2338.0,1,2343.0,2328.0,2334.0,2328.0,4.0,9320.0,105
2023-05-09 21:51:34,MA2404,MA404,2330.0,0.0,0.0,0.0,2,2330.0,2338.0,2,2343.0,2328.0,2334.0,2328.0,4.0,9320.0,105
2023-05-09 21:51:35,MA2404,MA404,2330.0,0.0,0.0,0.0,3,2330.0,2338.0,2,2343.0,2328.0,2334.0,2328.0,4.0,9320.0,105
2023-05-09 21:51:36,MA2404,MA404,2330.0,0.0,0.0,0.0,1,2331.0,2338.0,1,2343.0,2328.0,2334.0,2328.0,4.0,9320.0,105
2023-05-09 21:51:57,MA2404,MA404,2330.0,0.0,0.0,0.0,1,2331.0,2339.0,1,2343.0,2328.0,2334.0,2328.0,4.0,9320.0,105
2023-05-09 21:51:57,MA2404,MA404,2330.0,0.0,0.0,0.0,1,2331.0,2339.0,2,2343.0,2328.0,2334.0,2328.0,4.0,9320.0,105
2023-05-09 21:52:03,MA2404,MA404,2330.0,0.0,0.0,0.0,1,2331.0,2338.0,1,2343.0,2328.0,2334.0,2328.0,4.0,9320.0,105
2023-05-09 21:52:03,MA2404,MA404,2330.0,0.0,0.0,0.0,2,2329.0,2338.0,2,2343.0,2328.0,2334.0,2328.0,4.0,9320.0,105
2023-05-09 21:52:03,MA2404,MA404,2330.0,0.0,0.0,0.0,1,2330.0,2338.0,2,2343.0,2328.0,2334.0,2328.0,4.0,9320.0,105
2023-05-09 21:52:04,MA2404,MA404,2330.0,0.0,0.0,0.0,2,2332.0,2338.0,2,2343.0,2328.0,2334.0,2328.0,4.0,9320.0,105
2023-05-09 21:52:10,MA2404,MA404,2330.0,0.0,0.0,0.0,2,2332.0,2338.0,1,2343.0,2328.0,2334.0,2328.0,4.0,9320.0,105
2023-05-09 21:52:12,MA2404,MA404,2330.0,0.0,0.0,0.0,2,2332.0,2338.0,2,2343.0,2328.0,2334.0,2328.0,4.0,9320.0,105
2023-05-09 21:52:17,MA2404,MA404,2330.0,0.0,0.0,0.0,2,2332.0,2338.0,1,2343.0,2328.0,2334.0,2328.0,4.0,9320.0,105
2023-05-09 21:52:28,MA2404,MA404,2330.0,0.0,0.0,0.0,2,2332.0,2339.0,1,2343.0,2328.0,2334.0,2328.0,4.0,9320.0,105
2023-05-09 21:52:28,MA2404,MA404,2330.0,0.0,0.0,0.0,2,2332.0,2339.0,2,2343.0,2328.0,2334.0,2328.0,4.0,9320.0,105
2023-05-09 21:52:39,MA2404,MA404,2330.0,0.0,0.0,0.0,2,2332.0,2338.0,1,2343.0,2328.0,2334.0,2328.0,4.0,9320.0,105
2023-05-09 21:52:49,MA2404,MA404,2330.0,0.0,0.0,0.0,2,2332.0,2339.0,1,2343.0,2328.0,2334.0,2328.0,4.0,9320.0,105
2023-05-09 21:52:49,MA2404,MA404,2330.0,0.0,0.0,0.0,2,2332.0,2338.0,1,2343.0,2328.0,2334.0,2328.0,4.0,9320.0,105
2023-05-09 21:52:51,MA2404,MA404,2330.0,0.0,0.0,0.0,2,2332.0,2339.0,1,2343.0,2328.0,2334.0,2328.0,4.0,9320.0,105
2023-05-09 21:52:51,MA2404,MA404,2330.0,0.0,0.0,0.0,2,2332.0,2339.0,2,2343.0,2328.0,2334.0,2328.0,4.0,9320.0,105
2023-05-09 21:52:58,MA2404,MA404,2330.0,0.0,0.0,0.0,2,2332.0,2338.0,1,2343.0,2328.0,2334.0,2328.0,4.0,9320.0,105
2023-05-09 21:52:59,MA2404,MA404,2330.0,0.0,0.0,0.0,2,2332.0,2338.0,2,2343.0,2328.0,2334.0,2328.0,4.0,9320.0,105
2023-05-09 21:53:27,MA2404,MA404,2330.0,0.0,0.0,0.0,2,2332.0,2337.0,1,2343.0,2328.0,2334.0,2328.0,4.0,9320.0,105
2023-05-09 21:53:31,MA2404,MA404,2330.0,0.0,0.0,0.0,2,2329.0,2337.0,1,2343.0,2328.0,2334.0,2328.0,4.0,9320.0,105
2023-05-09 21:53:31,MA2404,MA404,2330.0,0.0,0.0,0.0,1,2330.0,2337.0,1,2343.0,2328.0,2334.0,2328.0,4.0,9320.0,105
2023-05-09 21:53:33,MA2404,MA404,2330.0,0.0,0.0,0.0,1,2330.0,2338.0,1,2343.0,2328.0,2334.0,2328.0,4.0,9320.0,105
2023-05-09 21:53:34,MA2404,MA404,2330.0,0.0,0.0,0.0,1,2330.0,2338.0,2,2343.0,2328.0,2334.0,2328.0,4.0,9320.0,105
2023-05-09 21:53:38,MA2404,MA404,2330.0,0.0,0.0,0.0,1,2330.0,2337.0,1,2343.0,2328.0,2334.0,2328.0,4.0,9320.0,105
2023-05-09 21:53:42,MA2404,MA404,2330.0,0.0,0.0,0.0,2,2329.0,2337.0,2,2343.0,2328.0,2334.0,2328.0,4.0,9320.0,105
2023-05-09 21:53:43,MA2404,MA404,2330.0,0.0,0.0,0.0,3,2329.0,2337.0,2,2343.0,2328.0,2334.0,2328.0,4.0,9320.0,105
2023-05-09 21:53:46,MA2404,MA404,2330.0,0.0,0.0,0.0,2,2329.0,2337.0,2,2343.0,2328.0,2334.0,2328.0,4.0,9320.0,105
2023-05-09 21:53:46,MA2404,MA404,2330.0,0.0,0.0,0.0,2,2329.0,2336.0,1,2343.0,2328.0,2334.0,2328.0,4.0,9320.0,105
2023-05-09 21:54:01,MA2404,MA404,2330.0,0.0,0.0,0.0,2,2329.0,2337.0,1,2343.0,2328.0,2334.0,2328.0,4.0,9320.0,105
2023-05-09 21:54:02,MA2404,MA404,2330.0,0.0,0.0,0.0,1,2330.0,2337.0,1,2343.0,2328.0,2334.0,2328.0,4.0,9320.0,105
2023-05-09 21:54:05,MA2404,MA404,2330.0,0.0,0.0,0.0,1,2330.0,2338.0,1,2343.0,2328.0,2334.0,2328.0,4.0,9320.0,105
2023-05-09 21:54:06,MA2404,MA404,2330.0,0.0,0.0,0.0,1,2330.0,2337.0,1,2343.0,2328.0,2334.0,2328.0,4.0,9320.0,105
2023-05-09 21:54:06,MA2404,MA404,2330.0,0.0,0.0,0.0,1,2330.0,2338.0,1,2343.0,2328.0,2334.0,2328.0,4.0,9320.0,105
2023-05-09 21:54:07,MA2404,MA404,2330.0,0.0,0.0,0.0,1,2330.0,2338.0,2,2343.0,2328.0,2334.0,2328.0,4.0,9320.0,105
2023-05-09 21:54:14,MA2404,MA404,2330.0,0.0,0.0,0.0,2,2331.0,2338.0,2,2343.0,2328.0,2334.0,2328.0,4.0,9320.0,105
2023-05-09 21:54:26,MA2404,MA404,2330.0,0.0,0.0,0.0,3,2331.0,2338.0,1,2343.0,2328.0,2334.0,2328.0,4.0,9320.0,105
2023-05-09 21:54:29,MA2404,MA404,2330.0,0.0,0.0,0.0,2,2331.0,2338.0,2,2343.0,2328.0,2334.0,2328.0,4.0,9320.0,105
2023-05-09 21:54:35,MA2404,MA404,2330.0,0.0,0.0,0.0,3,2331.0,2338.0,1,2343.0,2328.0,2334.0,2328.0,4.0,9320.0,105
2023-05-09 21:54:39,MA2404,MA404,2330.0,0.0,0.0,0.0,2,2331.0,2338.0,2,2343.0,2328.0,2334.0,2328.0,4.0,9320.0,105
2023-05-09 21:55:02,MA2404,MA404,2330.0,0.0,0.0,0.0,3,2331.0,2338.0,1,2343.0,2328.0,2334.0,2328.0,4.0,9320.0,105
2023-05-09 21:55:09,MA2404,MA404,2330.0,0.0,0.0,0.0,2,2331.0,2338.0,2,2343.0,2328.0,2334.0,2328.0,4.0,9320.0,105
2023-05-09 21:55:13,MA2404,MA404,2330.0,0.0,0.0,0.0,3,2331.0,2338.0,1,2343.0,2328.0,2334.0,2328.0,4.0,9320.0,105
2023-05-09 21:55:20,MA2404,MA404,2330.0,0.0,0.0,0.0,2,2331.0,2338.0,2,2343.0,2328.0,2334.0,2328.0,4.0,9320.0,105
2023-05-09 21:55:24,MA2404,MA404,2330.0,0.0,0.0,0.0,3,2331.0,2338.0,1,2343.0,2328.0,2334.0,2328.0,4.0,9320.0,105
2023-05-09 21:55:46,MA2404,MA404,2330.0,0.0,0.0,0.0,3,2331.0,2339.0,1,2343.0,2328.0,2334.0,2328.0,4.0,9320.0,105
2023-05-09 21:55:46,MA2404,MA404,2330.0,0.0,0.0,0.0,3,2331.0,2338.0,1,2343.0,2328.0,2334.0,2328.0,4.0,9320.0,105
2023-05-09 21:55:48,MA2404,MA404,2330.0,0.0,0.0,0.0,3,2331.0,2339.0,1,2343.0,2328.0,2334.0,2328.0,4.0,9320.0,105
2023-05-09 21:55:48,MA2404,MA404,2330.0,0.0,0.0,0.0,3,2331.0,2339.0,2,2343.0,2328.0,2334.0,2328.0,4.0,9320.0,105
2023-05-09 21:55:52,MA2404,MA404,2330.0,0.0,0.0,0.0,3,2331.0,2338.0,1,2343.0,2328.0,2334.0,2328.0,4.0,9320.0,105
2023-05-09 21:55:52,MA2404,MA404,2330.0,0.0,0.0,0.0,3,2331.0,2339.0,1,2343.0,2328.0,2334.0,2328.0,4.0,9320.0,105
2023-05-09 21:55:53,MA2404,MA404,2330.0,0.0,0.0,0.0,3,2331.0,2339.0,2,2343.0,2328.0,2334.0,2328.0,4.0,9320.0,105
2023-05-09 21:56:00,MA2404,MA404,2330.0,0.0,0.0,0.0,1,2332.0,2339.0,1,2343.0,2328.0,2334.0,2328.0,4.0,9320.0,105
2023-05-09 21:56:06,MA2404,MA404,2330.0,0.0,0.0,0.0,2,2331.0,2339.0,2,2343.0,2328.0,2334.0,2328.0,4.0,9320.0,105
2023-05-09 21:56:07,MA2404,MA404,2330.0,0.0,0.0,0.0,3,2331.0,2339.0,2,2343.0,2328.0,2334.0,2328.0,4.0,9320.0,105
2023-05-09 21:56:12,MA2404,MA404,2330.0,0.0,0.0,0.0,3,2331.0,2338.0,1,2343.0,2328.0,2334.0,2328.0,4.0,9320.0,105
2023-05-09 21:56:27,MA2404,MA404,2330.0,0.0,0.0,0.0,3,2331.0,2337.0,1,2343.0,2328.0,2334.0,2328.0,4.0,9320.0,105
2023-05-09 21:56:27,MA2404,MA404,2330.0,0.0,0.0,0.0,2,2331.0,2337.0,1,2343.0,2328.0,2334.0,2328.0,4.0,9320.0,105
2023-05-09 21:56:29,MA2404,MA404,2330.0,0.0,0.0,0.0,2,2331.0,2338.0,1,2343.0,2328.0,2334.0,2328.0,4.0,9320.0,105
2023-05-09 21:56:29,MA2404,MA404,2330.0,0.0,0.0,0.0,3,2331.0,2338.0,1,2343.0,2328.0,2334.0,2328.0,4.0,9320.0,105
2023-05-09 21:56:37,MA2404,MA404,2330.0,0.0,0.0,0.0,2,2331.0,2338.0,2,2343.0,2328.0,2334.0,2328.0,4.0,9320.0,105
2023-05-09 21:56:48,MA2404,MA404,2330.0,0.0,0.0,0.0,3,2331.0,2338.0,1,2343.0,2328.0,2334.0,2328.0,4.0,9320.0,105
2023-05-09 21:56:53,MA2404,MA404,2330.0,0.0,0.0,0.0,3,2331.0,2339.0,1,2343.0,2328.0,2334.0,2328.0,4.0,9320.0,105
2023-05-09 21:56:54,MA2404,MA404,2330.0,0.0,0.0,0.0,3,2331.0,2339.0,2,2343.0,2328.0,2334.0,2328.0,4.0,9320.0,105
2023-05-09 21:57:16,MA2404,MA404,2330.0,0.0,0.0,0.0,1,2332.0,2339.0,1,2343.0,2328.0,2334.0,2328.0,4.0,9320.0,105
2023-05-09 21:57:18,MA2404,MA404,2330.0,0.0,0.0,0.0,2,2331.0,2339.0,2,2343.0,2328.0,2334.0,2328.0,4.0,9320.0,105
2023-05-09 21:57:19,MA2404,MA404,2330.0,0.0,0.0,0.0,3,2331.0,2338.0,1,2343.0,2328.0,2334.0,2328.0,4.0,9320.0,105
2023-05-09 21:57:19,MA2404,MA404,2330.0,0.0,0.0,0.0,3,2331.0,2339.0,1,2343.0,2328.0,2334.0,2328.0,4.0,9320.0,105
2023-05-09 21:57:20,MA2404,MA404,2330.0,0.0,0.0,0.0,3,2331.0,2339.0,2,2343.0,2328.0,2334.0,2328.0,4.0,9320.0,105
2023-05-09 21:57:23,MA2404,MA404,2330.0,0.0,0.0,0.0,1,2332.0,2339.0,1,2343.0,2328.0,2334.0,2328.0,4.0,9320.0,105
2023-05-09 21:57:33,MA2404,MA404,2330.0,0.0,0.0,0.0,1,2332.0,2340.0,1,2343.0,2328.0,2334.0,2328.0,4.0,9320.0,105
2023-05-09 21:57:34,MA2404,MA404,2330.0,0.0,0.0,0.0,1,2332.0,2339.0,1,2343.0,2328.0,2334.0,2328.0,4.0,9320.0,105
2023-05-09 21:57:35,MA2404,MA404,2330.0,0.0,0.0,0.0,1,2332.0,2340.0,1,2343.0,2328.0,2334.0,2328.0,4.0,9320.0,105
2023-05-09 21:57:35,MA2404,MA404,2330.0,0.0,0.0,0.0,1,2332.0,2340.0,2,2343.0,2328.0,2334.0,2328.0,4.0,9320.0,105
2023-05-09 21:58:01,MA2404,MA404,2330.0,0.0,0.0,0.0,1,2332.0,2339.0,1,2343.0,2328.0,2334.0,2328.0,4.0,9320.0,105
2023-05-09 21:58:02,MA2404,MA404,2330.0,0.0,0.0,0.0,1,2332.0,2340.0,1,2343.0,2328.0,2334.0,2328.0,4.0,9320.0,105
2023-05-09 21:58:02,MA2404,MA404,2330.0,0.0,0.0,0.0,1,2332.0,2340.0,2,2343.0,2328.0,2334.0,2328.0,4.0,9320.0,105
2023-05-09 21:58:03,MA2404,MA404,2330.0,0.0,0.0,0.0,1,2332.0,2340.0,1,2343.0,2328.0,2334.0,2328.0,4.0,9320.0,105
2023-05-09 21:58:12,MA2404,MA404,2330.0,0.0,0.0,0.0,1,2332.0,2341.0,1,2343.0,2328.0,2334.0,2328.0,4.0,9320.0,105
2023-05-09 21:58:12,MA2404,MA404,2330.0,0.0,0.0,0.0,1,2332.0,2341.0,2,2343.0,2328.0,2334.0,2328.0,4.0,9320.0,105
2023-05-09 21:58:13,MA2404,MA404,2330.0,0.0,0.0,0.0,2,2332.0,2341.0,1,2343.0,2328.0,2334.0,2328.0,4.0,9320.0,105
2023-05-09 21:58:19,MA2404,MA404,2330.0,0.0,0.0,0.0,3,2332.0,2341.0,1,2343.0,2328.0,2334.0,2328.0,4.0,9320.0,105
2023-05-09 21:58:19,MA2404,MA404,2330.0,0.0,0.0,0.0,5,2332.0,2341.0,1,2343.0,2328.0,2334.0,2328.0,4.0,9320.0,105
2023-05-09 21:58:22,MA2404,MA404,2330.0,0.0,0.0,0.0,5,2332.0,2342.0,1,2343.0,2328.0,2334.0,2328.0,4.0,9320.0,105
2023-05-09 21:58:25,MA2404,MA404,2330.0,0.0,0.0,0.0,1,2333.0,2342.0,1,2343.0,2328.0,2334.0,2328.0,4.0,9320.0,105
2023-05-09 21:58:26,MA2404,MA404,2330.0,0.0,0.0,0.0,1,2334.0,2342.0,1,2343.0,2328.0,2334.0,2328.0,4.0,9320.0,105
2023-05-09 21:58:30,MA2404,MA404,2330.0,0.0,0.0,0.0,2,2335.0,2342.0,1,2343.0,2328.0,2334.0,2328.0,4.0,9320.0,105
2023-05-09 21:58:30,MA2404,MA404,2330.0,0.0,0.0,0.0,1,2336.0,2342.0,1,2343.0,2328.0,2334.0,2328.0,4.0,9320.0,105
2023-05-09 21:58:32,MA2404,MA404,2330.0,0.0,0.0,0.0,2,2335.0,2342.0,1,2343.0,2328.0,2334.0,2328.0,4.0,9320.0,105
2023-05-09 21:58:33,MA2404,MA404,2330.0,0.0,0.0,0.0,3,2335.0,2342.0,1,2343.0,2328.0,2334.0,2328.0,4.0,9320.0,105
2023-05-09 21:59:09,MA2404,MA404,2330.0,0.0,0.0,0.0,1,2336.0,2342.0,1,2343.0,2328.0,2334.0,2328.0,4.0,9320.0,105
2023-05-09 21:59:11,MA2404,MA404,2330.0,0.0,0.0,0.0,2,2335.0,2342.0,1,2343.0,2328.0,2334.0,2328.0,4.0,9320.0,105
2023-05-09 21:59:12,MA2404,MA404,2330.0,0.0,0.0,0.0,3,2335.0,2342.0,1,2343.0,2328.0,2334.0,2328.0,4.0,9320.0,105
2023-05-09 21:59:13,MA2404,MA404,2330.0,0.0,0.0,0.0,1,2336.0,2342.0,1,2343.0,2328.0,2334.0,2328.0,4.0,9320.0,105
2023-05-09 21:59:15,MA2404,MA404,2330.0,0.0,0.0,0.0,2,2335.0,2342.0,1,2343.0,2328.0,2334.0,2328.0,4.0,9320.0,105
2023-05-09 21:59:15,MA2404,MA404,2330.0,0.0,0.0,0.0,3,2335.0,2342.0,1,2343.0,2328.0,2334.0,2328.0,4.0,9320.0,105
2023-05-09 21:59:17,MA2404,MA404,2330.0,0.0,0.0,0.0,1,2336.0,2342.0,1,2343.0,2328.0,2334.0,2328.0,4.0,9320.0,105
2023-05-09 21:59:19,MA2404,MA404,2330.0,0.0,0.0,0.0,1,2336.0,2343.0,1,2343.0,2328.0,2334.0,2328.0,4.0,9320.0,105
2023-05-09 21:59:37,MA2404,MA404,2330.0,0.0,0.0,0.0,1,2336.0,2342.0,1,2343.0,2328.0,2334.0,2328.0,4.0,9320.0,105
2023-05-09 21:59:40,MA2404,MA404,2330.0,0.0,0.0,0.0,1,2336.0,2343.0,1,2343.0,2328.0,2334.0,2328.0,4.0,9320.0,105
2023-05-09 22:00:06,MA2404,MA404,2330.0,0.0,0.0,0.0,1,2336.0,2342.0,1,2343.0,2328.0,2334.0,2328.0,4.0,9320.0,105
2023-05-09 22:00:07,MA2404,MA404,2330.0,0.0,0.0,0.0,1,2336.0,2343.0,1,2343.0,2328.0,2334.0,2328.0,4.0,9320.0,105
2023-05-09 22:00:10,MA2404,MA404,2330.0,0.0,0.0,0.0,1,2334.0,2343.0,2,2343.0,2328.0,2334.0,2328.0,4.0,9320.0,105
2023-05-09 22:00:11,MA2404,MA404,2330.0,0.0,0.0,0.0,1,2335.0,2343.0,2,2343.0,2328.0,2334.0,2328.0,4.0,9320.0,105
2023-05-09 22:00:11,MA2404,MA404,2330.0,0.0,0.0,0.0,1,2335.0,2342.0,1,2343.0,2328.0,2334.0,2328.0,4.0,9320.0,105
2023-05-09 22:00:18,MA2404,MA404,2330.0,0.0,0.0,0.0,1,2335.0,2342.0,2,2343.0,2328.0,2334.0,2328.0,4.0,9320.0,105
2023-05-09 22:00:28,MA2404,MA404,2330.0,0.0,0.0,0.0,1,2335.0,2342.0,1,2343.0,2328.0,2334.0,2328.0,4.0,9320.0,105
2023-05-09 22:00:29,MA2404,MA404,2330.0,0.0,0.0,0.0,1,2335.0,2343.0,1,2343.0,2328.0,2334.0,2328.0,4.0,9320.0,105
2023-05-09 22:00:29,MA2404,MA404,2330.0,0.0,0.0,0.0,1,2335.0,2343.0,2,2343.0,2328.0,2334.0,2328.0,4.0,9320.0,105
2023-05-09 22:00:36,MA2404,MA404,2330.0,0.0,0.0,0.0,1,2335.0,2342.0,1,2343.0,2328.0,2334.0,2328.0,4.0,9320.0,105
2023-05-09 22:00:36,MA2404,MA404,2330.0,0.0,0.0,0.0,1,2335.0,2342.0,2,2343.0,2328.0,2334.0,2328.0,4.0,9320.0,105
2023-05-09 22:00:38,MA2404,MA404,2330.0,0.0,0.0,0.0,2,2336.0,2342.0,2,2343.0,2328.0,2334.0,2328.0,4.0,9320.0,105
2023-05-09 22:01:00,MA2404,MA404,2330.0,0.0,0.0,0.0,2,2336.0,2341.0,1,2343.0,2328.0,2334.0,2328.0,4.0,9320.0,105
2023-05-09 22:01:00,MA2404,MA404,2330.0,0.0,0.0,0.0,2,2336.0,2341.0,2,2343.0,2328.0,2334.0,2328.0,4.0,9320.0,105
2023-05-09 22:01:01,MA2404,MA404,2330.0,0.0,0.0,0.0,1,2333.0,2341.0,2,2343.0,2328.0,2334.0,2328.0,4.0,9320.0,105
2023-05-09 22:01:01,MA2404,MA404,2330.0,0.0,0.0,0.0,1,2334.0,2341.0,2,2343.0,2328.0,2334.0,2328.0,4.0,9320.0,105
2023-05-09 22:01:09,MA2404,MA404,2330.0,0.0,0.0,0.0,1,2334.0,2340.0,1,2343.0,2328.0,2334.0,2328.0,4.0,9320.0,105
2023-05-09 22:01:09,MA2404,MA404,2330.0,0.0,0.0,0.0,1,2332.0,2340.0,2,2343.0,2328.0,2334.0,2328.0,4.0,9320.0,105
2023-05-09 22:01:10,MA2404,MA404,2330.0,0.0,0.0,0.0,1,2333.0,2340.0,2,2343.0,2328.0,2334.0,2328.0,4.0,9320.0,105
2023-05-09 22:01:11,MA2404,MA404,2330.0,0.0,0.0,0.0,1,2333.0,2339.0,1,2343.0,2328.0,2334.0,2328.0,4.0,9320.0,105
2023-05-09 22:01:17,MA2404,MA404,2330.0,0.0,0.0,0.0,1,2333.0,2340.0,1,2343.0,2328.0,2334.0,2328.0,4.0,9320.0,105
2023-05-09 22:01:18,MA2404,MA404,2330.0,0.0,0.0,0.0,1,2333.0,2340.0,2,2343.0,2328.0,2334.0,2328.0,4.0,9320.0,105
2023-05-09 22:01:18,MA2404,MA404,2330.0,0.0,0.0,0.0,1,2333.0,2340.0,1,2343.0,2328.0,2334.0,2328.0,4.0,9320.0,105
2023-05-09 22:01:21,MA2404,MA404,2330.0,0.0,0.0,0.0,1,2333.0,2340.0,2,2343.0,2328.0,2334.0,2328.0,4.0,9320.0,105
2023-05-09 22:01:22,MA2404,MA404,2330.0,0.0,0.0,0.0,2,2334.0,2340.0,2,2343.0,2328.0,2334.0,2328.0,4.0,9320.0,105
2023-05-09 22:01:31,MA2404,MA404,2330.0,0.0,0.0,0.0,3,2334.0,2340.0,1,2343.0,2328.0,2334.0,2328.0,4.0,9320.0,105
2023-05-09 22:01:32,MA2404,MA404,2330.0,0.0,0.0,0.0,3,2334.0,2341.0,1,2343.0,2328.0,2334.0,2328.0,4.0,9320.0,105
2023-05-09 22:01:33,MA2404,MA404,2330.0,0.0,0.0,0.0,1,2335.0,2341.0,2,2343.0,2328.0,2334.0,2328.0,4.0,9320.0,105
2023-05-09 22:01:33,MA2404,MA404,2330.0,0.0,0.0,0.0,2,2334.0,2341.0,2,2343.0,2328.0,2334.0,2328.0,4.0,9320.0,105
2023-05-09 22:01:34,MA2404,MA404,2330.0,0.0,0.0,0.0,3,2334.0,2341.0,2,2343.0,2328.0,2334.0,2328.0,4.0,9320.0,105
2023-05-09 22:01:52,MA2404,MA404,2330.0,0.0,0.0,0.0,2,2334.0,2340.0,2,2343.0,2328.0,2334.0,2328.0,4.0,9320.0,105
2023-05-09 22:01:53,MA2404,MA404,2330.0,0.0,0.0,0.0,3,2334.0,2341.0,1,2343.0,2328.0,2334.0,2328.0,4.0,9320.0,105
2023-05-09 22:01:53,MA2404,MA404,2330.0,0.0,0.0,0.0,3,2334.0,2341.0,2,2343.0,2328.0,2334.0,2328.0,4.0,9320.0,105
2023-05-09 22:01:54,MA2404,MA404,2330.0,0.0,0.0,0.0,3,2334.0,2340.0,1,2343.0,2328.0,2334.0,2328.0,4.0,9320.0,105
2023-05-09 22:01:54,MA2404,MA404,2330.0,0.0,0.0,0.0,2,2334.0,2340.0,2,2343.0,2328.0,2334.0,2328.0,4.0,9320.0,105
2023-05-09 22:02:28,MA2404,MA404,2330.0,0.0,0.0,0.0,2,2334.0,2339.0,1,2343.0,2328.0,2334.0,2328.0,4.0,9320.0,105
2023-05-09 22:02:29,MA2404,MA404,2330.0,0.0,0.0,0.0,2,2334.0,2339.0,2,2343.0,2328.0,2334.0,2328.0,4.0,9320.0,105
2023-05-09 22:02:30,MA2404,MA404,2330.0,0.0,0.0,0.0,1,2331.0,2339.0,2,2343.0,2328.0,2334.0,2328.0,4.0,9320.0,105
2023-05-09 22:02:30,MA2404,MA404,2330.0,0.0,0.0,0.0,1,2332.0,2339.0,2,2343.0,2328.0,2334.0,2328.0,4.0,9320.0,105
2023-05-09 22:02:45,MA2404,MA404,2330.0,0.0,0.0,0.0,1,2332.0,2339.0,1,2343.0,2328.0,2334.0,2328.0,4.0,9320.0,105
2023-05-09 22:02:45,MA2404,MA404,2330.0,0.0,0.0,0.0,1,2332.0,2340.0,1,2343.0,2328.0,2334.0,2328.0,4.0,9320.0,105
2023-05-09 22:02:46,MA2404,MA404,2330.0,0.0,0.0,0.0,1,2332.0,2340.0,2,2343.0,2328.0,2334.0,2328.0,4.0,9320.0,105
2023-05-09 22:02:48,MA2404,MA404,2330.0,0.0,0.0,0.0,2,2332.0,2340.0,2,2343.0,2328.0,2334.0,2328.0,4.0,9320.0,105
2023-05-09 22:02:48,MA2404,MA404,2330.0,0.0,0.0,0.0,2,2333.0,2340.0,2,2343.0,2328.0,2334.0,2328.0,4.0,9320.0,105
2023-05-09 22:02:49,MA2404,MA404,2330.0,0.0,0.0,0.0,3,2333.0,2340.0,2,2343.0,2328.0,2334.0,2328.0,4.0,9320.0,105
2023-05-09 22:03:02,MA2404,MA404,2330.0,0.0,0.0,0.0,3,2333.0,2339.0,1,2343.0,2328.0,2334.0,2328.0,4.0,9320.0,105
2023-05-09 22:03:02,MA2404,MA404,2330.0,0.0,0.0,0.0,2,2333.0,2339.0,2,2343.0,2328.0,2334.0,2328.0,4.0,9320.0,105
2023-05-09 22:03:19,MA2404,MA404,2330.0,0.0,0.0,0.0,2,2333.0,2338.0,1,2343.0,2328.0,2334.0,2328.0,4.0,9320.0,105
2023-05-09 22:03:20,MA2404,MA404,2330.0,0.0,0.0,0.0,1,2331.0,2338.0,1,2343.0,2328.0,2334.0,2328.0,4.0,9320.0,105
2023-05-09 22:03:20,MA2404,MA404,2330.0,0.0,0.0,0.0,1,2331.0,2338.0,2,2343.0,2328.0,2334.0,2328.0,4.0,9320.0,105
2023-05-09 22:03:26,MA2404,MA404,2330.0,0.0,0.0,0.0,1,2331.0,2337.0,1,2343.0,2328.0,2334.0,2328.0,4.0,9320.0,105
2023-05-09 22:03:28,MA2404,MA404,2330.0,0.0,0.0,0.0,1,2331.0,2338.0,1,2343.0,2328.0,2334.0,2328.0,4.0,9320.0,105
2023-05-09 22:03:29,MA2404,MA404,2330.0,0.0,0.0,0.0,1,2331.0,2338.0,2,2343.0,2328.0,2334.0,2328.0,4.0,9320.0,105
2023-05-09 22:03:34,MA2404,MA404,2330.0,0.0,0.0,0.0,1,2331.0,2337.0,1,2343.0,2328.0,2334.0,2328.0,4.0,9320.0,105
2023-05-09 22:03:37,MA2404,MA404,2330.0,0.0,0.0,0.0,1,2331.0,2338.0,1,2343.0,2328.0,2334.0,2328.0,4.0,9320.0,105
2023-05-09 22:03:37,MA2404,MA404,2330.0,0.0,0.0,0.0,1,2331.0,2338.0,2,2343.0,2328.0,2334.0,2328.0,4.0,9320.0,105
2023-05-09 22:03:39,MA2404,MA404,2330.0,0.0,0.0,0.0,1,2331.0,2337.0,1,2343.0,2328.0,2334.0,2328.0,4.0,9320.0,105
2023-05-09 22:03:39,MA2404,MA404,2330.0,0.0,0.0,0.0,1,2331.0,2338.0,1,2343.0,2328.0,2334.0,2328.0,4.0,9320.0,105
2023-05-09 22:03:39,MA2404,MA404,2330.0,0.0,0.0,0.0,1,2331.0,2337.0,1,2343.0,2328.0,2334.0,2328.0,4.0,9320.0,105
2023-05-09 22:03:39,MA2404,MA404,2330.0,0.0,0.0,0.0,1,2331.0,2338.0,1,2343.0,2328.0,2334.0,2328.0,4.0,9320.0,105
2023-05-09 22:03:39,MA2404,MA404,2330.0,0.0,0.0,0.0,1,2331.0,2338.0,2,2343.0,2328.0,2334.0,2328.0,4.0,9320.0,105
2023-05-09 22:03:56,MA2404,MA404,2330.0,0.0,0.0,0.0,1,2332.0,2338.0,1,2343.0,2328.0,2334.0,2328.0,4.0,9320.0,105
2023-05-09 22:03:57,MA2404,MA404,2330.0,0.0,0.0,0.0,1,2330.0,2338.0,2,2343.0,2328.0,2334.0,2328.0,4.0,9320.0,105
2023-05-09 22:03:58,MA2404,MA404,2330.0,0.0,0.0,0.0,1,2331.0,2338.0,2,2343.0,2328.0,2334.0,2328.0,4.0,9320.0,105
2023-05-09 22:04:09,MA2404,MA404,2330.0,0.0,0.0,0.0,1,2331.0,2339.0,1,2343.0,2328.0,2334.0,2328.0,4.0,9320.0,105
2023-05-09 22:04:10,MA2404,MA404,2330.0,0.0,0.0,0.0,1,2331.0,2339.0,2,2343.0,2328.0,2334.0,2328.0,4.0,9320.0,105
2023-05-09 22:04:14,MA2404,MA404,2330.0,0.0,0.0,0.0,2,2332.0,2339.0,2,2343.0,2328.0,2334.0,2328.0,4.0,9320.0,105
2023-05-09 22:04:14,MA2404,MA404,2330.0,0.0,0.0,0.0,3,2332.0,2339.0,2,2343.0,2328.0,2334.0,2328.0,4.0,9320.0,105
2023-05-09 22:04:17,MA2404,MA404,2330.0,0.0,0.0,0.0,3,2332.0,2338.0,1,2343.0,2328.0,2334.0,2328.0,4.0,9320.0,105
2023-05-09 22:04:18,MA2404,MA404,2330.0,0.0,0.0,0.0,2,2332.0,2338.0,2,2343.0,2328.0,2334.0,2328.0,4.0,9320.0,105
2023-05-09 22:04:26,MA2404,MA404,2330.0,0.0,0.0,0.0,3,2332.0,2338.0,1,2343.0,2328.0,2334.0,2328.0,4.0,9320.0,105
2023-05-09 22:04:26,MA2404,MA404,2330.0,0.0,0.0,0.0,3,2332.0,2339.0,1,2343.0,2328.0,2334.0,2328.0,4.0,9320.0,105
2023-05-09 22:04:27,MA2404,MA404,2330.0,0.0,0.0,0.0,3,2332.0,2339.0,2,2343.0,2328.0,2334.0,2328.0,4.0,9320.0,105
2023-05-09 22:04:33,MA2404,MA404,2330.0,0.0,0.0,0.0,3,2332.0,2338.0,1,2343.0,2328.0,2334.0,2328.0,4.0,9320.0,105
2023-05-09 22:04:39,MA2404,MA404,2330.0,0.0,0.0,0.0,3,2332.0,2339.0,1,2343.0,2328.0,2334.0,2328.0,4.0,9320.0,105
2023-05-09 22:04:40,MA2404,MA404,2330.0,0.0,0.0,0.0,3,2332.0,2339.0,2,2343.0,2328.0,2334.0,2328.0,4.0,9320.0,105
2023-05-09 22:04:40,MA2404,MA404,2330.0,0.0,0.0,0.0,3,2332.0,2338.0,1,2343.0,2328.0,2334.0,2328.0,4.0,9320.0,105
2023-05-09 22:04:41,MA2404,MA404,2330.0,0.0,0.0,0.0,2,2332.0,2337.0,1,2343.0,2328.0,2334.0,2328.0,4.0,9320.0,105
2023-05-09 22:04:42,MA2404,MA404,2330.0,0.0,0.0,0.0,1,2330.0,2337.0,1,2343.0,2328.0,2334.0,2328.0,4.0,9320.0,105
2023-05-09 22:04:43,MA2404,MA404,2330.0,0.0,0.0,0.0,1,2331.0,2337.0,1,2343.0,2328.0,2334.0,2328.0,4.0,9320.0,105
2023-05-09 22:04:48,MA2404,MA404,2330.0,0.0,0.0,0.0,1,2331.0,2338.0,1,2343.0,2328.0,2334.0,2328.0,4.0,9320.0,105
2023-05-09 22:04:48,MA2404,MA404,2330.0,0.0,0.0,0.0,1,2331.0,2338.0,2,2343.0,2328.0,2334.0,2328.0,4.0,9320.0,105
2023-05-09 22:04:56,MA2404,MA404,2330.0,0.0,0.0,0.0,2,2332.0,2338.0,2,2343.0,2328.0,2334.0,2328.0,4.0,9320.0,105
2023-05-09 22:05:00,MA2404,MA404,2330.0,0.0,0.0,0.0,2,2332.0,2337.0,1,2343.0,2328.0,2334.0,2328.0,4.0,9320.0,105
2023-05-09 22:05:01,MA2404,MA404,2330.0,0.0,0.0,0.0,1,2330.0,2337.0,1,2343.0,2328.0,2334.0,2328.0,4.0,9320.0,105
2023-05-09 22:05:02,MA2404,MA404,2330.0,0.0,0.0,0.0,1,2331.0,2337.0,1,2343.0,2328.0,2334.0,2328.0,4.0,9320.0,105
2023-05-09 22:05:04,MA2404,MA404,2330.0,0.0,0.0,0.0,1,2331.0,2338.0,1,2343.0,2328.0,2334.0,2328.0,4.0,9320.0,105
2023-05-09 22:05:05,MA2404,MA404,2330.0,0.0,0.0,0.0,1,2331.0,2338.0,2,2343.0,2328.0,2334.0,2328.0,4.0,9320.0,105
2023-05-09 22:05:06,MA2404,MA404,2330.0,0.0,0.0,0.0,1,2331.0,2338.0,1,2343.0,2328.0,2334.0,2328.0,4.0,9320.0,105
2023-05-09 22:05:06,MA2404,MA404,2330.0,0.0,0.0,0.0,1,2331.0,2339.0,1,2343.0,2328.0,2334.0,2328.0,4.0,9320.0,105
2023-05-09 22:05:07,MA2404,MA404,2330.0,0.0,0.0,0.0,1,2331.0,2339.0,2,2343.0,2328.0,2334.0,2328.0,4.0,9320.0,105
2023-05-09 22:05:13,MA2404,MA404,2330.0,0.0,0.0,0.0,2,2331.0,2340.0,1,2343.0,2328.0,2334.0,2328.0,4.0,9320.0,105
2023-05-09 22:05:14,MA2404,MA404,2330.0,0.0,0.0,0.0,2,2331.0,2340.0,2,2343.0,2328.0,2334.0,2328.0,4.0,9320.0,105
2023-05-09 22:05:18,MA2404,MA404,2330.0,0.0,0.0,0.0,2,2331.0,2339.0,1,2343.0,2328.0,2334.0,2328.0,4.0,9320.0,105
2023-05-09 22:05:18,MA2404,MA404,2330.0,0.0,0.0,0.0,2,2331.0,2340.0,1,2343.0,2328.0,2334.0,2328.0,4.0,9320.0,105
2023-05-09 22:05:19,MA2404,MA404,2330.0,0.0,0.0,0.0,2,2331.0,2340.0,2,2343.0,2328.0,2334.0,2328.0,4.0,9320.0,105
2023-05-09 22:05:21,MA2404,MA404,2330.0,0.0,0.0,0.0,2,2331.0,2339.0,1,2343.0,2328.0,2334.0,2328.0,4.0,9320.0,105
2023-05-09 22:05:23,MA2404,MA404,2330.0,0.0,0.0,0.0,2,2331.0,2340.0,1,2343.0,2328.0,2334.0,2328.0,4.0,9320.0,105
2023-05-09 22:05:24,MA2404,MA404,2330.0,0.0,0.0,0.0,2,2331.0,2340.0,2,2343.0,2328.0,2334.0,2328.0,4.0,9320.0,105
2023-05-09 22:05:26,MA2404,MA404,2330.0,0.0,0.0,0.0,2,2331.0,2339.0,1,2343.0,2328.0,2334.0,2328.0,4.0,9320.0,105
2023-05-09 22:05:27,MA2404,MA404,2330.0,0.0,0.0,0.0,2,2331.0,2340.0,1,2343.0,2328.0,2334.0,2328.0,4.0,9320.0,105
2023-05-09 22:05:27,MA2404,MA404,2330.0,0.0,0.0,0.0,2,2331.0,2339.0,1,2343.0,2328.0,2334.0,2328.0,4.0,9320.0,105
2023-05-09 22:05:29,MA2404,MA404,2330.0,0.0,0.0,0.0,2,2331.0,2340.0,1,2343.0,2328.0,2334.0,2328.0,4.0,9320.0,105
2023-05-09 22:05:29,MA2404,MA404,2330.0,0.0,0.0,0.0,5,2331.0,2341.0,1,2343.0,2328.0,2334.0,2328.0,4.0,9320.0,105
2023-05-09 22:05:30,MA2404,MA404,2330.0,0.0,0.0,0.0,4,2331.0,2340.0,1,2343.0,2328.0,2334.0,2328.0,4.0,9320.0,105
2023-05-09 22:05:30,MA2404,MA404,2330.0,0.0,0.0,0.0,3,2331.0,2339.0,2,2343.0,2328.0,2334.0,2328.0,4.0,9320.0,105
2023-05-09 22:05:31,MA2404,MA404,2330.0,0.0,0.0,0.0,3,2331.0,2338.0,1,2343.0,2328.0,2334.0,2328.0,4.0,9320.0,105
2023-05-09 22:05:32,MA2404,MA404,2330.0,0.0,0.0,0.0,2,2331.0,2338.0,2,2343.0,2328.0,2334.0,2328.0,4.0,9320.0,105
2023-05-09 22:05:35,MA2404,MA404,2330.0,0.0,0.0,0.0,1,2331.0,2338.0,2,2343.0,2328.0,2334.0,2328.0,4.0,9320.0,105
2023-05-09 22:05:35,MA2404,MA404,2330.0,0.0,0.0,0.0,1,2331.0,2339.0,1,2343.0,2328.0,2334.0,2328.0,4.0,9320.0,105
2023-05-09 22:05:35,MA2404,MA404,2330.0,0.0,0.0,0.0,1,2331.0,2339.0,2,2343.0,2328.0,2334.0,2328.0,4.0,9320.0,105
2023-05-09 22:05:38,MA2404,MA404,2330.0,0.0,0.0,0.0,2,2331.0,2339.0,2,2343.0,2328.0,2334.0,2328.0,4.0,9320.0,105
2023-05-09 22:05:38,MA2404,MA404,2330.0,0.0,0.0,0.0,2,2332.0,2339.0,2,2343.0,2328.0,2334.0,2328.0,4.0,9320.0,105
2023-05-09 22:05:39,MA2404,MA404,2330.0,0.0,0.0,0.0,3,2332.0,2339.0,2,2343.0,2328.0,2334.0,2328.0,4.0,9320.0,105
2023-05-09 22:05:49,MA2404,MA404,2330.0,0.0,0.0,0.0,1,2333.0,2339.0,1,2343.0,2328.0,2334.0,2328.0,4.0,9320.0,105
2023-05-09 22:05:50,MA2404,MA404,2330.0,0.0,0.0,0.0,1,2333.0,2340.0,1,2343.0,2328.0,2334.0,2328.0,4.0,9320.0,105
2023-05-09 22:05:50,MA2404,MA404,2330.0,0.0,0.0,0.0,1,2333.0,2340.0,2,2343.0,2328.0,2334.0,2328.0,4.0,9320.0,105
2023-05-09 22:05:57,MA2404,MA404,2330.0,0.0,0.0,0.0,1,2333.0,2339.0,1,2343.0,2328.0,2334.0,2328.0,4.0,9320.0,105
2023-05-09 22:05:58,MA2404,MA404,2330.0,0.0,0.0,0.0,2,2332.0,2339.0,2,2343.0,2328.0,2334.0,2328.0,4.0,9320.0,105
2023-05-09 22:05:58,MA2404,MA404,2330.0,0.0,0.0,0.0,3,2332.0,2339.0,2,2343.0,2328.0,2334.0,2328.0,4.0,9320.0,105
2023-05-09 22:06:14,MA2404,MA404,2330.0,0.0,0.0,0.0,3,2332.0,2338.0,1,2343.0,2328.0,2334.0,2328.0,4.0,9320.0,105
2023-05-09 22:06:14,MA2404,MA404,2330.0,0.0,0.0,0.0,3,2332.0,2339.0,1,2343.0,2328.0,2334.0,2328.0,4.0,9320.0,105
2023-05-09 22:06:15,MA2404,MA404,2330.0,0.0,0.0,0.0,3,2332.0,2339.0,2,2343.0,2328.0,2334.0,2328.0,4.0,9320.0,105
2023-05-09 22:06:25,MA2404,MA404,2330.0,0.0,0.0,0.0,3,2332.0,2338.0,1,2343.0,2328.0,2334.0,2328.0,4.0,9320.0,105
2023-05-09 22:06:25,MA2404,MA404,2330.0,0.0,0.0,0.0,3,2332.0,2339.0,1,2343.0,2328.0,2334.0,2328.0,4.0,9320.0,105
2023-05-09 22:06:26,MA2404,MA404,2330.0,0.0,0.0,0.0,3,2332.0,2339.0,2,2343.0,2328.0,2334.0,2328.0,4.0,9320.0,105
2023-05-09 22:06:29,MA2404,MA404,2330.0,0.0,0.0,0.0,3,2332.0,2338.0,1,2343.0,2328.0,2334.0,2328.0,4.0,9320.0,105
2023-05-09 22:06:29,MA2404,MA404,2330.0,0.0,0.0,0.0,2,2332.0,2338.0,2,2343.0,2328.0,2334.0,2328.0,4.0,9320.0,105
2023-05-09 22:06:37,MA2404,MA404,2330.0,0.0,0.0,0.0,3,2332.0,2338.0,1,2343.0,2328.0,2334.0,2328.0,4.0,9320.0,105
2023-05-09 22:06:41,MA2404,MA404,2330.0,0.0,0.0,0.0,2,2332.0,2338.0,2,2343.0,2328.0,2334.0,2328.0,4.0,9320.0,105
2023-05-09 22:06:59,MA2404,MA404,2330.0,0.0,0.0,0.0,3,2332.0,2338.0,1,2343.0,2328.0,2334.0,2328.0,4.0,9320.0,105
2023-05-09 22:07:06,MA2404,MA404,2330.0,0.0,0.0,0.0,2,2332.0,2338.0,2,2343.0,2328.0,2334.0,2328.0,4.0,9320.0,105
2023-05-09 22:07:14,MA2404,MA404,2330.0,0.0,0.0,0.0,2,2332.0,2337.0,1,2343.0,2328.0,2334.0,2328.0,4.0,9320.0,105
2023-05-09 22:07:16,MA2404,MA404,2330.0,0.0,0.0,0.0,1,2330.0,2337.0,1,2343.0,2328.0,2334.0,2328.0,4.0,9320.0,105
2023-05-09 22:07:16,MA2404,MA404,2330.0,0.0,0.0,0.0,1,2331.0,2337.0,1,2343.0,2328.0,2334.0,2328.0,4.0,9320.0,105
2023-05-09 22:07:18,MA2404,MA404,2330.0,0.0,0.0,0.0,1,2331.0,2338.0,1,2343.0,2328.0,2334.0,2328.0,4.0,9320.0,105
2023-05-09 22:07:18,MA2404,MA404,2330.0,0.0,0.0,0.0,1,2331.0,2338.0,2,2343.0,2328.0,2334.0,2328.0,4.0,9320.0,105
2023-05-09 22:07:47,MA2404,MA404,2330.0,0.0,0.0,0.0,2,2332.0,2338.0,2,2343.0,2328.0,2334.0,2328.0,4.0,9320.0,105
2023-05-09 22:07:56,MA2404,MA404,2330.0,0.0,0.0,0.0,3,2332.0,2338.0,2,2343.0,2328.0,2334.0,2328.0,4.0,9320.0,105
2023-05-09 22:09:00,MA2404,MA404,2330.0,0.0,0.0,0.0,1,2333.0,2338.0,1,2343.0,2328.0,2334.0,2328.0,4.0,9320.0,105
2023-05-09 22:09:01,MA2404,MA404,2330.0,0.0,0.0,0.0,2,2332.0,2338.0,2,2343.0,2328.0,2334.0,2328.0,4.0,9320.0,105
2023-05-09 22:09:02,MA2404,MA404,2330.0,0.0,0.0,0.0,3,2332.0,2338.0,2,2343.0,2328.0,2334.0,2328.0,4.0,9320.0,105
2023-05-09 22:09:10,MA2404,MA404,2330.0,0.0,0.0,0.0,1,2333.0,2338.0,1,2343.0,2328.0,2334.0,2328.0,4.0,9320.0,105
2023-05-09 22:09:12,MA2404,MA404,2330.0,0.0,0.0,0.0,1,2333.0,2339.0,1,2343.0,2328.0,2334.0,2328.0,4.0,9320.0,105
2023-05-09 22:09:12,MA2404,MA404,2330.0,0.0,0.0,0.0,1,2333.0,2339.0,2,2343.0,2328.0,2334.0,2328.0,4.0,9320.0,105
2023-05-09 22:09:34,MA2404,MA404,2330.0,0.0,0.0,0.0,1,2333.0,2340.0,1,2343.0,2328.0,2334.0,2328.0,4.0,9320.0,105
2023-05-09 22:09:34,MA2404,MA404,2330.0,0.0,0.0,0.0,1,2333.0,2340.0,2,2343.0,2328.0,2334.0,2328.0,4.0,9320.0,105
2023-05-09 22:09:54,MA2404,MA404,2330.0,0.0,0.0,0.0,2,2334.0,2340.0,2,2343.0,2328.0,2334.0,2328.0,4.0,9320.0,105
2023-05-09 22:09:54,MA2404,MA404,2330.0,0.0,0.0,0.0,3,2334.0,2340.0,2,2343.0,2328.0,2334.0,2328.0,4.0,9320.0,105
2023-05-09 22:09:58,MA2404,MA404,2330.0,0.0,0.0,0.0,3,2334.0,2339.0,1,2343.0,2328.0,2334.0,2328.0,4.0,9320.0,105
2023-05-09 22:09:59,MA2404,MA404,2330.0,0.0,0.0,0.0,1,2334.0,2339.0,1,2343.0,2328.0,2334.0,2328.0,4.0,9320.0,105
2023-05-09 22:09:59,MA2404,MA404,2330.0,0.0,0.0,0.0,1,2334.0,2340.0,1,2343.0,2328.0,2334.0,2328.0,4.0,9320.0,105
2023-05-09 22:09:59,MA2404,MA404,2330.0,0.0,0.0,0.0,1,2334.0,2340.0,2,2343.0,2328.0,2334.0,2328.0,4.0,9320.0,105
2023-05-09 22:10:12,MA2404,MA404,2330.0,0.0,0.0,0.0,1,2334.0,2339.0,1,2343.0,2328.0,2334.0,2328.0,4.0,9320.0,105
2023-05-09 22:10:12,MA2404,MA404,2330.0,0.0,0.0,0.0,1,2331.0,2338.0,1,2343.0,2328.0,2334.0,2328.0,4.0,9320.0,105
2023-05-09 22:10:13,MA2404,MA404,2330.0,0.0,0.0,0.0,1,2332.0,2338.0,1,2343.0,2328.0,2334.0,2328.0,4.0,9320.0,105
2023-05-09 22:10:17,MA2404,MA404,2330.0,0.0,0.0,0.0,1,2332.0,2339.0,1,2343.0,2328.0,2334.0,2328.0,4.0,9320.0,105
2023-05-09 22:10:17,MA2404,MA404,2330.0,0.0,0.0,0.0,1,2332.0,2339.0,2,2343.0,2328.0,2334.0,2328.0,4.0,9320.0,105
2023-05-09 22:10:18,MA2404,MA404,2330.0,0.0,0.0,0.0,2,2332.0,2339.0,1,2343.0,2328.0,2334.0,2328.0,4.0,9320.0,105
2023-05-09 22:10:28,MA2404,MA404,2330.0,0.0,0.0,0.0,1,2332.0,2339.0,2,2343.0,2328.0,2334.0,2328.0,4.0,9320.0,105
2023-05-09 22:10:37,MA2404,MA404,2330.0,0.0,0.0,0.0,2,2333.0,2339.0,2,2343.0,2328.0,2334.0,2328.0,4.0,9320.0,105
2023-05-09 22:10:37,MA2404,MA404,2330.0,0.0,0.0,0.0,3,2333.0,2339.0,2,2343.0,2328.0,2334.0,2328.0,4.0,9320.0,105
2023-05-09 22:10:44,MA2404,MA404,2330.0,0.0,0.0,0.0,1,2334.0,2339.0,1,2343.0,2328.0,2334.0,2328.0,4.0,9320.0,105
2023-05-09 22:10:51,MA2404,MA404,2330.0,0.0,0.0,0.0,1,2335.0,2339.0,1,2343.0,2328.0,2334.0,2328.0,4.0,9320.0,105
2023-05-09 22:11:22,MA2404,MA404,2330.0,0.0,0.0,0.0,1,2332.0,2339.0,1,2343.0,2328.0,2334.0,2328.0,4.0,9320.0,105
2023-05-09 22:11:23,MA2404,MA404,2330.0,0.0,0.0,0.0,1,2333.0,2339.0,1,2343.0,2328.0,2334.0,2328.0,4.0,9320.0,105
2023-05-09 22:11:32,MA2404,MA404,2330.0,0.0,0.0,0.0,1,2334.0,2339.0,1,2343.0,2328.0,2334.0,2328.0,4.0,9320.0,105
2023-05-09 22:11:33,MA2404,MA404,2330.0,0.0,0.0,0.0,2,2334.0,2339.0,1,2343.0,2328.0,2334.0,2328.0,4.0,9320.0,105
2023-05-09 22:11:40,MA2404,MA404,2330.0,0.0,0.0,0.0,1,2335.0,2339.0,1,2343.0,2328.0,2334.0,2328.0,4.0,9320.0,105
2023-05-09 22:12:05,MA2404,MA404,2330.0,0.0,0.0,0.0,1,2335.0,2339.0,2,2343.0,2328.0,2334.0,2328.0,4.0,9320.0,105
2023-05-09 22:12:09,MA2404,MA404,2330.0,0.0,0.0,0.0,1,2335.0,2338.0,1,2343.0,2328.0,2334.0,2328.0,4.0,9320.0,105
2023-05-09 22:12:15,MA2404,MA404,2330.0,0.0,0.0,0.0,1,2335.0,2337.0,1,2343.0,2328.0,2334.0,2328.0,4.0,9320.0,105
2023-05-09 22:12:23,MA2404,MA404,2330.0,0.0,0.0,0.0,2,2329.0,2337.0,1,2343.0,2328.0,2334.0,2328.0,4.0,9320.0,105
2023-05-09 22:12:23,MA2404,MA404,2330.0,0.0,0.0,0.0,2,2330.0,2337.0,1,2343.0,2328.0,2334.0,2328.0,4.0,9320.0,105
2023-05-09 22:12:26,MA2404,MA404,2330.0,0.0,0.0,0.0,2,2330.0,2336.0,1,2343.0,2328.0,2334.0,2328.0,4.0,9320.0,105
2023-05-09 22:12:26,MA2404,MA404,2330.0,0.0,0.0,0.0,1,2330.0,2336.0,1,2343.0,2328.0,2334.0,2328.0,4.0,9320.0,105
2023-05-09 22:12:30,MA2404,MA404,2330.0,0.0,0.0,0.0,1,2330.0,2337.0,1,2343.0,2328.0,2334.0,2328.0,4.0,9320.0,105
2023-05-09 22:12:31,MA2404,MA404,2330.0,0.0,0.0,0.0,2,2330.0,2337.0,1,2343.0,2328.0,2334.0,2328.0,4.0,9320.0,105
2023-05-09 22:12:33,MA2404,MA404,2330.0,0.0,0.0,0.0,1,2331.0,2338.0,1,2343.0,2328.0,2334.0,2328.0,4.0,9320.0,105
2023-05-09 22:12:34,MA2404,MA404,2330.0,0.0,0.0,0.0,1,2332.0,2338.0,1,2343.0,2328.0,2334.0,2328.0,4.0,9320.0,105
2023-05-09 22:12:38,MA2404,MA404,2330.0,0.0,0.0,0.0,1,2332.0,2339.0,1,2343.0,2328.0,2334.0,2328.0,4.0,9320.0,105
2023-05-09 22:12:40,MA2404,MA404,2330.0,0.0,0.0,0.0,2,2332.0,2339.0,1,2343.0,2328.0,2334.0,2328.0,4.0,9320.0,105
2023-05-09 22:12:43,MA2404,MA404,2330.0,0.0,0.0,0.0,1,2332.0,2339.0,2,2343.0,2328.0,2334.0,2328.0,4.0,9320.0,105
2023-05-09 22:12:43,MA2404,MA404,2330.0,0.0,0.0,0.0,1,2334.0,2339.0,1,2343.0,2328.0,2334.0,2328.0,4.0,9320.0,105
2023-05-09 22:12:44,MA2404,MA404,2330.0,0.0,0.0,0.0,2,2334.0,2339.0,1,2343.0,2328.0,2334.0,2328.0,4.0,9320.0,105
2023-05-09 22:12:51,MA2404,MA404,2330.0,0.0,0.0,0.0,1,2334.0,2339.0,2,2343.0,2328.0,2334.0,2328.0,4.0,9320.0,105
2023-05-09 22:12:52,MA2404,MA404,2330.0,0.0,0.0,0.0,2,2334.0,2339.0,1,2343.0,2328.0,2334.0,2328.0,4.0,9320.0,105
2023-05-09 22:12:58,MA2404,MA404,2330.0,0.0,0.0,0.0,1,2334.0,2339.0,1,2343.0,2328.0,2334.0,2328.0,4.0,9320.0,105
2023-05-09 22:13:18,MA2404,MA404,2330.0,0.0,0.0,0.0,2,2333.0,2339.0,2,2343.0,2328.0,2334.0,2328.0,4.0,9320.0,105
2023-05-09 22:13:18,MA2404,MA404,2330.0,0.0,0.0,0.0,3,2333.0,2339.0,2,2343.0,2328.0,2334.0,2328.0,4.0,9320.0,105
2023-05-09 22:13:50,MA2404,MA404,2330.0,0.0,0.0,0.0,3,2333.0,2338.0,1,2343.0,2328.0,2334.0,2328.0,4.0,9320.0,105
2023-05-09 22:13:50,MA2404,MA404,2330.0,0.0,0.0,0.0,1,2333.0,2338.0,1,2343.0,2328.0,2334.0,2328.0,4.0,9320.0,105
2023-05-09 22:13:58,MA2404,MA404,2330.0,0.0,0.0,0.0,1,2333.0,2339.0,1,2343.0,2328.0,2334.0,2328.0,4.0,9320.0,105
2023-05-09 22:13:58,MA2404,MA404,2330.0,0.0,0.0,0.0,1,2333.0,2339.0,2,2343.0,2328.0,2334.0,2328.0,4.0,9320.0,105
2023-05-09 22:14:33,MA2404,MA404,2330.0,0.0,0.0,0.0,1,2334.0,2339.0,1,2343.0,2328.0,2334.0,2328.0,4.0,9320.0,105
2023-05-09 22:14:35,MA2404,MA404,2330.0,0.0,0.0,0.0,1,2334.0,2340.0,1,2343.0,2328.0,2334.0,2328.0,4.0,9320.0,105
2023-05-09 22:14:36,MA2404,MA404,2330.0,0.0,0.0,0.0,1,2334.0,2340.0,2,2343.0,2328.0,2334.0,2328.0,4.0,9320.0,105
2023-05-09 22:14:37,MA2404,MA404,2330.0,0.0,0.0,0.0,1,2334.0,2340.0,1,2343.0,2328.0,2334.0,2328.0,4.0,9320.0,105
2023-05-09 22:15:04,MA2404,MA404,2330.0,0.0,0.0,0.0,1,2334.0,2339.0,1,2343.0,2328.0,2334.0,2328.0,4.0,9320.0,105
2023-05-09 22:15:12,MA2404,MA404,2330.0,0.0,0.0,0.0,1,2334.0,2338.0,1,2343.0,2328.0,2334.0,2328.0,4.0,9320.0,105
2023-05-09 22:15:13,MA2404,MA404,2330.0,0.0,0.0,0.0,1,2331.0,2338.0,1,2343.0,2328.0,2334.0,2328.0,4.0,9320.0,105
2023-05-09 22:15:13,MA2404,MA404,2330.0,0.0,0.0,0.0,1,2332.0,2338.0,1,2343.0,2328.0,2334.0,2328.0,4.0,9320.0,105
2023-05-09 22:15:25,MA2404,MA404,2330.0,0.0,0.0,0.0,1,2332.0,2339.0,1,2343.0,2328.0,2334.0,2328.0,4.0,9320.0,105
2023-05-09 22:15:25,MA2404,MA404,2330.0,0.0,0.0,0.0,2,2332.0,2339.0,1,2343.0,2328.0,2334.0,2328.0,4.0,9320.0,105
2023-05-09 22:15:27,MA2404,MA404,2330.0,0.0,0.0,0.0,2,2332.0,2338.0,1,2343.0,2328.0,2334.0,2328.0,4.0,9320.0,105
2023-05-09 22:15:28,MA2404,MA404,2330.0,0.0,0.0,0.0,1,2332.0,2338.0,1,2343.0,2328.0,2334.0,2328.0,4.0,9320.0,105
2023-05-09 22:16:03,MA2404,MA404,2330.0,0.0,0.0,0.0,1,2332.0,2338.0,2,2343.0,2328.0,2334.0,2328.0,4.0,9320.0,105
2023-05-09 22:16:06,MA2404,MA404,2330.0,0.0,0.0,0.0,1,2332.0,2338.0,1,2343.0,2328.0,2334.0,2328.0,4.0,9320.0,105
2023-05-09 22:16:09,MA2404,MA404,2330.0,0.0,0.0,0.0,1,2332.0,2339.0,1,2343.0,2328.0,2334.0,2328.0,4.0,9320.0,105
2023-05-09 22:16:10,MA2404,MA404,2330.0,0.0,0.0,0.0,1,2332.0,2339.0,2,2343.0,2328.0,2334.0,2328.0,4.0,9320.0,105
2023-05-09 22:16:15,MA2404,MA404,2330.0,0.0,0.0,0.0,2,2333.0,2339.0,2,2343.0,2328.0,2334.0,2328.0,4.0,9320.0,105
2023-05-09 22:16:15,MA2404,MA404,2330.0,0.0,0.0,0.0,3,2333.0,2339.0,2,2343.0,2328.0,2334.0,2328.0,4.0,9320.0,105
2023-05-09 22:16:25,MA2404,MA404,2330.0,0.0,0.0,0.0,1,2334.0,2339.0,1,2343.0,2328.0,2334.0,2328.0,4.0,9320.0,105
2023-05-09 22:16:50,MA2404,MA404,2330.0,0.0,0.0,0.0,1,2334.0,2340.0,1,2343.0,2328.0,2334.0,2328.0,4.0,9320.0,105
2023-05-09 22:16:50,MA2404,MA404,2330.0,0.0,0.0,0.0,1,2334.0,2340.0,2,2343.0,2328.0,2334.0,2328.0,4.0,9320.0,105
2023-05-09 22:17:02,MA2404,MA404,2330.0,0.0,0.0,0.0,1,2334.0,2339.0,1,2343.0,2328.0,2334.0,2328.0,4.0,9320.0,105
2023-05-09 22:17:05,MA2404,MA404,2330.0,0.0,0.0,0.0,1,2334.0,2340.0,1,2343.0,2328.0,2334.0,2328.0,4.0,9320.0,105
2023-05-09 22:17:06,MA2404,MA404,2330.0,0.0,0.0,0.0,1,2334.0,2340.0,2,2343.0,2328.0,2334.0,2328.0,4.0,9320.0,105
2023-05-09 22:17:52,MA2404,MA404,2330.0,0.0,0.0,0.0,1,2334.0,2340.0,1,2343.0,2328.0,2334.0,2328.0,4.0,9320.0,105
2023-05-09 22:18:47,MA2404,MA404,2330.0,0.0,0.0,0.0,1,2334.0,2340.0,2,2343.0,2328.0,2334.0,2328.0,4.0,9320.0,105
2023-05-09 22:19:13,MA2404,MA404,2330.0,0.0,0.0,0.0,1,2334.0,2340.0,1,2343.0,2328.0,2334.0,2328.0,4.0,9320.0,105
2023-05-09 22:20:00,MA2404,MA404,2330.0,0.0,0.0,0.0,1,2334.0,2339.0,1,2343.0,2328.0,2334.0,2328.0,4.0,9320.0,105
2023-05-09 22:20:07,MA2404,MA404,2330.0,0.0,0.0,0.0,2,2329.0,2338.0,1,2343.0,2328.0,2334.0,2328.0,4.0,9320.0,105
2023-05-09 22:20:07,MA2404,MA404,2330.0,0.0,0.0,0.0,1,2331.0,2338.0,1,2343.0,2328.0,2334.0,2328.0,4.0,9320.0,105
2023-05-09 22:20:08,MA2404,MA404,2330.0,0.0,0.0,0.0,1,2332.0,2338.0,1,2343.0,2328.0,2334.0,2328.0,4.0,9320.0,105
2023-05-09 22:20:10,MA2404,MA404,2330.0,0.0,0.0,0.0,1,2332.0,2338.0,2,2343.0,2328.0,2334.0,2328.0,4.0,9320.0,105
2023-05-09 22:20:15,MA2404,MA404,2330.0,0.0,0.0,0.0,1,2332.0,2337.0,1,2343.0,2328.0,2334.0,2328.0,4.0,9320.0,105
2023-05-09 22:20:20,MA2404,MA404,2330.0,0.0,0.0,0.0,1,2332.0,2338.0,1,2343.0,2328.0,2334.0,2328.0,4.0,9320.0,105
2023-05-09 22:20:23,MA2404,MA404,2330.0,0.0,0.0,0.0,1,2332.0,2337.0,1,2343.0,2328.0,2334.0,2328.0,4.0,9320.0,105
2023-05-09 22:21:07,MA2404,MA404,2330.0,0.0,0.0,0.0,1,2332.0,2338.0,1,2343.0,2328.0,2334.0,2328.0,4.0,9320.0,105
2023-05-09 22:21:12,MA2404,MA404,2330.0,0.0,0.0,0.0,1,2332.0,2337.0,1,2343.0,2328.0,2334.0,2328.0,4.0,9320.0,105
2023-05-09 22:21:27,MA2404,MA404,2330.0,0.0,0.0,0.0,1,2332.0,2336.0,1,2343.0,2328.0,2334.0,2328.0,4.0,9320.0,105
2023-05-09 22:21:27,MA2404,MA404,2330.0,0.0,0.0,0.0,1,2332.0,2337.0,1,2343.0,2328.0,2334.0,2328.0,4.0,9320.0,105
2023-05-09 22:21:58,MA2404,MA404,2330.0,0.0,0.0,0.0,1,2329.0,2337.0,2,2343.0,2328.0,2334.0,2328.0,4.0,9320.0,105
2023-05-09 22:21:59,MA2404,MA404,2330.0,0.0,0.0,0.0,1,2330.0,2337.0,2,2343.0,2328.0,2334.0,2328.0,4.0,9320.0,105
2023-05-09 22:22:00,MA2404,MA404,2330.0,0.0,0.0,0.0,1,2330.0,2336.0,1,2343.0,2328.0,2334.0,2328.0,4.0,9320.0,105
2023-05-09 22:22:29,MA2404,MA404,2330.0,0.0,0.0,0.0,1,2330.0,2335.0,1,2343.0,2328.0,2334.0,2328.0,4.0,9320.0,105
2023-05-09 22:22:52,MA2404,MA404,2330.0,0.0,0.0,0.0,1,2329.0,2335.0,2,2343.0,2328.0,2334.0,2328.0,4.0,9320.0,105
2023-05-09 22:22:53,MA2404,MA404,2330.0,0.0,0.0,0.0,1,2330.0,2335.0,1,2343.0,2328.0,2334.0,2328.0,4.0,9320.0,105
2023-05-09 22:22:56,MA2404,MA404,2330.0,0.0,0.0,0.0,1,2329.0,2335.0,1,2343.0,2328.0,2334.0,2328.0,4.0,9320.0,105
2023-05-09 22:22:56,MA2404,MA404,2330.0,0.0,0.0,0.0,2,2329.0,2335.0,2,2343.0,2328.0,2334.0,2328.0,4.0,9320.0,105
2023-05-09 22:23:03,MA2404,MA404,2330.0,0.0,0.0,0.0,2,2329.0,2334.0,1,2343.0,2328.0,2334.0,2328.0,4.0,9320.0,105
2023-05-09 22:23:04,MA2404,MA404,2330.0,0.0,0.0,0.0,1,2329.0,2334.0,2,2343.0,2328.0,2334.0,2328.0,4.0,9320.0,105
2023-05-09 22:23:06,MA2404,MA404,2330.0,0.0,0.0,0.0,1,2329.0,2334.0,1,2343.0,2328.0,2334.0,2328.0,4.0,9320.0,105
2023-05-09 22:23:07,MA2404,MA404,2330.0,0.0,0.0,0.0,2,2329.0,2335.0,1,2343.0,2328.0,2334.0,2328.0,4.0,9320.0,105
2023-05-09 22:23:07,MA2404,MA404,2330.0,0.0,0.0,0.0,2,2329.0,2335.0,2,2343.0,2328.0,2334.0,2328.0,4.0,9320.0,105
2023-05-09 22:23:08,MA2404,MA404,2330.0,0.0,0.0,0.0,1,2329.0,2334.0,2,2343.0,2328.0,2334.0,2328.0,4.0,9320.0,105
2023-05-09 22:23:09,MA2404,MA404,2330.0,0.0,0.0,0.0,1,2329.0,2333.0,1,2343.0,2328.0,2334.0,2328.0,4.0,9320.0,105
2023-05-09 22:23:11,MA2404,MA404,2330.0,0.0,0.0,0.0,1,2329.0,2334.0,1,2343.0,2328.0,2334.0,2328.0,4.0,9320.0,105
2023-05-09 22:23:11,MA2404,MA404,2330.0,0.0,0.0,0.0,2,2329.0,2335.0,1,2343.0,2328.0,2334.0,2328.0,4.0,9320.0,105
2023-05-09 22:23:12,MA2404,MA404,2330.0,0.0,0.0,0.0,2,2329.0,2334.0,1,2343.0,2328.0,2334.0,2328.0,4.0,9320.0,105
2023-05-09 22:23:12,MA2404,MA404,2330.0,0.0,0.0,0.0,1,2329.0,2334.0,2,2343.0,2328.0,2334.0,2328.0,4.0,9320.0,105
2023-05-09 22:23:26,MA2404,MA404,2330.0,0.0,0.0,0.0,1,2329.0,2333.0,2,2343.0,2328.0,2334.0,2328.0,4.0,9320.0,105
2023-05-09 22:23:34,MA2404,MA404,2330.0,0.0,0.0,0.0,1,2329.0,2334.0,1,2343.0,2328.0,2334.0,2328.0,4.0,9320.0,105
2023-05-09 22:23:35,MA2404,MA404,2330.0,0.0,0.0,0.0,1,2329.0,2334.0,2,2343.0,2328.0,2334.0,2328.0,4.0,9320.0,105
2023-05-09 22:23:37,MA2404,MA404,2330.0,0.0,0.0,0.0,1,2329.0,2333.0,1,2343.0,2328.0,2334.0,2328.0,4.0,9320.0,105
2023-05-09 22:23:38,MA2404,MA404,2330.0,0.0,0.0,0.0,1,2329.0,2333.0,2,2343.0,2328.0,2334.0,2328.0,4.0,9320.0,105
2023-05-09 22:23:39,MA2404,MA404,2330.0,0.0,0.0,0.0,1,2329.0,2334.0,1,2343.0,2328.0,2334.0,2328.0,4.0,9320.0,105
2023-05-09 22:23:40,MA2404,MA404,2330.0,0.0,0.0,0.0,1,2329.0,2334.0,2,2343.0,2328.0,2334.0,2328.0,4.0,9320.0,105
2023-05-09 22:23:44,MA2404,MA404,2330.0,0.0,0.0,0.0,1,2329.0,2333.0,1,2343.0,2328.0,2334.0,2328.0,4.0,9320.0,105
2023-05-09 22:23:45,MA2404,MA404,2330.0,0.0,0.0,0.0,1,2329.0,2333.0,2,2343.0,2328.0,2334.0,2328.0,4.0,9320.0,105
2023-05-09 22:23:45,MA2404,MA404,2330.0,0.0,0.0,0.0,1,2329.0,2334.0,1,2343.0,2328.0,2334.0,2328.0,4.0,9320.0,105
2023-05-09 22:23:46,MA2404,MA404,2330.0,0.0,0.0,0.0,1,2329.0,2333.0,1,2343.0,2328.0,2334.0,2328.0,4.0,9320.0,105
2023-05-09 22:23:46,MA2404,MA404,2330.0,0.0,0.0,0.0,1,2329.0,2334.0,1,2343.0,2328.0,2334.0,2328.0,4.0,9320.0,105
2023-05-09 22:23:47,MA2404,MA404,2330.0,0.0,0.0,0.0,1,2329.0,2334.0,2,2343.0,2328.0,2334.0,2328.0,4.0,9320.0,105
2023-05-09 22:24:13,MA2404,MA404,2330.0,0.0,0.0,0.0,2,2329.0,2334.0,1,2343.0,2328.0,2334.0,2328.0,4.0,9320.0,105
2023-05-09 22:24:14,MA2404,MA404,2330.0,0.0,0.0,0.0,2,2329.0,2333.0,1,2343.0,2328.0,2334.0,2328.0,4.0,9320.0,105
2023-05-09 22:24:14,MA2404,MA404,2330.0,0.0,0.0,0.0,1,2329.0,2333.0,2,2343.0,2328.0,2334.0,2328.0,4.0,9320.0,105
2023-05-09 22:24:17,MA2404,MA404,2330.0,0.0,0.0,0.0,1,2329.0,2333.0,1,2343.0,2328.0,2334.0,2328.0,4.0,9320.0,105
2023-05-09 22:24:19,MA2404,MA404,2330.0,0.0,0.0,0.0,1,2329.0,2333.0,2,2343.0,2328.0,2334.0,2328.0,4.0,9320.0,105
2023-05-09 22:24:27,MA2404,MA404,2330.0,0.0,0.0,0.0,1,2329.0,2333.0,1,2343.0,2328.0,2334.0,2328.0,4.0,9320.0,105
2023-05-09 22:24:30,MA2404,MA404,2330.0,0.0,0.0,0.0,1,2329.0,2333.0,2,2343.0,2328.0,2334.0,2328.0,4.0,9320.0,105
2023-05-09 22:24:33,MA2404,MA404,2330.0,0.0,0.0,0.0,1,2329.0,2334.0,1,2343.0,2328.0,2334.0,2328.0,4.0,9320.0,105
2023-05-09 22:24:33,MA2404,MA404,2330.0,0.0,0.0,0.0,1,2329.0,2334.0,2,2343.0,2328.0,2334.0,2328.0,4.0,9320.0,105
2023-05-09 22:24:57,MA2404,MA404,2330.0,0.0,0.0,0.0,1,2329.0,2333.0,1,2343.0,2328.0,2334.0,2328.0,4.0,9320.0,105
2023-05-09 22:24:57,MA2404,MA404,2330.0,0.0,0.0,0.0,1,2329.0,2333.0,2,2343.0,2328.0,2334.0,2328.0,4.0,9320.0,105
2023-05-09 22:24:58,MA2404,MA404,2330.0,0.0,0.0,0.0,1,2329.0,2333.0,1,2343.0,2328.0,2334.0,2328.0,4.0,9320.0,105
2023-05-09 22:25:02,MA2404,MA404,2330.0,0.0,0.0,0.0,1,2329.0,2334.0,1,2343.0,2328.0,2334.0,2328.0,4.0,9320.0,105
2023-05-09 22:25:03,MA2404,MA404,2330.0,0.0,0.0,0.0,1,2329.0,2334.0,2,2343.0,2328.0,2334.0,2328.0,4.0,9320.0,105
2023-05-09 22:25:04,MA2404,MA404,2330.0,0.0,0.0,0.0,2,2329.0,2335.0,1,2343.0,2328.0,2334.0,2328.0,4.0,9320.0,105
2023-05-09 22:25:05,MA2404,MA404,2330.0,0.0,0.0,0.0,2,2329.0,2335.0,2,2343.0,2328.0,2334.0,2328.0,4.0,9320.0,105
2023-05-09 22:25:06,MA2404,MA404,2330.0,0.0,0.0,0.0,2,2329.0,2334.0,1,2343.0,2328.0,2334.0,2328.0,4.0,9320.0,105
2023-05-09 22:25:07,MA2404,MA404,2330.0,0.0,0.0,0.0,1,2329.0,2334.0,2,2343.0,2328.0,2334.0,2328.0,4.0,9320.0,105
2023-05-09 22:25:10,MA2404,MA404,2330.0,0.0,0.0,0.0,2,2329.0,2334.0,1,2343.0,2328.0,2334.0,2328.0,4.0,9320.0,105
2023-05-09 22:25:18,MA2404,MA404,2330.0,0.0,0.0,0.0,1,2329.0,2334.0,2,2343.0,2328.0,2334.0,2328.0,4.0,9320.0,105
2023-05-09 22:26:10,MA2404,MA404,2330.0,0.0,0.0,0.0,1,2329.0,2334.0,1,2343.0,2328.0,2334.0,2328.0,4.0,9320.0,105
2023-05-09 22:26:11,MA2404,MA404,2330.0,0.0,0.0,0.0,2,2329.0,2335.0,1,2343.0,2328.0,2334.0,2328.0,4.0,9320.0,105
2023-05-09 22:26:11,MA2404,MA404,2330.0,0.0,0.0,0.0,2,2329.0,2335.0,2,2343.0,2328.0,2334.0,2328.0,4.0,9320.0,105
2023-05-09 22:26:13,MA2404,MA404,2330.0,0.0,0.0,0.0,2,2329.0,2334.0,1,2343.0,2328.0,2334.0,2328.0,4.0,9320.0,105
2023-05-09 22:26:13,MA2404,MA404,2330.0,0.0,0.0,0.0,1,2329.0,2334.0,2,2343.0,2328.0,2334.0,2328.0,4.0,9320.0,105
2023-05-09 22:26:18,MA2404,MA404,2330.0,0.0,0.0,0.0,1,2329.0,2334.0,1,2343.0,2328.0,2334.0,2328.0,4.0,9320.0,105
2023-05-09 22:26:19,MA2404,MA404,2330.0,0.0,0.0,0.0,2,2329.0,2335.0,1,2343.0,2328.0,2334.0,2328.0,4.0,9320.0,105
2023-05-09 22:26:20,MA2404,MA404,2330.0,0.0,0.0,0.0,2,2329.0,2335.0,2,2343.0,2328.0,2334.0,2328.0,4.0,9320.0,105
2023-05-09 22:26:58,MA2404,MA404,2330.0,0.0,0.0,0.0,1,2329.0,2334.0,2,2343.0,2328.0,2334.0,2328.0,4.0,9320.0,105
2023-05-09 22:27:15,MA2404,MA404,2330.0,0.0,0.0,0.0,2,2329.0,2334.0,1,2343.0,2328.0,2334.0,2328.0,4.0,9320.0,105
2023-05-09 22:27:16,MA2404,MA404,2330.0,0.0,0.0,0.0,2,2329.0,2335.0,1,2343.0,2328.0,2334.0,2328.0,4.0,9320.0,105
2023-05-09 22:27:16,MA2404,MA404,2330.0,0.0,0.0,0.0,2,2329.0,2335.0,2,2343.0,2328.0,2334.0,2328.0,4.0,9320.0,105
2023-05-09 22:28:13,MA2404,MA404,2330.0,0.0,0.0,0.0,1,2330.0,2335.0,1,2343.0,2328.0,2334.0,2328.0,4.0,9320.0,105
2023-05-09 22:28:14,MA2404,MA404,2330.0,0.0,0.0,0.0,1,2329.0,2335.0,2,2343.0,2328.0,2334.0,2328.0,4.0,9320.0,105
2023-05-09 22:28:14,MA2404,MA404,2330.0,0.0,0.0,0.0,2,2329.0,2335.0,2,2343.0,2328.0,2334.0,2328.0,4.0,9320.0,105
2023-05-09 22:28:36,MA2404,MA404,2330.0,0.0,0.0,0.0,2,2329.0,2334.0,1,2343.0,2328.0,2334.0,2328.0,4.0,9320.0,105
2023-05-09 22:28:36,MA2404,MA404,2330.0,0.0,0.0,0.0,1,2329.0,2334.0,2,2343.0,2328.0,2334.0,2328.0,4.0,9320.0,105
2023-05-09 22:28:47,MA2404,MA404,2330.0,0.0,0.0,0.0,2,2329.0,2335.0,1,2343.0,2328.0,2334.0,2328.0,4.0,9320.0,105
2023-05-09 22:28:47,MA2404,MA404,2330.0,0.0,0.0,0.0,2,2329.0,2335.0,2,2343.0,2328.0,2334.0,2328.0,4.0,9320.0,105
2023-05-09 22:28:51,MA2404,MA404,2330.0,0.0,0.0,0.0,2,2329.0,2334.0,1,2343.0,2328.0,2334.0,2328.0,4.0,9320.0,105
2023-05-09 22:28:51,MA2404,MA404,2330.0,0.0,0.0,0.0,1,2329.0,2334.0,2,2343.0,2328.0,2334.0,2328.0,4.0,9320.0,105
2023-05-09 22:29:59,MA2404,MA404,2330.0,0.0,0.0,0.0,1,2329.0,2333.0,1,2343.0,2328.0,2334.0,2328.0,4.0,9320.0,105
2023-05-09 22:29:59,MA2404,MA404,2330.0,0.0,0.0,0.0,1,2329.0,2333.0,2,2343.0,2328.0,2334.0,2328.0,4.0,9320.0,105
2023-05-09 22:30:06,MA2404,MA404,2330.0,0.0,0.0,0.0,1,2329.0,2334.0,1,2343.0,2328.0,2334.0,2328.0,4.0,9320.0,105
2023-05-09 22:30:07,MA2404,MA404,2330.0,0.0,0.0,0.0,1,2329.0,2334.0,2,2343.0,2328.0,2334.0,2328.0,4.0,9320.0,105
2023-05-09 22:30:13,MA2404,MA404,2330.0,0.0,0.0,0.0,1,2329.0,2333.0,2,2343.0,2328.0,2334.0,2328.0,4.0,9320.0,105
2023-05-09 22:30:18,MA2404,MA404,2330.0,0.0,0.0,0.0,1,2329.0,2333.0,1,2343.0,2328.0,2334.0,2328.0,4.0,9320.0,105
2023-05-09 22:30:20,MA2404,MA404,2330.0,0.0,0.0,0.0,1,2329.0,2333.0,2,2343.0,2328.0,2334.0,2328.0,4.0,9320.0,105
2023-05-09 22:30:25,MA2404,MA404,2330.0,0.0,0.0,0.0,1,2329.0,2333.0,1,2343.0,2328.0,2334.0,2328.0,4.0,9320.0,105
2023-05-09 22:30:25,MA2404,MA404,2330.0,0.0,0.0,0.0,1,2329.0,2333.0,2,2343.0,2328.0,2334.0,2328.0,4.0,9320.0,105
2023-05-09 22:30:37,MA2404,MA404,2330.0,0.0,0.0,0.0,1,2329.0,2334.0,1,2343.0,2328.0,2334.0,2328.0,4.0,9320.0,105
2023-05-09 22:30:38,MA2404,MA404,2330.0,0.0,0.0,0.0,1,2329.0,2334.0,2,2343.0,2328.0,2334.0,2328.0,4.0,9320.0,105
2023-05-09 22:30:48,MA2404,MA404,2330.0,0.0,0.0,0.0,1,2329.0,2333.0,2,2343.0,2328.0,2334.0,2328.0,4.0,9320.0,105
2023-05-09 22:31:08,MA2404,MA404,2330.0,0.0,0.0,0.0,1,2329.0,2332.0,1,2343.0,2328.0,2334.0,2328.0,4.0,9320.0,105
2023-05-09 22:31:13,MA2404,MA404,2330.0,0.0,0.0,0.0,1,2329.0,2333.0,2,2343.0,2328.0,2334.0,2328.0,4.0,9320.0,105
2023-05-09 22:31:13,MA2404,MA404,2330.0,0.0,0.0,0.0,1,2329.0,2333.0,3,2343.0,2328.0,2334.0,2328.0,4.0,9320.0,105
2023-05-09 22:31:14,MA2404,MA404,2330.0,0.0,0.0,0.0,1,2329.0,2333.0,2,2343.0,2328.0,2334.0,2328.0,4.0,9320.0,105
2023-05-09 22:31:23,MA2404,MA404,2330.0,0.0,0.0,0.0,1,2329.0,2333.0,3,2343.0,2328.0,2334.0,2328.0,4.0,9320.0,105
2023-05-09 22:31:44,MA2404,MA404,2330.0,0.0,0.0,0.0,1,2329.0,2332.0,1,2343.0,2328.0,2334.0,2328.0,4.0,9320.0,105
2023-05-09 22:31:46,MA2404,MA404,2330.0,0.0,0.0,0.0,1,2329.0,2333.0,2,2343.0,2328.0,2334.0,2328.0,4.0,9320.0,105
2023-05-09 22:31:47,MA2404,MA404,2330.0,0.0,0.0,0.0,1,2329.0,2333.0,3,2343.0,2328.0,2334.0,2328.0,4.0,9320.0,105
2023-05-09 22:32:08,MA2404,MA404,2330.0,0.0,0.0,0.0,1,2329.0,2333.0,2,2343.0,2328.0,2334.0,2328.0,4.0,9320.0,105
2023-05-09 22:32:08,MA2404,MA404,2330.0,0.0,0.0,0.0,1,2329.0,2333.0,3,2343.0,2328.0,2334.0,2328.0,4.0,9320.0,105
2023-05-09 22:32:10,MA2404,MA404,2330.0,0.0,0.0,0.0,1,2329.0,2332.0,1,2343.0,2328.0,2334.0,2328.0,4.0,9320.0,105
2023-05-09 22:32:11,MA2404,MA404,2330.0,0.0,0.0,0.0,1,2329.0,2332.0,2,2343.0,2328.0,2334.0,2328.0,4.0,9320.0,105
2023-05-09 22:32:12,MA2404,MA404,2330.0,0.0,0.0,0.0,1,2329.0,2331.0,1,2343.0,2328.0,2334.0,2328.0,4.0,9320.0,105
2023-05-09 22:32:16,MA2404,MA404,2330.0,0.0,0.0,0.0,1,2329.0,2331.0,2,2343.0,2328.0,2334.0,2328.0,4.0,9320.0,105
2023-05-09 22:32:18,MA2404,MA404,2330.0,0.0,0.0,0.0,1,2329.0,2331.0,1,2343.0,2328.0,2334.0,2328.0,4.0,9320.0,105
2023-05-09 22:32:20,MA2404,MA404,2330.0,0.0,0.0,0.0,1,2329.0,2331.0,2,2343.0,2328.0,2334.0,2328.0,4.0,9320.0,105
2023-05-09 22:32:23,MA2404,MA404,2330.0,0.0,0.0,0.0,1,2329.0,2331.0,1,2343.0,2328.0,2334.0,2328.0,4.0,9320.0,105
2023-05-09 22:32:26,MA2404,MA404,2330.0,0.0,0.0,0.0,1,2329.0,2331.0,2,2343.0,2328.0,2334.0,2328.0,4.0,9320.0,105
2023-05-09 22:32:40,MA2404,MA404,2330.0,0.0,0.0,0.0,1,2329.0,2331.0,1,2343.0,2328.0,2334.0,2328.0,4.0,9320.0,105
2023-05-09 22:32:46,MA2404,MA404,2330.0,0.0,0.0,0.0,1,2329.0,2332.0,1,2343.0,2328.0,2334.0,2328.0,4.0,9320.0,105
2023-05-09 22:32:46,MA2404,MA404,2330.0,0.0,0.0,0.0,1,2329.0,2332.0,2,2343.0,2328.0,2334.0,2328.0,4.0,9320.0,105
2023-05-09 22:32:48,MA2404,MA404,2330.0,0.0,0.0,0.0,1,2329.0,2331.0,1,2343.0,2328.0,2334.0,2328.0,4.0,9320.0,105
2023-05-09 22:33:07,MA2404,MA404,2330.0,0.0,0.0,0.0,1,2329.0,2332.0,1,2343.0,2328.0,2334.0,2328.0,4.0,9320.0,105
2023-05-09 22:33:07,MA2404,MA404,2330.0,0.0,0.0,0.0,1,2329.0,2332.0,2,2343.0,2328.0,2334.0,2328.0,4.0,9320.0,105
2023-05-09 22:33:08,MA2404,MA404,2330.0,0.0,0.0,0.0,1,2329.0,2332.0,1,2343.0,2328.0,2334.0,2328.0,4.0,9320.0,105
2023-05-09 22:33:09,MA2404,MA404,2330.0,0.0,0.0,0.0,1,2329.0,2332.0,2,2343.0,2328.0,2334.0,2328.0,4.0,9320.0,105
2023-05-09 22:33:17,MA2404,MA404,2330.0,0.0,0.0,0.0,1,2329.0,2331.0,1,2343.0,2328.0,2334.0,2328.0,4.0,9320.0,105
2023-05-09 22:33:21,MA2404,MA404,2330.0,0.0,0.0,0.0,1,2329.0,2331.0,2,2343.0,2328.0,2334.0,2328.0,4.0,9320.0,105
2023-05-09 22:33:30,MA2404,MA404,2330.0,0.0,0.0,0.0,1,2329.0,2331.0,1,2343.0,2328.0,2334.0,2328.0,4.0,9320.0,105
2023-05-09 22:33:39,MA2404,MA404,2330.0,0.0,0.0,0.0,1,2329.0,2331.0,2,2343.0,2328.0,2334.0,2328.0,4.0,9320.0,105
2023-05-09 22:33:40,MA2404,MA404,2330.0,0.0,0.0,0.0,1,2329.0,2331.0,1,2343.0,2328.0,2334.0,2328.0,4.0,9320.0,105
2023-05-09 22:33:42,MA2404,MA404,2330.0,0.0,0.0,0.0,1,2329.0,2331.0,2,2343.0,2328.0,2334.0,2328.0,4.0,9320.0,105
2023-05-09 22:33:45,MA2404,MA404,2330.0,0.0,0.0,0.0,1,2329.0,2331.0,1,2343.0,2328.0,2334.0,2328.0,4.0,9320.0,105
