time,symbol_id,symbol_name,last,trade_volume,trade_amount,open_interest_change,bv1,bp1,ap1,av1,yesterday_close,today_open,today_high,today_low,volume,amount,open_interest
2023-05-11 08:56:38,RS2311,RS311,5518.0,0.0,0.0,0.0,0,0.0,0.0,0,5518.0,5518.0,0.0,0.0,0.0,0.0,18
2023-05-11 08:56:53,RS2311,RS311,5518.0,0.0,0.0,0.0,0,0.0,0.0,0,5518.0,5518.0,0.0,0.0,0.0,0.0,18
2023-05-11 08:56:57,RS2311,RS311,5518.0,0.0,0.0,0.0,0,0.0,0.0,0,5518.0,5518.0,0.0,0.0,0.0,0.0,18
2023-05-11 08:56:59,RS2311,RS311,5518.0,0.0,0.0,0.0,0,0.0,0.0,0,5518.0,5518.0,0.0,0.0,0.0,0.0,18
2023-05-11 08:57:09,RS2311,RS311,5518.0,0.0,0.0,0.0,0,0.0,0.0,0,5518.0,5518.0,0.0,0.0,0.0,0.0,18
2023-05-11 08:57:12,RS2311,RS311,5518.0,0.0,0.0,0.0,0,0.0,0.0,0,5518.0,5518.0,0.0,0.0,0.0,0.0,18
2023-05-11 08:57:26,RS2311,RS311,5518.0,0.0,0.0,0.0,0,0.0,0.0,0,5518.0,5518.0,0.0,0.0,0.0,0.0,18
2023-05-11 08:57:30,RS2311,RS311,5518.0,0.0,0.0,0.0,0,0.0,0.0,0,5518.0,5518.0,0.0,0.0,0.0,0.0,18
2023-05-11 08:57:33,RS2311,RS311,5518.0,0.0,0.0,0.0,0,0.0,0.0,0,5518.0,5518.0,0.0,0.0,0.0,0.0,18
2023-05-11 08:57:34,RS2311,RS311,5518.0,0.0,0.0,0.0,0,0.0,0.0,0,5518.0,5518.0,0.0,0.0,0.0,0.0,18
2023-05-11 08:57:34,RS2311,RS311,5518.0,0.0,0.0,0.0,0,0.0,0.0,0,5518.0,5518.0,0.0,0.0,0.0,0.0,18
2023-05-11 08:57:35,RS2311,RS311,5518.0,0.0,0.0,0.0,0,0.0,0.0,0,5518.0,5518.0,0.0,0.0,0.0,0.0,18
2023-05-11 08:57:40,RS2311,RS311,5518.0,0.0,0.0,0.0,0,0.0,0.0,0,5518.0,5518.0,0.0,0.0,0.0,0.0,18
2023-05-11 08:59:00,RS2311,RS311,5518.0,0.0,0.0,0.0,1,5432.0,5518.0,1,5518.0,5518.0,0.0,0.0,0.0,0.0,18
2023-05-11 09:00:00,RS2311,RS311,5518.0,0.0,0.0,0.0,1,5480.0,5518.0,1,5518.0,5518.0,0.0,0.0,0.0,0.0,18
2023-05-11 09:00:02,RS2311,RS311,5518.0,0.0,0.0,0.0,1,5481.0,5518.0,1,5518.0,5518.0,0.0,0.0,0.0,0.0,18
2023-05-11 09:00:06,RS2311,RS311,5518.0,0.0,0.0,0.0,1,5484.0,5518.0,1,5518.0,5518.0,0.0,0.0,0.0,0.0,18
2023-05-11 09:00:09,RS2311,RS311,5518.0,0.0,0.0,0.0,1,5485.0,5518.0,1,5518.0,5518.0,0.0,0.0,0.0,0.0,18
2023-05-11 09:00:12,RS2311,RS311,5518.0,0.0,0.0,0.0,1,5486.0,5518.0,1,5518.0,5518.0,0.0,0.0,0.0,0.0,18
2023-05-11 09:00:13,RS2311,RS311,5518.0,0.0,0.0,0.0,1,5487.0,5518.0,1,5518.0,5518.0,0.0,0.0,0.0,0.0,18
2023-05-11 09:00:15,RS2311,RS311,5518.0,0.0,0.0,0.0,1,5488.0,5518.0,1,5518.0,5518.0,0.0,0.0,0.0,0.0,18
2023-05-11 09:00:16,RS2311,RS311,5518.0,0.0,0.0,0.0,1,5489.0,5518.0,1,5518.0,5518.0,0.0,0.0,0.0,0.0,18
2023-05-11 09:00:18,RS2311,RS311,5518.0,0.0,0.0,0.0,1,5490.0,5518.0,1,5518.0,5518.0,0.0,0.0,0.0,0.0,18
2023-05-11 09:00:19,RS2311,RS311,5518.0,0.0,0.0,0.0,1,5491.0,5518.0,1,5518.0,5518.0,0.0,0.0,0.0,0.0,18
2023-05-11 09:00:20,RS2311,RS311,5518.0,0.0,0.0,0.0,1,5492.0,5518.0,1,5518.0,5518.0,0.0,0.0,0.0,0.0,18
2023-05-11 09:00:21,RS2311,RS311,5518.0,0.0,0.0,0.0,1,5493.0,5518.0,1,5518.0,5518.0,0.0,0.0,0.0,0.0,18
2023-05-11 09:00:22,RS2311,RS311,5518.0,0.0,0.0,0.0,1,5494.0,5518.0,1,5518.0,5518.0,0.0,0.0,0.0,0.0,18
2023-05-11 09:00:24,RS2311,RS311,5518.0,0.0,0.0,0.0,1,5495.0,5518.0,1,5518.0,5518.0,0.0,0.0,0.0,0.0,18
2023-05-11 09:00:25,RS2311,RS311,5518.0,0.0,0.0,0.0,1,5496.0,5518.0,1,5518.0,5518.0,0.0,0.0,0.0,0.0,18
2023-05-11 09:00:27,RS2311,RS311,5518.0,0.0,0.0,0.0,1,5497.0,5518.0,1,5518.0,5518.0,0.0,0.0,0.0,0.0,18
2023-05-11 09:00:28,RS2311,RS311,5518.0,0.0,0.0,0.0,1,5498.0,5518.0,1,5518.0,5518.0,0.0,0.0,0.0,0.0,18
2023-05-11 09:00:30,RS2311,RS311,5518.0,0.0,0.0,0.0,1,5499.0,5518.0,1,5518.0,5518.0,0.0,0.0,0.0,0.0,18
2023-05-11 09:00:31,RS2311,RS311,5518.0,0.0,0.0,0.0,1,5500.0,5518.0,1,5518.0,5518.0,0.0,0.0,0.0,0.0,18
2023-05-11 09:00:32,RS2311,RS311,5518.0,0.0,0.0,0.0,1,5501.0,5518.0,1,5518.0,5518.0,0.0,0.0,0.0,0.0,18
2023-05-11 09:00:34,RS2311,RS311,5518.0,0.0,0.0,0.0,1,5502.0,5518.0,1,5518.0,5518.0,0.0,0.0,0.0,0.0,18
2023-05-11 09:00:36,RS2311,RS311,5518.0,1.0,5518.0,0.0,1,5502.0,5578.0,1,5518.0,5518.0,5518.0,5518.0,1.0,5518.0,18
2023-05-11 09:00:36,RS2311,RS311,5518.0,0.0,0.0,0.0,1,5502.0,5577.0,1,5518.0,5518.0,5518.0,5518.0,1.0,5518.0,18
2023-05-11 09:00:37,RS2311,RS311,5577.0,1.0,5578.0,0.0,1,5502.0,5578.0,1,5518.0,5518.0,5577.0,5518.0,2.0,11096.0,18
2023-05-11 09:00:38,RS2311,RS311,5577.0,0.0,0.0,0.0,1,5548.0,5578.0,1,5518.0,5518.0,5577.0,5518.0,2.0,11096.0,18
2023-05-11 09:00:41,RS2311,RS311,5577.0,0.0,0.0,0.0,1,5548.0,5577.0,1,5518.0,5518.0,5577.0,5518.0,2.0,11096.0,18
2023-05-11 09:00:41,RS2311,RS311,5548.0,1.0,5548.0,1.0,1,5502.0,5577.0,1,5518.0,5518.0,5577.0,5518.0,3.0,16644.0,19
2023-05-11 09:00:43,RS2311,RS311,5548.0,0.0,0.0,0.0,1,5502.0,5576.0,1,5518.0,5518.0,5577.0,5518.0,3.0,16644.0,19
2023-05-11 09:00:43,RS2311,RS311,5548.0,0.0,0.0,0.0,1,5503.0,5576.0,1,5518.0,5518.0,5577.0,5518.0,3.0,16644.0,19
2023-05-11 09:00:46,RS2311,RS311,5548.0,0.0,0.0,0.0,1,5503.0,5550.0,1,5518.0,5518.0,5577.0,5518.0,3.0,16644.0,19
2023-05-11 09:00:49,RS2311,RS311,5548.0,0.0,0.0,0.0,1,5505.0,5549.0,1,5518.0,5518.0,5577.0,5518.0,3.0,16644.0,19
2023-05-11 09:00:50,RS2311,RS311,5548.0,0.0,0.0,0.0,1,5506.0,5549.0,1,5518.0,5518.0,5577.0,5518.0,3.0,16644.0,19
2023-05-11 09:00:52,RS2311,RS311,5548.0,0.0,0.0,0.0,1,5507.0,5549.0,1,5518.0,5518.0,5577.0,5518.0,3.0,16644.0,19
2023-05-11 09:00:54,RS2311,RS311,5548.0,0.0,0.0,0.0,1,5508.0,5549.0,1,5518.0,5518.0,5577.0,5518.0,3.0,16644.0,19
2023-05-11 09:00:55,RS2311,RS311,5548.0,0.0,0.0,0.0,1,5509.0,5549.0,1,5518.0,5518.0,5577.0,5518.0,3.0,16644.0,19
2023-05-11 09:00:58,RS2311,RS311,5548.0,0.0,0.0,0.0,1,5510.0,5549.0,1,5518.0,5518.0,5577.0,5518.0,3.0,16644.0,19
2023-05-11 09:01:00,RS2311,RS311,5548.0,0.0,0.0,0.0,1,5511.0,5549.0,1,5518.0,5518.0,5577.0,5518.0,3.0,16644.0,19
2023-05-11 09:01:02,RS2311,RS311,5548.0,0.0,0.0,0.0,1,5512.0,5549.0,1,5518.0,5518.0,5577.0,5518.0,3.0,16644.0,19
2023-05-11 09:01:04,RS2311,RS311,5548.0,0.0,0.0,0.0,1,5513.0,5549.0,1,5518.0,5518.0,5577.0,5518.0,3.0,16644.0,19
2023-05-11 09:01:05,RS2311,RS311,5548.0,0.0,0.0,0.0,1,5514.0,5549.0,1,5518.0,5518.0,5577.0,5518.0,3.0,16644.0,19
2023-05-11 09:01:06,RS2311,RS311,5548.0,0.0,0.0,0.0,1,5514.0,5547.0,1,5518.0,5518.0,5577.0,5518.0,3.0,16644.0,19
2023-05-11 09:01:07,RS2311,RS311,5548.0,0.0,0.0,0.0,1,5515.0,5547.0,1,5518.0,5518.0,5577.0,5518.0,3.0,16644.0,19
2023-05-11 09:01:18,RS2311,RS311,5548.0,0.0,0.0,0.0,1,5515.0,5549.0,1,5518.0,5518.0,5577.0,5518.0,3.0,16644.0,19
2023-05-11 09:01:19,RS2311,RS311,5548.0,0.0,0.0,0.0,1,5516.0,5549.0,1,5518.0,5518.0,5577.0,5518.0,3.0,16644.0,19
2023-05-11 09:01:21,RS2311,RS311,5548.0,0.0,0.0,0.0,1,5516.0,5548.0,1,5518.0,5518.0,5577.0,5518.0,3.0,16644.0,19
2023-05-11 09:01:23,RS2311,RS311,5548.0,0.0,0.0,0.0,1,5517.0,5548.0,1,5518.0,5518.0,5577.0,5518.0,3.0,16644.0,19
2023-05-11 09:03:47,RS2311,RS311,5548.0,0.0,0.0,0.0,1,5502.0,5548.0,1,5518.0,5518.0,5577.0,5518.0,3.0,16644.0,19
2023-05-11 09:03:47,RS2311,RS311,5548.0,0.0,0.0,0.0,2,5503.0,5548.0,1,5518.0,5518.0,5577.0,5518.0,3.0,16644.0,19
2023-05-11 09:03:50,RS2311,RS311,5548.0,0.0,0.0,0.0,1,5504.0,5548.0,1,5518.0,5518.0,5577.0,5518.0,3.0,16644.0,19
2023-05-11 09:03:50,RS2311,RS311,5548.0,0.0,0.0,0.0,2,5505.0,5548.0,1,5518.0,5518.0,5577.0,5518.0,3.0,16644.0,19
2023-05-11 09:03:51,RS2311,RS311,5548.0,0.0,0.0,0.0,1,5506.0,5548.0,1,5518.0,5518.0,5577.0,5518.0,3.0,16644.0,19
2023-05-11 09:03:57,RS2311,RS311,5548.0,0.0,0.0,0.0,1,5507.0,5548.0,1,5518.0,5518.0,5577.0,5518.0,3.0,16644.0,19
2023-05-11 09:04:03,RS2311,RS311,5548.0,0.0,0.0,0.0,1,5508.0,5548.0,1,5518.0,5518.0,5577.0,5518.0,3.0,16644.0,19
2023-05-11 09:04:06,RS2311,RS311,5548.0,0.0,0.0,0.0,1,5508.0,5550.0,1,5518.0,5518.0,5577.0,5518.0,3.0,16644.0,19
2023-05-11 09:04:10,RS2311,RS311,5548.0,0.0,0.0,0.0,1,5508.0,5549.0,1,5518.0,5518.0,5577.0,5518.0,3.0,16644.0,19
2023-05-11 09:04:39,RS2311,RS311,5548.0,0.0,0.0,0.0,1,5508.0,5550.0,2,5518.0,5518.0,5577.0,5518.0,3.0,16644.0,19
2023-05-11 09:04:45,RS2311,RS311,5548.0,0.0,0.0,0.0,1,5508.0,5549.0,1,5518.0,5518.0,5577.0,5518.0,3.0,16644.0,19
2023-05-11 09:04:49,RS2311,RS311,5548.0,0.0,0.0,0.0,1,5508.0,5549.0,2,5518.0,5518.0,5577.0,5518.0,3.0,16644.0,19
2023-05-11 09:04:52,RS2311,RS311,5548.0,0.0,0.0,0.0,1,5509.0,5549.0,2,5518.0,5518.0,5577.0,5518.0,3.0,16644.0,19
2023-05-11 09:04:55,RS2311,RS311,5548.0,0.0,0.0,0.0,1,5510.0,5549.0,2,5518.0,5518.0,5577.0,5518.0,3.0,16644.0,19
2023-05-11 09:05:14,RS2311,RS311,5548.0,0.0,0.0,0.0,2,5511.0,5549.0,2,5518.0,5518.0,5577.0,5518.0,3.0,16644.0,19
2023-05-11 09:05:17,RS2311,RS311,5548.0,0.0,0.0,0.0,1,5512.0,5549.0,2,5518.0,5518.0,5577.0,5518.0,3.0,16644.0,19
2023-05-11 09:05:18,RS2311,RS311,5548.0,0.0,0.0,0.0,2,5513.0,5549.0,2,5518.0,5518.0,5577.0,5518.0,3.0,16644.0,19
2023-05-11 09:05:20,RS2311,RS311,5548.0,0.0,0.0,0.0,1,5514.0,5549.0,2,5518.0,5518.0,5577.0,5518.0,3.0,16644.0,19
2023-05-11 09:05:20,RS2311,RS311,5548.0,0.0,0.0,0.0,2,5515.0,5549.0,2,5518.0,5518.0,5577.0,5518.0,3.0,16644.0,19
2023-05-11 09:05:21,RS2311,RS311,5548.0,0.0,0.0,0.0,1,5516.0,5549.0,2,5518.0,5518.0,5577.0,5518.0,3.0,16644.0,19
2023-05-11 09:05:28,RS2311,RS311,5548.0,0.0,0.0,0.0,1,5517.0,5549.0,2,5518.0,5518.0,5577.0,5518.0,3.0,16644.0,19
2023-05-11 09:05:34,RS2311,RS311,5548.0,0.0,0.0,0.0,1,5518.0,5549.0,2,5518.0,5518.0,5577.0,5518.0,3.0,16644.0,19
2023-05-11 09:06:51,RS2311,RS311,5548.0,0.0,0.0,0.0,1,5518.0,5548.0,1,5518.0,5518.0,5577.0,5518.0,3.0,16644.0,19
2023-05-11 09:06:57,RS2311,RS311,5548.0,0.0,0.0,0.0,1,5518.0,5549.0,1,5518.0,5518.0,5577.0,5518.0,3.0,16644.0,19
2023-05-11 09:07:01,RS2311,RS311,5548.0,0.0,0.0,0.0,1,5518.0,5548.0,1,5518.0,5518.0,5577.0,5518.0,3.0,16644.0,19
2023-05-11 09:07:07,RS2311,RS311,5548.0,0.0,0.0,0.0,1,5518.0,5547.0,1,5518.0,5518.0,5577.0,5518.0,3.0,16644.0,19
2023-05-11 09:07:11,RS2311,RS311,5548.0,0.0,0.0,0.0,1,5518.0,5546.0,1,5518.0,5518.0,5577.0,5518.0,3.0,16644.0,19
2023-05-11 09:07:15,RS2311,RS311,5548.0,0.0,0.0,0.0,1,5518.0,5545.0,1,5518.0,5518.0,5577.0,5518.0,3.0,16644.0,19
2023-05-11 09:07:21,RS2311,RS311,5548.0,0.0,0.0,0.0,1,5518.0,5549.0,1,5518.0,5518.0,5577.0,5518.0,3.0,16644.0,19
2023-05-11 09:07:26,RS2311,RS311,5548.0,0.0,0.0,0.0,1,5518.0,5548.0,1,5518.0,5518.0,5577.0,5518.0,3.0,16644.0,19
2023-05-11 09:07:40,RS2311,RS311,5548.0,0.0,0.0,0.0,1,5519.0,5548.0,1,5518.0,5518.0,5577.0,5518.0,3.0,16644.0,19
2023-05-11 09:07:53,RS2311,RS311,5548.0,0.0,0.0,0.0,1,5519.0,5547.0,1,5518.0,5518.0,5577.0,5518.0,3.0,16644.0,19
2023-05-11 09:07:56,RS2311,RS311,5548.0,0.0,0.0,0.0,1,5520.0,5547.0,1,5518.0,5518.0,5577.0,5518.0,3.0,16644.0,19
2023-05-11 09:08:04,RS2311,RS311,5548.0,0.0,0.0,0.0,1,5520.0,5546.0,1,5518.0,5518.0,5577.0,5518.0,3.0,16644.0,19
2023-05-11 09:08:15,RS2311,RS311,5548.0,0.0,0.0,0.0,1,5520.0,5545.0,1,5518.0,5518.0,5577.0,5518.0,3.0,16644.0,19
2023-05-11 09:08:22,RS2311,RS311,5548.0,0.0,0.0,0.0,1,5520.0,5544.0,1,5518.0,5518.0,5577.0,5518.0,3.0,16644.0,19
2023-05-11 09:08:31,RS2311,RS311,5548.0,0.0,0.0,0.0,1,5520.0,5545.0,1,5518.0,5518.0,5577.0,5518.0,3.0,16644.0,19
2023-05-11 09:08:33,RS2311,RS311,5548.0,0.0,0.0,0.0,1,5520.0,5544.0,1,5518.0,5518.0,5577.0,5518.0,3.0,16644.0,19
2023-05-11 09:08:39,RS2311,RS311,5548.0,0.0,0.0,0.0,1,5473.0,5544.0,1,5518.0,5518.0,5577.0,5518.0,3.0,16644.0,19
2023-05-11 09:08:39,RS2311,RS311,5548.0,0.0,0.0,0.0,1,5510.0,5544.0,1,5518.0,5518.0,5577.0,5518.0,3.0,16644.0,19
2023-05-11 09:08:40,RS2311,RS311,5548.0,0.0,0.0,0.0,2,5511.0,5544.0,1,5518.0,5518.0,5577.0,5518.0,3.0,16644.0,19
2023-05-11 09:08:42,RS2311,RS311,5548.0,0.0,0.0,0.0,1,5512.0,5544.0,1,5518.0,5518.0,5577.0,5518.0,3.0,16644.0,19
2023-05-11 09:08:42,RS2311,RS311,5548.0,0.0,0.0,0.0,2,5513.0,5544.0,1,5518.0,5518.0,5577.0,5518.0,3.0,16644.0,19
2023-05-11 09:08:44,RS2311,RS311,5548.0,0.0,0.0,0.0,1,5514.0,5544.0,1,5518.0,5518.0,5577.0,5518.0,3.0,16644.0,19
2023-05-11 09:08:44,RS2311,RS311,5548.0,0.0,0.0,0.0,2,5515.0,5544.0,1,5518.0,5518.0,5577.0,5518.0,3.0,16644.0,19
2023-05-11 09:08:46,RS2311,RS311,5548.0,0.0,0.0,0.0,1,5516.0,5544.0,1,5518.0,5518.0,5577.0,5518.0,3.0,16644.0,19
2023-05-11 09:08:49,RS2311,RS311,5548.0,0.0,0.0,0.0,1,5516.0,5546.0,1,5518.0,5518.0,5577.0,5518.0,3.0,16644.0,19
2023-05-11 09:08:52,RS2311,RS311,5548.0,0.0,0.0,0.0,1,5516.0,5546.0,2,5518.0,5518.0,5577.0,5518.0,3.0,16644.0,19
2023-05-11 09:09:33,RS2311,RS311,5548.0,0.0,0.0,0.0,1,5517.0,5546.0,2,5518.0,5518.0,5577.0,5518.0,3.0,16644.0,19
2023-05-11 09:09:37,RS2311,RS311,5548.0,0.0,0.0,0.0,1,5518.0,5546.0,2,5518.0,5518.0,5577.0,5518.0,3.0,16644.0,19
2023-05-11 09:09:41,RS2311,RS311,5548.0,0.0,0.0,0.0,1,5519.0,5546.0,2,5518.0,5518.0,5577.0,5518.0,3.0,16644.0,19
2023-05-11 09:09:46,RS2311,RS311,5548.0,0.0,0.0,0.0,1,5520.0,5546.0,2,5518.0,5518.0,5577.0,5518.0,3.0,16644.0,19
2023-05-11 09:11:05,RS2311,RS311,5548.0,0.0,0.0,0.0,1,5520.0,5545.0,1,5518.0,5518.0,5577.0,5518.0,3.0,16644.0,19
2023-05-11 09:12:28,RS2311,RS311,5548.0,0.0,0.0,0.0,1,5520.0,5546.0,1,5518.0,5518.0,5577.0,5518.0,3.0,16644.0,19
2023-05-11 09:14:06,RS2311,RS311,5548.0,0.0,0.0,0.0,1,5520.0,5545.0,2,5518.0,5518.0,5577.0,5518.0,3.0,16644.0,19
2023-05-11 09:14:08,RS2311,RS311,5548.0,0.0,0.0,0.0,1,5520.0,5546.0,1,5518.0,5518.0,5577.0,5518.0,3.0,16644.0,19
2023-05-11 09:14:35,RS2311,RS311,5548.0,0.0,0.0,0.0,1,5520.0,5580.0,1,5518.0,5518.0,5577.0,5518.0,3.0,16644.0,19
2023-05-11 09:14:35,RS2311,RS311,5548.0,0.0,0.0,0.0,1,5520.0,5540.0,1,5518.0,5518.0,5577.0,5518.0,3.0,16644.0,19
2023-05-11 09:14:52,RS2311,RS311,5548.0,0.0,0.0,0.0,1,5520.0,5539.0,2,5518.0,5518.0,5577.0,5518.0,3.0,16644.0,19
2023-05-11 09:14:53,RS2311,RS311,5548.0,0.0,0.0,0.0,1,5520.0,5540.0,1,5518.0,5518.0,5577.0,5518.0,3.0,16644.0,19
2023-05-11 09:15:21,RS2311,RS311,5548.0,0.0,0.0,0.0,1,5521.0,5540.0,1,5518.0,5518.0,5577.0,5518.0,3.0,16644.0,19
2023-05-11 09:15:25,RS2311,RS311,5548.0,0.0,0.0,0.0,1,5522.0,5540.0,1,5518.0,5518.0,5577.0,5518.0,3.0,16644.0,19
2023-05-11 09:15:28,RS2311,RS311,5548.0,0.0,0.0,0.0,1,5523.0,5540.0,1,5518.0,5518.0,5577.0,5518.0,3.0,16644.0,19
2023-05-11 09:15:31,RS2311,RS311,5548.0,0.0,0.0,0.0,1,5524.0,5540.0,1,5518.0,5518.0,5577.0,5518.0,3.0,16644.0,19
2023-05-11 09:15:35,RS2311,RS311,5548.0,0.0,0.0,0.0,1,5525.0,5540.0,1,5518.0,5518.0,5577.0,5518.0,3.0,16644.0,19
2023-05-11 09:15:37,RS2311,RS311,5548.0,0.0,0.0,0.0,1,5526.0,5539.0,2,5518.0,5518.0,5577.0,5518.0,3.0,16644.0,19
2023-05-11 09:15:38,RS2311,RS311,5548.0,0.0,0.0,0.0,1,5526.0,5540.0,1,5518.0,5518.0,5577.0,5518.0,3.0,16644.0,19
2023-05-11 09:15:41,RS2311,RS311,5548.0,0.0,0.0,0.0,1,5525.0,5540.0,1,5518.0,5518.0,5577.0,5518.0,3.0,16644.0,19
2023-05-11 09:15:52,RS2311,RS311,5548.0,0.0,0.0,0.0,1,5490.0,5540.0,1,5518.0,5518.0,5577.0,5518.0,3.0,16644.0,19
2023-05-11 09:15:52,RS2311,RS311,5548.0,0.0,0.0,0.0,2,5491.0,5540.0,1,5518.0,5518.0,5577.0,5518.0,3.0,16644.0,19
2023-05-11 09:15:58,RS2311,RS311,5548.0,0.0,0.0,0.0,1,5512.0,5540.0,1,5518.0,5518.0,5577.0,5518.0,3.0,16644.0,19
2023-05-11 09:15:58,RS2311,RS311,5548.0,0.0,0.0,0.0,2,5513.0,5540.0,1,5518.0,5518.0,5577.0,5518.0,3.0,16644.0,19
2023-05-11 09:16:00,RS2311,RS311,5548.0,0.0,0.0,0.0,1,5514.0,5540.0,1,5518.0,5518.0,5577.0,5518.0,3.0,16644.0,19
2023-05-11 09:16:00,RS2311,RS311,5548.0,0.0,0.0,0.0,2,5515.0,5540.0,1,5518.0,5518.0,5577.0,5518.0,3.0,16644.0,19
2023-05-11 09:16:01,RS2311,RS311,5548.0,0.0,0.0,0.0,1,5516.0,5540.0,1,5518.0,5518.0,5577.0,5518.0,3.0,16644.0,19
2023-05-11 09:16:12,RS2311,RS311,5548.0,0.0,0.0,0.0,1,5517.0,5540.0,1,5518.0,5518.0,5577.0,5518.0,3.0,16644.0,19
2023-05-11 09:16:21,RS2311,RS311,5548.0,0.0,0.0,0.0,1,5517.0,5539.0,2,5518.0,5518.0,5577.0,5518.0,3.0,16644.0,19
2023-05-11 09:16:23,RS2311,RS311,5548.0,0.0,0.0,0.0,1,5517.0,5540.0,1,5518.0,5518.0,5577.0,5518.0,3.0,16644.0,19
2023-05-11 09:16:28,RS2311,RS311,5548.0,0.0,0.0,0.0,1,5518.0,5540.0,1,5518.0,5518.0,5577.0,5518.0,3.0,16644.0,19
2023-05-11 09:16:51,RS2311,RS311,5548.0,0.0,0.0,0.0,1,5519.0,5540.0,1,5518.0,5518.0,5577.0,5518.0,3.0,16644.0,19
2023-05-11 09:16:55,RS2311,RS311,5548.0,0.0,0.0,0.0,1,5520.0,5540.0,1,5518.0,5518.0,5577.0,5518.0,3.0,16644.0,19
2023-05-11 09:17:03,RS2311,RS311,5548.0,0.0,0.0,0.0,1,5521.0,5540.0,1,5518.0,5518.0,5577.0,5518.0,3.0,16644.0,19
2023-05-11 09:17:05,RS2311,RS311,5548.0,0.0,0.0,0.0,1,5521.0,5539.0,2,5518.0,5518.0,5577.0,5518.0,3.0,16644.0,19
2023-05-11 09:17:07,RS2311,RS311,5548.0,0.0,0.0,0.0,1,5521.0,5540.0,1,5518.0,5518.0,5577.0,5518.0,3.0,16644.0,19
2023-05-11 09:17:09,RS2311,RS311,5548.0,0.0,0.0,0.0,1,5522.0,5540.0,1,5518.0,5518.0,5577.0,5518.0,3.0,16644.0,19
2023-05-11 09:17:22,RS2311,RS311,5548.0,0.0,0.0,0.0,1,5521.0,5540.0,1,5518.0,5518.0,5577.0,5518.0,3.0,16644.0,19
2023-05-11 09:17:25,RS2311,RS311,5548.0,0.0,0.0,0.0,1,5522.0,5540.0,1,5518.0,5518.0,5577.0,5518.0,3.0,16644.0,19
2023-05-11 09:17:49,RS2311,RS311,5548.0,0.0,0.0,0.0,1,5522.0,5539.0,2,5518.0,5518.0,5577.0,5518.0,3.0,16644.0,19
2023-05-11 09:17:51,RS2311,RS311,5548.0,0.0,0.0,0.0,1,5522.0,5540.0,1,5518.0,5518.0,5577.0,5518.0,3.0,16644.0,19
2023-05-11 09:18:34,RS2311,RS311,5548.0,0.0,0.0,0.0,1,5522.0,5539.0,2,5518.0,5518.0,5577.0,5518.0,3.0,16644.0,19
2023-05-11 09:18:36,RS2311,RS311,5548.0,0.0,0.0,0.0,1,5522.0,5540.0,1,5518.0,5518.0,5577.0,5518.0,3.0,16644.0,19
2023-05-11 09:19:17,RS2311,RS311,5548.0,0.0,0.0,0.0,1,5522.0,5539.0,2,5518.0,5518.0,5577.0,5518.0,3.0,16644.0,19
2023-05-11 09:19:19,RS2311,RS311,5548.0,0.0,0.0,0.0,1,5522.0,5540.0,1,5518.0,5518.0,5577.0,5518.0,3.0,16644.0,19
2023-05-11 09:19:29,RS2311,RS311,5548.0,0.0,0.0,0.0,1,5476.0,5540.0,1,5518.0,5518.0,5577.0,5518.0,3.0,16644.0,19
2023-05-11 09:19:30,RS2311,RS311,5548.0,0.0,0.0,0.0,2,5477.0,5540.0,1,5518.0,5518.0,5577.0,5518.0,3.0,16644.0,19
2023-05-11 09:19:37,RS2311,RS311,5548.0,0.0,0.0,0.0,1,5512.0,5540.0,1,5518.0,5518.0,5577.0,5518.0,3.0,16644.0,19
2023-05-11 09:19:37,RS2311,RS311,5548.0,0.0,0.0,0.0,2,5513.0,5540.0,1,5518.0,5518.0,5577.0,5518.0,3.0,16644.0,19
2023-05-11 09:19:39,RS2311,RS311,5548.0,0.0,0.0,0.0,1,5514.0,5540.0,1,5518.0,5518.0,5577.0,5518.0,3.0,16644.0,19
2023-05-11 09:19:39,RS2311,RS311,5548.0,0.0,0.0,0.0,2,5515.0,5540.0,1,5518.0,5518.0,5577.0,5518.0,3.0,16644.0,19
2023-05-11 09:19:41,RS2311,RS311,5548.0,0.0,0.0,0.0,1,5516.0,5540.0,1,5518.0,5518.0,5577.0,5518.0,3.0,16644.0,19
2023-05-11 09:19:46,RS2311,RS311,5548.0,0.0,0.0,0.0,1,5517.0,5540.0,1,5518.0,5518.0,5577.0,5518.0,3.0,16644.0,19
2023-05-11 09:19:50,RS2311,RS311,5548.0,0.0,0.0,0.0,1,5518.0,5540.0,1,5518.0,5518.0,5577.0,5518.0,3.0,16644.0,19
2023-05-11 09:19:52,RS2311,RS311,5548.0,0.0,0.0,0.0,1,5519.0,5540.0,1,5518.0,5518.0,5577.0,5518.0,3.0,16644.0,19
2023-05-11 09:19:53,RS2311,RS311,5548.0,0.0,0.0,0.0,1,5520.0,5540.0,1,5518.0,5518.0,5577.0,5518.0,3.0,16644.0,19
2023-05-11 09:20:00,RS2311,RS311,5548.0,0.0,0.0,0.0,1,5521.0,5540.0,1,5518.0,5518.0,5577.0,5518.0,3.0,16644.0,19
2023-05-11 09:20:02,RS2311,RS311,5548.0,0.0,0.0,0.0,1,5521.0,5539.0,2,5518.0,5518.0,5577.0,5518.0,3.0,16644.0,19
2023-05-11 09:20:04,RS2311,RS311,5548.0,0.0,0.0,0.0,1,5521.0,5540.0,1,5518.0,5518.0,5577.0,5518.0,3.0,16644.0,19
2023-05-11 09:20:42,RS2311,RS311,5548.0,0.0,0.0,0.0,1,5522.0,5540.0,1,5518.0,5518.0,5577.0,5518.0,3.0,16644.0,19
2023-05-11 09:20:47,RS2311,RS311,5548.0,0.0,0.0,0.0,1,5522.0,5539.0,2,5518.0,5518.0,5577.0,5518.0,3.0,16644.0,19
2023-05-11 09:20:49,RS2311,RS311,5548.0,0.0,0.0,0.0,1,5522.0,5540.0,1,5518.0,5518.0,5577.0,5518.0,3.0,16644.0,19
2023-05-11 09:21:13,RS2311,RS311,5548.0,0.0,0.0,0.0,2,5522.0,5540.0,1,5518.0,5518.0,5577.0,5518.0,3.0,16644.0,19
2023-05-11 09:21:31,RS2311,RS311,5548.0,0.0,0.0,0.0,2,5522.0,5539.0,2,5518.0,5518.0,5577.0,5518.0,3.0,16644.0,19
2023-05-11 09:21:33,RS2311,RS311,5548.0,0.0,0.0,0.0,2,5522.0,5540.0,1,5518.0,5518.0,5577.0,5518.0,3.0,16644.0,19
2023-05-11 09:22:15,RS2311,RS311,5548.0,0.0,0.0,0.0,2,5522.0,5539.0,2,5518.0,5518.0,5577.0,5518.0,3.0,16644.0,19
2023-05-11 09:22:16,RS2311,RS311,5548.0,0.0,0.0,0.0,2,5522.0,5540.0,1,5518.0,5518.0,5577.0,5518.0,3.0,16644.0,19
2023-05-11 09:22:58,RS2311,RS311,5548.0,0.0,0.0,0.0,2,5522.0,5539.0,2,5518.0,5518.0,5577.0,5518.0,3.0,16644.0,19
2023-05-11 09:23:00,RS2311,RS311,5548.0,0.0,0.0,0.0,2,5522.0,5540.0,1,5518.0,5518.0,5577.0,5518.0,3.0,16644.0,19
2023-05-11 09:23:22,RS2311,RS311,5548.0,0.0,0.0,0.0,1,5522.0,5540.0,1,5518.0,5518.0,5577.0,5518.0,3.0,16644.0,19
2023-05-11 09:23:42,RS2311,RS311,5548.0,0.0,0.0,0.0,1,5522.0,5539.0,2,5518.0,5518.0,5577.0,5518.0,3.0,16644.0,19
2023-05-11 09:23:44,RS2311,RS311,5548.0,0.0,0.0,0.0,1,5522.0,5540.0,1,5518.0,5518.0,5577.0,5518.0,3.0,16644.0,19
2023-05-11 09:24:07,RS2311,RS311,5548.0,0.0,0.0,0.0,1,5475.0,5540.0,1,5518.0,5518.0,5577.0,5518.0,3.0,16644.0,19
2023-05-11 09:24:08,RS2311,RS311,5548.0,0.0,0.0,0.0,1,5516.0,5540.0,1,5518.0,5518.0,5577.0,5518.0,3.0,16644.0,19
2023-05-11 09:24:09,RS2311,RS311,5548.0,0.0,0.0,0.0,2,5476.0,5540.0,1,5518.0,5518.0,5577.0,5518.0,3.0,16644.0,19
2023-05-11 09:24:09,RS2311,RS311,5548.0,0.0,0.0,0.0,1,5514.0,5540.0,1,5518.0,5518.0,5577.0,5518.0,3.0,16644.0,19
2023-05-11 09:24:10,RS2311,RS311,5548.0,0.0,0.0,0.0,2,5515.0,5540.0,1,5518.0,5518.0,5577.0,5518.0,3.0,16644.0,19
2023-05-11 09:24:11,RS2311,RS311,5548.0,0.0,0.0,0.0,1,5516.0,5540.0,1,5518.0,5518.0,5577.0,5518.0,3.0,16644.0,19
2023-05-11 09:24:20,RS2311,RS311,5548.0,0.0,0.0,0.0,1,5517.0,5540.0,1,5518.0,5518.0,5577.0,5518.0,3.0,16644.0,19
2023-05-11 09:24:23,RS2311,RS311,5548.0,0.0,0.0,0.0,1,5518.0,5540.0,1,5518.0,5518.0,5577.0,5518.0,3.0,16644.0,19
2023-05-11 09:24:26,RS2311,RS311,5548.0,0.0,0.0,0.0,1,5518.0,5539.0,2,5518.0,5518.0,5577.0,5518.0,3.0,16644.0,19
2023-05-11 09:24:27,RS2311,RS311,5548.0,0.0,0.0,0.0,1,5518.0,5540.0,1,5518.0,5518.0,5577.0,5518.0,3.0,16644.0,19
2023-05-11 09:24:29,RS2311,RS311,5548.0,0.0,0.0,0.0,1,5519.0,5540.0,1,5518.0,5518.0,5577.0,5518.0,3.0,16644.0,19
2023-05-11 09:24:30,RS2311,RS311,5548.0,0.0,0.0,0.0,1,5520.0,5540.0,1,5518.0,5518.0,5577.0,5518.0,3.0,16644.0,19
2023-05-11 09:24:33,RS2311,RS311,5548.0,0.0,0.0,0.0,1,5521.0,5540.0,1,5518.0,5518.0,5577.0,5518.0,3.0,16644.0,19
2023-05-11 09:24:34,RS2311,RS311,5548.0,0.0,0.0,0.0,1,5522.0,5540.0,1,5518.0,5518.0,5577.0,5518.0,3.0,16644.0,19
2023-05-11 09:24:41,RS2311,RS311,5548.0,0.0,0.0,0.0,1,5514.0,5540.0,1,5518.0,5518.0,5577.0,5518.0,3.0,16644.0,19
2023-05-11 09:24:41,RS2311,RS311,5548.0,0.0,0.0,0.0,2,5515.0,5540.0,1,5518.0,5518.0,5577.0,5518.0,3.0,16644.0,19
2023-05-11 09:24:42,RS2311,RS311,5548.0,0.0,0.0,0.0,1,5516.0,5540.0,1,5518.0,5518.0,5577.0,5518.0,3.0,16644.0,19
2023-05-11 09:24:48,RS2311,RS311,5548.0,0.0,0.0,0.0,1,5517.0,5540.0,1,5518.0,5518.0,5577.0,5518.0,3.0,16644.0,19
2023-05-11 09:24:50,RS2311,RS311,5548.0,0.0,0.0,0.0,1,5518.0,5540.0,1,5518.0,5518.0,5577.0,5518.0,3.0,16644.0,19
2023-05-11 09:25:00,RS2311,RS311,5548.0,0.0,0.0,0.0,1,5519.0,5540.0,1,5518.0,5518.0,5577.0,5518.0,3.0,16644.0,19
2023-05-11 09:25:02,RS2311,RS311,5548.0,0.0,0.0,0.0,1,5520.0,5540.0,1,5518.0,5518.0,5577.0,5518.0,3.0,16644.0,19
2023-05-11 09:25:09,RS2311,RS311,5548.0,0.0,0.0,0.0,1,5520.0,5539.0,2,5518.0,5518.0,5577.0,5518.0,3.0,16644.0,19
2023-05-11 09:25:10,RS2311,RS311,5548.0,0.0,0.0,0.0,1,5520.0,5540.0,1,5518.0,5518.0,5577.0,5518.0,3.0,16644.0,19
2023-05-11 09:25:53,RS2311,RS311,5548.0,0.0,0.0,0.0,1,5520.0,5539.0,2,5518.0,5518.0,5577.0,5518.0,3.0,16644.0,19
2023-05-11 09:25:55,RS2311,RS311,5548.0,0.0,0.0,0.0,1,5520.0,5540.0,1,5518.0,5518.0,5577.0,5518.0,3.0,16644.0,19
2023-05-11 09:26:02,RS2311,RS311,5520.0,1.0,5520.0,-1.0,1,5519.0,5540.0,1,5518.0,5518.0,5577.0,5518.0,4.0,22164.0,18
2023-05-11 09:26:34,RS2311,RS311,5519.0,1.0,5516.0,-1.0,1,5502.0,5580.0,1,5518.0,5518.0,5577.0,5518.0,5.0,27680.0,17
2023-05-11 09:26:35,RS2311,RS311,5519.0,0.0,0.0,0.0,1,5503.0,5579.0,1,5518.0,5518.0,5577.0,5518.0,5.0,27680.0,17
2023-05-11 09:26:37,RS2311,RS311,5519.0,0.0,0.0,0.0,1,5503.0,5539.0,2,5518.0,5518.0,5577.0,5518.0,5.0,27680.0,17
2023-05-11 09:26:38,RS2311,RS311,5519.0,0.0,0.0,0.0,1,5504.0,5539.0,2,5518.0,5518.0,5577.0,5518.0,5.0,27680.0,17
2023-05-11 09:26:38,RS2311,RS311,5519.0,0.0,0.0,0.0,1,5505.0,5539.0,2,5518.0,5518.0,5577.0,5518.0,5.0,27680.0,17
2023-05-11 09:26:38,RS2311,RS311,5519.0,0.0,0.0,0.0,1,5505.0,5579.0,1,5518.0,5518.0,5577.0,5518.0,5.0,27680.0,17
2023-05-11 09:26:40,RS2311,RS311,5519.0,0.0,0.0,0.0,1,5506.0,5579.0,1,5518.0,5518.0,5577.0,5518.0,5.0,27680.0,17
2023-05-11 09:26:40,RS2311,RS311,5519.0,0.0,0.0,0.0,1,5507.0,5579.0,1,5518.0,5518.0,5577.0,5518.0,5.0,27680.0,17
2023-05-11 09:26:41,RS2311,RS311,5519.0,0.0,0.0,0.0,1,5508.0,5579.0,1,5518.0,5518.0,5577.0,5518.0,5.0,27680.0,17
2023-05-11 09:26:42,RS2311,RS311,5519.0,0.0,0.0,0.0,1,5509.0,5579.0,1,5518.0,5518.0,5577.0,5518.0,5.0,27680.0,17
2023-05-11 09:26:46,RS2311,RS311,5519.0,0.0,0.0,0.0,1,5509.0,5550.0,1,5518.0,5518.0,5577.0,5518.0,5.0,27680.0,17
2023-05-11 09:26:47,RS2311,RS311,5519.0,0.0,0.0,0.0,1,5509.0,5540.0,1,5518.0,5518.0,5577.0,5518.0,5.0,27680.0,17
2023-05-11 09:26:50,RS2311,RS311,5519.0,0.0,0.0,0.0,1,5510.0,5540.0,1,5518.0,5518.0,5577.0,5518.0,5.0,27680.0,17
2023-05-11 09:26:50,RS2311,RS311,5519.0,0.0,0.0,0.0,1,5511.0,5540.0,1,5518.0,5518.0,5577.0,5518.0,5.0,27680.0,17
2023-05-11 09:26:52,RS2311,RS311,5519.0,0.0,0.0,0.0,1,5512.0,5550.0,1,5518.0,5518.0,5577.0,5518.0,5.0,27680.0,17
2023-05-11 09:26:52,RS2311,RS311,5519.0,0.0,0.0,0.0,1,5513.0,5550.0,1,5518.0,5518.0,5577.0,5518.0,5.0,27680.0,17
2023-05-11 09:26:55,RS2311,RS311,5519.0,0.0,0.0,0.0,1,5514.0,5550.0,1,5518.0,5518.0,5577.0,5518.0,5.0,27680.0,17
2023-05-11 09:26:56,RS2311,RS311,5519.0,0.0,0.0,0.0,1,5515.0,5544.0,1,5518.0,5518.0,5577.0,5518.0,5.0,27680.0,17
2023-05-11 09:27:03,RS2311,RS311,5519.0,0.0,0.0,0.0,2,5515.0,5544.0,1,5518.0,5518.0,5577.0,5518.0,5.0,27680.0,17
2023-05-11 09:27:05,RS2311,RS311,5519.0,0.0,0.0,0.0,2,5515.0,5550.0,1,5518.0,5518.0,5577.0,5518.0,5.0,27680.0,17
2023-05-11 09:27:11,RS2311,RS311,5519.0,0.0,0.0,0.0,2,5515.0,5550.0,2,5518.0,5518.0,5577.0,5518.0,5.0,27680.0,17
2023-05-11 09:27:20,RS2311,RS311,5519.0,0.0,0.0,0.0,2,5515.0,5549.0,2,5518.0,5518.0,5577.0,5518.0,5.0,27680.0,17
2023-05-11 09:27:22,RS2311,RS311,5519.0,0.0,0.0,0.0,2,5515.0,5550.0,2,5518.0,5518.0,5577.0,5518.0,5.0,27680.0,17
2023-05-11 09:27:24,RS2311,RS311,5519.0,0.0,0.0,0.0,2,5515.0,5548.0,1,5518.0,5518.0,5577.0,5518.0,5.0,27680.0,17
2023-05-11 09:27:30,RS2311,RS311,5519.0,0.0,0.0,0.0,2,5515.0,5550.0,1,5518.0,5518.0,5577.0,5518.0,5.0,27680.0,17
2023-05-11 09:27:30,RS2311,RS311,5519.0,0.0,0.0,0.0,2,5515.0,5549.0,1,5518.0,5518.0,5577.0,5518.0,5.0,27680.0,17
2023-05-11 09:27:36,RS2311,RS311,5519.0,0.0,0.0,0.0,2,5515.0,5549.0,2,5518.0,5518.0,5577.0,5518.0,5.0,27680.0,17
2023-05-11 09:27:39,RS2311,RS311,5519.0,0.0,0.0,0.0,1,5515.0,5549.0,2,5518.0,5518.0,5577.0,5518.0,5.0,27680.0,17
2023-05-11 09:27:41,RS2311,RS311,5519.0,0.0,0.0,0.0,1,5516.0,5548.0,1,5518.0,5518.0,5577.0,5518.0,5.0,27680.0,17
2023-05-11 09:27:44,RS2311,RS311,5519.0,0.0,0.0,0.0,1,5516.0,5548.0,2,5518.0,5518.0,5577.0,5518.0,5.0,27680.0,17
2023-05-11 09:27:48,RS2311,RS311,5519.0,0.0,0.0,0.0,1,5516.0,5547.0,1,5518.0,5518.0,5577.0,5518.0,5.0,27680.0,17
2023-05-11 09:27:48,RS2311,RS311,5519.0,0.0,0.0,0.0,1,5516.0,5546.0,1,5518.0,5518.0,5577.0,5518.0,5.0,27680.0,17
2023-05-11 09:27:51,RS2311,RS311,5519.0,0.0,0.0,0.0,1,5516.0,5546.0,2,5518.0,5518.0,5577.0,5518.0,5.0,27680.0,17
2023-05-11 09:27:53,RS2311,RS311,5519.0,0.0,0.0,0.0,1,5516.0,5545.0,1,5518.0,5518.0,5577.0,5518.0,5.0,27680.0,17
2023-05-11 09:27:56,RS2311,RS311,5519.0,0.0,0.0,0.0,1,5516.0,5545.0,2,5518.0,5518.0,5577.0,5518.0,5.0,27680.0,17
2023-05-11 09:28:03,RS2311,RS311,5519.0,0.0,0.0,0.0,1,5516.0,5544.0,2,5518.0,5518.0,5577.0,5518.0,5.0,27680.0,17
2023-05-11 09:28:05,RS2311,RS311,5519.0,0.0,0.0,0.0,1,5516.0,5545.0,2,5518.0,5518.0,5577.0,5518.0,5.0,27680.0,17
2023-05-11 09:28:46,RS2311,RS311,5519.0,0.0,0.0,0.0,1,5516.0,5544.0,2,5518.0,5518.0,5577.0,5518.0,5.0,27680.0,17
2023-05-11 09:28:48,RS2311,RS311,5519.0,0.0,0.0,0.0,1,5516.0,5545.0,2,5518.0,5518.0,5577.0,5518.0,5.0,27680.0,17
2023-05-11 09:29:03,RS2311,RS311,5519.0,0.0,0.0,0.0,2,5415.0,5545.0,2,5518.0,5518.0,5577.0,5518.0,5.0,27680.0,17
2023-05-11 09:29:04,RS2311,RS311,5519.0,0.0,0.0,0.0,1,5416.0,5545.0,2,5518.0,5518.0,5577.0,5518.0,5.0,27680.0,17
2023-05-11 09:29:07,RS2311,RS311,5519.0,0.0,0.0,0.0,1,5417.0,5545.0,2,5518.0,5518.0,5577.0,5518.0,5.0,27680.0,17
2023-05-11 09:29:07,RS2311,RS311,5519.0,0.0,0.0,0.0,1,5418.0,5545.0,2,5518.0,5518.0,5577.0,5518.0,5.0,27680.0,17
2023-05-11 09:29:12,RS2311,RS311,5519.0,0.0,0.0,0.0,1,5515.0,5545.0,2,5518.0,5518.0,5577.0,5518.0,5.0,27680.0,17
2023-05-11 09:29:12,RS2311,RS311,5519.0,0.0,0.0,0.0,1,5516.0,5545.0,2,5518.0,5518.0,5577.0,5518.0,5.0,27680.0,17
2023-05-11 09:29:30,RS2311,RS311,5519.0,0.0,0.0,0.0,1,5516.0,5544.0,2,5518.0,5518.0,5577.0,5518.0,5.0,27680.0,17
2023-05-11 09:29:31,RS2311,RS311,5519.0,0.0,0.0,0.0,1,5516.0,5545.0,2,5518.0,5518.0,5577.0,5518.0,5.0,27680.0,17
2023-05-11 09:29:37,RS2311,RS311,5519.0,0.0,0.0,0.0,1,5460.0,5545.0,2,5518.0,5518.0,5577.0,5518.0,5.0,27680.0,17
2023-05-11 09:29:40,RS2311,RS311,5519.0,0.0,0.0,0.0,1,5461.0,5545.0,2,5518.0,5518.0,5577.0,5518.0,5.0,27680.0,17
2023-05-11 09:29:44,RS2311,RS311,5519.0,0.0,0.0,0.0,1,5502.0,5545.0,2,5518.0,5518.0,5577.0,5518.0,5.0,27680.0,17
2023-05-11 09:29:45,RS2311,RS311,5519.0,0.0,0.0,0.0,1,5503.0,5545.0,2,5518.0,5518.0,5577.0,5518.0,5.0,27680.0,17
2023-05-11 09:29:47,RS2311,RS311,5519.0,0.0,0.0,0.0,1,5504.0,5545.0,2,5518.0,5518.0,5577.0,5518.0,5.0,27680.0,17
2023-05-11 09:29:47,RS2311,RS311,5519.0,0.0,0.0,0.0,1,5505.0,5545.0,2,5518.0,5518.0,5577.0,5518.0,5.0,27680.0,17
2023-05-11 09:29:49,RS2311,RS311,5519.0,0.0,0.0,0.0,1,5506.0,5545.0,2,5518.0,5518.0,5577.0,5518.0,5.0,27680.0,17
2023-05-11 09:29:51,RS2311,RS311,5506.0,1.0,5506.0,0.0,1,5505.0,5506.0,9,5518.0,5518.0,5577.0,5506.0,6.0,33186.0,17
2023-05-11 09:29:51,RS2311,RS311,5505.0,1.0,5510.0,-1.0,1,5460.0,5506.0,9,5518.0,5518.0,5577.0,5505.0,7.0,38696.0,16
2023-05-11 09:29:56,RS2311,RS311,5505.0,0.0,0.0,0.0,1,5460.0,5505.0,1,5518.0,5518.0,5577.0,5505.0,7.0,38696.0,16
2023-05-11 09:29:57,RS2311,RS311,5460.0,2.0,10921.0,2.0,1,5418.0,5460.0,7,5518.0,5518.0,5577.0,5460.0,9.0,49617.0,18
2023-05-11 09:30:01,RS2311,RS311,5418.0,1.0,5413.0,0.0,1,5417.0,5460.0,7,5518.0,5518.0,5577.0,5418.0,10.0,55030.0,18
2023-05-11 09:30:02,RS2311,RS311,5460.0,6.0,32762.0,5.0,1,5417.0,5460.0,1,5518.0,5518.0,5577.0,5418.0,16.0,87792.0,23
2023-05-11 09:30:04,RS2311,RS311,5460.0,1.0,5453.0,1.0,4,5460.0,5505.0,1,5518.0,5518.0,5577.0,5418.0,17.0,93245.0,24
2023-05-11 09:30:05,RS2311,RS311,5460.0,0.0,0.0,0.0,1,5417.0,5505.0,1,5518.0,5518.0,5577.0,5418.0,17.0,93245.0,24
2023-05-11 09:30:11,RS2311,RS311,5505.0,1.0,5521.0,0.0,9,5505.0,5545.0,2,5518.0,5518.0,5577.0,5418.0,18.0,98766.0,24
2023-05-11 09:30:12,RS2311,RS311,5505.0,3.0,16503.0,-3.0,6,5505.0,5545.0,2,5518.0,5518.0,5577.0,5418.0,21.0,115269.0,21
2023-05-11 09:30:14,RS2311,RS311,5505.0,5.0,27523.0,-5.0,1,5505.0,5545.0,2,5518.0,5518.0,5577.0,5418.0,26.0,142792.0,16
2023-05-11 09:30:16,RS2311,RS311,5505.0,0.0,0.0,0.0,1,5505.0,5544.0,1,5518.0,5518.0,5577.0,5418.0,26.0,142792.0,16
2023-05-11 09:30:17,RS2311,RS311,5505.0,1.0,5519.0,0.0,1,5418.0,5505.0,2,5518.0,5518.0,5577.0,5418.0,27.0,148311.0,16
2023-05-11 09:30:18,RS2311,RS311,5505.0,0.0,0.0,0.0,1,5419.0,5505.0,2,5518.0,5518.0,5577.0,5418.0,27.0,148311.0,16
2023-05-11 09:30:19,RS2311,RS311,5505.0,0.0,0.0,0.0,1,5420.0,5544.0,1,5518.0,5518.0,5577.0,5418.0,27.0,148311.0,16
2023-05-11 09:30:22,RS2311,RS311,5505.0,0.0,0.0,0.0,1,5450.0,5544.0,1,5518.0,5518.0,5577.0,5418.0,27.0,148311.0,16
2023-05-11 09:30:24,RS2311,RS311,5505.0,0.0,0.0,0.0,1,5451.0,5544.0,1,5518.0,5518.0,5577.0,5418.0,27.0,148311.0,16
2023-05-11 09:30:26,RS2311,RS311,5505.0,0.0,0.0,0.0,1,5451.0,5543.0,1,5518.0,5518.0,5577.0,5418.0,27.0,148311.0,16
2023-05-11 09:30:26,RS2311,RS311,5505.0,0.0,0.0,0.0,1,5460.0,5543.0,1,5518.0,5518.0,5577.0,5418.0,27.0,148311.0,16
2023-05-11 09:30:29,RS2311,RS311,5505.0,0.0,0.0,0.0,1,5461.0,5543.0,1,5518.0,5518.0,5577.0,5418.0,27.0,148311.0,16
2023-05-11 09:30:31,RS2311,RS311,5505.0,0.0,0.0,0.0,1,5461.0,5538.0,1,5518.0,5518.0,5577.0,5418.0,27.0,148311.0,16
2023-05-11 09:30:34,RS2311,RS311,5505.0,0.0,0.0,0.0,1,5470.0,5538.0,1,5518.0,5518.0,5577.0,5418.0,27.0,148311.0,16
2023-05-11 09:30:36,RS2311,RS311,5505.0,0.0,0.0,0.0,1,5471.0,5538.0,1,5518.0,5518.0,5577.0,5418.0,27.0,148311.0,16
2023-05-11 09:30:40,RS2311,RS311,5505.0,0.0,0.0,0.0,1,5472.0,5538.0,1,5518.0,5518.0,5577.0,5418.0,27.0,148311.0,16
2023-05-11 09:30:53,RS2311,RS311,5505.0,0.0,0.0,0.0,1,5473.0,5538.0,1,5518.0,5518.0,5577.0,5418.0,27.0,148311.0,16
2023-05-11 09:30:59,RS2311,RS311,5505.0,0.0,0.0,0.0,1,5473.0,5537.0,2,5518.0,5518.0,5577.0,5418.0,27.0,148311.0,16
2023-05-11 09:31:00,RS2311,RS311,5505.0,0.0,0.0,0.0,1,5473.0,5538.0,1,5518.0,5518.0,5577.0,5418.0,27.0,148311.0,16
2023-05-11 09:31:04,RS2311,RS311,5505.0,0.0,0.0,0.0,1,5474.0,5538.0,1,5518.0,5518.0,5577.0,5418.0,27.0,148311.0,16
2023-05-11 09:31:25,RS2311,RS311,5505.0,0.0,0.0,0.0,1,5475.0,5538.0,1,5518.0,5518.0,5577.0,5418.0,27.0,148311.0,16
2023-05-11 09:31:28,RS2311,RS311,5505.0,0.0,0.0,0.0,1,5476.0,5538.0,1,5518.0,5518.0,5577.0,5418.0,27.0,148311.0,16
2023-05-11 09:31:30,RS2311,RS311,5505.0,0.0,0.0,0.0,1,5477.0,5538.0,1,5518.0,5518.0,5577.0,5418.0,27.0,148311.0,16
2023-05-11 09:31:34,RS2311,RS311,5505.0,0.0,0.0,0.0,1,5478.0,5538.0,1,5518.0,5518.0,5577.0,5418.0,27.0,148311.0,16
2023-05-11 09:31:36,RS2311,RS311,5505.0,0.0,0.0,0.0,1,5479.0,5538.0,1,5518.0,5518.0,5577.0,5418.0,27.0,148311.0,16
2023-05-11 09:31:38,RS2311,RS311,5505.0,0.0,0.0,0.0,1,5480.0,5538.0,1,5518.0,5518.0,5577.0,5418.0,27.0,148311.0,16
2023-05-11 09:31:43,RS2311,RS311,5505.0,0.0,0.0,0.0,1,5481.0,5538.0,1,5518.0,5518.0,5577.0,5418.0,27.0,148311.0,16
2023-05-11 09:31:44,RS2311,RS311,5505.0,0.0,0.0,0.0,1,5481.0,5537.0,2,5518.0,5518.0,5577.0,5418.0,27.0,148311.0,16
2023-05-11 09:31:45,RS2311,RS311,5505.0,0.0,0.0,0.0,1,5482.0,5537.0,2,5518.0,5518.0,5577.0,5418.0,27.0,148311.0,16
2023-05-11 09:31:45,RS2311,RS311,5505.0,0.0,0.0,0.0,1,5482.0,5538.0,1,5518.0,5518.0,5577.0,5418.0,27.0,148311.0,16
2023-05-11 09:31:47,RS2311,RS311,5505.0,0.0,0.0,0.0,1,5482.0,5535.0,1,5518.0,5518.0,5577.0,5418.0,27.0,148311.0,16
2023-05-11 09:31:49,RS2311,RS311,5505.0,0.0,0.0,0.0,1,5483.0,5535.0,1,5518.0,5518.0,5577.0,5418.0,27.0,148311.0,16
2023-05-11 09:31:52,RS2311,RS311,5505.0,0.0,0.0,0.0,1,5484.0,5535.0,1,5518.0,5518.0,5577.0,5418.0,27.0,148311.0,16
2023-05-11 09:31:53,RS2311,RS311,5505.0,0.0,0.0,0.0,1,5485.0,5535.0,1,5518.0,5518.0,5577.0,5418.0,27.0,148311.0,16
2023-05-11 09:31:57,RS2311,RS311,5505.0,0.0,0.0,0.0,1,5486.0,5535.0,1,5518.0,5518.0,5577.0,5418.0,27.0,148311.0,16
2023-05-11 09:31:58,RS2311,RS311,5505.0,0.0,0.0,0.0,1,5487.0,5535.0,1,5518.0,5518.0,5577.0,5418.0,27.0,148311.0,16
2023-05-11 09:32:02,RS2311,RS311,5505.0,0.0,0.0,0.0,1,5488.0,5535.0,1,5518.0,5518.0,5577.0,5418.0,27.0,148311.0,16
2023-05-11 09:32:07,RS2311,RS311,5505.0,0.0,0.0,0.0,1,5488.0,5534.0,1,5518.0,5518.0,5577.0,5418.0,27.0,148311.0,16
2023-05-11 09:32:11,RS2311,RS311,5505.0,0.0,0.0,0.0,1,5488.0,5530.0,1,5518.0,5518.0,5577.0,5418.0,27.0,148311.0,16
2023-05-11 09:32:12,RS2311,RS311,5505.0,0.0,0.0,0.0,1,5487.0,5530.0,1,5518.0,5518.0,5577.0,5418.0,27.0,148311.0,16
2023-05-11 09:32:13,RS2311,RS311,5505.0,0.0,0.0,0.0,1,5488.0,5530.0,1,5518.0,5518.0,5577.0,5418.0,27.0,148311.0,16
2023-05-11 09:32:29,RS2311,RS311,5505.0,0.0,0.0,0.0,1,5488.0,5529.0,2,5518.0,5518.0,5577.0,5418.0,27.0,148311.0,16
2023-05-11 09:32:31,RS2311,RS311,5505.0,0.0,0.0,0.0,1,5488.0,5530.0,1,5518.0,5518.0,5577.0,5418.0,27.0,148311.0,16
2023-05-11 09:32:35,RS2311,RS311,5505.0,0.0,0.0,0.0,1,5488.0,5578.0,1,5518.0,5518.0,5577.0,5418.0,27.0,148311.0,16
2023-05-11 09:32:35,RS2311,RS311,5505.0,0.0,0.0,0.0,1,5488.0,5577.0,1,5518.0,5518.0,5577.0,5418.0,27.0,148311.0,16
2023-05-11 09:32:47,RS2311,RS311,5505.0,0.0,0.0,0.0,1,5488.0,5545.0,1,5518.0,5518.0,5577.0,5418.0,27.0,148311.0,16
2023-05-11 09:32:48,RS2311,RS311,5505.0,0.0,0.0,0.0,1,5488.0,5544.0,1,5518.0,5518.0,5577.0,5418.0,27.0,148311.0,16
2023-05-11 09:32:49,RS2311,RS311,5505.0,0.0,0.0,0.0,1,5488.0,5530.0,1,5518.0,5518.0,5577.0,5418.0,27.0,148311.0,16
2023-05-11 09:32:53,RS2311,RS311,5505.0,0.0,0.0,0.0,1,5488.0,5542.0,1,5518.0,5518.0,5577.0,5418.0,27.0,148311.0,16
2023-05-11 09:32:53,RS2311,RS311,5505.0,0.0,0.0,0.0,1,5488.0,5541.0,1,5518.0,5518.0,5577.0,5418.0,27.0,148311.0,16
2023-05-11 09:32:55,RS2311,RS311,5505.0,0.0,0.0,0.0,1,5488.0,5540.0,1,5518.0,5518.0,5577.0,5418.0,27.0,148311.0,16
2023-05-11 09:32:56,RS2311,RS311,5505.0,0.0,0.0,0.0,1,5488.0,5539.0,1,5518.0,5518.0,5577.0,5418.0,27.0,148311.0,16
2023-05-11 09:32:58,RS2311,RS311,5505.0,0.0,0.0,0.0,1,5488.0,5538.0,1,5518.0,5518.0,5577.0,5418.0,27.0,148311.0,16
2023-05-11 09:32:58,RS2311,RS311,5505.0,0.0,0.0,0.0,1,5488.0,5537.0,1,5518.0,5518.0,5577.0,5418.0,27.0,148311.0,16
2023-05-11 09:33:00,RS2311,RS311,5505.0,0.0,0.0,0.0,1,5488.0,5536.0,1,5518.0,5518.0,5577.0,5418.0,27.0,148311.0,16
2023-05-11 09:33:00,RS2311,RS311,5505.0,0.0,0.0,0.0,1,5488.0,5535.0,1,5518.0,5518.0,5577.0,5418.0,27.0,148311.0,16
2023-05-11 09:33:02,RS2311,RS311,5505.0,0.0,0.0,0.0,1,5488.0,5536.0,1,5518.0,5518.0,5577.0,5418.0,27.0,148311.0,16
2023-05-11 09:33:03,RS2311,RS311,5505.0,0.0,0.0,0.0,1,5488.0,5534.0,1,5518.0,5518.0,5577.0,5418.0,27.0,148311.0,16
2023-05-11 09:33:07,RS2311,RS311,5505.0,0.0,0.0,0.0,1,5488.0,5530.0,1,5518.0,5518.0,5577.0,5418.0,27.0,148311.0,16
2023-05-11 09:33:13,RS2311,RS311,5505.0,0.0,0.0,0.0,1,5488.0,5578.0,1,5518.0,5518.0,5577.0,5418.0,27.0,148311.0,16
2023-05-11 09:33:13,RS2311,RS311,5505.0,0.0,0.0,0.0,1,5488.0,5577.0,1,5518.0,5518.0,5577.0,5418.0,27.0,148311.0,16
2023-05-11 09:33:14,RS2311,RS311,5505.0,0.0,0.0,0.0,1,5488.0,5529.0,2,5518.0,5518.0,5577.0,5418.0,27.0,148311.0,16
2023-05-11 09:33:16,RS2311,RS311,5505.0,0.0,0.0,0.0,1,5488.0,5577.0,1,5518.0,5518.0,5577.0,5418.0,27.0,148311.0,16
2023-05-11 09:33:23,RS2311,RS311,5505.0,0.0,0.0,0.0,1,5488.0,5534.0,1,5518.0,5518.0,5577.0,5418.0,27.0,148311.0,16
2023-05-11 09:33:43,RS2311,RS311,5505.0,0.0,0.0,0.0,1,5488.0,5530.0,1,5518.0,5518.0,5577.0,5418.0,27.0,148311.0,16
2023-05-11 09:33:46,RS2311,RS311,5505.0,0.0,0.0,0.0,1,5488.0,5534.0,1,5518.0,5518.0,5577.0,5418.0,27.0,148311.0,16
2023-05-11 09:33:49,RS2311,RS311,5505.0,0.0,0.0,0.0,1,5488.0,5533.0,1,5518.0,5518.0,5577.0,5418.0,27.0,148311.0,16
2023-05-11 09:33:53,RS2311,RS311,5505.0,0.0,0.0,0.0,1,5488.0,5532.0,1,5518.0,5518.0,5577.0,5418.0,27.0,148311.0,16
2023-05-11 09:34:00,RS2311,RS311,5505.0,0.0,0.0,0.0,1,5488.0,5531.0,2,5518.0,5518.0,5577.0,5418.0,27.0,148311.0,16
2023-05-11 09:34:01,RS2311,RS311,5505.0,0.0,0.0,0.0,1,5488.0,5532.0,1,5518.0,5518.0,5577.0,5418.0,27.0,148311.0,16
2023-05-11 09:34:45,RS2311,RS311,5505.0,0.0,0.0,0.0,1,5488.0,5531.0,2,5518.0,5518.0,5577.0,5418.0,27.0,148311.0,16
2023-05-11 09:34:46,RS2311,RS311,5505.0,0.0,0.0,0.0,1,5488.0,5532.0,1,5518.0,5518.0,5577.0,5418.0,27.0,148311.0,16
2023-05-11 09:35:24,RS2311,RS311,5505.0,0.0,0.0,0.0,1,5488.0,5530.0,1,5518.0,5518.0,5577.0,5418.0,27.0,148311.0,16
2023-05-11 09:35:31,RS2311,RS311,5505.0,0.0,0.0,0.0,1,5488.0,5529.0,2,5518.0,5518.0,5577.0,5418.0,27.0,148311.0,16
2023-05-11 09:35:32,RS2311,RS311,5505.0,0.0,0.0,0.0,1,5488.0,5530.0,1,5518.0,5518.0,5577.0,5418.0,27.0,148311.0,16
2023-05-11 09:36:16,RS2311,RS311,5505.0,0.0,0.0,0.0,1,5488.0,5529.0,2,5518.0,5518.0,5577.0,5418.0,27.0,148311.0,16
2023-05-11 09:36:17,RS2311,RS311,5505.0,0.0,0.0,0.0,1,5488.0,5530.0,1,5518.0,5518.0,5577.0,5418.0,27.0,148311.0,16
2023-05-11 09:36:29,RS2311,RS311,5505.0,0.0,0.0,0.0,1,5488.0,5568.0,1,5518.0,5518.0,5577.0,5418.0,27.0,148311.0,16
2023-05-11 09:36:29,RS2311,RS311,5505.0,0.0,0.0,0.0,1,5488.0,5567.0,1,5518.0,5518.0,5577.0,5418.0,27.0,148311.0,16
2023-05-11 09:36:39,RS2311,RS311,5505.0,0.0,0.0,0.0,1,5488.0,5536.0,1,5518.0,5518.0,5577.0,5418.0,27.0,148311.0,16
2023-05-11 09:36:39,RS2311,RS311,5505.0,0.0,0.0,0.0,1,5488.0,5535.0,1,5518.0,5518.0,5577.0,5418.0,27.0,148311.0,16
2023-05-11 09:36:41,RS2311,RS311,5505.0,0.0,0.0,0.0,1,5488.0,5533.0,1,5518.0,5518.0,5577.0,5418.0,27.0,148311.0,16
2023-05-11 09:36:46,RS2311,RS311,5505.0,0.0,0.0,0.0,1,5488.0,5531.0,1,5518.0,5518.0,5577.0,5418.0,27.0,148311.0,16
2023-05-11 09:36:51,RS2311,RS311,5505.0,0.0,0.0,0.0,1,5488.0,5530.0,1,5518.0,5518.0,5577.0,5418.0,27.0,148311.0,16
2023-05-11 09:37:01,RS2311,RS311,5505.0,0.0,0.0,0.0,1,5488.0,5529.0,2,5518.0,5518.0,5577.0,5418.0,27.0,148311.0,16
2023-05-11 09:37:02,RS2311,RS311,5505.0,0.0,0.0,0.0,1,5488.0,5530.0,1,5518.0,5518.0,5577.0,5418.0,27.0,148311.0,16
2023-05-11 09:37:48,RS2311,RS311,5505.0,0.0,0.0,0.0,1,5488.0,5529.0,2,5518.0,5518.0,5577.0,5418.0,27.0,148311.0,16
2023-05-11 09:37:50,RS2311,RS311,5505.0,0.0,0.0,0.0,1,5488.0,5530.0,1,5518.0,5518.0,5577.0,5418.0,27.0,148311.0,16
2023-05-11 09:38:33,RS2311,RS311,5505.0,0.0,0.0,0.0,1,5488.0,5529.0,2,5518.0,5518.0,5577.0,5418.0,27.0,148311.0,16
2023-05-11 09:38:35,RS2311,RS311,5505.0,0.0,0.0,0.0,1,5488.0,5530.0,1,5518.0,5518.0,5577.0,5418.0,27.0,148311.0,16
2023-05-11 09:39:19,RS2311,RS311,5505.0,0.0,0.0,0.0,2,5489.0,5530.0,1,5518.0,5518.0,5577.0,5418.0,27.0,148311.0,16
2023-05-11 09:39:20,RS2311,RS311,5505.0,0.0,0.0,0.0,1,5488.0,5530.0,1,5518.0,5518.0,5577.0,5418.0,27.0,148311.0,16
2023-05-11 09:40:02,RS2311,RS311,5505.0,0.0,0.0,0.0,1,5488.0,5529.0,2,5518.0,5518.0,5577.0,5418.0,27.0,148311.0,16
2023-05-11 09:40:03,RS2311,RS311,5505.0,0.0,0.0,0.0,1,5488.0,5530.0,1,5518.0,5518.0,5577.0,5418.0,27.0,148311.0,16
2023-05-11 09:40:46,RS2311,RS311,5505.0,0.0,0.0,0.0,1,5488.0,5529.0,2,5518.0,5518.0,5577.0,5418.0,27.0,148311.0,16
2023-05-11 09:40:47,RS2311,RS311,5505.0,0.0,0.0,0.0,1,5488.0,5530.0,1,5518.0,5518.0,5577.0,5418.0,27.0,148311.0,16
2023-05-11 09:40:57,RS2311,RS311,5505.0,0.0,0.0,0.0,1,5488.0,5528.0,1,5518.0,5518.0,5577.0,5418.0,27.0,148311.0,16
2023-05-11 09:41:03,RS2311,RS311,5505.0,0.0,0.0,0.0,1,5488.0,5530.0,1,5518.0,5518.0,5577.0,5418.0,27.0,148311.0,16
2023-05-11 09:41:03,RS2311,RS311,5505.0,0.0,0.0,0.0,1,5488.0,5568.0,1,5518.0,5518.0,5577.0,5418.0,27.0,148311.0,16
2023-05-11 09:41:03,RS2311,RS311,5505.0,0.0,0.0,0.0,1,5488.0,5567.0,1,5518.0,5518.0,5577.0,5418.0,27.0,148311.0,16
2023-05-11 09:41:05,RS2311,RS311,5505.0,0.0,0.0,0.0,1,5488.0,5528.0,1,5518.0,5518.0,5577.0,5418.0,27.0,148311.0,16
2023-05-11 09:41:08,RS2311,RS311,5505.0,0.0,0.0,0.0,1,5488.0,5567.0,1,5518.0,5518.0,5577.0,5418.0,27.0,148311.0,16
2023-05-11 09:41:10,RS2311,RS311,5505.0,0.0,0.0,0.0,1,5488.0,5534.0,1,5518.0,5518.0,5577.0,5418.0,27.0,148311.0,16
2023-05-11 09:41:12,RS2311,RS311,5505.0,0.0,0.0,0.0,1,5488.0,5528.0,1,5518.0,5518.0,5577.0,5418.0,27.0,148311.0,16
2023-05-11 09:41:14,RS2311,RS311,5505.0,0.0,0.0,0.0,1,5488.0,5534.0,1,5518.0,5518.0,5577.0,5418.0,27.0,148311.0,16
2023-05-11 09:41:15,RS2311,RS311,5505.0,0.0,0.0,0.0,1,5488.0,5567.0,1,5518.0,5518.0,5577.0,5418.0,27.0,148311.0,16
2023-05-11 09:41:17,RS2311,RS311,5505.0,0.0,0.0,0.0,1,5488.0,5534.0,1,5518.0,5518.0,5577.0,5418.0,27.0,148311.0,16
2023-05-11 09:41:28,RS2311,RS311,5505.0,0.0,0.0,0.0,1,5488.0,5521.0,1,5518.0,5518.0,5577.0,5418.0,27.0,148311.0,16
2023-05-11 09:41:30,RS2311,RS311,5505.0,0.0,0.0,0.0,1,5488.0,5533.0,2,5518.0,5518.0,5577.0,5418.0,27.0,148311.0,16
2023-05-11 09:41:31,RS2311,RS311,5505.0,0.0,0.0,0.0,1,5488.0,5534.0,1,5518.0,5518.0,5577.0,5418.0,27.0,148311.0,16
2023-05-11 09:41:32,RS2311,RS311,5505.0,0.0,0.0,0.0,1,5488.0,5521.0,1,5518.0,5518.0,5577.0,5418.0,27.0,148311.0,16
2023-05-11 09:41:33,RS2311,RS311,5505.0,0.0,0.0,0.0,1,5488.0,5534.0,1,5518.0,5518.0,5577.0,5418.0,27.0,148311.0,16
2023-05-11 09:42:14,RS2311,RS311,5505.0,0.0,0.0,0.0,1,5488.0,5533.0,2,5518.0,5518.0,5577.0,5418.0,27.0,148311.0,16
2023-05-11 09:42:16,RS2311,RS311,5505.0,0.0,0.0,0.0,1,5488.0,5534.0,1,5518.0,5518.0,5577.0,5418.0,27.0,148311.0,16
2023-05-11 09:42:57,RS2311,RS311,5505.0,0.0,0.0,0.0,1,5488.0,5533.0,2,5518.0,5518.0,5577.0,5418.0,27.0,148311.0,16
2023-05-11 09:42:59,RS2311,RS311,5505.0,0.0,0.0,0.0,1,5488.0,5534.0,1,5518.0,5518.0,5577.0,5418.0,27.0,148311.0,16
2023-05-11 09:43:41,RS2311,RS311,5505.0,0.0,0.0,0.0,1,5488.0,5533.0,2,5518.0,5518.0,5577.0,5418.0,27.0,148311.0,16
2023-05-11 09:43:42,RS2311,RS311,5505.0,0.0,0.0,0.0,1,5488.0,5534.0,1,5518.0,5518.0,5577.0,5418.0,27.0,148311.0,16
2023-05-11 09:44:27,RS2311,RS311,5505.0,0.0,0.0,0.0,1,5488.0,5533.0,2,5518.0,5518.0,5577.0,5418.0,27.0,148311.0,16
2023-05-11 09:44:28,RS2311,RS311,5505.0,0.0,0.0,0.0,1,5488.0,5534.0,1,5518.0,5518.0,5577.0,5418.0,27.0,148311.0,16
2023-05-11 09:45:11,RS2311,RS311,5505.0,0.0,0.0,0.0,1,5488.0,5533.0,2,5518.0,5518.0,5577.0,5418.0,27.0,148311.0,16
2023-05-11 09:45:12,RS2311,RS311,5505.0,0.0,0.0,0.0,1,5488.0,5534.0,1,5518.0,5518.0,5577.0,5418.0,27.0,148311.0,16
2023-05-11 09:45:53,RS2311,RS311,5505.0,0.0,0.0,0.0,1,5488.0,5533.0,2,5518.0,5518.0,5577.0,5418.0,27.0,148311.0,16
2023-05-11 09:45:55,RS2311,RS311,5505.0,0.0,0.0,0.0,1,5488.0,5534.0,1,5518.0,5518.0,5577.0,5418.0,27.0,148311.0,16
2023-05-11 09:46:36,RS2311,RS311,5505.0,0.0,0.0,0.0,1,5488.0,5533.0,2,5518.0,5518.0,5577.0,5418.0,27.0,148311.0,16
2023-05-11 09:46:38,RS2311,RS311,5505.0,0.0,0.0,0.0,1,5488.0,5534.0,1,5518.0,5518.0,5577.0,5418.0,27.0,148311.0,16
2023-05-11 09:47:19,RS2311,RS311,5505.0,0.0,0.0,0.0,1,5488.0,5533.0,2,5518.0,5518.0,5577.0,5418.0,27.0,148311.0,16
2023-05-11 09:47:20,RS2311,RS311,5505.0,0.0,0.0,0.0,1,5488.0,5534.0,1,5518.0,5518.0,5577.0,5418.0,27.0,148311.0,16
2023-05-11 09:48:01,RS2311,RS311,5505.0,0.0,0.0,0.0,1,5488.0,5533.0,2,5518.0,5518.0,5577.0,5418.0,27.0,148311.0,16
2023-05-11 09:48:03,RS2311,RS311,5505.0,0.0,0.0,0.0,1,5488.0,5534.0,1,5518.0,5518.0,5577.0,5418.0,27.0,148311.0,16
2023-05-11 09:48:45,RS2311,RS311,5505.0,0.0,0.0,0.0,1,5488.0,5533.0,2,5518.0,5518.0,5577.0,5418.0,27.0,148311.0,16
2023-05-11 09:48:46,RS2311,RS311,5505.0,0.0,0.0,0.0,1,5488.0,5534.0,1,5518.0,5518.0,5577.0,5418.0,27.0,148311.0,16
2023-05-11 09:49:29,RS2311,RS311,5505.0,0.0,0.0,0.0,1,5488.0,5533.0,2,5518.0,5518.0,5577.0,5418.0,27.0,148311.0,16
2023-05-11 09:49:31,RS2311,RS311,5505.0,0.0,0.0,0.0,1,5488.0,5534.0,1,5518.0,5518.0,5577.0,5418.0,27.0,148311.0,16
2023-05-11 09:50:13,RS2311,RS311,5505.0,0.0,0.0,0.0,1,5488.0,5533.0,2,5518.0,5518.0,5577.0,5418.0,27.0,148311.0,16
2023-05-11 09:50:15,RS2311,RS311,5505.0,0.0,0.0,0.0,1,5488.0,5534.0,1,5518.0,5518.0,5577.0,5418.0,27.0,148311.0,16
2023-05-11 09:50:55,RS2311,RS311,5505.0,0.0,0.0,0.0,1,5488.0,5533.0,2,5518.0,5518.0,5577.0,5418.0,27.0,148311.0,16
2023-05-11 09:50:57,RS2311,RS311,5505.0,0.0,0.0,0.0,1,5488.0,5534.0,1,5518.0,5518.0,5577.0,5418.0,27.0,148311.0,16
2023-05-11 09:51:38,RS2311,RS311,5505.0,0.0,0.0,0.0,1,5488.0,5533.0,2,5518.0,5518.0,5577.0,5418.0,27.0,148311.0,16
2023-05-11 09:51:39,RS2311,RS311,5505.0,0.0,0.0,0.0,1,5488.0,5534.0,1,5518.0,5518.0,5577.0,5418.0,27.0,148311.0,16
2023-05-11 09:52:21,RS2311,RS311,5505.0,0.0,0.0,0.0,1,5488.0,5533.0,2,5518.0,5518.0,5577.0,5418.0,27.0,148311.0,16
2023-05-11 09:52:22,RS2311,RS311,5505.0,0.0,0.0,0.0,1,5488.0,5534.0,1,5518.0,5518.0,5577.0,5418.0,27.0,148311.0,16
2023-05-11 09:53:03,RS2311,RS311,5505.0,0.0,0.0,0.0,1,5488.0,5533.0,2,5518.0,5518.0,5577.0,5418.0,27.0,148311.0,16
2023-05-11 09:53:05,RS2311,RS311,5505.0,0.0,0.0,0.0,1,5488.0,5534.0,1,5518.0,5518.0,5577.0,5418.0,27.0,148311.0,16
2023-05-11 09:53:47,RS2311,RS311,5505.0,0.0,0.0,0.0,1,5488.0,5533.0,2,5518.0,5518.0,5577.0,5418.0,27.0,148311.0,16
2023-05-11 09:53:48,RS2311,RS311,5505.0,0.0,0.0,0.0,1,5488.0,5534.0,1,5518.0,5518.0,5577.0,5418.0,27.0,148311.0,16
2023-05-11 09:54:32,RS2311,RS311,5505.0,0.0,0.0,0.0,1,5488.0,5533.0,2,5518.0,5518.0,5577.0,5418.0,27.0,148311.0,16
2023-05-11 09:54:34,RS2311,RS311,5505.0,0.0,0.0,0.0,1,5488.0,5534.0,1,5518.0,5518.0,5577.0,5418.0,27.0,148311.0,16
2023-05-11 09:55:17,RS2311,RS311,5505.0,0.0,0.0,0.0,1,5488.0,5533.0,2,5518.0,5518.0,5577.0,5418.0,27.0,148311.0,16
2023-05-11 09:55:18,RS2311,RS311,5505.0,0.0,0.0,0.0,1,5488.0,5534.0,1,5518.0,5518.0,5577.0,5418.0,27.0,148311.0,16
2023-05-11 09:55:55,RS2311,RS311,5505.0,0.0,0.0,0.0,1,5488.0,5533.0,1,5518.0,5518.0,5577.0,5418.0,27.0,148311.0,16
2023-05-11 09:55:57,RS2311,RS311,5505.0,0.0,0.0,0.0,1,5489.0,5533.0,1,5518.0,5518.0,5577.0,5418.0,27.0,148311.0,16
2023-05-11 09:56:00,RS2311,RS311,5505.0,0.0,0.0,0.0,1,5489.0,5532.0,2,5518.0,5518.0,5577.0,5418.0,27.0,148311.0,16
2023-05-11 09:56:01,RS2311,RS311,5505.0,0.0,0.0,0.0,1,5489.0,5533.0,1,5518.0,5518.0,5577.0,5418.0,27.0,148311.0,16
2023-05-11 09:56:05,RS2311,RS311,5505.0,0.0,0.0,0.0,1,5489.0,5532.0,1,5518.0,5518.0,5577.0,5418.0,27.0,148311.0,16
2023-05-11 09:56:26,RS2311,RS311,5505.0,0.0,0.0,0.0,1,5490.0,5532.0,1,5518.0,5518.0,5577.0,5418.0,27.0,148311.0,16
2023-05-11 09:56:43,RS2311,RS311,5505.0,0.0,0.0,0.0,1,5490.0,5531.0,2,5518.0,5518.0,5577.0,5418.0,27.0,148311.0,16
2023-05-11 09:56:44,RS2311,RS311,5505.0,0.0,0.0,0.0,1,5490.0,5532.0,1,5518.0,5518.0,5577.0,5418.0,27.0,148311.0,16
2023-05-11 09:57:27,RS2311,RS311,5505.0,0.0,0.0,0.0,1,5490.0,5531.0,2,5518.0,5518.0,5577.0,5418.0,27.0,148311.0,16
2023-05-11 09:57:28,RS2311,RS311,5505.0,0.0,0.0,0.0,1,5490.0,5532.0,1,5518.0,5518.0,5577.0,5418.0,27.0,148311.0,16
2023-05-11 09:58:09,RS2311,RS311,5505.0,0.0,0.0,0.0,1,5490.0,5531.0,2,5518.0,5518.0,5577.0,5418.0,27.0,148311.0,16
2023-05-11 09:58:11,RS2311,RS311,5505.0,0.0,0.0,0.0,1,5490.0,5532.0,1,5518.0,5518.0,5577.0,5418.0,27.0,148311.0,16
2023-05-11 09:58:53,RS2311,RS311,5505.0,0.0,0.0,0.0,1,5490.0,5531.0,2,5518.0,5518.0,5577.0,5418.0,27.0,148311.0,16
2023-05-11 09:58:54,RS2311,RS311,5505.0,0.0,0.0,0.0,1,5490.0,5532.0,1,5518.0,5518.0,5577.0,5418.0,27.0,148311.0,16
2023-05-11 09:59:37,RS2311,RS311,5505.0,0.0,0.0,0.0,1,5490.0,5531.0,2,5518.0,5518.0,5577.0,5418.0,27.0,148311.0,16
2023-05-11 09:59:38,RS2311,RS311,5505.0,0.0,0.0,0.0,1,5490.0,5532.0,1,5518.0,5518.0,5577.0,5418.0,27.0,148311.0,16
2023-05-11 10:00:20,RS2311,RS311,5505.0,0.0,0.0,0.0,1,5490.0,5531.0,2,5518.0,5518.0,5577.0,5418.0,27.0,148311.0,16
2023-05-11 10:00:21,RS2311,RS311,5505.0,0.0,0.0,0.0,1,5490.0,5532.0,1,5518.0,5518.0,5577.0,5418.0,27.0,148311.0,16
2023-05-11 10:01:02,RS2311,RS311,5505.0,0.0,0.0,0.0,1,5490.0,5531.0,2,5518.0,5518.0,5577.0,5418.0,27.0,148311.0,16
2023-05-11 10:01:04,RS2311,RS311,5505.0,0.0,0.0,0.0,1,5490.0,5532.0,1,5518.0,5518.0,5577.0,5418.0,27.0,148311.0,16
2023-05-11 10:01:45,RS2311,RS311,5505.0,0.0,0.0,0.0,1,5490.0,5531.0,2,5518.0,5518.0,5577.0,5418.0,27.0,148311.0,16
2023-05-11 10:01:46,RS2311,RS311,5505.0,0.0,0.0,0.0,1,5490.0,5532.0,1,5518.0,5518.0,5577.0,5418.0,27.0,148311.0,16
2023-05-11 10:02:29,RS2311,RS311,5505.0,0.0,0.0,0.0,1,5490.0,5531.0,2,5518.0,5518.0,5577.0,5418.0,27.0,148311.0,16
2023-05-11 10:02:30,RS2311,RS311,5505.0,0.0,0.0,0.0,1,5490.0,5532.0,1,5518.0,5518.0,5577.0,5418.0,27.0,148311.0,16
2023-05-11 10:03:12,RS2311,RS311,5505.0,0.0,0.0,0.0,1,5490.0,5531.0,2,5518.0,5518.0,5577.0,5418.0,27.0,148311.0,16
2023-05-11 10:03:13,RS2311,RS311,5505.0,0.0,0.0,0.0,1,5490.0,5532.0,1,5518.0,5518.0,5577.0,5418.0,27.0,148311.0,16
2023-05-11 10:03:55,RS2311,RS311,5505.0,0.0,0.0,0.0,1,5490.0,5531.0,2,5518.0,5518.0,5577.0,5418.0,27.0,148311.0,16
2023-05-11 10:03:56,RS2311,RS311,5505.0,0.0,0.0,0.0,1,5490.0,5532.0,1,5518.0,5518.0,5577.0,5418.0,27.0,148311.0,16
2023-05-11 10:04:40,RS2311,RS311,5505.0,0.0,0.0,0.0,1,5490.0,5531.0,2,5518.0,5518.0,5577.0,5418.0,27.0,148311.0,16
2023-05-11 10:04:41,RS2311,RS311,5505.0,0.0,0.0,0.0,1,5490.0,5532.0,1,5518.0,5518.0,5577.0,5418.0,27.0,148311.0,16
2023-05-11 10:05:23,RS2311,RS311,5505.0,0.0,0.0,0.0,1,5490.0,5531.0,2,5518.0,5518.0,5577.0,5418.0,27.0,148311.0,16
2023-05-11 10:05:24,RS2311,RS311,5505.0,0.0,0.0,0.0,1,5490.0,5532.0,1,5518.0,5518.0,5577.0,5418.0,27.0,148311.0,16
2023-05-11 10:06:05,RS2311,RS311,5505.0,0.0,0.0,0.0,1,5490.0,5531.0,2,5518.0,5518.0,5577.0,5418.0,27.0,148311.0,16
2023-05-11 10:06:07,RS2311,RS311,5505.0,0.0,0.0,0.0,1,5490.0,5532.0,1,5518.0,5518.0,5577.0,5418.0,27.0,148311.0,16
2023-05-11 10:06:49,RS2311,RS311,5505.0,0.0,0.0,0.0,1,5490.0,5531.0,2,5518.0,5518.0,5577.0,5418.0,27.0,148311.0,16
2023-05-11 10:06:50,RS2311,RS311,5505.0,0.0,0.0,0.0,1,5490.0,5532.0,1,5518.0,5518.0,5577.0,5418.0,27.0,148311.0,16
2023-05-11 10:07:33,RS2311,RS311,5505.0,0.0,0.0,0.0,1,5490.0,5531.0,2,5518.0,5518.0,5577.0,5418.0,27.0,148311.0,16
2023-05-11 10:07:34,RS2311,RS311,5505.0,0.0,0.0,0.0,1,5490.0,5532.0,1,5518.0,5518.0,5577.0,5418.0,27.0,148311.0,16
2023-05-11 10:08:15,RS2311,RS311,5505.0,0.0,0.0,0.0,1,5490.0,5531.0,2,5518.0,5518.0,5577.0,5418.0,27.0,148311.0,16
2023-05-11 10:08:17,RS2311,RS311,5505.0,0.0,0.0,0.0,1,5490.0,5532.0,1,5518.0,5518.0,5577.0,5418.0,27.0,148311.0,16
2023-05-11 10:08:58,RS2311,RS311,5505.0,0.0,0.0,0.0,1,5490.0,5531.0,2,5518.0,5518.0,5577.0,5418.0,27.0,148311.0,16
2023-05-11 10:09:00,RS2311,RS311,5505.0,0.0,0.0,0.0,1,5490.0,5532.0,1,5518.0,5518.0,5577.0,5418.0,27.0,148311.0,16
2023-05-11 10:09:42,RS2311,RS311,5505.0,0.0,0.0,0.0,1,5490.0,5531.0,2,5518.0,5518.0,5577.0,5418.0,27.0,148311.0,16
2023-05-11 10:09:44,RS2311,RS311,5505.0,0.0,0.0,0.0,1,5490.0,5532.0,1,5518.0,5518.0,5577.0,5418.0,27.0,148311.0,16
2023-05-11 10:10:25,RS2311,RS311,5505.0,0.0,0.0,0.0,1,5490.0,5531.0,2,5518.0,5518.0,5577.0,5418.0,27.0,148311.0,16
2023-05-11 10:10:27,RS2311,RS311,5505.0,0.0,0.0,0.0,1,5490.0,5532.0,1,5518.0,5518.0,5577.0,5418.0,27.0,148311.0,16
2023-05-11 10:11:08,RS2311,RS311,5505.0,0.0,0.0,0.0,1,5490.0,5531.0,2,5518.0,5518.0,5577.0,5418.0,27.0,148311.0,16
2023-05-11 10:11:09,RS2311,RS311,5505.0,0.0,0.0,0.0,1,5490.0,5532.0,1,5518.0,5518.0,5577.0,5418.0,27.0,148311.0,16
2023-05-11 10:11:50,RS2311,RS311,5505.0,0.0,0.0,0.0,1,5490.0,5531.0,2,5518.0,5518.0,5577.0,5418.0,27.0,148311.0,16
2023-05-11 10:11:51,RS2311,RS311,5505.0,0.0,0.0,0.0,1,5490.0,5532.0,1,5518.0,5518.0,5577.0,5418.0,27.0,148311.0,16
2023-05-11 10:12:34,RS2311,RS311,5505.0,0.0,0.0,0.0,1,5490.0,5531.0,2,5518.0,5518.0,5577.0,5418.0,27.0,148311.0,16
2023-05-11 10:12:36,RS2311,RS311,5505.0,0.0,0.0,0.0,1,5490.0,5532.0,1,5518.0,5518.0,5577.0,5418.0,27.0,148311.0,16
2023-05-11 10:13:16,RS2311,RS311,5505.0,0.0,0.0,0.0,1,5490.0,5531.0,2,5518.0,5518.0,5577.0,5418.0,27.0,148311.0,16
2023-05-11 10:13:18,RS2311,RS311,5505.0,0.0,0.0,0.0,1,5490.0,5532.0,1,5518.0,5518.0,5577.0,5418.0,27.0,148311.0,16
2023-05-11 10:14:02,RS2311,RS311,5505.0,0.0,0.0,0.0,1,5490.0,5531.0,2,5518.0,5518.0,5577.0,5418.0,27.0,148311.0,16
2023-05-11 10:14:03,RS2311,RS311,5505.0,0.0,0.0,0.0,1,5490.0,5532.0,1,5518.0,5518.0,5577.0,5418.0,27.0,148311.0,16
2023-05-11 10:14:46,RS2311,RS311,5505.0,0.0,0.0,0.0,1,5490.0,5531.0,2,5518.0,5518.0,5577.0,5418.0,27.0,148311.0,16
2023-05-11 10:30:07,RS2311,RS311,5505.0,0.0,0.0,0.0,1,5490.0,5530.0,1,5518.0,5518.0,5577.0,5418.0,27.0,148311.0,16
2023-05-11 10:30:22,RS2311,RS311,5505.0,0.0,0.0,0.0,1,5490.0,5529.0,2,5518.0,5518.0,5577.0,5418.0,27.0,148311.0,16
2023-05-11 10:30:23,RS2311,RS311,5505.0,0.0,0.0,0.0,1,5490.0,5530.0,1,5518.0,5518.0,5577.0,5418.0,27.0,148311.0,16
2023-05-11 10:30:26,RS2311,RS311,5505.0,0.0,0.0,0.0,1,5490.0,5532.0,1,5518.0,5518.0,5577.0,5418.0,27.0,148311.0,16
2023-05-11 10:31:06,RS2311,RS311,5505.0,0.0,0.0,0.0,1,5490.0,5531.0,2,5518.0,5518.0,5577.0,5418.0,27.0,148311.0,16
2023-05-11 10:31:07,RS2311,RS311,5505.0,0.0,0.0,0.0,1,5490.0,5532.0,1,5518.0,5518.0,5577.0,5418.0,27.0,148311.0,16
2023-05-11 10:31:49,RS2311,RS311,5505.0,0.0,0.0,0.0,1,5490.0,5531.0,2,5518.0,5518.0,5577.0,5418.0,27.0,148311.0,16
2023-05-11 10:31:51,RS2311,RS311,5505.0,0.0,0.0,0.0,1,5490.0,5532.0,1,5518.0,5518.0,5577.0,5418.0,27.0,148311.0,16
2023-05-11 10:32:32,RS2311,RS311,5505.0,0.0,0.0,0.0,1,5490.0,5531.0,2,5518.0,5518.0,5577.0,5418.0,27.0,148311.0,16
2023-05-11 10:32:33,RS2311,RS311,5505.0,0.0,0.0,0.0,1,5490.0,5532.0,1,5518.0,5518.0,5577.0,5418.0,27.0,148311.0,16
2023-05-11 10:33:14,RS2311,RS311,5505.0,0.0,0.0,0.0,1,5490.0,5531.0,2,5518.0,5518.0,5577.0,5418.0,27.0,148311.0,16
2023-05-11 10:33:16,RS2311,RS311,5505.0,0.0,0.0,0.0,1,5490.0,5532.0,1,5518.0,5518.0,5577.0,5418.0,27.0,148311.0,16
2023-05-11 10:33:56,RS2311,RS311,5505.0,0.0,0.0,0.0,1,5490.0,5531.0,2,5518.0,5518.0,5577.0,5418.0,27.0,148311.0,16
2023-05-11 10:33:58,RS2311,RS311,5505.0,0.0,0.0,0.0,1,5490.0,5532.0,1,5518.0,5518.0,5577.0,5418.0,27.0,148311.0,16
2023-05-11 10:34:40,RS2311,RS311,5505.0,0.0,0.0,0.0,1,5490.0,5531.0,2,5518.0,5518.0,5577.0,5418.0,27.0,148311.0,16
2023-05-11 10:34:41,RS2311,RS311,5505.0,0.0,0.0,0.0,1,5490.0,5532.0,1,5518.0,5518.0,5577.0,5418.0,27.0,148311.0,16
2023-05-11 10:35:24,RS2311,RS311,5505.0,0.0,0.0,0.0,1,5490.0,5531.0,2,5518.0,5518.0,5577.0,5418.0,27.0,148311.0,16
2023-05-11 10:35:26,RS2311,RS311,5505.0,0.0,0.0,0.0,1,5490.0,5532.0,1,5518.0,5518.0,5577.0,5418.0,27.0,148311.0,16
2023-05-11 10:36:09,RS2311,RS311,5505.0,0.0,0.0,0.0,1,5490.0,5531.0,2,5518.0,5518.0,5577.0,5418.0,27.0,148311.0,16
2023-05-11 10:36:10,RS2311,RS311,5505.0,0.0,0.0,0.0,1,5490.0,5532.0,1,5518.0,5518.0,5577.0,5418.0,27.0,148311.0,16
2023-05-11 10:36:52,RS2311,RS311,5505.0,0.0,0.0,0.0,1,5490.0,5531.0,2,5518.0,5518.0,5577.0,5418.0,27.0,148311.0,16
2023-05-11 10:36:53,RS2311,RS311,5505.0,0.0,0.0,0.0,1,5490.0,5532.0,1,5518.0,5518.0,5577.0,5418.0,27.0,148311.0,16
2023-05-11 10:37:35,RS2311,RS311,5505.0,0.0,0.0,0.0,1,5490.0,5531.0,2,5518.0,5518.0,5577.0,5418.0,27.0,148311.0,16
2023-05-11 10:37:37,RS2311,RS311,5505.0,0.0,0.0,0.0,1,5490.0,5532.0,1,5518.0,5518.0,5577.0,5418.0,27.0,148311.0,16
2023-05-11 10:38:19,RS2311,RS311,5505.0,0.0,0.0,0.0,1,5490.0,5531.0,2,5518.0,5518.0,5577.0,5418.0,27.0,148311.0,16
2023-05-11 10:38:20,RS2311,RS311,5505.0,0.0,0.0,0.0,1,5490.0,5532.0,1,5518.0,5518.0,5577.0,5418.0,27.0,148311.0,16
2023-05-11 10:39:02,RS2311,RS311,5505.0,0.0,0.0,0.0,1,5490.0,5531.0,2,5518.0,5518.0,5577.0,5418.0,27.0,148311.0,16
2023-05-11 10:39:03,RS2311,RS311,5505.0,0.0,0.0,0.0,1,5490.0,5532.0,1,5518.0,5518.0,5577.0,5418.0,27.0,148311.0,16
2023-05-11 10:39:46,RS2311,RS311,5505.0,0.0,0.0,0.0,1,5490.0,5531.0,2,5518.0,5518.0,5577.0,5418.0,27.0,148311.0,16
2023-05-11 10:39:48,RS2311,RS311,5505.0,0.0,0.0,0.0,1,5490.0,5532.0,1,5518.0,5518.0,5577.0,5418.0,27.0,148311.0,16
2023-05-11 10:40:32,RS2311,RS311,5505.0,0.0,0.0,0.0,1,5490.0,5531.0,2,5518.0,5518.0,5577.0,5418.0,27.0,148311.0,16
2023-05-11 10:40:33,RS2311,RS311,5505.0,0.0,0.0,0.0,1,5490.0,5532.0,1,5518.0,5518.0,5577.0,5418.0,27.0,148311.0,16
2023-05-11 10:41:16,RS2311,RS311,5505.0,0.0,0.0,0.0,1,5490.0,5531.0,2,5518.0,5518.0,5577.0,5418.0,27.0,148311.0,16
2023-05-11 10:41:17,RS2311,RS311,5505.0,0.0,0.0,0.0,1,5490.0,5532.0,1,5518.0,5518.0,5577.0,5418.0,27.0,148311.0,16
2023-05-11 10:42:01,RS2311,RS311,5505.0,0.0,0.0,0.0,1,5490.0,5531.0,2,5518.0,5518.0,5577.0,5418.0,27.0,148311.0,16
2023-05-11 10:42:02,RS2311,RS311,5505.0,0.0,0.0,0.0,1,5490.0,5532.0,1,5518.0,5518.0,5577.0,5418.0,27.0,148311.0,16
2023-05-11 10:42:42,RS2311,RS311,5505.0,0.0,0.0,0.0,1,5490.0,5531.0,2,5518.0,5518.0,5577.0,5418.0,27.0,148311.0,16
2023-05-11 10:42:44,RS2311,RS311,5505.0,0.0,0.0,0.0,1,5490.0,5532.0,1,5518.0,5518.0,5577.0,5418.0,27.0,148311.0,16
2023-05-11 10:43:24,RS2311,RS311,5505.0,0.0,0.0,0.0,1,5490.0,5531.0,2,5518.0,5518.0,5577.0,5418.0,27.0,148311.0,16
2023-05-11 10:43:26,RS2311,RS311,5505.0,0.0,0.0,0.0,1,5490.0,5532.0,1,5518.0,5518.0,5577.0,5418.0,27.0,148311.0,16
2023-05-11 10:44:09,RS2311,RS311,5505.0,0.0,0.0,0.0,1,5490.0,5531.0,2,5518.0,5518.0,5577.0,5418.0,27.0,148311.0,16
2023-05-11 10:44:10,RS2311,RS311,5505.0,0.0,0.0,0.0,1,5490.0,5532.0,1,5518.0,5518.0,5577.0,5418.0,27.0,148311.0,16
2023-05-11 10:44:53,RS2311,RS311,5505.0,0.0,0.0,0.0,1,5490.0,5531.0,2,5518.0,5518.0,5577.0,5418.0,27.0,148311.0,16
2023-05-11 10:44:55,RS2311,RS311,5505.0,0.0,0.0,0.0,1,5490.0,5532.0,1,5518.0,5518.0,5577.0,5418.0,27.0,148311.0,16
2023-05-11 10:45:38,RS2311,RS311,5505.0,0.0,0.0,0.0,1,5490.0,5531.0,2,5518.0,5518.0,5577.0,5418.0,27.0,148311.0,16
2023-05-11 10:45:40,RS2311,RS311,5505.0,0.0,0.0,0.0,1,5490.0,5532.0,1,5518.0,5518.0,5577.0,5418.0,27.0,148311.0,16
2023-05-11 10:46:21,RS2311,RS311,5505.0,0.0,0.0,0.0,1,5490.0,5531.0,2,5518.0,5518.0,5577.0,5418.0,27.0,148311.0,16
2023-05-11 10:46:22,RS2311,RS311,5505.0,0.0,0.0,0.0,1,5490.0,5532.0,1,5518.0,5518.0,5577.0,5418.0,27.0,148311.0,16
2023-05-11 10:47:04,RS2311,RS311,5505.0,0.0,0.0,0.0,1,5490.0,5531.0,2,5518.0,5518.0,5577.0,5418.0,27.0,148311.0,16
2023-05-11 10:47:06,RS2311,RS311,5505.0,0.0,0.0,0.0,1,5490.0,5532.0,1,5518.0,5518.0,5577.0,5418.0,27.0,148311.0,16
2023-05-11 10:47:48,RS2311,RS311,5505.0,0.0,0.0,0.0,1,5490.0,5531.0,2,5518.0,5518.0,5577.0,5418.0,27.0,148311.0,16
2023-05-11 10:47:49,RS2311,RS311,5505.0,0.0,0.0,0.0,1,5490.0,5532.0,1,5518.0,5518.0,5577.0,5418.0,27.0,148311.0,16
2023-05-11 10:48:31,RS2311,RS311,5505.0,0.0,0.0,0.0,1,5490.0,5531.0,2,5518.0,5518.0,5577.0,5418.0,27.0,148311.0,16
2023-05-11 10:48:33,RS2311,RS311,5505.0,0.0,0.0,0.0,1,5490.0,5532.0,1,5518.0,5518.0,5577.0,5418.0,27.0,148311.0,16
2023-05-11 10:49:14,RS2311,RS311,5505.0,0.0,0.0,0.0,1,5490.0,5531.0,2,5518.0,5518.0,5577.0,5418.0,27.0,148311.0,16
2023-05-11 10:49:15,RS2311,RS311,5505.0,0.0,0.0,0.0,1,5490.0,5532.0,1,5518.0,5518.0,5577.0,5418.0,27.0,148311.0,16
2023-05-11 10:49:58,RS2311,RS311,5505.0,0.0,0.0,0.0,1,5490.0,5531.0,2,5518.0,5518.0,5577.0,5418.0,27.0,148311.0,16
2023-05-11 10:49:59,RS2311,RS311,5505.0,0.0,0.0,0.0,1,5490.0,5532.0,1,5518.0,5518.0,5577.0,5418.0,27.0,148311.0,16
2023-05-11 10:50:42,RS2311,RS311,5505.0,0.0,0.0,0.0,1,5490.0,5531.0,2,5518.0,5518.0,5577.0,5418.0,27.0,148311.0,16
2023-05-11 10:50:44,RS2311,RS311,5505.0,0.0,0.0,0.0,1,5490.0,5532.0,1,5518.0,5518.0,5577.0,5418.0,27.0,148311.0,16
2023-05-11 10:51:28,RS2311,RS311,5505.0,0.0,0.0,0.0,1,5490.0,5531.0,2,5518.0,5518.0,5577.0,5418.0,27.0,148311.0,16
2023-05-11 10:51:29,RS2311,RS311,5505.0,0.0,0.0,0.0,1,5490.0,5532.0,1,5518.0,5518.0,5577.0,5418.0,27.0,148311.0,16
2023-05-11 10:52:13,RS2311,RS311,5505.0,0.0,0.0,0.0,1,5490.0,5531.0,2,5518.0,5518.0,5577.0,5418.0,27.0,148311.0,16
2023-05-11 10:52:14,RS2311,RS311,5505.0,0.0,0.0,0.0,1,5490.0,5532.0,1,5518.0,5518.0,5577.0,5418.0,27.0,148311.0,16
2023-05-11 10:52:57,RS2311,RS311,5505.0,0.0,0.0,0.0,1,5490.0,5531.0,2,5518.0,5518.0,5577.0,5418.0,27.0,148311.0,16
2023-05-11 10:52:59,RS2311,RS311,5505.0,0.0,0.0,0.0,1,5490.0,5532.0,1,5518.0,5518.0,5577.0,5418.0,27.0,148311.0,16
2023-05-11 10:53:41,RS2311,RS311,5505.0,0.0,0.0,0.0,1,5490.0,5531.0,2,5518.0,5518.0,5577.0,5418.0,27.0,148311.0,16
2023-05-11 10:53:43,RS2311,RS311,5505.0,0.0,0.0,0.0,1,5490.0,5532.0,1,5518.0,5518.0,5577.0,5418.0,27.0,148311.0,16
2023-05-11 10:54:25,RS2311,RS311,5505.0,0.0,0.0,0.0,1,5490.0,5531.0,2,5518.0,5518.0,5577.0,5418.0,27.0,148311.0,16
2023-05-11 10:54:27,RS2311,RS311,5505.0,0.0,0.0,0.0,1,5490.0,5532.0,1,5518.0,5518.0,5577.0,5418.0,27.0,148311.0,16
2023-05-11 10:55:08,RS2311,RS311,5505.0,0.0,0.0,0.0,1,5490.0,5531.0,2,5518.0,5518.0,5577.0,5418.0,27.0,148311.0,16
2023-05-11 10:55:09,RS2311,RS311,5505.0,0.0,0.0,0.0,1,5490.0,5532.0,1,5518.0,5518.0,5577.0,5418.0,27.0,148311.0,16
2023-05-11 10:55:52,RS2311,RS311,5505.0,0.0,0.0,0.0,1,5490.0,5531.0,2,5518.0,5518.0,5577.0,5418.0,27.0,148311.0,16
2023-05-11 10:55:54,RS2311,RS311,5505.0,0.0,0.0,0.0,1,5490.0,5532.0,1,5518.0,5518.0,5577.0,5418.0,27.0,148311.0,16
2023-05-11 10:56:35,RS2311,RS311,5505.0,0.0,0.0,0.0,1,5490.0,5531.0,2,5518.0,5518.0,5577.0,5418.0,27.0,148311.0,16
2023-05-11 10:56:37,RS2311,RS311,5505.0,0.0,0.0,0.0,1,5490.0,5532.0,1,5518.0,5518.0,5577.0,5418.0,27.0,148311.0,16
2023-05-11 10:57:19,RS2311,RS311,5505.0,0.0,0.0,0.0,1,5490.0,5531.0,2,5518.0,5518.0,5577.0,5418.0,27.0,148311.0,16
2023-05-11 10:57:20,RS2311,RS311,5505.0,0.0,0.0,0.0,1,5490.0,5532.0,1,5518.0,5518.0,5577.0,5418.0,27.0,148311.0,16
2023-05-11 10:58:02,RS2311,RS311,5505.0,0.0,0.0,0.0,1,5490.0,5531.0,2,5518.0,5518.0,5577.0,5418.0,27.0,148311.0,16
2023-05-11 10:58:03,RS2311,RS311,5505.0,0.0,0.0,0.0,1,5490.0,5532.0,1,5518.0,5518.0,5577.0,5418.0,27.0,148311.0,16
2023-05-11 10:58:44,RS2311,RS311,5505.0,0.0,0.0,0.0,1,5490.0,5531.0,2,5518.0,5518.0,5577.0,5418.0,27.0,148311.0,16
2023-05-11 10:58:46,RS2311,RS311,5505.0,0.0,0.0,0.0,1,5490.0,5532.0,1,5518.0,5518.0,5577.0,5418.0,27.0,148311.0,16
2023-05-11 10:59:28,RS2311,RS311,5505.0,0.0,0.0,0.0,1,5490.0,5531.0,2,5518.0,5518.0,5577.0,5418.0,27.0,148311.0,16
2023-05-11 10:59:29,RS2311,RS311,5505.0,0.0,0.0,0.0,1,5490.0,5532.0,1,5518.0,5518.0,5577.0,5418.0,27.0,148311.0,16
2023-05-11 11:00:11,RS2311,RS311,5505.0,0.0,0.0,0.0,1,5490.0,5531.0,2,5518.0,5518.0,5577.0,5418.0,27.0,148311.0,16
2023-05-11 11:00:12,RS2311,RS311,5505.0,0.0,0.0,0.0,1,5490.0,5532.0,1,5518.0,5518.0,5577.0,5418.0,27.0,148311.0,16
2023-05-11 11:00:55,RS2311,RS311,5505.0,0.0,0.0,0.0,1,5490.0,5531.0,2,5518.0,5518.0,5577.0,5418.0,27.0,148311.0,16
2023-05-11 11:00:57,RS2311,RS311,5505.0,0.0,0.0,0.0,1,5490.0,5532.0,1,5518.0,5518.0,5577.0,5418.0,27.0,148311.0,16
2023-05-11 11:01:41,RS2311,RS311,5505.0,0.0,0.0,0.0,1,5490.0,5531.0,2,5518.0,5518.0,5577.0,5418.0,27.0,148311.0,16
2023-05-11 11:01:42,RS2311,RS311,5505.0,0.0,0.0,0.0,1,5490.0,5532.0,1,5518.0,5518.0,5577.0,5418.0,27.0,148311.0,16
2023-05-11 11:02:24,RS2311,RS311,5505.0,0.0,0.0,0.0,1,5490.0,5531.0,2,5518.0,5518.0,5577.0,5418.0,27.0,148311.0,16
2023-05-11 11:02:26,RS2311,RS311,5505.0,0.0,0.0,0.0,1,5490.0,5532.0,1,5518.0,5518.0,5577.0,5418.0,27.0,148311.0,16
2023-05-11 11:03:09,RS2311,RS311,5505.0,0.0,0.0,0.0,1,5490.0,5531.0,2,5518.0,5518.0,5577.0,5418.0,27.0,148311.0,16
2023-05-11 11:03:10,RS2311,RS311,5505.0,0.0,0.0,0.0,1,5490.0,5532.0,1,5518.0,5518.0,5577.0,5418.0,27.0,148311.0,16
2023-05-11 11:03:53,RS2311,RS311,5505.0,0.0,0.0,0.0,2,5491.0,5532.0,1,5518.0,5518.0,5577.0,5418.0,27.0,148311.0,16
2023-05-11 11:03:55,RS2311,RS311,5505.0,0.0,0.0,0.0,1,5490.0,5532.0,1,5518.0,5518.0,5577.0,5418.0,27.0,148311.0,16
2023-05-11 11:04:38,RS2311,RS311,5505.0,0.0,0.0,0.0,2,5491.0,5532.0,1,5518.0,5518.0,5577.0,5418.0,27.0,148311.0,16
2023-05-11 11:04:40,RS2311,RS311,5505.0,0.0,0.0,0.0,1,5490.0,5532.0,1,5518.0,5518.0,5577.0,5418.0,27.0,148311.0,16
2023-05-11 11:05:21,RS2311,RS311,5505.0,0.0,0.0,0.0,2,5491.0,5532.0,1,5518.0,5518.0,5577.0,5418.0,27.0,148311.0,16
2023-05-11 11:05:22,RS2311,RS311,5505.0,0.0,0.0,0.0,1,5490.0,5532.0,1,5518.0,5518.0,5577.0,5418.0,27.0,148311.0,16
2023-05-11 11:06:04,RS2311,RS311,5505.0,0.0,0.0,0.0,2,5491.0,5532.0,1,5518.0,5518.0,5577.0,5418.0,27.0,148311.0,16
2023-05-11 11:06:05,RS2311,RS311,5505.0,0.0,0.0,0.0,1,5490.0,5532.0,1,5518.0,5518.0,5577.0,5418.0,27.0,148311.0,16
2023-05-11 11:06:49,RS2311,RS311,5505.0,0.0,0.0,0.0,2,5491.0,5532.0,1,5518.0,5518.0,5577.0,5418.0,27.0,148311.0,16
2023-05-11 11:06:51,RS2311,RS311,5505.0,0.0,0.0,0.0,1,5490.0,5532.0,1,5518.0,5518.0,5577.0,5418.0,27.0,148311.0,16
2023-05-11 11:07:34,RS2311,RS311,5505.0,0.0,0.0,0.0,2,5491.0,5532.0,1,5518.0,5518.0,5577.0,5418.0,27.0,148311.0,16
2023-05-11 11:07:35,RS2311,RS311,5505.0,0.0,0.0,0.0,1,5490.0,5532.0,1,5518.0,5518.0,5577.0,5418.0,27.0,148311.0,16
2023-05-11 11:08:18,RS2311,RS311,5505.0,0.0,0.0,0.0,2,5491.0,5532.0,1,5518.0,5518.0,5577.0,5418.0,27.0,148311.0,16
2023-05-11 11:08:20,RS2311,RS311,5505.0,0.0,0.0,0.0,1,5490.0,5532.0,1,5518.0,5518.0,5577.0,5418.0,27.0,148311.0,16
2023-05-11 11:09:03,RS2311,RS311,5505.0,0.0,0.0,0.0,2,5491.0,5532.0,1,5518.0,5518.0,5577.0,5418.0,27.0,148311.0,16
2023-05-11 11:09:05,RS2311,RS311,5505.0,0.0,0.0,0.0,1,5490.0,5532.0,1,5518.0,5518.0,5577.0,5418.0,27.0,148311.0,16
2023-05-11 11:09:48,RS2311,RS311,5505.0,0.0,0.0,0.0,2,5491.0,5532.0,1,5518.0,5518.0,5577.0,5418.0,27.0,148311.0,16
2023-05-11 11:09:50,RS2311,RS311,5505.0,0.0,0.0,0.0,1,5490.0,5532.0,1,5518.0,5518.0,5577.0,5418.0,27.0,148311.0,16
2023-05-11 11:10:33,RS2311,RS311,5505.0,0.0,0.0,0.0,2,5491.0,5532.0,1,5518.0,5518.0,5577.0,5418.0,27.0,148311.0,16
2023-05-11 11:10:34,RS2311,RS311,5505.0,0.0,0.0,0.0,1,5490.0,5532.0,1,5518.0,5518.0,5577.0,5418.0,27.0,148311.0,16
2023-05-11 11:11:17,RS2311,RS311,5505.0,0.0,0.0,0.0,2,5491.0,5532.0,1,5518.0,5518.0,5577.0,5418.0,27.0,148311.0,16
2023-05-11 11:11:19,RS2311,RS311,5505.0,0.0,0.0,0.0,1,5490.0,5532.0,1,5518.0,5518.0,5577.0,5418.0,27.0,148311.0,16
2023-05-11 11:12:02,RS2311,RS311,5505.0,0.0,0.0,0.0,2,5491.0,5532.0,1,5518.0,5518.0,5577.0,5418.0,27.0,148311.0,16
2023-05-11 11:12:04,RS2311,RS311,5505.0,0.0,0.0,0.0,1,5490.0,5532.0,1,5518.0,5518.0,5577.0,5418.0,27.0,148311.0,16
2023-05-11 11:12:45,RS2311,RS311,5505.0,0.0,0.0,0.0,2,5491.0,5532.0,1,5518.0,5518.0,5577.0,5418.0,27.0,148311.0,16
2023-05-11 11:12:46,RS2311,RS311,5505.0,0.0,0.0,0.0,1,5490.0,5532.0,1,5518.0,5518.0,5577.0,5418.0,27.0,148311.0,16
2023-05-11 11:13:30,RS2311,RS311,5505.0,0.0,0.0,0.0,2,5491.0,5532.0,1,5518.0,5518.0,5577.0,5418.0,27.0,148311.0,16
2023-05-11 11:13:31,RS2311,RS311,5505.0,0.0,0.0,0.0,1,5490.0,5532.0,1,5518.0,5518.0,5577.0,5418.0,27.0,148311.0,16
2023-05-11 11:14:13,RS2311,RS311,5505.0,0.0,0.0,0.0,2,5491.0,5532.0,1,5518.0,5518.0,5577.0,5418.0,27.0,148311.0,16
2023-05-11 11:14:15,RS2311,RS311,5505.0,0.0,0.0,0.0,1,5490.0,5532.0,1,5518.0,5518.0,5577.0,5418.0,27.0,148311.0,16
2023-05-11 11:14:57,RS2311,RS311,5505.0,0.0,0.0,0.0,2,5491.0,5532.0,1,5518.0,5518.0,5577.0,5418.0,27.0,148311.0,16
2023-05-11 11:14:59,RS2311,RS311,5505.0,0.0,0.0,0.0,1,5490.0,5532.0,1,5518.0,5518.0,5577.0,5418.0,27.0,148311.0,16
2023-05-11 11:15:40,RS2311,RS311,5505.0,0.0,0.0,0.0,2,5491.0,5532.0,1,5518.0,5518.0,5577.0,5418.0,27.0,148311.0,16
2023-05-11 11:15:42,RS2311,RS311,5505.0,0.0,0.0,0.0,1,5490.0,5532.0,1,5518.0,5518.0,5577.0,5418.0,27.0,148311.0,16
2023-05-11 11:16:24,RS2311,RS311,5505.0,0.0,0.0,0.0,2,5491.0,5532.0,1,5518.0,5518.0,5577.0,5418.0,27.0,148311.0,16
2023-05-11 11:16:25,RS2311,RS311,5505.0,0.0,0.0,0.0,1,5490.0,5532.0,1,5518.0,5518.0,5577.0,5418.0,27.0,148311.0,16
2023-05-11 11:17:08,RS2311,RS311,5505.0,0.0,0.0,0.0,2,5491.0,5532.0,1,5518.0,5518.0,5577.0,5418.0,27.0,148311.0,16
2023-05-11 11:17:10,RS2311,RS311,5505.0,0.0,0.0,0.0,1,5490.0,5532.0,1,5518.0,5518.0,5577.0,5418.0,27.0,148311.0,16
2023-05-11 11:17:51,RS2311,RS311,5505.0,0.0,0.0,0.0,2,5491.0,5532.0,1,5518.0,5518.0,5577.0,5418.0,27.0,148311.0,16
2023-05-11 11:17:53,RS2311,RS311,5505.0,0.0,0.0,0.0,1,5490.0,5532.0,1,5518.0,5518.0,5577.0,5418.0,27.0,148311.0,16
2023-05-11 11:18:35,RS2311,RS311,5505.0,0.0,0.0,0.0,2,5491.0,5532.0,1,5518.0,5518.0,5577.0,5418.0,27.0,148311.0,16
2023-05-11 11:18:37,RS2311,RS311,5505.0,0.0,0.0,0.0,1,5490.0,5532.0,1,5518.0,5518.0,5577.0,5418.0,27.0,148311.0,16
2023-05-11 11:19:18,RS2311,RS311,5505.0,0.0,0.0,0.0,2,5491.0,5532.0,1,5518.0,5518.0,5577.0,5418.0,27.0,148311.0,16
2023-05-11 11:19:20,RS2311,RS311,5505.0,0.0,0.0,0.0,1,5490.0,5532.0,1,5518.0,5518.0,5577.0,5418.0,27.0,148311.0,16
2023-05-11 11:20:01,RS2311,RS311,5505.0,0.0,0.0,0.0,2,5491.0,5532.0,1,5518.0,5518.0,5577.0,5418.0,27.0,148311.0,16
2023-05-11 11:20:02,RS2311,RS311,5505.0,0.0,0.0,0.0,1,5490.0,5532.0,1,5518.0,5518.0,5577.0,5418.0,27.0,148311.0,16
2023-05-11 11:20:42,RS2311,RS311,5505.0,0.0,0.0,0.0,2,5491.0,5532.0,1,5518.0,5518.0,5577.0,5418.0,27.0,148311.0,16
2023-05-11 11:20:44,RS2311,RS311,5505.0,0.0,0.0,0.0,1,5490.0,5532.0,1,5518.0,5518.0,5577.0,5418.0,27.0,148311.0,16
2023-05-11 11:21:26,RS2311,RS311,5505.0,0.0,0.0,0.0,2,5491.0,5532.0,1,5518.0,5518.0,5577.0,5418.0,27.0,148311.0,16
2023-05-11 11:21:27,RS2311,RS311,5505.0,0.0,0.0,0.0,1,5490.0,5532.0,1,5518.0,5518.0,5577.0,5418.0,27.0,148311.0,16
2023-05-11 11:22:10,RS2311,RS311,5505.0,0.0,0.0,0.0,2,5491.0,5532.0,1,5518.0,5518.0,5577.0,5418.0,27.0,148311.0,16
2023-05-11 11:22:12,RS2311,RS311,5505.0,0.0,0.0,0.0,1,5490.0,5532.0,1,5518.0,5518.0,5577.0,5418.0,27.0,148311.0,16
2023-05-11 11:22:53,RS2311,RS311,5505.0,0.0,0.0,0.0,2,5491.0,5532.0,1,5518.0,5518.0,5577.0,5418.0,27.0,148311.0,16
2023-05-11 11:22:54,RS2311,RS311,5505.0,0.0,0.0,0.0,1,5490.0,5532.0,1,5518.0,5518.0,5577.0,5418.0,27.0,148311.0,16
2023-05-11 11:23:36,RS2311,RS311,5505.0,0.0,0.0,0.0,2,5491.0,5532.0,1,5518.0,5518.0,5577.0,5418.0,27.0,148311.0,16
2023-05-11 11:23:37,RS2311,RS311,5505.0,0.0,0.0,0.0,1,5490.0,5532.0,1,5518.0,5518.0,5577.0,5418.0,27.0,148311.0,16
2023-05-11 11:24:21,RS2311,RS311,5505.0,0.0,0.0,0.0,2,5491.0,5532.0,1,5518.0,5518.0,5577.0,5418.0,27.0,148311.0,16
2023-05-11 11:24:23,RS2311,RS311,5505.0,0.0,0.0,0.0,1,5490.0,5532.0,1,5518.0,5518.0,5577.0,5418.0,27.0,148311.0,16
2023-05-11 11:25:05,RS2311,RS311,5505.0,0.0,0.0,0.0,2,5491.0,5532.0,1,5518.0,5518.0,5577.0,5418.0,27.0,148311.0,16
2023-05-11 11:25:06,RS2311,RS311,5505.0,0.0,0.0,0.0,1,5490.0,5532.0,1,5518.0,5518.0,5577.0,5418.0,27.0,148311.0,16
2023-05-11 11:25:48,RS2311,RS311,5505.0,0.0,0.0,0.0,2,5491.0,5532.0,1,5518.0,5518.0,5577.0,5418.0,27.0,148311.0,16
2023-05-11 11:25:49,RS2311,RS311,5505.0,0.0,0.0,0.0,1,5490.0,5532.0,1,5518.0,5518.0,5577.0,5418.0,27.0,148311.0,16
2023-05-11 11:26:32,RS2311,RS311,5505.0,0.0,0.0,0.0,2,5491.0,5532.0,1,5518.0,5518.0,5577.0,5418.0,27.0,148311.0,16
2023-05-11 11:26:34,RS2311,RS311,5505.0,0.0,0.0,0.0,1,5490.0,5532.0,1,5518.0,5518.0,5577.0,5418.0,27.0,148311.0,16
2023-05-11 11:27:17,RS2311,RS311,5505.0,0.0,0.0,0.0,2,5491.0,5532.0,1,5518.0,5518.0,5577.0,5418.0,27.0,148311.0,16
2023-05-11 11:27:19,RS2311,RS311,5505.0,0.0,0.0,0.0,1,5490.0,5532.0,1,5518.0,5518.0,5577.0,5418.0,27.0,148311.0,16
2023-05-11 11:28:02,RS2311,RS311,5505.0,0.0,0.0,0.0,2,5491.0,5532.0,1,5518.0,5518.0,5577.0,5418.0,27.0,148311.0,16
2023-05-11 11:28:03,RS2311,RS311,5505.0,0.0,0.0,0.0,1,5490.0,5532.0,1,5518.0,5518.0,5577.0,5418.0,27.0,148311.0,16
2023-05-11 11:28:46,RS2311,RS311,5505.0,0.0,0.0,0.0,2,5491.0,5532.0,1,5518.0,5518.0,5577.0,5418.0,27.0,148311.0,16
2023-05-11 11:28:48,RS2311,RS311,5505.0,0.0,0.0,0.0,1,5490.0,5532.0,1,5518.0,5518.0,5577.0,5418.0,27.0,148311.0,16
2023-05-11 11:29:31,RS2311,RS311,5505.0,0.0,0.0,0.0,2,5491.0,5532.0,1,5518.0,5518.0,5577.0,5418.0,27.0,148311.0,16
2023-05-11 11:29:32,RS2311,RS311,5505.0,0.0,0.0,0.0,1,5490.0,5532.0,1,5518.0,5518.0,5577.0,5418.0,27.0,148311.0,16
2023-05-11 13:30:18,RS2311,RS311,5505.0,0.0,0.0,0.0,2,5491.0,5532.0,1,5518.0,5518.0,5577.0,5418.0,27.0,148311.0,16
2023-05-11 13:30:21,RS2311,RS311,5505.0,0.0,0.0,0.0,1,5490.0,5532.0,1,5518.0,5518.0,5577.0,5418.0,27.0,148311.0,16
2023-05-11 13:31:04,RS2311,RS311,5505.0,0.0,0.0,0.0,2,5491.0,5532.0,1,5518.0,5518.0,5577.0,5418.0,27.0,148311.0,16
2023-05-11 13:31:06,RS2311,RS311,5505.0,0.0,0.0,0.0,1,5490.0,5532.0,1,5518.0,5518.0,5577.0,5418.0,27.0,148311.0,16
2023-05-11 13:31:48,RS2311,RS311,5505.0,0.0,0.0,0.0,2,5491.0,5532.0,1,5518.0,5518.0,5577.0,5418.0,27.0,148311.0,16
2023-05-11 13:31:50,RS2311,RS311,5505.0,0.0,0.0,0.0,1,5490.0,5532.0,1,5518.0,5518.0,5577.0,5418.0,27.0,148311.0,16
2023-05-11 13:32:33,RS2311,RS311,5505.0,0.0,0.0,0.0,2,5491.0,5532.0,1,5518.0,5518.0,5577.0,5418.0,27.0,148311.0,16
2023-05-11 13:32:34,RS2311,RS311,5505.0,0.0,0.0,0.0,1,5490.0,5532.0,1,5518.0,5518.0,5577.0,5418.0,27.0,148311.0,16
2023-05-11 13:33:18,RS2311,RS311,5505.0,0.0,0.0,0.0,2,5491.0,5532.0,1,5518.0,5518.0,5577.0,5418.0,27.0,148311.0,16
2023-05-11 13:33:19,RS2311,RS311,5505.0,0.0,0.0,0.0,1,5490.0,5532.0,1,5518.0,5518.0,5577.0,5418.0,27.0,148311.0,16
2023-05-11 13:34:02,RS2311,RS311,5505.0,0.0,0.0,0.0,2,5491.0,5532.0,1,5518.0,5518.0,5577.0,5418.0,27.0,148311.0,16
2023-05-11 13:34:03,RS2311,RS311,5505.0,0.0,0.0,0.0,1,5490.0,5532.0,1,5518.0,5518.0,5577.0,5418.0,27.0,148311.0,16
2023-05-11 13:34:46,RS2311,RS311,5505.0,0.0,0.0,0.0,2,5491.0,5532.0,1,5518.0,5518.0,5577.0,5418.0,27.0,148311.0,16
2023-05-11 13:34:47,RS2311,RS311,5505.0,0.0,0.0,0.0,1,5490.0,5532.0,1,5518.0,5518.0,5577.0,5418.0,27.0,148311.0,16
2023-05-11 13:35:29,RS2311,RS311,5505.0,0.0,0.0,0.0,2,5491.0,5532.0,1,5518.0,5518.0,5577.0,5418.0,27.0,148311.0,16
2023-05-11 13:35:31,RS2311,RS311,5505.0,0.0,0.0,0.0,1,5490.0,5532.0,1,5518.0,5518.0,5577.0,5418.0,27.0,148311.0,16
2023-05-11 13:35:43,RS2311,RS311,5505.0,0.0,0.0,0.0,1,5450.0,5532.0,1,5518.0,5518.0,5577.0,5418.0,27.0,148311.0,16
2023-05-11 13:35:43,RS2311,RS311,5505.0,0.0,0.0,0.0,1,5451.0,5532.0,1,5518.0,5518.0,5577.0,5418.0,27.0,148311.0,16
2023-05-11 13:35:49,RS2311,RS311,5505.0,0.0,0.0,0.0,1,5452.0,5532.0,1,5518.0,5518.0,5577.0,5418.0,27.0,148311.0,16
2023-05-11 13:35:49,RS2311,RS311,5505.0,0.0,0.0,0.0,1,5453.0,5532.0,1,5518.0,5518.0,5577.0,5418.0,27.0,148311.0,16
2023-05-11 13:35:55,RS2311,RS311,5505.0,0.0,0.0,0.0,1,5460.0,5532.0,1,5518.0,5518.0,5577.0,5418.0,27.0,148311.0,16
2023-05-11 13:35:58,RS2311,RS311,5505.0,0.0,0.0,0.0,1,5461.0,5532.0,1,5518.0,5518.0,5577.0,5418.0,27.0,148311.0,16
2023-05-11 13:36:06,RS2311,RS311,5505.0,0.0,0.0,0.0,1,5470.0,5532.0,1,5518.0,5518.0,5577.0,5418.0,27.0,148311.0,16
2023-05-11 13:36:10,RS2311,RS311,5505.0,0.0,0.0,0.0,1,5471.0,5532.0,1,5518.0,5518.0,5577.0,5418.0,27.0,148311.0,16
2023-05-11 13:36:12,RS2311,RS311,5505.0,0.0,0.0,0.0,1,5472.0,5532.0,1,5518.0,5518.0,5577.0,5418.0,27.0,148311.0,16
2023-05-11 13:36:14,RS2311,RS311,5505.0,0.0,0.0,0.0,1,5473.0,5532.0,1,5518.0,5518.0,5577.0,5418.0,27.0,148311.0,16
2023-05-11 13:36:16,RS2311,RS311,5505.0,0.0,0.0,0.0,1,5474.0,5532.0,1,5518.0,5518.0,5577.0,5418.0,27.0,148311.0,16
2023-05-11 13:36:17,RS2311,RS311,5505.0,0.0,0.0,0.0,1,5480.0,5532.0,1,5518.0,5518.0,5577.0,5418.0,27.0,148311.0,16
2023-05-11 13:36:18,RS2311,RS311,5505.0,0.0,0.0,0.0,1,5481.0,5532.0,1,5518.0,5518.0,5577.0,5418.0,27.0,148311.0,16
2023-05-11 13:36:21,RS2311,RS311,5505.0,0.0,0.0,0.0,1,5485.0,5532.0,1,5518.0,5518.0,5577.0,5418.0,27.0,148311.0,16
2023-05-11 13:36:22,RS2311,RS311,5505.0,0.0,0.0,0.0,1,5486.0,5532.0,1,5518.0,5518.0,5577.0,5418.0,27.0,148311.0,16
2023-05-11 13:36:25,RS2311,RS311,5505.0,0.0,0.0,0.0,1,5488.0,5532.0,1,5518.0,5518.0,5577.0,5418.0,27.0,148311.0,16
2023-05-11 13:36:28,RS2311,RS311,5505.0,0.0,0.0,0.0,1,5489.0,5532.0,1,5518.0,5518.0,5577.0,5418.0,27.0,148311.0,16
2023-05-11 13:36:29,RS2311,RS311,5505.0,0.0,0.0,0.0,1,5490.0,5532.0,1,5518.0,5518.0,5577.0,5418.0,27.0,148311.0,16
2023-05-11 13:36:30,RS2311,RS311,5505.0,0.0,0.0,0.0,1,5491.0,5532.0,1,5518.0,5518.0,5577.0,5418.0,27.0,148311.0,16
2023-05-11 13:36:47,RS2311,RS311,5505.0,0.0,0.0,0.0,1,5460.0,5532.0,1,5518.0,5518.0,5577.0,5418.0,27.0,148311.0,16
2023-05-11 13:36:47,RS2311,RS311,5505.0,0.0,0.0,0.0,1,5490.0,5532.0,1,5518.0,5518.0,5577.0,5418.0,27.0,148311.0,16
2023-05-11 13:36:58,RS2311,RS311,5505.0,0.0,0.0,0.0,1,5490.0,5531.0,2,5518.0,5518.0,5577.0,5418.0,27.0,148311.0,16
2023-05-11 13:36:59,RS2311,RS311,5505.0,0.0,0.0,0.0,1,5490.0,5532.0,1,5518.0,5518.0,5577.0,5418.0,27.0,148311.0,16
2023-05-11 13:37:42,RS2311,RS311,5505.0,0.0,0.0,0.0,1,5490.0,5531.0,2,5518.0,5518.0,5577.0,5418.0,27.0,148311.0,16
2023-05-11 13:37:44,RS2311,RS311,5505.0,0.0,0.0,0.0,1,5490.0,5532.0,1,5518.0,5518.0,5577.0,5418.0,27.0,148311.0,16
2023-05-11 13:38:27,RS2311,RS311,5505.0,0.0,0.0,0.0,1,5490.0,5531.0,2,5518.0,5518.0,5577.0,5418.0,27.0,148311.0,16
2023-05-11 13:38:28,RS2311,RS311,5505.0,0.0,0.0,0.0,1,5490.0,5532.0,1,5518.0,5518.0,5577.0,5418.0,27.0,148311.0,16
2023-05-11 13:39:11,RS2311,RS311,5505.0,0.0,0.0,0.0,1,5490.0,5531.0,2,5518.0,5518.0,5577.0,5418.0,27.0,148311.0,16
2023-05-11 13:39:12,RS2311,RS311,5505.0,0.0,0.0,0.0,1,5490.0,5532.0,1,5518.0,5518.0,5577.0,5418.0,27.0,148311.0,16
2023-05-11 13:39:56,RS2311,RS311,5505.0,0.0,0.0,0.0,2,5491.0,5532.0,1,5518.0,5518.0,5577.0,5418.0,27.0,148311.0,16
2023-05-11 13:39:57,RS2311,RS311,5505.0,0.0,0.0,0.0,1,5490.0,5532.0,1,5518.0,5518.0,5577.0,5418.0,27.0,148311.0,16
2023-05-11 13:40:40,RS2311,RS311,5505.0,0.0,0.0,0.0,2,5491.0,5532.0,1,5518.0,5518.0,5577.0,5418.0,27.0,148311.0,16
2023-05-11 13:40:41,RS2311,RS311,5505.0,0.0,0.0,0.0,1,5490.0,5532.0,1,5518.0,5518.0,5577.0,5418.0,27.0,148311.0,16
2023-05-11 13:41:25,RS2311,RS311,5505.0,0.0,0.0,0.0,2,5491.0,5532.0,1,5518.0,5518.0,5577.0,5418.0,27.0,148311.0,16
2023-05-11 13:41:26,RS2311,RS311,5505.0,0.0,0.0,0.0,1,5490.0,5532.0,1,5518.0,5518.0,5577.0,5418.0,27.0,148311.0,16
2023-05-11 13:42:08,RS2311,RS311,5505.0,0.0,0.0,0.0,2,5491.0,5532.0,1,5518.0,5518.0,5577.0,5418.0,27.0,148311.0,16
2023-05-11 13:42:09,RS2311,RS311,5505.0,0.0,0.0,0.0,1,5490.0,5532.0,1,5518.0,5518.0,5577.0,5418.0,27.0,148311.0,16
2023-05-11 13:42:50,RS2311,RS311,5505.0,0.0,0.0,0.0,2,5491.0,5532.0,1,5518.0,5518.0,5577.0,5418.0,27.0,148311.0,16
2023-05-11 13:42:51,RS2311,RS311,5505.0,0.0,0.0,0.0,1,5490.0,5532.0,1,5518.0,5518.0,5577.0,5418.0,27.0,148311.0,16
2023-05-11 13:43:32,RS2311,RS311,5505.0,0.0,0.0,0.0,2,5491.0,5532.0,1,5518.0,5518.0,5577.0,5418.0,27.0,148311.0,16
2023-05-11 13:43:34,RS2311,RS311,5505.0,0.0,0.0,0.0,1,5490.0,5532.0,1,5518.0,5518.0,5577.0,5418.0,27.0,148311.0,16
2023-05-11 13:44:16,RS2311,RS311,5505.0,0.0,0.0,0.0,2,5491.0,5532.0,1,5518.0,5518.0,5577.0,5418.0,27.0,148311.0,16
2023-05-11 13:44:17,RS2311,RS311,5505.0,0.0,0.0,0.0,1,5490.0,5532.0,1,5518.0,5518.0,5577.0,5418.0,27.0,148311.0,16
2023-05-11 13:44:59,RS2311,RS311,5505.0,0.0,0.0,0.0,2,5491.0,5532.0,1,5518.0,5518.0,5577.0,5418.0,27.0,148311.0,16
2023-05-11 13:45:01,RS2311,RS311,5505.0,0.0,0.0,0.0,1,5490.0,5532.0,1,5518.0,5518.0,5577.0,5418.0,27.0,148311.0,16
2023-05-11 13:45:43,RS2311,RS311,5505.0,0.0,0.0,0.0,2,5491.0,5532.0,1,5518.0,5518.0,5577.0,5418.0,27.0,148311.0,16
2023-05-11 13:45:45,RS2311,RS311,5505.0,0.0,0.0,0.0,1,5490.0,5532.0,1,5518.0,5518.0,5577.0,5418.0,27.0,148311.0,16
2023-05-11 13:46:28,RS2311,RS311,5505.0,0.0,0.0,0.0,2,5491.0,5532.0,1,5518.0,5518.0,5577.0,5418.0,27.0,148311.0,16
2023-05-11 13:46:29,RS2311,RS311,5505.0,0.0,0.0,0.0,1,5490.0,5532.0,1,5518.0,5518.0,5577.0,5418.0,27.0,148311.0,16
2023-05-11 13:47:11,RS2311,RS311,5505.0,0.0,0.0,0.0,2,5491.0,5532.0,1,5518.0,5518.0,5577.0,5418.0,27.0,148311.0,16
2023-05-11 13:47:13,RS2311,RS311,5505.0,0.0,0.0,0.0,1,5490.0,5532.0,1,5518.0,5518.0,5577.0,5418.0,27.0,148311.0,16
2023-05-11 13:47:55,RS2311,RS311,5505.0,0.0,0.0,0.0,2,5491.0,5532.0,1,5518.0,5518.0,5577.0,5418.0,27.0,148311.0,16
2023-05-11 13:47:57,RS2311,RS311,5505.0,0.0,0.0,0.0,1,5490.0,5532.0,1,5518.0,5518.0,5577.0,5418.0,27.0,148311.0,16
2023-05-11 13:48:38,RS2311,RS311,5505.0,0.0,0.0,0.0,2,5491.0,5532.0,1,5518.0,5518.0,5577.0,5418.0,27.0,148311.0,16
2023-05-11 13:48:39,RS2311,RS311,5505.0,0.0,0.0,0.0,1,5490.0,5532.0,1,5518.0,5518.0,5577.0,5418.0,27.0,148311.0,16
2023-05-11 13:49:21,RS2311,RS311,5505.0,0.0,0.0,0.0,2,5491.0,5532.0,1,5518.0,5518.0,5577.0,5418.0,27.0,148311.0,16
2023-05-11 13:49:22,RS2311,RS311,5505.0,0.0,0.0,0.0,1,5490.0,5532.0,1,5518.0,5518.0,5577.0,5418.0,27.0,148311.0,16
2023-05-11 13:50:05,RS2311,RS311,5505.0,0.0,0.0,0.0,2,5491.0,5532.0,1,5518.0,5518.0,5577.0,5418.0,27.0,148311.0,16
2023-05-11 13:50:07,RS2311,RS311,5505.0,0.0,0.0,0.0,1,5490.0,5532.0,1,5518.0,5518.0,5577.0,5418.0,27.0,148311.0,16
2023-05-11 13:50:48,RS2311,RS311,5505.0,0.0,0.0,0.0,2,5491.0,5532.0,1,5518.0,5518.0,5577.0,5418.0,27.0,148311.0,16
2023-05-11 13:50:50,RS2311,RS311,5505.0,0.0,0.0,0.0,1,5490.0,5532.0,1,5518.0,5518.0,5577.0,5418.0,27.0,148311.0,16
2023-05-11 13:51:32,RS2311,RS311,5505.0,0.0,0.0,0.0,2,5491.0,5532.0,1,5518.0,5518.0,5577.0,5418.0,27.0,148311.0,16
2023-05-11 13:51:34,RS2311,RS311,5505.0,0.0,0.0,0.0,1,5490.0,5532.0,1,5518.0,5518.0,5577.0,5418.0,27.0,148311.0,16
2023-05-11 13:52:14,RS2311,RS311,5505.0,0.0,0.0,0.0,2,5491.0,5532.0,1,5518.0,5518.0,5577.0,5418.0,27.0,148311.0,16
2023-05-11 13:52:16,RS2311,RS311,5505.0,0.0,0.0,0.0,1,5490.0,5532.0,1,5518.0,5518.0,5577.0,5418.0,27.0,148311.0,16
2023-05-11 13:52:57,RS2311,RS311,5505.0,0.0,0.0,0.0,2,5491.0,5532.0,1,5518.0,5518.0,5577.0,5418.0,27.0,148311.0,16
2023-05-11 13:52:58,RS2311,RS311,5505.0,0.0,0.0,0.0,1,5490.0,5532.0,1,5518.0,5518.0,5577.0,5418.0,27.0,148311.0,16
2023-05-11 13:53:39,RS2311,RS311,5505.0,0.0,0.0,0.0,2,5491.0,5532.0,1,5518.0,5518.0,5577.0,5418.0,27.0,148311.0,16
2023-05-11 13:53:41,RS2311,RS311,5505.0,0.0,0.0,0.0,1,5490.0,5532.0,1,5518.0,5518.0,5577.0,5418.0,27.0,148311.0,16
2023-05-11 13:54:23,RS2311,RS311,5505.0,0.0,0.0,0.0,2,5491.0,5532.0,1,5518.0,5518.0,5577.0,5418.0,27.0,148311.0,16
2023-05-11 13:54:25,RS2311,RS311,5505.0,0.0,0.0,0.0,1,5490.0,5532.0,1,5518.0,5518.0,5577.0,5418.0,27.0,148311.0,16
2023-05-11 13:55:08,RS2311,RS311,5505.0,0.0,0.0,0.0,2,5491.0,5532.0,1,5518.0,5518.0,5577.0,5418.0,27.0,148311.0,16
2023-05-11 13:55:10,RS2311,RS311,5505.0,0.0,0.0,0.0,1,5490.0,5532.0,1,5518.0,5518.0,5577.0,5418.0,27.0,148311.0,16
2023-05-11 13:55:52,RS2311,RS311,5505.0,0.0,0.0,0.0,2,5491.0,5532.0,1,5518.0,5518.0,5577.0,5418.0,27.0,148311.0,16
2023-05-11 13:55:54,RS2311,RS311,5505.0,0.0,0.0,0.0,1,5490.0,5532.0,1,5518.0,5518.0,5577.0,5418.0,27.0,148311.0,16
2023-05-11 13:56:37,RS2311,RS311,5505.0,0.0,0.0,0.0,2,5491.0,5532.0,1,5518.0,5518.0,5577.0,5418.0,27.0,148311.0,16
2023-05-11 13:56:39,RS2311,RS311,5505.0,0.0,0.0,0.0,2,5491.0,5530.0,1,5518.0,5518.0,5577.0,5418.0,27.0,148311.0,16
2023-05-11 13:56:39,RS2311,RS311,5505.0,0.0,0.0,0.0,1,5490.0,5530.0,1,5518.0,5518.0,5577.0,5418.0,27.0,148311.0,16
2023-05-11 13:56:47,RS2311,RS311,5505.0,0.0,0.0,0.0,1,5490.0,5529.0,1,5518.0,5518.0,5577.0,5418.0,27.0,148311.0,16
2023-05-11 13:57:21,RS2311,RS311,5505.0,0.0,0.0,0.0,2,5491.0,5529.0,1,5518.0,5518.0,5577.0,5418.0,27.0,148311.0,16
2023-05-11 13:57:22,RS2311,RS311,5505.0,0.0,0.0,0.0,1,5490.0,5534.0,1,5518.0,5518.0,5577.0,5418.0,27.0,148311.0,16
2023-05-11 13:58:04,RS2311,RS311,5505.0,0.0,0.0,0.0,2,5491.0,5534.0,1,5518.0,5518.0,5577.0,5418.0,27.0,148311.0,16
2023-05-11 13:58:06,RS2311,RS311,5505.0,0.0,0.0,0.0,1,5490.0,5534.0,1,5518.0,5518.0,5577.0,5418.0,27.0,148311.0,16
2023-05-11 13:58:47,RS2311,RS311,5505.0,0.0,0.0,0.0,1,5490.0,5533.0,2,5518.0,5518.0,5577.0,5418.0,27.0,148311.0,16
2023-05-11 13:58:48,RS2311,RS311,5505.0,0.0,0.0,0.0,1,5490.0,5534.0,1,5518.0,5518.0,5577.0,5418.0,27.0,148311.0,16
2023-05-11 13:59:29,RS2311,RS311,5505.0,0.0,0.0,0.0,2,5491.0,5534.0,1,5518.0,5518.0,5577.0,5418.0,27.0,148311.0,16
2023-05-11 13:59:30,RS2311,RS311,5505.0,0.0,0.0,0.0,1,5490.0,5534.0,1,5518.0,5518.0,5577.0,5418.0,27.0,148311.0,16
2023-05-11 14:00:12,RS2311,RS311,5505.0,0.0,0.0,0.0,2,5491.0,5534.0,1,5518.0,5518.0,5577.0,5418.0,27.0,148311.0,16
2023-05-11 14:00:14,RS2311,RS311,5505.0,0.0,0.0,0.0,1,5490.0,5534.0,1,5518.0,5518.0,5577.0,5418.0,27.0,148311.0,16
2023-05-11 14:00:56,RS2311,RS311,5505.0,0.0,0.0,0.0,2,5491.0,5534.0,1,5518.0,5518.0,5577.0,5418.0,27.0,148311.0,16
2023-05-11 14:00:57,RS2311,RS311,5505.0,0.0,0.0,0.0,1,5490.0,5534.0,1,5518.0,5518.0,5577.0,5418.0,27.0,148311.0,16
2023-05-11 14:01:40,RS2311,RS311,5505.0,0.0,0.0,0.0,2,5491.0,5534.0,1,5518.0,5518.0,5577.0,5418.0,27.0,148311.0,16
2023-05-11 14:01:42,RS2311,RS311,5505.0,0.0,0.0,0.0,1,5490.0,5534.0,1,5518.0,5518.0,5577.0,5418.0,27.0,148311.0,16
2023-05-11 14:02:24,RS2311,RS311,5505.0,0.0,0.0,0.0,1,5490.0,5533.0,2,5518.0,5518.0,5577.0,5418.0,27.0,148311.0,16
2023-05-11 14:02:25,RS2311,RS311,5505.0,0.0,0.0,0.0,1,5490.0,5534.0,1,5518.0,5518.0,5577.0,5418.0,27.0,148311.0,16
2023-05-11 14:03:07,RS2311,RS311,5505.0,0.0,0.0,0.0,1,5490.0,5533.0,2,5518.0,5518.0,5577.0,5418.0,27.0,148311.0,16
2023-05-11 14:03:08,RS2311,RS311,5505.0,0.0,0.0,0.0,1,5490.0,5534.0,1,5518.0,5518.0,5577.0,5418.0,27.0,148311.0,16
2023-05-11 14:03:50,RS2311,RS311,5505.0,0.0,0.0,0.0,1,5490.0,5533.0,2,5518.0,5518.0,5577.0,5418.0,27.0,148311.0,16
2023-05-11 14:03:52,RS2311,RS311,5505.0,0.0,0.0,0.0,1,5490.0,5534.0,1,5518.0,5518.0,5577.0,5418.0,27.0,148311.0,16
2023-05-11 14:04:34,RS2311,RS311,5505.0,0.0,0.0,0.0,1,5490.0,5533.0,2,5518.0,5518.0,5577.0,5418.0,27.0,148311.0,16
2023-05-11 14:04:35,RS2311,RS311,5505.0,0.0,0.0,0.0,1,5490.0,5534.0,1,5518.0,5518.0,5577.0,5418.0,27.0,148311.0,16
2023-05-11 14:05:18,RS2311,RS311,5505.0,0.0,0.0,0.0,1,5490.0,5533.0,2,5518.0,5518.0,5577.0,5418.0,27.0,148311.0,16
2023-05-11 14:05:20,RS2311,RS311,5505.0,0.0,0.0,0.0,1,5490.0,5534.0,1,5518.0,5518.0,5577.0,5418.0,27.0,148311.0,16
2023-05-11 14:06:02,RS2311,RS311,5505.0,0.0,0.0,0.0,1,5490.0,5533.0,2,5518.0,5518.0,5577.0,5418.0,27.0,148311.0,16
2023-05-11 14:06:04,RS2311,RS311,5505.0,0.0,0.0,0.0,1,5490.0,5534.0,1,5518.0,5518.0,5577.0,5418.0,27.0,148311.0,16
2023-05-11 14:06:46,RS2311,RS311,5505.0,0.0,0.0,0.0,1,5490.0,5533.0,2,5518.0,5518.0,5577.0,5418.0,27.0,148311.0,16
2023-05-11 14:06:47,RS2311,RS311,5505.0,0.0,0.0,0.0,1,5490.0,5534.0,1,5518.0,5518.0,5577.0,5418.0,27.0,148311.0,16
2023-05-11 14:07:29,RS2311,RS311,5505.0,0.0,0.0,0.0,1,5490.0,5533.0,2,5518.0,5518.0,5577.0,5418.0,27.0,148311.0,16
2023-05-11 14:07:30,RS2311,RS311,5505.0,0.0,0.0,0.0,1,5490.0,5534.0,1,5518.0,5518.0,5577.0,5418.0,27.0,148311.0,16
2023-05-11 14:08:12,RS2311,RS311,5505.0,0.0,0.0,0.0,1,5490.0,5533.0,2,5518.0,5518.0,5577.0,5418.0,27.0,148311.0,16
2023-05-11 14:08:14,RS2311,RS311,5505.0,0.0,0.0,0.0,1,5490.0,5534.0,1,5518.0,5518.0,5577.0,5418.0,27.0,148311.0,16
2023-05-11 14:08:54,RS2311,RS311,5505.0,0.0,0.0,0.0,1,5490.0,5533.0,2,5518.0,5518.0,5577.0,5418.0,27.0,148311.0,16
2023-05-11 14:08:56,RS2311,RS311,5505.0,0.0,0.0,0.0,1,5490.0,5534.0,1,5518.0,5518.0,5577.0,5418.0,27.0,148311.0,16
2023-05-11 14:09:37,RS2311,RS311,5505.0,0.0,0.0,0.0,1,5490.0,5533.0,2,5518.0,5518.0,5577.0,5418.0,27.0,148311.0,16
2023-05-11 14:09:39,RS2311,RS311,5505.0,0.0,0.0,0.0,1,5490.0,5534.0,1,5518.0,5518.0,5577.0,5418.0,27.0,148311.0,16
2023-05-11 14:10:20,RS2311,RS311,5505.0,0.0,0.0,0.0,1,5490.0,5533.0,2,5518.0,5518.0,5577.0,5418.0,27.0,148311.0,16
2023-05-11 14:10:21,RS2311,RS311,5505.0,0.0,0.0,0.0,1,5490.0,5534.0,1,5518.0,5518.0,5577.0,5418.0,27.0,148311.0,16
2023-05-11 14:11:02,RS2311,RS311,5505.0,0.0,0.0,0.0,1,5490.0,5533.0,2,5518.0,5518.0,5577.0,5418.0,27.0,148311.0,16
2023-05-11 14:11:03,RS2311,RS311,5505.0,0.0,0.0,0.0,1,5490.0,5534.0,1,5518.0,5518.0,5577.0,5418.0,27.0,148311.0,16
2023-05-11 14:11:44,RS2311,RS311,5505.0,0.0,0.0,0.0,2,5491.0,5534.0,1,5518.0,5518.0,5577.0,5418.0,27.0,148311.0,16
2023-05-11 14:11:45,RS2311,RS311,5505.0,0.0,0.0,0.0,1,5490.0,5534.0,1,5518.0,5518.0,5577.0,5418.0,27.0,148311.0,16
2023-05-11 14:12:27,RS2311,RS311,5505.0,0.0,0.0,0.0,1,5490.0,5533.0,2,5518.0,5518.0,5577.0,5418.0,27.0,148311.0,16
2023-05-11 14:12:28,RS2311,RS311,5505.0,0.0,0.0,0.0,1,5490.0,5534.0,1,5518.0,5518.0,5577.0,5418.0,27.0,148311.0,16
2023-05-11 14:12:42,RS2311,RS311,5534.0,1.0,5521.0,1.0,1,5490.0,5566.0,1,5518.0,5518.0,5577.0,5418.0,28.0,153832.0,17
2023-05-11 14:12:42,RS2311,RS311,5534.0,0.0,0.0,0.0,1,5490.0,5565.0,1,5518.0,5518.0,5577.0,5418.0,28.0,153832.0,17
2023-05-11 14:12:45,RS2311,RS311,5534.0,0.0,0.0,0.0,1,5490.0,5564.0,1,5518.0,5518.0,5577.0,5418.0,28.0,153832.0,17
2023-05-11 14:12:46,RS2311,RS311,5534.0,0.0,0.0,0.0,1,5490.0,5563.0,1,5518.0,5518.0,5577.0,5418.0,28.0,153832.0,17
2023-05-11 14:12:47,RS2311,RS311,5534.0,0.0,0.0,0.0,1,5490.0,5562.0,1,5518.0,5518.0,5577.0,5418.0,28.0,153832.0,17
2023-05-11 14:12:47,RS2311,RS311,5534.0,0.0,0.0,0.0,1,5491.0,5561.0,1,5518.0,5518.0,5577.0,5418.0,28.0,153832.0,17
2023-05-11 14:12:48,RS2311,RS311,5561.0,1.0,5552.0,1.0,1,5491.0,5562.0,1,5518.0,5518.0,5577.0,5418.0,29.0,159384.0,18
2023-05-11 14:12:48,RS2311,RS311,5561.0,0.0,0.0,0.0,2,5492.0,5560.0,1,5518.0,5518.0,5577.0,5418.0,29.0,159384.0,18
2023-05-11 14:12:51,RS2311,RS311,5561.0,0.0,0.0,0.0,2,5492.0,5559.0,1,5518.0,5518.0,5577.0,5418.0,29.0,159384.0,18
2023-05-11 14:12:51,RS2311,RS311,5561.0,0.0,0.0,0.0,1,5493.0,5559.0,1,5518.0,5518.0,5577.0,5418.0,29.0,159384.0,18
2023-05-11 14:12:51,RS2311,RS311,5561.0,0.0,0.0,0.0,1,5494.0,5559.0,1,5518.0,5518.0,5577.0,5418.0,29.0,159384.0,18
2023-05-11 14:12:52,RS2311,RS311,5561.0,0.0,0.0,0.0,1,5495.0,5559.0,1,5518.0,5518.0,5577.0,5418.0,29.0,159384.0,18
2023-05-11 14:12:53,RS2311,RS311,5495.0,2.0,10992.0,-2.0,1,5460.0,5494.0,8,5518.0,5518.0,5577.0,5418.0,31.0,170376.0,16
2023-05-11 14:12:56,RS2311,RS311,5494.0,1.0,5496.0,-1.0,1,5460.0,5494.0,7,5518.0,5518.0,5577.0,5418.0,32.0,175872.0,15
2023-05-11 14:12:57,RS2311,RS311,5494.0,0.0,0.0,0.0,1,5451.0,5494.0,7,5518.0,5518.0,5577.0,5418.0,32.0,175872.0,15
2023-05-11 14:13:09,RS2311,RS311,5494.0,0.0,0.0,0.0,1,5452.0,5565.0,1,5518.0,5518.0,5577.0,5418.0,32.0,175872.0,15
2023-05-11 14:13:10,RS2311,RS311,5494.0,0.0,0.0,0.0,1,5453.0,5565.0,1,5518.0,5518.0,5577.0,5418.0,32.0,175872.0,15
2023-05-11 14:13:11,RS2311,RS311,5494.0,0.0,0.0,0.0,1,5453.0,5564.0,1,5518.0,5518.0,5577.0,5418.0,32.0,175872.0,15
2023-05-11 14:13:11,RS2311,RS311,5494.0,0.0,0.0,0.0,1,5453.0,5563.0,1,5518.0,5518.0,5577.0,5418.0,32.0,175872.0,15
2023-05-11 14:13:13,RS2311,RS311,5494.0,0.0,0.0,0.0,1,5453.0,5562.0,1,5518.0,5518.0,5577.0,5418.0,32.0,175872.0,15
2023-05-11 14:13:14,RS2311,RS311,5494.0,0.0,0.0,0.0,1,5453.0,5561.0,1,5518.0,5518.0,5577.0,5418.0,32.0,175872.0,15
2023-05-11 14:13:15,RS2311,RS311,5494.0,0.0,0.0,0.0,1,5453.0,5560.0,1,5518.0,5518.0,5577.0,5418.0,32.0,175872.0,15
2023-05-11 14:13:15,RS2311,RS311,5494.0,0.0,0.0,0.0,1,5453.0,5559.0,1,5518.0,5518.0,5577.0,5418.0,32.0,175872.0,15
2023-05-11 14:13:16,RS2311,RS311,5494.0,0.0,0.0,0.0,1,5453.0,5558.0,1,5518.0,5518.0,5577.0,5418.0,32.0,175872.0,15
2023-05-11 14:13:16,RS2311,RS311,5494.0,0.0,0.0,0.0,1,5453.0,5557.0,1,5518.0,5518.0,5577.0,5418.0,32.0,175872.0,15
2023-05-11 14:13:18,RS2311,RS311,5494.0,0.0,0.0,0.0,1,5453.0,5556.0,1,5518.0,5518.0,5577.0,5418.0,32.0,175872.0,15
2023-05-11 14:13:19,RS2311,RS311,5494.0,0.0,0.0,0.0,1,5453.0,5555.0,1,5518.0,5518.0,5577.0,5418.0,32.0,175872.0,15
2023-05-11 14:13:20,RS2311,RS311,5494.0,0.0,0.0,0.0,1,5453.0,5530.0,1,5518.0,5518.0,5577.0,5418.0,32.0,175872.0,15
2023-05-11 14:13:20,RS2311,RS311,5494.0,0.0,0.0,0.0,1,5454.0,5530.0,1,5518.0,5518.0,5577.0,5418.0,32.0,175872.0,15
2023-05-11 14:13:21,RS2311,RS311,5494.0,0.0,0.0,0.0,1,5455.0,5530.0,1,5518.0,5518.0,5577.0,5418.0,32.0,175872.0,15
2023-05-11 14:13:22,RS2311,RS311,5494.0,0.0,0.0,0.0,1,5456.0,5530.0,1,5518.0,5518.0,5577.0,5418.0,32.0,175872.0,15
2023-05-11 14:13:29,RS2311,RS311,5494.0,0.0,0.0,0.0,1,5456.0,5530.0,2,5518.0,5518.0,5577.0,5418.0,32.0,175872.0,15
2023-05-11 14:13:29,RS2311,RS311,5494.0,0.0,0.0,0.0,1,5456.0,5530.0,1,5518.0,5518.0,5577.0,5418.0,32.0,175872.0,15
2023-05-11 14:13:31,RS2311,RS311,5494.0,0.0,0.0,0.0,3,5456.0,5530.0,1,5518.0,5518.0,5577.0,5418.0,32.0,175872.0,15
2023-05-11 14:13:32,RS2311,RS311,5494.0,0.0,0.0,0.0,3,5456.0,5529.0,1,5518.0,5518.0,5577.0,5418.0,32.0,175872.0,15
2023-05-11 14:13:34,RS2311,RS311,5494.0,0.0,0.0,0.0,3,5456.0,5530.0,1,5518.0,5518.0,5577.0,5418.0,32.0,175872.0,15
2023-05-11 14:13:40,RS2311,RS311,5494.0,0.0,0.0,0.0,6,5456.0,5530.0,1,5518.0,5518.0,5577.0,5418.0,32.0,175872.0,15
2023-05-11 14:13:44,RS2311,RS311,5494.0,0.0,0.0,0.0,1,5457.0,5530.0,1,5518.0,5518.0,5577.0,5418.0,32.0,175872.0,15
2023-05-11 14:13:45,RS2311,RS311,5494.0,0.0,0.0,0.0,1,5458.0,5530.0,1,5518.0,5518.0,5577.0,5418.0,32.0,175872.0,15
2023-05-11 14:13:48,RS2311,RS311,5494.0,0.0,0.0,0.0,1,5455.0,5530.0,1,5518.0,5518.0,5577.0,5418.0,32.0,175872.0,15
2023-05-11 14:13:48,RS2311,RS311,5494.0,0.0,0.0,0.0,1,5459.0,5530.0,1,5518.0,5518.0,5577.0,5418.0,32.0,175872.0,15
2023-05-11 14:13:53,RS2311,RS311,5494.0,0.0,0.0,0.0,1,5460.0,5530.0,1,5518.0,5518.0,5577.0,5418.0,32.0,175872.0,15
2023-05-11 14:13:54,RS2311,RS311,5494.0,0.0,0.0,0.0,3,5460.0,5530.0,1,5518.0,5518.0,5577.0,5418.0,32.0,175872.0,15
2023-05-11 14:13:55,RS2311,RS311,5494.0,0.0,0.0,0.0,1,5460.0,5530.0,1,5518.0,5518.0,5577.0,5418.0,32.0,175872.0,15
2023-05-11 14:13:56,RS2311,RS311,5494.0,0.0,0.0,0.0,1,5461.0,5530.0,1,5518.0,5518.0,5577.0,5418.0,32.0,175872.0,15
2023-05-11 14:14:05,RS2311,RS311,5494.0,0.0,0.0,0.0,1,5466.0,5530.0,1,5518.0,5518.0,5577.0,5418.0,32.0,175872.0,15
2023-05-11 14:14:09,RS2311,RS311,5494.0,0.0,0.0,0.0,1,5467.0,5530.0,1,5518.0,5518.0,5577.0,5418.0,32.0,175872.0,15
2023-05-11 14:14:17,RS2311,RS311,5494.0,0.0,0.0,0.0,1,5468.0,5530.0,1,5518.0,5518.0,5577.0,5418.0,32.0,175872.0,15
2023-05-11 14:14:18,RS2311,RS311,5494.0,0.0,0.0,0.0,1,5469.0,5530.0,1,5518.0,5518.0,5577.0,5418.0,32.0,175872.0,15
2023-05-11 14:14:25,RS2311,RS311,5494.0,0.0,0.0,0.0,1,5470.0,5530.0,1,5518.0,5518.0,5577.0,5418.0,32.0,175872.0,15
2023-05-11 14:14:37,RS2311,RS311,5494.0,0.0,0.0,0.0,2,5471.0,5530.0,1,5518.0,5518.0,5577.0,5418.0,32.0,175872.0,15
2023-05-11 14:14:39,RS2311,RS311,5494.0,0.0,0.0,0.0,1,5470.0,5530.0,1,5518.0,5518.0,5577.0,5418.0,32.0,175872.0,15
2023-05-11 14:14:44,RS2311,RS311,5494.0,0.0,0.0,0.0,6,5470.0,5530.0,1,5518.0,5518.0,5577.0,5418.0,32.0,175872.0,15
2023-05-11 14:14:46,RS2311,RS311,5494.0,0.0,0.0,0.0,1,5470.0,5530.0,1,5518.0,5518.0,5577.0,5418.0,32.0,175872.0,15
2023-05-11 14:14:51,RS2311,RS311,5494.0,0.0,0.0,0.0,3,5470.0,5530.0,1,5518.0,5518.0,5577.0,5418.0,32.0,175872.0,15
2023-05-11 14:15:22,RS2311,RS311,5494.0,0.0,0.0,0.0,2,5471.0,5530.0,1,5518.0,5518.0,5577.0,5418.0,32.0,175872.0,15
2023-05-11 14:15:23,RS2311,RS311,5494.0,0.0,0.0,0.0,3,5470.0,5530.0,1,5518.0,5518.0,5577.0,5418.0,32.0,175872.0,15
2023-05-11 14:16:04,RS2311,RS311,5494.0,0.0,0.0,0.0,1,5494.0,5530.0,1,5518.0,5518.0,5577.0,5418.0,32.0,175872.0,15
2023-05-11 14:16:29,RS2311,RS311,5494.0,0.0,0.0,0.0,1,5470.0,5530.0,1,5518.0,5518.0,5577.0,5418.0,32.0,175872.0,15
2023-05-11 14:16:46,RS2311,RS311,5494.0,0.0,0.0,0.0,2,5495.0,5530.0,1,5518.0,5518.0,5577.0,5418.0,32.0,175872.0,15
2023-05-11 14:16:53,RS2311,RS311,5494.0,0.0,0.0,0.0,2,5495.0,5536.0,1,5518.0,5518.0,5577.0,5418.0,32.0,175872.0,15
2023-05-11 14:17:01,RS2311,RS311,5494.0,0.0,0.0,0.0,2,5495.0,5541.0,1,5518.0,5518.0,5577.0,5418.0,32.0,175872.0,15
2023-05-11 14:17:31,RS2311,RS311,5494.0,0.0,0.0,0.0,2,5495.0,5540.0,2,5518.0,5518.0,5577.0,5418.0,32.0,175872.0,15
2023-05-11 14:17:33,RS2311,RS311,5494.0,0.0,0.0,0.0,2,5495.0,5541.0,1,5518.0,5518.0,5577.0,5418.0,32.0,175872.0,15
2023-05-11 14:17:56,RS2311,RS311,5494.0,0.0,0.0,0.0,2,5495.0,5550.0,1,5518.0,5518.0,5577.0,5418.0,32.0,175872.0,15
2023-05-11 14:17:56,RS2311,RS311,5494.0,0.0,0.0,0.0,2,5495.0,5549.0,1,5518.0,5518.0,5577.0,5418.0,32.0,175872.0,15
2023-05-11 14:17:58,RS2311,RS311,5494.0,0.0,0.0,0.0,2,5495.0,5546.0,1,5518.0,5518.0,5577.0,5418.0,32.0,175872.0,15
2023-05-11 14:17:58,RS2311,RS311,5494.0,0.0,0.0,0.0,2,5495.0,5545.0,1,5518.0,5518.0,5577.0,5418.0,32.0,175872.0,15
2023-05-11 14:18:00,RS2311,RS311,5494.0,0.0,0.0,0.0,2,5495.0,5543.0,1,5518.0,5518.0,5577.0,5418.0,32.0,175872.0,15
2023-05-11 14:18:15,RS2311,RS311,5494.0,0.0,0.0,0.0,2,5495.0,5542.0,2,5518.0,5518.0,5577.0,5418.0,32.0,175872.0,15
2023-05-11 14:18:16,RS2311,RS311,5494.0,0.0,0.0,0.0,2,5495.0,5543.0,1,5518.0,5518.0,5577.0,5418.0,32.0,175872.0,15
2023-05-11 14:18:28,RS2311,RS311,5494.0,0.0,0.0,0.0,1,5451.0,5543.0,1,5518.0,5518.0,5577.0,5418.0,32.0,175872.0,15
2023-05-11 14:18:35,RS2311,RS311,5494.0,0.0,0.0,0.0,1,5451.0,5540.0,1,5518.0,5518.0,5577.0,5418.0,32.0,175872.0,15
2023-05-11 14:18:39,RS2311,RS311,5494.0,0.0,0.0,0.0,1,5451.0,5539.0,1,5518.0,5518.0,5577.0,5418.0,32.0,175872.0,15
2023-05-11 14:18:44,RS2311,RS311,5494.0,0.0,0.0,0.0,1,5460.0,5539.0,1,5518.0,5518.0,5577.0,5418.0,32.0,175872.0,15
2023-05-11 14:18:45,RS2311,RS311,5494.0,0.0,0.0,0.0,1,5466.0,5539.0,1,5518.0,5518.0,5577.0,5418.0,32.0,175872.0,15
2023-05-11 14:18:49,RS2311,RS311,5494.0,0.0,0.0,0.0,1,5467.0,5539.0,1,5518.0,5518.0,5577.0,5418.0,32.0,175872.0,15
2023-05-11 14:18:56,RS2311,RS311,5494.0,0.0,0.0,0.0,1,5467.0,5535.0,1,5518.0,5518.0,5577.0,5418.0,32.0,175872.0,15
2023-05-11 14:18:57,RS2311,RS311,5494.0,0.0,0.0,0.0,2,5468.0,5535.0,1,5518.0,5518.0,5577.0,5418.0,32.0,175872.0,15
2023-05-11 14:18:58,RS2311,RS311,5494.0,0.0,0.0,0.0,1,5467.0,5535.0,1,5518.0,5518.0,5577.0,5418.0,32.0,175872.0,15
2023-05-11 14:19:00,RS2311,RS311,5494.0,0.0,0.0,0.0,1,5467.0,5534.0,1,5518.0,5518.0,5577.0,5418.0,32.0,175872.0,15
2023-05-11 14:19:06,RS2311,RS311,5494.0,0.0,0.0,0.0,1,5460.0,5534.0,1,5518.0,5518.0,5577.0,5418.0,32.0,175872.0,15
2023-05-11 14:19:16,RS2311,RS311,5494.0,0.0,0.0,0.0,1,5460.0,5542.0,1,5518.0,5518.0,5577.0,5418.0,32.0,175872.0,15
2023-05-11 14:19:26,RS2311,RS311,5494.0,0.0,0.0,0.0,6,5460.0,5542.0,1,5518.0,5518.0,5577.0,5418.0,32.0,175872.0,15
2023-05-11 14:19:39,RS2311,RS311,5494.0,0.0,0.0,0.0,2,5461.0,5542.0,1,5518.0,5518.0,5577.0,5418.0,32.0,175872.0,15
2023-05-11 14:19:41,RS2311,RS311,5494.0,0.0,0.0,0.0,6,5460.0,5542.0,1,5518.0,5518.0,5577.0,5418.0,32.0,175872.0,15
2023-05-11 14:20:07,RS2311,RS311,5494.0,0.0,0.0,0.0,1,5460.0,5542.0,1,5518.0,5518.0,5577.0,5418.0,32.0,175872.0,15
2023-05-11 14:20:21,RS2311,RS311,5494.0,0.0,0.0,0.0,2,5461.0,5542.0,1,5518.0,5518.0,5577.0,5418.0,32.0,175872.0,15
2023-05-11 14:20:22,RS2311,RS311,5494.0,0.0,0.0,0.0,1,5460.0,5542.0,1,5518.0,5518.0,5577.0,5418.0,32.0,175872.0,15
2023-05-11 14:20:37,RS2311,RS311,5494.0,0.0,0.0,0.0,1,5461.0,5542.0,1,5518.0,5518.0,5577.0,5418.0,32.0,175872.0,15
2023-05-11 14:20:43,RS2311,RS311,5494.0,0.0,0.0,0.0,1,5462.0,5542.0,1,5518.0,5518.0,5577.0,5418.0,32.0,175872.0,15
2023-05-11 14:20:43,RS2311,RS311,5494.0,0.0,0.0,0.0,1,5463.0,5542.0,1,5518.0,5518.0,5577.0,5418.0,32.0,175872.0,15
2023-05-11 14:20:45,RS2311,RS311,5494.0,0.0,0.0,0.0,1,5464.0,5542.0,1,5518.0,5518.0,5577.0,5418.0,32.0,175872.0,15
2023-05-11 14:20:46,RS2311,RS311,5494.0,0.0,0.0,0.0,1,5465.0,5542.0,1,5518.0,5518.0,5577.0,5418.0,32.0,175872.0,15
2023-05-11 14:20:48,RS2311,RS311,5494.0,0.0,0.0,0.0,1,5466.0,5542.0,1,5518.0,5518.0,5577.0,5418.0,32.0,175872.0,15
