time,symbol_id,symbol_name,last,trade_volume,trade_amount,open_interest_change,bv1,bp1,ap1,av1,yesterday_close,today_open,today_high,today_low,volume,amount,open_interest
2023-05-10 08:30:02,OP90002139,创业板ETF沽12月2400,0.0,0.0,0.0,0.0,0,0.0,0.0,0,0.2415,0.2567,0.0,0.0,0.0,0.0,215
2023-05-10 09:25:00,OP90002139,创业板ETF沽12月2400,0.0,0.0,0.0,0.0,1,0.2419,0.2625,1,0.2415,0.2567,0.0,0.0,0.0,0.0,215
2023-05-10 09:30:00,OP90002139,创业板ETF沽12月2400,0.0,0.0,0.0,0.0,1,0.2419,0.2659,1,0.2415,0.2567,0.0,0.0,0.0,0.0,215
2023-05-10 09:30:00,OP90002139,创业板ETF沽12月2400,0.0,0.0,0.0,0.0,20,0.2454,0.2596,20,0.2415,0.2567,0.0,0.0,0.0,0.0,215
2023-05-10 09:30:01,OP90002139,创业板ETF沽12月2400,0.0,0.0,0.0,0.0,20,0.2454,0.2596,20,0.2415,0.2567,0.0,0.0,0.0,0.0,215
2023-05-10 09:30:02,OP90002139,创业板ETF沽12月2400,0.0,0.0,0.0,0.0,20,0.2454,0.2596,20,0.2415,0.2567,0.0,0.0,0.0,0.0,215
2023-05-10 09:30:13,OP90002139,创业板ETF沽12月2400,0.0,0.0,0.0,0.0,30,0.2455,0.2596,20,0.2415,0.2567,0.0,0.0,0.0,0.0,215
2023-05-10 09:30:17,OP90002139,创业板ETF沽12月2400,0.0,0.0,0.0,0.0,20,0.2484,0.2555,20,0.2415,0.2567,0.0,0.0,0.0,0.0,215
2023-05-10 09:30:18,OP90002139,创业板ETF沽12月2400,0.0,0.0,0.0,0.0,20,0.2484,0.2555,20,0.2415,0.2567,0.0,0.0,0.0,0.0,215
2023-05-10 09:30:18,OP90002139,创业板ETF沽12月2400,0.0,0.0,0.0,0.0,20,0.2484,0.2555,20,0.2415,0.2567,0.0,0.0,0.0,0.0,215
2023-05-10 09:30:19,OP90002139,创业板ETF沽12月2400,0.0,0.0,0.0,0.0,30,0.2485,0.2555,20,0.2415,0.2567,0.0,0.0,0.0,0.0,215
2023-05-10 09:30:21,OP90002139,创业板ETF沽12月2400,0.0,0.0,0.0,0.0,30,0.2485,0.2555,20,0.2415,0.2567,0.0,0.0,0.0,0.0,215
2023-05-10 09:30:21,OP90002139,创业板ETF沽12月2400,0.0,0.0,0.0,0.0,20,0.2489,0.2555,20,0.2415,0.2567,0.0,0.0,0.0,0.0,215
2023-05-10 09:30:22,OP90002139,创业板ETF沽12月2400,0.0,0.0,0.0,0.0,20,0.2489,0.2563,20,0.2415,0.2567,0.0,0.0,0.0,0.0,215
2023-05-10 09:30:24,OP90002139,创业板ETF沽12月2400,0.0,0.0,0.0,0.0,50,0.2485,0.2554,20,0.2415,0.2567,0.0,0.0,0.0,0.0,215
2023-05-10 09:30:28,OP90002139,创业板ETF沽12月2400,0.0,0.0,0.0,0.0,50,0.2485,0.2559,20,0.2415,0.2567,0.0,0.0,0.0,0.0,215
2023-05-10 09:30:29,OP90002139,创业板ETF沽12月2400,0.0,0.0,0.0,0.0,30,0.2486,0.2559,20,0.2415,0.2567,0.0,0.0,0.0,0.0,215
2023-05-10 09:30:30,OP90002139,创业板ETF沽12月2400,0.0,0.0,0.0,0.0,30,0.2486,0.2559,20,0.2415,0.2567,0.0,0.0,0.0,0.0,215
2023-05-10 09:30:31,OP90002139,创业板ETF沽12月2400,0.0,0.0,0.0,0.0,50,0.2486,0.2559,20,0.2415,0.2567,0.0,0.0,0.0,0.0,215
2023-05-10 09:30:40,OP90002139,创业板ETF沽12月2400,0.0,0.0,0.0,0.0,30,0.2487,0.2559,20,0.2415,0.2567,0.0,0.0,0.0,0.0,215
2023-05-10 09:30:41,OP90002139,创业板ETF沽12月2400,0.0,0.0,0.0,0.0,20,0.2489,0.2564,20,0.2415,0.2567,0.0,0.0,0.0,0.0,215
2023-05-10 09:30:42,OP90002139,创业板ETF沽12月2400,0.0,0.0,0.0,0.0,50,0.2487,0.2559,20,0.2415,0.2567,0.0,0.0,0.0,0.0,215
2023-05-10 09:30:43,OP90002139,创业板ETF沽12月2400,0.0,0.0,0.0,0.0,50,0.2487,0.2559,20,0.2415,0.2567,0.0,0.0,0.0,0.0,215
2023-05-10 09:30:45,OP90002139,创业板ETF沽12月2400,0.0,0.0,0.0,0.0,20,0.2489,0.2564,20,0.2415,0.2567,0.0,0.0,0.0,0.0,215
2023-05-10 09:30:50,OP90002139,创业板ETF沽12月2400,0.0,0.0,0.0,0.0,50,0.2488,0.2559,20,0.2415,0.2567,0.0,0.0,0.0,0.0,215
2023-05-10 09:30:50,OP90002139,创业板ETF沽12月2400,0.0,0.0,0.0,0.0,20,0.249,0.2564,20,0.2415,0.2567,0.0,0.0,0.0,0.0,215
2023-05-10 09:30:51,OP90002139,创业板ETF沽12月2400,0.0,0.0,0.0,0.0,20,0.249,0.2564,20,0.2415,0.2567,0.0,0.0,0.0,0.0,215
2023-05-10 09:31:00,OP90002139,创业板ETF沽12月2400,0.0,0.0,0.0,0.0,20,0.2495,0.2566,20,0.2415,0.2567,0.0,0.0,0.0,0.0,215
2023-05-10 09:31:01,OP90002139,创业板ETF沽12月2400,0.0,0.0,0.0,0.0,20,0.2501,0.2567,50,0.2415,0.2567,0.0,0.0,0.0,0.0,215
2023-05-10 09:31:02,OP90002139,创业板ETF沽12月2400,0.0,0.0,0.0,0.0,20,0.2495,0.2567,50,0.2415,0.2567,0.0,0.0,0.0,0.0,215
2023-05-10 09:31:03,OP90002139,创业板ETF沽12月2400,0.0,0.0,0.0,0.0,30,0.2502,0.2567,20,0.2415,0.2567,0.0,0.0,0.0,0.0,215
2023-05-10 09:31:03,OP90002139,创业板ETF沽12月2400,0.0,0.0,0.0,0.0,50,0.2502,0.2565,20,0.2415,0.2567,0.0,0.0,0.0,0.0,215
2023-05-10 09:31:07,OP90002139,创业板ETF沽12月2400,0.0,0.0,0.0,0.0,50,0.2502,0.2565,20,0.2415,0.2567,0.0,0.0,0.0,0.0,215
2023-05-10 09:31:08,OP90002139,创业板ETF沽12月2400,0.0,0.0,0.0,0.0,50,0.2502,0.2565,20,0.2415,0.2567,0.0,0.0,0.0,0.0,215
2023-05-10 09:31:11,OP90002139,创业板ETF沽12月2400,0.0,0.0,0.0,0.0,50,0.2502,0.2565,20,0.2415,0.2567,0.0,0.0,0.0,0.0,215
2023-05-10 09:31:12,OP90002139,创业板ETF沽12月2400,0.0,0.0,0.0,0.0,30,0.2503,0.2565,20,0.2415,0.2567,0.0,0.0,0.0,0.0,215
2023-05-10 09:31:12,OP90002139,创业板ETF沽12月2400,0.0,0.0,0.0,0.0,50,0.2503,0.2573,20,0.2415,0.2567,0.0,0.0,0.0,0.0,215
2023-05-10 09:31:13,OP90002139,创业板ETF沽12月2400,0.0,0.0,0.0,0.0,80,0.2503,0.2573,20,0.2415,0.2567,0.0,0.0,0.0,0.0,215
2023-05-10 09:31:13,OP90002139,创业板ETF沽12月2400,0.0,0.0,0.0,0.0,80,0.2503,0.2573,20,0.2415,0.2567,0.0,0.0,0.0,0.0,215
2023-05-10 09:31:15,OP90002139,创业板ETF沽12月2400,0.0,0.0,0.0,0.0,20,0.2507,0.2578,20,0.2415,0.2567,0.0,0.0,0.0,0.0,215
2023-05-10 09:31:15,OP90002139,创业板ETF沽12月2400,0.0,0.0,0.0,0.0,20,0.2507,0.2578,20,0.2415,0.2567,0.0,0.0,0.0,0.0,215
2023-05-10 09:31:16,OP90002139,创业板ETF沽12月2400,0.0,0.0,0.0,0.0,30,0.2505,0.2572,20,0.2415,0.2567,0.0,0.0,0.0,0.0,215
2023-05-10 09:31:16,OP90002139,创业板ETF沽12月2400,0.0,0.0,0.0,0.0,30,0.2505,0.2572,20,0.2415,0.2567,0.0,0.0,0.0,0.0,215
2023-05-10 09:31:20,OP90002139,创业板ETF沽12月2400,0.0,0.0,0.0,0.0,30,0.2505,0.2577,20,0.2415,0.2567,0.0,0.0,0.0,0.0,215
2023-05-10 09:31:20,OP90002139,创业板ETF沽12月2400,0.0,0.0,0.0,0.0,30,0.2505,0.2577,20,0.2415,0.2567,0.0,0.0,0.0,0.0,215
2023-05-10 09:31:21,OP90002139,创业板ETF沽12月2400,0.0,0.0,0.0,0.0,20,0.2505,0.2577,20,0.2415,0.2567,0.0,0.0,0.0,0.0,215
2023-05-10 09:31:22,OP90002139,创业板ETF沽12月2400,0.0,0.0,0.0,0.0,70,0.2503,0.2572,20,0.2415,0.2567,0.0,0.0,0.0,0.0,215
2023-05-10 09:31:22,OP90002139,创业板ETF沽12月2400,0.0,0.0,0.0,0.0,70,0.2503,0.2572,20,0.2415,0.2567,0.0,0.0,0.0,0.0,215
2023-05-10 09:31:24,OP90002139,创业板ETF沽12月2400,0.0,0.0,0.0,0.0,70,0.2503,0.2572,20,0.2415,0.2567,0.0,0.0,0.0,0.0,215
2023-05-10 09:31:27,OP90002139,创业板ETF沽12月2400,0.0,0.0,0.0,0.0,70,0.2503,0.2572,20,0.2415,0.2567,0.0,0.0,0.0,0.0,215
2023-05-10 09:31:27,OP90002139,创业板ETF沽12月2400,0.0,0.0,0.0,0.0,70,0.2503,0.2572,20,0.2415,0.2567,0.0,0.0,0.0,0.0,215
2023-05-10 09:31:30,OP90002139,创业板ETF沽12月2400,0.0,0.0,0.0,0.0,80,0.2503,0.2572,20,0.2415,0.2567,0.0,0.0,0.0,0.0,215
2023-05-10 09:31:30,OP90002139,创业板ETF沽12月2400,0.0,0.0,0.0,0.0,80,0.2503,0.2572,20,0.2415,0.2567,0.0,0.0,0.0,0.0,215
2023-05-10 09:31:32,OP90002139,创业板ETF沽12月2400,0.0,0.0,0.0,0.0,80,0.2503,0.2572,20,0.2415,0.2567,0.0,0.0,0.0,0.0,215
2023-05-10 09:31:33,OP90002139,创业板ETF沽12月2400,0.0,0.0,0.0,0.0,20,0.2506,0.2577,20,0.2415,0.2567,0.0,0.0,0.0,0.0,215
2023-05-10 09:31:34,OP90002139,创业板ETF沽12月2400,0.0,0.0,0.0,0.0,20,0.2506,0.2577,20,0.2415,0.2567,0.0,0.0,0.0,0.0,215
2023-05-10 09:31:35,OP90002139,创业板ETF沽12月2400,0.0,0.0,0.0,0.0,30,0.2504,0.2572,20,0.2415,0.2567,0.0,0.0,0.0,0.0,215
2023-05-10 09:31:36,OP90002139,创业板ETF沽12月2400,0.0,0.0,0.0,0.0,30,0.2504,0.2572,20,0.2415,0.2567,0.0,0.0,0.0,0.0,215
2023-05-10 09:31:39,OP90002139,创业板ETF沽12月2400,0.0,0.0,0.0,0.0,20,0.2504,0.2572,20,0.2415,0.2567,0.0,0.0,0.0,0.0,215
2023-05-10 09:31:41,OP90002139,创业板ETF沽12月2400,0.0,0.0,0.0,0.0,20,0.2504,0.2572,20,0.2415,0.2567,0.0,0.0,0.0,0.0,215
2023-05-10 09:31:43,OP90002139,创业板ETF沽12月2400,0.0,0.0,0.0,0.0,70,0.2503,0.2567,20,0.2415,0.2567,0.0,0.0,0.0,0.0,215
2023-05-10 09:31:43,OP90002139,创业板ETF沽12月2400,0.0,0.0,0.0,0.0,70,0.2503,0.2567,20,0.2415,0.2567,0.0,0.0,0.0,0.0,215
2023-05-10 09:31:45,OP90002139,创业板ETF沽12月2400,0.0,0.0,0.0,0.0,70,0.2503,0.2572,20,0.2415,0.2567,0.0,0.0,0.0,0.0,215
2023-05-10 09:31:46,OP90002139,创业板ETF沽12月2400,0.0,0.0,0.0,0.0,70,0.2503,0.2572,20,0.2415,0.2567,0.0,0.0,0.0,0.0,215
2023-05-10 09:31:47,OP90002139,创业板ETF沽12月2400,0.0,0.0,0.0,0.0,70,0.2503,0.2572,20,0.2415,0.2567,0.0,0.0,0.0,0.0,215
2023-05-10 09:31:47,OP90002139,创业板ETF沽12月2400,0.0,0.0,0.0,0.0,70,0.2503,0.2565,20,0.2415,0.2567,0.0,0.0,0.0,0.0,215
2023-05-10 09:31:48,OP90002139,创业板ETF沽12月2400,0.0,0.0,0.0,0.0,40,0.2503,0.2565,20,0.2415,0.2567,0.0,0.0,0.0,0.0,215
2023-05-10 09:31:48,OP90002139,创业板ETF沽12月2400,0.0,0.0,0.0,0.0,20,0.2503,0.2565,20,0.2415,0.2567,0.0,0.0,0.0,0.0,215
2023-05-10 09:31:49,OP90002139,创业板ETF沽12月2400,0.0,0.0,0.0,0.0,20,0.2503,0.2565,20,0.2415,0.2567,0.0,0.0,0.0,0.0,215
2023-05-10 09:31:49,OP90002139,创业板ETF沽12月2400,0.0,0.0,0.0,0.0,20,0.2503,0.2565,20,0.2415,0.2567,0.0,0.0,0.0,0.0,215
2023-05-10 09:31:50,OP90002139,创业板ETF沽12月2400,0.0,0.0,0.0,0.0,20,0.2503,0.2565,20,0.2415,0.2567,0.0,0.0,0.0,0.0,215
2023-05-10 09:31:53,OP90002139,创业板ETF沽12月2400,0.0,0.0,0.0,0.0,30,0.2504,0.2565,20,0.2415,0.2567,0.0,0.0,0.0,0.0,215
2023-05-10 09:31:54,OP90002139,创业板ETF沽12月2400,0.0,0.0,0.0,0.0,50,0.2504,0.2565,20,0.2415,0.2567,0.0,0.0,0.0,0.0,215
2023-05-10 09:31:54,OP90002139,创业板ETF沽12月2400,0.0,0.0,0.0,0.0,50,0.2504,0.2565,20,0.2415,0.2567,0.0,0.0,0.0,0.0,215
2023-05-10 09:31:55,OP90002139,创业板ETF沽12月2400,0.0,0.0,0.0,0.0,50,0.2504,0.2565,20,0.2415,0.2567,0.0,0.0,0.0,0.0,215
2023-05-10 09:31:55,OP90002139,创业板ETF沽12月2400,0.0,0.0,0.0,0.0,50,0.2504,0.2565,20,0.2415,0.2567,0.0,0.0,0.0,0.0,215
2023-05-10 09:31:59,OP90002139,创业板ETF沽12月2400,0.0,0.0,0.0,0.0,60,0.2504,0.2565,20,0.2415,0.2567,0.0,0.0,0.0,0.0,215
2023-05-10 09:32:02,OP90002139,创业板ETF沽12月2400,0.0,0.0,0.0,0.0,60,0.2504,0.2565,20,0.2415,0.2567,0.0,0.0,0.0,0.0,215
2023-05-10 09:32:07,OP90002139,创业板ETF沽12月2400,0.0,0.0,0.0,0.0,80,0.2504,0.2571,20,0.2415,0.2567,0.0,0.0,0.0,0.0,215
2023-05-10 09:32:07,OP90002139,创业板ETF沽12月2400,0.0,0.0,0.0,0.0,80,0.2504,0.2571,20,0.2415,0.2567,0.0,0.0,0.0,0.0,215
2023-05-10 09:32:08,OP90002139,创业板ETF沽12月2400,0.0,0.0,0.0,0.0,30,0.2505,0.2571,20,0.2415,0.2567,0.0,0.0,0.0,0.0,215
2023-05-10 09:32:08,OP90002139,创业板ETF沽12月2400,0.0,0.0,0.0,0.0,60,0.2505,0.2571,20,0.2415,0.2567,0.0,0.0,0.0,0.0,215
2023-05-10 09:32:09,OP90002139,创业板ETF沽12月2400,0.0,0.0,0.0,0.0,60,0.2505,0.2571,20,0.2415,0.2567,0.0,0.0,0.0,0.0,215
2023-05-10 09:32:11,OP90002139,创业板ETF沽12月2400,0.0,0.0,0.0,0.0,20,0.2508,0.2583,50,0.2415,0.2567,0.0,0.0,0.0,0.0,215
2023-05-10 09:32:12,OP90002139,创业板ETF沽12月2400,0.0,0.0,0.0,0.0,30,0.2508,0.2583,40,0.2415,0.2567,0.0,0.0,0.0,0.0,215
2023-05-10 09:32:12,OP90002139,创业板ETF沽12月2400,0.0,0.0,0.0,0.0,50,0.2508,0.2583,20,0.2415,0.2567,0.0,0.0,0.0,0.0,215
2023-05-10 09:32:13,OP90002139,创业板ETF沽12月2400,0.0,0.0,0.0,0.0,50,0.2508,0.2583,20,0.2415,0.2567,0.0,0.0,0.0,0.0,215
2023-05-10 09:32:13,OP90002139,创业板ETF沽12月2400,0.0,0.0,0.0,0.0,50,0.2508,0.2583,20,0.2415,0.2567,0.0,0.0,0.0,0.0,215
2023-05-10 09:32:20,OP90002139,创业板ETF沽12月2400,0.0,0.0,0.0,0.0,80,0.2508,0.2582,30,0.2415,0.2567,0.0,0.0,0.0,0.0,215
2023-05-10 09:32:21,OP90002139,创业板ETF沽12月2400,0.0,0.0,0.0,0.0,80,0.2508,0.2582,30,0.2415,0.2567,0.0,0.0,0.0,0.0,215
2023-05-10 09:32:21,OP90002139,创业板ETF沽12月2400,0.0,0.0,0.0,0.0,80,0.2508,0.2582,30,0.2415,0.2567,0.0,0.0,0.0,0.0,215
2023-05-10 09:32:23,OP90002139,创业板ETF沽12月2400,0.0,0.0,0.0,0.0,70,0.2508,0.2582,30,0.2415,0.2567,0.0,0.0,0.0,0.0,215
2023-05-10 09:32:23,OP90002139,创业板ETF沽12月2400,0.0,0.0,0.0,0.0,70,0.2508,0.2582,50,0.2415,0.2567,0.0,0.0,0.0,0.0,215
2023-05-10 09:32:24,OP90002139,创业板ETF沽12月2400,0.0,0.0,0.0,0.0,40,0.2508,0.2575,20,0.2415,0.2567,0.0,0.0,0.0,0.0,215
2023-05-10 09:32:24,OP90002139,创业板ETF沽12月2400,0.0,0.0,0.0,0.0,20,0.2508,0.2575,20,0.2415,0.2567,0.0,0.0,0.0,0.0,215
2023-05-10 09:32:25,OP90002139,创业板ETF沽12月2400,0.0,0.0,0.0,0.0,20,0.2508,0.2575,20,0.2415,0.2567,0.0,0.0,0.0,0.0,215
2023-05-10 09:32:26,OP90002139,创业板ETF沽12月2400,0.0,0.0,0.0,0.0,20,0.2508,0.2575,20,0.2415,0.2567,0.0,0.0,0.0,0.0,215
2023-05-10 09:32:28,OP90002139,创业板ETF沽12月2400,0.0,0.0,0.0,0.0,30,0.2509,0.2575,20,0.2415,0.2567,0.0,0.0,0.0,0.0,215
2023-05-10 09:32:29,OP90002139,创业板ETF沽12月2400,0.0,0.0,0.0,0.0,30,0.2509,0.2575,20,0.2415,0.2567,0.0,0.0,0.0,0.0,215
2023-05-10 09:32:30,OP90002139,创业板ETF沽12月2400,0.0,0.0,0.0,0.0,30,0.2509,0.2575,20,0.2415,0.2567,0.0,0.0,0.0,0.0,215
2023-05-10 09:32:33,OP90002139,创业板ETF沽12月2400,0.0,0.0,0.0,0.0,50,0.2509,0.258,20,0.2415,0.2567,0.0,0.0,0.0,0.0,215
2023-05-10 09:32:33,OP90002139,创业板ETF沽12月2400,0.0,0.0,0.0,0.0,50,0.2509,0.258,20,0.2415,0.2567,0.0,0.0,0.0,0.0,215
2023-05-10 09:32:35,OP90002139,创业板ETF沽12月2400,0.0,0.0,0.0,0.0,60,0.2509,0.258,20,0.2415,0.2567,0.0,0.0,0.0,0.0,215
2023-05-10 09:32:39,OP90002139,创业板ETF沽12月2400,0.0,0.0,0.0,0.0,61,0.2509,0.258,20,0.2415,0.2567,0.0,0.0,0.0,0.0,215
2023-05-10 09:32:40,OP90002139,创业板ETF沽12月2400,0.0,0.0,0.0,0.0,61,0.2509,0.2574,10,0.2415,0.2567,0.0,0.0,0.0,0.0,215
2023-05-10 09:32:40,OP90002139,创业板ETF沽12月2400,0.0,0.0,0.0,0.0,61,0.2509,0.2574,30,0.2415,0.2567,0.0,0.0,0.0,0.0,215
2023-05-10 09:32:41,OP90002139,创业板ETF沽12月2400,0.0,0.0,0.0,0.0,61,0.2509,0.2573,20,0.2415,0.2567,0.0,0.0,0.0,0.0,215
2023-05-10 09:32:41,OP90002139,创业板ETF沽12月2400,0.0,0.0,0.0,0.0,61,0.2509,0.2573,20,0.2415,0.2567,0.0,0.0,0.0,0.0,215
2023-05-10 09:32:45,OP90002139,创业板ETF沽12月2400,0.0,0.0,0.0,0.0,30,0.251,0.2573,20,0.2415,0.2567,0.0,0.0,0.0,0.0,215
2023-05-10 09:32:45,OP90002139,创业板ETF沽12月2400,0.0,0.0,0.0,0.0,41,0.251,0.2573,20,0.2415,0.2567,0.0,0.0,0.0,0.0,215
2023-05-10 09:32:51,OP90002139,创业板ETF沽12月2400,0.0,0.0,0.0,0.0,20,0.2516,0.2573,20,0.2415,0.2567,0.0,0.0,0.0,0.0,215
2023-05-10 09:32:51,OP90002139,创业板ETF沽12月2400,0.0,0.0,0.0,0.0,30,0.2516,0.2573,20,0.2415,0.2567,0.0,0.0,0.0,0.0,215
2023-05-10 09:32:55,OP90002139,创业板ETF沽12月2400,0.0,0.0,0.0,0.0,20,0.2516,0.2573,20,0.2415,0.2567,0.0,0.0,0.0,0.0,215
2023-05-10 09:32:55,OP90002139,创业板ETF沽12月2400,0.0,0.0,0.0,0.0,21,0.2516,0.2573,20,0.2415,0.2567,0.0,0.0,0.0,0.0,215
2023-05-10 09:32:56,OP90002139,创业板ETF沽12月2400,0.0,0.0,0.0,0.0,21,0.2516,0.2573,20,0.2415,0.2567,0.0,0.0,0.0,0.0,215
2023-05-10 09:32:58,OP90002139,创业板ETF沽12月2400,0.0,0.0,0.0,0.0,21,0.2516,0.2573,20,0.2415,0.2567,0.0,0.0,0.0,0.0,215
2023-05-10 09:32:59,OP90002139,创业板ETF沽12月2400,0.0,0.0,0.0,0.0,21,0.2516,0.257,20,0.2415,0.2567,0.0,0.0,0.0,0.0,215
2023-05-10 09:33:00,OP90002139,创业板ETF沽12月2400,0.0,0.0,0.0,0.0,21,0.2516,0.257,20,0.2415,0.2567,0.0,0.0,0.0,0.0,215
2023-05-10 09:33:01,OP90002139,创业板ETF沽12月2400,0.0,0.0,0.0,0.0,21,0.2516,0.257,20,0.2415,0.2567,0.0,0.0,0.0,0.0,215
2023-05-10 09:33:01,OP90002139,创业板ETF沽12月2400,0.0,0.0,0.0,0.0,21,0.2516,0.257,20,0.2415,0.2567,0.0,0.0,0.0,0.0,215
2023-05-10 09:33:02,OP90002139,创业板ETF沽12月2400,0.0,0.0,0.0,0.0,21,0.2516,0.257,20,0.2415,0.2567,0.0,0.0,0.0,0.0,215
2023-05-10 09:33:02,OP90002139,创业板ETF沽12月2400,0.0,0.0,0.0,0.0,21,0.2516,0.257,40,0.2415,0.2567,0.0,0.0,0.0,0.0,215
2023-05-10 09:33:04,OP90002139,创业板ETF沽12月2400,0.0,0.0,0.0,0.0,21,0.2516,0.257,40,0.2415,0.2567,0.0,0.0,0.0,0.0,215
2023-05-10 09:33:04,OP90002139,创业板ETF沽12月2400,0.0,0.0,0.0,0.0,21,0.2516,0.257,40,0.2415,0.2567,0.0,0.0,0.0,0.0,215
2023-05-10 09:33:05,OP90002139,创业板ETF沽12月2400,0.0,0.0,0.0,0.0,1,0.2517,0.257,40,0.2415,0.2567,0.0,0.0,0.0,0.0,215
2023-05-10 09:33:06,OP90002139,创业板ETF沽12月2400,0.0,0.0,0.0,0.0,1,0.2517,0.257,20,0.2415,0.2567,0.0,0.0,0.0,0.0,215
2023-05-10 09:33:08,OP90002139,创业板ETF沽12月2400,0.0,0.0,0.0,0.0,1,0.2517,0.2569,10,0.2415,0.2567,0.0,0.0,0.0,0.0,215
2023-05-10 09:33:09,OP90002139,创业板ETF沽12月2400,0.0,0.0,0.0,0.0,20,0.2518,0.2573,20,0.2415,0.2567,0.0,0.0,0.0,0.0,215
2023-05-10 09:33:09,OP90002139,创业板ETF沽12月2400,0.0,0.0,0.0,0.0,20,0.2518,0.2573,20,0.2415,0.2567,0.0,0.0,0.0,0.0,215
2023-05-10 09:33:10,OP90002139,创业板ETF沽12月2400,0.0,0.0,0.0,0.0,20,0.2518,0.2573,30,0.2415,0.2567,0.0,0.0,0.0,0.0,215
2023-05-10 09:33:10,OP90002139,创业板ETF沽12月2400,0.0,0.0,0.0,0.0,20,0.2518,0.2573,20,0.2415,0.2567,0.0,0.0,0.0,0.0,215
2023-05-10 09:33:11,OP90002139,创业板ETF沽12月2400,0.0,0.0,0.0,0.0,20,0.2518,0.2573,30,0.2415,0.2567,0.0,0.0,0.0,0.0,215
2023-05-10 09:33:11,OP90002139,创业板ETF沽12月2400,0.0,0.0,0.0,0.0,20,0.2518,0.2573,20,0.2415,0.2567,0.0,0.0,0.0,0.0,215
2023-05-10 09:33:12,OP90002139,创业板ETF沽12月2400,0.0,0.0,0.0,0.0,20,0.2518,0.2573,20,0.2415,0.2567,0.0,0.0,0.0,0.0,215
2023-05-10 09:33:12,OP90002139,创业板ETF沽12月2400,0.0,0.0,0.0,0.0,20,0.2518,0.2573,20,0.2415,0.2567,0.0,0.0,0.0,0.0,215
2023-05-10 09:33:13,OP90002139,创业板ETF沽12月2400,0.0,0.0,0.0,0.0,20,0.2518,0.2573,20,0.2415,0.2567,0.0,0.0,0.0,0.0,215
2023-05-10 09:33:14,OP90002139,创业板ETF沽12月2400,0.0,0.0,0.0,0.0,20,0.2518,0.2573,20,0.2415,0.2567,0.0,0.0,0.0,0.0,215
2023-05-10 09:33:16,OP90002139,创业板ETF沽12月2400,0.0,0.0,0.0,0.0,20,0.2518,0.2573,20,0.2415,0.2567,0.0,0.0,0.0,0.0,215
2023-05-10 09:33:20,OP90002139,创业板ETF沽12月2400,0.0,0.0,0.0,0.0,21,0.2518,0.2573,20,0.2415,0.2567,0.0,0.0,0.0,0.0,215
2023-05-10 09:33:21,OP90002139,创业板ETF沽12月2400,0.0,0.0,0.0,0.0,21,0.2518,0.2573,20,0.2415,0.2567,0.0,0.0,0.0,0.0,215
2023-05-10 09:33:22,OP90002139,创业板ETF沽12月2400,0.0,0.0,0.0,0.0,21,0.2518,0.2573,20,0.2415,0.2567,0.0,0.0,0.0,0.0,215
2023-05-10 09:33:24,OP90002139,创业板ETF沽12月2400,0.0,0.0,0.0,0.0,41,0.2518,0.2574,20,0.2415,0.2567,0.0,0.0,0.0,0.0,215
2023-05-10 09:33:24,OP90002139,创业板ETF沽12月2400,0.0,0.0,0.0,0.0,41,0.2518,0.2574,10,0.2415,0.2567,0.0,0.0,0.0,0.0,215
2023-05-10 09:33:25,OP90002139,创业板ETF沽12月2400,0.0,0.0,0.0,0.0,41,0.2518,0.2574,10,0.2415,0.2567,0.0,0.0,0.0,0.0,215
2023-05-10 09:33:29,OP90002139,创业板ETF沽12月2400,0.0,0.0,0.0,0.0,41,0.2518,0.2574,10,0.2415,0.2567,0.0,0.0,0.0,0.0,215
2023-05-10 09:33:30,OP90002139,创业板ETF沽12月2400,0.0,0.0,0.0,0.0,1,0.2519,0.2574,10,0.2415,0.2567,0.0,0.0,0.0,0.0,215
2023-05-10 09:33:31,OP90002139,创业板ETF沽12月2400,0.0,0.0,0.0,0.0,1,0.2519,0.2574,10,0.2415,0.2567,0.0,0.0,0.0,0.0,215
2023-05-10 09:33:32,OP90002139,创业板ETF沽12月2400,0.0,0.0,0.0,0.0,1,0.2519,0.2574,10,0.2415,0.2567,0.0,0.0,0.0,0.0,215
2023-05-10 09:33:38,OP90002139,创业板ETF沽12月2400,0.0,0.0,0.0,0.0,1,0.2519,0.2574,10,0.2415,0.2567,0.0,0.0,0.0,0.0,215
2023-05-10 09:33:40,OP90002139,创业板ETF沽12月2400,0.0,0.0,0.0,0.0,1,0.252,0.2574,10,0.2415,0.2567,0.0,0.0,0.0,0.0,215
2023-05-10 09:33:41,OP90002139,创业板ETF沽12月2400,0.0,0.0,0.0,0.0,20,0.2521,0.2574,10,0.2415,0.2567,0.0,0.0,0.0,0.0,215
2023-05-10 09:33:42,OP90002139,创业板ETF沽12月2400,0.0,0.0,0.0,0.0,20,0.2521,0.2574,10,0.2415,0.2567,0.0,0.0,0.0,0.0,215
2023-05-10 09:33:43,OP90002139,创业板ETF沽12月2400,0.0,0.0,0.0,0.0,30,0.2522,0.2574,10,0.2415,0.2567,0.0,0.0,0.0,0.0,215
2023-05-10 09:33:44,OP90002139,创业板ETF沽12月2400,0.0,0.0,0.0,0.0,40,0.2522,0.2574,10,0.2415,0.2567,0.0,0.0,0.0,0.0,215
2023-05-10 09:33:44,OP90002139,创业板ETF沽12月2400,0.0,0.0,0.0,0.0,40,0.2522,0.2574,10,0.2415,0.2567,0.0,0.0,0.0,0.0,215
2023-05-10 09:33:50,OP90002139,创业板ETF沽12月2400,0.0,0.0,0.0,0.0,1,0.2525,0.2579,40,0.2415,0.2567,0.0,0.0,0.0,0.0,215
2023-05-10 09:33:51,OP90002139,创业板ETF沽12月2400,0.0,0.0,0.0,0.0,11,0.2525,0.2579,30,0.2415,0.2567,0.0,0.0,0.0,0.0,215
2023-05-10 09:33:51,OP90002139,创业板ETF沽12月2400,0.0,0.0,0.0,0.0,11,0.2525,0.2579,20,0.2415,0.2567,0.0,0.0,0.0,0.0,215
2023-05-10 09:33:52,OP90002139,创业板ETF沽12月2400,0.0,0.0,0.0,0.0,20,0.2526,0.2579,20,0.2415,0.2567,0.0,0.0,0.0,0.0,215
2023-05-10 09:33:52,OP90002139,创业板ETF沽12月2400,0.0,0.0,0.0,0.0,30,0.2526,0.2579,20,0.2415,0.2567,0.0,0.0,0.0,0.0,215
2023-05-10 09:33:53,OP90002139,创业板ETF沽12月2400,0.0,0.0,0.0,0.0,30,0.2526,0.2579,20,0.2415,0.2567,0.0,0.0,0.0,0.0,215
2023-05-10 09:33:54,OP90002139,创业板ETF沽12月2400,0.0,0.0,0.0,0.0,20,0.2526,0.2579,20,0.2415,0.2567,0.0,0.0,0.0,0.0,215
2023-05-10 09:33:54,OP90002139,创业板ETF沽12月2400,0.0,0.0,0.0,0.0,20,0.2526,0.2579,20,0.2415,0.2567,0.0,0.0,0.0,0.0,215
2023-05-10 09:33:55,OP90002139,创业板ETF沽12月2400,0.0,0.0,0.0,0.0,20,0.2526,0.2579,20,0.2415,0.2567,0.0,0.0,0.0,0.0,215
2023-05-10 09:33:55,OP90002139,创业板ETF沽12月2400,0.0,0.0,0.0,0.0,20,0.2526,0.2579,20,0.2415,0.2567,0.0,0.0,0.0,0.0,215
2023-05-10 09:33:56,OP90002139,创业板ETF沽12月2400,0.0,0.0,0.0,0.0,20,0.2526,0.2579,20,0.2415,0.2567,0.0,0.0,0.0,0.0,215
2023-05-10 09:33:58,OP90002139,创业板ETF沽12月2400,0.0,0.0,0.0,0.0,20,0.2527,0.2585,70,0.2415,0.2567,0.0,0.0,0.0,0.0,215
2023-05-10 09:33:58,OP90002139,创业板ETF沽12月2400,0.0,0.0,0.0,0.0,10,0.2528,0.2585,60,0.2415,0.2567,0.0,0.0,0.0,0.0,215
2023-05-10 09:33:59,OP90002139,创业板ETF沽12月2400,0.0,0.0,0.0,0.0,10,0.2528,0.2585,60,0.2415,0.2567,0.0,0.0,0.0,0.0,215
2023-05-10 09:33:59,OP90002139,创业板ETF沽12月2400,0.0,0.0,0.0,0.0,20,0.2527,0.2585,60,0.2415,0.2567,0.0,0.0,0.0,0.0,215
2023-05-10 09:34:00,OP90002139,创业板ETF沽12月2400,0.0,0.0,0.0,0.0,10,0.2529,0.2585,60,0.2415,0.2567,0.0,0.0,0.0,0.0,215
2023-05-10 09:34:01,OP90002139,创业板ETF沽12月2400,0.0,0.0,0.0,0.0,20,0.2527,0.2585,60,0.2415,0.2567,0.0,0.0,0.0,0.0,215
2023-05-10 09:34:01,OP90002139,创业板ETF沽12月2400,0.0,0.0,0.0,0.0,10,0.2528,0.2585,60,0.2415,0.2567,0.0,0.0,0.0,0.0,215
2023-05-10 09:34:02,OP90002139,创业板ETF沽12月2400,0.0,0.0,0.0,0.0,20,0.2527,0.2585,60,0.2415,0.2567,0.0,0.0,0.0,0.0,215
2023-05-10 09:34:03,OP90002139,创业板ETF沽12月2400,0.0,0.0,0.0,0.0,20,0.2527,0.2585,60,0.2415,0.2567,0.0,0.0,0.0,0.0,215
2023-05-10 09:34:03,OP90002139,创业板ETF沽12月2400,0.0,0.0,0.0,0.0,20,0.2527,0.2585,60,0.2415,0.2567,0.0,0.0,0.0,0.0,215
2023-05-10 09:34:05,OP90002139,创业板ETF沽12月2400,0.0,0.0,0.0,0.0,20,0.2532,0.2585,40,0.2415,0.2567,0.0,0.0,0.0,0.0,215
2023-05-10 09:34:05,OP90002139,创业板ETF沽12月2400,0.0,0.0,0.0,0.0,20,0.2532,0.2585,20,0.2415,0.2567,0.0,0.0,0.0,0.0,215
2023-05-10 09:34:06,OP90002139,创业板ETF沽12月2400,0.0,0.0,0.0,0.0,20,0.2532,0.2589,40,0.2415,0.2567,0.0,0.0,0.0,0.0,215
2023-05-10 09:34:07,OP90002139,创业板ETF沽12月2400,0.0,0.0,0.0,0.0,20,0.2532,0.2589,20,0.2415,0.2567,0.0,0.0,0.0,0.0,215
2023-05-10 09:34:07,OP90002139,创业板ETF沽12月2400,0.0,0.0,0.0,0.0,20,0.2532,0.2589,20,0.2415,0.2567,0.0,0.0,0.0,0.0,215
2023-05-10 09:34:08,OP90002139,创业板ETF沽12月2400,0.0,0.0,0.0,0.0,20,0.2533,0.2587,20,0.2415,0.2567,0.0,0.0,0.0,0.0,215
2023-05-10 09:34:08,OP90002139,创业板ETF沽12月2400,0.0,0.0,0.0,0.0,20,0.2533,0.2587,20,0.2415,0.2567,0.0,0.0,0.0,0.0,215
2023-05-10 09:34:09,OP90002139,创业板ETF沽12月2400,0.0,0.0,0.0,0.0,30,0.2533,0.2587,20,0.2415,0.2567,0.0,0.0,0.0,0.0,215
2023-05-10 09:34:10,OP90002139,创业板ETF沽12月2400,0.0,0.0,0.0,0.0,31,0.2533,0.2587,20,0.2415,0.2567,0.0,0.0,0.0,0.0,215
2023-05-10 09:34:12,OP90002139,创业板ETF沽12月2400,0.0,0.0,0.0,0.0,30,0.2534,0.2587,20,0.2415,0.2567,0.0,0.0,0.0,0.0,215
2023-05-10 09:34:13,OP90002139,创业板ETF沽12月2400,0.0,0.0,0.0,0.0,30,0.2534,0.2587,20,0.2415,0.2567,0.0,0.0,0.0,0.0,215
2023-05-10 09:34:13,OP90002139,创业板ETF沽12月2400,0.0,0.0,0.0,0.0,40,0.2534,0.2587,20,0.2415,0.2567,0.0,0.0,0.0,0.0,215
2023-05-10 09:34:14,OP90002139,创业板ETF沽12月2400,0.0,0.0,0.0,0.0,50,0.2534,0.2587,20,0.2415,0.2567,0.0,0.0,0.0,0.0,215
2023-05-10 09:34:14,OP90002139,创业板ETF沽12月2400,0.0,0.0,0.0,0.0,20,0.2547,0.2586,20,0.2415,0.2567,0.0,0.0,0.0,0.0,215
2023-05-10 09:34:15,OP90002139,创业板ETF沽12月2400,0.0,0.0,0.0,0.0,20,0.2547,0.2586,20,0.2415,0.2567,0.0,0.0,0.0,0.0,215
2023-05-10 09:34:15,OP90002139,创业板ETF沽12月2400,0.0,0.0,0.0,0.0,21,0.2547,0.2586,20,0.2415,0.2567,0.0,0.0,0.0,0.0,215
2023-05-10 09:34:16,OP90002139,创业板ETF沽12月2400,0.0,0.0,0.0,0.0,21,0.2547,0.2586,20,0.2415,0.2567,0.0,0.0,0.0,0.0,215
2023-05-10 09:34:17,OP90002139,创业板ETF沽12月2400,0.0,0.0,0.0,0.0,21,0.2547,0.2586,20,0.2415,0.2567,0.0,0.0,0.0,0.0,215
2023-05-10 09:34:18,OP90002139,创业板ETF沽12月2400,0.0,0.0,0.0,0.0,21,0.2547,0.2586,20,0.2415,0.2567,0.0,0.0,0.0,0.0,215
2023-05-10 09:34:23,OP90002139,创业板ETF沽12月2400,0.0,0.0,0.0,0.0,21,0.2547,0.2586,20,0.2415,0.2567,0.0,0.0,0.0,0.0,215
2023-05-10 09:34:25,OP90002139,创业板ETF沽12月2400,0.0,0.0,0.0,0.0,1,0.2548,0.2586,20,0.2415,0.2567,0.0,0.0,0.0,0.0,215
2023-05-10 09:34:26,OP90002139,创业板ETF沽12月2400,0.0,0.0,0.0,0.0,1,0.2548,0.2586,20,0.2415,0.2567,0.0,0.0,0.0,0.0,215
2023-05-10 09:34:28,OP90002139,创业板ETF沽12月2400,0.0,0.0,0.0,0.0,1,0.2548,0.2586,20,0.2415,0.2567,0.0,0.0,0.0,0.0,215
2023-05-10 09:34:30,OP90002139,创业板ETF沽12月2400,0.0,0.0,0.0,0.0,21,0.2548,0.2586,20,0.2415,0.2567,0.0,0.0,0.0,0.0,215
2023-05-10 09:34:32,OP90002139,创业板ETF沽12月2400,0.0,0.0,0.0,0.0,21,0.2548,0.2586,20,0.2415,0.2567,0.0,0.0,0.0,0.0,215
2023-05-10 09:34:35,OP90002139,创业板ETF沽12月2400,0.0,0.0,0.0,0.0,1,0.2549,0.2586,20,0.2415,0.2567,0.0,0.0,0.0,0.0,215
2023-05-10 09:34:40,OP90002139,创业板ETF沽12月2400,0.0,0.0,0.0,0.0,1,0.2549,0.2586,20,0.2415,0.2567,0.0,0.0,0.0,0.0,215
2023-05-10 09:34:44,OP90002139,创业板ETF沽12月2400,0.0,0.0,0.0,0.0,11,0.2549,0.2586,20,0.2415,0.2567,0.0,0.0,0.0,0.0,215
2023-05-10 09:34:45,OP90002139,创业板ETF沽12月2400,0.0,0.0,0.0,0.0,1,0.255,0.2586,20,0.2415,0.2567,0.0,0.0,0.0,0.0,215
2023-05-10 09:34:46,OP90002139,创业板ETF沽12月2400,0.0,0.0,0.0,0.0,11,0.255,0.2586,20,0.2415,0.2567,0.0,0.0,0.0,0.0,215
2023-05-10 09:34:48,OP90002139,创业板ETF沽12月2400,0.0,0.0,0.0,0.0,11,0.255,0.2586,20,0.2415,0.2567,0.0,0.0,0.0,0.0,215
2023-05-10 09:34:49,OP90002139,创业板ETF沽12月2400,0.0,0.0,0.0,0.0,11,0.255,0.2586,20,0.2415,0.2567,0.0,0.0,0.0,0.0,215
2023-05-10 09:34:50,OP90002139,创业板ETF沽12月2400,0.0,0.0,0.0,0.0,11,0.255,0.2586,20,0.2415,0.2567,0.0,0.0,0.0,0.0,215
2023-05-10 09:34:55,OP90002139,创业板ETF沽12月2400,0.0,0.0,0.0,0.0,1,0.2551,0.2586,20,0.2415,0.2567,0.0,0.0,0.0,0.0,215
2023-05-10 09:34:56,OP90002139,创业板ETF沽12月2400,0.0,0.0,0.0,0.0,11,0.2551,0.2586,20,0.2415,0.2567,0.0,0.0,0.0,0.0,215
2023-05-10 09:34:58,OP90002139,创业板ETF沽12月2400,0.0,0.0,0.0,0.0,1,0.2551,0.2586,20,0.2415,0.2567,0.0,0.0,0.0,0.0,215
2023-05-10 09:34:58,OP90002139,创业板ETF沽12月2400,0.0,0.0,0.0,0.0,1,0.2551,0.2583,20,0.2415,0.2567,0.0,0.0,0.0,0.0,215
2023-05-10 09:34:59,OP90002139,创业板ETF沽12月2400,0.0,0.0,0.0,0.0,1,0.2551,0.2583,20,0.2415,0.2567,0.0,0.0,0.0,0.0,215
2023-05-10 09:34:59,OP90002139,创业板ETF沽12月2400,0.0,0.0,0.0,0.0,21,0.2551,0.2582,30,0.2415,0.2567,0.0,0.0,0.0,0.0,215
2023-05-10 09:35:00,OP90002139,创业板ETF沽12月2400,0.0,0.0,0.0,0.0,21,0.2551,0.2582,30,0.2415,0.2567,0.0,0.0,0.0,0.0,215
2023-05-10 09:35:01,OP90002139,创业板ETF沽12月2400,0.0,0.0,0.0,0.0,21,0.2551,0.2582,30,0.2415,0.2567,0.0,0.0,0.0,0.0,215
2023-05-10 09:35:02,OP90002139,创业板ETF沽12月2400,0.0,0.0,0.0,0.0,21,0.2551,0.2582,30,0.2415,0.2567,0.0,0.0,0.0,0.0,215
2023-05-10 09:35:02,OP90002139,创业板ETF沽12月2400,0.0,0.0,0.0,0.0,21,0.2551,0.2582,30,0.2415,0.2567,0.0,0.0,0.0,0.0,215
2023-05-10 09:35:04,OP90002139,创业板ETF沽12月2400,0.0,0.0,0.0,0.0,21,0.2551,0.2582,30,0.2415,0.2567,0.0,0.0,0.0,0.0,215
2023-05-10 09:35:05,OP90002139,创业板ETF沽12月2400,0.0,0.0,0.0,0.0,21,0.2551,0.2582,30,0.2415,0.2567,0.0,0.0,0.0,0.0,215
2023-05-10 09:35:05,OP90002139,创业板ETF沽12月2400,0.0,0.0,0.0,0.0,1,0.2552,0.2582,30,0.2415,0.2567,0.0,0.0,0.0,0.0,215
2023-05-10 09:35:06,OP90002139,创业板ETF沽12月2400,0.0,0.0,0.0,0.0,1,0.2552,0.2582,30,0.2415,0.2567,0.0,0.0,0.0,0.0,215
2023-05-10 09:35:06,OP90002139,创业板ETF沽12月2400,0.0,0.0,0.0,0.0,1,0.2552,0.2582,30,0.2415,0.2567,0.0,0.0,0.0,0.0,215
2023-05-10 09:35:07,OP90002139,创业板ETF沽12月2400,0.0,0.0,0.0,0.0,20,0.2556,0.2582,30,0.2415,0.2567,0.0,0.0,0.0,0.0,215
2023-05-10 09:35:07,OP90002139,创业板ETF沽12月2400,0.0,0.0,0.0,0.0,20,0.2556,0.2584,50,0.2415,0.2567,0.0,0.0,0.0,0.0,215
2023-05-10 09:35:08,OP90002139,创业板ETF沽12月2400,0.0,0.0,0.0,0.0,20,0.2556,0.2584,50,0.2415,0.2567,0.0,0.0,0.0,0.0,215
2023-05-10 09:35:08,OP90002139,创业板ETF沽12月2400,0.0,0.0,0.0,0.0,20,0.2556,0.2584,50,0.2415,0.2567,0.0,0.0,0.0,0.0,215
2023-05-10 09:35:14,OP90002139,创业板ETF沽12月2400,0.0,0.0,0.0,0.0,30,0.2553,0.2584,50,0.2415,0.2567,0.0,0.0,0.0,0.0,215
2023-05-10 09:35:14,OP90002139,创业板ETF沽12月2400,0.0,0.0,0.0,0.0,30,0.2553,0.2584,50,0.2415,0.2567,0.0,0.0,0.0,0.0,215
2023-05-10 09:35:16,OP90002139,创业板ETF沽12月2400,0.0,0.0,0.0,0.0,31,0.2553,0.2584,50,0.2415,0.2567,0.0,0.0,0.0,0.0,215
2023-05-10 09:35:16,OP90002139,创业板ETF沽12月2400,0.0,0.0,0.0,0.0,31,0.2553,0.2584,50,0.2415,0.2567,0.0,0.0,0.0,0.0,215
2023-05-10 09:35:22,OP90002139,创业板ETF沽12月2400,0.0,0.0,0.0,0.0,41,0.2553,0.2584,50,0.2415,0.2567,0.0,0.0,0.0,0.0,215
2023-05-10 09:35:23,OP90002139,创业板ETF沽12月2400,0.0,0.0,0.0,0.0,31,0.2553,0.2584,50,0.2415,0.2567,0.0,0.0,0.0,0.0,215
2023-05-10 09:35:23,OP90002139,创业板ETF沽12月2400,0.0,0.0,0.0,0.0,20,0.2554,0.2584,50,0.2415,0.2567,0.0,0.0,0.0,0.0,215
2023-05-10 09:35:24,OP90002139,创业板ETF沽12月2400,0.0,0.0,0.0,0.0,20,0.2554,0.2584,50,0.2415,0.2567,0.0,0.0,0.0,0.0,215
2023-05-10 09:35:29,OP90002139,创业板ETF沽12月2400,0.0,0.0,0.0,0.0,30,0.2554,0.2584,50,0.2415,0.2567,0.0,0.0,0.0,0.0,215
2023-05-10 09:35:31,OP90002139,创业板ETF沽12月2400,0.0,0.0,0.0,0.0,31,0.2554,0.2584,50,0.2415,0.2567,0.0,0.0,0.0,0.0,215
2023-05-10 09:35:33,OP90002139,创业板ETF沽12月2400,0.0,0.0,0.0,0.0,31,0.2554,0.2584,50,0.2415,0.2567,0.0,0.0,0.0,0.0,215
2023-05-10 09:35:36,OP90002139,创业板ETF沽12月2400,0.0,0.0,0.0,0.0,21,0.2554,0.2584,50,0.2415,0.2567,0.0,0.0,0.0,0.0,215
2023-05-10 09:35:37,OP90002139,创业板ETF沽12月2400,0.0,0.0,0.0,0.0,21,0.2554,0.2584,50,0.2415,0.2567,0.0,0.0,0.0,0.0,215
2023-05-10 09:35:41,OP90002139,创业板ETF沽12月2400,0.0,0.0,0.0,0.0,1,0.2555,0.2584,50,0.2415,0.2567,0.0,0.0,0.0,0.0,215
2023-05-10 09:35:51,OP90002139,创业板ETF沽12月2400,0.0,0.0,0.0,0.0,1,0.2556,0.2584,50,0.2415,0.2567,0.0,0.0,0.0,0.0,215
2023-05-10 09:35:52,OP90002139,创业板ETF沽12月2400,0.0,0.0,0.0,0.0,1,0.2556,0.2584,50,0.2415,0.2567,0.0,0.0,0.0,0.0,215
2023-05-10 09:35:54,OP90002139,创业板ETF沽12月2400,0.0,0.0,0.0,0.0,1,0.2556,0.2584,50,0.2415,0.2567,0.0,0.0,0.0,0.0,215
2023-05-10 09:35:56,OP90002139,创业板ETF沽12月2400,0.0,0.0,0.0,0.0,1,0.2556,0.2584,50,0.2415,0.2567,0.0,0.0,0.0,0.0,215
2023-05-10 09:35:56,OP90002139,创业板ETF沽12月2400,0.0,0.0,0.0,0.0,1,0.2555,0.2584,50,0.2415,0.2567,0.0,0.0,0.0,0.0,215
2023-05-10 09:35:57,OP90002139,创业板ETF沽12月2400,0.0,0.0,0.0,0.0,1,0.2555,0.2584,50,0.2415,0.2567,0.0,0.0,0.0,0.0,215
2023-05-10 09:35:57,OP90002139,创业板ETF沽12月2400,0.0,0.0,0.0,0.0,1,0.2555,0.2584,50,0.2415,0.2567,0.0,0.0,0.0,0.0,215
2023-05-10 09:36:00,OP90002139,创业板ETF沽12月2400,0.0,0.0,0.0,0.0,1,0.2555,0.2583,30,0.2415,0.2567,0.0,0.0,0.0,0.0,215
2023-05-10 09:36:00,OP90002139,创业板ETF沽12月2400,0.0,0.0,0.0,0.0,1,0.2555,0.2583,50,0.2415,0.2567,0.0,0.0,0.0,0.0,215
2023-05-10 09:36:01,OP90002139,创业板ETF沽12月2400,0.0,0.0,0.0,0.0,1,0.2554,0.2583,50,0.2415,0.2567,0.0,0.0,0.0,0.0,215
2023-05-10 09:36:01,OP90002139,创业板ETF沽12月2400,0.0,0.0,0.0,0.0,1,0.2553,0.2583,50,0.2415,0.2567,0.0,0.0,0.0,0.0,215
2023-05-10 09:36:02,OP90002139,创业板ETF沽12月2400,0.0,0.0,0.0,0.0,1,0.2553,0.2583,50,0.2415,0.2567,0.0,0.0,0.0,0.0,215
2023-05-10 09:36:02,OP90002139,创业板ETF沽12月2400,0.0,0.0,0.0,0.0,1,0.255,0.2583,50,0.2415,0.2567,0.0,0.0,0.0,0.0,215
2023-05-10 09:36:03,OP90002139,创业板ETF沽12月2400,0.0,0.0,0.0,0.0,1,0.255,0.258,20,0.2415,0.2567,0.0,0.0,0.0,0.0,215
2023-05-10 09:36:03,OP90002139,创业板ETF沽12月2400,0.0,0.0,0.0,0.0,1,0.255,0.258,20,0.2415,0.2567,0.0,0.0,0.0,0.0,215
2023-05-10 09:36:04,OP90002139,创业板ETF沽12月2400,0.0,0.0,0.0,0.0,1,0.255,0.258,20,0.2415,0.2567,0.0,0.0,0.0,0.0,215
2023-05-10 09:36:04,OP90002139,创业板ETF沽12月2400,0.0,0.0,0.0,0.0,1,0.255,0.258,20,0.2415,0.2567,0.0,0.0,0.0,0.0,215
2023-05-10 09:36:05,OP90002139,创业板ETF沽12月2400,0.0,0.0,0.0,0.0,1,0.255,0.258,20,0.2415,0.2567,0.0,0.0,0.0,0.0,215
2023-05-10 09:36:05,OP90002139,创业板ETF沽12月2400,0.0,0.0,0.0,0.0,1,0.2548,0.258,20,0.2415,0.2567,0.0,0.0,0.0,0.0,215
2023-05-10 09:36:06,OP90002139,创业板ETF沽12月2400,0.0,0.0,0.0,0.0,1,0.2548,0.258,20,0.2415,0.2567,0.0,0.0,0.0,0.0,215
2023-05-10 09:36:08,OP90002139,创业板ETF沽12月2400,0.0,0.0,0.0,0.0,21,0.2547,0.258,20,0.2415,0.2567,0.0,0.0,0.0,0.0,215
2023-05-10 09:36:09,OP90002139,创业板ETF沽12月2400,0.0,0.0,0.0,0.0,21,0.2547,0.258,20,0.2415,0.2567,0.0,0.0,0.0,0.0,215
2023-05-10 09:36:10,OP90002139,创业板ETF沽12月2400,0.0,0.0,0.0,0.0,21,0.2547,0.258,40,0.2415,0.2567,0.0,0.0,0.0,0.0,215
2023-05-10 09:36:11,OP90002139,创业板ETF沽12月2400,0.0,0.0,0.0,0.0,20,0.2547,0.258,40,0.2415,0.2567,0.0,0.0,0.0,0.0,215
2023-05-10 09:36:11,OP90002139,创业板ETF沽12月2400,0.0,0.0,0.0,0.0,20,0.2547,0.258,40,0.2415,0.2567,0.0,0.0,0.0,0.0,215
2023-05-10 09:36:16,OP90002139,创业板ETF沽12月2400,0.0,0.0,0.0,0.0,20,0.2547,0.258,40,0.2415,0.2567,0.0,0.0,0.0,0.0,215
2023-05-10 09:36:22,OP90002139,创业板ETF沽12月2400,0.0,0.0,0.0,0.0,20,0.2547,0.258,40,0.2415,0.2567,0.0,0.0,0.0,0.0,215
2023-05-10 09:36:24,OP90002139,创业板ETF沽12月2400,0.0,0.0,0.0,0.0,20,0.2547,0.258,40,0.2415,0.2567,0.0,0.0,0.0,0.0,215
2023-05-10 09:36:25,OP90002139,创业板ETF沽12月2400,0.0,0.0,0.0,0.0,20,0.2547,0.258,40,0.2415,0.2567,0.0,0.0,0.0,0.0,215
2023-05-10 09:36:27,OP90002139,创业板ETF沽12月2400,0.0,0.0,0.0,0.0,11,0.2545,0.258,40,0.2415,0.2567,0.0,0.0,0.0,0.0,215
2023-05-10 09:36:28,OP90002139,创业板ETF沽12月2400,0.0,0.0,0.0,0.0,1,0.2545,0.258,40,0.2415,0.2567,0.0,0.0,0.0,0.0,215
2023-05-10 09:36:29,OP90002139,创业板ETF沽12月2400,0.0,0.0,0.0,0.0,1,0.2545,0.2579,30,0.2415,0.2567,0.0,0.0,0.0,0.0,215
2023-05-10 09:36:29,OP90002139,创业板ETF沽12月2400,0.0,0.0,0.0,0.0,20,0.2544,0.2579,30,0.2415,0.2567,0.0,0.0,0.0,0.0,215
2023-05-10 09:36:30,OP90002139,创业板ETF沽12月2400,0.0,0.0,0.0,0.0,20,0.2544,0.2579,30,0.2415,0.2567,0.0,0.0,0.0,0.0,215
2023-05-10 09:36:30,OP90002139,创业板ETF沽12月2400,0.0,0.0,0.0,0.0,20,0.2544,0.2579,30,0.2415,0.2567,0.0,0.0,0.0,0.0,215
2023-05-10 09:36:46,OP90002139,创业板ETF沽12月2400,0.0,0.0,0.0,0.0,41,0.2542,0.2579,30,0.2415,0.2567,0.0,0.0,0.0,0.0,215
2023-05-10 09:36:47,OP90002139,创业板ETF沽12月2400,0.0,0.0,0.0,0.0,21,0.2543,0.2579,30,0.2415,0.2567,0.0,0.0,0.0,0.0,215
2023-05-10 09:36:47,OP90002139,创业板ETF沽12月2400,0.0,0.0,0.0,0.0,21,0.2543,0.2579,30,0.2415,0.2567,0.0,0.0,0.0,0.0,215
2023-05-10 09:36:54,OP90002139,创业板ETF沽12月2400,0.0,0.0,0.0,0.0,21,0.2543,0.2579,30,0.2415,0.2567,0.0,0.0,0.0,0.0,215
2023-05-10 09:36:54,OP90002139,创业板ETF沽12月2400,0.0,0.0,0.0,0.0,21,0.2543,0.2573,20,0.2415,0.2567,0.0,0.0,0.0,0.0,215
2023-05-10 09:36:55,OP90002139,创业板ETF沽12月2400,0.0,0.0,0.0,0.0,21,0.2543,0.2573,40,0.2415,0.2567,0.0,0.0,0.0,0.0,215
2023-05-10 09:36:55,OP90002139,创业板ETF沽12月2400,0.0,0.0,0.0,0.0,1,0.2543,0.2567,20,0.2415,0.2567,0.0,0.0,0.0,0.0,215
2023-05-10 09:36:56,OP90002139,创业板ETF沽12月2400,0.0,0.0,0.0,0.0,1,0.2543,0.2567,40,0.2415,0.2567,0.0,0.0,0.0,0.0,215
2023-05-10 09:36:56,OP90002139,创业板ETF沽12月2400,0.0,0.0,0.0,0.0,20,0.2539,0.2567,40,0.2415,0.2567,0.0,0.0,0.0,0.0,215
2023-05-10 09:36:57,OP90002139,创业板ETF沽12月2400,0.0,0.0,0.0,0.0,51,0.2538,0.2567,40,0.2415,0.2567,0.0,0.0,0.0,0.0,215
2023-05-10 09:36:57,OP90002139,创业板ETF沽12月2400,0.0,0.0,0.0,0.0,1,0.2538,0.2567,40,0.2415,0.2567,0.0,0.0,0.0,0.0,215
2023-05-10 09:36:58,OP90002139,创业板ETF沽12月2400,0.0,0.0,0.0,0.0,1,0.2538,0.2567,40,0.2415,0.2567,0.0,0.0,0.0,0.0,215
2023-05-10 09:36:58,OP90002139,创业板ETF沽12月2400,0.0,0.0,0.0,0.0,1,0.2538,0.2567,20,0.2415,0.2567,0.0,0.0,0.0,0.0,215
2023-05-10 09:36:59,OP90002139,创业板ETF沽12月2400,0.0,0.0,0.0,0.0,1,0.2538,0.2572,20,0.2415,0.2567,0.0,0.0,0.0,0.0,215
2023-05-10 09:36:59,OP90002139,创业板ETF沽12月2400,0.0,0.0,0.0,0.0,21,0.2537,0.2572,20,0.2415,0.2567,0.0,0.0,0.0,0.0,215
2023-05-10 09:37:00,OP90002139,创业板ETF沽12月2400,0.0,0.0,0.0,0.0,21,0.2537,0.2572,20,0.2415,0.2567,0.0,0.0,0.0,0.0,215
2023-05-10 09:37:02,OP90002139,创业板ETF沽12月2400,0.0,0.0,0.0,0.0,20,0.2537,0.2572,20,0.2415,0.2567,0.0,0.0,0.0,0.0,215
2023-05-10 09:37:03,OP90002139,创业板ETF沽12月2400,0.0,0.0,0.0,0.0,20,0.2537,0.2572,20,0.2415,0.2567,0.0,0.0,0.0,0.0,215
2023-05-10 09:37:04,OP90002139,创业板ETF沽12月2400,0.0,0.0,0.0,0.0,20,0.2537,0.2572,20,0.2415,0.2567,0.0,0.0,0.0,0.0,215
2023-05-10 09:37:05,OP90002139,创业板ETF沽12月2400,0.0,0.0,0.0,0.0,30,0.2537,0.2572,20,0.2415,0.2567,0.0,0.0,0.0,0.0,215
2023-05-10 09:37:06,OP90002139,创业板ETF沽12月2400,0.0,0.0,0.0,0.0,20,0.2537,0.2572,20,0.2415,0.2567,0.0,0.0,0.0,0.0,215
2023-05-10 09:37:07,OP90002139,创业板ETF沽12月2400,0.0,0.0,0.0,0.0,20,0.254,0.2571,30,0.2415,0.2567,0.0,0.0,0.0,0.0,215
2023-05-10 09:37:07,OP90002139,创业板ETF沽12月2400,0.0,0.0,0.0,0.0,40,0.254,0.2571,50,0.2415,0.2567,0.0,0.0,0.0,0.0,215
2023-05-10 09:37:10,OP90002139,创业板ETF沽12月2400,0.0,0.0,0.0,0.0,20,0.254,0.2571,50,0.2415,0.2567,0.0,0.0,0.0,0.0,215
2023-05-10 09:37:11,OP90002139,创业板ETF沽12月2400,0.0,0.0,0.0,0.0,10,0.2538,0.2567,20,0.2415,0.2567,0.0,0.0,0.0,0.0,215
2023-05-10 09:37:11,OP90002139,创业板ETF沽12月2400,0.0,0.0,0.0,0.0,10,0.2538,0.2566,30,0.2415,0.2567,0.0,0.0,0.0,0.0,215
2023-05-10 09:37:12,OP90002139,创业板ETF沽12月2400,0.0,0.0,0.0,0.0,40,0.2535,0.2566,30,0.2415,0.2567,0.0,0.0,0.0,0.0,215
2023-05-10 09:37:12,OP90002139,创业板ETF沽12月2400,0.0,0.0,0.0,0.0,40,0.2535,0.2566,30,0.2415,0.2567,0.0,0.0,0.0,0.0,215
2023-05-10 09:37:13,OP90002139,创业板ETF沽12月2400,0.0,0.0,0.0,0.0,50,0.2535,0.2566,30,0.2415,0.2567,0.0,0.0,0.0,0.0,215
2023-05-10 09:37:14,OP90002139,创业板ETF沽12月2400,0.0,0.0,0.0,0.0,40,0.2535,0.2566,30,0.2415,0.2567,0.0,0.0,0.0,0.0,215
2023-05-10 09:37:14,OP90002139,创业板ETF沽12月2400,0.0,0.0,0.0,0.0,40,0.2535,0.2566,30,0.2415,0.2567,0.0,0.0,0.0,0.0,215
2023-05-10 09:37:15,OP90002139,创业板ETF沽12月2400,0.0,0.0,0.0,0.0,40,0.2535,0.2566,30,0.2415,0.2567,0.0,0.0,0.0,0.0,215
2023-05-10 09:37:16,OP90002139,创业板ETF沽12月2400,0.0,0.0,0.0,0.0,40,0.2535,0.2566,30,0.2415,0.2567,0.0,0.0,0.0,0.0,215
2023-05-10 09:37:17,OP90002139,创业板ETF沽12月2400,0.0,0.0,0.0,0.0,40,0.2535,0.2566,30,0.2415,0.2567,0.0,0.0,0.0,0.0,215
2023-05-10 09:37:19,OP90002139,创业板ETF沽12月2400,0.0,0.0,0.0,0.0,40,0.2535,0.2566,30,0.2415,0.2567,0.0,0.0,0.0,0.0,215
2023-05-10 09:37:20,OP90002139,创业板ETF沽12月2400,0.0,0.0,0.0,0.0,40,0.2535,0.2566,30,0.2415,0.2567,0.0,0.0,0.0,0.0,215
2023-05-10 09:37:21,OP90002139,创业板ETF沽12月2400,0.0,0.0,0.0,0.0,20,0.2535,0.2566,50,0.2415,0.2567,0.0,0.0,0.0,0.0,215
2023-05-10 09:37:23,OP90002139,创业板ETF沽12月2400,0.0,0.0,0.0,0.0,20,0.2537,0.2566,50,0.2415,0.2567,0.0,0.0,0.0,0.0,215
2023-05-10 09:37:24,OP90002139,创业板ETF沽12月2400,0.0,0.0,0.0,0.0,20,0.2537,0.2566,50,0.2415,0.2567,0.0,0.0,0.0,0.0,215
2023-05-10 09:37:25,OP90002139,创业板ETF沽12月2400,0.0,0.0,0.0,0.0,20,0.2537,0.2566,50,0.2415,0.2567,0.0,0.0,0.0,0.0,215
2023-05-10 09:37:26,OP90002139,创业板ETF沽12月2400,0.0,0.0,0.0,0.0,20,0.2537,0.2566,50,0.2415,0.2567,0.0,0.0,0.0,0.0,215
2023-05-10 09:37:26,OP90002139,创业板ETF沽12月2400,0.0,0.0,0.0,0.0,70,0.2537,0.2566,20,0.2415,0.2567,0.0,0.0,0.0,0.0,215
2023-05-10 09:37:27,OP90002139,创业板ETF沽12月2400,0.0,0.0,0.0,0.0,80,0.2537,0.2566,20,0.2415,0.2567,0.0,0.0,0.0,0.0,215
2023-05-10 09:37:34,OP90002139,创业板ETF沽12月2400,0.0,0.0,0.0,0.0,80,0.2537,0.2566,20,0.2415,0.2567,0.0,0.0,0.0,0.0,215
2023-05-10 09:37:36,OP90002139,创业板ETF沽12月2400,0.0,0.0,0.0,0.0,80,0.2537,0.2566,20,0.2415,0.2567,0.0,0.0,0.0,0.0,215
2023-05-10 09:37:41,OP90002139,创业板ETF沽12月2400,0.0,0.0,0.0,0.0,80,0.2537,0.2566,20,0.2415,0.2567,0.0,0.0,0.0,0.0,215
2023-05-10 09:37:42,OP90002139,创业板ETF沽12月2400,0.0,0.0,0.0,0.0,80,0.2537,0.2568,30,0.2415,0.2567,0.0,0.0,0.0,0.0,215
2023-05-10 09:37:42,OP90002139,创业板ETF沽12月2400,0.0,0.0,0.0,0.0,80,0.2537,0.2568,30,0.2415,0.2567,0.0,0.0,0.0,0.0,215
2023-05-10 09:37:43,OP90002139,创业板ETF沽12月2400,0.0,0.0,0.0,0.0,80,0.2537,0.2568,30,0.2415,0.2567,0.0,0.0,0.0,0.0,215
2023-05-10 09:37:54,OP90002139,创业板ETF沽12月2400,0.0,0.0,0.0,0.0,81,0.2537,0.2568,30,0.2415,0.2567,0.0,0.0,0.0,0.0,215
2023-05-10 09:38:01,OP90002139,创业板ETF沽12月2400,0.0,0.0,0.0,0.0,61,0.2537,0.2568,30,0.2415,0.2567,0.0,0.0,0.0,0.0,215
2023-05-10 09:38:03,OP90002139,创业板ETF沽12月2400,0.0,0.0,0.0,0.0,61,0.2537,0.2568,30,0.2415,0.2567,0.0,0.0,0.0,0.0,215
2023-05-10 09:38:04,OP90002139,创业板ETF沽12月2400,0.0,0.0,0.0,0.0,1,0.2538,0.2568,30,0.2415,0.2567,0.0,0.0,0.0,0.0,215
2023-05-10 09:38:05,OP90002139,创业板ETF沽12月2400,0.0,0.0,0.0,0.0,11,0.2538,0.2568,30,0.2415,0.2567,0.0,0.0,0.0,0.0,215
2023-05-10 09:38:07,OP90002139,创业板ETF沽12月2400,0.0,0.0,0.0,0.0,11,0.2538,0.2568,30,0.2415,0.2567,0.0,0.0,0.0,0.0,215
2023-05-10 09:38:07,OP90002139,创业板ETF沽12月2400,0.0,0.0,0.0,0.0,11,0.2538,0.2564,20,0.2415,0.2567,0.0,0.0,0.0,0.0,215
2023-05-10 09:38:08,OP90002139,创业板ETF沽12月2400,0.0,0.0,0.0,0.0,10,0.2538,0.2564,40,0.2415,0.2567,0.0,0.0,0.0,0.0,215
2023-05-10 09:38:10,OP90002139,创业板ETF沽12月2400,0.0,0.0,0.0,0.0,10,0.2538,0.2564,40,0.2415,0.2567,0.0,0.0,0.0,0.0,215
2023-05-10 09:38:10,OP90002139,创业板ETF沽12月2400,0.0,0.0,0.0,0.0,10,0.2538,0.2564,40,0.2415,0.2567,0.0,0.0,0.0,0.0,215
2023-05-10 09:38:11,OP90002139,创业板ETF沽12月2400,0.0,0.0,0.0,0.0,10,0.2538,0.2563,30,0.2415,0.2567,0.0,0.0,0.0,0.0,215
2023-05-10 09:38:13,OP90002139,创业板ETF沽12月2400,0.0,0.0,0.0,0.0,20,0.2537,0.2563,30,0.2415,0.2567,0.0,0.0,0.0,0.0,215
2023-05-10 09:38:13,OP90002139,创业板ETF沽12月2400,0.0,0.0,0.0,0.0,21,0.2537,0.2563,30,0.2415,0.2567,0.0,0.0,0.0,0.0,215
2023-05-10 09:38:14,OP90002139,创业板ETF沽12月2400,0.0,0.0,0.0,0.0,21,0.2537,0.2563,30,0.2415,0.2567,0.0,0.0,0.0,0.0,215
2023-05-10 09:38:14,OP90002139,创业板ETF沽12月2400,0.0,0.0,0.0,0.0,21,0.2537,0.2563,30,0.2415,0.2567,0.0,0.0,0.0,0.0,215
2023-05-10 09:38:15,OP90002139,创业板ETF沽12月2400,0.0,0.0,0.0,0.0,21,0.2537,0.2563,30,0.2415,0.2567,0.0,0.0,0.0,0.0,215
2023-05-10 09:38:20,OP90002139,创业板ETF沽12月2400,0.0,0.0,0.0,0.0,21,0.2537,0.2563,30,0.2415,0.2567,0.0,0.0,0.0,0.0,215
2023-05-10 09:38:21,OP90002139,创业板ETF沽12月2400,0.0,0.0,0.0,0.0,21,0.2537,0.2563,30,0.2415,0.2567,0.0,0.0,0.0,0.0,215
2023-05-10 09:38:21,OP90002139,创业板ETF沽12月2400,0.0,0.0,0.0,0.0,21,0.2537,0.2563,30,0.2415,0.2567,0.0,0.0,0.0,0.0,215
2023-05-10 09:38:23,OP90002139,创业板ETF沽12月2400,0.0,0.0,0.0,0.0,1,0.2538,0.2563,30,0.2415,0.2567,0.0,0.0,0.0,0.0,215
2023-05-10 09:38:24,OP90002139,创业板ETF沽12月2400,0.0,0.0,0.0,0.0,1,0.2538,0.2563,30,0.2415,0.2567,0.0,0.0,0.0,0.0,215
2023-05-10 09:38:27,OP90002139,创业板ETF沽12月2400,0.0,0.0,0.0,0.0,21,0.2537,0.2563,30,0.2415,0.2567,0.0,0.0,0.0,0.0,215
2023-05-10 09:38:28,OP90002139,创业板ETF沽12月2400,0.0,0.0,0.0,0.0,21,0.2537,0.2563,30,0.2415,0.2567,0.0,0.0,0.0,0.0,215
2023-05-10 09:38:29,OP90002139,创业板ETF沽12月2400,0.0,0.0,0.0,0.0,20,0.2537,0.2563,30,0.2415,0.2567,0.0,0.0,0.0,0.0,215
2023-05-10 09:38:31,OP90002139,创业板ETF沽12月2400,0.0,0.0,0.0,0.0,41,0.2536,0.2563,30,0.2415,0.2567,0.0,0.0,0.0,0.0,215
2023-05-10 09:38:32,OP90002139,创业板ETF沽12月2400,0.0,0.0,0.0,0.0,41,0.2536,0.2563,30,0.2415,0.2567,0.0,0.0,0.0,0.0,215
2023-05-10 09:38:34,OP90002139,创业板ETF沽12月2400,0.0,0.0,0.0,0.0,41,0.2536,0.2563,30,0.2415,0.2567,0.0,0.0,0.0,0.0,215
2023-05-10 09:38:39,OP90002139,创业板ETF沽12月2400,0.0,0.0,0.0,0.0,1,0.2537,0.2563,30,0.2415,0.2567,0.0,0.0,0.0,0.0,215
2023-05-10 09:38:49,OP90002139,创业板ETF沽12月2400,0.0,0.0,0.0,0.0,41,0.2536,0.2563,30,0.2415,0.2567,0.0,0.0,0.0,0.0,215
2023-05-10 09:38:53,OP90002139,创业板ETF沽12月2400,0.0,0.0,0.0,0.0,41,0.2536,0.2563,50,0.2415,0.2567,0.0,0.0,0.0,0.0,215
2023-05-10 09:38:54,OP90002139,创业板ETF沽12月2400,0.0,0.0,0.0,0.0,41,0.2536,0.2563,50,0.2415,0.2567,0.0,0.0,0.0,0.0,215
2023-05-10 09:38:59,OP90002139,创业板ETF沽12月2400,0.0,0.0,0.0,0.0,41,0.2536,0.2563,50,0.2415,0.2567,0.0,0.0,0.0,0.0,215
2023-05-10 09:39:00,OP90002139,创业板ETF沽12月2400,0.0,0.0,0.0,0.0,41,0.2536,0.2563,50,0.2415,0.2567,0.0,0.0,0.0,0.0,215
2023-05-10 09:39:02,OP90002139,创业板ETF沽12月2400,0.0,0.0,0.0,0.0,40,0.2536,0.2563,50,0.2415,0.2567,0.0,0.0,0.0,0.0,215
2023-05-10 09:39:03,OP90002139,创业板ETF沽12月2400,0.0,0.0,0.0,0.0,20,0.2536,0.2563,50,0.2415,0.2567,0.0,0.0,0.0,0.0,215
2023-05-10 09:39:04,OP90002139,创业板ETF沽12月2400,0.0,0.0,0.0,0.0,20,0.2536,0.2563,50,0.2415,0.2567,0.0,0.0,0.0,0.0,215
2023-05-10 09:39:06,OP90002139,创业板ETF沽12月2400,0.0,0.0,0.0,0.0,20,0.2536,0.2563,50,0.2415,0.2567,0.0,0.0,0.0,0.0,215
2023-05-10 09:39:09,OP90002139,创业板ETF沽12月2400,0.0,0.0,0.0,0.0,20,0.2536,0.2563,50,0.2415,0.2567,0.0,0.0,0.0,0.0,215
2023-05-10 09:39:09,OP90002139,创业板ETF沽12月2400,0.0,0.0,0.0,0.0,11,0.2534,0.2563,50,0.2415,0.2567,0.0,0.0,0.0,0.0,215
2023-05-10 09:39:10,OP90002139,创业板ETF沽12月2400,0.0,0.0,0.0,0.0,1,0.2534,0.2563,50,0.2415,0.2567,0.0,0.0,0.0,0.0,215
2023-05-10 09:39:11,OP90002139,创业板ETF沽12月2400,0.0,0.0,0.0,0.0,1,0.2534,0.2563,50,0.2415,0.2567,0.0,0.0,0.0,0.0,215
2023-05-10 09:39:12,OP90002139,创业板ETF沽12月2400,0.0,0.0,0.0,0.0,1,0.2535,0.2563,50,0.2415,0.2567,0.0,0.0,0.0,0.0,215
2023-05-10 09:39:14,OP90002139,创业板ETF沽12月2400,0.0,0.0,0.0,0.0,1,0.2535,0.2563,50,0.2415,0.2567,0.0,0.0,0.0,0.0,215
2023-05-10 09:39:19,OP90002139,创业板ETF沽12月2400,0.0,0.0,0.0,0.0,1,0.2535,0.2563,50,0.2415,0.2567,0.0,0.0,0.0,0.0,215
2023-05-10 09:39:20,OP90002139,创业板ETF沽12月2400,0.0,0.0,0.0,0.0,1,0.2533,0.2563,50,0.2415,0.2567,0.0,0.0,0.0,0.0,215
2023-05-10 09:39:24,OP90002139,创业板ETF沽12月2400,0.0,0.0,0.0,0.0,1,0.2533,0.2563,50,0.2415,0.2567,0.0,0.0,0.0,0.0,215
2023-05-10 09:39:29,OP90002139,创业板ETF沽12月2400,0.0,0.0,0.0,0.0,1,0.2533,0.2563,50,0.2415,0.2567,0.0,0.0,0.0,0.0,215
2023-05-10 09:39:29,OP90002139,创业板ETF沽12月2400,0.0,0.0,0.0,0.0,41,0.2532,0.2563,50,0.2415,0.2567,0.0,0.0,0.0,0.0,215
2023-05-10 09:39:30,OP90002139,创业板ETF沽12月2400,0.0,0.0,0.0,0.0,21,0.2532,0.2563,50,0.2415,0.2567,0.0,0.0,0.0,0.0,215
2023-05-10 09:39:30,OP90002139,创业板ETF沽12月2400,0.0,0.0,0.0,0.0,21,0.2532,0.2563,50,0.2415,0.2567,0.0,0.0,0.0,0.0,215
2023-05-10 09:39:35,OP90002139,创业板ETF沽12月2400,0.0,0.0,0.0,0.0,20,0.2532,0.2563,50,0.2415,0.2567,0.0,0.0,0.0,0.0,215
2023-05-10 09:39:45,OP90002139,创业板ETF沽12月2400,0.0,0.0,0.0,0.0,21,0.2532,0.2563,50,0.2415,0.2567,0.0,0.0,0.0,0.0,215
2023-05-10 09:39:46,OP90002139,创业板ETF沽12月2400,0.0,0.0,0.0,0.0,21,0.2532,0.256,20,0.2415,0.2567,0.0,0.0,0.0,0.0,215
2023-05-10 09:39:47,OP90002139,创业板ETF沽12月2400,0.0,0.0,0.0,0.0,21,0.2532,0.256,20,0.2415,0.2567,0.0,0.0,0.0,0.0,215
2023-05-10 09:39:51,OP90002139,创业板ETF沽12月2400,0.0,0.0,0.0,0.0,21,0.2532,0.256,20,0.2415,0.2567,0.0,0.0,0.0,0.0,215
2023-05-10 09:39:55,OP90002139,创业板ETF沽12月2400,0.0,0.0,0.0,0.0,1,0.2533,0.256,40,0.2415,0.2567,0.0,0.0,0.0,0.0,215
2023-05-10 09:39:56,OP90002139,创业板ETF沽12月2400,0.0,0.0,0.0,0.0,1,0.2533,0.256,40,0.2415,0.2567,0.0,0.0,0.0,0.0,215
2023-05-10 09:39:56,OP90002139,创业板ETF沽12月2400,0.0,0.0,0.0,0.0,1,0.2533,0.2559,30,0.2415,0.2567,0.0,0.0,0.0,0.0,215
2023-05-10 09:39:57,OP90002139,创业板ETF沽12月2400,0.0,0.0,0.0,0.0,21,0.2533,0.2559,30,0.2415,0.2567,0.0,0.0,0.0,0.0,215
2023-05-10 09:40:05,OP90002139,创业板ETF沽12月2400,0.0,0.0,0.0,0.0,1,0.2534,0.2559,30,0.2415,0.2567,0.0,0.0,0.0,0.0,215
2023-05-10 09:40:06,OP90002139,创业板ETF沽12月2400,0.0,0.0,0.0,0.0,1,0.2534,0.256,70,0.2415,0.2567,0.0,0.0,0.0,0.0,215
2023-05-10 09:40:06,OP90002139,创业板ETF沽12月2400,0.0,0.0,0.0,0.0,21,0.2534,0.256,50,0.2415,0.2567,0.0,0.0,0.0,0.0,215
2023-05-10 09:40:07,OP90002139,创业板ETF沽12月2400,0.0,0.0,0.0,0.0,21,0.2534,0.256,50,0.2415,0.2567,0.0,0.0,0.0,0.0,215
2023-05-10 09:40:07,OP90002139,创业板ETF沽12月2400,0.0,0.0,0.0,0.0,21,0.2534,0.256,50,0.2415,0.2567,0.0,0.0,0.0,0.0,215
2023-05-10 09:40:09,OP90002139,创业板ETF沽12月2400,0.0,0.0,0.0,0.0,21,0.2534,0.256,50,0.2415,0.2567,0.0,0.0,0.0,0.0,215
2023-05-10 09:40:11,OP90002139,创业板ETF沽12月2400,0.0,0.0,0.0,0.0,21,0.2534,0.256,50,0.2415,0.2567,0.0,0.0,0.0,0.0,215
2023-05-10 09:40:14,OP90002139,创业板ETF沽12月2400,0.0,0.0,0.0,0.0,21,0.2534,0.256,50,0.2415,0.2567,0.0,0.0,0.0,0.0,215
2023-05-10 09:40:15,OP90002139,创业板ETF沽12月2400,0.0,0.0,0.0,0.0,21,0.2534,0.256,50,0.2415,0.2567,0.0,0.0,0.0,0.0,215
2023-05-10 09:40:15,OP90002139,创业板ETF沽12月2400,0.0,0.0,0.0,0.0,1,0.2535,0.256,50,0.2415,0.2567,0.0,0.0,0.0,0.0,215
2023-05-10 09:40:16,OP90002139,创业板ETF沽12月2400,0.0,0.0,0.0,0.0,1,0.2535,0.256,50,0.2415,0.2567,0.0,0.0,0.0,0.0,215
2023-05-10 09:40:17,OP90002139,创业板ETF沽12月2400,0.0,0.0,0.0,0.0,21,0.2535,0.256,30,0.2415,0.2567,0.0,0.0,0.0,0.0,215
2023-05-10 09:40:18,OP90002139,创业板ETF沽12月2400,0.0,0.0,0.0,0.0,41,0.2535,0.256,30,0.2415,0.2567,0.0,0.0,0.0,0.0,215
2023-05-10 09:40:21,OP90002139,创业板ETF沽12月2400,0.0,0.0,0.0,0.0,41,0.2535,0.256,30,0.2415,0.2567,0.0,0.0,0.0,0.0,215
2023-05-10 09:40:23,OP90002139,创业板ETF沽12月2400,0.0,0.0,0.0,0.0,41,0.2535,0.256,30,0.2415,0.2567,0.0,0.0,0.0,0.0,215
2023-05-10 09:40:25,OP90002139,创业板ETF沽12月2400,0.0,0.0,0.0,0.0,1,0.2536,0.256,30,0.2415,0.2567,0.0,0.0,0.0,0.0,215
2023-05-10 09:40:26,OP90002139,创业板ETF沽12月2400,0.0,0.0,0.0,0.0,30,0.2537,0.2565,60,0.2415,0.2567,0.0,0.0,0.0,0.0,215
2023-05-10 09:40:27,OP90002139,创业板ETF沽12月2400,0.0,0.0,0.0,0.0,30,0.2537,0.2565,60,0.2415,0.2567,0.0,0.0,0.0,0.0,215
2023-05-10 09:40:28,OP90002139,创业板ETF沽12月2400,0.0,0.0,0.0,0.0,30,0.2537,0.2565,40,0.2415,0.2567,0.0,0.0,0.0,0.0,215
2023-05-10 09:40:31,OP90002139,创业板ETF沽12月2400,0.0,0.0,0.0,0.0,20,0.2539,0.2565,20,0.2415,0.2567,0.0,0.0,0.0,0.0,215
2023-05-10 09:40:31,OP90002139,创业板ETF沽12月2400,0.0,0.0,0.0,0.0,20,0.2539,0.2565,20,0.2415,0.2567,0.0,0.0,0.0,0.0,215
2023-05-10 09:40:32,OP90002139,创业板ETF沽12月2400,0.0,0.0,0.0,0.0,20,0.2539,0.2565,20,0.2415,0.2567,0.0,0.0,0.0,0.0,215
2023-05-10 09:40:32,OP90002139,创业板ETF沽12月2400,0.0,0.0,0.0,0.0,40,0.2539,0.2568,30,0.2415,0.2567,0.0,0.0,0.0,0.0,215
2023-05-10 09:40:34,OP90002139,创业板ETF沽12月2400,0.0,0.0,0.0,0.0,40,0.2539,0.2568,30,0.2415,0.2567,0.0,0.0,0.0,0.0,215
2023-05-10 09:40:35,OP90002139,创业板ETF沽12月2400,0.0,0.0,0.0,0.0,60,0.2539,0.2568,30,0.2415,0.2567,0.0,0.0,0.0,0.0,215
2023-05-10 09:40:39,OP90002139,创业板ETF沽12月2400,0.0,0.0,0.0,0.0,70,0.2539,0.2568,30,0.2415,0.2567,0.0,0.0,0.0,0.0,215
2023-05-10 09:40:41,OP90002139,创业板ETF沽12月2400,0.0,0.0,0.0,0.0,61,0.2539,0.2568,30,0.2415,0.2567,0.0,0.0,0.0,0.0,215
2023-05-10 09:40:42,OP90002139,创业板ETF沽12月2400,0.0,0.0,0.0,0.0,41,0.2539,0.2565,20,0.2415,0.2567,0.0,0.0,0.0,0.0,215
2023-05-10 09:40:42,OP90002139,创业板ETF沽12月2400,0.0,0.0,0.0,0.0,21,0.2539,0.2565,20,0.2415,0.2567,0.0,0.0,0.0,0.0,215
2023-05-10 09:40:43,OP90002139,创业板ETF沽12月2400,0.0,0.0,0.0,0.0,21,0.2539,0.2565,20,0.2415,0.2567,0.0,0.0,0.0,0.0,215
2023-05-10 09:40:43,OP90002139,创业板ETF沽12月2400,0.0,0.0,0.0,0.0,21,0.2539,0.2564,30,0.2415,0.2567,0.0,0.0,0.0,0.0,215
2023-05-10 09:40:44,OP90002139,创业板ETF沽12月2400,0.0,0.0,0.0,0.0,21,0.2539,0.2564,30,0.2415,0.2567,0.0,0.0,0.0,0.0,215
2023-05-10 09:40:44,OP90002139,创业板ETF沽12月2400,0.0,0.0,0.0,0.0,21,0.2539,0.2564,30,0.2415,0.2567,0.0,0.0,0.0,0.0,215
2023-05-10 09:40:45,OP90002139,创业板ETF沽12月2400,0.0,0.0,0.0,0.0,1,0.2539,0.2564,50,0.2415,0.2567,0.0,0.0,0.0,0.0,215
2023-05-10 09:40:46,OP90002139,创业板ETF沽12月2400,0.0,0.0,0.0,0.0,1,0.2539,0.2564,50,0.2415,0.2567,0.0,0.0,0.0,0.0,215
2023-05-10 09:40:49,OP90002139,创业板ETF沽12月2400,0.0,0.0,0.0,0.0,1,0.2539,0.2564,50,0.2415,0.2567,0.0,0.0,0.0,0.0,215
2023-05-10 09:40:51,OP90002139,创业板ETF沽12月2400,0.0,0.0,0.0,0.0,1,0.254,0.2564,50,0.2415,0.2567,0.0,0.0,0.0,0.0,215
2023-05-10 09:40:52,OP90002139,创业板ETF沽12月2400,0.0,0.0,0.0,0.0,1,0.254,0.2564,70,0.2415,0.2567,0.0,0.0,0.0,0.0,215
2023-05-10 09:40:54,OP90002139,创业板ETF沽12月2400,0.0,0.0,0.0,0.0,1,0.254,0.2564,70,0.2415,0.2567,0.0,0.0,0.0,0.0,215
2023-05-10 09:41:00,OP90002139,创业板ETF沽12月2400,0.0,0.0,0.0,0.0,1,0.254,0.2564,70,0.2415,0.2567,0.0,0.0,0.0,0.0,215
2023-05-10 09:41:01,OP90002139,创业板ETF沽12月2400,0.0,0.0,0.0,0.0,1,0.2541,0.2564,70,0.2415,0.2567,0.0,0.0,0.0,0.0,215
2023-05-10 09:41:01,OP90002139,创业板ETF沽12月2400,0.0,0.0,0.0,0.0,21,0.2541,0.2564,30,0.2415,0.2567,0.0,0.0,0.0,0.0,215
2023-05-10 09:41:02,OP90002139,创业板ETF沽12月2400,0.0,0.0,0.0,0.0,21,0.2541,0.2564,30,0.2415,0.2567,0.0,0.0,0.0,0.0,215
2023-05-10 09:41:03,OP90002139,创业板ETF沽12月2400,0.0,0.0,0.0,0.0,21,0.2541,0.2564,30,0.2415,0.2567,0.0,0.0,0.0,0.0,215
2023-05-10 09:41:05,OP90002139,创业板ETF沽12月2400,0.0,0.0,0.0,0.0,21,0.2541,0.2564,30,0.2415,0.2567,0.0,0.0,0.0,0.0,215
2023-05-10 09:41:07,OP90002139,创业板ETF沽12月2400,0.0,0.0,0.0,0.0,21,0.2541,0.2564,30,0.2415,0.2567,0.0,0.0,0.0,0.0,215
2023-05-10 09:41:08,OP90002139,创业板ETF沽12月2400,0.0,0.0,0.0,0.0,21,0.2541,0.2567,20,0.2415,0.2567,0.0,0.0,0.0,0.0,215
2023-05-10 09:41:10,OP90002139,创业板ETF沽12月2400,0.0,0.0,0.0,0.0,31,0.2541,0.2567,20,0.2415,0.2567,0.0,0.0,0.0,0.0,215
2023-05-10 09:41:11,OP90002139,创业板ETF沽12月2400,0.0,0.0,0.0,0.0,1,0.2542,0.2567,20,0.2415,0.2567,0.0,0.0,0.0,0.0,215
2023-05-10 09:41:11,OP90002139,创业板ETF沽12月2400,0.0,0.0,0.0,0.0,1,0.2542,0.2567,20,0.2415,0.2567,0.0,0.0,0.0,0.0,215
2023-05-10 09:41:13,OP90002139,创业板ETF沽12月2400,0.0,0.0,0.0,0.0,1,0.2542,0.2567,20,0.2415,0.2567,0.0,0.0,0.0,0.0,215
2023-05-10 09:41:16,OP90002139,创业板ETF沽12月2400,0.0,0.0,0.0,0.0,11,0.2542,0.2567,20,0.2415,0.2567,0.0,0.0,0.0,0.0,215
2023-05-10 09:41:17,OP90002139,创业板ETF沽12月2400,0.0,0.0,0.0,0.0,20,0.2543,0.2567,20,0.2415,0.2567,0.0,0.0,0.0,0.0,215
2023-05-10 09:41:18,OP90002139,创业板ETF沽12月2400,0.0,0.0,0.0,0.0,30,0.2543,0.2567,20,0.2415,0.2567,0.0,0.0,0.0,0.0,215
2023-05-10 09:41:18,OP90002139,创业板ETF沽12月2400,0.0,0.0,0.0,0.0,10,0.2543,0.2567,20,0.2415,0.2567,0.0,0.0,0.0,0.0,215
2023-05-10 09:41:20,OP90002139,创业板ETF沽12月2400,0.0,0.0,0.0,0.0,20,0.2544,0.2568,30,0.2415,0.2567,0.0,0.0,0.0,0.0,215
2023-05-10 09:41:21,OP90002139,创业板ETF沽12月2400,0.0,0.0,0.0,0.0,30,0.2544,0.2568,30,0.2415,0.2567,0.0,0.0,0.0,0.0,215
2023-05-10 09:41:22,OP90002139,创业板ETF沽12月2400,0.0,0.0,0.0,0.0,30,0.2544,0.2568,30,0.2415,0.2567,0.0,0.0,0.0,0.0,215
2023-05-10 09:41:23,OP90002139,创业板ETF沽12月2400,0.0,0.0,0.0,0.0,30,0.2544,0.2568,30,0.2415,0.2567,0.0,0.0,0.0,0.0,215
2023-05-10 09:41:29,OP90002139,创业板ETF沽12月2400,0.0,0.0,0.0,0.0,30,0.2544,0.2568,30,0.2415,0.2567,0.0,0.0,0.0,0.0,215
2023-05-10 09:41:29,OP90002139,创业板ETF沽12月2400,0.0,0.0,0.0,0.0,30,0.2545,0.257,10,0.2415,0.2567,0.0,0.0,0.0,0.0,215
2023-05-10 09:41:30,OP90002139,创业板ETF沽12月2400,0.0,0.0,0.0,0.0,40,0.2545,0.2572,10,0.2415,0.2567,0.0,0.0,0.0,0.0,215
2023-05-10 09:41:30,OP90002139,创业板ETF沽12月2400,0.0,0.0,0.0,0.0,40,0.2545,0.2574,30,0.2415,0.2567,0.0,0.0,0.0,0.0,215
2023-05-10 09:41:31,OP90002139,创业板ETF沽12月2400,0.0,0.0,0.0,0.0,41,0.2545,0.2574,30,0.2415,0.2567,0.0,0.0,0.0,0.0,215
2023-05-10 09:41:31,OP90002139,创业板ETF沽12月2400,0.0,0.0,0.0,0.0,61,0.2545,0.2574,10,0.2415,0.2567,0.0,0.0,0.0,0.0,215
2023-05-10 09:41:32,OP90002139,创业板ETF沽12月2400,0.0,0.0,0.0,0.0,61,0.2545,0.2574,10,0.2415,0.2567,0.0,0.0,0.0,0.0,215
2023-05-10 09:41:32,OP90002139,创业板ETF沽12月2400,0.0,0.0,0.0,0.0,20,0.255,0.2574,10,0.2415,0.2567,0.0,0.0,0.0,0.0,215
2023-05-10 09:41:33,OP90002139,创业板ETF沽12月2400,0.0,0.0,0.0,0.0,50,0.255,0.2574,10,0.2415,0.2567,0.0,0.0,0.0,0.0,215
2023-05-10 09:41:35,OP90002139,创业板ETF沽12月2400,0.0,0.0,0.0,0.0,50,0.255,0.2576,30,0.2415,0.2567,0.0,0.0,0.0,0.0,215
2023-05-10 09:41:35,OP90002139,创业板ETF沽12月2400,0.0,0.0,0.0,0.0,50,0.255,0.2576,30,0.2415,0.2567,0.0,0.0,0.0,0.0,215
2023-05-10 09:41:36,OP90002139,创业板ETF沽12月2400,0.0,0.0,0.0,0.0,51,0.255,0.2576,30,0.2415,0.2567,0.0,0.0,0.0,0.0,215
2023-05-10 09:41:36,OP90002139,创业板ETF沽12月2400,0.0,0.0,0.0,0.0,51,0.255,0.2576,30,0.2415,0.2567,0.0,0.0,0.0,0.0,215
2023-05-10 09:41:37,OP90002139,创业板ETF沽12月2400,0.0,0.0,0.0,0.0,51,0.255,0.2576,30,0.2415,0.2567,0.0,0.0,0.0,0.0,215
2023-05-10 09:41:38,OP90002139,创业板ETF沽12月2400,0.0,0.0,0.0,0.0,30,0.2551,0.2578,20,0.2415,0.2567,0.0,0.0,0.0,0.0,215
2023-05-10 09:41:39,OP90002139,创业板ETF沽12月2400,0.0,0.0,0.0,0.0,40,0.2551,0.2578,20,0.2415,0.2567,0.0,0.0,0.0,0.0,215
2023-05-10 09:41:39,OP90002139,创业板ETF沽12月2400,0.0,0.0,0.0,0.0,40,0.2551,0.2578,20,0.2415,0.2567,0.0,0.0,0.0,0.0,215
2023-05-10 09:41:40,OP90002139,创业板ETF沽12月2400,0.0,0.0,0.0,0.0,40,0.2551,0.2578,20,0.2415,0.2567,0.0,0.0,0.0,0.0,215
2023-05-10 09:41:42,OP90002139,创业板ETF沽12月2400,0.0,0.0,0.0,0.0,20,0.2553,0.2578,20,0.2415,0.2567,0.0,0.0,0.0,0.0,215
2023-05-10 09:41:43,OP90002139,创业板ETF沽12月2400,0.0,0.0,0.0,0.0,30,0.2553,0.2578,20,0.2415,0.2567,0.0,0.0,0.0,0.0,215
2023-05-10 09:41:46,OP90002139,创业板ETF沽12月2400,0.0,0.0,0.0,0.0,31,0.2553,0.2578,20,0.2415,0.2567,0.0,0.0,0.0,0.0,215
2023-05-10 09:41:48,OP90002139,创业板ETF沽12月2400,0.0,0.0,0.0,0.0,51,0.2553,0.2581,20,0.2415,0.2567,0.0,0.0,0.0,0.0,215
2023-05-10 09:41:48,OP90002139,创业板ETF沽12月2400,0.0,0.0,0.0,0.0,20,0.2555,0.2582,40,0.2415,0.2567,0.0,0.0,0.0,0.0,215
2023-05-10 09:41:49,OP90002139,创业板ETF沽12月2400,0.0,0.0,0.0,0.0,30,0.2555,0.2582,20,0.2415,0.2567,0.0,0.0,0.0,0.0,215
2023-05-10 09:41:49,OP90002139,创业板ETF沽12月2400,0.0,0.0,0.0,0.0,30,0.2555,0.2582,20,0.2415,0.2567,0.0,0.0,0.0,0.0,215
2023-05-10 09:41:50,OP90002139,创业板ETF沽12月2400,0.0,0.0,0.0,0.0,30,0.2555,0.2582,20,0.2415,0.2567,0.0,0.0,0.0,0.0,215
2023-05-10 09:41:51,OP90002139,创业板ETF沽12月2400,0.0,0.0,0.0,0.0,30,0.2555,0.2585,20,0.2415,0.2567,0.0,0.0,0.0,0.0,215
2023-05-10 09:41:51,OP90002139,创业板ETF沽12月2400,0.0,0.0,0.0,0.0,30,0.2555,0.2585,20,0.2415,0.2567,0.0,0.0,0.0,0.0,215
2023-05-10 09:41:53,OP90002139,创业板ETF沽12月2400,0.0,0.0,0.0,0.0,30,0.2556,0.2585,20,0.2415,0.2567,0.0,0.0,0.0,0.0,215
2023-05-10 09:41:54,OP90002139,创业板ETF沽12月2400,0.0,0.0,0.0,0.0,40,0.2556,0.2585,20,0.2415,0.2567,0.0,0.0,0.0,0.0,215
2023-05-10 09:41:54,OP90002139,创业板ETF沽12月2400,0.0,0.0,0.0,0.0,40,0.2556,0.2585,20,0.2415,0.2567,0.0,0.0,0.0,0.0,215
2023-05-10 09:41:55,OP90002139,创业板ETF沽12月2400,0.0,0.0,0.0,0.0,40,0.2556,0.2585,20,0.2415,0.2567,0.0,0.0,0.0,0.0,215
2023-05-10 09:41:57,OP90002139,创业板ETF沽12月2400,0.0,0.0,0.0,0.0,20,0.256,0.2585,20,0.2415,0.2567,0.0,0.0,0.0,0.0,215
2023-05-10 09:41:57,OP90002139,创业板ETF沽12月2400,0.0,0.0,0.0,0.0,20,0.2561,0.2587,20,0.2415,0.2567,0.0,0.0,0.0,0.0,215
2023-05-10 09:41:58,OP90002139,创业板ETF沽12月2400,0.0,0.0,0.0,0.0,30,0.2561,0.2587,20,0.2415,0.2567,0.0,0.0,0.0,0.0,215
2023-05-10 09:41:58,OP90002139,创业板ETF沽12月2400,0.0,0.0,0.0,0.0,50,0.2561,0.2587,20,0.2415,0.2567,0.0,0.0,0.0,0.0,215
2023-05-10 09:41:59,OP90002139,创业板ETF沽12月2400,0.0,0.0,0.0,0.0,50,0.2561,0.2587,20,0.2415,0.2567,0.0,0.0,0.0,0.0,215
2023-05-10 09:42:00,OP90002139,创业板ETF沽12月2400,0.0,0.0,0.0,0.0,50,0.2561,0.2587,20,0.2415,0.2567,0.0,0.0,0.0,0.0,215
2023-05-10 09:42:01,OP90002139,创业板ETF沽12月2400,0.0,0.0,0.0,0.0,51,0.2561,0.2587,20,0.2415,0.2567,0.0,0.0,0.0,0.0,215
2023-05-10 09:42:02,OP90002139,创业板ETF沽12月2400,0.0,0.0,0.0,0.0,71,0.2561,0.259,20,0.2415,0.2567,0.0,0.0,0.0,0.0,215
2023-05-10 09:42:04,OP90002139,创业板ETF沽12月2400,0.0,0.0,0.0,0.0,30,0.2562,0.259,20,0.2415,0.2567,0.0,0.0,0.0,0.0,215
2023-05-10 09:42:05,OP90002139,创业板ETF沽12月2400,0.0,0.0,0.0,0.0,40,0.2562,0.259,20,0.2415,0.2567,0.0,0.0,0.0,0.0,215
2023-05-10 09:42:05,OP90002139,创业板ETF沽12月2400,0.0,0.0,0.0,0.0,60,0.2562,0.259,20,0.2415,0.2567,0.0,0.0,0.0,0.0,215
2023-05-10 09:42:07,OP90002139,创业板ETF沽12月2400,0.0,0.0,0.0,0.0,60,0.2562,0.2592,20,0.2415,0.2567,0.0,0.0,0.0,0.0,215
2023-05-10 09:42:08,OP90002139,创业板ETF沽12月2400,0.0,0.0,0.0,0.0,60,0.2562,0.2592,20,0.2415,0.2567,0.0,0.0,0.0,0.0,215
2023-05-10 09:42:12,OP90002139,创业板ETF沽12月2400,0.0,0.0,0.0,0.0,80,0.2562,0.2593,30,0.2415,0.2567,0.0,0.0,0.0,0.0,215
2023-05-10 09:42:12,OP90002139,创业板ETF沽12月2400,0.0,0.0,0.0,0.0,80,0.2562,0.2593,20,0.2415,0.2567,0.0,0.0,0.0,0.0,215
2023-05-10 09:42:13,OP90002139,创业板ETF沽12月2400,0.0,0.0,0.0,0.0,80,0.2562,0.2593,20,0.2415,0.2567,0.0,0.0,0.0,0.0,215
2023-05-10 09:42:13,OP90002139,创业板ETF沽12月2400,0.0,0.0,0.0,0.0,80,0.2562,0.2593,20,0.2415,0.2567,0.0,0.0,0.0,0.0,215
2023-05-10 09:42:14,OP90002139,创业板ETF沽12月2400,0.0,0.0,0.0,0.0,80,0.2562,0.2593,20,0.2415,0.2567,0.0,0.0,0.0,0.0,215
2023-05-10 09:42:15,OP90002139,创业板ETF沽12月2400,0.0,0.0,0.0,0.0,80,0.2562,0.2593,20,0.2415,0.2567,0.0,0.0,0.0,0.0,215
2023-05-10 09:42:16,OP90002139,创业板ETF沽12月2400,0.0,0.0,0.0,0.0,80,0.2562,0.2591,20,0.2415,0.2567,0.0,0.0,0.0,0.0,215
2023-05-10 09:42:16,OP90002139,创业板ETF沽12月2400,0.0,0.0,0.0,0.0,80,0.2562,0.2591,40,0.2415,0.2567,0.0,0.0,0.0,0.0,215
2023-05-10 09:42:17,OP90002139,创业板ETF沽12月2400,0.0,0.0,0.0,0.0,80,0.2562,0.2591,40,0.2415,0.2567,0.0,0.0,0.0,0.0,215
2023-05-10 09:42:21,OP90002139,创业板ETF沽12月2400,0.0,0.0,0.0,0.0,81,0.2562,0.2591,40,0.2415,0.2567,0.0,0.0,0.0,0.0,215
2023-05-10 09:42:21,OP90002139,创业板ETF沽12月2400,0.0,0.0,0.0,0.0,81,0.2562,0.2591,40,0.2415,0.2567,0.0,0.0,0.0,0.0,215
2023-05-10 09:42:22,OP90002139,创业板ETF沽12月2400,0.0,0.0,0.0,0.0,81,0.2562,0.2591,40,0.2415,0.2567,0.0,0.0,0.0,0.0,215
2023-05-10 09:42:22,OP90002139,创业板ETF沽12月2400,0.0,0.0,0.0,0.0,81,0.2562,0.2591,40,0.2415,0.2567,0.0,0.0,0.0,0.0,215
2023-05-10 09:42:23,OP90002139,创业板ETF沽12月2400,0.0,0.0,0.0,0.0,71,0.2562,0.2591,40,0.2415,0.2567,0.0,0.0,0.0,0.0,215
2023-05-10 09:42:23,OP90002139,创业板ETF沽12月2400,0.0,0.0,0.0,0.0,91,0.2562,0.2591,20,0.2415,0.2567,0.0,0.0,0.0,0.0,215
2023-05-10 09:42:24,OP90002139,创业板ETF沽12月2400,0.0,0.0,0.0,0.0,71,0.2562,0.2591,40,0.2415,0.2567,0.0,0.0,0.0,0.0,215
2023-05-10 09:42:29,OP90002139,创业板ETF沽12月2400,0.0,0.0,0.0,0.0,81,0.2562,0.2591,40,0.2415,0.2567,0.0,0.0,0.0,0.0,215
2023-05-10 09:42:31,OP90002139,创业板ETF沽12月2400,0.0,0.0,0.0,0.0,1,0.2563,0.2591,40,0.2415,0.2567,0.0,0.0,0.0,0.0,215
2023-05-10 09:42:31,OP90002139,创业板ETF沽12月2400,0.0,0.0,0.0,0.0,11,0.2563,0.2591,40,0.2415,0.2567,0.0,0.0,0.0,0.0,215
2023-05-10 09:42:34,OP90002139,创业板ETF沽12月2400,0.0,0.0,0.0,0.0,11,0.2563,0.2591,40,0.2415,0.2567,0.0,0.0,0.0,0.0,215
2023-05-10 09:42:41,OP90002139,创业板ETF沽12月2400,0.0,0.0,0.0,0.0,1,0.2564,0.2591,40,0.2415,0.2567,0.0,0.0,0.0,0.0,215
2023-05-10 09:42:41,OP90002139,创业板ETF沽12月2400,0.0,0.0,0.0,0.0,11,0.2564,0.2591,40,0.2415,0.2567,0.0,0.0,0.0,0.0,215
2023-05-10 09:42:47,OP90002139,创业板ETF沽12月2400,0.0,0.0,0.0,0.0,1,0.2564,0.2591,40,0.2415,0.2567,0.0,0.0,0.0,0.0,215
2023-05-10 09:42:49,OP90002139,创业板ETF沽12月2400,0.0,0.0,0.0,0.0,1,0.2564,0.2591,40,0.2415,0.2567,0.0,0.0,0.0,0.0,215
2023-05-10 09:42:51,OP90002139,创业板ETF沽12月2400,0.0,0.0,0.0,0.0,1,0.2565,0.2591,40,0.2415,0.2567,0.0,0.0,0.0,0.0,215
2023-05-10 09:42:58,OP90002139,创业板ETF沽12月2400,0.0,0.0,0.0,0.0,1,0.2565,0.2591,40,0.2415,0.2567,0.0,0.0,0.0,0.0,215
2023-05-10 09:43:01,OP90002139,创业板ETF沽12月2400,0.0,0.0,0.0,0.0,1,0.2566,0.2591,40,0.2415,0.2567,0.0,0.0,0.0,0.0,215
2023-05-10 09:43:05,OP90002139,创业板ETF沽12月2400,0.0,0.0,0.0,0.0,1,0.2566,0.2591,40,0.2415,0.2567,0.0,0.0,0.0,0.0,215
2023-05-10 09:43:11,OP90002139,创业板ETF沽12月2400,0.0,0.0,0.0,0.0,1,0.2567,0.2591,40,0.2415,0.2567,0.0,0.0,0.0,0.0,215
2023-05-10 09:43:13,OP90002139,创业板ETF沽12月2400,0.0,0.0,0.0,0.0,1,0.2567,0.2591,40,0.2415,0.2567,0.0,0.0,0.0,0.0,215
2023-05-10 09:43:14,OP90002139,创业板ETF沽12月2400,0.0,0.0,0.0,0.0,1,0.2567,0.2587,20,0.2415,0.2567,0.0,0.0,0.0,0.0,215
2023-05-10 09:43:14,OP90002139,创业板ETF沽12月2400,0.0,0.0,0.0,0.0,1,0.2567,0.2587,20,0.2415,0.2567,0.0,0.0,0.0,0.0,215
2023-05-10 09:43:17,OP90002139,创业板ETF沽12月2400,0.0,0.0,0.0,0.0,1,0.2566,0.2587,20,0.2415,0.2567,0.0,0.0,0.0,0.0,215
2023-05-10 09:43:18,OP90002139,创业板ETF沽12月2400,0.0,0.0,0.0,0.0,1,0.2566,0.2591,40,0.2415,0.2567,0.0,0.0,0.0,0.0,215
2023-05-10 09:43:18,OP90002139,创业板ETF沽12月2400,0.0,0.0,0.0,0.0,20,0.2567,0.2591,40,0.2415,0.2567,0.0,0.0,0.0,0.0,215
2023-05-10 09:43:22,OP90002139,创业板ETF沽12月2400,0.0,0.0,0.0,0.0,20,0.2567,0.2591,40,0.2415,0.2567,0.0,0.0,0.0,0.0,215
2023-05-10 09:43:23,OP90002139,创业板ETF沽12月2400,0.0,0.0,0.0,0.0,21,0.2567,0.2591,40,0.2415,0.2567,0.0,0.0,0.0,0.0,215
2023-05-10 09:43:30,OP90002139,创业板ETF沽12月2400,0.0,0.0,0.0,0.0,1,0.2567,0.2591,40,0.2415,0.2567,0.0,0.0,0.0,0.0,215
2023-05-10 09:43:33,OP90002139,创业板ETF沽12月2400,0.0,0.0,0.0,0.0,1,0.2568,0.2591,40,0.2415,0.2567,0.0,0.0,0.0,0.0,215
2023-05-10 09:43:39,OP90002139,创业板ETF沽12月2400,0.0,0.0,0.0,0.0,1,0.2568,0.2591,40,0.2415,0.2567,0.0,0.0,0.0,0.0,215
2023-05-10 09:43:42,OP90002139,创业板ETF沽12月2400,0.0,0.0,0.0,0.0,21,0.2568,0.2591,20,0.2415,0.2567,0.0,0.0,0.0,0.0,215
2023-05-10 09:43:43,OP90002139,创业板ETF沽12月2400,0.0,0.0,0.0,0.0,21,0.2568,0.2592,30,0.2415,0.2567,0.0,0.0,0.0,0.0,215
2023-05-10 09:43:43,OP90002139,创业板ETF沽12月2400,0.0,0.0,0.0,0.0,21,0.2568,0.2592,30,0.2415,0.2567,0.0,0.0,0.0,0.0,215
2023-05-10 09:43:44,OP90002139,创业板ETF沽12月2400,0.0,0.0,0.0,0.0,21,0.2568,0.2592,30,0.2415,0.2567,0.0,0.0,0.0,0.0,215
2023-05-10 09:43:46,OP90002139,创业板ETF沽12月2400,0.0,0.0,0.0,0.0,21,0.2568,0.2592,30,0.2415,0.2567,0.0,0.0,0.0,0.0,215
2023-05-10 09:43:47,OP90002139,创业板ETF沽12月2400,0.0,0.0,0.0,0.0,1,0.2569,0.2592,30,0.2415,0.2567,0.0,0.0,0.0,0.0,215
2023-05-10 09:43:49,OP90002139,创业板ETF沽12月2400,0.0,0.0,0.0,0.0,21,0.2568,0.2592,30,0.2415,0.2567,0.0,0.0,0.0,0.0,215
2023-05-10 09:43:50,OP90002139,创业板ETF沽12月2400,0.0,0.0,0.0,0.0,21,0.2568,0.2592,30,0.2415,0.2567,0.0,0.0,0.0,0.0,215
2023-05-10 09:43:59,OP90002139,创业板ETF沽12月2400,0.0,0.0,0.0,0.0,1,0.2569,0.2592,30,0.2415,0.2567,0.0,0.0,0.0,0.0,215
2023-05-10 09:44:00,OP90002139,创业板ETF沽12月2400,0.0,0.0,0.0,0.0,1,0.2569,0.2592,30,0.2415,0.2567,0.0,0.0,0.0,0.0,215
2023-05-10 09:44:00,OP90002139,创业板ETF沽12月2400,0.0,0.0,0.0,0.0,1,0.2569,0.2592,30,0.2415,0.2567,0.0,0.0,0.0,0.0,215
2023-05-10 09:44:03,OP90002139,创业板ETF沽12月2400,0.0,0.0,0.0,0.0,21,0.2569,0.2592,30,0.2415,0.2567,0.0,0.0,0.0,0.0,215
2023-05-10 09:44:03,OP90002139,创业板ETF沽12月2400,0.0,0.0,0.0,0.0,21,0.2569,0.2592,30,0.2415,0.2567,0.0,0.0,0.0,0.0,215
2023-05-10 09:44:04,OP90002139,创业板ETF沽12月2400,0.0,0.0,0.0,0.0,21,0.2569,0.2592,30,0.2415,0.2567,0.0,0.0,0.0,0.0,215
2023-05-10 09:44:06,OP90002139,创业板ETF沽12月2400,0.0,0.0,0.0,0.0,21,0.2569,0.2592,30,0.2415,0.2567,0.0,0.0,0.0,0.0,215
2023-05-10 09:44:07,OP90002139,创业板ETF沽12月2400,0.0,0.0,0.0,0.0,41,0.2569,0.2592,30,0.2415,0.2567,0.0,0.0,0.0,0.0,215
2023-05-10 09:44:07,OP90002139,创业板ETF沽12月2400,0.0,0.0,0.0,0.0,41,0.2569,0.2592,30,0.2415,0.2567,0.0,0.0,0.0,0.0,215
2023-05-10 09:44:10,OP90002139,创业板ETF沽12月2400,0.0,0.0,0.0,0.0,1,0.257,0.2592,30,0.2415,0.2567,0.0,0.0,0.0,0.0,215
2023-05-10 09:44:10,OP90002139,创业板ETF沽12月2400,0.0,0.0,0.0,0.0,1,0.257,0.2592,30,0.2415,0.2567,0.0,0.0,0.0,0.0,215
2023-05-10 09:44:17,OP90002139,创业板ETF沽12月2400,0.0,0.0,0.0,0.0,1,0.257,0.2592,30,0.2415,0.2567,0.0,0.0,0.0,0.0,215
2023-05-10 09:44:22,OP90002139,创业板ETF沽12月2400,0.0,0.0,0.0,0.0,1,0.257,0.2592,30,0.2415,0.2567,0.0,0.0,0.0,0.0,215
2023-05-10 09:44:27,OP90002139,创业板ETF沽12月2400,0.0,0.0,0.0,0.0,1,0.257,0.2592,30,0.2415,0.2567,0.0,0.0,0.0,0.0,215
2023-05-10 09:44:28,OP90002139,创业板ETF沽12月2400,0.0,0.0,0.0,0.0,1,0.257,0.2592,30,0.2415,0.2567,0.0,0.0,0.0,0.0,215
2023-05-10 09:44:32,OP90002139,创业板ETF沽12月2400,0.0,0.0,0.0,0.0,40,0.2569,0.2592,30,0.2415,0.2567,0.0,0.0,0.0,0.0,215
2023-05-10 09:44:33,OP90002139,创业板ETF沽12月2400,0.0,0.0,0.0,0.0,40,0.2569,0.2592,30,0.2415,0.2567,0.0,0.0,0.0,0.0,215
2023-05-10 09:44:34,OP90002139,创业板ETF沽12月2400,0.0,0.0,0.0,0.0,20,0.2569,0.2592,30,0.2415,0.2567,0.0,0.0,0.0,0.0,215
2023-05-10 09:44:36,OP90002139,创业板ETF沽12月2400,0.0,0.0,0.0,0.0,20,0.2569,0.2592,30,0.2415,0.2567,0.0,0.0,0.0,0.0,215
2023-05-10 09:44:42,OP90002139,创业板ETF沽12月2400,0.0,0.0,0.0,0.0,21,0.2569,0.2592,30,0.2415,0.2567,0.0,0.0,0.0,0.0,215
2023-05-10 09:44:43,OP90002139,创业板ETF沽12月2400,0.0,0.0,0.0,0.0,21,0.2569,0.2592,30,0.2415,0.2567,0.0,0.0,0.0,0.0,215
2023-05-10 09:44:48,OP90002139,创业板ETF沽12月2400,0.0,0.0,0.0,0.0,21,0.2569,0.2592,30,0.2415,0.2567,0.0,0.0,0.0,0.0,215
2023-05-10 09:44:52,OP90002139,创业板ETF沽12月2400,0.0,0.0,0.0,0.0,1,0.257,0.2592,30,0.2415,0.2567,0.0,0.0,0.0,0.0,215
2023-05-10 09:44:59,OP90002139,创业板ETF沽12月2400,0.0,0.0,0.0,0.0,21,0.2569,0.2592,30,0.2415,0.2567,0.0,0.0,0.0,0.0,215
2023-05-10 09:45:01,OP90002139,创业板ETF沽12月2400,0.0,0.0,0.0,0.0,21,0.2569,0.2592,30,0.2415,0.2567,0.0,0.0,0.0,0.0,215
2023-05-10 09:45:03,OP90002139,创业板ETF沽12月2400,0.0,0.0,0.0,0.0,21,0.2569,0.2592,30,0.2415,0.2567,0.0,0.0,0.0,0.0,215
2023-05-10 09:45:05,OP90002139,创业板ETF沽12月2400,0.0,0.0,0.0,0.0,21,0.2569,0.2592,30,0.2415,0.2567,0.0,0.0,0.0,0.0,215
2023-05-10 09:45:08,OP90002139,创业板ETF沽12月2400,0.0,0.0,0.0,0.0,21,0.2569,0.2592,30,0.2415,0.2567,0.0,0.0,0.0,0.0,215
2023-05-10 09:45:09,OP90002139,创业板ETF沽12月2400,0.0,0.0,0.0,0.0,21,0.2569,0.2592,30,0.2415,0.2567,0.0,0.0,0.0,0.0,215
2023-05-10 09:45:09,OP90002139,创业板ETF沽12月2400,0.0,0.0,0.0,0.0,21,0.2569,0.2592,30,0.2415,0.2567,0.0,0.0,0.0,0.0,215
2023-05-10 09:45:11,OP90002139,创业板ETF沽12月2400,0.0,0.0,0.0,0.0,21,0.2569,0.2592,30,0.2415,0.2567,0.0,0.0,0.0,0.0,215
2023-05-10 09:45:11,OP90002139,创业板ETF沽12月2400,0.0,0.0,0.0,0.0,1,0.257,0.2592,30,0.2415,0.2567,0.0,0.0,0.0,0.0,215
2023-05-10 09:45:13,OP90002139,创业板ETF沽12月2400,0.0,0.0,0.0,0.0,1,0.257,0.2592,50,0.2415,0.2567,0.0,0.0,0.0,0.0,215
2023-05-10 09:45:16,OP90002139,创业板ETF沽12月2400,0.0,0.0,0.0,0.0,1,0.257,0.2592,50,0.2415,0.2567,0.0,0.0,0.0,0.0,215
2023-05-10 09:45:16,OP90002139,创业板ETF沽12月2400,0.0,0.0,0.0,0.0,21,0.2569,0.2592,50,0.2415,0.2567,0.0,0.0,0.0,0.0,215
2023-05-10 09:45:17,OP90002139,创业板ETF沽12月2400,0.0,0.0,0.0,0.0,1,0.2569,0.259,20,0.2415,0.2567,0.0,0.0,0.0,0.0,215
2023-05-10 09:45:17,OP90002139,创业板ETF沽12月2400,0.0,0.0,0.0,0.0,1,0.2568,0.259,20,0.2415,0.2567,0.0,0.0,0.0,0.0,215
2023-05-10 09:45:18,OP90002139,创业板ETF沽12月2400,0.0,0.0,0.0,0.0,1,0.2568,0.259,20,0.2415,0.2567,0.0,0.0,0.0,0.0,215
2023-05-10 09:45:19,OP90002139,创业板ETF沽12月2400,0.0,0.0,0.0,0.0,1,0.2568,0.2588,20,0.2415,0.2567,0.0,0.0,0.0,0.0,215
2023-05-10 09:45:20,OP90002139,创业板ETF沽12月2400,0.0,0.0,0.0,0.0,20,0.2567,0.2588,20,0.2415,0.2567,0.0,0.0,0.0,0.0,215
2023-05-10 09:45:22,OP90002139,创业板ETF沽12月2400,0.0,0.0,0.0,0.0,20,0.2567,0.2588,20,0.2415,0.2567,0.0,0.0,0.0,0.0,215
2023-05-10 09:45:23,OP90002139,创业板ETF沽12月2400,0.0,0.0,0.0,0.0,20,0.2567,0.2588,20,0.2415,0.2567,0.0,0.0,0.0,0.0,215
2023-05-10 09:45:24,OP90002139,创业板ETF沽12月2400,0.0,0.0,0.0,0.0,20,0.2567,0.259,20,0.2415,0.2567,0.0,0.0,0.0,0.0,215
2023-05-10 09:45:25,OP90002139,创业板ETF沽12月2400,0.0,0.0,0.0,0.0,20,0.2567,0.259,20,0.2415,0.2567,0.0,0.0,0.0,0.0,215
2023-05-10 09:45:26,OP90002139,创业板ETF沽12月2400,0.0,0.0,0.0,0.0,20,0.2567,0.259,20,0.2415,0.2567,0.0,0.0,0.0,0.0,215
2023-05-10 09:45:29,OP90002139,创业板ETF沽12月2400,0.0,0.0,0.0,0.0,20,0.2567,0.259,40,0.2415,0.2567,0.0,0.0,0.0,0.0,215
2023-05-10 09:45:35,OP90002139,创业板ETF沽12月2400,0.0,0.0,0.0,0.0,21,0.2567,0.259,40,0.2415,0.2567,0.0,0.0,0.0,0.0,215
2023-05-10 09:45:43,OP90002139,创业板ETF沽12月2400,0.0,0.0,0.0,0.0,21,0.2567,0.259,40,0.2415,0.2567,0.0,0.0,0.0,0.0,215
2023-05-10 09:45:45,OP90002139,创业板ETF沽12月2400,0.0,0.0,0.0,0.0,1,0.2568,0.259,40,0.2415,0.2567,0.0,0.0,0.0,0.0,215
2023-05-10 09:45:50,OP90002139,创业板ETF沽12月2400,0.0,0.0,0.0,0.0,21,0.2567,0.259,40,0.2415,0.2567,0.0,0.0,0.0,0.0,215
2023-05-10 09:45:55,OP90002139,创业板ETF沽12月2400,0.0,0.0,0.0,0.0,21,0.2567,0.2588,20,0.2415,0.2567,0.0,0.0,0.0,0.0,215
2023-05-10 09:45:56,OP90002139,创业板ETF沽12月2400,0.0,0.0,0.0,0.0,20,0.2567,0.2588,20,0.2415,0.2567,0.0,0.0,0.0,0.0,215
2023-05-10 09:45:57,OP90002139,创业板ETF沽12月2400,0.0,0.0,0.0,0.0,20,0.2567,0.2588,20,0.2415,0.2567,0.0,0.0,0.0,0.0,215
2023-05-10 09:46:00,OP90002139,创业板ETF沽12月2400,0.0,0.0,0.0,0.0,1,0.2566,0.2588,40,0.2415,0.2567,0.0,0.0,0.0,0.0,215
2023-05-10 09:46:01,OP90002139,创业板ETF沽12月2400,0.0,0.0,0.0,0.0,1,0.2566,0.2588,40,0.2415,0.2567,0.0,0.0,0.0,0.0,215
2023-05-10 09:46:01,OP90002139,创业板ETF沽12月2400,0.0,0.0,0.0,0.0,1,0.2566,0.2588,40,0.2415,0.2567,0.0,0.0,0.0,0.0,215
2023-05-10 09:46:02,OP90002139,创业板ETF沽12月2400,0.0,0.0,0.0,0.0,1,0.2566,0.2588,40,0.2415,0.2567,0.0,0.0,0.0,0.0,215
2023-05-10 09:46:02,OP90002139,创业板ETF沽12月2400,0.0,0.0,0.0,0.0,1,0.2563,0.2588,40,0.2415,0.2567,0.0,0.0,0.0,0.0,215
2023-05-10 09:46:09,OP90002139,创业板ETF沽12月2400,0.0,0.0,0.0,0.0,1,0.2563,0.2588,40,0.2415,0.2567,0.0,0.0,0.0,0.0,215
2023-05-10 09:46:10,OP90002139,创业板ETF沽12月2400,0.0,0.0,0.0,0.0,1,0.2563,0.2588,40,0.2415,0.2567,0.0,0.0,0.0,0.0,215
2023-05-10 09:46:11,OP90002139,创业板ETF沽12月2400,0.0,0.0,0.0,0.0,1,0.2563,0.2588,20,0.2415,0.2567,0.0,0.0,0.0,0.0,215
2023-05-10 09:46:12,OP90002139,创业板ETF沽12月2400,0.0,0.0,0.0,0.0,1,0.2563,0.2588,20,0.2415,0.2567,0.0,0.0,0.0,0.0,215
2023-05-10 09:46:12,OP90002139,创业板ETF沽12月2400,0.0,0.0,0.0,0.0,1,0.2564,0.2588,20,0.2415,0.2567,0.0,0.0,0.0,0.0,215
2023-05-10 09:46:16,OP90002139,创业板ETF沽12月2400,0.0,0.0,0.0,0.0,1,0.2564,0.2588,20,0.2415,0.2567,0.0,0.0,0.0,0.0,215
2023-05-10 09:46:21,OP90002139,创业板ETF沽12月2400,0.0,0.0,0.0,0.0,1,0.2564,0.2588,40,0.2415,0.2567,0.0,0.0,0.0,0.0,215
2023-05-10 09:46:22,OP90002139,创业板ETF沽12月2400,0.0,0.0,0.0,0.0,1,0.2564,0.2588,40,0.2415,0.2567,0.0,0.0,0.0,0.0,215
2023-05-10 09:46:22,OP90002139,创业板ETF沽12月2400,0.0,0.0,0.0,0.0,1,0.2564,0.2587,30,0.2415,0.2567,0.0,0.0,0.0,0.0,215
2023-05-10 09:46:23,OP90002139,创业板ETF沽12月2400,0.0,0.0,0.0,0.0,1,0.2564,0.2587,30,0.2415,0.2567,0.0,0.0,0.0,0.0,215
2023-05-10 09:46:23,OP90002139,创业板ETF沽12月2400,0.0,0.0,0.0,0.0,1,0.2563,0.2587,30,0.2415,0.2567,0.0,0.0,0.0,0.0,215
2023-05-10 09:46:24,OP90002139,创业板ETF沽12月2400,0.0,0.0,0.0,0.0,1,0.2563,0.2587,30,0.2415,0.2567,0.0,0.0,0.0,0.0,215
2023-05-10 09:46:26,OP90002139,创业板ETF沽12月2400,0.0,0.0,0.0,0.0,1,0.2563,0.2582,20,0.2415,0.2567,0.0,0.0,0.0,0.0,215
2023-05-10 09:46:26,OP90002139,创业板ETF沽12月2400,0.0,0.0,0.0,0.0,1,0.2562,0.2582,40,0.2415,0.2567,0.0,0.0,0.0,0.0,215
2023-05-10 09:46:27,OP90002139,创业板ETF沽12月2400,0.0,0.0,0.0,0.0,1,0.2562,0.2582,40,0.2415,0.2567,0.0,0.0,0.0,0.0,215
2023-05-10 09:46:28,OP90002139,创业板ETF沽12月2400,0.0,0.0,0.0,0.0,1,0.2562,0.2582,40,0.2415,0.2567,0.0,0.0,0.0,0.0,215
2023-05-10 09:46:29,OP90002139,创业板ETF沽12月2400,0.0,0.0,0.0,0.0,1,0.2562,0.2582,40,0.2415,0.2567,0.0,0.0,0.0,0.0,215
2023-05-10 09:46:29,OP90002139,创业板ETF沽12月2400,0.0,0.0,0.0,0.0,20,0.2558,0.2582,40,0.2415,0.2567,0.0,0.0,0.0,0.0,215
2023-05-10 09:46:30,OP90002139,创业板ETF沽12月2400,0.0,0.0,0.0,0.0,1,0.2557,0.2582,40,0.2415,0.2567,0.0,0.0,0.0,0.0,215
2023-05-10 09:46:30,OP90002139,创业板ETF沽12月2400,0.0,0.0,0.0,0.0,1,0.2557,0.2582,40,0.2415,0.2567,0.0,0.0,0.0,0.0,215
2023-05-10 09:46:33,OP90002139,创业板ETF沽12月2400,0.0,0.0,0.0,0.0,1,0.2557,0.2582,40,0.2415,0.2567,0.0,0.0,0.0,0.0,215
2023-05-10 09:46:34,OP90002139,创业板ETF沽12月2400,0.0,0.0,0.0,0.0,1,0.2557,0.2582,40,0.2415,0.2567,0.0,0.0,0.0,0.0,215
2023-05-10 09:46:34,OP90002139,创业板ETF沽12月2400,0.0,0.0,0.0,0.0,1,0.2557,0.2582,40,0.2415,0.2567,0.0,0.0,0.0,0.0,215
2023-05-10 09:46:39,OP90002139,创业板ETF沽12月2400,0.0,0.0,0.0,0.0,1,0.2557,0.2582,40,0.2415,0.2567,0.0,0.0,0.0,0.0,215
2023-05-10 09:46:39,OP90002139,创业板ETF沽12月2400,0.0,0.0,0.0,0.0,1,0.2557,0.2582,40,0.2415,0.2567,0.0,0.0,0.0,0.0,215
2023-05-10 09:46:40,OP90002139,创业板ETF沽12月2400,0.0,0.0,0.0,0.0,1,0.2558,0.2582,40,0.2415,0.2567,0.0,0.0,0.0,0.0,215
2023-05-10 09:46:44,OP90002139,创业板ETF沽12月2400,0.0,0.0,0.0,0.0,1,0.2558,0.2582,40,0.2415,0.2567,0.0,0.0,0.0,0.0,215
2023-05-10 09:46:44,OP90002139,创业板ETF沽12月2400,0.0,0.0,0.0,0.0,1,0.2558,0.2582,40,0.2415,0.2567,0.0,0.0,0.0,0.0,215
2023-05-10 09:46:50,OP90002139,创业板ETF沽12月2400,0.0,0.0,0.0,0.0,1,0.2559,0.2582,40,0.2415,0.2567,0.0,0.0,0.0,0.0,215
2023-05-10 09:46:52,OP90002139,创业板ETF沽12月2400,0.0,0.0,0.0,0.0,1,0.2559,0.2582,40,0.2415,0.2567,0.0,0.0,0.0,0.0,215
2023-05-10 09:46:52,OP90002139,创业板ETF沽12月2400,0.0,0.0,0.0,0.0,1,0.2559,0.2581,30,0.2415,0.2567,0.0,0.0,0.0,0.0,215
2023-05-10 09:46:53,OP90002139,创业板ETF沽12月2400,0.0,0.0,0.0,0.0,1,0.2557,0.2581,30,0.2415,0.2567,0.0,0.0,0.0,0.0,215
2023-05-10 09:46:57,OP90002139,创业板ETF沽12月2400,0.0,0.0,0.0,0.0,1,0.2557,0.2581,30,0.2415,0.2567,0.0,0.0,0.0,0.0,215
2023-05-10 09:47:07,OP90002139,创业板ETF沽12月2400,0.0,0.0,0.0,0.0,1,0.2557,0.2581,30,0.2415,0.2567,0.0,0.0,0.0,0.0,215
2023-05-10 09:47:08,OP90002139,创业板ETF沽12月2400,0.0,0.0,0.0,0.0,1,0.2557,0.2581,30,0.2415,0.2567,0.0,0.0,0.0,0.0,215
2023-05-10 09:47:08,OP90002139,创业板ETF沽12月2400,0.0,0.0,0.0,0.0,1,0.2557,0.2581,30,0.2415,0.2567,0.0,0.0,0.0,0.0,215
2023-05-10 09:47:09,OP90002139,创业板ETF沽12月2400,0.0,0.0,0.0,0.0,1,0.2557,0.2581,30,0.2415,0.2567,0.0,0.0,0.0,0.0,215
2023-05-10 09:47:10,OP90002139,创业板ETF沽12月2400,0.0,0.0,0.0,0.0,1,0.2557,0.2581,30,0.2415,0.2567,0.0,0.0,0.0,0.0,215
2023-05-10 09:47:11,OP90002139,创业板ETF沽12月2400,0.0,0.0,0.0,0.0,1,0.2558,0.2581,30,0.2415,0.2567,0.0,0.0,0.0,0.0,215
2023-05-10 09:47:12,OP90002139,创业板ETF沽12月2400,0.0,0.0,0.0,0.0,1,0.2558,0.2581,30,0.2415,0.2567,0.0,0.0,0.0,0.0,215
2023-05-10 09:47:14,OP90002139,创业板ETF沽12月2400,0.0,0.0,0.0,0.0,1,0.2558,0.2581,30,0.2415,0.2567,0.0,0.0,0.0,0.0,215
2023-05-10 09:47:14,OP90002139,创业板ETF沽12月2400,0.0,0.0,0.0,0.0,1,0.2557,0.2581,30,0.2415,0.2567,0.0,0.0,0.0,0.0,215
2023-05-10 09:47:16,OP90002139,创业板ETF沽12月2400,0.0,0.0,0.0,0.0,1,0.2557,0.2581,30,0.2415,0.2567,0.0,0.0,0.0,0.0,215
2023-05-10 09:47:17,OP90002139,创业板ETF沽12月2400,0.0,0.0,0.0,0.0,1,0.2557,0.2581,30,0.2415,0.2567,0.0,0.0,0.0,0.0,215
2023-05-10 09:47:17,OP90002139,创业板ETF沽12月2400,0.0,0.0,0.0,0.0,1,0.2557,0.2581,30,0.2415,0.2567,0.0,0.0,0.0,0.0,215
2023-05-10 09:47:18,OP90002139,创业板ETF沽12月2400,0.0,0.0,0.0,0.0,1,0.2557,0.2577,20,0.2415,0.2567,0.0,0.0,0.0,0.0,215
2023-05-10 09:47:19,OP90002139,创业板ETF沽12月2400,0.0,0.0,0.0,0.0,1,0.2556,0.2577,40,0.2415,0.2567,0.0,0.0,0.0,0.0,215
2023-05-10 09:47:20,OP90002139,创业板ETF沽12月2400,0.0,0.0,0.0,0.0,1,0.2554,0.2577,60,0.2415,0.2567,0.0,0.0,0.0,0.0,215
2023-05-10 09:47:30,OP90002139,创业板ETF沽12月2400,0.0,0.0,0.0,0.0,1,0.2554,0.2577,60,0.2415,0.2567,0.0,0.0,0.0,0.0,215
2023-05-10 09:47:32,OP90002139,创业板ETF沽12月2400,0.0,0.0,0.0,0.0,1,0.2552,0.2577,60,0.2415,0.2567,0.0,0.0,0.0,0.0,215
2023-05-10 09:47:38,OP90002139,创业板ETF沽12月2400,0.0,0.0,0.0,0.0,1,0.2552,0.2577,60,0.2415,0.2567,0.0,0.0,0.0,0.0,215
2023-05-10 09:47:42,OP90002139,创业板ETF沽12月2400,0.0,0.0,0.0,0.0,1,0.2553,0.2577,60,0.2415,0.2567,0.0,0.0,0.0,0.0,215
2023-05-10 09:47:43,OP90002139,创业板ETF沽12月2400,0.0,0.0,0.0,0.0,1,0.2553,0.2577,60,0.2415,0.2567,0.0,0.0,0.0,0.0,215
2023-05-10 09:47:48,OP90002139,创业板ETF沽12月2400,0.0,0.0,0.0,0.0,1,0.2553,0.2577,60,0.2415,0.2567,0.0,0.0,0.0,0.0,215
2023-05-10 09:47:48,OP90002139,创业板ETF沽12月2400,0.0,0.0,0.0,0.0,1,0.2553,0.2577,60,0.2415,0.2567,0.0,0.0,0.0,0.0,215
2023-05-10 09:47:49,OP90002139,创业板ETF沽12月2400,0.0,0.0,0.0,0.0,1,0.2553,0.2577,60,0.2415,0.2567,0.0,0.0,0.0,0.0,215
2023-05-10 09:47:50,OP90002139,创业板ETF沽12月2400,0.0,0.0,0.0,0.0,1,0.2553,0.2576,30,0.2415,0.2567,0.0,0.0,0.0,0.0,215
2023-05-10 09:47:50,OP90002139,创业板ETF沽12月2400,0.0,0.0,0.0,0.0,1,0.2552,0.2576,30,0.2415,0.2567,0.0,0.0,0.0,0.0,215
2023-05-10 09:47:51,OP90002139,创业板ETF沽12月2400,0.0,0.0,0.0,0.0,1,0.255,0.2576,30,0.2415,0.2567,0.0,0.0,0.0,0.0,215
2023-05-10 09:47:52,OP90002139,创业板ETF沽12月2400,0.0,0.0,0.0,0.0,1,0.255,0.2571,20,0.2415,0.2567,0.0,0.0,0.0,0.0,215
2023-05-10 09:47:52,OP90002139,创业板ETF沽12月2400,0.0,0.0,0.0,0.0,1,0.255,0.2571,40,0.2415,0.2567,0.0,0.0,0.0,0.0,215
2023-05-10 09:47:53,OP90002139,创业板ETF沽12月2400,0.0,0.0,0.0,0.0,1,0.2549,0.2571,40,0.2415,0.2567,0.0,0.0,0.0,0.0,215
2023-05-10 09:47:53,OP90002139,创业板ETF沽12月2400,0.0,0.0,0.0,0.0,1,0.2548,0.2571,40,0.2415,0.2567,0.0,0.0,0.0,0.0,215
2023-05-10 09:47:54,OP90002139,创业板ETF沽12月2400,0.0,0.0,0.0,0.0,1,0.2548,0.2571,40,0.2415,0.2567,0.0,0.0,0.0,0.0,215
2023-05-10 09:47:54,OP90002139,创业板ETF沽12月2400,0.0,0.0,0.0,0.0,1,0.2548,0.2571,40,0.2415,0.2567,0.0,0.0,0.0,0.0,215
2023-05-10 09:47:55,OP90002139,创业板ETF沽12月2400,0.0,0.0,0.0,0.0,1,0.2547,0.2571,40,0.2415,0.2567,0.0,0.0,0.0,0.0,215
2023-05-10 09:47:56,OP90002139,创业板ETF沽12月2400,0.0,0.0,0.0,0.0,1,0.2547,0.2571,40,0.2415,0.2567,0.0,0.0,0.0,0.0,215
2023-05-10 09:47:56,OP90002139,创业板ETF沽12月2400,0.0,0.0,0.0,0.0,20,0.2545,0.2571,40,0.2415,0.2567,0.0,0.0,0.0,0.0,215
2023-05-10 09:47:57,OP90002139,创业板ETF沽12月2400,0.0,0.0,0.0,0.0,20,0.2545,0.2571,60,0.2415,0.2567,0.0,0.0,0.0,0.0,215
2023-05-10 09:47:57,OP90002139,创业板ETF沽12月2400,0.0,0.0,0.0,0.0,20,0.2545,0.2571,60,0.2415,0.2567,0.0,0.0,0.0,0.0,215
2023-05-10 09:47:58,OP90002139,创业板ETF沽12月2400,0.0,0.0,0.0,0.0,20,0.2545,0.2566,20,0.2415,0.2567,0.0,0.0,0.0,0.0,215
2023-05-10 09:47:58,OP90002139,创业板ETF沽12月2400,0.0,0.0,0.0,0.0,1,0.2544,0.2566,40,0.2415,0.2567,0.0,0.0,0.0,0.0,215
2023-05-10 09:47:59,OP90002139,创业板ETF沽12月2400,0.0,0.0,0.0,0.0,1,0.2544,0.2566,40,0.2415,0.2567,0.0,0.0,0.0,0.0,215
2023-05-10 09:47:59,OP90002139,创业板ETF沽12月2400,0.0,0.0,0.0,0.0,41,0.2541,0.2566,40,0.2415,0.2567,0.0,0.0,0.0,0.0,215
2023-05-10 09:48:00,OP90002139,创业板ETF沽12月2400,0.0,0.0,0.0,0.0,21,0.2541,0.2566,40,0.2415,0.2567,0.0,0.0,0.0,0.0,215
2023-05-10 09:48:01,OP90002139,创业板ETF沽12月2400,0.0,0.0,0.0,0.0,21,0.2541,0.2566,40,0.2415,0.2567,0.0,0.0,0.0,0.0,215
2023-05-10 09:48:02,OP90002139,创业板ETF沽12月2400,0.0,0.0,0.0,0.0,10,0.254,0.2566,40,0.2415,0.2567,0.0,0.0,0.0,0.0,215
2023-05-10 09:48:03,OP90002139,创业板ETF沽12月2400,0.0,0.0,0.0,0.0,31,0.2538,0.2566,40,0.2415,0.2567,0.0,0.0,0.0,0.0,215
2023-05-10 09:48:03,OP90002139,创业板ETF沽12月2400,0.0,0.0,0.0,0.0,1,0.2538,0.2566,40,0.2415,0.2567,0.0,0.0,0.0,0.0,215
2023-05-10 09:48:04,OP90002139,创业板ETF沽12月2400,0.0,0.0,0.0,0.0,1,0.2538,0.2566,60,0.2415,0.2567,0.0,0.0,0.0,0.0,215
2023-05-10 09:48:08,OP90002139,创业板ETF沽12月2400,0.0,0.0,0.0,0.0,1,0.2537,0.2566,60,0.2415,0.2567,0.0,0.0,0.0,0.0,215
2023-05-10 09:48:09,OP90002139,创业板ETF沽12月2400,0.0,0.0,0.0,0.0,1,0.2537,0.2566,60,0.2415,0.2567,0.0,0.0,0.0,0.0,215
2023-05-10 09:48:10,OP90002139,创业板ETF沽12月2400,0.0,0.0,0.0,0.0,1,0.2537,0.256,20,0.2415,0.2567,0.0,0.0,0.0,0.0,215
2023-05-10 09:48:10,OP90002139,创业板ETF沽12月2400,0.0,0.0,0.0,0.0,1,0.2537,0.256,40,0.2415,0.2567,0.0,0.0,0.0,0.0,215
2023-05-10 09:48:11,OP90002139,创业板ETF沽12月2400,0.0,0.0,0.0,0.0,1,0.2534,0.256,40,0.2415,0.2567,0.0,0.0,0.0,0.0,215
2023-05-10 09:48:12,OP90002139,创业板ETF沽12月2400,0.0,0.0,0.0,0.0,1,0.2534,0.2559,30,0.2415,0.2567,0.0,0.0,0.0,0.0,215
2023-05-10 09:48:13,OP90002139,创业板ETF沽12月2400,0.0,0.0,0.0,0.0,1,0.2534,0.2559,30,0.2415,0.2567,0.0,0.0,0.0,0.0,215
2023-05-10 09:48:13,OP90002139,创业板ETF沽12月2400,0.0,0.0,0.0,0.0,1,0.2534,0.2559,30,0.2415,0.2567,0.0,0.0,0.0,0.0,215
2023-05-10 09:48:14,OP90002139,创业板ETF沽12月2400,0.0,0.0,0.0,0.0,1,0.2534,0.2559,30,0.2415,0.2567,0.0,0.0,0.0,0.0,215
2023-05-10 09:48:14,OP90002139,创业板ETF沽12月2400,0.0,0.0,0.0,0.0,20,0.2533,0.2559,30,0.2415,0.2567,0.0,0.0,0.0,0.0,215
2023-05-10 09:48:16,OP90002139,创业板ETF沽12月2400,0.0,0.0,0.0,0.0,1,0.2532,0.2559,30,0.2415,0.2567,0.0,0.0,0.0,0.0,215
2023-05-10 09:48:16,OP90002139,创业板ETF沽12月2400,0.0,0.0,0.0,0.0,1,0.2532,0.2559,30,0.2415,0.2567,0.0,0.0,0.0,0.0,215
2023-05-10 09:48:17,OP90002139,创业板ETF沽12月2400,0.0,0.0,0.0,0.0,1,0.2532,0.2559,30,0.2415,0.2567,0.0,0.0,0.0,0.0,215
2023-05-10 09:48:17,OP90002139,创业板ETF沽12月2400,0.0,0.0,0.0,0.0,1,0.2532,0.2559,30,0.2415,0.2567,0.0,0.0,0.0,0.0,215
2023-05-10 09:48:18,OP90002139,创业板ETF沽12月2400,0.0,0.0,0.0,0.0,1,0.2532,0.2559,30,0.2415,0.2567,0.0,0.0,0.0,0.0,215
2023-05-10 09:48:20,OP90002139,创业板ETF沽12月2400,0.0,0.0,0.0,0.0,1,0.253,0.2559,30,0.2415,0.2567,0.0,0.0,0.0,0.0,215
2023-05-10 09:48:21,OP90002139,创业板ETF沽12月2400,0.0,0.0,0.0,0.0,1,0.253,0.2559,50,0.2415,0.2567,0.0,0.0,0.0,0.0,215
2023-05-10 09:48:22,OP90002139,创业板ETF沽12月2400,0.0,0.0,0.0,0.0,1,0.253,0.2559,50,0.2415,0.2567,0.0,0.0,0.0,0.0,215
2023-05-10 09:48:22,OP90002139,创业板ETF沽12月2400,0.0,0.0,0.0,0.0,1,0.253,0.2554,20,0.2415,0.2567,0.0,0.0,0.0,0.0,215
2023-05-10 09:48:23,OP90002139,创业板ETF沽12月2400,0.0,0.0,0.0,0.0,1,0.253,0.2554,40,0.2415,0.2567,0.0,0.0,0.0,0.0,215
2023-05-10 09:48:23,OP90002139,创业板ETF沽12月2400,0.0,0.0,0.0,0.0,21,0.2528,0.2554,40,0.2415,0.2567,0.0,0.0,0.0,0.0,215
2023-05-10 09:48:24,OP90002139,创业板ETF沽12月2400,0.0,0.0,0.0,0.0,21,0.2528,0.2554,40,0.2415,0.2567,0.0,0.0,0.0,0.0,215
2023-05-10 09:48:30,OP90002139,创业板ETF沽12月2400,0.0,0.0,0.0,0.0,1,0.2528,0.2553,30,0.2415,0.2567,0.0,0.0,0.0,0.0,215
2023-05-10 09:48:30,OP90002139,创业板ETF沽12月2400,0.0,0.0,0.0,0.0,1,0.2528,0.2553,30,0.2415,0.2567,0.0,0.0,0.0,0.0,215
2023-05-10 09:48:31,OP90002139,创业板ETF沽12月2400,0.0,0.0,0.0,0.0,1,0.2528,0.2553,30,0.2415,0.2567,0.0,0.0,0.0,0.0,215
2023-05-10 09:48:32,OP90002139,创业板ETF沽12月2400,0.0,0.0,0.0,0.0,1,0.2527,0.2553,30,0.2415,0.2567,0.0,0.0,0.0,0.0,215
2023-05-10 09:48:33,OP90002139,创业板ETF沽12月2400,0.0,0.0,0.0,0.0,1,0.2527,0.2548,20,0.2415,0.2567,0.0,0.0,0.0,0.0,215
2023-05-10 09:48:34,OP90002139,创业板ETF沽12月2400,0.0,0.0,0.0,0.0,1,0.2527,0.2548,40,0.2415,0.2567,0.0,0.0,0.0,0.0,215
2023-05-10 09:48:35,OP90002139,创业板ETF沽12月2400,0.0,0.0,0.0,0.0,21,0.2526,0.2548,40,0.2415,0.2567,0.0,0.0,0.0,0.0,215
2023-05-10 09:48:35,OP90002139,创业板ETF沽12月2400,0.0,0.0,0.0,0.0,20,0.2526,0.2548,40,0.2415,0.2567,0.0,0.0,0.0,0.0,215
2023-05-10 09:48:37,OP90002139,创业板ETF沽12月2400,0.0,0.0,0.0,0.0,1,0.2524,0.2548,40,0.2415,0.2567,0.0,0.0,0.0,0.0,215
2023-05-10 09:48:38,OP90002139,创业板ETF沽12月2400,0.0,0.0,0.0,0.0,21,0.2523,0.2548,40,0.2415,0.2567,0.0,0.0,0.0,0.0,215
2023-05-10 09:48:38,OP90002139,创业板ETF沽12月2400,0.0,0.0,0.0,0.0,20,0.2523,0.2548,40,0.2415,0.2567,0.0,0.0,0.0,0.0,215
2023-05-10 09:48:40,OP90002139,创业板ETF沽12月2400,0.0,0.0,0.0,0.0,20,0.2523,0.2547,30,0.2415,0.2567,0.0,0.0,0.0,0.0,215
2023-05-10 09:48:40,OP90002139,创业板ETF沽12月2400,0.0,0.0,0.0,0.0,20,0.2523,0.2547,30,0.2415,0.2567,0.0,0.0,0.0,0.0,215
2023-05-10 09:48:41,OP90002139,创业板ETF沽12月2400,0.0,0.0,0.0,0.0,20,0.2523,0.2547,30,0.2415,0.2567,0.0,0.0,0.0,0.0,215
2023-05-10 09:48:41,OP90002139,创业板ETF沽12月2400,0.0,0.0,0.0,0.0,20,0.2523,0.2547,50,0.2415,0.2567,0.0,0.0,0.0,0.0,215
2023-05-10 09:48:42,OP90002139,创业板ETF沽12月2400,0.0,0.0,0.0,0.0,10,0.2522,0.2547,50,0.2415,0.2567,0.0,0.0,0.0,0.0,215
2023-05-10 09:48:42,OP90002139,创业板ETF沽12月2400,0.0,0.0,0.0,0.0,10,0.2517,0.2543,20,0.2415,0.2567,0.0,0.0,0.0,0.0,215
2023-05-10 09:48:43,OP90002139,创业板ETF沽12月2400,0.0,0.0,0.0,0.0,11,0.2517,0.2543,20,0.2415,0.2567,0.0,0.0,0.0,0.0,215
2023-05-10 09:48:43,OP90002139,创业板ETF沽12月2400,0.0,0.0,0.0,0.0,20,0.2516,0.2543,20,0.2415,0.2567,0.0,0.0,0.0,0.0,215
2023-05-10 09:48:44,OP90002139,创业板ETF沽12月2400,0.0,0.0,0.0,0.0,21,0.2516,0.2543,20,0.2415,0.2567,0.0,0.0,0.0,0.0,215
2023-05-10 09:48:44,OP90002139,创业板ETF沽12月2400,0.0,0.0,0.0,0.0,20,0.2516,0.2543,20,0.2415,0.2567,0.0,0.0,0.0,0.0,215
2023-05-10 09:48:46,OP90002139,创业板ETF沽12月2400,0.0,0.0,0.0,0.0,20,0.2516,0.2543,20,0.2415,0.2567,0.0,0.0,0.0,0.0,215
2023-05-10 09:48:50,OP90002139,创业板ETF沽12月2400,0.0,0.0,0.0,0.0,20,0.2516,0.2543,20,0.2415,0.2567,0.0,0.0,0.0,0.0,215
2023-05-10 09:48:51,OP90002139,创业板ETF沽12月2400,0.0,0.0,0.0,0.0,20,0.2516,0.2543,40,0.2415,0.2567,0.0,0.0,0.0,0.0,215
2023-05-10 09:48:51,OP90002139,创业板ETF沽12月2400,0.0,0.0,0.0,0.0,20,0.2516,0.2543,40,0.2415,0.2567,0.0,0.0,0.0,0.0,215
2023-05-10 09:48:52,OP90002139,创业板ETF沽12月2400,0.0,0.0,0.0,0.0,20,0.2516,0.2543,40,0.2415,0.2567,0.0,0.0,0.0,0.0,215
2023-05-10 09:48:54,OP90002139,创业板ETF沽12月2400,0.0,0.0,0.0,0.0,30,0.2514,0.2543,40,0.2415,0.2567,0.0,0.0,0.0,0.0,215
2023-05-10 09:48:55,OP90002139,创业板ETF沽12月2400,0.0,0.0,0.0,0.0,20,0.2514,0.2543,40,0.2415,0.2567,0.0,0.0,0.0,0.0,215
2023-05-10 09:48:56,OP90002139,创业板ETF沽12月2400,0.0,0.0,0.0,0.0,20,0.2514,0.2543,60,0.2415,0.2567,0.0,0.0,0.0,0.0,215
2023-05-10 09:48:57,OP90002139,创业板ETF沽12月2400,0.0,0.0,0.0,0.0,21,0.2514,0.2543,60,0.2415,0.2567,0.0,0.0,0.0,0.0,215
2023-05-10 09:48:57,OP90002139,创业板ETF沽12月2400,0.0,0.0,0.0,0.0,21,0.2514,0.2543,60,0.2415,0.2567,0.0,0.0,0.0,0.0,215
2023-05-10 09:48:59,OP90002139,创业板ETF沽12月2400,0.0,0.0,0.0,0.0,20,0.2514,0.2543,60,0.2415,0.2567,0.0,0.0,0.0,0.0,215
2023-05-10 09:49:01,OP90002139,创业板ETF沽12月2400,0.0,0.0,0.0,0.0,20,0.2514,0.2543,60,0.2415,0.2567,0.0,0.0,0.0,0.0,215
2023-05-10 09:49:01,OP90002139,创业板ETF沽12月2400,0.0,0.0,0.0,0.0,20,0.2514,0.2543,60,0.2415,0.2567,0.0,0.0,0.0,0.0,215
2023-05-10 09:49:03,OP90002139,创业板ETF沽12月2400,0.0,0.0,0.0,0.0,20,0.2514,0.2543,60,0.2415,0.2567,0.0,0.0,0.0,0.0,215
2023-05-10 09:49:04,OP90002139,创业板ETF沽12月2400,0.0,0.0,0.0,0.0,20,0.2514,0.2543,60,0.2415,0.2567,0.0,0.0,0.0,0.0,215
2023-05-10 09:49:06,OP90002139,创业板ETF沽12月2400,0.0,0.0,0.0,0.0,20,0.2514,0.2543,60,0.2415,0.2567,0.0,0.0,0.0,0.0,215
2023-05-10 09:49:12,OP90002139,创业板ETF沽12月2400,0.0,0.0,0.0,0.0,41,0.2514,0.2543,40,0.2415,0.2567,0.0,0.0,0.0,0.0,215
2023-05-10 09:49:14,OP90002139,创业板ETF沽12月2400,0.0,0.0,0.0,0.0,40,0.2514,0.2543,40,0.2415,0.2567,0.0,0.0,0.0,0.0,215
2023-05-10 09:49:16,OP90002139,创业板ETF沽12月2400,0.0,0.0,0.0,0.0,20,0.2514,0.2537,20,0.2415,0.2567,0.0,0.0,0.0,0.0,215
2023-05-10 09:49:16,OP90002139,创业板ETF沽12月2400,0.0,0.0,0.0,0.0,1,0.2512,0.2537,40,0.2415,0.2567,0.0,0.0,0.0,0.0,215
2023-05-10 09:49:17,OP90002139,创业板ETF沽12月2400,0.0,0.0,0.0,0.0,1,0.2512,0.2537,40,0.2415,0.2567,0.0,0.0,0.0,0.0,215
2023-05-10 09:49:17,OP90002139,创业板ETF沽12月2400,0.0,0.0,0.0,0.0,1,0.2512,0.2537,40,0.2415,0.2567,0.0,0.0,0.0,0.0,215
2023-05-10 09:49:18,OP90002139,创业板ETF沽12月2400,0.0,0.0,0.0,0.0,1,0.2512,0.2537,40,0.2415,0.2567,0.0,0.0,0.0,0.0,215
2023-05-10 09:49:19,OP90002139,创业板ETF沽12月2400,0.0,0.0,0.0,0.0,1,0.2512,0.2537,40,0.2415,0.2567,0.0,0.0,0.0,0.0,215
2023-05-10 09:49:20,OP90002139,创业板ETF沽12月2400,0.0,0.0,0.0,0.0,1,0.2511,0.2537,40,0.2415,0.2567,0.0,0.0,0.0,0.0,215
2023-05-10 09:49:21,OP90002139,创业板ETF沽12月2400,0.0,0.0,0.0,0.0,1,0.2511,0.2537,40,0.2415,0.2567,0.0,0.0,0.0,0.0,215
2023-05-10 09:49:23,OP90002139,创业板ETF沽12月2400,0.0,0.0,0.0,0.0,21,0.251,0.2537,40,0.2415,0.2567,0.0,0.0,0.0,0.0,215
2023-05-10 09:49:24,OP90002139,创业板ETF沽12月2400,0.0,0.0,0.0,0.0,21,0.251,0.2537,40,0.2415,0.2567,0.0,0.0,0.0,0.0,215
2023-05-10 09:49:24,OP90002139,创业板ETF沽12月2400,0.0,0.0,0.0,0.0,20,0.2511,0.2537,20,0.2415,0.2567,0.0,0.0,0.0,0.0,215
2023-05-10 09:49:25,OP90002139,创业板ETF沽12月2400,0.0,0.0,0.0,0.0,40,0.2511,0.2542,40,0.2415,0.2567,0.0,0.0,0.0,0.0,215
2023-05-10 09:49:26,OP90002139,创业板ETF沽12月2400,0.0,0.0,0.0,0.0,40,0.2511,0.2542,60,0.2415,0.2567,0.0,0.0,0.0,0.0,215
2023-05-10 09:49:28,OP90002139,创业板ETF沽12月2400,0.0,0.0,0.0,0.0,40,0.2511,0.2542,60,0.2415,0.2567,0.0,0.0,0.0,0.0,215
2023-05-10 09:49:34,OP90002139,创业板ETF沽12月2400,0.0,0.0,0.0,0.0,40,0.2511,0.2542,60,0.2415,0.2567,0.0,0.0,0.0,0.0,215
2023-05-10 09:49:35,OP90002139,创业板ETF沽12月2400,0.0,0.0,0.0,0.0,40,0.2511,0.2542,60,0.2415,0.2567,0.0,0.0,0.0,0.0,215
2023-05-10 09:49:35,OP90002139,创业板ETF沽12月2400,0.0,0.0,0.0,0.0,20,0.2511,0.2537,20,0.2415,0.2567,0.0,0.0,0.0,0.0,215
2023-05-10 09:49:36,OP90002139,创业板ETF沽12月2400,0.0,0.0,0.0,0.0,41,0.251,0.2537,40,0.2415,0.2567,0.0,0.0,0.0,0.0,215
2023-05-10 09:49:38,OP90002139,创业板ETF沽12月2400,0.0,0.0,0.0,0.0,40,0.251,0.2537,40,0.2415,0.2567,0.0,0.0,0.0,0.0,215
2023-05-10 09:49:39,OP90002139,创业板ETF沽12月2400,0.0,0.0,0.0,0.0,40,0.251,0.2536,20,0.2415,0.2567,0.0,0.0,0.0,0.0,215
2023-05-10 09:49:41,OP90002139,创业板ETF沽12月2400,0.0,0.0,0.0,0.0,40,0.251,0.2535,30,0.2415,0.2567,0.0,0.0,0.0,0.0,215
2023-05-10 09:49:42,OP90002139,创业板ETF沽12月2400,0.0,0.0,0.0,0.0,40,0.251,0.2535,30,0.2415,0.2567,0.0,0.0,0.0,0.0,215
2023-05-10 09:49:45,OP90002139,创业板ETF沽12月2400,0.0,0.0,0.0,0.0,40,0.251,0.2535,30,0.2415,0.2567,0.0,0.0,0.0,0.0,215
2023-05-10 09:49:47,OP90002139,创业板ETF沽12月2400,0.0,0.0,0.0,0.0,20,0.251,0.2535,50,0.2415,0.2567,0.0,0.0,0.0,0.0,215
2023-05-10 09:49:49,OP90002139,创业板ETF沽12月2400,0.0,0.0,0.0,0.0,1,0.2508,0.2535,50,0.2415,0.2567,0.0,0.0,0.0,0.0,215
2023-05-10 09:49:49,OP90002139,创业板ETF沽12月2400,0.0,0.0,0.0,0.0,1,0.2508,0.2535,50,0.2415,0.2567,0.0,0.0,0.0,0.0,215
2023-05-10 09:49:50,OP90002139,创业板ETF沽12月2400,0.0,0.0,0.0,0.0,1,0.2506,0.2531,20,0.2415,0.2567,0.0,0.0,0.0,0.0,215
2023-05-10 09:49:51,OP90002139,创业板ETF沽12月2400,0.0,0.0,0.0,0.0,1,0.2506,0.2531,20,0.2415,0.2567,0.0,0.0,0.0,0.0,215
2023-05-10 09:49:51,OP90002139,创业板ETF沽12月2400,0.0,0.0,0.0,0.0,1,0.2506,0.2531,20,0.2415,0.2567,0.0,0.0,0.0,0.0,215
2023-05-10 09:49:52,OP90002139,创业板ETF沽12月2400,0.0,0.0,0.0,0.0,1,0.2506,0.2531,20,0.2415,0.2567,0.0,0.0,0.0,0.0,215
2023-05-10 09:49:53,OP90002139,创业板ETF沽12月2400,0.0,0.0,0.0,0.0,41,0.2504,0.2531,40,0.2415,0.2567,0.0,0.0,0.0,0.0,215
2023-05-10 09:49:54,OP90002139,创业板ETF沽12月2400,0.0,0.0,0.0,0.0,21,0.2504,0.2531,40,0.2415,0.2567,0.0,0.0,0.0,0.0,215
2023-05-10 09:49:54,OP90002139,创业板ETF沽12月2400,0.0,0.0,0.0,0.0,21,0.2504,0.2531,40,0.2415,0.2567,0.0,0.0,0.0,0.0,215
2023-05-10 09:49:56,OP90002139,创业板ETF沽12月2400,0.0,0.0,0.0,0.0,20,0.2504,0.253,30,0.2415,0.2567,0.0,0.0,0.0,0.0,215
2023-05-10 09:49:57,OP90002139,创业板ETF沽12月2400,0.0,0.0,0.0,0.0,20,0.2504,0.2526,20,0.2415,0.2567,0.0,0.0,0.0,0.0,215
2023-05-10 09:49:58,OP90002139,创业板ETF沽12月2400,0.0,0.0,0.0,0.0,21,0.2503,0.2526,40,0.2415,0.2567,0.0,0.0,0.0,0.0,215
2023-05-10 09:49:59,OP90002139,创业板ETF沽12月2400,0.0,0.0,0.0,0.0,20,0.2503,0.2526,40,0.2415,0.2567,0.0,0.0,0.0,0.0,215
2023-05-10 09:50:00,OP90002139,创业板ETF沽12月2400,0.0,0.0,0.0,0.0,40,0.2501,0.2526,40,0.2415,0.2567,0.0,0.0,0.0,0.0,215
2023-05-10 09:50:02,OP90002139,创业板ETF沽12月2400,0.0,0.0,0.0,0.0,40,0.2501,0.2526,40,0.2415,0.2567,0.0,0.0,0.0,0.0,215
2023-05-10 09:50:03,OP90002139,创业板ETF沽12月2400,0.0,0.0,0.0,0.0,40,0.2501,0.2526,40,0.2415,0.2567,0.0,0.0,0.0,0.0,215
2023-05-10 09:50:04,OP90002139,创业板ETF沽12月2400,0.0,0.0,0.0,0.0,40,0.2501,0.2526,40,0.2415,0.2567,0.0,0.0,0.0,0.0,215
2023-05-10 09:50:05,OP90002139,创业板ETF沽12月2400,0.0,0.0,0.0,0.0,40,0.2501,0.2526,60,0.2415,0.2567,0.0,0.0,0.0,0.0,215
2023-05-10 09:50:08,OP90002139,创业板ETF沽12月2400,0.0,0.0,0.0,0.0,20,0.2501,0.2526,60,0.2415,0.2567,0.0,0.0,0.0,0.0,215
2023-05-10 09:50:08,OP90002139,创业板ETF沽12月2400,0.0,0.0,0.0,0.0,41,0.2498,0.2526,60,0.2415,0.2567,0.0,0.0,0.0,0.0,215
2023-05-10 09:50:09,OP90002139,创业板ETF沽12月2400,0.0,0.0,0.0,0.0,1,0.2498,0.2526,60,0.2415,0.2567,0.0,0.0,0.0,0.0,215
2023-05-10 09:50:09,OP90002139,创业板ETF沽12月2400,0.0,0.0,0.0,0.0,1,0.2498,0.2526,60,0.2415,0.2567,0.0,0.0,0.0,0.0,215
2023-05-10 09:50:10,OP90002139,创业板ETF沽12月2400,0.0,0.0,0.0,0.0,1,0.2498,0.2526,60,0.2415,0.2567,0.0,0.0,0.0,0.0,215
2023-05-10 09:50:11,OP90002139,创业板ETF沽12月2400,0.0,0.0,0.0,0.0,1,0.2497,0.252,20,0.2415,0.2567,0.0,0.0,0.0,0.0,215
2023-05-10 09:50:12,OP90002139,创业板ETF沽12月2400,0.0,0.0,0.0,0.0,1,0.2497,0.252,40,0.2415,0.2567,0.0,0.0,0.0,0.0,215
2023-05-10 09:50:12,OP90002139,创业板ETF沽12月2400,0.0,0.0,0.0,0.0,1,0.2497,0.252,40,0.2415,0.2567,0.0,0.0,0.0,0.0,215
2023-05-10 09:50:14,OP90002139,创业板ETF沽12月2400,0.0,0.0,0.0,0.0,1,0.2497,0.252,40,0.2415,0.2567,0.0,0.0,0.0,0.0,215
2023-05-10 09:50:14,OP90002139,创业板ETF沽12月2400,0.0,0.0,0.0,0.0,20,0.2496,0.252,40,0.2415,0.2567,0.0,0.0,0.0,0.0,215
2023-05-10 09:50:15,OP90002139,创业板ETF沽12月2400,0.0,0.0,0.0,0.0,20,0.2496,0.2514,20,0.2415,0.2567,0.0,0.0,0.0,0.0,215
2023-05-10 09:50:15,OP90002139,创业板ETF沽12月2400,0.0,0.0,0.0,0.0,11,0.2495,0.2514,40,0.2415,0.2567,0.0,0.0,0.0,0.0,215
2023-05-10 09:50:16,OP90002139,创业板ETF沽12月2400,0.0,0.0,0.0,0.0,1,0.2495,0.2514,40,0.2415,0.2567,0.0,0.0,0.0,0.0,215
2023-05-10 09:50:16,OP90002139,创业板ETF沽12月2400,0.0,0.0,0.0,0.0,1,0.2495,0.2514,40,0.2415,0.2567,0.0,0.0,0.0,0.0,215
2023-05-10 09:50:17,OP90002139,创业板ETF沽12月2400,0.0,0.0,0.0,0.0,10,0.2491,0.2514,40,0.2415,0.2567,0.0,0.0,0.0,0.0,215
2023-05-10 09:50:18,OP90002139,创业板ETF沽12月2400,0.0,0.0,0.0,0.0,11,0.2491,0.2514,40,0.2415,0.2567,0.0,0.0,0.0,0.0,215
2023-05-10 09:50:19,OP90002139,创业板ETF沽12月2400,0.0,0.0,0.0,0.0,1,0.2491,0.2514,40,0.2415,0.2567,0.0,0.0,0.0,0.0,215
2023-05-10 09:50:20,OP90002139,创业板ETF沽12月2400,0.0,0.0,0.0,0.0,20,0.2489,0.2514,40,0.2415,0.2567,0.0,0.0,0.0,0.0,215
2023-05-10 09:50:20,OP90002139,创业板ETF沽12月2400,0.0,0.0,0.0,0.0,20,0.2489,0.2514,40,0.2415,0.2567,0.0,0.0,0.0,0.0,215
2023-05-10 09:50:22,OP90002139,创业板ETF沽12月2400,0.0,0.0,0.0,0.0,20,0.2491,0.2514,40,0.2415,0.2567,0.0,0.0,0.0,0.0,215
2023-05-10 09:50:31,OP90002139,创业板ETF沽12月2400,0.0,0.0,0.0,0.0,20,0.2491,0.2514,40,0.2415,0.2567,0.0,0.0,0.0,0.0,215
2023-05-10 09:50:31,OP90002139,创业板ETF沽12月2400,0.0,0.0,0.0,0.0,1,0.249,0.2514,40,0.2415,0.2567,0.0,0.0,0.0,0.0,215
2023-05-10 09:50:33,OP90002139,创业板ETF沽12月2400,0.0,0.0,0.0,0.0,21,0.2489,0.2514,40,0.2415,0.2567,0.0,0.0,0.0,0.0,215
2023-05-10 09:50:35,OP90002139,创业板ETF沽12月2400,0.0,0.0,0.0,0.0,20,0.2489,0.2514,40,0.2415,0.2567,0.0,0.0,0.0,0.0,215
2023-05-10 09:50:44,OP90002139,创业板ETF沽12月2400,0.0,0.0,0.0,0.0,20,0.2489,0.2514,40,0.2415,0.2567,0.0,0.0,0.0,0.0,215
2023-05-10 09:50:45,OP90002139,创业板ETF沽12月2400,0.0,0.0,0.0,0.0,20,0.2489,0.2514,40,0.2415,0.2567,0.0,0.0,0.0,0.0,215
2023-05-10 09:50:47,OP90002139,创业板ETF沽12月2400,0.0,0.0,0.0,0.0,20,0.2489,0.2514,40,0.2415,0.2567,0.0,0.0,0.0,0.0,215
2023-05-10 09:50:50,OP90002139,创业板ETF沽12月2400,0.0,0.0,0.0,0.0,20,0.2489,0.2514,40,0.2415,0.2567,0.0,0.0,0.0,0.0,215
2023-05-10 09:50:51,OP90002139,创业板ETF沽12月2400,0.0,0.0,0.0,0.0,10,0.2487,0.2514,40,0.2415,0.2567,0.0,0.0,0.0,0.0,215
2023-05-10 09:50:52,OP90002139,创业板ETF沽12月2400,0.0,0.0,0.0,0.0,30,0.2486,0.2514,40,0.2415,0.2567,0.0,0.0,0.0,0.0,215
2023-05-10 09:50:52,OP90002139,创业板ETF沽12月2400,0.0,0.0,0.0,0.0,20,0.2486,0.2514,40,0.2415,0.2567,0.0,0.0,0.0,0.0,215
2023-05-10 09:50:53,OP90002139,创业板ETF沽12月2400,0.0,0.0,0.0,0.0,20,0.2486,0.2513,30,0.2415,0.2567,0.0,0.0,0.0,0.0,215
2023-05-10 09:50:53,OP90002139,创业板ETF沽12月2400,0.0,0.0,0.0,0.0,20,0.2486,0.2513,30,0.2415,0.2567,0.0,0.0,0.0,0.0,215
2023-05-10 09:50:54,OP90002139,创业板ETF沽12月2400,0.0,0.0,0.0,0.0,20,0.2486,0.2513,30,0.2415,0.2567,0.0,0.0,0.0,0.0,215
2023-05-10 09:50:55,OP90002139,创业板ETF沽12月2400,0.0,0.0,0.0,0.0,20,0.2486,0.2508,20,0.2415,0.2567,0.0,0.0,0.0,0.0,215
2023-05-10 09:50:55,OP90002139,创业板ETF沽12月2400,0.0,0.0,0.0,0.0,20,0.2486,0.2508,40,0.2415,0.2567,0.0,0.0,0.0,0.0,215
2023-05-10 09:50:56,OP90002139,创业板ETF沽12月2400,0.0,0.0,0.0,0.0,20,0.2486,0.2508,40,0.2415,0.2567,0.0,0.0,0.0,0.0,215
2023-05-10 09:50:58,OP90002139,创业板ETF沽12月2400,0.0,0.0,0.0,0.0,1,0.2483,0.2508,40,0.2415,0.2567,0.0,0.0,0.0,0.0,215
2023-05-10 09:50:58,OP90002139,创业板ETF沽12月2400,0.0,0.0,0.0,0.0,1,0.2483,0.2508,40,0.2415,0.2567,0.0,0.0,0.0,0.0,215
2023-05-10 09:51:00,OP90002139,创业板ETF沽12月2400,0.0,0.0,0.0,0.0,21,0.2482,0.2508,40,0.2415,0.2567,0.0,0.0,0.0,0.0,215
2023-05-10 09:51:01,OP90002139,创业板ETF沽12月2400,0.0,0.0,0.0,0.0,21,0.2482,0.2508,40,0.2415,0.2567,0.0,0.0,0.0,0.0,215
2023-05-10 09:51:03,OP90002139,创业板ETF沽12月2400,0.0,0.0,0.0,0.0,20,0.2483,0.2508,20,0.2415,0.2567,0.0,0.0,0.0,0.0,215
2023-05-10 09:51:03,OP90002139,创业板ETF沽12月2400,0.0,0.0,0.0,0.0,20,0.2483,0.2508,20,0.2415,0.2567,0.0,0.0,0.0,0.0,215
2023-05-10 09:51:04,OP90002139,创业板ETF沽12月2400,0.0,0.0,0.0,0.0,20,0.2483,0.2508,20,0.2415,0.2567,0.0,0.0,0.0,0.0,215
2023-05-10 09:51:04,OP90002139,创业板ETF沽12月2400,0.0,0.0,0.0,0.0,20,0.2483,0.2513,50,0.2415,0.2567,0.0,0.0,0.0,0.0,215
2023-05-10 09:51:05,OP90002139,创业板ETF沽12月2400,0.0,0.0,0.0,0.0,20,0.2483,0.2508,20,0.2415,0.2567,0.0,0.0,0.0,0.0,215
2023-05-10 09:51:05,OP90002139,创业板ETF沽12月2400,0.0,0.0,0.0,0.0,20,0.2483,0.2508,20,0.2415,0.2567,0.0,0.0,0.0,0.0,215
2023-05-10 09:51:06,OP90002139,创业板ETF沽12月2400,0.0,0.0,0.0,0.0,40,0.2483,0.2513,70,0.2415,0.2567,0.0,0.0,0.0,0.0,215
2023-05-10 09:51:06,OP90002139,创业板ETF沽12月2400,0.0,0.0,0.0,0.0,40,0.2483,0.2513,70,0.2415,0.2567,0.0,0.0,0.0,0.0,215
2023-05-10 09:51:07,OP90002139,创业板ETF沽12月2400,0.0,0.0,0.0,0.0,40,0.2483,0.2513,70,0.2415,0.2567,0.0,0.0,0.0,0.0,215
2023-05-10 09:51:11,OP90002139,创业板ETF沽12月2400,0.0,0.0,0.0,0.0,40,0.2483,0.2513,70,0.2415,0.2567,0.0,0.0,0.0,0.0,215
2023-05-10 09:51:12,OP90002139,创业板ETF沽12月2400,0.0,0.0,0.0,0.0,20,0.2483,0.2509,20,0.2415,0.2567,0.0,0.0,0.0,0.0,215
2023-05-10 09:51:14,OP90002139,创业板ETF沽12月2400,0.0,0.0,0.0,0.0,20,0.2483,0.2509,20,0.2415,0.2567,0.0,0.0,0.0,0.0,215
2023-05-10 09:51:17,OP90002139,创业板ETF沽12月2400,0.0,0.0,0.0,0.0,20,0.2483,0.2509,20,0.2415,0.2567,0.0,0.0,0.0,0.0,215
2023-05-10 09:51:17,OP90002139,创业板ETF沽12月2400,0.0,0.0,0.0,0.0,20,0.2483,0.2509,20,0.2415,0.2567,0.0,0.0,0.0,0.0,215
2023-05-10 09:51:18,OP90002139,创业板ETF沽12月2400,0.0,0.0,0.0,0.0,20,0.2483,0.2509,20,0.2415,0.2567,0.0,0.0,0.0,0.0,215
2023-05-10 09:51:20,OP90002139,创业板ETF沽12月2400,0.0,0.0,0.0,0.0,20,0.2483,0.2509,40,0.2415,0.2567,0.0,0.0,0.0,0.0,215
2023-05-10 09:51:20,OP90002139,创业板ETF沽12月2400,0.0,0.0,0.0,0.0,20,0.2483,0.2509,40,0.2415,0.2567,0.0,0.0,0.0,0.0,215
2023-05-10 09:51:22,OP90002139,创业板ETF沽12月2400,0.0,0.0,0.0,0.0,10,0.2481,0.2509,60,0.2415,0.2567,0.0,0.0,0.0,0.0,215
2023-05-10 09:51:23,OP90002139,创业板ETF沽12月2400,0.0,0.0,0.0,0.0,10,0.2479,0.2509,60,0.2415,0.2567,0.0,0.0,0.0,0.0,215
2023-05-10 09:51:23,OP90002139,创业板ETF沽12月2400,0.0,0.0,0.0,0.0,20,0.2478,0.2509,80,0.2415,0.2567,0.0,0.0,0.0,0.0,215
2023-05-10 09:51:24,OP90002139,创业板ETF沽12月2400,0.0,0.0,0.0,0.0,20,0.2478,0.2509,80,0.2415,0.2567,0.0,0.0,0.0,0.0,215
2023-05-10 09:51:26,OP90002139,创业板ETF沽12月2400,0.0,0.0,0.0,0.0,20,0.2478,0.2509,80,0.2415,0.2567,0.0,0.0,0.0,0.0,215
2023-05-10 09:51:30,OP90002139,创业板ETF沽12月2400,0.0,0.0,0.0,0.0,20,0.2478,0.2509,80,0.2415,0.2567,0.0,0.0,0.0,0.0,215
2023-05-10 09:51:37,OP90002139,创业板ETF沽12月2400,0.0,0.0,0.0,0.0,20,0.2478,0.2503,20,0.2415,0.2567,0.0,0.0,0.0,0.0,215
2023-05-10 09:51:38,OP90002139,创业板ETF沽12月2400,0.0,0.0,0.0,0.0,20,0.2477,0.2503,40,0.2415,0.2567,0.0,0.0,0.0,0.0,215
2023-05-10 09:51:38,OP90002139,创业板ETF沽12月2400,0.0,0.0,0.0,0.0,21,0.2477,0.2503,40,0.2415,0.2567,0.0,0.0,0.0,0.0,215
2023-05-10 09:51:39,OP90002139,创业板ETF沽12月2400,0.0,0.0,0.0,0.0,21,0.2477,0.2503,40,0.2415,0.2567,0.0,0.0,0.0,0.0,215
2023-05-10 09:51:39,OP90002139,创业板ETF沽12月2400,0.0,0.0,0.0,0.0,21,0.2477,0.2503,40,0.2415,0.2567,0.0,0.0,0.0,0.0,215
2023-05-10 09:51:41,OP90002139,创业板ETF沽12月2400,0.0,0.0,0.0,0.0,21,0.2477,0.2503,40,0.2415,0.2567,0.0,0.0,0.0,0.0,215
2023-05-10 09:51:41,OP90002139,创业板ETF沽12月2400,0.0,0.0,0.0,0.0,20,0.2477,0.2503,60,0.2415,0.2567,0.0,0.0,0.0,0.0,215
2023-05-10 09:51:42,OP90002139,创业板ETF沽12月2400,0.0,0.0,0.0,0.0,31,0.2474,0.2502,30,0.2415,0.2567,0.0,0.0,0.0,0.0,215
2023-05-10 09:51:42,OP90002139,创业板ETF沽12月2400,0.0,0.0,0.0,0.0,21,0.2474,0.2502,30,0.2415,0.2567,0.0,0.0,0.0,0.0,215
2023-05-10 09:51:44,OP90002139,创业板ETF沽12月2400,0.0,0.0,0.0,0.0,21,0.2474,0.2502,30,0.2415,0.2567,0.0,0.0,0.0,0.0,215
2023-05-10 09:51:50,OP90002139,创业板ETF沽12月2400,0.0,0.0,0.0,0.0,20,0.2474,0.2502,30,0.2415,0.2567,0.0,0.0,0.0,0.0,215
2023-05-10 09:51:52,OP90002139,创业板ETF沽12月2400,0.0,0.0,0.0,0.0,20,0.2474,0.2502,30,0.2415,0.2567,0.0,0.0,0.0,0.0,215
2023-05-10 09:51:54,OP90002139,创业板ETF沽12月2400,0.0,0.0,0.0,0.0,20,0.2474,0.2502,30,0.2415,0.2567,0.0,0.0,0.0,0.0,215
2023-05-10 09:51:57,OP90002139,创业板ETF沽12月2400,0.0,0.0,0.0,0.0,20,0.2474,0.2502,30,0.2415,0.2567,0.0,0.0,0.0,0.0,215
2023-05-10 09:51:58,OP90002139,创业板ETF沽12月2400,0.0,0.0,0.0,0.0,20,0.2474,0.2502,30,0.2415,0.2567,0.0,0.0,0.0,0.0,215
2023-05-10 09:51:59,OP90002139,创业板ETF沽12月2400,0.0,0.0,0.0,0.0,20,0.2474,0.2502,30,0.2415,0.2567,0.0,0.0,0.0,0.0,215
2023-05-10 09:52:01,OP90002139,创业板ETF沽12月2400,0.0,0.0,0.0,0.0,20,0.2474,0.2502,30,0.2415,0.2567,0.0,0.0,0.0,0.0,215
2023-05-10 09:52:02,OP90002139,创业板ETF沽12月2400,0.0,0.0,0.0,0.0,20,0.2472,0.2502,30,0.2415,0.2567,0.0,0.0,0.0,0.0,215
2023-05-10 09:52:02,OP90002139,创业板ETF沽12月2400,0.0,0.0,0.0,0.0,20,0.2472,0.2502,30,0.2415,0.2567,0.0,0.0,0.0,0.0,215
2023-05-10 09:52:03,OP90002139,创业板ETF沽12月2400,0.0,0.0,0.0,0.0,20,0.2472,0.2497,20,0.2415,0.2567,0.0,0.0,0.0,0.0,215
2023-05-10 09:52:04,OP90002139,创业板ETF沽12月2400,0.0,0.0,0.0,0.0,41,0.2471,0.2497,40,0.2415,0.2567,0.0,0.0,0.0,0.0,215
