time,symbol_id,symbol_name,last,trade_volume,trade_amount,open_interest_change,bv1,bp1,ap1,av1,yesterday_close,today_open,today_high,today_low,volume,amount,open_interest
2023-05-10 08:30:02,OP90002126,创业板ETF购12月2200,0.0,0.0,0.0,-3.0,0,0.0,0.0,0,0.1483,0.1447,0.0,0.0,0.0,0.0,362
2023-05-10 09:25:00,OP90002126,创业板ETF购12月2200,0.0,0.0,0.0,0.0,1,0.1389,0.1519,1,0.1483,0.1447,0.0,0.0,0.0,0.0,362
2023-05-10 09:30:00,OP90002126,创业板ETF购12月2200,0.0,0.0,0.0,0.0,1,0.1389,0.1519,1,0.1483,0.1447,0.0,0.0,0.0,0.0,362
2023-05-10 09:30:00,OP90002126,创业板ETF购12月2200,0.0,0.0,0.0,0.0,1,0.1389,0.1485,20,0.1483,0.1447,0.0,0.0,0.0,0.0,362
2023-05-10 09:30:01,OP90002126,创业板ETF购12月2200,0.0,0.0,0.0,0.0,20,0.1381,0.1485,20,0.1483,0.1447,0.0,0.0,0.0,0.0,362
2023-05-10 09:30:02,OP90002126,创业板ETF购12月2200,0.0,0.0,0.0,0.0,20,0.1381,0.1485,20,0.1483,0.1447,0.0,0.0,0.0,0.0,362
2023-05-10 09:30:13,OP90002126,创业板ETF购12月2200,0.0,0.0,0.0,0.0,20,0.1382,0.1485,20,0.1483,0.1447,0.0,0.0,0.0,0.0,362
2023-05-10 09:30:17,OP90002126,创业板ETF购12月2200,0.0,0.0,0.0,0.0,20,0.1447,0.1485,20,0.1483,0.1447,0.0,0.0,0.0,0.0,362
2023-05-10 09:30:18,OP90002126,创业板ETF购12月2200,0.0,0.0,0.0,0.0,20,0.1447,0.1485,20,0.1483,0.1447,0.0,0.0,0.0,0.0,362
2023-05-10 09:30:18,OP90002126,创业板ETF购12月2200,0.0,0.0,0.0,0.0,20,0.1447,0.1485,20,0.1483,0.1447,0.0,0.0,0.0,0.0,362
2023-05-10 09:30:19,OP90002126,创业板ETF购12月2200,0.0,0.0,0.0,0.0,20,0.1447,0.1485,20,0.1483,0.1447,0.0,0.0,0.0,0.0,362
2023-05-10 09:30:20,OP90002126,创业板ETF购12月2200,0.0,0.0,0.0,0.0,20,0.1447,0.1485,20,0.1483,0.1447,0.0,0.0,0.0,0.0,362
2023-05-10 09:30:20,OP90002126,创业板ETF购12月2200,0.0,0.0,0.0,0.0,20,0.1447,0.1485,20,0.1483,0.1447,0.0,0.0,0.0,0.0,362
2023-05-10 09:30:21,OP90002126,创业板ETF购12月2200,0.0,0.0,0.0,0.0,20,0.1444,0.1485,20,0.1483,0.1447,0.0,0.0,0.0,0.0,362
2023-05-10 09:30:21,OP90002126,创业板ETF购12月2200,0.0,0.0,0.0,0.0,20,0.1442,0.1485,20,0.1483,0.1447,0.0,0.0,0.0,0.0,362
2023-05-10 09:30:22,OP90002126,创业板ETF购12月2200,0.0,0.0,0.0,0.0,20,0.1442,0.1485,20,0.1483,0.1447,0.0,0.0,0.0,0.0,362
2023-05-10 09:30:22,OP90002126,创业板ETF购12月2200,0.0,0.0,0.0,0.0,20,0.1442,0.1485,20,0.1483,0.1447,0.0,0.0,0.0,0.0,362
2023-05-10 09:30:23,OP90002126,创业板ETF购12月2200,0.0,0.0,0.0,0.0,20,0.1443,0.1492,20,0.1483,0.1447,0.0,0.0,0.0,0.0,362
2023-05-10 09:30:23,OP90002126,创业板ETF购12月2200,0.0,0.0,0.0,0.0,20,0.1443,0.1501,30,0.1483,0.1447,0.0,0.0,0.0,0.0,362
2023-05-10 09:30:24,OP90002126,创业板ETF购12月2200,0.0,0.0,0.0,0.0,20,0.1447,0.1501,30,0.1483,0.1447,0.0,0.0,0.0,0.0,362
2023-05-10 09:30:25,OP90002126,创业板ETF购12月2200,0.0,0.0,0.0,0.0,20,0.1447,0.1501,20,0.1483,0.1447,0.0,0.0,0.0,0.0,362
2023-05-10 09:30:25,OP90002126,创业板ETF购12月2200,0.0,0.0,0.0,0.0,20,0.1448,0.1505,20,0.1483,0.1447,0.0,0.0,0.0,0.0,362
2023-05-10 09:30:26,OP90002126,创业板ETF购12月2200,0.0,0.0,0.0,0.0,20,0.1448,0.1507,20,0.1483,0.1447,0.0,0.0,0.0,0.0,362
2023-05-10 09:30:26,OP90002126,创业板ETF购12月2200,0.0,0.0,0.0,0.0,20,0.1446,0.1506,20,0.1483,0.1447,0.0,0.0,0.0,0.0,362
2023-05-10 09:30:27,OP90002126,创业板ETF购12月2200,0.0,0.0,0.0,0.0,20,0.1446,0.1506,20,0.1483,0.1447,0.0,0.0,0.0,0.0,362
2023-05-10 09:30:27,OP90002126,创业板ETF购12月2200,0.0,0.0,0.0,0.0,20,0.1446,0.1505,20,0.1483,0.1447,0.0,0.0,0.0,0.0,362
2023-05-10 09:30:28,OP90002126,创业板ETF购12月2200,0.0,0.0,0.0,0.0,20,0.1442,0.1503,20,0.1483,0.1447,0.0,0.0,0.0,0.0,362
2023-05-10 09:30:29,OP90002126,创业板ETF购12月2200,0.0,0.0,0.0,0.0,20,0.1442,0.1503,40,0.1483,0.1447,0.0,0.0,0.0,0.0,362
2023-05-10 09:30:29,OP90002126,创业板ETF购12月2200,0.0,0.0,0.0,0.0,20,0.1442,0.1502,20,0.1483,0.1447,0.0,0.0,0.0,0.0,362
2023-05-10 09:30:30,OP90002126,创业板ETF购12月2200,0.0,0.0,0.0,0.0,20,0.1442,0.1502,20,0.1483,0.1447,0.0,0.0,0.0,0.0,362
2023-05-10 09:30:31,OP90002126,创业板ETF购12月2200,0.0,0.0,0.0,0.0,20,0.1442,0.1502,20,0.1483,0.1447,0.0,0.0,0.0,0.0,362
2023-05-10 09:30:31,OP90002126,创业板ETF购12月2200,0.0,0.0,0.0,0.0,20,0.1442,0.1502,20,0.1483,0.1447,0.0,0.0,0.0,0.0,362
2023-05-10 09:30:32,OP90002126,创业板ETF购12月2200,0.0,0.0,0.0,0.0,20,0.1442,0.1502,20,0.1483,0.1447,0.0,0.0,0.0,0.0,362
2023-05-10 09:30:32,OP90002126,创业板ETF购12月2200,0.0,0.0,0.0,0.0,20,0.1442,0.1502,20,0.1483,0.1447,0.0,0.0,0.0,0.0,362
2023-05-10 09:30:33,OP90002126,创业板ETF购12月2200,0.0,0.0,0.0,0.0,20,0.1442,0.1502,20,0.1483,0.1447,0.0,0.0,0.0,0.0,362
2023-05-10 09:30:39,OP90002126,创业板ETF购12月2200,0.0,0.0,0.0,0.0,20,0.1442,0.1503,70,0.1483,0.1447,0.0,0.0,0.0,0.0,362
2023-05-10 09:30:40,OP90002126,创业板ETF购12月2200,0.0,0.0,0.0,0.0,20,0.1442,0.1503,70,0.1483,0.1447,0.0,0.0,0.0,0.0,362
2023-05-10 09:30:40,OP90002126,创业板ETF购12月2200,0.0,0.0,0.0,0.0,20,0.1438,0.1499,20,0.1483,0.1447,0.0,0.0,0.0,0.0,362
2023-05-10 09:30:41,OP90002126,创业板ETF购12月2200,0.0,0.0,0.0,0.0,20,0.1438,0.1499,40,0.1483,0.1447,0.0,0.0,0.0,0.0,362
2023-05-10 09:30:42,OP90002126,创业板ETF购12月2200,0.0,0.0,0.0,0.0,20,0.1438,0.1498,20,0.1483,0.1447,0.0,0.0,0.0,0.0,362
2023-05-10 09:30:42,OP90002126,创业板ETF购12月2200,0.0,0.0,0.0,0.0,20,0.1441,0.1498,20,0.1483,0.1447,0.0,0.0,0.0,0.0,362
2023-05-10 09:30:43,OP90002126,创业板ETF购12月2200,0.0,0.0,0.0,0.0,20,0.1441,0.1498,20,0.1483,0.1447,0.0,0.0,0.0,0.0,362
2023-05-10 09:30:43,OP90002126,创业板ETF购12月2200,0.0,0.0,0.0,0.0,20,0.1441,0.1498,20,0.1483,0.1447,0.0,0.0,0.0,0.0,362
2023-05-10 09:30:45,OP90002126,创业板ETF购12月2200,0.0,0.0,0.0,0.0,20,0.1438,0.1498,20,0.1483,0.1447,0.0,0.0,0.0,0.0,362
2023-05-10 09:30:45,OP90002126,创业板ETF购12月2200,0.0,0.0,0.0,0.0,20,0.1438,0.1497,20,0.1483,0.1447,0.0,0.0,0.0,0.0,362
2023-05-10 09:30:50,OP90002126,创业板ETF购12月2200,0.0,0.0,0.0,0.0,20,0.1441,0.1497,40,0.1483,0.1447,0.0,0.0,0.0,0.0,362
2023-05-10 09:30:50,OP90002126,创业板ETF购12月2200,0.0,0.0,0.0,0.0,20,0.1438,0.1496,20,0.1483,0.1447,0.0,0.0,0.0,0.0,362
2023-05-10 09:30:51,OP90002126,创业板ETF购12月2200,0.0,0.0,0.0,0.0,20,0.1435,0.1495,20,0.1483,0.1447,0.0,0.0,0.0,0.0,362
2023-05-10 09:30:54,OP90002126,创业板ETF购12月2200,0.0,0.0,0.0,0.0,20,0.1438,0.1498,20,0.1483,0.1447,0.0,0.0,0.0,0.0,362
2023-05-10 09:30:54,OP90002126,创业板ETF购12月2200,0.0,0.0,0.0,0.0,20,0.1438,0.1498,20,0.1483,0.1447,0.0,0.0,0.0,0.0,362
2023-05-10 09:30:55,OP90002126,创业板ETF购12月2200,0.0,0.0,0.0,0.0,20,0.1438,0.1498,20,0.1483,0.1447,0.0,0.0,0.0,0.0,362
2023-05-10 09:30:55,OP90002126,创业板ETF购12月2200,0.0,0.0,0.0,0.0,20,0.1438,0.1498,20,0.1483,0.1447,0.0,0.0,0.0,0.0,362
2023-05-10 09:30:56,OP90002126,创业板ETF购12月2200,0.0,0.0,0.0,0.0,20,0.1434,0.1494,20,0.1483,0.1447,0.0,0.0,0.0,0.0,362
2023-05-10 09:30:56,OP90002126,创业板ETF购12月2200,0.0,0.0,0.0,0.0,20,0.1438,0.1499,20,0.1483,0.1447,0.0,0.0,0.0,0.0,362
2023-05-10 09:30:57,OP90002126,创业板ETF购12月2200,0.0,0.0,0.0,0.0,20,0.1438,0.1499,20,0.1483,0.1447,0.0,0.0,0.0,0.0,362
2023-05-10 09:30:58,OP90002126,创业板ETF购12月2200,0.0,0.0,0.0,0.0,20,0.1438,0.1499,20,0.1483,0.1447,0.0,0.0,0.0,0.0,362
2023-05-10 09:30:59,OP90002126,创业板ETF购12月2200,0.0,0.0,0.0,0.0,20,0.1438,0.1499,20,0.1483,0.1447,0.0,0.0,0.0,0.0,362
2023-05-10 09:30:59,OP90002126,创业板ETF购12月2200,0.0,0.0,0.0,0.0,20,0.1437,0.1495,20,0.1483,0.1447,0.0,0.0,0.0,0.0,362
2023-05-10 09:31:00,OP90002126,创业板ETF购12月2200,0.0,0.0,0.0,0.0,20,0.1437,0.1495,20,0.1483,0.1447,0.0,0.0,0.0,0.0,362
2023-05-10 09:31:00,OP90002126,创业板ETF购12月2200,0.0,0.0,0.0,0.0,20,0.1434,0.1492,20,0.1483,0.1447,0.0,0.0,0.0,0.0,362
2023-05-10 09:31:01,OP90002126,创业板ETF购12月2200,0.0,0.0,0.0,0.0,50,0.1432,0.1489,20,0.1483,0.1447,0.0,0.0,0.0,0.0,362
2023-05-10 09:31:02,OP90002126,创业板ETF购12月2200,0.0,0.0,0.0,0.0,50,0.1432,0.1489,20,0.1483,0.1447,0.0,0.0,0.0,0.0,362
2023-05-10 09:31:02,OP90002126,创业板ETF购12月2200,0.0,0.0,0.0,0.0,20,0.1435,0.1493,20,0.1483,0.1447,0.0,0.0,0.0,0.0,362
2023-05-10 09:31:04,OP90002126,创业板ETF购12月2200,0.0,0.0,0.0,0.0,20,0.1435,0.1493,20,0.1483,0.1447,0.0,0.0,0.0,0.0,362
2023-05-10 09:31:05,OP90002126,创业板ETF购12月2200,0.0,0.0,0.0,0.0,20,0.1435,0.1493,20,0.1483,0.1447,0.0,0.0,0.0,0.0,362
2023-05-10 09:31:05,OP90002126,创业板ETF购12月2200,0.0,0.0,0.0,0.0,50,0.1432,0.149,20,0.1483,0.1447,0.0,0.0,0.0,0.0,362
2023-05-10 09:31:06,OP90002126,创业板ETF购12月2200,0.0,0.0,0.0,0.0,50,0.1432,0.149,20,0.1483,0.1447,0.0,0.0,0.0,0.0,362
2023-05-10 09:31:06,OP90002126,创业板ETF购12月2200,0.0,0.0,0.0,0.0,50,0.1432,0.149,20,0.1483,0.1447,0.0,0.0,0.0,0.0,362
2023-05-10 09:31:07,OP90002126,创业板ETF购12月2200,0.0,0.0,0.0,0.0,40,0.1432,0.149,20,0.1483,0.1447,0.0,0.0,0.0,0.0,362
2023-05-10 09:31:08,OP90002126,创业板ETF购12月2200,0.0,0.0,0.0,0.0,20,0.1432,0.149,20,0.1483,0.1447,0.0,0.0,0.0,0.0,362
2023-05-10 09:31:08,OP90002126,创业板ETF购12月2200,0.0,0.0,0.0,0.0,20,0.1432,0.149,20,0.1483,0.1447,0.0,0.0,0.0,0.0,362
2023-05-10 09:31:09,OP90002126,创业板ETF购12月2200,0.0,0.0,0.0,0.0,20,0.1432,0.149,20,0.1483,0.1447,0.0,0.0,0.0,0.0,362
2023-05-10 09:31:09,OP90002126,创业板ETF购12月2200,0.0,0.0,0.0,0.0,20,0.1432,0.149,20,0.1483,0.1447,0.0,0.0,0.0,0.0,362
2023-05-10 09:31:10,OP90002126,创业板ETF购12月2200,0.0,0.0,0.0,0.0,30,0.1431,0.1487,20,0.1483,0.1447,0.0,0.0,0.0,0.0,362
2023-05-10 09:31:10,OP90002126,创业板ETF购12月2200,0.0,0.0,0.0,0.0,30,0.1431,0.1487,20,0.1483,0.1447,0.0,0.0,0.0,0.0,362
2023-05-10 09:31:11,OP90002126,创业板ETF购12月2200,0.0,0.0,0.0,0.0,30,0.1431,0.1487,20,0.1483,0.1447,0.0,0.0,0.0,0.0,362
2023-05-10 09:31:12,OP90002126,创业板ETF购12月2200,0.0,0.0,0.0,0.0,20,0.1431,0.1487,20,0.1483,0.1447,0.0,0.0,0.0,0.0,362
2023-05-10 09:31:12,OP90002126,创业板ETF购12月2200,0.0,0.0,0.0,0.0,20,0.1431,0.1487,20,0.1483,0.1447,0.0,0.0,0.0,0.0,362
2023-05-10 09:31:13,OP90002126,创业板ETF购12月2200,0.0,0.0,0.0,0.0,20,0.1428,0.1485,20,0.1483,0.1447,0.0,0.0,0.0,0.0,362
2023-05-10 09:31:13,OP90002126,创业板ETF购12月2200,0.0,0.0,0.0,0.0,20,0.1428,0.1485,20,0.1483,0.1447,0.0,0.0,0.0,0.0,362
2023-05-10 09:31:14,OP90002126,创业板ETF购12月2200,0.0,0.0,0.0,0.0,20,0.1428,0.1485,20,0.1483,0.1447,0.0,0.0,0.0,0.0,362
2023-05-10 09:31:14,OP90002126,创业板ETF购12月2200,0.0,0.0,0.0,0.0,20,0.1428,0.1485,20,0.1483,0.1447,0.0,0.0,0.0,0.0,362
2023-05-10 09:31:15,OP90002126,创业板ETF购12月2200,0.0,0.0,0.0,0.0,20,0.1428,0.1485,20,0.1483,0.1447,0.0,0.0,0.0,0.0,362
2023-05-10 09:31:16,OP90002126,创业板ETF购12月2200,0.0,0.0,0.0,0.0,20,0.1428,0.1485,20,0.1483,0.1447,0.0,0.0,0.0,0.0,362
2023-05-10 09:31:16,OP90002126,创业板ETF购12月2200,0.0,0.0,0.0,0.0,20,0.1428,0.1485,20,0.1483,0.1447,0.0,0.0,0.0,0.0,362
2023-05-10 09:31:17,OP90002126,创业板ETF购12月2200,0.0,0.0,0.0,0.0,20,0.1428,0.1485,20,0.1483,0.1447,0.0,0.0,0.0,0.0,362
2023-05-10 09:31:19,OP90002126,创业板ETF购12月2200,0.0,0.0,0.0,0.0,20,0.1428,0.1485,20,0.1483,0.1447,0.0,0.0,0.0,0.0,362
2023-05-10 09:31:19,OP90002126,创业板ETF购12月2200,0.0,0.0,0.0,0.0,30,0.1428,0.1485,20,0.1483,0.1447,0.0,0.0,0.0,0.0,362
2023-05-10 09:31:20,OP90002126,创业板ETF购12月2200,0.0,0.0,0.0,0.0,30,0.1428,0.1485,20,0.1483,0.1447,0.0,0.0,0.0,0.0,362
2023-05-10 09:31:21,OP90002126,创业板ETF购12月2200,0.0,0.0,0.0,0.0,30,0.1428,0.1485,20,0.1483,0.1447,0.0,0.0,0.0,0.0,362
2023-05-10 09:31:22,OP90002126,创业板ETF购12月2200,0.0,0.0,0.0,0.0,20,0.1428,0.1485,20,0.1483,0.1447,0.0,0.0,0.0,0.0,362
2023-05-10 09:31:22,OP90002126,创业板ETF购12月2200,0.0,0.0,0.0,0.0,20,0.1428,0.1485,20,0.1483,0.1447,0.0,0.0,0.0,0.0,362
2023-05-10 09:31:23,OP90002126,创业板ETF购12月2200,0.0,0.0,0.0,0.0,20,0.1428,0.1485,20,0.1483,0.1447,0.0,0.0,0.0,0.0,362
2023-05-10 09:31:24,OP90002126,创业板ETF购12月2200,0.0,0.0,0.0,0.0,20,0.1428,0.1485,20,0.1483,0.1447,0.0,0.0,0.0,0.0,362
2023-05-10 09:31:25,OP90002126,创业板ETF购12月2200,0.0,0.0,0.0,0.0,20,0.1428,0.1485,20,0.1483,0.1447,0.0,0.0,0.0,0.0,362
2023-05-10 09:31:25,OP90002126,创业板ETF购12月2200,0.0,0.0,0.0,0.0,20,0.1428,0.1485,20,0.1483,0.1447,0.0,0.0,0.0,0.0,362
2023-05-10 09:31:26,OP90002126,创业板ETF购12月2200,0.0,0.0,0.0,0.0,20,0.1428,0.1485,20,0.1483,0.1447,0.0,0.0,0.0,0.0,362
2023-05-10 09:31:26,OP90002126,创业板ETF购12月2200,0.0,0.0,0.0,0.0,20,0.143,0.1488,20,0.1483,0.1447,0.0,0.0,0.0,0.0,362
2023-05-10 09:31:27,OP90002126,创业板ETF购12月2200,0.0,0.0,0.0,0.0,20,0.143,0.1488,20,0.1483,0.1447,0.0,0.0,0.0,0.0,362
2023-05-10 09:31:29,OP90002126,创业板ETF购12月2200,0.0,0.0,0.0,0.0,30,0.1428,0.1485,20,0.1483,0.1447,0.0,0.0,0.0,0.0,362
2023-05-10 09:31:30,OP90002126,创业板ETF购12月2200,0.0,0.0,0.0,0.0,30,0.1428,0.1485,20,0.1483,0.1447,0.0,0.0,0.0,0.0,362
2023-05-10 09:31:31,OP90002126,创业板ETF购12月2200,0.0,0.0,0.0,0.0,20,0.143,0.1488,20,0.1483,0.1447,0.0,0.0,0.0,0.0,362
2023-05-10 09:31:31,OP90002126,创业板ETF购12月2200,0.0,0.0,0.0,0.0,20,0.143,0.1488,20,0.1483,0.1447,0.0,0.0,0.0,0.0,362
2023-05-10 09:31:32,OP90002126,创业板ETF购12月2200,0.0,0.0,0.0,0.0,30,0.1428,0.1485,20,0.1483,0.1447,0.0,0.0,0.0,0.0,362
2023-05-10 09:31:33,OP90002126,创业板ETF购12月2200,0.0,0.0,0.0,0.0,30,0.1428,0.1485,20,0.1483,0.1447,0.0,0.0,0.0,0.0,362
2023-05-10 09:31:33,OP90002126,创业板ETF购12月2200,0.0,0.0,0.0,0.0,30,0.1428,0.1482,20,0.1483,0.1447,0.0,0.0,0.0,0.0,362
2023-05-10 09:31:34,OP90002126,创业板ETF购12月2200,0.0,0.0,0.0,0.0,20,0.1428,0.1482,20,0.1483,0.1447,0.0,0.0,0.0,0.0,362
2023-05-10 09:31:34,OP90002126,创业板ETF购12月2200,0.0,0.0,0.0,0.0,20,0.1425,0.1482,20,0.1483,0.1447,0.0,0.0,0.0,0.0,362
2023-05-10 09:31:35,OP90002126,创业板ETF购12月2200,0.0,0.0,0.0,0.0,20,0.1425,0.1482,20,0.1483,0.1447,0.0,0.0,0.0,0.0,362
2023-05-10 09:31:35,OP90002126,创业板ETF购12月2200,0.0,0.0,0.0,0.0,20,0.1429,0.1487,20,0.1483,0.1447,0.0,0.0,0.0,0.0,362
2023-05-10 09:31:36,OP90002126,创业板ETF购12月2200,0.0,0.0,0.0,0.0,20,0.1429,0.1487,20,0.1483,0.1447,0.0,0.0,0.0,0.0,362
2023-05-10 09:31:36,OP90002126,创业板ETF购12月2200,0.0,0.0,0.0,0.0,20,0.1432,0.1489,50,0.1483,0.1447,0.0,0.0,0.0,0.0,362
2023-05-10 09:31:37,OP90002126,创业板ETF购12月2200,0.0,0.0,0.0,0.0,20,0.1432,0.1488,20,0.1483,0.1447,0.0,0.0,0.0,0.0,362
2023-05-10 09:31:37,OP90002126,创业板ETF购12月2200,0.0,0.0,0.0,0.0,20,0.1432,0.1488,20,0.1483,0.1447,0.0,0.0,0.0,0.0,362
2023-05-10 09:31:38,OP90002126,创业板ETF购12月2200,0.0,0.0,0.0,0.0,20,0.1432,0.1488,20,0.1483,0.1447,0.0,0.0,0.0,0.0,362
2023-05-10 09:31:38,OP90002126,创业板ETF购12月2200,0.0,0.0,0.0,0.0,50,0.1428,0.1485,20,0.1483,0.1447,0.0,0.0,0.0,0.0,362
2023-05-10 09:31:39,OP90002126,创业板ETF购12月2200,0.0,0.0,0.0,0.0,20,0.1429,0.1485,20,0.1483,0.1447,0.0,0.0,0.0,0.0,362
2023-05-10 09:31:39,OP90002126,创业板ETF购12月2200,0.0,0.0,0.0,0.0,20,0.1429,0.1485,20,0.1483,0.1447,0.0,0.0,0.0,0.0,362
2023-05-10 09:31:40,OP90002126,创业板ETF购12月2200,0.0,0.0,0.0,0.0,20,0.1429,0.1485,20,0.1483,0.1447,0.0,0.0,0.0,0.0,362
2023-05-10 09:31:40,OP90002126,创业板ETF购12月2200,0.0,0.0,0.0,0.0,20,0.1429,0.1485,20,0.1483,0.1447,0.0,0.0,0.0,0.0,362
2023-05-10 09:31:41,OP90002126,创业板ETF购12月2200,0.0,0.0,0.0,0.0,20,0.1429,0.1485,20,0.1483,0.1447,0.0,0.0,0.0,0.0,362
2023-05-10 09:31:41,OP90002126,创业板ETF购12月2200,0.0,0.0,0.0,0.0,20,0.1431,0.1488,20,0.1483,0.1447,0.0,0.0,0.0,0.0,362
2023-05-10 09:31:42,OP90002126,创业板ETF购12月2200,0.0,0.0,0.0,0.0,20,0.1432,0.1488,20,0.1483,0.1447,0.0,0.0,0.0,0.0,362
2023-05-10 09:31:42,OP90002126,创业板ETF购12月2200,0.0,0.0,0.0,0.0,20,0.1432,0.1488,20,0.1483,0.1447,0.0,0.0,0.0,0.0,362
2023-05-10 09:31:43,OP90002126,创业板ETF购12月2200,0.0,0.0,0.0,0.0,20,0.1432,0.1488,20,0.1483,0.1447,0.0,0.0,0.0,0.0,362
2023-05-10 09:31:43,OP90002126,创业板ETF购12月2200,0.0,0.0,0.0,0.0,20,0.1434,0.149,40,0.1483,0.1447,0.0,0.0,0.0,0.0,362
2023-05-10 09:31:44,OP90002126,创业板ETF购12月2200,0.0,0.0,0.0,0.0,20,0.1435,0.149,20,0.1483,0.1447,0.0,0.0,0.0,0.0,362
2023-05-10 09:31:44,OP90002126,创业板ETF购12月2200,0.0,0.0,0.0,0.0,20,0.1435,0.149,20,0.1483,0.1447,0.0,0.0,0.0,0.0,362
2023-05-10 09:31:45,OP90002126,创业板ETF购12月2200,0.0,0.0,0.0,0.0,20,0.1435,0.149,20,0.1483,0.1447,0.0,0.0,0.0,0.0,362
2023-05-10 09:31:45,OP90002126,创业板ETF购12月2200,0.0,0.0,0.0,0.0,40,0.1435,0.1487,20,0.1483,0.1447,0.0,0.0,0.0,0.0,362
2023-05-10 09:31:46,OP90002126,创业板ETF购12月2200,0.0,0.0,0.0,0.0,20,0.1436,0.1487,20,0.1483,0.1447,0.0,0.0,0.0,0.0,362
2023-05-10 09:31:46,OP90002126,创业板ETF购12月2200,0.0,0.0,0.0,0.0,20,0.1436,0.1487,20,0.1483,0.1447,0.0,0.0,0.0,0.0,362
2023-05-10 09:31:47,OP90002126,创业板ETF购12月2200,0.0,0.0,0.0,0.0,20,0.1436,0.1487,20,0.1483,0.1447,0.0,0.0,0.0,0.0,362
2023-05-10 09:31:47,OP90002126,创业板ETF购12月2200,0.0,0.0,0.0,0.0,40,0.1436,0.1491,50,0.1483,0.1447,0.0,0.0,0.0,0.0,362
2023-05-10 09:31:48,OP90002126,创业板ETF购12月2200,0.0,0.0,0.0,0.0,20,0.1437,0.1491,40,0.1483,0.1447,0.0,0.0,0.0,0.0,362
2023-05-10 09:31:48,OP90002126,创业板ETF购12月2200,0.0,0.0,0.0,0.0,20,0.1437,0.1491,20,0.1483,0.1447,0.0,0.0,0.0,0.0,362
2023-05-10 09:31:49,OP90002126,创业板ETF购12月2200,0.0,0.0,0.0,0.0,20,0.1437,0.1491,20,0.1483,0.1447,0.0,0.0,0.0,0.0,362
2023-05-10 09:31:49,OP90002126,创业板ETF购12月2200,0.0,0.0,0.0,0.0,40,0.1437,0.1494,40,0.1483,0.1447,0.0,0.0,0.0,0.0,362
2023-05-10 09:31:50,OP90002126,创业板ETF购12月2200,0.0,0.0,0.0,0.0,20,0.1438,0.1494,20,0.1483,0.1447,0.0,0.0,0.0,0.0,362
2023-05-10 09:31:50,OP90002126,创业板ETF购12月2200,0.0,0.0,0.0,0.0,40,0.1438,0.1491,20,0.1483,0.1447,0.0,0.0,0.0,0.0,362
2023-05-10 09:31:51,OP90002126,创业板ETF购12月2200,0.0,0.0,0.0,0.0,20,0.1439,0.1491,20,0.1483,0.1447,0.0,0.0,0.0,0.0,362
2023-05-10 09:31:51,OP90002126,创业板ETF购12月2200,0.0,0.0,0.0,0.0,20,0.1439,0.1491,20,0.1483,0.1447,0.0,0.0,0.0,0.0,362
2023-05-10 09:31:52,OP90002126,创业板ETF购12月2200,0.0,0.0,0.0,0.0,20,0.1439,0.1491,20,0.1483,0.1447,0.0,0.0,0.0,0.0,362
2023-05-10 09:31:52,OP90002126,创业板ETF购12月2200,0.0,0.0,0.0,0.0,20,0.1439,0.1491,20,0.1483,0.1447,0.0,0.0,0.0,0.0,362
2023-05-10 09:31:53,OP90002126,创业板ETF购12月2200,0.0,0.0,0.0,0.0,20,0.1439,0.1491,20,0.1483,0.1447,0.0,0.0,0.0,0.0,362
2023-05-10 09:31:53,OP90002126,创业板ETF购12月2200,0.0,0.0,0.0,0.0,20,0.1438,0.149,20,0.1483,0.1447,0.0,0.0,0.0,0.0,362
2023-05-10 09:31:54,OP90002126,创业板ETF购12月2200,0.0,0.0,0.0,0.0,20,0.1438,0.149,20,0.1483,0.1447,0.0,0.0,0.0,0.0,362
2023-05-10 09:31:54,OP90002126,创业板ETF购12月2200,0.0,0.0,0.0,0.0,20,0.1434,0.149,40,0.1483,0.1447,0.0,0.0,0.0,0.0,362
2023-05-10 09:31:55,OP90002126,创业板ETF购12月2200,0.0,0.0,0.0,0.0,20,0.1434,0.1489,20,0.1483,0.1447,0.0,0.0,0.0,0.0,362
2023-05-10 09:31:55,OP90002126,创业板ETF购12月2200,0.0,0.0,0.0,0.0,20,0.1434,0.1489,20,0.1483,0.1447,0.0,0.0,0.0,0.0,362
2023-05-10 09:31:56,OP90002126,创业板ETF购12月2200,0.0,0.0,0.0,0.0,20,0.1434,0.1489,20,0.1483,0.1447,0.0,0.0,0.0,0.0,362
2023-05-10 09:31:56,OP90002126,创业板ETF购12月2200,0.0,0.0,0.0,0.0,20,0.1434,0.1489,20,0.1483,0.1447,0.0,0.0,0.0,0.0,362
2023-05-10 09:31:57,OP90002126,创业板ETF购12月2200,0.0,0.0,0.0,0.0,40,0.1434,0.1489,20,0.1483,0.1447,0.0,0.0,0.0,0.0,362
2023-05-10 09:31:58,OP90002126,创业板ETF购12月2200,0.0,0.0,0.0,0.0,20,0.1437,0.1489,40,0.1483,0.1447,0.0,0.0,0.0,0.0,362
2023-05-10 09:31:59,OP90002126,创业板ETF购12月2200,0.0,0.0,0.0,0.0,40,0.1437,0.1488,20,0.1483,0.1447,0.0,0.0,0.0,0.0,362
2023-05-10 09:31:59,OP90002126,创业板ETF购12月2200,0.0,0.0,0.0,0.0,20,0.1438,0.1487,20,0.1483,0.1447,0.0,0.0,0.0,0.0,362
2023-05-10 09:32:00,OP90002126,创业板ETF购12月2200,0.0,0.0,0.0,0.0,20,0.1437,0.1488,20,0.1483,0.1447,0.0,0.0,0.0,0.0,362
2023-05-10 09:32:00,OP90002126,创业板ETF购12月2200,0.0,0.0,0.0,0.0,20,0.1437,0.1489,20,0.1483,0.1447,0.0,0.0,0.0,0.0,362
2023-05-10 09:32:01,OP90002126,创业板ETF购12月2200,0.0,0.0,0.0,0.0,20,0.1437,0.1488,20,0.1483,0.1447,0.0,0.0,0.0,0.0,362
2023-05-10 09:32:01,OP90002126,创业板ETF购12月2200,0.0,0.0,0.0,0.0,20,0.1437,0.1488,20,0.1483,0.1447,0.0,0.0,0.0,0.0,362
2023-05-10 09:32:02,OP90002126,创业板ETF购12月2200,0.0,0.0,0.0,0.0,20,0.1438,0.1487,20,0.1483,0.1447,0.0,0.0,0.0,0.0,362
2023-05-10 09:32:02,OP90002126,创业板ETF购12月2200,0.0,0.0,0.0,0.0,20,0.1438,0.1487,20,0.1483,0.1447,0.0,0.0,0.0,0.0,362
2023-05-10 09:32:03,OP90002126,创业板ETF购12月2200,0.0,0.0,0.0,0.0,20,0.1439,0.149,40,0.1483,0.1447,0.0,0.0,0.0,0.0,362
2023-05-10 09:32:03,OP90002126,创业板ETF购12月2200,0.0,0.0,0.0,0.0,20,0.1439,0.149,20,0.1483,0.1447,0.0,0.0,0.0,0.0,362
2023-05-10 09:32:04,OP90002126,创业板ETF购12月2200,0.0,0.0,0.0,0.0,20,0.144,0.149,20,0.1483,0.1447,0.0,0.0,0.0,0.0,362
2023-05-10 09:32:04,OP90002126,创业板ETF购12月2200,0.0,0.0,0.0,0.0,20,0.144,0.1489,20,0.1483,0.1447,0.0,0.0,0.0,0.0,362
2023-05-10 09:32:05,OP90002126,创业板ETF购12月2200,0.0,0.0,0.0,0.0,20,0.144,0.1489,20,0.1483,0.1447,0.0,0.0,0.0,0.0,362
2023-05-10 09:32:05,OP90002126,创业板ETF购12月2200,0.0,0.0,0.0,0.0,20,0.144,0.1489,20,0.1483,0.1447,0.0,0.0,0.0,0.0,362
2023-05-10 09:32:06,OP90002126,创业板ETF购12月2200,0.0,0.0,0.0,0.0,20,0.1436,0.1489,40,0.1483,0.1447,0.0,0.0,0.0,0.0,362
2023-05-10 09:32:06,OP90002126,创业板ETF购12月2200,0.0,0.0,0.0,0.0,20,0.1436,0.1488,20,0.1483,0.1447,0.0,0.0,0.0,0.0,362
2023-05-10 09:32:07,OP90002126,创业板ETF购12月2200,0.0,0.0,0.0,0.0,20,0.1436,0.1488,20,0.1483,0.1447,0.0,0.0,0.0,0.0,362
2023-05-10 09:32:07,OP90002126,创业板ETF购12月2200,0.0,0.0,0.0,0.0,40,0.1434,0.1485,20,0.1483,0.1447,0.0,0.0,0.0,0.0,362
2023-05-10 09:32:08,OP90002126,创业板ETF购12月2200,0.0,0.0,0.0,0.0,20,0.1434,0.1484,20,0.1483,0.1447,0.0,0.0,0.0,0.0,362
2023-05-10 09:32:08,OP90002126,创业板ETF购12月2200,0.0,0.0,0.0,0.0,50,0.1432,0.1484,20,0.1483,0.1447,0.0,0.0,0.0,0.0,362
2023-05-10 09:32:09,OP90002126,创业板ETF购12月2200,0.0,0.0,0.0,0.0,40,0.1432,0.1483,20,0.1483,0.1447,0.0,0.0,0.0,0.0,362
2023-05-10 09:32:09,OP90002126,创业板ETF购12月2200,0.0,0.0,0.0,0.0,20,0.1432,0.1483,20,0.1483,0.1447,0.0,0.0,0.0,0.0,362
2023-05-10 09:32:10,OP90002126,创业板ETF购12月2200,0.0,0.0,0.0,0.0,20,0.1431,0.1482,20,0.1483,0.1447,0.0,0.0,0.0,0.0,362
2023-05-10 09:32:10,OP90002126,创业板ETF购12月2200,0.0,0.0,0.0,0.0,20,0.1433,0.1482,20,0.1483,0.1447,0.0,0.0,0.0,0.0,362
2023-05-10 09:32:11,OP90002126,创业板ETF购12月2200,0.0,0.0,0.0,0.0,20,0.1434,0.1481,20,0.1483,0.1447,0.0,0.0,0.0,0.0,362
2023-05-10 09:32:11,OP90002126,创业板ETF购12月2200,0.0,0.0,0.0,0.0,40,0.1429,0.1481,20,0.1483,0.1447,0.0,0.0,0.0,0.0,362
2023-05-10 09:32:12,OP90002126,创业板ETF购12月2200,0.0,0.0,0.0,0.0,20,0.1429,0.148,20,0.1483,0.1447,0.0,0.0,0.0,0.0,362
2023-05-10 09:32:12,OP90002126,创业板ETF购12月2200,0.0,0.0,0.0,0.0,60,0.1423,0.148,40,0.1483,0.1447,0.0,0.0,0.0,0.0,362
2023-05-10 09:32:13,OP90002126,创业板ETF购12月2200,0.0,0.0,0.0,0.0,50,0.1423,0.1479,20,0.1483,0.1447,0.0,0.0,0.0,0.0,362
2023-05-10 09:32:13,OP90002126,创业板ETF购12月2200,0.0,0.0,0.0,0.0,20,0.1424,0.1479,20,0.1483,0.1447,0.0,0.0,0.0,0.0,362
2023-05-10 09:32:14,OP90002126,创业板ETF购12月2200,0.0,0.0,0.0,0.0,20,0.1424,0.148,20,0.1483,0.1447,0.0,0.0,0.0,0.0,362
2023-05-10 09:32:15,OP90002126,创业板ETF购12月2200,0.0,0.0,0.0,0.0,20,0.1424,0.148,20,0.1483,0.1447,0.0,0.0,0.0,0.0,362
2023-05-10 09:32:16,OP90002126,创业板ETF购12月2200,0.0,0.0,0.0,0.0,20,0.1424,0.148,20,0.1483,0.1447,0.0,0.0,0.0,0.0,362
2023-05-10 09:32:17,OP90002126,创业板ETF购12月2200,0.0,0.0,0.0,0.0,20,0.1424,0.148,20,0.1483,0.1447,0.0,0.0,0.0,0.0,362
2023-05-10 09:32:19,OP90002126,创业板ETF购12月2200,0.0,0.0,0.0,0.0,20,0.1424,0.148,20,0.1483,0.1447,0.0,0.0,0.0,0.0,362
2023-05-10 09:32:19,OP90002126,创业板ETF购12月2200,0.0,0.0,0.0,0.0,20,0.1424,0.148,20,0.1483,0.1447,0.0,0.0,0.0,0.0,362
2023-05-10 09:32:22,OP90002126,创业板ETF购12月2200,0.0,0.0,0.0,0.0,20,0.1424,0.148,20,0.1483,0.1447,0.0,0.0,0.0,0.0,362
2023-05-10 09:32:23,OP90002126,创业板ETF购12月2200,0.0,0.0,0.0,0.0,20,0.1424,0.148,20,0.1483,0.1447,0.0,0.0,0.0,0.0,362
2023-05-10 09:32:23,OP90002126,创业板ETF购12月2200,0.0,0.0,0.0,0.0,20,0.1425,0.148,20,0.1483,0.1447,0.0,0.0,0.0,0.0,362
2023-05-10 09:32:24,OP90002126,创业板ETF购12月2200,0.0,0.0,0.0,0.0,20,0.1431,0.1482,20,0.1483,0.1447,0.0,0.0,0.0,0.0,362
2023-05-10 09:32:24,OP90002126,创业板ETF购12月2200,0.0,0.0,0.0,0.0,20,0.1432,0.1482,20,0.1483,0.1447,0.0,0.0,0.0,0.0,362
2023-05-10 09:32:25,OP90002126,创业板ETF购12月2200,0.0,0.0,0.0,0.0,20,0.1432,0.1482,20,0.1483,0.1447,0.0,0.0,0.0,0.0,362
2023-05-10 09:32:25,OP90002126,创业板ETF购12月2200,0.0,0.0,0.0,0.0,40,0.1432,0.1486,40,0.1483,0.1447,0.0,0.0,0.0,0.0,362
2023-05-10 09:32:26,OP90002126,创业板ETF购12月2200,0.0,0.0,0.0,0.0,20,0.1433,0.1486,20,0.1483,0.1447,0.0,0.0,0.0,0.0,362
2023-05-10 09:32:26,OP90002126,创业板ETF购12月2200,0.0,0.0,0.0,0.0,20,0.1433,0.1486,20,0.1483,0.1447,0.0,0.0,0.0,0.0,362
2023-05-10 09:32:27,OP90002126,创业板ETF购12月2200,0.0,0.0,0.0,0.0,20,0.1433,0.1486,20,0.1483,0.1447,0.0,0.0,0.0,0.0,362
2023-05-10 09:32:27,OP90002126,创业板ETF购12月2200,0.0,0.0,0.0,0.0,20,0.1433,0.1486,20,0.1483,0.1447,0.0,0.0,0.0,0.0,362
2023-05-10 09:32:28,OP90002126,创业板ETF购12月2200,0.0,0.0,0.0,0.0,20,0.1433,0.1486,20,0.1483,0.1447,0.0,0.0,0.0,0.0,362
2023-05-10 09:32:28,OP90002126,创业板ETF购12月2200,0.0,0.0,0.0,0.0,20,0.1433,0.1486,20,0.1483,0.1447,0.0,0.0,0.0,0.0,362
2023-05-10 09:32:29,OP90002126,创业板ETF购12月2200,0.0,0.0,0.0,0.0,20,0.1433,0.1486,20,0.1483,0.1447,0.0,0.0,0.0,0.0,362
2023-05-10 09:32:30,OP90002126,创业板ETF购12月2200,0.0,0.0,0.0,0.0,40,0.1433,0.1489,20,0.1483,0.1447,0.0,0.0,0.0,0.0,362
2023-05-10 09:32:31,OP90002126,创业板ETF购12月2200,0.0,0.0,0.0,0.0,20,0.1434,0.1489,20,0.1483,0.1447,0.0,0.0,0.0,0.0,362
2023-05-10 09:32:31,OP90002126,创业板ETF购12月2200,0.0,0.0,0.0,0.0,20,0.1434,0.1489,20,0.1483,0.1447,0.0,0.0,0.0,0.0,362
2023-05-10 09:32:32,OP90002126,创业板ETF购12月2200,0.0,0.0,0.0,0.0,20,0.1434,0.1489,20,0.1483,0.1447,0.0,0.0,0.0,0.0,362
2023-05-10 09:32:32,OP90002126,创业板ETF购12月2200,0.0,0.0,0.0,0.0,20,0.1434,0.1489,20,0.1483,0.1447,0.0,0.0,0.0,0.0,362
2023-05-10 09:32:33,OP90002126,创业板ETF购12月2200,0.0,0.0,0.0,0.0,20,0.1434,0.1484,20,0.1483,0.1447,0.0,0.0,0.0,0.0,362
2023-05-10 09:32:33,OP90002126,创业板ETF购12月2200,0.0,0.0,0.0,0.0,20,0.1435,0.1484,20,0.1483,0.1447,0.0,0.0,0.0,0.0,362
2023-05-10 09:32:34,OP90002126,创业板ETF购12月2200,0.0,0.0,0.0,0.0,40,0.1435,0.1487,40,0.1483,0.1447,0.0,0.0,0.0,0.0,362
2023-05-10 09:32:34,OP90002126,创业板ETF购12月2200,0.0,0.0,0.0,0.0,20,0.1436,0.1487,40,0.1483,0.1447,0.0,0.0,0.0,0.0,362
2023-05-10 09:32:35,OP90002126,创业板ETF购12月2200,0.0,0.0,0.0,0.0,20,0.1436,0.1487,40,0.1483,0.1447,0.0,0.0,0.0,0.0,362
2023-05-10 09:32:36,OP90002126,创业板ETF购12月2200,0.0,0.0,0.0,0.0,40,0.1436,0.1484,20,0.1483,0.1447,0.0,0.0,0.0,0.0,362
2023-05-10 09:32:37,OP90002126,创业板ETF购12月2200,0.0,0.0,0.0,0.0,20,0.1437,0.1484,20,0.1483,0.1447,0.0,0.0,0.0,0.0,362
2023-05-10 09:32:37,OP90002126,创业板ETF购12月2200,0.0,0.0,0.0,0.0,40,0.1436,0.1484,20,0.1483,0.1447,0.0,0.0,0.0,0.0,362
2023-05-10 09:32:38,OP90002126,创业板ETF购12月2200,0.0,0.0,0.0,0.0,20,0.1437,0.1484,20,0.1483,0.1447,0.0,0.0,0.0,0.0,362
2023-05-10 09:32:38,OP90002126,创业板ETF购12月2200,0.0,0.0,0.0,0.0,20,0.1437,0.1484,20,0.1483,0.1447,0.0,0.0,0.0,0.0,362
2023-05-10 09:32:39,OP90002126,创业板ETF购12月2200,0.0,0.0,0.0,0.0,21,0.1437,0.1484,20,0.1483,0.1447,0.0,0.0,0.0,0.0,362
2023-05-10 09:32:39,OP90002126,创业板ETF购12月2200,0.0,0.0,0.0,0.0,20,0.1438,0.1484,20,0.1483,0.1447,0.0,0.0,0.0,0.0,362
2023-05-10 09:32:40,OP90002126,创业板ETF购12月2200,0.0,0.0,0.0,0.0,10,0.1446,0.1484,21,0.1483,0.1447,0.0,0.0,0.0,0.0,362
2023-05-10 09:32:40,OP90002126,创业板ETF购12月2200,0.0,0.0,0.0,0.0,1,0.1447,0.1483,20,0.1483,0.1447,0.0,0.0,0.0,0.0,362
2023-05-10 09:32:41,OP90002126,创业板ETF购12月2200,0.0,0.0,0.0,0.0,1,0.1447,0.1483,20,0.1483,0.1447,0.0,0.0,0.0,0.0,362
2023-05-10 09:32:41,OP90002126,创业板ETF购12月2200,0.0,0.0,0.0,0.0,1,0.1447,0.1483,20,0.1483,0.1447,0.0,0.0,0.0,0.0,362
2023-05-10 09:32:42,OP90002126,创业板ETF购12月2200,0.0,0.0,0.0,0.0,1,0.1447,0.1483,20,0.1483,0.1447,0.0,0.0,0.0,0.0,362
2023-05-10 09:32:42,OP90002126,创业板ETF购12月2200,0.0,0.0,0.0,0.0,1,0.1447,0.1483,20,0.1483,0.1447,0.0,0.0,0.0,0.0,362
2023-05-10 09:32:44,OP90002126,创业板ETF购12月2200,0.0,0.0,0.0,0.0,1,0.1447,0.1483,20,0.1483,0.1447,0.0,0.0,0.0,0.0,362
2023-05-10 09:32:45,OP90002126,创业板ETF购12月2200,0.0,0.0,0.0,0.0,1,0.1447,0.1483,21,0.1483,0.1447,0.0,0.0,0.0,0.0,362
2023-05-10 09:32:45,OP90002126,创业板ETF购12月2200,0.0,0.0,0.0,0.0,1,0.1447,0.1482,20,0.1483,0.1447,0.0,0.0,0.0,0.0,362
2023-05-10 09:32:46,OP90002126,创业板ETF购12月2200,0.0,0.0,0.0,0.0,1,0.1447,0.1482,20,0.1483,0.1447,0.0,0.0,0.0,0.0,362
2023-05-10 09:32:46,OP90002126,创业板ETF购12月2200,0.0,0.0,0.0,0.0,1,0.1447,0.1482,40,0.1483,0.1447,0.0,0.0,0.0,0.0,362
2023-05-10 09:32:47,OP90002126,创业板ETF购12月2200,0.0,0.0,0.0,0.0,1,0.1447,0.1481,20,0.1483,0.1447,0.0,0.0,0.0,0.0,362
2023-05-10 09:32:47,OP90002126,创业板ETF购12月2200,0.1447,1.0,1447.0,0.0,1,0.1447,0.1481,20,0.1483,0.1447,0.1447,0.1447,1.0,1447.0,362
2023-05-10 09:32:48,OP90002126,创业板ETF购12月2200,0.1447,0.0,0.0,0.0,1,0.1447,0.1481,20,0.1483,0.1447,0.1447,0.1447,1.0,1447.0,362
2023-05-10 09:32:48,OP90002126,创业板ETF购12月2200,0.1447,0.0,0.0,0.0,1,0.1447,0.1481,20,0.1483,0.1447,0.1447,0.1447,1.0,1447.0,362
2023-05-10 09:32:50,OP90002126,创业板ETF购12月2200,0.1447,0.0,0.0,0.0,1,0.1447,0.1481,20,0.1483,0.1447,0.1447,0.1447,1.0,1447.0,362
2023-05-10 09:32:50,OP90002126,创业板ETF购12月2200,0.1447,0.0,0.0,0.0,1,0.1447,0.1481,20,0.1483,0.1447,0.1447,0.1447,1.0,1447.0,362
2023-05-10 09:32:51,OP90002126,创业板ETF购12月2200,0.1447,1.0,1447.0,0.0,1,0.1447,0.1481,20,0.1483,0.1447,0.1447,0.1447,2.0,2894.0,362
2023-05-10 09:32:53,OP90002126,创业板ETF购12月2200,0.1447,0.0,0.0,0.0,1,0.1447,0.1481,20,0.1483,0.1447,0.1447,0.1447,2.0,2894.0,362
2023-05-10 09:32:54,OP90002126,创业板ETF购12月2200,0.1447,0.0,0.0,0.0,1,0.1447,0.1481,20,0.1483,0.1447,0.1447,0.1447,2.0,2894.0,362
2023-05-10 09:32:55,OP90002126,创业板ETF购12月2200,0.1447,0.0,0.0,0.0,1,0.1447,0.1481,20,0.1483,0.1447,0.1447,0.1447,2.0,2894.0,362
2023-05-10 09:32:55,OP90002126,创业板ETF购12月2200,0.1447,0.0,0.0,0.0,1,0.1447,0.1481,21,0.1483,0.1447,0.1447,0.1447,2.0,2894.0,362
2023-05-10 09:32:56,OP90002126,创业板ETF购12月2200,0.1447,0.0,0.0,0.0,1,0.1447,0.148,20,0.1483,0.1447,0.1447,0.1447,2.0,2894.0,362
2023-05-10 09:32:56,OP90002126,创业板ETF购12月2200,0.1447,1.0,1447.0,0.0,1,0.1447,0.148,20,0.1483,0.1447,0.1447,0.1447,3.0,4341.0,362
2023-05-10 09:32:58,OP90002126,创业板ETF购12月2200,0.1447,0.0,0.0,0.0,1,0.1447,0.148,20,0.1483,0.1447,0.1447,0.1447,3.0,4341.0,362
2023-05-10 09:32:58,OP90002126,创业板ETF购12月2200,0.1447,0.0,0.0,0.0,1,0.1447,0.148,20,0.1483,0.1447,0.1447,0.1447,3.0,4341.0,362
2023-05-10 09:32:59,OP90002126,创业板ETF购12月2200,0.1447,0.0,0.0,0.0,1,0.1447,0.148,20,0.1483,0.1447,0.1447,0.1447,3.0,4341.0,362
2023-05-10 09:32:59,OP90002126,创业板ETF购12月2200,0.1447,0.0,0.0,0.0,1,0.1447,0.148,20,0.1483,0.1447,0.1447,0.1447,3.0,4341.0,362
2023-05-10 09:33:00,OP90002126,创业板ETF购12月2200,0.1447,0.0,0.0,0.0,1,0.1447,0.1478,10,0.1483,0.1447,0.1447,0.1447,3.0,4341.0,362
2023-05-10 09:33:00,OP90002126,创业板ETF购12月2200,0.1447,0.0,0.0,0.0,1,0.1447,0.1477,21,0.1483,0.1447,0.1447,0.1447,3.0,4341.0,362
2023-05-10 09:33:01,OP90002126,创业板ETF购12月2200,0.1447,0.0,0.0,0.0,1,0.1447,0.1476,20,0.1483,0.1447,0.1447,0.1447,3.0,4341.0,362
2023-05-10 09:33:01,OP90002126,创业板ETF购12月2200,0.1447,0.0,0.0,0.0,1,0.1447,0.1476,20,0.1483,0.1447,0.1447,0.1447,3.0,4341.0,362
2023-05-10 09:33:02,OP90002126,创业板ETF购12月2200,0.1447,0.0,0.0,0.0,1,0.1447,0.1476,20,0.1483,0.1447,0.1447,0.1447,3.0,4341.0,362
2023-05-10 09:33:02,OP90002126,创业板ETF购12月2200,0.1447,0.0,0.0,0.0,1,0.1447,0.1476,20,0.1483,0.1447,0.1447,0.1447,3.0,4341.0,362
2023-05-10 09:33:03,OP90002126,创业板ETF购12月2200,0.1447,0.0,0.0,0.0,1,0.1447,0.1476,20,0.1483,0.1447,0.1447,0.1447,3.0,4341.0,362
2023-05-10 09:33:03,OP90002126,创业板ETF购12月2200,0.1447,0.0,0.0,0.0,1,0.1447,0.1476,20,0.1483,0.1447,0.1447,0.1447,3.0,4341.0,362
2023-05-10 09:33:04,OP90002126,创业板ETF购12月2200,0.1447,0.0,0.0,0.0,1,0.1447,0.1476,20,0.1483,0.1447,0.1447,0.1447,3.0,4341.0,362
2023-05-10 09:33:05,OP90002126,创业板ETF购12月2200,0.1447,0.0,0.0,0.0,1,0.1447,0.1476,20,0.1483,0.1447,0.1447,0.1447,3.0,4341.0,362
2023-05-10 09:33:05,OP90002126,创业板ETF购12月2200,0.1447,0.0,0.0,0.0,1,0.1447,0.1476,20,0.1483,0.1447,0.1447,0.1447,3.0,4341.0,362
2023-05-10 09:33:06,OP90002126,创业板ETF购12月2200,0.1447,0.0,0.0,0.0,1,0.1447,0.1476,20,0.1483,0.1447,0.1447,0.1447,3.0,4341.0,362
2023-05-10 09:33:06,OP90002126,创业板ETF购12月2200,0.1447,0.0,0.0,0.0,1,0.1448,0.1476,20,0.1483,0.1447,0.1447,0.1447,3.0,4341.0,362
2023-05-10 09:33:07,OP90002126,创业板ETF购12月2200,0.1447,0.0,0.0,0.0,1,0.1448,0.1476,20,0.1483,0.1447,0.1447,0.1447,3.0,4341.0,362
2023-05-10 09:33:07,OP90002126,创业板ETF购12月2200,0.1447,0.0,0.0,0.0,1,0.1448,0.1476,20,0.1483,0.1447,0.1447,0.1447,3.0,4341.0,362
2023-05-10 09:33:08,OP90002126,创业板ETF购12月2200,0.1447,0.0,0.0,0.0,1,0.1448,0.1476,40,0.1483,0.1447,0.1447,0.1447,3.0,4341.0,362
2023-05-10 09:33:08,OP90002126,创业板ETF购12月2200,0.1447,0.0,0.0,0.0,1,0.1448,0.1475,20,0.1483,0.1447,0.1447,0.1447,3.0,4341.0,362
2023-05-10 09:33:09,OP90002126,创业板ETF购12月2200,0.1448,1.0,1448.0,0.0,1,0.1448,0.1475,20,0.1483,0.1447,0.1448,0.1447,4.0,5789.0,362
2023-05-10 09:33:10,OP90002126,创业板ETF购12月2200,0.1448,0.0,0.0,0.0,1,0.1448,0.1475,20,0.1483,0.1447,0.1448,0.1447,4.0,5789.0,362
2023-05-10 09:33:12,OP90002126,创业板ETF购12月2200,0.1448,0.0,0.0,0.0,1,0.1448,0.1475,20,0.1483,0.1447,0.1448,0.1447,4.0,5789.0,362
2023-05-10 09:33:13,OP90002126,创业板ETF购12月2200,0.1448,0.0,0.0,0.0,1,0.1448,0.1475,20,0.1483,0.1447,0.1448,0.1447,4.0,5789.0,362
2023-05-10 09:33:15,OP90002126,创业板ETF购12月2200,0.1448,0.0,0.0,0.0,1,0.1448,0.1475,21,0.1483,0.1447,0.1448,0.1447,4.0,5789.0,362
2023-05-10 09:33:16,OP90002126,创业板ETF购12月2200,0.1448,0.0,0.0,0.0,1,0.1448,0.1474,20,0.1483,0.1447,0.1448,0.1447,4.0,5789.0,362
2023-05-10 09:33:16,OP90002126,创业板ETF购12月2200,0.1448,0.0,0.0,0.0,1,0.1448,0.1474,20,0.1483,0.1447,0.1448,0.1447,4.0,5789.0,362
2023-05-10 09:33:18,OP90002126,创业板ETF购12月2200,0.1448,0.0,0.0,0.0,1,0.1448,0.1474,20,0.1483,0.1447,0.1448,0.1447,4.0,5789.0,362
2023-05-10 09:33:18,OP90002126,创业板ETF购12月2200,0.1448,0.0,0.0,0.0,1,0.1448,0.1474,20,0.1483,0.1447,0.1448,0.1447,4.0,5789.0,362
2023-05-10 09:33:20,OP90002126,创业板ETF购12月2200,0.1448,0.0,0.0,0.0,1,0.1448,0.1474,20,0.1483,0.1447,0.1448,0.1447,4.0,5789.0,362
2023-05-10 09:33:21,OP90002126,创业板ETF购12月2200,0.1448,0.0,0.0,0.0,1,0.1448,0.1474,20,0.1483,0.1447,0.1448,0.1447,4.0,5789.0,362
2023-05-10 09:33:22,OP90002126,创业板ETF购12月2200,0.1448,0.0,0.0,0.0,1,0.1448,0.1474,20,0.1483,0.1447,0.1448,0.1447,4.0,5789.0,362
2023-05-10 09:33:22,OP90002126,创业板ETF购12月2200,0.1448,0.0,0.0,0.0,1,0.1448,0.1474,20,0.1483,0.1447,0.1448,0.1447,4.0,5789.0,362
2023-05-10 09:33:23,OP90002126,创业板ETF购12月2200,0.1448,0.0,0.0,0.0,1,0.1448,0.1474,20,0.1483,0.1447,0.1448,0.1447,4.0,5789.0,362
2023-05-10 09:33:25,OP90002126,创业板ETF购12月2200,0.1448,0.0,0.0,0.0,1,0.1448,0.1474,20,0.1483,0.1447,0.1448,0.1447,4.0,5789.0,362
2023-05-10 09:33:26,OP90002126,创业板ETF购12月2200,0.1448,0.0,0.0,0.0,10,0.144,0.1474,20,0.1483,0.1447,0.1448,0.1447,4.0,5789.0,362
2023-05-10 09:33:26,OP90002126,创业板ETF购12月2200,0.1448,0.0,0.0,0.0,11,0.144,0.1474,20,0.1483,0.1447,0.1448,0.1447,4.0,5789.0,362
2023-05-10 09:33:27,OP90002126,创业板ETF购12月2200,0.1448,0.0,0.0,0.0,1,0.144,0.1474,20,0.1483,0.1447,0.1448,0.1447,4.0,5789.0,362
2023-05-10 09:33:28,OP90002126,创业板ETF购12月2200,0.1448,0.0,0.0,0.0,1,0.144,0.1474,20,0.1483,0.1447,0.1448,0.1447,4.0,5789.0,362
2023-05-10 09:33:29,OP90002126,创业板ETF购12月2200,0.1448,0.0,0.0,0.0,1,0.144,0.1474,20,0.1483,0.1447,0.1448,0.1447,4.0,5789.0,362
2023-05-10 09:33:31,OP90002126,创业板ETF购12月2200,0.1448,0.0,0.0,0.0,1,0.144,0.1474,40,0.1483,0.1447,0.1448,0.1447,4.0,5789.0,362
2023-05-10 09:33:31,OP90002126,创业板ETF购12月2200,0.1448,0.0,0.0,0.0,1,0.144,0.1473,20,0.1483,0.1447,0.1448,0.1447,4.0,5789.0,362
2023-05-10 09:33:32,OP90002126,创业板ETF购12月2200,0.1448,0.0,0.0,0.0,1,0.144,0.1473,20,0.1483,0.1447,0.1448,0.1447,4.0,5789.0,362
2023-05-10 09:33:32,OP90002126,创业板ETF购12月2200,0.1448,0.0,0.0,0.0,1,0.144,0.1473,20,0.1483,0.1447,0.1448,0.1447,4.0,5789.0,362
2023-05-10 09:33:33,OP90002126,创业板ETF购12月2200,0.1448,0.0,0.0,0.0,1,0.144,0.1473,20,0.1483,0.1447,0.1448,0.1447,4.0,5789.0,362
2023-05-10 09:33:33,OP90002126,创业板ETF购12月2200,0.1448,0.0,0.0,0.0,1,0.144,0.1473,20,0.1483,0.1447,0.1448,0.1447,4.0,5789.0,362
2023-05-10 09:33:34,OP90002126,创业板ETF购12月2200,0.1448,0.0,0.0,0.0,1,0.144,0.1473,20,0.1483,0.1447,0.1448,0.1447,4.0,5789.0,362
2023-05-10 09:33:35,OP90002126,创业板ETF购12月2200,0.1448,0.0,0.0,0.0,1,0.144,0.1473,21,0.1483,0.1447,0.1448,0.1447,4.0,5789.0,362
2023-05-10 09:33:36,OP90002126,创业板ETF购12月2200,0.1448,0.0,0.0,0.0,1,0.144,0.1472,20,0.1483,0.1447,0.1448,0.1447,4.0,5789.0,362
2023-05-10 09:33:36,OP90002126,创业板ETF购12月2200,0.1448,0.0,0.0,0.0,1,0.1441,0.1471,10,0.1483,0.1447,0.1448,0.1447,4.0,5789.0,362
2023-05-10 09:33:37,OP90002126,创业板ETF购12月2200,0.1448,0.0,0.0,0.0,1,0.1441,0.147,20,0.1483,0.1447,0.1448,0.1447,4.0,5789.0,362
2023-05-10 09:33:37,OP90002126,创业板ETF购12月2200,0.1448,0.0,0.0,0.0,1,0.1441,0.147,20,0.1483,0.1447,0.1448,0.1447,4.0,5789.0,362
2023-05-10 09:33:38,OP90002126,创业板ETF购12月2200,0.1448,0.0,0.0,0.0,1,0.1441,0.147,20,0.1483,0.1447,0.1448,0.1447,4.0,5789.0,362
2023-05-10 09:33:38,OP90002126,创业板ETF购12月2200,0.1448,0.0,0.0,0.0,1,0.1441,0.147,20,0.1483,0.1447,0.1448,0.1447,4.0,5789.0,362
2023-05-10 09:33:39,OP90002126,创业板ETF购12月2200,0.1448,0.0,0.0,0.0,1,0.1441,0.147,20,0.1483,0.1447,0.1448,0.1447,4.0,5789.0,362
2023-05-10 09:33:39,OP90002126,创业板ETF购12月2200,0.1448,0.0,0.0,0.0,1,0.1441,0.147,20,0.1483,0.1447,0.1448,0.1447,4.0,5789.0,362
2023-05-10 09:33:40,OP90002126,创业板ETF购12月2200,0.1448,0.0,0.0,0.0,1,0.1441,0.147,21,0.1483,0.1447,0.1448,0.1447,4.0,5789.0,362
2023-05-10 09:33:41,OP90002126,创业板ETF购12月2200,0.1441,1.0,1441.0,0.0,1,0.1441,0.1469,20,0.1483,0.1447,0.1448,0.1441,5.0,7230.0,362
2023-05-10 09:33:41,OP90002126,创业板ETF购12月2200,0.1441,0.0,0.0,0.0,1,0.144,0.1469,20,0.1483,0.1447,0.1448,0.1441,5.0,7230.0,362
2023-05-10 09:33:42,OP90002126,创业板ETF购12月2200,0.1441,0.0,0.0,0.0,1,0.144,0.1469,40,0.1483,0.1447,0.1448,0.1441,5.0,7230.0,362
2023-05-10 09:33:42,OP90002126,创业板ETF购12月2200,0.1441,0.0,0.0,0.0,1,0.144,0.1468,20,0.1483,0.1447,0.1448,0.1441,5.0,7230.0,362
2023-05-10 09:33:43,OP90002126,创业板ETF购12月2200,0.1441,0.0,0.0,0.0,1,0.144,0.1468,20,0.1483,0.1447,0.1448,0.1441,5.0,7230.0,362
2023-05-10 09:33:44,OP90002126,创业板ETF购12月2200,0.1441,0.0,0.0,0.0,1,0.144,0.1468,20,0.1483,0.1447,0.1448,0.1441,5.0,7230.0,362
2023-05-10 09:33:44,OP90002126,创业板ETF购12月2200,0.1441,0.0,0.0,0.0,1,0.1438,0.1463,1,0.1483,0.1447,0.1448,0.1441,5.0,7230.0,362
2023-05-10 09:33:45,OP90002126,创业板ETF购12月2200,0.1441,0.0,0.0,0.0,1,0.1438,0.1462,20,0.1483,0.1447,0.1448,0.1441,5.0,7230.0,362
2023-05-10 09:33:45,OP90002126,创业板ETF购12月2200,0.1441,0.0,0.0,0.0,1,0.1437,0.1462,20,0.1483,0.1447,0.1448,0.1441,5.0,7230.0,362
2023-05-10 09:33:46,OP90002126,创业板ETF购12月2200,0.1441,0.0,0.0,0.0,1,0.1436,0.1462,20,0.1483,0.1447,0.1448,0.1441,5.0,7230.0,362
2023-05-10 09:33:46,OP90002126,创业板ETF购12月2200,0.1441,0.0,0.0,0.0,1,0.1435,0.1462,20,0.1483,0.1447,0.1448,0.1441,5.0,7230.0,362
2023-05-10 09:33:47,OP90002126,创业板ETF购12月2200,0.1441,0.0,0.0,0.0,1,0.1435,0.1462,20,0.1483,0.1447,0.1448,0.1441,5.0,7230.0,362
2023-05-10 09:33:47,OP90002126,创业板ETF购12月2200,0.1441,0.0,0.0,0.0,1,0.1434,0.1462,20,0.1483,0.1447,0.1448,0.1441,5.0,7230.0,362
2023-05-10 09:33:48,OP90002126,创业板ETF购12月2200,0.1441,0.0,0.0,0.0,1,0.1434,0.1462,20,0.1483,0.1447,0.1448,0.1441,5.0,7230.0,362
2023-05-10 09:33:48,OP90002126,创业板ETF购12月2200,0.1441,0.0,0.0,0.0,1,0.1433,0.1462,20,0.1483,0.1447,0.1448,0.1441,5.0,7230.0,362
2023-05-10 09:33:49,OP90002126,创业板ETF购12月2200,0.1441,0.0,0.0,0.0,1,0.1432,0.1462,20,0.1483,0.1447,0.1448,0.1441,5.0,7230.0,362
2023-05-10 09:33:50,OP90002126,创业板ETF购12月2200,0.1441,0.0,0.0,0.0,1,0.1432,0.1462,20,0.1483,0.1447,0.1448,0.1441,5.0,7230.0,362
2023-05-10 09:33:50,OP90002126,创业板ETF购12月2200,0.1441,0.0,0.0,0.0,40,0.1428,0.1462,20,0.1483,0.1447,0.1448,0.1441,5.0,7230.0,362
2023-05-10 09:33:51,OP90002126,创业板ETF购12月2200,0.1441,0.0,0.0,0.0,1,0.1428,0.1462,40,0.1483,0.1447,0.1448,0.1441,5.0,7230.0,362
2023-05-10 09:33:51,OP90002126,创业板ETF购12月2200,0.1441,0.0,0.0,0.0,1,0.1428,0.1457,10,0.1483,0.1447,0.1448,0.1441,5.0,7230.0,362
2023-05-10 09:33:52,OP90002126,创业板ETF购12月2200,0.1441,0.0,0.0,0.0,1,0.1428,0.1456,20,0.1483,0.1447,0.1448,0.1441,5.0,7230.0,362
2023-05-10 09:33:52,OP90002126,创业板ETF购12月2200,0.1441,0.0,0.0,0.0,1,0.1428,0.1456,10,0.1483,0.1447,0.1448,0.1441,5.0,7230.0,362
2023-05-10 09:33:53,OP90002126,创业板ETF购12月2200,0.1441,0.0,0.0,0.0,1,0.1428,0.1455,20,0.1483,0.1447,0.1448,0.1441,5.0,7230.0,362
2023-05-10 09:33:53,OP90002126,创业板ETF购12月2200,0.1441,0.0,0.0,0.0,1,0.1428,0.1455,20,0.1483,0.1447,0.1448,0.1441,5.0,7230.0,362
2023-05-10 09:33:54,OP90002126,创业板ETF购12月2200,0.1441,0.0,0.0,0.0,1,0.1428,0.1455,20,0.1483,0.1447,0.1448,0.1441,5.0,7230.0,362
2023-05-10 09:33:54,OP90002126,创业板ETF购12月2200,0.1441,0.0,0.0,0.0,1,0.1428,0.1455,21,0.1483,0.1447,0.1448,0.1441,5.0,7230.0,362
2023-05-10 09:33:55,OP90002126,创业板ETF购12月2200,0.1441,0.0,0.0,0.0,1,0.1428,0.1454,20,0.1483,0.1447,0.1448,0.1441,5.0,7230.0,362
2023-05-10 09:33:56,OP90002126,创业板ETF购12月2200,0.1441,0.0,0.0,0.0,1,0.1428,0.1454,20,0.1483,0.1447,0.1448,0.1441,5.0,7230.0,362
2023-05-10 09:33:56,OP90002126,创业板ETF购12月2200,0.1441,0.0,0.0,0.0,1,0.1428,0.1454,20,0.1483,0.1447,0.1448,0.1441,5.0,7230.0,362
2023-05-10 09:33:59,OP90002126,创业板ETF购12月2200,0.1441,0.0,0.0,0.0,1,0.1428,0.1454,20,0.1483,0.1447,0.1448,0.1441,5.0,7230.0,362
2023-05-10 09:34:00,OP90002126,创业板ETF购12月2200,0.1441,0.0,0.0,0.0,1,0.1428,0.1454,20,0.1483,0.1447,0.1448,0.1441,5.0,7230.0,362
2023-05-10 09:34:00,OP90002126,创业板ETF购12月2200,0.1441,0.0,0.0,0.0,1,0.1428,0.1454,20,0.1483,0.1447,0.1448,0.1441,5.0,7230.0,362
2023-05-10 09:34:01,OP90002126,创业板ETF购12月2200,0.1441,0.0,0.0,0.0,1,0.1429,0.1454,20,0.1483,0.1447,0.1448,0.1441,5.0,7230.0,362
2023-05-10 09:34:01,OP90002126,创业板ETF购12月2200,0.1441,0.0,0.0,0.0,1,0.1429,0.1454,20,0.1483,0.1447,0.1448,0.1441,5.0,7230.0,362
2023-05-10 09:34:02,OP90002126,创业板ETF购12月2200,0.1441,0.0,0.0,0.0,1,0.1429,0.1454,20,0.1483,0.1447,0.1448,0.1441,5.0,7230.0,362
2023-05-10 09:34:02,OP90002126,创业板ETF购12月2200,0.1441,0.0,0.0,0.0,1,0.1429,0.1454,20,0.1483,0.1447,0.1448,0.1441,5.0,7230.0,362
2023-05-10 09:34:03,OP90002126,创业板ETF购12月2200,0.1441,0.0,0.0,0.0,1,0.1429,0.1454,20,0.1483,0.1447,0.1448,0.1441,5.0,7230.0,362
2023-05-10 09:34:03,OP90002126,创业板ETF购12月2200,0.1441,0.0,0.0,0.0,1,0.1429,0.1454,20,0.1483,0.1447,0.1448,0.1441,5.0,7230.0,362
2023-05-10 09:34:04,OP90002126,创业板ETF购12月2200,0.1441,0.0,0.0,0.0,1,0.1429,0.1454,20,0.1483,0.1447,0.1448,0.1441,5.0,7230.0,362
2023-05-10 09:34:04,OP90002126,创业板ETF购12月2200,0.1441,0.0,0.0,0.0,1,0.1429,0.1454,20,0.1483,0.1447,0.1448,0.1441,5.0,7230.0,362
2023-05-10 09:34:05,OP90002126,创业板ETF购12月2200,0.1441,0.0,0.0,0.0,1,0.1429,0.1454,20,0.1483,0.1447,0.1448,0.1441,5.0,7230.0,362
2023-05-10 09:34:05,OP90002126,创业板ETF购12月2200,0.1441,0.0,0.0,0.0,1,0.1429,0.1454,20,0.1483,0.1447,0.1448,0.1441,5.0,7230.0,362
2023-05-10 09:34:07,OP90002126,创业板ETF购12月2200,0.1441,0.0,0.0,0.0,1,0.1429,0.1454,20,0.1483,0.1447,0.1448,0.1441,5.0,7230.0,362
2023-05-10 09:34:08,OP90002126,创业板ETF购12月2200,0.1441,0.0,0.0,0.0,1,0.1429,0.1454,20,0.1483,0.1447,0.1448,0.1441,5.0,7230.0,362
2023-05-10 09:34:08,OP90002126,创业板ETF购12月2200,0.1441,0.0,0.0,0.0,1,0.1429,0.1454,20,0.1483,0.1447,0.1448,0.1441,5.0,7230.0,362
2023-05-10 09:34:09,OP90002126,创业板ETF购12月2200,0.1441,0.0,0.0,0.0,1,0.1429,0.1454,20,0.1483,0.1447,0.1448,0.1441,5.0,7230.0,362
2023-05-10 09:34:09,OP90002126,创业板ETF购12月2200,0.1441,0.0,0.0,0.0,1,0.1429,0.1454,21,0.1483,0.1447,0.1448,0.1441,5.0,7230.0,362
2023-05-10 09:34:10,OP90002126,创业板ETF购12月2200,0.1441,0.0,0.0,0.0,1,0.1429,0.1453,20,0.1483,0.1447,0.1448,0.1441,5.0,7230.0,362
2023-05-10 09:34:11,OP90002126,创业板ETF购12月2200,0.1441,0.0,0.0,0.0,1,0.1429,0.1453,20,0.1483,0.1447,0.1448,0.1441,5.0,7230.0,362
2023-05-10 09:34:11,OP90002126,创业板ETF购12月2200,0.1441,0.0,0.0,0.0,1,0.1427,0.1453,20,0.1483,0.1447,0.1448,0.1441,5.0,7230.0,362
2023-05-10 09:34:12,OP90002126,创业板ETF购12月2200,0.1441,0.0,0.0,0.0,1,0.1427,0.1453,20,0.1483,0.1447,0.1448,0.1441,5.0,7230.0,362
2023-05-10 09:34:12,OP90002126,创业板ETF购12月2200,0.1441,0.0,0.0,0.0,1,0.1427,0.1453,20,0.1483,0.1447,0.1448,0.1441,5.0,7230.0,362
2023-05-10 09:34:13,OP90002126,创业板ETF购12月2200,0.1441,0.0,0.0,0.0,20,0.142,0.1453,20,0.1483,0.1447,0.1448,0.1441,5.0,7230.0,362
2023-05-10 09:34:13,OP90002126,创业板ETF购12月2200,0.1441,0.0,0.0,0.0,20,0.1421,0.1454,41,0.1483,0.1447,0.1448,0.1441,5.0,7230.0,362
2023-05-10 09:34:14,OP90002126,创业板ETF购12月2200,0.1441,0.0,0.0,0.0,20,0.142,0.1454,21,0.1483,0.1447,0.1448,0.1441,5.0,7230.0,362
2023-05-10 09:34:14,OP90002126,创业板ETF购12月2200,0.1441,0.0,0.0,0.0,40,0.142,0.1454,21,0.1483,0.1447,0.1448,0.1441,5.0,7230.0,362
2023-05-10 09:34:15,OP90002126,创业板ETF购12月2200,0.1441,0.0,0.0,0.0,20,0.1421,0.1454,21,0.1483,0.1447,0.1448,0.1441,5.0,7230.0,362
2023-05-10 09:34:15,OP90002126,创业板ETF购12月2200,0.1441,0.0,0.0,0.0,20,0.1421,0.1454,21,0.1483,0.1447,0.1448,0.1441,5.0,7230.0,362
2023-05-10 09:34:16,OP90002126,创业板ETF购12月2200,0.1441,0.0,0.0,0.0,21,0.1421,0.1454,21,0.1483,0.1447,0.1448,0.1441,5.0,7230.0,362
2023-05-10 09:34:17,OP90002126,创业板ETF购12月2200,0.1441,0.0,0.0,0.0,20,0.1422,0.1454,21,0.1483,0.1447,0.1448,0.1441,5.0,7230.0,362
2023-05-10 09:34:17,OP90002126,创业板ETF购12月2200,0.1441,0.0,0.0,0.0,20,0.1422,0.1454,21,0.1483,0.1447,0.1448,0.1441,5.0,7230.0,362
2023-05-10 09:34:18,OP90002126,创业板ETF购12月2200,0.1441,0.0,0.0,0.0,20,0.1422,0.1454,21,0.1483,0.1447,0.1448,0.1441,5.0,7230.0,362
2023-05-10 09:34:19,OP90002126,创业板ETF购12月2200,0.1441,0.0,0.0,0.0,20,0.1422,0.1453,1,0.1483,0.1447,0.1448,0.1441,5.0,7230.0,362
2023-05-10 09:34:20,OP90002126,创业板ETF购12月2200,0.1441,0.0,0.0,0.0,20,0.1422,0.1453,1,0.1483,0.1447,0.1448,0.1441,5.0,7230.0,362
2023-05-10 09:34:24,OP90002126,创业板ETF购12月2200,0.1441,0.0,0.0,0.0,20,0.1422,0.1453,1,0.1483,0.1447,0.1448,0.1441,5.0,7230.0,362
2023-05-10 09:34:24,OP90002126,创业板ETF购12月2200,0.1441,0.0,0.0,0.0,20,0.1422,0.1453,1,0.1483,0.1447,0.1448,0.1441,5.0,7230.0,362
2023-05-10 09:34:25,OP90002126,创业板ETF购12月2200,0.1441,0.0,0.0,0.0,20,0.1422,0.1453,1,0.1483,0.1447,0.1448,0.1441,5.0,7230.0,362
2023-05-10 09:34:26,OP90002126,创业板ETF购12月2200,0.1441,0.0,0.0,0.0,20,0.1422,0.1453,1,0.1483,0.1447,0.1448,0.1441,5.0,7230.0,362
2023-05-10 09:34:27,OP90002126,创业板ETF购12月2200,0.1441,0.0,0.0,0.0,20,0.1422,0.1451,10,0.1483,0.1447,0.1448,0.1441,5.0,7230.0,362
2023-05-10 09:34:28,OP90002126,创业板ETF购12月2200,0.1441,0.0,0.0,0.0,20,0.1422,0.1453,1,0.1483,0.1447,0.1448,0.1441,5.0,7230.0,362
2023-05-10 09:34:28,OP90002126,创业板ETF购12月2200,0.1441,0.0,0.0,0.0,20,0.1422,0.1452,10,0.1483,0.1447,0.1448,0.1441,5.0,7230.0,362
2023-05-10 09:34:29,OP90002126,创业板ETF购12月2200,0.1441,0.0,0.0,0.0,20,0.1422,0.1453,1,0.1483,0.1447,0.1448,0.1441,5.0,7230.0,362
2023-05-10 09:34:29,OP90002126,创业板ETF购12月2200,0.1441,0.0,0.0,0.0,20,0.1422,0.1451,10,0.1483,0.1447,0.1448,0.1441,5.0,7230.0,362
2023-05-10 09:34:30,OP90002126,创业板ETF购12月2200,0.1441,0.0,0.0,0.0,40,0.1422,0.1451,10,0.1483,0.1447,0.1448,0.1441,5.0,7230.0,362
2023-05-10 09:34:31,OP90002126,创业板ETF购12月2200,0.1441,0.0,0.0,0.0,20,0.1423,0.1451,10,0.1483,0.1447,0.1448,0.1441,5.0,7230.0,362
2023-05-10 09:34:31,OP90002126,创业板ETF购12月2200,0.1441,0.0,0.0,0.0,21,0.1423,0.1451,10,0.1483,0.1447,0.1448,0.1441,5.0,7230.0,362
2023-05-10 09:34:32,OP90002126,创业板ETF购12月2200,0.1441,0.0,0.0,0.0,20,0.1424,0.1451,10,0.1483,0.1447,0.1448,0.1441,5.0,7230.0,362
2023-05-10 09:34:33,OP90002126,创业板ETF购12月2200,0.1441,0.0,0.0,0.0,20,0.1424,0.1451,10,0.1483,0.1447,0.1448,0.1441,5.0,7230.0,362
2023-05-10 09:34:34,OP90002126,创业板ETF购12月2200,0.1441,0.0,0.0,0.0,20,0.1424,0.1452,1,0.1483,0.1447,0.1448,0.1441,5.0,7230.0,362
2023-05-10 09:34:35,OP90002126,创业板ETF购12月2200,0.1441,0.0,0.0,0.0,20,0.1424,0.1451,10,0.1483,0.1447,0.1448,0.1441,5.0,7230.0,362
2023-05-10 09:34:36,OP90002126,创业板ETF购12月2200,0.1441,0.0,0.0,0.0,20,0.1424,0.1452,1,0.1483,0.1447,0.1448,0.1441,5.0,7230.0,362
2023-05-10 09:34:36,OP90002126,创业板ETF购12月2200,0.1441,0.0,0.0,0.0,20,0.1424,0.145,10,0.1483,0.1447,0.1448,0.1441,5.0,7230.0,362
2023-05-10 09:34:37,OP90002126,创业板ETF购12月2200,0.1441,0.0,0.0,0.0,20,0.1424,0.1452,1,0.1483,0.1447,0.1448,0.1441,5.0,7230.0,362
2023-05-10 09:34:37,OP90002126,创业板ETF购12月2200,0.1441,0.0,0.0,0.0,20,0.1424,0.1451,10,0.1483,0.1447,0.1448,0.1441,5.0,7230.0,362
2023-05-10 09:34:38,OP90002126,创业板ETF购12月2200,0.1441,0.0,0.0,0.0,20,0.1424,0.1452,1,0.1483,0.1447,0.1448,0.1441,5.0,7230.0,362
2023-05-10 09:34:39,OP90002126,创业板ETF购12月2200,0.1441,0.0,0.0,0.0,20,0.1424,0.1452,11,0.1483,0.1447,0.1448,0.1441,5.0,7230.0,362
2023-05-10 09:34:39,OP90002126,创业板ETF购12月2200,0.1441,0.0,0.0,0.0,20,0.1424,0.1451,1,0.1483,0.1447,0.1448,0.1441,5.0,7230.0,362
2023-05-10 09:34:40,OP90002126,创业板ETF购12月2200,0.1441,0.0,0.0,0.0,20,0.1424,0.1451,1,0.1483,0.1447,0.1448,0.1441,5.0,7230.0,362
2023-05-10 09:34:40,OP90002126,创业板ETF购12月2200,0.1441,0.0,0.0,0.0,20,0.1424,0.1451,1,0.1483,0.1447,0.1448,0.1441,5.0,7230.0,362
2023-05-10 09:34:42,OP90002126,创业板ETF购12月2200,0.1441,0.0,0.0,0.0,20,0.1424,0.1451,1,0.1483,0.1447,0.1448,0.1441,5.0,7230.0,362
2023-05-10 09:34:42,OP90002126,创业板ETF购12月2200,0.1441,0.0,0.0,0.0,20,0.1424,0.1451,1,0.1483,0.1447,0.1448,0.1441,5.0,7230.0,362
2023-05-10 09:34:43,OP90002126,创业板ETF购12月2200,0.1441,0.0,0.0,0.0,20,0.1424,0.1451,1,0.1483,0.1447,0.1448,0.1441,5.0,7230.0,362
2023-05-10 09:34:43,OP90002126,创业板ETF购12月2200,0.1441,0.0,0.0,0.0,20,0.1424,0.1451,1,0.1483,0.1447,0.1448,0.1441,5.0,7230.0,362
2023-05-10 09:34:44,OP90002126,创业板ETF购12月2200,0.1441,0.0,0.0,0.0,20,0.1424,0.1451,1,0.1483,0.1447,0.1448,0.1441,5.0,7230.0,362
2023-05-10 09:34:44,OP90002126,创业板ETF购12月2200,0.1441,0.0,0.0,0.0,20,0.1424,0.1451,1,0.1483,0.1447,0.1448,0.1441,5.0,7230.0,362
2023-05-10 09:34:45,OP90002126,创业板ETF购12月2200,0.1441,0.0,0.0,0.0,20,0.1424,0.1451,1,0.1483,0.1447,0.1448,0.1441,5.0,7230.0,362
2023-05-10 09:34:46,OP90002126,创业板ETF购12月2200,0.1441,0.0,0.0,0.0,20,0.1424,0.1451,1,0.1483,0.1447,0.1448,0.1441,5.0,7230.0,362
2023-05-10 09:34:47,OP90002126,创业板ETF购12月2200,0.1441,0.0,0.0,0.0,20,0.1424,0.1451,1,0.1483,0.1447,0.1448,0.1441,5.0,7230.0,362
2023-05-10 09:34:49,OP90002126,创业板ETF购12月2200,0.1441,0.0,0.0,0.0,20,0.1424,0.145,1,0.1483,0.1447,0.1448,0.1441,5.0,7230.0,362
2023-05-10 09:34:50,OP90002126,创业板ETF购12月2200,0.1441,0.0,0.0,0.0,20,0.1424,0.145,1,0.1483,0.1447,0.1448,0.1441,5.0,7230.0,362
2023-05-10 09:34:50,OP90002126,创业板ETF购12月2200,0.1441,0.0,0.0,0.0,20,0.1424,0.145,1,0.1483,0.1447,0.1448,0.1441,5.0,7230.0,362
2023-05-10 09:34:51,OP90002126,创业板ETF购12月2200,0.1441,0.0,0.0,0.0,20,0.1424,0.145,1,0.1483,0.1447,0.1448,0.1441,5.0,7230.0,362
2023-05-10 09:34:51,OP90002126,创业板ETF购12月2200,0.1441,0.0,0.0,0.0,21,0.1424,0.145,1,0.1483,0.1447,0.1448,0.1441,5.0,7230.0,362
2023-05-10 09:34:52,OP90002126,创业板ETF购12月2200,0.1441,0.0,0.0,0.0,20,0.1425,0.145,1,0.1483,0.1447,0.1448,0.1441,5.0,7230.0,362
2023-05-10 09:34:52,OP90002126,创业板ETF购12月2200,0.1441,0.0,0.0,0.0,20,0.1425,0.145,1,0.1483,0.1447,0.1448,0.1441,5.0,7230.0,362
2023-05-10 09:34:53,OP90002126,创业板ETF购12月2200,0.1441,0.0,0.0,0.0,20,0.1425,0.145,1,0.1483,0.1447,0.1448,0.1441,5.0,7230.0,362
2023-05-10 09:34:54,OP90002126,创业板ETF购12月2200,0.1441,0.0,0.0,0.0,20,0.1425,0.145,1,0.1483,0.1447,0.1448,0.1441,5.0,7230.0,362
2023-05-10 09:34:56,OP90002126,创业板ETF购12月2200,0.1441,0.0,0.0,0.0,20,0.1428,0.145,1,0.1483,0.1447,0.1448,0.1441,5.0,7230.0,362
2023-05-10 09:34:56,OP90002126,创业板ETF购12月2200,0.1441,0.0,0.0,0.0,20,0.1429,0.145,1,0.1483,0.1447,0.1448,0.1441,5.0,7230.0,362
2023-05-10 09:34:57,OP90002126,创业板ETF购12月2200,0.1441,0.0,0.0,0.0,20,0.1429,0.145,1,0.1483,0.1447,0.1448,0.1441,5.0,7230.0,362
2023-05-10 09:34:57,OP90002126,创业板ETF购12月2200,0.1441,0.0,0.0,0.0,20,0.1429,0.145,1,0.1483,0.1447,0.1448,0.1441,5.0,7230.0,362
2023-05-10 09:34:58,OP90002126,创业板ETF购12月2200,0.1441,0.0,0.0,0.0,20,0.1429,0.145,1,0.1483,0.1447,0.1448,0.1441,5.0,7230.0,362
2023-05-10 09:34:58,OP90002126,创业板ETF购12月2200,0.1441,0.0,0.0,0.0,20,0.1429,0.145,1,0.1483,0.1447,0.1448,0.1441,5.0,7230.0,362
2023-05-10 09:34:59,OP90002126,创业板ETF购12月2200,0.1441,0.0,0.0,0.0,20,0.1429,0.145,1,0.1483,0.1447,0.1448,0.1441,5.0,7230.0,362
2023-05-10 09:34:59,OP90002126,创业板ETF购12月2200,0.1441,0.0,0.0,0.0,20,0.1429,0.1449,1,0.1483,0.1447,0.1448,0.1441,5.0,7230.0,362
2023-05-10 09:35:00,OP90002126,创业板ETF购12月2200,0.1441,0.0,0.0,0.0,20,0.1429,0.1449,1,0.1483,0.1447,0.1448,0.1441,5.0,7230.0,362
2023-05-10 09:35:00,OP90002126,创业板ETF购12月2200,0.1441,0.0,0.0,0.0,40,0.1429,0.1449,1,0.1483,0.1447,0.1448,0.1441,5.0,7230.0,362
2023-05-10 09:35:01,OP90002126,创业板ETF购12月2200,0.1441,0.0,0.0,0.0,20,0.143,0.1449,1,0.1483,0.1447,0.1448,0.1441,5.0,7230.0,362
2023-05-10 09:35:02,OP90002126,创业板ETF购12月2200,0.1441,0.0,0.0,0.0,20,0.143,0.1452,1,0.1483,0.1447,0.1448,0.1441,5.0,7230.0,362
2023-05-10 09:35:03,OP90002126,创业板ETF购12月2200,0.1441,0.0,0.0,0.0,20,0.143,0.1452,1,0.1483,0.1447,0.1448,0.1441,5.0,7230.0,362
2023-05-10 09:35:03,OP90002126,创业板ETF购12月2200,0.1441,0.0,0.0,0.0,20,0.143,0.1452,1,0.1483,0.1447,0.1448,0.1441,5.0,7230.0,362
2023-05-10 09:35:04,OP90002126,创业板ETF购12月2200,0.1441,0.0,0.0,0.0,20,0.143,0.1452,21,0.1483,0.1447,0.1448,0.1441,5.0,7230.0,362
2023-05-10 09:35:04,OP90002126,创业板ETF购12月2200,0.1441,0.0,0.0,0.0,20,0.143,0.1451,20,0.1483,0.1447,0.1448,0.1441,5.0,7230.0,362
2023-05-10 09:35:05,OP90002126,创业板ETF购12月2200,0.1441,0.0,0.0,0.0,71,0.1428,0.1451,20,0.1483,0.1447,0.1448,0.1441,5.0,7230.0,362
2023-05-10 09:35:05,OP90002126,创业板ETF购12月2200,0.1441,0.0,0.0,0.0,20,0.1429,0.1452,21,0.1483,0.1447,0.1448,0.1441,5.0,7230.0,362
2023-05-10 09:35:06,OP90002126,创业板ETF购12月2200,0.1441,0.0,0.0,0.0,61,0.1428,0.1451,20,0.1483,0.1447,0.1448,0.1441,5.0,7230.0,362
2023-05-10 09:35:06,OP90002126,创业板ETF购12月2200,0.1441,0.0,0.0,0.0,1,0.1429,0.1451,20,0.1483,0.1447,0.1448,0.1441,5.0,7230.0,362
2023-05-10 09:35:07,OP90002126,创业板ETF购12月2200,0.1441,0.0,0.0,0.0,1,0.1429,0.1451,20,0.1483,0.1447,0.1448,0.1441,5.0,7230.0,362
2023-05-10 09:35:07,OP90002126,创业板ETF购12月2200,0.1441,0.0,0.0,0.0,1,0.1429,0.1451,20,0.1483,0.1447,0.1448,0.1441,5.0,7230.0,362
2023-05-10 09:35:08,OP90002126,创业板ETF购12月2200,0.1441,0.0,0.0,0.0,1,0.1429,0.1451,20,0.1483,0.1447,0.1448,0.1441,5.0,7230.0,362
2023-05-10 09:35:08,OP90002126,创业板ETF购12月2200,0.1441,0.0,0.0,0.0,1,0.1429,0.1451,20,0.1483,0.1447,0.1448,0.1441,5.0,7230.0,362
2023-05-10 09:35:09,OP90002126,创业板ETF购12月2200,0.1441,0.0,0.0,0.0,1,0.1429,0.1451,20,0.1483,0.1447,0.1448,0.1441,5.0,7230.0,362
2023-05-10 09:35:10,OP90002126,创业板ETF购12月2200,0.1441,0.0,0.0,0.0,1,0.1429,0.1451,20,0.1483,0.1447,0.1448,0.1441,5.0,7230.0,362
2023-05-10 09:35:12,OP90002126,创业板ETF购12月2200,0.1441,0.0,0.0,0.0,1,0.1429,0.1451,20,0.1483,0.1447,0.1448,0.1441,5.0,7230.0,362
2023-05-10 09:35:13,OP90002126,创业板ETF购12月2200,0.1441,0.0,0.0,0.0,1,0.1429,0.1451,20,0.1483,0.1447,0.1448,0.1441,5.0,7230.0,362
2023-05-10 09:35:14,OP90002126,创业板ETF购12月2200,0.1441,0.0,0.0,0.0,1,0.1429,0.1451,20,0.1483,0.1447,0.1448,0.1441,5.0,7230.0,362
2023-05-10 09:35:14,OP90002126,创业板ETF购12月2200,0.1441,0.0,0.0,0.0,20,0.143,0.1451,20,0.1483,0.1447,0.1448,0.1441,5.0,7230.0,362
2023-05-10 09:35:16,OP90002126,创业板ETF购12月2200,0.1441,0.0,0.0,0.0,21,0.143,0.1451,20,0.1483,0.1447,0.1448,0.1441,5.0,7230.0,362
2023-05-10 09:35:17,OP90002126,创业板ETF购12月2200,0.1441,0.0,0.0,0.0,1,0.143,0.1451,20,0.1483,0.1447,0.1448,0.1441,5.0,7230.0,362
2023-05-10 09:35:17,OP90002126,创业板ETF购12月2200,0.1441,0.0,0.0,0.0,1,0.143,0.1451,20,0.1483,0.1447,0.1448,0.1441,5.0,7230.0,362
2023-05-10 09:35:18,OP90002126,创业板ETF购12月2200,0.1441,0.0,0.0,0.0,1,0.143,0.1451,20,0.1483,0.1447,0.1448,0.1441,5.0,7230.0,362
2023-05-10 09:35:18,OP90002126,创业板ETF购12月2200,0.1441,0.0,0.0,0.0,1,0.143,0.1451,30,0.1483,0.1447,0.1448,0.1441,5.0,7230.0,362
2023-05-10 09:35:19,OP90002126,创业板ETF购12月2200,0.1441,0.0,0.0,0.0,1,0.143,0.145,20,0.1483,0.1447,0.1448,0.1441,5.0,7230.0,362
2023-05-10 09:35:19,OP90002126,创业板ETF购12月2200,0.1441,0.0,0.0,0.0,1,0.143,0.1451,20,0.1483,0.1447,0.1448,0.1441,5.0,7230.0,362
2023-05-10 09:35:20,OP90002126,创业板ETF购12月2200,0.1441,0.0,0.0,0.0,1,0.143,0.1451,20,0.1483,0.1447,0.1448,0.1441,5.0,7230.0,362
2023-05-10 09:35:22,OP90002126,创业板ETF购12月2200,0.1441,0.0,0.0,0.0,1,0.143,0.1451,20,0.1483,0.1447,0.1448,0.1441,5.0,7230.0,362
2023-05-10 09:35:22,OP90002126,创业板ETF购12月2200,0.1441,0.0,0.0,0.0,1,0.143,0.1451,21,0.1483,0.1447,0.1448,0.1441,5.0,7230.0,362
2023-05-10 09:35:23,OP90002126,创业板ETF购12月2200,0.1441,0.0,0.0,0.0,1,0.143,0.145,20,0.1483,0.1447,0.1448,0.1441,5.0,7230.0,362
2023-05-10 09:35:23,OP90002126,创业板ETF购12月2200,0.1441,0.0,0.0,0.0,1,0.143,0.145,20,0.1483,0.1447,0.1448,0.1441,5.0,7230.0,362
2023-05-10 09:35:24,OP90002126,创业板ETF购12月2200,0.1441,0.0,0.0,0.0,1,0.143,0.145,20,0.1483,0.1447,0.1448,0.1441,5.0,7230.0,362
2023-05-10 09:35:26,OP90002126,创业板ETF购12月2200,0.1441,0.0,0.0,0.0,1,0.143,0.145,20,0.1483,0.1447,0.1448,0.1441,5.0,7230.0,362
2023-05-10 09:35:27,OP90002126,创业板ETF购12月2200,0.1441,0.0,0.0,0.0,1,0.1431,0.145,20,0.1483,0.1447,0.1448,0.1441,5.0,7230.0,362
2023-05-10 09:35:27,OP90002126,创业板ETF购12月2200,0.1441,0.0,0.0,0.0,1,0.1431,0.145,21,0.1483,0.1447,0.1448,0.1441,5.0,7230.0,362
2023-05-10 09:35:28,OP90002126,创业板ETF购12月2200,0.1441,0.0,0.0,0.0,1,0.1431,0.1449,20,0.1483,0.1447,0.1448,0.1441,5.0,7230.0,362
2023-05-10 09:35:29,OP90002126,创业板ETF购12月2200,0.1441,0.0,0.0,0.0,1,0.1431,0.1449,20,0.1483,0.1447,0.1448,0.1441,5.0,7230.0,362
2023-05-10 09:35:29,OP90002126,创业板ETF购12月2200,0.1441,0.0,0.0,0.0,1,0.1431,0.1449,20,0.1483,0.1447,0.1448,0.1441,5.0,7230.0,362
2023-05-10 09:35:30,OP90002126,创业板ETF购12月2200,0.1441,0.0,0.0,0.0,1,0.1431,0.1449,20,0.1483,0.1447,0.1448,0.1441,5.0,7230.0,362
2023-05-10 09:35:31,OP90002126,创业板ETF购12月2200,0.1441,0.0,0.0,0.0,1,0.1431,0.1449,20,0.1483,0.1447,0.1448,0.1441,5.0,7230.0,362
2023-05-10 09:35:31,OP90002126,创业板ETF购12月2200,0.1441,0.0,0.0,0.0,1,0.1431,0.1449,20,0.1483,0.1447,0.1448,0.1441,5.0,7230.0,362
2023-05-10 09:35:32,OP90002126,创业板ETF购12月2200,0.1441,0.0,0.0,0.0,1,0.1431,0.1449,20,0.1483,0.1447,0.1448,0.1441,5.0,7230.0,362
2023-05-10 09:35:32,OP90002126,创业板ETF购12月2200,0.1441,0.0,0.0,0.0,1,0.1431,0.1449,20,0.1483,0.1447,0.1448,0.1441,5.0,7230.0,362
2023-05-10 09:35:33,OP90002126,创业板ETF购12月2200,0.1441,0.0,0.0,0.0,1,0.1431,0.1449,20,0.1483,0.1447,0.1448,0.1441,5.0,7230.0,362
2023-05-10 09:35:33,OP90002126,创业板ETF购12月2200,0.1441,0.0,0.0,0.0,1,0.1431,0.1449,20,0.1483,0.1447,0.1448,0.1441,5.0,7230.0,362
2023-05-10 09:35:34,OP90002126,创业板ETF购12月2200,0.1441,0.0,0.0,0.0,21,0.1431,0.1449,20,0.1483,0.1447,0.1448,0.1441,5.0,7230.0,362
2023-05-10 09:35:34,OP90002126,创业板ETF购12月2200,0.1441,0.0,0.0,0.0,21,0.1431,0.1449,20,0.1483,0.1447,0.1448,0.1441,5.0,7230.0,362
2023-05-10 09:35:36,OP90002126,创业板ETF购12月2200,0.1441,0.0,0.0,0.0,21,0.1431,0.1449,20,0.1483,0.1447,0.1448,0.1441,5.0,7230.0,362
2023-05-10 09:35:36,OP90002126,创业板ETF购12月2200,0.1441,0.0,0.0,0.0,21,0.1431,0.1449,20,0.1483,0.1447,0.1448,0.1441,5.0,7230.0,362
2023-05-10 09:35:37,OP90002126,创业板ETF购12月2200,0.1441,0.0,0.0,0.0,1,0.1432,0.1449,20,0.1483,0.1447,0.1448,0.1441,5.0,7230.0,362
2023-05-10 09:35:37,OP90002126,创业板ETF购12月2200,0.1441,0.0,0.0,0.0,1,0.1432,0.1449,21,0.1483,0.1447,0.1448,0.1441,5.0,7230.0,362
2023-05-10 09:35:38,OP90002126,创业板ETF购12月2200,0.1441,0.0,0.0,0.0,1,0.1432,0.1448,20,0.1483,0.1447,0.1448,0.1441,5.0,7230.0,362
2023-05-10 09:35:38,OP90002126,创业板ETF购12月2200,0.1441,0.0,0.0,0.0,1,0.1432,0.1448,20,0.1483,0.1447,0.1448,0.1441,5.0,7230.0,362
2023-05-10 09:35:39,OP90002126,创业板ETF购12月2200,0.1441,0.0,0.0,0.0,1,0.1432,0.1448,20,0.1483,0.1447,0.1448,0.1441,5.0,7230.0,362
2023-05-10 09:35:44,OP90002126,创业板ETF购12月2200,0.1441,0.0,0.0,0.0,1,0.1432,0.1448,20,0.1483,0.1447,0.1448,0.1441,5.0,7230.0,362
2023-05-10 09:35:45,OP90002126,创业板ETF购12月2200,0.1441,0.0,0.0,0.0,1,0.1432,0.1448,20,0.1483,0.1447,0.1448,0.1441,5.0,7230.0,362
2023-05-10 09:35:45,OP90002126,创业板ETF购12月2200,0.1441,0.0,0.0,0.0,1,0.1432,0.1448,20,0.1483,0.1447,0.1448,0.1441,5.0,7230.0,362
2023-05-10 09:35:47,OP90002126,创业板ETF购12月2200,0.1441,0.0,0.0,0.0,1,0.1433,0.1448,20,0.1483,0.1447,0.1448,0.1441,5.0,7230.0,362
2023-05-10 09:35:47,OP90002126,创业板ETF购12月2200,0.1441,0.0,0.0,0.0,1,0.1433,0.1448,20,0.1483,0.1447,0.1448,0.1441,5.0,7230.0,362
2023-05-10 09:35:48,OP90002126,创业板ETF购12月2200,0.1441,0.0,0.0,0.0,1,0.1433,0.1448,20,0.1483,0.1447,0.1448,0.1441,5.0,7230.0,362
2023-05-10 09:35:48,OP90002126,创业板ETF购12月2200,0.1441,0.0,0.0,0.0,1,0.1433,0.1448,20,0.1483,0.1447,0.1448,0.1441,5.0,7230.0,362
2023-05-10 09:35:49,OP90002126,创业板ETF购12月2200,0.1441,0.0,0.0,0.0,1,0.1433,0.1448,20,0.1483,0.1447,0.1448,0.1441,5.0,7230.0,362
2023-05-10 09:35:49,OP90002126,创业板ETF购12月2200,0.1441,0.0,0.0,0.0,1,0.1433,0.1448,20,0.1483,0.1447,0.1448,0.1441,5.0,7230.0,362
2023-05-10 09:35:50,OP90002126,创业板ETF购12月2200,0.1441,0.0,0.0,0.0,1,0.1433,0.1449,21,0.1483,0.1447,0.1448,0.1441,5.0,7230.0,362
2023-05-10 09:35:50,OP90002126,创业板ETF购12月2200,0.1441,0.0,0.0,0.0,1,0.1433,0.1448,1,0.1483,0.1447,0.1448,0.1441,5.0,7230.0,362
2023-05-10 09:35:51,OP90002126,创业板ETF购12月2200,0.1441,0.0,0.0,0.0,1,0.1433,0.1448,1,0.1483,0.1447,0.1448,0.1441,5.0,7230.0,362
2023-05-10 09:35:52,OP90002126,创业板ETF购12月2200,0.1441,0.0,0.0,0.0,1,0.1433,0.1448,21,0.1483,0.1447,0.1448,0.1441,5.0,7230.0,362
2023-05-10 09:35:52,OP90002126,创业板ETF购12月2200,0.1441,0.0,0.0,0.0,1,0.1433,0.1448,1,0.1483,0.1447,0.1448,0.1441,5.0,7230.0,362
2023-05-10 09:35:53,OP90002126,创业板ETF购12月2200,0.1441,0.0,0.0,0.0,1,0.1433,0.1448,1,0.1483,0.1447,0.1448,0.1441,5.0,7230.0,362
2023-05-10 09:35:54,OP90002126,创业板ETF购12月2200,0.1441,0.0,0.0,0.0,1,0.1433,0.1448,1,0.1483,0.1447,0.1448,0.1441,5.0,7230.0,362
2023-05-10 09:35:55,OP90002126,创业板ETF购12月2200,0.1441,0.0,0.0,0.0,1,0.1433,0.1448,1,0.1483,0.1447,0.1448,0.1441,5.0,7230.0,362
2023-05-10 09:35:55,OP90002126,创业板ETF购12月2200,0.1441,0.0,0.0,0.0,21,0.1433,0.1448,1,0.1483,0.1447,0.1448,0.1441,5.0,7230.0,362
2023-05-10 09:35:56,OP90002126,创业板ETF购12月2200,0.1441,0.0,0.0,0.0,1,0.1433,0.1448,1,0.1483,0.1447,0.1448,0.1441,5.0,7230.0,362
2023-05-10 09:35:56,OP90002126,创业板ETF购12月2200,0.1441,0.0,0.0,0.0,21,0.1433,0.1448,1,0.1483,0.1447,0.1448,0.1441,5.0,7230.0,362
2023-05-10 09:35:57,OP90002126,创业板ETF购12月2200,0.1441,0.0,0.0,0.0,1,0.1434,0.1448,1,0.1483,0.1447,0.1448,0.1441,5.0,7230.0,362
2023-05-10 09:35:58,OP90002126,创业板ETF购12月2200,0.1441,0.0,0.0,0.0,1,0.1434,0.1448,1,0.1483,0.1447,0.1448,0.1441,5.0,7230.0,362
2023-05-10 09:35:59,OP90002126,创业板ETF购12月2200,0.1441,0.0,0.0,0.0,1,0.1434,0.1448,1,0.1483,0.1447,0.1448,0.1441,5.0,7230.0,362
2023-05-10 09:35:59,OP90002126,创业板ETF购12月2200,0.1441,0.0,0.0,0.0,1,0.1434,0.1448,1,0.1483,0.1447,0.1448,0.1441,5.0,7230.0,362
2023-05-10 09:36:00,OP90002126,创业板ETF购12月2200,0.1441,0.0,0.0,0.0,21,0.1434,0.1448,1,0.1483,0.1447,0.1448,0.1441,5.0,7230.0,362
2023-05-10 09:36:00,OP90002126,创业板ETF购12月2200,0.1441,0.0,0.0,0.0,21,0.1434,0.1447,1,0.1483,0.1447,0.1448,0.1441,5.0,7230.0,362
2023-05-10 09:36:01,OP90002126,创业板ETF购12月2200,0.1441,0.0,0.0,0.0,21,0.1434,0.1447,1,0.1483,0.1447,0.1448,0.1441,5.0,7230.0,362
2023-05-10 09:36:01,OP90002126,创业板ETF购12月2200,0.1441,0.0,0.0,0.0,1,0.1434,0.1447,1,0.1483,0.1447,0.1448,0.1441,5.0,7230.0,362
2023-05-10 09:36:02,OP90002126,创业板ETF购12月2200,0.1441,0.0,0.0,0.0,21,0.1434,0.1447,1,0.1483,0.1447,0.1448,0.1441,5.0,7230.0,362
2023-05-10 09:36:04,OP90002126,创业板ETF购12月2200,0.1441,0.0,0.0,0.0,21,0.1434,0.1447,1,0.1483,0.1447,0.1448,0.1441,5.0,7230.0,362
2023-05-10 09:36:06,OP90002126,创业板ETF购12月2200,0.1441,0.0,0.0,0.0,1,0.1434,0.1447,1,0.1483,0.1447,0.1448,0.1441,5.0,7230.0,362
2023-05-10 09:36:07,OP90002126,创业板ETF购12月2200,0.1441,0.0,0.0,0.0,1,0.1435,0.1447,1,0.1483,0.1447,0.1448,0.1441,5.0,7230.0,362
2023-05-10 09:36:10,OP90002126,创业板ETF购12月2200,0.1441,0.0,0.0,0.0,21,0.1435,0.1447,1,0.1483,0.1447,0.1448,0.1441,5.0,7230.0,362
2023-05-10 09:36:10,OP90002126,创业板ETF购12月2200,0.1441,0.0,0.0,0.0,41,0.1435,0.1447,1,0.1483,0.1447,0.1448,0.1441,5.0,7230.0,362
2023-05-10 09:36:11,OP90002126,创业板ETF购12月2200,0.1441,0.0,0.0,0.0,21,0.1435,0.1447,1,0.1483,0.1447,0.1448,0.1441,5.0,7230.0,362
2023-05-10 09:36:11,OP90002126,创业板ETF购12月2200,0.1441,0.0,0.0,0.0,21,0.1435,0.1447,1,0.1483,0.1447,0.1448,0.1441,5.0,7230.0,362
2023-05-10 09:36:13,OP90002126,创业板ETF购12月2200,0.1441,0.0,0.0,0.0,21,0.1435,0.1447,1,0.1483,0.1447,0.1448,0.1441,5.0,7230.0,362
2023-05-10 09:36:13,OP90002126,创业板ETF购12月2200,0.1441,0.0,0.0,0.0,21,0.1435,0.1447,1,0.1483,0.1447,0.1448,0.1441,5.0,7230.0,362
2023-05-10 09:36:14,OP90002126,创业板ETF购12月2200,0.1441,0.0,0.0,0.0,21,0.1435,0.1447,1,0.1483,0.1447,0.1448,0.1441,5.0,7230.0,362
2023-05-10 09:36:15,OP90002126,创业板ETF购12月2200,0.1441,0.0,0.0,0.0,21,0.1435,0.1447,1,0.1483,0.1447,0.1448,0.1441,5.0,7230.0,362
2023-05-10 09:36:17,OP90002126,创业板ETF购12月2200,0.1441,0.0,0.0,0.0,1,0.1436,0.1447,1,0.1483,0.1447,0.1448,0.1441,5.0,7230.0,362
2023-05-10 09:36:17,OP90002126,创业板ETF购12月2200,0.1441,0.0,0.0,0.0,1,0.1436,0.1446,1,0.1483,0.1447,0.1448,0.1441,5.0,7230.0,362
2023-05-10 09:36:18,OP90002126,创业板ETF购12月2200,0.1441,0.0,0.0,0.0,1,0.1436,0.1446,1,0.1483,0.1447,0.1448,0.1441,5.0,7230.0,362
2023-05-10 09:36:22,OP90002126,创业板ETF购12月2200,0.1441,0.0,0.0,0.0,21,0.1436,0.1446,1,0.1483,0.1447,0.1448,0.1441,5.0,7230.0,362
2023-05-10 09:36:23,OP90002126,创业板ETF购12月2200,0.1441,0.0,0.0,0.0,21,0.1436,0.1446,1,0.1483,0.1447,0.1448,0.1441,5.0,7230.0,362
2023-05-10 09:36:25,OP90002126,创业板ETF购12月2200,0.1441,0.0,0.0,0.0,21,0.1436,0.1446,1,0.1483,0.1447,0.1448,0.1441,5.0,7230.0,362
2023-05-10 09:36:27,OP90002126,创业板ETF购12月2200,0.1441,0.0,0.0,0.0,1,0.1437,0.1445,1,0.1483,0.1447,0.1448,0.1441,5.0,7230.0,362
2023-05-10 09:36:28,OP90002126,创业板ETF购12月2200,0.1441,0.0,0.0,0.0,1,0.1437,0.1445,1,0.1483,0.1447,0.1448,0.1441,5.0,7230.0,362
2023-05-10 09:36:28,OP90002126,创业板ETF购12月2200,0.1441,0.0,0.0,0.0,1,0.1437,0.1445,1,0.1483,0.1447,0.1448,0.1441,5.0,7230.0,362
2023-05-10 09:36:29,OP90002126,创业板ETF购12月2200,0.1441,0.0,0.0,0.0,1,0.1437,0.1452,20,0.1483,0.1447,0.1448,0.1441,5.0,7230.0,362
2023-05-10 09:36:30,OP90002126,创业板ETF购12月2200,0.1441,0.0,0.0,0.0,1,0.1437,0.1452,1,0.1483,0.1447,0.1448,0.1441,5.0,7230.0,362
2023-05-10 09:36:30,OP90002126,创业板ETF购12月2200,0.1441,0.0,0.0,0.0,1,0.1437,0.1452,1,0.1483,0.1447,0.1448,0.1441,5.0,7230.0,362
2023-05-10 09:36:32,OP90002126,创业板ETF购12月2200,0.1441,0.0,0.0,0.0,1,0.1437,0.1452,1,0.1483,0.1447,0.1448,0.1441,5.0,7230.0,362
2023-05-10 09:36:32,OP90002126,创业板ETF购12月2200,0.1441,0.0,0.0,0.0,1,0.1437,0.1452,21,0.1483,0.1447,0.1448,0.1441,5.0,7230.0,362
2023-05-10 09:36:33,OP90002126,创业板ETF购12月2200,0.1441,0.0,0.0,0.0,1,0.1437,0.1451,20,0.1483,0.1447,0.1448,0.1441,5.0,7230.0,362
2023-05-10 09:36:34,OP90002126,创业板ETF购12月2200,0.1441,0.0,0.0,0.0,1,0.1437,0.1451,20,0.1483,0.1447,0.1448,0.1441,5.0,7230.0,362
2023-05-10 09:36:35,OP90002126,创业板ETF购12月2200,0.1441,0.0,0.0,0.0,1,0.1437,0.1451,20,0.1483,0.1447,0.1448,0.1441,5.0,7230.0,362
2023-05-10 09:36:36,OP90002126,创业板ETF购12月2200,0.1441,0.0,0.0,0.0,1,0.1437,0.1451,20,0.1483,0.1447,0.1448,0.1441,5.0,7230.0,362
2023-05-10 09:36:37,OP90002126,创业板ETF购12月2200,0.1441,0.0,0.0,0.0,1,0.1438,0.1451,20,0.1483,0.1447,0.1448,0.1441,5.0,7230.0,362
2023-05-10 09:36:38,OP90002126,创业板ETF购12月2200,0.1441,0.0,0.0,0.0,1,0.1438,0.1452,21,0.1483,0.1447,0.1448,0.1441,5.0,7230.0,362
2023-05-10 09:36:39,OP90002126,创业板ETF购12月2200,0.1441,0.0,0.0,0.0,1,0.1438,0.1452,21,0.1483,0.1447,0.1448,0.1441,5.0,7230.0,362
2023-05-10 09:36:40,OP90002126,创业板ETF购12月2200,0.1441,0.0,0.0,0.0,1,0.1438,0.1451,1,0.1483,0.1447,0.1448,0.1441,5.0,7230.0,362
2023-05-10 09:36:44,OP90002126,创业板ETF购12月2200,0.1441,0.0,0.0,0.0,1,0.1438,0.1451,1,0.1483,0.1447,0.1448,0.1441,5.0,7230.0,362
2023-05-10 09:36:44,OP90002126,创业板ETF购12月2200,0.1441,0.0,0.0,0.0,1,0.1438,0.1451,1,0.1483,0.1447,0.1448,0.1441,5.0,7230.0,362
2023-05-10 09:36:46,OP90002126,创业板ETF购12月2200,0.1441,0.0,0.0,0.0,1,0.1438,0.1451,21,0.1483,0.1447,0.1448,0.1441,5.0,7230.0,362
2023-05-10 09:36:47,OP90002126,创业板ETF购12月2200,0.1441,0.0,0.0,0.0,1,0.1438,0.1451,21,0.1483,0.1447,0.1448,0.1441,5.0,7230.0,362
2023-05-10 09:36:47,OP90002126,创业板ETF购12月2200,0.1441,0.0,0.0,0.0,1,0.1439,0.1451,21,0.1483,0.1447,0.1448,0.1441,5.0,7230.0,362
2023-05-10 09:36:48,OP90002126,创业板ETF购12月2200,0.1441,0.0,0.0,0.0,1,0.1439,0.1451,1,0.1483,0.1447,0.1448,0.1441,5.0,7230.0,362
2023-05-10 09:36:48,OP90002126,创业板ETF购12月2200,0.1441,0.0,0.0,0.0,1,0.1439,0.1451,21,0.1483,0.1447,0.1448,0.1441,5.0,7230.0,362
2023-05-10 09:36:50,OP90002126,创业板ETF购12月2200,0.1441,0.0,0.0,0.0,1,0.1439,0.145,1,0.1483,0.1447,0.1448,0.1441,5.0,7230.0,362
2023-05-10 09:36:50,OP90002126,创业板ETF购12月2200,0.1441,0.0,0.0,0.0,1,0.1439,0.145,1,0.1483,0.1447,0.1448,0.1441,5.0,7230.0,362
2023-05-10 09:36:51,OP90002126,创业板ETF购12月2200,0.1441,0.0,0.0,0.0,1,0.1439,0.145,1,0.1483,0.1447,0.1448,0.1441,5.0,7230.0,362
2023-05-10 09:36:53,OP90002126,创业板ETF购12月2200,0.1441,0.0,0.0,0.0,1,0.1439,0.145,1,0.1483,0.1447,0.1448,0.1441,5.0,7230.0,362
2023-05-10 09:36:54,OP90002126,创业板ETF购12月2200,0.1441,0.0,0.0,0.0,1,0.1439,0.145,1,0.1483,0.1447,0.1448,0.1441,5.0,7230.0,362
2023-05-10 09:36:54,OP90002126,创业板ETF购12月2200,0.1441,0.0,0.0,0.0,1,0.1439,0.145,1,0.1483,0.1447,0.1448,0.1441,5.0,7230.0,362
2023-05-10 09:36:55,OP90002126,创业板ETF购12月2200,0.1441,0.0,0.0,0.0,21,0.1439,0.145,1,0.1483,0.1447,0.1448,0.1441,5.0,7230.0,362
2023-05-10 09:36:55,OP90002126,创业板ETF购12月2200,0.1441,0.0,0.0,0.0,20,0.144,0.145,1,0.1483,0.1447,0.1448,0.1441,5.0,7230.0,362
2023-05-10 09:36:56,OP90002126,创业板ETF购12月2200,0.1441,0.0,0.0,0.0,20,0.144,0.145,1,0.1483,0.1447,0.1448,0.1441,5.0,7230.0,362
2023-05-10 09:36:56,OP90002126,创业板ETF购12月2200,0.1441,0.0,0.0,0.0,20,0.144,0.1456,20,0.1483,0.1447,0.1448,0.1441,5.0,7230.0,362
2023-05-10 09:36:57,OP90002126,创业板ETF购12月2200,0.1441,0.0,0.0,0.0,40,0.144,0.1456,1,0.1483,0.1447,0.1448,0.1441,5.0,7230.0,362
2023-05-10 09:36:57,OP90002126,创业板ETF购12月2200,0.1441,0.0,0.0,0.0,20,0.1441,0.1456,1,0.1483,0.1447,0.1448,0.1441,5.0,7230.0,362
2023-05-10 09:36:58,OP90002126,创业板ETF购12月2200,0.1441,0.0,0.0,0.0,20,0.1441,0.1456,1,0.1483,0.1447,0.1448,0.1441,5.0,7230.0,362
2023-05-10 09:36:58,OP90002126,创业板ETF购12月2200,0.1441,0.0,0.0,0.0,20,0.1441,0.1456,1,0.1483,0.1447,0.1448,0.1441,5.0,7230.0,362
2023-05-10 09:36:59,OP90002126,创业板ETF购12月2200,0.1441,0.0,0.0,0.0,40,0.144,0.1456,1,0.1483,0.1447,0.1448,0.1441,5.0,7230.0,362
2023-05-10 09:37:00,OP90002126,创业板ETF购12月2200,0.1441,0.0,0.0,0.0,40,0.144,0.1456,1,0.1483,0.1447,0.1448,0.1441,5.0,7230.0,362
2023-05-10 09:37:01,OP90002126,创业板ETF购12月2200,0.1441,0.0,0.0,0.0,20,0.144,0.1456,1,0.1483,0.1447,0.1448,0.1441,5.0,7230.0,362
2023-05-10 09:37:01,OP90002126,创业板ETF购12月2200,0.1441,0.0,0.0,0.0,1,0.1439,0.1456,21,0.1483,0.1447,0.1448,0.1441,5.0,7230.0,362
2023-05-10 09:37:02,OP90002126,创业板ETF购12月2200,0.1441,0.0,0.0,0.0,1,0.144,0.1455,20,0.1483,0.1447,0.1448,0.1441,5.0,7230.0,362
2023-05-10 09:37:02,OP90002126,创业板ETF购12月2200,0.1441,0.0,0.0,0.0,1,0.144,0.1455,20,0.1483,0.1447,0.1448,0.1441,5.0,7230.0,362
2023-05-10 09:37:03,OP90002126,创业板ETF购12月2200,0.1441,0.0,0.0,0.0,1,0.144,0.1455,20,0.1483,0.1447,0.1448,0.1441,5.0,7230.0,362
2023-05-10 09:37:03,OP90002126,创业板ETF购12月2200,0.1441,0.0,0.0,0.0,1,0.144,0.1458,20,0.1483,0.1447,0.1448,0.1441,5.0,7230.0,362
2023-05-10 09:37:04,OP90002126,创业板ETF购12月2200,0.1441,0.0,0.0,0.0,1,0.144,0.1458,20,0.1483,0.1447,0.1448,0.1441,5.0,7230.0,362
2023-05-10 09:37:05,OP90002126,创业板ETF购12月2200,0.1441,0.0,0.0,0.0,1,0.144,0.1458,20,0.1483,0.1447,0.1448,0.1441,5.0,7230.0,362
2023-05-10 09:37:06,OP90002126,创业板ETF购12月2200,0.1441,0.0,0.0,0.0,1,0.144,0.1454,20,0.1483,0.1447,0.1448,0.1441,5.0,7230.0,362
2023-05-10 09:37:06,OP90002126,创业板ETF购12月2200,0.144,1.0,1440.0,0.0,1,0.144,0.1453,20,0.1483,0.1447,0.1448,0.144,6.0,8670.0,362
2023-05-10 09:37:07,OP90002126,创业板ETF购12月2200,0.144,0.0,0.0,0.0,1,0.144,0.1453,20,0.1483,0.1447,0.1448,0.144,6.0,8670.0,362
2023-05-10 09:37:07,OP90002126,创业板ETF购12月2200,0.144,0.0,0.0,0.0,1,0.144,0.1453,21,0.1483,0.1447,0.1448,0.144,6.0,8670.0,362
2023-05-10 09:37:08,OP90002126,创业板ETF购12月2200,0.144,0.0,0.0,0.0,1,0.144,0.1452,20,0.1483,0.1447,0.1448,0.144,6.0,8670.0,362
2023-05-10 09:37:08,OP90002126,创业板ETF购12月2200,0.144,0.0,0.0,0.0,1,0.144,0.1452,20,0.1483,0.1447,0.1448,0.144,6.0,8670.0,362
2023-05-10 09:37:09,OP90002126,创业板ETF购12月2200,0.144,0.0,0.0,0.0,1,0.144,0.1452,20,0.1483,0.1447,0.1448,0.144,6.0,8670.0,362
2023-05-10 09:37:09,OP90002126,创业板ETF购12月2200,0.144,0.0,0.0,0.0,1,0.144,0.1452,20,0.1483,0.1447,0.1448,0.144,6.0,8670.0,362
2023-05-10 09:37:10,OP90002126,创业板ETF购12月2200,0.144,0.0,0.0,0.0,1,0.144,0.1453,21,0.1483,0.1447,0.1448,0.144,6.0,8670.0,362
2023-05-10 09:37:10,OP90002126,创业板ETF购12月2200,0.144,0.0,0.0,0.0,1,0.144,0.1453,1,0.1483,0.1447,0.1448,0.144,6.0,8670.0,362
2023-05-10 09:37:11,OP90002126,创业板ETF购12月2200,0.144,0.0,0.0,0.0,1,0.144,0.1453,1,0.1483,0.1447,0.1448,0.144,6.0,8670.0,362
2023-05-10 09:37:11,OP90002126,创业板ETF购12月2200,0.144,0.0,0.0,0.0,1,0.144,0.1453,1,0.1483,0.1447,0.1448,0.144,6.0,8670.0,362
2023-05-10 09:37:12,OP90002126,创业板ETF购12月2200,0.144,0.0,0.0,0.0,1,0.144,0.1453,1,0.1483,0.1447,0.1448,0.144,6.0,8670.0,362
2023-05-10 09:37:14,OP90002126,创业板ETF购12月2200,0.144,0.0,0.0,0.0,1,0.144,0.1453,1,0.1483,0.1447,0.1448,0.144,6.0,8670.0,362
2023-05-10 09:37:15,OP90002126,创业板ETF购12月2200,0.144,0.0,0.0,0.0,1,0.144,0.1453,1,0.1483,0.1447,0.1448,0.144,6.0,8670.0,362
2023-05-10 09:37:16,OP90002126,创业板ETF购12月2200,0.144,0.0,0.0,0.0,1,0.144,0.1453,1,0.1483,0.1447,0.1448,0.144,6.0,8670.0,362
2023-05-10 09:37:16,OP90002126,创业板ETF购12月2200,0.144,0.0,0.0,0.0,1,0.1441,0.1453,1,0.1483,0.1447,0.1448,0.144,6.0,8670.0,362
2023-05-10 09:37:17,OP90002126,创业板ETF购12月2200,0.144,0.0,0.0,0.0,1,0.1441,0.1453,1,0.1483,0.1447,0.1448,0.144,6.0,8670.0,362
2023-05-10 09:37:20,OP90002126,创业板ETF购12月2200,0.144,0.0,0.0,0.0,1,0.1441,0.1453,21,0.1483,0.1447,0.1448,0.144,6.0,8670.0,362
2023-05-10 09:37:20,OP90002126,创业板ETF购12月2200,0.144,0.0,0.0,0.0,1,0.1441,0.1453,21,0.1483,0.1447,0.1448,0.144,6.0,8670.0,362
2023-05-10 09:37:21,OP90002126,创业板ETF购12月2200,0.144,0.0,0.0,0.0,1,0.1441,0.1453,1,0.1483,0.1447,0.1448,0.144,6.0,8670.0,362
2023-05-10 09:37:23,OP90002126,创业板ETF购12月2200,0.144,0.0,0.0,0.0,1,0.1441,0.1453,21,0.1483,0.1447,0.1448,0.144,6.0,8670.0,362
2023-05-10 09:37:23,OP90002126,创业板ETF购12月2200,0.144,0.0,0.0,0.0,1,0.1441,0.1452,1,0.1483,0.1447,0.1448,0.144,6.0,8670.0,362
2023-05-10 09:37:24,OP90002126,创业板ETF购12月2200,0.144,0.0,0.0,0.0,1,0.1441,0.1452,21,0.1483,0.1447,0.1448,0.144,6.0,8670.0,362
2023-05-10 09:37:24,OP90002126,创业板ETF购12月2200,0.144,0.0,0.0,0.0,1,0.1441,0.1451,20,0.1483,0.1447,0.1448,0.144,6.0,8670.0,362
2023-05-10 09:37:25,OP90002126,创业板ETF购12月2200,0.144,0.0,0.0,0.0,1,0.1441,0.1451,20,0.1483,0.1447,0.1448,0.144,6.0,8670.0,362
2023-05-10 09:37:26,OP90002126,创业板ETF购12月2200,0.144,0.0,0.0,0.0,1,0.144,0.1451,20,0.1483,0.1447,0.1448,0.144,6.0,8670.0,362
2023-05-10 09:37:27,OP90002126,创业板ETF购12月2200,0.144,0.0,0.0,0.0,1,0.144,0.1451,20,0.1483,0.1447,0.1448,0.144,6.0,8670.0,362
2023-05-10 09:37:27,OP90002126,创业板ETF购12月2200,0.144,0.0,0.0,0.0,1,0.144,0.1451,20,0.1483,0.1447,0.1448,0.144,6.0,8670.0,362
2023-05-10 09:37:28,OP90002126,创业板ETF购12月2200,0.144,0.0,0.0,0.0,1,0.144,0.1451,20,0.1483,0.1447,0.1448,0.144,6.0,8670.0,362
2023-05-10 09:37:28,OP90002126,创业板ETF购12月2200,0.144,0.0,0.0,0.0,1,0.144,0.1451,20,0.1483,0.1447,0.1448,0.144,6.0,8670.0,362
2023-05-10 09:37:29,OP90002126,创业板ETF购12月2200,0.144,0.0,0.0,0.0,1,0.144,0.1451,20,0.1483,0.1447,0.1448,0.144,6.0,8670.0,362
2023-05-10 09:37:29,OP90002126,创业板ETF购12月2200,0.144,0.0,0.0,0.0,1,0.144,0.1451,20,0.1483,0.1447,0.1448,0.144,6.0,8670.0,362
2023-05-10 09:37:30,OP90002126,创业板ETF购12月2200,0.144,0.0,0.0,0.0,1,0.144,0.1451,20,0.1483,0.1447,0.1448,0.144,6.0,8670.0,362
2023-05-10 09:37:33,OP90002126,创业板ETF购12月2200,0.144,0.0,0.0,0.0,1,0.144,0.1451,21,0.1483,0.1447,0.1448,0.144,6.0,8670.0,362
2023-05-10 09:37:34,OP90002126,创业板ETF购12月2200,0.144,1.0,1440.0,0.0,1,0.144,0.145,20,0.1483,0.1447,0.1448,0.144,7.0,10110.0,362
2023-05-10 09:37:34,OP90002126,创业板ETF购12月2200,0.144,0.0,0.0,0.0,1,0.144,0.145,20,0.1483,0.1447,0.1448,0.144,7.0,10110.0,362
2023-05-10 09:37:35,OP90002126,创业板ETF购12月2200,0.144,0.0,0.0,0.0,1,0.144,0.145,20,0.1483,0.1447,0.1448,0.144,7.0,10110.0,362
2023-05-10 09:37:36,OP90002126,创业板ETF购12月2200,0.144,0.0,0.0,0.0,1,0.144,0.145,20,0.1483,0.1447,0.1448,0.144,7.0,10110.0,362
2023-05-10 09:37:36,OP90002126,创业板ETF购12月2200,0.144,0.0,0.0,0.0,1,0.144,0.145,20,0.1483,0.1447,0.1448,0.144,7.0,10110.0,362
2023-05-10 09:37:37,OP90002126,创业板ETF购12月2200,0.144,0.0,0.0,0.0,1,0.144,0.145,20,0.1483,0.1447,0.1448,0.144,7.0,10110.0,362
2023-05-10 09:37:39,OP90002126,创业板ETF购12月2200,0.144,0.0,0.0,0.0,1,0.144,0.145,20,0.1483,0.1447,0.1448,0.144,7.0,10110.0,362
2023-05-10 09:37:39,OP90002126,创业板ETF购12月2200,0.144,1.0,1440.0,0.0,1,0.144,0.145,20,0.1483,0.1447,0.1448,0.144,8.0,11550.0,362
2023-05-10 09:37:40,OP90002126,创业板ETF购12月2200,0.144,0.0,0.0,0.0,1,0.144,0.145,20,0.1483,0.1447,0.1448,0.144,8.0,11550.0,362
2023-05-10 09:37:41,OP90002126,创业板ETF购12月2200,0.144,0.0,0.0,0.0,1,0.144,0.145,20,0.1483,0.1447,0.1448,0.144,8.0,11550.0,362
2023-05-10 09:37:41,OP90002126,创业板ETF购12月2200,0.144,0.0,0.0,0.0,1,0.144,0.145,20,0.1483,0.1447,0.1448,0.144,8.0,11550.0,362
2023-05-10 09:37:42,OP90002126,创业板ETF购12月2200,0.144,1.0,1440.0,0.0,1,0.144,0.145,20,0.1483,0.1447,0.1448,0.144,9.0,12990.0,362
2023-05-10 09:37:43,OP90002126,创业板ETF购12月2200,0.144,0.0,0.0,0.0,1,0.144,0.145,20,0.1483,0.1447,0.1448,0.144,9.0,12990.0,362
2023-05-10 09:37:44,OP90002126,创业板ETF购12月2200,0.144,0.0,0.0,0.0,1,0.144,0.145,20,0.1483,0.1447,0.1448,0.144,9.0,12990.0,362
2023-05-10 09:37:46,OP90002126,创业板ETF购12月2200,0.144,0.0,0.0,0.0,1,0.144,0.145,20,0.1483,0.1447,0.1448,0.144,9.0,12990.0,362
2023-05-10 09:37:47,OP90002126,创业板ETF购12月2200,0.144,1.0,1440.0,0.0,1,0.1439,0.145,20,0.1483,0.1447,0.1448,0.144,10.0,14430.0,362
2023-05-10 09:37:47,OP90002126,创业板ETF购12月2200,0.144,0.0,0.0,0.0,1,0.1439,0.145,21,0.1483,0.1447,0.1448,0.144,10.0,14430.0,362
2023-05-10 09:37:48,OP90002126,创业板ETF购12月2200,0.144,0.0,0.0,0.0,1,0.1439,0.1449,20,0.1483,0.1447,0.1448,0.144,10.0,14430.0,362
2023-05-10 09:37:50,OP90002126,创业板ETF购12月2200,0.144,0.0,0.0,0.0,1,0.1438,0.1449,20,0.1483,0.1447,0.1448,0.144,10.0,14430.0,362
2023-05-10 09:37:51,OP90002126,创业板ETF购12月2200,0.144,0.0,0.0,0.0,1,0.1438,0.1449,20,0.1483,0.1447,0.1448,0.144,10.0,14430.0,362
2023-05-10 09:37:53,OP90002126,创业板ETF购12月2200,0.144,0.0,0.0,0.0,1,0.1437,0.1449,20,0.1483,0.1447,0.1448,0.144,10.0,14430.0,362
2023-05-10 09:37:54,OP90002126,创业板ETF购12月2200,0.144,0.0,0.0,0.0,1,0.1437,0.1449,20,0.1483,0.1447,0.1448,0.144,10.0,14430.0,362
2023-05-10 09:37:56,OP90002126,创业板ETF购12月2200,0.144,0.0,0.0,0.0,1,0.1437,0.1449,20,0.1483,0.1447,0.1448,0.144,10.0,14430.0,362
2023-05-10 09:37:57,OP90002126,创业板ETF购12月2200,0.144,0.0,0.0,0.0,1,0.1437,0.1449,21,0.1483,0.1447,0.1448,0.144,10.0,14430.0,362
2023-05-10 09:37:58,OP90002126,创业板ETF购12月2200,0.144,0.0,0.0,0.0,1,0.1437,0.1448,20,0.1483,0.1447,0.1448,0.144,10.0,14430.0,362
2023-05-10 09:37:58,OP90002126,创业板ETF购12月2200,0.144,0.0,0.0,0.0,1,0.1436,0.1448,20,0.1483,0.1447,0.1448,0.144,10.0,14430.0,362
2023-05-10 09:37:59,OP90002126,创业板ETF购12月2200,0.144,0.0,0.0,0.0,1,0.1436,0.1448,20,0.1483,0.1447,0.1448,0.144,10.0,14430.0,362
2023-05-10 09:38:01,OP90002126,创业板ETF购12月2200,0.144,0.0,0.0,0.0,1,0.1436,0.1448,20,0.1483,0.1447,0.1448,0.144,10.0,14430.0,362
2023-05-10 09:38:01,OP90002126,创业板ETF购12月2200,0.144,0.0,0.0,0.0,1,0.1436,0.1448,20,0.1483,0.1447,0.1448,0.144,10.0,14430.0,362
2023-05-10 09:38:02,OP90002126,创业板ETF购12月2200,0.144,0.0,0.0,0.0,1,0.1435,0.1448,20,0.1483,0.1447,0.1448,0.144,10.0,14430.0,362
2023-05-10 09:38:02,OP90002126,创业板ETF购12月2200,0.144,0.0,0.0,0.0,1,0.1433,0.1448,20,0.1483,0.1447,0.1448,0.144,10.0,14430.0,362
2023-05-10 09:38:04,OP90002126,创业板ETF购12月2200,0.144,0.0,0.0,0.0,1,0.1433,0.1448,20,0.1483,0.1447,0.1448,0.144,10.0,14430.0,362
2023-05-10 09:38:06,OP90002126,创业板ETF购12月2200,0.144,0.0,0.0,0.0,1,0.1433,0.1448,20,0.1483,0.1447,0.1448,0.144,10.0,14430.0,362
2023-05-10 09:38:07,OP90002126,创业板ETF购12月2200,0.144,0.0,0.0,0.0,21,0.1433,0.1448,20,0.1483,0.1447,0.1448,0.144,10.0,14430.0,362
2023-05-10 09:38:07,OP90002126,创业板ETF购12月2200,0.144,0.0,0.0,0.0,21,0.1433,0.1448,20,0.1483,0.1447,0.1448,0.144,10.0,14430.0,362
2023-05-10 09:38:08,OP90002126,创业板ETF购12月2200,0.144,0.0,0.0,0.0,21,0.1433,0.1448,20,0.1483,0.1447,0.1448,0.144,10.0,14430.0,362
2023-05-10 09:38:08,OP90002126,创业板ETF购12月2200,0.144,0.0,0.0,0.0,41,0.1433,0.1448,20,0.1483,0.1447,0.1448,0.144,10.0,14430.0,362
2023-05-10 09:38:09,OP90002126,创业板ETF购12月2200,0.144,0.0,0.0,0.0,21,0.1433,0.1448,20,0.1483,0.1447,0.1448,0.144,10.0,14430.0,362
2023-05-10 09:38:09,OP90002126,创业板ETF购12月2200,0.144,0.0,0.0,0.0,21,0.1433,0.1448,20,0.1483,0.1447,0.1448,0.144,10.0,14430.0,362
2023-05-10 09:38:11,OP90002126,创业板ETF购12月2200,0.144,0.0,0.0,0.0,21,0.1433,0.1449,21,0.1483,0.1447,0.1448,0.144,10.0,14430.0,362
2023-05-10 09:38:11,OP90002126,创业板ETF购12月2200,0.144,0.0,0.0,0.0,21,0.1433,0.1448,1,0.1483,0.1447,0.1448,0.144,10.0,14430.0,362
2023-05-10 09:38:12,OP90002126,创业板ETF购12月2200,0.144,0.0,0.0,0.0,21,0.1433,0.1448,1,0.1483,0.1447,0.1448,0.144,10.0,14430.0,362
2023-05-10 09:38:12,OP90002126,创业板ETF购12月2200,0.144,0.0,0.0,0.0,1,0.1434,0.1448,1,0.1483,0.1447,0.1448,0.144,10.0,14430.0,362
2023-05-10 09:38:13,OP90002126,创业板ETF购12月2200,0.144,0.0,0.0,0.0,1,0.1434,0.1448,1,0.1483,0.1447,0.1448,0.144,10.0,14430.0,362
2023-05-10 09:38:13,OP90002126,创业板ETF购12月2200,0.144,0.0,0.0,0.0,21,0.1434,0.1448,1,0.1483,0.1447,0.1448,0.144,10.0,14430.0,362
2023-05-10 09:38:15,OP90002126,创业板ETF购12月2200,0.144,0.0,0.0,0.0,1,0.1434,0.1448,1,0.1483,0.1447,0.1448,0.144,10.0,14430.0,362
2023-05-10 09:38:15,OP90002126,创业板ETF购12月2200,0.144,0.0,0.0,0.0,1,0.1434,0.1448,1,0.1483,0.1447,0.1448,0.144,10.0,14430.0,362
2023-05-10 09:38:17,OP90002126,创业板ETF购12月2200,0.144,0.0,0.0,0.0,21,0.1434,0.1448,1,0.1483,0.1447,0.1448,0.144,10.0,14430.0,362
2023-05-10 09:38:18,OP90002126,创业板ETF购12月2200,0.144,0.0,0.0,0.0,21,0.1434,0.1448,1,0.1483,0.1447,0.1448,0.144,10.0,14430.0,362
2023-05-10 09:38:19,OP90002126,创业板ETF购12月2200,0.144,0.0,0.0,0.0,21,0.1434,0.1448,21,0.1483,0.1447,0.1448,0.144,10.0,14430.0,362
2023-05-10 09:38:20,OP90002126,创业板ETF购12月2200,0.144,0.0,0.0,0.0,21,0.1434,0.1447,20,0.1483,0.1447,0.1448,0.144,10.0,14430.0,362
2023-05-10 09:38:21,OP90002126,创业板ETF购12月2200,0.144,0.0,0.0,0.0,21,0.1434,0.1447,20,0.1483,0.1447,0.1448,0.144,10.0,14430.0,362
2023-05-10 09:38:21,OP90002126,创业板ETF购12月2200,0.144,0.0,0.0,0.0,1,0.1434,0.1447,20,0.1483,0.1447,0.1448,0.144,10.0,14430.0,362
2023-05-10 09:38:22,OP90002126,创业板ETF购12月2200,0.144,0.0,0.0,0.0,1,0.1435,0.1447,20,0.1483,0.1447,0.1448,0.144,10.0,14430.0,362
2023-05-10 09:38:23,OP90002126,创业板ETF购12月2200,0.144,0.0,0.0,0.0,1,0.1435,0.1447,20,0.1483,0.1447,0.1448,0.144,10.0,14430.0,362
2023-05-10 09:38:23,OP90002126,创业板ETF购12月2200,0.144,0.0,0.0,0.0,1,0.1435,0.1447,20,0.1483,0.1447,0.1448,0.144,10.0,14430.0,362
2023-05-10 09:38:24,OP90002126,创业板ETF购12月2200,0.144,0.0,0.0,0.0,1,0.1435,0.1447,20,0.1483,0.1447,0.1448,0.144,10.0,14430.0,362
2023-05-10 09:38:24,OP90002126,创业板ETF购12月2200,0.144,0.0,0.0,0.0,1,0.1434,0.1447,20,0.1483,0.1447,0.1448,0.144,10.0,14430.0,362
2023-05-10 09:38:26,OP90002126,创业板ETF购12月2200,0.144,0.0,0.0,0.0,1,0.1434,0.1447,21,0.1483,0.1447,0.1448,0.144,10.0,14430.0,362
2023-05-10 09:38:27,OP90002126,创业板ETF购12月2200,0.144,0.0,0.0,0.0,1,0.1434,0.1447,1,0.1483,0.1447,0.1448,0.144,10.0,14430.0,362
2023-05-10 09:38:28,OP90002126,创业板ETF购12月2200,0.144,0.0,0.0,0.0,1,0.1434,0.1447,21,0.1483,0.1447,0.1448,0.144,10.0,14430.0,362
2023-05-10 09:38:29,OP90002126,创业板ETF购12月2200,0.144,0.0,0.0,0.0,1,0.1434,0.1447,1,0.1483,0.1447,0.1448,0.144,10.0,14430.0,362
2023-05-10 09:38:29,OP90002126,创业板ETF购12月2200,0.144,0.0,0.0,0.0,1,0.1432,0.1447,21,0.1483,0.1447,0.1448,0.144,10.0,14430.0,362
2023-05-10 09:38:30,OP90002126,创业板ETF购12月2200,0.144,0.0,0.0,0.0,1,0.1432,0.1446,20,0.1483,0.1447,0.1448,0.144,10.0,14430.0,362
2023-05-10 09:38:30,OP90002126,创业板ETF购12月2200,0.144,0.0,0.0,0.0,1,0.1432,0.1446,20,0.1483,0.1447,0.1448,0.144,10.0,14430.0,362
2023-05-10 09:38:31,OP90002126,创业板ETF购12月2200,0.144,0.0,0.0,0.0,1,0.1432,0.1446,20,0.1483,0.1447,0.1448,0.144,10.0,14430.0,362
2023-05-10 09:38:32,OP90002126,创业板ETF购12月2200,0.144,0.0,0.0,0.0,1,0.1432,0.1446,20,0.1483,0.1447,0.1448,0.144,10.0,14430.0,362
2023-05-10 09:38:33,OP90002126,创业板ETF购12月2200,0.144,0.0,0.0,0.0,1,0.1432,0.1446,20,0.1483,0.1447,0.1448,0.144,10.0,14430.0,362
2023-05-10 09:38:35,OP90002126,创业板ETF购12月2200,0.144,0.0,0.0,0.0,1,0.1432,0.1446,20,0.1483,0.1447,0.1448,0.144,10.0,14430.0,362
2023-05-10 09:38:35,OP90002126,创业板ETF购12月2200,0.144,0.0,0.0,0.0,1,0.1432,0.1446,20,0.1483,0.1447,0.1448,0.144,10.0,14430.0,362
2023-05-10 09:38:39,OP90002126,创业板ETF购12月2200,0.144,0.0,0.0,0.0,1,0.1433,0.1446,20,0.1483,0.1447,0.1448,0.144,10.0,14430.0,362
2023-05-10 09:38:41,OP90002126,创业板ETF购12月2200,0.144,0.0,0.0,0.0,1,0.1433,0.1446,20,0.1483,0.1447,0.1448,0.144,10.0,14430.0,362
2023-05-10 09:38:44,OP90002126,创业板ETF购12月2200,0.144,0.0,0.0,0.0,1,0.1433,0.1446,40,0.1483,0.1447,0.1448,0.144,10.0,14430.0,362
2023-05-10 09:38:45,OP90002126,创业板ETF购12月2200,0.144,0.0,0.0,0.0,1,0.1433,0.1445,20,0.1483,0.1447,0.1448,0.144,10.0,14430.0,362
2023-05-10 09:38:45,OP90002126,创业板ETF购12月2200,0.144,0.0,0.0,0.0,1,0.1433,0.1445,20,0.1483,0.1447,0.1448,0.144,10.0,14430.0,362
2023-05-10 09:38:46,OP90002126,创业板ETF购12月2200,0.144,0.0,0.0,0.0,1,0.1433,0.1445,20,0.1483,0.1447,0.1448,0.144,10.0,14430.0,362
2023-05-10 09:38:46,OP90002126,创业板ETF购12月2200,0.144,0.0,0.0,0.0,1,0.1433,0.1445,21,0.1483,0.1447,0.1448,0.144,10.0,14430.0,362
2023-05-10 09:38:47,OP90002126,创业板ETF购12月2200,0.144,0.0,0.0,0.0,1,0.1433,0.1444,20,0.1483,0.1447,0.1448,0.144,10.0,14430.0,362
2023-05-10 09:38:49,OP90002126,创业板ETF购12月2200,0.144,0.0,0.0,0.0,1,0.1434,0.1444,20,0.1483,0.1447,0.1448,0.144,10.0,14430.0,362
2023-05-10 09:38:50,OP90002126,创业板ETF购12月2200,0.144,0.0,0.0,0.0,1,0.1434,0.1445,21,0.1483,0.1447,0.1448,0.144,10.0,14430.0,362
2023-05-10 09:38:53,OP90002126,创业板ETF购12月2200,0.144,0.0,0.0,0.0,1,0.1434,0.1445,1,0.1483,0.1447,0.1448,0.144,10.0,14430.0,362
2023-05-10 09:38:54,OP90002126,创业板ETF购12月2200,0.144,0.0,0.0,0.0,1,0.1434,0.1445,1,0.1483,0.1447,0.1448,0.144,10.0,14430.0,362
2023-05-10 09:38:54,OP90002126,创业板ETF购12月2200,0.144,0.0,0.0,0.0,1,0.1434,0.1445,21,0.1483,0.1447,0.1448,0.144,10.0,14430.0,362
2023-05-10 09:38:55,OP90002126,创业板ETF购12月2200,0.144,0.0,0.0,0.0,1,0.1434,0.1445,1,0.1483,0.1447,0.1448,0.144,10.0,14430.0,362
2023-05-10 09:38:56,OP90002126,创业板ETF购12月2200,0.144,0.0,0.0,0.0,1,0.1434,0.1444,1,0.1483,0.1447,0.1448,0.144,10.0,14430.0,362
2023-05-10 09:38:57,OP90002126,创业板ETF购12月2200,0.144,0.0,0.0,0.0,1,0.1434,0.1444,1,0.1483,0.1447,0.1448,0.144,10.0,14430.0,362
2023-05-10 09:38:57,OP90002126,创业板ETF购12月2200,0.144,0.0,0.0,0.0,1,0.1434,0.1444,1,0.1483,0.1447,0.1448,0.144,10.0,14430.0,362
2023-05-10 09:38:59,OP90002126,创业板ETF购12月2200,0.144,0.0,0.0,0.0,1,0.1435,0.1444,1,0.1483,0.1447,0.1448,0.144,10.0,14430.0,362
2023-05-10 09:39:00,OP90002126,创业板ETF购12月2200,0.144,0.0,0.0,0.0,1,0.1435,0.1444,1,0.1483,0.1447,0.1448,0.144,10.0,14430.0,362
2023-05-10 09:39:03,OP90002126,创业板ETF购12月2200,0.144,0.0,0.0,0.0,1,0.1435,0.1444,1,0.1483,0.1447,0.1448,0.144,10.0,14430.0,362
2023-05-10 09:39:04,OP90002126,创业板ETF购12月2200,0.144,0.0,0.0,0.0,1,0.1435,0.1444,1,0.1483,0.1447,0.1448,0.144,10.0,14430.0,362
2023-05-10 09:39:05,OP90002126,创业板ETF购12月2200,0.144,0.0,0.0,0.0,1,0.1435,0.1444,1,0.1483,0.1447,0.1448,0.144,10.0,14430.0,362
2023-05-10 09:39:06,OP90002126,创业板ETF购12月2200,0.144,0.0,0.0,0.0,1,0.1435,0.1444,21,0.1483,0.1447,0.1448,0.144,10.0,14430.0,362
2023-05-10 09:39:06,OP90002126,创业板ETF购12月2200,0.144,0.0,0.0,0.0,1,0.1435,0.1444,21,0.1483,0.1447,0.1448,0.144,10.0,14430.0,362
2023-05-10 09:39:07,OP90002126,创业板ETF购12月2200,0.1435,1.0,1435.0,0.0,1,0.1434,0.1443,21,0.1483,0.1447,0.1448,0.1435,11.0,15865.0,362
2023-05-10 09:39:07,OP90002126,创业板ETF购12月2200,0.1435,0.0,0.0,0.0,1,0.1434,0.1442,20,0.1483,0.1447,0.1448,0.1435,11.0,15865.0,362
2023-05-10 09:39:08,OP90002126,创业板ETF购12月2200,0.1435,0.0,0.0,0.0,1,0.1434,0.1442,20,0.1483,0.1447,0.1448,0.1435,11.0,15865.0,362
2023-05-10 09:39:08,OP90002126,创业板ETF购12月2200,0.1435,0.0,0.0,0.0,1,0.1431,0.1442,20,0.1483,0.1447,0.1448,0.1435,11.0,15865.0,362
2023-05-10 09:39:09,OP90002126,创业板ETF购12月2200,0.1435,0.0,0.0,0.0,1,0.1431,0.1442,20,0.1483,0.1447,0.1448,0.1435,11.0,15865.0,362
2023-05-10 09:39:10,OP90002126,创业板ETF购12月2200,0.1435,0.0,0.0,0.0,1,0.1431,0.1443,21,0.1483,0.1447,0.1448,0.1435,11.0,15865.0,362
2023-05-10 09:39:12,OP90002126,创业板ETF购12月2200,0.1435,0.0,0.0,0.0,1,0.1431,0.1442,20,0.1483,0.1447,0.1448,0.1435,11.0,15865.0,362
2023-05-10 09:39:12,OP90002126,创业板ETF购12月2200,0.1435,0.0,0.0,0.0,1,0.1431,0.1442,21,0.1483,0.1447,0.1448,0.1435,11.0,15865.0,362
2023-05-10 09:39:13,OP90002126,创业板ETF购12月2200,0.1435,0.0,0.0,0.0,1,0.1431,0.1441,20,0.1483,0.1447,0.1448,0.1435,11.0,15865.0,362
2023-05-10 09:39:14,OP90002126,创业板ETF购12月2200,0.1435,0.0,0.0,0.0,1,0.1428,0.1441,20,0.1483,0.1447,0.1448,0.1435,11.0,15865.0,362
2023-05-10 09:39:15,OP90002126,创业板ETF购12月2200,0.1435,0.0,0.0,0.0,1,0.1428,0.1441,20,0.1483,0.1447,0.1448,0.1435,11.0,15865.0,362
2023-05-10 09:39:15,OP90002126,创业板ETF购12月2200,0.1435,0.0,0.0,0.0,1,0.1428,0.1441,20,0.1483,0.1447,0.1448,0.1435,11.0,15865.0,362
2023-05-10 09:39:16,OP90002126,创业板ETF购12月2200,0.1435,0.0,0.0,0.0,1,0.1428,0.1441,20,0.1483,0.1447,0.1448,0.1435,11.0,15865.0,362
2023-05-10 09:39:19,OP90002126,创业板ETF购12月2200,0.1435,0.0,0.0,0.0,1,0.1428,0.1441,20,0.1483,0.1447,0.1448,0.1435,11.0,15865.0,362
2023-05-10 09:39:22,OP90002126,创业板ETF购12月2200,0.1435,0.0,0.0,0.0,1,0.1428,0.1441,20,0.1483,0.1447,0.1448,0.1435,11.0,15865.0,362
2023-05-10 09:39:22,OP90002126,创业板ETF购12月2200,0.1435,0.0,0.0,0.0,1,0.1428,0.1441,21,0.1483,0.1447,0.1448,0.1435,11.0,15865.0,362
2023-05-10 09:39:23,OP90002126,创业板ETF购12月2200,0.1435,0.0,0.0,0.0,1,0.1428,0.1441,21,0.1483,0.1447,0.1448,0.1435,11.0,15865.0,362
2023-05-10 09:39:23,OP90002126,创业板ETF购12月2200,0.1435,0.0,0.0,0.0,1,0.1428,0.1441,21,0.1483,0.1447,0.1448,0.1435,11.0,15865.0,362
2023-05-10 09:39:24,OP90002126,创业板ETF购12月2200,0.1435,0.0,0.0,0.0,1,0.1428,0.1441,21,0.1483,0.1447,0.1448,0.1435,11.0,15865.0,362
2023-05-10 09:39:24,OP90002126,创业板ETF购12月2200,0.1435,0.0,0.0,0.0,1,0.1429,0.1441,21,0.1483,0.1447,0.1448,0.1435,11.0,15865.0,362
2023-05-10 09:39:25,OP90002126,创业板ETF购12月2200,0.1435,0.0,0.0,0.0,1,0.1429,0.1441,21,0.1483,0.1447,0.1448,0.1435,11.0,15865.0,362
2023-05-10 09:39:26,OP90002126,创业板ETF购12月2200,0.1435,0.0,0.0,0.0,1,0.1429,0.1441,21,0.1483,0.1447,0.1448,0.1435,11.0,15865.0,362
2023-05-10 09:39:26,OP90002126,创业板ETF购12月2200,0.1435,0.0,0.0,0.0,1,0.1429,0.1441,1,0.1483,0.1447,0.1448,0.1435,11.0,15865.0,362
2023-05-10 09:39:27,OP90002126,创业板ETF购12月2200,0.1435,0.0,0.0,0.0,1,0.1429,0.1441,1,0.1483,0.1447,0.1448,0.1435,11.0,15865.0,362
2023-05-10 09:39:28,OP90002126,创业板ETF购12月2200,0.1435,0.0,0.0,0.0,1,0.1429,0.1441,1,0.1483,0.1447,0.1448,0.1435,11.0,15865.0,362
2023-05-10 09:39:29,OP90002126,创业板ETF购12月2200,0.1435,0.0,0.0,0.0,1,0.1429,0.1441,1,0.1483,0.1447,0.1448,0.1435,11.0,15865.0,362
2023-05-10 09:39:29,OP90002126,创业板ETF购12月2200,0.1435,0.0,0.0,0.0,1,0.1429,0.1441,1,0.1483,0.1447,0.1448,0.1435,11.0,15865.0,362
2023-05-10 09:39:32,OP90002126,创业板ETF购12月2200,0.1435,0.0,0.0,0.0,1,0.1429,0.144,1,0.1483,0.1447,0.1448,0.1435,11.0,15865.0,362
2023-05-10 09:39:33,OP90002126,创业板ETF购12月2200,0.1435,0.0,0.0,0.0,1,0.1429,0.144,1,0.1483,0.1447,0.1448,0.1435,11.0,15865.0,362
2023-05-10 09:39:34,OP90002126,创业板ETF购12月2200,0.1435,0.0,0.0,0.0,1,0.143,0.144,1,0.1483,0.1447,0.1448,0.1435,11.0,15865.0,362
2023-05-10 09:39:35,OP90002126,创业板ETF购12月2200,0.1435,0.0,0.0,0.0,1,0.143,0.144,1,0.1483,0.1447,0.1448,0.1435,11.0,15865.0,362
2023-05-10 09:39:36,OP90002126,创业板ETF购12月2200,0.1435,0.0,0.0,0.0,1,0.143,0.144,1,0.1483,0.1447,0.1448,0.1435,11.0,15865.0,362
2023-05-10 09:39:37,OP90002126,创业板ETF购12月2200,0.1435,0.0,0.0,0.0,1,0.143,0.144,1,0.1483,0.1447,0.1448,0.1435,11.0,15865.0,362
2023-05-10 09:39:38,OP90002126,创业板ETF购12月2200,0.1435,0.0,0.0,0.0,1,0.143,0.144,1,0.1483,0.1447,0.1448,0.1435,11.0,15865.0,362
2023-05-10 09:39:42,OP90002126,创业板ETF购12月2200,0.1435,0.0,0.0,0.0,1,0.143,0.144,1,0.1483,0.1447,0.1448,0.1435,11.0,15865.0,362
2023-05-10 09:39:43,OP90002126,创业板ETF购12月2200,0.1435,0.0,0.0,0.0,1,0.143,0.144,1,0.1483,0.1447,0.1448,0.1435,11.0,15865.0,362
2023-05-10 09:39:44,OP90002126,创业板ETF购12月2200,0.1435,0.0,0.0,0.0,1,0.1431,0.144,1,0.1483,0.1447,0.1448,0.1435,11.0,15865.0,362
2023-05-10 09:39:45,OP90002126,创业板ETF购12月2200,0.1435,0.0,0.0,0.0,1,0.1431,0.144,1,0.1483,0.1447,0.1448,0.1435,11.0,15865.0,362
2023-05-10 09:39:46,OP90002126,创业板ETF购12月2200,0.1435,0.0,0.0,0.0,1,0.1431,0.144,1,0.1483,0.1447,0.1448,0.1435,11.0,15865.0,362
2023-05-10 09:39:47,OP90002126,创业板ETF购12月2200,0.1435,0.0,0.0,0.0,1,0.1431,0.1439,1,0.1483,0.1447,0.1448,0.1435,11.0,15865.0,362
2023-05-10 09:39:48,OP90002126,创业板ETF购12月2200,0.1435,0.0,0.0,0.0,1,0.1431,0.1439,1,0.1483,0.1447,0.1448,0.1435,11.0,15865.0,362
2023-05-10 09:39:51,OP90002126,创业板ETF购12月2200,0.1435,0.0,0.0,0.0,1,0.1431,0.1439,1,0.1483,0.1447,0.1448,0.1435,11.0,15865.0,362
2023-05-10 09:39:52,OP90002126,创业板ETF购12月2200,0.1435,0.0,0.0,0.0,1,0.1431,0.1439,1,0.1483,0.1447,0.1448,0.1435,11.0,15865.0,362
2023-05-10 09:39:53,OP90002126,创业板ETF购12月2200,0.1435,0.0,0.0,0.0,1,0.1431,0.1439,1,0.1483,0.1447,0.1448,0.1435,11.0,15865.0,362
2023-05-10 09:39:53,OP90002126,创业板ETF购12月2200,0.1435,0.0,0.0,0.0,1,0.1431,0.1439,1,0.1483,0.1447,0.1448,0.1435,11.0,15865.0,362
2023-05-10 09:39:54,OP90002126,创业板ETF购12月2200,0.1435,0.0,0.0,0.0,1,0.1431,0.1439,1,0.1483,0.1447,0.1448,0.1435,11.0,15865.0,362
2023-05-10 09:39:55,OP90002126,创业板ETF购12月2200,0.1435,0.0,0.0,0.0,1,0.1432,0.1439,1,0.1483,0.1447,0.1448,0.1435,11.0,15865.0,362
2023-05-10 09:39:55,OP90002126,创业板ETF购12月2200,0.1435,0.0,0.0,0.0,1,0.1432,0.1439,1,0.1483,0.1447,0.1448,0.1435,11.0,15865.0,362
2023-05-10 09:39:56,OP90002126,创业板ETF购12月2200,0.1435,0.0,0.0,0.0,1,0.1432,0.1439,1,0.1483,0.1447,0.1448,0.1435,11.0,15865.0,362
2023-05-10 09:39:57,OP90002126,创业板ETF购12月2200,0.1435,0.0,0.0,0.0,1,0.1432,0.1439,1,0.1483,0.1447,0.1448,0.1435,11.0,15865.0,362
2023-05-10 09:39:57,OP90002126,创业板ETF购12月2200,0.1435,0.0,0.0,0.0,1,0.1432,0.1439,1,0.1483,0.1447,0.1448,0.1435,11.0,15865.0,362
2023-05-10 09:39:58,OP90002126,创业板ETF购12月2200,0.1435,0.0,0.0,0.0,1,0.1432,0.1439,1,0.1483,0.1447,0.1448,0.1435,11.0,15865.0,362
2023-05-10 09:40:00,OP90002126,创业板ETF购12月2200,0.1435,0.0,0.0,0.0,1,0.1432,0.1439,1,0.1483,0.1447,0.1448,0.1435,11.0,15865.0,362
2023-05-10 09:40:02,OP90002126,创业板ETF购12月2200,0.1435,0.0,0.0,0.0,1,0.1432,0.1439,1,0.1483,0.1447,0.1448,0.1435,11.0,15865.0,362
2023-05-10 09:40:02,OP90002126,创业板ETF购12月2200,0.1435,0.0,0.0,0.0,1,0.1432,0.1439,1,0.1483,0.1447,0.1448,0.1435,11.0,15865.0,362
2023-05-10 09:40:03,OP90002126,创业板ETF购12月2200,0.1435,0.0,0.0,0.0,1,0.1432,0.1439,1,0.1483,0.1447,0.1448,0.1435,11.0,15865.0,362
2023-05-10 09:40:03,OP90002126,创业板ETF购12月2200,0.1435,0.0,0.0,0.0,1,0.1432,0.1439,1,0.1483,0.1447,0.1448,0.1435,11.0,15865.0,362
2023-05-10 09:40:05,OP90002126,创业板ETF购12月2200,0.1435,0.0,0.0,0.0,1,0.1432,0.1439,1,0.1483,0.1447,0.1448,0.1435,11.0,15865.0,362
2023-05-10 09:40:06,OP90002126,创业板ETF购12月2200,0.1435,0.0,0.0,0.0,1,0.1432,0.1439,21,0.1483,0.1447,0.1448,0.1435,11.0,15865.0,362
2023-05-10 09:40:06,OP90002126,创业板ETF购12月2200,0.1435,0.0,0.0,0.0,1,0.1432,0.1438,20,0.1483,0.1447,0.1448,0.1435,11.0,15865.0,362
2023-05-10 09:40:07,OP90002126,创业板ETF购12月2200,0.1432,1.0,1432.0,0.0,1,0.1431,0.1432,1,0.1483,0.1447,0.1448,0.1432,12.0,17297.0,362
2023-05-10 09:40:07,OP90002126,创业板ETF购12月2200,0.1432,0.0,0.0,0.0,1,0.1431,0.1432,1,0.1483,0.1447,0.1448,0.1432,12.0,17297.0,362
2023-05-10 09:40:08,OP90002126,创业板ETF购12月2200,0.1432,0.0,0.0,0.0,1,0.1431,0.1432,1,0.1483,0.1447,0.1448,0.1432,12.0,17297.0,362
2023-05-10 09:40:08,OP90002126,创业板ETF购12月2200,0.1432,0.0,0.0,0.0,1,0.143,0.1432,1,0.1483,0.1447,0.1448,0.1432,12.0,17297.0,362
2023-05-10 09:40:09,OP90002126,创业板ETF购12月2200,0.1432,0.0,0.0,0.0,1,0.143,0.1435,20,0.1483,0.1447,0.1448,0.1432,12.0,17297.0,362
2023-05-10 09:40:09,OP90002126,创业板ETF购12月2200,0.1432,0.0,0.0,0.0,1,0.143,0.1436,20,0.1483,0.1447,0.1448,0.1432,12.0,17297.0,362
2023-05-10 09:40:10,OP90002126,创业板ETF购12月2200,0.1432,0.0,0.0,0.0,1,0.143,0.1437,20,0.1483,0.1447,0.1448,0.1432,12.0,17297.0,362
2023-05-10 09:40:10,OP90002126,创业板ETF购12月2200,0.1432,0.0,0.0,0.0,1,0.143,0.1437,20,0.1483,0.1447,0.1448,0.1432,12.0,17297.0,362
2023-05-10 09:40:11,OP90002126,创业板ETF购12月2200,0.1432,0.0,0.0,0.0,1,0.143,0.1437,30,0.1483,0.1447,0.1448,0.1432,12.0,17297.0,362
2023-05-10 09:40:11,OP90002126,创业板ETF购12月2200,0.1432,0.0,0.0,0.0,1,0.1427,0.1437,71,0.1483,0.1447,0.1448,0.1432,12.0,17297.0,362
2023-05-10 09:40:12,OP90002126,创业板ETF购12月2200,0.1432,0.0,0.0,0.0,1,0.1427,0.1437,71,0.1483,0.1447,0.1448,0.1432,12.0,17297.0,362
2023-05-10 09:40:12,OP90002126,创业板ETF购12月2200,0.1432,0.0,0.0,0.0,1,0.1427,0.1437,71,0.1483,0.1447,0.1448,0.1432,12.0,17297.0,362
2023-05-10 09:40:13,OP90002126,创业板ETF购12月2200,0.1432,0.0,0.0,0.0,1,0.1427,0.1437,51,0.1483,0.1447,0.1448,0.1432,12.0,17297.0,362
2023-05-10 09:40:13,OP90002126,创业板ETF购12月2200,0.1432,0.0,0.0,0.0,1,0.1427,0.1437,31,0.1483,0.1447,0.1448,0.1432,12.0,17297.0,362
2023-05-10 09:40:14,OP90002126,创业板ETF购12月2200,0.1432,0.0,0.0,0.0,1,0.1427,0.1437,31,0.1483,0.1447,0.1448,0.1432,12.0,17297.0,362
2023-05-10 09:40:14,OP90002126,创业板ETF购12月2200,0.1432,0.0,0.0,0.0,1,0.1427,0.1437,31,0.1483,0.1447,0.1448,0.1432,12.0,17297.0,362
2023-05-10 09:40:15,OP90002126,创业板ETF购12月2200,0.1432,0.0,0.0,0.0,1,0.1427,0.1437,21,0.1483,0.1447,0.1448,0.1432,12.0,17297.0,362
2023-05-10 09:40:16,OP90002126,创业板ETF购12月2200,0.1432,0.0,0.0,0.0,1,0.1427,0.1437,21,0.1483,0.1447,0.1448,0.1432,12.0,17297.0,362
2023-05-10 09:40:17,OP90002126,创业板ETF购12月2200,0.1432,0.0,0.0,0.0,1,0.1427,0.1437,21,0.1483,0.1447,0.1448,0.1432,12.0,17297.0,362
2023-05-10 09:40:18,OP90002126,创业板ETF购12月2200,0.1432,0.0,0.0,0.0,1,0.1427,0.1437,21,0.1483,0.1447,0.1448,0.1432,12.0,17297.0,362
2023-05-10 09:40:18,OP90002126,创业板ETF购12月2200,0.1432,0.0,0.0,0.0,1,0.1427,0.1437,41,0.1483,0.1447,0.1448,0.1432,12.0,17297.0,362
2023-05-10 09:40:19,OP90002126,创业板ETF购12月2200,0.1432,0.0,0.0,0.0,1,0.1427,0.1437,41,0.1483,0.1447,0.1448,0.1432,12.0,17297.0,362
2023-05-10 09:40:19,OP90002126,创业板ETF购12月2200,0.1432,0.0,0.0,0.0,1,0.1427,0.1436,20,0.1483,0.1447,0.1448,0.1432,12.0,17297.0,362
2023-05-10 09:40:20,OP90002126,创业板ETF购12月2200,0.1432,0.0,0.0,0.0,1,0.1427,0.1436,20,0.1483,0.1447,0.1448,0.1432,12.0,17297.0,362
2023-05-10 09:40:20,OP90002126,创业板ETF购12月2200,0.1432,0.0,0.0,0.0,1,0.1427,0.1436,20,0.1483,0.1447,0.1448,0.1432,12.0,17297.0,362
2023-05-10 09:40:21,OP90002126,创业板ETF购12月2200,0.1432,0.0,0.0,0.0,1,0.1427,0.1436,20,0.1483,0.1447,0.1448,0.1432,12.0,17297.0,362
2023-05-10 09:40:21,OP90002126,创业板ETF购12月2200,0.1432,0.0,0.0,0.0,1,0.1428,0.1436,20,0.1483,0.1447,0.1448,0.1432,12.0,17297.0,362
2023-05-10 09:40:23,OP90002126,创业板ETF购12月2200,0.1432,0.0,0.0,0.0,1,0.1428,0.1436,30,0.1483,0.1447,0.1448,0.1432,12.0,17297.0,362
2023-05-10 09:40:23,OP90002126,创业板ETF购12月2200,0.1432,0.0,0.0,0.0,1,0.1428,0.1436,30,0.1483,0.1447,0.1448,0.1432,12.0,17297.0,362
2023-05-10 09:40:24,OP90002126,创业板ETF购12月2200,0.1432,0.0,0.0,0.0,1,0.1428,0.1435,20,0.1483,0.1447,0.1448,0.1432,12.0,17297.0,362
2023-05-10 09:40:24,OP90002126,创业板ETF购12月2200,0.1432,0.0,0.0,0.0,1,0.1428,0.1435,20,0.1483,0.1447,0.1448,0.1432,12.0,17297.0,362
2023-05-10 09:40:25,OP90002126,创业板ETF购12月2200,0.1432,0.0,0.0,0.0,1,0.1428,0.1435,20,0.1483,0.1447,0.1448,0.1432,12.0,17297.0,362
2023-05-10 09:40:26,OP90002126,创业板ETF购12月2200,0.1432,0.0,0.0,0.0,1,0.1428,0.1435,20,0.1483,0.1447,0.1448,0.1432,12.0,17297.0,362
2023-05-10 09:40:27,OP90002126,创业板ETF购12月2200,0.1432,0.0,0.0,0.0,1,0.1428,0.1435,40,0.1483,0.1447,0.1448,0.1432,12.0,17297.0,362
2023-05-10 09:40:27,OP90002126,创业板ETF购12月2200,0.1432,0.0,0.0,0.0,1,0.1428,0.1435,40,0.1483,0.1447,0.1448,0.1432,12.0,17297.0,362
2023-05-10 09:40:28,OP90002126,创业板ETF购12月2200,0.1432,0.0,0.0,0.0,1,0.1428,0.1435,40,0.1483,0.1447,0.1448,0.1432,12.0,17297.0,362
2023-05-10 09:40:28,OP90002126,创业板ETF购12月2200,0.1432,0.0,0.0,0.0,1,0.1428,0.1435,40,0.1483,0.1447,0.1448,0.1432,12.0,17297.0,362
2023-05-10 09:40:30,OP90002126,创业板ETF购12月2200,0.1428,1.0,1428.0,0.0,1,0.1428,0.1435,40,0.1483,0.1447,0.1448,0.1428,13.0,18725.0,362
2023-05-10 09:40:30,OP90002126,创业板ETF购12月2200,0.1428,0.0,0.0,0.0,1,0.1428,0.1435,40,0.1483,0.1447,0.1448,0.1428,13.0,18725.0,362
2023-05-10 09:40:31,OP90002126,创业板ETF购12月2200,0.1428,0.0,0.0,0.0,1,0.1428,0.1435,40,0.1483,0.1447,0.1448,0.1428,13.0,18725.0,362
2023-05-10 09:40:31,OP90002126,创业板ETF购12月2200,0.1428,1.0,1428.0,0.0,1,0.1427,0.1435,40,0.1483,0.1447,0.1448,0.1428,14.0,20153.0,362
2023-05-10 09:40:32,OP90002126,创业板ETF购12月2200,0.1428,0.0,0.0,0.0,1,0.1427,0.1434,20,0.1483,0.1447,0.1448,0.1428,14.0,20153.0,362
2023-05-10 09:40:32,OP90002126,创业板ETF购12月2200,0.1428,0.0,0.0,0.0,1,0.1427,0.1434,20,0.1483,0.1447,0.1448,0.1428,14.0,20153.0,362
2023-05-10 09:40:33,OP90002126,创业板ETF购12月2200,0.1428,0.0,0.0,0.0,1,0.1426,0.1434,20,0.1483,0.1447,0.1448,0.1428,14.0,20153.0,362
2023-05-10 09:40:33,OP90002126,创业板ETF购12月2200,0.1428,0.0,0.0,0.0,1,0.1426,0.1434,20,0.1483,0.1447,0.1448,0.1428,14.0,20153.0,362
2023-05-10 09:40:34,OP90002126,创业板ETF购12月2200,0.1428,0.0,0.0,0.0,1,0.1426,0.1434,20,0.1483,0.1447,0.1448,0.1428,14.0,20153.0,362
2023-05-10 09:40:34,OP90002126,创业板ETF购12月2200,0.1428,0.0,0.0,0.0,1,0.1426,0.1434,20,0.1483,0.1447,0.1448,0.1428,14.0,20153.0,362
2023-05-10 09:40:36,OP90002126,创业板ETF购12月2200,0.1428,0.0,0.0,0.0,1,0.1426,0.1434,20,0.1483,0.1447,0.1448,0.1428,14.0,20153.0,362
2023-05-10 09:40:36,OP90002126,创业板ETF购12月2200,0.1428,0.0,0.0,0.0,1,0.1426,0.1434,21,0.1483,0.1447,0.1448,0.1428,14.0,20153.0,362
2023-05-10 09:40:37,OP90002126,创业板ETF购12月2200,0.1428,0.0,0.0,0.0,1,0.1426,0.1433,20,0.1483,0.1447,0.1448,0.1428,14.0,20153.0,362
