time,symbol_id,symbol_name,last,trade_volume,trade_amount,open_interest_change,bv1,bp1,ap1,av1,yesterday_close,today_open,today_high,today_low,volume,amount,open_interest
2023-05-10 08:30:00,OP90002183,创业板ETF购12月2000,0.0,0.0,0.0,-8.0,0,0.0,0.0,0,0.27,0.2537,0.0,0.0,0.0,0.0,134
2023-05-10 09:24:48,OP90002183,创业板ETF购12月2000,0.0,0.0,0.0,0.0,1,0.2493,0.2493,1,0.27,0.2537,0.0,0.0,0.0,0.0,134
2023-05-10 09:24:57,OP90002183,创业板ETF购12月2000,0.0,0.0,0.0,0.0,1,0.2537,0.2537,1,0.27,0.2537,0.0,0.0,0.0,0.0,134
2023-05-10 09:25:00,OP90002183,创业板ETF购12月2000,0.2537,1.0,2537.0,1.0,1,0.2493,0.271,1,0.27,0.2537,0.2537,0.2537,1.0,2537.0,135
2023-05-10 09:30:00,OP90002183,创业板ETF购12月2000,0.2537,0.0,0.0,0.0,1,0.2494,0.2779,1,0.27,0.2537,0.2537,0.2537,1.0,2537.0,135
2023-05-10 09:30:00,OP90002183,创业板ETF购12月2000,0.2537,0.0,0.0,0.0,20,0.2573,0.273,20,0.27,0.2537,0.2537,0.2537,1.0,2537.0,135
2023-05-10 09:30:01,OP90002183,创业板ETF购12月2000,0.2537,0.0,0.0,0.0,20,0.2573,0.273,20,0.27,0.2537,0.2537,0.2537,1.0,2537.0,135
2023-05-10 09:30:02,OP90002183,创业板ETF购12月2000,0.2537,0.0,0.0,0.0,20,0.2573,0.273,20,0.27,0.2537,0.2537,0.2537,1.0,2537.0,135
2023-05-10 09:30:13,OP90002183,创业板ETF购12月2000,0.2537,0.0,0.0,0.0,30,0.2574,0.273,20,0.27,0.2537,0.2537,0.2537,1.0,2537.0,135
2023-05-10 09:30:15,OP90002183,创业板ETF购12月2000,0.2537,0.0,0.0,0.0,30,0.2574,0.273,20,0.27,0.2537,0.2537,0.2537,1.0,2537.0,135
2023-05-10 09:30:17,OP90002183,创业板ETF购12月2000,0.2537,0.0,0.0,0.0,20,0.2646,0.2724,20,0.27,0.2537,0.2537,0.2537,1.0,2537.0,135
2023-05-10 09:30:18,OP90002183,创业板ETF购12月2000,0.2537,0.0,0.0,0.0,20,0.2646,0.2724,20,0.27,0.2537,0.2537,0.2537,1.0,2537.0,135
2023-05-10 09:30:21,OP90002183,创业板ETF购12月2000,0.2537,0.0,0.0,0.0,20,0.2639,0.2717,20,0.27,0.2537,0.2537,0.2537,1.0,2537.0,135
2023-05-10 09:30:22,OP90002183,创业板ETF购12月2000,0.2537,0.0,0.0,0.0,20,0.2639,0.2717,20,0.27,0.2537,0.2537,0.2537,1.0,2537.0,135
2023-05-10 09:30:23,OP90002183,创业板ETF购12月2000,0.2537,0.0,0.0,0.0,20,0.2645,0.2723,20,0.27,0.2537,0.2537,0.2537,1.0,2537.0,135
2023-05-10 09:30:25,OP90002183,创业板ETF购12月2000,0.2537,0.0,0.0,0.0,20,0.2647,0.2729,20,0.27,0.2537,0.2537,0.2537,1.0,2537.0,135
2023-05-10 09:30:27,OP90002183,创业板ETF购12月2000,0.2537,0.0,0.0,0.0,20,0.2642,0.2723,20,0.27,0.2537,0.2537,0.2537,1.0,2537.0,135
2023-05-10 09:30:29,OP90002183,创业板ETF购12月2000,0.2537,0.0,0.0,0.0,20,0.2636,0.2718,20,0.27,0.2537,0.2537,0.2537,1.0,2537.0,135
2023-05-10 09:30:29,OP90002183,创业板ETF购12月2000,0.2537,0.0,0.0,0.0,20,0.2636,0.2718,20,0.27,0.2537,0.2537,0.2537,1.0,2537.0,135
2023-05-10 09:30:30,OP90002183,创业板ETF购12月2000,0.2537,0.0,0.0,0.0,20,0.2636,0.2717,30,0.27,0.2537,0.2537,0.2537,1.0,2537.0,135
2023-05-10 09:30:31,OP90002183,创业板ETF购12月2000,0.2537,0.0,0.0,0.0,20,0.2636,0.2717,50,0.27,0.2537,0.2537,0.2537,1.0,2537.0,135
2023-05-10 09:30:39,OP90002183,创业板ETF购12月2000,0.2537,0.0,0.0,0.0,20,0.2636,0.2716,30,0.27,0.2537,0.2537,0.2537,1.0,2537.0,135
2023-05-10 09:30:40,OP90002183,创业板ETF购12月2000,0.2537,0.0,0.0,0.0,20,0.2636,0.2716,30,0.27,0.2537,0.2537,0.2537,1.0,2537.0,135
2023-05-10 09:30:42,OP90002183,创业板ETF购12月2000,0.2537,0.0,0.0,0.0,20,0.2636,0.2716,30,0.27,0.2537,0.2537,0.2537,1.0,2537.0,135
2023-05-10 09:30:45,OP90002183,创业板ETF购12月2000,0.2537,0.0,0.0,0.0,20,0.2636,0.2716,30,0.27,0.2537,0.2537,0.2537,1.0,2537.0,135
2023-05-10 09:30:51,OP90002183,创业板ETF购12月2000,0.2537,0.0,0.0,0.0,20,0.263,0.2712,20,0.27,0.2537,0.2537,0.2537,1.0,2537.0,135
2023-05-10 09:30:51,OP90002183,创业板ETF购12月2000,0.2537,0.0,0.0,0.0,20,0.263,0.2711,30,0.27,0.2537,0.2537,0.2537,1.0,2537.0,135
2023-05-10 09:31:01,OP90002183,创业板ETF购12月2000,0.2537,0.0,0.0,0.0,50,0.2629,0.2703,20,0.27,0.2537,0.2537,0.2537,1.0,2537.0,135
2023-05-10 09:31:01,OP90002183,创业板ETF购12月2000,0.2537,0.0,0.0,0.0,50,0.2629,0.2703,20,0.27,0.2537,0.2537,0.2537,1.0,2537.0,135
2023-05-10 09:31:02,OP90002183,创业板ETF购12月2000,0.2537,0.0,0.0,0.0,50,0.2629,0.2703,20,0.27,0.2537,0.2537,0.2537,1.0,2537.0,135
2023-05-10 09:31:03,OP90002183,创业板ETF购12月2000,0.2537,0.0,0.0,0.0,20,0.2631,0.2709,20,0.27,0.2537,0.2537,0.2537,1.0,2537.0,135
2023-05-10 09:31:03,OP90002183,创业板ETF购12月2000,0.2537,0.0,0.0,0.0,20,0.2631,0.2709,20,0.27,0.2537,0.2537,0.2537,1.0,2537.0,135
2023-05-10 09:31:05,OP90002183,创业板ETF购12月2000,0.2537,0.0,0.0,0.0,50,0.2629,0.2703,20,0.27,0.2537,0.2537,0.2537,1.0,2537.0,135
2023-05-10 09:31:06,OP90002183,创业板ETF购12月2000,0.2537,0.0,0.0,0.0,50,0.2629,0.2703,20,0.27,0.2537,0.2537,0.2537,1.0,2537.0,135
2023-05-10 09:31:08,OP90002183,创业板ETF购12月2000,0.2537,0.0,0.0,0.0,50,0.2629,0.2703,20,0.27,0.2537,0.2537,0.2537,1.0,2537.0,135
2023-05-10 09:31:09,OP90002183,创业板ETF购12月2000,0.2537,0.0,0.0,0.0,20,0.2629,0.2702,30,0.27,0.2537,0.2537,0.2537,1.0,2537.0,135
2023-05-10 09:31:09,OP90002183,创业板ETF购12月2000,0.2537,0.0,0.0,0.0,20,0.2622,0.27,20,0.27,0.2537,0.2537,0.2537,1.0,2537.0,135
2023-05-10 09:31:10,OP90002183,创业板ETF购12月2000,0.2537,0.0,0.0,0.0,20,0.2622,0.27,20,0.27,0.2537,0.2537,0.2537,1.0,2537.0,135
2023-05-10 09:31:15,OP90002183,创业板ETF购12月2000,0.2537,0.0,0.0,0.0,70,0.262,0.2694,20,0.27,0.2537,0.2537,0.2537,1.0,2537.0,135
2023-05-10 09:31:15,OP90002183,创业板ETF购12月2000,0.2537,0.0,0.0,0.0,70,0.262,0.2694,20,0.27,0.2537,0.2537,0.2537,1.0,2537.0,135
2023-05-10 09:31:19,OP90002183,创业板ETF购12月2000,0.2537,0.0,0.0,0.0,70,0.262,0.2694,20,0.27,0.2537,0.2537,0.2537,1.0,2537.0,135
2023-05-10 09:31:26,OP90002183,创业板ETF购12月2000,0.2537,0.0,0.0,0.0,20,0.2622,0.27,20,0.27,0.2537,0.2537,0.2537,1.0,2537.0,135
2023-05-10 09:31:27,OP90002183,创业板ETF购12月2000,0.2537,0.0,0.0,0.0,20,0.2622,0.27,20,0.27,0.2537,0.2537,0.2537,1.0,2537.0,135
2023-05-10 09:31:28,OP90002183,创业板ETF购12月2000,0.2537,0.0,0.0,0.0,20,0.2622,0.27,20,0.27,0.2537,0.2537,0.2537,1.0,2537.0,135
2023-05-10 09:31:28,OP90002183,创业板ETF购12月2000,0.2537,0.0,0.0,0.0,20,0.2622,0.27,20,0.27,0.2537,0.2537,0.2537,1.0,2537.0,135
2023-05-10 09:31:33,OP90002183,创业板ETF购12月2000,0.2537,0.0,0.0,0.0,70,0.262,0.2692,20,0.27,0.2537,0.2537,0.2537,1.0,2537.0,135
2023-05-10 09:31:33,OP90002183,创业板ETF购12月2000,0.2537,0.0,0.0,0.0,70,0.262,0.2692,20,0.27,0.2537,0.2537,0.2537,1.0,2537.0,135
2023-05-10 09:31:34,OP90002183,创业板ETF购12月2000,0.2537,0.0,0.0,0.0,70,0.262,0.2692,20,0.27,0.2537,0.2537,0.2537,1.0,2537.0,135
2023-05-10 09:31:35,OP90002183,创业板ETF购12月2000,0.2537,0.0,0.0,0.0,70,0.262,0.2698,20,0.27,0.2537,0.2537,0.2537,1.0,2537.0,135
2023-05-10 09:31:36,OP90002183,创业板ETF购12月2000,0.2537,0.0,0.0,0.0,70,0.262,0.2698,20,0.27,0.2537,0.2537,0.2537,1.0,2537.0,135
2023-05-10 09:31:37,OP90002183,创业板ETF购12月2000,0.2537,0.0,0.0,0.0,70,0.262,0.2698,20,0.27,0.2537,0.2537,0.2537,1.0,2537.0,135
2023-05-10 09:31:41,OP90002183,创业板ETF购12月2000,0.2537,0.0,0.0,0.0,70,0.262,0.2698,20,0.27,0.2537,0.2537,0.2537,1.0,2537.0,135
2023-05-10 09:31:47,OP90002183,创业板ETF购12月2000,0.2537,0.0,0.0,0.0,20,0.2627,0.2702,70,0.27,0.2537,0.2537,0.2537,1.0,2537.0,135
2023-05-10 09:31:48,OP90002183,创业板ETF购12月2000,0.2537,0.0,0.0,0.0,20,0.2627,0.2702,40,0.27,0.2537,0.2537,0.2537,1.0,2537.0,135
2023-05-10 09:31:48,OP90002183,创业板ETF购12月2000,0.2537,0.0,0.0,0.0,20,0.2627,0.2702,20,0.27,0.2537,0.2537,0.2537,1.0,2537.0,135
2023-05-10 09:31:50,OP90002183,创业板ETF购12月2000,0.2537,0.0,0.0,0.0,20,0.263,0.2708,20,0.27,0.2537,0.2537,0.2537,1.0,2537.0,135
2023-05-10 09:31:50,OP90002183,创业板ETF购12月2000,0.2537,0.0,0.0,0.0,20,0.263,0.2708,20,0.27,0.2537,0.2537,0.2537,1.0,2537.0,135
2023-05-10 09:31:52,OP90002183,创业板ETF购12月2000,0.2537,0.0,0.0,0.0,20,0.2624,0.2702,20,0.27,0.2537,0.2537,0.2537,1.0,2537.0,135
2023-05-10 09:31:53,OP90002183,创业板ETF购12月2000,0.2537,0.0,0.0,0.0,20,0.2624,0.2702,20,0.27,0.2537,0.2537,0.2537,1.0,2537.0,135
2023-05-10 09:31:53,OP90002183,创业板ETF购12月2000,0.2537,0.0,0.0,0.0,20,0.2624,0.2701,30,0.27,0.2537,0.2537,0.2537,1.0,2537.0,135
2023-05-10 09:31:54,OP90002183,创业板ETF购12月2000,0.2537,0.0,0.0,0.0,20,0.2624,0.2701,30,0.27,0.2537,0.2537,0.2537,1.0,2537.0,135
2023-05-10 09:32:02,OP90002183,创业板ETF购12月2000,0.2537,0.0,0.0,0.0,20,0.263,0.2701,50,0.27,0.2537,0.2537,0.2537,1.0,2537.0,135
2023-05-10 09:32:02,OP90002183,创业板ETF购12月2000,0.2537,0.0,0.0,0.0,20,0.263,0.2701,50,0.27,0.2537,0.2537,0.2537,1.0,2537.0,135
2023-05-10 09:32:03,OP90002183,创业板ETF购12月2000,0.2537,0.0,0.0,0.0,20,0.2624,0.2701,50,0.27,0.2537,0.2537,0.2537,1.0,2537.0,135
2023-05-10 09:32:04,OP90002183,创业板ETF购12月2000,0.2537,0.0,0.0,0.0,20,0.2624,0.2701,50,0.27,0.2537,0.2537,0.2537,1.0,2537.0,135
2023-05-10 09:32:07,OP90002183,创业板ETF购12月2000,0.2537,0.0,0.0,0.0,70,0.2621,0.2694,20,0.27,0.2537,0.2537,0.2537,1.0,2537.0,135
2023-05-10 09:32:08,OP90002183,创业板ETF购12月2000,0.2537,0.0,0.0,0.0,40,0.2621,0.2694,20,0.27,0.2537,0.2537,0.2537,1.0,2537.0,135
2023-05-10 09:32:08,OP90002183,创业板ETF购12月2000,0.2537,0.0,0.0,0.0,20,0.2621,0.2694,20,0.27,0.2537,0.2537,0.2537,1.0,2537.0,135
2023-05-10 09:32:09,OP90002183,创业板ETF购12月2000,0.2537,0.0,0.0,0.0,20,0.2621,0.2693,30,0.27,0.2537,0.2537,0.2537,1.0,2537.0,135
2023-05-10 09:32:09,OP90002183,创业板ETF购12月2000,0.2537,0.0,0.0,0.0,20,0.2621,0.2693,30,0.27,0.2537,0.2537,0.2537,1.0,2537.0,135
2023-05-10 09:32:10,OP90002183,创业板ETF购12月2000,0.2537,0.0,0.0,0.0,20,0.2621,0.2693,30,0.27,0.2537,0.2537,0.2537,1.0,2537.0,135
2023-05-10 09:32:11,OP90002183,创业板ETF购12月2000,0.2537,0.0,0.0,0.0,40,0.2614,0.2691,20,0.27,0.2537,0.2537,0.2537,1.0,2537.0,135
2023-05-10 09:32:12,OP90002183,创业板ETF购12月2000,0.2537,0.0,0.0,0.0,20,0.2614,0.2691,20,0.27,0.2537,0.2537,0.2537,1.0,2537.0,135
2023-05-10 09:32:12,OP90002183,创业板ETF购12月2000,0.2537,0.0,0.0,0.0,20,0.2606,0.2687,20,0.27,0.2537,0.2537,0.2537,1.0,2537.0,135
2023-05-10 09:32:13,OP90002183,创业板ETF购12月2000,0.2537,0.0,0.0,0.0,20,0.2606,0.2687,20,0.27,0.2537,0.2537,0.2537,1.0,2537.0,135
2023-05-10 09:32:14,OP90002183,创业板ETF购12月2000,0.2537,0.0,0.0,0.0,30,0.2607,0.2687,20,0.27,0.2537,0.2537,0.2537,1.0,2537.0,135
2023-05-10 09:32:14,OP90002183,创业板ETF购12月2000,0.2537,0.0,0.0,0.0,50,0.2607,0.2687,20,0.27,0.2537,0.2537,0.2537,1.0,2537.0,135
2023-05-10 09:32:15,OP90002183,创业板ETF购12月2000,0.2537,0.0,0.0,0.0,50,0.2607,0.2687,20,0.27,0.2537,0.2537,0.2537,1.0,2537.0,135
2023-05-10 09:32:15,OP90002183,创业板ETF购12月2000,0.2537,0.0,0.0,0.0,20,0.2611,0.2693,20,0.27,0.2537,0.2537,0.2537,1.0,2537.0,135
2023-05-10 09:32:16,OP90002183,创业板ETF购12月2000,0.2537,0.0,0.0,0.0,20,0.2611,0.2693,20,0.27,0.2537,0.2537,0.2537,1.0,2537.0,135
2023-05-10 09:32:16,OP90002183,创业板ETF购12月2000,0.2537,0.0,0.0,0.0,20,0.2611,0.2693,20,0.27,0.2537,0.2537,0.2537,1.0,2537.0,135
2023-05-10 09:32:19,OP90002183,创业板ETF购12月2000,0.2537,0.0,0.0,0.0,30,0.2612,0.2693,20,0.27,0.2537,0.2537,0.2537,1.0,2537.0,135
2023-05-10 09:32:20,OP90002183,创业板ETF购12月2000,0.2537,0.0,0.0,0.0,50,0.2612,0.2693,20,0.27,0.2537,0.2537,0.2537,1.0,2537.0,135
2023-05-10 09:32:22,OP90002183,创业板ETF购12月2000,0.2537,0.0,0.0,0.0,50,0.2612,0.2693,20,0.27,0.2537,0.2537,0.2537,1.0,2537.0,135
2023-05-10 09:32:23,OP90002183,创业板ETF购12月2000,0.2537,0.0,0.0,0.0,50,0.2612,0.2693,20,0.27,0.2537,0.2537,0.2537,1.0,2537.0,135
2023-05-10 09:32:23,OP90002183,创业板ETF购12月2000,0.2537,0.0,0.0,0.0,20,0.2624,0.2697,20,0.27,0.2537,0.2537,0.2537,1.0,2537.0,135
2023-05-10 09:32:24,OP90002183,创业板ETF购12月2000,0.2537,0.0,0.0,0.0,20,0.2624,0.2697,20,0.27,0.2537,0.2537,0.2537,1.0,2537.0,135
2023-05-10 09:32:24,OP90002183,创业板ETF购12月2000,0.2537,0.0,0.0,0.0,20,0.2624,0.2697,20,0.27,0.2537,0.2537,0.2537,1.0,2537.0,135
2023-05-10 09:32:26,OP90002183,创业板ETF购12月2000,0.2537,0.0,0.0,0.0,20,0.2624,0.2697,20,0.27,0.2537,0.2537,0.2537,1.0,2537.0,135
2023-05-10 09:32:29,OP90002183,创业板ETF购12月2000,0.2537,0.0,0.0,0.0,20,0.2624,0.2697,20,0.27,0.2537,0.2537,0.2537,1.0,2537.0,135
2023-05-10 09:32:36,OP90002183,创业板ETF购12月2000,0.2537,0.0,0.0,0.0,40,0.2624,0.2691,20,0.27,0.2537,0.2537,0.2537,1.0,2537.0,135
2023-05-10 09:32:36,OP90002183,创业板ETF购12月2000,0.2537,0.0,0.0,0.0,60,0.2624,0.2691,20,0.27,0.2537,0.2537,0.2537,1.0,2537.0,135
2023-05-10 09:32:39,OP90002183,创业板ETF购12月2000,0.2537,0.0,0.0,0.0,61,0.2624,0.2691,21,0.27,0.2537,0.2537,0.2537,1.0,2537.0,135
2023-05-10 09:32:40,OP90002183,创业板ETF购12月2000,0.2537,0.0,0.0,0.0,1,0.2633,0.2691,21,0.27,0.2537,0.2537,0.2537,1.0,2537.0,135
2023-05-10 09:32:40,OP90002183,创业板ETF购12月2000,0.2537,0.0,0.0,0.0,1,0.2633,0.2691,21,0.27,0.2537,0.2537,0.2537,1.0,2537.0,135
2023-05-10 09:32:41,OP90002183,创业板ETF购12月2000,0.2537,0.0,0.0,0.0,1,0.2633,0.2691,21,0.27,0.2537,0.2537,0.2537,1.0,2537.0,135
2023-05-10 09:32:41,OP90002183,创业板ETF购12月2000,0.2537,0.0,0.0,0.0,1,0.2633,0.2691,21,0.27,0.2537,0.2537,0.2537,1.0,2537.0,135
2023-05-10 09:32:44,OP90002183,创业板ETF购12月2000,0.2537,0.0,0.0,0.0,1,0.2633,0.269,30,0.27,0.2537,0.2537,0.2537,1.0,2537.0,135
2023-05-10 09:32:45,OP90002183,创业板ETF购12月2000,0.2537,0.0,0.0,0.0,1,0.2633,0.269,31,0.27,0.2537,0.2537,0.2537,1.0,2537.0,135
2023-05-10 09:32:46,OP90002183,创业板ETF购12月2000,0.2537,0.0,0.0,0.0,1,0.2633,0.2689,20,0.27,0.2537,0.2537,0.2537,1.0,2537.0,135
2023-05-10 09:32:46,OP90002183,创业板ETF购12月2000,0.2537,0.0,0.0,0.0,1,0.2633,0.2689,20,0.27,0.2537,0.2537,0.2537,1.0,2537.0,135
2023-05-10 09:32:48,OP90002183,创业板ETF购12月2000,0.2537,0.0,0.0,0.0,1,0.2633,0.2688,30,0.27,0.2537,0.2537,0.2537,1.0,2537.0,135
2023-05-10 09:32:49,OP90002183,创业板ETF购12月2000,0.2537,0.0,0.0,0.0,1,0.2633,0.2688,30,0.27,0.2537,0.2537,0.2537,1.0,2537.0,135
2023-05-10 09:32:49,OP90002183,创业板ETF购12月2000,0.2537,0.0,0.0,0.0,1,0.2633,0.2688,30,0.27,0.2537,0.2537,0.2537,1.0,2537.0,135
2023-05-10 09:32:50,OP90002183,创业板ETF购12月2000,0.2537,0.0,0.0,0.0,1,0.2634,0.2688,30,0.27,0.2537,0.2537,0.2537,1.0,2537.0,135
2023-05-10 09:32:51,OP90002183,创业板ETF购12月2000,0.2537,0.0,0.0,0.0,1,0.2634,0.2688,30,0.27,0.2537,0.2537,0.2537,1.0,2537.0,135
2023-05-10 09:32:54,OP90002183,创业板ETF购12月2000,0.2537,0.0,0.0,0.0,1,0.2634,0.2688,30,0.27,0.2537,0.2537,0.2537,1.0,2537.0,135
2023-05-10 09:32:55,OP90002183,创业板ETF购12月2000,0.2537,0.0,0.0,0.0,1,0.2634,0.2688,31,0.27,0.2537,0.2537,0.2537,1.0,2537.0,135
2023-05-10 09:32:59,OP90002183,创业板ETF购12月2000,0.2537,0.0,0.0,0.0,1,0.2634,0.2688,31,0.27,0.2537,0.2537,0.2537,1.0,2537.0,135
2023-05-10 09:32:59,OP90002183,创业板ETF购12月2000,0.2537,0.0,0.0,0.0,20,0.2638,0.2688,31,0.27,0.2537,0.2537,0.2537,1.0,2537.0,135
2023-05-10 09:33:00,OP90002183,创业板ETF购12月2000,0.2537,0.0,0.0,0.0,21,0.2638,0.2688,31,0.27,0.2537,0.2537,0.2537,1.0,2537.0,135
2023-05-10 09:33:01,OP90002183,创业板ETF购12月2000,0.2537,0.0,0.0,0.0,21,0.2638,0.2688,31,0.27,0.2537,0.2537,0.2537,1.0,2537.0,135
2023-05-10 09:33:05,OP90002183,创业板ETF购12月2000,0.2537,0.0,0.0,0.0,21,0.2638,0.2687,1,0.27,0.2537,0.2537,0.2537,1.0,2537.0,135
2023-05-10 09:33:05,OP90002183,创业板ETF购12月2000,0.2537,0.0,0.0,0.0,21,0.2638,0.2687,1,0.27,0.2537,0.2537,0.2537,1.0,2537.0,135
2023-05-10 09:33:07,OP90002183,创业板ETF购12月2000,0.2537,0.0,0.0,0.0,21,0.2638,0.2682,20,0.27,0.2537,0.2537,0.2537,1.0,2537.0,135
2023-05-10 09:33:08,OP90002183,创业板ETF购12月2000,0.2537,0.0,0.0,0.0,1,0.2638,0.2682,20,0.27,0.2537,0.2537,0.2537,1.0,2537.0,135
2023-05-10 09:33:08,OP90002183,创业板ETF购12月2000,0.2537,0.0,0.0,0.0,1,0.2638,0.2682,20,0.27,0.2537,0.2537,0.2537,1.0,2537.0,135
2023-05-10 09:33:09,OP90002183,创业板ETF购12月2000,0.2537,0.0,0.0,0.0,1,0.2638,0.2681,30,0.27,0.2537,0.2537,0.2537,1.0,2537.0,135
2023-05-10 09:33:09,OP90002183,创业板ETF购12月2000,0.2537,0.0,0.0,0.0,1,0.2638,0.2681,30,0.27,0.2537,0.2537,0.2537,1.0,2537.0,135
2023-05-10 09:33:10,OP90002183,创业板ETF购12月2000,0.2537,0.0,0.0,0.0,1,0.2639,0.2681,50,0.27,0.2537,0.2537,0.2537,1.0,2537.0,135
2023-05-10 09:33:19,OP90002183,创业板ETF购12月2000,0.2537,0.0,0.0,0.0,1,0.2639,0.2681,50,0.27,0.2537,0.2537,0.2537,1.0,2537.0,135
2023-05-10 09:33:19,OP90002183,创业板ETF购12月2000,0.2537,0.0,0.0,0.0,1,0.2639,0.2681,50,0.27,0.2537,0.2537,0.2537,1.0,2537.0,135
2023-05-10 09:33:20,OP90002183,创业板ETF购12月2000,0.2537,0.0,0.0,0.0,1,0.264,0.2681,51,0.27,0.2537,0.2537,0.2537,1.0,2537.0,135
2023-05-10 09:33:24,OP90002183,创业板ETF购12月2000,0.2537,0.0,0.0,0.0,1,0.264,0.2681,51,0.27,0.2537,0.2537,0.2537,1.0,2537.0,135
2023-05-10 09:33:26,OP90002183,创业板ETF购12月2000,0.2537,0.0,0.0,0.0,1,0.2638,0.2681,51,0.27,0.2537,0.2537,0.2537,1.0,2537.0,135
2023-05-10 09:33:27,OP90002183,创业板ETF购12月2000,0.2537,0.0,0.0,0.0,1,0.2638,0.2681,51,0.27,0.2537,0.2537,0.2537,1.0,2537.0,135
2023-05-10 09:33:30,OP90002183,创业板ETF购12月2000,0.2537,0.0,0.0,0.0,1,0.2638,0.268,1,0.27,0.2537,0.2537,0.2537,1.0,2537.0,135
2023-05-10 09:33:30,OP90002183,创业板ETF购12月2000,0.2537,0.0,0.0,0.0,1,0.2638,0.268,1,0.27,0.2537,0.2537,0.2537,1.0,2537.0,135
2023-05-10 09:33:31,OP90002183,创业板ETF购12月2000,0.2537,0.0,0.0,0.0,1,0.2638,0.268,1,0.27,0.2537,0.2537,0.2537,1.0,2537.0,135
2023-05-10 09:33:32,OP90002183,创业板ETF购12月2000,0.2537,0.0,0.0,0.0,1,0.2638,0.268,21,0.27,0.2537,0.2537,0.2537,1.0,2537.0,135
2023-05-10 09:33:35,OP90002183,创业板ETF购12月2000,0.2537,0.0,0.0,0.0,1,0.2637,0.268,21,0.27,0.2537,0.2537,0.2537,1.0,2537.0,135
2023-05-10 09:33:38,OP90002183,创业板ETF购12月2000,0.2537,0.0,0.0,0.0,1,0.2634,0.268,21,0.27,0.2537,0.2537,0.2537,1.0,2537.0,135
2023-05-10 09:33:40,OP90002183,创业板ETF购12月2000,0.2537,0.0,0.0,0.0,1,0.2634,0.2679,1,0.27,0.2537,0.2537,0.2537,1.0,2537.0,135
2023-05-10 09:33:41,OP90002183,创业板ETF购12月2000,0.2537,0.0,0.0,0.0,1,0.2633,0.2679,1,0.27,0.2537,0.2537,0.2537,1.0,2537.0,135
2023-05-10 09:33:41,OP90002183,创业板ETF购12月2000,0.2537,0.0,0.0,0.0,1,0.2633,0.2678,30,0.27,0.2537,0.2537,0.2537,1.0,2537.0,135
2023-05-10 09:33:42,OP90002183,创业板ETF购12月2000,0.2537,0.0,0.0,0.0,1,0.2633,0.2678,30,0.27,0.2537,0.2537,0.2537,1.0,2537.0,135
2023-05-10 09:33:42,OP90002183,创业板ETF购12月2000,0.2537,0.0,0.0,0.0,1,0.2633,0.2678,30,0.27,0.2537,0.2537,0.2537,1.0,2537.0,135
2023-05-10 09:33:43,OP90002183,创业板ETF购12月2000,0.2537,0.0,0.0,0.0,1,0.2633,0.2678,30,0.27,0.2537,0.2537,0.2537,1.0,2537.0,135
2023-05-10 09:33:44,OP90002183,创业板ETF购12月2000,0.2537,0.0,0.0,0.0,1,0.263,0.2678,30,0.27,0.2537,0.2537,0.2537,1.0,2537.0,135
2023-05-10 09:33:45,OP90002183,创业板ETF购12月2000,0.2537,0.0,0.0,0.0,1,0.2629,0.2678,50,0.27,0.2537,0.2537,0.2537,1.0,2537.0,135
2023-05-10 09:33:45,OP90002183,创业板ETF购12月2000,0.2537,0.0,0.0,0.0,1,0.2628,0.2678,50,0.27,0.2537,0.2537,0.2537,1.0,2537.0,135
2023-05-10 09:33:46,OP90002183,创业板ETF购12月2000,0.2537,0.0,0.0,0.0,1,0.2627,0.2678,50,0.27,0.2537,0.2537,0.2537,1.0,2537.0,135
2023-05-10 09:33:46,OP90002183,创业板ETF购12月2000,0.2537,0.0,0.0,0.0,1,0.2626,0.2678,50,0.27,0.2537,0.2537,0.2537,1.0,2537.0,135
2023-05-10 09:33:47,OP90002183,创业板ETF购12月2000,0.2537,0.0,0.0,0.0,1,0.2625,0.2677,30,0.27,0.2537,0.2537,0.2537,1.0,2537.0,135
2023-05-10 09:33:48,OP90002183,创业板ETF购12月2000,0.2537,0.0,0.0,0.0,1,0.2624,0.2677,30,0.27,0.2537,0.2537,0.2537,1.0,2537.0,135
2023-05-10 09:33:48,OP90002183,创业板ETF购12月2000,0.2537,0.0,0.0,0.0,60,0.2618,0.2677,30,0.27,0.2537,0.2537,0.2537,1.0,2537.0,135
2023-05-10 09:33:49,OP90002183,创业板ETF购12月2000,0.2537,0.0,0.0,0.0,61,0.2618,0.2677,30,0.27,0.2537,0.2537,0.2537,1.0,2537.0,135
2023-05-10 09:33:50,OP90002183,创业板ETF购12月2000,0.2537,0.0,0.0,0.0,41,0.2618,0.2671,10,0.27,0.2537,0.2537,0.2537,1.0,2537.0,135
2023-05-10 09:33:51,OP90002183,创业板ETF购12月2000,0.2537,0.0,0.0,0.0,21,0.2618,0.2674,40,0.27,0.2537,0.2537,0.2537,1.0,2537.0,135
2023-05-10 09:33:51,OP90002183,创业板ETF购12月2000,0.2537,0.0,0.0,0.0,21,0.2618,0.2668,10,0.27,0.2537,0.2537,0.2537,1.0,2537.0,135
2023-05-10 09:33:52,OP90002183,创业板ETF购12月2000,0.2537,0.0,0.0,0.0,21,0.2618,0.2668,20,0.27,0.2537,0.2537,0.2537,1.0,2537.0,135
2023-05-10 09:33:52,OP90002183,创业板ETF购12月2000,0.2537,0.0,0.0,0.0,21,0.2618,0.2666,10,0.27,0.2537,0.2537,0.2537,1.0,2537.0,135
2023-05-10 09:33:53,OP90002183,创业板ETF购12月2000,0.2537,0.0,0.0,0.0,20,0.2618,0.2666,10,0.27,0.2537,0.2537,0.2537,1.0,2537.0,135
2023-05-10 09:33:54,OP90002183,创业板ETF购12月2000,0.2537,0.0,0.0,0.0,20,0.2618,0.2668,20,0.27,0.2537,0.2537,0.2537,1.0,2537.0,135
2023-05-10 09:33:54,OP90002183,创业板ETF购12月2000,0.2537,0.0,0.0,0.0,20,0.2618,0.2665,10,0.27,0.2537,0.2537,0.2537,1.0,2537.0,135
2023-05-10 09:33:55,OP90002183,创业板ETF购12月2000,0.2537,0.0,0.0,0.0,20,0.2618,0.2665,20,0.27,0.2537,0.2537,0.2537,1.0,2537.0,135
2023-05-10 09:33:55,OP90002183,创业板ETF购12月2000,0.2537,0.0,0.0,0.0,20,0.2618,0.2664,10,0.27,0.2537,0.2537,0.2537,1.0,2537.0,135
2023-05-10 09:33:56,OP90002183,创业板ETF购12月2000,0.2537,0.0,0.0,0.0,20,0.2618,0.2664,30,0.27,0.2537,0.2537,0.2537,1.0,2537.0,135
2023-05-10 09:33:59,OP90002183,创业板ETF购12月2000,0.2537,0.0,0.0,0.0,20,0.2618,0.2664,20,0.27,0.2537,0.2537,0.2537,1.0,2537.0,135
2023-05-10 09:34:00,OP90002183,创业板ETF购12月2000,0.2537,0.0,0.0,0.0,20,0.2618,0.2662,10,0.27,0.2537,0.2537,0.2537,1.0,2537.0,135
2023-05-10 09:34:00,OP90002183,创业板ETF购12月2000,0.2537,0.0,0.0,0.0,20,0.2618,0.2662,30,0.27,0.2537,0.2537,0.2537,1.0,2537.0,135
2023-05-10 09:34:01,OP90002183,创业板ETF购12月2000,0.2537,0.0,0.0,0.0,20,0.2618,0.2662,20,0.27,0.2537,0.2537,0.2537,1.0,2537.0,135
2023-05-10 09:34:02,OP90002183,创业板ETF购12月2000,0.2537,0.0,0.0,0.0,20,0.2618,0.2662,20,0.27,0.2537,0.2537,0.2537,1.0,2537.0,135
2023-05-10 09:34:04,OP90002183,创业板ETF购12月2000,0.2537,0.0,0.0,0.0,1,0.2617,0.2662,20,0.27,0.2537,0.2537,0.2537,1.0,2537.0,135
2023-05-10 09:34:05,OP90002183,创业板ETF购12月2000,0.2537,0.0,0.0,0.0,1,0.2617,0.2662,1,0.27,0.2537,0.2537,0.2537,1.0,2537.0,135
2023-05-10 09:34:05,OP90002183,创业板ETF购12月2000,0.2537,0.0,0.0,0.0,1,0.2615,0.2662,1,0.27,0.2537,0.2537,0.2537,1.0,2537.0,135
2023-05-10 09:34:06,OP90002183,创业板ETF购12月2000,0.2537,0.0,0.0,0.0,1,0.2615,0.2662,1,0.27,0.2537,0.2537,0.2537,1.0,2537.0,135
2023-05-10 09:34:08,OP90002183,创业板ETF购12月2000,0.2537,0.0,0.0,0.0,1,0.2614,0.2662,1,0.27,0.2537,0.2537,0.2537,1.0,2537.0,135
2023-05-10 09:34:09,OP90002183,创业板ETF购12月2000,0.2537,0.0,0.0,0.0,1,0.2614,0.2662,1,0.27,0.2537,0.2537,0.2537,1.0,2537.0,135
2023-05-10 09:34:10,OP90002183,创业板ETF购12月2000,0.2537,0.0,0.0,0.0,1,0.2614,0.2662,1,0.27,0.2537,0.2537,0.2537,1.0,2537.0,135
2023-05-10 09:34:11,OP90002183,创业板ETF购12月2000,0.2537,0.0,0.0,0.0,1,0.2611,0.2662,1,0.27,0.2537,0.2537,0.2537,1.0,2537.0,135
2023-05-10 09:34:12,OP90002183,创业板ETF购12月2000,0.2537,0.0,0.0,0.0,1,0.2611,0.2662,1,0.27,0.2537,0.2537,0.2537,1.0,2537.0,135
2023-05-10 09:34:13,OP90002183,创业板ETF购12月2000,0.2537,0.0,0.0,0.0,20,0.2605,0.2662,1,0.27,0.2537,0.2537,0.2537,1.0,2537.0,135
2023-05-10 09:34:13,OP90002183,创业板ETF购12月2000,0.2537,0.0,0.0,0.0,20,0.2605,0.2662,1,0.27,0.2537,0.2537,0.2537,1.0,2537.0,135
2023-05-10 09:34:14,OP90002183,创业板ETF购12月2000,0.2537,0.0,0.0,0.0,20,0.2613,0.2652,1,0.27,0.2537,0.2537,0.2537,1.0,2537.0,135
2023-05-10 09:34:15,OP90002183,创业板ETF购12月2000,0.2537,0.0,0.0,0.0,20,0.2613,0.2652,21,0.27,0.2537,0.2537,0.2537,1.0,2537.0,135
2023-05-10 09:34:16,OP90002183,创业板ETF购12月2000,0.2537,0.0,0.0,0.0,20,0.2613,0.2652,21,0.27,0.2537,0.2537,0.2537,1.0,2537.0,135
2023-05-10 09:34:24,OP90002183,创业板ETF购12月2000,0.2537,0.0,0.0,0.0,20,0.2613,0.2651,1,0.27,0.2537,0.2537,0.2537,1.0,2537.0,135
2023-05-10 09:34:27,OP90002183,创业板ETF购12月2000,0.2537,0.0,0.0,0.0,20,0.2613,0.2651,1,0.27,0.2537,0.2537,0.2537,1.0,2537.0,135
2023-05-10 09:34:27,OP90002183,创业板ETF购12月2000,0.2537,0.0,0.0,0.0,20,0.2613,0.2651,1,0.27,0.2537,0.2537,0.2537,1.0,2537.0,135
2023-05-10 09:34:30,OP90002183,创业板ETF购12月2000,0.2537,0.0,0.0,0.0,40,0.2613,0.2651,1,0.27,0.2537,0.2537,0.2537,1.0,2537.0,135
2023-05-10 09:34:31,OP90002183,创业板ETF购12月2000,0.2537,0.0,0.0,0.0,41,0.2613,0.2651,1,0.27,0.2537,0.2537,0.2537,1.0,2537.0,135
2023-05-10 09:34:34,OP90002183,创业板ETF购12月2000,0.2537,0.0,0.0,0.0,41,0.2613,0.265,1,0.27,0.2537,0.2537,0.2537,1.0,2537.0,135
2023-05-10 09:34:41,OP90002183,创业板ETF购12月2000,0.2537,0.0,0.0,0.0,1,0.2614,0.265,1,0.27,0.2537,0.2537,0.2537,1.0,2537.0,135
2023-05-10 09:34:42,OP90002183,创业板ETF购12月2000,0.2537,0.0,0.0,0.0,1,0.2614,0.265,1,0.27,0.2537,0.2537,0.2537,1.0,2537.0,135
2023-05-10 09:34:44,OP90002183,创业板ETF购12月2000,0.2537,0.0,0.0,0.0,1,0.2614,0.2649,1,0.27,0.2537,0.2537,0.2537,1.0,2537.0,135
2023-05-10 09:34:51,OP90002183,创业板ETF购12月2000,0.2537,0.0,0.0,0.0,1,0.2615,0.2649,1,0.27,0.2537,0.2537,0.2537,1.0,2537.0,135
2023-05-10 09:34:52,OP90002183,创业板ETF购12月2000,0.2537,0.0,0.0,0.0,1,0.2615,0.2649,1,0.27,0.2537,0.2537,0.2537,1.0,2537.0,135
2023-05-10 09:34:54,OP90002183,创业板ETF购12月2000,0.2537,0.0,0.0,0.0,1,0.2615,0.2648,1,0.27,0.2537,0.2537,0.2537,1.0,2537.0,135
2023-05-10 09:34:56,OP90002183,创业板ETF购12月2000,0.2537,0.0,0.0,0.0,20,0.262,0.2648,1,0.27,0.2537,0.2537,0.2537,1.0,2537.0,135
2023-05-10 09:34:56,OP90002183,创业板ETF购12月2000,0.2537,0.0,0.0,0.0,20,0.262,0.2648,1,0.27,0.2537,0.2537,0.2537,1.0,2537.0,135
2023-05-10 09:34:57,OP90002183,创业板ETF购12月2000,0.2537,0.0,0.0,0.0,20,0.2622,0.2648,1,0.27,0.2537,0.2537,0.2537,1.0,2537.0,135
2023-05-10 09:34:58,OP90002183,创业板ETF购12月2000,0.2537,0.0,0.0,0.0,20,0.2622,0.2648,1,0.27,0.2537,0.2537,0.2537,1.0,2537.0,135
2023-05-10 09:34:58,OP90002183,创业板ETF购12月2000,0.2537,0.0,0.0,0.0,20,0.2627,0.2648,1,0.27,0.2537,0.2537,0.2537,1.0,2537.0,135
2023-05-10 09:34:59,OP90002183,创业板ETF购12月2000,0.2537,0.0,0.0,0.0,20,0.2627,0.2648,1,0.27,0.2537,0.2537,0.2537,1.0,2537.0,135
2023-05-10 09:34:59,OP90002183,创业板ETF购12月2000,0.2537,0.0,0.0,0.0,50,0.2627,0.2648,21,0.27,0.2537,0.2537,0.2537,1.0,2537.0,135
2023-05-10 09:35:00,OP90002183,创业板ETF购12月2000,0.2537,0.0,0.0,0.0,50,0.2627,0.2648,21,0.27,0.2537,0.2537,0.2537,1.0,2537.0,135
2023-05-10 09:35:00,OP90002183,创业板ETF购12月2000,0.2537,0.0,0.0,0.0,50,0.2627,0.2648,21,0.27,0.2537,0.2537,0.2537,1.0,2537.0,135
2023-05-10 09:35:01,OP90002183,创业板ETF购12月2000,0.2537,0.0,0.0,0.0,30,0.2627,0.2648,21,0.27,0.2537,0.2537,0.2537,1.0,2537.0,135
2023-05-10 09:35:01,OP90002183,创业板ETF购12月2000,0.2537,0.0,0.0,0.0,30,0.2627,0.2648,21,0.27,0.2537,0.2537,0.2537,1.0,2537.0,135
2023-05-10 09:35:02,OP90002183,创业板ETF购12月2000,0.2537,0.0,0.0,0.0,30,0.2627,0.2648,21,0.27,0.2537,0.2537,0.2537,1.0,2537.0,135
2023-05-10 09:35:03,OP90002183,创业板ETF购12月2000,0.2537,0.0,0.0,0.0,30,0.2627,0.2648,21,0.27,0.2537,0.2537,0.2537,1.0,2537.0,135
2023-05-10 09:35:04,OP90002183,创业板ETF购12月2000,0.2537,0.0,0.0,0.0,30,0.2627,0.2648,21,0.27,0.2537,0.2537,0.2537,1.0,2537.0,135
2023-05-10 09:35:04,OP90002183,创业板ETF购12月2000,0.2537,0.0,0.0,0.0,20,0.2622,0.2647,1,0.27,0.2537,0.2537,0.2537,1.0,2537.0,135
2023-05-10 09:35:05,OP90002183,创业板ETF购12月2000,0.2537,0.0,0.0,0.0,20,0.2622,0.2647,1,0.27,0.2537,0.2537,0.2537,1.0,2537.0,135
2023-05-10 09:35:08,OP90002183,创业板ETF购12月2000,0.2537,0.0,0.0,0.0,20,0.2622,0.2647,1,0.27,0.2537,0.2537,0.2537,1.0,2537.0,135
2023-05-10 09:35:11,OP90002183,创业板ETF购12月2000,0.2537,0.0,0.0,0.0,21,0.2622,0.2647,1,0.27,0.2537,0.2537,0.2537,1.0,2537.0,135
2023-05-10 09:35:14,OP90002183,创业板ETF购12月2000,0.2537,0.0,0.0,0.0,21,0.2622,0.2646,1,0.27,0.2537,0.2537,0.2537,1.0,2537.0,135
2023-05-10 09:35:18,OP90002183,创业板ETF购12月2000,0.2537,0.0,0.0,0.0,21,0.2622,0.2646,1,0.27,0.2537,0.2537,0.2537,1.0,2537.0,135
2023-05-10 09:35:21,OP90002183,创业板ETF购12月2000,0.2537,0.0,0.0,0.0,1,0.2623,0.2646,1,0.27,0.2537,0.2537,0.2537,1.0,2537.0,135
2023-05-10 09:35:22,OP90002183,创业板ETF购12月2000,0.2537,0.0,0.0,0.0,1,0.2623,0.2646,1,0.27,0.2537,0.2537,0.2537,1.0,2537.0,135
2023-05-10 09:35:24,OP90002183,创业板ETF购12月2000,0.2537,0.0,0.0,0.0,1,0.2623,0.2645,1,0.27,0.2537,0.2537,0.2537,1.0,2537.0,135
2023-05-10 09:35:25,OP90002183,创业板ETF购12月2000,0.2537,0.0,0.0,0.0,1,0.2623,0.2645,1,0.27,0.2537,0.2537,0.2537,1.0,2537.0,135
2023-05-10 09:35:25,OP90002183,创业板ETF购12月2000,0.2537,0.0,0.0,0.0,1,0.2623,0.2645,1,0.27,0.2537,0.2537,0.2537,1.0,2537.0,135
2023-05-10 09:35:32,OP90002183,创业板ETF购12月2000,0.2537,0.0,0.0,0.0,1,0.2624,0.2645,1,0.27,0.2537,0.2537,0.2537,1.0,2537.0,135
2023-05-10 09:35:35,OP90002183,创业板ETF购12月2000,0.2537,0.0,0.0,0.0,1,0.2624,0.2644,1,0.27,0.2537,0.2537,0.2537,1.0,2537.0,135
2023-05-10 09:35:42,OP90002183,创业板ETF购12月2000,0.2537,0.0,0.0,0.0,1,0.2625,0.2644,1,0.27,0.2537,0.2537,0.2537,1.0,2537.0,135
2023-05-10 09:35:45,OP90002183,创业板ETF购12月2000,0.2537,0.0,0.0,0.0,1,0.2625,0.2643,1,0.27,0.2537,0.2537,0.2537,1.0,2537.0,135
2023-05-10 09:35:49,OP90002183,创业板ETF购12月2000,0.2537,0.0,0.0,0.0,1,0.2625,0.2643,1,0.27,0.2537,0.2537,0.2537,1.0,2537.0,135
2023-05-10 09:35:50,OP90002183,创业板ETF购12月2000,0.2537,0.0,0.0,0.0,1,0.2625,0.2643,1,0.27,0.2537,0.2537,0.2537,1.0,2537.0,135
2023-05-10 09:35:50,OP90002183,创业板ETF购12月2000,0.2537,0.0,0.0,0.0,1,0.2625,0.2643,1,0.27,0.2537,0.2537,0.2537,1.0,2537.0,135
2023-05-10 09:35:52,OP90002183,创业板ETF购12月2000,0.2537,0.0,0.0,0.0,1,0.2626,0.2643,1,0.27,0.2537,0.2537,0.2537,1.0,2537.0,135
2023-05-10 09:35:54,OP90002183,创业板ETF购12月2000,0.2537,0.0,0.0,0.0,1,0.2626,0.2643,1,0.27,0.2537,0.2537,0.2537,1.0,2537.0,135
2023-05-10 09:35:55,OP90002183,创业板ETF购12月2000,0.2537,0.0,0.0,0.0,1,0.2626,0.2642,1,0.27,0.2537,0.2537,0.2537,1.0,2537.0,135
2023-05-10 09:35:55,OP90002183,创业板ETF购12月2000,0.2537,0.0,0.0,0.0,1,0.2626,0.2642,1,0.27,0.2537,0.2537,0.2537,1.0,2537.0,135
2023-05-10 09:35:56,OP90002183,创业板ETF购12月2000,0.2537,0.0,0.0,0.0,1,0.2626,0.2642,1,0.27,0.2537,0.2537,0.2537,1.0,2537.0,135
2023-05-10 09:35:57,OP90002183,创业板ETF购12月2000,0.2537,0.0,0.0,0.0,1,0.2626,0.2642,1,0.27,0.2537,0.2537,0.2537,1.0,2537.0,135
2023-05-10 09:36:02,OP90002183,创业板ETF购12月2000,0.2537,0.0,0.0,0.0,1,0.2627,0.2642,1,0.27,0.2537,0.2537,0.2537,1.0,2537.0,135
2023-05-10 09:36:02,OP90002183,创业板ETF购12月2000,0.2537,0.0,0.0,0.0,21,0.2627,0.2651,30,0.27,0.2537,0.2537,0.2537,1.0,2537.0,135
2023-05-10 09:36:03,OP90002183,创业板ETF购12月2000,0.2537,0.0,0.0,0.0,21,0.2627,0.2651,31,0.27,0.2537,0.2537,0.2537,1.0,2537.0,135
2023-05-10 09:36:04,OP90002183,创业板ETF购12月2000,0.2537,0.0,0.0,0.0,21,0.2627,0.2651,31,0.27,0.2537,0.2537,0.2537,1.0,2537.0,135
2023-05-10 09:36:12,OP90002183,创业板ETF购12月2000,0.2537,0.0,0.0,0.0,1,0.2628,0.2651,31,0.27,0.2537,0.2537,0.2537,1.0,2537.0,135
2023-05-10 09:36:13,OP90002183,创业板ETF购12月2000,0.2537,0.0,0.0,0.0,1,0.2628,0.265,1,0.27,0.2537,0.2537,0.2537,1.0,2537.0,135
2023-05-10 09:36:18,OP90002183,创业板ETF购12月2000,0.2537,0.0,0.0,0.0,1,0.2628,0.265,1,0.27,0.2537,0.2537,0.2537,1.0,2537.0,135
2023-05-10 09:36:22,OP90002183,创业板ETF购12月2000,0.2537,0.0,0.0,0.0,1,0.2629,0.265,1,0.27,0.2537,0.2537,0.2537,1.0,2537.0,135
2023-05-10 09:36:23,OP90002183,创业板ETF购12月2000,0.2537,0.0,0.0,0.0,1,0.2629,0.2649,1,0.27,0.2537,0.2537,0.2537,1.0,2537.0,135
2023-05-10 09:36:29,OP90002183,创业板ETF购12月2000,0.2537,0.0,0.0,0.0,1,0.2629,0.2651,30,0.27,0.2537,0.2537,0.2537,1.0,2537.0,135
2023-05-10 09:36:30,OP90002183,创业板ETF购12月2000,0.2537,0.0,0.0,0.0,1,0.2629,0.2653,1,0.27,0.2537,0.2537,0.2537,1.0,2537.0,135
2023-05-10 09:36:30,OP90002183,创业板ETF购12月2000,0.2537,0.0,0.0,0.0,1,0.2629,0.2653,1,0.27,0.2537,0.2537,0.2537,1.0,2537.0,135
2023-05-10 09:36:32,OP90002183,创业板ETF购12月2000,0.2537,0.0,0.0,0.0,1,0.263,0.2653,1,0.27,0.2537,0.2537,0.2537,1.0,2537.0,135
2023-05-10 09:36:40,OP90002183,创业板ETF购12月2000,0.2537,0.0,0.0,0.0,1,0.263,0.2652,1,0.27,0.2537,0.2537,0.2537,1.0,2537.0,135
2023-05-10 09:36:40,OP90002183,创业板ETF购12月2000,0.2537,0.0,0.0,0.0,1,0.263,0.2652,1,0.27,0.2537,0.2537,0.2537,1.0,2537.0,135
2023-05-10 09:36:42,OP90002183,创业板ETF购12月2000,0.2537,0.0,0.0,0.0,1,0.2631,0.2652,1,0.27,0.2537,0.2537,0.2537,1.0,2537.0,135
2023-05-10 09:36:46,OP90002183,创业板ETF购12月2000,0.2537,0.0,0.0,0.0,1,0.2631,0.2652,1,0.27,0.2537,0.2537,0.2537,1.0,2537.0,135
2023-05-10 09:36:47,OP90002183,创业板ETF购12月2000,0.2537,0.0,0.0,0.0,21,0.2631,0.2652,21,0.27,0.2537,0.2537,0.2537,1.0,2537.0,135
2023-05-10 09:36:51,OP90002183,创业板ETF购12月2000,0.2537,0.0,0.0,0.0,21,0.2631,0.2652,1,0.27,0.2537,0.2537,0.2537,1.0,2537.0,135
2023-05-10 09:36:52,OP90002183,创业板ETF购12月2000,0.2537,0.0,0.0,0.0,1,0.2632,0.2652,1,0.27,0.2537,0.2537,0.2537,1.0,2537.0,135
2023-05-10 09:36:53,OP90002183,创业板ETF购12月2000,0.2537,0.0,0.0,0.0,1,0.2632,0.2652,1,0.27,0.2537,0.2537,0.2537,1.0,2537.0,135
2023-05-10 09:36:54,OP90002183,创业板ETF购12月2000,0.2537,0.0,0.0,0.0,1,0.2632,0.2652,1,0.27,0.2537,0.2537,0.2537,1.0,2537.0,135
2023-05-10 09:36:54,OP90002183,创业板ETF购12月2000,0.2537,0.0,0.0,0.0,1,0.2632,0.2652,1,0.27,0.2537,0.2537,0.2537,1.0,2537.0,135
2023-05-10 09:36:55,OP90002183,创业板ETF购12月2000,0.2537,0.0,0.0,0.0,1,0.2632,0.2652,1,0.27,0.2537,0.2537,0.2537,1.0,2537.0,135
2023-05-10 09:36:55,OP90002183,创业板ETF购12月2000,0.2537,0.0,0.0,0.0,20,0.2639,0.2652,1,0.27,0.2537,0.2537,0.2537,1.0,2537.0,135
2023-05-10 09:36:56,OP90002183,创业板ETF购12月2000,0.2537,0.0,0.0,0.0,20,0.2639,0.2652,1,0.27,0.2537,0.2537,0.2537,1.0,2537.0,135
2023-05-10 09:36:56,OP90002183,创业板ETF购12月2000,0.2537,0.0,0.0,0.0,20,0.2639,0.2658,20,0.27,0.2537,0.2537,0.2537,1.0,2537.0,135
2023-05-10 09:36:57,OP90002183,创业板ETF购12月2000,0.2537,0.0,0.0,0.0,21,0.2639,0.2659,1,0.27,0.2537,0.2537,0.2537,1.0,2537.0,135
2023-05-10 09:36:57,OP90002183,创业板ETF购12月2000,0.2537,0.0,0.0,0.0,21,0.2639,0.2659,1,0.27,0.2537,0.2537,0.2537,1.0,2537.0,135
2023-05-10 09:36:58,OP90002183,创业板ETF购12月2000,0.2537,0.0,0.0,0.0,1,0.2639,0.2659,1,0.27,0.2537,0.2537,0.2537,1.0,2537.0,135
2023-05-10 09:37:01,OP90002183,创业板ETF购12月2000,0.2537,0.0,0.0,0.0,1,0.2639,0.2659,21,0.27,0.2537,0.2537,0.2537,1.0,2537.0,135
2023-05-10 09:37:01,OP90002183,创业板ETF购12月2000,0.2537,0.0,0.0,0.0,1,0.2639,0.2659,21,0.27,0.2537,0.2537,0.2537,1.0,2537.0,135
2023-05-10 09:37:03,OP90002183,创业板ETF购12月2000,0.2537,0.0,0.0,0.0,1,0.2639,0.2659,51,0.27,0.2537,0.2537,0.2537,1.0,2537.0,135
2023-05-10 09:37:04,OP90002183,创业板ETF购12月2000,0.2537,0.0,0.0,0.0,1,0.2639,0.2659,51,0.27,0.2537,0.2537,0.2537,1.0,2537.0,135
2023-05-10 09:37:06,OP90002183,创业板ETF购12月2000,0.2537,0.0,0.0,0.0,1,0.2639,0.2659,51,0.27,0.2537,0.2537,0.2537,1.0,2537.0,135
2023-05-10 09:37:07,OP90002183,创业板ETF购12月2000,0.2537,0.0,0.0,0.0,1,0.264,0.2658,1,0.27,0.2537,0.2537,0.2537,1.0,2537.0,135
2023-05-10 09:37:07,OP90002183,创业板ETF购12月2000,0.2537,0.0,0.0,0.0,1,0.264,0.2658,1,0.27,0.2537,0.2537,0.2537,1.0,2537.0,135
2023-05-10 09:37:10,OP90002183,创业板ETF购12月2000,0.2537,0.0,0.0,0.0,1,0.264,0.2658,1,0.27,0.2537,0.2537,0.2537,1.0,2537.0,135
2023-05-10 09:37:12,OP90002183,创业板ETF购12月2000,0.2537,0.0,0.0,0.0,1,0.264,0.2658,1,0.27,0.2537,0.2537,0.2537,1.0,2537.0,135
2023-05-10 09:37:17,OP90002183,创业板ETF购12月2000,0.2537,0.0,0.0,0.0,1,0.2641,0.2658,1,0.27,0.2537,0.2537,0.2537,1.0,2537.0,135
2023-05-10 09:37:20,OP90002183,创业板ETF购12月2000,0.2537,0.0,0.0,0.0,1,0.2641,0.2658,1,0.27,0.2537,0.2537,0.2537,1.0,2537.0,135
2023-05-10 09:37:23,OP90002183,创业板ETF购12月2000,0.2537,0.0,0.0,0.0,1,0.2641,0.2657,1,0.27,0.2537,0.2537,0.2537,1.0,2537.0,135
2023-05-10 09:37:24,OP90002183,创业板ETF购12月2000,0.2537,0.0,0.0,0.0,1,0.2641,0.2657,1,0.27,0.2537,0.2537,0.2537,1.0,2537.0,135
2023-05-10 09:37:26,OP90002183,创业板ETF购12月2000,0.2537,0.0,0.0,0.0,1,0.2641,0.2657,21,0.27,0.2537,0.2537,0.2537,1.0,2537.0,135
2023-05-10 09:37:27,OP90002183,创业板ETF购12月2000,0.2537,0.0,0.0,0.0,1,0.2642,0.2657,21,0.27,0.2537,0.2537,0.2537,1.0,2537.0,135
2023-05-10 09:37:33,OP90002183,创业板ETF购12月2000,0.2537,0.0,0.0,0.0,1,0.2642,0.2656,1,0.27,0.2537,0.2537,0.2537,1.0,2537.0,135
2023-05-10 09:37:37,OP90002183,创业板ETF购12月2000,0.2537,0.0,0.0,0.0,1,0.2643,0.2656,1,0.27,0.2537,0.2537,0.2537,1.0,2537.0,135
2023-05-10 09:37:39,OP90002183,创业板ETF购12月2000,0.2537,0.0,0.0,0.0,1,0.2643,0.2656,1,0.27,0.2537,0.2537,0.2537,1.0,2537.0,135
2023-05-10 09:37:42,OP90002183,创业板ETF购12月2000,0.2537,0.0,0.0,0.0,1,0.2642,0.2656,1,0.27,0.2537,0.2537,0.2537,1.0,2537.0,135
2023-05-10 09:37:42,OP90002183,创业板ETF购12月2000,0.2537,0.0,0.0,0.0,1,0.2642,0.2656,1,0.27,0.2537,0.2537,0.2537,1.0,2537.0,135
2023-05-10 09:37:43,OP90002183,创业板ETF购12月2000,0.2537,0.0,0.0,0.0,1,0.2642,0.2655,31,0.27,0.2537,0.2537,0.2537,1.0,2537.0,135
2023-05-10 09:37:44,OP90002183,创业板ETF购12月2000,0.2537,0.0,0.0,0.0,1,0.2642,0.2655,31,0.27,0.2537,0.2537,0.2537,1.0,2537.0,135
2023-05-10 09:37:44,OP90002183,创业板ETF购12月2000,0.2537,0.0,0.0,0.0,1,0.2641,0.2655,31,0.27,0.2537,0.2537,0.2537,1.0,2537.0,135
2023-05-10 09:37:46,OP90002183,创业板ETF购12月2000,0.2537,0.0,0.0,0.0,1,0.2641,0.2655,31,0.27,0.2537,0.2537,0.2537,1.0,2537.0,135
2023-05-10 09:37:47,OP90002183,创业板ETF购12月2000,0.2537,0.0,0.0,0.0,1,0.264,0.2655,31,0.27,0.2537,0.2537,0.2537,1.0,2537.0,135
2023-05-10 09:37:50,OP90002183,创业板ETF购12月2000,0.2537,0.0,0.0,0.0,1,0.2638,0.2655,31,0.27,0.2537,0.2537,0.2537,1.0,2537.0,135
2023-05-10 09:37:53,OP90002183,创业板ETF购12月2000,0.2537,0.0,0.0,0.0,1,0.2638,0.2655,31,0.27,0.2537,0.2537,0.2537,1.0,2537.0,135
2023-05-10 09:37:53,OP90002183,创业板ETF购12月2000,0.2537,0.0,0.0,0.0,1,0.2636,0.2654,1,0.27,0.2537,0.2537,0.2537,1.0,2537.0,135
2023-05-10 09:37:54,OP90002183,创业板ETF购12月2000,0.2537,0.0,0.0,0.0,1,0.2636,0.2654,1,0.27,0.2537,0.2537,0.2537,1.0,2537.0,135
2023-05-10 09:37:59,OP90002183,创业板ETF购12月2000,0.2537,0.0,0.0,0.0,1,0.2636,0.2654,1,0.27,0.2537,0.2537,0.2537,1.0,2537.0,135
2023-05-10 09:38:02,OP90002183,创业板ETF购12月2000,0.2537,0.0,0.0,0.0,1,0.2633,0.2654,1,0.27,0.2537,0.2537,0.2537,1.0,2537.0,135
2023-05-10 09:38:03,OP90002183,创业板ETF购12月2000,0.2537,0.0,0.0,0.0,1,0.2633,0.2653,1,0.27,0.2537,0.2537,0.2537,1.0,2537.0,135
2023-05-10 09:38:06,OP90002183,创业板ETF购12月2000,0.2537,0.0,0.0,0.0,1,0.2633,0.2653,1,0.27,0.2537,0.2537,0.2537,1.0,2537.0,135
2023-05-10 09:38:06,OP90002183,创业板ETF购12月2000,0.2537,0.0,0.0,0.0,1,0.2633,0.2653,1,0.27,0.2537,0.2537,0.2537,1.0,2537.0,135
2023-05-10 09:38:07,OP90002183,创业板ETF购12月2000,0.2537,0.0,0.0,0.0,21,0.2633,0.2653,1,0.27,0.2537,0.2537,0.2537,1.0,2537.0,135
2023-05-10 09:38:08,OP90002183,创业板ETF购12月2000,0.2537,0.0,0.0,0.0,21,0.2633,0.2653,1,0.27,0.2537,0.2537,0.2537,1.0,2537.0,135
2023-05-10 09:38:08,OP90002183,创业板ETF购12月2000,0.2537,0.0,0.0,0.0,21,0.2633,0.2653,1,0.27,0.2537,0.2537,0.2537,1.0,2537.0,135
2023-05-10 09:38:09,OP90002183,创业板ETF购12月2000,0.2653,1.0,2653.0,1.0,21,0.2633,0.2653,1,0.27,0.2537,0.2653,0.2537,2.0,5190.0,136
2023-05-10 09:38:10,OP90002183,创业板ETF购12月2000,0.2653,0.0,0.0,0.0,21,0.2633,0.2653,1,0.27,0.2537,0.2653,0.2537,2.0,5190.0,136
2023-05-10 09:38:11,OP90002183,创业板ETF购12月2000,0.2653,0.0,0.0,0.0,21,0.2633,0.2653,1,0.27,0.2537,0.2653,0.2537,2.0,5190.0,136
2023-05-10 09:38:12,OP90002183,创业板ETF购12月2000,0.2653,0.0,0.0,0.0,1,0.2634,0.2653,1,0.27,0.2537,0.2653,0.2537,2.0,5190.0,136
2023-05-10 09:38:13,OP90002183,创业板ETF购12月2000,0.2653,0.0,0.0,0.0,1,0.2634,0.2653,1,0.27,0.2537,0.2653,0.2537,2.0,5190.0,136
2023-05-10 09:38:19,OP90002183,创业板ETF购12月2000,0.2653,0.0,0.0,0.0,1,0.2634,0.2652,1,0.27,0.2537,0.2653,0.2537,2.0,5190.0,136
2023-05-10 09:38:20,OP90002183,创业板ETF购12月2000,0.2653,0.0,0.0,0.0,1,0.2634,0.2652,1,0.27,0.2537,0.2653,0.2537,2.0,5190.0,136
2023-05-10 09:38:20,OP90002183,创业板ETF购12月2000,0.2653,0.0,0.0,0.0,1,0.2634,0.2652,1,0.27,0.2537,0.2653,0.2537,2.0,5190.0,136
2023-05-10 09:38:22,OP90002183,创业板ETF购12月2000,0.2653,0.0,0.0,0.0,1,0.2635,0.2652,1,0.27,0.2537,0.2653,0.2537,2.0,5190.0,136
2023-05-10 09:38:27,OP90002183,创业板ETF购12月2000,0.2653,0.0,0.0,0.0,1,0.2635,0.2652,1,0.27,0.2537,0.2653,0.2537,2.0,5190.0,136
2023-05-10 09:38:27,OP90002183,创业板ETF购12月2000,0.2653,0.0,0.0,0.0,1,0.2635,0.2652,1,0.27,0.2537,0.2653,0.2537,2.0,5190.0,136
2023-05-10 09:38:29,OP90002183,创业板ETF购12月2000,0.2653,0.0,0.0,0.0,1,0.2632,0.2651,1,0.27,0.2537,0.2653,0.2537,2.0,5190.0,136
2023-05-10 09:38:31,OP90002183,创业板ETF购12月2000,0.2653,0.0,0.0,0.0,1,0.2632,0.2651,21,0.27,0.2537,0.2653,0.2537,2.0,5190.0,136
2023-05-10 09:38:34,OP90002183,创业板ETF购12月2000,0.2653,0.0,0.0,0.0,1,0.2632,0.2651,21,0.27,0.2537,0.2653,0.2537,2.0,5190.0,136
2023-05-10 09:38:39,OP90002183,创业板ETF购12月2000,0.2653,0.0,0.0,0.0,1,0.2633,0.265,1,0.27,0.2537,0.2653,0.2537,2.0,5190.0,136
2023-05-10 09:38:40,OP90002183,创业板ETF购12月2000,0.2653,0.0,0.0,0.0,1,0.2633,0.265,1,0.27,0.2537,0.2653,0.2537,2.0,5190.0,136
2023-05-10 09:38:41,OP90002183,创业板ETF购12月2000,0.2653,0.0,0.0,0.0,1,0.2633,0.265,1,0.27,0.2537,0.2653,0.2537,2.0,5190.0,136
2023-05-10 09:38:42,OP90002183,创业板ETF购12月2000,0.2653,0.0,0.0,0.0,1,0.2633,0.265,1,0.27,0.2537,0.2653,0.2537,2.0,5190.0,136
2023-05-10 09:38:49,OP90002183,创业板ETF购12月2000,0.2653,0.0,0.0,0.0,1,0.2634,0.2649,1,0.27,0.2537,0.2653,0.2537,2.0,5190.0,136
2023-05-10 09:38:50,OP90002183,创业板ETF购12月2000,0.2653,0.0,0.0,0.0,1,0.2634,0.2649,1,0.27,0.2537,0.2653,0.2537,2.0,5190.0,136
2023-05-10 09:38:59,OP90002183,创业板ETF购12月2000,0.2653,0.0,0.0,0.0,1,0.2635,0.2648,1,0.27,0.2537,0.2653,0.2537,2.0,5190.0,136
2023-05-10 09:39:00,OP90002183,创业板ETF购12月2000,0.2653,0.0,0.0,0.0,1,0.2635,0.2648,1,0.27,0.2537,0.2653,0.2537,2.0,5190.0,136
2023-05-10 09:39:01,OP90002183,创业板ETF购12月2000,0.2653,0.0,0.0,0.0,1,0.2635,0.2648,1,0.27,0.2537,0.2653,0.2537,2.0,5190.0,136
2023-05-10 09:39:04,OP90002183,创业板ETF购12月2000,0.2653,0.0,0.0,0.0,1,0.2635,0.2648,1,0.27,0.2537,0.2653,0.2537,2.0,5190.0,136
2023-05-10 09:39:08,OP90002183,创业板ETF购12月2000,0.2653,0.0,0.0,0.0,1,0.2633,0.2648,1,0.27,0.2537,0.2653,0.2537,2.0,5190.0,136
2023-05-10 09:39:09,OP90002183,创业板ETF购12月2000,0.2653,0.0,0.0,0.0,1,0.2633,0.2647,1,0.27,0.2537,0.2653,0.2537,2.0,5190.0,136
2023-05-10 09:39:10,OP90002183,创业板ETF购12月2000,0.2653,0.0,0.0,0.0,1,0.2633,0.2647,1,0.27,0.2537,0.2653,0.2537,2.0,5190.0,136
2023-05-10 09:39:12,OP90002183,创业板ETF购12月2000,0.2653,0.0,0.0,0.0,1,0.2633,0.2647,1,0.27,0.2537,0.2653,0.2537,2.0,5190.0,136
2023-05-10 09:39:14,OP90002183,创业板ETF购12月2000,0.2653,0.0,0.0,0.0,1,0.263,0.2647,1,0.27,0.2537,0.2653,0.2537,2.0,5190.0,136
2023-05-10 09:39:16,OP90002183,创业板ETF购12月2000,0.2653,0.0,0.0,0.0,1,0.263,0.2647,21,0.27,0.2537,0.2653,0.2537,2.0,5190.0,136
2023-05-10 09:39:19,OP90002183,创业板ETF购12月2000,0.2653,0.0,0.0,0.0,1,0.263,0.2647,21,0.27,0.2537,0.2653,0.2537,2.0,5190.0,136
2023-05-10 09:39:20,OP90002183,创业板ETF购12月2000,0.2653,0.0,0.0,0.0,1,0.263,0.2646,1,0.27,0.2537,0.2653,0.2537,2.0,5190.0,136
2023-05-10 09:39:24,OP90002183,创业板ETF购12月2000,0.2653,0.0,0.0,0.0,1,0.263,0.2646,1,0.27,0.2537,0.2653,0.2537,2.0,5190.0,136
2023-05-10 09:39:24,OP90002183,创业板ETF购12月2000,0.2653,0.0,0.0,0.0,1,0.2631,0.2646,1,0.27,0.2537,0.2653,0.2537,2.0,5190.0,136
2023-05-10 09:39:31,OP90002183,创业板ETF购12月2000,0.2653,0.0,0.0,0.0,1,0.2631,0.2645,1,0.27,0.2537,0.2653,0.2537,2.0,5190.0,136
2023-05-10 09:39:34,OP90002183,创业板ETF购12月2000,0.2653,0.0,0.0,0.0,1,0.2632,0.2645,1,0.27,0.2537,0.2653,0.2537,2.0,5190.0,136
2023-05-10 09:39:35,OP90002183,创业板ETF购12月2000,0.2653,0.0,0.0,0.0,1,0.2632,0.2647,20,0.27,0.2537,0.2653,0.2537,2.0,5190.0,136
2023-05-10 09:39:38,OP90002183,创业板ETF购12月2000,0.2653,0.0,0.0,0.0,1,0.2632,0.2648,1,0.27,0.2537,0.2653,0.2537,2.0,5190.0,136
2023-05-10 09:39:44,OP90002183,创业板ETF购12月2000,0.2653,0.0,0.0,0.0,1,0.2633,0.2648,1,0.27,0.2537,0.2653,0.2537,2.0,5190.0,136
2023-05-10 09:39:45,OP90002183,创业板ETF购12月2000,0.2653,0.0,0.0,0.0,1,0.2633,0.2648,1,0.27,0.2537,0.2653,0.2537,2.0,5190.0,136
2023-05-10 09:39:45,OP90002183,创业板ETF购12月2000,0.2653,0.0,0.0,0.0,1,0.2633,0.2647,1,0.27,0.2537,0.2653,0.2537,2.0,5190.0,136
2023-05-10 09:39:48,OP90002183,创业板ETF购12月2000,0.2653,0.0,0.0,0.0,1,0.2633,0.2647,1,0.27,0.2537,0.2653,0.2537,2.0,5190.0,136
2023-05-10 09:39:53,OP90002183,创业板ETF购12月2000,0.2653,0.0,0.0,0.0,1,0.2633,0.2647,21,0.27,0.2537,0.2653,0.2537,2.0,5190.0,136
2023-05-10 09:39:54,OP90002183,创业板ETF购12月2000,0.2653,0.0,0.0,0.0,1,0.2634,0.2647,21,0.27,0.2537,0.2653,0.2537,2.0,5190.0,136
2023-05-10 09:39:55,OP90002183,创业板ETF购12月2000,0.2653,0.0,0.0,0.0,1,0.2634,0.2647,1,0.27,0.2537,0.2653,0.2537,2.0,5190.0,136
2023-05-10 09:39:55,OP90002183,创业板ETF购12月2000,0.2653,0.0,0.0,0.0,1,0.2634,0.2646,1,0.27,0.2537,0.2653,0.2537,2.0,5190.0,136
2023-05-10 09:39:56,OP90002183,创业板ETF购12月2000,0.2653,0.0,0.0,0.0,1,0.2634,0.2646,21,0.27,0.2537,0.2653,0.2537,2.0,5190.0,136
2023-05-10 09:40:00,OP90002183,创业板ETF购12月2000,0.2653,0.0,0.0,0.0,1,0.2634,0.2646,21,0.27,0.2537,0.2653,0.2537,2.0,5190.0,136
2023-05-10 09:40:05,OP90002183,创业板ETF购12月2000,0.2653,0.0,0.0,0.0,1,0.2635,0.2646,21,0.27,0.2537,0.2653,0.2537,2.0,5190.0,136
2023-05-10 09:40:05,OP90002183,创业板ETF购12月2000,0.2653,0.0,0.0,0.0,1,0.2635,0.2645,1,0.27,0.2537,0.2653,0.2537,2.0,5190.0,136
2023-05-10 09:40:06,OP90002183,创业板ETF购12月2000,0.2653,0.0,0.0,0.0,1,0.2635,0.2645,21,0.27,0.2537,0.2653,0.2537,2.0,5190.0,136
2023-05-10 09:40:06,OP90002183,创业板ETF购12月2000,0.2653,0.0,0.0,0.0,1,0.2635,0.2645,21,0.27,0.2537,0.2653,0.2537,2.0,5190.0,136
2023-05-10 09:40:07,OP90002183,创业板ETF购12月2000,0.2653,0.0,0.0,0.0,1,0.2633,0.2644,30,0.27,0.2537,0.2653,0.2537,2.0,5190.0,136
2023-05-10 09:40:07,OP90002183,创业板ETF购12月2000,0.2653,0.0,0.0,0.0,1,0.2633,0.2644,30,0.27,0.2537,0.2653,0.2537,2.0,5190.0,136
2023-05-10 09:40:08,OP90002183,创业板ETF购12月2000,0.2653,0.0,0.0,0.0,1,0.2633,0.2644,30,0.27,0.2537,0.2653,0.2537,2.0,5190.0,136
2023-05-10 09:40:08,OP90002183,创业板ETF购12月2000,0.2653,0.0,0.0,0.0,1,0.2631,0.2644,30,0.27,0.2537,0.2653,0.2537,2.0,5190.0,136
2023-05-10 09:40:09,OP90002183,创业板ETF购12月2000,0.2653,0.0,0.0,0.0,1,0.2631,0.2644,30,0.27,0.2537,0.2653,0.2537,2.0,5190.0,136
2023-05-10 09:40:11,OP90002183,创业板ETF购12月2000,0.2653,0.0,0.0,0.0,1,0.2631,0.2644,31,0.27,0.2537,0.2653,0.2537,2.0,5190.0,136
2023-05-10 09:40:11,OP90002183,创业板ETF购12月2000,0.2653,0.0,0.0,0.0,20,0.2619,0.2644,31,0.27,0.2537,0.2653,0.2537,2.0,5190.0,136
2023-05-10 09:40:12,OP90002183,创业板ETF购12月2000,0.2653,0.0,0.0,0.0,21,0.2619,0.2644,31,0.27,0.2537,0.2653,0.2537,2.0,5190.0,136
2023-05-10 09:40:15,OP90002183,创业板ETF购12月2000,0.2653,0.0,0.0,0.0,21,0.2619,0.2644,31,0.27,0.2537,0.2653,0.2537,2.0,5190.0,136
2023-05-10 09:40:16,OP90002183,创业板ETF购12月2000,0.2653,0.0,0.0,0.0,21,0.2619,0.2644,31,0.27,0.2537,0.2653,0.2537,2.0,5190.0,136
2023-05-10 09:40:17,OP90002183,创业板ETF购12月2000,0.2653,0.0,0.0,0.0,21,0.2619,0.2644,31,0.27,0.2537,0.2653,0.2537,2.0,5190.0,136
2023-05-10 09:40:21,OP90002183,创业板ETF购12月2000,0.2653,0.0,0.0,0.0,21,0.2619,0.2643,1,0.27,0.2537,0.2653,0.2537,2.0,5190.0,136
2023-05-10 09:40:21,OP90002183,创业板ETF购12月2000,0.2653,0.0,0.0,0.0,21,0.2619,0.2643,1,0.27,0.2537,0.2653,0.2537,2.0,5190.0,136
2023-05-10 09:40:22,OP90002183,创业板ETF购12月2000,0.2653,0.0,0.0,0.0,1,0.262,0.2643,1,0.27,0.2537,0.2653,0.2537,2.0,5190.0,136
2023-05-10 09:40:23,OP90002183,创业板ETF购12月2000,0.2653,0.0,0.0,0.0,1,0.262,0.2643,1,0.27,0.2537,0.2653,0.2537,2.0,5190.0,136
2023-05-10 09:40:31,OP90002183,创业板ETF购12月2000,0.2653,0.0,0.0,0.0,1,0.262,0.2642,1,0.27,0.2537,0.2653,0.2537,2.0,5190.0,136
2023-05-10 09:40:31,OP90002183,创业板ETF购12月2000,0.2653,0.0,0.0,0.0,1,0.262,0.2642,21,0.27,0.2537,0.2653,0.2537,2.0,5190.0,136
2023-05-10 09:40:32,OP90002183,创业板ETF购12月2000,0.2653,0.0,0.0,0.0,1,0.2621,0.2642,21,0.27,0.2537,0.2653,0.2537,2.0,5190.0,136
2023-05-10 09:40:34,OP90002183,创业板ETF购12月2000,0.2653,0.0,0.0,0.0,1,0.2621,0.2642,21,0.27,0.2537,0.2653,0.2537,2.0,5190.0,136
2023-05-10 09:40:35,OP90002183,创业板ETF购12月2000,0.2653,0.0,0.0,0.0,1,0.2621,0.2642,21,0.27,0.2537,0.2653,0.2537,2.0,5190.0,136
2023-05-10 09:40:39,OP90002183,创业板ETF购12月2000,0.2653,0.0,0.0,0.0,1,0.2621,0.2642,21,0.27,0.2537,0.2653,0.2537,2.0,5190.0,136
2023-05-10 09:40:40,OP90002183,创业板ETF购12月2000,0.2653,0.0,0.0,0.0,1,0.2621,0.2642,21,0.27,0.2537,0.2653,0.2537,2.0,5190.0,136
2023-05-10 09:40:41,OP90002183,创业板ETF购12月2000,0.2653,0.0,0.0,0.0,1,0.2621,0.2641,1,0.27,0.2537,0.2653,0.2537,2.0,5190.0,136
2023-05-10 09:40:41,OP90002183,创业板ETF购12月2000,0.2653,0.0,0.0,0.0,1,0.2621,0.2641,21,0.27,0.2537,0.2653,0.2537,2.0,5190.0,136
2023-05-10 09:40:42,OP90002183,创业板ETF购12月2000,0.2653,0.0,0.0,0.0,1,0.2622,0.2641,21,0.27,0.2537,0.2653,0.2537,2.0,5190.0,136
2023-05-10 09:40:42,OP90002183,创业板ETF购12月2000,0.2653,0.0,0.0,0.0,1,0.2622,0.2641,21,0.27,0.2537,0.2653,0.2537,2.0,5190.0,136
2023-05-10 09:40:43,OP90002183,创业板ETF购12月2000,0.2653,0.0,0.0,0.0,20,0.2624,0.2641,21,0.27,0.2537,0.2653,0.2537,2.0,5190.0,136
2023-05-10 09:40:43,OP90002183,创业板ETF购12月2000,0.2653,0.0,0.0,0.0,20,0.2624,0.2641,21,0.27,0.2537,0.2653,0.2537,2.0,5190.0,136
2023-05-10 09:40:44,OP90002183,创业板ETF购12月2000,0.2653,0.0,0.0,0.0,20,0.2624,0.2641,21,0.27,0.2537,0.2653,0.2537,2.0,5190.0,136
2023-05-10 09:40:47,OP90002183,创业板ETF购12月2000,0.2653,0.0,0.0,0.0,21,0.2622,0.2641,21,0.27,0.2537,0.2653,0.2537,2.0,5190.0,136
2023-05-10 09:40:49,OP90002183,创业板ETF购12月2000,0.2653,0.0,0.0,0.0,21,0.2622,0.2641,21,0.27,0.2537,0.2653,0.2537,2.0,5190.0,136
2023-05-10 09:40:51,OP90002183,创业板ETF购12月2000,0.2653,0.0,0.0,0.0,21,0.2622,0.264,1,0.27,0.2537,0.2653,0.2537,2.0,5190.0,136
2023-05-10 09:40:52,OP90002183,创业板ETF购12月2000,0.2653,0.0,0.0,0.0,1,0.2623,0.264,1,0.27,0.2537,0.2653,0.2537,2.0,5190.0,136
2023-05-10 09:40:58,OP90002183,创业板ETF购12月2000,0.2653,0.0,0.0,0.0,1,0.2623,0.264,1,0.27,0.2537,0.2653,0.2537,2.0,5190.0,136
2023-05-10 09:40:59,OP90002183,创业板ETF购12月2000,0.2653,0.0,0.0,0.0,1,0.2621,0.264,1,0.27,0.2537,0.2653,0.2537,2.0,5190.0,136
2023-05-10 09:41:01,OP90002183,创业板ETF购12月2000,0.2653,0.0,0.0,0.0,1,0.2621,0.2639,1,0.27,0.2537,0.2653,0.2537,2.0,5190.0,136
2023-05-10 09:41:05,OP90002183,创业板ETF购12月2000,0.2653,0.0,0.0,0.0,1,0.2621,0.2639,21,0.27,0.2537,0.2653,0.2537,2.0,5190.0,136
2023-05-10 09:41:07,OP90002183,创业板ETF购12月2000,0.2653,0.0,0.0,0.0,1,0.2621,0.2639,21,0.27,0.2537,0.2653,0.2537,2.0,5190.0,136
2023-05-10 09:41:09,OP90002183,创业板ETF购12月2000,0.2653,0.0,0.0,0.0,1,0.2622,0.2639,21,0.27,0.2537,0.2653,0.2537,2.0,5190.0,136
2023-05-10 09:41:11,OP90002183,创业板ETF购12月2000,0.2653,0.0,0.0,0.0,1,0.2622,0.2638,1,0.27,0.2537,0.2653,0.2537,2.0,5190.0,136
2023-05-10 09:41:16,OP90002183,创业板ETF购12月2000,0.2653,0.0,0.0,0.0,1,0.2622,0.2638,1,0.27,0.2537,0.2653,0.2537,2.0,5190.0,136
2023-05-10 09:41:17,OP90002183,创业板ETF购12月2000,0.2653,0.0,0.0,0.0,1,0.2622,0.2637,30,0.27,0.2537,0.2653,0.2537,2.0,5190.0,136
2023-05-10 09:41:18,OP90002183,创业板ETF购12月2000,0.2653,0.0,0.0,0.0,1,0.2622,0.2637,30,0.27,0.2537,0.2653,0.2537,2.0,5190.0,136
2023-05-10 09:41:18,OP90002183,创业板ETF购12月2000,0.2653,0.0,0.0,0.0,1,0.2622,0.2637,30,0.27,0.2537,0.2653,0.2537,2.0,5190.0,136
2023-05-10 09:41:19,OP90002183,创业板ETF购12月2000,0.2653,0.0,0.0,0.0,1,0.2622,0.2637,30,0.27,0.2537,0.2653,0.2537,2.0,5190.0,136
2023-05-10 09:41:19,OP90002183,创业板ETF购12月2000,0.2653,0.0,0.0,0.0,1,0.2621,0.2637,30,0.27,0.2537,0.2653,0.2537,2.0,5190.0,136
2023-05-10 09:41:20,OP90002183,创业板ETF购12月2000,0.2653,0.0,0.0,0.0,1,0.2621,0.2637,30,0.27,0.2537,0.2653,0.2537,2.0,5190.0,136
2023-05-10 09:41:20,OP90002183,创业板ETF购12月2000,0.2653,0.0,0.0,0.0,1,0.2618,0.2637,30,0.27,0.2537,0.2653,0.2537,2.0,5190.0,136
2023-05-10 09:41:21,OP90002183,创业板ETF购12月2000,0.2653,0.0,0.0,0.0,1,0.2618,0.2637,31,0.27,0.2537,0.2653,0.2537,2.0,5190.0,136
2023-05-10 09:41:23,OP90002183,创业板ETF购12月2000,0.2653,0.0,0.0,0.0,1,0.2618,0.2637,31,0.27,0.2537,0.2653,0.2537,2.0,5190.0,136
2023-05-10 09:41:23,OP90002183,创业板ETF购12月2000,0.2653,0.0,0.0,0.0,1,0.2616,0.2637,31,0.27,0.2537,0.2653,0.2537,2.0,5190.0,136
2023-05-10 09:41:26,OP90002183,创业板ETF购12月2000,0.2653,0.0,0.0,0.0,1,0.2616,0.2637,51,0.27,0.2537,0.2653,0.2537,2.0,5190.0,136
2023-05-10 09:41:27,OP90002183,创业板ETF购12月2000,0.2653,0.0,0.0,0.0,1,0.2616,0.2637,51,0.27,0.2537,0.2653,0.2537,2.0,5190.0,136
2023-05-10 09:41:29,OP90002183,创业板ETF购12月2000,0.2653,0.0,0.0,0.0,1,0.2616,0.2637,51,0.27,0.2537,0.2653,0.2537,2.0,5190.0,136
2023-05-10 09:41:31,OP90002183,创业板ETF购12月2000,0.2653,0.0,0.0,0.0,1,0.2616,0.2636,1,0.27,0.2537,0.2653,0.2537,2.0,5190.0,136
2023-05-10 09:41:31,OP90002183,创业板ETF购12月2000,0.2653,0.0,0.0,0.0,1,0.2616,0.2636,31,0.27,0.2537,0.2653,0.2537,2.0,5190.0,136
2023-05-10 09:41:32,OP90002183,创业板ETF购12月2000,0.2653,0.0,0.0,0.0,1,0.2616,0.2636,31,0.27,0.2537,0.2653,0.2537,2.0,5190.0,136
2023-05-10 09:41:32,OP90002183,创业板ETF购12月2000,0.2653,0.0,0.0,0.0,1,0.2614,0.2636,31,0.27,0.2537,0.2653,0.2537,2.0,5190.0,136
2023-05-10 09:41:33,OP90002183,创业板ETF购12月2000,0.2653,0.0,0.0,0.0,1,0.2614,0.2636,31,0.27,0.2537,0.2653,0.2537,2.0,5190.0,136
2023-05-10 09:41:35,OP90002183,创业板ETF购12月2000,0.2653,0.0,0.0,0.0,1,0.2612,0.2636,31,0.27,0.2537,0.2653,0.2537,2.0,5190.0,136
2023-05-10 09:41:38,OP90002183,创业板ETF购12月2000,0.2653,0.0,0.0,0.0,1,0.2612,0.2636,31,0.27,0.2537,0.2653,0.2537,2.0,5190.0,136
2023-05-10 09:41:38,OP90002183,创业板ETF购12月2000,0.2653,0.0,0.0,0.0,1,0.261,0.2636,31,0.27,0.2537,0.2653,0.2537,2.0,5190.0,136
2023-05-10 09:41:40,OP90002183,创业板ETF购12月2000,0.2653,0.0,0.0,0.0,1,0.261,0.2636,31,0.27,0.2537,0.2653,0.2537,2.0,5190.0,136
2023-05-10 09:41:41,OP90002183,创业板ETF购12月2000,0.2653,0.0,0.0,0.0,1,0.261,0.2635,1,0.27,0.2537,0.2653,0.2537,2.0,5190.0,136
2023-05-10 09:41:41,OP90002183,创业板ETF购12月2000,0.2653,0.0,0.0,0.0,1,0.2609,0.2635,11,0.27,0.2537,0.2653,0.2537,2.0,5190.0,136
2023-05-10 09:41:42,OP90002183,创业板ETF购12月2000,0.2653,0.0,0.0,0.0,1,0.2609,0.2635,11,0.27,0.2537,0.2653,0.2537,2.0,5190.0,136
2023-05-10 09:41:46,OP90002183,创业板ETF购12月2000,0.2653,0.0,0.0,0.0,1,0.2609,0.2635,1,0.27,0.2537,0.2653,0.2537,2.0,5190.0,136
2023-05-10 09:41:48,OP90002183,创业板ETF购12月2000,0.2653,0.0,0.0,0.0,1,0.2609,0.2635,21,0.27,0.2537,0.2653,0.2537,2.0,5190.0,136
2023-05-10 09:41:49,OP90002183,创业板ETF购12月2000,0.2653,0.0,0.0,0.0,1,0.2609,0.2635,31,0.27,0.2537,0.2653,0.2537,2.0,5190.0,136
2023-05-10 09:41:50,OP90002183,创业板ETF购12月2000,0.2653,0.0,0.0,0.0,1,0.2609,0.2635,31,0.27,0.2537,0.2653,0.2537,2.0,5190.0,136
2023-05-10 09:41:50,OP90002183,创业板ETF购12月2000,0.2653,0.0,0.0,0.0,1,0.2609,0.2635,31,0.27,0.2537,0.2653,0.2537,2.0,5190.0,136
2023-05-10 09:41:51,OP90002183,创业板ETF购12月2000,0.2653,0.0,0.0,0.0,1,0.2609,0.2634,1,0.27,0.2537,0.2653,0.2537,2.0,5190.0,136
2023-05-10 09:41:51,OP90002183,创业板ETF购12月2000,0.2653,0.0,0.0,0.0,1,0.2609,0.2634,1,0.27,0.2537,0.2653,0.2537,2.0,5190.0,136
2023-05-10 09:41:52,OP90002183,创业板ETF购12月2000,0.2653,0.0,0.0,0.0,1,0.2609,0.2634,11,0.27,0.2537,0.2653,0.2537,2.0,5190.0,136
2023-05-10 09:41:53,OP90002183,创业板ETF购12月2000,0.2653,0.0,0.0,0.0,1,0.2609,0.2634,11,0.27,0.2537,0.2653,0.2537,2.0,5190.0,136
2023-05-10 09:41:53,OP90002183,创业板ETF购12月2000,0.2653,0.0,0.0,0.0,1,0.2607,0.2634,11,0.27,0.2537,0.2653,0.2537,2.0,5190.0,136
2023-05-10 09:41:55,OP90002183,创业板ETF购12月2000,0.2653,0.0,0.0,0.0,1,0.2607,0.2633,30,0.27,0.2537,0.2653,0.2537,2.0,5190.0,136
2023-05-10 09:41:55,OP90002183,创业板ETF购12月2000,0.2653,0.0,0.0,0.0,1,0.2607,0.2633,40,0.27,0.2537,0.2653,0.2537,2.0,5190.0,136
2023-05-10 09:41:56,OP90002183,创业板ETF购12月2000,0.2653,0.0,0.0,0.0,1,0.2607,0.2633,40,0.27,0.2537,0.2653,0.2537,2.0,5190.0,136
2023-05-10 09:41:56,OP90002183,创业板ETF购12月2000,0.2653,0.0,0.0,0.0,1,0.2605,0.2633,40,0.27,0.2537,0.2653,0.2537,2.0,5190.0,136
2023-05-10 09:41:59,OP90002183,创业板ETF购12月2000,0.2653,0.0,0.0,0.0,1,0.2602,0.2633,40,0.27,0.2537,0.2653,0.2537,2.0,5190.0,136
2023-05-10 09:42:03,OP90002183,创业板ETF购12月2000,0.2653,0.0,0.0,0.0,1,0.2602,0.2632,20,0.27,0.2537,0.2653,0.2537,2.0,5190.0,136
2023-05-10 09:42:03,OP90002183,创业板ETF购12月2000,0.2653,0.0,0.0,0.0,1,0.2602,0.2628,20,0.27,0.2537,0.2653,0.2537,2.0,5190.0,136
2023-05-10 09:42:04,OP90002183,创业板ETF购12月2000,0.2653,0.0,0.0,0.0,21,0.26,0.2628,30,0.27,0.2537,0.2653,0.2537,2.0,5190.0,136
2023-05-10 09:42:04,OP90002183,创业板ETF购12月2000,0.2653,0.0,0.0,0.0,21,0.26,0.2628,30,0.27,0.2537,0.2653,0.2537,2.0,5190.0,136
2023-05-10 09:42:05,OP90002183,创业板ETF购12月2000,0.2653,0.0,0.0,0.0,20,0.26,0.2628,30,0.27,0.2537,0.2653,0.2537,2.0,5190.0,136
2023-05-10 09:42:06,OP90002183,创业板ETF购12月2000,0.2653,0.0,0.0,0.0,20,0.26,0.2627,30,0.27,0.2537,0.2653,0.2537,2.0,5190.0,136
2023-05-10 09:42:06,OP90002183,创业板ETF购12月2000,0.2653,0.0,0.0,0.0,20,0.26,0.2627,41,0.27,0.2537,0.2653,0.2537,2.0,5190.0,136
2023-05-10 09:42:07,OP90002183,创业板ETF购12月2000,0.2653,0.0,0.0,0.0,20,0.26,0.2627,41,0.27,0.2537,0.2653,0.2537,2.0,5190.0,136
2023-05-10 09:42:08,OP90002183,创业板ETF购12月2000,0.2653,0.0,0.0,0.0,20,0.26,0.2627,41,0.27,0.2537,0.2653,0.2537,2.0,5190.0,136
2023-05-10 09:42:09,OP90002183,创业板ETF购12月2000,0.2653,0.0,0.0,0.0,1,0.2597,0.2627,41,0.27,0.2537,0.2653,0.2537,2.0,5190.0,136
2023-05-10 09:42:10,OP90002183,创业板ETF购12月2000,0.2653,0.0,0.0,0.0,1,0.2597,0.2627,41,0.27,0.2537,0.2653,0.2537,2.0,5190.0,136
2023-05-10 09:42:11,OP90002183,创业板ETF购12月2000,0.2653,0.0,0.0,0.0,1,0.2596,0.2627,41,0.27,0.2537,0.2653,0.2537,2.0,5190.0,136
2023-05-10 09:42:15,OP90002183,创业板ETF购12月2000,0.2653,0.0,0.0,0.0,1,0.2596,0.2627,41,0.27,0.2537,0.2653,0.2537,2.0,5190.0,136
2023-05-10 09:42:16,OP90002183,创业板ETF购12月2000,0.2653,0.0,0.0,0.0,20,0.2601,0.2627,41,0.27,0.2537,0.2653,0.2537,2.0,5190.0,136
2023-05-10 09:42:16,OP90002183,创业板ETF购12月2000,0.2653,0.0,0.0,0.0,20,0.2601,0.2626,1,0.27,0.2537,0.2653,0.2537,2.0,5190.0,136
2023-05-10 09:42:17,OP90002183,创业板ETF购12月2000,0.2653,0.0,0.0,0.0,20,0.2601,0.2626,61,0.27,0.2537,0.2653,0.2537,2.0,5190.0,136
2023-05-10 09:42:17,OP90002183,创业板ETF购12月2000,0.2653,0.0,0.0,0.0,20,0.2601,0.2626,51,0.27,0.2537,0.2653,0.2537,2.0,5190.0,136
2023-05-10 09:42:18,OP90002183,创业板ETF购12月2000,0.2653,0.0,0.0,0.0,20,0.2601,0.2626,51,0.27,0.2537,0.2653,0.2537,2.0,5190.0,136
2023-05-10 09:42:19,OP90002183,创业板ETF购12月2000,0.2653,0.0,0.0,0.0,20,0.2601,0.2626,51,0.27,0.2537,0.2653,0.2537,2.0,5190.0,136
2023-05-10 09:42:20,OP90002183,创业板ETF购12月2000,0.2653,0.0,0.0,0.0,20,0.2601,0.2626,51,0.27,0.2537,0.2653,0.2537,2.0,5190.0,136
2023-05-10 09:42:21,OP90002183,创业板ETF购12月2000,0.2653,0.0,0.0,0.0,20,0.2601,0.2626,51,0.27,0.2537,0.2653,0.2537,2.0,5190.0,136
2023-05-10 09:42:22,OP90002183,创业板ETF购12月2000,0.2653,0.0,0.0,0.0,20,0.2601,0.2626,51,0.27,0.2537,0.2653,0.2537,2.0,5190.0,136
2023-05-10 09:42:22,OP90002183,创业板ETF购12月2000,0.2653,0.0,0.0,0.0,1,0.2598,0.2626,51,0.27,0.2537,0.2653,0.2537,2.0,5190.0,136
2023-05-10 09:42:24,OP90002183,创业板ETF购12月2000,0.2653,0.0,0.0,0.0,1,0.2597,0.2626,51,0.27,0.2537,0.2653,0.2537,2.0,5190.0,136
2023-05-10 09:42:25,OP90002183,创业板ETF购12月2000,0.2653,0.0,0.0,0.0,1,0.2596,0.2626,51,0.27,0.2537,0.2653,0.2537,2.0,5190.0,136
2023-05-10 09:42:26,OP90002183,创业板ETF购12月2000,0.2653,0.0,0.0,0.0,1,0.2596,0.2625,1,0.27,0.2537,0.2653,0.2537,2.0,5190.0,136
2023-05-10 09:42:27,OP90002183,创业板ETF购12月2000,0.2653,0.0,0.0,0.0,1,0.2596,0.2625,1,0.27,0.2537,0.2653,0.2537,2.0,5190.0,136
2023-05-10 09:42:27,OP90002183,创业板ETF购12月2000,0.2653,0.0,0.0,0.0,41,0.2595,0.2625,1,0.27,0.2537,0.2653,0.2537,2.0,5190.0,136
2023-05-10 09:42:29,OP90002183,创业板ETF购12月2000,0.2653,0.0,0.0,0.0,20,0.2595,0.2625,21,0.27,0.2537,0.2653,0.2537,2.0,5190.0,136
2023-05-10 09:42:29,OP90002183,创业板ETF购12月2000,0.2653,0.0,0.0,0.0,20,0.2595,0.2625,21,0.27,0.2537,0.2653,0.2537,2.0,5190.0,136
2023-05-10 09:42:32,OP90002183,创业板ETF购12月2000,0.2653,0.0,0.0,0.0,20,0.2595,0.2625,21,0.27,0.2537,0.2653,0.2537,2.0,5190.0,136
2023-05-10 09:42:36,OP90002183,创业板ETF购12月2000,0.2653,0.0,0.0,0.0,20,0.2595,0.2625,21,0.27,0.2537,0.2653,0.2537,2.0,5190.0,136
2023-05-10 09:42:36,OP90002183,创业板ETF购12月2000,0.2653,0.0,0.0,0.0,20,0.2595,0.2624,1,0.27,0.2537,0.2653,0.2537,2.0,5190.0,136
2023-05-10 09:42:37,OP90002183,创业板ETF购12月2000,0.2653,0.0,0.0,0.0,20,0.2595,0.2624,1,0.27,0.2537,0.2653,0.2537,2.0,5190.0,136
2023-05-10 09:42:40,OP90002183,创业板ETF购12月2000,0.2653,0.0,0.0,0.0,20,0.2595,0.2624,1,0.27,0.2537,0.2653,0.2537,2.0,5190.0,136
2023-05-10 09:42:43,OP90002183,创业板ETF购12月2000,0.2653,0.0,0.0,0.0,20,0.2595,0.2624,1,0.27,0.2537,0.2653,0.2537,2.0,5190.0,136
2023-05-10 09:42:46,OP90002183,创业板ETF购12月2000,0.2653,0.0,0.0,0.0,20,0.2595,0.2624,1,0.27,0.2537,0.2653,0.2537,2.0,5190.0,136
2023-05-10 09:42:46,OP90002183,创业板ETF购12月2000,0.2653,0.0,0.0,0.0,20,0.2595,0.2623,1,0.27,0.2537,0.2653,0.2537,2.0,5190.0,136
2023-05-10 09:42:47,OP90002183,创业板ETF购12月2000,0.2653,0.0,0.0,0.0,20,0.2595,0.2623,1,0.27,0.2537,0.2653,0.2537,2.0,5190.0,136
2023-05-10 09:42:50,OP90002183,创业板ETF购12月2000,0.2653,0.0,0.0,0.0,20,0.2595,0.2623,1,0.27,0.2537,0.2653,0.2537,2.0,5190.0,136
2023-05-10 09:42:56,OP90002183,创业板ETF购12月2000,0.2653,0.0,0.0,0.0,20,0.2595,0.2622,1,0.27,0.2537,0.2653,0.2537,2.0,5190.0,136
2023-05-10 09:43:05,OP90002183,创业板ETF购12月2000,0.2653,0.0,0.0,0.0,21,0.2595,0.2622,1,0.27,0.2537,0.2653,0.2537,2.0,5190.0,136
2023-05-10 09:43:06,OP90002183,创业板ETF购12月2000,0.2653,0.0,0.0,0.0,21,0.2595,0.2621,1,0.27,0.2537,0.2653,0.2537,2.0,5190.0,136
2023-05-10 09:43:14,OP90002183,创业板ETF购12月2000,0.2653,0.0,0.0,0.0,21,0.2595,0.2621,1,0.27,0.2537,0.2653,0.2537,2.0,5190.0,136
2023-05-10 09:43:14,OP90002183,创业板ETF购12月2000,0.2653,0.0,0.0,0.0,21,0.2595,0.2621,1,0.27,0.2537,0.2653,0.2537,2.0,5190.0,136
2023-05-10 09:43:15,OP90002183,创业板ETF购12月2000,0.2653,0.0,0.0,0.0,31,0.2596,0.2621,1,0.27,0.2537,0.2653,0.2537,2.0,5190.0,136
2023-05-10 09:43:16,OP90002183,创业板ETF购12月2000,0.2653,0.0,0.0,0.0,31,0.2596,0.262,1,0.27,0.2537,0.2653,0.2537,2.0,5190.0,136
2023-05-10 09:43:18,OP90002183,创业板ETF购12月2000,0.2653,0.0,0.0,0.0,1,0.2596,0.2619,30,0.27,0.2537,0.2653,0.2537,2.0,5190.0,136
2023-05-10 09:43:25,OP90002183,创业板ETF购12月2000,0.2653,0.0,0.0,0.0,1,0.2597,0.2619,30,0.27,0.2537,0.2653,0.2537,2.0,5190.0,136
2023-05-10 09:43:26,OP90002183,创业板ETF购12月2000,0.2653,0.0,0.0,0.0,1,0.2597,0.2619,30,0.27,0.2537,0.2653,0.2537,2.0,5190.0,136
2023-05-10 09:43:26,OP90002183,创业板ETF购12月2000,0.2653,0.0,0.0,0.0,1,0.2597,0.2619,50,0.27,0.2537,0.2653,0.2537,2.0,5190.0,136
2023-05-10 09:43:27,OP90002183,创业板ETF购12月2000,0.2653,0.0,0.0,0.0,1,0.2597,0.2619,50,0.27,0.2537,0.2653,0.2537,2.0,5190.0,136
2023-05-10 09:43:32,OP90002183,创业板ETF购12月2000,0.2653,0.0,0.0,0.0,1,0.2597,0.2619,50,0.27,0.2537,0.2653,0.2537,2.0,5190.0,136
2023-05-10 09:43:35,OP90002183,创业板ETF购12月2000,0.2653,0.0,0.0,0.0,1,0.2598,0.2619,50,0.27,0.2537,0.2653,0.2537,2.0,5190.0,136
2023-05-10 09:43:36,OP90002183,创业板ETF购12月2000,0.2653,0.0,0.0,0.0,1,0.2598,0.2619,51,0.27,0.2537,0.2653,0.2537,2.0,5190.0,136
2023-05-10 09:43:43,OP90002183,创业板ETF购12月2000,0.2653,0.0,0.0,0.0,1,0.2598,0.2619,51,0.27,0.2537,0.2653,0.2537,2.0,5190.0,136
2023-05-10 09:43:44,OP90002183,创业板ETF购12月2000,0.2653,0.0,0.0,0.0,1,0.2598,0.2619,51,0.27,0.2537,0.2653,0.2537,2.0,5190.0,136
2023-05-10 09:43:45,OP90002183,创业板ETF购12月2000,0.2653,0.0,0.0,0.0,1,0.2599,0.2619,51,0.27,0.2537,0.2653,0.2537,2.0,5190.0,136
2023-05-10 09:43:46,OP90002183,创业板ETF购12月2000,0.2653,0.0,0.0,0.0,1,0.2599,0.2618,1,0.27,0.2537,0.2653,0.2537,2.0,5190.0,136
2023-05-10 09:43:50,OP90002183,创业板ETF购12月2000,0.2653,0.0,0.0,0.0,1,0.2597,0.2618,1,0.27,0.2537,0.2653,0.2537,2.0,5190.0,136
2023-05-10 09:43:56,OP90002183,创业板ETF购12月2000,0.2653,0.0,0.0,0.0,1,0.2597,0.2617,1,0.27,0.2537,0.2653,0.2537,2.0,5190.0,136
2023-05-10 09:44:02,OP90002183,创业板ETF购12月2000,0.2653,0.0,0.0,0.0,1,0.2597,0.2616,30,0.27,0.2537,0.2653,0.2537,2.0,5190.0,136
2023-05-10 09:44:03,OP90002183,创业板ETF购12月2000,0.2653,0.0,0.0,0.0,1,0.2597,0.2616,51,0.27,0.2537,0.2653,0.2537,2.0,5190.0,136
2023-05-10 09:44:04,OP90002183,创业板ETF购12月2000,0.2653,0.0,0.0,0.0,1,0.2597,0.2616,51,0.27,0.2537,0.2653,0.2537,2.0,5190.0,136
2023-05-10 09:44:05,OP90002183,创业板ETF购12月2000,0.2653,0.0,0.0,0.0,1,0.2596,0.2616,51,0.27,0.2537,0.2653,0.2537,2.0,5190.0,136
2023-05-10 09:44:06,OP90002183,创业板ETF购12月2000,0.2653,0.0,0.0,0.0,1,0.2596,0.2616,51,0.27,0.2537,0.2653,0.2537,2.0,5190.0,136
2023-05-10 09:44:09,OP90002183,创业板ETF购12月2000,0.2653,0.0,0.0,0.0,1,0.2596,0.2616,51,0.27,0.2537,0.2653,0.2537,2.0,5190.0,136
2023-05-10 09:44:10,OP90002183,创业板ETF购12月2000,0.2653,0.0,0.0,0.0,1,0.2596,0.2616,51,0.27,0.2537,0.2653,0.2537,2.0,5190.0,136
2023-05-10 09:44:13,OP90002183,创业板ETF购12月2000,0.2653,0.0,0.0,0.0,1,0.2596,0.2615,1,0.27,0.2537,0.2653,0.2537,2.0,5190.0,136
2023-05-10 09:44:13,OP90002183,创业板ETF购12月2000,0.2653,0.0,0.0,0.0,1,0.2596,0.2615,1,0.27,0.2537,0.2653,0.2537,2.0,5190.0,136
2023-05-10 09:44:17,OP90002183,创业板ETF购12月2000,0.2653,0.0,0.0,0.0,1,0.2597,0.2615,1,0.27,0.2537,0.2653,0.2537,2.0,5190.0,136
2023-05-10 09:44:19,OP90002183,创业板ETF购12月2000,0.2653,0.0,0.0,0.0,1,0.2597,0.2615,1,0.27,0.2537,0.2653,0.2537,2.0,5190.0,136
2023-05-10 09:44:23,OP90002183,创业板ETF购12月2000,0.2653,0.0,0.0,0.0,1,0.2597,0.2614,1,0.27,0.2537,0.2653,0.2537,2.0,5190.0,136
2023-05-10 09:44:23,OP90002183,创业板ETF购12月2000,0.2653,0.0,0.0,0.0,1,0.2597,0.2614,1,0.27,0.2537,0.2653,0.2537,2.0,5190.0,136
2023-05-10 09:44:28,OP90002183,创业板ETF购12月2000,0.2653,0.0,0.0,0.0,1,0.2597,0.2614,1,0.27,0.2537,0.2653,0.2537,2.0,5190.0,136
2023-05-10 09:44:28,OP90002183,创业板ETF购12月2000,0.2653,0.0,0.0,0.0,1,0.2597,0.2614,1,0.27,0.2537,0.2653,0.2537,2.0,5190.0,136
2023-05-10 09:44:30,OP90002183,创业板ETF购12月2000,0.2653,0.0,0.0,0.0,1,0.2597,0.2614,1,0.27,0.2537,0.2653,0.2537,2.0,5190.0,136
2023-05-10 09:44:31,OP90002183,创业板ETF购12月2000,0.2653,0.0,0.0,0.0,1,0.2598,0.2614,1,0.27,0.2537,0.2653,0.2537,2.0,5190.0,136
2023-05-10 09:44:32,OP90002183,创业板ETF购12月2000,0.2653,0.0,0.0,0.0,1,0.2598,0.2614,1,0.27,0.2537,0.2653,0.2537,2.0,5190.0,136
2023-05-10 09:44:33,OP90002183,创业板ETF购12月2000,0.2653,0.0,0.0,0.0,1,0.2598,0.2613,1,0.27,0.2537,0.2653,0.2537,2.0,5190.0,136
2023-05-10 09:44:33,OP90002183,创业板ETF购12月2000,0.2653,0.0,0.0,0.0,1,0.2598,0.2613,1,0.27,0.2537,0.2653,0.2537,2.0,5190.0,136
2023-05-10 09:44:41,OP90002183,创业板ETF购12月2000,0.2653,0.0,0.0,0.0,1,0.2599,0.2613,1,0.27,0.2537,0.2653,0.2537,2.0,5190.0,136
2023-05-10 09:44:43,OP90002183,创业板ETF购12月2000,0.2653,0.0,0.0,0.0,1,0.2599,0.2612,1,0.27,0.2537,0.2653,0.2537,2.0,5190.0,136
2023-05-10 09:44:43,OP90002183,创业板ETF购12月2000,0.2653,0.0,0.0,0.0,1,0.2599,0.2612,1,0.27,0.2537,0.2653,0.2537,2.0,5190.0,136
2023-05-10 09:44:51,OP90002183,创业板ETF购12月2000,0.2653,0.0,0.0,0.0,1,0.26,0.2612,1,0.27,0.2537,0.2653,0.2537,2.0,5190.0,136
2023-05-10 09:44:53,OP90002183,创业板ETF购12月2000,0.2653,0.0,0.0,0.0,1,0.26,0.2611,1,0.27,0.2537,0.2653,0.2537,2.0,5190.0,136
2023-05-10 09:44:53,OP90002183,创业板ETF购12月2000,0.2653,0.0,0.0,0.0,1,0.26,0.2611,1,0.27,0.2537,0.2653,0.2537,2.0,5190.0,136
2023-05-10 09:45:01,OP90002183,创业板ETF购12月2000,0.2653,0.0,0.0,0.0,1,0.2601,0.2611,1,0.27,0.2537,0.2653,0.2537,2.0,5190.0,136
2023-05-10 09:45:07,OP90002183,创业板ETF购12月2000,0.2653,0.0,0.0,0.0,1,0.2601,0.2611,1,0.27,0.2537,0.2653,0.2537,2.0,5190.0,136
2023-05-10 09:45:11,OP90002183,创业板ETF购12月2000,0.2653,0.0,0.0,0.0,1,0.2602,0.2611,1,0.27,0.2537,0.2653,0.2537,2.0,5190.0,136
2023-05-10 09:45:15,OP90002183,创业板ETF购12月2000,0.2653,0.0,0.0,0.0,1,0.2602,0.2611,1,0.27,0.2537,0.2653,0.2537,2.0,5190.0,136
2023-05-10 09:45:16,OP90002183,创业板ETF购12月2000,0.2653,0.0,0.0,0.0,1,0.2602,0.2611,1,0.27,0.2537,0.2653,0.2537,2.0,5190.0,136
2023-05-10 09:45:16,OP90002183,创业板ETF购12月2000,0.2653,0.0,0.0,0.0,1,0.2602,0.2611,21,0.27,0.2537,0.2653,0.2537,2.0,5190.0,136
2023-05-10 09:45:17,OP90002183,创业板ETF购12月2000,0.2653,0.0,0.0,0.0,1,0.2602,0.2611,21,0.27,0.2537,0.2653,0.2537,2.0,5190.0,136
2023-05-10 09:45:17,OP90002183,创业板ETF购12月2000,0.2653,0.0,0.0,0.0,1,0.2602,0.2611,21,0.27,0.2537,0.2653,0.2537,2.0,5190.0,136
2023-05-10 09:45:18,OP90002183,创业板ETF购12月2000,0.2653,0.0,0.0,0.0,1,0.2602,0.2611,21,0.27,0.2537,0.2653,0.2537,2.0,5190.0,136
2023-05-10 09:45:20,OP90002183,创业板ETF购12月2000,0.2653,0.0,0.0,0.0,1,0.2602,0.2611,20,0.27,0.2537,0.2653,0.2537,2.0,5190.0,136
2023-05-10 09:45:21,OP90002183,创业板ETF购12月2000,0.2653,0.0,0.0,0.0,1,0.2602,0.2619,50,0.27,0.2537,0.2653,0.2537,2.0,5190.0,136
2023-05-10 09:45:21,OP90002183,创业板ETF购12月2000,0.2653,0.0,0.0,0.0,1,0.2603,0.2619,51,0.27,0.2537,0.2653,0.2537,2.0,5190.0,136
2023-05-10 09:45:31,OP90002183,创业板ETF购12月2000,0.2653,0.0,0.0,0.0,1,0.2604,0.2618,1,0.27,0.2537,0.2653,0.2537,2.0,5190.0,136
2023-05-10 09:45:41,OP90002183,创业板ETF购12月2000,0.2653,0.0,0.0,0.0,1,0.2605,0.2617,1,0.27,0.2537,0.2653,0.2537,2.0,5190.0,136
2023-05-10 09:45:51,OP90002183,创业板ETF购12月2000,0.2653,0.0,0.0,0.0,1,0.2606,0.2617,1,0.27,0.2537,0.2653,0.2537,2.0,5190.0,136
2023-05-10 09:45:57,OP90002183,创业板ETF购12月2000,0.2653,0.0,0.0,0.0,1,0.2606,0.2617,1,0.27,0.2537,0.2653,0.2537,2.0,5190.0,136
2023-05-10 09:46:00,OP90002183,创业板ETF购12月2000,0.2653,0.0,0.0,0.0,1,0.2606,0.2617,1,0.27,0.2537,0.2653,0.2537,2.0,5190.0,136
2023-05-10 09:46:00,OP90002183,创业板ETF购12月2000,0.2653,0.0,0.0,0.0,1,0.2606,0.2617,1,0.27,0.2537,0.2653,0.2537,2.0,5190.0,136
2023-05-10 09:46:01,OP90002183,创业板ETF购12月2000,0.2653,0.0,0.0,0.0,1,0.2606,0.2617,1,0.27,0.2537,0.2653,0.2537,2.0,5190.0,136
2023-05-10 09:46:02,OP90002183,创业板ETF购12月2000,0.2653,0.0,0.0,0.0,1,0.2607,0.2617,1,0.27,0.2537,0.2653,0.2537,2.0,5190.0,136
2023-05-10 09:46:02,OP90002183,创业板ETF购12月2000,0.2653,0.0,0.0,0.0,1,0.2607,0.2619,50,0.27,0.2537,0.2653,0.2537,2.0,5190.0,136
2023-05-10 09:46:03,OP90002183,创业板ETF购12月2000,0.2653,0.0,0.0,0.0,1,0.2607,0.2619,50,0.27,0.2537,0.2653,0.2537,2.0,5190.0,136
2023-05-10 09:46:03,OP90002183,创业板ETF购12月2000,0.2653,0.0,0.0,0.0,1,0.2607,0.2619,20,0.27,0.2537,0.2653,0.2537,2.0,5190.0,136
2023-05-10 09:46:10,OP90002183,创业板ETF购12月2000,0.2653,0.0,0.0,0.0,1,0.2607,0.2619,20,0.27,0.2537,0.2653,0.2537,2.0,5190.0,136
2023-05-10 09:46:11,OP90002183,创业板ETF购12月2000,0.2653,0.0,0.0,0.0,1,0.2607,0.2618,30,0.27,0.2537,0.2653,0.2537,2.0,5190.0,136
2023-05-10 09:46:11,OP90002183,创业板ETF购12月2000,0.2653,0.0,0.0,0.0,1,0.2608,0.2618,30,0.27,0.2537,0.2653,0.2537,2.0,5190.0,136
2023-05-10 09:46:13,OP90002183,创业板ETF购12月2000,0.2653,0.0,0.0,0.0,1,0.2608,0.2618,30,0.27,0.2537,0.2653,0.2537,2.0,5190.0,136
2023-05-10 09:46:15,OP90002183,创业板ETF购12月2000,0.2653,0.0,0.0,0.0,1,0.2608,0.2618,50,0.27,0.2537,0.2653,0.2537,2.0,5190.0,136
2023-05-10 09:46:17,OP90002183,创业板ETF购12月2000,0.2653,0.0,0.0,0.0,1,0.2608,0.2618,50,0.27,0.2537,0.2653,0.2537,2.0,5190.0,136
2023-05-10 09:46:20,OP90002183,创业板ETF购12月2000,0.2653,0.0,0.0,0.0,1,0.2608,0.2618,20,0.27,0.2537,0.2653,0.2537,2.0,5190.0,136
2023-05-10 09:46:21,OP90002183,创业板ETF购12月2000,0.2653,0.0,0.0,0.0,1,0.2609,0.2618,20,0.27,0.2537,0.2653,0.2537,2.0,5190.0,136
2023-05-10 09:46:22,OP90002183,创业板ETF购12月2000,0.2653,0.0,0.0,0.0,1,0.2609,0.2619,21,0.27,0.2537,0.2653,0.2537,2.0,5190.0,136
2023-05-10 09:46:22,OP90002183,创业板ETF购12月2000,0.2653,0.0,0.0,0.0,1,0.2609,0.2619,21,0.27,0.2537,0.2653,0.2537,2.0,5190.0,136
2023-05-10 09:46:25,OP90002183,创业板ETF购12月2000,0.2653,0.0,0.0,0.0,1,0.2609,0.2619,21,0.27,0.2537,0.2653,0.2537,2.0,5190.0,136
2023-05-10 09:46:25,OP90002183,创业板ETF购12月2000,0.2653,0.0,0.0,0.0,1,0.2609,0.2619,21,0.27,0.2537,0.2653,0.2537,2.0,5190.0,136
2023-05-10 09:46:26,OP90002183,创业板ETF购12月2000,0.2653,0.0,0.0,0.0,1,0.2609,0.2619,20,0.27,0.2537,0.2653,0.2537,2.0,5190.0,136
2023-05-10 09:46:27,OP90002183,创业板ETF购12月2000,0.2653,0.0,0.0,0.0,1,0.2609,0.2619,20,0.27,0.2537,0.2653,0.2537,2.0,5190.0,136
2023-05-10 09:46:27,OP90002183,创业板ETF购12月2000,0.2653,0.0,0.0,0.0,1,0.2609,0.2619,20,0.27,0.2537,0.2653,0.2537,2.0,5190.0,136
2023-05-10 09:46:29,OP90002183,创业板ETF购12月2000,0.2653,0.0,0.0,0.0,1,0.2609,0.2619,20,0.27,0.2537,0.2653,0.2537,2.0,5190.0,136
2023-05-10 09:46:30,OP90002183,创业板ETF购12月2000,0.2653,0.0,0.0,0.0,1,0.2609,0.2632,50,0.27,0.2537,0.2653,0.2537,2.0,5190.0,136
2023-05-10 09:46:30,OP90002183,创业板ETF购12月2000,0.2653,0.0,0.0,0.0,1,0.2609,0.2632,21,0.27,0.2537,0.2653,0.2537,2.0,5190.0,136
2023-05-10 09:46:31,OP90002183,创业板ETF购12月2000,0.2653,0.0,0.0,0.0,1,0.261,0.2632,21,0.27,0.2537,0.2653,0.2537,2.0,5190.0,136
2023-05-10 09:46:37,OP90002183,创业板ETF购12月2000,0.2653,0.0,0.0,0.0,1,0.261,0.2632,21,0.27,0.2537,0.2653,0.2537,2.0,5190.0,136
2023-05-10 09:46:40,OP90002183,创业板ETF购12月2000,0.2653,0.0,0.0,0.0,1,0.261,0.2631,1,0.27,0.2537,0.2653,0.2537,2.0,5190.0,136
2023-05-10 09:46:41,OP90002183,创业板ETF购12月2000,0.2653,0.0,0.0,0.0,1,0.2611,0.2631,1,0.27,0.2537,0.2653,0.2537,2.0,5190.0,136
2023-05-10 09:46:42,OP90002183,创业板ETF购12月2000,0.2653,0.0,0.0,0.0,1,0.2611,0.2631,21,0.27,0.2537,0.2653,0.2537,2.0,5190.0,136
2023-05-10 09:46:43,OP90002183,创业板ETF购12月2000,0.2653,0.0,0.0,0.0,1,0.2611,0.2631,21,0.27,0.2537,0.2653,0.2537,2.0,5190.0,136
2023-05-10 09:46:50,OP90002183,创业板ETF购12月2000,0.2653,0.0,0.0,0.0,1,0.2611,0.263,1,0.27,0.2537,0.2653,0.2537,2.0,5190.0,136
2023-05-10 09:46:51,OP90002183,创业板ETF购12月2000,0.2653,0.0,0.0,0.0,1,0.2611,0.263,1,0.27,0.2537,0.2653,0.2537,2.0,5190.0,136
2023-05-10 09:46:52,OP90002183,创业板ETF购12月2000,0.2653,0.0,0.0,0.0,1,0.2612,0.263,1,0.27,0.2537,0.2653,0.2537,2.0,5190.0,136
2023-05-10 09:47:00,OP90002183,创业板ETF购12月2000,0.2653,0.0,0.0,0.0,1,0.2612,0.2629,1,0.27,0.2537,0.2653,0.2537,2.0,5190.0,136
2023-05-10 09:47:02,OP90002183,创业板ETF购12月2000,0.2653,0.0,0.0,0.0,1,0.2613,0.2629,1,0.27,0.2537,0.2653,0.2537,2.0,5190.0,136
2023-05-10 09:47:07,OP90002183,创业板ETF购12月2000,0.2653,0.0,0.0,0.0,1,0.2613,0.2629,1,0.27,0.2537,0.2653,0.2537,2.0,5190.0,136
2023-05-10 09:47:08,OP90002183,创业板ETF购12月2000,0.2653,0.0,0.0,0.0,1,0.2613,0.2629,1,0.27,0.2537,0.2653,0.2537,2.0,5190.0,136
2023-05-10 09:47:09,OP90002183,创业板ETF购12月2000,0.2653,0.0,0.0,0.0,1,0.2613,0.2629,1,0.27,0.2537,0.2653,0.2537,2.0,5190.0,136
2023-05-10 09:47:12,OP90002183,创业板ETF购12月2000,0.2653,0.0,0.0,0.0,1,0.2614,0.2629,1,0.27,0.2537,0.2653,0.2537,2.0,5190.0,136
2023-05-10 09:47:16,OP90002183,创业板ETF购12月2000,0.2653,0.0,0.0,0.0,1,0.2614,0.2629,1,0.27,0.2537,0.2653,0.2537,2.0,5190.0,136
2023-05-10 09:47:17,OP90002183,创业板ETF购12月2000,0.2653,0.0,0.0,0.0,1,0.2614,0.2629,1,0.27,0.2537,0.2653,0.2537,2.0,5190.0,136
2023-05-10 09:47:20,OP90002183,创业板ETF购12月2000,0.2653,0.0,0.0,0.0,1,0.2614,0.263,20,0.27,0.2537,0.2653,0.2537,2.0,5190.0,136
2023-05-10 09:47:21,OP90002183,创业板ETF购12月2000,0.2653,0.0,0.0,0.0,1,0.2614,0.263,20,0.27,0.2537,0.2653,0.2537,2.0,5190.0,136
2023-05-10 09:47:22,OP90002183,创业板ETF购12月2000,0.2653,0.0,0.0,0.0,1,0.2615,0.263,20,0.27,0.2537,0.2653,0.2537,2.0,5190.0,136
2023-05-10 09:47:32,OP90002183,创业板ETF购12月2000,0.2653,0.0,0.0,0.0,1,0.2616,0.263,20,0.27,0.2537,0.2653,0.2537,2.0,5190.0,136
2023-05-10 09:47:32,OP90002183,创业板ETF购12月2000,0.2653,0.0,0.0,0.0,1,0.2616,0.2633,1,0.27,0.2537,0.2653,0.2537,2.0,5190.0,136
2023-05-10 09:47:33,OP90002183,创业板ETF购12月2000,0.2653,0.0,0.0,0.0,1,0.2616,0.2633,1,0.27,0.2537,0.2653,0.2537,2.0,5190.0,136
2023-05-10 09:47:41,OP90002183,创业板ETF购12月2000,0.2653,0.0,0.0,0.0,21,0.2616,0.2633,1,0.27,0.2537,0.2653,0.2537,2.0,5190.0,136
2023-05-10 09:47:42,OP90002183,创业板ETF购12月2000,0.2653,0.0,0.0,0.0,1,0.2617,0.2633,1,0.27,0.2537,0.2653,0.2537,2.0,5190.0,136
2023-05-10 09:47:45,OP90002183,创业板ETF购12月2000,0.2653,0.0,0.0,0.0,1,0.2617,0.2633,1,0.27,0.2537,0.2653,0.2537,2.0,5190.0,136
2023-05-10 09:47:45,OP90002183,创业板ETF购12月2000,0.2653,0.0,0.0,0.0,1,0.2617,0.2633,1,0.27,0.2537,0.2653,0.2537,2.0,5190.0,136
2023-05-10 09:47:48,OP90002183,创业板ETF购12月2000,0.2653,0.0,0.0,0.0,1,0.2617,0.2633,1,0.27,0.2537,0.2653,0.2537,2.0,5190.0,136
2023-05-10 09:47:51,OP90002183,创业板ETF购12月2000,0.2653,0.0,0.0,0.0,1,0.2617,0.2636,1,0.27,0.2537,0.2653,0.2537,2.0,5190.0,136
2023-05-10 09:47:52,OP90002183,创业板ETF购12月2000,0.2653,0.0,0.0,0.0,1,0.2618,0.2636,1,0.27,0.2537,0.2653,0.2537,2.0,5190.0,136
2023-05-10 09:47:52,OP90002183,创业板ETF购12月2000,0.2653,0.0,0.0,0.0,21,0.2618,0.2636,1,0.27,0.2537,0.2653,0.2537,2.0,5190.0,136
2023-05-10 09:47:53,OP90002183,创业板ETF购12月2000,0.2653,0.0,0.0,0.0,21,0.2618,0.2637,20,0.27,0.2537,0.2653,0.2537,2.0,5190.0,136
2023-05-10 09:47:55,OP90002183,创业板ETF购12月2000,0.2653,0.0,0.0,0.0,21,0.2618,0.2637,20,0.27,0.2537,0.2653,0.2537,2.0,5190.0,136
2023-05-10 09:47:56,OP90002183,创业板ETF购12月2000,0.2653,0.0,0.0,0.0,20,0.2622,0.2637,20,0.27,0.2537,0.2653,0.2537,2.0,5190.0,136
2023-05-10 09:47:56,OP90002183,创业板ETF购12月2000,0.2653,0.0,0.0,0.0,20,0.2622,0.2643,30,0.27,0.2537,0.2653,0.2537,2.0,5190.0,136
2023-05-10 09:47:57,OP90002183,创业板ETF购12月2000,0.2653,0.0,0.0,0.0,20,0.2622,0.2643,20,0.27,0.2537,0.2653,0.2537,2.0,5190.0,136
2023-05-10 09:47:58,OP90002183,创业板ETF购12月2000,0.2653,0.0,0.0,0.0,20,0.2623,0.2643,20,0.27,0.2537,0.2653,0.2537,2.0,5190.0,136
2023-05-10 09:47:59,OP90002183,创业板ETF购12月2000,0.2653,0.0,0.0,0.0,20,0.2623,0.2643,20,0.27,0.2537,0.2653,0.2537,2.0,5190.0,136
2023-05-10 09:48:00,OP90002183,创业板ETF购12月2000,0.2653,0.0,0.0,0.0,20,0.2623,0.2651,50,0.27,0.2537,0.2653,0.2537,2.0,5190.0,136
2023-05-10 09:48:00,OP90002183,创业板ETF购12月2000,0.2653,0.0,0.0,0.0,20,0.2627,0.2651,51,0.27,0.2537,0.2653,0.2537,2.0,5190.0,136
2023-05-10 09:48:03,OP90002183,创业板ETF购12月2000,0.2653,0.0,0.0,0.0,20,0.2628,0.2651,51,0.27,0.2537,0.2653,0.2537,2.0,5190.0,136
2023-05-10 09:48:06,OP90002183,创业板ETF购12月2000,0.2653,0.0,0.0,0.0,20,0.2628,0.2651,51,0.27,0.2537,0.2653,0.2537,2.0,5190.0,136
2023-05-10 09:48:09,OP90002183,创业板ETF购12月2000,0.2653,0.0,0.0,0.0,20,0.2631,0.2651,31,0.27,0.2537,0.2653,0.2537,2.0,5190.0,136
2023-05-10 09:48:09,OP90002183,创业板ETF购12月2000,0.2653,0.0,0.0,0.0,20,0.2631,0.2651,31,0.27,0.2537,0.2653,0.2537,2.0,5190.0,136
2023-05-10 09:48:10,OP90002183,创业板ETF购12月2000,0.2653,0.0,0.0,0.0,20,0.2631,0.2651,1,0.27,0.2537,0.2653,0.2537,2.0,5190.0,136
2023-05-10 09:48:11,OP90002183,创业板ETF购12月2000,0.2653,0.0,0.0,0.0,20,0.2631,0.2657,20,0.27,0.2537,0.2653,0.2537,2.0,5190.0,136
2023-05-10 09:48:12,OP90002183,创业板ETF购12月2000,0.2653,0.0,0.0,0.0,21,0.2631,0.2657,21,0.27,0.2537,0.2653,0.2537,2.0,5190.0,136
2023-05-10 09:48:12,OP90002183,创业板ETF购12月2000,0.2653,0.0,0.0,0.0,20,0.2634,0.2657,21,0.27,0.2537,0.2653,0.2537,2.0,5190.0,136
2023-05-10 09:48:13,OP90002183,创业板ETF购12月2000,0.2653,0.0,0.0,0.0,20,0.2634,0.2657,21,0.27,0.2537,0.2653,0.2537,2.0,5190.0,136
2023-05-10 09:48:15,OP90002183,创业板ETF购12月2000,0.2653,0.0,0.0,0.0,30,0.2635,0.2657,1,0.27,0.2537,0.2653,0.2537,2.0,5190.0,136
2023-05-10 09:48:15,OP90002183,创业板ETF购12月2000,0.2653,0.0,0.0,0.0,30,0.2635,0.2657,1,0.27,0.2537,0.2653,0.2537,2.0,5190.0,136
2023-05-10 09:48:16,OP90002183,创业板ETF购12月2000,0.2653,0.0,0.0,0.0,30,0.2635,0.2657,1,0.27,0.2537,0.2653,0.2537,2.0,5190.0,136
2023-05-10 09:48:17,OP90002183,创业板ETF购12月2000,0.2653,0.0,0.0,0.0,20,0.2637,0.2657,1,0.27,0.2537,0.2653,0.2537,2.0,5190.0,136
2023-05-10 09:48:17,OP90002183,创业板ETF购12月2000,0.2653,0.0,0.0,0.0,20,0.2637,0.266,1,0.27,0.2537,0.2653,0.2537,2.0,5190.0,136
2023-05-10 09:48:23,OP90002183,创业板ETF购12月2000,0.2653,0.0,0.0,0.0,20,0.2637,0.2662,20,0.27,0.2537,0.2653,0.2537,2.0,5190.0,136
2023-05-10 09:48:24,OP90002183,创业板ETF购12月2000,0.2653,0.0,0.0,0.0,40,0.2637,0.2664,1,0.27,0.2537,0.2653,0.2537,2.0,5190.0,136
2023-05-10 09:48:24,OP90002183,创业板ETF购12月2000,0.2653,0.0,0.0,0.0,40,0.2637,0.2664,1,0.27,0.2537,0.2653,0.2537,2.0,5190.0,136
2023-05-10 09:48:27,OP90002183,创业板ETF购12月2000,0.2653,0.0,0.0,0.0,41,0.2637,0.2664,1,0.27,0.2537,0.2653,0.2537,2.0,5190.0,136
2023-05-10 09:48:27,OP90002183,创业板ETF购12月2000,0.2653,0.0,0.0,0.0,41,0.2637,0.2664,1,0.27,0.2537,0.2653,0.2537,2.0,5190.0,136
2023-05-10 09:48:30,OP90002183,创业板ETF购12月2000,0.2653,0.0,0.0,0.0,41,0.2637,0.2664,1,0.27,0.2537,0.2653,0.2537,2.0,5190.0,136
2023-05-10 09:48:30,OP90002183,创业板ETF购12月2000,0.2653,0.0,0.0,0.0,20,0.264,0.2664,1,0.27,0.2537,0.2653,0.2537,2.0,5190.0,136
2023-05-10 09:48:31,OP90002183,创业板ETF购12月2000,0.2653,0.0,0.0,0.0,20,0.2644,0.2664,1,0.27,0.2537,0.2653,0.2537,2.0,5190.0,136
2023-05-10 09:48:31,OP90002183,创业板ETF购12月2000,0.2653,0.0,0.0,0.0,20,0.2644,0.2664,1,0.27,0.2537,0.2653,0.2537,2.0,5190.0,136
2023-05-10 09:48:35,OP90002183,创业板ETF购12月2000,0.2653,0.0,0.0,0.0,70,0.2644,0.267,30,0.27,0.2537,0.2653,0.2537,2.0,5190.0,136
2023-05-10 09:48:36,OP90002183,创业板ETF购12月2000,0.2653,0.0,0.0,0.0,70,0.2644,0.267,21,0.27,0.2537,0.2653,0.2537,2.0,5190.0,136
2023-05-10 09:48:37,OP90002183,创业板ETF购12月2000,0.2653,0.0,0.0,0.0,70,0.2644,0.267,21,0.27,0.2537,0.2653,0.2537,2.0,5190.0,136
2023-05-10 09:48:39,OP90002183,创业板ETF购12月2000,0.2653,0.0,0.0,0.0,20,0.2647,0.267,21,0.27,0.2537,0.2653,0.2537,2.0,5190.0,136
2023-05-10 09:48:40,OP90002183,创业板ETF购12月2000,0.2653,0.0,0.0,0.0,20,0.2647,0.267,21,0.27,0.2537,0.2653,0.2537,2.0,5190.0,136
2023-05-10 09:48:40,OP90002183,创业板ETF购12月2000,0.2653,0.0,0.0,0.0,20,0.2648,0.267,21,0.27,0.2537,0.2653,0.2537,2.0,5190.0,136
2023-05-10 09:48:42,OP90002183,创业板ETF购12月2000,0.2653,0.0,0.0,0.0,21,0.2648,0.267,20,0.27,0.2537,0.2653,0.2537,2.0,5190.0,136
2023-05-10 09:48:42,OP90002183,创业板ETF购12月2000,0.2653,0.0,0.0,0.0,20,0.2652,0.267,20,0.27,0.2537,0.2653,0.2537,2.0,5190.0,136
2023-05-10 09:48:43,OP90002183,创业板ETF购12月2000,0.2653,0.0,0.0,0.0,20,0.2652,0.267,20,0.27,0.2537,0.2653,0.2537,2.0,5190.0,136
2023-05-10 09:48:44,OP90002183,创业板ETF购12月2000,0.2653,0.0,0.0,0.0,50,0.2652,0.267,20,0.27,0.2537,0.2653,0.2537,2.0,5190.0,136
2023-05-10 09:48:44,OP90002183,创业板ETF购12月2000,0.2653,0.0,0.0,0.0,50,0.2652,0.267,20,0.27,0.2537,0.2653,0.2537,2.0,5190.0,136
2023-05-10 09:48:45,OP90002183,创业板ETF购12月2000,0.2653,0.0,0.0,0.0,50,0.2652,0.2677,20,0.27,0.2537,0.2653,0.2537,2.0,5190.0,136
2023-05-10 09:48:45,OP90002183,创业板ETF购12月2000,0.2653,0.0,0.0,0.0,50,0.2652,0.2677,1,0.27,0.2537,0.2653,0.2537,2.0,5190.0,136
2023-05-10 09:48:46,OP90002183,创业板ETF购12月2000,0.2653,0.0,0.0,0.0,50,0.2652,0.2677,21,0.27,0.2537,0.2653,0.2537,2.0,5190.0,136
2023-05-10 09:48:48,OP90002183,创业板ETF购12月2000,0.2653,0.0,0.0,0.0,20,0.2655,0.2677,21,0.27,0.2537,0.2653,0.2537,2.0,5190.0,136
2023-05-10 09:48:49,OP90002183,创业板ETF购12月2000,0.2653,0.0,0.0,0.0,20,0.2655,0.2677,21,0.27,0.2537,0.2653,0.2537,2.0,5190.0,136
2023-05-10 09:48:50,OP90002183,创业板ETF购12月2000,0.2653,0.0,0.0,0.0,40,0.2655,0.2683,20,0.27,0.2537,0.2653,0.2537,2.0,5190.0,136
2023-05-10 09:48:51,OP90002183,创业板ETF购12月2000,0.2653,0.0,0.0,0.0,40,0.2655,0.2683,21,0.27,0.2537,0.2653,0.2537,2.0,5190.0,136
2023-05-10 09:48:59,OP90002183,创业板ETF购12月2000,0.2653,0.0,0.0,0.0,40,0.2655,0.2683,21,0.27,0.2537,0.2653,0.2537,2.0,5190.0,136
2023-05-10 09:49:01,OP90002183,创业板ETF购12月2000,0.2653,0.0,0.0,0.0,40,0.2655,0.2682,1,0.27,0.2537,0.2653,0.2537,2.0,5190.0,136
2023-05-10 09:49:01,OP90002183,创业板ETF购12月2000,0.2653,0.0,0.0,0.0,20,0.2655,0.2682,1,0.27,0.2537,0.2653,0.2537,2.0,5190.0,136
2023-05-10 09:49:02,OP90002183,创业板ETF购12月2000,0.2653,0.0,0.0,0.0,21,0.2655,0.2682,1,0.27,0.2537,0.2653,0.2537,2.0,5190.0,136
2023-05-10 09:49:11,OP90002183,创业板ETF购12月2000,0.2653,0.0,0.0,0.0,21,0.2655,0.2681,1,0.27,0.2537,0.2653,0.2537,2.0,5190.0,136
2023-05-10 09:49:11,OP90002183,创业板ETF购12月2000,0.2653,0.0,0.0,0.0,1,0.2655,0.2681,21,0.27,0.2537,0.2653,0.2537,2.0,5190.0,136
2023-05-10 09:49:12,OP90002183,创业板ETF购12月2000,0.2653,0.0,0.0,0.0,1,0.2656,0.2681,21,0.27,0.2537,0.2653,0.2537,2.0,5190.0,136
2023-05-10 09:49:13,OP90002183,创业板ETF购12月2000,0.2653,0.0,0.0,0.0,1,0.2656,0.2681,21,0.27,0.2537,0.2653,0.2537,2.0,5190.0,136
2023-05-10 09:49:15,OP90002183,创业板ETF购12月2000,0.2653,0.0,0.0,0.0,1,0.2656,0.2681,21,0.27,0.2537,0.2653,0.2537,2.0,5190.0,136
2023-05-10 09:49:16,OP90002183,创业板ETF购12月2000,0.2653,0.0,0.0,0.0,1,0.2656,0.2681,21,0.27,0.2537,0.2653,0.2537,2.0,5190.0,136
2023-05-10 09:49:21,OP90002183,创业板ETF购12月2000,0.2653,0.0,0.0,0.0,1,0.2656,0.268,1,0.27,0.2537,0.2653,0.2537,2.0,5190.0,136
2023-05-10 09:49:22,OP90002183,创业板ETF购12月2000,0.2653,0.0,0.0,0.0,1,0.2657,0.268,1,0.27,0.2537,0.2653,0.2537,2.0,5190.0,136
2023-05-10 09:49:25,OP90002183,创业板ETF购12月2000,0.2653,0.0,0.0,0.0,1,0.2657,0.2679,30,0.27,0.2537,0.2653,0.2537,2.0,5190.0,136
2023-05-10 09:49:26,OP90002183,创业板ETF购12月2000,0.2653,0.0,0.0,0.0,1,0.2657,0.2679,31,0.27,0.2537,0.2653,0.2537,2.0,5190.0,136
2023-05-10 09:49:29,OP90002183,创业板ETF购12月2000,0.2653,0.0,0.0,0.0,1,0.2657,0.2679,31,0.27,0.2537,0.2653,0.2537,2.0,5190.0,136
2023-05-10 09:49:29,OP90002183,创业板ETF购12月2000,0.2653,0.0,0.0,0.0,1,0.2657,0.2679,31,0.27,0.2537,0.2653,0.2537,2.0,5190.0,136
2023-05-10 09:49:32,OP90002183,创业板ETF购12月2000,0.2653,0.0,0.0,0.0,1,0.2658,0.2679,31,0.27,0.2537,0.2653,0.2537,2.0,5190.0,136
2023-05-10 09:49:34,OP90002183,创业板ETF购12月2000,0.2653,0.0,0.0,0.0,1,0.2658,0.2679,31,0.27,0.2537,0.2653,0.2537,2.0,5190.0,136
2023-05-10 09:49:35,OP90002183,创业板ETF购12月2000,0.2653,0.0,0.0,0.0,1,0.2658,0.2679,31,0.27,0.2537,0.2653,0.2537,2.0,5190.0,136
2023-05-10 09:49:36,OP90002183,创业板ETF购12月2000,0.2653,0.0,0.0,0.0,1,0.2658,0.2679,31,0.27,0.2537,0.2653,0.2537,2.0,5190.0,136
2023-05-10 09:49:38,OP90002183,创业板ETF购12月2000,0.2653,0.0,0.0,0.0,1,0.2658,0.2679,51,0.27,0.2537,0.2653,0.2537,2.0,5190.0,136
2023-05-10 09:49:38,OP90002183,创业板ETF购12月2000,0.2653,0.0,0.0,0.0,1,0.2658,0.2679,21,0.27,0.2537,0.2653,0.2537,2.0,5190.0,136
2023-05-10 09:49:39,OP90002183,创业板ETF购12月2000,0.2653,0.0,0.0,0.0,20,0.2662,0.2679,21,0.27,0.2537,0.2653,0.2537,2.0,5190.0,136
2023-05-10 09:49:39,OP90002183,创业板ETF购12月2000,0.2653,0.0,0.0,0.0,21,0.2662,0.2679,21,0.27,0.2537,0.2653,0.2537,2.0,5190.0,136
2023-05-10 09:49:44,OP90002183,创业板ETF购12月2000,0.2653,0.0,0.0,0.0,1,0.2662,0.2679,21,0.27,0.2537,0.2653,0.2537,2.0,5190.0,136
2023-05-10 09:49:44,OP90002183,创业板ETF购12月2000,0.2653,0.0,0.0,0.0,1,0.2662,0.2679,20,0.27,0.2537,0.2653,0.2537,2.0,5190.0,136
2023-05-10 09:49:45,OP90002183,创业板ETF购12月2000,0.2653,0.0,0.0,0.0,1,0.2662,0.2679,20,0.27,0.2537,0.2653,0.2537,2.0,5190.0,136
2023-05-10 09:49:47,OP90002183,创业板ETF购12月2000,0.2653,0.0,0.0,0.0,1,0.2662,0.2682,21,0.27,0.2537,0.2653,0.2537,2.0,5190.0,136
2023-05-10 09:49:47,OP90002183,创业板ETF购12月2000,0.2653,0.0,0.0,0.0,1,0.2662,0.2682,21,0.27,0.2537,0.2653,0.2537,2.0,5190.0,136
2023-05-10 09:49:49,OP90002183,创业板ETF购12月2000,0.2653,0.0,0.0,0.0,1,0.2663,0.2682,21,0.27,0.2537,0.2653,0.2537,2.0,5190.0,136
2023-05-10 09:49:51,OP90002183,创业板ETF购12月2000,0.2653,0.0,0.0,0.0,1,0.2663,0.2682,21,0.27,0.2537,0.2653,0.2537,2.0,5190.0,136
2023-05-10 09:49:53,OP90002183,创业板ETF购12月2000,0.2653,0.0,0.0,0.0,1,0.2663,0.2682,20,0.27,0.2537,0.2653,0.2537,2.0,5190.0,136
2023-05-10 09:49:54,OP90002183,创业板ETF购12月2000,0.2653,0.0,0.0,0.0,1,0.2663,0.2682,20,0.27,0.2537,0.2653,0.2537,2.0,5190.0,136
2023-05-10 09:49:56,OP90002183,创业板ETF购12月2000,0.2653,0.0,0.0,0.0,1,0.2663,0.2682,20,0.27,0.2537,0.2653,0.2537,2.0,5190.0,136
2023-05-10 09:49:59,OP90002183,创业板ETF购12月2000,0.2653,0.0,0.0,0.0,20,0.2666,0.2682,20,0.27,0.2537,0.2653,0.2537,2.0,5190.0,136
2023-05-10 09:49:59,OP90002183,创业板ETF购12月2000,0.2653,0.0,0.0,0.0,20,0.2666,0.2689,20,0.27,0.2537,0.2653,0.2537,2.0,5190.0,136
2023-05-10 09:50:00,OP90002183,创业板ETF购12月2000,0.2653,0.0,0.0,0.0,20,0.2666,0.2689,20,0.27,0.2537,0.2653,0.2537,2.0,5190.0,136
2023-05-10 09:50:09,OP90002183,创业板ETF购12月2000,0.2653,0.0,0.0,0.0,21,0.2666,0.2689,20,0.27,0.2537,0.2653,0.2537,2.0,5190.0,136
2023-05-10 09:50:10,OP90002183,创业板ETF购12月2000,0.2653,0.0,0.0,0.0,21,0.2666,0.2689,21,0.27,0.2537,0.2653,0.2537,2.0,5190.0,136
2023-05-10 09:50:12,OP90002183,创业板ETF购12月2000,0.2653,0.0,0.0,0.0,30,0.2667,0.2689,21,0.27,0.2537,0.2653,0.2537,2.0,5190.0,136
2023-05-10 09:50:13,OP90002183,创业板ETF购12月2000,0.2653,0.0,0.0,0.0,50,0.2667,0.2689,1,0.27,0.2537,0.2653,0.2537,2.0,5190.0,136
2023-05-10 09:50:13,OP90002183,创业板ETF购12月2000,0.2653,0.0,0.0,0.0,20,0.2668,0.2689,1,0.27,0.2537,0.2653,0.2537,2.0,5190.0,136
2023-05-10 09:50:14,OP90002183,创业板ETF购12月2000,0.2653,0.0,0.0,0.0,20,0.2668,0.2689,1,0.27,0.2537,0.2653,0.2537,2.0,5190.0,136
2023-05-10 09:50:14,OP90002183,创业板ETF购12月2000,0.2653,0.0,0.0,0.0,20,0.2674,0.2695,20,0.27,0.2537,0.2653,0.2537,2.0,5190.0,136
2023-05-10 09:50:15,OP90002183,创业板ETF购12月2000,0.2653,0.0,0.0,0.0,40,0.2674,0.2692,1,0.27,0.2537,0.2653,0.2537,2.0,5190.0,136
2023-05-10 09:50:15,OP90002183,创业板ETF购12月2000,0.2653,0.0,0.0,0.0,40,0.2674,0.2692,1,0.27,0.2537,0.2653,0.2537,2.0,5190.0,136
2023-05-10 09:50:16,OP90002183,创业板ETF购12月2000,0.2653,0.0,0.0,0.0,20,0.2675,0.2692,1,0.27,0.2537,0.2653,0.2537,2.0,5190.0,136
2023-05-10 09:50:17,OP90002183,创业板ETF购12月2000,0.2653,0.0,0.0,0.0,20,0.2675,0.27,50,0.27,0.2537,0.2653,0.2537,2.0,5190.0,136
2023-05-10 09:50:18,OP90002183,创业板ETF购12月2000,0.2653,0.0,0.0,0.0,20,0.2675,0.27,51,0.27,0.2537,0.2653,0.2537,2.0,5190.0,136
2023-05-10 09:50:18,OP90002183,创业板ETF购12月2000,0.2653,0.0,0.0,0.0,40,0.2675,0.27,51,0.27,0.2537,0.2653,0.2537,2.0,5190.0,136
2023-05-10 09:50:20,OP90002183,创业板ETF购12月2000,0.2653,0.0,0.0,0.0,20,0.2675,0.27,51,0.27,0.2537,0.2653,0.2537,2.0,5190.0,136
2023-05-10 09:50:24,OP90002183,创业板ETF购12月2000,0.2653,0.0,0.0,0.0,21,0.2675,0.27,51,0.27,0.2537,0.2653,0.2537,2.0,5190.0,136
2023-05-10 09:50:28,OP90002183,创业板ETF购12月2000,0.2653,0.0,0.0,0.0,21,0.2675,0.2699,1,0.27,0.2537,0.2653,0.2537,2.0,5190.0,136
2023-05-10 09:50:34,OP90002183,创业板ETF购12月2000,0.2653,0.0,0.0,0.0,1,0.2676,0.2699,1,0.27,0.2537,0.2653,0.2537,2.0,5190.0,136
2023-05-10 09:50:38,OP90002183,创业板ETF购12月2000,0.2653,0.0,0.0,0.0,31,0.2676,0.2699,1,0.27,0.2537,0.2653,0.2537,2.0,5190.0,136
2023-05-10 09:50:39,OP90002183,创业板ETF购12月2000,0.2653,0.0,0.0,0.0,31,0.2676,0.2699,1,0.27,0.2537,0.2653,0.2537,2.0,5190.0,136
2023-05-10 09:50:44,OP90002183,创业板ETF购12月2000,0.2653,0.0,0.0,0.0,1,0.2677,0.2699,1,0.27,0.2537,0.2653,0.2537,2.0,5190.0,136
2023-05-10 09:50:45,OP90002183,创业板ETF购12月2000,0.2653,0.0,0.0,0.0,1,0.2677,0.2699,1,0.27,0.2537,0.2653,0.2537,2.0,5190.0,136
2023-05-10 09:50:53,OP90002183,创业板ETF购12月2000,0.2653,0.0,0.0,0.0,1,0.2677,0.27,20,0.27,0.2537,0.2653,0.2537,2.0,5190.0,136
2023-05-10 09:50:54,OP90002183,创业板ETF购12月2000,0.2653,0.0,0.0,0.0,1,0.2677,0.27,20,0.27,0.2537,0.2653,0.2537,2.0,5190.0,136
2023-05-10 09:50:54,OP90002183,创业板ETF购12月2000,0.2653,0.0,0.0,0.0,1,0.2678,0.27,20,0.27,0.2537,0.2653,0.2537,2.0,5190.0,136
2023-05-10 09:50:55,OP90002183,创业板ETF购12月2000,0.2653,0.0,0.0,0.0,20,0.2681,0.2702,1,0.27,0.2537,0.2653,0.2537,2.0,5190.0,136
2023-05-10 09:50:55,OP90002183,创业板ETF购12月2000,0.2653,0.0,0.0,0.0,20,0.2681,0.2702,1,0.27,0.2537,0.2653,0.2537,2.0,5190.0,136
2023-05-10 09:50:59,OP90002183,创业板ETF购12月2000,0.2653,0.0,0.0,0.0,30,0.2682,0.2702,1,0.27,0.2537,0.2653,0.2537,2.0,5190.0,136
2023-05-10 09:51:02,OP90002183,创业板ETF购12月2000,0.2653,0.0,0.0,0.0,30,0.2682,0.2702,1,0.27,0.2537,0.2653,0.2537,2.0,5190.0,136
2023-05-10 09:51:02,OP90002183,创业板ETF购12月2000,0.2653,0.0,0.0,0.0,30,0.2682,0.2702,1,0.27,0.2537,0.2653,0.2537,2.0,5190.0,136
2023-05-10 09:51:03,OP90002183,创业板ETF购12月2000,0.2653,0.0,0.0,0.0,21,0.2678,0.2702,1,0.27,0.2537,0.2653,0.2537,2.0,5190.0,136
2023-05-10 09:51:03,OP90002183,创业板ETF购12月2000,0.2653,0.0,0.0,0.0,21,0.2678,0.2702,1,0.27,0.2537,0.2653,0.2537,2.0,5190.0,136
2023-05-10 09:51:04,OP90002183,创业板ETF购12月2000,0.2653,0.0,0.0,0.0,1,0.2679,0.2702,1,0.27,0.2537,0.2653,0.2537,2.0,5190.0,136
2023-05-10 09:51:05,OP90002183,创业板ETF购12月2000,0.2653,0.0,0.0,0.0,1,0.2679,0.2701,1,0.27,0.2537,0.2653,0.2537,2.0,5190.0,136
2023-05-10 09:51:14,OP90002183,创业板ETF购12月2000,0.2653,0.0,0.0,0.0,1,0.268,0.2704,1,0.27,0.2537,0.2653,0.2537,2.0,5190.0,136
2023-05-10 09:51:16,OP90002183,创业板ETF购12月2000,0.2653,0.0,0.0,0.0,21,0.268,0.2704,1,0.27,0.2537,0.2653,0.2537,2.0,5190.0,136
2023-05-10 09:51:16,OP90002183,创业板ETF购12月2000,0.2653,0.0,0.0,0.0,20,0.2681,0.2704,1,0.27,0.2537,0.2653,0.2537,2.0,5190.0,136
2023-05-10 09:51:17,OP90002183,创业板ETF购12月2000,0.2653,0.0,0.0,0.0,20,0.2684,0.2704,1,0.27,0.2537,0.2653,0.2537,2.0,5190.0,136
2023-05-10 09:51:20,OP90002183,创业板ETF购12月2000,0.2653,0.0,0.0,0.0,20,0.2684,0.2706,20,0.27,0.2537,0.2653,0.2537,2.0,5190.0,136
2023-05-10 09:51:21,OP90002183,创业板ETF购12月2000,0.2653,0.0,0.0,0.0,20,0.2684,0.2706,20,0.27,0.2537,0.2653,0.2537,2.0,5190.0,136
2023-05-10 09:51:27,OP90002183,创业板ETF购12月2000,0.2653,0.0,0.0,0.0,20,0.2681,0.2706,20,0.27,0.2537,0.2653,0.2537,2.0,5190.0,136
2023-05-10 09:51:32,OP90002183,创业板ETF购12月2000,0.2653,0.0,0.0,0.0,20,0.2681,0.2706,20,0.27,0.2537,0.2653,0.2537,2.0,5190.0,136
2023-05-10 09:51:34,OP90002183,创业板ETF购12月2000,0.2653,0.0,0.0,0.0,21,0.2681,0.2706,20,0.27,0.2537,0.2653,0.2537,2.0,5190.0,136
2023-05-10 09:51:36,OP90002183,创业板ETF购12月2000,0.2653,0.0,0.0,0.0,30,0.2682,0.2706,20,0.27,0.2537,0.2653,0.2537,2.0,5190.0,136
2023-05-10 09:51:39,OP90002183,创业板ETF购12月2000,0.2653,0.0,0.0,0.0,31,0.2682,0.2706,20,0.27,0.2537,0.2653,0.2537,2.0,5190.0,136
2023-05-10 09:51:40,OP90002183,创业板ETF购12月2000,0.2653,0.0,0.0,0.0,31,0.2682,0.2706,20,0.27,0.2537,0.2653,0.2537,2.0,5190.0,136
2023-05-10 09:51:41,OP90002183,创业板ETF购12月2000,0.2653,0.0,0.0,0.0,31,0.2682,0.2706,20,0.27,0.2537,0.2653,0.2537,2.0,5190.0,136
2023-05-10 09:51:42,OP90002183,创业板ETF购12月2000,0.2653,0.0,0.0,0.0,51,0.2682,0.2708,40,0.27,0.2537,0.2653,0.2537,2.0,5190.0,136
2023-05-10 09:51:42,OP90002183,创业板ETF购12月2000,0.2653,0.0,0.0,0.0,20,0.2688,0.2711,1,0.27,0.2537,0.2653,0.2537,2.0,5190.0,136
2023-05-10 09:51:43,OP90002183,创业板ETF购12月2000,0.2653,0.0,0.0,0.0,20,0.2688,0.2711,1,0.27,0.2537,0.2653,0.2537,2.0,5190.0,136
2023-05-10 09:51:49,OP90002183,创业板ETF购12月2000,0.2653,0.0,0.0,0.0,21,0.2688,0.2711,1,0.27,0.2537,0.2653,0.2537,2.0,5190.0,136
2023-05-10 09:51:54,OP90002183,创业板ETF购12月2000,0.2653,0.0,0.0,0.0,41,0.2688,0.2711,1,0.27,0.2537,0.2653,0.2537,2.0,5190.0,136
2023-05-10 09:51:59,OP90002183,创业板ETF购12月2000,0.2653,0.0,0.0,0.0,1,0.2689,0.2712,20,0.27,0.2537,0.2653,0.2537,2.0,5190.0,136
2023-05-10 09:52:00,OP90002183,创业板ETF购12月2000,0.2653,0.0,0.0,0.0,1,0.2689,0.2712,20,0.27,0.2537,0.2653,0.2537,2.0,5190.0,136
2023-05-10 09:52:02,OP90002183,创业板ETF购12月2000,0.2653,0.0,0.0,0.0,30,0.269,0.2712,20,0.27,0.2537,0.2653,0.2537,2.0,5190.0,136
2023-05-10 09:52:03,OP90002183,创业板ETF购12月2000,0.2653,0.0,0.0,0.0,30,0.269,0.2712,20,0.27,0.2537,0.2653,0.2537,2.0,5190.0,136
2023-05-10 09:52:05,OP90002183,创业板ETF购12月2000,0.2653,0.0,0.0,0.0,20,0.2695,0.2715,1,0.27,0.2537,0.2653,0.2537,2.0,5190.0,136
2023-05-10 09:52:06,OP90002183,创业板ETF购12月2000,0.2653,0.0,0.0,0.0,20,0.2695,0.2715,1,0.27,0.2537,0.2653,0.2537,2.0,5190.0,136
2023-05-10 09:52:08,OP90002183,创业板ETF购12月2000,0.2653,0.0,0.0,0.0,20,0.2695,0.2717,20,0.27,0.2537,0.2653,0.2537,2.0,5190.0,136
2023-05-10 09:52:09,OP90002183,创业板ETF购12月2000,0.2653,0.0,0.0,0.0,20,0.2695,0.2719,1,0.27,0.2537,0.2653,0.2537,2.0,5190.0,136
2023-05-10 09:52:15,OP90002183,创业板ETF购12月2000,0.2653,0.0,0.0,0.0,21,0.2695,0.2719,1,0.27,0.2537,0.2653,0.2537,2.0,5190.0,136
2023-05-10 09:52:16,OP90002183,创业板ETF购12月2000,0.2653,0.0,0.0,0.0,21,0.2695,0.2719,1,0.27,0.2537,0.2653,0.2537,2.0,5190.0,136
2023-05-10 09:52:17,OP90002183,创业板ETF购12月2000,0.2653,0.0,0.0,0.0,21,0.2695,0.2719,1,0.27,0.2537,0.2653,0.2537,2.0,5190.0,136
2023-05-10 09:52:19,OP90002183,创业板ETF购12月2000,0.2653,0.0,0.0,0.0,21,0.2695,0.2718,1,0.27,0.2537,0.2653,0.2537,2.0,5190.0,136
2023-05-10 09:52:19,OP90002183,创业板ETF购12月2000,0.2653,0.0,0.0,0.0,21,0.2695,0.2718,1,0.27,0.2537,0.2653,0.2537,2.0,5190.0,136
2023-05-10 09:52:20,OP90002183,创业板ETF购12月2000,0.2653,0.0,0.0,0.0,21,0.2695,0.2718,21,0.27,0.2537,0.2653,0.2537,2.0,5190.0,136
2023-05-10 09:52:22,OP90002183,创业板ETF购12月2000,0.2653,0.0,0.0,0.0,1,0.2695,0.2718,21,0.27,0.2537,0.2653,0.2537,2.0,5190.0,136
2023-05-10 09:52:25,OP90002183,创业板ETF购12月2000,0.2653,0.0,0.0,0.0,1,0.2696,0.2718,21,0.27,0.2537,0.2653,0.2537,2.0,5190.0,136
2023-05-10 09:52:25,OP90002183,创业板ETF购12月2000,0.2653,0.0,0.0,0.0,1,0.2696,0.2718,21,0.27,0.2537,0.2653,0.2537,2.0,5190.0,136
2023-05-10 09:52:29,OP90002183,创业板ETF购12月2000,0.2653,0.0,0.0,0.0,1,0.2696,0.2717,1,0.27,0.2537,0.2653,0.2537,2.0,5190.0,136
2023-05-10 09:52:32,OP90002183,创业板ETF购12月2000,0.2653,0.0,0.0,0.0,1,0.2696,0.2717,1,0.27,0.2537,0.2653,0.2537,2.0,5190.0,136
2023-05-10 09:52:35,OP90002183,创业板ETF购12月2000,0.2653,0.0,0.0,0.0,1,0.2697,0.2717,1,0.27,0.2537,0.2653,0.2537,2.0,5190.0,136
2023-05-10 09:52:36,OP90002183,创业板ETF购12月2000,0.2653,0.0,0.0,0.0,1,0.2697,0.2717,1,0.27,0.2537,0.2653,0.2537,2.0,5190.0,136
2023-05-10 09:52:39,OP90002183,创业板ETF购12月2000,0.2653,0.0,0.0,0.0,1,0.2697,0.2716,30,0.27,0.2537,0.2653,0.2537,2.0,5190.0,136
2023-05-10 09:52:45,OP90002183,创业板ETF购12月2000,0.2653,0.0,0.0,0.0,1,0.2698,0.2716,30,0.27,0.2537,0.2653,0.2537,2.0,5190.0,136
2023-05-10 09:52:47,OP90002183,创业板ETF购12月2000,0.2653,0.0,0.0,0.0,1,0.2698,0.2716,30,0.27,0.2537,0.2653,0.2537,2.0,5190.0,136
2023-05-10 09:52:50,OP90002183,创业板ETF购12月2000,0.2653,0.0,0.0,0.0,1,0.2698,0.2716,30,0.27,0.2537,0.2653,0.2537,2.0,5190.0,136
2023-05-10 09:52:55,OP90002183,创业板ETF购12月2000,0.2653,0.0,0.0,0.0,1,0.2699,0.2716,30,0.27,0.2537,0.2653,0.2537,2.0,5190.0,136
2023-05-10 09:52:56,OP90002183,创业板ETF购12月2000,0.2653,0.0,0.0,0.0,1,0.2699,0.2716,30,0.27,0.2537,0.2653,0.2537,2.0,5190.0,136
2023-05-10 09:52:57,OP90002183,创业板ETF购12月2000,0.2653,0.0,0.0,0.0,1,0.2699,0.2716,30,0.27,0.2537,0.2653,0.2537,2.0,5190.0,136
2023-05-10 09:52:59,OP90002183,创业板ETF购12月2000,0.2653,0.0,0.0,0.0,1,0.2699,0.2716,30,0.27,0.2537,0.2653,0.2537,2.0,5190.0,136
2023-05-10 09:53:02,OP90002183,创业板ETF购12月2000,0.2653,0.0,0.0,0.0,1,0.2699,0.2716,50,0.27,0.2537,0.2653,0.2537,2.0,5190.0,136
2023-05-10 09:53:04,OP90002183,创业板ETF购12月2000,0.2653,0.0,0.0,0.0,1,0.2699,0.2715,30,0.27,0.2537,0.2653,0.2537,2.0,5190.0,136
2023-05-10 09:53:05,OP90002183,创业板ETF购12月2000,0.2653,0.0,0.0,0.0,1,0.2697,0.2715,30,0.27,0.2537,0.2653,0.2537,2.0,5190.0,136
2023-05-10 09:53:05,OP90002183,创业板ETF购12月2000,0.2653,0.0,0.0,0.0,1,0.2696,0.2715,30,0.27,0.2537,0.2653,0.2537,2.0,5190.0,136
2023-05-10 09:53:06,OP90002183,创业板ETF购12月2000,0.2653,0.0,0.0,0.0,1,0.2696,0.2715,30,0.27,0.2537,0.2653,0.2537,2.0,5190.0,136
2023-05-10 09:53:07,OP90002183,创业板ETF购12月2000,0.2653,0.0,0.0,0.0,1,0.2696,0.2715,30,0.27,0.2537,0.2653,0.2537,2.0,5190.0,136
2023-05-10 09:53:07,OP90002183,创业板ETF购12月2000,0.2653,0.0,0.0,0.0,1,0.2696,0.2715,30,0.27,0.2537,0.2653,0.2537,2.0,5190.0,136
2023-05-10 09:53:08,OP90002183,创业板ETF购12月2000,0.2653,0.0,0.0,0.0,1,0.2694,0.2715,30,0.27,0.2537,0.2653,0.2537,2.0,5190.0,136
2023-05-10 09:53:08,OP90002183,创业板ETF购12月2000,0.2653,0.0,0.0,0.0,20,0.2685,0.2715,50,0.27,0.2537,0.2653,0.2537,2.0,5190.0,136
2023-05-10 09:53:09,OP90002183,创业板ETF购12月2000,0.2653,0.0,0.0,0.0,21,0.2685,0.2715,50,0.27,0.2537,0.2653,0.2537,2.0,5190.0,136
2023-05-10 09:53:10,OP90002183,创业板ETF购12月2000,0.2653,0.0,0.0,0.0,21,0.2685,0.2715,60,0.27,0.2537,0.2653,0.2537,2.0,5190.0,136
2023-05-10 09:53:10,OP90002183,创业板ETF购12月2000,0.2653,0.0,0.0,0.0,21,0.2685,0.2715,61,0.27,0.2537,0.2653,0.2537,2.0,5190.0,136
2023-05-10 09:53:13,OP90002183,创业板ETF购12月2000,0.2653,0.0,0.0,0.0,1,0.2685,0.2715,61,0.27,0.2537,0.2653,0.2537,2.0,5190.0,136
2023-05-10 09:53:13,OP90002183,创业板ETF购12月2000,0.2653,0.0,0.0,0.0,1,0.2685,0.2715,61,0.27,0.2537,0.2653,0.2537,2.0,5190.0,136
2023-05-10 09:53:14,OP90002183,创业板ETF购12月2000,0.2653,0.0,0.0,0.0,1,0.2685,0.2715,51,0.27,0.2537,0.2653,0.2537,2.0,5190.0,136
2023-05-10 09:53:16,OP90002183,创业板ETF购12月2000,0.2653,0.0,0.0,0.0,40,0.2687,0.2715,51,0.27,0.2537,0.2653,0.2537,2.0,5190.0,136
2023-05-10 09:53:16,OP90002183,创业板ETF购12月2000,0.2653,0.0,0.0,0.0,40,0.2687,0.2715,51,0.27,0.2537,0.2653,0.2537,2.0,5190.0,136
2023-05-10 09:53:17,OP90002183,创业板ETF购12月2000,0.2653,0.0,0.0,0.0,41,0.2687,0.2715,51,0.27,0.2537,0.2653,0.2537,2.0,5190.0,136
2023-05-10 09:53:18,OP90002183,创业板ETF购12月2000,0.2653,0.0,0.0,0.0,41,0.2687,0.2715,51,0.27,0.2537,0.2653,0.2537,2.0,5190.0,136
2023-05-10 09:53:19,OP90002183,创业板ETF购12月2000,0.2653,0.0,0.0,0.0,41,0.2687,0.2715,51,0.27,0.2537,0.2653,0.2537,2.0,5190.0,136
2023-05-10 09:53:19,OP90002183,创业板ETF购12月2000,0.2653,0.0,0.0,0.0,41,0.2687,0.2715,51,0.27,0.2537,0.2653,0.2537,2.0,5190.0,136
2023-05-10 09:53:20,OP90002183,创业板ETF购12月2000,0.2653,0.0,0.0,0.0,41,0.2687,0.2715,51,0.27,0.2537,0.2653,0.2537,2.0,5190.0,136
2023-05-10 09:53:20,OP90002183,创业板ETF购12月2000,0.2653,0.0,0.0,0.0,41,0.2687,0.2714,1,0.27,0.2537,0.2653,0.2537,2.0,5190.0,136
2023-05-10 09:53:21,OP90002183,创业板ETF购12月2000,0.2653,0.0,0.0,0.0,41,0.2687,0.2714,21,0.27,0.2537,0.2653,0.2537,2.0,5190.0,136
2023-05-10 09:53:22,OP90002183,创业板ETF购12月2000,0.2653,0.0,0.0,0.0,20,0.269,0.2714,21,0.27,0.2537,0.2653,0.2537,2.0,5190.0,136
2023-05-10 09:53:23,OP90002183,创业板ETF购12月2000,0.2653,0.0,0.0,0.0,20,0.2688,0.2714,21,0.27,0.2537,0.2653,0.2537,2.0,5190.0,136
2023-05-10 09:53:25,OP90002183,创业板ETF购12月2000,0.2653,0.0,0.0,0.0,20,0.2688,0.2714,21,0.27,0.2537,0.2653,0.2537,2.0,5190.0,136
2023-05-10 09:53:27,OP90002183,创业板ETF购12月2000,0.2653,0.0,0.0,0.0,21,0.2688,0.2714,21,0.27,0.2537,0.2653,0.2537,2.0,5190.0,136
2023-05-10 09:53:30,OP90002183,创业板ETF购12月2000,0.2653,0.0,0.0,0.0,21,0.2688,0.2713,1,0.27,0.2537,0.2653,0.2537,2.0,5190.0,136
2023-05-10 09:53:34,OP90002183,创业板ETF购12月2000,0.2713,2.0,5426.0,2.0,21,0.2688,0.2713,1,0.27,0.2537,0.2713,0.2537,4.0,10616.0,138
2023-05-10 09:53:37,OP90002183,创业板ETF购12月2000,0.2713,0.0,0.0,0.0,1,0.2689,0.2713,1,0.27,0.2537,0.2713,0.2537,4.0,10616.0,138
2023-05-10 09:53:42,OP90002183,创业板ETF购12月2000,0.2713,0.0,0.0,0.0,1,0.2689,0.2713,1,0.27,0.2537,0.2713,0.2537,4.0,10616.0,138
2023-05-10 09:53:42,OP90002183,创业板ETF购12月2000,0.2713,0.0,0.0,0.0,1,0.2689,0.2713,1,0.27,0.2537,0.2713,0.2537,4.0,10616.0,138
2023-05-10 09:53:43,OP90002183,创业板ETF购12月2000,0.2713,0.0,0.0,0.0,1,0.2689,0.2713,1,0.27,0.2537,0.2713,0.2537,4.0,10616.0,138
2023-05-10 09:53:44,OP90002183,创业板ETF购12月2000,0.2713,0.0,0.0,0.0,1,0.2689,0.2712,1,0.27,0.2537,0.2713,0.2537,4.0,10616.0,138
2023-05-10 09:53:46,OP90002183,创业板ETF购12月2000,0.2713,0.0,0.0,0.0,1,0.2689,0.2712,1,0.27,0.2537,0.2713,0.2537,4.0,10616.0,138
2023-05-10 09:53:47,OP90002183,创业板ETF购12月2000,0.2713,0.0,0.0,0.0,1,0.269,0.2712,1,0.27,0.2537,0.2713,0.2537,4.0,10616.0,138
2023-05-10 09:53:48,OP90002183,创业板ETF购12月2000,0.2713,0.0,0.0,0.0,1,0.269,0.2712,1,0.27,0.2537,0.2713,0.2537,4.0,10616.0,138
2023-05-10 09:53:50,OP90002183,创业板ETF购12月2000,0.2713,0.0,0.0,0.0,1,0.269,0.2712,1,0.27,0.2537,0.2713,0.2537,4.0,10616.0,138
2023-05-10 09:53:50,OP90002183,创业板ETF购12月2000,0.2713,0.0,0.0,0.0,1,0.269,0.2712,1,0.27,0.2537,0.2713,0.2537,4.0,10616.0,138
2023-05-10 09:53:51,OP90002183,创业板ETF购12月2000,0.2713,0.0,0.0,0.0,1,0.269,0.2712,1,0.27,0.2537,0.2713,0.2537,4.0,10616.0,138
2023-05-10 09:53:54,OP90002183,创业板ETF购12月2000,0.2713,0.0,0.0,0.0,1,0.269,0.2711,1,0.27,0.2537,0.2713,0.2537,4.0,10616.0,138
2023-05-10 09:53:56,OP90002183,创业板ETF购12月2000,0.2713,0.0,0.0,0.0,1,0.269,0.2711,1,0.27,0.2537,0.2713,0.2537,4.0,10616.0,138
2023-05-10 09:53:56,OP90002183,创业板ETF购12月2000,0.2713,0.0,0.0,0.0,1,0.269,0.2711,1,0.27,0.2537,0.2713,0.2537,4.0,10616.0,138
2023-05-10 09:53:57,OP90002183,创业板ETF购12月2000,0.2713,0.0,0.0,0.0,1,0.2691,0.2711,1,0.27,0.2537,0.2713,0.2537,4.0,10616.0,138
2023-05-10 09:54:02,OP90002183,创业板ETF购12月2000,0.2713,0.0,0.0,0.0,1,0.2691,0.2711,1,0.27,0.2537,0.2713,0.2537,4.0,10616.0,138
