time,symbol_id,symbol_name,last,trade_volume,trade_amount,open_interest_change,bv1,bp1,ap1,av1,yesterday_close,today_open,today_high,today_low,volume,amount,open_interest
2023-05-10 20:58:57,pp2310,pp2310,7240.0,0.0,0.0,0.0,1,7242.0,7264.0,1,7240.0,7251.0,0.0,0.0,0.0,0.0,34754
2023-05-10 21:00:00,pp2310,pp2310,7240.0,0.0,0.0,0.0,1,7242.0,7255.0,2,7240.0,7251.0,0.0,0.0,0.0,0.0,34754
2023-05-10 21:00:00,pp2310,pp2310,7240.0,0.0,0.0,0.0,20,7242.0,7255.0,2,7240.0,7251.0,0.0,0.0,0.0,0.0,34754
2023-05-10 21:00:01,pp2310,pp2310,7240.0,0.0,0.0,0.0,20,7242.0,7254.0,3,7240.0,7251.0,0.0,0.0,0.0,0.0,34754
2023-05-10 21:00:01,pp2310,pp2310,7240.0,0.0,0.0,0.0,6,7242.0,7254.0,3,7240.0,7251.0,0.0,0.0,0.0,0.0,34754
2023-05-10 21:00:02,pp2310,pp2310,7240.0,0.0,0.0,0.0,1,7242.0,7250.0,3,7240.0,7251.0,0.0,0.0,0.0,0.0,34754
2023-05-10 21:00:03,pp2310,pp2310,7240.0,0.0,0.0,0.0,9,7242.0,7251.0,3,7240.0,7251.0,0.0,0.0,0.0,0.0,34754
2023-05-10 21:00:03,pp2310,pp2310,7240.0,0.0,0.0,0.0,35,7242.0,7251.0,3,7240.0,7251.0,0.0,0.0,0.0,0.0,34754
2023-05-10 21:00:04,pp2310,pp2310,7240.0,0.0,0.0,0.0,60,7242.0,7264.0,3,7240.0,7251.0,0.0,0.0,0.0,0.0,34754
2023-05-10 21:00:04,pp2310,pp2310,7240.0,0.0,0.0,0.0,2,7243.0,7255.0,3,7240.0,7251.0,0.0,0.0,0.0,0.0,34754
2023-05-10 21:00:05,pp2310,pp2310,7240.0,0.0,0.0,0.0,2,7243.0,7254.0,3,7240.0,7251.0,0.0,0.0,0.0,0.0,34754
2023-05-10 21:00:05,pp2310,pp2310,7240.0,0.0,0.0,0.0,48,7243.0,7254.0,5,7240.0,7251.0,0.0,0.0,0.0,0.0,34754
2023-05-10 21:00:06,pp2310,pp2310,7240.0,0.0,0.0,0.0,2,7243.0,7254.0,5,7240.0,7251.0,0.0,0.0,0.0,0.0,34754
2023-05-10 21:00:06,pp2310,pp2310,7240.0,0.0,0.0,0.0,46,7243.0,7254.0,5,7240.0,7251.0,0.0,0.0,0.0,0.0,34754
2023-05-10 21:00:07,pp2310,pp2310,7240.0,0.0,0.0,0.0,53,7243.0,7254.0,5,7240.0,7251.0,0.0,0.0,0.0,0.0,34754
2023-05-10 21:00:07,pp2310,pp2310,7240.0,0.0,0.0,0.0,2,7246.0,7254.0,5,7240.0,7251.0,0.0,0.0,0.0,0.0,34754
2023-05-10 21:00:08,pp2310,pp2310,7240.0,0.0,0.0,0.0,2,7243.0,7254.0,5,7240.0,7251.0,0.0,0.0,0.0,0.0,34754
2023-05-10 21:00:09,pp2310,pp2310,7240.0,0.0,0.0,0.0,2,7245.0,7254.0,5,7240.0,7251.0,0.0,0.0,0.0,0.0,34754
2023-05-10 21:00:10,pp2310,pp2310,7240.0,0.0,0.0,0.0,7,7245.0,7254.0,7,7240.0,7251.0,0.0,0.0,0.0,0.0,34754
2023-05-10 21:00:11,pp2310,pp2310,7240.0,0.0,0.0,0.0,8,7245.0,7254.0,7,7240.0,7251.0,0.0,0.0,0.0,0.0,34754
2023-05-10 21:00:12,pp2310,pp2310,7240.0,0.0,0.0,0.0,63,7245.0,7254.0,7,7240.0,7251.0,0.0,0.0,0.0,0.0,34754
2023-05-10 21:00:13,pp2310,pp2310,7240.0,0.0,0.0,0.0,2,7250.0,7254.0,4,7240.0,7251.0,0.0,0.0,0.0,0.0,34754
2023-05-10 21:00:13,pp2310,pp2310,7240.0,0.0,0.0,0.0,4,7250.0,7252.0,2,7240.0,7251.0,0.0,0.0,0.0,0.0,34754
2023-05-10 21:00:14,pp2310,pp2310,7240.0,0.0,0.0,0.0,4,7250.0,7253.0,5,7240.0,7251.0,0.0,0.0,0.0,0.0,34754
2023-05-10 21:00:14,pp2310,pp2310,7240.0,0.0,0.0,0.0,3,7249.0,7251.0,2,7240.0,7251.0,0.0,0.0,0.0,0.0,34754
2023-05-10 21:00:15,pp2310,pp2310,7240.0,0.0,0.0,0.0,2,7250.0,7252.0,5,7240.0,7251.0,0.0,0.0,0.0,0.0,34754
2023-05-10 21:00:16,pp2310,pp2310,7240.0,0.0,0.0,0.0,2,7250.0,7252.0,2,7240.0,7251.0,0.0,0.0,0.0,0.0,34754
2023-05-10 21:00:17,pp2310,pp2310,7240.0,0.0,0.0,0.0,3,7249.0,7251.0,2,7240.0,7251.0,0.0,0.0,0.0,0.0,34754
2023-05-10 21:00:18,pp2310,pp2310,7240.0,0.0,0.0,0.0,2,7249.0,7251.0,5,7240.0,7251.0,0.0,0.0,0.0,0.0,34754
2023-05-10 21:00:18,pp2310,pp2310,7240.0,0.0,0.0,0.0,2,7250.0,7251.0,4,7240.0,7251.0,0.0,0.0,0.0,0.0,34754
2023-05-10 21:00:19,pp2310,pp2310,7240.0,0.0,0.0,0.0,3,7249.0,7251.0,1,7240.0,7251.0,0.0,0.0,0.0,0.0,34754
2023-05-10 21:00:19,pp2310,pp2310,7240.0,0.0,0.0,0.0,7,7248.0,7251.0,4,7240.0,7251.0,0.0,0.0,0.0,0.0,34754
2023-05-10 21:00:20,pp2310,pp2310,7240.0,0.0,0.0,0.0,3,7249.0,7252.0,4,7240.0,7251.0,0.0,0.0,0.0,0.0,34754
2023-05-10 21:00:20,pp2310,pp2310,7240.0,0.0,0.0,0.0,4,7249.0,7252.0,4,7240.0,7251.0,0.0,0.0,0.0,0.0,34754
2023-05-10 21:00:21,pp2310,pp2310,7240.0,0.0,0.0,0.0,4,7249.0,7251.0,3,7240.0,7251.0,0.0,0.0,0.0,0.0,34754
2023-05-10 21:00:21,pp2310,pp2310,7240.0,0.0,0.0,0.0,11,7248.0,7251.0,8,7240.0,7251.0,0.0,0.0,0.0,0.0,34754
2023-05-10 21:00:22,pp2310,pp2310,7240.0,0.0,0.0,0.0,15,7248.0,7251.0,9,7240.0,7251.0,0.0,0.0,0.0,0.0,34754
2023-05-10 21:00:23,pp2310,pp2310,7240.0,0.0,0.0,0.0,11,7248.0,7250.0,3,7240.0,7251.0,0.0,0.0,0.0,0.0,34754
2023-05-10 21:00:23,pp2310,pp2310,7240.0,0.0,0.0,0.0,3,7248.0,7250.0,4,7240.0,7251.0,0.0,0.0,0.0,0.0,34754
2023-05-10 21:00:24,pp2310,pp2310,7240.0,0.0,0.0,0.0,2,7249.0,7250.0,1,7240.0,7251.0,0.0,0.0,0.0,0.0,34754
2023-05-10 21:00:24,pp2310,pp2310,7240.0,0.0,0.0,0.0,4,7248.0,7250.0,3,7240.0,7251.0,0.0,0.0,0.0,0.0,34754
2023-05-10 21:00:25,pp2310,pp2310,7240.0,0.0,0.0,0.0,9,7248.0,7250.0,3,7240.0,7251.0,0.0,0.0,0.0,0.0,34754
2023-05-10 21:00:25,pp2310,pp2310,7240.0,0.0,0.0,0.0,13,7248.0,7250.0,3,7240.0,7251.0,0.0,0.0,0.0,0.0,34754
2023-05-10 21:00:26,pp2310,pp2310,7240.0,0.0,0.0,0.0,12,7248.0,7251.0,10,7240.0,7251.0,0.0,0.0,0.0,0.0,34754
2023-05-10 21:00:26,pp2310,pp2310,7240.0,0.0,0.0,0.0,18,7248.0,7250.0,1,7240.0,7251.0,0.0,0.0,0.0,0.0,34754
2023-05-10 21:00:27,pp2310,pp2310,7240.0,0.0,0.0,0.0,5,7248.0,7250.0,3,7240.0,7251.0,0.0,0.0,0.0,0.0,34754
2023-05-10 21:00:27,pp2310,pp2310,7240.0,0.0,0.0,0.0,7,7249.0,7251.0,7,7240.0,7251.0,0.0,0.0,0.0,0.0,34754
2023-05-10 21:00:28,pp2310,pp2310,7240.0,0.0,0.0,0.0,13,7249.0,7251.0,1,7240.0,7251.0,0.0,0.0,0.0,0.0,34754
2023-05-10 21:00:28,pp2310,pp2310,7240.0,0.0,0.0,0.0,1,7250.0,7252.0,8,7240.0,7251.0,0.0,0.0,0.0,0.0,34754
2023-05-10 21:00:29,pp2310,pp2310,7240.0,0.0,0.0,0.0,7,7250.0,7252.0,6,7240.0,7251.0,0.0,0.0,0.0,0.0,34754
2023-05-10 21:00:29,pp2310,pp2310,7240.0,0.0,0.0,0.0,3,7250.0,7252.0,4,7240.0,7251.0,0.0,0.0,0.0,0.0,34754
2023-05-10 21:00:30,pp2310,pp2310,7240.0,0.0,0.0,0.0,1,7250.0,7252.0,8,7240.0,7251.0,0.0,0.0,0.0,0.0,34754
2023-05-10 21:00:30,pp2310,pp2310,7240.0,0.0,0.0,0.0,19,7249.0,7252.0,10,7240.0,7251.0,0.0,0.0,0.0,0.0,34754
2023-05-10 21:00:31,pp2310,pp2310,7240.0,0.0,0.0,0.0,7,7249.0,7251.0,3,7240.0,7251.0,0.0,0.0,0.0,0.0,34754
2023-05-10 21:00:32,pp2310,pp2310,7251.0,4.0,145020.0,2.0,10,7250.0,7251.0,3,7240.0,7251.0,7251.0,7251.0,4.0,145020.0,34756
2023-05-10 21:00:32,pp2310,pp2310,7251.0,0.0,0.0,0.0,13,7249.0,7250.0,3,7240.0,7251.0,7251.0,7251.0,4.0,145020.0,34756
2023-05-10 21:00:33,pp2310,pp2310,7250.0,3.0,108750.0,-3.0,19,7249.0,7251.0,3,7240.0,7251.0,7251.0,7250.0,7.0,253770.0,34753
2023-05-10 21:00:33,pp2310,pp2310,7250.0,0.0,0.0,0.0,25,7249.0,7251.0,3,7240.0,7251.0,7251.0,7250.0,7.0,253770.0,34753
2023-05-10 21:00:34,pp2310,pp2310,7250.0,0.0,0.0,0.0,27,7249.0,7251.0,2,7240.0,7251.0,7251.0,7250.0,7.0,253770.0,34753
2023-05-10 21:00:34,pp2310,pp2310,7250.0,0.0,0.0,0.0,29,7249.0,7251.0,2,7240.0,7251.0,7251.0,7250.0,7.0,253770.0,34753
2023-05-10 21:00:35,pp2310,pp2310,7251.0,1.0,36255.0,0.0,28,7249.0,7251.0,1,7240.0,7251.0,7251.0,7250.0,8.0,290025.0,34753
2023-05-10 21:00:36,pp2310,pp2310,7251.0,1.0,36255.0,-1.0,8,7250.0,7252.0,7,7240.0,7251.0,7251.0,7250.0,9.0,326280.0,34752
2023-05-10 21:00:36,pp2310,pp2310,7251.0,0.0,0.0,0.0,9,7250.0,7252.0,7,7240.0,7251.0,7251.0,7250.0,9.0,326280.0,34752
2023-05-10 21:00:37,pp2310,pp2310,7251.0,0.0,0.0,0.0,1,7250.0,7252.0,23,7240.0,7251.0,7251.0,7250.0,9.0,326280.0,34752
2023-05-10 21:00:37,pp2310,pp2310,7251.0,0.0,0.0,0.0,32,7249.0,7251.0,1,7240.0,7251.0,7251.0,7250.0,9.0,326280.0,34752
2023-05-10 21:00:38,pp2310,pp2310,7251.0,0.0,0.0,0.0,31,7249.0,7251.0,1,7240.0,7251.0,7251.0,7250.0,9.0,326280.0,34752
2023-05-10 21:00:38,pp2310,pp2310,7251.0,0.0,0.0,0.0,32,7249.0,7251.0,1,7240.0,7251.0,7251.0,7250.0,9.0,326280.0,34752
2023-05-10 21:00:39,pp2310,pp2310,7251.0,0.0,0.0,0.0,9,7250.0,7252.0,7,7240.0,7251.0,7251.0,7250.0,9.0,326280.0,34752
2023-05-10 21:00:39,pp2310,pp2310,7251.0,0.0,0.0,0.0,6,7250.0,7252.0,10,7240.0,7251.0,7251.0,7250.0,9.0,326280.0,34752
2023-05-10 21:00:40,pp2310,pp2310,7251.0,0.0,0.0,0.0,3,7250.0,7252.0,13,7240.0,7251.0,7251.0,7250.0,9.0,326280.0,34752
2023-05-10 21:00:40,pp2310,pp2310,7251.0,0.0,0.0,0.0,4,7250.0,7252.0,13,7240.0,7251.0,7251.0,7250.0,9.0,326280.0,34752
2023-05-10 21:00:41,pp2310,pp2310,7251.0,0.0,0.0,0.0,2,7250.0,7252.0,27,7240.0,7251.0,7251.0,7250.0,9.0,326280.0,34752
2023-05-10 21:00:41,pp2310,pp2310,7251.0,0.0,0.0,0.0,7,7249.0,7251.0,3,7240.0,7251.0,7251.0,7250.0,9.0,326280.0,34752
2023-05-10 21:00:42,pp2310,pp2310,7251.0,0.0,0.0,0.0,6,7249.0,7251.0,3,7240.0,7251.0,7251.0,7250.0,9.0,326280.0,34752
2023-05-10 21:00:42,pp2310,pp2310,7251.0,0.0,0.0,0.0,5,7249.0,7250.0,1,7240.0,7251.0,7251.0,7250.0,9.0,326280.0,34752
2023-05-10 21:00:43,pp2310,pp2310,7249.0,4.0,144980.0,1.0,4,7248.0,7249.0,1,7240.0,7251.0,7251.0,7249.0,13.0,471260.0,34753
2023-05-10 21:00:43,pp2310,pp2310,7248.0,2.0,72480.0,2.0,1,7248.0,7249.0,1,7240.0,7251.0,7251.0,7248.0,15.0,543740.0,34755
2023-05-10 21:00:44,pp2310,pp2310,7248.0,2.0,72480.0,-1.0,16,7247.0,7249.0,3,7240.0,7251.0,7251.0,7248.0,17.0,616220.0,34754
2023-05-10 21:00:44,pp2310,pp2310,7248.0,0.0,0.0,0.0,1,7247.0,7249.0,13,7240.0,7251.0,7251.0,7248.0,17.0,616220.0,34754
2023-05-10 21:00:45,pp2310,pp2310,7248.0,0.0,0.0,0.0,23,7246.0,7249.0,18,7240.0,7251.0,7251.0,7248.0,17.0,616220.0,34754
2023-05-10 21:00:45,pp2310,pp2310,7248.0,0.0,0.0,0.0,35,7246.0,7249.0,18,7240.0,7251.0,7251.0,7248.0,17.0,616220.0,34754
2023-05-10 21:00:46,pp2310,pp2310,7248.0,0.0,0.0,0.0,36,7246.0,7249.0,18,7240.0,7251.0,7251.0,7248.0,17.0,616220.0,34754
2023-05-10 21:00:47,pp2310,pp2310,7247.0,1.0,36235.0,1.0,5,7247.0,7249.0,11,7240.0,7251.0,7251.0,7247.0,18.0,652455.0,34755
2023-05-10 21:00:47,pp2310,pp2310,7249.0,9.0,326205.0,-1.0,3,7249.0,7250.0,6,7240.0,7251.0,7251.0,7247.0,27.0,978660.0,34754
2023-05-10 21:00:48,pp2310,pp2310,7249.0,1.0,36245.0,-1.0,1,7249.0,7251.0,6,7240.0,7251.0,7251.0,7247.0,28.0,1014905.0,34753
2023-05-10 21:00:48,pp2310,pp2310,7249.0,0.0,0.0,0.0,1,7249.0,7251.0,12,7240.0,7251.0,7251.0,7247.0,28.0,1014905.0,34753
2023-05-10 21:00:49,pp2310,pp2310,7249.0,0.0,0.0,0.0,1,7249.0,7250.0,2,7240.0,7251.0,7251.0,7247.0,28.0,1014905.0,34753
2023-05-10 21:00:49,pp2310,pp2310,7249.0,0.0,0.0,0.0,1,7249.0,7251.0,8,7240.0,7251.0,7251.0,7247.0,28.0,1014905.0,34753
2023-05-10 21:00:50,pp2310,pp2310,7249.0,0.0,0.0,0.0,16,7249.0,7251.0,6,7240.0,7251.0,7251.0,7247.0,28.0,1014905.0,34753
2023-05-10 21:00:50,pp2310,pp2310,7249.0,0.0,0.0,0.0,20,7249.0,7251.0,5,7240.0,7251.0,7251.0,7247.0,28.0,1014905.0,34753
2023-05-10 21:00:51,pp2310,pp2310,7249.0,0.0,0.0,0.0,19,7249.0,7251.0,4,7240.0,7251.0,7251.0,7247.0,28.0,1014905.0,34753
2023-05-10 21:00:51,pp2310,pp2310,7249.0,0.0,0.0,0.0,19,7249.0,7251.0,3,7240.0,7251.0,7251.0,7247.0,28.0,1014905.0,34753
2023-05-10 21:00:52,pp2310,pp2310,7249.0,0.0,0.0,0.0,20,7249.0,7251.0,3,7240.0,7251.0,7251.0,7247.0,28.0,1014905.0,34753
2023-05-10 21:00:52,pp2310,pp2310,7249.0,0.0,0.0,0.0,6,7249.0,7251.0,3,7240.0,7251.0,7251.0,7247.0,28.0,1014905.0,34753
2023-05-10 21:00:53,pp2310,pp2310,7249.0,0.0,0.0,0.0,6,7249.0,7251.0,14,7240.0,7251.0,7251.0,7247.0,28.0,1014905.0,34753
2023-05-10 21:00:53,pp2310,pp2310,7249.0,0.0,0.0,0.0,5,7249.0,7251.0,15,7240.0,7251.0,7251.0,7247.0,28.0,1014905.0,34753
2023-05-10 21:00:54,pp2310,pp2310,7249.0,0.0,0.0,0.0,4,7249.0,7251.0,8,7240.0,7251.0,7251.0,7247.0,28.0,1014905.0,34753
2023-05-10 21:00:54,pp2310,pp2310,7249.0,0.0,0.0,0.0,6,7249.0,7251.0,13,7240.0,7251.0,7251.0,7247.0,28.0,1014905.0,34753
2023-05-10 21:00:55,pp2310,pp2310,7249.0,0.0,0.0,0.0,22,7249.0,7251.0,3,7240.0,7251.0,7251.0,7247.0,28.0,1014905.0,34753
2023-05-10 21:00:55,pp2310,pp2310,7249.0,0.0,0.0,0.0,7,7249.0,7251.0,3,7240.0,7251.0,7251.0,7247.0,28.0,1014905.0,34753
2023-05-10 21:00:56,pp2310,pp2310,7249.0,0.0,0.0,0.0,23,7249.0,7251.0,1,7240.0,7251.0,7251.0,7247.0,28.0,1014905.0,34753
2023-05-10 21:00:56,pp2310,pp2310,7249.0,0.0,0.0,0.0,7,7249.0,7251.0,14,7240.0,7251.0,7251.0,7247.0,28.0,1014905.0,34753
2023-05-10 21:00:57,pp2310,pp2310,7249.0,0.0,0.0,0.0,5,7249.0,7251.0,15,7240.0,7251.0,7251.0,7247.0,28.0,1014905.0,34753
2023-05-10 21:00:57,pp2310,pp2310,7249.0,0.0,0.0,0.0,4,7249.0,7251.0,8,7240.0,7251.0,7251.0,7247.0,28.0,1014905.0,34753
2023-05-10 21:00:58,pp2310,pp2310,7249.0,0.0,0.0,0.0,15,7249.0,7251.0,6,7240.0,7251.0,7251.0,7247.0,28.0,1014905.0,34753
2023-05-10 21:00:58,pp2310,pp2310,7249.0,0.0,0.0,0.0,5,7249.0,7251.0,14,7240.0,7251.0,7251.0,7247.0,28.0,1014905.0,34753
2023-05-10 21:00:59,pp2310,pp2310,7249.0,0.0,0.0,0.0,4,7249.0,7251.0,15,7240.0,7251.0,7251.0,7247.0,28.0,1014905.0,34753
2023-05-10 21:01:00,pp2310,pp2310,7249.0,0.0,0.0,0.0,16,7249.0,7251.0,8,7240.0,7251.0,7251.0,7247.0,28.0,1014905.0,34753
2023-05-10 21:01:00,pp2310,pp2310,7249.0,0.0,0.0,0.0,21,7249.0,7251.0,8,7240.0,7251.0,7251.0,7247.0,28.0,1014905.0,34753
2023-05-10 21:01:01,pp2310,pp2310,7249.0,0.0,0.0,0.0,4,7250.0,7251.0,1,7240.0,7251.0,7251.0,7247.0,28.0,1014905.0,34753
2023-05-10 21:01:01,pp2310,pp2310,7249.0,0.0,0.0,0.0,20,7250.0,7252.0,13,7240.0,7251.0,7251.0,7247.0,28.0,1014905.0,34753
2023-05-10 21:01:02,pp2310,pp2310,7252.0,6.0,217560.0,3.0,4,7251.0,7252.0,5,7240.0,7251.0,7252.0,7247.0,34.0,1232465.0,34756
2023-05-10 21:01:02,pp2310,pp2310,7252.0,0.0,0.0,0.0,18,7251.0,7253.0,7,7240.0,7251.0,7252.0,7247.0,34.0,1232465.0,34756
2023-05-10 21:01:03,pp2310,pp2310,7252.0,0.0,0.0,0.0,22,7251.0,7253.0,9,7240.0,7251.0,7252.0,7247.0,34.0,1232465.0,34756
2023-05-10 21:01:03,pp2310,pp2310,7252.0,0.0,0.0,0.0,21,7251.0,7253.0,11,7240.0,7251.0,7252.0,7247.0,34.0,1232465.0,34756
2023-05-10 21:01:05,pp2310,pp2310,7252.0,0.0,0.0,0.0,22,7251.0,7253.0,11,7240.0,7251.0,7252.0,7247.0,34.0,1232465.0,34756
2023-05-10 21:01:06,pp2310,pp2310,7252.0,0.0,0.0,0.0,8,7251.0,7253.0,7,7240.0,7251.0,7252.0,7247.0,34.0,1232465.0,34756
2023-05-10 21:01:07,pp2310,pp2310,7252.0,0.0,0.0,0.0,1,7251.0,7253.0,18,7240.0,7251.0,7252.0,7247.0,34.0,1232465.0,34756
2023-05-10 21:01:07,pp2310,pp2310,7251.0,1.0,36255.0,0.0,6,7250.0,7251.0,1,7240.0,7251.0,7252.0,7247.0,35.0,1268720.0,34756
2023-05-10 21:01:08,pp2310,pp2310,7251.0,0.0,0.0,0.0,3,7250.0,7251.0,2,7240.0,7251.0,7252.0,7247.0,35.0,1268720.0,34756
2023-05-10 21:01:08,pp2310,pp2310,7251.0,0.0,0.0,0.0,11,7250.0,7251.0,2,7240.0,7251.0,7252.0,7247.0,35.0,1268720.0,34756
2023-05-10 21:01:09,pp2310,pp2310,7251.0,0.0,0.0,0.0,2,7250.0,7251.0,2,7240.0,7251.0,7252.0,7247.0,35.0,1268720.0,34756
2023-05-10 21:01:09,pp2310,pp2310,7250.0,2.0,72500.0,0.0,8,7249.0,7251.0,2,7240.0,7251.0,7252.0,7247.0,37.0,1341220.0,34756
2023-05-10 21:01:10,pp2310,pp2310,7250.0,0.0,0.0,0.0,22,7249.0,7250.0,1,7240.0,7251.0,7252.0,7247.0,37.0,1341220.0,34756
2023-05-10 21:01:10,pp2310,pp2310,7250.0,0.0,0.0,0.0,2,7249.0,7250.0,2,7240.0,7251.0,7252.0,7247.0,37.0,1341220.0,34756
2023-05-10 21:01:11,pp2310,pp2310,7249.0,2.0,72490.0,1.0,6,7248.0,7249.0,1,7240.0,7251.0,7252.0,7247.0,39.0,1413710.0,34757
2023-05-10 21:01:11,pp2310,pp2310,7248.0,6.0,217440.0,3.0,3,7247.0,7248.0,5,7240.0,7251.0,7252.0,7247.0,45.0,1631150.0,34760
2023-05-10 21:01:12,pp2310,pp2310,7248.0,0.0,0.0,0.0,2,7246.0,7248.0,11,7240.0,7251.0,7252.0,7247.0,45.0,1631150.0,34760
2023-05-10 21:01:12,pp2310,pp2310,7248.0,0.0,0.0,0.0,2,7246.0,7248.0,12,7240.0,7251.0,7252.0,7247.0,45.0,1631150.0,34760
2023-05-10 21:01:13,pp2310,pp2310,7248.0,0.0,0.0,0.0,2,7246.0,7248.0,10,7240.0,7251.0,7252.0,7247.0,45.0,1631150.0,34760
2023-05-10 21:01:13,pp2310,pp2310,7247.0,1.0,36235.0,0.0,10,7245.0,7246.0,1,7240.0,7251.0,7252.0,7247.0,46.0,1667385.0,34760
2023-05-10 21:01:14,pp2310,pp2310,7247.0,2.0,72465.0,1.0,2,7247.0,7248.0,8,7240.0,7251.0,7252.0,7246.0,48.0,1739850.0,34761
2023-05-10 21:01:14,pp2310,pp2310,7248.0,5.0,181200.0,-2.0,1,7247.0,7248.0,4,7240.0,7251.0,7252.0,7246.0,53.0,1921050.0,34759
2023-05-10 21:01:15,pp2310,pp2310,7248.0,7.0,253680.0,1.0,7,7247.0,7249.0,5,7240.0,7251.0,7252.0,7246.0,60.0,2174730.0,34760
2023-05-10 21:01:15,pp2310,pp2310,7248.0,0.0,0.0,0.0,7,7248.0,7249.0,6,7240.0,7251.0,7252.0,7246.0,60.0,2174730.0,34760
2023-05-10 21:01:16,pp2310,pp2310,7248.0,0.0,0.0,0.0,18,7247.0,7249.0,11,7240.0,7251.0,7252.0,7246.0,60.0,2174730.0,34760
2023-05-10 21:01:16,pp2310,pp2310,7248.0,0.0,0.0,0.0,32,7247.0,7249.0,11,7240.0,7251.0,7252.0,7246.0,60.0,2174730.0,34760
2023-05-10 21:01:17,pp2310,pp2310,7248.0,0.0,0.0,0.0,3,7248.0,7249.0,7,7240.0,7251.0,7252.0,7246.0,60.0,2174730.0,34760
2023-05-10 21:01:17,pp2310,pp2310,7248.0,0.0,0.0,0.0,3,7248.0,7249.0,2,7240.0,7251.0,7252.0,7246.0,60.0,2174730.0,34760
2023-05-10 21:01:18,pp2310,pp2310,7248.0,0.0,0.0,0.0,4,7248.0,7250.0,10,7240.0,7251.0,7252.0,7246.0,60.0,2174730.0,34760
2023-05-10 21:01:18,pp2310,pp2310,7248.0,0.0,0.0,0.0,1,7249.0,7250.0,7,7240.0,7251.0,7252.0,7246.0,60.0,2174730.0,34760
2023-05-10 21:01:19,pp2310,pp2310,7248.0,0.0,0.0,0.0,20,7249.0,7250.0,3,7240.0,7251.0,7252.0,7246.0,60.0,2174730.0,34760
2023-05-10 21:01:19,pp2310,pp2310,7248.0,0.0,0.0,0.0,24,7249.0,7250.0,3,7240.0,7251.0,7252.0,7246.0,60.0,2174730.0,34760
2023-05-10 21:01:20,pp2310,pp2310,7249.0,1.0,36245.0,-1.0,8,7248.0,7249.0,1,7240.0,7251.0,7252.0,7246.0,61.0,2210975.0,34759
2023-05-10 21:01:20,pp2310,pp2310,7249.0,0.0,0.0,0.0,22,7248.0,7249.0,1,7240.0,7251.0,7252.0,7246.0,61.0,2210975.0,34759
2023-05-10 21:01:21,pp2310,pp2310,7249.0,0.0,0.0,0.0,29,7248.0,7249.0,1,7240.0,7251.0,7252.0,7246.0,61.0,2210975.0,34759
2023-05-10 21:01:24,pp2310,pp2310,7249.0,1.0,36245.0,0.0,29,7248.0,7250.0,8,7240.0,7251.0,7252.0,7246.0,62.0,2247220.0,34759
2023-05-10 21:01:25,pp2310,pp2310,7249.0,0.0,0.0,0.0,29,7248.0,7250.0,7,7240.0,7251.0,7252.0,7246.0,62.0,2247220.0,34759
2023-05-10 21:01:25,pp2310,pp2310,7249.0,0.0,0.0,0.0,28,7248.0,7249.0,1,7240.0,7251.0,7252.0,7246.0,62.0,2247220.0,34759
2023-05-10 21:01:26,pp2310,pp2310,7249.0,0.0,0.0,0.0,8,7247.0,7249.0,3,7240.0,7251.0,7252.0,7246.0,62.0,2247220.0,34759
2023-05-10 21:01:26,pp2310,pp2310,7249.0,0.0,0.0,0.0,25,7247.0,7249.0,1,7240.0,7251.0,7252.0,7246.0,62.0,2247220.0,34759
2023-05-10 21:01:26,pp2310,pp2310,7249.0,0.0,0.0,0.0,35,7247.0,7249.0,1,7240.0,7251.0,7252.0,7246.0,62.0,2247220.0,34759
2023-05-10 21:01:27,pp2310,pp2310,7249.0,0.0,0.0,0.0,2,7248.0,7249.0,1,7240.0,7251.0,7252.0,7246.0,62.0,2247220.0,34759
2023-05-10 21:01:28,pp2310,pp2310,7249.0,0.0,0.0,0.0,7,7247.0,7248.0,1,7240.0,7251.0,7252.0,7246.0,62.0,2247220.0,34759
2023-05-10 21:01:28,pp2310,pp2310,7247.0,7.0,253645.0,6.0,11,7246.0,7247.0,4,7240.0,7251.0,7252.0,7246.0,69.0,2500865.0,34765
2023-05-10 21:01:29,pp2310,pp2310,7247.0,0.0,0.0,0.0,31,7246.0,7247.0,4,7240.0,7251.0,7252.0,7246.0,69.0,2500865.0,34765
2023-05-10 21:01:30,pp2310,pp2310,7246.0,11.0,398530.0,9.0,3,7245.0,7246.0,8,7240.0,7251.0,7252.0,7246.0,80.0,2899395.0,34774
2023-05-10 21:01:30,pp2310,pp2310,7249.0,23.0,833400.0,8.0,3,7248.0,7249.0,4,7240.0,7251.0,7252.0,7245.0,103.0,3732795.0,34782
2023-05-10 21:01:31,pp2310,pp2310,7248.0,4.0,144960.0,-1.0,5,7247.0,7249.0,6,7240.0,7251.0,7252.0,7245.0,107.0,3877755.0,34781
2023-05-10 21:01:31,pp2310,pp2310,7247.0,2.0,72470.0,0.0,2,7247.0,7249.0,10,7240.0,7251.0,7252.0,7245.0,109.0,3950225.0,34781
2023-05-10 21:01:32,pp2310,pp2310,7247.0,0.0,0.0,0.0,2,7247.0,7248.0,2,7240.0,7251.0,7252.0,7245.0,109.0,3950225.0,34781
2023-05-10 21:01:32,pp2310,pp2310,7247.0,0.0,0.0,0.0,41,7246.0,7249.0,10,7240.0,7251.0,7252.0,7245.0,109.0,3950225.0,34781
2023-05-10 21:01:33,pp2310,pp2310,7247.0,0.0,0.0,0.0,4,7247.0,7249.0,10,7240.0,7251.0,7252.0,7245.0,109.0,3950225.0,34781
2023-05-10 21:01:33,pp2310,pp2310,7247.0,0.0,0.0,0.0,12,7247.0,7249.0,11,7240.0,7251.0,7252.0,7245.0,109.0,3950225.0,34781
2023-05-10 21:01:34,pp2310,pp2310,7247.0,0.0,0.0,0.0,9,7247.0,7249.0,10,7240.0,7251.0,7252.0,7245.0,109.0,3950225.0,34781
2023-05-10 21:01:34,pp2310,pp2310,7247.0,0.0,0.0,0.0,3,7247.0,7249.0,12,7240.0,7251.0,7252.0,7245.0,109.0,3950225.0,34781
2023-05-10 21:01:35,pp2310,pp2310,7247.0,0.0,0.0,0.0,2,7247.0,7248.0,2,7240.0,7251.0,7252.0,7245.0,109.0,3950225.0,34781
2023-05-10 21:01:35,pp2310,pp2310,7247.0,0.0,0.0,0.0,5,7247.0,7249.0,12,7240.0,7251.0,7252.0,7245.0,109.0,3950225.0,34781
2023-05-10 21:01:36,pp2310,pp2310,7247.0,0.0,0.0,0.0,7,7247.0,7249.0,13,7240.0,7251.0,7252.0,7245.0,109.0,3950225.0,34781
2023-05-10 21:01:36,pp2310,pp2310,7247.0,0.0,0.0,0.0,9,7247.0,7249.0,13,7240.0,7251.0,7252.0,7245.0,109.0,3950225.0,34781
2023-05-10 21:01:39,pp2310,pp2310,7247.0,0.0,0.0,0.0,6,7247.0,7249.0,12,7240.0,7251.0,7252.0,7245.0,109.0,3950225.0,34781
2023-05-10 21:01:39,pp2310,pp2310,7247.0,0.0,0.0,0.0,3,7247.0,7248.0,2,7240.0,7251.0,7252.0,7245.0,109.0,3950225.0,34781
2023-05-10 21:01:40,pp2310,pp2310,7247.0,0.0,0.0,0.0,1,7247.0,7249.0,16,7240.0,7251.0,7252.0,7245.0,109.0,3950225.0,34781
2023-05-10 21:01:40,pp2310,pp2310,7247.0,0.0,0.0,0.0,43,7246.0,7248.0,2,7240.0,7251.0,7252.0,7245.0,109.0,3950225.0,34781
2023-05-10 21:01:41,pp2310,pp2310,7247.0,0.0,0.0,0.0,41,7246.0,7248.0,2,7240.0,7251.0,7252.0,7245.0,109.0,3950225.0,34781
2023-05-10 21:01:42,pp2310,pp2310,7247.0,0.0,0.0,0.0,6,7246.0,7248.0,1,7240.0,7251.0,7252.0,7245.0,109.0,3950225.0,34781
2023-05-10 21:01:42,pp2310,pp2310,7247.0,0.0,0.0,0.0,4,7246.0,7248.0,9,7240.0,7251.0,7252.0,7245.0,109.0,3950225.0,34781
2023-05-10 21:01:43,pp2310,pp2310,7247.0,0.0,0.0,0.0,2,7246.0,7247.0,1,7240.0,7251.0,7252.0,7245.0,109.0,3950225.0,34781
2023-05-10 21:01:44,pp2310,pp2310,7246.0,2.0,72460.0,2.0,7,7245.0,7247.0,4,7240.0,7251.0,7252.0,7245.0,111.0,4022685.0,34783
2023-05-10 21:01:44,pp2310,pp2310,7246.0,0.0,0.0,0.0,3,7245.0,7247.0,18,7240.0,7251.0,7252.0,7245.0,111.0,4022685.0,34783
2023-05-10 21:01:45,pp2310,pp2310,7246.0,0.0,0.0,0.0,1,7245.0,7247.0,17,7240.0,7251.0,7252.0,7245.0,111.0,4022685.0,34783
2023-05-10 21:01:46,pp2310,pp2310,7246.0,0.0,0.0,0.0,1,7245.0,7246.0,2,7240.0,7251.0,7252.0,7245.0,111.0,4022685.0,34783
2023-05-10 21:01:47,pp2310,pp2310,7246.0,0.0,0.0,0.0,1,7245.0,7246.0,3,7240.0,7251.0,7252.0,7245.0,111.0,4022685.0,34783
2023-05-10 21:01:47,pp2310,pp2310,7246.0,2.0,72460.0,0.0,1,7245.0,7247.0,16,7240.0,7251.0,7252.0,7245.0,113.0,4095145.0,34783
2023-05-10 21:01:48,pp2310,pp2310,7246.0,0.0,0.0,0.0,18,7245.0,7247.0,10,7240.0,7251.0,7252.0,7245.0,113.0,4095145.0,34783
2023-05-10 21:01:48,pp2310,pp2310,7246.0,0.0,0.0,0.0,5,7245.0,7247.0,11,7240.0,7251.0,7252.0,7245.0,113.0,4095145.0,34783
2023-05-10 21:01:49,pp2310,pp2310,7246.0,0.0,0.0,0.0,1,7245.0,7246.0,3,7240.0,7251.0,7252.0,7245.0,113.0,4095145.0,34783
2023-05-10 21:01:49,pp2310,pp2310,7246.0,0.0,0.0,0.0,1,7245.0,7246.0,2,7240.0,7251.0,7252.0,7245.0,113.0,4095145.0,34783
2023-05-10 21:01:50,pp2310,pp2310,7246.0,2.0,72460.0,0.0,1,7245.0,7247.0,16,7240.0,7251.0,7252.0,7245.0,115.0,4167605.0,34783
2023-05-10 21:01:50,pp2310,pp2310,7246.0,0.0,0.0,0.0,3,7245.0,7247.0,12,7240.0,7251.0,7252.0,7245.0,115.0,4167605.0,34783
2023-05-10 21:01:51,pp2310,pp2310,7246.0,0.0,0.0,0.0,2,7245.0,7247.0,26,7240.0,7251.0,7252.0,7245.0,115.0,4167605.0,34783
2023-05-10 21:01:51,pp2310,pp2310,7246.0,0.0,0.0,0.0,1,7245.0,7246.0,2,7240.0,7251.0,7252.0,7245.0,115.0,4167605.0,34783
2023-05-10 21:01:52,pp2310,pp2310,7246.0,0.0,0.0,0.0,1,7245.0,7247.0,18,7240.0,7251.0,7252.0,7245.0,115.0,4167605.0,34783
2023-05-10 21:01:52,pp2310,pp2310,7246.0,0.0,0.0,0.0,3,7245.0,7247.0,14,7240.0,7251.0,7252.0,7245.0,115.0,4167605.0,34783
2023-05-10 21:01:53,pp2310,pp2310,7246.0,0.0,0.0,0.0,27,7245.0,7247.0,13,7240.0,7251.0,7252.0,7245.0,115.0,4167605.0,34783
2023-05-10 21:01:53,pp2310,pp2310,7246.0,0.0,0.0,0.0,7,7245.0,7247.0,13,7240.0,7251.0,7252.0,7245.0,115.0,4167605.0,34783
2023-05-10 21:01:54,pp2310,pp2310,7246.0,0.0,0.0,0.0,1,7245.0,7247.0,28,7240.0,7251.0,7252.0,7245.0,115.0,4167605.0,34783
2023-05-10 21:01:54,pp2310,pp2310,7246.0,0.0,0.0,0.0,1,7245.0,7247.0,17,7240.0,7251.0,7252.0,7245.0,115.0,4167605.0,34783
2023-05-10 21:01:55,pp2310,pp2310,7246.0,0.0,0.0,0.0,1,7245.0,7246.0,2,7240.0,7251.0,7252.0,7245.0,115.0,4167605.0,34783
2023-05-10 21:01:56,pp2310,pp2310,7246.0,0.0,0.0,0.0,1,7245.0,7246.0,3,7240.0,7251.0,7252.0,7245.0,115.0,4167605.0,34783
2023-05-10 21:02:01,pp2310,pp2310,7245.0,1.0,36225.0,1.0,4,7244.0,7245.0,1,7240.0,7251.0,7252.0,7245.0,116.0,4203830.0,34784
2023-05-10 21:02:01,pp2310,pp2310,7243.0,8.0,289725.0,-3.0,10,7242.0,7243.0,2,7240.0,7251.0,7252.0,7243.0,124.0,4493555.0,34781
2023-05-10 21:02:02,pp2310,pp2310,7244.0,3.0,108650.0,-1.0,28,7242.0,7244.0,1,7240.0,7251.0,7252.0,7243.0,127.0,4602205.0,34780
2023-05-10 21:02:02,pp2310,pp2310,7244.0,1.0,36220.0,-1.0,1,7244.0,7245.0,7,7240.0,7251.0,7252.0,7243.0,128.0,4638425.0,34779
2023-05-10 21:02:03,pp2310,pp2310,7244.0,0.0,0.0,0.0,2,7244.0,7245.0,4,7240.0,7251.0,7252.0,7243.0,128.0,4638425.0,34779
2023-05-10 21:02:03,pp2310,pp2310,7247.0,28.0,1014495.0,6.0,1,7246.0,7247.0,29,7240.0,7251.0,7252.0,7243.0,156.0,5652920.0,34785
2023-05-10 21:02:04,pp2310,pp2310,7246.0,4.0,144920.0,1.0,1,7245.0,7246.0,1,7240.0,7251.0,7252.0,7243.0,160.0,5797840.0,34786
2023-05-10 21:02:04,pp2310,pp2310,7245.0,1.0,36225.0,-1.0,10,7244.0,7247.0,10,7240.0,7251.0,7252.0,7243.0,161.0,5834065.0,34785
2023-05-10 21:02:05,pp2310,pp2310,7245.0,0.0,0.0,0.0,2,7245.0,7247.0,11,7240.0,7251.0,7252.0,7243.0,161.0,5834065.0,34785
2023-05-10 21:02:05,pp2310,pp2310,7245.0,0.0,0.0,0.0,22,7244.0,7247.0,11,7240.0,7251.0,7252.0,7243.0,161.0,5834065.0,34785
2023-05-10 21:02:06,pp2310,pp2310,7245.0,0.0,0.0,0.0,2,7245.0,7247.0,8,7240.0,7251.0,7252.0,7243.0,161.0,5834065.0,34785
2023-05-10 21:02:06,pp2310,pp2310,7244.0,8.0,289760.0,5.0,12,7243.0,7244.0,3,7240.0,7251.0,7252.0,7243.0,169.0,6123825.0,34790
2023-05-10 21:02:07,pp2310,pp2310,7244.0,0.0,0.0,0.0,10,7242.0,7244.0,3,7240.0,7251.0,7252.0,7243.0,169.0,6123825.0,34790
2023-05-10 21:02:07,pp2310,pp2310,7244.0,2.0,72440.0,-1.0,2,7243.0,7244.0,1,7240.0,7251.0,7252.0,7243.0,171.0,6196265.0,34789
2023-05-10 21:02:08,pp2310,pp2310,7244.0,0.0,0.0,0.0,33,7242.0,7244.0,1,7240.0,7251.0,7252.0,7243.0,171.0,6196265.0,34789
2023-05-10 21:02:08,pp2310,pp2310,7244.0,0.0,0.0,0.0,40,7242.0,7244.0,1,7240.0,7251.0,7252.0,7243.0,171.0,6196265.0,34789
2023-05-10 21:02:09,pp2310,pp2310,7244.0,1.0,36220.0,0.0,7,7243.0,7245.0,8,7240.0,7251.0,7252.0,7243.0,172.0,6232485.0,34789
2023-05-10 21:02:10,pp2310,pp2310,7244.0,0.0,0.0,0.0,8,7243.0,7245.0,8,7240.0,7251.0,7252.0,7243.0,172.0,6232485.0,34789
2023-05-10 21:02:10,pp2310,pp2310,7244.0,0.0,0.0,0.0,4,7243.0,7245.0,8,7240.0,7251.0,7252.0,7243.0,172.0,6232485.0,34789
2023-05-10 21:02:11,pp2310,pp2310,7243.0,12.0,434580.0,1.0,23,7242.0,7243.0,1,7240.0,7251.0,7252.0,7243.0,184.0,6667065.0,34790
2023-05-10 21:02:11,pp2310,pp2310,7243.0,1.0,36215.0,1.0,1,7243.0,7244.0,3,7240.0,7251.0,7252.0,7243.0,185.0,6703280.0,34791
2023-05-10 21:02:12,pp2310,pp2310,7243.0,0.0,0.0,0.0,2,7243.0,7245.0,8,7240.0,7251.0,7252.0,7243.0,185.0,6703280.0,34791
2023-05-10 21:02:12,pp2310,pp2310,7243.0,0.0,0.0,0.0,1,7243.0,7245.0,8,7240.0,7251.0,7252.0,7243.0,185.0,6703280.0,34791
2023-05-10 21:02:13,pp2310,pp2310,7243.0,0.0,0.0,0.0,2,7243.0,7245.0,8,7240.0,7251.0,7252.0,7243.0,185.0,6703280.0,34791
2023-05-10 21:02:13,pp2310,pp2310,7243.0,0.0,0.0,0.0,1,7243.0,7245.0,8,7240.0,7251.0,7252.0,7243.0,185.0,6703280.0,34791
2023-05-10 21:02:14,pp2310,pp2310,7243.0,1.0,36215.0,0.0,4,7242.0,7243.0,1,7240.0,7251.0,7252.0,7243.0,186.0,6739495.0,34791
2023-05-10 21:02:14,pp2310,pp2310,7243.0,0.0,0.0,0.0,1,7242.0,7243.0,1,7240.0,7251.0,7252.0,7243.0,186.0,6739495.0,34791
2023-05-10 21:02:15,pp2310,pp2310,7243.0,0.0,0.0,0.0,10,7241.0,7243.0,1,7240.0,7251.0,7252.0,7243.0,186.0,6739495.0,34791
2023-05-10 21:02:15,pp2310,pp2310,7243.0,0.0,0.0,0.0,30,7241.0,7243.0,1,7240.0,7251.0,7252.0,7243.0,186.0,6739495.0,34791
2023-05-10 21:02:16,pp2310,pp2310,7243.0,0.0,0.0,0.0,6,7241.0,7243.0,3,7240.0,7251.0,7252.0,7243.0,186.0,6739495.0,34791
2023-05-10 21:02:16,pp2310,pp2310,7243.0,0.0,0.0,0.0,5,7241.0,7243.0,4,7240.0,7251.0,7252.0,7243.0,186.0,6739495.0,34791
2023-05-10 21:02:17,pp2310,pp2310,7243.0,0.0,0.0,0.0,4,7241.0,7243.0,5,7240.0,7251.0,7252.0,7243.0,186.0,6739495.0,34791
2023-05-10 21:02:17,pp2310,pp2310,7243.0,0.0,0.0,0.0,3,7241.0,7243.0,8,7240.0,7251.0,7252.0,7243.0,186.0,6739495.0,34791
2023-05-10 21:02:20,pp2310,pp2310,7243.0,0.0,0.0,0.0,16,7241.0,7243.0,6,7240.0,7251.0,7252.0,7243.0,186.0,6739495.0,34791
2023-05-10 21:02:20,pp2310,pp2310,7243.0,0.0,0.0,0.0,4,7241.0,7243.0,7,7240.0,7251.0,7252.0,7243.0,186.0,6739495.0,34791
2023-05-10 21:02:21,pp2310,pp2310,7243.0,0.0,0.0,0.0,8,7240.0,7242.0,1,7240.0,7251.0,7252.0,7243.0,186.0,6739495.0,34791
2023-05-10 21:02:21,pp2310,pp2310,7243.0,0.0,0.0,0.0,2,7241.0,7243.0,9,7240.0,7251.0,7252.0,7243.0,186.0,6739495.0,34791
2023-05-10 21:02:22,pp2310,pp2310,7243.0,0.0,0.0,0.0,10,7240.0,7242.0,3,7240.0,7251.0,7252.0,7243.0,186.0,6739495.0,34791
2023-05-10 21:02:22,pp2310,pp2310,7243.0,0.0,0.0,0.0,7,7240.0,7242.0,5,7240.0,7251.0,7252.0,7243.0,186.0,6739495.0,34791
2023-05-10 21:02:23,pp2310,pp2310,7243.0,0.0,0.0,0.0,7,7240.0,7242.0,6,7240.0,7251.0,7252.0,7243.0,186.0,6739495.0,34791
2023-05-10 21:02:23,pp2310,pp2310,7243.0,0.0,0.0,0.0,7,7240.0,7242.0,7,7240.0,7251.0,7252.0,7243.0,186.0,6739495.0,34791
2023-05-10 21:02:24,pp2310,pp2310,7243.0,0.0,0.0,0.0,2,7241.0,7243.0,8,7240.0,7251.0,7252.0,7243.0,186.0,6739495.0,34791
2023-05-10 21:02:24,pp2310,pp2310,7243.0,0.0,0.0,0.0,13,7240.0,7243.0,8,7240.0,7251.0,7252.0,7243.0,186.0,6739495.0,34791
2023-05-10 21:02:25,pp2310,pp2310,7243.0,0.0,0.0,0.0,34,7240.0,7243.0,8,7240.0,7251.0,7252.0,7243.0,186.0,6739495.0,34791
2023-05-10 21:02:25,pp2310,pp2310,7243.0,1.0,36215.0,1.0,11,7241.0,7243.0,5,7240.0,7251.0,7252.0,7243.0,187.0,6775710.0,34792
2023-05-10 21:02:26,pp2310,pp2310,7243.0,0.0,0.0,0.0,15,7241.0,7243.0,2,7240.0,7251.0,7252.0,7243.0,187.0,6775710.0,34792
2023-05-10 21:02:26,pp2310,pp2310,7243.0,0.0,0.0,0.0,9,7241.0,7243.0,2,7240.0,7251.0,7252.0,7243.0,187.0,6775710.0,34792
2023-05-10 21:02:27,pp2310,pp2310,7243.0,0.0,0.0,0.0,7,7241.0,7243.0,3,7240.0,7251.0,7252.0,7243.0,187.0,6775710.0,34792
2023-05-10 21:02:27,pp2310,pp2310,7243.0,0.0,0.0,0.0,8,7241.0,7243.0,3,7240.0,7251.0,7252.0,7243.0,187.0,6775710.0,34792
2023-05-10 21:02:28,pp2310,pp2310,7243.0,0.0,0.0,0.0,6,7241.0,7243.0,1,7240.0,7251.0,7252.0,7243.0,187.0,6775710.0,34792
2023-05-10 21:02:29,pp2310,pp2310,7243.0,0.0,0.0,0.0,4,7241.0,7243.0,4,7240.0,7251.0,7252.0,7243.0,187.0,6775710.0,34792
2023-05-10 21:02:29,pp2310,pp2310,7243.0,0.0,0.0,0.0,4,7241.0,7243.0,5,7240.0,7251.0,7252.0,7243.0,187.0,6775710.0,34792
2023-05-10 21:02:30,pp2310,pp2310,7243.0,0.0,0.0,0.0,2,7241.0,7243.0,8,7240.0,7251.0,7252.0,7243.0,187.0,6775710.0,34792
2023-05-10 21:02:31,pp2310,pp2310,7243.0,0.0,0.0,0.0,11,7241.0,7243.0,1,7240.0,7251.0,7252.0,7243.0,187.0,6775710.0,34792
2023-05-10 21:02:31,pp2310,pp2310,7243.0,0.0,0.0,0.0,12,7241.0,7244.0,9,7240.0,7251.0,7252.0,7243.0,187.0,6775710.0,34792
2023-05-10 21:02:32,pp2310,pp2310,7243.0,0.0,0.0,0.0,13,7241.0,7244.0,11,7240.0,7251.0,7252.0,7243.0,187.0,6775710.0,34792
2023-05-10 21:02:32,pp2310,pp2310,7243.0,0.0,0.0,0.0,3,7241.0,7243.0,11,7240.0,7251.0,7252.0,7243.0,187.0,6775710.0,34792
2023-05-10 21:02:33,pp2310,pp2310,7243.0,0.0,0.0,0.0,42,7240.0,7243.0,13,7240.0,7251.0,7252.0,7243.0,187.0,6775710.0,34792
2023-05-10 21:02:33,pp2310,pp2310,7243.0,0.0,0.0,0.0,42,7240.0,7243.0,14,7240.0,7251.0,7252.0,7243.0,187.0,6775710.0,34792
2023-05-10 21:02:34,pp2310,pp2310,7243.0,0.0,0.0,0.0,6,7240.0,7242.0,6,7240.0,7251.0,7252.0,7243.0,187.0,6775710.0,34792
2023-05-10 21:02:34,pp2310,pp2310,7243.0,0.0,0.0,0.0,5,7240.0,7242.0,11,7240.0,7251.0,7252.0,7243.0,187.0,6775710.0,34792
2023-05-10 21:02:35,pp2310,pp2310,7243.0,0.0,0.0,0.0,3,7241.0,7242.0,3,7240.0,7251.0,7252.0,7243.0,187.0,6775710.0,34792
2023-05-10 21:02:35,pp2310,pp2310,7243.0,0.0,0.0,0.0,1,7241.0,7243.0,9,7240.0,7251.0,7252.0,7243.0,187.0,6775710.0,34792
2023-05-10 21:02:36,pp2310,pp2310,7243.0,0.0,0.0,0.0,18,7241.0,7243.0,6,7240.0,7251.0,7252.0,7243.0,187.0,6775710.0,34792
2023-05-10 21:02:36,pp2310,pp2310,7243.0,0.0,0.0,0.0,4,7241.0,7242.0,3,7240.0,7251.0,7252.0,7243.0,187.0,6775710.0,34792
2023-05-10 21:02:37,pp2310,pp2310,7243.0,0.0,0.0,0.0,6,7240.0,7242.0,4,7240.0,7251.0,7252.0,7243.0,187.0,6775710.0,34792
2023-05-10 21:02:37,pp2310,pp2310,7243.0,0.0,0.0,0.0,5,7240.0,7242.0,5,7240.0,7251.0,7252.0,7243.0,187.0,6775710.0,34792
2023-05-10 21:02:38,pp2310,pp2310,7243.0,0.0,0.0,0.0,4,7240.0,7242.0,5,7240.0,7251.0,7252.0,7243.0,187.0,6775710.0,34792
2023-05-10 21:02:38,pp2310,pp2310,7243.0,0.0,0.0,0.0,2,7241.0,7242.0,3,7240.0,7251.0,7252.0,7243.0,187.0,6775710.0,34792
2023-05-10 21:02:39,pp2310,pp2310,7243.0,0.0,0.0,0.0,21,7240.0,7242.0,2,7240.0,7251.0,7252.0,7243.0,187.0,6775710.0,34792
2023-05-10 21:02:39,pp2310,pp2310,7242.0,4.0,144840.0,0.0,2,7241.0,7242.0,2,7240.0,7251.0,7252.0,7242.0,191.0,6920550.0,34792
2023-05-10 21:02:40,pp2310,pp2310,7242.0,1.0,36210.0,0.0,4,7241.0,7243.0,7,7240.0,7251.0,7252.0,7242.0,192.0,6956760.0,34792
2023-05-10 21:02:40,pp2310,pp2310,7242.0,0.0,0.0,0.0,31,7241.0,7243.0,7,7240.0,7251.0,7252.0,7242.0,192.0,6956760.0,34792
2023-05-10 21:02:41,pp2310,pp2310,7242.0,0.0,0.0,0.0,40,7241.0,7243.0,6,7240.0,7251.0,7252.0,7242.0,192.0,6956760.0,34792
2023-05-10 21:02:41,pp2310,pp2310,7242.0,0.0,0.0,0.0,37,7241.0,7243.0,5,7240.0,7251.0,7252.0,7242.0,192.0,6956760.0,34792
2023-05-10 21:02:42,pp2310,pp2310,7242.0,0.0,0.0,0.0,41,7241.0,7243.0,2,7240.0,7251.0,7252.0,7242.0,192.0,6956760.0,34792
2023-05-10 21:02:42,pp2310,pp2310,7242.0,0.0,0.0,0.0,41,7241.0,7243.0,1,7240.0,7251.0,7252.0,7242.0,192.0,6956760.0,34792
2023-05-10 21:02:42,pp2310,pp2310,7242.0,0.0,0.0,0.0,44,7241.0,7243.0,1,7240.0,7251.0,7252.0,7242.0,192.0,6956760.0,34792
2023-05-10 21:02:44,pp2310,pp2310,7242.0,0.0,0.0,0.0,2,7242.0,7243.0,1,7240.0,7251.0,7252.0,7242.0,192.0,6956760.0,34792
2023-05-10 21:02:44,pp2310,pp2310,7242.0,2.0,72420.0,0.0,8,7241.0,7243.0,4,7240.0,7251.0,7252.0,7242.0,194.0,7029180.0,34792
2023-05-10 21:02:45,pp2310,pp2310,7242.0,0.0,0.0,0.0,7,7241.0,7243.0,5,7240.0,7251.0,7252.0,7242.0,194.0,7029180.0,34792
2023-05-10 21:02:45,pp2310,pp2310,7242.0,0.0,0.0,0.0,8,7241.0,7243.0,2,7240.0,7251.0,7252.0,7242.0,194.0,7029180.0,34792
2023-05-10 21:02:46,pp2310,pp2310,7242.0,0.0,0.0,0.0,33,7241.0,7243.0,1,7240.0,7251.0,7252.0,7242.0,194.0,7029180.0,34792
2023-05-10 21:02:46,pp2310,pp2310,7242.0,0.0,0.0,0.0,41,7241.0,7243.0,1,7240.0,7251.0,7252.0,7242.0,194.0,7029180.0,34792
2023-05-10 21:02:47,pp2310,pp2310,7242.0,0.0,0.0,0.0,2,7242.0,7243.0,1,7240.0,7251.0,7252.0,7242.0,194.0,7029180.0,34792
2023-05-10 21:02:48,pp2310,pp2310,7242.0,0.0,0.0,0.0,8,7241.0,7243.0,4,7240.0,7251.0,7252.0,7242.0,194.0,7029180.0,34792
2023-05-10 21:02:49,pp2310,pp2310,7242.0,0.0,0.0,0.0,7,7241.0,7243.0,5,7240.0,7251.0,7252.0,7242.0,194.0,7029180.0,34792
2023-05-10 21:02:49,pp2310,pp2310,7242.0,0.0,0.0,0.0,7,7241.0,7243.0,6,7240.0,7251.0,7252.0,7242.0,194.0,7029180.0,34792
2023-05-10 21:02:50,pp2310,pp2310,7242.0,0.0,0.0,0.0,2,7241.0,7242.0,6,7240.0,7251.0,7252.0,7242.0,194.0,7029180.0,34792
2023-05-10 21:02:50,pp2310,pp2310,7242.0,0.0,0.0,0.0,1,7241.0,7242.0,9,7240.0,7251.0,7252.0,7242.0,194.0,7029180.0,34792
2023-05-10 21:02:51,pp2310,pp2310,7242.0,0.0,0.0,0.0,1,7241.0,7242.0,8,7240.0,7251.0,7252.0,7242.0,194.0,7029180.0,34792
2023-05-10 21:02:52,pp2310,pp2310,7242.0,0.0,0.0,0.0,3,7241.0,7243.0,12,7240.0,7251.0,7252.0,7242.0,194.0,7029180.0,34792
2023-05-10 21:02:52,pp2310,pp2310,7242.0,0.0,0.0,0.0,1,7241.0,7242.0,2,7240.0,7251.0,7252.0,7242.0,194.0,7029180.0,34792
2023-05-10 21:02:53,pp2310,pp2310,7242.0,0.0,0.0,0.0,1,7241.0,7242.0,3,7240.0,7251.0,7252.0,7242.0,194.0,7029180.0,34792
2023-05-10 21:02:54,pp2310,pp2310,7242.0,0.0,0.0,0.0,1,7241.0,7243.0,14,7240.0,7251.0,7252.0,7242.0,194.0,7029180.0,34792
2023-05-10 21:02:55,pp2310,pp2310,7242.0,0.0,0.0,0.0,1,7241.0,7242.0,2,7240.0,7251.0,7252.0,7242.0,194.0,7029180.0,34792
2023-05-10 21:02:55,pp2310,pp2310,7242.0,0.0,0.0,0.0,1,7241.0,7242.0,3,7240.0,7251.0,7252.0,7242.0,194.0,7029180.0,34792
2023-05-10 21:02:58,pp2310,pp2310,7242.0,0.0,0.0,0.0,1,7241.0,7242.0,2,7240.0,7251.0,7252.0,7242.0,194.0,7029180.0,34792
2023-05-10 21:02:58,pp2310,pp2310,7242.0,0.0,0.0,0.0,1,7241.0,7243.0,14,7240.0,7251.0,7252.0,7242.0,194.0,7029180.0,34792
2023-05-10 21:02:59,pp2310,pp2310,7242.0,0.0,0.0,0.0,8,7241.0,7243.0,6,7240.0,7251.0,7252.0,7242.0,194.0,7029180.0,34792
2023-05-10 21:02:59,pp2310,pp2310,7243.0,5.0,181075.0,0.0,1,7243.0,7244.0,22,7240.0,7251.0,7252.0,7242.0,199.0,7210255.0,34792
2023-05-10 21:03:00,pp2310,pp2310,7243.0,0.0,0.0,0.0,1,7243.0,7244.0,10,7240.0,7251.0,7252.0,7242.0,199.0,7210255.0,34792
2023-05-10 21:03:00,pp2310,pp2310,7243.0,0.0,0.0,0.0,1,7243.0,7244.0,11,7240.0,7251.0,7252.0,7242.0,199.0,7210255.0,34792
2023-05-10 21:03:01,pp2310,pp2310,7243.0,0.0,0.0,0.0,1,7243.0,7244.0,8,7240.0,7251.0,7252.0,7242.0,199.0,7210255.0,34792
2023-05-10 21:03:01,pp2310,pp2310,7243.0,0.0,0.0,0.0,4,7243.0,7244.0,2,7240.0,7251.0,7252.0,7242.0,199.0,7210255.0,34792
2023-05-10 21:03:02,pp2310,pp2310,7243.0,4.0,144860.0,3.0,8,7242.0,7244.0,3,7240.0,7251.0,7252.0,7242.0,203.0,7355115.0,34795
2023-05-10 21:03:02,pp2310,pp2310,7242.0,2.0,72420.0,0.0,8,7241.0,7242.0,1,7240.0,7251.0,7252.0,7242.0,205.0,7427535.0,34795
2023-05-10 21:03:03,pp2310,pp2310,7242.0,0.0,0.0,0.0,1,7241.0,7242.0,2,7240.0,7251.0,7252.0,7242.0,205.0,7427535.0,34795
2023-05-10 21:03:04,pp2310,pp2310,7242.0,0.0,0.0,0.0,3,7241.0,7242.0,2,7240.0,7251.0,7252.0,7242.0,205.0,7427535.0,34795
2023-05-10 21:03:04,pp2310,pp2310,7242.0,0.0,0.0,0.0,1,7241.0,7242.0,2,7240.0,7251.0,7252.0,7242.0,205.0,7427535.0,34795
2023-05-10 21:03:06,pp2310,pp2310,7242.0,2.0,72420.0,2.0,8,7241.0,7243.0,8,7240.0,7251.0,7252.0,7242.0,207.0,7499955.0,34797
2023-05-10 21:03:06,pp2310,pp2310,7242.0,0.0,0.0,0.0,9,7241.0,7243.0,6,7240.0,7251.0,7252.0,7242.0,207.0,7499955.0,34797
2023-05-10 21:03:07,pp2310,pp2310,7242.0,0.0,0.0,0.0,10,7241.0,7243.0,4,7240.0,7251.0,7252.0,7242.0,207.0,7499955.0,34797
2023-05-10 21:03:08,pp2310,pp2310,7242.0,0.0,0.0,0.0,13,7241.0,7243.0,1,7240.0,7251.0,7252.0,7242.0,207.0,7499955.0,34797
2023-05-10 21:03:08,pp2310,pp2310,7242.0,0.0,0.0,0.0,3,7242.0,7244.0,11,7240.0,7251.0,7252.0,7242.0,207.0,7499955.0,34797
2023-05-10 21:03:09,pp2310,pp2310,7242.0,0.0,0.0,0.0,3,7242.0,7244.0,10,7240.0,7251.0,7252.0,7242.0,207.0,7499955.0,34797
2023-05-10 21:03:09,pp2310,pp2310,7242.0,0.0,0.0,0.0,3,7242.0,7244.0,11,7240.0,7251.0,7252.0,7242.0,207.0,7499955.0,34797
2023-05-10 21:03:10,pp2310,pp2310,7242.0,2.0,72420.0,0.0,10,7241.0,7243.0,3,7240.0,7251.0,7252.0,7242.0,209.0,7572375.0,34797
2023-05-10 21:03:10,pp2310,pp2310,7242.0,0.0,0.0,0.0,8,7241.0,7243.0,3,7240.0,7251.0,7252.0,7242.0,209.0,7572375.0,34797
2023-05-10 21:03:12,pp2310,pp2310,7242.0,0.0,0.0,0.0,9,7241.0,7243.0,2,7240.0,7251.0,7252.0,7242.0,209.0,7572375.0,34797
2023-05-10 21:03:13,pp2310,pp2310,7242.0,0.0,0.0,0.0,2,7242.0,7244.0,8,7240.0,7251.0,7252.0,7242.0,209.0,7572375.0,34797
2023-05-10 21:03:13,pp2310,pp2310,7242.0,0.0,0.0,0.0,3,7242.0,7244.0,8,7240.0,7251.0,7252.0,7242.0,209.0,7572375.0,34797
2023-05-10 21:03:16,pp2310,pp2310,7242.0,0.0,0.0,0.0,4,7242.0,7244.0,8,7240.0,7251.0,7252.0,7242.0,209.0,7572375.0,34797
2023-05-10 21:03:16,pp2310,pp2310,7242.0,0.0,0.0,0.0,5,7242.0,7244.0,8,7240.0,7251.0,7252.0,7242.0,209.0,7572375.0,34797
2023-05-10 21:03:23,pp2310,pp2310,7242.0,0.0,0.0,0.0,8,7241.0,7243.0,3,7240.0,7251.0,7252.0,7242.0,209.0,7572375.0,34797
2023-05-10 21:03:24,pp2310,pp2310,7242.0,0.0,0.0,0.0,11,7241.0,7243.0,3,7240.0,7251.0,7252.0,7242.0,209.0,7572375.0,34797
2023-05-10 21:03:25,pp2310,pp2310,7242.0,0.0,0.0,0.0,8,7241.0,7243.0,3,7240.0,7251.0,7252.0,7242.0,209.0,7572375.0,34797
2023-05-10 21:03:25,pp2310,pp2310,7242.0,0.0,0.0,0.0,9,7241.0,7243.0,2,7240.0,7251.0,7252.0,7242.0,209.0,7572375.0,34797
2023-05-10 21:03:33,pp2310,pp2310,7242.0,0.0,0.0,0.0,9,7241.0,7243.0,5,7240.0,7251.0,7252.0,7242.0,209.0,7572375.0,34797
2023-05-10 21:03:34,pp2310,pp2310,7242.0,0.0,0.0,0.0,9,7241.0,7243.0,7,7240.0,7251.0,7252.0,7242.0,209.0,7572375.0,34797
2023-05-10 21:03:35,pp2310,pp2310,7242.0,0.0,0.0,0.0,9,7241.0,7243.0,10,7240.0,7251.0,7252.0,7242.0,209.0,7572375.0,34797
2023-05-10 21:03:35,pp2310,pp2310,7242.0,0.0,0.0,0.0,3,7242.0,7243.0,1,7240.0,7251.0,7252.0,7242.0,209.0,7572375.0,34797
2023-05-10 21:03:36,pp2310,pp2310,7242.0,0.0,0.0,0.0,14,7241.0,7243.0,2,7240.0,7251.0,7252.0,7242.0,209.0,7572375.0,34797
2023-05-10 21:03:36,pp2310,pp2310,7242.0,0.0,0.0,0.0,13,7241.0,7243.0,2,7240.0,7251.0,7252.0,7242.0,209.0,7572375.0,34797
2023-05-10 21:03:37,pp2310,pp2310,7242.0,0.0,0.0,0.0,13,7241.0,7244.0,14,7240.0,7251.0,7252.0,7242.0,209.0,7572375.0,34797
2023-05-10 21:03:38,pp2310,pp2310,7242.0,0.0,0.0,0.0,13,7241.0,7244.0,36,7240.0,7251.0,7252.0,7242.0,209.0,7572375.0,34797
2023-05-10 21:03:38,pp2310,pp2310,7242.0,0.0,0.0,0.0,8,7241.0,7243.0,12,7240.0,7251.0,7252.0,7242.0,209.0,7572375.0,34797
2023-05-10 21:03:39,pp2310,pp2310,7242.0,0.0,0.0,0.0,3,7241.0,7243.0,16,7240.0,7251.0,7252.0,7242.0,209.0,7572375.0,34797
2023-05-10 21:03:39,pp2310,pp2310,7242.0,0.0,0.0,0.0,1,7241.0,7243.0,17,7240.0,7251.0,7252.0,7242.0,209.0,7572375.0,34797
2023-05-10 21:03:41,pp2310,pp2310,7242.0,0.0,0.0,0.0,1,7241.0,7242.0,2,7240.0,7251.0,7252.0,7242.0,209.0,7572375.0,34797
2023-05-10 21:03:42,pp2310,pp2310,7242.0,0.0,0.0,0.0,8,7241.0,7243.0,11,7240.0,7251.0,7252.0,7242.0,209.0,7572375.0,34797
2023-05-10 21:03:42,pp2310,pp2310,7242.0,0.0,0.0,0.0,8,7241.0,7243.0,10,7240.0,7251.0,7252.0,7242.0,209.0,7572375.0,34797
2023-05-10 21:03:43,pp2310,pp2310,7242.0,0.0,0.0,0.0,2,7241.0,7242.0,2,7240.0,7251.0,7252.0,7242.0,209.0,7572375.0,34797
2023-05-10 21:03:44,pp2310,pp2310,7242.0,0.0,0.0,0.0,1,7241.0,7242.0,2,7240.0,7251.0,7252.0,7242.0,209.0,7572375.0,34797
2023-05-10 21:03:47,pp2310,pp2310,7241.0,1.0,36205.0,-1.0,12,7240.0,7242.0,2,7240.0,7251.0,7252.0,7241.0,210.0,7608580.0,34796
2023-05-10 21:03:47,pp2310,pp2310,7241.0,0.0,0.0,0.0,13,7240.0,7242.0,2,7240.0,7251.0,7252.0,7241.0,210.0,7608580.0,34796
2023-05-10 21:03:50,pp2310,pp2310,7241.0,0.0,0.0,0.0,2,7241.0,7243.0,28,7240.0,7251.0,7252.0,7241.0,210.0,7608580.0,34796
2023-05-10 21:03:51,pp2310,pp2310,7241.0,0.0,0.0,0.0,14,7240.0,7243.0,46,7240.0,7251.0,7252.0,7241.0,210.0,7608580.0,34796
2023-05-10 21:03:51,pp2310,pp2310,7241.0,0.0,0.0,0.0,13,7240.0,7243.0,47,7240.0,7251.0,7252.0,7241.0,210.0,7608580.0,34796
2023-05-10 21:03:52,pp2310,pp2310,7241.0,0.0,0.0,0.0,7,7240.0,7242.0,8,7240.0,7251.0,7252.0,7241.0,210.0,7608580.0,34796
2023-05-10 21:03:53,pp2310,pp2310,7241.0,0.0,0.0,0.0,3,7240.0,7242.0,16,7240.0,7251.0,7252.0,7241.0,210.0,7608580.0,34796
2023-05-10 21:03:53,pp2310,pp2310,7241.0,0.0,0.0,0.0,4,7240.0,7242.0,10,7240.0,7251.0,7252.0,7241.0,210.0,7608580.0,34796
2023-05-10 21:03:54,pp2310,pp2310,7241.0,0.0,0.0,0.0,5,7240.0,7242.0,10,7240.0,7251.0,7252.0,7241.0,210.0,7608580.0,34796
2023-05-10 21:03:54,pp2310,pp2310,7241.0,0.0,0.0,0.0,4,7240.0,7242.0,10,7240.0,7251.0,7252.0,7241.0,210.0,7608580.0,34796
2023-05-10 21:03:55,pp2310,pp2310,7241.0,0.0,0.0,0.0,13,7239.0,7241.0,2,7240.0,7251.0,7252.0,7241.0,210.0,7608580.0,34796
2023-05-10 21:03:55,pp2310,pp2310,7241.0,0.0,0.0,0.0,26,7239.0,7242.0,12,7240.0,7251.0,7252.0,7241.0,210.0,7608580.0,34796
2023-05-10 21:03:56,pp2310,pp2310,7241.0,0.0,0.0,0.0,13,7239.0,7241.0,2,7240.0,7251.0,7252.0,7241.0,210.0,7608580.0,34796
2023-05-10 21:03:56,pp2310,pp2310,7241.0,0.0,0.0,0.0,15,7239.0,7242.0,15,7240.0,7251.0,7252.0,7241.0,210.0,7608580.0,34796
2023-05-10 21:03:57,pp2310,pp2310,7241.0,0.0,0.0,0.0,3,7240.0,7242.0,13,7240.0,7251.0,7252.0,7241.0,210.0,7608580.0,34796
2023-05-10 21:03:57,pp2310,pp2310,7241.0,0.0,0.0,0.0,12,7239.0,7241.0,2,7240.0,7251.0,7252.0,7241.0,210.0,7608580.0,34796
2023-05-10 21:04:00,pp2310,pp2310,7241.0,0.0,0.0,0.0,2,7240.0,7242.0,14,7240.0,7251.0,7252.0,7241.0,210.0,7608580.0,34796
2023-05-10 21:04:00,pp2310,pp2310,7241.0,0.0,0.0,0.0,31,7239.0,7242.0,12,7240.0,7251.0,7252.0,7241.0,210.0,7608580.0,34796
2023-05-10 21:04:01,pp2310,pp2310,7241.0,0.0,0.0,0.0,12,7239.0,7242.0,15,7240.0,7251.0,7252.0,7241.0,210.0,7608580.0,34796
2023-05-10 21:04:01,pp2310,pp2310,7241.0,0.0,0.0,0.0,12,7239.0,7242.0,14,7240.0,7251.0,7252.0,7241.0,210.0,7608580.0,34796
2023-05-10 21:04:03,pp2310,pp2310,7241.0,0.0,0.0,0.0,12,7239.0,7242.0,13,7240.0,7251.0,7252.0,7241.0,210.0,7608580.0,34796
2023-05-10 21:04:03,pp2310,pp2310,7241.0,0.0,0.0,0.0,32,7239.0,7241.0,2,7240.0,7251.0,7252.0,7241.0,210.0,7608580.0,34796
2023-05-10 21:04:04,pp2310,pp2310,7241.0,0.0,0.0,0.0,12,7239.0,7241.0,2,7240.0,7251.0,7252.0,7241.0,210.0,7608580.0,34796
2023-05-10 21:04:06,pp2310,pp2310,7241.0,0.0,0.0,0.0,2,7241.0,7242.0,8,7240.0,7251.0,7252.0,7241.0,210.0,7608580.0,34796
2023-05-10 21:04:06,pp2310,pp2310,7241.0,0.0,0.0,0.0,5,7240.0,7242.0,7,7240.0,7251.0,7252.0,7241.0,210.0,7608580.0,34796
2023-05-10 21:04:07,pp2310,pp2310,7241.0,0.0,0.0,0.0,4,7240.0,7242.0,8,7240.0,7251.0,7252.0,7241.0,210.0,7608580.0,34796
2023-05-10 21:04:09,pp2310,pp2310,7242.0,4.0,144840.0,1.0,2,7242.0,7243.0,7,7240.0,7251.0,7252.0,7241.0,214.0,7753420.0,34797
2023-05-10 21:04:09,pp2310,pp2310,7242.0,0.0,0.0,0.0,3,7242.0,7243.0,14,7240.0,7251.0,7252.0,7241.0,214.0,7753420.0,34797
2023-05-10 21:04:10,pp2310,pp2310,7242.0,0.0,0.0,0.0,4,7242.0,7244.0,10,7240.0,7251.0,7252.0,7241.0,214.0,7753420.0,34797
2023-05-10 21:04:10,pp2310,pp2310,7242.0,0.0,0.0,0.0,4,7242.0,7244.0,8,7240.0,7251.0,7252.0,7241.0,214.0,7753420.0,34797
2023-05-10 21:04:11,pp2310,pp2310,7242.0,0.0,0.0,0.0,4,7242.0,7244.0,9,7240.0,7251.0,7252.0,7241.0,214.0,7753420.0,34797
2023-05-10 21:04:15,pp2310,pp2310,7242.0,0.0,0.0,0.0,3,7242.0,7244.0,9,7240.0,7251.0,7252.0,7241.0,214.0,7753420.0,34797
2023-05-10 21:04:17,pp2310,pp2310,7243.0,1.0,36215.0,0.0,2,7242.0,7243.0,2,7240.0,7251.0,7252.0,7241.0,215.0,7789635.0,34797
2023-05-10 21:04:18,pp2310,pp2310,7242.0,2.0,72420.0,-1.0,7,7241.0,7243.0,3,7240.0,7251.0,7252.0,7241.0,217.0,7862055.0,34796
2023-05-10 21:04:20,pp2310,pp2310,7242.0,0.0,0.0,0.0,8,7241.0,7243.0,2,7240.0,7251.0,7252.0,7241.0,217.0,7862055.0,34796
2023-05-10 21:04:22,pp2310,pp2310,7242.0,0.0,0.0,0.0,9,7241.0,7243.0,2,7240.0,7251.0,7252.0,7241.0,217.0,7862055.0,34796
2023-05-10 21:04:22,pp2310,pp2310,7242.0,0.0,0.0,0.0,8,7241.0,7243.0,6,7240.0,7251.0,7252.0,7241.0,217.0,7862055.0,34796
2023-05-10 21:04:23,pp2310,pp2310,7242.0,0.0,0.0,0.0,8,7241.0,7243.0,7,7240.0,7251.0,7252.0,7241.0,217.0,7862055.0,34796
2023-05-10 21:04:23,pp2310,pp2310,7242.0,0.0,0.0,0.0,12,7241.0,7243.0,2,7240.0,7251.0,7252.0,7241.0,217.0,7862055.0,34796
2023-05-10 21:04:24,pp2310,pp2310,7242.0,0.0,0.0,0.0,8,7241.0,7243.0,3,7240.0,7251.0,7252.0,7241.0,217.0,7862055.0,34796
2023-05-10 21:04:24,pp2310,pp2310,7242.0,0.0,0.0,0.0,2,7242.0,7244.0,13,7240.0,7251.0,7252.0,7241.0,217.0,7862055.0,34796
2023-05-10 21:04:25,pp2310,pp2310,7242.0,2.0,72420.0,0.0,5,7241.0,7243.0,10,7240.0,7251.0,7252.0,7241.0,219.0,7934475.0,34796
2023-05-10 21:04:25,pp2310,pp2310,7242.0,0.0,0.0,0.0,2,7241.0,7243.0,10,7240.0,7251.0,7252.0,7241.0,219.0,7934475.0,34796
2023-05-10 21:04:26,pp2310,pp2310,7242.0,0.0,0.0,0.0,11,7241.0,7243.0,7,7240.0,7251.0,7252.0,7241.0,219.0,7934475.0,34796
2023-05-10 21:04:26,pp2310,pp2310,7242.0,0.0,0.0,0.0,10,7241.0,7243.0,6,7240.0,7251.0,7252.0,7241.0,219.0,7934475.0,34796
2023-05-10 21:04:27,pp2310,pp2310,7242.0,0.0,0.0,0.0,3,7241.0,7243.0,7,7240.0,7251.0,7252.0,7241.0,219.0,7934475.0,34796
2023-05-10 21:04:27,pp2310,pp2310,7242.0,0.0,0.0,0.0,1,7241.0,7243.0,9,7240.0,7251.0,7252.0,7241.0,219.0,7934475.0,34796
2023-05-10 21:04:28,pp2310,pp2310,7242.0,0.0,0.0,0.0,2,7241.0,7243.0,9,7240.0,7251.0,7252.0,7241.0,219.0,7934475.0,34796
2023-05-10 21:04:28,pp2310,pp2310,7242.0,0.0,0.0,0.0,5,7241.0,7243.0,9,7240.0,7251.0,7252.0,7241.0,219.0,7934475.0,34796
2023-05-10 21:04:29,pp2310,pp2310,7242.0,0.0,0.0,0.0,2,7241.0,7243.0,9,7240.0,7251.0,7252.0,7241.0,219.0,7934475.0,34796
2023-05-10 21:04:29,pp2310,pp2310,7242.0,0.0,0.0,0.0,24,7240.0,7243.0,9,7240.0,7251.0,7252.0,7241.0,219.0,7934475.0,34796
2023-05-10 21:04:30,pp2310,pp2310,7242.0,0.0,0.0,0.0,44,7240.0,7243.0,12,7240.0,7251.0,7252.0,7241.0,219.0,7934475.0,34796
2023-05-10 21:04:30,pp2310,pp2310,7242.0,0.0,0.0,0.0,12,7240.0,7242.0,3,7240.0,7251.0,7252.0,7241.0,219.0,7934475.0,34796
2023-05-10 21:04:31,pp2310,pp2310,7242.0,0.0,0.0,0.0,13,7240.0,7242.0,2,7240.0,7251.0,7252.0,7241.0,219.0,7934475.0,34796
2023-05-10 21:04:31,pp2310,pp2310,7242.0,0.0,0.0,0.0,15,7240.0,7242.0,2,7240.0,7251.0,7252.0,7241.0,219.0,7934475.0,34796
2023-05-10 21:04:32,pp2310,pp2310,7242.0,0.0,0.0,0.0,42,7240.0,7243.0,13,7240.0,7251.0,7252.0,7241.0,219.0,7934475.0,34796
2023-05-10 21:04:32,pp2310,pp2310,7242.0,0.0,0.0,0.0,13,7240.0,7242.0,2,7240.0,7251.0,7252.0,7241.0,219.0,7934475.0,34796
2023-05-10 21:04:33,pp2310,pp2310,7242.0,0.0,0.0,0.0,8,7240.0,7242.0,3,7240.0,7251.0,7252.0,7241.0,219.0,7934475.0,34796
2023-05-10 21:04:35,pp2310,pp2310,7242.0,0.0,0.0,0.0,9,7240.0,7242.0,2,7240.0,7251.0,7252.0,7241.0,219.0,7934475.0,34796
2023-05-10 21:04:35,pp2310,pp2310,7242.0,0.0,0.0,0.0,8,7240.0,7242.0,3,7240.0,7251.0,7252.0,7241.0,219.0,7934475.0,34796
2023-05-10 21:04:38,pp2310,pp2310,7242.0,0.0,0.0,0.0,12,7240.0,7243.0,13,7240.0,7251.0,7252.0,7241.0,219.0,7934475.0,34796
2023-05-10 21:04:39,pp2310,pp2310,7242.0,0.0,0.0,0.0,14,7240.0,7242.0,2,7240.0,7251.0,7252.0,7241.0,219.0,7934475.0,34796
2023-05-10 21:04:39,pp2310,pp2310,7242.0,0.0,0.0,0.0,9,7240.0,7242.0,3,7240.0,7251.0,7252.0,7241.0,219.0,7934475.0,34796
2023-05-10 21:04:41,pp2310,pp2310,7242.0,0.0,0.0,0.0,8,7240.0,7242.0,3,7240.0,7251.0,7252.0,7241.0,219.0,7934475.0,34796
2023-05-10 21:04:43,pp2310,pp2310,7242.0,0.0,0.0,0.0,7,7240.0,7242.0,3,7240.0,7251.0,7252.0,7241.0,219.0,7934475.0,34796
2023-05-10 21:04:43,pp2310,pp2310,7240.0,6.0,217200.0,4.0,4,7239.0,7240.0,4,7240.0,7251.0,7252.0,7240.0,225.0,8151675.0,34800
2023-05-10 21:04:44,pp2310,pp2310,7240.0,4.0,144800.0,2.0,18,7239.0,7241.0,5,7240.0,7251.0,7252.0,7240.0,229.0,8296475.0,34802
2023-05-10 21:04:44,pp2310,pp2310,7240.0,0.0,0.0,0.0,23,7239.0,7241.0,2,7240.0,7251.0,7252.0,7240.0,229.0,8296475.0,34802
2023-05-10 21:04:45,pp2310,pp2310,7240.0,0.0,0.0,0.0,8,7239.0,7241.0,3,7240.0,7251.0,7252.0,7240.0,229.0,8296475.0,34802
2023-05-10 21:04:46,pp2310,pp2310,7240.0,0.0,0.0,0.0,9,7239.0,7242.0,16,7240.0,7251.0,7252.0,7240.0,229.0,8296475.0,34802
2023-05-10 21:04:47,pp2310,pp2310,7240.0,0.0,0.0,0.0,8,7239.0,7241.0,2,7240.0,7251.0,7252.0,7240.0,229.0,8296475.0,34802
2023-05-10 21:04:47,pp2310,pp2310,7240.0,0.0,0.0,0.0,8,7239.0,7241.0,3,7240.0,7251.0,7252.0,7240.0,229.0,8296475.0,34802
2023-05-10 21:04:48,pp2310,pp2310,7240.0,0.0,0.0,0.0,9,7239.0,7242.0,15,7240.0,7251.0,7252.0,7240.0,229.0,8296475.0,34802
2023-05-10 21:04:49,pp2310,pp2310,7240.0,0.0,0.0,0.0,9,7239.0,7242.0,16,7240.0,7251.0,7252.0,7240.0,229.0,8296475.0,34802
2023-05-10 21:04:49,pp2310,pp2310,7240.0,0.0,0.0,0.0,8,7239.0,7241.0,3,7240.0,7251.0,7252.0,7240.0,229.0,8296475.0,34802
2023-05-10 21:04:50,pp2310,pp2310,7240.0,0.0,0.0,0.0,7,7239.0,7241.0,5,7240.0,7251.0,7252.0,7240.0,229.0,8296475.0,34802
2023-05-10 21:04:51,pp2310,pp2310,7240.0,0.0,0.0,0.0,8,7239.0,7241.0,6,7240.0,7251.0,7252.0,7240.0,229.0,8296475.0,34802
2023-05-10 21:04:51,pp2310,pp2310,7240.0,0.0,0.0,0.0,8,7239.0,7241.0,8,7240.0,7251.0,7252.0,7240.0,229.0,8296475.0,34802
2023-05-10 21:04:52,pp2310,pp2310,7240.0,0.0,0.0,0.0,25,7239.0,7241.0,6,7240.0,7251.0,7252.0,7240.0,229.0,8296475.0,34802
2023-05-10 21:04:52,pp2310,pp2310,7240.0,0.0,0.0,0.0,9,7239.0,7241.0,7,7240.0,7251.0,7252.0,7240.0,229.0,8296475.0,34802
2023-05-10 21:04:53,pp2310,pp2310,7240.0,0.0,0.0,0.0,12,7239.0,7241.0,5,7240.0,7251.0,7252.0,7240.0,229.0,8296475.0,34802
2023-05-10 21:04:53,pp2310,pp2310,7240.0,0.0,0.0,0.0,10,7239.0,7241.0,5,7240.0,7251.0,7252.0,7240.0,229.0,8296475.0,34802
2023-05-10 21:04:53,pp2310,pp2310,7240.0,0.0,0.0,0.0,10,7239.0,7241.0,4,7240.0,7251.0,7252.0,7240.0,229.0,8296475.0,34802
2023-05-10 21:04:55,pp2310,pp2310,7240.0,0.0,0.0,0.0,10,7239.0,7240.0,1,7240.0,7251.0,7252.0,7240.0,229.0,8296475.0,34802
2023-05-10 21:04:55,pp2310,pp2310,7240.0,0.0,0.0,0.0,4,7239.0,7240.0,1,7240.0,7251.0,7252.0,7240.0,229.0,8296475.0,34802
2023-05-10 21:04:56,pp2310,pp2310,7240.0,0.0,0.0,0.0,2,7239.0,7240.0,1,7240.0,7251.0,7252.0,7240.0,229.0,8296475.0,34802
2023-05-10 21:04:56,pp2310,pp2310,7240.0,0.0,0.0,0.0,26,7238.0,7240.0,1,7240.0,7251.0,7252.0,7240.0,229.0,8296475.0,34802
2023-05-10 21:04:57,pp2310,pp2310,7240.0,1.0,36200.0,0.0,9,7239.0,7241.0,8,7240.0,7251.0,7252.0,7240.0,230.0,8332675.0,34802
2023-05-10 21:04:57,pp2310,pp2310,7240.0,0.0,0.0,0.0,4,7239.0,7240.0,2,7240.0,7251.0,7252.0,7240.0,230.0,8332675.0,34802
2023-05-10 21:04:58,pp2310,pp2310,7240.0,0.0,0.0,0.0,5,7239.0,7241.0,8,7240.0,7251.0,7252.0,7240.0,230.0,8332675.0,34802
2023-05-10 21:04:58,pp2310,pp2310,7240.0,0.0,0.0,0.0,8,7239.0,7241.0,8,7240.0,7251.0,7252.0,7240.0,230.0,8332675.0,34802
2023-05-10 21:04:59,pp2310,pp2310,7240.0,0.0,0.0,0.0,8,7239.0,7241.0,7,7240.0,7251.0,7252.0,7240.0,230.0,8332675.0,34802
2023-05-10 21:04:59,pp2310,pp2310,7240.0,0.0,0.0,0.0,6,7239.0,7241.0,8,7240.0,7251.0,7252.0,7240.0,230.0,8332675.0,34802
2023-05-10 21:05:00,pp2310,pp2310,7240.0,0.0,0.0,0.0,3,7239.0,7241.0,10,7240.0,7251.0,7252.0,7240.0,230.0,8332675.0,34802
2023-05-10 21:05:00,pp2310,pp2310,7240.0,0.0,0.0,0.0,2,7239.0,7241.0,10,7240.0,7251.0,7252.0,7240.0,230.0,8332675.0,34802
2023-05-10 21:05:01,pp2310,pp2310,7240.0,0.0,0.0,0.0,43,7238.0,7241.0,10,7240.0,7251.0,7252.0,7240.0,230.0,8332675.0,34802
2023-05-10 21:05:01,pp2310,pp2310,7240.0,0.0,0.0,0.0,50,7238.0,7241.0,13,7240.0,7251.0,7252.0,7240.0,230.0,8332675.0,34802
2023-05-10 21:05:02,pp2310,pp2310,7240.0,0.0,0.0,0.0,50,7238.0,7241.0,12,7240.0,7251.0,7252.0,7240.0,230.0,8332675.0,34802
2023-05-10 21:05:04,pp2310,pp2310,7240.0,0.0,0.0,0.0,19,7239.0,7241.0,6,7240.0,7251.0,7252.0,7240.0,230.0,8332675.0,34802
2023-05-10 21:05:04,pp2310,pp2310,7240.0,0.0,0.0,0.0,26,7239.0,7241.0,2,7240.0,7251.0,7252.0,7240.0,230.0,8332675.0,34802
2023-05-10 21:05:06,pp2310,pp2310,7241.0,2.0,72410.0,0.0,2,7240.0,7242.0,7,7240.0,7251.0,7252.0,7240.0,232.0,8405085.0,34802
2023-05-10 21:05:06,pp2310,pp2310,7242.0,6.0,217260.0,3.0,6,7242.0,7243.0,22,7240.0,7251.0,7252.0,7240.0,238.0,8622345.0,34805
2023-05-10 21:05:07,pp2310,pp2310,7242.0,0.0,0.0,0.0,6,7242.0,7243.0,1,7240.0,7251.0,7252.0,7240.0,238.0,8622345.0,34805
2023-05-10 21:05:07,pp2310,pp2310,7242.0,0.0,0.0,0.0,6,7242.0,7243.0,3,7240.0,7251.0,7252.0,7240.0,238.0,8622345.0,34805
2023-05-10 21:05:08,pp2310,pp2310,7242.0,1.0,36210.0,1.0,5,7242.0,7243.0,10,7240.0,7251.0,7252.0,7240.0,239.0,8658555.0,34806
2023-05-10 21:05:08,pp2310,pp2310,7242.0,5.0,181050.0,3.0,4,7241.0,7243.0,11,7240.0,7251.0,7252.0,7240.0,244.0,8839605.0,34809
2023-05-10 21:05:09,pp2310,pp2310,7242.0,0.0,0.0,0.0,11,7240.0,7242.0,4,7240.0,7251.0,7252.0,7240.0,244.0,8839605.0,34809
2023-05-10 21:05:09,pp2310,pp2310,7242.0,0.0,0.0,0.0,10,7240.0,7242.0,7,7240.0,7251.0,7252.0,7240.0,244.0,8839605.0,34809
2023-05-10 21:05:10,pp2310,pp2310,7242.0,0.0,0.0,0.0,8,7240.0,7242.0,10,7240.0,7251.0,7252.0,7240.0,244.0,8839605.0,34809
2023-05-10 21:05:10,pp2310,pp2310,7242.0,0.0,0.0,0.0,7,7240.0,7242.0,12,7240.0,7251.0,7252.0,7240.0,244.0,8839605.0,34809
2023-05-10 21:05:12,pp2310,pp2310,7242.0,0.0,0.0,0.0,4,7240.0,7242.0,12,7240.0,7251.0,7252.0,7240.0,244.0,8839605.0,34809
2023-05-10 21:05:13,pp2310,pp2310,7242.0,0.0,0.0,0.0,15,7239.0,7241.0,3,7240.0,7251.0,7252.0,7240.0,244.0,8839605.0,34809
2023-05-10 21:05:13,pp2310,pp2310,7242.0,0.0,0.0,0.0,5,7239.0,7240.0,4,7240.0,7251.0,7252.0,7240.0,244.0,8839605.0,34809
2023-05-10 21:05:14,pp2310,pp2310,7240.0,4.0,144800.0,0.0,8,7239.0,7241.0,6,7240.0,7251.0,7252.0,7240.0,248.0,8984405.0,34809
2023-05-10 21:05:14,pp2310,pp2310,7240.0,0.0,0.0,0.0,11,7239.0,7241.0,3,7240.0,7251.0,7252.0,7240.0,248.0,8984405.0,34809
2023-05-10 21:05:15,pp2310,pp2310,7240.0,0.0,0.0,0.0,11,7239.0,7241.0,2,7240.0,7251.0,7252.0,7240.0,248.0,8984405.0,34809
2023-05-10 21:05:15,pp2310,pp2310,7240.0,0.0,0.0,0.0,28,7239.0,7241.0,1,7240.0,7251.0,7252.0,7240.0,248.0,8984405.0,34809
2023-05-10 21:05:16,pp2310,pp2310,7240.0,0.0,0.0,0.0,47,7239.0,7242.0,15,7240.0,7251.0,7252.0,7240.0,248.0,8984405.0,34809
2023-05-10 21:05:16,pp2310,pp2310,7240.0,0.0,0.0,0.0,48,7239.0,7242.0,11,7240.0,7251.0,7252.0,7240.0,248.0,8984405.0,34809
2023-05-10 21:05:17,pp2310,pp2310,7240.0,0.0,0.0,0.0,47,7239.0,7242.0,11,7240.0,7251.0,7252.0,7240.0,248.0,8984405.0,34809
2023-05-10 21:05:17,pp2310,pp2310,7240.0,0.0,0.0,0.0,48,7239.0,7242.0,12,7240.0,7251.0,7252.0,7240.0,248.0,8984405.0,34809
2023-05-10 21:05:18,pp2310,pp2310,7240.0,0.0,0.0,0.0,3,7240.0,7242.0,12,7240.0,7251.0,7252.0,7240.0,248.0,8984405.0,34809
2023-05-10 21:05:18,pp2310,pp2310,7240.0,0.0,0.0,0.0,8,7240.0,7242.0,8,7240.0,7251.0,7252.0,7240.0,248.0,8984405.0,34809
2023-05-10 21:05:19,pp2310,pp2310,7240.0,0.0,0.0,0.0,5,7240.0,7242.0,11,7240.0,7251.0,7252.0,7240.0,248.0,8984405.0,34809
2023-05-10 21:05:19,pp2310,pp2310,7240.0,0.0,0.0,0.0,3,7240.0,7242.0,12,7240.0,7251.0,7252.0,7240.0,248.0,8984405.0,34809
2023-05-10 21:05:20,pp2310,pp2310,7240.0,0.0,0.0,0.0,2,7241.0,7242.0,5,7240.0,7251.0,7252.0,7240.0,248.0,8984405.0,34809
2023-05-10 21:05:20,pp2310,pp2310,7240.0,0.0,0.0,0.0,32,7240.0,7243.0,12,7240.0,7251.0,7252.0,7240.0,248.0,8984405.0,34809
2023-05-10 21:05:21,pp2310,pp2310,7240.0,0.0,0.0,0.0,50,7240.0,7243.0,12,7240.0,7251.0,7252.0,7240.0,248.0,8984405.0,34809
2023-05-10 21:05:22,pp2310,pp2310,7240.0,0.0,0.0,0.0,2,7241.0,7243.0,12,7240.0,7251.0,7252.0,7240.0,248.0,8984405.0,34809
2023-05-10 21:05:22,pp2310,pp2310,7240.0,0.0,0.0,0.0,6,7241.0,7243.0,12,7240.0,7251.0,7252.0,7240.0,248.0,8984405.0,34809
2023-05-10 21:05:23,pp2310,pp2310,7240.0,0.0,0.0,0.0,5,7241.0,7243.0,12,7240.0,7251.0,7252.0,7240.0,248.0,8984405.0,34809
2023-05-10 21:05:23,pp2310,pp2310,7240.0,0.0,0.0,0.0,3,7241.0,7243.0,12,7240.0,7251.0,7252.0,7240.0,248.0,8984405.0,34809
2023-05-10 21:05:24,pp2310,pp2310,7240.0,0.0,0.0,0.0,2,7241.0,7243.0,12,7240.0,7251.0,7252.0,7240.0,248.0,8984405.0,34809
2023-05-10 21:05:25,pp2310,pp2310,7240.0,0.0,0.0,0.0,5,7241.0,7243.0,9,7240.0,7251.0,7252.0,7240.0,248.0,8984405.0,34809
2023-05-10 21:05:26,pp2310,pp2310,7240.0,0.0,0.0,0.0,2,7241.0,7243.0,12,7240.0,7251.0,7252.0,7240.0,248.0,8984405.0,34809
2023-05-10 21:05:26,pp2310,pp2310,7240.0,0.0,0.0,0.0,15,7241.0,7243.0,6,7240.0,7251.0,7252.0,7240.0,248.0,8984405.0,34809
2023-05-10 21:05:27,pp2310,pp2310,7240.0,0.0,0.0,0.0,12,7241.0,7243.0,7,7240.0,7251.0,7252.0,7240.0,248.0,8984405.0,34809
2023-05-10 21:05:27,pp2310,pp2310,7240.0,0.0,0.0,0.0,13,7241.0,7243.0,7,7240.0,7251.0,7252.0,7240.0,248.0,8984405.0,34809
2023-05-10 21:05:28,pp2310,pp2310,7242.0,9.0,325930.0,6.0,9,7241.0,7243.0,1,7240.0,7251.0,7252.0,7240.0,257.0,9310335.0,34815
2023-05-10 21:05:29,pp2310,pp2310,7242.0,0.0,0.0,0.0,5,7241.0,7243.0,30,7240.0,7251.0,7252.0,7240.0,257.0,9310335.0,34815
2023-05-10 21:05:29,pp2310,pp2310,7242.0,0.0,0.0,0.0,2,7241.0,7243.0,32,7240.0,7251.0,7252.0,7240.0,257.0,9310335.0,34815
2023-05-10 21:05:30,pp2310,pp2310,7242.0,0.0,0.0,0.0,2,7241.0,7243.0,42,7240.0,7251.0,7252.0,7240.0,257.0,9310335.0,34815
2023-05-10 21:05:30,pp2310,pp2310,7242.0,0.0,0.0,0.0,15,7240.0,7243.0,44,7240.0,7251.0,7252.0,7240.0,257.0,9310335.0,34815
2023-05-10 21:05:31,pp2310,pp2310,7242.0,0.0,0.0,0.0,14,7240.0,7243.0,43,7240.0,7251.0,7252.0,7240.0,257.0,9310335.0,34815
2023-05-10 21:05:31,pp2310,pp2310,7242.0,0.0,0.0,0.0,15,7240.0,7243.0,45,7240.0,7251.0,7252.0,7240.0,257.0,9310335.0,34815
2023-05-10 21:05:32,pp2310,pp2310,7242.0,0.0,0.0,0.0,15,7240.0,7243.0,43,7240.0,7251.0,7252.0,7240.0,257.0,9310335.0,34815
2023-05-10 21:05:33,pp2310,pp2310,7242.0,0.0,0.0,0.0,9,7241.0,7243.0,29,7240.0,7251.0,7252.0,7240.0,257.0,9310335.0,34815
2023-05-10 21:05:33,pp2310,pp2310,7242.0,0.0,0.0,0.0,8,7241.0,7243.0,11,7240.0,7251.0,7252.0,7240.0,257.0,9310335.0,34815
2023-05-10 21:05:34,pp2310,pp2310,7242.0,0.0,0.0,0.0,14,7241.0,7243.0,5,7240.0,7251.0,7252.0,7240.0,257.0,9310335.0,34815
2023-05-10 21:05:34,pp2310,pp2310,7242.0,0.0,0.0,0.0,13,7241.0,7243.0,4,7240.0,7251.0,7252.0,7240.0,257.0,9310335.0,34815
2023-05-10 21:05:35,pp2310,pp2310,7242.0,0.0,0.0,0.0,2,7242.0,7243.0,1,7240.0,7251.0,7252.0,7240.0,257.0,9310335.0,34815
2023-05-10 21:05:35,pp2310,pp2310,7242.0,0.0,0.0,0.0,4,7242.0,7244.0,10,7240.0,7251.0,7252.0,7240.0,257.0,9310335.0,34815
2023-05-10 21:05:36,pp2310,pp2310,7242.0,0.0,0.0,0.0,5,7242.0,7244.0,11,7240.0,7251.0,7252.0,7240.0,257.0,9310335.0,34815
2023-05-10 21:05:38,pp2310,pp2310,7242.0,0.0,0.0,0.0,14,7241.0,7243.0,3,7240.0,7251.0,7252.0,7240.0,257.0,9310335.0,34815
2023-05-10 21:05:39,pp2310,pp2310,7242.0,0.0,0.0,0.0,13,7241.0,7243.0,3,7240.0,7251.0,7252.0,7240.0,257.0,9310335.0,34815
2023-05-10 21:05:41,pp2310,pp2310,7242.0,0.0,0.0,0.0,5,7242.0,7244.0,11,7240.0,7251.0,7252.0,7240.0,257.0,9310335.0,34815
2023-05-10 21:05:42,pp2310,pp2310,7242.0,0.0,0.0,0.0,9,7242.0,7244.0,22,7240.0,7251.0,7252.0,7240.0,257.0,9310335.0,34815
2023-05-10 21:05:42,pp2310,pp2310,7242.0,0.0,0.0,0.0,10,7242.0,7244.0,11,7240.0,7251.0,7252.0,7240.0,257.0,9310335.0,34815
2023-05-10 21:05:43,pp2310,pp2310,7242.0,0.0,0.0,0.0,13,7242.0,7244.0,8,7240.0,7251.0,7252.0,7240.0,257.0,9310335.0,34815
2023-05-10 21:05:43,pp2310,pp2310,7242.0,0.0,0.0,0.0,14,7242.0,7244.0,6,7240.0,7251.0,7252.0,7240.0,257.0,9310335.0,34815
2023-05-10 21:05:44,pp2310,pp2310,7242.0,0.0,0.0,0.0,11,7242.0,7244.0,10,7240.0,7251.0,7252.0,7240.0,257.0,9310335.0,34815
2023-05-10 21:05:45,pp2310,pp2310,7242.0,0.0,0.0,0.0,14,7242.0,7244.0,7,7240.0,7251.0,7252.0,7240.0,257.0,9310335.0,34815
2023-05-10 21:05:46,pp2310,pp2310,7242.0,0.0,0.0,0.0,14,7242.0,7244.0,6,7240.0,7251.0,7252.0,7240.0,257.0,9310335.0,34815
2023-05-10 21:05:46,pp2310,pp2310,7242.0,0.0,0.0,0.0,21,7242.0,7244.0,1,7240.0,7251.0,7252.0,7240.0,257.0,9310335.0,34815
2023-05-10 21:05:47,pp2310,pp2310,7242.0,0.0,0.0,0.0,3,7243.0,7245.0,24,7240.0,7251.0,7252.0,7240.0,257.0,9310335.0,34815
2023-05-10 21:05:47,pp2310,pp2310,7242.0,0.0,0.0,0.0,4,7243.0,7245.0,35,7240.0,7251.0,7252.0,7240.0,257.0,9310335.0,34815
2023-05-10 21:05:47,pp2310,pp2310,7242.0,1.0,36210.0,1.0,3,7243.0,7245.0,35,7240.0,7251.0,7252.0,7240.0,258.0,9346545.0,34816
2023-05-10 21:05:48,pp2310,pp2310,7242.0,0.0,0.0,0.0,18,7242.0,7244.0,2,7240.0,7251.0,7252.0,7240.0,258.0,9346545.0,34816
2023-05-10 21:05:49,pp2310,pp2310,7242.0,0.0,0.0,0.0,13,7242.0,7244.0,2,7240.0,7251.0,7252.0,7240.0,258.0,9346545.0,34816
2023-05-10 21:05:49,pp2310,pp2310,7242.0,0.0,0.0,0.0,13,7242.0,7245.0,15,7240.0,7251.0,7252.0,7240.0,258.0,9346545.0,34816
2023-05-10 21:05:50,pp2310,pp2310,7242.0,0.0,0.0,0.0,10,7242.0,7244.0,5,7240.0,7251.0,7252.0,7240.0,258.0,9346545.0,34816
2023-05-10 21:05:50,pp2310,pp2310,7242.0,0.0,0.0,0.0,10,7242.0,7244.0,6,7240.0,7251.0,7252.0,7240.0,258.0,9346545.0,34816
2023-05-10 21:05:51,pp2310,pp2310,7242.0,0.0,0.0,0.0,9,7242.0,7244.0,9,7240.0,7251.0,7252.0,7240.0,258.0,9346545.0,34816
2023-05-10 21:05:51,pp2310,pp2310,7242.0,0.0,0.0,0.0,8,7242.0,7244.0,10,7240.0,7251.0,7252.0,7240.0,258.0,9346545.0,34816
2023-05-10 21:05:52,pp2310,pp2310,7242.0,0.0,0.0,0.0,15,7241.0,7244.0,23,7240.0,7251.0,7252.0,7240.0,258.0,9346545.0,34816
2023-05-10 21:05:52,pp2310,pp2310,7242.0,0.0,0.0,0.0,11,7241.0,7244.0,35,7240.0,7251.0,7252.0,7240.0,258.0,9346545.0,34816
2023-05-10 21:05:53,pp2310,pp2310,7242.0,0.0,0.0,0.0,13,7241.0,7244.0,42,7240.0,7251.0,7252.0,7240.0,258.0,9346545.0,34816
2023-05-10 21:05:53,pp2310,pp2310,7242.0,0.0,0.0,0.0,7,7241.0,7243.0,6,7240.0,7251.0,7252.0,7240.0,258.0,9346545.0,34816
2023-05-10 21:05:54,pp2310,pp2310,7242.0,0.0,0.0,0.0,6,7241.0,7243.0,11,7240.0,7251.0,7252.0,7240.0,258.0,9346545.0,34816
2023-05-10 21:05:54,pp2310,pp2310,7241.0,4.0,144820.0,3.0,6,7240.0,7241.0,3,7240.0,7251.0,7252.0,7240.0,262.0,9491365.0,34819
2023-05-10 21:05:55,pp2310,pp2310,7241.0,0.0,0.0,0.0,11,7239.0,7241.0,2,7240.0,7251.0,7252.0,7240.0,262.0,9491365.0,34819
2023-05-10 21:05:55,pp2310,pp2310,7241.0,0.0,0.0,0.0,1,7240.0,7241.0,2,7240.0,7251.0,7252.0,7240.0,262.0,9491365.0,34819
2023-05-10 21:05:56,pp2310,pp2310,7241.0,2.0,72410.0,-1.0,2,7240.0,7242.0,21,7240.0,7251.0,7252.0,7240.0,264.0,9563775.0,34818
2023-05-10 21:05:56,pp2310,pp2310,7241.0,0.0,0.0,0.0,4,7240.0,7242.0,29,7240.0,7251.0,7252.0,7240.0,264.0,9563775.0,34818
2023-05-10 21:05:57,pp2310,pp2310,7241.0,0.0,0.0,0.0,14,7239.0,7241.0,2,7240.0,7251.0,7252.0,7240.0,264.0,9563775.0,34818
2023-05-10 21:05:57,pp2310,pp2310,7241.0,0.0,0.0,0.0,12,7239.0,7241.0,2,7240.0,7251.0,7252.0,7240.0,264.0,9563775.0,34818
2023-05-10 21:05:59,pp2310,pp2310,7241.0,0.0,0.0,0.0,4,7239.0,7241.0,9,7240.0,7251.0,7252.0,7240.0,264.0,9563775.0,34818
2023-05-10 21:06:00,pp2310,pp2310,7241.0,0.0,0.0,0.0,2,7240.0,7241.0,6,7240.0,7251.0,7252.0,7240.0,264.0,9563775.0,34818
2023-05-10 21:06:00,pp2310,pp2310,7241.0,0.0,0.0,0.0,12,7239.0,7241.0,2,7240.0,7251.0,7252.0,7240.0,264.0,9563775.0,34818
2023-05-10 21:06:01,pp2310,pp2310,7241.0,0.0,0.0,0.0,12,7239.0,7241.0,1,7240.0,7251.0,7252.0,7240.0,264.0,9563775.0,34818
2023-05-10 21:06:02,pp2310,pp2310,7241.0,0.0,0.0,0.0,3,7240.0,7242.0,36,7240.0,7251.0,7252.0,7240.0,264.0,9563775.0,34818
2023-05-10 21:06:03,pp2310,pp2310,7241.0,0.0,0.0,0.0,5,7240.0,7242.0,37,7240.0,7251.0,7252.0,7240.0,264.0,9563775.0,34818
2023-05-10 21:06:03,pp2310,pp2310,7242.0,1.0,36210.0,-1.0,4,7241.0,7242.0,28,7240.0,7251.0,7252.0,7240.0,265.0,9599985.0,34817
2023-05-10 21:06:04,pp2310,pp2310,7242.0,0.0,0.0,0.0,3,7241.0,7243.0,12,7240.0,7251.0,7252.0,7240.0,265.0,9599985.0,34817
2023-05-10 21:06:04,pp2310,pp2310,7242.0,0.0,0.0,0.0,11,7241.0,7243.0,5,7240.0,7251.0,7252.0,7240.0,265.0,9599985.0,34817
2023-05-10 21:06:05,pp2310,pp2310,7242.0,0.0,0.0,0.0,15,7241.0,7243.0,2,7240.0,7251.0,7252.0,7240.0,265.0,9599985.0,34817
2023-05-10 21:06:05,pp2310,pp2310,7242.0,0.0,0.0,0.0,2,7242.0,7244.0,23,7240.0,7251.0,7252.0,7240.0,265.0,9599985.0,34817
2023-05-10 21:06:06,pp2310,pp2310,7242.0,0.0,0.0,0.0,3,7242.0,7244.0,30,7240.0,7251.0,7252.0,7240.0,265.0,9599985.0,34817
2023-05-10 21:06:06,pp2310,pp2310,7242.0,0.0,0.0,0.0,28,7242.0,7244.0,25,7240.0,7251.0,7252.0,7240.0,265.0,9599985.0,34817
2023-05-10 21:06:07,pp2310,pp2310,7242.0,0.0,0.0,0.0,16,7242.0,7244.0,5,7240.0,7251.0,7252.0,7240.0,265.0,9599985.0,34817
2023-05-10 21:06:07,pp2310,pp2310,7242.0,0.0,0.0,0.0,19,7242.0,7244.0,2,7240.0,7251.0,7252.0,7240.0,265.0,9599985.0,34817
2023-05-10 21:06:08,pp2310,pp2310,7242.0,0.0,0.0,0.0,12,7242.0,7244.0,9,7240.0,7251.0,7252.0,7240.0,265.0,9599985.0,34817
2023-05-10 21:06:08,pp2310,pp2310,7242.0,0.0,0.0,0.0,2,7243.0,7244.0,1,7240.0,7251.0,7252.0,7240.0,265.0,9599985.0,34817
2023-05-10 21:06:09,pp2310,pp2310,7242.0,0.0,0.0,0.0,16,7242.0,7244.0,4,7240.0,7251.0,7252.0,7240.0,265.0,9599985.0,34817
2023-05-10 21:06:09,pp2310,pp2310,7242.0,0.0,0.0,0.0,2,7243.0,7244.0,1,7240.0,7251.0,7252.0,7240.0,265.0,9599985.0,34817
2023-05-10 21:06:10,pp2310,pp2310,7244.0,1.0,36220.0,0.0,1,7244.0,7245.0,12,7240.0,7251.0,7252.0,7240.0,266.0,9636205.0,34817
2023-05-10 21:06:10,pp2310,pp2310,7245.0,4.0,144900.0,1.0,1,7245.0,7246.0,19,7240.0,7251.0,7252.0,7240.0,270.0,9781105.0,34818
2023-05-10 21:06:11,pp2310,pp2310,7245.0,0.0,0.0,0.0,1,7245.0,7246.0,9,7240.0,7251.0,7252.0,7240.0,270.0,9781105.0,34818
2023-05-10 21:06:11,pp2310,pp2310,7245.0,0.0,0.0,0.0,1,7245.0,7246.0,10,7240.0,7251.0,7252.0,7240.0,270.0,9781105.0,34818
2023-05-10 21:06:12,pp2310,pp2310,7245.0,1.0,36225.0,0.0,5,7244.0,7246.0,11,7240.0,7251.0,7252.0,7240.0,271.0,9817330.0,34818
2023-05-10 21:06:12,pp2310,pp2310,7245.0,0.0,0.0,0.0,1,7244.0,7245.0,2,7240.0,7251.0,7252.0,7240.0,271.0,9817330.0,34818
2023-05-10 21:06:14,pp2310,pp2310,7245.0,0.0,0.0,0.0,4,7244.0,7246.0,12,7240.0,7251.0,7252.0,7240.0,271.0,9817330.0,34818
2023-05-10 21:06:14,pp2310,pp2310,7245.0,0.0,0.0,0.0,4,7244.0,7246.0,11,7240.0,7251.0,7252.0,7240.0,271.0,9817330.0,34818
2023-05-10 21:06:15,pp2310,pp2310,7245.0,0.0,0.0,0.0,2,7244.0,7245.0,2,7240.0,7251.0,7252.0,7240.0,271.0,9817330.0,34818
2023-05-10 21:06:15,pp2310,pp2310,7245.0,0.0,0.0,0.0,1,7244.0,7245.0,2,7240.0,7251.0,7252.0,7240.0,271.0,9817330.0,34818
2023-05-10 21:06:16,pp2310,pp2310,7245.0,0.0,0.0,0.0,3,7244.0,7246.0,13,7240.0,7251.0,7252.0,7240.0,271.0,9817330.0,34818
2023-05-10 21:06:17,pp2310,pp2310,7245.0,0.0,0.0,0.0,1,7244.0,7245.0,2,7240.0,7251.0,7252.0,7240.0,271.0,9817330.0,34818
2023-05-10 21:06:19,pp2310,pp2310,7244.0,1.0,36220.0,-1.0,12,7243.0,7245.0,2,7240.0,7251.0,7252.0,7240.0,272.0,9853550.0,34817
2023-05-10 21:06:19,pp2310,pp2310,7244.0,0.0,0.0,0.0,2,7243.0,7245.0,26,7240.0,7251.0,7252.0,7240.0,272.0,9853550.0,34817
2023-05-10 21:06:20,pp2310,pp2310,7244.0,0.0,0.0,0.0,15,7242.0,7245.0,27,7240.0,7251.0,7252.0,7240.0,272.0,9853550.0,34817
2023-05-10 21:06:20,pp2310,pp2310,7244.0,0.0,0.0,0.0,12,7242.0,7244.0,1,7240.0,7251.0,7252.0,7240.0,272.0,9853550.0,34817
2023-05-10 21:06:22,pp2310,pp2310,7244.0,0.0,0.0,0.0,2,7243.0,7245.0,36,7240.0,7251.0,7252.0,7240.0,272.0,9853550.0,34817
2023-05-10 21:06:22,pp2310,pp2310,7244.0,0.0,0.0,0.0,2,7243.0,7245.0,35,7240.0,7251.0,7252.0,7240.0,272.0,9853550.0,34817
2023-05-10 21:06:23,pp2310,pp2310,7244.0,0.0,0.0,0.0,3,7243.0,7245.0,11,7240.0,7251.0,7252.0,7240.0,272.0,9853550.0,34817
2023-05-10 21:06:23,pp2310,pp2310,7244.0,0.0,0.0,0.0,3,7243.0,7245.0,10,7240.0,7251.0,7252.0,7240.0,272.0,9853550.0,34817
2023-05-10 21:06:24,pp2310,pp2310,7244.0,0.0,0.0,0.0,20,7242.0,7245.0,12,7240.0,7251.0,7252.0,7240.0,272.0,9853550.0,34817
2023-05-10 21:06:24,pp2310,pp2310,7244.0,0.0,0.0,0.0,13,7242.0,7244.0,2,7240.0,7251.0,7252.0,7240.0,272.0,9853550.0,34817
2023-05-10 21:06:26,pp2310,pp2310,7244.0,0.0,0.0,0.0,13,7242.0,7245.0,25,7240.0,7251.0,7252.0,7240.0,272.0,9853550.0,34817
2023-05-10 21:06:26,pp2310,pp2310,7244.0,0.0,0.0,0.0,5,7242.0,7244.0,16,7240.0,7251.0,7252.0,7240.0,272.0,9853550.0,34817
2023-05-10 21:06:27,pp2310,pp2310,7244.0,0.0,0.0,0.0,4,7242.0,7244.0,22,7240.0,7251.0,7252.0,7240.0,272.0,9853550.0,34817
2023-05-10 21:06:27,pp2310,pp2310,7244.0,0.0,0.0,0.0,4,7242.0,7244.0,9,7240.0,7251.0,7252.0,7240.0,272.0,9853550.0,34817
2023-05-10 21:06:28,pp2310,pp2310,7244.0,0.0,0.0,0.0,15,7241.0,7243.0,2,7240.0,7251.0,7252.0,7240.0,272.0,9853550.0,34817
2023-05-10 21:06:28,pp2310,pp2310,7244.0,0.0,0.0,0.0,12,7241.0,7243.0,2,7240.0,7251.0,7252.0,7240.0,272.0,9853550.0,34817
2023-05-10 21:06:29,pp2310,pp2310,7244.0,0.0,0.0,0.0,12,7241.0,7244.0,22,7240.0,7251.0,7252.0,7240.0,272.0,9853550.0,34817
2023-05-10 21:06:29,pp2310,pp2310,7244.0,0.0,0.0,0.0,12,7241.0,7244.0,38,7240.0,7251.0,7252.0,7240.0,272.0,9853550.0,34817
2023-05-10 21:06:31,pp2310,pp2310,7244.0,0.0,0.0,0.0,5,7241.0,7243.0,6,7240.0,7251.0,7252.0,7240.0,272.0,9853550.0,34817
2023-05-10 21:06:31,pp2310,pp2310,7241.0,3.0,108615.0,2.0,7,7240.0,7241.0,3,7240.0,7251.0,7252.0,7240.0,275.0,9962165.0,34819
2023-05-10 21:06:32,pp2310,pp2310,7241.0,0.0,0.0,0.0,1,7240.0,7241.0,1,7240.0,7251.0,7252.0,7240.0,275.0,9962165.0,34819
2023-05-10 21:06:32,pp2310,pp2310,7241.0,0.0,0.0,0.0,12,7239.0,7241.0,1,7240.0,7251.0,7252.0,7240.0,275.0,9962165.0,34819
2023-05-10 21:06:33,pp2310,pp2310,7241.0,0.0,0.0,0.0,2,7240.0,7241.0,1,7240.0,7251.0,7252.0,7240.0,275.0,9962165.0,34819
2023-05-10 21:06:34,pp2310,pp2310,7241.0,0.0,0.0,0.0,2,7240.0,7241.0,2,7240.0,7251.0,7252.0,7240.0,275.0,9962165.0,34819
2023-05-10 21:06:35,pp2310,pp2310,7240.0,2.0,72400.0,2.0,11,7239.0,7241.0,3,7240.0,7251.0,7252.0,7240.0,277.0,10034565.0,34821
2023-05-10 21:06:35,pp2310,pp2310,7240.0,0.0,0.0,0.0,2,7239.0,7240.0,1,7240.0,7251.0,7252.0,7240.0,277.0,10034565.0,34821
2023-05-10 21:06:36,pp2310,pp2310,7240.0,0.0,0.0,0.0,12,7238.0,7240.0,1,7240.0,7251.0,7252.0,7240.0,277.0,10034565.0,34821
2023-05-10 21:06:36,pp2310,pp2310,7240.0,0.0,0.0,0.0,2,7239.0,7240.0,1,7240.0,7251.0,7252.0,7240.0,277.0,10034565.0,34821
2023-05-10 21:06:37,pp2310,pp2310,7239.0,2.0,72390.0,0.0,7,7238.0,7239.0,2,7240.0,7251.0,7252.0,7239.0,279.0,10106955.0,34821
2023-05-10 21:06:37,pp2310,pp2310,7239.0,0.0,0.0,0.0,3,7238.0,7239.0,1,7240.0,7251.0,7252.0,7239.0,279.0,10106955.0,34821
2023-05-10 21:06:38,pp2310,pp2310,7239.0,0.0,0.0,0.0,2,7238.0,7239.0,1,7240.0,7251.0,7252.0,7239.0,279.0,10106955.0,34821
2023-05-10 21:06:41,pp2310,pp2310,7239.0,1.0,36195.0,-1.0,6,7238.0,7240.0,6,7240.0,7251.0,7252.0,7239.0,280.0,10143150.0,34820
2023-05-10 21:06:42,pp2310,pp2310,7239.0,0.0,0.0,0.0,5,7238.0,7240.0,22,7240.0,7251.0,7252.0,7239.0,280.0,10143150.0,34820
2023-05-10 21:06:42,pp2310,pp2310,7239.0,1.0,36195.0,-1.0,8,7238.0,7240.0,8,7240.0,7251.0,7252.0,7239.0,281.0,10179345.0,34819
2023-05-10 21:06:43,pp2310,pp2310,7239.0,0.0,0.0,0.0,12,7238.0,7240.0,7,7240.0,7251.0,7252.0,7239.0,281.0,10179345.0,34819
2023-05-10 21:06:45,pp2310,pp2310,7239.0,0.0,0.0,0.0,13,7238.0,7240.0,5,7240.0,7251.0,7252.0,7239.0,281.0,10179345.0,34819
2023-05-10 21:06:46,pp2310,pp2310,7239.0,0.0,0.0,0.0,13,7238.0,7240.0,4,7240.0,7251.0,7252.0,7239.0,281.0,10179345.0,34819
2023-05-10 21:06:48,pp2310,pp2310,7240.0,4.0,144800.0,-1.0,3,7240.0,7241.0,5,7240.0,7251.0,7252.0,7239.0,285.0,10324145.0,34818
2023-05-10 21:06:49,pp2310,pp2310,7241.0,2.0,72410.0,0.0,3,7241.0,7242.0,6,7240.0,7251.0,7252.0,7239.0,287.0,10396555.0,34818
2023-05-10 21:06:49,pp2310,pp2310,7241.0,0.0,0.0,0.0,1,7241.0,7242.0,2,7240.0,7251.0,7252.0,7239.0,287.0,10396555.0,34818
2023-05-10 21:06:50,pp2310,pp2310,7241.0,0.0,0.0,0.0,1,7241.0,7242.0,10,7240.0,7251.0,7252.0,7239.0,287.0,10396555.0,34818
2023-05-10 21:06:51,pp2310,pp2310,7241.0,0.0,0.0,0.0,1,7241.0,7242.0,13,7240.0,7251.0,7252.0,7239.0,287.0,10396555.0,34818
2023-05-10 21:06:51,pp2310,pp2310,7241.0,0.0,0.0,0.0,1,7241.0,7242.0,30,7240.0,7251.0,7252.0,7239.0,287.0,10396555.0,34818
2023-05-10 21:06:52,pp2310,pp2310,7241.0,0.0,0.0,0.0,1,7241.0,7242.0,11,7240.0,7251.0,7252.0,7239.0,287.0,10396555.0,34818
2023-05-10 21:06:53,pp2310,pp2310,7241.0,1.0,36205.0,1.0,10,7240.0,7242.0,23,7240.0,7251.0,7252.0,7239.0,288.0,10432760.0,34819
2023-05-10 21:06:53,pp2310,pp2310,7241.0,0.0,0.0,0.0,9,7240.0,7242.0,36,7240.0,7251.0,7252.0,7239.0,288.0,10432760.0,34819
2023-05-10 21:06:54,pp2310,pp2310,7241.0,0.0,0.0,0.0,8,7240.0,7242.0,36,7240.0,7251.0,7252.0,7239.0,288.0,10432760.0,34819
2023-05-10 21:06:54,pp2310,pp2310,7241.0,0.0,0.0,0.0,6,7240.0,7242.0,36,7240.0,7251.0,7252.0,7239.0,288.0,10432760.0,34819
2023-05-10 21:06:55,pp2310,pp2310,7241.0,0.0,0.0,0.0,4,7240.0,7242.0,36,7240.0,7251.0,7252.0,7239.0,288.0,10432760.0,34819
2023-05-10 21:06:57,pp2310,pp2310,7241.0,0.0,0.0,0.0,8,7240.0,7242.0,6,7240.0,7251.0,7252.0,7239.0,288.0,10432760.0,34819
2023-05-10 21:06:58,pp2310,pp2310,7241.0,0.0,0.0,0.0,15,7240.0,7242.0,4,7240.0,7251.0,7252.0,7239.0,288.0,10432760.0,34819
2023-05-10 21:06:58,pp2310,pp2310,7241.0,0.0,0.0,0.0,8,7240.0,7241.0,2,7240.0,7251.0,7252.0,7239.0,288.0,10432760.0,34819
2023-05-10 21:06:59,pp2310,pp2310,7241.0,0.0,0.0,0.0,10,7240.0,7242.0,8,7240.0,7251.0,7252.0,7239.0,288.0,10432760.0,34819
2023-05-10 21:06:59,pp2310,pp2310,7241.0,0.0,0.0,0.0,15,7240.0,7242.0,5,7240.0,7251.0,7252.0,7239.0,288.0,10432760.0,34819
2023-05-10 21:07:00,pp2310,pp2310,7241.0,0.0,0.0,0.0,11,7240.0,7242.0,19,7240.0,7251.0,7252.0,7239.0,288.0,10432760.0,34819
2023-05-10 21:07:00,pp2310,pp2310,7241.0,0.0,0.0,0.0,6,7240.0,7242.0,36,7240.0,7251.0,7252.0,7239.0,288.0,10432760.0,34819
2023-05-10 21:07:01,pp2310,pp2310,7241.0,0.0,0.0,0.0,9,7240.0,7242.0,21,7240.0,7251.0,7252.0,7239.0,288.0,10432760.0,34819
2023-05-10 21:07:01,pp2310,pp2310,7241.0,0.0,0.0,0.0,8,7240.0,7242.0,36,7240.0,7251.0,7252.0,7239.0,288.0,10432760.0,34819
2023-05-10 21:07:03,pp2310,pp2310,7241.0,0.0,0.0,0.0,14,7240.0,7242.0,3,7240.0,7251.0,7252.0,7239.0,288.0,10432760.0,34819
2023-05-10 21:07:03,pp2310,pp2310,7241.0,0.0,0.0,0.0,24,7240.0,7242.0,1,7240.0,7251.0,7252.0,7239.0,288.0,10432760.0,34819
2023-05-10 21:07:04,pp2310,pp2310,7242.0,2.0,72420.0,0.0,27,7240.0,7243.0,15,7240.0,7251.0,7252.0,7239.0,290.0,10505180.0,34819
2023-05-10 21:07:04,pp2310,pp2310,7242.0,0.0,0.0,0.0,15,7241.0,7243.0,4,7240.0,7251.0,7252.0,7239.0,290.0,10505180.0,34819
2023-05-10 21:07:05,pp2310,pp2310,7242.0,0.0,0.0,0.0,17,7241.0,7243.0,1,7240.0,7251.0,7252.0,7239.0,290.0,10505180.0,34819
2023-05-10 21:07:05,pp2310,pp2310,7242.0,0.0,0.0,0.0,17,7241.0,7244.0,25,7240.0,7251.0,7252.0,7239.0,290.0,10505180.0,34819
2023-05-10 21:07:06,pp2310,pp2310,7242.0,0.0,0.0,0.0,17,7241.0,7244.0,37,7240.0,7251.0,7252.0,7239.0,290.0,10505180.0,34819
2023-05-10 21:07:09,pp2310,pp2310,7242.0,0.0,0.0,0.0,15,7242.0,7244.0,8,7240.0,7251.0,7252.0,7239.0,290.0,10505180.0,34819
2023-05-10 21:07:10,pp2310,pp2310,7242.0,0.0,0.0,0.0,15,7242.0,7244.0,7,7240.0,7251.0,7252.0,7239.0,290.0,10505180.0,34819
2023-05-10 21:07:10,pp2310,pp2310,7242.0,0.0,0.0,0.0,17,7242.0,7244.0,3,7240.0,7251.0,7252.0,7239.0,290.0,10505180.0,34819
2023-05-10 21:07:12,pp2310,pp2310,7242.0,0.0,0.0,0.0,16,7242.0,7244.0,2,7240.0,7251.0,7252.0,7239.0,290.0,10505180.0,34819
2023-05-10 21:07:13,pp2310,pp2310,7242.0,0.0,0.0,0.0,16,7242.0,7245.0,15,7240.0,7251.0,7252.0,7239.0,290.0,10505180.0,34819
2023-05-10 21:07:14,pp2310,pp2310,7242.0,0.0,0.0,0.0,18,7242.0,7245.0,32,7240.0,7251.0,7252.0,7239.0,290.0,10505180.0,34819
2023-05-10 21:07:14,pp2310,pp2310,7242.0,0.0,0.0,0.0,17,7242.0,7245.0,38,7240.0,7251.0,7252.0,7239.0,290.0,10505180.0,34819
2023-05-10 21:07:15,pp2310,pp2310,7242.0,0.0,0.0,0.0,17,7242.0,7245.0,37,7240.0,7251.0,7252.0,7239.0,290.0,10505180.0,34819
2023-05-10 21:07:15,pp2310,pp2310,7242.0,0.0,0.0,0.0,10,7243.0,7245.0,11,7240.0,7251.0,7252.0,7239.0,290.0,10505180.0,34819
2023-05-10 21:07:16,pp2310,pp2310,7242.0,0.0,0.0,0.0,11,7243.0,7245.0,10,7240.0,7251.0,7252.0,7239.0,290.0,10505180.0,34819
2023-05-10 21:07:16,pp2310,pp2310,7242.0,0.0,0.0,0.0,2,7243.0,7245.0,34,7240.0,7251.0,7252.0,7239.0,290.0,10505180.0,34819
2023-05-10 21:07:17,pp2310,pp2310,7242.0,0.0,0.0,0.0,16,7242.0,7245.0,38,7240.0,7251.0,7252.0,7239.0,290.0,10505180.0,34819
2023-05-10 21:07:17,pp2310,pp2310,7242.0,0.0,0.0,0.0,15,7242.0,7245.0,37,7240.0,7251.0,7252.0,7239.0,290.0,10505180.0,34819
2023-05-10 21:07:18,pp2310,pp2310,7242.0,0.0,0.0,0.0,15,7242.0,7244.0,1,7240.0,7251.0,7252.0,7239.0,290.0,10505180.0,34819
2023-05-10 21:07:18,pp2310,pp2310,7242.0,0.0,0.0,0.0,14,7242.0,7244.0,1,7240.0,7251.0,7252.0,7239.0,290.0,10505180.0,34819
2023-05-10 21:07:20,pp2310,pp2310,7242.0,0.0,0.0,0.0,16,7242.0,7245.0,37,7240.0,7251.0,7252.0,7239.0,290.0,10505180.0,34819
2023-05-10 21:07:20,pp2310,pp2310,7242.0,0.0,0.0,0.0,2,7243.0,7245.0,37,7240.0,7251.0,7252.0,7239.0,290.0,10505180.0,34819
2023-05-10 21:07:20,pp2310,pp2310,7242.0,0.0,0.0,0.0,2,7243.0,7245.0,36,7240.0,7251.0,7252.0,7239.0,290.0,10505180.0,34819
2023-05-10 21:07:21,pp2310,pp2310,7242.0,0.0,0.0,0.0,16,7242.0,7245.0,36,7240.0,7251.0,7252.0,7239.0,290.0,10505180.0,34819
2023-05-10 21:07:22,pp2310,pp2310,7242.0,0.0,0.0,0.0,15,7242.0,7245.0,39,7240.0,7251.0,7252.0,7239.0,290.0,10505180.0,34819
2023-05-10 21:07:22,pp2310,pp2310,7242.0,0.0,0.0,0.0,6,7243.0,7245.0,13,7240.0,7251.0,7252.0,7239.0,290.0,10505180.0,34819
2023-05-10 21:07:23,pp2310,pp2310,7242.0,0.0,0.0,0.0,16,7242.0,7245.0,24,7240.0,7251.0,7252.0,7239.0,290.0,10505180.0,34819
2023-05-10 21:07:23,pp2310,pp2310,7242.0,0.0,0.0,0.0,14,7242.0,7245.0,38,7240.0,7251.0,7252.0,7239.0,290.0,10505180.0,34819
2023-05-10 21:07:24,pp2310,pp2310,7242.0,0.0,0.0,0.0,15,7242.0,7245.0,38,7240.0,7251.0,7252.0,7239.0,290.0,10505180.0,34819
2023-05-10 21:07:25,pp2310,pp2310,7242.0,0.0,0.0,0.0,22,7242.0,7245.0,38,7240.0,7251.0,7252.0,7239.0,290.0,10505180.0,34819
2023-05-10 21:07:34,pp2310,pp2310,7242.0,0.0,0.0,0.0,10,7243.0,7245.0,11,7240.0,7251.0,7252.0,7239.0,290.0,10505180.0,34819
2023-05-10 21:07:34,pp2310,pp2310,7242.0,0.0,0.0,0.0,11,7243.0,7245.0,11,7240.0,7251.0,7252.0,7239.0,290.0,10505180.0,34819
2023-05-10 21:07:35,pp2310,pp2310,7242.0,0.0,0.0,0.0,12,7243.0,7245.0,10,7240.0,7251.0,7252.0,7239.0,290.0,10505180.0,34819
2023-05-10 21:07:35,pp2310,pp2310,7242.0,0.0,0.0,0.0,13,7243.0,7245.0,10,7240.0,7251.0,7252.0,7239.0,290.0,10505180.0,34819
2023-05-10 21:07:36,pp2310,pp2310,7242.0,0.0,0.0,0.0,6,7243.0,7244.0,2,7240.0,7251.0,7252.0,7239.0,290.0,10505180.0,34819
2023-05-10 21:07:37,pp2310,pp2310,7242.0,0.0,0.0,0.0,25,7242.0,7245.0,15,7240.0,7251.0,7252.0,7239.0,290.0,10505180.0,34819
2023-05-10 21:07:37,pp2310,pp2310,7242.0,0.0,0.0,0.0,16,7242.0,7245.0,32,7240.0,7251.0,7252.0,7239.0,290.0,10505180.0,34819
2023-05-10 21:07:38,pp2310,pp2310,7242.0,0.0,0.0,0.0,22,7242.0,7245.0,13,7240.0,7251.0,7252.0,7239.0,290.0,10505180.0,34819
2023-05-10 21:07:38,pp2310,pp2310,7242.0,0.0,0.0,0.0,2,7243.0,7245.0,23,7240.0,7251.0,7252.0,7239.0,290.0,10505180.0,34819
2023-05-10 21:07:39,pp2310,pp2310,7242.0,0.0,0.0,0.0,17,7242.0,7245.0,35,7240.0,7251.0,7252.0,7239.0,290.0,10505180.0,34819
2023-05-10 21:07:39,pp2310,pp2310,7242.0,0.0,0.0,0.0,2,7243.0,7244.0,3,7240.0,7251.0,7252.0,7239.0,290.0,10505180.0,34819
2023-05-10 21:07:40,pp2310,pp2310,7242.0,0.0,0.0,0.0,16,7242.0,7244.0,2,7240.0,7251.0,7252.0,7239.0,290.0,10505180.0,34819
2023-05-10 21:07:40,pp2310,pp2310,7242.0,0.0,0.0,0.0,6,7243.0,7245.0,12,7240.0,7251.0,7252.0,7239.0,290.0,10505180.0,34819
2023-05-10 21:07:41,pp2310,pp2310,7242.0,0.0,0.0,0.0,18,7242.0,7245.0,31,7240.0,7251.0,7252.0,7239.0,290.0,10505180.0,34819
2023-05-10 21:07:41,pp2310,pp2310,7242.0,0.0,0.0,0.0,16,7242.0,7245.0,36,7240.0,7251.0,7252.0,7239.0,290.0,10505180.0,34819
2023-05-10 21:07:46,pp2310,pp2310,7242.0,0.0,0.0,0.0,6,7243.0,7245.0,24,7240.0,7251.0,7252.0,7239.0,290.0,10505180.0,34819
2023-05-10 21:07:46,pp2310,pp2310,7242.0,0.0,0.0,0.0,3,7243.0,7245.0,35,7240.0,7251.0,7252.0,7239.0,290.0,10505180.0,34819
2023-05-10 21:07:50,pp2310,pp2310,7242.0,0.0,0.0,0.0,7,7243.0,7245.0,22,7240.0,7251.0,7252.0,7239.0,290.0,10505180.0,34819
2023-05-10 21:07:50,pp2310,pp2310,7242.0,0.0,0.0,0.0,7,7243.0,7245.0,23,7240.0,7251.0,7252.0,7239.0,290.0,10505180.0,34819
2023-05-10 21:07:51,pp2310,pp2310,7242.0,0.0,0.0,0.0,3,7243.0,7245.0,35,7240.0,7251.0,7252.0,7239.0,290.0,10505180.0,34819
2023-05-10 21:07:51,pp2310,pp2310,7242.0,0.0,0.0,0.0,2,7243.0,7245.0,35,7240.0,7251.0,7252.0,7239.0,290.0,10505180.0,34819
2023-05-10 21:07:52,pp2310,pp2310,7242.0,0.0,0.0,0.0,11,7242.0,7244.0,9,7240.0,7251.0,7252.0,7239.0,290.0,10505180.0,34819
2023-05-10 21:07:52,pp2310,pp2310,7242.0,0.0,0.0,0.0,15,7242.0,7244.0,1,7240.0,7251.0,7252.0,7239.0,290.0,10505180.0,34819
2023-05-10 21:07:53,pp2310,pp2310,7242.0,0.0,0.0,0.0,15,7242.0,7245.0,36,7240.0,7251.0,7252.0,7239.0,290.0,10505180.0,34819
2023-05-10 21:07:55,pp2310,pp2310,7242.0,0.0,0.0,0.0,7,7242.0,7243.0,1,7240.0,7251.0,7252.0,7239.0,290.0,10505180.0,34819
2023-05-10 21:07:55,pp2310,pp2310,7242.0,0.0,0.0,0.0,17,7241.0,7243.0,1,7240.0,7251.0,7252.0,7239.0,290.0,10505180.0,34819
2023-05-10 21:07:56,pp2310,pp2310,7242.0,0.0,0.0,0.0,4,7242.0,7244.0,24,7240.0,7251.0,7252.0,7239.0,290.0,10505180.0,34819
2023-05-10 21:07:56,pp2310,pp2310,7242.0,0.0,0.0,0.0,4,7242.0,7244.0,35,7240.0,7251.0,7252.0,7239.0,290.0,10505180.0,34819
2023-05-10 21:07:59,pp2310,pp2310,7242.0,0.0,0.0,0.0,2,7242.0,7243.0,1,7240.0,7251.0,7252.0,7239.0,290.0,10505180.0,34819
2023-05-10 21:08:00,pp2310,pp2310,7243.0,1.0,36215.0,1.0,8,7242.0,7244.0,8,7240.0,7251.0,7252.0,7239.0,291.0,10541395.0,34820
2023-05-10 21:08:00,pp2310,pp2310,7243.0,0.0,0.0,0.0,6,7242.0,7244.0,29,7240.0,7251.0,7252.0,7239.0,291.0,10541395.0,34820
2023-05-10 21:08:01,pp2310,pp2310,7243.0,0.0,0.0,0.0,8,7242.0,7244.0,9,7240.0,7251.0,7252.0,7239.0,291.0,10541395.0,34820
2023-05-10 21:08:01,pp2310,pp2310,7243.0,0.0,0.0,0.0,7,7242.0,7243.0,1,7240.0,7251.0,7252.0,7239.0,291.0,10541395.0,34820
2023-05-10 21:08:02,pp2310,pp2310,7243.0,0.0,0.0,0.0,1,7242.0,7243.0,1,7240.0,7251.0,7252.0,7239.0,291.0,10541395.0,34820
2023-05-10 21:08:02,pp2310,pp2310,7243.0,0.0,0.0,0.0,16,7241.0,7244.0,24,7240.0,7251.0,7252.0,7239.0,291.0,10541395.0,34820
2023-05-10 21:08:03,pp2310,pp2310,7243.0,0.0,0.0,0.0,15,7242.0,7244.0,6,7240.0,7251.0,7252.0,7239.0,291.0,10541395.0,34820
2023-05-10 21:08:03,pp2310,pp2310,7243.0,0.0,0.0,0.0,16,7242.0,7244.0,2,7240.0,7251.0,7252.0,7239.0,291.0,10541395.0,34820
2023-05-10 21:08:05,pp2310,pp2310,7243.0,0.0,0.0,0.0,17,7242.0,7245.0,14,7240.0,7251.0,7252.0,7239.0,291.0,10541395.0,34820
2023-05-10 21:08:05,pp2310,pp2310,7243.0,0.0,0.0,0.0,3,7243.0,7245.0,28,7240.0,7251.0,7252.0,7239.0,291.0,10541395.0,34820
2023-05-10 21:08:06,pp2310,pp2310,7243.0,0.0,0.0,0.0,15,7243.0,7245.0,6,7240.0,7251.0,7252.0,7239.0,291.0,10541395.0,34820
2023-05-10 21:08:06,pp2310,pp2310,7243.0,0.0,0.0,0.0,16,7243.0,7245.0,4,7240.0,7251.0,7252.0,7239.0,291.0,10541395.0,34820
2023-05-10 21:08:08,pp2310,pp2310,7243.0,0.0,0.0,0.0,3,7244.0,7245.0,1,7240.0,7251.0,7252.0,7239.0,291.0,10541395.0,34820
2023-05-10 21:08:08,pp2310,pp2310,7243.0,0.0,0.0,0.0,10,7244.0,7246.0,9,7240.0,7251.0,7252.0,7239.0,291.0,10541395.0,34820
2023-05-10 21:08:09,pp2310,pp2310,7243.0,0.0,0.0,0.0,6,7244.0,7246.0,28,7240.0,7251.0,7252.0,7239.0,291.0,10541395.0,34820
2023-05-10 21:08:09,pp2310,pp2310,7243.0,0.0,0.0,0.0,8,7244.0,7246.0,12,7240.0,7251.0,7252.0,7239.0,291.0,10541395.0,34820
2023-05-10 21:08:10,pp2310,pp2310,7243.0,0.0,0.0,0.0,3,7244.0,7246.0,30,7240.0,7251.0,7252.0,7239.0,291.0,10541395.0,34820
2023-05-10 21:08:10,pp2310,pp2310,7243.0,0.0,0.0,0.0,2,7244.0,7246.0,34,7240.0,7251.0,7252.0,7239.0,291.0,10541395.0,34820
2023-05-10 21:08:12,pp2310,pp2310,7243.0,0.0,0.0,0.0,2,7244.0,7245.0,1,7240.0,7251.0,7252.0,7239.0,291.0,10541395.0,34820
2023-05-10 21:08:13,pp2310,pp2310,7244.0,2.0,72440.0,-2.0,3,7243.0,7245.0,16,7240.0,7251.0,7252.0,7239.0,293.0,10613835.0,34818
2023-05-10 21:08:13,pp2310,pp2310,7244.0,0.0,0.0,0.0,14,7242.0,7245.0,32,7240.0,7251.0,7252.0,7239.0,293.0,10613835.0,34818
2023-05-10 21:08:14,pp2310,pp2310,7244.0,0.0,0.0,0.0,13,7242.0,7245.0,37,7240.0,7251.0,7252.0,7239.0,293.0,10613835.0,34818
2023-05-10 21:08:14,pp2310,pp2310,7244.0,0.0,0.0,0.0,14,7242.0,7244.0,5,7240.0,7251.0,7252.0,7239.0,293.0,10613835.0,34818
2023-05-10 21:08:15,pp2310,pp2310,7244.0,0.0,0.0,0.0,6,7242.0,7244.0,18,7240.0,7251.0,7252.0,7239.0,293.0,10613835.0,34818
2023-05-10 21:08:15,pp2310,pp2310,7244.0,0.0,0.0,0.0,5,7242.0,7244.0,20,7240.0,7251.0,7252.0,7239.0,293.0,10613835.0,34818
2023-05-10 21:08:16,pp2310,pp2310,7244.0,0.0,0.0,0.0,3,7242.0,7244.0,20,7240.0,7251.0,7252.0,7239.0,293.0,10613835.0,34818
2023-05-10 21:08:16,pp2310,pp2310,7244.0,0.0,0.0,0.0,6,7242.0,7244.0,17,7240.0,7251.0,7252.0,7239.0,293.0,10613835.0,34818
2023-05-10 21:08:17,pp2310,pp2310,7244.0,0.0,0.0,0.0,4,7242.0,7244.0,20,7240.0,7251.0,7252.0,7239.0,293.0,10613835.0,34818
2023-05-10 21:08:17,pp2310,pp2310,7244.0,0.0,0.0,0.0,9,7242.0,7244.0,17,7240.0,7251.0,7252.0,7239.0,293.0,10613835.0,34818
2023-05-10 21:08:18,pp2310,pp2310,7244.0,0.0,0.0,0.0,10,7242.0,7244.0,17,7240.0,7251.0,7252.0,7239.0,293.0,10613835.0,34818
2023-05-10 21:08:18,pp2310,pp2310,7244.0,0.0,0.0,0.0,9,7242.0,7244.0,17,7240.0,7251.0,7252.0,7239.0,293.0,10613835.0,34818
2023-05-10 21:08:18,pp2310,pp2310,7244.0,0.0,0.0,0.0,10,7242.0,7244.0,17,7240.0,7251.0,7252.0,7239.0,293.0,10613835.0,34818
2023-05-10 21:08:21,pp2310,pp2310,7244.0,0.0,0.0,0.0,5,7242.0,7244.0,20,7240.0,7251.0,7252.0,7239.0,293.0,10613835.0,34818
2023-05-10 21:08:21,pp2310,pp2310,7244.0,0.0,0.0,0.0,2,7242.0,7244.0,20,7240.0,7251.0,7252.0,7239.0,293.0,10613835.0,34818
2023-05-10 21:08:22,pp2310,pp2310,7244.0,0.0,0.0,0.0,12,7241.0,7242.0,2,7240.0,7251.0,7252.0,7239.0,293.0,10613835.0,34818
2023-05-10 21:08:22,pp2310,pp2310,7244.0,0.0,0.0,0.0,7,7241.0,7243.0,20,7240.0,7251.0,7252.0,7239.0,293.0,10613835.0,34818
2023-05-10 21:08:23,pp2310,pp2310,7244.0,0.0,0.0,0.0,6,7241.0,7243.0,30,7240.0,7251.0,7252.0,7239.0,293.0,10613835.0,34818
2023-05-10 21:08:23,pp2310,pp2310,7244.0,0.0,0.0,0.0,4,7241.0,7243.0,30,7240.0,7251.0,7252.0,7239.0,293.0,10613835.0,34818
2023-05-10 21:08:24,pp2310,pp2310,7244.0,0.0,0.0,0.0,16,7240.0,7243.0,33,7240.0,7251.0,7252.0,7239.0,293.0,10613835.0,34818
2023-05-10 21:08:25,pp2310,pp2310,7244.0,0.0,0.0,0.0,13,7240.0,7243.0,34,7240.0,7251.0,7252.0,7239.0,293.0,10613835.0,34818
2023-05-10 21:08:25,pp2310,pp2310,7244.0,0.0,0.0,0.0,13,7240.0,7242.0,3,7240.0,7251.0,7252.0,7239.0,293.0,10613835.0,34818
2023-05-10 21:08:26,pp2310,pp2310,7244.0,0.0,0.0,0.0,10,7240.0,7242.0,13,7240.0,7251.0,7252.0,7239.0,293.0,10613835.0,34818
2023-05-10 21:08:26,pp2310,pp2310,7244.0,0.0,0.0,0.0,5,7240.0,7242.0,17,7240.0,7251.0,7252.0,7239.0,293.0,10613835.0,34818
2023-05-10 21:08:27,pp2310,pp2310,7244.0,0.0,0.0,0.0,9,7240.0,7242.0,14,7240.0,7251.0,7252.0,7239.0,293.0,10613835.0,34818
2023-05-10 21:08:27,pp2310,pp2310,7244.0,0.0,0.0,0.0,10,7240.0,7242.0,14,7240.0,7251.0,7252.0,7239.0,293.0,10613835.0,34818
2023-05-10 21:08:29,pp2310,pp2310,7244.0,0.0,0.0,0.0,6,7240.0,7242.0,17,7240.0,7251.0,7252.0,7239.0,293.0,10613835.0,34818
2023-05-10 21:08:29,pp2310,pp2310,7244.0,0.0,0.0,0.0,4,7240.0,7242.0,17,7240.0,7251.0,7252.0,7239.0,293.0,10613835.0,34818
2023-05-10 21:08:31,pp2310,pp2310,7244.0,0.0,0.0,0.0,3,7240.0,7242.0,17,7240.0,7251.0,7252.0,7239.0,293.0,10613835.0,34818
2023-05-10 21:08:31,pp2310,pp2310,7244.0,0.0,0.0,0.0,2,7240.0,7242.0,17,7240.0,7251.0,7252.0,7239.0,293.0,10613835.0,34818
2023-05-10 21:08:32,pp2310,pp2310,7244.0,0.0,0.0,0.0,19,7239.0,7242.0,17,7240.0,7251.0,7252.0,7239.0,293.0,10613835.0,34818
2023-05-10 21:08:32,pp2310,pp2310,7244.0,0.0,0.0,0.0,16,7239.0,7242.0,17,7240.0,7251.0,7252.0,7239.0,293.0,10613835.0,34818
2023-05-10 21:08:33,pp2310,pp2310,7244.0,0.0,0.0,0.0,15,7239.0,7242.0,18,7240.0,7251.0,7252.0,7239.0,293.0,10613835.0,34818
2023-05-10 21:08:33,pp2310,pp2310,7244.0,0.0,0.0,0.0,3,7240.0,7241.0,4,7240.0,7251.0,7252.0,7239.0,293.0,10613835.0,34818
2023-05-10 21:08:34,pp2310,pp2310,7244.0,0.0,0.0,0.0,14,7239.0,7241.0,4,7240.0,7251.0,7252.0,7239.0,293.0,10613835.0,34818
2023-05-10 21:08:34,pp2310,pp2310,7244.0,0.0,0.0,0.0,13,7239.0,7241.0,4,7240.0,7251.0,7252.0,7239.0,293.0,10613835.0,34818
2023-05-10 21:08:34,pp2310,pp2310,7244.0,0.0,0.0,0.0,15,7239.0,7241.0,4,7240.0,7251.0,7252.0,7239.0,293.0,10613835.0,34818
2023-05-10 21:08:35,pp2310,pp2310,7241.0,3.0,108615.0,-1.0,1,7241.0,7242.0,12,7240.0,7251.0,7252.0,7239.0,296.0,10722450.0,34817
2023-05-10 21:08:36,pp2310,pp2310,7241.0,0.0,0.0,0.0,1,7241.0,7242.0,2,7240.0,7251.0,7252.0,7239.0,296.0,10722450.0,34817
2023-05-10 21:08:36,pp2310,pp2310,7241.0,0.0,0.0,0.0,1,7241.0,7242.0,1,7240.0,7251.0,7252.0,7239.0,296.0,10722450.0,34817
2023-05-10 21:08:37,pp2310,pp2310,7241.0,0.0,0.0,0.0,1,7241.0,7242.0,15,7240.0,7251.0,7252.0,7239.0,296.0,10722450.0,34817
2023-05-10 21:08:37,pp2310,pp2310,7241.0,0.0,0.0,0.0,1,7241.0,7242.0,29,7240.0,7251.0,7252.0,7239.0,296.0,10722450.0,34817
2023-05-10 21:08:38,pp2310,pp2310,7241.0,0.0,0.0,0.0,1,7241.0,7242.0,32,7240.0,7251.0,7252.0,7239.0,296.0,10722450.0,34817
2023-05-10 21:08:39,pp2310,pp2310,7242.0,3.0,108630.0,-2.0,3,7242.0,7243.0,12,7240.0,7251.0,7252.0,7239.0,299.0,10831080.0,34815
2023-05-10 21:08:40,pp2310,pp2310,7242.0,0.0,0.0,0.0,3,7242.0,7243.0,1,7240.0,7251.0,7252.0,7239.0,299.0,10831080.0,34815
2023-05-10 21:08:40,pp2310,pp2310,7242.0,0.0,0.0,0.0,3,7242.0,7244.0,26,7240.0,7251.0,7252.0,7239.0,299.0,10831080.0,34815
2023-05-10 21:08:41,pp2310,pp2310,7242.0,0.0,0.0,0.0,3,7242.0,7244.0,31,7240.0,7251.0,7252.0,7239.0,299.0,10831080.0,34815
2023-05-10 21:08:41,pp2310,pp2310,7242.0,0.0,0.0,0.0,3,7242.0,7244.0,33,7240.0,7251.0,7252.0,7239.0,299.0,10831080.0,34815
2023-05-10 21:08:42,pp2310,pp2310,7242.0,0.0,0.0,0.0,10,7242.0,7244.0,7,7240.0,7251.0,7252.0,7239.0,299.0,10831080.0,34815
2023-05-10 21:08:43,pp2310,pp2310,7242.0,0.0,0.0,0.0,16,7242.0,7244.0,3,7240.0,7251.0,7252.0,7239.0,299.0,10831080.0,34815
2023-05-10 21:08:43,pp2310,pp2310,7242.0,0.0,0.0,0.0,16,7242.0,7244.0,2,7240.0,7251.0,7252.0,7239.0,299.0,10831080.0,34815
2023-05-10 21:08:44,pp2310,pp2310,7242.0,0.0,0.0,0.0,15,7242.0,7244.0,2,7240.0,7251.0,7252.0,7239.0,299.0,10831080.0,34815
2023-05-10 21:08:45,pp2310,pp2310,7242.0,0.0,0.0,0.0,15,7242.0,7245.0,15,7240.0,7251.0,7252.0,7239.0,299.0,10831080.0,34815
2023-05-10 21:08:46,pp2310,pp2310,7242.0,0.0,0.0,0.0,17,7242.0,7245.0,30,7240.0,7251.0,7252.0,7239.0,299.0,10831080.0,34815
2023-05-10 21:08:46,pp2310,pp2310,7242.0,0.0,0.0,0.0,15,7242.0,7245.0,35,7240.0,7251.0,7252.0,7239.0,299.0,10831080.0,34815
2023-05-10 21:08:47,pp2310,pp2310,7242.0,0.0,0.0,0.0,8,7242.0,7244.0,17,7240.0,7251.0,7252.0,7239.0,299.0,10831080.0,34815
2023-05-10 21:08:47,pp2310,pp2310,7242.0,0.0,0.0,0.0,6,7242.0,7244.0,20,7240.0,7251.0,7252.0,7239.0,299.0,10831080.0,34815
2023-05-10 21:08:48,pp2310,pp2310,7242.0,0.0,0.0,0.0,5,7242.0,7244.0,20,7240.0,7251.0,7252.0,7239.0,299.0,10831080.0,34815
2023-05-10 21:08:53,pp2310,pp2310,7242.0,0.0,0.0,0.0,5,7242.0,7244.0,17,7240.0,7251.0,7252.0,7239.0,299.0,10831080.0,34815
2023-05-10 21:09:00,pp2310,pp2310,7242.0,0.0,0.0,0.0,14,7242.0,7244.0,2,7240.0,7251.0,7252.0,7239.0,299.0,10831080.0,34815
2023-05-10 21:09:01,pp2310,pp2310,7242.0,0.0,0.0,0.0,15,7242.0,7245.0,37,7240.0,7251.0,7252.0,7239.0,299.0,10831080.0,34815
2023-05-10 21:09:01,pp2310,pp2310,7242.0,0.0,0.0,0.0,15,7242.0,7245.0,34,7240.0,7251.0,7252.0,7239.0,299.0,10831080.0,34815
2023-05-10 21:09:02,pp2310,pp2310,7242.0,0.0,0.0,0.0,15,7242.0,7245.0,35,7240.0,7251.0,7252.0,7239.0,299.0,10831080.0,34815
2023-05-10 21:09:05,pp2310,pp2310,7242.0,0.0,0.0,0.0,15,7242.0,7244.0,1,7240.0,7251.0,7252.0,7239.0,299.0,10831080.0,34815
2023-05-10 21:09:08,pp2310,pp2310,7242.0,0.0,0.0,0.0,8,7242.0,7244.0,9,7240.0,7251.0,7252.0,7239.0,299.0,10831080.0,34815
2023-05-10 21:09:09,pp2310,pp2310,7242.0,0.0,0.0,0.0,5,7242.0,7244.0,15,7240.0,7251.0,7252.0,7239.0,299.0,10831080.0,34815
2023-05-10 21:09:09,pp2310,pp2310,7242.0,0.0,0.0,0.0,6,7242.0,7244.0,15,7240.0,7251.0,7252.0,7239.0,299.0,10831080.0,34815
2023-05-10 21:09:10,pp2310,pp2310,7242.0,0.0,0.0,0.0,7,7242.0,7244.0,15,7240.0,7251.0,7252.0,7239.0,299.0,10831080.0,34815
2023-05-10 21:09:12,pp2310,pp2310,7242.0,4.0,144840.0,-1.0,7,7241.0,7242.0,1,7240.0,7251.0,7252.0,7239.0,303.0,10975920.0,34814
2023-05-10 21:09:12,pp2310,pp2310,7242.0,0.0,0.0,0.0,4,7241.0,7242.0,1,7240.0,7251.0,7252.0,7239.0,303.0,10975920.0,34814
2023-05-10 21:09:13,pp2310,pp2310,7241.0,4.0,144820.0,4.0,9,7240.0,7241.0,1,7240.0,7251.0,7252.0,7239.0,307.0,11120740.0,34818
2023-05-10 21:09:14,pp2310,pp2310,7241.0,0.0,0.0,0.0,14,7239.0,7241.0,1,7240.0,7251.0,7252.0,7239.0,307.0,11120740.0,34818
2023-05-10 21:09:14,pp2310,pp2310,7241.0,0.0,0.0,0.0,12,7239.0,7241.0,1,7240.0,7251.0,7252.0,7239.0,307.0,11120740.0,34818
2023-05-10 21:09:15,pp2310,pp2310,7241.0,0.0,0.0,0.0,2,7240.0,7241.0,1,7240.0,7251.0,7252.0,7239.0,307.0,11120740.0,34818
2023-05-10 21:09:15,pp2310,pp2310,7241.0,0.0,0.0,0.0,12,7239.0,7241.0,7,7240.0,7251.0,7252.0,7239.0,307.0,11120740.0,34818
2023-05-10 21:09:16,pp2310,pp2310,7241.0,0.0,0.0,0.0,15,7239.0,7241.0,3,7240.0,7251.0,7252.0,7239.0,307.0,11120740.0,34818
2023-05-10 21:09:16,pp2310,pp2310,7241.0,0.0,0.0,0.0,14,7239.0,7241.0,1,7240.0,7251.0,7252.0,7239.0,307.0,11120740.0,34818
2023-05-10 21:09:17,pp2310,pp2310,7241.0,0.0,0.0,0.0,15,7239.0,7241.0,1,7240.0,7251.0,7252.0,7239.0,307.0,11120740.0,34818
2023-05-10 21:09:18,pp2310,pp2310,7241.0,0.0,0.0,0.0,8,7239.0,7241.0,23,7240.0,7251.0,7252.0,7239.0,307.0,11120740.0,34818
2023-05-10 21:09:18,pp2310,pp2310,7241.0,0.0,0.0,0.0,5,7239.0,7241.0,31,7240.0,7251.0,7252.0,7239.0,307.0,11120740.0,34818
2023-05-10 21:09:19,pp2310,pp2310,7241.0,0.0,0.0,0.0,4,7239.0,7241.0,31,7240.0,7251.0,7252.0,7239.0,307.0,11120740.0,34818
2023-05-10 21:09:19,pp2310,pp2310,7241.0,0.0,0.0,0.0,9,7239.0,7241.0,7,7240.0,7251.0,7252.0,7239.0,307.0,11120740.0,34818
2023-05-10 21:09:20,pp2310,pp2310,7241.0,0.0,0.0,0.0,16,7239.0,7241.0,4,7240.0,7251.0,7252.0,7239.0,307.0,11120740.0,34818
2023-05-10 21:09:20,pp2310,pp2310,7241.0,0.0,0.0,0.0,15,7239.0,7241.0,4,7240.0,7251.0,7252.0,7239.0,307.0,11120740.0,34818
2023-05-10 21:09:21,pp2310,pp2310,7241.0,0.0,0.0,0.0,16,7239.0,7241.0,5,7240.0,7251.0,7252.0,7239.0,307.0,11120740.0,34818
2023-05-10 21:09:21,pp2310,pp2310,7241.0,0.0,0.0,0.0,16,7239.0,7241.0,4,7240.0,7251.0,7252.0,7239.0,307.0,11120740.0,34818
2023-05-10 21:09:24,pp2310,pp2310,7241.0,0.0,0.0,0.0,7,7239.0,7240.0,2,7240.0,7251.0,7252.0,7239.0,307.0,11120740.0,34818
2023-05-10 21:09:24,pp2310,pp2310,7241.0,0.0,0.0,0.0,1,7239.0,7241.0,25,7240.0,7251.0,7252.0,7239.0,307.0,11120740.0,34818
2023-05-10 21:09:25,pp2310,pp2310,7241.0,0.0,0.0,0.0,1,7239.0,7241.0,34,7240.0,7251.0,7252.0,7239.0,307.0,11120740.0,34818
2023-05-10 21:09:25,pp2310,pp2310,7241.0,0.0,0.0,0.0,1,7239.0,7240.0,2,7240.0,7251.0,7252.0,7239.0,307.0,11120740.0,34818
2023-05-10 21:09:27,pp2310,pp2310,7240.0,2.0,72400.0,0.0,2,7239.0,7241.0,13,7240.0,7251.0,7252.0,7239.0,309.0,11193140.0,34818
2023-05-10 21:09:27,pp2310,pp2310,7239.0,1.0,36195.0,-1.0,3,7239.0,7241.0,21,7240.0,7251.0,7252.0,7239.0,310.0,11229335.0,34817
2023-05-10 21:09:28,pp2310,pp2310,7239.0,0.0,0.0,0.0,18,7238.0,7241.0,31,7240.0,7251.0,7252.0,7239.0,310.0,11229335.0,34817
2023-05-10 21:09:28,pp2310,pp2310,7239.0,0.0,0.0,0.0,17,7238.0,7240.0,3,7240.0,7251.0,7252.0,7239.0,310.0,11229335.0,34817
2023-05-10 21:09:29,pp2310,pp2310,7239.0,0.0,0.0,0.0,15,7238.0,7240.0,2,7240.0,7251.0,7252.0,7239.0,310.0,11229335.0,34817
2023-05-10 21:09:29,pp2310,pp2310,7239.0,0.0,0.0,0.0,10,7238.0,7240.0,11,7240.0,7251.0,7252.0,7239.0,310.0,11229335.0,34817
2023-05-10 21:09:30,pp2310,pp2310,7239.0,0.0,0.0,0.0,10,7238.0,7240.0,12,7240.0,7251.0,7252.0,7239.0,310.0,11229335.0,34817
2023-05-10 21:09:30,pp2310,pp2310,7239.0,0.0,0.0,0.0,7,7238.0,7240.0,12,7240.0,7251.0,7252.0,7239.0,310.0,11229335.0,34817
2023-05-10 21:09:31,pp2310,pp2310,7239.0,0.0,0.0,0.0,14,7238.0,7240.0,8,7240.0,7251.0,7252.0,7239.0,310.0,11229335.0,34817
2023-05-10 21:09:31,pp2310,pp2310,7239.0,0.0,0.0,0.0,16,7238.0,7240.0,3,7240.0,7251.0,7252.0,7239.0,310.0,11229335.0,34817
2023-05-10 21:09:32,pp2310,pp2310,7239.0,0.0,0.0,0.0,10,7238.0,7240.0,12,7240.0,7251.0,7252.0,7239.0,310.0,11229335.0,34817
2023-05-10 21:09:32,pp2310,pp2310,7239.0,0.0,0.0,0.0,14,7238.0,7240.0,3,7240.0,7251.0,7252.0,7239.0,310.0,11229335.0,34817
2023-05-10 21:09:33,pp2310,pp2310,7239.0,0.0,0.0,0.0,16,7238.0,7241.0,31,7240.0,7251.0,7252.0,7239.0,310.0,11229335.0,34817
2023-05-10 21:09:33,pp2310,pp2310,7239.0,0.0,0.0,0.0,16,7238.0,7241.0,33,7240.0,7251.0,7252.0,7239.0,310.0,11229335.0,34817
2023-05-10 21:09:34,pp2310,pp2310,7239.0,0.0,0.0,0.0,11,7238.0,7240.0,14,7240.0,7251.0,7252.0,7239.0,310.0,11229335.0,34817
2023-05-10 21:09:34,pp2310,pp2310,7239.0,0.0,0.0,0.0,11,7238.0,7240.0,12,7240.0,7251.0,7252.0,7239.0,310.0,11229335.0,34817
2023-05-10 21:09:35,pp2310,pp2310,7239.0,0.0,0.0,0.0,14,7238.0,7240.0,8,7240.0,7251.0,7252.0,7239.0,310.0,11229335.0,34817
2023-05-10 21:09:36,pp2310,pp2310,7240.0,2.0,72400.0,-1.0,2,7240.0,7241.0,7,7240.0,7251.0,7252.0,7239.0,312.0,11301735.0,34816
2023-05-10 21:09:36,pp2310,pp2310,7240.0,2.0,72400.0,1.0,4,7239.0,7240.0,2,7240.0,7251.0,7252.0,7239.0,314.0,11374135.0,34817
2023-05-10 21:09:37,pp2310,pp2310,7240.0,0.0,0.0,0.0,16,7238.0,7240.0,2,7240.0,7251.0,7252.0,7239.0,314.0,11374135.0,34817
2023-05-10 21:09:37,pp2310,pp2310,7240.0,0.0,0.0,0.0,19,7238.0,7240.0,2,7240.0,7251.0,7252.0,7239.0,314.0,11374135.0,34817
2023-05-10 21:09:38,pp2310,pp2310,7240.0,0.0,0.0,0.0,19,7238.0,7241.0,30,7240.0,7251.0,7252.0,7239.0,314.0,11374135.0,34817
2023-05-10 21:09:39,pp2310,pp2310,7240.0,0.0,0.0,0.0,23,7238.0,7241.0,33,7240.0,7251.0,7252.0,7239.0,314.0,11374135.0,34817
2023-05-10 21:09:53,pp2310,pp2310,7240.0,0.0,0.0,0.0,14,7238.0,7240.0,15,7240.0,7251.0,7252.0,7239.0,314.0,11374135.0,34817
2023-05-10 21:09:53,pp2310,pp2310,7240.0,0.0,0.0,0.0,4,7238.0,7240.0,17,7240.0,7251.0,7252.0,7239.0,314.0,11374135.0,34817
2023-05-10 21:09:54,pp2310,pp2310,7240.0,0.0,0.0,0.0,3,7238.0,7240.0,18,7240.0,7251.0,7252.0,7239.0,314.0,11374135.0,34817
2023-05-10 21:09:54,pp2310,pp2310,7240.0,0.0,0.0,0.0,2,7238.0,7240.0,18,7240.0,7251.0,7252.0,7239.0,314.0,11374135.0,34817
2023-05-10 21:09:55,pp2310,pp2310,7240.0,0.0,0.0,0.0,17,7237.0,7240.0,18,7240.0,7251.0,7252.0,7239.0,314.0,11374135.0,34817
2023-05-10 21:09:55,pp2310,pp2310,7240.0,0.0,0.0,0.0,16,7237.0,7240.0,18,7240.0,7251.0,7252.0,7239.0,314.0,11374135.0,34817
2023-05-10 21:09:58,pp2310,pp2310,7240.0,0.0,0.0,0.0,8,7237.0,7239.0,8,7240.0,7251.0,7252.0,7239.0,314.0,11374135.0,34817
2023-05-10 21:09:59,pp2310,pp2310,7240.0,0.0,0.0,0.0,2,7237.0,7239.0,30,7240.0,7251.0,7252.0,7239.0,314.0,11374135.0,34817
2023-05-10 21:09:59,pp2310,pp2310,7240.0,0.0,0.0,0.0,15,7236.0,7239.0,35,7240.0,7251.0,7252.0,7239.0,314.0,11374135.0,34817
