time,symbol_id,symbol_name,last,trade_volume,trade_amount,open_interest_change,bv1,bp1,ap1,av1,yesterday_close,today_open,today_high,today_low,volume,amount,open_interest
2023-05-10 20:57:36,pp2403,pp2403,7186.0,0.0,0.0,0.0,30,7178.0,7616.0,20,7186.0,7178.0,0.0,0.0,0.0,0.0,534
2023-05-10 21:00:02,pp2403,pp2403,7186.0,0.0,0.0,0.0,30,7178.0,7233.0,1,7186.0,7178.0,0.0,0.0,0.0,0.0,534
2023-05-10 21:00:03,pp2403,pp2403,7186.0,0.0,0.0,0.0,1,7179.0,7217.0,1,7186.0,7178.0,0.0,0.0,0.0,0.0,534
2023-05-10 21:00:04,pp2403,pp2403,7186.0,0.0,0.0,0.0,1,7179.0,7213.0,2,7186.0,7178.0,0.0,0.0,0.0,0.0,534
2023-05-10 21:00:04,pp2403,pp2403,7186.0,0.0,0.0,0.0,1,7180.0,7206.0,2,7186.0,7178.0,0.0,0.0,0.0,0.0,534
2023-05-10 21:00:05,pp2403,pp2403,7186.0,0.0,0.0,0.0,1,7180.0,7232.0,4,7186.0,7178.0,0.0,0.0,0.0,0.0,534
2023-05-10 21:00:05,pp2403,pp2403,7186.0,0.0,0.0,0.0,1,7180.0,7208.0,3,7186.0,7178.0,0.0,0.0,0.0,0.0,534
2023-05-10 21:00:06,pp2403,pp2403,7186.0,0.0,0.0,0.0,1,7181.0,7208.0,3,7186.0,7178.0,0.0,0.0,0.0,0.0,534
2023-05-10 21:00:06,pp2403,pp2403,7186.0,0.0,0.0,0.0,1,7181.0,7232.0,4,7186.0,7178.0,0.0,0.0,0.0,0.0,534
2023-05-10 21:00:07,pp2403,pp2403,7186.0,0.0,0.0,0.0,1,7181.0,7207.0,1,7186.0,7178.0,0.0,0.0,0.0,0.0,534
2023-05-10 21:00:07,pp2403,pp2403,7186.0,0.0,0.0,0.0,1,7182.0,7207.0,1,7186.0,7178.0,0.0,0.0,0.0,0.0,534
2023-05-10 21:00:08,pp2403,pp2403,7186.0,0.0,0.0,0.0,1,7183.0,7207.0,1,7186.0,7178.0,0.0,0.0,0.0,0.0,534
2023-05-10 21:00:10,pp2403,pp2403,7186.0,0.0,0.0,0.0,1,7184.0,7207.0,1,7186.0,7178.0,0.0,0.0,0.0,0.0,534
2023-05-10 21:00:12,pp2403,pp2403,7186.0,0.0,0.0,0.0,1,7185.0,7207.0,1,7186.0,7178.0,0.0,0.0,0.0,0.0,534
2023-05-10 21:00:13,pp2403,pp2403,7186.0,0.0,0.0,0.0,1,7186.0,7207.0,1,7186.0,7178.0,0.0,0.0,0.0,0.0,534
2023-05-10 21:00:14,pp2403,pp2403,7186.0,0.0,0.0,0.0,1,7186.0,7207.0,7,7186.0,7178.0,0.0,0.0,0.0,0.0,534
2023-05-10 21:00:15,pp2403,pp2403,7186.0,0.0,0.0,0.0,1,7187.0,7207.0,7,7186.0,7178.0,0.0,0.0,0.0,0.0,534
2023-05-10 21:00:15,pp2403,pp2403,7186.0,0.0,0.0,0.0,1,7188.0,7207.0,8,7186.0,7178.0,0.0,0.0,0.0,0.0,534
2023-05-10 21:00:16,pp2403,pp2403,7186.0,0.0,0.0,0.0,1,7189.0,7207.0,9,7186.0,7178.0,0.0,0.0,0.0,0.0,534
2023-05-10 21:00:18,pp2403,pp2403,7186.0,0.0,0.0,0.0,1,7190.0,7207.0,9,7186.0,7178.0,0.0,0.0,0.0,0.0,534
2023-05-10 21:00:19,pp2403,pp2403,7186.0,0.0,0.0,0.0,1,7191.0,7207.0,9,7186.0,7178.0,0.0,0.0,0.0,0.0,534
2023-05-10 21:00:21,pp2403,pp2403,7186.0,0.0,0.0,0.0,2,7191.0,7207.0,9,7186.0,7178.0,0.0,0.0,0.0,0.0,534
2023-05-10 21:00:22,pp2403,pp2403,7186.0,0.0,0.0,0.0,1,7191.0,7207.0,9,7186.0,7178.0,0.0,0.0,0.0,0.0,534
2023-05-10 21:00:24,pp2403,pp2403,7186.0,0.0,0.0,0.0,1,7187.0,7207.0,9,7186.0,7178.0,0.0,0.0,0.0,0.0,534
2023-05-10 21:00:24,pp2403,pp2403,7186.0,0.0,0.0,0.0,2,7191.0,7207.0,9,7186.0,7178.0,0.0,0.0,0.0,0.0,534
2023-05-10 21:00:30,pp2403,pp2403,7186.0,0.0,0.0,0.0,1,7187.0,7207.0,9,7186.0,7178.0,0.0,0.0,0.0,0.0,534
2023-05-10 21:00:30,pp2403,pp2403,7186.0,0.0,0.0,0.0,2,7188.0,7207.0,9,7186.0,7178.0,0.0,0.0,0.0,0.0,534
2023-05-10 21:00:50,pp2403,pp2403,7186.0,0.0,0.0,0.0,2,7188.0,7224.0,1,7186.0,7178.0,0.0,0.0,0.0,0.0,534
2023-05-10 21:00:51,pp2403,pp2403,7186.0,0.0,0.0,0.0,2,7188.0,7223.0,1,7186.0,7178.0,0.0,0.0,0.0,0.0,534
2023-05-10 21:00:57,pp2403,pp2403,7186.0,0.0,0.0,0.0,2,7188.0,7223.0,33,7186.0,7178.0,0.0,0.0,0.0,0.0,534
2023-05-10 21:01:02,pp2403,pp2403,7186.0,0.0,0.0,0.0,2,7188.0,7223.0,32,7186.0,7178.0,0.0,0.0,0.0,0.0,534
2023-05-10 21:01:03,pp2403,pp2403,7186.0,0.0,0.0,0.0,2,7188.0,7224.0,1,7186.0,7178.0,0.0,0.0,0.0,0.0,534
2023-05-10 21:01:03,pp2403,pp2403,7186.0,0.0,0.0,0.0,2,7188.0,7223.0,7,7186.0,7178.0,0.0,0.0,0.0,0.0,534
2023-05-10 21:01:04,pp2403,pp2403,7186.0,0.0,0.0,0.0,2,7188.0,7223.0,8,7186.0,7178.0,0.0,0.0,0.0,0.0,534
2023-05-10 21:01:07,pp2403,pp2403,7186.0,0.0,0.0,0.0,2,7188.0,7223.0,9,7186.0,7178.0,0.0,0.0,0.0,0.0,534
2023-05-10 21:01:07,pp2403,pp2403,7186.0,0.0,0.0,0.0,2,7188.0,7223.0,8,7186.0,7178.0,0.0,0.0,0.0,0.0,534
2023-05-10 21:01:08,pp2403,pp2403,7186.0,0.0,0.0,0.0,2,7188.0,7223.0,9,7186.0,7178.0,0.0,0.0,0.0,0.0,534
2023-05-10 21:01:16,pp2403,pp2403,7186.0,0.0,0.0,0.0,2,7188.0,7223.0,3,7186.0,7178.0,0.0,0.0,0.0,0.0,534
2023-05-10 21:01:17,pp2403,pp2403,7186.0,0.0,0.0,0.0,2,7188.0,7223.0,25,7186.0,7178.0,0.0,0.0,0.0,0.0,534
2023-05-10 21:01:17,pp2403,pp2403,7186.0,0.0,0.0,0.0,2,7188.0,7223.0,29,7186.0,7178.0,0.0,0.0,0.0,0.0,534
2023-05-10 21:01:18,pp2403,pp2403,7186.0,0.0,0.0,0.0,2,7188.0,7223.0,33,7186.0,7178.0,0.0,0.0,0.0,0.0,534
2023-05-10 21:01:32,pp2403,pp2403,7186.0,0.0,0.0,0.0,2,7188.0,7223.0,1,7186.0,7178.0,0.0,0.0,0.0,0.0,534
2023-05-10 21:01:35,pp2403,pp2403,7186.0,0.0,0.0,0.0,2,7188.0,7223.0,33,7186.0,7178.0,0.0,0.0,0.0,0.0,534
2023-05-10 21:01:37,pp2403,pp2403,7186.0,0.0,0.0,0.0,1,7189.0,7223.0,33,7186.0,7178.0,0.0,0.0,0.0,0.0,534
2023-05-10 21:01:38,pp2403,pp2403,7186.0,0.0,0.0,0.0,3,7189.0,7223.0,33,7186.0,7178.0,0.0,0.0,0.0,0.0,534
2023-05-10 21:01:41,pp2403,pp2403,7186.0,0.0,0.0,0.0,1,7189.0,7223.0,33,7186.0,7178.0,0.0,0.0,0.0,0.0,534
2023-05-10 21:01:42,pp2403,pp2403,7186.0,0.0,0.0,0.0,3,7189.0,7223.0,33,7186.0,7178.0,0.0,0.0,0.0,0.0,534
2023-05-10 21:01:44,pp2403,pp2403,7186.0,0.0,0.0,0.0,1,7189.0,7223.0,33,7186.0,7178.0,0.0,0.0,0.0,0.0,534
2023-05-10 21:01:45,pp2403,pp2403,7186.0,0.0,0.0,0.0,1,7189.0,7223.0,34,7186.0,7178.0,0.0,0.0,0.0,0.0,534
2023-05-10 21:01:48,pp2403,pp2403,7186.0,0.0,0.0,0.0,1,7189.0,7223.0,33,7186.0,7178.0,0.0,0.0,0.0,0.0,534
2023-05-10 21:01:49,pp2403,pp2403,7186.0,0.0,0.0,0.0,1,7189.0,7223.0,34,7186.0,7178.0,0.0,0.0,0.0,0.0,534
2023-05-10 21:02:15,pp2403,pp2403,7186.0,0.0,0.0,0.0,1,7189.0,7223.0,2,7186.0,7178.0,0.0,0.0,0.0,0.0,534
2023-05-10 21:02:15,pp2403,pp2403,7186.0,0.0,0.0,0.0,1,7189.0,7223.0,51,7186.0,7178.0,0.0,0.0,0.0,0.0,534
2023-05-10 21:02:32,pp2403,pp2403,7186.0,0.0,0.0,0.0,1,7189.0,7223.0,3,7186.0,7178.0,0.0,0.0,0.0,0.0,534
2023-05-10 21:02:33,pp2403,pp2403,7186.0,0.0,0.0,0.0,1,7189.0,7223.0,79,7186.0,7178.0,0.0,0.0,0.0,0.0,534
2023-05-10 21:02:37,pp2403,pp2403,7186.0,0.0,0.0,0.0,1,7189.0,7223.0,3,7186.0,7178.0,0.0,0.0,0.0,0.0,534
2023-05-10 21:02:40,pp2403,pp2403,7186.0,0.0,0.0,0.0,1,7189.0,7223.0,11,7186.0,7178.0,0.0,0.0,0.0,0.0,534
2023-05-10 21:03:00,pp2403,pp2403,7186.0,0.0,0.0,0.0,1,7189.0,7222.0,4,7186.0,7178.0,0.0,0.0,0.0,0.0,534
2023-05-10 21:03:01,pp2403,pp2403,7186.0,0.0,0.0,0.0,1,7189.0,7215.0,1,7186.0,7178.0,0.0,0.0,0.0,0.0,534
2023-05-10 21:03:01,pp2403,pp2403,7186.0,0.0,0.0,0.0,1,7189.0,7215.0,8,7186.0,7178.0,0.0,0.0,0.0,0.0,534
2023-05-10 21:03:02,pp2403,pp2403,7186.0,0.0,0.0,0.0,1,7189.0,7215.0,9,7186.0,7178.0,0.0,0.0,0.0,0.0,534
2023-05-10 21:03:02,pp2403,pp2403,7186.0,0.0,0.0,0.0,1,7189.0,7214.0,4,7186.0,7178.0,0.0,0.0,0.0,0.0,534
2023-05-10 21:03:03,pp2403,pp2403,7186.0,0.0,0.0,0.0,1,7189.0,7214.0,5,7186.0,7178.0,0.0,0.0,0.0,0.0,534
2023-05-10 21:03:03,pp2403,pp2403,7186.0,0.0,0.0,0.0,1,7189.0,7214.0,13,7186.0,7178.0,0.0,0.0,0.0,0.0,534
2023-05-10 21:03:09,pp2403,pp2403,7186.0,0.0,0.0,0.0,1,7189.0,7214.0,12,7186.0,7178.0,0.0,0.0,0.0,0.0,534
2023-05-10 21:03:10,pp2403,pp2403,7186.0,0.0,0.0,0.0,1,7189.0,7214.0,13,7186.0,7178.0,0.0,0.0,0.0,0.0,534
2023-05-10 21:03:15,pp2403,pp2403,7186.0,0.0,0.0,0.0,1,7189.0,7214.0,5,7186.0,7178.0,0.0,0.0,0.0,0.0,534
2023-05-10 21:03:16,pp2403,pp2403,7186.0,0.0,0.0,0.0,1,7189.0,7214.0,4,7186.0,7178.0,0.0,0.0,0.0,0.0,534
2023-05-10 21:03:16,pp2403,pp2403,7186.0,0.0,0.0,0.0,1,7189.0,7214.0,32,7186.0,7178.0,0.0,0.0,0.0,0.0,534
2023-05-10 21:03:17,pp2403,pp2403,7186.0,0.0,0.0,0.0,1,7189.0,7214.0,36,7186.0,7178.0,0.0,0.0,0.0,0.0,534
2023-05-10 21:03:23,pp2403,pp2403,7186.0,0.0,0.0,0.0,1,7189.0,7214.0,37,7186.0,7178.0,0.0,0.0,0.0,0.0,534
2023-05-10 21:03:36,pp2403,pp2403,7186.0,0.0,0.0,0.0,1,7189.0,7214.0,36,7186.0,7178.0,0.0,0.0,0.0,0.0,534
2023-05-10 21:03:36,pp2403,pp2403,7186.0,0.0,0.0,0.0,1,7189.0,7214.0,37,7186.0,7178.0,0.0,0.0,0.0,0.0,534
2023-05-10 21:04:10,pp2403,pp2403,7186.0,0.0,0.0,0.0,1,7189.0,7214.0,36,7186.0,7178.0,0.0,0.0,0.0,0.0,534
2023-05-10 21:04:11,pp2403,pp2403,7186.0,0.0,0.0,0.0,1,7189.0,7214.0,4,7186.0,7178.0,0.0,0.0,0.0,0.0,534
2023-05-10 21:04:11,pp2403,pp2403,7186.0,0.0,0.0,0.0,1,7189.0,7214.0,36,7186.0,7178.0,0.0,0.0,0.0,0.0,534
2023-05-10 21:04:18,pp2403,pp2403,7186.0,0.0,0.0,0.0,1,7189.0,7214.0,37,7186.0,7178.0,0.0,0.0,0.0,0.0,534
2023-05-10 21:04:44,pp2403,pp2403,7186.0,0.0,0.0,0.0,1,7189.0,7214.0,5,7186.0,7178.0,0.0,0.0,0.0,0.0,534
2023-05-10 21:04:44,pp2403,pp2403,7186.0,0.0,0.0,0.0,1,7189.0,7214.0,45,7186.0,7178.0,0.0,0.0,0.0,0.0,534
2023-05-10 21:05:00,pp2403,pp2403,7186.0,0.0,0.0,0.0,1,7189.0,7214.0,41,7186.0,7178.0,0.0,0.0,0.0,0.0,534
2023-05-10 21:05:07,pp2403,pp2403,7186.0,0.0,0.0,0.0,1,7189.0,7214.0,40,7186.0,7178.0,0.0,0.0,0.0,0.0,534
2023-05-10 21:05:07,pp2403,pp2403,7186.0,0.0,0.0,0.0,1,7189.0,7224.0,1,7186.0,7178.0,0.0,0.0,0.0,0.0,534
2023-05-10 21:05:08,pp2403,pp2403,7186.0,0.0,0.0,0.0,1,7189.0,7214.0,33,7186.0,7178.0,0.0,0.0,0.0,0.0,534
2023-05-10 21:05:21,pp2403,pp2403,7186.0,0.0,0.0,0.0,1,7189.0,7214.0,1,7186.0,7178.0,0.0,0.0,0.0,0.0,534
2023-05-10 21:05:22,pp2403,pp2403,7186.0,0.0,0.0,0.0,1,7189.0,7214.0,33,7186.0,7178.0,0.0,0.0,0.0,0.0,534
2023-05-10 21:05:36,pp2403,pp2403,7186.0,0.0,0.0,0.0,1,7189.0,7214.0,32,7186.0,7178.0,0.0,0.0,0.0,0.0,534
2023-05-10 21:05:39,pp2403,pp2403,7186.0,0.0,0.0,0.0,1,7189.0,7214.0,33,7186.0,7178.0,0.0,0.0,0.0,0.0,534
2023-05-10 21:05:42,pp2403,pp2403,7186.0,0.0,0.0,0.0,1,7189.0,7214.0,32,7186.0,7178.0,0.0,0.0,0.0,0.0,534
2023-05-10 21:05:52,pp2403,pp2403,7186.0,0.0,0.0,0.0,1,7189.0,7214.0,33,7186.0,7178.0,0.0,0.0,0.0,0.0,534
2023-05-10 21:06:05,pp2403,pp2403,7186.0,0.0,0.0,0.0,1,7189.0,7214.0,1,7186.0,7178.0,0.0,0.0,0.0,0.0,534
2023-05-10 21:06:05,pp2403,pp2403,7186.0,0.0,0.0,0.0,1,7189.0,7214.0,33,7186.0,7178.0,0.0,0.0,0.0,0.0,534
2023-05-10 21:06:07,pp2403,pp2403,7186.0,0.0,0.0,0.0,1,7189.0,7214.0,32,7186.0,7178.0,0.0,0.0,0.0,0.0,534
2023-05-10 21:06:07,pp2403,pp2403,7186.0,0.0,0.0,0.0,1,7189.0,7223.0,4,7186.0,7178.0,0.0,0.0,0.0,0.0,534
2023-05-10 21:06:08,pp2403,pp2403,7186.0,0.0,0.0,0.0,1,7189.0,7214.0,8,7186.0,7178.0,0.0,0.0,0.0,0.0,534
2023-05-10 21:06:08,pp2403,pp2403,7186.0,0.0,0.0,0.0,1,7189.0,7214.0,9,7186.0,7178.0,0.0,0.0,0.0,0.0,534
2023-05-10 21:06:09,pp2403,pp2403,7186.0,0.0,0.0,0.0,1,7189.0,7214.0,8,7186.0,7178.0,0.0,0.0,0.0,0.0,534
2023-05-10 21:06:20,pp2403,pp2403,7186.0,0.0,0.0,0.0,1,7189.0,7214.0,9,7186.0,7178.0,0.0,0.0,0.0,0.0,534
2023-05-10 21:06:20,pp2403,pp2403,7186.0,0.0,0.0,0.0,1,7189.0,7214.0,8,7186.0,7178.0,0.0,0.0,0.0,0.0,534
2023-05-10 21:06:21,pp2403,pp2403,7186.0,0.0,0.0,0.0,1,7189.0,7214.0,9,7186.0,7178.0,0.0,0.0,0.0,0.0,534
2023-05-10 21:06:23,pp2403,pp2403,7186.0,0.0,0.0,0.0,1,7189.0,7214.0,8,7186.0,7178.0,0.0,0.0,0.0,0.0,534
2023-05-10 21:06:25,pp2403,pp2403,7186.0,0.0,0.0,0.0,1,7189.0,7214.0,9,7186.0,7178.0,0.0,0.0,0.0,0.0,534
2023-05-10 21:06:37,pp2403,pp2403,7186.0,0.0,0.0,0.0,1,7181.0,7214.0,9,7186.0,7178.0,0.0,0.0,0.0,0.0,534
2023-05-10 21:06:38,pp2403,pp2403,7186.0,0.0,0.0,0.0,2,7181.0,7214.0,9,7186.0,7178.0,0.0,0.0,0.0,0.0,534
2023-05-10 21:06:39,pp2403,pp2403,7186.0,0.0,0.0,0.0,3,7181.0,7214.0,9,7186.0,7178.0,0.0,0.0,0.0,0.0,534
2023-05-10 21:06:50,pp2403,pp2403,7186.0,0.0,0.0,0.0,3,7181.0,7214.0,1,7186.0,7178.0,0.0,0.0,0.0,0.0,534
2023-05-10 21:06:51,pp2403,pp2403,7186.0,0.0,0.0,0.0,3,7181.0,7214.0,9,7186.0,7178.0,0.0,0.0,0.0,0.0,534
2023-05-10 21:07:07,pp2403,pp2403,7186.0,0.0,0.0,0.0,1,7181.0,7214.0,9,7186.0,7178.0,0.0,0.0,0.0,0.0,534
2023-05-10 21:07:07,pp2403,pp2403,7186.0,0.0,0.0,0.0,2,7182.0,7214.0,9,7186.0,7178.0,0.0,0.0,0.0,0.0,534
2023-05-10 21:07:08,pp2403,pp2403,7186.0,0.0,0.0,0.0,3,7182.0,7214.0,9,7186.0,7178.0,0.0,0.0,0.0,0.0,534
2023-05-10 21:07:15,pp2403,pp2403,7186.0,0.0,0.0,0.0,3,7182.0,7214.0,8,7186.0,7178.0,0.0,0.0,0.0,0.0,534
2023-05-10 21:07:16,pp2403,pp2403,7186.0,0.0,0.0,0.0,3,7182.0,7223.0,4,7186.0,7178.0,0.0,0.0,0.0,0.0,534
2023-05-10 21:07:16,pp2403,pp2403,7186.0,0.0,0.0,0.0,3,7182.0,7214.0,8,7186.0,7178.0,0.0,0.0,0.0,0.0,534
2023-05-10 21:07:29,pp2403,pp2403,7186.0,0.0,0.0,0.0,3,7182.0,7214.0,9,7186.0,7178.0,0.0,0.0,0.0,0.0,534
2023-05-10 21:07:30,pp2403,pp2403,7186.0,0.0,0.0,0.0,3,7182.0,7214.0,8,7186.0,7178.0,0.0,0.0,0.0,0.0,534
2023-05-10 21:07:37,pp2403,pp2403,7186.0,0.0,0.0,0.0,3,7182.0,7214.0,9,7186.0,7178.0,0.0,0.0,0.0,0.0,534
2023-05-10 21:07:38,pp2403,pp2403,7186.0,0.0,0.0,0.0,3,7182.0,7214.0,8,7186.0,7178.0,0.0,0.0,0.0,0.0,534
2023-05-10 21:07:40,pp2403,pp2403,7186.0,0.0,0.0,0.0,3,7182.0,7214.0,9,7186.0,7178.0,0.0,0.0,0.0,0.0,534
2023-05-10 21:07:41,pp2403,pp2403,7186.0,0.0,0.0,0.0,3,7182.0,7214.0,8,7186.0,7178.0,0.0,0.0,0.0,0.0,534
2023-05-10 21:07:42,pp2403,pp2403,7186.0,0.0,0.0,0.0,3,7182.0,7214.0,9,7186.0,7178.0,0.0,0.0,0.0,0.0,534
2023-05-10 21:07:43,pp2403,pp2403,7186.0,0.0,0.0,0.0,3,7182.0,7214.0,8,7186.0,7178.0,0.0,0.0,0.0,0.0,534
2023-05-10 21:07:51,pp2403,pp2403,7186.0,0.0,0.0,0.0,3,7182.0,7223.0,4,7186.0,7178.0,0.0,0.0,0.0,0.0,534
2023-05-10 21:07:52,pp2403,pp2403,7186.0,0.0,0.0,0.0,3,7182.0,7214.0,16,7186.0,7178.0,0.0,0.0,0.0,0.0,534
2023-05-10 21:07:55,pp2403,pp2403,7186.0,0.0,0.0,0.0,3,7182.0,7214.0,17,7186.0,7178.0,0.0,0.0,0.0,0.0,534
2023-05-10 21:08:04,pp2403,pp2403,7186.0,0.0,0.0,0.0,3,7182.0,7214.0,16,7186.0,7178.0,0.0,0.0,0.0,0.0,534
2023-05-10 21:08:23,pp2403,pp2403,7186.0,0.0,0.0,0.0,3,7182.0,7213.0,1,7186.0,7178.0,0.0,0.0,0.0,0.0,534
2023-05-10 21:08:24,pp2403,pp2403,7186.0,0.0,0.0,0.0,3,7182.0,7213.0,33,7186.0,7178.0,0.0,0.0,0.0,0.0,534
2023-05-10 21:08:33,pp2403,pp2403,7186.0,0.0,0.0,0.0,1,7182.0,7213.0,33,7186.0,7178.0,0.0,0.0,0.0,0.0,534
2023-05-10 21:08:40,pp2403,pp2403,7186.0,0.0,0.0,0.0,3,7182.0,7213.0,33,7186.0,7178.0,0.0,0.0,0.0,0.0,534
2023-05-10 21:08:43,pp2403,pp2403,7186.0,0.0,0.0,0.0,1,7182.0,7213.0,33,7186.0,7178.0,0.0,0.0,0.0,0.0,534
2023-05-10 21:08:44,pp2403,pp2403,7186.0,0.0,0.0,0.0,2,7183.0,7213.0,33,7186.0,7178.0,0.0,0.0,0.0,0.0,534
2023-05-10 21:08:54,pp2403,pp2403,7186.0,0.0,0.0,0.0,2,7183.0,7213.0,32,7186.0,7178.0,0.0,0.0,0.0,0.0,534
2023-05-10 21:09:01,pp2403,pp2403,7186.0,0.0,0.0,0.0,2,7183.0,7223.0,4,7186.0,7178.0,0.0,0.0,0.0,0.0,534
2023-05-10 21:09:02,pp2403,pp2403,7186.0,0.0,0.0,0.0,2,7183.0,7213.0,32,7186.0,7178.0,0.0,0.0,0.0,0.0,534
2023-05-10 21:09:12,pp2403,pp2403,7186.0,0.0,0.0,0.0,2,7183.0,7223.0,5,7186.0,7178.0,0.0,0.0,0.0,0.0,534
2023-05-10 21:09:13,pp2403,pp2403,7186.0,0.0,0.0,0.0,1,7182.0,7213.0,76,7186.0,7178.0,0.0,0.0,0.0,0.0,534
2023-05-10 21:09:13,pp2403,pp2403,7186.0,0.0,0.0,0.0,3,7182.0,7213.0,76,7186.0,7178.0,0.0,0.0,0.0,0.0,534
2023-05-10 21:09:14,pp2403,pp2403,7186.0,0.0,0.0,0.0,3,7182.0,7212.0,1,7186.0,7178.0,0.0,0.0,0.0,0.0,534
2023-05-10 21:09:15,pp2403,pp2403,7186.0,0.0,0.0,0.0,3,7182.0,7212.0,33,7186.0,7178.0,0.0,0.0,0.0,0.0,534
2023-05-10 21:09:16,pp2403,pp2403,7186.0,0.0,0.0,0.0,1,7182.0,7212.0,33,7186.0,7178.0,0.0,0.0,0.0,0.0,534
2023-05-10 21:10:44,pp2403,pp2403,7186.0,0.0,0.0,0.0,1,7184.0,7212.0,33,7186.0,7178.0,0.0,0.0,0.0,0.0,534
2023-05-10 21:10:54,pp2403,pp2403,7186.0,0.0,0.0,0.0,1,7184.0,7212.0,1,7186.0,7178.0,0.0,0.0,0.0,0.0,534
2023-05-10 21:10:54,pp2403,pp2403,7186.0,0.0,0.0,0.0,1,7184.0,7212.0,8,7186.0,7178.0,0.0,0.0,0.0,0.0,534
2023-05-10 21:10:55,pp2403,pp2403,7186.0,0.0,0.0,0.0,1,7184.0,7212.0,9,7186.0,7178.0,0.0,0.0,0.0,0.0,534
2023-05-10 21:10:58,pp2403,pp2403,7186.0,0.0,0.0,0.0,1,7182.0,7212.0,9,7186.0,7178.0,0.0,0.0,0.0,0.0,534
2023-05-10 21:11:06,pp2403,pp2403,7186.0,0.0,0.0,0.0,4,7182.0,7212.0,9,7186.0,7178.0,0.0,0.0,0.0,0.0,534
2023-05-10 21:11:06,pp2403,pp2403,7186.0,0.0,0.0,0.0,4,7182.0,7212.0,1,7186.0,7178.0,0.0,0.0,0.0,0.0,534
2023-05-10 21:11:07,pp2403,pp2403,7186.0,0.0,0.0,0.0,4,7182.0,7212.0,33,7186.0,7178.0,0.0,0.0,0.0,0.0,534
2023-05-10 21:11:12,pp2403,pp2403,7186.0,0.0,0.0,0.0,1,7184.0,7212.0,33,7186.0,7178.0,0.0,0.0,0.0,0.0,534
2023-05-10 21:11:42,pp2403,pp2403,7186.0,0.0,0.0,0.0,1,7184.0,7212.0,34,7186.0,7178.0,0.0,0.0,0.0,0.0,534
2023-05-10 21:11:42,pp2403,pp2403,7186.0,0.0,0.0,0.0,1,7184.0,7212.0,35,7186.0,7178.0,0.0,0.0,0.0,0.0,534
2023-05-10 21:11:43,pp2403,pp2403,7186.0,0.0,0.0,0.0,1,7184.0,7212.0,34,7186.0,7178.0,0.0,0.0,0.0,0.0,534
2023-05-10 21:11:49,pp2403,pp2403,7186.0,0.0,0.0,0.0,1,7184.0,7212.0,2,7186.0,7178.0,0.0,0.0,0.0,0.0,534
2023-05-10 21:11:50,pp2403,pp2403,7186.0,0.0,0.0,0.0,1,7184.0,7212.0,33,7186.0,7178.0,0.0,0.0,0.0,0.0,534
2023-05-10 21:11:52,pp2403,pp2403,7186.0,0.0,0.0,0.0,1,7184.0,7212.0,34,7186.0,7178.0,0.0,0.0,0.0,0.0,534
2023-05-10 21:12:06,pp2403,pp2403,7186.0,0.0,0.0,0.0,1,7185.0,7212.0,34,7186.0,7178.0,0.0,0.0,0.0,0.0,534
2023-05-10 21:12:09,pp2403,pp2403,7186.0,0.0,0.0,0.0,1,7186.0,7212.0,34,7186.0,7178.0,0.0,0.0,0.0,0.0,534
2023-05-10 21:12:10,pp2403,pp2403,7186.0,0.0,0.0,0.0,1,7186.0,7212.0,2,7186.0,7178.0,0.0,0.0,0.0,0.0,534
2023-05-10 21:12:10,pp2403,pp2403,7186.0,0.0,0.0,0.0,1,7186.0,7212.0,1,7186.0,7178.0,0.0,0.0,0.0,0.0,534
2023-05-10 21:12:11,pp2403,pp2403,7186.0,0.0,0.0,0.0,1,7186.0,7212.0,22,7186.0,7178.0,0.0,0.0,0.0,0.0,534
2023-05-10 21:12:13,pp2403,pp2403,7186.0,0.0,0.0,0.0,1,7186.0,7212.0,23,7186.0,7178.0,0.0,0.0,0.0,0.0,534
2023-05-10 21:12:28,pp2403,pp2403,7186.0,0.0,0.0,0.0,1,7185.0,7212.0,23,7186.0,7178.0,0.0,0.0,0.0,0.0,534
2023-05-10 21:12:33,pp2403,pp2403,7186.0,0.0,0.0,0.0,1,7186.0,7212.0,23,7186.0,7178.0,0.0,0.0,0.0,0.0,534
2023-05-10 21:12:34,pp2403,pp2403,7186.0,0.0,0.0,0.0,1,7185.0,7212.0,23,7186.0,7178.0,0.0,0.0,0.0,0.0,534
2023-05-10 21:12:36,pp2403,pp2403,7186.0,0.0,0.0,0.0,1,7186.0,7212.0,23,7186.0,7178.0,0.0,0.0,0.0,0.0,534
2023-05-10 21:12:36,pp2403,pp2403,7186.0,0.0,0.0,0.0,1,7185.0,7212.0,23,7186.0,7178.0,0.0,0.0,0.0,0.0,534
2023-05-10 21:12:38,pp2403,pp2403,7186.0,0.0,0.0,0.0,1,7186.0,7212.0,23,7186.0,7178.0,0.0,0.0,0.0,0.0,534
2023-05-10 21:12:43,pp2403,pp2403,7186.0,0.0,0.0,0.0,1,7185.0,7212.0,23,7186.0,7178.0,0.0,0.0,0.0,0.0,534
2023-05-10 21:12:52,pp2403,pp2403,7186.0,0.0,0.0,0.0,1,7186.0,7212.0,23,7186.0,7178.0,0.0,0.0,0.0,0.0,534
2023-05-10 21:13:02,pp2403,pp2403,7186.0,0.0,0.0,0.0,1,7185.0,7212.0,23,7186.0,7178.0,0.0,0.0,0.0,0.0,534
2023-05-10 21:13:03,pp2403,pp2403,7186.0,0.0,0.0,0.0,1,7186.0,7212.0,23,7186.0,7178.0,0.0,0.0,0.0,0.0,534
2023-05-10 21:13:21,pp2403,pp2403,7186.0,0.0,0.0,0.0,1,7185.0,7212.0,23,7186.0,7178.0,0.0,0.0,0.0,0.0,534
2023-05-10 21:13:33,pp2403,pp2403,7186.0,0.0,0.0,0.0,1,7186.0,7212.0,23,7186.0,7178.0,0.0,0.0,0.0,0.0,534
2023-05-10 21:13:33,pp2403,pp2403,7186.0,0.0,0.0,0.0,1,7185.0,7212.0,23,7186.0,7178.0,0.0,0.0,0.0,0.0,534
2023-05-10 21:13:51,pp2403,pp2403,7186.0,0.0,0.0,0.0,1,7185.0,7212.0,24,7186.0,7178.0,0.0,0.0,0.0,0.0,534
2023-05-10 21:13:52,pp2403,pp2403,7186.0,0.0,0.0,0.0,1,7185.0,7212.0,25,7186.0,7178.0,0.0,0.0,0.0,0.0,534
2023-05-10 21:14:01,pp2403,pp2403,7186.0,0.0,0.0,0.0,1,7185.0,7212.0,3,7186.0,7178.0,0.0,0.0,0.0,0.0,534
2023-05-10 21:14:02,pp2403,pp2403,7186.0,0.0,0.0,0.0,1,7185.0,7212.0,35,7186.0,7178.0,0.0,0.0,0.0,0.0,534
2023-05-10 21:14:13,pp2403,pp2403,7186.0,0.0,0.0,0.0,1,7186.0,7212.0,34,7186.0,7178.0,0.0,0.0,0.0,0.0,534
2023-05-10 21:14:13,pp2403,pp2403,7186.0,0.0,0.0,0.0,1,7186.0,7212.0,1,7186.0,7178.0,0.0,0.0,0.0,0.0,534
2023-05-10 21:14:14,pp2403,pp2403,7186.0,0.0,0.0,0.0,1,7186.0,7212.0,33,7186.0,7178.0,0.0,0.0,0.0,0.0,534
2023-05-10 21:14:15,pp2403,pp2403,7186.0,0.0,0.0,0.0,1,7185.0,7212.0,33,7186.0,7178.0,0.0,0.0,0.0,0.0,534
2023-05-10 21:14:16,pp2403,pp2403,7186.0,0.0,0.0,0.0,1,7186.0,7212.0,33,7186.0,7178.0,0.0,0.0,0.0,0.0,534
2023-05-10 21:14:20,pp2403,pp2403,7186.0,0.0,0.0,0.0,1,7185.0,7212.0,33,7186.0,7178.0,0.0,0.0,0.0,0.0,534
2023-05-10 21:14:23,pp2403,pp2403,7186.0,0.0,0.0,0.0,1,7186.0,7212.0,33,7186.0,7178.0,0.0,0.0,0.0,0.0,534
2023-05-10 21:14:24,pp2403,pp2403,7186.0,0.0,0.0,0.0,1,7185.0,7212.0,33,7186.0,7178.0,0.0,0.0,0.0,0.0,534
2023-05-10 21:14:56,pp2403,pp2403,7186.0,0.0,0.0,0.0,1,7185.0,7212.0,34,7186.0,7178.0,0.0,0.0,0.0,0.0,534
2023-05-10 21:14:57,pp2403,pp2403,7186.0,0.0,0.0,0.0,1,7185.0,7212.0,35,7186.0,7178.0,0.0,0.0,0.0,0.0,534
2023-05-10 21:15:00,pp2403,pp2403,7186.0,0.0,0.0,0.0,1,7185.0,7211.0,2,7186.0,7178.0,0.0,0.0,0.0,0.0,534
2023-05-10 21:15:01,pp2403,pp2403,7186.0,0.0,0.0,0.0,1,7185.0,7207.0,1,7186.0,7178.0,0.0,0.0,0.0,0.0,534
2023-05-10 21:15:04,pp2403,pp2403,7186.0,0.0,0.0,0.0,1,7185.0,7211.0,8,7186.0,7178.0,0.0,0.0,0.0,0.0,534
2023-05-10 21:15:04,pp2403,pp2403,7186.0,0.0,0.0,0.0,1,7185.0,7208.0,1,7186.0,7178.0,0.0,0.0,0.0,0.0,534
2023-05-10 21:15:05,pp2403,pp2403,7186.0,0.0,0.0,0.0,1,7186.0,7208.0,1,7186.0,7178.0,0.0,0.0,0.0,0.0,534
2023-05-10 21:15:05,pp2403,pp2403,7186.0,0.0,0.0,0.0,1,7186.0,7211.0,4,7186.0,7178.0,0.0,0.0,0.0,0.0,534
2023-05-10 21:15:06,pp2403,pp2403,7186.0,0.0,0.0,0.0,1,7186.0,7209.0,1,7186.0,7178.0,0.0,0.0,0.0,0.0,534
2023-05-10 21:15:07,pp2403,pp2403,7186.0,0.0,0.0,0.0,1,7186.0,7223.0,2,7186.0,7178.0,0.0,0.0,0.0,0.0,534
2023-05-10 21:15:07,pp2403,pp2403,7186.0,0.0,0.0,0.0,1,7186.0,7209.0,28,7186.0,7178.0,0.0,0.0,0.0,0.0,534
2023-05-10 21:15:08,pp2403,pp2403,7186.0,0.0,0.0,0.0,1,7186.0,7209.0,32,7186.0,7178.0,0.0,0.0,0.0,0.0,534
2023-05-10 21:15:11,pp2403,pp2403,7186.0,0.0,0.0,0.0,1,7186.0,7208.0,1,7186.0,7178.0,0.0,0.0,0.0,0.0,534
2023-05-10 21:15:12,pp2403,pp2403,7186.0,0.0,0.0,0.0,1,7186.0,7208.0,33,7186.0,7178.0,0.0,0.0,0.0,0.0,534
2023-05-10 21:15:18,pp2403,pp2403,7186.0,0.0,0.0,0.0,1,7186.0,7208.0,32,7186.0,7178.0,0.0,0.0,0.0,0.0,534
2023-05-10 21:15:18,pp2403,pp2403,7186.0,0.0,0.0,0.0,1,7186.0,7224.0,1,7186.0,7178.0,0.0,0.0,0.0,0.0,534
2023-05-10 21:15:19,pp2403,pp2403,7186.0,0.0,0.0,0.0,1,7186.0,7208.0,16,7186.0,7178.0,0.0,0.0,0.0,0.0,534
2023-05-10 21:15:20,pp2403,pp2403,7186.0,0.0,0.0,0.0,1,7186.0,7208.0,17,7186.0,7178.0,0.0,0.0,0.0,0.0,534
2023-05-10 21:15:31,pp2403,pp2403,7186.0,0.0,0.0,0.0,1,7185.0,7208.0,17,7186.0,7178.0,0.0,0.0,0.0,0.0,534
2023-05-10 21:15:31,pp2403,pp2403,7186.0,0.0,0.0,0.0,1,7185.0,7208.0,3,7186.0,7178.0,0.0,0.0,0.0,0.0,534
2023-05-10 21:15:32,pp2403,pp2403,7186.0,0.0,0.0,0.0,1,7185.0,7208.0,52,7186.0,7178.0,0.0,0.0,0.0,0.0,534
2023-05-10 21:15:32,pp2403,pp2403,7186.0,0.0,0.0,0.0,1,7186.0,7208.0,50,7186.0,7178.0,0.0,0.0,0.0,0.0,534
2023-05-10 21:15:33,pp2403,pp2403,7186.0,0.0,0.0,0.0,1,7186.0,7208.0,57,7186.0,7178.0,0.0,0.0,0.0,0.0,534
2023-05-10 21:15:40,pp2403,pp2403,7186.0,0.0,0.0,0.0,1,7185.0,7208.0,57,7186.0,7178.0,0.0,0.0,0.0,0.0,534
2023-05-10 21:15:48,pp2403,pp2403,7186.0,0.0,0.0,0.0,1,7185.0,7207.0,1,7186.0,7178.0,0.0,0.0,0.0,0.0,534
2023-05-10 21:15:49,pp2403,pp2403,7186.0,0.0,0.0,0.0,1,7185.0,7207.0,33,7186.0,7178.0,0.0,0.0,0.0,0.0,534
2023-05-10 21:16:07,pp2403,pp2403,7186.0,0.0,0.0,0.0,1,7185.0,7207.0,32,7186.0,7178.0,0.0,0.0,0.0,0.0,534
2023-05-10 21:16:08,pp2403,pp2403,7186.0,0.0,0.0,0.0,1,7185.0,7207.0,1,7186.0,7178.0,0.0,0.0,0.0,0.0,534
2023-05-10 21:16:08,pp2403,pp2403,7186.0,0.0,0.0,0.0,1,7185.0,7207.0,25,7186.0,7178.0,0.0,0.0,0.0,0.0,534
2023-05-10 21:17:07,pp2403,pp2403,7186.0,0.0,0.0,0.0,30,7178.0,7207.0,25,7186.0,7178.0,0.0,0.0,0.0,0.0,534
2023-05-10 21:17:07,pp2403,pp2403,7186.0,0.0,0.0,0.0,1,7179.0,7207.0,25,7186.0,7178.0,0.0,0.0,0.0,0.0,534
2023-05-10 21:17:38,pp2403,pp2403,7186.0,0.0,0.0,0.0,1,7180.0,7207.0,25,7186.0,7178.0,0.0,0.0,0.0,0.0,534
2023-05-10 21:17:38,pp2403,pp2403,7186.0,0.0,0.0,0.0,1,7181.0,7207.0,25,7186.0,7178.0,0.0,0.0,0.0,0.0,534
2023-05-10 21:17:51,pp2403,pp2403,7186.0,0.0,0.0,0.0,1,7180.0,7207.0,25,7186.0,7178.0,0.0,0.0,0.0,0.0,534
2023-05-10 21:17:51,pp2403,pp2403,7186.0,0.0,0.0,0.0,1,7180.0,7207.0,1,7186.0,7178.0,0.0,0.0,0.0,0.0,534
2023-05-10 21:17:52,pp2403,pp2403,7186.0,0.0,0.0,0.0,1,7180.0,7207.0,49,7186.0,7178.0,0.0,0.0,0.0,0.0,534
2023-05-10 21:17:56,pp2403,pp2403,7186.0,0.0,0.0,0.0,1,7181.0,7207.0,49,7186.0,7178.0,0.0,0.0,0.0,0.0,534
2023-05-10 21:18:22,pp2403,pp2403,7186.0,0.0,0.0,0.0,1,7180.0,7207.0,49,7186.0,7178.0,0.0,0.0,0.0,0.0,534
2023-05-10 21:18:23,pp2403,pp2403,7186.0,0.0,0.0,0.0,1,7180.0,7207.0,7,7186.0,7178.0,0.0,0.0,0.0,0.0,534
2023-05-10 21:18:23,pp2403,pp2403,7186.0,0.0,0.0,0.0,1,7180.0,7207.0,25,7186.0,7178.0,0.0,0.0,0.0,0.0,534
2023-05-10 21:18:24,pp2403,pp2403,7186.0,0.0,0.0,0.0,1,7180.0,7207.0,28,7186.0,7178.0,0.0,0.0,0.0,0.0,534
2023-05-10 21:18:24,pp2403,pp2403,7186.0,0.0,0.0,0.0,1,7180.0,7207.0,22,7186.0,7178.0,0.0,0.0,0.0,0.0,534
2023-05-10 21:18:25,pp2403,pp2403,7186.0,0.0,0.0,0.0,1,7181.0,7207.0,22,7186.0,7178.0,0.0,0.0,0.0,0.0,534
2023-05-10 21:18:25,pp2403,pp2403,7186.0,0.0,0.0,0.0,1,7181.0,7207.0,26,7186.0,7178.0,0.0,0.0,0.0,0.0,534
2023-05-10 21:18:30,pp2403,pp2403,7186.0,0.0,0.0,0.0,1,7180.0,7207.0,26,7186.0,7178.0,0.0,0.0,0.0,0.0,534
2023-05-10 21:18:31,pp2403,pp2403,7186.0,0.0,0.0,0.0,1,7181.0,7207.0,26,7186.0,7178.0,0.0,0.0,0.0,0.0,534
2023-05-10 21:18:35,pp2403,pp2403,7186.0,0.0,0.0,0.0,1,7180.0,7207.0,26,7186.0,7178.0,0.0,0.0,0.0,0.0,534
2023-05-10 21:18:35,pp2403,pp2403,7186.0,0.0,0.0,0.0,1,7180.0,7207.0,27,7186.0,7178.0,0.0,0.0,0.0,0.0,534
2023-05-10 21:18:38,pp2403,pp2403,7186.0,0.0,0.0,0.0,1,7181.0,7207.0,27,7186.0,7178.0,0.0,0.0,0.0,0.0,534
2023-05-10 21:18:44,pp2403,pp2403,7186.0,0.0,0.0,0.0,1,7181.0,7207.0,2,7186.0,7178.0,0.0,0.0,0.0,0.0,534
2023-05-10 21:18:44,pp2403,pp2403,7186.0,0.0,0.0,0.0,1,7181.0,7207.0,17,7186.0,7178.0,0.0,0.0,0.0,0.0,534
2023-05-10 21:19:01,pp2403,pp2403,7186.0,0.0,0.0,0.0,1,7180.0,7207.0,17,7186.0,7178.0,0.0,0.0,0.0,0.0,534
2023-05-10 21:19:02,pp2403,pp2403,7186.0,0.0,0.0,0.0,1,7180.0,7207.0,1,7186.0,7178.0,0.0,0.0,0.0,0.0,534
2023-05-10 21:19:02,pp2403,pp2403,7186.0,0.0,0.0,0.0,1,7180.0,7207.0,17,7186.0,7178.0,0.0,0.0,0.0,0.0,534
2023-05-10 21:19:03,pp2403,pp2403,7186.0,0.0,0.0,0.0,1,7181.0,7207.0,1,7186.0,7178.0,0.0,0.0,0.0,0.0,534
2023-05-10 21:19:03,pp2403,pp2403,7186.0,0.0,0.0,0.0,1,7181.0,7207.0,15,7186.0,7178.0,0.0,0.0,0.0,0.0,534
2023-05-10 21:19:04,pp2403,pp2403,7186.0,0.0,0.0,0.0,1,7181.0,7207.0,17,7186.0,7178.0,0.0,0.0,0.0,0.0,534
2023-05-10 21:19:12,pp2403,pp2403,7186.0,0.0,0.0,0.0,1,7181.0,7186.0,1,7186.0,7178.0,0.0,0.0,0.0,0.0,534
2023-05-10 21:20:59,pp2403,pp2403,7186.0,0.0,0.0,0.0,30,7178.0,7186.0,1,7186.0,7178.0,0.0,0.0,0.0,0.0,534
2023-05-10 21:21:00,pp2403,pp2403,7186.0,0.0,0.0,0.0,1,7179.0,7186.0,1,7186.0,7178.0,0.0,0.0,0.0,0.0,534
2023-05-10 21:21:29,pp2403,pp2403,7186.0,0.0,0.0,0.0,1,7179.0,7208.0,1,7186.0,7178.0,0.0,0.0,0.0,0.0,534
2023-05-10 21:21:30,pp2403,pp2403,7186.0,0.0,0.0,0.0,1,7179.0,7207.0,1,7186.0,7178.0,0.0,0.0,0.0,0.0,534
2023-05-10 21:21:32,pp2403,pp2403,7186.0,0.0,0.0,0.0,1,7179.0,7207.0,2,7186.0,7178.0,0.0,0.0,0.0,0.0,534
2023-05-10 21:21:32,pp2403,pp2403,7186.0,0.0,0.0,0.0,1,7179.0,7207.0,34,7186.0,7178.0,0.0,0.0,0.0,0.0,534
2023-05-10 21:21:53,pp2403,pp2403,7186.0,0.0,0.0,0.0,1,7180.0,7207.0,34,7186.0,7178.0,0.0,0.0,0.0,0.0,534
2023-05-10 21:21:53,pp2403,pp2403,7186.0,0.0,0.0,0.0,1,7181.0,7207.0,34,7186.0,7178.0,0.0,0.0,0.0,0.0,534
2023-05-10 21:22:11,pp2403,pp2403,7186.0,0.0,0.0,0.0,1,7180.0,7207.0,34,7186.0,7178.0,0.0,0.0,0.0,0.0,534
2023-05-10 21:22:15,pp2403,pp2403,7186.0,0.0,0.0,0.0,1,7180.0,7206.0,4,7186.0,7178.0,0.0,0.0,0.0,0.0,534
2023-05-10 21:22:15,pp2403,pp2403,7186.0,0.0,0.0,0.0,1,7180.0,7203.0,1,7186.0,7178.0,0.0,0.0,0.0,0.0,534
2023-05-10 21:22:16,pp2403,pp2403,7186.0,0.0,0.0,0.0,1,7180.0,7203.0,9,7186.0,7178.0,0.0,0.0,0.0,0.0,534
2023-05-10 21:22:31,pp2403,pp2403,7186.0,0.0,0.0,0.0,1,7181.0,7203.0,8,7186.0,7178.0,0.0,0.0,0.0,0.0,534
2023-05-10 21:22:39,pp2403,pp2403,7186.0,0.0,0.0,0.0,1,7180.0,7203.0,8,7186.0,7178.0,0.0,0.0,0.0,0.0,534
2023-05-10 21:22:40,pp2403,pp2403,7186.0,0.0,0.0,0.0,1,7180.0,7203.0,1,7186.0,7178.0,0.0,0.0,0.0,0.0,534
2023-05-10 21:22:40,pp2403,pp2403,7186.0,0.0,0.0,0.0,1,7180.0,7203.0,75,7186.0,7178.0,0.0,0.0,0.0,0.0,534
2023-05-10 21:22:52,pp2403,pp2403,7186.0,0.0,0.0,0.0,1,7180.0,7203.0,1,7186.0,7178.0,0.0,0.0,0.0,0.0,534
2023-05-10 21:22:52,pp2403,pp2403,7186.0,0.0,0.0,0.0,1,7180.0,7203.0,41,7186.0,7178.0,0.0,0.0,0.0,0.0,534
2023-05-10 21:23:03,pp2403,pp2403,7186.0,0.0,0.0,0.0,1,7180.0,7203.0,1,7186.0,7178.0,0.0,0.0,0.0,0.0,534
2023-05-10 21:23:03,pp2403,pp2403,7186.0,0.0,0.0,0.0,1,7180.0,7203.0,41,7186.0,7178.0,0.0,0.0,0.0,0.0,534
2023-05-10 21:23:40,pp2403,pp2403,7186.0,0.0,0.0,0.0,1,7180.0,7184.0,3,7186.0,7178.0,0.0,0.0,0.0,0.0,534
2023-05-10 21:23:42,pp2403,pp2403,7186.0,0.0,0.0,0.0,30,7178.0,7184.0,3,7186.0,7178.0,0.0,0.0,0.0,0.0,534
2023-05-10 21:23:52,pp2403,pp2403,7186.0,0.0,0.0,0.0,30,7178.0,7184.0,19,7186.0,7178.0,0.0,0.0,0.0,0.0,534
2023-05-10 21:24:07,pp2403,pp2403,7186.0,0.0,0.0,0.0,1,7179.0,7184.0,19,7186.0,7178.0,0.0,0.0,0.0,0.0,534
2023-05-10 21:24:08,pp2403,pp2403,7186.0,0.0,0.0,0.0,1,7179.0,7207.0,1,7186.0,7178.0,0.0,0.0,0.0,0.0,534
2023-05-10 21:24:08,pp2403,pp2403,7186.0,0.0,0.0,0.0,1,7179.0,7202.0,1,7186.0,7178.0,0.0,0.0,0.0,0.0,534
2023-05-10 21:24:17,pp2403,pp2403,7186.0,0.0,0.0,0.0,1,7179.0,7202.0,17,7186.0,7178.0,0.0,0.0,0.0,0.0,534
2023-05-10 21:24:23,pp2403,pp2403,7186.0,0.0,0.0,0.0,1,7179.0,7202.0,16,7186.0,7178.0,0.0,0.0,0.0,0.0,534
2023-05-10 21:24:24,pp2403,pp2403,7186.0,0.0,0.0,0.0,1,7179.0,7206.0,2,7186.0,7178.0,0.0,0.0,0.0,0.0,534
2023-05-10 21:24:25,pp2403,pp2403,7186.0,0.0,0.0,0.0,1,7179.0,7202.0,32,7186.0,7178.0,0.0,0.0,0.0,0.0,534
2023-05-10 21:24:32,pp2403,pp2403,7186.0,0.0,0.0,0.0,1,7179.0,7202.0,33,7186.0,7178.0,0.0,0.0,0.0,0.0,534
2023-05-10 21:24:38,pp2403,pp2403,7186.0,0.0,0.0,0.0,1,7180.0,7202.0,33,7186.0,7178.0,0.0,0.0,0.0,0.0,534
2023-05-10 21:24:59,pp2403,pp2403,7186.0,0.0,0.0,0.0,1,7180.0,7202.0,32,7186.0,7178.0,0.0,0.0,0.0,0.0,534
2023-05-10 21:25:01,pp2403,pp2403,7186.0,0.0,0.0,0.0,1,7180.0,7202.0,33,7186.0,7178.0,0.0,0.0,0.0,0.0,534
2023-05-10 21:25:10,pp2403,pp2403,7186.0,0.0,0.0,0.0,1,7180.0,7202.0,32,7186.0,7178.0,0.0,0.0,0.0,0.0,534
2023-05-10 21:25:11,pp2403,pp2403,7186.0,0.0,0.0,0.0,1,7180.0,7202.0,33,7186.0,7178.0,0.0,0.0,0.0,0.0,534
2023-05-10 21:25:15,pp2403,pp2403,7186.0,0.0,0.0,0.0,1,7180.0,7202.0,32,7186.0,7178.0,0.0,0.0,0.0,0.0,534
2023-05-10 21:25:18,pp2403,pp2403,7186.0,0.0,0.0,0.0,1,7180.0,7202.0,33,7186.0,7178.0,0.0,0.0,0.0,0.0,534
2023-05-10 21:25:20,pp2403,pp2403,7186.0,0.0,0.0,0.0,1,7180.0,7202.0,32,7186.0,7178.0,0.0,0.0,0.0,0.0,534
2023-05-10 21:25:22,pp2403,pp2403,7186.0,0.0,0.0,0.0,1,7180.0,7202.0,33,7186.0,7178.0,0.0,0.0,0.0,0.0,534
2023-05-10 21:25:38,pp2403,pp2403,7186.0,0.0,0.0,0.0,1,7180.0,7202.0,32,7186.0,7178.0,0.0,0.0,0.0,0.0,534
2023-05-10 21:25:42,pp2403,pp2403,7186.0,0.0,0.0,0.0,1,7180.0,7202.0,33,7186.0,7178.0,0.0,0.0,0.0,0.0,534
2023-05-10 21:25:46,pp2403,pp2403,7186.0,0.0,0.0,0.0,1,7180.0,7202.0,1,7186.0,7178.0,0.0,0.0,0.0,0.0,534
2023-05-10 21:25:47,pp2403,pp2403,7186.0,0.0,0.0,0.0,1,7180.0,7202.0,9,7186.0,7178.0,0.0,0.0,0.0,0.0,534
2023-05-10 21:25:48,pp2403,pp2403,7186.0,0.0,0.0,0.0,1,7180.0,7201.0,2,7186.0,7178.0,0.0,0.0,0.0,0.0,534
2023-05-10 21:25:49,pp2403,pp2403,7186.0,0.0,0.0,0.0,1,7180.0,7201.0,3,7186.0,7178.0,0.0,0.0,0.0,0.0,534
2023-05-10 21:25:49,pp2403,pp2403,7186.0,0.0,0.0,0.0,1,7180.0,7201.0,35,7186.0,7178.0,0.0,0.0,0.0,0.0,534
2023-05-10 21:26:03,pp2403,pp2403,7186.0,0.0,0.0,0.0,1,7180.0,7201.0,34,7186.0,7178.0,0.0,0.0,0.0,0.0,534
2023-05-10 21:26:03,pp2403,pp2403,7186.0,0.0,0.0,0.0,1,7180.0,7201.0,32,7186.0,7178.0,0.0,0.0,0.0,0.0,534
2023-05-10 21:27:31,pp2403,pp2403,7186.0,0.0,0.0,0.0,1,7180.0,7201.0,33,7186.0,7178.0,0.0,0.0,0.0,0.0,534
2023-05-10 21:27:33,pp2403,pp2403,7186.0,0.0,0.0,0.0,1,7180.0,7200.0,2,7186.0,7178.0,0.0,0.0,0.0,0.0,534
2023-05-10 21:27:34,pp2403,pp2403,7186.0,0.0,0.0,0.0,1,7180.0,7200.0,3,7186.0,7178.0,0.0,0.0,0.0,0.0,534
2023-05-10 21:27:34,pp2403,pp2403,7186.0,0.0,0.0,0.0,1,7180.0,7200.0,87,7186.0,7178.0,0.0,0.0,0.0,0.0,534
2023-05-10 21:27:37,pp2403,pp2403,7186.0,0.0,0.0,0.0,1,7180.0,7200.0,89,7186.0,7178.0,0.0,0.0,0.0,0.0,534
2023-05-10 21:27:59,pp2403,pp2403,7186.0,0.0,0.0,0.0,1,7180.0,7200.0,88,7186.0,7178.0,0.0,0.0,0.0,0.0,534
2023-05-10 21:27:59,pp2403,pp2403,7186.0,0.0,0.0,0.0,1,7180.0,7200.0,2,7186.0,7178.0,0.0,0.0,0.0,0.0,534
2023-05-10 21:28:00,pp2403,pp2403,7186.0,0.0,0.0,0.0,1,7180.0,7200.0,26,7186.0,7178.0,0.0,0.0,0.0,0.0,534
2023-05-10 21:28:01,pp2403,pp2403,7186.0,0.0,0.0,0.0,1,7180.0,7199.0,1,7186.0,7178.0,0.0,0.0,0.0,0.0,534
2023-05-10 21:28:02,pp2403,pp2403,7186.0,0.0,0.0,0.0,1,7180.0,7199.0,33,7186.0,7178.0,0.0,0.0,0.0,0.0,534
2023-05-10 21:28:03,pp2403,pp2403,7186.0,0.0,0.0,0.0,1,7180.0,7198.0,2,7186.0,7178.0,0.0,0.0,0.0,0.0,534
2023-05-10 21:28:04,pp2403,pp2403,7186.0,0.0,0.0,0.0,1,7180.0,7198.0,10,7186.0,7178.0,0.0,0.0,0.0,0.0,534
2023-05-10 21:28:16,pp2403,pp2403,7186.0,0.0,0.0,0.0,1,7180.0,7198.0,8,7186.0,7178.0,0.0,0.0,0.0,0.0,534
2023-05-10 21:29:20,pp2403,pp2403,7186.0,0.0,0.0,0.0,1,7180.0,7198.0,1,7186.0,7178.0,0.0,0.0,0.0,0.0,534
2023-05-10 21:29:20,pp2403,pp2403,7186.0,0.0,0.0,0.0,1,7180.0,7197.0,2,7186.0,7178.0,0.0,0.0,0.0,0.0,534
2023-05-10 21:29:22,pp2403,pp2403,7186.0,0.0,0.0,0.0,1,7180.0,7197.0,34,7186.0,7178.0,0.0,0.0,0.0,0.0,534
2023-05-10 21:29:35,pp2403,pp2403,7186.0,0.0,0.0,0.0,1,7180.0,7194.0,1,7186.0,7178.0,0.0,0.0,0.0,0.0,534
2023-05-10 21:29:35,pp2403,pp2403,7186.0,0.0,0.0,0.0,1,7180.0,7197.0,2,7186.0,7178.0,0.0,0.0,0.0,0.0,534
2023-05-10 21:29:36,pp2403,pp2403,7186.0,0.0,0.0,0.0,1,7180.0,7197.0,3,7186.0,7178.0,0.0,0.0,0.0,0.0,534
2023-05-10 21:29:36,pp2403,pp2403,7186.0,0.0,0.0,0.0,1,7180.0,7197.0,35,7186.0,7178.0,0.0,0.0,0.0,0.0,534
2023-05-10 21:29:38,pp2403,pp2403,7186.0,0.0,0.0,0.0,30,7178.0,7197.0,35,7186.0,7178.0,0.0,0.0,0.0,0.0,534
2023-05-10 21:30:00,pp2403,pp2403,7186.0,0.0,0.0,0.0,30,7178.0,7197.0,33,7186.0,7178.0,0.0,0.0,0.0,0.0,534
2023-05-10 21:30:01,pp2403,pp2403,7186.0,0.0,0.0,0.0,30,7178.0,7196.0,4,7186.0,7178.0,0.0,0.0,0.0,0.0,534
2023-05-10 21:30:02,pp2403,pp2403,7186.0,0.0,0.0,0.0,30,7178.0,7193.0,1,7186.0,7178.0,0.0,0.0,0.0,0.0,534
2023-05-10 21:30:03,pp2403,pp2403,7186.0,0.0,0.0,0.0,1,7179.0,7196.0,20,7186.0,7178.0,0.0,0.0,0.0,0.0,534
2023-05-10 21:30:04,pp2403,pp2403,7186.0,0.0,0.0,0.0,1,7179.0,7194.0,1,7186.0,7178.0,0.0,0.0,0.0,0.0,534
2023-05-10 21:30:05,pp2403,pp2403,7186.0,0.0,0.0,0.0,1,7179.0,7196.0,5,7186.0,7178.0,0.0,0.0,0.0,0.0,534
2023-05-10 21:30:05,pp2403,pp2403,7186.0,0.0,0.0,0.0,1,7179.0,7194.0,21,7186.0,7178.0,0.0,0.0,0.0,0.0,534
2023-05-10 21:30:06,pp2403,pp2403,7186.0,0.0,0.0,0.0,1,7179.0,7194.0,24,7186.0,7178.0,0.0,0.0,0.0,0.0,534
2023-05-10 21:30:10,pp2403,pp2403,7186.0,0.0,0.0,0.0,1,7179.0,7194.0,25,7186.0,7178.0,0.0,0.0,0.0,0.0,534
2023-05-10 21:30:36,pp2403,pp2403,7186.0,0.0,0.0,0.0,1,7179.0,7194.0,24,7186.0,7178.0,0.0,0.0,0.0,0.0,534
2023-05-10 21:30:36,pp2403,pp2403,7186.0,0.0,0.0,0.0,1,7179.0,7194.0,1,7186.0,7178.0,0.0,0.0,0.0,0.0,534
2023-05-10 21:30:37,pp2403,pp2403,7186.0,0.0,0.0,0.0,1,7179.0,7194.0,25,7186.0,7178.0,0.0,0.0,0.0,0.0,534
2023-05-10 21:30:49,pp2403,pp2403,7186.0,0.0,0.0,0.0,1,7179.0,7194.0,24,7186.0,7178.0,0.0,0.0,0.0,0.0,534
2023-05-10 21:31:02,pp2403,pp2403,7186.0,0.0,0.0,0.0,1,7179.0,7207.0,1,7186.0,7178.0,0.0,0.0,0.0,0.0,534
2023-05-10 21:31:02,pp2403,pp2403,7186.0,0.0,0.0,0.0,1,7179.0,7194.0,24,7186.0,7178.0,0.0,0.0,0.0,0.0,534
2023-05-10 21:31:30,pp2403,pp2403,7186.0,0.0,0.0,0.0,1,7179.0,7198.0,1,7186.0,7178.0,0.0,0.0,0.0,0.0,534
2023-05-10 21:31:31,pp2403,pp2403,7186.0,0.0,0.0,0.0,1,7179.0,7194.0,24,7186.0,7178.0,0.0,0.0,0.0,0.0,534
2023-05-10 21:32:58,pp2403,pp2403,7186.0,0.0,0.0,0.0,1,7179.0,7193.0,1,7186.0,7178.0,0.0,0.0,0.0,0.0,534
2023-05-10 21:32:58,pp2403,pp2403,7186.0,0.0,0.0,0.0,30,7178.0,7193.0,1,7186.0,7178.0,0.0,0.0,0.0,0.0,534
2023-05-10 21:32:59,pp2403,pp2403,7186.0,0.0,0.0,0.0,30,7178.0,7193.0,4,7186.0,7178.0,0.0,0.0,0.0,0.0,534
2023-05-10 21:33:00,pp2403,pp2403,7186.0,0.0,0.0,0.0,30,7178.0,7192.0,4,7186.0,7178.0,0.0,0.0,0.0,0.0,534
2023-05-10 21:33:00,pp2403,pp2403,7186.0,0.0,0.0,0.0,30,7178.0,7191.0,1,7186.0,7178.0,0.0,0.0,0.0,0.0,534
2023-05-10 21:33:02,pp2403,pp2403,7186.0,0.0,0.0,0.0,30,7178.0,7191.0,8,7186.0,7178.0,0.0,0.0,0.0,0.0,534
2023-05-10 21:33:02,pp2403,pp2403,7186.0,0.0,0.0,0.0,30,7178.0,7191.0,15,7186.0,7178.0,0.0,0.0,0.0,0.0,534
2023-05-10 21:33:14,pp2403,pp2403,7186.0,0.0,0.0,0.0,30,7178.0,7190.0,4,7186.0,7178.0,0.0,0.0,0.0,0.0,534
2023-05-10 21:33:15,pp2403,pp2403,7186.0,0.0,0.0,0.0,30,7178.0,7189.0,1,7186.0,7178.0,0.0,0.0,0.0,0.0,534
2023-05-10 21:33:27,pp2403,pp2403,7186.0,0.0,0.0,0.0,30,7178.0,7189.0,8,7186.0,7178.0,0.0,0.0,0.0,0.0,534
2023-05-10 21:33:27,pp2403,pp2403,7186.0,0.0,0.0,0.0,30,7178.0,7189.0,43,7186.0,7178.0,0.0,0.0,0.0,0.0,534
2023-05-10 21:33:28,pp2403,pp2403,7186.0,0.0,0.0,0.0,30,7178.0,7189.0,42,7186.0,7178.0,0.0,0.0,0.0,0.0,534
2023-05-10 21:33:30,pp2403,pp2403,7186.0,0.0,0.0,0.0,30,7178.0,7198.0,1,7186.0,7178.0,0.0,0.0,0.0,0.0,534
2023-05-10 21:33:30,pp2403,pp2403,7186.0,0.0,0.0,0.0,30,7178.0,7189.0,16,7186.0,7178.0,0.0,0.0,0.0,0.0,534
2023-05-10 21:34:32,pp2403,pp2403,7186.0,0.0,0.0,0.0,30,7178.0,7192.0,2,7186.0,7178.0,0.0,0.0,0.0,0.0,534
2023-05-10 21:34:33,pp2403,pp2403,7186.0,0.0,0.0,0.0,30,7178.0,7189.0,16,7186.0,7178.0,0.0,0.0,0.0,0.0,534
2023-05-10 21:35:33,pp2403,pp2403,7186.0,0.0,0.0,0.0,30,7178.0,7189.0,17,7186.0,7178.0,0.0,0.0,0.0,0.0,534
2023-05-10 21:35:34,pp2403,pp2403,7186.0,0.0,0.0,0.0,30,7178.0,7188.0,2,7186.0,7178.0,0.0,0.0,0.0,0.0,534
2023-05-10 21:35:57,pp2403,pp2403,7186.0,0.0,0.0,0.0,30,7178.0,7188.0,3,7186.0,7178.0,0.0,0.0,0.0,0.0,534
2023-05-10 21:36:00,pp2403,pp2403,7186.0,0.0,0.0,0.0,30,7178.0,7188.0,2,7186.0,7178.0,0.0,0.0,0.0,0.0,534
2023-05-10 21:36:06,pp2403,pp2403,7186.0,0.0,0.0,0.0,30,7178.0,7188.0,3,7186.0,7178.0,0.0,0.0,0.0,0.0,534
2023-05-10 21:36:13,pp2403,pp2403,7186.0,0.0,0.0,0.0,30,7178.0,7188.0,4,7186.0,7178.0,0.0,0.0,0.0,0.0,534
2023-05-10 21:36:14,pp2403,pp2403,7186.0,0.0,0.0,0.0,30,7178.0,7188.0,13,7186.0,7178.0,0.0,0.0,0.0,0.0,534
2023-05-10 21:36:15,pp2403,pp2403,7186.0,0.0,0.0,0.0,30,7178.0,7188.0,5,7186.0,7178.0,0.0,0.0,0.0,0.0,534
2023-05-10 21:36:16,pp2403,pp2403,7186.0,0.0,0.0,0.0,30,7178.0,7188.0,29,7186.0,7178.0,0.0,0.0,0.0,0.0,534
2023-05-10 21:36:26,pp2403,pp2403,7186.0,0.0,0.0,0.0,30,7178.0,7188.0,28,7186.0,7178.0,0.0,0.0,0.0,0.0,534
2023-05-10 21:36:27,pp2403,pp2403,7186.0,0.0,0.0,0.0,30,7178.0,7188.0,4,7186.0,7178.0,0.0,0.0,0.0,0.0,534
2023-05-10 21:36:27,pp2403,pp2403,7186.0,0.0,0.0,0.0,30,7178.0,7188.0,29,7186.0,7178.0,0.0,0.0,0.0,0.0,534
2023-05-10 21:37:10,pp2403,pp2403,7186.0,0.0,0.0,0.0,30,7178.0,7188.0,28,7186.0,7178.0,0.0,0.0,0.0,0.0,534
2023-05-10 21:37:12,pp2403,pp2403,7186.0,0.0,0.0,0.0,30,7178.0,7188.0,26,7186.0,7178.0,0.0,0.0,0.0,0.0,534
2023-05-10 21:37:16,pp2403,pp2403,7186.0,0.0,0.0,0.0,30,7178.0,7188.0,27,7186.0,7178.0,0.0,0.0,0.0,0.0,534
2023-05-10 21:37:17,pp2403,pp2403,7186.0,0.0,0.0,0.0,30,7178.0,7188.0,26,7186.0,7178.0,0.0,0.0,0.0,0.0,534
2023-05-10 21:37:23,pp2403,pp2403,7186.0,0.0,0.0,0.0,30,7178.0,7188.0,27,7186.0,7178.0,0.0,0.0,0.0,0.0,534
2023-05-10 21:37:23,pp2403,pp2403,7186.0,0.0,0.0,0.0,30,7178.0,7188.0,26,7186.0,7178.0,0.0,0.0,0.0,0.0,534
2023-05-10 21:37:25,pp2403,pp2403,7186.0,0.0,0.0,0.0,30,7178.0,7188.0,27,7186.0,7178.0,0.0,0.0,0.0,0.0,534
2023-05-10 21:37:25,pp2403,pp2403,7186.0,0.0,0.0,0.0,30,7178.0,7188.0,26,7186.0,7178.0,0.0,0.0,0.0,0.0,534
2023-05-10 21:37:26,pp2403,pp2403,7186.0,0.0,0.0,0.0,30,7178.0,7188.0,27,7186.0,7178.0,0.0,0.0,0.0,0.0,534
2023-05-10 21:37:28,pp2403,pp2403,7186.0,0.0,0.0,0.0,30,7178.0,7188.0,26,7186.0,7178.0,0.0,0.0,0.0,0.0,534
2023-05-10 21:37:42,pp2403,pp2403,7186.0,0.0,0.0,0.0,30,7178.0,7188.0,27,7186.0,7178.0,0.0,0.0,0.0,0.0,534
2023-05-10 21:37:45,pp2403,pp2403,7186.0,0.0,0.0,0.0,30,7178.0,7188.0,29,7186.0,7178.0,0.0,0.0,0.0,0.0,534
2023-05-10 21:37:48,pp2403,pp2403,7186.0,0.0,0.0,0.0,30,7178.0,7188.0,5,7186.0,7178.0,0.0,0.0,0.0,0.0,534
2023-05-10 21:37:49,pp2403,pp2403,7186.0,0.0,0.0,0.0,30,7178.0,7188.0,84,7186.0,7178.0,0.0,0.0,0.0,0.0,534
2023-05-10 21:38:09,pp2403,pp2403,7186.0,0.0,0.0,0.0,30,7178.0,7188.0,85,7186.0,7178.0,0.0,0.0,0.0,0.0,534
2023-05-10 21:38:19,pp2403,pp2403,7186.0,0.0,0.0,0.0,30,7178.0,7188.0,84,7186.0,7178.0,0.0,0.0,0.0,0.0,534
2023-05-10 21:38:20,pp2403,pp2403,7186.0,0.0,0.0,0.0,30,7178.0,7188.0,5,7186.0,7178.0,0.0,0.0,0.0,0.0,534
2023-05-10 21:38:20,pp2403,pp2403,7186.0,0.0,0.0,0.0,30,7178.0,7188.0,29,7186.0,7178.0,0.0,0.0,0.0,0.0,534
2023-05-10 21:38:32,pp2403,pp2403,7186.0,0.0,0.0,0.0,30,7178.0,7188.0,30,7186.0,7178.0,0.0,0.0,0.0,0.0,534
2023-05-10 21:38:37,pp2403,pp2403,7186.0,0.0,0.0,0.0,30,7178.0,7188.0,9,7186.0,7178.0,0.0,0.0,0.0,0.0,534
2023-05-10 21:38:38,pp2403,pp2403,7186.0,0.0,0.0,0.0,30,7178.0,7188.0,20,7186.0,7178.0,0.0,0.0,0.0,0.0,534
2023-05-10 21:38:39,pp2403,pp2403,7186.0,0.0,0.0,0.0,30,7178.0,7188.0,22,7186.0,7178.0,0.0,0.0,0.0,0.0,534
2023-05-10 21:39:01,pp2403,pp2403,7186.0,0.0,0.0,0.0,30,7178.0,7188.0,21,7186.0,7178.0,0.0,0.0,0.0,0.0,534
2023-05-10 21:39:01,pp2403,pp2403,7186.0,0.0,0.0,0.0,30,7178.0,7188.0,5,7186.0,7178.0,0.0,0.0,0.0,0.0,534
2023-05-10 21:39:02,pp2403,pp2403,7186.0,0.0,0.0,0.0,30,7178.0,7188.0,29,7186.0,7178.0,0.0,0.0,0.0,0.0,534
2023-05-10 21:39:03,pp2403,pp2403,7186.0,0.0,0.0,0.0,30,7178.0,7188.0,30,7186.0,7178.0,0.0,0.0,0.0,0.0,534
2023-05-10 21:39:03,pp2403,pp2403,7186.0,0.0,0.0,0.0,30,7178.0,7188.0,29,7186.0,7178.0,0.0,0.0,0.0,0.0,534
2023-05-10 21:39:04,pp2403,pp2403,7186.0,0.0,0.0,0.0,30,7178.0,7188.0,30,7186.0,7178.0,0.0,0.0,0.0,0.0,534
2023-05-10 21:39:05,pp2403,pp2403,7186.0,0.0,0.0,0.0,30,7178.0,7188.0,29,7186.0,7178.0,0.0,0.0,0.0,0.0,534
2023-05-10 21:39:12,pp2403,pp2403,7186.0,0.0,0.0,0.0,30,7178.0,7188.0,30,7186.0,7178.0,0.0,0.0,0.0,0.0,534
2023-05-10 21:39:15,pp2403,pp2403,7186.0,0.0,0.0,0.0,30,7178.0,7188.0,29,7186.0,7178.0,0.0,0.0,0.0,0.0,534
2023-05-10 21:39:19,pp2403,pp2403,7186.0,0.0,0.0,0.0,30,7178.0,7188.0,30,7186.0,7178.0,0.0,0.0,0.0,0.0,534
2023-05-10 21:39:30,pp2403,pp2403,7186.0,0.0,0.0,0.0,30,7178.0,7188.0,6,7186.0,7178.0,0.0,0.0,0.0,0.0,534
2023-05-10 21:39:31,pp2403,pp2403,7186.0,0.0,0.0,0.0,30,7178.0,7188.0,30,7186.0,7178.0,0.0,0.0,0.0,0.0,534
2023-05-10 21:39:49,pp2403,pp2403,7186.0,0.0,0.0,0.0,30,7178.0,7188.0,29,7186.0,7178.0,0.0,0.0,0.0,0.0,534
2023-05-10 21:39:50,pp2403,pp2403,7186.0,0.0,0.0,0.0,30,7178.0,7188.0,5,7186.0,7178.0,0.0,0.0,0.0,0.0,534
2023-05-10 21:39:50,pp2403,pp2403,7186.0,0.0,0.0,0.0,30,7178.0,7188.0,29,7186.0,7178.0,0.0,0.0,0.0,0.0,534
2023-05-10 21:39:54,pp2403,pp2403,7186.0,0.0,0.0,0.0,30,7178.0,7188.0,6,7186.0,7178.0,0.0,0.0,0.0,0.0,534
2023-05-10 21:39:54,pp2403,pp2403,7186.0,0.0,0.0,0.0,30,7178.0,7188.0,82,7186.0,7178.0,0.0,0.0,0.0,0.0,534
2023-05-10 21:40:05,pp2403,pp2403,7186.0,0.0,0.0,0.0,30,7178.0,7188.0,81,7186.0,7178.0,0.0,0.0,0.0,0.0,534
2023-05-10 21:40:05,pp2403,pp2403,7186.0,0.0,0.0,0.0,30,7178.0,7188.0,5,7186.0,7178.0,0.0,0.0,0.0,0.0,534
2023-05-10 21:40:06,pp2403,pp2403,7186.0,0.0,0.0,0.0,30,7178.0,7188.0,6,7186.0,7178.0,0.0,0.0,0.0,0.0,534
2023-05-10 21:40:07,pp2403,pp2403,7186.0,0.0,0.0,0.0,30,7178.0,7188.0,42,7186.0,7178.0,0.0,0.0,0.0,0.0,534
2023-05-10 21:40:08,pp2403,pp2403,7186.0,0.0,0.0,0.0,30,7178.0,7188.0,48,7186.0,7178.0,0.0,0.0,0.0,0.0,534
2023-05-10 21:40:08,pp2403,pp2403,7186.0,0.0,0.0,0.0,30,7178.0,7188.0,54,7186.0,7178.0,0.0,0.0,0.0,0.0,534
2023-05-10 21:40:13,pp2403,pp2403,7186.0,0.0,0.0,0.0,30,7178.0,7188.0,53,7186.0,7178.0,0.0,0.0,0.0,0.0,534
2023-05-10 21:40:15,pp2403,pp2403,7186.0,0.0,0.0,0.0,30,7178.0,7188.0,5,7186.0,7178.0,0.0,0.0,0.0,0.0,534
2023-05-10 21:40:18,pp2403,pp2403,7186.0,0.0,0.0,0.0,30,7178.0,7188.0,21,7186.0,7178.0,0.0,0.0,0.0,0.0,534
2023-05-10 21:40:42,pp2403,pp2403,7186.0,0.0,0.0,0.0,30,7178.0,7187.0,1,7186.0,7178.0,0.0,0.0,0.0,0.0,534
2023-05-10 21:40:43,pp2403,pp2403,7186.0,0.0,0.0,0.0,30,7178.0,7182.0,1,7186.0,7178.0,0.0,0.0,0.0,0.0,534
2023-05-10 21:40:44,pp2403,pp2403,7178.0,1.0,35890.0,1.0,29,7178.0,7181.0,4,7186.0,7178.0,7178.0,7178.0,1.0,35890.0,535
2023-05-10 21:40:44,pp2403,pp2403,7178.0,1.0,35890.0,1.0,28,7178.0,7181.0,5,7186.0,7178.0,7178.0,7178.0,2.0,71780.0,536
2023-05-10 21:40:45,pp2403,pp2403,7178.0,1.0,35890.0,1.0,27,7178.0,7181.0,89,7186.0,7178.0,7178.0,7178.0,3.0,107670.0,537
2023-05-10 21:40:45,pp2403,pp2403,7178.0,1.0,35890.0,1.0,26,7178.0,7181.0,89,7186.0,7178.0,7178.0,7178.0,4.0,143560.0,538
2023-05-10 21:40:46,pp2403,pp2403,7178.0,1.0,35890.0,1.0,25,7178.0,7181.0,89,7186.0,7178.0,7178.0,7178.0,5.0,179450.0,539
2023-05-10 21:40:46,pp2403,pp2403,7178.0,0.0,0.0,0.0,25,7178.0,7181.0,88,7186.0,7178.0,7178.0,7178.0,5.0,179450.0,539
2023-05-10 21:40:47,pp2403,pp2403,7178.0,1.0,35890.0,1.0,24,7178.0,7181.0,89,7186.0,7178.0,7178.0,7178.0,6.0,215340.0,540
2023-05-10 21:40:47,pp2403,pp2403,7178.0,1.0,35890.0,1.0,23,7178.0,7181.0,89,7186.0,7178.0,7178.0,7178.0,7.0,251230.0,541
2023-05-10 21:40:48,pp2403,pp2403,7178.0,1.0,35890.0,1.0,22,7178.0,7181.0,89,7186.0,7178.0,7178.0,7178.0,8.0,287120.0,542
2023-05-10 21:41:01,pp2403,pp2403,7178.0,0.0,0.0,0.0,22,7178.0,7181.0,88,7186.0,7178.0,7178.0,7178.0,8.0,287120.0,542
2023-05-10 21:41:17,pp2403,pp2403,7178.0,0.0,0.0,0.0,22,7178.0,7181.0,86,7186.0,7178.0,7178.0,7178.0,8.0,287120.0,542
2023-05-10 21:41:18,pp2403,pp2403,7178.0,0.0,0.0,0.0,22,7178.0,7181.0,89,7186.0,7178.0,7178.0,7178.0,8.0,287120.0,542
2023-05-10 21:41:24,pp2403,pp2403,7178.0,0.0,0.0,0.0,22,7178.0,7181.0,88,7186.0,7178.0,7178.0,7178.0,8.0,287120.0,542
2023-05-10 21:41:27,pp2403,pp2403,7178.0,0.0,0.0,0.0,22,7178.0,7181.0,89,7186.0,7178.0,7178.0,7178.0,8.0,287120.0,542
2023-05-10 21:41:27,pp2403,pp2403,7178.0,0.0,0.0,0.0,22,7178.0,7181.0,88,7186.0,7178.0,7178.0,7178.0,8.0,287120.0,542
2023-05-10 21:41:28,pp2403,pp2403,7178.0,0.0,0.0,0.0,22,7178.0,7181.0,89,7186.0,7178.0,7178.0,7178.0,8.0,287120.0,542
2023-05-10 21:41:28,pp2403,pp2403,7178.0,0.0,0.0,0.0,22,7178.0,7181.0,5,7186.0,7178.0,7178.0,7178.0,8.0,287120.0,542
2023-05-10 21:41:29,pp2403,pp2403,7178.0,0.0,0.0,0.0,22,7178.0,7181.0,13,7186.0,7178.0,7178.0,7178.0,8.0,287120.0,542
2023-05-10 21:41:30,pp2403,pp2403,7178.0,0.0,0.0,0.0,22,7178.0,7181.0,12,7186.0,7178.0,7178.0,7178.0,8.0,287120.0,542
2023-05-10 21:41:31,pp2403,pp2403,7178.0,0.0,0.0,0.0,22,7178.0,7181.0,13,7186.0,7178.0,7178.0,7178.0,8.0,287120.0,542
2023-05-10 21:41:46,pp2403,pp2403,7178.0,0.0,0.0,0.0,22,7178.0,7181.0,12,7186.0,7178.0,7178.0,7178.0,8.0,287120.0,542
2023-05-10 21:41:52,pp2403,pp2403,7178.0,0.0,0.0,0.0,22,7178.0,7181.0,13,7186.0,7178.0,7178.0,7178.0,8.0,287120.0,542
2023-05-10 21:41:55,pp2403,pp2403,7178.0,0.0,0.0,0.0,22,7178.0,7181.0,12,7186.0,7178.0,7178.0,7178.0,8.0,287120.0,542
2023-05-10 21:41:57,pp2403,pp2403,7178.0,0.0,0.0,0.0,22,7178.0,7181.0,13,7186.0,7178.0,7178.0,7178.0,8.0,287120.0,542
2023-05-10 21:42:07,pp2403,pp2403,7178.0,0.0,0.0,0.0,22,7178.0,7181.0,12,7186.0,7178.0,7178.0,7178.0,8.0,287120.0,542
2023-05-10 21:42:13,pp2403,pp2403,7178.0,0.0,0.0,0.0,22,7178.0,7181.0,13,7186.0,7178.0,7178.0,7178.0,8.0,287120.0,542
2023-05-10 21:42:28,pp2403,pp2403,7178.0,0.0,0.0,0.0,22,7178.0,7181.0,5,7186.0,7178.0,7178.0,7178.0,8.0,287120.0,542
2023-05-10 21:42:29,pp2403,pp2403,7178.0,0.0,0.0,0.0,22,7178.0,7181.0,13,7186.0,7178.0,7178.0,7178.0,8.0,287120.0,542
2023-05-10 21:42:32,pp2403,pp2403,7178.0,0.0,0.0,0.0,22,7178.0,7181.0,12,7186.0,7178.0,7178.0,7178.0,8.0,287120.0,542
2023-05-10 21:42:34,pp2403,pp2403,7178.0,0.0,0.0,0.0,22,7178.0,7198.0,1,7186.0,7178.0,7178.0,7178.0,8.0,287120.0,542
2023-05-10 21:42:34,pp2403,pp2403,7178.0,0.0,0.0,0.0,22,7178.0,7181.0,8,7186.0,7178.0,7178.0,7178.0,8.0,287120.0,542
2023-05-10 21:42:37,pp2403,pp2403,7178.0,0.0,0.0,0.0,22,7178.0,7181.0,10,7186.0,7178.0,7178.0,7178.0,8.0,287120.0,542
2023-05-10 21:42:42,pp2403,pp2403,7178.0,0.0,0.0,0.0,22,7178.0,7181.0,9,7186.0,7178.0,7178.0,7178.0,8.0,287120.0,542
2023-05-10 21:42:43,pp2403,pp2403,7178.0,0.0,0.0,0.0,22,7178.0,7181.0,10,7186.0,7178.0,7178.0,7178.0,8.0,287120.0,542
2023-05-10 21:42:47,pp2403,pp2403,7178.0,0.0,0.0,0.0,22,7178.0,7181.0,12,7186.0,7178.0,7178.0,7178.0,8.0,287120.0,542
2023-05-10 21:42:47,pp2403,pp2403,7178.0,0.0,0.0,0.0,22,7178.0,7181.0,13,7186.0,7178.0,7178.0,7178.0,8.0,287120.0,542
2023-05-10 21:43:13,pp2403,pp2403,7178.0,0.0,0.0,0.0,22,7178.0,7181.0,12,7186.0,7178.0,7178.0,7178.0,8.0,287120.0,542
2023-05-10 21:43:13,pp2403,pp2403,7178.0,0.0,0.0,0.0,22,7178.0,7181.0,1,7186.0,7178.0,7178.0,7178.0,8.0,287120.0,542
2023-05-10 21:43:14,pp2403,pp2403,7178.0,0.0,0.0,0.0,22,7178.0,7181.0,26,7186.0,7178.0,7178.0,7178.0,8.0,287120.0,542
2023-05-10 21:43:14,pp2403,pp2403,7178.0,0.0,0.0,0.0,22,7178.0,7181.0,29,7186.0,7178.0,7178.0,7178.0,8.0,287120.0,542
2023-05-10 21:43:15,pp2403,pp2403,7178.0,0.0,0.0,0.0,22,7178.0,7181.0,28,7186.0,7178.0,7178.0,7178.0,8.0,287120.0,542
2023-05-10 21:43:16,pp2403,pp2403,7178.0,0.0,0.0,0.0,22,7178.0,7181.0,2,7186.0,7178.0,7178.0,7178.0,8.0,287120.0,542
2023-05-10 21:43:16,pp2403,pp2403,7178.0,0.0,0.0,0.0,22,7178.0,7181.0,18,7186.0,7178.0,7178.0,7178.0,8.0,287120.0,542
2023-05-10 21:43:38,pp2403,pp2403,7178.0,1.0,35890.0,1.0,21,7178.0,7181.0,18,7186.0,7178.0,7178.0,7178.0,9.0,323010.0,543
2023-05-10 21:43:39,pp2403,pp2403,7178.0,1.0,35890.0,1.0,20,7178.0,7181.0,4,7186.0,7178.0,7178.0,7178.0,10.0,358900.0,544
2023-05-10 21:43:39,pp2403,pp2403,7178.0,4.0,143560.0,4.0,16,7178.0,7181.0,4,7186.0,7178.0,7178.0,7178.0,14.0,502460.0,548
2023-05-10 21:43:40,pp2403,pp2403,7178.0,1.0,35890.0,1.0,15,7178.0,7181.0,12,7186.0,7178.0,7178.0,7178.0,15.0,538350.0,549
2023-05-10 21:43:40,pp2403,pp2403,7178.0,0.0,0.0,0.0,15,7178.0,7181.0,4,7186.0,7178.0,7178.0,7178.0,15.0,538350.0,549
2023-05-10 21:43:42,pp2403,pp2403,7178.0,0.0,0.0,0.0,15,7178.0,7181.0,12,7186.0,7178.0,7178.0,7178.0,15.0,538350.0,549
2023-05-10 21:43:43,pp2403,pp2403,7178.0,0.0,0.0,0.0,15,7178.0,7181.0,4,7186.0,7178.0,7178.0,7178.0,15.0,538350.0,549
2023-05-10 21:43:43,pp2403,pp2403,7178.0,0.0,0.0,0.0,15,7178.0,7181.0,12,7186.0,7178.0,7178.0,7178.0,15.0,538350.0,549
2023-05-10 21:44:24,pp2403,pp2403,7178.0,0.0,0.0,0.0,15,7178.0,7179.0,1,7186.0,7178.0,7178.0,7178.0,15.0,538350.0,549
2023-05-10 21:44:25,pp2403,pp2403,7178.0,0.0,0.0,0.0,15,7178.0,7179.0,79,7186.0,7178.0,7178.0,7178.0,15.0,538350.0,549
2023-05-10 21:44:26,pp2403,pp2403,7178.0,0.0,0.0,0.0,15,7178.0,7179.0,78,7186.0,7178.0,7178.0,7178.0,15.0,538350.0,549
2023-05-10 21:44:29,pp2403,pp2403,7178.0,0.0,0.0,0.0,15,7178.0,7179.0,79,7186.0,7178.0,7178.0,7178.0,15.0,538350.0,549
2023-05-10 21:44:33,pp2403,pp2403,7178.0,1.0,35890.0,1.0,14,7178.0,7179.0,79,7186.0,7178.0,7178.0,7178.0,16.0,574240.0,550
2023-05-10 21:44:34,pp2403,pp2403,7178.0,0.0,0.0,0.0,14,7178.0,7179.0,76,7186.0,7178.0,7178.0,7178.0,16.0,574240.0,550
2023-05-10 21:44:34,pp2403,pp2403,7178.0,0.0,0.0,0.0,14,7178.0,7179.0,74,7186.0,7178.0,7178.0,7178.0,16.0,574240.0,550
2023-05-10 21:44:36,pp2403,pp2403,7178.0,3.0,107670.0,3.0,11,7178.0,7179.0,74,7186.0,7178.0,7178.0,7178.0,19.0,681910.0,553
2023-05-10 21:44:36,pp2403,pp2403,7178.0,0.0,0.0,0.0,11,7178.0,7179.0,76,7186.0,7178.0,7178.0,7178.0,19.0,681910.0,553
2023-05-10 21:44:37,pp2403,pp2403,7178.0,0.0,0.0,0.0,11,7178.0,7181.0,2,7186.0,7178.0,7178.0,7178.0,19.0,681910.0,553
2023-05-10 21:44:37,pp2403,pp2403,7178.0,0.0,0.0,0.0,11,7178.0,7179.0,8,7186.0,7178.0,7178.0,7178.0,19.0,681910.0,553
2023-05-10 21:44:40,pp2403,pp2403,7178.0,0.0,0.0,0.0,11,7178.0,7181.0,2,7186.0,7178.0,7178.0,7178.0,19.0,681910.0,553
2023-05-10 21:44:41,pp2403,pp2403,7178.0,0.0,0.0,0.0,11,7178.0,7181.0,4,7186.0,7178.0,7178.0,7178.0,19.0,681910.0,553
2023-05-10 21:44:42,pp2403,pp2403,7178.0,0.0,0.0,0.0,11,7178.0,7180.0,1,7186.0,7178.0,7178.0,7178.0,19.0,681910.0,553
2023-05-10 21:44:43,pp2403,pp2403,7178.0,0.0,0.0,0.0,11,7178.0,7180.0,3,7186.0,7178.0,7178.0,7178.0,19.0,681910.0,553
2023-05-10 21:45:04,pp2403,pp2403,7178.0,0.0,0.0,0.0,11,7178.0,7180.0,2,7186.0,7178.0,7178.0,7178.0,19.0,681910.0,553
2023-05-10 21:45:04,pp2403,pp2403,7178.0,0.0,0.0,0.0,11,7178.0,7195.0,1,7186.0,7178.0,7178.0,7178.0,19.0,681910.0,553
2023-05-10 21:45:05,pp2403,pp2403,7178.0,0.0,0.0,0.0,11,7178.0,7181.0,1,7186.0,7178.0,7178.0,7178.0,19.0,681910.0,553
2023-05-10 21:45:05,pp2403,pp2403,7178.0,0.0,0.0,0.0,11,7178.0,7181.0,15,7186.0,7178.0,7178.0,7178.0,19.0,681910.0,553
2023-05-10 21:45:06,pp2403,pp2403,7178.0,0.0,0.0,0.0,11,7178.0,7181.0,17,7186.0,7178.0,7178.0,7178.0,19.0,681910.0,553
2023-05-10 21:45:06,pp2403,pp2403,7178.0,0.0,0.0,0.0,11,7178.0,7181.0,19,7186.0,7178.0,7178.0,7178.0,19.0,681910.0,553
2023-05-10 21:45:15,pp2403,pp2403,7178.0,0.0,0.0,0.0,11,7178.0,7181.0,18,7186.0,7178.0,7178.0,7178.0,19.0,681910.0,553
2023-05-10 21:45:16,pp2403,pp2403,7178.0,0.0,0.0,0.0,11,7178.0,7181.0,2,7186.0,7178.0,7178.0,7178.0,19.0,681910.0,553
2023-05-10 21:45:21,pp2403,pp2403,7178.0,0.0,0.0,0.0,11,7178.0,7194.0,2,7186.0,7178.0,7178.0,7178.0,19.0,681910.0,553
2023-05-10 21:45:21,pp2403,pp2403,7178.0,0.0,0.0,0.0,11,7178.0,7182.0,1,7186.0,7178.0,7178.0,7178.0,19.0,681910.0,553
2023-05-10 21:45:26,pp2403,pp2403,7178.0,0.0,0.0,0.0,11,7178.0,7183.0,2,7186.0,7178.0,7178.0,7178.0,19.0,681910.0,553
2023-05-10 21:45:27,pp2403,pp2403,7178.0,0.0,0.0,0.0,11,7178.0,7195.0,1,7186.0,7178.0,7178.0,7178.0,19.0,681910.0,553
2023-05-10 21:45:27,pp2403,pp2403,7178.0,0.0,0.0,0.0,11,7178.0,7184.0,1,7186.0,7178.0,7178.0,7178.0,19.0,681910.0,553
2023-05-10 21:45:28,pp2403,pp2403,7178.0,0.0,0.0,0.0,11,7178.0,7184.0,57,7186.0,7178.0,7178.0,7178.0,19.0,681910.0,553
2023-05-10 21:45:33,pp2403,pp2403,7178.0,0.0,0.0,0.0,11,7178.0,7183.0,2,7186.0,7178.0,7178.0,7178.0,19.0,681910.0,553
2023-05-10 21:45:34,pp2403,pp2403,7178.0,0.0,0.0,0.0,11,7178.0,7183.0,3,7186.0,7178.0,7178.0,7178.0,19.0,681910.0,553
2023-05-10 21:45:34,pp2403,pp2403,7178.0,0.0,0.0,0.0,11,7178.0,7183.0,84,7186.0,7178.0,7178.0,7178.0,19.0,681910.0,553
2023-05-10 21:45:46,pp2403,pp2403,7178.0,0.0,0.0,0.0,11,7178.0,7183.0,86,7186.0,7178.0,7178.0,7178.0,19.0,681910.0,553
2023-05-10 21:46:32,pp2403,pp2403,7178.0,0.0,0.0,0.0,11,7178.0,7183.0,5,7186.0,7178.0,7178.0,7178.0,19.0,681910.0,553
2023-05-10 21:46:58,pp2403,pp2403,7178.0,1.0,35890.0,1.0,10,7178.0,7183.0,5,7186.0,7178.0,7178.0,7178.0,20.0,717800.0,554
2023-05-10 21:46:59,pp2403,pp2403,7178.0,1.0,35890.0,1.0,9,7178.0,7183.0,5,7186.0,7178.0,7178.0,7178.0,21.0,753690.0,555
2023-05-10 21:46:59,pp2403,pp2403,7178.0,1.0,35890.0,1.0,8,7178.0,7183.0,5,7186.0,7178.0,7178.0,7178.0,22.0,789580.0,556
2023-05-10 21:47:00,pp2403,pp2403,7178.0,1.0,35890.0,1.0,7,7178.0,7183.0,5,7186.0,7178.0,7178.0,7178.0,23.0,825470.0,557
2023-05-10 21:47:00,pp2403,pp2403,7178.0,1.0,35890.0,1.0,6,7178.0,7183.0,5,7186.0,7178.0,7178.0,7178.0,24.0,861360.0,558
2023-05-10 21:47:01,pp2403,pp2403,7178.0,1.0,35890.0,1.0,5,7178.0,7183.0,5,7186.0,7178.0,7178.0,7178.0,25.0,897250.0,559
2023-05-10 21:47:01,pp2403,pp2403,7178.0,1.0,35890.0,1.0,4,7178.0,7183.0,5,7186.0,7178.0,7178.0,7178.0,26.0,933140.0,560
2023-05-10 21:47:02,pp2403,pp2403,7178.0,1.0,35890.0,1.0,3,7178.0,7183.0,5,7186.0,7178.0,7178.0,7178.0,27.0,969030.0,561
2023-05-10 21:47:02,pp2403,pp2403,7178.0,1.0,35890.0,1.0,2,7178.0,7183.0,5,7186.0,7178.0,7178.0,7178.0,28.0,1004920.0,562
2023-05-10 21:47:03,pp2403,pp2403,7178.0,1.0,35890.0,1.0,1,7178.0,7183.0,5,7186.0,7178.0,7178.0,7178.0,29.0,1040810.0,563
2023-05-10 21:47:03,pp2403,pp2403,7178.0,1.0,35890.0,1.0,50,7158.0,7183.0,5,7186.0,7178.0,7178.0,7178.0,30.0,1076700.0,564
2023-05-10 21:47:05,pp2403,pp2403,7178.0,0.0,0.0,0.0,3,7159.0,7183.0,5,7186.0,7178.0,7178.0,7178.0,30.0,1076700.0,564
2023-05-10 21:47:05,pp2403,pp2403,7178.0,0.0,0.0,0.0,50,7158.0,7183.0,5,7186.0,7178.0,7178.0,7178.0,30.0,1076700.0,564
2023-05-10 21:47:18,pp2403,pp2403,7178.0,0.0,0.0,0.0,50,7158.0,7183.0,6,7186.0,7178.0,7178.0,7178.0,30.0,1076700.0,564
2023-05-10 21:47:19,pp2403,pp2403,7178.0,0.0,0.0,0.0,1,7159.0,7183.0,5,7186.0,7178.0,7178.0,7178.0,30.0,1076700.0,564
2023-05-10 21:47:20,pp2403,pp2403,7178.0,0.0,0.0,0.0,1,7159.0,7183.0,7,7186.0,7178.0,7178.0,7178.0,30.0,1076700.0,564
2023-05-10 21:47:32,pp2403,pp2403,7178.0,0.0,0.0,0.0,1,7159.0,7183.0,8,7186.0,7178.0,7178.0,7178.0,30.0,1076700.0,564
2023-05-10 21:47:52,pp2403,pp2403,7178.0,0.0,0.0,0.0,1,7159.0,7183.0,6,7186.0,7178.0,7178.0,7178.0,30.0,1076700.0,564
2023-05-10 21:49:11,pp2403,pp2403,7178.0,0.0,0.0,0.0,1,7159.0,7183.0,7,7186.0,7178.0,7178.0,7178.0,30.0,1076700.0,564
2023-05-10 21:49:12,pp2403,pp2403,7178.0,0.0,0.0,0.0,1,7159.0,7183.0,8,7186.0,7178.0,7178.0,7178.0,30.0,1076700.0,564
2023-05-10 21:49:18,pp2403,pp2403,7178.0,0.0,0.0,0.0,1,7159.0,7183.0,29,7186.0,7178.0,7178.0,7178.0,30.0,1076700.0,564
2023-05-10 21:49:19,pp2403,pp2403,7178.0,0.0,0.0,0.0,1,7159.0,7183.0,7,7186.0,7178.0,7178.0,7178.0,30.0,1076700.0,564
2023-05-10 21:50:00,pp2403,pp2403,7178.0,0.0,0.0,0.0,1,7159.0,7183.0,23,7186.0,7178.0,7178.0,7178.0,30.0,1076700.0,564
2023-05-10 21:50:44,pp2403,pp2403,7178.0,0.0,0.0,0.0,1,7159.0,7183.0,7,7186.0,7178.0,7178.0,7178.0,30.0,1076700.0,564
2023-05-10 21:50:45,pp2403,pp2403,7178.0,0.0,0.0,0.0,1,7159.0,7183.0,6,7186.0,7178.0,7178.0,7178.0,30.0,1076700.0,564
2023-05-10 21:50:58,pp2403,pp2403,7178.0,0.0,0.0,0.0,1,7159.0,7183.0,74,7186.0,7178.0,7178.0,7178.0,30.0,1076700.0,564
2023-05-10 21:51:29,pp2403,pp2403,7178.0,0.0,0.0,0.0,1,7159.0,7183.0,6,7186.0,7178.0,7178.0,7178.0,30.0,1076700.0,564
2023-05-10 21:51:40,pp2403,pp2403,7178.0,0.0,0.0,0.0,1,7159.0,7183.0,5,7186.0,7178.0,7178.0,7178.0,30.0,1076700.0,564
2023-05-10 21:51:41,pp2403,pp2403,7178.0,0.0,0.0,0.0,1,7159.0,7183.0,21,7186.0,7178.0,7178.0,7178.0,30.0,1076700.0,564
2023-05-10 21:51:41,pp2403,pp2403,7178.0,0.0,0.0,0.0,1,7159.0,7183.0,5,7186.0,7178.0,7178.0,7178.0,30.0,1076700.0,564
2023-05-10 21:52:19,pp2403,pp2403,7178.0,0.0,0.0,0.0,50,7158.0,7183.0,5,7186.0,7178.0,7178.0,7178.0,30.0,1076700.0,564
2023-05-10 21:52:49,pp2403,pp2403,7178.0,0.0,0.0,0.0,1,7159.0,7183.0,5,7186.0,7178.0,7178.0,7178.0,30.0,1076700.0,564
2023-05-10 21:53:53,pp2403,pp2403,7178.0,0.0,0.0,0.0,1,7159.0,7182.0,1,7186.0,7178.0,7178.0,7178.0,30.0,1076700.0,564
2023-05-10 21:53:53,pp2403,pp2403,7178.0,0.0,0.0,0.0,1,7159.0,7175.0,1,7186.0,7178.0,7178.0,7178.0,30.0,1076700.0,564
2023-05-10 21:53:54,pp2403,pp2403,7178.0,0.0,0.0,0.0,1,7159.0,7175.0,3,7186.0,7178.0,7178.0,7178.0,30.0,1076700.0,564
2023-05-10 21:53:54,pp2403,pp2403,7178.0,0.0,0.0,0.0,1,7159.0,7175.0,9,7186.0,7178.0,7178.0,7178.0,30.0,1076700.0,564
2023-05-10 21:54:01,pp2403,pp2403,7178.0,0.0,0.0,0.0,1,7159.0,7175.0,8,7186.0,7178.0,7178.0,7178.0,30.0,1076700.0,564
2023-05-10 21:54:02,pp2403,pp2403,7178.0,0.0,0.0,0.0,1,7159.0,7195.0,1,7186.0,7178.0,7178.0,7178.0,30.0,1076700.0,564
2023-05-10 21:54:02,pp2403,pp2403,7178.0,0.0,0.0,0.0,1,7159.0,7176.0,1,7186.0,7178.0,7178.0,7178.0,30.0,1076700.0,564
2023-05-10 21:54:09,pp2403,pp2403,7178.0,0.0,0.0,0.0,1,7159.0,7176.0,69,7186.0,7178.0,7178.0,7178.0,30.0,1076700.0,564
2023-05-10 21:54:12,pp2403,pp2403,7178.0,0.0,0.0,0.0,1,7159.0,7176.0,68,7186.0,7178.0,7178.0,7178.0,30.0,1076700.0,564
2023-05-10 21:54:13,pp2403,pp2403,7178.0,0.0,0.0,0.0,1,7159.0,7176.0,1,7186.0,7178.0,7178.0,7178.0,30.0,1076700.0,564
2023-05-10 21:54:23,pp2403,pp2403,7178.0,0.0,0.0,0.0,1,7159.0,7189.0,1,7186.0,7178.0,7178.0,7178.0,30.0,1076700.0,564
2023-05-10 21:54:24,pp2403,pp2403,7178.0,0.0,0.0,0.0,1,7159.0,7178.0,1,7186.0,7178.0,7178.0,7178.0,30.0,1076700.0,564
2023-05-10 21:57:33,pp2403,pp2403,7178.0,0.0,0.0,0.0,1,7159.0,7189.0,1,7186.0,7178.0,7178.0,7178.0,30.0,1076700.0,564
2023-05-10 21:57:33,pp2403,pp2403,7178.0,0.0,0.0,0.0,1,7159.0,7179.0,1,7186.0,7178.0,7178.0,7178.0,30.0,1076700.0,564
2023-05-10 21:57:35,pp2403,pp2403,7178.0,0.0,0.0,0.0,1,7159.0,7179.0,62,7186.0,7178.0,7178.0,7178.0,30.0,1076700.0,564
2023-05-10 21:57:35,pp2403,pp2403,7178.0,0.0,0.0,0.0,1,7159.0,7179.0,8,7186.0,7178.0,7178.0,7178.0,30.0,1076700.0,564
2023-05-10 21:57:36,pp2403,pp2403,7178.0,0.0,0.0,0.0,1,7159.0,7179.0,69,7186.0,7178.0,7178.0,7178.0,30.0,1076700.0,564
2023-05-10 21:57:36,pp2403,pp2403,7178.0,0.0,0.0,0.0,1,7159.0,7179.0,1,7186.0,7178.0,7178.0,7178.0,30.0,1076700.0,564
2023-05-10 21:57:37,pp2403,pp2403,7178.0,0.0,0.0,0.0,1,7159.0,7179.0,69,7186.0,7178.0,7178.0,7178.0,30.0,1076700.0,564
2023-05-10 21:57:37,pp2403,pp2403,7178.0,0.0,0.0,0.0,1,7159.0,7179.0,1,7186.0,7178.0,7178.0,7178.0,30.0,1076700.0,564
2023-05-10 21:57:38,pp2403,pp2403,7178.0,0.0,0.0,0.0,1,7159.0,7179.0,69,7186.0,7178.0,7178.0,7178.0,30.0,1076700.0,564
2023-05-10 21:57:38,pp2403,pp2403,7178.0,0.0,0.0,0.0,1,7159.0,7188.0,4,7186.0,7178.0,7178.0,7178.0,30.0,1076700.0,564
2023-05-10 21:57:39,pp2403,pp2403,7178.0,0.0,0.0,0.0,1,7159.0,7180.0,1,7186.0,7178.0,7178.0,7178.0,30.0,1076700.0,564
2023-05-10 21:57:50,pp2403,pp2403,7178.0,0.0,0.0,0.0,50,7158.0,7180.0,1,7186.0,7178.0,7178.0,7178.0,30.0,1076700.0,564
2023-05-10 21:58:20,pp2403,pp2403,7178.0,0.0,0.0,0.0,1,7159.0,7180.0,1,7186.0,7178.0,7178.0,7178.0,30.0,1076700.0,564
2023-05-10 21:59:14,pp2403,pp2403,7178.0,0.0,0.0,0.0,1,7159.0,7179.0,1,7186.0,7178.0,7178.0,7178.0,30.0,1076700.0,564
2023-05-10 21:59:14,pp2403,pp2403,7178.0,0.0,0.0,0.0,1,7159.0,7173.0,1,7186.0,7178.0,7178.0,7178.0,30.0,1076700.0,564
2023-05-10 21:59:20,pp2403,pp2403,7178.0,0.0,0.0,0.0,1,7159.0,7188.0,2,7186.0,7178.0,7178.0,7178.0,30.0,1076700.0,564
2023-05-10 21:59:21,pp2403,pp2403,7178.0,0.0,0.0,0.0,1,7159.0,7174.0,1,7186.0,7178.0,7178.0,7178.0,30.0,1076700.0,564
2023-05-10 21:59:29,pp2403,pp2403,7178.0,0.0,0.0,0.0,1,7159.0,7188.0,6,7186.0,7178.0,7178.0,7178.0,30.0,1076700.0,564
2023-05-10 21:59:29,pp2403,pp2403,7178.0,0.0,0.0,0.0,1,7159.0,7176.0,1,7186.0,7178.0,7178.0,7178.0,30.0,1076700.0,564
2023-05-10 22:00:03,pp2403,pp2403,7178.0,0.0,0.0,0.0,1,7159.0,7188.0,4,7186.0,7178.0,7178.0,7178.0,30.0,1076700.0,564
2023-05-10 22:00:03,pp2403,pp2403,7178.0,0.0,0.0,0.0,1,7159.0,7176.0,8,7186.0,7178.0,7178.0,7178.0,30.0,1076700.0,564
2023-05-10 22:00:04,pp2403,pp2403,7178.0,0.0,0.0,0.0,1,7159.0,7188.0,4,7186.0,7178.0,7178.0,7178.0,30.0,1076700.0,564
2023-05-10 22:00:04,pp2403,pp2403,7178.0,0.0,0.0,0.0,1,7159.0,7176.0,16,7186.0,7178.0,7178.0,7178.0,30.0,1076700.0,564
2023-05-10 22:00:05,pp2403,pp2403,7178.0,0.0,0.0,0.0,1,7159.0,7188.0,4,7186.0,7178.0,7178.0,7178.0,30.0,1076700.0,564
2023-05-10 22:00:06,pp2403,pp2403,7178.0,0.0,0.0,0.0,1,7159.0,7181.0,1,7186.0,7178.0,7178.0,7178.0,30.0,1076700.0,564
2023-05-10 22:00:25,pp2403,pp2403,7178.0,0.0,0.0,0.0,1,7159.0,7188.0,4,7186.0,7178.0,7178.0,7178.0,30.0,1076700.0,564
2023-05-10 22:00:25,pp2403,pp2403,7178.0,0.0,0.0,0.0,1,7159.0,7181.0,1,7186.0,7178.0,7178.0,7178.0,30.0,1076700.0,564
2023-05-10 22:00:26,pp2403,pp2403,7178.0,0.0,0.0,0.0,1,7159.0,7188.0,72,7186.0,7178.0,7178.0,7178.0,30.0,1076700.0,564
2023-05-10 22:00:26,pp2403,pp2403,7178.0,0.0,0.0,0.0,1,7159.0,7182.0,1,7186.0,7178.0,7178.0,7178.0,30.0,1076700.0,564
2023-05-10 22:00:34,pp2403,pp2403,7178.0,0.0,0.0,0.0,1,7159.0,7182.0,7,7186.0,7178.0,7178.0,7178.0,30.0,1076700.0,564
2023-05-10 22:00:35,pp2403,pp2403,7178.0,0.0,0.0,0.0,1,7159.0,7182.0,1,7186.0,7178.0,7178.0,7178.0,30.0,1076700.0,564
2023-05-10 22:00:36,pp2403,pp2403,7178.0,0.0,0.0,0.0,1,7159.0,7182.0,8,7186.0,7178.0,7178.0,7178.0,30.0,1076700.0,564
2023-05-10 22:00:49,pp2403,pp2403,7178.0,0.0,0.0,0.0,1,7160.0,7188.0,4,7186.0,7178.0,7178.0,7178.0,30.0,1076700.0,564
2023-05-10 22:00:49,pp2403,pp2403,7178.0,0.0,0.0,0.0,1,7159.0,7186.0,1,7186.0,7178.0,7178.0,7178.0,30.0,1076700.0,564
2023-05-10 22:01:10,pp2403,pp2403,7178.0,0.0,0.0,0.0,1,7159.0,7186.0,57,7186.0,7178.0,7178.0,7178.0,30.0,1076700.0,564
2023-05-10 22:01:32,pp2403,pp2403,7178.0,0.0,0.0,0.0,1,7159.0,7186.0,1,7186.0,7178.0,7178.0,7178.0,30.0,1076700.0,564
2023-05-10 22:01:33,pp2403,pp2403,7178.0,0.0,0.0,0.0,1,7159.0,7186.0,17,7186.0,7178.0,7178.0,7178.0,30.0,1076700.0,564
2023-05-10 22:01:38,pp2403,pp2403,7178.0,0.0,0.0,0.0,1,7159.0,7186.0,1,7186.0,7178.0,7178.0,7178.0,30.0,1076700.0,564
2023-05-10 22:02:12,pp2403,pp2403,7178.0,0.0,0.0,0.0,1,7159.0,7186.0,76,7186.0,7178.0,7178.0,7178.0,30.0,1076700.0,564
2023-05-10 22:03:05,pp2403,pp2403,7178.0,0.0,0.0,0.0,1,7159.0,7186.0,1,7186.0,7178.0,7178.0,7178.0,30.0,1076700.0,564
2023-05-10 22:03:09,pp2403,pp2403,7178.0,0.0,0.0,0.0,1,7159.0,7185.0,2,7186.0,7178.0,7178.0,7178.0,30.0,1076700.0,564
2023-05-10 22:03:09,pp2403,pp2403,7178.0,0.0,0.0,0.0,1,7159.0,7183.0,1,7186.0,7178.0,7178.0,7178.0,30.0,1076700.0,564
2023-05-10 22:03:10,pp2403,pp2403,7178.0,0.0,0.0,0.0,1,7159.0,7183.0,8,7186.0,7178.0,7178.0,7178.0,30.0,1076700.0,564
2023-05-10 22:03:11,pp2403,pp2403,7178.0,0.0,0.0,0.0,1,7159.0,7183.0,7,7186.0,7178.0,7178.0,7178.0,30.0,1076700.0,564
2023-05-10 22:03:12,pp2403,pp2403,7178.0,0.0,0.0,0.0,1,7159.0,7188.0,2,7186.0,7178.0,7178.0,7178.0,30.0,1076700.0,564
2023-05-10 22:03:12,pp2403,pp2403,7178.0,0.0,0.0,0.0,1,7159.0,7183.0,68,7186.0,7178.0,7178.0,7178.0,30.0,1076700.0,564
2023-05-10 22:03:21,pp2403,pp2403,7178.0,0.0,0.0,0.0,50,7158.0,7183.0,68,7186.0,7178.0,7178.0,7178.0,30.0,1076700.0,564
2023-05-10 22:03:23,pp2403,pp2403,7178.0,0.0,0.0,0.0,1,7159.0,7183.0,68,7186.0,7178.0,7178.0,7178.0,30.0,1076700.0,564
2023-05-10 22:03:43,pp2403,pp2403,7178.0,0.0,0.0,0.0,1,7159.0,7181.0,1,7186.0,7178.0,7178.0,7178.0,30.0,1076700.0,564
2023-05-10 22:03:53,pp2403,pp2403,7178.0,0.0,0.0,0.0,1,7160.0,7181.0,1,7186.0,7178.0,7178.0,7178.0,30.0,1076700.0,564
2023-05-10 22:03:54,pp2403,pp2403,7178.0,0.0,0.0,0.0,1,7161.0,7181.0,1,7186.0,7178.0,7178.0,7178.0,30.0,1076700.0,564
2023-05-10 22:04:01,pp2403,pp2403,7178.0,0.0,0.0,0.0,1,7160.0,7181.0,1,7186.0,7178.0,7178.0,7178.0,30.0,1076700.0,564
2023-05-10 22:04:03,pp2403,pp2403,7178.0,0.0,0.0,0.0,1,7161.0,7181.0,1,7186.0,7178.0,7178.0,7178.0,30.0,1076700.0,564
2023-05-10 22:04:06,pp2403,pp2403,7178.0,0.0,0.0,0.0,1,7161.0,7197.0,1,7186.0,7178.0,7178.0,7178.0,30.0,1076700.0,564
2023-05-10 22:04:06,pp2403,pp2403,7178.0,0.0,0.0,0.0,1,7161.0,7185.0,1,7186.0,7178.0,7178.0,7178.0,30.0,1076700.0,564
2023-05-10 22:04:07,pp2403,pp2403,7178.0,0.0,0.0,0.0,1,7161.0,7185.0,7,7186.0,7178.0,7178.0,7178.0,30.0,1076700.0,564
2023-05-10 22:04:07,pp2403,pp2403,7178.0,0.0,0.0,0.0,1,7161.0,7185.0,49,7186.0,7178.0,7178.0,7178.0,30.0,1076700.0,564
2023-05-10 22:05:07,pp2403,pp2403,7178.0,0.0,0.0,0.0,1,7161.0,7185.0,1,7186.0,7178.0,7178.0,7178.0,30.0,1076700.0,564
2023-05-10 22:05:16,pp2403,pp2403,7178.0,0.0,0.0,0.0,1,7162.0,7185.0,1,7186.0,7178.0,7178.0,7178.0,30.0,1076700.0,564
2023-05-10 22:05:29,pp2403,pp2403,7178.0,0.0,0.0,0.0,1,7163.0,7185.0,1,7186.0,7178.0,7178.0,7178.0,30.0,1076700.0,564
2023-05-10 22:05:39,pp2403,pp2403,7178.0,0.0,0.0,0.0,1,7162.0,7185.0,1,7186.0,7178.0,7178.0,7178.0,30.0,1076700.0,564
2023-05-10 22:06:21,pp2403,pp2403,7178.0,0.0,0.0,0.0,1,7163.0,7185.0,1,7186.0,7178.0,7178.0,7178.0,30.0,1076700.0,564
2023-05-10 22:07:18,pp2403,pp2403,7178.0,0.0,0.0,0.0,1,7163.0,7196.0,4,7186.0,7178.0,7178.0,7178.0,30.0,1076700.0,564
2023-05-10 22:07:19,pp2403,pp2403,7178.0,0.0,0.0,0.0,1,7163.0,7186.0,1,7186.0,7178.0,7178.0,7178.0,30.0,1076700.0,564
2023-05-10 22:07:21,pp2403,pp2403,7178.0,0.0,0.0,0.0,1,7163.0,7186.0,77,7186.0,7178.0,7178.0,7178.0,30.0,1076700.0,564
2023-05-10 22:07:22,pp2403,pp2403,7178.0,0.0,0.0,0.0,1,7164.0,7186.0,77,7186.0,7178.0,7178.0,7178.0,30.0,1076700.0,564
2023-05-10 22:07:22,pp2403,pp2403,7178.0,0.0,0.0,0.0,1,7165.0,7186.0,77,7186.0,7178.0,7178.0,7178.0,30.0,1076700.0,564
2023-05-10 22:07:34,pp2403,pp2403,7178.0,0.0,0.0,0.0,1,7165.0,7186.0,76,7186.0,7178.0,7178.0,7178.0,30.0,1076700.0,564
2023-05-10 22:07:35,pp2403,pp2403,7178.0,0.0,0.0,0.0,1,7165.0,7196.0,4,7186.0,7178.0,7178.0,7178.0,30.0,1076700.0,564
2023-05-10 22:07:35,pp2403,pp2403,7178.0,0.0,0.0,0.0,1,7165.0,7188.0,1,7186.0,7178.0,7178.0,7178.0,30.0,1076700.0,564
2023-05-10 22:07:36,pp2403,pp2403,7178.0,0.0,0.0,0.0,1,7165.0,7188.0,8,7186.0,7178.0,7178.0,7178.0,30.0,1076700.0,564
2023-05-10 22:07:42,pp2403,pp2403,7178.0,0.0,0.0,0.0,1,7165.0,7188.0,1,7186.0,7178.0,7178.0,7178.0,30.0,1076700.0,564
2023-05-10 22:07:46,pp2403,pp2403,7178.0,0.0,0.0,0.0,1,7165.0,7188.0,49,7186.0,7178.0,7178.0,7178.0,30.0,1076700.0,564
2023-05-10 22:07:47,pp2403,pp2403,7178.0,0.0,0.0,0.0,1,7165.0,7188.0,1,7186.0,7178.0,7178.0,7178.0,30.0,1076700.0,564
2023-05-10 22:07:52,pp2403,pp2403,7178.0,0.0,0.0,0.0,1,7165.0,7188.0,49,7186.0,7178.0,7178.0,7178.0,30.0,1076700.0,564
2023-05-10 22:08:03,pp2403,pp2403,7178.0,0.0,0.0,0.0,1,7166.0,7188.0,49,7186.0,7178.0,7178.0,7178.0,30.0,1076700.0,564
2023-05-10 22:08:04,pp2403,pp2403,7178.0,0.0,0.0,0.0,1,7167.0,7188.0,49,7186.0,7178.0,7178.0,7178.0,30.0,1076700.0,564
2023-05-10 22:08:17,pp2403,pp2403,7178.0,0.0,0.0,0.0,1,7167.0,7188.0,1,7186.0,7178.0,7178.0,7178.0,30.0,1076700.0,564
2023-05-10 22:08:27,pp2403,pp2403,7178.0,0.0,0.0,0.0,1,7167.0,7188.0,25,7186.0,7178.0,7178.0,7178.0,30.0,1076700.0,564
2023-05-10 22:08:27,pp2403,pp2403,7178.0,0.0,0.0,0.0,1,7167.0,7188.0,1,7186.0,7178.0,7178.0,7178.0,30.0,1076700.0,564
2023-05-10 22:08:45,pp2403,pp2403,7178.0,0.0,0.0,0.0,1,7168.0,7188.0,1,7186.0,7178.0,7178.0,7178.0,30.0,1076700.0,564
2023-05-10 22:09:32,pp2403,pp2403,7178.0,0.0,0.0,0.0,1,7168.0,7188.0,3,7186.0,7178.0,7178.0,7178.0,30.0,1076700.0,564
2023-05-10 22:09:32,pp2403,pp2403,7178.0,0.0,0.0,0.0,1,7168.0,7188.0,9,7186.0,7178.0,7178.0,7178.0,30.0,1076700.0,564
2023-05-10 22:09:49,pp2403,pp2403,7178.0,0.0,0.0,0.0,1,7168.0,7188.0,1,7186.0,7178.0,7178.0,7178.0,30.0,1076700.0,564
2023-05-10 22:10:59,pp2403,pp2403,7178.0,0.0,0.0,0.0,1,7168.0,7187.0,4,7186.0,7178.0,7178.0,7178.0,30.0,1076700.0,564
2023-05-10 22:10:59,pp2403,pp2403,7178.0,0.0,0.0,0.0,1,7168.0,7185.0,1,7186.0,7178.0,7178.0,7178.0,30.0,1076700.0,564
2023-05-10 22:13:44,pp2403,pp2403,7178.0,0.0,0.0,0.0,50,7158.0,7185.0,1,7186.0,7178.0,7178.0,7178.0,30.0,1076700.0,564
2023-05-10 22:13:45,pp2403,pp2403,7178.0,0.0,0.0,0.0,1,7160.0,7185.0,1,7186.0,7178.0,7178.0,7178.0,30.0,1076700.0,564
2023-05-10 22:14:16,pp2403,pp2403,7178.0,0.0,0.0,0.0,1,7161.0,7185.0,1,7186.0,7178.0,7178.0,7178.0,30.0,1076700.0,564
2023-05-10 22:14:17,pp2403,pp2403,7178.0,0.0,0.0,0.0,1,7162.0,7185.0,1,7186.0,7178.0,7178.0,7178.0,30.0,1076700.0,564
2023-05-10 22:14:57,pp2403,pp2403,7178.0,0.0,0.0,0.0,1,7163.0,7185.0,1,7186.0,7178.0,7178.0,7178.0,30.0,1076700.0,564
2023-05-10 22:14:58,pp2403,pp2403,7178.0,0.0,0.0,0.0,1,7164.0,7185.0,1,7186.0,7178.0,7178.0,7178.0,30.0,1076700.0,564
2023-05-10 22:15:29,pp2403,pp2403,7178.0,0.0,0.0,0.0,1,7164.0,7185.0,3,7186.0,7178.0,7178.0,7178.0,30.0,1076700.0,564
2023-05-10 22:15:30,pp2403,pp2403,7178.0,0.0,0.0,0.0,1,7164.0,7185.0,9,7186.0,7178.0,7178.0,7178.0,30.0,1076700.0,564
2023-05-10 22:15:39,pp2403,pp2403,7178.0,0.0,0.0,0.0,1,7165.0,7185.0,9,7186.0,7178.0,7178.0,7178.0,30.0,1076700.0,564
2023-05-10 22:16:26,pp2403,pp2403,7178.0,0.0,0.0,0.0,1,7165.0,7185.0,1,7186.0,7178.0,7178.0,7178.0,30.0,1076700.0,564
2023-05-10 22:17:02,pp2403,pp2403,7178.0,0.0,0.0,0.0,1,7165.0,7184.0,2,7186.0,7178.0,7178.0,7178.0,30.0,1076700.0,564
2023-05-10 22:17:03,pp2403,pp2403,7178.0,0.0,0.0,0.0,1,7165.0,7182.0,1,7186.0,7178.0,7178.0,7178.0,30.0,1076700.0,564
2023-05-10 22:17:41,pp2403,pp2403,7178.0,0.0,0.0,0.0,1,7165.0,7182.0,2,7186.0,7178.0,7178.0,7178.0,30.0,1076700.0,564
2023-05-10 22:17:41,pp2403,pp2403,7178.0,0.0,0.0,0.0,1,7165.0,7181.0,4,7186.0,7178.0,7178.0,7178.0,30.0,1076700.0,564
2023-05-10 22:17:42,pp2403,pp2403,7178.0,0.0,0.0,0.0,1,7165.0,7178.0,1,7186.0,7178.0,7178.0,7178.0,30.0,1076700.0,564
2023-05-10 22:17:43,pp2403,pp2403,7178.0,0.0,0.0,0.0,1,7165.0,7178.0,7,7186.0,7178.0,7178.0,7178.0,30.0,1076700.0,564
2023-05-10 22:17:44,pp2403,pp2403,7178.0,0.0,0.0,0.0,1,7165.0,7202.0,1,7186.0,7178.0,7178.0,7178.0,30.0,1076700.0,564
2023-05-10 22:17:45,pp2403,pp2403,7178.0,0.0,0.0,0.0,1,7165.0,7181.0,1,7186.0,7178.0,7178.0,7178.0,30.0,1076700.0,564
2023-05-10 22:18:11,pp2403,pp2403,7178.0,0.0,0.0,0.0,1,7165.0,7181.0,9,7186.0,7178.0,7178.0,7178.0,30.0,1076700.0,564
2023-05-10 22:18:19,pp2403,pp2403,7178.0,0.0,0.0,0.0,1,7165.0,7181.0,1,7186.0,7178.0,7178.0,7178.0,30.0,1076700.0,564
2023-05-10 22:18:20,pp2403,pp2403,7178.0,0.0,0.0,0.0,1,7165.0,7180.0,4,7186.0,7178.0,7178.0,7178.0,30.0,1076700.0,564
2023-05-10 22:18:21,pp2403,pp2403,7178.0,0.0,0.0,0.0,1,7165.0,7176.0,1,7186.0,7178.0,7178.0,7178.0,30.0,1076700.0,564
2023-05-10 22:18:21,pp2403,pp2403,7178.0,0.0,0.0,0.0,50,7158.0,7176.0,1,7186.0,7178.0,7178.0,7178.0,30.0,1076700.0,564
2023-05-10 22:18:33,pp2403,pp2403,7178.0,0.0,0.0,0.0,1,7159.0,7176.0,1,7186.0,7178.0,7178.0,7178.0,30.0,1076700.0,564
2023-05-10 22:20:21,pp2403,pp2403,7178.0,0.0,0.0,0.0,1,7159.0,7180.0,4,7186.0,7178.0,7178.0,7178.0,30.0,1076700.0,564
2023-05-10 22:20:22,pp2403,pp2403,7178.0,0.0,0.0,0.0,1,7159.0,7178.0,1,7186.0,7178.0,7178.0,7178.0,30.0,1076700.0,564
2023-05-10 22:20:22,pp2403,pp2403,7178.0,0.0,0.0,0.0,1,7159.0,7178.0,2,7186.0,7178.0,7178.0,7178.0,30.0,1076700.0,564
2023-05-10 22:20:23,pp2403,pp2403,7178.0,0.0,0.0,0.0,1,7159.0,7178.0,8,7186.0,7178.0,7178.0,7178.0,30.0,1076700.0,564
2023-05-10 22:20:23,pp2403,pp2403,7178.0,0.0,0.0,0.0,1,7159.0,7178.0,9,7186.0,7178.0,7178.0,7178.0,30.0,1076700.0,564
2023-05-10 22:21:04,pp2403,pp2403,7178.0,0.0,0.0,0.0,1,7159.0,7178.0,1,7186.0,7178.0,7178.0,7178.0,30.0,1076700.0,564
2023-05-10 22:21:42,pp2403,pp2403,7178.0,0.0,0.0,0.0,1,7159.0,7178.0,2,7186.0,7178.0,7178.0,7178.0,30.0,1076700.0,564
2023-05-10 22:21:42,pp2403,pp2403,7178.0,0.0,0.0,0.0,1,7159.0,7177.0,4,7186.0,7178.0,7178.0,7178.0,30.0,1076700.0,564
2023-05-10 22:21:43,pp2403,pp2403,7178.0,0.0,0.0,0.0,1,7159.0,7174.0,1,7186.0,7178.0,7178.0,7178.0,30.0,1076700.0,564
2023-05-10 22:21:43,pp2403,pp2403,7178.0,0.0,0.0,0.0,1,7159.0,7174.0,8,7186.0,7178.0,7178.0,7178.0,30.0,1076700.0,564
2023-05-10 22:21:49,pp2403,pp2403,7178.0,0.0,0.0,0.0,1,7159.0,7174.0,9,7186.0,7178.0,7178.0,7178.0,30.0,1076700.0,564
2023-05-10 22:21:56,pp2403,pp2403,7178.0,0.0,0.0,0.0,1,7159.0,7174.0,8,7186.0,7178.0,7178.0,7178.0,30.0,1076700.0,564
2023-05-10 22:21:56,pp2403,pp2403,7178.0,0.0,0.0,0.0,1,7159.0,7177.0,4,7186.0,7178.0,7178.0,7178.0,30.0,1076700.0,564
2023-05-10 22:21:57,pp2403,pp2403,7178.0,0.0,0.0,0.0,1,7159.0,7175.0,1,7186.0,7178.0,7178.0,7178.0,30.0,1076700.0,564
2023-05-10 22:21:57,pp2403,pp2403,7178.0,0.0,0.0,0.0,1,7159.0,7175.0,2,7186.0,7178.0,7178.0,7178.0,30.0,1076700.0,564
2023-05-10 22:22:26,pp2403,pp2403,7178.0,0.0,0.0,0.0,1,7159.0,7175.0,1,7186.0,7178.0,7178.0,7178.0,30.0,1076700.0,564
2023-05-10 22:22:26,pp2403,pp2403,7178.0,0.0,0.0,0.0,1,7159.0,7175.0,2,7186.0,7178.0,7178.0,7178.0,30.0,1076700.0,564
2023-05-10 22:23:33,pp2403,pp2403,7178.0,0.0,0.0,0.0,50,7158.0,7175.0,2,7186.0,7178.0,7178.0,7178.0,30.0,1076700.0,564
2023-05-10 22:23:49,pp2403,pp2403,7178.0,0.0,0.0,0.0,1,7159.0,7175.0,2,7186.0,7178.0,7178.0,7178.0,30.0,1076700.0,564
2023-05-10 22:24:26,pp2403,pp2403,7175.0,1.0,35875.0,1.0,1,7159.0,7175.0,1,7186.0,7178.0,7178.0,7175.0,31.0,1112575.0,565
2023-05-10 22:24:27,pp2403,pp2403,7175.0,0.0,0.0,0.0,1,7159.0,7174.0,1,7186.0,7178.0,7178.0,7175.0,31.0,1112575.0,565
2023-05-10 22:24:48,pp2403,pp2403,7175.0,0.0,0.0,0.0,1,7159.0,7177.0,4,7186.0,7178.0,7178.0,7175.0,31.0,1112575.0,565
2023-05-10 22:24:48,pp2403,pp2403,7175.0,0.0,0.0,0.0,1,7159.0,7174.0,1,7186.0,7178.0,7178.0,7175.0,31.0,1112575.0,565
2023-05-10 22:25:08,pp2403,pp2403,7175.0,0.0,0.0,0.0,1,7159.0,7177.0,4,7186.0,7178.0,7178.0,7175.0,31.0,1112575.0,565
2023-05-10 22:25:09,pp2403,pp2403,7175.0,0.0,0.0,0.0,1,7159.0,7174.0,1,7186.0,7178.0,7178.0,7175.0,31.0,1112575.0,565
2023-05-10 22:27:15,pp2403,pp2403,7175.0,0.0,0.0,0.0,1,7159.0,7177.0,4,7186.0,7178.0,7178.0,7175.0,31.0,1112575.0,565
2023-05-10 22:27:15,pp2403,pp2403,7175.0,0.0,0.0,0.0,1,7159.0,7175.0,1,7186.0,7178.0,7178.0,7175.0,31.0,1112575.0,565
2023-05-10 22:27:29,pp2403,pp2403,7175.0,0.0,0.0,0.0,1,7159.0,7177.0,4,7186.0,7178.0,7178.0,7175.0,31.0,1112575.0,565
2023-05-10 22:27:29,pp2403,pp2403,7175.0,0.0,0.0,0.0,1,7159.0,7176.0,1,7186.0,7178.0,7178.0,7175.0,31.0,1112575.0,565
2023-05-10 22:27:34,pp2403,pp2403,7175.0,0.0,0.0,0.0,1,7159.0,7175.0,2,7186.0,7178.0,7178.0,7175.0,31.0,1112575.0,565
2023-05-10 22:27:34,pp2403,pp2403,7175.0,0.0,0.0,0.0,1,7159.0,7174.0,1,7186.0,7178.0,7178.0,7175.0,31.0,1112575.0,565
2023-05-10 22:27:35,pp2403,pp2403,7175.0,0.0,0.0,0.0,1,7159.0,7175.0,2,7186.0,7178.0,7178.0,7175.0,31.0,1112575.0,565
2023-05-10 22:27:36,pp2403,pp2403,7175.0,0.0,0.0,0.0,1,7159.0,7175.0,1,7186.0,7178.0,7178.0,7175.0,31.0,1112575.0,565
2023-05-10 22:27:48,pp2403,pp2403,7175.0,0.0,0.0,0.0,1,7159.0,7193.0,1,7186.0,7178.0,7178.0,7175.0,31.0,1112575.0,565
2023-05-10 22:27:48,pp2403,pp2403,7175.0,0.0,0.0,0.0,1,7159.0,7176.0,1,7186.0,7178.0,7178.0,7175.0,31.0,1112575.0,565
2023-05-10 22:27:49,pp2403,pp2403,7175.0,0.0,0.0,0.0,1,7159.0,7176.0,3,7186.0,7178.0,7178.0,7175.0,31.0,1112575.0,565
2023-05-10 22:28:17,pp2403,pp2403,7175.0,0.0,0.0,0.0,1,7159.0,7176.0,2,7186.0,7178.0,7178.0,7175.0,31.0,1112575.0,565
2023-05-10 22:28:18,pp2403,pp2403,7175.0,0.0,0.0,0.0,1,7159.0,7191.0,1,7186.0,7178.0,7178.0,7175.0,31.0,1112575.0,565
2023-05-10 22:28:18,pp2403,pp2403,7175.0,0.0,0.0,0.0,1,7159.0,7177.0,1,7186.0,7178.0,7178.0,7175.0,31.0,1112575.0,565
2023-05-10 22:28:26,pp2403,pp2403,7175.0,0.0,0.0,0.0,1,7159.0,7191.0,1,7186.0,7178.0,7178.0,7175.0,31.0,1112575.0,565
2023-05-10 22:28:27,pp2403,pp2403,7175.0,0.0,0.0,0.0,1,7159.0,7178.0,1,7186.0,7178.0,7178.0,7175.0,31.0,1112575.0,565
2023-05-10 22:28:27,pp2403,pp2403,7175.0,0.0,0.0,0.0,1,7159.0,7178.0,2,7186.0,7178.0,7178.0,7175.0,31.0,1112575.0,565
2023-05-10 22:28:28,pp2403,pp2403,7175.0,0.0,0.0,0.0,1,7159.0,7178.0,8,7186.0,7178.0,7178.0,7175.0,31.0,1112575.0,565
2023-05-10 22:28:28,pp2403,pp2403,7175.0,0.0,0.0,0.0,1,7159.0,7178.0,9,7186.0,7178.0,7178.0,7175.0,31.0,1112575.0,565
2023-05-10 22:28:49,pp2403,pp2403,7175.0,0.0,0.0,0.0,50,7158.0,7178.0,9,7186.0,7178.0,7178.0,7175.0,31.0,1112575.0,565
2023-05-10 22:29:23,pp2403,pp2403,7175.0,0.0,0.0,0.0,1,7159.0,7178.0,9,7186.0,7178.0,7178.0,7175.0,31.0,1112575.0,565
2023-05-10 22:30:03,pp2403,pp2403,7175.0,0.0,0.0,0.0,1,7160.0,7178.0,9,7186.0,7178.0,7178.0,7175.0,31.0,1112575.0,565
2023-05-10 22:30:04,pp2403,pp2403,7175.0,0.0,0.0,0.0,1,7160.0,7178.0,1,7186.0,7178.0,7178.0,7175.0,31.0,1112575.0,565
2023-05-10 22:30:05,pp2403,pp2403,7175.0,0.0,0.0,0.0,1,7159.0,7178.0,1,7186.0,7178.0,7178.0,7175.0,31.0,1112575.0,565
2023-05-10 22:30:06,pp2403,pp2403,7175.0,0.0,0.0,0.0,1,7160.0,7178.0,1,7186.0,7178.0,7178.0,7175.0,31.0,1112575.0,565
2023-05-10 22:30:07,pp2403,pp2403,7175.0,0.0,0.0,0.0,1,7159.0,7178.0,1,7186.0,7178.0,7178.0,7175.0,31.0,1112575.0,565
2023-05-10 22:30:08,pp2403,pp2403,7175.0,0.0,0.0,0.0,1,7160.0,7178.0,1,7186.0,7178.0,7178.0,7175.0,31.0,1112575.0,565
2023-05-10 22:30:08,pp2403,pp2403,7175.0,0.0,0.0,0.0,1,7159.0,7178.0,1,7186.0,7178.0,7178.0,7175.0,31.0,1112575.0,565
2023-05-10 22:30:11,pp2403,pp2403,7175.0,0.0,0.0,0.0,1,7160.0,7178.0,1,7186.0,7178.0,7178.0,7175.0,31.0,1112575.0,565
2023-05-10 22:30:12,pp2403,pp2403,7175.0,0.0,0.0,0.0,1,7160.0,7190.0,4,7186.0,7178.0,7178.0,7175.0,31.0,1112575.0,565
2023-05-10 22:30:12,pp2403,pp2403,7175.0,0.0,0.0,0.0,1,7160.0,7179.0,1,7186.0,7178.0,7178.0,7175.0,31.0,1112575.0,565
2023-05-10 22:30:29,pp2403,pp2403,7175.0,0.0,0.0,0.0,1,7159.0,7179.0,1,7186.0,7178.0,7178.0,7175.0,31.0,1112575.0,565
2023-05-10 22:30:30,pp2403,pp2403,7175.0,0.0,0.0,0.0,1,7160.0,7179.0,1,7186.0,7178.0,7178.0,7175.0,31.0,1112575.0,565
2023-05-10 22:30:38,pp2403,pp2403,7175.0,0.0,0.0,0.0,1,7159.0,7179.0,1,7186.0,7178.0,7178.0,7175.0,31.0,1112575.0,565
2023-05-10 22:30:38,pp2403,pp2403,7175.0,0.0,0.0,0.0,1,7159.0,7179.0,3,7186.0,7178.0,7178.0,7175.0,31.0,1112575.0,565
2023-05-10 22:30:39,pp2403,pp2403,7175.0,0.0,0.0,0.0,1,7159.0,7178.0,2,7186.0,7178.0,7178.0,7175.0,31.0,1112575.0,565
2023-05-10 22:30:39,pp2403,pp2403,7175.0,0.0,0.0,0.0,1,7159.0,7177.0,1,7186.0,7178.0,7178.0,7175.0,31.0,1112575.0,565
2023-05-10 22:30:40,pp2403,pp2403,7175.0,0.0,0.0,0.0,1,7159.0,7177.0,18,7186.0,7178.0,7178.0,7175.0,31.0,1112575.0,565
2023-05-10 22:30:48,pp2403,pp2403,7175.0,0.0,0.0,0.0,1,7160.0,7177.0,18,7186.0,7178.0,7178.0,7175.0,31.0,1112575.0,565
2023-05-10 22:30:49,pp2403,pp2403,7175.0,0.0,0.0,0.0,1,7160.0,7177.0,17,7186.0,7178.0,7178.0,7175.0,31.0,1112575.0,565
2023-05-10 22:30:49,pp2403,pp2403,7175.0,0.0,0.0,0.0,1,7160.0,7190.0,2,7186.0,7178.0,7178.0,7175.0,31.0,1112575.0,565
2023-05-10 22:30:50,pp2403,pp2403,7175.0,0.0,0.0,0.0,1,7160.0,7178.0,1,7186.0,7178.0,7178.0,7175.0,31.0,1112575.0,565
2023-05-10 22:30:52,pp2403,pp2403,7175.0,0.0,0.0,0.0,1,7160.0,7190.0,1,7186.0,7178.0,7178.0,7175.0,31.0,1112575.0,565
2023-05-10 22:30:53,pp2403,pp2403,7175.0,0.0,0.0,0.0,1,7160.0,7179.0,1,7186.0,7178.0,7178.0,7175.0,31.0,1112575.0,565
2023-05-10 22:30:53,pp2403,pp2403,7175.0,0.0,0.0,0.0,1,7160.0,7179.0,3,7186.0,7178.0,7178.0,7175.0,31.0,1112575.0,565
2023-05-10 22:30:54,pp2403,pp2403,7175.0,0.0,0.0,0.0,1,7160.0,7179.0,9,7186.0,7178.0,7178.0,7175.0,31.0,1112575.0,565
2023-05-10 22:31:00,pp2403,pp2403,7175.0,0.0,0.0,0.0,1,7159.0,7179.0,9,7186.0,7178.0,7178.0,7175.0,31.0,1112575.0,565
2023-05-10 22:31:07,pp2403,pp2403,7175.0,0.0,0.0,0.0,1,7159.0,7178.0,2,7186.0,7178.0,7178.0,7175.0,31.0,1112575.0,565
2023-05-10 22:31:08,pp2403,pp2403,7175.0,0.0,0.0,0.0,1,7159.0,7178.0,3,7186.0,7178.0,7178.0,7175.0,31.0,1112575.0,565
2023-05-10 22:31:13,pp2403,pp2403,7175.0,0.0,0.0,0.0,1,7159.0,7178.0,1,7186.0,7178.0,7178.0,7175.0,31.0,1112575.0,565
2023-05-10 22:31:47,pp2403,pp2403,7175.0,0.0,0.0,0.0,1,7160.0,7181.0,2,7186.0,7178.0,7178.0,7175.0,31.0,1112575.0,565
2023-05-10 22:31:48,pp2403,pp2403,7175.0,0.0,0.0,0.0,1,7160.0,7178.0,1,7186.0,7178.0,7178.0,7175.0,31.0,1112575.0,565
2023-05-10 22:31:48,pp2403,pp2403,7175.0,0.0,0.0,0.0,1,7159.0,7178.0,1,7186.0,7178.0,7178.0,7175.0,31.0,1112575.0,565
2023-05-10 22:31:49,pp2403,pp2403,7175.0,0.0,0.0,0.0,1,7160.0,7178.0,1,7186.0,7178.0,7178.0,7175.0,31.0,1112575.0,565
2023-05-10 22:31:51,pp2403,pp2403,7175.0,0.0,0.0,0.0,1,7159.0,7178.0,1,7186.0,7178.0,7178.0,7175.0,31.0,1112575.0,565
2023-05-10 22:31:56,pp2403,pp2403,7175.0,0.0,0.0,0.0,1,7160.0,7178.0,1,7186.0,7178.0,7178.0,7175.0,31.0,1112575.0,565
2023-05-10 22:31:56,pp2403,pp2403,7175.0,0.0,0.0,0.0,1,7160.0,7181.0,4,7186.0,7178.0,7178.0,7175.0,31.0,1112575.0,565
2023-05-10 22:31:57,pp2403,pp2403,7175.0,0.0,0.0,0.0,1,7160.0,7179.0,1,7186.0,7178.0,7178.0,7175.0,31.0,1112575.0,565
2023-05-10 22:32:05,pp2403,pp2403,7175.0,0.0,0.0,0.0,1,7160.0,7181.0,4,7186.0,7178.0,7178.0,7175.0,31.0,1112575.0,565
2023-05-10 22:32:06,pp2403,pp2403,7175.0,0.0,0.0,0.0,1,7160.0,7179.0,1,7186.0,7178.0,7178.0,7175.0,31.0,1112575.0,565
2023-05-10 22:32:08,pp2403,pp2403,7175.0,0.0,0.0,0.0,1,7159.0,7179.0,1,7186.0,7178.0,7178.0,7175.0,31.0,1112575.0,565
2023-05-10 22:32:11,pp2403,pp2403,7175.0,0.0,0.0,0.0,1,7160.0,7179.0,1,7186.0,7178.0,7178.0,7175.0,31.0,1112575.0,565
2023-05-10 22:32:12,pp2403,pp2403,7175.0,0.0,0.0,0.0,1,7159.0,7179.0,1,7186.0,7178.0,7178.0,7175.0,31.0,1112575.0,565
2023-05-10 22:32:15,pp2403,pp2403,7175.0,0.0,0.0,0.0,1,7159.0,7178.0,2,7186.0,7178.0,7178.0,7175.0,31.0,1112575.0,565
2023-05-10 22:32:16,pp2403,pp2403,7175.0,0.0,0.0,0.0,1,7159.0,7177.0,1,7186.0,7178.0,7178.0,7175.0,31.0,1112575.0,565
2023-05-10 22:32:17,pp2403,pp2403,7175.0,0.0,0.0,0.0,1,7160.0,7177.0,1,7186.0,7178.0,7178.0,7175.0,31.0,1112575.0,565
2023-05-10 22:32:17,pp2403,pp2403,7175.0,0.0,0.0,0.0,1,7160.0,7177.0,7,7186.0,7178.0,7178.0,7175.0,31.0,1112575.0,565
2023-05-10 22:32:19,pp2403,pp2403,7175.0,0.0,0.0,0.0,1,7159.0,7177.0,7,7186.0,7178.0,7178.0,7175.0,31.0,1112575.0,565
2023-05-10 22:32:31,pp2403,pp2403,7175.0,0.0,0.0,0.0,1,7160.0,7177.0,7,7186.0,7178.0,7178.0,7175.0,31.0,1112575.0,565
2023-05-10 22:32:32,pp2403,pp2403,7175.0,0.0,0.0,0.0,1,7159.0,7177.0,7,7186.0,7178.0,7178.0,7175.0,31.0,1112575.0,565
2023-05-10 22:32:32,pp2403,pp2403,7175.0,0.0,0.0,0.0,1,7159.0,7193.0,1,7186.0,7178.0,7178.0,7175.0,31.0,1112575.0,565
2023-05-10 22:32:33,pp2403,pp2403,7175.0,0.0,0.0,0.0,1,7160.0,7178.0,1,7186.0,7178.0,7178.0,7175.0,31.0,1112575.0,565
2023-05-10 22:32:33,pp2403,pp2403,7175.0,0.0,0.0,0.0,1,7160.0,7192.0,4,7186.0,7178.0,7178.0,7175.0,31.0,1112575.0,565
2023-05-10 22:32:34,pp2403,pp2403,7175.0,0.0,0.0,0.0,1,7160.0,7179.0,1,7186.0,7178.0,7178.0,7175.0,31.0,1112575.0,565
2023-05-10 22:32:34,pp2403,pp2403,7175.0,0.0,0.0,0.0,1,7160.0,7179.0,3,7186.0,7178.0,7178.0,7175.0,31.0,1112575.0,565
2023-05-10 22:32:35,pp2403,pp2403,7175.0,0.0,0.0,0.0,1,7160.0,7179.0,9,7186.0,7178.0,7178.0,7175.0,31.0,1112575.0,565
2023-05-10 22:32:44,pp2403,pp2403,7175.0,0.0,0.0,0.0,1,7159.0,7179.0,9,7186.0,7178.0,7178.0,7175.0,31.0,1112575.0,565
2023-05-10 22:33:33,pp2403,pp2403,7175.0,0.0,0.0,0.0,1,7159.0,7178.0,2,7186.0,7178.0,7178.0,7175.0,31.0,1112575.0,565
2023-05-10 22:33:34,pp2403,pp2403,7175.0,0.0,0.0,0.0,1,7159.0,7176.0,1,7186.0,7178.0,7178.0,7175.0,31.0,1112575.0,565
2023-05-10 22:34:05,pp2403,pp2403,7175.0,0.0,0.0,0.0,1,7159.0,7175.0,2,7186.0,7178.0,7178.0,7175.0,31.0,1112575.0,565
2023-05-10 22:34:05,pp2403,pp2403,7175.0,0.0,0.0,0.0,1,7159.0,7173.0,1,7186.0,7178.0,7178.0,7175.0,31.0,1112575.0,565
2023-05-10 22:34:23,pp2403,pp2403,7175.0,0.0,0.0,0.0,50,7158.0,7173.0,1,7186.0,7178.0,7178.0,7175.0,31.0,1112575.0,565
2023-05-10 22:34:53,pp2403,pp2403,7175.0,0.0,0.0,0.0,1,7159.0,7173.0,1,7186.0,7178.0,7178.0,7175.0,31.0,1112575.0,565
2023-05-10 22:35:45,pp2403,pp2403,7175.0,0.0,0.0,0.0,1,7159.0,7192.0,2,7186.0,7178.0,7178.0,7175.0,31.0,1112575.0,565
2023-05-10 22:35:45,pp2403,pp2403,7175.0,0.0,0.0,0.0,1,7159.0,7174.0,1,7186.0,7178.0,7178.0,7175.0,31.0,1112575.0,565
2023-05-10 22:35:46,pp2403,pp2403,7175.0,0.0,0.0,0.0,1,7159.0,7174.0,3,7186.0,7178.0,7178.0,7175.0,31.0,1112575.0,565
2023-05-10 22:35:46,pp2403,pp2403,7175.0,0.0,0.0,0.0,1,7159.0,7174.0,9,7186.0,7178.0,7178.0,7175.0,31.0,1112575.0,565
2023-05-10 22:37:14,pp2403,pp2403,7175.0,0.0,0.0,0.0,1,7159.0,7173.0,4,7186.0,7178.0,7178.0,7175.0,31.0,1112575.0,565
2023-05-10 22:37:15,pp2403,pp2403,7175.0,0.0,0.0,0.0,1,7159.0,7169.0,1,7186.0,7178.0,7178.0,7175.0,31.0,1112575.0,565
2023-05-10 22:37:15,pp2403,pp2403,7175.0,0.0,0.0,0.0,1,7159.0,7169.0,9,7186.0,7178.0,7178.0,7175.0,31.0,1112575.0,565
2023-05-10 22:37:16,pp2403,pp2403,7175.0,0.0,0.0,0.0,50,7158.0,7169.0,8,7186.0,7178.0,7178.0,7175.0,31.0,1112575.0,565
2023-05-10 22:37:17,pp2403,pp2403,7175.0,0.0,0.0,0.0,50,7158.0,7169.0,9,7186.0,7178.0,7178.0,7175.0,31.0,1112575.0,565
2023-05-10 22:37:36,pp2403,pp2403,7175.0,0.0,0.0,0.0,50,7158.0,7169.0,8,7186.0,7178.0,7178.0,7175.0,31.0,1112575.0,565
2023-05-10 22:37:36,pp2403,pp2403,7175.0,0.0,0.0,0.0,50,7158.0,7169.0,9,7186.0,7178.0,7178.0,7175.0,31.0,1112575.0,565
2023-05-10 22:38:27,pp2403,pp2403,7175.0,0.0,0.0,0.0,50,7158.0,7169.0,1,7186.0,7178.0,7178.0,7175.0,31.0,1112575.0,565
2023-05-10 22:38:33,pp2403,pp2403,7175.0,0.0,0.0,0.0,50,7158.0,7173.0,4,7186.0,7178.0,7178.0,7175.0,31.0,1112575.0,565
2023-05-10 22:38:33,pp2403,pp2403,7175.0,0.0,0.0,0.0,50,7158.0,7169.0,1,7186.0,7178.0,7178.0,7175.0,31.0,1112575.0,565
2023-05-10 22:39:04,pp2403,pp2403,7175.0,0.0,0.0,0.0,50,7158.0,7173.0,4,7186.0,7178.0,7178.0,7175.0,31.0,1112575.0,565
2023-05-10 22:39:04,pp2403,pp2403,7175.0,0.0,0.0,0.0,50,7158.0,7170.0,1,7186.0,7178.0,7178.0,7175.0,31.0,1112575.0,565
2023-05-10 22:39:05,pp2403,pp2403,7175.0,0.0,0.0,0.0,50,7158.0,7170.0,2,7186.0,7178.0,7178.0,7175.0,31.0,1112575.0,565
2023-05-10 22:39:05,pp2403,pp2403,7175.0,0.0,0.0,0.0,1,7159.0,7170.0,8,7186.0,7178.0,7178.0,7175.0,31.0,1112575.0,565
2023-05-10 22:39:06,pp2403,pp2403,7175.0,0.0,0.0,0.0,1,7159.0,7170.0,9,7186.0,7178.0,7178.0,7175.0,31.0,1112575.0,565
2023-05-10 22:39:07,pp2403,pp2403,7175.0,0.0,0.0,0.0,50,7158.0,7170.0,9,7186.0,7178.0,7178.0,7175.0,31.0,1112575.0,565
2023-05-10 22:39:46,pp2403,pp2403,7175.0,0.0,0.0,0.0,1,7159.0,7170.0,9,7186.0,7178.0,7178.0,7175.0,31.0,1112575.0,565
2023-05-10 22:39:47,pp2403,pp2403,7175.0,0.0,0.0,0.0,50,7158.0,7170.0,9,7186.0,7178.0,7178.0,7175.0,31.0,1112575.0,565
2023-05-10 22:40:11,pp2403,pp2403,7175.0,0.0,0.0,0.0,50,7158.0,7170.0,8,7186.0,7178.0,7178.0,7175.0,31.0,1112575.0,565
2023-05-10 22:40:12,pp2403,pp2403,7175.0,0.0,0.0,0.0,50,7158.0,7173.0,4,7186.0,7178.0,7178.0,7175.0,31.0,1112575.0,565
2023-05-10 22:40:12,pp2403,pp2403,7175.0,0.0,0.0,0.0,50,7158.0,7172.0,1,7186.0,7178.0,7178.0,7175.0,31.0,1112575.0,565
2023-05-10 22:40:20,pp2403,pp2403,7175.0,0.0,0.0,0.0,50,7158.0,7173.0,4,7186.0,7178.0,7178.0,7175.0,31.0,1112575.0,565
2023-05-10 22:40:20,pp2403,pp2403,7175.0,0.0,0.0,0.0,50,7158.0,7193.0,1,7186.0,7178.0,7178.0,7175.0,31.0,1112575.0,565
2023-05-10 22:40:21,pp2403,pp2403,7175.0,0.0,0.0,0.0,50,7158.0,7174.0,1,7186.0,7178.0,7178.0,7175.0,31.0,1112575.0,565
2023-05-10 22:40:21,pp2403,pp2403,7175.0,0.0,0.0,0.0,50,7158.0,7174.0,7,7186.0,7178.0,7178.0,7175.0,31.0,1112575.0,565
2023-05-10 22:40:22,pp2403,pp2403,7175.0,0.0,0.0,0.0,50,7158.0,7174.0,9,7186.0,7178.0,7178.0,7175.0,31.0,1112575.0,565
2023-05-10 22:40:27,pp2403,pp2403,7175.0,0.0,0.0,0.0,1,7159.0,7174.0,9,7186.0,7178.0,7178.0,7175.0,31.0,1112575.0,565
2023-05-10 22:40:37,pp2403,pp2403,7175.0,0.0,0.0,0.0,1,7159.0,7173.0,2,7186.0,7178.0,7178.0,7175.0,31.0,1112575.0,565
2023-05-10 22:40:37,pp2403,pp2403,7175.0,0.0,0.0,0.0,1,7159.0,7173.0,3,7186.0,7178.0,7178.0,7175.0,31.0,1112575.0,565
2023-05-10 22:40:38,pp2403,pp2403,7175.0,0.0,0.0,0.0,1,7159.0,7173.0,19,7186.0,7178.0,7178.0,7175.0,31.0,1112575.0,565
2023-05-10 22:40:50,pp2403,pp2403,7175.0,0.0,0.0,0.0,1,7159.0,7173.0,18,7186.0,7178.0,7178.0,7175.0,31.0,1112575.0,565
2023-05-10 22:40:51,pp2403,pp2403,7175.0,0.0,0.0,0.0,1,7159.0,7173.0,16,7186.0,7178.0,7178.0,7175.0,31.0,1112575.0,565
2023-05-10 22:40:51,pp2403,pp2403,7175.0,0.0,0.0,0.0,1,7159.0,7173.0,17,7186.0,7178.0,7178.0,7175.0,31.0,1112575.0,565
2023-05-10 22:40:53,pp2403,pp2403,7175.0,0.0,0.0,0.0,1,7159.0,7173.0,16,7186.0,7178.0,7178.0,7175.0,31.0,1112575.0,565
2023-05-10 22:41:01,pp2403,pp2403,7175.0,0.0,0.0,0.0,1,7159.0,7173.0,17,7186.0,7178.0,7178.0,7175.0,31.0,1112575.0,565
2023-05-10 22:41:22,pp2403,pp2403,7175.0,0.0,0.0,0.0,1,7159.0,7172.0,2,7186.0,7178.0,7178.0,7175.0,31.0,1112575.0,565
2023-05-10 22:41:22,pp2403,pp2403,7175.0,0.0,0.0,0.0,1,7159.0,7172.0,3,7186.0,7178.0,7178.0,7175.0,31.0,1112575.0,565
2023-05-10 22:41:26,pp2403,pp2403,7175.0,0.0,0.0,0.0,1,7159.0,7172.0,1,7186.0,7178.0,7178.0,7175.0,31.0,1112575.0,565
2023-05-10 22:42:07,pp2403,pp2403,7175.0,0.0,0.0,0.0,1,7159.0,7187.0,1,7186.0,7178.0,7178.0,7175.0,31.0,1112575.0,565
2023-05-10 22:42:07,pp2403,pp2403,7175.0,0.0,0.0,0.0,1,7159.0,7172.0,1,7186.0,7178.0,7178.0,7175.0,31.0,1112575.0,565
2023-05-10 22:42:09,pp2403,pp2403,7175.0,0.0,0.0,0.0,1,7159.0,7186.0,4,7186.0,7178.0,7178.0,7175.0,31.0,1112575.0,565
2023-05-10 22:42:09,pp2403,pp2403,7175.0,0.0,0.0,0.0,1,7159.0,7173.0,1,7186.0,7178.0,7178.0,7175.0,31.0,1112575.0,565
2023-05-10 22:42:28,pp2403,pp2403,7175.0,0.0,0.0,0.0,1,7159.0,7173.0,9,7186.0,7178.0,7178.0,7175.0,31.0,1112575.0,565
2023-05-10 22:43:00,pp2403,pp2403,7175.0,0.0,0.0,0.0,1,7159.0,7172.0,2,7186.0,7178.0,7178.0,7175.0,31.0,1112575.0,565
2023-05-10 22:43:01,pp2403,pp2403,7175.0,0.0,0.0,0.0,1,7159.0,7172.0,3,7186.0,7178.0,7178.0,7175.0,31.0,1112575.0,565
2023-05-10 22:43:01,pp2403,pp2403,7175.0,0.0,0.0,0.0,1,7159.0,7172.0,11,7186.0,7178.0,7178.0,7175.0,31.0,1112575.0,565
2023-05-10 22:43:14,pp2403,pp2403,7175.0,0.0,0.0,0.0,1,7159.0,7172.0,9,7186.0,7178.0,7178.0,7175.0,31.0,1112575.0,565
2023-05-10 22:44:03,pp2403,pp2403,7175.0,0.0,0.0,0.0,1,7159.0,7171.0,2,7186.0,7178.0,7178.0,7175.0,31.0,1112575.0,565
2023-05-10 22:44:03,pp2403,pp2403,7175.0,0.0,0.0,0.0,1,7159.0,7171.0,3,7186.0,7178.0,7178.0,7175.0,31.0,1112575.0,565
2023-05-10 22:44:04,pp2403,pp2403,7175.0,0.0,0.0,0.0,1,7159.0,7171.0,10,7186.0,7178.0,7178.0,7175.0,31.0,1112575.0,565
2023-05-10 22:44:22,pp2403,pp2403,7175.0,0.0,0.0,0.0,1,7159.0,7171.0,8,7186.0,7178.0,7178.0,7175.0,31.0,1112575.0,565
2023-05-10 22:44:23,pp2403,pp2403,7175.0,0.0,0.0,0.0,1,7159.0,7171.0,9,7186.0,7178.0,7178.0,7175.0,31.0,1112575.0,565
2023-05-10 22:44:25,pp2403,pp2403,7175.0,0.0,0.0,0.0,1,7159.0,7171.0,8,7186.0,7178.0,7178.0,7175.0,31.0,1112575.0,565
2023-05-10 22:45:27,pp2403,pp2403,7175.0,0.0,0.0,0.0,50,7158.0,7171.0,8,7186.0,7178.0,7178.0,7175.0,31.0,1112575.0,565
2023-05-10 22:45:48,pp2403,pp2403,7175.0,0.0,0.0,0.0,1,7159.0,7171.0,8,7186.0,7178.0,7178.0,7175.0,31.0,1112575.0,565
2023-05-10 22:47:14,pp2403,pp2403,7175.0,0.0,0.0,0.0,1,7159.0,7171.0,9,7186.0,7178.0,7178.0,7175.0,31.0,1112575.0,565
2023-05-10 22:47:14,pp2403,pp2403,7175.0,0.0,0.0,0.0,1,7159.0,7171.0,8,7186.0,7178.0,7178.0,7175.0,31.0,1112575.0,565
2023-05-10 22:48:02,pp2403,pp2403,7175.0,0.0,0.0,0.0,1,7159.0,7171.0,9,7186.0,7178.0,7178.0,7175.0,31.0,1112575.0,565
2023-05-10 22:48:04,pp2403,pp2403,7175.0,0.0,0.0,0.0,1,7159.0,7171.0,8,7186.0,7178.0,7178.0,7175.0,31.0,1112575.0,565
2023-05-10 22:48:08,pp2403,pp2403,7175.0,0.0,0.0,0.0,1,7159.0,7171.0,9,7186.0,7178.0,7178.0,7175.0,31.0,1112575.0,565
2023-05-10 22:48:10,pp2403,pp2403,7175.0,0.0,0.0,0.0,1,7159.0,7171.0,8,7186.0,7178.0,7178.0,7175.0,31.0,1112575.0,565
2023-05-10 22:48:18,pp2403,pp2403,7175.0,0.0,0.0,0.0,1,7159.0,7171.0,9,7186.0,7178.0,7178.0,7175.0,31.0,1112575.0,565
2023-05-10 22:48:23,pp2403,pp2403,7175.0,0.0,0.0,0.0,1,7159.0,7171.0,8,7186.0,7178.0,7178.0,7175.0,31.0,1112575.0,565
2023-05-10 22:48:53,pp2403,pp2403,7175.0,0.0,0.0,0.0,1,7159.0,7171.0,9,7186.0,7178.0,7178.0,7175.0,31.0,1112575.0,565
2023-05-10 22:49:10,pp2403,pp2403,7175.0,0.0,0.0,0.0,1,7159.0,7171.0,8,7186.0,7178.0,7178.0,7175.0,31.0,1112575.0,565
2023-05-10 22:49:35,pp2403,pp2403,7175.0,0.0,0.0,0.0,1,7159.0,7170.0,1,7186.0,7178.0,7178.0,7175.0,31.0,1112575.0,565
2023-05-10 22:49:35,pp2403,pp2403,7175.0,0.0,0.0,0.0,1,7159.0,7186.0,2,7186.0,7178.0,7178.0,7175.0,31.0,1112575.0,565
2023-05-10 22:49:36,pp2403,pp2403,7175.0,0.0,0.0,0.0,1,7159.0,7172.0,1,7186.0,7178.0,7178.0,7175.0,31.0,1112575.0,565
2023-05-10 22:50:49,pp2403,pp2403,7175.0,0.0,0.0,0.0,50,7158.0,7172.0,1,7186.0,7178.0,7178.0,7175.0,31.0,1112575.0,565
2023-05-10 22:50:50,pp2403,pp2403,7175.0,0.0,0.0,0.0,50,7158.0,7172.0,9,7186.0,7178.0,7178.0,7175.0,31.0,1112575.0,565
2023-05-10 22:50:51,pp2403,pp2403,7175.0,0.0,0.0,0.0,1,7159.0,7172.0,9,7186.0,7178.0,7178.0,7175.0,31.0,1112575.0,565
2023-05-10 22:52:13,pp2403,pp2403,7175.0,0.0,0.0,0.0,1,7159.0,7172.0,8,7186.0,7178.0,7178.0,7175.0,31.0,1112575.0,565
2023-05-10 22:52:13,pp2403,pp2403,7175.0,0.0,0.0,0.0,1,7159.0,7172.0,9,7186.0,7178.0,7178.0,7175.0,31.0,1112575.0,565
2023-05-10 22:53:23,pp2403,pp2403,7175.0,0.0,0.0,0.0,1,7159.0,7172.0,8,7186.0,7178.0,7178.0,7175.0,31.0,1112575.0,565
2023-05-10 22:53:24,pp2403,pp2403,7175.0,0.0,0.0,0.0,1,7159.0,7187.0,1,7186.0,7178.0,7178.0,7175.0,31.0,1112575.0,565
2023-05-10 22:53:24,pp2403,pp2403,7175.0,0.0,0.0,0.0,1,7159.0,7172.0,32,7186.0,7178.0,7178.0,7175.0,31.0,1112575.0,565
2023-05-10 22:53:25,pp2403,pp2403,7175.0,0.0,0.0,0.0,1,7159.0,7175.0,2,7186.0,7178.0,7178.0,7175.0,31.0,1112575.0,565
2023-05-10 22:53:25,pp2403,pp2403,7175.0,0.0,0.0,0.0,1,7159.0,7172.0,32,7186.0,7178.0,7178.0,7175.0,31.0,1112575.0,565
2023-05-10 22:55:51,pp2403,pp2403,7175.0,0.0,0.0,0.0,50,7158.0,7172.0,32,7186.0,7178.0,7178.0,7175.0,31.0,1112575.0,565
2023-05-10 22:55:52,pp2403,pp2403,7175.0,0.0,0.0,0.0,50,7158.0,7172.0,28,7186.0,7178.0,7178.0,7175.0,31.0,1112575.0,565
2023-05-10 22:56:21,pp2403,pp2403,7175.0,0.0,0.0,0.0,1,7159.0,7172.0,28,7186.0,7178.0,7178.0,7175.0,31.0,1112575.0,565
2023-05-10 22:57:18,pp2403,pp2403,7175.0,0.0,0.0,0.0,1,7159.0,7172.0,25,7186.0,7178.0,7178.0,7175.0,31.0,1112575.0,565
2023-05-10 22:57:32,pp2403,pp2403,7175.0,0.0,0.0,0.0,1,7159.0,7171.0,2,7186.0,7178.0,7178.0,7175.0,31.0,1112575.0,565
2023-05-10 22:57:33,pp2403,pp2403,7175.0,0.0,0.0,0.0,1,7159.0,7170.0,1,7186.0,7178.0,7178.0,7175.0,31.0,1112575.0,565
2023-05-10 22:57:33,pp2403,pp2403,7175.0,0.0,0.0,0.0,1,7159.0,7170.0,13,7186.0,7178.0,7178.0,7175.0,31.0,1112575.0,565
2023-05-10 22:57:34,pp2403,pp2403,7175.0,0.0,0.0,0.0,50,7158.0,7170.0,13,7186.0,7178.0,7178.0,7175.0,31.0,1112575.0,565
2023-05-10 22:57:41,pp2403,pp2403,7175.0,0.0,0.0,0.0,50,7158.0,7169.0,2,7186.0,7178.0,7178.0,7175.0,31.0,1112575.0,565
2023-05-10 22:57:51,pp2403,pp2403,7175.0,0.0,0.0,0.0,50,7158.0,7171.0,2,7186.0,7178.0,7178.0,7175.0,31.0,1112575.0,565
2023-05-10 22:57:51,pp2403,pp2403,7175.0,0.0,0.0,0.0,50,7158.0,7170.0,1,7186.0,7178.0,7178.0,7175.0,31.0,1112575.0,565
2023-05-10 22:58:25,pp2403,pp2403,7175.0,0.0,0.0,0.0,1,7159.0,7170.0,1,7186.0,7178.0,7178.0,7175.0,31.0,1112575.0,565
2023-05-10 22:58:25,pp2403,pp2403,7175.0,0.0,0.0,0.0,1,7159.0,7170.0,3,7186.0,7178.0,7178.0,7175.0,31.0,1112575.0,565
2023-05-10 22:58:26,pp2403,pp2403,7175.0,0.0,0.0,0.0,50,7158.0,7170.0,3,7186.0,7178.0,7178.0,7175.0,31.0,1112575.0,565
2023-05-10 22:58:52,pp2403,pp2403,7175.0,0.0,0.0,0.0,50,7158.0,7170.0,1,7186.0,7178.0,7178.0,7175.0,31.0,1112575.0,565
2023-05-10 22:59:06,pp2403,pp2403,7175.0,0.0,0.0,0.0,1,7159.0,7170.0,1,7186.0,7178.0,7178.0,7175.0,31.0,1112575.0,565
2023-05-10 22:59:08,pp2403,pp2403,7175.0,0.0,0.0,0.0,50,7158.0,7170.0,1,7186.0,7178.0,7178.0,7175.0,31.0,1112575.0,565
2023-05-10 22:59:53,pp2403,pp2403,7175.0,0.0,0.0,0.0,50,7158.0,7238.0,6,7186.0,7178.0,7178.0,7175.0,31.0,1112575.0,565
2023-05-11 09:00:02,pp2403,pp2403,7175.0,0.0,0.0,0.0,50,7158.0,7179.0,1,7186.0,7178.0,7178.0,7175.0,31.0,1112575.0,565
2023-05-11 09:00:03,pp2403,pp2403,7175.0,0.0,0.0,0.0,50,7158.0,7178.0,2,7186.0,7178.0,7178.0,7175.0,31.0,1112575.0,565
2023-05-11 09:00:03,pp2403,pp2403,7175.0,0.0,0.0,0.0,50,7158.0,7176.0,1,7186.0,7178.0,7178.0,7175.0,31.0,1112575.0,565
2023-05-11 09:00:05,pp2403,pp2403,7175.0,0.0,0.0,0.0,50,7158.0,7176.0,21,7186.0,7178.0,7178.0,7175.0,31.0,1112575.0,565
2023-05-11 09:00:13,pp2403,pp2403,7175.0,0.0,0.0,0.0,50,7158.0,7176.0,24,7186.0,7178.0,7178.0,7175.0,31.0,1112575.0,565
2023-05-11 09:00:14,pp2403,pp2403,7175.0,0.0,0.0,0.0,1,7159.0,7176.0,24,7186.0,7178.0,7178.0,7175.0,31.0,1112575.0,565
2023-05-11 09:00:18,pp2403,pp2403,7175.0,0.0,0.0,0.0,1,7159.0,7176.0,31,7186.0,7178.0,7178.0,7175.0,31.0,1112575.0,565
2023-05-11 09:00:43,pp2403,pp2403,7175.0,0.0,0.0,0.0,1,7159.0,7176.0,32,7186.0,7178.0,7178.0,7175.0,31.0,1112575.0,565
2023-05-11 09:00:45,pp2403,pp2403,7175.0,0.0,0.0,0.0,1,7159.0,7176.0,31,7186.0,7178.0,7178.0,7175.0,31.0,1112575.0,565
2023-05-11 09:00:57,pp2403,pp2403,7175.0,0.0,0.0,0.0,1,7159.0,7176.0,32,7186.0,7178.0,7178.0,7175.0,31.0,1112575.0,565
2023-05-11 09:01:00,pp2403,pp2403,7175.0,0.0,0.0,0.0,1,7159.0,7176.0,2,7186.0,7178.0,7178.0,7175.0,31.0,1112575.0,565
2023-05-11 09:01:02,pp2403,pp2403,7175.0,0.0,0.0,0.0,1,7159.0,7176.0,16,7186.0,7178.0,7178.0,7175.0,31.0,1112575.0,565
2023-05-11 09:01:06,pp2403,pp2403,7175.0,0.0,0.0,0.0,1,7159.0,7176.0,15,7186.0,7178.0,7178.0,7175.0,31.0,1112575.0,565
2023-05-11 09:01:07,pp2403,pp2403,7175.0,0.0,0.0,0.0,1,7159.0,7176.0,16,7186.0,7178.0,7178.0,7175.0,31.0,1112575.0,565
2023-05-11 09:01:08,pp2403,pp2403,7175.0,0.0,0.0,0.0,1,7159.0,7176.0,15,7186.0,7178.0,7178.0,7175.0,31.0,1112575.0,565
2023-05-11 09:01:11,pp2403,pp2403,7175.0,0.0,0.0,0.0,1,7159.0,7176.0,16,7186.0,7178.0,7178.0,7175.0,31.0,1112575.0,565
2023-05-11 09:01:23,pp2403,pp2403,7175.0,0.0,0.0,0.0,1,7159.0,7176.0,15,7186.0,7178.0,7178.0,7175.0,31.0,1112575.0,565
2023-05-11 09:01:24,pp2403,pp2403,7175.0,0.0,0.0,0.0,1,7159.0,7176.0,16,7186.0,7178.0,7178.0,7175.0,31.0,1112575.0,565
2023-05-11 09:01:32,pp2403,pp2403,7175.0,0.0,0.0,0.0,1,7159.0,7176.0,15,7186.0,7178.0,7178.0,7175.0,31.0,1112575.0,565
2023-05-11 09:01:37,pp2403,pp2403,7175.0,0.0,0.0,0.0,1,7159.0,7176.0,16,7186.0,7178.0,7178.0,7175.0,31.0,1112575.0,565
2023-05-11 09:01:37,pp2403,pp2403,7175.0,0.0,0.0,0.0,1,7159.0,7176.0,15,7186.0,7178.0,7178.0,7175.0,31.0,1112575.0,565
2023-05-11 09:01:40,pp2403,pp2403,7175.0,0.0,0.0,0.0,1,7159.0,7176.0,16,7186.0,7178.0,7178.0,7175.0,31.0,1112575.0,565
2023-05-11 09:01:48,pp2403,pp2403,7175.0,0.0,0.0,0.0,1,7159.0,7176.0,1,7186.0,7178.0,7178.0,7175.0,31.0,1112575.0,565
2023-05-11 09:01:48,pp2403,pp2403,7175.0,0.0,0.0,0.0,1,7159.0,7176.0,2,7186.0,7178.0,7178.0,7175.0,31.0,1112575.0,565
2023-05-11 09:01:49,pp2403,pp2403,7175.0,0.0,0.0,0.0,1,7159.0,7176.0,3,7186.0,7178.0,7178.0,7175.0,31.0,1112575.0,565
2023-05-11 09:01:49,pp2403,pp2403,7175.0,0.0,0.0,0.0,1,7159.0,7176.0,17,7186.0,7178.0,7178.0,7175.0,31.0,1112575.0,565
2023-05-11 09:01:50,pp2403,pp2403,7175.0,0.0,0.0,0.0,1,7159.0,7176.0,16,7186.0,7178.0,7178.0,7175.0,31.0,1112575.0,565
2023-05-11 09:01:51,pp2403,pp2403,7175.0,0.0,0.0,0.0,1,7159.0,7176.0,17,7186.0,7178.0,7178.0,7175.0,31.0,1112575.0,565
2023-05-11 09:02:03,pp2403,pp2403,7175.0,0.0,0.0,0.0,1,7159.0,7176.0,16,7186.0,7178.0,7178.0,7175.0,31.0,1112575.0,565
2023-05-11 09:02:04,pp2403,pp2403,7175.0,0.0,0.0,0.0,1,7159.0,7176.0,1,7186.0,7178.0,7178.0,7175.0,31.0,1112575.0,565
2023-05-11 09:02:04,pp2403,pp2403,7175.0,0.0,0.0,0.0,1,7159.0,7176.0,8,7186.0,7178.0,7178.0,7175.0,31.0,1112575.0,565
