time,symbol_id,symbol_name,last,trade_volume,trade_amount,open_interest_change,bv1,bp1,ap1,av1,yesterday_close,today_open,today_high,today_low,volume,amount,open_interest
2023-05-09 20:59:00,nr2311,nr2311,9900.0,0.0,0.0,0.0,1,9500.0,0.0,0,9900.0,9905.0,0.0,0.0,0.0,0.0,11
2023-05-09 21:00:01,nr2311,nr2311,9900.0,0.0,0.0,0.0,1,9500.0,10680.0,1,9900.0,9905.0,0.0,0.0,0.0,0.0,11
2023-05-09 21:00:01,nr2311,nr2311,9900.0,0.0,0.0,0.0,2,9505.0,10675.0,5,9900.0,9905.0,0.0,0.0,0.0,0.0,11
2023-05-09 21:00:02,nr2311,nr2311,9900.0,0.0,0.0,0.0,2,9500.0,10675.0,5,9900.0,9905.0,0.0,0.0,0.0,0.0,11
2023-05-09 21:00:02,nr2311,nr2311,9900.0,0.0,0.0,0.0,1,9505.0,10675.0,5,9900.0,9905.0,0.0,0.0,0.0,0.0,11
2023-05-09 21:00:03,nr2311,nr2311,9900.0,0.0,0.0,0.0,1,9505.0,10665.0,1,9900.0,9905.0,0.0,0.0,0.0,0.0,11
2023-05-09 21:00:03,nr2311,nr2311,9900.0,0.0,0.0,0.0,1,9510.0,10665.0,1,9900.0,9905.0,0.0,0.0,0.0,0.0,11
2023-05-09 21:00:04,nr2311,nr2311,9900.0,0.0,0.0,0.0,1,9510.0,10665.0,1,9900.0,9905.0,0.0,0.0,0.0,0.0,11
2023-05-09 21:00:04,nr2311,nr2311,9900.0,0.0,0.0,0.0,1,9510.0,10660.0,2,9900.0,9905.0,0.0,0.0,0.0,0.0,11
2023-05-09 21:00:05,nr2311,nr2311,9900.0,0.0,0.0,0.0,1,9515.0,10650.0,1,9900.0,9905.0,0.0,0.0,0.0,0.0,11
2023-05-09 21:00:05,nr2311,nr2311,9900.0,0.0,0.0,0.0,1,9520.0,10650.0,1,9900.0,9905.0,0.0,0.0,0.0,0.0,11
2023-05-09 21:00:06,nr2311,nr2311,9900.0,0.0,0.0,0.0,1,9525.0,10645.0,1,9900.0,9905.0,0.0,0.0,0.0,0.0,11
2023-05-09 21:00:06,nr2311,nr2311,9900.0,0.0,0.0,0.0,1,9525.0,10635.0,1,9900.0,9905.0,0.0,0.0,0.0,0.0,11
2023-05-09 21:00:07,nr2311,nr2311,9900.0,0.0,0.0,0.0,1,9530.0,10635.0,1,9900.0,9905.0,0.0,0.0,0.0,0.0,11
2023-05-09 21:00:07,nr2311,nr2311,9900.0,0.0,0.0,0.0,1,9530.0,10630.0,2,9900.0,9905.0,0.0,0.0,0.0,0.0,11
2023-05-09 21:00:08,nr2311,nr2311,9900.0,0.0,0.0,0.0,2,9535.0,10620.0,1,9900.0,9905.0,0.0,0.0,0.0,0.0,11
2023-05-09 21:00:08,nr2311,nr2311,9900.0,0.0,0.0,0.0,3,9535.0,10620.0,1,9900.0,9905.0,0.0,0.0,0.0,0.0,11
2023-05-09 21:00:09,nr2311,nr2311,9900.0,0.0,0.0,0.0,1,9540.0,10615.0,1,9900.0,9905.0,0.0,0.0,0.0,0.0,11
2023-05-09 21:00:09,nr2311,nr2311,9900.0,0.0,0.0,0.0,2,9540.0,10605.0,1,9900.0,9905.0,0.0,0.0,0.0,0.0,11
2023-05-09 21:00:10,nr2311,nr2311,9900.0,0.0,0.0,0.0,3,9540.0,10600.0,1,9900.0,9905.0,0.0,0.0,0.0,0.0,11
2023-05-09 21:00:10,nr2311,nr2311,9900.0,0.0,0.0,0.0,3,9540.0,10590.0,1,9900.0,9905.0,0.0,0.0,0.0,0.0,11
2023-05-09 21:00:11,nr2311,nr2311,9900.0,0.0,0.0,0.0,3,9545.0,10585.0,2,9900.0,9905.0,0.0,0.0,0.0,0.0,11
2023-05-09 21:00:11,nr2311,nr2311,9900.0,0.0,0.0,0.0,1,9550.0,10575.0,1,9900.0,9905.0,0.0,0.0,0.0,0.0,11
2023-05-09 21:00:12,nr2311,nr2311,9900.0,0.0,0.0,0.0,1,9550.0,10575.0,1,9900.0,9905.0,0.0,0.0,0.0,0.0,11
2023-05-09 21:00:12,nr2311,nr2311,9900.0,0.0,0.0,0.0,3,9555.0,10570.0,5,9900.0,9905.0,0.0,0.0,0.0,0.0,11
2023-05-09 21:00:13,nr2311,nr2311,9900.0,0.0,0.0,0.0,4,9555.0,10560.0,1,9900.0,9905.0,0.0,0.0,0.0,0.0,11
2023-05-09 21:00:13,nr2311,nr2311,9900.0,0.0,0.0,0.0,4,9555.0,10555.0,2,9900.0,9905.0,0.0,0.0,0.0,0.0,11
2023-05-09 21:00:14,nr2311,nr2311,9900.0,0.0,0.0,0.0,1,9560.0,10545.0,1,9900.0,9905.0,0.0,0.0,0.0,0.0,11
2023-05-09 21:00:14,nr2311,nr2311,9900.0,0.0,0.0,0.0,2,9560.0,10540.0,2,9900.0,9905.0,0.0,0.0,0.0,0.0,11
2023-05-09 21:00:15,nr2311,nr2311,9900.0,0.0,0.0,0.0,3,9560.0,10530.0,1,9900.0,9905.0,0.0,0.0,0.0,0.0,11
2023-05-09 21:00:15,nr2311,nr2311,9900.0,0.0,0.0,0.0,4,9565.0,10525.0,4,9900.0,9905.0,0.0,0.0,0.0,0.0,11
2023-05-09 21:00:16,nr2311,nr2311,9900.0,0.0,0.0,0.0,1,9615.0,10200.0,1,9900.0,9905.0,0.0,0.0,0.0,0.0,11
2023-05-09 21:00:16,nr2311,nr2311,9900.0,0.0,0.0,0.0,1,9615.0,10195.0,1,9900.0,9905.0,0.0,0.0,0.0,0.0,11
2023-05-09 21:00:17,nr2311,nr2311,9900.0,0.0,0.0,0.0,1,9615.0,10195.0,1,9900.0,9905.0,0.0,0.0,0.0,0.0,11
2023-05-09 21:00:17,nr2311,nr2311,9900.0,0.0,0.0,0.0,1,9620.0,10190.0,1,9900.0,9905.0,0.0,0.0,0.0,0.0,11
2023-05-09 21:00:18,nr2311,nr2311,9900.0,0.0,0.0,0.0,1,9625.0,10185.0,2,9900.0,9905.0,0.0,0.0,0.0,0.0,11
2023-05-09 21:00:18,nr2311,nr2311,9900.0,0.0,0.0,0.0,2,9630.0,10180.0,1,9900.0,9905.0,0.0,0.0,0.0,0.0,11
2023-05-09 21:00:19,nr2311,nr2311,9900.0,0.0,0.0,0.0,2,9630.0,10180.0,2,9900.0,9905.0,0.0,0.0,0.0,0.0,11
2023-05-09 21:00:19,nr2311,nr2311,9900.0,0.0,0.0,0.0,2,9630.0,10175.0,1,9900.0,9905.0,0.0,0.0,0.0,0.0,11
2023-05-09 21:00:20,nr2311,nr2311,9900.0,0.0,0.0,0.0,1,9635.0,10175.0,1,9900.0,9905.0,0.0,0.0,0.0,0.0,11
2023-05-09 21:00:20,nr2311,nr2311,9900.0,0.0,0.0,0.0,2,9640.0,10170.0,2,9900.0,9905.0,0.0,0.0,0.0,0.0,11
2023-05-09 21:00:21,nr2311,nr2311,9900.0,0.0,0.0,0.0,3,9640.0,10170.0,4,9900.0,9905.0,0.0,0.0,0.0,0.0,11
2023-05-09 21:00:22,nr2311,nr2311,9900.0,0.0,0.0,0.0,3,9640.0,10170.0,4,9900.0,9905.0,0.0,0.0,0.0,0.0,11
2023-05-09 21:00:23,nr2311,nr2311,9900.0,0.0,0.0,0.0,3,9645.0,10165.0,2,9900.0,9905.0,0.0,0.0,0.0,0.0,11
2023-05-09 21:00:23,nr2311,nr2311,9900.0,0.0,0.0,0.0,1,9650.0,10165.0,2,9900.0,9905.0,0.0,0.0,0.0,0.0,11
2023-05-09 21:00:24,nr2311,nr2311,9900.0,0.0,0.0,0.0,2,9655.0,10160.0,4,9900.0,9905.0,0.0,0.0,0.0,0.0,11
2023-05-09 21:00:25,nr2311,nr2311,9900.0,0.0,0.0,0.0,1,9660.0,10155.0,1,9900.0,9905.0,0.0,0.0,0.0,0.0,11
2023-05-09 21:00:26,nr2311,nr2311,9900.0,0.0,0.0,0.0,3,9660.0,10155.0,2,9900.0,9905.0,0.0,0.0,0.0,0.0,11
2023-05-09 21:00:26,nr2311,nr2311,9900.0,0.0,0.0,0.0,2,9665.0,10150.0,1,9900.0,9905.0,0.0,0.0,0.0,0.0,11
2023-05-09 21:00:27,nr2311,nr2311,9900.0,0.0,0.0,0.0,2,9670.0,10145.0,2,9900.0,9905.0,0.0,0.0,0.0,0.0,11
2023-05-09 21:00:28,nr2311,nr2311,9900.0,0.0,0.0,0.0,2,9670.0,10145.0,2,9900.0,9905.0,0.0,0.0,0.0,0.0,11
2023-05-09 21:00:28,nr2311,nr2311,9900.0,0.0,0.0,0.0,1,9675.0,10140.0,1,9900.0,9905.0,0.0,0.0,0.0,0.0,11
2023-05-09 21:00:29,nr2311,nr2311,9900.0,0.0,0.0,0.0,3,9675.0,10135.0,1,9900.0,9905.0,0.0,0.0,0.0,0.0,11
2023-05-09 21:00:29,nr2311,nr2311,9900.0,0.0,0.0,0.0,1,9680.0,10135.0,1,9900.0,9905.0,0.0,0.0,0.0,0.0,11
2023-05-09 21:00:30,nr2311,nr2311,9900.0,0.0,0.0,0.0,4,9685.0,10130.0,5,9900.0,9905.0,0.0,0.0,0.0,0.0,11
2023-05-09 21:00:31,nr2311,nr2311,9900.0,0.0,0.0,0.0,4,9685.0,10130.0,5,9900.0,9905.0,0.0,0.0,0.0,0.0,11
2023-05-09 21:00:31,nr2311,nr2311,9900.0,0.0,0.0,0.0,1,9690.0,10125.0,1,9900.0,9905.0,0.0,0.0,0.0,0.0,11
2023-05-09 21:00:32,nr2311,nr2311,9900.0,0.0,0.0,0.0,1,9690.0,10120.0,2,9900.0,9905.0,0.0,0.0,0.0,0.0,11
2023-05-09 21:00:32,nr2311,nr2311,9900.0,0.0,0.0,0.0,1,9695.0,10115.0,1,9900.0,9905.0,0.0,0.0,0.0,0.0,11
2023-05-09 21:00:33,nr2311,nr2311,9900.0,0.0,0.0,0.0,1,9695.0,10110.0,1,9900.0,9905.0,0.0,0.0,0.0,0.0,11
2023-05-09 21:00:33,nr2311,nr2311,9900.0,0.0,0.0,0.0,2,9695.0,10110.0,1,9900.0,9905.0,0.0,0.0,0.0,0.0,11
2023-05-09 21:00:34,nr2311,nr2311,9900.0,0.0,0.0,0.0,4,9700.0,10105.0,4,9900.0,9905.0,0.0,0.0,0.0,0.0,11
2023-05-09 21:00:34,nr2311,nr2311,9900.0,0.0,0.0,0.0,5,9700.0,10105.0,5,9900.0,9905.0,0.0,0.0,0.0,0.0,11
2023-05-09 21:00:35,nr2311,nr2311,9900.0,0.0,0.0,0.0,5,9700.0,10105.0,5,9900.0,9905.0,0.0,0.0,0.0,0.0,11
2023-05-09 21:00:35,nr2311,nr2311,9900.0,0.0,0.0,0.0,1,9705.0,10100.0,3,9900.0,9905.0,0.0,0.0,0.0,0.0,11
2023-05-09 21:00:36,nr2311,nr2311,9900.0,0.0,0.0,0.0,1,9705.0,10095.0,1,9900.0,9905.0,0.0,0.0,0.0,0.0,11
2023-05-09 21:00:37,nr2311,nr2311,9900.0,0.0,0.0,0.0,1,9705.0,10090.0,1,9900.0,9905.0,0.0,0.0,0.0,0.0,11
2023-05-09 21:00:38,nr2311,nr2311,9900.0,0.0,0.0,0.0,5,9710.0,10085.0,4,9900.0,9905.0,0.0,0.0,0.0,0.0,11
2023-05-09 21:00:38,nr2311,nr2311,9900.0,0.0,0.0,0.0,5,9710.0,10080.0,2,9900.0,9905.0,0.0,0.0,0.0,0.0,11
2023-05-09 21:00:39,nr2311,nr2311,9900.0,0.0,0.0,0.0,1,9715.0,10075.0,1,9900.0,9905.0,0.0,0.0,0.0,0.0,11
2023-05-09 21:00:39,nr2311,nr2311,9900.0,0.0,0.0,0.0,2,9715.0,10075.0,1,9900.0,9905.0,0.0,0.0,0.0,0.0,11
2023-05-09 21:00:40,nr2311,nr2311,9900.0,0.0,0.0,0.0,2,9715.0,10075.0,2,9900.0,9905.0,0.0,0.0,0.0,0.0,11
2023-05-09 21:00:40,nr2311,nr2311,9900.0,0.0,0.0,0.0,2,9715.0,10070.0,1,9900.0,9905.0,0.0,0.0,0.0,0.0,11
2023-05-09 21:00:41,nr2311,nr2311,9900.0,0.0,0.0,0.0,5,9720.0,10065.0,3,9900.0,9905.0,0.0,0.0,0.0,0.0,11
2023-05-09 21:00:41,nr2311,nr2311,9900.0,0.0,0.0,0.0,1,9725.0,10065.0,4,9900.0,9905.0,0.0,0.0,0.0,0.0,11
2023-05-09 21:00:42,nr2311,nr2311,9900.0,0.0,0.0,0.0,1,9730.0,10060.0,4,9900.0,9905.0,0.0,0.0,0.0,0.0,11
2023-05-09 21:00:42,nr2311,nr2311,9900.0,0.0,0.0,0.0,2,9730.0,10055.0,1,9900.0,9905.0,0.0,0.0,0.0,0.0,11
2023-05-09 21:00:43,nr2311,nr2311,9900.0,0.0,0.0,0.0,2,9730.0,10055.0,1,9900.0,9905.0,0.0,0.0,0.0,0.0,11
2023-05-09 21:00:43,nr2311,nr2311,9900.0,0.0,0.0,0.0,2,9730.0,10050.0,1,9900.0,9905.0,0.0,0.0,0.0,0.0,11
2023-05-09 21:00:44,nr2311,nr2311,9900.0,0.0,0.0,0.0,4,9735.0,10045.0,2,9900.0,9905.0,0.0,0.0,0.0,0.0,11
2023-05-09 21:00:44,nr2311,nr2311,9900.0,0.0,0.0,0.0,4,9735.0,10045.0,2,9900.0,9905.0,0.0,0.0,0.0,0.0,11
2023-05-09 21:00:45,nr2311,nr2311,9900.0,0.0,0.0,0.0,2,9740.0,10040.0,3,9900.0,9905.0,0.0,0.0,0.0,0.0,11
2023-05-09 21:00:45,nr2311,nr2311,9900.0,0.0,0.0,0.0,2,9740.0,10040.0,5,9900.0,9905.0,0.0,0.0,0.0,0.0,11
2023-05-09 21:00:50,nr2311,nr2311,9900.0,0.0,0.0,0.0,2,9740.0,10040.0,5,9900.0,9905.0,0.0,0.0,0.0,0.0,11
2023-05-09 21:00:51,nr2311,nr2311,9900.0,0.0,0.0,0.0,4,9745.0,10035.0,6,9900.0,9905.0,0.0,0.0,0.0,0.0,11
2023-05-09 21:00:51,nr2311,nr2311,9900.0,0.0,0.0,0.0,4,9745.0,10035.0,6,9900.0,9905.0,0.0,0.0,0.0,0.0,11
2023-05-09 21:00:52,nr2311,nr2311,9900.0,0.0,0.0,0.0,4,9745.0,10030.0,1,9900.0,9905.0,0.0,0.0,0.0,0.0,11
2023-05-09 21:00:52,nr2311,nr2311,9900.0,0.0,0.0,0.0,2,9750.0,10025.0,1,9900.0,9905.0,0.0,0.0,0.0,0.0,11
2023-05-09 21:00:55,nr2311,nr2311,9900.0,0.0,0.0,0.0,2,9750.0,10025.0,1,9900.0,9905.0,0.0,0.0,0.0,0.0,11
2023-05-09 21:00:56,nr2311,nr2311,9900.0,0.0,0.0,0.0,4,9755.0,10020.0,8,9900.0,9905.0,0.0,0.0,0.0,0.0,11
2023-05-09 21:00:56,nr2311,nr2311,9900.0,0.0,0.0,0.0,4,9755.0,10020.0,8,9900.0,9905.0,0.0,0.0,0.0,0.0,11
2023-05-09 21:00:57,nr2311,nr2311,9900.0,0.0,0.0,0.0,1,9760.0,10015.0,1,9900.0,9905.0,0.0,0.0,0.0,0.0,11
2023-05-09 21:00:57,nr2311,nr2311,9900.0,0.0,0.0,0.0,2,9760.0,10015.0,1,9900.0,9905.0,0.0,0.0,0.0,0.0,11
2023-05-09 21:00:58,nr2311,nr2311,9900.0,0.0,0.0,0.0,2,9760.0,10015.0,1,9900.0,9905.0,0.0,0.0,0.0,0.0,11
2023-05-09 21:00:59,nr2311,nr2311,9900.0,0.0,0.0,0.0,4,9765.0,10010.0,8,9900.0,9905.0,0.0,0.0,0.0,0.0,11
2023-05-09 21:00:59,nr2311,nr2311,9900.0,0.0,0.0,0.0,4,9765.0,10010.0,8,9900.0,9905.0,0.0,0.0,0.0,0.0,11
2023-05-09 21:01:00,nr2311,nr2311,9900.0,0.0,0.0,0.0,1,9770.0,10005.0,1,9900.0,9905.0,0.0,0.0,0.0,0.0,11
2023-05-09 21:01:00,nr2311,nr2311,9900.0,0.0,0.0,0.0,2,9770.0,10005.0,1,9900.0,9905.0,0.0,0.0,0.0,0.0,11
2023-05-09 21:01:01,nr2311,nr2311,9900.0,0.0,0.0,0.0,2,9770.0,10005.0,1,9900.0,9905.0,0.0,0.0,0.0,0.0,11
2023-05-09 21:01:02,nr2311,nr2311,9900.0,0.0,0.0,0.0,3,9775.0,10000.0,8,9900.0,9905.0,0.0,0.0,0.0,0.0,11
2023-05-09 21:01:02,nr2311,nr2311,9900.0,0.0,0.0,0.0,4,9775.0,10000.0,8,9900.0,9905.0,0.0,0.0,0.0,0.0,11
2023-05-09 21:01:03,nr2311,nr2311,9900.0,0.0,0.0,0.0,1,9780.0,9995.0,1,9900.0,9905.0,0.0,0.0,0.0,0.0,11
2023-05-09 21:01:03,nr2311,nr2311,9900.0,0.0,0.0,0.0,1,9785.0,9995.0,1,9900.0,9905.0,0.0,0.0,0.0,0.0,11
2023-05-09 21:01:06,nr2311,nr2311,9900.0,0.0,0.0,0.0,1,9785.0,9995.0,1,9900.0,9905.0,0.0,0.0,0.0,0.0,11
2023-05-09 21:01:06,nr2311,nr2311,9900.0,0.0,0.0,0.0,4,9790.0,9990.0,8,9900.0,9905.0,0.0,0.0,0.0,0.0,11
2023-05-09 21:01:07,nr2311,nr2311,9900.0,0.0,0.0,0.0,4,9790.0,9990.0,8,9900.0,9905.0,0.0,0.0,0.0,0.0,11
2023-05-09 21:01:07,nr2311,nr2311,9900.0,0.0,0.0,0.0,1,9795.0,9985.0,1,9900.0,9905.0,0.0,0.0,0.0,0.0,11
2023-05-09 21:01:09,nr2311,nr2311,9900.0,0.0,0.0,0.0,1,9795.0,9985.0,1,9900.0,9905.0,0.0,0.0,0.0,0.0,11
2023-05-09 21:01:09,nr2311,nr2311,9900.0,0.0,0.0,0.0,4,9800.0,9980.0,8,9900.0,9905.0,0.0,0.0,0.0,0.0,11
2023-05-09 21:01:10,nr2311,nr2311,9900.0,0.0,0.0,0.0,4,9800.0,9980.0,8,9900.0,9905.0,0.0,0.0,0.0,0.0,11
2023-05-09 21:01:10,nr2311,nr2311,9900.0,0.0,0.0,0.0,1,9805.0,9975.0,1,9900.0,9905.0,0.0,0.0,0.0,0.0,11
2023-05-09 21:01:12,nr2311,nr2311,9900.0,0.0,0.0,0.0,1,9805.0,9975.0,1,9900.0,9905.0,0.0,0.0,0.0,0.0,11
2023-05-09 21:01:12,nr2311,nr2311,9900.0,0.0,0.0,0.0,4,9810.0,9970.0,8,9900.0,9905.0,0.0,0.0,0.0,0.0,11
2023-05-09 21:01:13,nr2311,nr2311,9900.0,0.0,0.0,0.0,4,9810.0,9970.0,8,9900.0,9905.0,0.0,0.0,0.0,0.0,11
2023-05-09 21:01:13,nr2311,nr2311,9900.0,0.0,0.0,0.0,1,9815.0,9970.0,8,9900.0,9905.0,0.0,0.0,0.0,0.0,11
2023-05-09 21:01:14,nr2311,nr2311,9900.0,0.0,0.0,0.0,1,9815.0,9970.0,8,9900.0,9905.0,0.0,0.0,0.0,0.0,11
2023-05-09 21:01:15,nr2311,nr2311,9900.0,0.0,0.0,0.0,1,9815.0,9965.0,1,9900.0,9905.0,0.0,0.0,0.0,0.0,11
2023-05-09 21:01:15,nr2311,nr2311,9900.0,0.0,0.0,0.0,4,9820.0,9965.0,1,9900.0,9905.0,0.0,0.0,0.0,0.0,11
2023-05-09 21:01:16,nr2311,nr2311,9900.0,0.0,0.0,0.0,4,9820.0,9960.0,8,9900.0,9905.0,0.0,0.0,0.0,0.0,11
2023-05-09 21:01:16,nr2311,nr2311,9900.0,0.0,0.0,0.0,1,9825.0,9960.0,9,9900.0,9905.0,0.0,0.0,0.0,0.0,11
2023-05-09 21:01:18,nr2311,nr2311,9900.0,0.0,0.0,0.0,1,9825.0,9960.0,9,9900.0,9905.0,0.0,0.0,0.0,0.0,11
2023-05-09 21:01:19,nr2311,nr2311,9900.0,0.0,0.0,0.0,3,9830.0,9955.0,1,9900.0,9905.0,0.0,0.0,0.0,0.0,11
2023-05-09 21:01:20,nr2311,nr2311,9900.0,0.0,0.0,0.0,3,9830.0,9955.0,1,9900.0,9905.0,0.0,0.0,0.0,0.0,11
2023-05-09 21:01:21,nr2311,nr2311,9900.0,0.0,0.0,0.0,1,9835.0,9950.0,5,9900.0,9905.0,0.0,0.0,0.0,0.0,11
2023-05-09 21:01:21,nr2311,nr2311,9900.0,0.0,0.0,0.0,1,9835.0,9950.0,5,9900.0,9905.0,0.0,0.0,0.0,0.0,11
2023-05-09 21:01:22,nr2311,nr2311,9900.0,0.0,0.0,0.0,3,9840.0,9945.0,1,9900.0,9905.0,0.0,0.0,0.0,0.0,11
2023-05-09 21:01:23,nr2311,nr2311,9900.0,0.0,0.0,0.0,3,9840.0,9945.0,1,9900.0,9905.0,0.0,0.0,0.0,0.0,11
2023-05-09 21:01:24,nr2311,nr2311,9900.0,0.0,0.0,0.0,3,9840.0,9940.0,4,9900.0,9905.0,0.0,0.0,0.0,0.0,11
2023-05-09 21:01:24,nr2311,nr2311,9900.0,0.0,0.0,0.0,1,9845.0,9940.0,4,9900.0,9905.0,0.0,0.0,0.0,0.0,11
2023-05-09 21:01:25,nr2311,nr2311,9900.0,0.0,0.0,0.0,1,9845.0,9940.0,5,9900.0,9905.0,0.0,0.0,0.0,0.0,11
2023-05-09 21:01:25,nr2311,nr2311,9900.0,0.0,0.0,0.0,3,9850.0,9940.0,5,9900.0,9905.0,0.0,0.0,0.0,0.0,11
2023-05-09 21:01:29,nr2311,nr2311,9900.0,0.0,0.0,0.0,3,9850.0,9940.0,5,9900.0,9905.0,0.0,0.0,0.0,0.0,11
2023-05-09 21:01:29,nr2311,nr2311,9900.0,0.0,0.0,0.0,1,9855.0,9940.0,6,9900.0,9905.0,0.0,0.0,0.0,0.0,11
2023-05-09 21:01:32,nr2311,nr2311,9900.0,0.0,0.0,0.0,1,9855.0,9940.0,6,9900.0,9905.0,0.0,0.0,0.0,0.0,11
2023-05-09 21:01:33,nr2311,nr2311,9900.0,0.0,0.0,0.0,3,9860.0,9940.0,4,9900.0,9905.0,0.0,0.0,0.0,0.0,11
2023-05-09 21:01:33,nr2311,nr2311,9900.0,0.0,0.0,0.0,3,9860.0,9940.0,4,9900.0,9905.0,0.0,0.0,0.0,0.0,11
2023-05-09 21:01:34,nr2311,nr2311,9900.0,0.0,0.0,0.0,4,9860.0,9940.0,4,9900.0,9905.0,0.0,0.0,0.0,0.0,11
2023-05-09 21:01:43,nr2311,nr2311,9900.0,0.0,0.0,0.0,4,9860.0,9940.0,4,9900.0,9905.0,0.0,0.0,0.0,0.0,11
2023-05-09 21:01:49,nr2311,nr2311,9900.0,0.0,0.0,0.0,4,9860.0,9935.0,2,9900.0,9905.0,0.0,0.0,0.0,0.0,11
2023-05-09 21:01:50,nr2311,nr2311,9900.0,0.0,0.0,0.0,4,9860.0,9935.0,2,9900.0,9905.0,0.0,0.0,0.0,0.0,11
2023-05-09 21:01:51,nr2311,nr2311,9900.0,0.0,0.0,0.0,4,9860.0,9930.0,3,9900.0,9905.0,0.0,0.0,0.0,0.0,11
2023-05-09 21:01:52,nr2311,nr2311,9900.0,0.0,0.0,0.0,4,9860.0,9925.0,1,9900.0,9905.0,0.0,0.0,0.0,0.0,11
2023-05-09 21:01:53,nr2311,nr2311,9900.0,0.0,0.0,0.0,4,9860.0,9925.0,1,9900.0,9905.0,0.0,0.0,0.0,0.0,11
2023-05-09 21:01:54,nr2311,nr2311,9900.0,0.0,0.0,0.0,3,9860.0,9920.0,1,9900.0,9905.0,0.0,0.0,0.0,0.0,11
2023-05-09 21:01:54,nr2311,nr2311,9900.0,0.0,0.0,0.0,1,9865.0,9920.0,1,9900.0,9905.0,0.0,0.0,0.0,0.0,11
2023-05-09 21:01:55,nr2311,nr2311,9900.0,0.0,0.0,0.0,1,9865.0,9915.0,1,9900.0,9905.0,0.0,0.0,0.0,0.0,11
2023-05-09 21:01:55,nr2311,nr2311,9900.0,0.0,0.0,0.0,3,9870.0,9915.0,1,9900.0,9905.0,0.0,0.0,0.0,0.0,11
2023-05-09 21:01:56,nr2311,nr2311,9900.0,0.0,0.0,0.0,3,9870.0,9915.0,1,9900.0,9905.0,0.0,0.0,0.0,0.0,11
2023-05-09 21:01:57,nr2311,nr2311,9900.0,0.0,0.0,0.0,3,9870.0,9915.0,2,9900.0,9905.0,0.0,0.0,0.0,0.0,11
2023-05-09 21:01:57,nr2311,nr2311,9900.0,0.0,0.0,0.0,3,9870.0,9915.0,2,9900.0,9905.0,0.0,0.0,0.0,0.0,11
2023-05-09 21:01:58,nr2311,nr2311,9900.0,0.0,0.0,0.0,4,9870.0,9915.0,2,9900.0,9905.0,0.0,0.0,0.0,0.0,11
2023-05-09 21:02:14,nr2311,nr2311,9900.0,0.0,0.0,0.0,4,9870.0,9915.0,2,9900.0,9905.0,0.0,0.0,0.0,0.0,11
2023-05-09 21:02:14,nr2311,nr2311,9900.0,0.0,0.0,0.0,4,9870.0,9915.0,1,9900.0,9905.0,0.0,0.0,0.0,0.0,11
2023-05-09 21:02:15,nr2311,nr2311,9900.0,0.0,0.0,0.0,4,9870.0,9915.0,2,9900.0,9905.0,0.0,0.0,0.0,0.0,11
2023-05-09 21:02:24,nr2311,nr2311,9900.0,0.0,0.0,0.0,4,9870.0,9915.0,1,9900.0,9905.0,0.0,0.0,0.0,0.0,11
2023-05-09 21:02:28,nr2311,nr2311,9900.0,0.0,0.0,0.0,4,9870.0,9915.0,1,9900.0,9905.0,0.0,0.0,0.0,0.0,11
2023-05-09 21:02:32,nr2311,nr2311,9900.0,0.0,0.0,0.0,4,9870.0,9910.0,2,9900.0,9905.0,0.0,0.0,0.0,0.0,11
2023-05-09 21:02:34,nr2311,nr2311,9900.0,0.0,0.0,0.0,4,9870.0,9910.0,2,9900.0,9905.0,0.0,0.0,0.0,0.0,11
2023-05-09 21:02:34,nr2311,nr2311,9900.0,0.0,0.0,0.0,4,9870.0,9910.0,3,9900.0,9905.0,0.0,0.0,0.0,0.0,11
2023-05-09 21:02:35,nr2311,nr2311,9900.0,0.0,0.0,0.0,4,9870.0,9910.0,1,9900.0,9905.0,0.0,0.0,0.0,0.0,11
2023-05-09 21:02:39,nr2311,nr2311,9900.0,0.0,0.0,0.0,4,9870.0,9960.0,1,9900.0,9905.0,0.0,0.0,0.0,0.0,11
2023-05-09 21:02:39,nr2311,nr2311,9900.0,0.0,0.0,0.0,4,9870.0,9935.0,1,9900.0,9905.0,0.0,0.0,0.0,0.0,11
2023-05-09 21:02:40,nr2311,nr2311,9900.0,0.0,0.0,0.0,4,9870.0,9935.0,1,9900.0,9905.0,0.0,0.0,0.0,0.0,11
2023-05-09 21:02:42,nr2311,nr2311,9900.0,0.0,0.0,0.0,4,9870.0,9960.0,2,9900.0,9905.0,0.0,0.0,0.0,0.0,11
2023-05-09 21:02:42,nr2311,nr2311,9900.0,0.0,0.0,0.0,4,9870.0,9930.0,1,9900.0,9905.0,0.0,0.0,0.0,0.0,11
2023-05-09 21:02:46,nr2311,nr2311,9900.0,0.0,0.0,0.0,4,9870.0,9930.0,1,9900.0,9905.0,0.0,0.0,0.0,0.0,11
2023-05-09 21:02:47,nr2311,nr2311,9900.0,0.0,0.0,0.0,4,9870.0,9925.0,1,9900.0,9905.0,0.0,0.0,0.0,0.0,11
2023-05-09 21:02:47,nr2311,nr2311,9900.0,0.0,0.0,0.0,4,9870.0,9925.0,1,9900.0,9905.0,0.0,0.0,0.0,0.0,11
2023-05-09 21:02:48,nr2311,nr2311,9900.0,0.0,0.0,0.0,4,9870.0,9920.0,1,9900.0,9905.0,0.0,0.0,0.0,0.0,11
2023-05-09 21:02:49,nr2311,nr2311,9900.0,0.0,0.0,0.0,4,9870.0,9920.0,1,9900.0,9905.0,0.0,0.0,0.0,0.0,11
2023-05-09 21:02:50,nr2311,nr2311,9900.0,0.0,0.0,0.0,4,9870.0,9915.0,1,9900.0,9905.0,0.0,0.0,0.0,0.0,11
2023-05-09 21:02:51,nr2311,nr2311,9900.0,0.0,0.0,0.0,4,9870.0,9915.0,1,9900.0,9905.0,0.0,0.0,0.0,0.0,11
2023-05-09 21:02:58,nr2311,nr2311,9900.0,0.0,0.0,0.0,4,9870.0,9915.0,2,9900.0,9905.0,0.0,0.0,0.0,0.0,11
2023-05-09 21:03:02,nr2311,nr2311,9900.0,0.0,0.0,0.0,4,9870.0,9915.0,1,9900.0,9905.0,0.0,0.0,0.0,0.0,11
2023-05-09 21:03:02,nr2311,nr2311,9900.0,0.0,0.0,0.0,4,9870.0,9910.0,1,9900.0,9905.0,0.0,0.0,0.0,0.0,11
2023-05-09 21:03:03,nr2311,nr2311,9900.0,0.0,0.0,0.0,4,9870.0,9910.0,1,9900.0,9905.0,0.0,0.0,0.0,0.0,11
2023-05-09 21:03:03,nr2311,nr2311,9900.0,0.0,0.0,0.0,4,9870.0,9905.0,1,9900.0,9905.0,0.0,0.0,0.0,0.0,11
2023-05-09 21:03:04,nr2311,nr2311,9900.0,0.0,0.0,0.0,1,9855.0,9905.0,1,9900.0,9905.0,0.0,0.0,0.0,0.0,11
2023-05-09 21:03:04,nr2311,nr2311,9900.0,0.0,0.0,0.0,4,9860.0,9905.0,1,9900.0,9905.0,0.0,0.0,0.0,0.0,11
2023-05-09 21:03:05,nr2311,nr2311,9900.0,0.0,0.0,0.0,4,9860.0,9905.0,1,9900.0,9905.0,0.0,0.0,0.0,0.0,11
2023-05-09 21:03:17,nr2311,nr2311,9900.0,0.0,0.0,0.0,4,9860.0,9900.0,2,9900.0,9905.0,0.0,0.0,0.0,0.0,11
2023-05-09 21:03:20,nr2311,nr2311,9900.0,0.0,0.0,0.0,4,9860.0,9960.0,1,9900.0,9905.0,0.0,0.0,0.0,0.0,11
2023-05-09 21:03:20,nr2311,nr2311,9900.0,0.0,0.0,0.0,4,9860.0,9900.0,1,9900.0,9905.0,0.0,0.0,0.0,0.0,11
2023-05-09 21:03:21,nr2311,nr2311,9900.0,0.0,0.0,0.0,4,9860.0,9895.0,1,9900.0,9905.0,0.0,0.0,0.0,0.0,11
2023-05-09 21:03:23,nr2311,nr2311,9900.0,0.0,0.0,0.0,4,9860.0,9900.0,1,9900.0,9905.0,0.0,0.0,0.0,0.0,11
2023-05-09 21:03:27,nr2311,nr2311,9900.0,0.0,0.0,0.0,4,9860.0,9960.0,1,9900.0,9905.0,0.0,0.0,0.0,0.0,11
2023-05-09 21:03:28,nr2311,nr2311,9900.0,0.0,0.0,0.0,4,9860.0,9955.0,5,9900.0,9905.0,0.0,0.0,0.0,0.0,11
2023-05-09 21:03:29,nr2311,nr2311,9900.0,0.0,0.0,0.0,4,9860.0,9955.0,6,9900.0,9905.0,0.0,0.0,0.0,0.0,11
2023-05-09 21:03:54,nr2311,nr2311,9900.0,0.0,0.0,0.0,4,9860.0,9955.0,5,9900.0,9905.0,0.0,0.0,0.0,0.0,11
2023-05-09 21:03:55,nr2311,nr2311,9900.0,0.0,0.0,0.0,4,9860.0,9950.0,1,9900.0,9905.0,0.0,0.0,0.0,0.0,11
2023-05-09 21:03:55,nr2311,nr2311,9900.0,0.0,0.0,0.0,4,9860.0,9950.0,1,9900.0,9905.0,0.0,0.0,0.0,0.0,11
2023-05-09 21:03:56,nr2311,nr2311,9900.0,0.0,0.0,0.0,4,9860.0,9945.0,4,9900.0,9905.0,0.0,0.0,0.0,0.0,11
2023-05-09 21:04:01,nr2311,nr2311,9900.0,0.0,0.0,0.0,4,9860.0,9945.0,4,9900.0,9905.0,0.0,0.0,0.0,0.0,11
2023-05-09 21:04:02,nr2311,nr2311,9900.0,0.0,0.0,0.0,4,9860.0,9940.0,2,9900.0,9905.0,0.0,0.0,0.0,0.0,11
2023-05-09 21:04:02,nr2311,nr2311,9900.0,0.0,0.0,0.0,4,9860.0,9940.0,2,9900.0,9905.0,0.0,0.0,0.0,0.0,11
2023-05-09 21:04:03,nr2311,nr2311,9900.0,0.0,0.0,0.0,4,9860.0,9935.0,4,9900.0,9905.0,0.0,0.0,0.0,0.0,11
2023-05-09 21:04:17,nr2311,nr2311,9900.0,0.0,0.0,0.0,4,9860.0,9935.0,4,9900.0,9905.0,0.0,0.0,0.0,0.0,11
2023-05-09 21:04:42,nr2311,nr2311,9900.0,0.0,0.0,0.0,4,9860.0,9935.0,4,9900.0,9905.0,0.0,0.0,0.0,0.0,11
2023-05-09 21:04:47,nr2311,nr2311,9900.0,0.0,0.0,0.0,4,9860.0,9930.0,2,9900.0,9905.0,0.0,0.0,0.0,0.0,11
2023-05-09 21:04:47,nr2311,nr2311,9900.0,0.0,0.0,0.0,4,9860.0,9930.0,2,9900.0,9905.0,0.0,0.0,0.0,0.0,11
2023-05-09 21:04:48,nr2311,nr2311,9900.0,0.0,0.0,0.0,4,9860.0,9925.0,4,9900.0,9905.0,0.0,0.0,0.0,0.0,11
2023-05-09 21:05:27,nr2311,nr2311,9900.0,0.0,0.0,0.0,4,9860.0,9925.0,4,9900.0,9905.0,0.0,0.0,0.0,0.0,11
2023-05-09 21:05:31,nr2311,nr2311,9900.0,0.0,0.0,0.0,4,9860.0,9920.0,2,9900.0,9905.0,0.0,0.0,0.0,0.0,11
2023-05-09 21:05:32,nr2311,nr2311,9900.0,0.0,0.0,0.0,4,9860.0,9920.0,2,9900.0,9905.0,0.0,0.0,0.0,0.0,11
2023-05-09 21:05:33,nr2311,nr2311,9900.0,0.0,0.0,0.0,4,9860.0,9915.0,4,9900.0,9905.0,0.0,0.0,0.0,0.0,11
2023-05-09 21:05:42,nr2311,nr2311,9900.0,0.0,0.0,0.0,1,9835.0,9915.0,4,9900.0,9905.0,0.0,0.0,0.0,0.0,11
2023-05-09 21:05:42,nr2311,nr2311,9900.0,0.0,0.0,0.0,4,9840.0,9915.0,4,9900.0,9905.0,0.0,0.0,0.0,0.0,11
2023-05-09 21:06:12,nr2311,nr2311,9900.0,0.0,0.0,0.0,4,9840.0,9915.0,4,9900.0,9905.0,0.0,0.0,0.0,0.0,11
2023-05-09 21:06:16,nr2311,nr2311,9900.0,0.0,0.0,0.0,4,9840.0,9910.0,2,9900.0,9905.0,0.0,0.0,0.0,0.0,11
2023-05-09 21:06:16,nr2311,nr2311,9900.0,0.0,0.0,0.0,4,9840.0,9910.0,2,9900.0,9905.0,0.0,0.0,0.0,0.0,11
2023-05-09 21:06:17,nr2311,nr2311,9900.0,0.0,0.0,0.0,4,9840.0,9905.0,1,9900.0,9905.0,0.0,0.0,0.0,0.0,11
2023-05-09 21:06:18,nr2311,nr2311,9900.0,0.0,0.0,0.0,4,9840.0,9905.0,1,9900.0,9905.0,0.0,0.0,0.0,0.0,11
2023-05-09 21:06:18,nr2311,nr2311,9900.0,0.0,0.0,0.0,4,9840.0,9900.0,1,9900.0,9905.0,0.0,0.0,0.0,0.0,11
2023-05-09 21:06:21,nr2311,nr2311,9900.0,0.0,0.0,0.0,4,9840.0,9900.0,1,9900.0,9905.0,0.0,0.0,0.0,0.0,11
2023-05-09 21:06:22,nr2311,nr2311,9900.0,0.0,0.0,0.0,4,9840.0,9895.0,1,9900.0,9905.0,0.0,0.0,0.0,0.0,11
2023-05-09 21:06:22,nr2311,nr2311,9900.0,0.0,0.0,0.0,4,9840.0,9895.0,1,9900.0,9905.0,0.0,0.0,0.0,0.0,11
2023-05-09 21:06:23,nr2311,nr2311,9900.0,0.0,0.0,0.0,4,9840.0,9890.0,1,9900.0,9905.0,0.0,0.0,0.0,0.0,11
2023-05-09 21:06:24,nr2311,nr2311,9900.0,0.0,0.0,0.0,4,9840.0,9890.0,1,9900.0,9905.0,0.0,0.0,0.0,0.0,11
2023-05-09 21:06:55,nr2311,nr2311,9900.0,0.0,0.0,0.0,4,9840.0,9890.0,1,9900.0,9905.0,0.0,0.0,0.0,0.0,11
2023-05-09 21:07:02,nr2311,nr2311,9900.0,0.0,0.0,0.0,4,9840.0,9885.0,2,9900.0,9905.0,0.0,0.0,0.0,0.0,11
2023-05-09 21:07:02,nr2311,nr2311,9900.0,0.0,0.0,0.0,4,9840.0,9885.0,2,9900.0,9905.0,0.0,0.0,0.0,0.0,11
2023-05-09 21:07:03,nr2311,nr2311,9900.0,0.0,0.0,0.0,4,9840.0,9885.0,3,9900.0,9905.0,0.0,0.0,0.0,0.0,11
2023-05-09 21:07:43,nr2311,nr2311,9900.0,0.0,0.0,0.0,4,9840.0,9885.0,3,9900.0,9905.0,0.0,0.0,0.0,0.0,11
2023-05-09 21:08:10,nr2311,nr2311,9900.0,0.0,0.0,0.0,4,9840.0,9885.0,2,9900.0,9905.0,0.0,0.0,0.0,0.0,11
2023-05-09 21:08:23,nr2311,nr2311,9900.0,0.0,0.0,0.0,4,9840.0,9885.0,3,9900.0,9905.0,0.0,0.0,0.0,0.0,11
2023-05-09 21:08:28,nr2311,nr2311,9900.0,0.0,0.0,0.0,4,9840.0,9885.0,2,9900.0,9905.0,0.0,0.0,0.0,0.0,11
2023-05-09 21:08:30,nr2311,nr2311,9900.0,0.0,0.0,0.0,4,9840.0,9885.0,3,9900.0,9905.0,0.0,0.0,0.0,0.0,11
2023-05-09 21:08:54,nr2311,nr2311,9900.0,0.0,0.0,0.0,4,9840.0,9885.0,2,9900.0,9905.0,0.0,0.0,0.0,0.0,11
2023-05-09 21:08:54,nr2311,nr2311,9900.0,0.0,0.0,0.0,4,9840.0,9880.0,1,9900.0,9905.0,0.0,0.0,0.0,0.0,11
2023-05-09 21:08:55,nr2311,nr2311,9900.0,0.0,0.0,0.0,4,9840.0,9880.0,1,9900.0,9905.0,0.0,0.0,0.0,0.0,11
2023-05-09 21:08:59,nr2311,nr2311,9900.0,0.0,0.0,0.0,4,9840.0,9880.0,1,9900.0,9905.0,0.0,0.0,0.0,0.0,11
2023-05-09 21:09:02,nr2311,nr2311,9900.0,0.0,0.0,0.0,4,9840.0,9880.0,1,9900.0,9905.0,0.0,0.0,0.0,0.0,11
2023-05-09 21:09:03,nr2311,nr2311,9900.0,0.0,0.0,0.0,4,9840.0,9880.0,1,9900.0,9905.0,0.0,0.0,0.0,0.0,11
2023-05-09 21:09:32,nr2311,nr2311,9900.0,0.0,0.0,0.0,4,9840.0,9880.0,1,9900.0,9905.0,0.0,0.0,0.0,0.0,11
2023-05-09 21:10:06,nr2311,nr2311,9900.0,0.0,0.0,0.0,4,9840.0,9960.0,1,9900.0,9905.0,0.0,0.0,0.0,0.0,11
2023-05-09 21:10:07,nr2311,nr2311,9900.0,0.0,0.0,0.0,4,9840.0,9955.0,1,9900.0,9905.0,0.0,0.0,0.0,0.0,11
2023-05-09 21:10:07,nr2311,nr2311,9900.0,0.0,0.0,0.0,4,9840.0,9950.0,5,9900.0,9905.0,0.0,0.0,0.0,0.0,11
2023-05-09 21:10:08,nr2311,nr2311,9900.0,0.0,0.0,0.0,4,9840.0,9950.0,6,9900.0,9905.0,0.0,0.0,0.0,0.0,11
2023-05-09 21:10:09,nr2311,nr2311,9900.0,0.0,0.0,0.0,4,9840.0,9950.0,6,9900.0,9905.0,0.0,0.0,0.0,0.0,11
2023-05-09 21:10:10,nr2311,nr2311,9900.0,0.0,0.0,0.0,4,9840.0,9950.0,6,9900.0,9905.0,0.0,0.0,0.0,0.0,11
2023-05-09 21:10:10,nr2311,nr2311,9900.0,0.0,0.0,0.0,4,9840.0,9945.0,2,9900.0,9905.0,0.0,0.0,0.0,0.0,11
2023-05-09 21:10:11,nr2311,nr2311,9900.0,0.0,0.0,0.0,4,9840.0,9945.0,2,9900.0,9905.0,0.0,0.0,0.0,0.0,11
2023-05-09 21:10:11,nr2311,nr2311,9900.0,0.0,0.0,0.0,4,9840.0,9940.0,5,9900.0,9905.0,0.0,0.0,0.0,0.0,11
2023-05-09 21:10:14,nr2311,nr2311,9900.0,0.0,0.0,0.0,4,9840.0,9940.0,5,9900.0,9905.0,0.0,0.0,0.0,0.0,11
2023-05-09 21:10:15,nr2311,nr2311,9900.0,0.0,0.0,0.0,4,9840.0,9935.0,1,9900.0,9905.0,0.0,0.0,0.0,0.0,11
2023-05-09 21:10:18,nr2311,nr2311,9900.0,0.0,0.0,0.0,4,9840.0,9935.0,1,9900.0,9905.0,0.0,0.0,0.0,0.0,11
2023-05-09 21:10:19,nr2311,nr2311,9900.0,0.0,0.0,0.0,4,9840.0,9930.0,1,9900.0,9905.0,0.0,0.0,0.0,0.0,11
2023-05-09 21:10:19,nr2311,nr2311,9900.0,0.0,0.0,0.0,4,9840.0,9930.0,3,9900.0,9905.0,0.0,0.0,0.0,0.0,11
2023-05-09 21:10:20,nr2311,nr2311,9900.0,0.0,0.0,0.0,4,9840.0,9930.0,3,9900.0,9905.0,0.0,0.0,0.0,0.0,11
2023-05-09 21:10:21,nr2311,nr2311,9900.0,0.0,0.0,0.0,4,9840.0,9925.0,1,9900.0,9905.0,0.0,0.0,0.0,0.0,11
2023-05-09 21:10:21,nr2311,nr2311,9900.0,0.0,0.0,0.0,4,9840.0,9925.0,1,9900.0,9905.0,0.0,0.0,0.0,0.0,11
2023-05-09 21:10:22,nr2311,nr2311,9900.0,0.0,0.0,0.0,4,9840.0,9920.0,1,9900.0,9905.0,0.0,0.0,0.0,0.0,11
2023-05-09 21:10:22,nr2311,nr2311,9900.0,0.0,0.0,0.0,4,9840.0,9915.0,2,9900.0,9905.0,0.0,0.0,0.0,0.0,11
2023-05-09 21:10:23,nr2311,nr2311,9900.0,0.0,0.0,0.0,4,9840.0,9915.0,2,9900.0,9905.0,0.0,0.0,0.0,0.0,11
2023-05-09 21:10:24,nr2311,nr2311,9900.0,0.0,0.0,0.0,4,9840.0,9910.0,1,9900.0,9905.0,0.0,0.0,0.0,0.0,11
2023-05-09 21:10:24,nr2311,nr2311,9900.0,0.0,0.0,0.0,4,9840.0,9910.0,1,9900.0,9905.0,0.0,0.0,0.0,0.0,11
2023-05-09 21:10:25,nr2311,nr2311,9900.0,0.0,0.0,0.0,4,9840.0,9905.0,1,9900.0,9905.0,0.0,0.0,0.0,0.0,11
2023-05-09 21:10:25,nr2311,nr2311,9900.0,0.0,0.0,0.0,4,9840.0,9905.0,1,9900.0,9905.0,0.0,0.0,0.0,0.0,11
2023-05-09 21:10:28,nr2311,nr2311,9900.0,0.0,0.0,0.0,4,9840.0,9905.0,1,9900.0,9905.0,0.0,0.0,0.0,0.0,11
2023-05-09 21:10:28,nr2311,nr2311,9900.0,0.0,0.0,0.0,4,9840.0,9900.0,1,9900.0,9905.0,0.0,0.0,0.0,0.0,11
2023-05-09 21:10:29,nr2311,nr2311,9900.0,0.0,0.0,0.0,4,9840.0,9895.0,1,9900.0,9905.0,0.0,0.0,0.0,0.0,11
2023-05-09 21:10:31,nr2311,nr2311,9900.0,0.0,0.0,0.0,4,9840.0,9895.0,1,9900.0,9905.0,0.0,0.0,0.0,0.0,11
2023-05-09 21:10:31,nr2311,nr2311,9900.0,0.0,0.0,0.0,4,9840.0,9890.0,1,9900.0,9905.0,0.0,0.0,0.0,0.0,11
2023-05-09 21:10:32,nr2311,nr2311,9900.0,0.0,0.0,0.0,4,9840.0,9890.0,1,9900.0,9905.0,0.0,0.0,0.0,0.0,11
2023-05-09 21:10:41,nr2311,nr2311,9900.0,0.0,0.0,0.0,4,9840.0,9885.0,2,9900.0,9905.0,0.0,0.0,0.0,0.0,11
2023-05-09 21:10:42,nr2311,nr2311,9900.0,0.0,0.0,0.0,4,9840.0,9885.0,2,9900.0,9905.0,0.0,0.0,0.0,0.0,11
2023-05-09 21:10:43,nr2311,nr2311,9900.0,0.0,0.0,0.0,4,9840.0,9885.0,3,9900.0,9905.0,0.0,0.0,0.0,0.0,11
2023-05-09 21:10:59,nr2311,nr2311,9900.0,0.0,0.0,0.0,4,9840.0,9885.0,2,9900.0,9905.0,0.0,0.0,0.0,0.0,11
2023-05-09 21:11:00,nr2311,nr2311,9900.0,0.0,0.0,0.0,4,9840.0,9885.0,3,9900.0,9905.0,0.0,0.0,0.0,0.0,11
2023-05-09 21:12:06,nr2311,nr2311,9900.0,0.0,0.0,0.0,4,9840.0,9885.0,2,9900.0,9905.0,0.0,0.0,0.0,0.0,11
2023-05-09 21:12:07,nr2311,nr2311,9900.0,0.0,0.0,0.0,4,9840.0,9885.0,3,9900.0,9905.0,0.0,0.0,0.0,0.0,11
2023-05-09 21:12:55,nr2311,nr2311,9900.0,0.0,0.0,0.0,4,9840.0,9885.0,2,9900.0,9905.0,0.0,0.0,0.0,0.0,11
2023-05-09 21:12:56,nr2311,nr2311,9900.0,0.0,0.0,0.0,4,9840.0,9885.0,3,9900.0,9905.0,0.0,0.0,0.0,0.0,11
2023-05-09 21:13:18,nr2311,nr2311,9900.0,0.0,0.0,0.0,4,9840.0,9885.0,2,9900.0,9905.0,0.0,0.0,0.0,0.0,11
2023-05-09 21:14:47,nr2311,nr2311,9900.0,0.0,0.0,0.0,4,9840.0,9885.0,3,9900.0,9905.0,0.0,0.0,0.0,0.0,11
2023-05-09 21:15:11,nr2311,nr2311,9900.0,0.0,0.0,0.0,4,9840.0,9885.0,2,9900.0,9905.0,0.0,0.0,0.0,0.0,11
2023-05-09 21:15:40,nr2311,nr2311,9900.0,0.0,0.0,0.0,4,9840.0,9950.0,1,9900.0,9905.0,0.0,0.0,0.0,0.0,11
2023-05-09 21:15:41,nr2311,nr2311,9900.0,0.0,0.0,0.0,4,9840.0,10035.0,1,9900.0,9905.0,0.0,0.0,0.0,0.0,11
2023-05-09 21:15:42,nr2311,nr2311,9900.0,0.0,0.0,0.0,4,9840.0,10030.0,2,9900.0,9905.0,0.0,0.0,0.0,0.0,11
2023-05-09 21:15:42,nr2311,nr2311,9900.0,0.0,0.0,0.0,4,9840.0,10025.0,3,9900.0,9905.0,0.0,0.0,0.0,0.0,11
2023-05-09 21:15:43,nr2311,nr2311,9900.0,0.0,0.0,0.0,4,9840.0,10020.0,1,9900.0,9905.0,0.0,0.0,0.0,0.0,11
2023-05-09 21:15:48,nr2311,nr2311,9900.0,0.0,0.0,0.0,4,9840.0,10015.0,1,9900.0,9905.0,0.0,0.0,0.0,0.0,11
2023-05-09 21:15:48,nr2311,nr2311,9900.0,0.0,0.0,0.0,4,9840.0,10010.0,4,9900.0,9905.0,0.0,0.0,0.0,0.0,11
2023-05-09 21:15:49,nr2311,nr2311,9900.0,0.0,0.0,0.0,4,9840.0,10005.0,3,9900.0,9905.0,0.0,0.0,0.0,0.0,11
2023-05-09 21:15:49,nr2311,nr2311,9900.0,0.0,0.0,0.0,4,9840.0,10000.0,1,9900.0,9905.0,0.0,0.0,0.0,0.0,11
2023-05-09 21:15:51,nr2311,nr2311,9900.0,0.0,0.0,0.0,4,9840.0,10000.0,1,9900.0,9905.0,0.0,0.0,0.0,0.0,11
2023-05-09 21:15:52,nr2311,nr2311,9900.0,0.0,0.0,0.0,4,9840.0,9995.0,9,9900.0,9905.0,0.0,0.0,0.0,0.0,11
2023-05-09 21:15:52,nr2311,nr2311,9900.0,0.0,0.0,0.0,4,9840.0,9995.0,9,9900.0,9905.0,0.0,0.0,0.0,0.0,11
2023-05-09 21:15:53,nr2311,nr2311,9900.0,0.0,0.0,0.0,4,9840.0,9990.0,1,9900.0,9905.0,0.0,0.0,0.0,0.0,11
2023-05-09 21:15:55,nr2311,nr2311,9900.0,0.0,0.0,0.0,4,9840.0,9990.0,1,9900.0,9905.0,0.0,0.0,0.0,0.0,11
2023-05-09 21:15:56,nr2311,nr2311,9900.0,0.0,0.0,0.0,4,9840.0,9985.0,9,9900.0,9905.0,0.0,0.0,0.0,0.0,11
2023-05-09 21:15:56,nr2311,nr2311,9900.0,0.0,0.0,0.0,4,9840.0,9985.0,9,9900.0,9905.0,0.0,0.0,0.0,0.0,11
2023-05-09 21:15:57,nr2311,nr2311,9900.0,0.0,0.0,0.0,4,9840.0,9980.0,1,9900.0,9905.0,0.0,0.0,0.0,0.0,11
2023-05-09 21:15:58,nr2311,nr2311,9900.0,0.0,0.0,0.0,4,9840.0,9980.0,1,9900.0,9905.0,0.0,0.0,0.0,0.0,11
2023-05-09 21:15:59,nr2311,nr2311,9900.0,0.0,0.0,0.0,4,9840.0,9975.0,9,9900.0,9905.0,0.0,0.0,0.0,0.0,11
2023-05-09 21:16:02,nr2311,nr2311,9900.0,0.0,0.0,0.0,4,9840.0,9975.0,9,9900.0,9905.0,0.0,0.0,0.0,0.0,11
2023-05-09 21:16:03,nr2311,nr2311,9900.0,0.0,0.0,0.0,4,9840.0,9970.0,1,9900.0,9905.0,0.0,0.0,0.0,0.0,11
2023-05-09 21:16:03,nr2311,nr2311,9900.0,0.0,0.0,0.0,4,9840.0,9970.0,1,9900.0,9905.0,0.0,0.0,0.0,0.0,11
2023-05-09 21:16:04,nr2311,nr2311,9900.0,0.0,0.0,0.0,4,9840.0,9965.0,6,9900.0,9905.0,0.0,0.0,0.0,0.0,11
2023-05-09 21:16:05,nr2311,nr2311,9900.0,0.0,0.0,0.0,4,9840.0,9965.0,6,9900.0,9905.0,0.0,0.0,0.0,0.0,11
2023-05-09 21:16:06,nr2311,nr2311,9900.0,0.0,0.0,0.0,4,9840.0,9960.0,1,9900.0,9905.0,0.0,0.0,0.0,0.0,11
2023-05-09 21:16:06,nr2311,nr2311,9900.0,0.0,0.0,0.0,4,9840.0,9960.0,1,9900.0,9905.0,0.0,0.0,0.0,0.0,11
2023-05-09 21:16:07,nr2311,nr2311,9900.0,0.0,0.0,0.0,4,9840.0,9955.0,6,9900.0,9905.0,0.0,0.0,0.0,0.0,11
2023-05-09 21:16:07,nr2311,nr2311,9900.0,0.0,0.0,0.0,4,9840.0,9955.0,7,9900.0,9905.0,0.0,0.0,0.0,0.0,11
2023-05-09 21:16:08,nr2311,nr2311,9900.0,0.0,0.0,0.0,4,9840.0,9955.0,7,9900.0,9905.0,0.0,0.0,0.0,0.0,11
2023-05-09 21:16:09,nr2311,nr2311,9900.0,0.0,0.0,0.0,4,9840.0,9950.0,1,9900.0,9905.0,0.0,0.0,0.0,0.0,11
2023-05-09 21:16:12,nr2311,nr2311,9900.0,0.0,0.0,0.0,4,9840.0,9950.0,1,9900.0,9905.0,0.0,0.0,0.0,0.0,11
2023-05-09 21:16:13,nr2311,nr2311,9900.0,0.0,0.0,0.0,4,9840.0,9945.0,6,9900.0,9905.0,0.0,0.0,0.0,0.0,11
2023-05-09 21:16:13,nr2311,nr2311,9900.0,0.0,0.0,0.0,4,9840.0,9945.0,6,9900.0,9905.0,0.0,0.0,0.0,0.0,11
2023-05-09 21:16:14,nr2311,nr2311,9900.0,0.0,0.0,0.0,4,9840.0,9940.0,1,9900.0,9905.0,0.0,0.0,0.0,0.0,11
2023-05-09 21:16:15,nr2311,nr2311,9900.0,0.0,0.0,0.0,4,9840.0,9940.0,1,9900.0,9905.0,0.0,0.0,0.0,0.0,11
2023-05-09 21:16:16,nr2311,nr2311,9900.0,0.0,0.0,0.0,4,9840.0,9935.0,3,9900.0,9905.0,0.0,0.0,0.0,0.0,11
2023-05-09 21:16:16,nr2311,nr2311,9900.0,0.0,0.0,0.0,4,9840.0,9935.0,3,9900.0,9905.0,0.0,0.0,0.0,0.0,11
2023-05-09 21:16:17,nr2311,nr2311,9900.0,0.0,0.0,0.0,4,9840.0,9930.0,1,9900.0,9905.0,0.0,0.0,0.0,0.0,11
2023-05-09 21:16:21,nr2311,nr2311,9900.0,0.0,0.0,0.0,4,9840.0,9930.0,1,9900.0,9905.0,0.0,0.0,0.0,0.0,11
2023-05-09 21:16:22,nr2311,nr2311,9900.0,0.0,0.0,0.0,4,9840.0,9930.0,1,9900.0,9905.0,0.0,0.0,0.0,0.0,11
2023-05-09 21:16:23,nr2311,nr2311,9900.0,0.0,0.0,0.0,4,9840.0,9930.0,1,9900.0,9905.0,0.0,0.0,0.0,0.0,11
2023-05-09 21:16:23,nr2311,nr2311,9900.0,0.0,0.0,0.0,4,9840.0,9925.0,3,9900.0,9905.0,0.0,0.0,0.0,0.0,11
2023-05-09 21:16:24,nr2311,nr2311,9900.0,0.0,0.0,0.0,4,9840.0,9925.0,3,9900.0,9905.0,0.0,0.0,0.0,0.0,11
2023-05-09 21:16:24,nr2311,nr2311,9900.0,0.0,0.0,0.0,4,9840.0,9920.0,1,9900.0,9905.0,0.0,0.0,0.0,0.0,11
2023-05-09 21:16:25,nr2311,nr2311,9900.0,0.0,0.0,0.0,4,9840.0,9920.0,1,9900.0,9905.0,0.0,0.0,0.0,0.0,11
2023-05-09 21:16:26,nr2311,nr2311,9900.0,0.0,0.0,0.0,4,9840.0,9920.0,1,9900.0,9905.0,0.0,0.0,0.0,0.0,11
2023-05-09 21:16:26,nr2311,nr2311,9900.0,0.0,0.0,0.0,4,9840.0,9915.0,2,9900.0,9905.0,0.0,0.0,0.0,0.0,11
2023-05-09 21:16:30,nr2311,nr2311,9900.0,0.0,0.0,0.0,4,9840.0,9915.0,2,9900.0,9905.0,0.0,0.0,0.0,0.0,11
2023-05-09 21:16:31,nr2311,nr2311,9900.0,0.0,0.0,0.0,4,9840.0,9910.0,1,9900.0,9905.0,0.0,0.0,0.0,0.0,11
2023-05-09 21:16:32,nr2311,nr2311,9900.0,0.0,0.0,0.0,4,9840.0,9910.0,1,9900.0,9905.0,0.0,0.0,0.0,0.0,11
2023-05-09 21:16:32,nr2311,nr2311,9900.0,0.0,0.0,0.0,4,9840.0,9905.0,1,9900.0,9905.0,0.0,0.0,0.0,0.0,11
2023-05-09 21:16:37,nr2311,nr2311,9900.0,0.0,0.0,0.0,4,9840.0,9905.0,1,9900.0,9905.0,0.0,0.0,0.0,0.0,11
2023-05-09 21:16:38,nr2311,nr2311,9900.0,0.0,0.0,0.0,4,9840.0,9905.0,2,9900.0,9905.0,0.0,0.0,0.0,0.0,11
2023-05-09 21:17:03,nr2311,nr2311,9900.0,0.0,0.0,0.0,4,9840.0,9905.0,2,9900.0,9905.0,0.0,0.0,0.0,0.0,11
2023-05-09 21:17:07,nr2311,nr2311,9900.0,0.0,0.0,0.0,4,9840.0,9900.0,2,9900.0,9905.0,0.0,0.0,0.0,0.0,11
2023-05-09 21:17:07,nr2311,nr2311,9900.0,0.0,0.0,0.0,4,9840.0,9900.0,3,9900.0,9905.0,0.0,0.0,0.0,0.0,11
2023-05-09 21:17:10,nr2311,nr2311,9900.0,0.0,0.0,0.0,4,9840.0,9900.0,2,9900.0,9905.0,0.0,0.0,0.0,0.0,11
2023-05-09 21:17:14,nr2311,nr2311,9900.0,0.0,0.0,0.0,4,9840.0,9900.0,3,9900.0,9905.0,0.0,0.0,0.0,0.0,11
2023-05-09 21:17:22,nr2311,nr2311,9900.0,0.0,0.0,0.0,4,9840.0,9900.0,2,9900.0,9905.0,0.0,0.0,0.0,0.0,11
2023-05-09 21:17:49,nr2311,nr2311,9900.0,0.0,0.0,0.0,4,9840.0,9900.0,3,9900.0,9905.0,0.0,0.0,0.0,0.0,11
2023-05-09 21:18:41,nr2311,nr2311,9900.0,0.0,0.0,0.0,4,9840.0,9900.0,2,9900.0,9905.0,0.0,0.0,0.0,0.0,11
2023-05-09 21:18:41,nr2311,nr2311,9900.0,0.0,0.0,0.0,4,9840.0,9895.0,1,9900.0,9905.0,0.0,0.0,0.0,0.0,11
2023-05-09 21:19:16,nr2311,nr2311,9900.0,0.0,0.0,0.0,4,9840.0,9900.0,2,9900.0,9905.0,0.0,0.0,0.0,0.0,11
2023-05-09 21:19:16,nr2311,nr2311,9900.0,0.0,0.0,0.0,4,9840.0,9895.0,1,9900.0,9905.0,0.0,0.0,0.0,0.0,11
2023-05-09 21:19:17,nr2311,nr2311,9900.0,0.0,0.0,0.0,4,9840.0,9900.0,2,9900.0,9905.0,0.0,0.0,0.0,0.0,11
2023-05-09 21:19:18,nr2311,nr2311,9900.0,0.0,0.0,0.0,4,9840.0,9895.0,1,9900.0,9905.0,0.0,0.0,0.0,0.0,11
2023-05-09 21:19:56,nr2311,nr2311,9900.0,0.0,0.0,0.0,4,9840.0,9895.0,1,9900.0,9905.0,0.0,0.0,0.0,0.0,11
2023-05-09 21:19:59,nr2311,nr2311,9900.0,0.0,0.0,0.0,4,9840.0,9890.0,2,9900.0,9905.0,0.0,0.0,0.0,0.0,11
2023-05-09 21:20:07,nr2311,nr2311,9900.0,0.0,0.0,0.0,4,9840.0,9890.0,2,9900.0,9905.0,0.0,0.0,0.0,0.0,11
2023-05-09 21:23:24,nr2311,nr2311,9900.0,0.0,0.0,0.0,4,9840.0,9890.0,3,9900.0,9905.0,0.0,0.0,0.0,0.0,11
2023-05-09 21:24:40,nr2311,nr2311,9900.0,0.0,0.0,0.0,4,9840.0,9890.0,2,9900.0,9905.0,0.0,0.0,0.0,0.0,11
2023-05-09 21:24:41,nr2311,nr2311,9900.0,0.0,0.0,0.0,4,9840.0,9885.0,1,9900.0,9905.0,0.0,0.0,0.0,0.0,11
2023-05-09 21:24:52,nr2311,nr2311,9900.0,0.0,0.0,0.0,1,9820.0,9885.0,1,9900.0,9905.0,0.0,0.0,0.0,0.0,11
2023-05-09 21:24:53,nr2311,nr2311,9900.0,0.0,0.0,0.0,4,9825.0,9885.0,1,9900.0,9905.0,0.0,0.0,0.0,0.0,11
2023-05-09 21:24:54,nr2311,nr2311,9900.0,0.0,0.0,0.0,4,9825.0,9885.0,1,9900.0,9905.0,0.0,0.0,0.0,0.0,11
2023-05-09 21:24:58,nr2311,nr2311,9900.0,0.0,0.0,0.0,4,9825.0,9885.0,1,9900.0,9905.0,0.0,0.0,0.0,0.0,11
2023-05-09 21:25:39,nr2311,nr2311,9900.0,0.0,0.0,0.0,4,9825.0,9880.0,2,9900.0,9905.0,0.0,0.0,0.0,0.0,11
2023-05-09 21:25:50,nr2311,nr2311,9900.0,0.0,0.0,0.0,4,9825.0,9880.0,2,9900.0,9905.0,0.0,0.0,0.0,0.0,11
2023-05-09 21:25:51,nr2311,nr2311,9900.0,0.0,0.0,0.0,4,9825.0,9880.0,3,9900.0,9905.0,0.0,0.0,0.0,0.0,11
2023-05-09 21:25:53,nr2311,nr2311,9900.0,0.0,0.0,0.0,4,9825.0,9880.0,2,9900.0,9905.0,0.0,0.0,0.0,0.0,11
2023-05-09 21:28:39,nr2311,nr2311,9900.0,0.0,0.0,0.0,4,9825.0,9955.0,1,9900.0,9905.0,0.0,0.0,0.0,0.0,11
2023-05-09 21:28:40,nr2311,nr2311,9900.0,0.0,0.0,0.0,4,9825.0,9950.0,6,9900.0,9905.0,0.0,0.0,0.0,0.0,11
2023-05-09 21:28:41,nr2311,nr2311,9900.0,0.0,0.0,0.0,4,9825.0,9950.0,7,9900.0,9905.0,0.0,0.0,0.0,0.0,11
2023-05-09 21:28:43,nr2311,nr2311,9900.0,0.0,0.0,0.0,4,9825.0,9950.0,4,9900.0,9905.0,0.0,0.0,0.0,0.0,11
2023-05-09 21:28:44,nr2311,nr2311,9900.0,0.0,0.0,0.0,4,9825.0,9950.0,7,9900.0,9905.0,0.0,0.0,0.0,0.0,11
2023-05-09 21:28:54,nr2311,nr2311,9900.0,0.0,0.0,0.0,4,9825.0,9950.0,4,9900.0,9905.0,0.0,0.0,0.0,0.0,11
2023-05-09 21:29:15,nr2311,nr2311,9900.0,0.0,0.0,0.0,4,9825.0,9945.0,2,9900.0,9905.0,0.0,0.0,0.0,0.0,11
2023-05-09 21:29:15,nr2311,nr2311,9900.0,0.0,0.0,0.0,4,9825.0,9945.0,2,9900.0,9905.0,0.0,0.0,0.0,0.0,11
2023-05-09 21:29:16,nr2311,nr2311,9900.0,0.0,0.0,0.0,4,9825.0,9940.0,3,9900.0,9905.0,0.0,0.0,0.0,0.0,11
2023-05-09 21:29:32,nr2311,nr2311,9900.0,0.0,0.0,0.0,4,9825.0,9940.0,1,9900.0,9905.0,0.0,0.0,0.0,0.0,11
2023-05-09 21:29:53,nr2311,nr2311,9900.0,0.0,0.0,0.0,4,9825.0,9940.0,1,9900.0,9905.0,0.0,0.0,0.0,0.0,11
2023-05-09 21:29:57,nr2311,nr2311,9900.0,0.0,0.0,0.0,4,9825.0,9940.0,3,9900.0,9905.0,0.0,0.0,0.0,0.0,11
2023-05-09 21:29:58,nr2311,nr2311,9900.0,0.0,0.0,0.0,4,9825.0,9935.0,2,9900.0,9905.0,0.0,0.0,0.0,0.0,11
2023-05-09 21:29:59,nr2311,nr2311,9900.0,0.0,0.0,0.0,4,9825.0,9935.0,2,9900.0,9905.0,0.0,0.0,0.0,0.0,11
2023-05-09 21:29:59,nr2311,nr2311,9900.0,0.0,0.0,0.0,4,9825.0,9930.0,1,9900.0,9905.0,0.0,0.0,0.0,0.0,11
2023-05-09 21:30:00,nr2311,nr2311,9900.0,0.0,0.0,0.0,4,9825.0,9930.0,1,9900.0,9905.0,0.0,0.0,0.0,0.0,11
2023-05-09 21:30:02,nr2311,nr2311,9900.0,0.0,0.0,0.0,4,9825.0,9930.0,3,9900.0,9905.0,0.0,0.0,0.0,0.0,11
2023-05-09 21:30:05,nr2311,nr2311,9900.0,0.0,0.0,0.0,4,9825.0,9930.0,1,9900.0,9905.0,0.0,0.0,0.0,0.0,11
2023-05-09 21:30:05,nr2311,nr2311,9900.0,0.0,0.0,0.0,4,9825.0,9925.0,2,9900.0,9905.0,0.0,0.0,0.0,0.0,11
2023-05-09 21:30:06,nr2311,nr2311,9900.0,0.0,0.0,0.0,4,9825.0,9925.0,2,9900.0,9905.0,0.0,0.0,0.0,0.0,11
2023-05-09 21:30:06,nr2311,nr2311,9900.0,0.0,0.0,0.0,4,9825.0,9920.0,1,9900.0,9905.0,0.0,0.0,0.0,0.0,11
2023-05-09 21:30:08,nr2311,nr2311,9900.0,0.0,0.0,0.0,4,9825.0,9920.0,1,9900.0,9905.0,0.0,0.0,0.0,0.0,11
2023-05-09 21:30:08,nr2311,nr2311,9900.0,0.0,0.0,0.0,4,9825.0,9915.0,2,9900.0,9905.0,0.0,0.0,0.0,0.0,11
2023-05-09 21:30:09,nr2311,nr2311,9900.0,0.0,0.0,0.0,4,9825.0,9915.0,2,9900.0,9905.0,0.0,0.0,0.0,0.0,11
2023-05-09 21:30:09,nr2311,nr2311,9900.0,0.0,0.0,0.0,4,9825.0,9910.0,1,9900.0,9905.0,0.0,0.0,0.0,0.0,11
2023-05-09 21:30:12,nr2311,nr2311,9900.0,0.0,0.0,0.0,4,9825.0,9910.0,1,9900.0,9905.0,0.0,0.0,0.0,0.0,11
2023-05-09 21:30:14,nr2311,nr2311,9900.0,0.0,0.0,0.0,4,9825.0,9910.0,3,9900.0,9905.0,0.0,0.0,0.0,0.0,11
2023-05-09 21:30:17,nr2311,nr2311,9900.0,0.0,0.0,0.0,4,9825.0,9910.0,1,9900.0,9905.0,0.0,0.0,0.0,0.0,11
2023-05-09 21:30:18,nr2311,nr2311,9900.0,0.0,0.0,0.0,4,9825.0,9905.0,2,9900.0,9905.0,0.0,0.0,0.0,0.0,11
2023-05-09 21:30:19,nr2311,nr2311,9900.0,0.0,0.0,0.0,4,9825.0,9905.0,2,9900.0,9905.0,0.0,0.0,0.0,0.0,11
2023-05-09 21:30:19,nr2311,nr2311,9900.0,0.0,0.0,0.0,4,9825.0,9900.0,1,9900.0,9905.0,0.0,0.0,0.0,0.0,11
2023-05-09 21:30:20,nr2311,nr2311,9900.0,0.0,0.0,0.0,4,9825.0,9900.0,1,9900.0,9905.0,0.0,0.0,0.0,0.0,11
2023-05-09 21:30:37,nr2311,nr2311,9900.0,0.0,0.0,0.0,4,9825.0,9900.0,1,9900.0,9905.0,0.0,0.0,0.0,0.0,11
2023-05-09 21:30:38,nr2311,nr2311,9900.0,0.0,0.0,0.0,4,9825.0,9900.0,3,9900.0,9905.0,0.0,0.0,0.0,0.0,11
2023-05-09 21:30:42,nr2311,nr2311,9900.0,0.0,0.0,0.0,4,9825.0,9895.0,2,9900.0,9905.0,0.0,0.0,0.0,0.0,11
2023-05-09 21:30:44,nr2311,nr2311,9900.0,0.0,0.0,0.0,4,9825.0,9895.0,2,9900.0,9905.0,0.0,0.0,0.0,0.0,11
2023-05-09 21:30:44,nr2311,nr2311,9900.0,0.0,0.0,0.0,4,9825.0,9890.0,1,9900.0,9905.0,0.0,0.0,0.0,0.0,11
2023-05-09 21:30:47,nr2311,nr2311,9900.0,0.0,0.0,0.0,4,9825.0,9890.0,1,9900.0,9905.0,0.0,0.0,0.0,0.0,11
2023-05-09 21:31:22,nr2311,nr2311,9900.0,0.0,0.0,0.0,4,9825.0,9890.0,1,9900.0,9905.0,0.0,0.0,0.0,0.0,11
2023-05-09 21:31:24,nr2311,nr2311,9900.0,0.0,0.0,0.0,4,9825.0,9890.0,3,9900.0,9905.0,0.0,0.0,0.0,0.0,11
2023-05-09 21:31:25,nr2311,nr2311,9900.0,0.0,0.0,0.0,4,9825.0,9885.0,2,9900.0,9905.0,0.0,0.0,0.0,0.0,11
2023-05-09 21:31:27,nr2311,nr2311,9900.0,0.0,0.0,0.0,4,9825.0,9885.0,2,9900.0,9905.0,0.0,0.0,0.0,0.0,11
2023-05-09 21:31:27,nr2311,nr2311,9900.0,0.0,0.0,0.0,4,9825.0,9880.0,1,9900.0,9905.0,0.0,0.0,0.0,0.0,11
2023-05-09 21:31:55,nr2311,nr2311,9900.0,0.0,0.0,0.0,4,9825.0,9885.0,2,9900.0,9905.0,0.0,0.0,0.0,0.0,11
2023-05-09 21:31:56,nr2311,nr2311,9900.0,0.0,0.0,0.0,4,9825.0,9885.0,3,9900.0,9905.0,0.0,0.0,0.0,0.0,11
2023-05-09 21:32:11,nr2311,nr2311,9900.0,0.0,0.0,0.0,4,9825.0,9885.0,2,9900.0,9905.0,0.0,0.0,0.0,0.0,11
2023-05-09 21:33:26,nr2311,nr2311,9900.0,0.0,0.0,0.0,4,9825.0,9950.0,1,9900.0,9905.0,0.0,0.0,0.0,0.0,11
2023-05-09 21:33:26,nr2311,nr2311,9900.0,0.0,0.0,0.0,4,9825.0,9945.0,3,9900.0,9905.0,0.0,0.0,0.0,0.0,11
2023-05-09 21:33:34,nr2311,nr2311,9900.0,0.0,0.0,0.0,4,9825.0,9940.0,2,9900.0,9905.0,0.0,0.0,0.0,0.0,11
2023-05-09 21:33:34,nr2311,nr2311,9900.0,0.0,0.0,0.0,4,9825.0,9940.0,2,9900.0,9905.0,0.0,0.0,0.0,0.0,11
2023-05-09 21:33:35,nr2311,nr2311,9900.0,0.0,0.0,0.0,4,9825.0,9935.0,2,9900.0,9905.0,0.0,0.0,0.0,0.0,11
2023-05-09 21:33:35,nr2311,nr2311,9900.0,0.0,0.0,0.0,4,9825.0,9935.0,3,9900.0,9905.0,0.0,0.0,0.0,0.0,11
2023-05-09 21:33:50,nr2311,nr2311,9900.0,0.0,0.0,0.0,4,9825.0,9935.0,2,9900.0,9905.0,0.0,0.0,0.0,0.0,11
2023-05-09 21:33:50,nr2311,nr2311,9900.0,0.0,0.0,0.0,4,9825.0,9935.0,1,9900.0,9905.0,0.0,0.0,0.0,0.0,11
2023-05-09 21:33:57,nr2311,nr2311,9900.0,0.0,0.0,0.0,4,9825.0,9940.0,2,9900.0,9905.0,0.0,0.0,0.0,0.0,11
2023-05-09 21:33:57,nr2311,nr2311,9900.0,0.0,0.0,0.0,4,9825.0,9940.0,3,9900.0,9905.0,0.0,0.0,0.0,0.0,11
2023-05-09 21:33:59,nr2311,nr2311,9900.0,0.0,0.0,0.0,4,9825.0,9940.0,3,9900.0,9905.0,0.0,0.0,0.0,0.0,11
2023-05-09 21:34:01,nr2311,nr2311,9900.0,0.0,0.0,0.0,4,9825.0,9940.0,3,9900.0,9905.0,0.0,0.0,0.0,0.0,11
2023-05-09 21:34:07,nr2311,nr2311,9900.0,0.0,0.0,0.0,4,9825.0,9940.0,2,9900.0,9905.0,0.0,0.0,0.0,0.0,11
2023-05-09 21:34:08,nr2311,nr2311,9900.0,0.0,0.0,0.0,4,9825.0,9935.0,1,9900.0,9905.0,0.0,0.0,0.0,0.0,11
2023-05-09 21:34:35,nr2311,nr2311,9900.0,0.0,0.0,0.0,3,9825.0,9935.0,1,9900.0,9905.0,0.0,0.0,0.0,0.0,11
2023-05-09 21:34:35,nr2311,nr2311,9900.0,0.0,0.0,0.0,1,9830.0,9935.0,1,9900.0,9905.0,0.0,0.0,0.0,0.0,11
2023-05-09 21:34:36,nr2311,nr2311,9900.0,0.0,0.0,0.0,1,9830.0,9935.0,1,9900.0,9905.0,0.0,0.0,0.0,0.0,11
2023-05-09 21:34:36,nr2311,nr2311,9900.0,0.0,0.0,0.0,3,9835.0,9935.0,1,9900.0,9905.0,0.0,0.0,0.0,0.0,11
2023-05-09 21:34:38,nr2311,nr2311,9900.0,0.0,0.0,0.0,3,9835.0,9935.0,1,9900.0,9905.0,0.0,0.0,0.0,0.0,11
2023-05-09 21:34:39,nr2311,nr2311,9900.0,0.0,0.0,0.0,1,9840.0,9935.0,1,9900.0,9905.0,0.0,0.0,0.0,0.0,11
2023-05-09 21:34:40,nr2311,nr2311,9900.0,0.0,0.0,0.0,1,9840.0,9935.0,1,9900.0,9905.0,0.0,0.0,0.0,0.0,11
2023-05-09 21:34:41,nr2311,nr2311,9900.0,0.0,0.0,0.0,3,9845.0,9935.0,1,9900.0,9905.0,0.0,0.0,0.0,0.0,11
2023-05-09 21:34:41,nr2311,nr2311,9900.0,0.0,0.0,0.0,3,9845.0,9935.0,1,9900.0,9905.0,0.0,0.0,0.0,0.0,11
2023-05-09 21:34:42,nr2311,nr2311,9900.0,0.0,0.0,0.0,1,9850.0,9935.0,1,9900.0,9905.0,0.0,0.0,0.0,0.0,11
2023-05-09 21:34:45,nr2311,nr2311,9900.0,0.0,0.0,0.0,1,9850.0,9935.0,1,9900.0,9905.0,0.0,0.0,0.0,0.0,11
2023-05-09 21:34:46,nr2311,nr2311,9900.0,0.0,0.0,0.0,1,9850.0,9935.0,1,9900.0,9905.0,0.0,0.0,0.0,0.0,11
2023-05-09 21:34:47,nr2311,nr2311,9900.0,0.0,0.0,0.0,3,9855.0,9935.0,1,9900.0,9905.0,0.0,0.0,0.0,0.0,11
2023-05-09 21:34:47,nr2311,nr2311,9900.0,0.0,0.0,0.0,3,9855.0,9935.0,1,9900.0,9905.0,0.0,0.0,0.0,0.0,11
2023-05-09 21:34:48,nr2311,nr2311,9900.0,0.0,0.0,0.0,1,9860.0,9965.0,1,9900.0,9905.0,0.0,0.0,0.0,0.0,11
2023-05-09 21:34:48,nr2311,nr2311,9900.0,0.0,0.0,0.0,1,9860.0,9960.0,3,9900.0,9905.0,0.0,0.0,0.0,0.0,11
2023-05-09 21:34:49,nr2311,nr2311,9900.0,0.0,0.0,0.0,1,9860.0,9960.0,3,9900.0,9905.0,0.0,0.0,0.0,0.0,11
2023-05-09 21:34:50,nr2311,nr2311,9900.0,0.0,0.0,0.0,3,9865.0,9960.0,3,9900.0,9905.0,0.0,0.0,0.0,0.0,11
2023-05-09 21:34:50,nr2311,nr2311,9900.0,0.0,0.0,0.0,3,9865.0,9960.0,3,9900.0,9905.0,0.0,0.0,0.0,0.0,11
2023-05-09 21:34:51,nr2311,nr2311,9900.0,0.0,0.0,0.0,4,9865.0,9960.0,3,9900.0,9905.0,0.0,0.0,0.0,0.0,11
2023-05-09 21:34:55,nr2311,nr2311,9900.0,0.0,0.0,0.0,3,9865.0,9955.0,1,9900.0,9905.0,0.0,0.0,0.0,0.0,11
2023-05-09 21:34:55,nr2311,nr2311,9900.0,0.0,0.0,0.0,4,9865.0,9955.0,1,9900.0,9905.0,0.0,0.0,0.0,0.0,11
2023-05-09 21:34:56,nr2311,nr2311,9900.0,0.0,0.0,0.0,4,9865.0,9950.0,3,9900.0,9905.0,0.0,0.0,0.0,0.0,11
2023-05-09 21:34:57,nr2311,nr2311,9900.0,0.0,0.0,0.0,4,9865.0,9950.0,3,9900.0,9905.0,0.0,0.0,0.0,0.0,11
2023-05-09 21:34:58,nr2311,nr2311,9900.0,0.0,0.0,0.0,4,9865.0,9950.0,4,9900.0,9905.0,0.0,0.0,0.0,0.0,11
2023-05-09 21:35:01,nr2311,nr2311,9900.0,0.0,0.0,0.0,4,9865.0,9945.0,2,9900.0,9905.0,0.0,0.0,0.0,0.0,11
2023-05-09 21:35:02,nr2311,nr2311,9900.0,0.0,0.0,0.0,4,9865.0,9945.0,2,9900.0,9905.0,0.0,0.0,0.0,0.0,11
2023-05-09 21:35:02,nr2311,nr2311,9900.0,0.0,0.0,0.0,4,9865.0,9940.0,1,9900.0,9905.0,0.0,0.0,0.0,0.0,11
2023-05-09 21:35:13,nr2311,nr2311,9900.0,0.0,0.0,0.0,3,9865.0,9940.0,1,9900.0,9905.0,0.0,0.0,0.0,0.0,11
2023-05-09 21:35:13,nr2311,nr2311,9900.0,0.0,0.0,0.0,2,9865.0,9940.0,3,9900.0,9905.0,0.0,0.0,0.0,0.0,11
2023-05-09 21:35:14,nr2311,nr2311,9900.0,0.0,0.0,0.0,2,9865.0,9940.0,4,9900.0,9905.0,0.0,0.0,0.0,0.0,11
2023-05-09 21:35:19,nr2311,nr2311,9900.0,0.0,0.0,0.0,1,9865.0,9940.0,5,9900.0,9905.0,0.0,0.0,0.0,0.0,11
2023-05-09 21:35:19,nr2311,nr2311,9900.0,0.0,0.0,0.0,4,9865.0,9940.0,2,9900.0,9905.0,0.0,0.0,0.0,0.0,11
2023-05-09 21:35:20,nr2311,nr2311,9900.0,0.0,0.0,0.0,4,9865.0,9940.0,5,9900.0,9905.0,0.0,0.0,0.0,0.0,11
2023-05-09 21:35:21,nr2311,nr2311,9900.0,0.0,0.0,0.0,4,9865.0,9940.0,4,9900.0,9905.0,0.0,0.0,0.0,0.0,11
2023-05-09 21:35:22,nr2311,nr2311,9900.0,0.0,0.0,0.0,1,9865.0,9940.0,4,9900.0,9905.0,0.0,0.0,0.0,0.0,11
2023-05-09 21:35:24,nr2311,nr2311,9900.0,0.0,0.0,0.0,1,9865.0,9940.0,1,9900.0,9905.0,0.0,0.0,0.0,0.0,11
2023-05-09 21:35:40,nr2311,nr2311,9900.0,0.0,0.0,0.0,1,9865.0,9940.0,2,9900.0,9905.0,0.0,0.0,0.0,0.0,11
2023-05-09 21:35:40,nr2311,nr2311,9900.0,0.0,0.0,0.0,1,9815.0,9940.0,5,9900.0,9905.0,0.0,0.0,0.0,0.0,11
2023-05-09 21:35:41,nr2311,nr2311,9900.0,0.0,0.0,0.0,1,9820.0,9940.0,5,9900.0,9905.0,0.0,0.0,0.0,0.0,11
2023-05-09 21:35:41,nr2311,nr2311,9900.0,0.0,0.0,0.0,1,9820.0,9940.0,5,9900.0,9905.0,0.0,0.0,0.0,0.0,11
2023-05-09 21:35:42,nr2311,nr2311,9900.0,0.0,0.0,0.0,2,9820.0,9940.0,5,9900.0,9905.0,0.0,0.0,0.0,0.0,11
2023-05-09 21:35:44,nr2311,nr2311,9900.0,0.0,0.0,0.0,2,9820.0,9935.0,2,9900.0,9905.0,0.0,0.0,0.0,0.0,11
2023-05-09 21:35:46,nr2311,nr2311,9900.0,0.0,0.0,0.0,3,9825.0,9935.0,2,9900.0,9905.0,0.0,0.0,0.0,0.0,11
2023-05-09 21:35:47,nr2311,nr2311,9900.0,0.0,0.0,0.0,3,9825.0,9930.0,1,9900.0,9905.0,0.0,0.0,0.0,0.0,11
2023-05-09 21:35:47,nr2311,nr2311,9900.0,0.0,0.0,0.0,1,9830.0,9930.0,1,9900.0,9905.0,0.0,0.0,0.0,0.0,11
2023-05-09 21:35:49,nr2311,nr2311,9900.0,0.0,0.0,0.0,1,9830.0,9930.0,1,9900.0,9905.0,0.0,0.0,0.0,0.0,11
2023-05-09 21:35:50,nr2311,nr2311,9900.0,0.0,0.0,0.0,3,9835.0,9930.0,1,9900.0,9905.0,0.0,0.0,0.0,0.0,11
2023-05-09 21:35:50,nr2311,nr2311,9900.0,0.0,0.0,0.0,3,9835.0,9930.0,1,9900.0,9905.0,0.0,0.0,0.0,0.0,11
2023-05-09 21:35:51,nr2311,nr2311,9900.0,0.0,0.0,0.0,1,9840.0,9930.0,1,9900.0,9905.0,0.0,0.0,0.0,0.0,11
2023-05-09 21:35:54,nr2311,nr2311,9900.0,0.0,0.0,0.0,1,9840.0,9930.0,1,9900.0,9905.0,0.0,0.0,0.0,0.0,11
2023-05-09 21:35:54,nr2311,nr2311,9900.0,0.0,0.0,0.0,3,9845.0,9930.0,1,9900.0,9905.0,0.0,0.0,0.0,0.0,11
2023-05-09 21:35:56,nr2311,nr2311,9900.0,0.0,0.0,0.0,3,9845.0,9930.0,1,9900.0,9905.0,0.0,0.0,0.0,0.0,11
2023-05-09 21:35:57,nr2311,nr2311,9900.0,0.0,0.0,0.0,1,9850.0,9930.0,1,9900.0,9905.0,0.0,0.0,0.0,0.0,11
2023-05-09 21:35:57,nr2311,nr2311,9900.0,0.0,0.0,0.0,1,9850.0,9930.0,1,9900.0,9905.0,0.0,0.0,0.0,0.0,11
2023-05-09 21:35:58,nr2311,nr2311,9900.0,0.0,0.0,0.0,3,9855.0,9930.0,1,9900.0,9905.0,0.0,0.0,0.0,0.0,11
2023-05-09 21:36:00,nr2311,nr2311,9900.0,0.0,0.0,0.0,3,9855.0,9930.0,1,9900.0,9905.0,0.0,0.0,0.0,0.0,11
2023-05-09 21:36:00,nr2311,nr2311,9900.0,0.0,0.0,0.0,4,9855.0,9930.0,1,9900.0,9905.0,0.0,0.0,0.0,0.0,11
2023-05-09 21:36:03,nr2311,nr2311,9900.0,0.0,0.0,0.0,1,9820.0,9930.0,1,9900.0,9905.0,0.0,0.0,0.0,0.0,11
2023-05-09 21:36:04,nr2311,nr2311,9900.0,0.0,0.0,0.0,4,9825.0,9930.0,1,9900.0,9905.0,0.0,0.0,0.0,0.0,11
2023-05-09 21:36:25,nr2311,nr2311,9900.0,0.0,0.0,0.0,4,9825.0,9930.0,1,9900.0,9905.0,0.0,0.0,0.0,0.0,11
2023-05-09 21:36:28,nr2311,nr2311,9900.0,0.0,0.0,0.0,4,9825.0,9925.0,2,9900.0,9905.0,0.0,0.0,0.0,0.0,11
2023-05-09 21:36:31,nr2311,nr2311,9900.0,0.0,0.0,0.0,4,9825.0,9925.0,2,9900.0,9905.0,0.0,0.0,0.0,0.0,11
2023-05-09 21:36:31,nr2311,nr2311,9900.0,0.0,0.0,0.0,4,9825.0,9925.0,3,9900.0,9905.0,0.0,0.0,0.0,0.0,11
2023-05-09 21:37:10,nr2311,nr2311,9900.0,0.0,0.0,0.0,4,9825.0,9925.0,2,9900.0,9905.0,0.0,0.0,0.0,0.0,11
2023-05-09 21:37:15,nr2311,nr2311,9900.0,0.0,0.0,0.0,4,9825.0,9925.0,3,9900.0,9905.0,0.0,0.0,0.0,0.0,11
2023-05-09 21:38:07,nr2311,nr2311,9900.0,0.0,0.0,0.0,4,9825.0,9925.0,7,9900.0,9905.0,0.0,0.0,0.0,0.0,11
2023-05-09 21:38:08,nr2311,nr2311,9900.0,0.0,0.0,0.0,4,9825.0,9925.0,6,9900.0,9905.0,0.0,0.0,0.0,0.0,11
2023-05-09 21:38:08,nr2311,nr2311,9900.0,0.0,0.0,0.0,4,9825.0,9920.0,1,9900.0,9905.0,0.0,0.0,0.0,0.0,11
2023-05-09 21:38:26,nr2311,nr2311,9900.0,0.0,0.0,0.0,4,9825.0,9920.0,1,9900.0,9905.0,0.0,0.0,0.0,0.0,11
2023-05-09 21:38:27,nr2311,nr2311,9900.0,0.0,0.0,0.0,4,9825.0,9920.0,5,9900.0,9905.0,0.0,0.0,0.0,0.0,11
2023-05-09 21:38:35,nr2311,nr2311,9900.0,0.0,0.0,0.0,4,9825.0,9920.0,1,9900.0,9905.0,0.0,0.0,0.0,0.0,11
2023-05-09 21:38:35,nr2311,nr2311,9900.0,0.0,0.0,0.0,4,9825.0,9915.0,3,9900.0,9905.0,0.0,0.0,0.0,0.0,11
2023-05-09 21:38:36,nr2311,nr2311,9900.0,0.0,0.0,0.0,4,9825.0,9915.0,4,9900.0,9905.0,0.0,0.0,0.0,0.0,11
2023-05-09 21:38:36,nr2311,nr2311,9900.0,0.0,0.0,0.0,4,9825.0,9910.0,1,9900.0,9905.0,0.0,0.0,0.0,0.0,11
2023-05-09 21:38:38,nr2311,nr2311,9900.0,0.0,0.0,0.0,4,9825.0,9910.0,1,9900.0,9905.0,0.0,0.0,0.0,0.0,11
2023-05-09 21:38:38,nr2311,nr2311,9900.0,0.0,0.0,0.0,4,9825.0,9910.0,1,9900.0,9905.0,0.0,0.0,0.0,0.0,11
2023-05-09 21:38:46,nr2311,nr2311,9900.0,0.0,0.0,0.0,4,9825.0,9910.0,1,9900.0,9905.0,0.0,0.0,0.0,0.0,11
2023-05-09 21:38:50,nr2311,nr2311,9900.0,0.0,0.0,0.0,4,9825.0,9965.0,1,9900.0,9905.0,0.0,0.0,0.0,0.0,11
2023-05-09 21:38:51,nr2311,nr2311,9900.0,0.0,0.0,0.0,4,9825.0,9960.0,8,9900.0,9905.0,0.0,0.0,0.0,0.0,11
2023-05-09 21:39:01,nr2311,nr2311,9900.0,0.0,0.0,0.0,4,9825.0,9960.0,7,9900.0,9905.0,0.0,0.0,0.0,0.0,11
2023-05-09 21:39:02,nr2311,nr2311,9900.0,0.0,0.0,0.0,4,9825.0,9960.0,5,9900.0,9905.0,0.0,0.0,0.0,0.0,11
2023-05-09 21:39:20,nr2311,nr2311,9900.0,0.0,0.0,0.0,4,9825.0,9955.0,2,9900.0,9905.0,0.0,0.0,0.0,0.0,11
2023-05-09 21:39:21,nr2311,nr2311,9900.0,0.0,0.0,0.0,4,9825.0,9955.0,2,9900.0,9905.0,0.0,0.0,0.0,0.0,11
2023-05-09 21:39:21,nr2311,nr2311,9900.0,0.0,0.0,0.0,4,9825.0,9950.0,5,9900.0,9905.0,0.0,0.0,0.0,0.0,11
2023-05-09 21:40:00,nr2311,nr2311,9900.0,0.0,0.0,0.0,4,9825.0,9950.0,5,9900.0,9905.0,0.0,0.0,0.0,0.0,11
2023-05-09 21:40:02,nr2311,nr2311,9900.0,0.0,0.0,0.0,4,9825.0,9945.0,2,9900.0,9905.0,0.0,0.0,0.0,0.0,11
2023-05-09 21:40:03,nr2311,nr2311,9900.0,0.0,0.0,0.0,4,9825.0,9945.0,2,9900.0,9905.0,0.0,0.0,0.0,0.0,11
2023-05-09 21:40:03,nr2311,nr2311,9900.0,0.0,0.0,0.0,4,9825.0,9940.0,5,9900.0,9905.0,0.0,0.0,0.0,0.0,11
2023-05-09 21:40:41,nr2311,nr2311,9900.0,0.0,0.0,0.0,4,9825.0,9940.0,5,9900.0,9905.0,0.0,0.0,0.0,0.0,11
2023-05-09 21:40:46,nr2311,nr2311,9900.0,0.0,0.0,0.0,4,9825.0,9935.0,2,9900.0,9905.0,0.0,0.0,0.0,0.0,11
2023-05-09 21:40:49,nr2311,nr2311,9900.0,0.0,0.0,0.0,4,9825.0,9935.0,2,9900.0,9905.0,0.0,0.0,0.0,0.0,11
2023-05-09 21:40:49,nr2311,nr2311,9900.0,0.0,0.0,0.0,4,9825.0,9930.0,5,9900.0,9905.0,0.0,0.0,0.0,0.0,11
2023-05-09 21:41:26,nr2311,nr2311,9900.0,0.0,0.0,0.0,4,9825.0,9930.0,5,9900.0,9905.0,0.0,0.0,0.0,0.0,11
2023-05-09 21:41:29,nr2311,nr2311,9900.0,0.0,0.0,0.0,4,9825.0,9925.0,2,9900.0,9905.0,0.0,0.0,0.0,0.0,11
2023-05-09 21:41:30,nr2311,nr2311,9900.0,0.0,0.0,0.0,4,9825.0,9925.0,2,9900.0,9905.0,0.0,0.0,0.0,0.0,11
2023-05-09 21:41:30,nr2311,nr2311,9900.0,0.0,0.0,0.0,4,9825.0,9920.0,5,9900.0,9905.0,0.0,0.0,0.0,0.0,11
2023-05-09 21:41:42,nr2311,nr2311,9900.0,0.0,0.0,0.0,4,9825.0,9920.0,4,9900.0,9905.0,0.0,0.0,0.0,0.0,11
2023-05-09 21:41:43,nr2311,nr2311,9900.0,0.0,0.0,0.0,4,9825.0,9920.0,2,9900.0,9905.0,0.0,0.0,0.0,0.0,11
2023-05-09 21:41:43,nr2311,nr2311,9900.0,0.0,0.0,0.0,4,9825.0,9920.0,1,9900.0,9905.0,0.0,0.0,0.0,0.0,11
2023-05-09 21:42:08,nr2311,nr2311,9900.0,0.0,0.0,0.0,4,9825.0,9920.0,1,9900.0,9905.0,0.0,0.0,0.0,0.0,11
2023-05-09 21:42:13,nr2311,nr2311,9900.0,0.0,0.0,0.0,4,9825.0,9915.0,2,9900.0,9905.0,0.0,0.0,0.0,0.0,11
2023-05-09 21:42:14,nr2311,nr2311,9900.0,0.0,0.0,0.0,4,9825.0,9915.0,2,9900.0,9905.0,0.0,0.0,0.0,0.0,11
2023-05-09 21:42:14,nr2311,nr2311,9900.0,0.0,0.0,0.0,4,9825.0,9915.0,3,9900.0,9905.0,0.0,0.0,0.0,0.0,11
2023-05-09 21:43:26,nr2311,nr2311,9900.0,0.0,0.0,0.0,4,9825.0,9915.0,7,9900.0,9905.0,0.0,0.0,0.0,0.0,11
2023-05-09 21:43:26,nr2311,nr2311,9900.0,0.0,0.0,0.0,4,9825.0,9915.0,6,9900.0,9905.0,0.0,0.0,0.0,0.0,11
2023-05-09 21:43:27,nr2311,nr2311,9900.0,0.0,0.0,0.0,4,9825.0,9910.0,1,9900.0,9905.0,0.0,0.0,0.0,0.0,11
2023-05-09 21:43:31,nr2311,nr2311,9900.0,0.0,0.0,0.0,4,9825.0,9910.0,1,9900.0,9905.0,0.0,0.0,0.0,0.0,11
2023-05-09 21:43:34,nr2311,nr2311,9900.0,0.0,0.0,0.0,4,9825.0,9915.0,2,9900.0,9905.0,0.0,0.0,0.0,0.0,11
2023-05-09 21:43:34,nr2311,nr2311,9900.0,0.0,0.0,0.0,4,9825.0,9915.0,3,9900.0,9905.0,0.0,0.0,0.0,0.0,11
2023-05-09 21:43:44,nr2311,nr2311,9900.0,0.0,0.0,0.0,4,9825.0,9915.0,2,9900.0,9905.0,0.0,0.0,0.0,0.0,11
2023-05-09 21:43:45,nr2311,nr2311,9900.0,0.0,0.0,0.0,4,9825.0,9910.0,1,9900.0,9905.0,0.0,0.0,0.0,0.0,11
2023-05-09 21:43:54,nr2311,nr2311,9900.0,0.0,0.0,0.0,4,9825.0,9915.0,2,9900.0,9905.0,0.0,0.0,0.0,0.0,11
2023-05-09 21:43:56,nr2311,nr2311,9900.0,0.0,0.0,0.0,4,9825.0,9915.0,3,9900.0,9905.0,0.0,0.0,0.0,0.0,11
2023-05-09 21:44:03,nr2311,nr2311,9900.0,0.0,0.0,0.0,4,9825.0,9915.0,2,9900.0,9905.0,0.0,0.0,0.0,0.0,11
2023-05-09 21:45:13,nr2311,nr2311,9900.0,0.0,0.0,0.0,4,9825.0,9915.0,3,9900.0,9905.0,0.0,0.0,0.0,0.0,11
2023-05-09 21:45:17,nr2311,nr2311,9900.0,0.0,0.0,0.0,4,9825.0,9915.0,2,9900.0,9905.0,0.0,0.0,0.0,0.0,11
2023-05-09 21:45:18,nr2311,nr2311,9900.0,0.0,0.0,0.0,4,9825.0,9910.0,1,9900.0,9905.0,0.0,0.0,0.0,0.0,11
2023-05-09 21:45:50,nr2311,nr2311,9900.0,0.0,0.0,0.0,4,9825.0,9915.0,2,9900.0,9905.0,0.0,0.0,0.0,0.0,11
2023-05-09 21:45:51,nr2311,nr2311,9900.0,0.0,0.0,0.0,4,9825.0,9915.0,3,9900.0,9905.0,0.0,0.0,0.0,0.0,11
2023-05-09 21:46:39,nr2311,nr2311,9900.0,0.0,0.0,0.0,4,9825.0,9915.0,2,9900.0,9905.0,0.0,0.0,0.0,0.0,11
2023-05-09 21:47:11,nr2311,nr2311,9900.0,0.0,0.0,0.0,4,9825.0,9965.0,1,9900.0,9905.0,0.0,0.0,0.0,0.0,11
2023-05-09 21:47:12,nr2311,nr2311,9900.0,0.0,0.0,0.0,4,9825.0,10035.0,1,9900.0,9905.0,0.0,0.0,0.0,0.0,11
2023-05-09 21:47:12,nr2311,nr2311,9900.0,0.0,0.0,0.0,4,9825.0,10035.0,2,9900.0,9905.0,0.0,0.0,0.0,0.0,11
2023-05-09 21:47:14,nr2311,nr2311,9900.0,0.0,0.0,0.0,4,9825.0,10030.0,9,9900.0,9905.0,0.0,0.0,0.0,0.0,11
2023-05-09 21:47:14,nr2311,nr2311,9900.0,0.0,0.0,0.0,4,9825.0,10030.0,11,9900.0,9905.0,0.0,0.0,0.0,0.0,11
2023-05-09 21:52:13,nr2311,nr2311,9900.0,0.0,0.0,0.0,4,9825.0,10030.0,9,9900.0,9905.0,0.0,0.0,0.0,0.0,11
2023-05-09 21:52:54,nr2311,nr2311,9900.0,0.0,0.0,0.0,4,9825.0,10025.0,2,9900.0,9905.0,0.0,0.0,0.0,0.0,11
2023-05-09 21:52:58,nr2311,nr2311,9900.0,0.0,0.0,0.0,4,9825.0,10025.0,2,9900.0,9905.0,0.0,0.0,0.0,0.0,11
2023-05-09 21:52:58,nr2311,nr2311,9900.0,0.0,0.0,0.0,4,9825.0,10020.0,9,9900.0,9905.0,0.0,0.0,0.0,0.0,11
2023-05-09 21:53:39,nr2311,nr2311,9900.0,0.0,0.0,0.0,4,9825.0,10020.0,9,9900.0,9905.0,0.0,0.0,0.0,0.0,11
2023-05-09 21:54:21,nr2311,nr2311,9900.0,0.0,0.0,0.0,4,9825.0,10015.0,2,9900.0,9905.0,0.0,0.0,0.0,0.0,11
2023-05-09 21:54:25,nr2311,nr2311,9900.0,0.0,0.0,0.0,4,9825.0,10015.0,2,9900.0,9905.0,0.0,0.0,0.0,0.0,11
2023-05-09 21:54:25,nr2311,nr2311,9900.0,0.0,0.0,0.0,4,9825.0,10010.0,9,9900.0,9905.0,0.0,0.0,0.0,0.0,11
2023-05-09 21:55:06,nr2311,nr2311,9900.0,0.0,0.0,0.0,4,9825.0,10010.0,9,9900.0,9905.0,0.0,0.0,0.0,0.0,11
2023-05-09 21:55:48,nr2311,nr2311,9900.0,0.0,0.0,0.0,4,9825.0,10005.0,2,9900.0,9905.0,0.0,0.0,0.0,0.0,11
2023-05-09 21:55:52,nr2311,nr2311,9900.0,0.0,0.0,0.0,4,9825.0,10005.0,2,9900.0,9905.0,0.0,0.0,0.0,0.0,11
2023-05-09 21:55:52,nr2311,nr2311,9900.0,0.0,0.0,0.0,4,9825.0,10000.0,2,9900.0,9905.0,0.0,0.0,0.0,0.0,11
2023-05-09 21:55:53,nr2311,nr2311,9900.0,0.0,0.0,0.0,4,9825.0,9995.0,2,9900.0,9905.0,0.0,0.0,0.0,0.0,11
2023-05-09 21:55:59,nr2311,nr2311,9900.0,0.0,0.0,0.0,4,9825.0,9995.0,2,9900.0,9905.0,0.0,0.0,0.0,0.0,11
2023-05-09 21:56:00,nr2311,nr2311,9900.0,0.0,0.0,0.0,4,9825.0,9990.0,6,9900.0,9905.0,0.0,0.0,0.0,0.0,11
2023-05-09 21:56:01,nr2311,nr2311,9900.0,0.0,0.0,0.0,4,9825.0,9990.0,6,9900.0,9905.0,0.0,0.0,0.0,0.0,11
2023-05-09 21:56:02,nr2311,nr2311,9900.0,0.0,0.0,0.0,4,9825.0,9985.0,2,9900.0,9905.0,0.0,0.0,0.0,0.0,11
2023-05-09 21:56:02,nr2311,nr2311,9900.0,0.0,0.0,0.0,4,9825.0,9985.0,2,9900.0,9905.0,0.0,0.0,0.0,0.0,11
2023-05-09 21:56:03,nr2311,nr2311,9900.0,0.0,0.0,0.0,4,9825.0,9980.0,6,9900.0,9905.0,0.0,0.0,0.0,0.0,11
2023-05-09 21:56:04,nr2311,nr2311,9900.0,0.0,0.0,0.0,4,9825.0,9980.0,6,9900.0,9905.0,0.0,0.0,0.0,0.0,11
2023-05-09 21:56:05,nr2311,nr2311,9900.0,0.0,0.0,0.0,4,9825.0,9980.0,8,9900.0,9905.0,0.0,0.0,0.0,0.0,11
2023-05-09 21:56:14,nr2311,nr2311,9900.0,0.0,0.0,0.0,4,9825.0,9980.0,6,9900.0,9905.0,0.0,0.0,0.0,0.0,11
2023-05-09 21:56:14,nr2311,nr2311,9900.0,0.0,0.0,0.0,4,9825.0,9975.0,2,9900.0,9905.0,0.0,0.0,0.0,0.0,11
2023-05-09 21:56:15,nr2311,nr2311,9900.0,0.0,0.0,0.0,4,9825.0,9975.0,2,9900.0,9905.0,0.0,0.0,0.0,0.0,11
2023-05-09 21:56:15,nr2311,nr2311,9900.0,0.0,0.0,0.0,4,9825.0,9970.0,5,9900.0,9905.0,0.0,0.0,0.0,0.0,11
2023-05-09 21:56:17,nr2311,nr2311,9900.0,0.0,0.0,0.0,4,9825.0,9970.0,5,9900.0,9905.0,0.0,0.0,0.0,0.0,11
2023-05-09 21:56:29,nr2311,nr2311,9900.0,0.0,0.0,0.0,4,9825.0,9970.0,5,9900.0,9905.0,0.0,0.0,0.0,0.0,11
2023-05-09 21:56:33,nr2311,nr2311,9900.0,0.0,0.0,0.0,4,9825.0,9965.0,2,9900.0,9905.0,0.0,0.0,0.0,0.0,11
2023-05-09 21:56:34,nr2311,nr2311,9900.0,0.0,0.0,0.0,4,9825.0,9965.0,2,9900.0,9905.0,0.0,0.0,0.0,0.0,11
2023-05-09 21:56:34,nr2311,nr2311,9900.0,0.0,0.0,0.0,4,9825.0,9960.0,5,9900.0,9905.0,0.0,0.0,0.0,0.0,11
2023-05-09 21:57:12,nr2311,nr2311,9900.0,0.0,0.0,0.0,4,9825.0,9960.0,5,9900.0,9905.0,0.0,0.0,0.0,0.0,11
2023-05-09 21:57:16,nr2311,nr2311,9900.0,0.0,0.0,0.0,4,9825.0,9955.0,2,9900.0,9905.0,0.0,0.0,0.0,0.0,11
2023-05-09 21:57:16,nr2311,nr2311,9900.0,0.0,0.0,0.0,4,9825.0,9955.0,2,9900.0,9905.0,0.0,0.0,0.0,0.0,11
2023-05-09 21:57:17,nr2311,nr2311,9900.0,0.0,0.0,0.0,4,9825.0,9950.0,5,9900.0,9905.0,0.0,0.0,0.0,0.0,11
2023-05-09 21:57:24,nr2311,nr2311,9900.0,0.0,0.0,0.0,4,9825.0,9950.0,5,9900.0,9905.0,0.0,0.0,0.0,0.0,11
2023-05-09 21:57:55,nr2311,nr2311,9900.0,0.0,0.0,0.0,4,9825.0,9950.0,5,9900.0,9905.0,0.0,0.0,0.0,0.0,11
2023-05-09 21:57:59,nr2311,nr2311,9900.0,0.0,0.0,0.0,4,9825.0,9945.0,2,9900.0,9905.0,0.0,0.0,0.0,0.0,11
2023-05-09 21:58:00,nr2311,nr2311,9900.0,0.0,0.0,0.0,4,9825.0,9945.0,2,9900.0,9905.0,0.0,0.0,0.0,0.0,11
2023-05-09 21:58:00,nr2311,nr2311,9900.0,0.0,0.0,0.0,4,9825.0,9940.0,1,9900.0,9905.0,0.0,0.0,0.0,0.0,11
2023-05-09 21:58:09,nr2311,nr2311,9900.0,0.0,0.0,0.0,4,9825.0,9945.0,2,9900.0,9905.0,0.0,0.0,0.0,0.0,11
2023-05-09 21:58:10,nr2311,nr2311,9900.0,0.0,0.0,0.0,4,9825.0,9945.0,3,9900.0,9905.0,0.0,0.0,0.0,0.0,11
2023-05-09 21:58:34,nr2311,nr2311,9900.0,0.0,0.0,0.0,4,9825.0,9945.0,3,9900.0,9905.0,0.0,0.0,0.0,0.0,11
2023-05-09 21:58:36,nr2311,nr2311,9900.0,0.0,0.0,0.0,4,9825.0,9945.0,2,9900.0,9905.0,0.0,0.0,0.0,0.0,11
2023-05-09 21:58:56,nr2311,nr2311,9900.0,0.0,0.0,0.0,5,9825.0,9945.0,2,9900.0,9905.0,0.0,0.0,0.0,0.0,11
2023-05-09 21:58:59,nr2311,nr2311,9900.0,0.0,0.0,0.0,4,9825.0,9945.0,2,9900.0,9905.0,0.0,0.0,0.0,0.0,11
2023-05-09 22:00:09,nr2311,nr2311,9900.0,0.0,0.0,0.0,4,9825.0,9945.0,2,9900.0,9905.0,0.0,0.0,0.0,0.0,11
2023-05-09 22:00:10,nr2311,nr2311,9900.0,0.0,0.0,0.0,4,9825.0,9940.0,5,9900.0,9905.0,0.0,0.0,0.0,0.0,11
2023-05-09 22:00:29,nr2311,nr2311,9900.0,0.0,0.0,0.0,4,9825.0,9940.0,4,9900.0,9905.0,0.0,0.0,0.0,0.0,11
2023-05-09 22:00:29,nr2311,nr2311,9900.0,0.0,0.0,0.0,4,9825.0,9940.0,1,9900.0,9905.0,0.0,0.0,0.0,0.0,11
2023-05-09 22:00:48,nr2311,nr2311,9900.0,0.0,0.0,0.0,4,9825.0,9940.0,1,9900.0,9905.0,0.0,0.0,0.0,0.0,11
2023-05-09 22:00:51,nr2311,nr2311,9900.0,0.0,0.0,0.0,4,9825.0,9935.0,2,9900.0,9905.0,0.0,0.0,0.0,0.0,11
2023-05-09 22:00:57,nr2311,nr2311,9900.0,0.0,0.0,0.0,4,9825.0,9935.0,2,9900.0,9905.0,0.0,0.0,0.0,0.0,11
2023-05-09 22:03:25,nr2311,nr2311,9900.0,0.0,0.0,0.0,4,9825.0,9935.0,3,9900.0,9905.0,0.0,0.0,0.0,0.0,11
2023-05-09 22:04:37,nr2311,nr2311,9900.0,0.0,0.0,0.0,3,9825.0,9935.0,3,9900.0,9905.0,0.0,0.0,0.0,0.0,11
2023-05-09 22:05:01,nr2311,nr2311,9900.0,0.0,0.0,0.0,3,9825.0,9935.0,2,9900.0,9905.0,0.0,0.0,0.0,0.0,11
2023-05-09 22:05:01,nr2311,nr2311,9900.0,0.0,0.0,0.0,3,9825.0,9930.0,1,9900.0,9905.0,0.0,0.0,0.0,0.0,11
2023-05-09 22:05:29,nr2311,nr2311,9900.0,0.0,0.0,0.0,3,9825.0,9935.0,2,9900.0,9905.0,0.0,0.0,0.0,0.0,11
2023-05-09 22:05:30,nr2311,nr2311,9900.0,0.0,0.0,0.0,3,9825.0,9935.0,3,9900.0,9905.0,0.0,0.0,0.0,0.0,11
2023-05-09 22:05:50,nr2311,nr2311,9900.0,0.0,0.0,0.0,3,9825.0,9935.0,1,9900.0,9905.0,0.0,0.0,0.0,0.0,11
2023-05-09 22:05:55,nr2311,nr2311,9900.0,0.0,0.0,0.0,3,9825.0,9930.0,2,9900.0,9905.0,0.0,0.0,0.0,0.0,11
2023-05-09 22:07:24,nr2311,nr2311,9900.0,0.0,0.0,0.0,3,9825.0,9930.0,2,9900.0,9905.0,0.0,0.0,0.0,0.0,11
2023-05-09 22:09:09,nr2311,nr2311,9900.0,0.0,0.0,0.0,3,9825.0,9930.0,2,9900.0,9905.0,0.0,0.0,0.0,0.0,11
2023-05-09 22:09:09,nr2311,nr2311,9900.0,0.0,0.0,0.0,3,9825.0,9930.0,2,9900.0,9905.0,0.0,0.0,0.0,0.0,11
2023-05-09 22:09:41,nr2311,nr2311,9900.0,0.0,0.0,0.0,4,9825.0,9930.0,2,9900.0,9905.0,0.0,0.0,0.0,0.0,11
2023-05-09 22:09:45,nr2311,nr2311,9900.0,0.0,0.0,0.0,3,9825.0,9930.0,2,9900.0,9905.0,0.0,0.0,0.0,0.0,11
2023-05-09 22:09:46,nr2311,nr2311,9900.0,0.0,0.0,0.0,1,9830.0,9930.0,2,9900.0,9905.0,0.0,0.0,0.0,0.0,11
2023-05-09 22:09:46,nr2311,nr2311,9900.0,0.0,0.0,0.0,1,9830.0,9930.0,2,9900.0,9905.0,0.0,0.0,0.0,0.0,11
2023-05-09 22:09:47,nr2311,nr2311,9900.0,0.0,0.0,0.0,2,9835.0,9930.0,2,9900.0,9905.0,0.0,0.0,0.0,0.0,11
2023-05-09 22:09:48,nr2311,nr2311,9900.0,0.0,0.0,0.0,2,9835.0,9930.0,2,9900.0,9905.0,0.0,0.0,0.0,0.0,11
2023-05-09 22:09:55,nr2311,nr2311,9900.0,0.0,0.0,0.0,3,9835.0,9930.0,2,9900.0,9905.0,0.0,0.0,0.0,0.0,11
2023-05-09 22:09:56,nr2311,nr2311,9900.0,0.0,0.0,0.0,3,9835.0,9930.0,2,9900.0,9905.0,0.0,0.0,0.0,0.0,11
2023-05-09 22:09:56,nr2311,nr2311,9900.0,0.0,0.0,0.0,3,9835.0,9930.0,2,9900.0,9905.0,0.0,0.0,0.0,0.0,11
2023-05-09 22:09:57,nr2311,nr2311,9900.0,0.0,0.0,0.0,2,9835.0,9995.0,1,9900.0,9905.0,0.0,0.0,0.0,0.0,11
2023-05-09 22:09:58,nr2311,nr2311,9900.0,0.0,0.0,0.0,1,9840.0,9990.0,3,9900.0,9905.0,0.0,0.0,0.0,0.0,11
2023-05-09 22:09:58,nr2311,nr2311,9900.0,0.0,0.0,0.0,1,9840.0,9990.0,3,9900.0,9905.0,0.0,0.0,0.0,0.0,11
2023-05-09 22:09:59,nr2311,nr2311,9900.0,0.0,0.0,0.0,2,9845.0,9990.0,3,9900.0,9905.0,0.0,0.0,0.0,0.0,11
2023-05-09 22:10:00,nr2311,nr2311,9900.0,0.0,0.0,0.0,2,9845.0,9990.0,3,9900.0,9905.0,0.0,0.0,0.0,0.0,11
2023-05-09 22:10:03,nr2311,nr2311,9900.0,0.0,0.0,0.0,3,9845.0,9990.0,3,9900.0,9905.0,0.0,0.0,0.0,0.0,11
2023-05-09 22:10:05,nr2311,nr2311,9900.0,0.0,0.0,0.0,2,9845.0,9990.0,3,9900.0,9905.0,0.0,0.0,0.0,0.0,11
2023-05-09 22:10:13,nr2311,nr2311,9900.0,0.0,0.0,0.0,2,9845.0,9985.0,2,9900.0,9905.0,0.0,0.0,0.0,0.0,11
2023-05-09 22:10:14,nr2311,nr2311,9900.0,0.0,0.0,0.0,2,9845.0,9985.0,2,9900.0,9905.0,0.0,0.0,0.0,0.0,11
2023-05-09 22:10:15,nr2311,nr2311,9900.0,0.0,0.0,0.0,2,9845.0,9980.0,2,9900.0,9905.0,0.0,0.0,0.0,0.0,11
2023-05-09 22:10:17,nr2311,nr2311,9900.0,0.0,0.0,0.0,2,9845.0,9980.0,2,9900.0,9905.0,0.0,0.0,0.0,0.0,11
2023-05-09 22:10:18,nr2311,nr2311,9900.0,0.0,0.0,0.0,2,9845.0,9980.0,3,9900.0,9905.0,0.0,0.0,0.0,0.0,11
2023-05-09 22:10:49,nr2311,nr2311,9900.0,0.0,0.0,0.0,2,9845.0,9980.0,1,9900.0,9905.0,0.0,0.0,0.0,0.0,11
2023-05-09 22:10:53,nr2311,nr2311,9900.0,0.0,0.0,0.0,2,9845.0,9980.0,1,9900.0,9905.0,0.0,0.0,0.0,0.0,11
2023-05-09 22:10:57,nr2311,nr2311,9900.0,0.0,0.0,0.0,2,9845.0,9975.0,2,9900.0,9905.0,0.0,0.0,0.0,0.0,11
2023-05-09 22:10:57,nr2311,nr2311,9900.0,0.0,0.0,0.0,2,9845.0,9975.0,2,9900.0,9905.0,0.0,0.0,0.0,0.0,11
2023-05-09 22:10:58,nr2311,nr2311,9900.0,0.0,0.0,0.0,2,9845.0,9975.0,3,9900.0,9905.0,0.0,0.0,0.0,0.0,11
2023-05-09 22:11:56,nr2311,nr2311,9900.0,0.0,0.0,0.0,2,9845.0,9975.0,2,9900.0,9905.0,0.0,0.0,0.0,0.0,11
2023-05-09 22:11:56,nr2311,nr2311,9900.0,0.0,0.0,0.0,2,9845.0,9970.0,1,9900.0,9905.0,0.0,0.0,0.0,0.0,11
2023-05-09 22:12:29,nr2311,nr2311,9900.0,0.0,0.0,0.0,3,9845.0,9975.0,2,9900.0,9905.0,0.0,0.0,0.0,0.0,11
2023-05-09 22:12:30,nr2311,nr2311,9900.0,0.0,0.0,0.0,3,9845.0,9975.0,3,9900.0,9905.0,0.0,0.0,0.0,0.0,11
2023-05-09 22:12:32,nr2311,nr2311,9900.0,0.0,0.0,0.0,2,9845.0,9975.0,3,9900.0,9905.0,0.0,0.0,0.0,0.0,11
2023-05-09 22:12:33,nr2311,nr2311,9900.0,0.0,0.0,0.0,1,9850.0,9975.0,2,9900.0,9905.0,0.0,0.0,0.0,0.0,11
2023-05-09 22:12:33,nr2311,nr2311,9900.0,0.0,0.0,0.0,1,9850.0,9975.0,2,9900.0,9905.0,0.0,0.0,0.0,0.0,11
2023-05-09 22:12:34,nr2311,nr2311,9900.0,0.0,0.0,0.0,2,9855.0,9975.0,2,9900.0,9905.0,0.0,0.0,0.0,0.0,11
2023-05-09 22:12:35,nr2311,nr2311,9900.0,0.0,0.0,0.0,2,9855.0,9975.0,2,9900.0,9905.0,0.0,0.0,0.0,0.0,11
2023-05-09 22:12:35,nr2311,nr2311,9900.0,0.0,0.0,0.0,2,9855.0,9975.0,2,9900.0,9905.0,0.0,0.0,0.0,0.0,11
2023-05-09 22:12:36,nr2311,nr2311,9900.0,0.0,0.0,0.0,3,9855.0,9975.0,2,9900.0,9905.0,0.0,0.0,0.0,0.0,11
2023-05-09 22:12:38,nr2311,nr2311,9900.0,0.0,0.0,0.0,2,9855.0,9975.0,2,9900.0,9905.0,0.0,0.0,0.0,0.0,11
2023-05-09 22:12:39,nr2311,nr2311,9900.0,0.0,0.0,0.0,1,9860.0,9975.0,2,9900.0,9905.0,0.0,0.0,0.0,0.0,11
2023-05-09 22:12:41,nr2311,nr2311,9900.0,0.0,0.0,0.0,1,9860.0,9975.0,2,9900.0,9905.0,0.0,0.0,0.0,0.0,11
2023-05-09 22:12:42,nr2311,nr2311,9900.0,0.0,0.0,0.0,2,9865.0,9975.0,2,9900.0,9905.0,0.0,0.0,0.0,0.0,11
2023-05-09 22:12:42,nr2311,nr2311,9900.0,0.0,0.0,0.0,2,9865.0,9975.0,2,9900.0,9905.0,0.0,0.0,0.0,0.0,11
2023-05-09 22:13:01,nr2311,nr2311,9900.0,0.0,0.0,0.0,3,9865.0,9975.0,2,9900.0,9905.0,0.0,0.0,0.0,0.0,11
2023-05-09 22:13:02,nr2311,nr2311,9900.0,0.0,0.0,0.0,3,9865.0,9975.0,2,9900.0,9905.0,0.0,0.0,0.0,0.0,11
2023-05-09 22:13:03,nr2311,nr2311,9900.0,0.0,0.0,0.0,2,9865.0,9975.0,2,9900.0,9905.0,0.0,0.0,0.0,0.0,11
2023-05-09 22:13:04,nr2311,nr2311,9900.0,0.0,0.0,0.0,1,9870.0,9975.0,2,9900.0,9905.0,0.0,0.0,0.0,0.0,11
2023-05-09 22:13:04,nr2311,nr2311,9900.0,0.0,0.0,0.0,1,9870.0,9975.0,2,9900.0,9905.0,0.0,0.0,0.0,0.0,11
2023-05-09 22:13:05,nr2311,nr2311,9900.0,0.0,0.0,0.0,2,9875.0,9975.0,2,9900.0,9905.0,0.0,0.0,0.0,0.0,11
2023-05-09 22:13:07,nr2311,nr2311,9900.0,0.0,0.0,0.0,2,9875.0,9975.0,2,9900.0,9905.0,0.0,0.0,0.0,0.0,11
2023-05-09 22:13:16,nr2311,nr2311,9900.0,0.0,0.0,0.0,3,9875.0,9975.0,2,9900.0,9905.0,0.0,0.0,0.0,0.0,11
2023-05-09 22:13:19,nr2311,nr2311,9900.0,0.0,0.0,0.0,2,9875.0,9975.0,2,9900.0,9905.0,0.0,0.0,0.0,0.0,11
2023-05-09 22:13:27,nr2311,nr2311,9900.0,0.0,0.0,0.0,2,9875.0,9975.0,2,9900.0,9905.0,0.0,0.0,0.0,0.0,11
2023-05-09 22:13:27,nr2311,nr2311,9900.0,0.0,0.0,0.0,3,9875.0,9975.0,2,9900.0,9905.0,0.0,0.0,0.0,0.0,11
2023-05-09 22:13:29,nr2311,nr2311,9900.0,0.0,0.0,0.0,3,9875.0,10040.0,1,9900.0,9905.0,0.0,0.0,0.0,0.0,11
2023-05-09 22:13:29,nr2311,nr2311,9900.0,0.0,0.0,0.0,3,9875.0,10035.0,3,9900.0,9905.0,0.0,0.0,0.0,0.0,11
2023-05-09 22:13:30,nr2311,nr2311,9900.0,0.0,0.0,0.0,2,9875.0,10035.0,3,9900.0,9905.0,0.0,0.0,0.0,0.0,11
2023-05-09 22:13:31,nr2311,nr2311,9900.0,0.0,0.0,0.0,1,9880.0,10035.0,3,9900.0,9905.0,0.0,0.0,0.0,0.0,11
2023-05-09 22:13:31,nr2311,nr2311,9900.0,0.0,0.0,0.0,1,9880.0,10035.0,3,9900.0,9905.0,0.0,0.0,0.0,0.0,11
2023-05-09 22:13:32,nr2311,nr2311,9900.0,0.0,0.0,0.0,2,9885.0,10035.0,3,9900.0,9905.0,0.0,0.0,0.0,0.0,11
2023-05-09 22:13:33,nr2311,nr2311,9900.0,0.0,0.0,0.0,2,9885.0,10035.0,3,9900.0,9905.0,0.0,0.0,0.0,0.0,11
2023-05-09 22:13:34,nr2311,nr2311,9900.0,0.0,0.0,0.0,3,9885.0,10035.0,3,9900.0,9905.0,0.0,0.0,0.0,0.0,11
2023-05-09 22:13:41,nr2311,nr2311,9900.0,0.0,0.0,0.0,3,9885.0,10035.0,3,9900.0,9905.0,0.0,0.0,0.0,0.0,11
2023-05-09 22:13:49,nr2311,nr2311,9900.0,0.0,0.0,0.0,3,9885.0,10030.0,2,9900.0,9905.0,0.0,0.0,0.0,0.0,11
2023-05-09 22:13:49,nr2311,nr2311,9900.0,0.0,0.0,0.0,3,9885.0,10030.0,2,9900.0,9905.0,0.0,0.0,0.0,0.0,11
2023-05-09 22:13:50,nr2311,nr2311,9900.0,0.0,0.0,0.0,3,9885.0,10030.0,2,9900.0,9905.0,0.0,0.0,0.0,0.0,11
2023-05-09 22:13:50,nr2311,nr2311,9900.0,0.0,0.0,0.0,3,9885.0,10025.0,1,9900.0,9905.0,0.0,0.0,0.0,0.0,11
2023-05-09 22:13:51,nr2311,nr2311,9900.0,0.0,0.0,0.0,2,9885.0,10025.0,1,9900.0,9905.0,0.0,0.0,0.0,0.0,11
2023-05-09 22:13:52,nr2311,nr2311,9900.0,0.0,0.0,0.0,1,9890.0,10025.0,1,9900.0,9905.0,0.0,0.0,0.0,0.0,11
2023-05-09 22:13:54,nr2311,nr2311,9900.0,0.0,0.0,0.0,1,9890.0,10025.0,1,9900.0,9905.0,0.0,0.0,0.0,0.0,11
2023-05-09 22:13:54,nr2311,nr2311,9900.0,0.0,0.0,0.0,2,9895.0,10025.0,1,9900.0,9905.0,0.0,0.0,0.0,0.0,11
2023-05-09 22:13:57,nr2311,nr2311,9900.0,0.0,0.0,0.0,2,9895.0,10025.0,1,9900.0,9905.0,0.0,0.0,0.0,0.0,11
2023-05-09 22:13:58,nr2311,nr2311,9900.0,0.0,0.0,0.0,3,9895.0,10025.0,1,9900.0,9905.0,0.0,0.0,0.0,0.0,11
2023-05-09 22:14:01,nr2311,nr2311,9900.0,0.0,0.0,0.0,2,9895.0,10025.0,1,9900.0,9905.0,0.0,0.0,0.0,0.0,11
2023-05-09 22:14:16,nr2311,nr2311,9900.0,0.0,0.0,0.0,3,9895.0,10025.0,1,9900.0,9905.0,0.0,0.0,0.0,0.0,11
2023-05-09 22:14:27,nr2311,nr2311,9900.0,0.0,0.0,0.0,3,9895.0,10025.0,1,9900.0,9905.0,0.0,0.0,0.0,0.0,11
2023-05-09 22:14:33,nr2311,nr2311,9900.0,0.0,0.0,0.0,3,9895.0,10020.0,2,9900.0,9905.0,0.0,0.0,0.0,0.0,11
2023-05-09 22:14:34,nr2311,nr2311,9900.0,0.0,0.0,0.0,3,9895.0,10020.0,2,9900.0,9905.0,0.0,0.0,0.0,0.0,11
2023-05-09 22:14:35,nr2311,nr2311,9900.0,0.0,0.0,0.0,3,9895.0,10020.0,2,9900.0,9905.0,0.0,0.0,0.0,0.0,11
2023-05-09 22:14:35,nr2311,nr2311,9900.0,0.0,0.0,0.0,3,9895.0,10020.0,2,9900.0,9905.0,0.0,0.0,0.0,0.0,11
2023-05-09 22:14:36,nr2311,nr2311,9900.0,0.0,0.0,0.0,3,9895.0,10020.0,2,9900.0,9905.0,0.0,0.0,0.0,0.0,11
2023-05-09 22:14:37,nr2311,nr2311,9900.0,0.0,0.0,0.0,2,9895.0,10020.0,2,9900.0,9905.0,0.0,0.0,0.0,0.0,11
2023-05-09 22:14:38,nr2311,nr2311,9900.0,0.0,0.0,0.0,1,9900.0,10020.0,2,9900.0,9905.0,0.0,0.0,0.0,0.0,11
2023-05-09 22:14:38,nr2311,nr2311,9900.0,0.0,0.0,0.0,2,9900.0,10020.0,2,9900.0,9905.0,0.0,0.0,0.0,0.0,11
2023-05-09 22:14:39,nr2311,nr2311,9900.0,0.0,0.0,0.0,1,9905.0,10020.0,2,9900.0,9905.0,0.0,0.0,0.0,0.0,11
2023-05-09 22:14:40,nr2311,nr2311,9900.0,0.0,0.0,0.0,1,9905.0,10020.0,2,9900.0,9905.0,0.0,0.0,0.0,0.0,11
2023-05-09 22:14:41,nr2311,nr2311,9900.0,0.0,0.0,0.0,1,9910.0,10020.0,2,9900.0,9905.0,0.0,0.0,0.0,0.0,11
2023-05-09 22:14:41,nr2311,nr2311,9900.0,0.0,0.0,0.0,1,9910.0,10020.0,2,9900.0,9905.0,0.0,0.0,0.0,0.0,11
2023-05-09 22:14:42,nr2311,nr2311,9900.0,0.0,0.0,0.0,1,9915.0,10020.0,2,9900.0,9905.0,0.0,0.0,0.0,0.0,11
2023-05-09 22:14:43,nr2311,nr2311,9900.0,0.0,0.0,0.0,1,9915.0,10020.0,2,9900.0,9905.0,0.0,0.0,0.0,0.0,11
2023-05-09 22:14:44,nr2311,nr2311,9900.0,0.0,0.0,0.0,1,9920.0,10020.0,2,9900.0,9905.0,0.0,0.0,0.0,0.0,11
2023-05-09 22:14:44,nr2311,nr2311,9900.0,0.0,0.0,0.0,1,9920.0,10020.0,2,9900.0,9905.0,0.0,0.0,0.0,0.0,11
2023-05-09 22:14:45,nr2311,nr2311,9900.0,0.0,0.0,0.0,1,9925.0,10020.0,2,9900.0,9905.0,0.0,0.0,0.0,0.0,11
2023-05-09 22:14:47,nr2311,nr2311,9900.0,0.0,0.0,0.0,1,9925.0,10020.0,2,9900.0,9905.0,0.0,0.0,0.0,0.0,11
2023-05-09 22:15:39,nr2311,nr2311,9900.0,0.0,0.0,0.0,1,9925.0,10020.0,3,9900.0,9905.0,0.0,0.0,0.0,0.0,11
2023-05-09 22:15:45,nr2311,nr2311,9900.0,0.0,0.0,0.0,1,9925.0,10020.0,2,9900.0,9905.0,0.0,0.0,0.0,0.0,11
2023-05-09 22:19:34,nr2311,nr2311,9900.0,0.0,0.0,0.0,1,9925.0,10055.0,1,9900.0,9905.0,0.0,0.0,0.0,0.0,11
2023-05-09 22:19:35,nr2311,nr2311,9900.0,0.0,0.0,0.0,1,9925.0,10050.0,2,9900.0,9905.0,0.0,0.0,0.0,0.0,11
2023-05-09 22:19:43,nr2311,nr2311,9900.0,0.0,0.0,0.0,1,9925.0,10050.0,5,9900.0,9905.0,0.0,0.0,0.0,0.0,11
2023-05-09 22:19:49,nr2311,nr2311,9900.0,0.0,0.0,0.0,1,9925.0,10050.0,2,9900.0,9905.0,0.0,0.0,0.0,0.0,11
2023-05-09 22:19:53,nr2311,nr2311,9900.0,0.0,0.0,0.0,1,9925.0,10050.0,5,9900.0,9905.0,0.0,0.0,0.0,0.0,11
2023-05-09 22:20:01,nr2311,nr2311,9900.0,0.0,0.0,0.0,1,9925.0,10050.0,2,9900.0,9905.0,0.0,0.0,0.0,0.0,11
2023-05-09 22:20:02,nr2311,nr2311,9900.0,0.0,0.0,0.0,1,9925.0,10045.0,3,9900.0,9905.0,0.0,0.0,0.0,0.0,11
2023-05-09 22:20:02,nr2311,nr2311,9900.0,0.0,0.0,0.0,1,9925.0,10045.0,3,9900.0,9905.0,0.0,0.0,0.0,0.0,11
2023-05-09 22:20:03,nr2311,nr2311,9900.0,0.0,0.0,0.0,1,9925.0,10040.0,2,9900.0,9905.0,0.0,0.0,0.0,0.0,11
2023-05-09 22:20:04,nr2311,nr2311,9900.0,0.0,0.0,0.0,1,9925.0,10040.0,2,9900.0,9905.0,0.0,0.0,0.0,0.0,11
2023-05-09 22:20:15,nr2311,nr2311,9900.0,0.0,0.0,0.0,1,9925.0,10040.0,4,9900.0,9905.0,0.0,0.0,0.0,0.0,11
2023-05-09 22:20:15,nr2311,nr2311,9900.0,0.0,0.0,0.0,1,9925.0,10040.0,5,9900.0,9905.0,0.0,0.0,0.0,0.0,11
2023-05-09 22:20:16,nr2311,nr2311,9900.0,0.0,0.0,0.0,1,9925.0,10035.0,2,9900.0,9905.0,0.0,0.0,0.0,0.0,11
2023-05-09 22:20:16,nr2311,nr2311,9900.0,0.0,0.0,0.0,1,9925.0,10035.0,2,9900.0,9905.0,0.0,0.0,0.0,0.0,11
2023-05-09 22:20:17,nr2311,nr2311,9900.0,0.0,0.0,0.0,1,9925.0,10030.0,1,9900.0,9905.0,0.0,0.0,0.0,0.0,11
2023-05-09 22:20:17,nr2311,nr2311,9900.0,0.0,0.0,0.0,1,9925.0,10025.0,1,9900.0,9905.0,0.0,0.0,0.0,0.0,11
2023-05-09 22:20:19,nr2311,nr2311,9900.0,0.0,0.0,0.0,1,9925.0,10025.0,1,9900.0,9905.0,0.0,0.0,0.0,0.0,11
2023-05-09 22:20:20,nr2311,nr2311,9900.0,0.0,0.0,0.0,1,9925.0,10020.0,1,9900.0,9905.0,0.0,0.0,0.0,0.0,11
2023-05-09 22:20:20,nr2311,nr2311,9900.0,0.0,0.0,0.0,1,9925.0,10020.0,1,9900.0,9905.0,0.0,0.0,0.0,0.0,11
2023-05-09 22:20:21,nr2311,nr2311,9900.0,0.0,0.0,0.0,1,9925.0,10015.0,1,9900.0,9905.0,0.0,0.0,0.0,0.0,11
2023-05-09 22:20:22,nr2311,nr2311,9900.0,0.0,0.0,0.0,1,9925.0,10015.0,1,9900.0,9905.0,0.0,0.0,0.0,0.0,11
2023-05-09 22:20:23,nr2311,nr2311,9900.0,0.0,0.0,0.0,1,9925.0,10010.0,1,9900.0,9905.0,0.0,0.0,0.0,0.0,11
2023-05-09 22:20:23,nr2311,nr2311,9900.0,0.0,0.0,0.0,1,9925.0,10010.0,1,9900.0,9905.0,0.0,0.0,0.0,0.0,11
2023-05-09 22:20:24,nr2311,nr2311,9900.0,0.0,0.0,0.0,1,9925.0,10010.0,2,9900.0,9905.0,0.0,0.0,0.0,0.0,11
2023-05-09 22:20:55,nr2311,nr2311,9900.0,0.0,0.0,0.0,1,9925.0,10010.0,2,9900.0,9905.0,0.0,0.0,0.0,0.0,11
2023-05-09 22:21:02,nr2311,nr2311,9900.0,0.0,0.0,0.0,1,9925.0,10005.0,2,9900.0,9905.0,0.0,0.0,0.0,0.0,11
2023-05-09 22:21:04,nr2311,nr2311,9900.0,0.0,0.0,0.0,1,9925.0,10005.0,2,9900.0,9905.0,0.0,0.0,0.0,0.0,11
2023-05-09 22:21:05,nr2311,nr2311,9900.0,0.0,0.0,0.0,1,9925.0,10000.0,1,9900.0,9905.0,0.0,0.0,0.0,0.0,11
2023-05-09 22:21:10,nr2311,nr2311,9900.0,0.0,0.0,0.0,1,9925.0,10000.0,1,9900.0,9905.0,0.0,0.0,0.0,0.0,11
2023-05-09 22:21:15,nr2311,nr2311,9900.0,0.0,0.0,0.0,1,9900.0,10000.0,1,9900.0,9905.0,0.0,0.0,0.0,0.0,11
2023-05-09 22:21:16,nr2311,nr2311,9900.0,0.0,0.0,0.0,1,9905.0,10000.0,1,9900.0,9905.0,0.0,0.0,0.0,0.0,11
2023-05-09 22:21:16,nr2311,nr2311,9900.0,0.0,0.0,0.0,1,9905.0,10000.0,1,9900.0,9905.0,0.0,0.0,0.0,0.0,11
2023-05-09 22:21:20,nr2311,nr2311,9900.0,0.0,0.0,0.0,1,9905.0,10000.0,2,9900.0,9905.0,0.0,0.0,0.0,0.0,11
2023-05-09 22:21:28,nr2311,nr2311,9900.0,0.0,0.0,0.0,1,9905.0,10000.0,1,9900.0,9905.0,0.0,0.0,0.0,0.0,11
2023-05-09 22:21:29,nr2311,nr2311,9900.0,0.0,0.0,0.0,1,9905.0,9995.0,1,9900.0,9905.0,0.0,0.0,0.0,0.0,11
2023-05-09 22:21:29,nr2311,nr2311,9900.0,0.0,0.0,0.0,1,9905.0,9995.0,1,9900.0,9905.0,0.0,0.0,0.0,0.0,11
2023-05-09 22:21:30,nr2311,nr2311,9900.0,0.0,0.0,0.0,1,9905.0,9990.0,1,9900.0,9905.0,0.0,0.0,0.0,0.0,11
2023-05-09 22:21:31,nr2311,nr2311,9900.0,0.0,0.0,0.0,1,9905.0,9990.0,1,9900.0,9905.0,0.0,0.0,0.0,0.0,11
2023-05-09 22:21:31,nr2311,nr2311,9900.0,0.0,0.0,0.0,1,9905.0,9990.0,1,9900.0,9905.0,0.0,0.0,0.0,0.0,11
2023-05-09 22:21:32,nr2311,nr2311,9900.0,0.0,0.0,0.0,1,9905.0,9990.0,2,9900.0,9905.0,0.0,0.0,0.0,0.0,11
2023-05-09 22:21:34,nr2311,nr2311,9900.0,0.0,0.0,0.0,1,9885.0,9990.0,2,9900.0,9905.0,0.0,0.0,0.0,0.0,11
2023-05-09 22:21:35,nr2311,nr2311,9900.0,0.0,0.0,0.0,1,9890.0,9990.0,2,9900.0,9905.0,0.0,0.0,0.0,0.0,11
2023-05-09 22:21:37,nr2311,nr2311,9900.0,0.0,0.0,0.0,1,9890.0,9990.0,1,9900.0,9905.0,0.0,0.0,0.0,0.0,11
2023-05-09 22:21:38,nr2311,nr2311,9900.0,0.0,0.0,0.0,1,9890.0,9985.0,1,9900.0,9905.0,0.0,0.0,0.0,0.0,11
2023-05-09 22:21:38,nr2311,nr2311,9900.0,0.0,0.0,0.0,1,9890.0,9985.0,1,9900.0,9905.0,0.0,0.0,0.0,0.0,11
2023-05-09 22:21:39,nr2311,nr2311,9900.0,0.0,0.0,0.0,1,9890.0,9980.0,1,9900.0,9905.0,0.0,0.0,0.0,0.0,11
2023-05-09 22:21:40,nr2311,nr2311,9900.0,0.0,0.0,0.0,1,9890.0,9980.0,1,9900.0,9905.0,0.0,0.0,0.0,0.0,11
2023-05-09 22:21:41,nr2311,nr2311,9900.0,0.0,0.0,0.0,1,9890.0,9975.0,1,9900.0,9905.0,0.0,0.0,0.0,0.0,11
2023-05-09 22:21:41,nr2311,nr2311,9900.0,0.0,0.0,0.0,1,9890.0,9975.0,2,9900.0,9905.0,0.0,0.0,0.0,0.0,11
2023-05-09 22:21:42,nr2311,nr2311,9900.0,0.0,0.0,0.0,1,9885.0,9970.0,1,9900.0,9905.0,0.0,0.0,0.0,0.0,11
2023-05-09 22:21:42,nr2311,nr2311,9900.0,0.0,0.0,0.0,1,9890.0,9970.0,1,9900.0,9905.0,0.0,0.0,0.0,0.0,11
2023-05-09 22:21:43,nr2311,nr2311,9900.0,0.0,0.0,0.0,1,9890.0,9970.0,1,9900.0,9905.0,0.0,0.0,0.0,0.0,11
2023-05-09 22:21:43,nr2311,nr2311,9900.0,0.0,0.0,0.0,1,9890.0,9970.0,1,9900.0,9905.0,0.0,0.0,0.0,0.0,11
2023-05-09 22:21:46,nr2311,nr2311,9900.0,0.0,0.0,0.0,1,9890.0,9965.0,2,9900.0,9905.0,0.0,0.0,0.0,0.0,11
2023-05-09 22:21:47,nr2311,nr2311,9900.0,0.0,0.0,0.0,1,9890.0,9965.0,2,9900.0,9905.0,0.0,0.0,0.0,0.0,11
2023-05-09 22:21:47,nr2311,nr2311,9900.0,0.0,0.0,0.0,1,9890.0,9965.0,3,9900.0,9905.0,0.0,0.0,0.0,0.0,11
2023-05-09 22:21:50,nr2311,nr2311,9900.0,0.0,0.0,0.0,1,9890.0,9965.0,2,9900.0,9905.0,0.0,0.0,0.0,0.0,11
2023-05-09 22:22:09,nr2311,nr2311,9900.0,0.0,0.0,0.0,1,9890.0,9965.0,2,9900.0,9905.0,0.0,0.0,0.0,0.0,11
2023-05-09 22:22:09,nr2311,nr2311,9900.0,0.0,0.0,0.0,1,9890.0,9965.0,2,9900.0,9905.0,0.0,0.0,0.0,0.0,11
2023-05-09 22:22:10,nr2311,nr2311,9900.0,0.0,0.0,0.0,1,9890.0,9965.0,3,9900.0,9905.0,0.0,0.0,0.0,0.0,11
2023-05-09 22:22:12,nr2311,nr2311,9900.0,0.0,0.0,0.0,1,9870.0,9965.0,3,9900.0,9905.0,0.0,0.0,0.0,0.0,11
2023-05-09 22:22:13,nr2311,nr2311,9900.0,0.0,0.0,0.0,1,9875.0,9965.0,2,9900.0,9905.0,0.0,0.0,0.0,0.0,11
2023-05-09 22:22:13,nr2311,nr2311,9900.0,0.0,0.0,0.0,1,9875.0,9960.0,1,9900.0,9905.0,0.0,0.0,0.0,0.0,11
2023-05-09 22:22:47,nr2311,nr2311,9900.0,0.0,0.0,0.0,1,9875.0,9960.0,2,9900.0,9905.0,0.0,0.0,0.0,0.0,11
2023-05-09 22:22:50,nr2311,nr2311,9900.0,0.0,0.0,0.0,1,9875.0,9960.0,1,9900.0,9905.0,0.0,0.0,0.0,0.0,11
2023-05-09 22:22:51,nr2311,nr2311,9900.0,0.0,0.0,0.0,1,9875.0,9960.0,1,9900.0,9905.0,0.0,0.0,0.0,0.0,11
2023-05-09 22:22:58,nr2311,nr2311,9900.0,0.0,0.0,0.0,1,9875.0,9960.0,2,9900.0,9905.0,0.0,0.0,0.0,0.0,11
2023-05-09 22:23:00,nr2311,nr2311,9900.0,0.0,0.0,0.0,1,9875.0,9960.0,1,9900.0,9905.0,0.0,0.0,0.0,0.0,11
2023-05-09 22:23:05,nr2311,nr2311,9900.0,0.0,0.0,0.0,1,9875.0,9975.0,1,9900.0,9905.0,0.0,0.0,0.0,0.0,11
2023-05-09 22:23:06,nr2311,nr2311,9900.0,0.0,0.0,0.0,1,9875.0,9970.0,1,9900.0,9905.0,0.0,0.0,0.0,0.0,11
2023-05-09 22:23:08,nr2311,nr2311,9900.0,0.0,0.0,0.0,1,9875.0,9975.0,1,9900.0,9905.0,0.0,0.0,0.0,0.0,11
2023-05-09 22:23:09,nr2311,nr2311,9900.0,0.0,0.0,0.0,1,9875.0,9975.0,2,9900.0,9905.0,0.0,0.0,0.0,0.0,11
2023-05-09 22:23:12,nr2311,nr2311,9900.0,0.0,0.0,0.0,1,9875.0,9970.0,2,9900.0,9905.0,0.0,0.0,0.0,0.0,11
2023-05-09 22:23:15,nr2311,nr2311,9900.0,0.0,0.0,0.0,1,9875.0,9970.0,2,9900.0,9905.0,0.0,0.0,0.0,0.0,11
2023-05-09 22:23:16,nr2311,nr2311,9900.0,0.0,0.0,0.0,1,9875.0,9970.0,3,9900.0,9905.0,0.0,0.0,0.0,0.0,11
2023-05-09 22:23:24,nr2311,nr2311,9900.0,0.0,0.0,0.0,1,9875.0,9970.0,2,9900.0,9905.0,0.0,0.0,0.0,0.0,11
2023-05-09 22:23:25,nr2311,nr2311,9900.0,0.0,0.0,0.0,1,9875.0,9965.0,1,9900.0,9905.0,0.0,0.0,0.0,0.0,11
2023-05-09 22:24:02,nr2311,nr2311,9900.0,0.0,0.0,0.0,1,9875.0,9965.0,1,9900.0,9905.0,0.0,0.0,0.0,0.0,11
2023-05-09 22:24:04,nr2311,nr2311,9900.0,0.0,0.0,0.0,1,9875.0,9975.0,1,9900.0,9905.0,0.0,0.0,0.0,0.0,11
2023-05-09 22:24:05,nr2311,nr2311,9900.0,0.0,0.0,0.0,1,9875.0,9970.0,1,9900.0,9905.0,0.0,0.0,0.0,0.0,11
2023-05-09 22:24:37,nr2311,nr2311,9900.0,0.0,0.0,0.0,1,9875.0,9965.0,2,9900.0,9905.0,0.0,0.0,0.0,0.0,11
2023-05-09 22:24:38,nr2311,nr2311,9900.0,0.0,0.0,0.0,1,9875.0,9965.0,2,9900.0,9905.0,0.0,0.0,0.0,0.0,11
2023-05-09 22:24:38,nr2311,nr2311,9900.0,0.0,0.0,0.0,1,9875.0,9965.0,3,9900.0,9905.0,0.0,0.0,0.0,0.0,11
2023-05-09 22:24:57,nr2311,nr2311,9900.0,0.0,0.0,0.0,1,9875.0,9965.0,2,9900.0,9905.0,0.0,0.0,0.0,0.0,11
2023-05-09 22:24:57,nr2311,nr2311,9900.0,0.0,0.0,0.0,1,9875.0,9960.0,1,9900.0,9905.0,0.0,0.0,0.0,0.0,11
2023-05-09 22:25:04,nr2311,nr2311,9900.0,0.0,0.0,0.0,1,9875.0,9965.0,2,9900.0,9905.0,0.0,0.0,0.0,0.0,11
2023-05-09 22:25:05,nr2311,nr2311,9900.0,0.0,0.0,0.0,1,9875.0,9965.0,3,9900.0,9905.0,0.0,0.0,0.0,0.0,11
2023-05-09 22:25:12,nr2311,nr2311,9900.0,0.0,0.0,0.0,1,9875.0,9965.0,2,9900.0,9905.0,0.0,0.0,0.0,0.0,11
2023-05-09 22:25:20,nr2311,nr2311,9900.0,0.0,0.0,0.0,1,9875.0,9965.0,3,9900.0,9905.0,0.0,0.0,0.0,0.0,11
2023-05-09 22:25:22,nr2311,nr2311,9900.0,0.0,0.0,0.0,1,9875.0,9965.0,2,9900.0,9905.0,0.0,0.0,0.0,0.0,11
2023-05-09 22:25:23,nr2311,nr2311,9900.0,0.0,0.0,0.0,1,9875.0,9960.0,1,9900.0,9905.0,0.0,0.0,0.0,0.0,11
2023-05-09 22:25:30,nr2311,nr2311,9900.0,0.0,0.0,0.0,1,9875.0,9965.0,2,9900.0,9905.0,0.0,0.0,0.0,0.0,11
2023-05-09 22:25:31,nr2311,nr2311,9900.0,0.0,0.0,0.0,1,9875.0,9965.0,3,9900.0,9905.0,0.0,0.0,0.0,0.0,11
2023-05-09 22:25:55,nr2311,nr2311,9900.0,0.0,0.0,0.0,1,9875.0,9965.0,2,9900.0,9905.0,0.0,0.0,0.0,0.0,11
2023-05-09 22:25:56,nr2311,nr2311,9900.0,0.0,0.0,0.0,1,9875.0,9960.0,1,9900.0,9905.0,0.0,0.0,0.0,0.0,11
2023-05-09 22:26:02,nr2311,nr2311,9900.0,0.0,0.0,0.0,1,9875.0,9965.0,2,9900.0,9905.0,0.0,0.0,0.0,0.0,11
2023-05-09 22:26:02,nr2311,nr2311,9900.0,0.0,0.0,0.0,1,9875.0,9965.0,3,9900.0,9905.0,0.0,0.0,0.0,0.0,11
2023-05-09 22:26:05,nr2311,nr2311,9900.0,0.0,0.0,0.0,1,9875.0,9965.0,2,9900.0,9905.0,0.0,0.0,0.0,0.0,11
2023-05-09 22:26:06,nr2311,nr2311,9900.0,0.0,0.0,0.0,1,9875.0,9960.0,1,9900.0,9905.0,0.0,0.0,0.0,0.0,11
2023-05-09 22:26:09,nr2311,nr2311,9900.0,0.0,0.0,0.0,1,9875.0,9965.0,2,9900.0,9905.0,0.0,0.0,0.0,0.0,11
2023-05-09 22:26:10,nr2311,nr2311,9900.0,0.0,0.0,0.0,1,9875.0,9965.0,3,9900.0,9905.0,0.0,0.0,0.0,0.0,11
2023-05-09 22:26:25,nr2311,nr2311,9900.0,0.0,0.0,0.0,1,9875.0,9965.0,2,9900.0,9905.0,0.0,0.0,0.0,0.0,11
2023-05-09 22:26:52,nr2311,nr2311,9900.0,0.0,0.0,0.0,1,9875.0,9965.0,3,9900.0,9905.0,0.0,0.0,0.0,0.0,11
2023-05-09 22:27:40,nr2311,nr2311,9900.0,0.0,0.0,0.0,1,9875.0,9965.0,2,9900.0,9905.0,0.0,0.0,0.0,0.0,11
2023-05-09 22:28:20,nr2311,nr2311,9900.0,0.0,0.0,0.0,1,9875.0,9960.0,1,9900.0,9905.0,0.0,0.0,0.0,0.0,11
2023-05-09 22:28:29,nr2311,nr2311,9900.0,0.0,0.0,0.0,1,9875.0,9965.0,2,9900.0,9905.0,0.0,0.0,0.0,0.0,11
2023-05-09 22:28:30,nr2311,nr2311,9900.0,0.0,0.0,0.0,1,9875.0,9965.0,3,9900.0,9905.0,0.0,0.0,0.0,0.0,11
2023-05-09 22:29:36,nr2311,nr2311,9900.0,0.0,0.0,0.0,1,9875.0,9965.0,1,9900.0,9905.0,0.0,0.0,0.0,0.0,11
2023-05-09 22:30:13,nr2311,nr2311,9900.0,0.0,0.0,0.0,1,9875.0,9975.0,1,9900.0,9905.0,0.0,0.0,0.0,0.0,11
2023-05-09 22:30:13,nr2311,nr2311,9900.0,0.0,0.0,0.0,1,9875.0,9970.0,2,9900.0,9905.0,0.0,0.0,0.0,0.0,11
2023-05-09 22:30:15,nr2311,nr2311,9900.0,0.0,0.0,0.0,1,9875.0,9970.0,2,9900.0,9905.0,0.0,0.0,0.0,0.0,11
2023-05-09 22:30:16,nr2311,nr2311,9900.0,0.0,0.0,0.0,1,9875.0,9965.0,2,9900.0,9905.0,0.0,0.0,0.0,0.0,11
2023-05-09 22:30:16,nr2311,nr2311,9900.0,0.0,0.0,0.0,1,9875.0,9965.0,2,9900.0,9905.0,0.0,0.0,0.0,0.0,11
2023-05-09 22:30:17,nr2311,nr2311,9900.0,0.0,0.0,0.0,1,9875.0,9960.0,1,9900.0,9905.0,0.0,0.0,0.0,0.0,11
2023-05-09 22:30:24,nr2311,nr2311,9900.0,0.0,0.0,0.0,1,9875.0,9960.0,2,9900.0,9905.0,0.0,0.0,0.0,0.0,11
2023-05-09 22:30:27,nr2311,nr2311,9900.0,0.0,0.0,0.0,1,9875.0,9960.0,1,9900.0,9905.0,0.0,0.0,0.0,0.0,11
2023-05-09 22:30:30,nr2311,nr2311,9900.0,0.0,0.0,0.0,1,9875.0,9960.0,2,9900.0,9905.0,0.0,0.0,0.0,0.0,11
2023-05-09 22:30:46,nr2311,nr2311,9900.0,0.0,0.0,0.0,1,9875.0,9960.0,1,9900.0,9905.0,0.0,0.0,0.0,0.0,11
2023-05-09 22:30:54,nr2311,nr2311,9900.0,0.0,0.0,0.0,1,9875.0,9960.0,1,9900.0,9905.0,0.0,0.0,0.0,0.0,11
2023-05-09 22:30:58,nr2311,nr2311,9900.0,0.0,0.0,0.0,1,9875.0,9955.0,2,9900.0,9905.0,0.0,0.0,0.0,0.0,11
2023-05-09 22:31:01,nr2311,nr2311,9900.0,0.0,0.0,0.0,1,9875.0,9955.0,2,9900.0,9905.0,0.0,0.0,0.0,0.0,11
2023-05-09 22:32:15,nr2311,nr2311,9900.0,0.0,0.0,0.0,1,9875.0,9950.0,1,9900.0,9905.0,0.0,0.0,0.0,0.0,11
2023-05-09 22:32:24,nr2311,nr2311,9900.0,0.0,0.0,0.0,1,9870.0,9950.0,1,9900.0,9905.0,0.0,0.0,0.0,0.0,11
2023-05-09 22:32:26,nr2311,nr2311,9900.0,0.0,0.0,0.0,1,9870.0,9950.0,1,9900.0,9905.0,0.0,0.0,0.0,0.0,11
2023-05-09 22:32:28,nr2311,nr2311,9900.0,0.0,0.0,0.0,1,9855.0,9950.0,1,9900.0,9905.0,0.0,0.0,0.0,0.0,11
2023-05-09 22:32:28,nr2311,nr2311,9900.0,0.0,0.0,0.0,1,9860.0,9950.0,1,9900.0,9905.0,0.0,0.0,0.0,0.0,11
2023-05-09 22:32:39,nr2311,nr2311,9900.0,0.0,0.0,0.0,1,9860.0,9945.0,1,9900.0,9905.0,0.0,0.0,0.0,0.0,11
2023-05-09 22:32:39,nr2311,nr2311,9900.0,0.0,0.0,0.0,1,9860.0,9945.0,1,9900.0,9905.0,0.0,0.0,0.0,0.0,11
2023-05-09 22:32:40,nr2311,nr2311,9900.0,0.0,0.0,0.0,1,9860.0,9940.0,1,9900.0,9905.0,0.0,0.0,0.0,0.0,11
2023-05-09 22:32:43,nr2311,nr2311,9900.0,0.0,0.0,0.0,1,9860.0,9940.0,1,9900.0,9905.0,0.0,0.0,0.0,0.0,11
2023-05-09 22:32:50,nr2311,nr2311,9900.0,0.0,0.0,0.0,1,9860.0,9940.0,2,9900.0,9905.0,0.0,0.0,0.0,0.0,11
2023-05-09 22:32:51,nr2311,nr2311,9900.0,0.0,0.0,0.0,1,9860.0,9940.0,2,9900.0,9905.0,0.0,0.0,0.0,0.0,11
2023-05-09 22:32:53,nr2311,nr2311,9900.0,0.0,0.0,0.0,1,9860.0,9940.0,2,9900.0,9905.0,0.0,0.0,0.0,0.0,11
2023-05-09 22:32:55,nr2311,nr2311,9900.0,0.0,0.0,0.0,1,9860.0,9940.0,1,9900.0,9905.0,0.0,0.0,0.0,0.0,11
2023-05-09 22:33:07,nr2311,nr2311,9900.0,0.0,0.0,0.0,1,9860.0,9935.0,2,9900.0,9905.0,0.0,0.0,0.0,0.0,11
2023-05-09 22:33:09,nr2311,nr2311,9900.0,0.0,0.0,0.0,1,9860.0,9935.0,2,9900.0,9905.0,0.0,0.0,0.0,0.0,11
2023-05-09 22:38:06,nr2311,nr2311,9900.0,0.0,0.0,0.0,1,9860.0,9975.0,1,9900.0,9905.0,0.0,0.0,0.0,0.0,11
2023-05-09 22:38:07,nr2311,nr2311,9900.0,0.0,0.0,0.0,1,9860.0,10200.0,1,9900.0,9905.0,0.0,0.0,0.0,0.0,11
2023-05-09 22:38:07,nr2311,nr2311,9900.0,0.0,0.0,0.0,1,9860.0,10200.0,2,9900.0,9905.0,0.0,0.0,0.0,0.0,11
2023-05-09 22:38:09,nr2311,nr2311,9900.0,0.0,0.0,0.0,1,9860.0,10195.0,1,9900.0,9905.0,0.0,0.0,0.0,0.0,11
2023-05-09 22:38:10,nr2311,nr2311,9900.0,0.0,0.0,0.0,1,9860.0,10190.0,1,9900.0,9905.0,0.0,0.0,0.0,0.0,11
2023-05-09 22:38:11,nr2311,nr2311,9900.0,0.0,0.0,0.0,1,9860.0,10185.0,1,9900.0,9905.0,0.0,0.0,0.0,0.0,11
2023-05-09 22:38:11,nr2311,nr2311,9900.0,0.0,0.0,0.0,1,9860.0,10180.0,4,9900.0,9905.0,0.0,0.0,0.0,0.0,11
2023-05-09 22:38:12,nr2311,nr2311,9900.0,0.0,0.0,0.0,1,9860.0,10175.0,2,9900.0,9905.0,0.0,0.0,0.0,0.0,11
2023-05-09 22:38:12,nr2311,nr2311,9900.0,0.0,0.0,0.0,1,9860.0,10170.0,1,9900.0,9905.0,0.0,0.0,0.0,0.0,11
2023-05-09 22:38:13,nr2311,nr2311,9900.0,0.0,0.0,0.0,1,9860.0,10165.0,2,9900.0,9905.0,0.0,0.0,0.0,0.0,11
2023-05-09 22:38:13,nr2311,nr2311,9900.0,0.0,0.0,0.0,1,9860.0,10165.0,2,9900.0,9905.0,0.0,0.0,0.0,0.0,11
2023-05-09 22:38:14,nr2311,nr2311,9900.0,0.0,0.0,0.0,1,9860.0,10160.0,3,9900.0,9905.0,0.0,0.0,0.0,0.0,11
2023-05-09 22:38:14,nr2311,nr2311,9900.0,0.0,0.0,0.0,1,9860.0,10155.0,3,9900.0,9905.0,0.0,0.0,0.0,0.0,11
2023-05-09 22:38:15,nr2311,nr2311,9900.0,0.0,0.0,0.0,1,9860.0,10150.0,2,9900.0,9905.0,0.0,0.0,0.0,0.0,11
2023-05-09 22:38:20,nr2311,nr2311,9900.0,0.0,0.0,0.0,1,9860.0,10150.0,2,9900.0,9905.0,0.0,0.0,0.0,0.0,11
2023-05-09 22:38:21,nr2311,nr2311,9900.0,0.0,0.0,0.0,1,9860.0,10145.0,11,9900.0,9905.0,0.0,0.0,0.0,0.0,11
2023-05-09 22:38:24,nr2311,nr2311,9900.0,0.0,0.0,0.0,1,9860.0,10145.0,11,9900.0,9905.0,0.0,0.0,0.0,0.0,11
2023-05-09 22:38:25,nr2311,nr2311,9900.0,0.0,0.0,0.0,1,9860.0,10140.0,2,9900.0,9905.0,0.0,0.0,0.0,0.0,11
2023-05-09 22:38:29,nr2311,nr2311,9900.0,0.0,0.0,0.0,1,9860.0,10140.0,2,9900.0,9905.0,0.0,0.0,0.0,0.0,11
2023-05-09 22:38:29,nr2311,nr2311,9900.0,0.0,0.0,0.0,1,9860.0,10135.0,10,9900.0,9905.0,0.0,0.0,0.0,0.0,11
2023-05-09 22:38:35,nr2311,nr2311,9900.0,0.0,0.0,0.0,1,9860.0,10135.0,10,9900.0,9905.0,0.0,0.0,0.0,0.0,11
2023-05-09 22:38:35,nr2311,nr2311,9900.0,0.0,0.0,0.0,1,9860.0,10130.0,2,9900.0,9905.0,0.0,0.0,0.0,0.0,11
2023-05-09 22:38:41,nr2311,nr2311,9900.0,0.0,0.0,0.0,1,9860.0,10130.0,2,9900.0,9905.0,0.0,0.0,0.0,0.0,11
2023-05-09 22:38:41,nr2311,nr2311,9900.0,0.0,0.0,0.0,1,9860.0,10130.0,2,9900.0,9905.0,0.0,0.0,0.0,0.0,11
2023-05-09 22:38:42,nr2311,nr2311,9900.0,0.0,0.0,0.0,1,9860.0,10125.0,10,9900.0,9905.0,0.0,0.0,0.0,0.0,11
2023-05-09 22:38:42,nr2311,nr2311,9900.0,0.0,0.0,0.0,1,9860.0,10120.0,1,9900.0,9905.0,0.0,0.0,0.0,0.0,11
2023-05-09 22:38:43,nr2311,nr2311,9900.0,0.0,0.0,0.0,1,9860.0,10120.0,2,9900.0,9905.0,0.0,0.0,0.0,0.0,11
2023-05-09 22:38:44,nr2311,nr2311,9900.0,0.0,0.0,0.0,1,9860.0,10120.0,2,9900.0,9905.0,0.0,0.0,0.0,0.0,11
2023-05-09 22:38:45,nr2311,nr2311,9900.0,0.0,0.0,0.0,1,9860.0,10115.0,12,9900.0,9905.0,0.0,0.0,0.0,0.0,11
2023-05-09 22:38:47,nr2311,nr2311,9900.0,0.0,0.0,0.0,1,9860.0,10115.0,14,9900.0,9905.0,0.0,0.0,0.0,0.0,11
2023-05-09 22:43:46,nr2311,nr2311,9900.0,0.0,0.0,0.0,1,9860.0,10115.0,12,9900.0,9905.0,0.0,0.0,0.0,0.0,11
2023-05-09 22:44:03,nr2311,nr2311,9900.0,0.0,0.0,0.0,1,9860.0,10115.0,11,9900.0,9905.0,0.0,0.0,0.0,0.0,11
2023-05-09 22:44:24,nr2311,nr2311,9900.0,0.0,0.0,0.0,1,9860.0,10110.0,2,9900.0,9905.0,0.0,0.0,0.0,0.0,11
2023-05-09 22:44:25,nr2311,nr2311,9900.0,0.0,0.0,0.0,1,9860.0,10110.0,2,9900.0,9905.0,0.0,0.0,0.0,0.0,11
2023-05-09 22:44:26,nr2311,nr2311,9900.0,0.0,0.0,0.0,1,9860.0,10105.0,11,9900.0,9905.0,0.0,0.0,0.0,0.0,11
2023-05-09 22:45:03,nr2311,nr2311,9900.0,0.0,0.0,0.0,1,9860.0,10105.0,11,9900.0,9905.0,0.0,0.0,0.0,0.0,11
2023-05-09 22:45:07,nr2311,nr2311,9900.0,0.0,0.0,0.0,1,9860.0,10100.0,2,9900.0,9905.0,0.0,0.0,0.0,0.0,11
2023-05-09 22:45:07,nr2311,nr2311,9900.0,0.0,0.0,0.0,1,9860.0,10095.0,1,9900.0,9905.0,0.0,0.0,0.0,0.0,11
2023-05-09 22:45:08,nr2311,nr2311,9900.0,0.0,0.0,0.0,1,9860.0,10095.0,1,9900.0,9905.0,0.0,0.0,0.0,0.0,11
2023-05-09 22:45:08,nr2311,nr2311,9900.0,0.0,0.0,0.0,1,9860.0,10090.0,6,9900.0,9905.0,0.0,0.0,0.0,0.0,11
2023-05-09 22:45:46,nr2311,nr2311,9900.0,0.0,0.0,0.0,1,9860.0,10090.0,6,9900.0,9905.0,0.0,0.0,0.0,0.0,11
2023-05-09 22:45:49,nr2311,nr2311,9900.0,0.0,0.0,0.0,1,9860.0,10085.0,2,9900.0,9905.0,0.0,0.0,0.0,0.0,11
2023-05-09 22:45:50,nr2311,nr2311,9900.0,0.0,0.0,0.0,1,9860.0,10085.0,2,9900.0,9905.0,0.0,0.0,0.0,0.0,11
2023-05-09 22:45:51,nr2311,nr2311,9900.0,0.0,0.0,0.0,1,9860.0,10080.0,6,9900.0,9905.0,0.0,0.0,0.0,0.0,11
2023-05-09 22:46:28,nr2311,nr2311,9900.0,0.0,0.0,0.0,1,9860.0,10080.0,6,9900.0,9905.0,0.0,0.0,0.0,0.0,11
2023-05-09 22:46:32,nr2311,nr2311,9900.0,0.0,0.0,0.0,1,9860.0,10075.0,2,9900.0,9905.0,0.0,0.0,0.0,0.0,11
2023-05-09 22:46:33,nr2311,nr2311,9900.0,0.0,0.0,0.0,1,9860.0,10070.0,1,9900.0,9905.0,0.0,0.0,0.0,0.0,11
2023-05-09 22:46:37,nr2311,nr2311,9900.0,0.0,0.0,0.0,1,9860.0,10070.0,1,9900.0,9905.0,0.0,0.0,0.0,0.0,11
2023-05-09 22:46:37,nr2311,nr2311,9900.0,0.0,0.0,0.0,1,9860.0,10065.0,2,9900.0,9905.0,0.0,0.0,0.0,0.0,11
2023-05-09 22:46:42,nr2311,nr2311,9900.0,0.0,0.0,0.0,1,9860.0,10065.0,2,9900.0,9905.0,0.0,0.0,0.0,0.0,11
2023-05-09 22:46:42,nr2311,nr2311,9900.0,0.0,0.0,0.0,1,9860.0,10060.0,4,9900.0,9905.0,0.0,0.0,0.0,0.0,11
2023-05-09 22:46:43,nr2311,nr2311,9900.0,0.0,0.0,0.0,1,9860.0,10060.0,4,9900.0,9905.0,0.0,0.0,0.0,0.0,11
2023-05-09 22:46:43,nr2311,nr2311,9900.0,0.0,0.0,0.0,1,9860.0,10055.0,2,9900.0,9905.0,0.0,0.0,0.0,0.0,11
2023-05-09 22:46:45,nr2311,nr2311,9900.0,0.0,0.0,0.0,1,9860.0,10055.0,2,9900.0,9905.0,0.0,0.0,0.0,0.0,11
2023-05-09 22:46:45,nr2311,nr2311,9900.0,0.0,0.0,0.0,1,9860.0,10050.0,4,9900.0,9905.0,0.0,0.0,0.0,0.0,11
2023-05-09 22:46:46,nr2311,nr2311,9900.0,0.0,0.0,0.0,1,9860.0,10050.0,4,9900.0,9905.0,0.0,0.0,0.0,0.0,11
2023-05-09 22:46:46,nr2311,nr2311,9900.0,0.0,0.0,0.0,1,9860.0,10045.0,2,9900.0,9905.0,0.0,0.0,0.0,0.0,11
2023-05-09 22:46:52,nr2311,nr2311,9900.0,0.0,0.0,0.0,1,9860.0,10045.0,2,9900.0,9905.0,0.0,0.0,0.0,0.0,11
2023-05-09 22:46:52,nr2311,nr2311,9900.0,0.0,0.0,0.0,1,9860.0,10040.0,4,9900.0,9905.0,0.0,0.0,0.0,0.0,11
2023-05-09 22:46:53,nr2311,nr2311,9900.0,0.0,0.0,0.0,1,9860.0,10040.0,5,9900.0,9905.0,0.0,0.0,0.0,0.0,11
2023-05-09 22:46:58,nr2311,nr2311,9900.0,0.0,0.0,0.0,1,9860.0,10040.0,5,9900.0,9905.0,0.0,0.0,0.0,0.0,11
2023-05-09 22:46:59,nr2311,nr2311,9900.0,0.0,0.0,0.0,1,9860.0,10035.0,2,9900.0,9905.0,0.0,0.0,0.0,0.0,11
2023-05-09 22:47:04,nr2311,nr2311,9900.0,0.0,0.0,0.0,1,9860.0,10035.0,2,9900.0,9905.0,0.0,0.0,0.0,0.0,11
2023-05-09 22:47:05,nr2311,nr2311,9900.0,0.0,0.0,0.0,1,9860.0,10030.0,4,9900.0,9905.0,0.0,0.0,0.0,0.0,11
2023-05-09 22:47:05,nr2311,nr2311,9900.0,0.0,0.0,0.0,1,9860.0,10030.0,4,9900.0,9905.0,0.0,0.0,0.0,0.0,11
2023-05-09 22:47:06,nr2311,nr2311,9900.0,0.0,0.0,0.0,1,9860.0,10025.0,1,9900.0,9905.0,0.0,0.0,0.0,0.0,11
2023-05-09 22:47:11,nr2311,nr2311,9900.0,0.0,0.0,0.0,1,9860.0,10025.0,1,9900.0,9905.0,0.0,0.0,0.0,0.0,11
2023-05-09 22:47:11,nr2311,nr2311,9900.0,0.0,0.0,0.0,1,9860.0,10020.0,3,9900.0,9905.0,0.0,0.0,0.0,0.0,11
2023-05-09 22:47:12,nr2311,nr2311,9900.0,0.0,0.0,0.0,1,9860.0,10020.0,3,9900.0,9905.0,0.0,0.0,0.0,0.0,11
2023-05-09 22:47:12,nr2311,nr2311,9900.0,0.0,0.0,0.0,1,9860.0,10015.0,1,9900.0,9905.0,0.0,0.0,0.0,0.0,11
2023-05-09 22:47:15,nr2311,nr2311,9900.0,0.0,0.0,0.0,1,9860.0,10010.0,2,9900.0,9905.0,0.0,0.0,0.0,0.0,11
2023-05-09 22:47:17,nr2311,nr2311,9900.0,0.0,0.0,0.0,1,9860.0,10010.0,2,9900.0,9905.0,0.0,0.0,0.0,0.0,11
2023-05-09 22:47:17,nr2311,nr2311,9900.0,0.0,0.0,0.0,1,9860.0,10005.0,1,9900.0,9905.0,0.0,0.0,0.0,0.0,11
2023-05-09 22:47:18,nr2311,nr2311,9900.0,0.0,0.0,0.0,1,9860.0,10000.0,3,9900.0,9905.0,0.0,0.0,0.0,0.0,11
2023-05-09 22:47:18,nr2311,nr2311,9900.0,0.0,0.0,0.0,1,9860.0,10000.0,3,9900.0,9905.0,0.0,0.0,0.0,0.0,11
2023-05-09 22:47:19,nr2311,nr2311,9900.0,0.0,0.0,0.0,1,9860.0,9995.0,1,9900.0,9905.0,0.0,0.0,0.0,0.0,11
2023-05-09 22:47:24,nr2311,nr2311,9900.0,0.0,0.0,0.0,1,9860.0,9995.0,1,9900.0,9905.0,0.0,0.0,0.0,0.0,11
2023-05-09 22:47:24,nr2311,nr2311,9900.0,0.0,0.0,0.0,1,9860.0,9990.0,1,9900.0,9905.0,0.0,0.0,0.0,0.0,11
2023-05-09 22:47:25,nr2311,nr2311,9900.0,0.0,0.0,0.0,1,9860.0,9990.0,1,9900.0,9905.0,0.0,0.0,0.0,0.0,11
2023-05-09 22:47:25,nr2311,nr2311,9900.0,0.0,0.0,0.0,1,9860.0,9985.0,1,9900.0,9905.0,0.0,0.0,0.0,0.0,11
2023-05-09 22:47:28,nr2311,nr2311,9900.0,0.0,0.0,0.0,1,9860.0,9985.0,1,9900.0,9905.0,0.0,0.0,0.0,0.0,11
2023-05-09 22:47:28,nr2311,nr2311,9900.0,0.0,0.0,0.0,1,9860.0,9980.0,1,9900.0,9905.0,0.0,0.0,0.0,0.0,11
2023-05-09 22:47:34,nr2311,nr2311,9900.0,0.0,0.0,0.0,1,9860.0,9980.0,1,9900.0,9905.0,0.0,0.0,0.0,0.0,11
2023-05-09 22:47:35,nr2311,nr2311,9900.0,0.0,0.0,0.0,1,9860.0,9975.0,1,9900.0,9905.0,0.0,0.0,0.0,0.0,11
2023-05-09 22:47:40,nr2311,nr2311,9900.0,0.0,0.0,0.0,1,9860.0,9975.0,1,9900.0,9905.0,0.0,0.0,0.0,0.0,11
2023-05-09 22:47:41,nr2311,nr2311,9900.0,0.0,0.0,0.0,1,9860.0,9970.0,1,9900.0,9905.0,0.0,0.0,0.0,0.0,11
2023-05-09 22:47:47,nr2311,nr2311,9900.0,0.0,0.0,0.0,1,9860.0,9970.0,1,9900.0,9905.0,0.0,0.0,0.0,0.0,11
2023-05-09 22:47:47,nr2311,nr2311,9900.0,0.0,0.0,0.0,1,9860.0,9965.0,1,9900.0,9905.0,0.0,0.0,0.0,0.0,11
2023-05-09 22:47:51,nr2311,nr2311,9900.0,0.0,0.0,0.0,1,9860.0,9965.0,1,9900.0,9905.0,0.0,0.0,0.0,0.0,11
2023-05-09 22:47:51,nr2311,nr2311,9900.0,0.0,0.0,0.0,1,9860.0,9960.0,1,9900.0,9905.0,0.0,0.0,0.0,0.0,11
2023-05-09 22:47:53,nr2311,nr2311,9900.0,0.0,0.0,0.0,1,9860.0,9960.0,1,9900.0,9905.0,0.0,0.0,0.0,0.0,11
2023-05-09 22:47:56,nr2311,nr2311,9900.0,0.0,0.0,0.0,1,9860.0,9960.0,1,9900.0,9905.0,0.0,0.0,0.0,0.0,11
2023-05-09 22:47:58,nr2311,nr2311,9900.0,0.0,0.0,0.0,1,9860.0,9955.0,2,9900.0,9905.0,0.0,0.0,0.0,0.0,11
2023-05-09 22:47:59,nr2311,nr2311,9900.0,0.0,0.0,0.0,1,9860.0,9955.0,2,9900.0,9905.0,0.0,0.0,0.0,0.0,11
2023-05-09 22:48:00,nr2311,nr2311,9900.0,0.0,0.0,0.0,1,9860.0,9955.0,3,9900.0,9905.0,0.0,0.0,0.0,0.0,11
2023-05-09 22:48:47,nr2311,nr2311,9900.0,0.0,0.0,0.0,1,9860.0,9955.0,3,9900.0,9905.0,0.0,0.0,0.0,0.0,11
2023-05-09 22:48:48,nr2311,nr2311,9900.0,0.0,0.0,0.0,1,9860.0,9955.0,2,9900.0,9905.0,0.0,0.0,0.0,0.0,11
2023-05-09 22:50:52,nr2311,nr2311,9900.0,0.0,0.0,0.0,1,9860.0,9955.0,3,9900.0,9905.0,0.0,0.0,0.0,0.0,11
2023-05-09 22:52:57,nr2311,nr2311,9900.0,0.0,0.0,0.0,1,9860.0,9955.0,1,9900.0,9905.0,0.0,0.0,0.0,0.0,11
2023-05-09 22:53:38,nr2311,nr2311,9900.0,0.0,0.0,0.0,1,9860.0,9950.0,2,9900.0,9905.0,0.0,0.0,0.0,0.0,11
2023-05-09 22:55:13,nr2311,nr2311,9900.0,0.0,0.0,0.0,1,9860.0,9950.0,2,9900.0,9905.0,0.0,0.0,0.0,0.0,11
2023-05-09 22:57:03,nr2311,nr2311,9900.0,0.0,0.0,0.0,1,9860.0,10040.0,1,9900.0,9905.0,0.0,0.0,0.0,0.0,11
2023-05-09 22:57:04,nr2311,nr2311,9900.0,0.0,0.0,0.0,1,9860.0,10035.0,5,9900.0,9905.0,0.0,0.0,0.0,0.0,11
2023-05-09 22:57:04,nr2311,nr2311,9900.0,0.0,0.0,0.0,1,9860.0,10035.0,6,9900.0,9905.0,0.0,0.0,0.0,0.0,11
2023-05-09 22:57:11,nr2311,nr2311,9900.0,0.0,0.0,0.0,1,9860.0,10030.0,2,9900.0,9905.0,0.0,0.0,0.0,0.0,11
2023-05-09 22:57:12,nr2311,nr2311,9900.0,0.0,0.0,0.0,1,9860.0,10030.0,2,9900.0,9905.0,0.0,0.0,0.0,0.0,11
2023-05-09 22:57:12,nr2311,nr2311,9900.0,0.0,0.0,0.0,1,9860.0,10025.0,4,9900.0,9905.0,0.0,0.0,0.0,0.0,11
2023-05-09 22:57:16,nr2311,nr2311,9900.0,0.0,0.0,0.0,1,9860.0,10025.0,4,9900.0,9905.0,0.0,0.0,0.0,0.0,11
2023-05-09 22:57:17,nr2311,nr2311,9900.0,0.0,0.0,0.0,1,9860.0,10020.0,1,9900.0,9905.0,0.0,0.0,0.0,0.0,11
2023-05-09 22:57:18,nr2311,nr2311,9900.0,0.0,0.0,0.0,1,9860.0,10020.0,1,9900.0,9905.0,0.0,0.0,0.0,0.0,11
2023-05-09 22:57:19,nr2311,nr2311,9900.0,0.0,0.0,0.0,1,9860.0,10015.0,4,9900.0,9905.0,0.0,0.0,0.0,0.0,11
2023-05-09 22:57:23,nr2311,nr2311,9900.0,0.0,0.0,0.0,1,9860.0,10015.0,4,9900.0,9905.0,0.0,0.0,0.0,0.0,11
2023-05-09 22:57:23,nr2311,nr2311,9900.0,0.0,0.0,0.0,1,9860.0,10010.0,1,9900.0,9905.0,0.0,0.0,0.0,0.0,11
2023-05-09 22:57:25,nr2311,nr2311,9900.0,0.0,0.0,0.0,1,9860.0,10010.0,1,9900.0,9905.0,0.0,0.0,0.0,0.0,11
2023-05-09 22:57:25,nr2311,nr2311,9900.0,0.0,0.0,0.0,1,9860.0,10005.0,1,9900.0,9905.0,0.0,0.0,0.0,0.0,11
2023-05-09 22:57:27,nr2311,nr2311,9900.0,0.0,0.0,0.0,1,9860.0,10005.0,1,9900.0,9905.0,0.0,0.0,0.0,0.0,11
2023-05-09 22:57:28,nr2311,nr2311,9900.0,0.0,0.0,0.0,1,9860.0,10000.0,1,9900.0,9905.0,0.0,0.0,0.0,0.0,11
2023-05-09 22:57:28,nr2311,nr2311,9900.0,0.0,0.0,0.0,1,9860.0,10000.0,1,9900.0,9905.0,0.0,0.0,0.0,0.0,11
2023-05-09 22:57:29,nr2311,nr2311,9900.0,0.0,0.0,0.0,1,9860.0,9995.0,1,9900.0,9905.0,0.0,0.0,0.0,0.0,11
2023-05-09 22:57:34,nr2311,nr2311,9900.0,0.0,0.0,0.0,1,9860.0,9995.0,1,9900.0,9905.0,0.0,0.0,0.0,0.0,11
2023-05-09 22:57:35,nr2311,nr2311,9900.0,0.0,0.0,0.0,1,9860.0,9990.0,1,9900.0,9905.0,0.0,0.0,0.0,0.0,11
