time,symbol_id,symbol_name,last,trade_volume,trade_amount,open_interest_change,bv1,bp1,ap1,av1,yesterday_close,today_open,today_high,today_low,volume,amount,open_interest
2023-05-10 09:29:00,IF2312,IF2312,3985.0,1.0,1195500.0,0.0,1,3984.8,3986.0,1,3987.4,3985.0,3985.0,3985.0,1.0,1195500.0,5487
2023-05-10 09:30:00,IF2312,IF2312,3986.6,3.0,3587760.0,-1.0,1,3985.8,3987.4,1,3987.4,3985.0,3986.6,3985.0,4.0,4783260.0,5486
2023-05-10 09:30:00,IF2312,IF2312,3986.6,0.0,0.0,0.0,2,3984.8,3986.8,1,3987.4,3985.0,3986.6,3985.0,4.0,4783260.0,5486
2023-05-10 09:30:01,IF2312,IF2312,3986.6,0.0,0.0,0.0,1,3985.2,3987.0,1,3987.4,3985.0,3986.6,3985.0,4.0,4783260.0,5486
2023-05-10 09:30:01,IF2312,IF2312,3985.0,1.0,1195500.0,0.0,2,3984.8,3986.8,2,3987.4,3985.0,3986.6,3985.0,5.0,5978760.0,5486
2023-05-10 09:30:02,IF2312,IF2312,3985.0,0.0,0.0,0.0,1,3984.8,3986.6,2,3987.4,3985.0,3986.6,3985.0,5.0,5978760.0,5486
2023-05-10 09:30:02,IF2312,IF2312,3984.8,1.0,1195440.0,0.0,1,3981.8,3984.8,1,3987.4,3985.0,3986.6,3984.8,6.0,7174200.0,5486
2023-05-10 09:30:03,IF2312,IF2312,3984.8,2.0,2390880.0,-1.0,1,3984.0,3986.4,3,3987.4,3985.0,3986.6,3984.8,8.0,9565080.0,5485
2023-05-10 09:30:03,IF2312,IF2312,3984.8,0.0,0.0,0.0,1,3984.0,3986.2,1,3987.4,3985.0,3986.6,3984.8,8.0,9565080.0,5485
2023-05-10 09:30:04,IF2312,IF2312,3984.8,0.0,0.0,0.0,1,3985.0,3986.0,2,3987.4,3985.0,3986.6,3984.8,8.0,9565080.0,5485
2023-05-10 09:30:04,IF2312,IF2312,3986.4,2.0,2391780.0,-2.0,1,3984.4,3986.6,1,3987.4,3985.0,3986.6,3984.8,10.0,11956860.0,5483
2023-05-10 09:30:05,IF2312,IF2312,3986.4,0.0,0.0,0.0,1,3986.8,3988.6,1,3987.4,3985.0,3986.6,3984.8,10.0,11956860.0,5483
2023-05-10 09:30:05,IF2312,IF2312,3987.2,1.0,1196160.0,0.0,1,3987.0,3988.4,4,3987.4,3985.0,3987.2,3984.8,11.0,13153020.0,5483
2023-05-10 09:30:06,IF2312,IF2312,3987.2,1.0,1196160.0,-1.0,1,3988.0,3988.2,1,3987.4,3985.0,3987.2,3984.8,12.0,14349180.0,5482
2023-05-10 09:30:06,IF2312,IF2312,3988.0,1.0,1196400.0,0.0,1,3985.0,3988.0,1,3987.4,3985.0,3988.0,3984.8,13.0,15545580.0,5482
2023-05-10 09:30:07,IF2312,IF2312,3988.0,2.0,2392800.0,-2.0,1,3985.6,3987.8,1,3987.4,3985.0,3988.0,3984.8,15.0,17938380.0,5480
2023-05-10 09:30:07,IF2312,IF2312,3987.8,1.0,1196340.0,-1.0,1,3985.8,3988.4,2,3987.4,3985.0,3988.0,3984.8,16.0,19134720.0,5479
2023-05-10 09:30:08,IF2312,IF2312,3987.8,0.0,0.0,0.0,2,3986.0,3988.2,1,3987.4,3985.0,3988.0,3984.8,16.0,19134720.0,5479
2023-05-10 09:30:08,IF2312,IF2312,3987.8,0.0,0.0,0.0,1,3986.2,3988.0,5,3987.4,3985.0,3988.0,3984.8,16.0,19134720.0,5479
2023-05-10 09:30:09,IF2312,IF2312,3986.4,1.0,1195920.0,-1.0,1,3986.2,3987.8,1,3987.4,3985.0,3988.0,3984.8,17.0,20330640.0,5478
2023-05-10 09:30:09,IF2312,IF2312,3985.8,2.0,2391600.0,-2.0,1,3981.8,3987.6,5,3987.4,3985.0,3988.0,3984.8,19.0,22722240.0,5476
2023-05-10 09:30:10,IF2312,IF2312,3985.8,0.0,0.0,0.0,2,3984.0,3987.4,1,3987.4,3985.0,3988.0,3984.8,19.0,22722240.0,5476
2023-05-10 09:30:10,IF2312,IF2312,3985.8,0.0,0.0,0.0,1,3984.8,3986.8,1,3987.4,3985.0,3988.0,3984.8,19.0,22722240.0,5476
2023-05-10 09:30:11,IF2312,IF2312,3985.8,0.0,0.0,0.0,2,3984.2,3986.6,1,3987.4,3985.0,3988.0,3984.8,19.0,22722240.0,5476
2023-05-10 09:30:11,IF2312,IF2312,3985.8,0.0,0.0,0.0,1,3984.4,3986.4,1,3987.4,3985.0,3988.0,3984.8,19.0,22722240.0,5476
2023-05-10 09:30:12,IF2312,IF2312,3985.8,0.0,0.0,0.0,1,3984.8,3986.8,1,3987.4,3985.0,3988.0,3984.8,19.0,22722240.0,5476
2023-05-10 09:30:12,IF2312,IF2312,3985.8,0.0,0.0,0.0,1,3985.2,3987.4,1,3987.4,3985.0,3988.0,3984.8,19.0,22722240.0,5476
2023-05-10 09:30:13,IF2312,IF2312,3987.2,1.0,1196160.0,-1.0,2,3985.4,3987.4,1,3987.4,3985.0,3988.0,3984.8,20.0,23918400.0,5475
2023-05-10 09:30:13,IF2312,IF2312,3985.4,1.0,1195620.0,-1.0,1,3985.6,3986.8,1,3987.4,3985.0,3988.0,3984.8,21.0,25114020.0,5474
2023-05-10 09:30:14,IF2312,IF2312,3985.6,1.0,1195680.0,-1.0,1,3983.2,3986.6,2,3987.4,3985.0,3988.0,3984.8,22.0,26309700.0,5473
2023-05-10 09:30:14,IF2312,IF2312,3985.6,0.0,0.0,0.0,1,3984.4,3986.4,2,3987.4,3985.0,3988.0,3984.8,22.0,26309700.0,5473
2023-05-10 09:30:15,IF2312,IF2312,3985.6,0.0,0.0,0.0,1,3985.4,3986.4,2,3987.4,3985.0,3988.0,3984.8,22.0,26309700.0,5473
2023-05-10 09:30:15,IF2312,IF2312,3985.4,1.0,1195620.0,-1.0,1,3984.6,3986.4,2,3987.4,3985.0,3988.0,3984.8,23.0,27505320.0,5472
2023-05-10 09:30:16,IF2312,IF2312,3985.4,0.0,0.0,0.0,1,3984.6,3986.4,1,3987.4,3985.0,3988.0,3984.8,23.0,27505320.0,5472
2023-05-10 09:30:16,IF2312,IF2312,3985.4,0.0,0.0,0.0,1,3984.8,3986.6,1,3987.4,3985.0,3988.0,3984.8,23.0,27505320.0,5472
2023-05-10 09:30:17,IF2312,IF2312,3985.4,0.0,0.0,0.0,1,3985.0,3986.6,1,3987.4,3985.0,3988.0,3984.8,23.0,27505320.0,5472
2023-05-10 09:30:17,IF2312,IF2312,3985.4,0.0,0.0,0.0,1,3985.0,3986.8,1,3987.4,3985.0,3988.0,3984.8,23.0,27505320.0,5472
2023-05-10 09:30:18,IF2312,IF2312,3985.4,0.0,0.0,0.0,2,3985.2,3988.0,2,3987.4,3985.0,3988.0,3984.8,23.0,27505320.0,5472
2023-05-10 09:30:19,IF2312,IF2312,3985.4,0.0,0.0,0.0,1,3985.4,3987.4,1,3987.4,3985.0,3988.0,3984.8,23.0,27505320.0,5472
2023-05-10 09:30:19,IF2312,IF2312,3985.4,0.0,0.0,0.0,1,3985.4,3986.8,1,3987.4,3985.0,3988.0,3984.8,23.0,27505320.0,5472
2023-05-10 09:30:20,IF2312,IF2312,3985.4,0.0,0.0,0.0,1,3984.8,3986.6,1,3987.4,3985.0,3988.0,3984.8,23.0,27505320.0,5472
2023-05-10 09:30:21,IF2312,IF2312,3985.4,0.0,0.0,0.0,1,3984.0,3986.4,2,3987.4,3985.0,3988.0,3984.8,23.0,27505320.0,5472
2023-05-10 09:30:21,IF2312,IF2312,3985.4,0.0,0.0,0.0,1,3984.4,3986.2,4,3987.4,3985.0,3988.0,3984.8,23.0,27505320.0,5472
2023-05-10 09:30:22,IF2312,IF2312,3985.4,0.0,0.0,0.0,1,3984.6,3986.6,2,3987.4,3985.0,3988.0,3984.8,23.0,27505320.0,5472
2023-05-10 09:30:22,IF2312,IF2312,3985.4,0.0,0.0,0.0,2,3984.8,3987.2,1,3987.4,3985.0,3988.0,3984.8,23.0,27505320.0,5472
2023-05-10 09:30:23,IF2312,IF2312,3987.2,2.0,2392320.0,-2.0,1,3985.4,3987.8,1,3987.4,3985.0,3988.0,3984.8,25.0,29897640.0,5470
2023-05-10 09:30:23,IF2312,IF2312,3987.8,1.0,1196340.0,-1.0,3,3985.6,3988.6,1,3987.4,3985.0,3988.0,3984.8,26.0,31093980.0,5469
2023-05-10 09:30:24,IF2312,IF2312,3987.8,0.0,0.0,0.0,1,3986.2,3988.2,1,3987.4,3985.0,3988.0,3984.8,26.0,31093980.0,5469
2023-05-10 09:30:24,IF2312,IF2312,3987.8,0.0,0.0,0.0,1,3986.2,3988.0,1,3987.4,3985.0,3988.0,3984.8,26.0,31093980.0,5469
2023-05-10 09:30:25,IF2312,IF2312,3987.8,0.0,0.0,0.0,1,3986.4,3988.0,1,3987.4,3985.0,3988.0,3984.8,26.0,31093980.0,5469
2023-05-10 09:30:25,IF2312,IF2312,3987.8,0.0,0.0,0.0,1,3986.6,3988.0,1,3987.4,3985.0,3988.0,3984.8,26.0,31093980.0,5469
2023-05-10 09:30:26,IF2312,IF2312,3987.8,0.0,0.0,0.0,1,3986.8,3988.4,1,3987.4,3985.0,3988.0,3984.8,26.0,31093980.0,5469
2023-05-10 09:30:26,IF2312,IF2312,3987.8,0.0,0.0,0.0,1,3986.8,3988.2,1,3987.4,3985.0,3988.0,3984.8,26.0,31093980.0,5469
2023-05-10 09:30:27,IF2312,IF2312,3986.6,2.0,2392020.0,-2.0,1,3986.4,3988.4,1,3987.4,3985.0,3988.0,3984.8,28.0,33486000.0,5467
2023-05-10 09:30:27,IF2312,IF2312,3986.6,0.0,0.0,0.0,1,3986.0,3988.2,2,3987.4,3985.0,3988.0,3984.8,28.0,33486000.0,5467
2023-05-10 09:30:28,IF2312,IF2312,3986.0,2.0,2391660.0,-2.0,1,3985.6,3988.0,2,3987.4,3985.0,3988.0,3984.8,30.0,35877660.0,5465
2023-05-10 09:30:28,IF2312,IF2312,3986.0,0.0,0.0,0.0,1,3984.8,3987.8,1,3987.4,3985.0,3988.0,3984.8,30.0,35877660.0,5465
2023-05-10 09:30:29,IF2312,IF2312,3986.0,0.0,0.0,0.0,1,3984.0,3986.8,1,3987.4,3985.0,3988.0,3984.8,30.0,35877660.0,5465
2023-05-10 09:30:29,IF2312,IF2312,3986.0,0.0,0.0,0.0,1,3984.4,3986.6,3,3987.4,3985.0,3988.0,3984.8,30.0,35877660.0,5465
2023-05-10 09:30:30,IF2312,IF2312,3986.6,2.0,2391900.0,-2.0,1,3984.6,3986.6,2,3987.4,3985.0,3988.0,3984.8,32.0,38269560.0,5463
2023-05-10 09:30:30,IF2312,IF2312,3986.6,2.0,2391960.0,-2.0,2,3984.6,3986.6,1,3987.4,3985.0,3988.0,3984.8,34.0,40661520.0,5461
2023-05-10 09:30:31,IF2312,IF2312,3986.6,0.0,0.0,0.0,1,3984.8,3986.6,1,3987.4,3985.0,3988.0,3984.8,34.0,40661520.0,5461
2023-05-10 09:30:31,IF2312,IF2312,3986.6,0.0,0.0,0.0,1,3985.0,3986.6,1,3987.4,3985.0,3988.0,3984.8,34.0,40661520.0,5461
2023-05-10 09:30:32,IF2312,IF2312,3986.6,0.0,0.0,0.0,1,3984.8,3986.6,1,3987.4,3985.0,3988.0,3984.8,34.0,40661520.0,5461
2023-05-10 09:30:33,IF2312,IF2312,3986.6,0.0,0.0,0.0,1,3985.0,3986.6,1,3987.4,3985.0,3988.0,3984.8,34.0,40661520.0,5461
2023-05-10 09:30:33,IF2312,IF2312,3986.6,0.0,0.0,0.0,1,3984.8,3986.6,1,3987.4,3985.0,3988.0,3984.8,34.0,40661520.0,5461
2023-05-10 09:30:34,IF2312,IF2312,3986.6,0.0,0.0,0.0,1,3985.0,3986.4,1,3987.4,3985.0,3988.0,3984.8,34.0,40661520.0,5461
2023-05-10 09:30:35,IF2312,IF2312,3986.6,0.0,0.0,0.0,1,3985.2,3986.4,1,3987.4,3985.0,3988.0,3984.8,34.0,40661520.0,5461
2023-05-10 09:30:36,IF2312,IF2312,3986.6,0.0,0.0,0.0,1,3985.2,3986.8,1,3987.4,3985.0,3988.0,3984.8,34.0,40661520.0,5461
2023-05-10 09:30:37,IF2312,IF2312,3986.6,0.0,0.0,0.0,1,3985.0,3986.6,1,3987.4,3985.0,3988.0,3984.8,34.0,40661520.0,5461
2023-05-10 09:30:39,IF2312,IF2312,3984.8,1.0,1195440.0,-1.0,2,3984.6,3986.6,1,3987.4,3985.0,3988.0,3984.8,35.0,41856960.0,5460
2023-05-10 09:30:39,IF2312,IF2312,3984.8,1.0,1195440.0,-1.0,1,3984.2,3986.0,1,3987.4,3985.0,3988.0,3984.8,36.0,43052400.0,5459
2023-05-10 09:30:40,IF2312,IF2312,3984.2,1.0,1195260.0,0.0,2,3984.0,3985.8,2,3987.4,3985.0,3988.0,3984.2,37.0,44247660.0,5459
2023-05-10 09:30:40,IF2312,IF2312,3984.0,1.0,1195200.0,0.0,2,3984.6,3985.6,1,3987.4,3985.0,3988.0,3984.0,38.0,45442860.0,5459
2023-05-10 09:30:41,IF2312,IF2312,3984.6,2.0,2390760.0,-2.0,1,3981.8,3985.6,1,3987.4,3985.0,3988.0,3984.0,40.0,47833620.0,5457
2023-05-10 09:30:41,IF2312,IF2312,3984.6,0.0,0.0,0.0,1,3983.0,3985.6,1,3987.4,3985.0,3988.0,3984.0,40.0,47833620.0,5457
2023-05-10 09:30:42,IF2312,IF2312,3984.6,0.0,0.0,0.0,2,3983.2,3985.6,1,3987.4,3985.0,3988.0,3984.0,40.0,47833620.0,5457
2023-05-10 09:30:42,IF2312,IF2312,3984.6,0.0,0.0,0.0,1,3983.4,3985.6,1,3987.4,3985.0,3988.0,3984.0,40.0,47833620.0,5457
2023-05-10 09:30:43,IF2312,IF2312,3984.6,0.0,0.0,0.0,1,3984.0,3985.6,1,3987.4,3985.0,3988.0,3984.0,40.0,47833620.0,5457
2023-05-10 09:30:43,IF2312,IF2312,3984.6,0.0,0.0,0.0,2,3984.2,3985.8,1,3987.4,3985.0,3988.0,3984.0,40.0,47833620.0,5457
2023-05-10 09:30:44,IF2312,IF2312,3984.6,0.0,0.0,0.0,1,3984.2,3985.6,1,3987.4,3985.0,3988.0,3984.0,40.0,47833620.0,5457
2023-05-10 09:30:44,IF2312,IF2312,3984.6,0.0,0.0,0.0,1,3984.2,3985.8,1,3987.4,3985.0,3988.0,3984.0,40.0,47833620.0,5457
2023-05-10 09:30:45,IF2312,IF2312,3984.2,1.0,1195260.0,-1.0,1,3983.6,3985.2,1,3987.4,3985.0,3988.0,3984.0,41.0,49028880.0,5456
2023-05-10 09:30:45,IF2312,IF2312,3984.2,0.0,0.0,0.0,1,3983.4,3984.8,1,3987.4,3985.0,3988.0,3984.0,41.0,49028880.0,5456
2023-05-10 09:30:47,IF2312,IF2312,3984.2,0.0,0.0,0.0,1,3982.0,3984.8,1,3987.4,3985.0,3988.0,3984.0,41.0,49028880.0,5456
2023-05-10 09:30:48,IF2312,IF2312,3984.2,0.0,0.0,0.0,1,3982.6,3984.4,1,3987.4,3985.0,3988.0,3984.0,41.0,49028880.0,5456
2023-05-10 09:30:48,IF2312,IF2312,3984.2,0.0,0.0,0.0,2,3982.8,3984.2,1,3987.4,3985.0,3988.0,3984.0,41.0,49028880.0,5456
2023-05-10 09:30:49,IF2312,IF2312,3984.2,0.0,0.0,0.0,1,3983.0,3984.2,1,3987.4,3985.0,3988.0,3984.0,41.0,49028880.0,5456
2023-05-10 09:30:50,IF2312,IF2312,3984.2,0.0,0.0,0.0,1,3983.2,3984.6,1,3987.4,3985.0,3988.0,3984.0,41.0,49028880.0,5456
2023-05-10 09:30:50,IF2312,IF2312,3984.2,0.0,0.0,0.0,1,3983.2,3984.4,1,3987.4,3985.0,3988.0,3984.0,41.0,49028880.0,5456
2023-05-10 09:30:51,IF2312,IF2312,3984.2,0.0,0.0,0.0,1,3983.0,3984.4,1,3987.4,3985.0,3988.0,3984.0,41.0,49028880.0,5456
2023-05-10 09:30:51,IF2312,IF2312,3982.8,2.0,2389680.0,-2.0,1,3982.8,3984.0,1,3987.4,3985.0,3988.0,3982.8,43.0,51418560.0,5454
2023-05-10 09:30:52,IF2312,IF2312,3982.8,0.0,0.0,0.0,1,3982.8,3983.8,2,3987.4,3985.0,3988.0,3982.8,43.0,51418560.0,5454
2023-05-10 09:30:53,IF2312,IF2312,3984.0,3.0,3585480.0,-3.0,1,3982.8,3984.2,1,3987.4,3985.0,3988.0,3982.8,46.0,55004040.0,5451
2023-05-10 09:30:53,IF2312,IF2312,3984.0,0.0,0.0,0.0,1,3983.2,3984.4,1,3987.4,3985.0,3988.0,3982.8,46.0,55004040.0,5451
2023-05-10 09:30:54,IF2312,IF2312,3984.0,0.0,0.0,0.0,1,3983.4,3985.0,1,3987.4,3985.0,3988.0,3982.8,46.0,55004040.0,5451
2023-05-10 09:30:55,IF2312,IF2312,3984.0,0.0,0.0,0.0,1,3983.2,3984.6,1,3987.4,3985.0,3988.0,3982.8,46.0,55004040.0,5451
2023-05-10 09:30:55,IF2312,IF2312,3984.0,0.0,0.0,0.0,1,3983.0,3984.4,1,3987.4,3985.0,3988.0,3982.8,46.0,55004040.0,5451
2023-05-10 09:30:56,IF2312,IF2312,3984.0,0.0,0.0,0.0,1,3982.8,3983.2,2,3987.4,3985.0,3988.0,3982.8,46.0,55004040.0,5451
2023-05-10 09:30:57,IF2312,IF2312,3983.2,2.0,2389920.0,-2.0,1,3982.8,3984.2,1,3987.4,3985.0,3988.0,3982.8,48.0,57393960.0,5449
2023-05-10 09:30:57,IF2312,IF2312,3983.2,0.0,0.0,0.0,1,3982.8,3984.0,1,3987.4,3985.0,3988.0,3982.8,48.0,57393960.0,5449
2023-05-10 09:30:59,IF2312,IF2312,3982.8,1.0,1194840.0,-1.0,1,3981.8,3983.4,1,3987.4,3985.0,3988.0,3982.8,49.0,58588800.0,5448
2023-05-10 09:30:59,IF2312,IF2312,3982.8,0.0,0.0,0.0,2,3982.0,3983.4,1,3987.4,3985.0,3988.0,3982.8,49.0,58588800.0,5448
2023-05-10 09:31:00,IF2312,IF2312,3981.8,3.0,3583740.0,-2.0,4,3980.0,3982.8,2,3987.4,3985.0,3988.0,3981.8,52.0,62172540.0,5446
2023-05-10 09:31:00,IF2312,IF2312,3981.8,0.0,0.0,0.0,1,3980.8,3982.6,3,3987.4,3985.0,3988.0,3981.8,52.0,62172540.0,5446
2023-05-10 09:31:01,IF2312,IF2312,3980.0,7.0,8358540.0,-3.0,1,3979.0,3982.4,1,3987.4,3985.0,3988.0,3980.0,59.0,70531080.0,5443
2023-05-10 09:31:01,IF2312,IF2312,3980.0,0.0,0.0,0.0,2,3981.0,3981.4,1,3987.4,3985.0,3988.0,3980.0,59.0,70531080.0,5443
2023-05-10 09:31:02,IF2312,IF2312,3981.0,2.0,2388600.0,-2.0,1,3979.4,3981.2,2,3987.4,3985.0,3988.0,3980.0,61.0,72919680.0,5441
2023-05-10 09:31:02,IF2312,IF2312,3981.0,0.0,0.0,0.0,1,3979.0,3980.8,2,3987.4,3985.0,3988.0,3980.0,61.0,72919680.0,5441
2023-05-10 09:31:03,IF2312,IF2312,3981.0,0.0,0.0,0.0,1,3979.4,3980.6,3,3987.4,3985.0,3988.0,3980.0,61.0,72919680.0,5441
2023-05-10 09:31:03,IF2312,IF2312,3981.0,0.0,0.0,0.0,1,3979.0,3980.6,2,3987.4,3985.0,3988.0,3980.0,61.0,72919680.0,5441
2023-05-10 09:31:04,IF2312,IF2312,3979.0,1.0,1193700.0,1.0,1,3978.8,3979.4,2,3987.4,3985.0,3988.0,3979.0,62.0,74113380.0,5442
2023-05-10 09:31:04,IF2312,IF2312,3978.8,1.0,1193640.0,0.0,4,3977.0,3979.0,1,3987.4,3985.0,3988.0,3978.8,63.0,75307020.0,5442
2023-05-10 09:31:05,IF2312,IF2312,3978.8,0.0,0.0,0.0,1,3977.4,3979.4,2,3987.4,3985.0,3988.0,3978.8,63.0,75307020.0,5442
2023-05-10 09:31:05,IF2312,IF2312,3978.8,0.0,0.0,0.0,1,3978.6,3979.0,1,3987.4,3985.0,3988.0,3978.8,63.0,75307020.0,5442
2023-05-10 09:31:06,IF2312,IF2312,3978.6,1.0,1193580.0,0.0,4,3977.0,3978.4,1,3987.4,3985.0,3988.0,3978.6,64.0,76500600.0,5442
2023-05-10 09:31:06,IF2312,IF2312,3978.6,0.0,0.0,0.0,4,3977.0,3978.2,2,3987.4,3985.0,3988.0,3978.6,64.0,76500600.0,5442
2023-05-10 09:31:07,IF2312,IF2312,3978.6,0.0,0.0,0.0,4,3977.0,3978.2,1,3987.4,3985.0,3988.0,3978.6,64.0,76500600.0,5442
2023-05-10 09:31:08,IF2312,IF2312,3977.0,4.0,4772460.0,-1.0,1,3977.0,3978.0,1,3987.4,3985.0,3988.0,3977.0,68.0,81273060.0,5441
2023-05-10 09:31:08,IF2312,IF2312,3977.0,0.0,0.0,0.0,1,3977.0,3977.6,1,3987.4,3985.0,3988.0,3977.0,68.0,81273060.0,5441
2023-05-10 09:31:09,IF2312,IF2312,3977.0,1.0,1193100.0,0.0,1,3976.8,3977.6,1,3987.4,3985.0,3988.0,3977.0,69.0,82466160.0,5441
2023-05-10 09:31:09,IF2312,IF2312,3976.8,1.0,1193040.0,0.0,1,3975.8,3977.4,4,3987.4,3985.0,3988.0,3976.8,70.0,83659200.0,5441
2023-05-10 09:31:10,IF2312,IF2312,3977.4,4.0,4772880.0,-1.0,1,3975.8,3977.6,1,3987.4,3985.0,3988.0,3976.8,74.0,88432080.0,5440
2023-05-10 09:31:10,IF2312,IF2312,3977.4,0.0,0.0,0.0,1,3976.2,3977.6,1,3987.4,3985.0,3988.0,3976.8,74.0,88432080.0,5440
2023-05-10 09:31:11,IF2312,IF2312,3977.4,0.0,0.0,0.0,1,3976.4,3978.4,1,3987.4,3985.0,3988.0,3976.8,74.0,88432080.0,5440
2023-05-10 09:31:11,IF2312,IF2312,3977.4,0.0,0.0,0.0,1,3978.0,3978.2,1,3987.4,3985.0,3988.0,3976.8,74.0,88432080.0,5440
2023-05-10 09:31:12,IF2312,IF2312,3978.2,2.0,2386860.0,-1.0,1,3976.6,3978.8,2,3987.4,3985.0,3988.0,3976.8,76.0,90818940.0,5439
2023-05-10 09:31:12,IF2312,IF2312,3978.2,0.0,0.0,0.0,2,3976.8,3978.6,1,3987.4,3985.0,3988.0,3976.8,76.0,90818940.0,5439
2023-05-10 09:31:13,IF2312,IF2312,3978.2,0.0,0.0,0.0,1,3977.0,3978.6,1,3987.4,3985.0,3988.0,3976.8,76.0,90818940.0,5439
2023-05-10 09:31:14,IF2312,IF2312,3978.2,0.0,0.0,0.0,1,3977.0,3978.2,1,3987.4,3985.0,3988.0,3976.8,76.0,90818940.0,5439
2023-05-10 09:31:14,IF2312,IF2312,3978.2,1.0,1193460.0,0.0,1,3976.8,3978.8,1,3987.4,3985.0,3988.0,3976.8,77.0,92012400.0,5439
2023-05-10 09:31:15,IF2312,IF2312,3978.8,1.0,1193640.0,-1.0,1,3977.0,3978.4,1,3987.4,3985.0,3988.0,3976.8,78.0,93206040.0,5438
2023-05-10 09:31:15,IF2312,IF2312,3977.0,3.0,3579780.0,-3.0,1,3976.8,3977.0,3,3987.4,3985.0,3988.0,3976.8,81.0,96785820.0,5435
2023-05-10 09:31:16,IF2312,IF2312,3978.6,4.0,4772880.0,-3.0,1,3977.2,3985.6,1,3987.4,3985.0,3988.0,3976.8,85.0,101558700.0,5432
2023-05-10 09:31:16,IF2312,IF2312,3978.6,0.0,0.0,0.0,1,3978.2,3980.4,1,3987.4,3985.0,3988.0,3976.8,85.0,101558700.0,5432
2023-05-10 09:31:17,IF2312,IF2312,3977.2,2.0,2386380.0,-2.0,1,3977.0,3978.0,1,3987.4,3985.0,3988.0,3976.8,87.0,103945080.0,5430
2023-05-10 09:31:17,IF2312,IF2312,3976.8,2.0,2386200.0,-2.0,2,3976.8,3978.0,1,3987.4,3985.0,3988.0,3976.8,89.0,106331280.0,5428
2023-05-10 09:31:18,IF2312,IF2312,3976.8,0.0,0.0,0.0,1,3977.0,3979.6,1,3987.4,3985.0,3988.0,3976.8,89.0,106331280.0,5428
2023-05-10 09:31:18,IF2312,IF2312,3976.8,0.0,0.0,0.0,1,3977.0,3979.2,1,3987.4,3985.0,3988.0,3976.8,89.0,106331280.0,5428
2023-05-10 09:31:19,IF2312,IF2312,3976.8,0.0,0.0,0.0,1,3977.0,3979.0,3,3987.4,3985.0,3988.0,3976.8,89.0,106331280.0,5428
2023-05-10 09:31:19,IF2312,IF2312,3976.8,2.0,2386080.0,-2.0,1,3975.8,3977.6,1,3987.4,3985.0,3988.0,3976.8,91.0,108717360.0,5426
2023-05-10 09:31:20,IF2312,IF2312,3977.2,1.0,1193160.0,-1.0,1,3976.0,3977.0,1,3987.4,3985.0,3988.0,3976.8,92.0,109910520.0,5425
2023-05-10 09:31:21,IF2312,IF2312,3977.2,0.0,0.0,0.0,1,3976.0,3976.8,1,3987.4,3985.0,3988.0,3976.8,92.0,109910520.0,5425
2023-05-10 09:31:21,IF2312,IF2312,3977.2,0.0,0.0,0.0,1,3975.8,3976.8,1,3987.4,3985.0,3988.0,3976.8,92.0,109910520.0,5425
2023-05-10 09:31:22,IF2312,IF2312,3975.8,1.0,1192740.0,0.0,4,3975.0,3976.8,1,3987.4,3985.0,3988.0,3975.8,93.0,111103260.0,5425
2023-05-10 09:31:23,IF2312,IF2312,3975.0,4.0,4770000.0,-1.0,1,3972.8,3976.6,2,3987.4,3985.0,3988.0,3975.0,97.0,115873260.0,5424
2023-05-10 09:31:23,IF2312,IF2312,3975.0,0.0,0.0,0.0,1,3975.0,3976.4,1,3987.4,3985.0,3988.0,3975.0,97.0,115873260.0,5424
2023-05-10 09:31:24,IF2312,IF2312,3975.0,1.0,1192500.0,0.0,1,3974.2,3976.2,1,3987.4,3985.0,3988.0,3975.0,98.0,117065760.0,5424
2023-05-10 09:31:24,IF2312,IF2312,3975.0,0.0,0.0,0.0,1,3974.2,3976.0,2,3987.4,3985.0,3988.0,3975.0,98.0,117065760.0,5424
2023-05-10 09:31:25,IF2312,IF2312,3975.0,0.0,0.0,0.0,1,3974.4,3976.0,2,3987.4,3985.0,3988.0,3975.0,98.0,117065760.0,5424
2023-05-10 09:31:25,IF2312,IF2312,3975.0,0.0,0.0,0.0,1,3974.6,3976.0,2,3987.4,3985.0,3988.0,3975.0,98.0,117065760.0,5424
2023-05-10 09:31:26,IF2312,IF2312,3976.0,1.0,1192800.0,0.0,1,3974.2,3976.0,1,3987.4,3985.0,3988.0,3975.0,99.0,118258560.0,5424
2023-05-10 09:31:30,IF2312,IF2312,3974.4,2.0,2385120.0,-1.0,1,3974.2,3976.4,2,3987.4,3985.0,3988.0,3974.4,101.0,120643680.0,5423
2023-05-10 09:31:31,IF2312,IF2312,3974.4,0.0,0.0,0.0,1,3974.6,3977.4,1,3987.4,3985.0,3988.0,3974.4,101.0,120643680.0,5423
2023-05-10 09:31:31,IF2312,IF2312,3974.4,0.0,0.0,0.0,2,3974.8,3977.2,2,3987.4,3985.0,3988.0,3974.4,101.0,120643680.0,5423
2023-05-10 09:31:32,IF2312,IF2312,3974.4,0.0,0.0,0.0,1,3975.2,3977.2,1,3987.4,3985.0,3988.0,3974.4,101.0,120643680.0,5423
2023-05-10 09:31:32,IF2312,IF2312,3974.4,0.0,0.0,0.0,2,3975.4,3976.8,1,3987.4,3985.0,3988.0,3974.4,101.0,120643680.0,5423
2023-05-10 09:31:33,IF2312,IF2312,3974.4,0.0,0.0,0.0,1,3975.4,3976.4,1,3987.4,3985.0,3988.0,3974.4,101.0,120643680.0,5423
2023-05-10 09:31:33,IF2312,IF2312,3974.4,0.0,0.0,0.0,1,3975.4,3977.2,1,3987.4,3985.0,3988.0,3974.4,101.0,120643680.0,5423
2023-05-10 09:31:34,IF2312,IF2312,3974.4,0.0,0.0,0.0,1,3975.0,3976.8,1,3987.4,3985.0,3988.0,3974.4,101.0,120643680.0,5423
2023-05-10 09:31:34,IF2312,IF2312,3974.4,0.0,0.0,0.0,2,3974.4,3976.6,2,3987.4,3985.0,3988.0,3974.4,101.0,120643680.0,5423
2023-05-10 09:31:35,IF2312,IF2312,3974.4,0.0,0.0,0.0,2,3975.0,3976.4,1,3987.4,3985.0,3988.0,3974.4,101.0,120643680.0,5423
2023-05-10 09:31:35,IF2312,IF2312,3974.4,0.0,0.0,0.0,1,3974.6,3976.4,1,3987.4,3985.0,3988.0,3974.4,101.0,120643680.0,5423
2023-05-10 09:31:36,IF2312,IF2312,3974.8,2.0,2385360.0,-2.0,1,3974.6,3976.6,1,3987.4,3985.0,3988.0,3974.4,103.0,123029040.0,5421
2023-05-10 09:31:36,IF2312,IF2312,3974.8,0.0,0.0,0.0,1,3975.0,3977.6,1,3987.4,3985.0,3988.0,3974.4,103.0,123029040.0,5421
2023-05-10 09:31:37,IF2312,IF2312,3974.8,0.0,0.0,0.0,1,3975.2,3977.0,1,3987.4,3985.0,3988.0,3974.4,103.0,123029040.0,5421
2023-05-10 09:31:37,IF2312,IF2312,3974.8,0.0,0.0,0.0,1,3975.2,3976.8,2,3987.4,3985.0,3988.0,3974.4,103.0,123029040.0,5421
2023-05-10 09:31:39,IF2312,IF2312,3974.8,0.0,0.0,0.0,1,3975.2,3976.8,1,3987.4,3985.0,3988.0,3974.4,103.0,123029040.0,5421
2023-05-10 09:31:40,IF2312,IF2312,3974.8,0.0,0.0,0.0,1,3975.2,3977.6,1,3987.4,3985.0,3988.0,3974.4,103.0,123029040.0,5421
2023-05-10 09:31:40,IF2312,IF2312,3974.8,0.0,0.0,0.0,1,3975.2,3977.4,2,3987.4,3985.0,3988.0,3974.4,103.0,123029040.0,5421
2023-05-10 09:31:41,IF2312,IF2312,3975.2,1.0,1192560.0,-1.0,1,3975.6,3977.2,1,3987.4,3985.0,3988.0,3974.4,104.0,124221600.0,5420
2023-05-10 09:31:41,IF2312,IF2312,3977.4,3.0,3579540.0,-2.0,1,3975.8,3977.6,1,3987.4,3985.0,3988.0,3974.4,107.0,127801140.0,5418
2023-05-10 09:31:42,IF2312,IF2312,3977.6,1.0,1193280.0,-1.0,3,3976.0,3979.0,1,3987.4,3985.0,3988.0,3974.4,108.0,128994420.0,5417
2023-05-10 09:31:42,IF2312,IF2312,3977.6,0.0,0.0,0.0,1,3976.4,3978.4,1,3987.4,3985.0,3988.0,3974.4,108.0,128994420.0,5417
2023-05-10 09:31:43,IF2312,IF2312,3977.6,0.0,0.0,0.0,1,3976.0,3978.2,1,3987.4,3985.0,3988.0,3974.4,108.0,128994420.0,5417
2023-05-10 09:31:43,IF2312,IF2312,3977.6,0.0,0.0,0.0,3,3976.2,3978.2,2,3987.4,3985.0,3988.0,3974.4,108.0,128994420.0,5417
2023-05-10 09:31:44,IF2312,IF2312,3977.6,0.0,0.0,0.0,1,3976.4,3978.2,2,3987.4,3985.0,3988.0,3974.4,108.0,128994420.0,5417
2023-05-10 09:31:44,IF2312,IF2312,3977.6,0.0,0.0,0.0,2,3976.8,3978.2,2,3987.4,3985.0,3988.0,3974.4,108.0,128994420.0,5417
2023-05-10 09:31:45,IF2312,IF2312,3977.6,0.0,0.0,0.0,1,3977.0,3978.2,2,3987.4,3985.0,3988.0,3974.4,108.0,128994420.0,5417
2023-05-10 09:31:45,IF2312,IF2312,3977.6,0.0,0.0,0.0,1,3976.6,3978.0,2,3987.4,3985.0,3988.0,3974.4,108.0,128994420.0,5417
2023-05-10 09:31:46,IF2312,IF2312,3978.0,1.0,1193400.0,0.0,1,3978.2,3979.0,1,3987.4,3985.0,3988.0,3974.4,109.0,130187820.0,5417
2023-05-10 09:31:46,IF2312,IF2312,3978.2,1.0,1193460.0,-1.0,1,3975.8,3978.4,1,3987.4,3985.0,3988.0,3974.4,110.0,131381280.0,5416
2023-05-10 09:31:47,IF2312,IF2312,3978.2,0.0,0.0,0.0,1,3976.6,3979.0,1,3987.4,3985.0,3988.0,3974.4,110.0,131381280.0,5416
2023-05-10 09:31:47,IF2312,IF2312,3978.2,0.0,0.0,0.0,1,3976.8,3978.8,2,3987.4,3985.0,3988.0,3974.4,110.0,131381280.0,5416
2023-05-10 09:31:48,IF2312,IF2312,3978.2,0.0,0.0,0.0,1,3977.0,3978.8,2,3987.4,3985.0,3988.0,3974.4,110.0,131381280.0,5416
2023-05-10 09:31:49,IF2312,IF2312,3978.2,0.0,0.0,0.0,1,3977.2,3978.8,1,3987.4,3985.0,3988.0,3974.4,110.0,131381280.0,5416
2023-05-10 09:31:50,IF2312,IF2312,3979.0,2.0,2387340.0,-2.0,1,3977.6,3979.4,1,3987.4,3985.0,3988.0,3974.4,112.0,133768620.0,5414
2023-05-10 09:31:50,IF2312,IF2312,3979.0,0.0,0.0,0.0,1,3977.8,3979.4,1,3987.4,3985.0,3988.0,3974.4,112.0,133768620.0,5414
2023-05-10 09:31:51,IF2312,IF2312,3979.0,0.0,0.0,0.0,1,3978.0,3985.4,2,3987.4,3985.0,3988.0,3974.4,112.0,133768620.0,5414
2023-05-10 09:31:51,IF2312,IF2312,3979.0,0.0,0.0,0.0,1,3979.0,3980.8,2,3987.4,3985.0,3988.0,3974.4,112.0,133768620.0,5414
2023-05-10 09:31:52,IF2312,IF2312,3979.0,0.0,0.0,0.0,1,3978.2,3980.4,1,3987.4,3985.0,3988.0,3974.4,112.0,133768620.0,5414
2023-05-10 09:31:52,IF2312,IF2312,3979.0,0.0,0.0,0.0,1,3978.4,3980.2,1,3987.4,3985.0,3988.0,3974.4,112.0,133768620.0,5414
2023-05-10 09:31:53,IF2312,IF2312,3979.0,0.0,0.0,0.0,1,3978.2,3980.2,2,3987.4,3985.0,3988.0,3974.4,112.0,133768620.0,5414
2023-05-10 09:31:53,IF2312,IF2312,3979.0,0.0,0.0,0.0,1,3978.2,3979.8,1,3987.4,3985.0,3988.0,3974.4,112.0,133768620.0,5414
2023-05-10 09:31:54,IF2312,IF2312,3979.0,0.0,0.0,0.0,1,3978.2,3979.6,2,3987.4,3985.0,3988.0,3974.4,112.0,133768620.0,5414
2023-05-10 09:31:55,IF2312,IF2312,3979.0,0.0,0.0,0.0,1,3978.2,3979.6,1,3987.4,3985.0,3988.0,3974.4,112.0,133768620.0,5414
2023-05-10 09:31:56,IF2312,IF2312,3979.0,0.0,0.0,0.0,1,3978.4,3979.6,1,3987.4,3985.0,3988.0,3974.4,112.0,133768620.0,5414
2023-05-10 09:31:56,IF2312,IF2312,3979.6,1.0,1193880.0,0.0,2,3978.6,3980.2,1,3987.4,3985.0,3988.0,3974.4,113.0,134962500.0,5414
2023-05-10 09:31:57,IF2312,IF2312,3979.6,0.0,0.0,0.0,2,3978.6,3981.4,1,3987.4,3985.0,3988.0,3974.4,113.0,134962500.0,5414
2023-05-10 09:31:57,IF2312,IF2312,3979.6,0.0,0.0,0.0,2,3978.6,3981.2,3,3987.4,3985.0,3988.0,3974.4,113.0,134962500.0,5414
2023-05-10 09:31:59,IF2312,IF2312,3979.6,0.0,0.0,0.0,2,3978.8,3981.2,3,3987.4,3985.0,3988.0,3974.4,113.0,134962500.0,5414
2023-05-10 09:31:59,IF2312,IF2312,3979.6,0.0,0.0,0.0,1,3979.4,3981.2,3,3987.4,3985.0,3988.0,3974.4,113.0,134962500.0,5414
2023-05-10 09:32:01,IF2312,IF2312,3979.6,0.0,0.0,0.0,1,3979.4,3981.2,1,3987.4,3985.0,3988.0,3974.4,113.0,134962500.0,5414
2023-05-10 09:32:02,IF2312,IF2312,3981.2,1.0,1194360.0,0.0,1,3979.4,3982.4,1,3987.4,3985.0,3988.0,3974.4,114.0,136156860.0,5414
2023-05-10 09:32:02,IF2312,IF2312,3981.2,0.0,0.0,0.0,1,3979.6,3981.0,1,3987.4,3985.0,3988.0,3974.4,114.0,136156860.0,5414
2023-05-10 09:32:03,IF2312,IF2312,3979.4,2.0,2387700.0,0.0,1,3979.0,3981.0,1,3987.4,3985.0,3988.0,3974.4,116.0,138544560.0,5414
2023-05-10 09:32:03,IF2312,IF2312,3979.4,0.0,0.0,0.0,1,3979.0,3980.8,1,3987.4,3985.0,3988.0,3974.4,116.0,138544560.0,5414
2023-05-10 09:32:05,IF2312,IF2312,3979.4,0.0,0.0,0.0,1,3979.0,3981.0,1,3987.4,3985.0,3988.0,3974.4,116.0,138544560.0,5414
2023-05-10 09:32:05,IF2312,IF2312,3979.4,0.0,0.0,0.0,1,3979.0,3980.8,1,3987.4,3985.0,3988.0,3974.4,116.0,138544560.0,5414
2023-05-10 09:32:06,IF2312,IF2312,3980.8,2.0,2387940.0,-1.0,2,3978.6,3982.0,1,3987.4,3985.0,3988.0,3974.4,118.0,140932500.0,5413
2023-05-10 09:32:07,IF2312,IF2312,3978.6,2.0,2387160.0,-1.0,1,3978.4,3981.4,1,3987.4,3985.0,3988.0,3974.4,120.0,143319660.0,5412
2023-05-10 09:32:07,IF2312,IF2312,3978.4,1.0,1193520.0,-1.0,1,3978.2,3980.6,2,3987.4,3985.0,3988.0,3974.4,121.0,144513180.0,5411
2023-05-10 09:32:08,IF2312,IF2312,3978.4,0.0,0.0,0.0,1,3975.8,3980.2,1,3987.4,3985.0,3988.0,3974.4,121.0,144513180.0,5411
2023-05-10 09:32:08,IF2312,IF2312,3978.4,0.0,0.0,0.0,2,3977.0,3979.8,1,3987.4,3985.0,3988.0,3974.4,121.0,144513180.0,5411
2023-05-10 09:32:09,IF2312,IF2312,3978.4,0.0,0.0,0.0,1,3977.4,3979.6,2,3987.4,3985.0,3988.0,3974.4,121.0,144513180.0,5411
2023-05-10 09:32:09,IF2312,IF2312,3978.4,0.0,0.0,0.0,1,3977.8,3980.0,1,3987.4,3985.0,3988.0,3974.4,121.0,144513180.0,5411
2023-05-10 09:32:10,IF2312,IF2312,3980.2,1.0,1194060.0,-1.0,1,3978.4,3982.4,1,3987.4,3985.0,3988.0,3974.4,122.0,145707240.0,5410
2023-05-10 09:32:10,IF2312,IF2312,3980.2,0.0,0.0,0.0,1,3978.8,3982.0,1,3987.4,3985.0,3988.0,3974.4,122.0,145707240.0,5410
2023-05-10 09:32:11,IF2312,IF2312,3980.2,0.0,0.0,0.0,2,3979.0,3981.4,1,3987.4,3985.0,3988.0,3974.4,122.0,145707240.0,5410
2023-05-10 09:32:11,IF2312,IF2312,3980.2,0.0,0.0,0.0,2,3979.0,3981.2,1,3987.4,3985.0,3988.0,3974.4,122.0,145707240.0,5410
2023-05-10 09:32:12,IF2312,IF2312,3980.2,0.0,0.0,0.0,1,3977.6,3980.8,1,3987.4,3985.0,3988.0,3974.4,122.0,145707240.0,5410
2023-05-10 09:32:12,IF2312,IF2312,3980.2,0.0,0.0,0.0,2,3978.2,3980.6,1,3987.4,3985.0,3988.0,3974.4,122.0,145707240.0,5410
2023-05-10 09:32:13,IF2312,IF2312,3980.6,2.0,2388360.0,-1.0,1,3978.6,3981.0,1,3987.4,3985.0,3988.0,3974.4,124.0,148095600.0,5409
2023-05-10 09:32:13,IF2312,IF2312,3980.6,0.0,0.0,0.0,1,3978.6,3980.8,1,3987.4,3985.0,3988.0,3974.4,124.0,148095600.0,5409
2023-05-10 09:32:14,IF2312,IF2312,3980.8,1.0,1194240.0,0.0,2,3979.0,3982.2,1,3987.4,3985.0,3988.0,3974.4,125.0,149289840.0,5409
2023-05-10 09:32:14,IF2312,IF2312,3980.8,0.0,0.0,0.0,1,3979.4,3982.0,1,3987.4,3985.0,3988.0,3974.4,125.0,149289840.0,5409
2023-05-10 09:32:15,IF2312,IF2312,3980.8,0.0,0.0,0.0,1,3979.4,3982.0,2,3987.4,3985.0,3988.0,3974.4,125.0,149289840.0,5409
2023-05-10 09:32:15,IF2312,IF2312,3980.8,0.0,0.0,0.0,2,3979.8,3982.0,2,3987.4,3985.0,3988.0,3974.4,125.0,149289840.0,5409
2023-05-10 09:32:16,IF2312,IF2312,3980.8,0.0,0.0,0.0,2,3980.0,3982.0,2,3987.4,3985.0,3988.0,3974.4,125.0,149289840.0,5409
2023-05-10 09:32:16,IF2312,IF2312,3980.8,0.0,0.0,0.0,2,3980.4,3982.0,2,3987.4,3985.0,3988.0,3974.4,125.0,149289840.0,5409
2023-05-10 09:32:17,IF2312,IF2312,3980.8,0.0,0.0,0.0,1,3979.4,3982.0,2,3987.4,3985.0,3988.0,3974.4,125.0,149289840.0,5409
2023-05-10 09:32:17,IF2312,IF2312,3980.8,0.0,0.0,0.0,2,3979.8,3982.0,2,3987.4,3985.0,3988.0,3974.4,125.0,149289840.0,5409
2023-05-10 09:32:18,IF2312,IF2312,3980.8,0.0,0.0,0.0,3,3980.0,3982.0,2,3987.4,3985.0,3988.0,3974.4,125.0,149289840.0,5409
2023-05-10 09:32:18,IF2312,IF2312,3982.2,3.0,3583860.0,-2.0,2,3980.2,3982.4,1,3987.4,3985.0,3988.0,3974.4,128.0,152873700.0,5407
2023-05-10 09:32:19,IF2312,IF2312,3982.2,0.0,0.0,0.0,2,3981.0,3985.2,2,3987.4,3985.0,3988.0,3974.4,128.0,152873700.0,5407
2023-05-10 09:32:19,IF2312,IF2312,3982.2,0.0,0.0,0.0,1,3981.2,3984.0,1,3987.4,3985.0,3988.0,3974.4,128.0,152873700.0,5407
2023-05-10 09:32:20,IF2312,IF2312,3982.2,0.0,0.0,0.0,1,3981.2,3983.6,1,3987.4,3985.0,3988.0,3974.4,128.0,152873700.0,5407
2023-05-10 09:32:20,IF2312,IF2312,3982.2,0.0,0.0,0.0,1,3981.2,3983.4,1,3987.4,3985.0,3988.0,3974.4,128.0,152873700.0,5407
2023-05-10 09:32:21,IF2312,IF2312,3982.2,0.0,0.0,0.0,1,3981.2,3983.2,1,3987.4,3985.0,3988.0,3974.4,128.0,152873700.0,5407
2023-05-10 09:32:21,IF2312,IF2312,3982.2,0.0,0.0,0.0,1,3981.2,3983.0,2,3987.4,3985.0,3988.0,3974.4,128.0,152873700.0,5407
2023-05-10 09:32:24,IF2312,IF2312,3983.0,1.0,1194900.0,0.0,1,3981.2,3983.0,1,3987.4,3985.0,3988.0,3974.4,129.0,154068600.0,5407
2023-05-10 09:32:25,IF2312,IF2312,3983.0,0.0,0.0,0.0,1,3980.4,3983.0,1,3987.4,3985.0,3988.0,3974.4,129.0,154068600.0,5407
2023-05-10 09:32:25,IF2312,IF2312,3983.0,2.0,2389800.0,1.0,1,3980.4,3983.4,1,3987.4,3985.0,3988.0,3974.4,131.0,156458400.0,5408
2023-05-10 09:32:26,IF2312,IF2312,3983.0,0.0,0.0,0.0,1,3978.8,3982.6,1,3987.4,3985.0,3988.0,3974.4,131.0,156458400.0,5408
2023-05-10 09:32:26,IF2312,IF2312,3983.0,0.0,0.0,0.0,2,3979.0,3982.4,2,3987.4,3985.0,3988.0,3974.4,131.0,156458400.0,5408
2023-05-10 09:32:27,IF2312,IF2312,3983.0,0.0,0.0,0.0,2,3979.0,3982.0,1,3987.4,3985.0,3988.0,3974.4,131.0,156458400.0,5408
2023-05-10 09:32:27,IF2312,IF2312,3983.0,0.0,0.0,0.0,2,3979.4,3981.8,1,3987.4,3985.0,3988.0,3974.4,131.0,156458400.0,5408
2023-05-10 09:32:28,IF2312,IF2312,3983.0,0.0,0.0,0.0,1,3979.6,3981.4,1,3987.4,3985.0,3988.0,3974.4,131.0,156458400.0,5408
2023-05-10 09:32:28,IF2312,IF2312,3983.0,0.0,0.0,0.0,1,3980.0,3981.8,1,3987.4,3985.0,3988.0,3974.4,131.0,156458400.0,5408
2023-05-10 09:32:29,IF2312,IF2312,3983.0,0.0,0.0,0.0,1,3980.2,3981.6,1,3987.4,3985.0,3988.0,3974.4,131.0,156458400.0,5408
2023-05-10 09:32:29,IF2312,IF2312,3983.0,0.0,0.0,0.0,1,3980.0,3981.6,1,3987.4,3985.0,3988.0,3974.4,131.0,156458400.0,5408
2023-05-10 09:32:30,IF2312,IF2312,3981.6,1.0,1194480.0,0.0,1,3980.2,3983.4,1,3987.4,3985.0,3988.0,3974.4,132.0,157652880.0,5408
2023-05-10 09:32:31,IF2312,IF2312,3981.6,0.0,0.0,0.0,1,3980.2,3983.0,2,3987.4,3985.0,3988.0,3974.4,132.0,157652880.0,5408
2023-05-10 09:32:32,IF2312,IF2312,3981.6,0.0,0.0,0.0,1,3980.2,3982.8,2,3987.4,3985.0,3988.0,3974.4,132.0,157652880.0,5408
2023-05-10 09:32:32,IF2312,IF2312,3981.6,0.0,0.0,0.0,1,3979.0,3981.4,1,3987.4,3985.0,3988.0,3974.4,132.0,157652880.0,5408
2023-05-10 09:32:33,IF2312,IF2312,3982.6,3.0,3583740.0,0.0,1,3979.4,3982.8,2,3987.4,3985.0,3988.0,3974.4,135.0,161236620.0,5408
2023-05-10 09:32:33,IF2312,IF2312,3982.6,0.0,0.0,0.0,1,3979.8,3982.2,1,3987.4,3985.0,3988.0,3974.4,135.0,161236620.0,5408
2023-05-10 09:32:34,IF2312,IF2312,3982.6,0.0,0.0,0.0,1,3980.2,3982.0,1,3987.4,3985.0,3988.0,3974.4,135.0,161236620.0,5408
2023-05-10 09:32:34,IF2312,IF2312,3982.6,0.0,0.0,0.0,2,3980.8,3981.8,2,3987.4,3985.0,3988.0,3974.4,135.0,161236620.0,5408
2023-05-10 09:32:35,IF2312,IF2312,3982.6,0.0,0.0,0.0,1,3980.2,3981.6,1,3987.4,3985.0,3988.0,3974.4,135.0,161236620.0,5408
2023-05-10 09:32:35,IF2312,IF2312,3982.6,0.0,0.0,0.0,1,3979.8,3981.6,1,3987.4,3985.0,3988.0,3974.4,135.0,161236620.0,5408
2023-05-10 09:32:36,IF2312,IF2312,3982.6,0.0,0.0,0.0,2,3980.0,3981.4,2,3987.4,3985.0,3988.0,3974.4,135.0,161236620.0,5408
2023-05-10 09:32:36,IF2312,IF2312,3982.6,0.0,0.0,0.0,2,3980.0,3981.2,1,3987.4,3985.0,3988.0,3974.4,135.0,161236620.0,5408
2023-05-10 09:32:37,IF2312,IF2312,3982.6,0.0,0.0,0.0,1,3980.2,3981.6,1,3987.4,3985.0,3988.0,3974.4,135.0,161236620.0,5408
2023-05-10 09:32:37,IF2312,IF2312,3982.6,0.0,0.0,0.0,1,3980.2,3981.4,1,3987.4,3985.0,3988.0,3974.4,135.0,161236620.0,5408
2023-05-10 09:32:38,IF2312,IF2312,3982.6,0.0,0.0,0.0,1,3980.8,3981.4,2,3987.4,3985.0,3988.0,3974.4,135.0,161236620.0,5408
2023-05-10 09:32:38,IF2312,IF2312,3982.0,2.0,2389200.0,0.0,1,3980.8,3981.8,2,3987.4,3985.0,3988.0,3974.4,137.0,163625820.0,5408
2023-05-10 09:32:39,IF2312,IF2312,3982.0,0.0,0.0,0.0,1,3980.8,3981.4,1,3987.4,3985.0,3988.0,3974.4,137.0,163625820.0,5408
2023-05-10 09:32:39,IF2312,IF2312,3982.0,0.0,0.0,0.0,2,3981.0,3981.8,1,3987.4,3985.0,3988.0,3974.4,137.0,163625820.0,5408
2023-05-10 09:32:40,IF2312,IF2312,3980.8,3.0,3582840.0,-2.0,1,3980.2,3981.6,2,3987.4,3985.0,3988.0,3974.4,140.0,167208660.0,5406
2023-05-10 09:32:41,IF2312,IF2312,3980.8,0.0,0.0,0.0,1,3980.2,3981.4,1,3987.4,3985.0,3988.0,3974.4,140.0,167208660.0,5406
2023-05-10 09:32:42,IF2312,IF2312,3980.8,0.0,0.0,0.0,1,3980.2,3981.4,2,3987.4,3985.0,3988.0,3974.4,140.0,167208660.0,5406
2023-05-10 09:32:42,IF2312,IF2312,3980.8,0.0,0.0,0.0,1,3980.2,3981.4,1,3987.4,3985.0,3988.0,3974.4,140.0,167208660.0,5406
2023-05-10 09:32:43,IF2312,IF2312,3980.8,0.0,0.0,0.0,1,3980.2,3981.4,2,3987.4,3985.0,3988.0,3974.4,140.0,167208660.0,5406
2023-05-10 09:32:43,IF2312,IF2312,3981.4,2.0,2388840.0,-1.0,1,3980.2,3981.2,1,3987.4,3985.0,3988.0,3974.4,142.0,169597500.0,5405
2023-05-10 09:32:44,IF2312,IF2312,3980.2,2.0,2388420.0,0.0,1,3980.0,3981.2,1,3987.4,3985.0,3988.0,3974.4,144.0,171985920.0,5405
2023-05-10 09:32:44,IF2312,IF2312,3980.0,1.0,1194000.0,-1.0,1,3979.6,3981.0,2,3987.4,3985.0,3988.0,3974.4,145.0,173179920.0,5404
2023-05-10 09:32:45,IF2312,IF2312,3980.0,0.0,0.0,0.0,1,3979.6,3980.8,2,3987.4,3985.0,3988.0,3974.4,145.0,173179920.0,5404
2023-05-10 09:32:45,IF2312,IF2312,3980.0,0.0,0.0,0.0,1,3979.0,3980.8,2,3987.4,3985.0,3988.0,3974.4,145.0,173179920.0,5404
2023-05-10 09:32:46,IF2312,IF2312,3980.8,2.0,2388480.0,0.0,1,3979.0,3980.6,1,3987.4,3985.0,3988.0,3974.4,147.0,175568400.0,5404
2023-05-10 09:32:46,IF2312,IF2312,3980.8,0.0,0.0,0.0,1,3979.4,3980.6,1,3987.4,3985.0,3988.0,3974.4,147.0,175568400.0,5404
2023-05-10 09:32:47,IF2312,IF2312,3980.8,0.0,0.0,0.0,1,3979.6,3980.6,1,3987.4,3985.0,3988.0,3974.4,147.0,175568400.0,5404
2023-05-10 09:32:48,IF2312,IF2312,3980.8,0.0,0.0,0.0,1,3979.8,3980.6,1,3987.4,3985.0,3988.0,3974.4,147.0,175568400.0,5404
2023-05-10 09:32:49,IF2312,IF2312,3980.8,1.0,1194240.0,0.0,1,3981.0,3981.8,1,3987.4,3985.0,3988.0,3974.4,148.0,176762640.0,5404
2023-05-10 09:32:49,IF2312,IF2312,3981.0,1.0,1194300.0,-1.0,1,3979.8,3981.6,3,3987.4,3985.0,3988.0,3974.4,149.0,177956940.0,5403
2023-05-10 09:32:52,IF2312,IF2312,3981.0,0.0,0.0,0.0,2,3979.8,3981.6,3,3987.4,3985.0,3988.0,3974.4,149.0,177956940.0,5403
2023-05-10 09:32:53,IF2312,IF2312,3981.0,0.0,0.0,0.0,2,3979.8,3981.6,1,3987.4,3985.0,3988.0,3974.4,149.0,177956940.0,5403
2023-05-10 09:32:53,IF2312,IF2312,3981.0,0.0,0.0,0.0,1,3980.2,3981.6,1,3987.4,3985.0,3988.0,3974.4,149.0,177956940.0,5403
2023-05-10 09:32:54,IF2312,IF2312,3981.0,0.0,0.0,0.0,1,3980.6,3981.6,1,3987.4,3985.0,3988.0,3974.4,149.0,177956940.0,5403
2023-05-10 09:32:55,IF2312,IF2312,3981.0,0.0,0.0,0.0,1,3980.4,3981.6,1,3987.4,3985.0,3988.0,3974.4,149.0,177956940.0,5403
2023-05-10 09:32:55,IF2312,IF2312,3981.6,1.0,1194480.0,0.0,1,3980.0,3981.4,2,3987.4,3985.0,3988.0,3974.4,150.0,179151420.0,5403
2023-05-10 09:32:56,IF2312,IF2312,3981.6,0.0,0.0,0.0,1,3980.0,3981.2,1,3987.4,3985.0,3988.0,3974.4,150.0,179151420.0,5403
2023-05-10 09:32:57,IF2312,IF2312,3981.6,0.0,0.0,0.0,2,3980.6,3981.2,1,3987.4,3985.0,3988.0,3974.4,150.0,179151420.0,5403
2023-05-10 09:32:57,IF2312,IF2312,3981.2,1.0,1194360.0,0.0,1,3980.0,3981.8,1,3987.4,3985.0,3988.0,3974.4,151.0,180345780.0,5403
2023-05-10 09:32:58,IF2312,IF2312,3981.2,0.0,0.0,0.0,1,3980.6,3981.6,1,3987.4,3985.0,3988.0,3974.4,151.0,180345780.0,5403
2023-05-10 09:32:58,IF2312,IF2312,3981.6,1.0,1194480.0,0.0,1,3980.6,3981.8,1,3987.4,3985.0,3988.0,3974.4,152.0,181540260.0,5403
2023-05-10 09:32:59,IF2312,IF2312,3981.8,1.0,1194540.0,-1.0,1,3982.0,3982.2,4,3987.4,3985.0,3988.0,3974.4,153.0,182734800.0,5402
2023-05-10 09:32:59,IF2312,IF2312,3982.0,1.0,1194600.0,-1.0,1,3980.8,3982.2,4,3987.4,3985.0,3988.0,3974.4,154.0,183929400.0,5401
2023-05-10 09:33:00,IF2312,IF2312,3982.0,0.0,0.0,0.0,2,3981.0,3982.0,1,3987.4,3985.0,3988.0,3974.4,154.0,183929400.0,5401
2023-05-10 09:33:00,IF2312,IF2312,3982.0,1.0,1194600.0,0.0,1,3981.4,3982.2,4,3987.4,3985.0,3988.0,3974.4,155.0,185124000.0,5401
2023-05-10 09:33:01,IF2312,IF2312,3982.2,4.0,4778640.0,0.0,1,3981.4,3983.4,1,3987.4,3985.0,3988.0,3974.4,159.0,189902640.0,5401
2023-05-10 09:33:01,IF2312,IF2312,3982.2,0.0,0.0,0.0,1,3981.8,3983.2,3,3987.4,3985.0,3988.0,3974.4,159.0,189902640.0,5401
2023-05-10 09:33:02,IF2312,IF2312,3982.2,0.0,0.0,0.0,2,3981.0,3983.2,3,3987.4,3985.0,3988.0,3974.4,159.0,189902640.0,5401
2023-05-10 09:33:03,IF2312,IF2312,3982.2,0.0,0.0,0.0,1,3981.4,3983.2,3,3987.4,3985.0,3988.0,3974.4,159.0,189902640.0,5401
2023-05-10 09:33:03,IF2312,IF2312,3982.2,0.0,0.0,0.0,1,3981.8,3983.2,1,3987.4,3985.0,3988.0,3974.4,159.0,189902640.0,5401
2023-05-10 09:33:04,IF2312,IF2312,3982.2,0.0,0.0,0.0,1,3982.2,3983.2,1,3987.4,3985.0,3988.0,3974.4,159.0,189902640.0,5401
2023-05-10 09:33:04,IF2312,IF2312,3982.2,0.0,0.0,0.0,1,3981.8,3983.2,1,3987.4,3985.0,3988.0,3974.4,159.0,189902640.0,5401
2023-05-10 09:33:05,IF2312,IF2312,3982.2,0.0,0.0,0.0,1,3982.0,3983.2,1,3987.4,3985.0,3988.0,3974.4,159.0,189902640.0,5401
2023-05-10 09:33:05,IF2312,IF2312,3982.2,0.0,0.0,0.0,1,3981.8,3983.2,1,3987.4,3985.0,3988.0,3974.4,159.0,189902640.0,5401
2023-05-10 09:33:06,IF2312,IF2312,3982.2,0.0,0.0,0.0,1,3981.4,3983.0,2,3987.4,3985.0,3988.0,3974.4,159.0,189902640.0,5401
2023-05-10 09:33:06,IF2312,IF2312,3981.4,1.0,1194420.0,-1.0,2,3981.0,3983.0,2,3987.4,3985.0,3988.0,3974.4,160.0,191097060.0,5400
2023-05-10 09:33:07,IF2312,IF2312,3981.4,0.0,0.0,0.0,1,3979.8,3982.8,4,3987.4,3985.0,3988.0,3974.4,160.0,191097060.0,5400
2023-05-10 09:33:07,IF2312,IF2312,3981.4,0.0,0.0,0.0,1,3980.0,3982.8,4,3987.4,3985.0,3988.0,3974.4,160.0,191097060.0,5400
2023-05-10 09:33:08,IF2312,IF2312,3981.4,0.0,0.0,0.0,1,3979.8,3982.8,4,3987.4,3985.0,3988.0,3974.4,160.0,191097060.0,5400
2023-05-10 09:33:08,IF2312,IF2312,3982.8,5.0,5973780.0,2.0,3,3982.8,3983.0,2,3987.4,3985.0,3988.0,3974.4,165.0,197070840.0,5402
2023-05-10 09:33:09,IF2312,IF2312,3982.8,3.0,3584520.0,0.0,1,3979.8,3982.6,13,3987.4,3985.0,3988.0,3974.4,168.0,200655360.0,5402
2023-05-10 09:33:09,IF2312,IF2312,3982.8,0.0,0.0,0.0,1,3980.6,3982.4,1,3987.4,3985.0,3988.0,3974.4,168.0,200655360.0,5402
2023-05-10 09:33:10,IF2312,IF2312,3982.8,0.0,0.0,0.0,1,3980.8,3982.4,2,3987.4,3985.0,3988.0,3974.4,168.0,200655360.0,5402
2023-05-10 09:33:10,IF2312,IF2312,3982.8,0.0,0.0,0.0,1,3981.0,3982.4,2,3987.4,3985.0,3988.0,3974.4,168.0,200655360.0,5402
2023-05-10 09:33:11,IF2312,IF2312,3982.4,2.0,2389440.0,-1.0,1,3981.0,3982.8,1,3987.4,3985.0,3988.0,3974.4,170.0,203044800.0,5401
2023-05-10 09:33:12,IF2312,IF2312,3982.4,0.0,0.0,0.0,1,3981.4,3983.2,1,3987.4,3985.0,3988.0,3974.4,170.0,203044800.0,5401
2023-05-10 09:33:12,IF2312,IF2312,3983.2,1.0,1194960.0,-1.0,1,3981.8,3987.4,1,3987.4,3985.0,3988.0,3974.4,171.0,204239760.0,5400
2023-05-10 09:33:13,IF2312,IF2312,3983.2,0.0,0.0,0.0,1,3982.2,3984.0,1,3987.4,3985.0,3988.0,3974.4,171.0,204239760.0,5400
2023-05-10 09:33:13,IF2312,IF2312,3983.2,0.0,0.0,0.0,1,3982.6,3985.8,1,3987.4,3985.0,3988.0,3974.4,171.0,204239760.0,5400
2023-05-10 09:33:14,IF2312,IF2312,3983.2,0.0,0.0,0.0,1,3982.8,3983.8,1,3987.4,3985.0,3988.0,3974.4,171.0,204239760.0,5400
2023-05-10 09:33:14,IF2312,IF2312,3983.2,0.0,0.0,0.0,2,3983.0,3983.8,1,3987.4,3985.0,3988.0,3974.4,171.0,204239760.0,5400
2023-05-10 09:33:15,IF2312,IF2312,3983.8,1.0,1195140.0,0.0,2,3983.0,3985.4,1,3987.4,3985.0,3988.0,3974.4,172.0,205434900.0,5400
2023-05-10 09:33:15,IF2312,IF2312,3983.8,0.0,0.0,0.0,1,3983.2,3985.2,3,3987.4,3985.0,3988.0,3974.4,172.0,205434900.0,5400
2023-05-10 09:33:16,IF2312,IF2312,3983.8,0.0,0.0,0.0,2,3983.4,3985.2,3,3987.4,3985.0,3988.0,3974.4,172.0,205434900.0,5400
2023-05-10 09:33:16,IF2312,IF2312,3983.8,0.0,0.0,0.0,1,3983.6,3985.2,1,3987.4,3985.0,3988.0,3974.4,172.0,205434900.0,5400
2023-05-10 09:33:17,IF2312,IF2312,3983.8,0.0,0.0,0.0,1,3984.0,3985.2,1,3987.4,3985.0,3988.0,3974.4,172.0,205434900.0,5400
2023-05-10 09:33:17,IF2312,IF2312,3983.8,0.0,0.0,0.0,1,3985.0,3985.2,1,3987.4,3985.0,3988.0,3974.4,172.0,205434900.0,5400
2023-05-10 09:33:18,IF2312,IF2312,3985.2,1.0,1195560.0,0.0,1,3985.0,3987.4,1,3987.4,3985.0,3988.0,3974.4,173.0,206630460.0,5400
2023-05-10 09:33:18,IF2312,IF2312,3985.2,0.0,0.0,0.0,2,3985.2,3986.6,2,3987.4,3985.0,3988.0,3974.4,173.0,206630460.0,5400
2023-05-10 09:33:19,IF2312,IF2312,3985.2,0.0,0.0,0.0,1,3985.4,3986.4,1,3987.4,3985.0,3988.0,3974.4,173.0,206630460.0,5400
2023-05-10 09:33:20,IF2312,IF2312,3986.4,1.0,1195920.0,0.0,2,3985.6,3987.2,1,3987.4,3985.0,3988.0,3974.4,174.0,207826380.0,5400
2023-05-10 09:33:21,IF2312,IF2312,3986.4,0.0,0.0,0.0,1,3985.8,3986.2,1,3987.4,3985.0,3988.0,3974.4,174.0,207826380.0,5400
2023-05-10 09:33:21,IF2312,IF2312,3986.4,0.0,0.0,0.0,1,3985.6,3986.2,1,3987.4,3985.0,3988.0,3974.4,174.0,207826380.0,5400
2023-05-10 09:33:24,IF2312,IF2312,3986.4,1.0,1195920.0,0.0,1,3985.6,3986.6,1,3987.4,3985.0,3988.0,3974.4,175.0,209022300.0,5400
2023-05-10 09:33:24,IF2312,IF2312,3986.6,1.0,1195980.0,-1.0,1,3985.6,3986.4,1,3987.4,3985.0,3988.0,3974.4,176.0,210218280.0,5399
2023-05-10 09:33:25,IF2312,IF2312,3986.4,1.0,1195920.0,0.0,1,3985.6,3987.2,1,3987.4,3985.0,3988.0,3974.4,177.0,211414200.0,5399
2023-05-10 09:33:25,IF2312,IF2312,3986.4,0.0,0.0,0.0,1,3985.8,3987.2,1,3987.4,3985.0,3988.0,3974.4,177.0,211414200.0,5399
2023-05-10 09:33:26,IF2312,IF2312,3986.4,0.0,0.0,0.0,1,3985.6,3987.2,1,3987.4,3985.0,3988.0,3974.4,177.0,211414200.0,5399
2023-05-10 09:33:27,IF2312,IF2312,3986.4,0.0,0.0,0.0,1,3985.8,3987.0,1,3987.4,3985.0,3988.0,3974.4,177.0,211414200.0,5399
2023-05-10 09:33:27,IF2312,IF2312,3986.4,0.0,0.0,0.0,1,3986.2,3987.0,1,3987.4,3985.0,3988.0,3974.4,177.0,211414200.0,5399
2023-05-10 09:33:28,IF2312,IF2312,3987.0,1.0,1196100.0,0.0,1,3986.0,3986.8,1,3987.4,3985.0,3988.0,3974.4,178.0,212610300.0,5399
2023-05-10 09:33:28,IF2312,IF2312,3987.0,1.0,1196100.0,0.0,2,3986.2,3999.8,2,3987.4,3985.0,3988.0,3974.4,179.0,213806400.0,5399
2023-05-10 09:33:29,IF2312,IF2312,3987.0,0.0,0.0,0.0,1,3986.4,3986.8,1,3987.4,3985.0,3988.0,3974.4,179.0,213806400.0,5399
2023-05-10 09:33:29,IF2312,IF2312,3988.4,2.0,2392560.0,-2.0,3,3986.6,3989.0,1,3987.4,3985.0,3988.4,3974.4,181.0,216198960.0,5397
2023-05-10 09:33:30,IF2312,IF2312,3989.0,1.0,1196700.0,0.0,3,3986.6,3988.8,3,3987.4,3985.0,3989.0,3974.4,182.0,217395660.0,5397
2023-05-10 09:33:30,IF2312,IF2312,3989.0,0.0,0.0,0.0,3,3986.6,3988.4,1,3987.4,3985.0,3989.0,3974.4,182.0,217395660.0,5397
2023-05-10 09:33:31,IF2312,IF2312,3986.6,3.0,3587940.0,-2.0,1,3986.4,3987.4,1,3987.4,3985.0,3989.0,3974.4,185.0,220983600.0,5395
2023-05-10 09:33:31,IF2312,IF2312,3986.4,1.0,1195920.0,-1.0,1,3986.0,3987.2,2,3987.4,3985.0,3989.0,3974.4,186.0,222179520.0,5394
2023-05-10 09:33:32,IF2312,IF2312,3986.4,0.0,0.0,0.0,1,3986.0,3987.2,3,3987.4,3985.0,3989.0,3974.4,186.0,222179520.0,5394
2023-05-10 09:33:33,IF2312,IF2312,3986.4,0.0,0.0,0.0,1,3986.0,3987.2,1,3987.4,3985.0,3989.0,3974.4,186.0,222179520.0,5394
2023-05-10 09:33:33,IF2312,IF2312,3986.0,1.0,1195800.0,-1.0,2,3985.2,3987.0,2,3987.4,3985.0,3989.0,3974.4,187.0,223375320.0,5393
2023-05-10 09:33:34,IF2312,IF2312,3986.0,0.0,0.0,0.0,1,3985.4,3987.0,2,3987.4,3985.0,3989.0,3974.4,187.0,223375320.0,5393
2023-05-10 09:33:34,IF2312,IF2312,3986.0,0.0,0.0,0.0,1,3985.4,3986.8,1,3987.4,3985.0,3989.0,3974.4,187.0,223375320.0,5393
2023-05-10 09:33:35,IF2312,IF2312,3986.0,0.0,0.0,0.0,2,3985.2,3986.8,1,3987.4,3985.0,3989.0,3974.4,187.0,223375320.0,5393
2023-05-10 09:33:35,IF2312,IF2312,3986.0,0.0,0.0,0.0,2,3985.2,3986.6,3,3987.4,3985.0,3989.0,3974.4,187.0,223375320.0,5393
2023-05-10 09:33:36,IF2312,IF2312,3986.0,0.0,0.0,0.0,2,3985.2,3986.6,5,3987.4,3985.0,3989.0,3974.4,187.0,223375320.0,5393
2023-05-10 09:33:36,IF2312,IF2312,3985.2,1.0,1195560.0,0.0,1,3985.2,3986.4,1,3987.4,3985.0,3989.0,3974.4,188.0,224570880.0,5393
2023-05-10 09:33:37,IF2312,IF2312,3985.2,1.0,1195560.0,0.0,1,3985.0,3986.4,1,3987.4,3985.0,3989.0,3974.4,189.0,225766440.0,5393
2023-05-10 09:33:38,IF2312,IF2312,3985.2,0.0,0.0,0.0,1,3982.0,3986.4,1,3987.4,3985.0,3989.0,3974.4,189.0,225766440.0,5393
2023-05-10 09:33:38,IF2312,IF2312,3985.2,0.0,0.0,0.0,1,3984.2,3986.4,1,3987.4,3985.0,3989.0,3974.4,189.0,225766440.0,5393
2023-05-10 09:33:39,IF2312,IF2312,3985.2,0.0,0.0,0.0,1,3984.2,3986.2,2,3987.4,3985.0,3989.0,3974.4,189.0,225766440.0,5393
2023-05-10 09:33:39,IF2312,IF2312,3985.2,0.0,0.0,0.0,1,3984.2,3985.8,2,3987.4,3985.0,3989.0,3974.4,189.0,225766440.0,5393
2023-05-10 09:33:40,IF2312,IF2312,3985.2,0.0,0.0,0.0,1,3984.2,3985.6,1,3987.4,3985.0,3989.0,3974.4,189.0,225766440.0,5393
2023-05-10 09:33:40,IF2312,IF2312,3984.2,1.0,1195260.0,0.0,1,3983.2,3985.6,1,3987.4,3985.0,3989.0,3974.4,190.0,226961700.0,5393
2023-05-10 09:33:41,IF2312,IF2312,3984.2,0.0,0.0,0.0,1,3983.2,3985.2,2,3987.4,3985.0,3989.0,3974.4,190.0,226961700.0,5393
2023-05-10 09:33:42,IF2312,IF2312,3984.2,0.0,0.0,0.0,1,3982.0,3985.0,1,3987.4,3985.0,3989.0,3974.4,190.0,226961700.0,5393
2023-05-10 09:33:42,IF2312,IF2312,3984.2,0.0,0.0,0.0,1,3982.4,3984.4,1,3987.4,3985.0,3989.0,3974.4,190.0,226961700.0,5393
2023-05-10 09:33:44,IF2312,IF2312,3984.2,0.0,0.0,0.0,1,3983.2,3984.4,1,3987.4,3985.0,3989.0,3974.4,190.0,226961700.0,5393
2023-05-10 09:33:45,IF2312,IF2312,3984.4,1.0,1195320.0,0.0,1,3983.2,3985.2,1,3987.4,3985.0,3989.0,3974.4,191.0,228157020.0,5393
2023-05-10 09:33:45,IF2312,IF2312,3984.4,0.0,0.0,0.0,1,3982.4,3985.0,2,3987.4,3985.0,3989.0,3974.4,191.0,228157020.0,5393
2023-05-10 09:33:46,IF2312,IF2312,3984.4,0.0,0.0,0.0,1,3982.6,3984.6,1,3987.4,3985.0,3989.0,3974.4,191.0,228157020.0,5393
2023-05-10 09:33:46,IF2312,IF2312,3984.4,0.0,0.0,0.0,1,3983.2,3984.6,1,3987.4,3985.0,3989.0,3974.4,191.0,228157020.0,5393
2023-05-10 09:33:47,IF2312,IF2312,3984.4,0.0,0.0,0.0,1,3983.4,3985.2,1,3987.4,3985.0,3989.0,3974.4,191.0,228157020.0,5393
2023-05-10 09:33:48,IF2312,IF2312,3984.4,0.0,0.0,0.0,1,3983.4,3985.0,2,3987.4,3985.0,3989.0,3974.4,191.0,228157020.0,5393
2023-05-10 09:33:48,IF2312,IF2312,3984.4,0.0,0.0,0.0,1,3983.4,3984.8,1,3987.4,3985.0,3989.0,3974.4,191.0,228157020.0,5393
2023-05-10 09:33:49,IF2312,IF2312,3984.4,0.0,0.0,0.0,1,3983.2,3984.8,1,3987.4,3985.0,3989.0,3974.4,191.0,228157020.0,5393
2023-05-10 09:33:50,IF2312,IF2312,3984.4,0.0,0.0,0.0,1,3983.4,3984.8,1,3987.4,3985.0,3989.0,3974.4,191.0,228157020.0,5393
2023-05-10 09:33:52,IF2312,IF2312,3984.4,0.0,0.0,0.0,1,3982.6,3984.8,1,3987.4,3985.0,3989.0,3974.4,191.0,228157020.0,5393
2023-05-10 09:33:53,IF2312,IF2312,3984.4,0.0,0.0,0.0,1,3983.2,3984.8,1,3987.4,3985.0,3989.0,3974.4,191.0,228157020.0,5393
2023-05-10 09:33:54,IF2312,IF2312,3984.4,0.0,0.0,0.0,2,3983.4,3985.4,1,3987.4,3985.0,3989.0,3974.4,191.0,228157020.0,5393
2023-05-10 09:33:55,IF2312,IF2312,3984.4,0.0,0.0,0.0,2,3983.4,3985.2,3,3987.4,3985.0,3989.0,3974.4,191.0,228157020.0,5393
2023-05-10 09:33:55,IF2312,IF2312,3983.4,2.0,2390040.0,-1.0,1,3983.2,3985.2,3,3987.4,3985.0,3989.0,3974.4,193.0,230547060.0,5392
2023-05-10 09:33:56,IF2312,IF2312,3983.4,0.0,0.0,0.0,1,3983.2,3984.8,1,3987.4,3985.0,3989.0,3974.4,193.0,230547060.0,5392
2023-05-10 09:33:57,IF2312,IF2312,3983.4,0.0,0.0,0.0,1,3982.6,3984.8,1,3987.4,3985.0,3989.0,3974.4,193.0,230547060.0,5392
2023-05-10 09:33:58,IF2312,IF2312,3983.4,0.0,0.0,0.0,1,3983.2,3985.2,3,3987.4,3985.0,3989.0,3974.4,193.0,230547060.0,5392
2023-05-10 09:33:59,IF2312,IF2312,3983.4,0.0,0.0,0.0,1,3983.6,3985.0,1,3987.4,3985.0,3989.0,3974.4,193.0,230547060.0,5392
2023-05-10 09:33:59,IF2312,IF2312,3983.6,1.0,1195080.0,-1.0,1,3983.4,3984.8,1,3987.4,3985.0,3989.0,3974.4,194.0,231742140.0,5391
2023-05-10 09:34:00,IF2312,IF2312,3983.6,0.0,0.0,0.0,1,3982.6,3984.6,1,3987.4,3985.0,3989.0,3974.4,194.0,231742140.0,5391
2023-05-10 09:34:00,IF2312,IF2312,3983.6,0.0,0.0,0.0,1,3982.6,3984.0,1,3987.4,3985.0,3989.0,3974.4,194.0,231742140.0,5391
2023-05-10 09:34:01,IF2312,IF2312,3983.6,0.0,0.0,0.0,1,3982.0,3984.4,1,3987.4,3985.0,3989.0,3974.4,194.0,231742140.0,5391
2023-05-10 09:34:01,IF2312,IF2312,3983.6,0.0,0.0,0.0,1,3982.0,3984.0,1,3987.4,3985.0,3989.0,3974.4,194.0,231742140.0,5391
2023-05-10 09:34:02,IF2312,IF2312,3983.6,0.0,0.0,0.0,1,3982.2,3984.0,1,3987.4,3985.0,3989.0,3974.4,194.0,231742140.0,5391
2023-05-10 09:34:03,IF2312,IF2312,3983.6,0.0,0.0,0.0,1,3982.2,3983.8,3,3987.4,3985.0,3989.0,3974.4,194.0,231742140.0,5391
2023-05-10 09:34:03,IF2312,IF2312,3983.6,0.0,0.0,0.0,1,3982.2,3983.6,1,3987.4,3985.0,3989.0,3974.4,194.0,231742140.0,5391
2023-05-10 09:34:04,IF2312,IF2312,3982.2,1.0,1194660.0,-1.0,2,3980.0,3983.6,1,3987.4,3985.0,3989.0,3974.4,195.0,232936800.0,5390
2023-05-10 09:34:04,IF2312,IF2312,3982.2,0.0,0.0,0.0,1,3981.4,3983.4,1,3987.4,3985.0,3989.0,3974.4,195.0,232936800.0,5390
2023-05-10 09:34:05,IF2312,IF2312,3982.2,0.0,0.0,0.0,1,3980.8,3983.2,1,3987.4,3985.0,3989.0,3974.4,195.0,232936800.0,5390
2023-05-10 09:34:05,IF2312,IF2312,3982.2,0.0,0.0,0.0,1,3981.4,3983.0,1,3987.4,3985.0,3989.0,3974.4,195.0,232936800.0,5390
2023-05-10 09:34:06,IF2312,IF2312,3982.2,0.0,0.0,0.0,1,3980.8,3982.8,3,3987.4,3985.0,3989.0,3974.4,195.0,232936800.0,5390
2023-05-10 09:34:06,IF2312,IF2312,3982.2,0.0,0.0,0.0,1,3980.6,3982.8,1,3987.4,3985.0,3989.0,3974.4,195.0,232936800.0,5390
2023-05-10 09:34:07,IF2312,IF2312,3982.2,0.0,0.0,0.0,1,3981.4,3982.8,1,3987.4,3985.0,3989.0,3974.4,195.0,232936800.0,5390
2023-05-10 09:34:07,IF2312,IF2312,3983.2,2.0,2389800.0,0.0,1,3981.4,3985.4,1,3987.4,3985.0,3989.0,3974.4,197.0,235326600.0,5390
2023-05-10 09:34:08,IF2312,IF2312,3983.2,0.0,0.0,0.0,1,3981.8,3985.0,3,3987.4,3985.0,3989.0,3974.4,197.0,235326600.0,5390
2023-05-10 09:34:09,IF2312,IF2312,3983.2,0.0,0.0,0.0,1,3981.8,3984.4,1,3987.4,3985.0,3989.0,3974.4,197.0,235326600.0,5390
2023-05-10 09:34:09,IF2312,IF2312,3983.2,0.0,0.0,0.0,1,3981.8,3984.0,2,3987.4,3985.0,3989.0,3974.4,197.0,235326600.0,5390
2023-05-10 09:34:10,IF2312,IF2312,3981.8,1.0,1194540.0,0.0,1,3982.0,3984.0,2,3987.4,3985.0,3989.0,3974.4,198.0,236521140.0,5390
2023-05-10 09:34:10,IF2312,IF2312,3981.8,1.0,1194540.0,0.0,1,3981.4,3981.8,1,3987.4,3985.0,3989.0,3974.4,199.0,237715680.0,5390
2023-05-10 09:34:11,IF2312,IF2312,3981.8,1.0,1194540.0,0.0,1,3981.4,3983.6,2,3987.4,3985.0,3989.0,3974.4,200.0,238910220.0,5390
2023-05-10 09:34:11,IF2312,IF2312,3981.8,0.0,0.0,0.0,1,3981.0,3983.2,3,3987.4,3985.0,3989.0,3974.4,200.0,238910220.0,5390
2023-05-10 09:34:12,IF2312,IF2312,3981.8,0.0,0.0,0.0,2,3981.6,3982.8,1,3987.4,3985.0,3989.0,3974.4,200.0,238910220.0,5390
2023-05-10 09:34:12,IF2312,IF2312,3981.8,0.0,0.0,0.0,1,3981.0,3982.6,1,3987.4,3985.0,3989.0,3974.4,200.0,238910220.0,5390
2023-05-10 09:34:13,IF2312,IF2312,3981.8,0.0,0.0,0.0,2,3981.4,3982.8,1,3987.4,3985.0,3989.0,3974.4,200.0,238910220.0,5390
2023-05-10 09:34:14,IF2312,IF2312,3981.8,0.0,0.0,0.0,1,3981.0,3982.6,1,3987.4,3985.0,3989.0,3974.4,200.0,238910220.0,5390
2023-05-10 09:34:15,IF2312,IF2312,3981.8,0.0,0.0,0.0,1,3981.4,3982.6,1,3987.4,3985.0,3989.0,3974.4,200.0,238910220.0,5390
2023-05-10 09:34:15,IF2312,IF2312,3981.8,0.0,0.0,0.0,1,3981.0,3982.4,1,3987.4,3985.0,3989.0,3974.4,200.0,238910220.0,5390
2023-05-10 09:34:16,IF2312,IF2312,3981.8,0.0,0.0,0.0,1,3981.0,3982.2,1,3987.4,3985.0,3989.0,3974.4,200.0,238910220.0,5390
2023-05-10 09:34:19,IF2312,IF2312,3982.2,1.0,1194660.0,-1.0,1,3981.0,3982.0,2,3987.4,3985.0,3989.0,3974.4,201.0,240104880.0,5389
2023-05-10 09:34:23,IF2312,IF2312,3982.2,0.0,0.0,0.0,1,3981.0,3981.8,1,3987.4,3985.0,3989.0,3974.4,201.0,240104880.0,5389
2023-05-10 09:34:24,IF2312,IF2312,3982.2,0.0,0.0,0.0,1,3981.2,3981.8,1,3987.4,3985.0,3989.0,3974.4,201.0,240104880.0,5389
2023-05-10 09:34:25,IF2312,IF2312,3981.2,1.0,1194360.0,0.0,1,3981.0,3981.8,1,3987.4,3985.0,3989.0,3974.4,202.0,241299240.0,5389
2023-05-10 09:34:26,IF2312,IF2312,3981.0,1.0,1194300.0,0.0,1,3980.6,3981.8,1,3987.4,3985.0,3989.0,3974.4,203.0,242493540.0,5389
2023-05-10 09:34:26,IF2312,IF2312,3981.0,0.0,0.0,0.0,1,3980.0,3981.8,1,3987.4,3985.0,3989.0,3974.4,203.0,242493540.0,5389
2023-05-10 09:34:27,IF2312,IF2312,3981.0,0.0,0.0,0.0,1,3980.6,3981.8,1,3987.4,3985.0,3989.0,3974.4,203.0,242493540.0,5389
2023-05-10 09:34:28,IF2312,IF2312,3981.0,0.0,0.0,0.0,1,3980.2,3981.6,2,3987.4,3985.0,3989.0,3974.4,203.0,242493540.0,5389
2023-05-10 09:34:28,IF2312,IF2312,3981.6,1.0,1194480.0,-1.0,1,3980.2,3981.4,1,3987.4,3985.0,3989.0,3974.4,204.0,243688020.0,5388
2023-05-10 09:34:29,IF2312,IF2312,3981.6,1.0,1194480.0,-1.0,1,3980.4,3981.6,1,3987.4,3985.0,3989.0,3974.4,205.0,244882500.0,5387
2023-05-10 09:34:29,IF2312,IF2312,3981.6,0.0,0.0,0.0,1,3980.6,3981.8,1,3987.4,3985.0,3989.0,3974.4,205.0,244882500.0,5387
2023-05-10 09:34:30,IF2312,IF2312,3981.6,0.0,0.0,0.0,2,3980.6,3981.8,1,3987.4,3985.0,3989.0,3974.4,205.0,244882500.0,5387
2023-05-10 09:34:30,IF2312,IF2312,3981.8,1.0,1194540.0,-1.0,2,3980.6,3982.8,1,3987.4,3985.0,3989.0,3974.4,206.0,246077040.0,5386
2023-05-10 09:34:31,IF2312,IF2312,3981.8,0.0,0.0,0.0,1,3980.6,3982.4,2,3987.4,3985.0,3989.0,3974.4,206.0,246077040.0,5386
2023-05-10 09:34:31,IF2312,IF2312,3981.8,0.0,0.0,0.0,1,3980.2,3982.0,1,3987.4,3985.0,3989.0,3974.4,206.0,246077040.0,5386
2023-05-10 09:34:32,IF2312,IF2312,3981.8,0.0,0.0,0.0,1,3980.4,3981.8,1,3987.4,3985.0,3989.0,3974.4,206.0,246077040.0,5386
2023-05-10 09:34:32,IF2312,IF2312,3981.8,0.0,0.0,0.0,1,3980.2,3981.6,1,3987.4,3985.0,3989.0,3974.4,206.0,246077040.0,5386
2023-05-10 09:34:33,IF2312,IF2312,3981.8,0.0,0.0,0.0,1,3980.0,3981.4,2,3987.4,3985.0,3989.0,3974.4,206.0,246077040.0,5386
2023-05-10 09:34:33,IF2312,IF2312,3981.8,0.0,0.0,0.0,1,3980.0,3981.4,3,3987.4,3985.0,3989.0,3974.4,206.0,246077040.0,5386
2023-05-10 09:34:36,IF2312,IF2312,3981.8,0.0,0.0,0.0,1,3980.2,3981.4,3,3987.4,3985.0,3989.0,3974.4,206.0,246077040.0,5386
2023-05-10 09:34:36,IF2312,IF2312,3981.8,0.0,0.0,0.0,1,3980.4,3981.4,2,3987.4,3985.0,3989.0,3974.4,206.0,246077040.0,5386
2023-05-10 09:34:37,IF2312,IF2312,3981.4,2.0,2388840.0,-2.0,1,3980.4,3981.8,1,3987.4,3985.0,3989.0,3974.4,208.0,248465880.0,5384
2023-05-10 09:34:37,IF2312,IF2312,3981.4,0.0,0.0,0.0,1,3980.6,3984.0,2,3987.4,3985.0,3989.0,3974.4,208.0,248465880.0,5384
2023-05-10 09:34:38,IF2312,IF2312,3981.4,0.0,0.0,0.0,1,3980.6,3982.8,1,3987.4,3985.0,3989.0,3974.4,208.0,248465880.0,5384
2023-05-10 09:34:38,IF2312,IF2312,3981.4,0.0,0.0,0.0,1,3980.6,3982.4,1,3987.4,3985.0,3989.0,3974.4,208.0,248465880.0,5384
2023-05-10 09:34:39,IF2312,IF2312,3981.4,0.0,0.0,0.0,1,3980.4,3982.0,1,3987.4,3985.0,3989.0,3974.4,208.0,248465880.0,5384
2023-05-10 09:34:40,IF2312,IF2312,3981.4,0.0,0.0,0.0,1,3980.4,3981.8,1,3987.4,3985.0,3989.0,3974.4,208.0,248465880.0,5384
2023-05-10 09:34:41,IF2312,IF2312,3981.4,0.0,0.0,0.0,1,3980.2,3981.8,1,3987.4,3985.0,3989.0,3974.4,208.0,248465880.0,5384
2023-05-10 09:34:41,IF2312,IF2312,3981.8,1.0,1194540.0,0.0,1,3980.4,3981.6,1,3987.4,3985.0,3989.0,3974.4,209.0,249660420.0,5384
2023-05-10 09:34:42,IF2312,IF2312,3981.6,1.0,1194480.0,0.0,3,3980.6,3982.4,1,3987.4,3985.0,3989.0,3974.4,210.0,250854900.0,5384
2023-05-10 09:34:43,IF2312,IF2312,3981.6,0.0,0.0,0.0,2,3980.6,3982.2,2,3987.4,3985.0,3989.0,3974.4,210.0,250854900.0,5384
2023-05-10 09:34:43,IF2312,IF2312,3981.6,0.0,0.0,0.0,1,3980.6,3982.0,1,3987.4,3985.0,3989.0,3974.4,210.0,250854900.0,5384
2023-05-10 09:34:44,IF2312,IF2312,3981.6,0.0,0.0,0.0,1,3980.2,3981.6,1,3987.4,3985.0,3989.0,3974.4,210.0,250854900.0,5384
2023-05-10 09:34:45,IF2312,IF2312,3980.0,2.0,2388060.0,-2.0,1,3977.2,3981.4,2,3987.4,3985.0,3989.0,3974.4,212.0,253242960.0,5382
2023-05-10 09:34:45,IF2312,IF2312,3980.0,0.0,0.0,0.0,2,3979.2,3981.0,1,3987.4,3985.0,3989.0,3974.4,212.0,253242960.0,5382
2023-05-10 09:34:46,IF2312,IF2312,3980.0,0.0,0.0,0.0,1,3978.6,3980.8,1,3987.4,3985.0,3989.0,3974.4,212.0,253242960.0,5382
2023-05-10 09:34:46,IF2312,IF2312,3980.0,0.0,0.0,0.0,2,3979.0,3980.8,1,3987.4,3985.0,3989.0,3974.4,212.0,253242960.0,5382
2023-05-10 09:34:47,IF2312,IF2312,3980.0,0.0,0.0,0.0,1,3979.4,3981.0,1,3987.4,3985.0,3989.0,3974.4,212.0,253242960.0,5382
2023-05-10 09:34:48,IF2312,IF2312,3980.0,0.0,0.0,0.0,1,3979.6,3980.6,1,3987.4,3985.0,3989.0,3974.4,212.0,253242960.0,5382
2023-05-10 09:34:49,IF2312,IF2312,3980.6,1.0,1194180.0,0.0,1,3980.2,3984.0,3,3987.4,3985.0,3989.0,3974.4,213.0,254437140.0,5382
2023-05-10 09:34:49,IF2312,IF2312,3980.6,0.0,0.0,0.0,1,3980.6,3982.0,1,3987.4,3985.0,3989.0,3974.4,213.0,254437140.0,5382
2023-05-10 09:34:50,IF2312,IF2312,3980.6,0.0,0.0,0.0,1,3980.2,3981.8,2,3987.4,3985.0,3989.0,3974.4,213.0,254437140.0,5382
2023-05-10 09:34:50,IF2312,IF2312,3980.6,0.0,0.0,0.0,1,3980.2,3981.6,4,3987.4,3985.0,3989.0,3974.4,213.0,254437140.0,5382
2023-05-10 09:34:51,IF2312,IF2312,3980.6,0.0,0.0,0.0,1,3980.2,3982.0,1,3987.4,3985.0,3989.0,3974.4,213.0,254437140.0,5382
2023-05-10 09:34:51,IF2312,IF2312,3980.6,0.0,0.0,0.0,2,3980.6,3981.8,1,3987.4,3985.0,3989.0,3974.4,213.0,254437140.0,5382
2023-05-10 09:34:52,IF2312,IF2312,3981.8,1.0,1194540.0,0.0,2,3980.8,3984.0,3,3987.4,3985.0,3989.0,3974.4,214.0,255631680.0,5382
2023-05-10 09:34:52,IF2312,IF2312,3981.8,0.0,0.0,0.0,1,3981.4,3983.6,1,3987.4,3985.0,3989.0,3974.4,214.0,255631680.0,5382
2023-05-10 09:34:53,IF2312,IF2312,3981.8,0.0,0.0,0.0,1,3981.4,3982.8,1,3987.4,3985.0,3989.0,3974.4,214.0,255631680.0,5382
2023-05-10 09:34:53,IF2312,IF2312,3981.8,0.0,0.0,0.0,1,3980.8,3982.6,2,3987.4,3985.0,3989.0,3974.4,214.0,255631680.0,5382
2023-05-10 09:34:54,IF2312,IF2312,3981.8,0.0,0.0,0.0,1,3980.8,3982.4,2,3987.4,3985.0,3989.0,3974.4,214.0,255631680.0,5382
2023-05-10 09:34:55,IF2312,IF2312,3981.8,0.0,0.0,0.0,1,3980.8,3982.2,1,3987.4,3985.0,3989.0,3974.4,214.0,255631680.0,5382
2023-05-10 09:34:56,IF2312,IF2312,3981.8,0.0,0.0,0.0,1,3981.4,3982.2,1,3987.4,3985.0,3989.0,3974.4,214.0,255631680.0,5382
2023-05-10 09:34:56,IF2312,IF2312,3981.8,0.0,0.0,0.0,1,3981.0,3982.2,1,3987.4,3985.0,3989.0,3974.4,214.0,255631680.0,5382
2023-05-10 09:34:57,IF2312,IF2312,3981.8,0.0,0.0,0.0,1,3981.2,3982.2,1,3987.4,3985.0,3989.0,3974.4,214.0,255631680.0,5382
2023-05-10 09:34:57,IF2312,IF2312,3982.2,1.0,1194660.0,0.0,1,3981.2,3984.0,3,3987.4,3985.0,3989.0,3974.4,215.0,256826340.0,5382
2023-05-10 09:34:58,IF2312,IF2312,3982.2,0.0,0.0,0.0,1,3981.4,3983.6,3,3987.4,3985.0,3989.0,3974.4,215.0,256826340.0,5382
2023-05-10 09:34:58,IF2312,IF2312,3982.2,0.0,0.0,0.0,1,3982.2,3982.8,1,3987.4,3985.0,3989.0,3974.4,215.0,256826340.0,5382
2023-05-10 09:34:59,IF2312,IF2312,3982.2,1.0,1194660.0,0.0,1,3981.4,3982.6,1,3987.4,3985.0,3989.0,3974.4,216.0,258021000.0,5382
2023-05-10 09:35:00,IF2312,IF2312,3982.6,1.0,1194780.0,0.0,2,3981.4,3983.6,1,3987.4,3985.0,3989.0,3974.4,217.0,259215780.0,5382
2023-05-10 09:35:01,IF2312,IF2312,3982.6,0.0,0.0,0.0,1,3981.4,3982.4,1,3987.4,3985.0,3989.0,3974.4,217.0,259215780.0,5382
2023-05-10 09:35:01,IF2312,IF2312,3982.6,0.0,0.0,0.0,1,3980.8,3982.4,1,3987.4,3985.0,3989.0,3974.4,217.0,259215780.0,5382
2023-05-10 09:35:02,IF2312,IF2312,3982.6,0.0,0.0,0.0,1,3980.2,3982.0,3,3987.4,3985.0,3989.0,3974.4,217.0,259215780.0,5382
2023-05-10 09:35:02,IF2312,IF2312,3982.6,0.0,0.0,0.0,2,3977.6,3981.6,1,3987.4,3985.0,3989.0,3974.4,217.0,259215780.0,5382
2023-05-10 09:35:03,IF2312,IF2312,3982.6,0.0,0.0,0.0,3,3979.0,3981.2,1,3987.4,3985.0,3989.0,3974.4,217.0,259215780.0,5382
2023-05-10 09:35:03,IF2312,IF2312,3982.6,0.0,0.0,0.0,1,3979.0,3981.2,1,3987.4,3985.0,3989.0,3974.4,217.0,259215780.0,5382
2023-05-10 09:35:04,IF2312,IF2312,3982.6,0.0,0.0,0.0,1,3979.0,3980.8,1,3987.4,3985.0,3989.0,3974.4,217.0,259215780.0,5382
2023-05-10 09:35:04,IF2312,IF2312,3982.6,0.0,0.0,0.0,3,3978.0,3980.4,1,3987.4,3985.0,3989.0,3974.4,217.0,259215780.0,5382
2023-05-10 09:35:05,IF2312,IF2312,3982.6,0.0,0.0,0.0,3,3978.6,3980.8,2,3987.4,3985.0,3989.0,3974.4,217.0,259215780.0,5382
2023-05-10 09:35:05,IF2312,IF2312,3982.6,0.0,0.0,0.0,1,3978.8,3980.4,1,3987.4,3985.0,3989.0,3974.4,217.0,259215780.0,5382
2023-05-10 09:35:06,IF2312,IF2312,3982.6,0.0,0.0,0.0,1,3978.6,3980.4,1,3987.4,3985.0,3989.0,3974.4,217.0,259215780.0,5382
2023-05-10 09:35:06,IF2312,IF2312,3982.6,0.0,0.0,0.0,1,3978.2,3980.2,2,3987.4,3985.0,3989.0,3974.4,217.0,259215780.0,5382
2023-05-10 09:35:07,IF2312,IF2312,3982.6,0.0,0.0,0.0,1,3978.6,3980.0,1,3987.4,3985.0,3989.0,3974.4,217.0,259215780.0,5382
2023-05-10 09:35:07,IF2312,IF2312,3982.6,0.0,0.0,0.0,1,3978.6,3982.4,1,3987.4,3985.0,3989.0,3974.4,217.0,259215780.0,5382
2023-05-10 09:35:08,IF2312,IF2312,3982.6,0.0,0.0,0.0,2,3978.8,3980.8,1,3987.4,3985.0,3989.0,3974.4,217.0,259215780.0,5382
2023-05-10 09:35:08,IF2312,IF2312,3982.6,0.0,0.0,0.0,1,3979.4,3981.6,1,3987.4,3985.0,3989.0,3974.4,217.0,259215780.0,5382
2023-05-10 09:35:09,IF2312,IF2312,3982.6,0.0,0.0,0.0,1,3979.0,3980.8,1,3987.4,3985.0,3989.0,3974.4,217.0,259215780.0,5382
2023-05-10 09:35:09,IF2312,IF2312,3982.6,0.0,0.0,0.0,1,3979.4,3980.8,1,3987.4,3985.0,3989.0,3974.4,217.0,259215780.0,5382
2023-05-10 09:35:10,IF2312,IF2312,3982.6,0.0,0.0,0.0,1,3979.4,3980.6,1,3987.4,3985.0,3989.0,3974.4,217.0,259215780.0,5382
2023-05-10 09:35:10,IF2312,IF2312,3980.6,1.0,1194180.0,0.0,1,3979.4,3980.8,1,3987.4,3985.0,3989.0,3974.4,218.0,260409960.0,5382
2023-05-10 09:35:11,IF2312,IF2312,3980.6,0.0,0.0,0.0,1,3979.6,3981.6,1,3987.4,3985.0,3989.0,3974.4,218.0,260409960.0,5382
2023-05-10 09:35:11,IF2312,IF2312,3980.6,0.0,0.0,0.0,2,3979.8,3981.4,2,3987.4,3985.0,3989.0,3974.4,218.0,260409960.0,5382
2023-05-10 09:35:12,IF2312,IF2312,3980.6,0.0,0.0,0.0,2,3979.8,3981.2,1,3987.4,3985.0,3989.0,3974.4,218.0,260409960.0,5382
2023-05-10 09:35:12,IF2312,IF2312,3980.6,0.0,0.0,0.0,1,3979.8,3981.2,1,3987.4,3985.0,3989.0,3974.4,218.0,260409960.0,5382
2023-05-10 09:35:13,IF2312,IF2312,3980.6,0.0,0.0,0.0,1,3979.6,3981.2,1,3987.4,3985.0,3989.0,3974.4,218.0,260409960.0,5382
2023-05-10 09:35:14,IF2312,IF2312,3980.6,0.0,0.0,0.0,1,3979.8,3981.2,1,3987.4,3985.0,3989.0,3974.4,218.0,260409960.0,5382
2023-05-10 09:35:14,IF2312,IF2312,3980.6,0.0,0.0,0.0,1,3980.0,3981.6,1,3987.4,3985.0,3989.0,3974.4,218.0,260409960.0,5382
2023-05-10 09:35:15,IF2312,IF2312,3980.6,0.0,0.0,0.0,1,3980.2,3982.4,2,3987.4,3985.0,3989.0,3974.4,218.0,260409960.0,5382
2023-05-10 09:35:15,IF2312,IF2312,3980.6,0.0,0.0,0.0,1,3980.2,3982.0,3,3987.4,3985.0,3989.0,3974.4,218.0,260409960.0,5382
2023-05-10 09:35:16,IF2312,IF2312,3980.6,0.0,0.0,0.0,1,3979.6,3979.8,3,3987.4,3985.0,3989.0,3974.4,218.0,260409960.0,5382
2023-05-10 09:35:16,IF2312,IF2312,3979.8,3.0,3581760.0,-1.0,1,3979.0,3979.8,1,3987.4,3985.0,3989.0,3974.4,221.0,263991720.0,5381
2023-05-10 09:35:17,IF2312,IF2312,3979.8,1.0,1193940.0,1.0,1,3979.0,3981.6,1,3987.4,3985.0,3989.0,3974.4,222.0,265185660.0,5382
2023-05-10 09:35:17,IF2312,IF2312,3979.8,0.0,0.0,0.0,1,3977.6,3980.4,1,3987.4,3985.0,3989.0,3974.4,222.0,265185660.0,5382
2023-05-10 09:35:18,IF2312,IF2312,3979.8,0.0,0.0,0.0,1,3978.2,3980.2,1,3987.4,3985.0,3989.0,3974.4,222.0,265185660.0,5382
2023-05-10 09:35:18,IF2312,IF2312,3979.8,0.0,0.0,0.0,1,3978.4,3980.0,1,3987.4,3985.0,3989.0,3974.4,222.0,265185660.0,5382
2023-05-10 09:35:19,IF2312,IF2312,3979.8,0.0,0.0,0.0,1,3978.6,3979.8,2,3987.4,3985.0,3989.0,3974.4,222.0,265185660.0,5382
2023-05-10 09:35:19,IF2312,IF2312,3979.8,0.0,0.0,0.0,1,3978.4,3979.8,2,3987.4,3985.0,3989.0,3974.4,222.0,265185660.0,5382
2023-05-10 09:35:20,IF2312,IF2312,3979.8,0.0,0.0,0.0,1,3978.4,3979.6,1,3987.4,3985.0,3989.0,3974.4,222.0,265185660.0,5382
2023-05-10 09:35:20,IF2312,IF2312,3979.8,0.0,0.0,0.0,1,3977.8,3979.6,1,3987.4,3985.0,3989.0,3974.4,222.0,265185660.0,5382
2023-05-10 09:35:21,IF2312,IF2312,3979.8,0.0,0.0,0.0,1,3978.2,3979.6,1,3987.4,3985.0,3989.0,3974.4,222.0,265185660.0,5382
2023-05-10 09:35:21,IF2312,IF2312,3979.8,2.0,2387880.0,0.0,1,3978.2,3980.0,1,3987.4,3985.0,3989.0,3974.4,224.0,267573540.0,5382
2023-05-10 09:35:22,IF2312,IF2312,3979.8,0.0,0.0,0.0,1,3978.4,3980.0,1,3987.4,3985.0,3989.0,3974.4,224.0,267573540.0,5382
2023-05-10 09:35:24,IF2312,IF2312,3979.8,0.0,0.0,0.0,1,3978.4,3979.8,2,3987.4,3985.0,3989.0,3974.4,224.0,267573540.0,5382
2023-05-10 09:35:25,IF2312,IF2312,3979.8,0.0,0.0,0.0,1,3978.2,3979.8,2,3987.4,3985.0,3989.0,3974.4,224.0,267573540.0,5382
2023-05-10 09:35:25,IF2312,IF2312,3979.8,0.0,0.0,0.0,1,3978.2,3980.0,1,3987.4,3985.0,3989.0,3974.4,224.0,267573540.0,5382
2023-05-10 09:35:26,IF2312,IF2312,3979.8,0.0,0.0,0.0,1,3978.2,3979.8,1,3987.4,3985.0,3989.0,3974.4,224.0,267573540.0,5382
2023-05-10 09:35:27,IF2312,IF2312,3979.8,0.0,0.0,0.0,1,3978.2,3979.6,1,3987.4,3985.0,3989.0,3974.4,224.0,267573540.0,5382
2023-05-10 09:35:28,IF2312,IF2312,3979.8,0.0,0.0,0.0,1,3978.0,3979.6,1,3987.4,3985.0,3989.0,3974.4,224.0,267573540.0,5382
2023-05-10 09:35:28,IF2312,IF2312,3979.8,0.0,0.0,0.0,1,3978.2,3979.6,1,3987.4,3985.0,3989.0,3974.4,224.0,267573540.0,5382
2023-05-10 09:35:29,IF2312,IF2312,3979.8,0.0,0.0,0.0,1,3978.2,3979.4,2,3987.4,3985.0,3989.0,3974.4,224.0,267573540.0,5382
2023-05-10 09:35:29,IF2312,IF2312,3979.8,0.0,0.0,0.0,1,3977.6,3979.4,2,3987.4,3985.0,3989.0,3974.4,224.0,267573540.0,5382
2023-05-10 09:35:30,IF2312,IF2312,3979.8,0.0,0.0,0.0,1,3978.2,3979.2,1,3987.4,3985.0,3989.0,3974.4,224.0,267573540.0,5382
2023-05-10 09:35:30,IF2312,IF2312,3979.8,0.0,0.0,0.0,1,3977.6,3979.6,1,3987.4,3985.0,3989.0,3974.4,224.0,267573540.0,5382
2023-05-10 09:35:31,IF2312,IF2312,3979.8,0.0,0.0,0.0,1,3978.0,3979.6,1,3987.4,3985.0,3989.0,3974.4,224.0,267573540.0,5382
2023-05-10 09:35:31,IF2312,IF2312,3979.8,0.0,0.0,0.0,1,3977.8,3979.4,2,3987.4,3985.0,3989.0,3974.4,224.0,267573540.0,5382
2023-05-10 09:35:33,IF2312,IF2312,3979.8,0.0,0.0,0.0,1,3977.8,3979.4,3,3987.4,3985.0,3989.0,3974.4,224.0,267573540.0,5382
2023-05-10 09:35:34,IF2312,IF2312,3979.8,0.0,0.0,0.0,1,3977.8,3979.2,1,3987.4,3985.0,3989.0,3974.4,224.0,267573540.0,5382
2023-05-10 09:35:35,IF2312,IF2312,3979.8,0.0,0.0,0.0,1,3977.8,3979.6,1,3987.4,3985.0,3989.0,3974.4,224.0,267573540.0,5382
2023-05-10 09:35:35,IF2312,IF2312,3979.8,0.0,0.0,0.0,1,3977.8,3979.4,1,3987.4,3985.0,3989.0,3974.4,224.0,267573540.0,5382
2023-05-10 09:35:36,IF2312,IF2312,3979.8,0.0,0.0,0.0,3,3978.0,3979.4,1,3987.4,3985.0,3989.0,3974.4,224.0,267573540.0,5382
2023-05-10 09:35:36,IF2312,IF2312,3979.8,0.0,0.0,0.0,1,3978.2,3979.4,1,3987.4,3985.0,3989.0,3974.4,224.0,267573540.0,5382
2023-05-10 09:35:37,IF2312,IF2312,3979.8,0.0,0.0,0.0,1,3978.0,3979.4,1,3987.4,3985.0,3989.0,3974.4,224.0,267573540.0,5382
2023-05-10 09:35:37,IF2312,IF2312,3979.8,0.0,0.0,0.0,1,3978.0,3979.2,1,3987.4,3985.0,3989.0,3974.4,224.0,267573540.0,5382
2023-05-10 09:35:38,IF2312,IF2312,3979.8,0.0,0.0,0.0,1,3978.0,3979.2,2,3987.4,3985.0,3989.0,3974.4,224.0,267573540.0,5382
2023-05-10 09:35:40,IF2312,IF2312,3979.8,0.0,0.0,0.0,1,3978.2,3979.2,2,3987.4,3985.0,3989.0,3974.4,224.0,267573540.0,5382
2023-05-10 09:35:41,IF2312,IF2312,3979.8,0.0,0.0,0.0,1,3978.2,3979.2,1,3987.4,3985.0,3989.0,3974.4,224.0,267573540.0,5382
2023-05-10 09:35:41,IF2312,IF2312,3979.8,0.0,0.0,0.0,1,3978.2,3980.0,1,3987.4,3985.0,3989.0,3974.4,224.0,267573540.0,5382
2023-05-10 09:35:42,IF2312,IF2312,3979.8,0.0,0.0,0.0,1,3978.2,3979.8,3,3987.4,3985.0,3989.0,3974.4,224.0,267573540.0,5382
2023-05-10 09:35:42,IF2312,IF2312,3978.0,2.0,2386860.0,-1.0,1,3977.8,3979.6,1,3987.4,3985.0,3989.0,3974.4,226.0,269960400.0,5381
2023-05-10 09:35:43,IF2312,IF2312,3978.0,0.0,0.0,0.0,1,3977.6,3979.2,1,3987.4,3985.0,3989.0,3974.4,226.0,269960400.0,5381
2023-05-10 09:35:43,IF2312,IF2312,3978.0,0.0,0.0,0.0,1,3977.6,3978.8,1,3987.4,3985.0,3989.0,3974.4,226.0,269960400.0,5381
2023-05-10 09:35:44,IF2312,IF2312,3978.0,0.0,0.0,0.0,1,3977.6,3979.0,1,3987.4,3985.0,3989.0,3974.4,226.0,269960400.0,5381
2023-05-10 09:35:46,IF2312,IF2312,3978.0,0.0,0.0,0.0,1,3976.0,3978.8,1,3987.4,3985.0,3989.0,3974.4,226.0,269960400.0,5381
2023-05-10 09:35:46,IF2312,IF2312,3978.0,0.0,0.0,0.0,1,3978.0,3978.8,1,3987.4,3985.0,3989.0,3974.4,226.0,269960400.0,5381
2023-05-10 09:35:47,IF2312,IF2312,3978.8,1.0,1193640.0,0.0,2,3978.0,3979.2,1,3987.4,3985.0,3989.0,3974.4,227.0,271154040.0,5381
2023-05-10 09:35:47,IF2312,IF2312,3978.8,0.0,0.0,0.0,1,3978.2,3979.4,1,3987.4,3985.0,3989.0,3974.4,227.0,271154040.0,5381
2023-05-10 09:35:48,IF2312,IF2312,3979.4,1.0,1193820.0,-1.0,1,3978.6,3980.8,1,3987.4,3985.0,3989.0,3974.4,228.0,272347860.0,5380
2023-05-10 09:35:48,IF2312,IF2312,3979.4,0.0,0.0,0.0,1,3978.8,3980.6,2,3987.4,3985.0,3989.0,3974.4,228.0,272347860.0,5380
2023-05-10 09:35:49,IF2312,IF2312,3979.4,0.0,0.0,0.0,1,3979.0,3980.4,3,3987.4,3985.0,3989.0,3974.4,228.0,272347860.0,5380
2023-05-10 09:35:49,IF2312,IF2312,3979.4,0.0,0.0,0.0,1,3978.8,3980.4,3,3987.4,3985.0,3989.0,3974.4,228.0,272347860.0,5380
2023-05-10 09:35:50,IF2312,IF2312,3979.4,0.0,0.0,0.0,2,3979.0,3980.2,1,3987.4,3985.0,3989.0,3974.4,228.0,272347860.0,5380
2023-05-10 09:35:50,IF2312,IF2312,3979.4,0.0,0.0,0.0,1,3978.2,3980.0,2,3987.4,3985.0,3989.0,3974.4,228.0,272347860.0,5380
2023-05-10 09:35:51,IF2312,IF2312,3979.4,0.0,0.0,0.0,1,3978.6,3980.0,2,3987.4,3985.0,3989.0,3974.4,228.0,272347860.0,5380
2023-05-10 09:35:51,IF2312,IF2312,3979.4,0.0,0.0,0.0,1,3978.6,3980.0,1,3987.4,3985.0,3989.0,3974.4,228.0,272347860.0,5380
2023-05-10 09:35:53,IF2312,IF2312,3979.4,0.0,0.0,0.0,1,3978.2,3980.0,1,3987.4,3985.0,3989.0,3974.4,228.0,272347860.0,5380
2023-05-10 09:35:54,IF2312,IF2312,3979.4,0.0,0.0,0.0,2,3978.4,3980.0,1,3987.4,3985.0,3989.0,3974.4,228.0,272347860.0,5380
2023-05-10 09:35:55,IF2312,IF2312,3979.4,0.0,0.0,0.0,1,3978.6,3980.0,1,3987.4,3985.0,3989.0,3974.4,228.0,272347860.0,5380
2023-05-10 09:35:56,IF2312,IF2312,3979.4,0.0,0.0,0.0,1,3979.6,3980.0,1,3987.4,3985.0,3989.0,3974.4,228.0,272347860.0,5380
2023-05-10 09:35:57,IF2312,IF2312,3980.0,2.0,2387880.0,-1.0,1,3978.6,3980.2,1,3987.4,3985.0,3989.0,3974.4,230.0,274735740.0,5379
2023-05-10 09:35:57,IF2312,IF2312,3980.0,0.0,0.0,0.0,2,3978.8,3980.4,2,3987.4,3985.0,3989.0,3974.4,230.0,274735740.0,5379
2023-05-10 09:35:58,IF2312,IF2312,3980.0,0.0,0.0,0.0,1,3979.2,3980.2,1,3987.4,3985.0,3989.0,3974.4,230.0,274735740.0,5379
2023-05-10 09:35:58,IF2312,IF2312,3980.2,1.0,1194060.0,0.0,1,3979.2,3980.4,2,3987.4,3985.0,3989.0,3974.4,231.0,275929800.0,5379
2023-05-10 09:35:59,IF2312,IF2312,3980.4,2.0,2388240.0,-2.0,1,3979.2,3982.4,1,3987.4,3985.0,3989.0,3974.4,233.0,278318040.0,5377
2023-05-10 09:35:59,IF2312,IF2312,3980.4,0.0,0.0,0.0,1,3979.6,3982.0,1,3987.4,3985.0,3989.0,3974.4,233.0,278318040.0,5377
2023-05-10 09:36:00,IF2312,IF2312,3980.4,0.0,0.0,0.0,1,3979.8,3982.0,1,3987.4,3985.0,3989.0,3974.4,233.0,278318040.0,5377
2023-05-10 09:36:00,IF2312,IF2312,3980.4,0.0,0.0,0.0,1,3980.0,3981.8,2,3987.4,3985.0,3989.0,3974.4,233.0,278318040.0,5377
2023-05-10 09:36:01,IF2312,IF2312,3980.4,0.0,0.0,0.0,1,3980.2,3981.8,1,3987.4,3985.0,3989.0,3974.4,233.0,278318040.0,5377
2023-05-10 09:36:01,IF2312,IF2312,3980.4,0.0,0.0,0.0,1,3980.0,3981.6,1,3987.4,3985.0,3989.0,3974.4,233.0,278318040.0,5377
2023-05-10 09:36:02,IF2312,IF2312,3980.4,0.0,0.0,0.0,1,3980.6,3981.6,1,3987.4,3985.0,3989.0,3974.4,233.0,278318040.0,5377
2023-05-10 09:36:02,IF2312,IF2312,3980.4,0.0,0.0,0.0,2,3980.2,3981.4,1,3987.4,3985.0,3989.0,3974.4,233.0,278318040.0,5377
2023-05-10 09:36:03,IF2312,IF2312,3980.4,0.0,0.0,0.0,1,3979.8,3983.6,1,3987.4,3985.0,3989.0,3974.4,233.0,278318040.0,5377
2023-05-10 09:36:04,IF2312,IF2312,3980.4,0.0,0.0,0.0,1,3979.8,3982.0,1,3987.4,3985.0,3989.0,3974.4,233.0,278318040.0,5377
2023-05-10 09:36:04,IF2312,IF2312,3980.4,0.0,0.0,0.0,1,3980.6,3981.8,1,3987.4,3985.0,3989.0,3974.4,233.0,278318040.0,5377
2023-05-10 09:36:05,IF2312,IF2312,3980.4,0.0,0.0,0.0,1,3980.6,3983.2,1,3987.4,3985.0,3989.0,3974.4,233.0,278318040.0,5377
2023-05-10 09:36:05,IF2312,IF2312,3980.4,0.0,0.0,0.0,2,3980.2,3982.4,1,3987.4,3985.0,3989.0,3974.4,233.0,278318040.0,5377
2023-05-10 09:36:06,IF2312,IF2312,3980.4,0.0,0.0,0.0,1,3980.6,3982.4,1,3987.4,3985.0,3989.0,3974.4,233.0,278318040.0,5377
2023-05-10 09:36:07,IF2312,IF2312,3980.4,0.0,0.0,0.0,2,3980.6,3982.2,1,3987.4,3985.0,3989.0,3974.4,233.0,278318040.0,5377
2023-05-10 09:36:08,IF2312,IF2312,3980.4,0.0,0.0,0.0,1,3981.4,3982.2,1,3987.4,3985.0,3989.0,3974.4,233.0,278318040.0,5377
2023-05-10 09:36:09,IF2312,IF2312,3982.2,1.0,1194660.0,-1.0,3,3981.6,3983.2,1,3987.4,3985.0,3989.0,3974.4,234.0,279512700.0,5376
2023-05-10 09:36:09,IF2312,IF2312,3982.2,0.0,0.0,0.0,1,3981.8,3983.6,2,3987.4,3985.0,3989.0,3974.4,234.0,279512700.0,5376
2023-05-10 09:36:10,IF2312,IF2312,3982.2,0.0,0.0,0.0,1,3981.8,3983.4,1,3987.4,3985.0,3989.0,3974.4,234.0,279512700.0,5376
2023-05-10 09:36:11,IF2312,IF2312,3982.2,0.0,0.0,0.0,1,3981.8,3983.2,1,3987.4,3985.0,3989.0,3974.4,234.0,279512700.0,5376
2023-05-10 09:36:12,IF2312,IF2312,3982.2,0.0,0.0,0.0,2,3980.6,3983.2,1,3987.4,3985.0,3989.0,3974.4,234.0,279512700.0,5376
2023-05-10 09:36:13,IF2312,IF2312,3982.2,0.0,0.0,0.0,2,3980.8,3983.2,1,3987.4,3985.0,3989.0,3974.4,234.0,279512700.0,5376
2023-05-10 09:36:13,IF2312,IF2312,3982.2,0.0,0.0,0.0,2,3981.4,3983.0,2,3987.4,3985.0,3989.0,3974.4,234.0,279512700.0,5376
2023-05-10 09:36:14,IF2312,IF2312,3983.0,1.0,1194900.0,0.0,1,3981.6,3983.0,2,3987.4,3985.0,3989.0,3974.4,235.0,280707600.0,5376
2023-05-10 09:36:14,IF2312,IF2312,3983.0,0.0,0.0,0.0,2,3981.8,3983.0,1,3987.4,3985.0,3989.0,3974.4,235.0,280707600.0,5376
2023-05-10 09:36:17,IF2312,IF2312,3983.0,1.0,1194900.0,0.0,1,3983.0,3984.0,1,3987.4,3985.0,3989.0,3974.4,236.0,281902500.0,5376
2023-05-10 09:36:17,IF2312,IF2312,3983.0,0.0,0.0,0.0,1,3982.2,3984.0,1,3987.4,3985.0,3989.0,3974.4,236.0,281902500.0,5376
2023-05-10 09:36:18,IF2312,IF2312,3983.0,0.0,0.0,0.0,2,3982.8,3984.0,1,3987.4,3985.0,3989.0,3974.4,236.0,281902500.0,5376
2023-05-10 09:36:18,IF2312,IF2312,3983.0,0.0,0.0,0.0,1,3982.4,3984.0,1,3987.4,3985.0,3989.0,3974.4,236.0,281902500.0,5376
2023-05-10 09:36:19,IF2312,IF2312,3983.0,0.0,0.0,0.0,3,3982.6,3984.0,1,3987.4,3985.0,3989.0,3974.4,236.0,281902500.0,5376
2023-05-10 09:36:19,IF2312,IF2312,3983.0,0.0,0.0,0.0,1,3983.2,3984.0,1,3987.4,3985.0,3989.0,3974.4,236.0,281902500.0,5376
2023-05-10 09:36:22,IF2312,IF2312,3984.0,1.0,1195200.0,-1.0,1,3983.4,3985.0,1,3987.4,3985.0,3989.0,3974.4,237.0,283097700.0,5375
2023-05-10 09:36:22,IF2312,IF2312,3984.0,0.0,0.0,0.0,2,3983.6,3985.0,1,3987.4,3985.0,3989.0,3974.4,237.0,283097700.0,5375
2023-05-10 09:36:23,IF2312,IF2312,3984.0,0.0,0.0,0.0,1,3984.0,3985.0,1,3987.4,3985.0,3989.0,3974.4,237.0,283097700.0,5375
2023-05-10 09:36:23,IF2312,IF2312,3984.0,1.0,1195200.0,-1.0,1,3983.4,3984.8,1,3987.4,3985.0,3989.0,3974.4,238.0,284292900.0,5374
2023-05-10 09:36:25,IF2312,IF2312,3984.0,0.0,0.0,0.0,1,3983.2,3984.8,1,3987.4,3985.0,3989.0,3974.4,238.0,284292900.0,5374
2023-05-10 09:36:25,IF2312,IF2312,3983.2,1.0,1194960.0,-1.0,1,3982.4,3984.2,1,3987.4,3985.0,3989.0,3974.4,239.0,285487860.0,5373
2023-05-10 09:36:26,IF2312,IF2312,3983.2,0.0,0.0,0.0,1,3981.6,3984.0,1,3987.4,3985.0,3989.0,3974.4,239.0,285487860.0,5373
2023-05-10 09:36:26,IF2312,IF2312,3983.2,0.0,0.0,0.0,1,3982.2,3983.8,1,3987.4,3985.0,3989.0,3974.4,239.0,285487860.0,5373
2023-05-10 09:36:27,IF2312,IF2312,3983.8,1.0,1195140.0,0.0,1,3982.4,3984.0,1,3987.4,3985.0,3989.0,3974.4,240.0,286683000.0,5373
2023-05-10 09:36:27,IF2312,IF2312,3983.8,0.0,0.0,0.0,1,3982.6,3984.0,1,3987.4,3985.0,3989.0,3974.4,240.0,286683000.0,5373
2023-05-10 09:36:28,IF2312,IF2312,3983.8,0.0,0.0,0.0,1,3982.4,3984.0,1,3987.4,3985.0,3989.0,3974.4,240.0,286683000.0,5373
2023-05-10 09:36:29,IF2312,IF2312,3984.0,1.0,1195200.0,1.0,1,3982.4,3984.2,1,3987.4,3985.0,3989.0,3974.4,241.0,287878200.0,5374
2023-05-10 09:36:30,IF2312,IF2312,3984.0,0.0,0.0,0.0,2,3982.6,3984.2,1,3987.4,3985.0,3989.0,3974.4,241.0,287878200.0,5374
2023-05-10 09:36:30,IF2312,IF2312,3982.6,1.0,1194780.0,0.0,1,3982.2,3984.2,1,3987.4,3985.0,3989.0,3974.4,242.0,289072980.0,5374
2023-05-10 09:36:31,IF2312,IF2312,3982.2,1.0,1194660.0,0.0,1,3981.4,3983.6,1,3987.4,3985.0,3989.0,3974.4,243.0,290267640.0,5374
2023-05-10 09:36:31,IF2312,IF2312,3982.2,0.0,0.0,0.0,1,3979.2,3983.4,1,3987.4,3985.0,3989.0,3974.4,243.0,290267640.0,5374
2023-05-10 09:36:32,IF2312,IF2312,3982.2,0.0,0.0,0.0,7,3979.4,3982.4,1,3987.4,3985.0,3989.0,3974.4,243.0,290267640.0,5374
2023-05-10 09:36:32,IF2312,IF2312,3982.2,0.0,0.0,0.0,1,3979.6,3982.2,1,3987.4,3985.0,3989.0,3974.4,243.0,290267640.0,5374
2023-05-10 09:36:33,IF2312,IF2312,3982.2,0.0,0.0,0.0,1,3979.6,3981.6,1,3987.4,3985.0,3989.0,3974.4,243.0,290267640.0,5374
2023-05-10 09:36:34,IF2312,IF2312,3982.2,0.0,0.0,0.0,1,3979.6,3981.8,1,3987.4,3985.0,3989.0,3974.4,243.0,290267640.0,5374
2023-05-10 09:36:34,IF2312,IF2312,3982.2,0.0,0.0,0.0,1,3980.0,3982.2,1,3987.4,3985.0,3989.0,3974.4,243.0,290267640.0,5374
2023-05-10 09:36:35,IF2312,IF2312,3982.2,0.0,0.0,0.0,2,3980.2,3982.0,1,3987.4,3985.0,3989.0,3974.4,243.0,290267640.0,5374
2023-05-10 09:36:35,IF2312,IF2312,3982.2,0.0,0.0,0.0,2,3980.8,3982.0,1,3987.4,3985.0,3989.0,3974.4,243.0,290267640.0,5374
2023-05-10 09:36:37,IF2312,IF2312,3982.2,0.0,0.0,0.0,2,3980.8,3982.4,1,3987.4,3985.0,3989.0,3974.4,243.0,290267640.0,5374
2023-05-10 09:36:38,IF2312,IF2312,3982.2,0.0,0.0,0.0,2,3980.8,3983.2,1,3987.4,3985.0,3989.0,3974.4,243.0,290267640.0,5374
2023-05-10 09:36:38,IF2312,IF2312,3982.2,0.0,0.0,0.0,3,3980.8,3982.8,1,3987.4,3985.0,3989.0,3974.4,243.0,290267640.0,5374
2023-05-10 09:36:39,IF2312,IF2312,3982.2,0.0,0.0,0.0,1,3981.4,3982.8,1,3987.4,3985.0,3989.0,3974.4,243.0,290267640.0,5374
2023-05-10 09:36:39,IF2312,IF2312,3982.2,0.0,0.0,0.0,1,3982.0,3983.2,1,3987.4,3985.0,3989.0,3974.4,243.0,290267640.0,5374
2023-05-10 09:36:40,IF2312,IF2312,3982.2,0.0,0.0,0.0,1,3982.0,3984.2,1,3987.4,3985.0,3989.0,3974.4,243.0,290267640.0,5374
2023-05-10 09:36:40,IF2312,IF2312,3982.2,0.0,0.0,0.0,1,3982.0,3983.6,1,3987.4,3985.0,3989.0,3974.4,243.0,290267640.0,5374
2023-05-10 09:36:42,IF2312,IF2312,3982.2,0.0,0.0,0.0,2,3982.2,3983.6,1,3987.4,3985.0,3989.0,3974.4,243.0,290267640.0,5374
2023-05-10 09:36:43,IF2312,IF2312,3982.2,0.0,0.0,0.0,1,3982.0,3983.6,1,3987.4,3985.0,3989.0,3974.4,243.0,290267640.0,5374
2023-05-10 09:36:45,IF2312,IF2312,3982.2,0.0,0.0,0.0,1,3981.4,3983.6,1,3987.4,3985.0,3989.0,3974.4,243.0,290267640.0,5374
2023-05-10 09:36:45,IF2312,IF2312,3982.2,0.0,0.0,0.0,1,3981.6,3983.6,1,3987.4,3985.0,3989.0,3974.4,243.0,290267640.0,5374
2023-05-10 09:36:46,IF2312,IF2312,3982.2,0.0,0.0,0.0,1,3981.6,3983.2,1,3987.4,3985.0,3989.0,3974.4,243.0,290267640.0,5374
2023-05-10 09:36:46,IF2312,IF2312,3982.2,0.0,0.0,0.0,2,3980.2,3982.8,1,3987.4,3985.0,3989.0,3974.4,243.0,290267640.0,5374
2023-05-10 09:36:47,IF2312,IF2312,3982.2,0.0,0.0,0.0,3,3980.4,3982.8,1,3987.4,3985.0,3989.0,3974.4,243.0,290267640.0,5374
2023-05-10 09:36:47,IF2312,IF2312,3982.2,0.0,0.0,0.0,3,3980.4,3982.6,1,3987.4,3985.0,3989.0,3974.4,243.0,290267640.0,5374
2023-05-10 09:36:48,IF2312,IF2312,3982.2,0.0,0.0,0.0,3,3980.4,3982.4,1,3987.4,3985.0,3989.0,3974.4,243.0,290267640.0,5374
2023-05-10 09:36:48,IF2312,IF2312,3982.2,0.0,0.0,0.0,2,3980.4,3982.2,1,3987.4,3985.0,3989.0,3974.4,243.0,290267640.0,5374
2023-05-10 09:36:49,IF2312,IF2312,3982.2,0.0,0.0,0.0,2,3980.4,3982.0,1,3987.4,3985.0,3989.0,3974.4,243.0,290267640.0,5374
2023-05-10 09:36:51,IF2312,IF2312,3982.2,0.0,0.0,0.0,2,3980.4,3982.2,1,3987.4,3985.0,3989.0,3974.4,243.0,290267640.0,5374
2023-05-10 09:36:52,IF2312,IF2312,3982.2,0.0,0.0,0.0,2,3980.4,3982.0,1,3987.4,3985.0,3989.0,3974.4,243.0,290267640.0,5374
2023-05-10 09:36:53,IF2312,IF2312,3982.2,0.0,0.0,0.0,2,3980.4,3981.6,1,3987.4,3985.0,3989.0,3974.4,243.0,290267640.0,5374
2023-05-10 09:36:54,IF2312,IF2312,3982.2,0.0,0.0,0.0,2,3980.4,3982.2,1,3987.4,3985.0,3989.0,3974.4,243.0,290267640.0,5374
2023-05-10 09:36:55,IF2312,IF2312,3982.2,0.0,0.0,0.0,2,3980.4,3982.4,1,3987.4,3985.0,3989.0,3974.4,243.0,290267640.0,5374
2023-05-10 09:36:56,IF2312,IF2312,3982.2,0.0,0.0,0.0,1,3980.2,3982.0,1,3987.4,3985.0,3989.0,3974.4,243.0,290267640.0,5374
2023-05-10 09:36:56,IF2312,IF2312,3981.4,1.0,1194420.0,0.0,1,3980.0,3982.0,1,3987.4,3985.0,3989.0,3974.4,244.0,291462060.0,5374
2023-05-10 09:36:57,IF2312,IF2312,3981.4,0.0,0.0,0.0,1,3980.2,3981.8,1,3987.4,3985.0,3989.0,3974.4,244.0,291462060.0,5374
2023-05-10 09:36:57,IF2312,IF2312,3981.4,0.0,0.0,0.0,1,3980.0,3981.8,1,3987.4,3985.0,3989.0,3974.4,244.0,291462060.0,5374
2023-05-10 09:36:58,IF2312,IF2312,3981.4,0.0,0.0,0.0,1,3980.8,3981.8,1,3987.4,3985.0,3989.0,3974.4,244.0,291462060.0,5374
2023-05-10 09:36:59,IF2312,IF2312,3980.8,1.0,1194240.0,0.0,1,3980.0,3981.8,1,3987.4,3985.0,3989.0,3974.4,245.0,292656300.0,5374
2023-05-10 09:36:59,IF2312,IF2312,3981.8,1.0,1194540.0,-1.0,1,3981.8,3982.6,1,3987.4,3985.0,3989.0,3974.4,246.0,293850840.0,5373
2023-05-10 09:37:00,IF2312,IF2312,3981.8,1.0,1194540.0,-1.0,1,3980.0,3981.6,1,3987.4,3985.0,3989.0,3974.4,247.0,295045380.0,5372
2023-05-10 09:37:00,IF2312,IF2312,3980.0,1.0,1194000.0,0.0,1,3979.6,3981.4,1,3987.4,3985.0,3989.0,3974.4,248.0,296239380.0,5372
2023-05-10 09:37:01,IF2312,IF2312,3979.4,1.0,1193820.0,-1.0,1,3976.8,3981.2,1,3987.4,3985.0,3989.0,3974.4,249.0,297433200.0,5371
2023-05-10 09:37:01,IF2312,IF2312,3981.0,3.0,3582840.0,0.0,1,3977.8,3981.2,2,3987.4,3985.0,3989.0,3974.4,252.0,301016040.0,5371
2023-05-10 09:37:02,IF2312,IF2312,3981.0,0.0,0.0,0.0,1,3978.2,3980.0,1,3987.4,3985.0,3989.0,3974.4,252.0,301016040.0,5371
2023-05-10 09:37:02,IF2312,IF2312,3981.0,0.0,0.0,0.0,2,3978.4,3979.8,1,3987.4,3985.0,3989.0,3974.4,252.0,301016040.0,5371
2023-05-10 09:37:03,IF2312,IF2312,3981.0,0.0,0.0,0.0,2,3978.4,3979.8,2,3987.4,3985.0,3989.0,3974.4,252.0,301016040.0,5371
2023-05-10 09:37:06,IF2312,IF2312,3981.0,0.0,0.0,0.0,1,3978.0,3979.8,2,3987.4,3985.0,3989.0,3974.4,252.0,301016040.0,5371
2023-05-10 09:37:07,IF2312,IF2312,3981.0,0.0,0.0,0.0,2,3978.2,3979.6,1,3987.4,3985.0,3989.0,3974.4,252.0,301016040.0,5371
2023-05-10 09:37:07,IF2312,IF2312,3981.0,0.0,0.0,0.0,2,3978.2,3979.8,1,3987.4,3985.0,3989.0,3974.4,252.0,301016040.0,5371
2023-05-10 09:37:09,IF2312,IF2312,3978.2,2.0,2386920.0,0.0,1,3977.6,3978.2,2,3987.4,3985.0,3989.0,3974.4,254.0,303402960.0,5371
2023-05-10 09:37:09,IF2312,IF2312,3978.2,3.0,3580380.0,-1.0,3,3978.2,3981.2,2,3987.4,3985.0,3989.0,3974.4,257.0,306983340.0,5370
2023-05-10 09:37:10,IF2312,IF2312,3978.2,0.0,0.0,0.0,1,3978.6,3981.0,1,3987.4,3985.0,3989.0,3974.4,257.0,306983340.0,5370
2023-05-10 09:37:10,IF2312,IF2312,3978.2,0.0,0.0,0.0,1,3978.6,3980.8,3,3987.4,3985.0,3989.0,3974.4,257.0,306983340.0,5370
2023-05-10 09:37:11,IF2312,IF2312,3978.2,0.0,0.0,0.0,1,3978.6,3980.6,2,3987.4,3985.0,3989.0,3974.4,257.0,306983340.0,5370
2023-05-10 09:37:11,IF2312,IF2312,3978.2,0.0,0.0,0.0,1,3978.6,3980.4,1,3987.4,3985.0,3989.0,3974.4,257.0,306983340.0,5370
2023-05-10 09:37:12,IF2312,IF2312,3978.2,0.0,0.0,0.0,1,3978.6,3980.8,3,3987.4,3985.0,3989.0,3974.4,257.0,306983340.0,5370
2023-05-10 09:37:13,IF2312,IF2312,3978.2,0.0,0.0,0.0,1,3978.6,3981.2,1,3987.4,3985.0,3989.0,3974.4,257.0,306983340.0,5370
2023-05-10 09:37:13,IF2312,IF2312,3978.2,0.0,0.0,0.0,1,3978.6,3981.0,2,3987.4,3985.0,3989.0,3974.4,257.0,306983340.0,5370
2023-05-10 09:37:14,IF2312,IF2312,3978.2,0.0,0.0,0.0,1,3978.8,3980.8,1,3987.4,3985.0,3989.0,3974.4,257.0,306983340.0,5370
2023-05-10 09:37:15,IF2312,IF2312,3978.2,0.0,0.0,0.0,1,3978.6,3980.8,2,3987.4,3985.0,3989.0,3974.4,257.0,306983340.0,5370
2023-05-10 09:37:16,IF2312,IF2312,3978.2,0.0,0.0,0.0,1,3978.6,3980.4,1,3987.4,3985.0,3989.0,3974.4,257.0,306983340.0,5370
2023-05-10 09:37:16,IF2312,IF2312,3978.2,0.0,0.0,0.0,1,3978.2,3980.2,1,3987.4,3985.0,3989.0,3974.4,257.0,306983340.0,5370
2023-05-10 09:37:17,IF2312,IF2312,3978.2,0.0,0.0,0.0,1,3978.4,3980.0,2,3987.4,3985.0,3989.0,3974.4,257.0,306983340.0,5370
2023-05-10 09:37:17,IF2312,IF2312,3978.2,0.0,0.0,0.0,1,3978.2,3980.0,2,3987.4,3985.0,3989.0,3974.4,257.0,306983340.0,5370
2023-05-10 09:37:18,IF2312,IF2312,3980.0,1.0,1194000.0,0.0,1,3978.4,3980.0,1,3987.4,3985.0,3989.0,3974.4,258.0,308177340.0,5370
2023-05-10 09:37:19,IF2312,IF2312,3980.0,1.0,1194000.0,-1.0,2,3978.4,3980.2,1,3987.4,3985.0,3989.0,3974.4,259.0,309371340.0,5369
2023-05-10 09:37:20,IF2312,IF2312,3980.0,0.0,0.0,0.0,2,3978.4,3980.6,1,3987.4,3985.0,3989.0,3974.4,259.0,309371340.0,5369
2023-05-10 09:37:20,IF2312,IF2312,3980.0,0.0,0.0,0.0,1,3978.6,3980.6,1,3987.4,3985.0,3989.0,3974.4,259.0,309371340.0,5369
2023-05-10 09:37:21,IF2312,IF2312,3980.0,0.0,0.0,0.0,1,3978.6,3981.0,1,3987.4,3985.0,3989.0,3974.4,259.0,309371340.0,5369
2023-05-10 09:37:22,IF2312,IF2312,3980.0,0.0,0.0,0.0,1,3978.6,3980.8,1,3987.4,3985.0,3989.0,3974.4,259.0,309371340.0,5369
2023-05-10 09:37:23,IF2312,IF2312,3980.0,0.0,0.0,0.0,1,3978.6,3980.6,1,3987.4,3985.0,3989.0,3974.4,259.0,309371340.0,5369
2023-05-10 09:37:23,IF2312,IF2312,3980.0,0.0,0.0,0.0,2,3978.4,3979.8,1,3987.4,3985.0,3989.0,3974.4,259.0,309371340.0,5369
2023-05-10 09:37:24,IF2312,IF2312,3980.0,0.0,0.0,0.0,2,3978.4,3980.6,2,3987.4,3985.0,3989.0,3974.4,259.0,309371340.0,5369
2023-05-10 09:37:24,IF2312,IF2312,3980.0,0.0,0.0,0.0,2,3978.4,3980.4,2,3987.4,3985.0,3989.0,3974.4,259.0,309371340.0,5369
2023-05-10 09:37:25,IF2312,IF2312,3980.4,1.0,1194120.0,-1.0,2,3978.4,3980.4,1,3987.4,3985.0,3989.0,3974.4,260.0,310565460.0,5368
2023-05-10 09:37:26,IF2312,IF2312,3980.4,0.0,0.0,0.0,1,3978.6,3980.2,1,3987.4,3985.0,3989.0,3974.4,260.0,310565460.0,5368
2023-05-10 09:37:29,IF2312,IF2312,3980.4,0.0,0.0,0.0,1,3978.6,3980.4,1,3987.4,3985.0,3989.0,3974.4,260.0,310565460.0,5368
2023-05-10 09:37:30,IF2312,IF2312,3980.4,0.0,0.0,0.0,1,3978.6,3980.4,2,3987.4,3985.0,3989.0,3974.4,260.0,310565460.0,5368
2023-05-10 09:37:30,IF2312,IF2312,3980.4,0.0,0.0,0.0,1,3978.6,3980.2,1,3987.4,3985.0,3989.0,3974.4,260.0,310565460.0,5368
2023-05-10 09:37:31,IF2312,IF2312,3980.4,0.0,0.0,0.0,2,3978.4,3980.2,1,3987.4,3985.0,3989.0,3974.4,260.0,310565460.0,5368
2023-05-10 09:37:32,IF2312,IF2312,3980.4,0.0,0.0,0.0,1,3977.8,3979.8,1,3987.4,3985.0,3989.0,3974.4,260.0,310565460.0,5368
2023-05-10 09:37:32,IF2312,IF2312,3980.4,0.0,0.0,0.0,1,3978.0,3979.8,1,3987.4,3985.0,3989.0,3974.4,260.0,310565460.0,5368
2023-05-10 09:37:33,IF2312,IF2312,3980.4,0.0,0.0,0.0,1,3977.8,3979.6,2,3987.4,3985.0,3989.0,3974.4,260.0,310565460.0,5368
2023-05-10 09:37:33,IF2312,IF2312,3980.4,0.0,0.0,0.0,2,3978.0,3979.4,1,3987.4,3985.0,3989.0,3974.4,260.0,310565460.0,5368
2023-05-10 09:37:35,IF2312,IF2312,3979.4,1.0,1193820.0,-1.0,1,3979.4,3979.6,2,3987.4,3985.0,3989.0,3974.4,261.0,311759280.0,5367
2023-05-10 09:37:36,IF2312,IF2312,3979.4,1.0,1193820.0,-1.0,1,3977.6,3979.2,1,3987.4,3985.0,3989.0,3974.4,262.0,312953100.0,5366
2023-05-10 09:37:36,IF2312,IF2312,3979.4,0.0,0.0,0.0,1,3978.0,3979.2,1,3987.4,3985.0,3989.0,3974.4,262.0,312953100.0,5366
2023-05-10 09:37:37,IF2312,IF2312,3979.4,0.0,0.0,0.0,1,3978.0,3979.2,2,3987.4,3985.0,3989.0,3974.4,262.0,312953100.0,5366
2023-05-10 09:37:39,IF2312,IF2312,3979.4,0.0,0.0,0.0,1,3978.0,3979.2,1,3987.4,3985.0,3989.0,3974.4,262.0,312953100.0,5366
2023-05-10 09:37:39,IF2312,IF2312,3978.0,1.0,1193400.0,-1.0,1,3977.6,3979.0,1,3987.4,3985.0,3989.0,3974.4,263.0,314146500.0,5365
2023-05-10 09:37:40,IF2312,IF2312,3978.0,0.0,0.0,0.0,2,3977.8,3978.8,1,3987.4,3985.0,3989.0,3974.4,263.0,314146500.0,5365
2023-05-10 09:37:40,IF2312,IF2312,3978.0,0.0,0.0,0.0,1,3977.6,3978.8,1,3987.4,3985.0,3989.0,3974.4,263.0,314146500.0,5365
2023-05-10 09:37:41,IF2312,IF2312,3978.0,0.0,0.0,0.0,1,3977.6,3978.6,1,3987.4,3985.0,3989.0,3974.4,263.0,314146500.0,5365
2023-05-10 09:37:42,IF2312,IF2312,3977.6,1.0,1193280.0,-1.0,1,3977.0,3978.6,2,3987.4,3985.0,3989.0,3974.4,264.0,315339780.0,5364
2023-05-10 09:37:42,IF2312,IF2312,3977.0,3.0,3580260.0,-1.0,1,3976.8,3978.8,1,3987.4,3985.0,3989.0,3974.4,267.0,318920040.0,5363
2023-05-10 09:37:43,IF2312,IF2312,3977.0,0.0,0.0,0.0,1,3977.2,3978.6,2,3987.4,3985.0,3989.0,3974.4,267.0,318920040.0,5363
2023-05-10 09:37:44,IF2312,IF2312,3977.0,0.0,0.0,0.0,1,3976.8,3978.0,1,3987.4,3985.0,3989.0,3974.4,267.0,318920040.0,5363
2023-05-10 09:37:44,IF2312,IF2312,3977.0,0.0,0.0,0.0,1,3977.2,3978.0,1,3987.4,3985.0,3989.0,3974.4,267.0,318920040.0,5363
2023-05-10 09:37:45,IF2312,IF2312,3978.0,1.0,1193400.0,-1.0,1,3978.4,3978.6,1,3987.4,3985.0,3989.0,3974.4,268.0,320113440.0,5362
2023-05-10 09:37:45,IF2312,IF2312,3978.4,1.0,1193520.0,-1.0,1,3977.2,3978.2,1,3987.4,3985.0,3989.0,3974.4,269.0,321306960.0,5361
2023-05-10 09:37:46,IF2312,IF2312,3978.2,1.0,1193460.0,0.0,2,3977.4,3978.6,1,3987.4,3985.0,3989.0,3974.4,270.0,322500420.0,5361
2023-05-10 09:37:46,IF2312,IF2312,3978.2,0.0,0.0,0.0,2,3977.4,3978.4,1,3987.4,3985.0,3989.0,3974.4,270.0,322500420.0,5361
2023-05-10 09:37:49,IF2312,IF2312,3978.4,1.0,1193520.0,-1.0,2,3977.4,3978.6,1,3987.4,3985.0,3989.0,3974.4,271.0,323693940.0,5360
2023-05-10 09:37:49,IF2312,IF2312,3978.4,0.0,0.0,0.0,1,3977.6,3978.4,1,3987.4,3985.0,3989.0,3974.4,271.0,323693940.0,5360
2023-05-10 09:37:50,IF2312,IF2312,3978.4,0.0,0.0,0.0,1,3977.6,3978.4,2,3987.4,3985.0,3989.0,3974.4,271.0,323693940.0,5360
2023-05-10 09:37:51,IF2312,IF2312,3978.4,0.0,0.0,0.0,1,3977.2,3978.4,2,3987.4,3985.0,3989.0,3974.4,271.0,323693940.0,5360
2023-05-10 09:37:52,IF2312,IF2312,3978.4,0.0,0.0,0.0,1,3976.8,3978.4,2,3987.4,3985.0,3989.0,3974.4,271.0,323693940.0,5360
2023-05-10 09:37:52,IF2312,IF2312,3978.4,0.0,0.0,0.0,2,3977.0,3978.4,2,3987.4,3985.0,3989.0,3974.4,271.0,323693940.0,5360
2023-05-10 09:37:53,IF2312,IF2312,3978.4,0.0,0.0,0.0,2,3977.0,3978.2,1,3987.4,3985.0,3989.0,3974.4,271.0,323693940.0,5360
2023-05-10 09:37:53,IF2312,IF2312,3978.4,0.0,0.0,0.0,1,3977.2,3978.0,1,3987.4,3985.0,3989.0,3974.4,271.0,323693940.0,5360
2023-05-10 09:37:57,IF2312,IF2312,3978.0,1.0,1193400.0,-1.0,1,3977.2,3979.2,1,3987.4,3985.0,3989.0,3974.4,272.0,324887340.0,5359
2023-05-10 09:37:57,IF2312,IF2312,3978.0,0.0,0.0,0.0,1,3977.2,3979.0,2,3987.4,3985.0,3989.0,3974.4,272.0,324887340.0,5359
2023-05-10 09:37:58,IF2312,IF2312,3978.0,0.0,0.0,0.0,1,3977.4,3979.0,2,3987.4,3985.0,3989.0,3974.4,272.0,324887340.0,5359
2023-05-10 09:37:58,IF2312,IF2312,3978.0,0.0,0.0,0.0,1,3977.6,3979.0,2,3987.4,3985.0,3989.0,3974.4,272.0,324887340.0,5359
2023-05-10 09:37:59,IF2312,IF2312,3978.0,0.0,0.0,0.0,1,3977.4,3979.0,2,3987.4,3985.0,3989.0,3974.4,272.0,324887340.0,5359
2023-05-10 09:38:00,IF2312,IF2312,3978.0,0.0,0.0,0.0,1,3977.6,3979.0,2,3987.4,3985.0,3989.0,3974.4,272.0,324887340.0,5359
2023-05-10 09:38:00,IF2312,IF2312,3978.0,0.0,0.0,0.0,1,3977.6,3979.0,1,3987.4,3985.0,3989.0,3974.4,272.0,324887340.0,5359
2023-05-10 09:38:04,IF2312,IF2312,3979.0,1.0,1193700.0,-1.0,1,3977.6,3979.8,1,3987.4,3985.0,3989.0,3974.4,273.0,326081040.0,5358
2023-05-10 09:38:04,IF2312,IF2312,3979.0,0.0,0.0,0.0,1,3977.8,3979.6,2,3987.4,3985.0,3989.0,3974.4,273.0,326081040.0,5358
2023-05-10 09:38:05,IF2312,IF2312,3979.0,0.0,0.0,0.0,2,3978.6,3979.6,2,3987.4,3985.0,3989.0,3974.4,273.0,326081040.0,5358
2023-05-10 09:38:05,IF2312,IF2312,3979.6,2.0,2387760.0,-1.0,2,3978.6,3980.4,1,3987.4,3985.0,3989.0,3974.4,275.0,328468800.0,5357
2023-05-10 09:38:06,IF2312,IF2312,3979.6,0.0,0.0,0.0,1,3979.0,3980.2,2,3987.4,3985.0,3989.0,3974.4,275.0,328468800.0,5357
2023-05-10 09:38:06,IF2312,IF2312,3979.6,0.0,0.0,0.0,1,3979.4,3980.2,1,3987.4,3985.0,3989.0,3974.4,275.0,328468800.0,5357
2023-05-10 09:38:07,IF2312,IF2312,3979.6,0.0,0.0,0.0,2,3979.6,3980.2,1,3987.4,3985.0,3989.0,3974.4,275.0,328468800.0,5357
2023-05-10 09:38:08,IF2312,IF2312,3980.2,1.0,1194060.0,0.0,2,3979.6,3982.6,1,3987.4,3985.0,3989.0,3974.4,276.0,329662860.0,5357
2023-05-10 09:38:08,IF2312,IF2312,3980.2,0.0,0.0,0.0,1,3980.0,3982.2,1,3987.4,3985.0,3989.0,3974.4,276.0,329662860.0,5357
2023-05-10 09:38:09,IF2312,IF2312,3980.2,0.0,0.0,0.0,1,3980.0,3982.0,1,3987.4,3985.0,3989.0,3974.4,276.0,329662860.0,5357
2023-05-10 09:38:09,IF2312,IF2312,3980.2,0.0,0.0,0.0,2,3979.6,3982.0,2,3987.4,3985.0,3989.0,3974.4,276.0,329662860.0,5357
2023-05-10 09:38:10,IF2312,IF2312,3980.2,0.0,0.0,0.0,1,3980.0,3982.0,2,3987.4,3985.0,3989.0,3974.4,276.0,329662860.0,5357
2023-05-10 09:38:10,IF2312,IF2312,3980.2,0.0,0.0,0.0,1,3980.2,3982.0,2,3987.4,3985.0,3989.0,3974.4,276.0,329662860.0,5357
2023-05-10 09:38:11,IF2312,IF2312,3980.2,0.0,0.0,0.0,1,3980.4,3982.0,2,3987.4,3985.0,3989.0,3974.4,276.0,329662860.0,5357
2023-05-10 09:38:11,IF2312,IF2312,3980.2,0.0,0.0,0.0,2,3980.6,3982.0,2,3987.4,3985.0,3989.0,3974.4,276.0,329662860.0,5357
2023-05-10 09:38:12,IF2312,IF2312,3980.2,0.0,0.0,0.0,1,3980.8,3982.0,2,3987.4,3985.0,3989.0,3974.4,276.0,329662860.0,5357
2023-05-10 09:38:12,IF2312,IF2312,3980.2,0.0,0.0,0.0,1,3980.8,3982.0,1,3987.4,3985.0,3989.0,3974.4,276.0,329662860.0,5357
2023-05-10 09:38:14,IF2312,IF2312,3980.8,1.0,1194240.0,-1.0,1,3980.4,3982.0,1,3987.4,3985.0,3989.0,3974.4,277.0,330857100.0,5356
2023-05-10 09:38:14,IF2312,IF2312,3980.8,0.0,0.0,0.0,1,3980.2,3981.6,1,3987.4,3985.0,3989.0,3974.4,277.0,330857100.0,5356
2023-05-10 09:38:15,IF2312,IF2312,3980.8,0.0,0.0,0.0,1,3979.4,3981.0,1,3987.4,3985.0,3989.0,3974.4,277.0,330857100.0,5356
2023-05-10 09:38:16,IF2312,IF2312,3980.8,0.0,0.0,0.0,1,3977.4,3980.8,1,3987.4,3985.0,3989.0,3974.4,277.0,330857100.0,5356
2023-05-10 09:38:16,IF2312,IF2312,3980.8,0.0,0.0,0.0,1,3978.8,3980.6,1,3987.4,3985.0,3989.0,3974.4,277.0,330857100.0,5356
2023-05-10 09:38:17,IF2312,IF2312,3980.6,1.0,1194180.0,-1.0,2,3979.4,3980.6,1,3987.4,3985.0,3989.0,3974.4,278.0,332051280.0,5355
2023-05-10 09:38:17,IF2312,IF2312,3980.6,0.0,0.0,0.0,2,3979.8,3981.0,1,3987.4,3985.0,3989.0,3974.4,278.0,332051280.0,5355
2023-05-10 09:38:18,IF2312,IF2312,3980.6,0.0,0.0,0.0,2,3979.8,3981.4,1,3987.4,3985.0,3989.0,3974.4,278.0,332051280.0,5355
2023-05-10 09:38:19,IF2312,IF2312,3980.6,0.0,0.0,0.0,1,3980.0,3981.4,1,3987.4,3985.0,3989.0,3974.4,278.0,332051280.0,5355
2023-05-10 09:38:21,IF2312,IF2312,3980.0,1.0,1194000.0,0.0,1,3979.6,3981.4,1,3987.4,3985.0,3989.0,3974.4,279.0,333245280.0,5355
2023-05-10 09:38:21,IF2312,IF2312,3980.0,0.0,0.0,0.0,2,3979.8,3981.2,1,3987.4,3985.0,3989.0,3974.4,279.0,333245280.0,5355
2023-05-10 09:38:22,IF2312,IF2312,3980.0,0.0,0.0,0.0,2,3979.8,3981.0,2,3987.4,3985.0,3989.0,3974.4,279.0,333245280.0,5355
2023-05-10 09:38:22,IF2312,IF2312,3980.0,0.0,0.0,0.0,2,3979.8,3981.2,1,3987.4,3985.0,3989.0,3974.4,279.0,333245280.0,5355
2023-05-10 09:38:23,IF2312,IF2312,3980.0,0.0,0.0,0.0,1,3979.4,3981.0,1,3987.4,3985.0,3989.0,3974.4,279.0,333245280.0,5355
2023-05-10 09:38:24,IF2312,IF2312,3980.0,0.0,0.0,0.0,4,3980.0,3980.8,1,3987.4,3985.0,3989.0,3974.4,279.0,333245280.0,5355
2023-05-10 09:38:25,IF2312,IF2312,3980.0,1.0,1194000.0,0.0,3,3980.0,3980.6,1,3987.4,3985.0,3989.0,3974.4,280.0,334439280.0,5355
2023-05-10 09:38:25,IF2312,IF2312,3980.0,1.0,1194000.0,0.0,2,3980.0,3980.6,1,3987.4,3985.0,3989.0,3974.4,281.0,335633280.0,5355
2023-05-10 09:38:26,IF2312,IF2312,3980.0,1.0,1194000.0,0.0,1,3980.0,3980.6,1,3987.4,3985.0,3989.0,3974.4,282.0,336827280.0,5355
2023-05-10 09:38:26,IF2312,IF2312,3980.0,0.0,0.0,0.0,1,3980.0,3981.0,1,3987.4,3985.0,3989.0,3974.4,282.0,336827280.0,5355
2023-05-10 09:38:27,IF2312,IF2312,3980.0,0.0,0.0,0.0,1,3980.0,3981.4,1,3987.4,3985.0,3989.0,3974.4,282.0,336827280.0,5355
2023-05-10 09:38:27,IF2312,IF2312,3980.0,0.0,0.0,0.0,1,3980.0,3981.2,1,3987.4,3985.0,3989.0,3974.4,282.0,336827280.0,5355
2023-05-10 09:38:29,IF2312,IF2312,3980.0,0.0,0.0,0.0,1,3980.0,3981.0,1,3987.4,3985.0,3989.0,3974.4,282.0,336827280.0,5355
2023-05-10 09:38:29,IF2312,IF2312,3980.0,0.0,0.0,0.0,1,3980.0,3981.0,2,3987.4,3985.0,3989.0,3974.4,282.0,336827280.0,5355
2023-05-10 09:38:31,IF2312,IF2312,3980.0,1.0,1194000.0,0.0,1,3979.4,3981.0,2,3987.4,3985.0,3989.0,3974.4,283.0,338021280.0,5355
2023-05-10 09:38:31,IF2312,IF2312,3980.0,0.0,0.0,0.0,1,3979.0,3980.8,4,3987.4,3985.0,3989.0,3974.4,283.0,338021280.0,5355
2023-05-10 09:38:32,IF2312,IF2312,3980.0,0.0,0.0,0.0,1,3978.8,3980.6,1,3987.4,3985.0,3989.0,3974.4,283.0,338021280.0,5355
2023-05-10 09:38:32,IF2312,IF2312,3980.0,0.0,0.0,0.0,2,3979.0,3980.4,1,3987.4,3985.0,3989.0,3974.4,283.0,338021280.0,5355
2023-05-10 09:38:33,IF2312,IF2312,3980.0,0.0,0.0,0.0,2,3979.2,3980.4,3,3987.4,3985.0,3989.0,3974.4,283.0,338021280.0,5355
2023-05-10 09:38:34,IF2312,IF2312,3980.0,0.0,0.0,0.0,2,3979.2,3980.4,2,3987.4,3985.0,3989.0,3974.4,283.0,338021280.0,5355
2023-05-10 09:38:35,IF2312,IF2312,3980.4,2.0,2388240.0,-2.0,2,3979.2,3980.8,2,3987.4,3985.0,3989.0,3974.4,285.0,340409520.0,5353
2023-05-10 09:38:35,IF2312,IF2312,3980.4,0.0,0.0,0.0,1,3979.6,3984.2,1,3987.4,3985.0,3989.0,3974.4,285.0,340409520.0,5353
2023-05-10 09:38:36,IF2312,IF2312,3980.4,0.0,0.0,0.0,1,3980.4,3982.6,1,3987.4,3985.0,3989.0,3974.4,285.0,340409520.0,5353
2023-05-10 09:38:36,IF2312,IF2312,3980.4,0.0,0.0,0.0,2,3979.8,3982.4,3,3987.4,3985.0,3989.0,3974.4,285.0,340409520.0,5353
2023-05-10 09:38:37,IF2312,IF2312,3980.4,0.0,0.0,0.0,1,3980.0,3981.4,1,3987.4,3985.0,3989.0,3974.4,285.0,340409520.0,5353
2023-05-10 09:38:41,IF2312,IF2312,3980.4,0.0,0.0,0.0,1,3980.0,3981.0,1,3987.4,3985.0,3989.0,3974.4,285.0,340409520.0,5353
2023-05-10 09:38:41,IF2312,IF2312,3980.4,0.0,0.0,0.0,1,3979.8,3980.8,1,3987.4,3985.0,3989.0,3974.4,285.0,340409520.0,5353
2023-05-10 09:38:42,IF2312,IF2312,3979.8,1.0,1193940.0,0.0,1,3979.4,3980.8,1,3987.4,3985.0,3989.0,3974.4,286.0,341603460.0,5353
2023-05-10 09:38:42,IF2312,IF2312,3979.8,0.0,0.0,0.0,1,3979.2,3980.8,1,3987.4,3985.0,3989.0,3974.4,286.0,341603460.0,5353
2023-05-10 09:38:43,IF2312,IF2312,3979.8,0.0,0.0,0.0,1,3979.4,3980.6,1,3987.4,3985.0,3989.0,3974.4,286.0,341603460.0,5353
2023-05-10 09:38:43,IF2312,IF2312,3979.8,0.0,0.0,0.0,1,3979.4,3980.8,1,3987.4,3985.0,3989.0,3974.4,286.0,341603460.0,5353
2023-05-10 09:38:44,IF2312,IF2312,3979.8,0.0,0.0,0.0,2,3979.6,3981.0,1,3987.4,3985.0,3989.0,3974.4,286.0,341603460.0,5353
2023-05-10 09:38:44,IF2312,IF2312,3979.8,0.0,0.0,0.0,2,3979.6,3981.0,2,3987.4,3985.0,3989.0,3974.4,286.0,341603460.0,5353
2023-05-10 09:38:46,IF2312,IF2312,3979.8,0.0,0.0,0.0,1,3979.6,3980.6,1,3987.4,3985.0,3989.0,3974.4,286.0,341603460.0,5353
2023-05-10 09:38:47,IF2312,IF2312,3979.8,0.0,0.0,0.0,1,3979.2,3980.8,1,3987.4,3985.0,3989.0,3974.4,286.0,341603460.0,5353
2023-05-10 09:38:47,IF2312,IF2312,3979.8,0.0,0.0,0.0,1,3976.8,3980.8,1,3987.4,3985.0,3989.0,3974.4,286.0,341603460.0,5353
2023-05-10 09:38:48,IF2312,IF2312,3979.8,0.0,0.0,0.0,1,3978.8,3980.8,1,3987.4,3985.0,3989.0,3974.4,286.0,341603460.0,5353
2023-05-10 09:38:48,IF2312,IF2312,3979.8,0.0,0.0,0.0,3,3979.0,3980.8,1,3987.4,3985.0,3989.0,3974.4,286.0,341603460.0,5353
2023-05-10 09:38:49,IF2312,IF2312,3979.8,0.0,0.0,0.0,1,3979.2,3980.8,1,3987.4,3985.0,3989.0,3974.4,286.0,341603460.0,5353
2023-05-10 09:38:49,IF2312,IF2312,3979.8,0.0,0.0,0.0,1,3979.2,3980.6,1,3987.4,3985.0,3989.0,3974.4,286.0,341603460.0,5353
2023-05-10 09:38:50,IF2312,IF2312,3979.8,0.0,0.0,0.0,1,3979.2,3981.0,2,3987.4,3985.0,3989.0,3974.4,286.0,341603460.0,5353
2023-05-10 09:38:51,IF2312,IF2312,3981.0,1.0,1194300.0,-1.0,1,3979.2,3981.8,1,3987.4,3985.0,3989.0,3974.4,287.0,342797760.0,5352
2023-05-10 09:38:52,IF2312,IF2312,3981.0,0.0,0.0,0.0,1,3979.6,3981.8,1,3987.4,3985.0,3989.0,3974.4,287.0,342797760.0,5352
2023-05-10 09:38:53,IF2312,IF2312,3981.0,0.0,0.0,0.0,1,3979.6,3981.6,1,3987.4,3985.0,3989.0,3974.4,287.0,342797760.0,5352
2023-05-10 09:38:53,IF2312,IF2312,3981.0,0.0,0.0,0.0,1,3979.6,3981.4,1,3987.4,3985.0,3989.0,3974.4,287.0,342797760.0,5352
2023-05-10 09:38:54,IF2312,IF2312,3981.0,0.0,0.0,0.0,1,3979.2,3981.4,1,3987.4,3985.0,3989.0,3974.4,287.0,342797760.0,5352
2023-05-10 09:38:54,IF2312,IF2312,3981.0,0.0,0.0,0.0,1,3979.4,3981.4,1,3987.4,3985.0,3989.0,3974.4,287.0,342797760.0,5352
2023-05-10 09:38:55,IF2312,IF2312,3981.0,0.0,0.0,0.0,1,3979.6,3981.6,1,3987.4,3985.0,3989.0,3974.4,287.0,342797760.0,5352
2023-05-10 09:38:55,IF2312,IF2312,3981.0,0.0,0.0,0.0,2,3979.8,3981.8,1,3987.4,3985.0,3989.0,3974.4,287.0,342797760.0,5352
2023-05-10 09:38:56,IF2312,IF2312,3981.0,0.0,0.0,0.0,2,3980.6,3981.8,1,3987.4,3985.0,3989.0,3974.4,287.0,342797760.0,5352
