time,symbol_id,symbol_name,last,trade_volume,trade_amount,open_interest_change,bv1,bp1,ap1,av1,yesterday_close,today_open,today_high,today_low,volume,amount,open_interest
2023-05-09 20:59:00,zn2305,zn2305,21510.0,5.0,537750.0,0.0,10,21370.0,21540.0,5,21510.0,21510.0,21510.0,21510.0,5.0,537750.0,6660
2023-05-09 21:00:00,zn2305,zn2305,21510.0,0.0,0.0,0.0,15,21370.0,21540.0,10,21510.0,21510.0,21510.0,21510.0,5.0,537750.0,6660
2023-05-09 21:00:01,zn2305,zn2305,21510.0,0.0,0.0,0.0,5,21415.0,21480.0,10,21510.0,21510.0,21510.0,21510.0,5.0,537750.0,6660
2023-05-09 21:00:01,zn2305,zn2305,21510.0,0.0,0.0,0.0,10,21430.0,21480.0,20,21510.0,21510.0,21510.0,21510.0,5.0,537750.0,6660
2023-05-09 21:00:02,zn2305,zn2305,21510.0,0.0,0.0,0.0,10,21455.0,21535.0,5,21510.0,21510.0,21510.0,21510.0,5.0,537750.0,6660
2023-05-09 21:00:02,zn2305,zn2305,21510.0,0.0,0.0,0.0,15,21455.0,21485.0,10,21510.0,21510.0,21510.0,21510.0,5.0,537750.0,6660
2023-05-09 21:00:03,zn2305,zn2305,21510.0,0.0,0.0,0.0,10,21460.0,21485.0,20,21510.0,21510.0,21510.0,21510.0,5.0,537750.0,6660
2023-05-09 21:00:03,zn2305,zn2305,21510.0,0.0,0.0,0.0,15,21460.0,21485.0,20,21510.0,21510.0,21510.0,21510.0,5.0,537750.0,6660
2023-05-09 21:00:04,zn2305,zn2305,21510.0,0.0,0.0,0.0,10,21430.0,21480.0,10,21510.0,21510.0,21510.0,21510.0,5.0,537750.0,6660
2023-05-09 21:00:04,zn2305,zn2305,21510.0,0.0,0.0,0.0,10,21460.0,21535.0,5,21510.0,21510.0,21510.0,21510.0,5.0,537750.0,6660
2023-05-09 21:00:05,zn2305,zn2305,21510.0,0.0,0.0,0.0,10,21465.0,21490.0,10,21510.0,21510.0,21510.0,21510.0,5.0,537750.0,6660
2023-05-09 21:00:05,zn2305,zn2305,21510.0,0.0,0.0,0.0,15,21465.0,21490.0,20,21510.0,21510.0,21510.0,21510.0,5.0,537750.0,6660
2023-05-09 21:00:06,zn2305,zn2305,21510.0,0.0,0.0,0.0,15,21465.0,21490.0,20,21510.0,21510.0,21510.0,21510.0,5.0,537750.0,6660
2023-05-09 21:00:07,zn2305,zn2305,21510.0,0.0,0.0,0.0,10,21470.0,21510.0,25,21510.0,21510.0,21510.0,21510.0,5.0,537750.0,6660
2023-05-09 21:00:07,zn2305,zn2305,21510.0,0.0,0.0,0.0,15,21470.0,21495.0,10,21510.0,21510.0,21510.0,21510.0,5.0,537750.0,6660
2023-05-09 21:00:08,zn2305,zn2305,21510.0,0.0,0.0,0.0,10,21430.0,21490.0,10,21510.0,21510.0,21510.0,21510.0,5.0,537750.0,6660
2023-05-09 21:00:08,zn2305,zn2305,21510.0,0.0,0.0,0.0,5,21460.0,21490.0,35,21510.0,21510.0,21510.0,21510.0,5.0,537750.0,6660
2023-05-09 21:00:09,zn2305,zn2305,21510.0,0.0,0.0,0.0,10,21460.0,21485.0,10,21510.0,21510.0,21510.0,21510.0,5.0,537750.0,6660
2023-05-09 21:00:09,zn2305,zn2305,21510.0,0.0,0.0,0.0,10,21430.0,21480.0,10,21510.0,21510.0,21510.0,21510.0,5.0,537750.0,6660
2023-05-09 21:00:10,zn2305,zn2305,21510.0,0.0,0.0,0.0,5,21455.0,21480.0,20,21510.0,21510.0,21510.0,21510.0,5.0,537750.0,6660
2023-05-09 21:00:10,zn2305,zn2305,21510.0,0.0,0.0,0.0,10,21455.0,21510.0,25,21510.0,21510.0,21510.0,21510.0,5.0,537750.0,6660
2023-05-09 21:00:11,zn2305,zn2305,21510.0,0.0,0.0,0.0,5,21460.0,21485.0,10,21510.0,21510.0,21510.0,21510.0,5.0,537750.0,6660
2023-05-09 21:00:11,zn2305,zn2305,21510.0,0.0,0.0,0.0,10,21430.0,21480.0,10,21510.0,21510.0,21510.0,21510.0,5.0,537750.0,6660
2023-05-09 21:00:12,zn2305,zn2305,21510.0,0.0,0.0,0.0,5,21450.0,21480.0,25,21510.0,21510.0,21510.0,21510.0,5.0,537750.0,6660
2023-05-09 21:00:12,zn2305,zn2305,21510.0,0.0,0.0,0.0,5,21375.0,21470.0,10,21510.0,21510.0,21510.0,21510.0,5.0,537750.0,6660
2023-05-09 21:00:13,zn2305,zn2305,21510.0,0.0,0.0,0.0,5,21445.0,21470.0,20,21510.0,21510.0,21510.0,21510.0,5.0,537750.0,6660
2023-05-09 21:00:13,zn2305,zn2305,21510.0,0.0,0.0,0.0,10,21450.0,21510.0,25,21510.0,21510.0,21510.0,21510.0,5.0,537750.0,6660
2023-05-09 21:00:14,zn2305,zn2305,21510.0,0.0,0.0,0.0,10,21450.0,21475.0,10,21510.0,21510.0,21510.0,21510.0,5.0,537750.0,6660
2023-05-09 21:00:14,zn2305,zn2305,21510.0,0.0,0.0,0.0,10,21450.0,21475.0,20,21510.0,21510.0,21510.0,21510.0,5.0,537750.0,6660
2023-05-09 21:00:16,zn2305,zn2305,21510.0,0.0,0.0,0.0,10,21420.0,21510.0,25,21510.0,21510.0,21510.0,21510.0,5.0,537750.0,6660
2023-05-09 21:00:16,zn2305,zn2305,21510.0,0.0,0.0,0.0,5,21455.0,21480.0,10,21510.0,21510.0,21510.0,21510.0,5.0,537750.0,6660
2023-05-09 21:00:17,zn2305,zn2305,21510.0,0.0,0.0,0.0,5,21460.0,21510.0,25,21510.0,21510.0,21510.0,21510.0,5.0,537750.0,6660
2023-05-09 21:00:17,zn2305,zn2305,21510.0,0.0,0.0,0.0,5,21460.0,21485.0,10,21510.0,21510.0,21510.0,21510.0,5.0,537750.0,6660
2023-05-09 21:00:18,zn2305,zn2305,21510.0,0.0,0.0,0.0,5,21460.0,21480.0,15,21510.0,21510.0,21510.0,21510.0,5.0,537750.0,6660
2023-05-09 21:00:18,zn2305,zn2305,21510.0,0.0,0.0,0.0,5,21460.0,21475.0,5,21510.0,21510.0,21510.0,21510.0,5.0,537750.0,6660
2023-05-09 21:00:19,zn2305,zn2305,21510.0,0.0,0.0,0.0,5,21460.0,21475.0,5,21510.0,21510.0,21510.0,21510.0,5.0,537750.0,6660
2023-05-09 21:00:20,zn2305,zn2305,21510.0,0.0,0.0,0.0,10,21420.0,21475.0,5,21510.0,21510.0,21510.0,21510.0,5.0,537750.0,6660
2023-05-09 21:00:21,zn2305,zn2305,21510.0,0.0,0.0,0.0,5,21460.0,21475.0,5,21510.0,21510.0,21510.0,21510.0,5.0,537750.0,6660
2023-05-09 21:00:21,zn2305,zn2305,21510.0,0.0,0.0,0.0,5,21460.0,21475.0,5,21510.0,21510.0,21510.0,21510.0,5.0,537750.0,6660
2023-05-09 21:00:22,zn2305,zn2305,21510.0,0.0,0.0,0.0,5,21460.0,21475.0,5,21510.0,21510.0,21510.0,21510.0,5.0,537750.0,6660
2023-05-09 21:00:27,zn2305,zn2305,21510.0,0.0,0.0,0.0,5,21465.0,21510.0,25,21510.0,21510.0,21510.0,21510.0,5.0,537750.0,6660
2023-05-09 21:00:27,zn2305,zn2305,21510.0,0.0,0.0,0.0,5,21465.0,21480.0,5,21510.0,21510.0,21510.0,21510.0,5.0,537750.0,6660
2023-05-09 21:00:28,zn2305,zn2305,21510.0,0.0,0.0,0.0,5,21465.0,21480.0,5,21510.0,21510.0,21510.0,21510.0,5.0,537750.0,6660
2023-05-09 21:00:29,zn2305,zn2305,21510.0,0.0,0.0,0.0,10,21420.0,21475.0,5,21510.0,21510.0,21510.0,21510.0,5.0,537750.0,6660
2023-05-09 21:00:30,zn2305,zn2305,21510.0,0.0,0.0,0.0,5,21460.0,21475.0,5,21510.0,21510.0,21510.0,21510.0,5.0,537750.0,6660
2023-05-09 21:00:30,zn2305,zn2305,21510.0,0.0,0.0,0.0,5,21460.0,21475.0,5,21510.0,21510.0,21510.0,21510.0,5.0,537750.0,6660
2023-05-09 21:00:33,zn2305,zn2305,21510.0,0.0,0.0,0.0,10,21420.0,21470.0,5,21510.0,21510.0,21510.0,21510.0,5.0,537750.0,6660
2023-05-09 21:00:33,zn2305,zn2305,21510.0,0.0,0.0,0.0,5,21455.0,21470.0,5,21510.0,21510.0,21510.0,21510.0,5.0,537750.0,6660
2023-05-09 21:00:34,zn2305,zn2305,21510.0,0.0,0.0,0.0,5,21455.0,21470.0,5,21510.0,21510.0,21510.0,21510.0,5.0,537750.0,6660
2023-05-09 21:00:34,zn2305,zn2305,21510.0,0.0,0.0,0.0,10,21420.0,21465.0,5,21510.0,21510.0,21510.0,21510.0,5.0,537750.0,6660
2023-05-09 21:00:35,zn2305,zn2305,21510.0,0.0,0.0,0.0,5,21450.0,21465.0,5,21510.0,21510.0,21510.0,21510.0,5.0,537750.0,6660
2023-05-09 21:00:35,zn2305,zn2305,21510.0,0.0,0.0,0.0,5,21375.0,21460.0,5,21510.0,21510.0,21510.0,21510.0,5.0,537750.0,6660
2023-05-09 21:00:36,zn2305,zn2305,21510.0,0.0,0.0,0.0,5,21445.0,21460.0,5,21510.0,21510.0,21510.0,21510.0,5.0,537750.0,6660
2023-05-09 21:00:36,zn2305,zn2305,21510.0,0.0,0.0,0.0,5,21375.0,21455.0,5,21510.0,21510.0,21510.0,21510.0,5.0,537750.0,6660
2023-05-09 21:00:37,zn2305,zn2305,21510.0,0.0,0.0,0.0,20,21440.0,21455.0,5,21510.0,21510.0,21510.0,21510.0,5.0,537750.0,6660
2023-05-09 21:00:37,zn2305,zn2305,21510.0,0.0,0.0,0.0,20,21440.0,21455.0,5,21510.0,21510.0,21510.0,21510.0,5.0,537750.0,6660
2023-05-09 21:00:38,zn2305,zn2305,21510.0,0.0,0.0,0.0,10,21415.0,21450.0,5,21510.0,21510.0,21510.0,21510.0,5.0,537750.0,6660
2023-05-09 21:00:39,zn2305,zn2305,21510.0,0.0,0.0,0.0,20,21435.0,21450.0,5,21510.0,21510.0,21510.0,21510.0,5.0,537750.0,6660
2023-05-09 21:00:39,zn2305,zn2305,21510.0,0.0,0.0,0.0,5,21375.0,21445.0,5,21510.0,21510.0,21510.0,21510.0,5.0,537750.0,6660
2023-05-09 21:00:40,zn2305,zn2305,21510.0,0.0,0.0,0.0,20,21435.0,21510.0,25,21510.0,21510.0,21510.0,21510.0,5.0,537750.0,6660
2023-05-09 21:00:40,zn2305,zn2305,21510.0,0.0,0.0,0.0,20,21435.0,21450.0,5,21510.0,21510.0,21510.0,21510.0,5.0,537750.0,6660
2023-05-09 21:00:41,zn2305,zn2305,21510.0,0.0,0.0,0.0,20,21435.0,21450.0,5,21510.0,21510.0,21510.0,21510.0,5.0,537750.0,6660
2023-05-09 21:00:41,zn2305,zn2305,21510.0,0.0,0.0,0.0,20,21440.0,21505.0,5,21510.0,21510.0,21510.0,21510.0,5.0,537750.0,6660
2023-05-09 21:00:42,zn2305,zn2305,21510.0,0.0,0.0,0.0,20,21440.0,21455.0,5,21510.0,21510.0,21510.0,21510.0,5.0,537750.0,6660
2023-05-09 21:00:42,zn2305,zn2305,21510.0,0.0,0.0,0.0,5,21375.0,21455.0,5,21510.0,21510.0,21510.0,21510.0,5.0,537750.0,6660
2023-05-09 21:00:43,zn2305,zn2305,21510.0,0.0,0.0,0.0,20,21435.0,21455.0,5,21510.0,21510.0,21510.0,21510.0,5.0,537750.0,6660
2023-05-09 21:00:43,zn2305,zn2305,21510.0,0.0,0.0,0.0,20,21435.0,21450.0,5,21510.0,21510.0,21510.0,21510.0,5.0,537750.0,6660
2023-05-09 21:00:46,zn2305,zn2305,21510.0,0.0,0.0,0.0,5,21440.0,21505.0,5,21510.0,21510.0,21510.0,21510.0,5.0,537750.0,6660
2023-05-09 21:00:46,zn2305,zn2305,21510.0,0.0,0.0,0.0,10,21440.0,21455.0,5,21510.0,21510.0,21510.0,21510.0,5.0,537750.0,6660
2023-05-09 21:00:47,zn2305,zn2305,21510.0,0.0,0.0,0.0,15,21440.0,21455.0,5,21510.0,21510.0,21510.0,21510.0,5.0,537750.0,6660
2023-05-09 21:00:47,zn2305,zn2305,21510.0,0.0,0.0,0.0,25,21440.0,21455.0,5,21510.0,21510.0,21510.0,21510.0,5.0,537750.0,6660
2023-05-09 21:00:49,zn2305,zn2305,21510.0,0.0,0.0,0.0,5,21440.0,21455.0,5,21510.0,21510.0,21510.0,21510.0,5.0,537750.0,6660
2023-05-09 21:00:49,zn2305,zn2305,21510.0,0.0,0.0,0.0,5,21440.0,21450.0,5,21510.0,21510.0,21510.0,21510.0,5.0,537750.0,6660
2023-05-09 21:00:50,zn2305,zn2305,21440.0,5.0,536000.0,5.0,5,21375.0,21445.0,5,21510.0,21510.0,21510.0,21440.0,10.0,1073750.0,6665
2023-05-09 21:00:51,zn2305,zn2305,21440.0,0.0,0.0,0.0,20,21430.0,21445.0,5,21510.0,21510.0,21510.0,21440.0,10.0,1073750.0,6665
2023-05-09 21:00:51,zn2305,zn2305,21440.0,0.0,0.0,0.0,20,21430.0,21445.0,5,21510.0,21510.0,21510.0,21440.0,10.0,1073750.0,6665
2023-05-09 21:00:52,zn2305,zn2305,21440.0,0.0,0.0,0.0,20,21430.0,21445.0,5,21510.0,21510.0,21510.0,21440.0,10.0,1073750.0,6665
2023-05-09 21:00:54,zn2305,zn2305,21440.0,0.0,0.0,0.0,5,21435.0,21505.0,5,21510.0,21510.0,21510.0,21440.0,10.0,1073750.0,6665
2023-05-09 21:00:54,zn2305,zn2305,21440.0,0.0,0.0,0.0,10,21435.0,21450.0,5,21510.0,21510.0,21510.0,21440.0,10.0,1073750.0,6665
2023-05-09 21:00:55,zn2305,zn2305,21440.0,0.0,0.0,0.0,10,21405.0,21445.0,5,21510.0,21510.0,21510.0,21440.0,10.0,1073750.0,6665
2023-05-09 21:00:55,zn2305,zn2305,21440.0,0.0,0.0,0.0,20,21435.0,21505.0,5,21510.0,21510.0,21510.0,21440.0,10.0,1073750.0,6665
2023-05-09 21:00:56,zn2305,zn2305,21440.0,0.0,0.0,0.0,20,21435.0,21450.0,5,21510.0,21510.0,21510.0,21440.0,10.0,1073750.0,6665
2023-05-09 21:00:56,zn2305,zn2305,21440.0,0.0,0.0,0.0,20,21435.0,21450.0,5,21510.0,21510.0,21510.0,21440.0,10.0,1073750.0,6665
2023-05-09 21:00:57,zn2305,zn2305,21440.0,0.0,0.0,0.0,10,21405.0,21445.0,5,21510.0,21510.0,21510.0,21440.0,10.0,1073750.0,6665
2023-05-09 21:00:58,zn2305,zn2305,21440.0,0.0,0.0,0.0,20,21430.0,21445.0,5,21510.0,21510.0,21510.0,21440.0,10.0,1073750.0,6665
2023-05-09 21:00:58,zn2305,zn2305,21440.0,0.0,0.0,0.0,20,21430.0,21445.0,5,21510.0,21510.0,21510.0,21440.0,10.0,1073750.0,6665
2023-05-09 21:01:00,zn2305,zn2305,21440.0,0.0,0.0,0.0,10,21405.0,21445.0,5,21510.0,21510.0,21510.0,21440.0,10.0,1073750.0,6665
2023-05-09 21:01:01,zn2305,zn2305,21440.0,0.0,0.0,0.0,20,21430.0,21445.0,5,21510.0,21510.0,21510.0,21440.0,10.0,1073750.0,6665
2023-05-09 21:01:01,zn2305,zn2305,21440.0,0.0,0.0,0.0,20,21430.0,21445.0,5,21510.0,21510.0,21510.0,21440.0,10.0,1073750.0,6665
2023-05-09 21:01:02,zn2305,zn2305,21440.0,0.0,0.0,0.0,10,21405.0,21445.0,5,21510.0,21510.0,21510.0,21440.0,10.0,1073750.0,6665
2023-05-09 21:01:03,zn2305,zn2305,21440.0,0.0,0.0,0.0,20,21425.0,21440.0,5,21510.0,21510.0,21510.0,21440.0,10.0,1073750.0,6665
2023-05-09 21:01:03,zn2305,zn2305,21440.0,0.0,0.0,0.0,20,21425.0,21440.0,5,21510.0,21510.0,21510.0,21440.0,10.0,1073750.0,6665
2023-05-09 21:01:04,zn2305,zn2305,21440.0,0.0,0.0,0.0,5,21375.0,21435.0,5,21510.0,21510.0,21510.0,21440.0,10.0,1073750.0,6665
2023-05-09 21:01:05,zn2305,zn2305,21440.0,0.0,0.0,0.0,20,21420.0,21435.0,5,21510.0,21510.0,21510.0,21440.0,10.0,1073750.0,6665
2023-05-09 21:01:05,zn2305,zn2305,21440.0,0.0,0.0,0.0,20,21420.0,21435.0,5,21510.0,21510.0,21510.0,21440.0,10.0,1073750.0,6665
2023-05-09 21:01:06,zn2305,zn2305,21440.0,0.0,0.0,0.0,5,21375.0,21430.0,5,21510.0,21510.0,21510.0,21440.0,10.0,1073750.0,6665
2023-05-09 21:01:06,zn2305,zn2305,21440.0,0.0,0.0,0.0,20,21415.0,21430.0,5,21510.0,21510.0,21510.0,21440.0,10.0,1073750.0,6665
2023-05-09 21:01:07,zn2305,zn2305,21440.0,0.0,0.0,0.0,5,21325.0,21420.0,5,21510.0,21510.0,21510.0,21440.0,10.0,1073750.0,6665
2023-05-09 21:01:07,zn2305,zn2305,21440.0,0.0,0.0,0.0,20,21410.0,21505.0,10,21510.0,21510.0,21510.0,21440.0,10.0,1073750.0,6665
2023-05-09 21:01:08,zn2305,zn2305,21440.0,0.0,0.0,0.0,15,21415.0,21425.0,5,21510.0,21510.0,21510.0,21440.0,10.0,1073750.0,6665
2023-05-09 21:01:08,zn2305,zn2305,21440.0,0.0,0.0,0.0,5,21410.0,21425.0,5,21510.0,21510.0,21510.0,21440.0,10.0,1073750.0,6665
2023-05-09 21:01:09,zn2305,zn2305,21440.0,0.0,0.0,0.0,10,21385.0,21425.0,5,21510.0,21510.0,21510.0,21440.0,10.0,1073750.0,6665
2023-05-09 21:01:09,zn2305,zn2305,21440.0,0.0,0.0,0.0,20,21405.0,21425.0,5,21510.0,21510.0,21510.0,21440.0,10.0,1073750.0,6665
2023-05-09 21:01:10,zn2305,zn2305,21440.0,0.0,0.0,0.0,20,21410.0,21425.0,5,21510.0,21510.0,21510.0,21440.0,10.0,1073750.0,6665
2023-05-09 21:01:10,zn2305,zn2305,21440.0,0.0,0.0,0.0,20,21410.0,21425.0,5,21510.0,21510.0,21510.0,21440.0,10.0,1073750.0,6665
2023-05-09 21:01:13,zn2305,zn2305,21440.0,0.0,0.0,0.0,10,21330.0,21420.0,5,21510.0,21510.0,21510.0,21440.0,10.0,1073750.0,6665
2023-05-09 21:01:13,zn2305,zn2305,21440.0,0.0,0.0,0.0,20,21400.0,21420.0,5,21510.0,21510.0,21510.0,21440.0,10.0,1073750.0,6665
2023-05-09 21:01:14,zn2305,zn2305,21440.0,0.0,0.0,0.0,20,21405.0,21420.0,5,21510.0,21510.0,21510.0,21440.0,10.0,1073750.0,6665
2023-05-09 21:01:14,zn2305,zn2305,21440.0,0.0,0.0,0.0,20,21405.0,21420.0,5,21510.0,21510.0,21510.0,21440.0,10.0,1073750.0,6665
2023-05-09 21:01:15,zn2305,zn2305,21440.0,0.0,0.0,0.0,15,21405.0,21415.0,5,21510.0,21510.0,21510.0,21440.0,10.0,1073750.0,6665
2023-05-09 21:01:18,zn2305,zn2305,21440.0,0.0,0.0,0.0,10,21375.0,21410.0,5,21510.0,21510.0,21510.0,21440.0,10.0,1073750.0,6665
2023-05-09 21:01:19,zn2305,zn2305,21440.0,0.0,0.0,0.0,15,21400.0,21410.0,5,21510.0,21510.0,21510.0,21440.0,10.0,1073750.0,6665
2023-05-09 21:01:19,zn2305,zn2305,21440.0,0.0,0.0,0.0,15,21400.0,21410.0,5,21510.0,21510.0,21510.0,21440.0,10.0,1073750.0,6665
2023-05-09 21:01:20,zn2305,zn2305,21440.0,0.0,0.0,0.0,5,21400.0,21505.0,15,21510.0,21510.0,21510.0,21440.0,10.0,1073750.0,6665
2023-05-09 21:01:21,zn2305,zn2305,21440.0,0.0,0.0,0.0,5,21400.0,21415.0,5,21510.0,21510.0,21510.0,21440.0,10.0,1073750.0,6665
2023-05-09 21:01:21,zn2305,zn2305,21440.0,0.0,0.0,0.0,5,21400.0,21415.0,5,21510.0,21510.0,21510.0,21440.0,10.0,1073750.0,6665
2023-05-09 21:01:22,zn2305,zn2305,21440.0,0.0,0.0,0.0,15,21405.0,21415.0,5,21510.0,21510.0,21510.0,21440.0,10.0,1073750.0,6665
2023-05-09 21:01:22,zn2305,zn2305,21440.0,0.0,0.0,0.0,15,21405.0,21415.0,5,21510.0,21510.0,21510.0,21440.0,10.0,1073750.0,6665
2023-05-09 21:01:24,zn2305,zn2305,21440.0,0.0,0.0,0.0,5,21405.0,21505.0,15,21510.0,21510.0,21510.0,21440.0,10.0,1073750.0,6665
2023-05-09 21:01:24,zn2305,zn2305,21440.0,0.0,0.0,0.0,5,21405.0,21420.0,5,21510.0,21510.0,21510.0,21440.0,10.0,1073750.0,6665
2023-05-09 21:01:25,zn2305,zn2305,21440.0,0.0,0.0,0.0,5,21410.0,21505.0,15,21510.0,21510.0,21510.0,21440.0,10.0,1073750.0,6665
2023-05-09 21:01:25,zn2305,zn2305,21440.0,0.0,0.0,0.0,5,21410.0,21425.0,5,21510.0,21510.0,21510.0,21440.0,10.0,1073750.0,6665
2023-05-09 21:01:26,zn2305,zn2305,21440.0,0.0,0.0,0.0,5,21410.0,21425.0,5,21510.0,21510.0,21510.0,21440.0,10.0,1073750.0,6665
2023-05-09 21:01:26,zn2305,zn2305,21440.0,0.0,0.0,0.0,20,21410.0,21425.0,5,21510.0,21510.0,21510.0,21440.0,10.0,1073750.0,6665
2023-05-09 21:01:27,zn2305,zn2305,21440.0,0.0,0.0,0.0,20,21415.0,21505.0,15,21510.0,21510.0,21510.0,21440.0,10.0,1073750.0,6665
2023-05-09 21:01:27,zn2305,zn2305,21440.0,0.0,0.0,0.0,20,21415.0,21430.0,5,21510.0,21510.0,21510.0,21440.0,10.0,1073750.0,6665
2023-05-09 21:01:28,zn2305,zn2305,21440.0,0.0,0.0,0.0,20,21415.0,21505.0,10,21510.0,21510.0,21510.0,21440.0,10.0,1073750.0,6665
2023-05-09 21:01:28,zn2305,zn2305,21440.0,0.0,0.0,0.0,20,21415.0,21430.0,5,21510.0,21510.0,21510.0,21440.0,10.0,1073750.0,6665
2023-05-09 21:01:29,zn2305,zn2305,21440.0,0.0,0.0,0.0,5,21420.0,21505.0,15,21510.0,21510.0,21510.0,21440.0,10.0,1073750.0,6665
2023-05-09 21:01:29,zn2305,zn2305,21440.0,0.0,0.0,0.0,5,21420.0,21435.0,5,21510.0,21510.0,21510.0,21440.0,10.0,1073750.0,6665
2023-05-09 21:01:30,zn2305,zn2305,21440.0,0.0,0.0,0.0,5,21425.0,21505.0,10,21510.0,21510.0,21510.0,21440.0,10.0,1073750.0,6665
2023-05-09 21:01:30,zn2305,zn2305,21440.0,0.0,0.0,0.0,5,21405.0,21440.0,5,21510.0,21510.0,21510.0,21440.0,10.0,1073750.0,6665
2023-05-09 21:01:31,zn2305,zn2305,21440.0,0.0,0.0,0.0,5,21425.0,21440.0,10,21510.0,21510.0,21510.0,21440.0,10.0,1073750.0,6665
2023-05-09 21:01:31,zn2305,zn2305,21440.0,0.0,0.0,0.0,5,21425.0,21440.0,10,21510.0,21510.0,21510.0,21440.0,10.0,1073750.0,6665
2023-05-09 21:01:32,zn2305,zn2305,21440.0,0.0,0.0,0.0,5,21430.0,21505.0,10,21510.0,21510.0,21510.0,21440.0,10.0,1073750.0,6665
2023-05-09 21:01:32,zn2305,zn2305,21440.0,0.0,0.0,0.0,5,21430.0,21445.0,5,21510.0,21510.0,21510.0,21440.0,10.0,1073750.0,6665
2023-05-09 21:01:33,zn2305,zn2305,21440.0,0.0,0.0,0.0,5,21430.0,21445.0,10,21510.0,21510.0,21510.0,21440.0,10.0,1073750.0,6665
2023-05-09 21:01:33,zn2305,zn2305,21440.0,0.0,0.0,0.0,5,21435.0,21445.0,5,21510.0,21510.0,21510.0,21440.0,10.0,1073750.0,6665
2023-05-09 21:01:36,zn2305,zn2305,21440.0,0.0,0.0,0.0,5,21440.0,21505.0,10,21510.0,21510.0,21510.0,21440.0,10.0,1073750.0,6665
2023-05-09 21:01:37,zn2305,zn2305,21440.0,0.0,0.0,0.0,5,21440.0,21455.0,15,21510.0,21510.0,21510.0,21440.0,10.0,1073750.0,6665
2023-05-09 21:01:37,zn2305,zn2305,21440.0,0.0,0.0,0.0,5,21440.0,21455.0,35,21510.0,21510.0,21510.0,21440.0,10.0,1073750.0,6665
2023-05-09 21:01:44,zn2305,zn2305,21440.0,0.0,0.0,0.0,5,21445.0,21455.0,5,21510.0,21510.0,21510.0,21440.0,10.0,1073750.0,6665
2023-05-09 21:01:47,zn2305,zn2305,21440.0,0.0,0.0,0.0,10,21445.0,21455.0,5,21510.0,21510.0,21510.0,21440.0,10.0,1073750.0,6665
2023-05-09 21:01:48,zn2305,zn2305,21440.0,0.0,0.0,0.0,5,21445.0,21455.0,5,21510.0,21510.0,21510.0,21440.0,10.0,1073750.0,6665
2023-05-09 21:01:49,zn2305,zn2305,21440.0,0.0,0.0,0.0,10,21445.0,21455.0,5,21510.0,21510.0,21510.0,21440.0,10.0,1073750.0,6665
2023-05-09 21:01:51,zn2305,zn2305,21455.0,5.0,536375.0,0.0,5,21450.0,21505.0,10,21510.0,21510.0,21510.0,21440.0,15.0,1610125.0,6665
2023-05-09 21:01:51,zn2305,zn2305,21455.0,0.0,0.0,0.0,5,21450.0,21465.0,15,21510.0,21510.0,21510.0,21440.0,15.0,1610125.0,6665
2023-05-09 21:01:52,zn2305,zn2305,21455.0,0.0,0.0,0.0,5,21455.0,21465.0,20,21510.0,21510.0,21510.0,21440.0,15.0,1610125.0,6665
2023-05-09 21:01:52,zn2305,zn2305,21455.0,0.0,0.0,0.0,5,21455.0,21465.0,20,21510.0,21510.0,21510.0,21440.0,15.0,1610125.0,6665
2023-05-09 21:01:55,zn2305,zn2305,21455.0,0.0,0.0,0.0,5,21445.0,21465.0,15,21510.0,21510.0,21510.0,21440.0,15.0,1610125.0,6665
2023-05-09 21:01:56,zn2305,zn2305,21455.0,0.0,0.0,0.0,10,21445.0,21455.0,10,21510.0,21510.0,21510.0,21440.0,15.0,1610125.0,6665
2023-05-09 21:01:56,zn2305,zn2305,21455.0,0.0,0.0,0.0,5,21445.0,21460.0,5,21510.0,21510.0,21510.0,21440.0,15.0,1610125.0,6665
2023-05-09 21:01:57,zn2305,zn2305,21455.0,0.0,0.0,0.0,10,21445.0,21460.0,25,21510.0,21510.0,21510.0,21440.0,15.0,1610125.0,6665
2023-05-09 21:01:57,zn2305,zn2305,21455.0,0.0,0.0,0.0,5,21450.0,21460.0,20,21510.0,21510.0,21510.0,21440.0,15.0,1610125.0,6665
2023-05-09 21:02:04,zn2305,zn2305,21455.0,0.0,0.0,0.0,5,21445.0,21460.0,15,21510.0,21510.0,21510.0,21440.0,15.0,1610125.0,6665
2023-05-09 21:02:04,zn2305,zn2305,21455.0,0.0,0.0,0.0,10,21445.0,21455.0,10,21510.0,21510.0,21510.0,21440.0,15.0,1610125.0,6665
2023-05-09 21:02:05,zn2305,zn2305,21455.0,0.0,0.0,0.0,10,21445.0,21455.0,25,21510.0,21510.0,21510.0,21440.0,15.0,1610125.0,6665
2023-05-09 21:02:08,zn2305,zn2305,21455.0,0.0,0.0,0.0,5,21450.0,21460.0,5,21510.0,21510.0,21510.0,21440.0,15.0,1610125.0,6665
2023-05-09 21:02:09,zn2305,zn2305,21455.0,0.0,0.0,0.0,5,21450.0,21460.0,25,21510.0,21510.0,21510.0,21440.0,15.0,1610125.0,6665
2023-05-09 21:02:09,zn2305,zn2305,21455.0,0.0,0.0,0.0,5,21445.0,21455.0,10,21510.0,21510.0,21510.0,21440.0,15.0,1610125.0,6665
2023-05-09 21:02:10,zn2305,zn2305,21455.0,0.0,0.0,0.0,5,21445.0,21455.0,25,21510.0,21510.0,21510.0,21440.0,15.0,1610125.0,6665
2023-05-09 21:02:10,zn2305,zn2305,21455.0,0.0,0.0,0.0,10,21445.0,21460.0,5,21510.0,21510.0,21510.0,21440.0,15.0,1610125.0,6665
2023-05-09 21:02:11,zn2305,zn2305,21455.0,0.0,0.0,0.0,5,21445.0,21455.0,15,21510.0,21510.0,21510.0,21440.0,15.0,1610125.0,6665
2023-05-09 21:02:11,zn2305,zn2305,21455.0,0.0,0.0,0.0,5,21445.0,21455.0,30,21510.0,21510.0,21510.0,21440.0,15.0,1610125.0,6665
2023-05-09 21:02:12,zn2305,zn2305,21455.0,0.0,0.0,0.0,10,21445.0,21455.0,25,21510.0,21510.0,21510.0,21440.0,15.0,1610125.0,6665
2023-05-09 21:02:12,zn2305,zn2305,21455.0,0.0,0.0,0.0,5,21450.0,21505.0,10,21510.0,21510.0,21510.0,21440.0,15.0,1610125.0,6665
2023-05-09 21:02:13,zn2305,zn2305,21455.0,0.0,0.0,0.0,5,21445.0,21460.0,15,21510.0,21510.0,21510.0,21440.0,15.0,1610125.0,6665
2023-05-09 21:02:13,zn2305,zn2305,21455.0,0.0,0.0,0.0,5,21450.0,21460.0,25,21510.0,21510.0,21510.0,21440.0,15.0,1610125.0,6665
2023-05-09 21:02:18,zn2305,zn2305,21455.0,0.0,0.0,0.0,5,21445.0,21460.0,20,21510.0,21510.0,21510.0,21440.0,15.0,1610125.0,6665
2023-05-09 21:02:18,zn2305,zn2305,21455.0,0.0,0.0,0.0,10,21445.0,21455.0,10,21510.0,21510.0,21510.0,21440.0,15.0,1610125.0,6665
2023-05-09 21:02:19,zn2305,zn2305,21455.0,0.0,0.0,0.0,10,21445.0,21455.0,20,21510.0,21510.0,21510.0,21440.0,15.0,1610125.0,6665
2023-05-09 21:02:23,zn2305,zn2305,21455.0,0.0,0.0,0.0,5,21450.0,21460.0,5,21510.0,21510.0,21510.0,21440.0,15.0,1610125.0,6665
2023-05-09 21:02:24,zn2305,zn2305,21455.0,0.0,0.0,0.0,5,21450.0,21460.0,20,21510.0,21510.0,21510.0,21440.0,15.0,1610125.0,6665
2023-05-09 21:02:29,zn2305,zn2305,21455.0,0.0,0.0,0.0,5,21455.0,21505.0,10,21510.0,21510.0,21510.0,21440.0,15.0,1610125.0,6665
2023-05-09 21:02:30,zn2305,zn2305,21455.0,0.0,0.0,0.0,5,21455.0,21465.0,5,21510.0,21510.0,21510.0,21440.0,15.0,1610125.0,6665
2023-05-09 21:02:30,zn2305,zn2305,21455.0,0.0,0.0,0.0,5,21455.0,21465.0,20,21510.0,21510.0,21510.0,21440.0,15.0,1610125.0,6665
2023-05-09 21:02:32,zn2305,zn2305,21455.0,0.0,0.0,0.0,5,21445.0,21465.0,20,21510.0,21510.0,21510.0,21440.0,15.0,1610125.0,6665
2023-05-09 21:02:32,zn2305,zn2305,21455.0,0.0,0.0,0.0,5,21450.0,21460.0,5,21510.0,21510.0,21510.0,21440.0,15.0,1610125.0,6665
2023-05-09 21:02:33,zn2305,zn2305,21455.0,0.0,0.0,0.0,5,21450.0,21460.0,20,21510.0,21510.0,21510.0,21440.0,15.0,1610125.0,6665
2023-05-09 21:02:41,zn2305,zn2305,21455.0,0.0,0.0,0.0,5,21445.0,21460.0,20,21510.0,21510.0,21510.0,21440.0,15.0,1610125.0,6665
2023-05-09 21:02:42,zn2305,zn2305,21455.0,0.0,0.0,0.0,10,21445.0,21455.0,5,21510.0,21510.0,21510.0,21440.0,15.0,1610125.0,6665
2023-05-09 21:02:42,zn2305,zn2305,21455.0,0.0,0.0,0.0,10,21445.0,21455.0,20,21510.0,21510.0,21510.0,21440.0,15.0,1610125.0,6665
2023-05-09 21:02:49,zn2305,zn2305,21455.0,0.0,0.0,0.0,5,21450.0,21460.0,5,21510.0,21510.0,21510.0,21440.0,15.0,1610125.0,6665
2023-05-09 21:02:49,zn2305,zn2305,21455.0,0.0,0.0,0.0,5,21450.0,21460.0,20,21510.0,21510.0,21510.0,21440.0,15.0,1610125.0,6665
2023-05-09 21:02:50,zn2305,zn2305,21455.0,0.0,0.0,0.0,5,21450.0,21460.0,20,21510.0,21510.0,21510.0,21440.0,15.0,1610125.0,6665
2023-05-09 21:02:51,zn2305,zn2305,21455.0,0.0,0.0,0.0,5,21455.0,21505.0,10,21510.0,21510.0,21510.0,21440.0,15.0,1610125.0,6665
2023-05-09 21:02:51,zn2305,zn2305,21455.0,0.0,0.0,0.0,5,21455.0,21465.0,5,21510.0,21510.0,21510.0,21440.0,15.0,1610125.0,6665
2023-05-09 21:02:52,zn2305,zn2305,21455.0,5.0,536375.0,0.0,5,21445.0,21450.0,5,21510.0,21510.0,21510.0,21440.0,20.0,2146500.0,6665
2023-05-09 21:02:52,zn2305,zn2305,21455.0,5.0,536375.0,-5.0,5,21445.0,21460.0,5,21510.0,21510.0,21510.0,21440.0,25.0,2682875.0,6660
2023-05-09 21:02:53,zn2305,zn2305,21455.0,0.0,0.0,0.0,5,21445.0,21460.0,20,21510.0,21510.0,21510.0,21440.0,25.0,2682875.0,6660
2023-05-09 21:02:53,zn2305,zn2305,21455.0,0.0,0.0,0.0,15,21445.0,21500.0,5,21510.0,21510.0,21510.0,21440.0,25.0,2682875.0,6660
2023-05-09 21:02:54,zn2305,zn2305,21455.0,0.0,0.0,0.0,15,21445.0,21465.0,5,21510.0,21510.0,21510.0,21440.0,25.0,2682875.0,6660
2023-05-09 21:02:54,zn2305,zn2305,21455.0,0.0,0.0,0.0,15,21445.0,21465.0,20,21510.0,21510.0,21510.0,21440.0,25.0,2682875.0,6660
2023-05-09 21:02:56,zn2305,zn2305,21465.0,20.0,2146500.0,-20.0,105,21465.0,21470.0,10,21510.0,21510.0,21510.0,21440.0,45.0,4829375.0,6640
2023-05-09 21:02:57,zn2305,zn2305,21465.0,15.0,1609875.0,-15.0,90,21465.0,21470.0,35,21510.0,21510.0,21510.0,21440.0,60.0,6439250.0,6625
2023-05-09 21:02:57,zn2305,zn2305,21465.0,5.0,536625.0,-5.0,85,21465.0,21505.0,5,21510.0,21510.0,21510.0,21440.0,65.0,6975875.0,6620
2023-05-09 21:02:58,zn2305,zn2305,21465.0,0.0,0.0,0.0,85,21465.0,21475.0,20,21510.0,21510.0,21510.0,21440.0,65.0,6975875.0,6620
2023-05-09 21:02:58,zn2305,zn2305,21465.0,0.0,0.0,0.0,85,21465.0,21475.0,35,21510.0,21510.0,21510.0,21440.0,65.0,6975875.0,6620
2023-05-09 21:03:02,zn2305,zn2305,21465.0,0.0,0.0,0.0,85,21465.0,21470.0,5,21510.0,21510.0,21510.0,21440.0,65.0,6975875.0,6620
2023-05-09 21:03:02,zn2305,zn2305,21465.0,0.0,0.0,0.0,85,21465.0,21470.0,35,21510.0,21510.0,21510.0,21440.0,65.0,6975875.0,6620
2023-05-09 21:03:03,zn2305,zn2305,21465.0,15.0,1609875.0,-5.0,70,21465.0,21470.0,15,21510.0,21510.0,21510.0,21440.0,80.0,8585750.0,6615
2023-05-09 21:03:04,zn2305,zn2305,21465.0,25.0,2683125.0,-25.0,45,21465.0,21470.0,40,21510.0,21510.0,21510.0,21440.0,105.0,11268875.0,6590
2023-05-09 21:03:04,zn2305,zn2305,21465.0,0.0,0.0,0.0,45,21465.0,21470.0,15,21510.0,21510.0,21510.0,21440.0,105.0,11268875.0,6590
2023-05-09 21:03:06,zn2305,zn2305,21465.0,0.0,0.0,0.0,45,21465.0,21470.0,15,21510.0,21510.0,21510.0,21440.0,105.0,11268875.0,6590
2023-05-09 21:03:07,zn2305,zn2305,21465.0,0.0,0.0,0.0,45,21465.0,21505.0,10,21510.0,21510.0,21510.0,21440.0,105.0,11268875.0,6590
2023-05-09 21:03:08,zn2305,zn2305,21465.0,0.0,0.0,0.0,45,21465.0,21480.0,20,21510.0,21510.0,21510.0,21440.0,105.0,11268875.0,6590
2023-05-09 21:03:08,zn2305,zn2305,21465.0,0.0,0.0,0.0,55,21465.0,21480.0,15,21510.0,21510.0,21510.0,21440.0,105.0,11268875.0,6590
2023-05-09 21:03:09,zn2305,zn2305,21465.0,0.0,0.0,0.0,45,21465.0,21480.0,15,21510.0,21510.0,21510.0,21440.0,105.0,11268875.0,6590
2023-05-09 21:03:10,zn2305,zn2305,21465.0,0.0,0.0,0.0,45,21465.0,21480.0,40,21510.0,21510.0,21510.0,21440.0,105.0,11268875.0,6590
2023-05-09 21:03:12,zn2305,zn2305,21465.0,0.0,0.0,0.0,45,21465.0,21480.0,20,21510.0,21510.0,21510.0,21440.0,105.0,11268875.0,6590
2023-05-09 21:03:13,zn2305,zn2305,21465.0,0.0,0.0,0.0,45,21465.0,21475.0,20,21510.0,21510.0,21510.0,21440.0,105.0,11268875.0,6590
2023-05-09 21:03:13,zn2305,zn2305,21465.0,0.0,0.0,0.0,45,21465.0,21475.0,40,21510.0,21510.0,21510.0,21440.0,105.0,11268875.0,6590
2023-05-09 21:03:26,zn2305,zn2305,21465.0,0.0,0.0,0.0,55,21465.0,21475.0,20,21510.0,21510.0,21510.0,21440.0,105.0,11268875.0,6590
2023-05-09 21:03:27,zn2305,zn2305,21465.0,0.0,0.0,0.0,45,21465.0,21475.0,20,21510.0,21510.0,21510.0,21440.0,105.0,11268875.0,6590
2023-05-09 21:03:27,zn2305,zn2305,21465.0,0.0,0.0,0.0,45,21465.0,21475.0,35,21510.0,21510.0,21510.0,21440.0,105.0,11268875.0,6590
2023-05-09 21:03:28,zn2305,zn2305,21465.0,0.0,0.0,0.0,45,21465.0,21475.0,40,21510.0,21510.0,21510.0,21440.0,105.0,11268875.0,6590
2023-05-09 21:03:28,zn2305,zn2305,21465.0,5.0,536625.0,-5.0,40,21465.0,21470.0,20,21510.0,21510.0,21510.0,21440.0,110.0,11805500.0,6585
2023-05-09 21:03:29,zn2305,zn2305,21465.0,0.0,0.0,0.0,40,21465.0,21470.0,40,21510.0,21510.0,21510.0,21440.0,110.0,11805500.0,6585
2023-05-09 21:03:30,zn2305,zn2305,21465.0,0.0,0.0,0.0,40,21465.0,21470.0,35,21510.0,21510.0,21510.0,21440.0,110.0,11805500.0,6585
2023-05-09 21:03:31,zn2305,zn2305,21465.0,0.0,0.0,0.0,40,21465.0,21470.0,30,21510.0,21510.0,21510.0,21440.0,110.0,11805500.0,6585
2023-05-09 21:03:32,zn2305,zn2305,21465.0,10.0,1073250.0,-10.0,30,21465.0,21470.0,30,21510.0,21510.0,21510.0,21440.0,120.0,12878750.0,6575
2023-05-09 21:03:33,zn2305,zn2305,21465.0,25.0,2683125.0,-25.0,5,21465.0,21470.0,30,21510.0,21510.0,21510.0,21440.0,145.0,15561875.0,6550
2023-05-09 21:03:34,zn2305,zn2305,21465.0,0.0,0.0,0.0,5,21465.0,21470.0,25,21510.0,21510.0,21510.0,21440.0,145.0,15561875.0,6550
2023-05-09 21:03:35,zn2305,zn2305,21465.0,0.0,0.0,0.0,5,21465.0,21470.0,30,21510.0,21510.0,21510.0,21440.0,145.0,15561875.0,6550
2023-05-09 21:03:35,zn2305,zn2305,21465.0,0.0,0.0,0.0,5,21465.0,21470.0,25,21510.0,21510.0,21510.0,21440.0,145.0,15561875.0,6550
2023-05-09 21:03:38,zn2305,zn2305,21465.0,0.0,0.0,0.0,5,21465.0,21470.0,25,21510.0,21510.0,21510.0,21440.0,145.0,15561875.0,6550
2023-05-09 21:03:39,zn2305,zn2305,21465.0,5.0,536625.0,-5.0,5,21445.0,21465.0,25,21510.0,21510.0,21510.0,21440.0,150.0,16098500.0,6545
2023-05-09 21:03:39,zn2305,zn2305,21465.0,0.0,0.0,0.0,10,21450.0,21460.0,20,21510.0,21510.0,21510.0,21440.0,150.0,16098500.0,6545
2023-05-09 21:03:40,zn2305,zn2305,21465.0,0.0,0.0,0.0,10,21450.0,21460.0,25,21510.0,21510.0,21510.0,21440.0,150.0,16098500.0,6545
2023-05-09 21:03:41,zn2305,zn2305,21465.0,0.0,0.0,0.0,5,21455.0,21460.0,5,21510.0,21510.0,21510.0,21440.0,150.0,16098500.0,6545
2023-05-09 21:03:42,zn2305,zn2305,21465.0,0.0,0.0,0.0,10,21455.0,21460.0,5,21510.0,21510.0,21510.0,21440.0,150.0,16098500.0,6545
2023-05-09 21:03:43,zn2305,zn2305,21465.0,0.0,0.0,0.0,10,21455.0,21500.0,5,21510.0,21510.0,21510.0,21440.0,150.0,16098500.0,6545
2023-05-09 21:03:43,zn2305,zn2305,21465.0,0.0,0.0,0.0,10,21455.0,21465.0,20,21510.0,21510.0,21510.0,21440.0,150.0,16098500.0,6545
2023-05-09 21:03:44,zn2305,zn2305,21465.0,0.0,0.0,0.0,10,21455.0,21465.0,20,21510.0,21510.0,21510.0,21440.0,150.0,16098500.0,6545
2023-05-09 21:03:45,zn2305,zn2305,21465.0,0.0,0.0,0.0,5,21445.0,21495.0,5,21510.0,21510.0,21510.0,21440.0,150.0,16098500.0,6545
2023-05-09 21:03:45,zn2305,zn2305,21465.0,0.0,0.0,0.0,10,21450.0,21460.0,20,21510.0,21510.0,21510.0,21440.0,150.0,16098500.0,6545
2023-05-09 21:03:46,zn2305,zn2305,21465.0,0.0,0.0,0.0,10,21450.0,21460.0,20,21510.0,21510.0,21510.0,21440.0,150.0,16098500.0,6545
2023-05-09 21:03:46,zn2305,zn2305,21465.0,0.0,0.0,0.0,20,21450.0,21460.0,20,21510.0,21510.0,21510.0,21440.0,150.0,16098500.0,6545
2023-05-09 21:03:47,zn2305,zn2305,21465.0,0.0,0.0,0.0,5,21455.0,21495.0,10,21510.0,21510.0,21510.0,21440.0,150.0,16098500.0,6545
2023-05-09 21:03:47,zn2305,zn2305,21465.0,0.0,0.0,0.0,10,21455.0,21465.0,20,21510.0,21510.0,21510.0,21440.0,150.0,16098500.0,6545
2023-05-09 21:03:48,zn2305,zn2305,21465.0,0.0,0.0,0.0,10,21455.0,21465.0,20,21510.0,21510.0,21510.0,21440.0,150.0,16098500.0,6545
2023-05-09 21:03:48,zn2305,zn2305,21465.0,0.0,0.0,0.0,10,21450.0,21500.0,5,21510.0,21510.0,21510.0,21440.0,150.0,16098500.0,6545
2023-05-09 21:03:49,zn2305,zn2305,21465.0,0.0,0.0,0.0,10,21455.0,21465.0,20,21510.0,21510.0,21510.0,21440.0,150.0,16098500.0,6545
2023-05-09 21:03:49,zn2305,zn2305,21465.0,0.0,0.0,0.0,10,21455.0,21465.0,20,21510.0,21510.0,21510.0,21440.0,150.0,16098500.0,6545
2023-05-09 21:03:52,zn2305,zn2305,21465.0,0.0,0.0,0.0,10,21450.0,21495.0,5,21510.0,21510.0,21510.0,21440.0,150.0,16098500.0,6545
2023-05-09 21:03:52,zn2305,zn2305,21465.0,0.0,0.0,0.0,20,21450.0,21460.0,20,21510.0,21510.0,21510.0,21440.0,150.0,16098500.0,6545
2023-05-09 21:03:53,zn2305,zn2305,21465.0,0.0,0.0,0.0,10,21450.0,21455.0,20,21510.0,21510.0,21510.0,21440.0,150.0,16098500.0,6545
2023-05-09 21:03:53,zn2305,zn2305,21465.0,0.0,0.0,0.0,10,21450.0,21455.0,20,21510.0,21510.0,21510.0,21440.0,150.0,16098500.0,6545
2023-05-09 21:03:57,zn2305,zn2305,21465.0,0.0,0.0,0.0,10,21450.0,21495.0,10,21510.0,21510.0,21510.0,21440.0,150.0,16098500.0,6545
2023-05-09 21:03:58,zn2305,zn2305,21465.0,0.0,0.0,0.0,10,21450.0,21455.0,20,21510.0,21510.0,21510.0,21440.0,150.0,16098500.0,6545
2023-05-09 21:03:58,zn2305,zn2305,21465.0,0.0,0.0,0.0,10,21450.0,21455.0,20,21510.0,21510.0,21510.0,21440.0,150.0,16098500.0,6545
2023-05-09 21:04:02,zn2305,zn2305,21465.0,0.0,0.0,0.0,10,21450.0,21490.0,5,21510.0,21510.0,21510.0,21440.0,150.0,16098500.0,6545
2023-05-09 21:04:02,zn2305,zn2305,21465.0,0.0,0.0,0.0,10,21450.0,21455.0,20,21510.0,21510.0,21510.0,21440.0,150.0,16098500.0,6545
2023-05-09 21:04:03,zn2305,zn2305,21465.0,0.0,0.0,0.0,10,21450.0,21455.0,20,21510.0,21510.0,21510.0,21440.0,150.0,16098500.0,6545
2023-05-09 21:04:04,zn2305,zn2305,21465.0,0.0,0.0,0.0,10,21450.0,21485.0,5,21510.0,21510.0,21510.0,21440.0,150.0,16098500.0,6545
2023-05-09 21:04:05,zn2305,zn2305,21450.0,10.0,1072500.0,-10.0,5,21445.0,21450.0,30,21510.0,21510.0,21510.0,21440.0,160.0,17171000.0,6535
2023-05-09 21:04:05,zn2305,zn2305,21450.0,0.0,0.0,0.0,15,21445.0,21450.0,10,21510.0,21510.0,21510.0,21440.0,160.0,17171000.0,6535
2023-05-09 21:04:07,zn2305,zn2305,21450.0,0.0,0.0,0.0,5,21445.0,21485.0,10,21510.0,21510.0,21510.0,21440.0,160.0,17171000.0,6535
2023-05-09 21:04:07,zn2305,zn2305,21445.0,5.0,536125.0,-5.0,5,21395.0,21445.0,25,21510.0,21510.0,21510.0,21440.0,165.0,17707125.0,6530
2023-05-09 21:04:08,zn2305,zn2305,21445.0,0.0,0.0,0.0,10,21440.0,21445.0,5,21510.0,21510.0,21510.0,21440.0,165.0,17707125.0,6530
2023-05-09 21:04:08,zn2305,zn2305,21445.0,0.0,0.0,0.0,10,21440.0,21445.0,5,21510.0,21510.0,21510.0,21440.0,165.0,17707125.0,6530
2023-05-09 21:04:09,zn2305,zn2305,21445.0,0.0,0.0,0.0,10,21440.0,21485.0,10,21510.0,21510.0,21510.0,21440.0,165.0,17707125.0,6530
2023-05-09 21:04:10,zn2305,zn2305,21445.0,0.0,0.0,0.0,5,21445.0,21450.0,5,21510.0,21510.0,21510.0,21440.0,165.0,17707125.0,6530
2023-05-09 21:04:10,zn2305,zn2305,21445.0,0.0,0.0,0.0,10,21445.0,21450.0,5,21510.0,21510.0,21510.0,21440.0,165.0,17707125.0,6530
2023-05-09 21:04:15,zn2305,zn2305,21450.0,5.0,536250.0,0.0,5,21400.0,21485.0,10,21510.0,21510.0,21510.0,21440.0,170.0,18243375.0,6530
2023-05-09 21:04:16,zn2305,zn2305,21450.0,0.0,0.0,0.0,5,21450.0,21455.0,5,21510.0,21510.0,21510.0,21440.0,170.0,18243375.0,6530
2023-05-09 21:04:16,zn2305,zn2305,21450.0,0.0,0.0,0.0,5,21450.0,21455.0,10,21510.0,21510.0,21510.0,21440.0,170.0,18243375.0,6530
2023-05-09 21:04:17,zn2305,zn2305,21450.0,0.0,0.0,0.0,5,21405.0,21465.0,5,21510.0,21510.0,21510.0,21440.0,170.0,18243375.0,6530
2023-05-09 21:04:17,zn2305,zn2305,21450.0,0.0,0.0,0.0,5,21455.0,21460.0,5,21510.0,21510.0,21510.0,21440.0,170.0,18243375.0,6530
2023-05-09 21:04:18,zn2305,zn2305,21450.0,0.0,0.0,0.0,5,21405.0,21460.0,10,21510.0,21510.0,21510.0,21440.0,170.0,18243375.0,6530
2023-05-09 21:04:18,zn2305,zn2305,21450.0,0.0,0.0,0.0,5,21430.0,21460.0,10,21510.0,21510.0,21510.0,21440.0,170.0,18243375.0,6530
2023-05-09 21:04:19,zn2305,zn2305,21450.0,0.0,0.0,0.0,5,21450.0,21460.0,10,21510.0,21510.0,21510.0,21440.0,170.0,18243375.0,6530
2023-05-09 21:04:19,zn2305,zn2305,21450.0,0.0,0.0,0.0,5,21410.0,21455.0,5,21510.0,21510.0,21510.0,21440.0,170.0,18243375.0,6530
2023-05-09 21:04:20,zn2305,zn2305,21450.0,0.0,0.0,0.0,5,21445.0,21455.0,10,21510.0,21510.0,21510.0,21440.0,170.0,18243375.0,6530
2023-05-09 21:04:20,zn2305,zn2305,21450.0,0.0,0.0,0.0,5,21445.0,21455.0,10,21510.0,21510.0,21510.0,21440.0,170.0,18243375.0,6530
2023-05-09 21:04:21,zn2305,zn2305,21450.0,0.0,0.0,0.0,5,21445.0,21455.0,10,21510.0,21510.0,21510.0,21440.0,170.0,18243375.0,6530
2023-05-09 21:04:23,zn2305,zn2305,21450.0,0.0,0.0,0.0,5,21445.0,21455.0,10,21510.0,21510.0,21510.0,21440.0,170.0,18243375.0,6530
2023-05-09 21:04:28,zn2305,zn2305,21450.0,0.0,0.0,0.0,5,21395.0,21455.0,5,21510.0,21510.0,21510.0,21440.0,170.0,18243375.0,6530
2023-05-09 21:04:28,zn2305,zn2305,21450.0,0.0,0.0,0.0,5,21445.0,21455.0,10,21510.0,21510.0,21510.0,21440.0,170.0,18243375.0,6530
2023-05-09 21:04:29,zn2305,zn2305,21450.0,0.0,0.0,0.0,5,21445.0,21455.0,10,21510.0,21510.0,21510.0,21440.0,170.0,18243375.0,6530
2023-05-09 21:04:30,zn2305,zn2305,21450.0,0.0,0.0,0.0,5,21400.0,21500.0,5,21510.0,21510.0,21510.0,21440.0,170.0,18243375.0,6530
2023-05-09 21:04:31,zn2305,zn2305,21450.0,0.0,0.0,0.0,5,21450.0,21460.0,5,21510.0,21510.0,21510.0,21440.0,170.0,18243375.0,6530
2023-05-09 21:04:31,zn2305,zn2305,21450.0,0.0,0.0,0.0,5,21450.0,21460.0,10,21510.0,21510.0,21510.0,21440.0,170.0,18243375.0,6530
2023-05-09 21:04:32,zn2305,zn2305,21450.0,0.0,0.0,0.0,5,21400.0,21460.0,10,21510.0,21510.0,21510.0,21440.0,170.0,18243375.0,6530
2023-05-09 21:04:33,zn2305,zn2305,21450.0,0.0,0.0,0.0,5,21445.0,21460.0,15,21510.0,21510.0,21510.0,21440.0,170.0,18243375.0,6530
2023-05-09 21:04:33,zn2305,zn2305,21450.0,0.0,0.0,0.0,5,21445.0,21460.0,15,21510.0,21510.0,21510.0,21440.0,170.0,18243375.0,6530
2023-05-09 21:04:35,zn2305,zn2305,21450.0,0.0,0.0,0.0,5,21405.0,21460.0,15,21510.0,21510.0,21510.0,21440.0,170.0,18243375.0,6530
2023-05-09 21:04:36,zn2305,zn2305,21450.0,0.0,0.0,0.0,5,21445.0,21460.0,15,21510.0,21510.0,21510.0,21440.0,170.0,18243375.0,6530
2023-05-09 21:04:36,zn2305,zn2305,21450.0,0.0,0.0,0.0,5,21445.0,21460.0,15,21510.0,21510.0,21510.0,21440.0,170.0,18243375.0,6530
2023-05-09 21:04:38,zn2305,zn2305,21450.0,0.0,0.0,0.0,5,21445.0,21460.0,15,21510.0,21510.0,21510.0,21440.0,170.0,18243375.0,6530
2023-05-09 21:04:40,zn2305,zn2305,21450.0,0.0,0.0,0.0,5,21420.0,21460.0,5,21510.0,21510.0,21510.0,21440.0,170.0,18243375.0,6530
2023-05-09 21:04:41,zn2305,zn2305,21450.0,0.0,0.0,0.0,5,21440.0,21455.0,10,21510.0,21510.0,21510.0,21440.0,170.0,18243375.0,6530
2023-05-09 21:04:41,zn2305,zn2305,21450.0,0.0,0.0,0.0,5,21420.0,21450.0,5,21510.0,21510.0,21510.0,21440.0,170.0,18243375.0,6530
2023-05-09 21:04:42,zn2305,zn2305,21450.0,0.0,0.0,0.0,5,21435.0,21450.0,15,21510.0,21510.0,21510.0,21440.0,170.0,18243375.0,6530
2023-05-09 21:04:42,zn2305,zn2305,21450.0,0.0,0.0,0.0,5,21420.0,21445.0,5,21510.0,21510.0,21510.0,21440.0,170.0,18243375.0,6530
2023-05-09 21:04:43,zn2305,zn2305,21450.0,0.0,0.0,0.0,5,21430.0,21445.0,15,21510.0,21510.0,21510.0,21440.0,170.0,18243375.0,6530
2023-05-09 21:04:43,zn2305,zn2305,21450.0,0.0,0.0,0.0,5,21420.0,21445.0,10,21510.0,21510.0,21510.0,21440.0,170.0,18243375.0,6530
2023-05-09 21:04:44,zn2305,zn2305,21450.0,0.0,0.0,0.0,5,21425.0,21440.0,5,21510.0,21510.0,21510.0,21440.0,170.0,18243375.0,6530
2023-05-09 21:04:44,zn2305,zn2305,21450.0,0.0,0.0,0.0,5,21425.0,21440.0,5,21510.0,21510.0,21510.0,21440.0,170.0,18243375.0,6530
2023-05-09 21:04:45,zn2305,zn2305,21450.0,0.0,0.0,0.0,5,21420.0,21495.0,5,21510.0,21510.0,21510.0,21440.0,170.0,18243375.0,6530
2023-05-09 21:04:46,zn2305,zn2305,21450.0,0.0,0.0,0.0,5,21430.0,21445.0,5,21510.0,21510.0,21510.0,21440.0,170.0,18243375.0,6530
2023-05-09 21:04:46,zn2305,zn2305,21450.0,0.0,0.0,0.0,5,21420.0,21490.0,5,21510.0,21510.0,21510.0,21440.0,170.0,18243375.0,6530
2023-05-09 21:04:47,zn2305,zn2305,21450.0,0.0,0.0,0.0,5,21430.0,21445.0,10,21510.0,21510.0,21510.0,21440.0,170.0,18243375.0,6530
2023-05-09 21:04:47,zn2305,zn2305,21450.0,0.0,0.0,0.0,5,21430.0,21445.0,15,21510.0,21510.0,21510.0,21440.0,170.0,18243375.0,6530
2023-05-09 21:04:56,zn2305,zn2305,21450.0,0.0,0.0,0.0,5,21420.0,21485.0,5,21510.0,21510.0,21510.0,21440.0,170.0,18243375.0,6530
2023-05-09 21:04:56,zn2305,zn2305,21450.0,0.0,0.0,0.0,5,21435.0,21450.0,10,21510.0,21510.0,21510.0,21440.0,170.0,18243375.0,6530
2023-05-09 21:04:57,zn2305,zn2305,21450.0,0.0,0.0,0.0,5,21435.0,21450.0,15,21510.0,21510.0,21510.0,21440.0,170.0,18243375.0,6530
2023-05-09 21:04:58,zn2305,zn2305,21450.0,0.0,0.0,0.0,5,21435.0,21450.0,15,21510.0,21510.0,21510.0,21440.0,170.0,18243375.0,6530
2023-05-09 21:05:02,zn2305,zn2305,21450.0,0.0,0.0,0.0,5,21420.0,21485.0,5,21510.0,21510.0,21510.0,21440.0,170.0,18243375.0,6530
2023-05-09 21:05:02,zn2305,zn2305,21450.0,0.0,0.0,0.0,5,21435.0,21450.0,5,21510.0,21510.0,21510.0,21440.0,170.0,18243375.0,6530
2023-05-09 21:05:03,zn2305,zn2305,21450.0,0.0,0.0,0.0,5,21435.0,21450.0,10,21510.0,21510.0,21510.0,21440.0,170.0,18243375.0,6530
2023-05-09 21:05:03,zn2305,zn2305,21450.0,0.0,0.0,0.0,5,21420.0,21445.0,10,21510.0,21510.0,21510.0,21440.0,170.0,18243375.0,6530
2023-05-09 21:05:04,zn2305,zn2305,21450.0,0.0,0.0,0.0,5,21430.0,21445.0,15,21510.0,21510.0,21510.0,21440.0,170.0,18243375.0,6530
2023-05-09 21:05:06,zn2305,zn2305,21450.0,0.0,0.0,0.0,5,21420.0,21485.0,10,21510.0,21510.0,21510.0,21440.0,170.0,18243375.0,6530
2023-05-09 21:05:06,zn2305,zn2305,21450.0,0.0,0.0,0.0,5,21435.0,21450.0,10,21510.0,21510.0,21510.0,21440.0,170.0,18243375.0,6530
2023-05-09 21:05:07,zn2305,zn2305,21450.0,0.0,0.0,0.0,5,21435.0,21450.0,15,21510.0,21510.0,21510.0,21440.0,170.0,18243375.0,6530
2023-05-09 21:05:07,zn2305,zn2305,21450.0,0.0,0.0,0.0,5,21420.0,21445.0,5,21510.0,21510.0,21510.0,21440.0,170.0,18243375.0,6530
2023-05-09 21:05:08,zn2305,zn2305,21450.0,0.0,0.0,0.0,5,21430.0,21445.0,15,21510.0,21510.0,21510.0,21440.0,170.0,18243375.0,6530
2023-05-09 21:05:10,zn2305,zn2305,21450.0,0.0,0.0,0.0,5,21420.0,21485.0,10,21510.0,21510.0,21510.0,21440.0,170.0,18243375.0,6530
2023-05-09 21:05:11,zn2305,zn2305,21450.0,0.0,0.0,0.0,5,21435.0,21450.0,10,21510.0,21510.0,21510.0,21440.0,170.0,18243375.0,6530
2023-05-09 21:05:11,zn2305,zn2305,21450.0,0.0,0.0,0.0,5,21435.0,21450.0,15,21510.0,21510.0,21510.0,21440.0,170.0,18243375.0,6530
2023-05-09 21:05:12,zn2305,zn2305,21450.0,0.0,0.0,0.0,5,21420.0,21485.0,10,21510.0,21510.0,21510.0,21440.0,170.0,18243375.0,6530
2023-05-09 21:05:12,zn2305,zn2305,21450.0,0.0,0.0,0.0,5,21440.0,21455.0,10,21510.0,21510.0,21510.0,21440.0,170.0,18243375.0,6530
2023-05-09 21:05:13,zn2305,zn2305,21450.0,0.0,0.0,0.0,5,21440.0,21455.0,15,21510.0,21510.0,21510.0,21440.0,170.0,18243375.0,6530
2023-05-09 21:05:13,zn2305,zn2305,21450.0,0.0,0.0,0.0,5,21440.0,21455.0,15,21510.0,21510.0,21510.0,21440.0,170.0,18243375.0,6530
2023-05-09 21:05:14,zn2305,zn2305,21450.0,0.0,0.0,0.0,5,21440.0,21500.0,5,21510.0,21510.0,21510.0,21440.0,170.0,18243375.0,6530
2023-05-09 21:05:14,zn2305,zn2305,21450.0,0.0,0.0,0.0,5,21420.0,21460.0,10,21510.0,21510.0,21510.0,21440.0,170.0,18243375.0,6530
2023-05-09 21:05:15,zn2305,zn2305,21450.0,0.0,0.0,0.0,5,21445.0,21460.0,15,21510.0,21510.0,21510.0,21440.0,170.0,18243375.0,6530
2023-05-09 21:05:15,zn2305,zn2305,21450.0,0.0,0.0,0.0,5,21445.0,21460.0,15,21510.0,21510.0,21510.0,21440.0,170.0,18243375.0,6530
2023-05-09 21:05:17,zn2305,zn2305,21450.0,0.0,0.0,0.0,5,21420.0,21495.0,5,21510.0,21510.0,21510.0,21440.0,170.0,18243375.0,6530
2023-05-09 21:05:17,zn2305,zn2305,21450.0,0.0,0.0,0.0,5,21450.0,21465.0,10,21510.0,21510.0,21510.0,21440.0,170.0,18243375.0,6530
2023-05-09 21:05:18,zn2305,zn2305,21450.0,0.0,0.0,0.0,5,21450.0,21465.0,15,21510.0,21510.0,21510.0,21440.0,170.0,18243375.0,6530
2023-05-09 21:05:19,zn2305,zn2305,21450.0,0.0,0.0,0.0,5,21450.0,21465.0,15,21510.0,21510.0,21510.0,21440.0,170.0,18243375.0,6530
2023-05-09 21:05:26,zn2305,zn2305,21450.0,0.0,0.0,0.0,5,21420.0,21500.0,5,21510.0,21510.0,21510.0,21440.0,170.0,18243375.0,6530
2023-05-09 21:05:27,zn2305,zn2305,21450.0,0.0,0.0,0.0,5,21455.0,21470.0,10,21510.0,21510.0,21510.0,21440.0,170.0,18243375.0,6530
2023-05-09 21:05:27,zn2305,zn2305,21450.0,0.0,0.0,0.0,5,21455.0,21470.0,15,21510.0,21510.0,21510.0,21440.0,170.0,18243375.0,6530
2023-05-09 21:05:33,zn2305,zn2305,21450.0,0.0,0.0,0.0,5,21420.0,21470.0,5,21510.0,21510.0,21510.0,21440.0,170.0,18243375.0,6530
2023-05-09 21:05:34,zn2305,zn2305,21450.0,0.0,0.0,0.0,5,21450.0,21465.0,10,21510.0,21510.0,21510.0,21440.0,170.0,18243375.0,6530
2023-05-09 21:05:34,zn2305,zn2305,21450.0,0.0,0.0,0.0,5,21450.0,21465.0,15,21510.0,21510.0,21510.0,21440.0,170.0,18243375.0,6530
2023-05-09 21:05:38,zn2305,zn2305,21450.0,0.0,0.0,0.0,5,21420.0,21465.0,15,21510.0,21510.0,21510.0,21440.0,170.0,18243375.0,6530
2023-05-09 21:05:39,zn2305,zn2305,21450.0,0.0,0.0,0.0,5,21450.0,21465.0,15,21510.0,21510.0,21510.0,21440.0,170.0,18243375.0,6530
2023-05-09 21:05:39,zn2305,zn2305,21450.0,0.0,0.0,0.0,5,21450.0,21465.0,15,21510.0,21510.0,21510.0,21440.0,170.0,18243375.0,6530
2023-05-09 21:05:55,zn2305,zn2305,21450.0,0.0,0.0,0.0,5,21450.0,21465.0,15,21510.0,21510.0,21510.0,21440.0,170.0,18243375.0,6530
2023-05-09 21:05:57,zn2305,zn2305,21450.0,0.0,0.0,0.0,5,21420.0,21500.0,5,21510.0,21510.0,21510.0,21440.0,170.0,18243375.0,6530
2023-05-09 21:05:57,zn2305,zn2305,21450.0,0.0,0.0,0.0,5,21465.0,21470.0,10,21510.0,21510.0,21510.0,21440.0,170.0,18243375.0,6530
2023-05-09 21:05:58,zn2305,zn2305,21465.0,5.0,536625.0,0.0,5,21455.0,21470.0,15,21510.0,21510.0,21510.0,21440.0,175.0,18780000.0,6530
2023-05-09 21:06:08,zn2305,zn2305,21465.0,0.0,0.0,0.0,5,21420.0,21470.0,5,21510.0,21510.0,21510.0,21440.0,175.0,18780000.0,6530
2023-05-09 21:06:08,zn2305,zn2305,21465.0,0.0,0.0,0.0,5,21450.0,21465.0,10,21510.0,21510.0,21510.0,21440.0,175.0,18780000.0,6530
2023-05-09 21:06:09,zn2305,zn2305,21465.0,0.0,0.0,0.0,5,21450.0,21465.0,15,21510.0,21510.0,21510.0,21440.0,175.0,18780000.0,6530
2023-05-09 21:06:11,zn2305,zn2305,21465.0,0.0,0.0,0.0,5,21420.0,21465.0,15,21510.0,21510.0,21510.0,21440.0,175.0,18780000.0,6530
2023-05-09 21:06:11,zn2305,zn2305,21465.0,0.0,0.0,0.0,5,21445.0,21465.0,20,21510.0,21510.0,21510.0,21440.0,175.0,18780000.0,6530
2023-05-09 21:06:12,zn2305,zn2305,21465.0,0.0,0.0,0.0,5,21445.0,21460.0,5,21510.0,21510.0,21510.0,21440.0,175.0,18780000.0,6530
2023-05-09 21:06:12,zn2305,zn2305,21465.0,0.0,0.0,0.0,5,21445.0,21460.0,15,21510.0,21510.0,21510.0,21440.0,175.0,18780000.0,6530
2023-05-09 21:06:16,zn2305,zn2305,21465.0,0.0,0.0,0.0,5,21445.0,21460.0,15,21510.0,21510.0,21510.0,21440.0,175.0,18780000.0,6530
2023-05-09 21:06:17,zn2305,zn2305,21465.0,0.0,0.0,0.0,5,21420.0,21455.0,5,21510.0,21510.0,21510.0,21440.0,175.0,18780000.0,6530
2023-05-09 21:06:17,zn2305,zn2305,21465.0,0.0,0.0,0.0,5,21440.0,21455.0,10,21510.0,21510.0,21510.0,21440.0,175.0,18780000.0,6530
2023-05-09 21:06:18,zn2305,zn2305,21465.0,0.0,0.0,0.0,5,21440.0,21455.0,15,21510.0,21510.0,21510.0,21440.0,175.0,18780000.0,6530
2023-05-09 21:06:26,zn2305,zn2305,21465.0,0.0,0.0,0.0,5,21420.0,21500.0,5,21510.0,21510.0,21510.0,21440.0,175.0,18780000.0,6530
2023-05-09 21:06:26,zn2305,zn2305,21465.0,0.0,0.0,0.0,5,21445.0,21460.0,10,21510.0,21510.0,21510.0,21440.0,175.0,18780000.0,6530
2023-05-09 21:06:27,zn2305,zn2305,21465.0,0.0,0.0,0.0,5,21420.0,21455.0,5,21510.0,21510.0,21510.0,21440.0,175.0,18780000.0,6530
2023-05-09 21:06:27,zn2305,zn2305,21465.0,0.0,0.0,0.0,5,21440.0,21455.0,20,21510.0,21510.0,21510.0,21440.0,175.0,18780000.0,6530
2023-05-09 21:06:28,zn2305,zn2305,21465.0,0.0,0.0,0.0,5,21440.0,21455.0,20,21510.0,21510.0,21510.0,21440.0,175.0,18780000.0,6530
2023-05-09 21:06:30,zn2305,zn2305,21465.0,0.0,0.0,0.0,40,21420.0,21455.0,20,21510.0,21510.0,21510.0,21440.0,175.0,18780000.0,6530
2023-05-09 21:06:31,zn2305,zn2305,21465.0,0.0,0.0,0.0,5,21435.0,21450.0,5,21510.0,21510.0,21510.0,21440.0,175.0,18780000.0,6530
2023-05-09 21:06:31,zn2305,zn2305,21465.0,0.0,0.0,0.0,5,21435.0,21450.0,15,21510.0,21510.0,21510.0,21440.0,175.0,18780000.0,6530
2023-05-09 21:06:32,zn2305,zn2305,21465.0,0.0,0.0,0.0,5,21435.0,21450.0,20,21510.0,21510.0,21510.0,21440.0,175.0,18780000.0,6530
2023-05-09 21:06:32,zn2305,zn2305,21465.0,0.0,0.0,0.0,40,21420.0,21495.0,5,21510.0,21510.0,21510.0,21440.0,175.0,18780000.0,6530
2023-05-09 21:06:33,zn2305,zn2305,21465.0,0.0,0.0,0.0,5,21440.0,21455.0,10,21510.0,21510.0,21510.0,21440.0,175.0,18780000.0,6530
2023-05-09 21:06:33,zn2305,zn2305,21465.0,0.0,0.0,0.0,40,21420.0,21450.0,5,21510.0,21510.0,21510.0,21440.0,175.0,18780000.0,6530
2023-05-09 21:06:34,zn2305,zn2305,21465.0,0.0,0.0,0.0,5,21435.0,21450.0,20,21510.0,21510.0,21510.0,21440.0,175.0,18780000.0,6530
2023-05-09 21:06:34,zn2305,zn2305,21465.0,0.0,0.0,0.0,5,21435.0,21450.0,20,21510.0,21510.0,21510.0,21440.0,175.0,18780000.0,6530
2023-05-09 21:06:36,zn2305,zn2305,21465.0,0.0,0.0,0.0,40,21420.0,21495.0,5,21510.0,21510.0,21510.0,21440.0,175.0,18780000.0,6530
2023-05-09 21:06:37,zn2305,zn2305,21465.0,0.0,0.0,0.0,5,21440.0,21455.0,10,21510.0,21510.0,21510.0,21440.0,175.0,18780000.0,6530
2023-05-09 21:06:37,zn2305,zn2305,21465.0,0.0,0.0,0.0,5,21440.0,21455.0,15,21510.0,21510.0,21510.0,21440.0,175.0,18780000.0,6530
2023-05-09 21:06:38,zn2305,zn2305,21465.0,0.0,0.0,0.0,40,21420.0,21450.0,5,21510.0,21510.0,21510.0,21440.0,175.0,18780000.0,6530
2023-05-09 21:06:38,zn2305,zn2305,21465.0,0.0,0.0,0.0,5,21435.0,21450.0,20,21510.0,21510.0,21510.0,21440.0,175.0,18780000.0,6530
2023-05-09 21:06:39,zn2305,zn2305,21465.0,0.0,0.0,0.0,5,21435.0,21495.0,5,21510.0,21510.0,21510.0,21440.0,175.0,18780000.0,6530
2023-05-09 21:06:39,zn2305,zn2305,21465.0,0.0,0.0,0.0,40,21420.0,21455.0,10,21510.0,21510.0,21510.0,21440.0,175.0,18780000.0,6530
2023-05-09 21:06:40,zn2305,zn2305,21465.0,0.0,0.0,0.0,5,21440.0,21455.0,20,21510.0,21510.0,21510.0,21440.0,175.0,18780000.0,6530
2023-05-09 21:06:40,zn2305,zn2305,21465.0,0.0,0.0,0.0,5,21440.0,21455.0,20,21510.0,21510.0,21510.0,21440.0,175.0,18780000.0,6530
2023-05-09 21:06:43,zn2305,zn2305,21465.0,0.0,0.0,0.0,40,21420.0,21495.0,5,21510.0,21510.0,21510.0,21440.0,175.0,18780000.0,6530
2023-05-09 21:06:44,zn2305,zn2305,21465.0,0.0,0.0,0.0,5,21445.0,21460.0,10,21510.0,21510.0,21510.0,21440.0,175.0,18780000.0,6530
2023-05-09 21:06:44,zn2305,zn2305,21465.0,0.0,0.0,0.0,40,21420.0,21460.0,25,21510.0,21510.0,21510.0,21440.0,175.0,18780000.0,6530
2023-05-09 21:06:45,zn2305,zn2305,21465.0,0.0,0.0,0.0,5,21440.0,21455.0,5,21510.0,21510.0,21510.0,21440.0,175.0,18780000.0,6530
2023-05-09 21:06:45,zn2305,zn2305,21465.0,0.0,0.0,0.0,5,21440.0,21455.0,20,21510.0,21510.0,21510.0,21440.0,175.0,18780000.0,6530
2023-05-09 21:07:01,zn2305,zn2305,21465.0,0.0,0.0,0.0,40,21420.0,21455.0,10,21510.0,21510.0,21510.0,21440.0,175.0,18780000.0,6530
2023-05-09 21:07:02,zn2305,zn2305,21465.0,0.0,0.0,0.0,5,21435.0,21450.0,10,21510.0,21510.0,21510.0,21440.0,175.0,18780000.0,6530
2023-05-09 21:07:02,zn2305,zn2305,21465.0,0.0,0.0,0.0,5,21435.0,21450.0,15,21510.0,21510.0,21510.0,21440.0,175.0,18780000.0,6530
2023-05-09 21:07:03,zn2305,zn2305,21465.0,0.0,0.0,0.0,5,21435.0,21450.0,20,21510.0,21510.0,21510.0,21440.0,175.0,18780000.0,6530
2023-05-09 21:07:04,zn2305,zn2305,21465.0,0.0,0.0,0.0,5,21435.0,21450.0,15,21510.0,21510.0,21510.0,21440.0,175.0,18780000.0,6530
2023-05-09 21:07:05,zn2305,zn2305,21465.0,0.0,0.0,0.0,40,21420.0,21495.0,5,21510.0,21510.0,21510.0,21440.0,175.0,18780000.0,6530
2023-05-09 21:07:05,zn2305,zn2305,21465.0,0.0,0.0,0.0,5,21440.0,21455.0,10,21510.0,21510.0,21510.0,21440.0,175.0,18780000.0,6530
2023-05-09 21:07:06,zn2305,zn2305,21465.0,0.0,0.0,0.0,5,21440.0,21455.0,20,21510.0,21510.0,21510.0,21440.0,175.0,18780000.0,6530
2023-05-09 21:07:06,zn2305,zn2305,21465.0,0.0,0.0,0.0,40,21420.0,21450.0,5,21510.0,21510.0,21510.0,21440.0,175.0,18780000.0,6530
2023-05-09 21:07:07,zn2305,zn2305,21465.0,0.0,0.0,0.0,5,21435.0,21495.0,5,21510.0,21510.0,21510.0,21440.0,175.0,18780000.0,6530
2023-05-09 21:07:07,zn2305,zn2305,21465.0,0.0,0.0,0.0,5,21425.0,21455.0,20,21510.0,21510.0,21510.0,21440.0,175.0,18780000.0,6530
2023-05-09 21:07:08,zn2305,zn2305,21465.0,0.0,0.0,0.0,5,21435.0,21450.0,15,21510.0,21510.0,21510.0,21440.0,175.0,18780000.0,6530
2023-05-09 21:07:08,zn2305,zn2305,21465.0,0.0,0.0,0.0,5,21435.0,21450.0,30,21510.0,21510.0,21510.0,21440.0,175.0,18780000.0,6530
2023-05-09 21:07:12,zn2305,zn2305,21465.0,0.0,0.0,0.0,40,21420.0,21450.0,10,21510.0,21510.0,21510.0,21440.0,175.0,18780000.0,6530
2023-05-09 21:07:13,zn2305,zn2305,21465.0,0.0,0.0,0.0,5,21430.0,21445.0,20,21510.0,21510.0,21510.0,21440.0,175.0,18780000.0,6530
2023-05-09 21:07:13,zn2305,zn2305,21465.0,0.0,0.0,0.0,5,21430.0,21445.0,30,21510.0,21510.0,21510.0,21440.0,175.0,18780000.0,6530
2023-05-09 21:07:14,zn2305,zn2305,21465.0,0.0,0.0,0.0,45,21420.0,21465.0,5,21510.0,21510.0,21510.0,21440.0,175.0,18780000.0,6530
2023-05-09 21:07:14,zn2305,zn2305,21465.0,0.0,0.0,0.0,5,21435.0,21450.0,20,21510.0,21510.0,21510.0,21440.0,175.0,18780000.0,6530
2023-05-09 21:07:15,zn2305,zn2305,21465.0,0.0,0.0,0.0,5,21435.0,21450.0,30,21510.0,21510.0,21510.0,21440.0,175.0,18780000.0,6530
2023-05-09 21:07:45,zn2305,zn2305,21465.0,0.0,0.0,0.0,5,21435.0,21450.0,30,21510.0,21510.0,21510.0,21440.0,175.0,18780000.0,6530
2023-05-09 21:07:55,zn2305,zn2305,21465.0,0.0,0.0,0.0,40,21420.0,21495.0,5,21510.0,21510.0,21510.0,21440.0,175.0,18780000.0,6530
2023-05-09 21:07:55,zn2305,zn2305,21465.0,0.0,0.0,0.0,5,21440.0,21455.0,20,21510.0,21510.0,21510.0,21440.0,175.0,18780000.0,6530
2023-05-09 21:07:56,zn2305,zn2305,21465.0,0.0,0.0,0.0,5,21440.0,21455.0,30,21510.0,21510.0,21510.0,21440.0,175.0,18780000.0,6530
2023-05-09 21:07:57,zn2305,zn2305,21465.0,0.0,0.0,0.0,40,21420.0,21455.0,10,21510.0,21510.0,21510.0,21440.0,175.0,18780000.0,6530
2023-05-09 21:07:58,zn2305,zn2305,21465.0,0.0,0.0,0.0,5,21435.0,21445.0,5,21510.0,21510.0,21510.0,21440.0,175.0,18780000.0,6530
2023-05-09 21:07:58,zn2305,zn2305,21465.0,0.0,0.0,0.0,5,21435.0,21445.0,5,21510.0,21510.0,21510.0,21440.0,175.0,18780000.0,6530
2023-05-09 21:08:02,zn2305,zn2305,21445.0,5.0,536125.0,-5.0,5,21425.0,21450.0,5,21510.0,21510.0,21510.0,21440.0,180.0,19316125.0,6525
2023-05-09 21:08:03,zn2305,zn2305,21445.0,0.0,0.0,0.0,5,21440.0,21465.0,5,21510.0,21510.0,21510.0,21440.0,180.0,19316125.0,6525
2023-05-09 21:08:03,zn2305,zn2305,21445.0,0.0,0.0,0.0,5,21440.0,21455.0,20,21510.0,21510.0,21510.0,21440.0,180.0,19316125.0,6525
2023-05-09 21:08:04,zn2305,zn2305,21445.0,0.0,0.0,0.0,5,21440.0,21455.0,30,21510.0,21510.0,21510.0,21440.0,180.0,19316125.0,6525
2023-05-09 21:08:09,zn2305,zn2305,21445.0,0.0,0.0,0.0,5,21430.0,21495.0,5,21510.0,21510.0,21510.0,21440.0,180.0,19316125.0,6525
2023-05-09 21:08:09,zn2305,zn2305,21445.0,0.0,0.0,0.0,5,21445.0,21460.0,20,21510.0,21510.0,21510.0,21440.0,180.0,19316125.0,6525
2023-05-09 21:08:10,zn2305,zn2305,21445.0,0.0,0.0,0.0,5,21445.0,21460.0,30,21510.0,21510.0,21510.0,21440.0,180.0,19316125.0,6525
2023-05-09 21:08:11,zn2305,zn2305,21445.0,0.0,0.0,0.0,40,21420.0,21460.0,10,21510.0,21510.0,21510.0,21440.0,180.0,19316125.0,6525
2023-05-09 21:08:12,zn2305,zn2305,21445.0,0.0,0.0,0.0,5,21440.0,21455.0,20,21510.0,21510.0,21510.0,21440.0,180.0,19316125.0,6525
2023-05-09 21:08:12,zn2305,zn2305,21445.0,0.0,0.0,0.0,5,21440.0,21455.0,25,21510.0,21510.0,21510.0,21440.0,180.0,19316125.0,6525
2023-05-09 21:08:13,zn2305,zn2305,21445.0,0.0,0.0,0.0,5,21430.0,21470.0,5,21510.0,21510.0,21510.0,21440.0,180.0,19316125.0,6525
2023-05-09 21:08:13,zn2305,zn2305,21445.0,0.0,0.0,0.0,5,21445.0,21460.0,20,21510.0,21510.0,21510.0,21440.0,180.0,19316125.0,6525
2023-05-09 21:08:14,zn2305,zn2305,21445.0,0.0,0.0,0.0,5,21445.0,21460.0,30,21510.0,21510.0,21510.0,21440.0,180.0,19316125.0,6525
2023-05-09 21:08:17,zn2305,zn2305,21445.0,0.0,0.0,0.0,5,21435.0,21495.0,5,21510.0,21510.0,21510.0,21440.0,180.0,19316125.0,6525
2023-05-09 21:08:18,zn2305,zn2305,21445.0,0.0,0.0,0.0,5,21450.0,21465.0,20,21510.0,21510.0,21510.0,21440.0,180.0,19316125.0,6525
2023-05-09 21:08:18,zn2305,zn2305,21445.0,0.0,0.0,0.0,5,21450.0,21465.0,30,21510.0,21510.0,21510.0,21440.0,180.0,19316125.0,6525
2023-05-09 21:08:24,zn2305,zn2305,21445.0,0.0,0.0,0.0,5,21450.0,21465.0,30,21510.0,21510.0,21510.0,21440.0,180.0,19316125.0,6525
2023-05-09 21:08:29,zn2305,zn2305,21445.0,0.0,0.0,0.0,40,21420.0,21465.0,10,21510.0,21510.0,21510.0,21440.0,180.0,19316125.0,6525
2023-05-09 21:08:29,zn2305,zn2305,21445.0,0.0,0.0,0.0,5,21445.0,21460.0,20,21510.0,21510.0,21510.0,21440.0,180.0,19316125.0,6525
2023-05-09 21:08:30,zn2305,zn2305,21445.0,0.0,0.0,0.0,5,21445.0,21460.0,25,21510.0,21510.0,21510.0,21440.0,180.0,19316125.0,6525
2023-05-09 21:08:30,zn2305,zn2305,21445.0,0.0,0.0,0.0,5,21445.0,21460.0,30,21510.0,21510.0,21510.0,21440.0,180.0,19316125.0,6525
2023-05-09 21:08:31,zn2305,zn2305,21445.0,0.0,0.0,0.0,40,21420.0,21460.0,10,21510.0,21510.0,21510.0,21440.0,180.0,19316125.0,6525
2023-05-09 21:08:32,zn2305,zn2305,21445.0,0.0,0.0,0.0,5,21440.0,21455.0,20,21510.0,21510.0,21510.0,21440.0,180.0,19316125.0,6525
2023-05-09 21:08:32,zn2305,zn2305,21445.0,0.0,0.0,0.0,5,21440.0,21455.0,30,21510.0,21510.0,21510.0,21440.0,180.0,19316125.0,6525
2023-05-09 21:08:41,zn2305,zn2305,21445.0,0.0,0.0,0.0,40,21420.0,21455.0,10,21510.0,21510.0,21510.0,21440.0,180.0,19316125.0,6525
2023-05-09 21:08:41,zn2305,zn2305,21445.0,0.0,0.0,0.0,5,21435.0,21450.0,20,21510.0,21510.0,21510.0,21440.0,180.0,19316125.0,6525
2023-05-09 21:08:42,zn2305,zn2305,21445.0,0.0,0.0,0.0,5,21435.0,21450.0,30,21510.0,21510.0,21510.0,21440.0,180.0,19316125.0,6525
2023-05-09 21:08:49,zn2305,zn2305,21445.0,0.0,0.0,0.0,40,21420.0,21450.0,10,21510.0,21510.0,21510.0,21440.0,180.0,19316125.0,6525
2023-05-09 21:08:50,zn2305,zn2305,21445.0,0.0,0.0,0.0,5,21430.0,21445.0,20,21510.0,21510.0,21510.0,21440.0,180.0,19316125.0,6525
2023-05-09 21:08:50,zn2305,zn2305,21445.0,0.0,0.0,0.0,5,21430.0,21445.0,30,21510.0,21510.0,21510.0,21440.0,180.0,19316125.0,6525
2023-05-09 21:08:52,zn2305,zn2305,21445.0,0.0,0.0,0.0,5,21430.0,21475.0,5,21510.0,21510.0,21510.0,21440.0,180.0,19316125.0,6525
2023-05-09 21:08:53,zn2305,zn2305,21445.0,0.0,0.0,0.0,45,21420.0,21450.0,20,21510.0,21510.0,21510.0,21440.0,180.0,19316125.0,6525
2023-05-09 21:08:53,zn2305,zn2305,21445.0,0.0,0.0,0.0,5,21430.0,21445.0,15,21510.0,21510.0,21510.0,21440.0,180.0,19316125.0,6525
2023-05-09 21:08:54,zn2305,zn2305,21445.0,0.0,0.0,0.0,5,21430.0,21445.0,30,21510.0,21510.0,21510.0,21440.0,180.0,19316125.0,6525
2023-05-09 21:08:56,zn2305,zn2305,21445.0,0.0,0.0,0.0,5,21430.0,21445.0,40,21510.0,21510.0,21510.0,21440.0,180.0,19316125.0,6525
2023-05-09 21:08:57,zn2305,zn2305,21445.0,0.0,0.0,0.0,5,21430.0,21445.0,40,21510.0,21510.0,21510.0,21440.0,180.0,19316125.0,6525
2023-05-09 21:09:00,zn2305,zn2305,21445.0,0.0,0.0,0.0,45,21420.0,21445.0,10,21510.0,21510.0,21510.0,21440.0,180.0,19316125.0,6525
2023-05-09 21:09:00,zn2305,zn2305,21445.0,0.0,0.0,0.0,5,21435.0,21445.0,10,21510.0,21510.0,21510.0,21440.0,180.0,19316125.0,6525
2023-05-09 21:09:01,zn2305,zn2305,21445.0,0.0,0.0,0.0,5,21435.0,21445.0,10,21510.0,21510.0,21510.0,21440.0,180.0,19316125.0,6525
2023-05-09 21:09:06,zn2305,zn2305,21445.0,0.0,0.0,0.0,40,21420.0,21445.0,15,21510.0,21510.0,21510.0,21440.0,180.0,19316125.0,6525
2023-05-09 21:09:06,zn2305,zn2305,21445.0,0.0,0.0,0.0,5,21430.0,21445.0,40,21510.0,21510.0,21510.0,21440.0,180.0,19316125.0,6525
2023-05-09 21:09:09,zn2305,zn2305,21445.0,0.0,0.0,0.0,45,21420.0,21445.0,10,21510.0,21510.0,21510.0,21440.0,180.0,19316125.0,6525
2023-05-09 21:09:10,zn2305,zn2305,21445.0,0.0,0.0,0.0,5,21435.0,21445.0,10,21510.0,21510.0,21510.0,21440.0,180.0,19316125.0,6525
2023-05-09 21:09:10,zn2305,zn2305,21445.0,0.0,0.0,0.0,5,21435.0,21445.0,10,21510.0,21510.0,21510.0,21440.0,180.0,19316125.0,6525
2023-05-09 21:09:14,zn2305,zn2305,21445.0,0.0,0.0,0.0,5,21425.0,21445.0,10,21510.0,21510.0,21510.0,21440.0,180.0,19316125.0,6525
2023-05-09 21:09:15,zn2305,zn2305,21445.0,0.0,0.0,0.0,5,21440.0,21445.0,10,21510.0,21510.0,21510.0,21440.0,180.0,19316125.0,6525
2023-05-09 21:09:15,zn2305,zn2305,21445.0,0.0,0.0,0.0,5,21440.0,21445.0,10,21510.0,21510.0,21510.0,21440.0,180.0,19316125.0,6525
2023-05-09 21:09:28,zn2305,zn2305,21445.0,0.0,0.0,0.0,5,21440.0,21445.0,10,21510.0,21510.0,21510.0,21440.0,180.0,19316125.0,6525
2023-05-09 21:09:32,zn2305,zn2305,21445.0,5.0,536125.0,-5.0,5,21440.0,21445.0,5,21510.0,21510.0,21510.0,21440.0,185.0,19852250.0,6520
2023-05-09 21:09:33,zn2305,zn2305,21445.0,0.0,0.0,0.0,40,21420.0,21445.0,5,21510.0,21510.0,21510.0,21440.0,185.0,19852250.0,6520
2023-05-09 21:09:33,zn2305,zn2305,21445.0,0.0,0.0,0.0,5,21425.0,21445.0,5,21510.0,21510.0,21510.0,21440.0,185.0,19852250.0,6520
2023-05-09 21:09:34,zn2305,zn2305,21445.0,0.0,0.0,0.0,5,21435.0,21445.0,5,21510.0,21510.0,21510.0,21440.0,185.0,19852250.0,6520
2023-05-09 21:09:34,zn2305,zn2305,21445.0,0.0,0.0,0.0,5,21435.0,21445.0,5,21510.0,21510.0,21510.0,21440.0,185.0,19852250.0,6520
2023-05-09 21:09:51,zn2305,zn2305,21445.0,0.0,0.0,0.0,40,21420.0,21445.0,10,21510.0,21510.0,21510.0,21440.0,185.0,19852250.0,6520
2023-05-09 21:09:52,zn2305,zn2305,21445.0,0.0,0.0,0.0,5,21430.0,21445.0,10,21510.0,21510.0,21510.0,21440.0,185.0,19852250.0,6520
2023-05-09 21:09:52,zn2305,zn2305,21445.0,0.0,0.0,0.0,5,21430.0,21445.0,10,21510.0,21510.0,21510.0,21440.0,185.0,19852250.0,6520
2023-05-09 21:09:55,zn2305,zn2305,21445.0,0.0,0.0,0.0,5,21430.0,21445.0,5,21510.0,21510.0,21510.0,21440.0,185.0,19852250.0,6520
2023-05-09 21:09:55,zn2305,zn2305,21445.0,0.0,0.0,0.0,45,21420.0,21445.0,5,21510.0,21510.0,21510.0,21440.0,185.0,19852250.0,6520
2023-05-09 21:09:56,zn2305,zn2305,21445.0,0.0,0.0,0.0,5,21435.0,21445.0,5,21510.0,21510.0,21510.0,21440.0,185.0,19852250.0,6520
2023-05-09 21:09:56,zn2305,zn2305,21445.0,0.0,0.0,0.0,5,21425.0,21445.0,5,21510.0,21510.0,21510.0,21440.0,185.0,19852250.0,6520
2023-05-09 21:09:57,zn2305,zn2305,21445.0,0.0,0.0,0.0,5,21435.0,21445.0,5,21510.0,21510.0,21510.0,21440.0,185.0,19852250.0,6520
2023-05-09 21:09:57,zn2305,zn2305,21445.0,0.0,0.0,0.0,5,21435.0,21445.0,5,21510.0,21510.0,21510.0,21440.0,185.0,19852250.0,6520
2023-05-09 21:10:05,zn2305,zn2305,21445.0,0.0,0.0,0.0,40,21420.0,21445.0,10,21510.0,21510.0,21510.0,21440.0,185.0,19852250.0,6520
2023-05-09 21:10:05,zn2305,zn2305,21445.0,0.0,0.0,0.0,5,21430.0,21445.0,15,21510.0,21510.0,21510.0,21440.0,185.0,19852250.0,6520
2023-05-09 21:10:06,zn2305,zn2305,21445.0,0.0,0.0,0.0,45,21420.0,21445.0,5,21510.0,21510.0,21510.0,21440.0,185.0,19852250.0,6520
2023-05-09 21:10:06,zn2305,zn2305,21445.0,0.0,0.0,0.0,5,21435.0,21445.0,5,21510.0,21510.0,21510.0,21440.0,185.0,19852250.0,6520
2023-05-09 21:10:07,zn2305,zn2305,21445.0,0.0,0.0,0.0,5,21435.0,21445.0,5,21510.0,21510.0,21510.0,21440.0,185.0,19852250.0,6520
2023-05-09 21:10:07,zn2305,zn2305,21445.0,0.0,0.0,0.0,5,21425.0,21445.0,5,21510.0,21510.0,21510.0,21440.0,185.0,19852250.0,6520
2023-05-09 21:10:08,zn2305,zn2305,21445.0,0.0,0.0,0.0,5,21435.0,21445.0,5,21510.0,21510.0,21510.0,21440.0,185.0,19852250.0,6520
2023-05-09 21:10:08,zn2305,zn2305,21445.0,0.0,0.0,0.0,5,21435.0,21445.0,5,21510.0,21510.0,21510.0,21440.0,185.0,19852250.0,6520
2023-05-09 21:10:16,zn2305,zn2305,21445.0,0.0,0.0,0.0,5,21435.0,21445.0,5,21510.0,21510.0,21510.0,21440.0,185.0,19852250.0,6520
2023-05-09 21:10:20,zn2305,zn2305,21445.0,5.0,536125.0,0.0,40,21420.0,21495.0,5,21510.0,21510.0,21510.0,21440.0,190.0,20388375.0,6520
2023-05-09 21:10:20,zn2305,zn2305,21445.0,0.0,0.0,0.0,5,21440.0,21455.0,5,21510.0,21510.0,21510.0,21440.0,190.0,20388375.0,6520
2023-05-09 21:10:21,zn2305,zn2305,21445.0,0.0,0.0,0.0,5,21440.0,21455.0,5,21510.0,21510.0,21510.0,21440.0,190.0,20388375.0,6520
2023-05-09 21:10:26,zn2305,zn2305,21445.0,0.0,0.0,0.0,5,21440.0,21490.0,5,21510.0,21510.0,21510.0,21440.0,190.0,20388375.0,6520
2023-05-09 21:10:26,zn2305,zn2305,21445.0,0.0,0.0,0.0,20,21440.0,21460.0,5,21510.0,21510.0,21510.0,21440.0,190.0,20388375.0,6520
2023-05-09 21:10:27,zn2305,zn2305,21445.0,0.0,0.0,0.0,5,21440.0,21460.0,5,21510.0,21510.0,21510.0,21440.0,190.0,20388375.0,6520
2023-05-09 21:10:27,zn2305,zn2305,21445.0,0.0,0.0,0.0,5,21440.0,21455.0,5,21510.0,21510.0,21510.0,21440.0,190.0,20388375.0,6520
2023-05-09 21:10:28,zn2305,zn2305,21445.0,0.0,0.0,0.0,5,21440.0,21455.0,5,21510.0,21510.0,21510.0,21440.0,190.0,20388375.0,6520
2023-05-09 21:10:31,zn2305,zn2305,21445.0,0.0,0.0,0.0,5,21440.0,21470.0,5,21510.0,21510.0,21510.0,21440.0,190.0,20388375.0,6520
2023-05-09 21:10:31,zn2305,zn2305,21445.0,0.0,0.0,0.0,20,21440.0,21460.0,5,21510.0,21510.0,21510.0,21440.0,190.0,20388375.0,6520
2023-05-09 21:10:32,zn2305,zn2305,21445.0,0.0,0.0,0.0,5,21445.0,21460.0,5,21510.0,21510.0,21510.0,21440.0,190.0,20388375.0,6520
2023-05-09 21:10:32,zn2305,zn2305,21445.0,0.0,0.0,0.0,5,21445.0,21460.0,5,21510.0,21510.0,21510.0,21440.0,190.0,20388375.0,6520
2023-05-09 21:10:33,zn2305,zn2305,21445.0,0.0,0.0,0.0,5,21430.0,21460.0,10,21510.0,21510.0,21510.0,21440.0,190.0,20388375.0,6520
2023-05-09 21:10:33,zn2305,zn2305,21445.0,0.0,0.0,0.0,5,21440.0,21460.0,5,21510.0,21510.0,21510.0,21440.0,190.0,20388375.0,6520
2023-05-09 21:10:34,zn2305,zn2305,21445.0,0.0,0.0,0.0,5,21440.0,21460.0,5,21510.0,21510.0,21510.0,21440.0,190.0,20388375.0,6520
2023-05-09 21:10:34,zn2305,zn2305,21445.0,0.0,0.0,0.0,5,21440.0,21455.0,5,21510.0,21510.0,21510.0,21440.0,190.0,20388375.0,6520
2023-05-09 21:10:35,zn2305,zn2305,21445.0,0.0,0.0,0.0,5,21440.0,21455.0,5,21510.0,21510.0,21510.0,21440.0,190.0,20388375.0,6520
2023-05-09 21:10:37,zn2305,zn2305,21445.0,0.0,0.0,0.0,5,21440.0,21470.0,5,21510.0,21510.0,21510.0,21440.0,190.0,20388375.0,6520
2023-05-09 21:10:37,zn2305,zn2305,21445.0,0.0,0.0,0.0,25,21440.0,21460.0,5,21510.0,21510.0,21510.0,21440.0,190.0,20388375.0,6520
2023-05-09 21:10:38,zn2305,zn2305,21445.0,0.0,0.0,0.0,30,21440.0,21460.0,5,21510.0,21510.0,21510.0,21440.0,190.0,20388375.0,6520
2023-05-09 21:10:38,zn2305,zn2305,21445.0,0.0,0.0,0.0,25,21440.0,21460.0,5,21510.0,21510.0,21510.0,21440.0,190.0,20388375.0,6520
2023-05-09 21:10:39,zn2305,zn2305,21445.0,0.0,0.0,0.0,5,21445.0,21460.0,5,21510.0,21510.0,21510.0,21440.0,190.0,20388375.0,6520
2023-05-09 21:10:39,zn2305,zn2305,21445.0,0.0,0.0,0.0,5,21445.0,21460.0,5,21510.0,21510.0,21510.0,21440.0,190.0,20388375.0,6520
2023-05-09 21:10:58,zn2305,zn2305,21445.0,0.0,0.0,0.0,5,21430.0,21500.0,10,21510.0,21510.0,21510.0,21440.0,190.0,20388375.0,6520
2023-05-09 21:10:58,zn2305,zn2305,21445.0,0.0,0.0,0.0,5,21450.0,21465.0,5,21510.0,21510.0,21510.0,21440.0,190.0,20388375.0,6520
2023-05-09 21:10:59,zn2305,zn2305,21445.0,0.0,0.0,0.0,5,21450.0,21465.0,5,21510.0,21510.0,21510.0,21440.0,190.0,20388375.0,6520
2023-05-09 21:11:01,zn2305,zn2305,21445.0,0.0,0.0,0.0,40,21420.0,21475.0,5,21510.0,21510.0,21510.0,21440.0,190.0,20388375.0,6520
2023-05-09 21:11:02,zn2305,zn2305,21445.0,0.0,0.0,0.0,5,21445.0,21460.0,5,21510.0,21510.0,21510.0,21440.0,190.0,20388375.0,6520
2023-05-09 21:11:02,zn2305,zn2305,21445.0,0.0,0.0,0.0,5,21445.0,21500.0,10,21510.0,21510.0,21510.0,21440.0,190.0,20388375.0,6520
2023-05-09 21:11:03,zn2305,zn2305,21445.0,0.0,0.0,0.0,20,21445.0,21465.0,5,21510.0,21510.0,21510.0,21440.0,190.0,20388375.0,6520
2023-05-09 21:11:03,zn2305,zn2305,21445.0,0.0,0.0,0.0,5,21450.0,21465.0,5,21510.0,21510.0,21510.0,21440.0,190.0,20388375.0,6520
2023-05-09 21:11:04,zn2305,zn2305,21445.0,0.0,0.0,0.0,5,21450.0,21465.0,5,21510.0,21510.0,21510.0,21440.0,190.0,20388375.0,6520
2023-05-09 21:11:13,zn2305,zn2305,21445.0,0.0,0.0,0.0,5,21435.0,21500.0,10,21510.0,21510.0,21510.0,21440.0,190.0,20388375.0,6520
2023-05-09 21:11:14,zn2305,zn2305,21445.0,0.0,0.0,0.0,5,21455.0,21470.0,5,21510.0,21510.0,21510.0,21440.0,190.0,20388375.0,6520
2023-05-09 21:11:14,zn2305,zn2305,21445.0,0.0,0.0,0.0,5,21455.0,21470.0,5,21510.0,21510.0,21510.0,21440.0,190.0,20388375.0,6520
2023-05-09 21:11:18,zn2305,zn2305,21445.0,0.0,0.0,0.0,40,21420.0,21470.0,5,21510.0,21510.0,21510.0,21440.0,190.0,20388375.0,6520
2023-05-09 21:11:18,zn2305,zn2305,21445.0,0.0,0.0,0.0,5,21455.0,21470.0,5,21510.0,21510.0,21510.0,21440.0,190.0,20388375.0,6520
2023-05-09 21:11:19,zn2305,zn2305,21445.0,0.0,0.0,0.0,5,21455.0,21470.0,5,21510.0,21510.0,21510.0,21440.0,190.0,20388375.0,6520
2023-05-09 21:11:29,zn2305,zn2305,21445.0,0.0,0.0,0.0,40,21420.0,21480.0,5,21510.0,21510.0,21510.0,21440.0,190.0,20388375.0,6520
2023-05-09 21:11:29,zn2305,zn2305,21445.0,0.0,0.0,0.0,5,21450.0,21465.0,5,21510.0,21510.0,21510.0,21440.0,190.0,20388375.0,6520
2023-05-09 21:11:30,zn2305,zn2305,21445.0,0.0,0.0,0.0,5,21450.0,21465.0,5,21510.0,21510.0,21510.0,21440.0,190.0,20388375.0,6520
2023-05-09 21:11:31,zn2305,zn2305,21445.0,0.0,0.0,0.0,5,21450.0,21475.0,5,21510.0,21510.0,21510.0,21440.0,190.0,20388375.0,6520
2023-05-09 21:11:31,zn2305,zn2305,21445.0,0.0,0.0,0.0,5,21450.0,21470.0,5,21510.0,21510.0,21510.0,21440.0,190.0,20388375.0,6520
2023-05-09 21:11:32,zn2305,zn2305,21445.0,0.0,0.0,0.0,5,21450.0,21470.0,5,21510.0,21510.0,21510.0,21440.0,190.0,20388375.0,6520
2023-05-09 21:11:33,zn2305,zn2305,21445.0,0.0,0.0,0.0,5,21440.0,21470.0,5,21510.0,21510.0,21510.0,21440.0,190.0,20388375.0,6520
2023-05-09 21:11:34,zn2305,zn2305,21445.0,0.0,0.0,0.0,5,21455.0,21470.0,5,21510.0,21510.0,21510.0,21440.0,190.0,20388375.0,6520
2023-05-09 21:11:34,zn2305,zn2305,21445.0,0.0,0.0,0.0,5,21455.0,21470.0,5,21510.0,21510.0,21510.0,21440.0,190.0,20388375.0,6520
2023-05-09 21:11:46,zn2305,zn2305,21445.0,0.0,0.0,0.0,5,21445.0,21500.0,10,21510.0,21510.0,21510.0,21440.0,190.0,20388375.0,6520
2023-05-09 21:11:47,zn2305,zn2305,21445.0,0.0,0.0,0.0,5,21460.0,21475.0,5,21510.0,21510.0,21510.0,21440.0,190.0,20388375.0,6520
2023-05-09 21:11:47,zn2305,zn2305,21445.0,0.0,0.0,0.0,5,21460.0,21475.0,5,21510.0,21510.0,21510.0,21440.0,190.0,20388375.0,6520
2023-05-09 21:11:48,zn2305,zn2305,21445.0,0.0,0.0,0.0,15,21460.0,21500.0,10,21510.0,21510.0,21510.0,21440.0,190.0,20388375.0,6520
2023-05-09 21:11:48,zn2305,zn2305,21445.0,0.0,0.0,0.0,5,21465.0,21480.0,5,21510.0,21510.0,21510.0,21440.0,190.0,20388375.0,6520
2023-05-09 21:11:49,zn2305,zn2305,21445.0,0.0,0.0,0.0,5,21465.0,21480.0,5,21510.0,21510.0,21510.0,21440.0,190.0,20388375.0,6520
2023-05-09 21:12:05,zn2305,zn2305,21445.0,0.0,0.0,0.0,5,21450.0,21490.0,5,21510.0,21510.0,21510.0,21440.0,190.0,20388375.0,6520
2023-05-09 21:12:06,zn2305,zn2305,21445.0,0.0,0.0,0.0,5,21460.0,21475.0,5,21510.0,21510.0,21510.0,21440.0,190.0,20388375.0,6520
2023-05-09 21:12:06,zn2305,zn2305,21445.0,0.0,0.0,0.0,5,21460.0,21475.0,5,21510.0,21510.0,21510.0,21440.0,190.0,20388375.0,6520
2023-05-09 21:12:07,zn2305,zn2305,21445.0,0.0,0.0,0.0,10,21460.0,21500.0,10,21510.0,21510.0,21510.0,21440.0,190.0,20388375.0,6520
2023-05-09 21:12:07,zn2305,zn2305,21445.0,0.0,0.0,0.0,5,21465.0,21480.0,5,21510.0,21510.0,21510.0,21440.0,190.0,20388375.0,6520
2023-05-09 21:12:08,zn2305,zn2305,21445.0,0.0,0.0,0.0,5,21465.0,21480.0,5,21510.0,21510.0,21510.0,21440.0,190.0,20388375.0,6520
2023-05-09 21:12:08,zn2305,zn2305,21445.0,0.0,0.0,0.0,15,21465.0,21500.0,10,21510.0,21510.0,21510.0,21440.0,190.0,20388375.0,6520
2023-05-09 21:12:09,zn2305,zn2305,21445.0,0.0,0.0,0.0,5,21470.0,21485.0,5,21510.0,21510.0,21510.0,21440.0,190.0,20388375.0,6520
2023-05-09 21:12:09,zn2305,zn2305,21445.0,0.0,0.0,0.0,5,21470.0,21485.0,5,21510.0,21510.0,21510.0,21440.0,190.0,20388375.0,6520
2023-05-09 21:12:14,zn2305,zn2305,21445.0,0.0,0.0,0.0,5,21470.0,21495.0,5,21510.0,21510.0,21510.0,21440.0,190.0,20388375.0,6520
2023-05-09 21:12:15,zn2305,zn2305,21445.0,0.0,0.0,0.0,25,21470.0,21490.0,5,21510.0,21510.0,21510.0,21440.0,190.0,20388375.0,6520
2023-05-09 21:12:15,zn2305,zn2305,21445.0,0.0,0.0,0.0,5,21475.0,21490.0,5,21510.0,21510.0,21510.0,21440.0,190.0,20388375.0,6520
2023-05-09 21:12:16,zn2305,zn2305,21445.0,0.0,0.0,0.0,5,21475.0,21490.0,5,21510.0,21510.0,21510.0,21440.0,190.0,20388375.0,6520
2023-05-09 21:12:17,zn2305,zn2305,21445.0,0.0,0.0,0.0,5,21450.0,21500.0,10,21510.0,21510.0,21510.0,21440.0,190.0,20388375.0,6520
2023-05-09 21:12:17,zn2305,zn2305,21445.0,0.0,0.0,0.0,5,21480.0,21495.0,5,21510.0,21510.0,21510.0,21440.0,190.0,20388375.0,6520
2023-05-09 21:12:18,zn2305,zn2305,21445.0,0.0,0.0,0.0,5,21480.0,21495.0,5,21510.0,21510.0,21510.0,21440.0,190.0,20388375.0,6520
2023-05-09 21:12:18,zn2305,zn2305,21445.0,0.0,0.0,0.0,15,21480.0,21500.0,10,21510.0,21510.0,21510.0,21440.0,190.0,20388375.0,6520
2023-05-09 21:12:19,zn2305,zn2305,21445.0,0.0,0.0,0.0,5,21485.0,21500.0,15,21510.0,21510.0,21510.0,21440.0,190.0,20388375.0,6520
2023-05-09 21:12:19,zn2305,zn2305,21445.0,0.0,0.0,0.0,5,21485.0,21500.0,15,21510.0,21510.0,21510.0,21440.0,190.0,20388375.0,6520
2023-05-09 21:12:20,zn2305,zn2305,21445.0,0.0,0.0,0.0,15,21485.0,21500.0,10,21510.0,21510.0,21510.0,21440.0,190.0,20388375.0,6520
2023-05-09 21:12:20,zn2305,zn2305,21445.0,0.0,0.0,0.0,5,21490.0,21500.0,10,21510.0,21510.0,21510.0,21440.0,190.0,20388375.0,6520
2023-05-09 21:12:21,zn2305,zn2305,21445.0,0.0,0.0,0.0,25,21490.0,21500.0,10,21510.0,21510.0,21510.0,21440.0,190.0,20388375.0,6520
2023-05-09 21:12:21,zn2305,zn2305,21445.0,0.0,0.0,0.0,5,21490.0,21500.0,10,21510.0,21510.0,21510.0,21440.0,190.0,20388375.0,6520
2023-05-09 21:12:22,zn2305,zn2305,21445.0,0.0,0.0,0.0,30,21490.0,21500.0,10,21510.0,21510.0,21510.0,21440.0,190.0,20388375.0,6520
2023-05-09 21:12:22,zn2305,zn2305,21445.0,0.0,0.0,0.0,25,21490.0,21500.0,10,21510.0,21510.0,21510.0,21440.0,190.0,20388375.0,6520
2023-05-09 21:12:23,zn2305,zn2305,21445.0,0.0,0.0,0.0,30,21490.0,21500.0,10,21510.0,21510.0,21510.0,21440.0,190.0,20388375.0,6520
2023-05-09 21:12:23,zn2305,zn2305,21490.0,5.0,537250.0,0.0,20,21490.0,21500.0,5,21510.0,21510.0,21510.0,21440.0,195.0,20925625.0,6520
2023-05-09 21:12:24,zn2305,zn2305,21490.0,0.0,0.0,0.0,5,21495.0,21500.0,5,21510.0,21510.0,21510.0,21440.0,195.0,20925625.0,6520
2023-05-09 21:12:24,zn2305,zn2305,21490.0,0.0,0.0,0.0,5,21470.0,21500.0,5,21510.0,21510.0,21510.0,21440.0,195.0,20925625.0,6520
2023-05-09 21:12:25,zn2305,zn2305,21490.0,0.0,0.0,0.0,10,21485.0,21500.0,10,21510.0,21510.0,21510.0,21440.0,195.0,20925625.0,6520
2023-05-09 21:12:25,zn2305,zn2305,21490.0,0.0,0.0,0.0,25,21485.0,21500.0,10,21510.0,21510.0,21510.0,21440.0,195.0,20925625.0,6520
2023-05-09 21:12:26,zn2305,zn2305,21490.0,0.0,0.0,0.0,40,21420.0,21500.0,5,21510.0,21510.0,21510.0,21440.0,195.0,20925625.0,6520
2023-05-09 21:12:26,zn2305,zn2305,21490.0,0.0,0.0,0.0,10,21480.0,21495.0,5,21510.0,21510.0,21510.0,21440.0,195.0,20925625.0,6520
2023-05-09 21:12:27,zn2305,zn2305,21490.0,0.0,0.0,0.0,25,21480.0,21495.0,5,21510.0,21510.0,21510.0,21440.0,195.0,20925625.0,6520
2023-05-09 21:12:29,zn2305,zn2305,21490.0,0.0,0.0,0.0,20,21480.0,21495.0,5,21510.0,21510.0,21510.0,21440.0,195.0,20925625.0,6520
2023-05-09 21:12:32,zn2305,zn2305,21490.0,0.0,0.0,0.0,20,21480.0,21495.0,5,21510.0,21510.0,21510.0,21440.0,195.0,20925625.0,6520
2023-05-09 21:12:33,zn2305,zn2305,21490.0,0.0,0.0,0.0,15,21480.0,21500.0,5,21510.0,21510.0,21510.0,21440.0,195.0,20925625.0,6520
2023-05-09 21:12:34,zn2305,zn2305,21490.0,0.0,0.0,0.0,5,21485.0,21500.0,10,21510.0,21510.0,21510.0,21440.0,195.0,20925625.0,6520
2023-05-09 21:12:34,zn2305,zn2305,21490.0,0.0,0.0,0.0,10,21450.0,21500.0,5,21510.0,21510.0,21510.0,21440.0,195.0,20925625.0,6520
2023-05-09 21:12:35,zn2305,zn2305,21490.0,0.0,0.0,0.0,5,21480.0,21495.0,5,21510.0,21510.0,21510.0,21440.0,195.0,20925625.0,6520
2023-05-09 21:12:35,zn2305,zn2305,21490.0,0.0,0.0,0.0,20,21480.0,21495.0,5,21510.0,21510.0,21510.0,21440.0,195.0,20925625.0,6520
2023-05-09 21:12:45,zn2305,zn2305,21490.0,0.0,0.0,0.0,10,21450.0,21500.0,5,21510.0,21510.0,21510.0,21440.0,195.0,20925625.0,6520
2023-05-09 21:12:45,zn2305,zn2305,21490.0,0.0,0.0,0.0,5,21475.0,21490.0,5,21510.0,21510.0,21510.0,21440.0,195.0,20925625.0,6520
2023-05-09 21:12:46,zn2305,zn2305,21490.0,0.0,0.0,0.0,40,21475.0,21500.0,5,21510.0,21510.0,21510.0,21440.0,195.0,20925625.0,6520
2023-05-09 21:12:46,zn2305,zn2305,21490.0,0.0,0.0,0.0,5,21480.0,21495.0,5,21510.0,21510.0,21510.0,21440.0,195.0,20925625.0,6520
2023-05-09 21:12:47,zn2305,zn2305,21490.0,0.0,0.0,0.0,5,21465.0,21500.0,5,21510.0,21510.0,21510.0,21440.0,195.0,20925625.0,6520
2023-05-09 21:12:47,zn2305,zn2305,21490.0,0.0,0.0,0.0,5,21475.0,21490.0,5,21510.0,21510.0,21510.0,21440.0,195.0,20925625.0,6520
2023-05-09 21:12:48,zn2305,zn2305,21490.0,0.0,0.0,0.0,20,21475.0,21490.0,5,21510.0,21510.0,21510.0,21440.0,195.0,20925625.0,6520
2023-05-09 21:12:53,zn2305,zn2305,21490.0,0.0,0.0,0.0,15,21475.0,21500.0,5,21510.0,21510.0,21510.0,21440.0,195.0,20925625.0,6520
2023-05-09 21:12:54,zn2305,zn2305,21490.0,0.0,0.0,0.0,5,21480.0,21495.0,5,21510.0,21510.0,21510.0,21440.0,195.0,20925625.0,6520
2023-05-09 21:12:54,zn2305,zn2305,21490.0,0.0,0.0,0.0,20,21480.0,21495.0,5,21510.0,21510.0,21510.0,21440.0,195.0,20925625.0,6520
2023-05-09 21:12:55,zn2305,zn2305,21490.0,0.0,0.0,0.0,15,21480.0,21495.0,5,21510.0,21510.0,21510.0,21440.0,195.0,20925625.0,6520
2023-05-09 21:12:56,zn2305,zn2305,21490.0,0.0,0.0,0.0,20,21480.0,21495.0,5,21510.0,21510.0,21510.0,21440.0,195.0,20925625.0,6520
2023-05-09 21:13:05,zn2305,zn2305,21490.0,0.0,0.0,0.0,5,21465.0,21495.0,5,21510.0,21510.0,21510.0,21440.0,195.0,20925625.0,6520
2023-05-09 21:13:05,zn2305,zn2305,21490.0,0.0,0.0,0.0,5,21475.0,21500.0,5,21510.0,21510.0,21510.0,21440.0,195.0,20925625.0,6520
2023-05-09 21:13:06,zn2305,zn2305,21490.0,0.0,0.0,0.0,20,21475.0,21490.0,5,21510.0,21510.0,21510.0,21440.0,195.0,20925625.0,6520
2023-05-09 21:13:06,zn2305,zn2305,21490.0,0.0,0.0,0.0,20,21475.0,21490.0,5,21510.0,21510.0,21510.0,21440.0,195.0,20925625.0,6520
2023-05-09 21:13:08,zn2305,zn2305,21490.0,0.0,0.0,0.0,15,21475.0,21500.0,5,21510.0,21510.0,21510.0,21440.0,195.0,20925625.0,6520
2023-05-09 21:13:09,zn2305,zn2305,21490.0,0.0,0.0,0.0,5,21480.0,21495.0,5,21510.0,21510.0,21510.0,21440.0,195.0,20925625.0,6520
2023-05-09 21:13:09,zn2305,zn2305,21490.0,0.0,0.0,0.0,20,21480.0,21495.0,5,21510.0,21510.0,21510.0,21440.0,195.0,20925625.0,6520
2023-05-09 21:13:11,zn2305,zn2305,21490.0,0.0,0.0,0.0,5,21465.0,21500.0,5,21510.0,21510.0,21510.0,21440.0,195.0,20925625.0,6520
2023-05-09 21:13:11,zn2305,zn2305,21490.0,0.0,0.0,0.0,5,21475.0,21490.0,5,21510.0,21510.0,21510.0,21440.0,195.0,20925625.0,6520
2023-05-09 21:13:12,zn2305,zn2305,21490.0,0.0,0.0,0.0,20,21475.0,21490.0,5,21510.0,21510.0,21510.0,21440.0,195.0,20925625.0,6520
2023-05-09 21:13:26,zn2305,zn2305,21475.0,20.0,2147500.0,-5.0,5,21465.0,21475.0,50,21510.0,21510.0,21510.0,21440.0,215.0,23073125.0,6515
2023-05-09 21:13:27,zn2305,zn2305,21475.0,30.0,3221250.0,0.0,25,21470.0,21475.0,20,21510.0,21510.0,21510.0,21440.0,245.0,26294375.0,6515
2023-05-09 21:13:27,zn2305,zn2305,21475.0,10.0,1073750.0,0.0,5,21425.0,21475.0,10,21510.0,21510.0,21510.0,21440.0,255.0,27368125.0,6515
2023-05-09 21:13:28,zn2305,zn2305,21475.0,0.0,0.0,0.0,25,21465.0,21475.0,10,21510.0,21510.0,21510.0,21440.0,255.0,27368125.0,6515
2023-05-09 21:13:28,zn2305,zn2305,21475.0,10.0,1073750.0,0.0,25,21470.0,21490.0,5,21510.0,21510.0,21510.0,21440.0,265.0,28441875.0,6515
2023-05-09 21:13:29,zn2305,zn2305,21475.0,0.0,0.0,0.0,10,21440.0,21485.0,5,21510.0,21510.0,21510.0,21440.0,265.0,28441875.0,6515
2023-05-09 21:13:29,zn2305,zn2305,21475.0,0.0,0.0,0.0,25,21465.0,21485.0,10,21510.0,21510.0,21510.0,21440.0,265.0,28441875.0,6515
2023-05-09 21:13:30,zn2305,zn2305,21475.0,0.0,0.0,0.0,35,21465.0,21480.0,5,21510.0,21510.0,21510.0,21440.0,265.0,28441875.0,6515
2023-05-09 21:13:30,zn2305,zn2305,21475.0,0.0,0.0,0.0,40,21465.0,21480.0,10,21510.0,21510.0,21510.0,21440.0,265.0,28441875.0,6515
2023-05-09 21:13:35,zn2305,zn2305,21475.0,0.0,0.0,0.0,5,21425.0,21475.0,5,21510.0,21510.0,21510.0,21440.0,265.0,28441875.0,6515
2023-05-09 21:13:36,zn2305,zn2305,21475.0,0.0,0.0,0.0,25,21460.0,21475.0,10,21510.0,21510.0,21510.0,21440.0,265.0,28441875.0,6515
2023-05-09 21:13:36,zn2305,zn2305,21475.0,0.0,0.0,0.0,40,21460.0,21475.0,10,21510.0,21510.0,21510.0,21440.0,265.0,28441875.0,6515
2023-05-09 21:13:37,zn2305,zn2305,21475.0,0.0,0.0,0.0,25,21465.0,21500.0,10,21510.0,21510.0,21510.0,21440.0,265.0,28441875.0,6515
2023-05-09 21:13:37,zn2305,zn2305,21475.0,0.0,0.0,0.0,40,21465.0,21480.0,10,21510.0,21510.0,21510.0,21440.0,265.0,28441875.0,6515
2023-05-09 21:13:38,zn2305,zn2305,21475.0,0.0,0.0,0.0,35,21465.0,21480.0,10,21510.0,21510.0,21510.0,21440.0,265.0,28441875.0,6515
2023-05-09 21:13:40,zn2305,zn2305,21475.0,0.0,0.0,0.0,15,21465.0,21500.0,5,21510.0,21510.0,21510.0,21440.0,265.0,28441875.0,6515
2023-05-09 21:13:40,zn2305,zn2305,21475.0,0.0,0.0,0.0,20,21470.0,21485.0,10,21510.0,21510.0,21510.0,21440.0,265.0,28441875.0,6515
2023-05-09 21:13:41,zn2305,zn2305,21475.0,0.0,0.0,0.0,30,21470.0,21485.0,10,21510.0,21510.0,21510.0,21440.0,265.0,28441875.0,6515
2023-05-09 21:13:41,zn2305,zn2305,21475.0,0.0,0.0,0.0,35,21470.0,21485.0,10,21510.0,21510.0,21510.0,21440.0,265.0,28441875.0,6515
2023-05-09 21:13:44,zn2305,zn2305,21475.0,0.0,0.0,0.0,15,21470.0,21500.0,5,21510.0,21510.0,21510.0,21440.0,265.0,28441875.0,6515
2023-05-09 21:13:45,zn2305,zn2305,21475.0,0.0,0.0,0.0,25,21475.0,21490.0,10,21510.0,21510.0,21510.0,21440.0,265.0,28441875.0,6515
2023-05-09 21:13:45,zn2305,zn2305,21475.0,0.0,0.0,0.0,35,21475.0,21490.0,10,21510.0,21510.0,21510.0,21440.0,265.0,28441875.0,6515
2023-05-09 21:13:48,zn2305,zn2305,21475.0,0.0,0.0,0.0,10,21435.0,21485.0,5,21510.0,21510.0,21510.0,21440.0,265.0,28441875.0,6515
2023-05-09 21:13:48,zn2305,zn2305,21475.0,0.0,0.0,0.0,25,21470.0,21485.0,10,21510.0,21510.0,21510.0,21440.0,265.0,28441875.0,6515
2023-05-09 21:13:49,zn2305,zn2305,21475.0,0.0,0.0,0.0,15,21435.0,21480.0,5,21510.0,21510.0,21510.0,21440.0,265.0,28441875.0,6515
2023-05-09 21:13:49,zn2305,zn2305,21475.0,0.0,0.0,0.0,25,21465.0,21480.0,10,21510.0,21510.0,21510.0,21440.0,265.0,28441875.0,6515
2023-05-09 21:13:50,zn2305,zn2305,21475.0,0.0,0.0,0.0,35,21465.0,21480.0,10,21510.0,21510.0,21510.0,21440.0,265.0,28441875.0,6515
2023-05-09 21:13:54,zn2305,zn2305,21475.0,0.0,0.0,0.0,10,21465.0,21500.0,5,21510.0,21510.0,21510.0,21440.0,265.0,28441875.0,6515
2023-05-09 21:13:54,zn2305,zn2305,21475.0,0.0,0.0,0.0,20,21470.0,21485.0,10,21510.0,21510.0,21510.0,21440.0,265.0,28441875.0,6515
2023-05-09 21:13:55,zn2305,zn2305,21475.0,0.0,0.0,0.0,20,21470.0,21485.0,10,21510.0,21510.0,21510.0,21440.0,265.0,28441875.0,6515
2023-05-09 21:13:55,zn2305,zn2305,21475.0,0.0,0.0,0.0,30,21470.0,21485.0,10,21510.0,21510.0,21510.0,21440.0,265.0,28441875.0,6515
2023-05-09 21:14:00,zn2305,zn2305,21475.0,0.0,0.0,0.0,5,21455.0,21480.0,5,21510.0,21510.0,21510.0,21440.0,265.0,28441875.0,6515
2023-05-09 21:14:01,zn2305,zn2305,21475.0,0.0,0.0,0.0,25,21465.0,21480.0,10,21510.0,21510.0,21510.0,21440.0,265.0,28441875.0,6515
2023-05-09 21:14:01,zn2305,zn2305,21475.0,0.0,0.0,0.0,35,21465.0,21480.0,10,21510.0,21510.0,21510.0,21440.0,265.0,28441875.0,6515
2023-05-09 21:14:10,zn2305,zn2305,21475.0,0.0,0.0,0.0,35,21465.0,21495.0,5,21510.0,21510.0,21510.0,21440.0,265.0,28441875.0,6515
2023-05-09 21:14:10,zn2305,zn2305,21475.0,0.0,0.0,0.0,35,21465.0,21480.0,10,21510.0,21510.0,21510.0,21440.0,265.0,28441875.0,6515
2023-05-09 21:14:11,zn2305,zn2305,21475.0,0.0,0.0,0.0,25,21470.0,21510.0,5,21510.0,21510.0,21510.0,21440.0,265.0,28441875.0,6515
2023-05-09 21:14:11,zn2305,zn2305,21475.0,0.0,0.0,0.0,35,21470.0,21485.0,10,21510.0,21510.0,21510.0,21440.0,265.0,28441875.0,6515
2023-05-09 21:14:12,zn2305,zn2305,21475.0,0.0,0.0,0.0,35,21470.0,21485.0,10,21510.0,21510.0,21510.0,21440.0,265.0,28441875.0,6515
2023-05-09 21:14:16,zn2305,zn2305,21475.0,0.0,0.0,0.0,5,21455.0,21480.0,5,21510.0,21510.0,21510.0,21440.0,265.0,28441875.0,6515
2023-05-09 21:14:16,zn2305,zn2305,21475.0,0.0,0.0,0.0,25,21465.0,21495.0,5,21510.0,21510.0,21510.0,21440.0,265.0,28441875.0,6515
2023-05-09 21:14:17,zn2305,zn2305,21475.0,0.0,0.0,0.0,25,21470.0,21485.0,10,21510.0,21510.0,21510.0,21440.0,265.0,28441875.0,6515
2023-05-09 21:14:17,zn2305,zn2305,21475.0,0.0,0.0,0.0,35,21470.0,21485.0,10,21510.0,21510.0,21510.0,21440.0,265.0,28441875.0,6515
2023-05-09 21:14:19,zn2305,zn2305,21475.0,0.0,0.0,0.0,5,21455.0,21480.0,5,21510.0,21510.0,21510.0,21440.0,265.0,28441875.0,6515
2023-05-09 21:14:20,zn2305,zn2305,21475.0,0.0,0.0,0.0,25,21465.0,21480.0,10,21510.0,21510.0,21510.0,21440.0,265.0,28441875.0,6515
2023-05-09 21:14:20,zn2305,zn2305,21475.0,0.0,0.0,0.0,35,21465.0,21480.0,10,21510.0,21510.0,21510.0,21440.0,265.0,28441875.0,6515
2023-05-09 21:14:27,zn2305,zn2305,21475.0,0.0,0.0,0.0,5,21425.0,21475.0,5,21510.0,21510.0,21510.0,21440.0,265.0,28441875.0,6515
2023-05-09 21:14:27,zn2305,zn2305,21475.0,0.0,0.0,0.0,25,21460.0,21475.0,10,21510.0,21510.0,21510.0,21440.0,265.0,28441875.0,6515
2023-05-09 21:14:28,zn2305,zn2305,21475.0,0.0,0.0,0.0,35,21460.0,21475.0,10,21510.0,21510.0,21510.0,21440.0,265.0,28441875.0,6515
2023-05-09 21:14:28,zn2305,zn2305,21475.0,0.0,0.0,0.0,35,21460.0,21495.0,5,21510.0,21510.0,21510.0,21440.0,265.0,28441875.0,6515
2023-05-09 21:14:29,zn2305,zn2305,21475.0,0.0,0.0,0.0,20,21465.0,21480.0,10,21510.0,21510.0,21510.0,21440.0,265.0,28441875.0,6515
2023-05-09 21:14:29,zn2305,zn2305,21475.0,0.0,0.0,0.0,35,21465.0,21480.0,10,21510.0,21510.0,21510.0,21440.0,265.0,28441875.0,6515
2023-05-09 21:14:41,zn2305,zn2305,21475.0,0.0,0.0,0.0,5,21450.0,21475.0,5,21510.0,21510.0,21510.0,21440.0,265.0,28441875.0,6515
2023-05-09 21:14:41,zn2305,zn2305,21475.0,0.0,0.0,0.0,25,21460.0,21475.0,10,21510.0,21510.0,21510.0,21440.0,265.0,28441875.0,6515
2023-05-09 21:14:42,zn2305,zn2305,21475.0,0.0,0.0,0.0,35,21460.0,21475.0,10,21510.0,21510.0,21510.0,21440.0,265.0,28441875.0,6515
2023-05-09 21:14:53,zn2305,zn2305,21475.0,0.0,0.0,0.0,35,21460.0,21475.0,10,21510.0,21510.0,21510.0,21440.0,265.0,28441875.0,6515
2023-05-09 21:15:00,zn2305,zn2305,21475.0,0.0,0.0,0.0,40,21420.0,21470.0,5,21510.0,21510.0,21510.0,21440.0,265.0,28441875.0,6515
2023-05-09 21:15:00,zn2305,zn2305,21475.0,0.0,0.0,0.0,25,21460.0,21490.0,5,21510.0,21510.0,21510.0,21440.0,265.0,28441875.0,6515
2023-05-09 21:15:01,zn2305,zn2305,21475.0,0.0,0.0,0.0,35,21460.0,21475.0,10,21510.0,21510.0,21510.0,21440.0,265.0,28441875.0,6515
2023-05-09 21:15:01,zn2305,zn2305,21475.0,0.0,0.0,0.0,35,21460.0,21475.0,10,21510.0,21510.0,21510.0,21440.0,265.0,28441875.0,6515
2023-05-09 21:15:05,zn2305,zn2305,21475.0,0.0,0.0,0.0,10,21460.0,21510.0,5,21510.0,21510.0,21510.0,21440.0,265.0,28441875.0,6515
2023-05-09 21:15:05,zn2305,zn2305,21475.0,0.0,0.0,0.0,5,21465.0,21480.0,10,21510.0,21510.0,21510.0,21440.0,265.0,28441875.0,6515
2023-05-09 21:15:06,zn2305,zn2305,21475.0,0.0,0.0,0.0,5,21470.0,21510.0,5,21510.0,21510.0,21510.0,21440.0,265.0,28441875.0,6515
2023-05-09 21:15:06,zn2305,zn2305,21475.0,0.0,0.0,0.0,5,21450.0,21480.0,10,21510.0,21510.0,21510.0,21440.0,265.0,28441875.0,6515
2023-05-09 21:15:07,zn2305,zn2305,21475.0,0.0,0.0,0.0,5,21465.0,21480.0,10,21510.0,21510.0,21510.0,21440.0,265.0,28441875.0,6515
2023-05-09 21:15:07,zn2305,zn2305,21475.0,0.0,0.0,0.0,35,21465.0,21480.0,10,21510.0,21510.0,21510.0,21440.0,265.0,28441875.0,6515
2023-05-09 21:15:08,zn2305,zn2305,21475.0,0.0,0.0,0.0,10,21465.0,21510.0,5,21510.0,21510.0,21510.0,21440.0,265.0,28441875.0,6515
2023-05-09 21:15:09,zn2305,zn2305,21475.0,0.0,0.0,0.0,5,21470.0,21485.0,10,21510.0,21510.0,21510.0,21440.0,265.0,28441875.0,6515
2023-05-09 21:15:09,zn2305,zn2305,21475.0,0.0,0.0,0.0,15,21470.0,21485.0,10,21510.0,21510.0,21510.0,21440.0,265.0,28441875.0,6515
2023-05-09 21:15:11,zn2305,zn2305,21475.0,0.0,0.0,0.0,5,21455.0,21480.0,5,21510.0,21510.0,21510.0,21440.0,265.0,28441875.0,6515
2023-05-09 21:15:11,zn2305,zn2305,21475.0,0.0,0.0,0.0,25,21465.0,21480.0,10,21510.0,21510.0,21510.0,21440.0,265.0,28441875.0,6515
2023-05-09 21:15:12,zn2305,zn2305,21475.0,0.0,0.0,0.0,35,21465.0,21480.0,10,21510.0,21510.0,21510.0,21440.0,265.0,28441875.0,6515
2023-05-09 21:15:16,zn2305,zn2305,21475.0,0.0,0.0,0.0,10,21465.0,21495.0,5,21510.0,21510.0,21510.0,21440.0,265.0,28441875.0,6515
2023-05-09 21:15:17,zn2305,zn2305,21475.0,0.0,0.0,0.0,25,21470.0,21485.0,10,21510.0,21510.0,21510.0,21440.0,265.0,28441875.0,6515
2023-05-09 21:15:17,zn2305,zn2305,21475.0,0.0,0.0,0.0,35,21470.0,21485.0,10,21510.0,21510.0,21510.0,21440.0,265.0,28441875.0,6515
2023-05-09 21:15:25,zn2305,zn2305,21475.0,0.0,0.0,0.0,10,21470.0,21510.0,5,21510.0,21510.0,21510.0,21440.0,265.0,28441875.0,6515
2023-05-09 21:15:26,zn2305,zn2305,21475.0,0.0,0.0,0.0,10,21475.0,21490.0,10,21510.0,21510.0,21510.0,21440.0,265.0,28441875.0,6515
2023-05-09 21:15:26,zn2305,zn2305,21475.0,0.0,0.0,0.0,20,21475.0,21490.0,10,21510.0,21510.0,21510.0,21440.0,265.0,28441875.0,6515
2023-05-09 21:15:28,zn2305,zn2305,21475.0,0.0,0.0,0.0,10,21475.0,21510.0,5,21510.0,21510.0,21510.0,21440.0,265.0,28441875.0,6515
2023-05-09 21:15:29,zn2305,zn2305,21475.0,0.0,0.0,0.0,15,21480.0,21495.0,10,21510.0,21510.0,21510.0,21440.0,265.0,28441875.0,6515
2023-05-09 21:15:29,zn2305,zn2305,21475.0,0.0,0.0,0.0,25,21480.0,21495.0,10,21510.0,21510.0,21510.0,21440.0,265.0,28441875.0,6515
2023-05-09 21:15:41,zn2305,zn2305,21475.0,0.0,0.0,0.0,5,21455.0,21495.0,10,21510.0,21510.0,21510.0,21440.0,265.0,28441875.0,6515
2023-05-09 21:15:42,zn2305,zn2305,21475.0,0.0,0.0,0.0,25,21475.0,21490.0,5,21510.0,21510.0,21510.0,21440.0,265.0,28441875.0,6515
2023-05-09 21:15:42,zn2305,zn2305,21475.0,0.0,0.0,0.0,35,21475.0,21490.0,10,21510.0,21510.0,21510.0,21440.0,265.0,28441875.0,6515
2023-05-09 21:15:49,zn2305,zn2305,21475.0,0.0,0.0,0.0,10,21475.0,21505.0,5,21510.0,21510.0,21510.0,21440.0,265.0,28441875.0,6515
2023-05-09 21:15:50,zn2305,zn2305,21475.0,0.0,0.0,0.0,25,21480.0,21495.0,10,21510.0,21510.0,21510.0,21440.0,265.0,28441875.0,6515
2023-05-09 21:15:50,zn2305,zn2305,21475.0,0.0,0.0,0.0,35,21480.0,21495.0,10,21510.0,21510.0,21510.0,21440.0,265.0,28441875.0,6515
2023-05-09 21:15:57,zn2305,zn2305,21475.0,0.0,0.0,0.0,10,21480.0,21510.0,5,21510.0,21510.0,21510.0,21440.0,265.0,28441875.0,6515
2023-05-09 21:15:57,zn2305,zn2305,21475.0,0.0,0.0,0.0,25,21485.0,21500.0,10,21510.0,21510.0,21510.0,21440.0,265.0,28441875.0,6515
2023-05-09 21:15:58,zn2305,zn2305,21475.0,0.0,0.0,0.0,25,21490.0,21510.0,5,21510.0,21510.0,21510.0,21440.0,265.0,28441875.0,6515
2023-05-09 21:15:58,zn2305,zn2305,21475.0,0.0,0.0,0.0,35,21490.0,21505.0,10,21510.0,21510.0,21510.0,21440.0,265.0,28441875.0,6515
2023-05-09 21:15:59,zn2305,zn2305,21475.0,0.0,0.0,0.0,35,21490.0,21505.0,10,21510.0,21510.0,21510.0,21440.0,265.0,28441875.0,6515
2023-05-09 21:16:01,zn2305,zn2305,21475.0,0.0,0.0,0.0,10,21490.0,21510.0,5,21510.0,21510.0,21510.0,21440.0,265.0,28441875.0,6515
2023-05-09 21:16:01,zn2305,zn2305,21475.0,0.0,0.0,0.0,35,21490.0,21505.0,10,21510.0,21510.0,21510.0,21440.0,265.0,28441875.0,6515
2023-05-09 21:16:02,zn2305,zn2305,21475.0,0.0,0.0,0.0,35,21490.0,21505.0,10,21510.0,21510.0,21510.0,21440.0,265.0,28441875.0,6515
2023-05-09 21:16:03,zn2305,zn2305,21475.0,0.0,0.0,0.0,5,21465.0,21500.0,5,21510.0,21510.0,21510.0,21440.0,265.0,28441875.0,6515
2023-05-09 21:16:03,zn2305,zn2305,21475.0,0.0,0.0,0.0,25,21480.0,21495.0,10,21510.0,21510.0,21510.0,21440.0,265.0,28441875.0,6515
2023-05-09 21:16:04,zn2305,zn2305,21475.0,0.0,0.0,0.0,35,21480.0,21495.0,10,21510.0,21510.0,21510.0,21440.0,265.0,28441875.0,6515
2023-05-09 21:16:04,zn2305,zn2305,21475.0,0.0,0.0,0.0,5,21425.0,21490.0,5,21510.0,21510.0,21510.0,21440.0,265.0,28441875.0,6515
2023-05-09 21:16:05,zn2305,zn2305,21475.0,0.0,0.0,0.0,25,21475.0,21510.0,5,21510.0,21510.0,21510.0,21440.0,265.0,28441875.0,6515
2023-05-09 21:16:05,zn2305,zn2305,21475.0,0.0,0.0,0.0,20,21480.0,21495.0,10,21510.0,21510.0,21510.0,21440.0,265.0,28441875.0,6515
2023-05-09 21:16:06,zn2305,zn2305,21475.0,0.0,0.0,0.0,35,21480.0,21495.0,10,21510.0,21510.0,21510.0,21440.0,265.0,28441875.0,6515
2023-05-09 21:16:14,zn2305,zn2305,21475.0,0.0,0.0,0.0,10,21480.0,21510.0,5,21510.0,21510.0,21510.0,21440.0,265.0,28441875.0,6515
2023-05-09 21:16:14,zn2305,zn2305,21475.0,0.0,0.0,0.0,25,21485.0,21500.0,10,21510.0,21510.0,21510.0,21440.0,265.0,28441875.0,6515
2023-05-09 21:16:15,zn2305,zn2305,21475.0,0.0,0.0,0.0,35,21485.0,21500.0,10,21510.0,21510.0,21510.0,21440.0,265.0,28441875.0,6515
2023-05-09 21:16:16,zn2305,zn2305,21475.0,0.0,0.0,0.0,10,21485.0,21510.0,5,21510.0,21510.0,21510.0,21440.0,265.0,28441875.0,6515
2023-05-09 21:16:17,zn2305,zn2305,21475.0,0.0,0.0,0.0,25,21490.0,21505.0,10,21510.0,21510.0,21510.0,21440.0,265.0,28441875.0,6515
2023-05-09 21:16:17,zn2305,zn2305,21475.0,0.0,0.0,0.0,35,21490.0,21505.0,10,21510.0,21510.0,21510.0,21440.0,265.0,28441875.0,6515
2023-05-09 21:16:19,zn2305,zn2305,21475.0,0.0,0.0,0.0,10,21490.0,21510.0,5,21510.0,21510.0,21510.0,21440.0,265.0,28441875.0,6515
2023-05-09 21:16:19,zn2305,zn2305,21475.0,0.0,0.0,0.0,25,21495.0,21510.0,15,21510.0,21510.0,21510.0,21440.0,265.0,28441875.0,6515
2023-05-09 21:16:20,zn2305,zn2305,21475.0,0.0,0.0,0.0,35,21495.0,21510.0,15,21510.0,21510.0,21510.0,21440.0,265.0,28441875.0,6515
2023-05-09 21:16:29,zn2305,zn2305,21475.0,0.0,0.0,0.0,35,21495.0,21510.0,5,21510.0,21510.0,21510.0,21440.0,265.0,28441875.0,6515
2023-05-09 21:16:30,zn2305,zn2305,21475.0,0.0,0.0,0.0,25,21500.0,21510.0,5,21510.0,21510.0,21510.0,21440.0,265.0,28441875.0,6515
2023-05-09 21:16:30,zn2305,zn2305,21475.0,0.0,0.0,0.0,5,21465.0,21510.0,15,21510.0,21510.0,21510.0,21440.0,265.0,28441875.0,6515
2023-05-09 21:16:31,zn2305,zn2305,21475.0,0.0,0.0,0.0,25,21495.0,21510.0,15,21510.0,21510.0,21510.0,21440.0,265.0,28441875.0,6515
2023-05-09 21:16:31,zn2305,zn2305,21475.0,0.0,0.0,0.0,35,21495.0,21510.0,15,21510.0,21510.0,21510.0,21440.0,265.0,28441875.0,6515
2023-05-09 21:16:32,zn2305,zn2305,21475.0,0.0,0.0,0.0,10,21495.0,21510.0,5,21510.0,21510.0,21510.0,21440.0,265.0,28441875.0,6515
2023-05-09 21:16:33,zn2305,zn2305,21475.0,0.0,0.0,0.0,35,21495.0,21510.0,5,21510.0,21510.0,21510.0,21440.0,265.0,28441875.0,6515
2023-05-09 21:16:33,zn2305,zn2305,21475.0,0.0,0.0,0.0,35,21495.0,21510.0,15,21510.0,21510.0,21510.0,21440.0,265.0,28441875.0,6515
2023-05-09 21:16:39,zn2305,zn2305,21475.0,0.0,0.0,0.0,5,21425.0,21505.0,5,21510.0,21510.0,21510.0,21440.0,265.0,28441875.0,6515
2023-05-09 21:16:40,zn2305,zn2305,21475.0,0.0,0.0,0.0,25,21490.0,21505.0,10,21510.0,21510.0,21510.0,21440.0,265.0,28441875.0,6515
2023-05-09 21:16:40,zn2305,zn2305,21475.0,0.0,0.0,0.0,5,21430.0,21500.0,5,21510.0,21510.0,21510.0,21440.0,265.0,28441875.0,6515
2023-05-09 21:16:41,zn2305,zn2305,21475.0,0.0,0.0,0.0,25,21485.0,21500.0,10,21510.0,21510.0,21510.0,21440.0,265.0,28441875.0,6515
2023-05-09 21:16:41,zn2305,zn2305,21475.0,0.0,0.0,0.0,25,21490.0,21500.0,10,21510.0,21510.0,21510.0,21440.0,265.0,28441875.0,6515
2023-05-09 21:16:42,zn2305,zn2305,21475.0,0.0,0.0,0.0,35,21490.0,21500.0,10,21510.0,21510.0,21510.0,21440.0,265.0,28441875.0,6515
2023-05-09 21:16:42,zn2305,zn2305,21475.0,0.0,0.0,0.0,5,21475.0,21495.0,5,21510.0,21510.0,21510.0,21440.0,265.0,28441875.0,6515
2023-05-09 21:16:43,zn2305,zn2305,21475.0,0.0,0.0,0.0,25,21485.0,21495.0,10,21510.0,21510.0,21510.0,21440.0,265.0,28441875.0,6515
2023-05-09 21:16:43,zn2305,zn2305,21475.0,0.0,0.0,0.0,35,21485.0,21495.0,10,21510.0,21510.0,21510.0,21440.0,265.0,28441875.0,6515
2023-05-09 21:16:53,zn2305,zn2305,21475.0,0.0,0.0,0.0,10,21485.0,21510.0,5,21510.0,21510.0,21510.0,21440.0,265.0,28441875.0,6515
2023-05-09 21:16:53,zn2305,zn2305,21475.0,0.0,0.0,0.0,25,21490.0,21500.0,10,21510.0,21510.0,21510.0,21440.0,265.0,28441875.0,6515
2023-05-09 21:16:54,zn2305,zn2305,21475.0,0.0,0.0,0.0,35,21490.0,21500.0,10,21510.0,21510.0,21510.0,21440.0,265.0,28441875.0,6515
2023-05-09 21:16:55,zn2305,zn2305,21475.0,0.0,0.0,0.0,5,21475.0,21495.0,5,21510.0,21510.0,21510.0,21440.0,265.0,28441875.0,6515
2023-05-09 21:16:56,zn2305,zn2305,21475.0,0.0,0.0,0.0,25,21485.0,21495.0,10,21510.0,21510.0,21510.0,21440.0,265.0,28441875.0,6515
2023-05-09 21:16:56,zn2305,zn2305,21475.0,0.0,0.0,0.0,35,21485.0,21495.0,10,21510.0,21510.0,21510.0,21440.0,265.0,28441875.0,6515
2023-05-09 21:16:57,zn2305,zn2305,21475.0,0.0,0.0,0.0,35,21485.0,21495.0,10,21510.0,21510.0,21510.0,21440.0,265.0,28441875.0,6515
2023-05-09 21:17:01,zn2305,zn2305,21475.0,0.0,0.0,0.0,5,21435.0,21490.0,5,21510.0,21510.0,21510.0,21440.0,265.0,28441875.0,6515
2023-05-09 21:17:02,zn2305,zn2305,21475.0,0.0,0.0,0.0,25,21480.0,21490.0,10,21510.0,21510.0,21510.0,21440.0,265.0,28441875.0,6515
2023-05-09 21:17:02,zn2305,zn2305,21475.0,0.0,0.0,0.0,35,21480.0,21490.0,10,21510.0,21510.0,21510.0,21440.0,265.0,28441875.0,6515
2023-05-09 21:17:03,zn2305,zn2305,21475.0,0.0,0.0,0.0,35,21480.0,21490.0,10,21510.0,21510.0,21510.0,21440.0,265.0,28441875.0,6515
2023-05-09 21:17:03,zn2305,zn2305,21475.0,0.0,0.0,0.0,5,21435.0,21485.0,5,21510.0,21510.0,21510.0,21440.0,265.0,28441875.0,6515
2023-05-09 21:17:04,zn2305,zn2305,21475.0,0.0,0.0,0.0,25,21475.0,21485.0,10,21510.0,21510.0,21510.0,21440.0,265.0,28441875.0,6515
2023-05-09 21:17:04,zn2305,zn2305,21475.0,0.0,0.0,0.0,25,21480.0,21500.0,5,21510.0,21510.0,21510.0,21440.0,265.0,28441875.0,6515
2023-05-09 21:17:05,zn2305,zn2305,21475.0,0.0,0.0,0.0,35,21480.0,21490.0,10,21510.0,21510.0,21510.0,21440.0,265.0,28441875.0,6515
2023-05-09 21:17:05,zn2305,zn2305,21475.0,0.0,0.0,0.0,5,21465.0,21490.0,10,21510.0,21510.0,21510.0,21440.0,265.0,28441875.0,6515
2023-05-09 21:17:06,zn2305,zn2305,21475.0,0.0,0.0,0.0,25,21480.0,21490.0,10,21510.0,21510.0,21510.0,21440.0,265.0,28441875.0,6515
2023-05-09 21:17:06,zn2305,zn2305,21475.0,0.0,0.0,0.0,35,21480.0,21490.0,10,21510.0,21510.0,21510.0,21440.0,265.0,28441875.0,6515
2023-05-09 21:17:07,zn2305,zn2305,21475.0,0.0,0.0,0.0,10,21450.0,21490.0,10,21510.0,21510.0,21510.0,21440.0,265.0,28441875.0,6515
2023-05-09 21:17:08,zn2305,zn2305,21475.0,0.0,0.0,0.0,25,21475.0,21485.0,5,21510.0,21510.0,21510.0,21440.0,265.0,28441875.0,6515
2023-05-09 21:17:08,zn2305,zn2305,21475.0,0.0,0.0,0.0,35,21475.0,21485.0,10,21510.0,21510.0,21510.0,21440.0,265.0,28441875.0,6515
2023-05-09 21:17:10,zn2305,zn2305,21475.0,0.0,0.0,0.0,10,21475.0,21500.0,5,21510.0,21510.0,21510.0,21440.0,265.0,28441875.0,6515
2023-05-09 21:17:10,zn2305,zn2305,21475.0,0.0,0.0,0.0,25,21480.0,21490.0,10,21510.0,21510.0,21510.0,21440.0,265.0,28441875.0,6515
2023-05-09 21:17:11,zn2305,zn2305,21475.0,0.0,0.0,0.0,25,21485.0,21500.0,5,21510.0,21510.0,21510.0,21440.0,265.0,28441875.0,6515
2023-05-09 21:17:11,zn2305,zn2305,21475.0,0.0,0.0,0.0,35,21485.0,21495.0,10,21510.0,21510.0,21510.0,21440.0,265.0,28441875.0,6515
2023-05-09 21:17:24,zn2305,zn2305,21475.0,0.0,0.0,0.0,10,21485.0,21500.0,5,21510.0,21510.0,21510.0,21440.0,265.0,28441875.0,6515
2023-05-09 21:17:24,zn2305,zn2305,21475.0,0.0,0.0,0.0,25,21490.0,21500.0,15,21510.0,21510.0,21510.0,21440.0,265.0,28441875.0,6515
2023-05-09 21:17:25,zn2305,zn2305,21475.0,0.0,0.0,0.0,35,21490.0,21500.0,15,21510.0,21510.0,21510.0,21440.0,265.0,28441875.0,6515
2023-05-09 21:17:25,zn2305,zn2305,21475.0,0.0,0.0,0.0,5,21465.0,21495.0,5,21510.0,21510.0,21510.0,21440.0,265.0,28441875.0,6515
2023-05-09 21:17:26,zn2305,zn2305,21475.0,0.0,0.0,0.0,25,21485.0,21495.0,10,21510.0,21510.0,21510.0,21440.0,265.0,28441875.0,6515
2023-05-09 21:17:26,zn2305,zn2305,21475.0,0.0,0.0,0.0,35,21485.0,21495.0,10,21510.0,21510.0,21510.0,21440.0,265.0,28441875.0,6515
2023-05-09 21:17:29,zn2305,zn2305,21475.0,0.0,0.0,0.0,35,21485.0,21495.0,10,21510.0,21510.0,21510.0,21440.0,265.0,28441875.0,6515
2023-05-09 21:17:32,zn2305,zn2305,21475.0,0.0,0.0,0.0,5,21435.0,21495.0,10,21510.0,21510.0,21510.0,21440.0,265.0,28441875.0,6515
2023-05-09 21:17:32,zn2305,zn2305,21475.0,0.0,0.0,0.0,25,21485.0,21495.0,10,21510.0,21510.0,21510.0,21440.0,265.0,28441875.0,6515
2023-05-09 21:17:33,zn2305,zn2305,21475.0,0.0,0.0,0.0,35,21485.0,21495.0,10,21510.0,21510.0,21510.0,21440.0,265.0,28441875.0,6515
2023-05-09 21:17:44,zn2305,zn2305,21475.0,0.0,0.0,0.0,10,21485.0,21500.0,5,21510.0,21510.0,21510.0,21440.0,265.0,28441875.0,6515
2023-05-09 21:17:45,zn2305,zn2305,21475.0,0.0,0.0,0.0,25,21490.0,21500.0,15,21510.0,21510.0,21510.0,21440.0,265.0,28441875.0,6515
2023-05-09 21:17:45,zn2305,zn2305,21475.0,0.0,0.0,0.0,10,21460.0,21500.0,15,21510.0,21510.0,21510.0,21440.0,265.0,28441875.0,6515
2023-05-09 21:17:46,zn2305,zn2305,21475.0,0.0,0.0,0.0,25,21485.0,21495.0,5,21510.0,21510.0,21510.0,21440.0,265.0,28441875.0,6515
2023-05-09 21:17:46,zn2305,zn2305,21475.0,0.0,0.0,0.0,35,21485.0,21495.0,10,21510.0,21510.0,21510.0,21440.0,265.0,28441875.0,6515
2023-05-09 21:17:51,zn2305,zn2305,21475.0,0.0,0.0,0.0,10,21485.0,21500.0,5,21510.0,21510.0,21510.0,21440.0,265.0,28441875.0,6515
2023-05-09 21:17:51,zn2305,zn2305,21475.0,0.0,0.0,0.0,25,21490.0,21500.0,15,21510.0,21510.0,21510.0,21440.0,265.0,28441875.0,6515
2023-05-09 21:17:52,zn2305,zn2305,21475.0,0.0,0.0,0.0,35,21490.0,21500.0,15,21510.0,21510.0,21510.0,21440.0,265.0,28441875.0,6515
2023-05-09 21:17:55,zn2305,zn2305,21475.0,0.0,0.0,0.0,5,21475.0,21500.0,15,21510.0,21510.0,21510.0,21440.0,265.0,28441875.0,6515
2023-05-09 21:17:55,zn2305,zn2305,21475.0,0.0,0.0,0.0,25,21485.0,21495.0,5,21510.0,21510.0,21510.0,21440.0,265.0,28441875.0,6515
2023-05-09 21:17:56,zn2305,zn2305,21475.0,0.0,0.0,0.0,35,21485.0,21495.0,10,21510.0,21510.0,21510.0,21440.0,265.0,28441875.0,6515
2023-05-09 21:17:58,zn2305,zn2305,21475.0,0.0,0.0,0.0,35,21485.0,21500.0,5,21510.0,21510.0,21510.0,21440.0,265.0,28441875.0,6515
2023-05-09 21:17:58,zn2305,zn2305,21475.0,0.0,0.0,0.0,25,21490.0,21500.0,15,21510.0,21510.0,21510.0,21440.0,265.0,28441875.0,6515
2023-05-09 21:17:59,zn2305,zn2305,21475.0,0.0,0.0,0.0,5,21435.0,21495.0,5,21510.0,21510.0,21510.0,21440.0,265.0,28441875.0,6515
2023-05-09 21:17:59,zn2305,zn2305,21475.0,0.0,0.0,0.0,25,21485.0,21495.0,10,21510.0,21510.0,21510.0,21440.0,265.0,28441875.0,6515
