time,symbol_id,symbol_name,last,trade_volume,trade_amount,open_interest_change,bv1,bp1,ap1,av1,yesterday_close,today_open,today_high,today_low,volume,amount,open_interest
2023-05-09 20:59:00,zn2307,zn2307,21280.0,895.0,95228000.0,-643.0,4,21275.0,21280.0,26,21320.0,21280.0,21280.0,21280.0,895.0,95228000.0,61837
2023-05-09 21:00:00,zn2307,zn2307,21275.0,13.0,1383175.0,13.0,10,21275.0,21280.0,14,21320.0,21280.0,21280.0,21275.0,908.0,96611175.0,61850
2023-05-09 21:00:01,zn2307,zn2307,21270.0,18.0,1914675.0,5.0,1,21270.0,21285.0,2,21320.0,21280.0,21280.0,21270.0,926.0,98525850.0,61855
2023-05-09 21:00:01,zn2307,zn2307,21270.0,1.0,106350.0,0.0,9,21270.0,21275.0,3,21320.0,21280.0,21280.0,21270.0,927.0,98632200.0,61855
2023-05-09 21:00:02,zn2307,zn2307,21275.0,6.0,638250.0,5.0,10,21270.0,21275.0,3,21320.0,21280.0,21280.0,21270.0,933.0,99270450.0,61860
2023-05-09 21:00:02,zn2307,zn2307,21275.0,9.0,957400.0,-1.0,14,21270.0,21275.0,17,21320.0,21280.0,21280.0,21270.0,942.0,100227850.0,61859
2023-05-09 21:00:03,zn2307,zn2307,21270.0,34.0,3616725.0,17.0,28,21270.0,21275.0,1,21320.0,21280.0,21280.0,21270.0,976.0,103844575.0,61876
2023-05-09 21:00:03,zn2307,zn2307,21275.0,2.0,212750.0,2.0,27,21270.0,21275.0,7,21320.0,21280.0,21280.0,21270.0,978.0,104057325.0,61878
2023-05-09 21:00:04,zn2307,zn2307,21270.0,4.0,425400.0,-1.0,4,21270.0,21275.0,8,21320.0,21280.0,21280.0,21270.0,982.0,104482725.0,61877
2023-05-09 21:00:04,zn2307,zn2307,21275.0,16.0,1702000.0,4.0,1,21275.0,21280.0,7,21320.0,21280.0,21280.0,21270.0,998.0,106184725.0,61881
2023-05-09 21:00:05,zn2307,zn2307,21275.0,9.0,957575.0,8.0,32,21275.0,21285.0,4,21320.0,21280.0,21280.0,21270.0,1007.0,107142300.0,61889
2023-05-09 21:00:05,zn2307,zn2307,21275.0,0.0,0.0,0.0,4,21280.0,21285.0,5,21320.0,21280.0,21280.0,21270.0,1007.0,107142300.0,61889
2023-05-09 21:00:06,zn2307,zn2307,21285.0,5.0,532125.0,-4.0,11,21280.0,21285.0,2,21320.0,21280.0,21285.0,21270.0,1012.0,107674425.0,61885
2023-05-09 21:00:06,zn2307,zn2307,21290.0,8.0,851425.0,-1.0,11,21280.0,21285.0,10,21320.0,21280.0,21290.0,21270.0,1020.0,108525850.0,61884
2023-05-09 21:00:07,zn2307,zn2307,21285.0,14.0,1489950.0,-3.0,30,21280.0,21285.0,7,21320.0,21280.0,21290.0,21270.0,1034.0,110015800.0,61881
2023-05-09 21:00:07,zn2307,zn2307,21285.0,9.0,957675.0,-4.0,21,21280.0,21285.0,16,21320.0,21280.0,21290.0,21270.0,1043.0,110973475.0,61877
2023-05-09 21:00:08,zn2307,zn2307,21280.0,13.0,1383200.0,0.0,9,21275.0,21285.0,17,21320.0,21280.0,21290.0,21270.0,1056.0,112356675.0,61877
2023-05-09 21:00:08,zn2307,zn2307,21280.0,0.0,0.0,0.0,2,21275.0,21280.0,9,21320.0,21280.0,21290.0,21270.0,1056.0,112356675.0,61877
2023-05-09 21:00:09,zn2307,zn2307,21275.0,7.0,744625.0,-2.0,16,21270.0,21280.0,17,21320.0,21280.0,21290.0,21270.0,1063.0,113101300.0,61875
2023-05-09 21:00:09,zn2307,zn2307,21275.0,3.0,319125.0,2.0,17,21270.0,21280.0,23,21320.0,21280.0,21290.0,21270.0,1066.0,113420425.0,61877
2023-05-09 21:00:10,zn2307,zn2307,21280.0,1.0,106400.0,-1.0,14,21270.0,21280.0,22,21320.0,21280.0,21290.0,21270.0,1067.0,113526825.0,61876
2023-05-09 21:00:10,zn2307,zn2307,21280.0,0.0,0.0,0.0,16,21270.0,21280.0,24,21320.0,21280.0,21290.0,21270.0,1067.0,113526825.0,61876
2023-05-09 21:00:11,zn2307,zn2307,21280.0,0.0,0.0,0.0,2,21275.0,21280.0,40,21320.0,21280.0,21290.0,21270.0,1067.0,113526825.0,61876
2023-05-09 21:00:11,zn2307,zn2307,21270.0,13.0,1382675.0,-5.0,18,21265.0,21275.0,3,21320.0,21280.0,21290.0,21270.0,1080.0,114909500.0,61871
2023-05-09 21:00:12,zn2307,zn2307,21270.0,2.0,212700.0,0.0,25,21265.0,21270.0,2,21320.0,21280.0,21290.0,21270.0,1082.0,115122200.0,61871
2023-05-09 21:00:12,zn2307,zn2307,21270.0,3.0,319000.0,1.0,16,21265.0,21270.0,20,21320.0,21280.0,21290.0,21265.0,1085.0,115441200.0,61872
2023-05-09 21:00:13,zn2307,zn2307,21265.0,16.0,1701200.0,-15.0,11,21260.0,21270.0,21,21320.0,21280.0,21290.0,21265.0,1101.0,117142400.0,61857
2023-05-09 21:00:13,zn2307,zn2307,21265.0,2.0,212650.0,1.0,2,21265.0,21270.0,20,21320.0,21280.0,21290.0,21265.0,1103.0,117355050.0,61858
2023-05-09 21:00:14,zn2307,zn2307,21265.0,2.0,212650.0,-2.0,6,21265.0,21270.0,20,21320.0,21280.0,21290.0,21265.0,1105.0,117567700.0,61856
2023-05-09 21:00:14,zn2307,zn2307,21270.0,2.0,212700.0,0.0,2,21265.0,21270.0,18,21320.0,21280.0,21290.0,21265.0,1107.0,117780400.0,61856
2023-05-09 21:00:15,zn2307,zn2307,21265.0,4.0,425300.0,2.0,9,21265.0,21270.0,18,21320.0,21280.0,21290.0,21265.0,1111.0,118205700.0,61858
2023-05-09 21:00:15,zn2307,zn2307,21270.0,18.0,1914300.0,3.0,9,21265.0,21275.0,22,21320.0,21280.0,21290.0,21265.0,1129.0,120120000.0,61861
2023-05-09 21:00:16,zn2307,zn2307,21270.0,0.0,0.0,0.0,1,21270.0,21275.0,18,21320.0,21280.0,21290.0,21265.0,1129.0,120120000.0,61861
2023-05-09 21:00:16,zn2307,zn2307,21270.0,0.0,0.0,0.0,12,21270.0,21275.0,20,21320.0,21280.0,21290.0,21265.0,1129.0,120120000.0,61861
2023-05-09 21:00:17,zn2307,zn2307,21275.0,20.0,2127500.0,2.0,5,21275.0,21280.0,46,21320.0,21280.0,21290.0,21265.0,1149.0,122247500.0,61863
2023-05-09 21:00:17,zn2307,zn2307,21275.0,3.0,319125.0,2.0,26,21270.0,21280.0,44,21320.0,21280.0,21290.0,21265.0,1152.0,122566625.0,61865
2023-05-09 21:00:18,zn2307,zn2307,21270.0,3.0,319050.0,2.0,14,21270.0,21275.0,3,21320.0,21280.0,21290.0,21265.0,1155.0,122885675.0,61867
2023-05-09 21:00:18,zn2307,zn2307,21270.0,0.0,0.0,0.0,8,21270.0,21275.0,13,21320.0,21280.0,21290.0,21265.0,1155.0,122885675.0,61867
2023-05-09 21:00:19,zn2307,zn2307,21270.0,0.0,0.0,0.0,9,21270.0,21275.0,13,21320.0,21280.0,21290.0,21265.0,1155.0,122885675.0,61867
2023-05-09 21:00:20,zn2307,zn2307,21270.0,9.0,957150.0,-5.0,1,21270.0,21275.0,13,21320.0,21280.0,21290.0,21265.0,1164.0,123842825.0,61862
2023-05-09 21:00:20,zn2307,zn2307,21270.0,2.0,212700.0,0.0,15,21265.0,21270.0,10,21320.0,21280.0,21290.0,21265.0,1166.0,124055525.0,61862
2023-05-09 21:00:21,zn2307,zn2307,21270.0,2.0,212700.0,0.0,25,21265.0,21270.0,6,21320.0,21280.0,21290.0,21265.0,1168.0,124268225.0,61862
2023-05-09 21:00:21,zn2307,zn2307,21270.0,8.0,850800.0,-4.0,24,21270.0,21275.0,13,21320.0,21280.0,21290.0,21265.0,1176.0,125119025.0,61858
2023-05-09 21:00:22,zn2307,zn2307,21270.0,0.0,0.0,0.0,21,21270.0,21275.0,13,21320.0,21280.0,21290.0,21265.0,1176.0,125119025.0,61858
2023-05-09 21:00:22,zn2307,zn2307,21270.0,0.0,0.0,0.0,21,21270.0,21275.0,15,21320.0,21280.0,21290.0,21265.0,1176.0,125119025.0,61858
2023-05-09 21:00:23,zn2307,zn2307,21270.0,1.0,106350.0,1.0,20,21270.0,21275.0,14,21320.0,21280.0,21290.0,21265.0,1177.0,125225375.0,61859
2023-05-09 21:00:23,zn2307,zn2307,21270.0,4.0,425400.0,3.0,16,21270.0,21275.0,14,21320.0,21280.0,21290.0,21265.0,1181.0,125650775.0,61862
2023-05-09 21:00:24,zn2307,zn2307,21270.0,0.0,0.0,0.0,17,21270.0,21275.0,14,21320.0,21280.0,21290.0,21265.0,1181.0,125650775.0,61862
2023-05-09 21:00:24,zn2307,zn2307,21275.0,11.0,1170000.0,1.0,19,21270.0,21275.0,8,21320.0,21280.0,21290.0,21265.0,1192.0,126820775.0,61863
2023-05-09 21:00:25,zn2307,zn2307,21270.0,1.0,106350.0,1.0,18,21270.0,21275.0,4,21320.0,21280.0,21290.0,21265.0,1193.0,126927125.0,61864
2023-05-09 21:00:25,zn2307,zn2307,21270.0,0.0,0.0,0.0,25,21270.0,21275.0,10,21320.0,21280.0,21290.0,21265.0,1193.0,126927125.0,61864
2023-05-09 21:00:26,zn2307,zn2307,21270.0,0.0,0.0,0.0,25,21270.0,21275.0,7,21320.0,21280.0,21290.0,21265.0,1193.0,126927125.0,61864
2023-05-09 21:00:26,zn2307,zn2307,21275.0,1.0,106375.0,0.0,24,21270.0,21275.0,6,21320.0,21280.0,21290.0,21265.0,1194.0,127033500.0,61864
2023-05-09 21:00:27,zn2307,zn2307,21275.0,10.0,1063750.0,-3.0,2,21275.0,21280.0,50,21320.0,21280.0,21290.0,21265.0,1204.0,128097250.0,61861
2023-05-09 21:00:27,zn2307,zn2307,21275.0,3.0,319125.0,1.0,4,21275.0,21280.0,58,21320.0,21280.0,21290.0,21265.0,1207.0,128416375.0,61862
2023-05-09 21:00:28,zn2307,zn2307,21275.0,10.0,1063725.0,5.0,30,21270.0,21275.0,4,21320.0,21280.0,21290.0,21265.0,1217.0,129480100.0,61867
2023-05-09 21:00:28,zn2307,zn2307,21275.0,2.0,212750.0,1.0,32,21270.0,21275.0,4,21320.0,21280.0,21290.0,21265.0,1219.0,129692850.0,61868
2023-05-09 21:00:29,zn2307,zn2307,21270.0,12.0,1276200.0,9.0,22,21270.0,21275.0,5,21320.0,21280.0,21290.0,21265.0,1231.0,130969050.0,61877
2023-05-09 21:00:29,zn2307,zn2307,21270.0,7.0,744450.0,0.0,10,21270.0,21275.0,18,21320.0,21280.0,21290.0,21265.0,1238.0,131713500.0,61877
2023-05-09 21:00:30,zn2307,zn2307,21270.0,10.0,1063500.0,-2.0,1,21270.0,21275.0,19,21320.0,21280.0,21290.0,21265.0,1248.0,132777000.0,61875
2023-05-09 21:00:30,zn2307,zn2307,21270.0,1.0,106350.0,0.0,19,21265.0,21270.0,9,21320.0,21280.0,21290.0,21265.0,1249.0,132883350.0,61875
2023-05-09 21:00:31,zn2307,zn2307,21265.0,21.0,2233050.0,1.0,15,21265.0,21270.0,6,21320.0,21280.0,21290.0,21265.0,1270.0,135116400.0,61876
2023-05-09 21:00:31,zn2307,zn2307,21265.0,0.0,0.0,0.0,18,21265.0,21270.0,7,21320.0,21280.0,21290.0,21265.0,1270.0,135116400.0,61876
2023-05-09 21:00:32,zn2307,zn2307,21270.0,5.0,531750.0,-2.0,15,21265.0,21270.0,14,21320.0,21280.0,21290.0,21265.0,1275.0,135648150.0,61874
2023-05-09 21:00:32,zn2307,zn2307,21270.0,0.0,0.0,0.0,11,21265.0,21270.0,19,21320.0,21280.0,21290.0,21265.0,1275.0,135648150.0,61874
2023-05-09 21:00:33,zn2307,zn2307,21265.0,11.0,1169575.0,5.0,39,21260.0,21265.0,6,21320.0,21280.0,21290.0,21265.0,1286.0,136817725.0,61879
2023-05-09 21:00:33,zn2307,zn2307,21265.0,1.0,106325.0,-1.0,45,21260.0,21265.0,13,21320.0,21280.0,21290.0,21265.0,1287.0,136924050.0,61878
2023-05-09 21:00:34,zn2307,zn2307,21265.0,2.0,212650.0,-1.0,37,21260.0,21265.0,20,21320.0,21280.0,21290.0,21265.0,1289.0,137136700.0,61877
2023-05-09 21:00:34,zn2307,zn2307,21260.0,35.0,3720625.0,-5.0,16,21255.0,21265.0,21,21320.0,21280.0,21290.0,21260.0,1324.0,140857325.0,61872
2023-05-09 21:00:35,zn2307,zn2307,21260.0,0.0,0.0,0.0,29,21255.0,21260.0,8,21320.0,21280.0,21290.0,21260.0,1324.0,140857325.0,61872
2023-05-09 21:00:35,zn2307,zn2307,21260.0,0.0,0.0,0.0,18,21255.0,21260.0,17,21320.0,21280.0,21290.0,21260.0,1324.0,140857325.0,61872
2023-05-09 21:00:36,zn2307,zn2307,21255.0,18.0,1912950.0,-7.0,33,21250.0,21260.0,23,21320.0,21280.0,21290.0,21255.0,1342.0,142770275.0,61865
2023-05-09 21:00:36,zn2307,zn2307,21260.0,13.0,1381450.0,7.0,39,21250.0,21260.0,25,21320.0,21280.0,21290.0,21250.0,1355.0,144151725.0,61872
2023-05-09 21:00:37,zn2307,zn2307,21260.0,0.0,0.0,0.0,2,21255.0,21260.0,25,21320.0,21280.0,21290.0,21250.0,1355.0,144151725.0,61872
2023-05-09 21:00:37,zn2307,zn2307,21255.0,2.0,212550.0,2.0,40,21250.0,21255.0,2,21320.0,21280.0,21290.0,21250.0,1357.0,144364275.0,61874
2023-05-09 21:00:38,zn2307,zn2307,21250.0,2.0,212500.0,1.0,40,21250.0,21255.0,11,21320.0,21280.0,21290.0,21250.0,1359.0,144576775.0,61875
2023-05-09 21:00:38,zn2307,zn2307,21255.0,34.0,3612575.0,12.0,19,21245.0,21250.0,1,21320.0,21280.0,21290.0,21245.0,1393.0,148189350.0,61887
2023-05-09 21:00:39,zn2307,zn2307,21250.0,2.0,212500.0,0.0,32,21245.0,21250.0,3,21320.0,21280.0,21290.0,21245.0,1395.0,148401850.0,61887
2023-05-09 21:00:39,zn2307,zn2307,21250.0,11.0,1168750.0,2.0,25,21245.0,21250.0,2,21320.0,21280.0,21290.0,21245.0,1406.0,149570600.0,61889
2023-05-09 21:00:40,zn2307,zn2307,21250.0,3.0,318750.0,-2.0,5,21250.0,21255.0,8,21320.0,21280.0,21290.0,21245.0,1409.0,149889350.0,61887
2023-05-09 21:00:40,zn2307,zn2307,21255.0,12.0,1275300.0,0.0,11,21255.0,21260.0,37,21320.0,21280.0,21290.0,21245.0,1421.0,151164650.0,61887
2023-05-09 21:00:41,zn2307,zn2307,21250.0,12.0,1275275.0,-11.0,10,21250.0,21260.0,37,21320.0,21280.0,21290.0,21245.0,1433.0,152439925.0,61876
2023-05-09 21:00:41,zn2307,zn2307,21250.0,0.0,0.0,0.0,25,21250.0,21260.0,33,21320.0,21280.0,21290.0,21245.0,1433.0,152439925.0,61876
2023-05-09 21:00:42,zn2307,zn2307,21250.0,6.0,637500.0,-2.0,21,21250.0,21260.0,34,21320.0,21280.0,21290.0,21245.0,1439.0,153077425.0,61874
2023-05-09 21:00:42,zn2307,zn2307,21250.0,1.0,106250.0,0.0,7,21250.0,21255.0,1,21320.0,21280.0,21290.0,21245.0,1440.0,153183675.0,61874
2023-05-09 21:00:43,zn2307,zn2307,21250.0,0.0,0.0,0.0,16,21250.0,21255.0,13,21320.0,21280.0,21290.0,21245.0,1440.0,153183675.0,61874
2023-05-09 21:00:43,zn2307,zn2307,21250.0,0.0,0.0,0.0,16,21250.0,21255.0,6,21320.0,21280.0,21290.0,21245.0,1440.0,153183675.0,61874
2023-05-09 21:00:44,zn2307,zn2307,21250.0,0.0,0.0,0.0,16,21250.0,21255.0,5,21320.0,21280.0,21290.0,21245.0,1440.0,153183675.0,61874
2023-05-09 21:00:44,zn2307,zn2307,21255.0,6.0,637625.0,-4.0,9,21255.0,21260.0,38,21320.0,21280.0,21290.0,21245.0,1446.0,153821300.0,61870
2023-05-09 21:00:45,zn2307,zn2307,21250.0,10.0,1062725.0,-7.0,15,21250.0,21255.0,2,21320.0,21280.0,21290.0,21245.0,1456.0,154884025.0,61863
2023-05-09 21:00:45,zn2307,zn2307,21250.0,0.0,0.0,0.0,16,21250.0,21255.0,1,21320.0,21280.0,21290.0,21245.0,1456.0,154884025.0,61863
2023-05-09 21:00:46,zn2307,zn2307,21255.0,1.0,106275.0,-1.0,26,21250.0,21255.0,3,21320.0,21280.0,21290.0,21245.0,1457.0,154990300.0,61862
2023-05-09 21:00:46,zn2307,zn2307,21255.0,7.0,743925.0,-3.0,26,21250.0,21260.0,34,21320.0,21280.0,21290.0,21245.0,1464.0,155734225.0,61859
2023-05-09 21:00:47,zn2307,zn2307,21255.0,2.0,212550.0,0.0,28,21250.0,21260.0,35,21320.0,21280.0,21290.0,21245.0,1466.0,155946775.0,61859
2023-05-09 21:00:47,zn2307,zn2307,21255.0,4.0,425100.0,0.0,1,21255.0,21260.0,34,21320.0,21280.0,21290.0,21245.0,1470.0,156371875.0,61859
2023-05-09 21:00:48,zn2307,zn2307,21250.0,3.0,318800.0,0.0,24,21250.0,21255.0,4,21320.0,21280.0,21290.0,21245.0,1473.0,156690675.0,61859
2023-05-09 21:00:48,zn2307,zn2307,21250.0,2.0,212500.0,0.0,24,21250.0,21255.0,11,21320.0,21280.0,21290.0,21245.0,1475.0,156903175.0,61859
2023-05-09 21:00:49,zn2307,zn2307,21250.0,1.0,106250.0,0.0,16,21250.0,21255.0,11,21320.0,21280.0,21290.0,21245.0,1476.0,157009425.0,61859
2023-05-09 21:00:49,zn2307,zn2307,21250.0,3.0,318750.0,0.0,13,21250.0,21255.0,11,21320.0,21280.0,21290.0,21245.0,1479.0,157328175.0,61859
2023-05-09 21:00:50,zn2307,zn2307,21250.0,16.0,1700000.0,1.0,30,21245.0,21250.0,2,21320.0,21280.0,21290.0,21245.0,1495.0,159028175.0,61860
2023-05-09 21:00:50,zn2307,zn2307,21250.0,0.0,0.0,0.0,35,21245.0,21250.0,16,21320.0,21280.0,21290.0,21245.0,1495.0,159028175.0,61860
2023-05-09 21:00:51,zn2307,zn2307,21245.0,3.0,318675.0,3.0,27,21245.0,21250.0,14,21320.0,21280.0,21290.0,21245.0,1498.0,159346850.0,61863
2023-05-09 21:00:51,zn2307,zn2307,21245.0,6.0,637350.0,2.0,21,21245.0,21250.0,16,21320.0,21280.0,21290.0,21245.0,1504.0,159984200.0,61865
2023-05-09 21:00:52,zn2307,zn2307,21245.0,10.0,1062250.0,8.0,9,21245.0,21250.0,16,21320.0,21280.0,21290.0,21245.0,1514.0,161046450.0,61873
2023-05-09 21:00:52,zn2307,zn2307,21245.0,7.0,743700.0,-4.0,8,21245.0,21250.0,9,21320.0,21280.0,21290.0,21245.0,1521.0,161790150.0,61869
2023-05-09 21:00:53,zn2307,zn2307,21245.0,12.0,1274700.0,2.0,5,21245.0,21250.0,10,21320.0,21280.0,21290.0,21245.0,1533.0,163064850.0,61871
2023-05-09 21:00:53,zn2307,zn2307,21245.0,3.0,318675.0,0.0,2,21245.0,21250.0,10,21320.0,21280.0,21290.0,21245.0,1536.0,163383525.0,61871
2023-05-09 21:00:54,zn2307,zn2307,21245.0,11.0,1168525.0,1.0,15,21245.0,21255.0,15,21320.0,21280.0,21290.0,21245.0,1547.0,164552050.0,61872
2023-05-09 21:00:54,zn2307,zn2307,21245.0,0.0,0.0,0.0,17,21245.0,21250.0,2,21320.0,21280.0,21290.0,21245.0,1547.0,164552050.0,61872
2023-05-09 21:00:55,zn2307,zn2307,21250.0,5.0,531250.0,-1.0,10,21245.0,21250.0,7,21320.0,21280.0,21290.0,21245.0,1552.0,165083300.0,61871
2023-05-09 21:00:55,zn2307,zn2307,21245.0,20.0,2124675.0,1.0,14,21245.0,21250.0,1,21320.0,21280.0,21290.0,21245.0,1572.0,167207975.0,61872
2023-05-09 21:00:56,zn2307,zn2307,21250.0,11.0,1168750.0,7.0,3,21250.0,21255.0,13,21320.0,21280.0,21290.0,21245.0,1583.0,168376725.0,61879
2023-05-09 21:00:56,zn2307,zn2307,21250.0,4.0,425000.0,0.0,22,21245.0,21255.0,13,21320.0,21280.0,21290.0,21245.0,1587.0,168801725.0,61879
2023-05-09 21:00:57,zn2307,zn2307,21250.0,0.0,0.0,0.0,25,21245.0,21250.0,7,21320.0,21280.0,21290.0,21245.0,1587.0,168801725.0,61879
2023-05-09 21:00:57,zn2307,zn2307,21250.0,2.0,212500.0,2.0,10,21245.0,21250.0,8,21320.0,21280.0,21290.0,21245.0,1589.0,169014225.0,61881
2023-05-09 21:00:58,zn2307,zn2307,21250.0,1.0,106250.0,-1.0,10,21245.0,21250.0,7,21320.0,21280.0,21290.0,21245.0,1590.0,169120475.0,61880
2023-05-09 21:00:58,zn2307,zn2307,21245.0,1.0,106225.0,0.0,20,21240.0,21245.0,7,21320.0,21280.0,21290.0,21245.0,1591.0,169226700.0,61880
2023-05-09 21:00:59,zn2307,zn2307,21245.0,1.0,106225.0,1.0,27,21240.0,21245.0,3,21320.0,21280.0,21290.0,21245.0,1592.0,169332925.0,61881
2023-05-09 21:00:59,zn2307,zn2307,21245.0,3.0,318675.0,0.0,2,21245.0,21250.0,13,21320.0,21280.0,21290.0,21245.0,1595.0,169651600.0,61881
2023-05-09 21:01:00,zn2307,zn2307,21245.0,7.0,743575.0,-3.0,31,21240.0,21250.0,17,21320.0,21280.0,21290.0,21245.0,1602.0,170395175.0,61878
2023-05-09 21:01:00,zn2307,zn2307,21245.0,7.0,743575.0,-7.0,20,21240.0,21245.0,1,21320.0,21280.0,21290.0,21245.0,1609.0,171138750.0,61871
2023-05-09 21:01:01,zn2307,zn2307,21245.0,3.0,318675.0,1.0,40,21240.0,21250.0,14,21320.0,21280.0,21290.0,21245.0,1612.0,171457425.0,61872
2023-05-09 21:01:01,zn2307,zn2307,21245.0,0.0,0.0,0.0,2,21245.0,21250.0,16,21320.0,21280.0,21290.0,21245.0,1612.0,171457425.0,61872
2023-05-09 21:01:02,zn2307,zn2307,21245.0,3.0,318675.0,1.0,40,21240.0,21250.0,14,21320.0,21280.0,21290.0,21245.0,1615.0,171776100.0,61873
2023-05-09 21:01:02,zn2307,zn2307,21245.0,1.0,106225.0,-1.0,30,21240.0,21245.0,1,21320.0,21280.0,21290.0,21245.0,1616.0,171882325.0,61872
2023-05-09 21:01:03,zn2307,zn2307,21245.0,0.0,0.0,0.0,31,21240.0,21245.0,12,21320.0,21280.0,21290.0,21245.0,1616.0,171882325.0,61872
2023-05-09 21:01:03,zn2307,zn2307,21245.0,5.0,531125.0,-1.0,24,21240.0,21245.0,7,21320.0,21280.0,21290.0,21245.0,1621.0,172413450.0,61871
2023-05-09 21:01:04,zn2307,zn2307,21240.0,3.0,318600.0,3.0,21,21240.0,21245.0,20,21320.0,21280.0,21290.0,21240.0,1624.0,172732050.0,61874
2023-05-09 21:01:04,zn2307,zn2307,21240.0,20.0,2124000.0,13.0,35,21235.0,21240.0,10,21320.0,21280.0,21290.0,21240.0,1644.0,174856050.0,61887
2023-05-09 21:01:05,zn2307,zn2307,21240.0,0.0,0.0,0.0,36,21235.0,21240.0,7,21320.0,21280.0,21290.0,21240.0,1644.0,174856050.0,61887
2023-05-09 21:01:05,zn2307,zn2307,21235.0,1.0,106175.0,1.0,33,21235.0,21240.0,17,21320.0,21280.0,21290.0,21235.0,1645.0,174962225.0,61888
2023-05-09 21:01:06,zn2307,zn2307,21235.0,42.0,4459250.0,20.0,29,21230.0,21235.0,1,21320.0,21280.0,21290.0,21230.0,1687.0,179421475.0,61908
2023-05-09 21:01:06,zn2307,zn2307,21235.0,0.0,0.0,0.0,30,21230.0,21235.0,12,21320.0,21280.0,21290.0,21230.0,1687.0,179421475.0,61908
2023-05-09 21:01:07,zn2307,zn2307,21235.0,35.0,3715300.0,5.0,14,21225.0,21235.0,16,21320.0,21280.0,21290.0,21230.0,1722.0,183136775.0,61913
2023-05-09 21:01:07,zn2307,zn2307,21230.0,1.0,106150.0,0.0,2,21230.0,21235.0,5,21320.0,21280.0,21290.0,21230.0,1723.0,183242925.0,61913
2023-05-09 21:01:08,zn2307,zn2307,21230.0,3.0,318450.0,2.0,1,21230.0,21235.0,10,21320.0,21280.0,21290.0,21230.0,1726.0,183561375.0,61915
2023-05-09 21:01:08,zn2307,zn2307,21230.0,9.0,955400.0,-6.0,22,21225.0,21235.0,14,21320.0,21280.0,21290.0,21230.0,1735.0,184516775.0,61909
2023-05-09 21:01:09,zn2307,zn2307,21225.0,1.0,106125.0,1.0,19,21225.0,21230.0,4,21320.0,21280.0,21290.0,21225.0,1736.0,184622900.0,61910
2023-05-09 21:01:09,zn2307,zn2307,21225.0,1.0,106125.0,1.0,20,21225.0,21230.0,8,21320.0,21280.0,21290.0,21225.0,1737.0,184729025.0,61911
2023-05-09 21:01:10,zn2307,zn2307,21230.0,9.0,955325.0,8.0,19,21225.0,21230.0,1,21320.0,21280.0,21290.0,21225.0,1746.0,185684350.0,61919
2023-05-09 21:01:10,zn2307,zn2307,21225.0,5.0,530725.0,0.0,18,21225.0,21230.0,5,21320.0,21280.0,21290.0,21225.0,1751.0,186215075.0,61919
2023-05-09 21:01:11,zn2307,zn2307,21230.0,3.0,318450.0,-1.0,5,21230.0,21235.0,11,21320.0,21280.0,21290.0,21225.0,1754.0,186533525.0,61918
2023-05-09 21:01:11,zn2307,zn2307,21230.0,0.0,0.0,0.0,5,21230.0,21235.0,12,21320.0,21280.0,21290.0,21225.0,1754.0,186533525.0,61918
2023-05-09 21:01:12,zn2307,zn2307,21230.0,0.0,0.0,0.0,5,21230.0,21235.0,12,21320.0,21280.0,21290.0,21225.0,1754.0,186533525.0,61918
2023-05-09 21:01:12,zn2307,zn2307,21230.0,5.0,530750.0,-5.0,19,21225.0,21235.0,12,21320.0,21280.0,21290.0,21225.0,1759.0,187064275.0,61913
2023-05-09 21:01:13,zn2307,zn2307,21225.0,2.0,212250.0,2.0,14,21225.0,21230.0,7,21320.0,21280.0,21290.0,21225.0,1761.0,187276525.0,61915
2023-05-09 21:01:13,zn2307,zn2307,21225.0,7.0,742875.0,4.0,25,21220.0,21230.0,18,21320.0,21280.0,21290.0,21225.0,1768.0,188019400.0,61919
2023-05-09 21:01:14,zn2307,zn2307,21225.0,0.0,0.0,0.0,2,21225.0,21230.0,11,21320.0,21280.0,21290.0,21225.0,1768.0,188019400.0,61919
2023-05-09 21:01:14,zn2307,zn2307,21225.0,0.0,0.0,0.0,14,21225.0,21230.0,10,21320.0,21280.0,21290.0,21225.0,1768.0,188019400.0,61919
2023-05-09 21:01:15,zn2307,zn2307,21230.0,5.0,530750.0,-1.0,15,21225.0,21230.0,5,21320.0,21280.0,21290.0,21225.0,1773.0,188550150.0,61918
2023-05-09 21:01:15,zn2307,zn2307,21230.0,0.0,0.0,0.0,15,21225.0,21230.0,3,21320.0,21280.0,21290.0,21225.0,1773.0,188550150.0,61918
2023-05-09 21:01:16,zn2307,zn2307,21230.0,0.0,0.0,0.0,17,21225.0,21230.0,4,21320.0,21280.0,21290.0,21225.0,1773.0,188550150.0,61918
2023-05-09 21:01:16,zn2307,zn2307,21230.0,0.0,0.0,0.0,16,21225.0,21230.0,4,21320.0,21280.0,21290.0,21225.0,1773.0,188550150.0,61918
2023-05-09 21:01:17,zn2307,zn2307,21230.0,1.0,106150.0,1.0,16,21225.0,21230.0,3,21320.0,21280.0,21290.0,21225.0,1774.0,188656300.0,61919
2023-05-09 21:01:17,zn2307,zn2307,21230.0,0.0,0.0,0.0,16,21225.0,21230.0,11,21320.0,21280.0,21290.0,21225.0,1774.0,188656300.0,61919
2023-05-09 21:01:18,zn2307,zn2307,21225.0,5.0,530625.0,-3.0,6,21225.0,21230.0,11,21320.0,21280.0,21290.0,21225.0,1779.0,189186925.0,61916
2023-05-09 21:01:18,zn2307,zn2307,21225.0,6.0,636750.0,0.0,26,21220.0,21225.0,2,21320.0,21280.0,21290.0,21225.0,1785.0,189823675.0,61916
2023-05-09 21:01:19,zn2307,zn2307,21225.0,0.0,0.0,0.0,26,21220.0,21225.0,11,21320.0,21280.0,21290.0,21225.0,1785.0,189823675.0,61916
2023-05-09 21:01:19,zn2307,zn2307,21225.0,5.0,530625.0,0.0,28,21220.0,21225.0,7,21320.0,21280.0,21290.0,21225.0,1790.0,190354300.0,61916
2023-05-09 21:01:20,zn2307,zn2307,21225.0,4.0,424500.0,2.0,29,21220.0,21230.0,17,21320.0,21280.0,21290.0,21225.0,1794.0,190778800.0,61918
2023-05-09 21:01:20,zn2307,zn2307,21225.0,5.0,530625.0,2.0,7,21225.0,21230.0,11,21320.0,21280.0,21290.0,21225.0,1799.0,191309425.0,61920
2023-05-09 21:01:21,zn2307,zn2307,21225.0,0.0,0.0,0.0,11,21225.0,21230.0,11,21320.0,21280.0,21290.0,21225.0,1799.0,191309425.0,61920
2023-05-09 21:01:21,zn2307,zn2307,21225.0,0.0,0.0,0.0,16,21225.0,21230.0,9,21320.0,21280.0,21290.0,21225.0,1799.0,191309425.0,61920
2023-05-09 21:01:22,zn2307,zn2307,21230.0,2.0,212300.0,1.0,16,21225.0,21235.0,22,21320.0,21280.0,21290.0,21225.0,1801.0,191521725.0,61921
2023-05-09 21:01:23,zn2307,zn2307,21225.0,3.0,318400.0,0.0,14,21225.0,21230.0,1,21320.0,21280.0,21290.0,21225.0,1804.0,191840125.0,61921
2023-05-09 21:01:23,zn2307,zn2307,21230.0,8.0,849200.0,3.0,16,21225.0,21230.0,2,21320.0,21280.0,21290.0,21225.0,1812.0,192689325.0,61924
2023-05-09 21:01:24,zn2307,zn2307,21230.0,2.0,212300.0,2.0,15,21230.0,21235.0,13,21320.0,21280.0,21290.0,21225.0,1814.0,192901625.0,61926
2023-05-09 21:01:24,zn2307,zn2307,21230.0,2.0,212300.0,2.0,9,21230.0,21235.0,13,21320.0,21280.0,21290.0,21225.0,1816.0,193113925.0,61928
2023-05-09 21:01:25,zn2307,zn2307,21230.0,0.0,0.0,0.0,6,21230.0,21235.0,11,21320.0,21280.0,21290.0,21225.0,1816.0,193113925.0,61928
2023-05-09 21:01:25,zn2307,zn2307,21230.0,0.0,0.0,0.0,13,21230.0,21235.0,11,21320.0,21280.0,21290.0,21225.0,1816.0,193113925.0,61928
2023-05-09 21:01:26,zn2307,zn2307,21230.0,0.0,0.0,0.0,13,21230.0,21235.0,12,21320.0,21280.0,21290.0,21225.0,1816.0,193113925.0,61928
2023-05-09 21:01:26,zn2307,zn2307,21235.0,1.0,106175.0,-1.0,9,21230.0,21235.0,11,21320.0,21280.0,21290.0,21225.0,1817.0,193220100.0,61927
2023-05-09 21:01:27,zn2307,zn2307,21230.0,12.0,1274075.0,1.0,12,21230.0,21240.0,20,21320.0,21280.0,21290.0,21225.0,1829.0,194494175.0,61928
2023-05-09 21:01:27,zn2307,zn2307,21230.0,1.0,106150.0,1.0,5,21235.0,21240.0,16,21320.0,21280.0,21290.0,21225.0,1830.0,194600325.0,61929
2023-05-09 21:01:28,zn2307,zn2307,21235.0,4.0,424700.0,-4.0,1,21235.0,21240.0,15,21320.0,21280.0,21290.0,21225.0,1834.0,195025025.0,61925
2023-05-09 21:01:28,zn2307,zn2307,21235.0,0.0,0.0,0.0,7,21235.0,21240.0,15,21320.0,21280.0,21290.0,21225.0,1834.0,195025025.0,61925
2023-05-09 21:01:29,zn2307,zn2307,21235.0,0.0,0.0,0.0,9,21235.0,21240.0,16,21320.0,21280.0,21290.0,21225.0,1834.0,195025025.0,61925
2023-05-09 21:01:29,zn2307,zn2307,21235.0,14.0,1486725.0,11.0,7,21235.0,21240.0,3,21320.0,21280.0,21290.0,21225.0,1848.0,196511750.0,61936
2023-05-09 21:01:30,zn2307,zn2307,21240.0,3.0,318600.0,0.0,9,21235.0,21240.0,6,21320.0,21280.0,21290.0,21225.0,1851.0,196830350.0,61936
2023-05-09 21:01:30,zn2307,zn2307,21240.0,0.0,0.0,0.0,8,21235.0,21240.0,7,21320.0,21280.0,21290.0,21225.0,1851.0,196830350.0,61936
2023-05-09 21:01:31,zn2307,zn2307,21240.0,6.0,637200.0,0.0,8,21235.0,21245.0,19,21320.0,21280.0,21290.0,21225.0,1857.0,197467550.0,61936
2023-05-09 21:01:31,zn2307,zn2307,21245.0,4.0,424900.0,0.0,9,21235.0,21245.0,8,21320.0,21280.0,21290.0,21225.0,1861.0,197892450.0,61936
2023-05-09 21:01:32,zn2307,zn2307,21245.0,8.0,849800.0,-4.0,3,21240.0,21250.0,25,21320.0,21280.0,21290.0,21225.0,1869.0,198742250.0,61932
2023-05-09 21:01:32,zn2307,zn2307,21245.0,0.0,0.0,0.0,21,21240.0,21250.0,19,21320.0,21280.0,21290.0,21225.0,1869.0,198742250.0,61932
2023-05-09 21:01:33,zn2307,zn2307,21245.0,0.0,0.0,0.0,1,21245.0,21250.0,19,21320.0,21280.0,21290.0,21225.0,1869.0,198742250.0,61932
2023-05-09 21:01:33,zn2307,zn2307,21245.0,2.0,212450.0,0.0,5,21245.0,21250.0,20,21320.0,21280.0,21290.0,21225.0,1871.0,198954700.0,61932
2023-05-09 21:01:34,zn2307,zn2307,21245.0,5.0,531125.0,-5.0,21,21240.0,21250.0,21,21320.0,21280.0,21290.0,21225.0,1876.0,199485825.0,61927
2023-05-09 21:01:35,zn2307,zn2307,21245.0,0.0,0.0,0.0,21,21240.0,21250.0,22,21320.0,21280.0,21290.0,21225.0,1876.0,199485825.0,61927
2023-05-09 21:01:35,zn2307,zn2307,21250.0,5.0,531250.0,0.0,3,21245.0,21250.0,16,21320.0,21280.0,21290.0,21225.0,1881.0,200017075.0,61927
2023-05-09 21:01:36,zn2307,zn2307,21250.0,0.0,0.0,0.0,10,21245.0,21250.0,15,21320.0,21280.0,21290.0,21225.0,1881.0,200017075.0,61927
2023-05-09 21:01:36,zn2307,zn2307,21250.0,13.0,1381250.0,10.0,10,21245.0,21250.0,1,21320.0,21280.0,21290.0,21225.0,1894.0,201398325.0,61937
2023-05-09 21:01:37,zn2307,zn2307,21250.0,1.0,106250.0,0.0,4,21250.0,21255.0,29,21320.0,21280.0,21290.0,21225.0,1895.0,201504575.0,61937
2023-05-09 21:01:37,zn2307,zn2307,21250.0,4.0,425000.0,-3.0,1,21250.0,21255.0,31,21320.0,21280.0,21290.0,21225.0,1899.0,201929575.0,61934
2023-05-09 21:01:38,zn2307,zn2307,21250.0,3.0,318750.0,0.0,10,21245.0,21255.0,31,21320.0,21280.0,21290.0,21225.0,1902.0,202248325.0,61934
2023-05-09 21:01:38,zn2307,zn2307,21250.0,0.0,0.0,0.0,10,21245.0,21250.0,1,21320.0,21280.0,21290.0,21225.0,1902.0,202248325.0,61934
2023-05-09 21:01:39,zn2307,zn2307,21250.0,1.0,106250.0,0.0,10,21245.0,21250.0,2,21320.0,21280.0,21290.0,21225.0,1903.0,202354575.0,61934
2023-05-09 21:01:39,zn2307,zn2307,21250.0,2.0,212500.0,0.0,10,21245.0,21255.0,24,21320.0,21280.0,21290.0,21225.0,1905.0,202567075.0,61934
2023-05-09 21:01:40,zn2307,zn2307,21250.0,0.0,0.0,0.0,10,21245.0,21250.0,1,21320.0,21280.0,21290.0,21225.0,1905.0,202567075.0,61934
2023-05-09 21:01:40,zn2307,zn2307,21250.0,1.0,106250.0,1.0,6,21250.0,21255.0,24,21320.0,21280.0,21290.0,21225.0,1906.0,202673325.0,61935
2023-05-09 21:01:41,zn2307,zn2307,21250.0,0.0,0.0,0.0,10,21250.0,21255.0,25,21320.0,21280.0,21290.0,21225.0,1906.0,202673325.0,61935
2023-05-09 21:01:41,zn2307,zn2307,21250.0,0.0,0.0,0.0,10,21250.0,21255.0,24,21320.0,21280.0,21290.0,21225.0,1906.0,202673325.0,61935
2023-05-09 21:01:42,zn2307,zn2307,21250.0,0.0,0.0,0.0,6,21250.0,21255.0,23,21320.0,21280.0,21290.0,21225.0,1906.0,202673325.0,61935
2023-05-09 21:01:42,zn2307,zn2307,21250.0,0.0,0.0,0.0,6,21250.0,21255.0,23,21320.0,21280.0,21290.0,21225.0,1906.0,202673325.0,61935
2023-05-09 21:01:43,zn2307,zn2307,21255.0,1.0,106275.0,0.0,6,21250.0,21255.0,16,21320.0,21280.0,21290.0,21225.0,1907.0,202779600.0,61935
2023-05-09 21:01:43,zn2307,zn2307,21255.0,1.0,106275.0,0.0,6,21250.0,21255.0,13,21320.0,21280.0,21290.0,21225.0,1908.0,202885875.0,61935
2023-05-09 21:01:44,zn2307,zn2307,21255.0,0.0,0.0,0.0,8,21250.0,21255.0,14,21320.0,21280.0,21290.0,21225.0,1908.0,202885875.0,61935
2023-05-09 21:01:44,zn2307,zn2307,21250.0,23.0,2444200.0,-3.0,8,21250.0,21260.0,18,21320.0,21280.0,21290.0,21225.0,1931.0,205330075.0,61932
2023-05-09 21:01:45,zn2307,zn2307,21250.0,0.0,0.0,0.0,9,21250.0,21260.0,17,21320.0,21280.0,21290.0,21225.0,1931.0,205330075.0,61932
2023-05-09 21:01:45,zn2307,zn2307,21260.0,10.0,1063000.0,7.0,1,21255.0,21260.0,9,21320.0,21280.0,21290.0,21225.0,1941.0,206393075.0,61939
2023-05-09 21:01:46,zn2307,zn2307,21260.0,0.0,0.0,0.0,7,21255.0,21260.0,9,21320.0,21280.0,21290.0,21225.0,1941.0,206393075.0,61939
2023-05-09 21:01:46,zn2307,zn2307,21260.0,0.0,0.0,0.0,7,21255.0,21260.0,8,21320.0,21280.0,21290.0,21225.0,1941.0,206393075.0,61939
2023-05-09 21:01:47,zn2307,zn2307,21260.0,0.0,0.0,0.0,7,21255.0,21260.0,7,21320.0,21280.0,21290.0,21225.0,1941.0,206393075.0,61939
2023-05-09 21:01:47,zn2307,zn2307,21260.0,0.0,0.0,0.0,7,21255.0,21260.0,7,21320.0,21280.0,21290.0,21225.0,1941.0,206393075.0,61939
2023-05-09 21:01:48,zn2307,zn2307,21260.0,0.0,0.0,0.0,7,21255.0,21260.0,7,21320.0,21280.0,21290.0,21225.0,1941.0,206393075.0,61939
2023-05-09 21:01:48,zn2307,zn2307,21255.0,7.0,743925.0,1.0,9,21250.0,21255.0,4,21320.0,21280.0,21290.0,21225.0,1948.0,207137000.0,61940
2023-05-09 21:01:49,zn2307,zn2307,21255.0,4.0,425100.0,0.0,2,21255.0,21260.0,14,21320.0,21280.0,21290.0,21225.0,1952.0,207562100.0,61940
2023-05-09 21:01:49,zn2307,zn2307,21255.0,0.0,0.0,0.0,8,21255.0,21260.0,14,21320.0,21280.0,21290.0,21225.0,1952.0,207562100.0,61940
2023-05-09 21:01:50,zn2307,zn2307,21255.0,0.0,0.0,0.0,6,21255.0,21260.0,14,21320.0,21280.0,21290.0,21225.0,1952.0,207562100.0,61940
2023-05-09 21:01:50,zn2307,zn2307,21255.0,0.0,0.0,0.0,6,21255.0,21260.0,8,21320.0,21280.0,21290.0,21225.0,1952.0,207562100.0,61940
2023-05-09 21:01:51,zn2307,zn2307,21260.0,8.0,850400.0,4.0,2,21260.0,21265.0,20,21320.0,21280.0,21290.0,21225.0,1960.0,208412500.0,61944
2023-05-09 21:01:51,zn2307,zn2307,21260.0,1.0,106300.0,0.0,1,21260.0,21265.0,20,21320.0,21280.0,21290.0,21225.0,1961.0,208518800.0,61944
2023-05-09 21:01:52,zn2307,zn2307,21260.0,0.0,0.0,0.0,14,21260.0,21265.0,20,21320.0,21280.0,21290.0,21225.0,1961.0,208518800.0,61944
2023-05-09 21:01:52,zn2307,zn2307,21260.0,0.0,0.0,0.0,14,21260.0,21265.0,21,21320.0,21280.0,21290.0,21225.0,1961.0,208518800.0,61944
2023-05-09 21:01:54,zn2307,zn2307,21260.0,1.0,106300.0,0.0,13,21260.0,21265.0,21,21320.0,21280.0,21290.0,21225.0,1962.0,208625100.0,61944
2023-05-09 21:01:54,zn2307,zn2307,21260.0,8.0,850400.0,2.0,5,21260.0,21265.0,21,21320.0,21280.0,21290.0,21225.0,1970.0,209475500.0,61946
2023-05-09 21:01:55,zn2307,zn2307,21260.0,5.0,531500.0,0.0,23,21255.0,21260.0,7,21320.0,21280.0,21290.0,21225.0,1975.0,210007000.0,61946
2023-05-09 21:01:55,zn2307,zn2307,21255.0,20.0,2125500.0,3.0,8,21250.0,21260.0,15,21320.0,21280.0,21290.0,21225.0,1995.0,212132500.0,61949
2023-05-09 21:01:56,zn2307,zn2307,21260.0,10.0,1062900.0,4.0,1,21255.0,21260.0,20,21320.0,21280.0,21290.0,21225.0,2005.0,213195400.0,61953
2023-05-09 21:01:56,zn2307,zn2307,21255.0,5.0,531375.0,2.0,4,21255.0,21260.0,1,21320.0,21280.0,21290.0,21225.0,2010.0,213726775.0,61955
2023-05-09 21:01:57,zn2307,zn2307,21255.0,0.0,0.0,0.0,4,21255.0,21260.0,13,21320.0,21280.0,21290.0,21225.0,2010.0,213726775.0,61955
2023-05-09 21:01:57,zn2307,zn2307,21255.0,0.0,0.0,0.0,4,21255.0,21260.0,7,21320.0,21280.0,21290.0,21225.0,2010.0,213726775.0,61955
2023-05-09 21:01:59,zn2307,zn2307,21255.0,0.0,0.0,0.0,4,21255.0,21260.0,7,21320.0,21280.0,21290.0,21225.0,2010.0,213726775.0,61955
2023-05-09 21:01:59,zn2307,zn2307,21260.0,2.0,212600.0,-1.0,5,21255.0,21260.0,13,21320.0,21280.0,21290.0,21225.0,2012.0,213939375.0,61954
2023-05-09 21:02:00,zn2307,zn2307,21260.0,0.0,0.0,0.0,5,21255.0,21260.0,14,21320.0,21280.0,21290.0,21225.0,2012.0,213939375.0,61954
2023-05-09 21:02:00,zn2307,zn2307,21260.0,0.0,0.0,0.0,5,21255.0,21260.0,14,21320.0,21280.0,21290.0,21225.0,2012.0,213939375.0,61954
2023-05-09 21:02:01,zn2307,zn2307,21260.0,3.0,318900.0,0.0,5,21255.0,21260.0,11,21320.0,21280.0,21290.0,21225.0,2015.0,214258275.0,61954
2023-05-09 21:02:01,zn2307,zn2307,21255.0,1.0,106275.0,0.0,4,21255.0,21260.0,11,21320.0,21280.0,21290.0,21225.0,2016.0,214364550.0,61954
2023-05-09 21:02:02,zn2307,zn2307,21255.0,0.0,0.0,0.0,4,21255.0,21260.0,12,21320.0,21280.0,21290.0,21225.0,2016.0,214364550.0,61954
2023-05-09 21:02:02,zn2307,zn2307,21255.0,0.0,0.0,0.0,14,21255.0,21260.0,14,21320.0,21280.0,21290.0,21225.0,2016.0,214364550.0,61954
2023-05-09 21:02:03,zn2307,zn2307,21255.0,1.0,106275.0,0.0,26,21255.0,21260.0,14,21320.0,21280.0,21290.0,21225.0,2017.0,214470825.0,61954
2023-05-09 21:02:03,zn2307,zn2307,21255.0,0.0,0.0,0.0,26,21255.0,21260.0,12,21320.0,21280.0,21290.0,21225.0,2017.0,214470825.0,61954
2023-05-09 21:02:04,zn2307,zn2307,21255.0,24.0,2550600.0,-19.0,2,21255.0,21260.0,27,21320.0,21280.0,21290.0,21225.0,2041.0,217021425.0,61935
2023-05-09 21:02:04,zn2307,zn2307,21255.0,2.0,212550.0,-1.0,9,21250.0,21255.0,5,21320.0,21280.0,21290.0,21225.0,2043.0,217233975.0,61934
2023-05-09 21:02:05,zn2307,zn2307,21255.0,6.0,637650.0,-3.0,9,21250.0,21260.0,19,21320.0,21280.0,21290.0,21225.0,2049.0,217871625.0,61931
2023-05-09 21:02:05,zn2307,zn2307,21255.0,0.0,0.0,0.0,9,21250.0,21260.0,31,21320.0,21280.0,21290.0,21225.0,2049.0,217871625.0,61931
2023-05-09 21:02:06,zn2307,zn2307,21255.0,0.0,0.0,0.0,8,21250.0,21260.0,61,21320.0,21280.0,21290.0,21225.0,2049.0,217871625.0,61931
2023-05-09 21:02:06,zn2307,zn2307,21255.0,0.0,0.0,0.0,8,21250.0,21255.0,14,21320.0,21280.0,21290.0,21225.0,2049.0,217871625.0,61931
2023-05-09 21:02:07,zn2307,zn2307,21255.0,0.0,0.0,0.0,8,21250.0,21255.0,5,21320.0,21280.0,21290.0,21225.0,2049.0,217871625.0,61931
2023-05-09 21:02:07,zn2307,zn2307,21255.0,3.0,318825.0,-2.0,8,21250.0,21260.0,54,21320.0,21280.0,21290.0,21225.0,2052.0,218190450.0,61929
2023-05-09 21:02:08,zn2307,zn2307,21255.0,0.0,0.0,0.0,4,21255.0,21260.0,61,21320.0,21280.0,21290.0,21225.0,2052.0,218190450.0,61929
2023-05-09 21:02:08,zn2307,zn2307,21255.0,0.0,0.0,0.0,7,21255.0,21260.0,44,21320.0,21280.0,21290.0,21225.0,2052.0,218190450.0,61929
2023-05-09 21:02:09,zn2307,zn2307,21260.0,1.0,106300.0,0.0,7,21255.0,21260.0,43,21320.0,21280.0,21290.0,21225.0,2053.0,218296750.0,61929
2023-05-09 21:02:09,zn2307,zn2307,21255.0,3.0,318825.0,-2.0,18,21250.0,21255.0,2,21320.0,21280.0,21290.0,21225.0,2056.0,218615575.0,61927
2023-05-09 21:02:10,zn2307,zn2307,21255.0,0.0,0.0,0.0,19,21250.0,21255.0,4,21320.0,21280.0,21290.0,21225.0,2056.0,218615575.0,61927
2023-05-09 21:02:10,zn2307,zn2307,21255.0,3.0,318825.0,1.0,19,21250.0,21255.0,1,21320.0,21280.0,21290.0,21225.0,2059.0,218934400.0,61928
2023-05-09 21:02:11,zn2307,zn2307,21255.0,0.0,0.0,0.0,15,21250.0,21255.0,1,21320.0,21280.0,21290.0,21225.0,2059.0,218934400.0,61928
2023-05-09 21:02:11,zn2307,zn2307,21255.0,0.0,0.0,0.0,15,21250.0,21255.0,7,21320.0,21280.0,21290.0,21225.0,2059.0,218934400.0,61928
2023-05-09 21:02:12,zn2307,zn2307,21255.0,1.0,106275.0,-1.0,3,21255.0,21260.0,44,21320.0,21280.0,21290.0,21225.0,2060.0,219040675.0,61927
2023-05-09 21:02:12,zn2307,zn2307,21255.0,0.0,0.0,0.0,16,21255.0,21260.0,42,21320.0,21280.0,21290.0,21225.0,2060.0,219040675.0,61927
2023-05-09 21:02:13,zn2307,zn2307,21255.0,0.0,0.0,0.0,22,21255.0,21260.0,42,21320.0,21280.0,21290.0,21225.0,2060.0,219040675.0,61927
2023-05-09 21:02:16,zn2307,zn2307,21255.0,13.0,1381575.0,1.0,6,21255.0,21260.0,43,21320.0,21280.0,21290.0,21225.0,2073.0,220422250.0,61928
2023-05-09 21:02:16,zn2307,zn2307,21255.0,6.0,637650.0,0.0,18,21250.0,21260.0,43,21320.0,21280.0,21290.0,21225.0,2079.0,221059900.0,61928
2023-05-09 21:02:17,zn2307,zn2307,21255.0,2.0,212550.0,2.0,5,21255.0,21260.0,43,21320.0,21280.0,21290.0,21225.0,2081.0,221272450.0,61930
2023-05-09 21:02:17,zn2307,zn2307,21255.0,5.0,531375.0,2.0,19,21250.0,21255.0,1,21320.0,21280.0,21290.0,21225.0,2086.0,221803825.0,61932
2023-05-09 21:02:18,zn2307,zn2307,21250.0,1.0,106250.0,0.0,14,21250.0,21255.0,14,21320.0,21280.0,21290.0,21225.0,2087.0,221910075.0,61932
2023-05-09 21:02:18,zn2307,zn2307,21250.0,0.0,0.0,0.0,14,21250.0,21255.0,14,21320.0,21280.0,21290.0,21225.0,2087.0,221910075.0,61932
2023-05-09 21:02:20,zn2307,zn2307,21250.0,0.0,0.0,0.0,14,21250.0,21255.0,12,21320.0,21280.0,21290.0,21225.0,2087.0,221910075.0,61932
2023-05-09 21:02:20,zn2307,zn2307,21250.0,0.0,0.0,0.0,16,21250.0,21255.0,12,21320.0,21280.0,21290.0,21225.0,2087.0,221910075.0,61932
2023-05-09 21:02:21,zn2307,zn2307,21250.0,0.0,0.0,0.0,16,21250.0,21255.0,12,21320.0,21280.0,21290.0,21225.0,2087.0,221910075.0,61932
2023-05-09 21:02:21,zn2307,zn2307,21255.0,2.0,212550.0,-2.0,16,21250.0,21255.0,10,21320.0,21280.0,21290.0,21225.0,2089.0,222122625.0,61930
2023-05-09 21:02:22,zn2307,zn2307,21255.0,4.0,425100.0,-4.0,16,21250.0,21260.0,47,21320.0,21280.0,21290.0,21225.0,2093.0,222547725.0,61926
2023-05-09 21:02:23,zn2307,zn2307,21255.0,0.0,0.0,0.0,9,21255.0,21260.0,53,21320.0,21280.0,21290.0,21225.0,2093.0,222547725.0,61926
2023-05-09 21:02:23,zn2307,zn2307,21255.0,0.0,0.0,0.0,9,21255.0,21260.0,42,21320.0,21280.0,21290.0,21225.0,2093.0,222547725.0,61926
2023-05-09 21:02:24,zn2307,zn2307,21255.0,0.0,0.0,0.0,11,21255.0,21260.0,42,21320.0,21280.0,21290.0,21225.0,2093.0,222547725.0,61926
2023-05-09 21:02:26,zn2307,zn2307,21255.0,0.0,0.0,0.0,11,21255.0,21260.0,42,21320.0,21280.0,21290.0,21225.0,2093.0,222547725.0,61926
2023-05-09 21:02:26,zn2307,zn2307,21255.0,0.0,0.0,0.0,11,21255.0,21260.0,42,21320.0,21280.0,21290.0,21225.0,2093.0,222547725.0,61926
2023-05-09 21:02:27,zn2307,zn2307,21255.0,0.0,0.0,0.0,11,21255.0,21260.0,36,21320.0,21280.0,21290.0,21225.0,2093.0,222547725.0,61926
2023-05-09 21:02:29,zn2307,zn2307,21260.0,18.0,1913400.0,-15.0,11,21255.0,21260.0,20,21320.0,21280.0,21290.0,21225.0,2111.0,224461125.0,61911
2023-05-09 21:02:29,zn2307,zn2307,21260.0,22.0,2338600.0,0.0,7,21260.0,21265.0,27,21320.0,21280.0,21290.0,21225.0,2133.0,226799725.0,61911
2023-05-09 21:02:30,zn2307,zn2307,21260.0,0.0,0.0,0.0,7,21260.0,21265.0,27,21320.0,21280.0,21290.0,21225.0,2133.0,226799725.0,61911
2023-05-09 21:02:30,zn2307,zn2307,21260.0,0.0,0.0,0.0,5,21260.0,21265.0,27,21320.0,21280.0,21290.0,21225.0,2133.0,226799725.0,61911
2023-05-09 21:02:31,zn2307,zn2307,21260.0,0.0,0.0,0.0,5,21260.0,21265.0,27,21320.0,21280.0,21290.0,21225.0,2133.0,226799725.0,61911
2023-05-09 21:02:31,zn2307,zn2307,21260.0,5.0,531500.0,4.0,24,21255.0,21265.0,28,21320.0,21280.0,21290.0,21225.0,2138.0,227331225.0,61915
2023-05-09 21:02:32,zn2307,zn2307,21260.0,0.0,0.0,0.0,13,21255.0,21260.0,15,21320.0,21280.0,21290.0,21225.0,2138.0,227331225.0,61915
2023-05-09 21:02:32,zn2307,zn2307,21260.0,0.0,0.0,0.0,13,21255.0,21260.0,15,21320.0,21280.0,21290.0,21225.0,2138.0,227331225.0,61915
2023-05-09 21:02:33,zn2307,zn2307,21260.0,0.0,0.0,0.0,13,21255.0,21260.0,15,21320.0,21280.0,21290.0,21225.0,2138.0,227331225.0,61915
2023-05-09 21:02:33,zn2307,zn2307,21260.0,0.0,0.0,0.0,13,21255.0,21260.0,16,21320.0,21280.0,21290.0,21225.0,2138.0,227331225.0,61915
2023-05-09 21:02:34,zn2307,zn2307,21260.0,2.0,212600.0,-2.0,14,21255.0,21260.0,14,21320.0,21280.0,21290.0,21225.0,2140.0,227543825.0,61913
2023-05-09 21:02:35,zn2307,zn2307,21260.0,0.0,0.0,0.0,14,21255.0,21260.0,15,21320.0,21280.0,21290.0,21225.0,2140.0,227543825.0,61913
2023-05-09 21:02:36,zn2307,zn2307,21260.0,0.0,0.0,0.0,18,21255.0,21260.0,15,21320.0,21280.0,21290.0,21225.0,2140.0,227543825.0,61913
2023-05-09 21:02:36,zn2307,zn2307,21255.0,2.0,212550.0,0.0,16,21255.0,21260.0,15,21320.0,21280.0,21290.0,21225.0,2142.0,227756375.0,61913
2023-05-09 21:02:37,zn2307,zn2307,21255.0,0.0,0.0,0.0,16,21255.0,21260.0,15,21320.0,21280.0,21290.0,21225.0,2142.0,227756375.0,61913
2023-05-09 21:02:37,zn2307,zn2307,21255.0,0.0,0.0,0.0,16,21255.0,21260.0,16,21320.0,21280.0,21290.0,21225.0,2142.0,227756375.0,61913
2023-05-09 21:02:38,zn2307,zn2307,21260.0,7.0,744100.0,-6.0,16,21255.0,21260.0,9,21320.0,21280.0,21290.0,21225.0,2149.0,228500475.0,61907
2023-05-09 21:02:39,zn2307,zn2307,21260.0,0.0,0.0,0.0,16,21255.0,21260.0,9,21320.0,21280.0,21290.0,21225.0,2149.0,228500475.0,61907
2023-05-09 21:02:39,zn2307,zn2307,21260.0,0.0,0.0,0.0,10,21255.0,21260.0,10,21320.0,21280.0,21290.0,21225.0,2149.0,228500475.0,61907
2023-05-09 21:02:40,zn2307,zn2307,21255.0,9.0,956475.0,-8.0,28,21250.0,21255.0,2,21320.0,21280.0,21290.0,21225.0,2158.0,229456950.0,61899
2023-05-09 21:02:40,zn2307,zn2307,21255.0,2.0,212550.0,1.0,31,21250.0,21260.0,11,21320.0,21280.0,21290.0,21225.0,2160.0,229669500.0,61900
2023-05-09 21:02:41,zn2307,zn2307,21255.0,1.0,106275.0,0.0,32,21250.0,21260.0,11,21320.0,21280.0,21290.0,21225.0,2161.0,229775775.0,61900
2023-05-09 21:02:41,zn2307,zn2307,21255.0,0.0,0.0,0.0,28,21250.0,21260.0,11,21320.0,21280.0,21290.0,21225.0,2161.0,229775775.0,61900
2023-05-09 21:02:42,zn2307,zn2307,21255.0,0.0,0.0,0.0,17,21250.0,21255.0,1,21320.0,21280.0,21290.0,21225.0,2161.0,229775775.0,61900
2023-05-09 21:02:42,zn2307,zn2307,21255.0,0.0,0.0,0.0,17,21250.0,21255.0,9,21320.0,21280.0,21290.0,21225.0,2161.0,229775775.0,61900
2023-05-09 21:02:43,zn2307,zn2307,21255.0,1.0,106275.0,0.0,17,21250.0,21255.0,8,21320.0,21280.0,21290.0,21225.0,2162.0,229882050.0,61900
2023-05-09 21:02:43,zn2307,zn2307,21255.0,0.0,0.0,0.0,17,21250.0,21255.0,9,21320.0,21280.0,21290.0,21225.0,2162.0,229882050.0,61900
2023-05-09 21:02:45,zn2307,zn2307,21255.0,0.0,0.0,0.0,17,21250.0,21255.0,10,21320.0,21280.0,21290.0,21225.0,2162.0,229882050.0,61900
2023-05-09 21:02:45,zn2307,zn2307,21250.0,2.0,212500.0,2.0,15,21250.0,21255.0,10,21320.0,21280.0,21290.0,21225.0,2164.0,230094550.0,61902
2023-05-09 21:02:46,zn2307,zn2307,21255.0,4.0,425100.0,-3.0,15,21250.0,21255.0,7,21320.0,21280.0,21290.0,21225.0,2168.0,230519650.0,61899
2023-05-09 21:02:46,zn2307,zn2307,21255.0,0.0,0.0,0.0,15,21250.0,21255.0,7,21320.0,21280.0,21290.0,21225.0,2168.0,230519650.0,61899
2023-05-09 21:02:47,zn2307,zn2307,21255.0,4.0,425100.0,-3.0,15,21250.0,21255.0,3,21320.0,21280.0,21290.0,21225.0,2172.0,230944750.0,61896
2023-05-09 21:02:48,zn2307,zn2307,21255.0,4.0,425100.0,2.0,78,21255.0,21260.0,15,21320.0,21280.0,21290.0,21225.0,2176.0,231369850.0,61898
2023-05-09 21:02:48,zn2307,zn2307,21255.0,6.0,637650.0,0.0,73,21255.0,21260.0,22,21320.0,21280.0,21290.0,21225.0,2182.0,232007500.0,61898
2023-05-09 21:02:49,zn2307,zn2307,21255.0,0.0,0.0,0.0,73,21255.0,21260.0,11,21320.0,21280.0,21290.0,21225.0,2182.0,232007500.0,61898
2023-05-09 21:02:49,zn2307,zn2307,21255.0,0.0,0.0,0.0,73,21255.0,21260.0,12,21320.0,21280.0,21290.0,21225.0,2182.0,232007500.0,61898
2023-05-09 21:02:50,zn2307,zn2307,21260.0,4.0,425200.0,-4.0,73,21255.0,21260.0,6,21320.0,21280.0,21290.0,21225.0,2186.0,232432700.0,61894
2023-05-09 21:02:50,zn2307,zn2307,21260.0,6.0,637800.0,5.0,11,21260.0,21265.0,39,21320.0,21280.0,21290.0,21225.0,2192.0,233070500.0,61899
2023-05-09 21:02:51,zn2307,zn2307,21260.0,0.0,0.0,0.0,17,21260.0,21265.0,35,21320.0,21280.0,21290.0,21225.0,2192.0,233070500.0,61899
2023-05-09 21:02:51,zn2307,zn2307,21260.0,10.0,1063000.0,-1.0,74,21255.0,21260.0,11,21320.0,21280.0,21290.0,21225.0,2202.0,234133500.0,61898
2023-05-09 21:02:52,zn2307,zn2307,21255.0,2.0,212550.0,2.0,71,21255.0,21260.0,42,21320.0,21280.0,21290.0,21225.0,2204.0,234346050.0,61900
2023-05-09 21:02:52,zn2307,zn2307,21260.0,8.0,850400.0,2.0,71,21255.0,21260.0,4,21320.0,21280.0,21290.0,21225.0,2212.0,235196450.0,61902
2023-05-09 21:02:53,zn2307,zn2307,21260.0,4.0,425200.0,-4.0,18,21260.0,21265.0,33,21320.0,21280.0,21290.0,21225.0,2216.0,235621650.0,61898
2023-05-09 21:02:53,zn2307,zn2307,21260.0,0.0,0.0,0.0,21,21260.0,21265.0,32,21320.0,21280.0,21290.0,21225.0,2216.0,235621650.0,61898
2023-05-09 21:02:54,zn2307,zn2307,21260.0,1.0,106300.0,0.0,19,21260.0,21265.0,32,21320.0,21280.0,21290.0,21225.0,2217.0,235727950.0,61898
2023-05-09 21:02:54,zn2307,zn2307,21260.0,0.0,0.0,0.0,18,21260.0,21265.0,32,21320.0,21280.0,21290.0,21225.0,2217.0,235727950.0,61898
2023-05-09 21:02:56,zn2307,zn2307,21265.0,15.0,1594875.0,8.0,18,21260.0,21265.0,11,21320.0,21280.0,21290.0,21225.0,2232.0,237322825.0,61906
2023-05-09 21:02:57,zn2307,zn2307,21265.0,11.0,1169575.0,4.0,5,21265.0,21270.0,24,21320.0,21280.0,21290.0,21225.0,2243.0,238492400.0,61910
2023-05-09 21:02:57,zn2307,zn2307,21265.0,0.0,0.0,0.0,15,21265.0,21270.0,23,21320.0,21280.0,21290.0,21225.0,2243.0,238492400.0,61910
2023-05-09 21:02:58,zn2307,zn2307,21265.0,0.0,0.0,0.0,8,21265.0,21270.0,25,21320.0,21280.0,21290.0,21225.0,2243.0,238492400.0,61910
2023-05-09 21:02:58,zn2307,zn2307,21265.0,0.0,0.0,0.0,8,21265.0,21270.0,23,21320.0,21280.0,21290.0,21225.0,2243.0,238492400.0,61910
2023-05-09 21:02:59,zn2307,zn2307,21265.0,1.0,106325.0,0.0,7,21265.0,21270.0,23,21320.0,21280.0,21290.0,21225.0,2244.0,238598725.0,61910
2023-05-09 21:02:59,zn2307,zn2307,21265.0,0.0,0.0,0.0,7,21265.0,21270.0,23,21320.0,21280.0,21290.0,21225.0,2244.0,238598725.0,61910
2023-05-09 21:03:00,zn2307,zn2307,21265.0,0.0,0.0,0.0,7,21265.0,21270.0,23,21320.0,21280.0,21290.0,21225.0,2244.0,238598725.0,61910
2023-05-09 21:03:00,zn2307,zn2307,21265.0,9.0,956925.0,5.0,24,21260.0,21265.0,3,21320.0,21280.0,21290.0,21225.0,2253.0,239555650.0,61915
2023-05-09 21:03:01,zn2307,zn2307,21265.0,3.0,318975.0,1.0,9,21265.0,21270.0,25,21320.0,21280.0,21290.0,21225.0,2256.0,239874625.0,61916
2023-05-09 21:03:01,zn2307,zn2307,21265.0,10.0,1063250.0,-3.0,23,21260.0,21265.0,4,21320.0,21280.0,21290.0,21225.0,2266.0,240937875.0,61913
2023-05-09 21:03:02,zn2307,zn2307,21265.0,5.0,531625.0,-5.0,17,21260.0,21265.0,7,21320.0,21280.0,21290.0,21225.0,2271.0,241469500.0,61908
2023-05-09 21:03:02,zn2307,zn2307,21260.0,9.0,956700.0,-6.0,1,21260.0,21265.0,8,21320.0,21280.0,21290.0,21225.0,2280.0,242426200.0,61902
2023-05-09 21:03:03,zn2307,zn2307,21260.0,2.0,212600.0,-1.0,76,21255.0,21260.0,1,21320.0,21280.0,21290.0,21225.0,2282.0,242638800.0,61901
2023-05-09 21:03:03,zn2307,zn2307,21260.0,0.0,0.0,0.0,73,21255.0,21260.0,11,21320.0,21280.0,21290.0,21225.0,2282.0,242638800.0,61901
2023-05-09 21:03:04,zn2307,zn2307,21260.0,0.0,0.0,0.0,73,21255.0,21260.0,9,21320.0,21280.0,21290.0,21225.0,2282.0,242638800.0,61901
2023-05-09 21:03:04,zn2307,zn2307,21260.0,9.0,956700.0,0.0,8,21260.0,21265.0,11,21320.0,21280.0,21290.0,21225.0,2291.0,243595500.0,61901
2023-05-09 21:03:05,zn2307,zn2307,21260.0,0.0,0.0,0.0,10,21260.0,21265.0,12,21320.0,21280.0,21290.0,21225.0,2291.0,243595500.0,61901
2023-05-09 21:03:05,zn2307,zn2307,21260.0,5.0,531500.0,0.0,3,21260.0,21265.0,12,21320.0,21280.0,21290.0,21225.0,2296.0,244127000.0,61901
2023-05-09 21:03:06,zn2307,zn2307,21260.0,0.0,0.0,0.0,9,21260.0,21265.0,11,21320.0,21280.0,21290.0,21225.0,2296.0,244127000.0,61901
2023-05-09 21:03:07,zn2307,zn2307,21265.0,11.0,1169575.0,3.0,16,21265.0,21270.0,28,21320.0,21280.0,21290.0,21225.0,2307.0,245296575.0,61904
2023-05-09 21:03:08,zn2307,zn2307,21270.0,25.0,2658750.0,7.0,15,21265.0,21275.0,23,21320.0,21280.0,21290.0,21225.0,2332.0,247955325.0,61911
2023-05-09 21:03:08,zn2307,zn2307,21270.0,0.0,0.0,0.0,9,21270.0,21275.0,23,21320.0,21280.0,21290.0,21225.0,2332.0,247955325.0,61911
2023-05-09 21:03:09,zn2307,zn2307,21270.0,7.0,744450.0,-7.0,15,21265.0,21270.0,7,21320.0,21280.0,21290.0,21225.0,2339.0,248699775.0,61904
2023-05-09 21:03:09,zn2307,zn2307,21270.0,5.0,531675.0,3.0,5,21265.0,21270.0,16,21320.0,21280.0,21290.0,21225.0,2344.0,249231450.0,61907
2023-05-09 21:03:10,zn2307,zn2307,21270.0,0.0,0.0,0.0,5,21265.0,21270.0,14,21320.0,21280.0,21290.0,21225.0,2344.0,249231450.0,61907
2023-05-09 21:03:10,zn2307,zn2307,21265.0,4.0,425300.0,2.0,10,21265.0,21270.0,14,21320.0,21280.0,21290.0,21225.0,2348.0,249656750.0,61909
2023-05-09 21:03:11,zn2307,zn2307,21265.0,0.0,0.0,0.0,10,21265.0,21270.0,16,21320.0,21280.0,21290.0,21225.0,2348.0,249656750.0,61909
2023-05-09 21:03:12,zn2307,zn2307,21265.0,14.0,1488550.0,-6.0,15,21260.0,21265.0,3,21320.0,21280.0,21290.0,21225.0,2362.0,251145300.0,61903
2023-05-09 21:03:12,zn2307,zn2307,21265.0,1.0,106325.0,0.0,10,21260.0,21265.0,5,21320.0,21280.0,21290.0,21225.0,2363.0,251251625.0,61903
2023-05-09 21:03:13,zn2307,zn2307,21265.0,0.0,0.0,0.0,10,21260.0,21265.0,3,21320.0,21280.0,21290.0,21225.0,2363.0,251251625.0,61903
2023-05-09 21:03:13,zn2307,zn2307,21265.0,0.0,0.0,0.0,10,21260.0,21265.0,5,21320.0,21280.0,21290.0,21225.0,2363.0,251251625.0,61903
2023-05-09 21:03:14,zn2307,zn2307,21265.0,0.0,0.0,0.0,12,21260.0,21265.0,5,21320.0,21280.0,21290.0,21225.0,2363.0,251251625.0,61903
2023-05-09 21:03:15,zn2307,zn2307,21265.0,1.0,106325.0,-1.0,12,21260.0,21265.0,4,21320.0,21280.0,21290.0,21225.0,2364.0,251357950.0,61902
2023-05-09 21:03:17,zn2307,zn2307,21265.0,0.0,0.0,0.0,16,21260.0,21265.0,4,21320.0,21280.0,21290.0,21225.0,2364.0,251357950.0,61902
2023-05-09 21:03:18,zn2307,zn2307,21265.0,4.0,425300.0,3.0,16,21260.0,21265.0,2,21320.0,21280.0,21290.0,21225.0,2368.0,251783250.0,61905
2023-05-09 21:03:18,zn2307,zn2307,21265.0,0.0,0.0,0.0,16,21260.0,21265.0,9,21320.0,21280.0,21290.0,21225.0,2368.0,251783250.0,61905
2023-05-09 21:03:19,zn2307,zn2307,21265.0,0.0,0.0,0.0,16,21260.0,21265.0,11,21320.0,21280.0,21290.0,21225.0,2368.0,251783250.0,61905
2023-05-09 21:03:19,zn2307,zn2307,21265.0,0.0,0.0,0.0,16,21260.0,21265.0,9,21320.0,21280.0,21290.0,21225.0,2368.0,251783250.0,61905
2023-05-09 21:03:21,zn2307,zn2307,21260.0,2.0,212600.0,2.0,15,21260.0,21265.0,9,21320.0,21280.0,21290.0,21225.0,2370.0,251995850.0,61907
2023-05-09 21:03:21,zn2307,zn2307,21260.0,0.0,0.0,0.0,14,21260.0,21265.0,11,21320.0,21280.0,21290.0,21225.0,2370.0,251995850.0,61907
2023-05-09 21:03:22,zn2307,zn2307,21265.0,13.0,1382225.0,-9.0,2,21265.0,21270.0,23,21320.0,21280.0,21290.0,21225.0,2383.0,253378075.0,61898
2023-05-09 21:03:22,zn2307,zn2307,21265.0,2.0,212650.0,0.0,14,21260.0,21265.0,8,21320.0,21280.0,21290.0,21225.0,2385.0,253590725.0,61898
2023-05-09 21:03:23,zn2307,zn2307,21265.0,1.0,106325.0,0.0,14,21260.0,21265.0,7,21320.0,21280.0,21290.0,21225.0,2386.0,253697050.0,61898
2023-05-09 21:03:24,zn2307,zn2307,21265.0,0.0,0.0,0.0,14,21260.0,21265.0,12,21320.0,21280.0,21290.0,21225.0,2386.0,253697050.0,61898
2023-05-09 21:03:25,zn2307,zn2307,21265.0,0.0,0.0,0.0,14,21260.0,21265.0,12,21320.0,21280.0,21290.0,21225.0,2386.0,253697050.0,61898
2023-05-09 21:03:25,zn2307,zn2307,21265.0,0.0,0.0,0.0,14,21260.0,21265.0,14,21320.0,21280.0,21290.0,21225.0,2386.0,253697050.0,61898
2023-05-09 21:03:26,zn2307,zn2307,21270.0,12.0,1275950.0,-7.0,6,21265.0,21270.0,20,21320.0,21280.0,21290.0,21225.0,2398.0,254973000.0,61891
2023-05-09 21:03:26,zn2307,zn2307,21265.0,4.0,425300.0,0.0,18,21260.0,21265.0,7,21320.0,21280.0,21290.0,21225.0,2402.0,255398300.0,61891
2023-05-09 21:03:27,zn2307,zn2307,21265.0,0.0,0.0,0.0,14,21260.0,21265.0,7,21320.0,21280.0,21290.0,21225.0,2402.0,255398300.0,61891
2023-05-09 21:03:27,zn2307,zn2307,21265.0,0.0,0.0,0.0,14,21260.0,21265.0,5,21320.0,21280.0,21290.0,21225.0,2402.0,255398300.0,61891
2023-05-09 21:03:28,zn2307,zn2307,21260.0,18.0,1913500.0,-8.0,79,21255.0,21265.0,11,21320.0,21280.0,21290.0,21225.0,2420.0,257311800.0,61883
2023-05-09 21:03:28,zn2307,zn2307,21260.0,0.0,0.0,0.0,1,21260.0,21265.0,35,21320.0,21280.0,21290.0,21225.0,2420.0,257311800.0,61883
2023-05-09 21:03:29,zn2307,zn2307,21260.0,2.0,212600.0,0.0,6,21260.0,21265.0,36,21320.0,21280.0,21290.0,21225.0,2422.0,257524400.0,61883
2023-05-09 21:03:29,zn2307,zn2307,21260.0,1.0,106300.0,0.0,76,21255.0,21265.0,38,21320.0,21280.0,21290.0,21225.0,2423.0,257630700.0,61883
2023-05-09 21:03:30,zn2307,zn2307,21260.0,0.0,0.0,0.0,1,21260.0,21265.0,37,21320.0,21280.0,21290.0,21225.0,2423.0,257630700.0,61883
2023-05-09 21:03:30,zn2307,zn2307,21260.0,1.0,106300.0,0.0,76,21255.0,21260.0,8,21320.0,21280.0,21290.0,21225.0,2424.0,257737000.0,61883
2023-05-09 21:03:31,zn2307,zn2307,21260.0,1.0,106300.0,0.0,77,21255.0,21260.0,7,21320.0,21280.0,21290.0,21225.0,2425.0,257843300.0,61883
2023-05-09 21:03:31,zn2307,zn2307,21260.0,0.0,0.0,0.0,77,21255.0,21260.0,7,21320.0,21280.0,21290.0,21225.0,2425.0,257843300.0,61883
2023-05-09 21:03:32,zn2307,zn2307,21260.0,0.0,0.0,0.0,78,21255.0,21265.0,30,21320.0,21280.0,21290.0,21225.0,2425.0,257843300.0,61883
2023-05-09 21:03:32,zn2307,zn2307,21260.0,0.0,0.0,0.0,78,21255.0,21265.0,37,21320.0,21280.0,21290.0,21225.0,2425.0,257843300.0,61883
2023-05-09 21:03:33,zn2307,zn2307,21260.0,0.0,0.0,0.0,78,21255.0,21260.0,7,21320.0,21280.0,21290.0,21225.0,2425.0,257843300.0,61883
2023-05-09 21:03:33,zn2307,zn2307,21260.0,2.0,212600.0,-2.0,78,21255.0,21260.0,5,21320.0,21280.0,21290.0,21225.0,2427.0,258055900.0,61881
2023-05-09 21:03:34,zn2307,zn2307,21260.0,0.0,0.0,0.0,78,21255.0,21260.0,5,21320.0,21280.0,21290.0,21225.0,2427.0,258055900.0,61881
2023-05-09 21:03:37,zn2307,zn2307,21260.0,0.0,0.0,0.0,78,21255.0,21265.0,29,21320.0,21280.0,21290.0,21225.0,2427.0,258055900.0,61881
2023-05-09 21:03:37,zn2307,zn2307,21260.0,0.0,0.0,0.0,1,21260.0,21265.0,38,21320.0,21280.0,21290.0,21225.0,2427.0,258055900.0,61881
2023-05-09 21:03:38,zn2307,zn2307,21260.0,3.0,318900.0,1.0,76,21255.0,21260.0,2,21320.0,21280.0,21290.0,21225.0,2430.0,258374800.0,61882
2023-05-09 21:03:38,zn2307,zn2307,21255.0,6.0,637750.0,2.0,76,21255.0,21260.0,5,21320.0,21280.0,21290.0,21225.0,2436.0,259012550.0,61884
2023-05-09 21:03:39,zn2307,zn2307,21250.0,90.0,9564300.0,80.0,2,21250.0,21255.0,15,21320.0,21280.0,21290.0,21225.0,2526.0,268576850.0,61964
2023-05-09 21:03:39,zn2307,zn2307,21250.0,5.0,531250.0,-3.0,23,21245.0,21250.0,3,21320.0,21280.0,21290.0,21225.0,2531.0,269108100.0,61961
2023-05-09 21:03:40,zn2307,zn2307,21250.0,11.0,1168750.0,2.0,25,21245.0,21250.0,2,21320.0,21280.0,21290.0,21225.0,2542.0,270276850.0,61963
2023-05-09 21:03:40,zn2307,zn2307,21250.0,12.0,1275000.0,1.0,4,21250.0,21255.0,29,21320.0,21280.0,21290.0,21225.0,2554.0,271551850.0,61964
2023-05-09 21:03:41,zn2307,zn2307,21250.0,7.0,743800.0,3.0,4,21250.0,21255.0,40,21320.0,21280.0,21290.0,21225.0,2561.0,272295650.0,61967
2023-05-09 21:03:41,zn2307,zn2307,21250.0,1.0,106250.0,0.0,17,21250.0,21255.0,18,21320.0,21280.0,21290.0,21225.0,2562.0,272401900.0,61967
2023-05-09 21:03:42,zn2307,zn2307,21250.0,1.0,106250.0,0.0,18,21250.0,21255.0,20,21320.0,21280.0,21290.0,21225.0,2563.0,272508150.0,61967
2023-05-09 21:03:43,zn2307,zn2307,21250.0,0.0,0.0,0.0,19,21250.0,21255.0,20,21320.0,21280.0,21290.0,21225.0,2563.0,272508150.0,61967
2023-05-09 21:03:43,zn2307,zn2307,21250.0,0.0,0.0,0.0,20,21250.0,21255.0,20,21320.0,21280.0,21290.0,21225.0,2563.0,272508150.0,61967
2023-05-09 21:03:44,zn2307,zn2307,21255.0,2.0,212550.0,-2.0,20,21250.0,21255.0,13,21320.0,21280.0,21290.0,21225.0,2565.0,272720700.0,61965
2023-05-09 21:03:45,zn2307,zn2307,21250.0,4.0,425000.0,4.0,16,21250.0,21255.0,20,21320.0,21280.0,21290.0,21225.0,2569.0,273145700.0,61969
2023-05-09 21:03:45,zn2307,zn2307,21255.0,3.0,318775.0,1.0,11,21250.0,21255.0,21,21320.0,21280.0,21290.0,21225.0,2572.0,273464475.0,61970
2023-05-09 21:03:46,zn2307,zn2307,21250.0,5.0,531250.0,4.0,6,21250.0,21255.0,23,21320.0,21280.0,21290.0,21225.0,2577.0,273995725.0,61974
2023-05-09 21:03:46,zn2307,zn2307,21250.0,6.0,637500.0,-2.0,1,21250.0,21255.0,24,21320.0,21280.0,21290.0,21225.0,2583.0,274633225.0,61972
2023-05-09 21:03:47,zn2307,zn2307,21250.0,45.0,4781375.0,27.0,5,21250.0,21255.0,5,21320.0,21280.0,21290.0,21225.0,2628.0,279414600.0,61999
2023-05-09 21:03:47,zn2307,zn2307,21255.0,5.0,531375.0,1.0,2,21255.0,21260.0,20,21320.0,21280.0,21290.0,21225.0,2633.0,279945975.0,62000
2023-05-09 21:03:48,zn2307,zn2307,21255.0,4.0,425100.0,1.0,11,21250.0,21255.0,7,21320.0,21280.0,21290.0,21225.0,2637.0,280371075.0,62001
2023-05-09 21:03:48,zn2307,zn2307,21255.0,17.0,1806675.0,-9.0,14,21250.0,21255.0,7,21320.0,21280.0,21290.0,21225.0,2654.0,282177750.0,61992
2023-05-09 21:03:49,zn2307,zn2307,21255.0,0.0,0.0,0.0,2,21250.0,21255.0,10,21320.0,21280.0,21290.0,21225.0,2654.0,282177750.0,61992
2023-05-09 21:03:49,zn2307,zn2307,21255.0,0.0,0.0,0.0,7,21250.0,21255.0,8,21320.0,21280.0,21290.0,21225.0,2654.0,282177750.0,61992
2023-05-09 21:03:50,zn2307,zn2307,21255.0,2.0,212550.0,-2.0,7,21250.0,21255.0,6,21320.0,21280.0,21290.0,21225.0,2656.0,282390300.0,61990
2023-05-09 21:03:51,zn2307,zn2307,21255.0,0.0,0.0,0.0,12,21250.0,21255.0,8,21320.0,21280.0,21290.0,21225.0,2656.0,282390300.0,61990
2023-05-09 21:03:51,zn2307,zn2307,21250.0,5.0,531250.0,-5.0,4,21250.0,21255.0,8,21320.0,21280.0,21290.0,21225.0,2661.0,282921550.0,61985
2023-05-09 21:03:52,zn2307,zn2307,21250.0,4.0,425000.0,1.0,24,21245.0,21250.0,25,21320.0,21280.0,21290.0,21225.0,2665.0,283346550.0,61986
2023-05-09 21:03:52,zn2307,zn2307,21245.0,2.0,212450.0,-2.0,16,21245.0,21250.0,22,21320.0,21280.0,21290.0,21225.0,2667.0,283559000.0,61984
2023-05-09 21:03:53,zn2307,zn2307,21245.0,12.0,1274700.0,-10.0,3,21245.0,21250.0,30,21320.0,21280.0,21290.0,21225.0,2679.0,284833700.0,61974
2023-05-09 21:03:53,zn2307,zn2307,21245.0,3.0,318675.0,1.0,14,21240.0,21245.0,7,21320.0,21280.0,21290.0,21225.0,2682.0,285152375.0,61975
2023-05-09 21:03:54,zn2307,zn2307,21245.0,3.0,318675.0,-2.0,15,21240.0,21245.0,10,21320.0,21280.0,21290.0,21225.0,2685.0,285471050.0,61973
2023-05-09 21:03:54,zn2307,zn2307,21240.0,2.0,212400.0,0.0,13,21240.0,21245.0,5,21320.0,21280.0,21290.0,21225.0,2687.0,285683450.0,61973
2023-05-09 21:03:55,zn2307,zn2307,21240.0,0.0,0.0,0.0,13,21240.0,21245.0,15,21320.0,21280.0,21290.0,21225.0,2687.0,285683450.0,61973
2023-05-09 21:03:56,zn2307,zn2307,21245.0,2.0,212450.0,-1.0,13,21240.0,21245.0,13,21320.0,21280.0,21290.0,21225.0,2689.0,285895900.0,61972
2023-05-09 21:03:57,zn2307,zn2307,21240.0,1.0,106200.0,0.0,12,21240.0,21245.0,6,21320.0,21280.0,21290.0,21225.0,2690.0,286002100.0,61972
2023-05-09 21:03:57,zn2307,zn2307,21240.0,1.0,106200.0,0.0,7,21240.0,21245.0,31,21320.0,21280.0,21290.0,21225.0,2691.0,286108300.0,61972
2023-05-09 21:03:58,zn2307,zn2307,21245.0,2.0,212450.0,0.0,9,21240.0,21245.0,3,21320.0,21280.0,21290.0,21225.0,2693.0,286320750.0,61972
2023-05-09 21:03:58,zn2307,zn2307,21240.0,2.0,212425.0,1.0,13,21240.0,21245.0,2,21320.0,21280.0,21290.0,21225.0,2695.0,286533175.0,61973
2023-05-09 21:03:59,zn2307,zn2307,21240.0,1.0,106200.0,0.0,12,21240.0,21245.0,20,21320.0,21280.0,21290.0,21225.0,2696.0,286639375.0,61973
2023-05-09 21:03:59,zn2307,zn2307,21240.0,1.0,106200.0,0.0,22,21235.0,21245.0,13,21320.0,21280.0,21290.0,21225.0,2697.0,286745575.0,61973
2023-05-09 21:04:00,zn2307,zn2307,21240.0,1.0,106200.0,0.0,24,21235.0,21240.0,1,21320.0,21280.0,21290.0,21225.0,2698.0,286851775.0,61973
2023-05-09 21:04:00,zn2307,zn2307,21245.0,4.0,424850.0,-2.0,7,21240.0,21245.0,10,21320.0,21280.0,21290.0,21225.0,2702.0,287276625.0,61971
2023-05-09 21:04:01,zn2307,zn2307,21240.0,2.0,212400.0,-2.0,6,21240.0,21245.0,11,21320.0,21280.0,21290.0,21225.0,2704.0,287489025.0,61969
2023-05-09 21:04:01,zn2307,zn2307,21240.0,9.0,955800.0,6.0,24,21235.0,21245.0,14,21320.0,21280.0,21290.0,21225.0,2713.0,288444825.0,61975
2023-05-09 21:04:02,zn2307,zn2307,21240.0,0.0,0.0,0.0,19,21235.0,21240.0,1,21320.0,21280.0,21290.0,21225.0,2713.0,288444825.0,61975
2023-05-09 21:04:02,zn2307,zn2307,21240.0,2.0,212400.0,0.0,22,21235.0,21240.0,1,21320.0,21280.0,21290.0,21225.0,2715.0,288657225.0,61975
2023-05-09 21:04:03,zn2307,zn2307,21240.0,2.0,212400.0,2.0,23,21235.0,21245.0,15,21320.0,21280.0,21290.0,21225.0,2717.0,288869625.0,61977
2023-05-09 21:04:03,zn2307,zn2307,21240.0,0.0,0.0,0.0,23,21235.0,21245.0,15,21320.0,21280.0,21290.0,21225.0,2717.0,288869625.0,61977
2023-05-09 21:04:04,zn2307,zn2307,21240.0,4.0,424825.0,-2.0,24,21235.0,21240.0,5,21320.0,21280.0,21290.0,21225.0,2721.0,289294450.0,61975
2023-05-09 21:04:04,zn2307,zn2307,21240.0,0.0,0.0,0.0,21,21235.0,21240.0,6,21320.0,21280.0,21290.0,21225.0,2721.0,289294450.0,61975
2023-05-09 21:04:05,zn2307,zn2307,21240.0,0.0,0.0,0.0,21,21235.0,21240.0,6,21320.0,21280.0,21290.0,21225.0,2721.0,289294450.0,61975
2023-05-09 21:04:06,zn2307,zn2307,21240.0,3.0,318600.0,-3.0,21,21235.0,21240.0,8,21320.0,21280.0,21290.0,21225.0,2724.0,289613050.0,61972
2023-05-09 21:04:06,zn2307,zn2307,21235.0,19.0,2017325.0,-7.0,21,21230.0,21235.0,74,21320.0,21280.0,21290.0,21225.0,2743.0,291630375.0,61965
2023-05-09 21:04:07,zn2307,zn2307,21230.0,10.0,1061500.0,-1.0,1,21230.0,21235.0,89,21320.0,21280.0,21290.0,21225.0,2753.0,292691875.0,61964
2023-05-09 21:04:07,zn2307,zn2307,21230.0,4.0,424600.0,3.0,11,21230.0,21235.0,82,21320.0,21280.0,21290.0,21225.0,2757.0,293116475.0,61967
2023-05-09 21:04:08,zn2307,zn2307,21235.0,60.0,6370500.0,-60.0,11,21230.0,21235.0,21,21320.0,21280.0,21290.0,21225.0,2817.0,299486975.0,61907
2023-05-09 21:04:08,zn2307,zn2307,21235.0,4.0,424650.0,-2.0,2,21230.0,21235.0,19,21320.0,21280.0,21290.0,21225.0,2821.0,299911625.0,61905
2023-05-09 21:04:09,zn2307,zn2307,21235.0,0.0,0.0,0.0,25,21230.0,21235.0,19,21320.0,21280.0,21290.0,21225.0,2821.0,299911625.0,61905
2023-05-09 21:04:09,zn2307,zn2307,21235.0,1.0,106175.0,-1.0,26,21230.0,21235.0,18,21320.0,21280.0,21290.0,21225.0,2822.0,300017800.0,61904
2023-05-09 21:04:10,zn2307,zn2307,21240.0,20.0,2123550.0,-13.0,27,21230.0,21240.0,16,21320.0,21280.0,21290.0,21225.0,2842.0,302141350.0,61891
2023-05-09 21:04:10,zn2307,zn2307,21240.0,2.0,212400.0,0.0,5,21235.0,21240.0,14,21320.0,21280.0,21290.0,21225.0,2844.0,302353750.0,61891
2023-05-09 21:04:11,zn2307,zn2307,21240.0,0.0,0.0,0.0,12,21235.0,21240.0,14,21320.0,21280.0,21290.0,21225.0,2844.0,302353750.0,61891
2023-05-09 21:04:11,zn2307,zn2307,21240.0,0.0,0.0,0.0,12,21235.0,21240.0,11,21320.0,21280.0,21290.0,21225.0,2844.0,302353750.0,61891
2023-05-09 21:04:13,zn2307,zn2307,21240.0,11.0,1168200.0,4.0,20,21235.0,21245.0,20,21320.0,21280.0,21290.0,21225.0,2855.0,303521950.0,61895
2023-05-09 21:04:13,zn2307,zn2307,21240.0,0.0,0.0,0.0,21,21235.0,21245.0,39,21320.0,21280.0,21290.0,21225.0,2855.0,303521950.0,61895
2023-05-09 21:04:14,zn2307,zn2307,21240.0,0.0,0.0,0.0,20,21235.0,21240.0,8,21320.0,21280.0,21290.0,21225.0,2855.0,303521950.0,61895
2023-05-09 21:04:14,zn2307,zn2307,21240.0,0.0,0.0,0.0,20,21235.0,21240.0,8,21320.0,21280.0,21290.0,21225.0,2855.0,303521950.0,61895
2023-05-09 21:04:15,zn2307,zn2307,21240.0,6.0,637200.0,6.0,7,21240.0,21245.0,33,21320.0,21280.0,21290.0,21225.0,2861.0,304159150.0,61901
2023-05-09 21:04:15,zn2307,zn2307,21245.0,2.0,212450.0,-2.0,12,21240.0,21245.0,21,21320.0,21280.0,21290.0,21225.0,2863.0,304371600.0,61899
2023-05-09 21:04:16,zn2307,zn2307,21245.0,0.0,0.0,0.0,14,21240.0,21245.0,21,21320.0,21280.0,21290.0,21225.0,2863.0,304371600.0,61899
2023-05-09 21:04:16,zn2307,zn2307,21245.0,0.0,0.0,0.0,14,21240.0,21245.0,21,21320.0,21280.0,21290.0,21225.0,2863.0,304371600.0,61899
2023-05-09 21:04:17,zn2307,zn2307,21250.0,14.0,1487200.0,-2.0,7,21245.0,21250.0,16,21320.0,21280.0,21290.0,21225.0,2877.0,305858800.0,61897
2023-05-09 21:04:17,zn2307,zn2307,21245.0,3.0,318725.0,-1.0,11,21245.0,21250.0,10,21320.0,21280.0,21290.0,21225.0,2880.0,306177525.0,61896
2023-05-09 21:04:18,zn2307,zn2307,21245.0,1.0,106225.0,0.0,10,21245.0,21250.0,8,21320.0,21280.0,21290.0,21225.0,2881.0,306283750.0,61896
2023-05-09 21:04:18,zn2307,zn2307,21245.0,0.0,0.0,0.0,10,21245.0,21250.0,9,21320.0,21280.0,21290.0,21225.0,2881.0,306283750.0,61896
2023-05-09 21:04:19,zn2307,zn2307,21245.0,7.0,743575.0,3.0,8,21240.0,21245.0,10,21320.0,21280.0,21290.0,21225.0,2888.0,307027325.0,61899
2023-05-09 21:04:19,zn2307,zn2307,21245.0,6.0,637250.0,-1.0,7,21240.0,21245.0,10,21320.0,21280.0,21290.0,21225.0,2894.0,307664575.0,61898
2023-05-09 21:04:20,zn2307,zn2307,21245.0,0.0,0.0,0.0,9,21240.0,21245.0,5,21320.0,21280.0,21290.0,21225.0,2894.0,307664575.0,61898
2023-05-09 21:04:20,zn2307,zn2307,21245.0,0.0,0.0,0.0,7,21240.0,21245.0,2,21320.0,21280.0,21290.0,21225.0,2894.0,307664575.0,61898
2023-05-09 21:04:21,zn2307,zn2307,21245.0,0.0,0.0,0.0,21,21240.0,21245.0,8,21320.0,21280.0,21290.0,21225.0,2894.0,307664575.0,61898
2023-05-09 21:04:21,zn2307,zn2307,21245.0,0.0,0.0,0.0,20,21240.0,21245.0,8,21320.0,21280.0,21290.0,21225.0,2894.0,307664575.0,61898
2023-05-09 21:04:22,zn2307,zn2307,21245.0,0.0,0.0,0.0,20,21240.0,21245.0,11,21320.0,21280.0,21290.0,21225.0,2894.0,307664575.0,61898
2023-05-09 21:04:22,zn2307,zn2307,21245.0,0.0,0.0,0.0,15,21240.0,21245.0,11,21320.0,21280.0,21290.0,21225.0,2894.0,307664575.0,61898
2023-05-09 21:04:23,zn2307,zn2307,21245.0,0.0,0.0,0.0,12,21240.0,21245.0,11,21320.0,21280.0,21290.0,21225.0,2894.0,307664575.0,61898
2023-05-09 21:04:23,zn2307,zn2307,21245.0,2.0,212450.0,0.0,12,21240.0,21245.0,9,21320.0,21280.0,21290.0,21225.0,2896.0,307877025.0,61898
2023-05-09 21:04:24,zn2307,zn2307,21240.0,1.0,106200.0,0.0,11,21240.0,21245.0,9,21320.0,21280.0,21290.0,21225.0,2897.0,307983225.0,61898
2023-05-09 21:04:25,zn2307,zn2307,21240.0,0.0,0.0,0.0,13,21240.0,21245.0,9,21320.0,21280.0,21290.0,21225.0,2897.0,307983225.0,61898
2023-05-09 21:04:26,zn2307,zn2307,21245.0,3.0,318650.0,-1.0,12,21240.0,21245.0,7,21320.0,21280.0,21290.0,21225.0,2900.0,308301875.0,61897
2023-05-09 21:04:27,zn2307,zn2307,21240.0,18.0,1911600.0,-5.0,20,21235.0,21240.0,132,21320.0,21280.0,21290.0,21225.0,2918.0,310213475.0,61892
2023-05-09 21:04:27,zn2307,zn2307,21230.0,79.0,8388875.0,15.0,33,21230.0,21235.0,7,21320.0,21280.0,21290.0,21225.0,2997.0,318602350.0,61907
2023-05-09 21:04:28,zn2307,zn2307,21235.0,13.0,1380275.0,5.0,6,21235.0,21240.0,102,21320.0,21280.0,21290.0,21225.0,3010.0,319982625.0,61912
2023-05-09 21:04:28,zn2307,zn2307,21235.0,0.0,0.0,0.0,10,21235.0,21240.0,100,21320.0,21280.0,21290.0,21225.0,3010.0,319982625.0,61912
2023-05-09 21:04:29,zn2307,zn2307,21235.0,0.0,0.0,0.0,20,21235.0,21240.0,100,21320.0,21280.0,21290.0,21225.0,3010.0,319982625.0,61912
2023-05-09 21:04:30,zn2307,zn2307,21235.0,0.0,0.0,0.0,20,21235.0,21240.0,100,21320.0,21280.0,21290.0,21225.0,3010.0,319982625.0,61912
2023-05-09 21:04:30,zn2307,zn2307,21240.0,67.0,7115400.0,-22.0,30,21235.0,21240.0,33,21320.0,21280.0,21290.0,21225.0,3077.0,327098025.0,61890
2023-05-09 21:04:31,zn2307,zn2307,21240.0,32.0,3398400.0,10.0,13,21240.0,21245.0,5,21320.0,21280.0,21290.0,21225.0,3109.0,330496425.0,61900
2023-05-09 21:04:31,zn2307,zn2307,21240.0,0.0,0.0,0.0,15,21240.0,21245.0,10,21320.0,21280.0,21290.0,21225.0,3109.0,330496425.0,61900
2023-05-09 21:04:32,zn2307,zn2307,21240.0,0.0,0.0,0.0,15,21240.0,21245.0,5,21320.0,21280.0,21290.0,21225.0,3109.0,330496425.0,61900
2023-05-09 21:04:33,zn2307,zn2307,21240.0,0.0,0.0,0.0,15,21240.0,21245.0,5,21320.0,21280.0,21290.0,21225.0,3109.0,330496425.0,61900
2023-05-09 21:04:33,zn2307,zn2307,21240.0,3.0,318600.0,0.0,12,21240.0,21245.0,4,21320.0,21280.0,21290.0,21225.0,3112.0,330815025.0,61900
2023-05-09 21:04:34,zn2307,zn2307,21240.0,0.0,0.0,0.0,12,21240.0,21245.0,5,21320.0,21280.0,21290.0,21225.0,3112.0,330815025.0,61900
2023-05-09 21:04:35,zn2307,zn2307,21240.0,5.0,531000.0,-2.0,7,21240.0,21245.0,5,21320.0,21280.0,21290.0,21225.0,3117.0,331346025.0,61898
2023-05-09 21:04:35,zn2307,zn2307,21240.0,0.0,0.0,0.0,7,21240.0,21245.0,5,21320.0,21280.0,21290.0,21225.0,3117.0,331346025.0,61898
2023-05-09 21:04:36,zn2307,zn2307,21240.0,0.0,0.0,0.0,12,21240.0,21245.0,10,21320.0,21280.0,21290.0,21225.0,3117.0,331346025.0,61898
2023-05-09 21:04:36,zn2307,zn2307,21240.0,0.0,0.0,0.0,17,21240.0,21245.0,10,21320.0,21280.0,21290.0,21225.0,3117.0,331346025.0,61898
2023-05-09 21:04:37,zn2307,zn2307,21240.0,0.0,0.0,0.0,15,21240.0,21245.0,10,21320.0,21280.0,21290.0,21225.0,3117.0,331346025.0,61898
2023-05-09 21:04:40,zn2307,zn2307,21240.0,0.0,0.0,0.0,10,21240.0,21245.0,10,21320.0,21280.0,21290.0,21225.0,3117.0,331346025.0,61898
2023-05-09 21:04:40,zn2307,zn2307,21240.0,7.0,743400.0,-7.0,27,21235.0,21240.0,18,21320.0,21280.0,21290.0,21225.0,3124.0,332089425.0,61891
2023-05-09 21:04:41,zn2307,zn2307,21235.0,2.0,212350.0,2.0,13,21235.0,21240.0,10,21320.0,21280.0,21290.0,21225.0,3126.0,332301775.0,61893
2023-05-09 21:04:41,zn2307,zn2307,21235.0,13.0,1380275.0,-4.0,27,21230.0,21240.0,10,21320.0,21280.0,21290.0,21225.0,3139.0,333682050.0,61889
2023-05-09 21:04:42,zn2307,zn2307,21235.0,0.0,0.0,0.0,27,21230.0,21235.0,8,21320.0,21280.0,21290.0,21225.0,3139.0,333682050.0,61889
2023-05-09 21:04:42,zn2307,zn2307,21230.0,2.0,212300.0,1.0,23,21230.0,21235.0,8,21320.0,21280.0,21290.0,21225.0,3141.0,333894350.0,61890
2023-05-09 21:04:43,zn2307,zn2307,21230.0,0.0,0.0,0.0,23,21230.0,21235.0,9,21320.0,21280.0,21290.0,21225.0,3141.0,333894350.0,61890
2023-05-09 21:04:44,zn2307,zn2307,21230.0,0.0,0.0,0.0,23,21230.0,21235.0,9,21320.0,21280.0,21290.0,21225.0,3141.0,333894350.0,61890
2023-05-09 21:04:45,zn2307,zn2307,21235.0,9.0,955575.0,8.0,93,21235.0,21240.0,17,21320.0,21280.0,21290.0,21225.0,3150.0,334849925.0,61898
2023-05-09 21:04:45,zn2307,zn2307,21235.0,1.0,106175.0,1.0,94,21235.0,21240.0,5,21320.0,21280.0,21290.0,21225.0,3151.0,334956100.0,61899
2023-05-09 21:04:46,zn2307,zn2307,21235.0,0.0,0.0,0.0,93,21235.0,21240.0,5,21320.0,21280.0,21290.0,21225.0,3151.0,334956100.0,61899
2023-05-09 21:04:46,zn2307,zn2307,21235.0,0.0,0.0,0.0,93,21235.0,21240.0,12,21320.0,21280.0,21290.0,21225.0,3151.0,334956100.0,61899
2023-05-09 21:04:47,zn2307,zn2307,21235.0,3.0,318525.0,0.0,90,21235.0,21240.0,42,21320.0,21280.0,21290.0,21225.0,3154.0,335274625.0,61899
2023-05-09 21:04:47,zn2307,zn2307,21230.0,91.0,9661900.0,50.0,22,21230.0,21235.0,4,21320.0,21280.0,21290.0,21225.0,3245.0,344936525.0,61949
2023-05-09 21:04:48,zn2307,zn2307,21230.0,4.0,424600.0,2.0,18,21230.0,21235.0,14,21320.0,21280.0,21290.0,21225.0,3249.0,345361125.0,61951
2023-05-09 21:04:48,zn2307,zn2307,21230.0,0.0,0.0,0.0,18,21230.0,21235.0,15,21320.0,21280.0,21290.0,21225.0,3249.0,345361125.0,61951
2023-05-09 21:04:49,zn2307,zn2307,21230.0,0.0,0.0,0.0,19,21230.0,21235.0,15,21320.0,21280.0,21290.0,21225.0,3249.0,345361125.0,61951
2023-05-09 21:04:49,zn2307,zn2307,21230.0,0.0,0.0,0.0,18,21230.0,21235.0,15,21320.0,21280.0,21290.0,21225.0,3249.0,345361125.0,61951
2023-05-09 21:04:50,zn2307,zn2307,21230.0,0.0,0.0,0.0,18,21230.0,21235.0,15,21320.0,21280.0,21290.0,21225.0,3249.0,345361125.0,61951
2023-05-09 21:04:50,zn2307,zn2307,21230.0,0.0,0.0,0.0,19,21230.0,21235.0,15,21320.0,21280.0,21290.0,21225.0,3249.0,345361125.0,61951
2023-05-09 21:04:51,zn2307,zn2307,21230.0,0.0,0.0,0.0,25,21230.0,21235.0,15,21320.0,21280.0,21290.0,21225.0,3249.0,345361125.0,61951
2023-05-09 21:04:51,zn2307,zn2307,21230.0,0.0,0.0,0.0,18,21230.0,21235.0,15,21320.0,21280.0,21290.0,21225.0,3249.0,345361125.0,61951
2023-05-09 21:04:52,zn2307,zn2307,21235.0,2.0,212350.0,0.0,18,21230.0,21235.0,13,21320.0,21280.0,21290.0,21225.0,3251.0,345573475.0,61951
2023-05-09 21:04:53,zn2307,zn2307,21235.0,3.0,318525.0,1.0,18,21230.0,21235.0,10,21320.0,21280.0,21290.0,21225.0,3254.0,345892000.0,61952
2023-05-09 21:04:55,zn2307,zn2307,21235.0,0.0,0.0,0.0,18,21230.0,21235.0,10,21320.0,21280.0,21290.0,21225.0,3254.0,345892000.0,61952
2023-05-09 21:04:55,zn2307,zn2307,21230.0,13.0,1380200.0,-5.0,15,21230.0,21235.0,7,21320.0,21280.0,21290.0,21225.0,3267.0,347272200.0,61947
2023-05-09 21:04:56,zn2307,zn2307,21235.0,3.0,318525.0,2.0,16,21230.0,21235.0,4,21320.0,21280.0,21290.0,21225.0,3270.0,347590725.0,61949
2023-05-09 21:04:56,zn2307,zn2307,21235.0,4.0,424700.0,0.0,16,21230.0,21240.0,29,21320.0,21280.0,21290.0,21225.0,3274.0,348015425.0,61949
2023-05-09 21:04:57,zn2307,zn2307,21235.0,0.0,0.0,0.0,16,21230.0,21235.0,7,21320.0,21280.0,21290.0,21225.0,3274.0,348015425.0,61949
2023-05-09 21:04:57,zn2307,zn2307,21235.0,0.0,0.0,0.0,16,21230.0,21235.0,7,21320.0,21280.0,21290.0,21225.0,3274.0,348015425.0,61949
2023-05-09 21:04:59,zn2307,zn2307,21235.0,0.0,0.0,0.0,16,21230.0,21235.0,8,21320.0,21280.0,21290.0,21225.0,3274.0,348015425.0,61949
2023-05-09 21:05:00,zn2307,zn2307,21235.0,2.0,212350.0,0.0,16,21230.0,21235.0,1,21320.0,21280.0,21290.0,21225.0,3276.0,348227775.0,61949
2023-05-09 21:05:00,zn2307,zn2307,21235.0,1.0,106175.0,0.0,16,21230.0,21240.0,20,21320.0,21280.0,21290.0,21225.0,3277.0,348333950.0,61949
2023-05-09 21:05:01,zn2307,zn2307,21235.0,1.0,106175.0,0.0,16,21230.0,21240.0,20,21320.0,21280.0,21290.0,21225.0,3278.0,348440125.0,61949
2023-05-09 21:05:01,zn2307,zn2307,21235.0,0.0,0.0,0.0,7,21235.0,21240.0,20,21320.0,21280.0,21290.0,21225.0,3278.0,348440125.0,61949
2023-05-09 21:05:02,zn2307,zn2307,21235.0,19.0,2017775.0,-9.0,17,21235.0,21240.0,7,21320.0,21280.0,21290.0,21225.0,3297.0,350457900.0,61940
2023-05-09 21:05:02,zn2307,zn2307,21235.0,10.0,1061750.0,-9.0,5,21235.0,21240.0,13,21320.0,21280.0,21290.0,21225.0,3307.0,351519650.0,61931
2023-05-09 21:05:03,zn2307,zn2307,21235.0,7.0,743225.0,3.0,10,21230.0,21235.0,11,21320.0,21280.0,21290.0,21225.0,3314.0,352262875.0,61934
2023-05-09 21:05:03,zn2307,zn2307,21230.0,10.0,1061500.0,2.0,6,21230.0,21235.0,18,21320.0,21280.0,21290.0,21225.0,3324.0,353324375.0,61936
2023-05-09 21:05:04,zn2307,zn2307,21230.0,3.0,318450.0,-2.0,3,21230.0,21235.0,17,21320.0,21280.0,21290.0,21225.0,3327.0,353642825.0,61934
2023-05-09 21:05:04,zn2307,zn2307,21230.0,0.0,0.0,0.0,3,21230.0,21235.0,17,21320.0,21280.0,21290.0,21225.0,3327.0,353642825.0,61934
2023-05-09 21:05:05,zn2307,zn2307,21235.0,11.0,1167925.0,-5.0,27,21235.0,21240.0,25,21320.0,21280.0,21290.0,21225.0,3338.0,354810750.0,61929
2023-05-09 21:05:06,zn2307,zn2307,21235.0,1.0,106175.0,0.0,27,21235.0,21240.0,15,21320.0,21280.0,21290.0,21225.0,3339.0,354916925.0,61929
2023-05-09 21:05:06,zn2307,zn2307,21235.0,0.0,0.0,0.0,27,21235.0,21240.0,15,21320.0,21280.0,21290.0,21225.0,3339.0,354916925.0,61929
2023-05-09 21:05:07,zn2307,zn2307,21235.0,27.0,2866725.0,16.0,9,21230.0,21235.0,7,21320.0,21280.0,21290.0,21225.0,3366.0,357783650.0,61945
2023-05-09 21:05:07,zn2307,zn2307,21230.0,1.0,106150.0,0.0,4,21230.0,21235.0,7,21320.0,21280.0,21290.0,21225.0,3367.0,357889800.0,61945
2023-05-09 21:05:08,zn2307,zn2307,21230.0,0.0,0.0,0.0,4,21230.0,21235.0,12,21320.0,21280.0,21290.0,21225.0,3367.0,357889800.0,61945
2023-05-09 21:05:08,zn2307,zn2307,21230.0,0.0,0.0,0.0,2,21230.0,21235.0,12,21320.0,21280.0,21290.0,21225.0,3367.0,357889800.0,61945
2023-05-09 21:05:09,zn2307,zn2307,21230.0,0.0,0.0,0.0,9,21230.0,21235.0,12,21320.0,21280.0,21290.0,21225.0,3367.0,357889800.0,61945
2023-05-09 21:05:10,zn2307,zn2307,21230.0,0.0,0.0,0.0,1,21235.0,21240.0,27,21320.0,21280.0,21290.0,21225.0,3367.0,357889800.0,61945
2023-05-09 21:05:10,zn2307,zn2307,21230.0,0.0,0.0,0.0,3,21235.0,21240.0,21,21320.0,21280.0,21290.0,21225.0,3367.0,357889800.0,61945
2023-05-09 21:05:11,zn2307,zn2307,21230.0,0.0,0.0,0.0,16,21235.0,21240.0,21,21320.0,21280.0,21290.0,21225.0,3367.0,357889800.0,61945
2023-05-09 21:05:11,zn2307,zn2307,21230.0,0.0,0.0,0.0,16,21235.0,21240.0,20,21320.0,21280.0,21290.0,21225.0,3367.0,357889800.0,61945
2023-05-09 21:05:12,zn2307,zn2307,21240.0,19.0,2017800.0,-9.0,7,21240.0,21245.0,16,21320.0,21280.0,21290.0,21225.0,3386.0,359907600.0,61936
2023-05-09 21:05:12,zn2307,zn2307,21240.0,0.0,0.0,0.0,15,21240.0,21245.0,17,21320.0,21280.0,21290.0,21225.0,3386.0,359907600.0,61936
2023-05-09 21:05:13,zn2307,zn2307,21240.0,0.0,0.0,0.0,13,21240.0,21245.0,17,21320.0,21280.0,21290.0,21225.0,3386.0,359907600.0,61936
2023-05-09 21:05:13,zn2307,zn2307,21240.0,0.0,0.0,0.0,13,21240.0,21245.0,15,21320.0,21280.0,21290.0,21225.0,3386.0,359907600.0,61936
2023-05-09 21:05:14,zn2307,zn2307,21240.0,0.0,0.0,0.0,13,21240.0,21245.0,12,21320.0,21280.0,21290.0,21225.0,3386.0,359907600.0,61936
2023-05-09 21:05:14,zn2307,zn2307,21245.0,10.0,1062250.0,-7.0,4,21245.0,21250.0,9,21320.0,21280.0,21290.0,21225.0,3396.0,360969850.0,61929
2023-05-09 21:05:15,zn2307,zn2307,21245.0,1.0,106225.0,0.0,9,21245.0,21250.0,9,21320.0,21280.0,21290.0,21225.0,3397.0,361076075.0,61929
2023-05-09 21:05:15,zn2307,zn2307,21245.0,0.0,0.0,0.0,10,21245.0,21250.0,9,21320.0,21280.0,21290.0,21225.0,3397.0,361076075.0,61929
2023-05-09 21:05:16,zn2307,zn2307,21245.0,0.0,0.0,0.0,10,21245.0,21250.0,9,21320.0,21280.0,21290.0,21225.0,3397.0,361076075.0,61929
2023-05-09 21:05:16,zn2307,zn2307,21245.0,0.0,0.0,0.0,10,21245.0,21250.0,8,21320.0,21280.0,21290.0,21225.0,3397.0,361076075.0,61929
2023-05-09 21:05:17,zn2307,zn2307,21250.0,8.0,850000.0,-5.0,5,21250.0,21255.0,18,21320.0,21280.0,21290.0,21225.0,3405.0,361926075.0,61924
2023-05-09 21:05:17,zn2307,zn2307,21250.0,0.0,0.0,0.0,16,21250.0,21255.0,20,21320.0,21280.0,21290.0,21225.0,3405.0,361926075.0,61924
2023-05-09 21:05:18,zn2307,zn2307,21250.0,0.0,0.0,0.0,17,21250.0,21255.0,20,21320.0,21280.0,21290.0,21225.0,3405.0,361926075.0,61924
2023-05-09 21:05:18,zn2307,zn2307,21250.0,0.0,0.0,0.0,17,21250.0,21255.0,19,21320.0,21280.0,21290.0,21225.0,3405.0,361926075.0,61924
2023-05-09 21:05:19,zn2307,zn2307,21250.0,0.0,0.0,0.0,18,21250.0,21255.0,17,21320.0,21280.0,21290.0,21225.0,3405.0,361926075.0,61924
2023-05-09 21:05:19,zn2307,zn2307,21250.0,0.0,0.0,0.0,18,21250.0,21255.0,17,21320.0,21280.0,21290.0,21225.0,3405.0,361926075.0,61924
2023-05-09 21:05:20,zn2307,zn2307,21250.0,0.0,0.0,0.0,18,21250.0,21255.0,17,21320.0,21280.0,21290.0,21225.0,3405.0,361926075.0,61924
2023-05-09 21:05:21,zn2307,zn2307,21250.0,0.0,0.0,0.0,13,21250.0,21255.0,17,21320.0,21280.0,21290.0,21225.0,3405.0,361926075.0,61924
2023-05-09 21:05:21,zn2307,zn2307,21250.0,0.0,0.0,0.0,13,21250.0,21255.0,17,21320.0,21280.0,21290.0,21225.0,3405.0,361926075.0,61924
2023-05-09 21:05:22,zn2307,zn2307,21250.0,1.0,106250.0,0.0,12,21250.0,21255.0,17,21320.0,21280.0,21290.0,21225.0,3406.0,362032325.0,61924
2023-05-09 21:05:23,zn2307,zn2307,21250.0,0.0,0.0,0.0,5,21250.0,21255.0,17,21320.0,21280.0,21290.0,21225.0,3406.0,362032325.0,61924
2023-05-09 21:05:23,zn2307,zn2307,21250.0,0.0,0.0,0.0,6,21250.0,21255.0,18,21320.0,21280.0,21290.0,21225.0,3406.0,362032325.0,61924
2023-05-09 21:05:24,zn2307,zn2307,21250.0,0.0,0.0,0.0,5,21250.0,21255.0,18,21320.0,21280.0,21290.0,21225.0,3406.0,362032325.0,61924
2023-05-09 21:05:24,zn2307,zn2307,21250.0,0.0,0.0,0.0,12,21250.0,21255.0,19,21320.0,21280.0,21290.0,21225.0,3406.0,362032325.0,61924
2023-05-09 21:05:25,zn2307,zn2307,21250.0,0.0,0.0,0.0,12,21250.0,21255.0,19,21320.0,21280.0,21290.0,21225.0,3406.0,362032325.0,61924
2023-05-09 21:05:26,zn2307,zn2307,21255.0,13.0,1381575.0,-8.0,4,21255.0,21260.0,19,21320.0,21280.0,21290.0,21225.0,3419.0,363413900.0,61916
2023-05-09 21:05:26,zn2307,zn2307,21255.0,1.0,106275.0,0.0,13,21250.0,21255.0,7,21320.0,21280.0,21290.0,21225.0,3420.0,363520175.0,61916
2023-05-09 21:05:27,zn2307,zn2307,21255.0,7.0,743925.0,-3.0,7,21255.0,21260.0,15,21320.0,21280.0,21290.0,21225.0,3427.0,364264100.0,61913
2023-05-09 21:05:27,zn2307,zn2307,21255.0,1.0,106275.0,-1.0,6,21255.0,21260.0,15,21320.0,21280.0,21290.0,21225.0,3428.0,364370375.0,61912
2023-05-09 21:05:28,zn2307,zn2307,21255.0,6.0,637650.0,-3.0,2,21255.0,21260.0,15,21320.0,21280.0,21290.0,21225.0,3434.0,365008025.0,61909
2023-05-09 21:05:28,zn2307,zn2307,21255.0,0.0,0.0,0.0,1,21255.0,21260.0,15,21320.0,21280.0,21290.0,21225.0,3434.0,365008025.0,61909
2023-05-09 21:05:29,zn2307,zn2307,21255.0,0.0,0.0,0.0,10,21255.0,21260.0,15,21320.0,21280.0,21290.0,21225.0,3434.0,365008025.0,61909
2023-05-09 21:05:30,zn2307,zn2307,21255.0,0.0,0.0,0.0,3,21255.0,21260.0,15,21320.0,21280.0,21290.0,21225.0,3434.0,365008025.0,61909
2023-05-09 21:05:31,zn2307,zn2307,21255.0,0.0,0.0,0.0,9,21255.0,21260.0,15,21320.0,21280.0,21290.0,21225.0,3434.0,365008025.0,61909
2023-05-09 21:05:31,zn2307,zn2307,21255.0,0.0,0.0,0.0,11,21255.0,21260.0,15,21320.0,21280.0,21290.0,21225.0,3434.0,365008025.0,61909
2023-05-09 21:05:32,zn2307,zn2307,21255.0,0.0,0.0,0.0,11,21255.0,21260.0,15,21320.0,21280.0,21290.0,21225.0,3434.0,365008025.0,61909
2023-05-09 21:05:32,zn2307,zn2307,21255.0,11.0,1169025.0,8.0,2,21255.0,21260.0,15,21320.0,21280.0,21290.0,21225.0,3445.0,366177050.0,61917
2023-05-09 21:05:33,zn2307,zn2307,21255.0,2.0,212550.0,0.0,17,21250.0,21255.0,13,21320.0,21280.0,21290.0,21225.0,3447.0,366389600.0,61917
2023-05-09 21:05:33,zn2307,zn2307,21250.0,2.0,212500.0,0.0,11,21250.0,21255.0,18,21320.0,21280.0,21290.0,21225.0,3449.0,366602100.0,61917
2023-05-09 21:05:34,zn2307,zn2307,21255.0,1.0,106275.0,-1.0,9,21250.0,21255.0,11,21320.0,21280.0,21290.0,21225.0,3450.0,366708375.0,61916
2023-05-09 21:05:34,zn2307,zn2307,21255.0,0.0,0.0,0.0,10,21250.0,21255.0,11,21320.0,21280.0,21290.0,21225.0,3450.0,366708375.0,61916
2023-05-09 21:05:35,zn2307,zn2307,21255.0,0.0,0.0,0.0,11,21250.0,21255.0,11,21320.0,21280.0,21290.0,21225.0,3450.0,366708375.0,61916
2023-05-09 21:05:35,zn2307,zn2307,21255.0,0.0,0.0,0.0,10,21250.0,21255.0,11,21320.0,21280.0,21290.0,21225.0,3450.0,366708375.0,61916
2023-05-09 21:05:36,zn2307,zn2307,21255.0,0.0,0.0,0.0,10,21250.0,21255.0,16,21320.0,21280.0,21290.0,21225.0,3450.0,366708375.0,61916
2023-05-09 21:05:38,zn2307,zn2307,21250.0,4.0,425000.0,0.0,16,21245.0,21250.0,1,21320.0,21280.0,21290.0,21225.0,3454.0,367133375.0,61916
2023-05-09 21:05:38,zn2307,zn2307,21245.0,1.0,106225.0,-1.0,12,21245.0,21250.0,12,21320.0,21280.0,21290.0,21225.0,3455.0,367239600.0,61915
2023-05-09 21:05:39,zn2307,zn2307,21250.0,17.0,1806250.0,-3.0,7,21250.0,21255.0,19,21320.0,21280.0,21290.0,21225.0,3472.0,369045850.0,61912
2023-05-09 21:05:39,zn2307,zn2307,21250.0,3.0,318750.0,-3.0,4,21250.0,21255.0,19,21320.0,21280.0,21290.0,21225.0,3475.0,369364600.0,61909
2023-05-09 21:05:40,zn2307,zn2307,21250.0,4.0,425000.0,-2.0,1,21250.0,21255.0,19,21320.0,21280.0,21290.0,21225.0,3479.0,369789600.0,61907
2023-05-09 21:05:40,zn2307,zn2307,21250.0,1.0,106250.0,0.0,1,21250.0,21255.0,20,21320.0,21280.0,21290.0,21225.0,3480.0,369895850.0,61907
2023-05-09 21:05:41,zn2307,zn2307,21250.0,0.0,0.0,0.0,8,21250.0,21255.0,20,21320.0,21280.0,21290.0,21225.0,3480.0,369895850.0,61907
2023-05-09 21:05:42,zn2307,zn2307,21255.0,2.0,212550.0,0.0,8,21250.0,21255.0,18,21320.0,21280.0,21290.0,21225.0,3482.0,370108400.0,61907
2023-05-09 21:05:42,zn2307,zn2307,21255.0,0.0,0.0,0.0,8,21250.0,21255.0,18,21320.0,21280.0,21290.0,21225.0,3482.0,370108400.0,61907
2023-05-09 21:05:43,zn2307,zn2307,21255.0,0.0,0.0,0.0,8,21250.0,21255.0,18,21320.0,21280.0,21290.0,21225.0,3482.0,370108400.0,61907
2023-05-09 21:05:43,zn2307,zn2307,21255.0,0.0,0.0,0.0,8,21250.0,21255.0,18,21320.0,21280.0,21290.0,21225.0,3482.0,370108400.0,61907
2023-05-09 21:05:44,zn2307,zn2307,21255.0,1.0,106275.0,0.0,7,21250.0,21255.0,17,21320.0,21280.0,21290.0,21225.0,3483.0,370214675.0,61907
2023-05-09 21:05:45,zn2307,zn2307,21255.0,0.0,0.0,0.0,7,21250.0,21255.0,17,21320.0,21280.0,21290.0,21225.0,3483.0,370214675.0,61907
2023-05-09 21:05:46,zn2307,zn2307,21255.0,0.0,0.0,0.0,7,21250.0,21255.0,17,21320.0,21280.0,21290.0,21225.0,3483.0,370214675.0,61907
2023-05-09 21:05:53,zn2307,zn2307,21255.0,0.0,0.0,0.0,7,21250.0,21255.0,18,21320.0,21280.0,21290.0,21225.0,3483.0,370214675.0,61907
2023-05-09 21:05:54,zn2307,zn2307,21250.0,7.0,743750.0,7.0,13,21245.0,21255.0,18,21320.0,21280.0,21290.0,21225.0,3490.0,370958425.0,61914
2023-05-09 21:05:55,zn2307,zn2307,21250.0,1.0,106250.0,1.0,7,21250.0,21255.0,19,21320.0,21280.0,21290.0,21225.0,3491.0,371064675.0,61915
2023-05-09 21:05:55,zn2307,zn2307,21250.0,0.0,0.0,0.0,7,21250.0,21255.0,19,21320.0,21280.0,21290.0,21225.0,3491.0,371064675.0,61915
2023-05-09 21:05:56,zn2307,zn2307,21255.0,16.0,1700400.0,-7.0,6,21255.0,21260.0,22,21320.0,21280.0,21290.0,21225.0,3507.0,372765075.0,61908
2023-05-09 21:05:57,zn2307,zn2307,21255.0,0.0,0.0,0.0,14,21255.0,21260.0,11,21320.0,21280.0,21290.0,21225.0,3507.0,372765075.0,61908
2023-05-09 21:05:57,zn2307,zn2307,21255.0,0.0,0.0,0.0,21,21255.0,21260.0,11,21320.0,21280.0,21290.0,21225.0,3507.0,372765075.0,61908
2023-05-09 21:05:58,zn2307,zn2307,21255.0,0.0,0.0,0.0,19,21255.0,21260.0,11,21320.0,21280.0,21290.0,21225.0,3507.0,372765075.0,61908
2023-05-09 21:05:58,zn2307,zn2307,21255.0,0.0,0.0,0.0,19,21255.0,21260.0,11,21320.0,21280.0,21290.0,21225.0,3507.0,372765075.0,61908
2023-05-09 21:05:59,zn2307,zn2307,21255.0,0.0,0.0,0.0,14,21255.0,21260.0,11,21320.0,21280.0,21290.0,21225.0,3507.0,372765075.0,61908
2023-05-09 21:05:59,zn2307,zn2307,21255.0,0.0,0.0,0.0,14,21255.0,21260.0,11,21320.0,21280.0,21290.0,21225.0,3507.0,372765075.0,61908
2023-05-09 21:06:00,zn2307,zn2307,21255.0,0.0,0.0,0.0,18,21255.0,21260.0,11,21320.0,21280.0,21290.0,21225.0,3507.0,372765075.0,61908
2023-05-09 21:06:01,zn2307,zn2307,21255.0,0.0,0.0,0.0,19,21255.0,21260.0,11,21320.0,21280.0,21290.0,21225.0,3507.0,372765075.0,61908
2023-05-09 21:06:01,zn2307,zn2307,21255.0,0.0,0.0,0.0,19,21255.0,21260.0,12,21320.0,21280.0,21290.0,21225.0,3507.0,372765075.0,61908
2023-05-09 21:06:02,zn2307,zn2307,21255.0,5.0,531375.0,0.0,14,21255.0,21260.0,12,21320.0,21280.0,21290.0,21225.0,3512.0,373296450.0,61908
2023-05-09 21:06:03,zn2307,zn2307,21255.0,0.0,0.0,0.0,15,21255.0,21260.0,12,21320.0,21280.0,21290.0,21225.0,3512.0,373296450.0,61908
2023-05-09 21:06:03,zn2307,zn2307,21260.0,2.0,212600.0,-2.0,15,21255.0,21260.0,10,21320.0,21280.0,21290.0,21225.0,3514.0,373509050.0,61906
2023-05-09 21:06:05,zn2307,zn2307,21260.0,2.0,212600.0,0.0,15,21255.0,21260.0,8,21320.0,21280.0,21290.0,21225.0,3516.0,373721650.0,61906
2023-05-09 21:06:05,zn2307,zn2307,21260.0,8.0,850400.0,2.0,15,21255.0,21265.0,35,21320.0,21280.0,21290.0,21225.0,3524.0,374572050.0,61908
2023-05-09 21:06:06,zn2307,zn2307,21260.0,0.0,0.0,0.0,15,21255.0,21260.0,7,21320.0,21280.0,21290.0,21225.0,3524.0,374572050.0,61908
2023-05-09 21:06:06,zn2307,zn2307,21260.0,0.0,0.0,0.0,15,21255.0,21260.0,7,21320.0,21280.0,21290.0,21225.0,3524.0,374572050.0,61908
2023-05-09 21:06:07,zn2307,zn2307,21255.0,15.0,1594125.0,13.0,19,21250.0,21255.0,7,21320.0,21280.0,21290.0,21225.0,3539.0,376166175.0,61921
2023-05-09 21:06:08,zn2307,zn2307,21255.0,0.0,0.0,0.0,11,21250.0,21255.0,23,21320.0,21280.0,21290.0,21225.0,3539.0,376166175.0,61921
2023-05-09 21:06:08,zn2307,zn2307,21255.0,0.0,0.0,0.0,10,21250.0,21255.0,19,21320.0,21280.0,21290.0,21225.0,3539.0,376166175.0,61921
2023-05-09 21:06:09,zn2307,zn2307,21255.0,0.0,0.0,0.0,9,21250.0,21255.0,19,21320.0,21280.0,21290.0,21225.0,3539.0,376166175.0,61921
2023-05-09 21:06:09,zn2307,zn2307,21255.0,0.0,0.0,0.0,9,21250.0,21255.0,20,21320.0,21280.0,21290.0,21225.0,3539.0,376166175.0,61921
2023-05-09 21:06:10,zn2307,zn2307,21250.0,8.0,850000.0,6.0,14,21245.0,21250.0,2,21320.0,21280.0,21290.0,21225.0,3547.0,377016175.0,61927
2023-05-09 21:06:11,zn2307,zn2307,21245.0,2.0,212450.0,0.0,10,21245.0,21250.0,3,21320.0,21280.0,21290.0,21225.0,3549.0,377228625.0,61927
2023-05-09 21:06:11,zn2307,zn2307,21250.0,2.0,212500.0,1.0,10,21245.0,21250.0,7,21320.0,21280.0,21290.0,21225.0,3551.0,377441125.0,61928
2023-05-09 21:06:12,zn2307,zn2307,21250.0,0.0,0.0,0.0,10,21245.0,21250.0,12,21320.0,21280.0,21290.0,21225.0,3551.0,377441125.0,61928
2023-05-09 21:06:12,zn2307,zn2307,21250.0,0.0,0.0,0.0,10,21245.0,21250.0,12,21320.0,21280.0,21290.0,21225.0,3551.0,377441125.0,61928
2023-05-09 21:06:13,zn2307,zn2307,21250.0,0.0,0.0,0.0,9,21245.0,21250.0,12,21320.0,21280.0,21290.0,21225.0,3551.0,377441125.0,61928
2023-05-09 21:06:14,zn2307,zn2307,21250.0,0.0,0.0,0.0,2,21245.0,21250.0,12,21320.0,21280.0,21290.0,21225.0,3551.0,377441125.0,61928
2023-05-09 21:06:14,zn2307,zn2307,21250.0,0.0,0.0,0.0,8,21245.0,21250.0,12,21320.0,21280.0,21290.0,21225.0,3551.0,377441125.0,61928
2023-05-09 21:06:15,zn2307,zn2307,21250.0,0.0,0.0,0.0,8,21245.0,21250.0,12,21320.0,21280.0,21290.0,21225.0,3551.0,377441125.0,61928
2023-05-09 21:06:16,zn2307,zn2307,21245.0,4.0,424900.0,-4.0,12,21240.0,21245.0,1,21320.0,21280.0,21290.0,21225.0,3555.0,377866025.0,61924
2023-05-09 21:06:16,zn2307,zn2307,21245.0,1.0,106225.0,-1.0,19,21240.0,21245.0,3,21320.0,21280.0,21290.0,21225.0,3556.0,377972250.0,61923
2023-05-09 21:06:17,zn2307,zn2307,21245.0,3.0,318675.0,-1.0,16,21240.0,21250.0,13,21320.0,21280.0,21290.0,21225.0,3559.0,378290925.0,61922
2023-05-09 21:06:17,zn2307,zn2307,21245.0,0.0,0.0,0.0,13,21240.0,21250.0,33,21320.0,21280.0,21290.0,21225.0,3559.0,378290925.0,61922
2023-05-09 21:06:18,zn2307,zn2307,21245.0,0.0,0.0,0.0,13,21240.0,21245.0,13,21320.0,21280.0,21290.0,21225.0,3559.0,378290925.0,61922
2023-05-09 21:06:18,zn2307,zn2307,21245.0,0.0,0.0,0.0,13,21240.0,21245.0,13,21320.0,21280.0,21290.0,21225.0,3559.0,378290925.0,61922
2023-05-09 21:06:19,zn2307,zn2307,21245.0,0.0,0.0,0.0,11,21240.0,21245.0,13,21320.0,21280.0,21290.0,21225.0,3559.0,378290925.0,61922
2023-05-09 21:06:19,zn2307,zn2307,21240.0,1.0,106200.0,0.0,10,21240.0,21245.0,13,21320.0,21280.0,21290.0,21225.0,3560.0,378397125.0,61922
2023-05-09 21:06:24,zn2307,zn2307,21240.0,0.0,0.0,0.0,10,21240.0,21245.0,13,21320.0,21280.0,21290.0,21225.0,3560.0,378397125.0,61922
2023-05-09 21:06:24,zn2307,zn2307,21240.0,0.0,0.0,0.0,10,21240.0,21245.0,13,21320.0,21280.0,21290.0,21225.0,3560.0,378397125.0,61922
2023-05-09 21:06:25,zn2307,zn2307,21240.0,0.0,0.0,0.0,10,21240.0,21245.0,7,21320.0,21280.0,21290.0,21225.0,3560.0,378397125.0,61922
2023-05-09 21:06:26,zn2307,zn2307,21240.0,0.0,0.0,0.0,13,21240.0,21250.0,21,21320.0,21280.0,21290.0,21225.0,3560.0,378397125.0,61922
2023-05-09 21:06:26,zn2307,zn2307,21240.0,0.0,0.0,0.0,12,21240.0,21245.0,1,21320.0,21280.0,21290.0,21225.0,3560.0,378397125.0,61922
2023-05-09 21:06:27,zn2307,zn2307,21245.0,1.0,106225.0,0.0,10,21240.0,21245.0,10,21320.0,21280.0,21290.0,21225.0,3561.0,378503350.0,61922
2023-05-09 21:06:27,zn2307,zn2307,21240.0,10.0,1062000.0,-8.0,21,21235.0,21240.0,7,21320.0,21280.0,21290.0,21225.0,3571.0,379565350.0,61914
2023-05-09 21:06:28,zn2307,zn2307,21245.0,10.0,1062250.0,-8.0,7,21240.0,21245.0,1,21320.0,21280.0,21290.0,21225.0,3581.0,380627600.0,61906
2023-05-09 21:06:28,zn2307,zn2307,21245.0,0.0,0.0,0.0,7,21240.0,21245.0,14,21320.0,21280.0,21290.0,21225.0,3581.0,380627600.0,61906
2023-05-09 21:06:29,zn2307,zn2307,21245.0,0.0,0.0,0.0,7,21240.0,21245.0,14,21320.0,21280.0,21290.0,21225.0,3581.0,380627600.0,61906
2023-05-09 21:06:30,zn2307,zn2307,21240.0,7.0,743400.0,0.0,27,21235.0,21245.0,14,21320.0,21280.0,21290.0,21225.0,3588.0,381371000.0,61906
2023-05-09 21:06:30,zn2307,zn2307,21240.0,0.0,0.0,0.0,24,21235.0,21240.0,11,21320.0,21280.0,21290.0,21225.0,3588.0,381371000.0,61906
2023-05-09 21:06:31,zn2307,zn2307,21240.0,0.0,0.0,0.0,20,21235.0,21240.0,7,21320.0,21280.0,21290.0,21225.0,3588.0,381371000.0,61906
2023-05-09 21:06:31,zn2307,zn2307,21240.0,0.0,0.0,0.0,22,21235.0,21240.0,7,21320.0,21280.0,21290.0,21225.0,3588.0,381371000.0,61906
2023-05-09 21:06:32,zn2307,zn2307,21240.0,0.0,0.0,0.0,20,21235.0,21240.0,7,21320.0,21280.0,21290.0,21225.0,3588.0,381371000.0,61906
2023-05-09 21:06:32,zn2307,zn2307,21240.0,4.0,424800.0,4.0,24,21235.0,21245.0,16,21320.0,21280.0,21290.0,21225.0,3592.0,381795800.0,61910
2023-05-09 21:06:33,zn2307,zn2307,21240.0,0.0,0.0,0.0,24,21235.0,21245.0,18,21320.0,21280.0,21290.0,21225.0,3592.0,381795800.0,61910
2023-05-09 21:06:33,zn2307,zn2307,21240.0,4.0,424800.0,-1.0,1,21240.0,21245.0,31,21320.0,21280.0,21290.0,21225.0,3596.0,382220600.0,61909
2023-05-09 21:06:34,zn2307,zn2307,21240.0,1.0,106200.0,-1.0,20,21235.0,21240.0,14,21320.0,21280.0,21290.0,21225.0,3597.0,382326800.0,61908
2023-05-09 21:06:34,zn2307,zn2307,21240.0,0.0,0.0,0.0,20,21235.0,21240.0,12,21320.0,21280.0,21290.0,21225.0,3597.0,382326800.0,61908
2023-05-09 21:06:35,zn2307,zn2307,21240.0,0.0,0.0,0.0,19,21235.0,21240.0,16,21320.0,21280.0,21290.0,21225.0,3597.0,382326800.0,61908
2023-05-09 21:06:36,zn2307,zn2307,21240.0,16.0,1699200.0,-4.0,7,21240.0,21245.0,23,21320.0,21280.0,21290.0,21225.0,3613.0,384026000.0,61904
2023-05-09 21:06:36,zn2307,zn2307,21240.0,0.0,0.0,0.0,1,21240.0,21245.0,17,21320.0,21280.0,21290.0,21225.0,3613.0,384026000.0,61904
2023-05-09 21:06:37,zn2307,zn2307,21240.0,1.0,106200.0,0.0,19,21235.0,21240.0,1,21320.0,21280.0,21290.0,21225.0,3614.0,384132200.0,61904
2023-05-09 21:06:37,zn2307,zn2307,21240.0,5.0,531000.0,0.0,23,21235.0,21240.0,3,21320.0,21280.0,21290.0,21225.0,3619.0,384663200.0,61904
2023-05-09 21:06:38,zn2307,zn2307,21240.0,1.0,106200.0,0.0,21,21235.0,21245.0,18,21320.0,21280.0,21290.0,21225.0,3620.0,384769400.0,61904
2023-05-09 21:06:38,zn2307,zn2307,21240.0,0.0,0.0,0.0,7,21240.0,21245.0,28,21320.0,21280.0,21290.0,21225.0,3620.0,384769400.0,61904
2023-05-09 21:06:39,zn2307,zn2307,21240.0,0.0,0.0,0.0,7,21240.0,21245.0,20,21320.0,21280.0,21290.0,21225.0,3620.0,384769400.0,61904
2023-05-09 21:06:39,zn2307,zn2307,21240.0,1.0,106200.0,0.0,6,21240.0,21245.0,12,21320.0,21280.0,21290.0,21225.0,3621.0,384875600.0,61904
2023-05-09 21:06:40,zn2307,zn2307,21240.0,0.0,0.0,0.0,6,21240.0,21245.0,12,21320.0,21280.0,21290.0,21225.0,3621.0,384875600.0,61904
2023-05-09 21:06:41,zn2307,zn2307,21240.0,0.0,0.0,0.0,6,21240.0,21245.0,12,21320.0,21280.0,21290.0,21225.0,3621.0,384875600.0,61904
2023-05-09 21:06:42,zn2307,zn2307,21245.0,10.0,1062250.0,-1.0,7,21240.0,21245.0,2,21320.0,21280.0,21290.0,21225.0,3631.0,385937850.0,61903
2023-05-09 21:06:43,zn2307,zn2307,21245.0,4.0,424900.0,-2.0,15,21240.0,21250.0,25,21320.0,21280.0,21290.0,21225.0,3635.0,386362750.0,61901
2023-05-09 21:06:43,zn2307,zn2307,21245.0,0.0,0.0,0.0,8,21245.0,21250.0,20,21320.0,21280.0,21290.0,21225.0,3635.0,386362750.0,61901
2023-05-09 21:06:44,zn2307,zn2307,21245.0,7.0,743575.0,2.0,16,21240.0,21250.0,22,21320.0,21280.0,21290.0,21225.0,3642.0,387106325.0,61903
2023-05-09 21:06:44,zn2307,zn2307,21245.0,0.0,0.0,0.0,14,21240.0,21245.0,1,21320.0,21280.0,21290.0,21225.0,3642.0,387106325.0,61903
2023-05-09 21:06:45,zn2307,zn2307,21245.0,0.0,0.0,0.0,14,21240.0,21245.0,1,21320.0,21280.0,21290.0,21225.0,3642.0,387106325.0,61903
2023-05-09 21:06:45,zn2307,zn2307,21245.0,0.0,0.0,0.0,14,21240.0,21245.0,8,21320.0,21280.0,21290.0,21225.0,3642.0,387106325.0,61903
2023-05-09 21:06:46,zn2307,zn2307,21245.0,0.0,0.0,0.0,14,21240.0,21245.0,13,21320.0,21280.0,21290.0,21225.0,3642.0,387106325.0,61903
2023-05-09 21:06:46,zn2307,zn2307,21245.0,2.0,212450.0,0.0,7,21240.0,21245.0,11,21320.0,21280.0,21290.0,21225.0,3644.0,387318775.0,61903
2023-05-09 21:06:47,zn2307,zn2307,21245.0,0.0,0.0,0.0,7,21240.0,21245.0,11,21320.0,21280.0,21290.0,21225.0,3644.0,387318775.0,61903
2023-05-09 21:06:47,zn2307,zn2307,21245.0,0.0,0.0,0.0,7,21240.0,21245.0,11,21320.0,21280.0,21290.0,21225.0,3644.0,387318775.0,61903
2023-05-09 21:06:48,zn2307,zn2307,21245.0,0.0,0.0,0.0,7,21240.0,21245.0,11,21320.0,21280.0,21290.0,21225.0,3644.0,387318775.0,61903
2023-05-09 21:06:48,zn2307,zn2307,21240.0,3.0,318600.0,-3.0,4,21240.0,21245.0,11,21320.0,21280.0,21290.0,21225.0,3647.0,387637375.0,61900
2023-05-09 21:06:49,zn2307,zn2307,21240.0,7.0,743400.0,-7.0,4,21240.0,21245.0,12,21320.0,21280.0,21290.0,21225.0,3654.0,388380775.0,61893
2023-05-09 21:06:49,zn2307,zn2307,21245.0,2.0,212450.0,0.0,4,21240.0,21245.0,10,21320.0,21280.0,21290.0,21225.0,3656.0,388593225.0,61893
2023-05-09 21:06:50,zn2307,zn2307,21245.0,0.0,0.0,0.0,4,21240.0,21245.0,7,21320.0,21280.0,21290.0,21225.0,3656.0,388593225.0,61893
2023-05-09 21:06:50,zn2307,zn2307,21245.0,0.0,0.0,0.0,4,21240.0,21245.0,12,21320.0,21280.0,21290.0,21225.0,3656.0,388593225.0,61893
2023-05-09 21:06:58,zn2307,zn2307,21245.0,1.0,106225.0,0.0,4,21240.0,21245.0,11,21320.0,21280.0,21290.0,21225.0,3657.0,388699450.0,61893
2023-05-09 21:06:59,zn2307,zn2307,21245.0,0.0,0.0,0.0,5,21240.0,21245.0,11,21320.0,21280.0,21290.0,21225.0,3657.0,388699450.0,61893
2023-05-09 21:06:59,zn2307,zn2307,21245.0,0.0,0.0,0.0,5,21240.0,21245.0,11,21320.0,21280.0,21290.0,21225.0,3657.0,388699450.0,61893
2023-05-09 21:07:00,zn2307,zn2307,21245.0,1.0,106225.0,1.0,1,21240.0,21245.0,10,21320.0,21280.0,21290.0,21225.0,3658.0,388805675.0,61894
2023-05-09 21:07:01,zn2307,zn2307,21240.0,5.0,531025.0,2.0,24,21235.0,21240.0,5,21320.0,21280.0,21290.0,21225.0,3663.0,389336700.0,61896
2023-05-09 21:07:01,zn2307,zn2307,21240.0,0.0,0.0,0.0,22,21235.0,21240.0,18,21320.0,21280.0,21290.0,21225.0,3663.0,389336700.0,61896
2023-05-09 21:07:02,zn2307,zn2307,21240.0,0.0,0.0,0.0,20,21235.0,21240.0,14,21320.0,21280.0,21290.0,21225.0,3663.0,389336700.0,61896
2023-05-09 21:07:04,zn2307,zn2307,21240.0,1.0,106200.0,0.0,20,21235.0,21240.0,13,21320.0,21280.0,21290.0,21225.0,3664.0,389442900.0,61896
2023-05-09 21:07:04,zn2307,zn2307,21240.0,3.0,318600.0,1.0,22,21235.0,21245.0,14,21320.0,21280.0,21290.0,21225.0,3667.0,389761500.0,61897
2023-05-09 21:07:05,zn2307,zn2307,21240.0,1.0,106200.0,0.0,25,21235.0,21245.0,12,21320.0,21280.0,21290.0,21225.0,3668.0,389867700.0,61897
2023-05-09 21:07:05,zn2307,zn2307,21240.0,0.0,0.0,0.0,2,21240.0,21245.0,12,21320.0,21280.0,21290.0,21225.0,3668.0,389867700.0,61897
2023-05-09 21:07:06,zn2307,zn2307,21240.0,0.0,0.0,0.0,3,21240.0,21245.0,10,21320.0,21280.0,21290.0,21225.0,3668.0,389867700.0,61897
2023-05-09 21:07:06,zn2307,zn2307,21240.0,3.0,318600.0,-3.0,22,21235.0,21245.0,24,21320.0,21280.0,21290.0,21225.0,3671.0,390186300.0,61894
2023-05-09 21:07:07,zn2307,zn2307,21240.0,0.0,0.0,0.0,1,21240.0,21245.0,12,21320.0,21280.0,21290.0,21225.0,3671.0,390186300.0,61894
2023-05-09 21:07:07,zn2307,zn2307,21240.0,0.0,0.0,0.0,4,21240.0,21245.0,9,21320.0,21280.0,21290.0,21225.0,3671.0,390186300.0,61894
2023-05-09 21:07:08,zn2307,zn2307,21240.0,2.0,212400.0,0.0,22,21235.0,21240.0,7,21320.0,21280.0,21290.0,21225.0,3673.0,390398700.0,61894
2023-05-09 21:07:08,zn2307,zn2307,21240.0,0.0,0.0,0.0,20,21235.0,21240.0,7,21320.0,21280.0,21290.0,21225.0,3673.0,390398700.0,61894
2023-05-09 21:07:10,zn2307,zn2307,21235.0,1.0,106175.0,0.0,20,21235.0,21240.0,7,21320.0,21280.0,21290.0,21225.0,3674.0,390504875.0,61894
2023-05-09 21:07:10,zn2307,zn2307,21235.0,0.0,0.0,0.0,20,21235.0,21240.0,8,21320.0,21280.0,21290.0,21225.0,3674.0,390504875.0,61894
2023-05-09 21:07:11,zn2307,zn2307,21235.0,0.0,0.0,0.0,13,21235.0,21240.0,8,21320.0,21280.0,21290.0,21225.0,3674.0,390504875.0,61894
2023-05-09 21:07:12,zn2307,zn2307,21235.0,13.0,1380275.0,-10.0,21,21230.0,21235.0,1,21320.0,21280.0,21290.0,21225.0,3687.0,391885150.0,61884
2023-05-09 21:07:12,zn2307,zn2307,21235.0,0.0,0.0,0.0,18,21230.0,21235.0,4,21320.0,21280.0,21290.0,21225.0,3687.0,391885150.0,61884
2023-05-09 21:07:13,zn2307,zn2307,21235.0,2.0,212350.0,-2.0,18,21230.0,21240.0,14,21320.0,21280.0,21290.0,21225.0,3689.0,392097500.0,61882
2023-05-09 21:07:13,zn2307,zn2307,21240.0,1.0,106200.0,1.0,14,21235.0,21240.0,31,21320.0,21280.0,21290.0,21225.0,3690.0,392203700.0,61883
2023-05-09 21:07:14,zn2307,zn2307,21240.0,0.0,0.0,0.0,20,21235.0,21240.0,16,21320.0,21280.0,21290.0,21225.0,3690.0,392203700.0,61883
2023-05-09 21:07:14,zn2307,zn2307,21240.0,0.0,0.0,0.0,20,21235.0,21240.0,16,21320.0,21280.0,21290.0,21225.0,3690.0,392203700.0,61883
2023-05-09 21:07:17,zn2307,zn2307,21240.0,0.0,0.0,0.0,20,21235.0,21240.0,17,21320.0,21280.0,21290.0,21225.0,3690.0,392203700.0,61883
2023-05-09 21:07:17,zn2307,zn2307,21235.0,3.0,318525.0,-3.0,17,21235.0,21240.0,17,21320.0,21280.0,21290.0,21225.0,3693.0,392522225.0,61880
2023-05-09 21:07:18,zn2307,zn2307,21235.0,3.0,318525.0,-3.0,14,21235.0,21240.0,17,21320.0,21280.0,21290.0,21225.0,3696.0,392840750.0,61877
2023-05-09 21:07:18,zn2307,zn2307,21240.0,5.0,530925.0,-3.0,11,21235.0,21240.0,15,21320.0,21280.0,21290.0,21225.0,3701.0,393371675.0,61874
2023-05-09 21:07:21,zn2307,zn2307,21240.0,0.0,0.0,0.0,18,21235.0,21240.0,15,21320.0,21280.0,21290.0,21225.0,3701.0,393371675.0,61874
2023-05-09 21:07:22,zn2307,zn2307,21240.0,2.0,212400.0,0.0,18,21235.0,21240.0,11,21320.0,21280.0,21290.0,21225.0,3703.0,393584075.0,61874
2023-05-09 21:07:22,zn2307,zn2307,21240.0,0.0,0.0,0.0,18,21235.0,21240.0,12,21320.0,21280.0,21290.0,21225.0,3703.0,393584075.0,61874
2023-05-09 21:07:23,zn2307,zn2307,21240.0,0.0,0.0,0.0,18,21235.0,21240.0,12,21320.0,21280.0,21290.0,21225.0,3703.0,393584075.0,61874
2023-05-09 21:07:25,zn2307,zn2307,21240.0,2.0,212400.0,0.0,19,21235.0,21240.0,10,21320.0,21280.0,21290.0,21225.0,3705.0,393796475.0,61874
2023-05-09 21:07:25,zn2307,zn2307,21240.0,0.0,0.0,0.0,19,21235.0,21240.0,11,21320.0,21280.0,21290.0,21225.0,3705.0,393796475.0,61874
2023-05-09 21:07:26,zn2307,zn2307,21240.0,0.0,0.0,0.0,19,21235.0,21240.0,11,21320.0,21280.0,21290.0,21225.0,3705.0,393796475.0,61874
2023-05-09 21:07:28,zn2307,zn2307,21240.0,0.0,0.0,0.0,19,21235.0,21240.0,11,21320.0,21280.0,21290.0,21225.0,3705.0,393796475.0,61874
2023-05-09 21:07:31,zn2307,zn2307,21240.0,0.0,0.0,0.0,19,21235.0,21240.0,18,21320.0,21280.0,21290.0,21225.0,3705.0,393796475.0,61874
2023-05-09 21:07:31,zn2307,zn2307,21240.0,0.0,0.0,0.0,18,21235.0,21240.0,18,21320.0,21280.0,21290.0,21225.0,3705.0,393796475.0,61874
