time,symbol_id,symbol_name,last,trade_volume,trade_amount,open_interest_change,bv1,bp1,ap1,av1,yesterday_close,today_open,today_high,today_low,volume,amount,open_interest
2023-05-09 20:59:00,zn2309,zn2309,20960.0,475.0,49780000.0,-475.0,1,20905.0,20965.0,1,20985.0,20960.0,20960.0,20960.0,475.0,49780000.0,3961
2023-05-09 21:00:00,zn2309,zn2309,20960.0,0.0,0.0,0.0,1,20905.0,20965.0,1,20985.0,20960.0,20960.0,20960.0,475.0,49780000.0,3961
2023-05-09 21:00:01,zn2309,zn2309,20960.0,0.0,0.0,0.0,2,20920.0,20965.0,1,20985.0,20960.0,20960.0,20960.0,475.0,49780000.0,3961
2023-05-09 21:00:01,zn2309,zn2309,20960.0,0.0,0.0,0.0,3,20930.0,20965.0,1,20985.0,20960.0,20960.0,20960.0,475.0,49780000.0,3961
2023-05-09 21:00:02,zn2309,zn2309,20960.0,0.0,0.0,0.0,2,20940.0,20965.0,1,20985.0,20960.0,20960.0,20960.0,475.0,49780000.0,3961
2023-05-09 21:00:02,zn2309,zn2309,20960.0,0.0,0.0,0.0,5,20940.0,20965.0,1,20985.0,20960.0,20960.0,20960.0,475.0,49780000.0,3961
2023-05-09 21:00:03,zn2309,zn2309,20960.0,0.0,0.0,0.0,1,20945.0,20965.0,1,20985.0,20960.0,20960.0,20960.0,475.0,49780000.0,3961
2023-05-09 21:00:03,zn2309,zn2309,20960.0,0.0,0.0,0.0,3,20945.0,20965.0,1,20985.0,20960.0,20960.0,20960.0,475.0,49780000.0,3961
2023-05-09 21:00:04,zn2309,zn2309,20960.0,0.0,0.0,0.0,1,20940.0,20965.0,1,20985.0,20960.0,20960.0,20960.0,475.0,49780000.0,3961
2023-05-09 21:00:04,zn2309,zn2309,20960.0,0.0,0.0,0.0,1,20945.0,20965.0,1,20985.0,20960.0,20960.0,20960.0,475.0,49780000.0,3961
2023-05-09 21:00:05,zn2309,zn2309,20965.0,1.0,104825.0,1.0,1,20950.0,20995.0,2,20985.0,20960.0,20965.0,20960.0,476.0,49884825.0,3962
2023-05-09 21:00:05,zn2309,zn2309,20965.0,0.0,0.0,0.0,1,20950.0,20990.0,11,20985.0,20960.0,20965.0,20960.0,476.0,49884825.0,3962
2023-05-09 21:00:06,zn2309,zn2309,20965.0,0.0,0.0,0.0,1,20950.0,20985.0,8,20985.0,20960.0,20965.0,20960.0,476.0,49884825.0,3962
2023-05-09 21:00:06,zn2309,zn2309,20965.0,0.0,0.0,0.0,4,20950.0,20980.0,5,20985.0,20960.0,20965.0,20960.0,476.0,49884825.0,3962
2023-05-09 21:00:07,zn2309,zn2309,20980.0,1.0,104900.0,0.0,1,20955.0,20990.0,1,20985.0,20960.0,20980.0,20960.0,477.0,49989725.0,3962
2023-05-09 21:00:07,zn2309,zn2309,20980.0,0.0,0.0,0.0,1,20955.0,20985.0,10,20985.0,20960.0,20980.0,20960.0,477.0,49989725.0,3962
2023-05-09 21:00:08,zn2309,zn2309,20980.0,0.0,0.0,0.0,1,20955.0,20985.0,25,20985.0,20960.0,20980.0,20960.0,477.0,49989725.0,3962
2023-05-09 21:00:08,zn2309,zn2309,20980.0,0.0,0.0,0.0,1,20950.0,20985.0,26,20985.0,20960.0,20980.0,20960.0,477.0,49989725.0,3962
2023-05-09 21:00:09,zn2309,zn2309,20980.0,0.0,0.0,0.0,1,20945.0,20980.0,3,20985.0,20960.0,20980.0,20960.0,477.0,49989725.0,3962
2023-05-09 21:00:09,zn2309,zn2309,20980.0,0.0,0.0,0.0,3,20945.0,20980.0,9,20985.0,20960.0,20980.0,20960.0,477.0,49989725.0,3962
2023-05-09 21:00:10,zn2309,zn2309,20980.0,0.0,0.0,0.0,1,20945.0,20980.0,9,20985.0,20960.0,20980.0,20960.0,477.0,49989725.0,3962
2023-05-09 21:00:10,zn2309,zn2309,20980.0,0.0,0.0,0.0,1,20950.0,20980.0,8,20985.0,20960.0,20980.0,20960.0,477.0,49989725.0,3962
2023-05-09 21:00:11,zn2309,zn2309,20980.0,0.0,0.0,0.0,3,20945.0,20980.0,8,20985.0,20960.0,20980.0,20960.0,477.0,49989725.0,3962
2023-05-09 21:00:11,zn2309,zn2309,20980.0,0.0,0.0,0.0,2,20940.0,20980.0,10,20985.0,20960.0,20980.0,20960.0,477.0,49989725.0,3962
2023-05-09 21:00:12,zn2309,zn2309,20980.0,0.0,0.0,0.0,3,20940.0,20975.0,5,20985.0,20960.0,20980.0,20960.0,477.0,49989725.0,3962
2023-05-09 21:00:12,zn2309,zn2309,20980.0,0.0,0.0,0.0,1,20935.0,20970.0,11,20985.0,20960.0,20980.0,20960.0,477.0,49989725.0,3962
2023-05-09 21:00:13,zn2309,zn2309,20980.0,0.0,0.0,0.0,1,20935.0,20965.0,2,20985.0,20960.0,20980.0,20960.0,477.0,49989725.0,3962
2023-05-09 21:00:13,zn2309,zn2309,20980.0,0.0,0.0,0.0,1,20935.0,20970.0,3,20985.0,20960.0,20980.0,20960.0,477.0,49989725.0,3962
2023-05-09 21:00:14,zn2309,zn2309,20980.0,0.0,0.0,0.0,5,20935.0,20970.0,8,20985.0,20960.0,20980.0,20960.0,477.0,49989725.0,3962
2023-05-09 21:00:14,zn2309,zn2309,20980.0,0.0,0.0,0.0,7,20935.0,20970.0,5,20985.0,20960.0,20980.0,20960.0,477.0,49989725.0,3962
2023-05-09 21:00:15,zn2309,zn2309,20980.0,0.0,0.0,0.0,9,20935.0,20970.0,5,20985.0,20960.0,20980.0,20960.0,477.0,49989725.0,3962
2023-05-09 21:00:15,zn2309,zn2309,20980.0,0.0,0.0,0.0,1,20940.0,20970.0,5,20985.0,20960.0,20980.0,20960.0,477.0,49989725.0,3962
2023-05-09 21:00:16,zn2309,zn2309,20980.0,0.0,0.0,0.0,1,20940.0,20995.0,2,20985.0,20960.0,20980.0,20960.0,477.0,49989725.0,3962
2023-05-09 21:00:16,zn2309,zn2309,20980.0,0.0,0.0,0.0,1,20940.0,20985.0,1,20985.0,20960.0,20980.0,20960.0,477.0,49989725.0,3962
2023-05-09 21:00:17,zn2309,zn2309,20980.0,0.0,0.0,0.0,1,20945.0,20980.0,11,20985.0,20960.0,20980.0,20960.0,477.0,49989725.0,3962
2023-05-09 21:00:17,zn2309,zn2309,20980.0,0.0,0.0,0.0,3,20945.0,20980.0,30,20985.0,20960.0,20980.0,20960.0,477.0,49989725.0,3962
2023-05-09 21:00:18,zn2309,zn2309,20980.0,0.0,0.0,0.0,3,20945.0,20980.0,31,20985.0,20960.0,20980.0,20960.0,477.0,49989725.0,3962
2023-05-09 21:00:18,zn2309,zn2309,20980.0,0.0,0.0,0.0,1,20945.0,20980.0,31,20985.0,20960.0,20980.0,20960.0,477.0,49989725.0,3962
2023-05-09 21:00:20,zn2309,zn2309,20980.0,0.0,0.0,0.0,2,20940.0,20980.0,31,20985.0,20960.0,20980.0,20960.0,477.0,49989725.0,3962
2023-05-09 21:00:21,zn2309,zn2309,20980.0,0.0,0.0,0.0,2,20940.0,20980.0,36,20985.0,20960.0,20980.0,20960.0,477.0,49989725.0,3962
2023-05-09 21:00:22,zn2309,zn2309,20980.0,0.0,0.0,0.0,4,20940.0,20980.0,31,20985.0,20960.0,20980.0,20960.0,477.0,49989725.0,3962
2023-05-09 21:00:22,zn2309,zn2309,20940.0,1.0,104700.0,-1.0,3,20940.0,20975.0,1,20985.0,20960.0,20980.0,20940.0,478.0,50094425.0,3961
2023-05-09 21:00:23,zn2309,zn2309,20940.0,0.0,0.0,0.0,3,20940.0,20970.0,7,20985.0,20960.0,20980.0,20940.0,478.0,50094425.0,3961
2023-05-09 21:00:23,zn2309,zn2309,20940.0,0.0,0.0,0.0,3,20940.0,20975.0,1,20985.0,20960.0,20980.0,20940.0,478.0,50094425.0,3961
2023-05-09 21:00:24,zn2309,zn2309,20940.0,0.0,0.0,0.0,3,20940.0,20975.0,6,20985.0,20960.0,20980.0,20940.0,478.0,50094425.0,3961
2023-05-09 21:00:25,zn2309,zn2309,20940.0,1.0,104700.0,0.0,2,20940.0,20975.0,6,20985.0,20960.0,20980.0,20940.0,479.0,50199125.0,3961
2023-05-09 21:00:25,zn2309,zn2309,20940.0,0.0,0.0,0.0,3,20945.0,20975.0,5,20985.0,20960.0,20980.0,20940.0,479.0,50199125.0,3961
2023-05-09 21:00:26,zn2309,zn2309,20940.0,1.0,104700.0,0.0,2,20945.0,20965.0,1,20985.0,20960.0,20980.0,20940.0,480.0,50303825.0,3961
2023-05-09 21:00:26,zn2309,zn2309,20940.0,0.0,0.0,0.0,2,20945.0,20980.0,1,20985.0,20960.0,20980.0,20940.0,480.0,50303825.0,3961
2023-05-09 21:00:27,zn2309,zn2309,20940.0,0.0,0.0,0.0,2,20945.0,20965.0,1,20985.0,20960.0,20980.0,20940.0,480.0,50303825.0,3961
2023-05-09 21:00:27,zn2309,zn2309,20940.0,0.0,0.0,0.0,4,20945.0,20995.0,2,20985.0,20960.0,20980.0,20940.0,480.0,50303825.0,3961
2023-05-09 21:00:28,zn2309,zn2309,20940.0,0.0,0.0,0.0,8,20945.0,20965.0,1,20985.0,20960.0,20980.0,20940.0,480.0,50303825.0,3961
2023-05-09 21:00:28,zn2309,zn2309,20940.0,1.0,104700.0,0.0,7,20945.0,20990.0,5,20985.0,20960.0,20980.0,20940.0,481.0,50408525.0,3961
2023-05-09 21:00:29,zn2309,zn2309,20940.0,0.0,0.0,0.0,7,20945.0,20965.0,1,20985.0,20960.0,20980.0,20940.0,481.0,50408525.0,3961
2023-05-09 21:00:29,zn2309,zn2309,20940.0,0.0,0.0,0.0,7,20945.0,20985.0,1,20985.0,20960.0,20980.0,20940.0,481.0,50408525.0,3961
2023-05-09 21:00:30,zn2309,zn2309,20940.0,1.0,104700.0,0.0,4,20945.0,20960.0,1,20985.0,20960.0,20980.0,20940.0,482.0,50513225.0,3961
2023-05-09 21:00:30,zn2309,zn2309,20940.0,0.0,0.0,0.0,4,20945.0,20980.0,1,20985.0,20960.0,20980.0,20940.0,482.0,50513225.0,3961
2023-05-09 21:00:31,zn2309,zn2309,20940.0,1.0,104700.0,0.0,3,20945.0,20960.0,1,20985.0,20960.0,20980.0,20940.0,483.0,50617925.0,3961
2023-05-09 21:00:31,zn2309,zn2309,20940.0,0.0,0.0,0.0,3,20935.0,20960.0,1,20985.0,20960.0,20980.0,20940.0,483.0,50617925.0,3961
2023-05-09 21:00:32,zn2309,zn2309,20940.0,1.0,104700.0,-1.0,1,20940.0,20980.0,1,20985.0,20960.0,20980.0,20940.0,484.0,50722625.0,3960
2023-05-09 21:00:32,zn2309,zn2309,20940.0,0.0,0.0,0.0,1,20940.0,20960.0,2,20985.0,20960.0,20980.0,20940.0,484.0,50722625.0,3960
2023-05-09 21:00:33,zn2309,zn2309,20940.0,0.0,0.0,0.0,1,20940.0,20960.0,1,20985.0,20960.0,20980.0,20940.0,484.0,50722625.0,3960
2023-05-09 21:00:33,zn2309,zn2309,20935.0,1.0,104675.0,0.0,4,20935.0,20950.0,1,20985.0,20960.0,20980.0,20935.0,485.0,50827300.0,3960
2023-05-09 21:00:34,zn2309,zn2309,20950.0,1.0,104750.0,0.0,2,20935.0,20980.0,2,20985.0,20960.0,20980.0,20935.0,486.0,50932050.0,3960
2023-05-09 21:00:34,zn2309,zn2309,20930.0,1.0,104650.0,0.0,1,20925.0,20955.0,1,20985.0,20960.0,20980.0,20930.0,487.0,51036700.0,3960
2023-05-09 21:00:35,zn2309,zn2309,20930.0,0.0,0.0,0.0,5,20925.0,20955.0,1,20985.0,20960.0,20980.0,20930.0,487.0,51036700.0,3960
2023-05-09 21:00:35,zn2309,zn2309,20925.0,1.0,104625.0,0.0,2,20925.0,20955.0,2,20985.0,20960.0,20980.0,20925.0,488.0,51141325.0,3960
2023-05-09 21:00:36,zn2309,zn2309,20925.0,0.0,0.0,0.0,2,20925.0,20950.0,1,20985.0,20960.0,20980.0,20925.0,488.0,51141325.0,3960
2023-05-09 21:00:36,zn2309,zn2309,20925.0,0.0,0.0,0.0,1,20920.0,20940.0,1,20985.0,20960.0,20980.0,20925.0,488.0,51141325.0,3960
2023-05-09 21:00:37,zn2309,zn2309,20925.0,0.0,0.0,0.0,4,20920.0,20940.0,1,20985.0,20960.0,20980.0,20925.0,488.0,51141325.0,3960
2023-05-09 21:00:37,zn2309,zn2309,20925.0,0.0,0.0,0.0,4,20920.0,20950.0,1,20985.0,20960.0,20980.0,20925.0,488.0,51141325.0,3960
2023-05-09 21:00:38,zn2309,zn2309,20925.0,0.0,0.0,0.0,4,20920.0,20935.0,1,20985.0,20960.0,20980.0,20925.0,488.0,51141325.0,3960
2023-05-09 21:00:38,zn2309,zn2309,20925.0,0.0,0.0,0.0,2,20920.0,20945.0,1,20985.0,20960.0,20980.0,20925.0,488.0,51141325.0,3960
2023-05-09 21:00:39,zn2309,zn2309,20925.0,0.0,0.0,0.0,2,20920.0,20930.0,1,20985.0,20960.0,20980.0,20925.0,488.0,51141325.0,3960
2023-05-09 21:00:39,zn2309,zn2309,20925.0,0.0,0.0,0.0,3,20910.0,20945.0,1,20985.0,20960.0,20980.0,20925.0,488.0,51141325.0,3960
2023-05-09 21:00:40,zn2309,zn2309,20930.0,1.0,104650.0,0.0,3,20915.0,20945.0,1,20985.0,20960.0,20980.0,20925.0,489.0,51245975.0,3960
2023-05-09 21:00:40,zn2309,zn2309,20930.0,0.0,0.0,0.0,1,20920.0,20940.0,1,20985.0,20960.0,20980.0,20925.0,489.0,51245975.0,3960
2023-05-09 21:00:41,zn2309,zn2309,20930.0,0.0,0.0,0.0,3,20920.0,20945.0,1,20985.0,20960.0,20980.0,20925.0,489.0,51245975.0,3960
2023-05-09 21:00:41,zn2309,zn2309,20930.0,0.0,0.0,0.0,3,20920.0,20945.0,2,20985.0,20960.0,20980.0,20925.0,489.0,51245975.0,3960
2023-05-09 21:00:42,zn2309,zn2309,20930.0,0.0,0.0,0.0,6,20920.0,20945.0,2,20985.0,20960.0,20980.0,20925.0,489.0,51245975.0,3960
2023-05-09 21:00:42,zn2309,zn2309,20930.0,0.0,0.0,0.0,5,20920.0,20945.0,2,20985.0,20960.0,20980.0,20925.0,489.0,51245975.0,3960
2023-05-09 21:00:46,zn2309,zn2309,20920.0,2.0,209200.0,0.0,6,20920.0,20945.0,2,20985.0,20960.0,20980.0,20920.0,491.0,51455175.0,3960
2023-05-09 21:00:46,zn2309,zn2309,20920.0,0.0,0.0,0.0,6,20920.0,20945.0,2,20985.0,20960.0,20980.0,20920.0,491.0,51455175.0,3960
2023-05-09 21:00:47,zn2309,zn2309,20920.0,0.0,0.0,0.0,10,20920.0,20940.0,1,20985.0,20960.0,20980.0,20920.0,491.0,51455175.0,3960
2023-05-09 21:00:48,zn2309,zn2309,20920.0,0.0,0.0,0.0,6,20920.0,20940.0,1,20985.0,20960.0,20980.0,20920.0,491.0,51455175.0,3960
2023-05-09 21:00:49,zn2309,zn2309,20920.0,0.0,0.0,0.0,4,20925.0,20940.0,1,20985.0,20960.0,20980.0,20920.0,491.0,51455175.0,3960
2023-05-09 21:00:50,zn2309,zn2309,20920.0,0.0,0.0,0.0,5,20920.0,20940.0,1,20985.0,20960.0,20980.0,20920.0,491.0,51455175.0,3960
2023-05-09 21:00:50,zn2309,zn2309,20920.0,0.0,0.0,0.0,5,20920.0,20940.0,3,20985.0,20960.0,20980.0,20920.0,491.0,51455175.0,3960
2023-05-09 21:00:51,zn2309,zn2309,20920.0,0.0,0.0,0.0,3,20920.0,20940.0,4,20985.0,20960.0,20980.0,20920.0,491.0,51455175.0,3960
2023-05-09 21:00:51,zn2309,zn2309,20920.0,0.0,0.0,0.0,1,20920.0,20940.0,4,20985.0,20960.0,20980.0,20920.0,491.0,51455175.0,3960
2023-05-09 21:00:53,zn2309,zn2309,20920.0,0.0,0.0,0.0,3,20920.0,20940.0,4,20985.0,20960.0,20980.0,20920.0,491.0,51455175.0,3960
2023-05-09 21:00:53,zn2309,zn2309,20920.0,0.0,0.0,0.0,1,20920.0,20940.0,4,20985.0,20960.0,20980.0,20920.0,491.0,51455175.0,3960
2023-05-09 21:00:55,zn2309,zn2309,20920.0,0.0,0.0,0.0,1,20920.0,20940.0,4,20985.0,20960.0,20980.0,20920.0,491.0,51455175.0,3960
2023-05-09 21:00:56,zn2309,zn2309,20920.0,0.0,0.0,0.0,6,20920.0,20940.0,4,20985.0,20960.0,20980.0,20920.0,491.0,51455175.0,3960
2023-05-09 21:00:58,zn2309,zn2309,20920.0,0.0,0.0,0.0,6,20920.0,20940.0,4,20985.0,20960.0,20980.0,20920.0,491.0,51455175.0,3960
2023-05-09 21:00:58,zn2309,zn2309,20920.0,0.0,0.0,0.0,4,20920.0,20940.0,4,20985.0,20960.0,20980.0,20920.0,491.0,51455175.0,3960
2023-05-09 21:00:59,zn2309,zn2309,20920.0,0.0,0.0,0.0,4,20920.0,20935.0,2,20985.0,20960.0,20980.0,20920.0,491.0,51455175.0,3960
2023-05-09 21:01:00,zn2309,zn2309,20920.0,0.0,0.0,0.0,4,20920.0,20935.0,2,20985.0,20960.0,20980.0,20920.0,491.0,51455175.0,3960
2023-05-09 21:01:00,zn2309,zn2309,20920.0,0.0,0.0,0.0,1,20925.0,20935.0,2,20985.0,20960.0,20980.0,20920.0,491.0,51455175.0,3960
2023-05-09 21:01:01,zn2309,zn2309,20920.0,0.0,0.0,0.0,1,20925.0,20935.0,2,20985.0,20960.0,20980.0,20920.0,491.0,51455175.0,3960
2023-05-09 21:01:02,zn2309,zn2309,20920.0,0.0,0.0,0.0,1,20925.0,20935.0,2,20985.0,20960.0,20980.0,20920.0,491.0,51455175.0,3960
2023-05-09 21:01:03,zn2309,zn2309,20925.0,1.0,104625.0,0.0,1,20905.0,20935.0,2,20985.0,20960.0,20980.0,20920.0,492.0,51559800.0,3960
2023-05-09 21:01:03,zn2309,zn2309,20925.0,0.0,0.0,0.0,3,20910.0,20930.0,1,20985.0,20960.0,20980.0,20920.0,492.0,51559800.0,3960
2023-05-09 21:01:04,zn2309,zn2309,20925.0,0.0,0.0,0.0,3,20910.0,20930.0,1,20985.0,20960.0,20980.0,20920.0,492.0,51559800.0,3960
2023-05-09 21:01:04,zn2309,zn2309,20925.0,0.0,0.0,0.0,2,20910.0,20930.0,2,20985.0,20960.0,20980.0,20920.0,492.0,51559800.0,3960
2023-05-09 21:01:05,zn2309,zn2309,20925.0,0.0,0.0,0.0,4,20910.0,20930.0,4,20985.0,20960.0,20980.0,20920.0,492.0,51559800.0,3960
2023-05-09 21:01:05,zn2309,zn2309,20925.0,0.0,0.0,0.0,4,20910.0,20930.0,4,20985.0,20960.0,20980.0,20920.0,492.0,51559800.0,3960
2023-05-09 21:01:06,zn2309,zn2309,20925.0,0.0,0.0,0.0,3,20910.0,20930.0,4,20985.0,20960.0,20980.0,20920.0,492.0,51559800.0,3960
2023-05-09 21:01:06,zn2309,zn2309,20925.0,0.0,0.0,0.0,3,20910.0,20925.0,4,20985.0,20960.0,20980.0,20920.0,492.0,51559800.0,3960
2023-05-09 21:01:07,zn2309,zn2309,20920.0,6.0,627325.0,3.0,1,20890.0,20925.0,4,20985.0,20960.0,20980.0,20905.0,498.0,52187125.0,3963
2023-05-09 21:01:07,zn2309,zn2309,20920.0,0.0,0.0,0.0,1,20900.0,20920.0,2,20985.0,20960.0,20980.0,20905.0,498.0,52187125.0,3963
2023-05-09 21:01:08,zn2309,zn2309,20920.0,0.0,0.0,0.0,3,20900.0,20920.0,2,20985.0,20960.0,20980.0,20905.0,498.0,52187125.0,3963
2023-05-09 21:01:08,zn2309,zn2309,20920.0,0.0,0.0,0.0,3,20900.0,20920.0,4,20985.0,20960.0,20980.0,20905.0,498.0,52187125.0,3963
2023-05-09 21:01:09,zn2309,zn2309,20920.0,0.0,0.0,0.0,3,20885.0,20905.0,2,20985.0,20960.0,20980.0,20905.0,498.0,52187125.0,3963
2023-05-09 21:01:09,zn2309,zn2309,20920.0,0.0,0.0,0.0,1,20895.0,20920.0,2,20985.0,20960.0,20980.0,20905.0,498.0,52187125.0,3963
2023-05-09 21:01:10,zn2309,zn2309,20920.0,0.0,0.0,0.0,1,20895.0,20920.0,5,20985.0,20960.0,20980.0,20905.0,498.0,52187125.0,3963
2023-05-09 21:01:10,zn2309,zn2309,20920.0,0.0,0.0,0.0,2,20895.0,20920.0,5,20985.0,20960.0,20980.0,20905.0,498.0,52187125.0,3963
2023-05-09 21:01:12,zn2309,zn2309,20920.0,0.0,0.0,0.0,4,20895.0,20920.0,5,20985.0,20960.0,20980.0,20905.0,498.0,52187125.0,3963
2023-05-09 21:01:12,zn2309,zn2309,20920.0,0.0,0.0,0.0,4,20895.0,20920.0,5,20985.0,20960.0,20980.0,20905.0,498.0,52187125.0,3963
2023-05-09 21:01:13,zn2309,zn2309,20920.0,0.0,0.0,0.0,4,20895.0,20920.0,4,20985.0,20960.0,20980.0,20905.0,498.0,52187125.0,3963
2023-05-09 21:01:13,zn2309,zn2309,20920.0,0.0,0.0,0.0,2,20895.0,20915.0,3,20985.0,20960.0,20980.0,20905.0,498.0,52187125.0,3963
2023-05-09 21:01:14,zn2309,zn2309,20920.0,0.0,0.0,0.0,2,20895.0,20915.0,3,20985.0,20960.0,20980.0,20905.0,498.0,52187125.0,3963
2023-05-09 21:01:14,zn2309,zn2309,20920.0,0.0,0.0,0.0,2,20895.0,20915.0,3,20985.0,20960.0,20980.0,20905.0,498.0,52187125.0,3963
2023-05-09 21:01:17,zn2309,zn2309,20895.0,1.0,104475.0,1.0,1,20895.0,20910.0,2,20985.0,20960.0,20980.0,20895.0,499.0,52291600.0,3964
2023-05-09 21:01:18,zn2309,zn2309,20895.0,0.0,0.0,0.0,1,20895.0,20915.0,1,20985.0,20960.0,20980.0,20895.0,499.0,52291600.0,3964
2023-05-09 21:01:18,zn2309,zn2309,20895.0,0.0,0.0,0.0,1,20895.0,20910.0,2,20985.0,20960.0,20980.0,20895.0,499.0,52291600.0,3964
2023-05-09 21:01:19,zn2309,zn2309,20895.0,0.0,0.0,0.0,1,20895.0,20910.0,2,20985.0,20960.0,20980.0,20895.0,499.0,52291600.0,3964
2023-05-09 21:01:19,zn2309,zn2309,20895.0,0.0,0.0,0.0,1,20895.0,20905.0,1,20985.0,20960.0,20980.0,20895.0,499.0,52291600.0,3964
2023-05-09 21:01:20,zn2309,zn2309,20895.0,0.0,0.0,0.0,1,20900.0,20905.0,1,20985.0,20960.0,20980.0,20895.0,499.0,52291600.0,3964
2023-05-09 21:01:20,zn2309,zn2309,20905.0,1.0,104525.0,0.0,1,20900.0,20910.0,2,20985.0,20960.0,20980.0,20895.0,500.0,52396125.0,3964
2023-05-09 21:01:21,zn2309,zn2309,20905.0,0.0,0.0,0.0,2,20900.0,20915.0,1,20985.0,20960.0,20980.0,20895.0,500.0,52396125.0,3964
2023-05-09 21:01:21,zn2309,zn2309,20905.0,0.0,0.0,0.0,6,20900.0,20915.0,3,20985.0,20960.0,20980.0,20895.0,500.0,52396125.0,3964
2023-05-09 21:01:22,zn2309,zn2309,20905.0,0.0,0.0,0.0,2,20900.0,20910.0,1,20985.0,20960.0,20980.0,20895.0,500.0,52396125.0,3964
2023-05-09 21:01:24,zn2309,zn2309,20905.0,0.0,0.0,0.0,2,20900.0,20915.0,1,20985.0,20960.0,20980.0,20895.0,500.0,52396125.0,3964
2023-05-09 21:01:24,zn2309,zn2309,20905.0,0.0,0.0,0.0,2,20900.0,20920.0,1,20985.0,20960.0,20980.0,20895.0,500.0,52396125.0,3964
2023-05-09 21:01:25,zn2309,zn2309,20905.0,0.0,0.0,0.0,1,20900.0,20915.0,1,20985.0,20960.0,20980.0,20895.0,500.0,52396125.0,3964
2023-05-09 21:01:25,zn2309,zn2309,20905.0,0.0,0.0,0.0,1,20900.0,20915.0,1,20985.0,20960.0,20980.0,20895.0,500.0,52396125.0,3964
2023-05-09 21:01:26,zn2309,zn2309,20905.0,0.0,0.0,0.0,1,20905.0,20915.0,1,20985.0,20960.0,20980.0,20895.0,500.0,52396125.0,3964
2023-05-09 21:01:26,zn2309,zn2309,20905.0,0.0,0.0,0.0,1,20905.0,20915.0,1,20985.0,20960.0,20980.0,20895.0,500.0,52396125.0,3964
2023-05-09 21:01:27,zn2309,zn2309,20905.0,0.0,0.0,0.0,1,20905.0,20920.0,3,20985.0,20960.0,20980.0,20895.0,500.0,52396125.0,3964
2023-05-09 21:01:28,zn2309,zn2309,20905.0,0.0,0.0,0.0,1,20905.0,20920.0,1,20985.0,20960.0,20980.0,20895.0,500.0,52396125.0,3964
2023-05-09 21:01:28,zn2309,zn2309,20905.0,0.0,0.0,0.0,1,20905.0,20920.0,1,20985.0,20960.0,20980.0,20895.0,500.0,52396125.0,3964
2023-05-09 21:01:32,zn2309,zn2309,20920.0,1.0,104600.0,-1.0,4,20905.0,20950.0,1,20985.0,20960.0,20980.0,20895.0,501.0,52500725.0,3963
2023-05-09 21:01:32,zn2309,zn2309,20920.0,0.0,0.0,0.0,4,20905.0,20935.0,3,20985.0,20960.0,20980.0,20895.0,501.0,52500725.0,3963
2023-05-09 21:01:33,zn2309,zn2309,20920.0,0.0,0.0,0.0,1,20910.0,20935.0,3,20985.0,20960.0,20980.0,20895.0,501.0,52500725.0,3963
2023-05-09 21:01:33,zn2309,zn2309,20920.0,0.0,0.0,0.0,3,20910.0,20935.0,3,20985.0,20960.0,20980.0,20895.0,501.0,52500725.0,3963
2023-05-09 21:01:34,zn2309,zn2309,20920.0,0.0,0.0,0.0,3,20910.0,20930.0,1,20985.0,20960.0,20980.0,20895.0,501.0,52500725.0,3963
2023-05-09 21:01:36,zn2309,zn2309,20920.0,0.0,0.0,0.0,4,20910.0,20935.0,3,20985.0,20960.0,20980.0,20895.0,501.0,52500725.0,3963
2023-05-09 21:01:37,zn2309,zn2309,20920.0,0.0,0.0,0.0,1,20915.0,20935.0,3,20985.0,20960.0,20980.0,20895.0,501.0,52500725.0,3963
2023-05-09 21:01:37,zn2309,zn2309,20920.0,0.0,0.0,0.0,1,20920.0,20935.0,1,20985.0,20960.0,20980.0,20895.0,501.0,52500725.0,3963
2023-05-09 21:01:38,zn2309,zn2309,20920.0,0.0,0.0,0.0,1,20920.0,20935.0,1,20985.0,20960.0,20980.0,20895.0,501.0,52500725.0,3963
2023-05-09 21:01:41,zn2309,zn2309,20920.0,0.0,0.0,0.0,1,20920.0,20935.0,1,20985.0,20960.0,20980.0,20895.0,501.0,52500725.0,3963
2023-05-09 21:01:42,zn2309,zn2309,20920.0,0.0,0.0,0.0,1,20920.0,20935.0,1,20985.0,20960.0,20980.0,20895.0,501.0,52500725.0,3963
2023-05-09 21:01:43,zn2309,zn2309,20920.0,0.0,0.0,0.0,1,20920.0,20935.0,3,20985.0,20960.0,20980.0,20895.0,501.0,52500725.0,3963
2023-05-09 21:01:43,zn2309,zn2309,20920.0,0.0,0.0,0.0,1,20920.0,20935.0,1,20985.0,20960.0,20980.0,20895.0,501.0,52500725.0,3963
2023-05-09 21:01:45,zn2309,zn2309,20920.0,0.0,0.0,0.0,3,20920.0,20935.0,1,20985.0,20960.0,20980.0,20895.0,501.0,52500725.0,3963
2023-05-09 21:01:45,zn2309,zn2309,20920.0,0.0,0.0,0.0,3,20920.0,20935.0,1,20985.0,20960.0,20980.0,20895.0,501.0,52500725.0,3963
2023-05-09 21:01:46,zn2309,zn2309,20920.0,0.0,0.0,0.0,8,20920.0,20935.0,1,20985.0,20960.0,20980.0,20895.0,501.0,52500725.0,3963
2023-05-09 21:01:47,zn2309,zn2309,20920.0,0.0,0.0,0.0,9,20920.0,20935.0,1,20985.0,20960.0,20980.0,20895.0,501.0,52500725.0,3963
2023-05-09 21:01:48,zn2309,zn2309,20920.0,0.0,0.0,0.0,3,20925.0,20935.0,1,20985.0,20960.0,20980.0,20895.0,501.0,52500725.0,3963
2023-05-09 21:01:48,zn2309,zn2309,20920.0,0.0,0.0,0.0,7,20925.0,20935.0,1,20985.0,20960.0,20980.0,20895.0,501.0,52500725.0,3963
2023-05-09 21:01:49,zn2309,zn2309,20920.0,0.0,0.0,0.0,7,20925.0,20950.0,1,20985.0,20960.0,20980.0,20895.0,501.0,52500725.0,3963
2023-05-09 21:01:49,zn2309,zn2309,20920.0,0.0,0.0,0.0,8,20925.0,20945.0,3,20985.0,20960.0,20980.0,20895.0,501.0,52500725.0,3963
2023-05-09 21:01:50,zn2309,zn2309,20920.0,0.0,0.0,0.0,8,20925.0,20945.0,3,20985.0,20960.0,20980.0,20895.0,501.0,52500725.0,3963
2023-05-09 21:01:51,zn2309,zn2309,20920.0,0.0,0.0,0.0,8,20925.0,20945.0,1,20985.0,20960.0,20980.0,20895.0,501.0,52500725.0,3963
2023-05-09 21:01:51,zn2309,zn2309,20920.0,0.0,0.0,0.0,10,20925.0,20945.0,1,20985.0,20960.0,20980.0,20895.0,501.0,52500725.0,3963
2023-05-09 21:01:54,zn2309,zn2309,20920.0,0.0,0.0,0.0,10,20925.0,20945.0,3,20985.0,20960.0,20980.0,20895.0,501.0,52500725.0,3963
2023-05-09 21:01:55,zn2309,zn2309,20920.0,0.0,0.0,0.0,10,20925.0,20945.0,1,20985.0,20960.0,20980.0,20895.0,501.0,52500725.0,3963
2023-05-09 21:01:55,zn2309,zn2309,20920.0,0.0,0.0,0.0,10,20925.0,20945.0,2,20985.0,20960.0,20980.0,20895.0,501.0,52500725.0,3963
2023-05-09 21:01:56,zn2309,zn2309,20925.0,1.0,104625.0,1.0,6,20925.0,20945.0,4,20985.0,20960.0,20980.0,20895.0,502.0,52605350.0,3964
2023-05-09 21:01:56,zn2309,zn2309,20925.0,0.0,0.0,0.0,6,20925.0,20940.0,2,20985.0,20960.0,20980.0,20895.0,502.0,52605350.0,3964
2023-05-09 21:01:57,zn2309,zn2309,20925.0,0.0,0.0,0.0,6,20925.0,20945.0,2,20985.0,20960.0,20980.0,20895.0,502.0,52605350.0,3964
2023-05-09 21:01:57,zn2309,zn2309,20925.0,0.0,0.0,0.0,7,20925.0,20945.0,4,20985.0,20960.0,20980.0,20895.0,502.0,52605350.0,3964
2023-05-09 21:01:58,zn2309,zn2309,20925.0,0.0,0.0,0.0,10,20925.0,20945.0,4,20985.0,20960.0,20980.0,20895.0,502.0,52605350.0,3964
2023-05-09 21:02:02,zn2309,zn2309,20925.0,0.0,0.0,0.0,10,20925.0,20945.0,6,20985.0,20960.0,20980.0,20895.0,502.0,52605350.0,3964
2023-05-09 21:02:04,zn2309,zn2309,20925.0,0.0,0.0,0.0,10,20925.0,20945.0,7,20985.0,20960.0,20980.0,20895.0,502.0,52605350.0,3964
2023-05-09 21:02:04,zn2309,zn2309,20925.0,0.0,0.0,0.0,10,20925.0,20940.0,2,20985.0,20960.0,20980.0,20895.0,502.0,52605350.0,3964
2023-05-09 21:02:05,zn2309,zn2309,20925.0,0.0,0.0,0.0,10,20925.0,20935.0,1,20985.0,20960.0,20980.0,20895.0,502.0,52605350.0,3964
2023-05-09 21:02:05,zn2309,zn2309,20925.0,0.0,0.0,0.0,6,20925.0,20935.0,1,20985.0,20960.0,20980.0,20895.0,502.0,52605350.0,3964
2023-05-09 21:02:06,zn2309,zn2309,20925.0,0.0,0.0,0.0,5,20925.0,20935.0,1,20985.0,20960.0,20980.0,20895.0,502.0,52605350.0,3964
2023-05-09 21:02:08,zn2309,zn2309,20925.0,0.0,0.0,0.0,5,20925.0,20940.0,4,20985.0,20960.0,20980.0,20895.0,502.0,52605350.0,3964
2023-05-09 21:02:09,zn2309,zn2309,20925.0,0.0,0.0,0.0,5,20925.0,20945.0,1,20985.0,20960.0,20980.0,20895.0,502.0,52605350.0,3964
2023-05-09 21:02:09,zn2309,zn2309,20925.0,0.0,0.0,0.0,5,20925.0,20945.0,5,20985.0,20960.0,20980.0,20895.0,502.0,52605350.0,3964
2023-05-09 21:02:10,zn2309,zn2309,20925.0,0.0,0.0,0.0,5,20925.0,20945.0,6,20985.0,20960.0,20980.0,20895.0,502.0,52605350.0,3964
2023-05-09 21:02:10,zn2309,zn2309,20925.0,0.0,0.0,0.0,5,20925.0,20945.0,5,20985.0,20960.0,20980.0,20895.0,502.0,52605350.0,3964
2023-05-09 21:02:11,zn2309,zn2309,20925.0,0.0,0.0,0.0,5,20925.0,20940.0,2,20985.0,20960.0,20980.0,20895.0,502.0,52605350.0,3964
2023-05-09 21:02:11,zn2309,zn2309,20925.0,0.0,0.0,0.0,5,20925.0,20940.0,2,20985.0,20960.0,20980.0,20895.0,502.0,52605350.0,3964
2023-05-09 21:02:12,zn2309,zn2309,20925.0,0.0,0.0,0.0,5,20925.0,20935.0,2,20985.0,20960.0,20980.0,20895.0,502.0,52605350.0,3964
2023-05-09 21:02:12,zn2309,zn2309,20935.0,1.0,104675.0,1.0,5,20925.0,20935.0,1,20985.0,20960.0,20980.0,20895.0,503.0,52710025.0,3965
2023-05-09 21:02:13,zn2309,zn2309,20935.0,0.0,0.0,0.0,1,20930.0,20945.0,4,20985.0,20960.0,20980.0,20895.0,503.0,52710025.0,3965
2023-05-09 21:02:14,zn2309,zn2309,20935.0,0.0,0.0,0.0,1,20930.0,20945.0,4,20985.0,20960.0,20980.0,20895.0,503.0,52710025.0,3965
2023-05-09 21:02:14,zn2309,zn2309,20935.0,0.0,0.0,0.0,1,20930.0,20945.0,4,20985.0,20960.0,20980.0,20895.0,503.0,52710025.0,3965
2023-05-09 21:02:18,zn2309,zn2309,20935.0,0.0,0.0,0.0,1,20930.0,20945.0,6,20985.0,20960.0,20980.0,20895.0,503.0,52710025.0,3965
2023-05-09 21:02:18,zn2309,zn2309,20935.0,0.0,0.0,0.0,1,20930.0,20935.0,1,20985.0,20960.0,20980.0,20895.0,503.0,52710025.0,3965
2023-05-09 21:02:19,zn2309,zn2309,20935.0,0.0,0.0,0.0,1,20930.0,20935.0,1,20985.0,20960.0,20980.0,20895.0,503.0,52710025.0,3965
2023-05-09 21:02:20,zn2309,zn2309,20935.0,0.0,0.0,0.0,1,20930.0,20935.0,1,20985.0,20960.0,20980.0,20895.0,503.0,52710025.0,3965
2023-05-09 21:02:23,zn2309,zn2309,20935.0,0.0,0.0,0.0,1,20930.0,20935.0,1,20985.0,20960.0,20980.0,20895.0,503.0,52710025.0,3965
2023-05-09 21:02:25,zn2309,zn2309,20935.0,0.0,0.0,0.0,1,20930.0,20935.0,1,20985.0,20960.0,20980.0,20895.0,503.0,52710025.0,3965
2023-05-09 21:02:29,zn2309,zn2309,20935.0,1.0,104675.0,1.0,1,20930.0,20945.0,3,20985.0,20960.0,20980.0,20895.0,504.0,52814700.0,3966
2023-05-09 21:02:30,zn2309,zn2309,20935.0,0.0,0.0,0.0,1,20930.0,20945.0,1,20985.0,20960.0,20980.0,20895.0,504.0,52814700.0,3966
2023-05-09 21:02:30,zn2309,zn2309,20935.0,0.0,0.0,0.0,1,20930.0,20945.0,1,20985.0,20960.0,20980.0,20895.0,504.0,52814700.0,3966
2023-05-09 21:02:32,zn2309,zn2309,20935.0,0.0,0.0,0.0,1,20930.0,20940.0,1,20985.0,20960.0,20980.0,20895.0,504.0,52814700.0,3966
2023-05-09 21:02:32,zn2309,zn2309,20935.0,0.0,0.0,0.0,3,20935.0,20940.0,1,20985.0,20960.0,20980.0,20895.0,504.0,52814700.0,3966
2023-05-09 21:02:33,zn2309,zn2309,20935.0,0.0,0.0,0.0,3,20935.0,20940.0,1,20985.0,20960.0,20980.0,20895.0,504.0,52814700.0,3966
2023-05-09 21:02:34,zn2309,zn2309,20935.0,0.0,0.0,0.0,3,20935.0,20940.0,1,20985.0,20960.0,20980.0,20895.0,504.0,52814700.0,3966
2023-05-09 21:02:35,zn2309,zn2309,20935.0,0.0,0.0,0.0,3,20935.0,20940.0,1,20985.0,20960.0,20980.0,20895.0,504.0,52814700.0,3966
2023-05-09 21:02:37,zn2309,zn2309,20935.0,0.0,0.0,0.0,1,20930.0,20940.0,1,20985.0,20960.0,20980.0,20895.0,504.0,52814700.0,3966
2023-05-09 21:02:40,zn2309,zn2309,20935.0,0.0,0.0,0.0,1,20930.0,20940.0,1,20985.0,20960.0,20980.0,20895.0,504.0,52814700.0,3966
2023-05-09 21:02:42,zn2309,zn2309,20935.0,0.0,0.0,0.0,1,20930.0,20940.0,1,20985.0,20960.0,20980.0,20895.0,504.0,52814700.0,3966
2023-05-09 21:02:46,zn2309,zn2309,20935.0,0.0,0.0,0.0,1,20930.0,20940.0,1,20985.0,20960.0,20980.0,20895.0,504.0,52814700.0,3966
2023-05-09 21:02:46,zn2309,zn2309,20935.0,0.0,0.0,0.0,1,20925.0,20940.0,1,20985.0,20960.0,20980.0,20895.0,504.0,52814700.0,3966
2023-05-09 21:02:47,zn2309,zn2309,20935.0,0.0,0.0,0.0,2,20925.0,20940.0,1,20985.0,20960.0,20980.0,20895.0,504.0,52814700.0,3966
2023-05-09 21:02:51,zn2309,zn2309,20935.0,0.0,0.0,0.0,3,20925.0,20945.0,1,20985.0,20960.0,20980.0,20895.0,504.0,52814700.0,3966
2023-05-09 21:02:51,zn2309,zn2309,20935.0,0.0,0.0,0.0,5,20925.0,20945.0,1,20985.0,20960.0,20980.0,20895.0,504.0,52814700.0,3966
2023-05-09 21:02:52,zn2309,zn2309,20935.0,0.0,0.0,0.0,4,20925.0,20940.0,1,20985.0,20960.0,20980.0,20895.0,504.0,52814700.0,3966
2023-05-09 21:02:52,zn2309,zn2309,20935.0,0.0,0.0,0.0,4,20925.0,20940.0,1,20985.0,20960.0,20980.0,20895.0,504.0,52814700.0,3966
2023-05-09 21:02:53,zn2309,zn2309,20935.0,0.0,0.0,0.0,4,20925.0,20940.0,1,20985.0,20960.0,20980.0,20895.0,504.0,52814700.0,3966
2023-05-09 21:02:53,zn2309,zn2309,20935.0,0.0,0.0,0.0,5,20925.0,20940.0,1,20985.0,20960.0,20980.0,20895.0,504.0,52814700.0,3966
2023-05-09 21:02:54,zn2309,zn2309,20935.0,0.0,0.0,0.0,5,20925.0,20945.0,1,20985.0,20960.0,20980.0,20895.0,504.0,52814700.0,3966
2023-05-09 21:02:54,zn2309,zn2309,20935.0,0.0,0.0,0.0,4,20925.0,20945.0,1,20985.0,20960.0,20980.0,20895.0,504.0,52814700.0,3966
2023-05-09 21:02:56,zn2309,zn2309,20935.0,0.0,0.0,0.0,3,20930.0,20945.0,1,20985.0,20960.0,20980.0,20895.0,504.0,52814700.0,3966
2023-05-09 21:02:56,zn2309,zn2309,20935.0,0.0,0.0,0.0,3,20930.0,20945.0,1,20985.0,20960.0,20980.0,20895.0,504.0,52814700.0,3966
2023-05-09 21:02:57,zn2309,zn2309,20935.0,0.0,0.0,0.0,2,20935.0,20945.0,1,20985.0,20960.0,20980.0,20895.0,504.0,52814700.0,3966
2023-05-09 21:02:57,zn2309,zn2309,20935.0,0.0,0.0,0.0,2,20935.0,20970.0,2,20985.0,20960.0,20980.0,20895.0,504.0,52814700.0,3966
2023-05-09 21:02:58,zn2309,zn2309,20935.0,0.0,0.0,0.0,3,20935.0,20955.0,2,20985.0,20960.0,20980.0,20895.0,504.0,52814700.0,3966
2023-05-09 21:02:58,zn2309,zn2309,20935.0,0.0,0.0,0.0,3,20935.0,20955.0,2,20985.0,20960.0,20980.0,20895.0,504.0,52814700.0,3966
2023-05-09 21:02:59,zn2309,zn2309,20935.0,0.0,0.0,0.0,3,20935.0,20950.0,1,20985.0,20960.0,20980.0,20895.0,504.0,52814700.0,3966
2023-05-09 21:02:59,zn2309,zn2309,20935.0,0.0,0.0,0.0,3,20935.0,20950.0,1,20985.0,20960.0,20980.0,20895.0,504.0,52814700.0,3966
2023-05-09 21:03:00,zn2309,zn2309,20935.0,0.0,0.0,0.0,3,20935.0,20950.0,1,20985.0,20960.0,20980.0,20895.0,504.0,52814700.0,3966
2023-05-09 21:03:00,zn2309,zn2309,20935.0,0.0,0.0,0.0,3,20935.0,20955.0,1,20985.0,20960.0,20980.0,20895.0,504.0,52814700.0,3966
2023-05-09 21:03:01,zn2309,zn2309,20935.0,0.0,0.0,0.0,3,20935.0,20945.0,2,20985.0,20960.0,20980.0,20895.0,504.0,52814700.0,3966
2023-05-09 21:03:01,zn2309,zn2309,20935.0,0.0,0.0,0.0,3,20935.0,20960.0,1,20985.0,20960.0,20980.0,20895.0,504.0,52814700.0,3966
2023-05-09 21:03:02,zn2309,zn2309,20935.0,0.0,0.0,0.0,3,20935.0,20955.0,6,20985.0,20960.0,20980.0,20895.0,504.0,52814700.0,3966
2023-05-09 21:03:02,zn2309,zn2309,20935.0,0.0,0.0,0.0,3,20935.0,20950.0,2,20985.0,20960.0,20980.0,20895.0,504.0,52814700.0,3966
2023-05-09 21:03:03,zn2309,zn2309,20935.0,0.0,0.0,0.0,3,20935.0,20945.0,1,20985.0,20960.0,20980.0,20895.0,504.0,52814700.0,3966
2023-05-09 21:03:03,zn2309,zn2309,20935.0,0.0,0.0,0.0,2,20935.0,20945.0,3,20985.0,20960.0,20980.0,20895.0,504.0,52814700.0,3966
2023-05-09 21:03:05,zn2309,zn2309,20935.0,0.0,0.0,0.0,2,20935.0,20945.0,1,20985.0,20960.0,20980.0,20895.0,504.0,52814700.0,3966
2023-05-09 21:03:06,zn2309,zn2309,20935.0,0.0,0.0,0.0,2,20935.0,20955.0,1,20985.0,20960.0,20980.0,20895.0,504.0,52814700.0,3966
2023-05-09 21:03:06,zn2309,zn2309,20935.0,0.0,0.0,0.0,2,20935.0,20950.0,2,20985.0,20960.0,20980.0,20895.0,504.0,52814700.0,3966
2023-05-09 21:03:07,zn2309,zn2309,20935.0,0.0,0.0,0.0,2,20935.0,20945.0,1,20985.0,20960.0,20980.0,20895.0,504.0,52814700.0,3966
2023-05-09 21:03:07,zn2309,zn2309,20935.0,0.0,0.0,0.0,2,20935.0,20950.0,2,20985.0,20960.0,20980.0,20895.0,504.0,52814700.0,3966
2023-05-09 21:03:08,zn2309,zn2309,20935.0,0.0,0.0,0.0,3,20935.0,20955.0,2,20985.0,20960.0,20980.0,20895.0,504.0,52814700.0,3966
2023-05-09 21:03:08,zn2309,zn2309,20935.0,0.0,0.0,0.0,4,20935.0,20955.0,4,20985.0,20960.0,20980.0,20895.0,504.0,52814700.0,3966
2023-05-09 21:03:09,zn2309,zn2309,20935.0,0.0,0.0,0.0,4,20935.0,20955.0,4,20985.0,20960.0,20980.0,20895.0,504.0,52814700.0,3966
2023-05-09 21:03:09,zn2309,zn2309,20935.0,0.0,0.0,0.0,5,20935.0,20955.0,2,20985.0,20960.0,20980.0,20895.0,504.0,52814700.0,3966
2023-05-09 21:03:10,zn2309,zn2309,20935.0,3.0,314025.0,3.0,3,20930.0,20935.0,27,20985.0,20960.0,20980.0,20895.0,507.0,53128725.0,3969
2023-05-09 21:03:10,zn2309,zn2309,20935.0,23.0,2407525.0,22.0,7,20930.0,20935.0,4,20985.0,20960.0,20980.0,20895.0,530.0,55536250.0,3991
2023-05-09 21:03:11,zn2309,zn2309,20935.0,4.0,418700.0,4.0,3,20935.0,20955.0,2,20985.0,20960.0,20980.0,20895.0,534.0,55954950.0,3995
2023-05-09 21:03:11,zn2309,zn2309,20935.0,0.0,0.0,0.0,2,20935.0,20945.0,1,20985.0,20960.0,20980.0,20895.0,534.0,55954950.0,3995
2023-05-09 21:03:12,zn2309,zn2309,20935.0,0.0,0.0,0.0,5,20930.0,20945.0,1,20985.0,20960.0,20980.0,20895.0,534.0,55954950.0,3995
2023-05-09 21:03:12,zn2309,zn2309,20935.0,0.0,0.0,0.0,5,20930.0,20950.0,1,20985.0,20960.0,20980.0,20895.0,534.0,55954950.0,3995
2023-05-09 21:03:13,zn2309,zn2309,20935.0,0.0,0.0,0.0,5,20930.0,20940.0,1,20985.0,20960.0,20980.0,20895.0,534.0,55954950.0,3995
2023-05-09 21:03:13,zn2309,zn2309,20935.0,0.0,0.0,0.0,5,20930.0,20940.0,1,20985.0,20960.0,20980.0,20895.0,534.0,55954950.0,3995
2023-05-09 21:03:16,zn2309,zn2309,20935.0,0.0,0.0,0.0,5,20935.0,20940.0,1,20985.0,20960.0,20980.0,20895.0,534.0,55954950.0,3995
2023-05-09 21:03:18,zn2309,zn2309,20940.0,1.0,104700.0,-1.0,4,20940.0,20950.0,2,20985.0,20960.0,20980.0,20895.0,535.0,56059650.0,3994
2023-05-09 21:03:18,zn2309,zn2309,20940.0,0.0,0.0,0.0,4,20940.0,20945.0,1,20985.0,20960.0,20980.0,20895.0,535.0,56059650.0,3994
2023-05-09 21:03:21,zn2309,zn2309,20940.0,0.0,0.0,0.0,4,20940.0,20945.0,1,20985.0,20960.0,20980.0,20895.0,535.0,56059650.0,3994
2023-05-09 21:03:21,zn2309,zn2309,20940.0,0.0,0.0,0.0,4,20940.0,20965.0,1,20985.0,20960.0,20980.0,20895.0,535.0,56059650.0,3994
2023-05-09 21:03:22,zn2309,zn2309,20940.0,0.0,0.0,0.0,4,20940.0,20950.0,3,20985.0,20960.0,20980.0,20895.0,535.0,56059650.0,3994
2023-05-09 21:03:22,zn2309,zn2309,20940.0,0.0,0.0,0.0,4,20940.0,20945.0,1,20985.0,20960.0,20980.0,20895.0,535.0,56059650.0,3994
2023-05-09 21:03:23,zn2309,zn2309,20940.0,0.0,0.0,0.0,4,20940.0,20945.0,1,20985.0,20960.0,20980.0,20895.0,535.0,56059650.0,3994
2023-05-09 21:03:26,zn2309,zn2309,20940.0,0.0,0.0,0.0,4,20940.0,20950.0,2,20985.0,20960.0,20980.0,20895.0,535.0,56059650.0,3994
2023-05-09 21:03:26,zn2309,zn2309,20940.0,0.0,0.0,0.0,4,20940.0,20960.0,2,20985.0,20960.0,20980.0,20895.0,535.0,56059650.0,3994
2023-05-09 21:03:27,zn2309,zn2309,20940.0,0.0,0.0,0.0,4,20940.0,20950.0,1,20985.0,20960.0,20980.0,20895.0,535.0,56059650.0,3994
2023-05-09 21:03:27,zn2309,zn2309,20940.0,0.0,0.0,0.0,4,20940.0,20945.0,1,20985.0,20960.0,20980.0,20895.0,535.0,56059650.0,3994
2023-05-09 21:03:28,zn2309,zn2309,20940.0,0.0,0.0,0.0,4,20940.0,20945.0,1,20985.0,20960.0,20980.0,20895.0,535.0,56059650.0,3994
2023-05-09 21:03:28,zn2309,zn2309,20940.0,4.0,418800.0,-2.0,5,20935.0,20945.0,1,20985.0,20960.0,20980.0,20895.0,539.0,56478450.0,3992
2023-05-09 21:03:29,zn2309,zn2309,20940.0,0.0,0.0,0.0,5,20935.0,20945.0,3,20985.0,20960.0,20980.0,20895.0,539.0,56478450.0,3992
2023-05-09 21:03:30,zn2309,zn2309,20940.0,0.0,0.0,0.0,3,20930.0,20945.0,3,20985.0,20960.0,20980.0,20895.0,539.0,56478450.0,3992
2023-05-09 21:03:31,zn2309,zn2309,20940.0,0.0,0.0,0.0,3,20930.0,20945.0,3,20985.0,20960.0,20980.0,20895.0,539.0,56478450.0,3992
2023-05-09 21:03:35,zn2309,zn2309,20940.0,0.0,0.0,0.0,3,20930.0,20945.0,3,20985.0,20960.0,20980.0,20895.0,539.0,56478450.0,3992
2023-05-09 21:03:38,zn2309,zn2309,20940.0,0.0,0.0,0.0,3,20930.0,20945.0,3,20985.0,20960.0,20980.0,20895.0,539.0,56478450.0,3992
2023-05-09 21:03:39,zn2309,zn2309,20930.0,3.0,313950.0,0.0,12,20905.0,20940.0,2,20985.0,20960.0,20980.0,20895.0,542.0,56792400.0,3992
2023-05-09 21:03:40,zn2309,zn2309,20930.0,0.0,0.0,0.0,4,20915.0,20935.0,1,20985.0,20960.0,20980.0,20895.0,542.0,56792400.0,3992
2023-05-09 21:03:40,zn2309,zn2309,20930.0,0.0,0.0,0.0,4,20915.0,20935.0,1,20985.0,20960.0,20980.0,20895.0,542.0,56792400.0,3992
2023-05-09 21:03:41,zn2309,zn2309,20930.0,0.0,0.0,0.0,5,20915.0,20935.0,1,20985.0,20960.0,20980.0,20895.0,542.0,56792400.0,3992
2023-05-09 21:03:42,zn2309,zn2309,20930.0,0.0,0.0,0.0,4,20920.0,20935.0,1,20985.0,20960.0,20980.0,20895.0,542.0,56792400.0,3992
2023-05-09 21:03:45,zn2309,zn2309,20930.0,0.0,0.0,0.0,4,20920.0,20935.0,1,20985.0,20960.0,20980.0,20895.0,542.0,56792400.0,3992
2023-05-09 21:03:45,zn2309,zn2309,20930.0,0.0,0.0,0.0,4,20920.0,20935.0,3,20985.0,20960.0,20980.0,20895.0,542.0,56792400.0,3992
2023-05-09 21:03:47,zn2309,zn2309,20930.0,0.0,0.0,0.0,4,20920.0,20935.0,1,20985.0,20960.0,20980.0,20895.0,542.0,56792400.0,3992
2023-05-09 21:03:47,zn2309,zn2309,20920.0,2.0,209200.0,2.0,2,20920.0,20935.0,1,20985.0,20960.0,20980.0,20895.0,544.0,57001600.0,3994
2023-05-09 21:03:48,zn2309,zn2309,20920.0,0.0,0.0,0.0,2,20920.0,20935.0,1,20985.0,20960.0,20980.0,20895.0,544.0,57001600.0,3994
2023-05-09 21:03:48,zn2309,zn2309,20920.0,0.0,0.0,0.0,3,20920.0,20930.0,2,20985.0,20960.0,20980.0,20895.0,544.0,57001600.0,3994
2023-05-09 21:03:49,zn2309,zn2309,20920.0,0.0,0.0,0.0,2,20920.0,20940.0,1,20985.0,20960.0,20980.0,20895.0,544.0,57001600.0,3994
2023-05-09 21:03:49,zn2309,zn2309,20920.0,0.0,0.0,0.0,2,20920.0,20935.0,1,20985.0,20960.0,20980.0,20895.0,544.0,57001600.0,3994
2023-05-09 21:03:50,zn2309,zn2309,20920.0,0.0,0.0,0.0,2,20920.0,20935.0,1,20985.0,20960.0,20980.0,20895.0,544.0,57001600.0,3994
2023-05-09 21:03:52,zn2309,zn2309,20920.0,0.0,0.0,0.0,2,20920.0,20930.0,1,20985.0,20960.0,20980.0,20895.0,544.0,57001600.0,3994
2023-05-09 21:03:52,zn2309,zn2309,20920.0,0.0,0.0,0.0,2,20920.0,20930.0,1,20985.0,20960.0,20980.0,20895.0,544.0,57001600.0,3994
2023-05-09 21:03:53,zn2309,zn2309,20920.0,0.0,0.0,0.0,2,20920.0,20925.0,1,20985.0,20960.0,20980.0,20895.0,544.0,57001600.0,3994
2023-05-09 21:03:53,zn2309,zn2309,20920.0,0.0,0.0,0.0,2,20920.0,20925.0,1,20985.0,20960.0,20980.0,20895.0,544.0,57001600.0,3994
2023-05-09 21:03:54,zn2309,zn2309,20920.0,0.0,0.0,0.0,2,20920.0,20925.0,1,20985.0,20960.0,20980.0,20895.0,544.0,57001600.0,3994
2023-05-09 21:03:55,zn2309,zn2309,20920.0,2.0,209200.0,0.0,2,20915.0,20925.0,1,20985.0,20960.0,20980.0,20895.0,546.0,57210800.0,3994
2023-05-09 21:03:57,zn2309,zn2309,20920.0,0.0,0.0,0.0,1,20915.0,20925.0,1,20985.0,20960.0,20980.0,20895.0,546.0,57210800.0,3994
2023-05-09 21:03:58,zn2309,zn2309,20920.0,0.0,0.0,0.0,1,20915.0,20925.0,3,20985.0,20960.0,20980.0,20895.0,546.0,57210800.0,3994
2023-05-09 21:03:58,zn2309,zn2309,20920.0,0.0,0.0,0.0,1,20915.0,20925.0,5,20985.0,20960.0,20980.0,20895.0,546.0,57210800.0,3994
2023-05-09 21:03:59,zn2309,zn2309,20920.0,0.0,0.0,0.0,1,20915.0,20920.0,2,20985.0,20960.0,20980.0,20895.0,546.0,57210800.0,3994
2023-05-09 21:03:59,zn2309,zn2309,20920.0,0.0,0.0,0.0,1,20915.0,20925.0,3,20985.0,20960.0,20980.0,20895.0,546.0,57210800.0,3994
2023-05-09 21:04:00,zn2309,zn2309,20920.0,0.0,0.0,0.0,1,20915.0,20925.0,5,20985.0,20960.0,20980.0,20895.0,546.0,57210800.0,3994
2023-05-09 21:04:00,zn2309,zn2309,20920.0,0.0,0.0,0.0,1,20915.0,20925.0,5,20985.0,20960.0,20980.0,20895.0,546.0,57210800.0,3994
2023-05-09 21:04:02,zn2309,zn2309,20920.0,0.0,0.0,0.0,1,20915.0,20925.0,5,20985.0,20960.0,20980.0,20895.0,546.0,57210800.0,3994
2023-05-09 21:04:02,zn2309,zn2309,20920.0,0.0,0.0,0.0,1,20905.0,20925.0,5,20985.0,20960.0,20980.0,20895.0,546.0,57210800.0,3994
2023-05-09 21:04:03,zn2309,zn2309,20920.0,0.0,0.0,0.0,1,20910.0,20925.0,5,20985.0,20960.0,20980.0,20895.0,546.0,57210800.0,3994
2023-05-09 21:04:04,zn2309,zn2309,20920.0,0.0,0.0,0.0,2,20910.0,20925.0,5,20985.0,20960.0,20980.0,20895.0,546.0,57210800.0,3994
2023-05-09 21:04:05,zn2309,zn2309,20920.0,0.0,0.0,0.0,2,20910.0,20925.0,5,20985.0,20960.0,20980.0,20895.0,546.0,57210800.0,3994
2023-05-09 21:04:06,zn2309,zn2309,20920.0,0.0,0.0,0.0,2,20910.0,20920.0,1,20985.0,20960.0,20980.0,20895.0,546.0,57210800.0,3994
2023-05-09 21:04:06,zn2309,zn2309,20920.0,0.0,0.0,0.0,2,20910.0,20920.0,1,20985.0,20960.0,20980.0,20895.0,546.0,57210800.0,3994
2023-05-09 21:04:07,zn2309,zn2309,20920.0,0.0,0.0,0.0,1,20910.0,20915.0,1,20985.0,20960.0,20980.0,20895.0,546.0,57210800.0,3994
2023-05-09 21:04:07,zn2309,zn2309,20920.0,0.0,0.0,0.0,1,20910.0,20915.0,1,20985.0,20960.0,20980.0,20895.0,546.0,57210800.0,3994
2023-05-09 21:04:08,zn2309,zn2309,20920.0,0.0,0.0,0.0,1,20910.0,20915.0,1,20985.0,20960.0,20980.0,20895.0,546.0,57210800.0,3994
2023-05-09 21:04:09,zn2309,zn2309,20920.0,0.0,0.0,0.0,1,20910.0,20920.0,1,20985.0,20960.0,20980.0,20895.0,546.0,57210800.0,3994
2023-05-09 21:04:10,zn2309,zn2309,20920.0,0.0,0.0,0.0,1,20910.0,20920.0,3,20985.0,20960.0,20980.0,20895.0,546.0,57210800.0,3994
2023-05-09 21:04:12,zn2309,zn2309,20920.0,0.0,0.0,0.0,1,20910.0,20920.0,1,20985.0,20960.0,20980.0,20895.0,546.0,57210800.0,3994
2023-05-09 21:04:13,zn2309,zn2309,20920.0,0.0,0.0,0.0,1,20910.0,20925.0,3,20985.0,20960.0,20980.0,20895.0,546.0,57210800.0,3994
2023-05-09 21:04:14,zn2309,zn2309,20920.0,0.0,0.0,0.0,1,20910.0,20925.0,5,20985.0,20960.0,20980.0,20895.0,546.0,57210800.0,3994
2023-05-09 21:04:14,zn2309,zn2309,20920.0,0.0,0.0,0.0,1,20910.0,20925.0,5,20985.0,20960.0,20980.0,20895.0,546.0,57210800.0,3994
2023-05-09 21:04:15,zn2309,zn2309,20920.0,0.0,0.0,0.0,1,20915.0,20925.0,5,20985.0,20960.0,20980.0,20895.0,546.0,57210800.0,3994
2023-05-09 21:04:16,zn2309,zn2309,20920.0,0.0,0.0,0.0,1,20915.0,20925.0,1,20985.0,20960.0,20980.0,20895.0,546.0,57210800.0,3994
2023-05-09 21:04:16,zn2309,zn2309,20920.0,0.0,0.0,0.0,1,20915.0,20925.0,2,20985.0,20960.0,20980.0,20895.0,546.0,57210800.0,3994
2023-05-09 21:04:17,zn2309,zn2309,20920.0,0.0,0.0,0.0,1,20915.0,20930.0,1,20985.0,20960.0,20980.0,20895.0,546.0,57210800.0,3994
2023-05-09 21:04:17,zn2309,zn2309,20920.0,0.0,0.0,0.0,1,20915.0,20925.0,2,20985.0,20960.0,20980.0,20895.0,546.0,57210800.0,3994
2023-05-09 21:04:18,zn2309,zn2309,20920.0,0.0,0.0,0.0,1,20915.0,20930.0,1,20985.0,20960.0,20980.0,20895.0,546.0,57210800.0,3994
2023-05-09 21:04:18,zn2309,zn2309,20920.0,0.0,0.0,0.0,1,20915.0,20930.0,3,20985.0,20960.0,20980.0,20895.0,546.0,57210800.0,3994
2023-05-09 21:04:19,zn2309,zn2309,20920.0,0.0,0.0,0.0,1,20915.0,20925.0,1,20985.0,20960.0,20980.0,20895.0,546.0,57210800.0,3994
2023-05-09 21:04:20,zn2309,zn2309,20920.0,0.0,0.0,0.0,2,20910.0,20925.0,2,20985.0,20960.0,20980.0,20895.0,546.0,57210800.0,3994
2023-05-09 21:04:21,zn2309,zn2309,20920.0,0.0,0.0,0.0,4,20915.0,20925.0,2,20985.0,20960.0,20980.0,20895.0,546.0,57210800.0,3994
2023-05-09 21:04:23,zn2309,zn2309,20920.0,0.0,0.0,0.0,3,20915.0,20925.0,2,20985.0,20960.0,20980.0,20895.0,546.0,57210800.0,3994
2023-05-09 21:04:24,zn2309,zn2309,20920.0,0.0,0.0,0.0,3,20915.0,20925.0,2,20985.0,20960.0,20980.0,20895.0,546.0,57210800.0,3994
2023-05-09 21:04:27,zn2309,zn2309,20915.0,1.0,104575.0,0.0,2,20915.0,20925.0,2,20985.0,20960.0,20980.0,20895.0,547.0,57315375.0,3994
2023-05-09 21:04:28,zn2309,zn2309,20915.0,2.0,209150.0,0.0,2,20910.0,20915.0,2,20985.0,20960.0,20980.0,20895.0,549.0,57524525.0,3994
2023-05-09 21:04:28,zn2309,zn2309,20915.0,1.0,104575.0,1.0,1,20910.0,20925.0,12,20985.0,20960.0,20980.0,20895.0,550.0,57629100.0,3995
2023-05-09 21:04:29,zn2309,zn2309,20915.0,0.0,0.0,0.0,1,20915.0,20925.0,2,20985.0,20960.0,20980.0,20895.0,550.0,57629100.0,3995
2023-05-09 21:04:32,zn2309,zn2309,20915.0,0.0,0.0,0.0,1,20915.0,20925.0,4,20985.0,20960.0,20980.0,20895.0,550.0,57629100.0,3995
2023-05-09 21:04:33,zn2309,zn2309,20915.0,0.0,0.0,0.0,1,20915.0,20925.0,1,20985.0,20960.0,20980.0,20895.0,550.0,57629100.0,3995
2023-05-09 21:04:35,zn2309,zn2309,20915.0,0.0,0.0,0.0,1,20910.0,20925.0,1,20985.0,20960.0,20980.0,20895.0,550.0,57629100.0,3995
2023-05-09 21:04:36,zn2309,zn2309,20915.0,0.0,0.0,0.0,1,20920.0,20925.0,1,20985.0,20960.0,20980.0,20895.0,550.0,57629100.0,3995
2023-05-09 21:04:40,zn2309,zn2309,20915.0,0.0,0.0,0.0,1,20915.0,20925.0,1,20985.0,20960.0,20980.0,20895.0,550.0,57629100.0,3995
2023-05-09 21:04:41,zn2309,zn2309,20915.0,0.0,0.0,0.0,1,20910.0,20920.0,1,20985.0,20960.0,20980.0,20895.0,550.0,57629100.0,3995
2023-05-09 21:04:41,zn2309,zn2309,20915.0,0.0,0.0,0.0,2,20910.0,20920.0,1,20985.0,20960.0,20980.0,20895.0,550.0,57629100.0,3995
2023-05-09 21:04:42,zn2309,zn2309,20915.0,0.0,0.0,0.0,2,20910.0,20915.0,1,20985.0,20960.0,20980.0,20895.0,550.0,57629100.0,3995
2023-05-09 21:04:43,zn2309,zn2309,20915.0,0.0,0.0,0.0,2,20910.0,20915.0,1,20985.0,20960.0,20980.0,20895.0,550.0,57629100.0,3995
2023-05-09 21:04:45,zn2309,zn2309,20915.0,1.0,104575.0,0.0,2,20910.0,20920.0,5,20985.0,20960.0,20980.0,20895.0,551.0,57733675.0,3995
2023-05-09 21:04:46,zn2309,zn2309,20915.0,0.0,0.0,0.0,1,20915.0,20920.0,1,20985.0,20960.0,20980.0,20895.0,551.0,57733675.0,3995
2023-05-09 21:04:47,zn2309,zn2309,20915.0,1.0,104575.0,-1.0,2,20910.0,20915.0,1,20985.0,20960.0,20980.0,20895.0,552.0,57838250.0,3994
2023-05-09 21:04:47,zn2309,zn2309,20915.0,0.0,0.0,0.0,2,20910.0,20915.0,1,20985.0,20960.0,20980.0,20895.0,552.0,57838250.0,3994
2023-05-09 21:04:48,zn2309,zn2309,20915.0,0.0,0.0,0.0,2,20910.0,20915.0,1,20985.0,20960.0,20980.0,20895.0,552.0,57838250.0,3994
2023-05-09 21:04:56,zn2309,zn2309,20915.0,0.0,0.0,0.0,1,20910.0,20920.0,1,20985.0,20960.0,20980.0,20895.0,552.0,57838250.0,3994
2023-05-09 21:04:56,zn2309,zn2309,20915.0,0.0,0.0,0.0,2,20910.0,20920.0,3,20985.0,20960.0,20980.0,20895.0,552.0,57838250.0,3994
2023-05-09 21:04:57,zn2309,zn2309,20915.0,0.0,0.0,0.0,2,20910.0,20920.0,5,20985.0,20960.0,20980.0,20895.0,552.0,57838250.0,3994
2023-05-09 21:04:57,zn2309,zn2309,20915.0,0.0,0.0,0.0,2,20910.0,20920.0,5,20985.0,20960.0,20980.0,20895.0,552.0,57838250.0,3994
2023-05-09 21:04:59,zn2309,zn2309,20915.0,0.0,0.0,0.0,2,20910.0,20920.0,5,20985.0,20960.0,20980.0,20895.0,552.0,57838250.0,3994
2023-05-09 21:04:59,zn2309,zn2309,20915.0,0.0,0.0,0.0,2,20910.0,20920.0,5,20985.0,20960.0,20980.0,20895.0,552.0,57838250.0,3994
2023-05-09 21:05:02,zn2309,zn2309,20920.0,1.0,104600.0,0.0,2,20910.0,20920.0,4,20985.0,20960.0,20980.0,20895.0,553.0,57942850.0,3994
2023-05-09 21:05:02,zn2309,zn2309,20920.0,0.0,0.0,0.0,2,20910.0,20920.0,2,20985.0,20960.0,20980.0,20895.0,553.0,57942850.0,3994
2023-05-09 21:05:03,zn2309,zn2309,20920.0,0.0,0.0,0.0,2,20910.0,20925.0,1,20985.0,20960.0,20980.0,20895.0,553.0,57942850.0,3994
2023-05-09 21:05:03,zn2309,zn2309,20920.0,0.0,0.0,0.0,2,20910.0,20920.0,1,20985.0,20960.0,20980.0,20895.0,553.0,57942850.0,3994
2023-05-09 21:05:04,zn2309,zn2309,20920.0,0.0,0.0,0.0,2,20910.0,20920.0,3,20985.0,20960.0,20980.0,20895.0,553.0,57942850.0,3994
2023-05-09 21:05:05,zn2309,zn2309,20920.0,0.0,0.0,0.0,2,20910.0,20920.0,5,20985.0,20960.0,20980.0,20895.0,553.0,57942850.0,3994
2023-05-09 21:05:05,zn2309,zn2309,20920.0,0.0,0.0,0.0,2,20910.0,20920.0,5,20985.0,20960.0,20980.0,20895.0,553.0,57942850.0,3994
2023-05-09 21:05:06,zn2309,zn2309,20920.0,0.0,0.0,0.0,2,20910.0,20920.0,1,20985.0,20960.0,20980.0,20895.0,553.0,57942850.0,3994
2023-05-09 21:05:07,zn2309,zn2309,20920.0,0.0,0.0,0.0,2,20910.0,20920.0,1,20985.0,20960.0,20980.0,20895.0,553.0,57942850.0,3994
2023-05-09 21:05:07,zn2309,zn2309,20920.0,0.0,0.0,0.0,2,20910.0,20920.0,1,20985.0,20960.0,20980.0,20895.0,553.0,57942850.0,3994
2023-05-09 21:05:08,zn2309,zn2309,20920.0,0.0,0.0,0.0,2,20910.0,20920.0,5,20985.0,20960.0,20980.0,20895.0,553.0,57942850.0,3994
2023-05-09 21:05:11,zn2309,zn2309,20920.0,0.0,0.0,0.0,2,20910.0,20920.0,1,20985.0,20960.0,20980.0,20895.0,553.0,57942850.0,3994
2023-05-09 21:05:11,zn2309,zn2309,20920.0,0.0,0.0,0.0,2,20910.0,20920.0,1,20985.0,20960.0,20980.0,20895.0,553.0,57942850.0,3994
2023-05-09 21:05:12,zn2309,zn2309,20920.0,1.0,104600.0,0.0,3,20915.0,20925.0,2,20985.0,20960.0,20980.0,20895.0,554.0,58047450.0,3994
2023-05-09 21:05:12,zn2309,zn2309,20920.0,0.0,0.0,0.0,3,20915.0,20925.0,1,20985.0,20960.0,20980.0,20895.0,554.0,58047450.0,3994
2023-05-09 21:05:13,zn2309,zn2309,20920.0,0.0,0.0,0.0,3,20915.0,20925.0,1,20985.0,20960.0,20980.0,20895.0,554.0,58047450.0,3994
2023-05-09 21:05:14,zn2309,zn2309,20920.0,0.0,0.0,0.0,3,20915.0,20925.0,1,20985.0,20960.0,20980.0,20895.0,554.0,58047450.0,3994
2023-05-09 21:05:14,zn2309,zn2309,20925.0,1.0,104625.0,1.0,3,20915.0,20955.0,28,20985.0,20960.0,20980.0,20895.0,555.0,58152075.0,3995
2023-05-09 21:05:15,zn2309,zn2309,20925.0,0.0,0.0,0.0,4,20915.0,20930.0,2,20985.0,20960.0,20980.0,20895.0,555.0,58152075.0,3995
2023-05-09 21:05:15,zn2309,zn2309,20925.0,0.0,0.0,0.0,5,20915.0,20930.0,2,20985.0,20960.0,20980.0,20895.0,555.0,58152075.0,3995
2023-05-09 21:05:16,zn2309,zn2309,20925.0,0.0,0.0,0.0,5,20915.0,20935.0,1,20985.0,20960.0,20980.0,20895.0,555.0,58152075.0,3995
2023-05-09 21:05:16,zn2309,zn2309,20925.0,0.0,0.0,0.0,11,20915.0,20930.0,1,20985.0,20960.0,20980.0,20895.0,555.0,58152075.0,3995
2023-05-09 21:05:17,zn2309,zn2309,20930.0,1.0,104650.0,0.0,12,20915.0,20935.0,3,20985.0,20960.0,20980.0,20895.0,556.0,58256725.0,3995
2023-05-09 21:05:17,zn2309,zn2309,20930.0,0.0,0.0,0.0,12,20915.0,20930.0,2,20985.0,20960.0,20980.0,20895.0,556.0,58256725.0,3995
2023-05-09 21:05:18,zn2309,zn2309,20930.0,0.0,0.0,0.0,12,20915.0,20930.0,2,20985.0,20960.0,20980.0,20895.0,556.0,58256725.0,3995
2023-05-09 21:05:18,zn2309,zn2309,20930.0,0.0,0.0,0.0,12,20915.0,20940.0,1,20985.0,20960.0,20980.0,20895.0,556.0,58256725.0,3995
2023-05-09 21:05:19,zn2309,zn2309,20930.0,0.0,0.0,0.0,12,20915.0,20935.0,1,20985.0,20960.0,20980.0,20895.0,556.0,58256725.0,3995
2023-05-09 21:05:19,zn2309,zn2309,20930.0,0.0,0.0,0.0,12,20915.0,20935.0,3,20985.0,20960.0,20980.0,20895.0,556.0,58256725.0,3995
2023-05-09 21:05:20,zn2309,zn2309,20930.0,0.0,0.0,0.0,11,20915.0,20935.0,3,20985.0,20960.0,20980.0,20895.0,556.0,58256725.0,3995
2023-05-09 21:05:22,zn2309,zn2309,20930.0,0.0,0.0,0.0,11,20915.0,20935.0,1,20985.0,20960.0,20980.0,20895.0,556.0,58256725.0,3995
2023-05-09 21:05:22,zn2309,zn2309,20930.0,0.0,0.0,0.0,11,20915.0,20935.0,1,20985.0,20960.0,20980.0,20895.0,556.0,58256725.0,3995
2023-05-09 21:05:23,zn2309,zn2309,20930.0,0.0,0.0,0.0,11,20915.0,20935.0,2,20985.0,20960.0,20980.0,20895.0,556.0,58256725.0,3995
2023-05-09 21:05:26,zn2309,zn2309,20930.0,0.0,0.0,0.0,13,20915.0,20935.0,1,20985.0,20960.0,20980.0,20895.0,556.0,58256725.0,3995
2023-05-09 21:05:27,zn2309,zn2309,20930.0,0.0,0.0,0.0,19,20915.0,20935.0,1,20985.0,20960.0,20980.0,20895.0,556.0,58256725.0,3995
2023-05-09 21:05:27,zn2309,zn2309,20930.0,0.0,0.0,0.0,19,20915.0,20935.0,1,20985.0,20960.0,20980.0,20895.0,556.0,58256725.0,3995
2023-05-09 21:05:28,zn2309,zn2309,20930.0,0.0,0.0,0.0,2,20920.0,20935.0,1,20985.0,20960.0,20980.0,20895.0,556.0,58256725.0,3995
2023-05-09 21:05:29,zn2309,zn2309,20930.0,0.0,0.0,0.0,2,20925.0,20935.0,1,20985.0,20960.0,20980.0,20895.0,556.0,58256725.0,3995
2023-05-09 21:05:29,zn2309,zn2309,20930.0,0.0,0.0,0.0,3,20925.0,20935.0,1,20985.0,20960.0,20980.0,20895.0,556.0,58256725.0,3995
2023-05-09 21:05:30,zn2309,zn2309,20930.0,0.0,0.0,0.0,3,20925.0,20935.0,1,20985.0,20960.0,20980.0,20895.0,556.0,58256725.0,3995
2023-05-09 21:05:30,zn2309,zn2309,20930.0,0.0,0.0,0.0,8,20925.0,20945.0,1,20985.0,20960.0,20980.0,20895.0,556.0,58256725.0,3995
2023-05-09 21:05:31,zn2309,zn2309,20930.0,0.0,0.0,0.0,8,20925.0,20940.0,1,20985.0,20960.0,20980.0,20895.0,556.0,58256725.0,3995
2023-05-09 21:05:31,zn2309,zn2309,20930.0,0.0,0.0,0.0,8,20925.0,20940.0,1,20985.0,20960.0,20980.0,20895.0,556.0,58256725.0,3995
2023-05-09 21:05:33,zn2309,zn2309,20930.0,0.0,0.0,0.0,8,20925.0,20940.0,2,20985.0,20960.0,20980.0,20895.0,556.0,58256725.0,3995
2023-05-09 21:05:34,zn2309,zn2309,20930.0,0.0,0.0,0.0,8,20925.0,20940.0,6,20985.0,20960.0,20980.0,20895.0,556.0,58256725.0,3995
2023-05-09 21:05:34,zn2309,zn2309,20930.0,0.0,0.0,0.0,3,20925.0,20940.0,6,20985.0,20960.0,20980.0,20895.0,556.0,58256725.0,3995
2023-05-09 21:05:35,zn2309,zn2309,20930.0,0.0,0.0,0.0,4,20925.0,20940.0,4,20985.0,20960.0,20980.0,20895.0,556.0,58256725.0,3995
2023-05-09 21:05:35,zn2309,zn2309,20930.0,0.0,0.0,0.0,4,20925.0,20940.0,6,20985.0,20960.0,20980.0,20895.0,556.0,58256725.0,3995
2023-05-09 21:05:36,zn2309,zn2309,20930.0,0.0,0.0,0.0,2,20925.0,20940.0,6,20985.0,20960.0,20980.0,20895.0,556.0,58256725.0,3995
2023-05-09 21:05:38,zn2309,zn2309,20930.0,0.0,0.0,0.0,1,20925.0,20940.0,7,20985.0,20960.0,20980.0,20895.0,556.0,58256725.0,3995
2023-05-09 21:05:39,zn2309,zn2309,20930.0,0.0,0.0,0.0,4,20920.0,20940.0,7,20985.0,20960.0,20980.0,20895.0,556.0,58256725.0,3995
2023-05-09 21:05:39,zn2309,zn2309,20930.0,0.0,0.0,0.0,2,20925.0,20940.0,6,20985.0,20960.0,20980.0,20895.0,556.0,58256725.0,3995
2023-05-09 21:05:40,zn2309,zn2309,20930.0,0.0,0.0,0.0,2,20925.0,20940.0,4,20985.0,20960.0,20980.0,20895.0,556.0,58256725.0,3995
2023-05-09 21:05:52,zn2309,zn2309,20930.0,0.0,0.0,0.0,2,20925.0,20940.0,6,20985.0,20960.0,20980.0,20895.0,556.0,58256725.0,3995
2023-05-09 21:05:55,zn2309,zn2309,20930.0,0.0,0.0,0.0,2,20925.0,20940.0,4,20985.0,20960.0,20980.0,20895.0,556.0,58256725.0,3995
2023-05-09 21:05:57,zn2309,zn2309,20930.0,0.0,0.0,0.0,2,20930.0,20940.0,2,20985.0,20960.0,20980.0,20895.0,556.0,58256725.0,3995
2023-05-09 21:05:57,zn2309,zn2309,20930.0,0.0,0.0,0.0,2,20930.0,20940.0,1,20985.0,20960.0,20980.0,20895.0,556.0,58256725.0,3995
2023-05-09 21:06:02,zn2309,zn2309,20930.0,0.0,0.0,0.0,3,20925.0,20940.0,1,20985.0,20960.0,20980.0,20895.0,556.0,58256725.0,3995
2023-05-09 21:06:03,zn2309,zn2309,20930.0,0.0,0.0,0.0,3,20925.0,20940.0,1,20985.0,20960.0,20980.0,20895.0,556.0,58256725.0,3995
2023-05-09 21:06:03,zn2309,zn2309,20930.0,0.0,0.0,0.0,8,20925.0,20940.0,1,20985.0,20960.0,20980.0,20895.0,556.0,58256725.0,3995
2023-05-09 21:06:06,zn2309,zn2309,20930.0,0.0,0.0,0.0,8,20925.0,20940.0,1,20985.0,20960.0,20980.0,20895.0,556.0,58256725.0,3995
2023-05-09 21:06:08,zn2309,zn2309,20930.0,0.0,0.0,0.0,8,20925.0,20940.0,2,20985.0,20960.0,20980.0,20895.0,556.0,58256725.0,3995
2023-05-09 21:06:08,zn2309,zn2309,20930.0,0.0,0.0,0.0,8,20925.0,20940.0,5,20985.0,20960.0,20980.0,20895.0,556.0,58256725.0,3995
2023-05-09 21:06:09,zn2309,zn2309,20930.0,0.0,0.0,0.0,3,20925.0,20940.0,5,20985.0,20960.0,20980.0,20895.0,556.0,58256725.0,3995
2023-05-09 21:06:11,zn2309,zn2309,20930.0,0.0,0.0,0.0,1,20925.0,20940.0,6,20985.0,20960.0,20980.0,20895.0,556.0,58256725.0,3995
2023-05-09 21:06:12,zn2309,zn2309,20930.0,0.0,0.0,0.0,1,20925.0,20940.0,6,20985.0,20960.0,20980.0,20895.0,556.0,58256725.0,3995
2023-05-09 21:06:12,zn2309,zn2309,20925.0,1.0,104625.0,-1.0,1,20920.0,20940.0,7,20985.0,20960.0,20980.0,20895.0,557.0,58361350.0,3994
2023-05-09 21:06:13,zn2309,zn2309,20925.0,0.0,0.0,0.0,1,20920.0,20940.0,7,20985.0,20960.0,20980.0,20895.0,557.0,58361350.0,3994
2023-05-09 21:06:16,zn2309,zn2309,20925.0,0.0,0.0,0.0,1,20920.0,20935.0,1,20985.0,20960.0,20980.0,20895.0,557.0,58361350.0,3994
2023-05-09 21:06:17,zn2309,zn2309,20925.0,0.0,0.0,0.0,4,20915.0,20930.0,1,20985.0,20960.0,20980.0,20895.0,557.0,58361350.0,3994
2023-05-09 21:06:17,zn2309,zn2309,20925.0,0.0,0.0,0.0,5,20920.0,20930.0,2,20985.0,20960.0,20980.0,20895.0,557.0,58361350.0,3994
2023-05-09 21:06:18,zn2309,zn2309,20925.0,0.0,0.0,0.0,2,20915.0,20930.0,2,20985.0,20960.0,20980.0,20895.0,557.0,58361350.0,3994
2023-05-09 21:06:18,zn2309,zn2309,20925.0,0.0,0.0,0.0,2,20915.0,20930.0,2,20985.0,20960.0,20980.0,20895.0,557.0,58361350.0,3994
2023-05-09 21:06:19,zn2309,zn2309,20925.0,0.0,0.0,0.0,7,20915.0,20930.0,2,20985.0,20960.0,20980.0,20895.0,557.0,58361350.0,3994
2023-05-09 21:06:24,zn2309,zn2309,20925.0,0.0,0.0,0.0,7,20915.0,20930.0,4,20985.0,20960.0,20980.0,20895.0,557.0,58361350.0,3994
2023-05-09 21:06:24,zn2309,zn2309,20925.0,0.0,0.0,0.0,2,20915.0,20930.0,4,20985.0,20960.0,20980.0,20895.0,557.0,58361350.0,3994
2023-05-09 21:06:25,zn2309,zn2309,20925.0,0.0,0.0,0.0,2,20915.0,20930.0,4,20985.0,20960.0,20980.0,20895.0,557.0,58361350.0,3994
2023-05-09 21:06:25,zn2309,zn2309,20925.0,0.0,0.0,0.0,2,20915.0,20930.0,4,20985.0,20960.0,20980.0,20895.0,557.0,58361350.0,3994
2023-05-09 21:06:26,zn2309,zn2309,20925.0,0.0,0.0,0.0,1,20920.0,20930.0,4,20985.0,20960.0,20980.0,20895.0,557.0,58361350.0,3994
2023-05-09 21:06:26,zn2309,zn2309,20925.0,0.0,0.0,0.0,6,20920.0,20930.0,4,20985.0,20960.0,20980.0,20895.0,557.0,58361350.0,3994
2023-05-09 21:06:27,zn2309,zn2309,20925.0,0.0,0.0,0.0,5,20920.0,20930.0,4,20985.0,20960.0,20980.0,20895.0,557.0,58361350.0,3994
2023-05-09 21:06:27,zn2309,zn2309,20925.0,0.0,0.0,0.0,5,20920.0,20930.0,2,20985.0,20960.0,20980.0,20895.0,557.0,58361350.0,3994
2023-05-09 21:06:28,zn2309,zn2309,20925.0,0.0,0.0,0.0,5,20920.0,20930.0,5,20985.0,20960.0,20980.0,20895.0,557.0,58361350.0,3994
2023-05-09 21:06:28,zn2309,zn2309,20925.0,0.0,0.0,0.0,1,20915.0,20930.0,4,20985.0,20960.0,20980.0,20895.0,557.0,58361350.0,3994
2023-05-09 21:06:29,zn2309,zn2309,20925.0,0.0,0.0,0.0,10,20920.0,20930.0,4,20985.0,20960.0,20980.0,20895.0,557.0,58361350.0,3994
2023-05-09 21:06:29,zn2309,zn2309,20925.0,0.0,0.0,0.0,10,20920.0,20930.0,6,20985.0,20960.0,20980.0,20895.0,557.0,58361350.0,3994
2023-05-09 21:06:31,zn2309,zn2309,20925.0,0.0,0.0,0.0,10,20920.0,20930.0,7,20985.0,20960.0,20980.0,20895.0,557.0,58361350.0,3994
2023-05-09 21:06:31,zn2309,zn2309,20920.0,2.0,209200.0,0.0,8,20920.0,20930.0,8,20985.0,20960.0,20980.0,20895.0,559.0,58570550.0,3994
2023-05-09 21:06:32,zn2309,zn2309,20920.0,7.0,732200.0,6.0,1,20920.0,20930.0,8,20985.0,20960.0,20980.0,20895.0,566.0,59302750.0,4000
2023-05-09 21:06:32,zn2309,zn2309,20920.0,1.0,104600.0,0.0,2,20910.0,20930.0,8,20985.0,20960.0,20980.0,20895.0,567.0,59407350.0,4000
2023-05-09 21:06:33,zn2309,zn2309,20920.0,0.0,0.0,0.0,1,20915.0,20930.0,5,20985.0,20960.0,20980.0,20895.0,567.0,59407350.0,4000
2023-05-09 21:06:33,zn2309,zn2309,20920.0,0.0,0.0,0.0,3,20910.0,20930.0,4,20985.0,20960.0,20980.0,20895.0,567.0,59407350.0,4000
2023-05-09 21:06:34,zn2309,zn2309,20920.0,0.0,0.0,0.0,3,20910.0,20930.0,6,20985.0,20960.0,20980.0,20895.0,567.0,59407350.0,4000
2023-05-09 21:06:34,zn2309,zn2309,20920.0,0.0,0.0,0.0,3,20910.0,20930.0,7,20985.0,20960.0,20980.0,20895.0,567.0,59407350.0,4000
2023-05-09 21:06:35,zn2309,zn2309,20920.0,0.0,0.0,0.0,3,20910.0,20925.0,2,20985.0,20960.0,20980.0,20895.0,567.0,59407350.0,4000
2023-05-09 21:06:36,zn2309,zn2309,20920.0,0.0,0.0,0.0,4,20910.0,20920.0,1,20985.0,20960.0,20980.0,20895.0,567.0,59407350.0,4000
2023-05-09 21:06:36,zn2309,zn2309,20920.0,1.0,104600.0,0.0,3,20915.0,20925.0,2,20985.0,20960.0,20980.0,20895.0,568.0,59511950.0,4000
2023-05-09 21:06:37,zn2309,zn2309,20920.0,0.0,0.0,0.0,4,20915.0,20930.0,5,20985.0,20960.0,20980.0,20895.0,568.0,59511950.0,4000
2023-05-09 21:06:37,zn2309,zn2309,20920.0,0.0,0.0,0.0,1,20915.0,20920.0,2,20985.0,20960.0,20980.0,20895.0,568.0,59511950.0,4000
2023-05-09 21:06:38,zn2309,zn2309,20920.0,0.0,0.0,0.0,4,20910.0,20930.0,2,20985.0,20960.0,20980.0,20895.0,568.0,59511950.0,4000
2023-05-09 21:06:38,zn2309,zn2309,20920.0,0.0,0.0,0.0,4,20910.0,20925.0,1,20985.0,20960.0,20980.0,20895.0,568.0,59511950.0,4000
2023-05-09 21:06:39,zn2309,zn2309,20920.0,0.0,0.0,0.0,2,20915.0,20925.0,1,20985.0,20960.0,20980.0,20895.0,568.0,59511950.0,4000
2023-05-09 21:06:39,zn2309,zn2309,20920.0,0.0,0.0,0.0,2,20915.0,20925.0,1,20985.0,20960.0,20980.0,20895.0,568.0,59511950.0,4000
2023-05-09 21:06:42,zn2309,zn2309,20920.0,0.0,0.0,0.0,3,20915.0,20925.0,1,20985.0,20960.0,20980.0,20895.0,568.0,59511950.0,4000
2023-05-09 21:06:43,zn2309,zn2309,20920.0,0.0,0.0,0.0,4,20915.0,20925.0,1,20985.0,20960.0,20980.0,20895.0,568.0,59511950.0,4000
2023-05-09 21:06:43,zn2309,zn2309,20925.0,1.0,104625.0,0.0,1,20920.0,20930.0,3,20985.0,20960.0,20980.0,20895.0,569.0,59616575.0,4000
2023-05-09 21:06:44,zn2309,zn2309,20925.0,0.0,0.0,0.0,2,20920.0,20930.0,1,20985.0,20960.0,20980.0,20895.0,569.0,59616575.0,4000
2023-05-09 21:06:44,zn2309,zn2309,20925.0,0.0,0.0,0.0,1,20920.0,20930.0,1,20985.0,20960.0,20980.0,20895.0,569.0,59616575.0,4000
2023-05-09 21:06:45,zn2309,zn2309,20925.0,0.0,0.0,0.0,4,20915.0,20930.0,2,20985.0,20960.0,20980.0,20895.0,569.0,59616575.0,4000
2023-05-09 21:06:46,zn2309,zn2309,20925.0,0.0,0.0,0.0,4,20915.0,20930.0,2,20985.0,20960.0,20980.0,20895.0,569.0,59616575.0,4000
2023-05-09 21:06:46,zn2309,zn2309,20925.0,0.0,0.0,0.0,9,20915.0,20930.0,2,20985.0,20960.0,20980.0,20895.0,569.0,59616575.0,4000
2023-05-09 21:06:47,zn2309,zn2309,20925.0,0.0,0.0,0.0,10,20915.0,20930.0,2,20985.0,20960.0,20980.0,20895.0,569.0,59616575.0,4000
2023-05-09 21:06:57,zn2309,zn2309,20925.0,0.0,0.0,0.0,9,20915.0,20930.0,2,20985.0,20960.0,20980.0,20895.0,569.0,59616575.0,4000
2023-05-09 21:06:59,zn2309,zn2309,20925.0,0.0,0.0,0.0,9,20915.0,20930.0,4,20985.0,20960.0,20980.0,20895.0,569.0,59616575.0,4000
2023-05-09 21:07:00,zn2309,zn2309,20925.0,0.0,0.0,0.0,4,20915.0,20930.0,4,20985.0,20960.0,20980.0,20895.0,569.0,59616575.0,4000
2023-05-09 21:07:00,zn2309,zn2309,20925.0,0.0,0.0,0.0,4,20915.0,20930.0,4,20985.0,20960.0,20980.0,20895.0,569.0,59616575.0,4000
2023-05-09 21:07:01,zn2309,zn2309,20925.0,0.0,0.0,0.0,5,20920.0,20930.0,5,20985.0,20960.0,20980.0,20895.0,569.0,59616575.0,4000
2023-05-09 21:07:02,zn2309,zn2309,20920.0,5.0,523000.0,0.0,3,20910.0,20925.0,2,20985.0,20960.0,20980.0,20895.0,574.0,60139575.0,4000
2023-05-09 21:07:02,zn2309,zn2309,20920.0,0.0,0.0,0.0,4,20910.0,20925.0,3,20985.0,20960.0,20980.0,20895.0,574.0,60139575.0,4000
2023-05-09 21:07:04,zn2309,zn2309,20920.0,0.0,0.0,0.0,4,20910.0,20925.0,3,20985.0,20960.0,20980.0,20895.0,574.0,60139575.0,4000
2023-05-09 21:07:05,zn2309,zn2309,20920.0,0.0,0.0,0.0,3,20915.0,20925.0,3,20985.0,20960.0,20980.0,20895.0,574.0,60139575.0,4000
2023-05-09 21:07:05,zn2309,zn2309,20920.0,0.0,0.0,0.0,1,20915.0,20925.0,3,20985.0,20960.0,20980.0,20895.0,574.0,60139575.0,4000
2023-05-09 21:07:06,zn2309,zn2309,20920.0,0.0,0.0,0.0,2,20915.0,20930.0,2,20985.0,20960.0,20980.0,20895.0,574.0,60139575.0,4000
2023-05-09 21:07:06,zn2309,zn2309,20920.0,0.0,0.0,0.0,4,20910.0,20930.0,4,20985.0,20960.0,20980.0,20895.0,574.0,60139575.0,4000
2023-05-09 21:07:07,zn2309,zn2309,20920.0,0.0,0.0,0.0,4,20910.0,20925.0,2,20985.0,20960.0,20980.0,20895.0,574.0,60139575.0,4000
2023-05-09 21:07:07,zn2309,zn2309,20920.0,0.0,0.0,0.0,3,20915.0,20930.0,2,20985.0,20960.0,20980.0,20895.0,574.0,60139575.0,4000
2023-05-09 21:07:08,zn2309,zn2309,20920.0,0.0,0.0,0.0,9,20910.0,20930.0,4,20985.0,20960.0,20980.0,20895.0,574.0,60139575.0,4000
2023-05-09 21:07:08,zn2309,zn2309,20920.0,0.0,0.0,0.0,9,20910.0,20930.0,7,20985.0,20960.0,20980.0,20895.0,574.0,60139575.0,4000
2023-05-09 21:07:10,zn2309,zn2309,20920.0,0.0,0.0,0.0,9,20910.0,20925.0,2,20985.0,20960.0,20980.0,20895.0,574.0,60139575.0,4000
2023-05-09 21:07:10,zn2309,zn2309,20920.0,0.0,0.0,0.0,9,20910.0,20925.0,3,20985.0,20960.0,20980.0,20895.0,574.0,60139575.0,4000
2023-05-09 21:07:12,zn2309,zn2309,20920.0,0.0,0.0,0.0,7,20910.0,20925.0,7,20985.0,20960.0,20980.0,20895.0,574.0,60139575.0,4000
2023-05-09 21:07:13,zn2309,zn2309,20920.0,0.0,0.0,0.0,2,20910.0,20920.0,2,20985.0,20960.0,20980.0,20895.0,574.0,60139575.0,4000
2023-05-09 21:07:13,zn2309,zn2309,20920.0,0.0,0.0,0.0,2,20910.0,20920.0,3,20985.0,20960.0,20980.0,20895.0,574.0,60139575.0,4000
2023-05-09 21:07:14,zn2309,zn2309,20920.0,0.0,0.0,0.0,2,20910.0,20920.0,3,20985.0,20960.0,20980.0,20895.0,574.0,60139575.0,4000
2023-05-09 21:07:14,zn2309,zn2309,20920.0,0.0,0.0,0.0,2,20910.0,20920.0,2,20985.0,20960.0,20980.0,20895.0,574.0,60139575.0,4000
2023-05-09 21:07:15,zn2309,zn2309,20920.0,0.0,0.0,0.0,3,20910.0,20925.0,1,20985.0,20960.0,20980.0,20895.0,574.0,60139575.0,4000
2023-05-09 21:07:15,zn2309,zn2309,20920.0,0.0,0.0,0.0,3,20910.0,20925.0,3,20985.0,20960.0,20980.0,20895.0,574.0,60139575.0,4000
2023-05-09 21:07:16,zn2309,zn2309,20920.0,0.0,0.0,0.0,3,20910.0,20920.0,2,20985.0,20960.0,20980.0,20895.0,574.0,60139575.0,4000
2023-05-09 21:07:17,zn2309,zn2309,20920.0,0.0,0.0,0.0,3,20910.0,20920.0,2,20985.0,20960.0,20980.0,20895.0,574.0,60139575.0,4000
2023-05-09 21:07:17,zn2309,zn2309,20920.0,0.0,0.0,0.0,2,20910.0,20920.0,2,20985.0,20960.0,20980.0,20895.0,574.0,60139575.0,4000
2023-05-09 21:07:19,zn2309,zn2309,20920.0,1.0,104600.0,-1.0,2,20910.0,20920.0,1,20985.0,20960.0,20980.0,20895.0,575.0,60244175.0,3999
2023-05-09 21:07:25,zn2309,zn2309,20920.0,0.0,0.0,0.0,2,20910.0,20925.0,3,20985.0,20960.0,20980.0,20895.0,575.0,60244175.0,3999
2023-05-09 21:07:26,zn2309,zn2309,20920.0,0.0,0.0,0.0,2,20910.0,20925.0,3,20985.0,20960.0,20980.0,20895.0,575.0,60244175.0,3999
2023-05-09 21:07:39,zn2309,zn2309,20920.0,0.0,0.0,0.0,2,20910.0,20925.0,3,20985.0,20960.0,20980.0,20895.0,575.0,60244175.0,3999
2023-05-09 21:07:46,zn2309,zn2309,20920.0,0.0,0.0,0.0,4,20910.0,20925.0,3,20985.0,20960.0,20980.0,20895.0,575.0,60244175.0,3999
2023-05-09 21:07:52,zn2309,zn2309,20920.0,0.0,0.0,0.0,2,20910.0,20925.0,3,20985.0,20960.0,20980.0,20895.0,575.0,60244175.0,3999
2023-05-09 21:07:53,zn2309,zn2309,20920.0,0.0,0.0,0.0,4,20910.0,20925.0,3,20985.0,20960.0,20980.0,20895.0,575.0,60244175.0,3999
2023-05-09 21:07:54,zn2309,zn2309,20920.0,0.0,0.0,0.0,2,20910.0,20925.0,3,20985.0,20960.0,20980.0,20895.0,575.0,60244175.0,3999
2023-05-09 21:07:55,zn2309,zn2309,20920.0,0.0,0.0,0.0,3,20915.0,20925.0,1,20985.0,20960.0,20980.0,20895.0,575.0,60244175.0,3999
2023-05-09 21:07:55,zn2309,zn2309,20920.0,0.0,0.0,0.0,5,20915.0,20930.0,1,20985.0,20960.0,20980.0,20895.0,575.0,60244175.0,3999
2023-05-09 21:07:56,zn2309,zn2309,20920.0,0.0,0.0,0.0,5,20915.0,20930.0,4,20985.0,20960.0,20980.0,20895.0,575.0,60244175.0,3999
2023-05-09 21:07:56,zn2309,zn2309,20920.0,0.0,0.0,0.0,4,20915.0,20930.0,4,20985.0,20960.0,20980.0,20895.0,575.0,60244175.0,3999
2023-05-09 21:07:57,zn2309,zn2309,20920.0,0.0,0.0,0.0,2,20915.0,20930.0,4,20985.0,20960.0,20980.0,20895.0,575.0,60244175.0,3999
2023-05-09 21:07:57,zn2309,zn2309,20920.0,0.0,0.0,0.0,1,20915.0,20930.0,5,20985.0,20960.0,20980.0,20895.0,575.0,60244175.0,3999
2023-05-09 21:07:58,zn2309,zn2309,20920.0,0.0,0.0,0.0,1,20915.0,20925.0,2,20985.0,20960.0,20980.0,20895.0,575.0,60244175.0,3999
2023-05-09 21:07:58,zn2309,zn2309,20920.0,0.0,0.0,0.0,1,20915.0,20925.0,3,20985.0,20960.0,20980.0,20895.0,575.0,60244175.0,3999
2023-05-09 21:08:00,zn2309,zn2309,20920.0,0.0,0.0,0.0,1,20915.0,20925.0,4,20985.0,20960.0,20980.0,20895.0,575.0,60244175.0,3999
2023-05-09 21:08:02,zn2309,zn2309,20920.0,0.0,0.0,0.0,1,20915.0,20925.0,2,20985.0,20960.0,20980.0,20895.0,575.0,60244175.0,3999
2023-05-09 21:08:03,zn2309,zn2309,20920.0,0.0,0.0,0.0,1,20915.0,20930.0,2,20985.0,20960.0,20980.0,20895.0,575.0,60244175.0,3999
2023-05-09 21:08:03,zn2309,zn2309,20920.0,0.0,0.0,0.0,1,20915.0,20930.0,4,20985.0,20960.0,20980.0,20895.0,575.0,60244175.0,3999
2023-05-09 21:08:05,zn2309,zn2309,20920.0,0.0,0.0,0.0,1,20915.0,20925.0,1,20985.0,20960.0,20980.0,20895.0,575.0,60244175.0,3999
2023-05-09 21:08:06,zn2309,zn2309,20920.0,0.0,0.0,0.0,2,20915.0,20925.0,1,20985.0,20960.0,20980.0,20895.0,575.0,60244175.0,3999
2023-05-09 21:08:06,zn2309,zn2309,20920.0,0.0,0.0,0.0,2,20915.0,20930.0,4,20985.0,20960.0,20980.0,20895.0,575.0,60244175.0,3999
2023-05-09 21:08:07,zn2309,zn2309,20920.0,0.0,0.0,0.0,2,20915.0,20930.0,4,20985.0,20960.0,20980.0,20895.0,575.0,60244175.0,3999
2023-05-09 21:08:07,zn2309,zn2309,20920.0,0.0,0.0,0.0,3,20915.0,20925.0,1,20985.0,20960.0,20980.0,20895.0,575.0,60244175.0,3999
2023-05-09 21:08:08,zn2309,zn2309,20920.0,0.0,0.0,0.0,3,20915.0,20930.0,4,20985.0,20960.0,20980.0,20895.0,575.0,60244175.0,3999
2023-05-09 21:08:09,zn2309,zn2309,20920.0,0.0,0.0,0.0,2,20920.0,20930.0,1,20985.0,20960.0,20980.0,20895.0,575.0,60244175.0,3999
2023-05-09 21:08:09,zn2309,zn2309,20920.0,0.0,0.0,0.0,2,20920.0,20930.0,1,20985.0,20960.0,20980.0,20895.0,575.0,60244175.0,3999
2023-05-09 21:08:10,zn2309,zn2309,20920.0,0.0,0.0,0.0,3,20920.0,20935.0,2,20985.0,20960.0,20980.0,20895.0,575.0,60244175.0,3999
2023-05-09 21:08:10,zn2309,zn2309,20920.0,0.0,0.0,0.0,3,20920.0,20930.0,1,20985.0,20960.0,20980.0,20895.0,575.0,60244175.0,3999
2023-05-09 21:08:11,zn2309,zn2309,20920.0,0.0,0.0,0.0,3,20920.0,20935.0,4,20985.0,20960.0,20980.0,20895.0,575.0,60244175.0,3999
2023-05-09 21:08:11,zn2309,zn2309,20920.0,0.0,0.0,0.0,3,20915.0,20935.0,6,20985.0,20960.0,20980.0,20895.0,575.0,60244175.0,3999
2023-05-09 21:08:12,zn2309,zn2309,20920.0,0.0,0.0,0.0,4,20915.0,20930.0,2,20985.0,20960.0,20980.0,20895.0,575.0,60244175.0,3999
2023-05-09 21:08:12,zn2309,zn2309,20920.0,0.0,0.0,0.0,4,20915.0,20930.0,2,20985.0,20960.0,20980.0,20895.0,575.0,60244175.0,3999
2023-05-09 21:08:13,zn2309,zn2309,20920.0,0.0,0.0,0.0,2,20920.0,20930.0,1,20985.0,20960.0,20980.0,20895.0,575.0,60244175.0,3999
2023-05-09 21:08:13,zn2309,zn2309,20920.0,0.0,0.0,0.0,3,20920.0,20935.0,2,20985.0,20960.0,20980.0,20895.0,575.0,60244175.0,3999
2023-05-09 21:08:14,zn2309,zn2309,20920.0,0.0,0.0,0.0,3,20920.0,20935.0,5,20985.0,20960.0,20980.0,20895.0,575.0,60244175.0,3999
2023-05-09 21:08:15,zn2309,zn2309,20920.0,0.0,0.0,0.0,3,20920.0,20935.0,4,20985.0,20960.0,20980.0,20895.0,575.0,60244175.0,3999
2023-05-09 21:08:15,zn2309,zn2309,20920.0,0.0,0.0,0.0,3,20920.0,20935.0,4,20985.0,20960.0,20980.0,20895.0,575.0,60244175.0,3999
2023-05-09 21:08:16,zn2309,zn2309,20920.0,0.0,0.0,0.0,5,20920.0,20935.0,2,20985.0,20960.0,20980.0,20895.0,575.0,60244175.0,3999
2023-05-09 21:08:16,zn2309,zn2309,20920.0,0.0,0.0,0.0,4,20920.0,20935.0,5,20985.0,20960.0,20980.0,20895.0,575.0,60244175.0,3999
2023-05-09 21:08:17,zn2309,zn2309,20920.0,0.0,0.0,0.0,4,20920.0,20935.0,4,20985.0,20960.0,20980.0,20895.0,575.0,60244175.0,3999
2023-05-09 21:08:17,zn2309,zn2309,20920.0,0.0,0.0,0.0,1,20925.0,20935.0,4,20985.0,20960.0,20980.0,20895.0,575.0,60244175.0,3999
2023-05-09 21:08:18,zn2309,zn2309,20920.0,0.0,0.0,0.0,1,20925.0,20935.0,1,20985.0,20960.0,20980.0,20895.0,575.0,60244175.0,3999
2023-05-09 21:08:18,zn2309,zn2309,20920.0,0.0,0.0,0.0,1,20925.0,20940.0,2,20985.0,20960.0,20980.0,20895.0,575.0,60244175.0,3999
2023-05-09 21:08:19,zn2309,zn2309,20920.0,0.0,0.0,0.0,1,20925.0,20940.0,5,20985.0,20960.0,20980.0,20895.0,575.0,60244175.0,3999
2023-05-09 21:08:20,zn2309,zn2309,20920.0,0.0,0.0,0.0,1,20925.0,20940.0,6,20985.0,20960.0,20980.0,20895.0,575.0,60244175.0,3999
2023-05-09 21:08:27,zn2309,zn2309,20920.0,0.0,0.0,0.0,1,20925.0,20935.0,4,20985.0,20960.0,20980.0,20895.0,575.0,60244175.0,3999
2023-05-09 21:08:28,zn2309,zn2309,20920.0,0.0,0.0,0.0,1,20925.0,20935.0,4,20985.0,20960.0,20980.0,20895.0,575.0,60244175.0,3999
2023-05-09 21:08:28,zn2309,zn2309,20920.0,0.0,0.0,0.0,2,20925.0,20935.0,4,20985.0,20960.0,20980.0,20895.0,575.0,60244175.0,3999
2023-05-09 21:08:29,zn2309,zn2309,20920.0,0.0,0.0,0.0,4,20920.0,20935.0,5,20985.0,20960.0,20980.0,20895.0,575.0,60244175.0,3999
2023-05-09 21:08:29,zn2309,zn2309,20920.0,0.0,0.0,0.0,4,20920.0,20930.0,2,20985.0,20960.0,20980.0,20895.0,575.0,60244175.0,3999
2023-05-09 21:08:30,zn2309,zn2309,20920.0,0.0,0.0,0.0,4,20920.0,20930.0,4,20985.0,20960.0,20980.0,20895.0,575.0,60244175.0,3999
2023-05-09 21:08:31,zn2309,zn2309,20920.0,0.0,0.0,0.0,4,20915.0,20930.0,5,20985.0,20960.0,20980.0,20895.0,575.0,60244175.0,3999
2023-05-09 21:08:32,zn2309,zn2309,20920.0,0.0,0.0,0.0,5,20915.0,20925.0,4,20985.0,20960.0,20980.0,20895.0,575.0,60244175.0,3999
2023-05-09 21:08:32,zn2309,zn2309,20920.0,0.0,0.0,0.0,2,20915.0,20925.0,4,20985.0,20960.0,20980.0,20895.0,575.0,60244175.0,3999
2023-05-09 21:08:33,zn2309,zn2309,20920.0,0.0,0.0,0.0,2,20915.0,20925.0,4,20985.0,20960.0,20980.0,20895.0,575.0,60244175.0,3999
2023-05-09 21:08:41,zn2309,zn2309,20920.0,0.0,0.0,0.0,3,20910.0,20925.0,5,20985.0,20960.0,20980.0,20895.0,575.0,60244175.0,3999
2023-05-09 21:08:41,zn2309,zn2309,20920.0,0.0,0.0,0.0,1,20915.0,20920.0,2,20985.0,20960.0,20980.0,20895.0,575.0,60244175.0,3999
2023-05-09 21:08:42,zn2309,zn2309,20920.0,0.0,0.0,0.0,3,20910.0,20920.0,2,20985.0,20960.0,20980.0,20895.0,575.0,60244175.0,3999
2023-05-09 21:08:42,zn2309,zn2309,20920.0,0.0,0.0,0.0,3,20910.0,20920.0,4,20985.0,20960.0,20980.0,20895.0,575.0,60244175.0,3999
2023-05-09 21:08:44,zn2309,zn2309,20920.0,0.0,0.0,0.0,4,20910.0,20920.0,4,20985.0,20960.0,20980.0,20895.0,575.0,60244175.0,3999
2023-05-09 21:08:44,zn2309,zn2309,20920.0,0.0,0.0,0.0,3,20910.0,20920.0,4,20985.0,20960.0,20980.0,20895.0,575.0,60244175.0,3999
2023-05-09 21:08:45,zn2309,zn2309,20920.0,0.0,0.0,0.0,5,20910.0,20920.0,4,20985.0,20960.0,20980.0,20895.0,575.0,60244175.0,3999
2023-05-09 21:08:46,zn2309,zn2309,20920.0,0.0,0.0,0.0,3,20910.0,20920.0,4,20985.0,20960.0,20980.0,20895.0,575.0,60244175.0,3999
2023-05-09 21:08:49,zn2309,zn2309,20920.0,0.0,0.0,0.0,1,20910.0,20920.0,5,20985.0,20960.0,20980.0,20895.0,575.0,60244175.0,3999
2023-05-09 21:08:50,zn2309,zn2309,20920.0,0.0,0.0,0.0,1,20910.0,20920.0,5,20985.0,20960.0,20980.0,20895.0,575.0,60244175.0,3999
2023-05-09 21:08:50,zn2309,zn2309,20920.0,0.0,0.0,0.0,1,20910.0,20915.0,2,20985.0,20960.0,20980.0,20895.0,575.0,60244175.0,3999
2023-05-09 21:08:51,zn2309,zn2309,20920.0,0.0,0.0,0.0,1,20910.0,20915.0,4,20985.0,20960.0,20980.0,20895.0,575.0,60244175.0,3999
2023-05-09 21:08:52,zn2309,zn2309,20915.0,1.0,104575.0,-1.0,1,20910.0,20915.0,3,20985.0,20960.0,20980.0,20895.0,576.0,60348750.0,3998
2023-05-09 21:08:53,zn2309,zn2309,20915.0,1.0,104575.0,-1.0,1,20910.0,20915.0,3,20985.0,20960.0,20980.0,20895.0,577.0,60453325.0,3997
2023-05-09 21:08:53,zn2309,zn2309,20915.0,0.0,0.0,0.0,1,20910.0,20920.0,1,20985.0,20960.0,20980.0,20895.0,577.0,60453325.0,3997
2023-05-09 21:08:54,zn2309,zn2309,20915.0,0.0,0.0,0.0,1,20910.0,20915.0,1,20985.0,20960.0,20980.0,20895.0,577.0,60453325.0,3997
2023-05-09 21:08:54,zn2309,zn2309,20915.0,0.0,0.0,0.0,1,20910.0,20915.0,1,20985.0,20960.0,20980.0,20895.0,577.0,60453325.0,3997
2023-05-09 21:09:00,zn2309,zn2309,20915.0,1.0,104575.0,0.0,1,20910.0,20920.0,5,20985.0,20960.0,20980.0,20895.0,578.0,60557900.0,3997
2023-05-09 21:09:00,zn2309,zn2309,20915.0,0.0,0.0,0.0,1,20915.0,20920.0,4,20985.0,20960.0,20980.0,20895.0,578.0,60557900.0,3997
2023-05-09 21:09:02,zn2309,zn2309,20915.0,1.0,104575.0,-1.0,1,20910.0,20915.0,1,20985.0,20960.0,20980.0,20895.0,579.0,60662475.0,3996
2023-05-09 21:09:03,zn2309,zn2309,20915.0,1.0,104575.0,0.0,6,20910.0,20915.0,2,20985.0,20960.0,20980.0,20895.0,580.0,60767050.0,3996
2023-05-09 21:09:03,zn2309,zn2309,20915.0,2.0,209150.0,-2.0,7,20910.0,20925.0,2,20985.0,20960.0,20980.0,20895.0,582.0,60976200.0,3994
2023-05-09 21:09:04,zn2309,zn2309,20910.0,1.0,104550.0,0.0,6,20910.0,20925.0,4,20985.0,20960.0,20980.0,20895.0,583.0,61080750.0,3994
2023-05-09 21:09:04,zn2309,zn2309,20910.0,0.0,0.0,0.0,6,20910.0,20920.0,3,20985.0,20960.0,20980.0,20895.0,583.0,61080750.0,3994
2023-05-09 21:09:05,zn2309,zn2309,20910.0,0.0,0.0,0.0,6,20910.0,20920.0,3,20985.0,20960.0,20980.0,20895.0,583.0,61080750.0,3994
2023-05-09 21:09:06,zn2309,zn2309,20910.0,0.0,0.0,0.0,6,20910.0,20920.0,3,20985.0,20960.0,20980.0,20895.0,583.0,61080750.0,3994
2023-05-09 21:09:06,zn2309,zn2309,20910.0,0.0,0.0,0.0,1,20910.0,20920.0,3,20985.0,20960.0,20980.0,20895.0,583.0,61080750.0,3994
2023-05-09 21:09:07,zn2309,zn2309,20910.0,0.0,0.0,0.0,3,20905.0,20920.0,4,20985.0,20960.0,20980.0,20895.0,583.0,61080750.0,3994
2023-05-09 21:09:07,zn2309,zn2309,20910.0,0.0,0.0,0.0,1,20910.0,20920.0,4,20985.0,20960.0,20980.0,20895.0,583.0,61080750.0,3994
2023-05-09 21:09:08,zn2309,zn2309,20910.0,0.0,0.0,0.0,1,20910.0,20920.0,4,20985.0,20960.0,20980.0,20895.0,583.0,61080750.0,3994
2023-05-09 21:09:09,zn2309,zn2309,20910.0,0.0,0.0,0.0,4,20910.0,20920.0,3,20985.0,20960.0,20980.0,20895.0,583.0,61080750.0,3994
2023-05-09 21:09:14,zn2309,zn2309,20910.0,0.0,0.0,0.0,2,20910.0,20920.0,3,20985.0,20960.0,20980.0,20895.0,583.0,61080750.0,3994
2023-05-09 21:09:14,zn2309,zn2309,20920.0,3.0,313800.0,1.0,2,20915.0,20925.0,3,20985.0,20960.0,20980.0,20895.0,586.0,61394550.0,3995
2023-05-09 21:09:15,zn2309,zn2309,20920.0,0.0,0.0,0.0,2,20915.0,20925.0,1,20985.0,20960.0,20980.0,20895.0,586.0,61394550.0,3995
2023-05-09 21:09:15,zn2309,zn2309,20920.0,0.0,0.0,0.0,3,20915.0,20930.0,1,20985.0,20960.0,20980.0,20895.0,586.0,61394550.0,3995
2023-05-09 21:09:16,zn2309,zn2309,20920.0,0.0,0.0,0.0,4,20915.0,20930.0,4,20985.0,20960.0,20980.0,20895.0,586.0,61394550.0,3995
2023-05-09 21:09:16,zn2309,zn2309,20920.0,0.0,0.0,0.0,4,20915.0,20925.0,1,20985.0,20960.0,20980.0,20895.0,586.0,61394550.0,3995
2023-05-09 21:09:17,zn2309,zn2309,20920.0,0.0,0.0,0.0,5,20915.0,20925.0,1,20985.0,20960.0,20980.0,20895.0,586.0,61394550.0,3995
2023-05-09 21:09:17,zn2309,zn2309,20920.0,0.0,0.0,0.0,7,20915.0,20925.0,1,20985.0,20960.0,20980.0,20895.0,586.0,61394550.0,3995
2023-05-09 21:09:21,zn2309,zn2309,20920.0,0.0,0.0,0.0,6,20915.0,20925.0,1,20985.0,20960.0,20980.0,20895.0,586.0,61394550.0,3995
2023-05-09 21:09:22,zn2309,zn2309,20920.0,0.0,0.0,0.0,5,20915.0,20925.0,1,20985.0,20960.0,20980.0,20895.0,586.0,61394550.0,3995
2023-05-09 21:09:36,zn2309,zn2309,20925.0,1.0,104625.0,1.0,5,20915.0,20930.0,3,20985.0,20960.0,20980.0,20895.0,587.0,61499175.0,3996
2023-05-09 21:09:46,zn2309,zn2309,20925.0,0.0,0.0,0.0,5,20915.0,20930.0,3,20985.0,20960.0,20980.0,20895.0,587.0,61499175.0,3996
2023-05-09 21:09:47,zn2309,zn2309,20925.0,0.0,0.0,0.0,5,20915.0,20930.0,4,20985.0,20960.0,20980.0,20895.0,587.0,61499175.0,3996
2023-05-09 21:09:48,zn2309,zn2309,20925.0,0.0,0.0,0.0,5,20915.0,20930.0,3,20985.0,20960.0,20980.0,20895.0,587.0,61499175.0,3996
2023-05-09 21:09:49,zn2309,zn2309,20925.0,0.0,0.0,0.0,5,20915.0,20930.0,4,20985.0,20960.0,20980.0,20895.0,587.0,61499175.0,3996
2023-05-09 21:09:50,zn2309,zn2309,20925.0,0.0,0.0,0.0,5,20915.0,20930.0,4,20985.0,20960.0,20980.0,20895.0,587.0,61499175.0,3996
2023-05-09 21:09:51,zn2309,zn2309,20925.0,0.0,0.0,0.0,5,20915.0,20930.0,4,20985.0,20960.0,20980.0,20895.0,587.0,61499175.0,3996
2023-05-09 21:09:51,zn2309,zn2309,20925.0,0.0,0.0,0.0,1,20915.0,20925.0,2,20985.0,20960.0,20980.0,20895.0,587.0,61499175.0,3996
2023-05-09 21:09:52,zn2309,zn2309,20925.0,0.0,0.0,0.0,2,20910.0,20925.0,3,20985.0,20960.0,20980.0,20895.0,587.0,61499175.0,3996
2023-05-09 21:09:52,zn2309,zn2309,20925.0,0.0,0.0,0.0,2,20910.0,20925.0,3,20985.0,20960.0,20980.0,20895.0,587.0,61499175.0,3996
2023-05-09 21:09:53,zn2309,zn2309,20925.0,0.0,0.0,0.0,2,20910.0,20925.0,4,20985.0,20960.0,20980.0,20895.0,587.0,61499175.0,3996
2023-05-09 21:09:53,zn2309,zn2309,20925.0,0.0,0.0,0.0,3,20910.0,20925.0,4,20985.0,20960.0,20980.0,20895.0,587.0,61499175.0,3996
2023-05-09 21:09:55,zn2309,zn2309,20925.0,0.0,0.0,0.0,2,20915.0,20925.0,2,20985.0,20960.0,20980.0,20895.0,587.0,61499175.0,3996
2023-05-09 21:09:55,zn2309,zn2309,20925.0,0.0,0.0,0.0,2,20915.0,20925.0,2,20985.0,20960.0,20980.0,20895.0,587.0,61499175.0,3996
2023-05-09 21:09:56,zn2309,zn2309,20925.0,0.0,0.0,0.0,2,20915.0,20925.0,1,20985.0,20960.0,20980.0,20895.0,587.0,61499175.0,3996
2023-05-09 21:09:57,zn2309,zn2309,20925.0,0.0,0.0,0.0,2,20915.0,20925.0,2,20985.0,20960.0,20980.0,20895.0,587.0,61499175.0,3996
2023-05-09 21:09:58,zn2309,zn2309,20925.0,0.0,0.0,0.0,2,20915.0,20925.0,2,20985.0,20960.0,20980.0,20895.0,587.0,61499175.0,3996
2023-05-09 21:09:58,zn2309,zn2309,20925.0,0.0,0.0,0.0,2,20915.0,20930.0,2,20985.0,20960.0,20980.0,20895.0,587.0,61499175.0,3996
2023-05-09 21:09:59,zn2309,zn2309,20925.0,0.0,0.0,0.0,4,20915.0,20930.0,4,20985.0,20960.0,20980.0,20895.0,587.0,61499175.0,3996
2023-05-09 21:10:00,zn2309,zn2309,20925.0,0.0,0.0,0.0,4,20915.0,20930.0,5,20985.0,20960.0,20980.0,20895.0,587.0,61499175.0,3996
2023-05-09 21:10:00,zn2309,zn2309,20925.0,0.0,0.0,0.0,4,20915.0,20930.0,4,20985.0,20960.0,20980.0,20895.0,587.0,61499175.0,3996
2023-05-09 21:10:01,zn2309,zn2309,20925.0,0.0,0.0,0.0,4,20915.0,20930.0,5,20985.0,20960.0,20980.0,20895.0,587.0,61499175.0,3996
2023-05-09 21:10:03,zn2309,zn2309,20925.0,0.0,0.0,0.0,4,20915.0,20930.0,4,20985.0,20960.0,20980.0,20895.0,587.0,61499175.0,3996
2023-05-09 21:10:04,zn2309,zn2309,20925.0,0.0,0.0,0.0,4,20915.0,20930.0,5,20985.0,20960.0,20980.0,20895.0,587.0,61499175.0,3996
2023-05-09 21:10:05,zn2309,zn2309,20925.0,0.0,0.0,0.0,1,20915.0,20930.0,5,20985.0,20960.0,20980.0,20895.0,587.0,61499175.0,3996
2023-05-09 21:10:05,zn2309,zn2309,20925.0,0.0,0.0,0.0,3,20915.0,20930.0,6,20985.0,20960.0,20980.0,20895.0,587.0,61499175.0,3996
2023-05-09 21:10:06,zn2309,zn2309,20930.0,3.0,313950.0,0.0,1,20920.0,20930.0,7,20985.0,20960.0,20980.0,20895.0,590.0,61813125.0,3996
2023-05-09 21:10:06,zn2309,zn2309,20930.0,0.0,0.0,0.0,1,20925.0,20930.0,6,20985.0,20960.0,20980.0,20895.0,590.0,61813125.0,3996
2023-05-09 21:10:07,zn2309,zn2309,20930.0,0.0,0.0,0.0,1,20925.0,20930.0,5,20985.0,20960.0,20980.0,20895.0,590.0,61813125.0,3996
2023-05-09 21:10:07,zn2309,zn2309,20930.0,0.0,0.0,0.0,1,20925.0,20930.0,5,20985.0,20960.0,20980.0,20895.0,590.0,61813125.0,3996
2023-05-09 21:10:08,zn2309,zn2309,20930.0,0.0,0.0,0.0,1,20925.0,20935.0,1,20985.0,20960.0,20980.0,20895.0,590.0,61813125.0,3996
2023-05-09 21:10:08,zn2309,zn2309,20930.0,0.0,0.0,0.0,1,20925.0,20935.0,2,20985.0,20960.0,20980.0,20895.0,590.0,61813125.0,3996
2023-05-09 21:10:09,zn2309,zn2309,20930.0,0.0,0.0,0.0,1,20925.0,20930.0,1,20985.0,20960.0,20980.0,20895.0,590.0,61813125.0,3996
2023-05-09 21:10:10,zn2309,zn2309,20930.0,0.0,0.0,0.0,1,20925.0,20940.0,2,20985.0,20960.0,20980.0,20895.0,590.0,61813125.0,3996
2023-05-09 21:10:10,zn2309,zn2309,20930.0,0.0,0.0,0.0,2,20920.0,20935.0,1,20985.0,20960.0,20980.0,20895.0,590.0,61813125.0,3996
2023-05-09 21:10:11,zn2309,zn2309,20930.0,0.0,0.0,0.0,3,20925.0,20935.0,1,20985.0,20960.0,20980.0,20895.0,590.0,61813125.0,3996
2023-05-09 21:10:11,zn2309,zn2309,20930.0,0.0,0.0,0.0,3,20920.0,20935.0,3,20985.0,20960.0,20980.0,20895.0,590.0,61813125.0,3996
2023-05-09 21:10:12,zn2309,zn2309,20930.0,0.0,0.0,0.0,1,20925.0,20935.0,3,20985.0,20960.0,20980.0,20895.0,590.0,61813125.0,3996
2023-05-09 21:10:12,zn2309,zn2309,20930.0,0.0,0.0,0.0,2,20925.0,20935.0,3,20985.0,20960.0,20980.0,20895.0,590.0,61813125.0,3996
2023-05-09 21:10:13,zn2309,zn2309,20930.0,0.0,0.0,0.0,1,20930.0,20935.0,3,20985.0,20960.0,20980.0,20895.0,590.0,61813125.0,3996
2023-05-09 21:10:13,zn2309,zn2309,20930.0,1.0,104650.0,-1.0,2,20925.0,20935.0,3,20985.0,20960.0,20980.0,20895.0,591.0,61917775.0,3995
2023-05-09 21:10:14,zn2309,zn2309,20930.0,0.0,0.0,0.0,2,20920.0,20935.0,3,20985.0,20960.0,20980.0,20895.0,591.0,61917775.0,3995
2023-05-09 21:10:14,zn2309,zn2309,20930.0,0.0,0.0,0.0,1,20925.0,20935.0,8,20985.0,20960.0,20980.0,20895.0,591.0,61917775.0,3995
2023-05-09 21:10:16,zn2309,zn2309,20930.0,0.0,0.0,0.0,1,20925.0,20935.0,9,20985.0,20960.0,20980.0,20895.0,591.0,61917775.0,3995
2023-05-09 21:10:17,zn2309,zn2309,20930.0,0.0,0.0,0.0,1,20925.0,20935.0,4,20985.0,20960.0,20980.0,20895.0,591.0,61917775.0,3995
2023-05-09 21:10:17,zn2309,zn2309,20930.0,0.0,0.0,0.0,1,20925.0,20935.0,3,20985.0,20960.0,20980.0,20895.0,591.0,61917775.0,3995
2023-05-09 21:10:18,zn2309,zn2309,20930.0,0.0,0.0,0.0,1,20925.0,20935.0,3,20985.0,20960.0,20980.0,20895.0,591.0,61917775.0,3995
2023-05-09 21:10:20,zn2309,zn2309,20930.0,0.0,0.0,0.0,2,20925.0,20935.0,1,20985.0,20960.0,20980.0,20895.0,591.0,61917775.0,3995
2023-05-09 21:10:20,zn2309,zn2309,20930.0,0.0,0.0,0.0,2,20925.0,20940.0,2,20985.0,20960.0,20980.0,20895.0,591.0,61917775.0,3995
2023-05-09 21:10:21,zn2309,zn2309,20930.0,0.0,0.0,0.0,2,20925.0,20940.0,4,20985.0,20960.0,20980.0,20895.0,591.0,61917775.0,3995
2023-05-09 21:10:22,zn2309,zn2309,20930.0,0.0,0.0,0.0,2,20925.0,20940.0,5,20985.0,20960.0,20980.0,20895.0,591.0,61917775.0,3995
2023-05-09 21:10:23,zn2309,zn2309,20930.0,0.0,0.0,0.0,2,20925.0,20935.0,3,20985.0,20960.0,20980.0,20895.0,591.0,61917775.0,3995
2023-05-09 21:10:24,zn2309,zn2309,20930.0,0.0,0.0,0.0,2,20930.0,20935.0,3,20985.0,20960.0,20980.0,20895.0,591.0,61917775.0,3995
2023-05-09 21:10:24,zn2309,zn2309,20930.0,0.0,0.0,0.0,2,20930.0,20935.0,2,20985.0,20960.0,20980.0,20895.0,591.0,61917775.0,3995
2023-05-09 21:10:25,zn2309,zn2309,20930.0,0.0,0.0,0.0,2,20930.0,20935.0,2,20985.0,20960.0,20980.0,20895.0,591.0,61917775.0,3995
2023-05-09 21:10:26,zn2309,zn2309,20935.0,1.0,104675.0,0.0,2,20930.0,20945.0,1,20985.0,20960.0,20980.0,20895.0,592.0,62022450.0,3995
2023-05-09 21:10:26,zn2309,zn2309,20935.0,0.0,0.0,0.0,4,20930.0,20940.0,2,20985.0,20960.0,20980.0,20895.0,592.0,62022450.0,3995
2023-05-09 21:10:27,zn2309,zn2309,20935.0,0.0,0.0,0.0,1,20930.0,20940.0,3,20985.0,20960.0,20980.0,20895.0,592.0,62022450.0,3995
2023-05-09 21:10:27,zn2309,zn2309,20935.0,0.0,0.0,0.0,2,20925.0,20935.0,2,20985.0,20960.0,20980.0,20895.0,592.0,62022450.0,3995
2023-05-09 21:10:28,zn2309,zn2309,20935.0,0.0,0.0,0.0,2,20925.0,20935.0,2,20985.0,20960.0,20980.0,20895.0,592.0,62022450.0,3995
2023-05-09 21:10:28,zn2309,zn2309,20935.0,0.0,0.0,0.0,3,20925.0,20935.0,2,20985.0,20960.0,20980.0,20895.0,592.0,62022450.0,3995
2023-05-09 21:10:31,zn2309,zn2309,20935.0,2.0,209350.0,-1.0,2,20930.0,20940.0,1,20985.0,20960.0,20980.0,20895.0,594.0,62231800.0,3994
2023-05-09 21:10:32,zn2309,zn2309,20935.0,0.0,0.0,0.0,2,20930.0,20935.0,1,20985.0,20960.0,20980.0,20895.0,594.0,62231800.0,3994
2023-05-09 21:10:32,zn2309,zn2309,20935.0,1.0,104675.0,0.0,3,20930.0,20940.0,1,20985.0,20960.0,20980.0,20895.0,595.0,62336475.0,3994
2023-05-09 21:10:33,zn2309,zn2309,20935.0,0.0,0.0,0.0,1,20930.0,20945.0,1,20985.0,20960.0,20980.0,20895.0,595.0,62336475.0,3994
2023-05-09 21:10:33,zn2309,zn2309,20935.0,0.0,0.0,0.0,1,20930.0,20945.0,3,20985.0,20960.0,20980.0,20895.0,595.0,62336475.0,3994
2023-05-09 21:10:34,zn2309,zn2309,20935.0,0.0,0.0,0.0,3,20925.0,20945.0,3,20985.0,20960.0,20980.0,20895.0,595.0,62336475.0,3994
2023-05-09 21:10:34,zn2309,zn2309,20935.0,0.0,0.0,0.0,4,20925.0,20940.0,1,20985.0,20960.0,20980.0,20895.0,595.0,62336475.0,3994
2023-05-09 21:10:35,zn2309,zn2309,20935.0,0.0,0.0,0.0,4,20925.0,20940.0,1,20985.0,20960.0,20980.0,20895.0,595.0,62336475.0,3994
2023-05-09 21:10:35,zn2309,zn2309,20935.0,0.0,0.0,0.0,4,20925.0,20940.0,3,20985.0,20960.0,20980.0,20895.0,595.0,62336475.0,3994
2023-05-09 21:10:37,zn2309,zn2309,20935.0,0.0,0.0,0.0,2,20930.0,20940.0,1,20985.0,20960.0,20980.0,20895.0,595.0,62336475.0,3994
2023-05-09 21:10:38,zn2309,zn2309,20935.0,0.0,0.0,0.0,3,20930.0,20945.0,2,20985.0,20960.0,20980.0,20895.0,595.0,62336475.0,3994
2023-05-09 21:10:38,zn2309,zn2309,20935.0,0.0,0.0,0.0,3,20930.0,20940.0,1,20985.0,20960.0,20980.0,20895.0,595.0,62336475.0,3994
2023-05-09 21:10:39,zn2309,zn2309,20935.0,0.0,0.0,0.0,3,20930.0,20945.0,2,20985.0,20960.0,20980.0,20895.0,595.0,62336475.0,3994
2023-05-09 21:10:39,zn2309,zn2309,20935.0,0.0,0.0,0.0,1,20935.0,20940.0,1,20985.0,20960.0,20980.0,20895.0,595.0,62336475.0,3994
2023-05-09 21:10:40,zn2309,zn2309,20935.0,0.0,0.0,0.0,1,20935.0,20940.0,1,20985.0,20960.0,20980.0,20895.0,595.0,62336475.0,3994
2023-05-09 21:10:40,zn2309,zn2309,20935.0,1.0,104675.0,-1.0,3,20930.0,20940.0,1,20985.0,20960.0,20980.0,20895.0,596.0,62441150.0,3993
2023-05-09 21:10:41,zn2309,zn2309,20935.0,0.0,0.0,0.0,3,20930.0,20945.0,3,20985.0,20960.0,20980.0,20895.0,596.0,62441150.0,3993
2023-05-09 21:10:41,zn2309,zn2309,20935.0,0.0,0.0,0.0,3,20930.0,20940.0,1,20985.0,20960.0,20980.0,20895.0,596.0,62441150.0,3993
2023-05-09 21:10:42,zn2309,zn2309,20935.0,0.0,0.0,0.0,3,20930.0,20940.0,1,20985.0,20960.0,20980.0,20895.0,596.0,62441150.0,3993
2023-05-09 21:10:51,zn2309,zn2309,20935.0,0.0,0.0,0.0,3,20930.0,20940.0,1,20985.0,20960.0,20980.0,20895.0,596.0,62441150.0,3993
2023-05-09 21:10:51,zn2309,zn2309,20935.0,0.0,0.0,0.0,3,20930.0,20940.0,1,20985.0,20960.0,20980.0,20895.0,596.0,62441150.0,3993
2023-05-09 21:10:52,zn2309,zn2309,20935.0,0.0,0.0,0.0,4,20930.0,20940.0,1,20985.0,20960.0,20980.0,20895.0,596.0,62441150.0,3993
2023-05-09 21:10:56,zn2309,zn2309,20935.0,0.0,0.0,0.0,4,20930.0,20940.0,1,20985.0,20960.0,20980.0,20895.0,596.0,62441150.0,3993
2023-05-09 21:10:58,zn2309,zn2309,20940.0,1.0,104700.0,0.0,1,20935.0,20950.0,2,20985.0,20960.0,20980.0,20895.0,597.0,62545850.0,3993
2023-05-09 21:10:58,zn2309,zn2309,20940.0,0.0,0.0,0.0,2,20935.0,20950.0,3,20985.0,20960.0,20980.0,20895.0,597.0,62545850.0,3993
2023-05-09 21:11:00,zn2309,zn2309,20940.0,0.0,0.0,0.0,3,20935.0,20950.0,3,20985.0,20960.0,20980.0,20895.0,597.0,62545850.0,3993
2023-05-09 21:11:00,zn2309,zn2309,20940.0,0.0,0.0,0.0,3,20935.0,20950.0,8,20985.0,20960.0,20980.0,20895.0,597.0,62545850.0,3993
2023-05-09 21:11:01,zn2309,zn2309,20940.0,0.0,0.0,0.0,5,20935.0,20945.0,1,20985.0,20960.0,20980.0,20895.0,597.0,62545850.0,3993
2023-05-09 21:11:01,zn2309,zn2309,20940.0,0.0,0.0,0.0,3,20935.0,20945.0,1,20985.0,20960.0,20980.0,20895.0,597.0,62545850.0,3993
2023-05-09 21:11:02,zn2309,zn2309,20940.0,0.0,0.0,0.0,2,20935.0,20945.0,2,20985.0,20960.0,20980.0,20895.0,597.0,62545850.0,3993
2023-05-09 21:11:03,zn2309,zn2309,20940.0,0.0,0.0,0.0,2,20935.0,20945.0,1,20985.0,20960.0,20980.0,20895.0,597.0,62545850.0,3993
2023-05-09 21:11:03,zn2309,zn2309,20940.0,0.0,0.0,0.0,3,20935.0,20950.0,6,20985.0,20960.0,20980.0,20895.0,597.0,62545850.0,3993
2023-05-09 21:11:04,zn2309,zn2309,20940.0,0.0,0.0,0.0,3,20935.0,20950.0,8,20985.0,20960.0,20980.0,20895.0,597.0,62545850.0,3993
2023-05-09 21:11:07,zn2309,zn2309,20940.0,0.0,0.0,0.0,3,20935.0,20950.0,7,20985.0,20960.0,20980.0,20895.0,597.0,62545850.0,3993
2023-05-09 21:11:07,zn2309,zn2309,20940.0,0.0,0.0,0.0,4,20935.0,20950.0,7,20985.0,20960.0,20980.0,20895.0,597.0,62545850.0,3993
2023-05-09 21:11:13,zn2309,zn2309,20940.0,0.0,0.0,0.0,1,20940.0,20950.0,5,20985.0,20960.0,20980.0,20895.0,597.0,62545850.0,3993
2023-05-09 21:11:14,zn2309,zn2309,20940.0,0.0,0.0,0.0,2,20940.0,20950.0,5,20985.0,20960.0,20980.0,20895.0,597.0,62545850.0,3993
2023-05-09 21:11:14,zn2309,zn2309,20940.0,0.0,0.0,0.0,5,20940.0,20950.0,5,20985.0,20960.0,20980.0,20895.0,597.0,62545850.0,3993
2023-05-09 21:11:15,zn2309,zn2309,20940.0,0.0,0.0,0.0,6,20940.0,20955.0,2,20985.0,20960.0,20980.0,20895.0,597.0,62545850.0,3993
2023-05-09 21:11:15,zn2309,zn2309,20940.0,0.0,0.0,0.0,6,20940.0,20955.0,3,20985.0,20960.0,20980.0,20895.0,597.0,62545850.0,3993
2023-05-09 21:11:16,zn2309,zn2309,20940.0,0.0,0.0,0.0,6,20940.0,20955.0,4,20985.0,20960.0,20980.0,20895.0,597.0,62545850.0,3993
2023-05-09 21:11:17,zn2309,zn2309,20940.0,0.0,0.0,0.0,6,20940.0,20955.0,3,20985.0,20960.0,20980.0,20895.0,597.0,62545850.0,3993
2023-05-09 21:11:18,zn2309,zn2309,20940.0,0.0,0.0,0.0,5,20940.0,20955.0,3,20985.0,20960.0,20980.0,20895.0,597.0,62545850.0,3993
2023-05-09 21:11:18,zn2309,zn2309,20940.0,0.0,0.0,0.0,2,20940.0,20955.0,3,20985.0,20960.0,20980.0,20895.0,597.0,62545850.0,3993
2023-05-09 21:11:19,zn2309,zn2309,20940.0,0.0,0.0,0.0,1,20940.0,20955.0,9,20985.0,20960.0,20980.0,20895.0,597.0,62545850.0,3993
2023-05-09 21:11:19,zn2309,zn2309,20940.0,0.0,0.0,0.0,5,20940.0,20955.0,9,20985.0,20960.0,20980.0,20895.0,597.0,62545850.0,3993
2023-05-09 21:11:20,zn2309,zn2309,20940.0,0.0,0.0,0.0,6,20940.0,20955.0,9,20985.0,20960.0,20980.0,20895.0,597.0,62545850.0,3993
2023-05-09 21:11:21,zn2309,zn2309,20940.0,0.0,0.0,0.0,6,20940.0,20955.0,8,20985.0,20960.0,20980.0,20895.0,597.0,62545850.0,3993
2023-05-09 21:11:22,zn2309,zn2309,20940.0,0.0,0.0,0.0,6,20940.0,20955.0,9,20985.0,20960.0,20980.0,20895.0,597.0,62545850.0,3993
2023-05-09 21:11:23,zn2309,zn2309,20940.0,0.0,0.0,0.0,6,20940.0,20955.0,8,20985.0,20960.0,20980.0,20895.0,597.0,62545850.0,3993
2023-05-09 21:11:24,zn2309,zn2309,20940.0,0.0,0.0,0.0,6,20940.0,20955.0,2,20985.0,20960.0,20980.0,20895.0,597.0,62545850.0,3993
2023-05-09 21:11:26,zn2309,zn2309,20940.0,0.0,0.0,0.0,6,20940.0,20955.0,2,20985.0,20960.0,20980.0,20895.0,597.0,62545850.0,3993
2023-05-09 21:11:26,zn2309,zn2309,20940.0,0.0,0.0,0.0,6,20940.0,20955.0,3,20985.0,20960.0,20980.0,20895.0,597.0,62545850.0,3993
2023-05-09 21:11:28,zn2309,zn2309,20955.0,1.0,104775.0,0.0,6,20940.0,20955.0,2,20985.0,20960.0,20980.0,20895.0,598.0,62650625.0,3993
2023-05-09 21:11:29,zn2309,zn2309,20955.0,0.0,0.0,0.0,6,20935.0,20950.0,1,20985.0,20960.0,20980.0,20895.0,598.0,62650625.0,3993
2023-05-09 21:11:29,zn2309,zn2309,20955.0,0.0,0.0,0.0,4,20935.0,20950.0,1,20985.0,20960.0,20980.0,20895.0,598.0,62650625.0,3993
2023-05-09 21:11:30,zn2309,zn2309,20955.0,0.0,0.0,0.0,4,20935.0,20950.0,2,20985.0,20960.0,20980.0,20895.0,598.0,62650625.0,3993
2023-05-09 21:11:31,zn2309,zn2309,20955.0,0.0,0.0,0.0,2,20940.0,20950.0,7,20985.0,20960.0,20980.0,20895.0,598.0,62650625.0,3993
2023-05-09 21:11:31,zn2309,zn2309,20955.0,0.0,0.0,0.0,2,20940.0,20950.0,6,20985.0,20960.0,20980.0,20895.0,598.0,62650625.0,3993
2023-05-09 21:11:32,zn2309,zn2309,20955.0,0.0,0.0,0.0,2,20940.0,20950.0,5,20985.0,20960.0,20980.0,20895.0,598.0,62650625.0,3993
2023-05-09 21:11:33,zn2309,zn2309,20955.0,0.0,0.0,0.0,3,20940.0,20950.0,5,20985.0,20960.0,20980.0,20895.0,598.0,62650625.0,3993
2023-05-09 21:11:33,zn2309,zn2309,20955.0,0.0,0.0,0.0,4,20940.0,20950.0,5,20985.0,20960.0,20980.0,20895.0,598.0,62650625.0,3993
2023-05-09 21:11:34,zn2309,zn2309,20955.0,0.0,0.0,0.0,4,20940.0,20955.0,1,20985.0,20960.0,20980.0,20895.0,598.0,62650625.0,3993
2023-05-09 21:11:34,zn2309,zn2309,20955.0,0.0,0.0,0.0,4,20940.0,20955.0,2,20985.0,20960.0,20980.0,20895.0,598.0,62650625.0,3993
2023-05-09 21:11:35,zn2309,zn2309,20955.0,0.0,0.0,0.0,5,20940.0,20955.0,2,20985.0,20960.0,20980.0,20895.0,598.0,62650625.0,3993
2023-05-09 21:11:36,zn2309,zn2309,20955.0,0.0,0.0,0.0,5,20940.0,20955.0,3,20985.0,20960.0,20980.0,20895.0,598.0,62650625.0,3993
2023-05-09 21:11:37,zn2309,zn2309,20955.0,0.0,0.0,0.0,3,20940.0,20955.0,3,20985.0,20960.0,20980.0,20895.0,598.0,62650625.0,3993
2023-05-09 21:11:37,zn2309,zn2309,20955.0,0.0,0.0,0.0,4,20940.0,20950.0,1,20985.0,20960.0,20980.0,20895.0,598.0,62650625.0,3993
2023-05-09 21:11:38,zn2309,zn2309,20955.0,0.0,0.0,0.0,5,20940.0,20955.0,7,20985.0,20960.0,20980.0,20895.0,598.0,62650625.0,3993
2023-05-09 21:11:39,zn2309,zn2309,20955.0,0.0,0.0,0.0,5,20940.0,20955.0,8,20985.0,20960.0,20980.0,20895.0,598.0,62650625.0,3993
2023-05-09 21:11:43,zn2309,zn2309,20955.0,0.0,0.0,0.0,5,20940.0,20955.0,7,20985.0,20960.0,20980.0,20895.0,598.0,62650625.0,3993
2023-05-09 21:11:45,zn2309,zn2309,20955.0,0.0,0.0,0.0,5,20940.0,20955.0,6,20985.0,20960.0,20980.0,20895.0,598.0,62650625.0,3993
2023-05-09 21:11:46,zn2309,zn2309,20955.0,0.0,0.0,0.0,11,20940.0,20955.0,6,20985.0,20960.0,20980.0,20895.0,598.0,62650625.0,3993
2023-05-09 21:11:46,zn2309,zn2309,20955.0,0.0,0.0,0.0,5,20945.0,20955.0,6,20985.0,20960.0,20980.0,20895.0,598.0,62650625.0,3993
2023-05-09 21:11:47,zn2309,zn2309,20955.0,0.0,0.0,0.0,7,20945.0,20955.0,6,20985.0,20960.0,20980.0,20895.0,598.0,62650625.0,3993
2023-05-09 21:11:47,zn2309,zn2309,20955.0,0.0,0.0,0.0,7,20945.0,20955.0,6,20985.0,20960.0,20980.0,20895.0,598.0,62650625.0,3993
2023-05-09 21:11:48,zn2309,zn2309,20955.0,6.0,628650.0,0.0,7,20945.0,20965.0,1,20985.0,20960.0,20980.0,20895.0,604.0,63279275.0,3993
2023-05-09 21:11:48,zn2309,zn2309,20955.0,0.0,0.0,0.0,3,20950.0,20965.0,2,20985.0,20960.0,20980.0,20895.0,604.0,63279275.0,3993
2023-05-09 21:11:49,zn2309,zn2309,20955.0,0.0,0.0,0.0,6,20950.0,20965.0,2,20985.0,20960.0,20980.0,20895.0,604.0,63279275.0,3993
2023-05-09 21:11:50,zn2309,zn2309,20955.0,0.0,0.0,0.0,7,20950.0,20965.0,2,20985.0,20960.0,20980.0,20895.0,604.0,63279275.0,3993
2023-05-09 21:11:50,zn2309,zn2309,20955.0,0.0,0.0,0.0,7,20950.0,20965.0,3,20985.0,20960.0,20980.0,20895.0,604.0,63279275.0,3993
2023-05-09 21:11:51,zn2309,zn2309,20955.0,0.0,0.0,0.0,6,20950.0,20965.0,3,20985.0,20960.0,20980.0,20895.0,604.0,63279275.0,3993
2023-05-09 21:11:52,zn2309,zn2309,20955.0,0.0,0.0,0.0,7,20950.0,20965.0,3,20985.0,20960.0,20980.0,20895.0,604.0,63279275.0,3993
2023-05-09 21:11:54,zn2309,zn2309,20955.0,0.0,0.0,0.0,2,20955.0,20965.0,2,20985.0,20960.0,20980.0,20895.0,604.0,63279275.0,3993
2023-05-09 21:11:54,zn2309,zn2309,20955.0,0.0,0.0,0.0,2,20955.0,20965.0,2,20985.0,20960.0,20980.0,20895.0,604.0,63279275.0,3993
2023-05-09 21:11:55,zn2309,zn2309,20955.0,0.0,0.0,0.0,6,20950.0,20965.0,2,20985.0,20960.0,20980.0,20895.0,604.0,63279275.0,3993
2023-05-09 21:12:01,zn2309,zn2309,20955.0,0.0,0.0,0.0,6,20950.0,20965.0,2,20985.0,20960.0,20980.0,20895.0,604.0,63279275.0,3993
2023-05-09 21:12:01,zn2309,zn2309,20955.0,0.0,0.0,0.0,2,20955.0,20965.0,2,20985.0,20960.0,20980.0,20895.0,604.0,63279275.0,3993
2023-05-09 21:12:02,zn2309,zn2309,20955.0,0.0,0.0,0.0,6,20950.0,20965.0,2,20985.0,20960.0,20980.0,20895.0,604.0,63279275.0,3993
2023-05-09 21:12:04,zn2309,zn2309,20955.0,0.0,0.0,0.0,6,20950.0,20965.0,3,20985.0,20960.0,20980.0,20895.0,604.0,63279275.0,3993
2023-05-09 21:12:05,zn2309,zn2309,20955.0,0.0,0.0,0.0,2,20950.0,20965.0,2,20985.0,20960.0,20980.0,20895.0,604.0,63279275.0,3993
2023-05-09 21:12:05,zn2309,zn2309,20955.0,0.0,0.0,0.0,1,20950.0,20965.0,5,20985.0,20960.0,20980.0,20895.0,604.0,63279275.0,3993
2023-05-09 21:12:06,zn2309,zn2309,20955.0,0.0,0.0,0.0,1,20950.0,20960.0,2,20985.0,20960.0,20980.0,20895.0,604.0,63279275.0,3993
2023-05-09 21:12:07,zn2309,zn2309,20955.0,0.0,0.0,0.0,2,20955.0,20960.0,1,20985.0,20960.0,20980.0,20895.0,604.0,63279275.0,3993
2023-05-09 21:12:07,zn2309,zn2309,20960.0,1.0,104800.0,0.0,3,20955.0,20965.0,2,20985.0,20960.0,20980.0,20895.0,605.0,63384075.0,3993
2023-05-09 21:12:08,zn2309,zn2309,20960.0,0.0,0.0,0.0,3,20955.0,20965.0,1,20985.0,20960.0,20980.0,20895.0,605.0,63384075.0,3993
2023-05-09 21:12:08,zn2309,zn2309,20960.0,0.0,0.0,0.0,4,20955.0,20970.0,1,20985.0,20960.0,20980.0,20895.0,605.0,63384075.0,3993
2023-05-09 21:12:09,zn2309,zn2309,20960.0,0.0,0.0,0.0,4,20955.0,20970.0,2,20985.0,20960.0,20980.0,20895.0,605.0,63384075.0,3993
2023-05-09 21:12:10,zn2309,zn2309,20960.0,0.0,0.0,0.0,5,20955.0,20970.0,2,20985.0,20960.0,20980.0,20895.0,605.0,63384075.0,3993
2023-05-09 21:12:10,zn2309,zn2309,20960.0,0.0,0.0,0.0,5,20955.0,20975.0,3,20985.0,20960.0,20980.0,20895.0,605.0,63384075.0,3993
2023-05-09 21:12:11,zn2309,zn2309,20960.0,0.0,0.0,0.0,6,20955.0,20975.0,5,20985.0,20960.0,20980.0,20895.0,605.0,63384075.0,3993
2023-05-09 21:12:11,zn2309,zn2309,20960.0,0.0,0.0,0.0,6,20955.0,20970.0,1,20985.0,20960.0,20980.0,20895.0,605.0,63384075.0,3993
2023-05-09 21:12:12,zn2309,zn2309,20960.0,0.0,0.0,0.0,6,20955.0,20970.0,1,20985.0,20960.0,20980.0,20895.0,605.0,63384075.0,3993
2023-05-09 21:12:13,zn2309,zn2309,20960.0,0.0,0.0,0.0,6,20955.0,20975.0,3,20985.0,20960.0,20980.0,20895.0,605.0,63384075.0,3993
2023-05-09 21:12:13,zn2309,zn2309,20960.0,0.0,0.0,0.0,11,20955.0,20975.0,6,20985.0,20960.0,20980.0,20895.0,605.0,63384075.0,3993
2023-05-09 21:12:14,zn2309,zn2309,20960.0,0.0,0.0,0.0,11,20955.0,20970.0,1,20985.0,20960.0,20980.0,20895.0,605.0,63384075.0,3993
2023-05-09 21:12:14,zn2309,zn2309,20960.0,0.0,0.0,0.0,5,20955.0,20970.0,1,20985.0,20960.0,20980.0,20895.0,605.0,63384075.0,3993
2023-05-09 21:12:15,zn2309,zn2309,20960.0,0.0,0.0,0.0,1,20960.0,20975.0,4,20985.0,20960.0,20980.0,20895.0,605.0,63384075.0,3993
2023-05-09 21:12:15,zn2309,zn2309,20960.0,0.0,0.0,0.0,3,20960.0,20975.0,3,20985.0,20960.0,20980.0,20895.0,605.0,63384075.0,3993
2023-05-09 21:12:16,zn2309,zn2309,20960.0,0.0,0.0,0.0,7,20960.0,20975.0,3,20985.0,20960.0,20980.0,20895.0,605.0,63384075.0,3993
2023-05-09 21:12:16,zn2309,zn2309,20960.0,0.0,0.0,0.0,7,20960.0,20980.0,1,20985.0,20960.0,20980.0,20895.0,605.0,63384075.0,3993
2023-05-09 21:12:17,zn2309,zn2309,20960.0,0.0,0.0,0.0,8,20960.0,20980.0,2,20985.0,20960.0,20980.0,20895.0,605.0,63384075.0,3993
2023-05-09 21:12:17,zn2309,zn2309,20960.0,0.0,0.0,0.0,3,20965.0,20980.0,2,20985.0,20960.0,20980.0,20895.0,605.0,63384075.0,3993
2023-05-09 21:12:18,zn2309,zn2309,20960.0,0.0,0.0,0.0,2,20970.0,20980.0,1,20985.0,20960.0,20980.0,20895.0,605.0,63384075.0,3993
2023-05-09 21:12:18,zn2309,zn2309,20960.0,0.0,0.0,0.0,4,20970.0,20985.0,8,20985.0,20960.0,20980.0,20895.0,605.0,63384075.0,3993
2023-05-09 21:12:19,zn2309,zn2309,20960.0,0.0,0.0,0.0,4,20970.0,20985.0,7,20985.0,20960.0,20980.0,20895.0,605.0,63384075.0,3993
2023-05-09 21:12:19,zn2309,zn2309,20960.0,0.0,0.0,0.0,6,20970.0,20985.0,7,20985.0,20960.0,20980.0,20895.0,605.0,63384075.0,3993
2023-05-09 21:12:20,zn2309,zn2309,20960.0,0.0,0.0,0.0,5,20975.0,20985.0,5,20985.0,20960.0,20980.0,20895.0,605.0,63384075.0,3993
2023-05-09 21:12:20,zn2309,zn2309,20960.0,0.0,0.0,0.0,7,20975.0,20985.0,5,20985.0,20960.0,20980.0,20895.0,605.0,63384075.0,3993
2023-05-09 21:12:21,zn2309,zn2309,20960.0,0.0,0.0,0.0,7,20975.0,20995.0,4,20985.0,20960.0,20980.0,20895.0,605.0,63384075.0,3993
2023-05-09 21:12:21,zn2309,zn2309,20960.0,0.0,0.0,0.0,1,20980.0,20990.0,1,20985.0,20960.0,20980.0,20895.0,605.0,63384075.0,3993
2023-05-09 21:12:22,zn2309,zn2309,20960.0,0.0,0.0,0.0,1,20980.0,20990.0,1,20985.0,20960.0,20980.0,20895.0,605.0,63384075.0,3993
2023-05-09 21:12:22,zn2309,zn2309,20960.0,0.0,0.0,0.0,1,20985.0,20995.0,5,20985.0,20960.0,20980.0,20895.0,605.0,63384075.0,3993
2023-05-09 21:12:23,zn2309,zn2309,20985.0,1.0,104925.0,-1.0,1,20980.0,20995.0,7,20985.0,20960.0,20985.0,20895.0,606.0,63489000.0,3992
2023-05-09 21:12:23,zn2309,zn2309,20985.0,0.0,0.0,0.0,1,20980.0,20990.0,1,20985.0,20960.0,20985.0,20895.0,606.0,63489000.0,3992
2023-05-09 21:12:24,zn2309,zn2309,20985.0,0.0,0.0,0.0,2,20980.0,20995.0,8,20985.0,20960.0,20985.0,20895.0,606.0,63489000.0,3992
2023-05-09 21:12:24,zn2309,zn2309,20985.0,0.0,0.0,0.0,7,20975.0,20995.0,11,20985.0,20960.0,20985.0,20895.0,606.0,63489000.0,3992
