time,symbol_id,symbol_name,last,trade_volume,trade_amount,open_interest_change,bv1,bp1,ap1,av1,yesterday_close,today_open,today_high,today_low,volume,amount,open_interest
2023-05-09 21:03:30,ru2401P14500,ru2401P14500,1710.0,0.0,0.0,0.0,1,1656.0,1700.0,1,1710.0,1521.0,0.0,0.0,0.0,0.0,28
2023-05-09 21:03:31,ru2401P14500,ru2401P14500,1710.0,0.0,0.0,0.0,1,1656.0,1700.0,1,1710.0,1521.0,0.0,0.0,0.0,0.0,28
2023-05-09 21:03:34,ru2401P14500,ru2401P14500,1710.0,0.0,0.0,0.0,2,1656.0,1700.0,2,1710.0,1521.0,0.0,0.0,0.0,0.0,28
2023-05-09 21:03:35,ru2401P14500,ru2401P14500,1710.0,0.0,0.0,0.0,2,1656.0,1700.0,2,1710.0,1521.0,0.0,0.0,0.0,0.0,28
2023-05-09 21:03:42,ru2401P14500,ru2401P14500,1710.0,0.0,0.0,0.0,4,1656.0,1700.0,2,1710.0,1521.0,0.0,0.0,0.0,0.0,28
2023-05-09 21:03:43,ru2401P14500,ru2401P14500,1710.0,0.0,0.0,0.0,3,1656.0,1700.0,1,1710.0,1521.0,0.0,0.0,0.0,0.0,28
2023-05-09 21:03:43,ru2401P14500,ru2401P14500,1710.0,0.0,0.0,0.0,1,1656.0,1700.0,1,1710.0,1521.0,0.0,0.0,0.0,0.0,28
2023-05-09 21:03:47,ru2401P14500,ru2401P14500,1710.0,0.0,0.0,0.0,1,1656.0,1700.0,1,1710.0,1521.0,0.0,0.0,0.0,0.0,28
2023-05-09 21:03:47,ru2401P14500,ru2401P14500,1710.0,0.0,0.0,0.0,1,1656.0,1700.0,1,1710.0,1521.0,0.0,0.0,0.0,0.0,28
2023-05-09 21:03:49,ru2401P14500,ru2401P14500,1710.0,0.0,0.0,0.0,2,1651.0,1705.0,2,1710.0,1521.0,0.0,0.0,0.0,0.0,28
2023-05-09 21:03:49,ru2401P14500,ru2401P14500,1710.0,0.0,0.0,0.0,0,0.0,0.0,0,1710.0,1521.0,0.0,0.0,0.0,0.0,28
2023-05-09 21:04:01,ru2401P14500,ru2401P14500,1710.0,0.0,0.0,0.0,2,1650.0,1722.0,2,1710.0,1521.0,0.0,0.0,0.0,0.0,28
2023-05-09 21:04:01,ru2401P14500,ru2401P14500,1710.0,0.0,0.0,0.0,2,1650.0,1722.0,2,1710.0,1521.0,0.0,0.0,0.0,0.0,28
2023-05-09 21:04:02,ru2401P14500,ru2401P14500,1710.0,0.0,0.0,0.0,2,1649.0,1729.0,2,1710.0,1521.0,0.0,0.0,0.0,0.0,28
2023-05-09 21:04:04,ru2401P14500,ru2401P14500,1710.0,0.0,0.0,0.0,2,1649.0,1729.0,2,1710.0,1521.0,0.0,0.0,0.0,0.0,28
2023-05-09 21:04:04,ru2401P14500,ru2401P14500,1710.0,0.0,0.0,0.0,2,1623.0,1731.0,4,1710.0,1521.0,0.0,0.0,0.0,0.0,28
2023-05-09 21:04:05,ru2401P14500,ru2401P14500,1710.0,0.0,0.0,0.0,2,1623.0,1731.0,2,1710.0,1521.0,0.0,0.0,0.0,0.0,28
2023-05-09 21:04:09,ru2401P14500,ru2401P14500,1710.0,0.0,0.0,0.0,2,1623.0,1731.0,2,1710.0,1521.0,0.0,0.0,0.0,0.0,28
2023-05-09 21:04:10,ru2401P14500,ru2401P14500,1710.0,0.0,0.0,0.0,2,1623.0,1731.0,2,1710.0,1521.0,0.0,0.0,0.0,0.0,28
2023-05-09 21:04:11,ru2401P14500,ru2401P14500,1710.0,0.0,0.0,0.0,4,1595.0,1734.0,4,1710.0,1521.0,0.0,0.0,0.0,0.0,28
2023-05-09 21:04:11,ru2401P14500,ru2401P14500,1710.0,0.0,0.0,0.0,2,1595.0,1734.0,2,1710.0,1521.0,0.0,0.0,0.0,0.0,28
2023-05-09 21:04:14,ru2401P14500,ru2401P14500,1710.0,0.0,0.0,0.0,2,1595.0,1734.0,2,1710.0,1521.0,0.0,0.0,0.0,0.0,28
2023-05-09 21:04:18,ru2401P14500,ru2401P14500,1710.0,0.0,0.0,0.0,2,1595.0,1734.0,2,1710.0,1521.0,0.0,0.0,0.0,0.0,28
2023-05-09 21:04:19,ru2401P14500,ru2401P14500,1710.0,0.0,0.0,0.0,2,1560.0,1737.0,2,1710.0,1521.0,0.0,0.0,0.0,0.0,28
2023-05-09 21:04:19,ru2401P14500,ru2401P14500,1710.0,0.0,0.0,0.0,0,0.0,0.0,0,1710.0,1521.0,0.0,0.0,0.0,0.0,28
2023-05-09 21:34:05,ru2401P14500,ru2401P14500,1710.0,0.0,0.0,0.0,2,1624.0,1666.0,2,1710.0,1521.0,0.0,0.0,0.0,0.0,28
2023-05-09 21:34:06,ru2401P14500,ru2401P14500,1710.0,0.0,0.0,0.0,4,1624.0,1666.0,4,1710.0,1521.0,0.0,0.0,0.0,0.0,28
2023-05-09 21:34:06,ru2401P14500,ru2401P14500,1710.0,0.0,0.0,0.0,2,1624.0,1666.0,2,1710.0,1521.0,0.0,0.0,0.0,0.0,28
2023-05-09 21:34:07,ru2401P14500,ru2401P14500,1710.0,0.0,0.0,0.0,0,0.0,0.0,0,1710.0,1521.0,0.0,0.0,0.0,0.0,28
2023-05-09 21:34:07,ru2401P14500,ru2401P14500,1710.0,0.0,0.0,0.0,2,1564.0,1667.0,2,1710.0,1521.0,0.0,0.0,0.0,0.0,28
2023-05-09 21:34:08,ru2401P14500,ru2401P14500,1710.0,0.0,0.0,0.0,1,1565.0,1667.0,2,1710.0,1521.0,0.0,0.0,0.0,0.0,28
2023-05-09 21:34:10,ru2401P14500,ru2401P14500,1710.0,0.0,0.0,0.0,1,1565.0,1667.0,2,1710.0,1521.0,0.0,0.0,0.0,0.0,28
2023-05-09 21:34:11,ru2401P14500,ru2401P14500,1710.0,0.0,0.0,0.0,1,1565.0,1669.0,4,1710.0,1521.0,0.0,0.0,0.0,0.0,28
2023-05-09 21:34:11,ru2401P14500,ru2401P14500,1710.0,0.0,0.0,0.0,1,1565.0,1669.0,2,1710.0,1521.0,0.0,0.0,0.0,0.0,28
2023-05-09 21:34:13,ru2401P14500,ru2401P14500,1710.0,0.0,0.0,0.0,1,1565.0,1669.0,2,1710.0,1521.0,0.0,0.0,0.0,0.0,28
2023-05-09 21:34:13,ru2401P14500,ru2401P14500,1710.0,0.0,0.0,0.0,1,1565.0,1669.0,2,1710.0,1521.0,0.0,0.0,0.0,0.0,28
2023-05-09 21:34:14,ru2401P14500,ru2401P14500,1710.0,0.0,0.0,0.0,1,1565.0,1670.0,2,1710.0,1521.0,0.0,0.0,0.0,0.0,28
2023-05-09 21:34:15,ru2401P14500,ru2401P14500,1710.0,0.0,0.0,0.0,1,1565.0,1670.0,2,1710.0,1521.0,0.0,0.0,0.0,0.0,28
2023-05-09 21:34:15,ru2401P14500,ru2401P14500,1710.0,0.0,0.0,0.0,1,1565.0,1670.0,2,1710.0,1521.0,0.0,0.0,0.0,0.0,28
2023-05-09 21:34:16,ru2401P14500,ru2401P14500,1710.0,0.0,0.0,0.0,1,1565.0,0.0,0,1710.0,1521.0,0.0,0.0,0.0,0.0,28
2023-05-09 21:34:26,ru2401P14500,ru2401P14500,1710.0,0.0,0.0,0.0,0,0.0,0.0,0,1710.0,1521.0,0.0,0.0,0.0,0.0,28
2023-05-09 22:53:43,ru2401P14500,ru2401P14500,1710.0,0.0,0.0,0.0,1,1499.0,1541.0,1,1710.0,1521.0,0.0,0.0,0.0,0.0,28
2023-05-09 22:53:44,ru2401P14500,ru2401P14500,1710.0,0.0,0.0,0.0,1,1500.0,1541.0,1,1710.0,1521.0,0.0,0.0,0.0,0.0,28
2023-05-09 22:53:46,ru2401P14500,ru2401P14500,1710.0,0.0,0.0,0.0,1,1500.0,1541.0,1,1710.0,1521.0,0.0,0.0,0.0,0.0,28
2023-05-09 22:53:47,ru2401P14500,ru2401P14500,1710.0,0.0,0.0,0.0,2,1500.0,1541.0,1,1710.0,1521.0,0.0,0.0,0.0,0.0,28
2023-05-09 22:53:48,ru2401P14500,ru2401P14500,1710.0,0.0,0.0,0.0,1,1533.0,1541.0,2,1710.0,1521.0,0.0,0.0,0.0,0.0,28
2023-05-09 22:53:48,ru2401P14500,ru2401P14500,1710.0,0.0,0.0,0.0,1,1533.0,1541.0,1,1710.0,1521.0,0.0,0.0,0.0,0.0,28
2023-05-09 22:53:49,ru2401P14500,ru2401P14500,1710.0,0.0,0.0,0.0,2,1533.0,1541.0,2,1710.0,1521.0,0.0,0.0,0.0,0.0,28
2023-05-09 22:53:51,ru2401P14500,ru2401P14500,1710.0,0.0,0.0,0.0,3,1533.0,1541.0,2,1710.0,1521.0,0.0,0.0,0.0,0.0,28
2023-05-09 22:53:53,ru2401P14500,ru2401P14500,1710.0,0.0,0.0,0.0,1,1535.0,1541.0,2,1710.0,1521.0,0.0,0.0,0.0,0.0,28
2023-05-09 22:53:55,ru2401P14500,ru2401P14500,1710.0,0.0,0.0,0.0,1,1535.0,1541.0,1,1710.0,1521.0,0.0,0.0,0.0,0.0,28
2023-05-09 22:53:59,ru2401P14500,ru2401P14500,1710.0,0.0,0.0,0.0,1,1535.0,1541.0,1,1710.0,1521.0,0.0,0.0,0.0,0.0,28
2023-05-09 22:54:01,ru2401P14500,ru2401P14500,1710.0,0.0,0.0,0.0,1,1535.0,1545.0,1,1710.0,1521.0,0.0,0.0,0.0,0.0,28
2023-05-09 22:54:02,ru2401P14500,ru2401P14500,1710.0,0.0,0.0,0.0,1,1535.0,1545.0,1,1710.0,1521.0,0.0,0.0,0.0,0.0,28
2023-05-09 22:54:02,ru2401P14500,ru2401P14500,1710.0,0.0,0.0,0.0,1,1535.0,1554.0,1,1710.0,1521.0,0.0,0.0,0.0,0.0,28
2023-05-09 22:54:04,ru2401P14500,ru2401P14500,1710.0,0.0,0.0,0.0,2,1530.0,1619.0,2,1710.0,1521.0,0.0,0.0,0.0,0.0,28
2023-05-09 22:54:04,ru2401P14500,ru2401P14500,1710.0,0.0,0.0,0.0,2,1496.0,1618.0,1,1710.0,1521.0,0.0,0.0,0.0,0.0,28
2023-05-09 22:54:05,ru2401P14500,ru2401P14500,1710.0,0.0,0.0,0.0,1,1497.0,1618.0,1,1710.0,1521.0,0.0,0.0,0.0,0.0,28
2023-05-09 22:54:05,ru2401P14500,ru2401P14500,1710.0,0.0,0.0,0.0,1,1497.0,1618.0,1,1710.0,1521.0,0.0,0.0,0.0,0.0,28
2023-05-09 22:54:17,ru2401P14500,ru2401P14500,1710.0,0.0,0.0,0.0,1,1497.0,1618.0,1,1710.0,1521.0,0.0,0.0,0.0,0.0,28
2023-05-09 22:54:17,ru2401P14500,ru2401P14500,1710.0,0.0,0.0,0.0,1,1497.0,1618.0,1,1710.0,1521.0,0.0,0.0,0.0,0.0,28
2023-05-09 22:54:18,ru2401P14500,ru2401P14500,1710.0,0.0,0.0,0.0,1,1497.0,1618.0,1,1710.0,1521.0,0.0,0.0,0.0,0.0,28
2023-05-09 22:54:18,ru2401P14500,ru2401P14500,1710.0,0.0,0.0,0.0,1,1497.0,1618.0,1,1710.0,1521.0,0.0,0.0,0.0,0.0,28
2023-05-09 22:54:19,ru2401P14500,ru2401P14500,1710.0,0.0,0.0,0.0,1,1497.0,1618.0,1,1710.0,1521.0,0.0,0.0,0.0,0.0,28
2023-05-09 22:54:21,ru2401P14500,ru2401P14500,1710.0,0.0,0.0,0.0,1,1497.0,1618.0,1,1710.0,1521.0,0.0,0.0,0.0,0.0,28
2023-05-09 22:54:22,ru2401P14500,ru2401P14500,1710.0,0.0,0.0,0.0,1,1497.0,1618.0,1,1710.0,1521.0,0.0,0.0,0.0,0.0,28
2023-05-09 22:54:26,ru2401P14500,ru2401P14500,1710.0,0.0,0.0,0.0,1,1497.0,1618.0,1,1710.0,1521.0,0.0,0.0,0.0,0.0,28
2023-05-09 22:54:26,ru2401P14500,ru2401P14500,1710.0,0.0,0.0,0.0,1,1497.0,1618.0,1,1710.0,1521.0,0.0,0.0,0.0,0.0,28
2023-05-09 22:54:27,ru2401P14500,ru2401P14500,1710.0,0.0,0.0,0.0,1,1497.0,1618.0,1,1710.0,1521.0,0.0,0.0,0.0,0.0,28
2023-05-09 22:54:28,ru2401P14500,ru2401P14500,1710.0,0.0,0.0,0.0,1,1497.0,1618.0,1,1710.0,1521.0,0.0,0.0,0.0,0.0,28
2023-05-09 22:54:29,ru2401P14500,ru2401P14500,1710.0,0.0,0.0,0.0,1,1497.0,1618.0,1,1710.0,1521.0,0.0,0.0,0.0,0.0,28
2023-05-09 22:54:29,ru2401P14500,ru2401P14500,1710.0,0.0,0.0,0.0,1,1497.0,1618.0,1,1710.0,1521.0,0.0,0.0,0.0,0.0,28
2023-05-09 22:54:38,ru2401P14500,ru2401P14500,1710.0,0.0,0.0,0.0,1,1497.0,1618.0,1,1710.0,1521.0,0.0,0.0,0.0,0.0,28
2023-05-09 22:54:39,ru2401P14500,ru2401P14500,1710.0,0.0,0.0,0.0,1,1497.0,1618.0,1,1710.0,1521.0,0.0,0.0,0.0,0.0,28
2023-05-09 22:54:39,ru2401P14500,ru2401P14500,1710.0,0.0,0.0,0.0,1,1497.0,1618.0,1,1710.0,1521.0,0.0,0.0,0.0,0.0,28
2023-05-09 22:54:47,ru2401P14500,ru2401P14500,1710.0,0.0,0.0,0.0,1,1497.0,1618.0,1,1710.0,1521.0,0.0,0.0,0.0,0.0,28
2023-05-09 22:54:47,ru2401P14500,ru2401P14500,1710.0,0.0,0.0,0.0,1,1497.0,1618.0,1,1710.0,1521.0,0.0,0.0,0.0,0.0,28
2023-05-09 22:54:48,ru2401P14500,ru2401P14500,1710.0,0.0,0.0,0.0,1,1497.0,1618.0,1,1710.0,1521.0,0.0,0.0,0.0,0.0,28
2023-05-09 22:54:48,ru2401P14500,ru2401P14500,1710.0,0.0,0.0,0.0,1,1497.0,1618.0,1,1710.0,1521.0,0.0,0.0,0.0,0.0,28
2023-05-09 22:54:49,ru2401P14500,ru2401P14500,1710.0,0.0,0.0,0.0,1,1497.0,1618.0,1,1710.0,1521.0,0.0,0.0,0.0,0.0,28
2023-05-09 22:54:49,ru2401P14500,ru2401P14500,1710.0,0.0,0.0,0.0,1,1497.0,1618.0,1,1710.0,1521.0,0.0,0.0,0.0,0.0,28
2023-05-09 22:54:50,ru2401P14500,ru2401P14500,1710.0,0.0,0.0,0.0,1,1497.0,1618.0,1,1710.0,1521.0,0.0,0.0,0.0,0.0,28
2023-05-09 22:54:52,ru2401P14500,ru2401P14500,1710.0,0.0,0.0,0.0,1,1497.0,1618.0,1,1710.0,1521.0,0.0,0.0,0.0,0.0,28
2023-05-09 22:54:53,ru2401P14500,ru2401P14500,1710.0,0.0,0.0,0.0,1,1497.0,1618.0,1,1710.0,1521.0,0.0,0.0,0.0,0.0,28
2023-05-09 22:54:53,ru2401P14500,ru2401P14500,1710.0,0.0,0.0,0.0,1,1497.0,1618.0,1,1710.0,1521.0,0.0,0.0,0.0,0.0,28
2023-05-09 22:55:01,ru2401P14500,ru2401P14500,1710.0,0.0,0.0,0.0,1,1497.0,1618.0,1,1710.0,1521.0,0.0,0.0,0.0,0.0,28
2023-05-09 22:55:02,ru2401P14500,ru2401P14500,1710.0,0.0,0.0,0.0,1,1497.0,1618.0,1,1710.0,1521.0,0.0,0.0,0.0,0.0,28
2023-05-09 22:55:02,ru2401P14500,ru2401P14500,1710.0,0.0,0.0,0.0,1,1497.0,1618.0,1,1710.0,1521.0,0.0,0.0,0.0,0.0,28
2023-05-09 22:55:04,ru2401P14500,ru2401P14500,1710.0,0.0,0.0,0.0,1,1497.0,1618.0,1,1710.0,1521.0,0.0,0.0,0.0,0.0,28
2023-05-09 22:55:05,ru2401P14500,ru2401P14500,1710.0,0.0,0.0,0.0,1,1497.0,1618.0,1,1710.0,1521.0,0.0,0.0,0.0,0.0,28
2023-05-09 22:55:05,ru2401P14500,ru2401P14500,1710.0,0.0,0.0,0.0,1,1497.0,1618.0,1,1710.0,1521.0,0.0,0.0,0.0,0.0,28
2023-05-09 22:55:06,ru2401P14500,ru2401P14500,1710.0,0.0,0.0,0.0,2,1492.0,1618.0,1,1710.0,1521.0,0.0,0.0,0.0,0.0,28
2023-05-09 22:55:06,ru2401P14500,ru2401P14500,1710.0,0.0,0.0,0.0,1,1493.0,1618.0,1,1710.0,1521.0,0.0,0.0,0.0,0.0,28
2023-05-09 22:55:15,ru2401P14500,ru2401P14500,1710.0,0.0,0.0,0.0,2,1459.0,1618.0,1,1710.0,1521.0,0.0,0.0,0.0,0.0,28
2023-05-09 22:55:15,ru2401P14500,ru2401P14500,1710.0,0.0,0.0,0.0,1,1460.0,1618.0,1,1710.0,1521.0,0.0,0.0,0.0,0.0,28
2023-05-09 22:55:16,ru2401P14500,ru2401P14500,1710.0,0.0,0.0,0.0,1,1460.0,1618.0,1,1710.0,1521.0,0.0,0.0,0.0,0.0,28
2023-05-09 22:57:04,ru2401P14500,ru2401P14500,1710.0,0.0,0.0,0.0,2,1455.0,1623.0,2,1710.0,1521.0,0.0,0.0,0.0,0.0,28
2023-05-09 22:57:04,ru2401P14500,ru2401P14500,1710.0,0.0,0.0,0.0,0,0.0,0.0,0,1710.0,1521.0,0.0,0.0,0.0,0.0,28
2023-05-09 22:57:51,ru2401P14500,ru2401P14500,1710.0,0.0,0.0,0.0,1,1478.0,1520.0,1,1710.0,1521.0,0.0,0.0,0.0,0.0,28
2023-05-09 22:57:51,ru2401P14500,ru2401P14500,1710.0,0.0,0.0,0.0,1,1478.0,1520.0,1,1710.0,1521.0,0.0,0.0,0.0,0.0,28
2023-05-09 22:57:54,ru2401P14500,ru2401P14500,1710.0,0.0,0.0,0.0,2,1478.0,1520.0,1,1710.0,1521.0,0.0,0.0,0.0,0.0,28
2023-05-09 22:57:55,ru2401P14500,ru2401P14500,1710.0,0.0,0.0,0.0,3,1478.0,1520.0,2,1710.0,1521.0,0.0,0.0,0.0,0.0,28
2023-05-09 22:57:58,ru2401P14500,ru2401P14500,1710.0,0.0,0.0,0.0,4,1478.0,1520.0,2,1710.0,1521.0,0.0,0.0,0.0,0.0,28
2023-05-09 22:58:00,ru2401P14500,ru2401P14500,1710.0,0.0,0.0,0.0,3,1478.0,1520.0,2,1710.0,1521.0,0.0,0.0,0.0,0.0,28
2023-05-09 22:58:01,ru2401P14500,ru2401P14500,1521.0,1.0,15210.0,0.0,2,1478.0,1520.0,1,1710.0,1521.0,1521.0,1521.0,1.0,15210.0,28
2023-05-09 22:58:02,ru2401P14500,ru2401P14500,1521.0,0.0,0.0,0.0,2,1478.0,1520.0,1,1710.0,1521.0,1521.0,1521.0,1.0,15210.0,28
2023-05-09 22:58:03,ru2401P14500,ru2401P14500,1521.0,0.0,0.0,0.0,2,1478.0,1520.0,1,1710.0,1521.0,1521.0,1521.0,1.0,15210.0,28
2023-05-09 22:58:05,ru2401P14500,ru2401P14500,1521.0,0.0,0.0,0.0,1,1478.0,1541.0,1,1710.0,1521.0,1521.0,1521.0,1.0,15210.0,28
2023-05-09 22:58:06,ru2401P14500,ru2401P14500,1521.0,0.0,0.0,0.0,1,1478.0,1541.0,1,1710.0,1521.0,1521.0,1521.0,1.0,15210.0,28
2023-05-09 22:58:06,ru2401P14500,ru2401P14500,1521.0,0.0,0.0,0.0,1,1478.0,1541.0,1,1710.0,1521.0,1521.0,1521.0,1.0,15210.0,28
2023-05-09 22:58:09,ru2401P14500,ru2401P14500,1521.0,0.0,0.0,0.0,1,1478.0,1541.0,1,1710.0,1521.0,1521.0,1521.0,1.0,15210.0,28
2023-05-09 22:58:09,ru2401P14500,ru2401P14500,1521.0,0.0,0.0,0.0,2,1426.0,1541.0,1,1710.0,1521.0,1521.0,1521.0,1.0,15210.0,28
2023-05-09 22:58:10,ru2401P14500,ru2401P14500,1521.0,0.0,0.0,0.0,2,1416.0,1541.0,1,1710.0,1521.0,1521.0,1521.0,1.0,15210.0,28
2023-05-09 22:58:10,ru2401P14500,ru2401P14500,1521.0,0.0,0.0,0.0,2,1408.0,1541.0,1,1710.0,1521.0,1521.0,1521.0,1.0,15210.0,28
2023-05-09 22:58:11,ru2401P14500,ru2401P14500,1521.0,0.0,0.0,0.0,0,0.0,1541.0,1,1710.0,1521.0,1521.0,1521.0,1.0,15210.0,28
2023-05-09 22:58:12,ru2401P14500,ru2401P14500,1521.0,0.0,0.0,0.0,0,0.0,0.0,0,1710.0,1521.0,1521.0,1521.0,1.0,15210.0,28
2023-05-10 09:28:34,ru2401P14500,ru2401P14500,1521.0,0.0,0.0,0.0,1,1466.0,1483.0,1,1710.0,1521.0,1521.0,1521.0,1.0,15210.0,28
2023-05-10 09:28:35,ru2401P14500,ru2401P14500,1521.0,0.0,0.0,0.0,1,1466.0,1483.0,1,1710.0,1521.0,1521.0,1521.0,1.0,15210.0,28
2023-05-10 09:28:36,ru2401P14500,ru2401P14500,1521.0,0.0,0.0,0.0,1,1466.0,1483.0,1,1710.0,1521.0,1521.0,1521.0,1.0,15210.0,28
2023-05-10 09:28:37,ru2401P14500,ru2401P14500,1521.0,0.0,0.0,0.0,1,1466.0,1483.0,1,1710.0,1521.0,1521.0,1521.0,1.0,15210.0,28
2023-05-10 09:28:38,ru2401P14500,ru2401P14500,1521.0,0.0,0.0,0.0,2,1466.0,1483.0,1,1710.0,1521.0,1521.0,1521.0,1.0,15210.0,28
2023-05-10 09:28:41,ru2401P14500,ru2401P14500,1490.0,1.0,14900.0,0.0,2,1466.0,1490.0,1,1710.0,1521.0,1521.0,1490.0,2.0,30110.0,28
2023-05-10 09:28:41,ru2401P14500,ru2401P14500,1490.0,0.0,0.0,0.0,2,1466.0,1499.0,1,1710.0,1521.0,1521.0,1490.0,2.0,30110.0,28
2023-05-10 09:28:42,ru2401P14500,ru2401P14500,1490.0,0.0,0.0,0.0,1,1471.0,1499.0,1,1710.0,1521.0,1521.0,1490.0,2.0,30110.0,28
2023-05-10 09:28:42,ru2401P14500,ru2401P14500,1490.0,0.0,0.0,0.0,2,1471.0,1499.0,2,1710.0,1521.0,1521.0,1490.0,2.0,30110.0,28
2023-05-10 09:28:46,ru2401P14500,ru2401P14500,1490.0,0.0,0.0,0.0,2,1471.0,1499.0,3,1710.0,1521.0,1521.0,1490.0,2.0,30110.0,28
2023-05-10 09:28:46,ru2401P14500,ru2401P14500,1490.0,0.0,0.0,0.0,2,1471.0,1499.0,3,1710.0,1521.0,1521.0,1490.0,2.0,30110.0,28
2023-05-10 09:28:50,ru2401P14500,ru2401P14500,1490.0,0.0,0.0,0.0,2,1471.0,1499.0,2,1710.0,1521.0,1521.0,1490.0,2.0,30110.0,28
2023-05-10 09:28:52,ru2401P14500,ru2401P14500,1490.0,0.0,0.0,0.0,2,1471.0,1499.0,2,1710.0,1521.0,1521.0,1490.0,2.0,30110.0,28
2023-05-10 09:28:53,ru2401P14500,ru2401P14500,1490.0,0.0,0.0,0.0,1,1471.0,1499.0,2,1710.0,1521.0,1521.0,1490.0,2.0,30110.0,28
2023-05-10 09:28:54,ru2401P14500,ru2401P14500,1490.0,0.0,0.0,0.0,1,1468.0,1499.0,1,1710.0,1521.0,1521.0,1490.0,2.0,30110.0,28
2023-05-10 09:28:57,ru2401P14500,ru2401P14500,1490.0,0.0,0.0,0.0,0,0.0,0.0,0,1710.0,1521.0,1521.0,1490.0,2.0,30110.0,28
2023-05-10 09:29:08,ru2401P14500,ru2401P14500,1490.0,0.0,0.0,0.0,2,1466.0,1511.0,2,1710.0,1521.0,1521.0,1490.0,2.0,30110.0,28
2023-05-10 09:29:08,ru2401P14500,ru2401P14500,1490.0,0.0,0.0,0.0,2,1465.0,1514.0,2,1710.0,1521.0,1521.0,1490.0,2.0,30110.0,28
2023-05-10 09:29:09,ru2401P14500,ru2401P14500,1490.0,0.0,0.0,0.0,2,1464.0,1515.0,2,1710.0,1521.0,1521.0,1490.0,2.0,30110.0,28
2023-05-10 09:29:09,ru2401P14500,ru2401P14500,1490.0,0.0,0.0,0.0,2,1463.0,1516.0,2,1710.0,1521.0,1521.0,1490.0,2.0,30110.0,28
2023-05-10 09:29:10,ru2401P14500,ru2401P14500,1490.0,0.0,0.0,0.0,2,1462.0,1517.0,2,1710.0,1521.0,1521.0,1490.0,2.0,30110.0,28
2023-05-10 09:29:10,ru2401P14500,ru2401P14500,1490.0,0.0,0.0,0.0,2,1461.0,1518.0,2,1710.0,1521.0,1521.0,1490.0,2.0,30110.0,28
2023-05-10 09:29:11,ru2401P14500,ru2401P14500,1490.0,0.0,0.0,0.0,2,1460.0,1519.0,2,1710.0,1521.0,1521.0,1490.0,2.0,30110.0,28
2023-05-10 09:29:11,ru2401P14500,ru2401P14500,1490.0,0.0,0.0,0.0,2,1458.0,1520.0,2,1710.0,1521.0,1521.0,1490.0,2.0,30110.0,28
2023-05-10 09:29:12,ru2401P14500,ru2401P14500,1490.0,0.0,0.0,0.0,2,1456.0,1521.0,2,1710.0,1521.0,1521.0,1490.0,2.0,30110.0,28
2023-05-10 09:29:12,ru2401P14500,ru2401P14500,1490.0,0.0,0.0,0.0,2,1454.0,1522.0,2,1710.0,1521.0,1521.0,1490.0,2.0,30110.0,28
2023-05-10 09:29:13,ru2401P14500,ru2401P14500,1490.0,0.0,0.0,0.0,2,1434.0,1523.0,2,1710.0,1521.0,1521.0,1490.0,2.0,30110.0,28
2023-05-10 09:29:13,ru2401P14500,ru2401P14500,1490.0,0.0,0.0,0.0,2,1416.0,1524.0,2,1710.0,1521.0,1521.0,1490.0,2.0,30110.0,28
2023-05-10 09:29:14,ru2401P14500,ru2401P14500,1490.0,0.0,0.0,0.0,1,1417.0,1525.0,2,1710.0,1521.0,1521.0,1490.0,2.0,30110.0,28
2023-05-10 09:29:14,ru2401P14500,ru2401P14500,1490.0,0.0,0.0,0.0,1,1417.0,1526.0,2,1710.0,1521.0,1521.0,1490.0,2.0,30110.0,28
2023-05-10 09:29:15,ru2401P14500,ru2401P14500,1490.0,0.0,0.0,0.0,1,1417.0,1527.0,2,1710.0,1521.0,1521.0,1490.0,2.0,30110.0,28
2023-05-10 09:29:15,ru2401P14500,ru2401P14500,1490.0,0.0,0.0,0.0,1,1417.0,1527.0,2,1710.0,1521.0,1521.0,1490.0,2.0,30110.0,28
2023-05-10 09:29:16,ru2401P14500,ru2401P14500,1490.0,0.0,0.0,0.0,1,1417.0,1527.0,2,1710.0,1521.0,1521.0,1490.0,2.0,30110.0,28
2023-05-10 09:29:18,ru2401P14500,ru2401P14500,1490.0,0.0,0.0,0.0,1,1417.0,1527.0,2,1710.0,1521.0,1521.0,1490.0,2.0,30110.0,28
2023-05-10 09:29:19,ru2401P14500,ru2401P14500,1490.0,0.0,0.0,0.0,1,1417.0,1527.0,2,1710.0,1521.0,1521.0,1490.0,2.0,30110.0,28
2023-05-10 09:29:19,ru2401P14500,ru2401P14500,1490.0,0.0,0.0,0.0,1,1417.0,0.0,0,1710.0,1521.0,1521.0,1490.0,2.0,30110.0,28
2023-05-10 09:30:20,ru2401P14500,ru2401P14500,1490.0,0.0,0.0,0.0,0,0.0,0.0,0,1710.0,1521.0,1521.0,1490.0,2.0,30110.0,28
2023-05-10 09:35:09,ru2401P14500,ru2401P14500,1490.0,0.0,0.0,0.0,2,1426.0,1462.0,2,1710.0,1521.0,1521.0,1490.0,2.0,30110.0,28
2023-05-10 09:35:10,ru2401P14500,ru2401P14500,1490.0,0.0,0.0,0.0,2,1426.0,1462.0,2,1710.0,1521.0,1521.0,1490.0,2.0,30110.0,28
2023-05-10 09:35:10,ru2401P14500,ru2401P14500,1490.0,0.0,0.0,0.0,2,1426.0,1462.0,2,1710.0,1521.0,1521.0,1490.0,2.0,30110.0,28
2023-05-10 09:35:13,ru2401P14500,ru2401P14500,1490.0,0.0,0.0,0.0,2,1426.0,1462.0,2,1710.0,1521.0,1521.0,1490.0,2.0,30110.0,28
2023-05-10 09:35:14,ru2401P14500,ru2401P14500,1490.0,0.0,0.0,0.0,2,1426.0,1462.0,2,1710.0,1521.0,1521.0,1490.0,2.0,30110.0,28
2023-05-10 09:35:15,ru2401P14500,ru2401P14500,1490.0,0.0,0.0,0.0,2,1426.0,1462.0,2,1710.0,1521.0,1521.0,1490.0,2.0,30110.0,28
2023-05-10 09:35:16,ru2401P14500,ru2401P14500,1490.0,0.0,0.0,0.0,2,1426.0,1462.0,2,1710.0,1521.0,1521.0,1490.0,2.0,30110.0,28
2023-05-10 09:35:18,ru2401P14500,ru2401P14500,1490.0,0.0,0.0,0.0,2,1426.0,1462.0,2,1710.0,1521.0,1521.0,1490.0,2.0,30110.0,28
2023-05-10 09:35:19,ru2401P14500,ru2401P14500,1490.0,0.0,0.0,0.0,2,1433.0,1469.0,2,1710.0,1521.0,1521.0,1490.0,2.0,30110.0,28
2023-05-10 09:35:19,ru2401P14500,ru2401P14500,1490.0,0.0,0.0,0.0,4,1433.0,1469.0,2,1710.0,1521.0,1521.0,1490.0,2.0,30110.0,28
2023-05-10 09:35:20,ru2401P14500,ru2401P14500,1490.0,0.0,0.0,0.0,4,1433.0,1469.0,2,1710.0,1521.0,1521.0,1490.0,2.0,30110.0,28
2023-05-10 09:35:20,ru2401P14500,ru2401P14500,1490.0,0.0,0.0,0.0,2,1433.0,1469.0,2,1710.0,1521.0,1521.0,1490.0,2.0,30110.0,28
2023-05-10 09:35:21,ru2401P14500,ru2401P14500,1490.0,0.0,0.0,0.0,2,1433.0,1469.0,2,1710.0,1521.0,1521.0,1490.0,2.0,30110.0,28
2023-05-10 09:35:24,ru2401P14500,ru2401P14500,1490.0,0.0,0.0,0.0,2,1433.0,1469.0,2,1710.0,1521.0,1521.0,1490.0,2.0,30110.0,28
2023-05-10 09:35:24,ru2401P14500,ru2401P14500,1490.0,0.0,0.0,0.0,4,1433.0,1469.0,2,1710.0,1521.0,1521.0,1490.0,2.0,30110.0,28
2023-05-10 09:35:25,ru2401P14500,ru2401P14500,1490.0,0.0,0.0,0.0,4,1433.0,1469.0,2,1710.0,1521.0,1521.0,1490.0,2.0,30110.0,28
2023-05-10 09:35:25,ru2401P14500,ru2401P14500,1490.0,0.0,0.0,0.0,4,1433.0,1469.0,2,1710.0,1521.0,1521.0,1490.0,2.0,30110.0,28
2023-05-10 09:35:26,ru2401P14500,ru2401P14500,1490.0,0.0,0.0,0.0,2,1433.0,1469.0,2,1710.0,1521.0,1521.0,1490.0,2.0,30110.0,28
2023-05-10 09:35:26,ru2401P14500,ru2401P14500,1490.0,0.0,0.0,0.0,2,1433.0,1469.0,4,1710.0,1521.0,1521.0,1490.0,2.0,30110.0,28
2023-05-10 09:35:27,ru2401P14500,ru2401P14500,1490.0,0.0,0.0,0.0,4,1433.0,1469.0,2,1710.0,1521.0,1521.0,1490.0,2.0,30110.0,28
2023-05-10 09:35:27,ru2401P14500,ru2401P14500,1490.0,0.0,0.0,0.0,4,1433.0,1469.0,2,1710.0,1521.0,1521.0,1490.0,2.0,30110.0,28
2023-05-10 09:35:28,ru2401P14500,ru2401P14500,1490.0,0.0,0.0,0.0,4,1433.0,1469.0,2,1710.0,1521.0,1521.0,1490.0,2.0,30110.0,28
2023-05-10 09:35:29,ru2401P14500,ru2401P14500,1490.0,0.0,0.0,0.0,4,1433.0,1469.0,2,1710.0,1521.0,1521.0,1490.0,2.0,30110.0,28
2023-05-10 09:35:31,ru2401P14500,ru2401P14500,1490.0,0.0,0.0,0.0,4,1433.0,1469.0,2,1710.0,1521.0,1521.0,1490.0,2.0,30110.0,28
2023-05-10 09:35:32,ru2401P14500,ru2401P14500,1490.0,0.0,0.0,0.0,4,1433.0,1469.0,2,1710.0,1521.0,1521.0,1490.0,2.0,30110.0,28
2023-05-10 09:35:34,ru2401P14500,ru2401P14500,1490.0,0.0,0.0,0.0,4,1433.0,1469.0,2,1710.0,1521.0,1521.0,1490.0,2.0,30110.0,28
2023-05-10 09:35:34,ru2401P14500,ru2401P14500,1490.0,0.0,0.0,0.0,4,1433.0,1469.0,2,1710.0,1521.0,1521.0,1490.0,2.0,30110.0,28
2023-05-10 09:35:35,ru2401P14500,ru2401P14500,1490.0,0.0,0.0,0.0,4,1433.0,1469.0,2,1710.0,1521.0,1521.0,1490.0,2.0,30110.0,28
2023-05-10 09:35:36,ru2401P14500,ru2401P14500,1490.0,0.0,0.0,0.0,4,1433.0,1469.0,2,1710.0,1521.0,1521.0,1490.0,2.0,30110.0,28
2023-05-10 09:35:36,ru2401P14500,ru2401P14500,1490.0,0.0,0.0,0.0,2,1433.0,1469.0,2,1710.0,1521.0,1521.0,1490.0,2.0,30110.0,28
2023-05-10 09:35:37,ru2401P14500,ru2401P14500,1490.0,0.0,0.0,0.0,2,1433.0,1469.0,2,1710.0,1521.0,1521.0,1490.0,2.0,30110.0,28
2023-05-10 09:35:44,ru2401P14500,ru2401P14500,1490.0,0.0,0.0,0.0,2,1433.0,1469.0,2,1710.0,1521.0,1521.0,1490.0,2.0,30110.0,28
2023-05-10 09:35:44,ru2401P14500,ru2401P14500,1490.0,0.0,0.0,0.0,2,1433.0,1469.0,2,1710.0,1521.0,1521.0,1490.0,2.0,30110.0,28
2023-05-10 09:35:45,ru2401P14500,ru2401P14500,1490.0,0.0,0.0,0.0,2,1433.0,1469.0,2,1710.0,1521.0,1521.0,1490.0,2.0,30110.0,28
2023-05-10 09:35:46,ru2401P14500,ru2401P14500,1490.0,0.0,0.0,0.0,2,1433.0,1469.0,2,1710.0,1521.0,1521.0,1490.0,2.0,30110.0,28
2023-05-10 09:35:46,ru2401P14500,ru2401P14500,1490.0,0.0,0.0,0.0,2,1433.0,1469.0,2,1710.0,1521.0,1521.0,1490.0,2.0,30110.0,28
2023-05-10 09:35:49,ru2401P14500,ru2401P14500,1490.0,0.0,0.0,0.0,2,1433.0,1469.0,2,1710.0,1521.0,1521.0,1490.0,2.0,30110.0,28
2023-05-10 09:35:51,ru2401P14500,ru2401P14500,1490.0,0.0,0.0,0.0,2,1433.0,1469.0,2,1710.0,1521.0,1521.0,1490.0,2.0,30110.0,28
2023-05-10 09:35:51,ru2401P14500,ru2401P14500,1490.0,0.0,0.0,0.0,2,1433.0,1469.0,2,1710.0,1521.0,1521.0,1490.0,2.0,30110.0,28
2023-05-10 09:35:52,ru2401P14500,ru2401P14500,1490.0,0.0,0.0,0.0,2,1433.0,1469.0,2,1710.0,1521.0,1521.0,1490.0,2.0,30110.0,28
2023-05-10 09:35:52,ru2401P14500,ru2401P14500,1490.0,0.0,0.0,0.0,2,1433.0,1469.0,2,1710.0,1521.0,1521.0,1490.0,2.0,30110.0,28
2023-05-10 09:35:53,ru2401P14500,ru2401P14500,1490.0,0.0,0.0,0.0,2,1433.0,1469.0,2,1710.0,1521.0,1521.0,1490.0,2.0,30110.0,28
2023-05-10 09:35:54,ru2401P14500,ru2401P14500,1490.0,0.0,0.0,0.0,2,1433.0,1469.0,2,1710.0,1521.0,1521.0,1490.0,2.0,30110.0,28
2023-05-10 09:35:54,ru2401P14500,ru2401P14500,1490.0,0.0,0.0,0.0,2,1433.0,1469.0,2,1710.0,1521.0,1521.0,1490.0,2.0,30110.0,28
2023-05-10 09:35:56,ru2401P14500,ru2401P14500,1490.0,0.0,0.0,0.0,2,1433.0,1469.0,2,1710.0,1521.0,1521.0,1490.0,2.0,30110.0,28
2023-05-10 09:35:57,ru2401P14500,ru2401P14500,1490.0,0.0,0.0,0.0,2,1433.0,1469.0,2,1710.0,1521.0,1521.0,1490.0,2.0,30110.0,28
2023-05-10 09:35:58,ru2401P14500,ru2401P14500,1490.0,0.0,0.0,0.0,2,1433.0,1469.0,2,1710.0,1521.0,1521.0,1490.0,2.0,30110.0,28
2023-05-10 09:35:58,ru2401P14500,ru2401P14500,1490.0,0.0,0.0,0.0,2,1433.0,1469.0,2,1710.0,1521.0,1521.0,1490.0,2.0,30110.0,28
2023-05-10 09:36:00,ru2401P14500,ru2401P14500,1490.0,0.0,0.0,0.0,2,1433.0,1469.0,2,1710.0,1521.0,1521.0,1490.0,2.0,30110.0,28
2023-05-10 09:36:00,ru2401P14500,ru2401P14500,1490.0,0.0,0.0,0.0,2,1433.0,1469.0,2,1710.0,1521.0,1521.0,1490.0,2.0,30110.0,28
2023-05-10 09:36:02,ru2401P14500,ru2401P14500,1490.0,0.0,0.0,0.0,2,1433.0,1469.0,2,1710.0,1521.0,1521.0,1490.0,2.0,30110.0,28
2023-05-10 09:36:02,ru2401P14500,ru2401P14500,1490.0,0.0,0.0,0.0,2,1433.0,1469.0,2,1710.0,1521.0,1521.0,1490.0,2.0,30110.0,28
2023-05-10 09:36:05,ru2401P14500,ru2401P14500,1490.0,0.0,0.0,0.0,2,1433.0,1469.0,2,1710.0,1521.0,1521.0,1490.0,2.0,30110.0,28
2023-05-10 09:36:06,ru2401P14500,ru2401P14500,1490.0,0.0,0.0,0.0,2,1433.0,1469.0,2,1710.0,1521.0,1521.0,1490.0,2.0,30110.0,28
2023-05-10 09:36:07,ru2401P14500,ru2401P14500,1490.0,0.0,0.0,0.0,2,1433.0,1469.0,2,1710.0,1521.0,1521.0,1490.0,2.0,30110.0,28
2023-05-10 09:36:08,ru2401P14500,ru2401P14500,1490.0,0.0,0.0,0.0,2,1433.0,1469.0,2,1710.0,1521.0,1521.0,1490.0,2.0,30110.0,28
2023-05-10 09:36:12,ru2401P14500,ru2401P14500,1490.0,0.0,0.0,0.0,2,1433.0,1469.0,2,1710.0,1521.0,1521.0,1490.0,2.0,30110.0,28
2023-05-10 09:36:12,ru2401P14500,ru2401P14500,1490.0,0.0,0.0,0.0,2,1433.0,1469.0,2,1710.0,1521.0,1521.0,1490.0,2.0,30110.0,28
2023-05-10 09:36:13,ru2401P14500,ru2401P14500,1490.0,0.0,0.0,0.0,2,1433.0,1469.0,2,1710.0,1521.0,1521.0,1490.0,2.0,30110.0,28
2023-05-10 09:36:22,ru2401P14500,ru2401P14500,1490.0,0.0,0.0,0.0,2,1433.0,1469.0,2,1710.0,1521.0,1521.0,1490.0,2.0,30110.0,28
2023-05-10 09:36:22,ru2401P14500,ru2401P14500,1490.0,0.0,0.0,0.0,2,1433.0,1469.0,2,1710.0,1521.0,1521.0,1490.0,2.0,30110.0,28
2023-05-10 09:36:26,ru2401P14500,ru2401P14500,1490.0,0.0,0.0,0.0,2,1433.0,1469.0,2,1710.0,1521.0,1521.0,1490.0,2.0,30110.0,28
2023-05-10 09:36:27,ru2401P14500,ru2401P14500,1490.0,0.0,0.0,0.0,2,1433.0,1469.0,2,1710.0,1521.0,1521.0,1490.0,2.0,30110.0,28
2023-05-10 09:36:27,ru2401P14500,ru2401P14500,1490.0,0.0,0.0,0.0,2,1433.0,1469.0,2,1710.0,1521.0,1521.0,1490.0,2.0,30110.0,28
2023-05-10 09:36:28,ru2401P14500,ru2401P14500,1490.0,0.0,0.0,0.0,2,1433.0,1469.0,2,1710.0,1521.0,1521.0,1490.0,2.0,30110.0,28
2023-05-10 09:36:29,ru2401P14500,ru2401P14500,1490.0,0.0,0.0,0.0,2,1433.0,1469.0,2,1710.0,1521.0,1521.0,1490.0,2.0,30110.0,28
2023-05-10 09:36:29,ru2401P14500,ru2401P14500,1490.0,0.0,0.0,0.0,2,1433.0,1469.0,2,1710.0,1521.0,1521.0,1490.0,2.0,30110.0,28
2023-05-10 09:36:30,ru2401P14500,ru2401P14500,1490.0,0.0,0.0,0.0,2,1433.0,1469.0,2,1710.0,1521.0,1521.0,1490.0,2.0,30110.0,28
2023-05-10 09:36:31,ru2401P14500,ru2401P14500,1490.0,0.0,0.0,0.0,2,1431.0,1462.0,2,1710.0,1521.0,1521.0,1490.0,2.0,30110.0,28
2023-05-10 09:36:32,ru2401P14500,ru2401P14500,1490.0,0.0,0.0,0.0,4,1426.0,1462.0,2,1710.0,1521.0,1521.0,1490.0,2.0,30110.0,28
2023-05-10 09:36:36,ru2401P14500,ru2401P14500,1490.0,0.0,0.0,0.0,2,1431.0,1457.0,2,1710.0,1521.0,1521.0,1490.0,2.0,30110.0,28
2023-05-10 09:36:37,ru2401P14500,ru2401P14500,1490.0,0.0,0.0,0.0,2,1431.0,1457.0,2,1710.0,1521.0,1521.0,1490.0,2.0,30110.0,28
2023-05-10 09:36:39,ru2401P14500,ru2401P14500,1490.0,0.0,0.0,0.0,2,1431.0,1457.0,2,1710.0,1521.0,1521.0,1490.0,2.0,30110.0,28
2023-05-10 09:36:39,ru2401P14500,ru2401P14500,1490.0,0.0,0.0,0.0,2,1431.0,1457.0,2,1710.0,1521.0,1521.0,1490.0,2.0,30110.0,28
2023-05-10 09:36:41,ru2401P14500,ru2401P14500,1490.0,0.0,0.0,0.0,2,1431.0,1457.0,2,1710.0,1521.0,1521.0,1490.0,2.0,30110.0,28
2023-05-10 09:36:42,ru2401P14500,ru2401P14500,1490.0,0.0,0.0,0.0,2,1431.0,1457.0,2,1710.0,1521.0,1521.0,1490.0,2.0,30110.0,28
2023-05-10 09:36:44,ru2401P14500,ru2401P14500,1490.0,0.0,0.0,0.0,2,1431.0,1457.0,2,1710.0,1521.0,1521.0,1490.0,2.0,30110.0,28
2023-05-10 09:36:45,ru2401P14500,ru2401P14500,1490.0,0.0,0.0,0.0,2,1431.0,1457.0,2,1710.0,1521.0,1521.0,1490.0,2.0,30110.0,28
2023-05-10 09:36:45,ru2401P14500,ru2401P14500,1490.0,0.0,0.0,0.0,2,1431.0,1457.0,2,1710.0,1521.0,1521.0,1490.0,2.0,30110.0,28
2023-05-10 09:36:46,ru2401P14500,ru2401P14500,1490.0,0.0,0.0,0.0,2,1431.0,1457.0,2,1710.0,1521.0,1521.0,1490.0,2.0,30110.0,28
2023-05-10 09:36:47,ru2401P14500,ru2401P14500,1490.0,0.0,0.0,0.0,2,1431.0,1457.0,2,1710.0,1521.0,1521.0,1490.0,2.0,30110.0,28
2023-05-10 09:36:49,ru2401P14500,ru2401P14500,1490.0,0.0,0.0,0.0,2,1431.0,1457.0,2,1710.0,1521.0,1521.0,1490.0,2.0,30110.0,28
2023-05-10 09:36:49,ru2401P14500,ru2401P14500,1490.0,0.0,0.0,0.0,2,1431.0,1457.0,2,1710.0,1521.0,1521.0,1490.0,2.0,30110.0,28
2023-05-10 09:36:52,ru2401P14500,ru2401P14500,1490.0,0.0,0.0,0.0,2,1431.0,1457.0,2,1710.0,1521.0,1521.0,1490.0,2.0,30110.0,28
2023-05-10 09:36:52,ru2401P14500,ru2401P14500,1490.0,0.0,0.0,0.0,2,1431.0,1457.0,2,1710.0,1521.0,1521.0,1490.0,2.0,30110.0,28
2023-05-10 09:36:53,ru2401P14500,ru2401P14500,1490.0,0.0,0.0,0.0,2,1431.0,1457.0,2,1710.0,1521.0,1521.0,1490.0,2.0,30110.0,28
2023-05-10 09:36:56,ru2401P14500,ru2401P14500,1490.0,0.0,0.0,0.0,2,1431.0,1457.0,2,1710.0,1521.0,1521.0,1490.0,2.0,30110.0,28
2023-05-10 09:36:56,ru2401P14500,ru2401P14500,1490.0,0.0,0.0,0.0,2,1431.0,1457.0,2,1710.0,1521.0,1521.0,1490.0,2.0,30110.0,28
2023-05-10 09:36:59,ru2401P14500,ru2401P14500,1490.0,0.0,0.0,0.0,2,1431.0,1457.0,2,1710.0,1521.0,1521.0,1490.0,2.0,30110.0,28
2023-05-10 09:36:59,ru2401P14500,ru2401P14500,1490.0,0.0,0.0,0.0,2,1431.0,1457.0,2,1710.0,1521.0,1521.0,1490.0,2.0,30110.0,28
2023-05-10 09:37:01,ru2401P14500,ru2401P14500,1490.0,0.0,0.0,0.0,2,1431.0,1457.0,2,1710.0,1521.0,1521.0,1490.0,2.0,30110.0,28
2023-05-10 09:37:01,ru2401P14500,ru2401P14500,1490.0,0.0,0.0,0.0,2,1431.0,1457.0,2,1710.0,1521.0,1521.0,1490.0,2.0,30110.0,28
2023-05-10 09:37:05,ru2401P14500,ru2401P14500,1490.0,0.0,0.0,0.0,2,1431.0,1457.0,2,1710.0,1521.0,1521.0,1490.0,2.0,30110.0,28
2023-05-10 09:37:05,ru2401P14500,ru2401P14500,1490.0,0.0,0.0,0.0,4,1431.0,1457.0,2,1710.0,1521.0,1521.0,1490.0,2.0,30110.0,28
2023-05-10 09:37:06,ru2401P14500,ru2401P14500,1490.0,0.0,0.0,0.0,4,1431.0,1457.0,2,1710.0,1521.0,1521.0,1490.0,2.0,30110.0,28
2023-05-10 09:37:06,ru2401P14500,ru2401P14500,1490.0,0.0,0.0,0.0,4,1431.0,1457.0,2,1710.0,1521.0,1521.0,1490.0,2.0,30110.0,28
2023-05-10 09:37:09,ru2401P14500,ru2401P14500,1490.0,0.0,0.0,0.0,4,1431.0,1457.0,2,1710.0,1521.0,1521.0,1490.0,2.0,30110.0,28
2023-05-10 09:37:09,ru2401P14500,ru2401P14500,1490.0,0.0,0.0,0.0,4,1431.0,1457.0,2,1710.0,1521.0,1521.0,1490.0,2.0,30110.0,28
2023-05-10 09:37:10,ru2401P14500,ru2401P14500,1490.0,0.0,0.0,0.0,2,1436.0,1462.0,2,1710.0,1521.0,1521.0,1490.0,2.0,30110.0,28
2023-05-10 09:37:10,ru2401P14500,ru2401P14500,1490.0,0.0,0.0,0.0,2,1436.0,1462.0,2,1710.0,1521.0,1521.0,1490.0,2.0,30110.0,28
2023-05-10 09:37:11,ru2401P14500,ru2401P14500,1490.0,0.0,0.0,0.0,2,1436.0,1462.0,2,1710.0,1521.0,1521.0,1490.0,2.0,30110.0,28
2023-05-10 09:37:13,ru2401P14500,ru2401P14500,1490.0,0.0,0.0,0.0,2,1436.0,1462.0,2,1710.0,1521.0,1521.0,1490.0,2.0,30110.0,28
2023-05-10 09:37:13,ru2401P14500,ru2401P14500,1490.0,0.0,0.0,0.0,2,1436.0,1462.0,2,1710.0,1521.0,1521.0,1490.0,2.0,30110.0,28
2023-05-10 09:37:16,ru2401P14500,ru2401P14500,1490.0,0.0,0.0,0.0,2,1436.0,1462.0,2,1710.0,1521.0,1521.0,1490.0,2.0,30110.0,28
2023-05-10 09:37:16,ru2401P14500,ru2401P14500,1490.0,0.0,0.0,0.0,2,1436.0,1462.0,2,1710.0,1521.0,1521.0,1490.0,2.0,30110.0,28
2023-05-10 09:37:17,ru2401P14500,ru2401P14500,1490.0,0.0,0.0,0.0,2,1436.0,1462.0,2,1710.0,1521.0,1521.0,1490.0,2.0,30110.0,28
2023-05-10 09:37:18,ru2401P14500,ru2401P14500,1490.0,0.0,0.0,0.0,2,1436.0,1462.0,2,1710.0,1521.0,1521.0,1490.0,2.0,30110.0,28
2023-05-10 09:37:20,ru2401P14500,ru2401P14500,1490.0,0.0,0.0,0.0,2,1436.0,1462.0,2,1710.0,1521.0,1521.0,1490.0,2.0,30110.0,28
2023-05-10 09:37:20,ru2401P14500,ru2401P14500,1490.0,0.0,0.0,0.0,2,1436.0,1462.0,2,1710.0,1521.0,1521.0,1490.0,2.0,30110.0,28
2023-05-10 09:37:21,ru2401P14500,ru2401P14500,1490.0,0.0,0.0,0.0,2,1436.0,1462.0,2,1710.0,1521.0,1521.0,1490.0,2.0,30110.0,28
2023-05-10 09:37:22,ru2401P14500,ru2401P14500,1490.0,0.0,0.0,0.0,2,1436.0,1462.0,2,1710.0,1521.0,1521.0,1490.0,2.0,30110.0,28
2023-05-10 09:37:22,ru2401P14500,ru2401P14500,1490.0,0.0,0.0,0.0,2,1436.0,1462.0,2,1710.0,1521.0,1521.0,1490.0,2.0,30110.0,28
2023-05-10 09:37:23,ru2401P14500,ru2401P14500,1490.0,0.0,0.0,0.0,2,1436.0,1462.0,2,1710.0,1521.0,1521.0,1490.0,2.0,30110.0,28
2023-05-10 09:37:25,ru2401P14500,ru2401P14500,1490.0,0.0,0.0,0.0,2,1436.0,1462.0,2,1710.0,1521.0,1521.0,1490.0,2.0,30110.0,28
2023-05-10 09:37:25,ru2401P14500,ru2401P14500,1490.0,0.0,0.0,0.0,2,1436.0,1462.0,2,1710.0,1521.0,1521.0,1490.0,2.0,30110.0,28
2023-05-10 09:37:27,ru2401P14500,ru2401P14500,1490.0,0.0,0.0,0.0,2,1436.0,1462.0,2,1710.0,1521.0,1521.0,1490.0,2.0,30110.0,28
2023-05-10 09:37:28,ru2401P14500,ru2401P14500,1490.0,0.0,0.0,0.0,2,1436.0,1462.0,2,1710.0,1521.0,1521.0,1490.0,2.0,30110.0,28
2023-05-10 09:37:31,ru2401P14500,ru2401P14500,1490.0,0.0,0.0,0.0,2,1436.0,1462.0,2,1710.0,1521.0,1521.0,1490.0,2.0,30110.0,28
2023-05-10 09:37:31,ru2401P14500,ru2401P14500,1490.0,0.0,0.0,0.0,2,1436.0,1462.0,2,1710.0,1521.0,1521.0,1490.0,2.0,30110.0,28
2023-05-10 09:37:33,ru2401P14500,ru2401P14500,1490.0,0.0,0.0,0.0,2,1436.0,1462.0,2,1710.0,1521.0,1521.0,1490.0,2.0,30110.0,28
2023-05-10 09:37:33,ru2401P14500,ru2401P14500,1490.0,0.0,0.0,0.0,2,1436.0,1462.0,2,1710.0,1521.0,1521.0,1490.0,2.0,30110.0,28
2023-05-10 09:37:34,ru2401P14500,ru2401P14500,1490.0,0.0,0.0,0.0,2,1436.0,1462.0,2,1710.0,1521.0,1521.0,1490.0,2.0,30110.0,28
2023-05-10 09:37:35,ru2401P14500,ru2401P14500,1490.0,0.0,0.0,0.0,2,1436.0,1462.0,2,1710.0,1521.0,1521.0,1490.0,2.0,30110.0,28
2023-05-10 09:37:36,ru2401P14500,ru2401P14500,1490.0,0.0,0.0,0.0,2,1436.0,1462.0,2,1710.0,1521.0,1521.0,1490.0,2.0,30110.0,28
2023-05-10 09:37:36,ru2401P14500,ru2401P14500,1490.0,0.0,0.0,0.0,2,1436.0,1462.0,2,1710.0,1521.0,1521.0,1490.0,2.0,30110.0,28
2023-05-10 09:37:38,ru2401P14500,ru2401P14500,1490.0,0.0,0.0,0.0,2,1436.0,1462.0,2,1710.0,1521.0,1521.0,1490.0,2.0,30110.0,28
2023-05-10 09:37:39,ru2401P14500,ru2401P14500,1490.0,0.0,0.0,0.0,2,1436.0,1462.0,2,1710.0,1521.0,1521.0,1490.0,2.0,30110.0,28
2023-05-10 09:37:39,ru2401P14500,ru2401P14500,1490.0,0.0,0.0,0.0,2,1436.0,1462.0,2,1710.0,1521.0,1521.0,1490.0,2.0,30110.0,28
2023-05-10 09:37:40,ru2401P14500,ru2401P14500,1490.0,0.0,0.0,0.0,2,1436.0,1462.0,2,1710.0,1521.0,1521.0,1490.0,2.0,30110.0,28
2023-05-10 09:37:41,ru2401P14500,ru2401P14500,1490.0,0.0,0.0,0.0,2,1436.0,1462.0,2,1710.0,1521.0,1521.0,1490.0,2.0,30110.0,28
2023-05-10 09:37:43,ru2401P14500,ru2401P14500,1490.0,0.0,0.0,0.0,2,1436.0,1462.0,2,1710.0,1521.0,1521.0,1490.0,2.0,30110.0,28
2023-05-10 09:37:43,ru2401P14500,ru2401P14500,1490.0,0.0,0.0,0.0,2,1436.0,1462.0,2,1710.0,1521.0,1521.0,1490.0,2.0,30110.0,28
2023-05-10 09:37:44,ru2401P14500,ru2401P14500,1490.0,0.0,0.0,0.0,2,1436.0,1462.0,2,1710.0,1521.0,1521.0,1490.0,2.0,30110.0,28
2023-05-10 09:37:45,ru2401P14500,ru2401P14500,1490.0,0.0,0.0,0.0,2,1436.0,1462.0,2,1710.0,1521.0,1521.0,1490.0,2.0,30110.0,28
2023-05-10 09:37:48,ru2401P14500,ru2401P14500,1490.0,0.0,0.0,0.0,2,1436.0,1462.0,2,1710.0,1521.0,1521.0,1490.0,2.0,30110.0,28
2023-05-10 09:37:49,ru2401P14500,ru2401P14500,1490.0,0.0,0.0,0.0,2,1436.0,1462.0,2,1710.0,1521.0,1521.0,1490.0,2.0,30110.0,28
2023-05-10 09:37:49,ru2401P14500,ru2401P14500,1490.0,0.0,0.0,0.0,2,1436.0,1462.0,2,1710.0,1521.0,1521.0,1490.0,2.0,30110.0,28
2023-05-10 09:37:51,ru2401P14500,ru2401P14500,1490.0,0.0,0.0,0.0,2,1436.0,1462.0,2,1710.0,1521.0,1521.0,1490.0,2.0,30110.0,28
2023-05-10 09:37:52,ru2401P14500,ru2401P14500,1490.0,0.0,0.0,0.0,2,1436.0,1462.0,2,1710.0,1521.0,1521.0,1490.0,2.0,30110.0,28
2023-05-10 09:37:55,ru2401P14500,ru2401P14500,1490.0,0.0,0.0,0.0,2,1436.0,1462.0,2,1710.0,1521.0,1521.0,1490.0,2.0,30110.0,28
2023-05-10 09:37:55,ru2401P14500,ru2401P14500,1490.0,0.0,0.0,0.0,2,1436.0,1462.0,2,1710.0,1521.0,1521.0,1490.0,2.0,30110.0,28
2023-05-10 09:37:56,ru2401P14500,ru2401P14500,1490.0,0.0,0.0,0.0,2,1436.0,1462.0,2,1710.0,1521.0,1521.0,1490.0,2.0,30110.0,28
2023-05-10 09:37:56,ru2401P14500,ru2401P14500,1490.0,0.0,0.0,0.0,2,1436.0,1462.0,2,1710.0,1521.0,1521.0,1490.0,2.0,30110.0,28
2023-05-10 09:37:58,ru2401P14500,ru2401P14500,1490.0,0.0,0.0,0.0,4,1436.0,1462.0,4,1710.0,1521.0,1521.0,1490.0,2.0,30110.0,28
2023-05-10 09:38:00,ru2401P14500,ru2401P14500,1490.0,0.0,0.0,0.0,2,1441.0,1462.0,2,1710.0,1521.0,1521.0,1490.0,2.0,30110.0,28
2023-05-10 09:38:00,ru2401P14500,ru2401P14500,1490.0,0.0,0.0,0.0,2,1441.0,1464.0,4,1710.0,1521.0,1521.0,1490.0,2.0,30110.0,28
2023-05-10 09:38:01,ru2401P14500,ru2401P14500,1490.0,0.0,0.0,0.0,2,1441.0,1464.0,2,1710.0,1521.0,1521.0,1490.0,2.0,30110.0,28
2023-05-10 09:38:05,ru2401P14500,ru2401P14500,1490.0,0.0,0.0,0.0,2,1441.0,1464.0,2,1710.0,1521.0,1521.0,1490.0,2.0,30110.0,28
2023-05-10 09:38:08,ru2401P14500,ru2401P14500,1490.0,0.0,0.0,0.0,2,1441.0,1466.0,4,1710.0,1521.0,1521.0,1490.0,2.0,30110.0,28
2023-05-10 09:38:13,ru2401P14500,ru2401P14500,1490.0,0.0,0.0,0.0,2,1441.0,1466.0,4,1710.0,1521.0,1521.0,1490.0,2.0,30110.0,28
2023-05-10 09:38:17,ru2401P14500,ru2401P14500,1490.0,0.0,0.0,0.0,2,1437.0,1462.0,2,1710.0,1521.0,1521.0,1490.0,2.0,30110.0,28
2023-05-10 09:38:19,ru2401P14500,ru2401P14500,1490.0,0.0,0.0,0.0,2,1437.0,1462.0,2,1710.0,1521.0,1521.0,1490.0,2.0,30110.0,28
2023-05-10 09:38:24,ru2401P14500,ru2401P14500,1490.0,0.0,0.0,0.0,2,1436.0,1462.0,4,1710.0,1521.0,1521.0,1490.0,2.0,30110.0,28
2023-05-10 09:38:25,ru2401P14500,ru2401P14500,1490.0,0.0,0.0,0.0,2,1436.0,1462.0,4,1710.0,1521.0,1521.0,1490.0,2.0,30110.0,28
2023-05-10 09:38:36,ru2401P14500,ru2401P14500,1490.0,0.0,0.0,0.0,2,1436.0,1462.0,4,1710.0,1521.0,1521.0,1490.0,2.0,30110.0,28
2023-05-10 09:38:36,ru2401P14500,ru2401P14500,1490.0,0.0,0.0,0.0,2,1436.0,1462.0,4,1710.0,1521.0,1521.0,1490.0,2.0,30110.0,28
2023-05-10 09:38:38,ru2401P14500,ru2401P14500,1490.0,0.0,0.0,0.0,2,1436.0,1462.0,4,1710.0,1521.0,1521.0,1490.0,2.0,30110.0,28
2023-05-10 09:38:44,ru2401P14500,ru2401P14500,1490.0,0.0,0.0,0.0,2,1436.0,1462.0,4,1710.0,1521.0,1521.0,1490.0,2.0,30110.0,28
2023-05-10 09:38:49,ru2401P14500,ru2401P14500,1490.0,0.0,0.0,0.0,2,1431.0,1457.0,2,1710.0,1521.0,1521.0,1490.0,2.0,30110.0,28
2023-05-10 09:38:49,ru2401P14500,ru2401P14500,1490.0,0.0,0.0,0.0,2,1431.0,1457.0,4,1710.0,1521.0,1521.0,1490.0,2.0,30110.0,28
2023-05-10 09:38:50,ru2401P14500,ru2401P14500,1490.0,0.0,0.0,0.0,2,1431.0,1457.0,4,1710.0,1521.0,1521.0,1490.0,2.0,30110.0,28
2023-05-10 09:38:53,ru2401P14500,ru2401P14500,1490.0,0.0,0.0,0.0,2,1431.0,1457.0,4,1710.0,1521.0,1521.0,1490.0,2.0,30110.0,28
2023-05-10 09:38:54,ru2401P14500,ru2401P14500,1490.0,0.0,0.0,0.0,2,1431.0,1457.0,4,1710.0,1521.0,1521.0,1490.0,2.0,30110.0,28
2023-05-10 09:38:54,ru2401P14500,ru2401P14500,1490.0,0.0,0.0,0.0,2,1431.0,1457.0,4,1710.0,1521.0,1521.0,1490.0,2.0,30110.0,28
2023-05-10 09:38:55,ru2401P14500,ru2401P14500,1490.0,0.0,0.0,0.0,2,1431.0,1457.0,4,1710.0,1521.0,1521.0,1490.0,2.0,30110.0,28
2023-05-10 09:38:55,ru2401P14500,ru2401P14500,1490.0,0.0,0.0,0.0,2,1431.0,1457.0,4,1710.0,1521.0,1521.0,1490.0,2.0,30110.0,28
2023-05-10 09:38:56,ru2401P14500,ru2401P14500,1490.0,0.0,0.0,0.0,2,1431.0,1457.0,4,1710.0,1521.0,1521.0,1490.0,2.0,30110.0,28
2023-05-10 09:38:58,ru2401P14500,ru2401P14500,1490.0,0.0,0.0,0.0,2,1431.0,1457.0,4,1710.0,1521.0,1521.0,1490.0,2.0,30110.0,28
2023-05-10 09:38:59,ru2401P14500,ru2401P14500,1490.0,0.0,0.0,0.0,2,1431.0,1457.0,4,1710.0,1521.0,1521.0,1490.0,2.0,30110.0,28
2023-05-10 09:38:59,ru2401P14500,ru2401P14500,1490.0,0.0,0.0,0.0,2,1431.0,1457.0,4,1710.0,1521.0,1521.0,1490.0,2.0,30110.0,28
2023-05-10 09:39:03,ru2401P14500,ru2401P14500,1490.0,0.0,0.0,0.0,2,1431.0,1457.0,4,1710.0,1521.0,1521.0,1490.0,2.0,30110.0,28
2023-05-10 09:39:37,ru2401P14500,ru2401P14500,1490.0,0.0,0.0,0.0,2,1431.0,1457.0,4,1710.0,1521.0,1521.0,1490.0,2.0,30110.0,28
2023-05-10 09:39:37,ru2401P14500,ru2401P14500,1490.0,0.0,0.0,0.0,2,1431.0,1457.0,4,1710.0,1521.0,1521.0,1490.0,2.0,30110.0,28
2023-05-10 09:39:38,ru2401P14500,ru2401P14500,1490.0,0.0,0.0,0.0,2,1431.0,1457.0,4,1710.0,1521.0,1521.0,1490.0,2.0,30110.0,28
2023-05-10 09:39:39,ru2401P14500,ru2401P14500,1490.0,0.0,0.0,0.0,2,1431.0,1457.0,4,1710.0,1521.0,1521.0,1490.0,2.0,30110.0,28
2023-05-10 09:39:39,ru2401P14500,ru2401P14500,1490.0,0.0,0.0,0.0,2,1431.0,1457.0,4,1710.0,1521.0,1521.0,1490.0,2.0,30110.0,28
2023-05-10 09:39:41,ru2401P14500,ru2401P14500,1490.0,0.0,0.0,0.0,2,1431.0,1457.0,4,1710.0,1521.0,1521.0,1490.0,2.0,30110.0,28
2023-05-10 09:39:46,ru2401P14500,ru2401P14500,1490.0,0.0,0.0,0.0,2,1431.0,1457.0,4,1710.0,1521.0,1521.0,1490.0,2.0,30110.0,28
2023-05-10 09:39:46,ru2401P14500,ru2401P14500,1490.0,0.0,0.0,0.0,2,1431.0,1457.0,4,1710.0,1521.0,1521.0,1490.0,2.0,30110.0,28
2023-05-10 09:39:47,ru2401P14500,ru2401P14500,1490.0,0.0,0.0,0.0,2,1431.0,1457.0,4,1710.0,1521.0,1521.0,1490.0,2.0,30110.0,28
2023-05-10 09:39:47,ru2401P14500,ru2401P14500,1490.0,0.0,0.0,0.0,2,1431.0,1457.0,4,1710.0,1521.0,1521.0,1490.0,2.0,30110.0,28
2023-05-10 09:39:48,ru2401P14500,ru2401P14500,1490.0,0.0,0.0,0.0,2,1431.0,1457.0,4,1710.0,1521.0,1521.0,1490.0,2.0,30110.0,28
2023-05-10 09:39:49,ru2401P14500,ru2401P14500,1490.0,0.0,0.0,0.0,2,1431.0,1457.0,4,1710.0,1521.0,1521.0,1490.0,2.0,30110.0,28
2023-05-10 09:39:49,ru2401P14500,ru2401P14500,1490.0,0.0,0.0,0.0,2,1431.0,1457.0,4,1710.0,1521.0,1521.0,1490.0,2.0,30110.0,28
2023-05-10 09:39:53,ru2401P14500,ru2401P14500,1490.0,0.0,0.0,0.0,2,1431.0,1457.0,4,1710.0,1521.0,1521.0,1490.0,2.0,30110.0,28
2023-05-10 09:39:53,ru2401P14500,ru2401P14500,1490.0,0.0,0.0,0.0,2,1431.0,1457.0,4,1710.0,1521.0,1521.0,1490.0,2.0,30110.0,28
2023-05-10 09:39:54,ru2401P14500,ru2401P14500,1490.0,0.0,0.0,0.0,2,1431.0,1457.0,4,1710.0,1521.0,1521.0,1490.0,2.0,30110.0,28
2023-05-10 09:39:55,ru2401P14500,ru2401P14500,1490.0,0.0,0.0,0.0,2,1431.0,1457.0,4,1710.0,1521.0,1521.0,1490.0,2.0,30110.0,28
2023-05-10 09:39:57,ru2401P14500,ru2401P14500,1490.0,0.0,0.0,0.0,2,1431.0,1457.0,4,1710.0,1521.0,1521.0,1490.0,2.0,30110.0,28
2023-05-10 09:40:01,ru2401P14500,ru2401P14500,1490.0,0.0,0.0,0.0,2,1431.0,1457.0,4,1710.0,1521.0,1521.0,1490.0,2.0,30110.0,28
2023-05-10 09:40:24,ru2401P14500,ru2401P14500,1490.0,0.0,0.0,0.0,2,1431.0,1457.0,4,1710.0,1521.0,1521.0,1490.0,2.0,30110.0,28
2023-05-10 09:40:27,ru2401P14500,ru2401P14500,1490.0,0.0,0.0,0.0,2,1436.0,1457.0,2,1710.0,1521.0,1521.0,1490.0,2.0,30110.0,28
2023-05-10 09:40:27,ru2401P14500,ru2401P14500,1490.0,0.0,0.0,0.0,2,1436.0,1461.0,4,1710.0,1521.0,1521.0,1490.0,2.0,30110.0,28
2023-05-10 09:40:51,ru2401P14500,ru2401P14500,1490.0,0.0,0.0,0.0,2,1436.0,1461.0,4,1710.0,1521.0,1521.0,1490.0,2.0,30110.0,28
2023-05-10 09:40:51,ru2401P14500,ru2401P14500,1490.0,0.0,0.0,0.0,2,1436.0,1461.0,4,1710.0,1521.0,1521.0,1490.0,2.0,30110.0,28
2023-05-10 09:40:52,ru2401P14500,ru2401P14500,1490.0,0.0,0.0,0.0,2,1436.0,1461.0,4,1710.0,1521.0,1521.0,1490.0,2.0,30110.0,28
2023-05-10 09:41:28,ru2401P14500,ru2401P14500,1490.0,0.0,0.0,0.0,2,1436.0,1461.0,4,1710.0,1521.0,1521.0,1490.0,2.0,30110.0,28
2023-05-10 09:41:29,ru2401P14500,ru2401P14500,1490.0,0.0,0.0,0.0,2,1440.0,1461.0,2,1710.0,1521.0,1521.0,1490.0,2.0,30110.0,28
2023-05-10 09:41:30,ru2401P14500,ru2401P14500,1490.0,0.0,0.0,0.0,2,1440.0,1466.0,4,1710.0,1521.0,1521.0,1490.0,2.0,30110.0,28
2023-05-10 09:41:41,ru2401P14500,ru2401P14500,1490.0,0.0,0.0,0.0,2,1440.0,1466.0,4,1710.0,1521.0,1521.0,1490.0,2.0,30110.0,28
2023-05-10 09:41:43,ru2401P14500,ru2401P14500,1490.0,0.0,0.0,0.0,2,1440.0,1466.0,4,1710.0,1521.0,1521.0,1490.0,2.0,30110.0,28
2023-05-10 09:41:44,ru2401P14500,ru2401P14500,1490.0,0.0,0.0,0.0,2,1440.0,1466.0,4,1710.0,1521.0,1521.0,1490.0,2.0,30110.0,28
2023-05-10 09:41:44,ru2401P14500,ru2401P14500,1490.0,0.0,0.0,0.0,2,1440.0,1466.0,4,1710.0,1521.0,1521.0,1490.0,2.0,30110.0,28
2023-05-10 09:41:48,ru2401P14500,ru2401P14500,1490.0,0.0,0.0,0.0,2,1440.0,1466.0,4,1710.0,1521.0,1521.0,1490.0,2.0,30110.0,28
2023-05-10 09:42:02,ru2401P14500,ru2401P14500,1490.0,0.0,0.0,0.0,2,1440.0,1466.0,4,1710.0,1521.0,1521.0,1490.0,2.0,30110.0,28
2023-05-10 09:42:04,ru2401P14500,ru2401P14500,1490.0,0.0,0.0,0.0,2,1440.0,1466.0,4,1710.0,1521.0,1521.0,1490.0,2.0,30110.0,28
2023-05-10 09:42:08,ru2401P14500,ru2401P14500,1490.0,0.0,0.0,0.0,2,1440.0,1466.0,4,1710.0,1521.0,1521.0,1490.0,2.0,30110.0,28
2023-05-10 09:42:16,ru2401P14500,ru2401P14500,1490.0,0.0,0.0,0.0,2,1440.0,1466.0,4,1710.0,1521.0,1521.0,1490.0,2.0,30110.0,28
2023-05-10 09:42:23,ru2401P14500,ru2401P14500,1490.0,0.0,0.0,0.0,2,1440.0,1466.0,4,1710.0,1521.0,1521.0,1490.0,2.0,30110.0,28
2023-05-10 09:42:23,ru2401P14500,ru2401P14500,1490.0,0.0,0.0,0.0,2,1440.0,1466.0,4,1710.0,1521.0,1521.0,1490.0,2.0,30110.0,28
2023-05-10 09:42:24,ru2401P14500,ru2401P14500,1490.0,0.0,0.0,0.0,2,1440.0,1466.0,4,1710.0,1521.0,1521.0,1490.0,2.0,30110.0,28
2023-05-10 09:42:25,ru2401P14500,ru2401P14500,1490.0,0.0,0.0,0.0,2,1440.0,1466.0,4,1710.0,1521.0,1521.0,1490.0,2.0,30110.0,28
2023-05-10 09:42:26,ru2401P14500,ru2401P14500,1490.0,0.0,0.0,0.0,2,1440.0,1466.0,4,1710.0,1521.0,1521.0,1490.0,2.0,30110.0,28
2023-05-10 09:42:27,ru2401P14500,ru2401P14500,1490.0,0.0,0.0,0.0,2,1445.0,1466.0,2,1710.0,1521.0,1521.0,1490.0,2.0,30110.0,28
2023-05-10 09:42:27,ru2401P14500,ru2401P14500,1490.0,0.0,0.0,0.0,2,1445.0,1470.0,4,1710.0,1521.0,1521.0,1490.0,2.0,30110.0,28
2023-05-10 09:42:43,ru2401P14500,ru2401P14500,1490.0,0.0,0.0,0.0,2,1445.0,1470.0,4,1710.0,1521.0,1521.0,1490.0,2.0,30110.0,28
2023-05-10 09:42:44,ru2401P14500,ru2401P14500,1490.0,0.0,0.0,0.0,2,1445.0,1470.0,4,1710.0,1521.0,1521.0,1490.0,2.0,30110.0,28
2023-05-10 09:42:50,ru2401P14500,ru2401P14500,1490.0,0.0,0.0,0.0,4,1445.0,1470.0,4,1710.0,1521.0,1521.0,1490.0,2.0,30110.0,28
2023-05-10 09:42:55,ru2401P14500,ru2401P14500,1490.0,0.0,0.0,0.0,4,1445.0,1470.0,4,1710.0,1521.0,1521.0,1490.0,2.0,30110.0,28
2023-05-10 09:42:55,ru2401P14500,ru2401P14500,1490.0,0.0,0.0,0.0,4,1445.0,1470.0,4,1710.0,1521.0,1521.0,1490.0,2.0,30110.0,28
2023-05-10 09:42:56,ru2401P14500,ru2401P14500,1490.0,0.0,0.0,0.0,4,1445.0,1470.0,4,1710.0,1521.0,1521.0,1490.0,2.0,30110.0,28
2023-05-10 09:42:57,ru2401P14500,ru2401P14500,1490.0,0.0,0.0,0.0,2,1449.0,1470.0,2,1710.0,1521.0,1521.0,1490.0,2.0,30110.0,28
2023-05-10 09:42:57,ru2401P14500,ru2401P14500,1490.0,0.0,0.0,0.0,4,1449.0,1475.0,6,1710.0,1521.0,1521.0,1490.0,2.0,30110.0,28
2023-05-10 09:43:02,ru2401P14500,ru2401P14500,1490.0,0.0,0.0,0.0,4,1449.0,1475.0,4,1710.0,1521.0,1521.0,1490.0,2.0,30110.0,28
2023-05-10 09:43:02,ru2401P14500,ru2401P14500,1490.0,0.0,0.0,0.0,4,1449.0,1475.0,4,1710.0,1521.0,1521.0,1490.0,2.0,30110.0,28
2023-05-10 09:43:03,ru2401P14500,ru2401P14500,1490.0,0.0,0.0,0.0,4,1449.0,1475.0,4,1710.0,1521.0,1521.0,1490.0,2.0,30110.0,28
2023-05-10 09:43:04,ru2401P14500,ru2401P14500,1490.0,0.0,0.0,0.0,2,1455.0,1475.0,2,1710.0,1521.0,1521.0,1490.0,2.0,30110.0,28
2023-05-10 09:43:05,ru2401P14500,ru2401P14500,1490.0,0.0,0.0,0.0,2,1455.0,1478.0,4,1710.0,1521.0,1521.0,1490.0,2.0,30110.0,28
2023-05-10 09:43:05,ru2401P14500,ru2401P14500,1490.0,0.0,0.0,0.0,2,1455.0,1478.0,2,1710.0,1521.0,1521.0,1490.0,2.0,30110.0,28
2023-05-10 09:43:08,ru2401P14500,ru2401P14500,1490.0,0.0,0.0,0.0,2,1455.0,1480.0,4,1710.0,1521.0,1521.0,1490.0,2.0,30110.0,28
2023-05-10 09:43:11,ru2401P14500,ru2401P14500,1490.0,0.0,0.0,0.0,2,1455.0,1480.0,4,1710.0,1521.0,1521.0,1490.0,2.0,30110.0,28
2023-05-10 09:43:14,ru2401P14500,ru2401P14500,1490.0,0.0,0.0,0.0,2,1455.0,1480.0,4,1710.0,1521.0,1521.0,1490.0,2.0,30110.0,28
2023-05-10 09:43:14,ru2401P14500,ru2401P14500,1490.0,0.0,0.0,0.0,2,1455.0,1480.0,4,1710.0,1521.0,1521.0,1490.0,2.0,30110.0,28
2023-05-10 09:43:15,ru2401P14500,ru2401P14500,1490.0,0.0,0.0,0.0,2,1455.0,1480.0,4,1710.0,1521.0,1521.0,1490.0,2.0,30110.0,28
2023-05-10 09:43:17,ru2401P14500,ru2401P14500,1490.0,0.0,0.0,0.0,2,1455.0,1480.0,4,1710.0,1521.0,1521.0,1490.0,2.0,30110.0,28
2023-05-10 09:43:18,ru2401P14500,ru2401P14500,1490.0,0.0,0.0,0.0,2,1459.0,1480.0,2,1710.0,1521.0,1521.0,1490.0,2.0,30110.0,28
2023-05-10 09:43:19,ru2401P14500,ru2401P14500,1490.0,0.0,0.0,0.0,4,1459.0,1485.0,4,1710.0,1521.0,1521.0,1490.0,2.0,30110.0,28
2023-05-10 09:43:28,ru2401P14500,ru2401P14500,1490.0,0.0,0.0,0.0,4,1459.0,1485.0,4,1710.0,1521.0,1521.0,1490.0,2.0,30110.0,28
2023-05-10 09:43:59,ru2401P14500,ru2401P14500,1490.0,0.0,0.0,0.0,4,1459.0,1485.0,4,1710.0,1521.0,1521.0,1490.0,2.0,30110.0,28
2023-05-10 09:43:59,ru2401P14500,ru2401P14500,1490.0,0.0,0.0,0.0,4,1459.0,1485.0,4,1710.0,1521.0,1521.0,1490.0,2.0,30110.0,28
2023-05-10 09:44:00,ru2401P14500,ru2401P14500,1490.0,0.0,0.0,0.0,4,1459.0,1485.0,4,1710.0,1521.0,1521.0,1490.0,2.0,30110.0,28
2023-05-10 09:44:04,ru2401P14500,ru2401P14500,1490.0,0.0,0.0,0.0,4,1459.0,1485.0,4,1710.0,1521.0,1521.0,1490.0,2.0,30110.0,28
2023-05-10 09:44:07,ru2401P14500,ru2401P14500,1490.0,0.0,0.0,0.0,4,1459.0,1485.0,4,1710.0,1521.0,1521.0,1490.0,2.0,30110.0,28
2023-05-10 09:44:12,ru2401P14500,ru2401P14500,1490.0,0.0,0.0,0.0,4,1459.0,1485.0,4,1710.0,1521.0,1521.0,1490.0,2.0,30110.0,28
2023-05-10 09:44:18,ru2401P14500,ru2401P14500,1490.0,0.0,0.0,0.0,4,1459.0,1485.0,4,1710.0,1521.0,1521.0,1490.0,2.0,30110.0,28
2023-05-10 09:44:23,ru2401P14500,ru2401P14500,1490.0,0.0,0.0,0.0,4,1459.0,1485.0,4,1710.0,1521.0,1521.0,1490.0,2.0,30110.0,28
2023-05-10 09:44:32,ru2401P14500,ru2401P14500,1490.0,0.0,0.0,0.0,2,1464.0,1485.0,2,1710.0,1521.0,1521.0,1490.0,2.0,30110.0,28
2023-05-10 09:44:32,ru2401P14500,ru2401P14500,1490.0,0.0,0.0,0.0,4,1464.0,1490.0,4,1710.0,1521.0,1521.0,1490.0,2.0,30110.0,28
2023-05-10 09:44:46,ru2401P14500,ru2401P14500,1490.0,0.0,0.0,0.0,4,1464.0,1490.0,4,1710.0,1521.0,1521.0,1490.0,2.0,30110.0,28
2023-05-10 09:44:46,ru2401P14500,ru2401P14500,1490.0,0.0,0.0,0.0,4,1464.0,1490.0,4,1710.0,1521.0,1521.0,1490.0,2.0,30110.0,28
2023-05-10 09:44:47,ru2401P14500,ru2401P14500,1490.0,0.0,0.0,0.0,4,1464.0,1490.0,4,1710.0,1521.0,1521.0,1490.0,2.0,30110.0,28
2023-05-10 09:44:49,ru2401P14500,ru2401P14500,1490.0,0.0,0.0,0.0,4,1464.0,1490.0,4,1710.0,1521.0,1521.0,1490.0,2.0,30110.0,28
2023-05-10 09:44:50,ru2401P14500,ru2401P14500,1490.0,0.0,0.0,0.0,4,1464.0,1490.0,4,1710.0,1521.0,1521.0,1490.0,2.0,30110.0,28
2023-05-10 09:44:50,ru2401P14500,ru2401P14500,1490.0,0.0,0.0,0.0,4,1464.0,1490.0,4,1710.0,1521.0,1521.0,1490.0,2.0,30110.0,28
2023-05-10 09:44:52,ru2401P14500,ru2401P14500,1490.0,0.0,0.0,0.0,4,1464.0,1490.0,4,1710.0,1521.0,1521.0,1490.0,2.0,30110.0,28
2023-05-10 09:44:53,ru2401P14500,ru2401P14500,1490.0,0.0,0.0,0.0,4,1464.0,1490.0,4,1710.0,1521.0,1521.0,1490.0,2.0,30110.0,28
2023-05-10 09:44:54,ru2401P14500,ru2401P14500,1490.0,0.0,0.0,0.0,4,1464.0,1490.0,4,1710.0,1521.0,1521.0,1490.0,2.0,30110.0,28
2023-05-10 09:44:55,ru2401P14500,ru2401P14500,1490.0,0.0,0.0,0.0,4,1464.0,1490.0,4,1710.0,1521.0,1521.0,1490.0,2.0,30110.0,28
2023-05-10 09:44:56,ru2401P14500,ru2401P14500,1490.0,0.0,0.0,0.0,4,1464.0,1490.0,4,1710.0,1521.0,1521.0,1490.0,2.0,30110.0,28
2023-05-10 09:45:02,ru2401P14500,ru2401P14500,1490.0,0.0,0.0,0.0,4,1464.0,1490.0,4,1710.0,1521.0,1521.0,1490.0,2.0,30110.0,28
2023-05-10 09:45:02,ru2401P14500,ru2401P14500,1490.0,0.0,0.0,0.0,4,1464.0,1490.0,4,1710.0,1521.0,1521.0,1490.0,2.0,30110.0,28
2023-05-10 09:45:03,ru2401P14500,ru2401P14500,1490.0,0.0,0.0,0.0,4,1464.0,1490.0,4,1710.0,1521.0,1521.0,1490.0,2.0,30110.0,28
2023-05-10 09:45:04,ru2401P14500,ru2401P14500,1490.0,0.0,0.0,0.0,4,1464.0,1490.0,4,1710.0,1521.0,1521.0,1490.0,2.0,30110.0,28
2023-05-10 09:45:04,ru2401P14500,ru2401P14500,1490.0,0.0,0.0,0.0,4,1464.0,1490.0,4,1710.0,1521.0,1521.0,1490.0,2.0,30110.0,28
2023-05-10 09:45:08,ru2401P14500,ru2401P14500,1490.0,0.0,0.0,0.0,4,1464.0,1490.0,4,1710.0,1521.0,1521.0,1490.0,2.0,30110.0,28
2023-05-10 09:45:12,ru2401P14500,ru2401P14500,1490.0,0.0,0.0,0.0,4,1464.0,1490.0,4,1710.0,1521.0,1521.0,1490.0,2.0,30110.0,28
2023-05-10 09:45:12,ru2401P14500,ru2401P14500,1490.0,0.0,0.0,0.0,4,1464.0,1490.0,4,1710.0,1521.0,1521.0,1490.0,2.0,30110.0,28
2023-05-10 09:45:13,ru2401P14500,ru2401P14500,1490.0,0.0,0.0,0.0,4,1464.0,1490.0,4,1710.0,1521.0,1521.0,1490.0,2.0,30110.0,28
2023-05-10 09:45:14,ru2401P14500,ru2401P14500,1490.0,0.0,0.0,0.0,4,1464.0,1490.0,4,1710.0,1521.0,1521.0,1490.0,2.0,30110.0,28
2023-05-10 09:45:17,ru2401P14500,ru2401P14500,1490.0,0.0,0.0,0.0,4,1464.0,1490.0,4,1710.0,1521.0,1521.0,1490.0,2.0,30110.0,28
2023-05-10 09:45:17,ru2401P14500,ru2401P14500,1490.0,0.0,0.0,0.0,4,1464.0,1490.0,4,1710.0,1521.0,1521.0,1490.0,2.0,30110.0,28
2023-05-10 09:45:19,ru2401P14500,ru2401P14500,1490.0,0.0,0.0,0.0,4,1464.0,1490.0,4,1710.0,1521.0,1521.0,1490.0,2.0,30110.0,28
2023-05-10 09:45:19,ru2401P14500,ru2401P14500,1490.0,0.0,0.0,0.0,4,1459.0,1485.0,2,1710.0,1521.0,1521.0,1490.0,2.0,30110.0,28
2023-05-10 09:45:20,ru2401P14500,ru2401P14500,1490.0,0.0,0.0,0.0,4,1459.0,1485.0,2,1710.0,1521.0,1521.0,1490.0,2.0,30110.0,28
2023-05-10 09:45:22,ru2401P14500,ru2401P14500,1490.0,0.0,0.0,0.0,4,1459.0,1485.0,2,1710.0,1521.0,1521.0,1490.0,2.0,30110.0,28
2023-05-10 09:45:22,ru2401P14500,ru2401P14500,1490.0,0.0,0.0,0.0,4,1459.0,1485.0,2,1710.0,1521.0,1521.0,1490.0,2.0,30110.0,28
2023-05-10 09:45:23,ru2401P14500,ru2401P14500,1490.0,0.0,0.0,0.0,4,1459.0,1485.0,2,1710.0,1521.0,1521.0,1490.0,2.0,30110.0,28
2023-05-10 09:45:23,ru2401P14500,ru2401P14500,1490.0,0.0,0.0,0.0,4,1459.0,1485.0,2,1710.0,1521.0,1521.0,1490.0,2.0,30110.0,28
2023-05-10 09:45:24,ru2401P14500,ru2401P14500,1490.0,0.0,0.0,0.0,4,1459.0,1485.0,2,1710.0,1521.0,1521.0,1490.0,2.0,30110.0,28
2023-05-10 09:45:24,ru2401P14500,ru2401P14500,1490.0,0.0,0.0,0.0,4,1459.0,1485.0,2,1710.0,1521.0,1521.0,1490.0,2.0,30110.0,28
2023-05-10 09:45:25,ru2401P14500,ru2401P14500,1490.0,0.0,0.0,0.0,4,1459.0,1485.0,2,1710.0,1521.0,1521.0,1490.0,2.0,30110.0,28
2023-05-10 09:45:25,ru2401P14500,ru2401P14500,1490.0,0.0,0.0,0.0,4,1459.0,1485.0,2,1710.0,1521.0,1521.0,1490.0,2.0,30110.0,28
2023-05-10 09:45:27,ru2401P14500,ru2401P14500,1490.0,0.0,0.0,0.0,4,1459.0,1485.0,2,1710.0,1521.0,1521.0,1490.0,2.0,30110.0,28
2023-05-10 09:45:28,ru2401P14500,ru2401P14500,1490.0,0.0,0.0,0.0,4,1459.0,1485.0,2,1710.0,1521.0,1521.0,1490.0,2.0,30110.0,28
2023-05-10 09:45:31,ru2401P14500,ru2401P14500,1490.0,0.0,0.0,0.0,4,1459.0,1485.0,2,1710.0,1521.0,1521.0,1490.0,2.0,30110.0,28
2023-05-10 09:45:41,ru2401P14500,ru2401P14500,1490.0,0.0,0.0,0.0,4,1459.0,1485.0,2,1710.0,1521.0,1521.0,1490.0,2.0,30110.0,28
2023-05-10 09:45:42,ru2401P14500,ru2401P14500,1490.0,0.0,0.0,0.0,4,1459.0,1485.0,2,1710.0,1521.0,1521.0,1490.0,2.0,30110.0,28
2023-05-10 09:45:44,ru2401P14500,ru2401P14500,1490.0,0.0,0.0,0.0,4,1459.0,1485.0,2,1710.0,1521.0,1521.0,1490.0,2.0,30110.0,28
2023-05-10 09:45:45,ru2401P14500,ru2401P14500,1490.0,0.0,0.0,0.0,4,1459.0,1485.0,2,1710.0,1521.0,1521.0,1490.0,2.0,30110.0,28
2023-05-10 09:45:48,ru2401P14500,ru2401P14500,1490.0,0.0,0.0,0.0,4,1459.0,1485.0,2,1710.0,1521.0,1521.0,1490.0,2.0,30110.0,28
2023-05-10 09:46:05,ru2401P14500,ru2401P14500,1490.0,0.0,0.0,0.0,4,1459.0,1485.0,2,1710.0,1521.0,1521.0,1490.0,2.0,30110.0,28
2023-05-10 09:46:05,ru2401P14500,ru2401P14500,1459.0,4.0,58360.0,2.0,2,1455.0,1485.0,4,1710.0,1521.0,1521.0,1459.0,6.0,88470.0,30
2023-05-10 09:46:06,ru2401P14500,ru2401P14500,1459.0,0.0,0.0,0.0,2,1388.0,1485.0,4,1710.0,1521.0,1521.0,1459.0,6.0,88470.0,30
2023-05-10 09:46:06,ru2401P14500,ru2401P14500,1459.0,0.0,0.0,0.0,1,1389.0,1485.0,4,1710.0,1521.0,1521.0,1459.0,6.0,88470.0,30
2023-05-10 09:46:07,ru2401P14500,ru2401P14500,1459.0,0.0,0.0,0.0,1,1389.0,1485.0,4,1710.0,1521.0,1521.0,1459.0,6.0,88470.0,30
2023-05-10 09:46:07,ru2401P14500,ru2401P14500,1459.0,0.0,0.0,0.0,1,1389.0,1485.0,4,1710.0,1521.0,1521.0,1459.0,6.0,88470.0,30
2023-05-10 09:46:08,ru2401P14500,ru2401P14500,1459.0,0.0,0.0,0.0,1,1389.0,1485.0,4,1710.0,1521.0,1521.0,1459.0,6.0,88470.0,30
2023-05-10 09:46:08,ru2401P14500,ru2401P14500,1459.0,0.0,0.0,0.0,2,1457.0,1483.0,2,1710.0,1521.0,1521.0,1459.0,6.0,88470.0,30
2023-05-10 09:46:09,ru2401P14500,ru2401P14500,1459.0,0.0,0.0,0.0,2,1457.0,1483.0,4,1710.0,1521.0,1521.0,1459.0,6.0,88470.0,30
2023-05-10 09:46:09,ru2401P14500,ru2401P14500,1459.0,0.0,0.0,0.0,2,1457.0,1483.0,4,1710.0,1521.0,1521.0,1459.0,6.0,88470.0,30
2023-05-10 09:46:11,ru2401P14500,ru2401P14500,1459.0,0.0,0.0,0.0,2,1457.0,1483.0,4,1710.0,1521.0,1521.0,1459.0,6.0,88470.0,30
2023-05-10 09:46:17,ru2401P14500,ru2401P14500,1459.0,0.0,0.0,0.0,2,1457.0,1483.0,4,1710.0,1521.0,1521.0,1459.0,6.0,88470.0,30
2023-05-10 09:46:18,ru2401P14500,ru2401P14500,1459.0,0.0,0.0,0.0,2,1457.0,1483.0,4,1710.0,1521.0,1521.0,1459.0,6.0,88470.0,30
2023-05-10 09:46:21,ru2401P14500,ru2401P14500,1459.0,0.0,0.0,0.0,2,1457.0,1483.0,4,1710.0,1521.0,1521.0,1459.0,6.0,88470.0,30
2023-05-10 09:46:22,ru2401P14500,ru2401P14500,1459.0,0.0,0.0,0.0,2,1457.0,1483.0,4,1710.0,1521.0,1521.0,1459.0,6.0,88470.0,30
2023-05-10 09:46:23,ru2401P14500,ru2401P14500,1459.0,0.0,0.0,0.0,2,1457.0,1483.0,4,1710.0,1521.0,1521.0,1459.0,6.0,88470.0,30
2023-05-10 09:46:24,ru2401P14500,ru2401P14500,1459.0,0.0,0.0,0.0,2,1457.0,1483.0,4,1710.0,1521.0,1521.0,1459.0,6.0,88470.0,30
2023-05-10 09:46:25,ru2401P14500,ru2401P14500,1459.0,0.0,0.0,0.0,2,1457.0,1483.0,4,1710.0,1521.0,1521.0,1459.0,6.0,88470.0,30
2023-05-10 09:46:29,ru2401P14500,ru2401P14500,1459.0,0.0,0.0,0.0,2,1457.0,1483.0,4,1710.0,1521.0,1521.0,1459.0,6.0,88470.0,30
2023-05-10 09:46:40,ru2401P14500,ru2401P14500,1459.0,0.0,0.0,0.0,2,1457.0,1483.0,4,1710.0,1521.0,1521.0,1459.0,6.0,88470.0,30
2023-05-10 09:46:46,ru2401P14500,ru2401P14500,1459.0,0.0,0.0,0.0,2,1457.0,1483.0,4,1710.0,1521.0,1521.0,1459.0,6.0,88470.0,30
2023-05-10 09:46:48,ru2401P14500,ru2401P14500,1459.0,0.0,0.0,0.0,2,1457.0,1483.0,4,1710.0,1521.0,1521.0,1459.0,6.0,88470.0,30
2023-05-10 09:46:49,ru2401P14500,ru2401P14500,1459.0,0.0,0.0,0.0,2,1457.0,1483.0,4,1710.0,1521.0,1521.0,1459.0,6.0,88470.0,30
2023-05-10 09:46:50,ru2401P14500,ru2401P14500,1459.0,0.0,0.0,0.0,2,1457.0,1483.0,4,1710.0,1521.0,1521.0,1459.0,6.0,88470.0,30
2023-05-10 09:46:51,ru2401P14500,ru2401P14500,1459.0,0.0,0.0,0.0,2,1457.0,1483.0,4,1710.0,1521.0,1521.0,1459.0,6.0,88470.0,30
2023-05-10 09:46:52,ru2401P14500,ru2401P14500,1459.0,0.0,0.0,0.0,2,1457.0,1483.0,4,1710.0,1521.0,1521.0,1459.0,6.0,88470.0,30
2023-05-10 09:46:55,ru2401P14500,ru2401P14500,1459.0,0.0,0.0,0.0,2,1457.0,1483.0,4,1710.0,1521.0,1521.0,1459.0,6.0,88470.0,30
2023-05-10 09:47:05,ru2401P14500,ru2401P14500,1459.0,0.0,0.0,0.0,2,1457.0,1483.0,4,1710.0,1521.0,1521.0,1459.0,6.0,88470.0,30
2023-05-10 09:47:09,ru2401P14500,ru2401P14500,1459.0,0.0,0.0,0.0,2,1457.0,1483.0,4,1710.0,1521.0,1521.0,1459.0,6.0,88470.0,30
2023-05-10 09:47:10,ru2401P14500,ru2401P14500,1459.0,0.0,0.0,0.0,2,1457.0,1483.0,4,1710.0,1521.0,1521.0,1459.0,6.0,88470.0,30
2023-05-10 09:47:12,ru2401P14500,ru2401P14500,1459.0,0.0,0.0,0.0,2,1457.0,1483.0,4,1710.0,1521.0,1521.0,1459.0,6.0,88470.0,30
2023-05-10 09:47:14,ru2401P14500,ru2401P14500,1459.0,0.0,0.0,0.0,2,1457.0,1483.0,4,1710.0,1521.0,1521.0,1459.0,6.0,88470.0,30
2023-05-10 09:47:19,ru2401P14500,ru2401P14500,1459.0,0.0,0.0,0.0,2,1457.0,1483.0,4,1710.0,1521.0,1521.0,1459.0,6.0,88470.0,30
2023-05-10 09:47:22,ru2401P14500,ru2401P14500,1459.0,0.0,0.0,0.0,2,1457.0,1483.0,4,1710.0,1521.0,1521.0,1459.0,6.0,88470.0,30
2023-05-10 09:47:22,ru2401P14500,ru2401P14500,1459.0,0.0,0.0,0.0,2,1457.0,1483.0,4,1710.0,1521.0,1521.0,1459.0,6.0,88470.0,30
2023-05-10 09:47:53,ru2401P14500,ru2401P14500,1459.0,0.0,0.0,0.0,2,1457.0,1483.0,4,1710.0,1521.0,1521.0,1459.0,6.0,88470.0,30
2023-05-10 09:47:54,ru2401P14500,ru2401P14500,1459.0,0.0,0.0,0.0,2,1457.0,1483.0,4,1710.0,1521.0,1521.0,1459.0,6.0,88470.0,30
2023-05-10 09:48:23,ru2401P14500,ru2401P14500,1459.0,0.0,0.0,0.0,2,1457.0,1483.0,4,1710.0,1521.0,1521.0,1459.0,6.0,88470.0,30
2023-05-10 09:48:24,ru2401P14500,ru2401P14500,1459.0,0.0,0.0,0.0,2,1457.0,1483.0,4,1710.0,1521.0,1521.0,1459.0,6.0,88470.0,30
2023-05-10 09:48:26,ru2401P14500,ru2401P14500,1459.0,0.0,0.0,0.0,2,1457.0,1483.0,4,1710.0,1521.0,1521.0,1459.0,6.0,88470.0,30
2023-05-10 09:48:27,ru2401P14500,ru2401P14500,1459.0,0.0,0.0,0.0,2,1457.0,1483.0,4,1710.0,1521.0,1521.0,1459.0,6.0,88470.0,30
2023-05-10 09:48:28,ru2401P14500,ru2401P14500,1459.0,0.0,0.0,0.0,2,1457.0,1483.0,4,1710.0,1521.0,1521.0,1459.0,6.0,88470.0,30
2023-05-10 09:48:29,ru2401P14500,ru2401P14500,1459.0,0.0,0.0,0.0,2,1457.0,1483.0,4,1710.0,1521.0,1521.0,1459.0,6.0,88470.0,30
2023-05-10 09:48:30,ru2401P14500,ru2401P14500,1459.0,0.0,0.0,0.0,2,1457.0,1483.0,4,1710.0,1521.0,1521.0,1459.0,6.0,88470.0,30
2023-05-10 09:48:37,ru2401P14500,ru2401P14500,1459.0,0.0,0.0,0.0,2,1457.0,1483.0,4,1710.0,1521.0,1521.0,1459.0,6.0,88470.0,30
2023-05-10 09:48:43,ru2401P14500,ru2401P14500,1459.0,0.0,0.0,0.0,2,1457.0,1483.0,4,1710.0,1521.0,1521.0,1459.0,6.0,88470.0,30
2023-05-10 09:48:49,ru2401P14500,ru2401P14500,1459.0,0.0,0.0,0.0,2,1457.0,1483.0,4,1710.0,1521.0,1521.0,1459.0,6.0,88470.0,30
2023-05-10 09:48:52,ru2401P14500,ru2401P14500,1459.0,0.0,0.0,0.0,2,1457.0,1483.0,4,1710.0,1521.0,1521.0,1459.0,6.0,88470.0,30
2023-05-10 09:48:59,ru2401P14500,ru2401P14500,1459.0,0.0,0.0,0.0,2,1457.0,1483.0,4,1710.0,1521.0,1521.0,1459.0,6.0,88470.0,30
2023-05-10 09:49:01,ru2401P14500,ru2401P14500,1459.0,0.0,0.0,0.0,2,1457.0,1483.0,4,1710.0,1521.0,1521.0,1459.0,6.0,88470.0,30
2023-05-10 09:49:07,ru2401P14500,ru2401P14500,1459.0,0.0,0.0,0.0,2,1457.0,1483.0,4,1710.0,1521.0,1521.0,1459.0,6.0,88470.0,30
2023-05-10 09:50:21,ru2401P14500,ru2401P14500,1459.0,0.0,0.0,0.0,2,1457.0,1483.0,4,1710.0,1521.0,1521.0,1459.0,6.0,88470.0,30
2023-05-10 09:50:25,ru2401P14500,ru2401P14500,1459.0,0.0,0.0,0.0,2,1457.0,1483.0,4,1710.0,1521.0,1521.0,1459.0,6.0,88470.0,30
2023-05-10 09:50:26,ru2401P14500,ru2401P14500,1459.0,0.0,0.0,0.0,2,1457.0,1483.0,4,1710.0,1521.0,1521.0,1459.0,6.0,88470.0,30
2023-05-10 09:50:34,ru2401P14500,ru2401P14500,1459.0,0.0,0.0,0.0,2,1457.0,1483.0,4,1710.0,1521.0,1521.0,1459.0,6.0,88470.0,30
2023-05-10 09:50:37,ru2401P14500,ru2401P14500,1459.0,0.0,0.0,0.0,2,1457.0,1483.0,4,1710.0,1521.0,1521.0,1459.0,6.0,88470.0,30
2023-05-10 09:50:39,ru2401P14500,ru2401P14500,1459.0,0.0,0.0,0.0,2,1457.0,1483.0,4,1710.0,1521.0,1521.0,1459.0,6.0,88470.0,30
2023-05-10 09:50:40,ru2401P14500,ru2401P14500,1459.0,0.0,0.0,0.0,2,1457.0,1483.0,4,1710.0,1521.0,1521.0,1459.0,6.0,88470.0,30
2023-05-10 09:50:43,ru2401P14500,ru2401P14500,1459.0,0.0,0.0,0.0,2,1457.0,1483.0,4,1710.0,1521.0,1521.0,1459.0,6.0,88470.0,30
2023-05-10 09:50:46,ru2401P14500,ru2401P14500,1459.0,0.0,0.0,0.0,2,1457.0,1483.0,4,1710.0,1521.0,1521.0,1459.0,6.0,88470.0,30
2023-05-10 09:50:51,ru2401P14500,ru2401P14500,1459.0,0.0,0.0,0.0,2,1457.0,1483.0,4,1710.0,1521.0,1521.0,1459.0,6.0,88470.0,30
2023-05-10 09:50:59,ru2401P14500,ru2401P14500,1459.0,0.0,0.0,0.0,2,1457.0,1483.0,4,1710.0,1521.0,1521.0,1459.0,6.0,88470.0,30
2023-05-10 09:50:59,ru2401P14500,ru2401P14500,1459.0,0.0,0.0,0.0,2,1457.0,1483.0,4,1710.0,1521.0,1521.0,1459.0,6.0,88470.0,30
2023-05-10 09:51:01,ru2401P14500,ru2401P14500,1459.0,0.0,0.0,0.0,2,1457.0,1483.0,4,1710.0,1521.0,1521.0,1459.0,6.0,88470.0,30
2023-05-10 09:51:21,ru2401P14500,ru2401P14500,1459.0,0.0,0.0,0.0,2,1462.0,1483.0,2,1710.0,1521.0,1521.0,1459.0,6.0,88470.0,30
2023-05-10 09:51:22,ru2401P14500,ru2401P14500,1459.0,0.0,0.0,0.0,4,1462.0,1487.0,6,1710.0,1521.0,1521.0,1459.0,6.0,88470.0,30
2023-05-10 09:51:22,ru2401P14500,ru2401P14500,1459.0,0.0,0.0,0.0,4,1462.0,1487.0,6,1710.0,1521.0,1521.0,1459.0,6.0,88470.0,30
2023-05-10 09:51:23,ru2401P14500,ru2401P14500,1459.0,0.0,0.0,0.0,4,1462.0,1487.0,4,1710.0,1521.0,1521.0,1459.0,6.0,88470.0,30
2023-05-10 09:51:34,ru2401P14500,ru2401P14500,1459.0,0.0,0.0,0.0,4,1462.0,1487.0,4,1710.0,1521.0,1521.0,1459.0,6.0,88470.0,30
2023-05-10 09:51:39,ru2401P14500,ru2401P14500,1459.0,0.0,0.0,0.0,4,1462.0,1487.0,4,1710.0,1521.0,1521.0,1459.0,6.0,88470.0,30
2023-05-10 09:51:55,ru2401P14500,ru2401P14500,1459.0,0.0,0.0,0.0,2,1462.0,1483.0,2,1710.0,1521.0,1521.0,1459.0,6.0,88470.0,30
2023-05-10 09:51:56,ru2401P14500,ru2401P14500,1459.0,0.0,0.0,0.0,2,1458.0,1483.0,4,1710.0,1521.0,1521.0,1459.0,6.0,88470.0,30
2023-05-10 09:51:56,ru2401P14500,ru2401P14500,1459.0,0.0,0.0,0.0,4,1457.0,1483.0,4,1710.0,1521.0,1521.0,1459.0,6.0,88470.0,30
2023-05-10 09:52:06,ru2401P14500,ru2401P14500,1459.0,0.0,0.0,0.0,4,1457.0,1483.0,4,1710.0,1521.0,1521.0,1459.0,6.0,88470.0,30
2023-05-10 09:52:07,ru2401P14500,ru2401P14500,1459.0,0.0,0.0,0.0,4,1457.0,1483.0,4,1710.0,1521.0,1521.0,1459.0,6.0,88470.0,30
2023-05-10 09:52:08,ru2401P14500,ru2401P14500,1459.0,0.0,0.0,0.0,4,1457.0,1483.0,4,1710.0,1521.0,1521.0,1459.0,6.0,88470.0,30
2023-05-10 09:52:12,ru2401P14500,ru2401P14500,1459.0,0.0,0.0,0.0,4,1457.0,1483.0,4,1710.0,1521.0,1521.0,1459.0,6.0,88470.0,30
2023-05-10 09:52:13,ru2401P14500,ru2401P14500,1459.0,0.0,0.0,0.0,4,1457.0,1483.0,4,1710.0,1521.0,1521.0,1459.0,6.0,88470.0,30
2023-05-10 09:53:02,ru2401P14500,ru2401P14500,1459.0,0.0,0.0,0.0,2,1462.0,1483.0,2,1710.0,1521.0,1521.0,1459.0,6.0,88470.0,30
2023-05-10 09:53:02,ru2401P14500,ru2401P14500,1459.0,0.0,0.0,0.0,4,1462.0,1487.0,4,1710.0,1521.0,1521.0,1459.0,6.0,88470.0,30
2023-05-10 09:53:03,ru2401P14500,ru2401P14500,1459.0,0.0,0.0,0.0,4,1462.0,1487.0,2,1710.0,1521.0,1521.0,1459.0,6.0,88470.0,30
2023-05-10 09:53:04,ru2401P14500,ru2401P14500,1459.0,0.0,0.0,0.0,4,1462.0,1487.0,2,1710.0,1521.0,1521.0,1459.0,6.0,88470.0,30
2023-05-10 09:53:07,ru2401P14500,ru2401P14500,1459.0,0.0,0.0,0.0,4,1462.0,1487.0,2,1710.0,1521.0,1521.0,1459.0,6.0,88470.0,30
2023-05-10 09:53:13,ru2401P14500,ru2401P14500,1459.0,0.0,0.0,0.0,2,1467.0,1487.0,2,1710.0,1521.0,1521.0,1459.0,6.0,88470.0,30
2023-05-10 09:53:13,ru2401P14500,ru2401P14500,1459.0,0.0,0.0,0.0,4,1467.0,1492.0,8,1710.0,1521.0,1521.0,1459.0,6.0,88470.0,30
2023-05-10 09:53:14,ru2401P14500,ru2401P14500,1459.0,0.0,0.0,0.0,4,1467.0,1492.0,4,1710.0,1521.0,1521.0,1459.0,6.0,88470.0,30
2023-05-10 09:53:19,ru2401P14500,ru2401P14500,1459.0,0.0,0.0,0.0,4,1467.0,1492.0,4,1710.0,1521.0,1521.0,1459.0,6.0,88470.0,30
2023-05-10 09:53:25,ru2401P14500,ru2401P14500,1459.0,0.0,0.0,0.0,4,1467.0,1492.0,4,1710.0,1521.0,1521.0,1459.0,6.0,88470.0,30
2023-05-10 09:53:33,ru2401P14500,ru2401P14500,1459.0,0.0,0.0,0.0,4,1467.0,1492.0,4,1710.0,1521.0,1521.0,1459.0,6.0,88470.0,30
2023-05-10 09:53:41,ru2401P14500,ru2401P14500,1459.0,0.0,0.0,0.0,2,1471.0,1492.0,2,1710.0,1521.0,1521.0,1459.0,6.0,88470.0,30
2023-05-10 09:53:42,ru2401P14500,ru2401P14500,1459.0,0.0,0.0,0.0,4,1471.0,1496.0,4,1710.0,1521.0,1521.0,1459.0,6.0,88470.0,30
2023-05-10 09:53:42,ru2401P14500,ru2401P14500,1459.0,0.0,0.0,0.0,4,1471.0,1496.0,2,1710.0,1521.0,1521.0,1459.0,6.0,88470.0,30
2023-05-10 09:53:44,ru2401P14500,ru2401P14500,1459.0,0.0,0.0,0.0,4,1471.0,1496.0,2,1710.0,1521.0,1521.0,1459.0,6.0,88470.0,30
2023-05-10 09:53:49,ru2401P14500,ru2401P14500,1459.0,0.0,0.0,0.0,4,1471.0,1496.0,2,1710.0,1521.0,1521.0,1459.0,6.0,88470.0,30
2023-05-10 09:53:59,ru2401P14500,ru2401P14500,1459.0,0.0,0.0,0.0,4,1471.0,1496.0,2,1710.0,1521.0,1521.0,1459.0,6.0,88470.0,30
2023-05-10 09:54:00,ru2401P14500,ru2401P14500,1459.0,0.0,0.0,0.0,4,1471.0,1496.0,2,1710.0,1521.0,1521.0,1459.0,6.0,88470.0,30
2023-05-10 09:54:02,ru2401P14500,ru2401P14500,1459.0,0.0,0.0,0.0,4,1471.0,1496.0,2,1710.0,1521.0,1521.0,1459.0,6.0,88470.0,30
2023-05-10 09:54:04,ru2401P14500,ru2401P14500,1459.0,0.0,0.0,0.0,2,1478.0,1496.0,2,1710.0,1521.0,1521.0,1459.0,6.0,88470.0,30
2023-05-10 09:54:05,ru2401P14500,ru2401P14500,1459.0,0.0,0.0,0.0,4,1478.0,1501.0,4,1710.0,1521.0,1521.0,1459.0,6.0,88470.0,30
2023-05-10 09:54:05,ru2401P14500,ru2401P14500,1459.0,0.0,0.0,0.0,4,1478.0,1501.0,2,1710.0,1521.0,1521.0,1459.0,6.0,88470.0,30
2023-05-10 09:54:06,ru2401P14500,ru2401P14500,1459.0,0.0,0.0,0.0,4,1478.0,1504.0,4,1710.0,1521.0,1521.0,1459.0,6.0,88470.0,30
2023-05-10 09:54:06,ru2401P14500,ru2401P14500,1459.0,0.0,0.0,0.0,4,1478.0,1504.0,4,1710.0,1521.0,1521.0,1459.0,6.0,88470.0,30
2023-05-10 09:54:09,ru2401P14500,ru2401P14500,1459.0,0.0,0.0,0.0,4,1478.0,1504.0,4,1710.0,1521.0,1521.0,1459.0,6.0,88470.0,30
2023-05-10 09:54:12,ru2401P14500,ru2401P14500,1459.0,0.0,0.0,0.0,4,1478.0,1504.0,4,1710.0,1521.0,1521.0,1459.0,6.0,88470.0,30
2023-05-10 09:54:12,ru2401P14500,ru2401P14500,1459.0,0.0,0.0,0.0,2,1478.0,1498.0,2,1710.0,1521.0,1521.0,1459.0,6.0,88470.0,30
2023-05-10 09:54:13,ru2401P14500,ru2401P14500,1459.0,0.0,0.0,0.0,2,1478.0,1498.0,2,1710.0,1521.0,1521.0,1459.0,6.0,88470.0,30
2023-05-10 09:54:13,ru2401P14500,ru2401P14500,1459.0,0.0,0.0,0.0,4,1474.0,1498.0,4,1710.0,1521.0,1521.0,1459.0,6.0,88470.0,30
2023-05-10 09:54:14,ru2401P14500,ru2401P14500,1459.0,0.0,0.0,0.0,2,1474.0,1498.0,4,1710.0,1521.0,1521.0,1459.0,6.0,88470.0,30
2023-05-10 09:54:15,ru2401P14500,ru2401P14500,1459.0,0.0,0.0,0.0,2,1474.0,1498.0,4,1710.0,1521.0,1521.0,1459.0,6.0,88470.0,30
2023-05-10 09:54:16,ru2401P14500,ru2401P14500,1459.0,0.0,0.0,0.0,2,1474.0,1498.0,4,1710.0,1521.0,1521.0,1459.0,6.0,88470.0,30
2023-05-10 09:54:18,ru2401P14500,ru2401P14500,1459.0,0.0,0.0,0.0,2,1474.0,1498.0,4,1710.0,1521.0,1521.0,1459.0,6.0,88470.0,30
2023-05-10 09:54:20,ru2401P14500,ru2401P14500,1459.0,0.0,0.0,0.0,2,1474.0,1498.0,4,1710.0,1521.0,1521.0,1459.0,6.0,88470.0,30
2023-05-10 09:54:20,ru2401P14500,ru2401P14500,1459.0,0.0,0.0,0.0,2,1474.0,1498.0,4,1710.0,1521.0,1521.0,1459.0,6.0,88470.0,30
2023-05-10 09:55:31,ru2401P14500,ru2401P14500,1459.0,0.0,0.0,0.0,4,1472.0,1498.0,4,1710.0,1521.0,1521.0,1459.0,6.0,88470.0,30
2023-05-10 09:55:32,ru2401P14500,ru2401P14500,1459.0,0.0,0.0,0.0,4,1472.0,1498.0,4,1710.0,1521.0,1521.0,1459.0,6.0,88470.0,30
2023-05-10 09:56:04,ru2401P14500,ru2401P14500,1459.0,0.0,0.0,0.0,2,1472.0,1493.0,2,1710.0,1521.0,1521.0,1459.0,6.0,88470.0,30
2023-05-10 09:56:04,ru2401P14500,ru2401P14500,1459.0,0.0,0.0,0.0,4,1471.0,1493.0,4,1710.0,1521.0,1521.0,1459.0,6.0,88470.0,30
2023-05-10 09:56:05,ru2401P14500,ru2401P14500,1459.0,0.0,0.0,0.0,4,1471.0,1493.0,2,1710.0,1521.0,1521.0,1459.0,6.0,88470.0,30
2023-05-10 09:56:05,ru2401P14500,ru2401P14500,1459.0,0.0,0.0,0.0,4,1471.0,1493.0,2,1710.0,1521.0,1521.0,1459.0,6.0,88470.0,30
2023-05-10 09:56:08,ru2401P14500,ru2401P14500,1459.0,0.0,0.0,0.0,4,1471.0,1493.0,2,1710.0,1521.0,1521.0,1459.0,6.0,88470.0,30
2023-05-10 09:56:09,ru2401P14500,ru2401P14500,1459.0,0.0,0.0,0.0,4,1471.0,1493.0,2,1710.0,1521.0,1521.0,1459.0,6.0,88470.0,30
2023-05-10 09:56:22,ru2401P14500,ru2401P14500,1459.0,0.0,0.0,0.0,4,1471.0,1493.0,2,1710.0,1521.0,1521.0,1459.0,6.0,88470.0,30
2023-05-10 09:56:25,ru2401P14500,ru2401P14500,1459.0,0.0,0.0,0.0,4,1471.0,1493.0,2,1710.0,1521.0,1521.0,1459.0,6.0,88470.0,30
2023-05-10 09:57:14,ru2401P14500,ru2401P14500,1459.0,0.0,0.0,0.0,4,1471.0,1493.0,2,1710.0,1521.0,1521.0,1459.0,6.0,88470.0,30
2023-05-10 09:57:14,ru2401P14500,ru2401P14500,1459.0,0.0,0.0,0.0,4,1471.0,1493.0,2,1710.0,1521.0,1521.0,1459.0,6.0,88470.0,30
2023-05-10 09:57:16,ru2401P14500,ru2401P14500,1459.0,0.0,0.0,0.0,4,1471.0,1493.0,2,1710.0,1521.0,1521.0,1459.0,6.0,88470.0,30
2023-05-10 09:57:20,ru2401P14500,ru2401P14500,1459.0,0.0,0.0,0.0,2,1471.0,1489.0,2,1710.0,1521.0,1521.0,1459.0,6.0,88470.0,30
2023-05-10 09:57:20,ru2401P14500,ru2401P14500,1459.0,0.0,0.0,0.0,4,1469.0,1489.0,4,1710.0,1521.0,1521.0,1459.0,6.0,88470.0,30
2023-05-10 09:57:21,ru2401P14500,ru2401P14500,1459.0,0.0,0.0,0.0,4,1469.0,1489.0,4,1710.0,1521.0,1521.0,1459.0,6.0,88470.0,30
2023-05-10 09:57:23,ru2401P14500,ru2401P14500,1459.0,0.0,0.0,0.0,4,1469.0,1489.0,2,1710.0,1521.0,1521.0,1459.0,6.0,88470.0,30
2023-05-10 09:57:26,ru2401P14500,ru2401P14500,1459.0,0.0,0.0,0.0,4,1469.0,1489.0,2,1710.0,1521.0,1521.0,1459.0,6.0,88470.0,30
2023-05-10 09:57:45,ru2401P14500,ru2401P14500,1459.0,0.0,0.0,0.0,4,1469.0,1489.0,2,1710.0,1521.0,1521.0,1459.0,6.0,88470.0,30
2023-05-10 09:57:47,ru2401P14500,ru2401P14500,1459.0,0.0,0.0,0.0,4,1469.0,1489.0,2,1710.0,1521.0,1521.0,1459.0,6.0,88470.0,30
2023-05-10 09:57:52,ru2401P14500,ru2401P14500,1459.0,0.0,0.0,0.0,4,1469.0,1489.0,2,1710.0,1521.0,1521.0,1459.0,6.0,88470.0,30
2023-05-10 09:57:53,ru2401P14500,ru2401P14500,1459.0,0.0,0.0,0.0,4,1469.0,1489.0,2,1710.0,1521.0,1521.0,1459.0,6.0,88470.0,30
2023-05-10 09:58:01,ru2401P14500,ru2401P14500,1459.0,0.0,0.0,0.0,2,1474.0,1491.0,2,1710.0,1521.0,1521.0,1459.0,6.0,88470.0,30
2023-05-10 09:58:02,ru2401P14500,ru2401P14500,1459.0,0.0,0.0,0.0,4,1474.0,1494.0,4,1710.0,1521.0,1521.0,1459.0,6.0,88470.0,30
2023-05-10 09:58:02,ru2401P14500,ru2401P14500,1459.0,0.0,0.0,0.0,4,1474.0,1494.0,2,1710.0,1521.0,1521.0,1459.0,6.0,88470.0,30
2023-05-10 09:58:05,ru2401P14500,ru2401P14500,1459.0,0.0,0.0,0.0,4,1474.0,1494.0,2,1710.0,1521.0,1521.0,1459.0,6.0,88470.0,30
2023-05-10 09:58:09,ru2401P14500,ru2401P14500,1459.0,0.0,0.0,0.0,2,1474.0,1491.0,2,1710.0,1521.0,1521.0,1459.0,6.0,88470.0,30
2023-05-10 09:58:10,ru2401P14500,ru2401P14500,1459.0,0.0,0.0,0.0,4,1471.0,1491.0,4,1710.0,1521.0,1521.0,1459.0,6.0,88470.0,30
2023-05-10 09:58:10,ru2401P14500,ru2401P14500,1459.0,0.0,0.0,0.0,4,1471.0,1491.0,4,1710.0,1521.0,1521.0,1459.0,6.0,88470.0,30
2023-05-10 09:58:12,ru2401P14500,ru2401P14500,1459.0,0.0,0.0,0.0,4,1471.0,1491.0,4,1710.0,1521.0,1521.0,1459.0,6.0,88470.0,30
2023-05-10 09:58:34,ru2401P14500,ru2401P14500,1459.0,0.0,0.0,0.0,2,1474.0,1491.0,2,1710.0,1521.0,1521.0,1459.0,6.0,88470.0,30
2023-05-10 09:58:34,ru2401P14500,ru2401P14500,1459.0,0.0,0.0,0.0,4,1474.0,1495.0,4,1710.0,1521.0,1521.0,1459.0,6.0,88470.0,30
2023-05-10 09:58:35,ru2401P14500,ru2401P14500,1459.0,0.0,0.0,0.0,4,1474.0,1495.0,4,1710.0,1521.0,1521.0,1459.0,6.0,88470.0,30
2023-05-10 09:58:47,ru2401P14500,ru2401P14500,1459.0,0.0,0.0,0.0,4,1474.0,1495.0,4,1710.0,1521.0,1521.0,1459.0,6.0,88470.0,30
2023-05-10 09:58:50,ru2401P14500,ru2401P14500,1459.0,0.0,0.0,0.0,4,1474.0,1495.0,4,1710.0,1521.0,1521.0,1459.0,6.0,88470.0,30
2023-05-10 09:59:18,ru2401P14500,ru2401P14500,1459.0,0.0,0.0,0.0,4,1474.0,1495.0,4,1710.0,1521.0,1521.0,1459.0,6.0,88470.0,30
2023-05-10 09:59:20,ru2401P14500,ru2401P14500,1459.0,0.0,0.0,0.0,4,1474.0,1495.0,4,1710.0,1521.0,1521.0,1459.0,6.0,88470.0,30
2023-05-10 09:59:21,ru2401P14500,ru2401P14500,1459.0,0.0,0.0,0.0,4,1474.0,1495.0,4,1710.0,1521.0,1521.0,1459.0,6.0,88470.0,30
2023-05-10 10:00:04,ru2401P14500,ru2401P14500,1459.0,0.0,0.0,0.0,4,1474.0,1495.0,4,1710.0,1521.0,1521.0,1459.0,6.0,88470.0,30
2023-05-10 10:00:08,ru2401P14500,ru2401P14500,1459.0,0.0,0.0,0.0,4,1474.0,1495.0,4,1710.0,1521.0,1521.0,1459.0,6.0,88470.0,30
2023-05-10 10:00:12,ru2401P14500,ru2401P14500,1459.0,0.0,0.0,0.0,4,1474.0,1495.0,4,1710.0,1521.0,1521.0,1459.0,6.0,88470.0,30
2023-05-10 10:00:15,ru2401P14500,ru2401P14500,1459.0,0.0,0.0,0.0,4,1474.0,1495.0,4,1710.0,1521.0,1521.0,1459.0,6.0,88470.0,30
2023-05-10 10:00:19,ru2401P14500,ru2401P14500,1459.0,0.0,0.0,0.0,4,1474.0,1495.0,4,1710.0,1521.0,1521.0,1459.0,6.0,88470.0,30
2023-05-10 10:00:22,ru2401P14500,ru2401P14500,1459.0,0.0,0.0,0.0,4,1474.0,1495.0,4,1710.0,1521.0,1521.0,1459.0,6.0,88470.0,30
2023-05-10 10:00:24,ru2401P14500,ru2401P14500,1459.0,0.0,0.0,0.0,4,1474.0,1495.0,4,1710.0,1521.0,1521.0,1459.0,6.0,88470.0,30
2023-05-10 10:00:36,ru2401P14500,ru2401P14500,1459.0,0.0,0.0,0.0,4,1474.0,1495.0,4,1710.0,1521.0,1521.0,1459.0,6.0,88470.0,30
2023-05-10 10:00:49,ru2401P14500,ru2401P14500,1459.0,0.0,0.0,0.0,2,1474.0,1491.0,2,1710.0,1521.0,1521.0,1459.0,6.0,88470.0,30
2023-05-10 10:00:49,ru2401P14500,ru2401P14500,1459.0,0.0,0.0,0.0,4,1471.0,1491.0,4,1710.0,1521.0,1521.0,1459.0,6.0,88470.0,30
2023-05-10 10:00:50,ru2401P14500,ru2401P14500,1459.0,0.0,0.0,0.0,4,1471.0,1491.0,4,1710.0,1521.0,1521.0,1459.0,6.0,88470.0,30
2023-05-10 10:00:52,ru2401P14500,ru2401P14500,1459.0,0.0,0.0,0.0,2,1471.0,1488.0,2,1710.0,1521.0,1521.0,1459.0,6.0,88470.0,30
2023-05-10 10:00:52,ru2401P14500,ru2401P14500,1459.0,0.0,0.0,0.0,8,1467.0,1488.0,2,1710.0,1521.0,1521.0,1459.0,6.0,88470.0,30
2023-05-10 10:00:53,ru2401P14500,ru2401P14500,1459.0,0.0,0.0,0.0,6,1467.0,1488.0,2,1710.0,1521.0,1521.0,1459.0,6.0,88470.0,30
2023-05-10 10:00:57,ru2401P14500,ru2401P14500,1459.0,0.0,0.0,0.0,4,1467.0,1488.0,2,1710.0,1521.0,1521.0,1459.0,6.0,88470.0,30
2023-05-10 10:01:06,ru2401P14500,ru2401P14500,1459.0,0.0,0.0,0.0,4,1467.0,1488.0,2,1710.0,1521.0,1521.0,1459.0,6.0,88470.0,30
2023-05-10 10:01:10,ru2401P14500,ru2401P14500,1459.0,0.0,0.0,0.0,4,1467.0,1488.0,2,1710.0,1521.0,1521.0,1459.0,6.0,88470.0,30
2023-05-10 10:01:13,ru2401P14500,ru2401P14500,1459.0,0.0,0.0,0.0,4,1467.0,1488.0,2,1710.0,1521.0,1521.0,1459.0,6.0,88470.0,30
2023-05-10 10:01:15,ru2401P14500,ru2401P14500,1459.0,0.0,0.0,0.0,4,1467.0,1488.0,2,1710.0,1521.0,1521.0,1459.0,6.0,88470.0,30
2023-05-10 10:01:46,ru2401P14500,ru2401P14500,1459.0,0.0,0.0,0.0,4,1467.0,1488.0,2,1710.0,1521.0,1521.0,1459.0,6.0,88470.0,30
2023-05-10 10:01:49,ru2401P14500,ru2401P14500,1459.0,0.0,0.0,0.0,2,1467.0,1484.0,2,1710.0,1521.0,1521.0,1459.0,6.0,88470.0,30
2023-05-10 10:01:49,ru2401P14500,ru2401P14500,1459.0,0.0,0.0,0.0,4,1464.0,1484.0,2,1710.0,1521.0,1521.0,1459.0,6.0,88470.0,30
2023-05-10 10:01:50,ru2401P14500,ru2401P14500,1459.0,0.0,0.0,0.0,4,1464.0,1484.0,2,1710.0,1521.0,1521.0,1459.0,6.0,88470.0,30
2023-05-10 10:01:52,ru2401P14500,ru2401P14500,1459.0,0.0,0.0,0.0,4,1464.0,1484.0,2,1710.0,1521.0,1521.0,1459.0,6.0,88470.0,30
2023-05-10 10:02:00,ru2401P14500,ru2401P14500,1459.0,0.0,0.0,0.0,4,1464.0,1484.0,2,1710.0,1521.0,1521.0,1459.0,6.0,88470.0,30
2023-05-10 10:02:21,ru2401P14500,ru2401P14500,1459.0,0.0,0.0,0.0,4,1464.0,1484.0,2,1710.0,1521.0,1521.0,1459.0,6.0,88470.0,30
2023-05-10 10:02:21,ru2401P14500,ru2401P14500,1459.0,0.0,0.0,0.0,4,1464.0,1484.0,4,1710.0,1521.0,1521.0,1459.0,6.0,88470.0,30
2023-05-10 10:02:23,ru2401P14500,ru2401P14500,1459.0,0.0,0.0,0.0,4,1464.0,1484.0,4,1710.0,1521.0,1521.0,1459.0,6.0,88470.0,30
2023-05-10 10:02:24,ru2401P14500,ru2401P14500,1459.0,0.0,0.0,0.0,4,1464.0,1484.0,4,1710.0,1521.0,1521.0,1459.0,6.0,88470.0,30
2023-05-10 10:02:25,ru2401P14500,ru2401P14500,1459.0,0.0,0.0,0.0,4,1464.0,1484.0,4,1710.0,1521.0,1521.0,1459.0,6.0,88470.0,30
2023-05-10 10:02:26,ru2401P14500,ru2401P14500,1459.0,0.0,0.0,0.0,4,1464.0,1484.0,4,1710.0,1521.0,1521.0,1459.0,6.0,88470.0,30
2023-05-10 10:02:39,ru2401P14500,ru2401P14500,1459.0,0.0,0.0,0.0,2,1464.0,1480.0,2,1710.0,1521.0,1521.0,1459.0,6.0,88470.0,30
2023-05-10 10:02:40,ru2401P14500,ru2401P14500,1459.0,0.0,0.0,0.0,4,1460.0,1480.0,2,1710.0,1521.0,1521.0,1459.0,6.0,88470.0,30
2023-05-10 10:02:40,ru2401P14500,ru2401P14500,1459.0,0.0,0.0,0.0,2,1460.0,1480.0,2,1710.0,1521.0,1521.0,1459.0,6.0,88470.0,30
2023-05-10 10:02:43,ru2401P14500,ru2401P14500,1459.0,0.0,0.0,0.0,2,1460.0,1480.0,2,1710.0,1521.0,1521.0,1459.0,6.0,88470.0,30
2023-05-10 10:02:45,ru2401P14500,ru2401P14500,1459.0,0.0,0.0,0.0,2,1460.0,1480.0,2,1710.0,1521.0,1521.0,1459.0,6.0,88470.0,30
2023-05-10 10:02:46,ru2401P14500,ru2401P14500,1459.0,0.0,0.0,0.0,4,1459.0,1480.0,4,1710.0,1521.0,1521.0,1459.0,6.0,88470.0,30
2023-05-10 10:02:47,ru2401P14500,ru2401P14500,1459.0,0.0,0.0,0.0,4,1459.0,1480.0,4,1710.0,1521.0,1521.0,1459.0,6.0,88470.0,30
2023-05-10 10:02:49,ru2401P14500,ru2401P14500,1459.0,0.0,0.0,0.0,4,1459.0,1480.0,4,1710.0,1521.0,1521.0,1459.0,6.0,88470.0,30
2023-05-10 10:02:49,ru2401P14500,ru2401P14500,1459.0,0.0,0.0,0.0,4,1459.0,1480.0,4,1710.0,1521.0,1521.0,1459.0,6.0,88470.0,30
2023-05-10 10:02:59,ru2401P14500,ru2401P14500,1459.0,0.0,0.0,0.0,4,1459.0,1480.0,4,1710.0,1521.0,1521.0,1459.0,6.0,88470.0,30
2023-05-10 10:03:00,ru2401P14500,ru2401P14500,1459.0,0.0,0.0,0.0,4,1459.0,1480.0,4,1710.0,1521.0,1521.0,1459.0,6.0,88470.0,30
2023-05-10 10:03:02,ru2401P14500,ru2401P14500,1459.0,0.0,0.0,0.0,4,1459.0,1480.0,4,1710.0,1521.0,1521.0,1459.0,6.0,88470.0,30
2023-05-10 10:03:07,ru2401P14500,ru2401P14500,1459.0,0.0,0.0,0.0,4,1459.0,1480.0,4,1710.0,1521.0,1521.0,1459.0,6.0,88470.0,30
2023-05-10 10:03:09,ru2401P14500,ru2401P14500,1459.0,0.0,0.0,0.0,4,1459.0,1480.0,4,1710.0,1521.0,1521.0,1459.0,6.0,88470.0,30
2023-05-10 10:03:10,ru2401P14500,ru2401P14500,1459.0,0.0,0.0,0.0,4,1459.0,1480.0,4,1710.0,1521.0,1521.0,1459.0,6.0,88470.0,30
2023-05-10 10:03:59,ru2401P14500,ru2401P14500,1459.0,0.0,0.0,0.0,4,1459.0,1480.0,4,1710.0,1521.0,1521.0,1459.0,6.0,88470.0,30
2023-05-10 10:04:00,ru2401P14500,ru2401P14500,1459.0,0.0,0.0,0.0,4,1459.0,1480.0,4,1710.0,1521.0,1521.0,1459.0,6.0,88470.0,30
2023-05-10 10:04:01,ru2401P14500,ru2401P14500,1459.0,0.0,0.0,0.0,4,1459.0,1480.0,4,1710.0,1521.0,1521.0,1459.0,6.0,88470.0,30
2023-05-10 10:04:05,ru2401P14500,ru2401P14500,1459.0,0.0,0.0,0.0,4,1459.0,1480.0,4,1710.0,1521.0,1521.0,1459.0,6.0,88470.0,30
2023-05-10 10:04:06,ru2401P14500,ru2401P14500,1459.0,0.0,0.0,0.0,2,1459.0,1475.0,2,1710.0,1521.0,1521.0,1459.0,6.0,88470.0,30
2023-05-10 10:04:06,ru2401P14500,ru2401P14500,1459.0,0.0,0.0,0.0,2,1456.0,1475.0,4,1710.0,1521.0,1521.0,1459.0,6.0,88470.0,30
2023-05-10 10:04:07,ru2401P14500,ru2401P14500,1459.0,0.0,0.0,0.0,2,1456.0,1475.0,4,1710.0,1521.0,1521.0,1459.0,6.0,88470.0,30
2023-05-10 10:04:08,ru2401P14500,ru2401P14500,1459.0,0.0,0.0,0.0,4,1454.0,1475.0,4,1710.0,1521.0,1521.0,1459.0,6.0,88470.0,30
2023-05-10 10:04:09,ru2401P14500,ru2401P14500,1459.0,0.0,0.0,0.0,4,1454.0,1475.0,4,1710.0,1521.0,1521.0,1459.0,6.0,88470.0,30
2023-05-10 10:04:09,ru2401P14500,ru2401P14500,1459.0,0.0,0.0,0.0,4,1454.0,1475.0,4,1710.0,1521.0,1521.0,1459.0,6.0,88470.0,30
2023-05-10 10:04:15,ru2401P14500,ru2401P14500,1459.0,0.0,0.0,0.0,4,1454.0,1475.0,4,1710.0,1521.0,1521.0,1459.0,6.0,88470.0,30
2023-05-10 10:04:45,ru2401P14500,ru2401P14500,1459.0,0.0,0.0,0.0,2,1454.0,1471.0,2,1710.0,1521.0,1521.0,1459.0,6.0,88470.0,30
2023-05-10 10:04:45,ru2401P14500,ru2401P14500,1459.0,0.0,0.0,0.0,4,1451.0,1471.0,2,1710.0,1521.0,1521.0,1459.0,6.0,88470.0,30
2023-05-10 10:04:46,ru2401P14500,ru2401P14500,1459.0,0.0,0.0,0.0,4,1451.0,1471.0,2,1710.0,1521.0,1521.0,1459.0,6.0,88470.0,30
2023-05-10 10:04:47,ru2401P14500,ru2401P14500,1459.0,0.0,0.0,0.0,4,1451.0,1471.0,2,1710.0,1521.0,1521.0,1459.0,6.0,88470.0,30
2023-05-10 10:04:47,ru2401P14500,ru2401P14500,1459.0,0.0,0.0,0.0,4,1451.0,1471.0,2,1710.0,1521.0,1521.0,1459.0,6.0,88470.0,30
2023-05-10 10:04:51,ru2401P14500,ru2401P14500,1459.0,0.0,0.0,0.0,4,1451.0,1471.0,2,1710.0,1521.0,1521.0,1459.0,6.0,88470.0,30
2023-05-10 10:04:52,ru2401P14500,ru2401P14500,1459.0,0.0,0.0,0.0,4,1451.0,1471.0,2,1710.0,1521.0,1521.0,1459.0,6.0,88470.0,30
2023-05-10 10:04:54,ru2401P14500,ru2401P14500,1459.0,0.0,0.0,0.0,4,1451.0,1471.0,2,1710.0,1521.0,1521.0,1459.0,6.0,88470.0,30
2023-05-10 10:04:56,ru2401P14500,ru2401P14500,1459.0,0.0,0.0,0.0,4,1451.0,1471.0,2,1710.0,1521.0,1521.0,1459.0,6.0,88470.0,30
2023-05-10 10:05:48,ru2401P14500,ru2401P14500,1459.0,0.0,0.0,0.0,4,1451.0,1471.0,2,1710.0,1521.0,1521.0,1459.0,6.0,88470.0,30
2023-05-10 10:05:49,ru2401P14500,ru2401P14500,1459.0,0.0,0.0,0.0,4,1451.0,1471.0,2,1710.0,1521.0,1521.0,1459.0,6.0,88470.0,30
2023-05-10 10:05:50,ru2401P14500,ru2401P14500,1459.0,0.0,0.0,0.0,4,1451.0,1471.0,2,1710.0,1521.0,1521.0,1459.0,6.0,88470.0,30
2023-05-10 10:05:52,ru2401P14500,ru2401P14500,1459.0,0.0,0.0,0.0,4,1451.0,1471.0,2,1710.0,1521.0,1521.0,1459.0,6.0,88470.0,30
2023-05-10 10:05:52,ru2401P14500,ru2401P14500,1459.0,0.0,0.0,0.0,4,1451.0,1471.0,2,1710.0,1521.0,1521.0,1459.0,6.0,88470.0,30
2023-05-10 10:05:53,ru2401P14500,ru2401P14500,1459.0,0.0,0.0,0.0,4,1451.0,1471.0,2,1710.0,1521.0,1521.0,1459.0,6.0,88470.0,30
2023-05-10 10:05:54,ru2401P14500,ru2401P14500,1459.0,0.0,0.0,0.0,4,1451.0,1471.0,2,1710.0,1521.0,1521.0,1459.0,6.0,88470.0,30
2023-05-10 10:05:55,ru2401P14500,ru2401P14500,1459.0,0.0,0.0,0.0,4,1451.0,1471.0,2,1710.0,1521.0,1521.0,1459.0,6.0,88470.0,30
2023-05-10 10:05:56,ru2401P14500,ru2401P14500,1459.0,0.0,0.0,0.0,4,1451.0,1471.0,2,1710.0,1521.0,1521.0,1459.0,6.0,88470.0,30
2023-05-10 10:05:56,ru2401P14500,ru2401P14500,1459.0,0.0,0.0,0.0,4,1451.0,1471.0,2,1710.0,1521.0,1521.0,1459.0,6.0,88470.0,30
2023-05-10 10:05:58,ru2401P14500,ru2401P14500,1459.0,0.0,0.0,0.0,4,1451.0,1471.0,2,1710.0,1521.0,1521.0,1459.0,6.0,88470.0,30
2023-05-10 10:06:01,ru2401P14500,ru2401P14500,1459.0,0.0,0.0,0.0,4,1451.0,1471.0,2,1710.0,1521.0,1521.0,1459.0,6.0,88470.0,30
2023-05-10 10:06:07,ru2401P14500,ru2401P14500,1459.0,0.0,0.0,0.0,4,1451.0,1471.0,2,1710.0,1521.0,1521.0,1459.0,6.0,88470.0,30
2023-05-10 10:06:07,ru2401P14500,ru2401P14500,1459.0,0.0,0.0,0.0,4,1451.0,1471.0,2,1710.0,1521.0,1521.0,1459.0,6.0,88470.0,30
2023-05-10 10:06:09,ru2401P14500,ru2401P14500,1459.0,0.0,0.0,0.0,4,1451.0,1471.0,2,1710.0,1521.0,1521.0,1459.0,6.0,88470.0,30
2023-05-10 10:06:14,ru2401P14500,ru2401P14500,1459.0,0.0,0.0,0.0,2,1451.0,1468.0,2,1710.0,1521.0,1521.0,1459.0,6.0,88470.0,30
2023-05-10 10:06:14,ru2401P14500,ru2401P14500,1459.0,0.0,0.0,0.0,6,1447.0,1468.0,4,1710.0,1521.0,1521.0,1459.0,6.0,88470.0,30
2023-05-10 10:06:15,ru2401P14500,ru2401P14500,1459.0,0.0,0.0,0.0,4,1447.0,1468.0,4,1710.0,1521.0,1521.0,1459.0,6.0,88470.0,30
2023-05-10 10:06:24,ru2401P14500,ru2401P14500,1459.0,0.0,0.0,0.0,4,1447.0,1468.0,4,1710.0,1521.0,1521.0,1459.0,6.0,88470.0,30
2023-05-10 10:07:01,ru2401P14500,ru2401P14500,1459.0,0.0,0.0,0.0,2,1447.0,1462.0,2,1710.0,1521.0,1521.0,1459.0,6.0,88470.0,30
2023-05-10 10:07:02,ru2401P14500,ru2401P14500,1459.0,0.0,0.0,0.0,4,1443.0,1462.0,2,1710.0,1521.0,1521.0,1459.0,6.0,88470.0,30
2023-05-10 10:07:02,ru2401P14500,ru2401P14500,1459.0,0.0,0.0,0.0,2,1443.0,1462.0,2,1710.0,1521.0,1521.0,1459.0,6.0,88470.0,30
2023-05-10 10:07:03,ru2401P14500,ru2401P14500,1459.0,0.0,0.0,0.0,2,1443.0,1462.0,2,1710.0,1521.0,1521.0,1459.0,6.0,88470.0,30
2023-05-10 10:07:03,ru2401P14500,ru2401P14500,1459.0,0.0,0.0,0.0,2,1443.0,1462.0,2,1710.0,1521.0,1521.0,1459.0,6.0,88470.0,30
2023-05-10 10:07:17,ru2401P14500,ru2401P14500,1459.0,0.0,0.0,0.0,4,1441.0,1462.0,4,1710.0,1521.0,1521.0,1459.0,6.0,88470.0,30
2023-05-10 10:07:17,ru2401P14500,ru2401P14500,1459.0,0.0,0.0,0.0,4,1441.0,1462.0,4,1710.0,1521.0,1521.0,1459.0,6.0,88470.0,30
2023-05-10 10:07:20,ru2401P14500,ru2401P14500,1459.0,0.0,0.0,0.0,4,1441.0,1462.0,4,1710.0,1521.0,1521.0,1459.0,6.0,88470.0,30
2023-05-10 10:07:25,ru2401P14500,ru2401P14500,1459.0,0.0,0.0,0.0,2,1441.0,1458.0,2,1710.0,1521.0,1521.0,1459.0,6.0,88470.0,30
2023-05-10 10:07:25,ru2401P14500,ru2401P14500,1459.0,0.0,0.0,0.0,4,1438.0,1458.0,2,1710.0,1521.0,1521.0,1459.0,6.0,88470.0,30
2023-05-10 10:07:26,ru2401P14500,ru2401P14500,1459.0,0.0,0.0,0.0,4,1438.0,1458.0,2,1710.0,1521.0,1521.0,1459.0,6.0,88470.0,30
2023-05-10 10:07:28,ru2401P14500,ru2401P14500,1459.0,0.0,0.0,0.0,4,1438.0,1458.0,2,1710.0,1521.0,1521.0,1459.0,6.0,88470.0,30
2023-05-10 10:07:36,ru2401P14500,ru2401P14500,1459.0,0.0,0.0,0.0,2,1443.0,1460.0,2,1710.0,1521.0,1521.0,1459.0,6.0,88470.0,30
2023-05-10 10:07:36,ru2401P14500,ru2401P14500,1459.0,0.0,0.0,0.0,4,1443.0,1463.0,6,1710.0,1521.0,1521.0,1459.0,6.0,88470.0,30
2023-05-10 10:07:37,ru2401P14500,ru2401P14500,1459.0,0.0,0.0,0.0,4,1443.0,1463.0,6,1710.0,1521.0,1521.0,1459.0,6.0,88470.0,30
2023-05-10 10:07:38,ru2401P14500,ru2401P14500,1459.0,0.0,0.0,0.0,4,1443.0,1463.0,2,1710.0,1521.0,1521.0,1459.0,6.0,88470.0,30
2023-05-10 10:07:42,ru2401P14500,ru2401P14500,1459.0,0.0,0.0,0.0,4,1443.0,1463.0,2,1710.0,1521.0,1521.0,1459.0,6.0,88470.0,30
2023-05-10 10:07:43,ru2401P14500,ru2401P14500,1459.0,0.0,0.0,0.0,4,1443.0,1463.0,2,1710.0,1521.0,1521.0,1459.0,6.0,88470.0,30
2023-05-10 10:08:01,ru2401P14500,ru2401P14500,1459.0,0.0,0.0,0.0,4,1443.0,1463.0,2,1710.0,1521.0,1521.0,1459.0,6.0,88470.0,30
2023-05-10 10:08:04,ru2401P14500,ru2401P14500,1459.0,0.0,0.0,0.0,4,1443.0,1463.0,2,1710.0,1521.0,1521.0,1459.0,6.0,88470.0,30
2023-05-10 10:08:06,ru2401P14500,ru2401P14500,1459.0,0.0,0.0,0.0,4,1443.0,1463.0,2,1710.0,1521.0,1521.0,1459.0,6.0,88470.0,30
2023-05-10 10:08:12,ru2401P14500,ru2401P14500,1459.0,0.0,0.0,0.0,4,1443.0,1463.0,2,1710.0,1521.0,1521.0,1459.0,6.0,88470.0,30
2023-05-10 10:08:52,ru2401P14500,ru2401P14500,1459.0,0.0,0.0,0.0,4,1443.0,1463.0,2,1710.0,1521.0,1521.0,1459.0,6.0,88470.0,30
2023-05-10 10:08:55,ru2401P14500,ru2401P14500,1459.0,0.0,0.0,0.0,4,1443.0,1463.0,2,1710.0,1521.0,1521.0,1459.0,6.0,88470.0,30
2023-05-10 10:08:59,ru2401P14500,ru2401P14500,1459.0,0.0,0.0,0.0,4,1443.0,1463.0,2,1710.0,1521.0,1521.0,1459.0,6.0,88470.0,30
2023-05-10 10:09:07,ru2401P14500,ru2401P14500,1459.0,0.0,0.0,0.0,4,1443.0,1463.0,2,1710.0,1521.0,1521.0,1459.0,6.0,88470.0,30
2023-05-10 10:09:09,ru2401P14500,ru2401P14500,1459.0,0.0,0.0,0.0,2,1443.0,1458.0,2,1710.0,1521.0,1521.0,1459.0,6.0,88470.0,30
2023-05-10 10:09:09,ru2401P14500,ru2401P14500,1459.0,0.0,0.0,0.0,2,1439.0,1458.0,2,1710.0,1521.0,1521.0,1459.0,6.0,88470.0,30
2023-05-10 10:09:10,ru2401P14500,ru2401P14500,1459.0,0.0,0.0,0.0,2,1438.0,1458.0,2,1710.0,1521.0,1521.0,1459.0,6.0,88470.0,30
2023-05-10 10:09:10,ru2401P14500,ru2401P14500,1459.0,0.0,0.0,0.0,2,1438.0,1458.0,2,1710.0,1521.0,1521.0,1459.0,6.0,88470.0,30
2023-05-10 10:09:11,ru2401P14500,ru2401P14500,1459.0,0.0,0.0,0.0,2,1438.0,1458.0,2,1710.0,1521.0,1521.0,1459.0,6.0,88470.0,30
2023-05-10 10:09:14,ru2401P14500,ru2401P14500,1459.0,0.0,0.0,0.0,2,1438.0,1458.0,2,1710.0,1521.0,1521.0,1459.0,6.0,88470.0,30
2023-05-10 10:09:27,ru2401P14500,ru2401P14500,1459.0,0.0,0.0,0.0,4,1437.0,1458.0,4,1710.0,1521.0,1521.0,1459.0,6.0,88470.0,30
2023-05-10 10:09:28,ru2401P14500,ru2401P14500,1459.0,0.0,0.0,0.0,4,1437.0,1458.0,4,1710.0,1521.0,1521.0,1459.0,6.0,88470.0,30
2023-05-10 10:09:31,ru2401P14500,ru2401P14500,1459.0,0.0,0.0,0.0,4,1437.0,1458.0,2,1710.0,1521.0,1521.0,1459.0,6.0,88470.0,30
2023-05-10 10:09:45,ru2401P14500,ru2401P14500,1459.0,0.0,0.0,0.0,2,1443.0,1460.0,2,1710.0,1521.0,1521.0,1459.0,6.0,88470.0,30
2023-05-10 10:09:45,ru2401P14500,ru2401P14500,1459.0,0.0,0.0,0.0,2,1443.0,1463.0,4,1710.0,1521.0,1521.0,1459.0,6.0,88470.0,30
2023-05-10 10:09:46,ru2401P14500,ru2401P14500,1459.0,0.0,0.0,0.0,4,1443.0,1463.0,2,1710.0,1521.0,1521.0,1459.0,6.0,88470.0,30
2023-05-10 10:10:09,ru2401P14500,ru2401P14500,1459.0,0.0,0.0,0.0,4,1443.0,1463.0,2,1710.0,1521.0,1521.0,1459.0,6.0,88470.0,30
2023-05-10 10:10:10,ru2401P14500,ru2401P14500,1459.0,0.0,0.0,0.0,4,1443.0,1463.0,2,1710.0,1521.0,1521.0,1459.0,6.0,88470.0,30
2023-05-10 10:10:10,ru2401P14500,ru2401P14500,1459.0,0.0,0.0,0.0,4,1443.0,1463.0,2,1710.0,1521.0,1521.0,1459.0,6.0,88470.0,30
2023-05-10 10:10:11,ru2401P14500,ru2401P14500,1459.0,0.0,0.0,0.0,4,1443.0,1463.0,2,1710.0,1521.0,1521.0,1459.0,6.0,88470.0,30
2023-05-10 10:10:20,ru2401P14500,ru2401P14500,1459.0,0.0,0.0,0.0,4,1443.0,1463.0,2,1710.0,1521.0,1521.0,1459.0,6.0,88470.0,30
2023-05-10 10:10:21,ru2401P14500,ru2401P14500,1459.0,0.0,0.0,0.0,4,1443.0,1463.0,2,1710.0,1521.0,1521.0,1459.0,6.0,88470.0,30
2023-05-10 10:10:26,ru2401P14500,ru2401P14500,1459.0,0.0,0.0,0.0,4,1443.0,1463.0,2,1710.0,1521.0,1521.0,1459.0,6.0,88470.0,30
2023-05-10 10:10:33,ru2401P14500,ru2401P14500,1459.0,0.0,0.0,0.0,4,1443.0,1463.0,2,1710.0,1521.0,1521.0,1459.0,6.0,88470.0,30
2023-05-10 10:10:33,ru2401P14500,ru2401P14500,1459.0,0.0,0.0,0.0,4,1443.0,1463.0,2,1710.0,1521.0,1521.0,1459.0,6.0,88470.0,30
2023-05-10 10:10:34,ru2401P14500,ru2401P14500,1459.0,0.0,0.0,0.0,4,1443.0,1463.0,2,1710.0,1521.0,1521.0,1459.0,6.0,88470.0,30
2023-05-10 10:10:35,ru2401P14500,ru2401P14500,1459.0,0.0,0.0,0.0,4,1443.0,1464.0,2,1710.0,1521.0,1521.0,1459.0,6.0,88470.0,30
2023-05-10 10:10:43,ru2401P14500,ru2401P14500,1459.0,0.0,0.0,0.0,4,1443.0,1464.0,2,1710.0,1521.0,1521.0,1459.0,6.0,88470.0,30
2023-05-10 10:10:54,ru2401P14500,ru2401P14500,1459.0,0.0,0.0,0.0,4,1443.0,1464.0,2,1710.0,1521.0,1521.0,1459.0,6.0,88470.0,30
2023-05-10 10:10:55,ru2401P14500,ru2401P14500,1459.0,0.0,0.0,0.0,4,1443.0,1464.0,2,1710.0,1521.0,1521.0,1459.0,6.0,88470.0,30
2023-05-10 10:10:56,ru2401P14500,ru2401P14500,1459.0,0.0,0.0,0.0,4,1443.0,1464.0,2,1710.0,1521.0,1521.0,1459.0,6.0,88470.0,30
2023-05-10 10:10:56,ru2401P14500,ru2401P14500,1459.0,0.0,0.0,0.0,4,1443.0,1464.0,2,1710.0,1521.0,1521.0,1459.0,6.0,88470.0,30
2023-05-10 10:10:58,ru2401P14500,ru2401P14500,1459.0,0.0,0.0,0.0,4,1443.0,1464.0,2,1710.0,1521.0,1521.0,1459.0,6.0,88470.0,30
2023-05-10 10:11:02,ru2401P14500,ru2401P14500,1459.0,0.0,0.0,0.0,4,1443.0,1464.0,2,1710.0,1521.0,1521.0,1459.0,6.0,88470.0,30
2023-05-10 10:11:19,ru2401P14500,ru2401P14500,1459.0,0.0,0.0,0.0,4,1443.0,1464.0,2,1710.0,1521.0,1521.0,1459.0,6.0,88470.0,30
2023-05-10 10:11:21,ru2401P14500,ru2401P14500,1459.0,0.0,0.0,0.0,4,1443.0,1464.0,4,1710.0,1521.0,1521.0,1459.0,6.0,88470.0,30
2023-05-10 10:11:28,ru2401P14500,ru2401P14500,1459.0,0.0,0.0,0.0,4,1443.0,1464.0,2,1710.0,1521.0,1521.0,1459.0,6.0,88470.0,30
2023-05-10 10:11:29,ru2401P14500,ru2401P14500,1459.0,0.0,0.0,0.0,4,1443.0,1464.0,2,1710.0,1521.0,1521.0,1459.0,6.0,88470.0,30
2023-05-10 10:11:29,ru2401P14500,ru2401P14500,1459.0,0.0,0.0,0.0,4,1443.0,1464.0,2,1710.0,1521.0,1521.0,1459.0,6.0,88470.0,30
2023-05-10 10:11:31,ru2401P14500,ru2401P14500,1459.0,0.0,0.0,0.0,4,1443.0,1464.0,2,1710.0,1521.0,1521.0,1459.0,6.0,88470.0,30
2023-05-10 10:11:32,ru2401P14500,ru2401P14500,1459.0,0.0,0.0,0.0,4,1443.0,1464.0,2,1710.0,1521.0,1521.0,1459.0,6.0,88470.0,30
2023-05-10 10:11:34,ru2401P14500,ru2401P14500,1459.0,0.0,0.0,0.0,4,1443.0,1464.0,4,1710.0,1521.0,1521.0,1459.0,6.0,88470.0,30
2023-05-10 10:11:35,ru2401P14500,ru2401P14500,1459.0,0.0,0.0,0.0,4,1443.0,1464.0,2,1710.0,1521.0,1521.0,1459.0,6.0,88470.0,30
2023-05-10 10:11:47,ru2401P14500,ru2401P14500,1459.0,0.0,0.0,0.0,4,1443.0,1464.0,2,1710.0,1521.0,1521.0,1459.0,6.0,88470.0,30
2023-05-10 10:11:47,ru2401P14500,ru2401P14500,1459.0,0.0,0.0,0.0,2,1447.0,1466.0,2,1710.0,1521.0,1521.0,1459.0,6.0,88470.0,30
2023-05-10 10:11:48,ru2401P14500,ru2401P14500,1459.0,0.0,0.0,0.0,4,1447.0,1467.0,2,1710.0,1521.0,1521.0,1459.0,6.0,88470.0,30
2023-05-10 10:11:49,ru2401P14500,ru2401P14500,1459.0,0.0,0.0,0.0,4,1447.0,1467.0,2,1710.0,1521.0,1521.0,1459.0,6.0,88470.0,30
2023-05-10 10:11:54,ru2401P14500,ru2401P14500,1459.0,0.0,0.0,0.0,2,1447.0,1464.0,2,1710.0,1521.0,1521.0,1459.0,6.0,88470.0,30
2023-05-10 10:11:54,ru2401P14500,ru2401P14500,1459.0,0.0,0.0,0.0,6,1443.0,1464.0,4,1710.0,1521.0,1521.0,1459.0,6.0,88470.0,30
2023-05-10 10:11:55,ru2401P14500,ru2401P14500,1459.0,0.0,0.0,0.0,4,1443.0,1464.0,4,1710.0,1521.0,1521.0,1459.0,6.0,88470.0,30
2023-05-10 10:12:41,ru2401P14500,ru2401P14500,1459.0,0.0,0.0,0.0,4,1443.0,1464.0,4,1710.0,1521.0,1521.0,1459.0,6.0,88470.0,30
2023-05-10 10:12:43,ru2401P14500,ru2401P14500,1459.0,0.0,0.0,0.0,4,1443.0,1464.0,4,1710.0,1521.0,1521.0,1459.0,6.0,88470.0,30
2023-05-10 10:12:44,ru2401P14500,ru2401P14500,1459.0,0.0,0.0,0.0,4,1443.0,1464.0,4,1710.0,1521.0,1521.0,1459.0,6.0,88470.0,30
2023-05-10 10:12:48,ru2401P14500,ru2401P14500,1459.0,0.0,0.0,0.0,4,1443.0,1464.0,4,1710.0,1521.0,1521.0,1459.0,6.0,88470.0,30
2023-05-10 10:12:57,ru2401P14500,ru2401P14500,1459.0,0.0,0.0,0.0,4,1443.0,1464.0,2,1710.0,1521.0,1521.0,1459.0,6.0,88470.0,30
2023-05-10 10:12:58,ru2401P14500,ru2401P14500,1459.0,0.0,0.0,0.0,2,1447.0,1465.0,2,1710.0,1521.0,1521.0,1459.0,6.0,88470.0,30
2023-05-10 10:12:58,ru2401P14500,ru2401P14500,1459.0,0.0,0.0,0.0,4,1447.0,1468.0,4,1710.0,1521.0,1521.0,1459.0,6.0,88470.0,30
2023-05-10 10:12:59,ru2401P14500,ru2401P14500,1459.0,0.0,0.0,0.0,4,1447.0,1468.0,4,1710.0,1521.0,1521.0,1459.0,6.0,88470.0,30
2023-05-10 10:13:09,ru2401P14500,ru2401P14500,1459.0,0.0,0.0,0.0,4,1447.0,1468.0,4,1710.0,1521.0,1521.0,1459.0,6.0,88470.0,30
2023-05-10 10:13:10,ru2401P14500,ru2401P14500,1459.0,0.0,0.0,0.0,2,1447.0,1468.0,4,1710.0,1521.0,1521.0,1459.0,6.0,88470.0,30
2023-05-10 10:13:10,ru2401P14500,ru2401P14500,1459.0,0.0,0.0,0.0,2,1447.0,1468.0,4,1710.0,1521.0,1521.0,1459.0,6.0,88470.0,30
2023-05-10 10:13:17,ru2401P14500,ru2401P14500,1459.0,0.0,0.0,0.0,2,1447.0,1468.0,4,1710.0,1521.0,1521.0,1459.0,6.0,88470.0,30
2023-05-10 10:13:22,ru2401P14500,ru2401P14500,1459.0,0.0,0.0,0.0,2,1451.0,1468.0,2,1710.0,1521.0,1521.0,1459.0,6.0,88470.0,30
2023-05-10 10:13:23,ru2401P14500,ru2401P14500,1459.0,0.0,0.0,0.0,2,1451.0,1468.0,2,1710.0,1521.0,1521.0,1459.0,6.0,88470.0,30
2023-05-10 10:13:28,ru2401P14500,ru2401P14500,1459.0,0.0,0.0,0.0,2,1451.0,1471.0,2,1710.0,1521.0,1521.0,1459.0,6.0,88470.0,30
2023-05-10 10:13:28,ru2401P14500,ru2401P14500,1459.0,0.0,0.0,0.0,2,1451.0,1471.0,4,1710.0,1521.0,1521.0,1459.0,6.0,88470.0,30
2023-05-10 10:13:29,ru2401P14500,ru2401P14500,1459.0,0.0,0.0,0.0,4,1451.0,1471.0,4,1710.0,1521.0,1521.0,1459.0,6.0,88470.0,30
2023-05-10 10:13:40,ru2401P14500,ru2401P14500,1459.0,0.0,0.0,0.0,4,1451.0,1471.0,4,1710.0,1521.0,1521.0,1459.0,6.0,88470.0,30
2023-05-10 10:13:40,ru2401P14500,ru2401P14500,1459.0,0.0,0.0,0.0,2,1455.0,1471.0,2,1710.0,1521.0,1521.0,1459.0,6.0,88470.0,30
2023-05-10 10:13:41,ru2401P14500,ru2401P14500,1459.0,0.0,0.0,0.0,2,1455.0,1475.0,4,1710.0,1521.0,1521.0,1459.0,6.0,88470.0,30
2023-05-10 10:13:41,ru2401P14500,ru2401P14500,1459.0,0.0,0.0,0.0,2,1455.0,1475.0,4,1710.0,1521.0,1521.0,1459.0,6.0,88470.0,30
2023-05-10 10:13:42,ru2401P14500,ru2401P14500,1459.0,0.0,0.0,0.0,2,1455.0,1475.0,4,1710.0,1521.0,1521.0,1459.0,6.0,88470.0,30
2023-05-10 10:13:44,ru2401P14500,ru2401P14500,1459.0,0.0,0.0,0.0,2,1455.0,1475.0,4,1710.0,1521.0,1521.0,1459.0,6.0,88470.0,30
2023-05-10 10:13:47,ru2401P14500,ru2401P14500,1459.0,0.0,0.0,0.0,2,1455.0,1475.0,4,1710.0,1521.0,1521.0,1459.0,6.0,88470.0,30
2023-05-10 10:13:47,ru2401P14500,ru2401P14500,1459.0,0.0,0.0,0.0,2,1455.0,1475.0,4,1710.0,1521.0,1521.0,1459.0,6.0,88470.0,30
2023-05-10 10:14:02,ru2401P14500,ru2401P14500,1459.0,0.0,0.0,0.0,2,1455.0,1475.0,4,1710.0,1521.0,1521.0,1459.0,6.0,88470.0,30
2023-05-10 10:14:26,ru2401P14500,ru2401P14500,1459.0,0.0,0.0,0.0,2,1458.0,1475.0,2,1710.0,1521.0,1521.0,1459.0,6.0,88470.0,30
2023-05-10 10:14:27,ru2401P14500,ru2401P14500,1459.0,0.0,0.0,0.0,4,1458.0,1479.0,4,1710.0,1521.0,1521.0,1459.0,6.0,88470.0,30
2023-05-10 10:14:27,ru2401P14500,ru2401P14500,1459.0,0.0,0.0,0.0,4,1458.0,1479.0,4,1710.0,1521.0,1521.0,1459.0,6.0,88470.0,30
2023-05-10 10:14:31,ru2401P14500,ru2401P14500,1459.0,0.0,0.0,0.0,2,1458.0,1479.0,2,1710.0,1521.0,1521.0,1459.0,6.0,88470.0,30
2023-05-10 10:14:31,ru2401P14500,ru2401P14500,1459.0,0.0,0.0,0.0,2,1454.0,1484.0,2,1710.0,1521.0,1521.0,1459.0,6.0,88470.0,30
2023-05-10 10:14:32,ru2401P14500,ru2401P14500,1459.0,0.0,0.0,0.0,0,0.0,0.0,0,1710.0,1521.0,1521.0,1459.0,6.0,88470.0,30
2023-05-10 10:31:07,ru2401P14500,ru2401P14500,1459.0,0.0,0.0,0.0,2,1427.0,1485.0,2,1710.0,1521.0,1521.0,1459.0,6.0,88470.0,30
2023-05-10 10:31:08,ru2401P14500,ru2401P14500,1459.0,0.0,0.0,0.0,1,1428.0,1486.0,2,1710.0,1521.0,1521.0,1459.0,6.0,88470.0,30
2023-05-10 10:31:08,ru2401P14500,ru2401P14500,1459.0,0.0,0.0,0.0,1,1428.0,1487.0,2,1710.0,1521.0,1521.0,1459.0,6.0,88470.0,30
2023-05-10 10:31:09,ru2401P14500,ru2401P14500,1459.0,0.0,0.0,0.0,1,1428.0,1488.0,2,1710.0,1521.0,1521.0,1459.0,6.0,88470.0,30
2023-05-10 10:31:09,ru2401P14500,ru2401P14500,1459.0,0.0,0.0,0.0,1,1428.0,1489.0,2,1710.0,1521.0,1521.0,1459.0,6.0,88470.0,30
2023-05-10 10:31:10,ru2401P14500,ru2401P14500,1459.0,0.0,0.0,0.0,1,1428.0,1490.0,2,1710.0,1521.0,1521.0,1459.0,6.0,88470.0,30
2023-05-10 10:31:10,ru2401P14500,ru2401P14500,1459.0,0.0,0.0,0.0,1,1428.0,1491.0,2,1710.0,1521.0,1521.0,1459.0,6.0,88470.0,30
2023-05-10 10:31:11,ru2401P14500,ru2401P14500,1459.0,0.0,0.0,0.0,1,1428.0,1491.0,1,1710.0,1521.0,1521.0,1459.0,6.0,88470.0,30
2023-05-10 10:31:11,ru2401P14500,ru2401P14500,1459.0,0.0,0.0,0.0,1,1428.0,1491.0,1,1710.0,1521.0,1521.0,1459.0,6.0,88470.0,30
2023-05-10 10:31:12,ru2401P14500,ru2401P14500,1459.0,0.0,0.0,0.0,1,1428.0,1491.0,1,1710.0,1521.0,1521.0,1459.0,6.0,88470.0,30
2023-05-10 10:31:13,ru2401P14500,ru2401P14500,1459.0,0.0,0.0,0.0,1,1428.0,1491.0,1,1710.0,1521.0,1521.0,1459.0,6.0,88470.0,30
2023-05-10 10:31:17,ru2401P14500,ru2401P14500,1459.0,0.0,0.0,0.0,1,1428.0,1491.0,1,1710.0,1521.0,1521.0,1459.0,6.0,88470.0,30
2023-05-10 10:31:18,ru2401P14500,ru2401P14500,1459.0,0.0,0.0,0.0,1,1428.0,1491.0,1,1710.0,1521.0,1521.0,1459.0,6.0,88470.0,30
2023-05-10 10:31:19,ru2401P14500,ru2401P14500,1459.0,0.0,0.0,0.0,1,1428.0,1491.0,1,1710.0,1521.0,1521.0,1459.0,6.0,88470.0,30
2023-05-10 10:31:19,ru2401P14500,ru2401P14500,1459.0,0.0,0.0,0.0,1,1428.0,1491.0,1,1710.0,1521.0,1521.0,1459.0,6.0,88470.0,30
2023-05-10 10:31:23,ru2401P14500,ru2401P14500,1459.0,0.0,0.0,0.0,1,1428.0,1491.0,1,1710.0,1521.0,1521.0,1459.0,6.0,88470.0,30
2023-05-10 10:31:24,ru2401P14500,ru2401P14500,1459.0,0.0,0.0,0.0,1,1428.0,1491.0,1,1710.0,1521.0,1521.0,1459.0,6.0,88470.0,30
