time,symbol_id,symbol_name,last,trade_volume,trade_amount,open_interest_change,bv1,bp1,ap1,av1,yesterday_close,today_open,today_high,today_low,volume,amount,open_interest
2023-05-09 20:59:00,ru2401P13000,ru2401P13000,661.0,0.0,0.0,0.0,3,280.0,0.0,0,661.0,645.0,0.0,0.0,0.0,0.0,15
2023-05-09 21:00:08,ru2401P13000,ru2401P13000,661.0,0.0,0.0,0.0,1,281.0,0.0,0,661.0,645.0,0.0,0.0,0.0,0.0,15
2023-05-09 21:00:33,ru2401P13000,ru2401P13000,661.0,0.0,0.0,0.0,1,281.0,0.0,0,661.0,645.0,0.0,0.0,0.0,0.0,15
2023-05-09 21:01:13,ru2401P13000,ru2401P13000,661.0,0.0,0.0,0.0,2,282.0,0.0,0,661.0,645.0,0.0,0.0,0.0,0.0,15
2023-05-09 21:01:14,ru2401P13000,ru2401P13000,661.0,0.0,0.0,0.0,2,282.0,0.0,0,661.0,645.0,0.0,0.0,0.0,0.0,15
2023-05-09 21:01:14,ru2401P13000,ru2401P13000,661.0,0.0,0.0,0.0,1,283.0,0.0,0,661.0,645.0,0.0,0.0,0.0,0.0,15
2023-05-09 21:01:39,ru2401P13000,ru2401P13000,661.0,0.0,0.0,0.0,2,284.0,0.0,0,661.0,645.0,0.0,0.0,0.0,0.0,15
2023-05-09 21:01:40,ru2401P13000,ru2401P13000,661.0,0.0,0.0,0.0,1,285.0,0.0,0,661.0,645.0,0.0,0.0,0.0,0.0,15
2023-05-09 21:01:45,ru2401P13000,ru2401P13000,661.0,0.0,0.0,0.0,1,285.0,0.0,0,661.0,645.0,0.0,0.0,0.0,0.0,15
2023-05-09 21:02:09,ru2401P13000,ru2401P13000,661.0,0.0,0.0,0.0,2,286.0,0.0,0,661.0,645.0,0.0,0.0,0.0,0.0,15
2023-05-09 21:02:10,ru2401P13000,ru2401P13000,661.0,0.0,0.0,0.0,1,287.0,0.0,0,661.0,645.0,0.0,0.0,0.0,0.0,15
2023-05-09 21:02:15,ru2401P13000,ru2401P13000,661.0,0.0,0.0,0.0,1,287.0,0.0,0,661.0,645.0,0.0,0.0,0.0,0.0,15
2023-05-09 21:02:15,ru2401P13000,ru2401P13000,661.0,0.0,0.0,0.0,2,288.0,0.0,0,661.0,645.0,0.0,0.0,0.0,0.0,15
2023-05-09 21:02:16,ru2401P13000,ru2401P13000,661.0,0.0,0.0,0.0,2,288.0,0.0,0,661.0,645.0,0.0,0.0,0.0,0.0,15
2023-05-09 21:02:16,ru2401P13000,ru2401P13000,661.0,0.0,0.0,0.0,1,289.0,0.0,0,661.0,645.0,0.0,0.0,0.0,0.0,15
2023-05-09 21:02:18,ru2401P13000,ru2401P13000,661.0,0.0,0.0,0.0,2,290.0,0.0,0,661.0,645.0,0.0,0.0,0.0,0.0,15
2023-05-09 21:02:19,ru2401P13000,ru2401P13000,661.0,0.0,0.0,0.0,2,290.0,0.0,0,661.0,645.0,0.0,0.0,0.0,0.0,15
2023-05-09 21:02:19,ru2401P13000,ru2401P13000,661.0,0.0,0.0,0.0,1,291.0,0.0,0,661.0,645.0,0.0,0.0,0.0,0.0,15
2023-05-09 21:02:21,ru2401P13000,ru2401P13000,661.0,0.0,0.0,0.0,2,292.0,0.0,0,661.0,645.0,0.0,0.0,0.0,0.0,15
2023-05-09 21:02:22,ru2401P13000,ru2401P13000,661.0,0.0,0.0,0.0,2,292.0,0.0,0,661.0,645.0,0.0,0.0,0.0,0.0,15
2023-05-09 21:02:22,ru2401P13000,ru2401P13000,661.0,0.0,0.0,0.0,1,293.0,0.0,0,661.0,645.0,0.0,0.0,0.0,0.0,15
2023-05-09 21:02:23,ru2401P13000,ru2401P13000,661.0,0.0,0.0,0.0,1,293.0,0.0,0,661.0,645.0,0.0,0.0,0.0,0.0,15
2023-05-09 21:02:24,ru2401P13000,ru2401P13000,661.0,0.0,0.0,0.0,2,294.0,0.0,0,661.0,645.0,0.0,0.0,0.0,0.0,15
2023-05-09 21:02:24,ru2401P13000,ru2401P13000,661.0,0.0,0.0,0.0,2,294.0,0.0,0,661.0,645.0,0.0,0.0,0.0,0.0,15
2023-05-09 21:02:25,ru2401P13000,ru2401P13000,661.0,0.0,0.0,0.0,1,295.0,0.0,0,661.0,645.0,0.0,0.0,0.0,0.0,15
2023-05-09 21:02:27,ru2401P13000,ru2401P13000,661.0,0.0,0.0,0.0,2,296.0,0.0,0,661.0,645.0,0.0,0.0,0.0,0.0,15
2023-05-09 21:02:27,ru2401P13000,ru2401P13000,661.0,0.0,0.0,0.0,2,296.0,0.0,0,661.0,645.0,0.0,0.0,0.0,0.0,15
2023-05-09 21:02:28,ru2401P13000,ru2401P13000,661.0,0.0,0.0,0.0,1,297.0,0.0,0,661.0,645.0,0.0,0.0,0.0,0.0,15
2023-05-09 21:02:29,ru2401P13000,ru2401P13000,661.0,0.0,0.0,0.0,1,297.0,0.0,0,661.0,645.0,0.0,0.0,0.0,0.0,15
2023-05-09 21:02:29,ru2401P13000,ru2401P13000,661.0,0.0,0.0,0.0,2,298.0,0.0,0,661.0,645.0,0.0,0.0,0.0,0.0,15
2023-05-09 21:02:30,ru2401P13000,ru2401P13000,661.0,0.0,0.0,0.0,2,298.0,0.0,0,661.0,645.0,0.0,0.0,0.0,0.0,15
2023-05-09 21:02:30,ru2401P13000,ru2401P13000,661.0,0.0,0.0,0.0,1,299.0,0.0,0,661.0,645.0,0.0,0.0,0.0,0.0,15
2023-05-09 21:02:31,ru2401P13000,ru2401P13000,661.0,0.0,0.0,0.0,1,299.0,0.0,0,661.0,645.0,0.0,0.0,0.0,0.0,15
2023-05-09 21:02:31,ru2401P13000,ru2401P13000,661.0,0.0,0.0,0.0,2,300.0,0.0,0,661.0,645.0,0.0,0.0,0.0,0.0,15
2023-05-09 21:02:32,ru2401P13000,ru2401P13000,661.0,0.0,0.0,0.0,2,300.0,0.0,0,661.0,645.0,0.0,0.0,0.0,0.0,15
2023-05-09 21:02:32,ru2401P13000,ru2401P13000,661.0,0.0,0.0,0.0,1,301.0,0.0,0,661.0,645.0,0.0,0.0,0.0,0.0,15
2023-05-09 21:02:33,ru2401P13000,ru2401P13000,661.0,0.0,0.0,0.0,2,302.0,0.0,0,661.0,645.0,0.0,0.0,0.0,0.0,15
2023-05-09 21:02:33,ru2401P13000,ru2401P13000,661.0,0.0,0.0,0.0,2,302.0,0.0,0,661.0,645.0,0.0,0.0,0.0,0.0,15
2023-05-09 21:02:34,ru2401P13000,ru2401P13000,661.0,0.0,0.0,0.0,1,303.0,0.0,0,661.0,645.0,0.0,0.0,0.0,0.0,15
2023-05-09 21:02:34,ru2401P13000,ru2401P13000,661.0,0.0,0.0,0.0,1,303.0,0.0,0,661.0,645.0,0.0,0.0,0.0,0.0,15
2023-05-09 21:02:35,ru2401P13000,ru2401P13000,661.0,0.0,0.0,0.0,2,304.0,0.0,0,661.0,645.0,0.0,0.0,0.0,0.0,15
2023-05-09 21:02:35,ru2401P13000,ru2401P13000,661.0,0.0,0.0,0.0,2,304.0,0.0,0,661.0,645.0,0.0,0.0,0.0,0.0,15
2023-05-09 21:02:36,ru2401P13000,ru2401P13000,661.0,0.0,0.0,0.0,1,305.0,0.0,0,661.0,645.0,0.0,0.0,0.0,0.0,15
2023-05-09 21:02:36,ru2401P13000,ru2401P13000,661.0,0.0,0.0,0.0,2,306.0,0.0,0,661.0,645.0,0.0,0.0,0.0,0.0,15
2023-05-09 21:02:37,ru2401P13000,ru2401P13000,661.0,0.0,0.0,0.0,2,306.0,0.0,0,661.0,645.0,0.0,0.0,0.0,0.0,15
2023-05-09 21:02:37,ru2401P13000,ru2401P13000,661.0,0.0,0.0,0.0,1,307.0,0.0,0,661.0,645.0,0.0,0.0,0.0,0.0,15
2023-05-09 21:02:38,ru2401P13000,ru2401P13000,661.0,0.0,0.0,0.0,2,308.0,0.0,0,661.0,645.0,0.0,0.0,0.0,0.0,15
2023-05-09 21:02:39,ru2401P13000,ru2401P13000,661.0,0.0,0.0,0.0,2,308.0,0.0,0,661.0,645.0,0.0,0.0,0.0,0.0,15
2023-05-09 21:02:39,ru2401P13000,ru2401P13000,661.0,0.0,0.0,0.0,1,309.0,0.0,0,661.0,645.0,0.0,0.0,0.0,0.0,15
2023-05-09 21:02:40,ru2401P13000,ru2401P13000,661.0,0.0,0.0,0.0,1,309.0,0.0,0,661.0,645.0,0.0,0.0,0.0,0.0,15
2023-05-09 21:02:40,ru2401P13000,ru2401P13000,661.0,0.0,0.0,0.0,2,310.0,0.0,0,661.0,645.0,0.0,0.0,0.0,0.0,15
2023-05-09 21:02:41,ru2401P13000,ru2401P13000,661.0,0.0,0.0,0.0,2,310.0,0.0,0,661.0,645.0,0.0,0.0,0.0,0.0,15
2023-05-09 21:02:41,ru2401P13000,ru2401P13000,661.0,0.0,0.0,0.0,1,311.0,0.0,0,661.0,645.0,0.0,0.0,0.0,0.0,15
2023-05-09 21:02:42,ru2401P13000,ru2401P13000,661.0,0.0,0.0,0.0,1,311.0,0.0,0,661.0,645.0,0.0,0.0,0.0,0.0,15
2023-05-09 21:02:42,ru2401P13000,ru2401P13000,661.0,0.0,0.0,0.0,2,312.0,0.0,0,661.0,645.0,0.0,0.0,0.0,0.0,15
2023-05-09 21:02:43,ru2401P13000,ru2401P13000,661.0,0.0,0.0,0.0,2,312.0,0.0,0,661.0,645.0,0.0,0.0,0.0,0.0,15
2023-05-09 21:02:43,ru2401P13000,ru2401P13000,661.0,0.0,0.0,0.0,1,313.0,0.0,0,661.0,645.0,0.0,0.0,0.0,0.0,15
2023-05-09 21:02:44,ru2401P13000,ru2401P13000,661.0,0.0,0.0,0.0,2,314.0,0.0,0,661.0,645.0,0.0,0.0,0.0,0.0,15
2023-05-09 21:02:44,ru2401P13000,ru2401P13000,661.0,0.0,0.0,0.0,2,314.0,0.0,0,661.0,645.0,0.0,0.0,0.0,0.0,15
2023-05-09 21:02:45,ru2401P13000,ru2401P13000,661.0,0.0,0.0,0.0,1,315.0,0.0,0,661.0,645.0,0.0,0.0,0.0,0.0,15
2023-05-09 21:02:46,ru2401P13000,ru2401P13000,661.0,0.0,0.0,0.0,2,316.0,0.0,0,661.0,645.0,0.0,0.0,0.0,0.0,15
2023-05-09 21:02:46,ru2401P13000,ru2401P13000,661.0,0.0,0.0,0.0,2,316.0,0.0,0,661.0,645.0,0.0,0.0,0.0,0.0,15
2023-05-09 21:02:47,ru2401P13000,ru2401P13000,661.0,0.0,0.0,0.0,1,317.0,0.0,0,661.0,645.0,0.0,0.0,0.0,0.0,15
2023-05-09 21:02:47,ru2401P13000,ru2401P13000,661.0,0.0,0.0,0.0,1,317.0,0.0,0,661.0,645.0,0.0,0.0,0.0,0.0,15
2023-05-09 21:02:48,ru2401P13000,ru2401P13000,661.0,0.0,0.0,0.0,2,318.0,0.0,0,661.0,645.0,0.0,0.0,0.0,0.0,15
2023-05-09 21:02:48,ru2401P13000,ru2401P13000,661.0,0.0,0.0,0.0,2,318.0,0.0,0,661.0,645.0,0.0,0.0,0.0,0.0,15
2023-05-09 21:02:49,ru2401P13000,ru2401P13000,661.0,0.0,0.0,0.0,1,319.0,0.0,0,661.0,645.0,0.0,0.0,0.0,0.0,15
2023-05-09 21:02:49,ru2401P13000,ru2401P13000,661.0,0.0,0.0,0.0,1,319.0,0.0,0,661.0,645.0,0.0,0.0,0.0,0.0,15
2023-05-09 21:02:50,ru2401P13000,ru2401P13000,661.0,0.0,0.0,0.0,2,320.0,0.0,0,661.0,645.0,0.0,0.0,0.0,0.0,15
2023-05-09 21:02:50,ru2401P13000,ru2401P13000,661.0,0.0,0.0,0.0,2,320.0,0.0,0,661.0,645.0,0.0,0.0,0.0,0.0,15
2023-05-09 21:02:51,ru2401P13000,ru2401P13000,661.0,0.0,0.0,0.0,1,321.0,0.0,0,661.0,645.0,0.0,0.0,0.0,0.0,15
2023-05-09 21:02:51,ru2401P13000,ru2401P13000,661.0,0.0,0.0,0.0,2,322.0,0.0,0,661.0,645.0,0.0,0.0,0.0,0.0,15
2023-05-09 21:02:52,ru2401P13000,ru2401P13000,661.0,0.0,0.0,0.0,2,322.0,0.0,0,661.0,645.0,0.0,0.0,0.0,0.0,15
2023-05-09 21:02:52,ru2401P13000,ru2401P13000,661.0,0.0,0.0,0.0,1,323.0,0.0,0,661.0,645.0,0.0,0.0,0.0,0.0,15
2023-05-09 21:02:53,ru2401P13000,ru2401P13000,661.0,0.0,0.0,0.0,2,324.0,0.0,0,661.0,645.0,0.0,0.0,0.0,0.0,15
2023-05-09 21:02:53,ru2401P13000,ru2401P13000,661.0,0.0,0.0,0.0,2,324.0,0.0,0,661.0,645.0,0.0,0.0,0.0,0.0,15
2023-05-09 21:02:54,ru2401P13000,ru2401P13000,661.0,0.0,0.0,0.0,1,325.0,0.0,0,661.0,645.0,0.0,0.0,0.0,0.0,15
2023-05-09 21:02:54,ru2401P13000,ru2401P13000,661.0,0.0,0.0,0.0,2,326.0,0.0,0,661.0,645.0,0.0,0.0,0.0,0.0,15
2023-05-09 21:02:55,ru2401P13000,ru2401P13000,661.0,0.0,0.0,0.0,2,326.0,0.0,0,661.0,645.0,0.0,0.0,0.0,0.0,15
2023-05-09 21:02:55,ru2401P13000,ru2401P13000,661.0,0.0,0.0,0.0,1,327.0,0.0,0,661.0,645.0,0.0,0.0,0.0,0.0,15
2023-05-09 21:02:56,ru2401P13000,ru2401P13000,661.0,0.0,0.0,0.0,2,328.0,0.0,0,661.0,645.0,0.0,0.0,0.0,0.0,15
2023-05-09 21:02:56,ru2401P13000,ru2401P13000,661.0,0.0,0.0,0.0,2,328.0,0.0,0,661.0,645.0,0.0,0.0,0.0,0.0,15
2023-05-09 21:02:57,ru2401P13000,ru2401P13000,661.0,0.0,0.0,0.0,1,329.0,0.0,0,661.0,645.0,0.0,0.0,0.0,0.0,15
2023-05-09 21:02:58,ru2401P13000,ru2401P13000,661.0,0.0,0.0,0.0,2,330.0,0.0,0,661.0,645.0,0.0,0.0,0.0,0.0,15
2023-05-09 21:02:58,ru2401P13000,ru2401P13000,661.0,0.0,0.0,0.0,2,330.0,0.0,0,661.0,645.0,0.0,0.0,0.0,0.0,15
2023-05-09 21:02:59,ru2401P13000,ru2401P13000,661.0,0.0,0.0,0.0,1,331.0,0.0,0,661.0,645.0,0.0,0.0,0.0,0.0,15
2023-05-09 21:02:59,ru2401P13000,ru2401P13000,661.0,0.0,0.0,0.0,1,331.0,0.0,0,661.0,645.0,0.0,0.0,0.0,0.0,15
2023-05-09 21:03:22,ru2401P13000,ru2401P13000,661.0,0.0,0.0,0.0,1,331.0,0.0,0,661.0,645.0,0.0,0.0,0.0,0.0,15
2023-05-09 21:03:30,ru2401P13000,ru2401P13000,661.0,0.0,0.0,0.0,1,606.0,645.0,1,661.0,645.0,0.0,0.0,0.0,0.0,15
2023-05-09 21:03:31,ru2401P13000,ru2401P13000,661.0,0.0,0.0,0.0,1,606.0,645.0,1,661.0,645.0,0.0,0.0,0.0,0.0,15
2023-05-09 21:03:33,ru2401P13000,ru2401P13000,645.0,1.0,6450.0,-1.0,3,280.0,0.0,0,661.0,645.0,645.0,645.0,1.0,6450.0,14
2023-05-09 21:03:33,ru2401P13000,ru2401P13000,645.0,0.0,0.0,0.0,2,296.0,0.0,0,661.0,645.0,645.0,645.0,1.0,6450.0,14
2023-05-09 21:03:34,ru2401P13000,ru2401P13000,645.0,0.0,0.0,0.0,1,297.0,0.0,0,661.0,645.0,645.0,645.0,1.0,6450.0,14
2023-05-09 21:03:34,ru2401P13000,ru2401P13000,645.0,0.0,0.0,0.0,2,313.0,0.0,0,661.0,645.0,645.0,645.0,1.0,6450.0,14
2023-05-09 21:03:35,ru2401P13000,ru2401P13000,645.0,0.0,0.0,0.0,1,314.0,0.0,0,661.0,645.0,645.0,645.0,1.0,6450.0,14
2023-05-09 21:03:35,ru2401P13000,ru2401P13000,645.0,0.0,0.0,0.0,2,330.0,0.0,0,661.0,645.0,645.0,645.0,1.0,6450.0,14
2023-05-09 21:03:36,ru2401P13000,ru2401P13000,645.0,0.0,0.0,0.0,1,331.0,0.0,0,661.0,645.0,645.0,645.0,1.0,6450.0,14
2023-05-09 21:03:36,ru2401P13000,ru2401P13000,645.0,0.0,0.0,0.0,1,332.0,0.0,0,661.0,645.0,645.0,645.0,1.0,6450.0,14
2023-05-09 21:03:37,ru2401P13000,ru2401P13000,645.0,0.0,0.0,0.0,2,347.0,0.0,0,661.0,645.0,645.0,645.0,1.0,6450.0,14
2023-05-09 21:03:37,ru2401P13000,ru2401P13000,645.0,0.0,0.0,0.0,1,348.0,0.0,0,661.0,645.0,645.0,645.0,1.0,6450.0,14
2023-05-09 21:03:38,ru2401P13000,ru2401P13000,645.0,0.0,0.0,0.0,2,364.0,0.0,0,661.0,645.0,645.0,645.0,1.0,6450.0,14
2023-05-09 21:03:38,ru2401P13000,ru2401P13000,645.0,0.0,0.0,0.0,1,365.0,0.0,0,661.0,645.0,645.0,645.0,1.0,6450.0,14
2023-05-09 21:03:39,ru2401P13000,ru2401P13000,645.0,0.0,0.0,0.0,2,381.0,0.0,0,661.0,645.0,645.0,645.0,1.0,6450.0,14
2023-05-09 21:03:39,ru2401P13000,ru2401P13000,645.0,0.0,0.0,0.0,1,382.0,0.0,0,661.0,645.0,645.0,645.0,1.0,6450.0,14
2023-05-09 21:03:40,ru2401P13000,ru2401P13000,645.0,0.0,0.0,0.0,2,398.0,0.0,0,661.0,645.0,645.0,645.0,1.0,6450.0,14
2023-05-09 21:03:40,ru2401P13000,ru2401P13000,645.0,0.0,0.0,0.0,1,399.0,0.0,0,661.0,645.0,645.0,645.0,1.0,6450.0,14
2023-05-09 21:03:41,ru2401P13000,ru2401P13000,645.0,0.0,0.0,0.0,2,415.0,0.0,0,661.0,645.0,645.0,645.0,1.0,6450.0,14
2023-05-09 21:03:41,ru2401P13000,ru2401P13000,645.0,0.0,0.0,0.0,1,416.0,0.0,0,661.0,645.0,645.0,645.0,1.0,6450.0,14
2023-05-09 21:03:42,ru2401P13000,ru2401P13000,645.0,0.0,0.0,0.0,2,432.0,0.0,0,661.0,645.0,645.0,645.0,1.0,6450.0,14
2023-05-09 21:03:42,ru2401P13000,ru2401P13000,645.0,0.0,0.0,0.0,1,433.0,0.0,0,661.0,645.0,645.0,645.0,1.0,6450.0,14
2023-05-09 21:03:43,ru2401P13000,ru2401P13000,645.0,0.0,0.0,0.0,2,449.0,0.0,0,661.0,645.0,645.0,645.0,1.0,6450.0,14
2023-05-09 21:03:43,ru2401P13000,ru2401P13000,645.0,0.0,0.0,0.0,1,450.0,0.0,0,661.0,645.0,645.0,645.0,1.0,6450.0,14
2023-05-09 21:03:44,ru2401P13000,ru2401P13000,645.0,0.0,0.0,0.0,2,466.0,0.0,0,661.0,645.0,645.0,645.0,1.0,6450.0,14
2023-05-09 21:03:44,ru2401P13000,ru2401P13000,645.0,0.0,0.0,0.0,1,467.0,0.0,0,661.0,645.0,645.0,645.0,1.0,6450.0,14
2023-05-09 21:03:45,ru2401P13000,ru2401P13000,645.0,0.0,0.0,0.0,1,468.0,0.0,0,661.0,645.0,645.0,645.0,1.0,6450.0,14
2023-05-09 21:03:45,ru2401P13000,ru2401P13000,645.0,0.0,0.0,0.0,3,469.0,0.0,0,661.0,645.0,645.0,645.0,1.0,6450.0,14
2023-05-09 21:03:46,ru2401P13000,ru2401P13000,645.0,0.0,0.0,0.0,3,469.0,0.0,0,661.0,645.0,645.0,645.0,1.0,6450.0,14
2023-05-09 21:03:46,ru2401P13000,ru2401P13000,645.0,0.0,0.0,0.0,1,470.0,0.0,0,661.0,645.0,645.0,645.0,1.0,6450.0,14
2023-05-09 21:03:47,ru2401P13000,ru2401P13000,645.0,0.0,0.0,0.0,3,471.0,0.0,0,661.0,645.0,645.0,645.0,1.0,6450.0,14
2023-05-09 21:03:47,ru2401P13000,ru2401P13000,645.0,0.0,0.0,0.0,3,471.0,0.0,0,661.0,645.0,645.0,645.0,1.0,6450.0,14
2023-05-09 21:03:48,ru2401P13000,ru2401P13000,645.0,0.0,0.0,0.0,1,472.0,0.0,0,661.0,645.0,645.0,645.0,1.0,6450.0,14
2023-05-09 21:03:48,ru2401P13000,ru2401P13000,645.0,0.0,0.0,0.0,3,473.0,0.0,0,661.0,645.0,645.0,645.0,1.0,6450.0,14
2023-05-09 21:03:49,ru2401P13000,ru2401P13000,645.0,0.0,0.0,0.0,3,473.0,0.0,0,661.0,645.0,645.0,645.0,1.0,6450.0,14
2023-05-09 21:03:49,ru2401P13000,ru2401P13000,645.0,0.0,0.0,0.0,1,474.0,0.0,0,661.0,645.0,645.0,645.0,1.0,6450.0,14
2023-05-09 21:03:50,ru2401P13000,ru2401P13000,645.0,0.0,0.0,0.0,1,475.0,0.0,0,661.0,645.0,645.0,645.0,1.0,6450.0,14
2023-05-09 21:03:50,ru2401P13000,ru2401P13000,645.0,0.0,0.0,0.0,1,475.0,0.0,0,661.0,645.0,645.0,645.0,1.0,6450.0,14
2023-05-09 21:03:51,ru2401P13000,ru2401P13000,645.0,0.0,0.0,0.0,1,476.0,0.0,0,661.0,645.0,645.0,645.0,1.0,6450.0,14
2023-05-09 21:03:51,ru2401P13000,ru2401P13000,645.0,0.0,0.0,0.0,1,477.0,0.0,0,661.0,645.0,645.0,645.0,1.0,6450.0,14
2023-05-09 21:03:52,ru2401P13000,ru2401P13000,645.0,0.0,0.0,0.0,1,477.0,0.0,0,661.0,645.0,645.0,645.0,1.0,6450.0,14
2023-05-09 21:03:52,ru2401P13000,ru2401P13000,645.0,0.0,0.0,0.0,1,478.0,0.0,0,661.0,645.0,645.0,645.0,1.0,6450.0,14
2023-05-09 21:03:53,ru2401P13000,ru2401P13000,645.0,0.0,0.0,0.0,1,479.0,0.0,0,661.0,645.0,645.0,645.0,1.0,6450.0,14
2023-05-09 21:03:53,ru2401P13000,ru2401P13000,645.0,0.0,0.0,0.0,1,479.0,0.0,0,661.0,645.0,645.0,645.0,1.0,6450.0,14
2023-05-09 21:03:54,ru2401P13000,ru2401P13000,645.0,0.0,0.0,0.0,1,480.0,0.0,0,661.0,645.0,645.0,645.0,1.0,6450.0,14
2023-05-09 21:03:54,ru2401P13000,ru2401P13000,645.0,0.0,0.0,0.0,1,481.0,0.0,0,661.0,645.0,645.0,645.0,1.0,6450.0,14
2023-05-09 21:03:55,ru2401P13000,ru2401P13000,645.0,0.0,0.0,0.0,1,481.0,0.0,0,661.0,645.0,645.0,645.0,1.0,6450.0,14
2023-05-09 21:03:55,ru2401P13000,ru2401P13000,645.0,0.0,0.0,0.0,1,482.0,0.0,0,661.0,645.0,645.0,645.0,1.0,6450.0,14
2023-05-09 21:03:56,ru2401P13000,ru2401P13000,645.0,0.0,0.0,0.0,1,483.0,0.0,0,661.0,645.0,645.0,645.0,1.0,6450.0,14
2023-05-09 21:03:56,ru2401P13000,ru2401P13000,645.0,0.0,0.0,0.0,1,483.0,0.0,0,661.0,645.0,645.0,645.0,1.0,6450.0,14
2023-05-09 21:03:57,ru2401P13000,ru2401P13000,645.0,0.0,0.0,0.0,3,484.0,1736.0,2,661.0,645.0,645.0,645.0,1.0,6450.0,14
2023-05-09 21:03:57,ru2401P13000,ru2401P13000,645.0,0.0,0.0,0.0,3,485.0,1735.0,2,661.0,645.0,645.0,645.0,1.0,6450.0,14
2023-05-09 21:03:58,ru2401P13000,ru2401P13000,645.0,0.0,0.0,0.0,2,486.0,1734.0,2,661.0,645.0,645.0,645.0,1.0,6450.0,14
2023-05-09 21:03:58,ru2401P13000,ru2401P13000,645.0,0.0,0.0,0.0,1,487.0,1733.0,1,661.0,645.0,645.0,645.0,1.0,6450.0,14
2023-05-09 21:03:59,ru2401P13000,ru2401P13000,645.0,0.0,0.0,0.0,2,488.0,1732.0,3,661.0,645.0,645.0,645.0,1.0,6450.0,14
2023-05-09 21:03:59,ru2401P13000,ru2401P13000,645.0,0.0,0.0,0.0,2,488.0,1731.0,3,661.0,645.0,645.0,645.0,1.0,6450.0,14
2023-05-09 21:04:00,ru2401P13000,ru2401P13000,645.0,0.0,0.0,0.0,1,489.0,1730.0,2,661.0,645.0,645.0,645.0,1.0,6450.0,14
2023-05-09 21:04:00,ru2401P13000,ru2401P13000,645.0,0.0,0.0,0.0,2,490.0,1729.0,2,661.0,645.0,645.0,645.0,1.0,6450.0,14
2023-05-09 21:04:01,ru2401P13000,ru2401P13000,645.0,0.0,0.0,0.0,2,490.0,1728.0,2,661.0,645.0,645.0,645.0,1.0,6450.0,14
2023-05-09 21:04:01,ru2401P13000,ru2401P13000,645.0,0.0,0.0,0.0,1,491.0,1727.0,1,661.0,645.0,645.0,645.0,1.0,6450.0,14
2023-05-09 21:04:02,ru2401P13000,ru2401P13000,645.0,0.0,0.0,0.0,2,492.0,1726.0,3,661.0,645.0,645.0,645.0,1.0,6450.0,14
2023-05-09 21:04:02,ru2401P13000,ru2401P13000,645.0,0.0,0.0,0.0,2,492.0,1725.0,3,661.0,645.0,645.0,645.0,1.0,6450.0,14
2023-05-09 21:04:03,ru2401P13000,ru2401P13000,645.0,0.0,0.0,0.0,1,493.0,1724.0,2,661.0,645.0,645.0,645.0,1.0,6450.0,14
2023-05-09 21:04:03,ru2401P13000,ru2401P13000,645.0,0.0,0.0,0.0,2,494.0,1723.0,2,661.0,645.0,645.0,645.0,1.0,6450.0,14
2023-05-09 21:04:04,ru2401P13000,ru2401P13000,645.0,0.0,0.0,0.0,2,494.0,1722.0,2,661.0,645.0,645.0,645.0,1.0,6450.0,14
2023-05-09 21:04:04,ru2401P13000,ru2401P13000,645.0,0.0,0.0,0.0,1,495.0,1722.0,2,661.0,645.0,645.0,645.0,1.0,6450.0,14
2023-05-09 21:04:05,ru2401P13000,ru2401P13000,645.0,0.0,0.0,0.0,2,496.0,1721.0,1,661.0,645.0,645.0,645.0,1.0,6450.0,14
2023-05-09 21:04:05,ru2401P13000,ru2401P13000,645.0,0.0,0.0,0.0,2,496.0,1720.0,2,661.0,645.0,645.0,645.0,1.0,6450.0,14
2023-05-09 21:04:06,ru2401P13000,ru2401P13000,645.0,0.0,0.0,0.0,1,497.0,1720.0,2,661.0,645.0,645.0,645.0,1.0,6450.0,14
2023-05-09 21:04:06,ru2401P13000,ru2401P13000,645.0,0.0,0.0,0.0,2,498.0,1719.0,1,661.0,645.0,645.0,645.0,1.0,6450.0,14
2023-05-09 21:04:07,ru2401P13000,ru2401P13000,645.0,0.0,0.0,0.0,2,498.0,1718.0,2,661.0,645.0,645.0,645.0,1.0,6450.0,14
2023-05-09 21:04:07,ru2401P13000,ru2401P13000,645.0,0.0,0.0,0.0,1,499.0,1718.0,3,661.0,645.0,645.0,645.0,1.0,6450.0,14
2023-05-09 21:04:08,ru2401P13000,ru2401P13000,645.0,0.0,0.0,0.0,2,500.0,1717.0,3,661.0,645.0,645.0,645.0,1.0,6450.0,14
2023-05-09 21:04:08,ru2401P13000,ru2401P13000,645.0,0.0,0.0,0.0,2,500.0,1716.0,2,661.0,645.0,645.0,645.0,1.0,6450.0,14
2023-05-09 21:04:09,ru2401P13000,ru2401P13000,645.0,0.0,0.0,0.0,2,500.0,1716.0,2,661.0,645.0,645.0,645.0,1.0,6450.0,14
2023-05-09 21:04:09,ru2401P13000,ru2401P13000,645.0,0.0,0.0,0.0,2,500.0,1715.0,1,661.0,645.0,645.0,645.0,1.0,6450.0,14
2023-05-09 21:04:10,ru2401P13000,ru2401P13000,645.0,0.0,0.0,0.0,2,486.0,1714.0,2,661.0,645.0,645.0,645.0,1.0,6450.0,14
2023-05-09 21:04:10,ru2401P13000,ru2401P13000,645.0,0.0,0.0,0.0,1,487.0,1714.0,2,661.0,645.0,645.0,645.0,1.0,6450.0,14
2023-05-09 21:04:11,ru2401P13000,ru2401P13000,645.0,0.0,0.0,0.0,2,488.0,1713.0,1,661.0,645.0,645.0,645.0,1.0,6450.0,14
2023-05-09 21:04:11,ru2401P13000,ru2401P13000,645.0,0.0,0.0,0.0,2,488.0,1712.0,2,661.0,645.0,645.0,645.0,1.0,6450.0,14
2023-05-09 21:04:12,ru2401P13000,ru2401P13000,645.0,0.0,0.0,0.0,1,489.0,1712.0,2,661.0,645.0,645.0,645.0,1.0,6450.0,14
2023-05-09 21:04:12,ru2401P13000,ru2401P13000,645.0,0.0,0.0,0.0,2,490.0,1711.0,1,661.0,645.0,645.0,645.0,1.0,6450.0,14
2023-05-09 21:04:13,ru2401P13000,ru2401P13000,645.0,0.0,0.0,0.0,2,490.0,1710.0,2,661.0,645.0,645.0,645.0,1.0,6450.0,14
2023-05-09 21:04:13,ru2401P13000,ru2401P13000,645.0,0.0,0.0,0.0,1,491.0,1710.0,2,661.0,645.0,645.0,645.0,1.0,6450.0,14
2023-05-09 21:04:14,ru2401P13000,ru2401P13000,645.0,0.0,0.0,0.0,2,492.0,1709.0,1,661.0,645.0,645.0,645.0,1.0,6450.0,14
2023-05-09 21:04:14,ru2401P13000,ru2401P13000,645.0,0.0,0.0,0.0,2,492.0,1708.0,2,661.0,645.0,645.0,645.0,1.0,6450.0,14
2023-05-09 21:04:15,ru2401P13000,ru2401P13000,645.0,0.0,0.0,0.0,1,493.0,1708.0,2,661.0,645.0,645.0,645.0,1.0,6450.0,14
2023-05-09 21:04:15,ru2401P13000,ru2401P13000,645.0,0.0,0.0,0.0,2,494.0,1707.0,1,661.0,645.0,645.0,645.0,1.0,6450.0,14
2023-05-09 21:04:16,ru2401P13000,ru2401P13000,645.0,0.0,0.0,0.0,2,494.0,1706.0,2,661.0,645.0,645.0,645.0,1.0,6450.0,14
2023-05-09 21:04:16,ru2401P13000,ru2401P13000,645.0,0.0,0.0,0.0,3,494.0,1706.0,2,661.0,645.0,645.0,645.0,1.0,6450.0,14
2023-05-09 21:04:17,ru2401P13000,ru2401P13000,645.0,0.0,0.0,0.0,2,495.0,1705.0,1,661.0,645.0,645.0,645.0,1.0,6450.0,14
2023-05-09 21:04:17,ru2401P13000,ru2401P13000,645.0,0.0,0.0,0.0,2,495.0,1704.0,2,661.0,645.0,645.0,645.0,1.0,6450.0,14
2023-05-09 21:04:18,ru2401P13000,ru2401P13000,645.0,0.0,0.0,0.0,2,495.0,1704.0,2,661.0,645.0,645.0,645.0,1.0,6450.0,14
2023-05-09 21:04:18,ru2401P13000,ru2401P13000,645.0,0.0,0.0,0.0,2,495.0,1703.0,1,661.0,645.0,645.0,645.0,1.0,6450.0,14
2023-05-09 21:04:19,ru2401P13000,ru2401P13000,645.0,0.0,0.0,0.0,2,486.0,1702.0,2,661.0,645.0,645.0,645.0,1.0,6450.0,14
2023-05-09 21:04:19,ru2401P13000,ru2401P13000,645.0,0.0,0.0,0.0,1,487.0,1702.0,2,661.0,645.0,645.0,645.0,1.0,6450.0,14
2023-05-09 21:04:20,ru2401P13000,ru2401P13000,645.0,0.0,0.0,0.0,2,488.0,1701.0,1,661.0,645.0,645.0,645.0,1.0,6450.0,14
2023-05-09 21:04:20,ru2401P13000,ru2401P13000,645.0,0.0,0.0,0.0,2,488.0,1700.0,2,661.0,645.0,645.0,645.0,1.0,6450.0,14
2023-05-09 21:04:21,ru2401P13000,ru2401P13000,645.0,0.0,0.0,0.0,1,489.0,1700.0,2,661.0,645.0,645.0,645.0,1.0,6450.0,14
2023-05-09 21:04:21,ru2401P13000,ru2401P13000,645.0,0.0,0.0,0.0,2,490.0,1699.0,1,661.0,645.0,645.0,645.0,1.0,6450.0,14
2023-05-09 21:04:22,ru2401P13000,ru2401P13000,645.0,0.0,0.0,0.0,2,490.0,1698.0,2,661.0,645.0,645.0,645.0,1.0,6450.0,14
2023-05-09 21:04:22,ru2401P13000,ru2401P13000,645.0,0.0,0.0,0.0,1,491.0,1698.0,2,661.0,645.0,645.0,645.0,1.0,6450.0,14
2023-05-09 21:04:23,ru2401P13000,ru2401P13000,645.0,0.0,0.0,0.0,2,492.0,1697.0,1,661.0,645.0,645.0,645.0,1.0,6450.0,14
2023-05-09 21:04:23,ru2401P13000,ru2401P13000,645.0,0.0,0.0,0.0,2,492.0,1696.0,2,661.0,645.0,645.0,645.0,1.0,6450.0,14
2023-05-09 21:04:24,ru2401P13000,ru2401P13000,645.0,0.0,0.0,0.0,1,493.0,1696.0,2,661.0,645.0,645.0,645.0,1.0,6450.0,14
2023-05-09 21:04:24,ru2401P13000,ru2401P13000,645.0,0.0,0.0,0.0,2,494.0,1695.0,1,661.0,645.0,645.0,645.0,1.0,6450.0,14
2023-05-09 21:04:25,ru2401P13000,ru2401P13000,645.0,0.0,0.0,0.0,2,494.0,1694.0,2,661.0,645.0,645.0,645.0,1.0,6450.0,14
2023-05-09 21:04:25,ru2401P13000,ru2401P13000,645.0,0.0,0.0,0.0,3,494.0,1694.0,2,661.0,645.0,645.0,645.0,1.0,6450.0,14
2023-05-09 21:04:26,ru2401P13000,ru2401P13000,645.0,0.0,0.0,0.0,2,495.0,1693.0,1,661.0,645.0,645.0,645.0,1.0,6450.0,14
2023-05-09 21:04:26,ru2401P13000,ru2401P13000,645.0,0.0,0.0,0.0,2,495.0,1692.0,2,661.0,645.0,645.0,645.0,1.0,6450.0,14
2023-05-09 21:04:27,ru2401P13000,ru2401P13000,645.0,0.0,0.0,0.0,3,495.0,1692.0,2,661.0,645.0,645.0,645.0,1.0,6450.0,14
2023-05-09 21:04:27,ru2401P13000,ru2401P13000,645.0,0.0,0.0,0.0,2,496.0,1691.0,2,661.0,645.0,645.0,645.0,1.0,6450.0,14
2023-05-09 21:04:28,ru2401P13000,ru2401P13000,645.0,0.0,0.0,0.0,2,496.0,1690.0,2,661.0,645.0,645.0,645.0,1.0,6450.0,14
2023-05-09 21:04:28,ru2401P13000,ru2401P13000,645.0,0.0,0.0,0.0,2,496.0,1690.0,2,661.0,645.0,645.0,645.0,1.0,6450.0,14
2023-05-09 21:04:29,ru2401P13000,ru2401P13000,645.0,0.0,0.0,0.0,2,496.0,1689.0,1,661.0,645.0,645.0,645.0,1.0,6450.0,14
2023-05-09 21:04:29,ru2401P13000,ru2401P13000,645.0,0.0,0.0,0.0,2,486.0,1688.0,2,661.0,645.0,645.0,645.0,1.0,6450.0,14
2023-05-09 21:04:30,ru2401P13000,ru2401P13000,645.0,0.0,0.0,0.0,1,487.0,1688.0,2,661.0,645.0,645.0,645.0,1.0,6450.0,14
2023-05-09 21:04:30,ru2401P13000,ru2401P13000,645.0,0.0,0.0,0.0,2,488.0,1687.0,1,661.0,645.0,645.0,645.0,1.0,6450.0,14
2023-05-09 21:04:31,ru2401P13000,ru2401P13000,645.0,0.0,0.0,0.0,2,488.0,1686.0,2,661.0,645.0,645.0,645.0,1.0,6450.0,14
2023-05-09 21:04:31,ru2401P13000,ru2401P13000,645.0,0.0,0.0,0.0,1,489.0,1686.0,2,661.0,645.0,645.0,645.0,1.0,6450.0,14
2023-05-09 21:04:32,ru2401P13000,ru2401P13000,645.0,0.0,0.0,0.0,2,490.0,1685.0,1,661.0,645.0,645.0,645.0,1.0,6450.0,14
2023-05-09 21:04:32,ru2401P13000,ru2401P13000,645.0,0.0,0.0,0.0,2,490.0,1684.0,2,661.0,645.0,645.0,645.0,1.0,6450.0,14
2023-05-09 21:04:33,ru2401P13000,ru2401P13000,645.0,0.0,0.0,0.0,1,491.0,1684.0,2,661.0,645.0,645.0,645.0,1.0,6450.0,14
2023-05-09 21:04:33,ru2401P13000,ru2401P13000,645.0,0.0,0.0,0.0,2,492.0,1683.0,1,661.0,645.0,645.0,645.0,1.0,6450.0,14
2023-05-09 21:04:34,ru2401P13000,ru2401P13000,645.0,0.0,0.0,0.0,2,492.0,1682.0,2,661.0,645.0,645.0,645.0,1.0,6450.0,14
2023-05-09 21:04:34,ru2401P13000,ru2401P13000,645.0,0.0,0.0,0.0,1,493.0,1682.0,2,661.0,645.0,645.0,645.0,1.0,6450.0,14
2023-05-09 21:04:35,ru2401P13000,ru2401P13000,645.0,0.0,0.0,0.0,2,494.0,1681.0,1,661.0,645.0,645.0,645.0,1.0,6450.0,14
2023-05-09 21:04:35,ru2401P13000,ru2401P13000,645.0,0.0,0.0,0.0,2,494.0,1680.0,2,661.0,645.0,645.0,645.0,1.0,6450.0,14
2023-05-09 21:04:36,ru2401P13000,ru2401P13000,645.0,0.0,0.0,0.0,1,495.0,1680.0,2,661.0,645.0,645.0,645.0,1.0,6450.0,14
2023-05-09 21:04:36,ru2401P13000,ru2401P13000,645.0,0.0,0.0,0.0,2,496.0,1679.0,1,661.0,645.0,645.0,645.0,1.0,6450.0,14
2023-05-09 21:04:37,ru2401P13000,ru2401P13000,645.0,0.0,0.0,0.0,2,496.0,1678.0,2,661.0,645.0,645.0,645.0,1.0,6450.0,14
2023-05-09 21:04:37,ru2401P13000,ru2401P13000,645.0,0.0,0.0,0.0,3,496.0,1678.0,2,661.0,645.0,645.0,645.0,1.0,6450.0,14
2023-05-09 21:04:38,ru2401P13000,ru2401P13000,645.0,0.0,0.0,0.0,2,497.0,1677.0,1,661.0,645.0,645.0,645.0,1.0,6450.0,14
2023-05-09 21:04:38,ru2401P13000,ru2401P13000,645.0,0.0,0.0,0.0,2,497.0,1676.0,2,661.0,645.0,645.0,645.0,1.0,6450.0,14
2023-05-09 21:04:39,ru2401P13000,ru2401P13000,645.0,0.0,0.0,0.0,2,497.0,1676.0,2,661.0,645.0,645.0,645.0,1.0,6450.0,14
2023-05-09 21:04:39,ru2401P13000,ru2401P13000,645.0,0.0,0.0,0.0,2,497.0,1675.0,1,661.0,645.0,645.0,645.0,1.0,6450.0,14
2023-05-09 21:04:40,ru2401P13000,ru2401P13000,645.0,0.0,0.0,0.0,2,486.0,1674.0,2,661.0,645.0,645.0,645.0,1.0,6450.0,14
2023-05-09 21:04:40,ru2401P13000,ru2401P13000,645.0,0.0,0.0,0.0,1,487.0,1674.0,2,661.0,645.0,645.0,645.0,1.0,6450.0,14
2023-05-09 21:04:41,ru2401P13000,ru2401P13000,645.0,0.0,0.0,0.0,2,488.0,1673.0,1,661.0,645.0,645.0,645.0,1.0,6450.0,14
2023-05-09 21:04:41,ru2401P13000,ru2401P13000,645.0,0.0,0.0,0.0,2,488.0,1672.0,2,661.0,645.0,645.0,645.0,1.0,6450.0,14
2023-05-09 21:04:42,ru2401P13000,ru2401P13000,645.0,0.0,0.0,0.0,1,489.0,1672.0,2,661.0,645.0,645.0,645.0,1.0,6450.0,14
2023-05-09 21:04:42,ru2401P13000,ru2401P13000,645.0,0.0,0.0,0.0,2,490.0,1671.0,1,661.0,645.0,645.0,645.0,1.0,6450.0,14
2023-05-09 21:04:43,ru2401P13000,ru2401P13000,645.0,0.0,0.0,0.0,2,490.0,1670.0,2,661.0,645.0,645.0,645.0,1.0,6450.0,14
2023-05-09 21:04:43,ru2401P13000,ru2401P13000,645.0,0.0,0.0,0.0,1,491.0,1670.0,2,661.0,645.0,645.0,645.0,1.0,6450.0,14
2023-05-09 21:04:44,ru2401P13000,ru2401P13000,645.0,0.0,0.0,0.0,2,492.0,1669.0,1,661.0,645.0,645.0,645.0,1.0,6450.0,14
2023-05-09 21:04:44,ru2401P13000,ru2401P13000,645.0,0.0,0.0,0.0,2,492.0,1668.0,2,661.0,645.0,645.0,645.0,1.0,6450.0,14
2023-05-09 21:04:45,ru2401P13000,ru2401P13000,645.0,0.0,0.0,0.0,1,493.0,1668.0,2,661.0,645.0,645.0,645.0,1.0,6450.0,14
2023-05-09 21:04:45,ru2401P13000,ru2401P13000,645.0,0.0,0.0,0.0,2,494.0,1667.0,1,661.0,645.0,645.0,645.0,1.0,6450.0,14
2023-05-09 21:04:46,ru2401P13000,ru2401P13000,645.0,0.0,0.0,0.0,2,494.0,1666.0,2,661.0,645.0,645.0,645.0,1.0,6450.0,14
2023-05-09 21:04:46,ru2401P13000,ru2401P13000,645.0,0.0,0.0,0.0,1,495.0,1666.0,2,661.0,645.0,645.0,645.0,1.0,6450.0,14
2023-05-09 21:04:47,ru2401P13000,ru2401P13000,645.0,0.0,0.0,0.0,2,496.0,1665.0,1,661.0,645.0,645.0,645.0,1.0,6450.0,14
2023-05-09 21:04:47,ru2401P13000,ru2401P13000,645.0,0.0,0.0,0.0,2,496.0,1664.0,2,661.0,645.0,645.0,645.0,1.0,6450.0,14
2023-05-09 21:04:48,ru2401P13000,ru2401P13000,645.0,0.0,0.0,0.0,1,497.0,1664.0,2,661.0,645.0,645.0,645.0,1.0,6450.0,14
2023-05-09 21:04:48,ru2401P13000,ru2401P13000,645.0,0.0,0.0,0.0,2,498.0,1663.0,1,661.0,645.0,645.0,645.0,1.0,6450.0,14
2023-05-09 21:04:49,ru2401P13000,ru2401P13000,645.0,0.0,0.0,0.0,2,498.0,1662.0,2,661.0,645.0,645.0,645.0,1.0,6450.0,14
2023-05-09 21:04:49,ru2401P13000,ru2401P13000,645.0,0.0,0.0,0.0,1,499.0,1662.0,2,661.0,645.0,645.0,645.0,1.0,6450.0,14
2023-05-09 21:04:50,ru2401P13000,ru2401P13000,645.0,0.0,0.0,0.0,2,500.0,1661.0,1,661.0,645.0,645.0,645.0,1.0,6450.0,14
2023-05-09 21:04:50,ru2401P13000,ru2401P13000,645.0,0.0,0.0,0.0,2,500.0,1660.0,2,661.0,645.0,645.0,645.0,1.0,6450.0,14
2023-05-09 21:04:51,ru2401P13000,ru2401P13000,645.0,0.0,0.0,0.0,2,500.0,1660.0,2,661.0,645.0,645.0,645.0,1.0,6450.0,14
2023-05-09 21:04:51,ru2401P13000,ru2401P13000,645.0,0.0,0.0,0.0,3,500.0,1659.0,1,661.0,645.0,645.0,645.0,1.0,6450.0,14
2023-05-09 21:04:52,ru2401P13000,ru2401P13000,645.0,0.0,0.0,0.0,2,501.0,1658.0,2,661.0,645.0,645.0,645.0,1.0,6450.0,14
2023-05-09 21:04:52,ru2401P13000,ru2401P13000,645.0,0.0,0.0,0.0,2,501.0,1658.0,2,661.0,645.0,645.0,645.0,1.0,6450.0,14
2023-05-09 21:04:53,ru2401P13000,ru2401P13000,645.0,0.0,0.0,0.0,2,501.0,1657.0,1,661.0,645.0,645.0,645.0,1.0,6450.0,14
2023-05-09 21:04:53,ru2401P13000,ru2401P13000,645.0,0.0,0.0,0.0,2,486.0,1656.0,2,661.0,645.0,645.0,645.0,1.0,6450.0,14
2023-05-09 21:04:54,ru2401P13000,ru2401P13000,645.0,0.0,0.0,0.0,1,487.0,1656.0,2,661.0,645.0,645.0,645.0,1.0,6450.0,14
2023-05-09 21:04:54,ru2401P13000,ru2401P13000,645.0,0.0,0.0,0.0,2,488.0,1655.0,1,661.0,645.0,645.0,645.0,1.0,6450.0,14
2023-05-09 21:04:55,ru2401P13000,ru2401P13000,645.0,0.0,0.0,0.0,2,488.0,1654.0,2,661.0,645.0,645.0,645.0,1.0,6450.0,14
2023-05-09 21:04:55,ru2401P13000,ru2401P13000,645.0,0.0,0.0,0.0,1,489.0,1654.0,2,661.0,645.0,645.0,645.0,1.0,6450.0,14
2023-05-09 21:04:56,ru2401P13000,ru2401P13000,645.0,0.0,0.0,0.0,2,490.0,1653.0,1,661.0,645.0,645.0,645.0,1.0,6450.0,14
2023-05-09 21:04:56,ru2401P13000,ru2401P13000,645.0,0.0,0.0,0.0,2,490.0,1652.0,2,661.0,645.0,645.0,645.0,1.0,6450.0,14
2023-05-09 21:04:57,ru2401P13000,ru2401P13000,645.0,0.0,0.0,0.0,1,491.0,1652.0,2,661.0,645.0,645.0,645.0,1.0,6450.0,14
2023-05-09 21:04:57,ru2401P13000,ru2401P13000,645.0,0.0,0.0,0.0,2,492.0,1651.0,1,661.0,645.0,645.0,645.0,1.0,6450.0,14
2023-05-09 21:04:58,ru2401P13000,ru2401P13000,645.0,0.0,0.0,0.0,2,492.0,1650.0,2,661.0,645.0,645.0,645.0,1.0,6450.0,14
2023-05-09 21:04:58,ru2401P13000,ru2401P13000,645.0,0.0,0.0,0.0,1,493.0,1650.0,2,661.0,645.0,645.0,645.0,1.0,6450.0,14
2023-05-09 21:04:59,ru2401P13000,ru2401P13000,645.0,0.0,0.0,0.0,2,494.0,1649.0,1,661.0,645.0,645.0,645.0,1.0,6450.0,14
2023-05-09 21:04:59,ru2401P13000,ru2401P13000,645.0,0.0,0.0,0.0,2,494.0,1648.0,2,661.0,645.0,645.0,645.0,1.0,6450.0,14
2023-05-09 21:05:00,ru2401P13000,ru2401P13000,645.0,0.0,0.0,0.0,1,495.0,1648.0,2,661.0,645.0,645.0,645.0,1.0,6450.0,14
2023-05-09 21:05:00,ru2401P13000,ru2401P13000,645.0,0.0,0.0,0.0,2,496.0,1647.0,1,661.0,645.0,645.0,645.0,1.0,6450.0,14
2023-05-09 21:05:01,ru2401P13000,ru2401P13000,645.0,0.0,0.0,0.0,2,496.0,1646.0,2,661.0,645.0,645.0,645.0,1.0,6450.0,14
2023-05-09 21:05:01,ru2401P13000,ru2401P13000,645.0,0.0,0.0,0.0,1,497.0,1646.0,2,661.0,645.0,645.0,645.0,1.0,6450.0,14
2023-05-09 21:05:02,ru2401P13000,ru2401P13000,645.0,0.0,0.0,0.0,2,498.0,1645.0,1,661.0,645.0,645.0,645.0,1.0,6450.0,14
2023-05-09 21:05:02,ru2401P13000,ru2401P13000,645.0,0.0,0.0,0.0,2,498.0,1644.0,2,661.0,645.0,645.0,645.0,1.0,6450.0,14
2023-05-09 21:05:03,ru2401P13000,ru2401P13000,645.0,0.0,0.0,0.0,1,499.0,1644.0,2,661.0,645.0,645.0,645.0,1.0,6450.0,14
2023-05-09 21:05:03,ru2401P13000,ru2401P13000,645.0,0.0,0.0,0.0,2,500.0,1643.0,1,661.0,645.0,645.0,645.0,1.0,6450.0,14
2023-05-09 21:05:04,ru2401P13000,ru2401P13000,645.0,0.0,0.0,0.0,2,500.0,1642.0,2,661.0,645.0,645.0,645.0,1.0,6450.0,14
2023-05-09 21:05:04,ru2401P13000,ru2401P13000,645.0,0.0,0.0,0.0,1,501.0,1642.0,2,661.0,645.0,645.0,645.0,1.0,6450.0,14
2023-05-09 21:05:05,ru2401P13000,ru2401P13000,645.0,0.0,0.0,0.0,2,502.0,1641.0,1,661.0,645.0,645.0,645.0,1.0,6450.0,14
2023-05-09 21:05:05,ru2401P13000,ru2401P13000,645.0,0.0,0.0,0.0,2,502.0,1640.0,2,661.0,645.0,645.0,645.0,1.0,6450.0,14
2023-05-09 21:05:06,ru2401P13000,ru2401P13000,645.0,0.0,0.0,0.0,2,502.0,1640.0,2,661.0,645.0,645.0,645.0,1.0,6450.0,14
2023-05-09 21:05:06,ru2401P13000,ru2401P13000,645.0,0.0,0.0,0.0,2,502.0,1639.0,1,661.0,645.0,645.0,645.0,1.0,6450.0,14
2023-05-09 21:05:07,ru2401P13000,ru2401P13000,645.0,0.0,0.0,0.0,2,486.0,1638.0,2,661.0,645.0,645.0,645.0,1.0,6450.0,14
2023-05-09 21:05:07,ru2401P13000,ru2401P13000,645.0,0.0,0.0,0.0,1,487.0,1638.0,2,661.0,645.0,645.0,645.0,1.0,6450.0,14
2023-05-09 21:05:08,ru2401P13000,ru2401P13000,645.0,0.0,0.0,0.0,2,488.0,1637.0,1,661.0,645.0,645.0,645.0,1.0,6450.0,14
2023-05-09 21:05:08,ru2401P13000,ru2401P13000,645.0,0.0,0.0,0.0,2,488.0,1636.0,2,661.0,645.0,645.0,645.0,1.0,6450.0,14
2023-05-09 21:05:09,ru2401P13000,ru2401P13000,645.0,0.0,0.0,0.0,1,489.0,1636.0,2,661.0,645.0,645.0,645.0,1.0,6450.0,14
2023-05-09 21:05:09,ru2401P13000,ru2401P13000,645.0,0.0,0.0,0.0,2,490.0,1635.0,1,661.0,645.0,645.0,645.0,1.0,6450.0,14
2023-05-09 21:05:10,ru2401P13000,ru2401P13000,645.0,0.0,0.0,0.0,2,490.0,1634.0,2,661.0,645.0,645.0,645.0,1.0,6450.0,14
2023-05-09 21:05:10,ru2401P13000,ru2401P13000,645.0,0.0,0.0,0.0,1,491.0,1634.0,2,661.0,645.0,645.0,645.0,1.0,6450.0,14
2023-05-09 21:05:11,ru2401P13000,ru2401P13000,645.0,0.0,0.0,0.0,2,492.0,1633.0,1,661.0,645.0,645.0,645.0,1.0,6450.0,14
2023-05-09 21:05:11,ru2401P13000,ru2401P13000,645.0,0.0,0.0,0.0,2,492.0,1632.0,2,661.0,645.0,645.0,645.0,1.0,6450.0,14
2023-05-09 21:05:12,ru2401P13000,ru2401P13000,645.0,0.0,0.0,0.0,1,493.0,1632.0,2,661.0,645.0,645.0,645.0,1.0,6450.0,14
2023-05-09 21:05:12,ru2401P13000,ru2401P13000,645.0,0.0,0.0,0.0,2,494.0,1631.0,1,661.0,645.0,645.0,645.0,1.0,6450.0,14
2023-05-09 21:05:13,ru2401P13000,ru2401P13000,645.0,0.0,0.0,0.0,2,494.0,1630.0,2,661.0,645.0,645.0,645.0,1.0,6450.0,14
2023-05-09 21:05:13,ru2401P13000,ru2401P13000,645.0,0.0,0.0,0.0,1,495.0,1630.0,2,661.0,645.0,645.0,645.0,1.0,6450.0,14
2023-05-09 21:05:14,ru2401P13000,ru2401P13000,645.0,0.0,0.0,0.0,2,496.0,1629.0,1,661.0,645.0,645.0,645.0,1.0,6450.0,14
2023-05-09 21:05:14,ru2401P13000,ru2401P13000,645.0,0.0,0.0,0.0,2,496.0,1628.0,2,661.0,645.0,645.0,645.0,1.0,6450.0,14
2023-05-09 21:05:15,ru2401P13000,ru2401P13000,645.0,0.0,0.0,0.0,1,497.0,1628.0,2,661.0,645.0,645.0,645.0,1.0,6450.0,14
2023-05-09 21:05:15,ru2401P13000,ru2401P13000,645.0,0.0,0.0,0.0,2,498.0,1627.0,1,661.0,645.0,645.0,645.0,1.0,6450.0,14
2023-05-09 21:05:16,ru2401P13000,ru2401P13000,645.0,0.0,0.0,0.0,2,498.0,1626.0,2,661.0,645.0,645.0,645.0,1.0,6450.0,14
2023-05-09 21:05:16,ru2401P13000,ru2401P13000,645.0,0.0,0.0,0.0,1,499.0,1626.0,2,661.0,645.0,645.0,645.0,1.0,6450.0,14
2023-05-09 21:05:17,ru2401P13000,ru2401P13000,645.0,0.0,0.0,0.0,2,500.0,1625.0,1,661.0,645.0,645.0,645.0,1.0,6450.0,14
2023-05-09 21:05:17,ru2401P13000,ru2401P13000,645.0,0.0,0.0,0.0,2,500.0,1624.0,2,661.0,645.0,645.0,645.0,1.0,6450.0,14
2023-05-09 21:05:18,ru2401P13000,ru2401P13000,645.0,0.0,0.0,0.0,2,500.0,1624.0,2,661.0,645.0,645.0,645.0,1.0,6450.0,14
2023-05-09 21:05:18,ru2401P13000,ru2401P13000,645.0,0.0,0.0,0.0,2,500.0,1623.0,1,661.0,645.0,645.0,645.0,1.0,6450.0,14
2023-05-09 21:05:19,ru2401P13000,ru2401P13000,645.0,0.0,0.0,0.0,2,486.0,1622.0,2,661.0,645.0,645.0,645.0,1.0,6450.0,14
2023-05-09 21:05:19,ru2401P13000,ru2401P13000,645.0,0.0,0.0,0.0,1,487.0,1622.0,2,661.0,645.0,645.0,645.0,1.0,6450.0,14
2023-05-09 21:05:20,ru2401P13000,ru2401P13000,645.0,0.0,0.0,0.0,2,488.0,1621.0,1,661.0,645.0,645.0,645.0,1.0,6450.0,14
2023-05-09 21:05:20,ru2401P13000,ru2401P13000,645.0,0.0,0.0,0.0,2,488.0,1620.0,2,661.0,645.0,645.0,645.0,1.0,6450.0,14
2023-05-09 21:05:21,ru2401P13000,ru2401P13000,645.0,0.0,0.0,0.0,1,489.0,1620.0,2,661.0,645.0,645.0,645.0,1.0,6450.0,14
2023-05-09 21:05:21,ru2401P13000,ru2401P13000,645.0,0.0,0.0,0.0,2,490.0,1619.0,1,661.0,645.0,645.0,645.0,1.0,6450.0,14
2023-05-09 21:05:22,ru2401P13000,ru2401P13000,645.0,0.0,0.0,0.0,2,490.0,1618.0,2,661.0,645.0,645.0,645.0,1.0,6450.0,14
2023-05-09 21:05:22,ru2401P13000,ru2401P13000,645.0,0.0,0.0,0.0,1,491.0,1618.0,2,661.0,645.0,645.0,645.0,1.0,6450.0,14
2023-05-09 21:05:23,ru2401P13000,ru2401P13000,645.0,0.0,0.0,0.0,2,492.0,1617.0,1,661.0,645.0,645.0,645.0,1.0,6450.0,14
2023-05-09 21:05:23,ru2401P13000,ru2401P13000,645.0,0.0,0.0,0.0,2,492.0,1616.0,2,661.0,645.0,645.0,645.0,1.0,6450.0,14
2023-05-09 21:05:24,ru2401P13000,ru2401P13000,645.0,0.0,0.0,0.0,1,493.0,1616.0,2,661.0,645.0,645.0,645.0,1.0,6450.0,14
2023-05-09 21:05:24,ru2401P13000,ru2401P13000,645.0,0.0,0.0,0.0,2,494.0,1615.0,1,661.0,645.0,645.0,645.0,1.0,6450.0,14
2023-05-09 21:05:25,ru2401P13000,ru2401P13000,645.0,0.0,0.0,0.0,2,494.0,1614.0,2,661.0,645.0,645.0,645.0,1.0,6450.0,14
2023-05-09 21:05:25,ru2401P13000,ru2401P13000,645.0,0.0,0.0,0.0,1,495.0,1614.0,2,661.0,645.0,645.0,645.0,1.0,6450.0,14
2023-05-09 21:05:26,ru2401P13000,ru2401P13000,645.0,0.0,0.0,0.0,2,496.0,1613.0,1,661.0,645.0,645.0,645.0,1.0,6450.0,14
2023-05-09 21:05:26,ru2401P13000,ru2401P13000,645.0,0.0,0.0,0.0,2,496.0,1612.0,2,661.0,645.0,645.0,645.0,1.0,6450.0,14
2023-05-09 21:05:27,ru2401P13000,ru2401P13000,645.0,0.0,0.0,0.0,1,497.0,1612.0,2,661.0,645.0,645.0,645.0,1.0,6450.0,14
2023-05-09 21:05:27,ru2401P13000,ru2401P13000,645.0,0.0,0.0,0.0,2,498.0,1611.0,1,661.0,645.0,645.0,645.0,1.0,6450.0,14
2023-05-09 21:05:28,ru2401P13000,ru2401P13000,645.0,0.0,0.0,0.0,2,498.0,1610.0,2,661.0,645.0,645.0,645.0,1.0,6450.0,14
2023-05-09 21:05:28,ru2401P13000,ru2401P13000,645.0,0.0,0.0,0.0,1,499.0,1610.0,2,661.0,645.0,645.0,645.0,1.0,6450.0,14
2023-05-09 21:05:29,ru2401P13000,ru2401P13000,645.0,0.0,0.0,0.0,2,500.0,1609.0,1,661.0,645.0,645.0,645.0,1.0,6450.0,14
2023-05-09 21:05:29,ru2401P13000,ru2401P13000,645.0,0.0,0.0,0.0,2,500.0,1608.0,2,661.0,645.0,645.0,645.0,1.0,6450.0,14
2023-05-09 21:05:30,ru2401P13000,ru2401P13000,645.0,0.0,0.0,0.0,2,500.0,1608.0,2,661.0,645.0,645.0,645.0,1.0,6450.0,14
2023-05-09 21:05:30,ru2401P13000,ru2401P13000,645.0,0.0,0.0,0.0,2,500.0,1607.0,1,661.0,645.0,645.0,645.0,1.0,6450.0,14
2023-05-09 21:05:31,ru2401P13000,ru2401P13000,645.0,0.0,0.0,0.0,2,486.0,1606.0,2,661.0,645.0,645.0,645.0,1.0,6450.0,14
2023-05-09 21:05:31,ru2401P13000,ru2401P13000,645.0,0.0,0.0,0.0,1,487.0,1606.0,2,661.0,645.0,645.0,645.0,1.0,6450.0,14
2023-05-09 21:05:32,ru2401P13000,ru2401P13000,645.0,0.0,0.0,0.0,2,488.0,1605.0,1,661.0,645.0,645.0,645.0,1.0,6450.0,14
2023-05-09 21:05:32,ru2401P13000,ru2401P13000,645.0,0.0,0.0,0.0,2,488.0,1604.0,2,661.0,645.0,645.0,645.0,1.0,6450.0,14
2023-05-09 21:05:33,ru2401P13000,ru2401P13000,645.0,0.0,0.0,0.0,1,489.0,1604.0,2,661.0,645.0,645.0,645.0,1.0,6450.0,14
2023-05-09 21:05:33,ru2401P13000,ru2401P13000,645.0,0.0,0.0,0.0,2,490.0,1603.0,1,661.0,645.0,645.0,645.0,1.0,6450.0,14
2023-05-09 21:05:34,ru2401P13000,ru2401P13000,645.0,0.0,0.0,0.0,2,490.0,1602.0,2,661.0,645.0,645.0,645.0,1.0,6450.0,14
2023-05-09 21:05:34,ru2401P13000,ru2401P13000,645.0,0.0,0.0,0.0,1,491.0,1602.0,2,661.0,645.0,645.0,645.0,1.0,6450.0,14
2023-05-09 21:05:35,ru2401P13000,ru2401P13000,645.0,0.0,0.0,0.0,2,492.0,1601.0,1,661.0,645.0,645.0,645.0,1.0,6450.0,14
2023-05-09 21:05:35,ru2401P13000,ru2401P13000,645.0,0.0,0.0,0.0,2,492.0,1600.0,2,661.0,645.0,645.0,645.0,1.0,6450.0,14
2023-05-09 21:05:36,ru2401P13000,ru2401P13000,645.0,0.0,0.0,0.0,1,493.0,1600.0,2,661.0,645.0,645.0,645.0,1.0,6450.0,14
2023-05-09 21:05:36,ru2401P13000,ru2401P13000,645.0,0.0,0.0,0.0,2,494.0,1599.0,1,661.0,645.0,645.0,645.0,1.0,6450.0,14
2023-05-09 21:05:37,ru2401P13000,ru2401P13000,645.0,0.0,0.0,0.0,2,494.0,1598.0,2,661.0,645.0,645.0,645.0,1.0,6450.0,14
2023-05-09 21:05:37,ru2401P13000,ru2401P13000,645.0,0.0,0.0,0.0,1,495.0,1598.0,2,661.0,645.0,645.0,645.0,1.0,6450.0,14
2023-05-09 21:05:38,ru2401P13000,ru2401P13000,645.0,0.0,0.0,0.0,2,496.0,1597.0,1,661.0,645.0,645.0,645.0,1.0,6450.0,14
2023-05-09 21:05:38,ru2401P13000,ru2401P13000,645.0,0.0,0.0,0.0,2,496.0,1596.0,2,661.0,645.0,645.0,645.0,1.0,6450.0,14
2023-05-09 21:05:39,ru2401P13000,ru2401P13000,645.0,0.0,0.0,0.0,1,497.0,1596.0,2,661.0,645.0,645.0,645.0,1.0,6450.0,14
2023-05-09 21:05:39,ru2401P13000,ru2401P13000,645.0,0.0,0.0,0.0,2,498.0,1690.0,2,661.0,645.0,645.0,645.0,1.0,6450.0,14
2023-05-09 21:06:09,ru2401P13000,ru2401P13000,645.0,0.0,0.0,0.0,1,499.0,1689.0,1,661.0,645.0,645.0,645.0,1.0,6450.0,14
2023-05-09 21:06:10,ru2401P13000,ru2401P13000,645.0,0.0,0.0,0.0,2,500.0,1688.0,2,661.0,645.0,645.0,645.0,1.0,6450.0,14
2023-05-09 21:06:10,ru2401P13000,ru2401P13000,645.0,0.0,0.0,0.0,2,500.0,1688.0,2,661.0,645.0,645.0,645.0,1.0,6450.0,14
2023-05-09 21:06:11,ru2401P13000,ru2401P13000,645.0,0.0,0.0,0.0,1,501.0,1687.0,1,661.0,645.0,645.0,645.0,1.0,6450.0,14
2023-05-09 21:06:11,ru2401P13000,ru2401P13000,645.0,0.0,0.0,0.0,2,502.0,1686.0,2,661.0,645.0,645.0,645.0,1.0,6450.0,14
2023-05-09 21:06:12,ru2401P13000,ru2401P13000,645.0,0.0,0.0,0.0,2,502.0,1686.0,2,661.0,645.0,645.0,645.0,1.0,6450.0,14
2023-05-09 21:06:12,ru2401P13000,ru2401P13000,645.0,0.0,0.0,0.0,1,503.0,1685.0,1,661.0,645.0,645.0,645.0,1.0,6450.0,14
2023-05-09 21:06:13,ru2401P13000,ru2401P13000,645.0,0.0,0.0,0.0,2,504.0,1684.0,2,661.0,645.0,645.0,645.0,1.0,6450.0,14
2023-05-09 21:06:13,ru2401P13000,ru2401P13000,645.0,0.0,0.0,0.0,2,504.0,1684.0,2,661.0,645.0,645.0,645.0,1.0,6450.0,14
2023-05-09 21:06:14,ru2401P13000,ru2401P13000,645.0,0.0,0.0,0.0,1,505.0,1683.0,1,661.0,645.0,645.0,645.0,1.0,6450.0,14
2023-05-09 21:06:14,ru2401P13000,ru2401P13000,645.0,0.0,0.0,0.0,2,506.0,1682.0,2,661.0,645.0,645.0,645.0,1.0,6450.0,14
2023-05-09 21:06:15,ru2401P13000,ru2401P13000,645.0,0.0,0.0,0.0,2,506.0,1682.0,2,661.0,645.0,645.0,645.0,1.0,6450.0,14
2023-05-09 21:06:15,ru2401P13000,ru2401P13000,645.0,0.0,0.0,0.0,1,507.0,1681.0,1,661.0,645.0,645.0,645.0,1.0,6450.0,14
2023-05-09 21:06:16,ru2401P13000,ru2401P13000,645.0,0.0,0.0,0.0,2,508.0,1680.0,2,661.0,645.0,645.0,645.0,1.0,6450.0,14
2023-05-09 21:06:16,ru2401P13000,ru2401P13000,645.0,0.0,0.0,0.0,2,508.0,1680.0,2,661.0,645.0,645.0,645.0,1.0,6450.0,14
2023-05-09 21:06:17,ru2401P13000,ru2401P13000,645.0,0.0,0.0,0.0,1,509.0,1679.0,1,661.0,645.0,645.0,645.0,1.0,6450.0,14
2023-05-09 21:06:17,ru2401P13000,ru2401P13000,645.0,0.0,0.0,0.0,2,510.0,1678.0,2,661.0,645.0,645.0,645.0,1.0,6450.0,14
2023-05-09 21:06:18,ru2401P13000,ru2401P13000,645.0,0.0,0.0,0.0,2,510.0,1678.0,2,661.0,645.0,645.0,645.0,1.0,6450.0,14
2023-05-09 21:06:18,ru2401P13000,ru2401P13000,645.0,0.0,0.0,0.0,1,511.0,1677.0,1,661.0,645.0,645.0,645.0,1.0,6450.0,14
2023-05-09 21:06:19,ru2401P13000,ru2401P13000,645.0,0.0,0.0,0.0,2,512.0,1676.0,2,661.0,645.0,645.0,645.0,1.0,6450.0,14
2023-05-09 21:06:19,ru2401P13000,ru2401P13000,645.0,0.0,0.0,0.0,2,512.0,1676.0,2,661.0,645.0,645.0,645.0,1.0,6450.0,14
2023-05-09 21:06:20,ru2401P13000,ru2401P13000,645.0,0.0,0.0,0.0,1,513.0,1675.0,1,661.0,645.0,645.0,645.0,1.0,6450.0,14
2023-05-09 21:06:20,ru2401P13000,ru2401P13000,645.0,0.0,0.0,0.0,2,514.0,1674.0,2,661.0,645.0,645.0,645.0,1.0,6450.0,14
2023-05-09 21:06:21,ru2401P13000,ru2401P13000,645.0,0.0,0.0,0.0,2,514.0,1674.0,2,661.0,645.0,645.0,645.0,1.0,6450.0,14
2023-05-09 21:06:21,ru2401P13000,ru2401P13000,645.0,0.0,0.0,0.0,1,515.0,1673.0,1,661.0,645.0,645.0,645.0,1.0,6450.0,14
2023-05-09 21:06:22,ru2401P13000,ru2401P13000,645.0,0.0,0.0,0.0,2,516.0,1672.0,2,661.0,645.0,645.0,645.0,1.0,6450.0,14
2023-05-09 21:06:22,ru2401P13000,ru2401P13000,645.0,0.0,0.0,0.0,2,516.0,1672.0,2,661.0,645.0,645.0,645.0,1.0,6450.0,14
2023-05-09 21:06:23,ru2401P13000,ru2401P13000,645.0,0.0,0.0,0.0,1,517.0,1671.0,1,661.0,645.0,645.0,645.0,1.0,6450.0,14
2023-05-09 21:06:23,ru2401P13000,ru2401P13000,645.0,0.0,0.0,0.0,2,518.0,1670.0,2,661.0,645.0,645.0,645.0,1.0,6450.0,14
2023-05-09 21:06:24,ru2401P13000,ru2401P13000,645.0,0.0,0.0,0.0,2,518.0,1670.0,2,661.0,645.0,645.0,645.0,1.0,6450.0,14
2023-05-09 21:06:24,ru2401P13000,ru2401P13000,645.0,0.0,0.0,0.0,1,519.0,1669.0,1,661.0,645.0,645.0,645.0,1.0,6450.0,14
2023-05-09 21:06:25,ru2401P13000,ru2401P13000,645.0,0.0,0.0,0.0,2,520.0,1668.0,2,661.0,645.0,645.0,645.0,1.0,6450.0,14
2023-05-09 21:06:25,ru2401P13000,ru2401P13000,645.0,0.0,0.0,0.0,2,520.0,1668.0,2,661.0,645.0,645.0,645.0,1.0,6450.0,14
2023-05-09 21:06:26,ru2401P13000,ru2401P13000,645.0,0.0,0.0,0.0,1,521.0,1667.0,1,661.0,645.0,645.0,645.0,1.0,6450.0,14
2023-05-09 21:06:26,ru2401P13000,ru2401P13000,645.0,0.0,0.0,0.0,2,522.0,1666.0,2,661.0,645.0,645.0,645.0,1.0,6450.0,14
2023-05-09 21:06:27,ru2401P13000,ru2401P13000,645.0,0.0,0.0,0.0,2,522.0,1666.0,2,661.0,645.0,645.0,645.0,1.0,6450.0,14
2023-05-09 21:06:27,ru2401P13000,ru2401P13000,645.0,0.0,0.0,0.0,1,523.0,1665.0,1,661.0,645.0,645.0,645.0,1.0,6450.0,14
2023-05-09 21:06:28,ru2401P13000,ru2401P13000,645.0,0.0,0.0,0.0,2,524.0,1664.0,2,661.0,645.0,645.0,645.0,1.0,6450.0,14
2023-05-09 21:06:28,ru2401P13000,ru2401P13000,645.0,0.0,0.0,0.0,2,524.0,1664.0,2,661.0,645.0,645.0,645.0,1.0,6450.0,14
2023-05-09 21:06:29,ru2401P13000,ru2401P13000,645.0,0.0,0.0,0.0,1,525.0,1663.0,1,661.0,645.0,645.0,645.0,1.0,6450.0,14
2023-05-09 21:06:29,ru2401P13000,ru2401P13000,645.0,0.0,0.0,0.0,2,526.0,1662.0,2,661.0,645.0,645.0,645.0,1.0,6450.0,14
2023-05-09 21:06:30,ru2401P13000,ru2401P13000,645.0,0.0,0.0,0.0,2,526.0,1662.0,2,661.0,645.0,645.0,645.0,1.0,6450.0,14
2023-05-09 21:06:30,ru2401P13000,ru2401P13000,645.0,0.0,0.0,0.0,1,527.0,1661.0,1,661.0,645.0,645.0,645.0,1.0,6450.0,14
2023-05-09 21:06:31,ru2401P13000,ru2401P13000,645.0,0.0,0.0,0.0,2,528.0,1660.0,2,661.0,645.0,645.0,645.0,1.0,6450.0,14
2023-05-09 21:06:31,ru2401P13000,ru2401P13000,645.0,0.0,0.0,0.0,2,528.0,1660.0,2,661.0,645.0,645.0,645.0,1.0,6450.0,14
2023-05-09 21:06:32,ru2401P13000,ru2401P13000,645.0,0.0,0.0,0.0,1,529.0,1659.0,1,661.0,645.0,645.0,645.0,1.0,6450.0,14
2023-05-09 21:06:32,ru2401P13000,ru2401P13000,645.0,0.0,0.0,0.0,2,530.0,1658.0,2,661.0,645.0,645.0,645.0,1.0,6450.0,14
2023-05-09 21:06:33,ru2401P13000,ru2401P13000,645.0,0.0,0.0,0.0,2,530.0,1658.0,2,661.0,645.0,645.0,645.0,1.0,6450.0,14
2023-05-09 21:06:33,ru2401P13000,ru2401P13000,645.0,0.0,0.0,0.0,1,531.0,1657.0,1,661.0,645.0,645.0,645.0,1.0,6450.0,14
2023-05-09 21:06:34,ru2401P13000,ru2401P13000,645.0,0.0,0.0,0.0,2,532.0,1656.0,2,661.0,645.0,645.0,645.0,1.0,6450.0,14
2023-05-09 21:06:34,ru2401P13000,ru2401P13000,645.0,0.0,0.0,0.0,2,532.0,1656.0,2,661.0,645.0,645.0,645.0,1.0,6450.0,14
2023-05-09 21:06:35,ru2401P13000,ru2401P13000,645.0,0.0,0.0,0.0,1,533.0,1655.0,1,661.0,645.0,645.0,645.0,1.0,6450.0,14
2023-05-09 21:06:35,ru2401P13000,ru2401P13000,645.0,0.0,0.0,0.0,2,534.0,1654.0,2,661.0,645.0,645.0,645.0,1.0,6450.0,14
2023-05-09 21:06:36,ru2401P13000,ru2401P13000,645.0,0.0,0.0,0.0,2,534.0,1654.0,2,661.0,645.0,645.0,645.0,1.0,6450.0,14
2023-05-09 21:06:36,ru2401P13000,ru2401P13000,645.0,0.0,0.0,0.0,1,535.0,1653.0,1,661.0,645.0,645.0,645.0,1.0,6450.0,14
2023-05-09 21:06:37,ru2401P13000,ru2401P13000,645.0,0.0,0.0,0.0,2,536.0,1652.0,2,661.0,645.0,645.0,645.0,1.0,6450.0,14
2023-05-09 21:06:37,ru2401P13000,ru2401P13000,645.0,0.0,0.0,0.0,2,536.0,1652.0,2,661.0,645.0,645.0,645.0,1.0,6450.0,14
2023-05-09 21:06:38,ru2401P13000,ru2401P13000,645.0,0.0,0.0,0.0,1,537.0,1651.0,1,661.0,645.0,645.0,645.0,1.0,6450.0,14
2023-05-09 21:06:38,ru2401P13000,ru2401P13000,645.0,0.0,0.0,0.0,2,538.0,1650.0,2,661.0,645.0,645.0,645.0,1.0,6450.0,14
2023-05-09 21:06:39,ru2401P13000,ru2401P13000,645.0,0.0,0.0,0.0,2,538.0,1650.0,2,661.0,645.0,645.0,645.0,1.0,6450.0,14
2023-05-09 21:06:39,ru2401P13000,ru2401P13000,645.0,0.0,0.0,0.0,1,539.0,1649.0,1,661.0,645.0,645.0,645.0,1.0,6450.0,14
2023-05-09 21:06:40,ru2401P13000,ru2401P13000,645.0,0.0,0.0,0.0,2,540.0,1648.0,2,661.0,645.0,645.0,645.0,1.0,6450.0,14
2023-05-09 21:06:40,ru2401P13000,ru2401P13000,645.0,0.0,0.0,0.0,2,540.0,1648.0,2,661.0,645.0,645.0,645.0,1.0,6450.0,14
2023-05-09 21:06:41,ru2401P13000,ru2401P13000,645.0,0.0,0.0,0.0,1,541.0,1647.0,1,661.0,645.0,645.0,645.0,1.0,6450.0,14
2023-05-09 21:06:41,ru2401P13000,ru2401P13000,645.0,0.0,0.0,0.0,2,542.0,1646.0,2,661.0,645.0,645.0,645.0,1.0,6450.0,14
2023-05-09 21:06:42,ru2401P13000,ru2401P13000,645.0,0.0,0.0,0.0,2,542.0,1646.0,2,661.0,645.0,645.0,645.0,1.0,6450.0,14
2023-05-09 21:06:42,ru2401P13000,ru2401P13000,645.0,0.0,0.0,0.0,1,543.0,1645.0,1,661.0,645.0,645.0,645.0,1.0,6450.0,14
2023-05-09 21:06:43,ru2401P13000,ru2401P13000,645.0,0.0,0.0,0.0,2,544.0,1644.0,2,661.0,645.0,645.0,645.0,1.0,6450.0,14
2023-05-09 21:06:43,ru2401P13000,ru2401P13000,645.0,0.0,0.0,0.0,2,544.0,1644.0,2,661.0,645.0,645.0,645.0,1.0,6450.0,14
2023-05-09 21:06:44,ru2401P13000,ru2401P13000,645.0,0.0,0.0,0.0,1,545.0,1643.0,1,661.0,645.0,645.0,645.0,1.0,6450.0,14
2023-05-09 21:06:44,ru2401P13000,ru2401P13000,645.0,0.0,0.0,0.0,2,546.0,1642.0,2,661.0,645.0,645.0,645.0,1.0,6450.0,14
2023-05-09 21:06:45,ru2401P13000,ru2401P13000,645.0,0.0,0.0,0.0,2,546.0,1642.0,2,661.0,645.0,645.0,645.0,1.0,6450.0,14
2023-05-09 21:06:45,ru2401P13000,ru2401P13000,645.0,0.0,0.0,0.0,1,547.0,1641.0,1,661.0,645.0,645.0,645.0,1.0,6450.0,14
2023-05-09 21:06:46,ru2401P13000,ru2401P13000,645.0,0.0,0.0,0.0,2,548.0,1640.0,2,661.0,645.0,645.0,645.0,1.0,6450.0,14
2023-05-09 21:06:46,ru2401P13000,ru2401P13000,645.0,0.0,0.0,0.0,2,548.0,1640.0,2,661.0,645.0,645.0,645.0,1.0,6450.0,14
2023-05-09 21:06:47,ru2401P13000,ru2401P13000,645.0,0.0,0.0,0.0,1,549.0,1639.0,1,661.0,645.0,645.0,645.0,1.0,6450.0,14
2023-05-09 21:06:47,ru2401P13000,ru2401P13000,645.0,0.0,0.0,0.0,2,550.0,1638.0,2,661.0,645.0,645.0,645.0,1.0,6450.0,14
2023-05-09 21:06:48,ru2401P13000,ru2401P13000,645.0,0.0,0.0,0.0,2,550.0,1638.0,2,661.0,645.0,645.0,645.0,1.0,6450.0,14
2023-05-09 21:06:48,ru2401P13000,ru2401P13000,645.0,0.0,0.0,0.0,1,551.0,1637.0,1,661.0,645.0,645.0,645.0,1.0,6450.0,14
2023-05-09 21:06:49,ru2401P13000,ru2401P13000,645.0,0.0,0.0,0.0,1,551.0,1636.0,2,661.0,645.0,645.0,645.0,1.0,6450.0,14
2023-05-09 21:06:49,ru2401P13000,ru2401P13000,645.0,0.0,0.0,0.0,1,551.0,1636.0,2,661.0,645.0,645.0,645.0,1.0,6450.0,14
2023-05-09 21:06:50,ru2401P13000,ru2401P13000,645.0,0.0,0.0,0.0,1,551.0,1635.0,1,661.0,645.0,645.0,645.0,1.0,6450.0,14
2023-05-09 21:06:50,ru2401P13000,ru2401P13000,645.0,0.0,0.0,0.0,1,551.0,1634.0,2,661.0,645.0,645.0,645.0,1.0,6450.0,14
2023-05-09 21:06:51,ru2401P13000,ru2401P13000,645.0,0.0,0.0,0.0,1,551.0,1634.0,2,661.0,645.0,645.0,645.0,1.0,6450.0,14
2023-05-09 21:06:51,ru2401P13000,ru2401P13000,645.0,0.0,0.0,0.0,1,551.0,1633.0,1,661.0,645.0,645.0,645.0,1.0,6450.0,14
2023-05-09 21:06:52,ru2401P13000,ru2401P13000,645.0,0.0,0.0,0.0,1,551.0,1632.0,2,661.0,645.0,645.0,645.0,1.0,6450.0,14
2023-05-09 21:06:52,ru2401P13000,ru2401P13000,645.0,0.0,0.0,0.0,1,551.0,1632.0,2,661.0,645.0,645.0,645.0,1.0,6450.0,14
2023-05-09 21:06:53,ru2401P13000,ru2401P13000,645.0,0.0,0.0,0.0,1,551.0,1631.0,1,661.0,645.0,645.0,645.0,1.0,6450.0,14
2023-05-09 21:06:53,ru2401P13000,ru2401P13000,645.0,0.0,0.0,0.0,1,551.0,1630.0,2,661.0,645.0,645.0,645.0,1.0,6450.0,14
2023-05-09 21:06:54,ru2401P13000,ru2401P13000,645.0,0.0,0.0,0.0,1,551.0,1630.0,2,661.0,645.0,645.0,645.0,1.0,6450.0,14
2023-05-09 21:06:54,ru2401P13000,ru2401P13000,645.0,0.0,0.0,0.0,1,551.0,1629.0,1,661.0,645.0,645.0,645.0,1.0,6450.0,14
2023-05-09 21:06:55,ru2401P13000,ru2401P13000,645.0,0.0,0.0,0.0,1,551.0,1628.0,2,661.0,645.0,645.0,645.0,1.0,6450.0,14
2023-05-09 21:06:55,ru2401P13000,ru2401P13000,645.0,0.0,0.0,0.0,1,551.0,1628.0,2,661.0,645.0,645.0,645.0,1.0,6450.0,14
2023-05-09 21:06:56,ru2401P13000,ru2401P13000,645.0,0.0,0.0,0.0,1,551.0,1627.0,1,661.0,645.0,645.0,645.0,1.0,6450.0,14
2023-05-09 21:06:56,ru2401P13000,ru2401P13000,645.0,0.0,0.0,0.0,3,551.0,1626.0,2,661.0,645.0,645.0,645.0,1.0,6450.0,14
2023-05-09 21:06:57,ru2401P13000,ru2401P13000,645.0,0.0,0.0,0.0,3,551.0,1626.0,2,661.0,645.0,645.0,645.0,1.0,6450.0,14
2023-05-09 21:06:57,ru2401P13000,ru2401P13000,645.0,0.0,0.0,0.0,3,551.0,1625.0,1,661.0,645.0,645.0,645.0,1.0,6450.0,14
2023-05-09 21:06:58,ru2401P13000,ru2401P13000,645.0,0.0,0.0,0.0,3,551.0,1624.0,2,661.0,645.0,645.0,645.0,1.0,6450.0,14
2023-05-09 21:06:58,ru2401P13000,ru2401P13000,645.0,0.0,0.0,0.0,3,551.0,1624.0,2,661.0,645.0,645.0,645.0,1.0,6450.0,14
2023-05-09 21:06:59,ru2401P13000,ru2401P13000,645.0,0.0,0.0,0.0,3,551.0,1623.0,1,661.0,645.0,645.0,645.0,1.0,6450.0,14
2023-05-09 21:06:59,ru2401P13000,ru2401P13000,645.0,0.0,0.0,0.0,1,551.0,1622.0,2,661.0,645.0,645.0,645.0,1.0,6450.0,14
2023-05-09 21:07:00,ru2401P13000,ru2401P13000,645.0,0.0,0.0,0.0,1,551.0,1622.0,2,661.0,645.0,645.0,645.0,1.0,6450.0,14
2023-05-09 21:07:00,ru2401P13000,ru2401P13000,645.0,0.0,0.0,0.0,1,551.0,1621.0,1,661.0,645.0,645.0,645.0,1.0,6450.0,14
2023-05-09 21:07:01,ru2401P13000,ru2401P13000,645.0,0.0,0.0,0.0,1,551.0,1620.0,2,661.0,645.0,645.0,645.0,1.0,6450.0,14
2023-05-09 21:07:01,ru2401P13000,ru2401P13000,645.0,0.0,0.0,0.0,1,551.0,1620.0,2,661.0,645.0,645.0,645.0,1.0,6450.0,14
2023-05-09 21:07:02,ru2401P13000,ru2401P13000,645.0,0.0,0.0,0.0,1,551.0,1619.0,1,661.0,645.0,645.0,645.0,1.0,6450.0,14
2023-05-09 21:07:02,ru2401P13000,ru2401P13000,645.0,0.0,0.0,0.0,2,552.0,1618.0,2,661.0,645.0,645.0,645.0,1.0,6450.0,14
2023-05-09 21:07:03,ru2401P13000,ru2401P13000,645.0,0.0,0.0,0.0,2,552.0,1618.0,2,661.0,645.0,645.0,645.0,1.0,6450.0,14
2023-05-09 21:07:03,ru2401P13000,ru2401P13000,645.0,0.0,0.0,0.0,1,553.0,1617.0,1,661.0,645.0,645.0,645.0,1.0,6450.0,14
2023-05-09 21:07:04,ru2401P13000,ru2401P13000,645.0,0.0,0.0,0.0,1,553.0,1616.0,2,661.0,645.0,645.0,645.0,1.0,6450.0,14
2023-05-09 21:07:04,ru2401P13000,ru2401P13000,645.0,0.0,0.0,0.0,1,553.0,1616.0,2,661.0,645.0,645.0,645.0,1.0,6450.0,14
2023-05-09 21:07:05,ru2401P13000,ru2401P13000,645.0,0.0,0.0,0.0,1,553.0,1615.0,1,661.0,645.0,645.0,645.0,1.0,6450.0,14
2023-05-09 21:07:05,ru2401P13000,ru2401P13000,645.0,0.0,0.0,0.0,1,553.0,1614.0,2,661.0,645.0,645.0,645.0,1.0,6450.0,14
2023-05-09 21:07:06,ru2401P13000,ru2401P13000,645.0,0.0,0.0,0.0,1,553.0,1614.0,2,661.0,645.0,645.0,645.0,1.0,6450.0,14
2023-05-09 21:07:06,ru2401P13000,ru2401P13000,645.0,0.0,0.0,0.0,1,553.0,1613.0,1,661.0,645.0,645.0,645.0,1.0,6450.0,14
2023-05-09 21:07:07,ru2401P13000,ru2401P13000,645.0,0.0,0.0,0.0,1,553.0,1612.0,2,661.0,645.0,645.0,645.0,1.0,6450.0,14
2023-05-09 21:07:07,ru2401P13000,ru2401P13000,645.0,0.0,0.0,0.0,1,553.0,1612.0,2,661.0,645.0,645.0,645.0,1.0,6450.0,14
2023-05-09 21:07:08,ru2401P13000,ru2401P13000,645.0,0.0,0.0,0.0,1,553.0,1611.0,1,661.0,645.0,645.0,645.0,1.0,6450.0,14
2023-05-09 21:07:08,ru2401P13000,ru2401P13000,645.0,0.0,0.0,0.0,1,553.0,1610.0,2,661.0,645.0,645.0,645.0,1.0,6450.0,14
2023-05-09 21:07:09,ru2401P13000,ru2401P13000,645.0,0.0,0.0,0.0,1,553.0,1610.0,2,661.0,645.0,645.0,645.0,1.0,6450.0,14
2023-05-09 21:07:09,ru2401P13000,ru2401P13000,645.0,0.0,0.0,0.0,1,553.0,1609.0,1,661.0,645.0,645.0,645.0,1.0,6450.0,14
2023-05-09 21:07:10,ru2401P13000,ru2401P13000,645.0,0.0,0.0,0.0,1,553.0,1608.0,2,661.0,645.0,645.0,645.0,1.0,6450.0,14
2023-05-09 21:07:10,ru2401P13000,ru2401P13000,645.0,0.0,0.0,0.0,1,553.0,1608.0,2,661.0,645.0,645.0,645.0,1.0,6450.0,14
2023-05-09 21:07:11,ru2401P13000,ru2401P13000,645.0,0.0,0.0,0.0,1,553.0,1607.0,1,661.0,645.0,645.0,645.0,1.0,6450.0,14
2023-05-09 21:07:11,ru2401P13000,ru2401P13000,645.0,0.0,0.0,0.0,1,553.0,1606.0,2,661.0,645.0,645.0,645.0,1.0,6450.0,14
2023-05-09 21:07:12,ru2401P13000,ru2401P13000,645.0,0.0,0.0,0.0,1,553.0,1606.0,2,661.0,645.0,645.0,645.0,1.0,6450.0,14
2023-05-09 21:07:12,ru2401P13000,ru2401P13000,645.0,0.0,0.0,0.0,1,553.0,1605.0,1,661.0,645.0,645.0,645.0,1.0,6450.0,14
2023-05-09 21:07:13,ru2401P13000,ru2401P13000,645.0,0.0,0.0,0.0,1,553.0,1604.0,2,661.0,645.0,645.0,645.0,1.0,6450.0,14
2023-05-09 21:07:13,ru2401P13000,ru2401P13000,645.0,0.0,0.0,0.0,1,553.0,1604.0,2,661.0,645.0,645.0,645.0,1.0,6450.0,14
2023-05-09 21:07:14,ru2401P13000,ru2401P13000,645.0,0.0,0.0,0.0,1,553.0,1603.0,1,661.0,645.0,645.0,645.0,1.0,6450.0,14
2023-05-09 21:07:14,ru2401P13000,ru2401P13000,645.0,0.0,0.0,0.0,1,553.0,1602.0,2,661.0,645.0,645.0,645.0,1.0,6450.0,14
2023-05-09 21:07:15,ru2401P13000,ru2401P13000,645.0,0.0,0.0,0.0,1,553.0,1602.0,2,661.0,645.0,645.0,645.0,1.0,6450.0,14
2023-05-09 21:07:15,ru2401P13000,ru2401P13000,645.0,0.0,0.0,0.0,1,553.0,1601.0,1,661.0,645.0,645.0,645.0,1.0,6450.0,14
2023-05-09 21:07:16,ru2401P13000,ru2401P13000,645.0,0.0,0.0,0.0,1,553.0,1600.0,2,661.0,645.0,645.0,645.0,1.0,6450.0,14
2023-05-09 21:07:16,ru2401P13000,ru2401P13000,645.0,0.0,0.0,0.0,1,553.0,1600.0,2,661.0,645.0,645.0,645.0,1.0,6450.0,14
2023-05-09 21:07:17,ru2401P13000,ru2401P13000,645.0,0.0,0.0,0.0,1,553.0,1599.0,1,661.0,645.0,645.0,645.0,1.0,6450.0,14
2023-05-09 21:07:17,ru2401P13000,ru2401P13000,645.0,0.0,0.0,0.0,1,553.0,1598.0,2,661.0,645.0,645.0,645.0,1.0,6450.0,14
2023-05-09 21:07:18,ru2401P13000,ru2401P13000,645.0,0.0,0.0,0.0,1,553.0,1598.0,2,661.0,645.0,645.0,645.0,1.0,6450.0,14
2023-05-09 21:07:18,ru2401P13000,ru2401P13000,645.0,0.0,0.0,0.0,1,553.0,1597.0,1,661.0,645.0,645.0,645.0,1.0,6450.0,14
2023-05-09 21:07:19,ru2401P13000,ru2401P13000,645.0,0.0,0.0,0.0,1,553.0,1596.0,2,661.0,645.0,645.0,645.0,1.0,6450.0,14
2023-05-09 21:07:19,ru2401P13000,ru2401P13000,645.0,0.0,0.0,0.0,1,553.0,1596.0,2,661.0,645.0,645.0,645.0,1.0,6450.0,14
2023-05-09 21:07:20,ru2401P13000,ru2401P13000,645.0,0.0,0.0,0.0,1,553.0,1595.0,1,661.0,645.0,645.0,645.0,1.0,6450.0,14
2023-05-09 21:07:20,ru2401P13000,ru2401P13000,645.0,0.0,0.0,0.0,1,553.0,1594.0,2,661.0,645.0,645.0,645.0,1.0,6450.0,14
2023-05-09 21:07:21,ru2401P13000,ru2401P13000,645.0,0.0,0.0,0.0,1,553.0,1594.0,2,661.0,645.0,645.0,645.0,1.0,6450.0,14
2023-05-09 21:07:21,ru2401P13000,ru2401P13000,645.0,0.0,0.0,0.0,1,553.0,1593.0,1,661.0,645.0,645.0,645.0,1.0,6450.0,14
2023-05-09 21:07:22,ru2401P13000,ru2401P13000,645.0,0.0,0.0,0.0,1,553.0,1592.0,2,661.0,645.0,645.0,645.0,1.0,6450.0,14
2023-05-09 21:07:22,ru2401P13000,ru2401P13000,645.0,0.0,0.0,0.0,1,553.0,1592.0,2,661.0,645.0,645.0,645.0,1.0,6450.0,14
2023-05-09 21:07:23,ru2401P13000,ru2401P13000,645.0,0.0,0.0,0.0,1,553.0,1591.0,1,661.0,645.0,645.0,645.0,1.0,6450.0,14
2023-05-09 21:07:23,ru2401P13000,ru2401P13000,645.0,0.0,0.0,0.0,1,553.0,1590.0,2,661.0,645.0,645.0,645.0,1.0,6450.0,14
2023-05-09 21:07:24,ru2401P13000,ru2401P13000,645.0,0.0,0.0,0.0,1,553.0,1590.0,2,661.0,645.0,645.0,645.0,1.0,6450.0,14
2023-05-09 21:07:24,ru2401P13000,ru2401P13000,645.0,0.0,0.0,0.0,1,553.0,1589.0,1,661.0,645.0,645.0,645.0,1.0,6450.0,14
2023-05-09 21:07:25,ru2401P13000,ru2401P13000,645.0,0.0,0.0,0.0,1,553.0,1588.0,2,661.0,645.0,645.0,645.0,1.0,6450.0,14
2023-05-09 21:07:25,ru2401P13000,ru2401P13000,645.0,0.0,0.0,0.0,1,553.0,1588.0,2,661.0,645.0,645.0,645.0,1.0,6450.0,14
2023-05-09 21:07:26,ru2401P13000,ru2401P13000,645.0,0.0,0.0,0.0,1,553.0,1587.0,1,661.0,645.0,645.0,645.0,1.0,6450.0,14
2023-05-09 21:07:26,ru2401P13000,ru2401P13000,645.0,0.0,0.0,0.0,1,553.0,1586.0,2,661.0,645.0,645.0,645.0,1.0,6450.0,14
2023-05-09 21:07:27,ru2401P13000,ru2401P13000,645.0,0.0,0.0,0.0,1,553.0,1586.0,2,661.0,645.0,645.0,645.0,1.0,6450.0,14
2023-05-09 21:07:27,ru2401P13000,ru2401P13000,645.0,0.0,0.0,0.0,1,553.0,1585.0,1,661.0,645.0,645.0,645.0,1.0,6450.0,14
2023-05-09 21:07:28,ru2401P13000,ru2401P13000,645.0,0.0,0.0,0.0,1,553.0,1584.0,2,661.0,645.0,645.0,645.0,1.0,6450.0,14
2023-05-09 21:07:28,ru2401P13000,ru2401P13000,645.0,0.0,0.0,0.0,1,553.0,1584.0,2,661.0,645.0,645.0,645.0,1.0,6450.0,14
2023-05-09 21:07:29,ru2401P13000,ru2401P13000,645.0,0.0,0.0,0.0,1,553.0,1583.0,1,661.0,645.0,645.0,645.0,1.0,6450.0,14
2023-05-09 21:07:29,ru2401P13000,ru2401P13000,645.0,0.0,0.0,0.0,1,553.0,1582.0,2,661.0,645.0,645.0,645.0,1.0,6450.0,14
2023-05-09 21:07:30,ru2401P13000,ru2401P13000,645.0,0.0,0.0,0.0,1,553.0,1582.0,2,661.0,645.0,645.0,645.0,1.0,6450.0,14
2023-05-09 21:07:30,ru2401P13000,ru2401P13000,645.0,0.0,0.0,0.0,1,553.0,1581.0,1,661.0,645.0,645.0,645.0,1.0,6450.0,14
2023-05-09 21:07:31,ru2401P13000,ru2401P13000,645.0,0.0,0.0,0.0,1,553.0,1580.0,2,661.0,645.0,645.0,645.0,1.0,6450.0,14
2023-05-09 21:07:31,ru2401P13000,ru2401P13000,645.0,0.0,0.0,0.0,1,553.0,1580.0,2,661.0,645.0,645.0,645.0,1.0,6450.0,14
2023-05-09 21:07:32,ru2401P13000,ru2401P13000,645.0,0.0,0.0,0.0,1,553.0,1579.0,1,661.0,645.0,645.0,645.0,1.0,6450.0,14
2023-05-09 21:07:32,ru2401P13000,ru2401P13000,645.0,0.0,0.0,0.0,1,553.0,1578.0,2,661.0,645.0,645.0,645.0,1.0,6450.0,14
2023-05-09 21:07:33,ru2401P13000,ru2401P13000,645.0,0.0,0.0,0.0,1,553.0,1578.0,2,661.0,645.0,645.0,645.0,1.0,6450.0,14
2023-05-09 21:07:33,ru2401P13000,ru2401P13000,645.0,0.0,0.0,0.0,1,553.0,1577.0,1,661.0,645.0,645.0,645.0,1.0,6450.0,14
2023-05-09 21:07:34,ru2401P13000,ru2401P13000,645.0,0.0,0.0,0.0,1,553.0,1576.0,2,661.0,645.0,645.0,645.0,1.0,6450.0,14
2023-05-09 21:07:34,ru2401P13000,ru2401P13000,645.0,0.0,0.0,0.0,1,553.0,1576.0,2,661.0,645.0,645.0,645.0,1.0,6450.0,14
2023-05-09 21:07:35,ru2401P13000,ru2401P13000,645.0,0.0,0.0,0.0,1,553.0,1575.0,1,661.0,645.0,645.0,645.0,1.0,6450.0,14
2023-05-09 21:07:35,ru2401P13000,ru2401P13000,645.0,0.0,0.0,0.0,1,553.0,1574.0,2,661.0,645.0,645.0,645.0,1.0,6450.0,14
2023-05-09 21:07:36,ru2401P13000,ru2401P13000,645.0,0.0,0.0,0.0,1,553.0,1574.0,2,661.0,645.0,645.0,645.0,1.0,6450.0,14
2023-05-09 21:07:36,ru2401P13000,ru2401P13000,645.0,0.0,0.0,0.0,1,553.0,1573.0,1,661.0,645.0,645.0,645.0,1.0,6450.0,14
2023-05-09 21:07:37,ru2401P13000,ru2401P13000,645.0,0.0,0.0,0.0,1,553.0,1572.0,2,661.0,645.0,645.0,645.0,1.0,6450.0,14
2023-05-09 21:07:37,ru2401P13000,ru2401P13000,645.0,0.0,0.0,0.0,1,553.0,1572.0,2,661.0,645.0,645.0,645.0,1.0,6450.0,14
2023-05-09 21:07:38,ru2401P13000,ru2401P13000,645.0,0.0,0.0,0.0,1,553.0,1571.0,1,661.0,645.0,645.0,645.0,1.0,6450.0,14
2023-05-09 21:07:38,ru2401P13000,ru2401P13000,645.0,0.0,0.0,0.0,1,553.0,1570.0,2,661.0,645.0,645.0,645.0,1.0,6450.0,14
2023-05-09 21:07:39,ru2401P13000,ru2401P13000,645.0,0.0,0.0,0.0,1,553.0,1570.0,2,661.0,645.0,645.0,645.0,1.0,6450.0,14
2023-05-09 21:07:39,ru2401P13000,ru2401P13000,645.0,0.0,0.0,0.0,1,553.0,1569.0,1,661.0,645.0,645.0,645.0,1.0,6450.0,14
2023-05-09 21:07:40,ru2401P13000,ru2401P13000,645.0,0.0,0.0,0.0,1,553.0,1568.0,2,661.0,645.0,645.0,645.0,1.0,6450.0,14
2023-05-09 21:07:40,ru2401P13000,ru2401P13000,645.0,0.0,0.0,0.0,1,553.0,1568.0,2,661.0,645.0,645.0,645.0,1.0,6450.0,14
2023-05-09 21:07:41,ru2401P13000,ru2401P13000,645.0,0.0,0.0,0.0,1,553.0,1567.0,1,661.0,645.0,645.0,645.0,1.0,6450.0,14
2023-05-09 21:07:41,ru2401P13000,ru2401P13000,645.0,0.0,0.0,0.0,1,553.0,1566.0,2,661.0,645.0,645.0,645.0,1.0,6450.0,14
2023-05-09 21:07:42,ru2401P13000,ru2401P13000,645.0,0.0,0.0,0.0,1,553.0,1566.0,2,661.0,645.0,645.0,645.0,1.0,6450.0,14
2023-05-09 21:07:42,ru2401P13000,ru2401P13000,645.0,0.0,0.0,0.0,1,553.0,1565.0,1,661.0,645.0,645.0,645.0,1.0,6450.0,14
2023-05-09 21:07:43,ru2401P13000,ru2401P13000,645.0,0.0,0.0,0.0,1,553.0,1564.0,2,661.0,645.0,645.0,645.0,1.0,6450.0,14
2023-05-09 21:07:43,ru2401P13000,ru2401P13000,645.0,0.0,0.0,0.0,1,553.0,1564.0,2,661.0,645.0,645.0,645.0,1.0,6450.0,14
2023-05-09 21:07:44,ru2401P13000,ru2401P13000,645.0,0.0,0.0,0.0,1,553.0,1563.0,1,661.0,645.0,645.0,645.0,1.0,6450.0,14
2023-05-09 21:07:44,ru2401P13000,ru2401P13000,645.0,0.0,0.0,0.0,1,553.0,1562.0,2,661.0,645.0,645.0,645.0,1.0,6450.0,14
2023-05-09 21:07:45,ru2401P13000,ru2401P13000,645.0,0.0,0.0,0.0,1,553.0,1562.0,2,661.0,645.0,645.0,645.0,1.0,6450.0,14
2023-05-09 21:07:45,ru2401P13000,ru2401P13000,645.0,0.0,0.0,0.0,1,553.0,1561.0,1,661.0,645.0,645.0,645.0,1.0,6450.0,14
2023-05-09 21:07:46,ru2401P13000,ru2401P13000,645.0,0.0,0.0,0.0,1,553.0,1560.0,2,661.0,645.0,645.0,645.0,1.0,6450.0,14
2023-05-09 21:07:46,ru2401P13000,ru2401P13000,645.0,0.0,0.0,0.0,1,553.0,1560.0,2,661.0,645.0,645.0,645.0,1.0,6450.0,14
2023-05-09 21:07:47,ru2401P13000,ru2401P13000,645.0,0.0,0.0,0.0,1,553.0,1559.0,1,661.0,645.0,645.0,645.0,1.0,6450.0,14
2023-05-09 21:07:47,ru2401P13000,ru2401P13000,645.0,0.0,0.0,0.0,1,553.0,1558.0,2,661.0,645.0,645.0,645.0,1.0,6450.0,14
2023-05-09 21:07:48,ru2401P13000,ru2401P13000,645.0,0.0,0.0,0.0,1,553.0,1558.0,2,661.0,645.0,645.0,645.0,1.0,6450.0,14
2023-05-09 21:07:48,ru2401P13000,ru2401P13000,645.0,0.0,0.0,0.0,1,553.0,1557.0,1,661.0,645.0,645.0,645.0,1.0,6450.0,14
2023-05-09 21:07:49,ru2401P13000,ru2401P13000,645.0,0.0,0.0,0.0,1,553.0,1556.0,2,661.0,645.0,645.0,645.0,1.0,6450.0,14
2023-05-09 21:07:49,ru2401P13000,ru2401P13000,645.0,0.0,0.0,0.0,1,553.0,1556.0,2,661.0,645.0,645.0,645.0,1.0,6450.0,14
2023-05-09 21:07:50,ru2401P13000,ru2401P13000,645.0,0.0,0.0,0.0,1,553.0,1555.0,1,661.0,645.0,645.0,645.0,1.0,6450.0,14
2023-05-09 21:07:50,ru2401P13000,ru2401P13000,645.0,0.0,0.0,0.0,1,553.0,1554.0,2,661.0,645.0,645.0,645.0,1.0,6450.0,14
2023-05-09 21:07:51,ru2401P13000,ru2401P13000,645.0,0.0,0.0,0.0,1,553.0,1554.0,2,661.0,645.0,645.0,645.0,1.0,6450.0,14
2023-05-09 21:07:51,ru2401P13000,ru2401P13000,645.0,0.0,0.0,0.0,1,553.0,1553.0,1,661.0,645.0,645.0,645.0,1.0,6450.0,14
2023-05-09 21:07:52,ru2401P13000,ru2401P13000,645.0,0.0,0.0,0.0,1,553.0,1552.0,2,661.0,645.0,645.0,645.0,1.0,6450.0,14
2023-05-09 21:07:52,ru2401P13000,ru2401P13000,645.0,0.0,0.0,0.0,1,553.0,1552.0,2,661.0,645.0,645.0,645.0,1.0,6450.0,14
2023-05-09 21:07:53,ru2401P13000,ru2401P13000,645.0,0.0,0.0,0.0,1,553.0,1551.0,1,661.0,645.0,645.0,645.0,1.0,6450.0,14
2023-05-09 21:07:53,ru2401P13000,ru2401P13000,645.0,0.0,0.0,0.0,1,553.0,1550.0,2,661.0,645.0,645.0,645.0,1.0,6450.0,14
2023-05-09 21:07:54,ru2401P13000,ru2401P13000,645.0,0.0,0.0,0.0,1,553.0,1550.0,2,661.0,645.0,645.0,645.0,1.0,6450.0,14
2023-05-09 21:07:54,ru2401P13000,ru2401P13000,645.0,0.0,0.0,0.0,1,553.0,1549.0,1,661.0,645.0,645.0,645.0,1.0,6450.0,14
2023-05-09 21:07:55,ru2401P13000,ru2401P13000,645.0,0.0,0.0,0.0,1,553.0,1548.0,2,661.0,645.0,645.0,645.0,1.0,6450.0,14
2023-05-09 21:07:55,ru2401P13000,ru2401P13000,645.0,0.0,0.0,0.0,1,553.0,1548.0,2,661.0,645.0,645.0,645.0,1.0,6450.0,14
2023-05-09 21:07:56,ru2401P13000,ru2401P13000,645.0,0.0,0.0,0.0,1,553.0,1547.0,1,661.0,645.0,645.0,645.0,1.0,6450.0,14
2023-05-09 21:07:56,ru2401P13000,ru2401P13000,645.0,0.0,0.0,0.0,1,553.0,1546.0,2,661.0,645.0,645.0,645.0,1.0,6450.0,14
2023-05-09 21:07:57,ru2401P13000,ru2401P13000,645.0,0.0,0.0,0.0,1,553.0,1546.0,2,661.0,645.0,645.0,645.0,1.0,6450.0,14
2023-05-09 21:07:57,ru2401P13000,ru2401P13000,645.0,0.0,0.0,0.0,1,553.0,1545.0,1,661.0,645.0,645.0,645.0,1.0,6450.0,14
2023-05-09 21:07:58,ru2401P13000,ru2401P13000,645.0,0.0,0.0,0.0,1,553.0,1544.0,2,661.0,645.0,645.0,645.0,1.0,6450.0,14
2023-05-09 21:07:58,ru2401P13000,ru2401P13000,645.0,0.0,0.0,0.0,1,553.0,1544.0,2,661.0,645.0,645.0,645.0,1.0,6450.0,14
2023-05-09 21:07:59,ru2401P13000,ru2401P13000,645.0,0.0,0.0,0.0,1,553.0,1543.0,1,661.0,645.0,645.0,645.0,1.0,6450.0,14
2023-05-09 21:07:59,ru2401P13000,ru2401P13000,645.0,0.0,0.0,0.0,1,553.0,1542.0,2,661.0,645.0,645.0,645.0,1.0,6450.0,14
2023-05-09 21:08:00,ru2401P13000,ru2401P13000,645.0,0.0,0.0,0.0,1,553.0,1542.0,2,661.0,645.0,645.0,645.0,1.0,6450.0,14
2023-05-09 21:08:00,ru2401P13000,ru2401P13000,645.0,0.0,0.0,0.0,1,553.0,1541.0,1,661.0,645.0,645.0,645.0,1.0,6450.0,14
2023-05-09 21:08:01,ru2401P13000,ru2401P13000,645.0,0.0,0.0,0.0,1,553.0,1540.0,2,661.0,645.0,645.0,645.0,1.0,6450.0,14
2023-05-09 21:08:01,ru2401P13000,ru2401P13000,645.0,0.0,0.0,0.0,1,553.0,1540.0,2,661.0,645.0,645.0,645.0,1.0,6450.0,14
2023-05-09 21:08:02,ru2401P13000,ru2401P13000,645.0,0.0,0.0,0.0,1,553.0,1539.0,1,661.0,645.0,645.0,645.0,1.0,6450.0,14
2023-05-09 21:08:02,ru2401P13000,ru2401P13000,645.0,0.0,0.0,0.0,1,553.0,1538.0,2,661.0,645.0,645.0,645.0,1.0,6450.0,14
2023-05-09 21:08:03,ru2401P13000,ru2401P13000,645.0,0.0,0.0,0.0,1,553.0,1538.0,2,661.0,645.0,645.0,645.0,1.0,6450.0,14
2023-05-09 21:08:03,ru2401P13000,ru2401P13000,645.0,0.0,0.0,0.0,1,553.0,1537.0,1,661.0,645.0,645.0,645.0,1.0,6450.0,14
2023-05-09 21:08:04,ru2401P13000,ru2401P13000,645.0,0.0,0.0,0.0,1,553.0,1536.0,2,661.0,645.0,645.0,645.0,1.0,6450.0,14
2023-05-09 21:08:04,ru2401P13000,ru2401P13000,645.0,0.0,0.0,0.0,1,553.0,1536.0,2,661.0,645.0,645.0,645.0,1.0,6450.0,14
2023-05-09 21:08:05,ru2401P13000,ru2401P13000,645.0,0.0,0.0,0.0,1,553.0,1535.0,1,661.0,645.0,645.0,645.0,1.0,6450.0,14
2023-05-09 21:08:05,ru2401P13000,ru2401P13000,645.0,0.0,0.0,0.0,1,553.0,1534.0,2,661.0,645.0,645.0,645.0,1.0,6450.0,14
2023-05-09 21:08:06,ru2401P13000,ru2401P13000,645.0,0.0,0.0,0.0,1,553.0,1534.0,2,661.0,645.0,645.0,645.0,1.0,6450.0,14
2023-05-09 21:08:06,ru2401P13000,ru2401P13000,645.0,0.0,0.0,0.0,1,553.0,1533.0,1,661.0,645.0,645.0,645.0,1.0,6450.0,14
2023-05-09 21:08:07,ru2401P13000,ru2401P13000,645.0,0.0,0.0,0.0,1,553.0,1532.0,2,661.0,645.0,645.0,645.0,1.0,6450.0,14
2023-05-09 21:08:07,ru2401P13000,ru2401P13000,645.0,0.0,0.0,0.0,1,553.0,1532.0,2,661.0,645.0,645.0,645.0,1.0,6450.0,14
2023-05-09 21:08:08,ru2401P13000,ru2401P13000,645.0,0.0,0.0,0.0,1,553.0,1531.0,1,661.0,645.0,645.0,645.0,1.0,6450.0,14
2023-05-09 21:08:08,ru2401P13000,ru2401P13000,645.0,0.0,0.0,0.0,1,553.0,1530.0,2,661.0,645.0,645.0,645.0,1.0,6450.0,14
2023-05-09 21:08:09,ru2401P13000,ru2401P13000,645.0,0.0,0.0,0.0,1,553.0,1530.0,2,661.0,645.0,645.0,645.0,1.0,6450.0,14
2023-05-09 21:08:09,ru2401P13000,ru2401P13000,645.0,0.0,0.0,0.0,1,553.0,1529.0,1,661.0,645.0,645.0,645.0,1.0,6450.0,14
2023-05-09 21:08:10,ru2401P13000,ru2401P13000,645.0,0.0,0.0,0.0,1,553.0,1528.0,2,661.0,645.0,645.0,645.0,1.0,6450.0,14
2023-05-09 21:08:10,ru2401P13000,ru2401P13000,645.0,0.0,0.0,0.0,1,553.0,1528.0,2,661.0,645.0,645.0,645.0,1.0,6450.0,14
2023-05-09 21:08:11,ru2401P13000,ru2401P13000,645.0,0.0,0.0,0.0,1,553.0,1527.0,1,661.0,645.0,645.0,645.0,1.0,6450.0,14
2023-05-09 21:08:11,ru2401P13000,ru2401P13000,645.0,0.0,0.0,0.0,1,553.0,1526.0,2,661.0,645.0,645.0,645.0,1.0,6450.0,14
2023-05-09 21:08:12,ru2401P13000,ru2401P13000,645.0,0.0,0.0,0.0,1,553.0,1526.0,2,661.0,645.0,645.0,645.0,1.0,6450.0,14
2023-05-09 21:08:12,ru2401P13000,ru2401P13000,645.0,0.0,0.0,0.0,1,553.0,1525.0,1,661.0,645.0,645.0,645.0,1.0,6450.0,14
2023-05-09 21:08:13,ru2401P13000,ru2401P13000,645.0,0.0,0.0,0.0,1,553.0,1524.0,2,661.0,645.0,645.0,645.0,1.0,6450.0,14
2023-05-09 21:08:13,ru2401P13000,ru2401P13000,645.0,0.0,0.0,0.0,1,553.0,1524.0,2,661.0,645.0,645.0,645.0,1.0,6450.0,14
2023-05-09 21:08:14,ru2401P13000,ru2401P13000,645.0,0.0,0.0,0.0,1,553.0,1523.0,1,661.0,645.0,645.0,645.0,1.0,6450.0,14
2023-05-09 21:08:14,ru2401P13000,ru2401P13000,645.0,0.0,0.0,0.0,1,553.0,1522.0,2,661.0,645.0,645.0,645.0,1.0,6450.0,14
2023-05-09 21:08:15,ru2401P13000,ru2401P13000,645.0,0.0,0.0,0.0,1,553.0,1522.0,2,661.0,645.0,645.0,645.0,1.0,6450.0,14
2023-05-09 21:08:15,ru2401P13000,ru2401P13000,645.0,0.0,0.0,0.0,1,553.0,1521.0,1,661.0,645.0,645.0,645.0,1.0,6450.0,14
2023-05-09 21:08:16,ru2401P13000,ru2401P13000,645.0,0.0,0.0,0.0,1,553.0,1520.0,2,661.0,645.0,645.0,645.0,1.0,6450.0,14
2023-05-09 21:08:16,ru2401P13000,ru2401P13000,645.0,0.0,0.0,0.0,1,553.0,1520.0,2,661.0,645.0,645.0,645.0,1.0,6450.0,14
2023-05-09 21:08:17,ru2401P13000,ru2401P13000,645.0,0.0,0.0,0.0,1,553.0,1519.0,1,661.0,645.0,645.0,645.0,1.0,6450.0,14
2023-05-09 21:08:17,ru2401P13000,ru2401P13000,645.0,0.0,0.0,0.0,1,553.0,1518.0,2,661.0,645.0,645.0,645.0,1.0,6450.0,14
2023-05-09 21:08:18,ru2401P13000,ru2401P13000,645.0,0.0,0.0,0.0,1,553.0,1518.0,2,661.0,645.0,645.0,645.0,1.0,6450.0,14
2023-05-09 21:08:18,ru2401P13000,ru2401P13000,645.0,0.0,0.0,0.0,1,553.0,1517.0,1,661.0,645.0,645.0,645.0,1.0,6450.0,14
2023-05-09 21:08:19,ru2401P13000,ru2401P13000,645.0,0.0,0.0,0.0,1,553.0,1516.0,2,661.0,645.0,645.0,645.0,1.0,6450.0,14
2023-05-09 21:08:19,ru2401P13000,ru2401P13000,645.0,0.0,0.0,0.0,1,553.0,1516.0,2,661.0,645.0,645.0,645.0,1.0,6450.0,14
2023-05-09 21:08:20,ru2401P13000,ru2401P13000,645.0,0.0,0.0,0.0,1,553.0,1515.0,1,661.0,645.0,645.0,645.0,1.0,6450.0,14
2023-05-09 21:08:20,ru2401P13000,ru2401P13000,645.0,0.0,0.0,0.0,1,553.0,1514.0,2,661.0,645.0,645.0,645.0,1.0,6450.0,14
2023-05-09 21:08:21,ru2401P13000,ru2401P13000,645.0,0.0,0.0,0.0,1,553.0,1514.0,2,661.0,645.0,645.0,645.0,1.0,6450.0,14
2023-05-09 21:08:21,ru2401P13000,ru2401P13000,645.0,0.0,0.0,0.0,1,553.0,1513.0,1,661.0,645.0,645.0,645.0,1.0,6450.0,14
2023-05-09 21:08:22,ru2401P13000,ru2401P13000,645.0,0.0,0.0,0.0,1,553.0,1512.0,2,661.0,645.0,645.0,645.0,1.0,6450.0,14
2023-05-09 21:08:22,ru2401P13000,ru2401P13000,645.0,0.0,0.0,0.0,1,553.0,1512.0,2,661.0,645.0,645.0,645.0,1.0,6450.0,14
2023-05-09 21:08:23,ru2401P13000,ru2401P13000,645.0,0.0,0.0,0.0,1,553.0,1511.0,1,661.0,645.0,645.0,645.0,1.0,6450.0,14
2023-05-09 21:08:23,ru2401P13000,ru2401P13000,645.0,0.0,0.0,0.0,1,553.0,1510.0,2,661.0,645.0,645.0,645.0,1.0,6450.0,14
2023-05-09 21:08:24,ru2401P13000,ru2401P13000,645.0,0.0,0.0,0.0,1,553.0,1510.0,2,661.0,645.0,645.0,645.0,1.0,6450.0,14
2023-05-09 21:08:24,ru2401P13000,ru2401P13000,645.0,0.0,0.0,0.0,1,553.0,1509.0,1,661.0,645.0,645.0,645.0,1.0,6450.0,14
2023-05-09 21:08:25,ru2401P13000,ru2401P13000,645.0,0.0,0.0,0.0,1,553.0,1508.0,2,661.0,645.0,645.0,645.0,1.0,6450.0,14
2023-05-09 21:08:25,ru2401P13000,ru2401P13000,645.0,0.0,0.0,0.0,1,553.0,1508.0,2,661.0,645.0,645.0,645.0,1.0,6450.0,14
2023-05-09 21:08:26,ru2401P13000,ru2401P13000,645.0,0.0,0.0,0.0,1,553.0,1507.0,1,661.0,645.0,645.0,645.0,1.0,6450.0,14
2023-05-09 21:08:26,ru2401P13000,ru2401P13000,645.0,0.0,0.0,0.0,1,553.0,1506.0,2,661.0,645.0,645.0,645.0,1.0,6450.0,14
2023-05-09 21:08:27,ru2401P13000,ru2401P13000,645.0,0.0,0.0,0.0,1,553.0,1506.0,2,661.0,645.0,645.0,645.0,1.0,6450.0,14
2023-05-09 21:08:27,ru2401P13000,ru2401P13000,645.0,0.0,0.0,0.0,1,553.0,1505.0,1,661.0,645.0,645.0,645.0,1.0,6450.0,14
2023-05-09 21:08:28,ru2401P13000,ru2401P13000,645.0,0.0,0.0,0.0,1,553.0,1504.0,2,661.0,645.0,645.0,645.0,1.0,6450.0,14
2023-05-09 21:08:28,ru2401P13000,ru2401P13000,645.0,0.0,0.0,0.0,1,553.0,1504.0,2,661.0,645.0,645.0,645.0,1.0,6450.0,14
2023-05-09 21:08:29,ru2401P13000,ru2401P13000,645.0,0.0,0.0,0.0,1,553.0,1503.0,1,661.0,645.0,645.0,645.0,1.0,6450.0,14
2023-05-09 21:08:29,ru2401P13000,ru2401P13000,645.0,0.0,0.0,0.0,1,553.0,1502.0,2,661.0,645.0,645.0,645.0,1.0,6450.0,14
2023-05-09 21:08:30,ru2401P13000,ru2401P13000,645.0,0.0,0.0,0.0,1,553.0,1502.0,2,661.0,645.0,645.0,645.0,1.0,6450.0,14
2023-05-09 21:08:30,ru2401P13000,ru2401P13000,645.0,0.0,0.0,0.0,1,553.0,1501.0,1,661.0,645.0,645.0,645.0,1.0,6450.0,14
2023-05-09 21:08:31,ru2401P13000,ru2401P13000,645.0,0.0,0.0,0.0,1,553.0,1500.0,2,661.0,645.0,645.0,645.0,1.0,6450.0,14
2023-05-09 21:08:31,ru2401P13000,ru2401P13000,645.0,0.0,0.0,0.0,1,553.0,1500.0,2,661.0,645.0,645.0,645.0,1.0,6450.0,14
2023-05-09 21:08:32,ru2401P13000,ru2401P13000,645.0,0.0,0.0,0.0,1,553.0,1499.0,1,661.0,645.0,645.0,645.0,1.0,6450.0,14
2023-05-09 21:08:32,ru2401P13000,ru2401P13000,645.0,0.0,0.0,0.0,1,553.0,1498.0,2,661.0,645.0,645.0,645.0,1.0,6450.0,14
2023-05-09 21:08:33,ru2401P13000,ru2401P13000,645.0,0.0,0.0,0.0,1,553.0,1498.0,2,661.0,645.0,645.0,645.0,1.0,6450.0,14
2023-05-09 21:08:33,ru2401P13000,ru2401P13000,645.0,0.0,0.0,0.0,1,553.0,1497.0,1,661.0,645.0,645.0,645.0,1.0,6450.0,14
2023-05-09 21:08:34,ru2401P13000,ru2401P13000,645.0,0.0,0.0,0.0,1,553.0,1496.0,2,661.0,645.0,645.0,645.0,1.0,6450.0,14
2023-05-09 21:08:34,ru2401P13000,ru2401P13000,645.0,0.0,0.0,0.0,1,553.0,1496.0,2,661.0,645.0,645.0,645.0,1.0,6450.0,14
2023-05-09 21:08:35,ru2401P13000,ru2401P13000,645.0,0.0,0.0,0.0,1,553.0,1495.0,1,661.0,645.0,645.0,645.0,1.0,6450.0,14
2023-05-09 21:08:35,ru2401P13000,ru2401P13000,645.0,0.0,0.0,0.0,1,553.0,1494.0,2,661.0,645.0,645.0,645.0,1.0,6450.0,14
2023-05-09 21:08:36,ru2401P13000,ru2401P13000,645.0,0.0,0.0,0.0,1,553.0,1494.0,2,661.0,645.0,645.0,645.0,1.0,6450.0,14
2023-05-09 21:08:36,ru2401P13000,ru2401P13000,645.0,0.0,0.0,0.0,1,553.0,1493.0,1,661.0,645.0,645.0,645.0,1.0,6450.0,14
2023-05-09 21:08:37,ru2401P13000,ru2401P13000,645.0,0.0,0.0,0.0,1,553.0,1492.0,2,661.0,645.0,645.0,645.0,1.0,6450.0,14
2023-05-09 21:08:37,ru2401P13000,ru2401P13000,645.0,0.0,0.0,0.0,1,553.0,1492.0,2,661.0,645.0,645.0,645.0,1.0,6450.0,14
2023-05-09 21:08:38,ru2401P13000,ru2401P13000,645.0,0.0,0.0,0.0,1,553.0,1491.0,1,661.0,645.0,645.0,645.0,1.0,6450.0,14
2023-05-09 21:08:38,ru2401P13000,ru2401P13000,645.0,0.0,0.0,0.0,1,553.0,1490.0,2,661.0,645.0,645.0,645.0,1.0,6450.0,14
2023-05-09 21:08:39,ru2401P13000,ru2401P13000,645.0,0.0,0.0,0.0,1,553.0,1490.0,2,661.0,645.0,645.0,645.0,1.0,6450.0,14
2023-05-09 21:08:39,ru2401P13000,ru2401P13000,645.0,0.0,0.0,0.0,1,553.0,1489.0,1,661.0,645.0,645.0,645.0,1.0,6450.0,14
2023-05-09 21:08:40,ru2401P13000,ru2401P13000,645.0,0.0,0.0,0.0,1,553.0,1488.0,2,661.0,645.0,645.0,645.0,1.0,6450.0,14
2023-05-09 21:08:40,ru2401P13000,ru2401P13000,645.0,0.0,0.0,0.0,1,553.0,1488.0,2,661.0,645.0,645.0,645.0,1.0,6450.0,14
2023-05-09 21:08:41,ru2401P13000,ru2401P13000,645.0,0.0,0.0,0.0,1,553.0,1487.0,1,661.0,645.0,645.0,645.0,1.0,6450.0,14
2023-05-09 21:08:41,ru2401P13000,ru2401P13000,645.0,0.0,0.0,0.0,1,553.0,1486.0,2,661.0,645.0,645.0,645.0,1.0,6450.0,14
2023-05-09 21:08:42,ru2401P13000,ru2401P13000,645.0,0.0,0.0,0.0,1,553.0,1486.0,2,661.0,645.0,645.0,645.0,1.0,6450.0,14
2023-05-09 21:08:42,ru2401P13000,ru2401P13000,645.0,0.0,0.0,0.0,1,553.0,1485.0,1,661.0,645.0,645.0,645.0,1.0,6450.0,14
2023-05-09 21:08:43,ru2401P13000,ru2401P13000,645.0,0.0,0.0,0.0,1,553.0,1484.0,2,661.0,645.0,645.0,645.0,1.0,6450.0,14
2023-05-09 21:08:43,ru2401P13000,ru2401P13000,645.0,0.0,0.0,0.0,1,553.0,1484.0,2,661.0,645.0,645.0,645.0,1.0,6450.0,14
2023-05-09 21:08:44,ru2401P13000,ru2401P13000,645.0,0.0,0.0,0.0,1,553.0,1483.0,1,661.0,645.0,645.0,645.0,1.0,6450.0,14
2023-05-09 21:08:44,ru2401P13000,ru2401P13000,645.0,0.0,0.0,0.0,1,553.0,1482.0,2,661.0,645.0,645.0,645.0,1.0,6450.0,14
2023-05-09 21:08:45,ru2401P13000,ru2401P13000,645.0,0.0,0.0,0.0,1,553.0,1482.0,2,661.0,645.0,645.0,645.0,1.0,6450.0,14
2023-05-09 21:08:45,ru2401P13000,ru2401P13000,645.0,0.0,0.0,0.0,1,553.0,1481.0,1,661.0,645.0,645.0,645.0,1.0,6450.0,14
2023-05-09 21:08:46,ru2401P13000,ru2401P13000,645.0,0.0,0.0,0.0,1,553.0,1480.0,2,661.0,645.0,645.0,645.0,1.0,6450.0,14
2023-05-09 21:08:46,ru2401P13000,ru2401P13000,645.0,0.0,0.0,0.0,1,553.0,1480.0,2,661.0,645.0,645.0,645.0,1.0,6450.0,14
2023-05-09 21:08:47,ru2401P13000,ru2401P13000,645.0,0.0,0.0,0.0,1,553.0,1479.0,1,661.0,645.0,645.0,645.0,1.0,6450.0,14
2023-05-09 21:08:47,ru2401P13000,ru2401P13000,645.0,0.0,0.0,0.0,1,553.0,1478.0,2,661.0,645.0,645.0,645.0,1.0,6450.0,14
2023-05-09 21:08:48,ru2401P13000,ru2401P13000,645.0,0.0,0.0,0.0,1,553.0,1478.0,2,661.0,645.0,645.0,645.0,1.0,6450.0,14
2023-05-09 21:08:48,ru2401P13000,ru2401P13000,645.0,0.0,0.0,0.0,1,553.0,1477.0,1,661.0,645.0,645.0,645.0,1.0,6450.0,14
2023-05-09 21:08:49,ru2401P13000,ru2401P13000,645.0,0.0,0.0,0.0,1,553.0,1476.0,2,661.0,645.0,645.0,645.0,1.0,6450.0,14
2023-05-09 21:08:49,ru2401P13000,ru2401P13000,645.0,0.0,0.0,0.0,1,553.0,1476.0,2,661.0,645.0,645.0,645.0,1.0,6450.0,14
2023-05-09 21:08:50,ru2401P13000,ru2401P13000,645.0,0.0,0.0,0.0,1,553.0,1475.0,1,661.0,645.0,645.0,645.0,1.0,6450.0,14
2023-05-09 21:08:50,ru2401P13000,ru2401P13000,645.0,0.0,0.0,0.0,3,553.0,1474.0,2,661.0,645.0,645.0,645.0,1.0,6450.0,14
2023-05-09 21:08:51,ru2401P13000,ru2401P13000,645.0,0.0,0.0,0.0,3,553.0,1474.0,2,661.0,645.0,645.0,645.0,1.0,6450.0,14
2023-05-09 21:08:51,ru2401P13000,ru2401P13000,645.0,0.0,0.0,0.0,3,553.0,1473.0,1,661.0,645.0,645.0,645.0,1.0,6450.0,14
2023-05-09 21:08:52,ru2401P13000,ru2401P13000,645.0,0.0,0.0,0.0,3,553.0,1472.0,2,661.0,645.0,645.0,645.0,1.0,6450.0,14
2023-05-09 21:08:52,ru2401P13000,ru2401P13000,645.0,0.0,0.0,0.0,3,553.0,1472.0,2,661.0,645.0,645.0,645.0,1.0,6450.0,14
2023-05-09 21:08:53,ru2401P13000,ru2401P13000,645.0,0.0,0.0,0.0,3,553.0,1471.0,1,661.0,645.0,645.0,645.0,1.0,6450.0,14
2023-05-09 21:08:53,ru2401P13000,ru2401P13000,645.0,0.0,0.0,0.0,3,553.0,1470.0,2,661.0,645.0,645.0,645.0,1.0,6450.0,14
2023-05-09 21:08:54,ru2401P13000,ru2401P13000,645.0,0.0,0.0,0.0,3,553.0,1470.0,2,661.0,645.0,645.0,645.0,1.0,6450.0,14
2023-05-09 21:08:54,ru2401P13000,ru2401P13000,645.0,0.0,0.0,0.0,3,553.0,1469.0,1,661.0,645.0,645.0,645.0,1.0,6450.0,14
2023-05-09 21:08:55,ru2401P13000,ru2401P13000,645.0,0.0,0.0,0.0,2,554.0,1468.0,2,661.0,645.0,645.0,645.0,1.0,6450.0,14
2023-05-09 21:08:55,ru2401P13000,ru2401P13000,645.0,0.0,0.0,0.0,2,554.0,1468.0,2,661.0,645.0,645.0,645.0,1.0,6450.0,14
2023-05-09 21:08:56,ru2401P13000,ru2401P13000,645.0,0.0,0.0,0.0,1,555.0,1467.0,1,661.0,645.0,645.0,645.0,1.0,6450.0,14
2023-05-09 21:08:56,ru2401P13000,ru2401P13000,645.0,0.0,0.0,0.0,1,555.0,1466.0,2,661.0,645.0,645.0,645.0,1.0,6450.0,14
2023-05-09 21:08:57,ru2401P13000,ru2401P13000,645.0,0.0,0.0,0.0,1,555.0,1466.0,2,661.0,645.0,645.0,645.0,1.0,6450.0,14
2023-05-09 21:08:57,ru2401P13000,ru2401P13000,645.0,0.0,0.0,0.0,1,555.0,1465.0,1,661.0,645.0,645.0,645.0,1.0,6450.0,14
2023-05-09 21:08:58,ru2401P13000,ru2401P13000,645.0,0.0,0.0,0.0,1,555.0,1464.0,2,661.0,645.0,645.0,645.0,1.0,6450.0,14
2023-05-09 21:08:58,ru2401P13000,ru2401P13000,645.0,0.0,0.0,0.0,1,555.0,1464.0,2,661.0,645.0,645.0,645.0,1.0,6450.0,14
2023-05-09 21:08:59,ru2401P13000,ru2401P13000,645.0,0.0,0.0,0.0,1,555.0,1463.0,1,661.0,645.0,645.0,645.0,1.0,6450.0,14
2023-05-09 21:08:59,ru2401P13000,ru2401P13000,645.0,0.0,0.0,0.0,1,555.0,1462.0,2,661.0,645.0,645.0,645.0,1.0,6450.0,14
2023-05-09 21:09:00,ru2401P13000,ru2401P13000,645.0,0.0,0.0,0.0,1,555.0,1462.0,2,661.0,645.0,645.0,645.0,1.0,6450.0,14
2023-05-09 21:09:00,ru2401P13000,ru2401P13000,645.0,0.0,0.0,0.0,1,555.0,1461.0,1,661.0,645.0,645.0,645.0,1.0,6450.0,14
2023-05-09 21:09:01,ru2401P13000,ru2401P13000,645.0,0.0,0.0,0.0,1,555.0,1460.0,2,661.0,645.0,645.0,645.0,1.0,6450.0,14
2023-05-09 21:09:01,ru2401P13000,ru2401P13000,645.0,0.0,0.0,0.0,1,555.0,1460.0,2,661.0,645.0,645.0,645.0,1.0,6450.0,14
2023-05-09 21:09:02,ru2401P13000,ru2401P13000,645.0,0.0,0.0,0.0,1,555.0,1459.0,1,661.0,645.0,645.0,645.0,1.0,6450.0,14
2023-05-09 21:09:02,ru2401P13000,ru2401P13000,645.0,0.0,0.0,0.0,1,555.0,1458.0,2,661.0,645.0,645.0,645.0,1.0,6450.0,14
2023-05-09 21:09:03,ru2401P13000,ru2401P13000,645.0,0.0,0.0,0.0,1,555.0,1458.0,2,661.0,645.0,645.0,645.0,1.0,6450.0,14
2023-05-09 21:09:03,ru2401P13000,ru2401P13000,645.0,0.0,0.0,0.0,1,555.0,1457.0,1,661.0,645.0,645.0,645.0,1.0,6450.0,14
2023-05-09 21:09:04,ru2401P13000,ru2401P13000,645.0,0.0,0.0,0.0,1,555.0,1456.0,2,661.0,645.0,645.0,645.0,1.0,6450.0,14
2023-05-09 21:09:04,ru2401P13000,ru2401P13000,645.0,0.0,0.0,0.0,1,555.0,1456.0,2,661.0,645.0,645.0,645.0,1.0,6450.0,14
2023-05-09 21:09:05,ru2401P13000,ru2401P13000,645.0,0.0,0.0,0.0,1,555.0,1455.0,1,661.0,645.0,645.0,645.0,1.0,6450.0,14
2023-05-09 21:09:05,ru2401P13000,ru2401P13000,645.0,0.0,0.0,0.0,1,555.0,1454.0,2,661.0,645.0,645.0,645.0,1.0,6450.0,14
2023-05-09 21:09:06,ru2401P13000,ru2401P13000,645.0,0.0,0.0,0.0,1,555.0,1454.0,2,661.0,645.0,645.0,645.0,1.0,6450.0,14
2023-05-09 21:09:06,ru2401P13000,ru2401P13000,645.0,0.0,0.0,0.0,1,555.0,1453.0,1,661.0,645.0,645.0,645.0,1.0,6450.0,14
2023-05-09 21:09:07,ru2401P13000,ru2401P13000,645.0,0.0,0.0,0.0,1,555.0,1452.0,2,661.0,645.0,645.0,645.0,1.0,6450.0,14
2023-05-09 21:09:07,ru2401P13000,ru2401P13000,645.0,0.0,0.0,0.0,1,555.0,1452.0,2,661.0,645.0,645.0,645.0,1.0,6450.0,14
2023-05-09 21:09:08,ru2401P13000,ru2401P13000,645.0,0.0,0.0,0.0,1,555.0,1451.0,1,661.0,645.0,645.0,645.0,1.0,6450.0,14
2023-05-09 21:09:08,ru2401P13000,ru2401P13000,645.0,0.0,0.0,0.0,1,555.0,1450.0,2,661.0,645.0,645.0,645.0,1.0,6450.0,14
2023-05-09 21:09:09,ru2401P13000,ru2401P13000,645.0,0.0,0.0,0.0,1,555.0,1450.0,2,661.0,645.0,645.0,645.0,1.0,6450.0,14
2023-05-09 21:09:09,ru2401P13000,ru2401P13000,645.0,0.0,0.0,0.0,1,555.0,1449.0,1,661.0,645.0,645.0,645.0,1.0,6450.0,14
2023-05-09 21:09:10,ru2401P13000,ru2401P13000,645.0,0.0,0.0,0.0,1,555.0,1448.0,2,661.0,645.0,645.0,645.0,1.0,6450.0,14
2023-05-09 21:09:10,ru2401P13000,ru2401P13000,645.0,0.0,0.0,0.0,1,555.0,1448.0,2,661.0,645.0,645.0,645.0,1.0,6450.0,14
2023-05-09 21:09:11,ru2401P13000,ru2401P13000,645.0,0.0,0.0,0.0,1,555.0,1447.0,1,661.0,645.0,645.0,645.0,1.0,6450.0,14
2023-05-09 21:09:11,ru2401P13000,ru2401P13000,645.0,0.0,0.0,0.0,1,555.0,1446.0,2,661.0,645.0,645.0,645.0,1.0,6450.0,14
2023-05-09 21:09:12,ru2401P13000,ru2401P13000,645.0,0.0,0.0,0.0,1,555.0,1446.0,2,661.0,645.0,645.0,645.0,1.0,6450.0,14
2023-05-09 21:09:12,ru2401P13000,ru2401P13000,645.0,0.0,0.0,0.0,1,555.0,1445.0,1,661.0,645.0,645.0,645.0,1.0,6450.0,14
2023-05-09 21:09:13,ru2401P13000,ru2401P13000,645.0,0.0,0.0,0.0,1,555.0,1444.0,2,661.0,645.0,645.0,645.0,1.0,6450.0,14
2023-05-09 21:09:13,ru2401P13000,ru2401P13000,645.0,0.0,0.0,0.0,1,555.0,1444.0,2,661.0,645.0,645.0,645.0,1.0,6450.0,14
2023-05-09 21:09:14,ru2401P13000,ru2401P13000,645.0,0.0,0.0,0.0,1,555.0,1443.0,1,661.0,645.0,645.0,645.0,1.0,6450.0,14
2023-05-09 21:09:14,ru2401P13000,ru2401P13000,645.0,0.0,0.0,0.0,1,555.0,1442.0,2,661.0,645.0,645.0,645.0,1.0,6450.0,14
2023-05-09 21:09:15,ru2401P13000,ru2401P13000,645.0,0.0,0.0,0.0,1,555.0,1442.0,2,661.0,645.0,645.0,645.0,1.0,6450.0,14
2023-05-09 21:09:15,ru2401P13000,ru2401P13000,645.0,0.0,0.0,0.0,1,555.0,1441.0,1,661.0,645.0,645.0,645.0,1.0,6450.0,14
2023-05-09 21:09:16,ru2401P13000,ru2401P13000,645.0,0.0,0.0,0.0,1,555.0,1440.0,2,661.0,645.0,645.0,645.0,1.0,6450.0,14
2023-05-09 21:09:16,ru2401P13000,ru2401P13000,645.0,0.0,0.0,0.0,1,555.0,1440.0,2,661.0,645.0,645.0,645.0,1.0,6450.0,14
2023-05-09 21:09:17,ru2401P13000,ru2401P13000,645.0,0.0,0.0,0.0,1,555.0,1439.0,1,661.0,645.0,645.0,645.0,1.0,6450.0,14
2023-05-09 21:09:17,ru2401P13000,ru2401P13000,645.0,0.0,0.0,0.0,1,555.0,1438.0,2,661.0,645.0,645.0,645.0,1.0,6450.0,14
2023-05-09 21:09:18,ru2401P13000,ru2401P13000,645.0,0.0,0.0,0.0,1,555.0,1438.0,2,661.0,645.0,645.0,645.0,1.0,6450.0,14
2023-05-09 21:09:18,ru2401P13000,ru2401P13000,645.0,0.0,0.0,0.0,1,555.0,1437.0,1,661.0,645.0,645.0,645.0,1.0,6450.0,14
2023-05-09 21:09:19,ru2401P13000,ru2401P13000,645.0,0.0,0.0,0.0,1,555.0,1436.0,2,661.0,645.0,645.0,645.0,1.0,6450.0,14
2023-05-09 21:09:19,ru2401P13000,ru2401P13000,645.0,0.0,0.0,0.0,1,555.0,1436.0,2,661.0,645.0,645.0,645.0,1.0,6450.0,14
2023-05-09 21:09:20,ru2401P13000,ru2401P13000,645.0,0.0,0.0,0.0,1,555.0,1435.0,1,661.0,645.0,645.0,645.0,1.0,6450.0,14
2023-05-09 21:09:20,ru2401P13000,ru2401P13000,645.0,0.0,0.0,0.0,1,555.0,1434.0,2,661.0,645.0,645.0,645.0,1.0,6450.0,14
2023-05-09 21:09:21,ru2401P13000,ru2401P13000,645.0,0.0,0.0,0.0,1,555.0,1434.0,2,661.0,645.0,645.0,645.0,1.0,6450.0,14
2023-05-09 21:09:21,ru2401P13000,ru2401P13000,645.0,0.0,0.0,0.0,1,555.0,1433.0,1,661.0,645.0,645.0,645.0,1.0,6450.0,14
2023-05-09 21:09:22,ru2401P13000,ru2401P13000,645.0,0.0,0.0,0.0,1,555.0,1432.0,2,661.0,645.0,645.0,645.0,1.0,6450.0,14
2023-05-09 21:09:22,ru2401P13000,ru2401P13000,645.0,0.0,0.0,0.0,1,555.0,1432.0,2,661.0,645.0,645.0,645.0,1.0,6450.0,14
2023-05-09 21:09:23,ru2401P13000,ru2401P13000,645.0,0.0,0.0,0.0,1,555.0,1431.0,1,661.0,645.0,645.0,645.0,1.0,6450.0,14
2023-05-09 21:09:23,ru2401P13000,ru2401P13000,645.0,0.0,0.0,0.0,1,555.0,1430.0,2,661.0,645.0,645.0,645.0,1.0,6450.0,14
2023-05-09 21:09:24,ru2401P13000,ru2401P13000,645.0,0.0,0.0,0.0,1,555.0,1430.0,2,661.0,645.0,645.0,645.0,1.0,6450.0,14
2023-05-09 21:09:24,ru2401P13000,ru2401P13000,645.0,0.0,0.0,0.0,1,555.0,1429.0,1,661.0,645.0,645.0,645.0,1.0,6450.0,14
2023-05-09 21:09:25,ru2401P13000,ru2401P13000,645.0,0.0,0.0,0.0,1,555.0,1428.0,2,661.0,645.0,645.0,645.0,1.0,6450.0,14
2023-05-09 21:09:25,ru2401P13000,ru2401P13000,645.0,0.0,0.0,0.0,1,555.0,1428.0,2,661.0,645.0,645.0,645.0,1.0,6450.0,14
2023-05-09 21:09:26,ru2401P13000,ru2401P13000,645.0,0.0,0.0,0.0,1,555.0,1427.0,1,661.0,645.0,645.0,645.0,1.0,6450.0,14
2023-05-09 21:09:26,ru2401P13000,ru2401P13000,645.0,0.0,0.0,0.0,1,555.0,1426.0,2,661.0,645.0,645.0,645.0,1.0,6450.0,14
2023-05-09 21:09:27,ru2401P13000,ru2401P13000,645.0,0.0,0.0,0.0,1,555.0,1426.0,2,661.0,645.0,645.0,645.0,1.0,6450.0,14
2023-05-09 21:09:27,ru2401P13000,ru2401P13000,645.0,0.0,0.0,0.0,1,555.0,1425.0,1,661.0,645.0,645.0,645.0,1.0,6450.0,14
2023-05-09 21:09:28,ru2401P13000,ru2401P13000,645.0,0.0,0.0,0.0,1,555.0,1424.0,2,661.0,645.0,645.0,645.0,1.0,6450.0,14
2023-05-09 21:09:28,ru2401P13000,ru2401P13000,645.0,0.0,0.0,0.0,1,555.0,1424.0,2,661.0,645.0,645.0,645.0,1.0,6450.0,14
2023-05-09 21:09:29,ru2401P13000,ru2401P13000,645.0,0.0,0.0,0.0,1,555.0,1423.0,1,661.0,645.0,645.0,645.0,1.0,6450.0,14
2023-05-09 21:09:29,ru2401P13000,ru2401P13000,645.0,0.0,0.0,0.0,1,555.0,1422.0,2,661.0,645.0,645.0,645.0,1.0,6450.0,14
2023-05-09 21:09:30,ru2401P13000,ru2401P13000,645.0,0.0,0.0,0.0,1,555.0,1422.0,2,661.0,645.0,645.0,645.0,1.0,6450.0,14
2023-05-09 21:09:30,ru2401P13000,ru2401P13000,645.0,0.0,0.0,0.0,1,555.0,1421.0,1,661.0,645.0,645.0,645.0,1.0,6450.0,14
2023-05-09 21:09:31,ru2401P13000,ru2401P13000,645.0,0.0,0.0,0.0,1,555.0,1420.0,2,661.0,645.0,645.0,645.0,1.0,6450.0,14
2023-05-09 21:09:31,ru2401P13000,ru2401P13000,645.0,0.0,0.0,0.0,1,555.0,1420.0,2,661.0,645.0,645.0,645.0,1.0,6450.0,14
2023-05-09 21:09:32,ru2401P13000,ru2401P13000,645.0,0.0,0.0,0.0,1,555.0,1419.0,1,661.0,645.0,645.0,645.0,1.0,6450.0,14
2023-05-09 21:09:32,ru2401P13000,ru2401P13000,645.0,0.0,0.0,0.0,1,555.0,1418.0,2,661.0,645.0,645.0,645.0,1.0,6450.0,14
2023-05-09 21:09:33,ru2401P13000,ru2401P13000,645.0,0.0,0.0,0.0,1,555.0,1418.0,2,661.0,645.0,645.0,645.0,1.0,6450.0,14
2023-05-09 21:09:33,ru2401P13000,ru2401P13000,645.0,0.0,0.0,0.0,1,555.0,1417.0,1,661.0,645.0,645.0,645.0,1.0,6450.0,14
2023-05-09 21:09:34,ru2401P13000,ru2401P13000,645.0,0.0,0.0,0.0,1,555.0,1416.0,2,661.0,645.0,645.0,645.0,1.0,6450.0,14
2023-05-09 21:09:34,ru2401P13000,ru2401P13000,645.0,0.0,0.0,0.0,1,555.0,1416.0,2,661.0,645.0,645.0,645.0,1.0,6450.0,14
2023-05-09 21:09:35,ru2401P13000,ru2401P13000,645.0,0.0,0.0,0.0,1,555.0,1415.0,1,661.0,645.0,645.0,645.0,1.0,6450.0,14
2023-05-09 21:09:35,ru2401P13000,ru2401P13000,645.0,0.0,0.0,0.0,1,555.0,1414.0,2,661.0,645.0,645.0,645.0,1.0,6450.0,14
2023-05-09 21:09:36,ru2401P13000,ru2401P13000,645.0,0.0,0.0,0.0,1,555.0,1414.0,2,661.0,645.0,645.0,645.0,1.0,6450.0,14
2023-05-09 21:09:36,ru2401P13000,ru2401P13000,645.0,0.0,0.0,0.0,1,555.0,1413.0,1,661.0,645.0,645.0,645.0,1.0,6450.0,14
2023-05-09 21:09:37,ru2401P13000,ru2401P13000,645.0,0.0,0.0,0.0,1,555.0,1412.0,2,661.0,645.0,645.0,645.0,1.0,6450.0,14
2023-05-09 21:09:37,ru2401P13000,ru2401P13000,645.0,0.0,0.0,0.0,1,555.0,1412.0,2,661.0,645.0,645.0,645.0,1.0,6450.0,14
2023-05-09 21:09:38,ru2401P13000,ru2401P13000,645.0,0.0,0.0,0.0,1,555.0,1411.0,1,661.0,645.0,645.0,645.0,1.0,6450.0,14
2023-05-09 21:09:38,ru2401P13000,ru2401P13000,645.0,0.0,0.0,0.0,1,555.0,1410.0,2,661.0,645.0,645.0,645.0,1.0,6450.0,14
2023-05-09 21:09:39,ru2401P13000,ru2401P13000,645.0,0.0,0.0,0.0,1,555.0,1410.0,2,661.0,645.0,645.0,645.0,1.0,6450.0,14
2023-05-09 21:09:39,ru2401P13000,ru2401P13000,645.0,0.0,0.0,0.0,1,555.0,1409.0,1,661.0,645.0,645.0,645.0,1.0,6450.0,14
2023-05-09 21:09:40,ru2401P13000,ru2401P13000,645.0,0.0,0.0,0.0,1,555.0,1408.0,2,661.0,645.0,645.0,645.0,1.0,6450.0,14
2023-05-09 21:09:40,ru2401P13000,ru2401P13000,645.0,0.0,0.0,0.0,1,555.0,1408.0,2,661.0,645.0,645.0,645.0,1.0,6450.0,14
2023-05-09 21:09:41,ru2401P13000,ru2401P13000,645.0,0.0,0.0,0.0,1,555.0,1407.0,1,661.0,645.0,645.0,645.0,1.0,6450.0,14
2023-05-09 21:09:41,ru2401P13000,ru2401P13000,645.0,0.0,0.0,0.0,1,555.0,1406.0,2,661.0,645.0,645.0,645.0,1.0,6450.0,14
2023-05-09 21:09:42,ru2401P13000,ru2401P13000,645.0,0.0,0.0,0.0,1,555.0,1406.0,2,661.0,645.0,645.0,645.0,1.0,6450.0,14
2023-05-09 21:09:42,ru2401P13000,ru2401P13000,645.0,0.0,0.0,0.0,1,555.0,1405.0,1,661.0,645.0,645.0,645.0,1.0,6450.0,14
2023-05-09 21:09:43,ru2401P13000,ru2401P13000,645.0,0.0,0.0,0.0,1,555.0,1404.0,2,661.0,645.0,645.0,645.0,1.0,6450.0,14
2023-05-09 21:09:43,ru2401P13000,ru2401P13000,645.0,0.0,0.0,0.0,1,555.0,1404.0,2,661.0,645.0,645.0,645.0,1.0,6450.0,14
2023-05-09 21:09:44,ru2401P13000,ru2401P13000,645.0,0.0,0.0,0.0,1,555.0,1403.0,1,661.0,645.0,645.0,645.0,1.0,6450.0,14
2023-05-09 21:09:44,ru2401P13000,ru2401P13000,645.0,0.0,0.0,0.0,1,555.0,1402.0,2,661.0,645.0,645.0,645.0,1.0,6450.0,14
2023-05-09 21:09:45,ru2401P13000,ru2401P13000,645.0,0.0,0.0,0.0,1,555.0,1402.0,2,661.0,645.0,645.0,645.0,1.0,6450.0,14
2023-05-09 21:09:45,ru2401P13000,ru2401P13000,645.0,0.0,0.0,0.0,1,555.0,1401.0,1,661.0,645.0,645.0,645.0,1.0,6450.0,14
2023-05-09 21:09:46,ru2401P13000,ru2401P13000,645.0,0.0,0.0,0.0,1,555.0,1400.0,2,661.0,645.0,645.0,645.0,1.0,6450.0,14
2023-05-09 21:09:46,ru2401P13000,ru2401P13000,645.0,0.0,0.0,0.0,1,555.0,1400.0,2,661.0,645.0,645.0,645.0,1.0,6450.0,14
2023-05-09 21:09:47,ru2401P13000,ru2401P13000,645.0,0.0,0.0,0.0,1,555.0,1399.0,1,661.0,645.0,645.0,645.0,1.0,6450.0,14
2023-05-09 21:09:47,ru2401P13000,ru2401P13000,645.0,0.0,0.0,0.0,1,555.0,1398.0,2,661.0,645.0,645.0,645.0,1.0,6450.0,14
2023-05-09 21:09:48,ru2401P13000,ru2401P13000,645.0,0.0,0.0,0.0,1,555.0,1398.0,2,661.0,645.0,645.0,645.0,1.0,6450.0,14
2023-05-09 21:09:48,ru2401P13000,ru2401P13000,645.0,0.0,0.0,0.0,1,555.0,1397.0,1,661.0,645.0,645.0,645.0,1.0,6450.0,14
2023-05-09 21:09:49,ru2401P13000,ru2401P13000,645.0,0.0,0.0,0.0,1,555.0,1396.0,2,661.0,645.0,645.0,645.0,1.0,6450.0,14
2023-05-09 21:09:49,ru2401P13000,ru2401P13000,645.0,0.0,0.0,0.0,1,555.0,1396.0,2,661.0,645.0,645.0,645.0,1.0,6450.0,14
2023-05-09 21:09:50,ru2401P13000,ru2401P13000,645.0,0.0,0.0,0.0,1,555.0,1395.0,1,661.0,645.0,645.0,645.0,1.0,6450.0,14
2023-05-09 21:09:50,ru2401P13000,ru2401P13000,645.0,0.0,0.0,0.0,1,555.0,1394.0,2,661.0,645.0,645.0,645.0,1.0,6450.0,14
2023-05-09 21:09:51,ru2401P13000,ru2401P13000,645.0,0.0,0.0,0.0,1,555.0,1394.0,2,661.0,645.0,645.0,645.0,1.0,6450.0,14
2023-05-09 21:09:51,ru2401P13000,ru2401P13000,645.0,0.0,0.0,0.0,1,555.0,1393.0,1,661.0,645.0,645.0,645.0,1.0,6450.0,14
2023-05-09 21:09:52,ru2401P13000,ru2401P13000,645.0,0.0,0.0,0.0,1,555.0,1392.0,2,661.0,645.0,645.0,645.0,1.0,6450.0,14
2023-05-09 21:09:52,ru2401P13000,ru2401P13000,645.0,0.0,0.0,0.0,1,555.0,1392.0,2,661.0,645.0,645.0,645.0,1.0,6450.0,14
2023-05-09 21:09:53,ru2401P13000,ru2401P13000,645.0,0.0,0.0,0.0,1,555.0,1391.0,1,661.0,645.0,645.0,645.0,1.0,6450.0,14
2023-05-09 21:09:53,ru2401P13000,ru2401P13000,645.0,0.0,0.0,0.0,1,555.0,1390.0,2,661.0,645.0,645.0,645.0,1.0,6450.0,14
2023-05-09 21:09:54,ru2401P13000,ru2401P13000,645.0,0.0,0.0,0.0,1,555.0,1390.0,2,661.0,645.0,645.0,645.0,1.0,6450.0,14
2023-05-09 21:09:54,ru2401P13000,ru2401P13000,645.0,0.0,0.0,0.0,1,555.0,1389.0,1,661.0,645.0,645.0,645.0,1.0,6450.0,14
2023-05-09 21:09:55,ru2401P13000,ru2401P13000,645.0,0.0,0.0,0.0,1,555.0,1388.0,2,661.0,645.0,645.0,645.0,1.0,6450.0,14
2023-05-09 21:09:55,ru2401P13000,ru2401P13000,645.0,0.0,0.0,0.0,1,555.0,1388.0,2,661.0,645.0,645.0,645.0,1.0,6450.0,14
2023-05-09 21:09:56,ru2401P13000,ru2401P13000,645.0,0.0,0.0,0.0,1,555.0,1387.0,1,661.0,645.0,645.0,645.0,1.0,6450.0,14
2023-05-09 21:09:56,ru2401P13000,ru2401P13000,645.0,0.0,0.0,0.0,1,555.0,1386.0,2,661.0,645.0,645.0,645.0,1.0,6450.0,14
2023-05-09 21:09:57,ru2401P13000,ru2401P13000,645.0,0.0,0.0,0.0,1,555.0,1386.0,2,661.0,645.0,645.0,645.0,1.0,6450.0,14
2023-05-09 21:09:57,ru2401P13000,ru2401P13000,645.0,0.0,0.0,0.0,1,555.0,1385.0,1,661.0,645.0,645.0,645.0,1.0,6450.0,14
2023-05-09 21:09:58,ru2401P13000,ru2401P13000,645.0,0.0,0.0,0.0,1,555.0,1384.0,2,661.0,645.0,645.0,645.0,1.0,6450.0,14
2023-05-09 21:09:58,ru2401P13000,ru2401P13000,645.0,0.0,0.0,0.0,1,555.0,1384.0,2,661.0,645.0,645.0,645.0,1.0,6450.0,14
2023-05-09 21:09:59,ru2401P13000,ru2401P13000,645.0,0.0,0.0,0.0,1,555.0,1383.0,1,661.0,645.0,645.0,645.0,1.0,6450.0,14
2023-05-09 21:09:59,ru2401P13000,ru2401P13000,645.0,0.0,0.0,0.0,1,555.0,1382.0,2,661.0,645.0,645.0,645.0,1.0,6450.0,14
2023-05-09 21:10:00,ru2401P13000,ru2401P13000,645.0,0.0,0.0,0.0,1,555.0,1382.0,2,661.0,645.0,645.0,645.0,1.0,6450.0,14
2023-05-09 21:10:00,ru2401P13000,ru2401P13000,645.0,0.0,0.0,0.0,1,555.0,1381.0,1,661.0,645.0,645.0,645.0,1.0,6450.0,14
2023-05-09 21:10:01,ru2401P13000,ru2401P13000,645.0,0.0,0.0,0.0,1,555.0,1380.0,2,661.0,645.0,645.0,645.0,1.0,6450.0,14
2023-05-09 21:10:01,ru2401P13000,ru2401P13000,645.0,0.0,0.0,0.0,1,555.0,1380.0,2,661.0,645.0,645.0,645.0,1.0,6450.0,14
2023-05-09 21:10:02,ru2401P13000,ru2401P13000,645.0,0.0,0.0,0.0,1,555.0,1379.0,1,661.0,645.0,645.0,645.0,1.0,6450.0,14
2023-05-09 21:10:02,ru2401P13000,ru2401P13000,645.0,0.0,0.0,0.0,1,555.0,1378.0,2,661.0,645.0,645.0,645.0,1.0,6450.0,14
2023-05-09 21:10:03,ru2401P13000,ru2401P13000,645.0,0.0,0.0,0.0,1,555.0,1378.0,2,661.0,645.0,645.0,645.0,1.0,6450.0,14
2023-05-09 21:10:03,ru2401P13000,ru2401P13000,645.0,0.0,0.0,0.0,1,555.0,1377.0,1,661.0,645.0,645.0,645.0,1.0,6450.0,14
2023-05-09 21:10:04,ru2401P13000,ru2401P13000,645.0,0.0,0.0,0.0,1,555.0,1376.0,2,661.0,645.0,645.0,645.0,1.0,6450.0,14
2023-05-09 21:10:04,ru2401P13000,ru2401P13000,645.0,0.0,0.0,0.0,1,555.0,1376.0,2,661.0,645.0,645.0,645.0,1.0,6450.0,14
2023-05-09 21:10:05,ru2401P13000,ru2401P13000,645.0,0.0,0.0,0.0,1,555.0,1375.0,1,661.0,645.0,645.0,645.0,1.0,6450.0,14
2023-05-09 21:10:05,ru2401P13000,ru2401P13000,645.0,0.0,0.0,0.0,1,555.0,1374.0,2,661.0,645.0,645.0,645.0,1.0,6450.0,14
2023-05-09 21:10:06,ru2401P13000,ru2401P13000,645.0,0.0,0.0,0.0,1,555.0,1374.0,2,661.0,645.0,645.0,645.0,1.0,6450.0,14
2023-05-09 21:10:06,ru2401P13000,ru2401P13000,645.0,0.0,0.0,0.0,1,555.0,1373.0,1,661.0,645.0,645.0,645.0,1.0,6450.0,14
2023-05-09 21:10:07,ru2401P13000,ru2401P13000,645.0,0.0,0.0,0.0,1,555.0,1372.0,2,661.0,645.0,645.0,645.0,1.0,6450.0,14
2023-05-09 21:10:07,ru2401P13000,ru2401P13000,645.0,0.0,0.0,0.0,1,555.0,1371.0,1,661.0,645.0,645.0,645.0,1.0,6450.0,14
2023-05-09 21:10:08,ru2401P13000,ru2401P13000,645.0,0.0,0.0,0.0,1,555.0,1370.0,2,661.0,645.0,645.0,645.0,1.0,6450.0,14
2023-05-09 21:10:08,ru2401P13000,ru2401P13000,645.0,0.0,0.0,0.0,1,555.0,1370.0,2,661.0,645.0,645.0,645.0,1.0,6450.0,14
2023-05-09 21:10:09,ru2401P13000,ru2401P13000,645.0,0.0,0.0,0.0,1,555.0,1369.0,1,661.0,645.0,645.0,645.0,1.0,6450.0,14
2023-05-09 21:10:09,ru2401P13000,ru2401P13000,645.0,0.0,0.0,0.0,1,555.0,1368.0,2,661.0,645.0,645.0,645.0,1.0,6450.0,14
2023-05-09 21:10:10,ru2401P13000,ru2401P13000,645.0,0.0,0.0,0.0,1,555.0,1368.0,2,661.0,645.0,645.0,645.0,1.0,6450.0,14
2023-05-09 21:10:10,ru2401P13000,ru2401P13000,645.0,0.0,0.0,0.0,1,555.0,1367.0,1,661.0,645.0,645.0,645.0,1.0,6450.0,14
2023-05-09 21:10:11,ru2401P13000,ru2401P13000,645.0,0.0,0.0,0.0,1,555.0,1366.0,2,661.0,645.0,645.0,645.0,1.0,6450.0,14
2023-05-09 21:10:11,ru2401P13000,ru2401P13000,645.0,0.0,0.0,0.0,1,555.0,1366.0,2,661.0,645.0,645.0,645.0,1.0,6450.0,14
2023-05-09 21:10:12,ru2401P13000,ru2401P13000,645.0,0.0,0.0,0.0,1,555.0,1365.0,1,661.0,645.0,645.0,645.0,1.0,6450.0,14
2023-05-09 21:10:12,ru2401P13000,ru2401P13000,645.0,0.0,0.0,0.0,1,555.0,1364.0,2,661.0,645.0,645.0,645.0,1.0,6450.0,14
2023-05-09 21:10:13,ru2401P13000,ru2401P13000,645.0,0.0,0.0,0.0,1,555.0,1364.0,2,661.0,645.0,645.0,645.0,1.0,6450.0,14
2023-05-09 21:10:13,ru2401P13000,ru2401P13000,645.0,0.0,0.0,0.0,1,555.0,1363.0,1,661.0,645.0,645.0,645.0,1.0,6450.0,14
2023-05-09 21:10:14,ru2401P13000,ru2401P13000,645.0,0.0,0.0,0.0,1,555.0,1362.0,2,661.0,645.0,645.0,645.0,1.0,6450.0,14
2023-05-09 21:10:14,ru2401P13000,ru2401P13000,645.0,0.0,0.0,0.0,1,555.0,1362.0,2,661.0,645.0,645.0,645.0,1.0,6450.0,14
2023-05-09 21:10:15,ru2401P13000,ru2401P13000,645.0,0.0,0.0,0.0,1,555.0,1361.0,1,661.0,645.0,645.0,645.0,1.0,6450.0,14
2023-05-09 21:10:15,ru2401P13000,ru2401P13000,645.0,0.0,0.0,0.0,1,555.0,1360.0,2,661.0,645.0,645.0,645.0,1.0,6450.0,14
2023-05-09 21:10:16,ru2401P13000,ru2401P13000,645.0,0.0,0.0,0.0,1,555.0,1360.0,2,661.0,645.0,645.0,645.0,1.0,6450.0,14
2023-05-09 21:10:16,ru2401P13000,ru2401P13000,645.0,0.0,0.0,0.0,1,555.0,1359.0,1,661.0,645.0,645.0,645.0,1.0,6450.0,14
2023-05-09 21:10:17,ru2401P13000,ru2401P13000,645.0,0.0,0.0,0.0,1,555.0,1358.0,2,661.0,645.0,645.0,645.0,1.0,6450.0,14
2023-05-09 21:10:17,ru2401P13000,ru2401P13000,645.0,0.0,0.0,0.0,1,555.0,1358.0,2,661.0,645.0,645.0,645.0,1.0,6450.0,14
2023-05-09 21:10:18,ru2401P13000,ru2401P13000,645.0,0.0,0.0,0.0,1,555.0,1357.0,1,661.0,645.0,645.0,645.0,1.0,6450.0,14
2023-05-09 21:10:18,ru2401P13000,ru2401P13000,645.0,0.0,0.0,0.0,1,555.0,1356.0,2,661.0,645.0,645.0,645.0,1.0,6450.0,14
2023-05-09 21:10:19,ru2401P13000,ru2401P13000,645.0,0.0,0.0,0.0,1,555.0,1356.0,2,661.0,645.0,645.0,645.0,1.0,6450.0,14
2023-05-09 21:10:19,ru2401P13000,ru2401P13000,645.0,0.0,0.0,0.0,1,555.0,1355.0,1,661.0,645.0,645.0,645.0,1.0,6450.0,14
2023-05-09 21:10:20,ru2401P13000,ru2401P13000,645.0,0.0,0.0,0.0,1,555.0,1354.0,2,661.0,645.0,645.0,645.0,1.0,6450.0,14
2023-05-09 21:10:20,ru2401P13000,ru2401P13000,645.0,0.0,0.0,0.0,1,555.0,1354.0,2,661.0,645.0,645.0,645.0,1.0,6450.0,14
