time,symbol_id,symbol_name,last,trade_volume,trade_amount,open_interest_change,bv1,bp1,ap1,av1,yesterday_close,today_open,today_high,today_low,volume,amount,open_interest
2023-05-09 20:59:00,ru2401C13000,ru2401C13000,753.0,0.0,0.0,0.0,3,230.0,0.0,0,753.0,904.0,0.0,0.0,0.0,0.0,13
2023-05-09 21:00:08,ru2401C13000,ru2401C13000,753.0,0.0,0.0,0.0,1,231.0,0.0,0,753.0,904.0,0.0,0.0,0.0,0.0,13
2023-05-09 21:00:10,ru2401C13000,ru2401C13000,753.0,0.0,0.0,0.0,1,231.0,0.0,0,753.0,904.0,0.0,0.0,0.0,0.0,13
2023-05-09 21:00:19,ru2401C13000,ru2401C13000,753.0,0.0,0.0,0.0,1,231.0,0.0,0,753.0,904.0,0.0,0.0,0.0,0.0,13
2023-05-09 21:01:12,ru2401C13000,ru2401C13000,753.0,0.0,0.0,0.0,2,244.0,0.0,0,753.0,904.0,0.0,0.0,0.0,0.0,13
2023-05-09 21:01:13,ru2401C13000,ru2401C13000,753.0,0.0,0.0,0.0,2,244.0,0.0,0,753.0,904.0,0.0,0.0,0.0,0.0,13
2023-05-09 21:01:13,ru2401C13000,ru2401C13000,753.0,0.0,0.0,0.0,1,245.0,0.0,0,753.0,904.0,0.0,0.0,0.0,0.0,13
2023-05-09 21:01:14,ru2401C13000,ru2401C13000,753.0,0.0,0.0,0.0,2,258.0,0.0,0,753.0,904.0,0.0,0.0,0.0,0.0,13
2023-05-09 21:01:15,ru2401C13000,ru2401C13000,753.0,0.0,0.0,0.0,2,258.0,0.0,0,753.0,904.0,0.0,0.0,0.0,0.0,13
2023-05-09 21:01:15,ru2401C13000,ru2401C13000,753.0,0.0,0.0,0.0,1,259.0,0.0,0,753.0,904.0,0.0,0.0,0.0,0.0,13
2023-05-09 21:01:16,ru2401C13000,ru2401C13000,753.0,0.0,0.0,0.0,2,272.0,0.0,0,753.0,904.0,0.0,0.0,0.0,0.0,13
2023-05-09 21:01:17,ru2401C13000,ru2401C13000,753.0,0.0,0.0,0.0,2,272.0,0.0,0,753.0,904.0,0.0,0.0,0.0,0.0,13
2023-05-09 21:01:17,ru2401C13000,ru2401C13000,753.0,0.0,0.0,0.0,1,273.0,0.0,0,753.0,904.0,0.0,0.0,0.0,0.0,13
2023-05-09 21:01:22,ru2401C13000,ru2401C13000,753.0,0.0,0.0,0.0,2,286.0,0.0,0,753.0,904.0,0.0,0.0,0.0,0.0,13
2023-05-09 21:01:22,ru2401C13000,ru2401C13000,753.0,0.0,0.0,0.0,2,286.0,0.0,0,753.0,904.0,0.0,0.0,0.0,0.0,13
2023-05-09 21:01:23,ru2401C13000,ru2401C13000,753.0,0.0,0.0,0.0,1,287.0,0.0,0,753.0,904.0,0.0,0.0,0.0,0.0,13
2023-05-09 21:01:24,ru2401C13000,ru2401C13000,753.0,0.0,0.0,0.0,2,300.0,0.0,0,753.0,904.0,0.0,0.0,0.0,0.0,13
2023-05-09 21:01:24,ru2401C13000,ru2401C13000,753.0,0.0,0.0,0.0,2,300.0,0.0,0,753.0,904.0,0.0,0.0,0.0,0.0,13
2023-05-09 21:01:25,ru2401C13000,ru2401C13000,753.0,0.0,0.0,0.0,1,301.0,0.0,0,753.0,904.0,0.0,0.0,0.0,0.0,13
2023-05-09 21:01:25,ru2401C13000,ru2401C13000,753.0,0.0,0.0,0.0,1,301.0,0.0,0,753.0,904.0,0.0,0.0,0.0,0.0,13
2023-05-09 21:01:26,ru2401C13000,ru2401C13000,753.0,0.0,0.0,0.0,2,314.0,0.0,0,753.0,904.0,0.0,0.0,0.0,0.0,13
2023-05-09 21:01:26,ru2401C13000,ru2401C13000,753.0,0.0,0.0,0.0,2,314.0,0.0,0,753.0,904.0,0.0,0.0,0.0,0.0,13
2023-05-09 21:01:27,ru2401C13000,ru2401C13000,753.0,0.0,0.0,0.0,1,315.0,0.0,0,753.0,904.0,0.0,0.0,0.0,0.0,13
2023-05-09 21:01:31,ru2401C13000,ru2401C13000,753.0,0.0,0.0,0.0,2,328.0,0.0,0,753.0,904.0,0.0,0.0,0.0,0.0,13
2023-05-09 21:01:32,ru2401C13000,ru2401C13000,753.0,0.0,0.0,0.0,2,328.0,0.0,0,753.0,904.0,0.0,0.0,0.0,0.0,13
2023-05-09 21:01:32,ru2401C13000,ru2401C13000,753.0,0.0,0.0,0.0,1,329.0,0.0,0,753.0,904.0,0.0,0.0,0.0,0.0,13
2023-05-09 21:01:37,ru2401C13000,ru2401C13000,753.0,0.0,0.0,0.0,1,329.0,0.0,0,753.0,904.0,0.0,0.0,0.0,0.0,13
2023-05-09 21:01:38,ru2401C13000,ru2401C13000,753.0,0.0,0.0,0.0,2,342.0,0.0,0,753.0,904.0,0.0,0.0,0.0,0.0,13
2023-05-09 21:01:38,ru2401C13000,ru2401C13000,753.0,0.0,0.0,0.0,2,342.0,0.0,0,753.0,904.0,0.0,0.0,0.0,0.0,13
2023-05-09 21:01:39,ru2401C13000,ru2401C13000,753.0,0.0,0.0,0.0,1,343.0,0.0,0,753.0,904.0,0.0,0.0,0.0,0.0,13
2023-05-09 21:01:39,ru2401C13000,ru2401C13000,753.0,0.0,0.0,0.0,1,343.0,0.0,0,753.0,904.0,0.0,0.0,0.0,0.0,13
2023-05-09 21:01:40,ru2401C13000,ru2401C13000,753.0,0.0,0.0,0.0,2,356.0,0.0,0,753.0,904.0,0.0,0.0,0.0,0.0,13
2023-05-09 21:01:40,ru2401C13000,ru2401C13000,753.0,0.0,0.0,0.0,2,356.0,0.0,0,753.0,904.0,0.0,0.0,0.0,0.0,13
2023-05-09 21:01:41,ru2401C13000,ru2401C13000,753.0,0.0,0.0,0.0,1,357.0,0.0,0,753.0,904.0,0.0,0.0,0.0,0.0,13
2023-05-09 21:01:44,ru2401C13000,ru2401C13000,753.0,0.0,0.0,0.0,2,370.0,0.0,0,753.0,904.0,0.0,0.0,0.0,0.0,13
2023-05-09 21:01:44,ru2401C13000,ru2401C13000,753.0,0.0,0.0,0.0,2,370.0,0.0,0,753.0,904.0,0.0,0.0,0.0,0.0,13
2023-05-09 21:01:45,ru2401C13000,ru2401C13000,753.0,0.0,0.0,0.0,1,371.0,0.0,0,753.0,904.0,0.0,0.0,0.0,0.0,13
2023-05-09 21:01:57,ru2401C13000,ru2401C13000,753.0,0.0,0.0,0.0,2,384.0,0.0,0,753.0,904.0,0.0,0.0,0.0,0.0,13
2023-05-09 21:01:57,ru2401C13000,ru2401C13000,753.0,0.0,0.0,0.0,2,384.0,0.0,0,753.0,904.0,0.0,0.0,0.0,0.0,13
2023-05-09 21:01:58,ru2401C13000,ru2401C13000,753.0,0.0,0.0,0.0,1,385.0,0.0,0,753.0,904.0,0.0,0.0,0.0,0.0,13
2023-05-09 21:01:59,ru2401C13000,ru2401C13000,753.0,0.0,0.0,0.0,2,392.0,0.0,0,753.0,904.0,0.0,0.0,0.0,0.0,13
2023-05-09 21:01:59,ru2401C13000,ru2401C13000,753.0,0.0,0.0,0.0,2,392.0,0.0,0,753.0,904.0,0.0,0.0,0.0,0.0,13
2023-05-09 21:02:00,ru2401C13000,ru2401C13000,753.0,0.0,0.0,0.0,1,393.0,0.0,0,753.0,904.0,0.0,0.0,0.0,0.0,13
2023-05-09 21:02:00,ru2401C13000,ru2401C13000,753.0,0.0,0.0,0.0,1,393.0,0.0,0,753.0,904.0,0.0,0.0,0.0,0.0,13
2023-05-09 21:02:01,ru2401C13000,ru2401C13000,753.0,0.0,0.0,0.0,2,400.0,0.0,0,753.0,904.0,0.0,0.0,0.0,0.0,13
2023-05-09 21:02:01,ru2401C13000,ru2401C13000,753.0,0.0,0.0,0.0,2,400.0,0.0,0,753.0,904.0,0.0,0.0,0.0,0.0,13
2023-05-09 21:02:02,ru2401C13000,ru2401C13000,753.0,0.0,0.0,0.0,1,401.0,0.0,0,753.0,904.0,0.0,0.0,0.0,0.0,13
2023-05-09 21:02:02,ru2401C13000,ru2401C13000,753.0,0.0,0.0,0.0,1,401.0,0.0,0,753.0,904.0,0.0,0.0,0.0,0.0,13
2023-05-09 21:02:03,ru2401C13000,ru2401C13000,753.0,0.0,0.0,0.0,2,402.0,0.0,0,753.0,904.0,0.0,0.0,0.0,0.0,13
2023-05-09 21:02:03,ru2401C13000,ru2401C13000,753.0,0.0,0.0,0.0,2,402.0,0.0,0,753.0,904.0,0.0,0.0,0.0,0.0,13
2023-05-09 21:02:04,ru2401C13000,ru2401C13000,753.0,0.0,0.0,0.0,1,403.0,0.0,0,753.0,904.0,0.0,0.0,0.0,0.0,13
2023-05-09 21:02:05,ru2401C13000,ru2401C13000,753.0,0.0,0.0,0.0,2,404.0,0.0,0,753.0,904.0,0.0,0.0,0.0,0.0,13
2023-05-09 21:02:05,ru2401C13000,ru2401C13000,753.0,0.0,0.0,0.0,2,404.0,0.0,0,753.0,904.0,0.0,0.0,0.0,0.0,13
2023-05-09 21:02:06,ru2401C13000,ru2401C13000,753.0,0.0,0.0,0.0,1,405.0,0.0,0,753.0,904.0,0.0,0.0,0.0,0.0,13
2023-05-09 21:02:07,ru2401C13000,ru2401C13000,753.0,0.0,0.0,0.0,2,406.0,0.0,0,753.0,904.0,0.0,0.0,0.0,0.0,13
2023-05-09 21:02:07,ru2401C13000,ru2401C13000,753.0,0.0,0.0,0.0,2,406.0,0.0,0,753.0,904.0,0.0,0.0,0.0,0.0,13
2023-05-09 21:02:08,ru2401C13000,ru2401C13000,753.0,0.0,0.0,0.0,1,407.0,0.0,0,753.0,904.0,0.0,0.0,0.0,0.0,13
2023-05-09 21:02:08,ru2401C13000,ru2401C13000,753.0,0.0,0.0,0.0,1,407.0,0.0,0,753.0,904.0,0.0,0.0,0.0,0.0,13
2023-05-09 21:02:09,ru2401C13000,ru2401C13000,753.0,0.0,0.0,0.0,2,408.0,0.0,0,753.0,904.0,0.0,0.0,0.0,0.0,13
2023-05-09 21:02:09,ru2401C13000,ru2401C13000,753.0,0.0,0.0,0.0,2,408.0,0.0,0,753.0,904.0,0.0,0.0,0.0,0.0,13
2023-05-09 21:02:10,ru2401C13000,ru2401C13000,753.0,0.0,0.0,0.0,1,409.0,0.0,0,753.0,904.0,0.0,0.0,0.0,0.0,13
2023-05-09 21:02:10,ru2401C13000,ru2401C13000,753.0,0.0,0.0,0.0,1,409.0,0.0,0,753.0,904.0,0.0,0.0,0.0,0.0,13
2023-05-09 21:03:30,ru2401C13000,ru2401C13000,753.0,0.0,0.0,0.0,1,740.0,779.0,1,753.0,904.0,0.0,0.0,0.0,0.0,13
2023-05-09 21:03:31,ru2401C13000,ru2401C13000,753.0,0.0,0.0,0.0,1,740.0,779.0,1,753.0,904.0,0.0,0.0,0.0,0.0,13
2023-05-09 21:03:34,ru2401C13000,ru2401C13000,753.0,0.0,0.0,0.0,2,740.0,779.0,2,753.0,904.0,0.0,0.0,0.0,0.0,13
2023-05-09 21:03:35,ru2401C13000,ru2401C13000,753.0,0.0,0.0,0.0,2,740.0,779.0,2,753.0,904.0,0.0,0.0,0.0,0.0,13
2023-05-09 21:03:36,ru2401C13000,ru2401C13000,753.0,0.0,0.0,0.0,2,740.0,779.0,2,753.0,904.0,0.0,0.0,0.0,0.0,13
2023-05-09 21:03:39,ru2401C13000,ru2401C13000,753.0,0.0,0.0,0.0,3,740.0,779.0,3,753.0,904.0,0.0,0.0,0.0,0.0,13
2023-05-09 21:03:43,ru2401C13000,ru2401C13000,753.0,0.0,0.0,0.0,2,740.0,779.0,2,753.0,904.0,0.0,0.0,0.0,0.0,13
2023-05-09 21:03:47,ru2401C13000,ru2401C13000,753.0,0.0,0.0,0.0,2,740.0,779.0,2,753.0,904.0,0.0,0.0,0.0,0.0,13
2023-05-09 21:03:48,ru2401C13000,ru2401C13000,753.0,0.0,0.0,0.0,2,740.0,779.0,2,753.0,904.0,0.0,0.0,0.0,0.0,13
2023-05-09 21:03:49,ru2401C13000,ru2401C13000,753.0,0.0,0.0,0.0,1,740.0,779.0,1,753.0,904.0,0.0,0.0,0.0,0.0,13
2023-05-09 21:03:50,ru2401C13000,ru2401C13000,753.0,0.0,0.0,0.0,3,230.0,0.0,0,753.0,904.0,0.0,0.0,0.0,0.0,13
2023-05-09 21:03:50,ru2401C13000,ru2401C13000,753.0,0.0,0.0,0.0,2,243.0,0.0,0,753.0,904.0,0.0,0.0,0.0,0.0,13
2023-05-09 21:03:51,ru2401C13000,ru2401C13000,753.0,0.0,0.0,0.0,2,243.0,0.0,0,753.0,904.0,0.0,0.0,0.0,0.0,13
2023-05-09 21:03:51,ru2401C13000,ru2401C13000,753.0,0.0,0.0,0.0,1,244.0,0.0,0,753.0,904.0,0.0,0.0,0.0,0.0,13
2023-05-09 21:03:52,ru2401C13000,ru2401C13000,753.0,0.0,0.0,0.0,2,257.0,0.0,0,753.0,904.0,0.0,0.0,0.0,0.0,13
2023-05-09 21:03:52,ru2401C13000,ru2401C13000,753.0,0.0,0.0,0.0,2,257.0,0.0,0,753.0,904.0,0.0,0.0,0.0,0.0,13
2023-05-09 21:03:53,ru2401C13000,ru2401C13000,753.0,0.0,0.0,0.0,1,258.0,0.0,0,753.0,904.0,0.0,0.0,0.0,0.0,13
2023-05-09 21:03:53,ru2401C13000,ru2401C13000,753.0,0.0,0.0,0.0,2,271.0,0.0,0,753.0,904.0,0.0,0.0,0.0,0.0,13
2023-05-09 21:03:54,ru2401C13000,ru2401C13000,753.0,0.0,0.0,0.0,2,271.0,0.0,0,753.0,904.0,0.0,0.0,0.0,0.0,13
2023-05-09 21:03:54,ru2401C13000,ru2401C13000,753.0,0.0,0.0,0.0,1,272.0,0.0,0,753.0,904.0,0.0,0.0,0.0,0.0,13
2023-05-09 21:03:55,ru2401C13000,ru2401C13000,753.0,0.0,0.0,0.0,2,285.0,0.0,0,753.0,904.0,0.0,0.0,0.0,0.0,13
2023-05-09 21:03:55,ru2401C13000,ru2401C13000,753.0,0.0,0.0,0.0,2,285.0,0.0,0,753.0,904.0,0.0,0.0,0.0,0.0,13
2023-05-09 21:03:56,ru2401C13000,ru2401C13000,753.0,0.0,0.0,0.0,1,286.0,0.0,0,753.0,904.0,0.0,0.0,0.0,0.0,13
2023-05-09 21:03:56,ru2401C13000,ru2401C13000,753.0,0.0,0.0,0.0,2,299.0,0.0,0,753.0,904.0,0.0,0.0,0.0,0.0,13
2023-05-09 21:03:57,ru2401C13000,ru2401C13000,753.0,0.0,0.0,0.0,2,300.0,1900.0,2,753.0,904.0,0.0,0.0,0.0,0.0,13
2023-05-09 21:03:57,ru2401C13000,ru2401C13000,753.0,0.0,0.0,0.0,1,301.0,1899.0,1,753.0,904.0,0.0,0.0,0.0,0.0,13
2023-05-09 21:03:58,ru2401C13000,ru2401C13000,753.0,0.0,0.0,0.0,2,314.0,1898.0,2,753.0,904.0,0.0,0.0,0.0,0.0,13
2023-05-09 21:03:58,ru2401C13000,ru2401C13000,753.0,0.0,0.0,0.0,2,315.0,1898.0,2,753.0,904.0,0.0,0.0,0.0,0.0,13
2023-05-09 21:03:59,ru2401C13000,ru2401C13000,753.0,0.0,0.0,0.0,2,328.0,1897.0,1,753.0,904.0,0.0,0.0,0.0,0.0,13
2023-05-09 21:03:59,ru2401C13000,ru2401C13000,753.0,0.0,0.0,0.0,2,329.0,1896.0,2,753.0,904.0,0.0,0.0,0.0,0.0,13
2023-05-09 21:04:00,ru2401C13000,ru2401C13000,753.0,0.0,0.0,0.0,1,330.0,1896.0,2,753.0,904.0,0.0,0.0,0.0,0.0,13
2023-05-09 21:04:00,ru2401C13000,ru2401C13000,753.0,0.0,0.0,0.0,2,343.0,1895.0,1,753.0,904.0,0.0,0.0,0.0,0.0,13
2023-05-09 21:04:01,ru2401C13000,ru2401C13000,753.0,0.0,0.0,0.0,2,344.0,1894.0,2,753.0,904.0,0.0,0.0,0.0,0.0,13
2023-05-09 21:04:01,ru2401C13000,ru2401C13000,753.0,0.0,0.0,0.0,1,345.0,1894.0,2,753.0,904.0,0.0,0.0,0.0,0.0,13
2023-05-09 21:04:02,ru2401C13000,ru2401C13000,753.0,0.0,0.0,0.0,2,358.0,1893.0,1,753.0,904.0,0.0,0.0,0.0,0.0,13
2023-05-09 21:04:02,ru2401C13000,ru2401C13000,753.0,0.0,0.0,0.0,2,359.0,1892.0,2,753.0,904.0,0.0,0.0,0.0,0.0,13
2023-05-09 21:04:03,ru2401C13000,ru2401C13000,753.0,0.0,0.0,0.0,2,372.0,1892.0,2,753.0,904.0,0.0,0.0,0.0,0.0,13
2023-05-09 21:04:03,ru2401C13000,ru2401C13000,753.0,0.0,0.0,0.0,2,373.0,1891.0,1,753.0,904.0,0.0,0.0,0.0,0.0,13
2023-05-09 21:04:04,ru2401C13000,ru2401C13000,753.0,0.0,0.0,0.0,1,374.0,1890.0,2,753.0,904.0,0.0,0.0,0.0,0.0,13
2023-05-09 21:04:04,ru2401C13000,ru2401C13000,753.0,0.0,0.0,0.0,2,386.0,1890.0,2,753.0,904.0,0.0,0.0,0.0,0.0,13
2023-05-09 21:04:05,ru2401C13000,ru2401C13000,753.0,0.0,0.0,0.0,2,387.0,1889.0,1,753.0,904.0,0.0,0.0,0.0,0.0,13
2023-05-09 21:04:05,ru2401C13000,ru2401C13000,753.0,0.0,0.0,0.0,2,394.0,1888.0,2,753.0,904.0,0.0,0.0,0.0,0.0,13
2023-05-09 21:04:06,ru2401C13000,ru2401C13000,753.0,0.0,0.0,0.0,2,395.0,1888.0,2,753.0,904.0,0.0,0.0,0.0,0.0,13
2023-05-09 21:04:06,ru2401C13000,ru2401C13000,753.0,0.0,0.0,0.0,1,396.0,1887.0,1,753.0,904.0,0.0,0.0,0.0,0.0,13
2023-05-09 21:04:07,ru2401C13000,ru2401C13000,753.0,0.0,0.0,0.0,4,397.0,1886.0,2,753.0,904.0,0.0,0.0,0.0,0.0,13
2023-05-09 21:04:07,ru2401C13000,ru2401C13000,753.0,0.0,0.0,0.0,2,398.0,1886.0,2,753.0,904.0,0.0,0.0,0.0,0.0,13
2023-05-09 21:04:08,ru2401C13000,ru2401C13000,753.0,0.0,0.0,0.0,3,399.0,1885.0,1,753.0,904.0,0.0,0.0,0.0,0.0,13
2023-05-09 21:04:08,ru2401C13000,ru2401C13000,753.0,0.0,0.0,0.0,2,400.0,1884.0,2,753.0,904.0,0.0,0.0,0.0,0.0,13
2023-05-09 21:04:09,ru2401C13000,ru2401C13000,753.0,0.0,0.0,0.0,2,400.0,1884.0,2,753.0,904.0,0.0,0.0,0.0,0.0,13
2023-05-09 21:04:09,ru2401C13000,ru2401C13000,753.0,0.0,0.0,0.0,3,401.0,1883.0,1,753.0,904.0,0.0,0.0,0.0,0.0,13
2023-05-09 21:04:10,ru2401C13000,ru2401C13000,753.0,0.0,0.0,0.0,2,402.0,1882.0,2,753.0,904.0,0.0,0.0,0.0,0.0,13
2023-05-09 21:04:10,ru2401C13000,ru2401C13000,753.0,0.0,0.0,0.0,2,403.0,1882.0,2,753.0,904.0,0.0,0.0,0.0,0.0,13
2023-05-09 21:04:11,ru2401C13000,ru2401C13000,753.0,0.0,0.0,0.0,3,404.0,1881.0,1,753.0,904.0,0.0,0.0,0.0,0.0,13
2023-05-09 21:04:11,ru2401C13000,ru2401C13000,753.0,0.0,0.0,0.0,2,405.0,1880.0,2,753.0,904.0,0.0,0.0,0.0,0.0,13
2023-05-09 21:04:12,ru2401C13000,ru2401C13000,753.0,0.0,0.0,0.0,2,406.0,1880.0,2,753.0,904.0,0.0,0.0,0.0,0.0,13
2023-05-09 21:04:12,ru2401C13000,ru2401C13000,753.0,0.0,0.0,0.0,3,407.0,1879.0,1,753.0,904.0,0.0,0.0,0.0,0.0,13
2023-05-09 21:04:13,ru2401C13000,ru2401C13000,753.0,0.0,0.0,0.0,4,408.0,1878.0,2,753.0,904.0,0.0,0.0,0.0,0.0,13
2023-05-09 21:04:13,ru2401C13000,ru2401C13000,753.0,0.0,0.0,0.0,2,409.0,1878.0,2,753.0,904.0,0.0,0.0,0.0,0.0,13
2023-05-09 21:04:14,ru2401C13000,ru2401C13000,753.0,0.0,0.0,0.0,1,410.0,1877.0,1,753.0,904.0,0.0,0.0,0.0,0.0,13
2023-05-09 21:04:14,ru2401C13000,ru2401C13000,753.0,0.0,0.0,0.0,2,411.0,1876.0,2,753.0,904.0,0.0,0.0,0.0,0.0,13
2023-05-09 21:04:15,ru2401C13000,ru2401C13000,753.0,0.0,0.0,0.0,2,411.0,1876.0,2,753.0,904.0,0.0,0.0,0.0,0.0,13
2023-05-09 21:04:15,ru2401C13000,ru2401C13000,753.0,0.0,0.0,0.0,1,412.0,1875.0,1,753.0,904.0,0.0,0.0,0.0,0.0,13
2023-05-09 21:04:16,ru2401C13000,ru2401C13000,753.0,0.0,0.0,0.0,2,413.0,1874.0,2,753.0,904.0,0.0,0.0,0.0,0.0,13
2023-05-09 21:04:16,ru2401C13000,ru2401C13000,753.0,0.0,0.0,0.0,2,413.0,1874.0,2,753.0,904.0,0.0,0.0,0.0,0.0,13
2023-05-09 21:04:17,ru2401C13000,ru2401C13000,753.0,0.0,0.0,0.0,1,414.0,1873.0,1,753.0,904.0,0.0,0.0,0.0,0.0,13
2023-05-09 21:04:17,ru2401C13000,ru2401C13000,753.0,0.0,0.0,0.0,2,415.0,1872.0,2,753.0,904.0,0.0,0.0,0.0,0.0,13
2023-05-09 21:04:18,ru2401C13000,ru2401C13000,753.0,0.0,0.0,0.0,2,415.0,1872.0,2,753.0,904.0,0.0,0.0,0.0,0.0,13
2023-05-09 21:04:18,ru2401C13000,ru2401C13000,753.0,0.0,0.0,0.0,1,416.0,1871.0,1,753.0,904.0,0.0,0.0,0.0,0.0,13
2023-05-09 21:04:19,ru2401C13000,ru2401C13000,753.0,0.0,0.0,0.0,2,417.0,1870.0,2,753.0,904.0,0.0,0.0,0.0,0.0,13
2023-05-09 21:04:19,ru2401C13000,ru2401C13000,753.0,0.0,0.0,0.0,2,417.0,1870.0,2,753.0,904.0,0.0,0.0,0.0,0.0,13
2023-05-09 21:04:20,ru2401C13000,ru2401C13000,753.0,0.0,0.0,0.0,1,418.0,1869.0,1,753.0,904.0,0.0,0.0,0.0,0.0,13
2023-05-09 21:04:20,ru2401C13000,ru2401C13000,753.0,0.0,0.0,0.0,2,419.0,1868.0,2,753.0,904.0,0.0,0.0,0.0,0.0,13
2023-05-09 21:04:21,ru2401C13000,ru2401C13000,753.0,0.0,0.0,0.0,2,419.0,1868.0,2,753.0,904.0,0.0,0.0,0.0,0.0,13
2023-05-09 21:04:21,ru2401C13000,ru2401C13000,753.0,0.0,0.0,0.0,1,420.0,1867.0,1,753.0,904.0,0.0,0.0,0.0,0.0,13
2023-05-09 21:04:22,ru2401C13000,ru2401C13000,753.0,0.0,0.0,0.0,2,421.0,1866.0,2,753.0,904.0,0.0,0.0,0.0,0.0,13
2023-05-09 21:04:22,ru2401C13000,ru2401C13000,753.0,0.0,0.0,0.0,2,421.0,1866.0,2,753.0,904.0,0.0,0.0,0.0,0.0,13
2023-05-09 21:04:23,ru2401C13000,ru2401C13000,753.0,0.0,0.0,0.0,1,422.0,1865.0,1,753.0,904.0,0.0,0.0,0.0,0.0,13
2023-05-09 21:04:23,ru2401C13000,ru2401C13000,753.0,0.0,0.0,0.0,2,423.0,1864.0,2,753.0,904.0,0.0,0.0,0.0,0.0,13
2023-05-09 21:04:24,ru2401C13000,ru2401C13000,753.0,0.0,0.0,0.0,2,423.0,1864.0,2,753.0,904.0,0.0,0.0,0.0,0.0,13
2023-05-09 21:04:24,ru2401C13000,ru2401C13000,753.0,0.0,0.0,0.0,1,424.0,1863.0,1,753.0,904.0,0.0,0.0,0.0,0.0,13
2023-05-09 21:04:25,ru2401C13000,ru2401C13000,753.0,0.0,0.0,0.0,2,425.0,1862.0,2,753.0,904.0,0.0,0.0,0.0,0.0,13
2023-05-09 21:04:25,ru2401C13000,ru2401C13000,753.0,0.0,0.0,0.0,2,425.0,1862.0,2,753.0,904.0,0.0,0.0,0.0,0.0,13
2023-05-09 21:04:26,ru2401C13000,ru2401C13000,753.0,0.0,0.0,0.0,1,426.0,1861.0,1,753.0,904.0,0.0,0.0,0.0,0.0,13
2023-05-09 21:04:26,ru2401C13000,ru2401C13000,753.0,0.0,0.0,0.0,2,427.0,1860.0,2,753.0,904.0,0.0,0.0,0.0,0.0,13
2023-05-09 21:04:27,ru2401C13000,ru2401C13000,753.0,0.0,0.0,0.0,2,427.0,1860.0,2,753.0,904.0,0.0,0.0,0.0,0.0,13
2023-05-09 21:04:27,ru2401C13000,ru2401C13000,753.0,0.0,0.0,0.0,1,428.0,1859.0,1,753.0,904.0,0.0,0.0,0.0,0.0,13
2023-05-09 21:04:28,ru2401C13000,ru2401C13000,753.0,0.0,0.0,0.0,2,429.0,1858.0,2,753.0,904.0,0.0,0.0,0.0,0.0,13
2023-05-09 21:04:28,ru2401C13000,ru2401C13000,753.0,0.0,0.0,0.0,2,429.0,1858.0,2,753.0,904.0,0.0,0.0,0.0,0.0,13
2023-05-09 21:04:29,ru2401C13000,ru2401C13000,753.0,0.0,0.0,0.0,1,430.0,1857.0,1,753.0,904.0,0.0,0.0,0.0,0.0,13
2023-05-09 21:04:29,ru2401C13000,ru2401C13000,753.0,0.0,0.0,0.0,2,431.0,1856.0,2,753.0,904.0,0.0,0.0,0.0,0.0,13
2023-05-09 21:04:30,ru2401C13000,ru2401C13000,753.0,0.0,0.0,0.0,2,431.0,1856.0,2,753.0,904.0,0.0,0.0,0.0,0.0,13
2023-05-09 21:04:30,ru2401C13000,ru2401C13000,753.0,0.0,0.0,0.0,1,432.0,1855.0,1,753.0,904.0,0.0,0.0,0.0,0.0,13
2023-05-09 21:04:31,ru2401C13000,ru2401C13000,753.0,0.0,0.0,0.0,2,433.0,1854.0,2,753.0,904.0,0.0,0.0,0.0,0.0,13
2023-05-09 21:04:31,ru2401C13000,ru2401C13000,753.0,0.0,0.0,0.0,2,433.0,1854.0,2,753.0,904.0,0.0,0.0,0.0,0.0,13
2023-05-09 21:04:32,ru2401C13000,ru2401C13000,753.0,0.0,0.0,0.0,1,434.0,1853.0,1,753.0,904.0,0.0,0.0,0.0,0.0,13
2023-05-09 21:04:32,ru2401C13000,ru2401C13000,753.0,0.0,0.0,0.0,2,435.0,1852.0,2,753.0,904.0,0.0,0.0,0.0,0.0,13
2023-05-09 21:04:33,ru2401C13000,ru2401C13000,753.0,0.0,0.0,0.0,2,435.0,1852.0,2,753.0,904.0,0.0,0.0,0.0,0.0,13
2023-05-09 21:04:33,ru2401C13000,ru2401C13000,753.0,0.0,0.0,0.0,1,436.0,1851.0,1,753.0,904.0,0.0,0.0,0.0,0.0,13
2023-05-09 21:04:34,ru2401C13000,ru2401C13000,753.0,0.0,0.0,0.0,2,437.0,1850.0,2,753.0,904.0,0.0,0.0,0.0,0.0,13
2023-05-09 21:04:34,ru2401C13000,ru2401C13000,753.0,0.0,0.0,0.0,2,437.0,1850.0,2,753.0,904.0,0.0,0.0,0.0,0.0,13
2023-05-09 21:04:35,ru2401C13000,ru2401C13000,753.0,0.0,0.0,0.0,1,438.0,1849.0,1,753.0,904.0,0.0,0.0,0.0,0.0,13
2023-05-09 21:04:35,ru2401C13000,ru2401C13000,753.0,0.0,0.0,0.0,2,439.0,1848.0,2,753.0,904.0,0.0,0.0,0.0,0.0,13
2023-05-09 21:04:36,ru2401C13000,ru2401C13000,753.0,0.0,0.0,0.0,2,439.0,1848.0,2,753.0,904.0,0.0,0.0,0.0,0.0,13
2023-05-09 21:04:36,ru2401C13000,ru2401C13000,753.0,0.0,0.0,0.0,1,440.0,1847.0,1,753.0,904.0,0.0,0.0,0.0,0.0,13
2023-05-09 21:04:37,ru2401C13000,ru2401C13000,753.0,0.0,0.0,0.0,2,441.0,1846.0,2,753.0,904.0,0.0,0.0,0.0,0.0,13
2023-05-09 21:04:37,ru2401C13000,ru2401C13000,753.0,0.0,0.0,0.0,2,441.0,1846.0,2,753.0,904.0,0.0,0.0,0.0,0.0,13
2023-05-09 21:04:38,ru2401C13000,ru2401C13000,753.0,0.0,0.0,0.0,1,442.0,1845.0,1,753.0,904.0,0.0,0.0,0.0,0.0,13
2023-05-09 21:04:38,ru2401C13000,ru2401C13000,753.0,0.0,0.0,0.0,2,443.0,1844.0,2,753.0,904.0,0.0,0.0,0.0,0.0,13
2023-05-09 21:04:39,ru2401C13000,ru2401C13000,753.0,0.0,0.0,0.0,2,443.0,1844.0,2,753.0,904.0,0.0,0.0,0.0,0.0,13
2023-05-09 21:04:39,ru2401C13000,ru2401C13000,753.0,0.0,0.0,0.0,1,444.0,1843.0,1,753.0,904.0,0.0,0.0,0.0,0.0,13
2023-05-09 21:04:40,ru2401C13000,ru2401C13000,753.0,0.0,0.0,0.0,2,445.0,1842.0,2,753.0,904.0,0.0,0.0,0.0,0.0,13
2023-05-09 21:04:40,ru2401C13000,ru2401C13000,753.0,0.0,0.0,0.0,2,445.0,1842.0,2,753.0,904.0,0.0,0.0,0.0,0.0,13
2023-05-09 21:04:41,ru2401C13000,ru2401C13000,753.0,0.0,0.0,0.0,1,446.0,1841.0,1,753.0,904.0,0.0,0.0,0.0,0.0,13
2023-05-09 21:04:41,ru2401C13000,ru2401C13000,753.0,0.0,0.0,0.0,2,447.0,1840.0,2,753.0,904.0,0.0,0.0,0.0,0.0,13
2023-05-09 21:04:42,ru2401C13000,ru2401C13000,753.0,0.0,0.0,0.0,2,447.0,1840.0,2,753.0,904.0,0.0,0.0,0.0,0.0,13
2023-05-09 21:04:42,ru2401C13000,ru2401C13000,753.0,0.0,0.0,0.0,1,448.0,1839.0,1,753.0,904.0,0.0,0.0,0.0,0.0,13
2023-05-09 21:04:43,ru2401C13000,ru2401C13000,753.0,0.0,0.0,0.0,2,449.0,1838.0,2,753.0,904.0,0.0,0.0,0.0,0.0,13
2023-05-09 21:04:43,ru2401C13000,ru2401C13000,753.0,0.0,0.0,0.0,2,449.0,1838.0,2,753.0,904.0,0.0,0.0,0.0,0.0,13
2023-05-09 21:04:44,ru2401C13000,ru2401C13000,753.0,0.0,0.0,0.0,1,450.0,1837.0,1,753.0,904.0,0.0,0.0,0.0,0.0,13
2023-05-09 21:04:44,ru2401C13000,ru2401C13000,753.0,0.0,0.0,0.0,2,451.0,1836.0,2,753.0,904.0,0.0,0.0,0.0,0.0,13
2023-05-09 21:04:45,ru2401C13000,ru2401C13000,753.0,0.0,0.0,0.0,2,451.0,1836.0,2,753.0,904.0,0.0,0.0,0.0,0.0,13
2023-05-09 21:04:45,ru2401C13000,ru2401C13000,753.0,0.0,0.0,0.0,1,452.0,1835.0,1,753.0,904.0,0.0,0.0,0.0,0.0,13
2023-05-09 21:04:46,ru2401C13000,ru2401C13000,753.0,0.0,0.0,0.0,2,453.0,1834.0,2,753.0,904.0,0.0,0.0,0.0,0.0,13
2023-05-09 21:04:46,ru2401C13000,ru2401C13000,753.0,0.0,0.0,0.0,2,453.0,1834.0,2,753.0,904.0,0.0,0.0,0.0,0.0,13
2023-05-09 21:04:47,ru2401C13000,ru2401C13000,753.0,0.0,0.0,0.0,1,454.0,1833.0,1,753.0,904.0,0.0,0.0,0.0,0.0,13
2023-05-09 21:04:47,ru2401C13000,ru2401C13000,753.0,0.0,0.0,0.0,2,455.0,1832.0,2,753.0,904.0,0.0,0.0,0.0,0.0,13
2023-05-09 21:04:48,ru2401C13000,ru2401C13000,753.0,0.0,0.0,0.0,2,455.0,1832.0,2,753.0,904.0,0.0,0.0,0.0,0.0,13
2023-05-09 21:04:48,ru2401C13000,ru2401C13000,753.0,0.0,0.0,0.0,1,456.0,1831.0,1,753.0,904.0,0.0,0.0,0.0,0.0,13
2023-05-09 21:04:49,ru2401C13000,ru2401C13000,753.0,0.0,0.0,0.0,2,457.0,1830.0,2,753.0,904.0,0.0,0.0,0.0,0.0,13
2023-05-09 21:04:49,ru2401C13000,ru2401C13000,753.0,0.0,0.0,0.0,2,457.0,1830.0,2,753.0,904.0,0.0,0.0,0.0,0.0,13
2023-05-09 21:04:50,ru2401C13000,ru2401C13000,753.0,0.0,0.0,0.0,1,458.0,1829.0,1,753.0,904.0,0.0,0.0,0.0,0.0,13
2023-05-09 21:04:50,ru2401C13000,ru2401C13000,753.0,0.0,0.0,0.0,2,459.0,1828.0,2,753.0,904.0,0.0,0.0,0.0,0.0,13
2023-05-09 21:04:51,ru2401C13000,ru2401C13000,753.0,0.0,0.0,0.0,2,459.0,1828.0,2,753.0,904.0,0.0,0.0,0.0,0.0,13
2023-05-09 21:04:51,ru2401C13000,ru2401C13000,753.0,0.0,0.0,0.0,1,460.0,1827.0,1,753.0,904.0,0.0,0.0,0.0,0.0,13
2023-05-09 21:04:52,ru2401C13000,ru2401C13000,753.0,0.0,0.0,0.0,2,461.0,1826.0,2,753.0,904.0,0.0,0.0,0.0,0.0,13
2023-05-09 21:04:52,ru2401C13000,ru2401C13000,753.0,0.0,0.0,0.0,2,461.0,1826.0,2,753.0,904.0,0.0,0.0,0.0,0.0,13
2023-05-09 21:04:53,ru2401C13000,ru2401C13000,753.0,0.0,0.0,0.0,1,462.0,1825.0,1,753.0,904.0,0.0,0.0,0.0,0.0,13
2023-05-09 21:04:53,ru2401C13000,ru2401C13000,753.0,0.0,0.0,0.0,2,463.0,1824.0,2,753.0,904.0,0.0,0.0,0.0,0.0,13
2023-05-09 21:04:54,ru2401C13000,ru2401C13000,753.0,0.0,0.0,0.0,2,463.0,1824.0,2,753.0,904.0,0.0,0.0,0.0,0.0,13
2023-05-09 21:04:54,ru2401C13000,ru2401C13000,753.0,0.0,0.0,0.0,1,464.0,1823.0,1,753.0,904.0,0.0,0.0,0.0,0.0,13
2023-05-09 21:04:55,ru2401C13000,ru2401C13000,753.0,0.0,0.0,0.0,2,465.0,1822.0,2,753.0,904.0,0.0,0.0,0.0,0.0,13
2023-05-09 21:04:55,ru2401C13000,ru2401C13000,753.0,0.0,0.0,0.0,2,465.0,1822.0,2,753.0,904.0,0.0,0.0,0.0,0.0,13
2023-05-09 21:04:56,ru2401C13000,ru2401C13000,753.0,0.0,0.0,0.0,1,466.0,1821.0,1,753.0,904.0,0.0,0.0,0.0,0.0,13
2023-05-09 21:04:56,ru2401C13000,ru2401C13000,753.0,0.0,0.0,0.0,2,467.0,1820.0,2,753.0,904.0,0.0,0.0,0.0,0.0,13
2023-05-09 21:04:57,ru2401C13000,ru2401C13000,753.0,0.0,0.0,0.0,2,467.0,1820.0,2,753.0,904.0,0.0,0.0,0.0,0.0,13
2023-05-09 21:04:57,ru2401C13000,ru2401C13000,753.0,0.0,0.0,0.0,1,468.0,1819.0,1,753.0,904.0,0.0,0.0,0.0,0.0,13
2023-05-09 21:04:58,ru2401C13000,ru2401C13000,753.0,0.0,0.0,0.0,2,469.0,1818.0,2,753.0,904.0,0.0,0.0,0.0,0.0,13
2023-05-09 21:04:58,ru2401C13000,ru2401C13000,753.0,0.0,0.0,0.0,2,469.0,1818.0,2,753.0,904.0,0.0,0.0,0.0,0.0,13
2023-05-09 21:04:59,ru2401C13000,ru2401C13000,753.0,0.0,0.0,0.0,1,470.0,1817.0,1,753.0,904.0,0.0,0.0,0.0,0.0,13
2023-05-09 21:04:59,ru2401C13000,ru2401C13000,753.0,0.0,0.0,0.0,2,471.0,1816.0,2,753.0,904.0,0.0,0.0,0.0,0.0,13
2023-05-09 21:05:00,ru2401C13000,ru2401C13000,753.0,0.0,0.0,0.0,2,471.0,1816.0,2,753.0,904.0,0.0,0.0,0.0,0.0,13
2023-05-09 21:05:00,ru2401C13000,ru2401C13000,753.0,0.0,0.0,0.0,1,472.0,1815.0,1,753.0,904.0,0.0,0.0,0.0,0.0,13
2023-05-09 21:05:01,ru2401C13000,ru2401C13000,753.0,0.0,0.0,0.0,2,473.0,1814.0,2,753.0,904.0,0.0,0.0,0.0,0.0,13
2023-05-09 21:05:01,ru2401C13000,ru2401C13000,753.0,0.0,0.0,0.0,2,473.0,1814.0,2,753.0,904.0,0.0,0.0,0.0,0.0,13
2023-05-09 21:05:02,ru2401C13000,ru2401C13000,753.0,0.0,0.0,0.0,1,474.0,1813.0,1,753.0,904.0,0.0,0.0,0.0,0.0,13
2023-05-09 21:05:02,ru2401C13000,ru2401C13000,753.0,0.0,0.0,0.0,2,475.0,1812.0,2,753.0,904.0,0.0,0.0,0.0,0.0,13
2023-05-09 21:05:03,ru2401C13000,ru2401C13000,753.0,0.0,0.0,0.0,2,475.0,1812.0,2,753.0,904.0,0.0,0.0,0.0,0.0,13
2023-05-09 21:05:03,ru2401C13000,ru2401C13000,753.0,0.0,0.0,0.0,1,476.0,1811.0,1,753.0,904.0,0.0,0.0,0.0,0.0,13
2023-05-09 21:05:04,ru2401C13000,ru2401C13000,753.0,0.0,0.0,0.0,2,477.0,1810.0,2,753.0,904.0,0.0,0.0,0.0,0.0,13
2023-05-09 21:05:04,ru2401C13000,ru2401C13000,753.0,0.0,0.0,0.0,2,477.0,1810.0,2,753.0,904.0,0.0,0.0,0.0,0.0,13
2023-05-09 21:05:05,ru2401C13000,ru2401C13000,753.0,0.0,0.0,0.0,1,478.0,1809.0,1,753.0,904.0,0.0,0.0,0.0,0.0,13
2023-05-09 21:05:05,ru2401C13000,ru2401C13000,753.0,0.0,0.0,0.0,2,479.0,1808.0,2,753.0,904.0,0.0,0.0,0.0,0.0,13
2023-05-09 21:05:06,ru2401C13000,ru2401C13000,753.0,0.0,0.0,0.0,2,479.0,1808.0,2,753.0,904.0,0.0,0.0,0.0,0.0,13
2023-05-09 21:05:06,ru2401C13000,ru2401C13000,753.0,0.0,0.0,0.0,1,480.0,1807.0,1,753.0,904.0,0.0,0.0,0.0,0.0,13
2023-05-09 21:05:07,ru2401C13000,ru2401C13000,753.0,0.0,0.0,0.0,2,481.0,1806.0,2,753.0,904.0,0.0,0.0,0.0,0.0,13
2023-05-09 21:05:07,ru2401C13000,ru2401C13000,753.0,0.0,0.0,0.0,2,481.0,1806.0,2,753.0,904.0,0.0,0.0,0.0,0.0,13
2023-05-09 21:05:08,ru2401C13000,ru2401C13000,753.0,0.0,0.0,0.0,1,482.0,1805.0,1,753.0,904.0,0.0,0.0,0.0,0.0,13
2023-05-09 21:05:08,ru2401C13000,ru2401C13000,753.0,0.0,0.0,0.0,2,483.0,1804.0,2,753.0,904.0,0.0,0.0,0.0,0.0,13
2023-05-09 21:05:09,ru2401C13000,ru2401C13000,753.0,0.0,0.0,0.0,2,483.0,1804.0,2,753.0,904.0,0.0,0.0,0.0,0.0,13
2023-05-09 21:05:09,ru2401C13000,ru2401C13000,753.0,0.0,0.0,0.0,1,484.0,1803.0,1,753.0,904.0,0.0,0.0,0.0,0.0,13
2023-05-09 21:05:10,ru2401C13000,ru2401C13000,753.0,0.0,0.0,0.0,2,485.0,1802.0,2,753.0,904.0,0.0,0.0,0.0,0.0,13
2023-05-09 21:05:10,ru2401C13000,ru2401C13000,753.0,0.0,0.0,0.0,2,485.0,1802.0,2,753.0,904.0,0.0,0.0,0.0,0.0,13
2023-05-09 21:05:11,ru2401C13000,ru2401C13000,753.0,0.0,0.0,0.0,1,486.0,1801.0,1,753.0,904.0,0.0,0.0,0.0,0.0,13
2023-05-09 21:05:11,ru2401C13000,ru2401C13000,753.0,0.0,0.0,0.0,2,487.0,1800.0,2,753.0,904.0,0.0,0.0,0.0,0.0,13
2023-05-09 21:05:12,ru2401C13000,ru2401C13000,753.0,0.0,0.0,0.0,2,487.0,1800.0,2,753.0,904.0,0.0,0.0,0.0,0.0,13
2023-05-09 21:05:12,ru2401C13000,ru2401C13000,753.0,0.0,0.0,0.0,1,488.0,1799.0,1,753.0,904.0,0.0,0.0,0.0,0.0,13
2023-05-09 21:05:13,ru2401C13000,ru2401C13000,753.0,0.0,0.0,0.0,2,489.0,1798.0,2,753.0,904.0,0.0,0.0,0.0,0.0,13
2023-05-09 21:05:13,ru2401C13000,ru2401C13000,753.0,0.0,0.0,0.0,2,489.0,1798.0,2,753.0,904.0,0.0,0.0,0.0,0.0,13
2023-05-09 21:05:14,ru2401C13000,ru2401C13000,753.0,0.0,0.0,0.0,1,490.0,1797.0,1,753.0,904.0,0.0,0.0,0.0,0.0,13
2023-05-09 21:05:14,ru2401C13000,ru2401C13000,753.0,0.0,0.0,0.0,2,491.0,1796.0,2,753.0,904.0,0.0,0.0,0.0,0.0,13
2023-05-09 21:05:15,ru2401C13000,ru2401C13000,753.0,0.0,0.0,0.0,2,491.0,1796.0,2,753.0,904.0,0.0,0.0,0.0,0.0,13
2023-05-09 21:05:15,ru2401C13000,ru2401C13000,753.0,0.0,0.0,0.0,1,492.0,1795.0,1,753.0,904.0,0.0,0.0,0.0,0.0,13
2023-05-09 21:05:16,ru2401C13000,ru2401C13000,753.0,0.0,0.0,0.0,2,493.0,1794.0,2,753.0,904.0,0.0,0.0,0.0,0.0,13
2023-05-09 21:05:16,ru2401C13000,ru2401C13000,753.0,0.0,0.0,0.0,2,493.0,1794.0,2,753.0,904.0,0.0,0.0,0.0,0.0,13
2023-05-09 21:05:17,ru2401C13000,ru2401C13000,753.0,0.0,0.0,0.0,1,494.0,1793.0,1,753.0,904.0,0.0,0.0,0.0,0.0,13
2023-05-09 21:05:17,ru2401C13000,ru2401C13000,753.0,0.0,0.0,0.0,2,495.0,1792.0,2,753.0,904.0,0.0,0.0,0.0,0.0,13
2023-05-09 21:05:18,ru2401C13000,ru2401C13000,753.0,0.0,0.0,0.0,2,495.0,1792.0,2,753.0,904.0,0.0,0.0,0.0,0.0,13
2023-05-09 21:05:18,ru2401C13000,ru2401C13000,753.0,0.0,0.0,0.0,1,496.0,1791.0,1,753.0,904.0,0.0,0.0,0.0,0.0,13
2023-05-09 21:05:19,ru2401C13000,ru2401C13000,753.0,0.0,0.0,0.0,2,497.0,1790.0,2,753.0,904.0,0.0,0.0,0.0,0.0,13
2023-05-09 21:05:19,ru2401C13000,ru2401C13000,753.0,0.0,0.0,0.0,2,497.0,1790.0,2,753.0,904.0,0.0,0.0,0.0,0.0,13
2023-05-09 21:05:20,ru2401C13000,ru2401C13000,753.0,0.0,0.0,0.0,1,498.0,1789.0,1,753.0,904.0,0.0,0.0,0.0,0.0,13
2023-05-09 21:05:20,ru2401C13000,ru2401C13000,753.0,0.0,0.0,0.0,2,499.0,1788.0,2,753.0,904.0,0.0,0.0,0.0,0.0,13
2023-05-09 21:05:21,ru2401C13000,ru2401C13000,753.0,0.0,0.0,0.0,2,499.0,1788.0,2,753.0,904.0,0.0,0.0,0.0,0.0,13
2023-05-09 21:05:21,ru2401C13000,ru2401C13000,753.0,0.0,0.0,0.0,1,500.0,1787.0,1,753.0,904.0,0.0,0.0,0.0,0.0,13
2023-05-09 21:05:22,ru2401C13000,ru2401C13000,753.0,0.0,0.0,0.0,2,501.0,1786.0,2,753.0,904.0,0.0,0.0,0.0,0.0,13
2023-05-09 21:05:22,ru2401C13000,ru2401C13000,753.0,0.0,0.0,0.0,2,501.0,1786.0,2,753.0,904.0,0.0,0.0,0.0,0.0,13
2023-05-09 21:05:23,ru2401C13000,ru2401C13000,753.0,0.0,0.0,0.0,1,502.0,1785.0,1,753.0,904.0,0.0,0.0,0.0,0.0,13
2023-05-09 21:05:23,ru2401C13000,ru2401C13000,753.0,0.0,0.0,0.0,2,503.0,1784.0,2,753.0,904.0,0.0,0.0,0.0,0.0,13
2023-05-09 21:05:24,ru2401C13000,ru2401C13000,753.0,0.0,0.0,0.0,2,503.0,1784.0,2,753.0,904.0,0.0,0.0,0.0,0.0,13
2023-05-09 21:05:24,ru2401C13000,ru2401C13000,753.0,0.0,0.0,0.0,1,504.0,1783.0,1,753.0,904.0,0.0,0.0,0.0,0.0,13
2023-05-09 21:05:25,ru2401C13000,ru2401C13000,753.0,0.0,0.0,0.0,2,505.0,1782.0,2,753.0,904.0,0.0,0.0,0.0,0.0,13
2023-05-09 21:05:25,ru2401C13000,ru2401C13000,753.0,0.0,0.0,0.0,2,505.0,1782.0,2,753.0,904.0,0.0,0.0,0.0,0.0,13
2023-05-09 21:05:26,ru2401C13000,ru2401C13000,753.0,0.0,0.0,0.0,1,506.0,1781.0,1,753.0,904.0,0.0,0.0,0.0,0.0,13
2023-05-09 21:05:26,ru2401C13000,ru2401C13000,753.0,0.0,0.0,0.0,2,507.0,1780.0,2,753.0,904.0,0.0,0.0,0.0,0.0,13
2023-05-09 21:05:27,ru2401C13000,ru2401C13000,753.0,0.0,0.0,0.0,2,507.0,1780.0,2,753.0,904.0,0.0,0.0,0.0,0.0,13
2023-05-09 21:05:27,ru2401C13000,ru2401C13000,753.0,0.0,0.0,0.0,1,508.0,1779.0,1,753.0,904.0,0.0,0.0,0.0,0.0,13
2023-05-09 21:05:28,ru2401C13000,ru2401C13000,753.0,0.0,0.0,0.0,2,509.0,1778.0,2,753.0,904.0,0.0,0.0,0.0,0.0,13
2023-05-09 21:05:28,ru2401C13000,ru2401C13000,753.0,0.0,0.0,0.0,2,509.0,1778.0,2,753.0,904.0,0.0,0.0,0.0,0.0,13
2023-05-09 21:05:29,ru2401C13000,ru2401C13000,753.0,0.0,0.0,0.0,1,510.0,1777.0,1,753.0,904.0,0.0,0.0,0.0,0.0,13
2023-05-09 21:05:29,ru2401C13000,ru2401C13000,753.0,0.0,0.0,0.0,2,511.0,1776.0,2,753.0,904.0,0.0,0.0,0.0,0.0,13
2023-05-09 21:05:30,ru2401C13000,ru2401C13000,753.0,0.0,0.0,0.0,2,511.0,1776.0,2,753.0,904.0,0.0,0.0,0.0,0.0,13
2023-05-09 21:05:30,ru2401C13000,ru2401C13000,753.0,0.0,0.0,0.0,1,512.0,1775.0,1,753.0,904.0,0.0,0.0,0.0,0.0,13
2023-05-09 21:05:31,ru2401C13000,ru2401C13000,753.0,0.0,0.0,0.0,2,513.0,1774.0,2,753.0,904.0,0.0,0.0,0.0,0.0,13
2023-05-09 21:05:31,ru2401C13000,ru2401C13000,753.0,0.0,0.0,0.0,2,513.0,1774.0,2,753.0,904.0,0.0,0.0,0.0,0.0,13
2023-05-09 21:05:32,ru2401C13000,ru2401C13000,753.0,0.0,0.0,0.0,1,514.0,1773.0,1,753.0,904.0,0.0,0.0,0.0,0.0,13
2023-05-09 21:05:32,ru2401C13000,ru2401C13000,753.0,0.0,0.0,0.0,2,515.0,1772.0,2,753.0,904.0,0.0,0.0,0.0,0.0,13
2023-05-09 21:05:33,ru2401C13000,ru2401C13000,753.0,0.0,0.0,0.0,2,515.0,1772.0,2,753.0,904.0,0.0,0.0,0.0,0.0,13
2023-05-09 21:05:33,ru2401C13000,ru2401C13000,753.0,0.0,0.0,0.0,1,516.0,1771.0,1,753.0,904.0,0.0,0.0,0.0,0.0,13
2023-05-09 21:05:34,ru2401C13000,ru2401C13000,753.0,0.0,0.0,0.0,2,517.0,1770.0,2,753.0,904.0,0.0,0.0,0.0,0.0,13
2023-05-09 21:05:34,ru2401C13000,ru2401C13000,753.0,0.0,0.0,0.0,2,517.0,1770.0,2,753.0,904.0,0.0,0.0,0.0,0.0,13
2023-05-09 21:05:35,ru2401C13000,ru2401C13000,753.0,0.0,0.0,0.0,1,518.0,1769.0,1,753.0,904.0,0.0,0.0,0.0,0.0,13
2023-05-09 21:05:35,ru2401C13000,ru2401C13000,753.0,0.0,0.0,0.0,2,519.0,1768.0,2,753.0,904.0,0.0,0.0,0.0,0.0,13
2023-05-09 21:05:36,ru2401C13000,ru2401C13000,753.0,0.0,0.0,0.0,2,519.0,1768.0,2,753.0,904.0,0.0,0.0,0.0,0.0,13
2023-05-09 21:05:36,ru2401C13000,ru2401C13000,753.0,0.0,0.0,0.0,1,520.0,1767.0,1,753.0,904.0,0.0,0.0,0.0,0.0,13
2023-05-09 21:05:37,ru2401C13000,ru2401C13000,753.0,0.0,0.0,0.0,2,521.0,1766.0,2,753.0,904.0,0.0,0.0,0.0,0.0,13
2023-05-09 21:05:37,ru2401C13000,ru2401C13000,753.0,0.0,0.0,0.0,2,521.0,1766.0,2,753.0,904.0,0.0,0.0,0.0,0.0,13
2023-05-09 21:05:38,ru2401C13000,ru2401C13000,753.0,0.0,0.0,0.0,1,522.0,1765.0,1,753.0,904.0,0.0,0.0,0.0,0.0,13
2023-05-09 21:05:38,ru2401C13000,ru2401C13000,753.0,0.0,0.0,0.0,2,523.0,1764.0,2,753.0,904.0,0.0,0.0,0.0,0.0,13
2023-05-09 21:05:39,ru2401C13000,ru2401C13000,753.0,0.0,0.0,0.0,2,523.0,1764.0,2,753.0,904.0,0.0,0.0,0.0,0.0,13
2023-05-09 21:06:09,ru2401C13000,ru2401C13000,753.0,0.0,0.0,0.0,1,524.0,1763.0,1,753.0,904.0,0.0,0.0,0.0,0.0,13
2023-05-09 21:06:10,ru2401C13000,ru2401C13000,753.0,0.0,0.0,0.0,2,525.0,1762.0,2,753.0,904.0,0.0,0.0,0.0,0.0,13
2023-05-09 21:06:10,ru2401C13000,ru2401C13000,753.0,0.0,0.0,0.0,2,525.0,1762.0,2,753.0,904.0,0.0,0.0,0.0,0.0,13
2023-05-09 21:06:11,ru2401C13000,ru2401C13000,753.0,0.0,0.0,0.0,1,526.0,1761.0,1,753.0,904.0,0.0,0.0,0.0,0.0,13
2023-05-09 21:06:11,ru2401C13000,ru2401C13000,753.0,0.0,0.0,0.0,2,527.0,1760.0,2,753.0,904.0,0.0,0.0,0.0,0.0,13
2023-05-09 21:06:12,ru2401C13000,ru2401C13000,753.0,0.0,0.0,0.0,2,527.0,1760.0,2,753.0,904.0,0.0,0.0,0.0,0.0,13
2023-05-09 21:06:12,ru2401C13000,ru2401C13000,753.0,0.0,0.0,0.0,1,528.0,1759.0,1,753.0,904.0,0.0,0.0,0.0,0.0,13
2023-05-09 21:06:13,ru2401C13000,ru2401C13000,753.0,0.0,0.0,0.0,2,529.0,1758.0,2,753.0,904.0,0.0,0.0,0.0,0.0,13
2023-05-09 21:06:13,ru2401C13000,ru2401C13000,753.0,0.0,0.0,0.0,2,529.0,1758.0,2,753.0,904.0,0.0,0.0,0.0,0.0,13
2023-05-09 21:06:14,ru2401C13000,ru2401C13000,753.0,0.0,0.0,0.0,1,530.0,1757.0,1,753.0,904.0,0.0,0.0,0.0,0.0,13
2023-05-09 21:06:14,ru2401C13000,ru2401C13000,753.0,0.0,0.0,0.0,2,531.0,1756.0,2,753.0,904.0,0.0,0.0,0.0,0.0,13
2023-05-09 21:06:15,ru2401C13000,ru2401C13000,753.0,0.0,0.0,0.0,2,531.0,1756.0,2,753.0,904.0,0.0,0.0,0.0,0.0,13
2023-05-09 21:06:15,ru2401C13000,ru2401C13000,753.0,0.0,0.0,0.0,1,532.0,1755.0,1,753.0,904.0,0.0,0.0,0.0,0.0,13
2023-05-09 21:06:16,ru2401C13000,ru2401C13000,753.0,0.0,0.0,0.0,2,533.0,1754.0,2,753.0,904.0,0.0,0.0,0.0,0.0,13
2023-05-09 21:06:16,ru2401C13000,ru2401C13000,753.0,0.0,0.0,0.0,2,533.0,1754.0,2,753.0,904.0,0.0,0.0,0.0,0.0,13
2023-05-09 21:06:17,ru2401C13000,ru2401C13000,753.0,0.0,0.0,0.0,1,534.0,1753.0,1,753.0,904.0,0.0,0.0,0.0,0.0,13
2023-05-09 21:06:17,ru2401C13000,ru2401C13000,753.0,0.0,0.0,0.0,2,535.0,1752.0,2,753.0,904.0,0.0,0.0,0.0,0.0,13
2023-05-09 21:06:18,ru2401C13000,ru2401C13000,753.0,0.0,0.0,0.0,2,535.0,1752.0,2,753.0,904.0,0.0,0.0,0.0,0.0,13
2023-05-09 21:06:18,ru2401C13000,ru2401C13000,753.0,0.0,0.0,0.0,1,536.0,1751.0,1,753.0,904.0,0.0,0.0,0.0,0.0,13
2023-05-09 21:06:19,ru2401C13000,ru2401C13000,753.0,0.0,0.0,0.0,2,537.0,1750.0,2,753.0,904.0,0.0,0.0,0.0,0.0,13
2023-05-09 21:06:19,ru2401C13000,ru2401C13000,753.0,0.0,0.0,0.0,2,537.0,1750.0,2,753.0,904.0,0.0,0.0,0.0,0.0,13
2023-05-09 21:06:20,ru2401C13000,ru2401C13000,753.0,0.0,0.0,0.0,1,538.0,1749.0,1,753.0,904.0,0.0,0.0,0.0,0.0,13
2023-05-09 21:06:20,ru2401C13000,ru2401C13000,753.0,0.0,0.0,0.0,2,539.0,1748.0,2,753.0,904.0,0.0,0.0,0.0,0.0,13
2023-05-09 21:06:21,ru2401C13000,ru2401C13000,753.0,0.0,0.0,0.0,2,539.0,1748.0,2,753.0,904.0,0.0,0.0,0.0,0.0,13
2023-05-09 21:06:21,ru2401C13000,ru2401C13000,753.0,0.0,0.0,0.0,1,540.0,1747.0,1,753.0,904.0,0.0,0.0,0.0,0.0,13
2023-05-09 21:06:22,ru2401C13000,ru2401C13000,753.0,0.0,0.0,0.0,2,541.0,1746.0,2,753.0,904.0,0.0,0.0,0.0,0.0,13
2023-05-09 21:06:22,ru2401C13000,ru2401C13000,753.0,0.0,0.0,0.0,2,541.0,1746.0,2,753.0,904.0,0.0,0.0,0.0,0.0,13
2023-05-09 21:06:23,ru2401C13000,ru2401C13000,753.0,0.0,0.0,0.0,1,542.0,1745.0,1,753.0,904.0,0.0,0.0,0.0,0.0,13
2023-05-09 21:06:23,ru2401C13000,ru2401C13000,753.0,0.0,0.0,0.0,2,543.0,1744.0,2,753.0,904.0,0.0,0.0,0.0,0.0,13
2023-05-09 21:06:24,ru2401C13000,ru2401C13000,753.0,0.0,0.0,0.0,2,543.0,1744.0,2,753.0,904.0,0.0,0.0,0.0,0.0,13
2023-05-09 21:06:24,ru2401C13000,ru2401C13000,753.0,0.0,0.0,0.0,1,544.0,1743.0,1,753.0,904.0,0.0,0.0,0.0,0.0,13
2023-05-09 21:06:25,ru2401C13000,ru2401C13000,753.0,0.0,0.0,0.0,2,545.0,1742.0,2,753.0,904.0,0.0,0.0,0.0,0.0,13
2023-05-09 21:06:25,ru2401C13000,ru2401C13000,753.0,0.0,0.0,0.0,2,545.0,1742.0,2,753.0,904.0,0.0,0.0,0.0,0.0,13
2023-05-09 21:06:26,ru2401C13000,ru2401C13000,753.0,0.0,0.0,0.0,1,546.0,1741.0,1,753.0,904.0,0.0,0.0,0.0,0.0,13
2023-05-09 21:06:26,ru2401C13000,ru2401C13000,753.0,0.0,0.0,0.0,2,547.0,1740.0,2,753.0,904.0,0.0,0.0,0.0,0.0,13
2023-05-09 21:06:27,ru2401C13000,ru2401C13000,753.0,0.0,0.0,0.0,2,547.0,1740.0,2,753.0,904.0,0.0,0.0,0.0,0.0,13
2023-05-09 21:06:27,ru2401C13000,ru2401C13000,753.0,0.0,0.0,0.0,1,548.0,1739.0,1,753.0,904.0,0.0,0.0,0.0,0.0,13
2023-05-09 21:06:28,ru2401C13000,ru2401C13000,753.0,0.0,0.0,0.0,2,549.0,1738.0,2,753.0,904.0,0.0,0.0,0.0,0.0,13
2023-05-09 21:06:28,ru2401C13000,ru2401C13000,753.0,0.0,0.0,0.0,2,549.0,1738.0,2,753.0,904.0,0.0,0.0,0.0,0.0,13
2023-05-09 21:06:29,ru2401C13000,ru2401C13000,753.0,0.0,0.0,0.0,1,550.0,1737.0,1,753.0,904.0,0.0,0.0,0.0,0.0,13
2023-05-09 21:06:29,ru2401C13000,ru2401C13000,753.0,0.0,0.0,0.0,2,551.0,1736.0,2,753.0,904.0,0.0,0.0,0.0,0.0,13
2023-05-09 21:06:30,ru2401C13000,ru2401C13000,753.0,0.0,0.0,0.0,2,551.0,1736.0,2,753.0,904.0,0.0,0.0,0.0,0.0,13
2023-05-09 21:06:30,ru2401C13000,ru2401C13000,753.0,0.0,0.0,0.0,1,552.0,1735.0,1,753.0,904.0,0.0,0.0,0.0,0.0,13
2023-05-09 21:06:31,ru2401C13000,ru2401C13000,753.0,0.0,0.0,0.0,2,553.0,1734.0,2,753.0,904.0,0.0,0.0,0.0,0.0,13
2023-05-09 21:06:31,ru2401C13000,ru2401C13000,753.0,0.0,0.0,0.0,2,553.0,1734.0,2,753.0,904.0,0.0,0.0,0.0,0.0,13
2023-05-09 21:06:32,ru2401C13000,ru2401C13000,753.0,0.0,0.0,0.0,1,554.0,1733.0,1,753.0,904.0,0.0,0.0,0.0,0.0,13
2023-05-09 21:06:32,ru2401C13000,ru2401C13000,753.0,0.0,0.0,0.0,2,555.0,1732.0,2,753.0,904.0,0.0,0.0,0.0,0.0,13
2023-05-09 21:06:33,ru2401C13000,ru2401C13000,753.0,0.0,0.0,0.0,2,555.0,1732.0,2,753.0,904.0,0.0,0.0,0.0,0.0,13
2023-05-09 21:06:33,ru2401C13000,ru2401C13000,753.0,0.0,0.0,0.0,1,556.0,1731.0,1,753.0,904.0,0.0,0.0,0.0,0.0,13
2023-05-09 21:06:34,ru2401C13000,ru2401C13000,753.0,0.0,0.0,0.0,2,557.0,1730.0,2,753.0,904.0,0.0,0.0,0.0,0.0,13
2023-05-09 21:06:34,ru2401C13000,ru2401C13000,753.0,0.0,0.0,0.0,2,557.0,1730.0,2,753.0,904.0,0.0,0.0,0.0,0.0,13
2023-05-09 21:06:35,ru2401C13000,ru2401C13000,753.0,0.0,0.0,0.0,1,558.0,1729.0,1,753.0,904.0,0.0,0.0,0.0,0.0,13
2023-05-09 21:06:35,ru2401C13000,ru2401C13000,753.0,0.0,0.0,0.0,2,559.0,1728.0,2,753.0,904.0,0.0,0.0,0.0,0.0,13
2023-05-09 21:06:36,ru2401C13000,ru2401C13000,753.0,0.0,0.0,0.0,2,559.0,1728.0,2,753.0,904.0,0.0,0.0,0.0,0.0,13
2023-05-09 21:06:36,ru2401C13000,ru2401C13000,753.0,0.0,0.0,0.0,1,560.0,1727.0,1,753.0,904.0,0.0,0.0,0.0,0.0,13
2023-05-09 21:06:37,ru2401C13000,ru2401C13000,753.0,0.0,0.0,0.0,2,561.0,1726.0,2,753.0,904.0,0.0,0.0,0.0,0.0,13
2023-05-09 21:06:37,ru2401C13000,ru2401C13000,753.0,0.0,0.0,0.0,2,561.0,1726.0,2,753.0,904.0,0.0,0.0,0.0,0.0,13
2023-05-09 21:06:38,ru2401C13000,ru2401C13000,753.0,0.0,0.0,0.0,1,562.0,1725.0,1,753.0,904.0,0.0,0.0,0.0,0.0,13
2023-05-09 21:06:38,ru2401C13000,ru2401C13000,753.0,0.0,0.0,0.0,2,563.0,1724.0,2,753.0,904.0,0.0,0.0,0.0,0.0,13
2023-05-09 21:06:39,ru2401C13000,ru2401C13000,753.0,0.0,0.0,0.0,2,563.0,1724.0,2,753.0,904.0,0.0,0.0,0.0,0.0,13
2023-05-09 21:06:39,ru2401C13000,ru2401C13000,753.0,0.0,0.0,0.0,1,564.0,1723.0,1,753.0,904.0,0.0,0.0,0.0,0.0,13
2023-05-09 21:06:40,ru2401C13000,ru2401C13000,753.0,0.0,0.0,0.0,2,565.0,1722.0,2,753.0,904.0,0.0,0.0,0.0,0.0,13
2023-05-09 21:06:40,ru2401C13000,ru2401C13000,753.0,0.0,0.0,0.0,2,565.0,1722.0,2,753.0,904.0,0.0,0.0,0.0,0.0,13
2023-05-09 21:06:41,ru2401C13000,ru2401C13000,753.0,0.0,0.0,0.0,1,566.0,1721.0,1,753.0,904.0,0.0,0.0,0.0,0.0,13
2023-05-09 21:06:41,ru2401C13000,ru2401C13000,753.0,0.0,0.0,0.0,2,567.0,1720.0,2,753.0,904.0,0.0,0.0,0.0,0.0,13
2023-05-09 21:06:42,ru2401C13000,ru2401C13000,753.0,0.0,0.0,0.0,2,567.0,1720.0,2,753.0,904.0,0.0,0.0,0.0,0.0,13
2023-05-09 21:06:42,ru2401C13000,ru2401C13000,753.0,0.0,0.0,0.0,1,568.0,1719.0,1,753.0,904.0,0.0,0.0,0.0,0.0,13
2023-05-09 21:06:43,ru2401C13000,ru2401C13000,753.0,0.0,0.0,0.0,2,569.0,1718.0,2,753.0,904.0,0.0,0.0,0.0,0.0,13
2023-05-09 21:06:43,ru2401C13000,ru2401C13000,753.0,0.0,0.0,0.0,2,569.0,1718.0,2,753.0,904.0,0.0,0.0,0.0,0.0,13
2023-05-09 21:06:44,ru2401C13000,ru2401C13000,753.0,0.0,0.0,0.0,1,570.0,1717.0,1,753.0,904.0,0.0,0.0,0.0,0.0,13
2023-05-09 21:06:44,ru2401C13000,ru2401C13000,753.0,0.0,0.0,0.0,2,571.0,1716.0,2,753.0,904.0,0.0,0.0,0.0,0.0,13
2023-05-09 21:06:45,ru2401C13000,ru2401C13000,753.0,0.0,0.0,0.0,2,571.0,1716.0,2,753.0,904.0,0.0,0.0,0.0,0.0,13
2023-05-09 21:06:45,ru2401C13000,ru2401C13000,753.0,0.0,0.0,0.0,1,572.0,1715.0,1,753.0,904.0,0.0,0.0,0.0,0.0,13
2023-05-09 21:06:46,ru2401C13000,ru2401C13000,753.0,0.0,0.0,0.0,2,573.0,1714.0,2,753.0,904.0,0.0,0.0,0.0,0.0,13
2023-05-09 21:06:46,ru2401C13000,ru2401C13000,753.0,0.0,0.0,0.0,2,573.0,1714.0,2,753.0,904.0,0.0,0.0,0.0,0.0,13
2023-05-09 21:06:47,ru2401C13000,ru2401C13000,753.0,0.0,0.0,0.0,1,574.0,1713.0,1,753.0,904.0,0.0,0.0,0.0,0.0,13
2023-05-09 21:06:47,ru2401C13000,ru2401C13000,753.0,0.0,0.0,0.0,2,575.0,1712.0,2,753.0,904.0,0.0,0.0,0.0,0.0,13
2023-05-09 21:06:48,ru2401C13000,ru2401C13000,753.0,0.0,0.0,0.0,2,575.0,1712.0,2,753.0,904.0,0.0,0.0,0.0,0.0,13
2023-05-09 21:06:48,ru2401C13000,ru2401C13000,753.0,0.0,0.0,0.0,1,576.0,1711.0,1,753.0,904.0,0.0,0.0,0.0,0.0,13
2023-05-09 21:06:49,ru2401C13000,ru2401C13000,753.0,0.0,0.0,0.0,2,577.0,1710.0,2,753.0,904.0,0.0,0.0,0.0,0.0,13
2023-05-09 21:06:49,ru2401C13000,ru2401C13000,753.0,0.0,0.0,0.0,2,577.0,1710.0,2,753.0,904.0,0.0,0.0,0.0,0.0,13
2023-05-09 21:06:50,ru2401C13000,ru2401C13000,753.0,0.0,0.0,0.0,1,578.0,1709.0,1,753.0,904.0,0.0,0.0,0.0,0.0,13
2023-05-09 21:06:50,ru2401C13000,ru2401C13000,753.0,0.0,0.0,0.0,2,579.0,1708.0,2,753.0,904.0,0.0,0.0,0.0,0.0,13
2023-05-09 21:06:51,ru2401C13000,ru2401C13000,753.0,0.0,0.0,0.0,2,579.0,1708.0,2,753.0,904.0,0.0,0.0,0.0,0.0,13
2023-05-09 21:06:51,ru2401C13000,ru2401C13000,753.0,0.0,0.0,0.0,1,580.0,1707.0,1,753.0,904.0,0.0,0.0,0.0,0.0,13
2023-05-09 21:06:52,ru2401C13000,ru2401C13000,753.0,0.0,0.0,0.0,2,581.0,1706.0,2,753.0,904.0,0.0,0.0,0.0,0.0,13
2023-05-09 21:06:52,ru2401C13000,ru2401C13000,753.0,0.0,0.0,0.0,2,581.0,1706.0,2,753.0,904.0,0.0,0.0,0.0,0.0,13
2023-05-09 21:06:53,ru2401C13000,ru2401C13000,753.0,0.0,0.0,0.0,1,582.0,1705.0,1,753.0,904.0,0.0,0.0,0.0,0.0,13
2023-05-09 21:06:53,ru2401C13000,ru2401C13000,753.0,0.0,0.0,0.0,2,583.0,1704.0,2,753.0,904.0,0.0,0.0,0.0,0.0,13
2023-05-09 21:06:54,ru2401C13000,ru2401C13000,753.0,0.0,0.0,0.0,2,583.0,1704.0,2,753.0,904.0,0.0,0.0,0.0,0.0,13
2023-05-09 21:06:54,ru2401C13000,ru2401C13000,753.0,0.0,0.0,0.0,1,584.0,1703.0,1,753.0,904.0,0.0,0.0,0.0,0.0,13
2023-05-09 21:06:55,ru2401C13000,ru2401C13000,753.0,0.0,0.0,0.0,2,585.0,1702.0,2,753.0,904.0,0.0,0.0,0.0,0.0,13
2023-05-09 21:06:55,ru2401C13000,ru2401C13000,753.0,0.0,0.0,0.0,2,585.0,1702.0,2,753.0,904.0,0.0,0.0,0.0,0.0,13
2023-05-09 21:06:56,ru2401C13000,ru2401C13000,753.0,0.0,0.0,0.0,1,586.0,1701.0,1,753.0,904.0,0.0,0.0,0.0,0.0,13
2023-05-09 21:06:56,ru2401C13000,ru2401C13000,753.0,0.0,0.0,0.0,2,587.0,1700.0,2,753.0,904.0,0.0,0.0,0.0,0.0,13
2023-05-09 21:06:57,ru2401C13000,ru2401C13000,753.0,0.0,0.0,0.0,2,587.0,1700.0,2,753.0,904.0,0.0,0.0,0.0,0.0,13
2023-05-09 21:06:57,ru2401C13000,ru2401C13000,753.0,0.0,0.0,0.0,1,588.0,1699.0,1,753.0,904.0,0.0,0.0,0.0,0.0,13
2023-05-09 21:06:58,ru2401C13000,ru2401C13000,753.0,0.0,0.0,0.0,2,589.0,1698.0,2,753.0,904.0,0.0,0.0,0.0,0.0,13
2023-05-09 21:06:58,ru2401C13000,ru2401C13000,753.0,0.0,0.0,0.0,2,589.0,1698.0,2,753.0,904.0,0.0,0.0,0.0,0.0,13
2023-05-09 21:06:59,ru2401C13000,ru2401C13000,753.0,0.0,0.0,0.0,1,590.0,1697.0,1,753.0,904.0,0.0,0.0,0.0,0.0,13
2023-05-09 21:06:59,ru2401C13000,ru2401C13000,753.0,0.0,0.0,0.0,2,591.0,1696.0,2,753.0,904.0,0.0,0.0,0.0,0.0,13
2023-05-09 21:07:00,ru2401C13000,ru2401C13000,753.0,0.0,0.0,0.0,2,591.0,1696.0,2,753.0,904.0,0.0,0.0,0.0,0.0,13
2023-05-09 21:07:00,ru2401C13000,ru2401C13000,753.0,0.0,0.0,0.0,1,592.0,1695.0,1,753.0,904.0,0.0,0.0,0.0,0.0,13
2023-05-09 21:07:01,ru2401C13000,ru2401C13000,753.0,0.0,0.0,0.0,2,593.0,1694.0,2,753.0,904.0,0.0,0.0,0.0,0.0,13
2023-05-09 21:07:01,ru2401C13000,ru2401C13000,753.0,0.0,0.0,0.0,2,593.0,1694.0,2,753.0,904.0,0.0,0.0,0.0,0.0,13
2023-05-09 21:07:02,ru2401C13000,ru2401C13000,753.0,0.0,0.0,0.0,1,594.0,1693.0,1,753.0,904.0,0.0,0.0,0.0,0.0,13
2023-05-09 21:07:02,ru2401C13000,ru2401C13000,753.0,0.0,0.0,0.0,2,595.0,1692.0,2,753.0,904.0,0.0,0.0,0.0,0.0,13
2023-05-09 21:07:03,ru2401C13000,ru2401C13000,753.0,0.0,0.0,0.0,2,595.0,1692.0,2,753.0,904.0,0.0,0.0,0.0,0.0,13
2023-05-09 21:07:03,ru2401C13000,ru2401C13000,753.0,0.0,0.0,0.0,1,596.0,1691.0,1,753.0,904.0,0.0,0.0,0.0,0.0,13
2023-05-09 21:07:04,ru2401C13000,ru2401C13000,753.0,0.0,0.0,0.0,2,597.0,1690.0,2,753.0,904.0,0.0,0.0,0.0,0.0,13
2023-05-09 21:07:04,ru2401C13000,ru2401C13000,753.0,0.0,0.0,0.0,2,597.0,1690.0,2,753.0,904.0,0.0,0.0,0.0,0.0,13
2023-05-09 21:07:05,ru2401C13000,ru2401C13000,753.0,0.0,0.0,0.0,1,598.0,1689.0,1,753.0,904.0,0.0,0.0,0.0,0.0,13
2023-05-09 21:07:05,ru2401C13000,ru2401C13000,753.0,0.0,0.0,0.0,2,599.0,1688.0,2,753.0,904.0,0.0,0.0,0.0,0.0,13
2023-05-09 21:07:06,ru2401C13000,ru2401C13000,753.0,0.0,0.0,0.0,2,599.0,1688.0,2,753.0,904.0,0.0,0.0,0.0,0.0,13
2023-05-09 21:07:06,ru2401C13000,ru2401C13000,753.0,0.0,0.0,0.0,1,600.0,1687.0,1,753.0,904.0,0.0,0.0,0.0,0.0,13
2023-05-09 21:07:07,ru2401C13000,ru2401C13000,753.0,0.0,0.0,0.0,2,601.0,1686.0,2,753.0,904.0,0.0,0.0,0.0,0.0,13
2023-05-09 21:07:07,ru2401C13000,ru2401C13000,753.0,0.0,0.0,0.0,2,601.0,1686.0,2,753.0,904.0,0.0,0.0,0.0,0.0,13
2023-05-09 21:07:08,ru2401C13000,ru2401C13000,753.0,0.0,0.0,0.0,1,602.0,1685.0,1,753.0,904.0,0.0,0.0,0.0,0.0,13
2023-05-09 21:07:08,ru2401C13000,ru2401C13000,753.0,0.0,0.0,0.0,2,603.0,1684.0,2,753.0,904.0,0.0,0.0,0.0,0.0,13
2023-05-09 21:07:09,ru2401C13000,ru2401C13000,753.0,0.0,0.0,0.0,2,603.0,1684.0,2,753.0,904.0,0.0,0.0,0.0,0.0,13
2023-05-09 21:07:09,ru2401C13000,ru2401C13000,753.0,0.0,0.0,0.0,1,604.0,1683.0,1,753.0,904.0,0.0,0.0,0.0,0.0,13
2023-05-09 21:07:10,ru2401C13000,ru2401C13000,753.0,0.0,0.0,0.0,2,605.0,1682.0,2,753.0,904.0,0.0,0.0,0.0,0.0,13
2023-05-09 21:07:10,ru2401C13000,ru2401C13000,753.0,0.0,0.0,0.0,2,605.0,1682.0,2,753.0,904.0,0.0,0.0,0.0,0.0,13
2023-05-09 21:07:11,ru2401C13000,ru2401C13000,753.0,0.0,0.0,0.0,1,606.0,1681.0,1,753.0,904.0,0.0,0.0,0.0,0.0,13
2023-05-09 21:07:11,ru2401C13000,ru2401C13000,753.0,0.0,0.0,0.0,2,607.0,1680.0,2,753.0,904.0,0.0,0.0,0.0,0.0,13
2023-05-09 21:07:12,ru2401C13000,ru2401C13000,753.0,0.0,0.0,0.0,2,607.0,1680.0,2,753.0,904.0,0.0,0.0,0.0,0.0,13
2023-05-09 21:07:12,ru2401C13000,ru2401C13000,753.0,0.0,0.0,0.0,1,608.0,1679.0,1,753.0,904.0,0.0,0.0,0.0,0.0,13
2023-05-09 21:07:13,ru2401C13000,ru2401C13000,753.0,0.0,0.0,0.0,2,609.0,1678.0,2,753.0,904.0,0.0,0.0,0.0,0.0,13
2023-05-09 21:07:13,ru2401C13000,ru2401C13000,753.0,0.0,0.0,0.0,2,609.0,1678.0,2,753.0,904.0,0.0,0.0,0.0,0.0,13
2023-05-09 21:07:14,ru2401C13000,ru2401C13000,753.0,0.0,0.0,0.0,1,610.0,1677.0,1,753.0,904.0,0.0,0.0,0.0,0.0,13
2023-05-09 21:07:14,ru2401C13000,ru2401C13000,753.0,0.0,0.0,0.0,2,611.0,1676.0,2,753.0,904.0,0.0,0.0,0.0,0.0,13
2023-05-09 21:07:15,ru2401C13000,ru2401C13000,753.0,0.0,0.0,0.0,2,611.0,1676.0,2,753.0,904.0,0.0,0.0,0.0,0.0,13
2023-05-09 21:07:15,ru2401C13000,ru2401C13000,753.0,0.0,0.0,0.0,1,612.0,1675.0,1,753.0,904.0,0.0,0.0,0.0,0.0,13
2023-05-09 21:07:16,ru2401C13000,ru2401C13000,753.0,0.0,0.0,0.0,2,613.0,1674.0,2,753.0,904.0,0.0,0.0,0.0,0.0,13
2023-05-09 21:07:16,ru2401C13000,ru2401C13000,753.0,0.0,0.0,0.0,2,613.0,1674.0,2,753.0,904.0,0.0,0.0,0.0,0.0,13
2023-05-09 21:07:17,ru2401C13000,ru2401C13000,753.0,0.0,0.0,0.0,1,614.0,1673.0,1,753.0,904.0,0.0,0.0,0.0,0.0,13
2023-05-09 21:07:17,ru2401C13000,ru2401C13000,753.0,0.0,0.0,0.0,2,615.0,1672.0,2,753.0,904.0,0.0,0.0,0.0,0.0,13
2023-05-09 21:07:18,ru2401C13000,ru2401C13000,753.0,0.0,0.0,0.0,2,615.0,1672.0,2,753.0,904.0,0.0,0.0,0.0,0.0,13
2023-05-09 21:07:18,ru2401C13000,ru2401C13000,753.0,0.0,0.0,0.0,1,616.0,1671.0,1,753.0,904.0,0.0,0.0,0.0,0.0,13
2023-05-09 21:07:19,ru2401C13000,ru2401C13000,753.0,0.0,0.0,0.0,2,617.0,1670.0,2,753.0,904.0,0.0,0.0,0.0,0.0,13
2023-05-09 21:07:19,ru2401C13000,ru2401C13000,753.0,0.0,0.0,0.0,2,617.0,1670.0,2,753.0,904.0,0.0,0.0,0.0,0.0,13
2023-05-09 21:07:20,ru2401C13000,ru2401C13000,753.0,0.0,0.0,0.0,1,618.0,1669.0,1,753.0,904.0,0.0,0.0,0.0,0.0,13
2023-05-09 21:07:20,ru2401C13000,ru2401C13000,753.0,0.0,0.0,0.0,2,619.0,1668.0,2,753.0,904.0,0.0,0.0,0.0,0.0,13
2023-05-09 21:07:21,ru2401C13000,ru2401C13000,753.0,0.0,0.0,0.0,2,619.0,1668.0,2,753.0,904.0,0.0,0.0,0.0,0.0,13
2023-05-09 21:07:21,ru2401C13000,ru2401C13000,753.0,0.0,0.0,0.0,1,620.0,1667.0,1,753.0,904.0,0.0,0.0,0.0,0.0,13
2023-05-09 21:07:22,ru2401C13000,ru2401C13000,753.0,0.0,0.0,0.0,2,621.0,1666.0,2,753.0,904.0,0.0,0.0,0.0,0.0,13
2023-05-09 21:07:22,ru2401C13000,ru2401C13000,753.0,0.0,0.0,0.0,2,621.0,1666.0,2,753.0,904.0,0.0,0.0,0.0,0.0,13
2023-05-09 21:07:23,ru2401C13000,ru2401C13000,753.0,0.0,0.0,0.0,1,622.0,1665.0,1,753.0,904.0,0.0,0.0,0.0,0.0,13
2023-05-09 21:07:23,ru2401C13000,ru2401C13000,753.0,0.0,0.0,0.0,2,623.0,1664.0,2,753.0,904.0,0.0,0.0,0.0,0.0,13
2023-05-09 21:07:24,ru2401C13000,ru2401C13000,753.0,0.0,0.0,0.0,2,623.0,1664.0,2,753.0,904.0,0.0,0.0,0.0,0.0,13
2023-05-09 21:07:24,ru2401C13000,ru2401C13000,753.0,0.0,0.0,0.0,1,624.0,1663.0,1,753.0,904.0,0.0,0.0,0.0,0.0,13
2023-05-09 21:07:25,ru2401C13000,ru2401C13000,753.0,0.0,0.0,0.0,2,625.0,1662.0,2,753.0,904.0,0.0,0.0,0.0,0.0,13
2023-05-09 21:07:25,ru2401C13000,ru2401C13000,753.0,0.0,0.0,0.0,2,625.0,1662.0,2,753.0,904.0,0.0,0.0,0.0,0.0,13
2023-05-09 21:07:26,ru2401C13000,ru2401C13000,753.0,0.0,0.0,0.0,1,626.0,1661.0,1,753.0,904.0,0.0,0.0,0.0,0.0,13
2023-05-09 21:07:26,ru2401C13000,ru2401C13000,753.0,0.0,0.0,0.0,2,627.0,1660.0,2,753.0,904.0,0.0,0.0,0.0,0.0,13
2023-05-09 21:07:27,ru2401C13000,ru2401C13000,753.0,0.0,0.0,0.0,2,627.0,1660.0,2,753.0,904.0,0.0,0.0,0.0,0.0,13
2023-05-09 21:07:27,ru2401C13000,ru2401C13000,753.0,0.0,0.0,0.0,1,628.0,1659.0,1,753.0,904.0,0.0,0.0,0.0,0.0,13
2023-05-09 21:07:28,ru2401C13000,ru2401C13000,753.0,0.0,0.0,0.0,2,629.0,1658.0,2,753.0,904.0,0.0,0.0,0.0,0.0,13
2023-05-09 21:07:28,ru2401C13000,ru2401C13000,753.0,0.0,0.0,0.0,2,629.0,1658.0,2,753.0,904.0,0.0,0.0,0.0,0.0,13
2023-05-09 21:07:29,ru2401C13000,ru2401C13000,753.0,0.0,0.0,0.0,1,630.0,1657.0,1,753.0,904.0,0.0,0.0,0.0,0.0,13
2023-05-09 21:07:29,ru2401C13000,ru2401C13000,753.0,0.0,0.0,0.0,2,631.0,1656.0,2,753.0,904.0,0.0,0.0,0.0,0.0,13
2023-05-09 21:07:30,ru2401C13000,ru2401C13000,753.0,0.0,0.0,0.0,2,631.0,1656.0,2,753.0,904.0,0.0,0.0,0.0,0.0,13
2023-05-09 21:07:30,ru2401C13000,ru2401C13000,753.0,0.0,0.0,0.0,1,632.0,1655.0,1,753.0,904.0,0.0,0.0,0.0,0.0,13
2023-05-09 21:07:31,ru2401C13000,ru2401C13000,753.0,0.0,0.0,0.0,2,633.0,1654.0,2,753.0,904.0,0.0,0.0,0.0,0.0,13
2023-05-09 21:07:31,ru2401C13000,ru2401C13000,753.0,0.0,0.0,0.0,2,633.0,1654.0,2,753.0,904.0,0.0,0.0,0.0,0.0,13
2023-05-09 21:07:32,ru2401C13000,ru2401C13000,753.0,0.0,0.0,0.0,1,634.0,1653.0,1,753.0,904.0,0.0,0.0,0.0,0.0,13
2023-05-09 21:07:32,ru2401C13000,ru2401C13000,753.0,0.0,0.0,0.0,2,635.0,1652.0,2,753.0,904.0,0.0,0.0,0.0,0.0,13
2023-05-09 21:07:33,ru2401C13000,ru2401C13000,753.0,0.0,0.0,0.0,2,635.0,1652.0,2,753.0,904.0,0.0,0.0,0.0,0.0,13
2023-05-09 21:07:33,ru2401C13000,ru2401C13000,753.0,0.0,0.0,0.0,1,636.0,1651.0,1,753.0,904.0,0.0,0.0,0.0,0.0,13
2023-05-09 21:07:34,ru2401C13000,ru2401C13000,753.0,0.0,0.0,0.0,2,637.0,1650.0,2,753.0,904.0,0.0,0.0,0.0,0.0,13
2023-05-09 21:07:34,ru2401C13000,ru2401C13000,753.0,0.0,0.0,0.0,2,637.0,1650.0,2,753.0,904.0,0.0,0.0,0.0,0.0,13
2023-05-09 21:07:35,ru2401C13000,ru2401C13000,753.0,0.0,0.0,0.0,1,638.0,1649.0,1,753.0,904.0,0.0,0.0,0.0,0.0,13
2023-05-09 21:07:35,ru2401C13000,ru2401C13000,753.0,0.0,0.0,0.0,2,639.0,1648.0,2,753.0,904.0,0.0,0.0,0.0,0.0,13
2023-05-09 21:07:36,ru2401C13000,ru2401C13000,753.0,0.0,0.0,0.0,2,639.0,1648.0,2,753.0,904.0,0.0,0.0,0.0,0.0,13
2023-05-09 21:07:36,ru2401C13000,ru2401C13000,753.0,0.0,0.0,0.0,1,640.0,1647.0,1,753.0,904.0,0.0,0.0,0.0,0.0,13
2023-05-09 21:07:37,ru2401C13000,ru2401C13000,753.0,0.0,0.0,0.0,2,641.0,1646.0,2,753.0,904.0,0.0,0.0,0.0,0.0,13
2023-05-09 21:07:37,ru2401C13000,ru2401C13000,753.0,0.0,0.0,0.0,2,641.0,1646.0,2,753.0,904.0,0.0,0.0,0.0,0.0,13
2023-05-09 21:07:38,ru2401C13000,ru2401C13000,753.0,0.0,0.0,0.0,1,642.0,1645.0,1,753.0,904.0,0.0,0.0,0.0,0.0,13
2023-05-09 21:07:38,ru2401C13000,ru2401C13000,753.0,0.0,0.0,0.0,2,643.0,1644.0,2,753.0,904.0,0.0,0.0,0.0,0.0,13
2023-05-09 21:07:39,ru2401C13000,ru2401C13000,753.0,0.0,0.0,0.0,2,643.0,1644.0,2,753.0,904.0,0.0,0.0,0.0,0.0,13
2023-05-09 21:07:39,ru2401C13000,ru2401C13000,753.0,0.0,0.0,0.0,1,644.0,1643.0,1,753.0,904.0,0.0,0.0,0.0,0.0,13
2023-05-09 21:07:40,ru2401C13000,ru2401C13000,753.0,0.0,0.0,0.0,1,644.0,1642.0,2,753.0,904.0,0.0,0.0,0.0,0.0,13
2023-05-09 21:07:40,ru2401C13000,ru2401C13000,753.0,0.0,0.0,0.0,1,644.0,1642.0,2,753.0,904.0,0.0,0.0,0.0,0.0,13
2023-05-09 21:07:41,ru2401C13000,ru2401C13000,753.0,0.0,0.0,0.0,1,644.0,1641.0,1,753.0,904.0,0.0,0.0,0.0,0.0,13
2023-05-09 21:07:41,ru2401C13000,ru2401C13000,753.0,0.0,0.0,0.0,1,644.0,1640.0,2,753.0,904.0,0.0,0.0,0.0,0.0,13
2023-05-09 21:07:42,ru2401C13000,ru2401C13000,753.0,0.0,0.0,0.0,1,644.0,1640.0,2,753.0,904.0,0.0,0.0,0.0,0.0,13
2023-05-09 21:07:42,ru2401C13000,ru2401C13000,753.0,0.0,0.0,0.0,1,644.0,1639.0,1,753.0,904.0,0.0,0.0,0.0,0.0,13
2023-05-09 21:07:43,ru2401C13000,ru2401C13000,753.0,0.0,0.0,0.0,1,644.0,1638.0,2,753.0,904.0,0.0,0.0,0.0,0.0,13
2023-05-09 21:07:43,ru2401C13000,ru2401C13000,753.0,0.0,0.0,0.0,1,644.0,1638.0,2,753.0,904.0,0.0,0.0,0.0,0.0,13
2023-05-09 21:07:44,ru2401C13000,ru2401C13000,753.0,0.0,0.0,0.0,1,644.0,1637.0,1,753.0,904.0,0.0,0.0,0.0,0.0,13
2023-05-09 21:07:44,ru2401C13000,ru2401C13000,753.0,0.0,0.0,0.0,1,644.0,1636.0,2,753.0,904.0,0.0,0.0,0.0,0.0,13
2023-05-09 21:07:45,ru2401C13000,ru2401C13000,753.0,0.0,0.0,0.0,1,644.0,1636.0,2,753.0,904.0,0.0,0.0,0.0,0.0,13
2023-05-09 21:07:45,ru2401C13000,ru2401C13000,753.0,0.0,0.0,0.0,1,644.0,1635.0,1,753.0,904.0,0.0,0.0,0.0,0.0,13
2023-05-09 21:07:46,ru2401C13000,ru2401C13000,753.0,0.0,0.0,0.0,1,644.0,1634.0,2,753.0,904.0,0.0,0.0,0.0,0.0,13
2023-05-09 21:07:46,ru2401C13000,ru2401C13000,753.0,0.0,0.0,0.0,1,644.0,1634.0,2,753.0,904.0,0.0,0.0,0.0,0.0,13
2023-05-09 21:07:47,ru2401C13000,ru2401C13000,753.0,0.0,0.0,0.0,1,644.0,1633.0,1,753.0,904.0,0.0,0.0,0.0,0.0,13
2023-05-09 21:07:47,ru2401C13000,ru2401C13000,753.0,0.0,0.0,0.0,1,644.0,1632.0,2,753.0,904.0,0.0,0.0,0.0,0.0,13
2023-05-09 21:07:48,ru2401C13000,ru2401C13000,753.0,0.0,0.0,0.0,1,644.0,1632.0,2,753.0,904.0,0.0,0.0,0.0,0.0,13
2023-05-09 21:07:48,ru2401C13000,ru2401C13000,753.0,0.0,0.0,0.0,1,644.0,1631.0,1,753.0,904.0,0.0,0.0,0.0,0.0,13
2023-05-09 21:07:49,ru2401C13000,ru2401C13000,753.0,0.0,0.0,0.0,1,644.0,1630.0,2,753.0,904.0,0.0,0.0,0.0,0.0,13
2023-05-09 21:07:49,ru2401C13000,ru2401C13000,753.0,0.0,0.0,0.0,1,644.0,1630.0,2,753.0,904.0,0.0,0.0,0.0,0.0,13
2023-05-09 21:07:50,ru2401C13000,ru2401C13000,753.0,0.0,0.0,0.0,1,644.0,1629.0,1,753.0,904.0,0.0,0.0,0.0,0.0,13
2023-05-09 21:07:50,ru2401C13000,ru2401C13000,753.0,0.0,0.0,0.0,1,644.0,1628.0,2,753.0,904.0,0.0,0.0,0.0,0.0,13
2023-05-09 21:07:51,ru2401C13000,ru2401C13000,753.0,0.0,0.0,0.0,1,644.0,1628.0,2,753.0,904.0,0.0,0.0,0.0,0.0,13
2023-05-09 21:07:51,ru2401C13000,ru2401C13000,753.0,0.0,0.0,0.0,1,644.0,1627.0,1,753.0,904.0,0.0,0.0,0.0,0.0,13
2023-05-09 21:07:52,ru2401C13000,ru2401C13000,753.0,0.0,0.0,0.0,1,644.0,1626.0,2,753.0,904.0,0.0,0.0,0.0,0.0,13
2023-05-09 21:07:52,ru2401C13000,ru2401C13000,753.0,0.0,0.0,0.0,1,644.0,1626.0,2,753.0,904.0,0.0,0.0,0.0,0.0,13
2023-05-09 21:07:53,ru2401C13000,ru2401C13000,753.0,0.0,0.0,0.0,1,644.0,1625.0,1,753.0,904.0,0.0,0.0,0.0,0.0,13
2023-05-09 21:07:53,ru2401C13000,ru2401C13000,753.0,0.0,0.0,0.0,1,644.0,1624.0,2,753.0,904.0,0.0,0.0,0.0,0.0,13
2023-05-09 21:07:54,ru2401C13000,ru2401C13000,753.0,0.0,0.0,0.0,1,644.0,1624.0,2,753.0,904.0,0.0,0.0,0.0,0.0,13
2023-05-09 21:07:54,ru2401C13000,ru2401C13000,753.0,0.0,0.0,0.0,1,644.0,1623.0,1,753.0,904.0,0.0,0.0,0.0,0.0,13
2023-05-09 21:07:55,ru2401C13000,ru2401C13000,753.0,0.0,0.0,0.0,1,644.0,1622.0,2,753.0,904.0,0.0,0.0,0.0,0.0,13
2023-05-09 21:07:55,ru2401C13000,ru2401C13000,753.0,0.0,0.0,0.0,1,644.0,1622.0,2,753.0,904.0,0.0,0.0,0.0,0.0,13
2023-05-09 21:07:56,ru2401C13000,ru2401C13000,753.0,0.0,0.0,0.0,1,644.0,1621.0,1,753.0,904.0,0.0,0.0,0.0,0.0,13
2023-05-09 21:07:56,ru2401C13000,ru2401C13000,753.0,0.0,0.0,0.0,1,644.0,1620.0,2,753.0,904.0,0.0,0.0,0.0,0.0,13
2023-05-09 21:07:57,ru2401C13000,ru2401C13000,753.0,0.0,0.0,0.0,1,644.0,1620.0,2,753.0,904.0,0.0,0.0,0.0,0.0,13
2023-05-09 21:07:57,ru2401C13000,ru2401C13000,753.0,0.0,0.0,0.0,1,644.0,1619.0,1,753.0,904.0,0.0,0.0,0.0,0.0,13
2023-05-09 21:07:58,ru2401C13000,ru2401C13000,753.0,0.0,0.0,0.0,1,644.0,1618.0,2,753.0,904.0,0.0,0.0,0.0,0.0,13
2023-05-09 21:07:58,ru2401C13000,ru2401C13000,753.0,0.0,0.0,0.0,1,644.0,1618.0,2,753.0,904.0,0.0,0.0,0.0,0.0,13
2023-05-09 21:07:59,ru2401C13000,ru2401C13000,753.0,0.0,0.0,0.0,1,644.0,1617.0,1,753.0,904.0,0.0,0.0,0.0,0.0,13
2023-05-09 21:07:59,ru2401C13000,ru2401C13000,753.0,0.0,0.0,0.0,1,644.0,1616.0,2,753.0,904.0,0.0,0.0,0.0,0.0,13
2023-05-09 21:08:00,ru2401C13000,ru2401C13000,753.0,0.0,0.0,0.0,1,644.0,1616.0,2,753.0,904.0,0.0,0.0,0.0,0.0,13
2023-05-09 21:08:00,ru2401C13000,ru2401C13000,753.0,0.0,0.0,0.0,1,644.0,1615.0,1,753.0,904.0,0.0,0.0,0.0,0.0,13
2023-05-09 21:08:01,ru2401C13000,ru2401C13000,753.0,0.0,0.0,0.0,1,644.0,1614.0,2,753.0,904.0,0.0,0.0,0.0,0.0,13
2023-05-09 21:08:01,ru2401C13000,ru2401C13000,753.0,0.0,0.0,0.0,1,644.0,1614.0,2,753.0,904.0,0.0,0.0,0.0,0.0,13
2023-05-09 21:08:02,ru2401C13000,ru2401C13000,753.0,0.0,0.0,0.0,1,644.0,1613.0,1,753.0,904.0,0.0,0.0,0.0,0.0,13
2023-05-09 21:08:02,ru2401C13000,ru2401C13000,753.0,0.0,0.0,0.0,1,644.0,1612.0,2,753.0,904.0,0.0,0.0,0.0,0.0,13
2023-05-09 21:08:03,ru2401C13000,ru2401C13000,753.0,0.0,0.0,0.0,1,644.0,1612.0,2,753.0,904.0,0.0,0.0,0.0,0.0,13
2023-05-09 21:08:03,ru2401C13000,ru2401C13000,753.0,0.0,0.0,0.0,1,644.0,1611.0,1,753.0,904.0,0.0,0.0,0.0,0.0,13
2023-05-09 21:08:04,ru2401C13000,ru2401C13000,753.0,0.0,0.0,0.0,1,644.0,1610.0,2,753.0,904.0,0.0,0.0,0.0,0.0,13
2023-05-09 21:08:04,ru2401C13000,ru2401C13000,753.0,0.0,0.0,0.0,1,644.0,1610.0,2,753.0,904.0,0.0,0.0,0.0,0.0,13
2023-05-09 21:08:05,ru2401C13000,ru2401C13000,753.0,0.0,0.0,0.0,1,644.0,1609.0,1,753.0,904.0,0.0,0.0,0.0,0.0,13
2023-05-09 21:08:05,ru2401C13000,ru2401C13000,753.0,0.0,0.0,0.0,1,644.0,1608.0,2,753.0,904.0,0.0,0.0,0.0,0.0,13
2023-05-09 21:08:06,ru2401C13000,ru2401C13000,753.0,0.0,0.0,0.0,1,644.0,1608.0,2,753.0,904.0,0.0,0.0,0.0,0.0,13
2023-05-09 21:08:06,ru2401C13000,ru2401C13000,753.0,0.0,0.0,0.0,1,644.0,1607.0,1,753.0,904.0,0.0,0.0,0.0,0.0,13
2023-05-09 21:08:07,ru2401C13000,ru2401C13000,753.0,0.0,0.0,0.0,1,644.0,1606.0,2,753.0,904.0,0.0,0.0,0.0,0.0,13
2023-05-09 21:08:07,ru2401C13000,ru2401C13000,753.0,0.0,0.0,0.0,1,644.0,1606.0,2,753.0,904.0,0.0,0.0,0.0,0.0,13
2023-05-09 21:08:08,ru2401C13000,ru2401C13000,753.0,0.0,0.0,0.0,1,644.0,1605.0,1,753.0,904.0,0.0,0.0,0.0,0.0,13
2023-05-09 21:08:08,ru2401C13000,ru2401C13000,753.0,0.0,0.0,0.0,1,644.0,1604.0,2,753.0,904.0,0.0,0.0,0.0,0.0,13
2023-05-09 21:08:09,ru2401C13000,ru2401C13000,753.0,0.0,0.0,0.0,1,644.0,1604.0,2,753.0,904.0,0.0,0.0,0.0,0.0,13
2023-05-09 21:08:09,ru2401C13000,ru2401C13000,753.0,0.0,0.0,0.0,1,644.0,1603.0,1,753.0,904.0,0.0,0.0,0.0,0.0,13
2023-05-09 21:08:10,ru2401C13000,ru2401C13000,753.0,0.0,0.0,0.0,1,644.0,1602.0,2,753.0,904.0,0.0,0.0,0.0,0.0,13
2023-05-09 21:08:10,ru2401C13000,ru2401C13000,753.0,0.0,0.0,0.0,1,644.0,1602.0,2,753.0,904.0,0.0,0.0,0.0,0.0,13
2023-05-09 21:08:11,ru2401C13000,ru2401C13000,753.0,0.0,0.0,0.0,1,644.0,1601.0,1,753.0,904.0,0.0,0.0,0.0,0.0,13
2023-05-09 21:08:11,ru2401C13000,ru2401C13000,753.0,0.0,0.0,0.0,1,644.0,1600.0,2,753.0,904.0,0.0,0.0,0.0,0.0,13
2023-05-09 21:08:12,ru2401C13000,ru2401C13000,753.0,0.0,0.0,0.0,1,644.0,1600.0,2,753.0,904.0,0.0,0.0,0.0,0.0,13
2023-05-09 21:08:12,ru2401C13000,ru2401C13000,753.0,0.0,0.0,0.0,1,644.0,1599.0,1,753.0,904.0,0.0,0.0,0.0,0.0,13
2023-05-09 21:08:13,ru2401C13000,ru2401C13000,753.0,0.0,0.0,0.0,1,644.0,1598.0,2,753.0,904.0,0.0,0.0,0.0,0.0,13
2023-05-09 21:08:13,ru2401C13000,ru2401C13000,753.0,0.0,0.0,0.0,1,644.0,1598.0,2,753.0,904.0,0.0,0.0,0.0,0.0,13
2023-05-09 21:08:14,ru2401C13000,ru2401C13000,753.0,0.0,0.0,0.0,1,644.0,1597.0,1,753.0,904.0,0.0,0.0,0.0,0.0,13
2023-05-09 21:08:14,ru2401C13000,ru2401C13000,753.0,0.0,0.0,0.0,1,644.0,1596.0,2,753.0,904.0,0.0,0.0,0.0,0.0,13
2023-05-09 21:08:15,ru2401C13000,ru2401C13000,753.0,0.0,0.0,0.0,1,644.0,1596.0,2,753.0,904.0,0.0,0.0,0.0,0.0,13
2023-05-09 21:08:15,ru2401C13000,ru2401C13000,753.0,0.0,0.0,0.0,1,644.0,1595.0,1,753.0,904.0,0.0,0.0,0.0,0.0,13
2023-05-09 21:08:16,ru2401C13000,ru2401C13000,753.0,0.0,0.0,0.0,1,644.0,1594.0,2,753.0,904.0,0.0,0.0,0.0,0.0,13
2023-05-09 21:08:16,ru2401C13000,ru2401C13000,753.0,0.0,0.0,0.0,1,644.0,1594.0,2,753.0,904.0,0.0,0.0,0.0,0.0,13
2023-05-09 21:08:17,ru2401C13000,ru2401C13000,753.0,0.0,0.0,0.0,1,644.0,1593.0,1,753.0,904.0,0.0,0.0,0.0,0.0,13
2023-05-09 21:08:17,ru2401C13000,ru2401C13000,753.0,0.0,0.0,0.0,1,644.0,1592.0,2,753.0,904.0,0.0,0.0,0.0,0.0,13
2023-05-09 21:08:18,ru2401C13000,ru2401C13000,753.0,0.0,0.0,0.0,1,644.0,1592.0,2,753.0,904.0,0.0,0.0,0.0,0.0,13
2023-05-09 21:08:18,ru2401C13000,ru2401C13000,753.0,0.0,0.0,0.0,1,644.0,1591.0,1,753.0,904.0,0.0,0.0,0.0,0.0,13
2023-05-09 21:08:19,ru2401C13000,ru2401C13000,753.0,0.0,0.0,0.0,1,644.0,1590.0,2,753.0,904.0,0.0,0.0,0.0,0.0,13
2023-05-09 21:08:19,ru2401C13000,ru2401C13000,753.0,0.0,0.0,0.0,1,644.0,1590.0,2,753.0,904.0,0.0,0.0,0.0,0.0,13
2023-05-09 21:08:20,ru2401C13000,ru2401C13000,753.0,0.0,0.0,0.0,1,644.0,1589.0,1,753.0,904.0,0.0,0.0,0.0,0.0,13
2023-05-09 21:08:20,ru2401C13000,ru2401C13000,753.0,0.0,0.0,0.0,1,644.0,1588.0,2,753.0,904.0,0.0,0.0,0.0,0.0,13
2023-05-09 21:08:21,ru2401C13000,ru2401C13000,753.0,0.0,0.0,0.0,1,644.0,1588.0,2,753.0,904.0,0.0,0.0,0.0,0.0,13
2023-05-09 21:08:21,ru2401C13000,ru2401C13000,753.0,0.0,0.0,0.0,1,644.0,1587.0,1,753.0,904.0,0.0,0.0,0.0,0.0,13
2023-05-09 21:08:22,ru2401C13000,ru2401C13000,753.0,0.0,0.0,0.0,1,644.0,1586.0,2,753.0,904.0,0.0,0.0,0.0,0.0,13
2023-05-09 21:08:22,ru2401C13000,ru2401C13000,753.0,0.0,0.0,0.0,1,644.0,1586.0,2,753.0,904.0,0.0,0.0,0.0,0.0,13
2023-05-09 21:08:23,ru2401C13000,ru2401C13000,753.0,0.0,0.0,0.0,1,644.0,1585.0,1,753.0,904.0,0.0,0.0,0.0,0.0,13
2023-05-09 21:08:23,ru2401C13000,ru2401C13000,753.0,0.0,0.0,0.0,1,644.0,1584.0,2,753.0,904.0,0.0,0.0,0.0,0.0,13
2023-05-09 21:08:24,ru2401C13000,ru2401C13000,753.0,0.0,0.0,0.0,1,644.0,1584.0,2,753.0,904.0,0.0,0.0,0.0,0.0,13
2023-05-09 21:08:24,ru2401C13000,ru2401C13000,753.0,0.0,0.0,0.0,1,644.0,1583.0,1,753.0,904.0,0.0,0.0,0.0,0.0,13
2023-05-09 21:08:25,ru2401C13000,ru2401C13000,753.0,0.0,0.0,0.0,1,644.0,1582.0,2,753.0,904.0,0.0,0.0,0.0,0.0,13
2023-05-09 21:08:25,ru2401C13000,ru2401C13000,753.0,0.0,0.0,0.0,1,644.0,1582.0,2,753.0,904.0,0.0,0.0,0.0,0.0,13
2023-05-09 21:08:26,ru2401C13000,ru2401C13000,753.0,0.0,0.0,0.0,1,644.0,1581.0,1,753.0,904.0,0.0,0.0,0.0,0.0,13
2023-05-09 21:08:26,ru2401C13000,ru2401C13000,753.0,0.0,0.0,0.0,1,644.0,1580.0,2,753.0,904.0,0.0,0.0,0.0,0.0,13
2023-05-09 21:08:27,ru2401C13000,ru2401C13000,753.0,0.0,0.0,0.0,1,644.0,1580.0,2,753.0,904.0,0.0,0.0,0.0,0.0,13
2023-05-09 21:08:27,ru2401C13000,ru2401C13000,753.0,0.0,0.0,0.0,1,644.0,1579.0,1,753.0,904.0,0.0,0.0,0.0,0.0,13
2023-05-09 21:08:28,ru2401C13000,ru2401C13000,753.0,0.0,0.0,0.0,2,645.0,1578.0,2,753.0,904.0,0.0,0.0,0.0,0.0,13
2023-05-09 21:08:28,ru2401C13000,ru2401C13000,753.0,0.0,0.0,0.0,2,645.0,1578.0,2,753.0,904.0,0.0,0.0,0.0,0.0,13
2023-05-09 21:08:29,ru2401C13000,ru2401C13000,753.0,0.0,0.0,0.0,1,646.0,1577.0,1,753.0,904.0,0.0,0.0,0.0,0.0,13
2023-05-09 21:08:29,ru2401C13000,ru2401C13000,753.0,0.0,0.0,0.0,1,646.0,1576.0,2,753.0,904.0,0.0,0.0,0.0,0.0,13
2023-05-09 21:08:30,ru2401C13000,ru2401C13000,753.0,0.0,0.0,0.0,1,646.0,1576.0,2,753.0,904.0,0.0,0.0,0.0,0.0,13
2023-05-09 21:08:30,ru2401C13000,ru2401C13000,753.0,0.0,0.0,0.0,1,646.0,1575.0,1,753.0,904.0,0.0,0.0,0.0,0.0,13
2023-05-09 21:08:31,ru2401C13000,ru2401C13000,753.0,0.0,0.0,0.0,1,646.0,1574.0,2,753.0,904.0,0.0,0.0,0.0,0.0,13
2023-05-09 21:08:31,ru2401C13000,ru2401C13000,753.0,0.0,0.0,0.0,1,646.0,1574.0,2,753.0,904.0,0.0,0.0,0.0,0.0,13
2023-05-09 21:08:32,ru2401C13000,ru2401C13000,753.0,0.0,0.0,0.0,1,646.0,1573.0,1,753.0,904.0,0.0,0.0,0.0,0.0,13
2023-05-09 21:08:32,ru2401C13000,ru2401C13000,753.0,0.0,0.0,0.0,1,646.0,1572.0,2,753.0,904.0,0.0,0.0,0.0,0.0,13
2023-05-09 21:08:33,ru2401C13000,ru2401C13000,753.0,0.0,0.0,0.0,1,646.0,1572.0,2,753.0,904.0,0.0,0.0,0.0,0.0,13
2023-05-09 21:08:33,ru2401C13000,ru2401C13000,753.0,0.0,0.0,0.0,1,646.0,1571.0,1,753.0,904.0,0.0,0.0,0.0,0.0,13
2023-05-09 21:08:34,ru2401C13000,ru2401C13000,753.0,0.0,0.0,0.0,1,646.0,1570.0,2,753.0,904.0,0.0,0.0,0.0,0.0,13
2023-05-09 21:08:34,ru2401C13000,ru2401C13000,753.0,0.0,0.0,0.0,1,646.0,1570.0,2,753.0,904.0,0.0,0.0,0.0,0.0,13
2023-05-09 21:08:35,ru2401C13000,ru2401C13000,753.0,0.0,0.0,0.0,1,646.0,1569.0,1,753.0,904.0,0.0,0.0,0.0,0.0,13
2023-05-09 21:08:35,ru2401C13000,ru2401C13000,753.0,0.0,0.0,0.0,1,646.0,1568.0,2,753.0,904.0,0.0,0.0,0.0,0.0,13
2023-05-09 21:08:36,ru2401C13000,ru2401C13000,753.0,0.0,0.0,0.0,1,646.0,1568.0,2,753.0,904.0,0.0,0.0,0.0,0.0,13
2023-05-09 21:08:36,ru2401C13000,ru2401C13000,753.0,0.0,0.0,0.0,1,646.0,1567.0,1,753.0,904.0,0.0,0.0,0.0,0.0,13
2023-05-09 21:08:37,ru2401C13000,ru2401C13000,753.0,0.0,0.0,0.0,1,646.0,1566.0,2,753.0,904.0,0.0,0.0,0.0,0.0,13
2023-05-09 21:08:37,ru2401C13000,ru2401C13000,753.0,0.0,0.0,0.0,1,646.0,1566.0,2,753.0,904.0,0.0,0.0,0.0,0.0,13
2023-05-09 21:08:38,ru2401C13000,ru2401C13000,753.0,0.0,0.0,0.0,1,646.0,1565.0,1,753.0,904.0,0.0,0.0,0.0,0.0,13
2023-05-09 21:08:38,ru2401C13000,ru2401C13000,753.0,0.0,0.0,0.0,1,646.0,1564.0,2,753.0,904.0,0.0,0.0,0.0,0.0,13
2023-05-09 21:08:39,ru2401C13000,ru2401C13000,753.0,0.0,0.0,0.0,1,646.0,1564.0,2,753.0,904.0,0.0,0.0,0.0,0.0,13
2023-05-09 21:08:39,ru2401C13000,ru2401C13000,753.0,0.0,0.0,0.0,1,646.0,1563.0,1,753.0,904.0,0.0,0.0,0.0,0.0,13
2023-05-09 21:08:40,ru2401C13000,ru2401C13000,753.0,0.0,0.0,0.0,1,646.0,1562.0,2,753.0,904.0,0.0,0.0,0.0,0.0,13
2023-05-09 21:08:40,ru2401C13000,ru2401C13000,753.0,0.0,0.0,0.0,1,646.0,1562.0,2,753.0,904.0,0.0,0.0,0.0,0.0,13
2023-05-09 21:08:41,ru2401C13000,ru2401C13000,753.0,0.0,0.0,0.0,1,646.0,1561.0,1,753.0,904.0,0.0,0.0,0.0,0.0,13
2023-05-09 21:08:41,ru2401C13000,ru2401C13000,753.0,0.0,0.0,0.0,1,646.0,1560.0,2,753.0,904.0,0.0,0.0,0.0,0.0,13
2023-05-09 21:08:42,ru2401C13000,ru2401C13000,753.0,0.0,0.0,0.0,1,646.0,1560.0,2,753.0,904.0,0.0,0.0,0.0,0.0,13
2023-05-09 21:08:42,ru2401C13000,ru2401C13000,753.0,0.0,0.0,0.0,1,646.0,1559.0,1,753.0,904.0,0.0,0.0,0.0,0.0,13
2023-05-09 21:08:43,ru2401C13000,ru2401C13000,753.0,0.0,0.0,0.0,1,646.0,1558.0,2,753.0,904.0,0.0,0.0,0.0,0.0,13
2023-05-09 21:08:43,ru2401C13000,ru2401C13000,753.0,0.0,0.0,0.0,1,646.0,1558.0,2,753.0,904.0,0.0,0.0,0.0,0.0,13
2023-05-09 21:08:44,ru2401C13000,ru2401C13000,753.0,0.0,0.0,0.0,1,646.0,1557.0,1,753.0,904.0,0.0,0.0,0.0,0.0,13
2023-05-09 21:08:44,ru2401C13000,ru2401C13000,753.0,0.0,0.0,0.0,1,646.0,1556.0,2,753.0,904.0,0.0,0.0,0.0,0.0,13
2023-05-09 21:08:45,ru2401C13000,ru2401C13000,753.0,0.0,0.0,0.0,1,646.0,1556.0,2,753.0,904.0,0.0,0.0,0.0,0.0,13
2023-05-09 21:08:45,ru2401C13000,ru2401C13000,753.0,0.0,0.0,0.0,1,646.0,1555.0,1,753.0,904.0,0.0,0.0,0.0,0.0,13
2023-05-09 21:08:46,ru2401C13000,ru2401C13000,753.0,0.0,0.0,0.0,1,646.0,1554.0,2,753.0,904.0,0.0,0.0,0.0,0.0,13
2023-05-09 21:08:46,ru2401C13000,ru2401C13000,753.0,0.0,0.0,0.0,1,646.0,1554.0,2,753.0,904.0,0.0,0.0,0.0,0.0,13
2023-05-09 21:08:47,ru2401C13000,ru2401C13000,753.0,0.0,0.0,0.0,1,646.0,1553.0,1,753.0,904.0,0.0,0.0,0.0,0.0,13
2023-05-09 21:08:47,ru2401C13000,ru2401C13000,753.0,0.0,0.0,0.0,1,646.0,1552.0,2,753.0,904.0,0.0,0.0,0.0,0.0,13
2023-05-09 21:08:48,ru2401C13000,ru2401C13000,753.0,0.0,0.0,0.0,1,646.0,1552.0,2,753.0,904.0,0.0,0.0,0.0,0.0,13
2023-05-09 21:08:48,ru2401C13000,ru2401C13000,753.0,0.0,0.0,0.0,1,646.0,1551.0,1,753.0,904.0,0.0,0.0,0.0,0.0,13
2023-05-09 21:08:49,ru2401C13000,ru2401C13000,753.0,0.0,0.0,0.0,1,646.0,1550.0,2,753.0,904.0,0.0,0.0,0.0,0.0,13
2023-05-09 21:08:49,ru2401C13000,ru2401C13000,753.0,0.0,0.0,0.0,1,646.0,1550.0,2,753.0,904.0,0.0,0.0,0.0,0.0,13
2023-05-09 21:08:50,ru2401C13000,ru2401C13000,753.0,0.0,0.0,0.0,1,646.0,1549.0,1,753.0,904.0,0.0,0.0,0.0,0.0,13
2023-05-09 21:08:50,ru2401C13000,ru2401C13000,753.0,0.0,0.0,0.0,1,646.0,1548.0,2,753.0,904.0,0.0,0.0,0.0,0.0,13
2023-05-09 21:08:51,ru2401C13000,ru2401C13000,753.0,0.0,0.0,0.0,1,646.0,1548.0,2,753.0,904.0,0.0,0.0,0.0,0.0,13
2023-05-09 21:08:51,ru2401C13000,ru2401C13000,753.0,0.0,0.0,0.0,1,646.0,1547.0,1,753.0,904.0,0.0,0.0,0.0,0.0,13
2023-05-09 21:08:52,ru2401C13000,ru2401C13000,753.0,0.0,0.0,0.0,1,646.0,1546.0,2,753.0,904.0,0.0,0.0,0.0,0.0,13
2023-05-09 21:08:52,ru2401C13000,ru2401C13000,753.0,0.0,0.0,0.0,1,646.0,1546.0,2,753.0,904.0,0.0,0.0,0.0,0.0,13
2023-05-09 21:08:53,ru2401C13000,ru2401C13000,753.0,0.0,0.0,0.0,1,646.0,1545.0,1,753.0,904.0,0.0,0.0,0.0,0.0,13
2023-05-09 21:08:53,ru2401C13000,ru2401C13000,753.0,0.0,0.0,0.0,1,646.0,1544.0,2,753.0,904.0,0.0,0.0,0.0,0.0,13
2023-05-09 21:08:54,ru2401C13000,ru2401C13000,753.0,0.0,0.0,0.0,1,646.0,1544.0,2,753.0,904.0,0.0,0.0,0.0,0.0,13
2023-05-09 21:08:54,ru2401C13000,ru2401C13000,753.0,0.0,0.0,0.0,1,646.0,1543.0,1,753.0,904.0,0.0,0.0,0.0,0.0,13
2023-05-09 21:08:55,ru2401C13000,ru2401C13000,753.0,0.0,0.0,0.0,1,646.0,1542.0,2,753.0,904.0,0.0,0.0,0.0,0.0,13
2023-05-09 21:08:55,ru2401C13000,ru2401C13000,753.0,0.0,0.0,0.0,1,646.0,1542.0,2,753.0,904.0,0.0,0.0,0.0,0.0,13
2023-05-09 21:08:56,ru2401C13000,ru2401C13000,753.0,0.0,0.0,0.0,1,646.0,1541.0,1,753.0,904.0,0.0,0.0,0.0,0.0,13
2023-05-09 21:08:56,ru2401C13000,ru2401C13000,753.0,0.0,0.0,0.0,1,646.0,1540.0,2,753.0,904.0,0.0,0.0,0.0,0.0,13
2023-05-09 21:08:57,ru2401C13000,ru2401C13000,753.0,0.0,0.0,0.0,1,646.0,1540.0,2,753.0,904.0,0.0,0.0,0.0,0.0,13
2023-05-09 21:08:57,ru2401C13000,ru2401C13000,753.0,0.0,0.0,0.0,1,646.0,1539.0,1,753.0,904.0,0.0,0.0,0.0,0.0,13
2023-05-09 21:08:58,ru2401C13000,ru2401C13000,753.0,0.0,0.0,0.0,1,646.0,1538.0,2,753.0,904.0,0.0,0.0,0.0,0.0,13
2023-05-09 21:08:58,ru2401C13000,ru2401C13000,753.0,0.0,0.0,0.0,1,646.0,1538.0,2,753.0,904.0,0.0,0.0,0.0,0.0,13
2023-05-09 21:08:59,ru2401C13000,ru2401C13000,753.0,0.0,0.0,0.0,1,646.0,1537.0,1,753.0,904.0,0.0,0.0,0.0,0.0,13
2023-05-09 21:08:59,ru2401C13000,ru2401C13000,753.0,0.0,0.0,0.0,1,646.0,1536.0,2,753.0,904.0,0.0,0.0,0.0,0.0,13
2023-05-09 21:09:00,ru2401C13000,ru2401C13000,753.0,0.0,0.0,0.0,1,646.0,1536.0,2,753.0,904.0,0.0,0.0,0.0,0.0,13
2023-05-09 21:09:00,ru2401C13000,ru2401C13000,753.0,0.0,0.0,0.0,1,646.0,1535.0,1,753.0,904.0,0.0,0.0,0.0,0.0,13
2023-05-09 21:09:01,ru2401C13000,ru2401C13000,753.0,0.0,0.0,0.0,1,646.0,1534.0,2,753.0,904.0,0.0,0.0,0.0,0.0,13
2023-05-09 21:09:01,ru2401C13000,ru2401C13000,753.0,0.0,0.0,0.0,1,646.0,1534.0,2,753.0,904.0,0.0,0.0,0.0,0.0,13
2023-05-09 21:09:02,ru2401C13000,ru2401C13000,753.0,0.0,0.0,0.0,1,646.0,1533.0,1,753.0,904.0,0.0,0.0,0.0,0.0,13
2023-05-09 21:09:02,ru2401C13000,ru2401C13000,753.0,0.0,0.0,0.0,1,646.0,1532.0,2,753.0,904.0,0.0,0.0,0.0,0.0,13
2023-05-09 21:09:03,ru2401C13000,ru2401C13000,753.0,0.0,0.0,0.0,1,646.0,1532.0,2,753.0,904.0,0.0,0.0,0.0,0.0,13
2023-05-09 21:09:03,ru2401C13000,ru2401C13000,753.0,0.0,0.0,0.0,1,646.0,1531.0,1,753.0,904.0,0.0,0.0,0.0,0.0,13
2023-05-09 21:09:04,ru2401C13000,ru2401C13000,753.0,0.0,0.0,0.0,1,646.0,1530.0,2,753.0,904.0,0.0,0.0,0.0,0.0,13
2023-05-09 21:09:04,ru2401C13000,ru2401C13000,753.0,0.0,0.0,0.0,1,646.0,1530.0,2,753.0,904.0,0.0,0.0,0.0,0.0,13
2023-05-09 21:09:05,ru2401C13000,ru2401C13000,753.0,0.0,0.0,0.0,1,646.0,1529.0,1,753.0,904.0,0.0,0.0,0.0,0.0,13
2023-05-09 21:09:05,ru2401C13000,ru2401C13000,753.0,0.0,0.0,0.0,1,646.0,1528.0,2,753.0,904.0,0.0,0.0,0.0,0.0,13
2023-05-09 21:09:06,ru2401C13000,ru2401C13000,753.0,0.0,0.0,0.0,1,646.0,1528.0,2,753.0,904.0,0.0,0.0,0.0,0.0,13
2023-05-09 21:09:06,ru2401C13000,ru2401C13000,753.0,0.0,0.0,0.0,1,646.0,1527.0,1,753.0,904.0,0.0,0.0,0.0,0.0,13
2023-05-09 21:09:07,ru2401C13000,ru2401C13000,753.0,0.0,0.0,0.0,1,646.0,1526.0,2,753.0,904.0,0.0,0.0,0.0,0.0,13
2023-05-09 21:09:07,ru2401C13000,ru2401C13000,753.0,0.0,0.0,0.0,1,646.0,1526.0,2,753.0,904.0,0.0,0.0,0.0,0.0,13
2023-05-09 21:09:08,ru2401C13000,ru2401C13000,753.0,0.0,0.0,0.0,1,646.0,1525.0,1,753.0,904.0,0.0,0.0,0.0,0.0,13
2023-05-09 21:09:08,ru2401C13000,ru2401C13000,753.0,0.0,0.0,0.0,1,646.0,1524.0,2,753.0,904.0,0.0,0.0,0.0,0.0,13
2023-05-09 21:09:09,ru2401C13000,ru2401C13000,753.0,0.0,0.0,0.0,1,646.0,1524.0,2,753.0,904.0,0.0,0.0,0.0,0.0,13
2023-05-09 21:09:09,ru2401C13000,ru2401C13000,753.0,0.0,0.0,0.0,1,646.0,1523.0,1,753.0,904.0,0.0,0.0,0.0,0.0,13
2023-05-09 21:09:10,ru2401C13000,ru2401C13000,753.0,0.0,0.0,0.0,1,646.0,1522.0,2,753.0,904.0,0.0,0.0,0.0,0.0,13
2023-05-09 21:09:10,ru2401C13000,ru2401C13000,753.0,0.0,0.0,0.0,1,646.0,1522.0,2,753.0,904.0,0.0,0.0,0.0,0.0,13
2023-05-09 21:09:11,ru2401C13000,ru2401C13000,753.0,0.0,0.0,0.0,1,646.0,1521.0,1,753.0,904.0,0.0,0.0,0.0,0.0,13
2023-05-09 21:09:11,ru2401C13000,ru2401C13000,753.0,0.0,0.0,0.0,1,646.0,1520.0,2,753.0,904.0,0.0,0.0,0.0,0.0,13
2023-05-09 21:09:12,ru2401C13000,ru2401C13000,753.0,0.0,0.0,0.0,1,646.0,1520.0,2,753.0,904.0,0.0,0.0,0.0,0.0,13
2023-05-09 21:09:12,ru2401C13000,ru2401C13000,753.0,0.0,0.0,0.0,1,646.0,1519.0,1,753.0,904.0,0.0,0.0,0.0,0.0,13
2023-05-09 21:09:13,ru2401C13000,ru2401C13000,753.0,0.0,0.0,0.0,1,646.0,1518.0,2,753.0,904.0,0.0,0.0,0.0,0.0,13
2023-05-09 21:09:13,ru2401C13000,ru2401C13000,753.0,0.0,0.0,0.0,1,646.0,1518.0,2,753.0,904.0,0.0,0.0,0.0,0.0,13
2023-05-09 21:09:14,ru2401C13000,ru2401C13000,753.0,0.0,0.0,0.0,1,646.0,1517.0,1,753.0,904.0,0.0,0.0,0.0,0.0,13
2023-05-09 21:09:14,ru2401C13000,ru2401C13000,753.0,0.0,0.0,0.0,1,646.0,1516.0,2,753.0,904.0,0.0,0.0,0.0,0.0,13
2023-05-09 21:09:15,ru2401C13000,ru2401C13000,753.0,0.0,0.0,0.0,1,646.0,1516.0,2,753.0,904.0,0.0,0.0,0.0,0.0,13
2023-05-09 21:09:15,ru2401C13000,ru2401C13000,753.0,0.0,0.0,0.0,1,646.0,1515.0,1,753.0,904.0,0.0,0.0,0.0,0.0,13
2023-05-09 21:09:16,ru2401C13000,ru2401C13000,753.0,0.0,0.0,0.0,1,646.0,1514.0,2,753.0,904.0,0.0,0.0,0.0,0.0,13
2023-05-09 21:09:16,ru2401C13000,ru2401C13000,753.0,0.0,0.0,0.0,1,646.0,1514.0,2,753.0,904.0,0.0,0.0,0.0,0.0,13
2023-05-09 21:09:17,ru2401C13000,ru2401C13000,753.0,0.0,0.0,0.0,1,646.0,1513.0,1,753.0,904.0,0.0,0.0,0.0,0.0,13
2023-05-09 21:09:17,ru2401C13000,ru2401C13000,753.0,0.0,0.0,0.0,1,646.0,1512.0,2,753.0,904.0,0.0,0.0,0.0,0.0,13
2023-05-09 21:09:18,ru2401C13000,ru2401C13000,753.0,0.0,0.0,0.0,1,646.0,1512.0,2,753.0,904.0,0.0,0.0,0.0,0.0,13
2023-05-09 21:09:18,ru2401C13000,ru2401C13000,753.0,0.0,0.0,0.0,1,646.0,1511.0,1,753.0,904.0,0.0,0.0,0.0,0.0,13
2023-05-09 21:09:19,ru2401C13000,ru2401C13000,753.0,0.0,0.0,0.0,1,646.0,1510.0,2,753.0,904.0,0.0,0.0,0.0,0.0,13
2023-05-09 21:09:19,ru2401C13000,ru2401C13000,753.0,0.0,0.0,0.0,1,646.0,1510.0,2,753.0,904.0,0.0,0.0,0.0,0.0,13
2023-05-09 21:09:20,ru2401C13000,ru2401C13000,753.0,0.0,0.0,0.0,1,646.0,1509.0,1,753.0,904.0,0.0,0.0,0.0,0.0,13
2023-05-09 21:09:20,ru2401C13000,ru2401C13000,753.0,0.0,0.0,0.0,3,646.0,1508.0,2,753.0,904.0,0.0,0.0,0.0,0.0,13
2023-05-09 21:09:21,ru2401C13000,ru2401C13000,753.0,0.0,0.0,0.0,3,646.0,1508.0,2,753.0,904.0,0.0,0.0,0.0,0.0,13
2023-05-09 21:09:21,ru2401C13000,ru2401C13000,753.0,0.0,0.0,0.0,3,646.0,1507.0,1,753.0,904.0,0.0,0.0,0.0,0.0,13
2023-05-09 21:09:22,ru2401C13000,ru2401C13000,753.0,0.0,0.0,0.0,3,646.0,1506.0,2,753.0,904.0,0.0,0.0,0.0,0.0,13
2023-05-09 21:09:22,ru2401C13000,ru2401C13000,753.0,0.0,0.0,0.0,3,646.0,1506.0,2,753.0,904.0,0.0,0.0,0.0,0.0,13
2023-05-09 21:09:23,ru2401C13000,ru2401C13000,753.0,0.0,0.0,0.0,3,646.0,1505.0,1,753.0,904.0,0.0,0.0,0.0,0.0,13
2023-05-09 21:09:23,ru2401C13000,ru2401C13000,753.0,0.0,0.0,0.0,1,646.0,1504.0,2,753.0,904.0,0.0,0.0,0.0,0.0,13
2023-05-09 21:09:24,ru2401C13000,ru2401C13000,753.0,0.0,0.0,0.0,1,646.0,1504.0,2,753.0,904.0,0.0,0.0,0.0,0.0,13
2023-05-09 21:09:24,ru2401C13000,ru2401C13000,753.0,0.0,0.0,0.0,1,646.0,1503.0,1,753.0,904.0,0.0,0.0,0.0,0.0,13
2023-05-09 21:09:25,ru2401C13000,ru2401C13000,753.0,0.0,0.0,0.0,1,646.0,1502.0,2,753.0,904.0,0.0,0.0,0.0,0.0,13
2023-05-09 21:09:25,ru2401C13000,ru2401C13000,753.0,0.0,0.0,0.0,1,646.0,1502.0,2,753.0,904.0,0.0,0.0,0.0,0.0,13
2023-05-09 21:09:26,ru2401C13000,ru2401C13000,753.0,0.0,0.0,0.0,1,646.0,1501.0,1,753.0,904.0,0.0,0.0,0.0,0.0,13
2023-05-09 21:09:26,ru2401C13000,ru2401C13000,753.0,0.0,0.0,0.0,1,646.0,1500.0,2,753.0,904.0,0.0,0.0,0.0,0.0,13
2023-05-09 21:09:27,ru2401C13000,ru2401C13000,753.0,0.0,0.0,0.0,1,646.0,1500.0,2,753.0,904.0,0.0,0.0,0.0,0.0,13
2023-05-09 21:09:27,ru2401C13000,ru2401C13000,753.0,0.0,0.0,0.0,1,646.0,1499.0,1,753.0,904.0,0.0,0.0,0.0,0.0,13
2023-05-09 21:09:28,ru2401C13000,ru2401C13000,753.0,0.0,0.0,0.0,1,646.0,1498.0,2,753.0,904.0,0.0,0.0,0.0,0.0,13
2023-05-09 21:09:28,ru2401C13000,ru2401C13000,753.0,0.0,0.0,0.0,1,646.0,1498.0,2,753.0,904.0,0.0,0.0,0.0,0.0,13
2023-05-09 21:09:29,ru2401C13000,ru2401C13000,753.0,0.0,0.0,0.0,1,646.0,1497.0,1,753.0,904.0,0.0,0.0,0.0,0.0,13
2023-05-09 21:09:29,ru2401C13000,ru2401C13000,753.0,0.0,0.0,0.0,3,646.0,1496.0,2,753.0,904.0,0.0,0.0,0.0,0.0,13
2023-05-09 21:09:30,ru2401C13000,ru2401C13000,753.0,0.0,0.0,0.0,3,646.0,1496.0,2,753.0,904.0,0.0,0.0,0.0,0.0,13
2023-05-09 21:09:30,ru2401C13000,ru2401C13000,753.0,0.0,0.0,0.0,3,646.0,1495.0,1,753.0,904.0,0.0,0.0,0.0,0.0,13
2023-05-09 21:09:31,ru2401C13000,ru2401C13000,753.0,0.0,0.0,0.0,3,646.0,1494.0,2,753.0,904.0,0.0,0.0,0.0,0.0,13
2023-05-09 21:09:31,ru2401C13000,ru2401C13000,753.0,0.0,0.0,0.0,3,646.0,1494.0,2,753.0,904.0,0.0,0.0,0.0,0.0,13
2023-05-09 21:09:32,ru2401C13000,ru2401C13000,753.0,0.0,0.0,0.0,3,646.0,1493.0,1,753.0,904.0,0.0,0.0,0.0,0.0,13
2023-05-09 21:09:32,ru2401C13000,ru2401C13000,753.0,0.0,0.0,0.0,3,646.0,1492.0,2,753.0,904.0,0.0,0.0,0.0,0.0,13
2023-05-09 21:09:33,ru2401C13000,ru2401C13000,753.0,0.0,0.0,0.0,3,646.0,1492.0,2,753.0,904.0,0.0,0.0,0.0,0.0,13
2023-05-09 21:09:33,ru2401C13000,ru2401C13000,753.0,0.0,0.0,0.0,3,646.0,1491.0,1,753.0,904.0,0.0,0.0,0.0,0.0,13
2023-05-09 21:09:34,ru2401C13000,ru2401C13000,753.0,0.0,0.0,0.0,1,646.0,1490.0,2,753.0,904.0,0.0,0.0,0.0,0.0,13
2023-05-09 21:09:34,ru2401C13000,ru2401C13000,753.0,0.0,0.0,0.0,1,646.0,1490.0,2,753.0,904.0,0.0,0.0,0.0,0.0,13
2023-05-09 21:09:35,ru2401C13000,ru2401C13000,753.0,0.0,0.0,0.0,1,646.0,1489.0,1,753.0,904.0,0.0,0.0,0.0,0.0,13
2023-05-09 21:09:35,ru2401C13000,ru2401C13000,753.0,0.0,0.0,0.0,1,646.0,1488.0,2,753.0,904.0,0.0,0.0,0.0,0.0,13
2023-05-09 21:09:36,ru2401C13000,ru2401C13000,753.0,0.0,0.0,0.0,1,646.0,1488.0,2,753.0,904.0,0.0,0.0,0.0,0.0,13
2023-05-09 21:09:36,ru2401C13000,ru2401C13000,753.0,0.0,0.0,0.0,1,646.0,1487.0,1,753.0,904.0,0.0,0.0,0.0,0.0,13
2023-05-09 21:09:37,ru2401C13000,ru2401C13000,753.0,0.0,0.0,0.0,1,646.0,1486.0,2,753.0,904.0,0.0,0.0,0.0,0.0,13
2023-05-09 21:09:37,ru2401C13000,ru2401C13000,753.0,0.0,0.0,0.0,1,646.0,1486.0,2,753.0,904.0,0.0,0.0,0.0,0.0,13
2023-05-09 21:09:38,ru2401C13000,ru2401C13000,753.0,0.0,0.0,0.0,1,646.0,1485.0,1,753.0,904.0,0.0,0.0,0.0,0.0,13
2023-05-09 21:09:38,ru2401C13000,ru2401C13000,753.0,0.0,0.0,0.0,1,646.0,1484.0,2,753.0,904.0,0.0,0.0,0.0,0.0,13
2023-05-09 21:09:39,ru2401C13000,ru2401C13000,753.0,0.0,0.0,0.0,1,646.0,1484.0,2,753.0,904.0,0.0,0.0,0.0,0.0,13
2023-05-09 21:09:39,ru2401C13000,ru2401C13000,753.0,0.0,0.0,0.0,1,646.0,1483.0,1,753.0,904.0,0.0,0.0,0.0,0.0,13
2023-05-09 21:09:40,ru2401C13000,ru2401C13000,753.0,0.0,0.0,0.0,1,646.0,1482.0,2,753.0,904.0,0.0,0.0,0.0,0.0,13
2023-05-09 21:09:40,ru2401C13000,ru2401C13000,753.0,0.0,0.0,0.0,1,646.0,1482.0,2,753.0,904.0,0.0,0.0,0.0,0.0,13
2023-05-09 21:09:41,ru2401C13000,ru2401C13000,753.0,0.0,0.0,0.0,1,646.0,1481.0,1,753.0,904.0,0.0,0.0,0.0,0.0,13
2023-05-09 21:09:41,ru2401C13000,ru2401C13000,753.0,0.0,0.0,0.0,1,646.0,1480.0,2,753.0,904.0,0.0,0.0,0.0,0.0,13
2023-05-09 21:09:42,ru2401C13000,ru2401C13000,753.0,0.0,0.0,0.0,1,646.0,1480.0,2,753.0,904.0,0.0,0.0,0.0,0.0,13
2023-05-09 21:09:42,ru2401C13000,ru2401C13000,753.0,0.0,0.0,0.0,1,646.0,1479.0,1,753.0,904.0,0.0,0.0,0.0,0.0,13
2023-05-09 21:09:43,ru2401C13000,ru2401C13000,753.0,0.0,0.0,0.0,1,646.0,1478.0,2,753.0,904.0,0.0,0.0,0.0,0.0,13
2023-05-09 21:09:43,ru2401C13000,ru2401C13000,753.0,0.0,0.0,0.0,1,646.0,1478.0,2,753.0,904.0,0.0,0.0,0.0,0.0,13
2023-05-09 21:09:44,ru2401C13000,ru2401C13000,753.0,0.0,0.0,0.0,1,646.0,1477.0,1,753.0,904.0,0.0,0.0,0.0,0.0,13
2023-05-09 21:09:44,ru2401C13000,ru2401C13000,753.0,0.0,0.0,0.0,1,646.0,1476.0,2,753.0,904.0,0.0,0.0,0.0,0.0,13
2023-05-09 21:09:45,ru2401C13000,ru2401C13000,753.0,0.0,0.0,0.0,1,646.0,1476.0,2,753.0,904.0,0.0,0.0,0.0,0.0,13
2023-05-09 21:09:45,ru2401C13000,ru2401C13000,753.0,0.0,0.0,0.0,1,646.0,1475.0,1,753.0,904.0,0.0,0.0,0.0,0.0,13
2023-05-09 21:09:46,ru2401C13000,ru2401C13000,753.0,0.0,0.0,0.0,1,646.0,1474.0,2,753.0,904.0,0.0,0.0,0.0,0.0,13
2023-05-09 21:09:46,ru2401C13000,ru2401C13000,753.0,0.0,0.0,0.0,1,646.0,1474.0,2,753.0,904.0,0.0,0.0,0.0,0.0,13
2023-05-09 21:09:47,ru2401C13000,ru2401C13000,753.0,0.0,0.0,0.0,1,646.0,1473.0,1,753.0,904.0,0.0,0.0,0.0,0.0,13
2023-05-09 21:09:47,ru2401C13000,ru2401C13000,753.0,0.0,0.0,0.0,1,646.0,1472.0,2,753.0,904.0,0.0,0.0,0.0,0.0,13
2023-05-09 21:09:48,ru2401C13000,ru2401C13000,753.0,0.0,0.0,0.0,1,646.0,1472.0,2,753.0,904.0,0.0,0.0,0.0,0.0,13
2023-05-09 21:09:48,ru2401C13000,ru2401C13000,753.0,0.0,0.0,0.0,1,646.0,1471.0,1,753.0,904.0,0.0,0.0,0.0,0.0,13
2023-05-09 21:09:49,ru2401C13000,ru2401C13000,753.0,0.0,0.0,0.0,1,646.0,1470.0,2,753.0,904.0,0.0,0.0,0.0,0.0,13
2023-05-09 21:09:49,ru2401C13000,ru2401C13000,753.0,0.0,0.0,0.0,1,646.0,1470.0,2,753.0,904.0,0.0,0.0,0.0,0.0,13
2023-05-09 21:09:50,ru2401C13000,ru2401C13000,753.0,0.0,0.0,0.0,1,646.0,1469.0,1,753.0,904.0,0.0,0.0,0.0,0.0,13
2023-05-09 21:09:50,ru2401C13000,ru2401C13000,753.0,0.0,0.0,0.0,1,646.0,1468.0,2,753.0,904.0,0.0,0.0,0.0,0.0,13
2023-05-09 21:09:51,ru2401C13000,ru2401C13000,753.0,0.0,0.0,0.0,1,646.0,1468.0,2,753.0,904.0,0.0,0.0,0.0,0.0,13
2023-05-09 21:09:51,ru2401C13000,ru2401C13000,753.0,0.0,0.0,0.0,1,646.0,1467.0,1,753.0,904.0,0.0,0.0,0.0,0.0,13
2023-05-09 21:09:52,ru2401C13000,ru2401C13000,753.0,0.0,0.0,0.0,1,646.0,1466.0,2,753.0,904.0,0.0,0.0,0.0,0.0,13
2023-05-09 21:09:52,ru2401C13000,ru2401C13000,753.0,0.0,0.0,0.0,1,646.0,1466.0,2,753.0,904.0,0.0,0.0,0.0,0.0,13
2023-05-09 21:09:53,ru2401C13000,ru2401C13000,753.0,0.0,0.0,0.0,1,646.0,1465.0,1,753.0,904.0,0.0,0.0,0.0,0.0,13
2023-05-09 21:09:53,ru2401C13000,ru2401C13000,753.0,0.0,0.0,0.0,1,646.0,1464.0,2,753.0,904.0,0.0,0.0,0.0,0.0,13
2023-05-09 21:09:54,ru2401C13000,ru2401C13000,753.0,0.0,0.0,0.0,1,646.0,1464.0,2,753.0,904.0,0.0,0.0,0.0,0.0,13
2023-05-09 21:09:54,ru2401C13000,ru2401C13000,753.0,0.0,0.0,0.0,1,646.0,1463.0,1,753.0,904.0,0.0,0.0,0.0,0.0,13
2023-05-09 21:09:55,ru2401C13000,ru2401C13000,753.0,0.0,0.0,0.0,1,646.0,1462.0,2,753.0,904.0,0.0,0.0,0.0,0.0,13
2023-05-09 21:09:55,ru2401C13000,ru2401C13000,753.0,0.0,0.0,0.0,1,646.0,1462.0,2,753.0,904.0,0.0,0.0,0.0,0.0,13
2023-05-09 21:09:56,ru2401C13000,ru2401C13000,753.0,0.0,0.0,0.0,1,646.0,1461.0,1,753.0,904.0,0.0,0.0,0.0,0.0,13
2023-05-09 21:09:56,ru2401C13000,ru2401C13000,753.0,0.0,0.0,0.0,3,646.0,1460.0,2,753.0,904.0,0.0,0.0,0.0,0.0,13
2023-05-09 21:09:57,ru2401C13000,ru2401C13000,753.0,0.0,0.0,0.0,3,646.0,1460.0,2,753.0,904.0,0.0,0.0,0.0,0.0,13
2023-05-09 21:09:57,ru2401C13000,ru2401C13000,753.0,0.0,0.0,0.0,3,646.0,1459.0,1,753.0,904.0,0.0,0.0,0.0,0.0,13
2023-05-09 21:09:58,ru2401C13000,ru2401C13000,753.0,0.0,0.0,0.0,3,646.0,1458.0,2,753.0,904.0,0.0,0.0,0.0,0.0,13
2023-05-09 21:09:58,ru2401C13000,ru2401C13000,753.0,0.0,0.0,0.0,3,646.0,1458.0,2,753.0,904.0,0.0,0.0,0.0,0.0,13
2023-05-09 21:09:59,ru2401C13000,ru2401C13000,753.0,0.0,0.0,0.0,3,646.0,1457.0,1,753.0,904.0,0.0,0.0,0.0,0.0,13
2023-05-09 21:09:59,ru2401C13000,ru2401C13000,753.0,0.0,0.0,0.0,2,647.0,1456.0,2,753.0,904.0,0.0,0.0,0.0,0.0,13
2023-05-09 21:10:00,ru2401C13000,ru2401C13000,753.0,0.0,0.0,0.0,2,647.0,1456.0,2,753.0,904.0,0.0,0.0,0.0,0.0,13
2023-05-09 21:10:00,ru2401C13000,ru2401C13000,753.0,0.0,0.0,0.0,1,648.0,1455.0,1,753.0,904.0,0.0,0.0,0.0,0.0,13
2023-05-09 21:10:01,ru2401C13000,ru2401C13000,753.0,0.0,0.0,0.0,1,648.0,1454.0,2,753.0,904.0,0.0,0.0,0.0,0.0,13
2023-05-09 21:10:01,ru2401C13000,ru2401C13000,753.0,0.0,0.0,0.0,1,648.0,1454.0,2,753.0,904.0,0.0,0.0,0.0,0.0,13
2023-05-09 21:10:02,ru2401C13000,ru2401C13000,753.0,0.0,0.0,0.0,1,648.0,1453.0,1,753.0,904.0,0.0,0.0,0.0,0.0,13
2023-05-09 21:10:02,ru2401C13000,ru2401C13000,753.0,0.0,0.0,0.0,3,648.0,1452.0,2,753.0,904.0,0.0,0.0,0.0,0.0,13
2023-05-09 21:10:03,ru2401C13000,ru2401C13000,753.0,0.0,0.0,0.0,3,648.0,1452.0,2,753.0,904.0,0.0,0.0,0.0,0.0,13
2023-05-09 21:10:03,ru2401C13000,ru2401C13000,753.0,0.0,0.0,0.0,3,648.0,1451.0,1,753.0,904.0,0.0,0.0,0.0,0.0,13
2023-05-09 21:10:04,ru2401C13000,ru2401C13000,753.0,0.0,0.0,0.0,2,649.0,1450.0,2,753.0,904.0,0.0,0.0,0.0,0.0,13
2023-05-09 21:10:04,ru2401C13000,ru2401C13000,753.0,0.0,0.0,0.0,2,649.0,1450.0,2,753.0,904.0,0.0,0.0,0.0,0.0,13
2023-05-09 21:10:05,ru2401C13000,ru2401C13000,753.0,0.0,0.0,0.0,1,650.0,1449.0,1,753.0,904.0,0.0,0.0,0.0,0.0,13
2023-05-09 21:10:05,ru2401C13000,ru2401C13000,753.0,0.0,0.0,0.0,2,651.0,1448.0,2,753.0,904.0,0.0,0.0,0.0,0.0,13
2023-05-09 21:10:06,ru2401C13000,ru2401C13000,753.0,0.0,0.0,0.0,2,651.0,1448.0,2,753.0,904.0,0.0,0.0,0.0,0.0,13
2023-05-09 21:10:06,ru2401C13000,ru2401C13000,753.0,0.0,0.0,0.0,1,652.0,1447.0,1,753.0,904.0,0.0,0.0,0.0,0.0,13
2023-05-09 21:10:07,ru2401C13000,ru2401C13000,753.0,0.0,0.0,0.0,1,652.0,1446.0,2,753.0,904.0,0.0,0.0,0.0,0.0,13
2023-05-09 21:10:07,ru2401C13000,ru2401C13000,753.0,0.0,0.0,0.0,1,652.0,1445.0,1,753.0,904.0,0.0,0.0,0.0,0.0,13
2023-05-09 21:10:08,ru2401C13000,ru2401C13000,753.0,0.0,0.0,0.0,2,653.0,1444.0,2,753.0,904.0,0.0,0.0,0.0,0.0,13
2023-05-09 21:10:08,ru2401C13000,ru2401C13000,753.0,0.0,0.0,0.0,2,653.0,1444.0,2,753.0,904.0,0.0,0.0,0.0,0.0,13
2023-05-09 21:10:09,ru2401C13000,ru2401C13000,753.0,0.0,0.0,0.0,1,654.0,1443.0,1,753.0,904.0,0.0,0.0,0.0,0.0,13
2023-05-09 21:10:09,ru2401C13000,ru2401C13000,753.0,0.0,0.0,0.0,1,654.0,1442.0,2,753.0,904.0,0.0,0.0,0.0,0.0,13
2023-05-09 21:10:10,ru2401C13000,ru2401C13000,753.0,0.0,0.0,0.0,1,654.0,1442.0,2,753.0,904.0,0.0,0.0,0.0,0.0,13
2023-05-09 21:10:10,ru2401C13000,ru2401C13000,753.0,0.0,0.0,0.0,1,654.0,1441.0,1,753.0,904.0,0.0,0.0,0.0,0.0,13
2023-05-09 21:10:11,ru2401C13000,ru2401C13000,753.0,0.0,0.0,0.0,1,654.0,1440.0,2,753.0,904.0,0.0,0.0,0.0,0.0,13
2023-05-09 21:10:11,ru2401C13000,ru2401C13000,753.0,0.0,0.0,0.0,1,654.0,1440.0,2,753.0,904.0,0.0,0.0,0.0,0.0,13
2023-05-09 21:10:12,ru2401C13000,ru2401C13000,753.0,0.0,0.0,0.0,1,654.0,1439.0,1,753.0,904.0,0.0,0.0,0.0,0.0,13
2023-05-09 21:10:12,ru2401C13000,ru2401C13000,753.0,0.0,0.0,0.0,1,654.0,1438.0,2,753.0,904.0,0.0,0.0,0.0,0.0,13
2023-05-09 21:10:13,ru2401C13000,ru2401C13000,753.0,0.0,0.0,0.0,1,654.0,1438.0,2,753.0,904.0,0.0,0.0,0.0,0.0,13
2023-05-09 21:10:13,ru2401C13000,ru2401C13000,753.0,0.0,0.0,0.0,1,654.0,1437.0,1,753.0,904.0,0.0,0.0,0.0,0.0,13
2023-05-09 21:10:14,ru2401C13000,ru2401C13000,753.0,0.0,0.0,0.0,1,654.0,1436.0,2,753.0,904.0,0.0,0.0,0.0,0.0,13
2023-05-09 21:10:14,ru2401C13000,ru2401C13000,753.0,0.0,0.0,0.0,1,654.0,1436.0,2,753.0,904.0,0.0,0.0,0.0,0.0,13
2023-05-09 21:10:15,ru2401C13000,ru2401C13000,753.0,0.0,0.0,0.0,1,654.0,1435.0,1,753.0,904.0,0.0,0.0,0.0,0.0,13
2023-05-09 21:10:15,ru2401C13000,ru2401C13000,753.0,0.0,0.0,0.0,1,654.0,1434.0,2,753.0,904.0,0.0,0.0,0.0,0.0,13
2023-05-09 21:10:16,ru2401C13000,ru2401C13000,753.0,0.0,0.0,0.0,1,654.0,1434.0,2,753.0,904.0,0.0,0.0,0.0,0.0,13
2023-05-09 21:10:16,ru2401C13000,ru2401C13000,753.0,0.0,0.0,0.0,1,654.0,1433.0,1,753.0,904.0,0.0,0.0,0.0,0.0,13
2023-05-09 21:10:17,ru2401C13000,ru2401C13000,753.0,0.0,0.0,0.0,1,654.0,1432.0,2,753.0,904.0,0.0,0.0,0.0,0.0,13
2023-05-09 21:10:17,ru2401C13000,ru2401C13000,753.0,0.0,0.0,0.0,1,654.0,1432.0,2,753.0,904.0,0.0,0.0,0.0,0.0,13
2023-05-09 21:10:18,ru2401C13000,ru2401C13000,753.0,0.0,0.0,0.0,1,654.0,1431.0,1,753.0,904.0,0.0,0.0,0.0,0.0,13
2023-05-09 21:10:18,ru2401C13000,ru2401C13000,753.0,0.0,0.0,0.0,1,654.0,1430.0,2,753.0,904.0,0.0,0.0,0.0,0.0,13
2023-05-09 21:10:19,ru2401C13000,ru2401C13000,753.0,0.0,0.0,0.0,1,654.0,1430.0,2,753.0,904.0,0.0,0.0,0.0,0.0,13
2023-05-09 21:10:19,ru2401C13000,ru2401C13000,753.0,0.0,0.0,0.0,1,654.0,1429.0,1,753.0,904.0,0.0,0.0,0.0,0.0,13
2023-05-09 21:10:20,ru2401C13000,ru2401C13000,753.0,0.0,0.0,0.0,1,654.0,1428.0,2,753.0,904.0,0.0,0.0,0.0,0.0,13
2023-05-09 21:10:20,ru2401C13000,ru2401C13000,753.0,0.0,0.0,0.0,1,654.0,1428.0,2,753.0,904.0,0.0,0.0,0.0,0.0,13
2023-05-09 21:10:21,ru2401C13000,ru2401C13000,753.0,0.0,0.0,0.0,1,654.0,1427.0,1,753.0,904.0,0.0,0.0,0.0,0.0,13
2023-05-09 21:10:21,ru2401C13000,ru2401C13000,753.0,0.0,0.0,0.0,1,654.0,1426.0,2,753.0,904.0,0.0,0.0,0.0,0.0,13
2023-05-09 21:10:22,ru2401C13000,ru2401C13000,753.0,0.0,0.0,0.0,1,654.0,1426.0,2,753.0,904.0,0.0,0.0,0.0,0.0,13
2023-05-09 21:10:22,ru2401C13000,ru2401C13000,753.0,0.0,0.0,0.0,1,654.0,1425.0,1,753.0,904.0,0.0,0.0,0.0,0.0,13
2023-05-09 21:10:23,ru2401C13000,ru2401C13000,753.0,0.0,0.0,0.0,1,654.0,1424.0,2,753.0,904.0,0.0,0.0,0.0,0.0,13
2023-05-09 21:10:23,ru2401C13000,ru2401C13000,753.0,0.0,0.0,0.0,1,654.0,1424.0,2,753.0,904.0,0.0,0.0,0.0,0.0,13
2023-05-09 21:10:24,ru2401C13000,ru2401C13000,753.0,0.0,0.0,0.0,1,654.0,1423.0,1,753.0,904.0,0.0,0.0,0.0,0.0,13
2023-05-09 21:10:24,ru2401C13000,ru2401C13000,753.0,0.0,0.0,0.0,1,654.0,1422.0,2,753.0,904.0,0.0,0.0,0.0,0.0,13
2023-05-09 21:10:25,ru2401C13000,ru2401C13000,753.0,0.0,0.0,0.0,1,654.0,1422.0,2,753.0,904.0,0.0,0.0,0.0,0.0,13
2023-05-09 21:10:25,ru2401C13000,ru2401C13000,753.0,0.0,0.0,0.0,1,654.0,1421.0,1,753.0,904.0,0.0,0.0,0.0,0.0,13
2023-05-09 21:10:26,ru2401C13000,ru2401C13000,753.0,0.0,0.0,0.0,1,654.0,1420.0,2,753.0,904.0,0.0,0.0,0.0,0.0,13
2023-05-09 21:10:26,ru2401C13000,ru2401C13000,753.0,0.0,0.0,0.0,1,654.0,1420.0,2,753.0,904.0,0.0,0.0,0.0,0.0,13
2023-05-09 21:10:27,ru2401C13000,ru2401C13000,753.0,0.0,0.0,0.0,1,654.0,1419.0,1,753.0,904.0,0.0,0.0,0.0,0.0,13
2023-05-09 21:10:27,ru2401C13000,ru2401C13000,753.0,0.0,0.0,0.0,1,654.0,1418.0,2,753.0,904.0,0.0,0.0,0.0,0.0,13
2023-05-09 21:10:28,ru2401C13000,ru2401C13000,753.0,0.0,0.0,0.0,1,654.0,1418.0,2,753.0,904.0,0.0,0.0,0.0,0.0,13
2023-05-09 21:10:28,ru2401C13000,ru2401C13000,753.0,0.0,0.0,0.0,1,654.0,1417.0,1,753.0,904.0,0.0,0.0,0.0,0.0,13
2023-05-09 21:10:29,ru2401C13000,ru2401C13000,753.0,0.0,0.0,0.0,1,654.0,1416.0,2,753.0,904.0,0.0,0.0,0.0,0.0,13
2023-05-09 21:10:29,ru2401C13000,ru2401C13000,753.0,0.0,0.0,0.0,1,654.0,1416.0,2,753.0,904.0,0.0,0.0,0.0,0.0,13
2023-05-09 21:10:30,ru2401C13000,ru2401C13000,753.0,0.0,0.0,0.0,1,654.0,1415.0,1,753.0,904.0,0.0,0.0,0.0,0.0,13
2023-05-09 21:10:30,ru2401C13000,ru2401C13000,753.0,0.0,0.0,0.0,1,654.0,1414.0,2,753.0,904.0,0.0,0.0,0.0,0.0,13
2023-05-09 21:10:31,ru2401C13000,ru2401C13000,753.0,0.0,0.0,0.0,1,654.0,1414.0,2,753.0,904.0,0.0,0.0,0.0,0.0,13
2023-05-09 21:10:31,ru2401C13000,ru2401C13000,753.0,0.0,0.0,0.0,1,654.0,1413.0,1,753.0,904.0,0.0,0.0,0.0,0.0,13
2023-05-09 21:10:32,ru2401C13000,ru2401C13000,753.0,0.0,0.0,0.0,2,655.0,1412.0,2,753.0,904.0,0.0,0.0,0.0,0.0,13
2023-05-09 21:10:32,ru2401C13000,ru2401C13000,753.0,0.0,0.0,0.0,2,655.0,1412.0,2,753.0,904.0,0.0,0.0,0.0,0.0,13
2023-05-09 21:10:33,ru2401C13000,ru2401C13000,753.0,0.0,0.0,0.0,1,656.0,1411.0,1,753.0,904.0,0.0,0.0,0.0,0.0,13
2023-05-09 21:10:33,ru2401C13000,ru2401C13000,753.0,0.0,0.0,0.0,1,656.0,1410.0,2,753.0,904.0,0.0,0.0,0.0,0.0,13
2023-05-09 21:10:34,ru2401C13000,ru2401C13000,753.0,0.0,0.0,0.0,1,656.0,1410.0,2,753.0,904.0,0.0,0.0,0.0,0.0,13
2023-05-09 21:10:34,ru2401C13000,ru2401C13000,753.0,0.0,0.0,0.0,1,656.0,1409.0,1,753.0,904.0,0.0,0.0,0.0,0.0,13
2023-05-09 21:10:35,ru2401C13000,ru2401C13000,753.0,0.0,0.0,0.0,1,656.0,1408.0,2,753.0,904.0,0.0,0.0,0.0,0.0,13
2023-05-09 21:10:35,ru2401C13000,ru2401C13000,753.0,0.0,0.0,0.0,1,656.0,1408.0,2,753.0,904.0,0.0,0.0,0.0,0.0,13
2023-05-09 21:10:36,ru2401C13000,ru2401C13000,753.0,0.0,0.0,0.0,1,656.0,1407.0,1,753.0,904.0,0.0,0.0,0.0,0.0,13
2023-05-09 21:10:36,ru2401C13000,ru2401C13000,753.0,0.0,0.0,0.0,1,656.0,1406.0,2,753.0,904.0,0.0,0.0,0.0,0.0,13
2023-05-09 21:10:37,ru2401C13000,ru2401C13000,753.0,0.0,0.0,0.0,1,656.0,1406.0,2,753.0,904.0,0.0,0.0,0.0,0.0,13
2023-05-09 21:10:37,ru2401C13000,ru2401C13000,753.0,0.0,0.0,0.0,1,656.0,1405.0,1,753.0,904.0,0.0,0.0,0.0,0.0,13
2023-05-09 21:10:38,ru2401C13000,ru2401C13000,753.0,0.0,0.0,0.0,1,656.0,1404.0,2,753.0,904.0,0.0,0.0,0.0,0.0,13
2023-05-09 21:10:38,ru2401C13000,ru2401C13000,753.0,0.0,0.0,0.0,1,656.0,1404.0,2,753.0,904.0,0.0,0.0,0.0,0.0,13
2023-05-09 21:10:39,ru2401C13000,ru2401C13000,753.0,0.0,0.0,0.0,1,656.0,1403.0,1,753.0,904.0,0.0,0.0,0.0,0.0,13
2023-05-09 21:10:39,ru2401C13000,ru2401C13000,753.0,0.0,0.0,0.0,1,656.0,1402.0,2,753.0,904.0,0.0,0.0,0.0,0.0,13
2023-05-09 21:10:40,ru2401C13000,ru2401C13000,753.0,0.0,0.0,0.0,1,656.0,1402.0,2,753.0,904.0,0.0,0.0,0.0,0.0,13
2023-05-09 21:10:40,ru2401C13000,ru2401C13000,753.0,0.0,0.0,0.0,1,656.0,1401.0,1,753.0,904.0,0.0,0.0,0.0,0.0,13
2023-05-09 21:10:41,ru2401C13000,ru2401C13000,753.0,0.0,0.0,0.0,1,656.0,1400.0,2,753.0,904.0,0.0,0.0,0.0,0.0,13
2023-05-09 21:10:41,ru2401C13000,ru2401C13000,753.0,0.0,0.0,0.0,1,656.0,1400.0,2,753.0,904.0,0.0,0.0,0.0,0.0,13
2023-05-09 21:10:42,ru2401C13000,ru2401C13000,753.0,0.0,0.0,0.0,1,656.0,1399.0,1,753.0,904.0,0.0,0.0,0.0,0.0,13
2023-05-09 21:10:42,ru2401C13000,ru2401C13000,753.0,0.0,0.0,0.0,1,656.0,1398.0,2,753.0,904.0,0.0,0.0,0.0,0.0,13
2023-05-09 21:10:43,ru2401C13000,ru2401C13000,753.0,0.0,0.0,0.0,1,656.0,1398.0,2,753.0,904.0,0.0,0.0,0.0,0.0,13
2023-05-09 21:10:43,ru2401C13000,ru2401C13000,753.0,0.0,0.0,0.0,1,656.0,1397.0,1,753.0,904.0,0.0,0.0,0.0,0.0,13
2023-05-09 21:10:44,ru2401C13000,ru2401C13000,753.0,0.0,0.0,0.0,1,656.0,1396.0,2,753.0,904.0,0.0,0.0,0.0,0.0,13
2023-05-09 21:10:44,ru2401C13000,ru2401C13000,753.0,0.0,0.0,0.0,1,656.0,1396.0,2,753.0,904.0,0.0,0.0,0.0,0.0,13
2023-05-09 21:10:45,ru2401C13000,ru2401C13000,753.0,0.0,0.0,0.0,1,656.0,1395.0,1,753.0,904.0,0.0,0.0,0.0,0.0,13
2023-05-09 21:10:45,ru2401C13000,ru2401C13000,753.0,0.0,0.0,0.0,1,656.0,1394.0,2,753.0,904.0,0.0,0.0,0.0,0.0,13
2023-05-09 21:10:46,ru2401C13000,ru2401C13000,753.0,0.0,0.0,0.0,1,656.0,1394.0,2,753.0,904.0,0.0,0.0,0.0,0.0,13
2023-05-09 21:10:46,ru2401C13000,ru2401C13000,753.0,0.0,0.0,0.0,1,656.0,1393.0,1,753.0,904.0,0.0,0.0,0.0,0.0,13
2023-05-09 21:10:47,ru2401C13000,ru2401C13000,753.0,0.0,0.0,0.0,1,656.0,1392.0,2,753.0,904.0,0.0,0.0,0.0,0.0,13
2023-05-09 21:10:47,ru2401C13000,ru2401C13000,753.0,0.0,0.0,0.0,1,656.0,1392.0,2,753.0,904.0,0.0,0.0,0.0,0.0,13
2023-05-09 21:10:48,ru2401C13000,ru2401C13000,753.0,0.0,0.0,0.0,1,656.0,1391.0,1,753.0,904.0,0.0,0.0,0.0,0.0,13
2023-05-09 21:10:48,ru2401C13000,ru2401C13000,753.0,0.0,0.0,0.0,1,656.0,1390.0,2,753.0,904.0,0.0,0.0,0.0,0.0,13
2023-05-09 21:10:49,ru2401C13000,ru2401C13000,753.0,0.0,0.0,0.0,1,656.0,1390.0,2,753.0,904.0,0.0,0.0,0.0,0.0,13
2023-05-09 21:10:49,ru2401C13000,ru2401C13000,753.0,0.0,0.0,0.0,1,656.0,1389.0,1,753.0,904.0,0.0,0.0,0.0,0.0,13
2023-05-09 21:10:50,ru2401C13000,ru2401C13000,753.0,0.0,0.0,0.0,1,656.0,1388.0,2,753.0,904.0,0.0,0.0,0.0,0.0,13
2023-05-09 21:10:50,ru2401C13000,ru2401C13000,753.0,0.0,0.0,0.0,1,656.0,1388.0,2,753.0,904.0,0.0,0.0,0.0,0.0,13
2023-05-09 21:10:51,ru2401C13000,ru2401C13000,753.0,0.0,0.0,0.0,1,656.0,1387.0,1,753.0,904.0,0.0,0.0,0.0,0.0,13
2023-05-09 21:10:51,ru2401C13000,ru2401C13000,753.0,0.0,0.0,0.0,3,656.0,1386.0,2,753.0,904.0,0.0,0.0,0.0,0.0,13
2023-05-09 21:10:52,ru2401C13000,ru2401C13000,753.0,0.0,0.0,0.0,3,656.0,1386.0,2,753.0,904.0,0.0,0.0,0.0,0.0,13
2023-05-09 21:10:52,ru2401C13000,ru2401C13000,753.0,0.0,0.0,0.0,3,656.0,1385.0,1,753.0,904.0,0.0,0.0,0.0,0.0,13
2023-05-09 21:10:53,ru2401C13000,ru2401C13000,753.0,0.0,0.0,0.0,3,656.0,1384.0,2,753.0,904.0,0.0,0.0,0.0,0.0,13
2023-05-09 21:10:53,ru2401C13000,ru2401C13000,753.0,0.0,0.0,0.0,3,656.0,1384.0,2,753.0,904.0,0.0,0.0,0.0,0.0,13
2023-05-09 21:10:54,ru2401C13000,ru2401C13000,753.0,0.0,0.0,0.0,3,656.0,1383.0,1,753.0,904.0,0.0,0.0,0.0,0.0,13
2023-05-09 21:10:54,ru2401C13000,ru2401C13000,753.0,0.0,0.0,0.0,3,656.0,1382.0,2,753.0,904.0,0.0,0.0,0.0,0.0,13
2023-05-09 21:10:55,ru2401C13000,ru2401C13000,753.0,0.0,0.0,0.0,3,656.0,1382.0,2,753.0,904.0,0.0,0.0,0.0,0.0,13
2023-05-09 21:10:55,ru2401C13000,ru2401C13000,753.0,0.0,0.0,0.0,3,656.0,1381.0,1,753.0,904.0,0.0,0.0,0.0,0.0,13
2023-05-09 21:10:56,ru2401C13000,ru2401C13000,753.0,0.0,0.0,0.0,3,656.0,1380.0,2,753.0,904.0,0.0,0.0,0.0,0.0,13
2023-05-09 21:10:56,ru2401C13000,ru2401C13000,753.0,0.0,0.0,0.0,3,656.0,1380.0,2,753.0,904.0,0.0,0.0,0.0,0.0,13
2023-05-09 21:10:57,ru2401C13000,ru2401C13000,753.0,0.0,0.0,0.0,3,656.0,1379.0,1,753.0,904.0,0.0,0.0,0.0,0.0,13
2023-05-09 21:10:57,ru2401C13000,ru2401C13000,753.0,0.0,0.0,0.0,3,656.0,1378.0,2,753.0,904.0,0.0,0.0,0.0,0.0,13
2023-05-09 21:10:58,ru2401C13000,ru2401C13000,753.0,0.0,0.0,0.0,3,656.0,1378.0,2,753.0,904.0,0.0,0.0,0.0,0.0,13
2023-05-09 21:10:58,ru2401C13000,ru2401C13000,753.0,0.0,0.0,0.0,3,656.0,1377.0,1,753.0,904.0,0.0,0.0,0.0,0.0,13
2023-05-09 21:10:59,ru2401C13000,ru2401C13000,753.0,0.0,0.0,0.0,3,656.0,1376.0,2,753.0,904.0,0.0,0.0,0.0,0.0,13
2023-05-09 21:10:59,ru2401C13000,ru2401C13000,753.0,0.0,0.0,0.0,3,656.0,1376.0,2,753.0,904.0,0.0,0.0,0.0,0.0,13
2023-05-09 21:11:00,ru2401C13000,ru2401C13000,753.0,0.0,0.0,0.0,3,656.0,1375.0,1,753.0,904.0,0.0,0.0,0.0,0.0,13
2023-05-09 21:11:00,ru2401C13000,ru2401C13000,753.0,0.0,0.0,0.0,3,656.0,1374.0,2,753.0,904.0,0.0,0.0,0.0,0.0,13
2023-05-09 21:11:01,ru2401C13000,ru2401C13000,753.0,0.0,0.0,0.0,3,656.0,1374.0,2,753.0,904.0,0.0,0.0,0.0,0.0,13
2023-05-09 21:11:01,ru2401C13000,ru2401C13000,753.0,0.0,0.0,0.0,3,656.0,1373.0,1,753.0,904.0,0.0,0.0,0.0,0.0,13
2023-05-09 21:11:02,ru2401C13000,ru2401C13000,753.0,0.0,0.0,0.0,3,656.0,1372.0,2,753.0,904.0,0.0,0.0,0.0,0.0,13
2023-05-09 21:11:02,ru2401C13000,ru2401C13000,753.0,0.0,0.0,0.0,3,656.0,1372.0,2,753.0,904.0,0.0,0.0,0.0,0.0,13
2023-05-09 21:11:03,ru2401C13000,ru2401C13000,753.0,0.0,0.0,0.0,3,656.0,1371.0,1,753.0,904.0,0.0,0.0,0.0,0.0,13
2023-05-09 21:11:03,ru2401C13000,ru2401C13000,753.0,0.0,0.0,0.0,3,656.0,1370.0,2,753.0,904.0,0.0,0.0,0.0,0.0,13
2023-05-09 21:11:04,ru2401C13000,ru2401C13000,753.0,0.0,0.0,0.0,3,656.0,1370.0,2,753.0,904.0,0.0,0.0,0.0,0.0,13
2023-05-09 21:11:04,ru2401C13000,ru2401C13000,753.0,0.0,0.0,0.0,3,656.0,1369.0,1,753.0,904.0,0.0,0.0,0.0,0.0,13
2023-05-09 21:11:05,ru2401C13000,ru2401C13000,753.0,0.0,0.0,0.0,3,656.0,1368.0,2,753.0,904.0,0.0,0.0,0.0,0.0,13
2023-05-09 21:11:05,ru2401C13000,ru2401C13000,753.0,0.0,0.0,0.0,3,656.0,1368.0,2,753.0,904.0,0.0,0.0,0.0,0.0,13
2023-05-09 21:11:06,ru2401C13000,ru2401C13000,753.0,0.0,0.0,0.0,3,656.0,1367.0,1,753.0,904.0,0.0,0.0,0.0,0.0,13
2023-05-09 21:11:06,ru2401C13000,ru2401C13000,753.0,0.0,0.0,0.0,3,656.0,1366.0,2,753.0,904.0,0.0,0.0,0.0,0.0,13
2023-05-09 21:11:07,ru2401C13000,ru2401C13000,753.0,0.0,0.0,0.0,3,656.0,1366.0,2,753.0,904.0,0.0,0.0,0.0,0.0,13
2023-05-09 21:11:07,ru2401C13000,ru2401C13000,753.0,0.0,0.0,0.0,3,656.0,1365.0,1,753.0,904.0,0.0,0.0,0.0,0.0,13
2023-05-09 21:11:08,ru2401C13000,ru2401C13000,753.0,0.0,0.0,0.0,3,656.0,1364.0,2,753.0,904.0,0.0,0.0,0.0,0.0,13
2023-05-09 21:11:08,ru2401C13000,ru2401C13000,753.0,0.0,0.0,0.0,3,656.0,1364.0,2,753.0,904.0,0.0,0.0,0.0,0.0,13
2023-05-09 21:11:09,ru2401C13000,ru2401C13000,753.0,0.0,0.0,0.0,3,656.0,1363.0,1,753.0,904.0,0.0,0.0,0.0,0.0,13
2023-05-09 21:11:09,ru2401C13000,ru2401C13000,753.0,0.0,0.0,0.0,3,656.0,1362.0,2,753.0,904.0,0.0,0.0,0.0,0.0,13
2023-05-09 21:11:10,ru2401C13000,ru2401C13000,753.0,0.0,0.0,0.0,3,656.0,1362.0,2,753.0,904.0,0.0,0.0,0.0,0.0,13
