time,symbol_id,symbol_name,last,trade_volume,trade_amount,open_interest_change,bv1,bp1,ap1,av1,yesterday_close,today_open,today_high,today_low,volume,amount,open_interest
2023-05-09 20:59:00,ru2401P11750,ru2401P11750,181.0,0.0,0.0,0.0,1,3.0,820.0,1,181.0,154.0,0.0,0.0,0.0,0.0,17
2023-05-09 21:00:08,ru2401P11750,ru2401P11750,181.0,0.0,0.0,0.0,1,4.0,819.0,1,181.0,154.0,0.0,0.0,0.0,0.0,17
2023-05-09 21:01:14,ru2401P11750,ru2401P11750,181.0,0.0,0.0,0.0,2,20.0,819.0,1,181.0,154.0,0.0,0.0,0.0,0.0,17
2023-05-09 21:01:15,ru2401P11750,ru2401P11750,181.0,0.0,0.0,0.0,2,20.0,819.0,1,181.0,154.0,0.0,0.0,0.0,0.0,17
2023-05-09 21:01:15,ru2401P11750,ru2401P11750,181.0,0.0,0.0,0.0,1,21.0,819.0,1,181.0,154.0,0.0,0.0,0.0,0.0,17
2023-05-09 21:02:00,ru2401P11750,ru2401P11750,181.0,0.0,0.0,0.0,2,37.0,819.0,1,181.0,154.0,0.0,0.0,0.0,0.0,17
2023-05-09 21:02:01,ru2401P11750,ru2401P11750,181.0,0.0,0.0,0.0,2,37.0,819.0,1,181.0,154.0,0.0,0.0,0.0,0.0,17
2023-05-09 21:02:01,ru2401P11750,ru2401P11750,181.0,0.0,0.0,0.0,1,38.0,819.0,1,181.0,154.0,0.0,0.0,0.0,0.0,17
2023-05-09 21:02:13,ru2401P11750,ru2401P11750,181.0,0.0,0.0,0.0,2,54.0,819.0,1,181.0,154.0,0.0,0.0,0.0,0.0,17
2023-05-09 21:02:14,ru2401P11750,ru2401P11750,181.0,0.0,0.0,0.0,2,54.0,819.0,1,181.0,154.0,0.0,0.0,0.0,0.0,17
2023-05-09 21:02:14,ru2401P11750,ru2401P11750,181.0,0.0,0.0,0.0,1,55.0,819.0,1,181.0,154.0,0.0,0.0,0.0,0.0,17
2023-05-09 21:02:16,ru2401P11750,ru2401P11750,181.0,0.0,0.0,0.0,2,63.0,819.0,1,181.0,154.0,0.0,0.0,0.0,0.0,17
2023-05-09 21:02:17,ru2401P11750,ru2401P11750,181.0,0.0,0.0,0.0,2,63.0,819.0,1,181.0,154.0,0.0,0.0,0.0,0.0,17
2023-05-09 21:02:17,ru2401P11750,ru2401P11750,181.0,0.0,0.0,0.0,1,64.0,819.0,1,181.0,154.0,0.0,0.0,0.0,0.0,17
2023-05-09 21:02:19,ru2401P11750,ru2401P11750,181.0,0.0,0.0,0.0,2,65.0,819.0,1,181.0,154.0,0.0,0.0,0.0,0.0,17
2023-05-09 21:02:20,ru2401P11750,ru2401P11750,181.0,0.0,0.0,0.0,2,65.0,819.0,1,181.0,154.0,0.0,0.0,0.0,0.0,17
2023-05-09 21:02:20,ru2401P11750,ru2401P11750,181.0,0.0,0.0,0.0,1,66.0,819.0,1,181.0,154.0,0.0,0.0,0.0,0.0,17
2023-05-09 21:02:22,ru2401P11750,ru2401P11750,181.0,0.0,0.0,0.0,2,67.0,819.0,1,181.0,154.0,0.0,0.0,0.0,0.0,17
2023-05-09 21:02:23,ru2401P11750,ru2401P11750,181.0,0.0,0.0,0.0,2,67.0,819.0,1,181.0,154.0,0.0,0.0,0.0,0.0,17
2023-05-09 21:02:23,ru2401P11750,ru2401P11750,181.0,0.0,0.0,0.0,1,68.0,819.0,1,181.0,154.0,0.0,0.0,0.0,0.0,17
2023-05-09 21:02:25,ru2401P11750,ru2401P11750,181.0,0.0,0.0,0.0,1,68.0,819.0,1,181.0,154.0,0.0,0.0,0.0,0.0,17
2023-05-09 21:02:37,ru2401P11750,ru2401P11750,181.0,0.0,0.0,0.0,2,69.0,819.0,1,181.0,154.0,0.0,0.0,0.0,0.0,17
2023-05-09 21:02:37,ru2401P11750,ru2401P11750,181.0,0.0,0.0,0.0,2,69.0,819.0,1,181.0,154.0,0.0,0.0,0.0,0.0,17
2023-05-09 21:02:38,ru2401P11750,ru2401P11750,181.0,0.0,0.0,0.0,1,70.0,819.0,1,181.0,154.0,0.0,0.0,0.0,0.0,17
2023-05-09 21:02:38,ru2401P11750,ru2401P11750,181.0,0.0,0.0,0.0,2,71.0,819.0,1,181.0,154.0,0.0,0.0,0.0,0.0,17
2023-05-09 21:02:39,ru2401P11750,ru2401P11750,181.0,0.0,0.0,0.0,2,71.0,819.0,1,181.0,154.0,0.0,0.0,0.0,0.0,17
2023-05-09 21:02:39,ru2401P11750,ru2401P11750,181.0,0.0,0.0,0.0,1,72.0,819.0,1,181.0,154.0,0.0,0.0,0.0,0.0,17
2023-05-09 21:02:40,ru2401P11750,ru2401P11750,181.0,0.0,0.0,0.0,2,73.0,819.0,1,181.0,154.0,0.0,0.0,0.0,0.0,17
2023-05-09 21:02:41,ru2401P11750,ru2401P11750,181.0,0.0,0.0,0.0,2,73.0,819.0,1,181.0,154.0,0.0,0.0,0.0,0.0,17
2023-05-09 21:02:41,ru2401P11750,ru2401P11750,181.0,0.0,0.0,0.0,1,74.0,819.0,1,181.0,154.0,0.0,0.0,0.0,0.0,17
2023-05-09 21:02:42,ru2401P11750,ru2401P11750,181.0,0.0,0.0,0.0,2,75.0,819.0,1,181.0,154.0,0.0,0.0,0.0,0.0,17
2023-05-09 21:02:43,ru2401P11750,ru2401P11750,181.0,0.0,0.0,0.0,2,75.0,819.0,1,181.0,154.0,0.0,0.0,0.0,0.0,17
2023-05-09 21:02:43,ru2401P11750,ru2401P11750,181.0,0.0,0.0,0.0,1,76.0,819.0,1,181.0,154.0,0.0,0.0,0.0,0.0,17
2023-05-09 21:02:44,ru2401P11750,ru2401P11750,181.0,0.0,0.0,0.0,2,77.0,819.0,1,181.0,154.0,0.0,0.0,0.0,0.0,17
2023-05-09 21:02:44,ru2401P11750,ru2401P11750,181.0,0.0,0.0,0.0,2,77.0,819.0,1,181.0,154.0,0.0,0.0,0.0,0.0,17
2023-05-09 21:02:45,ru2401P11750,ru2401P11750,181.0,0.0,0.0,0.0,1,78.0,819.0,1,181.0,154.0,0.0,0.0,0.0,0.0,17
2023-05-09 21:02:46,ru2401P11750,ru2401P11750,181.0,0.0,0.0,0.0,1,78.0,819.0,1,181.0,154.0,0.0,0.0,0.0,0.0,17
2023-05-09 21:02:46,ru2401P11750,ru2401P11750,181.0,0.0,0.0,0.0,2,79.0,819.0,1,181.0,154.0,0.0,0.0,0.0,0.0,17
2023-05-09 21:02:47,ru2401P11750,ru2401P11750,181.0,0.0,0.0,0.0,2,79.0,819.0,1,181.0,154.0,0.0,0.0,0.0,0.0,17
2023-05-09 21:02:47,ru2401P11750,ru2401P11750,181.0,0.0,0.0,0.0,1,80.0,819.0,1,181.0,154.0,0.0,0.0,0.0,0.0,17
2023-05-09 21:02:48,ru2401P11750,ru2401P11750,181.0,0.0,0.0,0.0,2,81.0,819.0,1,181.0,154.0,0.0,0.0,0.0,0.0,17
2023-05-09 21:02:48,ru2401P11750,ru2401P11750,181.0,0.0,0.0,0.0,2,81.0,819.0,1,181.0,154.0,0.0,0.0,0.0,0.0,17
2023-05-09 21:02:49,ru2401P11750,ru2401P11750,181.0,0.0,0.0,0.0,1,82.0,819.0,1,181.0,154.0,0.0,0.0,0.0,0.0,17
2023-05-09 21:02:49,ru2401P11750,ru2401P11750,181.0,0.0,0.0,0.0,1,82.0,819.0,1,181.0,154.0,0.0,0.0,0.0,0.0,17
2023-05-09 21:02:54,ru2401P11750,ru2401P11750,181.0,0.0,0.0,0.0,1,82.0,819.0,1,181.0,154.0,0.0,0.0,0.0,0.0,17
2023-05-09 21:03:30,ru2401P11750,ru2401P11750,181.0,0.0,0.0,0.0,1,168.0,193.0,1,181.0,154.0,0.0,0.0,0.0,0.0,17
2023-05-09 21:03:31,ru2401P11750,ru2401P11750,181.0,0.0,0.0,0.0,1,168.0,193.0,1,181.0,154.0,0.0,0.0,0.0,0.0,17
2023-05-09 21:03:43,ru2401P11750,ru2401P11750,181.0,0.0,0.0,0.0,1,11.0,820.0,1,181.0,154.0,0.0,0.0,0.0,0.0,17
2023-05-09 21:03:43,ru2401P11750,ru2401P11750,181.0,0.0,0.0,0.0,2,27.0,819.0,1,181.0,154.0,0.0,0.0,0.0,0.0,17
2023-05-09 21:03:44,ru2401P11750,ru2401P11750,181.0,0.0,0.0,0.0,2,27.0,819.0,1,181.0,154.0,0.0,0.0,0.0,0.0,17
2023-05-09 21:03:44,ru2401P11750,ru2401P11750,181.0,0.0,0.0,0.0,1,28.0,819.0,1,181.0,154.0,0.0,0.0,0.0,0.0,17
2023-05-09 21:03:45,ru2401P11750,ru2401P11750,181.0,0.0,0.0,0.0,2,44.0,819.0,1,181.0,154.0,0.0,0.0,0.0,0.0,17
2023-05-09 21:03:45,ru2401P11750,ru2401P11750,181.0,0.0,0.0,0.0,2,44.0,819.0,1,181.0,154.0,0.0,0.0,0.0,0.0,17
2023-05-09 21:03:46,ru2401P11750,ru2401P11750,181.0,0.0,0.0,0.0,1,45.0,819.0,1,181.0,154.0,0.0,0.0,0.0,0.0,17
2023-05-09 21:03:46,ru2401P11750,ru2401P11750,181.0,0.0,0.0,0.0,2,61.0,819.0,1,181.0,154.0,0.0,0.0,0.0,0.0,17
2023-05-09 21:03:47,ru2401P11750,ru2401P11750,181.0,0.0,0.0,0.0,2,61.0,819.0,1,181.0,154.0,0.0,0.0,0.0,0.0,17
2023-05-09 21:03:47,ru2401P11750,ru2401P11750,181.0,0.0,0.0,0.0,1,62.0,819.0,1,181.0,154.0,0.0,0.0,0.0,0.0,17
2023-05-09 21:03:48,ru2401P11750,ru2401P11750,181.0,0.0,0.0,0.0,2,78.0,819.0,1,181.0,154.0,0.0,0.0,0.0,0.0,17
2023-05-09 21:03:48,ru2401P11750,ru2401P11750,181.0,0.0,0.0,0.0,2,78.0,819.0,1,181.0,154.0,0.0,0.0,0.0,0.0,17
2023-05-09 21:03:49,ru2401P11750,ru2401P11750,181.0,0.0,0.0,0.0,1,79.0,819.0,1,181.0,154.0,0.0,0.0,0.0,0.0,17
2023-05-09 21:03:50,ru2401P11750,ru2401P11750,181.0,0.0,0.0,0.0,2,80.0,819.0,1,181.0,154.0,0.0,0.0,0.0,0.0,17
2023-05-09 21:03:50,ru2401P11750,ru2401P11750,181.0,0.0,0.0,0.0,2,80.0,819.0,1,181.0,154.0,0.0,0.0,0.0,0.0,17
2023-05-09 21:03:51,ru2401P11750,ru2401P11750,181.0,0.0,0.0,0.0,1,81.0,819.0,1,181.0,154.0,0.0,0.0,0.0,0.0,17
2023-05-09 21:03:51,ru2401P11750,ru2401P11750,181.0,0.0,0.0,0.0,1,81.0,819.0,1,181.0,154.0,0.0,0.0,0.0,0.0,17
2023-05-09 21:03:57,ru2401P11750,ru2401P11750,181.0,0.0,0.0,0.0,2,82.0,818.0,2,181.0,154.0,0.0,0.0,0.0,0.0,17
2023-05-09 21:03:57,ru2401P11750,ru2401P11750,181.0,0.0,0.0,0.0,2,82.0,818.0,2,181.0,154.0,0.0,0.0,0.0,0.0,17
2023-05-09 21:03:58,ru2401P11750,ru2401P11750,181.0,0.0,0.0,0.0,1,83.0,817.0,1,181.0,154.0,0.0,0.0,0.0,0.0,17
2023-05-09 21:03:58,ru2401P11750,ru2401P11750,181.0,0.0,0.0,0.0,2,84.0,816.0,2,181.0,154.0,0.0,0.0,0.0,0.0,17
2023-05-09 21:03:59,ru2401P11750,ru2401P11750,181.0,0.0,0.0,0.0,2,84.0,816.0,2,181.0,154.0,0.0,0.0,0.0,0.0,17
2023-05-09 21:03:59,ru2401P11750,ru2401P11750,181.0,0.0,0.0,0.0,1,85.0,815.0,1,181.0,154.0,0.0,0.0,0.0,0.0,17
2023-05-09 21:04:00,ru2401P11750,ru2401P11750,181.0,0.0,0.0,0.0,2,86.0,814.0,2,181.0,154.0,0.0,0.0,0.0,0.0,17
2023-05-09 21:04:00,ru2401P11750,ru2401P11750,181.0,0.0,0.0,0.0,2,86.0,814.0,2,181.0,154.0,0.0,0.0,0.0,0.0,17
2023-05-09 21:04:01,ru2401P11750,ru2401P11750,181.0,0.0,0.0,0.0,1,87.0,813.0,1,181.0,154.0,0.0,0.0,0.0,0.0,17
2023-05-09 21:04:01,ru2401P11750,ru2401P11750,181.0,0.0,0.0,0.0,2,88.0,812.0,2,181.0,154.0,0.0,0.0,0.0,0.0,17
2023-05-09 21:04:02,ru2401P11750,ru2401P11750,181.0,0.0,0.0,0.0,2,88.0,812.0,2,181.0,154.0,0.0,0.0,0.0,0.0,17
2023-05-09 21:04:02,ru2401P11750,ru2401P11750,181.0,0.0,0.0,0.0,1,89.0,811.0,1,181.0,154.0,0.0,0.0,0.0,0.0,17
2023-05-09 21:04:03,ru2401P11750,ru2401P11750,181.0,0.0,0.0,0.0,2,90.0,810.0,2,181.0,154.0,0.0,0.0,0.0,0.0,17
2023-05-09 21:04:03,ru2401P11750,ru2401P11750,181.0,0.0,0.0,0.0,2,90.0,810.0,2,181.0,154.0,0.0,0.0,0.0,0.0,17
2023-05-09 21:04:04,ru2401P11750,ru2401P11750,181.0,0.0,0.0,0.0,2,90.0,809.0,1,181.0,154.0,0.0,0.0,0.0,0.0,17
2023-05-09 21:04:04,ru2401P11750,ru2401P11750,181.0,0.0,0.0,0.0,2,12.0,808.0,2,181.0,154.0,0.0,0.0,0.0,0.0,17
2023-05-09 21:04:05,ru2401P11750,ru2401P11750,181.0,0.0,0.0,0.0,2,28.0,808.0,2,181.0,154.0,0.0,0.0,0.0,0.0,17
2023-05-09 21:04:05,ru2401P11750,ru2401P11750,181.0,0.0,0.0,0.0,2,29.0,807.0,1,181.0,154.0,0.0,0.0,0.0,0.0,17
2023-05-09 21:04:06,ru2401P11750,ru2401P11750,181.0,0.0,0.0,0.0,1,30.0,806.0,2,181.0,154.0,0.0,0.0,0.0,0.0,17
2023-05-09 21:04:06,ru2401P11750,ru2401P11750,181.0,0.0,0.0,0.0,2,31.0,806.0,2,181.0,154.0,0.0,0.0,0.0,0.0,17
2023-05-09 21:04:07,ru2401P11750,ru2401P11750,181.0,0.0,0.0,0.0,2,31.0,805.0,1,181.0,154.0,0.0,0.0,0.0,0.0,17
2023-05-09 21:04:07,ru2401P11750,ru2401P11750,181.0,0.0,0.0,0.0,1,32.0,804.0,2,181.0,154.0,0.0,0.0,0.0,0.0,17
2023-05-09 21:04:08,ru2401P11750,ru2401P11750,181.0,0.0,0.0,0.0,2,33.0,804.0,2,181.0,154.0,0.0,0.0,0.0,0.0,17
2023-05-09 21:04:08,ru2401P11750,ru2401P11750,181.0,0.0,0.0,0.0,2,33.0,803.0,1,181.0,154.0,0.0,0.0,0.0,0.0,17
2023-05-09 21:04:09,ru2401P11750,ru2401P11750,181.0,0.0,0.0,0.0,1,34.0,802.0,2,181.0,154.0,0.0,0.0,0.0,0.0,17
2023-05-09 21:04:09,ru2401P11750,ru2401P11750,181.0,0.0,0.0,0.0,2,35.0,802.0,2,181.0,154.0,0.0,0.0,0.0,0.0,17
2023-05-09 21:04:10,ru2401P11750,ru2401P11750,181.0,0.0,0.0,0.0,2,35.0,801.0,1,181.0,154.0,0.0,0.0,0.0,0.0,17
2023-05-09 21:04:10,ru2401P11750,ru2401P11750,181.0,0.0,0.0,0.0,1,36.0,800.0,2,181.0,154.0,0.0,0.0,0.0,0.0,17
2023-05-09 21:04:11,ru2401P11750,ru2401P11750,181.0,0.0,0.0,0.0,2,37.0,800.0,2,181.0,154.0,0.0,0.0,0.0,0.0,17
2023-05-09 21:04:11,ru2401P11750,ru2401P11750,181.0,0.0,0.0,0.0,2,37.0,799.0,1,181.0,154.0,0.0,0.0,0.0,0.0,17
2023-05-09 21:04:12,ru2401P11750,ru2401P11750,181.0,0.0,0.0,0.0,1,38.0,798.0,2,181.0,154.0,0.0,0.0,0.0,0.0,17
2023-05-09 21:04:12,ru2401P11750,ru2401P11750,181.0,0.0,0.0,0.0,2,39.0,798.0,2,181.0,154.0,0.0,0.0,0.0,0.0,17
2023-05-09 21:04:13,ru2401P11750,ru2401P11750,181.0,0.0,0.0,0.0,2,39.0,797.0,1,181.0,154.0,0.0,0.0,0.0,0.0,17
2023-05-09 21:04:13,ru2401P11750,ru2401P11750,181.0,0.0,0.0,0.0,1,40.0,796.0,2,181.0,154.0,0.0,0.0,0.0,0.0,17
2023-05-09 21:04:14,ru2401P11750,ru2401P11750,181.0,0.0,0.0,0.0,2,41.0,796.0,2,181.0,154.0,0.0,0.0,0.0,0.0,17
2023-05-09 21:04:14,ru2401P11750,ru2401P11750,181.0,0.0,0.0,0.0,2,57.0,795.0,1,181.0,154.0,0.0,0.0,0.0,0.0,17
2023-05-09 21:04:15,ru2401P11750,ru2401P11750,181.0,0.0,0.0,0.0,3,58.0,794.0,2,181.0,154.0,0.0,0.0,0.0,0.0,17
2023-05-09 21:04:15,ru2401P11750,ru2401P11750,181.0,0.0,0.0,0.0,2,59.0,794.0,2,181.0,154.0,0.0,0.0,0.0,0.0,17
2023-05-09 21:04:16,ru2401P11750,ru2401P11750,181.0,0.0,0.0,0.0,2,59.0,793.0,1,181.0,154.0,0.0,0.0,0.0,0.0,17
2023-05-09 21:04:16,ru2401P11750,ru2401P11750,181.0,0.0,0.0,0.0,1,60.0,792.0,2,181.0,154.0,0.0,0.0,0.0,0.0,17
2023-05-09 21:04:17,ru2401P11750,ru2401P11750,181.0,0.0,0.0,0.0,2,61.0,792.0,2,181.0,154.0,0.0,0.0,0.0,0.0,17
2023-05-09 21:04:17,ru2401P11750,ru2401P11750,181.0,0.0,0.0,0.0,2,61.0,791.0,1,181.0,154.0,0.0,0.0,0.0,0.0,17
2023-05-09 21:04:18,ru2401P11750,ru2401P11750,181.0,0.0,0.0,0.0,3,62.0,790.0,2,181.0,154.0,0.0,0.0,0.0,0.0,17
2023-05-09 21:04:18,ru2401P11750,ru2401P11750,181.0,0.0,0.0,0.0,2,63.0,790.0,2,181.0,154.0,0.0,0.0,0.0,0.0,17
2023-05-09 21:04:19,ru2401P11750,ru2401P11750,181.0,0.0,0.0,0.0,2,63.0,789.0,1,181.0,154.0,0.0,0.0,0.0,0.0,17
2023-05-09 21:04:19,ru2401P11750,ru2401P11750,181.0,0.0,0.0,0.0,1,64.0,788.0,2,181.0,154.0,0.0,0.0,0.0,0.0,17
2023-05-09 21:04:20,ru2401P11750,ru2401P11750,181.0,0.0,0.0,0.0,2,65.0,788.0,2,181.0,154.0,0.0,0.0,0.0,0.0,17
2023-05-09 21:04:20,ru2401P11750,ru2401P11750,181.0,0.0,0.0,0.0,2,66.0,787.0,1,181.0,154.0,0.0,0.0,0.0,0.0,17
2023-05-09 21:04:21,ru2401P11750,ru2401P11750,181.0,0.0,0.0,0.0,3,67.0,786.0,2,181.0,154.0,0.0,0.0,0.0,0.0,17
2023-05-09 21:04:21,ru2401P11750,ru2401P11750,181.0,0.0,0.0,0.0,2,68.0,786.0,2,181.0,154.0,0.0,0.0,0.0,0.0,17
2023-05-09 21:04:22,ru2401P11750,ru2401P11750,181.0,0.0,0.0,0.0,2,69.0,785.0,1,181.0,154.0,0.0,0.0,0.0,0.0,17
2023-05-09 21:04:22,ru2401P11750,ru2401P11750,181.0,0.0,0.0,0.0,3,70.0,784.0,2,181.0,154.0,0.0,0.0,0.0,0.0,17
2023-05-09 21:04:23,ru2401P11750,ru2401P11750,181.0,0.0,0.0,0.0,2,71.0,784.0,2,181.0,154.0,0.0,0.0,0.0,0.0,17
2023-05-09 21:04:23,ru2401P11750,ru2401P11750,181.0,0.0,0.0,0.0,2,72.0,783.0,1,181.0,154.0,0.0,0.0,0.0,0.0,17
2023-05-09 21:04:24,ru2401P11750,ru2401P11750,181.0,0.0,0.0,0.0,3,73.0,782.0,2,181.0,154.0,0.0,0.0,0.0,0.0,17
2023-05-09 21:04:24,ru2401P11750,ru2401P11750,181.0,0.0,0.0,0.0,4,74.0,782.0,2,181.0,154.0,0.0,0.0,0.0,0.0,17
2023-05-09 21:04:25,ru2401P11750,ru2401P11750,181.0,0.0,0.0,0.0,2,75.0,781.0,1,181.0,154.0,0.0,0.0,0.0,0.0,17
2023-05-09 21:04:25,ru2401P11750,ru2401P11750,181.0,0.0,0.0,0.0,1,76.0,780.0,2,181.0,154.0,0.0,0.0,0.0,0.0,17
2023-05-09 21:04:26,ru2401P11750,ru2401P11750,181.0,0.0,0.0,0.0,4,77.0,780.0,2,181.0,154.0,0.0,0.0,0.0,0.0,17
2023-05-09 21:04:26,ru2401P11750,ru2401P11750,181.0,0.0,0.0,0.0,2,78.0,779.0,1,181.0,154.0,0.0,0.0,0.0,0.0,17
2023-05-09 21:04:27,ru2401P11750,ru2401P11750,181.0,0.0,0.0,0.0,1,79.0,778.0,2,181.0,154.0,0.0,0.0,0.0,0.0,17
2023-05-09 21:04:27,ru2401P11750,ru2401P11750,181.0,0.0,0.0,0.0,4,80.0,778.0,2,181.0,154.0,0.0,0.0,0.0,0.0,17
2023-05-09 21:04:28,ru2401P11750,ru2401P11750,181.0,0.0,0.0,0.0,2,81.0,777.0,1,181.0,154.0,0.0,0.0,0.0,0.0,17
2023-05-09 21:04:28,ru2401P11750,ru2401P11750,181.0,0.0,0.0,0.0,1,82.0,776.0,2,181.0,154.0,0.0,0.0,0.0,0.0,17
2023-05-09 21:04:29,ru2401P11750,ru2401P11750,181.0,0.0,0.0,0.0,2,83.0,776.0,2,181.0,154.0,0.0,0.0,0.0,0.0,17
2023-05-09 21:04:29,ru2401P11750,ru2401P11750,181.0,0.0,0.0,0.0,2,83.0,775.0,1,181.0,154.0,0.0,0.0,0.0,0.0,17
2023-05-09 21:04:30,ru2401P11750,ru2401P11750,181.0,0.0,0.0,0.0,1,84.0,774.0,2,181.0,154.0,0.0,0.0,0.0,0.0,17
2023-05-09 21:04:30,ru2401P11750,ru2401P11750,181.0,0.0,0.0,0.0,2,85.0,774.0,2,181.0,154.0,0.0,0.0,0.0,0.0,17
2023-05-09 21:04:31,ru2401P11750,ru2401P11750,181.0,0.0,0.0,0.0,2,85.0,773.0,1,181.0,154.0,0.0,0.0,0.0,0.0,17
2023-05-09 21:04:31,ru2401P11750,ru2401P11750,181.0,0.0,0.0,0.0,1,86.0,772.0,2,181.0,154.0,0.0,0.0,0.0,0.0,17
2023-05-09 21:04:32,ru2401P11750,ru2401P11750,181.0,0.0,0.0,0.0,2,87.0,772.0,2,181.0,154.0,0.0,0.0,0.0,0.0,17
2023-05-09 21:04:32,ru2401P11750,ru2401P11750,181.0,0.0,0.0,0.0,2,87.0,771.0,1,181.0,154.0,0.0,0.0,0.0,0.0,17
2023-05-09 21:04:33,ru2401P11750,ru2401P11750,181.0,0.0,0.0,0.0,1,88.0,770.0,2,181.0,154.0,0.0,0.0,0.0,0.0,17
2023-05-09 21:04:33,ru2401P11750,ru2401P11750,181.0,0.0,0.0,0.0,2,89.0,770.0,2,181.0,154.0,0.0,0.0,0.0,0.0,17
2023-05-09 21:04:34,ru2401P11750,ru2401P11750,181.0,0.0,0.0,0.0,2,89.0,769.0,1,181.0,154.0,0.0,0.0,0.0,0.0,17
2023-05-09 21:04:34,ru2401P11750,ru2401P11750,181.0,0.0,0.0,0.0,1,89.0,768.0,2,181.0,154.0,0.0,0.0,0.0,0.0,17
2023-05-09 21:04:35,ru2401P11750,ru2401P11750,181.0,0.0,0.0,0.0,2,90.0,768.0,2,181.0,154.0,0.0,0.0,0.0,0.0,17
2023-05-09 21:04:35,ru2401P11750,ru2401P11750,181.0,0.0,0.0,0.0,2,90.0,767.0,1,181.0,154.0,0.0,0.0,0.0,0.0,17
2023-05-09 21:04:36,ru2401P11750,ru2401P11750,181.0,0.0,0.0,0.0,2,12.0,766.0,2,181.0,154.0,0.0,0.0,0.0,0.0,17
2023-05-09 21:04:36,ru2401P11750,ru2401P11750,181.0,0.0,0.0,0.0,2,28.0,766.0,2,181.0,154.0,0.0,0.0,0.0,0.0,17
2023-05-09 21:04:37,ru2401P11750,ru2401P11750,181.0,0.0,0.0,0.0,2,29.0,765.0,1,181.0,154.0,0.0,0.0,0.0,0.0,17
2023-05-09 21:04:37,ru2401P11750,ru2401P11750,181.0,0.0,0.0,0.0,2,45.0,764.0,2,181.0,154.0,0.0,0.0,0.0,0.0,17
2023-05-09 21:04:38,ru2401P11750,ru2401P11750,181.0,0.0,0.0,0.0,2,46.0,764.0,2,181.0,154.0,0.0,0.0,0.0,0.0,17
2023-05-09 21:04:38,ru2401P11750,ru2401P11750,181.0,0.0,0.0,0.0,1,47.0,763.0,1,181.0,154.0,0.0,0.0,0.0,0.0,17
2023-05-09 21:04:39,ru2401P11750,ru2401P11750,181.0,0.0,0.0,0.0,2,55.0,762.0,2,181.0,154.0,0.0,0.0,0.0,0.0,17
2023-05-09 21:04:39,ru2401P11750,ru2401P11750,181.0,0.0,0.0,0.0,2,56.0,762.0,2,181.0,154.0,0.0,0.0,0.0,0.0,17
2023-05-09 21:04:40,ru2401P11750,ru2401P11750,181.0,0.0,0.0,0.0,2,64.0,761.0,1,181.0,154.0,0.0,0.0,0.0,0.0,17
2023-05-09 21:04:40,ru2401P11750,ru2401P11750,181.0,0.0,0.0,0.0,2,65.0,760.0,2,181.0,154.0,0.0,0.0,0.0,0.0,17
2023-05-09 21:04:41,ru2401P11750,ru2401P11750,181.0,0.0,0.0,0.0,1,66.0,759.0,1,181.0,154.0,0.0,0.0,0.0,0.0,17
2023-05-09 21:04:41,ru2401P11750,ru2401P11750,181.0,0.0,0.0,0.0,4,67.0,758.0,2,181.0,154.0,0.0,0.0,0.0,0.0,17
2023-05-09 21:04:42,ru2401P11750,ru2401P11750,181.0,0.0,0.0,0.0,2,68.0,758.0,2,181.0,154.0,0.0,0.0,0.0,0.0,17
2023-05-09 21:04:42,ru2401P11750,ru2401P11750,181.0,0.0,0.0,0.0,1,69.0,757.0,1,181.0,154.0,0.0,0.0,0.0,0.0,17
2023-05-09 21:04:43,ru2401P11750,ru2401P11750,181.0,0.0,0.0,0.0,4,70.0,756.0,2,181.0,154.0,0.0,0.0,0.0,0.0,17
2023-05-09 21:04:43,ru2401P11750,ru2401P11750,181.0,0.0,0.0,0.0,2,71.0,756.0,2,181.0,154.0,0.0,0.0,0.0,0.0,17
2023-05-09 21:04:44,ru2401P11750,ru2401P11750,181.0,0.0,0.0,0.0,1,72.0,755.0,1,181.0,154.0,0.0,0.0,0.0,0.0,17
2023-05-09 21:04:44,ru2401P11750,ru2401P11750,181.0,0.0,0.0,0.0,4,73.0,754.0,2,181.0,154.0,0.0,0.0,0.0,0.0,17
2023-05-09 21:04:45,ru2401P11750,ru2401P11750,181.0,0.0,0.0,0.0,2,74.0,754.0,2,181.0,154.0,0.0,0.0,0.0,0.0,17
2023-05-09 21:04:45,ru2401P11750,ru2401P11750,181.0,0.0,0.0,0.0,3,75.0,753.0,1,181.0,154.0,0.0,0.0,0.0,0.0,17
2023-05-09 21:04:46,ru2401P11750,ru2401P11750,181.0,0.0,0.0,0.0,2,76.0,752.0,2,181.0,154.0,0.0,0.0,0.0,0.0,17
2023-05-09 21:04:46,ru2401P11750,ru2401P11750,181.0,0.0,0.0,0.0,2,76.0,752.0,2,181.0,154.0,0.0,0.0,0.0,0.0,17
2023-05-09 21:04:47,ru2401P11750,ru2401P11750,181.0,0.0,0.0,0.0,3,77.0,751.0,1,181.0,154.0,0.0,0.0,0.0,0.0,17
2023-05-09 21:04:47,ru2401P11750,ru2401P11750,181.0,0.0,0.0,0.0,2,78.0,750.0,2,181.0,154.0,0.0,0.0,0.0,0.0,17
2023-05-09 21:04:48,ru2401P11750,ru2401P11750,181.0,0.0,0.0,0.0,2,79.0,750.0,2,181.0,154.0,0.0,0.0,0.0,0.0,17
2023-05-09 21:04:48,ru2401P11750,ru2401P11750,181.0,0.0,0.0,0.0,3,80.0,749.0,1,181.0,154.0,0.0,0.0,0.0,0.0,17
2023-05-09 21:04:49,ru2401P11750,ru2401P11750,181.0,0.0,0.0,0.0,2,81.0,748.0,2,181.0,154.0,0.0,0.0,0.0,0.0,17
2023-05-09 21:04:49,ru2401P11750,ru2401P11750,181.0,0.0,0.0,0.0,2,81.0,748.0,2,181.0,154.0,0.0,0.0,0.0,0.0,17
2023-05-09 21:04:50,ru2401P11750,ru2401P11750,181.0,0.0,0.0,0.0,1,82.0,747.0,1,181.0,154.0,0.0,0.0,0.0,0.0,17
2023-05-09 21:04:50,ru2401P11750,ru2401P11750,181.0,0.0,0.0,0.0,2,83.0,746.0,2,181.0,154.0,0.0,0.0,0.0,0.0,17
2023-05-09 21:04:51,ru2401P11750,ru2401P11750,181.0,0.0,0.0,0.0,2,83.0,746.0,2,181.0,154.0,0.0,0.0,0.0,0.0,17
2023-05-09 21:04:51,ru2401P11750,ru2401P11750,181.0,0.0,0.0,0.0,1,84.0,745.0,1,181.0,154.0,0.0,0.0,0.0,0.0,17
2023-05-09 21:04:52,ru2401P11750,ru2401P11750,181.0,0.0,0.0,0.0,2,85.0,744.0,2,181.0,154.0,0.0,0.0,0.0,0.0,17
2023-05-09 21:04:52,ru2401P11750,ru2401P11750,181.0,0.0,0.0,0.0,2,85.0,744.0,2,181.0,154.0,0.0,0.0,0.0,0.0,17
2023-05-09 21:04:53,ru2401P11750,ru2401P11750,181.0,0.0,0.0,0.0,1,86.0,743.0,1,181.0,154.0,0.0,0.0,0.0,0.0,17
2023-05-09 21:04:53,ru2401P11750,ru2401P11750,181.0,0.0,0.0,0.0,2,87.0,742.0,2,181.0,154.0,0.0,0.0,0.0,0.0,17
2023-05-09 21:04:54,ru2401P11750,ru2401P11750,181.0,0.0,0.0,0.0,2,87.0,742.0,2,181.0,154.0,0.0,0.0,0.0,0.0,17
2023-05-09 21:04:54,ru2401P11750,ru2401P11750,181.0,0.0,0.0,0.0,1,88.0,741.0,1,181.0,154.0,0.0,0.0,0.0,0.0,17
2023-05-09 21:04:55,ru2401P11750,ru2401P11750,181.0,0.0,0.0,0.0,2,89.0,740.0,2,181.0,154.0,0.0,0.0,0.0,0.0,17
2023-05-09 21:04:55,ru2401P11750,ru2401P11750,181.0,0.0,0.0,0.0,2,89.0,740.0,2,181.0,154.0,0.0,0.0,0.0,0.0,17
2023-05-09 21:04:56,ru2401P11750,ru2401P11750,181.0,0.0,0.0,0.0,1,90.0,739.0,1,181.0,154.0,0.0,0.0,0.0,0.0,17
2023-05-09 21:04:56,ru2401P11750,ru2401P11750,181.0,0.0,0.0,0.0,2,91.0,738.0,2,181.0,154.0,0.0,0.0,0.0,0.0,17
2023-05-09 21:04:57,ru2401P11750,ru2401P11750,181.0,0.0,0.0,0.0,2,91.0,738.0,2,181.0,154.0,0.0,0.0,0.0,0.0,17
2023-05-09 21:04:57,ru2401P11750,ru2401P11750,181.0,0.0,0.0,0.0,2,91.0,737.0,1,181.0,154.0,0.0,0.0,0.0,0.0,17
2023-05-09 21:04:58,ru2401P11750,ru2401P11750,181.0,0.0,0.0,0.0,2,12.0,736.0,2,181.0,154.0,0.0,0.0,0.0,0.0,17
2023-05-09 21:04:58,ru2401P11750,ru2401P11750,181.0,0.0,0.0,0.0,2,28.0,736.0,2,181.0,154.0,0.0,0.0,0.0,0.0,17
2023-05-09 21:04:59,ru2401P11750,ru2401P11750,181.0,0.0,0.0,0.0,2,29.0,735.0,1,181.0,154.0,0.0,0.0,0.0,0.0,17
2023-05-09 21:04:59,ru2401P11750,ru2401P11750,181.0,0.0,0.0,0.0,2,45.0,734.0,2,181.0,154.0,0.0,0.0,0.0,0.0,17
2023-05-09 21:05:00,ru2401P11750,ru2401P11750,181.0,0.0,0.0,0.0,2,46.0,734.0,2,181.0,154.0,0.0,0.0,0.0,0.0,17
2023-05-09 21:05:00,ru2401P11750,ru2401P11750,181.0,0.0,0.0,0.0,2,54.0,733.0,1,181.0,154.0,0.0,0.0,0.0,0.0,17
2023-05-09 21:05:01,ru2401P11750,ru2401P11750,181.0,0.0,0.0,0.0,2,55.0,732.0,2,181.0,154.0,0.0,0.0,0.0,0.0,17
2023-05-09 21:05:01,ru2401P11750,ru2401P11750,181.0,0.0,0.0,0.0,2,63.0,732.0,2,181.0,154.0,0.0,0.0,0.0,0.0,17
2023-05-09 21:05:02,ru2401P11750,ru2401P11750,181.0,0.0,0.0,0.0,2,64.0,731.0,1,181.0,154.0,0.0,0.0,0.0,0.0,17
2023-05-09 21:05:02,ru2401P11750,ru2401P11750,181.0,0.0,0.0,0.0,3,65.0,730.0,2,181.0,154.0,0.0,0.0,0.0,0.0,17
2023-05-09 21:05:03,ru2401P11750,ru2401P11750,181.0,0.0,0.0,0.0,2,66.0,730.0,2,181.0,154.0,0.0,0.0,0.0,0.0,17
2023-05-09 21:05:03,ru2401P11750,ru2401P11750,181.0,0.0,0.0,0.0,2,67.0,729.0,1,181.0,154.0,0.0,0.0,0.0,0.0,17
2023-05-09 21:05:04,ru2401P11750,ru2401P11750,181.0,0.0,0.0,0.0,3,68.0,728.0,2,181.0,154.0,0.0,0.0,0.0,0.0,17
2023-05-09 21:05:04,ru2401P11750,ru2401P11750,181.0,0.0,0.0,0.0,2,69.0,728.0,2,181.0,154.0,0.0,0.0,0.0,0.0,17
2023-05-09 21:05:05,ru2401P11750,ru2401P11750,181.0,0.0,0.0,0.0,2,70.0,727.0,1,181.0,154.0,0.0,0.0,0.0,0.0,17
2023-05-09 21:05:05,ru2401P11750,ru2401P11750,181.0,0.0,0.0,0.0,3,71.0,726.0,2,181.0,154.0,0.0,0.0,0.0,0.0,17
2023-05-09 21:05:06,ru2401P11750,ru2401P11750,181.0,0.0,0.0,0.0,4,72.0,726.0,2,181.0,154.0,0.0,0.0,0.0,0.0,17
2023-05-09 21:05:06,ru2401P11750,ru2401P11750,181.0,0.0,0.0,0.0,2,73.0,725.0,1,181.0,154.0,0.0,0.0,0.0,0.0,17
2023-05-09 21:05:07,ru2401P11750,ru2401P11750,181.0,0.0,0.0,0.0,3,74.0,724.0,2,181.0,154.0,0.0,0.0,0.0,0.0,17
2023-05-09 21:05:07,ru2401P11750,ru2401P11750,181.0,0.0,0.0,0.0,2,75.0,724.0,2,181.0,154.0,0.0,0.0,0.0,0.0,17
2023-05-09 21:05:08,ru2401P11750,ru2401P11750,181.0,0.0,0.0,0.0,2,76.0,723.0,1,181.0,154.0,0.0,0.0,0.0,0.0,17
2023-05-09 21:05:08,ru2401P11750,ru2401P11750,181.0,0.0,0.0,0.0,3,77.0,722.0,2,181.0,154.0,0.0,0.0,0.0,0.0,17
2023-05-09 21:05:09,ru2401P11750,ru2401P11750,181.0,0.0,0.0,0.0,4,78.0,722.0,2,181.0,154.0,0.0,0.0,0.0,0.0,17
2023-05-09 21:05:09,ru2401P11750,ru2401P11750,181.0,0.0,0.0,0.0,2,79.0,721.0,1,181.0,154.0,0.0,0.0,0.0,0.0,17
2023-05-09 21:05:10,ru2401P11750,ru2401P11750,181.0,0.0,0.0,0.0,3,80.0,720.0,2,181.0,154.0,0.0,0.0,0.0,0.0,17
2023-05-09 21:05:10,ru2401P11750,ru2401P11750,181.0,0.0,0.0,0.0,2,81.0,720.0,2,181.0,154.0,0.0,0.0,0.0,0.0,17
2023-05-09 21:05:11,ru2401P11750,ru2401P11750,181.0,0.0,0.0,0.0,2,81.0,719.0,1,181.0,154.0,0.0,0.0,0.0,0.0,17
2023-05-09 21:05:11,ru2401P11750,ru2401P11750,181.0,0.0,0.0,0.0,1,82.0,718.0,2,181.0,154.0,0.0,0.0,0.0,0.0,17
2023-05-09 21:05:12,ru2401P11750,ru2401P11750,181.0,0.0,0.0,0.0,2,83.0,718.0,2,181.0,154.0,0.0,0.0,0.0,0.0,17
2023-05-09 21:05:12,ru2401P11750,ru2401P11750,181.0,0.0,0.0,0.0,2,83.0,717.0,1,181.0,154.0,0.0,0.0,0.0,0.0,17
2023-05-09 21:05:13,ru2401P11750,ru2401P11750,181.0,0.0,0.0,0.0,1,84.0,716.0,2,181.0,154.0,0.0,0.0,0.0,0.0,17
2023-05-09 21:05:13,ru2401P11750,ru2401P11750,181.0,0.0,0.0,0.0,2,85.0,716.0,2,181.0,154.0,0.0,0.0,0.0,0.0,17
2023-05-09 21:05:14,ru2401P11750,ru2401P11750,181.0,0.0,0.0,0.0,2,85.0,715.0,1,181.0,154.0,0.0,0.0,0.0,0.0,17
2023-05-09 21:05:14,ru2401P11750,ru2401P11750,181.0,0.0,0.0,0.0,1,86.0,714.0,2,181.0,154.0,0.0,0.0,0.0,0.0,17
2023-05-09 21:05:15,ru2401P11750,ru2401P11750,181.0,0.0,0.0,0.0,2,87.0,714.0,2,181.0,154.0,0.0,0.0,0.0,0.0,17
2023-05-09 21:05:15,ru2401P11750,ru2401P11750,181.0,0.0,0.0,0.0,2,87.0,713.0,1,181.0,154.0,0.0,0.0,0.0,0.0,17
2023-05-09 21:05:16,ru2401P11750,ru2401P11750,181.0,0.0,0.0,0.0,1,88.0,712.0,2,181.0,154.0,0.0,0.0,0.0,0.0,17
2023-05-09 21:05:16,ru2401P11750,ru2401P11750,181.0,0.0,0.0,0.0,2,89.0,712.0,2,181.0,154.0,0.0,0.0,0.0,0.0,17
2023-05-09 21:05:17,ru2401P11750,ru2401P11750,181.0,0.0,0.0,0.0,2,89.0,711.0,1,181.0,154.0,0.0,0.0,0.0,0.0,17
2023-05-09 21:05:17,ru2401P11750,ru2401P11750,181.0,0.0,0.0,0.0,1,90.0,710.0,2,181.0,154.0,0.0,0.0,0.0,0.0,17
2023-05-09 21:05:18,ru2401P11750,ru2401P11750,181.0,0.0,0.0,0.0,2,91.0,710.0,2,181.0,154.0,0.0,0.0,0.0,0.0,17
2023-05-09 21:05:18,ru2401P11750,ru2401P11750,181.0,0.0,0.0,0.0,2,91.0,709.0,1,181.0,154.0,0.0,0.0,0.0,0.0,17
2023-05-09 21:05:19,ru2401P11750,ru2401P11750,181.0,0.0,0.0,0.0,2,12.0,708.0,2,181.0,154.0,0.0,0.0,0.0,0.0,17
2023-05-09 21:05:19,ru2401P11750,ru2401P11750,181.0,0.0,0.0,0.0,2,28.0,708.0,2,181.0,154.0,0.0,0.0,0.0,0.0,17
2023-05-09 21:05:20,ru2401P11750,ru2401P11750,181.0,0.0,0.0,0.0,2,29.0,707.0,1,181.0,154.0,0.0,0.0,0.0,0.0,17
2023-05-09 21:05:20,ru2401P11750,ru2401P11750,181.0,0.0,0.0,0.0,1,30.0,706.0,2,181.0,154.0,0.0,0.0,0.0,0.0,17
2023-05-09 21:05:21,ru2401P11750,ru2401P11750,181.0,0.0,0.0,0.0,2,46.0,706.0,2,181.0,154.0,0.0,0.0,0.0,0.0,17
2023-05-09 21:05:21,ru2401P11750,ru2401P11750,181.0,0.0,0.0,0.0,2,47.0,705.0,1,181.0,154.0,0.0,0.0,0.0,0.0,17
2023-05-09 21:05:22,ru2401P11750,ru2401P11750,181.0,0.0,0.0,0.0,1,48.0,704.0,2,181.0,154.0,0.0,0.0,0.0,0.0,17
2023-05-09 21:05:22,ru2401P11750,ru2401P11750,181.0,0.0,0.0,0.0,2,55.0,704.0,2,181.0,154.0,0.0,0.0,0.0,0.0,17
2023-05-09 21:05:23,ru2401P11750,ru2401P11750,181.0,0.0,0.0,0.0,2,56.0,703.0,1,181.0,154.0,0.0,0.0,0.0,0.0,17
2023-05-09 21:05:23,ru2401P11750,ru2401P11750,181.0,0.0,0.0,0.0,1,57.0,702.0,2,181.0,154.0,0.0,0.0,0.0,0.0,17
2023-05-09 21:05:24,ru2401P11750,ru2401P11750,181.0,0.0,0.0,0.0,2,65.0,702.0,2,181.0,154.0,0.0,0.0,0.0,0.0,17
2023-05-09 21:05:24,ru2401P11750,ru2401P11750,181.0,0.0,0.0,0.0,2,66.0,701.0,1,181.0,154.0,0.0,0.0,0.0,0.0,17
2023-05-09 21:05:25,ru2401P11750,ru2401P11750,181.0,0.0,0.0,0.0,1,67.0,700.0,2,181.0,154.0,0.0,0.0,0.0,0.0,17
2023-05-09 21:05:25,ru2401P11750,ru2401P11750,181.0,0.0,0.0,0.0,2,68.0,700.0,2,181.0,154.0,0.0,0.0,0.0,0.0,17
2023-05-09 21:05:26,ru2401P11750,ru2401P11750,181.0,0.0,0.0,0.0,4,68.0,699.0,1,181.0,154.0,0.0,0.0,0.0,0.0,17
2023-05-09 21:05:26,ru2401P11750,ru2401P11750,181.0,0.0,0.0,0.0,3,69.0,698.0,2,181.0,154.0,0.0,0.0,0.0,0.0,17
2023-05-09 21:05:27,ru2401P11750,ru2401P11750,181.0,0.0,0.0,0.0,2,70.0,698.0,2,181.0,154.0,0.0,0.0,0.0,0.0,17
2023-05-09 21:05:27,ru2401P11750,ru2401P11750,181.0,0.0,0.0,0.0,2,70.0,697.0,1,181.0,154.0,0.0,0.0,0.0,0.0,17
2023-05-09 21:05:28,ru2401P11750,ru2401P11750,181.0,0.0,0.0,0.0,1,71.0,696.0,2,181.0,154.0,0.0,0.0,0.0,0.0,17
2023-05-09 21:05:28,ru2401P11750,ru2401P11750,181.0,0.0,0.0,0.0,2,72.0,696.0,2,181.0,154.0,0.0,0.0,0.0,0.0,17
2023-05-09 21:05:29,ru2401P11750,ru2401P11750,181.0,0.0,0.0,0.0,2,72.0,695.0,1,181.0,154.0,0.0,0.0,0.0,0.0,17
2023-05-09 21:05:29,ru2401P11750,ru2401P11750,181.0,0.0,0.0,0.0,1,73.0,694.0,2,181.0,154.0,0.0,0.0,0.0,0.0,17
2023-05-09 21:05:30,ru2401P11750,ru2401P11750,181.0,0.0,0.0,0.0,2,74.0,694.0,2,181.0,154.0,0.0,0.0,0.0,0.0,17
2023-05-09 21:05:30,ru2401P11750,ru2401P11750,181.0,0.0,0.0,0.0,2,74.0,693.0,1,181.0,154.0,0.0,0.0,0.0,0.0,17
2023-05-09 21:05:31,ru2401P11750,ru2401P11750,181.0,0.0,0.0,0.0,1,75.0,692.0,2,181.0,154.0,0.0,0.0,0.0,0.0,17
2023-05-09 21:05:31,ru2401P11750,ru2401P11750,181.0,0.0,0.0,0.0,2,76.0,692.0,2,181.0,154.0,0.0,0.0,0.0,0.0,17
2023-05-09 21:05:32,ru2401P11750,ru2401P11750,181.0,0.0,0.0,0.0,2,76.0,691.0,1,181.0,154.0,0.0,0.0,0.0,0.0,17
2023-05-09 21:05:32,ru2401P11750,ru2401P11750,181.0,0.0,0.0,0.0,3,77.0,690.0,2,181.0,154.0,0.0,0.0,0.0,0.0,17
2023-05-09 21:05:33,ru2401P11750,ru2401P11750,181.0,0.0,0.0,0.0,2,78.0,690.0,2,181.0,154.0,0.0,0.0,0.0,0.0,17
2023-05-09 21:05:33,ru2401P11750,ru2401P11750,181.0,0.0,0.0,0.0,2,78.0,689.0,1,181.0,154.0,0.0,0.0,0.0,0.0,17
2023-05-09 21:05:34,ru2401P11750,ru2401P11750,181.0,0.0,0.0,0.0,1,79.0,688.0,2,181.0,154.0,0.0,0.0,0.0,0.0,17
2023-05-09 21:05:34,ru2401P11750,ru2401P11750,181.0,0.0,0.0,0.0,2,80.0,688.0,2,181.0,154.0,0.0,0.0,0.0,0.0,17
2023-05-09 21:05:35,ru2401P11750,ru2401P11750,181.0,0.0,0.0,0.0,2,80.0,687.0,1,181.0,154.0,0.0,0.0,0.0,0.0,17
2023-05-09 21:05:35,ru2401P11750,ru2401P11750,181.0,0.0,0.0,0.0,1,81.0,686.0,2,181.0,154.0,0.0,0.0,0.0,0.0,17
2023-05-09 21:05:36,ru2401P11750,ru2401P11750,181.0,0.0,0.0,0.0,2,82.0,686.0,2,181.0,154.0,0.0,0.0,0.0,0.0,17
2023-05-09 21:05:36,ru2401P11750,ru2401P11750,181.0,0.0,0.0,0.0,2,82.0,685.0,1,181.0,154.0,0.0,0.0,0.0,0.0,17
2023-05-09 21:05:37,ru2401P11750,ru2401P11750,181.0,0.0,0.0,0.0,1,83.0,684.0,2,181.0,154.0,0.0,0.0,0.0,0.0,17
2023-05-09 21:05:37,ru2401P11750,ru2401P11750,181.0,0.0,0.0,0.0,2,84.0,684.0,2,181.0,154.0,0.0,0.0,0.0,0.0,17
2023-05-09 21:05:38,ru2401P11750,ru2401P11750,181.0,0.0,0.0,0.0,2,84.0,683.0,1,181.0,154.0,0.0,0.0,0.0,0.0,17
2023-05-09 21:05:38,ru2401P11750,ru2401P11750,181.0,0.0,0.0,0.0,1,85.0,682.0,2,181.0,154.0,0.0,0.0,0.0,0.0,17
2023-05-09 21:05:39,ru2401P11750,ru2401P11750,181.0,0.0,0.0,0.0,2,86.0,682.0,2,181.0,154.0,0.0,0.0,0.0,0.0,17
2023-05-09 21:05:39,ru2401P11750,ru2401P11750,181.0,0.0,0.0,0.0,2,86.0,682.0,2,181.0,154.0,0.0,0.0,0.0,0.0,17
2023-05-09 21:06:09,ru2401P11750,ru2401P11750,181.0,0.0,0.0,0.0,1,87.0,681.0,1,181.0,154.0,0.0,0.0,0.0,0.0,17
2023-05-09 21:06:10,ru2401P11750,ru2401P11750,181.0,0.0,0.0,0.0,2,88.0,680.0,2,181.0,154.0,0.0,0.0,0.0,0.0,17
2023-05-09 21:06:10,ru2401P11750,ru2401P11750,181.0,0.0,0.0,0.0,2,88.0,680.0,2,181.0,154.0,0.0,0.0,0.0,0.0,17
2023-05-09 21:06:11,ru2401P11750,ru2401P11750,181.0,0.0,0.0,0.0,1,89.0,679.0,1,181.0,154.0,0.0,0.0,0.0,0.0,17
2023-05-09 21:06:11,ru2401P11750,ru2401P11750,181.0,0.0,0.0,0.0,2,90.0,678.0,2,181.0,154.0,0.0,0.0,0.0,0.0,17
2023-05-09 21:06:12,ru2401P11750,ru2401P11750,181.0,0.0,0.0,0.0,2,90.0,678.0,2,181.0,154.0,0.0,0.0,0.0,0.0,17
2023-05-09 21:06:12,ru2401P11750,ru2401P11750,181.0,0.0,0.0,0.0,1,91.0,677.0,1,181.0,154.0,0.0,0.0,0.0,0.0,17
2023-05-09 21:06:13,ru2401P11750,ru2401P11750,181.0,0.0,0.0,0.0,2,92.0,676.0,2,181.0,154.0,0.0,0.0,0.0,0.0,17
2023-05-09 21:06:13,ru2401P11750,ru2401P11750,181.0,0.0,0.0,0.0,2,92.0,676.0,2,181.0,154.0,0.0,0.0,0.0,0.0,17
2023-05-09 21:06:14,ru2401P11750,ru2401P11750,181.0,0.0,0.0,0.0,1,93.0,675.0,1,181.0,154.0,0.0,0.0,0.0,0.0,17
2023-05-09 21:06:14,ru2401P11750,ru2401P11750,181.0,0.0,0.0,0.0,2,94.0,674.0,2,181.0,154.0,0.0,0.0,0.0,0.0,17
2023-05-09 21:06:15,ru2401P11750,ru2401P11750,181.0,0.0,0.0,0.0,2,94.0,674.0,2,181.0,154.0,0.0,0.0,0.0,0.0,17
2023-05-09 21:06:15,ru2401P11750,ru2401P11750,181.0,0.0,0.0,0.0,1,95.0,673.0,1,181.0,154.0,0.0,0.0,0.0,0.0,17
2023-05-09 21:06:16,ru2401P11750,ru2401P11750,181.0,0.0,0.0,0.0,2,96.0,672.0,2,181.0,154.0,0.0,0.0,0.0,0.0,17
2023-05-09 21:06:16,ru2401P11750,ru2401P11750,181.0,0.0,0.0,0.0,2,96.0,672.0,2,181.0,154.0,0.0,0.0,0.0,0.0,17
2023-05-09 21:06:17,ru2401P11750,ru2401P11750,181.0,0.0,0.0,0.0,1,97.0,671.0,1,181.0,154.0,0.0,0.0,0.0,0.0,17
2023-05-09 21:06:17,ru2401P11750,ru2401P11750,181.0,0.0,0.0,0.0,2,98.0,670.0,2,181.0,154.0,0.0,0.0,0.0,0.0,17
2023-05-09 21:06:18,ru2401P11750,ru2401P11750,181.0,0.0,0.0,0.0,2,98.0,670.0,2,181.0,154.0,0.0,0.0,0.0,0.0,17
2023-05-09 21:06:18,ru2401P11750,ru2401P11750,181.0,0.0,0.0,0.0,1,99.0,669.0,1,181.0,154.0,0.0,0.0,0.0,0.0,17
2023-05-09 21:06:19,ru2401P11750,ru2401P11750,181.0,0.0,0.0,0.0,2,100.0,668.0,2,181.0,154.0,0.0,0.0,0.0,0.0,17
2023-05-09 21:06:19,ru2401P11750,ru2401P11750,181.0,0.0,0.0,0.0,2,100.0,668.0,2,181.0,154.0,0.0,0.0,0.0,0.0,17
2023-05-09 21:06:20,ru2401P11750,ru2401P11750,181.0,0.0,0.0,0.0,1,101.0,667.0,1,181.0,154.0,0.0,0.0,0.0,0.0,17
2023-05-09 21:06:20,ru2401P11750,ru2401P11750,181.0,0.0,0.0,0.0,2,102.0,666.0,2,181.0,154.0,0.0,0.0,0.0,0.0,17
2023-05-09 21:06:21,ru2401P11750,ru2401P11750,181.0,0.0,0.0,0.0,2,102.0,666.0,2,181.0,154.0,0.0,0.0,0.0,0.0,17
2023-05-09 21:06:21,ru2401P11750,ru2401P11750,181.0,0.0,0.0,0.0,1,103.0,665.0,1,181.0,154.0,0.0,0.0,0.0,0.0,17
2023-05-09 21:06:22,ru2401P11750,ru2401P11750,181.0,0.0,0.0,0.0,2,104.0,664.0,2,181.0,154.0,0.0,0.0,0.0,0.0,17
2023-05-09 21:06:22,ru2401P11750,ru2401P11750,181.0,0.0,0.0,0.0,2,104.0,664.0,2,181.0,154.0,0.0,0.0,0.0,0.0,17
2023-05-09 21:06:23,ru2401P11750,ru2401P11750,181.0,0.0,0.0,0.0,1,105.0,663.0,1,181.0,154.0,0.0,0.0,0.0,0.0,17
2023-05-09 21:06:23,ru2401P11750,ru2401P11750,181.0,0.0,0.0,0.0,2,106.0,662.0,2,181.0,154.0,0.0,0.0,0.0,0.0,17
2023-05-09 21:06:24,ru2401P11750,ru2401P11750,181.0,0.0,0.0,0.0,2,106.0,662.0,2,181.0,154.0,0.0,0.0,0.0,0.0,17
2023-05-09 21:06:24,ru2401P11750,ru2401P11750,181.0,0.0,0.0,0.0,1,107.0,661.0,1,181.0,154.0,0.0,0.0,0.0,0.0,17
2023-05-09 21:06:25,ru2401P11750,ru2401P11750,181.0,0.0,0.0,0.0,2,108.0,660.0,2,181.0,154.0,0.0,0.0,0.0,0.0,17
2023-05-09 21:06:25,ru2401P11750,ru2401P11750,181.0,0.0,0.0,0.0,2,108.0,660.0,2,181.0,154.0,0.0,0.0,0.0,0.0,17
2023-05-09 21:06:26,ru2401P11750,ru2401P11750,181.0,0.0,0.0,0.0,1,109.0,659.0,1,181.0,154.0,0.0,0.0,0.0,0.0,17
2023-05-09 21:06:26,ru2401P11750,ru2401P11750,181.0,0.0,0.0,0.0,2,110.0,658.0,2,181.0,154.0,0.0,0.0,0.0,0.0,17
2023-05-09 21:06:27,ru2401P11750,ru2401P11750,181.0,0.0,0.0,0.0,2,110.0,658.0,2,181.0,154.0,0.0,0.0,0.0,0.0,17
2023-05-09 21:06:27,ru2401P11750,ru2401P11750,181.0,0.0,0.0,0.0,1,111.0,657.0,1,181.0,154.0,0.0,0.0,0.0,0.0,17
2023-05-09 21:06:28,ru2401P11750,ru2401P11750,181.0,0.0,0.0,0.0,2,112.0,656.0,2,181.0,154.0,0.0,0.0,0.0,0.0,17
2023-05-09 21:06:28,ru2401P11750,ru2401P11750,181.0,0.0,0.0,0.0,2,112.0,656.0,2,181.0,154.0,0.0,0.0,0.0,0.0,17
2023-05-09 21:06:29,ru2401P11750,ru2401P11750,181.0,0.0,0.0,0.0,1,113.0,655.0,1,181.0,154.0,0.0,0.0,0.0,0.0,17
2023-05-09 21:06:29,ru2401P11750,ru2401P11750,181.0,0.0,0.0,0.0,2,114.0,654.0,2,181.0,154.0,0.0,0.0,0.0,0.0,17
2023-05-09 21:06:30,ru2401P11750,ru2401P11750,181.0,0.0,0.0,0.0,2,114.0,654.0,2,181.0,154.0,0.0,0.0,0.0,0.0,17
2023-05-09 21:06:30,ru2401P11750,ru2401P11750,181.0,0.0,0.0,0.0,1,115.0,653.0,1,181.0,154.0,0.0,0.0,0.0,0.0,17
2023-05-09 21:06:31,ru2401P11750,ru2401P11750,181.0,0.0,0.0,0.0,2,116.0,652.0,2,181.0,154.0,0.0,0.0,0.0,0.0,17
2023-05-09 21:06:31,ru2401P11750,ru2401P11750,181.0,0.0,0.0,0.0,2,116.0,652.0,2,181.0,154.0,0.0,0.0,0.0,0.0,17
2023-05-09 21:06:32,ru2401P11750,ru2401P11750,181.0,0.0,0.0,0.0,1,117.0,651.0,1,181.0,154.0,0.0,0.0,0.0,0.0,17
2023-05-09 21:06:32,ru2401P11750,ru2401P11750,181.0,0.0,0.0,0.0,2,118.0,650.0,2,181.0,154.0,0.0,0.0,0.0,0.0,17
2023-05-09 21:06:33,ru2401P11750,ru2401P11750,181.0,0.0,0.0,0.0,2,118.0,650.0,2,181.0,154.0,0.0,0.0,0.0,0.0,17
2023-05-09 21:06:33,ru2401P11750,ru2401P11750,181.0,0.0,0.0,0.0,1,119.0,649.0,1,181.0,154.0,0.0,0.0,0.0,0.0,17
2023-05-09 21:06:34,ru2401P11750,ru2401P11750,181.0,0.0,0.0,0.0,2,120.0,648.0,2,181.0,154.0,0.0,0.0,0.0,0.0,17
2023-05-09 21:06:34,ru2401P11750,ru2401P11750,181.0,0.0,0.0,0.0,2,120.0,648.0,2,181.0,154.0,0.0,0.0,0.0,0.0,17
2023-05-09 21:06:35,ru2401P11750,ru2401P11750,181.0,0.0,0.0,0.0,1,121.0,647.0,1,181.0,154.0,0.0,0.0,0.0,0.0,17
2023-05-09 21:06:35,ru2401P11750,ru2401P11750,181.0,0.0,0.0,0.0,2,122.0,646.0,2,181.0,154.0,0.0,0.0,0.0,0.0,17
2023-05-09 21:06:36,ru2401P11750,ru2401P11750,181.0,0.0,0.0,0.0,2,122.0,646.0,2,181.0,154.0,0.0,0.0,0.0,0.0,17
2023-05-09 21:06:36,ru2401P11750,ru2401P11750,181.0,0.0,0.0,0.0,1,123.0,645.0,1,181.0,154.0,0.0,0.0,0.0,0.0,17
2023-05-09 21:06:37,ru2401P11750,ru2401P11750,181.0,0.0,0.0,0.0,2,124.0,644.0,2,181.0,154.0,0.0,0.0,0.0,0.0,17
2023-05-09 21:06:37,ru2401P11750,ru2401P11750,181.0,0.0,0.0,0.0,2,124.0,644.0,2,181.0,154.0,0.0,0.0,0.0,0.0,17
2023-05-09 21:06:38,ru2401P11750,ru2401P11750,181.0,0.0,0.0,0.0,1,125.0,643.0,1,181.0,154.0,0.0,0.0,0.0,0.0,17
2023-05-09 21:06:38,ru2401P11750,ru2401P11750,181.0,0.0,0.0,0.0,2,126.0,642.0,2,181.0,154.0,0.0,0.0,0.0,0.0,17
2023-05-09 21:06:39,ru2401P11750,ru2401P11750,181.0,0.0,0.0,0.0,2,126.0,642.0,2,181.0,154.0,0.0,0.0,0.0,0.0,17
2023-05-09 21:06:39,ru2401P11750,ru2401P11750,181.0,0.0,0.0,0.0,1,127.0,641.0,1,181.0,154.0,0.0,0.0,0.0,0.0,17
2023-05-09 21:06:40,ru2401P11750,ru2401P11750,181.0,0.0,0.0,0.0,1,127.0,640.0,2,181.0,154.0,0.0,0.0,0.0,0.0,17
2023-05-09 21:06:40,ru2401P11750,ru2401P11750,181.0,0.0,0.0,0.0,1,127.0,640.0,2,181.0,154.0,0.0,0.0,0.0,0.0,17
2023-05-09 21:06:41,ru2401P11750,ru2401P11750,181.0,0.0,0.0,0.0,1,127.0,639.0,1,181.0,154.0,0.0,0.0,0.0,0.0,17
2023-05-09 21:06:41,ru2401P11750,ru2401P11750,181.0,0.0,0.0,0.0,1,127.0,638.0,2,181.0,154.0,0.0,0.0,0.0,0.0,17
2023-05-09 21:06:42,ru2401P11750,ru2401P11750,181.0,0.0,0.0,0.0,1,127.0,638.0,2,181.0,154.0,0.0,0.0,0.0,0.0,17
2023-05-09 21:06:42,ru2401P11750,ru2401P11750,181.0,0.0,0.0,0.0,1,127.0,637.0,1,181.0,154.0,0.0,0.0,0.0,0.0,17
2023-05-09 21:06:43,ru2401P11750,ru2401P11750,181.0,0.0,0.0,0.0,1,127.0,636.0,2,181.0,154.0,0.0,0.0,0.0,0.0,17
2023-05-09 21:06:43,ru2401P11750,ru2401P11750,181.0,0.0,0.0,0.0,1,127.0,636.0,2,181.0,154.0,0.0,0.0,0.0,0.0,17
2023-05-09 21:06:44,ru2401P11750,ru2401P11750,181.0,0.0,0.0,0.0,1,127.0,635.0,1,181.0,154.0,0.0,0.0,0.0,0.0,17
2023-05-09 21:06:44,ru2401P11750,ru2401P11750,181.0,0.0,0.0,0.0,1,127.0,634.0,2,181.0,154.0,0.0,0.0,0.0,0.0,17
2023-05-09 21:06:45,ru2401P11750,ru2401P11750,181.0,0.0,0.0,0.0,1,127.0,634.0,2,181.0,154.0,0.0,0.0,0.0,0.0,17
2023-05-09 21:06:45,ru2401P11750,ru2401P11750,181.0,0.0,0.0,0.0,1,127.0,633.0,1,181.0,154.0,0.0,0.0,0.0,0.0,17
2023-05-09 21:06:46,ru2401P11750,ru2401P11750,181.0,0.0,0.0,0.0,1,127.0,632.0,2,181.0,154.0,0.0,0.0,0.0,0.0,17
2023-05-09 21:06:46,ru2401P11750,ru2401P11750,181.0,0.0,0.0,0.0,1,127.0,632.0,2,181.0,154.0,0.0,0.0,0.0,0.0,17
2023-05-09 21:06:47,ru2401P11750,ru2401P11750,181.0,0.0,0.0,0.0,1,127.0,631.0,1,181.0,154.0,0.0,0.0,0.0,0.0,17
2023-05-09 21:06:47,ru2401P11750,ru2401P11750,181.0,0.0,0.0,0.0,1,127.0,630.0,2,181.0,154.0,0.0,0.0,0.0,0.0,17
2023-05-09 21:06:48,ru2401P11750,ru2401P11750,181.0,0.0,0.0,0.0,1,127.0,630.0,2,181.0,154.0,0.0,0.0,0.0,0.0,17
2023-05-09 21:06:48,ru2401P11750,ru2401P11750,181.0,0.0,0.0,0.0,1,127.0,629.0,1,181.0,154.0,0.0,0.0,0.0,0.0,17
2023-05-09 21:06:49,ru2401P11750,ru2401P11750,181.0,0.0,0.0,0.0,1,127.0,628.0,2,181.0,154.0,0.0,0.0,0.0,0.0,17
2023-05-09 21:06:49,ru2401P11750,ru2401P11750,181.0,0.0,0.0,0.0,1,127.0,628.0,2,181.0,154.0,0.0,0.0,0.0,0.0,17
2023-05-09 21:06:50,ru2401P11750,ru2401P11750,181.0,0.0,0.0,0.0,1,127.0,627.0,1,181.0,154.0,0.0,0.0,0.0,0.0,17
2023-05-09 21:06:50,ru2401P11750,ru2401P11750,181.0,0.0,0.0,0.0,1,127.0,626.0,2,181.0,154.0,0.0,0.0,0.0,0.0,17
2023-05-09 21:06:51,ru2401P11750,ru2401P11750,181.0,0.0,0.0,0.0,1,127.0,626.0,2,181.0,154.0,0.0,0.0,0.0,0.0,17
2023-05-09 21:06:51,ru2401P11750,ru2401P11750,181.0,0.0,0.0,0.0,1,127.0,625.0,1,181.0,154.0,0.0,0.0,0.0,0.0,17
2023-05-09 21:06:52,ru2401P11750,ru2401P11750,181.0,0.0,0.0,0.0,1,127.0,624.0,2,181.0,154.0,0.0,0.0,0.0,0.0,17
2023-05-09 21:06:52,ru2401P11750,ru2401P11750,181.0,0.0,0.0,0.0,1,127.0,624.0,2,181.0,154.0,0.0,0.0,0.0,0.0,17
2023-05-09 21:06:53,ru2401P11750,ru2401P11750,181.0,0.0,0.0,0.0,1,127.0,623.0,1,181.0,154.0,0.0,0.0,0.0,0.0,17
2023-05-09 21:06:53,ru2401P11750,ru2401P11750,181.0,0.0,0.0,0.0,1,127.0,622.0,2,181.0,154.0,0.0,0.0,0.0,0.0,17
2023-05-09 21:06:54,ru2401P11750,ru2401P11750,181.0,0.0,0.0,0.0,1,127.0,622.0,2,181.0,154.0,0.0,0.0,0.0,0.0,17
2023-05-09 21:06:54,ru2401P11750,ru2401P11750,181.0,0.0,0.0,0.0,1,127.0,621.0,1,181.0,154.0,0.0,0.0,0.0,0.0,17
2023-05-09 21:06:55,ru2401P11750,ru2401P11750,181.0,0.0,0.0,0.0,1,127.0,620.0,2,181.0,154.0,0.0,0.0,0.0,0.0,17
2023-05-09 21:06:55,ru2401P11750,ru2401P11750,181.0,0.0,0.0,0.0,1,127.0,620.0,2,181.0,154.0,0.0,0.0,0.0,0.0,17
2023-05-09 21:06:56,ru2401P11750,ru2401P11750,181.0,0.0,0.0,0.0,1,127.0,619.0,1,181.0,154.0,0.0,0.0,0.0,0.0,17
2023-05-09 21:06:56,ru2401P11750,ru2401P11750,181.0,0.0,0.0,0.0,1,127.0,618.0,2,181.0,154.0,0.0,0.0,0.0,0.0,17
2023-05-09 21:06:57,ru2401P11750,ru2401P11750,181.0,0.0,0.0,0.0,1,127.0,618.0,2,181.0,154.0,0.0,0.0,0.0,0.0,17
2023-05-09 21:06:57,ru2401P11750,ru2401P11750,181.0,0.0,0.0,0.0,1,127.0,617.0,1,181.0,154.0,0.0,0.0,0.0,0.0,17
2023-05-09 21:06:58,ru2401P11750,ru2401P11750,181.0,0.0,0.0,0.0,1,127.0,616.0,2,181.0,154.0,0.0,0.0,0.0,0.0,17
2023-05-09 21:06:58,ru2401P11750,ru2401P11750,181.0,0.0,0.0,0.0,1,127.0,616.0,2,181.0,154.0,0.0,0.0,0.0,0.0,17
2023-05-09 21:06:59,ru2401P11750,ru2401P11750,181.0,0.0,0.0,0.0,1,127.0,615.0,1,181.0,154.0,0.0,0.0,0.0,0.0,17
2023-05-09 21:06:59,ru2401P11750,ru2401P11750,181.0,0.0,0.0,0.0,1,127.0,614.0,2,181.0,154.0,0.0,0.0,0.0,0.0,17
2023-05-09 21:07:00,ru2401P11750,ru2401P11750,181.0,0.0,0.0,0.0,1,127.0,614.0,2,181.0,154.0,0.0,0.0,0.0,0.0,17
2023-05-09 21:07:00,ru2401P11750,ru2401P11750,181.0,0.0,0.0,0.0,1,127.0,613.0,1,181.0,154.0,0.0,0.0,0.0,0.0,17
2023-05-09 21:07:01,ru2401P11750,ru2401P11750,181.0,0.0,0.0,0.0,1,127.0,612.0,2,181.0,154.0,0.0,0.0,0.0,0.0,17
2023-05-09 21:07:01,ru2401P11750,ru2401P11750,181.0,0.0,0.0,0.0,1,127.0,612.0,2,181.0,154.0,0.0,0.0,0.0,0.0,17
2023-05-09 21:07:02,ru2401P11750,ru2401P11750,181.0,0.0,0.0,0.0,1,127.0,611.0,1,181.0,154.0,0.0,0.0,0.0,0.0,17
2023-05-09 21:07:02,ru2401P11750,ru2401P11750,181.0,0.0,0.0,0.0,3,127.0,610.0,2,181.0,154.0,0.0,0.0,0.0,0.0,17
2023-05-09 21:07:03,ru2401P11750,ru2401P11750,181.0,0.0,0.0,0.0,3,127.0,610.0,2,181.0,154.0,0.0,0.0,0.0,0.0,17
2023-05-09 21:07:03,ru2401P11750,ru2401P11750,181.0,0.0,0.0,0.0,3,127.0,609.0,1,181.0,154.0,0.0,0.0,0.0,0.0,17
2023-05-09 21:07:04,ru2401P11750,ru2401P11750,181.0,0.0,0.0,0.0,1,127.0,608.0,2,181.0,154.0,0.0,0.0,0.0,0.0,17
2023-05-09 21:07:04,ru2401P11750,ru2401P11750,181.0,0.0,0.0,0.0,1,127.0,608.0,2,181.0,154.0,0.0,0.0,0.0,0.0,17
2023-05-09 21:07:05,ru2401P11750,ru2401P11750,181.0,0.0,0.0,0.0,1,127.0,607.0,1,181.0,154.0,0.0,0.0,0.0,0.0,17
2023-05-09 21:07:05,ru2401P11750,ru2401P11750,181.0,0.0,0.0,0.0,1,127.0,606.0,2,181.0,154.0,0.0,0.0,0.0,0.0,17
2023-05-09 21:07:06,ru2401P11750,ru2401P11750,181.0,0.0,0.0,0.0,1,127.0,606.0,2,181.0,154.0,0.0,0.0,0.0,0.0,17
2023-05-09 21:07:06,ru2401P11750,ru2401P11750,181.0,0.0,0.0,0.0,1,127.0,605.0,1,181.0,154.0,0.0,0.0,0.0,0.0,17
2023-05-09 21:07:07,ru2401P11750,ru2401P11750,181.0,0.0,0.0,0.0,1,127.0,604.0,2,181.0,154.0,0.0,0.0,0.0,0.0,17
2023-05-09 21:07:07,ru2401P11750,ru2401P11750,181.0,0.0,0.0,0.0,1,127.0,604.0,2,181.0,154.0,0.0,0.0,0.0,0.0,17
2023-05-09 21:07:08,ru2401P11750,ru2401P11750,181.0,0.0,0.0,0.0,1,127.0,603.0,1,181.0,154.0,0.0,0.0,0.0,0.0,17
2023-05-09 21:07:08,ru2401P11750,ru2401P11750,181.0,0.0,0.0,0.0,1,127.0,602.0,2,181.0,154.0,0.0,0.0,0.0,0.0,17
2023-05-09 21:07:09,ru2401P11750,ru2401P11750,181.0,0.0,0.0,0.0,1,127.0,602.0,2,181.0,154.0,0.0,0.0,0.0,0.0,17
2023-05-09 21:07:09,ru2401P11750,ru2401P11750,181.0,0.0,0.0,0.0,1,127.0,601.0,1,181.0,154.0,0.0,0.0,0.0,0.0,17
2023-05-09 21:07:10,ru2401P11750,ru2401P11750,181.0,0.0,0.0,0.0,1,127.0,600.0,2,181.0,154.0,0.0,0.0,0.0,0.0,17
2023-05-09 21:07:10,ru2401P11750,ru2401P11750,181.0,0.0,0.0,0.0,1,127.0,600.0,2,181.0,154.0,0.0,0.0,0.0,0.0,17
2023-05-09 21:07:11,ru2401P11750,ru2401P11750,181.0,0.0,0.0,0.0,1,127.0,599.0,1,181.0,154.0,0.0,0.0,0.0,0.0,17
2023-05-09 21:07:11,ru2401P11750,ru2401P11750,181.0,0.0,0.0,0.0,1,127.0,598.0,2,181.0,154.0,0.0,0.0,0.0,0.0,17
2023-05-09 21:07:12,ru2401P11750,ru2401P11750,181.0,0.0,0.0,0.0,1,127.0,598.0,2,181.0,154.0,0.0,0.0,0.0,0.0,17
2023-05-09 21:07:12,ru2401P11750,ru2401P11750,181.0,0.0,0.0,0.0,1,127.0,597.0,1,181.0,154.0,0.0,0.0,0.0,0.0,17
2023-05-09 21:07:13,ru2401P11750,ru2401P11750,181.0,0.0,0.0,0.0,1,127.0,596.0,2,181.0,154.0,0.0,0.0,0.0,0.0,17
2023-05-09 21:07:13,ru2401P11750,ru2401P11750,181.0,0.0,0.0,0.0,1,127.0,596.0,2,181.0,154.0,0.0,0.0,0.0,0.0,17
2023-05-09 21:07:14,ru2401P11750,ru2401P11750,181.0,0.0,0.0,0.0,1,127.0,595.0,1,181.0,154.0,0.0,0.0,0.0,0.0,17
2023-05-09 21:07:14,ru2401P11750,ru2401P11750,181.0,0.0,0.0,0.0,1,127.0,594.0,2,181.0,154.0,0.0,0.0,0.0,0.0,17
2023-05-09 21:07:15,ru2401P11750,ru2401P11750,181.0,0.0,0.0,0.0,1,127.0,594.0,2,181.0,154.0,0.0,0.0,0.0,0.0,17
2023-05-09 21:07:15,ru2401P11750,ru2401P11750,181.0,0.0,0.0,0.0,1,127.0,593.0,1,181.0,154.0,0.0,0.0,0.0,0.0,17
2023-05-09 21:07:16,ru2401P11750,ru2401P11750,181.0,0.0,0.0,0.0,1,127.0,592.0,2,181.0,154.0,0.0,0.0,0.0,0.0,17
2023-05-09 21:07:16,ru2401P11750,ru2401P11750,181.0,0.0,0.0,0.0,1,127.0,592.0,2,181.0,154.0,0.0,0.0,0.0,0.0,17
2023-05-09 21:07:17,ru2401P11750,ru2401P11750,181.0,0.0,0.0,0.0,1,127.0,591.0,1,181.0,154.0,0.0,0.0,0.0,0.0,17
2023-05-09 21:07:17,ru2401P11750,ru2401P11750,181.0,0.0,0.0,0.0,1,127.0,590.0,2,181.0,154.0,0.0,0.0,0.0,0.0,17
2023-05-09 21:07:18,ru2401P11750,ru2401P11750,181.0,0.0,0.0,0.0,1,127.0,590.0,2,181.0,154.0,0.0,0.0,0.0,0.0,17
2023-05-09 21:07:18,ru2401P11750,ru2401P11750,181.0,0.0,0.0,0.0,1,127.0,589.0,1,181.0,154.0,0.0,0.0,0.0,0.0,17
2023-05-09 21:07:19,ru2401P11750,ru2401P11750,181.0,0.0,0.0,0.0,1,127.0,588.0,2,181.0,154.0,0.0,0.0,0.0,0.0,17
2023-05-09 21:07:19,ru2401P11750,ru2401P11750,181.0,0.0,0.0,0.0,1,127.0,588.0,2,181.0,154.0,0.0,0.0,0.0,0.0,17
2023-05-09 21:07:20,ru2401P11750,ru2401P11750,181.0,0.0,0.0,0.0,1,127.0,587.0,1,181.0,154.0,0.0,0.0,0.0,0.0,17
2023-05-09 21:07:20,ru2401P11750,ru2401P11750,181.0,0.0,0.0,0.0,1,127.0,586.0,2,181.0,154.0,0.0,0.0,0.0,0.0,17
2023-05-09 21:07:21,ru2401P11750,ru2401P11750,181.0,0.0,0.0,0.0,1,127.0,586.0,2,181.0,154.0,0.0,0.0,0.0,0.0,17
2023-05-09 21:07:21,ru2401P11750,ru2401P11750,181.0,0.0,0.0,0.0,1,127.0,585.0,1,181.0,154.0,0.0,0.0,0.0,0.0,17
2023-05-09 21:07:22,ru2401P11750,ru2401P11750,181.0,0.0,0.0,0.0,1,127.0,584.0,2,181.0,154.0,0.0,0.0,0.0,0.0,17
2023-05-09 21:07:22,ru2401P11750,ru2401P11750,181.0,0.0,0.0,0.0,1,127.0,584.0,2,181.0,154.0,0.0,0.0,0.0,0.0,17
2023-05-09 21:07:23,ru2401P11750,ru2401P11750,181.0,0.0,0.0,0.0,1,127.0,583.0,1,181.0,154.0,0.0,0.0,0.0,0.0,17
2023-05-09 21:07:23,ru2401P11750,ru2401P11750,181.0,0.0,0.0,0.0,1,127.0,582.0,2,181.0,154.0,0.0,0.0,0.0,0.0,17
2023-05-09 21:07:24,ru2401P11750,ru2401P11750,181.0,0.0,0.0,0.0,1,127.0,582.0,2,181.0,154.0,0.0,0.0,0.0,0.0,17
2023-05-09 21:07:24,ru2401P11750,ru2401P11750,181.0,0.0,0.0,0.0,1,127.0,581.0,1,181.0,154.0,0.0,0.0,0.0,0.0,17
2023-05-09 21:07:25,ru2401P11750,ru2401P11750,181.0,0.0,0.0,0.0,1,127.0,580.0,2,181.0,154.0,0.0,0.0,0.0,0.0,17
2023-05-09 21:07:25,ru2401P11750,ru2401P11750,181.0,0.0,0.0,0.0,1,127.0,580.0,2,181.0,154.0,0.0,0.0,0.0,0.0,17
2023-05-09 21:07:26,ru2401P11750,ru2401P11750,181.0,0.0,0.0,0.0,1,127.0,579.0,1,181.0,154.0,0.0,0.0,0.0,0.0,17
2023-05-09 21:07:26,ru2401P11750,ru2401P11750,181.0,0.0,0.0,0.0,1,127.0,578.0,2,181.0,154.0,0.0,0.0,0.0,0.0,17
2023-05-09 21:07:27,ru2401P11750,ru2401P11750,181.0,0.0,0.0,0.0,1,127.0,578.0,2,181.0,154.0,0.0,0.0,0.0,0.0,17
2023-05-09 21:07:27,ru2401P11750,ru2401P11750,181.0,0.0,0.0,0.0,1,127.0,577.0,1,181.0,154.0,0.0,0.0,0.0,0.0,17
2023-05-09 21:07:28,ru2401P11750,ru2401P11750,181.0,0.0,0.0,0.0,1,127.0,576.0,2,181.0,154.0,0.0,0.0,0.0,0.0,17
2023-05-09 21:07:28,ru2401P11750,ru2401P11750,181.0,0.0,0.0,0.0,1,127.0,576.0,2,181.0,154.0,0.0,0.0,0.0,0.0,17
2023-05-09 21:07:29,ru2401P11750,ru2401P11750,181.0,0.0,0.0,0.0,1,127.0,575.0,1,181.0,154.0,0.0,0.0,0.0,0.0,17
2023-05-09 21:07:29,ru2401P11750,ru2401P11750,181.0,0.0,0.0,0.0,1,127.0,574.0,2,181.0,154.0,0.0,0.0,0.0,0.0,17
2023-05-09 21:07:30,ru2401P11750,ru2401P11750,181.0,0.0,0.0,0.0,1,127.0,574.0,2,181.0,154.0,0.0,0.0,0.0,0.0,17
2023-05-09 21:07:30,ru2401P11750,ru2401P11750,181.0,0.0,0.0,0.0,1,127.0,573.0,1,181.0,154.0,0.0,0.0,0.0,0.0,17
2023-05-09 21:07:31,ru2401P11750,ru2401P11750,181.0,0.0,0.0,0.0,3,127.0,572.0,2,181.0,154.0,0.0,0.0,0.0,0.0,17
2023-05-09 21:07:31,ru2401P11750,ru2401P11750,181.0,0.0,0.0,0.0,3,127.0,572.0,2,181.0,154.0,0.0,0.0,0.0,0.0,17
2023-05-09 21:07:32,ru2401P11750,ru2401P11750,181.0,0.0,0.0,0.0,3,127.0,571.0,1,181.0,154.0,0.0,0.0,0.0,0.0,17
2023-05-09 21:07:32,ru2401P11750,ru2401P11750,181.0,0.0,0.0,0.0,1,127.0,570.0,2,181.0,154.0,0.0,0.0,0.0,0.0,17
2023-05-09 21:07:33,ru2401P11750,ru2401P11750,181.0,0.0,0.0,0.0,1,127.0,570.0,2,181.0,154.0,0.0,0.0,0.0,0.0,17
2023-05-09 21:07:33,ru2401P11750,ru2401P11750,181.0,0.0,0.0,0.0,1,127.0,569.0,1,181.0,154.0,0.0,0.0,0.0,0.0,17
2023-05-09 21:07:34,ru2401P11750,ru2401P11750,181.0,0.0,0.0,0.0,1,127.0,568.0,2,181.0,154.0,0.0,0.0,0.0,0.0,17
2023-05-09 21:07:34,ru2401P11750,ru2401P11750,181.0,0.0,0.0,0.0,1,127.0,568.0,2,181.0,154.0,0.0,0.0,0.0,0.0,17
2023-05-09 21:07:35,ru2401P11750,ru2401P11750,181.0,0.0,0.0,0.0,1,127.0,567.0,1,181.0,154.0,0.0,0.0,0.0,0.0,17
2023-05-09 21:07:35,ru2401P11750,ru2401P11750,181.0,0.0,0.0,0.0,1,127.0,566.0,2,181.0,154.0,0.0,0.0,0.0,0.0,17
2023-05-09 21:07:36,ru2401P11750,ru2401P11750,181.0,0.0,0.0,0.0,1,127.0,566.0,2,181.0,154.0,0.0,0.0,0.0,0.0,17
2023-05-09 21:07:36,ru2401P11750,ru2401P11750,181.0,0.0,0.0,0.0,1,127.0,565.0,1,181.0,154.0,0.0,0.0,0.0,0.0,17
2023-05-09 21:07:37,ru2401P11750,ru2401P11750,181.0,0.0,0.0,0.0,1,127.0,564.0,2,181.0,154.0,0.0,0.0,0.0,0.0,17
2023-05-09 21:07:37,ru2401P11750,ru2401P11750,181.0,0.0,0.0,0.0,1,127.0,564.0,2,181.0,154.0,0.0,0.0,0.0,0.0,17
2023-05-09 21:07:38,ru2401P11750,ru2401P11750,181.0,0.0,0.0,0.0,1,127.0,563.0,1,181.0,154.0,0.0,0.0,0.0,0.0,17
2023-05-09 21:07:38,ru2401P11750,ru2401P11750,181.0,0.0,0.0,0.0,1,127.0,562.0,2,181.0,154.0,0.0,0.0,0.0,0.0,17
2023-05-09 21:07:39,ru2401P11750,ru2401P11750,181.0,0.0,0.0,0.0,1,127.0,562.0,2,181.0,154.0,0.0,0.0,0.0,0.0,17
2023-05-09 21:07:39,ru2401P11750,ru2401P11750,181.0,0.0,0.0,0.0,1,127.0,561.0,1,181.0,154.0,0.0,0.0,0.0,0.0,17
2023-05-09 21:07:40,ru2401P11750,ru2401P11750,181.0,0.0,0.0,0.0,1,127.0,560.0,2,181.0,154.0,0.0,0.0,0.0,0.0,17
2023-05-09 21:07:40,ru2401P11750,ru2401P11750,181.0,0.0,0.0,0.0,1,127.0,560.0,2,181.0,154.0,0.0,0.0,0.0,0.0,17
2023-05-09 21:07:41,ru2401P11750,ru2401P11750,181.0,0.0,0.0,0.0,1,127.0,559.0,1,181.0,154.0,0.0,0.0,0.0,0.0,17
2023-05-09 21:07:41,ru2401P11750,ru2401P11750,181.0,0.0,0.0,0.0,1,127.0,558.0,2,181.0,154.0,0.0,0.0,0.0,0.0,17
2023-05-09 21:07:42,ru2401P11750,ru2401P11750,181.0,0.0,0.0,0.0,1,127.0,558.0,2,181.0,154.0,0.0,0.0,0.0,0.0,17
2023-05-09 21:07:42,ru2401P11750,ru2401P11750,181.0,0.0,0.0,0.0,1,127.0,557.0,1,181.0,154.0,0.0,0.0,0.0,0.0,17
2023-05-09 21:07:43,ru2401P11750,ru2401P11750,181.0,0.0,0.0,0.0,1,127.0,556.0,2,181.0,154.0,0.0,0.0,0.0,0.0,17
2023-05-09 21:07:43,ru2401P11750,ru2401P11750,181.0,0.0,0.0,0.0,1,127.0,556.0,2,181.0,154.0,0.0,0.0,0.0,0.0,17
2023-05-09 21:07:44,ru2401P11750,ru2401P11750,181.0,0.0,0.0,0.0,1,127.0,555.0,1,181.0,154.0,0.0,0.0,0.0,0.0,17
2023-05-09 21:07:44,ru2401P11750,ru2401P11750,181.0,0.0,0.0,0.0,1,127.0,554.0,2,181.0,154.0,0.0,0.0,0.0,0.0,17
2023-05-09 21:07:45,ru2401P11750,ru2401P11750,181.0,0.0,0.0,0.0,1,127.0,554.0,2,181.0,154.0,0.0,0.0,0.0,0.0,17
2023-05-09 21:07:45,ru2401P11750,ru2401P11750,181.0,0.0,0.0,0.0,1,127.0,553.0,1,181.0,154.0,0.0,0.0,0.0,0.0,17
2023-05-09 21:07:46,ru2401P11750,ru2401P11750,181.0,0.0,0.0,0.0,1,127.0,552.0,2,181.0,154.0,0.0,0.0,0.0,0.0,17
2023-05-09 21:07:46,ru2401P11750,ru2401P11750,181.0,0.0,0.0,0.0,1,127.0,552.0,2,181.0,154.0,0.0,0.0,0.0,0.0,17
2023-05-09 21:07:47,ru2401P11750,ru2401P11750,181.0,0.0,0.0,0.0,1,127.0,551.0,1,181.0,154.0,0.0,0.0,0.0,0.0,17
2023-05-09 21:07:47,ru2401P11750,ru2401P11750,181.0,0.0,0.0,0.0,1,127.0,550.0,2,181.0,154.0,0.0,0.0,0.0,0.0,17
2023-05-09 21:07:48,ru2401P11750,ru2401P11750,181.0,0.0,0.0,0.0,1,127.0,550.0,2,181.0,154.0,0.0,0.0,0.0,0.0,17
2023-05-09 21:07:48,ru2401P11750,ru2401P11750,181.0,0.0,0.0,0.0,1,127.0,549.0,1,181.0,154.0,0.0,0.0,0.0,0.0,17
2023-05-09 21:07:49,ru2401P11750,ru2401P11750,181.0,0.0,0.0,0.0,1,127.0,548.0,2,181.0,154.0,0.0,0.0,0.0,0.0,17
2023-05-09 21:07:49,ru2401P11750,ru2401P11750,181.0,0.0,0.0,0.0,1,127.0,548.0,2,181.0,154.0,0.0,0.0,0.0,0.0,17
2023-05-09 21:07:50,ru2401P11750,ru2401P11750,181.0,0.0,0.0,0.0,1,127.0,547.0,1,181.0,154.0,0.0,0.0,0.0,0.0,17
2023-05-09 21:07:50,ru2401P11750,ru2401P11750,181.0,0.0,0.0,0.0,1,127.0,546.0,2,181.0,154.0,0.0,0.0,0.0,0.0,17
2023-05-09 21:07:51,ru2401P11750,ru2401P11750,181.0,0.0,0.0,0.0,1,127.0,546.0,2,181.0,154.0,0.0,0.0,0.0,0.0,17
2023-05-09 21:07:51,ru2401P11750,ru2401P11750,181.0,0.0,0.0,0.0,1,127.0,545.0,1,181.0,154.0,0.0,0.0,0.0,0.0,17
2023-05-09 21:07:52,ru2401P11750,ru2401P11750,181.0,0.0,0.0,0.0,1,127.0,544.0,2,181.0,154.0,0.0,0.0,0.0,0.0,17
2023-05-09 21:07:52,ru2401P11750,ru2401P11750,181.0,0.0,0.0,0.0,1,127.0,544.0,2,181.0,154.0,0.0,0.0,0.0,0.0,17
2023-05-09 21:07:53,ru2401P11750,ru2401P11750,181.0,0.0,0.0,0.0,1,127.0,543.0,1,181.0,154.0,0.0,0.0,0.0,0.0,17
2023-05-09 21:07:53,ru2401P11750,ru2401P11750,181.0,0.0,0.0,0.0,1,127.0,542.0,2,181.0,154.0,0.0,0.0,0.0,0.0,17
2023-05-09 21:07:54,ru2401P11750,ru2401P11750,181.0,0.0,0.0,0.0,1,127.0,542.0,2,181.0,154.0,0.0,0.0,0.0,0.0,17
2023-05-09 21:07:54,ru2401P11750,ru2401P11750,181.0,0.0,0.0,0.0,1,127.0,541.0,1,181.0,154.0,0.0,0.0,0.0,0.0,17
2023-05-09 21:07:55,ru2401P11750,ru2401P11750,181.0,0.0,0.0,0.0,1,127.0,540.0,2,181.0,154.0,0.0,0.0,0.0,0.0,17
2023-05-09 21:07:55,ru2401P11750,ru2401P11750,181.0,0.0,0.0,0.0,1,127.0,540.0,2,181.0,154.0,0.0,0.0,0.0,0.0,17
2023-05-09 21:07:56,ru2401P11750,ru2401P11750,181.0,0.0,0.0,0.0,1,127.0,539.0,1,181.0,154.0,0.0,0.0,0.0,0.0,17
2023-05-09 21:07:56,ru2401P11750,ru2401P11750,181.0,0.0,0.0,0.0,1,127.0,538.0,2,181.0,154.0,0.0,0.0,0.0,0.0,17
2023-05-09 21:07:57,ru2401P11750,ru2401P11750,181.0,0.0,0.0,0.0,1,127.0,538.0,2,181.0,154.0,0.0,0.0,0.0,0.0,17
2023-05-09 21:07:57,ru2401P11750,ru2401P11750,181.0,0.0,0.0,0.0,1,127.0,537.0,1,181.0,154.0,0.0,0.0,0.0,0.0,17
2023-05-09 21:07:58,ru2401P11750,ru2401P11750,181.0,0.0,0.0,0.0,1,127.0,536.0,2,181.0,154.0,0.0,0.0,0.0,0.0,17
2023-05-09 21:07:58,ru2401P11750,ru2401P11750,181.0,0.0,0.0,0.0,1,127.0,536.0,2,181.0,154.0,0.0,0.0,0.0,0.0,17
2023-05-09 21:07:59,ru2401P11750,ru2401P11750,181.0,0.0,0.0,0.0,1,127.0,535.0,1,181.0,154.0,0.0,0.0,0.0,0.0,17
2023-05-09 21:07:59,ru2401P11750,ru2401P11750,181.0,0.0,0.0,0.0,1,127.0,534.0,2,181.0,154.0,0.0,0.0,0.0,0.0,17
2023-05-09 21:08:00,ru2401P11750,ru2401P11750,181.0,0.0,0.0,0.0,1,127.0,534.0,2,181.0,154.0,0.0,0.0,0.0,0.0,17
2023-05-09 21:08:00,ru2401P11750,ru2401P11750,181.0,0.0,0.0,0.0,1,127.0,533.0,1,181.0,154.0,0.0,0.0,0.0,0.0,17
2023-05-09 21:08:01,ru2401P11750,ru2401P11750,181.0,0.0,0.0,0.0,1,127.0,532.0,2,181.0,154.0,0.0,0.0,0.0,0.0,17
2023-05-09 21:08:01,ru2401P11750,ru2401P11750,181.0,0.0,0.0,0.0,1,127.0,532.0,2,181.0,154.0,0.0,0.0,0.0,0.0,17
2023-05-09 21:08:02,ru2401P11750,ru2401P11750,181.0,0.0,0.0,0.0,1,127.0,531.0,1,181.0,154.0,0.0,0.0,0.0,0.0,17
2023-05-09 21:08:02,ru2401P11750,ru2401P11750,181.0,0.0,0.0,0.0,1,127.0,530.0,2,181.0,154.0,0.0,0.0,0.0,0.0,17
2023-05-09 21:08:03,ru2401P11750,ru2401P11750,181.0,0.0,0.0,0.0,1,127.0,530.0,2,181.0,154.0,0.0,0.0,0.0,0.0,17
2023-05-09 21:08:03,ru2401P11750,ru2401P11750,181.0,0.0,0.0,0.0,1,127.0,529.0,1,181.0,154.0,0.0,0.0,0.0,0.0,17
2023-05-09 21:08:04,ru2401P11750,ru2401P11750,181.0,0.0,0.0,0.0,1,127.0,528.0,2,181.0,154.0,0.0,0.0,0.0,0.0,17
2023-05-09 21:08:04,ru2401P11750,ru2401P11750,181.0,0.0,0.0,0.0,1,127.0,528.0,2,181.0,154.0,0.0,0.0,0.0,0.0,17
2023-05-09 21:08:05,ru2401P11750,ru2401P11750,181.0,0.0,0.0,0.0,1,127.0,527.0,1,181.0,154.0,0.0,0.0,0.0,0.0,17
2023-05-09 21:08:05,ru2401P11750,ru2401P11750,181.0,0.0,0.0,0.0,1,127.0,526.0,2,181.0,154.0,0.0,0.0,0.0,0.0,17
2023-05-09 21:08:06,ru2401P11750,ru2401P11750,181.0,0.0,0.0,0.0,1,127.0,526.0,2,181.0,154.0,0.0,0.0,0.0,0.0,17
2023-05-09 21:08:06,ru2401P11750,ru2401P11750,181.0,0.0,0.0,0.0,1,127.0,525.0,1,181.0,154.0,0.0,0.0,0.0,0.0,17
2023-05-09 21:08:07,ru2401P11750,ru2401P11750,181.0,0.0,0.0,0.0,1,127.0,524.0,2,181.0,154.0,0.0,0.0,0.0,0.0,17
2023-05-09 21:08:07,ru2401P11750,ru2401P11750,181.0,0.0,0.0,0.0,1,127.0,524.0,2,181.0,154.0,0.0,0.0,0.0,0.0,17
2023-05-09 21:08:08,ru2401P11750,ru2401P11750,181.0,0.0,0.0,0.0,1,127.0,523.0,1,181.0,154.0,0.0,0.0,0.0,0.0,17
2023-05-09 21:08:08,ru2401P11750,ru2401P11750,181.0,0.0,0.0,0.0,1,127.0,522.0,2,181.0,154.0,0.0,0.0,0.0,0.0,17
2023-05-09 21:08:09,ru2401P11750,ru2401P11750,181.0,0.0,0.0,0.0,1,127.0,522.0,2,181.0,154.0,0.0,0.0,0.0,0.0,17
2023-05-09 21:08:09,ru2401P11750,ru2401P11750,181.0,0.0,0.0,0.0,1,127.0,521.0,1,181.0,154.0,0.0,0.0,0.0,0.0,17
2023-05-09 21:08:10,ru2401P11750,ru2401P11750,181.0,0.0,0.0,0.0,1,127.0,520.0,2,181.0,154.0,0.0,0.0,0.0,0.0,17
2023-05-09 21:08:10,ru2401P11750,ru2401P11750,181.0,0.0,0.0,0.0,1,127.0,520.0,2,181.0,154.0,0.0,0.0,0.0,0.0,17
2023-05-09 21:08:11,ru2401P11750,ru2401P11750,181.0,0.0,0.0,0.0,1,127.0,519.0,1,181.0,154.0,0.0,0.0,0.0,0.0,17
2023-05-09 21:08:11,ru2401P11750,ru2401P11750,181.0,0.0,0.0,0.0,1,127.0,518.0,2,181.0,154.0,0.0,0.0,0.0,0.0,17
2023-05-09 21:08:12,ru2401P11750,ru2401P11750,181.0,0.0,0.0,0.0,1,127.0,518.0,2,181.0,154.0,0.0,0.0,0.0,0.0,17
2023-05-09 21:08:12,ru2401P11750,ru2401P11750,181.0,0.0,0.0,0.0,1,127.0,517.0,1,181.0,154.0,0.0,0.0,0.0,0.0,17
2023-05-09 21:08:13,ru2401P11750,ru2401P11750,181.0,0.0,0.0,0.0,1,127.0,516.0,2,181.0,154.0,0.0,0.0,0.0,0.0,17
2023-05-09 21:08:13,ru2401P11750,ru2401P11750,181.0,0.0,0.0,0.0,1,127.0,516.0,2,181.0,154.0,0.0,0.0,0.0,0.0,17
2023-05-09 21:08:14,ru2401P11750,ru2401P11750,181.0,0.0,0.0,0.0,1,127.0,515.0,1,181.0,154.0,0.0,0.0,0.0,0.0,17
2023-05-09 21:08:14,ru2401P11750,ru2401P11750,181.0,0.0,0.0,0.0,3,127.0,514.0,2,181.0,154.0,0.0,0.0,0.0,0.0,17
2023-05-09 21:08:15,ru2401P11750,ru2401P11750,181.0,0.0,0.0,0.0,3,127.0,514.0,2,181.0,154.0,0.0,0.0,0.0,0.0,17
2023-05-09 21:08:15,ru2401P11750,ru2401P11750,181.0,0.0,0.0,0.0,3,127.0,513.0,1,181.0,154.0,0.0,0.0,0.0,0.0,17
2023-05-09 21:08:16,ru2401P11750,ru2401P11750,181.0,0.0,0.0,0.0,1,127.0,512.0,2,181.0,154.0,0.0,0.0,0.0,0.0,17
2023-05-09 21:08:16,ru2401P11750,ru2401P11750,181.0,0.0,0.0,0.0,1,127.0,512.0,2,181.0,154.0,0.0,0.0,0.0,0.0,17
2023-05-09 21:08:17,ru2401P11750,ru2401P11750,181.0,0.0,0.0,0.0,1,127.0,511.0,1,181.0,154.0,0.0,0.0,0.0,0.0,17
2023-05-09 21:08:17,ru2401P11750,ru2401P11750,181.0,0.0,0.0,0.0,1,127.0,510.0,2,181.0,154.0,0.0,0.0,0.0,0.0,17
2023-05-09 21:08:18,ru2401P11750,ru2401P11750,181.0,0.0,0.0,0.0,1,127.0,510.0,2,181.0,154.0,0.0,0.0,0.0,0.0,17
2023-05-09 21:08:18,ru2401P11750,ru2401P11750,181.0,0.0,0.0,0.0,1,127.0,509.0,1,181.0,154.0,0.0,0.0,0.0,0.0,17
2023-05-09 21:08:19,ru2401P11750,ru2401P11750,181.0,0.0,0.0,0.0,1,127.0,508.0,2,181.0,154.0,0.0,0.0,0.0,0.0,17
2023-05-09 21:08:19,ru2401P11750,ru2401P11750,181.0,0.0,0.0,0.0,1,127.0,508.0,2,181.0,154.0,0.0,0.0,0.0,0.0,17
2023-05-09 21:08:20,ru2401P11750,ru2401P11750,181.0,0.0,0.0,0.0,1,127.0,507.0,1,181.0,154.0,0.0,0.0,0.0,0.0,17
2023-05-09 21:08:20,ru2401P11750,ru2401P11750,181.0,0.0,0.0,0.0,1,127.0,506.0,2,181.0,154.0,0.0,0.0,0.0,0.0,17
2023-05-09 21:08:21,ru2401P11750,ru2401P11750,181.0,0.0,0.0,0.0,1,127.0,506.0,2,181.0,154.0,0.0,0.0,0.0,0.0,17
2023-05-09 21:08:21,ru2401P11750,ru2401P11750,181.0,0.0,0.0,0.0,1,127.0,505.0,1,181.0,154.0,0.0,0.0,0.0,0.0,17
2023-05-09 21:08:22,ru2401P11750,ru2401P11750,181.0,0.0,0.0,0.0,1,127.0,504.0,2,181.0,154.0,0.0,0.0,0.0,0.0,17
2023-05-09 21:08:22,ru2401P11750,ru2401P11750,181.0,0.0,0.0,0.0,1,127.0,504.0,2,181.0,154.0,0.0,0.0,0.0,0.0,17
2023-05-09 21:08:23,ru2401P11750,ru2401P11750,181.0,0.0,0.0,0.0,1,127.0,503.0,1,181.0,154.0,0.0,0.0,0.0,0.0,17
2023-05-09 21:08:23,ru2401P11750,ru2401P11750,181.0,0.0,0.0,0.0,1,127.0,502.0,2,181.0,154.0,0.0,0.0,0.0,0.0,17
2023-05-09 21:08:24,ru2401P11750,ru2401P11750,181.0,0.0,0.0,0.0,1,127.0,502.0,2,181.0,154.0,0.0,0.0,0.0,0.0,17
2023-05-09 21:08:24,ru2401P11750,ru2401P11750,181.0,0.0,0.0,0.0,1,127.0,501.0,1,181.0,154.0,0.0,0.0,0.0,0.0,17
2023-05-09 21:08:25,ru2401P11750,ru2401P11750,181.0,0.0,0.0,0.0,1,127.0,500.0,2,181.0,154.0,0.0,0.0,0.0,0.0,17
2023-05-09 21:08:25,ru2401P11750,ru2401P11750,181.0,0.0,0.0,0.0,1,127.0,500.0,2,181.0,154.0,0.0,0.0,0.0,0.0,17
2023-05-09 21:08:26,ru2401P11750,ru2401P11750,181.0,0.0,0.0,0.0,1,127.0,499.0,1,181.0,154.0,0.0,0.0,0.0,0.0,17
2023-05-09 21:08:26,ru2401P11750,ru2401P11750,181.0,0.0,0.0,0.0,3,127.0,498.0,2,181.0,154.0,0.0,0.0,0.0,0.0,17
2023-05-09 21:08:27,ru2401P11750,ru2401P11750,181.0,0.0,0.0,0.0,3,127.0,498.0,2,181.0,154.0,0.0,0.0,0.0,0.0,17
2023-05-09 21:08:27,ru2401P11750,ru2401P11750,181.0,0.0,0.0,0.0,3,127.0,497.0,1,181.0,154.0,0.0,0.0,0.0,0.0,17
2023-05-09 21:08:28,ru2401P11750,ru2401P11750,181.0,0.0,0.0,0.0,1,127.0,496.0,2,181.0,154.0,0.0,0.0,0.0,0.0,17
2023-05-09 21:08:28,ru2401P11750,ru2401P11750,181.0,0.0,0.0,0.0,1,127.0,496.0,2,181.0,154.0,0.0,0.0,0.0,0.0,17
2023-05-09 21:08:29,ru2401P11750,ru2401P11750,181.0,0.0,0.0,0.0,1,127.0,495.0,1,181.0,154.0,0.0,0.0,0.0,0.0,17
2023-05-09 21:08:29,ru2401P11750,ru2401P11750,181.0,0.0,0.0,0.0,1,127.0,494.0,2,181.0,154.0,0.0,0.0,0.0,0.0,17
2023-05-09 21:08:30,ru2401P11750,ru2401P11750,181.0,0.0,0.0,0.0,1,127.0,494.0,2,181.0,154.0,0.0,0.0,0.0,0.0,17
2023-05-09 21:08:30,ru2401P11750,ru2401P11750,181.0,0.0,0.0,0.0,1,127.0,493.0,1,181.0,154.0,0.0,0.0,0.0,0.0,17
2023-05-09 21:08:31,ru2401P11750,ru2401P11750,181.0,0.0,0.0,0.0,1,127.0,492.0,2,181.0,154.0,0.0,0.0,0.0,0.0,17
2023-05-09 21:08:31,ru2401P11750,ru2401P11750,181.0,0.0,0.0,0.0,1,127.0,492.0,2,181.0,154.0,0.0,0.0,0.0,0.0,17
2023-05-09 21:08:32,ru2401P11750,ru2401P11750,181.0,0.0,0.0,0.0,1,127.0,491.0,1,181.0,154.0,0.0,0.0,0.0,0.0,17
2023-05-09 21:08:32,ru2401P11750,ru2401P11750,181.0,0.0,0.0,0.0,1,127.0,490.0,2,181.0,154.0,0.0,0.0,0.0,0.0,17
2023-05-09 21:08:33,ru2401P11750,ru2401P11750,181.0,0.0,0.0,0.0,1,127.0,490.0,2,181.0,154.0,0.0,0.0,0.0,0.0,17
2023-05-09 21:08:33,ru2401P11750,ru2401P11750,181.0,0.0,0.0,0.0,1,127.0,489.0,1,181.0,154.0,0.0,0.0,0.0,0.0,17
2023-05-09 21:08:34,ru2401P11750,ru2401P11750,181.0,0.0,0.0,0.0,1,127.0,488.0,2,181.0,154.0,0.0,0.0,0.0,0.0,17
2023-05-09 21:08:34,ru2401P11750,ru2401P11750,181.0,0.0,0.0,0.0,1,127.0,488.0,2,181.0,154.0,0.0,0.0,0.0,0.0,17
2023-05-09 21:08:35,ru2401P11750,ru2401P11750,181.0,0.0,0.0,0.0,1,127.0,487.0,1,181.0,154.0,0.0,0.0,0.0,0.0,17
2023-05-09 21:08:35,ru2401P11750,ru2401P11750,181.0,0.0,0.0,0.0,1,127.0,486.0,2,181.0,154.0,0.0,0.0,0.0,0.0,17
2023-05-09 21:08:36,ru2401P11750,ru2401P11750,181.0,0.0,0.0,0.0,1,127.0,486.0,2,181.0,154.0,0.0,0.0,0.0,0.0,17
2023-05-09 21:08:36,ru2401P11750,ru2401P11750,181.0,0.0,0.0,0.0,1,127.0,485.0,1,181.0,154.0,0.0,0.0,0.0,0.0,17
2023-05-09 21:08:37,ru2401P11750,ru2401P11750,181.0,0.0,0.0,0.0,3,127.0,484.0,2,181.0,154.0,0.0,0.0,0.0,0.0,17
2023-05-09 21:08:37,ru2401P11750,ru2401P11750,181.0,0.0,0.0,0.0,3,127.0,484.0,2,181.0,154.0,0.0,0.0,0.0,0.0,17
2023-05-09 21:08:38,ru2401P11750,ru2401P11750,181.0,0.0,0.0,0.0,3,127.0,483.0,1,181.0,154.0,0.0,0.0,0.0,0.0,17
2023-05-09 21:08:38,ru2401P11750,ru2401P11750,181.0,0.0,0.0,0.0,3,127.0,482.0,2,181.0,154.0,0.0,0.0,0.0,0.0,17
2023-05-09 21:08:39,ru2401P11750,ru2401P11750,181.0,0.0,0.0,0.0,3,127.0,482.0,2,181.0,154.0,0.0,0.0,0.0,0.0,17
2023-05-09 21:08:39,ru2401P11750,ru2401P11750,181.0,0.0,0.0,0.0,3,127.0,481.0,1,181.0,154.0,0.0,0.0,0.0,0.0,17
2023-05-09 21:08:40,ru2401P11750,ru2401P11750,181.0,0.0,0.0,0.0,3,127.0,480.0,2,181.0,154.0,0.0,0.0,0.0,0.0,17
2023-05-09 21:08:40,ru2401P11750,ru2401P11750,181.0,0.0,0.0,0.0,3,127.0,480.0,2,181.0,154.0,0.0,0.0,0.0,0.0,17
2023-05-09 21:08:41,ru2401P11750,ru2401P11750,181.0,0.0,0.0,0.0,3,127.0,479.0,1,181.0,154.0,0.0,0.0,0.0,0.0,17
2023-05-09 21:08:41,ru2401P11750,ru2401P11750,181.0,0.0,0.0,0.0,3,127.0,478.0,2,181.0,154.0,0.0,0.0,0.0,0.0,17
2023-05-09 21:08:42,ru2401P11750,ru2401P11750,181.0,0.0,0.0,0.0,3,127.0,478.0,2,181.0,154.0,0.0,0.0,0.0,0.0,17
2023-05-09 21:08:42,ru2401P11750,ru2401P11750,181.0,0.0,0.0,0.0,3,127.0,477.0,1,181.0,154.0,0.0,0.0,0.0,0.0,17
2023-05-09 21:08:43,ru2401P11750,ru2401P11750,181.0,0.0,0.0,0.0,3,127.0,476.0,2,181.0,154.0,0.0,0.0,0.0,0.0,17
2023-05-09 21:08:43,ru2401P11750,ru2401P11750,181.0,0.0,0.0,0.0,3,127.0,476.0,2,181.0,154.0,0.0,0.0,0.0,0.0,17
2023-05-09 21:08:44,ru2401P11750,ru2401P11750,181.0,0.0,0.0,0.0,3,127.0,475.0,1,181.0,154.0,0.0,0.0,0.0,0.0,17
2023-05-09 21:08:44,ru2401P11750,ru2401P11750,181.0,0.0,0.0,0.0,3,127.0,474.0,2,181.0,154.0,0.0,0.0,0.0,0.0,17
2023-05-09 21:08:45,ru2401P11750,ru2401P11750,181.0,0.0,0.0,0.0,3,127.0,474.0,2,181.0,154.0,0.0,0.0,0.0,0.0,17
2023-05-09 21:08:45,ru2401P11750,ru2401P11750,181.0,0.0,0.0,0.0,3,127.0,473.0,1,181.0,154.0,0.0,0.0,0.0,0.0,17
2023-05-09 21:08:46,ru2401P11750,ru2401P11750,181.0,0.0,0.0,0.0,3,127.0,472.0,2,181.0,154.0,0.0,0.0,0.0,0.0,17
2023-05-09 21:08:46,ru2401P11750,ru2401P11750,181.0,0.0,0.0,0.0,3,127.0,472.0,2,181.0,154.0,0.0,0.0,0.0,0.0,17
2023-05-09 21:08:47,ru2401P11750,ru2401P11750,181.0,0.0,0.0,0.0,3,127.0,471.0,1,181.0,154.0,0.0,0.0,0.0,0.0,17
2023-05-09 21:08:47,ru2401P11750,ru2401P11750,181.0,0.0,0.0,0.0,3,127.0,470.0,2,181.0,154.0,0.0,0.0,0.0,0.0,17
2023-05-09 21:08:48,ru2401P11750,ru2401P11750,181.0,0.0,0.0,0.0,3,127.0,470.0,2,181.0,154.0,0.0,0.0,0.0,0.0,17
2023-05-09 21:08:48,ru2401P11750,ru2401P11750,181.0,0.0,0.0,0.0,3,127.0,469.0,1,181.0,154.0,0.0,0.0,0.0,0.0,17
2023-05-09 21:08:49,ru2401P11750,ru2401P11750,181.0,0.0,0.0,0.0,3,127.0,468.0,2,181.0,154.0,0.0,0.0,0.0,0.0,17
2023-05-09 21:08:49,ru2401P11750,ru2401P11750,181.0,0.0,0.0,0.0,3,127.0,468.0,2,181.0,154.0,0.0,0.0,0.0,0.0,17
2023-05-09 21:08:50,ru2401P11750,ru2401P11750,181.0,0.0,0.0,0.0,3,127.0,467.0,1,181.0,154.0,0.0,0.0,0.0,0.0,17
2023-05-09 21:08:50,ru2401P11750,ru2401P11750,181.0,0.0,0.0,0.0,3,127.0,466.0,2,181.0,154.0,0.0,0.0,0.0,0.0,17
2023-05-09 21:08:51,ru2401P11750,ru2401P11750,181.0,0.0,0.0,0.0,3,127.0,466.0,2,181.0,154.0,0.0,0.0,0.0,0.0,17
2023-05-09 21:08:51,ru2401P11750,ru2401P11750,181.0,0.0,0.0,0.0,3,127.0,465.0,1,181.0,154.0,0.0,0.0,0.0,0.0,17
2023-05-09 21:08:52,ru2401P11750,ru2401P11750,181.0,0.0,0.0,0.0,3,127.0,464.0,2,181.0,154.0,0.0,0.0,0.0,0.0,17
2023-05-09 21:08:52,ru2401P11750,ru2401P11750,181.0,0.0,0.0,0.0,3,127.0,464.0,2,181.0,154.0,0.0,0.0,0.0,0.0,17
2023-05-09 21:08:53,ru2401P11750,ru2401P11750,181.0,0.0,0.0,0.0,3,127.0,463.0,1,181.0,154.0,0.0,0.0,0.0,0.0,17
2023-05-09 21:08:53,ru2401P11750,ru2401P11750,181.0,0.0,0.0,0.0,3,127.0,462.0,2,181.0,154.0,0.0,0.0,0.0,0.0,17
2023-05-09 21:08:54,ru2401P11750,ru2401P11750,181.0,0.0,0.0,0.0,3,127.0,462.0,2,181.0,154.0,0.0,0.0,0.0,0.0,17
2023-05-09 21:08:54,ru2401P11750,ru2401P11750,181.0,0.0,0.0,0.0,3,127.0,461.0,1,181.0,154.0,0.0,0.0,0.0,0.0,17
2023-05-09 21:08:55,ru2401P11750,ru2401P11750,181.0,0.0,0.0,0.0,2,128.0,460.0,2,181.0,154.0,0.0,0.0,0.0,0.0,17
2023-05-09 21:08:55,ru2401P11750,ru2401P11750,181.0,0.0,0.0,0.0,2,128.0,460.0,2,181.0,154.0,0.0,0.0,0.0,0.0,17
2023-05-09 21:08:56,ru2401P11750,ru2401P11750,181.0,0.0,0.0,0.0,1,129.0,459.0,1,181.0,154.0,0.0,0.0,0.0,0.0,17
2023-05-09 21:08:56,ru2401P11750,ru2401P11750,181.0,0.0,0.0,0.0,1,129.0,458.0,2,181.0,154.0,0.0,0.0,0.0,0.0,17
2023-05-09 21:08:57,ru2401P11750,ru2401P11750,181.0,0.0,0.0,0.0,1,129.0,458.0,2,181.0,154.0,0.0,0.0,0.0,0.0,17
2023-05-09 21:08:57,ru2401P11750,ru2401P11750,181.0,0.0,0.0,0.0,1,129.0,457.0,1,181.0,154.0,0.0,0.0,0.0,0.0,17
2023-05-09 21:08:58,ru2401P11750,ru2401P11750,181.0,0.0,0.0,0.0,1,129.0,456.0,2,181.0,154.0,0.0,0.0,0.0,0.0,17
2023-05-09 21:08:58,ru2401P11750,ru2401P11750,181.0,0.0,0.0,0.0,1,129.0,456.0,2,181.0,154.0,0.0,0.0,0.0,0.0,17
2023-05-09 21:08:59,ru2401P11750,ru2401P11750,181.0,0.0,0.0,0.0,1,129.0,455.0,1,181.0,154.0,0.0,0.0,0.0,0.0,17
2023-05-09 21:08:59,ru2401P11750,ru2401P11750,181.0,0.0,0.0,0.0,1,129.0,454.0,2,181.0,154.0,0.0,0.0,0.0,0.0,17
2023-05-09 21:09:00,ru2401P11750,ru2401P11750,181.0,0.0,0.0,0.0,1,129.0,454.0,2,181.0,154.0,0.0,0.0,0.0,0.0,17
2023-05-09 21:09:00,ru2401P11750,ru2401P11750,181.0,0.0,0.0,0.0,1,129.0,453.0,1,181.0,154.0,0.0,0.0,0.0,0.0,17
2023-05-09 21:09:01,ru2401P11750,ru2401P11750,181.0,0.0,0.0,0.0,1,129.0,452.0,2,181.0,154.0,0.0,0.0,0.0,0.0,17
2023-05-09 21:09:01,ru2401P11750,ru2401P11750,181.0,0.0,0.0,0.0,1,129.0,452.0,2,181.0,154.0,0.0,0.0,0.0,0.0,17
2023-05-09 21:09:02,ru2401P11750,ru2401P11750,181.0,0.0,0.0,0.0,1,129.0,451.0,1,181.0,154.0,0.0,0.0,0.0,0.0,17
2023-05-09 21:09:02,ru2401P11750,ru2401P11750,181.0,0.0,0.0,0.0,1,129.0,450.0,2,181.0,154.0,0.0,0.0,0.0,0.0,17
2023-05-09 21:09:03,ru2401P11750,ru2401P11750,181.0,0.0,0.0,0.0,1,129.0,450.0,2,181.0,154.0,0.0,0.0,0.0,0.0,17
2023-05-09 21:09:03,ru2401P11750,ru2401P11750,181.0,0.0,0.0,0.0,1,129.0,449.0,1,181.0,154.0,0.0,0.0,0.0,0.0,17
2023-05-09 21:09:04,ru2401P11750,ru2401P11750,181.0,0.0,0.0,0.0,1,129.0,448.0,2,181.0,154.0,0.0,0.0,0.0,0.0,17
2023-05-09 21:09:04,ru2401P11750,ru2401P11750,181.0,0.0,0.0,0.0,1,129.0,448.0,2,181.0,154.0,0.0,0.0,0.0,0.0,17
2023-05-09 21:09:05,ru2401P11750,ru2401P11750,181.0,0.0,0.0,0.0,1,129.0,447.0,1,181.0,154.0,0.0,0.0,0.0,0.0,17
2023-05-09 21:09:05,ru2401P11750,ru2401P11750,181.0,0.0,0.0,0.0,1,129.0,446.0,2,181.0,154.0,0.0,0.0,0.0,0.0,17
2023-05-09 21:09:06,ru2401P11750,ru2401P11750,181.0,0.0,0.0,0.0,1,129.0,446.0,2,181.0,154.0,0.0,0.0,0.0,0.0,17
2023-05-09 21:09:06,ru2401P11750,ru2401P11750,181.0,0.0,0.0,0.0,1,129.0,445.0,1,181.0,154.0,0.0,0.0,0.0,0.0,17
2023-05-09 21:09:07,ru2401P11750,ru2401P11750,181.0,0.0,0.0,0.0,1,129.0,444.0,2,181.0,154.0,0.0,0.0,0.0,0.0,17
2023-05-09 21:09:07,ru2401P11750,ru2401P11750,181.0,0.0,0.0,0.0,1,129.0,444.0,2,181.0,154.0,0.0,0.0,0.0,0.0,17
2023-05-09 21:09:08,ru2401P11750,ru2401P11750,181.0,0.0,0.0,0.0,1,129.0,443.0,1,181.0,154.0,0.0,0.0,0.0,0.0,17
2023-05-09 21:09:08,ru2401P11750,ru2401P11750,181.0,0.0,0.0,0.0,1,129.0,442.0,2,181.0,154.0,0.0,0.0,0.0,0.0,17
2023-05-09 21:09:09,ru2401P11750,ru2401P11750,181.0,0.0,0.0,0.0,1,129.0,442.0,2,181.0,154.0,0.0,0.0,0.0,0.0,17
2023-05-09 21:09:09,ru2401P11750,ru2401P11750,181.0,0.0,0.0,0.0,1,129.0,441.0,1,181.0,154.0,0.0,0.0,0.0,0.0,17
2023-05-09 21:09:10,ru2401P11750,ru2401P11750,181.0,0.0,0.0,0.0,1,129.0,440.0,2,181.0,154.0,0.0,0.0,0.0,0.0,17
2023-05-09 21:09:10,ru2401P11750,ru2401P11750,181.0,0.0,0.0,0.0,1,129.0,440.0,2,181.0,154.0,0.0,0.0,0.0,0.0,17
2023-05-09 21:09:11,ru2401P11750,ru2401P11750,181.0,0.0,0.0,0.0,1,129.0,439.0,1,181.0,154.0,0.0,0.0,0.0,0.0,17
2023-05-09 21:09:11,ru2401P11750,ru2401P11750,181.0,0.0,0.0,0.0,1,129.0,438.0,2,181.0,154.0,0.0,0.0,0.0,0.0,17
2023-05-09 21:09:12,ru2401P11750,ru2401P11750,181.0,0.0,0.0,0.0,1,129.0,438.0,2,181.0,154.0,0.0,0.0,0.0,0.0,17
2023-05-09 21:09:12,ru2401P11750,ru2401P11750,181.0,0.0,0.0,0.0,1,129.0,437.0,1,181.0,154.0,0.0,0.0,0.0,0.0,17
2023-05-09 21:09:13,ru2401P11750,ru2401P11750,181.0,0.0,0.0,0.0,1,129.0,436.0,2,181.0,154.0,0.0,0.0,0.0,0.0,17
2023-05-09 21:09:13,ru2401P11750,ru2401P11750,181.0,0.0,0.0,0.0,1,129.0,436.0,2,181.0,154.0,0.0,0.0,0.0,0.0,17
2023-05-09 21:09:14,ru2401P11750,ru2401P11750,181.0,0.0,0.0,0.0,1,129.0,435.0,1,181.0,154.0,0.0,0.0,0.0,0.0,17
2023-05-09 21:09:14,ru2401P11750,ru2401P11750,181.0,0.0,0.0,0.0,1,129.0,434.0,2,181.0,154.0,0.0,0.0,0.0,0.0,17
2023-05-09 21:09:15,ru2401P11750,ru2401P11750,181.0,0.0,0.0,0.0,1,129.0,434.0,2,181.0,154.0,0.0,0.0,0.0,0.0,17
2023-05-09 21:09:15,ru2401P11750,ru2401P11750,181.0,0.0,0.0,0.0,1,129.0,433.0,1,181.0,154.0,0.0,0.0,0.0,0.0,17
2023-05-09 21:09:16,ru2401P11750,ru2401P11750,181.0,0.0,0.0,0.0,1,129.0,432.0,2,181.0,154.0,0.0,0.0,0.0,0.0,17
2023-05-09 21:09:16,ru2401P11750,ru2401P11750,181.0,0.0,0.0,0.0,1,129.0,432.0,2,181.0,154.0,0.0,0.0,0.0,0.0,17
2023-05-09 21:09:17,ru2401P11750,ru2401P11750,181.0,0.0,0.0,0.0,1,129.0,431.0,1,181.0,154.0,0.0,0.0,0.0,0.0,17
2023-05-09 21:09:17,ru2401P11750,ru2401P11750,181.0,0.0,0.0,0.0,1,129.0,430.0,2,181.0,154.0,0.0,0.0,0.0,0.0,17
2023-05-09 21:09:18,ru2401P11750,ru2401P11750,181.0,0.0,0.0,0.0,1,129.0,430.0,2,181.0,154.0,0.0,0.0,0.0,0.0,17
2023-05-09 21:09:18,ru2401P11750,ru2401P11750,181.0,0.0,0.0,0.0,1,129.0,429.0,1,181.0,154.0,0.0,0.0,0.0,0.0,17
2023-05-09 21:09:19,ru2401P11750,ru2401P11750,181.0,0.0,0.0,0.0,1,129.0,428.0,2,181.0,154.0,0.0,0.0,0.0,0.0,17
2023-05-09 21:09:19,ru2401P11750,ru2401P11750,181.0,0.0,0.0,0.0,1,129.0,428.0,2,181.0,154.0,0.0,0.0,0.0,0.0,17
2023-05-09 21:09:20,ru2401P11750,ru2401P11750,181.0,0.0,0.0,0.0,1,129.0,427.0,1,181.0,154.0,0.0,0.0,0.0,0.0,17
2023-05-09 21:09:20,ru2401P11750,ru2401P11750,181.0,0.0,0.0,0.0,1,129.0,426.0,2,181.0,154.0,0.0,0.0,0.0,0.0,17
2023-05-09 21:09:21,ru2401P11750,ru2401P11750,181.0,0.0,0.0,0.0,1,129.0,426.0,2,181.0,154.0,0.0,0.0,0.0,0.0,17
2023-05-09 21:09:21,ru2401P11750,ru2401P11750,181.0,0.0,0.0,0.0,1,129.0,425.0,1,181.0,154.0,0.0,0.0,0.0,0.0,17
2023-05-09 21:09:22,ru2401P11750,ru2401P11750,181.0,0.0,0.0,0.0,1,129.0,424.0,2,181.0,154.0,0.0,0.0,0.0,0.0,17
2023-05-09 21:09:22,ru2401P11750,ru2401P11750,181.0,0.0,0.0,0.0,1,129.0,424.0,2,181.0,154.0,0.0,0.0,0.0,0.0,17
2023-05-09 21:09:23,ru2401P11750,ru2401P11750,181.0,0.0,0.0,0.0,1,129.0,423.0,1,181.0,154.0,0.0,0.0,0.0,0.0,17
2023-05-09 21:09:23,ru2401P11750,ru2401P11750,181.0,0.0,0.0,0.0,1,129.0,422.0,2,181.0,154.0,0.0,0.0,0.0,0.0,17
2023-05-09 21:09:24,ru2401P11750,ru2401P11750,181.0,0.0,0.0,0.0,1,129.0,422.0,2,181.0,154.0,0.0,0.0,0.0,0.0,17
2023-05-09 21:09:24,ru2401P11750,ru2401P11750,181.0,0.0,0.0,0.0,1,129.0,421.0,1,181.0,154.0,0.0,0.0,0.0,0.0,17
2023-05-09 21:09:25,ru2401P11750,ru2401P11750,181.0,0.0,0.0,0.0,1,129.0,420.0,2,181.0,154.0,0.0,0.0,0.0,0.0,17
2023-05-09 21:09:25,ru2401P11750,ru2401P11750,181.0,0.0,0.0,0.0,1,129.0,420.0,2,181.0,154.0,0.0,0.0,0.0,0.0,17
2023-05-09 21:09:26,ru2401P11750,ru2401P11750,181.0,0.0,0.0,0.0,1,129.0,419.0,1,181.0,154.0,0.0,0.0,0.0,0.0,17
2023-05-09 21:09:26,ru2401P11750,ru2401P11750,181.0,0.0,0.0,0.0,1,129.0,418.0,2,181.0,154.0,0.0,0.0,0.0,0.0,17
2023-05-09 21:09:27,ru2401P11750,ru2401P11750,181.0,0.0,0.0,0.0,1,129.0,418.0,2,181.0,154.0,0.0,0.0,0.0,0.0,17
2023-05-09 21:09:27,ru2401P11750,ru2401P11750,181.0,0.0,0.0,0.0,1,129.0,417.0,1,181.0,154.0,0.0,0.0,0.0,0.0,17
2023-05-09 21:09:28,ru2401P11750,ru2401P11750,181.0,0.0,0.0,0.0,1,129.0,416.0,2,181.0,154.0,0.0,0.0,0.0,0.0,17
2023-05-09 21:09:28,ru2401P11750,ru2401P11750,181.0,0.0,0.0,0.0,1,129.0,416.0,2,181.0,154.0,0.0,0.0,0.0,0.0,17
2023-05-09 21:09:29,ru2401P11750,ru2401P11750,181.0,0.0,0.0,0.0,1,129.0,415.0,1,181.0,154.0,0.0,0.0,0.0,0.0,17
2023-05-09 21:09:29,ru2401P11750,ru2401P11750,181.0,0.0,0.0,0.0,1,129.0,414.0,2,181.0,154.0,0.0,0.0,0.0,0.0,17
2023-05-09 21:09:30,ru2401P11750,ru2401P11750,181.0,0.0,0.0,0.0,1,129.0,414.0,2,181.0,154.0,0.0,0.0,0.0,0.0,17
2023-05-09 21:09:30,ru2401P11750,ru2401P11750,181.0,0.0,0.0,0.0,1,129.0,413.0,1,181.0,154.0,0.0,0.0,0.0,0.0,17
2023-05-09 21:09:31,ru2401P11750,ru2401P11750,181.0,0.0,0.0,0.0,1,129.0,412.0,2,181.0,154.0,0.0,0.0,0.0,0.0,17
2023-05-09 21:09:31,ru2401P11750,ru2401P11750,181.0,0.0,0.0,0.0,1,129.0,412.0,2,181.0,154.0,0.0,0.0,0.0,0.0,17
2023-05-09 21:09:32,ru2401P11750,ru2401P11750,181.0,0.0,0.0,0.0,1,129.0,411.0,1,181.0,154.0,0.0,0.0,0.0,0.0,17
2023-05-09 21:09:32,ru2401P11750,ru2401P11750,181.0,0.0,0.0,0.0,1,129.0,410.0,2,181.0,154.0,0.0,0.0,0.0,0.0,17
2023-05-09 21:09:33,ru2401P11750,ru2401P11750,181.0,0.0,0.0,0.0,1,129.0,410.0,2,181.0,154.0,0.0,0.0,0.0,0.0,17
2023-05-09 21:09:33,ru2401P11750,ru2401P11750,181.0,0.0,0.0,0.0,1,129.0,409.0,1,181.0,154.0,0.0,0.0,0.0,0.0,17
2023-05-09 21:09:34,ru2401P11750,ru2401P11750,181.0,0.0,0.0,0.0,1,129.0,408.0,2,181.0,154.0,0.0,0.0,0.0,0.0,17
2023-05-09 21:09:34,ru2401P11750,ru2401P11750,181.0,0.0,0.0,0.0,1,129.0,408.0,2,181.0,154.0,0.0,0.0,0.0,0.0,17
2023-05-09 21:09:35,ru2401P11750,ru2401P11750,181.0,0.0,0.0,0.0,1,129.0,407.0,1,181.0,154.0,0.0,0.0,0.0,0.0,17
2023-05-09 21:09:35,ru2401P11750,ru2401P11750,181.0,0.0,0.0,0.0,1,129.0,406.0,2,181.0,154.0,0.0,0.0,0.0,0.0,17
2023-05-09 21:09:36,ru2401P11750,ru2401P11750,181.0,0.0,0.0,0.0,1,129.0,406.0,2,181.0,154.0,0.0,0.0,0.0,0.0,17
2023-05-09 21:09:36,ru2401P11750,ru2401P11750,181.0,0.0,0.0,0.0,1,129.0,405.0,1,181.0,154.0,0.0,0.0,0.0,0.0,17
2023-05-09 21:09:37,ru2401P11750,ru2401P11750,181.0,0.0,0.0,0.0,1,129.0,404.0,2,181.0,154.0,0.0,0.0,0.0,0.0,17
2023-05-09 21:09:37,ru2401P11750,ru2401P11750,181.0,0.0,0.0,0.0,1,129.0,404.0,2,181.0,154.0,0.0,0.0,0.0,0.0,17
2023-05-09 21:09:38,ru2401P11750,ru2401P11750,181.0,0.0,0.0,0.0,1,129.0,403.0,1,181.0,154.0,0.0,0.0,0.0,0.0,17
2023-05-09 21:09:38,ru2401P11750,ru2401P11750,181.0,0.0,0.0,0.0,1,129.0,402.0,2,181.0,154.0,0.0,0.0,0.0,0.0,17
2023-05-09 21:09:39,ru2401P11750,ru2401P11750,181.0,0.0,0.0,0.0,1,129.0,402.0,2,181.0,154.0,0.0,0.0,0.0,0.0,17
2023-05-09 21:09:39,ru2401P11750,ru2401P11750,181.0,0.0,0.0,0.0,1,129.0,401.0,1,181.0,154.0,0.0,0.0,0.0,0.0,17
2023-05-09 21:09:40,ru2401P11750,ru2401P11750,181.0,0.0,0.0,0.0,1,129.0,400.0,2,181.0,154.0,0.0,0.0,0.0,0.0,17
2023-05-09 21:09:40,ru2401P11750,ru2401P11750,181.0,0.0,0.0,0.0,1,129.0,400.0,2,181.0,154.0,0.0,0.0,0.0,0.0,17
2023-05-09 21:09:41,ru2401P11750,ru2401P11750,181.0,0.0,0.0,0.0,1,129.0,399.0,1,181.0,154.0,0.0,0.0,0.0,0.0,17
2023-05-09 21:09:41,ru2401P11750,ru2401P11750,181.0,0.0,0.0,0.0,1,129.0,398.0,2,181.0,154.0,0.0,0.0,0.0,0.0,17
2023-05-09 21:09:42,ru2401P11750,ru2401P11750,181.0,0.0,0.0,0.0,1,129.0,398.0,2,181.0,154.0,0.0,0.0,0.0,0.0,17
2023-05-09 21:09:42,ru2401P11750,ru2401P11750,181.0,0.0,0.0,0.0,1,129.0,397.0,1,181.0,154.0,0.0,0.0,0.0,0.0,17
2023-05-09 21:09:43,ru2401P11750,ru2401P11750,181.0,0.0,0.0,0.0,1,129.0,396.0,2,181.0,154.0,0.0,0.0,0.0,0.0,17
2023-05-09 21:09:43,ru2401P11750,ru2401P11750,181.0,0.0,0.0,0.0,1,129.0,396.0,2,181.0,154.0,0.0,0.0,0.0,0.0,17
2023-05-09 21:09:44,ru2401P11750,ru2401P11750,181.0,0.0,0.0,0.0,1,129.0,395.0,1,181.0,154.0,0.0,0.0,0.0,0.0,17
2023-05-09 21:09:44,ru2401P11750,ru2401P11750,181.0,0.0,0.0,0.0,1,129.0,394.0,2,181.0,154.0,0.0,0.0,0.0,0.0,17
2023-05-09 21:09:45,ru2401P11750,ru2401P11750,181.0,0.0,0.0,0.0,1,129.0,394.0,2,181.0,154.0,0.0,0.0,0.0,0.0,17
2023-05-09 21:09:45,ru2401P11750,ru2401P11750,181.0,0.0,0.0,0.0,1,129.0,393.0,1,181.0,154.0,0.0,0.0,0.0,0.0,17
2023-05-09 21:09:46,ru2401P11750,ru2401P11750,181.0,0.0,0.0,0.0,1,129.0,392.0,2,181.0,154.0,0.0,0.0,0.0,0.0,17
2023-05-09 21:09:46,ru2401P11750,ru2401P11750,181.0,0.0,0.0,0.0,1,129.0,392.0,2,181.0,154.0,0.0,0.0,0.0,0.0,17
2023-05-09 21:09:47,ru2401P11750,ru2401P11750,181.0,0.0,0.0,0.0,1,129.0,391.0,1,181.0,154.0,0.0,0.0,0.0,0.0,17
2023-05-09 21:09:47,ru2401P11750,ru2401P11750,181.0,0.0,0.0,0.0,1,129.0,390.0,2,181.0,154.0,0.0,0.0,0.0,0.0,17
2023-05-09 21:09:48,ru2401P11750,ru2401P11750,181.0,0.0,0.0,0.0,1,129.0,390.0,2,181.0,154.0,0.0,0.0,0.0,0.0,17
2023-05-09 21:09:48,ru2401P11750,ru2401P11750,181.0,0.0,0.0,0.0,1,129.0,389.0,1,181.0,154.0,0.0,0.0,0.0,0.0,17
2023-05-09 21:09:49,ru2401P11750,ru2401P11750,181.0,0.0,0.0,0.0,1,129.0,388.0,2,181.0,154.0,0.0,0.0,0.0,0.0,17
2023-05-09 21:09:49,ru2401P11750,ru2401P11750,181.0,0.0,0.0,0.0,1,129.0,388.0,2,181.0,154.0,0.0,0.0,0.0,0.0,17
2023-05-09 21:09:50,ru2401P11750,ru2401P11750,181.0,0.0,0.0,0.0,1,129.0,387.0,1,181.0,154.0,0.0,0.0,0.0,0.0,17
2023-05-09 21:09:50,ru2401P11750,ru2401P11750,181.0,0.0,0.0,0.0,1,129.0,386.0,2,181.0,154.0,0.0,0.0,0.0,0.0,17
2023-05-09 21:09:51,ru2401P11750,ru2401P11750,181.0,0.0,0.0,0.0,1,129.0,386.0,2,181.0,154.0,0.0,0.0,0.0,0.0,17
2023-05-09 21:09:51,ru2401P11750,ru2401P11750,181.0,0.0,0.0,0.0,1,129.0,385.0,1,181.0,154.0,0.0,0.0,0.0,0.0,17
2023-05-09 21:09:52,ru2401P11750,ru2401P11750,181.0,0.0,0.0,0.0,1,129.0,384.0,2,181.0,154.0,0.0,0.0,0.0,0.0,17
2023-05-09 21:09:52,ru2401P11750,ru2401P11750,181.0,0.0,0.0,0.0,1,129.0,384.0,2,181.0,154.0,0.0,0.0,0.0,0.0,17
2023-05-09 21:09:53,ru2401P11750,ru2401P11750,181.0,0.0,0.0,0.0,1,129.0,383.0,1,181.0,154.0,0.0,0.0,0.0,0.0,17
2023-05-09 21:09:53,ru2401P11750,ru2401P11750,181.0,0.0,0.0,0.0,1,129.0,382.0,2,181.0,154.0,0.0,0.0,0.0,0.0,17
2023-05-09 21:09:54,ru2401P11750,ru2401P11750,181.0,0.0,0.0,0.0,1,129.0,382.0,2,181.0,154.0,0.0,0.0,0.0,0.0,17
2023-05-09 21:09:54,ru2401P11750,ru2401P11750,181.0,0.0,0.0,0.0,1,129.0,381.0,1,181.0,154.0,0.0,0.0,0.0,0.0,17
2023-05-09 21:09:55,ru2401P11750,ru2401P11750,181.0,0.0,0.0,0.0,1,129.0,380.0,2,181.0,154.0,0.0,0.0,0.0,0.0,17
2023-05-09 21:09:55,ru2401P11750,ru2401P11750,181.0,0.0,0.0,0.0,1,129.0,380.0,2,181.0,154.0,0.0,0.0,0.0,0.0,17
2023-05-09 21:09:56,ru2401P11750,ru2401P11750,181.0,0.0,0.0,0.0,1,129.0,379.0,1,181.0,154.0,0.0,0.0,0.0,0.0,17
2023-05-09 21:09:56,ru2401P11750,ru2401P11750,181.0,0.0,0.0,0.0,1,129.0,378.0,2,181.0,154.0,0.0,0.0,0.0,0.0,17
2023-05-09 21:09:57,ru2401P11750,ru2401P11750,181.0,0.0,0.0,0.0,1,129.0,378.0,2,181.0,154.0,0.0,0.0,0.0,0.0,17
2023-05-09 21:09:57,ru2401P11750,ru2401P11750,181.0,0.0,0.0,0.0,1,129.0,377.0,1,181.0,154.0,0.0,0.0,0.0,0.0,17
2023-05-09 21:09:58,ru2401P11750,ru2401P11750,181.0,0.0,0.0,0.0,1,129.0,376.0,2,181.0,154.0,0.0,0.0,0.0,0.0,17
2023-05-09 21:09:58,ru2401P11750,ru2401P11750,181.0,0.0,0.0,0.0,1,129.0,376.0,2,181.0,154.0,0.0,0.0,0.0,0.0,17
2023-05-09 21:09:59,ru2401P11750,ru2401P11750,181.0,0.0,0.0,0.0,1,129.0,375.0,1,181.0,154.0,0.0,0.0,0.0,0.0,17
2023-05-09 21:09:59,ru2401P11750,ru2401P11750,181.0,0.0,0.0,0.0,1,129.0,374.0,2,181.0,154.0,0.0,0.0,0.0,0.0,17
2023-05-09 21:10:00,ru2401P11750,ru2401P11750,181.0,0.0,0.0,0.0,1,129.0,374.0,2,181.0,154.0,0.0,0.0,0.0,0.0,17
2023-05-09 21:10:00,ru2401P11750,ru2401P11750,181.0,0.0,0.0,0.0,1,129.0,373.0,1,181.0,154.0,0.0,0.0,0.0,0.0,17
2023-05-09 21:10:01,ru2401P11750,ru2401P11750,181.0,0.0,0.0,0.0,1,129.0,372.0,2,181.0,154.0,0.0,0.0,0.0,0.0,17
2023-05-09 21:10:01,ru2401P11750,ru2401P11750,181.0,0.0,0.0,0.0,1,129.0,372.0,2,181.0,154.0,0.0,0.0,0.0,0.0,17
2023-05-09 21:10:02,ru2401P11750,ru2401P11750,181.0,0.0,0.0,0.0,1,129.0,371.0,1,181.0,154.0,0.0,0.0,0.0,0.0,17
2023-05-09 21:10:02,ru2401P11750,ru2401P11750,181.0,0.0,0.0,0.0,1,129.0,370.0,2,181.0,154.0,0.0,0.0,0.0,0.0,17
2023-05-09 21:10:03,ru2401P11750,ru2401P11750,181.0,0.0,0.0,0.0,1,129.0,370.0,2,181.0,154.0,0.0,0.0,0.0,0.0,17
2023-05-09 21:10:03,ru2401P11750,ru2401P11750,181.0,0.0,0.0,0.0,1,129.0,369.0,1,181.0,154.0,0.0,0.0,0.0,0.0,17
2023-05-09 21:10:04,ru2401P11750,ru2401P11750,181.0,0.0,0.0,0.0,1,129.0,368.0,2,181.0,154.0,0.0,0.0,0.0,0.0,17
2023-05-09 21:10:04,ru2401P11750,ru2401P11750,181.0,0.0,0.0,0.0,1,129.0,368.0,2,181.0,154.0,0.0,0.0,0.0,0.0,17
2023-05-09 21:10:05,ru2401P11750,ru2401P11750,181.0,0.0,0.0,0.0,1,129.0,367.0,1,181.0,154.0,0.0,0.0,0.0,0.0,17
2023-05-09 21:10:05,ru2401P11750,ru2401P11750,181.0,0.0,0.0,0.0,1,129.0,366.0,2,181.0,154.0,0.0,0.0,0.0,0.0,17
2023-05-09 21:10:06,ru2401P11750,ru2401P11750,181.0,0.0,0.0,0.0,1,129.0,366.0,2,181.0,154.0,0.0,0.0,0.0,0.0,17
2023-05-09 21:10:06,ru2401P11750,ru2401P11750,181.0,0.0,0.0,0.0,1,129.0,365.0,1,181.0,154.0,0.0,0.0,0.0,0.0,17
2023-05-09 21:10:07,ru2401P11750,ru2401P11750,181.0,0.0,0.0,0.0,1,129.0,364.0,2,181.0,154.0,0.0,0.0,0.0,0.0,17
2023-05-09 21:10:07,ru2401P11750,ru2401P11750,181.0,0.0,0.0,0.0,1,129.0,363.0,1,181.0,154.0,0.0,0.0,0.0,0.0,17
2023-05-09 21:10:08,ru2401P11750,ru2401P11750,181.0,0.0,0.0,0.0,1,129.0,362.0,2,181.0,154.0,0.0,0.0,0.0,0.0,17
2023-05-09 21:10:08,ru2401P11750,ru2401P11750,181.0,0.0,0.0,0.0,1,129.0,362.0,2,181.0,154.0,0.0,0.0,0.0,0.0,17
2023-05-09 21:10:09,ru2401P11750,ru2401P11750,181.0,0.0,0.0,0.0,1,129.0,361.0,1,181.0,154.0,0.0,0.0,0.0,0.0,17
2023-05-09 21:10:09,ru2401P11750,ru2401P11750,181.0,0.0,0.0,0.0,1,129.0,360.0,2,181.0,154.0,0.0,0.0,0.0,0.0,17
2023-05-09 21:10:10,ru2401P11750,ru2401P11750,181.0,0.0,0.0,0.0,1,129.0,360.0,2,181.0,154.0,0.0,0.0,0.0,0.0,17
2023-05-09 21:10:10,ru2401P11750,ru2401P11750,181.0,0.0,0.0,0.0,1,129.0,359.0,1,181.0,154.0,0.0,0.0,0.0,0.0,17
2023-05-09 21:10:11,ru2401P11750,ru2401P11750,181.0,0.0,0.0,0.0,1,129.0,358.0,2,181.0,154.0,0.0,0.0,0.0,0.0,17
2023-05-09 21:10:11,ru2401P11750,ru2401P11750,181.0,0.0,0.0,0.0,1,129.0,358.0,2,181.0,154.0,0.0,0.0,0.0,0.0,17
2023-05-09 21:10:12,ru2401P11750,ru2401P11750,181.0,0.0,0.0,0.0,1,129.0,357.0,1,181.0,154.0,0.0,0.0,0.0,0.0,17
2023-05-09 21:10:12,ru2401P11750,ru2401P11750,181.0,0.0,0.0,0.0,1,129.0,356.0,2,181.0,154.0,0.0,0.0,0.0,0.0,17
2023-05-09 21:10:13,ru2401P11750,ru2401P11750,181.0,0.0,0.0,0.0,1,129.0,356.0,2,181.0,154.0,0.0,0.0,0.0,0.0,17
2023-05-09 21:10:13,ru2401P11750,ru2401P11750,181.0,0.0,0.0,0.0,1,129.0,355.0,1,181.0,154.0,0.0,0.0,0.0,0.0,17
2023-05-09 21:10:14,ru2401P11750,ru2401P11750,181.0,0.0,0.0,0.0,1,129.0,354.0,2,181.0,154.0,0.0,0.0,0.0,0.0,17
2023-05-09 21:10:14,ru2401P11750,ru2401P11750,181.0,0.0,0.0,0.0,1,129.0,354.0,2,181.0,154.0,0.0,0.0,0.0,0.0,17
2023-05-09 21:10:15,ru2401P11750,ru2401P11750,181.0,0.0,0.0,0.0,1,129.0,353.0,1,181.0,154.0,0.0,0.0,0.0,0.0,17
2023-05-09 21:10:15,ru2401P11750,ru2401P11750,181.0,0.0,0.0,0.0,1,129.0,352.0,2,181.0,154.0,0.0,0.0,0.0,0.0,17
2023-05-09 21:10:16,ru2401P11750,ru2401P11750,181.0,0.0,0.0,0.0,1,129.0,352.0,2,181.0,154.0,0.0,0.0,0.0,0.0,17
2023-05-09 21:10:16,ru2401P11750,ru2401P11750,181.0,0.0,0.0,0.0,1,129.0,351.0,1,181.0,154.0,0.0,0.0,0.0,0.0,17
2023-05-09 21:10:17,ru2401P11750,ru2401P11750,181.0,0.0,0.0,0.0,1,129.0,350.0,2,181.0,154.0,0.0,0.0,0.0,0.0,17
2023-05-09 21:10:17,ru2401P11750,ru2401P11750,181.0,0.0,0.0,0.0,1,129.0,350.0,2,181.0,154.0,0.0,0.0,0.0,0.0,17
2023-05-09 21:10:18,ru2401P11750,ru2401P11750,181.0,0.0,0.0,0.0,1,129.0,349.0,1,181.0,154.0,0.0,0.0,0.0,0.0,17
2023-05-09 21:10:18,ru2401P11750,ru2401P11750,181.0,0.0,0.0,0.0,1,129.0,348.0,2,181.0,154.0,0.0,0.0,0.0,0.0,17
2023-05-09 21:10:19,ru2401P11750,ru2401P11750,181.0,0.0,0.0,0.0,1,129.0,348.0,2,181.0,154.0,0.0,0.0,0.0,0.0,17
2023-05-09 21:10:19,ru2401P11750,ru2401P11750,181.0,0.0,0.0,0.0,1,129.0,347.0,1,181.0,154.0,0.0,0.0,0.0,0.0,17
2023-05-09 21:10:20,ru2401P11750,ru2401P11750,181.0,0.0,0.0,0.0,1,129.0,346.0,2,181.0,154.0,0.0,0.0,0.0,0.0,17
2023-05-09 21:10:20,ru2401P11750,ru2401P11750,181.0,0.0,0.0,0.0,1,129.0,346.0,2,181.0,154.0,0.0,0.0,0.0,0.0,17
2023-05-09 21:10:21,ru2401P11750,ru2401P11750,181.0,0.0,0.0,0.0,1,129.0,345.0,1,181.0,154.0,0.0,0.0,0.0,0.0,17
2023-05-09 21:10:21,ru2401P11750,ru2401P11750,181.0,0.0,0.0,0.0,1,129.0,344.0,2,181.0,154.0,0.0,0.0,0.0,0.0,17
2023-05-09 21:10:22,ru2401P11750,ru2401P11750,181.0,0.0,0.0,0.0,1,129.0,344.0,2,181.0,154.0,0.0,0.0,0.0,0.0,17
2023-05-09 21:10:22,ru2401P11750,ru2401P11750,181.0,0.0,0.0,0.0,1,129.0,343.0,1,181.0,154.0,0.0,0.0,0.0,0.0,17
2023-05-09 21:10:23,ru2401P11750,ru2401P11750,181.0,0.0,0.0,0.0,1,129.0,342.0,2,181.0,154.0,0.0,0.0,0.0,0.0,17
2023-05-09 21:10:23,ru2401P11750,ru2401P11750,181.0,0.0,0.0,0.0,1,129.0,342.0,2,181.0,154.0,0.0,0.0,0.0,0.0,17
2023-05-09 21:10:24,ru2401P11750,ru2401P11750,181.0,0.0,0.0,0.0,1,129.0,341.0,1,181.0,154.0,0.0,0.0,0.0,0.0,17
2023-05-09 21:10:24,ru2401P11750,ru2401P11750,181.0,0.0,0.0,0.0,1,129.0,340.0,2,181.0,154.0,0.0,0.0,0.0,0.0,17
2023-05-09 21:10:25,ru2401P11750,ru2401P11750,181.0,0.0,0.0,0.0,1,129.0,340.0,2,181.0,154.0,0.0,0.0,0.0,0.0,17
2023-05-09 21:10:25,ru2401P11750,ru2401P11750,181.0,0.0,0.0,0.0,1,129.0,339.0,1,181.0,154.0,0.0,0.0,0.0,0.0,17
2023-05-09 21:10:26,ru2401P11750,ru2401P11750,181.0,0.0,0.0,0.0,1,129.0,338.0,2,181.0,154.0,0.0,0.0,0.0,0.0,17
2023-05-09 21:10:26,ru2401P11750,ru2401P11750,181.0,0.0,0.0,0.0,1,129.0,338.0,2,181.0,154.0,0.0,0.0,0.0,0.0,17
2023-05-09 21:10:27,ru2401P11750,ru2401P11750,181.0,0.0,0.0,0.0,1,129.0,337.0,1,181.0,154.0,0.0,0.0,0.0,0.0,17
2023-05-09 21:10:27,ru2401P11750,ru2401P11750,181.0,0.0,0.0,0.0,1,129.0,336.0,2,181.0,154.0,0.0,0.0,0.0,0.0,17
2023-05-09 21:10:28,ru2401P11750,ru2401P11750,181.0,0.0,0.0,0.0,1,129.0,336.0,2,181.0,154.0,0.0,0.0,0.0,0.0,17
2023-05-09 21:10:28,ru2401P11750,ru2401P11750,181.0,0.0,0.0,0.0,1,129.0,335.0,1,181.0,154.0,0.0,0.0,0.0,0.0,17
2023-05-09 21:10:29,ru2401P11750,ru2401P11750,181.0,0.0,0.0,0.0,1,129.0,334.0,2,181.0,154.0,0.0,0.0,0.0,0.0,17
2023-05-09 21:10:29,ru2401P11750,ru2401P11750,181.0,0.0,0.0,0.0,1,129.0,334.0,2,181.0,154.0,0.0,0.0,0.0,0.0,17
2023-05-09 21:10:30,ru2401P11750,ru2401P11750,181.0,0.0,0.0,0.0,1,129.0,333.0,1,181.0,154.0,0.0,0.0,0.0,0.0,17
2023-05-09 21:10:30,ru2401P11750,ru2401P11750,181.0,0.0,0.0,0.0,1,129.0,332.0,2,181.0,154.0,0.0,0.0,0.0,0.0,17
2023-05-09 21:10:31,ru2401P11750,ru2401P11750,181.0,0.0,0.0,0.0,1,129.0,332.0,2,181.0,154.0,0.0,0.0,0.0,0.0,17
2023-05-09 21:10:31,ru2401P11750,ru2401P11750,181.0,0.0,0.0,0.0,1,129.0,331.0,1,181.0,154.0,0.0,0.0,0.0,0.0,17
2023-05-09 21:10:32,ru2401P11750,ru2401P11750,181.0,0.0,0.0,0.0,1,129.0,330.0,2,181.0,154.0,0.0,0.0,0.0,0.0,17
2023-05-09 21:10:32,ru2401P11750,ru2401P11750,181.0,0.0,0.0,0.0,1,129.0,330.0,2,181.0,154.0,0.0,0.0,0.0,0.0,17
2023-05-09 21:10:33,ru2401P11750,ru2401P11750,181.0,0.0,0.0,0.0,1,129.0,329.0,1,181.0,154.0,0.0,0.0,0.0,0.0,17
2023-05-09 21:10:33,ru2401P11750,ru2401P11750,181.0,0.0,0.0,0.0,1,129.0,328.0,2,181.0,154.0,0.0,0.0,0.0,0.0,17
2023-05-09 21:10:34,ru2401P11750,ru2401P11750,181.0,0.0,0.0,0.0,1,129.0,328.0,2,181.0,154.0,0.0,0.0,0.0,0.0,17
2023-05-09 21:10:34,ru2401P11750,ru2401P11750,181.0,0.0,0.0,0.0,1,129.0,327.0,1,181.0,154.0,0.0,0.0,0.0,0.0,17
2023-05-09 21:10:35,ru2401P11750,ru2401P11750,181.0,0.0,0.0,0.0,1,129.0,326.0,2,181.0,154.0,0.0,0.0,0.0,0.0,17
2023-05-09 21:10:35,ru2401P11750,ru2401P11750,181.0,0.0,0.0,0.0,1,129.0,326.0,2,181.0,154.0,0.0,0.0,0.0,0.0,17
2023-05-09 21:10:36,ru2401P11750,ru2401P11750,181.0,0.0,0.0,0.0,1,129.0,325.0,1,181.0,154.0,0.0,0.0,0.0,0.0,17
2023-05-09 21:10:36,ru2401P11750,ru2401P11750,181.0,0.0,0.0,0.0,1,129.0,324.0,2,181.0,154.0,0.0,0.0,0.0,0.0,17
2023-05-09 21:10:37,ru2401P11750,ru2401P11750,181.0,0.0,0.0,0.0,1,129.0,324.0,2,181.0,154.0,0.0,0.0,0.0,0.0,17
2023-05-09 21:10:37,ru2401P11750,ru2401P11750,181.0,0.0,0.0,0.0,1,129.0,323.0,1,181.0,154.0,0.0,0.0,0.0,0.0,17
2023-05-09 21:10:38,ru2401P11750,ru2401P11750,181.0,0.0,0.0,0.0,1,129.0,322.0,2,181.0,154.0,0.0,0.0,0.0,0.0,17
2023-05-09 21:10:38,ru2401P11750,ru2401P11750,181.0,0.0,0.0,0.0,1,129.0,322.0,2,181.0,154.0,0.0,0.0,0.0,0.0,17
2023-05-09 21:10:39,ru2401P11750,ru2401P11750,181.0,0.0,0.0,0.0,1,129.0,321.0,1,181.0,154.0,0.0,0.0,0.0,0.0,17
2023-05-09 21:10:39,ru2401P11750,ru2401P11750,181.0,0.0,0.0,0.0,1,129.0,320.0,2,181.0,154.0,0.0,0.0,0.0,0.0,17
2023-05-09 21:10:40,ru2401P11750,ru2401P11750,181.0,0.0,0.0,0.0,1,129.0,320.0,2,181.0,154.0,0.0,0.0,0.0,0.0,17
2023-05-09 21:10:40,ru2401P11750,ru2401P11750,181.0,0.0,0.0,0.0,1,129.0,319.0,1,181.0,154.0,0.0,0.0,0.0,0.0,17
2023-05-09 21:10:41,ru2401P11750,ru2401P11750,181.0,0.0,0.0,0.0,1,129.0,318.0,2,181.0,154.0,0.0,0.0,0.0,0.0,17
2023-05-09 21:10:41,ru2401P11750,ru2401P11750,181.0,0.0,0.0,0.0,1,129.0,318.0,2,181.0,154.0,0.0,0.0,0.0,0.0,17
2023-05-09 21:10:42,ru2401P11750,ru2401P11750,181.0,0.0,0.0,0.0,1,129.0,317.0,1,181.0,154.0,0.0,0.0,0.0,0.0,17
2023-05-09 21:10:42,ru2401P11750,ru2401P11750,181.0,0.0,0.0,0.0,1,129.0,316.0,2,181.0,154.0,0.0,0.0,0.0,0.0,17
2023-05-09 21:10:43,ru2401P11750,ru2401P11750,181.0,0.0,0.0,0.0,1,129.0,316.0,2,181.0,154.0,0.0,0.0,0.0,0.0,17
2023-05-09 21:10:43,ru2401P11750,ru2401P11750,181.0,0.0,0.0,0.0,1,129.0,315.0,1,181.0,154.0,0.0,0.0,0.0,0.0,17
2023-05-09 21:10:44,ru2401P11750,ru2401P11750,181.0,0.0,0.0,0.0,1,129.0,314.0,2,181.0,154.0,0.0,0.0,0.0,0.0,17
2023-05-09 21:10:44,ru2401P11750,ru2401P11750,181.0,0.0,0.0,0.0,1,129.0,314.0,2,181.0,154.0,0.0,0.0,0.0,0.0,17
2023-05-09 21:10:45,ru2401P11750,ru2401P11750,181.0,0.0,0.0,0.0,1,129.0,313.0,1,181.0,154.0,0.0,0.0,0.0,0.0,17
2023-05-09 21:10:45,ru2401P11750,ru2401P11750,181.0,0.0,0.0,0.0,1,129.0,312.0,2,181.0,154.0,0.0,0.0,0.0,0.0,17
2023-05-09 21:10:46,ru2401P11750,ru2401P11750,181.0,0.0,0.0,0.0,1,129.0,312.0,2,181.0,154.0,0.0,0.0,0.0,0.0,17
2023-05-09 21:10:46,ru2401P11750,ru2401P11750,181.0,0.0,0.0,0.0,1,129.0,311.0,1,181.0,154.0,0.0,0.0,0.0,0.0,17
2023-05-09 21:10:47,ru2401P11750,ru2401P11750,181.0,0.0,0.0,0.0,1,129.0,310.0,2,181.0,154.0,0.0,0.0,0.0,0.0,17
2023-05-09 21:10:47,ru2401P11750,ru2401P11750,181.0,0.0,0.0,0.0,1,129.0,310.0,2,181.0,154.0,0.0,0.0,0.0,0.0,17
2023-05-09 21:10:48,ru2401P11750,ru2401P11750,181.0,0.0,0.0,0.0,1,129.0,309.0,1,181.0,154.0,0.0,0.0,0.0,0.0,17
2023-05-09 21:10:48,ru2401P11750,ru2401P11750,181.0,0.0,0.0,0.0,1,129.0,308.0,2,181.0,154.0,0.0,0.0,0.0,0.0,17
2023-05-09 21:10:49,ru2401P11750,ru2401P11750,181.0,0.0,0.0,0.0,1,129.0,308.0,2,181.0,154.0,0.0,0.0,0.0,0.0,17
2023-05-09 21:10:49,ru2401P11750,ru2401P11750,181.0,0.0,0.0,0.0,1,129.0,307.0,1,181.0,154.0,0.0,0.0,0.0,0.0,17
2023-05-09 21:10:50,ru2401P11750,ru2401P11750,181.0,0.0,0.0,0.0,1,129.0,306.0,2,181.0,154.0,0.0,0.0,0.0,0.0,17
2023-05-09 21:10:50,ru2401P11750,ru2401P11750,181.0,0.0,0.0,0.0,1,129.0,306.0,2,181.0,154.0,0.0,0.0,0.0,0.0,17
2023-05-09 21:10:51,ru2401P11750,ru2401P11750,181.0,0.0,0.0,0.0,1,129.0,305.0,1,181.0,154.0,0.0,0.0,0.0,0.0,17
2023-05-09 21:10:51,ru2401P11750,ru2401P11750,181.0,0.0,0.0,0.0,1,129.0,304.0,2,181.0,154.0,0.0,0.0,0.0,0.0,17
2023-05-09 21:10:52,ru2401P11750,ru2401P11750,181.0,0.0,0.0,0.0,1,129.0,304.0,2,181.0,154.0,0.0,0.0,0.0,0.0,17
2023-05-09 21:10:52,ru2401P11750,ru2401P11750,181.0,0.0,0.0,0.0,1,129.0,303.0,1,181.0,154.0,0.0,0.0,0.0,0.0,17
2023-05-09 21:10:53,ru2401P11750,ru2401P11750,181.0,0.0,0.0,0.0,1,129.0,302.0,2,181.0,154.0,0.0,0.0,0.0,0.0,17
2023-05-09 21:10:53,ru2401P11750,ru2401P11750,181.0,0.0,0.0,0.0,1,129.0,302.0,2,181.0,154.0,0.0,0.0,0.0,0.0,17
2023-05-09 21:10:54,ru2401P11750,ru2401P11750,181.0,0.0,0.0,0.0,1,129.0,301.0,1,181.0,154.0,0.0,0.0,0.0,0.0,17
2023-05-09 21:10:54,ru2401P11750,ru2401P11750,181.0,0.0,0.0,0.0,1,129.0,300.0,2,181.0,154.0,0.0,0.0,0.0,0.0,17
2023-05-09 21:10:55,ru2401P11750,ru2401P11750,181.0,0.0,0.0,0.0,1,129.0,300.0,2,181.0,154.0,0.0,0.0,0.0,0.0,17
2023-05-09 21:10:55,ru2401P11750,ru2401P11750,181.0,0.0,0.0,0.0,1,129.0,299.0,1,181.0,154.0,0.0,0.0,0.0,0.0,17
2023-05-09 21:10:56,ru2401P11750,ru2401P11750,181.0,0.0,0.0,0.0,1,129.0,298.0,2,181.0,154.0,0.0,0.0,0.0,0.0,17
2023-05-09 21:10:56,ru2401P11750,ru2401P11750,181.0,0.0,0.0,0.0,1,129.0,298.0,2,181.0,154.0,0.0,0.0,0.0,0.0,17
2023-05-09 21:10:57,ru2401P11750,ru2401P11750,181.0,0.0,0.0,0.0,1,129.0,297.0,1,181.0,154.0,0.0,0.0,0.0,0.0,17
2023-05-09 21:10:57,ru2401P11750,ru2401P11750,181.0,0.0,0.0,0.0,1,129.0,296.0,2,181.0,154.0,0.0,0.0,0.0,0.0,17
2023-05-09 21:10:58,ru2401P11750,ru2401P11750,181.0,0.0,0.0,0.0,1,129.0,296.0,2,181.0,154.0,0.0,0.0,0.0,0.0,17
2023-05-09 21:10:58,ru2401P11750,ru2401P11750,181.0,0.0,0.0,0.0,1,129.0,295.0,1,181.0,154.0,0.0,0.0,0.0,0.0,17
2023-05-09 21:10:59,ru2401P11750,ru2401P11750,181.0,0.0,0.0,0.0,1,129.0,294.0,2,181.0,154.0,0.0,0.0,0.0,0.0,17
2023-05-09 21:10:59,ru2401P11750,ru2401P11750,181.0,0.0,0.0,0.0,1,129.0,294.0,2,181.0,154.0,0.0,0.0,0.0,0.0,17
2023-05-09 21:11:00,ru2401P11750,ru2401P11750,181.0,0.0,0.0,0.0,1,129.0,293.0,1,181.0,154.0,0.0,0.0,0.0,0.0,17
2023-05-09 21:11:00,ru2401P11750,ru2401P11750,181.0,0.0,0.0,0.0,1,129.0,292.0,2,181.0,154.0,0.0,0.0,0.0,0.0,17
2023-05-09 21:11:01,ru2401P11750,ru2401P11750,181.0,0.0,0.0,0.0,1,129.0,292.0,2,181.0,154.0,0.0,0.0,0.0,0.0,17
2023-05-09 21:11:01,ru2401P11750,ru2401P11750,181.0,0.0,0.0,0.0,1,129.0,291.0,1,181.0,154.0,0.0,0.0,0.0,0.0,17
2023-05-09 21:11:02,ru2401P11750,ru2401P11750,181.0,0.0,0.0,0.0,1,129.0,290.0,2,181.0,154.0,0.0,0.0,0.0,0.0,17
2023-05-09 21:11:02,ru2401P11750,ru2401P11750,181.0,0.0,0.0,0.0,1,129.0,290.0,2,181.0,154.0,0.0,0.0,0.0,0.0,17
2023-05-09 21:11:03,ru2401P11750,ru2401P11750,181.0,0.0,0.0,0.0,1,129.0,289.0,1,181.0,154.0,0.0,0.0,0.0,0.0,17
2023-05-09 21:11:03,ru2401P11750,ru2401P11750,181.0,0.0,0.0,0.0,1,129.0,288.0,2,181.0,154.0,0.0,0.0,0.0,0.0,17
2023-05-09 21:11:04,ru2401P11750,ru2401P11750,181.0,0.0,0.0,0.0,1,129.0,288.0,2,181.0,154.0,0.0,0.0,0.0,0.0,17
2023-05-09 21:11:04,ru2401P11750,ru2401P11750,181.0,0.0,0.0,0.0,1,129.0,287.0,1,181.0,154.0,0.0,0.0,0.0,0.0,17
2023-05-09 21:11:05,ru2401P11750,ru2401P11750,181.0,0.0,0.0,0.0,1,129.0,286.0,2,181.0,154.0,0.0,0.0,0.0,0.0,17
2023-05-09 21:11:05,ru2401P11750,ru2401P11750,181.0,0.0,0.0,0.0,1,129.0,286.0,2,181.0,154.0,0.0,0.0,0.0,0.0,17
2023-05-09 21:11:06,ru2401P11750,ru2401P11750,181.0,0.0,0.0,0.0,1,129.0,285.0,1,181.0,154.0,0.0,0.0,0.0,0.0,17
2023-05-09 21:11:06,ru2401P11750,ru2401P11750,181.0,0.0,0.0,0.0,1,129.0,284.0,2,181.0,154.0,0.0,0.0,0.0,0.0,17
2023-05-09 21:11:07,ru2401P11750,ru2401P11750,181.0,0.0,0.0,0.0,1,129.0,284.0,2,181.0,154.0,0.0,0.0,0.0,0.0,17
2023-05-09 21:11:07,ru2401P11750,ru2401P11750,181.0,0.0,0.0,0.0,1,129.0,283.0,1,181.0,154.0,0.0,0.0,0.0,0.0,17
2023-05-09 21:11:08,ru2401P11750,ru2401P11750,181.0,0.0,0.0,0.0,1,129.0,282.0,2,181.0,154.0,0.0,0.0,0.0,0.0,17
2023-05-09 21:11:08,ru2401P11750,ru2401P11750,181.0,0.0,0.0,0.0,1,129.0,282.0,2,181.0,154.0,0.0,0.0,0.0,0.0,17
2023-05-09 21:11:09,ru2401P11750,ru2401P11750,181.0,0.0,0.0,0.0,1,129.0,281.0,1,181.0,154.0,0.0,0.0,0.0,0.0,17
2023-05-09 21:11:09,ru2401P11750,ru2401P11750,181.0,0.0,0.0,0.0,1,129.0,280.0,2,181.0,154.0,0.0,0.0,0.0,0.0,17
2023-05-09 21:11:10,ru2401P11750,ru2401P11750,181.0,0.0,0.0,0.0,1,129.0,280.0,2,181.0,154.0,0.0,0.0,0.0,0.0,17
2023-05-09 21:11:10,ru2401P11750,ru2401P11750,181.0,0.0,0.0,0.0,1,129.0,279.0,1,181.0,154.0,0.0,0.0,0.0,0.0,17
2023-05-09 21:11:11,ru2401P11750,ru2401P11750,181.0,0.0,0.0,0.0,1,129.0,278.0,2,181.0,154.0,0.0,0.0,0.0,0.0,17
2023-05-09 21:11:11,ru2401P11750,ru2401P11750,181.0,0.0,0.0,0.0,1,129.0,278.0,2,181.0,154.0,0.0,0.0,0.0,0.0,17
2023-05-09 21:11:12,ru2401P11750,ru2401P11750,181.0,0.0,0.0,0.0,1,129.0,277.0,1,181.0,154.0,0.0,0.0,0.0,0.0,17
2023-05-09 21:11:12,ru2401P11750,ru2401P11750,181.0,0.0,0.0,0.0,1,129.0,276.0,2,181.0,154.0,0.0,0.0,0.0,0.0,17
2023-05-09 21:11:13,ru2401P11750,ru2401P11750,181.0,0.0,0.0,0.0,1,129.0,276.0,2,181.0,154.0,0.0,0.0,0.0,0.0,17
2023-05-09 21:11:13,ru2401P11750,ru2401P11750,181.0,0.0,0.0,0.0,1,129.0,275.0,1,181.0,154.0,0.0,0.0,0.0,0.0,17
2023-05-09 21:11:14,ru2401P11750,ru2401P11750,181.0,0.0,0.0,0.0,1,129.0,274.0,2,181.0,154.0,0.0,0.0,0.0,0.0,17
2023-05-09 21:11:14,ru2401P11750,ru2401P11750,181.0,0.0,0.0,0.0,1,129.0,274.0,2,181.0,154.0,0.0,0.0,0.0,0.0,17
2023-05-09 21:11:15,ru2401P11750,ru2401P11750,181.0,0.0,0.0,0.0,1,129.0,273.0,1,181.0,154.0,0.0,0.0,0.0,0.0,17
2023-05-09 21:11:15,ru2401P11750,ru2401P11750,181.0,0.0,0.0,0.0,1,129.0,272.0,2,181.0,154.0,0.0,0.0,0.0,0.0,17
2023-05-09 21:11:16,ru2401P11750,ru2401P11750,181.0,0.0,0.0,0.0,1,129.0,272.0,2,181.0,154.0,0.0,0.0,0.0,0.0,17
2023-05-09 21:11:16,ru2401P11750,ru2401P11750,181.0,0.0,0.0,0.0,1,129.0,271.0,1,181.0,154.0,0.0,0.0,0.0,0.0,17
2023-05-09 21:11:17,ru2401P11750,ru2401P11750,181.0,0.0,0.0,0.0,1,129.0,270.0,2,181.0,154.0,0.0,0.0,0.0,0.0,17
2023-05-09 21:11:17,ru2401P11750,ru2401P11750,181.0,0.0,0.0,0.0,1,129.0,270.0,2,181.0,154.0,0.0,0.0,0.0,0.0,17
2023-05-09 21:11:18,ru2401P11750,ru2401P11750,181.0,0.0,0.0,0.0,1,129.0,269.0,1,181.0,154.0,0.0,0.0,0.0,0.0,17
2023-05-09 21:11:18,ru2401P11750,ru2401P11750,181.0,0.0,0.0,0.0,1,129.0,268.0,2,181.0,154.0,0.0,0.0,0.0,0.0,17
2023-05-09 21:11:19,ru2401P11750,ru2401P11750,181.0,0.0,0.0,0.0,1,129.0,268.0,2,181.0,154.0,0.0,0.0,0.0,0.0,17
2023-05-09 21:11:19,ru2401P11750,ru2401P11750,181.0,0.0,0.0,0.0,1,129.0,267.0,1,181.0,154.0,0.0,0.0,0.0,0.0,17
2023-05-09 21:11:20,ru2401P11750,ru2401P11750,181.0,0.0,0.0,0.0,1,129.0,266.0,2,181.0,154.0,0.0,0.0,0.0,0.0,17
2023-05-09 21:11:20,ru2401P11750,ru2401P11750,181.0,0.0,0.0,0.0,1,129.0,266.0,2,181.0,154.0,0.0,0.0,0.0,0.0,17
2023-05-09 21:11:21,ru2401P11750,ru2401P11750,181.0,0.0,0.0,0.0,1,129.0,265.0,1,181.0,154.0,0.0,0.0,0.0,0.0,17
2023-05-09 21:11:21,ru2401P11750,ru2401P11750,181.0,0.0,0.0,0.0,1,129.0,264.0,2,181.0,154.0,0.0,0.0,0.0,0.0,17
2023-05-09 21:11:22,ru2401P11750,ru2401P11750,181.0,0.0,0.0,0.0,1,129.0,264.0,2,181.0,154.0,0.0,0.0,0.0,0.0,17
2023-05-09 21:11:22,ru2401P11750,ru2401P11750,181.0,0.0,0.0,0.0,1,129.0,263.0,1,181.0,154.0,0.0,0.0,0.0,0.0,17
2023-05-09 21:11:23,ru2401P11750,ru2401P11750,181.0,0.0,0.0,0.0,1,129.0,262.0,2,181.0,154.0,0.0,0.0,0.0,0.0,17
2023-05-09 21:11:23,ru2401P11750,ru2401P11750,181.0,0.0,0.0,0.0,1,129.0,262.0,2,181.0,154.0,0.0,0.0,0.0,0.0,17
2023-05-09 21:11:24,ru2401P11750,ru2401P11750,181.0,0.0,0.0,0.0,1,129.0,261.0,1,181.0,154.0,0.0,0.0,0.0,0.0,17
2023-05-09 21:12:30,ru2401P11750,ru2401P11750,181.0,0.0,0.0,0.0,1,129.0,261.0,1,181.0,154.0,0.0,0.0,0.0,0.0,17
