time,symbol_id,symbol_name,last,trade_volume,trade_amount,open_interest_change,bv1,bp1,ap1,av1,yesterday_close,today_open,today_high,today_low,volume,amount,open_interest
2023-05-09 21:03:30,ru2401C11250,ru2401C11250,1931.0,0.0,0.0,0.0,1,1940.0,1985.0,1,1931.0,0.0,0.0,0.0,0.0,0.0,12
2023-05-09 21:03:31,ru2401C11250,ru2401C11250,1931.0,0.0,0.0,0.0,1,1940.0,1985.0,1,1931.0,0.0,0.0,0.0,0.0,0.0,12
2023-05-09 21:03:34,ru2401C11250,ru2401C11250,1931.0,0.0,0.0,0.0,2,1940.0,1985.0,2,1931.0,0.0,0.0,0.0,0.0,0.0,12
2023-05-09 21:03:35,ru2401C11250,ru2401C11250,1931.0,0.0,0.0,0.0,2,1940.0,1985.0,2,1931.0,0.0,0.0,0.0,0.0,0.0,12
2023-05-09 21:03:39,ru2401C11250,ru2401C11250,1931.0,0.0,0.0,0.0,2,1940.0,1985.0,3,1931.0,0.0,0.0,0.0,0.0,0.0,12
2023-05-09 21:03:43,ru2401C11250,ru2401C11250,1931.0,0.0,0.0,0.0,1,1940.0,1985.0,2,1931.0,0.0,0.0,0.0,0.0,0.0,12
2023-05-09 21:03:47,ru2401C11250,ru2401C11250,1931.0,0.0,0.0,0.0,1,1940.0,1985.0,2,1931.0,0.0,0.0,0.0,0.0,0.0,12
2023-05-09 21:03:49,ru2401C11250,ru2401C11250,1931.0,0.0,0.0,0.0,1,1934.0,1985.0,1,1931.0,0.0,0.0,0.0,0.0,0.0,12
2023-05-09 21:03:50,ru2401C11250,ru2401C11250,1931.0,0.0,0.0,0.0,0,0.0,0.0,0,1931.0,0.0,0.0,0.0,0.0,0.0,12
2023-05-09 22:49:18,ru2401C11250,ru2401C11250,1931.0,0.0,0.0,0.0,1,2115.0,2165.0,1,1931.0,0.0,0.0,0.0,0.0,0.0,12
2023-05-09 22:49:19,ru2401C11250,ru2401C11250,1931.0,0.0,0.0,0.0,1,2115.0,2165.0,1,1931.0,0.0,0.0,0.0,0.0,0.0,12
2023-05-09 22:49:21,ru2401C11250,ru2401C11250,1931.0,0.0,0.0,0.0,3,2115.0,2165.0,2,1931.0,0.0,0.0,0.0,0.0,0.0,12
2023-05-09 22:49:23,ru2401C11250,ru2401C11250,1931.0,0.0,0.0,0.0,1,2157.0,2165.0,2,1931.0,0.0,0.0,0.0,0.0,0.0,12
2023-05-09 22:49:23,ru2401C11250,ru2401C11250,1931.0,0.0,0.0,0.0,1,2157.0,2165.0,1,1931.0,0.0,0.0,0.0,0.0,0.0,12
2023-05-09 22:49:24,ru2401C11250,ru2401C11250,1931.0,0.0,0.0,0.0,2,2157.0,2165.0,2,1931.0,0.0,0.0,0.0,0.0,0.0,12
2023-05-09 22:49:25,ru2401C11250,ru2401C11250,1931.0,0.0,0.0,0.0,3,2157.0,2165.0,2,1931.0,0.0,0.0,0.0,0.0,0.0,12
2023-05-09 22:49:30,ru2401C11250,ru2401C11250,1931.0,0.0,0.0,0.0,3,2157.0,2165.0,1,1931.0,0.0,0.0,0.0,0.0,0.0,12
2023-05-09 22:49:31,ru2401C11250,ru2401C11250,1931.0,0.0,0.0,0.0,3,2157.0,2165.0,1,1931.0,0.0,0.0,0.0,0.0,0.0,12
2023-05-09 22:49:34,ru2401C11250,ru2401C11250,1931.0,0.0,0.0,0.0,2,2157.0,2165.0,1,1931.0,0.0,0.0,0.0,0.0,0.0,12
2023-05-09 22:49:36,ru2401C11250,ru2401C11250,1931.0,0.0,0.0,0.0,1,2157.0,2175.0,1,1931.0,0.0,0.0,0.0,0.0,0.0,12
2023-05-09 22:49:36,ru2401C11250,ru2401C11250,1931.0,0.0,0.0,0.0,2,2110.0,2215.0,2,1931.0,0.0,0.0,0.0,0.0,0.0,12
2023-05-09 22:49:37,ru2401C11250,ru2401C11250,1931.0,0.0,0.0,0.0,0,0.0,0.0,0,1931.0,0.0,0.0,0.0,0.0,0.0,12
2023-05-09 22:57:50,ru2401C11250,ru2401C11250,1931.0,0.0,0.0,0.0,1,2172.0,2196.0,1,1931.0,0.0,0.0,0.0,0.0,0.0,12
2023-05-09 22:57:51,ru2401C11250,ru2401C11250,1931.0,0.0,0.0,0.0,1,2172.0,2196.0,1,1931.0,0.0,0.0,0.0,0.0,0.0,12
2023-05-09 22:57:51,ru2401C11250,ru2401C11250,1931.0,0.0,0.0,0.0,1,2172.0,2196.0,1,1931.0,0.0,0.0,0.0,0.0,0.0,12
2023-05-09 22:57:54,ru2401C11250,ru2401C11250,1931.0,0.0,0.0,0.0,2,2172.0,2196.0,2,1931.0,0.0,0.0,0.0,0.0,0.0,12
2023-05-09 22:57:55,ru2401C11250,ru2401C11250,1931.0,0.0,0.0,0.0,3,2172.0,2196.0,3,1931.0,0.0,0.0,0.0,0.0,0.0,12
2023-05-09 22:58:00,ru2401C11250,ru2401C11250,1931.0,0.0,0.0,0.0,3,2172.0,2196.0,3,1931.0,0.0,0.0,0.0,0.0,0.0,12
2023-05-09 22:58:01,ru2401C11250,ru2401C11250,1931.0,0.0,0.0,0.0,2,2172.0,2196.0,2,1931.0,0.0,0.0,0.0,0.0,0.0,12
2023-05-09 22:58:02,ru2401C11250,ru2401C11250,1931.0,0.0,0.0,0.0,2,2172.0,2196.0,2,1931.0,0.0,0.0,0.0,0.0,0.0,12
2023-05-09 22:58:03,ru2401C11250,ru2401C11250,1931.0,0.0,0.0,0.0,2,2172.0,2196.0,2,1931.0,0.0,0.0,0.0,0.0,0.0,12
2023-05-09 22:58:03,ru2401C11250,ru2401C11250,1931.0,0.0,0.0,0.0,2,2172.0,2196.0,2,1931.0,0.0,0.0,0.0,0.0,0.0,12
2023-05-09 22:58:05,ru2401C11250,ru2401C11250,1931.0,0.0,0.0,0.0,1,2172.0,2196.0,1,1931.0,0.0,0.0,0.0,0.0,0.0,12
2023-05-09 22:58:09,ru2401C11250,ru2401C11250,1931.0,0.0,0.0,0.0,0,0.0,0.0,0,1931.0,0.0,0.0,0.0,0.0,0.0,12
2023-05-10 09:46:17,ru2401C11250,ru2401C11250,1931.0,0.0,0.0,0.0,1,2264.0,2286.0,1,1931.0,0.0,0.0,0.0,0.0,0.0,12
2023-05-10 09:46:17,ru2401C11250,ru2401C11250,1931.0,0.0,0.0,0.0,1,2264.0,2286.0,1,1931.0,0.0,0.0,0.0,0.0,0.0,12
2023-05-10 09:46:19,ru2401C11250,ru2401C11250,1931.0,0.0,0.0,0.0,1,2272.0,2286.0,1,1931.0,0.0,0.0,0.0,0.0,0.0,12
2023-05-10 09:46:19,ru2401C11250,ru2401C11250,1931.0,0.0,0.0,0.0,1,2272.0,2286.0,1,1931.0,0.0,0.0,0.0,0.0,0.0,12
2023-05-10 09:46:20,ru2401C11250,ru2401C11250,1931.0,0.0,0.0,0.0,2,2272.0,2286.0,2,1931.0,0.0,0.0,0.0,0.0,0.0,12
2023-05-10 09:46:22,ru2401C11250,ru2401C11250,1931.0,0.0,0.0,0.0,2,2272.0,2286.0,2,1931.0,0.0,0.0,0.0,0.0,0.0,12
2023-05-10 09:46:24,ru2401C11250,ru2401C11250,1931.0,0.0,0.0,0.0,3,2272.0,2286.0,3,1931.0,0.0,0.0,0.0,0.0,0.0,12
2023-05-10 09:46:29,ru2401C11250,ru2401C11250,1931.0,0.0,0.0,0.0,3,2272.0,2286.0,2,1931.0,0.0,0.0,0.0,0.0,0.0,12
2023-05-10 09:46:30,ru2401C11250,ru2401C11250,1931.0,0.0,0.0,0.0,2,2272.0,2286.0,4,1931.0,0.0,0.0,0.0,0.0,0.0,12
2023-05-10 09:46:31,ru2401C11250,ru2401C11250,1931.0,0.0,0.0,0.0,2,2272.0,2286.0,4,1931.0,0.0,0.0,0.0,0.0,0.0,12
2023-05-10 09:46:31,ru2401C11250,ru2401C11250,1931.0,0.0,0.0,0.0,2,2272.0,2286.0,4,1931.0,0.0,0.0,0.0,0.0,0.0,12
2023-05-10 09:46:32,ru2401C11250,ru2401C11250,1931.0,0.0,0.0,0.0,2,2272.0,2286.0,4,1931.0,0.0,0.0,0.0,0.0,0.0,12
2023-05-10 09:46:34,ru2401C11250,ru2401C11250,1931.0,0.0,0.0,0.0,2,2272.0,2286.0,4,1931.0,0.0,0.0,0.0,0.0,0.0,12
2023-05-10 09:46:35,ru2401C11250,ru2401C11250,1931.0,0.0,0.0,0.0,1,2272.0,2286.0,3,1931.0,0.0,0.0,0.0,0.0,0.0,12
2023-05-10 09:46:36,ru2401C11250,ru2401C11250,1931.0,0.0,0.0,0.0,1,2272.0,2286.0,1,1931.0,0.0,0.0,0.0,0.0,0.0,12
2023-05-10 09:46:36,ru2401C11250,ru2401C11250,1931.0,0.0,0.0,0.0,2,2259.0,2291.0,2,1931.0,0.0,0.0,0.0,0.0,0.0,12
2023-05-10 09:46:37,ru2401C11250,ru2401C11250,1931.0,0.0,0.0,0.0,0,0.0,0.0,0,1931.0,0.0,0.0,0.0,0.0,0.0,12
2023-05-10 10:11:05,ru2401C11250,ru2401C11250,1931.0,0.0,0.0,0.0,1,2277.0,2299.0,1,1931.0,0.0,0.0,0.0,0.0,0.0,12
2023-05-10 10:11:05,ru2401C11250,ru2401C11250,1931.0,0.0,0.0,0.0,1,2277.0,2299.0,1,1931.0,0.0,0.0,0.0,0.0,0.0,12
2023-05-10 10:11:06,ru2401C11250,ru2401C11250,1931.0,0.0,0.0,0.0,1,2277.0,2299.0,1,1931.0,0.0,0.0,0.0,0.0,0.0,12
2023-05-10 10:11:07,ru2401C11250,ru2401C11250,1931.0,0.0,0.0,0.0,1,2277.0,2299.0,1,1931.0,0.0,0.0,0.0,0.0,0.0,12
2023-05-10 10:11:08,ru2401C11250,ru2401C11250,1931.0,0.0,0.0,0.0,2,2277.0,2299.0,1,1931.0,0.0,0.0,0.0,0.0,0.0,12
2023-05-10 10:11:13,ru2401C11250,ru2401C11250,1931.0,0.0,0.0,0.0,3,2277.0,2299.0,2,1931.0,0.0,0.0,0.0,0.0,0.0,12
2023-05-10 10:11:17,ru2401C11250,ru2401C11250,1931.0,0.0,0.0,0.0,2,2277.0,2299.0,1,1931.0,0.0,0.0,0.0,0.0,0.0,12
2023-05-10 10:11:17,ru2401C11250,ru2401C11250,1931.0,0.0,0.0,0.0,2,2277.0,2299.0,1,1931.0,0.0,0.0,0.0,0.0,0.0,12
2023-05-10 10:11:18,ru2401C11250,ru2401C11250,1931.0,0.0,0.0,0.0,4,2277.0,2299.0,1,1931.0,0.0,0.0,0.0,0.0,0.0,12
2023-05-10 10:11:19,ru2401C11250,ru2401C11250,1931.0,0.0,0.0,0.0,1,2294.0,2299.0,1,1931.0,0.0,0.0,0.0,0.0,0.0,12
2023-05-10 10:11:19,ru2401C11250,ru2401C11250,1931.0,0.0,0.0,0.0,1,2294.0,2303.0,1,1931.0,0.0,0.0,0.0,0.0,0.0,12
2023-05-10 10:11:20,ru2401C11250,ru2401C11250,1931.0,0.0,0.0,0.0,2,2294.0,2299.0,1,1931.0,0.0,0.0,0.0,0.0,0.0,12
2023-05-10 10:11:20,ru2401C11250,ru2401C11250,1931.0,0.0,0.0,0.0,2,2294.0,2299.0,1,1931.0,0.0,0.0,0.0,0.0,0.0,12
2023-05-10 10:11:21,ru2401C11250,ru2401C11250,1931.0,0.0,0.0,0.0,2,2294.0,2299.0,1,1931.0,0.0,0.0,0.0,0.0,0.0,12
2023-05-10 10:11:21,ru2401C11250,ru2401C11250,1931.0,0.0,0.0,0.0,2,2294.0,2299.0,1,1931.0,0.0,0.0,0.0,0.0,0.0,12
2023-05-10 10:11:28,ru2401C11250,ru2401C11250,1931.0,0.0,0.0,0.0,2,2294.0,2299.0,1,1931.0,0.0,0.0,0.0,0.0,0.0,12
2023-05-10 10:11:30,ru2401C11250,ru2401C11250,1931.0,0.0,0.0,0.0,1,2294.0,2299.0,1,1931.0,0.0,0.0,0.0,0.0,0.0,12
2023-05-10 10:11:30,ru2401C11250,ru2401C11250,1931.0,0.0,0.0,0.0,1,2294.0,2299.0,1,1931.0,0.0,0.0,0.0,0.0,0.0,12
2023-05-10 10:11:31,ru2401C11250,ru2401C11250,1931.0,0.0,0.0,0.0,2,2277.0,2306.0,2,1931.0,0.0,0.0,0.0,0.0,0.0,12
2023-05-10 10:11:32,ru2401C11250,ru2401C11250,1931.0,0.0,0.0,0.0,0,0.0,0.0,0,1931.0,0.0,0.0,0.0,0.0,0.0,12
2023-05-10 10:12:31,ru2401C11250,ru2401C11250,1931.0,0.0,0.0,0.0,1,2277.0,2299.0,1,1931.0,0.0,0.0,0.0,0.0,0.0,12
2023-05-10 10:12:32,ru2401C11250,ru2401C11250,1931.0,0.0,0.0,0.0,1,2277.0,2299.0,1,1931.0,0.0,0.0,0.0,0.0,0.0,12
2023-05-10 10:12:33,ru2401C11250,ru2401C11250,1931.0,0.0,0.0,0.0,1,2288.0,2299.0,1,1931.0,0.0,0.0,0.0,0.0,0.0,12
2023-05-10 10:12:34,ru2401C11250,ru2401C11250,1931.0,0.0,0.0,0.0,1,2288.0,2299.0,1,1931.0,0.0,0.0,0.0,0.0,0.0,12
2023-05-10 10:12:35,ru2401C11250,ru2401C11250,1931.0,0.0,0.0,0.0,2,2288.0,2299.0,1,1931.0,0.0,0.0,0.0,0.0,0.0,12
2023-05-10 10:12:35,ru2401C11250,ru2401C11250,1931.0,0.0,0.0,0.0,2,2288.0,2299.0,1,1931.0,0.0,0.0,0.0,0.0,0.0,12
2023-05-10 10:12:39,ru2401C11250,ru2401C11250,1931.0,0.0,0.0,0.0,3,2288.0,2299.0,2,1931.0,0.0,0.0,0.0,0.0,0.0,12
2023-05-10 10:12:43,ru2401C11250,ru2401C11250,1931.0,0.0,0.0,0.0,3,2288.0,2299.0,2,1931.0,0.0,0.0,0.0,0.0,0.0,12
2023-05-10 10:12:43,ru2401C11250,ru2401C11250,1931.0,0.0,0.0,0.0,3,2288.0,2299.0,1,1931.0,0.0,0.0,0.0,0.0,0.0,12
2023-05-10 10:12:44,ru2401C11250,ru2401C11250,1931.0,0.0,0.0,0.0,3,2288.0,2299.0,1,1931.0,0.0,0.0,0.0,0.0,0.0,12
2023-05-10 10:12:44,ru2401C11250,ru2401C11250,1931.0,0.0,0.0,0.0,2,2288.0,2299.0,1,1931.0,0.0,0.0,0.0,0.0,0.0,12
2023-05-10 10:12:45,ru2401C11250,ru2401C11250,1931.0,0.0,0.0,0.0,2,2288.0,2299.0,1,1931.0,0.0,0.0,0.0,0.0,0.0,12
2023-05-10 10:12:48,ru2401C11250,ru2401C11250,1931.0,0.0,0.0,0.0,2,2288.0,2299.0,1,1931.0,0.0,0.0,0.0,0.0,0.0,12
2023-05-10 10:12:50,ru2401C11250,ru2401C11250,1931.0,0.0,0.0,0.0,1,2288.0,2299.0,1,1931.0,0.0,0.0,0.0,0.0,0.0,12
2023-05-10 10:12:51,ru2401C11250,ru2401C11250,1931.0,0.0,0.0,0.0,1,2279.0,2300.0,1,1931.0,0.0,0.0,0.0,0.0,0.0,12
2023-05-10 10:12:54,ru2401C11250,ru2401C11250,1931.0,0.0,0.0,0.0,0,0.0,0.0,0,1931.0,0.0,0.0,0.0,0.0,0.0,12
2023-05-10 10:14:28,ru2401C11250,ru2401C11250,1931.0,0.0,0.0,0.0,1,2275.0,2276.0,1,1931.0,0.0,0.0,0.0,0.0,0.0,12
2023-05-10 10:14:29,ru2401C11250,ru2401C11250,1931.0,0.0,0.0,0.0,1,2275.0,2276.0,1,1931.0,0.0,0.0,0.0,0.0,0.0,12
2023-05-10 10:14:30,ru2401C11250,ru2401C11250,1931.0,0.0,0.0,0.0,1,2275.0,2283.0,1,1931.0,0.0,0.0,0.0,0.0,0.0,12
2023-05-10 10:14:30,ru2401C11250,ru2401C11250,1931.0,0.0,0.0,0.0,1,2275.0,2288.0,1,1931.0,0.0,0.0,0.0,0.0,0.0,12
2023-05-10 10:14:31,ru2401C11250,ru2401C11250,1931.0,0.0,0.0,0.0,1,2275.0,2288.0,1,1931.0,0.0,0.0,0.0,0.0,0.0,12
2023-05-10 10:14:31,ru2401C11250,ru2401C11250,1931.0,0.0,0.0,0.0,1,2275.0,2295.0,1,1931.0,0.0,0.0,0.0,0.0,0.0,12
2023-05-10 10:14:32,ru2401C11250,ru2401C11250,1931.0,0.0,0.0,0.0,1,2275.0,2299.0,1,1931.0,0.0,0.0,0.0,0.0,0.0,12
2023-05-10 10:14:39,ru2401C11250,ru2401C11250,1931.0,0.0,0.0,0.0,0,0.0,0.0,0,1931.0,0.0,0.0,0.0,0.0,0.0,12
2023-05-10 13:54:18,ru2401C11250,ru2401C11250,1931.0,0.0,0.0,0.0,2,2181.0,2208.0,2,1931.0,0.0,0.0,0.0,0.0,0.0,12
2023-05-10 13:54:36,ru2401C11250,ru2401C11250,1931.0,0.0,0.0,0.0,2,2186.0,2213.0,2,1931.0,0.0,0.0,0.0,0.0,0.0,12
2023-05-10 13:59:27,ru2401C11250,ru2401C11250,1931.0,0.0,0.0,0.0,2,2191.0,2218.0,2,1931.0,0.0,0.0,0.0,0.0,0.0,12
2023-05-10 14:01:21,ru2401C11250,ru2401C11250,1931.0,0.0,0.0,0.0,2,2185.0,2212.0,2,1931.0,0.0,0.0,0.0,0.0,0.0,12
2023-05-10 14:01:27,ru2401C11250,ru2401C11250,1931.0,0.0,0.0,0.0,2,2180.0,2207.0,2,1931.0,0.0,0.0,0.0,0.0,0.0,12
2023-05-10 14:01:29,ru2401C11250,ru2401C11250,1931.0,0.0,0.0,0.0,2,2185.0,2212.0,2,1931.0,0.0,0.0,0.0,0.0,0.0,12
2023-05-10 14:01:46,ru2401C11250,ru2401C11250,1931.0,0.0,0.0,0.0,2,2190.0,2217.0,2,1931.0,0.0,0.0,0.0,0.0,0.0,12
2023-05-10 14:02:10,ru2401C11250,ru2401C11250,1931.0,0.0,0.0,0.0,2,2186.0,2213.0,2,1931.0,0.0,0.0,0.0,0.0,0.0,12
2023-05-10 14:02:22,ru2401C11250,ru2401C11250,1931.0,0.0,0.0,0.0,2,2181.0,2208.0,2,1931.0,0.0,0.0,0.0,0.0,0.0,12
2023-05-10 14:02:48,ru2401C11250,ru2401C11250,1931.0,0.0,0.0,0.0,2,2186.0,2213.0,2,1931.0,0.0,0.0,0.0,0.0,0.0,12
2023-05-10 14:03:15,ru2401C11250,ru2401C11250,1931.0,0.0,0.0,0.0,2,2182.0,2209.0,2,1931.0,0.0,0.0,0.0,0.0,0.0,12
2023-05-10 14:03:15,ru2401C11250,ru2401C11250,1931.0,0.0,0.0,0.0,2,2182.0,2209.0,4,1931.0,0.0,0.0,0.0,0.0,0.0,12
2023-05-10 14:03:25,ru2401C11250,ru2401C11250,1931.0,0.0,0.0,0.0,2,2178.0,2205.0,2,1931.0,0.0,0.0,0.0,0.0,0.0,12
2023-05-10 14:03:32,ru2401C11250,ru2401C11250,1931.0,0.0,0.0,0.0,2,2178.0,2205.0,4,1931.0,0.0,0.0,0.0,0.0,0.0,12
2023-05-10 14:03:34,ru2401C11250,ru2401C11250,1931.0,0.0,0.0,0.0,2,2178.0,2205.0,4,1931.0,0.0,0.0,0.0,0.0,0.0,12
2023-05-10 14:03:35,ru2401C11250,ru2401C11250,1931.0,0.0,0.0,0.0,2,2178.0,2205.0,4,1931.0,0.0,0.0,0.0,0.0,0.0,12
2023-05-10 14:03:43,ru2401C11250,ru2401C11250,1931.0,0.0,0.0,0.0,2,2178.0,2205.0,4,1931.0,0.0,0.0,0.0,0.0,0.0,12
2023-05-10 14:04:02,ru2401C11250,ru2401C11250,1931.0,0.0,0.0,0.0,2,2178.0,2205.0,4,1931.0,0.0,0.0,0.0,0.0,0.0,12
2023-05-10 14:04:06,ru2401C11250,ru2401C11250,1931.0,0.0,0.0,0.0,2,2178.0,2205.0,4,1931.0,0.0,0.0,0.0,0.0,0.0,12
2023-05-10 14:04:07,ru2401C11250,ru2401C11250,1931.0,0.0,0.0,0.0,2,2178.0,2205.0,4,1931.0,0.0,0.0,0.0,0.0,0.0,12
2023-05-10 14:04:08,ru2401C11250,ru2401C11250,1931.0,0.0,0.0,0.0,2,2178.0,2205.0,4,1931.0,0.0,0.0,0.0,0.0,0.0,12
2023-05-10 14:04:11,ru2401C11250,ru2401C11250,1931.0,0.0,0.0,0.0,2,2178.0,2205.0,4,1931.0,0.0,0.0,0.0,0.0,0.0,12
2023-05-10 14:04:12,ru2401C11250,ru2401C11250,1931.0,0.0,0.0,0.0,2,2178.0,2205.0,4,1931.0,0.0,0.0,0.0,0.0,0.0,12
2023-05-10 14:04:20,ru2401C11250,ru2401C11250,1931.0,0.0,0.0,0.0,4,2178.0,2205.0,4,1931.0,0.0,0.0,0.0,0.0,0.0,12
2023-05-10 14:04:49,ru2401C11250,ru2401C11250,1931.0,0.0,0.0,0.0,2,2178.0,2205.0,4,1931.0,0.0,0.0,0.0,0.0,0.0,12
2023-05-10 14:04:59,ru2401C11250,ru2401C11250,1931.0,0.0,0.0,0.0,2,2174.0,2200.0,2,1931.0,0.0,0.0,0.0,0.0,0.0,12
2023-05-10 14:04:59,ru2401C11250,ru2401C11250,1931.0,0.0,0.0,0.0,2,2173.0,2200.0,4,1931.0,0.0,0.0,0.0,0.0,0.0,12
2023-05-10 14:05:26,ru2401C11250,ru2401C11250,1931.0,0.0,0.0,0.0,2,2173.0,2200.0,4,1931.0,0.0,0.0,0.0,0.0,0.0,12
2023-05-10 14:05:30,ru2401C11250,ru2401C11250,1931.0,0.0,0.0,0.0,2,2166.0,2193.0,2,1931.0,0.0,0.0,0.0,0.0,0.0,12
2023-05-10 14:05:30,ru2401C11250,ru2401C11250,1931.0,0.0,0.0,0.0,2,2166.0,2193.0,4,1931.0,0.0,0.0,0.0,0.0,0.0,12
2023-05-10 14:05:31,ru2401C11250,ru2401C11250,1931.0,0.0,0.0,0.0,2,2166.0,2193.0,4,1931.0,0.0,0.0,0.0,0.0,0.0,12
2023-05-10 14:05:42,ru2401C11250,ru2401C11250,1931.0,0.0,0.0,0.0,2,2166.0,2193.0,4,1931.0,0.0,0.0,0.0,0.0,0.0,12
2023-05-10 14:05:47,ru2401C11250,ru2401C11250,1931.0,0.0,0.0,0.0,2,2166.0,2193.0,4,1931.0,0.0,0.0,0.0,0.0,0.0,12
2023-05-10 14:05:51,ru2401C11250,ru2401C11250,1931.0,0.0,0.0,0.0,2,2166.0,2193.0,4,1931.0,0.0,0.0,0.0,0.0,0.0,12
2023-05-10 14:06:10,ru2401C11250,ru2401C11250,1931.0,0.0,0.0,0.0,2,2166.0,2193.0,4,1931.0,0.0,0.0,0.0,0.0,0.0,12
2023-05-10 14:06:25,ru2401C11250,ru2401C11250,1931.0,0.0,0.0,0.0,2,2171.0,2193.0,2,1931.0,0.0,0.0,0.0,0.0,0.0,12
2023-05-10 14:06:26,ru2401C11250,ru2401C11250,1931.0,0.0,0.0,0.0,2,2171.0,2198.0,4,1931.0,0.0,0.0,0.0,0.0,0.0,12
2023-05-10 14:07:34,ru2401C11250,ru2401C11250,1931.0,0.0,0.0,0.0,2,2171.0,2198.0,4,1931.0,0.0,0.0,0.0,0.0,0.0,12
2023-05-10 14:07:35,ru2401C11250,ru2401C11250,1931.0,0.0,0.0,0.0,2,2171.0,2198.0,4,1931.0,0.0,0.0,0.0,0.0,0.0,12
2023-05-10 14:07:45,ru2401C11250,ru2401C11250,1931.0,0.0,0.0,0.0,2,2171.0,2198.0,4,1931.0,0.0,0.0,0.0,0.0,0.0,12
2023-05-10 14:07:46,ru2401C11250,ru2401C11250,1931.0,0.0,0.0,0.0,2,2171.0,2198.0,4,1931.0,0.0,0.0,0.0,0.0,0.0,12
2023-05-10 14:08:05,ru2401C11250,ru2401C11250,1931.0,0.0,0.0,0.0,2,2171.0,2198.0,4,1931.0,0.0,0.0,0.0,0.0,0.0,12
2023-05-10 14:09:00,ru2401C11250,ru2401C11250,1931.0,0.0,0.0,0.0,2,2171.0,2198.0,4,1931.0,0.0,0.0,0.0,0.0,0.0,12
2023-05-10 14:09:00,ru2401C11250,ru2401C11250,1931.0,0.0,0.0,0.0,2,2167.0,2194.0,2,1931.0,0.0,0.0,0.0,0.0,0.0,12
2023-05-10 14:09:03,ru2401C11250,ru2401C11250,1931.0,0.0,0.0,0.0,2,2163.0,2190.0,2,1931.0,0.0,0.0,0.0,0.0,0.0,12
2023-05-10 14:09:08,ru2401C11250,ru2401C11250,1931.0,0.0,0.0,0.0,2,2163.0,2190.0,4,1931.0,0.0,0.0,0.0,0.0,0.0,12
2023-05-10 14:09:18,ru2401C11250,ru2401C11250,1931.0,0.0,0.0,0.0,2,2159.0,2186.0,2,1931.0,0.0,0.0,0.0,0.0,0.0,12
2023-05-10 14:09:27,ru2401C11250,ru2401C11250,1931.0,0.0,0.0,0.0,2,2159.0,2186.0,4,1931.0,0.0,0.0,0.0,0.0,0.0,12
2023-05-10 14:09:37,ru2401C11250,ru2401C11250,1931.0,0.0,0.0,0.0,4,2159.0,2186.0,4,1931.0,0.0,0.0,0.0,0.0,0.0,12
2023-05-10 14:09:40,ru2401C11250,ru2401C11250,1931.0,0.0,0.0,0.0,2,2159.0,2186.0,4,1931.0,0.0,0.0,0.0,0.0,0.0,12
2023-05-10 14:09:44,ru2401C11250,ru2401C11250,1931.0,0.0,0.0,0.0,4,2159.0,2186.0,4,1931.0,0.0,0.0,0.0,0.0,0.0,12
2023-05-10 14:10:02,ru2401C11250,ru2401C11250,1931.0,0.0,0.0,0.0,4,2159.0,2186.0,2,1931.0,0.0,0.0,0.0,0.0,0.0,12
2023-05-10 14:10:04,ru2401C11250,ru2401C11250,1931.0,0.0,0.0,0.0,2,2168.0,2192.0,2,1931.0,0.0,0.0,0.0,0.0,0.0,12
2023-05-10 14:10:04,ru2401C11250,ru2401C11250,1931.0,0.0,0.0,0.0,2,2168.0,2195.0,4,1931.0,0.0,0.0,0.0,0.0,0.0,12
2023-05-10 14:10:06,ru2401C11250,ru2401C11250,1931.0,0.0,0.0,0.0,4,2168.0,2195.0,4,1931.0,0.0,0.0,0.0,0.0,0.0,12
2023-05-10 14:10:07,ru2401C11250,ru2401C11250,1931.0,0.0,0.0,0.0,2,2172.0,2195.0,2,1931.0,0.0,0.0,0.0,0.0,0.0,12
2023-05-10 14:10:08,ru2401C11250,ru2401C11250,1931.0,0.0,0.0,0.0,2,2172.0,2200.0,4,1931.0,0.0,0.0,0.0,0.0,0.0,12
2023-05-10 14:10:09,ru2401C11250,ru2401C11250,1931.0,0.0,0.0,0.0,4,2172.0,2200.0,4,1931.0,0.0,0.0,0.0,0.0,0.0,12
2023-05-10 14:10:11,ru2401C11250,ru2401C11250,1931.0,0.0,0.0,0.0,2,2169.0,2196.0,2,1931.0,0.0,0.0,0.0,0.0,0.0,12
2023-05-10 14:10:18,ru2401C11250,ru2401C11250,1931.0,0.0,0.0,0.0,2,2169.0,2196.0,4,1931.0,0.0,0.0,0.0,0.0,0.0,12
2023-05-10 14:10:19,ru2401C11250,ru2401C11250,1931.0,0.0,0.0,0.0,4,2169.0,2196.0,4,1931.0,0.0,0.0,0.0,0.0,0.0,12
2023-05-10 14:10:21,ru2401C11250,ru2401C11250,1931.0,0.0,0.0,0.0,2,2169.0,2196.0,4,1931.0,0.0,0.0,0.0,0.0,0.0,12
2023-05-10 14:10:22,ru2401C11250,ru2401C11250,1931.0,0.0,0.0,0.0,4,2169.0,2196.0,4,1931.0,0.0,0.0,0.0,0.0,0.0,12
2023-05-10 14:10:22,ru2401C11250,ru2401C11250,1931.0,0.0,0.0,0.0,2,2169.0,2196.0,4,1931.0,0.0,0.0,0.0,0.0,0.0,12
2023-05-10 14:10:40,ru2401C11250,ru2401C11250,1931.0,0.0,0.0,0.0,2,2169.0,2196.0,4,1931.0,0.0,0.0,0.0,0.0,0.0,12
2023-05-10 14:10:40,ru2401C11250,ru2401C11250,1931.0,0.0,0.0,0.0,2,2169.0,2196.0,4,1931.0,0.0,0.0,0.0,0.0,0.0,12
2023-05-10 14:11:06,ru2401C11250,ru2401C11250,1931.0,0.0,0.0,0.0,2,2174.0,2196.0,2,1931.0,0.0,0.0,0.0,0.0,0.0,12
2023-05-10 14:11:06,ru2401C11250,ru2401C11250,1931.0,0.0,0.0,0.0,2,2174.0,2201.0,4,1931.0,0.0,0.0,0.0,0.0,0.0,12
2023-05-10 14:11:07,ru2401C11250,ru2401C11250,1931.0,0.0,0.0,0.0,2,2174.0,2201.0,4,1931.0,0.0,0.0,0.0,0.0,0.0,12
2023-05-10 14:11:09,ru2401C11250,ru2401C11250,1931.0,0.0,0.0,0.0,2,2170.0,2197.0,2,1931.0,0.0,0.0,0.0,0.0,0.0,12
2023-05-10 14:11:10,ru2401C11250,ru2401C11250,1931.0,0.0,0.0,0.0,2,2170.0,2197.0,4,1931.0,0.0,0.0,0.0,0.0,0.0,12
2023-05-10 14:11:11,ru2401C11250,ru2401C11250,1931.0,0.0,0.0,0.0,2,2170.0,2197.0,4,1931.0,0.0,0.0,0.0,0.0,0.0,12
2023-05-10 14:11:20,ru2401C11250,ru2401C11250,1931.0,0.0,0.0,0.0,2,2170.0,2197.0,4,1931.0,0.0,0.0,0.0,0.0,0.0,12
2023-05-10 14:11:22,ru2401C11250,ru2401C11250,1931.0,0.0,0.0,0.0,2,2170.0,2197.0,4,1931.0,0.0,0.0,0.0,0.0,0.0,12
2023-05-10 14:11:44,ru2401C11250,ru2401C11250,1931.0,0.0,0.0,0.0,2,2165.0,2193.0,2,1931.0,0.0,0.0,0.0,0.0,0.0,12
2023-05-10 14:11:45,ru2401C11250,ru2401C11250,1931.0,0.0,0.0,0.0,2,2165.0,2193.0,4,1931.0,0.0,0.0,0.0,0.0,0.0,12
2023-05-10 14:11:47,ru2401C11250,ru2401C11250,1931.0,0.0,0.0,0.0,2,2171.0,2193.0,2,1931.0,0.0,0.0,0.0,0.0,0.0,12
2023-05-10 14:11:48,ru2401C11250,ru2401C11250,1931.0,0.0,0.0,0.0,2,2171.0,2198.0,4,1931.0,0.0,0.0,0.0,0.0,0.0,12
2023-05-10 14:12:00,ru2401C11250,ru2401C11250,1931.0,0.0,0.0,0.0,2,2171.0,2198.0,4,1931.0,0.0,0.0,0.0,0.0,0.0,12
2023-05-10 14:12:01,ru2401C11250,ru2401C11250,1931.0,0.0,0.0,0.0,2,2171.0,2198.0,4,1931.0,0.0,0.0,0.0,0.0,0.0,12
2023-05-10 14:12:08,ru2401C11250,ru2401C11250,1931.0,0.0,0.0,0.0,2,2171.0,2198.0,4,1931.0,0.0,0.0,0.0,0.0,0.0,12
2023-05-10 14:12:55,ru2401C11250,ru2401C11250,1931.0,0.0,0.0,0.0,2,2171.0,2198.0,4,1931.0,0.0,0.0,0.0,0.0,0.0,12
2023-05-10 14:13:14,ru2401C11250,ru2401C11250,1931.0,0.0,0.0,0.0,2,2167.0,2194.0,2,1931.0,0.0,0.0,0.0,0.0,0.0,12
2023-05-10 14:13:22,ru2401C11250,ru2401C11250,1931.0,0.0,0.0,0.0,2,2163.0,2190.0,2,1931.0,0.0,0.0,0.0,0.0,0.0,12
2023-05-10 14:13:23,ru2401C11250,ru2401C11250,1931.0,0.0,0.0,0.0,2,2163.0,2190.0,2,1931.0,0.0,0.0,0.0,0.0,0.0,12
2023-05-10 14:13:33,ru2401C11250,ru2401C11250,1931.0,0.0,0.0,0.0,2,2163.0,2190.0,4,1931.0,0.0,0.0,0.0,0.0,0.0,12
2023-05-10 14:13:42,ru2401C11250,ru2401C11250,1931.0,0.0,0.0,0.0,2,2159.0,2186.0,2,1931.0,0.0,0.0,0.0,0.0,0.0,12
2023-05-10 14:13:42,ru2401C11250,ru2401C11250,1931.0,0.0,0.0,0.0,2,2159.0,2186.0,4,1931.0,0.0,0.0,0.0,0.0,0.0,12
2023-05-10 14:13:44,ru2401C11250,ru2401C11250,1931.0,0.0,0.0,0.0,2,2159.0,2186.0,4,1931.0,0.0,0.0,0.0,0.0,0.0,12
2023-05-10 14:13:51,ru2401C11250,ru2401C11250,1931.0,0.0,0.0,0.0,2,2159.0,2186.0,4,1931.0,0.0,0.0,0.0,0.0,0.0,12
2023-05-10 14:13:51,ru2401C11250,ru2401C11250,1931.0,0.0,0.0,0.0,2,2159.0,2186.0,4,1931.0,0.0,0.0,0.0,0.0,0.0,12
2023-05-10 14:14:07,ru2401C11250,ru2401C11250,1931.0,0.0,0.0,0.0,2,2159.0,2186.0,4,1931.0,0.0,0.0,0.0,0.0,0.0,12
2023-05-10 14:14:07,ru2401C11250,ru2401C11250,1931.0,0.0,0.0,0.0,2,2163.0,2186.0,2,1931.0,0.0,0.0,0.0,0.0,0.0,12
2023-05-10 14:14:08,ru2401C11250,ru2401C11250,1931.0,0.0,0.0,0.0,2,2163.0,2191.0,4,1931.0,0.0,0.0,0.0,0.0,0.0,12
2023-05-10 14:14:17,ru2401C11250,ru2401C11250,1931.0,0.0,0.0,0.0,2,2163.0,2191.0,4,1931.0,0.0,0.0,0.0,0.0,0.0,12
2023-05-10 14:14:19,ru2401C11250,ru2401C11250,1931.0,0.0,0.0,0.0,2,2158.0,2185.0,2,1931.0,0.0,0.0,0.0,0.0,0.0,12
2023-05-10 14:14:25,ru2401C11250,ru2401C11250,1931.0,0.0,0.0,0.0,2,2158.0,2185.0,4,1931.0,0.0,0.0,0.0,0.0,0.0,12
2023-05-10 14:14:28,ru2401C11250,ru2401C11250,1931.0,0.0,0.0,0.0,2,2154.0,2181.0,2,1931.0,0.0,0.0,0.0,0.0,0.0,12
2023-05-10 14:14:30,ru2401C11250,ru2401C11250,1931.0,0.0,0.0,0.0,2,2147.0,2174.0,2,1931.0,0.0,0.0,0.0,0.0,0.0,12
2023-05-10 14:14:31,ru2401C11250,ru2401C11250,1931.0,0.0,0.0,0.0,2,2147.0,2174.0,2,1931.0,0.0,0.0,0.0,0.0,0.0,12
2023-05-10 14:14:46,ru2401C11250,ru2401C11250,1931.0,0.0,0.0,0.0,2,2153.0,2180.0,2,1931.0,0.0,0.0,0.0,0.0,0.0,12
2023-05-10 14:15:04,ru2401C11250,ru2401C11250,1931.0,0.0,0.0,0.0,2,2158.0,2185.0,2,1931.0,0.0,0.0,0.0,0.0,0.0,12
2023-05-10 14:15:08,ru2401C11250,ru2401C11250,1931.0,0.0,0.0,0.0,2,2163.0,2191.0,2,1931.0,0.0,0.0,0.0,0.0,0.0,12
2023-05-10 14:15:09,ru2401C11250,ru2401C11250,1931.0,0.0,0.0,0.0,2,2160.0,2187.0,2,1931.0,0.0,0.0,0.0,0.0,0.0,12
2023-05-10 14:15:10,ru2401C11250,ru2401C11250,1931.0,0.0,0.0,0.0,2,2160.0,2187.0,2,1931.0,0.0,0.0,0.0,0.0,0.0,12
2023-05-10 14:15:10,ru2401C11250,ru2401C11250,1931.0,0.0,0.0,0.0,4,2160.0,2187.0,2,1931.0,0.0,0.0,0.0,0.0,0.0,12
2023-05-10 14:15:19,ru2401C11250,ru2401C11250,1931.0,0.0,0.0,0.0,2,2165.0,2188.0,2,1931.0,0.0,0.0,0.0,0.0,0.0,12
2023-05-10 14:15:19,ru2401C11250,ru2401C11250,1931.0,0.0,0.0,0.0,2,2165.0,2192.0,4,1931.0,0.0,0.0,0.0,0.0,0.0,12
2023-05-10 14:15:27,ru2401C11250,ru2401C11250,1931.0,0.0,0.0,0.0,4,2165.0,2192.0,4,1931.0,0.0,0.0,0.0,0.0,0.0,12
2023-05-10 14:15:30,ru2401C11250,ru2401C11250,1931.0,0.0,0.0,0.0,2,2170.0,2192.0,2,1931.0,0.0,0.0,0.0,0.0,0.0,12
2023-05-10 14:15:30,ru2401C11250,ru2401C11250,1931.0,0.0,0.0,0.0,2,2170.0,2197.0,4,1931.0,0.0,0.0,0.0,0.0,0.0,12
2023-05-10 14:15:31,ru2401C11250,ru2401C11250,1931.0,0.0,0.0,0.0,2,2170.0,2197.0,4,1931.0,0.0,0.0,0.0,0.0,0.0,12
2023-05-10 14:15:32,ru2401C11250,ru2401C11250,1931.0,0.0,0.0,0.0,2,2162.0,2189.0,2,1931.0,0.0,0.0,0.0,0.0,0.0,12
2023-05-10 14:15:32,ru2401C11250,ru2401C11250,1931.0,0.0,0.0,0.0,2,2162.0,2189.0,4,1931.0,0.0,0.0,0.0,0.0,0.0,12
2023-05-10 14:15:39,ru2401C11250,ru2401C11250,1931.0,0.0,0.0,0.0,2,2162.0,2189.0,4,1931.0,0.0,0.0,0.0,0.0,0.0,12
2023-05-10 14:15:45,ru2401C11250,ru2401C11250,1931.0,0.0,0.0,0.0,2,2162.0,2189.0,4,1931.0,0.0,0.0,0.0,0.0,0.0,12
2023-05-10 14:15:53,ru2401C11250,ru2401C11250,1931.0,0.0,0.0,0.0,2,2166.0,2189.0,2,1931.0,0.0,0.0,0.0,0.0,0.0,12
2023-05-10 14:15:54,ru2401C11250,ru2401C11250,1931.0,0.0,0.0,0.0,4,2166.0,2194.0,4,1931.0,0.0,0.0,0.0,0.0,0.0,12
2023-05-10 14:16:01,ru2401C11250,ru2401C11250,1931.0,0.0,0.0,0.0,2,2166.0,2194.0,4,1931.0,0.0,0.0,0.0,0.0,0.0,12
2023-05-10 14:16:01,ru2401C11250,ru2401C11250,1931.0,0.0,0.0,0.0,2,2166.0,2194.0,4,1931.0,0.0,0.0,0.0,0.0,0.0,12
2023-05-10 14:16:07,ru2401C11250,ru2401C11250,1931.0,0.0,0.0,0.0,2,2166.0,2194.0,4,1931.0,0.0,0.0,0.0,0.0,0.0,12
2023-05-10 14:16:15,ru2401C11250,ru2401C11250,1931.0,0.0,0.0,0.0,2,2166.0,2194.0,4,1931.0,0.0,0.0,0.0,0.0,0.0,12
2023-05-10 14:16:23,ru2401C11250,ru2401C11250,1931.0,0.0,0.0,0.0,2,2166.0,2194.0,4,1931.0,0.0,0.0,0.0,0.0,0.0,12
2023-05-10 14:16:41,ru2401C11250,ru2401C11250,1931.0,0.0,0.0,0.0,2,2166.0,2194.0,4,1931.0,0.0,0.0,0.0,0.0,0.0,12
2023-05-10 14:17:01,ru2401C11250,ru2401C11250,1931.0,0.0,0.0,0.0,2,2166.0,2194.0,4,1931.0,0.0,0.0,0.0,0.0,0.0,12
2023-05-10 14:17:03,ru2401C11250,ru2401C11250,1931.0,0.0,0.0,0.0,4,2166.0,2194.0,4,1931.0,0.0,0.0,0.0,0.0,0.0,12
2023-05-10 14:17:04,ru2401C11250,ru2401C11250,1931.0,0.0,0.0,0.0,2,2166.0,2194.0,4,1931.0,0.0,0.0,0.0,0.0,0.0,12
2023-05-10 14:17:27,ru2401C11250,ru2401C11250,1931.0,0.0,0.0,0.0,4,2166.0,2194.0,4,1931.0,0.0,0.0,0.0,0.0,0.0,12
2023-05-10 14:17:28,ru2401C11250,ru2401C11250,1931.0,0.0,0.0,0.0,2,2166.0,2194.0,4,1931.0,0.0,0.0,0.0,0.0,0.0,12
2023-05-10 14:17:28,ru2401C11250,ru2401C11250,1931.0,0.0,0.0,0.0,4,2166.0,2194.0,4,1931.0,0.0,0.0,0.0,0.0,0.0,12
2023-05-10 14:17:31,ru2401C11250,ru2401C11250,1931.0,0.0,0.0,0.0,2,2166.0,2194.0,4,1931.0,0.0,0.0,0.0,0.0,0.0,12
2023-05-10 14:17:33,ru2401C11250,ru2401C11250,1931.0,0.0,0.0,0.0,4,2166.0,2194.0,4,1931.0,0.0,0.0,0.0,0.0,0.0,12
2023-05-10 14:18:05,ru2401C11250,ru2401C11250,1931.0,0.0,0.0,0.0,2,2166.0,2194.0,4,1931.0,0.0,0.0,0.0,0.0,0.0,12
2023-05-10 14:18:49,ru2401C11250,ru2401C11250,1931.0,0.0,0.0,0.0,2,2161.0,2188.0,2,1931.0,0.0,0.0,0.0,0.0,0.0,12
2023-05-10 14:18:55,ru2401C11250,ru2401C11250,1931.0,0.0,0.0,0.0,2,2161.0,2188.0,4,1931.0,0.0,0.0,0.0,0.0,0.0,12
2023-05-10 14:18:57,ru2401C11250,ru2401C11250,1931.0,0.0,0.0,0.0,2,2157.0,2184.0,2,1931.0,0.0,0.0,0.0,0.0,0.0,12
2023-05-10 14:19:02,ru2401C11250,ru2401C11250,1931.0,0.0,0.0,0.0,2,2157.0,2184.0,4,1931.0,0.0,0.0,0.0,0.0,0.0,12
2023-05-10 14:19:03,ru2401C11250,ru2401C11250,1931.0,0.0,0.0,0.0,2,2153.0,2180.0,2,1931.0,0.0,0.0,0.0,0.0,0.0,12
2023-05-10 14:19:06,ru2401C11250,ru2401C11250,1931.0,0.0,0.0,0.0,2,2153.0,2180.0,4,1931.0,0.0,0.0,0.0,0.0,0.0,12
2023-05-10 14:19:15,ru2401C11250,ru2401C11250,1931.0,0.0,0.0,0.0,2,2158.0,2180.0,2,1931.0,0.0,0.0,0.0,0.0,0.0,12
2023-05-10 14:19:16,ru2401C11250,ru2401C11250,1931.0,0.0,0.0,0.0,2,2158.0,2185.0,4,1931.0,0.0,0.0,0.0,0.0,0.0,12
2023-05-10 14:19:45,ru2401C11250,ru2401C11250,1931.0,0.0,0.0,0.0,2,2158.0,2185.0,4,1931.0,0.0,0.0,0.0,0.0,0.0,12
2023-05-10 14:19:50,ru2401C11250,ru2401C11250,1931.0,0.0,0.0,0.0,2,2158.0,2185.0,4,1931.0,0.0,0.0,0.0,0.0,0.0,12
2023-05-10 14:19:58,ru2401C11250,ru2401C11250,1931.0,0.0,0.0,0.0,2,2158.0,2185.0,4,1931.0,0.0,0.0,0.0,0.0,0.0,12
2023-05-10 14:19:58,ru2401C11250,ru2401C11250,1931.0,0.0,0.0,0.0,2,2163.0,2185.0,2,1931.0,0.0,0.0,0.0,0.0,0.0,12
2023-05-10 14:19:59,ru2401C11250,ru2401C11250,1931.0,0.0,0.0,0.0,2,2163.0,2190.0,4,1931.0,0.0,0.0,0.0,0.0,0.0,12
2023-05-10 14:20:02,ru2401C11250,ru2401C11250,1931.0,0.0,0.0,0.0,2,2163.0,2190.0,4,1931.0,0.0,0.0,0.0,0.0,0.0,12
2023-05-10 14:20:03,ru2401C11250,ru2401C11250,1931.0,0.0,0.0,0.0,2,2163.0,2190.0,4,1931.0,0.0,0.0,0.0,0.0,0.0,12
2023-05-10 14:20:25,ru2401C11250,ru2401C11250,1931.0,0.0,0.0,0.0,2,2163.0,2190.0,4,1931.0,0.0,0.0,0.0,0.0,0.0,12
2023-05-10 14:20:30,ru2401C11250,ru2401C11250,1931.0,0.0,0.0,0.0,2,2163.0,2190.0,4,1931.0,0.0,0.0,0.0,0.0,0.0,12
2023-05-10 14:20:32,ru2401C11250,ru2401C11250,1931.0,0.0,0.0,0.0,2,2163.0,2190.0,4,1931.0,0.0,0.0,0.0,0.0,0.0,12
2023-05-10 14:20:35,ru2401C11250,ru2401C11250,1931.0,0.0,0.0,0.0,2,2158.0,2185.0,2,1931.0,0.0,0.0,0.0,0.0,0.0,12
2023-05-10 14:21:00,ru2401C11250,ru2401C11250,1931.0,0.0,0.0,0.0,2,2158.0,2185.0,4,1931.0,0.0,0.0,0.0,0.0,0.0,12
2023-05-10 14:21:01,ru2401C11250,ru2401C11250,1931.0,0.0,0.0,0.0,2,2153.0,2180.0,2,1931.0,0.0,0.0,0.0,0.0,0.0,12
2023-05-10 14:21:14,ru2401C11250,ru2401C11250,1931.0,0.0,0.0,0.0,2,2153.0,2180.0,4,1931.0,0.0,0.0,0.0,0.0,0.0,12
2023-05-10 14:21:15,ru2401C11250,ru2401C11250,1931.0,0.0,0.0,0.0,2,2153.0,2180.0,4,1931.0,0.0,0.0,0.0,0.0,0.0,12
2023-05-10 14:21:16,ru2401C11250,ru2401C11250,1931.0,0.0,0.0,0.0,2,2153.0,2180.0,4,1931.0,0.0,0.0,0.0,0.0,0.0,12
2023-05-10 14:21:17,ru2401C11250,ru2401C11250,1931.0,0.0,0.0,0.0,2,2153.0,2180.0,4,1931.0,0.0,0.0,0.0,0.0,0.0,12
2023-05-10 14:21:18,ru2401C11250,ru2401C11250,1931.0,0.0,0.0,0.0,2,2153.0,2180.0,4,1931.0,0.0,0.0,0.0,0.0,0.0,12
2023-05-10 14:21:22,ru2401C11250,ru2401C11250,1931.0,0.0,0.0,0.0,2,2153.0,2180.0,4,1931.0,0.0,0.0,0.0,0.0,0.0,12
2023-05-10 14:21:23,ru2401C11250,ru2401C11250,1931.0,0.0,0.0,0.0,2,2153.0,2180.0,4,1931.0,0.0,0.0,0.0,0.0,0.0,12
2023-05-10 14:21:24,ru2401C11250,ru2401C11250,1931.0,0.0,0.0,0.0,2,2153.0,2180.0,4,1931.0,0.0,0.0,0.0,0.0,0.0,12
2023-05-10 14:21:52,ru2401C11250,ru2401C11250,1931.0,0.0,0.0,0.0,2,2149.0,2176.0,2,1931.0,0.0,0.0,0.0,0.0,0.0,12
2023-05-10 14:22:13,ru2401C11250,ru2401C11250,1931.0,0.0,0.0,0.0,2,2149.0,2176.0,4,1931.0,0.0,0.0,0.0,0.0,0.0,12
2023-05-10 14:22:16,ru2401C11250,ru2401C11250,1931.0,0.0,0.0,0.0,2,2149.0,2176.0,4,1931.0,0.0,0.0,0.0,0.0,0.0,12
2023-05-10 14:22:17,ru2401C11250,ru2401C11250,1931.0,0.0,0.0,0.0,2,2149.0,2176.0,4,1931.0,0.0,0.0,0.0,0.0,0.0,12
2023-05-10 14:22:19,ru2401C11250,ru2401C11250,1931.0,0.0,0.0,0.0,2,2149.0,2176.0,4,1931.0,0.0,0.0,0.0,0.0,0.0,12
2023-05-10 14:22:20,ru2401C11250,ru2401C11250,1931.0,0.0,0.0,0.0,2,2149.0,2176.0,4,1931.0,0.0,0.0,0.0,0.0,0.0,12
2023-05-10 14:22:32,ru2401C11250,ru2401C11250,1931.0,0.0,0.0,0.0,2,2149.0,2176.0,4,1931.0,0.0,0.0,0.0,0.0,0.0,12
2023-05-10 14:22:37,ru2401C11250,ru2401C11250,1931.0,0.0,0.0,0.0,2,2155.0,2176.0,2,1931.0,0.0,0.0,0.0,0.0,0.0,12
2023-05-10 14:22:38,ru2401C11250,ru2401C11250,1931.0,0.0,0.0,0.0,2,2155.0,2182.0,4,1931.0,0.0,0.0,0.0,0.0,0.0,12
2023-05-10 14:22:47,ru2401C11250,ru2401C11250,1931.0,0.0,0.0,0.0,2,2155.0,2182.0,4,1931.0,0.0,0.0,0.0,0.0,0.0,12
2023-05-10 14:22:47,ru2401C11250,ru2401C11250,1931.0,0.0,0.0,0.0,2,2150.0,2177.0,2,1931.0,0.0,0.0,0.0,0.0,0.0,12
2023-05-10 14:22:49,ru2401C11250,ru2401C11250,1931.0,0.0,0.0,0.0,2,2150.0,2177.0,4,1931.0,0.0,0.0,0.0,0.0,0.0,12
2023-05-10 14:22:59,ru2401C11250,ru2401C11250,1931.0,0.0,0.0,0.0,2,2150.0,2177.0,4,1931.0,0.0,0.0,0.0,0.0,0.0,12
2023-05-10 14:23:04,ru2401C11250,ru2401C11250,1931.0,0.0,0.0,0.0,2,2150.0,2177.0,4,1931.0,0.0,0.0,0.0,0.0,0.0,12
2023-05-10 14:23:09,ru2401C11250,ru2401C11250,1931.0,0.0,0.0,0.0,2,2157.0,2177.0,2,1931.0,0.0,0.0,0.0,0.0,0.0,12
2023-05-10 14:23:09,ru2401C11250,ru2401C11250,1931.0,0.0,0.0,0.0,2,2157.0,2184.0,4,1931.0,0.0,0.0,0.0,0.0,0.0,12
2023-05-10 14:23:16,ru2401C11250,ru2401C11250,1931.0,0.0,0.0,0.0,2,2153.0,2180.0,2,1931.0,0.0,0.0,0.0,0.0,0.0,12
2023-05-10 14:23:48,ru2401C11250,ru2401C11250,1931.0,0.0,0.0,0.0,2,2153.0,2180.0,4,1931.0,0.0,0.0,0.0,0.0,0.0,12
2023-05-10 14:24:01,ru2401C11250,ru2401C11250,1931.0,0.0,0.0,0.0,2,2157.0,2180.0,2,1931.0,0.0,0.0,0.0,0.0,0.0,12
2023-05-10 14:24:01,ru2401C11250,ru2401C11250,1931.0,0.0,0.0,0.0,2,2157.0,2185.0,4,1931.0,0.0,0.0,0.0,0.0,0.0,12
2023-05-10 14:24:11,ru2401C11250,ru2401C11250,1931.0,0.0,0.0,0.0,2,2154.0,2181.0,2,1931.0,0.0,0.0,0.0,0.0,0.0,12
2023-05-10 14:24:21,ru2401C11250,ru2401C11250,1931.0,0.0,0.0,0.0,2,2154.0,2181.0,4,1931.0,0.0,0.0,0.0,0.0,0.0,12
2023-05-10 14:24:44,ru2401C11250,ru2401C11250,1931.0,0.0,0.0,0.0,2,2154.0,2181.0,4,1931.0,0.0,0.0,0.0,0.0,0.0,12
2023-05-10 14:25:04,ru2401C11250,ru2401C11250,1931.0,0.0,0.0,0.0,2,2150.0,2177.0,2,1931.0,0.0,0.0,0.0,0.0,0.0,12
2023-05-10 14:25:09,ru2401C11250,ru2401C11250,1931.0,0.0,0.0,0.0,2,2150.0,2177.0,4,1931.0,0.0,0.0,0.0,0.0,0.0,12
2023-05-10 14:25:10,ru2401C11250,ru2401C11250,1931.0,0.0,0.0,0.0,2,2150.0,2177.0,4,1931.0,0.0,0.0,0.0,0.0,0.0,12
2023-05-10 14:25:13,ru2401C11250,ru2401C11250,1931.0,0.0,0.0,0.0,2,2150.0,2177.0,4,1931.0,0.0,0.0,0.0,0.0,0.0,12
2023-05-10 14:25:22,ru2401C11250,ru2401C11250,1931.0,0.0,0.0,0.0,2,2150.0,2177.0,4,1931.0,0.0,0.0,0.0,0.0,0.0,12
2023-05-10 14:25:43,ru2401C11250,ru2401C11250,1931.0,0.0,0.0,0.0,2,2145.0,2172.0,2,1931.0,0.0,0.0,0.0,0.0,0.0,12
2023-05-10 14:25:58,ru2401C11250,ru2401C11250,1931.0,0.0,0.0,0.0,2,2145.0,2172.0,4,1931.0,0.0,0.0,0.0,0.0,0.0,12
2023-05-10 14:26:00,ru2401C11250,ru2401C11250,1931.0,0.0,0.0,0.0,2,2145.0,2172.0,4,1931.0,0.0,0.0,0.0,0.0,0.0,12
2023-05-10 14:26:05,ru2401C11250,ru2401C11250,1931.0,0.0,0.0,0.0,2,2145.0,2172.0,4,1931.0,0.0,0.0,0.0,0.0,0.0,12
2023-05-10 14:26:07,ru2401C11250,ru2401C11250,1931.0,0.0,0.0,0.0,2,2145.0,2172.0,4,1931.0,0.0,0.0,0.0,0.0,0.0,12
2023-05-10 14:26:15,ru2401C11250,ru2401C11250,1931.0,0.0,0.0,0.0,2,2145.0,2172.0,4,1931.0,0.0,0.0,0.0,0.0,0.0,12
2023-05-10 14:26:27,ru2401C11250,ru2401C11250,1931.0,0.0,0.0,0.0,2,2150.0,2172.0,2,1931.0,0.0,0.0,0.0,0.0,0.0,12
2023-05-10 14:26:28,ru2401C11250,ru2401C11250,1931.0,0.0,0.0,0.0,2,2150.0,2177.0,4,1931.0,0.0,0.0,0.0,0.0,0.0,12
2023-05-10 14:26:35,ru2401C11250,ru2401C11250,1931.0,0.0,0.0,0.0,2,2150.0,2177.0,4,1931.0,0.0,0.0,0.0,0.0,0.0,12
2023-05-10 14:27:06,ru2401C11250,ru2401C11250,1931.0,0.0,0.0,0.0,2,2150.0,2177.0,4,1931.0,0.0,0.0,0.0,0.0,0.0,12
2023-05-10 14:27:06,ru2401C11250,ru2401C11250,1931.0,0.0,0.0,0.0,2,2150.0,2177.0,4,1931.0,0.0,0.0,0.0,0.0,0.0,12
2023-05-10 14:27:23,ru2401C11250,ru2401C11250,1931.0,0.0,0.0,0.0,2,2150.0,2177.0,4,1931.0,0.0,0.0,0.0,0.0,0.0,12
2023-05-10 14:28:02,ru2401C11250,ru2401C11250,1931.0,0.0,0.0,0.0,2,2150.0,2177.0,4,1931.0,0.0,0.0,0.0,0.0,0.0,12
2023-05-10 14:28:02,ru2401C11250,ru2401C11250,1931.0,0.0,0.0,0.0,2,2145.0,2172.0,2,1931.0,0.0,0.0,0.0,0.0,0.0,12
2023-05-10 14:28:21,ru2401C11250,ru2401C11250,1931.0,0.0,0.0,0.0,2,2145.0,2172.0,4,1931.0,0.0,0.0,0.0,0.0,0.0,12
2023-05-10 14:28:22,ru2401C11250,ru2401C11250,1931.0,0.0,0.0,0.0,2,2145.0,2172.0,4,1931.0,0.0,0.0,0.0,0.0,0.0,12
2023-05-10 14:29:31,ru2401C11250,ru2401C11250,1931.0,0.0,0.0,0.0,4,2140.0,2167.0,2,1931.0,0.0,0.0,0.0,0.0,0.0,12
2023-05-10 14:29:32,ru2401C11250,ru2401C11250,1931.0,0.0,0.0,0.0,2,2140.0,2167.0,4,1931.0,0.0,0.0,0.0,0.0,0.0,12
2023-05-10 14:29:45,ru2401C11250,ru2401C11250,1931.0,0.0,0.0,0.0,4,2140.0,2167.0,2,1931.0,0.0,0.0,0.0,0.0,0.0,12
2023-05-10 14:29:48,ru2401C11250,ru2401C11250,1931.0,0.0,0.0,0.0,2,2140.0,2167.0,4,1931.0,0.0,0.0,0.0,0.0,0.0,12
2023-05-10 14:29:49,ru2401C11250,ru2401C11250,1931.0,0.0,0.0,0.0,2,2140.0,2167.0,2,1931.0,0.0,0.0,0.0,0.0,0.0,12
2023-05-10 14:29:51,ru2401C11250,ru2401C11250,1931.0,0.0,0.0,0.0,4,2140.0,2167.0,2,1931.0,0.0,0.0,0.0,0.0,0.0,12
2023-05-10 14:29:54,ru2401C11250,ru2401C11250,1931.0,0.0,0.0,0.0,2,2140.0,2167.0,2,1931.0,0.0,0.0,0.0,0.0,0.0,12
2023-05-10 14:29:54,ru2401C11250,ru2401C11250,1931.0,0.0,0.0,0.0,2,2140.0,2167.0,2,1931.0,0.0,0.0,0.0,0.0,0.0,12
2023-05-10 14:29:55,ru2401C11250,ru2401C11250,1931.0,0.0,0.0,0.0,2,2140.0,2167.0,2,1931.0,0.0,0.0,0.0,0.0,0.0,12
2023-05-10 14:29:57,ru2401C11250,ru2401C11250,1931.0,0.0,0.0,0.0,2,2140.0,2167.0,2,1931.0,0.0,0.0,0.0,0.0,0.0,12
2023-05-10 14:30:06,ru2401C11250,ru2401C11250,1931.0,0.0,0.0,0.0,2,2140.0,2167.0,4,1931.0,0.0,0.0,0.0,0.0,0.0,12
2023-05-10 14:30:07,ru2401C11250,ru2401C11250,1931.0,0.0,0.0,0.0,2,2140.0,2167.0,4,1931.0,0.0,0.0,0.0,0.0,0.0,12
2023-05-10 14:30:08,ru2401C11250,ru2401C11250,1931.0,0.0,0.0,0.0,2,2140.0,2167.0,4,1931.0,0.0,0.0,0.0,0.0,0.0,12
2023-05-10 14:30:12,ru2401C11250,ru2401C11250,1931.0,0.0,0.0,0.0,2,2140.0,2167.0,2,1931.0,0.0,0.0,0.0,0.0,0.0,12
2023-05-10 14:30:16,ru2401C11250,ru2401C11250,1931.0,0.0,0.0,0.0,2,2145.0,2168.0,2,1931.0,0.0,0.0,0.0,0.0,0.0,12
2023-05-10 14:30:16,ru2401C11250,ru2401C11250,1931.0,0.0,0.0,0.0,2,2145.0,2172.0,4,1931.0,0.0,0.0,0.0,0.0,0.0,12
2023-05-10 14:30:43,ru2401C11250,ru2401C11250,1931.0,0.0,0.0,0.0,2,2151.0,2172.0,2,1931.0,0.0,0.0,0.0,0.0,0.0,12
2023-05-10 14:30:43,ru2401C11250,ru2401C11250,1931.0,0.0,0.0,0.0,2,2151.0,2173.0,2,1931.0,0.0,0.0,0.0,0.0,0.0,12
2023-05-10 14:30:44,ru2401C11250,ru2401C11250,1931.0,0.0,0.0,0.0,2,2151.0,2178.0,4,1931.0,0.0,0.0,0.0,0.0,0.0,12
2023-05-10 14:31:10,ru2401C11250,ru2401C11250,1931.0,0.0,0.0,0.0,2,2156.0,2178.0,2,1931.0,0.0,0.0,0.0,0.0,0.0,12
2023-05-10 14:31:10,ru2401C11250,ru2401C11250,1931.0,0.0,0.0,0.0,2,2156.0,2183.0,4,1931.0,0.0,0.0,0.0,0.0,0.0,12
2023-05-10 14:32:03,ru2401C11250,ru2401C11250,1931.0,0.0,0.0,0.0,2,2163.0,2183.0,2,1931.0,0.0,0.0,0.0,0.0,0.0,12
2023-05-10 14:32:04,ru2401C11250,ru2401C11250,1931.0,0.0,0.0,0.0,4,2163.0,2190.0,4,1931.0,0.0,0.0,0.0,0.0,0.0,12
2023-05-10 14:32:33,ru2401C11250,ru2401C11250,1931.0,0.0,0.0,0.0,2,2163.0,2190.0,4,1931.0,0.0,0.0,0.0,0.0,0.0,12
2023-05-10 14:33:03,ru2401C11250,ru2401C11250,1931.0,0.0,0.0,0.0,2,2160.0,2185.0,2,1931.0,0.0,0.0,0.0,0.0,0.0,12
2023-05-10 14:33:03,ru2401C11250,ru2401C11250,1931.0,0.0,0.0,0.0,4,2158.0,2185.0,4,1931.0,0.0,0.0,0.0,0.0,0.0,12
2023-05-10 14:33:18,ru2401C11250,ru2401C11250,1931.0,0.0,0.0,0.0,2,2158.0,2178.0,2,1931.0,0.0,0.0,0.0,0.0,0.0,12
2023-05-10 14:33:19,ru2401C11250,ru2401C11250,1931.0,0.0,0.0,0.0,2,2151.0,2178.0,2,1931.0,0.0,0.0,0.0,0.0,0.0,12
2023-05-10 14:33:25,ru2401C11250,ru2401C11250,1931.0,0.0,0.0,0.0,2,2156.0,2179.0,2,1931.0,0.0,0.0,0.0,0.0,0.0,12
2023-05-10 14:33:25,ru2401C11250,ru2401C11250,1931.0,0.0,0.0,0.0,2,2156.0,2183.0,4,1931.0,0.0,0.0,0.0,0.0,0.0,12
2023-05-10 14:33:28,ru2401C11250,ru2401C11250,1931.0,0.0,0.0,0.0,2,2156.0,2183.0,4,1931.0,0.0,0.0,0.0,0.0,0.0,12
2023-05-10 14:33:32,ru2401C11250,ru2401C11250,1931.0,0.0,0.0,0.0,2,2156.0,2183.0,4,1931.0,0.0,0.0,0.0,0.0,0.0,12
2023-05-10 14:33:46,ru2401C11250,ru2401C11250,1931.0,0.0,0.0,0.0,4,2150.0,2178.0,2,1931.0,0.0,0.0,0.0,0.0,0.0,12
2023-05-10 14:33:47,ru2401C11250,ru2401C11250,1931.0,0.0,0.0,0.0,4,2150.0,2178.0,2,1931.0,0.0,0.0,0.0,0.0,0.0,12
2023-05-10 14:34:07,ru2401C11250,ru2401C11250,1931.0,0.0,0.0,0.0,2,2155.0,2179.0,2,1931.0,0.0,0.0,0.0,0.0,0.0,12
2023-05-10 14:34:08,ru2401C11250,ru2401C11250,1931.0,0.0,0.0,0.0,2,2155.0,2182.0,4,1931.0,0.0,0.0,0.0,0.0,0.0,12
2023-05-10 14:34:09,ru2401C11250,ru2401C11250,1931.0,0.0,0.0,0.0,4,2155.0,2182.0,4,1931.0,0.0,0.0,0.0,0.0,0.0,12
2023-05-10 14:34:09,ru2401C11250,ru2401C11250,1931.0,0.0,0.0,0.0,2,2155.0,2182.0,4,1931.0,0.0,0.0,0.0,0.0,0.0,12
2023-05-10 14:34:10,ru2401C11250,ru2401C11250,1931.0,0.0,0.0,0.0,4,2155.0,2182.0,4,1931.0,0.0,0.0,0.0,0.0,0.0,12
2023-05-10 14:34:11,ru2401C11250,ru2401C11250,1931.0,0.0,0.0,0.0,2,2155.0,2182.0,4,1931.0,0.0,0.0,0.0,0.0,0.0,12
2023-05-10 14:34:18,ru2401C11250,ru2401C11250,1931.0,0.0,0.0,0.0,2,2155.0,2182.0,4,1931.0,0.0,0.0,0.0,0.0,0.0,12
2023-05-10 14:34:20,ru2401C11250,ru2401C11250,1931.0,0.0,0.0,0.0,2,2155.0,2182.0,4,1931.0,0.0,0.0,0.0,0.0,0.0,12
2023-05-10 14:34:20,ru2401C11250,ru2401C11250,1931.0,0.0,0.0,0.0,2,2155.0,2182.0,4,1931.0,0.0,0.0,0.0,0.0,0.0,12
2023-05-10 14:34:21,ru2401C11250,ru2401C11250,1931.0,0.0,0.0,0.0,2,2155.0,2182.0,4,1931.0,0.0,0.0,0.0,0.0,0.0,12
2023-05-10 14:34:23,ru2401C11250,ru2401C11250,1931.0,0.0,0.0,0.0,2,2161.0,2182.0,2,1931.0,0.0,0.0,0.0,0.0,0.0,12
2023-05-10 14:34:24,ru2401C11250,ru2401C11250,1931.0,0.0,0.0,0.0,2,2161.0,2188.0,4,1931.0,0.0,0.0,0.0,0.0,0.0,12
2023-05-10 14:34:28,ru2401C11250,ru2401C11250,1931.0,0.0,0.0,0.0,2,2161.0,2188.0,4,1931.0,0.0,0.0,0.0,0.0,0.0,12
2023-05-10 14:34:29,ru2401C11250,ru2401C11250,1931.0,0.0,0.0,0.0,2,2161.0,2188.0,4,1931.0,0.0,0.0,0.0,0.0,0.0,12
2023-05-10 14:34:36,ru2401C11250,ru2401C11250,1931.0,0.0,0.0,0.0,2,2161.0,2188.0,4,1931.0,0.0,0.0,0.0,0.0,0.0,12
2023-05-10 14:34:50,ru2401C11250,ru2401C11250,1931.0,0.0,0.0,0.0,2,2159.0,2183.0,2,1931.0,0.0,0.0,0.0,0.0,0.0,12
2023-05-10 14:34:51,ru2401C11250,ru2401C11250,1931.0,0.0,0.0,0.0,4,2156.0,2183.0,4,1931.0,0.0,0.0,0.0,0.0,0.0,12
2023-05-10 14:34:51,ru2401C11250,ru2401C11250,1931.0,0.0,0.0,0.0,4,2156.0,2183.0,2,1931.0,0.0,0.0,0.0,0.0,0.0,12
2023-05-10 14:35:00,ru2401C11250,ru2401C11250,1931.0,0.0,0.0,0.0,4,2156.0,2183.0,4,1931.0,0.0,0.0,0.0,0.0,0.0,12
2023-05-10 14:35:00,ru2401C11250,ru2401C11250,1931.0,0.0,0.0,0.0,4,2156.0,2183.0,2,1931.0,0.0,0.0,0.0,0.0,0.0,12
2023-05-10 14:35:01,ru2401C11250,ru2401C11250,1931.0,0.0,0.0,0.0,2,2161.0,2188.0,4,1931.0,0.0,0.0,0.0,0.0,0.0,12
2023-05-10 14:35:01,ru2401C11250,ru2401C11250,1931.0,0.0,0.0,0.0,4,2161.0,2188.0,4,1931.0,0.0,0.0,0.0,0.0,0.0,12
2023-05-10 14:35:08,ru2401C11250,ru2401C11250,1931.0,0.0,0.0,0.0,2,2161.0,2188.0,4,1931.0,0.0,0.0,0.0,0.0,0.0,12
2023-05-10 14:35:12,ru2401C11250,ru2401C11250,1931.0,0.0,0.0,0.0,2,2161.0,2188.0,4,1931.0,0.0,0.0,0.0,0.0,0.0,12
2023-05-10 14:35:13,ru2401C11250,ru2401C11250,1931.0,0.0,0.0,0.0,2,2161.0,2188.0,4,1931.0,0.0,0.0,0.0,0.0,0.0,12
2023-05-10 14:35:14,ru2401C11250,ru2401C11250,1931.0,0.0,0.0,0.0,2,2161.0,2188.0,4,1931.0,0.0,0.0,0.0,0.0,0.0,12
2023-05-10 14:35:23,ru2401C11250,ru2401C11250,1931.0,0.0,0.0,0.0,2,2165.0,2188.0,2,1931.0,0.0,0.0,0.0,0.0,0.0,12
2023-05-10 14:35:23,ru2401C11250,ru2401C11250,1931.0,0.0,0.0,0.0,2,2165.0,2193.0,4,1931.0,0.0,0.0,0.0,0.0,0.0,12
2023-05-10 14:35:36,ru2401C11250,ru2401C11250,1931.0,0.0,0.0,0.0,2,2170.0,2197.0,4,1931.0,0.0,0.0,0.0,0.0,0.0,12
2023-05-10 14:35:36,ru2401C11250,ru2401C11250,1931.0,0.0,0.0,0.0,4,2170.0,2197.0,4,1931.0,0.0,0.0,0.0,0.0,0.0,12
2023-05-10 14:35:37,ru2401C11250,ru2401C11250,1931.0,0.0,0.0,0.0,4,2170.0,2197.0,2,1931.0,0.0,0.0,0.0,0.0,0.0,12
2023-05-10 14:35:37,ru2401C11250,ru2401C11250,1931.0,0.0,0.0,0.0,4,2170.0,2197.0,4,1931.0,0.0,0.0,0.0,0.0,0.0,12
2023-05-10 14:35:47,ru2401C11250,ru2401C11250,1931.0,0.0,0.0,0.0,2,2170.0,2193.0,2,1931.0,0.0,0.0,0.0,0.0,0.0,12
2023-05-10 14:35:47,ru2401C11250,ru2401C11250,1931.0,0.0,0.0,0.0,4,2166.0,2193.0,4,1931.0,0.0,0.0,0.0,0.0,0.0,12
2023-05-10 14:35:48,ru2401C11250,ru2401C11250,1931.0,0.0,0.0,0.0,4,2166.0,2193.0,2,1931.0,0.0,0.0,0.0,0.0,0.0,12
2023-05-10 14:35:48,ru2401C11250,ru2401C11250,1931.0,0.0,0.0,0.0,4,2166.0,2193.0,4,1931.0,0.0,0.0,0.0,0.0,0.0,12
2023-05-10 14:36:28,ru2401C11250,ru2401C11250,1931.0,0.0,0.0,0.0,2,2166.0,2193.0,4,1931.0,0.0,0.0,0.0,0.0,0.0,12
2023-05-10 14:36:30,ru2401C11250,ru2401C11250,1931.0,0.0,0.0,0.0,2,2166.0,2193.0,4,1931.0,0.0,0.0,0.0,0.0,0.0,12
2023-05-10 14:36:53,ru2401C11250,ru2401C11250,1931.0,0.0,0.0,0.0,2,2166.0,2193.0,4,1931.0,0.0,0.0,0.0,0.0,0.0,12
2023-05-10 14:38:04,ru2401C11250,ru2401C11250,1931.0,0.0,0.0,0.0,2,2166.0,2193.0,4,1931.0,0.0,0.0,0.0,0.0,0.0,12
2023-05-10 14:38:04,ru2401C11250,ru2401C11250,1931.0,0.0,0.0,0.0,2,2166.0,2193.0,4,1931.0,0.0,0.0,0.0,0.0,0.0,12
2023-05-10 14:38:09,ru2401C11250,ru2401C11250,1931.0,0.0,0.0,0.0,2,2166.0,2193.0,4,1931.0,0.0,0.0,0.0,0.0,0.0,12
2023-05-10 14:38:20,ru2401C11250,ru2401C11250,1931.0,0.0,0.0,0.0,2,2164.0,2189.0,2,1931.0,0.0,0.0,0.0,0.0,0.0,12
2023-05-10 14:38:20,ru2401C11250,ru2401C11250,1931.0,0.0,0.0,0.0,2,2162.0,2189.0,4,1931.0,0.0,0.0,0.0,0.0,0.0,12
2023-05-10 14:38:30,ru2401C11250,ru2401C11250,1931.0,0.0,0.0,0.0,2,2162.0,2189.0,4,1931.0,0.0,0.0,0.0,0.0,0.0,12
2023-05-10 14:39:15,ru2401C11250,ru2401C11250,1931.0,0.0,0.0,0.0,2,2162.0,2189.0,4,1931.0,0.0,0.0,0.0,0.0,0.0,12
2023-05-10 14:39:16,ru2401C11250,ru2401C11250,1931.0,0.0,0.0,0.0,2,2162.0,2189.0,4,1931.0,0.0,0.0,0.0,0.0,0.0,12
2023-05-10 14:39:16,ru2401C11250,ru2401C11250,1931.0,0.0,0.0,0.0,2,2162.0,2189.0,4,1931.0,0.0,0.0,0.0,0.0,0.0,12
2023-05-10 14:39:17,ru2401C11250,ru2401C11250,1931.0,0.0,0.0,0.0,2,2162.0,2189.0,4,1931.0,0.0,0.0,0.0,0.0,0.0,12
2023-05-10 14:39:20,ru2401C11250,ru2401C11250,1931.0,0.0,0.0,0.0,2,2162.0,2189.0,4,1931.0,0.0,0.0,0.0,0.0,0.0,12
2023-05-10 14:40:27,ru2401C11250,ru2401C11250,1931.0,0.0,0.0,0.0,2,2157.0,2184.0,2,1931.0,0.0,0.0,0.0,0.0,0.0,12
2023-05-10 14:40:27,ru2401C11250,ru2401C11250,1931.0,0.0,0.0,0.0,2,2157.0,2184.0,4,1931.0,0.0,0.0,0.0,0.0,0.0,12
2023-05-10 14:40:42,ru2401C11250,ru2401C11250,1931.0,0.0,0.0,0.0,2,2157.0,2184.0,4,1931.0,0.0,0.0,0.0,0.0,0.0,12
2023-05-10 14:40:52,ru2401C11250,ru2401C11250,1931.0,0.0,0.0,0.0,2,2157.0,2184.0,4,1931.0,0.0,0.0,0.0,0.0,0.0,12
2023-05-10 14:40:53,ru2401C11250,ru2401C11250,1931.0,0.0,0.0,0.0,2,2157.0,2184.0,4,1931.0,0.0,0.0,0.0,0.0,0.0,12
2023-05-10 14:40:57,ru2401C11250,ru2401C11250,1931.0,0.0,0.0,0.0,2,2157.0,2184.0,4,1931.0,0.0,0.0,0.0,0.0,0.0,12
2023-05-10 14:41:01,ru2401C11250,ru2401C11250,1931.0,0.0,0.0,0.0,2,2157.0,2184.0,4,1931.0,0.0,0.0,0.0,0.0,0.0,12
2023-05-10 14:41:02,ru2401C11250,ru2401C11250,1931.0,0.0,0.0,0.0,2,2162.0,2184.0,2,1931.0,0.0,0.0,0.0,0.0,0.0,12
2023-05-10 14:41:03,ru2401C11250,ru2401C11250,1931.0,0.0,0.0,0.0,2,2162.0,2189.0,4,1931.0,0.0,0.0,0.0,0.0,0.0,12
2023-05-10 14:41:04,ru2401C11250,ru2401C11250,1931.0,0.0,0.0,0.0,2,2162.0,2189.0,4,1931.0,0.0,0.0,0.0,0.0,0.0,12
2023-05-10 14:41:04,ru2401C11250,ru2401C11250,1931.0,0.0,0.0,0.0,2,2162.0,2189.0,4,1931.0,0.0,0.0,0.0,0.0,0.0,12
2023-05-10 14:41:06,ru2401C11250,ru2401C11250,1931.0,0.0,0.0,0.0,2,2162.0,2189.0,4,1931.0,0.0,0.0,0.0,0.0,0.0,12
2023-05-10 14:41:07,ru2401C11250,ru2401C11250,1931.0,0.0,0.0,0.0,2,2162.0,2189.0,4,1931.0,0.0,0.0,0.0,0.0,0.0,12
2023-05-10 14:41:07,ru2401C11250,ru2401C11250,1931.0,0.0,0.0,0.0,2,2162.0,2189.0,4,1931.0,0.0,0.0,0.0,0.0,0.0,12
2023-05-10 14:41:09,ru2401C11250,ru2401C11250,1931.0,0.0,0.0,0.0,2,2162.0,2189.0,4,1931.0,0.0,0.0,0.0,0.0,0.0,12
2023-05-10 14:41:10,ru2401C11250,ru2401C11250,1931.0,0.0,0.0,0.0,2,2162.0,2189.0,4,1931.0,0.0,0.0,0.0,0.0,0.0,12
2023-05-10 14:41:10,ru2401C11250,ru2401C11250,1931.0,0.0,0.0,0.0,2,2162.0,2189.0,4,1931.0,0.0,0.0,0.0,0.0,0.0,12
2023-05-10 14:41:11,ru2401C11250,ru2401C11250,1931.0,0.0,0.0,0.0,2,2162.0,2189.0,4,1931.0,0.0,0.0,0.0,0.0,0.0,12
2023-05-10 14:41:15,ru2401C11250,ru2401C11250,1931.0,0.0,0.0,0.0,2,2162.0,2189.0,4,1931.0,0.0,0.0,0.0,0.0,0.0,12
2023-05-10 14:41:38,ru2401C11250,ru2401C11250,1931.0,0.0,0.0,0.0,2,2162.0,2189.0,4,1931.0,0.0,0.0,0.0,0.0,0.0,12
2023-05-10 14:41:43,ru2401C11250,ru2401C11250,1931.0,0.0,0.0,0.0,2,2162.0,2189.0,4,1931.0,0.0,0.0,0.0,0.0,0.0,12
2023-05-10 14:42:44,ru2401C11250,ru2401C11250,1931.0,0.0,0.0,0.0,2,2167.0,2189.0,2,1931.0,0.0,0.0,0.0,0.0,0.0,12
2023-05-10 14:42:44,ru2401C11250,ru2401C11250,1931.0,0.0,0.0,0.0,4,2167.0,2194.0,4,1931.0,0.0,0.0,0.0,0.0,0.0,12
2023-05-10 14:43:10,ru2401C11250,ru2401C11250,1931.0,0.0,0.0,0.0,2,2167.0,2194.0,4,1931.0,0.0,0.0,0.0,0.0,0.0,12
2023-05-10 14:43:11,ru2401C11250,ru2401C11250,1931.0,0.0,0.0,0.0,2,2167.0,2194.0,4,1931.0,0.0,0.0,0.0,0.0,0.0,12
2023-05-10 14:43:21,ru2401C11250,ru2401C11250,1931.0,0.0,0.0,0.0,2,2167.0,2194.0,4,1931.0,0.0,0.0,0.0,0.0,0.0,12
2023-05-10 14:43:21,ru2401C11250,ru2401C11250,1931.0,0.0,0.0,0.0,2,2161.0,2188.0,2,1931.0,0.0,0.0,0.0,0.0,0.0,12
2023-05-10 14:43:22,ru2401C11250,ru2401C11250,1931.0,0.0,0.0,0.0,2,2161.0,2188.0,4,1931.0,0.0,0.0,0.0,0.0,0.0,12
2023-05-10 14:43:36,ru2401C11250,ru2401C11250,1931.0,0.0,0.0,0.0,2,2167.0,2188.0,2,1931.0,0.0,0.0,0.0,0.0,0.0,12
2023-05-10 14:43:37,ru2401C11250,ru2401C11250,1931.0,0.0,0.0,0.0,2,2167.0,2194.0,4,1931.0,0.0,0.0,0.0,0.0,0.0,12
2023-05-10 14:43:43,ru2401C11250,ru2401C11250,1931.0,0.0,0.0,0.0,2,2174.0,2194.0,2,1931.0,0.0,0.0,0.0,0.0,0.0,12
2023-05-10 14:43:44,ru2401C11250,ru2401C11250,1931.0,0.0,0.0,0.0,2,2174.0,2201.0,4,1931.0,0.0,0.0,0.0,0.0,0.0,12
2023-05-10 14:44:11,ru2401C11250,ru2401C11250,1931.0,0.0,0.0,0.0,2,2179.0,2206.0,2,1931.0,0.0,0.0,0.0,0.0,0.0,12
2023-05-10 14:44:12,ru2401C11250,ru2401C11250,1931.0,0.0,0.0,0.0,4,2179.0,2206.0,2,1931.0,0.0,0.0,0.0,0.0,0.0,12
2023-05-10 14:44:16,ru2401C11250,ru2401C11250,1931.0,0.0,0.0,0.0,4,2179.0,2206.0,2,1931.0,0.0,0.0,0.0,0.0,0.0,12
2023-05-10 14:44:33,ru2401C11250,ru2401C11250,1931.0,0.0,0.0,0.0,4,2179.0,2206.0,2,1931.0,0.0,0.0,0.0,0.0,0.0,12
2023-05-10 14:44:34,ru2401C11250,ru2401C11250,1931.0,0.0,0.0,0.0,2,2183.0,2211.0,2,1931.0,0.0,0.0,0.0,0.0,0.0,12
2023-05-10 14:44:54,ru2401C11250,ru2401C11250,1931.0,0.0,0.0,0.0,4,2179.0,2206.0,2,1931.0,0.0,0.0,0.0,0.0,0.0,12
2023-05-10 14:44:54,ru2401C11250,ru2401C11250,1931.0,0.0,0.0,0.0,4,2179.0,2206.0,2,1931.0,0.0,0.0,0.0,0.0,0.0,12
2023-05-10 14:45:08,ru2401C11250,ru2401C11250,1931.0,0.0,0.0,0.0,2,2185.0,2208.0,2,1931.0,0.0,0.0,0.0,0.0,0.0,12
2023-05-10 14:45:08,ru2401C11250,ru2401C11250,1931.0,0.0,0.0,0.0,2,2185.0,2212.0,4,1931.0,0.0,0.0,0.0,0.0,0.0,12
2023-05-10 14:45:37,ru2401C11250,ru2401C11250,1931.0,0.0,0.0,0.0,2,2185.0,2212.0,4,1931.0,0.0,0.0,0.0,0.0,0.0,12
2023-05-10 14:45:38,ru2401C11250,ru2401C11250,1931.0,0.0,0.0,0.0,2,2185.0,2212.0,4,1931.0,0.0,0.0,0.0,0.0,0.0,12
2023-05-10 14:45:53,ru2401C11250,ru2401C11250,1931.0,0.0,0.0,0.0,2,2190.0,2212.0,2,1931.0,0.0,0.0,0.0,0.0,0.0,12
2023-05-10 14:45:54,ru2401C11250,ru2401C11250,1931.0,0.0,0.0,0.0,2,2190.0,2217.0,4,1931.0,0.0,0.0,0.0,0.0,0.0,12
2023-05-10 14:45:55,ru2401C11250,ru2401C11250,1931.0,0.0,0.0,0.0,2,2190.0,2217.0,4,1931.0,0.0,0.0,0.0,0.0,0.0,12
2023-05-10 14:45:55,ru2401C11250,ru2401C11250,1931.0,0.0,0.0,0.0,2,2190.0,2217.0,4,1931.0,0.0,0.0,0.0,0.0,0.0,12
2023-05-10 14:46:00,ru2401C11250,ru2401C11250,1931.0,0.0,0.0,0.0,2,2190.0,2217.0,4,1931.0,0.0,0.0,0.0,0.0,0.0,12
2023-05-10 14:46:01,ru2401C11250,ru2401C11250,1931.0,0.0,0.0,0.0,2,2190.0,2217.0,4,1931.0,0.0,0.0,0.0,0.0,0.0,12
2023-05-10 14:46:14,ru2401C11250,ru2401C11250,1931.0,0.0,0.0,0.0,2,2190.0,2217.0,4,1931.0,0.0,0.0,0.0,0.0,0.0,12
2023-05-10 14:46:16,ru2401C11250,ru2401C11250,1931.0,0.0,0.0,0.0,2,2190.0,2217.0,4,1931.0,0.0,0.0,0.0,0.0,0.0,12
2023-05-10 14:46:26,ru2401C11250,ru2401C11250,1931.0,0.0,0.0,0.0,2,2190.0,2217.0,4,1931.0,0.0,0.0,0.0,0.0,0.0,12
2023-05-10 14:46:38,ru2401C11250,ru2401C11250,1931.0,0.0,0.0,0.0,2,2190.0,2217.0,4,1931.0,0.0,0.0,0.0,0.0,0.0,12
2023-05-10 14:47:22,ru2401C11250,ru2401C11250,1931.0,0.0,0.0,0.0,2,2188.0,2213.0,2,1931.0,0.0,0.0,0.0,0.0,0.0,12
2023-05-10 14:47:22,ru2401C11250,ru2401C11250,1931.0,0.0,0.0,0.0,2,2186.0,2213.0,2,1931.0,0.0,0.0,0.0,0.0,0.0,12
2023-05-10 14:48:00,ru2401C11250,ru2401C11250,1931.0,0.0,0.0,0.0,2,2186.0,2213.0,4,1931.0,0.0,0.0,0.0,0.0,0.0,12
2023-05-10 14:48:14,ru2401C11250,ru2401C11250,1931.0,0.0,0.0,0.0,2,2181.0,2208.0,2,1931.0,0.0,0.0,0.0,0.0,0.0,12
2023-05-10 14:48:15,ru2401C11250,ru2401C11250,1931.0,0.0,0.0,0.0,2,2181.0,2208.0,4,1931.0,0.0,0.0,0.0,0.0,0.0,12
2023-05-10 14:48:20,ru2401C11250,ru2401C11250,1931.0,0.0,0.0,0.0,2,2181.0,2208.0,4,1931.0,0.0,0.0,0.0,0.0,0.0,12
2023-05-10 14:48:25,ru2401C11250,ru2401C11250,1931.0,0.0,0.0,0.0,2,2181.0,2208.0,4,1931.0,0.0,0.0,0.0,0.0,0.0,12
2023-05-10 14:48:27,ru2401C11250,ru2401C11250,1931.0,0.0,0.0,0.0,2,2181.0,2208.0,4,1931.0,0.0,0.0,0.0,0.0,0.0,12
2023-05-10 14:48:29,ru2401C11250,ru2401C11250,1931.0,0.0,0.0,0.0,2,2181.0,2208.0,4,1931.0,0.0,0.0,0.0,0.0,0.0,12
2023-05-10 14:48:48,ru2401C11250,ru2401C11250,1931.0,0.0,0.0,0.0,2,2181.0,2208.0,4,1931.0,0.0,0.0,0.0,0.0,0.0,12
2023-05-10 14:49:12,ru2401C11250,ru2401C11250,1931.0,0.0,0.0,0.0,2,2181.0,2208.0,4,1931.0,0.0,0.0,0.0,0.0,0.0,12
2023-05-10 14:49:34,ru2401C11250,ru2401C11250,1931.0,0.0,0.0,0.0,2,2181.0,2208.0,4,1931.0,0.0,0.0,0.0,0.0,0.0,12
2023-05-10 14:49:35,ru2401C11250,ru2401C11250,1931.0,0.0,0.0,0.0,2,2181.0,2208.0,4,1931.0,0.0,0.0,0.0,0.0,0.0,12
2023-05-10 14:50:06,ru2401C11250,ru2401C11250,1931.0,0.0,0.0,0.0,2,2181.0,2208.0,4,1931.0,0.0,0.0,0.0,0.0,0.0,12
2023-05-10 14:50:07,ru2401C11250,ru2401C11250,1931.0,0.0,0.0,0.0,2,2177.0,2204.0,2,1931.0,0.0,0.0,0.0,0.0,0.0,12
2023-05-10 14:50:08,ru2401C11250,ru2401C11250,1931.0,0.0,0.0,0.0,2,2183.0,2208.0,2,1931.0,0.0,0.0,0.0,0.0,0.0,12
2023-05-10 14:50:09,ru2401C11250,ru2401C11250,1931.0,0.0,0.0,0.0,2,2183.0,2210.0,2,1931.0,0.0,0.0,0.0,0.0,0.0,12
2023-05-10 14:50:11,ru2401C11250,ru2401C11250,1931.0,0.0,0.0,0.0,2,2183.0,2210.0,4,1931.0,0.0,0.0,0.0,0.0,0.0,12
2023-05-10 14:50:15,ru2401C11250,ru2401C11250,1931.0,0.0,0.0,0.0,2,2178.0,2205.0,2,1931.0,0.0,0.0,0.0,0.0,0.0,12
2023-05-10 14:50:16,ru2401C11250,ru2401C11250,1931.0,0.0,0.0,0.0,2,2178.0,2205.0,4,1931.0,0.0,0.0,0.0,0.0,0.0,12
2023-05-10 14:50:31,ru2401C11250,ru2401C11250,1931.0,0.0,0.0,0.0,2,2175.0,2201.0,2,1931.0,0.0,0.0,0.0,0.0,0.0,12
2023-05-10 14:51:07,ru2401C11250,ru2401C11250,1931.0,0.0,0.0,0.0,2,2179.0,2205.0,2,1931.0,0.0,0.0,0.0,0.0,0.0,12
2023-05-10 14:51:14,ru2401C11250,ru2401C11250,1931.0,0.0,0.0,0.0,4,2179.0,2206.0,4,1931.0,0.0,0.0,0.0,0.0,0.0,12
2023-05-10 14:51:16,ru2401C11250,ru2401C11250,1931.0,0.0,0.0,0.0,2,2179.0,2206.0,4,1931.0,0.0,0.0,0.0,0.0,0.0,12
2023-05-10 14:52:24,ru2401C11250,ru2401C11250,1931.0,0.0,0.0,0.0,4,2179.0,2206.0,4,1931.0,0.0,0.0,0.0,0.0,0.0,12
2023-05-10 14:53:04,ru2401C11250,ru2401C11250,1931.0,0.0,0.0,0.0,4,2174.0,2201.0,2,1931.0,0.0,0.0,0.0,0.0,0.0,12
2023-05-10 14:53:07,ru2401C11250,ru2401C11250,1931.0,0.0,0.0,0.0,4,2174.0,2201.0,4,1931.0,0.0,0.0,0.0,0.0,0.0,12
2023-05-10 14:54:01,ru2401C11250,ru2401C11250,1931.0,0.0,0.0,0.0,2,2174.0,2201.0,4,1931.0,0.0,0.0,0.0,0.0,0.0,12
2023-05-10 14:54:08,ru2401C11250,ru2401C11250,1931.0,0.0,0.0,0.0,4,2174.0,2201.0,4,1931.0,0.0,0.0,0.0,0.0,0.0,12
2023-05-10 14:54:17,ru2401C11250,ru2401C11250,1931.0,0.0,0.0,0.0,2,2174.0,2201.0,4,1931.0,0.0,0.0,0.0,0.0,0.0,12
2023-05-10 14:54:18,ru2401C11250,ru2401C11250,1931.0,0.0,0.0,0.0,4,2174.0,2201.0,4,1931.0,0.0,0.0,0.0,0.0,0.0,12
2023-05-10 14:54:29,ru2401C11250,ru2401C11250,1931.0,0.0,0.0,0.0,2,2174.0,2201.0,4,1931.0,0.0,0.0,0.0,0.0,0.0,12
2023-05-10 14:54:38,ru2401C11250,ru2401C11250,1931.0,0.0,0.0,0.0,4,2174.0,2201.0,4,1931.0,0.0,0.0,0.0,0.0,0.0,12
2023-05-10 14:54:40,ru2401C11250,ru2401C11250,1931.0,0.0,0.0,0.0,2,2174.0,2201.0,4,1931.0,0.0,0.0,0.0,0.0,0.0,12
2023-05-10 14:54:52,ru2401C11250,ru2401C11250,1931.0,0.0,0.0,0.0,2,2174.0,2201.0,4,1931.0,0.0,0.0,0.0,0.0,0.0,12
2023-05-10 14:54:52,ru2401C11250,ru2401C11250,1931.0,0.0,0.0,0.0,2,2174.0,2201.0,4,1931.0,0.0,0.0,0.0,0.0,0.0,12
2023-05-10 14:55:01,ru2401C11250,ru2401C11250,1931.0,0.0,0.0,0.0,4,2174.0,2201.0,4,1931.0,0.0,0.0,0.0,0.0,0.0,12
2023-05-10 14:55:03,ru2401C11250,ru2401C11250,1931.0,0.0,0.0,0.0,2,2174.0,2201.0,4,1931.0,0.0,0.0,0.0,0.0,0.0,12
2023-05-10 14:55:04,ru2401C11250,ru2401C11250,1931.0,0.0,0.0,0.0,4,2174.0,2201.0,4,1931.0,0.0,0.0,0.0,0.0,0.0,12
2023-05-10 14:55:11,ru2401C11250,ru2401C11250,1931.0,0.0,0.0,0.0,2,2174.0,2201.0,4,1931.0,0.0,0.0,0.0,0.0,0.0,12
2023-05-10 14:55:41,ru2401C11250,ru2401C11250,1931.0,0.0,0.0,0.0,2,2174.0,2201.0,4,1931.0,0.0,0.0,0.0,0.0,0.0,12
2023-05-10 14:55:42,ru2401C11250,ru2401C11250,1931.0,0.0,0.0,0.0,2,2169.0,2196.0,2,1931.0,0.0,0.0,0.0,0.0,0.0,12
2023-05-10 14:55:42,ru2401C11250,ru2401C11250,1931.0,0.0,0.0,0.0,2,2169.0,2196.0,2,1931.0,0.0,0.0,0.0,0.0,0.0,12
2023-05-10 14:56:08,ru2401C11250,ru2401C11250,1931.0,0.0,0.0,0.0,2,2165.0,2192.0,2,1931.0,0.0,0.0,0.0,0.0,0.0,12
2023-05-10 14:56:15,ru2401C11250,ru2401C11250,1931.0,0.0,0.0,0.0,2,2161.0,2188.0,2,1931.0,0.0,0.0,0.0,0.0,0.0,12
2023-05-10 14:56:16,ru2401C11250,ru2401C11250,1931.0,0.0,0.0,0.0,2,2161.0,2188.0,4,1931.0,0.0,0.0,0.0,0.0,0.0,12
2023-05-10 14:56:21,ru2401C11250,ru2401C11250,1931.0,0.0,0.0,0.0,2,2161.0,2188.0,4,1931.0,0.0,0.0,0.0,0.0,0.0,12
2023-05-10 14:56:30,ru2401C11250,ru2401C11250,1931.0,0.0,0.0,0.0,2,2161.0,2188.0,4,1931.0,0.0,0.0,0.0,0.0,0.0,12
2023-05-10 14:56:35,ru2401C11250,ru2401C11250,1931.0,0.0,0.0,0.0,2,2166.0,2188.0,2,1931.0,0.0,0.0,0.0,0.0,0.0,12
2023-05-10 14:56:36,ru2401C11250,ru2401C11250,1931.0,0.0,0.0,0.0,2,2166.0,2193.0,4,1931.0,0.0,0.0,0.0,0.0,0.0,12
2023-05-10 14:56:40,ru2401C11250,ru2401C11250,1931.0,0.0,0.0,0.0,2,2166.0,2193.0,4,1931.0,0.0,0.0,0.0,0.0,0.0,12
2023-05-10 14:56:56,ru2401C11250,ru2401C11250,1931.0,0.0,0.0,0.0,2,2166.0,2193.0,4,1931.0,0.0,0.0,0.0,0.0,0.0,12
2023-05-10 14:57:22,ru2401C11250,ru2401C11250,1931.0,0.0,0.0,0.0,2,2166.0,2193.0,4,1931.0,0.0,0.0,0.0,0.0,0.0,12
2023-05-10 14:57:29,ru2401C11250,ru2401C11250,1931.0,0.0,0.0,0.0,2,2166.0,2193.0,4,1931.0,0.0,0.0,0.0,0.0,0.0,12
2023-05-10 14:57:41,ru2401C11250,ru2401C11250,1931.0,0.0,0.0,0.0,2,2166.0,2193.0,4,1931.0,0.0,0.0,0.0,0.0,0.0,12
2023-05-10 14:57:44,ru2401C11250,ru2401C11250,1931.0,0.0,0.0,0.0,2,2166.0,2193.0,4,1931.0,0.0,0.0,0.0,0.0,0.0,12
2023-05-10 14:58:01,ru2401C11250,ru2401C11250,1931.0,0.0,0.0,0.0,2,2166.0,2193.0,2,1931.0,0.0,0.0,0.0,0.0,0.0,12
2023-05-10 14:58:02,ru2401C11250,ru2401C11250,1931.0,0.0,0.0,0.0,2,2161.0,2194.0,2,1931.0,0.0,0.0,0.0,0.0,0.0,12
2023-05-10 14:58:10,ru2401C11250,ru2401C11250,1931.0,0.0,0.0,0.0,2,2167.0,2200.0,2,1931.0,0.0,0.0,0.0,0.0,0.0,12
2023-05-10 14:58:55,ru2401C11250,ru2401C11250,1931.0,0.0,0.0,0.0,0,0.0,0.0,0,1931.0,0.0,0.0,0.0,0.0,0.0,12
2023-05-10 15:14:42,ru2401C11250,ru2401C11250,1931.0,0.0,0.0,0.0,0,0.0,0.0,0,1931.0,0.0,0.0,0.0,0.0,0.0,12
