time,symbol_id,symbol_name,last,trade_volume,trade_amount,open_interest_change,bv1,bp1,ap1,av1,yesterday_close,today_open,today_high,today_low,volume,amount,open_interest
2023-05-09 20:59:00,ru2401C14750,ru2401C14750,290.0,0.0,0.0,0.0,4,110.0,0.0,0,290.0,316.0,0.0,0.0,0.0,0.0,223
2023-05-09 21:00:01,ru2401C14750,ru2401C14750,290.0,0.0,0.0,0.0,1,115.0,0.0,0,290.0,316.0,0.0,0.0,0.0,0.0,223
2023-05-09 21:00:08,ru2401C14750,ru2401C14750,290.0,0.0,0.0,0.0,1,116.0,0.0,0,290.0,316.0,0.0,0.0,0.0,0.0,223
2023-05-09 21:00:33,ru2401C14750,ru2401C14750,290.0,0.0,0.0,0.0,1,116.0,580.0,1,290.0,316.0,0.0,0.0,0.0,0.0,223
2023-05-09 21:00:33,ru2401C14750,ru2401C14750,290.0,0.0,0.0,0.0,1,116.0,579.0,1,290.0,316.0,0.0,0.0,0.0,0.0,223
2023-05-09 21:00:37,ru2401C14750,ru2401C14750,290.0,0.0,0.0,0.0,1,116.0,390.0,2,290.0,316.0,0.0,0.0,0.0,0.0,223
2023-05-09 21:00:38,ru2401C14750,ru2401C14750,290.0,0.0,0.0,0.0,1,116.0,390.0,2,290.0,316.0,0.0,0.0,0.0,0.0,223
2023-05-09 21:00:39,ru2401C14750,ru2401C14750,290.0,0.0,0.0,0.0,1,116.0,390.0,2,290.0,316.0,0.0,0.0,0.0,0.0,223
2023-05-09 21:00:50,ru2401C14750,ru2401C14750,290.0,0.0,0.0,0.0,10,117.0,390.0,2,290.0,316.0,0.0,0.0,0.0,0.0,223
2023-05-09 21:00:51,ru2401C14750,ru2401C14750,290.0,0.0,0.0,0.0,10,117.0,390.0,2,290.0,316.0,0.0,0.0,0.0,0.0,223
2023-05-09 21:00:51,ru2401C14750,ru2401C14750,290.0,0.0,0.0,0.0,1,118.0,390.0,2,290.0,316.0,0.0,0.0,0.0,0.0,223
2023-05-09 21:00:56,ru2401C14750,ru2401C14750,290.0,0.0,0.0,0.0,11,118.0,390.0,2,290.0,316.0,0.0,0.0,0.0,0.0,223
2023-05-09 21:01:39,ru2401C14750,ru2401C14750,290.0,0.0,0.0,0.0,1,123.0,390.0,2,290.0,316.0,0.0,0.0,0.0,0.0,223
2023-05-09 21:01:39,ru2401C14750,ru2401C14750,290.0,0.0,0.0,0.0,1,123.0,390.0,2,290.0,316.0,0.0,0.0,0.0,0.0,223
2023-05-09 21:01:40,ru2401C14750,ru2401C14750,290.0,0.0,0.0,0.0,1,124.0,390.0,2,290.0,316.0,0.0,0.0,0.0,0.0,223
2023-05-09 21:02:22,ru2401C14750,ru2401C14750,290.0,0.0,0.0,0.0,1,222.0,390.0,2,290.0,316.0,0.0,0.0,0.0,0.0,223
2023-05-09 21:02:22,ru2401C14750,ru2401C14750,290.0,0.0,0.0,0.0,1,222.0,390.0,2,290.0,316.0,0.0,0.0,0.0,0.0,223
2023-05-09 21:03:12,ru2401C14750,ru2401C14750,290.0,0.0,0.0,0.0,1,222.0,390.0,2,290.0,316.0,0.0,0.0,0.0,0.0,223
2023-05-09 21:03:30,ru2401C14750,ru2401C14750,290.0,0.0,0.0,0.0,1,222.0,390.0,2,290.0,316.0,0.0,0.0,0.0,0.0,223
2023-05-09 21:03:43,ru2401C14750,ru2401C14750,290.0,0.0,0.0,0.0,1,222.0,390.0,2,290.0,316.0,0.0,0.0,0.0,0.0,223
2023-05-09 21:03:57,ru2401C14750,ru2401C14750,290.0,0.0,0.0,0.0,1,222.0,389.0,2,290.0,316.0,0.0,0.0,0.0,0.0,223
2023-05-09 21:04:15,ru2401C14750,ru2401C14750,290.0,0.0,0.0,0.0,4,222.0,389.0,2,290.0,316.0,0.0,0.0,0.0,0.0,223
2023-05-09 21:04:29,ru2401C14750,ru2401C14750,290.0,0.0,0.0,0.0,4,222.0,390.0,3,290.0,316.0,0.0,0.0,0.0,0.0,223
2023-05-09 21:04:41,ru2401C14750,ru2401C14750,290.0,0.0,0.0,0.0,4,222.0,389.0,2,290.0,316.0,0.0,0.0,0.0,0.0,223
2023-05-09 21:05:47,ru2401C14750,ru2401C14750,290.0,0.0,0.0,0.0,1,223.0,389.0,2,290.0,316.0,0.0,0.0,0.0,0.0,223
2023-05-09 21:06:09,ru2401C14750,ru2401C14750,290.0,0.0,0.0,0.0,1,224.0,388.0,1,290.0,316.0,0.0,0.0,0.0,0.0,223
2023-05-09 21:06:10,ru2401C14750,ru2401C14750,290.0,0.0,0.0,0.0,1,224.0,387.0,2,290.0,316.0,0.0,0.0,0.0,0.0,223
2023-05-09 21:06:10,ru2401C14750,ru2401C14750,290.0,0.0,0.0,0.0,1,224.0,387.0,2,290.0,316.0,0.0,0.0,0.0,0.0,223
2023-05-09 21:06:11,ru2401C14750,ru2401C14750,290.0,0.0,0.0,0.0,1,224.0,386.0,1,290.0,316.0,0.0,0.0,0.0,0.0,223
2023-05-09 21:06:11,ru2401C14750,ru2401C14750,290.0,0.0,0.0,0.0,1,224.0,385.0,2,290.0,316.0,0.0,0.0,0.0,0.0,223
2023-05-09 21:06:12,ru2401C14750,ru2401C14750,290.0,0.0,0.0,0.0,1,224.0,385.0,2,290.0,316.0,0.0,0.0,0.0,0.0,223
2023-05-09 21:06:12,ru2401C14750,ru2401C14750,290.0,0.0,0.0,0.0,1,224.0,384.0,1,290.0,316.0,0.0,0.0,0.0,0.0,223
2023-05-09 21:06:13,ru2401C14750,ru2401C14750,290.0,0.0,0.0,0.0,1,224.0,383.0,2,290.0,316.0,0.0,0.0,0.0,0.0,223
2023-05-09 21:06:13,ru2401C14750,ru2401C14750,290.0,0.0,0.0,0.0,1,224.0,383.0,2,290.0,316.0,0.0,0.0,0.0,0.0,223
2023-05-09 21:06:14,ru2401C14750,ru2401C14750,290.0,0.0,0.0,0.0,1,224.0,382.0,1,290.0,316.0,0.0,0.0,0.0,0.0,223
2023-05-09 21:06:14,ru2401C14750,ru2401C14750,290.0,0.0,0.0,0.0,1,224.0,381.0,2,290.0,316.0,0.0,0.0,0.0,0.0,223
2023-05-09 21:06:15,ru2401C14750,ru2401C14750,290.0,0.0,0.0,0.0,1,224.0,381.0,2,290.0,316.0,0.0,0.0,0.0,0.0,223
2023-05-09 21:06:15,ru2401C14750,ru2401C14750,290.0,0.0,0.0,0.0,1,224.0,380.0,1,290.0,316.0,0.0,0.0,0.0,0.0,223
2023-05-09 21:06:16,ru2401C14750,ru2401C14750,290.0,0.0,0.0,0.0,1,224.0,379.0,2,290.0,316.0,0.0,0.0,0.0,0.0,223
2023-05-09 21:06:16,ru2401C14750,ru2401C14750,290.0,0.0,0.0,0.0,1,224.0,379.0,2,290.0,316.0,0.0,0.0,0.0,0.0,223
2023-05-09 21:06:17,ru2401C14750,ru2401C14750,290.0,0.0,0.0,0.0,1,224.0,378.0,1,290.0,316.0,0.0,0.0,0.0,0.0,223
2023-05-09 21:06:17,ru2401C14750,ru2401C14750,290.0,0.0,0.0,0.0,1,224.0,377.0,2,290.0,316.0,0.0,0.0,0.0,0.0,223
2023-05-09 21:06:18,ru2401C14750,ru2401C14750,290.0,0.0,0.0,0.0,1,224.0,377.0,2,290.0,316.0,0.0,0.0,0.0,0.0,223
2023-05-09 21:06:18,ru2401C14750,ru2401C14750,290.0,0.0,0.0,0.0,1,224.0,376.0,1,290.0,316.0,0.0,0.0,0.0,0.0,223
2023-05-09 21:06:19,ru2401C14750,ru2401C14750,290.0,0.0,0.0,0.0,1,224.0,375.0,2,290.0,316.0,0.0,0.0,0.0,0.0,223
2023-05-09 21:06:19,ru2401C14750,ru2401C14750,290.0,0.0,0.0,0.0,1,224.0,375.0,2,290.0,316.0,0.0,0.0,0.0,0.0,223
2023-05-09 21:06:20,ru2401C14750,ru2401C14750,290.0,0.0,0.0,0.0,1,224.0,374.0,1,290.0,316.0,0.0,0.0,0.0,0.0,223
2023-05-09 21:06:20,ru2401C14750,ru2401C14750,290.0,0.0,0.0,0.0,1,224.0,330.0,6,290.0,316.0,0.0,0.0,0.0,0.0,223
2023-05-09 21:06:21,ru2401C14750,ru2401C14750,290.0,0.0,0.0,0.0,1,224.0,330.0,6,290.0,316.0,0.0,0.0,0.0,0.0,223
2023-05-09 21:07:17,ru2401C14750,ru2401C14750,290.0,0.0,0.0,0.0,1,258.0,330.0,6,290.0,316.0,0.0,0.0,0.0,0.0,223
2023-05-09 21:07:17,ru2401C14750,ru2401C14750,290.0,0.0,0.0,0.0,1,258.0,330.0,7,290.0,316.0,0.0,0.0,0.0,0.0,223
2023-05-09 21:07:20,ru2401C14750,ru2401C14750,290.0,0.0,0.0,0.0,1,258.0,330.0,7,290.0,316.0,0.0,0.0,0.0,0.0,223
2023-05-09 21:07:32,ru2401C14750,ru2401C14750,290.0,0.0,0.0,0.0,1,271.0,299.0,1,290.0,316.0,0.0,0.0,0.0,0.0,223
2023-05-09 21:07:33,ru2401C14750,ru2401C14750,290.0,0.0,0.0,0.0,1,271.0,299.0,1,290.0,316.0,0.0,0.0,0.0,0.0,223
2023-05-09 21:07:36,ru2401C14750,ru2401C14750,290.0,0.0,0.0,0.0,2,271.0,299.0,2,290.0,316.0,0.0,0.0,0.0,0.0,223
2023-05-09 21:07:37,ru2401C14750,ru2401C14750,290.0,0.0,0.0,0.0,3,271.0,299.0,3,290.0,316.0,0.0,0.0,0.0,0.0,223
2023-05-09 21:07:38,ru2401C14750,ru2401C14750,290.0,0.0,0.0,0.0,1,285.0,296.0,1,290.0,316.0,0.0,0.0,0.0,0.0,223
2023-05-09 21:07:38,ru2401C14750,ru2401C14750,290.0,0.0,0.0,0.0,1,285.0,296.0,1,290.0,316.0,0.0,0.0,0.0,0.0,223
2023-05-09 21:07:39,ru2401C14750,ru2401C14750,290.0,0.0,0.0,0.0,1,285.0,296.0,1,290.0,316.0,0.0,0.0,0.0,0.0,223
2023-05-09 21:07:43,ru2401C14750,ru2401C14750,290.0,0.0,0.0,0.0,1,285.0,296.0,1,290.0,316.0,0.0,0.0,0.0,0.0,223
2023-05-09 21:07:48,ru2401C14750,ru2401C14750,290.0,0.0,0.0,0.0,1,285.0,296.0,1,290.0,316.0,0.0,0.0,0.0,0.0,223
2023-05-09 21:07:49,ru2401C14750,ru2401C14750,290.0,0.0,0.0,0.0,3,283.0,298.0,3,290.0,316.0,0.0,0.0,0.0,0.0,223
2023-05-09 21:07:49,ru2401C14750,ru2401C14750,290.0,0.0,0.0,0.0,3,278.0,299.0,3,290.0,316.0,0.0,0.0,0.0,0.0,223
2023-05-09 21:07:50,ru2401C14750,ru2401C14750,290.0,0.0,0.0,0.0,1,278.0,299.0,1,290.0,316.0,0.0,0.0,0.0,0.0,223
2023-05-09 21:07:50,ru2401C14750,ru2401C14750,290.0,0.0,0.0,0.0,3,271.0,299.0,1,290.0,316.0,0.0,0.0,0.0,0.0,223
2023-05-09 21:07:51,ru2401C14750,ru2401C14750,290.0,0.0,0.0,0.0,1,223.0,330.0,6,290.0,316.0,0.0,0.0,0.0,0.0,223
2023-05-09 21:07:51,ru2401C14750,ru2401C14750,290.0,0.0,0.0,0.0,1,224.0,330.0,7,290.0,316.0,0.0,0.0,0.0,0.0,223
2023-05-09 21:08:06,ru2401C14750,ru2401C14750,290.0,0.0,0.0,0.0,1,272.0,330.0,7,290.0,316.0,0.0,0.0,0.0,0.0,223
2023-05-09 21:08:07,ru2401C14750,ru2401C14750,290.0,0.0,0.0,0.0,1,272.0,330.0,7,290.0,316.0,0.0,0.0,0.0,0.0,223
2023-05-09 21:08:20,ru2401C14750,ru2401C14750,290.0,0.0,0.0,0.0,1,272.0,330.0,7,290.0,316.0,0.0,0.0,0.0,0.0,223
2023-05-09 21:08:28,ru2401C14750,ru2401C14750,290.0,0.0,0.0,0.0,1,272.0,330.0,6,290.0,316.0,0.0,0.0,0.0,0.0,223
2023-05-09 21:09:00,ru2401C14750,ru2401C14750,290.0,0.0,0.0,0.0,1,272.0,325.0,1,290.0,316.0,0.0,0.0,0.0,0.0,223
2023-05-09 21:09:32,ru2401C14750,ru2401C14750,290.0,0.0,0.0,0.0,1,280.0,325.0,1,290.0,316.0,0.0,0.0,0.0,0.0,223
2023-05-09 21:09:36,ru2401C14750,ru2401C14750,290.0,0.0,0.0,0.0,1,280.0,325.0,1,290.0,316.0,0.0,0.0,0.0,0.0,223
2023-05-09 21:10:06,ru2401C14750,ru2401C14750,290.0,0.0,0.0,0.0,1,280.0,310.0,1,290.0,316.0,0.0,0.0,0.0,0.0,223
2023-05-09 21:10:56,ru2401C14750,ru2401C14750,290.0,0.0,0.0,0.0,1,280.0,330.0,6,290.0,316.0,0.0,0.0,0.0,0.0,223
2023-05-09 21:11:38,ru2401C14750,ru2401C14750,290.0,0.0,0.0,0.0,1,280.0,330.0,7,290.0,316.0,0.0,0.0,0.0,0.0,223
2023-05-09 21:11:53,ru2401C14750,ru2401C14750,290.0,0.0,0.0,0.0,1,272.0,330.0,7,290.0,316.0,0.0,0.0,0.0,0.0,223
2023-05-09 21:11:56,ru2401C14750,ru2401C14750,290.0,0.0,0.0,0.0,1,272.0,330.0,7,290.0,316.0,0.0,0.0,0.0,0.0,223
2023-05-09 21:12:06,ru2401C14750,ru2401C14750,290.0,0.0,0.0,0.0,1,291.0,302.0,1,290.0,316.0,0.0,0.0,0.0,0.0,223
2023-05-09 21:12:07,ru2401C14750,ru2401C14750,290.0,0.0,0.0,0.0,1,291.0,302.0,1,290.0,316.0,0.0,0.0,0.0,0.0,223
2023-05-09 21:12:07,ru2401C14750,ru2401C14750,290.0,0.0,0.0,0.0,1,291.0,302.0,1,290.0,316.0,0.0,0.0,0.0,0.0,223
2023-05-09 21:12:08,ru2401C14750,ru2401C14750,290.0,0.0,0.0,0.0,1,291.0,302.0,1,290.0,316.0,0.0,0.0,0.0,0.0,223
2023-05-09 21:12:10,ru2401C14750,ru2401C14750,290.0,0.0,0.0,0.0,1,291.0,302.0,2,290.0,316.0,0.0,0.0,0.0,0.0,223
2023-05-09 21:12:10,ru2401C14750,ru2401C14750,290.0,0.0,0.0,0.0,1,291.0,302.0,2,290.0,316.0,0.0,0.0,0.0,0.0,223
2023-05-09 21:12:17,ru2401C14750,ru2401C14750,290.0,0.0,0.0,0.0,2,289.0,302.0,1,290.0,316.0,0.0,0.0,0.0,0.0,223
2023-05-09 21:12:18,ru2401C14750,ru2401C14750,290.0,0.0,0.0,0.0,1,286.0,302.0,1,290.0,316.0,0.0,0.0,0.0,0.0,223
2023-05-09 21:12:19,ru2401C14750,ru2401C14750,290.0,0.0,0.0,0.0,2,285.0,303.0,1,290.0,316.0,0.0,0.0,0.0,0.0,223
2023-05-09 21:12:19,ru2401C14750,ru2401C14750,290.0,0.0,0.0,0.0,1,283.0,310.0,3,290.0,316.0,0.0,0.0,0.0,0.0,223
2023-05-09 21:12:20,ru2401C14750,ru2401C14750,290.0,0.0,0.0,0.0,1,283.0,310.0,1,290.0,316.0,0.0,0.0,0.0,0.0,223
2023-05-09 21:12:21,ru2401C14750,ru2401C14750,290.0,0.0,0.0,0.0,1,280.0,330.0,7,290.0,316.0,0.0,0.0,0.0,0.0,223
2023-05-09 21:13:21,ru2401C14750,ru2401C14750,290.0,0.0,0.0,0.0,1,272.0,330.0,7,290.0,316.0,0.0,0.0,0.0,0.0,223
2023-05-09 21:14:37,ru2401C14750,ru2401C14750,290.0,0.0,0.0,0.0,2,272.0,330.0,7,290.0,316.0,0.0,0.0,0.0,0.0,223
2023-05-09 21:18:07,ru2401C14750,ru2401C14750,290.0,0.0,0.0,0.0,2,272.0,329.0,1,290.0,316.0,0.0,0.0,0.0,0.0,223
2023-05-09 21:19:05,ru2401C14750,ru2401C14750,290.0,0.0,0.0,0.0,1,280.0,329.0,1,290.0,316.0,0.0,0.0,0.0,0.0,223
2023-05-09 21:21:24,ru2401C14750,ru2401C14750,290.0,0.0,0.0,0.0,2,280.0,329.0,1,290.0,316.0,0.0,0.0,0.0,0.0,223
2023-05-09 21:22:04,ru2401C14750,ru2401C14750,290.0,0.0,0.0,0.0,1,281.0,329.0,1,290.0,316.0,0.0,0.0,0.0,0.0,223
2023-05-09 21:24:02,ru2401C14750,ru2401C14750,290.0,0.0,0.0,0.0,2,280.0,329.0,1,290.0,316.0,0.0,0.0,0.0,0.0,223
2023-05-09 21:24:06,ru2401C14750,ru2401C14750,290.0,0.0,0.0,0.0,1,280.0,329.0,1,290.0,316.0,0.0,0.0,0.0,0.0,223
2023-05-09 21:24:26,ru2401C14750,ru2401C14750,290.0,0.0,0.0,0.0,2,280.0,329.0,1,290.0,316.0,0.0,0.0,0.0,0.0,223
2023-05-09 21:26:29,ru2401C14750,ru2401C14750,290.0,0.0,0.0,0.0,1,300.0,329.0,1,290.0,316.0,0.0,0.0,0.0,0.0,223
2023-05-09 21:27:04,ru2401C14750,ru2401C14750,290.0,0.0,0.0,0.0,1,300.0,329.0,1,290.0,316.0,0.0,0.0,0.0,0.0,223
2023-05-09 21:27:32,ru2401C14750,ru2401C14750,290.0,0.0,0.0,0.0,2,280.0,329.0,1,290.0,316.0,0.0,0.0,0.0,0.0,223
2023-05-09 21:29:29,ru2401C14750,ru2401C14750,290.0,0.0,0.0,0.0,2,280.0,329.0,1,290.0,316.0,0.0,0.0,0.0,0.0,223
2023-05-09 21:30:11,ru2401C14750,ru2401C14750,290.0,0.0,0.0,0.0,2,280.0,329.0,1,290.0,316.0,0.0,0.0,0.0,0.0,223
2023-05-09 21:33:21,ru2401C14750,ru2401C14750,290.0,0.0,0.0,0.0,2,280.0,316.0,1,290.0,316.0,0.0,0.0,0.0,0.0,223
2023-05-09 21:34:36,ru2401C14750,ru2401C14750,316.0,1.0,3160.0,0.0,2,280.0,329.0,1,290.0,316.0,316.0,316.0,1.0,3160.0,223
2023-05-09 21:34:45,ru2401C14750,ru2401C14750,316.0,0.0,0.0,0.0,2,280.0,329.0,1,290.0,316.0,316.0,316.0,1.0,3160.0,223
2023-05-09 21:34:58,ru2401C14750,ru2401C14750,316.0,0.0,0.0,0.0,2,280.0,328.0,2,290.0,316.0,316.0,316.0,1.0,3160.0,223
2023-05-09 21:35:09,ru2401C14750,ru2401C14750,316.0,0.0,0.0,0.0,2,280.0,328.0,2,290.0,316.0,316.0,316.0,1.0,3160.0,223
2023-05-09 21:35:41,ru2401C14750,ru2401C14750,316.0,0.0,0.0,0.0,1,281.0,328.0,2,290.0,316.0,316.0,316.0,1.0,3160.0,223
2023-05-09 21:39:16,ru2401C14750,ru2401C14750,316.0,0.0,0.0,0.0,1,281.0,328.0,2,290.0,316.0,316.0,316.0,1.0,3160.0,223
2023-05-09 21:39:16,ru2401C14750,ru2401C14750,316.0,0.0,0.0,0.0,2,281.0,328.0,2,290.0,316.0,316.0,316.0,1.0,3160.0,223
2023-05-09 21:39:35,ru2401C14750,ru2401C14750,316.0,0.0,0.0,0.0,2,281.0,328.0,2,290.0,316.0,316.0,316.0,1.0,3160.0,223
2023-05-09 21:41:01,ru2401C14750,ru2401C14750,316.0,0.0,0.0,0.0,2,281.0,328.0,3,290.0,316.0,316.0,316.0,1.0,3160.0,223
2023-05-09 21:41:02,ru2401C14750,ru2401C14750,316.0,0.0,0.0,0.0,2,281.0,327.0,2,290.0,316.0,316.0,316.0,1.0,3160.0,223
2023-05-09 21:41:02,ru2401C14750,ru2401C14750,316.0,0.0,0.0,0.0,2,281.0,327.0,2,290.0,316.0,316.0,316.0,1.0,3160.0,223
2023-05-09 21:42:08,ru2401C14750,ru2401C14750,316.0,0.0,0.0,0.0,1,281.0,327.0,2,290.0,316.0,316.0,316.0,1.0,3160.0,223
2023-05-09 21:44:16,ru2401C14750,ru2401C14750,316.0,0.0,0.0,0.0,2,281.0,327.0,2,290.0,316.0,316.0,316.0,1.0,3160.0,223
2023-05-09 21:52:25,ru2401C14750,ru2401C14750,316.0,0.0,0.0,0.0,2,281.0,330.0,7,290.0,316.0,316.0,316.0,1.0,3160.0,223
2023-05-09 21:55:54,ru2401C14750,ru2401C14750,316.0,0.0,0.0,0.0,3,281.0,330.0,7,290.0,316.0,316.0,316.0,1.0,3160.0,223
2023-05-09 21:55:55,ru2401C14750,ru2401C14750,316.0,0.0,0.0,0.0,2,281.0,330.0,7,290.0,316.0,316.0,316.0,1.0,3160.0,223
2023-05-09 21:55:56,ru2401C14750,ru2401C14750,316.0,0.0,0.0,0.0,3,281.0,330.0,7,290.0,316.0,316.0,316.0,1.0,3160.0,223
2023-05-09 21:56:01,ru2401C14750,ru2401C14750,316.0,0.0,0.0,0.0,2,281.0,330.0,7,290.0,316.0,316.0,316.0,1.0,3160.0,223
2023-05-09 21:57:13,ru2401C14750,ru2401C14750,316.0,0.0,0.0,0.0,1,282.0,330.0,7,290.0,316.0,316.0,316.0,1.0,3160.0,223
2023-05-09 21:57:14,ru2401C14750,ru2401C14750,316.0,0.0,0.0,0.0,1,282.0,330.0,7,290.0,316.0,316.0,316.0,1.0,3160.0,223
2023-05-09 21:57:24,ru2401C14750,ru2401C14750,316.0,0.0,0.0,0.0,1,310.0,321.0,1,290.0,316.0,316.0,316.0,1.0,3160.0,223
2023-05-09 21:57:25,ru2401C14750,ru2401C14750,316.0,0.0,0.0,0.0,1,310.0,321.0,1,290.0,316.0,316.0,316.0,1.0,3160.0,223
2023-05-09 21:57:25,ru2401C14750,ru2401C14750,316.0,0.0,0.0,0.0,1,310.0,321.0,1,290.0,316.0,316.0,316.0,1.0,3160.0,223
2023-05-09 21:57:27,ru2401C14750,ru2401C14750,316.0,0.0,0.0,0.0,1,310.0,321.0,1,290.0,316.0,316.0,316.0,1.0,3160.0,223
2023-05-09 21:57:35,ru2401C14750,ru2401C14750,316.0,0.0,0.0,0.0,2,308.0,323.0,2,290.0,316.0,316.0,316.0,1.0,3160.0,223
2023-05-09 21:57:36,ru2401C14750,ru2401C14750,316.0,0.0,0.0,0.0,1,308.0,323.0,1,290.0,316.0,316.0,316.0,1.0,3160.0,223
2023-05-09 21:57:36,ru2401C14750,ru2401C14750,316.0,0.0,0.0,0.0,2,281.0,330.0,7,290.0,316.0,316.0,316.0,1.0,3160.0,223
2023-05-09 21:57:37,ru2401C14750,ru2401C14750,316.0,0.0,0.0,0.0,1,282.0,330.0,7,290.0,316.0,316.0,316.0,1.0,3160.0,223
2023-05-09 22:02:28,ru2401C14750,ru2401C14750,316.0,0.0,0.0,0.0,2,282.0,330.0,7,290.0,316.0,316.0,316.0,1.0,3160.0,223
2023-05-09 22:03:22,ru2401C14750,ru2401C14750,316.0,0.0,0.0,0.0,1,282.0,330.0,7,290.0,316.0,316.0,316.0,1.0,3160.0,223
2023-05-09 22:03:25,ru2401C14750,ru2401C14750,316.0,0.0,0.0,0.0,1,282.0,330.0,7,290.0,316.0,316.0,316.0,1.0,3160.0,223
2023-05-09 22:03:35,ru2401C14750,ru2401C14750,316.0,0.0,0.0,0.0,1,307.0,318.0,1,290.0,316.0,316.0,316.0,1.0,3160.0,223
2023-05-09 22:03:35,ru2401C14750,ru2401C14750,316.0,0.0,0.0,0.0,1,307.0,318.0,1,290.0,316.0,316.0,316.0,1.0,3160.0,223
2023-05-09 22:03:36,ru2401C14750,ru2401C14750,316.0,0.0,0.0,0.0,1,307.0,318.0,1,290.0,316.0,316.0,316.0,1.0,3160.0,223
2023-05-09 22:03:37,ru2401C14750,ru2401C14750,316.0,0.0,0.0,0.0,1,307.0,318.0,1,290.0,316.0,316.0,316.0,1.0,3160.0,223
2023-05-09 22:03:41,ru2401C14750,ru2401C14750,316.0,0.0,0.0,0.0,1,307.0,318.0,1,290.0,316.0,316.0,316.0,1.0,3160.0,223
2023-05-09 22:03:44,ru2401C14750,ru2401C14750,318.0,1.0,3180.0,0.0,1,307.0,320.0,2,290.0,316.0,318.0,316.0,2.0,6340.0,223
2023-05-09 22:03:46,ru2401C14750,ru2401C14750,318.0,0.0,0.0,0.0,2,305.0,320.0,2,290.0,316.0,318.0,316.0,2.0,6340.0,223
2023-05-09 22:03:46,ru2401C14750,ru2401C14750,318.0,0.0,0.0,0.0,1,305.0,320.0,1,290.0,316.0,318.0,316.0,2.0,6340.0,223
2023-05-09 22:03:47,ru2401C14750,ru2401C14750,318.0,0.0,0.0,0.0,1,282.0,330.0,7,290.0,316.0,318.0,316.0,2.0,6340.0,223
2023-05-09 22:04:54,ru2401C14750,ru2401C14750,318.0,0.0,0.0,0.0,1,282.0,330.0,7,290.0,316.0,318.0,316.0,2.0,6340.0,223
2023-05-09 22:05:07,ru2401C14750,ru2401C14750,318.0,0.0,0.0,0.0,2,282.0,330.0,7,290.0,316.0,318.0,316.0,2.0,6340.0,223
2023-05-09 22:05:11,ru2401C14750,ru2401C14750,318.0,0.0,0.0,0.0,1,282.0,330.0,7,290.0,316.0,318.0,316.0,2.0,6340.0,223
2023-05-09 22:05:52,ru2401C14750,ru2401C14750,318.0,0.0,0.0,0.0,1,283.0,330.0,7,290.0,316.0,318.0,316.0,2.0,6340.0,223
2023-05-09 22:05:54,ru2401C14750,ru2401C14750,318.0,0.0,0.0,0.0,1,283.0,330.0,7,290.0,316.0,318.0,316.0,2.0,6340.0,223
2023-05-09 22:05:54,ru2401C14750,ru2401C14750,318.0,0.0,0.0,0.0,1,318.0,330.0,7,290.0,316.0,318.0,316.0,2.0,6340.0,223
2023-05-09 22:05:55,ru2401C14750,ru2401C14750,318.0,0.0,0.0,0.0,1,318.0,330.0,7,290.0,316.0,318.0,316.0,2.0,6340.0,223
2023-05-09 22:06:00,ru2401C14750,ru2401C14750,318.0,0.0,0.0,0.0,1,281.0,330.0,7,290.0,316.0,318.0,316.0,2.0,6340.0,223
2023-05-09 22:06:01,ru2401C14750,ru2401C14750,318.0,0.0,0.0,0.0,1,319.0,330.0,7,290.0,316.0,318.0,316.0,2.0,6340.0,223
2023-05-09 22:06:01,ru2401C14750,ru2401C14750,319.0,1.0,3190.0,0.0,1,281.0,330.0,7,290.0,316.0,319.0,316.0,3.0,9530.0,223
2023-05-09 22:06:02,ru2401C14750,ru2401C14750,319.0,0.0,0.0,0.0,1,282.0,330.0,7,290.0,316.0,319.0,316.0,3.0,9530.0,223
2023-05-09 22:06:29,ru2401C14750,ru2401C14750,319.0,0.0,0.0,0.0,1,300.0,330.0,7,290.0,316.0,319.0,316.0,3.0,9530.0,223
2023-05-09 22:06:30,ru2401C14750,ru2401C14750,319.0,0.0,0.0,0.0,1,300.0,330.0,7,290.0,316.0,319.0,316.0,3.0,9530.0,223
2023-05-09 22:07:56,ru2401C14750,ru2401C14750,319.0,0.0,0.0,0.0,1,318.0,330.0,7,290.0,316.0,319.0,316.0,3.0,9530.0,223
2023-05-09 22:07:57,ru2401C14750,ru2401C14750,319.0,0.0,0.0,0.0,1,318.0,330.0,9,290.0,316.0,319.0,316.0,3.0,9530.0,223
2023-05-09 22:09:15,ru2401C14750,ru2401C14750,319.0,0.0,0.0,0.0,1,319.0,330.0,9,290.0,316.0,319.0,316.0,3.0,9530.0,223
2023-05-09 22:09:16,ru2401C14750,ru2401C14750,319.0,0.0,0.0,0.0,1,319.0,330.0,7,290.0,316.0,319.0,316.0,3.0,9530.0,223
2023-05-09 22:09:16,ru2401C14750,ru2401C14750,319.0,0.0,0.0,0.0,1,319.0,330.0,7,290.0,316.0,319.0,316.0,3.0,9530.0,223
2023-05-09 22:09:17,ru2401C14750,ru2401C14750,319.0,0.0,0.0,0.0,1,319.0,330.0,7,290.0,316.0,319.0,316.0,3.0,9530.0,223
2023-05-09 22:09:17,ru2401C14750,ru2401C14750,319.0,0.0,0.0,0.0,1,319.0,330.0,7,290.0,316.0,319.0,316.0,3.0,9530.0,223
2023-05-09 22:09:19,ru2401C14750,ru2401C14750,319.0,0.0,0.0,0.0,1,319.0,330.0,7,290.0,316.0,319.0,316.0,3.0,9530.0,223
2023-05-09 22:09:20,ru2401C14750,ru2401C14750,319.0,0.0,0.0,0.0,1,319.0,330.0,7,290.0,316.0,319.0,316.0,3.0,9530.0,223
2023-05-09 22:09:22,ru2401C14750,ru2401C14750,319.0,0.0,0.0,0.0,1,319.0,330.0,7,290.0,316.0,319.0,316.0,3.0,9530.0,223
2023-05-09 22:09:23,ru2401C14750,ru2401C14750,319.0,0.0,0.0,0.0,1,319.0,330.0,7,290.0,316.0,319.0,316.0,3.0,9530.0,223
2023-05-09 22:11:07,ru2401C14750,ru2401C14750,319.0,0.0,0.0,0.0,1,319.0,330.0,7,290.0,316.0,319.0,316.0,3.0,9530.0,223
2023-05-09 22:11:13,ru2401C14750,ru2401C14750,319.0,0.0,0.0,0.0,1,319.0,330.0,7,290.0,316.0,319.0,316.0,3.0,9530.0,223
2023-05-09 22:11:20,ru2401C14750,ru2401C14750,330.0,1.0,3300.0,1.0,1,319.0,330.0,6,290.0,316.0,330.0,316.0,4.0,12830.0,224
2023-05-09 22:12:11,ru2401C14750,ru2401C14750,330.0,6.0,19800.0,5.0,1,319.0,339.0,2,290.0,316.0,330.0,316.0,10.0,32630.0,229
2023-05-09 22:14:37,ru2401C14750,ru2401C14750,339.0,2.0,6780.0,0.0,1,319.0,340.0,10,290.0,316.0,339.0,316.0,12.0,39410.0,229
2023-05-09 22:14:37,ru2401C14750,ru2401C14750,340.0,10.0,34000.0,10.0,1,320.0,345.0,10,290.0,316.0,340.0,316.0,22.0,73410.0,239
2023-05-09 22:14:38,ru2401C14750,ru2401C14750,340.0,0.0,0.0,0.0,1,319.0,345.0,10,290.0,316.0,340.0,316.0,22.0,73410.0,239
2023-05-09 22:14:39,ru2401C14750,ru2401C14750,340.0,0.0,0.0,0.0,1,320.0,345.0,10,290.0,316.0,340.0,316.0,22.0,73410.0,239
2023-05-09 22:14:40,ru2401C14750,ru2401C14750,340.0,0.0,0.0,0.0,1,319.0,345.0,10,290.0,316.0,340.0,316.0,22.0,73410.0,239
2023-05-09 22:14:40,ru2401C14750,ru2401C14750,340.0,0.0,0.0,0.0,1,320.0,345.0,10,290.0,316.0,340.0,316.0,22.0,73410.0,239
2023-05-09 22:14:43,ru2401C14750,ru2401C14750,345.0,10.0,34500.0,10.0,1,320.0,580.0,2,290.0,316.0,345.0,316.0,32.0,107910.0,249
2023-05-09 22:14:43,ru2401C14750,ru2401C14750,345.0,0.0,0.0,0.0,1,320.0,579.0,3,290.0,316.0,345.0,316.0,32.0,107910.0,249
2023-05-09 22:15:05,ru2401C14750,ru2401C14750,345.0,0.0,0.0,0.0,1,319.0,579.0,3,290.0,316.0,345.0,316.0,32.0,107910.0,249
2023-05-09 22:15:11,ru2401C14750,ru2401C14750,345.0,0.0,0.0,0.0,1,319.0,398.0,2,290.0,316.0,345.0,316.0,32.0,107910.0,249
2023-05-09 22:15:12,ru2401C14750,ru2401C14750,345.0,0.0,0.0,0.0,1,319.0,398.0,2,290.0,316.0,345.0,316.0,32.0,107910.0,249
2023-05-09 22:15:12,ru2401C14750,ru2401C14750,345.0,0.0,0.0,0.0,1,319.0,397.0,1,290.0,316.0,345.0,316.0,32.0,107910.0,249
2023-05-09 22:15:19,ru2401C14750,ru2401C14750,345.0,0.0,0.0,0.0,1,319.0,380.0,2,290.0,316.0,345.0,316.0,32.0,107910.0,249
2023-05-09 22:15:20,ru2401C14750,ru2401C14750,345.0,0.0,0.0,0.0,1,319.0,380.0,2,290.0,316.0,345.0,316.0,32.0,107910.0,249
2023-05-09 22:15:20,ru2401C14750,ru2401C14750,345.0,0.0,0.0,0.0,1,319.0,379.0,1,290.0,316.0,345.0,316.0,32.0,107910.0,249
2023-05-09 22:15:24,ru2401C14750,ru2401C14750,345.0,0.0,0.0,0.0,1,319.0,379.0,1,290.0,316.0,345.0,316.0,32.0,107910.0,249
2023-05-09 22:15:27,ru2401C14750,ru2401C14750,345.0,0.0,0.0,0.0,1,319.0,379.0,1,290.0,316.0,345.0,316.0,32.0,107910.0,249
2023-05-09 22:15:31,ru2401C14750,ru2401C14750,345.0,0.0,0.0,0.0,1,319.0,378.0,2,290.0,316.0,345.0,316.0,32.0,107910.0,249
2023-05-09 22:15:31,ru2401C14750,ru2401C14750,345.0,0.0,0.0,0.0,1,319.0,378.0,2,290.0,316.0,345.0,316.0,32.0,107910.0,249
2023-05-09 22:15:32,ru2401C14750,ru2401C14750,345.0,0.0,0.0,0.0,1,319.0,377.0,1,290.0,316.0,345.0,316.0,32.0,107910.0,249
2023-05-09 22:15:33,ru2401C14750,ru2401C14750,345.0,0.0,0.0,0.0,1,319.0,376.0,2,290.0,316.0,345.0,316.0,32.0,107910.0,249
2023-05-09 22:15:34,ru2401C14750,ru2401C14750,345.0,0.0,0.0,0.0,1,319.0,376.0,2,290.0,316.0,345.0,316.0,32.0,107910.0,249
2023-05-09 22:16:06,ru2401C14750,ru2401C14750,345.0,0.0,0.0,0.0,1,319.0,375.0,1,290.0,316.0,345.0,316.0,32.0,107910.0,249
2023-05-09 22:16:30,ru2401C14750,ru2401C14750,345.0,0.0,0.0,0.0,1,319.0,374.0,1,290.0,316.0,345.0,316.0,32.0,107910.0,249
2023-05-09 22:16:30,ru2401C14750,ru2401C14750,345.0,0.0,0.0,0.0,1,319.0,374.0,1,290.0,316.0,345.0,316.0,32.0,107910.0,249
2023-05-09 22:16:31,ru2401C14750,ru2401C14750,345.0,0.0,0.0,0.0,1,319.0,374.0,2,290.0,316.0,345.0,316.0,32.0,107910.0,249
2023-05-09 22:16:35,ru2401C14750,ru2401C14750,345.0,0.0,0.0,0.0,1,319.0,374.0,1,290.0,316.0,345.0,316.0,32.0,107910.0,249
2023-05-09 22:17:15,ru2401C14750,ru2401C14750,345.0,0.0,0.0,0.0,1,319.0,373.0,1,290.0,316.0,345.0,316.0,32.0,107910.0,249
2023-05-09 22:20:29,ru2401C14750,ru2401C14750,345.0,0.0,0.0,0.0,1,319.0,373.0,1,290.0,316.0,345.0,316.0,32.0,107910.0,249
2023-05-09 22:20:29,ru2401C14750,ru2401C14750,345.0,0.0,0.0,0.0,1,319.0,373.0,2,290.0,316.0,345.0,316.0,32.0,107910.0,249
2023-05-09 22:20:31,ru2401C14750,ru2401C14750,345.0,0.0,0.0,0.0,1,319.0,373.0,1,290.0,316.0,345.0,316.0,32.0,107910.0,249
2023-05-09 22:20:36,ru2401C14750,ru2401C14750,345.0,0.0,0.0,0.0,1,319.0,373.0,1,290.0,316.0,345.0,316.0,32.0,107910.0,249
2023-05-09 22:21:20,ru2401C14750,ru2401C14750,345.0,0.0,0.0,0.0,1,319.0,373.0,2,290.0,316.0,345.0,316.0,32.0,107910.0,249
2023-05-09 22:26:24,ru2401C14750,ru2401C14750,345.0,0.0,0.0,0.0,1,319.0,373.0,1,290.0,316.0,345.0,316.0,32.0,107910.0,249
2023-05-09 22:26:24,ru2401C14750,ru2401C14750,345.0,0.0,0.0,0.0,1,319.0,373.0,2,290.0,316.0,345.0,316.0,32.0,107910.0,249
2023-05-09 22:27:16,ru2401C14750,ru2401C14750,345.0,0.0,0.0,0.0,1,345.0,373.0,2,290.0,316.0,345.0,316.0,32.0,107910.0,249
2023-05-09 22:28:05,ru2401C14750,ru2401C14750,345.0,0.0,0.0,0.0,1,360.0,373.0,2,290.0,316.0,345.0,316.0,32.0,107910.0,249
2023-05-09 22:28:05,ru2401C14750,ru2401C14750,360.0,1.0,3600.0,0.0,1,319.0,373.0,2,290.0,316.0,360.0,316.0,33.0,111510.0,249
2023-05-09 22:31:05,ru2401C14750,ru2401C14750,360.0,0.0,0.0,0.0,1,360.0,373.0,2,290.0,316.0,360.0,316.0,33.0,111510.0,249
2023-05-09 22:31:05,ru2401C14750,ru2401C14750,360.0,1.0,3600.0,0.0,1,319.0,373.0,2,290.0,316.0,360.0,316.0,34.0,115110.0,249
2023-05-09 22:32:04,ru2401C14750,ru2401C14750,360.0,0.0,0.0,0.0,1,338.0,349.0,1,290.0,316.0,360.0,316.0,34.0,115110.0,249
2023-05-09 22:32:04,ru2401C14750,ru2401C14750,360.0,0.0,0.0,0.0,1,338.0,349.0,1,290.0,316.0,360.0,316.0,34.0,115110.0,249
2023-05-09 22:32:05,ru2401C14750,ru2401C14750,360.0,0.0,0.0,0.0,1,338.0,349.0,1,290.0,316.0,360.0,316.0,34.0,115110.0,249
2023-05-09 22:32:07,ru2401C14750,ru2401C14750,360.0,0.0,0.0,0.0,2,338.0,349.0,1,290.0,316.0,360.0,316.0,34.0,115110.0,249
2023-05-09 22:32:12,ru2401C14750,ru2401C14750,360.0,0.0,0.0,0.0,2,338.0,349.0,1,290.0,316.0,360.0,316.0,34.0,115110.0,249
2023-05-09 22:32:15,ru2401C14750,ru2401C14750,360.0,0.0,0.0,0.0,1,338.0,351.0,2,290.0,316.0,360.0,316.0,34.0,115110.0,249
2023-05-09 22:32:16,ru2401C14750,ru2401C14750,360.0,0.0,0.0,0.0,1,338.0,351.0,1,290.0,316.0,360.0,316.0,34.0,115110.0,249
2023-05-09 22:32:16,ru2401C14750,ru2401C14750,360.0,0.0,0.0,0.0,1,338.0,351.0,1,290.0,316.0,360.0,316.0,34.0,115110.0,249
2023-05-09 22:32:17,ru2401C14750,ru2401C14750,360.0,0.0,0.0,0.0,1,338.0,351.0,1,290.0,316.0,360.0,316.0,34.0,115110.0,249
2023-05-09 22:32:22,ru2401C14750,ru2401C14750,360.0,0.0,0.0,0.0,1,336.0,351.0,1,290.0,316.0,360.0,316.0,34.0,115110.0,249
2023-05-09 22:32:23,ru2401C14750,ru2401C14750,360.0,0.0,0.0,0.0,1,319.0,373.0,1,290.0,316.0,360.0,316.0,34.0,115110.0,249
2023-05-09 22:32:24,ru2401C14750,ru2401C14750,360.0,0.0,0.0,0.0,1,319.0,372.0,1,290.0,316.0,360.0,316.0,34.0,115110.0,249
2023-05-09 22:32:44,ru2401C14750,ru2401C14750,360.0,0.0,0.0,0.0,1,319.0,372.0,1,290.0,316.0,360.0,316.0,34.0,115110.0,249
2023-05-09 22:32:48,ru2401C14750,ru2401C14750,360.0,0.0,0.0,0.0,1,319.0,360.0,1,290.0,316.0,360.0,316.0,34.0,115110.0,249
2023-05-09 22:32:49,ru2401C14750,ru2401C14750,360.0,0.0,0.0,0.0,1,319.0,360.0,1,290.0,316.0,360.0,316.0,34.0,115110.0,249
2023-05-09 22:32:49,ru2401C14750,ru2401C14750,360.0,0.0,0.0,0.0,1,319.0,360.0,2,290.0,316.0,360.0,316.0,34.0,115110.0,249
2023-05-09 22:32:51,ru2401C14750,ru2401C14750,360.0,0.0,0.0,0.0,1,319.0,360.0,1,290.0,316.0,360.0,316.0,34.0,115110.0,249
2023-05-09 22:37:05,ru2401C14750,ru2401C14750,360.0,0.0,0.0,0.0,2,319.0,360.0,1,290.0,316.0,360.0,316.0,34.0,115110.0,249
2023-05-09 22:38:22,ru2401C14750,ru2401C14750,360.0,1.0,3600.0,1.0,2,319.0,579.0,1,290.0,316.0,360.0,316.0,35.0,118710.0,250
2023-05-09 22:38:23,ru2401C14750,ru2401C14750,360.0,0.0,0.0,0.0,2,319.0,578.0,1,290.0,316.0,360.0,316.0,35.0,118710.0,250
2023-05-09 22:38:23,ru2401C14750,ru2401C14750,360.0,0.0,0.0,0.0,2,319.0,577.0,1,290.0,316.0,360.0,316.0,35.0,118710.0,250
2023-05-09 22:38:24,ru2401C14750,ru2401C14750,360.0,0.0,0.0,0.0,2,319.0,577.0,1,290.0,316.0,360.0,316.0,35.0,118710.0,250
2023-05-09 22:38:24,ru2401C14750,ru2401C14750,360.0,0.0,0.0,0.0,2,319.0,576.0,1,290.0,316.0,360.0,316.0,35.0,118710.0,250
2023-05-09 22:38:25,ru2401C14750,ru2401C14750,360.0,0.0,0.0,0.0,2,319.0,575.0,1,290.0,316.0,360.0,316.0,35.0,118710.0,250
2023-05-09 22:38:25,ru2401C14750,ru2401C14750,360.0,0.0,0.0,0.0,2,319.0,575.0,1,290.0,316.0,360.0,316.0,35.0,118710.0,250
2023-05-09 22:38:26,ru2401C14750,ru2401C14750,360.0,0.0,0.0,0.0,2,319.0,574.0,1,290.0,316.0,360.0,316.0,35.0,118710.0,250
2023-05-09 22:38:26,ru2401C14750,ru2401C14750,360.0,0.0,0.0,0.0,2,319.0,573.0,1,290.0,316.0,360.0,316.0,35.0,118710.0,250
2023-05-09 22:38:27,ru2401C14750,ru2401C14750,360.0,0.0,0.0,0.0,2,319.0,573.0,1,290.0,316.0,360.0,316.0,35.0,118710.0,250
2023-05-09 22:38:27,ru2401C14750,ru2401C14750,360.0,0.0,0.0,0.0,2,319.0,360.0,1,290.0,316.0,360.0,316.0,35.0,118710.0,250
2023-05-09 22:38:28,ru2401C14750,ru2401C14750,360.0,0.0,0.0,0.0,2,319.0,360.0,1,290.0,316.0,360.0,316.0,35.0,118710.0,250
2023-05-09 22:38:34,ru2401C14750,ru2401C14750,360.0,0.0,0.0,0.0,1,320.0,360.0,1,290.0,316.0,360.0,316.0,35.0,118710.0,250
2023-05-09 22:38:49,ru2401C14750,ru2401C14750,360.0,0.0,0.0,0.0,1,320.0,573.0,1,290.0,316.0,360.0,316.0,35.0,118710.0,250
2023-05-09 22:38:50,ru2401C14750,ru2401C14750,360.0,0.0,0.0,0.0,1,320.0,572.0,1,290.0,316.0,360.0,316.0,35.0,118710.0,250
2023-05-09 22:38:53,ru2401C14750,ru2401C14750,360.0,0.0,0.0,0.0,1,320.0,370.0,1,290.0,316.0,360.0,316.0,35.0,118710.0,250
2023-05-09 22:38:54,ru2401C14750,ru2401C14750,360.0,0.0,0.0,0.0,1,320.0,370.0,1,290.0,316.0,360.0,316.0,35.0,118710.0,250
2023-05-09 22:38:54,ru2401C14750,ru2401C14750,360.0,0.0,0.0,0.0,1,320.0,369.0,1,290.0,316.0,360.0,316.0,35.0,118710.0,250
2023-05-09 22:39:00,ru2401C14750,ru2401C14750,360.0,0.0,0.0,0.0,1,320.0,369.0,1,290.0,316.0,360.0,316.0,35.0,118710.0,250
2023-05-09 22:39:01,ru2401C14750,ru2401C14750,360.0,0.0,0.0,0.0,1,320.0,360.0,1,290.0,316.0,360.0,316.0,35.0,118710.0,250
2023-05-09 22:39:02,ru2401C14750,ru2401C14750,360.0,0.0,0.0,0.0,1,320.0,360.0,1,290.0,316.0,360.0,316.0,35.0,118710.0,250
2023-05-09 22:40:50,ru2401C14750,ru2401C14750,360.0,0.0,0.0,0.0,2,320.0,360.0,1,290.0,316.0,360.0,316.0,35.0,118710.0,250
2023-05-09 22:41:04,ru2401C14750,ru2401C14750,360.0,1.0,3600.0,1.0,9,360.0,573.0,1,290.0,316.0,360.0,316.0,36.0,122310.0,251
2023-05-09 22:41:04,ru2401C14750,ru2401C14750,360.0,9.0,32400.0,0.0,2,320.0,572.0,1,290.0,316.0,360.0,316.0,45.0,154710.0,251
2023-05-09 22:41:05,ru2401C14750,ru2401C14750,360.0,0.0,0.0,0.0,2,320.0,571.0,1,290.0,316.0,360.0,316.0,45.0,154710.0,251
2023-05-09 22:41:06,ru2401C14750,ru2401C14750,360.0,0.0,0.0,0.0,2,320.0,571.0,1,290.0,316.0,360.0,316.0,45.0,154710.0,251
2023-05-09 22:41:06,ru2401C14750,ru2401C14750,360.0,0.0,0.0,0.0,2,320.0,570.0,1,290.0,316.0,360.0,316.0,45.0,154710.0,251
2023-05-09 22:41:07,ru2401C14750,ru2401C14750,360.0,0.0,0.0,0.0,2,320.0,569.0,1,290.0,316.0,360.0,316.0,45.0,154710.0,251
2023-05-09 22:41:07,ru2401C14750,ru2401C14750,360.0,0.0,0.0,0.0,2,320.0,569.0,1,290.0,316.0,360.0,316.0,45.0,154710.0,251
2023-05-09 22:41:08,ru2401C14750,ru2401C14750,360.0,0.0,0.0,0.0,2,320.0,568.0,1,290.0,316.0,360.0,316.0,45.0,154710.0,251
2023-05-09 22:41:08,ru2401C14750,ru2401C14750,360.0,0.0,0.0,0.0,2,320.0,567.0,1,290.0,316.0,360.0,316.0,45.0,154710.0,251
2023-05-09 22:41:09,ru2401C14750,ru2401C14750,360.0,0.0,0.0,0.0,2,320.0,567.0,1,290.0,316.0,360.0,316.0,45.0,154710.0,251
2023-05-09 22:41:09,ru2401C14750,ru2401C14750,360.0,0.0,0.0,0.0,2,320.0,566.0,1,290.0,316.0,360.0,316.0,45.0,154710.0,251
2023-05-09 22:41:10,ru2401C14750,ru2401C14750,360.0,0.0,0.0,0.0,2,320.0,565.0,1,290.0,316.0,360.0,316.0,45.0,154710.0,251
2023-05-09 22:41:10,ru2401C14750,ru2401C14750,360.0,0.0,0.0,0.0,2,320.0,565.0,1,290.0,316.0,360.0,316.0,45.0,154710.0,251
2023-05-09 22:41:11,ru2401C14750,ru2401C14750,360.0,0.0,0.0,0.0,2,320.0,564.0,1,290.0,316.0,360.0,316.0,45.0,154710.0,251
2023-05-09 22:41:11,ru2401C14750,ru2401C14750,360.0,0.0,0.0,0.0,2,320.0,563.0,1,290.0,316.0,360.0,316.0,45.0,154710.0,251
2023-05-09 22:41:12,ru2401C14750,ru2401C14750,360.0,0.0,0.0,0.0,2,320.0,563.0,1,290.0,316.0,360.0,316.0,45.0,154710.0,251
2023-05-09 22:41:12,ru2401C14750,ru2401C14750,360.0,0.0,0.0,0.0,2,320.0,562.0,1,290.0,316.0,360.0,316.0,45.0,154710.0,251
2023-05-09 22:41:13,ru2401C14750,ru2401C14750,360.0,0.0,0.0,0.0,2,320.0,561.0,1,290.0,316.0,360.0,316.0,45.0,154710.0,251
2023-05-09 22:41:13,ru2401C14750,ru2401C14750,360.0,0.0,0.0,0.0,2,320.0,560.0,1,290.0,316.0,360.0,316.0,45.0,154710.0,251
2023-05-09 22:41:14,ru2401C14750,ru2401C14750,360.0,0.0,0.0,0.0,2,320.0,559.0,1,290.0,316.0,360.0,316.0,45.0,154710.0,251
2023-05-09 22:41:14,ru2401C14750,ru2401C14750,360.0,0.0,0.0,0.0,2,320.0,559.0,1,290.0,316.0,360.0,316.0,45.0,154710.0,251
2023-05-09 22:41:15,ru2401C14750,ru2401C14750,360.0,0.0,0.0,0.0,2,320.0,558.0,1,290.0,316.0,360.0,316.0,45.0,154710.0,251
2023-05-09 22:41:15,ru2401C14750,ru2401C14750,360.0,0.0,0.0,0.0,2,320.0,360.0,1,290.0,316.0,360.0,316.0,45.0,154710.0,251
2023-05-09 22:41:16,ru2401C14750,ru2401C14750,360.0,0.0,0.0,0.0,2,320.0,360.0,1,290.0,316.0,360.0,316.0,45.0,154710.0,251
2023-05-09 22:41:29,ru2401C14750,ru2401C14750,360.0,0.0,0.0,0.0,2,320.0,557.0,1,290.0,316.0,360.0,316.0,45.0,154710.0,251
2023-05-09 22:41:30,ru2401C14750,ru2401C14750,360.0,0.0,0.0,0.0,2,320.0,556.0,1,290.0,316.0,360.0,316.0,45.0,154710.0,251
2023-05-09 22:41:40,ru2401C14750,ru2401C14750,360.0,0.0,0.0,0.0,2,320.0,556.0,1,290.0,316.0,360.0,316.0,45.0,154710.0,251
2023-05-09 22:41:43,ru2401C14750,ru2401C14750,360.0,0.0,0.0,0.0,1,337.0,349.0,1,290.0,316.0,360.0,316.0,45.0,154710.0,251
2023-05-09 22:41:43,ru2401C14750,ru2401C14750,360.0,0.0,0.0,0.0,1,337.0,349.0,1,290.0,316.0,360.0,316.0,45.0,154710.0,251
2023-05-09 22:41:45,ru2401C14750,ru2401C14750,360.0,0.0,0.0,0.0,1,337.0,349.0,1,290.0,316.0,360.0,316.0,45.0,154710.0,251
2023-05-09 22:41:46,ru2401C14750,ru2401C14750,349.0,1.0,3490.0,-1.0,1,337.0,351.0,1,290.0,316.0,360.0,316.0,46.0,158200.0,250
2023-05-09 22:41:46,ru2401C14750,ru2401C14750,349.0,0.0,0.0,0.0,2,337.0,351.0,1,290.0,316.0,360.0,316.0,46.0,158200.0,250
2023-05-09 22:41:52,ru2401C14750,ru2401C14750,349.0,0.0,0.0,0.0,2,337.0,351.0,1,290.0,316.0,360.0,316.0,46.0,158200.0,250
2023-05-09 22:41:54,ru2401C14750,ru2401C14750,349.0,0.0,0.0,0.0,1,337.0,351.0,1,290.0,316.0,360.0,316.0,46.0,158200.0,250
2023-05-09 22:41:54,ru2401C14750,ru2401C14750,349.0,0.0,0.0,0.0,1,337.0,359.0,1,290.0,316.0,360.0,316.0,46.0,158200.0,250
2023-05-09 22:41:56,ru2401C14750,ru2401C14750,349.0,0.0,0.0,0.0,1,337.0,378.0,1,290.0,316.0,360.0,316.0,46.0,158200.0,250
2023-05-09 22:41:56,ru2401C14750,ru2401C14750,349.0,0.0,0.0,0.0,2,320.0,557.0,1,290.0,316.0,360.0,316.0,46.0,158200.0,250
2023-05-09 22:42:14,ru2401C14750,ru2401C14750,349.0,0.0,0.0,0.0,2,320.0,360.0,1,290.0,316.0,360.0,316.0,46.0,158200.0,250
2023-05-09 22:46:28,ru2401C14750,ru2401C14750,349.0,0.0,0.0,0.0,2,320.0,557.0,1,290.0,316.0,360.0,316.0,46.0,158200.0,250
2023-05-09 22:46:35,ru2401C14750,ru2401C14750,349.0,0.0,0.0,0.0,1,320.0,557.0,1,290.0,316.0,360.0,316.0,46.0,158200.0,250
2023-05-09 22:46:41,ru2401C14750,ru2401C14750,349.0,0.0,0.0,0.0,1,320.0,557.0,1,290.0,316.0,360.0,316.0,46.0,158200.0,250
2023-05-09 22:46:52,ru2401C14750,ru2401C14750,349.0,0.0,0.0,0.0,1,345.0,357.0,1,290.0,316.0,360.0,316.0,46.0,158200.0,250
2023-05-09 22:46:52,ru2401C14750,ru2401C14750,349.0,0.0,0.0,0.0,1,345.0,357.0,1,290.0,316.0,360.0,316.0,46.0,158200.0,250
2023-05-09 22:46:53,ru2401C14750,ru2401C14750,349.0,0.0,0.0,0.0,1,345.0,357.0,1,290.0,316.0,360.0,316.0,46.0,158200.0,250
2023-05-09 22:46:54,ru2401C14750,ru2401C14750,349.0,0.0,0.0,0.0,1,345.0,357.0,1,290.0,316.0,360.0,316.0,46.0,158200.0,250
2023-05-09 22:47:03,ru2401C14750,ru2401C14750,349.0,0.0,0.0,0.0,2,343.0,359.0,1,290.0,316.0,360.0,316.0,46.0,158200.0,250
2023-05-09 22:47:04,ru2401C14750,ru2401C14750,349.0,0.0,0.0,0.0,1,344.0,557.0,1,290.0,316.0,360.0,316.0,46.0,158200.0,250
2023-05-09 22:47:12,ru2401C14750,ru2401C14750,349.0,0.0,0.0,0.0,1,320.0,557.0,1,290.0,316.0,360.0,316.0,46.0,158200.0,250
2023-05-09 22:47:13,ru2401C14750,ru2401C14750,349.0,0.0,0.0,0.0,1,345.0,557.0,1,290.0,316.0,360.0,316.0,46.0,158200.0,250
2023-05-09 22:47:25,ru2401C14750,ru2401C14750,349.0,0.0,0.0,0.0,1,345.0,380.0,1,290.0,316.0,360.0,316.0,46.0,158200.0,250
2023-05-09 22:49:19,ru2401C14750,ru2401C14750,380.0,1.0,3800.0,1.0,1,345.0,557.0,1,290.0,316.0,380.0,316.0,47.0,162000.0,251
2023-05-09 22:49:26,ru2401C14750,ru2401C14750,380.0,0.0,0.0,0.0,1,345.0,380.0,2,290.0,316.0,380.0,316.0,47.0,162000.0,251
2023-05-09 22:49:42,ru2401C14750,ru2401C14750,380.0,0.0,0.0,0.0,1,320.0,557.0,1,290.0,316.0,380.0,316.0,47.0,162000.0,251
2023-05-09 22:49:53,ru2401C14750,ru2401C14750,380.0,0.0,0.0,0.0,1,320.0,557.0,1,290.0,316.0,380.0,316.0,47.0,162000.0,251
2023-05-09 22:50:00,ru2401C14750,ru2401C14750,380.0,0.0,0.0,0.0,1,349.0,361.0,1,290.0,316.0,380.0,316.0,47.0,162000.0,251
2023-05-09 22:50:01,ru2401C14750,ru2401C14750,380.0,0.0,0.0,0.0,1,349.0,361.0,1,290.0,316.0,380.0,316.0,47.0,162000.0,251
2023-05-09 22:50:01,ru2401C14750,ru2401C14750,380.0,0.0,0.0,0.0,1,349.0,361.0,1,290.0,316.0,380.0,316.0,47.0,162000.0,251
2023-05-09 22:50:05,ru2401C14750,ru2401C14750,380.0,0.0,0.0,0.0,1,349.0,361.0,1,290.0,316.0,380.0,316.0,47.0,162000.0,251
2023-05-09 22:50:11,ru2401C14750,ru2401C14750,380.0,0.0,0.0,0.0,2,339.0,371.0,2,290.0,316.0,380.0,316.0,47.0,162000.0,251
2023-05-09 22:50:12,ru2401C14750,ru2401C14750,380.0,0.0,0.0,0.0,1,320.0,557.0,1,290.0,316.0,380.0,316.0,47.0,162000.0,251
2023-05-09 22:50:18,ru2401C14750,ru2401C14750,380.0,0.0,0.0,0.0,1,320.0,380.0,1,290.0,316.0,380.0,316.0,47.0,162000.0,251
2023-05-09 22:50:18,ru2401C14750,ru2401C14750,380.0,0.0,0.0,0.0,1,320.0,379.0,1,290.0,316.0,380.0,316.0,47.0,162000.0,251
2023-05-09 22:50:24,ru2401C14750,ru2401C14750,380.0,0.0,0.0,0.0,1,320.0,379.0,1,290.0,316.0,380.0,316.0,47.0,162000.0,251
2023-05-09 22:50:32,ru2401C14750,ru2401C14750,380.0,0.0,0.0,0.0,1,321.0,379.0,1,290.0,316.0,380.0,316.0,47.0,162000.0,251
2023-05-09 22:50:54,ru2401C14750,ru2401C14750,380.0,0.0,0.0,0.0,1,321.0,379.0,1,290.0,316.0,380.0,316.0,47.0,162000.0,251
2023-05-09 22:50:59,ru2401C14750,ru2401C14750,380.0,0.0,0.0,0.0,1,321.0,379.0,1,290.0,316.0,380.0,316.0,47.0,162000.0,251
2023-05-09 22:51:00,ru2401C14750,ru2401C14750,380.0,0.0,0.0,0.0,1,347.0,359.0,1,290.0,316.0,380.0,316.0,47.0,162000.0,251
2023-05-09 22:51:01,ru2401C14750,ru2401C14750,380.0,0.0,0.0,0.0,1,347.0,359.0,1,290.0,316.0,380.0,316.0,47.0,162000.0,251
2023-05-09 22:51:01,ru2401C14750,ru2401C14750,380.0,0.0,0.0,0.0,1,347.0,359.0,1,290.0,316.0,380.0,316.0,47.0,162000.0,251
2023-05-09 22:51:02,ru2401C14750,ru2401C14750,380.0,0.0,0.0,0.0,1,347.0,359.0,1,290.0,316.0,380.0,316.0,47.0,162000.0,251
2023-05-09 22:51:03,ru2401C14750,ru2401C14750,359.0,1.0,3590.0,-1.0,1,347.0,369.0,2,290.0,316.0,380.0,316.0,48.0,165590.0,250
2023-05-09 22:51:06,ru2401C14750,ru2401C14750,359.0,0.0,0.0,0.0,1,347.0,369.0,2,290.0,316.0,380.0,316.0,48.0,165590.0,250
2023-05-09 22:51:10,ru2401C14750,ru2401C14750,359.0,0.0,0.0,0.0,1,347.0,369.0,2,290.0,316.0,380.0,316.0,48.0,165590.0,250
2023-05-09 22:51:11,ru2401C14750,ru2401C14750,359.0,0.0,0.0,0.0,2,337.0,369.0,2,290.0,316.0,380.0,316.0,48.0,165590.0,250
2023-05-09 22:51:12,ru2401C14750,ru2401C14750,359.0,0.0,0.0,0.0,1,337.0,369.0,1,290.0,316.0,380.0,316.0,48.0,165590.0,250
2023-05-09 22:51:13,ru2401C14750,ru2401C14750,359.0,0.0,0.0,0.0,1,320.0,557.0,1,290.0,316.0,380.0,316.0,48.0,165590.0,250
2023-05-09 22:51:14,ru2401C14750,ru2401C14750,359.0,0.0,0.0,0.0,1,320.0,556.0,1,290.0,316.0,380.0,316.0,48.0,165590.0,250
2023-05-09 22:51:14,ru2401C14750,ru2401C14750,359.0,0.0,0.0,0.0,1,320.0,555.0,1,290.0,316.0,380.0,316.0,48.0,165590.0,250
2023-05-09 22:51:15,ru2401C14750,ru2401C14750,359.0,0.0,0.0,0.0,1,320.0,555.0,1,290.0,316.0,380.0,316.0,48.0,165590.0,250
2023-05-09 22:51:15,ru2401C14750,ru2401C14750,359.0,0.0,0.0,0.0,1,320.0,554.0,1,290.0,316.0,380.0,316.0,48.0,165590.0,250
2023-05-09 22:51:16,ru2401C14750,ru2401C14750,359.0,0.0,0.0,0.0,1,320.0,553.0,1,290.0,316.0,380.0,316.0,48.0,165590.0,250
2023-05-09 22:51:16,ru2401C14750,ru2401C14750,359.0,0.0,0.0,0.0,1,320.0,552.0,1,290.0,316.0,380.0,316.0,48.0,165590.0,250
2023-05-09 22:51:17,ru2401C14750,ru2401C14750,359.0,0.0,0.0,0.0,1,320.0,551.0,1,290.0,316.0,380.0,316.0,48.0,165590.0,250
2023-05-09 22:51:17,ru2401C14750,ru2401C14750,359.0,0.0,0.0,0.0,1,320.0,551.0,1,290.0,316.0,380.0,316.0,48.0,165590.0,250
2023-05-09 22:51:18,ru2401C14750,ru2401C14750,359.0,0.0,0.0,0.0,1,320.0,550.0,1,290.0,316.0,380.0,316.0,48.0,165590.0,250
2023-05-09 22:51:18,ru2401C14750,ru2401C14750,359.0,0.0,0.0,0.0,1,320.0,549.0,1,290.0,316.0,380.0,316.0,48.0,165590.0,250
2023-05-09 22:51:19,ru2401C14750,ru2401C14750,359.0,0.0,0.0,0.0,1,320.0,549.0,1,290.0,316.0,380.0,316.0,48.0,165590.0,250
2023-05-09 22:51:19,ru2401C14750,ru2401C14750,359.0,0.0,0.0,0.0,1,320.0,548.0,1,290.0,316.0,380.0,316.0,48.0,165590.0,250
2023-05-09 22:51:20,ru2401C14750,ru2401C14750,359.0,0.0,0.0,0.0,1,320.0,547.0,1,290.0,316.0,380.0,316.0,48.0,165590.0,250
2023-05-09 22:51:20,ru2401C14750,ru2401C14750,359.0,0.0,0.0,0.0,1,320.0,380.0,1,290.0,316.0,380.0,316.0,48.0,165590.0,250
2023-05-09 22:51:21,ru2401C14750,ru2401C14750,359.0,0.0,0.0,0.0,1,320.0,379.0,1,290.0,316.0,380.0,316.0,48.0,165590.0,250
2023-05-09 22:51:23,ru2401C14750,ru2401C14750,359.0,0.0,0.0,0.0,1,320.0,379.0,1,290.0,316.0,380.0,316.0,48.0,165590.0,250
2023-05-09 22:52:02,ru2401C14750,ru2401C14750,359.0,0.0,0.0,0.0,1,320.0,379.0,1,290.0,316.0,380.0,316.0,48.0,165590.0,250
2023-05-09 22:52:14,ru2401C14750,ru2401C14750,359.0,0.0,0.0,0.0,1,320.0,379.0,1,290.0,316.0,380.0,316.0,48.0,165590.0,250
2023-05-09 22:52:38,ru2401C14750,ru2401C14750,359.0,0.0,0.0,0.0,1,321.0,379.0,1,290.0,316.0,380.0,316.0,48.0,165590.0,250
2023-05-09 22:53:15,ru2401C14750,ru2401C14750,359.0,0.0,0.0,0.0,1,321.0,378.0,1,290.0,316.0,380.0,316.0,48.0,165590.0,250
2023-05-09 22:53:15,ru2401C14750,ru2401C14750,359.0,0.0,0.0,0.0,1,321.0,377.0,1,290.0,316.0,380.0,316.0,48.0,165590.0,250
2023-05-09 22:53:18,ru2401C14750,ru2401C14750,359.0,0.0,0.0,0.0,1,321.0,377.0,1,290.0,316.0,380.0,316.0,48.0,165590.0,250
2023-05-09 22:54:18,ru2401C14750,ru2401C14750,359.0,0.0,0.0,0.0,1,320.0,377.0,1,290.0,316.0,380.0,316.0,48.0,165590.0,250
2023-05-09 22:54:29,ru2401C14750,ru2401C14750,359.0,0.0,0.0,0.0,1,320.0,377.0,1,290.0,316.0,380.0,316.0,48.0,165590.0,250
2023-05-09 22:54:37,ru2401C14750,ru2401C14750,359.0,0.0,0.0,0.0,1,359.0,377.0,1,290.0,316.0,380.0,316.0,48.0,165590.0,250
2023-05-09 22:54:38,ru2401C14750,ru2401C14750,359.0,1.0,3590.0,-1.0,1,320.0,377.0,1,290.0,316.0,380.0,316.0,49.0,169180.0,249
2023-05-09 22:54:38,ru2401C14750,ru2401C14750,359.0,0.0,0.0,0.0,1,349.0,361.0,1,290.0,316.0,380.0,316.0,49.0,169180.0,249
2023-05-09 22:54:39,ru2401C14750,ru2401C14750,359.0,0.0,0.0,0.0,1,349.0,361.0,1,290.0,316.0,380.0,316.0,49.0,169180.0,249
2023-05-09 22:54:39,ru2401C14750,ru2401C14750,359.0,0.0,0.0,0.0,1,349.0,361.0,1,290.0,316.0,380.0,316.0,49.0,169180.0,249
2023-05-09 22:54:42,ru2401C14750,ru2401C14750,359.0,0.0,0.0,0.0,1,349.0,361.0,1,290.0,316.0,380.0,316.0,49.0,169180.0,249
2023-05-09 22:54:49,ru2401C14750,ru2401C14750,359.0,0.0,0.0,0.0,2,339.0,371.0,2,290.0,316.0,380.0,316.0,49.0,169180.0,249
2023-05-09 22:54:50,ru2401C14750,ru2401C14750,359.0,0.0,0.0,0.0,1,339.0,371.0,1,290.0,316.0,380.0,316.0,49.0,169180.0,249
2023-05-09 22:54:51,ru2401C14750,ru2401C14750,359.0,0.0,0.0,0.0,1,320.0,547.0,1,290.0,316.0,380.0,316.0,49.0,169180.0,249
2023-05-09 22:54:51,ru2401C14750,ru2401C14750,359.0,0.0,0.0,0.0,1,320.0,546.0,1,290.0,316.0,380.0,316.0,49.0,169180.0,249
2023-05-09 22:54:52,ru2401C14750,ru2401C14750,359.0,0.0,0.0,0.0,1,320.0,545.0,1,290.0,316.0,380.0,316.0,49.0,169180.0,249
2023-05-09 22:54:52,ru2401C14750,ru2401C14750,359.0,0.0,0.0,0.0,1,320.0,545.0,1,290.0,316.0,380.0,316.0,49.0,169180.0,249
2023-05-09 22:54:53,ru2401C14750,ru2401C14750,359.0,0.0,0.0,0.0,1,320.0,544.0,1,290.0,316.0,380.0,316.0,49.0,169180.0,249
2023-05-09 22:54:53,ru2401C14750,ru2401C14750,359.0,0.0,0.0,0.0,1,320.0,543.0,1,290.0,316.0,380.0,316.0,49.0,169180.0,249
2023-05-09 22:54:54,ru2401C14750,ru2401C14750,359.0,0.0,0.0,0.0,1,320.0,543.0,1,290.0,316.0,380.0,316.0,49.0,169180.0,249
2023-05-09 22:54:54,ru2401C14750,ru2401C14750,359.0,0.0,0.0,0.0,1,320.0,542.0,1,290.0,316.0,380.0,316.0,49.0,169180.0,249
2023-05-09 22:54:55,ru2401C14750,ru2401C14750,359.0,0.0,0.0,0.0,1,320.0,541.0,1,290.0,316.0,380.0,316.0,49.0,169180.0,249
2023-05-09 22:54:55,ru2401C14750,ru2401C14750,359.0,0.0,0.0,0.0,1,320.0,541.0,1,290.0,316.0,380.0,316.0,49.0,169180.0,249
2023-05-09 22:54:56,ru2401C14750,ru2401C14750,359.0,0.0,0.0,0.0,1,320.0,540.0,1,290.0,316.0,380.0,316.0,49.0,169180.0,249
2023-05-09 22:54:56,ru2401C14750,ru2401C14750,359.0,0.0,0.0,0.0,1,320.0,539.0,1,290.0,316.0,380.0,316.0,49.0,169180.0,249
2023-05-09 22:54:57,ru2401C14750,ru2401C14750,359.0,0.0,0.0,0.0,1,320.0,539.0,1,290.0,316.0,380.0,316.0,49.0,169180.0,249
2023-05-09 22:54:57,ru2401C14750,ru2401C14750,359.0,0.0,0.0,0.0,1,320.0,538.0,1,290.0,316.0,380.0,316.0,49.0,169180.0,249
2023-05-09 22:54:58,ru2401C14750,ru2401C14750,359.0,0.0,0.0,0.0,1,320.0,537.0,1,290.0,316.0,380.0,316.0,49.0,169180.0,249
2023-05-09 22:54:58,ru2401C14750,ru2401C14750,359.0,0.0,0.0,0.0,1,320.0,536.0,1,290.0,316.0,380.0,316.0,49.0,169180.0,249
2023-05-09 22:54:59,ru2401C14750,ru2401C14750,359.0,0.0,0.0,0.0,1,320.0,535.0,1,290.0,316.0,380.0,316.0,49.0,169180.0,249
2023-05-09 22:54:59,ru2401C14750,ru2401C14750,359.0,0.0,0.0,0.0,1,320.0,535.0,1,290.0,316.0,380.0,316.0,49.0,169180.0,249
2023-05-09 22:55:00,ru2401C14750,ru2401C14750,359.0,0.0,0.0,0.0,1,320.0,534.0,1,290.0,316.0,380.0,316.0,49.0,169180.0,249
2023-05-09 22:55:00,ru2401C14750,ru2401C14750,359.0,0.0,0.0,0.0,1,320.0,533.0,1,290.0,316.0,380.0,316.0,49.0,169180.0,249
2023-05-09 22:55:01,ru2401C14750,ru2401C14750,359.0,0.0,0.0,0.0,1,320.0,533.0,1,290.0,316.0,380.0,316.0,49.0,169180.0,249
2023-05-09 22:55:01,ru2401C14750,ru2401C14750,359.0,0.0,0.0,0.0,1,320.0,532.0,1,290.0,316.0,380.0,316.0,49.0,169180.0,249
2023-05-09 22:55:02,ru2401C14750,ru2401C14750,359.0,0.0,0.0,0.0,1,320.0,531.0,1,290.0,316.0,380.0,316.0,49.0,169180.0,249
2023-05-09 22:55:02,ru2401C14750,ru2401C14750,359.0,0.0,0.0,0.0,1,320.0,531.0,1,290.0,316.0,380.0,316.0,49.0,169180.0,249
2023-05-09 22:55:03,ru2401C14750,ru2401C14750,359.0,0.0,0.0,0.0,1,320.0,530.0,1,290.0,316.0,380.0,316.0,49.0,169180.0,249
2023-05-09 22:55:03,ru2401C14750,ru2401C14750,359.0,0.0,0.0,0.0,1,320.0,529.0,1,290.0,316.0,380.0,316.0,49.0,169180.0,249
2023-05-09 22:55:04,ru2401C14750,ru2401C14750,359.0,0.0,0.0,0.0,1,320.0,529.0,1,290.0,316.0,380.0,316.0,49.0,169180.0,249
2023-05-09 22:55:04,ru2401C14750,ru2401C14750,359.0,0.0,0.0,0.0,1,320.0,528.0,1,290.0,316.0,380.0,316.0,49.0,169180.0,249
2023-05-09 22:55:05,ru2401C14750,ru2401C14750,359.0,0.0,0.0,0.0,1,320.0,527.0,1,290.0,316.0,380.0,316.0,49.0,169180.0,249
2023-05-09 22:55:05,ru2401C14750,ru2401C14750,359.0,0.0,0.0,0.0,1,320.0,527.0,1,290.0,316.0,380.0,316.0,49.0,169180.0,249
2023-05-09 22:55:06,ru2401C14750,ru2401C14750,359.0,0.0,0.0,0.0,1,320.0,526.0,1,290.0,316.0,380.0,316.0,49.0,169180.0,249
2023-05-09 22:55:06,ru2401C14750,ru2401C14750,359.0,0.0,0.0,0.0,2,320.0,525.0,1,290.0,316.0,380.0,316.0,49.0,169180.0,249
2023-05-09 22:55:07,ru2401C14750,ru2401C14750,359.0,0.0,0.0,0.0,1,320.0,525.0,1,290.0,316.0,380.0,316.0,49.0,169180.0,249
2023-05-09 22:55:07,ru2401C14750,ru2401C14750,359.0,0.0,0.0,0.0,1,320.0,524.0,1,290.0,316.0,380.0,316.0,49.0,169180.0,249
2023-05-09 22:55:08,ru2401C14750,ru2401C14750,359.0,0.0,0.0,0.0,1,320.0,523.0,1,290.0,316.0,380.0,316.0,49.0,169180.0,249
2023-05-09 22:55:08,ru2401C14750,ru2401C14750,359.0,0.0,0.0,0.0,1,320.0,523.0,1,290.0,316.0,380.0,316.0,49.0,169180.0,249
2023-05-09 22:55:09,ru2401C14750,ru2401C14750,359.0,0.0,0.0,0.0,1,320.0,522.0,1,290.0,316.0,380.0,316.0,49.0,169180.0,249
2023-05-09 22:55:09,ru2401C14750,ru2401C14750,359.0,0.0,0.0,0.0,2,320.0,522.0,1,290.0,316.0,380.0,316.0,49.0,169180.0,249
2023-05-09 22:55:11,ru2401C14750,ru2401C14750,359.0,0.0,0.0,0.0,1,320.0,522.0,1,290.0,316.0,380.0,316.0,49.0,169180.0,249
2023-05-09 22:55:18,ru2401C14750,ru2401C14750,359.0,0.0,0.0,0.0,1,320.0,521.0,1,290.0,316.0,380.0,316.0,49.0,169180.0,249
2023-05-09 22:55:18,ru2401C14750,ru2401C14750,359.0,0.0,0.0,0.0,2,320.0,521.0,1,290.0,316.0,380.0,316.0,49.0,169180.0,249
2023-05-09 22:55:19,ru2401C14750,ru2401C14750,359.0,0.0,0.0,0.0,2,320.0,520.0,1,290.0,316.0,380.0,316.0,49.0,169180.0,249
2023-05-09 22:55:24,ru2401C14750,ru2401C14750,359.0,0.0,0.0,0.0,1,320.0,520.0,1,290.0,316.0,380.0,316.0,49.0,169180.0,249
2023-05-09 22:55:28,ru2401C14750,ru2401C14750,359.0,0.0,0.0,0.0,1,320.0,519.0,1,290.0,316.0,380.0,316.0,49.0,169180.0,249
2023-05-09 22:55:28,ru2401C14750,ru2401C14750,359.0,0.0,0.0,0.0,1,320.0,519.0,1,290.0,316.0,380.0,316.0,49.0,169180.0,249
2023-05-09 22:55:29,ru2401C14750,ru2401C14750,359.0,0.0,0.0,0.0,1,320.0,518.0,1,290.0,316.0,380.0,316.0,49.0,169180.0,249
2023-05-09 22:55:34,ru2401C14750,ru2401C14750,359.0,0.0,0.0,0.0,1,320.0,390.0,1,290.0,316.0,380.0,316.0,49.0,169180.0,249
2023-05-09 22:55:35,ru2401C14750,ru2401C14750,359.0,0.0,0.0,0.0,1,320.0,390.0,1,290.0,316.0,380.0,316.0,49.0,169180.0,249
2023-05-09 22:55:35,ru2401C14750,ru2401C14750,359.0,0.0,0.0,0.0,1,320.0,389.0,1,290.0,316.0,380.0,316.0,49.0,169180.0,249
2023-05-09 22:55:38,ru2401C14750,ru2401C14750,359.0,0.0,0.0,0.0,1,320.0,389.0,1,290.0,316.0,380.0,316.0,49.0,169180.0,249
2023-05-09 22:57:04,ru2401C14750,ru2401C14750,359.0,0.0,0.0,0.0,1,320.0,519.0,1,290.0,316.0,380.0,316.0,49.0,169180.0,249
2023-05-09 22:58:00,ru2401C14750,ru2401C14750,359.0,0.0,0.0,0.0,1,320.0,580.0,2,290.0,316.0,380.0,316.0,49.0,169180.0,249
2023-05-10 09:00:01,ru2401C14750,ru2401C14750,359.0,0.0,0.0,0.0,1,320.0,500.0,3,290.0,316.0,380.0,316.0,49.0,169180.0,249
2023-05-10 09:02:11,ru2401C14750,ru2401C14750,359.0,0.0,0.0,0.0,1,321.0,500.0,3,290.0,316.0,380.0,316.0,49.0,169180.0,249
2023-05-10 09:02:12,ru2401C14750,ru2401C14750,359.0,0.0,0.0,0.0,1,321.0,499.0,1,290.0,316.0,380.0,316.0,49.0,169180.0,249
2023-05-10 09:02:18,ru2401C14750,ru2401C14750,359.0,0.0,0.0,0.0,1,321.0,499.0,1,290.0,316.0,380.0,316.0,49.0,169180.0,249
2023-05-10 09:02:25,ru2401C14750,ru2401C14750,359.0,0.0,0.0,0.0,1,321.0,420.0,2,290.0,316.0,380.0,316.0,49.0,169180.0,249
2023-05-10 09:02:25,ru2401C14750,ru2401C14750,359.0,0.0,0.0,0.0,1,321.0,420.0,2,290.0,316.0,380.0,316.0,49.0,169180.0,249
2023-05-10 09:02:35,ru2401C14750,ru2401C14750,359.0,0.0,0.0,0.0,1,355.0,359.0,1,290.0,316.0,380.0,316.0,49.0,169180.0,249
2023-05-10 09:02:36,ru2401C14750,ru2401C14750,359.0,0.0,0.0,0.0,1,355.0,359.0,1,290.0,316.0,380.0,316.0,49.0,169180.0,249
2023-05-10 09:02:37,ru2401C14750,ru2401C14750,359.0,0.0,0.0,0.0,1,355.0,359.0,1,290.0,316.0,380.0,316.0,49.0,169180.0,249
2023-05-10 09:02:39,ru2401C14750,ru2401C14750,359.0,0.0,0.0,0.0,2,355.0,359.0,1,290.0,316.0,380.0,316.0,49.0,169180.0,249
2023-05-10 09:02:47,ru2401C14750,ru2401C14750,359.0,0.0,0.0,0.0,1,355.0,374.0,1,290.0,316.0,380.0,316.0,49.0,169180.0,249
2023-05-10 09:02:48,ru2401C14750,ru2401C14750,359.0,0.0,0.0,0.0,1,355.0,399.0,1,290.0,316.0,380.0,316.0,49.0,169180.0,249
2023-05-10 09:02:48,ru2401C14750,ru2401C14750,359.0,0.0,0.0,0.0,1,321.0,409.0,1,290.0,316.0,380.0,316.0,49.0,169180.0,249
2023-05-10 09:02:51,ru2401C14750,ru2401C14750,359.0,0.0,0.0,0.0,1,321.0,420.0,2,290.0,316.0,380.0,316.0,49.0,169180.0,249
2023-05-10 09:02:52,ru2401C14750,ru2401C14750,359.0,0.0,0.0,0.0,1,321.0,419.0,1,290.0,316.0,380.0,316.0,49.0,169180.0,249
2023-05-10 09:03:03,ru2401C14750,ru2401C14750,359.0,0.0,0.0,0.0,1,321.0,420.0,2,290.0,316.0,380.0,316.0,49.0,169180.0,249
2023-05-10 09:03:24,ru2401C14750,ru2401C14750,420.0,1.0,4200.0,1.0,1,321.0,420.0,1,290.0,316.0,420.0,316.0,50.0,173380.0,250
2023-05-10 09:03:32,ru2401C14750,ru2401C14750,420.0,0.0,0.0,0.0,1,321.0,420.0,2,290.0,316.0,420.0,316.0,50.0,173380.0,250
2023-05-10 09:03:32,ru2401C14750,ru2401C14750,420.0,0.0,0.0,0.0,1,321.0,419.0,1,290.0,316.0,420.0,316.0,50.0,173380.0,250
2023-05-10 09:03:37,ru2401C14750,ru2401C14750,420.0,0.0,0.0,0.0,1,321.0,418.0,1,290.0,316.0,420.0,316.0,50.0,173380.0,250
2023-05-10 09:03:38,ru2401C14750,ru2401C14750,420.0,0.0,0.0,0.0,1,321.0,418.0,1,290.0,316.0,420.0,316.0,50.0,173380.0,250
2023-05-10 09:03:38,ru2401C14750,ru2401C14750,420.0,0.0,0.0,0.0,1,322.0,418.0,2,290.0,316.0,420.0,316.0,50.0,173380.0,250
2023-05-10 09:04:02,ru2401C14750,ru2401C14750,420.0,0.0,0.0,0.0,1,322.0,418.0,1,290.0,316.0,420.0,316.0,50.0,173380.0,250
2023-05-10 09:04:13,ru2401C14750,ru2401C14750,420.0,0.0,0.0,0.0,1,322.0,350.0,10,290.0,316.0,420.0,316.0,50.0,173380.0,250
2023-05-10 09:04:19,ru2401C14750,ru2401C14750,420.0,0.0,0.0,0.0,1,322.0,350.0,10,290.0,316.0,420.0,316.0,50.0,173380.0,250
2023-05-10 09:04:20,ru2401C14750,ru2401C14750,420.0,0.0,0.0,0.0,1,322.0,350.0,10,290.0,316.0,420.0,316.0,50.0,173380.0,250
2023-05-10 09:04:21,ru2401C14750,ru2401C14750,420.0,0.0,0.0,0.0,1,322.0,350.0,10,290.0,316.0,420.0,316.0,50.0,173380.0,250
2023-05-10 09:04:22,ru2401C14750,ru2401C14750,420.0,0.0,0.0,0.0,1,322.0,350.0,10,290.0,316.0,420.0,316.0,50.0,173380.0,250
2023-05-10 09:04:23,ru2401C14750,ru2401C14750,420.0,0.0,0.0,0.0,1,322.0,350.0,10,290.0,316.0,420.0,316.0,50.0,173380.0,250
2023-05-10 09:04:24,ru2401C14750,ru2401C14750,420.0,0.0,0.0,0.0,1,322.0,350.0,10,290.0,316.0,420.0,316.0,50.0,173380.0,250
2023-05-10 09:04:25,ru2401C14750,ru2401C14750,420.0,0.0,0.0,0.0,1,322.0,350.0,10,290.0,316.0,420.0,316.0,50.0,173380.0,250
2023-05-10 09:04:26,ru2401C14750,ru2401C14750,420.0,0.0,0.0,0.0,1,322.0,350.0,10,290.0,316.0,420.0,316.0,50.0,173380.0,250
2023-05-10 09:04:27,ru2401C14750,ru2401C14750,420.0,0.0,0.0,0.0,1,322.0,350.0,10,290.0,316.0,420.0,316.0,50.0,173380.0,250
2023-05-10 09:04:28,ru2401C14750,ru2401C14750,420.0,0.0,0.0,0.0,1,322.0,350.0,10,290.0,316.0,420.0,316.0,50.0,173380.0,250
2023-05-10 09:04:30,ru2401C14750,ru2401C14750,420.0,0.0,0.0,0.0,1,322.0,350.0,10,290.0,316.0,420.0,316.0,50.0,173380.0,250
2023-05-10 09:04:31,ru2401C14750,ru2401C14750,420.0,0.0,0.0,0.0,1,322.0,350.0,10,290.0,316.0,420.0,316.0,50.0,173380.0,250
2023-05-10 09:04:32,ru2401C14750,ru2401C14750,420.0,0.0,0.0,0.0,1,322.0,350.0,10,290.0,316.0,420.0,316.0,50.0,173380.0,250
2023-05-10 09:04:33,ru2401C14750,ru2401C14750,420.0,0.0,0.0,0.0,1,322.0,350.0,10,290.0,316.0,420.0,316.0,50.0,173380.0,250
2023-05-10 09:04:35,ru2401C14750,ru2401C14750,420.0,0.0,0.0,0.0,1,322.0,350.0,10,290.0,316.0,420.0,316.0,50.0,173380.0,250
2023-05-10 09:05:21,ru2401C14750,ru2401C14750,350.0,1.0,3500.0,0.0,3,321.0,350.0,9,290.0,316.0,420.0,316.0,51.0,176880.0,250
2023-05-10 09:05:26,ru2401C14750,ru2401C14750,350.0,0.0,0.0,0.0,3,321.0,350.0,9,290.0,316.0,420.0,316.0,51.0,176880.0,250
2023-05-10 09:05:37,ru2401C14750,ru2401C14750,350.0,0.0,0.0,0.0,1,322.0,350.0,9,290.0,316.0,420.0,316.0,51.0,176880.0,250
2023-05-10 09:05:54,ru2401C14750,ru2401C14750,350.0,9.0,31500.0,9.0,1,322.0,351.0,2,290.0,316.0,420.0,316.0,60.0,208380.0,259
2023-05-10 09:05:55,ru2401C14750,ru2401C14750,350.0,0.0,0.0,0.0,1,322.0,360.0,12,290.0,316.0,420.0,316.0,60.0,208380.0,259
2023-05-10 09:05:56,ru2401C14750,ru2401C14750,350.0,0.0,0.0,0.0,1,350.0,360.0,12,290.0,316.0,420.0,316.0,60.0,208380.0,259
2023-05-10 09:06:02,ru2401C14750,ru2401C14750,350.0,0.0,0.0,0.0,1,322.0,360.0,12,290.0,316.0,420.0,316.0,60.0,208380.0,259
2023-05-10 09:06:04,ru2401C14750,ru2401C14750,350.0,0.0,0.0,0.0,2,323.0,360.0,12,290.0,316.0,420.0,316.0,60.0,208380.0,259
2023-05-10 09:06:08,ru2401C14750,ru2401C14750,350.0,0.0,0.0,0.0,2,323.0,360.0,12,290.0,316.0,420.0,316.0,60.0,208380.0,259
2023-05-10 09:06:15,ru2401C14750,ru2401C14750,360.0,1.0,3600.0,1.0,2,323.0,360.0,11,290.0,316.0,420.0,316.0,61.0,211980.0,260
2023-05-10 09:06:37,ru2401C14750,ru2401C14750,360.0,0.0,0.0,0.0,1,322.0,360.0,11,290.0,316.0,420.0,316.0,61.0,211980.0,260
2023-05-10 09:07:28,ru2401C14750,ru2401C14750,360.0,1.0,3600.0,1.0,1,322.0,360.0,10,290.0,316.0,420.0,316.0,62.0,215580.0,261
2023-05-10 09:07:45,ru2401C14750,ru2401C14750,360.0,0.0,0.0,0.0,3,348.0,360.0,10,290.0,316.0,420.0,316.0,62.0,215580.0,261
2023-05-10 09:07:46,ru2401C14750,ru2401C14750,360.0,0.0,0.0,0.0,3,348.0,360.0,10,290.0,316.0,420.0,316.0,62.0,215580.0,261
2023-05-10 09:07:49,ru2401C14750,ru2401C14750,360.0,0.0,0.0,0.0,3,348.0,360.0,10,290.0,316.0,420.0,316.0,62.0,215580.0,261
2023-05-10 09:07:51,ru2401C14750,ru2401C14750,360.0,0.0,0.0,0.0,3,348.0,360.0,10,290.0,316.0,420.0,316.0,62.0,215580.0,261
2023-05-10 09:07:54,ru2401C14750,ru2401C14750,360.0,0.0,0.0,0.0,3,348.0,360.0,8,290.0,316.0,420.0,316.0,62.0,215580.0,261
2023-05-10 09:07:54,ru2401C14750,ru2401C14750,360.0,0.0,0.0,0.0,3,348.0,360.0,10,290.0,316.0,420.0,316.0,62.0,215580.0,261
2023-05-10 09:07:57,ru2401C14750,ru2401C14750,360.0,0.0,0.0,0.0,3,348.0,360.0,10,290.0,316.0,420.0,316.0,62.0,215580.0,261
2023-05-10 09:08:00,ru2401C14750,ru2401C14750,360.0,0.0,0.0,0.0,3,348.0,360.0,10,290.0,316.0,420.0,316.0,62.0,215580.0,261
2023-05-10 09:08:04,ru2401C14750,ru2401C14750,360.0,0.0,0.0,0.0,3,348.0,360.0,10,290.0,316.0,420.0,316.0,62.0,215580.0,261
2023-05-10 09:08:05,ru2401C14750,ru2401C14750,360.0,0.0,0.0,0.0,3,348.0,360.0,10,290.0,316.0,420.0,316.0,62.0,215580.0,261
2023-05-10 09:08:07,ru2401C14750,ru2401C14750,360.0,1.0,3600.0,1.0,3,348.0,360.0,9,290.0,316.0,420.0,316.0,63.0,219180.0,262
2023-05-10 09:08:09,ru2401C14750,ru2401C14750,360.0,0.0,0.0,0.0,3,348.0,360.0,9,290.0,316.0,420.0,316.0,63.0,219180.0,262
2023-05-10 09:08:13,ru2401C14750,ru2401C14750,360.0,0.0,0.0,0.0,1,350.0,360.0,9,290.0,316.0,420.0,316.0,63.0,219180.0,262
2023-05-10 09:08:55,ru2401C14750,ru2401C14750,360.0,9.0,32400.0,9.0,1,350.0,362.0,2,290.0,316.0,420.0,316.0,72.0,251580.0,271
2023-05-10 09:08:56,ru2401C14750,ru2401C14750,360.0,0.0,0.0,0.0,1,350.0,580.0,2,290.0,316.0,420.0,316.0,72.0,251580.0,271
2023-05-10 09:08:56,ru2401C14750,ru2401C14750,360.0,0.0,0.0,0.0,1,350.0,579.0,1,290.0,316.0,420.0,316.0,72.0,251580.0,271
2023-05-10 09:09:04,ru2401C14750,ru2401C14750,360.0,0.0,0.0,0.0,1,350.0,579.0,1,290.0,316.0,420.0,316.0,72.0,251580.0,271
2023-05-10 09:09:14,ru2401C14750,ru2401C14750,360.0,0.0,0.0,0.0,1,350.0,430.0,5,290.0,316.0,420.0,316.0,72.0,251580.0,271
2023-05-10 09:09:23,ru2401C14750,ru2401C14750,360.0,0.0,0.0,0.0,1,350.0,430.0,5,290.0,316.0,420.0,316.0,72.0,251580.0,271
2023-05-10 09:09:40,ru2401C14750,ru2401C14750,360.0,0.0,0.0,0.0,1,360.0,430.0,5,290.0,316.0,420.0,316.0,72.0,251580.0,271
2023-05-10 09:09:42,ru2401C14750,ru2401C14750,360.0,0.0,0.0,0.0,2,360.0,430.0,5,290.0,316.0,420.0,316.0,72.0,251580.0,271
2023-05-10 09:09:47,ru2401C14750,ru2401C14750,360.0,0.0,0.0,0.0,2,360.0,430.0,5,290.0,316.0,420.0,316.0,72.0,251580.0,271
2023-05-10 09:10:07,ru2401C14750,ru2401C14750,360.0,0.0,0.0,0.0,2,360.0,429.0,1,290.0,316.0,420.0,316.0,72.0,251580.0,271
2023-05-10 09:10:15,ru2401C14750,ru2401C14750,360.0,0.0,0.0,0.0,1,360.0,429.0,1,290.0,316.0,420.0,316.0,72.0,251580.0,271
2023-05-10 09:10:39,ru2401C14750,ru2401C14750,360.0,1.0,3600.0,0.0,1,322.0,429.0,1,290.0,316.0,420.0,316.0,73.0,255180.0,271
2023-05-10 09:11:32,ru2401C14750,ru2401C14750,360.0,0.0,0.0,0.0,1,359.0,429.0,1,290.0,316.0,420.0,316.0,73.0,255180.0,271
2023-05-10 09:12:06,ru2401C14750,ru2401C14750,360.0,0.0,0.0,0.0,1,359.0,420.0,5,290.0,316.0,420.0,316.0,73.0,255180.0,271
2023-05-10 09:12:09,ru2401C14750,ru2401C14750,360.0,0.0,0.0,0.0,1,359.0,420.0,5,290.0,316.0,420.0,316.0,73.0,255180.0,271
2023-05-10 09:15:54,ru2401C14750,ru2401C14750,360.0,0.0,0.0,0.0,1,359.0,420.0,5,290.0,316.0,420.0,316.0,73.0,255180.0,271
2023-05-10 09:17:01,ru2401C14750,ru2401C14750,360.0,0.0,0.0,0.0,1,359.0,410.0,1,290.0,316.0,420.0,316.0,73.0,255180.0,271
2023-05-10 09:17:29,ru2401C14750,ru2401C14750,360.0,0.0,0.0,0.0,1,359.0,409.0,1,290.0,316.0,420.0,316.0,73.0,255180.0,271
2023-05-10 09:17:40,ru2401C14750,ru2401C14750,360.0,0.0,0.0,0.0,1,359.0,409.0,3,290.0,316.0,420.0,316.0,73.0,255180.0,271
2023-05-10 09:20:23,ru2401C14750,ru2401C14750,360.0,0.0,0.0,0.0,4,370.0,409.0,3,290.0,316.0,420.0,316.0,73.0,255180.0,271
2023-05-10 09:20:23,ru2401C14750,ru2401C14750,360.0,0.0,0.0,0.0,4,370.0,409.0,5,290.0,316.0,420.0,316.0,73.0,255180.0,271
2023-05-10 09:20:24,ru2401C14750,ru2401C14750,360.0,0.0,0.0,0.0,4,370.0,409.0,5,290.0,316.0,420.0,316.0,73.0,255180.0,271
2023-05-10 09:20:26,ru2401C14750,ru2401C14750,360.0,0.0,0.0,0.0,4,370.0,409.0,5,290.0,316.0,420.0,316.0,73.0,255180.0,271
2023-05-10 09:20:29,ru2401C14750,ru2401C14750,360.0,0.0,0.0,0.0,4,370.0,409.0,3,290.0,316.0,420.0,316.0,73.0,255180.0,271
2023-05-10 09:20:29,ru2401C14750,ru2401C14750,360.0,0.0,0.0,0.0,6,370.0,409.0,5,290.0,316.0,420.0,316.0,73.0,255180.0,271
2023-05-10 09:20:30,ru2401C14750,ru2401C14750,360.0,0.0,0.0,0.0,4,370.0,409.0,5,290.0,316.0,420.0,316.0,73.0,255180.0,271
2023-05-10 09:20:31,ru2401C14750,ru2401C14750,360.0,0.0,0.0,0.0,4,370.0,409.0,3,290.0,316.0,420.0,316.0,73.0,255180.0,271
2023-05-10 09:20:31,ru2401C14750,ru2401C14750,360.0,0.0,0.0,0.0,4,370.0,409.0,5,290.0,316.0,420.0,316.0,73.0,255180.0,271
2023-05-10 09:21:31,ru2401C14750,ru2401C14750,360.0,0.0,0.0,0.0,4,370.0,408.0,1,290.0,316.0,420.0,316.0,73.0,255180.0,271
2023-05-10 09:21:49,ru2401C14750,ru2401C14750,360.0,0.0,0.0,0.0,2,369.0,408.0,1,290.0,316.0,420.0,316.0,73.0,255180.0,271
2023-05-10 09:21:49,ru2401C14750,ru2401C14750,360.0,0.0,0.0,0.0,1,359.0,408.0,1,290.0,316.0,420.0,316.0,73.0,255180.0,271
2023-05-10 09:22:36,ru2401C14750,ru2401C14750,360.0,0.0,0.0,0.0,1,359.0,407.0,1,290.0,316.0,420.0,316.0,73.0,255180.0,271
2023-05-10 09:22:37,ru2401C14750,ru2401C14750,360.0,0.0,0.0,0.0,1,359.0,407.0,1,290.0,316.0,420.0,316.0,73.0,255180.0,271
2023-05-10 09:22:37,ru2401C14750,ru2401C14750,360.0,0.0,0.0,0.0,1,359.0,406.0,1,290.0,316.0,420.0,316.0,73.0,255180.0,271
2023-05-10 09:22:42,ru2401C14750,ru2401C14750,360.0,0.0,0.0,0.0,1,359.0,405.0,1,290.0,316.0,420.0,316.0,73.0,255180.0,271
2023-05-10 09:22:42,ru2401C14750,ru2401C14750,360.0,0.0,0.0,0.0,1,359.0,405.0,1,290.0,316.0,420.0,316.0,73.0,255180.0,271
2023-05-10 09:22:43,ru2401C14750,ru2401C14750,360.0,0.0,0.0,0.0,1,359.0,404.0,1,290.0,316.0,420.0,316.0,73.0,255180.0,271
2023-05-10 09:22:44,ru2401C14750,ru2401C14750,360.0,0.0,0.0,0.0,1,359.0,403.0,1,290.0,316.0,420.0,316.0,73.0,255180.0,271
2023-05-10 09:22:45,ru2401C14750,ru2401C14750,360.0,0.0,0.0,0.0,1,359.0,403.0,1,290.0,316.0,420.0,316.0,73.0,255180.0,271
2023-05-10 09:22:45,ru2401C14750,ru2401C14750,360.0,0.0,0.0,0.0,1,359.0,402.0,1,290.0,316.0,420.0,316.0,73.0,255180.0,271
2023-05-10 09:22:47,ru2401C14750,ru2401C14750,360.0,0.0,0.0,0.0,1,359.0,401.0,1,290.0,316.0,420.0,316.0,73.0,255180.0,271
2023-05-10 09:22:47,ru2401C14750,ru2401C14750,360.0,0.0,0.0,0.0,1,359.0,401.0,1,290.0,316.0,420.0,316.0,73.0,255180.0,271
2023-05-10 09:22:48,ru2401C14750,ru2401C14750,360.0,0.0,0.0,0.0,1,359.0,400.0,1,290.0,316.0,420.0,316.0,73.0,255180.0,271
2023-05-10 09:22:51,ru2401C14750,ru2401C14750,360.0,0.0,0.0,0.0,1,359.0,399.0,2,290.0,316.0,420.0,316.0,73.0,255180.0,271
2023-05-10 09:22:51,ru2401C14750,ru2401C14750,360.0,0.0,0.0,0.0,1,359.0,399.0,2,290.0,316.0,420.0,316.0,73.0,255180.0,271
2023-05-10 09:22:52,ru2401C14750,ru2401C14750,360.0,0.0,0.0,0.0,1,359.0,398.0,1,290.0,316.0,420.0,316.0,73.0,255180.0,271
2023-05-10 09:22:53,ru2401C14750,ru2401C14750,360.0,0.0,0.0,0.0,1,359.0,397.0,2,290.0,316.0,420.0,316.0,73.0,255180.0,271
2023-05-10 09:22:54,ru2401C14750,ru2401C14750,360.0,0.0,0.0,0.0,1,359.0,397.0,2,290.0,316.0,420.0,316.0,73.0,255180.0,271
2023-05-10 09:22:54,ru2401C14750,ru2401C14750,360.0,0.0,0.0,0.0,1,359.0,396.0,1,290.0,316.0,420.0,316.0,73.0,255180.0,271
2023-05-10 09:22:56,ru2401C14750,ru2401C14750,360.0,0.0,0.0,0.0,1,359.0,395.0,2,290.0,316.0,420.0,316.0,73.0,255180.0,271
2023-05-10 09:22:57,ru2401C14750,ru2401C14750,360.0,0.0,0.0,0.0,1,359.0,395.0,2,290.0,316.0,420.0,316.0,73.0,255180.0,271
2023-05-10 09:23:43,ru2401C14750,ru2401C14750,360.0,0.0,0.0,0.0,4,369.0,395.0,2,290.0,316.0,420.0,316.0,73.0,255180.0,271
2023-05-10 09:23:44,ru2401C14750,ru2401C14750,360.0,0.0,0.0,0.0,6,369.0,395.0,4,290.0,316.0,420.0,316.0,73.0,255180.0,271
2023-05-10 09:25:10,ru2401C14750,ru2401C14750,360.0,0.0,0.0,0.0,2,369.0,395.0,4,290.0,316.0,420.0,316.0,73.0,255180.0,271
2023-05-10 09:25:10,ru2401C14750,ru2401C14750,360.0,0.0,0.0,0.0,1,359.0,395.0,4,290.0,316.0,420.0,316.0,73.0,255180.0,271
2023-05-10 09:25:11,ru2401C14750,ru2401C14750,360.0,0.0,0.0,0.0,1,359.0,395.0,5,290.0,316.0,420.0,316.0,73.0,255180.0,271
2023-05-10 09:25:20,ru2401C14750,ru2401C14750,360.0,0.0,0.0,0.0,1,359.0,395.0,4,290.0,316.0,420.0,316.0,73.0,255180.0,271
2023-05-10 09:25:20,ru2401C14750,ru2401C14750,360.0,0.0,0.0,0.0,1,359.0,395.0,5,290.0,316.0,420.0,316.0,73.0,255180.0,271
2023-05-10 09:25:50,ru2401C14750,ru2401C14750,360.0,0.0,0.0,0.0,1,359.0,395.0,3,290.0,316.0,420.0,316.0,73.0,255180.0,271
2023-05-10 09:25:52,ru2401C14750,ru2401C14750,360.0,0.0,0.0,0.0,1,359.0,395.0,2,290.0,316.0,420.0,316.0,73.0,255180.0,271
2023-05-10 09:26:43,ru2401C14750,ru2401C14750,360.0,0.0,0.0,0.0,1,359.0,395.0,2,290.0,316.0,420.0,316.0,73.0,255180.0,271
2023-05-10 09:26:43,ru2401C14750,ru2401C14750,360.0,0.0,0.0,0.0,1,359.0,390.0,1,290.0,316.0,420.0,316.0,73.0,255180.0,271
2023-05-10 09:27:50,ru2401C14750,ru2401C14750,360.0,0.0,0.0,0.0,1,359.0,390.0,1,290.0,316.0,420.0,316.0,73.0,255180.0,271
2023-05-10 09:27:51,ru2401C14750,ru2401C14750,360.0,0.0,0.0,0.0,1,359.0,389.0,2,290.0,316.0,420.0,316.0,73.0,255180.0,271
2023-05-10 09:28:05,ru2401C14750,ru2401C14750,360.0,0.0,0.0,0.0,1,359.0,380.0,5,290.0,316.0,420.0,316.0,73.0,255180.0,271
2023-05-10 09:28:13,ru2401C14750,ru2401C14750,360.0,0.0,0.0,0.0,1,350.0,380.0,5,290.0,316.0,420.0,316.0,73.0,255180.0,271
2023-05-10 09:29:27,ru2401C14750,ru2401C14750,360.0,0.0,0.0,0.0,1,350.0,380.0,5,290.0,316.0,420.0,316.0,73.0,255180.0,271
2023-05-10 09:32:07,ru2401C14750,ru2401C14750,360.0,0.0,0.0,0.0,1,350.0,379.0,1,290.0,316.0,420.0,316.0,73.0,255180.0,271
2023-05-10 09:34:12,ru2401C14750,ru2401C14750,360.0,0.0,0.0,0.0,1,352.0,379.0,1,290.0,316.0,420.0,316.0,73.0,255180.0,271
2023-05-10 09:34:34,ru2401C14750,ru2401C14750,360.0,0.0,0.0,0.0,1,352.0,374.0,5,290.0,316.0,420.0,316.0,73.0,255180.0,271
2023-05-10 09:34:47,ru2401C14750,ru2401C14750,374.0,5.0,18700.0,5.0,1,352.0,379.0,1,290.0,316.0,420.0,316.0,78.0,273880.0,276
2023-05-10 09:34:48,ru2401C14750,ru2401C14750,374.0,0.0,0.0,0.0,2,352.0,379.0,1,290.0,316.0,420.0,316.0,78.0,273880.0,276
2023-05-10 09:34:58,ru2401C14750,ru2401C14750,379.0,1.0,3790.0,1.0,2,352.0,390.0,1,290.0,316.0,420.0,316.0,79.0,277670.0,277
2023-05-10 09:35:04,ru2401C14750,ru2401C14750,379.0,0.0,0.0,0.0,2,352.0,389.0,1,290.0,316.0,420.0,316.0,79.0,277670.0,277
2023-05-10 09:35:06,ru2401C14750,ru2401C14750,379.0,0.0,0.0,0.0,1,353.0,389.0,1,290.0,316.0,420.0,316.0,79.0,277670.0,277
2023-05-10 09:35:07,ru2401C14750,ru2401C14750,379.0,0.0,0.0,0.0,1,353.0,389.0,1,290.0,316.0,420.0,316.0,79.0,277670.0,277
2023-05-10 09:35:07,ru2401C14750,ru2401C14750,379.0,0.0,0.0,0.0,2,353.0,389.0,1,290.0,316.0,420.0,316.0,79.0,277670.0,277
2023-05-10 09:35:08,ru2401C14750,ru2401C14750,379.0,0.0,0.0,0.0,1,353.0,389.0,1,290.0,316.0,420.0,316.0,79.0,277670.0,277
2023-05-10 09:36:35,ru2401C14750,ru2401C14750,379.0,0.0,0.0,0.0,1,354.0,389.0,1,290.0,316.0,420.0,316.0,79.0,277670.0,277
2023-05-10 09:37:16,ru2401C14750,ru2401C14750,379.0,0.0,0.0,0.0,1,354.0,389.0,1,290.0,316.0,420.0,316.0,79.0,277670.0,277
2023-05-10 09:37:34,ru2401C14750,ru2401C14750,379.0,0.0,0.0,0.0,1,360.0,389.0,1,290.0,316.0,420.0,316.0,79.0,277670.0,277
2023-05-10 09:37:34,ru2401C14750,ru2401C14750,379.0,0.0,0.0,0.0,1,360.0,389.0,1,290.0,316.0,420.0,316.0,79.0,277670.0,277
2023-05-10 09:37:35,ru2401C14750,ru2401C14750,379.0,0.0,0.0,0.0,1,361.0,389.0,1,290.0,316.0,420.0,316.0,79.0,277670.0,277
2023-05-10 09:37:40,ru2401C14750,ru2401C14750,379.0,0.0,0.0,0.0,1,361.0,389.0,1,290.0,316.0,420.0,316.0,79.0,277670.0,277
2023-05-10 09:37:40,ru2401C14750,ru2401C14750,379.0,0.0,0.0,0.0,1,362.0,389.0,1,290.0,316.0,420.0,316.0,79.0,277670.0,277
2023-05-10 09:37:41,ru2401C14750,ru2401C14750,379.0,0.0,0.0,0.0,1,362.0,389.0,1,290.0,316.0,420.0,316.0,79.0,277670.0,277
2023-05-10 09:37:41,ru2401C14750,ru2401C14750,379.0,0.0,0.0,0.0,2,362.0,389.0,1,290.0,316.0,420.0,316.0,79.0,277670.0,277
2023-05-10 09:37:59,ru2401C14750,ru2401C14750,379.0,0.0,0.0,0.0,1,362.0,389.0,1,290.0,316.0,420.0,316.0,79.0,277670.0,277
2023-05-10 09:38:49,ru2401C14750,ru2401C14750,379.0,0.0,0.0,0.0,1,362.0,389.0,1,290.0,316.0,420.0,316.0,79.0,277670.0,277
2023-05-10 09:38:49,ru2401C14750,ru2401C14750,379.0,0.0,0.0,0.0,1,363.0,389.0,1,290.0,316.0,420.0,316.0,79.0,277670.0,277
2023-05-10 09:38:56,ru2401C14750,ru2401C14750,379.0,0.0,0.0,0.0,1,363.0,389.0,1,290.0,316.0,420.0,316.0,79.0,277670.0,277
2023-05-10 09:38:58,ru2401C14750,ru2401C14750,379.0,0.0,0.0,0.0,1,363.0,389.0,1,290.0,316.0,420.0,316.0,79.0,277670.0,277
2023-05-10 09:39:03,ru2401C14750,ru2401C14750,379.0,0.0,0.0,0.0,1,363.0,389.0,1,290.0,316.0,420.0,316.0,79.0,277670.0,277
2023-05-10 09:39:28,ru2401C14750,ru2401C14750,379.0,0.0,0.0,0.0,1,363.0,389.0,1,290.0,316.0,420.0,316.0,79.0,277670.0,277
2023-05-10 09:41:28,ru2401C14750,ru2401C14750,379.0,0.0,0.0,0.0,3,362.0,389.0,1,290.0,316.0,420.0,316.0,79.0,277670.0,277
2023-05-10 09:41:28,ru2401C14750,ru2401C14750,379.0,0.0,0.0,0.0,4,362.0,389.0,1,290.0,316.0,420.0,316.0,79.0,277670.0,277
2023-05-10 09:42:03,ru2401C14750,ru2401C14750,379.0,0.0,0.0,0.0,3,362.0,389.0,1,290.0,316.0,420.0,316.0,79.0,277670.0,277
2023-05-10 09:42:16,ru2401C14750,ru2401C14750,379.0,0.0,0.0,0.0,3,362.0,389.0,1,290.0,316.0,420.0,316.0,79.0,277670.0,277
2023-05-10 09:42:17,ru2401C14750,ru2401C14750,379.0,0.0,0.0,0.0,1,362.0,389.0,1,290.0,316.0,420.0,316.0,79.0,277670.0,277
2023-05-10 09:46:26,ru2401C14750,ru2401C14750,379.0,0.0,0.0,0.0,3,350.0,389.0,1,290.0,316.0,420.0,316.0,79.0,277670.0,277
2023-05-10 09:46:27,ru2401C14750,ru2401C14750,379.0,0.0,0.0,0.0,1,351.0,389.0,1,290.0,316.0,420.0,316.0,79.0,277670.0,277
2023-05-10 09:46:27,ru2401C14750,ru2401C14750,379.0,0.0,0.0,0.0,1,351.0,389.0,1,290.0,316.0,420.0,316.0,79.0,277670.0,277
2023-05-10 09:46:29,ru2401C14750,ru2401C14750,379.0,0.0,0.0,0.0,1,352.0,389.0,1,290.0,316.0,420.0,316.0,79.0,277670.0,277
2023-05-10 09:46:30,ru2401C14750,ru2401C14750,379.0,0.0,0.0,0.0,1,352.0,389.0,1,290.0,316.0,420.0,316.0,79.0,277670.0,277
2023-05-10 09:46:30,ru2401C14750,ru2401C14750,379.0,0.0,0.0,0.0,1,353.0,389.0,1,290.0,316.0,420.0,316.0,79.0,277670.0,277
2023-05-10 09:50:20,ru2401C14750,ru2401C14750,379.0,0.0,0.0,0.0,1,353.0,390.0,3,290.0,316.0,420.0,316.0,79.0,277670.0,277
2023-05-10 09:50:21,ru2401C14750,ru2401C14750,379.0,0.0,0.0,0.0,1,353.0,390.0,1,290.0,316.0,420.0,316.0,79.0,277670.0,277
2023-05-10 09:53:10,ru2401C14750,ru2401C14750,379.0,0.0,0.0,0.0,1,352.0,390.0,1,290.0,316.0,420.0,316.0,79.0,277670.0,277
2023-05-10 09:53:11,ru2401C14750,ru2401C14750,379.0,0.0,0.0,0.0,2,352.0,390.0,1,290.0,316.0,420.0,316.0,79.0,277670.0,277
2023-05-10 09:53:32,ru2401C14750,ru2401C14750,379.0,0.0,0.0,0.0,1,352.0,390.0,1,290.0,316.0,420.0,316.0,79.0,277670.0,277
2023-05-10 09:56:37,ru2401C14750,ru2401C14750,379.0,0.0,0.0,0.0,1,353.0,390.0,1,290.0,316.0,420.0,316.0,79.0,277670.0,277
2023-05-10 09:57:29,ru2401C14750,ru2401C14750,379.0,0.0,0.0,0.0,1,353.0,429.0,1,290.0,316.0,420.0,316.0,79.0,277670.0,277
2023-05-10 09:57:29,ru2401C14750,ru2401C14750,379.0,0.0,0.0,0.0,1,353.0,428.0,1,290.0,316.0,420.0,316.0,79.0,277670.0,277
2023-05-10 09:59:46,ru2401C14750,ru2401C14750,379.0,0.0,0.0,0.0,1,353.0,428.0,1,290.0,316.0,420.0,316.0,79.0,277670.0,277
2023-05-10 09:59:46,ru2401C14750,ru2401C14750,379.0,0.0,0.0,0.0,1,353.0,428.0,1,290.0,316.0,420.0,316.0,79.0,277670.0,277
2023-05-10 10:02:28,ru2401C14750,ru2401C14750,353.0,1.0,3530.0,0.0,1,352.0,428.0,1,290.0,316.0,420.0,316.0,80.0,281200.0,277
2023-05-10 10:03:23,ru2401C14750,ru2401C14750,353.0,0.0,0.0,0.0,1,353.0,428.0,1,290.0,316.0,420.0,316.0,80.0,281200.0,277
2023-05-10 10:04:48,ru2401C14750,ru2401C14750,353.0,0.0,0.0,0.0,1,354.0,428.0,1,290.0,316.0,420.0,316.0,80.0,281200.0,277
2023-05-10 10:04:49,ru2401C14750,ru2401C14750,353.0,0.0,0.0,0.0,1,354.0,428.0,1,290.0,316.0,420.0,316.0,80.0,281200.0,277
2023-05-10 10:04:49,ru2401C14750,ru2401C14750,353.0,0.0,0.0,0.0,2,355.0,428.0,1,290.0,316.0,420.0,316.0,80.0,281200.0,277
2023-05-10 10:04:50,ru2401C14750,ru2401C14750,353.0,0.0,0.0,0.0,2,355.0,428.0,1,290.0,316.0,420.0,316.0,80.0,281200.0,277
2023-05-10 10:04:58,ru2401C14750,ru2401C14750,353.0,0.0,0.0,0.0,2,355.0,400.0,2,290.0,316.0,420.0,316.0,80.0,281200.0,277
2023-05-10 10:04:58,ru2401C14750,ru2401C14750,353.0,0.0,0.0,0.0,2,355.0,400.0,2,290.0,316.0,420.0,316.0,80.0,281200.0,277
2023-05-10 10:05:00,ru2401C14750,ru2401C14750,353.0,0.0,0.0,0.0,4,355.0,400.0,4,290.0,316.0,420.0,316.0,80.0,281200.0,277
2023-05-10 10:05:01,ru2401C14750,ru2401C14750,353.0,0.0,0.0,0.0,4,355.0,400.0,5,290.0,316.0,420.0,316.0,80.0,281200.0,277
2023-05-10 10:06:09,ru2401C14750,ru2401C14750,353.0,0.0,0.0,0.0,4,355.0,400.0,4,290.0,316.0,420.0,316.0,80.0,281200.0,277
2023-05-10 10:07:02,ru2401C14750,ru2401C14750,355.0,1.0,3550.0,0.0,3,355.0,400.0,4,290.0,316.0,420.0,316.0,81.0,284750.0,277
2023-05-10 10:07:07,ru2401C14750,ru2401C14750,355.0,0.0,0.0,0.0,1,356.0,400.0,4,290.0,316.0,420.0,316.0,81.0,284750.0,277
2023-05-10 10:08:20,ru2401C14750,ru2401C14750,355.0,0.0,0.0,0.0,1,356.0,400.0,4,290.0,316.0,420.0,316.0,81.0,284750.0,277
2023-05-10 10:08:33,ru2401C14750,ru2401C14750,355.0,0.0,0.0,0.0,1,357.0,400.0,4,290.0,316.0,420.0,316.0,81.0,284750.0,277
2023-05-10 10:08:52,ru2401C14750,ru2401C14750,355.0,0.0,0.0,0.0,1,357.0,400.0,4,290.0,316.0,420.0,316.0,81.0,284750.0,277
2023-05-10 10:08:53,ru2401C14750,ru2401C14750,355.0,0.0,0.0,0.0,1,358.0,400.0,4,290.0,316.0,420.0,316.0,81.0,284750.0,277
2023-05-10 10:09:00,ru2401C14750,ru2401C14750,355.0,0.0,0.0,0.0,3,380.0,400.0,4,290.0,316.0,420.0,316.0,81.0,284750.0,277
2023-05-10 10:09:01,ru2401C14750,ru2401C14750,355.0,0.0,0.0,0.0,5,380.0,400.0,4,290.0,316.0,420.0,316.0,81.0,284750.0,277
2023-05-10 10:10:01,ru2401C14750,ru2401C14750,355.0,0.0,0.0,0.0,5,380.0,400.0,2,290.0,316.0,420.0,316.0,81.0,284750.0,277
2023-05-10 10:10:32,ru2401C14750,ru2401C14750,355.0,0.0,0.0,0.0,5,380.0,399.0,1,290.0,316.0,420.0,316.0,81.0,284750.0,277
2023-05-10 10:10:32,ru2401C14750,ru2401C14750,355.0,0.0,0.0,0.0,5,380.0,399.0,1,290.0,316.0,420.0,316.0,81.0,284750.0,277
2023-05-10 10:14:31,ru2401C14750,ru2401C14750,355.0,0.0,0.0,0.0,3,380.0,399.0,1,290.0,316.0,420.0,316.0,81.0,284750.0,277
2023-05-10 10:14:32,ru2401C14750,ru2401C14750,355.0,0.0,0.0,0.0,3,380.0,398.0,1,290.0,316.0,420.0,316.0,81.0,284750.0,277
2023-05-10 10:14:33,ru2401C14750,ru2401C14750,355.0,0.0,0.0,0.0,3,380.0,399.0,1,290.0,316.0,420.0,316.0,81.0,284750.0,277
2023-05-10 10:14:47,ru2401C14750,ru2401C14750,355.0,0.0,0.0,0.0,3,380.0,429.0,2,290.0,316.0,420.0,316.0,81.0,284750.0,277
2023-05-10 10:14:51,ru2401C14750,ru2401C14750,355.0,0.0,0.0,0.0,3,380.0,428.0,1,290.0,316.0,420.0,316.0,81.0,284750.0,277
2023-05-10 10:30:04,ru2401C14750,ru2401C14750,355.0,0.0,0.0,0.0,3,380.0,427.0,1,290.0,316.0,420.0,316.0,81.0,284750.0,277
2023-05-10 10:30:18,ru2401C14750,ru2401C14750,355.0,0.0,0.0,0.0,3,380.0,426.0,1,290.0,316.0,420.0,316.0,81.0,284750.0,277
2023-05-10 10:30:18,ru2401C14750,ru2401C14750,355.0,0.0,0.0,0.0,3,380.0,426.0,1,290.0,316.0,420.0,316.0,81.0,284750.0,277
2023-05-10 10:30:19,ru2401C14750,ru2401C14750,355.0,0.0,0.0,0.0,3,380.0,425.0,1,290.0,316.0,420.0,316.0,81.0,284750.0,277
2023-05-10 10:30:22,ru2401C14750,ru2401C14750,355.0,0.0,0.0,0.0,3,380.0,424.0,1,290.0,316.0,420.0,316.0,81.0,284750.0,277
2023-05-10 10:30:22,ru2401C14750,ru2401C14750,355.0,0.0,0.0,0.0,3,380.0,424.0,1,290.0,316.0,420.0,316.0,81.0,284750.0,277
2023-05-10 10:30:23,ru2401C14750,ru2401C14750,355.0,0.0,0.0,0.0,3,380.0,423.0,1,290.0,316.0,420.0,316.0,81.0,284750.0,277
2023-05-10 10:30:25,ru2401C14750,ru2401C14750,355.0,0.0,0.0,0.0,3,380.0,423.0,1,290.0,316.0,420.0,316.0,81.0,284750.0,277
2023-05-10 10:30:30,ru2401C14750,ru2401C14750,355.0,0.0,0.0,0.0,5,380.0,423.0,1,290.0,316.0,420.0,316.0,81.0,284750.0,277
2023-05-10 10:30:48,ru2401C14750,ru2401C14750,355.0,0.0,0.0,0.0,5,380.0,423.0,1,290.0,316.0,420.0,316.0,81.0,284750.0,277
2023-05-10 10:32:21,ru2401C14750,ru2401C14750,423.0,1.0,4230.0,0.0,5,380.0,429.0,4,290.0,316.0,423.0,316.0,82.0,288980.0,277
2023-05-10 10:33:05,ru2401C14750,ru2401C14750,423.0,0.0,0.0,0.0,5,380.0,428.0,1,290.0,316.0,423.0,316.0,82.0,288980.0,277
2023-05-10 10:33:32,ru2401C14750,ru2401C14750,423.0,0.0,0.0,0.0,6,380.0,428.0,1,290.0,316.0,423.0,316.0,82.0,288980.0,277
2023-05-10 10:34:00,ru2401C14750,ru2401C14750,423.0,0.0,0.0,0.0,6,380.0,427.0,1,290.0,316.0,423.0,316.0,82.0,288980.0,277
2023-05-10 10:34:01,ru2401C14750,ru2401C14750,423.0,0.0,0.0,0.0,6,380.0,427.0,1,290.0,316.0,423.0,316.0,82.0,288980.0,277
2023-05-10 10:34:01,ru2401C14750,ru2401C14750,423.0,0.0,0.0,0.0,6,380.0,426.0,1,290.0,316.0,423.0,316.0,82.0,288980.0,277
2023-05-10 10:34:13,ru2401C14750,ru2401C14750,423.0,0.0,0.0,0.0,6,380.0,425.0,1,290.0,316.0,423.0,316.0,82.0,288980.0,277
2023-05-10 10:34:14,ru2401C14750,ru2401C14750,423.0,0.0,0.0,0.0,6,380.0,425.0,1,290.0,316.0,423.0,316.0,82.0,288980.0,277
2023-05-10 10:34:14,ru2401C14750,ru2401C14750,423.0,0.0,0.0,0.0,6,380.0,424.0,1,290.0,316.0,423.0,316.0,82.0,288980.0,277
2023-05-10 10:34:15,ru2401C14750,ru2401C14750,423.0,0.0,0.0,0.0,6,380.0,424.0,1,290.0,316.0,423.0,316.0,82.0,288980.0,277
2023-05-10 10:34:20,ru2401C14750,ru2401C14750,423.0,0.0,0.0,0.0,6,380.0,423.0,1,290.0,316.0,423.0,316.0,82.0,288980.0,277
2023-05-10 10:34:20,ru2401C14750,ru2401C14750,423.0,0.0,0.0,0.0,6,380.0,423.0,1,290.0,316.0,423.0,316.0,82.0,288980.0,277
2023-05-10 10:34:21,ru2401C14750,ru2401C14750,423.0,0.0,0.0,0.0,6,380.0,422.0,1,290.0,316.0,423.0,316.0,82.0,288980.0,277
2023-05-10 10:34:21,ru2401C14750,ru2401C14750,423.0,0.0,0.0,0.0,6,380.0,421.0,1,290.0,316.0,423.0,316.0,82.0,288980.0,277
2023-05-10 10:34:22,ru2401C14750,ru2401C14750,423.0,0.0,0.0,0.0,6,380.0,421.0,1,290.0,316.0,423.0,316.0,82.0,288980.0,277
2023-05-10 10:34:22,ru2401C14750,ru2401C14750,423.0,0.0,0.0,0.0,6,380.0,420.0,1,290.0,316.0,423.0,316.0,82.0,288980.0,277
2023-05-10 10:34:23,ru2401C14750,ru2401C14750,423.0,0.0,0.0,0.0,6,380.0,419.0,1,290.0,316.0,423.0,316.0,82.0,288980.0,277
2023-05-10 10:34:24,ru2401C14750,ru2401C14750,423.0,0.0,0.0,0.0,6,380.0,419.0,1,290.0,316.0,423.0,316.0,82.0,288980.0,277
2023-05-10 10:34:24,ru2401C14750,ru2401C14750,423.0,0.0,0.0,0.0,6,380.0,418.0,1,290.0,316.0,423.0,316.0,82.0,288980.0,277
2023-05-10 10:34:27,ru2401C14750,ru2401C14750,423.0,0.0,0.0,0.0,6,380.0,417.0,1,290.0,316.0,423.0,316.0,82.0,288980.0,277
2023-05-10 10:34:27,ru2401C14750,ru2401C14750,423.0,0.0,0.0,0.0,6,380.0,417.0,1,290.0,316.0,423.0,316.0,82.0,288980.0,277
2023-05-10 10:34:28,ru2401C14750,ru2401C14750,423.0,0.0,0.0,0.0,6,380.0,416.0,1,290.0,316.0,423.0,316.0,82.0,288980.0,277
2023-05-10 10:34:29,ru2401C14750,ru2401C14750,423.0,0.0,0.0,0.0,6,380.0,415.0,1,290.0,316.0,423.0,316.0,82.0,288980.0,277
2023-05-10 10:34:30,ru2401C14750,ru2401C14750,423.0,0.0,0.0,0.0,6,380.0,415.0,1,290.0,316.0,423.0,316.0,82.0,288980.0,277
2023-05-10 10:34:30,ru2401C14750,ru2401C14750,423.0,0.0,0.0,0.0,6,380.0,414.0,1,290.0,316.0,423.0,316.0,82.0,288980.0,277
2023-05-10 10:34:31,ru2401C14750,ru2401C14750,423.0,0.0,0.0,0.0,6,380.0,413.0,1,290.0,316.0,423.0,316.0,82.0,288980.0,277
2023-05-10 10:34:32,ru2401C14750,ru2401C14750,423.0,0.0,0.0,0.0,6,380.0,413.0,1,290.0,316.0,423.0,316.0,82.0,288980.0,277
2023-05-10 10:34:32,ru2401C14750,ru2401C14750,423.0,0.0,0.0,0.0,6,380.0,412.0,1,290.0,316.0,423.0,316.0,82.0,288980.0,277
2023-05-10 10:34:35,ru2401C14750,ru2401C14750,423.0,0.0,0.0,0.0,6,380.0,411.0,1,290.0,316.0,423.0,316.0,82.0,288980.0,277
2023-05-10 10:34:36,ru2401C14750,ru2401C14750,423.0,0.0,0.0,0.0,6,380.0,411.0,1,290.0,316.0,423.0,316.0,82.0,288980.0,277
2023-05-10 10:34:36,ru2401C14750,ru2401C14750,423.0,0.0,0.0,0.0,6,380.0,410.0,1,290.0,316.0,423.0,316.0,82.0,288980.0,277
2023-05-10 10:34:37,ru2401C14750,ru2401C14750,423.0,0.0,0.0,0.0,6,380.0,409.0,1,290.0,316.0,423.0,316.0,82.0,288980.0,277
2023-05-10 10:34:38,ru2401C14750,ru2401C14750,423.0,0.0,0.0,0.0,6,380.0,409.0,1,290.0,316.0,423.0,316.0,82.0,288980.0,277
2023-05-10 10:34:38,ru2401C14750,ru2401C14750,423.0,0.0,0.0,0.0,6,380.0,408.0,1,290.0,316.0,423.0,316.0,82.0,288980.0,277
2023-05-10 10:34:39,ru2401C14750,ru2401C14750,423.0,0.0,0.0,0.0,6,380.0,408.0,1,290.0,316.0,423.0,316.0,82.0,288980.0,277
2023-05-10 10:34:41,ru2401C14750,ru2401C14750,423.0,0.0,0.0,0.0,6,380.0,407.0,1,290.0,316.0,423.0,316.0,82.0,288980.0,277
2023-05-10 10:34:41,ru2401C14750,ru2401C14750,423.0,0.0,0.0,0.0,6,380.0,407.0,1,290.0,316.0,423.0,316.0,82.0,288980.0,277
2023-05-10 10:34:42,ru2401C14750,ru2401C14750,423.0,0.0,0.0,0.0,6,380.0,406.0,1,290.0,316.0,423.0,316.0,82.0,288980.0,277
2023-05-10 10:34:42,ru2401C14750,ru2401C14750,423.0,0.0,0.0,0.0,6,380.0,406.0,1,290.0,316.0,423.0,316.0,82.0,288980.0,277
2023-05-10 10:34:43,ru2401C14750,ru2401C14750,423.0,0.0,0.0,0.0,6,380.0,405.0,1,290.0,316.0,423.0,316.0,82.0,288980.0,277
2023-05-10 10:34:44,ru2401C14750,ru2401C14750,423.0,0.0,0.0,0.0,6,380.0,405.0,1,290.0,316.0,423.0,316.0,82.0,288980.0,277
2023-05-10 10:34:44,ru2401C14750,ru2401C14750,423.0,0.0,0.0,0.0,6,380.0,404.0,1,290.0,316.0,423.0,316.0,82.0,288980.0,277
2023-05-10 10:34:45,ru2401C14750,ru2401C14750,423.0,0.0,0.0,0.0,6,380.0,404.0,1,290.0,316.0,423.0,316.0,82.0,288980.0,277
2023-05-10 10:34:46,ru2401C14750,ru2401C14750,423.0,0.0,0.0,0.0,6,380.0,403.0,1,290.0,316.0,423.0,316.0,82.0,288980.0,277
2023-05-10 10:34:46,ru2401C14750,ru2401C14750,423.0,0.0,0.0,0.0,6,380.0,403.0,1,290.0,316.0,423.0,316.0,82.0,288980.0,277
2023-05-10 10:34:47,ru2401C14750,ru2401C14750,423.0,0.0,0.0,0.0,6,380.0,402.0,1,290.0,316.0,423.0,316.0,82.0,288980.0,277
2023-05-10 10:34:47,ru2401C14750,ru2401C14750,423.0,0.0,0.0,0.0,6,380.0,402.0,1,290.0,316.0,423.0,316.0,82.0,288980.0,277
2023-05-10 10:34:48,ru2401C14750,ru2401C14750,423.0,0.0,0.0,0.0,6,380.0,401.0,1,290.0,316.0,423.0,316.0,82.0,288980.0,277
2023-05-10 10:34:49,ru2401C14750,ru2401C14750,423.0,0.0,0.0,0.0,6,380.0,401.0,1,290.0,316.0,423.0,316.0,82.0,288980.0,277
2023-05-10 10:34:49,ru2401C14750,ru2401C14750,423.0,0.0,0.0,0.0,6,380.0,400.0,1,290.0,316.0,423.0,316.0,82.0,288980.0,277
2023-05-10 10:34:50,ru2401C14750,ru2401C14750,423.0,0.0,0.0,0.0,6,380.0,400.0,1,290.0,316.0,423.0,316.0,82.0,288980.0,277
2023-05-10 10:34:52,ru2401C14750,ru2401C14750,423.0,0.0,0.0,0.0,6,380.0,399.0,1,290.0,316.0,423.0,316.0,82.0,288980.0,277
2023-05-10 10:34:52,ru2401C14750,ru2401C14750,423.0,0.0,0.0,0.0,6,380.0,399.0,1,290.0,316.0,423.0,316.0,82.0,288980.0,277
2023-05-10 10:34:53,ru2401C14750,ru2401C14750,423.0,0.0,0.0,0.0,6,380.0,398.0,1,290.0,316.0,423.0,316.0,82.0,288980.0,277
2023-05-10 10:34:53,ru2401C14750,ru2401C14750,423.0,0.0,0.0,0.0,6,380.0,398.0,1,290.0,316.0,423.0,316.0,82.0,288980.0,277
2023-05-10 10:34:55,ru2401C14750,ru2401C14750,423.0,0.0,0.0,0.0,6,380.0,397.0,1,290.0,316.0,423.0,316.0,82.0,288980.0,277
2023-05-10 10:34:55,ru2401C14750,ru2401C14750,423.0,0.0,0.0,0.0,6,380.0,397.0,1,290.0,316.0,423.0,316.0,82.0,288980.0,277
2023-05-10 10:34:56,ru2401C14750,ru2401C14750,423.0,0.0,0.0,0.0,6,380.0,397.0,1,290.0,316.0,423.0,316.0,82.0,288980.0,277
2023-05-10 10:35:38,ru2401C14750,ru2401C14750,423.0,0.0,0.0,0.0,6,380.0,423.0,3,290.0,316.0,423.0,316.0,82.0,288980.0,277
2023-05-10 10:35:38,ru2401C14750,ru2401C14750,423.0,0.0,0.0,0.0,6,380.0,422.0,1,290.0,316.0,423.0,316.0,82.0,288980.0,277
2023-05-10 10:35:42,ru2401C14750,ru2401C14750,423.0,0.0,0.0,0.0,6,380.0,421.0,1,290.0,316.0,423.0,316.0,82.0,288980.0,277
2023-05-10 10:35:42,ru2401C14750,ru2401C14750,423.0,0.0,0.0,0.0,6,380.0,421.0,1,290.0,316.0,423.0,316.0,82.0,288980.0,277
2023-05-10 10:35:43,ru2401C14750,ru2401C14750,423.0,0.0,0.0,0.0,6,380.0,420.0,1,290.0,316.0,423.0,316.0,82.0,288980.0,277
2023-05-10 10:35:44,ru2401C14750,ru2401C14750,423.0,0.0,0.0,0.0,6,380.0,420.0,1,290.0,316.0,423.0,316.0,82.0,288980.0,277
2023-05-10 10:35:53,ru2401C14750,ru2401C14750,423.0,0.0,0.0,0.0,6,380.0,400.0,1,290.0,316.0,423.0,316.0,82.0,288980.0,277
2023-05-10 10:35:53,ru2401C14750,ru2401C14750,423.0,0.0,0.0,0.0,6,380.0,400.0,1,290.0,316.0,423.0,316.0,82.0,288980.0,277
2023-05-10 10:35:54,ru2401C14750,ru2401C14750,423.0,0.0,0.0,0.0,6,380.0,399.0,1,290.0,316.0,423.0,316.0,82.0,288980.0,277
2023-05-10 10:35:54,ru2401C14750,ru2401C14750,423.0,0.0,0.0,0.0,6,380.0,399.0,1,290.0,316.0,423.0,316.0,82.0,288980.0,277
2023-05-10 10:35:57,ru2401C14750,ru2401C14750,423.0,0.0,0.0,0.0,6,380.0,398.0,1,290.0,316.0,423.0,316.0,82.0,288980.0,277
2023-05-10 10:35:57,ru2401C14750,ru2401C14750,423.0,0.0,0.0,0.0,6,380.0,398.0,1,290.0,316.0,423.0,316.0,82.0,288980.0,277
2023-05-10 10:35:58,ru2401C14750,ru2401C14750,423.0,0.0,0.0,0.0,6,380.0,397.0,1,290.0,316.0,423.0,316.0,82.0,288980.0,277
2023-05-10 10:35:58,ru2401C14750,ru2401C14750,423.0,0.0,0.0,0.0,6,380.0,397.0,1,290.0,316.0,423.0,316.0,82.0,288980.0,277
2023-05-10 10:36:00,ru2401C14750,ru2401C14750,423.0,0.0,0.0,0.0,6,380.0,396.0,1,290.0,316.0,423.0,316.0,82.0,288980.0,277
2023-05-10 10:36:01,ru2401C14750,ru2401C14750,423.0,0.0,0.0,0.0,6,380.0,396.0,1,290.0,316.0,423.0,316.0,82.0,288980.0,277
2023-05-10 10:36:01,ru2401C14750,ru2401C14750,423.0,0.0,0.0,0.0,6,380.0,396.0,1,290.0,316.0,423.0,316.0,82.0,288980.0,277
2023-05-10 10:36:11,ru2401C14750,ru2401C14750,423.0,0.0,0.0,0.0,6,380.0,398.0,1,290.0,316.0,423.0,316.0,82.0,288980.0,277
2023-05-10 10:36:12,ru2401C14750,ru2401C14750,423.0,0.0,0.0,0.0,6,380.0,398.0,2,290.0,316.0,423.0,316.0,82.0,288980.0,277
2023-05-10 10:36:12,ru2401C14750,ru2401C14750,423.0,0.0,0.0,0.0,6,380.0,398.0,4,290.0,316.0,423.0,316.0,82.0,288980.0,277
2023-05-10 10:36:14,ru2401C14750,ru2401C14750,423.0,0.0,0.0,0.0,6,380.0,398.0,3,290.0,316.0,423.0,316.0,82.0,288980.0,277
2023-05-10 10:36:14,ru2401C14750,ru2401C14750,423.0,0.0,0.0,0.0,6,380.0,398.0,2,290.0,316.0,423.0,316.0,82.0,288980.0,277
2023-05-10 10:36:15,ru2401C14750,ru2401C14750,423.0,0.0,0.0,0.0,6,380.0,398.0,4,290.0,316.0,423.0,316.0,82.0,288980.0,277
2023-05-10 10:36:15,ru2401C14750,ru2401C14750,423.0,0.0,0.0,0.0,6,380.0,398.0,3,290.0,316.0,423.0,316.0,82.0,288980.0,277
2023-05-10 10:36:16,ru2401C14750,ru2401C14750,423.0,0.0,0.0,0.0,6,380.0,398.0,1,290.0,316.0,423.0,316.0,82.0,288980.0,277
2023-05-10 10:36:48,ru2401C14750,ru2401C14750,423.0,0.0,0.0,0.0,6,380.0,398.0,1,290.0,316.0,423.0,316.0,82.0,288980.0,277
2023-05-10 10:39:06,ru2401C14750,ru2401C14750,423.0,0.0,0.0,0.0,6,380.0,396.0,1,290.0,316.0,423.0,316.0,82.0,288980.0,277
2023-05-10 10:39:06,ru2401C14750,ru2401C14750,423.0,0.0,0.0,0.0,6,380.0,396.0,1,290.0,316.0,423.0,316.0,82.0,288980.0,277
2023-05-10 10:41:13,ru2401C14750,ru2401C14750,423.0,0.0,0.0,0.0,6,380.0,396.0,1,290.0,316.0,423.0,316.0,82.0,288980.0,277
2023-05-10 10:41:14,ru2401C14750,ru2401C14750,423.0,0.0,0.0,0.0,6,380.0,396.0,1,290.0,316.0,423.0,316.0,82.0,288980.0,277
2023-05-10 10:41:22,ru2401C14750,ru2401C14750,423.0,0.0,0.0,0.0,6,380.0,396.0,1,290.0,316.0,423.0,316.0,82.0,288980.0,277
2023-05-10 10:42:25,ru2401C14750,ru2401C14750,423.0,0.0,0.0,0.0,3,380.0,396.0,1,290.0,316.0,423.0,316.0,82.0,288980.0,277
2023-05-10 10:42:26,ru2401C14750,ru2401C14750,423.0,0.0,0.0,0.0,1,380.0,396.0,1,290.0,316.0,423.0,316.0,82.0,288980.0,277
2023-05-10 10:42:34,ru2401C14750,ru2401C14750,423.0,0.0,0.0,0.0,1,380.0,396.0,1,290.0,316.0,423.0,316.0,82.0,288980.0,277
2023-05-10 10:44:42,ru2401C14750,ru2401C14750,423.0,0.0,0.0,0.0,1,380.0,396.0,1,290.0,316.0,423.0,316.0,82.0,288980.0,277
2023-05-10 10:45:30,ru2401C14750,ru2401C14750,396.0,1.0,3960.0,1.0,1,380.0,423.0,1,290.0,316.0,423.0,316.0,83.0,292940.0,278
2023-05-10 10:45:30,ru2401C14750,ru2401C14750,396.0,0.0,0.0,0.0,1,380.0,422.0,1,290.0,316.0,423.0,316.0,83.0,292940.0,278
2023-05-10 10:45:44,ru2401C14750,ru2401C14750,396.0,0.0,0.0,0.0,1,380.0,422.0,1,290.0,316.0,423.0,316.0,83.0,292940.0,278
2023-05-10 10:52:26,ru2401C14750,ru2401C14750,396.0,0.0,0.0,0.0,1,380.0,412.0,1,290.0,316.0,423.0,316.0,83.0,292940.0,278
2023-05-10 10:52:26,ru2401C14750,ru2401C14750,396.0,0.0,0.0,0.0,1,380.0,412.0,1,290.0,316.0,423.0,316.0,83.0,292940.0,278
2023-05-10 10:52:27,ru2401C14750,ru2401C14750,396.0,0.0,0.0,0.0,1,380.0,411.0,1,290.0,316.0,423.0,316.0,83.0,292940.0,278
2023-05-10 10:52:37,ru2401C14750,ru2401C14750,396.0,0.0,0.0,0.0,1,380.0,411.0,1,290.0,316.0,423.0,316.0,83.0,292940.0,278
2023-05-10 10:52:44,ru2401C14750,ru2401C14750,396.0,0.0,0.0,0.0,1,380.0,396.0,1,290.0,316.0,423.0,316.0,83.0,292940.0,278
2023-05-10 10:52:45,ru2401C14750,ru2401C14750,396.0,0.0,0.0,0.0,1,380.0,396.0,1,290.0,316.0,423.0,316.0,83.0,292940.0,278
2023-05-10 10:53:09,ru2401C14750,ru2401C14750,396.0,0.0,0.0,0.0,1,380.0,429.0,2,290.0,316.0,423.0,316.0,83.0,292940.0,278
2023-05-10 10:53:09,ru2401C14750,ru2401C14750,396.0,0.0,0.0,0.0,1,380.0,428.0,1,290.0,316.0,423.0,316.0,83.0,292940.0,278
2023-05-10 10:53:32,ru2401C14750,ru2401C14750,396.0,0.0,0.0,0.0,1,380.0,410.0,1,290.0,316.0,423.0,316.0,83.0,292940.0,278
2023-05-10 10:53:32,ru2401C14750,ru2401C14750,396.0,0.0,0.0,0.0,1,380.0,410.0,1,290.0,316.0,423.0,316.0,83.0,292940.0,278
2023-05-10 10:53:33,ru2401C14750,ru2401C14750,396.0,0.0,0.0,0.0,1,380.0,409.0,1,290.0,316.0,423.0,316.0,83.0,292940.0,278
2023-05-10 10:54:51,ru2401C14750,ru2401C14750,396.0,0.0,0.0,0.0,3,380.0,409.0,1,290.0,316.0,423.0,316.0,83.0,292940.0,278
2023-05-10 10:54:52,ru2401C14750,ru2401C14750,396.0,0.0,0.0,0.0,1,380.0,409.0,1,290.0,316.0,423.0,316.0,83.0,292940.0,278
2023-05-10 10:54:54,ru2401C14750,ru2401C14750,396.0,0.0,0.0,0.0,3,380.0,409.0,1,290.0,316.0,423.0,316.0,83.0,292940.0,278
2023-05-10 10:55:09,ru2401C14750,ru2401C14750,396.0,0.0,0.0,0.0,3,380.0,409.0,1,290.0,316.0,423.0,316.0,83.0,292940.0,278
2023-05-10 10:55:09,ru2401C14750,ru2401C14750,396.0,0.0,0.0,0.0,5,380.0,409.0,1,290.0,316.0,423.0,316.0,83.0,292940.0,278
2023-05-10 10:55:24,ru2401C14750,ru2401C14750,396.0,0.0,0.0,0.0,3,380.0,409.0,1,290.0,316.0,423.0,316.0,83.0,292940.0,278
2023-05-10 10:55:38,ru2401C14750,ru2401C14750,396.0,0.0,0.0,0.0,3,380.0,409.0,1,290.0,316.0,423.0,316.0,83.0,292940.0,278
2023-05-10 10:56:02,ru2401C14750,ru2401C14750,396.0,0.0,0.0,0.0,3,380.0,409.0,1,290.0,316.0,423.0,316.0,83.0,292940.0,278
2023-05-10 10:56:02,ru2401C14750,ru2401C14750,396.0,0.0,0.0,0.0,3,380.0,409.0,1,290.0,316.0,423.0,316.0,83.0,292940.0,278
2023-05-10 10:56:26,ru2401C14750,ru2401C14750,396.0,0.0,0.0,0.0,1,380.0,409.0,1,290.0,316.0,423.0,316.0,83.0,292940.0,278
2023-05-10 10:56:54,ru2401C14750,ru2401C14750,396.0,0.0,0.0,0.0,3,380.0,409.0,1,290.0,316.0,423.0,316.0,83.0,292940.0,278
2023-05-10 10:56:55,ru2401C14750,ru2401C14750,396.0,0.0,0.0,0.0,1,380.0,409.0,1,290.0,316.0,423.0,316.0,83.0,292940.0,278
2023-05-10 10:57:29,ru2401C14750,ru2401C14750,396.0,0.0,0.0,0.0,3,380.0,409.0,1,290.0,316.0,423.0,316.0,83.0,292940.0,278
2023-05-10 10:57:29,ru2401C14750,ru2401C14750,396.0,0.0,0.0,0.0,1,380.0,409.0,1,290.0,316.0,423.0,316.0,83.0,292940.0,278
2023-05-10 10:57:34,ru2401C14750,ru2401C14750,396.0,0.0,0.0,0.0,3,380.0,409.0,1,290.0,316.0,423.0,316.0,83.0,292940.0,278
2023-05-10 10:57:35,ru2401C14750,ru2401C14750,396.0,0.0,0.0,0.0,1,380.0,409.0,1,290.0,316.0,423.0,316.0,83.0,292940.0,278
2023-05-10 10:57:35,ru2401C14750,ru2401C14750,396.0,0.0,0.0,0.0,3,380.0,409.0,1,290.0,316.0,423.0,316.0,83.0,292940.0,278
2023-05-10 10:58:02,ru2401C14750,ru2401C14750,396.0,0.0,0.0,0.0,3,380.0,409.0,1,290.0,316.0,423.0,316.0,83.0,292940.0,278
2023-05-10 10:58:32,ru2401C14750,ru2401C14750,396.0,0.0,0.0,0.0,3,380.0,409.0,1,290.0,316.0,423.0,316.0,83.0,292940.0,278
2023-05-10 10:58:33,ru2401C14750,ru2401C14750,396.0,0.0,0.0,0.0,3,380.0,409.0,1,290.0,316.0,423.0,316.0,83.0,292940.0,278
2023-05-10 10:58:35,ru2401C14750,ru2401C14750,396.0,0.0,0.0,0.0,3,380.0,409.0,1,290.0,316.0,423.0,316.0,83.0,292940.0,278
2023-05-10 10:58:54,ru2401C14750,ru2401C14750,396.0,0.0,0.0,0.0,3,380.0,409.0,1,290.0,316.0,423.0,316.0,83.0,292940.0,278
2023-05-10 10:59:00,ru2401C14750,ru2401C14750,396.0,0.0,0.0,0.0,3,380.0,409.0,1,290.0,316.0,423.0,316.0,83.0,292940.0,278
2023-05-10 10:59:06,ru2401C14750,ru2401C14750,396.0,0.0,0.0,0.0,3,380.0,409.0,1,290.0,316.0,423.0,316.0,83.0,292940.0,278
2023-05-10 10:59:32,ru2401C14750,ru2401C14750,396.0,0.0,0.0,0.0,3,380.0,409.0,1,290.0,316.0,423.0,316.0,83.0,292940.0,278
2023-05-10 10:59:32,ru2401C14750,ru2401C14750,396.0,0.0,0.0,0.0,3,380.0,409.0,1,290.0,316.0,423.0,316.0,83.0,292940.0,278
2023-05-10 10:59:33,ru2401C14750,ru2401C14750,396.0,0.0,0.0,0.0,3,380.0,409.0,1,290.0,316.0,423.0,316.0,83.0,292940.0,278
2023-05-10 10:59:33,ru2401C14750,ru2401C14750,396.0,0.0,0.0,0.0,3,380.0,409.0,1,290.0,316.0,423.0,316.0,83.0,292940.0,278
2023-05-10 11:00:22,ru2401C14750,ru2401C14750,396.0,0.0,0.0,0.0,3,380.0,409.0,1,290.0,316.0,423.0,316.0,83.0,292940.0,278
2023-05-10 11:00:22,ru2401C14750,ru2401C14750,396.0,0.0,0.0,0.0,3,380.0,409.0,1,290.0,316.0,423.0,316.0,83.0,292940.0,278
2023-05-10 11:00:23,ru2401C14750,ru2401C14750,396.0,0.0,0.0,0.0,3,380.0,409.0,1,290.0,316.0,423.0,316.0,83.0,292940.0,278
2023-05-10 11:00:38,ru2401C14750,ru2401C14750,396.0,0.0,0.0,0.0,3,380.0,409.0,1,290.0,316.0,423.0,316.0,83.0,292940.0,278
2023-05-10 11:00:49,ru2401C14750,ru2401C14750,396.0,0.0,0.0,0.0,3,380.0,409.0,1,290.0,316.0,423.0,316.0,83.0,292940.0,278
2023-05-10 11:00:50,ru2401C14750,ru2401C14750,396.0,0.0,0.0,0.0,3,380.0,409.0,1,290.0,316.0,423.0,316.0,83.0,292940.0,278
2023-05-10 11:00:54,ru2401C14750,ru2401C14750,396.0,0.0,0.0,0.0,3,380.0,409.0,1,290.0,316.0,423.0,316.0,83.0,292940.0,278
2023-05-10 11:00:54,ru2401C14750,ru2401C14750,396.0,0.0,0.0,0.0,3,380.0,409.0,1,290.0,316.0,423.0,316.0,83.0,292940.0,278
2023-05-10 11:00:59,ru2401C14750,ru2401C14750,396.0,0.0,0.0,0.0,3,380.0,409.0,1,290.0,316.0,423.0,316.0,83.0,292940.0,278
2023-05-10 11:01:08,ru2401C14750,ru2401C14750,396.0,0.0,0.0,0.0,3,380.0,409.0,1,290.0,316.0,423.0,316.0,83.0,292940.0,278
2023-05-10 11:01:10,ru2401C14750,ru2401C14750,396.0,0.0,0.0,0.0,3,380.0,409.0,1,290.0,316.0,423.0,316.0,83.0,292940.0,278
2023-05-10 11:01:19,ru2401C14750,ru2401C14750,396.0,0.0,0.0,0.0,3,380.0,409.0,1,290.0,316.0,423.0,316.0,83.0,292940.0,278
2023-05-10 11:01:26,ru2401C14750,ru2401C14750,396.0,0.0,0.0,0.0,3,380.0,409.0,1,290.0,316.0,423.0,316.0,83.0,292940.0,278
2023-05-10 11:01:27,ru2401C14750,ru2401C14750,396.0,0.0,0.0,0.0,3,380.0,409.0,1,290.0,316.0,423.0,316.0,83.0,292940.0,278
2023-05-10 11:02:31,ru2401C14750,ru2401C14750,396.0,0.0,0.0,0.0,3,380.0,409.0,1,290.0,316.0,423.0,316.0,83.0,292940.0,278
2023-05-10 11:02:31,ru2401C14750,ru2401C14750,396.0,0.0,0.0,0.0,3,380.0,409.0,1,290.0,316.0,423.0,316.0,83.0,292940.0,278
2023-05-10 11:03:09,ru2401C14750,ru2401C14750,396.0,0.0,0.0,0.0,1,380.0,409.0,1,290.0,316.0,423.0,316.0,83.0,292940.0,278
2023-05-10 11:03:10,ru2401C14750,ru2401C14750,396.0,0.0,0.0,0.0,3,380.0,409.0,1,290.0,316.0,423.0,316.0,83.0,292940.0,278
2023-05-10 11:03:17,ru2401C14750,ru2401C14750,396.0,0.0,0.0,0.0,3,380.0,409.0,1,290.0,316.0,423.0,316.0,83.0,292940.0,278
2023-05-10 11:03:18,ru2401C14750,ru2401C14750,396.0,0.0,0.0,0.0,3,380.0,409.0,1,290.0,316.0,423.0,316.0,83.0,292940.0,278
2023-05-10 11:03:19,ru2401C14750,ru2401C14750,396.0,0.0,0.0,0.0,3,380.0,409.0,1,290.0,316.0,423.0,316.0,83.0,292940.0,278
2023-05-10 11:03:20,ru2401C14750,ru2401C14750,396.0,0.0,0.0,0.0,3,380.0,409.0,1,290.0,316.0,423.0,316.0,83.0,292940.0,278
2023-05-10 11:03:23,ru2401C14750,ru2401C14750,396.0,0.0,0.0,0.0,3,380.0,409.0,1,290.0,316.0,423.0,316.0,83.0,292940.0,278
2023-05-10 11:03:26,ru2401C14750,ru2401C14750,396.0,0.0,0.0,0.0,3,380.0,409.0,1,290.0,316.0,423.0,316.0,83.0,292940.0,278
2023-05-10 11:03:26,ru2401C14750,ru2401C14750,396.0,0.0,0.0,0.0,3,380.0,409.0,1,290.0,316.0,423.0,316.0,83.0,292940.0,278
2023-05-10 11:03:27,ru2401C14750,ru2401C14750,396.0,0.0,0.0,0.0,3,380.0,409.0,1,290.0,316.0,423.0,316.0,83.0,292940.0,278
2023-05-10 11:03:30,ru2401C14750,ru2401C14750,396.0,0.0,0.0,0.0,3,380.0,409.0,1,290.0,316.0,423.0,316.0,83.0,292940.0,278
2023-05-10 11:04:17,ru2401C14750,ru2401C14750,396.0,0.0,0.0,0.0,3,380.0,409.0,1,290.0,316.0,423.0,316.0,83.0,292940.0,278
2023-05-10 11:04:26,ru2401C14750,ru2401C14750,396.0,0.0,0.0,0.0,3,380.0,409.0,1,290.0,316.0,423.0,316.0,83.0,292940.0,278
2023-05-10 11:04:30,ru2401C14750,ru2401C14750,396.0,0.0,0.0,0.0,3,380.0,408.0,1,290.0,316.0,423.0,316.0,83.0,292940.0,278
2023-05-10 11:04:30,ru2401C14750,ru2401C14750,396.0,0.0,0.0,0.0,3,380.0,408.0,1,290.0,316.0,423.0,316.0,83.0,292940.0,278
2023-05-10 11:04:31,ru2401C14750,ru2401C14750,396.0,0.0,0.0,0.0,3,380.0,407.0,1,290.0,316.0,423.0,316.0,83.0,292940.0,278
2023-05-10 11:04:34,ru2401C14750,ru2401C14750,396.0,0.0,0.0,0.0,3,380.0,407.0,1,290.0,316.0,423.0,316.0,83.0,292940.0,278
2023-05-10 11:04:35,ru2401C14750,ru2401C14750,396.0,0.0,0.0,0.0,3,380.0,407.0,1,290.0,316.0,423.0,316.0,83.0,292940.0,278
2023-05-10 11:04:36,ru2401C14750,ru2401C14750,396.0,0.0,0.0,0.0,3,380.0,407.0,1,290.0,316.0,423.0,316.0,83.0,292940.0,278
2023-05-10 11:04:38,ru2401C14750,ru2401C14750,396.0,0.0,0.0,0.0,3,380.0,407.0,1,290.0,316.0,423.0,316.0,83.0,292940.0,278
2023-05-10 11:04:38,ru2401C14750,ru2401C14750,396.0,0.0,0.0,0.0,3,380.0,407.0,1,290.0,316.0,423.0,316.0,83.0,292940.0,278
2023-05-10 11:04:40,ru2401C14750,ru2401C14750,396.0,0.0,0.0,0.0,3,380.0,407.0,1,290.0,316.0,423.0,316.0,83.0,292940.0,278
2023-05-10 11:04:41,ru2401C14750,ru2401C14750,396.0,0.0,0.0,0.0,3,380.0,407.0,1,290.0,316.0,423.0,316.0,83.0,292940.0,278
2023-05-10 11:04:50,ru2401C14750,ru2401C14750,380.0,1.0,3800.0,0.0,2,380.0,407.0,1,290.0,316.0,423.0,316.0,84.0,296740.0,278
2023-05-10 11:04:52,ru2401C14750,ru2401C14750,380.0,0.0,0.0,0.0,2,360.0,407.0,1,290.0,316.0,423.0,316.0,84.0,296740.0,278
2023-05-10 11:04:52,ru2401C14750,ru2401C14750,380.0,0.0,0.0,0.0,2,360.0,407.0,1,290.0,316.0,423.0,316.0,84.0,296740.0,278
2023-05-10 11:07:11,ru2401C14750,ru2401C14750,380.0,0.0,0.0,0.0,1,361.0,407.0,1,290.0,316.0,423.0,316.0,84.0,296740.0,278
2023-05-10 11:08:15,ru2401C14750,ru2401C14750,380.0,0.0,0.0,0.0,2,360.0,407.0,1,290.0,316.0,423.0,316.0,84.0,296740.0,278
2023-05-10 11:08:15,ru2401C14750,ru2401C14750,380.0,0.0,0.0,0.0,3,360.0,407.0,1,290.0,316.0,423.0,316.0,84.0,296740.0,278
2023-05-10 11:08:44,ru2401C14750,ru2401C14750,380.0,0.0,0.0,0.0,2,360.0,407.0,1,290.0,316.0,423.0,316.0,84.0,296740.0,278
2023-05-10 11:10:39,ru2401C14750,ru2401C14750,380.0,0.0,0.0,0.0,1,361.0,407.0,1,290.0,316.0,423.0,316.0,84.0,296740.0,278
2023-05-10 11:13:53,ru2401C14750,ru2401C14750,380.0,0.0,0.0,0.0,1,361.0,407.0,1,290.0,316.0,423.0,316.0,84.0,296740.0,278
2023-05-10 11:14:00,ru2401C14750,ru2401C14750,380.0,0.0,0.0,0.0,1,361.0,407.0,1,290.0,316.0,423.0,316.0,84.0,296740.0,278
2023-05-10 11:14:14,ru2401C14750,ru2401C14750,380.0,0.0,0.0,0.0,2,360.0,407.0,1,290.0,316.0,423.0,316.0,84.0,296740.0,278
2023-05-10 11:18:34,ru2401C14750,ru2401C14750,380.0,0.0,0.0,0.0,4,360.0,407.0,1,290.0,316.0,423.0,316.0,84.0,296740.0,278
2023-05-10 11:18:35,ru2401C14750,ru2401C14750,380.0,0.0,0.0,0.0,2,360.0,407.0,1,290.0,316.0,423.0,316.0,84.0,296740.0,278
2023-05-10 11:18:36,ru2401C14750,ru2401C14750,380.0,0.0,0.0,0.0,4,360.0,407.0,1,290.0,316.0,423.0,316.0,84.0,296740.0,278
2023-05-10 11:19:08,ru2401C14750,ru2401C14750,380.0,0.0,0.0,0.0,2,360.0,407.0,1,290.0,316.0,423.0,316.0,84.0,296740.0,278
2023-05-10 11:19:09,ru2401C14750,ru2401C14750,380.0,0.0,0.0,0.0,4,360.0,407.0,1,290.0,316.0,423.0,316.0,84.0,296740.0,278
2023-05-10 11:19:09,ru2401C14750,ru2401C14750,380.0,0.0,0.0,0.0,2,360.0,407.0,1,290.0,316.0,423.0,316.0,84.0,296740.0,278
2023-05-10 11:19:15,ru2401C14750,ru2401C14750,380.0,0.0,0.0,0.0,4,360.0,400.0,2,290.0,316.0,423.0,316.0,84.0,296740.0,278
2023-05-10 11:19:16,ru2401C14750,ru2401C14750,380.0,0.0,0.0,0.0,4,360.0,400.0,2,290.0,316.0,423.0,316.0,84.0,296740.0,278
2023-05-10 11:19:16,ru2401C14750,ru2401C14750,380.0,0.0,0.0,0.0,4,360.0,399.0,1,290.0,316.0,423.0,316.0,84.0,296740.0,278
2023-05-10 11:19:19,ru2401C14750,ru2401C14750,380.0,0.0,0.0,0.0,4,360.0,399.0,1,290.0,316.0,423.0,316.0,84.0,296740.0,278
2023-05-10 11:19:20,ru2401C14750,ru2401C14750,380.0,0.0,0.0,0.0,2,360.0,399.0,1,290.0,316.0,423.0,316.0,84.0,296740.0,278
2023-05-10 11:19:24,ru2401C14750,ru2401C14750,380.0,0.0,0.0,0.0,4,360.0,399.0,1,290.0,316.0,423.0,316.0,84.0,296740.0,278
