time,symbol_id,symbol_name,last,trade_volume,trade_amount,open_interest_change,bv1,bp1,ap1,av1,yesterday_close,today_open,today_high,today_low,volume,amount,open_interest
2023-05-09 20:59:00,ru2401P11000,ru2401P11000,81.0,0.0,0.0,0.0,10,36.0,263.0,1,81.0,80.0,0.0,0.0,0.0,0.0,240
2023-05-09 21:00:08,ru2401P11000,ru2401P11000,81.0,0.0,0.0,0.0,10,36.0,262.0,1,81.0,80.0,0.0,0.0,0.0,0.0,240
2023-05-09 21:01:07,ru2401P11000,ru2401P11000,81.0,0.0,0.0,0.0,10,70.0,262.0,1,81.0,80.0,0.0,0.0,0.0,0.0,240
2023-05-09 21:01:18,ru2401P11000,ru2401P11000,81.0,0.0,0.0,0.0,1,75.0,90.0,1,81.0,80.0,0.0,0.0,0.0,0.0,240
2023-05-09 21:01:18,ru2401P11000,ru2401P11000,81.0,0.0,0.0,0.0,1,75.0,90.0,1,81.0,80.0,0.0,0.0,0.0,0.0,240
2023-05-09 21:01:21,ru2401P11000,ru2401P11000,81.0,0.0,0.0,0.0,2,75.0,90.0,2,81.0,80.0,0.0,0.0,0.0,0.0,240
2023-05-09 21:01:21,ru2401P11000,ru2401P11000,81.0,0.0,0.0,0.0,1,75.0,90.0,1,81.0,80.0,0.0,0.0,0.0,0.0,240
2023-05-09 21:01:30,ru2401P11000,ru2401P11000,81.0,0.0,0.0,0.0,10,70.0,263.0,1,81.0,80.0,0.0,0.0,0.0,0.0,240
2023-05-09 21:01:31,ru2401P11000,ru2401P11000,81.0,0.0,0.0,0.0,10,70.0,262.0,1,81.0,80.0,0.0,0.0,0.0,0.0,240
2023-05-09 21:02:36,ru2401P11000,ru2401P11000,81.0,0.0,0.0,0.0,1,71.0,262.0,1,81.0,80.0,0.0,0.0,0.0,0.0,240
2023-05-09 21:03:30,ru2401P11000,ru2401P11000,81.0,0.0,0.0,0.0,1,72.0,87.0,1,81.0,80.0,0.0,0.0,0.0,0.0,240
2023-05-09 21:03:31,ru2401P11000,ru2401P11000,81.0,0.0,0.0,0.0,1,72.0,87.0,1,81.0,80.0,0.0,0.0,0.0,0.0,240
2023-05-09 21:03:34,ru2401P11000,ru2401P11000,81.0,0.0,0.0,0.0,2,72.0,87.0,2,81.0,80.0,0.0,0.0,0.0,0.0,240
2023-05-09 21:03:39,ru2401P11000,ru2401P11000,81.0,0.0,0.0,0.0,3,72.0,87.0,3,81.0,80.0,0.0,0.0,0.0,0.0,240
2023-05-09 21:03:40,ru2401P11000,ru2401P11000,81.0,0.0,0.0,0.0,3,72.0,87.0,3,81.0,80.0,0.0,0.0,0.0,0.0,240
2023-05-09 21:03:43,ru2401P11000,ru2401P11000,81.0,0.0,0.0,0.0,2,72.0,87.0,2,81.0,80.0,0.0,0.0,0.0,0.0,240
2023-05-09 21:03:45,ru2401P11000,ru2401P11000,81.0,0.0,0.0,0.0,3,72.0,87.0,2,81.0,80.0,0.0,0.0,0.0,0.0,240
2023-05-09 21:03:49,ru2401P11000,ru2401P11000,81.0,0.0,0.0,0.0,2,72.0,87.0,1,81.0,80.0,0.0,0.0,0.0,0.0,240
2023-05-09 21:03:50,ru2401P11000,ru2401P11000,81.0,0.0,0.0,0.0,1,72.0,89.0,1,81.0,80.0,0.0,0.0,0.0,0.0,240
2023-05-09 21:03:51,ru2401P11000,ru2401P11000,81.0,0.0,0.0,0.0,1,72.0,89.0,1,81.0,80.0,0.0,0.0,0.0,0.0,240
2023-05-09 21:03:52,ru2401P11000,ru2401P11000,81.0,0.0,0.0,0.0,1,72.0,263.0,1,81.0,80.0,0.0,0.0,0.0,0.0,240
2023-05-09 21:03:52,ru2401P11000,ru2401P11000,81.0,0.0,0.0,0.0,1,72.0,262.0,1,81.0,80.0,0.0,0.0,0.0,0.0,240
2023-05-09 21:03:57,ru2401P11000,ru2401P11000,81.0,0.0,0.0,0.0,1,72.0,261.0,2,81.0,80.0,0.0,0.0,0.0,0.0,240
2023-05-09 21:03:57,ru2401P11000,ru2401P11000,81.0,0.0,0.0,0.0,1,72.0,261.0,2,81.0,80.0,0.0,0.0,0.0,0.0,240
2023-05-09 21:03:58,ru2401P11000,ru2401P11000,81.0,0.0,0.0,0.0,1,72.0,260.0,1,81.0,80.0,0.0,0.0,0.0,0.0,240
2023-05-09 21:03:58,ru2401P11000,ru2401P11000,81.0,0.0,0.0,0.0,1,72.0,259.0,2,81.0,80.0,0.0,0.0,0.0,0.0,240
2023-05-09 21:03:59,ru2401P11000,ru2401P11000,81.0,0.0,0.0,0.0,1,72.0,259.0,2,81.0,80.0,0.0,0.0,0.0,0.0,240
2023-05-09 21:03:59,ru2401P11000,ru2401P11000,81.0,0.0,0.0,0.0,1,72.0,258.0,1,81.0,80.0,0.0,0.0,0.0,0.0,240
2023-05-09 21:04:00,ru2401P11000,ru2401P11000,81.0,0.0,0.0,0.0,1,72.0,257.0,2,81.0,80.0,0.0,0.0,0.0,0.0,240
2023-05-09 21:04:00,ru2401P11000,ru2401P11000,81.0,0.0,0.0,0.0,1,72.0,257.0,2,81.0,80.0,0.0,0.0,0.0,0.0,240
2023-05-09 21:04:01,ru2401P11000,ru2401P11000,81.0,0.0,0.0,0.0,1,72.0,256.0,1,81.0,80.0,0.0,0.0,0.0,0.0,240
2023-05-09 21:04:01,ru2401P11000,ru2401P11000,81.0,0.0,0.0,0.0,1,72.0,255.0,2,81.0,80.0,0.0,0.0,0.0,0.0,240
2023-05-09 21:04:02,ru2401P11000,ru2401P11000,81.0,0.0,0.0,0.0,1,72.0,255.0,2,81.0,80.0,0.0,0.0,0.0,0.0,240
2023-05-09 21:04:02,ru2401P11000,ru2401P11000,81.0,0.0,0.0,0.0,1,72.0,254.0,1,81.0,80.0,0.0,0.0,0.0,0.0,240
2023-05-09 21:04:03,ru2401P11000,ru2401P11000,81.0,0.0,0.0,0.0,1,72.0,253.0,2,81.0,80.0,0.0,0.0,0.0,0.0,240
2023-05-09 21:04:03,ru2401P11000,ru2401P11000,81.0,0.0,0.0,0.0,1,72.0,253.0,2,81.0,80.0,0.0,0.0,0.0,0.0,240
2023-05-09 21:04:04,ru2401P11000,ru2401P11000,81.0,0.0,0.0,0.0,1,72.0,252.0,1,81.0,80.0,0.0,0.0,0.0,0.0,240
2023-05-09 21:04:04,ru2401P11000,ru2401P11000,81.0,0.0,0.0,0.0,1,72.0,251.0,2,81.0,80.0,0.0,0.0,0.0,0.0,240
2023-05-09 21:04:05,ru2401P11000,ru2401P11000,81.0,0.0,0.0,0.0,1,72.0,251.0,2,81.0,80.0,0.0,0.0,0.0,0.0,240
2023-05-09 21:04:05,ru2401P11000,ru2401P11000,81.0,0.0,0.0,0.0,1,72.0,250.0,1,81.0,80.0,0.0,0.0,0.0,0.0,240
2023-05-09 21:04:06,ru2401P11000,ru2401P11000,81.0,0.0,0.0,0.0,1,72.0,249.0,2,81.0,80.0,0.0,0.0,0.0,0.0,240
2023-05-09 21:04:06,ru2401P11000,ru2401P11000,81.0,0.0,0.0,0.0,1,72.0,249.0,2,81.0,80.0,0.0,0.0,0.0,0.0,240
2023-05-09 21:04:07,ru2401P11000,ru2401P11000,81.0,0.0,0.0,0.0,1,72.0,248.0,1,81.0,80.0,0.0,0.0,0.0,0.0,240
2023-05-09 21:04:07,ru2401P11000,ru2401P11000,81.0,0.0,0.0,0.0,1,72.0,247.0,2,81.0,80.0,0.0,0.0,0.0,0.0,240
2023-05-09 21:04:08,ru2401P11000,ru2401P11000,81.0,0.0,0.0,0.0,1,72.0,247.0,2,81.0,80.0,0.0,0.0,0.0,0.0,240
2023-05-09 21:04:08,ru2401P11000,ru2401P11000,81.0,0.0,0.0,0.0,1,72.0,246.0,1,81.0,80.0,0.0,0.0,0.0,0.0,240
2023-05-09 21:04:09,ru2401P11000,ru2401P11000,81.0,0.0,0.0,0.0,1,72.0,245.0,2,81.0,80.0,0.0,0.0,0.0,0.0,240
2023-05-09 21:04:09,ru2401P11000,ru2401P11000,81.0,0.0,0.0,0.0,1,72.0,245.0,2,81.0,80.0,0.0,0.0,0.0,0.0,240
2023-05-09 21:04:10,ru2401P11000,ru2401P11000,81.0,0.0,0.0,0.0,1,72.0,244.0,1,81.0,80.0,0.0,0.0,0.0,0.0,240
2023-05-09 21:04:10,ru2401P11000,ru2401P11000,81.0,0.0,0.0,0.0,1,72.0,243.0,2,81.0,80.0,0.0,0.0,0.0,0.0,240
2023-05-09 21:04:11,ru2401P11000,ru2401P11000,81.0,0.0,0.0,0.0,1,72.0,243.0,2,81.0,80.0,0.0,0.0,0.0,0.0,240
2023-05-09 21:04:11,ru2401P11000,ru2401P11000,81.0,0.0,0.0,0.0,1,72.0,242.0,1,81.0,80.0,0.0,0.0,0.0,0.0,240
2023-05-09 21:04:12,ru2401P11000,ru2401P11000,81.0,0.0,0.0,0.0,1,72.0,241.0,2,81.0,80.0,0.0,0.0,0.0,0.0,240
2023-05-09 21:04:12,ru2401P11000,ru2401P11000,81.0,0.0,0.0,0.0,1,72.0,241.0,2,81.0,80.0,0.0,0.0,0.0,0.0,240
2023-05-09 21:04:13,ru2401P11000,ru2401P11000,81.0,0.0,0.0,0.0,1,72.0,240.0,1,81.0,80.0,0.0,0.0,0.0,0.0,240
2023-05-09 21:04:13,ru2401P11000,ru2401P11000,81.0,0.0,0.0,0.0,1,72.0,239.0,2,81.0,80.0,0.0,0.0,0.0,0.0,240
2023-05-09 21:04:14,ru2401P11000,ru2401P11000,81.0,0.0,0.0,0.0,1,72.0,239.0,2,81.0,80.0,0.0,0.0,0.0,0.0,240
2023-05-09 21:04:14,ru2401P11000,ru2401P11000,81.0,0.0,0.0,0.0,1,72.0,238.0,1,81.0,80.0,0.0,0.0,0.0,0.0,240
2023-05-09 21:04:15,ru2401P11000,ru2401P11000,81.0,0.0,0.0,0.0,1,72.0,237.0,2,81.0,80.0,0.0,0.0,0.0,0.0,240
2023-05-09 21:04:15,ru2401P11000,ru2401P11000,81.0,0.0,0.0,0.0,1,72.0,237.0,2,81.0,80.0,0.0,0.0,0.0,0.0,240
2023-05-09 21:04:16,ru2401P11000,ru2401P11000,81.0,0.0,0.0,0.0,1,72.0,236.0,1,81.0,80.0,0.0,0.0,0.0,0.0,240
2023-05-09 21:04:16,ru2401P11000,ru2401P11000,81.0,0.0,0.0,0.0,1,72.0,235.0,2,81.0,80.0,0.0,0.0,0.0,0.0,240
2023-05-09 21:04:17,ru2401P11000,ru2401P11000,81.0,0.0,0.0,0.0,1,72.0,235.0,2,81.0,80.0,0.0,0.0,0.0,0.0,240
2023-05-09 21:04:17,ru2401P11000,ru2401P11000,81.0,0.0,0.0,0.0,1,72.0,234.0,1,81.0,80.0,0.0,0.0,0.0,0.0,240
2023-05-09 21:04:18,ru2401P11000,ru2401P11000,81.0,0.0,0.0,0.0,1,72.0,233.0,2,81.0,80.0,0.0,0.0,0.0,0.0,240
2023-05-09 21:04:18,ru2401P11000,ru2401P11000,81.0,0.0,0.0,0.0,1,72.0,233.0,2,81.0,80.0,0.0,0.0,0.0,0.0,240
2023-05-09 21:04:19,ru2401P11000,ru2401P11000,81.0,0.0,0.0,0.0,1,72.0,232.0,1,81.0,80.0,0.0,0.0,0.0,0.0,240
2023-05-09 21:04:19,ru2401P11000,ru2401P11000,81.0,0.0,0.0,0.0,1,72.0,231.0,2,81.0,80.0,0.0,0.0,0.0,0.0,240
2023-05-09 21:04:20,ru2401P11000,ru2401P11000,81.0,0.0,0.0,0.0,1,72.0,231.0,2,81.0,80.0,0.0,0.0,0.0,0.0,240
2023-05-09 21:04:20,ru2401P11000,ru2401P11000,81.0,0.0,0.0,0.0,1,72.0,230.0,1,81.0,80.0,0.0,0.0,0.0,0.0,240
2023-05-09 21:04:21,ru2401P11000,ru2401P11000,81.0,0.0,0.0,0.0,1,72.0,229.0,2,81.0,80.0,0.0,0.0,0.0,0.0,240
2023-05-09 21:04:21,ru2401P11000,ru2401P11000,81.0,0.0,0.0,0.0,1,72.0,229.0,2,81.0,80.0,0.0,0.0,0.0,0.0,240
2023-05-09 21:04:22,ru2401P11000,ru2401P11000,81.0,0.0,0.0,0.0,1,72.0,228.0,1,81.0,80.0,0.0,0.0,0.0,0.0,240
2023-05-09 21:04:22,ru2401P11000,ru2401P11000,81.0,0.0,0.0,0.0,1,72.0,227.0,2,81.0,80.0,0.0,0.0,0.0,0.0,240
2023-05-09 21:04:23,ru2401P11000,ru2401P11000,81.0,0.0,0.0,0.0,1,72.0,227.0,2,81.0,80.0,0.0,0.0,0.0,0.0,240
2023-05-09 21:04:23,ru2401P11000,ru2401P11000,81.0,0.0,0.0,0.0,1,72.0,226.0,1,81.0,80.0,0.0,0.0,0.0,0.0,240
2023-05-09 21:04:24,ru2401P11000,ru2401P11000,81.0,0.0,0.0,0.0,1,72.0,225.0,2,81.0,80.0,0.0,0.0,0.0,0.0,240
2023-05-09 21:04:24,ru2401P11000,ru2401P11000,81.0,0.0,0.0,0.0,1,72.0,225.0,2,81.0,80.0,0.0,0.0,0.0,0.0,240
2023-05-09 21:04:25,ru2401P11000,ru2401P11000,81.0,0.0,0.0,0.0,1,72.0,224.0,1,81.0,80.0,0.0,0.0,0.0,0.0,240
2023-05-09 21:04:25,ru2401P11000,ru2401P11000,81.0,0.0,0.0,0.0,1,72.0,223.0,2,81.0,80.0,0.0,0.0,0.0,0.0,240
2023-05-09 21:04:26,ru2401P11000,ru2401P11000,81.0,0.0,0.0,0.0,1,72.0,223.0,2,81.0,80.0,0.0,0.0,0.0,0.0,240
2023-05-09 21:04:26,ru2401P11000,ru2401P11000,81.0,0.0,0.0,0.0,1,72.0,222.0,1,81.0,80.0,0.0,0.0,0.0,0.0,240
2023-05-09 21:04:27,ru2401P11000,ru2401P11000,81.0,0.0,0.0,0.0,1,72.0,221.0,2,81.0,80.0,0.0,0.0,0.0,0.0,240
2023-05-09 21:04:27,ru2401P11000,ru2401P11000,81.0,0.0,0.0,0.0,1,72.0,221.0,2,81.0,80.0,0.0,0.0,0.0,0.0,240
2023-05-09 21:04:28,ru2401P11000,ru2401P11000,81.0,0.0,0.0,0.0,1,72.0,220.0,1,81.0,80.0,0.0,0.0,0.0,0.0,240
2023-05-09 21:04:28,ru2401P11000,ru2401P11000,81.0,0.0,0.0,0.0,1,72.0,219.0,2,81.0,80.0,0.0,0.0,0.0,0.0,240
2023-05-09 21:04:29,ru2401P11000,ru2401P11000,81.0,0.0,0.0,0.0,1,72.0,219.0,2,81.0,80.0,0.0,0.0,0.0,0.0,240
2023-05-09 21:04:29,ru2401P11000,ru2401P11000,81.0,0.0,0.0,0.0,1,72.0,218.0,1,81.0,80.0,0.0,0.0,0.0,0.0,240
2023-05-09 21:04:30,ru2401P11000,ru2401P11000,81.0,0.0,0.0,0.0,1,72.0,217.0,2,81.0,80.0,0.0,0.0,0.0,0.0,240
2023-05-09 21:04:30,ru2401P11000,ru2401P11000,81.0,0.0,0.0,0.0,1,72.0,217.0,2,81.0,80.0,0.0,0.0,0.0,0.0,240
2023-05-09 21:04:31,ru2401P11000,ru2401P11000,81.0,0.0,0.0,0.0,1,72.0,216.0,1,81.0,80.0,0.0,0.0,0.0,0.0,240
2023-05-09 21:04:31,ru2401P11000,ru2401P11000,81.0,0.0,0.0,0.0,1,72.0,215.0,2,81.0,80.0,0.0,0.0,0.0,0.0,240
2023-05-09 21:04:32,ru2401P11000,ru2401P11000,81.0,0.0,0.0,0.0,1,72.0,215.0,2,81.0,80.0,0.0,0.0,0.0,0.0,240
2023-05-09 21:04:32,ru2401P11000,ru2401P11000,81.0,0.0,0.0,0.0,1,72.0,214.0,1,81.0,80.0,0.0,0.0,0.0,0.0,240
2023-05-09 21:04:33,ru2401P11000,ru2401P11000,81.0,0.0,0.0,0.0,1,72.0,213.0,2,81.0,80.0,0.0,0.0,0.0,0.0,240
2023-05-09 21:04:33,ru2401P11000,ru2401P11000,81.0,0.0,0.0,0.0,1,72.0,213.0,2,81.0,80.0,0.0,0.0,0.0,0.0,240
2023-05-09 21:04:34,ru2401P11000,ru2401P11000,81.0,0.0,0.0,0.0,1,72.0,212.0,1,81.0,80.0,0.0,0.0,0.0,0.0,240
2023-05-09 21:04:34,ru2401P11000,ru2401P11000,81.0,0.0,0.0,0.0,1,72.0,211.0,2,81.0,80.0,0.0,0.0,0.0,0.0,240
2023-05-09 21:04:35,ru2401P11000,ru2401P11000,81.0,0.0,0.0,0.0,1,72.0,211.0,2,81.0,80.0,0.0,0.0,0.0,0.0,240
2023-05-09 21:04:35,ru2401P11000,ru2401P11000,81.0,0.0,0.0,0.0,1,72.0,210.0,1,81.0,80.0,0.0,0.0,0.0,0.0,240
2023-05-09 21:04:36,ru2401P11000,ru2401P11000,81.0,0.0,0.0,0.0,1,72.0,209.0,2,81.0,80.0,0.0,0.0,0.0,0.0,240
2023-05-09 21:04:36,ru2401P11000,ru2401P11000,81.0,0.0,0.0,0.0,1,72.0,209.0,2,81.0,80.0,0.0,0.0,0.0,0.0,240
2023-05-09 21:04:37,ru2401P11000,ru2401P11000,81.0,0.0,0.0,0.0,1,72.0,208.0,1,81.0,80.0,0.0,0.0,0.0,0.0,240
2023-05-09 21:04:37,ru2401P11000,ru2401P11000,81.0,0.0,0.0,0.0,1,72.0,207.0,2,81.0,80.0,0.0,0.0,0.0,0.0,240
2023-05-09 21:04:38,ru2401P11000,ru2401P11000,81.0,0.0,0.0,0.0,1,72.0,207.0,2,81.0,80.0,0.0,0.0,0.0,0.0,240
2023-05-09 21:04:38,ru2401P11000,ru2401P11000,81.0,0.0,0.0,0.0,1,72.0,206.0,1,81.0,80.0,0.0,0.0,0.0,0.0,240
2023-05-09 21:04:39,ru2401P11000,ru2401P11000,81.0,0.0,0.0,0.0,1,72.0,205.0,2,81.0,80.0,0.0,0.0,0.0,0.0,240
2023-05-09 21:04:39,ru2401P11000,ru2401P11000,81.0,0.0,0.0,0.0,1,72.0,205.0,2,81.0,80.0,0.0,0.0,0.0,0.0,240
2023-05-09 21:04:40,ru2401P11000,ru2401P11000,81.0,0.0,0.0,0.0,1,72.0,204.0,1,81.0,80.0,0.0,0.0,0.0,0.0,240
2023-05-09 21:04:40,ru2401P11000,ru2401P11000,81.0,0.0,0.0,0.0,1,72.0,203.0,2,81.0,80.0,0.0,0.0,0.0,0.0,240
2023-05-09 21:04:41,ru2401P11000,ru2401P11000,81.0,0.0,0.0,0.0,1,72.0,202.0,1,81.0,80.0,0.0,0.0,0.0,0.0,240
2023-05-09 21:04:41,ru2401P11000,ru2401P11000,81.0,0.0,0.0,0.0,1,72.0,201.0,2,81.0,80.0,0.0,0.0,0.0,0.0,240
2023-05-09 21:04:42,ru2401P11000,ru2401P11000,81.0,0.0,0.0,0.0,1,72.0,201.0,2,81.0,80.0,0.0,0.0,0.0,0.0,240
2023-05-09 21:04:42,ru2401P11000,ru2401P11000,81.0,0.0,0.0,0.0,1,72.0,200.0,1,81.0,80.0,0.0,0.0,0.0,0.0,240
2023-05-09 21:04:43,ru2401P11000,ru2401P11000,81.0,0.0,0.0,0.0,1,72.0,199.0,2,81.0,80.0,0.0,0.0,0.0,0.0,240
2023-05-09 21:04:43,ru2401P11000,ru2401P11000,81.0,0.0,0.0,0.0,1,72.0,199.0,2,81.0,80.0,0.0,0.0,0.0,0.0,240
2023-05-09 21:04:44,ru2401P11000,ru2401P11000,81.0,0.0,0.0,0.0,1,72.0,198.0,1,81.0,80.0,0.0,0.0,0.0,0.0,240
2023-05-09 21:04:44,ru2401P11000,ru2401P11000,81.0,0.0,0.0,0.0,1,72.0,197.0,2,81.0,80.0,0.0,0.0,0.0,0.0,240
2023-05-09 21:04:45,ru2401P11000,ru2401P11000,81.0,0.0,0.0,0.0,1,72.0,197.0,2,81.0,80.0,0.0,0.0,0.0,0.0,240
2023-05-09 21:04:45,ru2401P11000,ru2401P11000,81.0,0.0,0.0,0.0,1,72.0,196.0,1,81.0,80.0,0.0,0.0,0.0,0.0,240
2023-05-09 21:04:46,ru2401P11000,ru2401P11000,81.0,0.0,0.0,0.0,1,72.0,195.0,2,81.0,80.0,0.0,0.0,0.0,0.0,240
2023-05-09 21:04:46,ru2401P11000,ru2401P11000,81.0,0.0,0.0,0.0,1,72.0,195.0,2,81.0,80.0,0.0,0.0,0.0,0.0,240
2023-05-09 21:04:47,ru2401P11000,ru2401P11000,81.0,0.0,0.0,0.0,1,72.0,194.0,1,81.0,80.0,0.0,0.0,0.0,0.0,240
2023-05-09 21:04:47,ru2401P11000,ru2401P11000,81.0,0.0,0.0,0.0,1,72.0,193.0,2,81.0,80.0,0.0,0.0,0.0,0.0,240
2023-05-09 21:04:48,ru2401P11000,ru2401P11000,81.0,0.0,0.0,0.0,1,72.0,193.0,2,81.0,80.0,0.0,0.0,0.0,0.0,240
2023-05-09 21:04:48,ru2401P11000,ru2401P11000,81.0,0.0,0.0,0.0,1,72.0,192.0,1,81.0,80.0,0.0,0.0,0.0,0.0,240
2023-05-09 21:04:49,ru2401P11000,ru2401P11000,81.0,0.0,0.0,0.0,1,72.0,191.0,2,81.0,80.0,0.0,0.0,0.0,0.0,240
2023-05-09 21:04:49,ru2401P11000,ru2401P11000,81.0,0.0,0.0,0.0,1,72.0,191.0,2,81.0,80.0,0.0,0.0,0.0,0.0,240
2023-05-09 21:04:50,ru2401P11000,ru2401P11000,81.0,0.0,0.0,0.0,1,72.0,190.0,1,81.0,80.0,0.0,0.0,0.0,0.0,240
2023-05-09 21:04:50,ru2401P11000,ru2401P11000,81.0,0.0,0.0,0.0,1,72.0,189.0,2,81.0,80.0,0.0,0.0,0.0,0.0,240
2023-05-09 21:04:51,ru2401P11000,ru2401P11000,81.0,0.0,0.0,0.0,1,72.0,189.0,2,81.0,80.0,0.0,0.0,0.0,0.0,240
2023-05-09 21:04:51,ru2401P11000,ru2401P11000,81.0,0.0,0.0,0.0,1,72.0,188.0,1,81.0,80.0,0.0,0.0,0.0,0.0,240
2023-05-09 21:04:52,ru2401P11000,ru2401P11000,81.0,0.0,0.0,0.0,1,72.0,187.0,2,81.0,80.0,0.0,0.0,0.0,0.0,240
2023-05-09 21:04:52,ru2401P11000,ru2401P11000,81.0,0.0,0.0,0.0,1,72.0,187.0,2,81.0,80.0,0.0,0.0,0.0,0.0,240
2023-05-09 21:04:53,ru2401P11000,ru2401P11000,81.0,0.0,0.0,0.0,1,72.0,186.0,1,81.0,80.0,0.0,0.0,0.0,0.0,240
2023-05-09 21:04:53,ru2401P11000,ru2401P11000,81.0,0.0,0.0,0.0,1,72.0,185.0,2,81.0,80.0,0.0,0.0,0.0,0.0,240
2023-05-09 21:04:54,ru2401P11000,ru2401P11000,81.0,0.0,0.0,0.0,1,72.0,185.0,2,81.0,80.0,0.0,0.0,0.0,0.0,240
2023-05-09 21:04:54,ru2401P11000,ru2401P11000,81.0,0.0,0.0,0.0,1,72.0,184.0,1,81.0,80.0,0.0,0.0,0.0,0.0,240
2023-05-09 21:04:55,ru2401P11000,ru2401P11000,81.0,0.0,0.0,0.0,1,72.0,183.0,2,81.0,80.0,0.0,0.0,0.0,0.0,240
2023-05-09 21:04:55,ru2401P11000,ru2401P11000,81.0,0.0,0.0,0.0,1,72.0,183.0,2,81.0,80.0,0.0,0.0,0.0,0.0,240
2023-05-09 21:04:56,ru2401P11000,ru2401P11000,81.0,0.0,0.0,0.0,1,72.0,182.0,1,81.0,80.0,0.0,0.0,0.0,0.0,240
2023-05-09 21:04:56,ru2401P11000,ru2401P11000,81.0,0.0,0.0,0.0,1,72.0,181.0,2,81.0,80.0,0.0,0.0,0.0,0.0,240
2023-05-09 21:04:57,ru2401P11000,ru2401P11000,81.0,0.0,0.0,0.0,1,72.0,181.0,2,81.0,80.0,0.0,0.0,0.0,0.0,240
2023-05-09 21:04:57,ru2401P11000,ru2401P11000,81.0,0.0,0.0,0.0,1,72.0,180.0,1,81.0,80.0,0.0,0.0,0.0,0.0,240
2023-05-09 21:04:58,ru2401P11000,ru2401P11000,81.0,0.0,0.0,0.0,1,72.0,179.0,2,81.0,80.0,0.0,0.0,0.0,0.0,240
2023-05-09 21:04:58,ru2401P11000,ru2401P11000,81.0,0.0,0.0,0.0,1,72.0,179.0,2,81.0,80.0,0.0,0.0,0.0,0.0,240
2023-05-09 21:04:59,ru2401P11000,ru2401P11000,81.0,0.0,0.0,0.0,1,72.0,178.0,1,81.0,80.0,0.0,0.0,0.0,0.0,240
2023-05-09 21:04:59,ru2401P11000,ru2401P11000,81.0,0.0,0.0,0.0,1,72.0,177.0,2,81.0,80.0,0.0,0.0,0.0,0.0,240
2023-05-09 21:05:00,ru2401P11000,ru2401P11000,81.0,0.0,0.0,0.0,1,72.0,177.0,2,81.0,80.0,0.0,0.0,0.0,0.0,240
2023-05-09 21:05:00,ru2401P11000,ru2401P11000,81.0,0.0,0.0,0.0,1,72.0,176.0,1,81.0,80.0,0.0,0.0,0.0,0.0,240
2023-05-09 21:05:01,ru2401P11000,ru2401P11000,81.0,0.0,0.0,0.0,1,72.0,175.0,2,81.0,80.0,0.0,0.0,0.0,0.0,240
2023-05-09 21:05:01,ru2401P11000,ru2401P11000,81.0,0.0,0.0,0.0,1,72.0,175.0,2,81.0,80.0,0.0,0.0,0.0,0.0,240
2023-05-09 21:05:02,ru2401P11000,ru2401P11000,81.0,0.0,0.0,0.0,1,72.0,174.0,1,81.0,80.0,0.0,0.0,0.0,0.0,240
2023-05-09 21:05:02,ru2401P11000,ru2401P11000,81.0,0.0,0.0,0.0,1,72.0,173.0,2,81.0,80.0,0.0,0.0,0.0,0.0,240
2023-05-09 21:05:03,ru2401P11000,ru2401P11000,81.0,0.0,0.0,0.0,1,72.0,173.0,2,81.0,80.0,0.0,0.0,0.0,0.0,240
2023-05-09 21:05:03,ru2401P11000,ru2401P11000,81.0,0.0,0.0,0.0,1,72.0,172.0,1,81.0,80.0,0.0,0.0,0.0,0.0,240
2023-05-09 21:05:04,ru2401P11000,ru2401P11000,81.0,0.0,0.0,0.0,1,72.0,171.0,2,81.0,80.0,0.0,0.0,0.0,0.0,240
2023-05-09 21:05:04,ru2401P11000,ru2401P11000,81.0,0.0,0.0,0.0,1,72.0,171.0,2,81.0,80.0,0.0,0.0,0.0,0.0,240
2023-05-09 21:05:05,ru2401P11000,ru2401P11000,81.0,0.0,0.0,0.0,1,72.0,170.0,1,81.0,80.0,0.0,0.0,0.0,0.0,240
2023-05-09 21:05:05,ru2401P11000,ru2401P11000,81.0,0.0,0.0,0.0,1,72.0,169.0,2,81.0,80.0,0.0,0.0,0.0,0.0,240
2023-05-09 21:05:06,ru2401P11000,ru2401P11000,81.0,0.0,0.0,0.0,1,72.0,169.0,2,81.0,80.0,0.0,0.0,0.0,0.0,240
2023-05-09 21:05:06,ru2401P11000,ru2401P11000,81.0,0.0,0.0,0.0,1,72.0,168.0,1,81.0,80.0,0.0,0.0,0.0,0.0,240
2023-05-09 21:05:07,ru2401P11000,ru2401P11000,81.0,0.0,0.0,0.0,1,72.0,167.0,2,81.0,80.0,0.0,0.0,0.0,0.0,240
2023-05-09 21:05:07,ru2401P11000,ru2401P11000,81.0,0.0,0.0,0.0,1,72.0,167.0,2,81.0,80.0,0.0,0.0,0.0,0.0,240
2023-05-09 21:05:08,ru2401P11000,ru2401P11000,81.0,0.0,0.0,0.0,1,72.0,166.0,1,81.0,80.0,0.0,0.0,0.0,0.0,240
2023-05-09 21:05:08,ru2401P11000,ru2401P11000,81.0,0.0,0.0,0.0,1,72.0,165.0,2,81.0,80.0,0.0,0.0,0.0,0.0,240
2023-05-09 21:05:09,ru2401P11000,ru2401P11000,81.0,0.0,0.0,0.0,1,72.0,165.0,2,81.0,80.0,0.0,0.0,0.0,0.0,240
2023-05-09 21:05:09,ru2401P11000,ru2401P11000,81.0,0.0,0.0,0.0,1,72.0,164.0,1,81.0,80.0,0.0,0.0,0.0,0.0,240
2023-05-09 21:05:10,ru2401P11000,ru2401P11000,81.0,0.0,0.0,0.0,1,72.0,163.0,2,81.0,80.0,0.0,0.0,0.0,0.0,240
2023-05-09 21:05:10,ru2401P11000,ru2401P11000,81.0,0.0,0.0,0.0,1,72.0,163.0,2,81.0,80.0,0.0,0.0,0.0,0.0,240
2023-05-09 21:05:11,ru2401P11000,ru2401P11000,81.0,0.0,0.0,0.0,1,72.0,162.0,1,81.0,80.0,0.0,0.0,0.0,0.0,240
2023-05-09 21:05:11,ru2401P11000,ru2401P11000,81.0,0.0,0.0,0.0,1,72.0,161.0,2,81.0,80.0,0.0,0.0,0.0,0.0,240
2023-05-09 21:05:12,ru2401P11000,ru2401P11000,81.0,0.0,0.0,0.0,1,72.0,161.0,2,81.0,80.0,0.0,0.0,0.0,0.0,240
2023-05-09 21:05:12,ru2401P11000,ru2401P11000,81.0,0.0,0.0,0.0,1,72.0,160.0,1,81.0,80.0,0.0,0.0,0.0,0.0,240
2023-05-09 21:05:13,ru2401P11000,ru2401P11000,81.0,0.0,0.0,0.0,1,72.0,159.0,2,81.0,80.0,0.0,0.0,0.0,0.0,240
2023-05-09 21:05:13,ru2401P11000,ru2401P11000,81.0,0.0,0.0,0.0,1,72.0,159.0,2,81.0,80.0,0.0,0.0,0.0,0.0,240
2023-05-09 21:05:14,ru2401P11000,ru2401P11000,81.0,0.0,0.0,0.0,1,72.0,158.0,1,81.0,80.0,0.0,0.0,0.0,0.0,240
2023-05-09 21:05:14,ru2401P11000,ru2401P11000,81.0,0.0,0.0,0.0,1,72.0,157.0,2,81.0,80.0,0.0,0.0,0.0,0.0,240
2023-05-09 21:05:15,ru2401P11000,ru2401P11000,81.0,0.0,0.0,0.0,1,72.0,157.0,2,81.0,80.0,0.0,0.0,0.0,0.0,240
2023-05-09 21:05:15,ru2401P11000,ru2401P11000,81.0,0.0,0.0,0.0,1,72.0,156.0,1,81.0,80.0,0.0,0.0,0.0,0.0,240
2023-05-09 21:05:16,ru2401P11000,ru2401P11000,81.0,0.0,0.0,0.0,1,72.0,155.0,2,81.0,80.0,0.0,0.0,0.0,0.0,240
2023-05-09 21:05:16,ru2401P11000,ru2401P11000,81.0,0.0,0.0,0.0,1,72.0,155.0,2,81.0,80.0,0.0,0.0,0.0,0.0,240
2023-05-09 21:05:17,ru2401P11000,ru2401P11000,81.0,0.0,0.0,0.0,1,72.0,154.0,1,81.0,80.0,0.0,0.0,0.0,0.0,240
2023-05-09 21:05:17,ru2401P11000,ru2401P11000,81.0,0.0,0.0,0.0,1,72.0,153.0,2,81.0,80.0,0.0,0.0,0.0,0.0,240
2023-05-09 21:05:18,ru2401P11000,ru2401P11000,81.0,0.0,0.0,0.0,1,72.0,153.0,2,81.0,80.0,0.0,0.0,0.0,0.0,240
2023-05-09 21:05:18,ru2401P11000,ru2401P11000,81.0,0.0,0.0,0.0,1,72.0,152.0,1,81.0,80.0,0.0,0.0,0.0,0.0,240
2023-05-09 21:05:19,ru2401P11000,ru2401P11000,81.0,0.0,0.0,0.0,1,72.0,151.0,2,81.0,80.0,0.0,0.0,0.0,0.0,240
2023-05-09 21:05:19,ru2401P11000,ru2401P11000,81.0,0.0,0.0,0.0,1,72.0,151.0,2,81.0,80.0,0.0,0.0,0.0,0.0,240
2023-05-09 21:05:20,ru2401P11000,ru2401P11000,81.0,0.0,0.0,0.0,1,72.0,150.0,1,81.0,80.0,0.0,0.0,0.0,0.0,240
2023-05-09 21:05:20,ru2401P11000,ru2401P11000,81.0,0.0,0.0,0.0,1,72.0,149.0,2,81.0,80.0,0.0,0.0,0.0,0.0,240
2023-05-09 21:05:21,ru2401P11000,ru2401P11000,81.0,0.0,0.0,0.0,1,72.0,149.0,2,81.0,80.0,0.0,0.0,0.0,0.0,240
2023-05-09 21:05:21,ru2401P11000,ru2401P11000,81.0,0.0,0.0,0.0,1,72.0,148.0,1,81.0,80.0,0.0,0.0,0.0,0.0,240
2023-05-09 21:05:22,ru2401P11000,ru2401P11000,81.0,0.0,0.0,0.0,1,72.0,147.0,2,81.0,80.0,0.0,0.0,0.0,0.0,240
2023-05-09 21:05:22,ru2401P11000,ru2401P11000,81.0,0.0,0.0,0.0,1,72.0,147.0,2,81.0,80.0,0.0,0.0,0.0,0.0,240
2023-05-09 21:05:23,ru2401P11000,ru2401P11000,81.0,0.0,0.0,0.0,1,72.0,146.0,1,81.0,80.0,0.0,0.0,0.0,0.0,240
2023-05-09 21:05:23,ru2401P11000,ru2401P11000,81.0,0.0,0.0,0.0,1,72.0,145.0,2,81.0,80.0,0.0,0.0,0.0,0.0,240
2023-05-09 21:05:24,ru2401P11000,ru2401P11000,81.0,0.0,0.0,0.0,1,72.0,145.0,2,81.0,80.0,0.0,0.0,0.0,0.0,240
2023-05-09 21:05:24,ru2401P11000,ru2401P11000,81.0,0.0,0.0,0.0,1,72.0,144.0,1,81.0,80.0,0.0,0.0,0.0,0.0,240
2023-05-09 21:05:25,ru2401P11000,ru2401P11000,81.0,0.0,0.0,0.0,1,72.0,143.0,2,81.0,80.0,0.0,0.0,0.0,0.0,240
2023-05-09 21:05:25,ru2401P11000,ru2401P11000,81.0,0.0,0.0,0.0,1,72.0,143.0,2,81.0,80.0,0.0,0.0,0.0,0.0,240
2023-05-09 21:05:26,ru2401P11000,ru2401P11000,81.0,0.0,0.0,0.0,1,72.0,143.0,3,81.0,80.0,0.0,0.0,0.0,0.0,240
2023-05-09 21:05:26,ru2401P11000,ru2401P11000,81.0,0.0,0.0,0.0,1,72.0,142.0,2,81.0,80.0,0.0,0.0,0.0,0.0,240
2023-05-09 21:05:27,ru2401P11000,ru2401P11000,81.0,0.0,0.0,0.0,1,72.0,142.0,2,81.0,80.0,0.0,0.0,0.0,0.0,240
2023-05-09 21:06:09,ru2401P11000,ru2401P11000,81.0,0.0,0.0,0.0,1,72.0,141.0,1,81.0,80.0,0.0,0.0,0.0,0.0,240
2023-05-09 21:06:10,ru2401P11000,ru2401P11000,81.0,0.0,0.0,0.0,1,72.0,140.0,2,81.0,80.0,0.0,0.0,0.0,0.0,240
2023-05-09 21:06:10,ru2401P11000,ru2401P11000,81.0,0.0,0.0,0.0,1,72.0,140.0,2,81.0,80.0,0.0,0.0,0.0,0.0,240
2023-05-09 21:06:11,ru2401P11000,ru2401P11000,81.0,0.0,0.0,0.0,1,72.0,139.0,1,81.0,80.0,0.0,0.0,0.0,0.0,240
2023-05-09 21:06:11,ru2401P11000,ru2401P11000,81.0,0.0,0.0,0.0,1,72.0,138.0,2,81.0,80.0,0.0,0.0,0.0,0.0,240
2023-05-09 21:06:12,ru2401P11000,ru2401P11000,81.0,0.0,0.0,0.0,1,72.0,138.0,2,81.0,80.0,0.0,0.0,0.0,0.0,240
2023-05-09 21:06:12,ru2401P11000,ru2401P11000,81.0,0.0,0.0,0.0,1,72.0,137.0,1,81.0,80.0,0.0,0.0,0.0,0.0,240
2023-05-09 21:06:13,ru2401P11000,ru2401P11000,81.0,0.0,0.0,0.0,1,72.0,136.0,2,81.0,80.0,0.0,0.0,0.0,0.0,240
2023-05-09 21:06:13,ru2401P11000,ru2401P11000,81.0,0.0,0.0,0.0,1,72.0,136.0,2,81.0,80.0,0.0,0.0,0.0,0.0,240
2023-05-09 21:06:14,ru2401P11000,ru2401P11000,81.0,0.0,0.0,0.0,1,72.0,135.0,1,81.0,80.0,0.0,0.0,0.0,0.0,240
2023-05-09 21:06:14,ru2401P11000,ru2401P11000,81.0,0.0,0.0,0.0,1,72.0,134.0,2,81.0,80.0,0.0,0.0,0.0,0.0,240
2023-05-09 21:06:15,ru2401P11000,ru2401P11000,81.0,0.0,0.0,0.0,1,72.0,134.0,2,81.0,80.0,0.0,0.0,0.0,0.0,240
2023-05-09 21:06:15,ru2401P11000,ru2401P11000,81.0,0.0,0.0,0.0,1,72.0,133.0,1,81.0,80.0,0.0,0.0,0.0,0.0,240
2023-05-09 21:06:16,ru2401P11000,ru2401P11000,81.0,0.0,0.0,0.0,1,72.0,132.0,2,81.0,80.0,0.0,0.0,0.0,0.0,240
2023-05-09 21:06:16,ru2401P11000,ru2401P11000,81.0,0.0,0.0,0.0,1,72.0,132.0,2,81.0,80.0,0.0,0.0,0.0,0.0,240
2023-05-09 21:06:17,ru2401P11000,ru2401P11000,81.0,0.0,0.0,0.0,1,72.0,131.0,1,81.0,80.0,0.0,0.0,0.0,0.0,240
2023-05-09 21:06:17,ru2401P11000,ru2401P11000,81.0,0.0,0.0,0.0,1,72.0,130.0,2,81.0,80.0,0.0,0.0,0.0,0.0,240
2023-05-09 21:06:18,ru2401P11000,ru2401P11000,81.0,0.0,0.0,0.0,1,72.0,130.0,2,81.0,80.0,0.0,0.0,0.0,0.0,240
2023-05-09 21:06:18,ru2401P11000,ru2401P11000,81.0,0.0,0.0,0.0,1,72.0,129.0,1,81.0,80.0,0.0,0.0,0.0,0.0,240
2023-05-09 21:06:19,ru2401P11000,ru2401P11000,81.0,0.0,0.0,0.0,1,72.0,128.0,2,81.0,80.0,0.0,0.0,0.0,0.0,240
2023-05-09 21:06:19,ru2401P11000,ru2401P11000,81.0,0.0,0.0,0.0,1,72.0,128.0,2,81.0,80.0,0.0,0.0,0.0,0.0,240
2023-05-09 21:06:20,ru2401P11000,ru2401P11000,81.0,0.0,0.0,0.0,1,72.0,127.0,1,81.0,80.0,0.0,0.0,0.0,0.0,240
2023-05-09 21:10:07,ru2401P11000,ru2401P11000,81.0,0.0,0.0,0.0,1,72.0,126.0,2,81.0,80.0,0.0,0.0,0.0,0.0,240
2023-05-09 21:10:07,ru2401P11000,ru2401P11000,81.0,0.0,0.0,0.0,1,72.0,125.0,1,81.0,80.0,0.0,0.0,0.0,0.0,240
2023-05-09 21:20:48,ru2401P11000,ru2401P11000,81.0,0.0,0.0,0.0,1,72.0,124.0,2,81.0,80.0,0.0,0.0,0.0,0.0,240
2023-05-09 21:20:48,ru2401P11000,ru2401P11000,81.0,0.0,0.0,0.0,1,72.0,124.0,2,81.0,80.0,0.0,0.0,0.0,0.0,240
2023-05-09 21:20:49,ru2401P11000,ru2401P11000,81.0,0.0,0.0,0.0,1,72.0,123.0,1,81.0,80.0,0.0,0.0,0.0,0.0,240
2023-05-09 21:28:35,ru2401P11000,ru2401P11000,81.0,0.0,0.0,0.0,1,72.0,122.0,2,81.0,80.0,0.0,0.0,0.0,0.0,240
2023-05-09 21:28:35,ru2401P11000,ru2401P11000,81.0,0.0,0.0,0.0,1,72.0,122.0,2,81.0,80.0,0.0,0.0,0.0,0.0,240
2023-05-09 21:28:36,ru2401P11000,ru2401P11000,81.0,0.0,0.0,0.0,1,72.0,121.0,1,81.0,80.0,0.0,0.0,0.0,0.0,240
2023-05-09 21:28:47,ru2401P11000,ru2401P11000,81.0,0.0,0.0,0.0,1,72.0,120.0,2,81.0,80.0,0.0,0.0,0.0,0.0,240
2023-05-09 21:28:47,ru2401P11000,ru2401P11000,81.0,0.0,0.0,0.0,1,72.0,119.0,1,81.0,80.0,0.0,0.0,0.0,0.0,240
2023-05-09 21:29:29,ru2401P11000,ru2401P11000,81.0,0.0,0.0,0.0,1,72.0,119.0,1,81.0,80.0,0.0,0.0,0.0,0.0,240
2023-05-09 21:30:11,ru2401P11000,ru2401P11000,81.0,0.0,0.0,0.0,1,72.0,118.0,2,81.0,80.0,0.0,0.0,0.0,0.0,240
2023-05-09 21:30:11,ru2401P11000,ru2401P11000,81.0,0.0,0.0,0.0,1,72.0,118.0,2,81.0,80.0,0.0,0.0,0.0,0.0,240
2023-05-09 21:30:12,ru2401P11000,ru2401P11000,81.0,0.0,0.0,0.0,1,72.0,117.0,1,81.0,80.0,0.0,0.0,0.0,0.0,240
2023-05-09 21:33:11,ru2401P11000,ru2401P11000,81.0,0.0,0.0,0.0,1,72.0,86.0,2,81.0,80.0,0.0,0.0,0.0,0.0,240
2023-05-09 21:33:11,ru2401P11000,ru2401P11000,81.0,0.0,0.0,0.0,1,72.0,86.0,2,81.0,80.0,0.0,0.0,0.0,0.0,240
2023-05-09 21:33:16,ru2401P11000,ru2401P11000,81.0,0.0,0.0,0.0,1,72.0,86.0,2,81.0,80.0,0.0,0.0,0.0,0.0,240
2023-05-09 21:33:18,ru2401P11000,ru2401P11000,81.0,0.0,0.0,0.0,1,72.0,86.0,2,81.0,80.0,0.0,0.0,0.0,0.0,240
2023-05-09 21:33:20,ru2401P11000,ru2401P11000,81.0,0.0,0.0,0.0,1,72.0,86.0,2,81.0,80.0,0.0,0.0,0.0,0.0,240
2023-05-09 21:33:23,ru2401P11000,ru2401P11000,81.0,0.0,0.0,0.0,1,72.0,86.0,2,81.0,80.0,0.0,0.0,0.0,0.0,240
2023-05-09 21:33:24,ru2401P11000,ru2401P11000,81.0,0.0,0.0,0.0,1,72.0,86.0,2,81.0,80.0,0.0,0.0,0.0,0.0,240
2023-05-09 21:33:27,ru2401P11000,ru2401P11000,81.0,0.0,0.0,0.0,1,72.0,86.0,2,81.0,80.0,0.0,0.0,0.0,0.0,240
2023-05-09 21:33:27,ru2401P11000,ru2401P11000,81.0,0.0,0.0,0.0,1,72.0,86.0,4,81.0,80.0,0.0,0.0,0.0,0.0,240
2023-05-09 21:34:29,ru2401P11000,ru2401P11000,81.0,0.0,0.0,0.0,3,72.0,84.0,2,81.0,80.0,0.0,0.0,0.0,0.0,240
2023-05-09 21:34:30,ru2401P11000,ru2401P11000,81.0,0.0,0.0,0.0,5,72.0,84.0,4,81.0,80.0,0.0,0.0,0.0,0.0,240
2023-05-09 21:35:27,ru2401P11000,ru2401P11000,81.0,0.0,0.0,0.0,2,80.0,84.0,4,81.0,80.0,0.0,0.0,0.0,0.0,240
2023-05-09 21:35:28,ru2401P11000,ru2401P11000,81.0,0.0,0.0,0.0,2,80.0,84.0,4,81.0,80.0,0.0,0.0,0.0,0.0,240
2023-05-09 21:35:33,ru2401P11000,ru2401P11000,81.0,0.0,0.0,0.0,2,80.0,84.0,4,81.0,80.0,0.0,0.0,0.0,0.0,240
2023-05-09 21:35:39,ru2401P11000,ru2401P11000,81.0,0.0,0.0,0.0,2,80.0,84.0,4,81.0,80.0,0.0,0.0,0.0,0.0,240
2023-05-09 21:35:41,ru2401P11000,ru2401P11000,81.0,0.0,0.0,0.0,2,80.0,84.0,4,81.0,80.0,0.0,0.0,0.0,0.0,240
2023-05-09 21:35:45,ru2401P11000,ru2401P11000,81.0,0.0,0.0,0.0,2,80.0,84.0,2,81.0,80.0,0.0,0.0,0.0,0.0,240
2023-05-09 21:35:46,ru2401P11000,ru2401P11000,81.0,0.0,0.0,0.0,2,80.0,84.0,4,81.0,80.0,0.0,0.0,0.0,0.0,240
2023-05-09 21:35:58,ru2401P11000,ru2401P11000,81.0,0.0,0.0,0.0,2,80.0,84.0,4,81.0,80.0,0.0,0.0,0.0,0.0,240
2023-05-09 21:36:36,ru2401P11000,ru2401P11000,81.0,0.0,0.0,0.0,2,80.0,84.0,4,81.0,80.0,0.0,0.0,0.0,0.0,240
2023-05-09 21:36:37,ru2401P11000,ru2401P11000,81.0,0.0,0.0,0.0,2,80.0,84.0,4,81.0,80.0,0.0,0.0,0.0,0.0,240
2023-05-09 21:36:41,ru2401P11000,ru2401P11000,81.0,0.0,0.0,0.0,2,80.0,84.0,4,81.0,80.0,0.0,0.0,0.0,0.0,240
2023-05-09 21:36:43,ru2401P11000,ru2401P11000,81.0,0.0,0.0,0.0,2,80.0,84.0,4,81.0,80.0,0.0,0.0,0.0,0.0,240
2023-05-09 21:36:43,ru2401P11000,ru2401P11000,81.0,0.0,0.0,0.0,2,80.0,84.0,4,81.0,80.0,0.0,0.0,0.0,0.0,240
2023-05-09 21:36:44,ru2401P11000,ru2401P11000,81.0,0.0,0.0,0.0,2,80.0,84.0,4,81.0,80.0,0.0,0.0,0.0,0.0,240
2023-05-09 21:36:45,ru2401P11000,ru2401P11000,81.0,0.0,0.0,0.0,2,80.0,84.0,4,81.0,80.0,0.0,0.0,0.0,0.0,240
2023-05-09 21:36:46,ru2401P11000,ru2401P11000,81.0,0.0,0.0,0.0,2,80.0,84.0,4,81.0,80.0,0.0,0.0,0.0,0.0,240
2023-05-09 21:36:47,ru2401P11000,ru2401P11000,81.0,0.0,0.0,0.0,2,80.0,84.0,4,81.0,80.0,0.0,0.0,0.0,0.0,240
2023-05-09 21:36:48,ru2401P11000,ru2401P11000,81.0,0.0,0.0,0.0,2,80.0,84.0,4,81.0,80.0,0.0,0.0,0.0,0.0,240
2023-05-09 21:37:00,ru2401P11000,ru2401P11000,81.0,0.0,0.0,0.0,2,80.0,84.0,4,81.0,80.0,0.0,0.0,0.0,0.0,240
2023-05-09 21:37:01,ru2401P11000,ru2401P11000,81.0,0.0,0.0,0.0,2,80.0,84.0,4,81.0,80.0,0.0,0.0,0.0,0.0,240
2023-05-09 21:37:09,ru2401P11000,ru2401P11000,81.0,0.0,0.0,0.0,4,80.0,84.0,4,81.0,80.0,0.0,0.0,0.0,0.0,240
2023-05-09 21:37:29,ru2401P11000,ru2401P11000,81.0,0.0,0.0,0.0,2,80.0,84.0,4,81.0,80.0,0.0,0.0,0.0,0.0,240
2023-05-09 21:38:27,ru2401P11000,ru2401P11000,81.0,0.0,0.0,0.0,4,80.0,84.0,4,81.0,80.0,0.0,0.0,0.0,0.0,240
2023-05-09 21:38:31,ru2401P11000,ru2401P11000,81.0,0.0,0.0,0.0,2,80.0,84.0,4,81.0,80.0,0.0,0.0,0.0,0.0,240
2023-05-09 21:40:07,ru2401P11000,ru2401P11000,81.0,0.0,0.0,0.0,4,80.0,84.0,4,81.0,80.0,0.0,0.0,0.0,0.0,240
2023-05-09 21:40:09,ru2401P11000,ru2401P11000,81.0,0.0,0.0,0.0,2,80.0,84.0,4,81.0,80.0,0.0,0.0,0.0,0.0,240
2023-05-09 21:40:12,ru2401P11000,ru2401P11000,81.0,0.0,0.0,0.0,4,80.0,84.0,4,81.0,80.0,0.0,0.0,0.0,0.0,240
2023-05-09 21:40:12,ru2401P11000,ru2401P11000,81.0,0.0,0.0,0.0,2,80.0,84.0,4,81.0,80.0,0.0,0.0,0.0,0.0,240
2023-05-09 21:40:38,ru2401P11000,ru2401P11000,81.0,0.0,0.0,0.0,4,80.0,84.0,4,81.0,80.0,0.0,0.0,0.0,0.0,240
2023-05-09 21:40:39,ru2401P11000,ru2401P11000,81.0,0.0,0.0,0.0,2,80.0,84.0,4,81.0,80.0,0.0,0.0,0.0,0.0,240
2023-05-09 21:40:43,ru2401P11000,ru2401P11000,81.0,0.0,0.0,0.0,4,80.0,84.0,4,81.0,80.0,0.0,0.0,0.0,0.0,240
2023-05-09 21:40:48,ru2401P11000,ru2401P11000,81.0,0.0,0.0,0.0,2,80.0,84.0,4,81.0,80.0,0.0,0.0,0.0,0.0,240
2023-05-09 21:41:42,ru2401P11000,ru2401P11000,81.0,0.0,0.0,0.0,2,80.0,84.0,2,81.0,80.0,0.0,0.0,0.0,0.0,240
2023-05-09 21:42:05,ru2401P11000,ru2401P11000,81.0,0.0,0.0,0.0,4,80.0,84.0,2,81.0,80.0,0.0,0.0,0.0,0.0,240
2023-05-09 21:42:10,ru2401P11000,ru2401P11000,81.0,0.0,0.0,0.0,2,80.0,84.0,2,81.0,80.0,0.0,0.0,0.0,0.0,240
2023-05-09 21:42:20,ru2401P11000,ru2401P11000,81.0,0.0,0.0,0.0,4,80.0,84.0,2,81.0,80.0,0.0,0.0,0.0,0.0,240
2023-05-09 21:42:23,ru2401P11000,ru2401P11000,81.0,0.0,0.0,0.0,2,80.0,84.0,2,81.0,80.0,0.0,0.0,0.0,0.0,240
2023-05-09 21:42:23,ru2401P11000,ru2401P11000,81.0,0.0,0.0,0.0,4,80.0,84.0,2,81.0,80.0,0.0,0.0,0.0,0.0,240
2023-05-09 21:42:34,ru2401P11000,ru2401P11000,81.0,0.0,0.0,0.0,2,80.0,84.0,2,81.0,80.0,0.0,0.0,0.0,0.0,240
2023-05-09 21:43:06,ru2401P11000,ru2401P11000,81.0,0.0,0.0,0.0,4,80.0,84.0,2,81.0,80.0,0.0,0.0,0.0,0.0,240
2023-05-09 21:43:25,ru2401P11000,ru2401P11000,81.0,0.0,0.0,0.0,2,80.0,84.0,2,81.0,80.0,0.0,0.0,0.0,0.0,240
2023-05-09 21:43:26,ru2401P11000,ru2401P11000,81.0,0.0,0.0,0.0,4,80.0,84.0,2,81.0,80.0,0.0,0.0,0.0,0.0,240
2023-05-09 21:43:26,ru2401P11000,ru2401P11000,81.0,0.0,0.0,0.0,2,80.0,84.0,2,81.0,80.0,0.0,0.0,0.0,0.0,240
2023-05-09 21:43:29,ru2401P11000,ru2401P11000,81.0,0.0,0.0,0.0,4,80.0,84.0,2,81.0,80.0,0.0,0.0,0.0,0.0,240
2023-05-09 21:43:29,ru2401P11000,ru2401P11000,81.0,0.0,0.0,0.0,2,80.0,84.0,2,81.0,80.0,0.0,0.0,0.0,0.0,240
2023-05-09 21:45:07,ru2401P11000,ru2401P11000,81.0,0.0,0.0,0.0,4,80.0,84.0,2,81.0,80.0,0.0,0.0,0.0,0.0,240
2023-05-09 21:45:39,ru2401P11000,ru2401P11000,81.0,0.0,0.0,0.0,2,80.0,84.0,2,81.0,80.0,0.0,0.0,0.0,0.0,240
2023-05-09 21:46:56,ru2401P11000,ru2401P11000,81.0,0.0,0.0,0.0,4,80.0,84.0,2,81.0,80.0,0.0,0.0,0.0,0.0,240
2023-05-09 21:47:01,ru2401P11000,ru2401P11000,81.0,0.0,0.0,0.0,2,80.0,84.0,2,81.0,80.0,0.0,0.0,0.0,0.0,240
2023-05-09 21:47:02,ru2401P11000,ru2401P11000,81.0,0.0,0.0,0.0,4,80.0,84.0,2,81.0,80.0,0.0,0.0,0.0,0.0,240
2023-05-09 21:47:05,ru2401P11000,ru2401P11000,81.0,0.0,0.0,0.0,2,80.0,84.0,2,81.0,80.0,0.0,0.0,0.0,0.0,240
2023-05-09 21:50:09,ru2401P11000,ru2401P11000,81.0,0.0,0.0,0.0,2,80.0,81.0,1,81.0,80.0,0.0,0.0,0.0,0.0,240
2023-05-09 21:50:10,ru2401P11000,ru2401P11000,80.0,1.0,800.0,1.0,1,80.0,81.0,1,81.0,80.0,80.0,80.0,1.0,800.0,241
2023-05-09 21:50:10,ru2401P11000,ru2401P11000,80.0,1.0,800.0,1.0,5,72.0,81.0,1,81.0,80.0,80.0,80.0,2.0,1600.0,242
2023-05-09 21:50:11,ru2401P11000,ru2401P11000,80.0,0.0,0.0,0.0,5,72.0,80.0,1,81.0,80.0,80.0,80.0,2.0,1600.0,242
2023-05-09 21:50:12,ru2401P11000,ru2401P11000,80.0,0.0,0.0,0.0,5,72.0,80.0,1,81.0,80.0,80.0,80.0,2.0,1600.0,242
2023-05-09 21:50:12,ru2401P11000,ru2401P11000,80.0,0.0,0.0,0.0,5,72.0,82.0,2,81.0,80.0,80.0,80.0,2.0,1600.0,242
2023-05-09 21:50:13,ru2401P11000,ru2401P11000,80.0,0.0,0.0,0.0,5,72.0,84.0,4,81.0,80.0,80.0,80.0,2.0,1600.0,242
2023-05-09 21:50:13,ru2401P11000,ru2401P11000,80.0,0.0,0.0,0.0,7,72.0,84.0,6,81.0,80.0,80.0,80.0,2.0,1600.0,242
2023-05-09 21:50:14,ru2401P11000,ru2401P11000,80.0,0.0,0.0,0.0,9,72.0,84.0,8,81.0,80.0,80.0,80.0,2.0,1600.0,242
2023-05-09 21:50:22,ru2401P11000,ru2401P11000,80.0,0.0,0.0,0.0,9,72.0,83.0,1,81.0,80.0,80.0,80.0,2.0,1600.0,242
2023-05-09 21:50:22,ru2401P11000,ru2401P11000,80.0,0.0,0.0,0.0,7,72.0,83.0,3,81.0,80.0,80.0,80.0,2.0,1600.0,242
2023-05-09 21:50:23,ru2401P11000,ru2401P11000,80.0,0.0,0.0,0.0,9,72.0,83.0,5,81.0,80.0,80.0,80.0,2.0,1600.0,242
2023-05-09 21:52:25,ru2401P11000,ru2401P11000,80.0,0.0,0.0,0.0,7,72.0,83.0,5,81.0,80.0,80.0,80.0,2.0,1600.0,242
2023-05-09 21:52:32,ru2401P11000,ru2401P11000,80.0,0.0,0.0,0.0,5,72.0,83.0,5,81.0,80.0,80.0,80.0,2.0,1600.0,242
2023-05-09 22:09:55,ru2401P11000,ru2401P11000,80.0,0.0,0.0,0.0,3,72.0,83.0,3,81.0,80.0,80.0,80.0,2.0,1600.0,242
2023-05-09 22:09:56,ru2401P11000,ru2401P11000,80.0,0.0,0.0,0.0,3,72.0,83.0,3,81.0,80.0,80.0,80.0,2.0,1600.0,242
2023-05-09 22:09:57,ru2401P11000,ru2401P11000,80.0,0.0,0.0,0.0,5,72.0,83.0,5,81.0,80.0,80.0,80.0,2.0,1600.0,242
2023-05-09 22:09:58,ru2401P11000,ru2401P11000,80.0,0.0,0.0,0.0,5,72.0,83.0,5,81.0,80.0,80.0,80.0,2.0,1600.0,242
2023-05-09 22:12:28,ru2401P11000,ru2401P11000,80.0,0.0,0.0,0.0,3,72.0,83.0,3,81.0,80.0,80.0,80.0,2.0,1600.0,242
2023-05-09 22:12:30,ru2401P11000,ru2401P11000,80.0,0.0,0.0,0.0,5,72.0,83.0,5,81.0,80.0,80.0,80.0,2.0,1600.0,242
2023-05-09 22:14:10,ru2401P11000,ru2401P11000,80.0,0.0,0.0,0.0,3,72.0,83.0,3,81.0,80.0,80.0,80.0,2.0,1600.0,242
2023-05-09 22:14:10,ru2401P11000,ru2401P11000,80.0,0.0,0.0,0.0,3,72.0,83.0,3,81.0,80.0,80.0,80.0,2.0,1600.0,242
2023-05-09 22:14:13,ru2401P11000,ru2401P11000,80.0,0.0,0.0,0.0,5,72.0,83.0,5,81.0,80.0,80.0,80.0,2.0,1600.0,242
2023-05-09 22:14:13,ru2401P11000,ru2401P11000,80.0,0.0,0.0,0.0,5,72.0,83.0,5,81.0,80.0,80.0,80.0,2.0,1600.0,242
2023-05-09 22:14:37,ru2401P11000,ru2401P11000,80.0,0.0,0.0,0.0,1,72.0,83.0,3,81.0,80.0,80.0,80.0,2.0,1600.0,242
2023-05-09 22:14:37,ru2401P11000,ru2401P11000,80.0,0.0,0.0,0.0,1,72.0,83.0,3,81.0,80.0,80.0,80.0,2.0,1600.0,242
2023-05-09 22:15:29,ru2401P11000,ru2401P11000,80.0,0.0,0.0,0.0,1,72.0,83.0,5,81.0,80.0,80.0,80.0,2.0,1600.0,242
2023-05-09 22:26:51,ru2401P11000,ru2401P11000,80.0,0.0,0.0,0.0,1,72.0,83.0,3,81.0,80.0,80.0,80.0,2.0,1600.0,242
2023-05-09 22:30:52,ru2401P11000,ru2401P11000,80.0,0.0,0.0,0.0,1,72.0,83.0,5,81.0,80.0,80.0,80.0,2.0,1600.0,242
2023-05-09 22:49:51,ru2401P11000,ru2401P11000,80.0,0.0,0.0,0.0,1,72.0,82.0,1,81.0,80.0,80.0,80.0,2.0,1600.0,242
2023-05-09 22:58:00,ru2401P11000,ru2401P11000,80.0,0.0,0.0,0.0,1,72.0,82.0,1,81.0,80.0,80.0,80.0,2.0,1600.0,242
2023-05-09 22:59:21,ru2401P11000,ru2401P11000,80.0,0.0,0.0,0.0,1,72.0,82.0,1,81.0,80.0,80.0,80.0,2.0,1600.0,242
2023-05-10 09:00:27,ru2401P11000,ru2401P11000,72.0,1.0,720.0,1.0,10,70.0,82.0,1,81.0,80.0,80.0,72.0,3.0,2320.0,243
2023-05-10 09:00:55,ru2401P11000,ru2401P11000,72.0,0.0,0.0,0.0,12,70.0,82.0,1,81.0,80.0,80.0,72.0,3.0,2320.0,243
2023-05-10 09:01:06,ru2401P11000,ru2401P11000,72.0,0.0,0.0,0.0,12,70.0,81.0,1,81.0,80.0,80.0,72.0,3.0,2320.0,243
2023-05-10 09:09:03,ru2401P11000,ru2401P11000,70.0,10.0,7000.0,10.0,2,70.0,81.0,1,81.0,80.0,80.0,70.0,13.0,9320.0,253
2023-05-10 09:09:03,ru2401P11000,ru2401P11000,70.0,0.0,0.0,0.0,10,36.0,81.0,1,81.0,80.0,80.0,70.0,13.0,9320.0,253
2023-05-10 09:13:20,ru2401P11000,ru2401P11000,70.0,0.0,0.0,0.0,1,37.0,81.0,1,81.0,80.0,80.0,70.0,13.0,9320.0,253
2023-05-10 09:20:53,ru2401P11000,ru2401P11000,70.0,0.0,0.0,0.0,1,70.0,81.0,1,81.0,80.0,80.0,70.0,13.0,9320.0,253
2023-05-10 09:20:54,ru2401P11000,ru2401P11000,70.0,0.0,0.0,0.0,1,70.0,81.0,1,81.0,80.0,80.0,70.0,13.0,9320.0,253
2023-05-10 09:20:57,ru2401P11000,ru2401P11000,70.0,0.0,0.0,0.0,1,70.0,81.0,1,81.0,80.0,80.0,70.0,13.0,9320.0,253
2023-05-10 09:20:59,ru2401P11000,ru2401P11000,70.0,0.0,0.0,0.0,1,70.0,76.0,1,81.0,80.0,80.0,70.0,13.0,9320.0,253
2023-05-10 09:20:59,ru2401P11000,ru2401P11000,70.0,0.0,0.0,0.0,1,70.0,76.0,1,81.0,80.0,80.0,70.0,13.0,9320.0,253
2023-05-10 09:21:03,ru2401P11000,ru2401P11000,70.0,0.0,0.0,0.0,1,70.0,75.0,1,81.0,80.0,80.0,70.0,13.0,9320.0,253
2023-05-10 09:21:03,ru2401P11000,ru2401P11000,70.0,0.0,0.0,0.0,2,70.0,75.0,2,81.0,80.0,80.0,70.0,13.0,9320.0,253
2023-05-10 09:21:05,ru2401P11000,ru2401P11000,70.0,0.0,0.0,0.0,2,70.0,75.0,2,81.0,80.0,80.0,70.0,13.0,9320.0,253
2023-05-10 09:21:06,ru2401P11000,ru2401P11000,70.0,0.0,0.0,0.0,2,70.0,73.0,1,81.0,80.0,80.0,70.0,13.0,9320.0,253
2023-05-10 09:21:07,ru2401P11000,ru2401P11000,70.0,0.0,0.0,0.0,2,70.0,73.0,1,81.0,80.0,80.0,70.0,13.0,9320.0,253
2023-05-10 09:21:08,ru2401P11000,ru2401P11000,70.0,0.0,0.0,0.0,4,70.0,73.0,1,81.0,80.0,80.0,70.0,13.0,9320.0,253
2023-05-10 09:21:11,ru2401P11000,ru2401P11000,70.0,0.0,0.0,0.0,4,70.0,73.0,1,81.0,80.0,80.0,70.0,13.0,9320.0,253
2023-05-10 09:21:14,ru2401P11000,ru2401P11000,70.0,0.0,0.0,0.0,4,70.0,73.0,1,81.0,80.0,80.0,70.0,13.0,9320.0,253
2023-05-10 09:21:15,ru2401P11000,ru2401P11000,70.0,0.0,0.0,0.0,3,70.0,73.0,1,81.0,80.0,80.0,70.0,13.0,9320.0,253
2023-05-10 09:21:16,ru2401P11000,ru2401P11000,70.0,0.0,0.0,0.0,3,70.0,73.0,1,81.0,80.0,80.0,70.0,13.0,9320.0,253
2023-05-10 09:21:17,ru2401P11000,ru2401P11000,70.0,0.0,0.0,0.0,1,70.0,73.0,1,81.0,80.0,80.0,70.0,13.0,9320.0,253
2023-05-10 09:21:17,ru2401P11000,ru2401P11000,70.0,0.0,0.0,0.0,1,70.0,80.0,3,81.0,80.0,80.0,70.0,13.0,9320.0,253
2023-05-10 09:21:18,ru2401P11000,ru2401P11000,70.0,0.0,0.0,0.0,1,70.0,81.0,3,81.0,80.0,80.0,70.0,13.0,9320.0,253
2023-05-10 09:21:18,ru2401P11000,ru2401P11000,70.0,0.0,0.0,0.0,1,70.0,81.0,1,81.0,80.0,80.0,70.0,13.0,9320.0,253
2023-05-10 09:21:20,ru2401P11000,ru2401P11000,70.0,0.0,0.0,0.0,1,37.0,81.0,1,81.0,80.0,80.0,70.0,13.0,9320.0,253
2023-05-10 09:21:20,ru2401P11000,ru2401P11000,70.0,0.0,0.0,0.0,1,38.0,81.0,1,81.0,80.0,80.0,70.0,13.0,9320.0,253
2023-05-10 09:21:41,ru2401P11000,ru2401P11000,70.0,0.0,0.0,0.0,1,38.0,81.0,1,81.0,80.0,80.0,70.0,13.0,9320.0,253
2023-05-10 09:21:46,ru2401P11000,ru2401P11000,70.0,0.0,0.0,0.0,2,38.0,81.0,1,81.0,80.0,80.0,70.0,13.0,9320.0,253
2023-05-10 09:21:54,ru2401P11000,ru2401P11000,70.0,0.0,0.0,0.0,2,38.0,81.0,1,81.0,80.0,80.0,70.0,13.0,9320.0,253
2023-05-10 09:28:34,ru2401P11000,ru2401P11000,70.0,0.0,0.0,0.0,1,59.0,61.0,1,81.0,80.0,80.0,70.0,13.0,9320.0,253
2023-05-10 09:28:35,ru2401P11000,ru2401P11000,70.0,0.0,0.0,0.0,1,59.0,61.0,1,81.0,80.0,80.0,70.0,13.0,9320.0,253
2023-05-10 09:28:36,ru2401P11000,ru2401P11000,70.0,0.0,0.0,0.0,1,59.0,61.0,1,81.0,80.0,80.0,70.0,13.0,9320.0,253
2023-05-10 09:28:37,ru2401P11000,ru2401P11000,70.0,0.0,0.0,0.0,1,59.0,61.0,1,81.0,80.0,80.0,70.0,13.0,9320.0,253
2023-05-10 09:28:37,ru2401P11000,ru2401P11000,70.0,0.0,0.0,0.0,1,59.0,61.0,1,81.0,80.0,80.0,70.0,13.0,9320.0,253
2023-05-10 09:28:38,ru2401P11000,ru2401P11000,70.0,0.0,0.0,0.0,2,59.0,61.0,1,81.0,80.0,80.0,70.0,13.0,9320.0,253
2023-05-10 09:28:42,ru2401P11000,ru2401P11000,66.0,1.0,660.0,0.0,2,59.0,68.0,3,81.0,80.0,80.0,66.0,14.0,9980.0,253
2023-05-10 09:28:42,ru2401P11000,ru2401P11000,66.0,0.0,0.0,0.0,3,59.0,68.0,3,81.0,80.0,80.0,66.0,14.0,9980.0,253
2023-05-10 09:28:43,ru2401P11000,ru2401P11000,66.0,0.0,0.0,0.0,3,59.0,68.0,3,81.0,80.0,80.0,66.0,14.0,9980.0,253
2023-05-10 09:28:44,ru2401P11000,ru2401P11000,66.0,0.0,0.0,0.0,3,59.0,68.0,3,81.0,80.0,80.0,66.0,14.0,9980.0,253
2023-05-10 09:28:46,ru2401P11000,ru2401P11000,66.0,0.0,0.0,0.0,1,66.0,68.0,3,81.0,80.0,80.0,66.0,14.0,9980.0,253
2023-05-10 09:28:46,ru2401P11000,ru2401P11000,66.0,0.0,0.0,0.0,1,66.0,68.0,3,81.0,80.0,80.0,66.0,14.0,9980.0,253
2023-05-10 09:28:47,ru2401P11000,ru2401P11000,66.0,0.0,0.0,0.0,1,66.0,68.0,4,81.0,80.0,80.0,66.0,14.0,9980.0,253
2023-05-10 09:28:48,ru2401P11000,ru2401P11000,66.0,0.0,0.0,0.0,1,66.0,68.0,4,81.0,80.0,80.0,66.0,14.0,9980.0,253
2023-05-10 09:28:49,ru2401P11000,ru2401P11000,66.0,0.0,0.0,0.0,1,66.0,68.0,4,81.0,80.0,80.0,66.0,14.0,9980.0,253
2023-05-10 09:28:49,ru2401P11000,ru2401P11000,66.0,0.0,0.0,0.0,1,66.0,68.0,3,81.0,80.0,80.0,66.0,14.0,9980.0,253
2023-05-10 09:28:53,ru2401P11000,ru2401P11000,66.0,0.0,0.0,0.0,1,66.0,68.0,3,81.0,80.0,80.0,66.0,14.0,9980.0,253
2023-05-10 09:28:54,ru2401P11000,ru2401P11000,66.0,0.0,0.0,0.0,1,66.0,68.0,2,81.0,80.0,80.0,66.0,14.0,9980.0,253
2023-05-10 09:28:55,ru2401P11000,ru2401P11000,66.0,0.0,0.0,0.0,1,66.0,71.0,3,81.0,80.0,80.0,66.0,14.0,9980.0,253
2023-05-10 09:28:55,ru2401P11000,ru2401P11000,66.0,0.0,0.0,0.0,1,66.0,71.0,1,81.0,80.0,80.0,66.0,14.0,9980.0,253
2023-05-10 09:28:56,ru2401P11000,ru2401P11000,66.0,0.0,0.0,0.0,1,66.0,71.0,1,81.0,80.0,80.0,66.0,14.0,9980.0,253
2023-05-10 09:28:57,ru2401P11000,ru2401P11000,66.0,0.0,0.0,0.0,1,38.0,81.0,1,81.0,80.0,80.0,66.0,14.0,9980.0,253
2023-05-10 09:28:57,ru2401P11000,ru2401P11000,66.0,0.0,0.0,0.0,1,39.0,81.0,1,81.0,80.0,80.0,66.0,14.0,9980.0,253
2023-05-10 09:30:24,ru2401P11000,ru2401P11000,66.0,0.0,0.0,0.0,1,39.0,81.0,2,81.0,80.0,80.0,66.0,14.0,9980.0,253
2023-05-10 09:31:14,ru2401P11000,ru2401P11000,66.0,0.0,0.0,0.0,1,39.0,81.0,1,81.0,80.0,80.0,66.0,14.0,9980.0,253
2023-05-10 09:33:32,ru2401P11000,ru2401P11000,66.0,0.0,0.0,0.0,1,39.0,80.0,1,81.0,80.0,80.0,66.0,14.0,9980.0,253
2023-05-10 09:34:46,ru2401P11000,ru2401P11000,66.0,0.0,0.0,0.0,1,39.0,81.0,1,81.0,80.0,80.0,66.0,14.0,9980.0,253
2023-05-10 09:34:47,ru2401P11000,ru2401P11000,66.0,0.0,0.0,0.0,1,39.0,81.0,2,81.0,80.0,80.0,66.0,14.0,9980.0,253
2023-05-10 09:39:51,ru2401P11000,ru2401P11000,66.0,0.0,0.0,0.0,2,66.0,81.0,2,81.0,80.0,80.0,66.0,14.0,9980.0,253
2023-05-10 09:39:52,ru2401P11000,ru2401P11000,66.0,0.0,0.0,0.0,2,66.0,81.0,4,81.0,80.0,80.0,66.0,14.0,9980.0,253
2023-05-10 09:39:55,ru2401P11000,ru2401P11000,66.0,0.0,0.0,0.0,2,66.0,81.0,4,81.0,80.0,80.0,66.0,14.0,9980.0,253
2023-05-10 09:39:59,ru2401P11000,ru2401P11000,66.0,0.0,0.0,0.0,2,66.0,81.0,4,81.0,80.0,80.0,66.0,14.0,9980.0,253
2023-05-10 09:40:03,ru2401P11000,ru2401P11000,66.0,0.0,0.0,0.0,2,66.0,81.0,2,81.0,80.0,80.0,66.0,14.0,9980.0,253
2023-05-10 09:40:03,ru2401P11000,ru2401P11000,66.0,0.0,0.0,0.0,4,66.0,81.0,4,81.0,80.0,80.0,66.0,14.0,9980.0,253
2023-05-10 10:14:31,ru2401P11000,ru2401P11000,66.0,0.0,0.0,0.0,2,66.0,81.0,2,81.0,80.0,80.0,66.0,14.0,9980.0,253
2023-05-10 10:14:33,ru2401P11000,ru2401P11000,66.0,0.0,0.0,0.0,2,66.0,81.0,1,81.0,80.0,80.0,66.0,14.0,9980.0,253
2023-05-10 10:30:04,ru2401P11000,ru2401P11000,66.0,0.0,0.0,0.0,2,66.0,80.0,1,81.0,80.0,80.0,66.0,14.0,9980.0,253
2023-05-10 10:30:30,ru2401P11000,ru2401P11000,66.0,0.0,0.0,0.0,4,66.0,80.0,1,81.0,80.0,80.0,66.0,14.0,9980.0,253
2023-05-10 10:32:16,ru2401P11000,ru2401P11000,66.0,0.0,0.0,0.0,4,66.0,68.0,2,81.0,80.0,80.0,66.0,14.0,9980.0,253
2023-05-10 10:32:17,ru2401P11000,ru2401P11000,66.0,0.0,0.0,0.0,4,66.0,68.0,2,81.0,80.0,80.0,66.0,14.0,9980.0,253
2023-05-10 10:32:18,ru2401P11000,ru2401P11000,66.0,0.0,0.0,0.0,4,66.0,68.0,2,81.0,80.0,80.0,66.0,14.0,9980.0,253
2023-05-10 10:32:22,ru2401P11000,ru2401P11000,66.0,0.0,0.0,0.0,2,66.0,68.0,2,81.0,80.0,80.0,66.0,14.0,9980.0,253
2023-05-10 10:32:22,ru2401P11000,ru2401P11000,66.0,0.0,0.0,0.0,2,66.0,68.0,2,81.0,80.0,80.0,66.0,14.0,9980.0,253
2023-05-10 10:32:23,ru2401P11000,ru2401P11000,66.0,0.0,0.0,0.0,4,66.0,68.0,2,81.0,80.0,80.0,66.0,14.0,9980.0,253
2023-05-10 10:32:23,ru2401P11000,ru2401P11000,66.0,0.0,0.0,0.0,4,66.0,68.0,2,81.0,80.0,80.0,66.0,14.0,9980.0,253
2023-05-10 10:32:26,ru2401P11000,ru2401P11000,66.0,0.0,0.0,0.0,4,66.0,68.0,2,81.0,80.0,80.0,66.0,14.0,9980.0,253
2023-05-10 10:32:27,ru2401P11000,ru2401P11000,66.0,0.0,0.0,0.0,4,66.0,68.0,2,81.0,80.0,80.0,66.0,14.0,9980.0,253
2023-05-10 10:32:28,ru2401P11000,ru2401P11000,66.0,0.0,0.0,0.0,4,66.0,68.0,2,81.0,80.0,80.0,66.0,14.0,9980.0,253
2023-05-10 10:32:33,ru2401P11000,ru2401P11000,66.0,0.0,0.0,0.0,4,66.0,68.0,2,81.0,80.0,80.0,66.0,14.0,9980.0,253
2023-05-10 10:32:34,ru2401P11000,ru2401P11000,66.0,0.0,0.0,0.0,4,66.0,67.0,2,81.0,80.0,80.0,66.0,14.0,9980.0,253
2023-05-10 10:32:35,ru2401P11000,ru2401P11000,66.0,0.0,0.0,0.0,4,66.0,68.0,2,81.0,80.0,80.0,66.0,14.0,9980.0,253
2023-05-10 10:32:36,ru2401P11000,ru2401P11000,66.0,0.0,0.0,0.0,4,66.0,68.0,2,81.0,80.0,80.0,66.0,14.0,9980.0,253
2023-05-10 10:32:38,ru2401P11000,ru2401P11000,66.0,0.0,0.0,0.0,4,66.0,68.0,2,81.0,80.0,80.0,66.0,14.0,9980.0,253
2023-05-10 10:32:55,ru2401P11000,ru2401P11000,66.0,0.0,0.0,0.0,2,66.0,68.0,2,81.0,80.0,80.0,66.0,14.0,9980.0,253
2023-05-10 10:32:56,ru2401P11000,ru2401P11000,66.0,0.0,0.0,0.0,2,66.0,68.0,2,81.0,80.0,80.0,66.0,14.0,9980.0,253
2023-05-10 10:32:56,ru2401P11000,ru2401P11000,66.0,0.0,0.0,0.0,4,66.0,68.0,2,81.0,80.0,80.0,66.0,14.0,9980.0,253
2023-05-10 10:32:59,ru2401P11000,ru2401P11000,66.0,0.0,0.0,0.0,2,66.0,68.0,2,81.0,80.0,80.0,66.0,14.0,9980.0,253
2023-05-10 10:33:03,ru2401P11000,ru2401P11000,66.0,0.0,0.0,0.0,2,66.0,68.0,2,81.0,80.0,80.0,66.0,14.0,9980.0,253
2023-05-10 10:33:10,ru2401P11000,ru2401P11000,66.0,0.0,0.0,0.0,2,66.0,68.0,2,81.0,80.0,80.0,66.0,14.0,9980.0,253
2023-05-10 10:33:24,ru2401P11000,ru2401P11000,66.0,0.0,0.0,0.0,2,66.0,68.0,4,81.0,80.0,80.0,66.0,14.0,9980.0,253
2023-05-10 10:33:31,ru2401P11000,ru2401P11000,66.0,0.0,0.0,0.0,2,66.0,68.0,2,81.0,80.0,80.0,66.0,14.0,9980.0,253
2023-05-10 10:33:34,ru2401P11000,ru2401P11000,66.0,0.0,0.0,0.0,2,66.0,68.0,4,81.0,80.0,80.0,66.0,14.0,9980.0,253
2023-05-10 10:33:42,ru2401P11000,ru2401P11000,66.0,0.0,0.0,0.0,2,66.0,68.0,2,81.0,80.0,80.0,66.0,14.0,9980.0,253
2023-05-10 10:33:46,ru2401P11000,ru2401P11000,66.0,0.0,0.0,0.0,2,66.0,68.0,4,81.0,80.0,80.0,66.0,14.0,9980.0,253
2023-05-10 10:33:47,ru2401P11000,ru2401P11000,66.0,0.0,0.0,0.0,2,66.0,67.0,2,81.0,80.0,80.0,66.0,14.0,9980.0,253
2023-05-10 10:33:52,ru2401P11000,ru2401P11000,66.0,0.0,0.0,0.0,2,66.0,67.0,2,81.0,80.0,80.0,66.0,14.0,9980.0,253
2023-05-10 10:33:59,ru2401P11000,ru2401P11000,66.0,0.0,0.0,0.0,2,66.0,67.0,2,81.0,80.0,80.0,66.0,14.0,9980.0,253
2023-05-10 10:34:00,ru2401P11000,ru2401P11000,66.0,0.0,0.0,0.0,2,66.0,67.0,2,81.0,80.0,80.0,66.0,14.0,9980.0,253
2023-05-10 10:34:01,ru2401P11000,ru2401P11000,66.0,0.0,0.0,0.0,2,66.0,67.0,2,81.0,80.0,80.0,66.0,14.0,9980.0,253
2023-05-10 10:34:04,ru2401P11000,ru2401P11000,66.0,0.0,0.0,0.0,2,66.0,67.0,2,81.0,80.0,80.0,66.0,14.0,9980.0,253
2023-05-10 10:34:11,ru2401P11000,ru2401P11000,66.0,0.0,0.0,0.0,2,66.0,68.0,4,81.0,80.0,80.0,66.0,14.0,9980.0,253
2023-05-10 10:35:03,ru2401P11000,ru2401P11000,66.0,0.0,0.0,0.0,2,66.0,68.0,2,81.0,80.0,80.0,66.0,14.0,9980.0,253
2023-05-10 10:35:34,ru2401P11000,ru2401P11000,66.0,0.0,0.0,0.0,2,66.0,68.0,4,81.0,80.0,80.0,66.0,14.0,9980.0,253
2023-05-10 10:36:14,ru2401P11000,ru2401P11000,66.0,0.0,0.0,0.0,2,66.0,68.0,4,81.0,80.0,80.0,66.0,14.0,9980.0,253
2023-05-10 10:36:16,ru2401P11000,ru2401P11000,66.0,0.0,0.0,0.0,2,66.0,67.0,2,81.0,80.0,80.0,66.0,14.0,9980.0,253
2023-05-10 10:36:17,ru2401P11000,ru2401P11000,66.0,0.0,0.0,0.0,2,66.0,68.0,4,81.0,80.0,80.0,66.0,14.0,9980.0,253
2023-05-10 10:36:48,ru2401P11000,ru2401P11000,66.0,0.0,0.0,0.0,2,66.0,68.0,4,81.0,80.0,80.0,66.0,14.0,9980.0,253
2023-05-10 10:37:08,ru2401P11000,ru2401P11000,66.0,0.0,0.0,0.0,2,66.0,68.0,2,81.0,80.0,80.0,66.0,14.0,9980.0,253
2023-05-10 10:37:09,ru2401P11000,ru2401P11000,66.0,0.0,0.0,0.0,2,66.0,68.0,4,81.0,80.0,80.0,66.0,14.0,9980.0,253
2023-05-10 10:37:13,ru2401P11000,ru2401P11000,66.0,0.0,0.0,0.0,2,66.0,67.0,2,81.0,80.0,80.0,66.0,14.0,9980.0,253
2023-05-10 10:37:15,ru2401P11000,ru2401P11000,66.0,0.0,0.0,0.0,2,66.0,67.0,2,81.0,80.0,80.0,66.0,14.0,9980.0,253
2023-05-10 10:37:17,ru2401P11000,ru2401P11000,66.0,0.0,0.0,0.0,2,66.0,68.0,4,81.0,80.0,80.0,66.0,14.0,9980.0,253
2023-05-10 10:37:18,ru2401P11000,ru2401P11000,66.0,0.0,0.0,0.0,2,66.0,68.0,4,81.0,80.0,80.0,66.0,14.0,9980.0,253
2023-05-10 10:38:30,ru2401P11000,ru2401P11000,66.0,0.0,0.0,0.0,2,66.0,68.0,2,81.0,80.0,80.0,66.0,14.0,9980.0,253
2023-05-10 10:38:33,ru2401P11000,ru2401P11000,66.0,0.0,0.0,0.0,2,66.0,68.0,4,81.0,80.0,80.0,66.0,14.0,9980.0,253
2023-05-10 10:38:35,ru2401P11000,ru2401P11000,66.0,0.0,0.0,0.0,2,66.0,68.0,4,81.0,80.0,80.0,66.0,14.0,9980.0,253
2023-05-10 10:38:36,ru2401P11000,ru2401P11000,66.0,0.0,0.0,0.0,2,66.0,68.0,4,81.0,80.0,80.0,66.0,14.0,9980.0,253
2023-05-10 10:38:37,ru2401P11000,ru2401P11000,66.0,0.0,0.0,0.0,2,66.0,68.0,4,81.0,80.0,80.0,66.0,14.0,9980.0,253
2023-05-10 10:38:39,ru2401P11000,ru2401P11000,66.0,0.0,0.0,0.0,2,66.0,68.0,4,81.0,80.0,80.0,66.0,14.0,9980.0,253
2023-05-10 10:38:41,ru2401P11000,ru2401P11000,66.0,0.0,0.0,0.0,2,66.0,68.0,4,81.0,80.0,80.0,66.0,14.0,9980.0,253
2023-05-10 10:38:43,ru2401P11000,ru2401P11000,66.0,0.0,0.0,0.0,2,66.0,68.0,4,81.0,80.0,80.0,66.0,14.0,9980.0,253
2023-05-10 10:38:46,ru2401P11000,ru2401P11000,66.0,0.0,0.0,0.0,2,66.0,68.0,4,81.0,80.0,80.0,66.0,14.0,9980.0,253
2023-05-10 10:38:47,ru2401P11000,ru2401P11000,66.0,0.0,0.0,0.0,2,66.0,68.0,4,81.0,80.0,80.0,66.0,14.0,9980.0,253
2023-05-10 10:38:56,ru2401P11000,ru2401P11000,66.0,0.0,0.0,0.0,2,66.0,68.0,2,81.0,80.0,80.0,66.0,14.0,9980.0,253
2023-05-10 10:38:57,ru2401P11000,ru2401P11000,66.0,0.0,0.0,0.0,2,66.0,68.0,4,81.0,80.0,80.0,66.0,14.0,9980.0,253
2023-05-10 10:39:02,ru2401P11000,ru2401P11000,66.0,0.0,0.0,0.0,2,66.0,68.0,2,81.0,80.0,80.0,66.0,14.0,9980.0,253
2023-05-10 10:39:07,ru2401P11000,ru2401P11000,66.0,0.0,0.0,0.0,2,66.0,68.0,4,81.0,80.0,80.0,66.0,14.0,9980.0,253
2023-05-10 10:39:08,ru2401P11000,ru2401P11000,66.0,0.0,0.0,0.0,2,66.0,68.0,2,81.0,80.0,80.0,66.0,14.0,9980.0,253
2023-05-10 10:39:35,ru2401P11000,ru2401P11000,66.0,0.0,0.0,0.0,2,66.0,68.0,4,81.0,80.0,80.0,66.0,14.0,9980.0,253
2023-05-10 10:39:36,ru2401P11000,ru2401P11000,66.0,0.0,0.0,0.0,2,66.0,68.0,2,81.0,80.0,80.0,66.0,14.0,9980.0,253
2023-05-10 10:39:57,ru2401P11000,ru2401P11000,66.0,0.0,0.0,0.0,2,66.0,68.0,2,81.0,80.0,80.0,66.0,14.0,9980.0,253
2023-05-10 10:39:57,ru2401P11000,ru2401P11000,66.0,0.0,0.0,0.0,2,66.0,68.0,2,81.0,80.0,80.0,66.0,14.0,9980.0,253
2023-05-10 10:39:58,ru2401P11000,ru2401P11000,66.0,0.0,0.0,0.0,2,66.0,68.0,4,81.0,80.0,80.0,66.0,14.0,9980.0,253
2023-05-10 10:40:02,ru2401P11000,ru2401P11000,66.0,0.0,0.0,0.0,2,66.0,68.0,2,81.0,80.0,80.0,66.0,14.0,9980.0,253
2023-05-10 10:40:06,ru2401P11000,ru2401P11000,66.0,0.0,0.0,0.0,2,66.0,68.0,4,81.0,80.0,80.0,66.0,14.0,9980.0,253
2023-05-10 10:40:11,ru2401P11000,ru2401P11000,66.0,0.0,0.0,0.0,2,66.0,68.0,2,81.0,80.0,80.0,66.0,14.0,9980.0,253
2023-05-10 10:40:11,ru2401P11000,ru2401P11000,66.0,0.0,0.0,0.0,2,66.0,68.0,4,81.0,80.0,80.0,66.0,14.0,9980.0,253
2023-05-10 10:40:13,ru2401P11000,ru2401P11000,66.0,0.0,0.0,0.0,2,66.0,68.0,4,81.0,80.0,80.0,66.0,14.0,9980.0,253
2023-05-10 10:40:42,ru2401P11000,ru2401P11000,66.0,0.0,0.0,0.0,2,66.0,68.0,4,81.0,80.0,80.0,66.0,14.0,9980.0,253
2023-05-10 10:40:50,ru2401P11000,ru2401P11000,66.0,0.0,0.0,0.0,2,66.0,68.0,4,81.0,80.0,80.0,66.0,14.0,9980.0,253
2023-05-10 10:40:53,ru2401P11000,ru2401P11000,66.0,0.0,0.0,0.0,2,66.0,68.0,4,81.0,80.0,80.0,66.0,14.0,9980.0,253
2023-05-10 10:40:56,ru2401P11000,ru2401P11000,66.0,0.0,0.0,0.0,2,66.0,68.0,4,81.0,80.0,80.0,66.0,14.0,9980.0,253
2023-05-10 10:40:58,ru2401P11000,ru2401P11000,66.0,0.0,0.0,0.0,2,66.0,67.0,2,81.0,80.0,80.0,66.0,14.0,9980.0,253
2023-05-10 10:41:00,ru2401P11000,ru2401P11000,66.0,0.0,0.0,0.0,2,66.0,67.0,2,81.0,80.0,80.0,66.0,14.0,9980.0,253
2023-05-10 10:41:01,ru2401P11000,ru2401P11000,66.0,0.0,0.0,0.0,2,66.0,67.0,2,81.0,80.0,80.0,66.0,14.0,9980.0,253
2023-05-10 10:41:03,ru2401P11000,ru2401P11000,66.0,0.0,0.0,0.0,2,66.0,67.0,4,81.0,80.0,80.0,66.0,14.0,9980.0,253
2023-05-10 10:41:16,ru2401P11000,ru2401P11000,66.0,0.0,0.0,0.0,2,66.0,67.0,2,81.0,80.0,80.0,66.0,14.0,9980.0,253
2023-05-10 10:41:28,ru2401P11000,ru2401P11000,66.0,0.0,0.0,0.0,2,66.0,67.0,4,81.0,80.0,80.0,66.0,14.0,9980.0,253
2023-05-10 10:41:29,ru2401P11000,ru2401P11000,66.0,0.0,0.0,0.0,2,66.0,67.0,2,81.0,80.0,80.0,66.0,14.0,9980.0,253
2023-05-10 10:41:30,ru2401P11000,ru2401P11000,66.0,0.0,0.0,0.0,2,66.0,67.0,4,81.0,80.0,80.0,66.0,14.0,9980.0,253
2023-05-10 10:41:40,ru2401P11000,ru2401P11000,66.0,2.0,1320.0,2.0,2,64.0,68.0,2,81.0,80.0,80.0,66.0,16.0,11300.0,255
2023-05-10 10:41:40,ru2401P11000,ru2401P11000,66.0,0.0,0.0,0.0,2,62.0,81.0,1,81.0,80.0,80.0,66.0,16.0,11300.0,255
2023-05-10 10:41:41,ru2401P11000,ru2401P11000,66.0,0.0,0.0,0.0,2,62.0,80.0,1,81.0,80.0,80.0,66.0,16.0,11300.0,255
2023-05-10 10:41:46,ru2401P11000,ru2401P11000,66.0,0.0,0.0,0.0,2,62.0,67.0,2,81.0,80.0,80.0,66.0,16.0,11300.0,255
2023-05-10 10:41:46,ru2401P11000,ru2401P11000,66.0,0.0,0.0,0.0,2,62.0,67.0,2,81.0,80.0,80.0,66.0,16.0,11300.0,255
2023-05-10 10:41:48,ru2401P11000,ru2401P11000,66.0,0.0,0.0,0.0,4,62.0,67.0,2,81.0,80.0,80.0,66.0,16.0,11300.0,255
2023-05-10 10:41:50,ru2401P11000,ru2401P11000,66.0,0.0,0.0,0.0,4,62.0,67.0,4,81.0,80.0,80.0,66.0,16.0,11300.0,255
2023-05-10 10:42:01,ru2401P11000,ru2401P11000,66.0,0.0,0.0,0.0,4,62.0,66.0,2,81.0,80.0,80.0,66.0,16.0,11300.0,255
2023-05-10 10:42:02,ru2401P11000,ru2401P11000,66.0,0.0,0.0,0.0,4,62.0,67.0,4,81.0,80.0,80.0,66.0,16.0,11300.0,255
2023-05-10 10:42:03,ru2401P11000,ru2401P11000,66.0,0.0,0.0,0.0,4,62.0,66.0,2,81.0,80.0,80.0,66.0,16.0,11300.0,255
2023-05-10 10:42:05,ru2401P11000,ru2401P11000,66.0,0.0,0.0,0.0,2,62.0,66.0,2,81.0,80.0,80.0,66.0,16.0,11300.0,255
2023-05-10 10:42:06,ru2401P11000,ru2401P11000,66.0,0.0,0.0,0.0,4,62.0,66.0,4,81.0,80.0,80.0,66.0,16.0,11300.0,255
2023-05-10 10:42:18,ru2401P11000,ru2401P11000,66.0,0.0,0.0,0.0,2,62.0,66.0,4,81.0,80.0,80.0,66.0,16.0,11300.0,255
2023-05-10 10:42:18,ru2401P11000,ru2401P11000,66.0,0.0,0.0,0.0,4,61.0,66.0,4,81.0,80.0,80.0,66.0,16.0,11300.0,255
2023-05-10 10:43:08,ru2401P11000,ru2401P11000,66.0,0.0,0.0,0.0,6,61.0,66.0,6,81.0,80.0,80.0,66.0,16.0,11300.0,255
2023-05-10 10:43:09,ru2401P11000,ru2401P11000,66.0,0.0,0.0,0.0,8,61.0,66.0,8,81.0,80.0,80.0,66.0,16.0,11300.0,255
2023-05-10 10:45:58,ru2401P11000,ru2401P11000,66.0,0.0,0.0,0.0,8,61.0,65.0,2,81.0,80.0,80.0,66.0,16.0,11300.0,255
2023-05-10 10:45:58,ru2401P11000,ru2401P11000,66.0,0.0,0.0,0.0,6,61.0,65.0,2,81.0,80.0,80.0,66.0,16.0,11300.0,255
2023-05-10 10:45:59,ru2401P11000,ru2401P11000,66.0,0.0,0.0,0.0,4,61.0,66.0,4,81.0,80.0,80.0,66.0,16.0,11300.0,255
2023-05-10 10:45:59,ru2401P11000,ru2401P11000,66.0,0.0,0.0,0.0,6,61.0,65.0,2,81.0,80.0,80.0,66.0,16.0,11300.0,255
2023-05-10 10:46:00,ru2401P11000,ru2401P11000,66.0,0.0,0.0,0.0,6,61.0,65.0,4,81.0,80.0,80.0,66.0,16.0,11300.0,255
2023-05-10 10:46:00,ru2401P11000,ru2401P11000,66.0,0.0,0.0,0.0,6,61.0,65.0,6,81.0,80.0,80.0,66.0,16.0,11300.0,255
2023-05-10 10:46:01,ru2401P11000,ru2401P11000,66.0,0.0,0.0,0.0,8,61.0,65.0,6,81.0,80.0,80.0,66.0,16.0,11300.0,255
2023-05-10 10:46:02,ru2401P11000,ru2401P11000,66.0,0.0,0.0,0.0,8,61.0,65.0,4,81.0,80.0,80.0,66.0,16.0,11300.0,255
2023-05-10 10:46:02,ru2401P11000,ru2401P11000,66.0,0.0,0.0,0.0,6,61.0,65.0,2,81.0,80.0,80.0,66.0,16.0,11300.0,255
2023-05-10 10:46:03,ru2401P11000,ru2401P11000,66.0,0.0,0.0,0.0,4,61.0,65.0,2,81.0,80.0,80.0,66.0,16.0,11300.0,255
2023-05-10 10:46:03,ru2401P11000,ru2401P11000,66.0,0.0,0.0,0.0,4,61.0,65.0,4,81.0,80.0,80.0,66.0,16.0,11300.0,255
2023-05-10 10:46:04,ru2401P11000,ru2401P11000,66.0,0.0,0.0,0.0,6,61.0,65.0,6,81.0,80.0,80.0,66.0,16.0,11300.0,255
2023-05-10 10:46:04,ru2401P11000,ru2401P11000,66.0,0.0,0.0,0.0,8,61.0,65.0,8,81.0,80.0,80.0,66.0,16.0,11300.0,255
2023-05-10 10:46:54,ru2401P11000,ru2401P11000,66.0,0.0,0.0,0.0,8,61.0,65.0,6,81.0,80.0,80.0,66.0,16.0,11300.0,255
2023-05-10 10:47:32,ru2401P11000,ru2401P11000,66.0,0.0,0.0,0.0,8,61.0,65.0,8,81.0,80.0,80.0,66.0,16.0,11300.0,255
2023-05-10 10:47:36,ru2401P11000,ru2401P11000,66.0,0.0,0.0,0.0,8,61.0,65.0,6,81.0,80.0,80.0,66.0,16.0,11300.0,255
2023-05-10 10:47:53,ru2401P11000,ru2401P11000,66.0,0.0,0.0,0.0,8,61.0,65.0,8,81.0,80.0,80.0,66.0,16.0,11300.0,255
2023-05-10 10:48:02,ru2401P11000,ru2401P11000,66.0,0.0,0.0,0.0,8,61.0,65.0,6,81.0,80.0,80.0,66.0,16.0,11300.0,255
2023-05-10 10:48:32,ru2401P11000,ru2401P11000,66.0,0.0,0.0,0.0,8,61.0,65.0,8,81.0,80.0,80.0,66.0,16.0,11300.0,255
2023-05-10 10:48:33,ru2401P11000,ru2401P11000,66.0,0.0,0.0,0.0,8,61.0,65.0,6,81.0,80.0,80.0,66.0,16.0,11300.0,255
2023-05-10 10:48:33,ru2401P11000,ru2401P11000,66.0,0.0,0.0,0.0,8,61.0,65.0,8,81.0,80.0,80.0,66.0,16.0,11300.0,255
2023-05-10 10:48:47,ru2401P11000,ru2401P11000,66.0,0.0,0.0,0.0,8,61.0,65.0,6,81.0,80.0,80.0,66.0,16.0,11300.0,255
2023-05-10 10:49:16,ru2401P11000,ru2401P11000,66.0,0.0,0.0,0.0,8,61.0,65.0,8,81.0,80.0,80.0,66.0,16.0,11300.0,255
2023-05-10 10:49:27,ru2401P11000,ru2401P11000,66.0,0.0,0.0,0.0,6,61.0,65.0,6,81.0,80.0,80.0,66.0,16.0,11300.0,255
2023-05-10 10:49:28,ru2401P11000,ru2401P11000,66.0,0.0,0.0,0.0,6,61.0,65.0,4,81.0,80.0,80.0,66.0,16.0,11300.0,255
2023-05-10 10:49:28,ru2401P11000,ru2401P11000,66.0,0.0,0.0,0.0,6,61.0,65.0,2,81.0,80.0,80.0,66.0,16.0,11300.0,255
2023-05-10 10:49:29,ru2401P11000,ru2401P11000,66.0,0.0,0.0,0.0,4,61.0,65.0,2,81.0,80.0,80.0,66.0,16.0,11300.0,255
2023-05-10 10:49:36,ru2401P11000,ru2401P11000,66.0,0.0,0.0,0.0,4,61.0,66.0,2,81.0,80.0,80.0,66.0,16.0,11300.0,255
2023-05-10 10:50:17,ru2401P11000,ru2401P11000,66.0,0.0,0.0,0.0,2,61.0,65.0,2,81.0,80.0,80.0,66.0,16.0,11300.0,255
2023-05-10 10:50:17,ru2401P11000,ru2401P11000,66.0,0.0,0.0,0.0,2,60.0,65.0,2,81.0,80.0,80.0,66.0,16.0,11300.0,255
2023-05-10 10:50:18,ru2401P11000,ru2401P11000,66.0,0.0,0.0,0.0,2,61.0,66.0,2,81.0,80.0,80.0,66.0,16.0,11300.0,255
2023-05-10 10:50:18,ru2401P11000,ru2401P11000,66.0,0.0,0.0,0.0,4,61.0,66.0,2,81.0,80.0,80.0,66.0,16.0,11300.0,255
2023-05-10 10:50:20,ru2401P11000,ru2401P11000,66.0,0.0,0.0,0.0,2,61.0,65.0,2,81.0,80.0,80.0,66.0,16.0,11300.0,255
2023-05-10 10:50:21,ru2401P11000,ru2401P11000,66.0,0.0,0.0,0.0,2,60.0,65.0,2,81.0,80.0,80.0,66.0,16.0,11300.0,255
2023-05-10 10:50:23,ru2401P11000,ru2401P11000,66.0,0.0,0.0,0.0,2,61.0,66.0,2,81.0,80.0,80.0,66.0,16.0,11300.0,255
2023-05-10 10:50:24,ru2401P11000,ru2401P11000,66.0,0.0,0.0,0.0,2,61.0,65.0,2,81.0,80.0,80.0,66.0,16.0,11300.0,255
2023-05-10 10:50:25,ru2401P11000,ru2401P11000,66.0,0.0,0.0,0.0,4,61.0,65.0,2,81.0,80.0,80.0,66.0,16.0,11300.0,255
2023-05-10 10:50:36,ru2401P11000,ru2401P11000,66.0,0.0,0.0,0.0,2,61.0,65.0,2,81.0,80.0,80.0,66.0,16.0,11300.0,255
2023-05-10 10:50:36,ru2401P11000,ru2401P11000,66.0,0.0,0.0,0.0,2,61.0,65.0,2,81.0,80.0,80.0,66.0,16.0,11300.0,255
2023-05-10 10:50:43,ru2401P11000,ru2401P11000,66.0,0.0,0.0,0.0,2,61.0,66.0,2,81.0,80.0,80.0,66.0,16.0,11300.0,255
2023-05-10 10:50:44,ru2401P11000,ru2401P11000,66.0,0.0,0.0,0.0,2,61.0,65.0,2,81.0,80.0,80.0,66.0,16.0,11300.0,255
2023-05-10 10:50:44,ru2401P11000,ru2401P11000,66.0,0.0,0.0,0.0,2,61.0,66.0,2,81.0,80.0,80.0,66.0,16.0,11300.0,255
2023-05-10 10:50:46,ru2401P11000,ru2401P11000,66.0,0.0,0.0,0.0,4,61.0,66.0,2,81.0,80.0,80.0,66.0,16.0,11300.0,255
2023-05-10 10:50:58,ru2401P11000,ru2401P11000,66.0,0.0,0.0,0.0,4,61.0,65.0,2,81.0,80.0,80.0,66.0,16.0,11300.0,255
2023-05-10 10:50:59,ru2401P11000,ru2401P11000,66.0,0.0,0.0,0.0,4,61.0,66.0,2,81.0,80.0,80.0,66.0,16.0,11300.0,255
2023-05-10 10:50:59,ru2401P11000,ru2401P11000,66.0,0.0,0.0,0.0,4,61.0,65.0,2,81.0,80.0,80.0,66.0,16.0,11300.0,255
2023-05-10 10:51:09,ru2401P11000,ru2401P11000,66.0,0.0,0.0,0.0,4,61.0,66.0,2,81.0,80.0,80.0,66.0,16.0,11300.0,255
2023-05-10 10:51:09,ru2401P11000,ru2401P11000,66.0,0.0,0.0,0.0,4,61.0,65.0,2,81.0,80.0,80.0,66.0,16.0,11300.0,255
2023-05-10 10:51:11,ru2401P11000,ru2401P11000,66.0,0.0,0.0,0.0,4,61.0,66.0,2,81.0,80.0,80.0,66.0,16.0,11300.0,255
2023-05-10 10:52:36,ru2401P11000,ru2401P11000,66.0,0.0,0.0,0.0,4,61.0,65.0,2,81.0,80.0,80.0,66.0,16.0,11300.0,255
2023-05-10 10:52:36,ru2401P11000,ru2401P11000,66.0,0.0,0.0,0.0,4,61.0,66.0,2,81.0,80.0,80.0,66.0,16.0,11300.0,255
2023-05-10 10:52:41,ru2401P11000,ru2401P11000,66.0,0.0,0.0,0.0,4,61.0,65.0,2,81.0,80.0,80.0,66.0,16.0,11300.0,255
2023-05-10 10:52:41,ru2401P11000,ru2401P11000,66.0,0.0,0.0,0.0,4,61.0,66.0,2,81.0,80.0,80.0,66.0,16.0,11300.0,255
2023-05-10 10:52:43,ru2401P11000,ru2401P11000,66.0,0.0,0.0,0.0,4,61.0,65.0,2,81.0,80.0,80.0,66.0,16.0,11300.0,255
2023-05-10 10:52:44,ru2401P11000,ru2401P11000,66.0,0.0,0.0,0.0,4,61.0,66.0,2,81.0,80.0,80.0,66.0,16.0,11300.0,255
2023-05-10 10:52:53,ru2401P11000,ru2401P11000,66.0,0.0,0.0,0.0,4,61.0,65.0,2,81.0,80.0,80.0,66.0,16.0,11300.0,255
2023-05-10 10:52:54,ru2401P11000,ru2401P11000,66.0,0.0,0.0,0.0,4,61.0,66.0,2,81.0,80.0,80.0,66.0,16.0,11300.0,255
2023-05-10 10:52:56,ru2401P11000,ru2401P11000,66.0,0.0,0.0,0.0,4,61.0,65.0,2,81.0,80.0,80.0,66.0,16.0,11300.0,255
2023-05-10 10:52:58,ru2401P11000,ru2401P11000,66.0,0.0,0.0,0.0,4,61.0,66.0,2,81.0,80.0,80.0,66.0,16.0,11300.0,255
2023-05-10 10:53:41,ru2401P11000,ru2401P11000,66.0,0.0,0.0,0.0,6,61.0,66.0,2,81.0,80.0,80.0,66.0,16.0,11300.0,255
2023-05-10 10:53:41,ru2401P11000,ru2401P11000,66.0,0.0,0.0,0.0,8,61.0,66.0,2,81.0,80.0,80.0,66.0,16.0,11300.0,255
2023-05-10 10:54:51,ru2401P11000,ru2401P11000,66.0,0.0,0.0,0.0,6,61.0,66.0,2,81.0,80.0,80.0,66.0,16.0,11300.0,255
2023-05-10 10:54:51,ru2401P11000,ru2401P11000,66.0,0.0,0.0,0.0,4,61.0,66.0,2,81.0,80.0,80.0,66.0,16.0,11300.0,255
2023-05-10 10:54:53,ru2401P11000,ru2401P11000,66.0,0.0,0.0,0.0,6,61.0,66.0,2,81.0,80.0,80.0,66.0,16.0,11300.0,255
2023-05-10 10:54:53,ru2401P11000,ru2401P11000,66.0,0.0,0.0,0.0,8,61.0,66.0,2,81.0,80.0,80.0,66.0,16.0,11300.0,255
2023-05-10 10:54:54,ru2401P11000,ru2401P11000,66.0,0.0,0.0,0.0,6,61.0,66.0,2,81.0,80.0,80.0,66.0,16.0,11300.0,255
2023-05-10 10:54:54,ru2401P11000,ru2401P11000,66.0,0.0,0.0,0.0,4,61.0,66.0,2,81.0,80.0,80.0,66.0,16.0,11300.0,255
2023-05-10 10:54:59,ru2401P11000,ru2401P11000,66.0,0.0,0.0,0.0,2,62.0,66.0,2,81.0,80.0,80.0,66.0,16.0,11300.0,255
2023-05-10 10:54:59,ru2401P11000,ru2401P11000,66.0,0.0,0.0,0.0,4,62.0,66.0,2,81.0,80.0,80.0,66.0,16.0,11300.0,255
2023-05-10 10:55:02,ru2401P11000,ru2401P11000,66.0,0.0,0.0,0.0,6,62.0,67.0,2,81.0,80.0,80.0,66.0,16.0,11300.0,255
2023-05-10 10:55:02,ru2401P11000,ru2401P11000,66.0,0.0,0.0,0.0,8,62.0,67.0,2,81.0,80.0,80.0,66.0,16.0,11300.0,255
2023-05-10 10:55:32,ru2401P11000,ru2401P11000,66.0,0.0,0.0,0.0,8,62.0,67.0,2,81.0,80.0,80.0,66.0,16.0,11300.0,255
2023-05-10 10:56:26,ru2401P11000,ru2401P11000,66.0,0.0,0.0,0.0,8,62.0,66.0,2,81.0,80.0,80.0,66.0,16.0,11300.0,255
2023-05-10 10:56:33,ru2401P11000,ru2401P11000,66.0,0.0,0.0,0.0,6,62.0,66.0,2,81.0,80.0,80.0,66.0,16.0,11300.0,255
2023-05-10 10:56:34,ru2401P11000,ru2401P11000,66.0,0.0,0.0,0.0,4,62.0,66.0,2,81.0,80.0,80.0,66.0,16.0,11300.0,255
2023-05-10 10:57:29,ru2401P11000,ru2401P11000,66.0,0.0,0.0,0.0,6,62.0,66.0,2,81.0,80.0,80.0,66.0,16.0,11300.0,255
2023-05-10 10:57:29,ru2401P11000,ru2401P11000,66.0,0.0,0.0,0.0,4,62.0,66.0,2,81.0,80.0,80.0,66.0,16.0,11300.0,255
2023-05-10 10:57:34,ru2401P11000,ru2401P11000,66.0,0.0,0.0,0.0,6,62.0,66.0,2,81.0,80.0,80.0,66.0,16.0,11300.0,255
2023-05-10 10:57:34,ru2401P11000,ru2401P11000,66.0,0.0,0.0,0.0,8,62.0,66.0,2,81.0,80.0,80.0,66.0,16.0,11300.0,255
2023-05-10 10:57:43,ru2401P11000,ru2401P11000,66.0,0.0,0.0,0.0,6,62.0,66.0,2,81.0,80.0,80.0,66.0,16.0,11300.0,255
2023-05-10 10:57:44,ru2401P11000,ru2401P11000,66.0,0.0,0.0,0.0,4,62.0,66.0,2,81.0,80.0,80.0,66.0,16.0,11300.0,255
2023-05-10 10:57:45,ru2401P11000,ru2401P11000,66.0,0.0,0.0,0.0,6,62.0,66.0,2,81.0,80.0,80.0,66.0,16.0,11300.0,255
2023-05-10 10:57:45,ru2401P11000,ru2401P11000,66.0,0.0,0.0,0.0,8,62.0,66.0,2,81.0,80.0,80.0,66.0,16.0,11300.0,255
2023-05-10 10:57:46,ru2401P11000,ru2401P11000,66.0,0.0,0.0,0.0,6,62.0,66.0,2,81.0,80.0,80.0,66.0,16.0,11300.0,255
2023-05-10 10:57:46,ru2401P11000,ru2401P11000,66.0,0.0,0.0,0.0,4,62.0,66.0,2,81.0,80.0,80.0,66.0,16.0,11300.0,255
2023-05-10 10:57:48,ru2401P11000,ru2401P11000,66.0,0.0,0.0,0.0,6,62.0,66.0,2,81.0,80.0,80.0,66.0,16.0,11300.0,255
2023-05-10 10:57:48,ru2401P11000,ru2401P11000,66.0,0.0,0.0,0.0,8,62.0,66.0,2,81.0,80.0,80.0,66.0,16.0,11300.0,255
2023-05-10 10:58:01,ru2401P11000,ru2401P11000,66.0,0.0,0.0,0.0,8,62.0,67.0,2,81.0,80.0,80.0,66.0,16.0,11300.0,255
2023-05-10 10:58:32,ru2401P11000,ru2401P11000,66.0,0.0,0.0,0.0,6,62.0,67.0,2,81.0,80.0,80.0,66.0,16.0,11300.0,255
2023-05-10 10:58:34,ru2401P11000,ru2401P11000,66.0,0.0,0.0,0.0,4,62.0,67.0,2,81.0,80.0,80.0,66.0,16.0,11300.0,255
2023-05-10 10:58:54,ru2401P11000,ru2401P11000,66.0,0.0,0.0,0.0,6,62.0,67.0,2,81.0,80.0,80.0,66.0,16.0,11300.0,255
2023-05-10 10:58:54,ru2401P11000,ru2401P11000,66.0,0.0,0.0,0.0,8,62.0,67.0,2,81.0,80.0,80.0,66.0,16.0,11300.0,255
2023-05-10 10:59:00,ru2401P11000,ru2401P11000,66.0,0.0,0.0,0.0,6,62.0,67.0,2,81.0,80.0,80.0,66.0,16.0,11300.0,255
2023-05-10 10:59:00,ru2401P11000,ru2401P11000,66.0,0.0,0.0,0.0,4,62.0,67.0,2,81.0,80.0,80.0,66.0,16.0,11300.0,255
2023-05-10 10:59:06,ru2401P11000,ru2401P11000,66.0,0.0,0.0,0.0,6,62.0,67.0,2,81.0,80.0,80.0,66.0,16.0,11300.0,255
2023-05-10 10:59:06,ru2401P11000,ru2401P11000,66.0,0.0,0.0,0.0,8,62.0,67.0,2,81.0,80.0,80.0,66.0,16.0,11300.0,255
2023-05-10 10:59:29,ru2401P11000,ru2401P11000,66.0,0.0,0.0,0.0,6,62.0,67.0,2,81.0,80.0,80.0,66.0,16.0,11300.0,255
2023-05-10 10:59:29,ru2401P11000,ru2401P11000,66.0,0.0,0.0,0.0,4,62.0,67.0,2,81.0,80.0,80.0,66.0,16.0,11300.0,255
2023-05-10 10:59:30,ru2401P11000,ru2401P11000,66.0,0.0,0.0,0.0,6,62.0,67.0,2,81.0,80.0,80.0,66.0,16.0,11300.0,255
2023-05-10 10:59:31,ru2401P11000,ru2401P11000,66.0,0.0,0.0,0.0,8,62.0,67.0,2,81.0,80.0,80.0,66.0,16.0,11300.0,255
2023-05-10 10:59:32,ru2401P11000,ru2401P11000,66.0,0.0,0.0,0.0,6,62.0,67.0,2,81.0,80.0,80.0,66.0,16.0,11300.0,255
2023-05-10 10:59:32,ru2401P11000,ru2401P11000,66.0,0.0,0.0,0.0,4,62.0,67.0,2,81.0,80.0,80.0,66.0,16.0,11300.0,255
2023-05-10 10:59:35,ru2401P11000,ru2401P11000,66.0,0.0,0.0,0.0,6,62.0,67.0,2,81.0,80.0,80.0,66.0,16.0,11300.0,255
2023-05-10 10:59:36,ru2401P11000,ru2401P11000,66.0,0.0,0.0,0.0,8,62.0,67.0,2,81.0,80.0,80.0,66.0,16.0,11300.0,255
2023-05-10 10:59:36,ru2401P11000,ru2401P11000,66.0,0.0,0.0,0.0,6,62.0,67.0,2,81.0,80.0,80.0,66.0,16.0,11300.0,255
2023-05-10 10:59:37,ru2401P11000,ru2401P11000,66.0,0.0,0.0,0.0,4,62.0,67.0,2,81.0,80.0,80.0,66.0,16.0,11300.0,255
2023-05-10 10:59:49,ru2401P11000,ru2401P11000,66.0,0.0,0.0,0.0,6,62.0,67.0,2,81.0,80.0,80.0,66.0,16.0,11300.0,255
2023-05-10 10:59:51,ru2401P11000,ru2401P11000,66.0,0.0,0.0,0.0,4,62.0,67.0,2,81.0,80.0,80.0,66.0,16.0,11300.0,255
2023-05-10 11:00:02,ru2401P11000,ru2401P11000,66.0,0.0,0.0,0.0,6,62.0,67.0,2,81.0,80.0,80.0,66.0,16.0,11300.0,255
2023-05-10 11:00:03,ru2401P11000,ru2401P11000,66.0,0.0,0.0,0.0,8,62.0,67.0,2,81.0,80.0,80.0,66.0,16.0,11300.0,255
2023-05-10 11:00:04,ru2401P11000,ru2401P11000,66.0,0.0,0.0,0.0,6,62.0,67.0,2,81.0,80.0,80.0,66.0,16.0,11300.0,255
2023-05-10 11:00:04,ru2401P11000,ru2401P11000,66.0,0.0,0.0,0.0,4,62.0,67.0,2,81.0,80.0,80.0,66.0,16.0,11300.0,255
2023-05-10 11:00:07,ru2401P11000,ru2401P11000,66.0,0.0,0.0,0.0,6,62.0,67.0,2,81.0,80.0,80.0,66.0,16.0,11300.0,255
2023-05-10 11:00:07,ru2401P11000,ru2401P11000,66.0,0.0,0.0,0.0,8,62.0,67.0,2,81.0,80.0,80.0,66.0,16.0,11300.0,255
2023-05-10 11:00:22,ru2401P11000,ru2401P11000,66.0,0.0,0.0,0.0,6,62.0,67.0,2,81.0,80.0,80.0,66.0,16.0,11300.0,255
2023-05-10 11:00:25,ru2401P11000,ru2401P11000,66.0,0.0,0.0,0.0,4,62.0,67.0,2,81.0,80.0,80.0,66.0,16.0,11300.0,255
2023-05-10 11:00:30,ru2401P11000,ru2401P11000,66.0,0.0,0.0,0.0,2,63.0,67.0,2,81.0,80.0,80.0,66.0,16.0,11300.0,255
2023-05-10 11:00:30,ru2401P11000,ru2401P11000,66.0,0.0,0.0,0.0,4,63.0,67.0,2,81.0,80.0,80.0,66.0,16.0,11300.0,255
2023-05-10 11:00:31,ru2401P11000,ru2401P11000,66.0,0.0,0.0,0.0,6,63.0,67.0,2,81.0,80.0,80.0,66.0,16.0,11300.0,255
2023-05-10 11:00:31,ru2401P11000,ru2401P11000,66.0,0.0,0.0,0.0,8,63.0,67.0,2,81.0,80.0,80.0,66.0,16.0,11300.0,255
2023-05-10 11:00:38,ru2401P11000,ru2401P11000,66.0,0.0,0.0,0.0,6,63.0,67.0,2,81.0,80.0,80.0,66.0,16.0,11300.0,255
2023-05-10 11:00:39,ru2401P11000,ru2401P11000,66.0,0.0,0.0,0.0,4,63.0,67.0,2,81.0,80.0,80.0,66.0,16.0,11300.0,255
2023-05-10 11:01:26,ru2401P11000,ru2401P11000,66.0,0.0,0.0,0.0,6,63.0,68.0,2,81.0,80.0,80.0,66.0,16.0,11300.0,255
2023-05-10 11:01:26,ru2401P11000,ru2401P11000,66.0,0.0,0.0,0.0,8,63.0,67.0,2,81.0,80.0,80.0,66.0,16.0,11300.0,255
2023-05-10 11:01:27,ru2401P11000,ru2401P11000,66.0,0.0,0.0,0.0,6,63.0,67.0,2,81.0,80.0,80.0,66.0,16.0,11300.0,255
2023-05-10 11:01:27,ru2401P11000,ru2401P11000,66.0,0.0,0.0,0.0,4,63.0,67.0,2,81.0,80.0,80.0,66.0,16.0,11300.0,255
2023-05-10 11:01:32,ru2401P11000,ru2401P11000,66.0,0.0,0.0,0.0,6,63.0,67.0,2,81.0,80.0,80.0,66.0,16.0,11300.0,255
2023-05-10 11:01:33,ru2401P11000,ru2401P11000,66.0,0.0,0.0,0.0,8,63.0,67.0,2,81.0,80.0,80.0,66.0,16.0,11300.0,255
2023-05-10 11:01:44,ru2401P11000,ru2401P11000,66.0,0.0,0.0,0.0,6,63.0,67.0,2,81.0,80.0,80.0,66.0,16.0,11300.0,255
2023-05-10 11:01:44,ru2401P11000,ru2401P11000,66.0,0.0,0.0,0.0,4,63.0,67.0,2,81.0,80.0,80.0,66.0,16.0,11300.0,255
2023-05-10 11:02:06,ru2401P11000,ru2401P11000,66.0,0.0,0.0,0.0,6,63.0,67.0,2,81.0,80.0,80.0,66.0,16.0,11300.0,255
2023-05-10 11:02:06,ru2401P11000,ru2401P11000,66.0,0.0,0.0,0.0,6,63.0,67.0,2,81.0,80.0,80.0,66.0,16.0,11300.0,255
2023-05-10 11:02:12,ru2401P11000,ru2401P11000,66.0,0.0,0.0,0.0,6,63.0,67.0,2,81.0,80.0,80.0,66.0,16.0,11300.0,255
2023-05-10 11:02:12,ru2401P11000,ru2401P11000,66.0,0.0,0.0,0.0,8,63.0,67.0,2,81.0,80.0,80.0,66.0,16.0,11300.0,255
2023-05-10 11:04:05,ru2401P11000,ru2401P11000,66.0,0.0,0.0,0.0,8,63.0,68.0,2,81.0,80.0,80.0,66.0,16.0,11300.0,255
2023-05-10 11:04:14,ru2401P11000,ru2401P11000,66.0,0.0,0.0,0.0,6,63.0,68.0,2,81.0,80.0,80.0,66.0,16.0,11300.0,255
2023-05-10 11:04:15,ru2401P11000,ru2401P11000,66.0,0.0,0.0,0.0,4,63.0,68.0,2,81.0,80.0,80.0,66.0,16.0,11300.0,255
2023-05-10 11:04:24,ru2401P11000,ru2401P11000,66.0,0.0,0.0,0.0,2,64.0,68.0,2,81.0,80.0,80.0,66.0,16.0,11300.0,255
2023-05-10 11:04:25,ru2401P11000,ru2401P11000,66.0,0.0,0.0,0.0,4,64.0,68.0,2,81.0,80.0,80.0,66.0,16.0,11300.0,255
2023-05-10 11:04:25,ru2401P11000,ru2401P11000,66.0,0.0,0.0,0.0,6,64.0,68.0,2,81.0,80.0,80.0,66.0,16.0,11300.0,255
2023-05-10 11:04:26,ru2401P11000,ru2401P11000,66.0,0.0,0.0,0.0,8,64.0,68.0,2,81.0,80.0,80.0,66.0,16.0,11300.0,255
2023-05-10 11:04:29,ru2401P11000,ru2401P11000,66.0,0.0,0.0,0.0,6,64.0,68.0,2,81.0,80.0,80.0,66.0,16.0,11300.0,255
2023-05-10 11:04:30,ru2401P11000,ru2401P11000,66.0,0.0,0.0,0.0,4,64.0,68.0,2,81.0,80.0,80.0,66.0,16.0,11300.0,255
2023-05-10 11:04:34,ru2401P11000,ru2401P11000,66.0,0.0,0.0,0.0,6,64.0,68.0,2,81.0,80.0,80.0,66.0,16.0,11300.0,255
2023-05-10 11:04:35,ru2401P11000,ru2401P11000,66.0,0.0,0.0,0.0,8,64.0,68.0,2,81.0,80.0,80.0,66.0,16.0,11300.0,255
2023-05-10 11:04:44,ru2401P11000,ru2401P11000,66.0,0.0,0.0,0.0,6,64.0,68.0,2,81.0,80.0,80.0,66.0,16.0,11300.0,255
2023-05-10 11:04:45,ru2401P11000,ru2401P11000,66.0,0.0,0.0,0.0,4,64.0,68.0,2,81.0,80.0,80.0,66.0,16.0,11300.0,255
2023-05-10 11:04:49,ru2401P11000,ru2401P11000,66.0,0.0,0.0,0.0,4,64.0,69.0,2,81.0,80.0,80.0,66.0,16.0,11300.0,255
2023-05-10 11:04:59,ru2401P11000,ru2401P11000,66.0,0.0,0.0,0.0,4,64.0,69.0,2,81.0,80.0,80.0,66.0,16.0,11300.0,255
2023-05-10 11:05:10,ru2401P11000,ru2401P11000,66.0,0.0,0.0,0.0,6,64.0,68.0,2,81.0,80.0,80.0,66.0,16.0,11300.0,255
2023-05-10 11:05:11,ru2401P11000,ru2401P11000,66.0,0.0,0.0,0.0,8,64.0,68.0,2,81.0,80.0,80.0,66.0,16.0,11300.0,255
2023-05-10 11:05:11,ru2401P11000,ru2401P11000,66.0,0.0,0.0,0.0,8,64.0,69.0,2,81.0,80.0,80.0,66.0,16.0,11300.0,255
2023-05-10 11:05:13,ru2401P11000,ru2401P11000,66.0,0.0,0.0,0.0,8,64.0,68.0,2,81.0,80.0,80.0,66.0,16.0,11300.0,255
2023-05-10 11:05:24,ru2401P11000,ru2401P11000,66.0,0.0,0.0,0.0,6,64.0,68.0,2,81.0,80.0,80.0,66.0,16.0,11300.0,255
2023-05-10 11:05:39,ru2401P11000,ru2401P11000,66.0,0.0,0.0,0.0,2,64.0,68.0,2,81.0,80.0,80.0,66.0,16.0,11300.0,255
2023-05-10 11:05:39,ru2401P11000,ru2401P11000,66.0,0.0,0.0,0.0,6,63.0,68.0,2,81.0,80.0,80.0,66.0,16.0,11300.0,255
2023-05-10 11:05:40,ru2401P11000,ru2401P11000,66.0,0.0,0.0,0.0,6,63.0,68.0,2,81.0,80.0,80.0,66.0,16.0,11300.0,255
2023-05-10 11:05:40,ru2401P11000,ru2401P11000,66.0,0.0,0.0,0.0,8,63.0,68.0,2,81.0,80.0,80.0,66.0,16.0,11300.0,255
2023-05-10 11:05:51,ru2401P11000,ru2401P11000,66.0,0.0,0.0,0.0,8,63.0,67.0,2,81.0,80.0,80.0,66.0,16.0,11300.0,255
2023-05-10 11:05:55,ru2401P11000,ru2401P11000,66.0,0.0,0.0,0.0,8,63.0,68.0,2,81.0,80.0,80.0,66.0,16.0,11300.0,255
2023-05-10 11:06:02,ru2401P11000,ru2401P11000,66.0,0.0,0.0,0.0,8,63.0,67.0,2,81.0,80.0,80.0,66.0,16.0,11300.0,255
2023-05-10 11:07:02,ru2401P11000,ru2401P11000,66.0,0.0,0.0,0.0,8,63.0,68.0,2,81.0,80.0,80.0,66.0,16.0,11300.0,255
2023-05-10 11:10:20,ru2401P11000,ru2401P11000,66.0,0.0,0.0,0.0,6,63.0,68.0,2,81.0,80.0,80.0,66.0,16.0,11300.0,255
2023-05-10 11:10:20,ru2401P11000,ru2401P11000,66.0,0.0,0.0,0.0,4,63.0,68.0,2,81.0,80.0,80.0,66.0,16.0,11300.0,255
2023-05-10 11:10:23,ru2401P11000,ru2401P11000,66.0,0.0,0.0,0.0,4,63.0,67.0,2,81.0,80.0,80.0,66.0,16.0,11300.0,255
2023-05-10 11:10:23,ru2401P11000,ru2401P11000,66.0,0.0,0.0,0.0,4,63.0,68.0,2,81.0,80.0,80.0,66.0,16.0,11300.0,255
2023-05-10 11:10:25,ru2401P11000,ru2401P11000,66.0,0.0,0.0,0.0,6,63.0,68.0,2,81.0,80.0,80.0,66.0,16.0,11300.0,255
2023-05-10 11:10:25,ru2401P11000,ru2401P11000,66.0,0.0,0.0,0.0,8,63.0,68.0,2,81.0,80.0,80.0,66.0,16.0,11300.0,255
2023-05-10 11:10:34,ru2401P11000,ru2401P11000,66.0,0.0,0.0,0.0,8,63.0,67.0,2,81.0,80.0,80.0,66.0,16.0,11300.0,255
2023-05-10 11:10:35,ru2401P11000,ru2401P11000,66.0,0.0,0.0,0.0,8,63.0,68.0,2,81.0,80.0,80.0,66.0,16.0,11300.0,255
2023-05-10 11:10:40,ru2401P11000,ru2401P11000,66.0,0.0,0.0,0.0,6,63.0,68.0,2,81.0,80.0,80.0,66.0,16.0,11300.0,255
2023-05-10 11:10:40,ru2401P11000,ru2401P11000,66.0,0.0,0.0,0.0,4,63.0,68.0,2,81.0,80.0,80.0,66.0,16.0,11300.0,255
2023-05-10 11:10:50,ru2401P11000,ru2401P11000,66.0,0.0,0.0,0.0,6,63.0,68.0,2,81.0,80.0,80.0,66.0,16.0,11300.0,255
2023-05-10 11:10:50,ru2401P11000,ru2401P11000,66.0,0.0,0.0,0.0,8,63.0,68.0,2,81.0,80.0,80.0,66.0,16.0,11300.0,255
2023-05-10 11:10:53,ru2401P11000,ru2401P11000,66.0,0.0,0.0,0.0,8,63.0,67.0,2,81.0,80.0,80.0,66.0,16.0,11300.0,255
2023-05-10 11:10:54,ru2401P11000,ru2401P11000,66.0,0.0,0.0,0.0,8,63.0,68.0,2,81.0,80.0,80.0,66.0,16.0,11300.0,255
2023-05-10 11:10:57,ru2401P11000,ru2401P11000,66.0,0.0,0.0,0.0,8,63.0,67.0,2,81.0,80.0,80.0,66.0,16.0,11300.0,255
2023-05-10 11:10:59,ru2401P11000,ru2401P11000,66.0,0.0,0.0,0.0,8,63.0,68.0,2,81.0,80.0,80.0,66.0,16.0,11300.0,255
2023-05-10 11:11:00,ru2401P11000,ru2401P11000,66.0,0.0,0.0,0.0,6,63.0,68.0,2,81.0,80.0,80.0,66.0,16.0,11300.0,255
2023-05-10 11:11:00,ru2401P11000,ru2401P11000,66.0,0.0,0.0,0.0,4,63.0,68.0,2,81.0,80.0,80.0,66.0,16.0,11300.0,255
2023-05-10 11:11:05,ru2401P11000,ru2401P11000,66.0,0.0,0.0,0.0,4,63.0,68.0,2,81.0,80.0,80.0,66.0,16.0,11300.0,255
2023-05-10 11:11:05,ru2401P11000,ru2401P11000,66.0,0.0,0.0,0.0,4,63.0,68.0,2,81.0,80.0,80.0,66.0,16.0,11300.0,255
2023-05-10 11:11:10,ru2401P11000,ru2401P11000,66.0,0.0,0.0,0.0,6,63.0,68.0,2,81.0,80.0,80.0,66.0,16.0,11300.0,255
2023-05-10 11:11:25,ru2401P11000,ru2401P11000,66.0,0.0,0.0,0.0,4,63.0,68.0,2,81.0,80.0,80.0,66.0,16.0,11300.0,255
2023-05-10 11:11:35,ru2401P11000,ru2401P11000,66.0,0.0,0.0,0.0,4,63.0,68.0,2,81.0,80.0,80.0,66.0,16.0,11300.0,255
2023-05-10 11:11:35,ru2401P11000,ru2401P11000,66.0,0.0,0.0,0.0,4,63.0,68.0,2,81.0,80.0,80.0,66.0,16.0,11300.0,255
2023-05-10 11:11:40,ru2401P11000,ru2401P11000,66.0,0.0,0.0,0.0,6,63.0,68.0,2,81.0,80.0,80.0,66.0,16.0,11300.0,255
2023-05-10 11:11:40,ru2401P11000,ru2401P11000,66.0,0.0,0.0,0.0,8,63.0,68.0,2,81.0,80.0,80.0,66.0,16.0,11300.0,255
2023-05-10 11:12:05,ru2401P11000,ru2401P11000,66.0,0.0,0.0,0.0,6,63.0,68.0,2,81.0,80.0,80.0,66.0,16.0,11300.0,255
2023-05-10 11:12:05,ru2401P11000,ru2401P11000,66.0,0.0,0.0,0.0,4,63.0,68.0,2,81.0,80.0,80.0,66.0,16.0,11300.0,255
2023-05-10 11:12:10,ru2401P11000,ru2401P11000,66.0,0.0,0.0,0.0,6,63.0,68.0,2,81.0,80.0,80.0,66.0,16.0,11300.0,255
2023-05-10 11:12:10,ru2401P11000,ru2401P11000,66.0,0.0,0.0,0.0,8,63.0,68.0,2,81.0,80.0,80.0,66.0,16.0,11300.0,255
2023-05-10 11:12:27,ru2401P11000,ru2401P11000,66.0,0.0,0.0,0.0,8,63.0,67.0,2,81.0,80.0,80.0,66.0,16.0,11300.0,255
2023-05-10 11:13:16,ru2401P11000,ru2401P11000,66.0,0.0,0.0,0.0,8,63.0,68.0,2,81.0,80.0,80.0,66.0,16.0,11300.0,255
2023-05-10 11:13:26,ru2401P11000,ru2401P11000,66.0,0.0,0.0,0.0,8,63.0,67.0,2,81.0,80.0,80.0,66.0,16.0,11300.0,255
2023-05-10 11:13:34,ru2401P11000,ru2401P11000,66.0,0.0,0.0,0.0,8,63.0,67.0,4,81.0,80.0,80.0,66.0,16.0,11300.0,255
2023-05-10 11:13:35,ru2401P11000,ru2401P11000,66.0,0.0,0.0,0.0,10,63.0,67.0,6,81.0,80.0,80.0,66.0,16.0,11300.0,255
2023-05-10 11:14:07,ru2401P11000,ru2401P11000,66.0,0.0,0.0,0.0,10,63.0,67.0,4,81.0,80.0,80.0,66.0,16.0,11300.0,255
2023-05-10 11:14:08,ru2401P11000,ru2401P11000,66.0,0.0,0.0,0.0,8,63.0,67.0,2,81.0,80.0,80.0,66.0,16.0,11300.0,255
2023-05-10 11:14:08,ru2401P11000,ru2401P11000,66.0,0.0,0.0,0.0,8,63.0,68.0,4,81.0,80.0,80.0,66.0,16.0,11300.0,255
2023-05-10 11:14:09,ru2401P11000,ru2401P11000,66.0,0.0,0.0,0.0,10,63.0,68.0,6,81.0,80.0,80.0,66.0,16.0,11300.0,255
2023-05-10 11:14:27,ru2401P11000,ru2401P11000,66.0,0.0,0.0,0.0,10,63.0,68.0,8,81.0,80.0,80.0,66.0,16.0,11300.0,255
2023-05-10 11:14:40,ru2401P11000,ru2401P11000,66.0,0.0,0.0,0.0,8,63.0,68.0,8,81.0,80.0,80.0,66.0,16.0,11300.0,255
2023-05-10 11:14:45,ru2401P11000,ru2401P11000,66.0,0.0,0.0,0.0,10,63.0,68.0,8,81.0,80.0,80.0,66.0,16.0,11300.0,255
2023-05-10 11:14:49,ru2401P11000,ru2401P11000,66.0,0.0,0.0,0.0,2,64.0,68.0,8,81.0,80.0,80.0,66.0,16.0,11300.0,255
2023-05-10 11:14:49,ru2401P11000,ru2401P11000,66.0,0.0,0.0,0.0,4,64.0,68.0,6,81.0,80.0,80.0,66.0,16.0,11300.0,255
2023-05-10 11:14:50,ru2401P11000,ru2401P11000,66.0,0.0,0.0,0.0,6,64.0,68.0,8,81.0,80.0,80.0,66.0,16.0,11300.0,255
2023-05-10 11:14:50,ru2401P11000,ru2401P11000,66.0,0.0,0.0,0.0,4,64.0,68.0,8,81.0,80.0,80.0,66.0,16.0,11300.0,255
2023-05-10 11:14:51,ru2401P11000,ru2401P11000,66.0,0.0,0.0,0.0,2,64.0,68.0,6,81.0,80.0,80.0,66.0,16.0,11300.0,255
2023-05-10 11:14:51,ru2401P11000,ru2401P11000,66.0,0.0,0.0,0.0,8,63.0,68.0,6,81.0,80.0,80.0,66.0,16.0,11300.0,255
2023-05-10 11:14:52,ru2401P11000,ru2401P11000,66.0,0.0,0.0,0.0,2,64.0,68.0,8,81.0,80.0,80.0,66.0,16.0,11300.0,255
2023-05-10 11:14:52,ru2401P11000,ru2401P11000,66.0,0.0,0.0,0.0,4,64.0,68.0,6,81.0,80.0,80.0,66.0,16.0,11300.0,255
2023-05-10 11:14:53,ru2401P11000,ru2401P11000,66.0,0.0,0.0,0.0,6,64.0,68.0,8,81.0,80.0,80.0,66.0,16.0,11300.0,255
2023-05-10 11:16:34,ru2401P11000,ru2401P11000,66.0,0.0,0.0,0.0,6,64.0,68.0,6,81.0,80.0,80.0,66.0,16.0,11300.0,255
2023-05-10 11:16:38,ru2401P11000,ru2401P11000,66.0,0.0,0.0,0.0,6,64.0,68.0,8,81.0,80.0,80.0,66.0,16.0,11300.0,255
2023-05-10 11:16:45,ru2401P11000,ru2401P11000,66.0,0.0,0.0,0.0,6,64.0,68.0,6,81.0,80.0,80.0,66.0,16.0,11300.0,255
2023-05-10 11:16:47,ru2401P11000,ru2401P11000,66.0,0.0,0.0,0.0,6,64.0,68.0,8,81.0,80.0,80.0,66.0,16.0,11300.0,255
2023-05-10 11:16:47,ru2401P11000,ru2401P11000,66.0,0.0,0.0,0.0,6,64.0,68.0,6,81.0,80.0,80.0,66.0,16.0,11300.0,255
2023-05-10 11:16:49,ru2401P11000,ru2401P11000,66.0,0.0,0.0,0.0,6,64.0,68.0,8,81.0,80.0,80.0,66.0,16.0,11300.0,255
2023-05-10 11:16:50,ru2401P11000,ru2401P11000,66.0,0.0,0.0,0.0,6,64.0,68.0,6,81.0,80.0,80.0,66.0,16.0,11300.0,255
2023-05-10 11:17:52,ru2401P11000,ru2401P11000,66.0,0.0,0.0,0.0,8,64.0,68.0,4,81.0,80.0,80.0,66.0,16.0,11300.0,255
2023-05-10 11:17:52,ru2401P11000,ru2401P11000,66.0,0.0,0.0,0.0,6,64.0,68.0,2,81.0,80.0,80.0,66.0,16.0,11300.0,255
2023-05-10 11:17:53,ru2401P11000,ru2401P11000,66.0,0.0,0.0,0.0,6,64.0,69.0,6,81.0,80.0,80.0,66.0,16.0,11300.0,255
2023-05-10 11:17:53,ru2401P11000,ru2401P11000,66.0,0.0,0.0,0.0,8,64.0,69.0,8,81.0,80.0,80.0,66.0,16.0,11300.0,255
2023-05-10 11:17:55,ru2401P11000,ru2401P11000,66.0,0.0,0.0,0.0,8,64.0,69.0,8,81.0,80.0,80.0,66.0,16.0,11300.0,255
2023-05-10 11:18:00,ru2401P11000,ru2401P11000,66.0,0.0,0.0,0.0,10,64.0,69.0,8,81.0,80.0,80.0,66.0,16.0,11300.0,255
2023-05-10 11:18:05,ru2401P11000,ru2401P11000,66.0,0.0,0.0,0.0,8,64.0,69.0,8,81.0,80.0,80.0,66.0,16.0,11300.0,255
2023-05-10 11:18:13,ru2401P11000,ru2401P11000,66.0,0.0,0.0,0.0,8,64.0,69.0,8,81.0,80.0,80.0,66.0,16.0,11300.0,255
2023-05-10 11:18:14,ru2401P11000,ru2401P11000,66.0,0.0,0.0,0.0,8,64.0,69.0,8,81.0,80.0,80.0,66.0,16.0,11300.0,255
2023-05-10 11:18:15,ru2401P11000,ru2401P11000,66.0,0.0,0.0,0.0,8,64.0,69.0,8,81.0,80.0,80.0,66.0,16.0,11300.0,255
2023-05-10 11:18:20,ru2401P11000,ru2401P11000,66.0,0.0,0.0,0.0,10,64.0,69.0,8,81.0,80.0,80.0,66.0,16.0,11300.0,255
2023-05-10 11:18:33,ru2401P11000,ru2401P11000,66.0,0.0,0.0,0.0,2,65.0,69.0,8,81.0,80.0,80.0,66.0,16.0,11300.0,255
2023-05-10 11:18:34,ru2401P11000,ru2401P11000,66.0,0.0,0.0,0.0,4,65.0,69.0,6,81.0,80.0,80.0,66.0,16.0,11300.0,255
2023-05-10 11:18:34,ru2401P11000,ru2401P11000,66.0,0.0,0.0,0.0,6,65.0,69.0,8,81.0,80.0,80.0,66.0,16.0,11300.0,255
2023-05-10 11:18:42,ru2401P11000,ru2401P11000,66.0,0.0,0.0,0.0,8,65.0,69.0,8,81.0,80.0,80.0,66.0,16.0,11300.0,255
2023-05-10 11:18:51,ru2401P11000,ru2401P11000,66.0,0.0,0.0,0.0,8,65.0,69.0,6,81.0,80.0,80.0,66.0,16.0,11300.0,255
2023-05-10 11:18:54,ru2401P11000,ru2401P11000,66.0,0.0,0.0,0.0,8,65.0,69.0,8,81.0,80.0,80.0,66.0,16.0,11300.0,255
2023-05-10 11:18:58,ru2401P11000,ru2401P11000,66.0,0.0,0.0,0.0,8,65.0,69.0,6,81.0,80.0,80.0,66.0,16.0,11300.0,255
2023-05-10 11:18:59,ru2401P11000,ru2401P11000,66.0,0.0,0.0,0.0,8,65.0,69.0,8,81.0,80.0,80.0,66.0,16.0,11300.0,255
2023-05-10 11:18:59,ru2401P11000,ru2401P11000,66.0,0.0,0.0,0.0,8,65.0,69.0,4,81.0,80.0,80.0,66.0,16.0,11300.0,255
2023-05-10 11:19:00,ru2401P11000,ru2401P11000,66.0,0.0,0.0,0.0,6,65.0,69.0,4,81.0,80.0,80.0,66.0,16.0,11300.0,255
2023-05-10 11:19:00,ru2401P11000,ru2401P11000,66.0,0.0,0.0,0.0,8,65.0,69.0,6,81.0,80.0,80.0,66.0,16.0,11300.0,255
2023-05-10 11:19:09,ru2401P11000,ru2401P11000,66.0,0.0,0.0,0.0,6,65.0,69.0,6,81.0,80.0,80.0,66.0,16.0,11300.0,255
2023-05-10 11:19:36,ru2401P11000,ru2401P11000,66.0,0.0,0.0,0.0,8,65.0,69.0,6,81.0,80.0,80.0,66.0,16.0,11300.0,255
2023-05-10 11:20:18,ru2401P11000,ru2401P11000,66.0,0.0,0.0,0.0,6,65.0,69.0,6,81.0,80.0,80.0,66.0,16.0,11300.0,255
2023-05-10 11:20:19,ru2401P11000,ru2401P11000,66.0,0.0,0.0,0.0,8,65.0,69.0,6,81.0,80.0,80.0,66.0,16.0,11300.0,255
2023-05-10 11:20:20,ru2401P11000,ru2401P11000,66.0,0.0,0.0,0.0,6,65.0,69.0,6,81.0,80.0,80.0,66.0,16.0,11300.0,255
2023-05-10 11:20:21,ru2401P11000,ru2401P11000,66.0,0.0,0.0,0.0,8,65.0,69.0,6,81.0,80.0,80.0,66.0,16.0,11300.0,255
2023-05-10 11:20:22,ru2401P11000,ru2401P11000,66.0,0.0,0.0,0.0,6,65.0,69.0,6,81.0,80.0,80.0,66.0,16.0,11300.0,255
2023-05-10 11:21:13,ru2401P11000,ru2401P11000,66.0,0.0,0.0,0.0,8,65.0,69.0,6,81.0,80.0,80.0,66.0,16.0,11300.0,255
2023-05-10 11:21:14,ru2401P11000,ru2401P11000,66.0,0.0,0.0,0.0,6,65.0,69.0,6,81.0,80.0,80.0,66.0,16.0,11300.0,255
2023-05-10 11:21:15,ru2401P11000,ru2401P11000,66.0,0.0,0.0,0.0,8,65.0,69.0,6,81.0,80.0,80.0,66.0,16.0,11300.0,255
2023-05-10 11:21:15,ru2401P11000,ru2401P11000,66.0,0.0,0.0,0.0,6,65.0,69.0,6,81.0,80.0,80.0,66.0,16.0,11300.0,255
2023-05-10 11:21:21,ru2401P11000,ru2401P11000,66.0,0.0,0.0,0.0,8,65.0,69.0,6,81.0,80.0,80.0,66.0,16.0,11300.0,255
2023-05-10 11:21:23,ru2401P11000,ru2401P11000,66.0,0.0,0.0,0.0,6,65.0,69.0,6,81.0,80.0,80.0,66.0,16.0,11300.0,255
2023-05-10 11:21:29,ru2401P11000,ru2401P11000,66.0,0.0,0.0,0.0,8,65.0,69.0,6,81.0,80.0,80.0,66.0,16.0,11300.0,255
2023-05-10 11:21:30,ru2401P11000,ru2401P11000,66.0,0.0,0.0,0.0,10,65.0,69.0,6,81.0,80.0,80.0,66.0,16.0,11300.0,255
2023-05-10 11:21:31,ru2401P11000,ru2401P11000,66.0,0.0,0.0,0.0,8,65.0,69.0,6,81.0,80.0,80.0,66.0,16.0,11300.0,255
2023-05-10 11:21:32,ru2401P11000,ru2401P11000,66.0,0.0,0.0,0.0,10,65.0,69.0,6,81.0,80.0,80.0,66.0,16.0,11300.0,255
2023-05-10 11:21:32,ru2401P11000,ru2401P11000,66.0,0.0,0.0,0.0,8,65.0,69.0,6,81.0,80.0,80.0,66.0,16.0,11300.0,255
2023-05-10 11:21:35,ru2401P11000,ru2401P11000,66.0,0.0,0.0,0.0,8,65.0,69.0,8,81.0,80.0,80.0,66.0,16.0,11300.0,255
2023-05-10 11:21:35,ru2401P11000,ru2401P11000,66.0,0.0,0.0,0.0,6,65.0,69.0,8,81.0,80.0,80.0,66.0,16.0,11300.0,255
2023-05-10 11:21:45,ru2401P11000,ru2401P11000,66.0,0.0,0.0,0.0,6,65.0,69.0,8,81.0,80.0,80.0,66.0,16.0,11300.0,255
2023-05-10 11:21:47,ru2401P11000,ru2401P11000,66.0,0.0,0.0,0.0,4,65.0,69.0,8,81.0,80.0,80.0,66.0,16.0,11300.0,255
2023-05-10 11:21:48,ru2401P11000,ru2401P11000,66.0,0.0,0.0,0.0,2,65.0,69.0,6,81.0,80.0,80.0,66.0,16.0,11300.0,255
2023-05-10 11:21:48,ru2401P11000,ru2401P11000,66.0,0.0,0.0,0.0,4,64.0,69.0,4,81.0,80.0,80.0,66.0,16.0,11300.0,255
2023-05-10 11:21:49,ru2401P11000,ru2401P11000,66.0,0.0,0.0,0.0,6,64.0,69.0,6,81.0,80.0,80.0,66.0,16.0,11300.0,255
2023-05-10 11:21:49,ru2401P11000,ru2401P11000,66.0,0.0,0.0,0.0,8,64.0,69.0,8,81.0,80.0,80.0,66.0,16.0,11300.0,255
2023-05-10 11:22:05,ru2401P11000,ru2401P11000,66.0,0.0,0.0,0.0,10,64.0,69.0,8,81.0,80.0,80.0,66.0,16.0,11300.0,255
2023-05-10 11:22:10,ru2401P11000,ru2401P11000,66.0,0.0,0.0,0.0,8,64.0,69.0,8,81.0,80.0,80.0,66.0,16.0,11300.0,255
2023-05-10 11:22:12,ru2401P11000,ru2401P11000,66.0,0.0,0.0,0.0,8,64.0,68.0,2,81.0,80.0,80.0,66.0,16.0,11300.0,255
2023-05-10 11:22:13,ru2401P11000,ru2401P11000,66.0,0.0,0.0,0.0,6,64.0,68.0,4,81.0,80.0,80.0,66.0,16.0,11300.0,255
2023-05-10 11:22:13,ru2401P11000,ru2401P11000,66.0,0.0,0.0,0.0,6,64.0,68.0,6,81.0,80.0,80.0,66.0,16.0,11300.0,255
2023-05-10 11:22:14,ru2401P11000,ru2401P11000,66.0,0.0,0.0,0.0,8,64.0,68.0,8,81.0,80.0,80.0,66.0,16.0,11300.0,255
2023-05-10 11:22:22,ru2401P11000,ru2401P11000,66.0,0.0,0.0,0.0,8,64.0,68.0,6,81.0,80.0,80.0,66.0,16.0,11300.0,255
2023-05-10 11:22:23,ru2401P11000,ru2401P11000,66.0,0.0,0.0,0.0,8,64.0,68.0,8,81.0,80.0,80.0,66.0,16.0,11300.0,255
2023-05-10 11:22:25,ru2401P11000,ru2401P11000,66.0,0.0,0.0,0.0,8,64.0,68.0,6,81.0,80.0,80.0,66.0,16.0,11300.0,255
2023-05-10 11:22:25,ru2401P11000,ru2401P11000,66.0,0.0,0.0,0.0,10,64.0,68.0,6,81.0,80.0,80.0,66.0,16.0,11300.0,255
2023-05-10 11:22:26,ru2401P11000,ru2401P11000,66.0,0.0,0.0,0.0,10,64.0,68.0,8,81.0,80.0,80.0,66.0,16.0,11300.0,255
2023-05-10 11:22:35,ru2401P11000,ru2401P11000,66.0,0.0,0.0,0.0,8,64.0,68.0,8,81.0,80.0,80.0,66.0,16.0,11300.0,255
2023-05-10 11:22:40,ru2401P11000,ru2401P11000,66.0,0.0,0.0,0.0,8,64.0,68.0,6,81.0,80.0,80.0,66.0,16.0,11300.0,255
2023-05-10 11:22:45,ru2401P11000,ru2401P11000,66.0,0.0,0.0,0.0,10,64.0,68.0,6,81.0,80.0,80.0,66.0,16.0,11300.0,255
2023-05-10 11:22:48,ru2401P11000,ru2401P11000,66.0,0.0,0.0,0.0,12,64.0,68.0,8,81.0,80.0,80.0,66.0,16.0,11300.0,255
2023-05-10 11:22:51,ru2401P11000,ru2401P11000,66.0,0.0,0.0,0.0,10,64.0,68.0,6,81.0,80.0,80.0,66.0,16.0,11300.0,255
2023-05-10 11:22:53,ru2401P11000,ru2401P11000,66.0,0.0,0.0,0.0,10,64.0,68.0,6,81.0,80.0,80.0,66.0,16.0,11300.0,255
2023-05-10 11:22:55,ru2401P11000,ru2401P11000,66.0,0.0,0.0,0.0,10,64.0,68.0,6,81.0,80.0,80.0,66.0,16.0,11300.0,255
2023-05-10 11:23:04,ru2401P11000,ru2401P11000,66.0,0.0,0.0,0.0,10,64.0,68.0,6,81.0,80.0,80.0,66.0,16.0,11300.0,255
2023-05-10 11:23:11,ru2401P11000,ru2401P11000,66.0,0.0,0.0,0.0,8,64.0,68.0,6,81.0,80.0,80.0,66.0,16.0,11300.0,255
2023-05-10 11:23:12,ru2401P11000,ru2401P11000,66.0,0.0,0.0,0.0,8,64.0,68.0,6,81.0,80.0,80.0,66.0,16.0,11300.0,255
2023-05-10 11:23:15,ru2401P11000,ru2401P11000,66.0,0.0,0.0,0.0,10,64.0,68.0,6,81.0,80.0,80.0,66.0,16.0,11300.0,255
2023-05-10 11:23:18,ru2401P11000,ru2401P11000,66.0,0.0,0.0,0.0,10,64.0,68.0,6,81.0,80.0,80.0,66.0,16.0,11300.0,255
2023-05-10 11:23:19,ru2401P11000,ru2401P11000,66.0,0.0,0.0,0.0,10,64.0,68.0,6,81.0,80.0,80.0,66.0,16.0,11300.0,255
2023-05-10 11:23:19,ru2401P11000,ru2401P11000,66.0,0.0,0.0,0.0,10,64.0,68.0,6,81.0,80.0,80.0,66.0,16.0,11300.0,255
2023-05-10 11:23:23,ru2401P11000,ru2401P11000,66.0,0.0,0.0,0.0,10,64.0,68.0,6,81.0,80.0,80.0,66.0,16.0,11300.0,255
2023-05-10 11:23:24,ru2401P11000,ru2401P11000,66.0,0.0,0.0,0.0,10,64.0,68.0,6,81.0,80.0,80.0,66.0,16.0,11300.0,255
2023-05-10 11:23:25,ru2401P11000,ru2401P11000,66.0,0.0,0.0,0.0,10,64.0,68.0,6,81.0,80.0,80.0,66.0,16.0,11300.0,255
2023-05-10 11:23:30,ru2401P11000,ru2401P11000,66.0,0.0,0.0,0.0,10,64.0,68.0,4,81.0,80.0,80.0,66.0,16.0,11300.0,255
2023-05-10 11:23:30,ru2401P11000,ru2401P11000,66.0,0.0,0.0,0.0,8,64.0,69.0,6,81.0,80.0,80.0,66.0,16.0,11300.0,255
2023-05-10 11:23:31,ru2401P11000,ru2401P11000,66.0,0.0,0.0,0.0,10,64.0,69.0,8,81.0,80.0,80.0,66.0,16.0,11300.0,255
2023-05-10 11:23:38,ru2401P11000,ru2401P11000,66.0,0.0,0.0,0.0,2,65.0,69.0,8,81.0,80.0,80.0,66.0,16.0,11300.0,255
2023-05-10 11:23:39,ru2401P11000,ru2401P11000,66.0,0.0,0.0,0.0,4,65.0,69.0,6,81.0,80.0,80.0,66.0,16.0,11300.0,255
2023-05-10 11:23:39,ru2401P11000,ru2401P11000,66.0,0.0,0.0,0.0,6,65.0,69.0,8,81.0,80.0,80.0,66.0,16.0,11300.0,255
2023-05-10 11:24:05,ru2401P11000,ru2401P11000,66.0,0.0,0.0,0.0,6,65.0,69.0,8,81.0,80.0,80.0,66.0,16.0,11300.0,255
2023-05-10 11:24:10,ru2401P11000,ru2401P11000,66.0,0.0,0.0,0.0,6,65.0,69.0,8,81.0,80.0,80.0,66.0,16.0,11300.0,255
2023-05-10 11:24:15,ru2401P11000,ru2401P11000,66.0,0.0,0.0,0.0,6,65.0,69.0,8,81.0,80.0,80.0,66.0,16.0,11300.0,255
2023-05-10 11:24:21,ru2401P11000,ru2401P11000,66.0,0.0,0.0,0.0,6,65.0,69.0,8,81.0,80.0,80.0,66.0,16.0,11300.0,255
2023-05-10 11:24:35,ru2401P11000,ru2401P11000,66.0,0.0,0.0,0.0,6,65.0,69.0,6,81.0,80.0,80.0,66.0,16.0,11300.0,255
2023-05-10 11:24:35,ru2401P11000,ru2401P11000,66.0,0.0,0.0,0.0,6,65.0,69.0,6,81.0,80.0,80.0,66.0,16.0,11300.0,255
2023-05-10 11:24:37,ru2401P11000,ru2401P11000,66.0,0.0,0.0,0.0,6,65.0,69.0,6,81.0,80.0,80.0,66.0,16.0,11300.0,255
2023-05-10 11:24:38,ru2401P11000,ru2401P11000,66.0,0.0,0.0,0.0,6,65.0,69.0,6,81.0,80.0,80.0,66.0,16.0,11300.0,255
2023-05-10 11:24:41,ru2401P11000,ru2401P11000,66.0,0.0,0.0,0.0,8,65.0,69.0,6,81.0,80.0,80.0,66.0,16.0,11300.0,255
2023-05-10 11:24:44,ru2401P11000,ru2401P11000,66.0,0.0,0.0,0.0,8,65.0,69.0,6,81.0,80.0,80.0,66.0,16.0,11300.0,255
2023-05-10 11:24:44,ru2401P11000,ru2401P11000,66.0,0.0,0.0,0.0,8,65.0,69.0,6,81.0,80.0,80.0,66.0,16.0,11300.0,255
2023-05-10 11:24:45,ru2401P11000,ru2401P11000,66.0,0.0,0.0,0.0,8,65.0,69.0,6,81.0,80.0,80.0,66.0,16.0,11300.0,255
2023-05-10 11:24:47,ru2401P11000,ru2401P11000,66.0,0.0,0.0,0.0,8,65.0,69.0,6,81.0,80.0,80.0,66.0,16.0,11300.0,255
2023-05-10 11:24:49,ru2401P11000,ru2401P11000,66.0,0.0,0.0,0.0,8,65.0,69.0,6,81.0,80.0,80.0,66.0,16.0,11300.0,255
2023-05-10 11:24:49,ru2401P11000,ru2401P11000,66.0,0.0,0.0,0.0,8,65.0,69.0,6,81.0,80.0,80.0,66.0,16.0,11300.0,255
2023-05-10 11:24:50,ru2401P11000,ru2401P11000,66.0,0.0,0.0,0.0,6,65.0,69.0,6,81.0,80.0,80.0,66.0,16.0,11300.0,255
2023-05-10 11:24:56,ru2401P11000,ru2401P11000,66.0,0.0,0.0,0.0,6,65.0,69.0,6,81.0,80.0,80.0,66.0,16.0,11300.0,255
2023-05-10 11:25:00,ru2401P11000,ru2401P11000,66.0,0.0,0.0,0.0,6,65.0,69.0,6,81.0,80.0,80.0,66.0,16.0,11300.0,255
2023-05-10 11:25:01,ru2401P11000,ru2401P11000,66.0,0.0,0.0,0.0,8,65.0,69.0,6,81.0,80.0,80.0,66.0,16.0,11300.0,255
2023-05-10 11:25:05,ru2401P11000,ru2401P11000,66.0,0.0,0.0,0.0,8,65.0,69.0,6,81.0,80.0,80.0,66.0,16.0,11300.0,255
2023-05-10 11:25:05,ru2401P11000,ru2401P11000,66.0,0.0,0.0,0.0,8,65.0,69.0,6,81.0,80.0,80.0,66.0,16.0,11300.0,255
2023-05-10 11:25:09,ru2401P11000,ru2401P11000,66.0,0.0,0.0,0.0,8,65.0,69.0,6,81.0,80.0,80.0,66.0,16.0,11300.0,255
2023-05-10 11:25:10,ru2401P11000,ru2401P11000,66.0,0.0,0.0,0.0,8,65.0,69.0,6,81.0,80.0,80.0,66.0,16.0,11300.0,255
2023-05-10 11:25:15,ru2401P11000,ru2401P11000,66.0,0.0,0.0,0.0,8,65.0,69.0,4,81.0,80.0,80.0,66.0,16.0,11300.0,255
2023-05-10 11:25:15,ru2401P11000,ru2401P11000,66.0,0.0,0.0,0.0,6,65.0,69.0,2,81.0,80.0,80.0,66.0,16.0,11300.0,255
2023-05-10 11:25:16,ru2401P11000,ru2401P11000,66.0,0.0,0.0,0.0,6,65.0,70.0,6,81.0,80.0,80.0,66.0,16.0,11300.0,255
2023-05-10 11:25:16,ru2401P11000,ru2401P11000,66.0,0.0,0.0,0.0,6,65.0,70.0,6,81.0,80.0,80.0,66.0,16.0,11300.0,255
2023-05-10 11:25:18,ru2401P11000,ru2401P11000,66.0,0.0,0.0,0.0,8,65.0,70.0,8,81.0,80.0,80.0,66.0,16.0,11300.0,255
2023-05-10 11:25:18,ru2401P11000,ru2401P11000,66.0,0.0,0.0,0.0,8,65.0,70.0,8,81.0,80.0,80.0,66.0,16.0,11300.0,255
2023-05-10 11:25:19,ru2401P11000,ru2401P11000,66.0,0.0,0.0,0.0,8,65.0,70.0,8,81.0,80.0,80.0,66.0,16.0,11300.0,255
2023-05-10 11:25:19,ru2401P11000,ru2401P11000,66.0,0.0,0.0,0.0,8,65.0,70.0,8,81.0,80.0,80.0,66.0,16.0,11300.0,255
2023-05-10 11:25:20,ru2401P11000,ru2401P11000,66.0,0.0,0.0,0.0,8,65.0,70.0,8,81.0,80.0,80.0,66.0,16.0,11300.0,255
2023-05-10 11:25:29,ru2401P11000,ru2401P11000,66.0,0.0,0.0,0.0,8,65.0,70.0,8,81.0,80.0,80.0,66.0,16.0,11300.0,255
2023-05-10 11:25:30,ru2401P11000,ru2401P11000,66.0,0.0,0.0,0.0,8,65.0,70.0,8,81.0,80.0,80.0,66.0,16.0,11300.0,255
2023-05-10 11:25:41,ru2401P11000,ru2401P11000,66.0,0.0,0.0,0.0,8,65.0,70.0,8,81.0,80.0,80.0,66.0,16.0,11300.0,255
2023-05-10 11:25:42,ru2401P11000,ru2401P11000,66.0,0.0,0.0,0.0,8,65.0,70.0,8,81.0,80.0,80.0,66.0,16.0,11300.0,255
2023-05-10 11:25:42,ru2401P11000,ru2401P11000,66.0,0.0,0.0,0.0,8,65.0,70.0,8,81.0,80.0,80.0,66.0,16.0,11300.0,255
2023-05-10 11:25:43,ru2401P11000,ru2401P11000,66.0,0.0,0.0,0.0,8,65.0,70.0,8,81.0,80.0,80.0,66.0,16.0,11300.0,255
2023-05-10 11:25:43,ru2401P11000,ru2401P11000,66.0,0.0,0.0,0.0,8,65.0,70.0,8,81.0,80.0,80.0,66.0,16.0,11300.0,255
2023-05-10 11:25:44,ru2401P11000,ru2401P11000,66.0,0.0,0.0,0.0,8,65.0,70.0,8,81.0,80.0,80.0,66.0,16.0,11300.0,255
2023-05-10 11:25:49,ru2401P11000,ru2401P11000,66.0,0.0,0.0,0.0,8,65.0,70.0,8,81.0,80.0,80.0,66.0,16.0,11300.0,255
2023-05-10 11:25:49,ru2401P11000,ru2401P11000,66.0,0.0,0.0,0.0,2,66.0,70.0,8,81.0,80.0,80.0,66.0,16.0,11300.0,255
2023-05-10 11:25:50,ru2401P11000,ru2401P11000,66.0,0.0,0.0,0.0,4,66.0,70.0,6,81.0,80.0,80.0,66.0,16.0,11300.0,255
2023-05-10 11:25:50,ru2401P11000,ru2401P11000,66.0,0.0,0.0,0.0,6,66.0,70.0,8,81.0,80.0,80.0,66.0,16.0,11300.0,255
2023-05-10 11:26:00,ru2401P11000,ru2401P11000,66.0,0.0,0.0,0.0,6,66.0,70.0,8,81.0,80.0,80.0,66.0,16.0,11300.0,255
2023-05-10 11:26:01,ru2401P11000,ru2401P11000,66.0,0.0,0.0,0.0,6,66.0,70.0,8,81.0,80.0,80.0,66.0,16.0,11300.0,255
2023-05-10 11:26:05,ru2401P11000,ru2401P11000,66.0,0.0,0.0,0.0,6,66.0,70.0,8,81.0,80.0,80.0,66.0,16.0,11300.0,255
2023-05-10 11:26:06,ru2401P11000,ru2401P11000,66.0,0.0,0.0,0.0,6,66.0,70.0,8,81.0,80.0,80.0,66.0,16.0,11300.0,255
2023-05-10 11:26:27,ru2401P11000,ru2401P11000,66.0,0.0,0.0,0.0,4,66.0,70.0,8,81.0,80.0,80.0,66.0,16.0,11300.0,255
2023-05-10 11:26:28,ru2401P11000,ru2401P11000,66.0,0.0,0.0,0.0,2,66.0,70.0,6,81.0,80.0,80.0,66.0,16.0,11300.0,255
2023-05-10 11:26:28,ru2401P11000,ru2401P11000,66.0,0.0,0.0,0.0,4,66.0,70.0,6,81.0,80.0,80.0,66.0,16.0,11300.0,255
2023-05-10 11:26:29,ru2401P11000,ru2401P11000,66.0,0.0,0.0,0.0,6,66.0,70.0,8,81.0,80.0,80.0,66.0,16.0,11300.0,255
2023-05-10 11:26:55,ru2401P11000,ru2401P11000,66.0,0.0,0.0,0.0,6,66.0,70.0,8,81.0,80.0,80.0,66.0,16.0,11300.0,255
2023-05-10 11:26:56,ru2401P11000,ru2401P11000,66.0,0.0,0.0,0.0,6,66.0,70.0,8,81.0,80.0,80.0,66.0,16.0,11300.0,255
2023-05-10 11:26:56,ru2401P11000,ru2401P11000,66.0,0.0,0.0,0.0,8,66.0,70.0,8,81.0,80.0,80.0,66.0,16.0,11300.0,255
2023-05-10 11:27:36,ru2401P11000,ru2401P11000,66.0,0.0,0.0,0.0,8,66.0,70.0,8,81.0,80.0,80.0,66.0,16.0,11300.0,255
2023-05-10 11:27:37,ru2401P11000,ru2401P11000,66.0,0.0,0.0,0.0,8,66.0,70.0,8,81.0,80.0,80.0,66.0,16.0,11300.0,255
2023-05-10 11:27:46,ru2401P11000,ru2401P11000,66.0,0.0,0.0,0.0,10,66.0,70.0,8,81.0,80.0,80.0,66.0,16.0,11300.0,255
2023-05-10 11:27:46,ru2401P11000,ru2401P11000,66.0,0.0,0.0,0.0,8,66.0,70.0,8,81.0,80.0,80.0,66.0,16.0,11300.0,255
2023-05-10 11:27:54,ru2401P11000,ru2401P11000,66.0,0.0,0.0,0.0,10,66.0,70.0,8,81.0,80.0,80.0,66.0,16.0,11300.0,255
2023-05-10 11:27:57,ru2401P11000,ru2401P11000,66.0,0.0,0.0,0.0,8,66.0,70.0,8,81.0,80.0,80.0,66.0,16.0,11300.0,255
2023-05-10 11:28:01,ru2401P11000,ru2401P11000,66.0,0.0,0.0,0.0,10,66.0,70.0,8,81.0,80.0,80.0,66.0,16.0,11300.0,255
2023-05-10 11:28:06,ru2401P11000,ru2401P11000,66.0,0.0,0.0,0.0,10,66.0,70.0,8,81.0,80.0,80.0,66.0,16.0,11300.0,255
2023-05-10 11:28:07,ru2401P11000,ru2401P11000,66.0,0.0,0.0,0.0,10,66.0,70.0,8,81.0,80.0,80.0,66.0,16.0,11300.0,255
2023-05-10 11:28:13,ru2401P11000,ru2401P11000,66.0,0.0,0.0,0.0,10,66.0,70.0,8,81.0,80.0,80.0,66.0,16.0,11300.0,255
2023-05-10 11:28:14,ru2401P11000,ru2401P11000,66.0,0.0,0.0,0.0,10,66.0,70.0,8,81.0,80.0,80.0,66.0,16.0,11300.0,255
2023-05-10 11:28:18,ru2401P11000,ru2401P11000,66.0,0.0,0.0,0.0,8,66.0,70.0,8,81.0,80.0,80.0,66.0,16.0,11300.0,255
2023-05-10 11:28:20,ru2401P11000,ru2401P11000,66.0,0.0,0.0,0.0,10,66.0,70.0,8,81.0,80.0,80.0,66.0,16.0,11300.0,255
2023-05-10 11:28:22,ru2401P11000,ru2401P11000,66.0,0.0,0.0,0.0,8,66.0,70.0,8,81.0,80.0,80.0,66.0,16.0,11300.0,255
2023-05-10 11:28:24,ru2401P11000,ru2401P11000,66.0,0.0,0.0,0.0,10,66.0,70.0,8,81.0,80.0,80.0,66.0,16.0,11300.0,255
2023-05-10 11:28:30,ru2401P11000,ru2401P11000,66.0,0.0,0.0,0.0,10,66.0,70.0,8,81.0,80.0,80.0,66.0,16.0,11300.0,255
2023-05-10 11:28:31,ru2401P11000,ru2401P11000,66.0,0.0,0.0,0.0,8,66.0,70.0,6,81.0,80.0,80.0,66.0,16.0,11300.0,255
2023-05-10 11:28:32,ru2401P11000,ru2401P11000,66.0,0.0,0.0,0.0,8,66.0,70.0,6,81.0,80.0,80.0,66.0,16.0,11300.0,255
2023-05-10 11:28:32,ru2401P11000,ru2401P11000,66.0,0.0,0.0,0.0,8,66.0,70.0,6,81.0,80.0,80.0,66.0,16.0,11300.0,255
2023-05-10 11:28:34,ru2401P11000,ru2401P11000,66.0,0.0,0.0,0.0,6,66.0,70.0,6,81.0,80.0,80.0,66.0,16.0,11300.0,255
2023-05-10 11:28:37,ru2401P11000,ru2401P11000,66.0,0.0,0.0,0.0,8,66.0,70.0,6,81.0,80.0,80.0,66.0,16.0,11300.0,255
2023-05-10 11:28:52,ru2401P11000,ru2401P11000,66.0,0.0,0.0,0.0,6,66.0,70.0,6,81.0,80.0,80.0,66.0,16.0,11300.0,255
2023-05-10 11:28:53,ru2401P11000,ru2401P11000,66.0,0.0,0.0,0.0,8,66.0,70.0,6,81.0,80.0,80.0,66.0,16.0,11300.0,255
2023-05-10 11:28:55,ru2401P11000,ru2401P11000,66.0,0.0,0.0,0.0,8,66.0,70.0,6,81.0,80.0,80.0,66.0,16.0,11300.0,255
2023-05-10 11:28:56,ru2401P11000,ru2401P11000,66.0,0.0,0.0,0.0,6,66.0,70.0,6,81.0,80.0,80.0,66.0,16.0,11300.0,255
2023-05-10 11:29:00,ru2401P11000,ru2401P11000,66.0,0.0,0.0,0.0,4,66.0,70.0,6,81.0,80.0,80.0,66.0,16.0,11300.0,255
2023-05-10 11:29:01,ru2401P11000,ru2401P11000,66.0,0.0,0.0,0.0,4,66.0,70.0,4,81.0,80.0,80.0,66.0,16.0,11300.0,255
2023-05-10 11:29:02,ru2401P11000,ru2401P11000,66.0,0.0,0.0,0.0,2,66.0,70.0,4,81.0,80.0,80.0,66.0,16.0,11300.0,255
2023-05-10 11:29:03,ru2401P11000,ru2401P11000,66.0,0.0,0.0,0.0,4,65.0,70.0,2,81.0,80.0,80.0,66.0,16.0,11300.0,255
2023-05-10 11:29:05,ru2401P11000,ru2401P11000,66.0,0.0,0.0,0.0,4,65.0,70.0,2,81.0,80.0,80.0,66.0,16.0,11300.0,255
2023-05-10 11:29:10,ru2401P11000,ru2401P11000,66.0,0.0,0.0,0.0,2,66.0,70.0,2,81.0,80.0,80.0,66.0,16.0,11300.0,255
2023-05-10 11:29:10,ru2401P11000,ru2401P11000,66.0,0.0,0.0,0.0,4,66.0,70.0,4,81.0,80.0,80.0,66.0,16.0,11300.0,255
2023-05-10 11:29:23,ru2401P11000,ru2401P11000,66.0,0.0,0.0,0.0,4,66.0,70.0,2,81.0,80.0,80.0,66.0,16.0,11300.0,255
2023-05-10 11:29:23,ru2401P11000,ru2401P11000,66.0,0.0,0.0,0.0,4,66.0,70.0,4,81.0,80.0,80.0,66.0,16.0,11300.0,255
2023-05-10 11:29:31,ru2401P11000,ru2401P11000,66.0,0.0,0.0,0.0,88,60.0,81.0,1,81.0,80.0,80.0,66.0,16.0,11300.0,255
2023-05-10 11:29:32,ru2401P11000,ru2401P11000,66.0,0.0,0.0,0.0,1,61.0,80.0,1,81.0,80.0,80.0,66.0,16.0,11300.0,255
2023-05-10 11:29:33,ru2401P11000,ru2401P11000,66.0,0.0,0.0,0.0,88,60.0,81.0,1,81.0,80.0,80.0,66.0,16.0,11300.0,255
