time,symbol_id,symbol_name,last,trade_volume,trade_amount,open_interest_change,bv1,bp1,ap1,av1,yesterday_close,today_open,today_high,today_low,volume,amount,open_interest
2023-05-09 20:59:00,ru2401P12000,ru2401P12000,268.0,0.0,0.0,0.0,5,80.0,860.0,1,268.0,205.0,0.0,0.0,0.0,0.0,60
2023-05-09 21:00:08,ru2401P12000,ru2401P12000,268.0,0.0,0.0,0.0,1,81.0,859.0,1,268.0,205.0,0.0,0.0,0.0,0.0,60
2023-05-09 21:01:14,ru2401P12000,ru2401P12000,268.0,0.0,0.0,0.0,2,82.0,859.0,1,268.0,205.0,0.0,0.0,0.0,0.0,60
2023-05-09 21:01:15,ru2401P12000,ru2401P12000,268.0,0.0,0.0,0.0,2,82.0,859.0,1,268.0,205.0,0.0,0.0,0.0,0.0,60
2023-05-09 21:01:15,ru2401P12000,ru2401P12000,268.0,0.0,0.0,0.0,1,83.0,859.0,1,268.0,205.0,0.0,0.0,0.0,0.0,60
2023-05-09 21:01:59,ru2401P12000,ru2401P12000,268.0,0.0,0.0,0.0,2,84.0,859.0,1,268.0,205.0,0.0,0.0,0.0,0.0,60
2023-05-09 21:02:00,ru2401P12000,ru2401P12000,268.0,0.0,0.0,0.0,2,84.0,859.0,1,268.0,205.0,0.0,0.0,0.0,0.0,60
2023-05-09 21:02:00,ru2401P12000,ru2401P12000,268.0,0.0,0.0,0.0,1,85.0,859.0,1,268.0,205.0,0.0,0.0,0.0,0.0,60
2023-05-09 21:02:12,ru2401P12000,ru2401P12000,268.0,0.0,0.0,0.0,1,85.0,859.0,1,268.0,205.0,0.0,0.0,0.0,0.0,60
2023-05-09 21:02:13,ru2401P12000,ru2401P12000,268.0,0.0,0.0,0.0,2,86.0,859.0,1,268.0,205.0,0.0,0.0,0.0,0.0,60
2023-05-09 21:02:13,ru2401P12000,ru2401P12000,268.0,0.0,0.0,0.0,2,86.0,859.0,1,268.0,205.0,0.0,0.0,0.0,0.0,60
2023-05-09 21:02:14,ru2401P12000,ru2401P12000,268.0,0.0,0.0,0.0,1,87.0,859.0,1,268.0,205.0,0.0,0.0,0.0,0.0,60
2023-05-09 21:02:16,ru2401P12000,ru2401P12000,268.0,0.0,0.0,0.0,2,88.0,859.0,1,268.0,205.0,0.0,0.0,0.0,0.0,60
2023-05-09 21:02:17,ru2401P12000,ru2401P12000,268.0,0.0,0.0,0.0,2,88.0,859.0,1,268.0,205.0,0.0,0.0,0.0,0.0,60
2023-05-09 21:02:17,ru2401P12000,ru2401P12000,268.0,0.0,0.0,0.0,1,89.0,859.0,1,268.0,205.0,0.0,0.0,0.0,0.0,60
2023-05-09 21:02:19,ru2401P12000,ru2401P12000,268.0,0.0,0.0,0.0,2,90.0,859.0,1,268.0,205.0,0.0,0.0,0.0,0.0,60
2023-05-09 21:02:20,ru2401P12000,ru2401P12000,268.0,0.0,0.0,0.0,2,90.0,859.0,1,268.0,205.0,0.0,0.0,0.0,0.0,60
2023-05-09 21:02:20,ru2401P12000,ru2401P12000,268.0,0.0,0.0,0.0,1,91.0,859.0,1,268.0,205.0,0.0,0.0,0.0,0.0,60
2023-05-09 21:02:22,ru2401P12000,ru2401P12000,268.0,0.0,0.0,0.0,1,91.0,859.0,1,268.0,205.0,0.0,0.0,0.0,0.0,60
2023-05-09 21:02:22,ru2401P12000,ru2401P12000,268.0,0.0,0.0,0.0,2,92.0,859.0,1,268.0,205.0,0.0,0.0,0.0,0.0,60
2023-05-09 21:02:23,ru2401P12000,ru2401P12000,268.0,0.0,0.0,0.0,2,92.0,859.0,1,268.0,205.0,0.0,0.0,0.0,0.0,60
2023-05-09 21:02:23,ru2401P12000,ru2401P12000,268.0,0.0,0.0,0.0,1,93.0,859.0,1,268.0,205.0,0.0,0.0,0.0,0.0,60
2023-05-09 21:02:25,ru2401P12000,ru2401P12000,268.0,0.0,0.0,0.0,1,93.0,859.0,1,268.0,205.0,0.0,0.0,0.0,0.0,60
2023-05-09 21:02:25,ru2401P12000,ru2401P12000,268.0,0.0,0.0,0.0,2,94.0,859.0,1,268.0,205.0,0.0,0.0,0.0,0.0,60
2023-05-09 21:02:26,ru2401P12000,ru2401P12000,268.0,0.0,0.0,0.0,2,94.0,859.0,1,268.0,205.0,0.0,0.0,0.0,0.0,60
2023-05-09 21:02:26,ru2401P12000,ru2401P12000,268.0,0.0,0.0,0.0,1,95.0,859.0,1,268.0,205.0,0.0,0.0,0.0,0.0,60
2023-05-09 21:02:28,ru2401P12000,ru2401P12000,268.0,0.0,0.0,0.0,1,95.0,859.0,1,268.0,205.0,0.0,0.0,0.0,0.0,60
2023-05-09 21:02:28,ru2401P12000,ru2401P12000,268.0,0.0,0.0,0.0,2,96.0,859.0,1,268.0,205.0,0.0,0.0,0.0,0.0,60
2023-05-09 21:02:29,ru2401P12000,ru2401P12000,268.0,0.0,0.0,0.0,2,96.0,859.0,1,268.0,205.0,0.0,0.0,0.0,0.0,60
2023-05-09 21:02:29,ru2401P12000,ru2401P12000,268.0,0.0,0.0,0.0,1,97.0,859.0,1,268.0,205.0,0.0,0.0,0.0,0.0,60
2023-05-09 21:02:30,ru2401P12000,ru2401P12000,268.0,0.0,0.0,0.0,1,97.0,859.0,1,268.0,205.0,0.0,0.0,0.0,0.0,60
2023-05-09 21:02:30,ru2401P12000,ru2401P12000,268.0,0.0,0.0,0.0,2,98.0,859.0,1,268.0,205.0,0.0,0.0,0.0,0.0,60
2023-05-09 21:02:31,ru2401P12000,ru2401P12000,268.0,0.0,0.0,0.0,2,98.0,859.0,1,268.0,205.0,0.0,0.0,0.0,0.0,60
2023-05-09 21:02:31,ru2401P12000,ru2401P12000,268.0,0.0,0.0,0.0,1,99.0,859.0,1,268.0,205.0,0.0,0.0,0.0,0.0,60
2023-05-09 21:02:32,ru2401P12000,ru2401P12000,268.0,0.0,0.0,0.0,2,100.0,859.0,1,268.0,205.0,0.0,0.0,0.0,0.0,60
2023-05-09 21:02:33,ru2401P12000,ru2401P12000,268.0,0.0,0.0,0.0,2,100.0,859.0,1,268.0,205.0,0.0,0.0,0.0,0.0,60
2023-05-09 21:02:33,ru2401P12000,ru2401P12000,268.0,0.0,0.0,0.0,1,101.0,859.0,1,268.0,205.0,0.0,0.0,0.0,0.0,60
2023-05-09 21:02:34,ru2401P12000,ru2401P12000,268.0,0.0,0.0,0.0,1,101.0,859.0,1,268.0,205.0,0.0,0.0,0.0,0.0,60
2023-05-09 21:02:34,ru2401P12000,ru2401P12000,268.0,0.0,0.0,0.0,2,102.0,859.0,1,268.0,205.0,0.0,0.0,0.0,0.0,60
2023-05-09 21:02:35,ru2401P12000,ru2401P12000,268.0,0.0,0.0,0.0,2,102.0,859.0,1,268.0,205.0,0.0,0.0,0.0,0.0,60
2023-05-09 21:02:35,ru2401P12000,ru2401P12000,268.0,0.0,0.0,0.0,1,103.0,859.0,1,268.0,205.0,0.0,0.0,0.0,0.0,60
2023-05-09 21:02:36,ru2401P12000,ru2401P12000,268.0,0.0,0.0,0.0,2,104.0,859.0,1,268.0,205.0,0.0,0.0,0.0,0.0,60
2023-05-09 21:02:36,ru2401P12000,ru2401P12000,268.0,0.0,0.0,0.0,2,104.0,859.0,1,268.0,205.0,0.0,0.0,0.0,0.0,60
2023-05-09 21:02:37,ru2401P12000,ru2401P12000,268.0,0.0,0.0,0.0,1,105.0,859.0,1,268.0,205.0,0.0,0.0,0.0,0.0,60
2023-05-09 21:02:38,ru2401P12000,ru2401P12000,268.0,0.0,0.0,0.0,2,106.0,859.0,1,268.0,205.0,0.0,0.0,0.0,0.0,60
2023-05-09 21:02:38,ru2401P12000,ru2401P12000,268.0,0.0,0.0,0.0,2,106.0,859.0,1,268.0,205.0,0.0,0.0,0.0,0.0,60
2023-05-09 21:02:39,ru2401P12000,ru2401P12000,268.0,0.0,0.0,0.0,1,107.0,859.0,1,268.0,205.0,0.0,0.0,0.0,0.0,60
2023-05-09 21:02:40,ru2401P12000,ru2401P12000,268.0,0.0,0.0,0.0,2,108.0,859.0,1,268.0,205.0,0.0,0.0,0.0,0.0,60
2023-05-09 21:02:40,ru2401P12000,ru2401P12000,268.0,0.0,0.0,0.0,2,108.0,859.0,1,268.0,205.0,0.0,0.0,0.0,0.0,60
2023-05-09 21:02:41,ru2401P12000,ru2401P12000,268.0,0.0,0.0,0.0,1,109.0,859.0,1,268.0,205.0,0.0,0.0,0.0,0.0,60
2023-05-09 21:02:41,ru2401P12000,ru2401P12000,268.0,0.0,0.0,0.0,1,109.0,859.0,1,268.0,205.0,0.0,0.0,0.0,0.0,60
2023-05-09 21:02:42,ru2401P12000,ru2401P12000,268.0,0.0,0.0,0.0,2,110.0,859.0,1,268.0,205.0,0.0,0.0,0.0,0.0,60
2023-05-09 21:02:42,ru2401P12000,ru2401P12000,268.0,0.0,0.0,0.0,2,110.0,859.0,1,268.0,205.0,0.0,0.0,0.0,0.0,60
2023-05-09 21:02:43,ru2401P12000,ru2401P12000,268.0,0.0,0.0,0.0,1,111.0,859.0,1,268.0,205.0,0.0,0.0,0.0,0.0,60
2023-05-09 21:02:43,ru2401P12000,ru2401P12000,268.0,0.0,0.0,0.0,1,111.0,859.0,1,268.0,205.0,0.0,0.0,0.0,0.0,60
2023-05-09 21:02:44,ru2401P12000,ru2401P12000,268.0,0.0,0.0,0.0,2,112.0,859.0,1,268.0,205.0,0.0,0.0,0.0,0.0,60
2023-05-09 21:02:44,ru2401P12000,ru2401P12000,268.0,0.0,0.0,0.0,2,112.0,859.0,1,268.0,205.0,0.0,0.0,0.0,0.0,60
2023-05-09 21:02:45,ru2401P12000,ru2401P12000,268.0,0.0,0.0,0.0,1,113.0,859.0,1,268.0,205.0,0.0,0.0,0.0,0.0,60
2023-05-09 21:02:46,ru2401P12000,ru2401P12000,268.0,0.0,0.0,0.0,2,114.0,859.0,1,268.0,205.0,0.0,0.0,0.0,0.0,60
2023-05-09 21:02:46,ru2401P12000,ru2401P12000,268.0,0.0,0.0,0.0,2,114.0,859.0,1,268.0,205.0,0.0,0.0,0.0,0.0,60
2023-05-09 21:02:47,ru2401P12000,ru2401P12000,268.0,0.0,0.0,0.0,1,115.0,859.0,1,268.0,205.0,0.0,0.0,0.0,0.0,60
2023-05-09 21:02:47,ru2401P12000,ru2401P12000,268.0,0.0,0.0,0.0,1,115.0,859.0,1,268.0,205.0,0.0,0.0,0.0,0.0,60
2023-05-09 21:02:48,ru2401P12000,ru2401P12000,268.0,0.0,0.0,0.0,2,116.0,859.0,1,268.0,205.0,0.0,0.0,0.0,0.0,60
2023-05-09 21:02:48,ru2401P12000,ru2401P12000,268.0,0.0,0.0,0.0,2,116.0,859.0,1,268.0,205.0,0.0,0.0,0.0,0.0,60
2023-05-09 21:02:49,ru2401P12000,ru2401P12000,268.0,0.0,0.0,0.0,1,117.0,859.0,1,268.0,205.0,0.0,0.0,0.0,0.0,60
2023-05-09 21:02:49,ru2401P12000,ru2401P12000,268.0,0.0,0.0,0.0,1,117.0,859.0,1,268.0,205.0,0.0,0.0,0.0,0.0,60
2023-05-09 21:02:50,ru2401P12000,ru2401P12000,268.0,0.0,0.0,0.0,2,118.0,859.0,1,268.0,205.0,0.0,0.0,0.0,0.0,60
2023-05-09 21:02:50,ru2401P12000,ru2401P12000,268.0,0.0,0.0,0.0,2,118.0,859.0,1,268.0,205.0,0.0,0.0,0.0,0.0,60
2023-05-09 21:02:51,ru2401P12000,ru2401P12000,268.0,0.0,0.0,0.0,1,119.0,859.0,1,268.0,205.0,0.0,0.0,0.0,0.0,60
2023-05-09 21:02:52,ru2401P12000,ru2401P12000,268.0,0.0,0.0,0.0,2,120.0,859.0,1,268.0,205.0,0.0,0.0,0.0,0.0,60
2023-05-09 21:02:52,ru2401P12000,ru2401P12000,268.0,0.0,0.0,0.0,2,120.0,859.0,1,268.0,205.0,0.0,0.0,0.0,0.0,60
2023-05-09 21:02:53,ru2401P12000,ru2401P12000,268.0,0.0,0.0,0.0,1,121.0,859.0,1,268.0,205.0,0.0,0.0,0.0,0.0,60
2023-05-09 21:02:53,ru2401P12000,ru2401P12000,268.0,0.0,0.0,0.0,2,122.0,859.0,1,268.0,205.0,0.0,0.0,0.0,0.0,60
2023-05-09 21:02:54,ru2401P12000,ru2401P12000,268.0,0.0,0.0,0.0,2,122.0,859.0,1,268.0,205.0,0.0,0.0,0.0,0.0,60
2023-05-09 21:02:54,ru2401P12000,ru2401P12000,268.0,0.0,0.0,0.0,1,123.0,859.0,1,268.0,205.0,0.0,0.0,0.0,0.0,60
2023-05-09 21:02:55,ru2401P12000,ru2401P12000,268.0,0.0,0.0,0.0,2,124.0,859.0,1,268.0,205.0,0.0,0.0,0.0,0.0,60
2023-05-09 21:02:56,ru2401P12000,ru2401P12000,268.0,0.0,0.0,0.0,2,124.0,859.0,1,268.0,205.0,0.0,0.0,0.0,0.0,60
2023-05-09 21:02:56,ru2401P12000,ru2401P12000,268.0,0.0,0.0,0.0,1,125.0,859.0,1,268.0,205.0,0.0,0.0,0.0,0.0,60
2023-05-09 21:02:57,ru2401P12000,ru2401P12000,268.0,0.0,0.0,0.0,2,126.0,859.0,1,268.0,205.0,0.0,0.0,0.0,0.0,60
2023-05-09 21:02:58,ru2401P12000,ru2401P12000,268.0,0.0,0.0,0.0,2,126.0,859.0,1,268.0,205.0,0.0,0.0,0.0,0.0,60
2023-05-09 21:02:58,ru2401P12000,ru2401P12000,268.0,0.0,0.0,0.0,1,127.0,859.0,1,268.0,205.0,0.0,0.0,0.0,0.0,60
2023-05-09 21:02:59,ru2401P12000,ru2401P12000,268.0,0.0,0.0,0.0,1,127.0,859.0,1,268.0,205.0,0.0,0.0,0.0,0.0,60
2023-05-09 21:02:59,ru2401P12000,ru2401P12000,268.0,0.0,0.0,0.0,2,128.0,859.0,1,268.0,205.0,0.0,0.0,0.0,0.0,60
2023-05-09 21:03:00,ru2401P12000,ru2401P12000,268.0,0.0,0.0,0.0,2,128.0,859.0,1,268.0,205.0,0.0,0.0,0.0,0.0,60
2023-05-09 21:03:00,ru2401P12000,ru2401P12000,268.0,0.0,0.0,0.0,1,129.0,859.0,1,268.0,205.0,0.0,0.0,0.0,0.0,60
2023-05-09 21:03:01,ru2401P12000,ru2401P12000,268.0,0.0,0.0,0.0,2,130.0,859.0,1,268.0,205.0,0.0,0.0,0.0,0.0,60
2023-05-09 21:03:01,ru2401P12000,ru2401P12000,268.0,0.0,0.0,0.0,2,130.0,859.0,1,268.0,205.0,0.0,0.0,0.0,0.0,60
2023-05-09 21:03:02,ru2401P12000,ru2401P12000,268.0,0.0,0.0,0.0,1,131.0,859.0,1,268.0,205.0,0.0,0.0,0.0,0.0,60
2023-05-09 21:03:02,ru2401P12000,ru2401P12000,268.0,0.0,0.0,0.0,1,131.0,859.0,1,268.0,205.0,0.0,0.0,0.0,0.0,60
2023-05-09 21:03:30,ru2401P12000,ru2401P12000,268.0,0.0,0.0,0.0,1,222.0,251.0,1,268.0,205.0,0.0,0.0,0.0,0.0,60
2023-05-09 21:03:31,ru2401P12000,ru2401P12000,268.0,0.0,0.0,0.0,1,222.0,251.0,1,268.0,205.0,0.0,0.0,0.0,0.0,60
2023-05-09 21:03:34,ru2401P12000,ru2401P12000,268.0,0.0,0.0,0.0,2,222.0,251.0,2,268.0,205.0,0.0,0.0,0.0,0.0,60
2023-05-09 21:03:39,ru2401P12000,ru2401P12000,268.0,0.0,0.0,0.0,3,222.0,251.0,3,268.0,205.0,0.0,0.0,0.0,0.0,60
2023-05-09 21:03:43,ru2401P12000,ru2401P12000,268.0,0.0,0.0,0.0,2,222.0,251.0,2,268.0,205.0,0.0,0.0,0.0,0.0,60
2023-05-09 21:03:49,ru2401P12000,ru2401P12000,268.0,0.0,0.0,0.0,1,222.0,251.0,1,268.0,205.0,0.0,0.0,0.0,0.0,60
2023-05-09 21:03:50,ru2401P12000,ru2401P12000,268.0,0.0,0.0,0.0,5,80.0,860.0,1,268.0,205.0,0.0,0.0,0.0,0.0,60
2023-05-09 21:03:50,ru2401P12000,ru2401P12000,268.0,0.0,0.0,0.0,3,81.0,859.0,1,268.0,205.0,0.0,0.0,0.0,0.0,60
2023-05-09 21:03:57,ru2401P12000,ru2401P12000,268.0,0.0,0.0,0.0,2,82.0,858.0,2,268.0,205.0,0.0,0.0,0.0,0.0,60
2023-05-09 21:03:57,ru2401P12000,ru2401P12000,268.0,0.0,0.0,0.0,2,82.0,858.0,2,268.0,205.0,0.0,0.0,0.0,0.0,60
2023-05-09 21:03:58,ru2401P12000,ru2401P12000,268.0,0.0,0.0,0.0,1,83.0,857.0,1,268.0,205.0,0.0,0.0,0.0,0.0,60
2023-05-09 21:03:58,ru2401P12000,ru2401P12000,268.0,0.0,0.0,0.0,2,84.0,856.0,2,268.0,205.0,0.0,0.0,0.0,0.0,60
2023-05-09 21:03:59,ru2401P12000,ru2401P12000,268.0,0.0,0.0,0.0,2,84.0,856.0,2,268.0,205.0,0.0,0.0,0.0,0.0,60
2023-05-09 21:03:59,ru2401P12000,ru2401P12000,268.0,0.0,0.0,0.0,1,85.0,855.0,1,268.0,205.0,0.0,0.0,0.0,0.0,60
2023-05-09 21:04:00,ru2401P12000,ru2401P12000,268.0,0.0,0.0,0.0,2,86.0,854.0,2,268.0,205.0,0.0,0.0,0.0,0.0,60
2023-05-09 21:04:00,ru2401P12000,ru2401P12000,268.0,0.0,0.0,0.0,2,86.0,854.0,2,268.0,205.0,0.0,0.0,0.0,0.0,60
2023-05-09 21:04:01,ru2401P12000,ru2401P12000,268.0,0.0,0.0,0.0,1,87.0,853.0,1,268.0,205.0,0.0,0.0,0.0,0.0,60
2023-05-09 21:04:01,ru2401P12000,ru2401P12000,268.0,0.0,0.0,0.0,4,88.0,852.0,2,268.0,205.0,0.0,0.0,0.0,0.0,60
2023-05-09 21:04:02,ru2401P12000,ru2401P12000,268.0,0.0,0.0,0.0,2,89.0,852.0,2,268.0,205.0,0.0,0.0,0.0,0.0,60
2023-05-09 21:04:02,ru2401P12000,ru2401P12000,268.0,0.0,0.0,0.0,1,90.0,851.0,1,268.0,205.0,0.0,0.0,0.0,0.0,60
2023-05-09 21:04:03,ru2401P12000,ru2401P12000,268.0,0.0,0.0,0.0,2,91.0,850.0,2,268.0,205.0,0.0,0.0,0.0,0.0,60
2023-05-09 21:04:03,ru2401P12000,ru2401P12000,268.0,0.0,0.0,0.0,2,91.0,850.0,2,268.0,205.0,0.0,0.0,0.0,0.0,60
2023-05-09 21:04:04,ru2401P12000,ru2401P12000,268.0,0.0,0.0,0.0,1,92.0,849.0,1,268.0,205.0,0.0,0.0,0.0,0.0,60
2023-05-09 21:04:04,ru2401P12000,ru2401P12000,268.0,0.0,0.0,0.0,2,93.0,848.0,2,268.0,205.0,0.0,0.0,0.0,0.0,60
2023-05-09 21:04:05,ru2401P12000,ru2401P12000,268.0,0.0,0.0,0.0,2,93.0,848.0,2,268.0,205.0,0.0,0.0,0.0,0.0,60
2023-05-09 21:04:05,ru2401P12000,ru2401P12000,268.0,0.0,0.0,0.0,1,94.0,847.0,1,268.0,205.0,0.0,0.0,0.0,0.0,60
2023-05-09 21:04:06,ru2401P12000,ru2401P12000,268.0,0.0,0.0,0.0,2,95.0,846.0,2,268.0,205.0,0.0,0.0,0.0,0.0,60
2023-05-09 21:04:06,ru2401P12000,ru2401P12000,268.0,0.0,0.0,0.0,2,95.0,846.0,2,268.0,205.0,0.0,0.0,0.0,0.0,60
2023-05-09 21:04:07,ru2401P12000,ru2401P12000,268.0,0.0,0.0,0.0,1,96.0,845.0,1,268.0,205.0,0.0,0.0,0.0,0.0,60
2023-05-09 21:04:07,ru2401P12000,ru2401P12000,268.0,0.0,0.0,0.0,2,97.0,844.0,2,268.0,205.0,0.0,0.0,0.0,0.0,60
2023-05-09 21:04:08,ru2401P12000,ru2401P12000,268.0,0.0,0.0,0.0,2,97.0,844.0,2,268.0,205.0,0.0,0.0,0.0,0.0,60
2023-05-09 21:04:08,ru2401P12000,ru2401P12000,268.0,0.0,0.0,0.0,1,98.0,843.0,1,268.0,205.0,0.0,0.0,0.0,0.0,60
2023-05-09 21:04:09,ru2401P12000,ru2401P12000,268.0,0.0,0.0,0.0,2,99.0,842.0,2,268.0,205.0,0.0,0.0,0.0,0.0,60
2023-05-09 21:04:09,ru2401P12000,ru2401P12000,268.0,0.0,0.0,0.0,2,99.0,842.0,2,268.0,205.0,0.0,0.0,0.0,0.0,60
2023-05-09 21:04:10,ru2401P12000,ru2401P12000,268.0,0.0,0.0,0.0,1,100.0,841.0,1,268.0,205.0,0.0,0.0,0.0,0.0,60
2023-05-09 21:04:10,ru2401P12000,ru2401P12000,268.0,0.0,0.0,0.0,2,101.0,840.0,2,268.0,205.0,0.0,0.0,0.0,0.0,60
2023-05-09 21:04:11,ru2401P12000,ru2401P12000,268.0,0.0,0.0,0.0,2,101.0,840.0,2,268.0,205.0,0.0,0.0,0.0,0.0,60
2023-05-09 21:04:11,ru2401P12000,ru2401P12000,268.0,0.0,0.0,0.0,1,102.0,839.0,1,268.0,205.0,0.0,0.0,0.0,0.0,60
2023-05-09 21:04:12,ru2401P12000,ru2401P12000,268.0,0.0,0.0,0.0,2,103.0,838.0,2,268.0,205.0,0.0,0.0,0.0,0.0,60
2023-05-09 21:04:12,ru2401P12000,ru2401P12000,268.0,0.0,0.0,0.0,2,103.0,838.0,2,268.0,205.0,0.0,0.0,0.0,0.0,60
2023-05-09 21:04:13,ru2401P12000,ru2401P12000,268.0,0.0,0.0,0.0,1,104.0,837.0,1,268.0,205.0,0.0,0.0,0.0,0.0,60
2023-05-09 21:04:13,ru2401P12000,ru2401P12000,268.0,0.0,0.0,0.0,4,105.0,836.0,2,268.0,205.0,0.0,0.0,0.0,0.0,60
2023-05-09 21:04:14,ru2401P12000,ru2401P12000,268.0,0.0,0.0,0.0,2,106.0,836.0,2,268.0,205.0,0.0,0.0,0.0,0.0,60
2023-05-09 21:04:14,ru2401P12000,ru2401P12000,268.0,0.0,0.0,0.0,1,107.0,835.0,1,268.0,205.0,0.0,0.0,0.0,0.0,60
2023-05-09 21:04:15,ru2401P12000,ru2401P12000,268.0,0.0,0.0,0.0,2,108.0,834.0,2,268.0,205.0,0.0,0.0,0.0,0.0,60
2023-05-09 21:04:15,ru2401P12000,ru2401P12000,268.0,0.0,0.0,0.0,2,108.0,834.0,2,268.0,205.0,0.0,0.0,0.0,0.0,60
2023-05-09 21:04:16,ru2401P12000,ru2401P12000,268.0,0.0,0.0,0.0,1,109.0,833.0,1,268.0,205.0,0.0,0.0,0.0,0.0,60
2023-05-09 21:04:16,ru2401P12000,ru2401P12000,268.0,0.0,0.0,0.0,2,110.0,832.0,2,268.0,205.0,0.0,0.0,0.0,0.0,60
2023-05-09 21:04:17,ru2401P12000,ru2401P12000,268.0,0.0,0.0,0.0,2,110.0,832.0,2,268.0,205.0,0.0,0.0,0.0,0.0,60
2023-05-09 21:04:17,ru2401P12000,ru2401P12000,268.0,0.0,0.0,0.0,3,111.0,831.0,1,268.0,205.0,0.0,0.0,0.0,0.0,60
2023-05-09 21:04:18,ru2401P12000,ru2401P12000,268.0,0.0,0.0,0.0,2,112.0,830.0,2,268.0,205.0,0.0,0.0,0.0,0.0,60
2023-05-09 21:04:18,ru2401P12000,ru2401P12000,268.0,0.0,0.0,0.0,2,112.0,830.0,2,268.0,205.0,0.0,0.0,0.0,0.0,60
2023-05-09 21:04:19,ru2401P12000,ru2401P12000,268.0,0.0,0.0,0.0,1,113.0,829.0,1,268.0,205.0,0.0,0.0,0.0,0.0,60
2023-05-09 21:04:19,ru2401P12000,ru2401P12000,268.0,0.0,0.0,0.0,4,114.0,828.0,2,268.0,205.0,0.0,0.0,0.0,0.0,60
2023-05-09 21:04:20,ru2401P12000,ru2401P12000,268.0,0.0,0.0,0.0,2,115.0,828.0,2,268.0,205.0,0.0,0.0,0.0,0.0,60
2023-05-09 21:04:20,ru2401P12000,ru2401P12000,268.0,0.0,0.0,0.0,1,116.0,827.0,1,268.0,205.0,0.0,0.0,0.0,0.0,60
2023-05-09 21:04:21,ru2401P12000,ru2401P12000,268.0,0.0,0.0,0.0,2,117.0,826.0,2,268.0,205.0,0.0,0.0,0.0,0.0,60
2023-05-09 21:04:21,ru2401P12000,ru2401P12000,268.0,0.0,0.0,0.0,2,118.0,826.0,2,268.0,205.0,0.0,0.0,0.0,0.0,60
2023-05-09 21:04:22,ru2401P12000,ru2401P12000,268.0,0.0,0.0,0.0,3,119.0,825.0,1,268.0,205.0,0.0,0.0,0.0,0.0,60
2023-05-09 21:04:22,ru2401P12000,ru2401P12000,268.0,0.0,0.0,0.0,2,120.0,824.0,2,268.0,205.0,0.0,0.0,0.0,0.0,60
2023-05-09 21:04:23,ru2401P12000,ru2401P12000,268.0,0.0,0.0,0.0,2,121.0,824.0,2,268.0,205.0,0.0,0.0,0.0,0.0,60
2023-05-09 21:04:23,ru2401P12000,ru2401P12000,268.0,0.0,0.0,0.0,3,122.0,823.0,1,268.0,205.0,0.0,0.0,0.0,0.0,60
2023-05-09 21:04:24,ru2401P12000,ru2401P12000,268.0,0.0,0.0,0.0,2,123.0,822.0,2,268.0,205.0,0.0,0.0,0.0,0.0,60
2023-05-09 21:04:24,ru2401P12000,ru2401P12000,268.0,0.0,0.0,0.0,4,123.0,822.0,2,268.0,205.0,0.0,0.0,0.0,0.0,60
2023-05-09 21:04:25,ru2401P12000,ru2401P12000,268.0,0.0,0.0,0.0,3,124.0,821.0,1,268.0,205.0,0.0,0.0,0.0,0.0,60
2023-05-09 21:04:25,ru2401P12000,ru2401P12000,268.0,0.0,0.0,0.0,4,125.0,820.0,2,268.0,205.0,0.0,0.0,0.0,0.0,60
2023-05-09 21:04:26,ru2401P12000,ru2401P12000,268.0,0.0,0.0,0.0,2,126.0,820.0,2,268.0,205.0,0.0,0.0,0.0,0.0,60
2023-05-09 21:04:26,ru2401P12000,ru2401P12000,268.0,0.0,0.0,0.0,3,127.0,819.0,1,268.0,205.0,0.0,0.0,0.0,0.0,60
2023-05-09 21:04:27,ru2401P12000,ru2401P12000,268.0,0.0,0.0,0.0,2,128.0,818.0,2,268.0,205.0,0.0,0.0,0.0,0.0,60
2023-05-09 21:04:27,ru2401P12000,ru2401P12000,268.0,0.0,0.0,0.0,2,129.0,818.0,2,268.0,205.0,0.0,0.0,0.0,0.0,60
2023-05-09 21:04:28,ru2401P12000,ru2401P12000,268.0,0.0,0.0,0.0,3,130.0,817.0,1,268.0,205.0,0.0,0.0,0.0,0.0,60
2023-05-09 21:04:28,ru2401P12000,ru2401P12000,268.0,0.0,0.0,0.0,2,131.0,816.0,2,268.0,205.0,0.0,0.0,0.0,0.0,60
2023-05-09 21:04:29,ru2401P12000,ru2401P12000,268.0,0.0,0.0,0.0,2,131.0,816.0,2,268.0,205.0,0.0,0.0,0.0,0.0,60
2023-05-09 21:04:29,ru2401P12000,ru2401P12000,268.0,0.0,0.0,0.0,1,132.0,815.0,1,268.0,205.0,0.0,0.0,0.0,0.0,60
2023-05-09 21:04:30,ru2401P12000,ru2401P12000,268.0,0.0,0.0,0.0,2,133.0,814.0,2,268.0,205.0,0.0,0.0,0.0,0.0,60
2023-05-09 21:04:30,ru2401P12000,ru2401P12000,268.0,0.0,0.0,0.0,2,133.0,814.0,2,268.0,205.0,0.0,0.0,0.0,0.0,60
2023-05-09 21:04:31,ru2401P12000,ru2401P12000,268.0,0.0,0.0,0.0,1,134.0,813.0,1,268.0,205.0,0.0,0.0,0.0,0.0,60
2023-05-09 21:04:31,ru2401P12000,ru2401P12000,268.0,0.0,0.0,0.0,2,135.0,812.0,2,268.0,205.0,0.0,0.0,0.0,0.0,60
2023-05-09 21:04:32,ru2401P12000,ru2401P12000,268.0,0.0,0.0,0.0,2,135.0,812.0,2,268.0,205.0,0.0,0.0,0.0,0.0,60
2023-05-09 21:04:32,ru2401P12000,ru2401P12000,268.0,0.0,0.0,0.0,3,135.0,811.0,1,268.0,205.0,0.0,0.0,0.0,0.0,60
2023-05-09 21:04:33,ru2401P12000,ru2401P12000,268.0,0.0,0.0,0.0,2,136.0,810.0,2,268.0,205.0,0.0,0.0,0.0,0.0,60
2023-05-09 21:04:33,ru2401P12000,ru2401P12000,268.0,0.0,0.0,0.0,2,136.0,810.0,2,268.0,205.0,0.0,0.0,0.0,0.0,60
2023-05-09 21:04:34,ru2401P12000,ru2401P12000,268.0,0.0,0.0,0.0,2,136.0,809.0,1,268.0,205.0,0.0,0.0,0.0,0.0,60
2023-05-09 21:04:34,ru2401P12000,ru2401P12000,268.0,0.0,0.0,0.0,2,81.0,808.0,2,268.0,205.0,0.0,0.0,0.0,0.0,60
2023-05-09 21:04:35,ru2401P12000,ru2401P12000,268.0,0.0,0.0,0.0,3,82.0,808.0,2,268.0,205.0,0.0,0.0,0.0,0.0,60
2023-05-09 21:04:35,ru2401P12000,ru2401P12000,268.0,0.0,0.0,0.0,2,83.0,807.0,1,268.0,205.0,0.0,0.0,0.0,0.0,60
2023-05-09 21:04:36,ru2401P12000,ru2401P12000,268.0,0.0,0.0,0.0,2,84.0,806.0,2,268.0,205.0,0.0,0.0,0.0,0.0,60
2023-05-09 21:04:36,ru2401P12000,ru2401P12000,268.0,0.0,0.0,0.0,3,85.0,806.0,2,268.0,205.0,0.0,0.0,0.0,0.0,60
2023-05-09 21:04:37,ru2401P12000,ru2401P12000,268.0,0.0,0.0,0.0,4,86.0,805.0,1,268.0,205.0,0.0,0.0,0.0,0.0,60
2023-05-09 21:04:37,ru2401P12000,ru2401P12000,268.0,0.0,0.0,0.0,2,87.0,804.0,2,268.0,205.0,0.0,0.0,0.0,0.0,60
2023-05-09 21:04:38,ru2401P12000,ru2401P12000,268.0,0.0,0.0,0.0,1,88.0,804.0,2,268.0,205.0,0.0,0.0,0.0,0.0,60
2023-05-09 21:04:38,ru2401P12000,ru2401P12000,268.0,0.0,0.0,0.0,4,89.0,803.0,1,268.0,205.0,0.0,0.0,0.0,0.0,60
2023-05-09 21:04:39,ru2401P12000,ru2401P12000,268.0,0.0,0.0,0.0,2,90.0,802.0,2,268.0,205.0,0.0,0.0,0.0,0.0,60
2023-05-09 21:04:39,ru2401P12000,ru2401P12000,268.0,0.0,0.0,0.0,1,91.0,802.0,2,268.0,205.0,0.0,0.0,0.0,0.0,60
2023-05-09 21:04:40,ru2401P12000,ru2401P12000,268.0,0.0,0.0,0.0,2,92.0,801.0,1,268.0,205.0,0.0,0.0,0.0,0.0,60
2023-05-09 21:04:40,ru2401P12000,ru2401P12000,268.0,0.0,0.0,0.0,2,92.0,800.0,2,268.0,205.0,0.0,0.0,0.0,0.0,60
2023-05-09 21:04:41,ru2401P12000,ru2401P12000,268.0,0.0,0.0,0.0,1,93.0,799.0,1,268.0,205.0,0.0,0.0,0.0,0.0,60
2023-05-09 21:04:41,ru2401P12000,ru2401P12000,268.0,0.0,0.0,0.0,4,94.0,798.0,2,268.0,205.0,0.0,0.0,0.0,0.0,60
2023-05-09 21:04:42,ru2401P12000,ru2401P12000,268.0,0.0,0.0,0.0,2,95.0,798.0,2,268.0,205.0,0.0,0.0,0.0,0.0,60
2023-05-09 21:04:42,ru2401P12000,ru2401P12000,268.0,0.0,0.0,0.0,1,96.0,797.0,1,268.0,205.0,0.0,0.0,0.0,0.0,60
2023-05-09 21:04:43,ru2401P12000,ru2401P12000,268.0,0.0,0.0,0.0,2,97.0,796.0,2,268.0,205.0,0.0,0.0,0.0,0.0,60
2023-05-09 21:04:43,ru2401P12000,ru2401P12000,268.0,0.0,0.0,0.0,2,97.0,796.0,2,268.0,205.0,0.0,0.0,0.0,0.0,60
2023-05-09 21:04:44,ru2401P12000,ru2401P12000,268.0,0.0,0.0,0.0,3,98.0,795.0,1,268.0,205.0,0.0,0.0,0.0,0.0,60
2023-05-09 21:04:44,ru2401P12000,ru2401P12000,268.0,0.0,0.0,0.0,2,99.0,794.0,2,268.0,205.0,0.0,0.0,0.0,0.0,60
2023-05-09 21:04:45,ru2401P12000,ru2401P12000,268.0,0.0,0.0,0.0,2,99.0,794.0,2,268.0,205.0,0.0,0.0,0.0,0.0,60
2023-05-09 21:04:45,ru2401P12000,ru2401P12000,268.0,0.0,0.0,0.0,3,100.0,793.0,1,268.0,205.0,0.0,0.0,0.0,0.0,60
2023-05-09 21:04:46,ru2401P12000,ru2401P12000,268.0,0.0,0.0,0.0,2,101.0,792.0,2,268.0,205.0,0.0,0.0,0.0,0.0,60
2023-05-09 21:04:46,ru2401P12000,ru2401P12000,268.0,0.0,0.0,0.0,2,102.0,792.0,2,268.0,205.0,0.0,0.0,0.0,0.0,60
2023-05-09 21:04:47,ru2401P12000,ru2401P12000,268.0,0.0,0.0,0.0,3,103.0,791.0,1,268.0,205.0,0.0,0.0,0.0,0.0,60
2023-05-09 21:04:47,ru2401P12000,ru2401P12000,268.0,0.0,0.0,0.0,2,104.0,790.0,2,268.0,205.0,0.0,0.0,0.0,0.0,60
2023-05-09 21:04:48,ru2401P12000,ru2401P12000,268.0,0.0,0.0,0.0,4,104.0,790.0,2,268.0,205.0,0.0,0.0,0.0,0.0,60
2023-05-09 21:04:48,ru2401P12000,ru2401P12000,268.0,0.0,0.0,0.0,3,105.0,789.0,1,268.0,205.0,0.0,0.0,0.0,0.0,60
2023-05-09 21:04:49,ru2401P12000,ru2401P12000,268.0,0.0,0.0,0.0,2,106.0,788.0,2,268.0,205.0,0.0,0.0,0.0,0.0,60
2023-05-09 21:04:49,ru2401P12000,ru2401P12000,268.0,0.0,0.0,0.0,2,107.0,788.0,2,268.0,205.0,0.0,0.0,0.0,0.0,60
2023-05-09 21:04:50,ru2401P12000,ru2401P12000,268.0,0.0,0.0,0.0,3,108.0,787.0,1,268.0,205.0,0.0,0.0,0.0,0.0,60
2023-05-09 21:04:50,ru2401P12000,ru2401P12000,268.0,0.0,0.0,0.0,4,109.0,786.0,2,268.0,205.0,0.0,0.0,0.0,0.0,60
2023-05-09 21:04:51,ru2401P12000,ru2401P12000,268.0,0.0,0.0,0.0,2,110.0,786.0,2,268.0,205.0,0.0,0.0,0.0,0.0,60
2023-05-09 21:04:51,ru2401P12000,ru2401P12000,268.0,0.0,0.0,0.0,3,111.0,785.0,1,268.0,205.0,0.0,0.0,0.0,0.0,60
2023-05-09 21:04:52,ru2401P12000,ru2401P12000,268.0,0.0,0.0,0.0,2,112.0,784.0,2,268.0,205.0,0.0,0.0,0.0,0.0,60
2023-05-09 21:04:52,ru2401P12000,ru2401P12000,268.0,0.0,0.0,0.0,2,113.0,784.0,2,268.0,205.0,0.0,0.0,0.0,0.0,60
2023-05-09 21:04:53,ru2401P12000,ru2401P12000,268.0,0.0,0.0,0.0,3,114.0,783.0,1,268.0,205.0,0.0,0.0,0.0,0.0,60
2023-05-09 21:04:53,ru2401P12000,ru2401P12000,268.0,0.0,0.0,0.0,4,115.0,782.0,2,268.0,205.0,0.0,0.0,0.0,0.0,60
2023-05-09 21:04:54,ru2401P12000,ru2401P12000,268.0,0.0,0.0,0.0,2,116.0,782.0,2,268.0,205.0,0.0,0.0,0.0,0.0,60
2023-05-09 21:04:54,ru2401P12000,ru2401P12000,268.0,0.0,0.0,0.0,3,117.0,781.0,1,268.0,205.0,0.0,0.0,0.0,0.0,60
2023-05-09 21:04:55,ru2401P12000,ru2401P12000,268.0,0.0,0.0,0.0,2,118.0,780.0,2,268.0,205.0,0.0,0.0,0.0,0.0,60
2023-05-09 21:04:55,ru2401P12000,ru2401P12000,268.0,0.0,0.0,0.0,2,118.0,780.0,2,268.0,205.0,0.0,0.0,0.0,0.0,60
2023-05-09 21:04:56,ru2401P12000,ru2401P12000,268.0,0.0,0.0,0.0,3,119.0,779.0,1,268.0,205.0,0.0,0.0,0.0,0.0,60
2023-05-09 21:04:56,ru2401P12000,ru2401P12000,268.0,0.0,0.0,0.0,2,120.0,778.0,2,268.0,205.0,0.0,0.0,0.0,0.0,60
2023-05-09 21:04:57,ru2401P12000,ru2401P12000,268.0,0.0,0.0,0.0,2,121.0,778.0,2,268.0,205.0,0.0,0.0,0.0,0.0,60
2023-05-09 21:04:57,ru2401P12000,ru2401P12000,268.0,0.0,0.0,0.0,3,122.0,777.0,1,268.0,205.0,0.0,0.0,0.0,0.0,60
2023-05-09 21:04:58,ru2401P12000,ru2401P12000,268.0,0.0,0.0,0.0,4,123.0,776.0,2,268.0,205.0,0.0,0.0,0.0,0.0,60
2023-05-09 21:04:58,ru2401P12000,ru2401P12000,268.0,0.0,0.0,0.0,2,124.0,776.0,2,268.0,205.0,0.0,0.0,0.0,0.0,60
2023-05-09 21:04:59,ru2401P12000,ru2401P12000,268.0,0.0,0.0,0.0,3,125.0,775.0,1,268.0,205.0,0.0,0.0,0.0,0.0,60
2023-05-09 21:04:59,ru2401P12000,ru2401P12000,268.0,0.0,0.0,0.0,2,126.0,774.0,2,268.0,205.0,0.0,0.0,0.0,0.0,60
2023-05-09 21:05:00,ru2401P12000,ru2401P12000,268.0,0.0,0.0,0.0,2,127.0,774.0,2,268.0,205.0,0.0,0.0,0.0,0.0,60
2023-05-09 21:05:00,ru2401P12000,ru2401P12000,268.0,0.0,0.0,0.0,3,128.0,773.0,1,268.0,205.0,0.0,0.0,0.0,0.0,60
2023-05-09 21:05:01,ru2401P12000,ru2401P12000,268.0,0.0,0.0,0.0,4,129.0,772.0,2,268.0,205.0,0.0,0.0,0.0,0.0,60
2023-05-09 21:05:01,ru2401P12000,ru2401P12000,268.0,0.0,0.0,0.0,2,130.0,772.0,2,268.0,205.0,0.0,0.0,0.0,0.0,60
2023-05-09 21:05:02,ru2401P12000,ru2401P12000,268.0,0.0,0.0,0.0,1,131.0,771.0,1,268.0,205.0,0.0,0.0,0.0,0.0,60
2023-05-09 21:05:02,ru2401P12000,ru2401P12000,268.0,0.0,0.0,0.0,2,132.0,770.0,2,268.0,205.0,0.0,0.0,0.0,0.0,60
2023-05-09 21:05:03,ru2401P12000,ru2401P12000,268.0,0.0,0.0,0.0,2,132.0,770.0,2,268.0,205.0,0.0,0.0,0.0,0.0,60
2023-05-09 21:05:03,ru2401P12000,ru2401P12000,268.0,0.0,0.0,0.0,1,133.0,769.0,1,268.0,205.0,0.0,0.0,0.0,0.0,60
2023-05-09 21:05:04,ru2401P12000,ru2401P12000,268.0,0.0,0.0,0.0,2,134.0,768.0,2,268.0,205.0,0.0,0.0,0.0,0.0,60
2023-05-09 21:05:04,ru2401P12000,ru2401P12000,268.0,0.0,0.0,0.0,2,134.0,768.0,2,268.0,205.0,0.0,0.0,0.0,0.0,60
2023-05-09 21:05:05,ru2401P12000,ru2401P12000,268.0,0.0,0.0,0.0,1,135.0,767.0,1,268.0,205.0,0.0,0.0,0.0,0.0,60
2023-05-09 21:05:05,ru2401P12000,ru2401P12000,268.0,0.0,0.0,0.0,2,136.0,766.0,2,268.0,205.0,0.0,0.0,0.0,0.0,60
2023-05-09 21:05:06,ru2401P12000,ru2401P12000,268.0,0.0,0.0,0.0,2,136.0,766.0,2,268.0,205.0,0.0,0.0,0.0,0.0,60
2023-05-09 21:05:06,ru2401P12000,ru2401P12000,268.0,0.0,0.0,0.0,1,137.0,765.0,1,268.0,205.0,0.0,0.0,0.0,0.0,60
2023-05-09 21:05:07,ru2401P12000,ru2401P12000,268.0,0.0,0.0,0.0,2,138.0,764.0,2,268.0,205.0,0.0,0.0,0.0,0.0,60
2023-05-09 21:05:07,ru2401P12000,ru2401P12000,268.0,0.0,0.0,0.0,2,138.0,764.0,2,268.0,205.0,0.0,0.0,0.0,0.0,60
2023-05-09 21:05:08,ru2401P12000,ru2401P12000,268.0,0.0,0.0,0.0,2,138.0,763.0,1,268.0,205.0,0.0,0.0,0.0,0.0,60
2023-05-09 21:05:08,ru2401P12000,ru2401P12000,268.0,0.0,0.0,0.0,2,81.0,762.0,2,268.0,205.0,0.0,0.0,0.0,0.0,60
2023-05-09 21:05:09,ru2401P12000,ru2401P12000,268.0,0.0,0.0,0.0,3,82.0,762.0,2,268.0,205.0,0.0,0.0,0.0,0.0,60
2023-05-09 21:05:09,ru2401P12000,ru2401P12000,268.0,0.0,0.0,0.0,2,83.0,761.0,1,268.0,205.0,0.0,0.0,0.0,0.0,60
2023-05-09 21:05:10,ru2401P12000,ru2401P12000,268.0,0.0,0.0,0.0,2,84.0,760.0,2,268.0,205.0,0.0,0.0,0.0,0.0,60
2023-05-09 21:05:10,ru2401P12000,ru2401P12000,268.0,0.0,0.0,0.0,3,85.0,760.0,2,268.0,205.0,0.0,0.0,0.0,0.0,60
2023-05-09 21:05:11,ru2401P12000,ru2401P12000,268.0,0.0,0.0,0.0,4,86.0,759.0,1,268.0,205.0,0.0,0.0,0.0,0.0,60
2023-05-09 21:05:11,ru2401P12000,ru2401P12000,268.0,0.0,0.0,0.0,2,87.0,758.0,2,268.0,205.0,0.0,0.0,0.0,0.0,60
2023-05-09 21:05:12,ru2401P12000,ru2401P12000,268.0,0.0,0.0,0.0,3,88.0,758.0,2,268.0,205.0,0.0,0.0,0.0,0.0,60
2023-05-09 21:05:12,ru2401P12000,ru2401P12000,268.0,0.0,0.0,0.0,2,89.0,757.0,1,268.0,205.0,0.0,0.0,0.0,0.0,60
2023-05-09 21:05:13,ru2401P12000,ru2401P12000,268.0,0.0,0.0,0.0,2,89.0,756.0,2,268.0,205.0,0.0,0.0,0.0,0.0,60
2023-05-09 21:05:13,ru2401P12000,ru2401P12000,268.0,0.0,0.0,0.0,3,90.0,756.0,2,268.0,205.0,0.0,0.0,0.0,0.0,60
2023-05-09 21:05:14,ru2401P12000,ru2401P12000,268.0,0.0,0.0,0.0,2,91.0,755.0,1,268.0,205.0,0.0,0.0,0.0,0.0,60
2023-05-09 21:05:14,ru2401P12000,ru2401P12000,268.0,0.0,0.0,0.0,2,91.0,754.0,2,268.0,205.0,0.0,0.0,0.0,0.0,60
2023-05-09 21:05:15,ru2401P12000,ru2401P12000,268.0,0.0,0.0,0.0,1,92.0,754.0,2,268.0,205.0,0.0,0.0,0.0,0.0,60
2023-05-09 21:05:15,ru2401P12000,ru2401P12000,268.0,0.0,0.0,0.0,4,93.0,753.0,1,268.0,205.0,0.0,0.0,0.0,0.0,60
2023-05-09 21:05:16,ru2401P12000,ru2401P12000,268.0,0.0,0.0,0.0,2,94.0,752.0,2,268.0,205.0,0.0,0.0,0.0,0.0,60
2023-05-09 21:05:16,ru2401P12000,ru2401P12000,268.0,0.0,0.0,0.0,1,95.0,752.0,2,268.0,205.0,0.0,0.0,0.0,0.0,60
2023-05-09 21:05:17,ru2401P12000,ru2401P12000,268.0,0.0,0.0,0.0,4,96.0,751.0,1,268.0,205.0,0.0,0.0,0.0,0.0,60
2023-05-09 21:05:17,ru2401P12000,ru2401P12000,268.0,0.0,0.0,0.0,2,97.0,750.0,2,268.0,205.0,0.0,0.0,0.0,0.0,60
2023-05-09 21:05:18,ru2401P12000,ru2401P12000,268.0,0.0,0.0,0.0,3,98.0,750.0,2,268.0,205.0,0.0,0.0,0.0,0.0,60
2023-05-09 21:05:18,ru2401P12000,ru2401P12000,268.0,0.0,0.0,0.0,2,99.0,749.0,1,268.0,205.0,0.0,0.0,0.0,0.0,60
2023-05-09 21:05:19,ru2401P12000,ru2401P12000,268.0,0.0,0.0,0.0,2,99.0,748.0,2,268.0,205.0,0.0,0.0,0.0,0.0,60
2023-05-09 21:05:19,ru2401P12000,ru2401P12000,268.0,0.0,0.0,0.0,3,100.0,748.0,2,268.0,205.0,0.0,0.0,0.0,0.0,60
2023-05-09 21:05:20,ru2401P12000,ru2401P12000,268.0,0.0,0.0,0.0,2,101.0,747.0,1,268.0,205.0,0.0,0.0,0.0,0.0,60
2023-05-09 21:05:20,ru2401P12000,ru2401P12000,268.0,0.0,0.0,0.0,2,102.0,746.0,2,268.0,205.0,0.0,0.0,0.0,0.0,60
2023-05-09 21:05:21,ru2401P12000,ru2401P12000,268.0,0.0,0.0,0.0,3,103.0,746.0,2,268.0,205.0,0.0,0.0,0.0,0.0,60
2023-05-09 21:05:21,ru2401P12000,ru2401P12000,268.0,0.0,0.0,0.0,2,104.0,745.0,1,268.0,205.0,0.0,0.0,0.0,0.0,60
2023-05-09 21:05:22,ru2401P12000,ru2401P12000,268.0,0.0,0.0,0.0,2,105.0,744.0,2,268.0,205.0,0.0,0.0,0.0,0.0,60
2023-05-09 21:05:22,ru2401P12000,ru2401P12000,268.0,0.0,0.0,0.0,3,106.0,744.0,2,268.0,205.0,0.0,0.0,0.0,0.0,60
2023-05-09 21:05:23,ru2401P12000,ru2401P12000,268.0,0.0,0.0,0.0,4,107.0,743.0,1,268.0,205.0,0.0,0.0,0.0,0.0,60
2023-05-09 21:05:23,ru2401P12000,ru2401P12000,268.0,0.0,0.0,0.0,2,108.0,742.0,2,268.0,205.0,0.0,0.0,0.0,0.0,60
2023-05-09 21:05:24,ru2401P12000,ru2401P12000,268.0,0.0,0.0,0.0,1,109.0,742.0,2,268.0,205.0,0.0,0.0,0.0,0.0,60
2023-05-09 21:05:24,ru2401P12000,ru2401P12000,268.0,0.0,0.0,0.0,2,110.0,741.0,1,268.0,205.0,0.0,0.0,0.0,0.0,60
2023-05-09 21:05:25,ru2401P12000,ru2401P12000,268.0,0.0,0.0,0.0,2,110.0,740.0,2,268.0,205.0,0.0,0.0,0.0,0.0,60
2023-05-09 21:05:25,ru2401P12000,ru2401P12000,268.0,0.0,0.0,0.0,3,111.0,740.0,2,268.0,205.0,0.0,0.0,0.0,0.0,60
2023-05-09 21:05:26,ru2401P12000,ru2401P12000,268.0,0.0,0.0,0.0,2,112.0,739.0,1,268.0,205.0,0.0,0.0,0.0,0.0,60
2023-05-09 21:05:26,ru2401P12000,ru2401P12000,268.0,0.0,0.0,0.0,2,112.0,738.0,2,268.0,205.0,0.0,0.0,0.0,0.0,60
2023-05-09 21:05:27,ru2401P12000,ru2401P12000,268.0,0.0,0.0,0.0,1,113.0,738.0,2,268.0,205.0,0.0,0.0,0.0,0.0,60
2023-05-09 21:05:27,ru2401P12000,ru2401P12000,268.0,0.0,0.0,0.0,2,114.0,737.0,1,268.0,205.0,0.0,0.0,0.0,0.0,60
2023-05-09 21:05:28,ru2401P12000,ru2401P12000,268.0,0.0,0.0,0.0,2,114.0,736.0,2,268.0,205.0,0.0,0.0,0.0,0.0,60
2023-05-09 21:05:28,ru2401P12000,ru2401P12000,268.0,0.0,0.0,0.0,3,115.0,736.0,2,268.0,205.0,0.0,0.0,0.0,0.0,60
2023-05-09 21:05:29,ru2401P12000,ru2401P12000,268.0,0.0,0.0,0.0,2,116.0,735.0,1,268.0,205.0,0.0,0.0,0.0,0.0,60
2023-05-09 21:05:29,ru2401P12000,ru2401P12000,268.0,0.0,0.0,0.0,2,116.0,734.0,2,268.0,205.0,0.0,0.0,0.0,0.0,60
2023-05-09 21:05:30,ru2401P12000,ru2401P12000,268.0,0.0,0.0,0.0,1,117.0,734.0,2,268.0,205.0,0.0,0.0,0.0,0.0,60
2023-05-09 21:05:30,ru2401P12000,ru2401P12000,268.0,0.0,0.0,0.0,2,118.0,733.0,1,268.0,205.0,0.0,0.0,0.0,0.0,60
2023-05-09 21:05:31,ru2401P12000,ru2401P12000,268.0,0.0,0.0,0.0,2,118.0,732.0,2,268.0,205.0,0.0,0.0,0.0,0.0,60
2023-05-09 21:05:31,ru2401P12000,ru2401P12000,268.0,0.0,0.0,0.0,1,119.0,732.0,2,268.0,205.0,0.0,0.0,0.0,0.0,60
2023-05-09 21:05:32,ru2401P12000,ru2401P12000,268.0,0.0,0.0,0.0,2,120.0,731.0,1,268.0,205.0,0.0,0.0,0.0,0.0,60
2023-05-09 21:05:32,ru2401P12000,ru2401P12000,268.0,0.0,0.0,0.0,2,120.0,730.0,2,268.0,205.0,0.0,0.0,0.0,0.0,60
2023-05-09 21:05:33,ru2401P12000,ru2401P12000,268.0,0.0,0.0,0.0,1,121.0,730.0,2,268.0,205.0,0.0,0.0,0.0,0.0,60
2023-05-09 21:05:33,ru2401P12000,ru2401P12000,268.0,0.0,0.0,0.0,2,122.0,729.0,1,268.0,205.0,0.0,0.0,0.0,0.0,60
2023-05-09 21:05:34,ru2401P12000,ru2401P12000,268.0,0.0,0.0,0.0,2,122.0,728.0,2,268.0,205.0,0.0,0.0,0.0,0.0,60
2023-05-09 21:05:34,ru2401P12000,ru2401P12000,268.0,0.0,0.0,0.0,1,123.0,728.0,2,268.0,205.0,0.0,0.0,0.0,0.0,60
2023-05-09 21:05:35,ru2401P12000,ru2401P12000,268.0,0.0,0.0,0.0,2,124.0,727.0,1,268.0,205.0,0.0,0.0,0.0,0.0,60
2023-05-09 21:05:35,ru2401P12000,ru2401P12000,268.0,0.0,0.0,0.0,2,124.0,726.0,2,268.0,205.0,0.0,0.0,0.0,0.0,60
2023-05-09 21:05:36,ru2401P12000,ru2401P12000,268.0,0.0,0.0,0.0,1,125.0,726.0,2,268.0,205.0,0.0,0.0,0.0,0.0,60
2023-05-09 21:05:36,ru2401P12000,ru2401P12000,268.0,0.0,0.0,0.0,2,126.0,725.0,1,268.0,205.0,0.0,0.0,0.0,0.0,60
2023-05-09 21:05:37,ru2401P12000,ru2401P12000,268.0,0.0,0.0,0.0,2,126.0,724.0,2,268.0,205.0,0.0,0.0,0.0,0.0,60
2023-05-09 21:05:37,ru2401P12000,ru2401P12000,268.0,0.0,0.0,0.0,1,127.0,724.0,2,268.0,205.0,0.0,0.0,0.0,0.0,60
2023-05-09 21:05:38,ru2401P12000,ru2401P12000,268.0,0.0,0.0,0.0,2,128.0,723.0,1,268.0,205.0,0.0,0.0,0.0,0.0,60
2023-05-09 21:05:38,ru2401P12000,ru2401P12000,268.0,0.0,0.0,0.0,2,128.0,722.0,2,268.0,205.0,0.0,0.0,0.0,0.0,60
2023-05-09 21:05:39,ru2401P12000,ru2401P12000,268.0,0.0,0.0,0.0,1,129.0,722.0,2,268.0,205.0,0.0,0.0,0.0,0.0,60
2023-05-09 21:05:39,ru2401P12000,ru2401P12000,268.0,0.0,0.0,0.0,2,130.0,859.0,2,268.0,205.0,0.0,0.0,0.0,0.0,60
2023-05-09 21:05:44,ru2401P12000,ru2401P12000,268.0,0.0,0.0,0.0,2,130.0,859.0,2,268.0,205.0,0.0,0.0,0.0,0.0,60
2023-05-09 21:06:09,ru2401P12000,ru2401P12000,268.0,0.0,0.0,0.0,1,131.0,858.0,1,268.0,205.0,0.0,0.0,0.0,0.0,60
2023-05-09 21:06:10,ru2401P12000,ru2401P12000,268.0,0.0,0.0,0.0,2,132.0,857.0,2,268.0,205.0,0.0,0.0,0.0,0.0,60
2023-05-09 21:06:10,ru2401P12000,ru2401P12000,268.0,0.0,0.0,0.0,2,132.0,857.0,2,268.0,205.0,0.0,0.0,0.0,0.0,60
2023-05-09 21:06:11,ru2401P12000,ru2401P12000,268.0,0.0,0.0,0.0,1,133.0,856.0,1,268.0,205.0,0.0,0.0,0.0,0.0,60
2023-05-09 21:06:11,ru2401P12000,ru2401P12000,268.0,0.0,0.0,0.0,2,134.0,855.0,2,268.0,205.0,0.0,0.0,0.0,0.0,60
2023-05-09 21:06:12,ru2401P12000,ru2401P12000,268.0,0.0,0.0,0.0,2,134.0,855.0,2,268.0,205.0,0.0,0.0,0.0,0.0,60
2023-05-09 21:06:12,ru2401P12000,ru2401P12000,268.0,0.0,0.0,0.0,1,135.0,854.0,1,268.0,205.0,0.0,0.0,0.0,0.0,60
2023-05-09 21:06:13,ru2401P12000,ru2401P12000,268.0,0.0,0.0,0.0,2,136.0,853.0,2,268.0,205.0,0.0,0.0,0.0,0.0,60
2023-05-09 21:06:13,ru2401P12000,ru2401P12000,268.0,0.0,0.0,0.0,2,136.0,853.0,2,268.0,205.0,0.0,0.0,0.0,0.0,60
2023-05-09 21:06:14,ru2401P12000,ru2401P12000,268.0,0.0,0.0,0.0,1,137.0,852.0,1,268.0,205.0,0.0,0.0,0.0,0.0,60
2023-05-09 21:06:14,ru2401P12000,ru2401P12000,268.0,0.0,0.0,0.0,2,138.0,851.0,2,268.0,205.0,0.0,0.0,0.0,0.0,60
2023-05-09 21:06:15,ru2401P12000,ru2401P12000,268.0,0.0,0.0,0.0,2,138.0,851.0,2,268.0,205.0,0.0,0.0,0.0,0.0,60
2023-05-09 21:06:15,ru2401P12000,ru2401P12000,268.0,0.0,0.0,0.0,1,139.0,850.0,1,268.0,205.0,0.0,0.0,0.0,0.0,60
2023-05-09 21:06:16,ru2401P12000,ru2401P12000,268.0,0.0,0.0,0.0,2,140.0,849.0,2,268.0,205.0,0.0,0.0,0.0,0.0,60
2023-05-09 21:06:16,ru2401P12000,ru2401P12000,268.0,0.0,0.0,0.0,2,140.0,849.0,2,268.0,205.0,0.0,0.0,0.0,0.0,60
2023-05-09 21:06:17,ru2401P12000,ru2401P12000,268.0,0.0,0.0,0.0,1,141.0,848.0,1,268.0,205.0,0.0,0.0,0.0,0.0,60
2023-05-09 21:06:17,ru2401P12000,ru2401P12000,268.0,0.0,0.0,0.0,2,142.0,847.0,2,268.0,205.0,0.0,0.0,0.0,0.0,60
2023-05-09 21:06:18,ru2401P12000,ru2401P12000,268.0,0.0,0.0,0.0,2,142.0,847.0,2,268.0,205.0,0.0,0.0,0.0,0.0,60
2023-05-09 21:06:18,ru2401P12000,ru2401P12000,268.0,0.0,0.0,0.0,1,143.0,846.0,1,268.0,205.0,0.0,0.0,0.0,0.0,60
2023-05-09 21:06:19,ru2401P12000,ru2401P12000,268.0,0.0,0.0,0.0,2,144.0,845.0,2,268.0,205.0,0.0,0.0,0.0,0.0,60
2023-05-09 21:06:19,ru2401P12000,ru2401P12000,268.0,0.0,0.0,0.0,2,144.0,845.0,2,268.0,205.0,0.0,0.0,0.0,0.0,60
2023-05-09 21:06:20,ru2401P12000,ru2401P12000,268.0,0.0,0.0,0.0,1,145.0,844.0,1,268.0,205.0,0.0,0.0,0.0,0.0,60
2023-05-09 21:06:20,ru2401P12000,ru2401P12000,268.0,0.0,0.0,0.0,2,146.0,843.0,2,268.0,205.0,0.0,0.0,0.0,0.0,60
2023-05-09 21:06:21,ru2401P12000,ru2401P12000,268.0,0.0,0.0,0.0,2,146.0,843.0,2,268.0,205.0,0.0,0.0,0.0,0.0,60
2023-05-09 21:06:21,ru2401P12000,ru2401P12000,268.0,0.0,0.0,0.0,1,147.0,842.0,1,268.0,205.0,0.0,0.0,0.0,0.0,60
2023-05-09 21:06:22,ru2401P12000,ru2401P12000,268.0,0.0,0.0,0.0,2,148.0,841.0,2,268.0,205.0,0.0,0.0,0.0,0.0,60
2023-05-09 21:06:22,ru2401P12000,ru2401P12000,268.0,0.0,0.0,0.0,2,148.0,841.0,2,268.0,205.0,0.0,0.0,0.0,0.0,60
2023-05-09 21:06:23,ru2401P12000,ru2401P12000,268.0,0.0,0.0,0.0,1,149.0,840.0,1,268.0,205.0,0.0,0.0,0.0,0.0,60
2023-05-09 21:06:23,ru2401P12000,ru2401P12000,268.0,0.0,0.0,0.0,2,150.0,839.0,2,268.0,205.0,0.0,0.0,0.0,0.0,60
2023-05-09 21:06:24,ru2401P12000,ru2401P12000,268.0,0.0,0.0,0.0,2,150.0,839.0,2,268.0,205.0,0.0,0.0,0.0,0.0,60
2023-05-09 21:06:24,ru2401P12000,ru2401P12000,268.0,0.0,0.0,0.0,1,151.0,838.0,1,268.0,205.0,0.0,0.0,0.0,0.0,60
2023-05-09 21:06:25,ru2401P12000,ru2401P12000,268.0,0.0,0.0,0.0,2,152.0,837.0,2,268.0,205.0,0.0,0.0,0.0,0.0,60
2023-05-09 21:06:25,ru2401P12000,ru2401P12000,268.0,0.0,0.0,0.0,2,152.0,837.0,2,268.0,205.0,0.0,0.0,0.0,0.0,60
2023-05-09 21:06:26,ru2401P12000,ru2401P12000,268.0,0.0,0.0,0.0,1,153.0,836.0,1,268.0,205.0,0.0,0.0,0.0,0.0,60
2023-05-09 21:06:26,ru2401P12000,ru2401P12000,268.0,0.0,0.0,0.0,2,154.0,835.0,2,268.0,205.0,0.0,0.0,0.0,0.0,60
2023-05-09 21:06:27,ru2401P12000,ru2401P12000,268.0,0.0,0.0,0.0,2,154.0,835.0,2,268.0,205.0,0.0,0.0,0.0,0.0,60
2023-05-09 21:06:27,ru2401P12000,ru2401P12000,268.0,0.0,0.0,0.0,1,155.0,834.0,1,268.0,205.0,0.0,0.0,0.0,0.0,60
2023-05-09 21:06:28,ru2401P12000,ru2401P12000,268.0,0.0,0.0,0.0,2,156.0,833.0,2,268.0,205.0,0.0,0.0,0.0,0.0,60
2023-05-09 21:06:28,ru2401P12000,ru2401P12000,268.0,0.0,0.0,0.0,2,156.0,833.0,2,268.0,205.0,0.0,0.0,0.0,0.0,60
2023-05-09 21:06:29,ru2401P12000,ru2401P12000,268.0,0.0,0.0,0.0,1,157.0,832.0,1,268.0,205.0,0.0,0.0,0.0,0.0,60
2023-05-09 21:06:29,ru2401P12000,ru2401P12000,268.0,0.0,0.0,0.0,2,158.0,831.0,2,268.0,205.0,0.0,0.0,0.0,0.0,60
2023-05-09 21:06:30,ru2401P12000,ru2401P12000,268.0,0.0,0.0,0.0,2,158.0,831.0,2,268.0,205.0,0.0,0.0,0.0,0.0,60
2023-05-09 21:06:30,ru2401P12000,ru2401P12000,268.0,0.0,0.0,0.0,1,159.0,830.0,1,268.0,205.0,0.0,0.0,0.0,0.0,60
2023-05-09 21:06:31,ru2401P12000,ru2401P12000,268.0,0.0,0.0,0.0,2,160.0,829.0,2,268.0,205.0,0.0,0.0,0.0,0.0,60
2023-05-09 21:06:31,ru2401P12000,ru2401P12000,268.0,0.0,0.0,0.0,2,160.0,829.0,2,268.0,205.0,0.0,0.0,0.0,0.0,60
2023-05-09 21:06:32,ru2401P12000,ru2401P12000,268.0,0.0,0.0,0.0,1,161.0,828.0,1,268.0,205.0,0.0,0.0,0.0,0.0,60
2023-05-09 21:06:32,ru2401P12000,ru2401P12000,268.0,0.0,0.0,0.0,2,162.0,827.0,2,268.0,205.0,0.0,0.0,0.0,0.0,60
2023-05-09 21:06:33,ru2401P12000,ru2401P12000,268.0,0.0,0.0,0.0,2,162.0,827.0,2,268.0,205.0,0.0,0.0,0.0,0.0,60
2023-05-09 21:06:33,ru2401P12000,ru2401P12000,268.0,0.0,0.0,0.0,1,163.0,826.0,1,268.0,205.0,0.0,0.0,0.0,0.0,60
2023-05-09 21:06:34,ru2401P12000,ru2401P12000,268.0,0.0,0.0,0.0,2,164.0,825.0,2,268.0,205.0,0.0,0.0,0.0,0.0,60
2023-05-09 21:06:34,ru2401P12000,ru2401P12000,268.0,0.0,0.0,0.0,2,164.0,825.0,2,268.0,205.0,0.0,0.0,0.0,0.0,60
2023-05-09 21:06:35,ru2401P12000,ru2401P12000,268.0,0.0,0.0,0.0,1,165.0,824.0,1,268.0,205.0,0.0,0.0,0.0,0.0,60
2023-05-09 21:06:35,ru2401P12000,ru2401P12000,268.0,0.0,0.0,0.0,2,166.0,823.0,2,268.0,205.0,0.0,0.0,0.0,0.0,60
2023-05-09 21:06:36,ru2401P12000,ru2401P12000,268.0,0.0,0.0,0.0,2,166.0,823.0,2,268.0,205.0,0.0,0.0,0.0,0.0,60
2023-05-09 21:06:36,ru2401P12000,ru2401P12000,268.0,0.0,0.0,0.0,1,167.0,822.0,1,268.0,205.0,0.0,0.0,0.0,0.0,60
2023-05-09 21:06:37,ru2401P12000,ru2401P12000,268.0,0.0,0.0,0.0,2,168.0,821.0,2,268.0,205.0,0.0,0.0,0.0,0.0,60
2023-05-09 21:06:37,ru2401P12000,ru2401P12000,268.0,0.0,0.0,0.0,2,168.0,821.0,2,268.0,205.0,0.0,0.0,0.0,0.0,60
2023-05-09 21:06:38,ru2401P12000,ru2401P12000,268.0,0.0,0.0,0.0,1,169.0,820.0,1,268.0,205.0,0.0,0.0,0.0,0.0,60
2023-05-09 21:06:38,ru2401P12000,ru2401P12000,268.0,0.0,0.0,0.0,2,170.0,819.0,2,268.0,205.0,0.0,0.0,0.0,0.0,60
2023-05-09 21:06:39,ru2401P12000,ru2401P12000,268.0,0.0,0.0,0.0,2,170.0,819.0,2,268.0,205.0,0.0,0.0,0.0,0.0,60
2023-05-09 21:06:39,ru2401P12000,ru2401P12000,268.0,0.0,0.0,0.0,1,171.0,818.0,1,268.0,205.0,0.0,0.0,0.0,0.0,60
2023-05-09 21:06:40,ru2401P12000,ru2401P12000,268.0,0.0,0.0,0.0,2,172.0,817.0,2,268.0,205.0,0.0,0.0,0.0,0.0,60
2023-05-09 21:06:40,ru2401P12000,ru2401P12000,268.0,0.0,0.0,0.0,2,172.0,817.0,2,268.0,205.0,0.0,0.0,0.0,0.0,60
2023-05-09 21:06:41,ru2401P12000,ru2401P12000,268.0,0.0,0.0,0.0,1,173.0,816.0,1,268.0,205.0,0.0,0.0,0.0,0.0,60
2023-05-09 21:06:41,ru2401P12000,ru2401P12000,268.0,0.0,0.0,0.0,2,174.0,815.0,2,268.0,205.0,0.0,0.0,0.0,0.0,60
2023-05-09 21:06:42,ru2401P12000,ru2401P12000,268.0,0.0,0.0,0.0,2,174.0,815.0,2,268.0,205.0,0.0,0.0,0.0,0.0,60
2023-05-09 21:06:42,ru2401P12000,ru2401P12000,268.0,0.0,0.0,0.0,1,175.0,814.0,1,268.0,205.0,0.0,0.0,0.0,0.0,60
2023-05-09 21:06:43,ru2401P12000,ru2401P12000,268.0,0.0,0.0,0.0,3,175.0,813.0,2,268.0,205.0,0.0,0.0,0.0,0.0,60
2023-05-09 21:06:43,ru2401P12000,ru2401P12000,268.0,0.0,0.0,0.0,3,175.0,813.0,2,268.0,205.0,0.0,0.0,0.0,0.0,60
2023-05-09 21:06:44,ru2401P12000,ru2401P12000,268.0,0.0,0.0,0.0,3,175.0,812.0,1,268.0,205.0,0.0,0.0,0.0,0.0,60
2023-05-09 21:06:44,ru2401P12000,ru2401P12000,268.0,0.0,0.0,0.0,3,175.0,811.0,2,268.0,205.0,0.0,0.0,0.0,0.0,60
2023-05-09 21:06:45,ru2401P12000,ru2401P12000,268.0,0.0,0.0,0.0,3,175.0,811.0,2,268.0,205.0,0.0,0.0,0.0,0.0,60
2023-05-09 21:06:45,ru2401P12000,ru2401P12000,268.0,0.0,0.0,0.0,3,175.0,810.0,1,268.0,205.0,0.0,0.0,0.0,0.0,60
2023-05-09 21:06:46,ru2401P12000,ru2401P12000,268.0,0.0,0.0,0.0,3,175.0,809.0,2,268.0,205.0,0.0,0.0,0.0,0.0,60
2023-05-09 21:06:46,ru2401P12000,ru2401P12000,268.0,0.0,0.0,0.0,3,175.0,809.0,2,268.0,205.0,0.0,0.0,0.0,0.0,60
2023-05-09 21:06:47,ru2401P12000,ru2401P12000,268.0,0.0,0.0,0.0,3,175.0,808.0,1,268.0,205.0,0.0,0.0,0.0,0.0,60
2023-05-09 21:06:47,ru2401P12000,ru2401P12000,268.0,0.0,0.0,0.0,3,175.0,807.0,2,268.0,205.0,0.0,0.0,0.0,0.0,60
2023-05-09 21:06:48,ru2401P12000,ru2401P12000,268.0,0.0,0.0,0.0,3,175.0,807.0,2,268.0,205.0,0.0,0.0,0.0,0.0,60
2023-05-09 21:06:48,ru2401P12000,ru2401P12000,268.0,0.0,0.0,0.0,3,175.0,806.0,1,268.0,205.0,0.0,0.0,0.0,0.0,60
2023-05-09 21:06:49,ru2401P12000,ru2401P12000,268.0,0.0,0.0,0.0,3,175.0,805.0,2,268.0,205.0,0.0,0.0,0.0,0.0,60
2023-05-09 21:06:49,ru2401P12000,ru2401P12000,268.0,0.0,0.0,0.0,3,175.0,805.0,2,268.0,205.0,0.0,0.0,0.0,0.0,60
2023-05-09 21:06:50,ru2401P12000,ru2401P12000,268.0,0.0,0.0,0.0,3,175.0,804.0,1,268.0,205.0,0.0,0.0,0.0,0.0,60
2023-05-09 21:06:50,ru2401P12000,ru2401P12000,268.0,0.0,0.0,0.0,3,175.0,803.0,2,268.0,205.0,0.0,0.0,0.0,0.0,60
2023-05-09 21:06:51,ru2401P12000,ru2401P12000,268.0,0.0,0.0,0.0,3,175.0,803.0,2,268.0,205.0,0.0,0.0,0.0,0.0,60
2023-05-09 21:06:51,ru2401P12000,ru2401P12000,268.0,0.0,0.0,0.0,3,175.0,802.0,1,268.0,205.0,0.0,0.0,0.0,0.0,60
2023-05-09 21:06:52,ru2401P12000,ru2401P12000,268.0,0.0,0.0,0.0,3,175.0,801.0,2,268.0,205.0,0.0,0.0,0.0,0.0,60
2023-05-09 21:06:52,ru2401P12000,ru2401P12000,268.0,0.0,0.0,0.0,3,175.0,801.0,2,268.0,205.0,0.0,0.0,0.0,0.0,60
2023-05-09 21:06:53,ru2401P12000,ru2401P12000,268.0,0.0,0.0,0.0,3,175.0,800.0,1,268.0,205.0,0.0,0.0,0.0,0.0,60
2023-05-09 21:06:53,ru2401P12000,ru2401P12000,268.0,0.0,0.0,0.0,3,175.0,799.0,2,268.0,205.0,0.0,0.0,0.0,0.0,60
2023-05-09 21:06:54,ru2401P12000,ru2401P12000,268.0,0.0,0.0,0.0,3,175.0,799.0,2,268.0,205.0,0.0,0.0,0.0,0.0,60
2023-05-09 21:06:54,ru2401P12000,ru2401P12000,268.0,0.0,0.0,0.0,3,175.0,798.0,1,268.0,205.0,0.0,0.0,0.0,0.0,60
2023-05-09 21:06:55,ru2401P12000,ru2401P12000,268.0,0.0,0.0,0.0,3,175.0,797.0,2,268.0,205.0,0.0,0.0,0.0,0.0,60
2023-05-09 21:06:55,ru2401P12000,ru2401P12000,268.0,0.0,0.0,0.0,3,175.0,797.0,2,268.0,205.0,0.0,0.0,0.0,0.0,60
2023-05-09 21:06:56,ru2401P12000,ru2401P12000,268.0,0.0,0.0,0.0,3,175.0,796.0,1,268.0,205.0,0.0,0.0,0.0,0.0,60
2023-05-09 21:06:56,ru2401P12000,ru2401P12000,268.0,0.0,0.0,0.0,3,175.0,795.0,2,268.0,205.0,0.0,0.0,0.0,0.0,60
2023-05-09 21:06:57,ru2401P12000,ru2401P12000,268.0,0.0,0.0,0.0,3,175.0,795.0,2,268.0,205.0,0.0,0.0,0.0,0.0,60
2023-05-09 21:06:57,ru2401P12000,ru2401P12000,268.0,0.0,0.0,0.0,3,175.0,794.0,1,268.0,205.0,0.0,0.0,0.0,0.0,60
2023-05-09 21:06:58,ru2401P12000,ru2401P12000,268.0,0.0,0.0,0.0,3,175.0,793.0,2,268.0,205.0,0.0,0.0,0.0,0.0,60
2023-05-09 21:06:58,ru2401P12000,ru2401P12000,268.0,0.0,0.0,0.0,3,175.0,793.0,2,268.0,205.0,0.0,0.0,0.0,0.0,60
2023-05-09 21:06:59,ru2401P12000,ru2401P12000,268.0,0.0,0.0,0.0,3,175.0,792.0,1,268.0,205.0,0.0,0.0,0.0,0.0,60
2023-05-09 21:06:59,ru2401P12000,ru2401P12000,268.0,0.0,0.0,0.0,3,175.0,791.0,2,268.0,205.0,0.0,0.0,0.0,0.0,60
2023-05-09 21:07:00,ru2401P12000,ru2401P12000,268.0,0.0,0.0,0.0,3,175.0,791.0,2,268.0,205.0,0.0,0.0,0.0,0.0,60
2023-05-09 21:07:00,ru2401P12000,ru2401P12000,268.0,0.0,0.0,0.0,3,175.0,790.0,1,268.0,205.0,0.0,0.0,0.0,0.0,60
2023-05-09 21:07:01,ru2401P12000,ru2401P12000,268.0,0.0,0.0,0.0,3,175.0,789.0,2,268.0,205.0,0.0,0.0,0.0,0.0,60
2023-05-09 21:07:01,ru2401P12000,ru2401P12000,268.0,0.0,0.0,0.0,3,175.0,789.0,2,268.0,205.0,0.0,0.0,0.0,0.0,60
2023-05-09 21:07:02,ru2401P12000,ru2401P12000,268.0,0.0,0.0,0.0,3,175.0,788.0,1,268.0,205.0,0.0,0.0,0.0,0.0,60
2023-05-09 21:07:02,ru2401P12000,ru2401P12000,268.0,0.0,0.0,0.0,2,176.0,787.0,2,268.0,205.0,0.0,0.0,0.0,0.0,60
2023-05-09 21:07:03,ru2401P12000,ru2401P12000,268.0,0.0,0.0,0.0,2,176.0,787.0,2,268.0,205.0,0.0,0.0,0.0,0.0,60
2023-05-09 21:07:03,ru2401P12000,ru2401P12000,268.0,0.0,0.0,0.0,1,177.0,786.0,1,268.0,205.0,0.0,0.0,0.0,0.0,60
2023-05-09 21:07:04,ru2401P12000,ru2401P12000,268.0,0.0,0.0,0.0,1,177.0,785.0,2,268.0,205.0,0.0,0.0,0.0,0.0,60
2023-05-09 21:07:04,ru2401P12000,ru2401P12000,268.0,0.0,0.0,0.0,1,177.0,785.0,2,268.0,205.0,0.0,0.0,0.0,0.0,60
2023-05-09 21:07:05,ru2401P12000,ru2401P12000,268.0,0.0,0.0,0.0,1,177.0,784.0,1,268.0,205.0,0.0,0.0,0.0,0.0,60
2023-05-09 21:07:05,ru2401P12000,ru2401P12000,268.0,0.0,0.0,0.0,1,177.0,783.0,2,268.0,205.0,0.0,0.0,0.0,0.0,60
2023-05-09 21:07:06,ru2401P12000,ru2401P12000,268.0,0.0,0.0,0.0,1,177.0,783.0,2,268.0,205.0,0.0,0.0,0.0,0.0,60
2023-05-09 21:07:06,ru2401P12000,ru2401P12000,268.0,0.0,0.0,0.0,1,177.0,782.0,1,268.0,205.0,0.0,0.0,0.0,0.0,60
2023-05-09 21:07:07,ru2401P12000,ru2401P12000,268.0,0.0,0.0,0.0,1,177.0,781.0,2,268.0,205.0,0.0,0.0,0.0,0.0,60
2023-05-09 21:07:07,ru2401P12000,ru2401P12000,268.0,0.0,0.0,0.0,1,177.0,781.0,2,268.0,205.0,0.0,0.0,0.0,0.0,60
2023-05-09 21:07:08,ru2401P12000,ru2401P12000,268.0,0.0,0.0,0.0,1,177.0,780.0,1,268.0,205.0,0.0,0.0,0.0,0.0,60
2023-05-09 21:07:08,ru2401P12000,ru2401P12000,268.0,0.0,0.0,0.0,1,177.0,779.0,2,268.0,205.0,0.0,0.0,0.0,0.0,60
2023-05-09 21:07:09,ru2401P12000,ru2401P12000,268.0,0.0,0.0,0.0,1,177.0,779.0,2,268.0,205.0,0.0,0.0,0.0,0.0,60
2023-05-09 21:07:09,ru2401P12000,ru2401P12000,268.0,0.0,0.0,0.0,1,177.0,778.0,1,268.0,205.0,0.0,0.0,0.0,0.0,60
2023-05-09 21:07:10,ru2401P12000,ru2401P12000,268.0,0.0,0.0,0.0,1,177.0,777.0,2,268.0,205.0,0.0,0.0,0.0,0.0,60
2023-05-09 21:07:10,ru2401P12000,ru2401P12000,268.0,0.0,0.0,0.0,1,177.0,777.0,2,268.0,205.0,0.0,0.0,0.0,0.0,60
2023-05-09 21:07:11,ru2401P12000,ru2401P12000,268.0,0.0,0.0,0.0,1,177.0,776.0,1,268.0,205.0,0.0,0.0,0.0,0.0,60
2023-05-09 21:07:11,ru2401P12000,ru2401P12000,268.0,0.0,0.0,0.0,1,177.0,775.0,2,268.0,205.0,0.0,0.0,0.0,0.0,60
2023-05-09 21:07:12,ru2401P12000,ru2401P12000,268.0,0.0,0.0,0.0,1,177.0,775.0,2,268.0,205.0,0.0,0.0,0.0,0.0,60
2023-05-09 21:07:12,ru2401P12000,ru2401P12000,268.0,0.0,0.0,0.0,1,177.0,774.0,1,268.0,205.0,0.0,0.0,0.0,0.0,60
2023-05-09 21:07:13,ru2401P12000,ru2401P12000,268.0,0.0,0.0,0.0,1,177.0,773.0,2,268.0,205.0,0.0,0.0,0.0,0.0,60
2023-05-09 21:07:13,ru2401P12000,ru2401P12000,268.0,0.0,0.0,0.0,1,177.0,773.0,2,268.0,205.0,0.0,0.0,0.0,0.0,60
2023-05-09 21:07:14,ru2401P12000,ru2401P12000,268.0,0.0,0.0,0.0,1,177.0,772.0,1,268.0,205.0,0.0,0.0,0.0,0.0,60
2023-05-09 21:07:14,ru2401P12000,ru2401P12000,268.0,0.0,0.0,0.0,1,177.0,771.0,2,268.0,205.0,0.0,0.0,0.0,0.0,60
2023-05-09 21:07:15,ru2401P12000,ru2401P12000,268.0,0.0,0.0,0.0,1,177.0,771.0,2,268.0,205.0,0.0,0.0,0.0,0.0,60
2023-05-09 21:07:15,ru2401P12000,ru2401P12000,268.0,0.0,0.0,0.0,1,177.0,770.0,1,268.0,205.0,0.0,0.0,0.0,0.0,60
2023-05-09 21:07:16,ru2401P12000,ru2401P12000,268.0,0.0,0.0,0.0,1,177.0,769.0,2,268.0,205.0,0.0,0.0,0.0,0.0,60
2023-05-09 21:07:16,ru2401P12000,ru2401P12000,268.0,0.0,0.0,0.0,1,177.0,769.0,2,268.0,205.0,0.0,0.0,0.0,0.0,60
2023-05-09 21:07:17,ru2401P12000,ru2401P12000,268.0,0.0,0.0,0.0,1,177.0,768.0,1,268.0,205.0,0.0,0.0,0.0,0.0,60
2023-05-09 21:07:17,ru2401P12000,ru2401P12000,268.0,0.0,0.0,0.0,1,177.0,767.0,2,268.0,205.0,0.0,0.0,0.0,0.0,60
2023-05-09 21:07:18,ru2401P12000,ru2401P12000,268.0,0.0,0.0,0.0,1,177.0,767.0,2,268.0,205.0,0.0,0.0,0.0,0.0,60
2023-05-09 21:07:18,ru2401P12000,ru2401P12000,268.0,0.0,0.0,0.0,1,177.0,766.0,1,268.0,205.0,0.0,0.0,0.0,0.0,60
2023-05-09 21:07:19,ru2401P12000,ru2401P12000,268.0,0.0,0.0,0.0,1,177.0,765.0,2,268.0,205.0,0.0,0.0,0.0,0.0,60
2023-05-09 21:07:19,ru2401P12000,ru2401P12000,268.0,0.0,0.0,0.0,1,177.0,765.0,2,268.0,205.0,0.0,0.0,0.0,0.0,60
2023-05-09 21:07:20,ru2401P12000,ru2401P12000,268.0,0.0,0.0,0.0,1,177.0,764.0,1,268.0,205.0,0.0,0.0,0.0,0.0,60
2023-05-09 21:07:20,ru2401P12000,ru2401P12000,268.0,0.0,0.0,0.0,1,177.0,763.0,2,268.0,205.0,0.0,0.0,0.0,0.0,60
2023-05-09 21:07:21,ru2401P12000,ru2401P12000,268.0,0.0,0.0,0.0,1,177.0,763.0,2,268.0,205.0,0.0,0.0,0.0,0.0,60
2023-05-09 21:07:21,ru2401P12000,ru2401P12000,268.0,0.0,0.0,0.0,1,177.0,762.0,1,268.0,205.0,0.0,0.0,0.0,0.0,60
2023-05-09 21:07:22,ru2401P12000,ru2401P12000,268.0,0.0,0.0,0.0,1,177.0,761.0,2,268.0,205.0,0.0,0.0,0.0,0.0,60
2023-05-09 21:07:22,ru2401P12000,ru2401P12000,268.0,0.0,0.0,0.0,1,177.0,761.0,2,268.0,205.0,0.0,0.0,0.0,0.0,60
2023-05-09 21:07:23,ru2401P12000,ru2401P12000,268.0,0.0,0.0,0.0,1,177.0,760.0,1,268.0,205.0,0.0,0.0,0.0,0.0,60
2023-05-09 21:07:23,ru2401P12000,ru2401P12000,268.0,0.0,0.0,0.0,1,177.0,759.0,2,268.0,205.0,0.0,0.0,0.0,0.0,60
2023-05-09 21:07:24,ru2401P12000,ru2401P12000,268.0,0.0,0.0,0.0,1,177.0,759.0,2,268.0,205.0,0.0,0.0,0.0,0.0,60
2023-05-09 21:07:24,ru2401P12000,ru2401P12000,268.0,0.0,0.0,0.0,1,177.0,758.0,1,268.0,205.0,0.0,0.0,0.0,0.0,60
2023-05-09 21:07:25,ru2401P12000,ru2401P12000,268.0,0.0,0.0,0.0,1,177.0,757.0,2,268.0,205.0,0.0,0.0,0.0,0.0,60
2023-05-09 21:07:25,ru2401P12000,ru2401P12000,268.0,0.0,0.0,0.0,1,177.0,757.0,2,268.0,205.0,0.0,0.0,0.0,0.0,60
2023-05-09 21:07:26,ru2401P12000,ru2401P12000,268.0,0.0,0.0,0.0,1,177.0,756.0,1,268.0,205.0,0.0,0.0,0.0,0.0,60
2023-05-09 21:07:26,ru2401P12000,ru2401P12000,268.0,0.0,0.0,0.0,1,177.0,755.0,2,268.0,205.0,0.0,0.0,0.0,0.0,60
2023-05-09 21:07:27,ru2401P12000,ru2401P12000,268.0,0.0,0.0,0.0,1,177.0,755.0,2,268.0,205.0,0.0,0.0,0.0,0.0,60
2023-05-09 21:07:27,ru2401P12000,ru2401P12000,268.0,0.0,0.0,0.0,1,177.0,754.0,1,268.0,205.0,0.0,0.0,0.0,0.0,60
2023-05-09 21:07:28,ru2401P12000,ru2401P12000,268.0,0.0,0.0,0.0,1,177.0,753.0,2,268.0,205.0,0.0,0.0,0.0,0.0,60
2023-05-09 21:07:28,ru2401P12000,ru2401P12000,268.0,0.0,0.0,0.0,1,177.0,753.0,2,268.0,205.0,0.0,0.0,0.0,0.0,60
2023-05-09 21:07:29,ru2401P12000,ru2401P12000,268.0,0.0,0.0,0.0,1,177.0,752.0,1,268.0,205.0,0.0,0.0,0.0,0.0,60
2023-05-09 21:07:29,ru2401P12000,ru2401P12000,268.0,0.0,0.0,0.0,1,177.0,751.0,2,268.0,205.0,0.0,0.0,0.0,0.0,60
2023-05-09 21:07:30,ru2401P12000,ru2401P12000,268.0,0.0,0.0,0.0,1,177.0,751.0,2,268.0,205.0,0.0,0.0,0.0,0.0,60
2023-05-09 21:07:30,ru2401P12000,ru2401P12000,268.0,0.0,0.0,0.0,1,177.0,750.0,1,268.0,205.0,0.0,0.0,0.0,0.0,60
2023-05-09 21:07:31,ru2401P12000,ru2401P12000,268.0,0.0,0.0,0.0,1,177.0,749.0,2,268.0,205.0,0.0,0.0,0.0,0.0,60
2023-05-09 21:07:31,ru2401P12000,ru2401P12000,268.0,0.0,0.0,0.0,1,177.0,749.0,2,268.0,205.0,0.0,0.0,0.0,0.0,60
2023-05-09 21:07:32,ru2401P12000,ru2401P12000,268.0,0.0,0.0,0.0,1,177.0,748.0,1,268.0,205.0,0.0,0.0,0.0,0.0,60
2023-05-09 21:07:32,ru2401P12000,ru2401P12000,268.0,0.0,0.0,0.0,1,177.0,747.0,2,268.0,205.0,0.0,0.0,0.0,0.0,60
2023-05-09 21:07:33,ru2401P12000,ru2401P12000,268.0,0.0,0.0,0.0,1,177.0,747.0,2,268.0,205.0,0.0,0.0,0.0,0.0,60
2023-05-09 21:07:33,ru2401P12000,ru2401P12000,268.0,0.0,0.0,0.0,1,177.0,746.0,1,268.0,205.0,0.0,0.0,0.0,0.0,60
2023-05-09 21:07:34,ru2401P12000,ru2401P12000,268.0,0.0,0.0,0.0,1,177.0,745.0,2,268.0,205.0,0.0,0.0,0.0,0.0,60
2023-05-09 21:07:34,ru2401P12000,ru2401P12000,268.0,0.0,0.0,0.0,1,177.0,745.0,2,268.0,205.0,0.0,0.0,0.0,0.0,60
2023-05-09 21:07:35,ru2401P12000,ru2401P12000,268.0,0.0,0.0,0.0,1,177.0,744.0,1,268.0,205.0,0.0,0.0,0.0,0.0,60
2023-05-09 21:07:35,ru2401P12000,ru2401P12000,268.0,0.0,0.0,0.0,1,177.0,743.0,2,268.0,205.0,0.0,0.0,0.0,0.0,60
2023-05-09 21:07:36,ru2401P12000,ru2401P12000,268.0,0.0,0.0,0.0,1,177.0,743.0,2,268.0,205.0,0.0,0.0,0.0,0.0,60
2023-05-09 21:07:36,ru2401P12000,ru2401P12000,268.0,0.0,0.0,0.0,1,177.0,742.0,1,268.0,205.0,0.0,0.0,0.0,0.0,60
2023-05-09 21:07:37,ru2401P12000,ru2401P12000,268.0,0.0,0.0,0.0,1,177.0,741.0,2,268.0,205.0,0.0,0.0,0.0,0.0,60
2023-05-09 21:07:37,ru2401P12000,ru2401P12000,268.0,0.0,0.0,0.0,1,177.0,741.0,2,268.0,205.0,0.0,0.0,0.0,0.0,60
2023-05-09 21:07:38,ru2401P12000,ru2401P12000,268.0,0.0,0.0,0.0,1,177.0,740.0,1,268.0,205.0,0.0,0.0,0.0,0.0,60
2023-05-09 21:07:38,ru2401P12000,ru2401P12000,268.0,0.0,0.0,0.0,1,177.0,739.0,2,268.0,205.0,0.0,0.0,0.0,0.0,60
2023-05-09 21:07:39,ru2401P12000,ru2401P12000,268.0,0.0,0.0,0.0,1,177.0,739.0,2,268.0,205.0,0.0,0.0,0.0,0.0,60
2023-05-09 21:07:39,ru2401P12000,ru2401P12000,268.0,0.0,0.0,0.0,1,177.0,738.0,1,268.0,205.0,0.0,0.0,0.0,0.0,60
2023-05-09 21:07:40,ru2401P12000,ru2401P12000,268.0,0.0,0.0,0.0,1,177.0,737.0,2,268.0,205.0,0.0,0.0,0.0,0.0,60
2023-05-09 21:07:40,ru2401P12000,ru2401P12000,268.0,0.0,0.0,0.0,1,177.0,737.0,2,268.0,205.0,0.0,0.0,0.0,0.0,60
2023-05-09 21:07:41,ru2401P12000,ru2401P12000,268.0,0.0,0.0,0.0,1,177.0,736.0,1,268.0,205.0,0.0,0.0,0.0,0.0,60
2023-05-09 21:07:41,ru2401P12000,ru2401P12000,268.0,0.0,0.0,0.0,1,177.0,735.0,2,268.0,205.0,0.0,0.0,0.0,0.0,60
2023-05-09 21:07:42,ru2401P12000,ru2401P12000,268.0,0.0,0.0,0.0,1,177.0,735.0,2,268.0,205.0,0.0,0.0,0.0,0.0,60
2023-05-09 21:07:42,ru2401P12000,ru2401P12000,268.0,0.0,0.0,0.0,1,177.0,734.0,1,268.0,205.0,0.0,0.0,0.0,0.0,60
2023-05-09 21:07:43,ru2401P12000,ru2401P12000,268.0,0.0,0.0,0.0,1,177.0,733.0,2,268.0,205.0,0.0,0.0,0.0,0.0,60
2023-05-09 21:07:43,ru2401P12000,ru2401P12000,268.0,0.0,0.0,0.0,1,177.0,733.0,2,268.0,205.0,0.0,0.0,0.0,0.0,60
2023-05-09 21:07:44,ru2401P12000,ru2401P12000,268.0,0.0,0.0,0.0,1,177.0,732.0,1,268.0,205.0,0.0,0.0,0.0,0.0,60
2023-05-09 21:07:44,ru2401P12000,ru2401P12000,268.0,0.0,0.0,0.0,1,177.0,731.0,2,268.0,205.0,0.0,0.0,0.0,0.0,60
2023-05-09 21:07:45,ru2401P12000,ru2401P12000,268.0,0.0,0.0,0.0,1,177.0,731.0,2,268.0,205.0,0.0,0.0,0.0,0.0,60
2023-05-09 21:07:45,ru2401P12000,ru2401P12000,268.0,0.0,0.0,0.0,1,177.0,730.0,1,268.0,205.0,0.0,0.0,0.0,0.0,60
2023-05-09 21:07:46,ru2401P12000,ru2401P12000,268.0,0.0,0.0,0.0,1,177.0,729.0,2,268.0,205.0,0.0,0.0,0.0,0.0,60
2023-05-09 21:07:46,ru2401P12000,ru2401P12000,268.0,0.0,0.0,0.0,1,177.0,729.0,2,268.0,205.0,0.0,0.0,0.0,0.0,60
2023-05-09 21:07:47,ru2401P12000,ru2401P12000,268.0,0.0,0.0,0.0,1,177.0,728.0,1,268.0,205.0,0.0,0.0,0.0,0.0,60
2023-05-09 21:07:47,ru2401P12000,ru2401P12000,268.0,0.0,0.0,0.0,1,177.0,727.0,2,268.0,205.0,0.0,0.0,0.0,0.0,60
2023-05-09 21:07:48,ru2401P12000,ru2401P12000,268.0,0.0,0.0,0.0,1,177.0,727.0,2,268.0,205.0,0.0,0.0,0.0,0.0,60
2023-05-09 21:07:48,ru2401P12000,ru2401P12000,268.0,0.0,0.0,0.0,1,177.0,726.0,1,268.0,205.0,0.0,0.0,0.0,0.0,60
2023-05-09 21:07:49,ru2401P12000,ru2401P12000,268.0,0.0,0.0,0.0,1,177.0,725.0,2,268.0,205.0,0.0,0.0,0.0,0.0,60
2023-05-09 21:07:49,ru2401P12000,ru2401P12000,268.0,0.0,0.0,0.0,1,177.0,725.0,2,268.0,205.0,0.0,0.0,0.0,0.0,60
2023-05-09 21:07:50,ru2401P12000,ru2401P12000,268.0,0.0,0.0,0.0,1,177.0,724.0,1,268.0,205.0,0.0,0.0,0.0,0.0,60
2023-05-09 21:07:50,ru2401P12000,ru2401P12000,268.0,0.0,0.0,0.0,1,177.0,723.0,2,268.0,205.0,0.0,0.0,0.0,0.0,60
2023-05-09 21:07:51,ru2401P12000,ru2401P12000,268.0,0.0,0.0,0.0,1,177.0,723.0,2,268.0,205.0,0.0,0.0,0.0,0.0,60
2023-05-09 21:07:51,ru2401P12000,ru2401P12000,268.0,0.0,0.0,0.0,1,177.0,722.0,1,268.0,205.0,0.0,0.0,0.0,0.0,60
2023-05-09 21:07:52,ru2401P12000,ru2401P12000,268.0,0.0,0.0,0.0,1,177.0,721.0,2,268.0,205.0,0.0,0.0,0.0,0.0,60
2023-05-09 21:07:52,ru2401P12000,ru2401P12000,268.0,0.0,0.0,0.0,1,177.0,721.0,2,268.0,205.0,0.0,0.0,0.0,0.0,60
2023-05-09 21:07:53,ru2401P12000,ru2401P12000,268.0,0.0,0.0,0.0,1,177.0,720.0,1,268.0,205.0,0.0,0.0,0.0,0.0,60
2023-05-09 21:07:53,ru2401P12000,ru2401P12000,268.0,0.0,0.0,0.0,1,177.0,719.0,2,268.0,205.0,0.0,0.0,0.0,0.0,60
2023-05-09 21:07:54,ru2401P12000,ru2401P12000,268.0,0.0,0.0,0.0,1,177.0,719.0,2,268.0,205.0,0.0,0.0,0.0,0.0,60
2023-05-09 21:07:54,ru2401P12000,ru2401P12000,268.0,0.0,0.0,0.0,1,177.0,718.0,1,268.0,205.0,0.0,0.0,0.0,0.0,60
2023-05-09 21:07:55,ru2401P12000,ru2401P12000,268.0,0.0,0.0,0.0,1,177.0,717.0,2,268.0,205.0,0.0,0.0,0.0,0.0,60
2023-05-09 21:07:55,ru2401P12000,ru2401P12000,268.0,0.0,0.0,0.0,1,177.0,717.0,2,268.0,205.0,0.0,0.0,0.0,0.0,60
2023-05-09 21:07:56,ru2401P12000,ru2401P12000,268.0,0.0,0.0,0.0,1,177.0,716.0,1,268.0,205.0,0.0,0.0,0.0,0.0,60
2023-05-09 21:07:56,ru2401P12000,ru2401P12000,268.0,0.0,0.0,0.0,1,177.0,715.0,2,268.0,205.0,0.0,0.0,0.0,0.0,60
2023-05-09 21:07:57,ru2401P12000,ru2401P12000,268.0,0.0,0.0,0.0,1,177.0,715.0,2,268.0,205.0,0.0,0.0,0.0,0.0,60
2023-05-09 21:07:57,ru2401P12000,ru2401P12000,268.0,0.0,0.0,0.0,1,177.0,714.0,1,268.0,205.0,0.0,0.0,0.0,0.0,60
2023-05-09 21:07:58,ru2401P12000,ru2401P12000,268.0,0.0,0.0,0.0,1,177.0,713.0,2,268.0,205.0,0.0,0.0,0.0,0.0,60
2023-05-09 21:07:58,ru2401P12000,ru2401P12000,268.0,0.0,0.0,0.0,1,177.0,713.0,2,268.0,205.0,0.0,0.0,0.0,0.0,60
2023-05-09 21:07:59,ru2401P12000,ru2401P12000,268.0,0.0,0.0,0.0,1,177.0,712.0,1,268.0,205.0,0.0,0.0,0.0,0.0,60
2023-05-09 21:07:59,ru2401P12000,ru2401P12000,268.0,0.0,0.0,0.0,1,177.0,711.0,2,268.0,205.0,0.0,0.0,0.0,0.0,60
2023-05-09 21:08:00,ru2401P12000,ru2401P12000,268.0,0.0,0.0,0.0,1,177.0,711.0,2,268.0,205.0,0.0,0.0,0.0,0.0,60
2023-05-09 21:08:00,ru2401P12000,ru2401P12000,268.0,0.0,0.0,0.0,1,177.0,710.0,1,268.0,205.0,0.0,0.0,0.0,0.0,60
2023-05-09 21:08:01,ru2401P12000,ru2401P12000,268.0,0.0,0.0,0.0,1,177.0,709.0,2,268.0,205.0,0.0,0.0,0.0,0.0,60
2023-05-09 21:08:01,ru2401P12000,ru2401P12000,268.0,0.0,0.0,0.0,1,177.0,709.0,2,268.0,205.0,0.0,0.0,0.0,0.0,60
2023-05-09 21:08:02,ru2401P12000,ru2401P12000,268.0,0.0,0.0,0.0,1,177.0,708.0,1,268.0,205.0,0.0,0.0,0.0,0.0,60
2023-05-09 21:08:02,ru2401P12000,ru2401P12000,268.0,0.0,0.0,0.0,1,177.0,707.0,2,268.0,205.0,0.0,0.0,0.0,0.0,60
2023-05-09 21:08:03,ru2401P12000,ru2401P12000,268.0,0.0,0.0,0.0,1,177.0,707.0,2,268.0,205.0,0.0,0.0,0.0,0.0,60
2023-05-09 21:08:03,ru2401P12000,ru2401P12000,268.0,0.0,0.0,0.0,1,177.0,706.0,1,268.0,205.0,0.0,0.0,0.0,0.0,60
2023-05-09 21:08:04,ru2401P12000,ru2401P12000,268.0,0.0,0.0,0.0,1,177.0,705.0,2,268.0,205.0,0.0,0.0,0.0,0.0,60
2023-05-09 21:08:04,ru2401P12000,ru2401P12000,268.0,0.0,0.0,0.0,1,177.0,705.0,2,268.0,205.0,0.0,0.0,0.0,0.0,60
2023-05-09 21:08:05,ru2401P12000,ru2401P12000,268.0,0.0,0.0,0.0,1,177.0,704.0,1,268.0,205.0,0.0,0.0,0.0,0.0,60
2023-05-09 21:08:05,ru2401P12000,ru2401P12000,268.0,0.0,0.0,0.0,1,177.0,703.0,2,268.0,205.0,0.0,0.0,0.0,0.0,60
2023-05-09 21:08:06,ru2401P12000,ru2401P12000,268.0,0.0,0.0,0.0,1,177.0,703.0,2,268.0,205.0,0.0,0.0,0.0,0.0,60
2023-05-09 21:08:06,ru2401P12000,ru2401P12000,268.0,0.0,0.0,0.0,1,177.0,702.0,1,268.0,205.0,0.0,0.0,0.0,0.0,60
2023-05-09 21:08:07,ru2401P12000,ru2401P12000,268.0,0.0,0.0,0.0,1,177.0,701.0,2,268.0,205.0,0.0,0.0,0.0,0.0,60
2023-05-09 21:08:07,ru2401P12000,ru2401P12000,268.0,0.0,0.0,0.0,1,177.0,701.0,2,268.0,205.0,0.0,0.0,0.0,0.0,60
2023-05-09 21:08:08,ru2401P12000,ru2401P12000,268.0,0.0,0.0,0.0,1,177.0,700.0,1,268.0,205.0,0.0,0.0,0.0,0.0,60
2023-05-09 21:08:08,ru2401P12000,ru2401P12000,268.0,0.0,0.0,0.0,1,177.0,699.0,2,268.0,205.0,0.0,0.0,0.0,0.0,60
2023-05-09 21:08:09,ru2401P12000,ru2401P12000,268.0,0.0,0.0,0.0,1,177.0,699.0,2,268.0,205.0,0.0,0.0,0.0,0.0,60
2023-05-09 21:08:09,ru2401P12000,ru2401P12000,268.0,0.0,0.0,0.0,1,177.0,698.0,1,268.0,205.0,0.0,0.0,0.0,0.0,60
2023-05-09 21:08:10,ru2401P12000,ru2401P12000,268.0,0.0,0.0,0.0,1,177.0,697.0,2,268.0,205.0,0.0,0.0,0.0,0.0,60
2023-05-09 21:08:10,ru2401P12000,ru2401P12000,268.0,0.0,0.0,0.0,1,177.0,697.0,2,268.0,205.0,0.0,0.0,0.0,0.0,60
2023-05-09 21:08:11,ru2401P12000,ru2401P12000,268.0,0.0,0.0,0.0,1,177.0,696.0,1,268.0,205.0,0.0,0.0,0.0,0.0,60
2023-05-09 21:08:11,ru2401P12000,ru2401P12000,268.0,0.0,0.0,0.0,1,177.0,695.0,2,268.0,205.0,0.0,0.0,0.0,0.0,60
2023-05-09 21:08:12,ru2401P12000,ru2401P12000,268.0,0.0,0.0,0.0,1,177.0,695.0,2,268.0,205.0,0.0,0.0,0.0,0.0,60
2023-05-09 21:08:12,ru2401P12000,ru2401P12000,268.0,0.0,0.0,0.0,1,177.0,694.0,1,268.0,205.0,0.0,0.0,0.0,0.0,60
2023-05-09 21:08:13,ru2401P12000,ru2401P12000,268.0,0.0,0.0,0.0,1,177.0,693.0,2,268.0,205.0,0.0,0.0,0.0,0.0,60
2023-05-09 21:08:13,ru2401P12000,ru2401P12000,268.0,0.0,0.0,0.0,1,177.0,693.0,2,268.0,205.0,0.0,0.0,0.0,0.0,60
2023-05-09 21:08:14,ru2401P12000,ru2401P12000,268.0,0.0,0.0,0.0,1,177.0,692.0,1,268.0,205.0,0.0,0.0,0.0,0.0,60
2023-05-09 21:08:14,ru2401P12000,ru2401P12000,268.0,0.0,0.0,0.0,1,177.0,691.0,2,268.0,205.0,0.0,0.0,0.0,0.0,60
2023-05-09 21:08:15,ru2401P12000,ru2401P12000,268.0,0.0,0.0,0.0,1,177.0,691.0,2,268.0,205.0,0.0,0.0,0.0,0.0,60
2023-05-09 21:08:15,ru2401P12000,ru2401P12000,268.0,0.0,0.0,0.0,1,177.0,690.0,1,268.0,205.0,0.0,0.0,0.0,0.0,60
2023-05-09 21:08:16,ru2401P12000,ru2401P12000,268.0,0.0,0.0,0.0,1,177.0,689.0,2,268.0,205.0,0.0,0.0,0.0,0.0,60
2023-05-09 21:08:16,ru2401P12000,ru2401P12000,268.0,0.0,0.0,0.0,1,177.0,689.0,2,268.0,205.0,0.0,0.0,0.0,0.0,60
2023-05-09 21:08:17,ru2401P12000,ru2401P12000,268.0,0.0,0.0,0.0,1,177.0,688.0,1,268.0,205.0,0.0,0.0,0.0,0.0,60
2023-05-09 21:08:17,ru2401P12000,ru2401P12000,268.0,0.0,0.0,0.0,1,177.0,687.0,2,268.0,205.0,0.0,0.0,0.0,0.0,60
2023-05-09 21:08:18,ru2401P12000,ru2401P12000,268.0,0.0,0.0,0.0,1,177.0,687.0,2,268.0,205.0,0.0,0.0,0.0,0.0,60
2023-05-09 21:08:18,ru2401P12000,ru2401P12000,268.0,0.0,0.0,0.0,1,177.0,686.0,1,268.0,205.0,0.0,0.0,0.0,0.0,60
2023-05-09 21:08:19,ru2401P12000,ru2401P12000,268.0,0.0,0.0,0.0,1,177.0,685.0,2,268.0,205.0,0.0,0.0,0.0,0.0,60
2023-05-09 21:08:19,ru2401P12000,ru2401P12000,268.0,0.0,0.0,0.0,1,177.0,685.0,2,268.0,205.0,0.0,0.0,0.0,0.0,60
2023-05-09 21:08:20,ru2401P12000,ru2401P12000,268.0,0.0,0.0,0.0,1,177.0,684.0,1,268.0,205.0,0.0,0.0,0.0,0.0,60
2023-05-09 21:08:20,ru2401P12000,ru2401P12000,268.0,0.0,0.0,0.0,1,177.0,683.0,2,268.0,205.0,0.0,0.0,0.0,0.0,60
2023-05-09 21:08:21,ru2401P12000,ru2401P12000,268.0,0.0,0.0,0.0,1,177.0,683.0,2,268.0,205.0,0.0,0.0,0.0,0.0,60
2023-05-09 21:08:21,ru2401P12000,ru2401P12000,268.0,0.0,0.0,0.0,1,177.0,682.0,1,268.0,205.0,0.0,0.0,0.0,0.0,60
2023-05-09 21:08:22,ru2401P12000,ru2401P12000,268.0,0.0,0.0,0.0,1,177.0,681.0,2,268.0,205.0,0.0,0.0,0.0,0.0,60
2023-05-09 21:08:22,ru2401P12000,ru2401P12000,268.0,0.0,0.0,0.0,1,177.0,681.0,2,268.0,205.0,0.0,0.0,0.0,0.0,60
2023-05-09 21:08:23,ru2401P12000,ru2401P12000,268.0,0.0,0.0,0.0,1,177.0,680.0,1,268.0,205.0,0.0,0.0,0.0,0.0,60
2023-05-09 21:08:23,ru2401P12000,ru2401P12000,268.0,0.0,0.0,0.0,1,177.0,679.0,2,268.0,205.0,0.0,0.0,0.0,0.0,60
2023-05-09 21:08:24,ru2401P12000,ru2401P12000,268.0,0.0,0.0,0.0,1,177.0,679.0,2,268.0,205.0,0.0,0.0,0.0,0.0,60
2023-05-09 21:08:24,ru2401P12000,ru2401P12000,268.0,0.0,0.0,0.0,1,177.0,678.0,1,268.0,205.0,0.0,0.0,0.0,0.0,60
2023-05-09 21:08:25,ru2401P12000,ru2401P12000,268.0,0.0,0.0,0.0,1,177.0,677.0,2,268.0,205.0,0.0,0.0,0.0,0.0,60
2023-05-09 21:08:25,ru2401P12000,ru2401P12000,268.0,0.0,0.0,0.0,1,177.0,677.0,2,268.0,205.0,0.0,0.0,0.0,0.0,60
2023-05-09 21:08:26,ru2401P12000,ru2401P12000,268.0,0.0,0.0,0.0,1,177.0,676.0,1,268.0,205.0,0.0,0.0,0.0,0.0,60
2023-05-09 21:08:26,ru2401P12000,ru2401P12000,268.0,0.0,0.0,0.0,1,177.0,675.0,2,268.0,205.0,0.0,0.0,0.0,0.0,60
2023-05-09 21:08:27,ru2401P12000,ru2401P12000,268.0,0.0,0.0,0.0,1,177.0,675.0,2,268.0,205.0,0.0,0.0,0.0,0.0,60
2023-05-09 21:08:27,ru2401P12000,ru2401P12000,268.0,0.0,0.0,0.0,1,177.0,674.0,1,268.0,205.0,0.0,0.0,0.0,0.0,60
2023-05-09 21:08:28,ru2401P12000,ru2401P12000,268.0,0.0,0.0,0.0,1,177.0,673.0,2,268.0,205.0,0.0,0.0,0.0,0.0,60
2023-05-09 21:08:28,ru2401P12000,ru2401P12000,268.0,0.0,0.0,0.0,1,177.0,673.0,2,268.0,205.0,0.0,0.0,0.0,0.0,60
2023-05-09 21:08:29,ru2401P12000,ru2401P12000,268.0,0.0,0.0,0.0,1,177.0,672.0,1,268.0,205.0,0.0,0.0,0.0,0.0,60
2023-05-09 21:08:29,ru2401P12000,ru2401P12000,268.0,0.0,0.0,0.0,1,177.0,671.0,2,268.0,205.0,0.0,0.0,0.0,0.0,60
2023-05-09 21:08:30,ru2401P12000,ru2401P12000,268.0,0.0,0.0,0.0,1,177.0,671.0,2,268.0,205.0,0.0,0.0,0.0,0.0,60
2023-05-09 21:08:30,ru2401P12000,ru2401P12000,268.0,0.0,0.0,0.0,1,177.0,670.0,1,268.0,205.0,0.0,0.0,0.0,0.0,60
2023-05-09 21:08:31,ru2401P12000,ru2401P12000,268.0,0.0,0.0,0.0,1,177.0,669.0,2,268.0,205.0,0.0,0.0,0.0,0.0,60
2023-05-09 21:08:31,ru2401P12000,ru2401P12000,268.0,0.0,0.0,0.0,1,177.0,669.0,2,268.0,205.0,0.0,0.0,0.0,0.0,60
2023-05-09 21:08:32,ru2401P12000,ru2401P12000,268.0,0.0,0.0,0.0,1,177.0,668.0,1,268.0,205.0,0.0,0.0,0.0,0.0,60
2023-05-09 21:08:32,ru2401P12000,ru2401P12000,268.0,0.0,0.0,0.0,1,177.0,667.0,2,268.0,205.0,0.0,0.0,0.0,0.0,60
2023-05-09 21:08:33,ru2401P12000,ru2401P12000,268.0,0.0,0.0,0.0,1,177.0,667.0,2,268.0,205.0,0.0,0.0,0.0,0.0,60
2023-05-09 21:08:33,ru2401P12000,ru2401P12000,268.0,0.0,0.0,0.0,1,177.0,666.0,1,268.0,205.0,0.0,0.0,0.0,0.0,60
2023-05-09 21:08:34,ru2401P12000,ru2401P12000,268.0,0.0,0.0,0.0,1,177.0,665.0,2,268.0,205.0,0.0,0.0,0.0,0.0,60
2023-05-09 21:08:34,ru2401P12000,ru2401P12000,268.0,0.0,0.0,0.0,1,177.0,665.0,2,268.0,205.0,0.0,0.0,0.0,0.0,60
2023-05-09 21:08:35,ru2401P12000,ru2401P12000,268.0,0.0,0.0,0.0,1,177.0,664.0,1,268.0,205.0,0.0,0.0,0.0,0.0,60
2023-05-09 21:08:35,ru2401P12000,ru2401P12000,268.0,0.0,0.0,0.0,1,177.0,663.0,2,268.0,205.0,0.0,0.0,0.0,0.0,60
2023-05-09 21:08:36,ru2401P12000,ru2401P12000,268.0,0.0,0.0,0.0,1,177.0,663.0,2,268.0,205.0,0.0,0.0,0.0,0.0,60
2023-05-09 21:08:36,ru2401P12000,ru2401P12000,268.0,0.0,0.0,0.0,1,177.0,662.0,1,268.0,205.0,0.0,0.0,0.0,0.0,60
2023-05-09 21:08:37,ru2401P12000,ru2401P12000,268.0,0.0,0.0,0.0,1,177.0,661.0,2,268.0,205.0,0.0,0.0,0.0,0.0,60
2023-05-09 21:08:37,ru2401P12000,ru2401P12000,268.0,0.0,0.0,0.0,1,177.0,661.0,2,268.0,205.0,0.0,0.0,0.0,0.0,60
2023-05-09 21:08:38,ru2401P12000,ru2401P12000,268.0,0.0,0.0,0.0,1,177.0,660.0,1,268.0,205.0,0.0,0.0,0.0,0.0,60
2023-05-09 21:08:38,ru2401P12000,ru2401P12000,268.0,0.0,0.0,0.0,1,177.0,659.0,2,268.0,205.0,0.0,0.0,0.0,0.0,60
2023-05-09 21:08:39,ru2401P12000,ru2401P12000,268.0,0.0,0.0,0.0,1,177.0,659.0,2,268.0,205.0,0.0,0.0,0.0,0.0,60
2023-05-09 21:08:39,ru2401P12000,ru2401P12000,268.0,0.0,0.0,0.0,1,177.0,658.0,1,268.0,205.0,0.0,0.0,0.0,0.0,60
2023-05-09 21:08:40,ru2401P12000,ru2401P12000,268.0,0.0,0.0,0.0,1,177.0,657.0,2,268.0,205.0,0.0,0.0,0.0,0.0,60
2023-05-09 21:08:40,ru2401P12000,ru2401P12000,268.0,0.0,0.0,0.0,1,177.0,657.0,2,268.0,205.0,0.0,0.0,0.0,0.0,60
2023-05-09 21:08:41,ru2401P12000,ru2401P12000,268.0,0.0,0.0,0.0,1,177.0,656.0,1,268.0,205.0,0.0,0.0,0.0,0.0,60
2023-05-09 21:08:41,ru2401P12000,ru2401P12000,268.0,0.0,0.0,0.0,1,177.0,655.0,2,268.0,205.0,0.0,0.0,0.0,0.0,60
2023-05-09 21:08:42,ru2401P12000,ru2401P12000,268.0,0.0,0.0,0.0,1,177.0,655.0,2,268.0,205.0,0.0,0.0,0.0,0.0,60
2023-05-09 21:08:42,ru2401P12000,ru2401P12000,268.0,0.0,0.0,0.0,1,177.0,654.0,1,268.0,205.0,0.0,0.0,0.0,0.0,60
2023-05-09 21:08:43,ru2401P12000,ru2401P12000,268.0,0.0,0.0,0.0,1,177.0,653.0,2,268.0,205.0,0.0,0.0,0.0,0.0,60
2023-05-09 21:08:43,ru2401P12000,ru2401P12000,268.0,0.0,0.0,0.0,1,177.0,653.0,2,268.0,205.0,0.0,0.0,0.0,0.0,60
2023-05-09 21:08:44,ru2401P12000,ru2401P12000,268.0,0.0,0.0,0.0,1,177.0,652.0,1,268.0,205.0,0.0,0.0,0.0,0.0,60
2023-05-09 21:08:44,ru2401P12000,ru2401P12000,268.0,0.0,0.0,0.0,1,177.0,651.0,2,268.0,205.0,0.0,0.0,0.0,0.0,60
2023-05-09 21:08:45,ru2401P12000,ru2401P12000,268.0,0.0,0.0,0.0,1,177.0,651.0,2,268.0,205.0,0.0,0.0,0.0,0.0,60
2023-05-09 21:08:45,ru2401P12000,ru2401P12000,268.0,0.0,0.0,0.0,1,177.0,650.0,1,268.0,205.0,0.0,0.0,0.0,0.0,60
2023-05-09 21:08:46,ru2401P12000,ru2401P12000,268.0,0.0,0.0,0.0,1,177.0,649.0,2,268.0,205.0,0.0,0.0,0.0,0.0,60
2023-05-09 21:08:46,ru2401P12000,ru2401P12000,268.0,0.0,0.0,0.0,1,177.0,649.0,2,268.0,205.0,0.0,0.0,0.0,0.0,60
2023-05-09 21:08:47,ru2401P12000,ru2401P12000,268.0,0.0,0.0,0.0,1,177.0,648.0,1,268.0,205.0,0.0,0.0,0.0,0.0,60
2023-05-09 21:08:47,ru2401P12000,ru2401P12000,268.0,0.0,0.0,0.0,1,177.0,647.0,2,268.0,205.0,0.0,0.0,0.0,0.0,60
2023-05-09 21:08:48,ru2401P12000,ru2401P12000,268.0,0.0,0.0,0.0,1,177.0,647.0,2,268.0,205.0,0.0,0.0,0.0,0.0,60
2023-05-09 21:08:48,ru2401P12000,ru2401P12000,268.0,0.0,0.0,0.0,1,177.0,646.0,1,268.0,205.0,0.0,0.0,0.0,0.0,60
2023-05-09 21:08:49,ru2401P12000,ru2401P12000,268.0,0.0,0.0,0.0,1,177.0,645.0,2,268.0,205.0,0.0,0.0,0.0,0.0,60
2023-05-09 21:08:49,ru2401P12000,ru2401P12000,268.0,0.0,0.0,0.0,1,177.0,645.0,2,268.0,205.0,0.0,0.0,0.0,0.0,60
2023-05-09 21:08:50,ru2401P12000,ru2401P12000,268.0,0.0,0.0,0.0,1,177.0,644.0,1,268.0,205.0,0.0,0.0,0.0,0.0,60
2023-05-09 21:08:50,ru2401P12000,ru2401P12000,268.0,0.0,0.0,0.0,1,177.0,643.0,2,268.0,205.0,0.0,0.0,0.0,0.0,60
2023-05-09 21:08:51,ru2401P12000,ru2401P12000,268.0,0.0,0.0,0.0,1,177.0,643.0,2,268.0,205.0,0.0,0.0,0.0,0.0,60
2023-05-09 21:08:51,ru2401P12000,ru2401P12000,268.0,0.0,0.0,0.0,1,177.0,642.0,1,268.0,205.0,0.0,0.0,0.0,0.0,60
2023-05-09 21:08:52,ru2401P12000,ru2401P12000,268.0,0.0,0.0,0.0,1,177.0,641.0,2,268.0,205.0,0.0,0.0,0.0,0.0,60
2023-05-09 21:08:52,ru2401P12000,ru2401P12000,268.0,0.0,0.0,0.0,1,177.0,641.0,2,268.0,205.0,0.0,0.0,0.0,0.0,60
2023-05-09 21:08:53,ru2401P12000,ru2401P12000,268.0,0.0,0.0,0.0,1,177.0,640.0,1,268.0,205.0,0.0,0.0,0.0,0.0,60
2023-05-09 21:08:53,ru2401P12000,ru2401P12000,268.0,0.0,0.0,0.0,1,177.0,639.0,2,268.0,205.0,0.0,0.0,0.0,0.0,60
2023-05-09 21:08:54,ru2401P12000,ru2401P12000,268.0,0.0,0.0,0.0,1,177.0,639.0,2,268.0,205.0,0.0,0.0,0.0,0.0,60
2023-05-09 21:08:54,ru2401P12000,ru2401P12000,268.0,0.0,0.0,0.0,1,177.0,638.0,1,268.0,205.0,0.0,0.0,0.0,0.0,60
2023-05-09 21:08:55,ru2401P12000,ru2401P12000,268.0,0.0,0.0,0.0,3,177.0,637.0,2,268.0,205.0,0.0,0.0,0.0,0.0,60
2023-05-09 21:08:55,ru2401P12000,ru2401P12000,268.0,0.0,0.0,0.0,3,177.0,637.0,2,268.0,205.0,0.0,0.0,0.0,0.0,60
2023-05-09 21:08:56,ru2401P12000,ru2401P12000,268.0,0.0,0.0,0.0,3,177.0,636.0,1,268.0,205.0,0.0,0.0,0.0,0.0,60
2023-05-09 21:08:56,ru2401P12000,ru2401P12000,268.0,0.0,0.0,0.0,3,177.0,635.0,2,268.0,205.0,0.0,0.0,0.0,0.0,60
2023-05-09 21:08:57,ru2401P12000,ru2401P12000,268.0,0.0,0.0,0.0,3,177.0,635.0,2,268.0,205.0,0.0,0.0,0.0,0.0,60
2023-05-09 21:08:57,ru2401P12000,ru2401P12000,268.0,0.0,0.0,0.0,3,177.0,634.0,1,268.0,205.0,0.0,0.0,0.0,0.0,60
2023-05-09 21:08:58,ru2401P12000,ru2401P12000,268.0,0.0,0.0,0.0,3,177.0,633.0,2,268.0,205.0,0.0,0.0,0.0,0.0,60
2023-05-09 21:08:58,ru2401P12000,ru2401P12000,268.0,0.0,0.0,0.0,3,177.0,633.0,2,268.0,205.0,0.0,0.0,0.0,0.0,60
2023-05-09 21:08:59,ru2401P12000,ru2401P12000,268.0,0.0,0.0,0.0,3,177.0,632.0,1,268.0,205.0,0.0,0.0,0.0,0.0,60
2023-05-09 21:08:59,ru2401P12000,ru2401P12000,268.0,0.0,0.0,0.0,3,177.0,631.0,2,268.0,205.0,0.0,0.0,0.0,0.0,60
2023-05-09 21:09:00,ru2401P12000,ru2401P12000,268.0,0.0,0.0,0.0,3,177.0,631.0,2,268.0,205.0,0.0,0.0,0.0,0.0,60
2023-05-09 21:09:00,ru2401P12000,ru2401P12000,268.0,0.0,0.0,0.0,3,177.0,630.0,1,268.0,205.0,0.0,0.0,0.0,0.0,60
2023-05-09 21:09:01,ru2401P12000,ru2401P12000,268.0,0.0,0.0,0.0,3,177.0,629.0,2,268.0,205.0,0.0,0.0,0.0,0.0,60
2023-05-09 21:09:01,ru2401P12000,ru2401P12000,268.0,0.0,0.0,0.0,3,177.0,629.0,2,268.0,205.0,0.0,0.0,0.0,0.0,60
2023-05-09 21:09:02,ru2401P12000,ru2401P12000,268.0,0.0,0.0,0.0,3,177.0,628.0,1,268.0,205.0,0.0,0.0,0.0,0.0,60
2023-05-09 21:09:02,ru2401P12000,ru2401P12000,268.0,0.0,0.0,0.0,3,177.0,627.0,2,268.0,205.0,0.0,0.0,0.0,0.0,60
2023-05-09 21:09:03,ru2401P12000,ru2401P12000,268.0,0.0,0.0,0.0,3,177.0,627.0,2,268.0,205.0,0.0,0.0,0.0,0.0,60
2023-05-09 21:09:03,ru2401P12000,ru2401P12000,268.0,0.0,0.0,0.0,3,177.0,626.0,1,268.0,205.0,0.0,0.0,0.0,0.0,60
2023-05-09 21:09:04,ru2401P12000,ru2401P12000,268.0,0.0,0.0,0.0,3,177.0,625.0,2,268.0,205.0,0.0,0.0,0.0,0.0,60
2023-05-09 21:09:04,ru2401P12000,ru2401P12000,268.0,0.0,0.0,0.0,3,177.0,625.0,2,268.0,205.0,0.0,0.0,0.0,0.0,60
2023-05-09 21:09:05,ru2401P12000,ru2401P12000,268.0,0.0,0.0,0.0,3,177.0,624.0,1,268.0,205.0,0.0,0.0,0.0,0.0,60
2023-05-09 21:09:05,ru2401P12000,ru2401P12000,268.0,0.0,0.0,0.0,3,177.0,623.0,2,268.0,205.0,0.0,0.0,0.0,0.0,60
2023-05-09 21:09:06,ru2401P12000,ru2401P12000,268.0,0.0,0.0,0.0,3,177.0,623.0,2,268.0,205.0,0.0,0.0,0.0,0.0,60
2023-05-09 21:09:06,ru2401P12000,ru2401P12000,268.0,0.0,0.0,0.0,3,177.0,622.0,1,268.0,205.0,0.0,0.0,0.0,0.0,60
2023-05-09 21:09:07,ru2401P12000,ru2401P12000,268.0,0.0,0.0,0.0,1,177.0,621.0,2,268.0,205.0,0.0,0.0,0.0,0.0,60
2023-05-09 21:09:07,ru2401P12000,ru2401P12000,268.0,0.0,0.0,0.0,1,177.0,621.0,2,268.0,205.0,0.0,0.0,0.0,0.0,60
2023-05-09 21:09:08,ru2401P12000,ru2401P12000,268.0,0.0,0.0,0.0,1,177.0,620.0,1,268.0,205.0,0.0,0.0,0.0,0.0,60
2023-05-09 21:09:08,ru2401P12000,ru2401P12000,268.0,0.0,0.0,0.0,1,177.0,619.0,2,268.0,205.0,0.0,0.0,0.0,0.0,60
2023-05-09 21:09:09,ru2401P12000,ru2401P12000,268.0,0.0,0.0,0.0,1,177.0,619.0,2,268.0,205.0,0.0,0.0,0.0,0.0,60
2023-05-09 21:09:09,ru2401P12000,ru2401P12000,268.0,0.0,0.0,0.0,1,177.0,618.0,1,268.0,205.0,0.0,0.0,0.0,0.0,60
2023-05-09 21:09:10,ru2401P12000,ru2401P12000,268.0,0.0,0.0,0.0,1,177.0,617.0,2,268.0,205.0,0.0,0.0,0.0,0.0,60
2023-05-09 21:09:10,ru2401P12000,ru2401P12000,268.0,0.0,0.0,0.0,1,177.0,617.0,2,268.0,205.0,0.0,0.0,0.0,0.0,60
2023-05-09 21:09:11,ru2401P12000,ru2401P12000,268.0,0.0,0.0,0.0,1,177.0,616.0,1,268.0,205.0,0.0,0.0,0.0,0.0,60
2023-05-09 21:09:11,ru2401P12000,ru2401P12000,268.0,0.0,0.0,0.0,1,177.0,615.0,2,268.0,205.0,0.0,0.0,0.0,0.0,60
2023-05-09 21:09:12,ru2401P12000,ru2401P12000,268.0,0.0,0.0,0.0,1,177.0,615.0,2,268.0,205.0,0.0,0.0,0.0,0.0,60
2023-05-09 21:09:12,ru2401P12000,ru2401P12000,268.0,0.0,0.0,0.0,1,177.0,614.0,1,268.0,205.0,0.0,0.0,0.0,0.0,60
2023-05-09 21:09:13,ru2401P12000,ru2401P12000,268.0,0.0,0.0,0.0,1,177.0,613.0,2,268.0,205.0,0.0,0.0,0.0,0.0,60
2023-05-09 21:09:13,ru2401P12000,ru2401P12000,268.0,0.0,0.0,0.0,1,177.0,613.0,2,268.0,205.0,0.0,0.0,0.0,0.0,60
2023-05-09 21:09:14,ru2401P12000,ru2401P12000,268.0,0.0,0.0,0.0,1,177.0,612.0,1,268.0,205.0,0.0,0.0,0.0,0.0,60
2023-05-09 21:09:14,ru2401P12000,ru2401P12000,268.0,0.0,0.0,0.0,1,177.0,611.0,2,268.0,205.0,0.0,0.0,0.0,0.0,60
2023-05-09 21:09:15,ru2401P12000,ru2401P12000,268.0,0.0,0.0,0.0,1,177.0,611.0,2,268.0,205.0,0.0,0.0,0.0,0.0,60
2023-05-09 21:09:15,ru2401P12000,ru2401P12000,268.0,0.0,0.0,0.0,1,177.0,610.0,1,268.0,205.0,0.0,0.0,0.0,0.0,60
2023-05-09 21:09:16,ru2401P12000,ru2401P12000,268.0,0.0,0.0,0.0,1,177.0,609.0,2,268.0,205.0,0.0,0.0,0.0,0.0,60
2023-05-09 21:09:16,ru2401P12000,ru2401P12000,268.0,0.0,0.0,0.0,1,177.0,609.0,2,268.0,205.0,0.0,0.0,0.0,0.0,60
2023-05-09 21:09:17,ru2401P12000,ru2401P12000,268.0,0.0,0.0,0.0,1,177.0,608.0,1,268.0,205.0,0.0,0.0,0.0,0.0,60
2023-05-09 21:09:17,ru2401P12000,ru2401P12000,268.0,0.0,0.0,0.0,1,177.0,607.0,2,268.0,205.0,0.0,0.0,0.0,0.0,60
2023-05-09 21:09:18,ru2401P12000,ru2401P12000,268.0,0.0,0.0,0.0,1,177.0,607.0,2,268.0,205.0,0.0,0.0,0.0,0.0,60
2023-05-09 21:09:18,ru2401P12000,ru2401P12000,268.0,0.0,0.0,0.0,1,177.0,606.0,1,268.0,205.0,0.0,0.0,0.0,0.0,60
2023-05-09 21:09:19,ru2401P12000,ru2401P12000,268.0,0.0,0.0,0.0,1,177.0,605.0,2,268.0,205.0,0.0,0.0,0.0,0.0,60
2023-05-09 21:09:19,ru2401P12000,ru2401P12000,268.0,0.0,0.0,0.0,1,177.0,605.0,2,268.0,205.0,0.0,0.0,0.0,0.0,60
2023-05-09 21:09:20,ru2401P12000,ru2401P12000,268.0,0.0,0.0,0.0,1,177.0,604.0,1,268.0,205.0,0.0,0.0,0.0,0.0,60
2023-05-09 21:09:20,ru2401P12000,ru2401P12000,268.0,0.0,0.0,0.0,1,177.0,603.0,2,268.0,205.0,0.0,0.0,0.0,0.0,60
2023-05-09 21:09:21,ru2401P12000,ru2401P12000,268.0,0.0,0.0,0.0,1,177.0,603.0,2,268.0,205.0,0.0,0.0,0.0,0.0,60
2023-05-09 21:09:21,ru2401P12000,ru2401P12000,268.0,0.0,0.0,0.0,1,177.0,602.0,1,268.0,205.0,0.0,0.0,0.0,0.0,60
2023-05-09 21:09:22,ru2401P12000,ru2401P12000,268.0,0.0,0.0,0.0,1,177.0,601.0,2,268.0,205.0,0.0,0.0,0.0,0.0,60
2023-05-09 21:09:22,ru2401P12000,ru2401P12000,268.0,0.0,0.0,0.0,1,177.0,601.0,2,268.0,205.0,0.0,0.0,0.0,0.0,60
2023-05-09 21:09:23,ru2401P12000,ru2401P12000,268.0,0.0,0.0,0.0,1,177.0,600.0,1,268.0,205.0,0.0,0.0,0.0,0.0,60
2023-05-09 21:09:23,ru2401P12000,ru2401P12000,268.0,0.0,0.0,0.0,1,177.0,599.0,2,268.0,205.0,0.0,0.0,0.0,0.0,60
2023-05-09 21:09:24,ru2401P12000,ru2401P12000,268.0,0.0,0.0,0.0,1,177.0,599.0,2,268.0,205.0,0.0,0.0,0.0,0.0,60
2023-05-09 21:09:24,ru2401P12000,ru2401P12000,268.0,0.0,0.0,0.0,1,177.0,598.0,1,268.0,205.0,0.0,0.0,0.0,0.0,60
2023-05-09 21:09:25,ru2401P12000,ru2401P12000,268.0,0.0,0.0,0.0,1,177.0,597.0,2,268.0,205.0,0.0,0.0,0.0,0.0,60
2023-05-09 21:09:25,ru2401P12000,ru2401P12000,268.0,0.0,0.0,0.0,1,177.0,597.0,2,268.0,205.0,0.0,0.0,0.0,0.0,60
2023-05-09 21:09:26,ru2401P12000,ru2401P12000,268.0,0.0,0.0,0.0,1,177.0,596.0,1,268.0,205.0,0.0,0.0,0.0,0.0,60
2023-05-09 21:09:26,ru2401P12000,ru2401P12000,268.0,0.0,0.0,0.0,1,177.0,595.0,2,268.0,205.0,0.0,0.0,0.0,0.0,60
2023-05-09 21:09:27,ru2401P12000,ru2401P12000,268.0,0.0,0.0,0.0,1,177.0,595.0,2,268.0,205.0,0.0,0.0,0.0,0.0,60
2023-05-09 21:09:27,ru2401P12000,ru2401P12000,268.0,0.0,0.0,0.0,1,177.0,594.0,1,268.0,205.0,0.0,0.0,0.0,0.0,60
2023-05-09 21:09:28,ru2401P12000,ru2401P12000,268.0,0.0,0.0,0.0,1,177.0,593.0,2,268.0,205.0,0.0,0.0,0.0,0.0,60
2023-05-09 21:09:28,ru2401P12000,ru2401P12000,268.0,0.0,0.0,0.0,1,177.0,593.0,2,268.0,205.0,0.0,0.0,0.0,0.0,60
2023-05-09 21:09:29,ru2401P12000,ru2401P12000,268.0,0.0,0.0,0.0,1,177.0,592.0,1,268.0,205.0,0.0,0.0,0.0,0.0,60
2023-05-09 21:09:29,ru2401P12000,ru2401P12000,268.0,0.0,0.0,0.0,1,177.0,591.0,2,268.0,205.0,0.0,0.0,0.0,0.0,60
2023-05-09 21:09:30,ru2401P12000,ru2401P12000,268.0,0.0,0.0,0.0,1,177.0,591.0,2,268.0,205.0,0.0,0.0,0.0,0.0,60
2023-05-09 21:09:30,ru2401P12000,ru2401P12000,268.0,0.0,0.0,0.0,1,177.0,590.0,1,268.0,205.0,0.0,0.0,0.0,0.0,60
2023-05-09 21:09:31,ru2401P12000,ru2401P12000,268.0,0.0,0.0,0.0,1,177.0,589.0,2,268.0,205.0,0.0,0.0,0.0,0.0,60
2023-05-09 21:09:31,ru2401P12000,ru2401P12000,268.0,0.0,0.0,0.0,1,177.0,589.0,2,268.0,205.0,0.0,0.0,0.0,0.0,60
2023-05-09 21:09:32,ru2401P12000,ru2401P12000,268.0,0.0,0.0,0.0,1,177.0,588.0,1,268.0,205.0,0.0,0.0,0.0,0.0,60
2023-05-09 21:09:32,ru2401P12000,ru2401P12000,268.0,0.0,0.0,0.0,1,177.0,587.0,2,268.0,205.0,0.0,0.0,0.0,0.0,60
2023-05-09 21:09:33,ru2401P12000,ru2401P12000,268.0,0.0,0.0,0.0,1,177.0,587.0,2,268.0,205.0,0.0,0.0,0.0,0.0,60
2023-05-09 21:09:33,ru2401P12000,ru2401P12000,268.0,0.0,0.0,0.0,1,177.0,586.0,1,268.0,205.0,0.0,0.0,0.0,0.0,60
2023-05-09 21:09:34,ru2401P12000,ru2401P12000,268.0,0.0,0.0,0.0,1,177.0,585.0,2,268.0,205.0,0.0,0.0,0.0,0.0,60
2023-05-09 21:09:34,ru2401P12000,ru2401P12000,268.0,0.0,0.0,0.0,1,177.0,585.0,2,268.0,205.0,0.0,0.0,0.0,0.0,60
2023-05-09 21:09:35,ru2401P12000,ru2401P12000,268.0,0.0,0.0,0.0,1,177.0,584.0,1,268.0,205.0,0.0,0.0,0.0,0.0,60
2023-05-09 21:09:35,ru2401P12000,ru2401P12000,268.0,0.0,0.0,0.0,1,177.0,583.0,2,268.0,205.0,0.0,0.0,0.0,0.0,60
2023-05-09 21:09:36,ru2401P12000,ru2401P12000,268.0,0.0,0.0,0.0,1,177.0,583.0,2,268.0,205.0,0.0,0.0,0.0,0.0,60
2023-05-09 21:09:36,ru2401P12000,ru2401P12000,268.0,0.0,0.0,0.0,1,177.0,582.0,1,268.0,205.0,0.0,0.0,0.0,0.0,60
2023-05-09 21:09:37,ru2401P12000,ru2401P12000,268.0,0.0,0.0,0.0,1,177.0,581.0,2,268.0,205.0,0.0,0.0,0.0,0.0,60
2023-05-09 21:09:37,ru2401P12000,ru2401P12000,268.0,0.0,0.0,0.0,1,177.0,581.0,2,268.0,205.0,0.0,0.0,0.0,0.0,60
2023-05-09 21:09:38,ru2401P12000,ru2401P12000,268.0,0.0,0.0,0.0,1,177.0,580.0,1,268.0,205.0,0.0,0.0,0.0,0.0,60
2023-05-09 21:09:38,ru2401P12000,ru2401P12000,268.0,0.0,0.0,0.0,1,177.0,579.0,2,268.0,205.0,0.0,0.0,0.0,0.0,60
2023-05-09 21:09:39,ru2401P12000,ru2401P12000,268.0,0.0,0.0,0.0,1,177.0,579.0,2,268.0,205.0,0.0,0.0,0.0,0.0,60
2023-05-09 21:09:39,ru2401P12000,ru2401P12000,268.0,0.0,0.0,0.0,1,177.0,578.0,1,268.0,205.0,0.0,0.0,0.0,0.0,60
2023-05-09 21:09:40,ru2401P12000,ru2401P12000,268.0,0.0,0.0,0.0,1,177.0,577.0,2,268.0,205.0,0.0,0.0,0.0,0.0,60
2023-05-09 21:09:40,ru2401P12000,ru2401P12000,268.0,0.0,0.0,0.0,1,177.0,577.0,2,268.0,205.0,0.0,0.0,0.0,0.0,60
2023-05-09 21:09:41,ru2401P12000,ru2401P12000,268.0,0.0,0.0,0.0,1,177.0,576.0,1,268.0,205.0,0.0,0.0,0.0,0.0,60
2023-05-09 21:09:41,ru2401P12000,ru2401P12000,268.0,0.0,0.0,0.0,1,177.0,575.0,2,268.0,205.0,0.0,0.0,0.0,0.0,60
2023-05-09 21:09:42,ru2401P12000,ru2401P12000,268.0,0.0,0.0,0.0,1,177.0,575.0,2,268.0,205.0,0.0,0.0,0.0,0.0,60
2023-05-09 21:09:42,ru2401P12000,ru2401P12000,268.0,0.0,0.0,0.0,1,177.0,574.0,1,268.0,205.0,0.0,0.0,0.0,0.0,60
2023-05-09 21:09:43,ru2401P12000,ru2401P12000,268.0,0.0,0.0,0.0,1,177.0,573.0,2,268.0,205.0,0.0,0.0,0.0,0.0,60
2023-05-09 21:09:43,ru2401P12000,ru2401P12000,268.0,0.0,0.0,0.0,1,177.0,573.0,2,268.0,205.0,0.0,0.0,0.0,0.0,60
2023-05-09 21:09:44,ru2401P12000,ru2401P12000,268.0,0.0,0.0,0.0,1,177.0,572.0,1,268.0,205.0,0.0,0.0,0.0,0.0,60
2023-05-09 21:09:44,ru2401P12000,ru2401P12000,268.0,0.0,0.0,0.0,1,177.0,571.0,2,268.0,205.0,0.0,0.0,0.0,0.0,60
2023-05-09 21:09:45,ru2401P12000,ru2401P12000,268.0,0.0,0.0,0.0,1,177.0,571.0,2,268.0,205.0,0.0,0.0,0.0,0.0,60
2023-05-09 21:09:45,ru2401P12000,ru2401P12000,268.0,0.0,0.0,0.0,1,177.0,570.0,1,268.0,205.0,0.0,0.0,0.0,0.0,60
2023-05-09 21:09:46,ru2401P12000,ru2401P12000,268.0,0.0,0.0,0.0,1,177.0,569.0,2,268.0,205.0,0.0,0.0,0.0,0.0,60
2023-05-09 21:09:46,ru2401P12000,ru2401P12000,268.0,0.0,0.0,0.0,1,177.0,569.0,2,268.0,205.0,0.0,0.0,0.0,0.0,60
2023-05-09 21:09:47,ru2401P12000,ru2401P12000,268.0,0.0,0.0,0.0,1,177.0,568.0,1,268.0,205.0,0.0,0.0,0.0,0.0,60
2023-05-09 21:09:47,ru2401P12000,ru2401P12000,268.0,0.0,0.0,0.0,1,177.0,567.0,2,268.0,205.0,0.0,0.0,0.0,0.0,60
2023-05-09 21:09:48,ru2401P12000,ru2401P12000,268.0,0.0,0.0,0.0,1,177.0,567.0,2,268.0,205.0,0.0,0.0,0.0,0.0,60
2023-05-09 21:09:48,ru2401P12000,ru2401P12000,268.0,0.0,0.0,0.0,1,177.0,566.0,1,268.0,205.0,0.0,0.0,0.0,0.0,60
2023-05-09 21:09:49,ru2401P12000,ru2401P12000,268.0,0.0,0.0,0.0,1,177.0,565.0,2,268.0,205.0,0.0,0.0,0.0,0.0,60
2023-05-09 21:09:49,ru2401P12000,ru2401P12000,268.0,0.0,0.0,0.0,1,177.0,565.0,2,268.0,205.0,0.0,0.0,0.0,0.0,60
2023-05-09 21:09:50,ru2401P12000,ru2401P12000,268.0,0.0,0.0,0.0,1,177.0,564.0,1,268.0,205.0,0.0,0.0,0.0,0.0,60
2023-05-09 21:09:50,ru2401P12000,ru2401P12000,268.0,0.0,0.0,0.0,1,177.0,563.0,2,268.0,205.0,0.0,0.0,0.0,0.0,60
2023-05-09 21:09:51,ru2401P12000,ru2401P12000,268.0,0.0,0.0,0.0,1,177.0,563.0,2,268.0,205.0,0.0,0.0,0.0,0.0,60
2023-05-09 21:09:51,ru2401P12000,ru2401P12000,268.0,0.0,0.0,0.0,1,177.0,562.0,1,268.0,205.0,0.0,0.0,0.0,0.0,60
2023-05-09 21:09:52,ru2401P12000,ru2401P12000,268.0,0.0,0.0,0.0,1,177.0,561.0,2,268.0,205.0,0.0,0.0,0.0,0.0,60
2023-05-09 21:09:52,ru2401P12000,ru2401P12000,268.0,0.0,0.0,0.0,1,177.0,561.0,2,268.0,205.0,0.0,0.0,0.0,0.0,60
2023-05-09 21:09:53,ru2401P12000,ru2401P12000,268.0,0.0,0.0,0.0,1,177.0,560.0,1,268.0,205.0,0.0,0.0,0.0,0.0,60
2023-05-09 21:09:53,ru2401P12000,ru2401P12000,268.0,0.0,0.0,0.0,1,177.0,559.0,2,268.0,205.0,0.0,0.0,0.0,0.0,60
2023-05-09 21:09:54,ru2401P12000,ru2401P12000,268.0,0.0,0.0,0.0,1,177.0,559.0,2,268.0,205.0,0.0,0.0,0.0,0.0,60
2023-05-09 21:09:54,ru2401P12000,ru2401P12000,268.0,0.0,0.0,0.0,1,177.0,558.0,1,268.0,205.0,0.0,0.0,0.0,0.0,60
2023-05-09 21:09:55,ru2401P12000,ru2401P12000,268.0,0.0,0.0,0.0,1,177.0,557.0,2,268.0,205.0,0.0,0.0,0.0,0.0,60
2023-05-09 21:09:55,ru2401P12000,ru2401P12000,268.0,0.0,0.0,0.0,1,177.0,557.0,2,268.0,205.0,0.0,0.0,0.0,0.0,60
2023-05-09 21:09:56,ru2401P12000,ru2401P12000,268.0,0.0,0.0,0.0,1,177.0,556.0,1,268.0,205.0,0.0,0.0,0.0,0.0,60
2023-05-09 21:09:56,ru2401P12000,ru2401P12000,268.0,0.0,0.0,0.0,1,177.0,555.0,2,268.0,205.0,0.0,0.0,0.0,0.0,60
2023-05-09 21:09:57,ru2401P12000,ru2401P12000,268.0,0.0,0.0,0.0,1,177.0,555.0,2,268.0,205.0,0.0,0.0,0.0,0.0,60
2023-05-09 21:09:57,ru2401P12000,ru2401P12000,268.0,0.0,0.0,0.0,1,177.0,554.0,1,268.0,205.0,0.0,0.0,0.0,0.0,60
2023-05-09 21:09:58,ru2401P12000,ru2401P12000,268.0,0.0,0.0,0.0,1,177.0,553.0,2,268.0,205.0,0.0,0.0,0.0,0.0,60
2023-05-09 21:09:58,ru2401P12000,ru2401P12000,268.0,0.0,0.0,0.0,1,177.0,553.0,2,268.0,205.0,0.0,0.0,0.0,0.0,60
2023-05-09 21:09:59,ru2401P12000,ru2401P12000,268.0,0.0,0.0,0.0,1,177.0,552.0,1,268.0,205.0,0.0,0.0,0.0,0.0,60
2023-05-09 21:09:59,ru2401P12000,ru2401P12000,268.0,0.0,0.0,0.0,1,177.0,551.0,2,268.0,205.0,0.0,0.0,0.0,0.0,60
2023-05-09 21:10:00,ru2401P12000,ru2401P12000,268.0,0.0,0.0,0.0,1,177.0,551.0,2,268.0,205.0,0.0,0.0,0.0,0.0,60
2023-05-09 21:10:00,ru2401P12000,ru2401P12000,268.0,0.0,0.0,0.0,1,177.0,550.0,1,268.0,205.0,0.0,0.0,0.0,0.0,60
2023-05-09 21:10:01,ru2401P12000,ru2401P12000,268.0,0.0,0.0,0.0,1,177.0,549.0,2,268.0,205.0,0.0,0.0,0.0,0.0,60
2023-05-09 21:10:01,ru2401P12000,ru2401P12000,268.0,0.0,0.0,0.0,1,177.0,549.0,2,268.0,205.0,0.0,0.0,0.0,0.0,60
2023-05-09 21:10:02,ru2401P12000,ru2401P12000,268.0,0.0,0.0,0.0,1,177.0,548.0,1,268.0,205.0,0.0,0.0,0.0,0.0,60
2023-05-09 21:10:02,ru2401P12000,ru2401P12000,268.0,0.0,0.0,0.0,1,177.0,547.0,2,268.0,205.0,0.0,0.0,0.0,0.0,60
2023-05-09 21:10:03,ru2401P12000,ru2401P12000,268.0,0.0,0.0,0.0,1,177.0,547.0,2,268.0,205.0,0.0,0.0,0.0,0.0,60
2023-05-09 21:10:03,ru2401P12000,ru2401P12000,268.0,0.0,0.0,0.0,1,177.0,546.0,1,268.0,205.0,0.0,0.0,0.0,0.0,60
2023-05-09 21:10:04,ru2401P12000,ru2401P12000,268.0,0.0,0.0,0.0,1,177.0,545.0,2,268.0,205.0,0.0,0.0,0.0,0.0,60
2023-05-09 21:10:04,ru2401P12000,ru2401P12000,268.0,0.0,0.0,0.0,1,177.0,545.0,2,268.0,205.0,0.0,0.0,0.0,0.0,60
2023-05-09 21:10:05,ru2401P12000,ru2401P12000,268.0,0.0,0.0,0.0,1,177.0,544.0,1,268.0,205.0,0.0,0.0,0.0,0.0,60
2023-05-09 21:10:05,ru2401P12000,ru2401P12000,268.0,0.0,0.0,0.0,1,177.0,543.0,2,268.0,205.0,0.0,0.0,0.0,0.0,60
2023-05-09 21:10:06,ru2401P12000,ru2401P12000,268.0,0.0,0.0,0.0,1,177.0,543.0,2,268.0,205.0,0.0,0.0,0.0,0.0,60
2023-05-09 21:10:06,ru2401P12000,ru2401P12000,268.0,0.0,0.0,0.0,1,177.0,542.0,1,268.0,205.0,0.0,0.0,0.0,0.0,60
2023-05-09 21:10:07,ru2401P12000,ru2401P12000,268.0,0.0,0.0,0.0,1,177.0,541.0,2,268.0,205.0,0.0,0.0,0.0,0.0,60
2023-05-09 21:10:07,ru2401P12000,ru2401P12000,268.0,0.0,0.0,0.0,1,177.0,540.0,1,268.0,205.0,0.0,0.0,0.0,0.0,60
2023-05-09 21:10:08,ru2401P12000,ru2401P12000,268.0,0.0,0.0,0.0,1,177.0,539.0,2,268.0,205.0,0.0,0.0,0.0,0.0,60
2023-05-09 21:10:08,ru2401P12000,ru2401P12000,268.0,0.0,0.0,0.0,1,177.0,539.0,2,268.0,205.0,0.0,0.0,0.0,0.0,60
2023-05-09 21:10:09,ru2401P12000,ru2401P12000,268.0,0.0,0.0,0.0,1,177.0,538.0,1,268.0,205.0,0.0,0.0,0.0,0.0,60
2023-05-09 21:10:09,ru2401P12000,ru2401P12000,268.0,0.0,0.0,0.0,1,177.0,537.0,2,268.0,205.0,0.0,0.0,0.0,0.0,60
2023-05-09 21:10:10,ru2401P12000,ru2401P12000,268.0,0.0,0.0,0.0,1,177.0,537.0,2,268.0,205.0,0.0,0.0,0.0,0.0,60
2023-05-09 21:10:10,ru2401P12000,ru2401P12000,268.0,0.0,0.0,0.0,1,177.0,536.0,1,268.0,205.0,0.0,0.0,0.0,0.0,60
2023-05-09 21:10:11,ru2401P12000,ru2401P12000,268.0,0.0,0.0,0.0,1,177.0,535.0,2,268.0,205.0,0.0,0.0,0.0,0.0,60
2023-05-09 21:10:11,ru2401P12000,ru2401P12000,268.0,0.0,0.0,0.0,1,177.0,535.0,2,268.0,205.0,0.0,0.0,0.0,0.0,60
2023-05-09 21:10:12,ru2401P12000,ru2401P12000,268.0,0.0,0.0,0.0,1,177.0,534.0,1,268.0,205.0,0.0,0.0,0.0,0.0,60
2023-05-09 21:10:12,ru2401P12000,ru2401P12000,268.0,0.0,0.0,0.0,1,177.0,533.0,2,268.0,205.0,0.0,0.0,0.0,0.0,60
2023-05-09 21:10:13,ru2401P12000,ru2401P12000,268.0,0.0,0.0,0.0,1,177.0,533.0,2,268.0,205.0,0.0,0.0,0.0,0.0,60
2023-05-09 21:10:13,ru2401P12000,ru2401P12000,268.0,0.0,0.0,0.0,1,177.0,532.0,1,268.0,205.0,0.0,0.0,0.0,0.0,60
2023-05-09 21:10:14,ru2401P12000,ru2401P12000,268.0,0.0,0.0,0.0,1,177.0,531.0,2,268.0,205.0,0.0,0.0,0.0,0.0,60
2023-05-09 21:10:14,ru2401P12000,ru2401P12000,268.0,0.0,0.0,0.0,1,177.0,531.0,2,268.0,205.0,0.0,0.0,0.0,0.0,60
2023-05-09 21:10:15,ru2401P12000,ru2401P12000,268.0,0.0,0.0,0.0,1,177.0,530.0,1,268.0,205.0,0.0,0.0,0.0,0.0,60
2023-05-09 21:10:15,ru2401P12000,ru2401P12000,268.0,0.0,0.0,0.0,1,177.0,529.0,2,268.0,205.0,0.0,0.0,0.0,0.0,60
2023-05-09 21:10:16,ru2401P12000,ru2401P12000,268.0,0.0,0.0,0.0,1,177.0,529.0,2,268.0,205.0,0.0,0.0,0.0,0.0,60
2023-05-09 21:10:16,ru2401P12000,ru2401P12000,268.0,0.0,0.0,0.0,1,177.0,528.0,1,268.0,205.0,0.0,0.0,0.0,0.0,60
2023-05-09 21:10:17,ru2401P12000,ru2401P12000,268.0,0.0,0.0,0.0,1,177.0,527.0,2,268.0,205.0,0.0,0.0,0.0,0.0,60
2023-05-09 21:10:17,ru2401P12000,ru2401P12000,268.0,0.0,0.0,0.0,1,177.0,527.0,2,268.0,205.0,0.0,0.0,0.0,0.0,60
2023-05-09 21:10:18,ru2401P12000,ru2401P12000,268.0,0.0,0.0,0.0,1,177.0,526.0,1,268.0,205.0,0.0,0.0,0.0,0.0,60
2023-05-09 21:10:18,ru2401P12000,ru2401P12000,268.0,0.0,0.0,0.0,1,177.0,525.0,2,268.0,205.0,0.0,0.0,0.0,0.0,60
2023-05-09 21:10:19,ru2401P12000,ru2401P12000,268.0,0.0,0.0,0.0,1,177.0,525.0,2,268.0,205.0,0.0,0.0,0.0,0.0,60
2023-05-09 21:10:19,ru2401P12000,ru2401P12000,268.0,0.0,0.0,0.0,1,177.0,524.0,1,268.0,205.0,0.0,0.0,0.0,0.0,60
2023-05-09 21:10:20,ru2401P12000,ru2401P12000,268.0,0.0,0.0,0.0,1,177.0,523.0,2,268.0,205.0,0.0,0.0,0.0,0.0,60
2023-05-09 21:10:20,ru2401P12000,ru2401P12000,268.0,0.0,0.0,0.0,1,177.0,523.0,2,268.0,205.0,0.0,0.0,0.0,0.0,60
2023-05-09 21:10:21,ru2401P12000,ru2401P12000,268.0,0.0,0.0,0.0,1,177.0,522.0,1,268.0,205.0,0.0,0.0,0.0,0.0,60
2023-05-09 21:10:21,ru2401P12000,ru2401P12000,268.0,0.0,0.0,0.0,1,177.0,521.0,2,268.0,205.0,0.0,0.0,0.0,0.0,60
2023-05-09 21:10:22,ru2401P12000,ru2401P12000,268.0,0.0,0.0,0.0,1,177.0,521.0,2,268.0,205.0,0.0,0.0,0.0,0.0,60
2023-05-09 21:10:22,ru2401P12000,ru2401P12000,268.0,0.0,0.0,0.0,1,177.0,520.0,1,268.0,205.0,0.0,0.0,0.0,0.0,60
2023-05-09 21:10:23,ru2401P12000,ru2401P12000,268.0,0.0,0.0,0.0,1,177.0,519.0,2,268.0,205.0,0.0,0.0,0.0,0.0,60
2023-05-09 21:10:23,ru2401P12000,ru2401P12000,268.0,0.0,0.0,0.0,1,177.0,519.0,2,268.0,205.0,0.0,0.0,0.0,0.0,60
2023-05-09 21:10:24,ru2401P12000,ru2401P12000,268.0,0.0,0.0,0.0,1,177.0,518.0,1,268.0,205.0,0.0,0.0,0.0,0.0,60
2023-05-09 21:10:24,ru2401P12000,ru2401P12000,268.0,0.0,0.0,0.0,1,177.0,517.0,2,268.0,205.0,0.0,0.0,0.0,0.0,60
2023-05-09 21:10:25,ru2401P12000,ru2401P12000,268.0,0.0,0.0,0.0,1,177.0,517.0,2,268.0,205.0,0.0,0.0,0.0,0.0,60
2023-05-09 21:10:25,ru2401P12000,ru2401P12000,268.0,0.0,0.0,0.0,1,177.0,516.0,1,268.0,205.0,0.0,0.0,0.0,0.0,60
2023-05-09 21:10:26,ru2401P12000,ru2401P12000,268.0,0.0,0.0,0.0,1,177.0,515.0,2,268.0,205.0,0.0,0.0,0.0,0.0,60
2023-05-09 21:10:26,ru2401P12000,ru2401P12000,268.0,0.0,0.0,0.0,1,177.0,515.0,2,268.0,205.0,0.0,0.0,0.0,0.0,60
2023-05-09 21:10:27,ru2401P12000,ru2401P12000,268.0,0.0,0.0,0.0,1,177.0,514.0,1,268.0,205.0,0.0,0.0,0.0,0.0,60
2023-05-09 21:10:27,ru2401P12000,ru2401P12000,268.0,0.0,0.0,0.0,1,177.0,513.0,2,268.0,205.0,0.0,0.0,0.0,0.0,60
2023-05-09 21:10:28,ru2401P12000,ru2401P12000,268.0,0.0,0.0,0.0,1,177.0,513.0,2,268.0,205.0,0.0,0.0,0.0,0.0,60
2023-05-09 21:10:28,ru2401P12000,ru2401P12000,268.0,0.0,0.0,0.0,1,177.0,512.0,1,268.0,205.0,0.0,0.0,0.0,0.0,60
2023-05-09 21:10:29,ru2401P12000,ru2401P12000,268.0,0.0,0.0,0.0,1,177.0,511.0,2,268.0,205.0,0.0,0.0,0.0,0.0,60
2023-05-09 21:10:29,ru2401P12000,ru2401P12000,268.0,0.0,0.0,0.0,1,177.0,511.0,2,268.0,205.0,0.0,0.0,0.0,0.0,60
2023-05-09 21:10:30,ru2401P12000,ru2401P12000,268.0,0.0,0.0,0.0,1,177.0,510.0,1,268.0,205.0,0.0,0.0,0.0,0.0,60
2023-05-09 21:10:30,ru2401P12000,ru2401P12000,268.0,0.0,0.0,0.0,1,177.0,509.0,2,268.0,205.0,0.0,0.0,0.0,0.0,60
2023-05-09 21:10:31,ru2401P12000,ru2401P12000,268.0,0.0,0.0,0.0,1,177.0,509.0,2,268.0,205.0,0.0,0.0,0.0,0.0,60
2023-05-09 21:10:31,ru2401P12000,ru2401P12000,268.0,0.0,0.0,0.0,1,177.0,508.0,1,268.0,205.0,0.0,0.0,0.0,0.0,60
2023-05-09 21:10:32,ru2401P12000,ru2401P12000,268.0,0.0,0.0,0.0,1,177.0,507.0,2,268.0,205.0,0.0,0.0,0.0,0.0,60
2023-05-09 21:10:32,ru2401P12000,ru2401P12000,268.0,0.0,0.0,0.0,1,177.0,507.0,2,268.0,205.0,0.0,0.0,0.0,0.0,60
2023-05-09 21:10:33,ru2401P12000,ru2401P12000,268.0,0.0,0.0,0.0,1,177.0,506.0,1,268.0,205.0,0.0,0.0,0.0,0.0,60
2023-05-09 21:10:33,ru2401P12000,ru2401P12000,268.0,0.0,0.0,0.0,1,177.0,505.0,2,268.0,205.0,0.0,0.0,0.0,0.0,60
2023-05-09 21:10:34,ru2401P12000,ru2401P12000,268.0,0.0,0.0,0.0,1,177.0,505.0,2,268.0,205.0,0.0,0.0,0.0,0.0,60
2023-05-09 21:10:34,ru2401P12000,ru2401P12000,268.0,0.0,0.0,0.0,1,177.0,504.0,1,268.0,205.0,0.0,0.0,0.0,0.0,60
2023-05-09 21:10:35,ru2401P12000,ru2401P12000,268.0,0.0,0.0,0.0,1,177.0,503.0,2,268.0,205.0,0.0,0.0,0.0,0.0,60
2023-05-09 21:10:35,ru2401P12000,ru2401P12000,268.0,0.0,0.0,0.0,1,177.0,503.0,2,268.0,205.0,0.0,0.0,0.0,0.0,60
2023-05-09 21:10:36,ru2401P12000,ru2401P12000,268.0,0.0,0.0,0.0,1,177.0,502.0,1,268.0,205.0,0.0,0.0,0.0,0.0,60
2023-05-09 21:10:36,ru2401P12000,ru2401P12000,268.0,0.0,0.0,0.0,1,177.0,501.0,2,268.0,205.0,0.0,0.0,0.0,0.0,60
2023-05-09 21:10:37,ru2401P12000,ru2401P12000,268.0,0.0,0.0,0.0,1,177.0,501.0,2,268.0,205.0,0.0,0.0,0.0,0.0,60
2023-05-09 21:10:37,ru2401P12000,ru2401P12000,268.0,0.0,0.0,0.0,1,177.0,500.0,1,268.0,205.0,0.0,0.0,0.0,0.0,60
2023-05-09 21:10:38,ru2401P12000,ru2401P12000,268.0,0.0,0.0,0.0,1,177.0,499.0,2,268.0,205.0,0.0,0.0,0.0,0.0,60
2023-05-09 21:10:38,ru2401P12000,ru2401P12000,268.0,0.0,0.0,0.0,1,177.0,499.0,2,268.0,205.0,0.0,0.0,0.0,0.0,60
2023-05-09 21:10:39,ru2401P12000,ru2401P12000,268.0,0.0,0.0,0.0,1,177.0,498.0,1,268.0,205.0,0.0,0.0,0.0,0.0,60
2023-05-09 21:10:39,ru2401P12000,ru2401P12000,268.0,0.0,0.0,0.0,1,177.0,497.0,2,268.0,205.0,0.0,0.0,0.0,0.0,60
2023-05-09 21:10:40,ru2401P12000,ru2401P12000,268.0,0.0,0.0,0.0,1,177.0,497.0,2,268.0,205.0,0.0,0.0,0.0,0.0,60
2023-05-09 21:10:40,ru2401P12000,ru2401P12000,268.0,0.0,0.0,0.0,1,177.0,496.0,1,268.0,205.0,0.0,0.0,0.0,0.0,60
2023-05-09 21:10:41,ru2401P12000,ru2401P12000,268.0,0.0,0.0,0.0,1,177.0,495.0,2,268.0,205.0,0.0,0.0,0.0,0.0,60
2023-05-09 21:10:41,ru2401P12000,ru2401P12000,268.0,0.0,0.0,0.0,1,177.0,495.0,2,268.0,205.0,0.0,0.0,0.0,0.0,60
2023-05-09 21:10:42,ru2401P12000,ru2401P12000,268.0,0.0,0.0,0.0,1,177.0,494.0,1,268.0,205.0,0.0,0.0,0.0,0.0,60
2023-05-09 21:10:42,ru2401P12000,ru2401P12000,268.0,0.0,0.0,0.0,1,177.0,493.0,2,268.0,205.0,0.0,0.0,0.0,0.0,60
2023-05-09 21:10:43,ru2401P12000,ru2401P12000,268.0,0.0,0.0,0.0,1,177.0,493.0,2,268.0,205.0,0.0,0.0,0.0,0.0,60
2023-05-09 21:10:43,ru2401P12000,ru2401P12000,268.0,0.0,0.0,0.0,1,177.0,492.0,1,268.0,205.0,0.0,0.0,0.0,0.0,60
2023-05-09 21:10:44,ru2401P12000,ru2401P12000,268.0,0.0,0.0,0.0,1,177.0,491.0,2,268.0,205.0,0.0,0.0,0.0,0.0,60
2023-05-09 21:10:44,ru2401P12000,ru2401P12000,268.0,0.0,0.0,0.0,1,177.0,491.0,2,268.0,205.0,0.0,0.0,0.0,0.0,60
2023-05-09 21:10:45,ru2401P12000,ru2401P12000,268.0,0.0,0.0,0.0,1,177.0,490.0,1,268.0,205.0,0.0,0.0,0.0,0.0,60
2023-05-09 21:10:45,ru2401P12000,ru2401P12000,268.0,0.0,0.0,0.0,1,177.0,489.0,2,268.0,205.0,0.0,0.0,0.0,0.0,60
2023-05-09 21:10:46,ru2401P12000,ru2401P12000,268.0,0.0,0.0,0.0,1,177.0,489.0,2,268.0,205.0,0.0,0.0,0.0,0.0,60
2023-05-09 21:10:46,ru2401P12000,ru2401P12000,268.0,0.0,0.0,0.0,1,177.0,488.0,1,268.0,205.0,0.0,0.0,0.0,0.0,60
2023-05-09 21:10:47,ru2401P12000,ru2401P12000,268.0,0.0,0.0,0.0,1,177.0,487.0,2,268.0,205.0,0.0,0.0,0.0,0.0,60
2023-05-09 21:10:47,ru2401P12000,ru2401P12000,268.0,0.0,0.0,0.0,1,177.0,487.0,2,268.0,205.0,0.0,0.0,0.0,0.0,60
2023-05-09 21:10:48,ru2401P12000,ru2401P12000,268.0,0.0,0.0,0.0,1,177.0,486.0,1,268.0,205.0,0.0,0.0,0.0,0.0,60
2023-05-09 21:10:48,ru2401P12000,ru2401P12000,268.0,0.0,0.0,0.0,1,177.0,485.0,2,268.0,205.0,0.0,0.0,0.0,0.0,60
2023-05-09 21:10:49,ru2401P12000,ru2401P12000,268.0,0.0,0.0,0.0,1,177.0,485.0,2,268.0,205.0,0.0,0.0,0.0,0.0,60
2023-05-09 21:10:49,ru2401P12000,ru2401P12000,268.0,0.0,0.0,0.0,1,177.0,484.0,1,268.0,205.0,0.0,0.0,0.0,0.0,60
2023-05-09 21:10:50,ru2401P12000,ru2401P12000,268.0,0.0,0.0,0.0,1,177.0,483.0,2,268.0,205.0,0.0,0.0,0.0,0.0,60
2023-05-09 21:10:50,ru2401P12000,ru2401P12000,268.0,0.0,0.0,0.0,1,177.0,483.0,2,268.0,205.0,0.0,0.0,0.0,0.0,60
2023-05-09 21:10:51,ru2401P12000,ru2401P12000,268.0,0.0,0.0,0.0,1,177.0,482.0,1,268.0,205.0,0.0,0.0,0.0,0.0,60
2023-05-09 21:10:51,ru2401P12000,ru2401P12000,268.0,0.0,0.0,0.0,1,177.0,481.0,2,268.0,205.0,0.0,0.0,0.0,0.0,60
2023-05-09 21:10:52,ru2401P12000,ru2401P12000,268.0,0.0,0.0,0.0,1,177.0,481.0,2,268.0,205.0,0.0,0.0,0.0,0.0,60
2023-05-09 21:10:52,ru2401P12000,ru2401P12000,268.0,0.0,0.0,0.0,1,177.0,480.0,1,268.0,205.0,0.0,0.0,0.0,0.0,60
2023-05-09 21:10:53,ru2401P12000,ru2401P12000,268.0,0.0,0.0,0.0,1,177.0,479.0,2,268.0,205.0,0.0,0.0,0.0,0.0,60
2023-05-09 21:10:53,ru2401P12000,ru2401P12000,268.0,0.0,0.0,0.0,1,177.0,479.0,2,268.0,205.0,0.0,0.0,0.0,0.0,60
2023-05-09 21:10:54,ru2401P12000,ru2401P12000,268.0,0.0,0.0,0.0,1,177.0,478.0,1,268.0,205.0,0.0,0.0,0.0,0.0,60
2023-05-09 21:10:54,ru2401P12000,ru2401P12000,268.0,0.0,0.0,0.0,1,177.0,477.0,2,268.0,205.0,0.0,0.0,0.0,0.0,60
2023-05-09 21:10:55,ru2401P12000,ru2401P12000,268.0,0.0,0.0,0.0,1,177.0,477.0,2,268.0,205.0,0.0,0.0,0.0,0.0,60
2023-05-09 21:10:55,ru2401P12000,ru2401P12000,268.0,0.0,0.0,0.0,1,177.0,476.0,1,268.0,205.0,0.0,0.0,0.0,0.0,60
2023-05-09 21:10:56,ru2401P12000,ru2401P12000,268.0,0.0,0.0,0.0,1,177.0,475.0,2,268.0,205.0,0.0,0.0,0.0,0.0,60
2023-05-09 21:10:56,ru2401P12000,ru2401P12000,268.0,0.0,0.0,0.0,1,177.0,475.0,2,268.0,205.0,0.0,0.0,0.0,0.0,60
2023-05-09 21:10:57,ru2401P12000,ru2401P12000,268.0,0.0,0.0,0.0,1,177.0,474.0,1,268.0,205.0,0.0,0.0,0.0,0.0,60
2023-05-09 21:10:57,ru2401P12000,ru2401P12000,268.0,0.0,0.0,0.0,1,177.0,473.0,2,268.0,205.0,0.0,0.0,0.0,0.0,60
2023-05-09 21:10:58,ru2401P12000,ru2401P12000,268.0,0.0,0.0,0.0,1,177.0,473.0,2,268.0,205.0,0.0,0.0,0.0,0.0,60
2023-05-09 21:10:58,ru2401P12000,ru2401P12000,268.0,0.0,0.0,0.0,1,177.0,472.0,1,268.0,205.0,0.0,0.0,0.0,0.0,60
2023-05-09 21:10:59,ru2401P12000,ru2401P12000,268.0,0.0,0.0,0.0,1,177.0,471.0,2,268.0,205.0,0.0,0.0,0.0,0.0,60
2023-05-09 21:10:59,ru2401P12000,ru2401P12000,268.0,0.0,0.0,0.0,1,177.0,471.0,2,268.0,205.0,0.0,0.0,0.0,0.0,60
2023-05-09 21:11:00,ru2401P12000,ru2401P12000,268.0,0.0,0.0,0.0,1,177.0,470.0,1,268.0,205.0,0.0,0.0,0.0,0.0,60
2023-05-09 21:11:00,ru2401P12000,ru2401P12000,268.0,0.0,0.0,0.0,1,177.0,469.0,2,268.0,205.0,0.0,0.0,0.0,0.0,60
2023-05-09 21:11:01,ru2401P12000,ru2401P12000,268.0,0.0,0.0,0.0,1,177.0,469.0,2,268.0,205.0,0.0,0.0,0.0,0.0,60
2023-05-09 21:11:01,ru2401P12000,ru2401P12000,268.0,0.0,0.0,0.0,1,177.0,468.0,1,268.0,205.0,0.0,0.0,0.0,0.0,60
2023-05-09 21:11:02,ru2401P12000,ru2401P12000,268.0,0.0,0.0,0.0,1,177.0,467.0,2,268.0,205.0,0.0,0.0,0.0,0.0,60
2023-05-09 21:11:02,ru2401P12000,ru2401P12000,268.0,0.0,0.0,0.0,1,177.0,467.0,2,268.0,205.0,0.0,0.0,0.0,0.0,60
2023-05-09 21:11:03,ru2401P12000,ru2401P12000,268.0,0.0,0.0,0.0,1,177.0,466.0,1,268.0,205.0,0.0,0.0,0.0,0.0,60
2023-05-09 21:11:03,ru2401P12000,ru2401P12000,268.0,0.0,0.0,0.0,1,177.0,465.0,2,268.0,205.0,0.0,0.0,0.0,0.0,60
2023-05-09 21:11:04,ru2401P12000,ru2401P12000,268.0,0.0,0.0,0.0,1,177.0,465.0,2,268.0,205.0,0.0,0.0,0.0,0.0,60
2023-05-09 21:11:04,ru2401P12000,ru2401P12000,268.0,0.0,0.0,0.0,1,177.0,464.0,1,268.0,205.0,0.0,0.0,0.0,0.0,60
2023-05-09 21:11:05,ru2401P12000,ru2401P12000,268.0,0.0,0.0,0.0,1,177.0,463.0,2,268.0,205.0,0.0,0.0,0.0,0.0,60
2023-05-09 21:11:05,ru2401P12000,ru2401P12000,268.0,0.0,0.0,0.0,1,177.0,463.0,2,268.0,205.0,0.0,0.0,0.0,0.0,60
2023-05-09 21:11:06,ru2401P12000,ru2401P12000,268.0,0.0,0.0,0.0,1,177.0,462.0,1,268.0,205.0,0.0,0.0,0.0,0.0,60
2023-05-09 21:11:06,ru2401P12000,ru2401P12000,268.0,0.0,0.0,0.0,1,177.0,461.0,2,268.0,205.0,0.0,0.0,0.0,0.0,60
2023-05-09 21:11:07,ru2401P12000,ru2401P12000,268.0,0.0,0.0,0.0,1,177.0,461.0,2,268.0,205.0,0.0,0.0,0.0,0.0,60
