time,symbol_id,symbol_name,last,trade_volume,trade_amount,open_interest_change,bv1,bp1,ap1,av1,yesterday_close,today_open,today_high,today_low,volume,amount,open_interest
2023-05-09 20:59:00,ru2401P13750,ru2401P13750,1131.0,0.0,0.0,0.0,3,400.0,0.0,0,1131.0,1118.0,0.0,0.0,0.0,0.0,7
2023-05-09 21:00:08,ru2401P13750,ru2401P13750,1131.0,0.0,0.0,0.0,1,401.0,0.0,0,1131.0,1118.0,0.0,0.0,0.0,0.0,7
2023-05-09 21:00:16,ru2401P13750,ru2401P13750,1131.0,0.0,0.0,0.0,1,401.0,0.0,0,1131.0,1118.0,0.0,0.0,0.0,0.0,7
2023-05-09 21:00:33,ru2401P13750,ru2401P13750,1131.0,0.0,0.0,0.0,1,448.0,0.0,0,1131.0,1118.0,0.0,0.0,0.0,0.0,7
2023-05-09 21:00:34,ru2401P13750,ru2401P13750,1131.0,0.0,0.0,0.0,1,448.0,0.0,0,1131.0,1118.0,0.0,0.0,0.0,0.0,7
2023-05-09 21:00:34,ru2401P13750,ru2401P13750,1131.0,0.0,0.0,0.0,1,449.0,0.0,0,1131.0,1118.0,0.0,0.0,0.0,0.0,7
2023-05-09 21:01:13,ru2401P13750,ru2401P13750,1131.0,0.0,0.0,0.0,1,450.0,0.0,0,1131.0,1118.0,0.0,0.0,0.0,0.0,7
2023-05-09 21:01:14,ru2401P13750,ru2401P13750,1131.0,0.0,0.0,0.0,1,448.0,0.0,0,1131.0,1118.0,0.0,0.0,0.0,0.0,7
2023-05-09 21:01:14,ru2401P13750,ru2401P13750,1131.0,0.0,0.0,0.0,2,449.0,0.0,0,1131.0,1118.0,0.0,0.0,0.0,0.0,7
2023-05-09 21:01:45,ru2401P13750,ru2401P13750,1131.0,0.0,0.0,0.0,2,449.0,0.0,0,1131.0,1118.0,0.0,0.0,0.0,0.0,7
2023-05-09 21:03:30,ru2401P13750,ru2401P13750,1131.0,0.0,0.0,0.0,1,1078.0,1118.0,1,1131.0,1118.0,0.0,0.0,0.0,0.0,7
2023-05-09 21:03:31,ru2401P13750,ru2401P13750,1131.0,0.0,0.0,0.0,1,1078.0,1118.0,1,1131.0,1118.0,0.0,0.0,0.0,0.0,7
2023-05-09 21:03:34,ru2401P13750,ru2401P13750,1131.0,0.0,0.0,0.0,2,1078.0,1118.0,2,1131.0,1118.0,0.0,0.0,0.0,0.0,7
2023-05-09 21:03:34,ru2401P13750,ru2401P13750,1131.0,0.0,0.0,0.0,3,1078.0,1118.0,2,1131.0,1118.0,0.0,0.0,0.0,0.0,7
2023-05-09 21:03:35,ru2401P13750,ru2401P13750,1131.0,0.0,0.0,0.0,3,1078.0,1118.0,2,1131.0,1118.0,0.0,0.0,0.0,0.0,7
2023-05-09 21:03:43,ru2401P13750,ru2401P13750,1131.0,0.0,0.0,0.0,2,1078.0,1118.0,1,1131.0,1118.0,0.0,0.0,0.0,0.0,7
2023-05-09 21:03:43,ru2401P13750,ru2401P13750,1118.0,1.0,11180.0,1.0,2,1078.0,1120.0,1,1131.0,1118.0,1118.0,1118.0,1.0,11180.0,8
2023-05-09 21:03:45,ru2401P13750,ru2401P13750,1118.0,0.0,0.0,0.0,1,1078.0,1142.0,1,1131.0,1118.0,1118.0,1118.0,1.0,11180.0,8
2023-05-09 21:03:46,ru2401P13750,ru2401P13750,1118.0,0.0,0.0,0.0,1,1078.0,1158.0,3,1131.0,1118.0,1118.0,1118.0,1.0,11180.0,8
2023-05-09 21:03:46,ru2401P13750,ru2401P13750,1118.0,0.0,0.0,0.0,1,1078.0,1158.0,1,1131.0,1118.0,1118.0,1118.0,1.0,11180.0,8
2023-05-09 21:03:47,ru2401P13750,ru2401P13750,1118.0,0.0,0.0,0.0,1,1078.0,0.0,0,1131.0,1118.0,1118.0,1118.0,1.0,11180.0,8
2023-05-09 21:03:49,ru2401P13750,ru2401P13750,1118.0,0.0,0.0,0.0,1,448.0,0.0,0,1131.0,1118.0,1118.0,1118.0,1.0,11180.0,8
2023-05-09 21:03:49,ru2401P13750,ru2401P13750,1118.0,0.0,0.0,0.0,3,449.0,0.0,0,1131.0,1118.0,1118.0,1118.0,1.0,11180.0,8
2023-05-09 21:03:57,ru2401P13750,ru2401P13750,1118.0,0.0,0.0,0.0,2,450.0,2160.0,2,1131.0,1118.0,1118.0,1118.0,1.0,11180.0,8
2023-05-09 21:03:57,ru2401P13750,ru2401P13750,1118.0,0.0,0.0,0.0,1,451.0,2159.0,2,1131.0,1118.0,1118.0,1118.0,1.0,11180.0,8
2023-05-09 21:03:58,ru2401P13750,ru2401P13750,1118.0,0.0,0.0,0.0,3,452.0,2158.0,2,1131.0,1118.0,1118.0,1118.0,1.0,11180.0,8
2023-05-09 21:03:58,ru2401P13750,ru2401P13750,1118.0,0.0,0.0,0.0,3,453.0,2157.0,1,1131.0,1118.0,1118.0,1118.0,1.0,11180.0,8
2023-05-09 21:03:59,ru2401P13750,ru2401P13750,1118.0,0.0,0.0,0.0,2,454.0,2156.0,3,1131.0,1118.0,1118.0,1118.0,1.0,11180.0,8
2023-05-09 21:03:59,ru2401P13750,ru2401P13750,1118.0,0.0,0.0,0.0,2,455.0,2155.0,3,1131.0,1118.0,1118.0,1118.0,1.0,11180.0,8
2023-05-09 21:04:00,ru2401P13750,ru2401P13750,1118.0,0.0,0.0,0.0,2,456.0,2154.0,2,1131.0,1118.0,1118.0,1118.0,1.0,11180.0,8
2023-05-09 21:04:00,ru2401P13750,ru2401P13750,1118.0,0.0,0.0,0.0,1,457.0,2153.0,2,1131.0,1118.0,1118.0,1118.0,1.0,11180.0,8
2023-05-09 21:04:01,ru2401P13750,ru2401P13750,1118.0,0.0,0.0,0.0,3,458.0,2152.0,2,1131.0,1118.0,1118.0,1118.0,1.0,11180.0,8
2023-05-09 21:04:01,ru2401P13750,ru2401P13750,1118.0,0.0,0.0,0.0,3,459.0,2151.0,1,1131.0,1118.0,1118.0,1118.0,1.0,11180.0,8
2023-05-09 21:04:02,ru2401P13750,ru2401P13750,1118.0,0.0,0.0,0.0,2,460.0,2150.0,3,1131.0,1118.0,1118.0,1118.0,1.0,11180.0,8
2023-05-09 21:04:02,ru2401P13750,ru2401P13750,1118.0,0.0,0.0,0.0,2,461.0,2149.0,3,1131.0,1118.0,1118.0,1118.0,1.0,11180.0,8
2023-05-09 21:04:03,ru2401P13750,ru2401P13750,1118.0,0.0,0.0,0.0,2,462.0,2148.0,2,1131.0,1118.0,1118.0,1118.0,1.0,11180.0,8
2023-05-09 21:04:03,ru2401P13750,ru2401P13750,1118.0,0.0,0.0,0.0,1,463.0,2147.0,2,1131.0,1118.0,1118.0,1118.0,1.0,11180.0,8
2023-05-09 21:04:04,ru2401P13750,ru2401P13750,1118.0,0.0,0.0,0.0,3,464.0,2146.0,2,1131.0,1118.0,1118.0,1118.0,1.0,11180.0,8
2023-05-09 21:04:04,ru2401P13750,ru2401P13750,1118.0,0.0,0.0,0.0,3,465.0,2145.0,1,1131.0,1118.0,1118.0,1118.0,1.0,11180.0,8
2023-05-09 21:04:05,ru2401P13750,ru2401P13750,1118.0,0.0,0.0,0.0,2,466.0,2144.0,3,1131.0,1118.0,1118.0,1118.0,1.0,11180.0,8
2023-05-09 21:04:05,ru2401P13750,ru2401P13750,1118.0,0.0,0.0,0.0,2,467.0,2143.0,3,1131.0,1118.0,1118.0,1118.0,1.0,11180.0,8
2023-05-09 21:04:06,ru2401P13750,ru2401P13750,1118.0,0.0,0.0,0.0,2,468.0,2142.0,2,1131.0,1118.0,1118.0,1118.0,1.0,11180.0,8
2023-05-09 21:04:06,ru2401P13750,ru2401P13750,1118.0,0.0,0.0,0.0,1,469.0,2141.0,2,1131.0,1118.0,1118.0,1118.0,1.0,11180.0,8
2023-05-09 21:04:07,ru2401P13750,ru2401P13750,1118.0,0.0,0.0,0.0,3,470.0,2140.0,2,1131.0,1118.0,1118.0,1118.0,1.0,11180.0,8
2023-05-09 21:04:07,ru2401P13750,ru2401P13750,1118.0,0.0,0.0,0.0,3,471.0,2139.0,1,1131.0,1118.0,1118.0,1118.0,1.0,11180.0,8
2023-05-09 21:04:08,ru2401P13750,ru2401P13750,1118.0,0.0,0.0,0.0,2,472.0,2138.0,3,1131.0,1118.0,1118.0,1118.0,1.0,11180.0,8
2023-05-09 21:04:08,ru2401P13750,ru2401P13750,1118.0,0.0,0.0,0.0,2,473.0,2137.0,3,1131.0,1118.0,1118.0,1118.0,1.0,11180.0,8
2023-05-09 21:04:09,ru2401P13750,ru2401P13750,1118.0,0.0,0.0,0.0,2,474.0,2136.0,2,1131.0,1118.0,1118.0,1118.0,1.0,11180.0,8
2023-05-09 21:04:09,ru2401P13750,ru2401P13750,1118.0,0.0,0.0,0.0,1,475.0,2135.0,2,1131.0,1118.0,1118.0,1118.0,1.0,11180.0,8
2023-05-09 21:04:10,ru2401P13750,ru2401P13750,1118.0,0.0,0.0,0.0,3,476.0,2134.0,2,1131.0,1118.0,1118.0,1118.0,1.0,11180.0,8
2023-05-09 21:04:10,ru2401P13750,ru2401P13750,1118.0,0.0,0.0,0.0,3,477.0,2133.0,1,1131.0,1118.0,1118.0,1118.0,1.0,11180.0,8
2023-05-09 21:04:11,ru2401P13750,ru2401P13750,1118.0,0.0,0.0,0.0,2,478.0,2132.0,3,1131.0,1118.0,1118.0,1118.0,1.0,11180.0,8
2023-05-09 21:04:11,ru2401P13750,ru2401P13750,1118.0,0.0,0.0,0.0,2,479.0,2131.0,3,1131.0,1118.0,1118.0,1118.0,1.0,11180.0,8
2023-05-09 21:04:12,ru2401P13750,ru2401P13750,1118.0,0.0,0.0,0.0,2,480.0,2130.0,2,1131.0,1118.0,1118.0,1118.0,1.0,11180.0,8
2023-05-09 21:04:12,ru2401P13750,ru2401P13750,1118.0,0.0,0.0,0.0,1,481.0,2129.0,2,1131.0,1118.0,1118.0,1118.0,1.0,11180.0,8
2023-05-09 21:04:13,ru2401P13750,ru2401P13750,1118.0,0.0,0.0,0.0,3,482.0,2128.0,2,1131.0,1118.0,1118.0,1118.0,1.0,11180.0,8
2023-05-09 21:04:13,ru2401P13750,ru2401P13750,1118.0,0.0,0.0,0.0,3,483.0,2127.0,1,1131.0,1118.0,1118.0,1118.0,1.0,11180.0,8
2023-05-09 21:04:14,ru2401P13750,ru2401P13750,1118.0,0.0,0.0,0.0,2,484.0,2126.0,3,1131.0,1118.0,1118.0,1118.0,1.0,11180.0,8
2023-05-09 21:04:14,ru2401P13750,ru2401P13750,1118.0,0.0,0.0,0.0,1,485.0,2125.0,2,1131.0,1118.0,1118.0,1118.0,1.0,11180.0,8
2023-05-09 21:04:15,ru2401P13750,ru2401P13750,1118.0,0.0,0.0,0.0,2,486.0,2125.0,2,1131.0,1118.0,1118.0,1118.0,1.0,11180.0,8
2023-05-09 21:04:15,ru2401P13750,ru2401P13750,1118.0,0.0,0.0,0.0,2,486.0,2124.0,1,1131.0,1118.0,1118.0,1118.0,1.0,11180.0,8
2023-05-09 21:04:16,ru2401P13750,ru2401P13750,1118.0,0.0,0.0,0.0,1,487.0,2123.0,2,1131.0,1118.0,1118.0,1118.0,1.0,11180.0,8
2023-05-09 21:04:16,ru2401P13750,ru2401P13750,1118.0,0.0,0.0,0.0,2,488.0,2123.0,2,1131.0,1118.0,1118.0,1118.0,1.0,11180.0,8
2023-05-09 21:04:17,ru2401P13750,ru2401P13750,1118.0,0.0,0.0,0.0,2,488.0,2122.0,1,1131.0,1118.0,1118.0,1118.0,1.0,11180.0,8
2023-05-09 21:04:17,ru2401P13750,ru2401P13750,1118.0,0.0,0.0,0.0,1,489.0,2121.0,2,1131.0,1118.0,1118.0,1118.0,1.0,11180.0,8
2023-05-09 21:04:18,ru2401P13750,ru2401P13750,1118.0,0.0,0.0,0.0,2,490.0,2121.0,2,1131.0,1118.0,1118.0,1118.0,1.0,11180.0,8
2023-05-09 21:04:18,ru2401P13750,ru2401P13750,1118.0,0.0,0.0,0.0,2,490.0,2120.0,1,1131.0,1118.0,1118.0,1118.0,1.0,11180.0,8
2023-05-09 21:04:19,ru2401P13750,ru2401P13750,1118.0,0.0,0.0,0.0,1,491.0,2119.0,2,1131.0,1118.0,1118.0,1118.0,1.0,11180.0,8
2023-05-09 21:04:19,ru2401P13750,ru2401P13750,1118.0,0.0,0.0,0.0,2,492.0,2119.0,2,1131.0,1118.0,1118.0,1118.0,1.0,11180.0,8
2023-05-09 21:04:20,ru2401P13750,ru2401P13750,1118.0,0.0,0.0,0.0,2,492.0,2118.0,1,1131.0,1118.0,1118.0,1118.0,1.0,11180.0,8
2023-05-09 21:04:20,ru2401P13750,ru2401P13750,1118.0,0.0,0.0,0.0,1,493.0,2117.0,2,1131.0,1118.0,1118.0,1118.0,1.0,11180.0,8
2023-05-09 21:04:21,ru2401P13750,ru2401P13750,1118.0,0.0,0.0,0.0,2,494.0,2117.0,2,1131.0,1118.0,1118.0,1118.0,1.0,11180.0,8
2023-05-09 21:04:21,ru2401P13750,ru2401P13750,1118.0,0.0,0.0,0.0,2,494.0,2116.0,1,1131.0,1118.0,1118.0,1118.0,1.0,11180.0,8
2023-05-09 21:04:22,ru2401P13750,ru2401P13750,1118.0,0.0,0.0,0.0,1,495.0,2115.0,2,1131.0,1118.0,1118.0,1118.0,1.0,11180.0,8
2023-05-09 21:04:22,ru2401P13750,ru2401P13750,1118.0,0.0,0.0,0.0,2,496.0,2115.0,2,1131.0,1118.0,1118.0,1118.0,1.0,11180.0,8
2023-05-09 21:04:23,ru2401P13750,ru2401P13750,1118.0,0.0,0.0,0.0,2,496.0,2114.0,1,1131.0,1118.0,1118.0,1118.0,1.0,11180.0,8
2023-05-09 21:04:23,ru2401P13750,ru2401P13750,1118.0,0.0,0.0,0.0,2,497.0,2113.0,2,1131.0,1118.0,1118.0,1118.0,1.0,11180.0,8
2023-05-09 21:04:24,ru2401P13750,ru2401P13750,1118.0,0.0,0.0,0.0,2,498.0,2113.0,2,1131.0,1118.0,1118.0,1118.0,1.0,11180.0,8
2023-05-09 21:04:24,ru2401P13750,ru2401P13750,1118.0,0.0,0.0,0.0,2,498.0,2112.0,1,1131.0,1118.0,1118.0,1118.0,1.0,11180.0,8
2023-05-09 21:04:25,ru2401P13750,ru2401P13750,1118.0,0.0,0.0,0.0,1,499.0,2111.0,2,1131.0,1118.0,1118.0,1118.0,1.0,11180.0,8
2023-05-09 21:04:25,ru2401P13750,ru2401P13750,1118.0,0.0,0.0,0.0,2,500.0,2111.0,2,1131.0,1118.0,1118.0,1118.0,1.0,11180.0,8
2023-05-09 21:04:26,ru2401P13750,ru2401P13750,1118.0,0.0,0.0,0.0,2,500.0,2110.0,1,1131.0,1118.0,1118.0,1118.0,1.0,11180.0,8
2023-05-09 21:04:26,ru2401P13750,ru2401P13750,1118.0,0.0,0.0,0.0,1,501.0,2109.0,2,1131.0,1118.0,1118.0,1118.0,1.0,11180.0,8
2023-05-09 21:04:27,ru2401P13750,ru2401P13750,1118.0,0.0,0.0,0.0,2,502.0,2109.0,2,1131.0,1118.0,1118.0,1118.0,1.0,11180.0,8
2023-05-09 21:04:27,ru2401P13750,ru2401P13750,1118.0,0.0,0.0,0.0,2,502.0,2108.0,1,1131.0,1118.0,1118.0,1118.0,1.0,11180.0,8
2023-05-09 21:04:28,ru2401P13750,ru2401P13750,1118.0,0.0,0.0,0.0,1,503.0,2107.0,2,1131.0,1118.0,1118.0,1118.0,1.0,11180.0,8
2023-05-09 21:04:28,ru2401P13750,ru2401P13750,1118.0,0.0,0.0,0.0,2,504.0,2107.0,2,1131.0,1118.0,1118.0,1118.0,1.0,11180.0,8
2023-05-09 21:04:29,ru2401P13750,ru2401P13750,1118.0,0.0,0.0,0.0,2,504.0,2106.0,1,1131.0,1118.0,1118.0,1118.0,1.0,11180.0,8
2023-05-09 21:04:29,ru2401P13750,ru2401P13750,1118.0,0.0,0.0,0.0,1,505.0,2105.0,2,1131.0,1118.0,1118.0,1118.0,1.0,11180.0,8
2023-05-09 21:04:30,ru2401P13750,ru2401P13750,1118.0,0.0,0.0,0.0,2,506.0,2105.0,2,1131.0,1118.0,1118.0,1118.0,1.0,11180.0,8
2023-05-09 21:04:30,ru2401P13750,ru2401P13750,1118.0,0.0,0.0,0.0,2,506.0,2104.0,1,1131.0,1118.0,1118.0,1118.0,1.0,11180.0,8
2023-05-09 21:04:31,ru2401P13750,ru2401P13750,1118.0,0.0,0.0,0.0,1,507.0,2103.0,2,1131.0,1118.0,1118.0,1118.0,1.0,11180.0,8
2023-05-09 21:04:31,ru2401P13750,ru2401P13750,1118.0,0.0,0.0,0.0,2,508.0,2103.0,2,1131.0,1118.0,1118.0,1118.0,1.0,11180.0,8
2023-05-09 21:04:32,ru2401P13750,ru2401P13750,1118.0,0.0,0.0,0.0,2,508.0,2102.0,1,1131.0,1118.0,1118.0,1118.0,1.0,11180.0,8
2023-05-09 21:04:32,ru2401P13750,ru2401P13750,1118.0,0.0,0.0,0.0,1,509.0,2101.0,2,1131.0,1118.0,1118.0,1118.0,1.0,11180.0,8
2023-05-09 21:04:33,ru2401P13750,ru2401P13750,1118.0,0.0,0.0,0.0,2,510.0,2101.0,2,1131.0,1118.0,1118.0,1118.0,1.0,11180.0,8
2023-05-09 21:04:33,ru2401P13750,ru2401P13750,1118.0,0.0,0.0,0.0,3,510.0,2100.0,2,1131.0,1118.0,1118.0,1118.0,1.0,11180.0,8
2023-05-09 21:04:34,ru2401P13750,ru2401P13750,1118.0,0.0,0.0,0.0,3,511.0,2099.0,2,1131.0,1118.0,1118.0,1118.0,1.0,11180.0,8
2023-05-09 21:04:34,ru2401P13750,ru2401P13750,1118.0,0.0,0.0,0.0,2,512.0,2099.0,2,1131.0,1118.0,1118.0,1118.0,1.0,11180.0,8
2023-05-09 21:04:35,ru2401P13750,ru2401P13750,1118.0,0.0,0.0,0.0,2,512.0,2098.0,1,1131.0,1118.0,1118.0,1118.0,1.0,11180.0,8
2023-05-09 21:04:35,ru2401P13750,ru2401P13750,1118.0,0.0,0.0,0.0,1,513.0,2097.0,2,1131.0,1118.0,1118.0,1118.0,1.0,11180.0,8
2023-05-09 21:04:36,ru2401P13750,ru2401P13750,1118.0,0.0,0.0,0.0,2,514.0,2097.0,2,1131.0,1118.0,1118.0,1118.0,1.0,11180.0,8
2023-05-09 21:04:36,ru2401P13750,ru2401P13750,1118.0,0.0,0.0,0.0,2,514.0,2096.0,1,1131.0,1118.0,1118.0,1118.0,1.0,11180.0,8
2023-05-09 21:04:37,ru2401P13750,ru2401P13750,1118.0,0.0,0.0,0.0,1,515.0,2095.0,2,1131.0,1118.0,1118.0,1118.0,1.0,11180.0,8
2023-05-09 21:04:37,ru2401P13750,ru2401P13750,1118.0,0.0,0.0,0.0,2,516.0,2095.0,2,1131.0,1118.0,1118.0,1118.0,1.0,11180.0,8
2023-05-09 21:04:38,ru2401P13750,ru2401P13750,1118.0,0.0,0.0,0.0,2,516.0,2094.0,1,1131.0,1118.0,1118.0,1118.0,1.0,11180.0,8
2023-05-09 21:04:38,ru2401P13750,ru2401P13750,1118.0,0.0,0.0,0.0,1,517.0,2093.0,2,1131.0,1118.0,1118.0,1118.0,1.0,11180.0,8
2023-05-09 21:04:39,ru2401P13750,ru2401P13750,1118.0,0.0,0.0,0.0,2,518.0,2093.0,2,1131.0,1118.0,1118.0,1118.0,1.0,11180.0,8
2023-05-09 21:04:39,ru2401P13750,ru2401P13750,1118.0,0.0,0.0,0.0,2,518.0,2092.0,1,1131.0,1118.0,1118.0,1118.0,1.0,11180.0,8
2023-05-09 21:04:40,ru2401P13750,ru2401P13750,1118.0,0.0,0.0,0.0,1,519.0,2091.0,2,1131.0,1118.0,1118.0,1118.0,1.0,11180.0,8
2023-05-09 21:04:40,ru2401P13750,ru2401P13750,1118.0,0.0,0.0,0.0,2,520.0,2091.0,2,1131.0,1118.0,1118.0,1118.0,1.0,11180.0,8
2023-05-09 21:04:41,ru2401P13750,ru2401P13750,1118.0,0.0,0.0,0.0,1,521.0,2090.0,1,1131.0,1118.0,1118.0,1118.0,1.0,11180.0,8
2023-05-09 21:04:41,ru2401P13750,ru2401P13750,1118.0,0.0,0.0,0.0,2,522.0,2089.0,2,1131.0,1118.0,1118.0,1118.0,1.0,11180.0,8
2023-05-09 21:04:42,ru2401P13750,ru2401P13750,1118.0,0.0,0.0,0.0,2,522.0,2089.0,2,1131.0,1118.0,1118.0,1118.0,1.0,11180.0,8
2023-05-09 21:04:42,ru2401P13750,ru2401P13750,1118.0,0.0,0.0,0.0,1,523.0,2088.0,1,1131.0,1118.0,1118.0,1118.0,1.0,11180.0,8
2023-05-09 21:04:43,ru2401P13750,ru2401P13750,1118.0,0.0,0.0,0.0,2,524.0,2087.0,2,1131.0,1118.0,1118.0,1118.0,1.0,11180.0,8
2023-05-09 21:04:43,ru2401P13750,ru2401P13750,1118.0,0.0,0.0,0.0,3,524.0,2087.0,3,1131.0,1118.0,1118.0,1118.0,1.0,11180.0,8
2023-05-09 21:04:44,ru2401P13750,ru2401P13750,1118.0,0.0,0.0,0.0,3,525.0,2086.0,3,1131.0,1118.0,1118.0,1118.0,1.0,11180.0,8
2023-05-09 21:04:44,ru2401P13750,ru2401P13750,1118.0,0.0,0.0,0.0,2,526.0,2085.0,2,1131.0,1118.0,1118.0,1118.0,1.0,11180.0,8
2023-05-09 21:04:45,ru2401P13750,ru2401P13750,1118.0,0.0,0.0,0.0,2,526.0,2085.0,2,1131.0,1118.0,1118.0,1118.0,1.0,11180.0,8
2023-05-09 21:04:45,ru2401P13750,ru2401P13750,1118.0,0.0,0.0,0.0,1,527.0,2084.0,1,1131.0,1118.0,1118.0,1118.0,1.0,11180.0,8
2023-05-09 21:04:46,ru2401P13750,ru2401P13750,1118.0,0.0,0.0,0.0,2,528.0,2083.0,2,1131.0,1118.0,1118.0,1118.0,1.0,11180.0,8
2023-05-09 21:04:46,ru2401P13750,ru2401P13750,1118.0,0.0,0.0,0.0,2,528.0,2083.0,2,1131.0,1118.0,1118.0,1118.0,1.0,11180.0,8
2023-05-09 21:04:47,ru2401P13750,ru2401P13750,1118.0,0.0,0.0,0.0,1,529.0,2082.0,1,1131.0,1118.0,1118.0,1118.0,1.0,11180.0,8
2023-05-09 21:04:47,ru2401P13750,ru2401P13750,1118.0,0.0,0.0,0.0,2,530.0,2081.0,2,1131.0,1118.0,1118.0,1118.0,1.0,11180.0,8
2023-05-09 21:04:48,ru2401P13750,ru2401P13750,1118.0,0.0,0.0,0.0,2,530.0,2081.0,2,1131.0,1118.0,1118.0,1118.0,1.0,11180.0,8
2023-05-09 21:04:48,ru2401P13750,ru2401P13750,1118.0,0.0,0.0,0.0,1,531.0,2080.0,1,1131.0,1118.0,1118.0,1118.0,1.0,11180.0,8
2023-05-09 21:04:49,ru2401P13750,ru2401P13750,1118.0,0.0,0.0,0.0,2,532.0,2079.0,2,1131.0,1118.0,1118.0,1118.0,1.0,11180.0,8
2023-05-09 21:04:49,ru2401P13750,ru2401P13750,1118.0,0.0,0.0,0.0,2,532.0,2079.0,2,1131.0,1118.0,1118.0,1118.0,1.0,11180.0,8
2023-05-09 21:04:50,ru2401P13750,ru2401P13750,1118.0,0.0,0.0,0.0,1,533.0,2078.0,1,1131.0,1118.0,1118.0,1118.0,1.0,11180.0,8
2023-05-09 21:04:50,ru2401P13750,ru2401P13750,1118.0,0.0,0.0,0.0,2,534.0,2077.0,2,1131.0,1118.0,1118.0,1118.0,1.0,11180.0,8
2023-05-09 21:04:51,ru2401P13750,ru2401P13750,1118.0,0.0,0.0,0.0,2,534.0,2077.0,2,1131.0,1118.0,1118.0,1118.0,1.0,11180.0,8
2023-05-09 21:04:51,ru2401P13750,ru2401P13750,1118.0,0.0,0.0,0.0,1,535.0,2076.0,1,1131.0,1118.0,1118.0,1118.0,1.0,11180.0,8
2023-05-09 21:04:52,ru2401P13750,ru2401P13750,1118.0,0.0,0.0,0.0,2,536.0,2075.0,2,1131.0,1118.0,1118.0,1118.0,1.0,11180.0,8
2023-05-09 21:04:52,ru2401P13750,ru2401P13750,1118.0,0.0,0.0,0.0,2,536.0,2075.0,2,1131.0,1118.0,1118.0,1118.0,1.0,11180.0,8
2023-05-09 21:04:53,ru2401P13750,ru2401P13750,1118.0,0.0,0.0,0.0,1,537.0,2074.0,1,1131.0,1118.0,1118.0,1118.0,1.0,11180.0,8
2023-05-09 21:04:53,ru2401P13750,ru2401P13750,1118.0,0.0,0.0,0.0,2,538.0,2073.0,2,1131.0,1118.0,1118.0,1118.0,1.0,11180.0,8
2023-05-09 21:04:54,ru2401P13750,ru2401P13750,1118.0,0.0,0.0,0.0,2,538.0,2073.0,2,1131.0,1118.0,1118.0,1118.0,1.0,11180.0,8
2023-05-09 21:04:54,ru2401P13750,ru2401P13750,1118.0,0.0,0.0,0.0,1,539.0,2072.0,1,1131.0,1118.0,1118.0,1118.0,1.0,11180.0,8
2023-05-09 21:04:55,ru2401P13750,ru2401P13750,1118.0,0.0,0.0,0.0,2,540.0,2071.0,2,1131.0,1118.0,1118.0,1118.0,1.0,11180.0,8
2023-05-09 21:04:55,ru2401P13750,ru2401P13750,1118.0,0.0,0.0,0.0,2,540.0,2071.0,2,1131.0,1118.0,1118.0,1118.0,1.0,11180.0,8
2023-05-09 21:04:56,ru2401P13750,ru2401P13750,1118.0,0.0,0.0,0.0,1,541.0,2070.0,1,1131.0,1118.0,1118.0,1118.0,1.0,11180.0,8
2023-05-09 21:04:56,ru2401P13750,ru2401P13750,1118.0,0.0,0.0,0.0,2,542.0,2069.0,2,1131.0,1118.0,1118.0,1118.0,1.0,11180.0,8
2023-05-09 21:04:57,ru2401P13750,ru2401P13750,1118.0,0.0,0.0,0.0,2,542.0,2069.0,2,1131.0,1118.0,1118.0,1118.0,1.0,11180.0,8
2023-05-09 21:04:57,ru2401P13750,ru2401P13750,1118.0,0.0,0.0,0.0,1,543.0,2068.0,1,1131.0,1118.0,1118.0,1118.0,1.0,11180.0,8
2023-05-09 21:04:58,ru2401P13750,ru2401P13750,1118.0,0.0,0.0,0.0,2,544.0,2067.0,2,1131.0,1118.0,1118.0,1118.0,1.0,11180.0,8
2023-05-09 21:04:58,ru2401P13750,ru2401P13750,1118.0,0.0,0.0,0.0,2,544.0,2067.0,2,1131.0,1118.0,1118.0,1118.0,1.0,11180.0,8
2023-05-09 21:04:59,ru2401P13750,ru2401P13750,1118.0,0.0,0.0,0.0,1,545.0,2066.0,1,1131.0,1118.0,1118.0,1118.0,1.0,11180.0,8
2023-05-09 21:04:59,ru2401P13750,ru2401P13750,1118.0,0.0,0.0,0.0,2,546.0,2065.0,2,1131.0,1118.0,1118.0,1118.0,1.0,11180.0,8
2023-05-09 21:05:00,ru2401P13750,ru2401P13750,1118.0,0.0,0.0,0.0,2,546.0,2065.0,2,1131.0,1118.0,1118.0,1118.0,1.0,11180.0,8
2023-05-09 21:05:00,ru2401P13750,ru2401P13750,1118.0,0.0,0.0,0.0,1,547.0,2064.0,1,1131.0,1118.0,1118.0,1118.0,1.0,11180.0,8
2023-05-09 21:05:01,ru2401P13750,ru2401P13750,1118.0,0.0,0.0,0.0,2,548.0,2063.0,2,1131.0,1118.0,1118.0,1118.0,1.0,11180.0,8
2023-05-09 21:05:01,ru2401P13750,ru2401P13750,1118.0,0.0,0.0,0.0,2,548.0,2063.0,2,1131.0,1118.0,1118.0,1118.0,1.0,11180.0,8
2023-05-09 21:05:02,ru2401P13750,ru2401P13750,1118.0,0.0,0.0,0.0,1,549.0,2062.0,1,1131.0,1118.0,1118.0,1118.0,1.0,11180.0,8
2023-05-09 21:05:02,ru2401P13750,ru2401P13750,1118.0,0.0,0.0,0.0,2,550.0,2061.0,2,1131.0,1118.0,1118.0,1118.0,1.0,11180.0,8
2023-05-09 21:05:03,ru2401P13750,ru2401P13750,1118.0,0.0,0.0,0.0,2,550.0,2061.0,2,1131.0,1118.0,1118.0,1118.0,1.0,11180.0,8
2023-05-09 21:05:03,ru2401P13750,ru2401P13750,1118.0,0.0,0.0,0.0,1,551.0,2060.0,1,1131.0,1118.0,1118.0,1118.0,1.0,11180.0,8
2023-05-09 21:05:04,ru2401P13750,ru2401P13750,1118.0,0.0,0.0,0.0,2,552.0,2059.0,2,1131.0,1118.0,1118.0,1118.0,1.0,11180.0,8
2023-05-09 21:05:04,ru2401P13750,ru2401P13750,1118.0,0.0,0.0,0.0,2,552.0,2059.0,2,1131.0,1118.0,1118.0,1118.0,1.0,11180.0,8
2023-05-09 21:05:05,ru2401P13750,ru2401P13750,1118.0,0.0,0.0,0.0,1,553.0,2058.0,1,1131.0,1118.0,1118.0,1118.0,1.0,11180.0,8
2023-05-09 21:05:05,ru2401P13750,ru2401P13750,1118.0,0.0,0.0,0.0,2,554.0,2057.0,2,1131.0,1118.0,1118.0,1118.0,1.0,11180.0,8
2023-05-09 21:05:06,ru2401P13750,ru2401P13750,1118.0,0.0,0.0,0.0,2,554.0,2057.0,2,1131.0,1118.0,1118.0,1118.0,1.0,11180.0,8
2023-05-09 21:05:06,ru2401P13750,ru2401P13750,1118.0,0.0,0.0,0.0,1,555.0,2056.0,1,1131.0,1118.0,1118.0,1118.0,1.0,11180.0,8
2023-05-09 21:05:07,ru2401P13750,ru2401P13750,1118.0,0.0,0.0,0.0,2,556.0,2055.0,2,1131.0,1118.0,1118.0,1118.0,1.0,11180.0,8
2023-05-09 21:05:07,ru2401P13750,ru2401P13750,1118.0,0.0,0.0,0.0,2,556.0,2055.0,2,1131.0,1118.0,1118.0,1118.0,1.0,11180.0,8
2023-05-09 21:05:08,ru2401P13750,ru2401P13750,1118.0,0.0,0.0,0.0,1,557.0,2054.0,1,1131.0,1118.0,1118.0,1118.0,1.0,11180.0,8
2023-05-09 21:05:08,ru2401P13750,ru2401P13750,1118.0,0.0,0.0,0.0,2,558.0,2053.0,2,1131.0,1118.0,1118.0,1118.0,1.0,11180.0,8
2023-05-09 21:05:09,ru2401P13750,ru2401P13750,1118.0,0.0,0.0,0.0,2,558.0,2053.0,2,1131.0,1118.0,1118.0,1118.0,1.0,11180.0,8
2023-05-09 21:05:09,ru2401P13750,ru2401P13750,1118.0,0.0,0.0,0.0,1,559.0,2052.0,1,1131.0,1118.0,1118.0,1118.0,1.0,11180.0,8
2023-05-09 21:05:10,ru2401P13750,ru2401P13750,1118.0,0.0,0.0,0.0,2,560.0,2051.0,2,1131.0,1118.0,1118.0,1118.0,1.0,11180.0,8
2023-05-09 21:05:10,ru2401P13750,ru2401P13750,1118.0,0.0,0.0,0.0,2,560.0,2051.0,2,1131.0,1118.0,1118.0,1118.0,1.0,11180.0,8
2023-05-09 21:05:11,ru2401P13750,ru2401P13750,1118.0,0.0,0.0,0.0,1,561.0,2050.0,1,1131.0,1118.0,1118.0,1118.0,1.0,11180.0,8
2023-05-09 21:05:11,ru2401P13750,ru2401P13750,1118.0,0.0,0.0,0.0,2,562.0,2049.0,2,1131.0,1118.0,1118.0,1118.0,1.0,11180.0,8
2023-05-09 21:05:12,ru2401P13750,ru2401P13750,1118.0,0.0,0.0,0.0,2,562.0,2049.0,2,1131.0,1118.0,1118.0,1118.0,1.0,11180.0,8
2023-05-09 21:05:12,ru2401P13750,ru2401P13750,1118.0,0.0,0.0,0.0,1,563.0,2048.0,1,1131.0,1118.0,1118.0,1118.0,1.0,11180.0,8
2023-05-09 21:05:13,ru2401P13750,ru2401P13750,1118.0,0.0,0.0,0.0,2,564.0,2047.0,2,1131.0,1118.0,1118.0,1118.0,1.0,11180.0,8
2023-05-09 21:05:13,ru2401P13750,ru2401P13750,1118.0,0.0,0.0,0.0,2,564.0,2047.0,2,1131.0,1118.0,1118.0,1118.0,1.0,11180.0,8
2023-05-09 21:05:14,ru2401P13750,ru2401P13750,1118.0,0.0,0.0,0.0,1,565.0,2046.0,1,1131.0,1118.0,1118.0,1118.0,1.0,11180.0,8
2023-05-09 21:05:14,ru2401P13750,ru2401P13750,1118.0,0.0,0.0,0.0,2,566.0,2045.0,2,1131.0,1118.0,1118.0,1118.0,1.0,11180.0,8
2023-05-09 21:05:15,ru2401P13750,ru2401P13750,1118.0,0.0,0.0,0.0,2,566.0,2045.0,2,1131.0,1118.0,1118.0,1118.0,1.0,11180.0,8
2023-05-09 21:05:15,ru2401P13750,ru2401P13750,1118.0,0.0,0.0,0.0,1,567.0,2044.0,1,1131.0,1118.0,1118.0,1118.0,1.0,11180.0,8
2023-05-09 21:05:16,ru2401P13750,ru2401P13750,1118.0,0.0,0.0,0.0,2,568.0,2043.0,2,1131.0,1118.0,1118.0,1118.0,1.0,11180.0,8
2023-05-09 21:05:16,ru2401P13750,ru2401P13750,1118.0,0.0,0.0,0.0,2,568.0,2043.0,2,1131.0,1118.0,1118.0,1118.0,1.0,11180.0,8
2023-05-09 21:05:17,ru2401P13750,ru2401P13750,1118.0,0.0,0.0,0.0,1,569.0,2042.0,1,1131.0,1118.0,1118.0,1118.0,1.0,11180.0,8
2023-05-09 21:05:17,ru2401P13750,ru2401P13750,1118.0,0.0,0.0,0.0,2,570.0,2041.0,2,1131.0,1118.0,1118.0,1118.0,1.0,11180.0,8
2023-05-09 21:05:18,ru2401P13750,ru2401P13750,1118.0,0.0,0.0,0.0,2,570.0,2041.0,2,1131.0,1118.0,1118.0,1118.0,1.0,11180.0,8
2023-05-09 21:05:18,ru2401P13750,ru2401P13750,1118.0,0.0,0.0,0.0,1,571.0,2040.0,1,1131.0,1118.0,1118.0,1118.0,1.0,11180.0,8
2023-05-09 21:05:19,ru2401P13750,ru2401P13750,1118.0,0.0,0.0,0.0,2,572.0,2039.0,2,1131.0,1118.0,1118.0,1118.0,1.0,11180.0,8
2023-05-09 21:05:19,ru2401P13750,ru2401P13750,1118.0,0.0,0.0,0.0,2,572.0,2039.0,2,1131.0,1118.0,1118.0,1118.0,1.0,11180.0,8
2023-05-09 21:05:20,ru2401P13750,ru2401P13750,1118.0,0.0,0.0,0.0,1,573.0,2038.0,1,1131.0,1118.0,1118.0,1118.0,1.0,11180.0,8
2023-05-09 21:05:20,ru2401P13750,ru2401P13750,1118.0,0.0,0.0,0.0,2,574.0,2037.0,2,1131.0,1118.0,1118.0,1118.0,1.0,11180.0,8
2023-05-09 21:05:21,ru2401P13750,ru2401P13750,1118.0,0.0,0.0,0.0,2,574.0,2037.0,2,1131.0,1118.0,1118.0,1118.0,1.0,11180.0,8
2023-05-09 21:05:21,ru2401P13750,ru2401P13750,1118.0,0.0,0.0,0.0,1,575.0,2036.0,1,1131.0,1118.0,1118.0,1118.0,1.0,11180.0,8
2023-05-09 21:05:22,ru2401P13750,ru2401P13750,1118.0,0.0,0.0,0.0,2,576.0,2035.0,2,1131.0,1118.0,1118.0,1118.0,1.0,11180.0,8
2023-05-09 21:05:22,ru2401P13750,ru2401P13750,1118.0,0.0,0.0,0.0,2,576.0,2035.0,2,1131.0,1118.0,1118.0,1118.0,1.0,11180.0,8
2023-05-09 21:05:23,ru2401P13750,ru2401P13750,1118.0,0.0,0.0,0.0,1,577.0,2034.0,1,1131.0,1118.0,1118.0,1118.0,1.0,11180.0,8
2023-05-09 21:05:23,ru2401P13750,ru2401P13750,1118.0,0.0,0.0,0.0,2,578.0,2033.0,2,1131.0,1118.0,1118.0,1118.0,1.0,11180.0,8
2023-05-09 21:05:24,ru2401P13750,ru2401P13750,1118.0,0.0,0.0,0.0,2,578.0,2033.0,2,1131.0,1118.0,1118.0,1118.0,1.0,11180.0,8
2023-05-09 21:05:24,ru2401P13750,ru2401P13750,1118.0,0.0,0.0,0.0,1,579.0,2032.0,1,1131.0,1118.0,1118.0,1118.0,1.0,11180.0,8
2023-05-09 21:05:25,ru2401P13750,ru2401P13750,1118.0,0.0,0.0,0.0,2,580.0,2031.0,2,1131.0,1118.0,1118.0,1118.0,1.0,11180.0,8
2023-05-09 21:05:25,ru2401P13750,ru2401P13750,1118.0,0.0,0.0,0.0,2,580.0,2031.0,2,1131.0,1118.0,1118.0,1118.0,1.0,11180.0,8
2023-05-09 21:05:26,ru2401P13750,ru2401P13750,1118.0,0.0,0.0,0.0,1,581.0,2030.0,1,1131.0,1118.0,1118.0,1118.0,1.0,11180.0,8
2023-05-09 21:05:26,ru2401P13750,ru2401P13750,1118.0,0.0,0.0,0.0,2,582.0,2029.0,2,1131.0,1118.0,1118.0,1118.0,1.0,11180.0,8
2023-05-09 21:05:27,ru2401P13750,ru2401P13750,1118.0,0.0,0.0,0.0,2,582.0,2029.0,2,1131.0,1118.0,1118.0,1118.0,1.0,11180.0,8
2023-05-09 21:05:27,ru2401P13750,ru2401P13750,1118.0,0.0,0.0,0.0,1,583.0,2028.0,1,1131.0,1118.0,1118.0,1118.0,1.0,11180.0,8
2023-05-09 21:05:28,ru2401P13750,ru2401P13750,1118.0,0.0,0.0,0.0,2,584.0,2027.0,2,1131.0,1118.0,1118.0,1118.0,1.0,11180.0,8
2023-05-09 21:05:28,ru2401P13750,ru2401P13750,1118.0,0.0,0.0,0.0,2,584.0,2027.0,2,1131.0,1118.0,1118.0,1118.0,1.0,11180.0,8
2023-05-09 21:05:29,ru2401P13750,ru2401P13750,1118.0,0.0,0.0,0.0,1,585.0,2026.0,1,1131.0,1118.0,1118.0,1118.0,1.0,11180.0,8
2023-05-09 21:05:29,ru2401P13750,ru2401P13750,1118.0,0.0,0.0,0.0,2,586.0,2025.0,2,1131.0,1118.0,1118.0,1118.0,1.0,11180.0,8
2023-05-09 21:05:30,ru2401P13750,ru2401P13750,1118.0,0.0,0.0,0.0,2,586.0,2025.0,2,1131.0,1118.0,1118.0,1118.0,1.0,11180.0,8
2023-05-09 21:05:30,ru2401P13750,ru2401P13750,1118.0,0.0,0.0,0.0,1,587.0,2024.0,1,1131.0,1118.0,1118.0,1118.0,1.0,11180.0,8
2023-05-09 21:05:31,ru2401P13750,ru2401P13750,1118.0,0.0,0.0,0.0,2,588.0,2023.0,2,1131.0,1118.0,1118.0,1118.0,1.0,11180.0,8
2023-05-09 21:05:31,ru2401P13750,ru2401P13750,1118.0,0.0,0.0,0.0,2,588.0,2023.0,2,1131.0,1118.0,1118.0,1118.0,1.0,11180.0,8
2023-05-09 21:05:32,ru2401P13750,ru2401P13750,1118.0,0.0,0.0,0.0,1,589.0,2022.0,1,1131.0,1118.0,1118.0,1118.0,1.0,11180.0,8
2023-05-09 21:05:32,ru2401P13750,ru2401P13750,1118.0,0.0,0.0,0.0,2,590.0,2021.0,2,1131.0,1118.0,1118.0,1118.0,1.0,11180.0,8
2023-05-09 21:05:33,ru2401P13750,ru2401P13750,1118.0,0.0,0.0,0.0,2,590.0,2021.0,2,1131.0,1118.0,1118.0,1118.0,1.0,11180.0,8
2023-05-09 21:05:33,ru2401P13750,ru2401P13750,1118.0,0.0,0.0,0.0,1,591.0,2020.0,1,1131.0,1118.0,1118.0,1118.0,1.0,11180.0,8
2023-05-09 21:05:34,ru2401P13750,ru2401P13750,1118.0,0.0,0.0,0.0,2,592.0,2019.0,2,1131.0,1118.0,1118.0,1118.0,1.0,11180.0,8
2023-05-09 21:05:34,ru2401P13750,ru2401P13750,1118.0,0.0,0.0,0.0,2,592.0,2019.0,2,1131.0,1118.0,1118.0,1118.0,1.0,11180.0,8
2023-05-09 21:05:35,ru2401P13750,ru2401P13750,1118.0,0.0,0.0,0.0,1,593.0,2018.0,1,1131.0,1118.0,1118.0,1118.0,1.0,11180.0,8
2023-05-09 21:05:35,ru2401P13750,ru2401P13750,1118.0,0.0,0.0,0.0,2,594.0,2017.0,2,1131.0,1118.0,1118.0,1118.0,1.0,11180.0,8
2023-05-09 21:05:36,ru2401P13750,ru2401P13750,1118.0,0.0,0.0,0.0,2,594.0,2017.0,2,1131.0,1118.0,1118.0,1118.0,1.0,11180.0,8
2023-05-09 21:05:36,ru2401P13750,ru2401P13750,1118.0,0.0,0.0,0.0,1,595.0,2016.0,1,1131.0,1118.0,1118.0,1118.0,1.0,11180.0,8
2023-05-09 21:05:37,ru2401P13750,ru2401P13750,1118.0,0.0,0.0,0.0,2,596.0,2015.0,2,1131.0,1118.0,1118.0,1118.0,1.0,11180.0,8
2023-05-09 21:05:37,ru2401P13750,ru2401P13750,1118.0,0.0,0.0,0.0,2,596.0,2015.0,2,1131.0,1118.0,1118.0,1118.0,1.0,11180.0,8
2023-05-09 21:05:38,ru2401P13750,ru2401P13750,1118.0,0.0,0.0,0.0,1,597.0,2014.0,1,1131.0,1118.0,1118.0,1118.0,1.0,11180.0,8
2023-05-09 21:05:38,ru2401P13750,ru2401P13750,1118.0,0.0,0.0,0.0,2,598.0,2013.0,2,1131.0,1118.0,1118.0,1118.0,1.0,11180.0,8
2023-05-09 21:05:39,ru2401P13750,ru2401P13750,1118.0,0.0,0.0,0.0,2,598.0,2013.0,2,1131.0,1118.0,1118.0,1118.0,1.0,11180.0,8
2023-05-09 21:06:09,ru2401P13750,ru2401P13750,1118.0,0.0,0.0,0.0,1,599.0,2012.0,1,1131.0,1118.0,1118.0,1118.0,1.0,11180.0,8
2023-05-09 21:06:10,ru2401P13750,ru2401P13750,1118.0,0.0,0.0,0.0,2,600.0,2011.0,2,1131.0,1118.0,1118.0,1118.0,1.0,11180.0,8
2023-05-09 21:06:10,ru2401P13750,ru2401P13750,1118.0,0.0,0.0,0.0,2,600.0,2011.0,2,1131.0,1118.0,1118.0,1118.0,1.0,11180.0,8
2023-05-09 21:06:11,ru2401P13750,ru2401P13750,1118.0,0.0,0.0,0.0,1,601.0,2010.0,1,1131.0,1118.0,1118.0,1118.0,1.0,11180.0,8
2023-05-09 21:06:11,ru2401P13750,ru2401P13750,1118.0,0.0,0.0,0.0,2,602.0,2009.0,2,1131.0,1118.0,1118.0,1118.0,1.0,11180.0,8
2023-05-09 21:06:12,ru2401P13750,ru2401P13750,1118.0,0.0,0.0,0.0,2,602.0,2009.0,2,1131.0,1118.0,1118.0,1118.0,1.0,11180.0,8
2023-05-09 21:06:12,ru2401P13750,ru2401P13750,1118.0,0.0,0.0,0.0,1,603.0,2008.0,1,1131.0,1118.0,1118.0,1118.0,1.0,11180.0,8
2023-05-09 21:06:13,ru2401P13750,ru2401P13750,1118.0,0.0,0.0,0.0,2,604.0,2007.0,2,1131.0,1118.0,1118.0,1118.0,1.0,11180.0,8
2023-05-09 21:06:13,ru2401P13750,ru2401P13750,1118.0,0.0,0.0,0.0,2,604.0,2007.0,2,1131.0,1118.0,1118.0,1118.0,1.0,11180.0,8
2023-05-09 21:06:14,ru2401P13750,ru2401P13750,1118.0,0.0,0.0,0.0,1,605.0,2006.0,1,1131.0,1118.0,1118.0,1118.0,1.0,11180.0,8
2023-05-09 21:06:14,ru2401P13750,ru2401P13750,1118.0,0.0,0.0,0.0,2,606.0,2005.0,2,1131.0,1118.0,1118.0,1118.0,1.0,11180.0,8
2023-05-09 21:06:15,ru2401P13750,ru2401P13750,1118.0,0.0,0.0,0.0,2,606.0,2005.0,2,1131.0,1118.0,1118.0,1118.0,1.0,11180.0,8
2023-05-09 21:06:15,ru2401P13750,ru2401P13750,1118.0,0.0,0.0,0.0,1,607.0,2004.0,1,1131.0,1118.0,1118.0,1118.0,1.0,11180.0,8
2023-05-09 21:06:16,ru2401P13750,ru2401P13750,1118.0,0.0,0.0,0.0,2,608.0,2003.0,2,1131.0,1118.0,1118.0,1118.0,1.0,11180.0,8
2023-05-09 21:06:16,ru2401P13750,ru2401P13750,1118.0,0.0,0.0,0.0,2,608.0,2003.0,2,1131.0,1118.0,1118.0,1118.0,1.0,11180.0,8
2023-05-09 21:06:17,ru2401P13750,ru2401P13750,1118.0,0.0,0.0,0.0,1,609.0,2002.0,1,1131.0,1118.0,1118.0,1118.0,1.0,11180.0,8
2023-05-09 21:06:17,ru2401P13750,ru2401P13750,1118.0,0.0,0.0,0.0,2,610.0,2001.0,2,1131.0,1118.0,1118.0,1118.0,1.0,11180.0,8
2023-05-09 21:06:18,ru2401P13750,ru2401P13750,1118.0,0.0,0.0,0.0,2,610.0,2001.0,2,1131.0,1118.0,1118.0,1118.0,1.0,11180.0,8
2023-05-09 21:06:18,ru2401P13750,ru2401P13750,1118.0,0.0,0.0,0.0,1,611.0,2000.0,1,1131.0,1118.0,1118.0,1118.0,1.0,11180.0,8
2023-05-09 21:06:19,ru2401P13750,ru2401P13750,1118.0,0.0,0.0,0.0,2,612.0,1999.0,2,1131.0,1118.0,1118.0,1118.0,1.0,11180.0,8
2023-05-09 21:06:19,ru2401P13750,ru2401P13750,1118.0,0.0,0.0,0.0,2,612.0,1999.0,2,1131.0,1118.0,1118.0,1118.0,1.0,11180.0,8
2023-05-09 21:06:20,ru2401P13750,ru2401P13750,1118.0,0.0,0.0,0.0,1,613.0,1998.0,1,1131.0,1118.0,1118.0,1118.0,1.0,11180.0,8
2023-05-09 21:06:20,ru2401P13750,ru2401P13750,1118.0,0.0,0.0,0.0,2,614.0,1997.0,2,1131.0,1118.0,1118.0,1118.0,1.0,11180.0,8
2023-05-09 21:06:21,ru2401P13750,ru2401P13750,1118.0,0.0,0.0,0.0,2,614.0,1997.0,2,1131.0,1118.0,1118.0,1118.0,1.0,11180.0,8
2023-05-09 21:06:21,ru2401P13750,ru2401P13750,1118.0,0.0,0.0,0.0,1,615.0,1996.0,1,1131.0,1118.0,1118.0,1118.0,1.0,11180.0,8
2023-05-09 21:06:22,ru2401P13750,ru2401P13750,1118.0,0.0,0.0,0.0,2,616.0,1995.0,2,1131.0,1118.0,1118.0,1118.0,1.0,11180.0,8
2023-05-09 21:06:22,ru2401P13750,ru2401P13750,1118.0,0.0,0.0,0.0,2,616.0,1995.0,2,1131.0,1118.0,1118.0,1118.0,1.0,11180.0,8
2023-05-09 21:06:23,ru2401P13750,ru2401P13750,1118.0,0.0,0.0,0.0,1,617.0,1994.0,1,1131.0,1118.0,1118.0,1118.0,1.0,11180.0,8
2023-05-09 21:06:23,ru2401P13750,ru2401P13750,1118.0,0.0,0.0,0.0,2,618.0,1993.0,2,1131.0,1118.0,1118.0,1118.0,1.0,11180.0,8
2023-05-09 21:06:24,ru2401P13750,ru2401P13750,1118.0,0.0,0.0,0.0,2,618.0,1993.0,2,1131.0,1118.0,1118.0,1118.0,1.0,11180.0,8
2023-05-09 21:06:24,ru2401P13750,ru2401P13750,1118.0,0.0,0.0,0.0,1,619.0,1992.0,1,1131.0,1118.0,1118.0,1118.0,1.0,11180.0,8
2023-05-09 21:06:25,ru2401P13750,ru2401P13750,1118.0,0.0,0.0,0.0,2,620.0,1991.0,2,1131.0,1118.0,1118.0,1118.0,1.0,11180.0,8
2023-05-09 21:06:25,ru2401P13750,ru2401P13750,1118.0,0.0,0.0,0.0,2,620.0,1991.0,2,1131.0,1118.0,1118.0,1118.0,1.0,11180.0,8
2023-05-09 21:06:26,ru2401P13750,ru2401P13750,1118.0,0.0,0.0,0.0,1,621.0,1990.0,1,1131.0,1118.0,1118.0,1118.0,1.0,11180.0,8
2023-05-09 21:06:26,ru2401P13750,ru2401P13750,1118.0,0.0,0.0,0.0,2,622.0,1989.0,2,1131.0,1118.0,1118.0,1118.0,1.0,11180.0,8
2023-05-09 21:06:27,ru2401P13750,ru2401P13750,1118.0,0.0,0.0,0.0,2,622.0,1989.0,2,1131.0,1118.0,1118.0,1118.0,1.0,11180.0,8
2023-05-09 21:06:27,ru2401P13750,ru2401P13750,1118.0,0.0,0.0,0.0,1,623.0,1988.0,1,1131.0,1118.0,1118.0,1118.0,1.0,11180.0,8
2023-05-09 21:06:28,ru2401P13750,ru2401P13750,1118.0,0.0,0.0,0.0,2,624.0,1987.0,2,1131.0,1118.0,1118.0,1118.0,1.0,11180.0,8
2023-05-09 21:06:28,ru2401P13750,ru2401P13750,1118.0,0.0,0.0,0.0,2,624.0,1987.0,2,1131.0,1118.0,1118.0,1118.0,1.0,11180.0,8
2023-05-09 21:06:29,ru2401P13750,ru2401P13750,1118.0,0.0,0.0,0.0,1,625.0,1986.0,1,1131.0,1118.0,1118.0,1118.0,1.0,11180.0,8
2023-05-09 21:06:29,ru2401P13750,ru2401P13750,1118.0,0.0,0.0,0.0,2,626.0,1985.0,2,1131.0,1118.0,1118.0,1118.0,1.0,11180.0,8
2023-05-09 21:06:30,ru2401P13750,ru2401P13750,1118.0,0.0,0.0,0.0,2,626.0,1985.0,2,1131.0,1118.0,1118.0,1118.0,1.0,11180.0,8
2023-05-09 21:06:30,ru2401P13750,ru2401P13750,1118.0,0.0,0.0,0.0,1,627.0,1984.0,1,1131.0,1118.0,1118.0,1118.0,1.0,11180.0,8
2023-05-09 21:06:31,ru2401P13750,ru2401P13750,1118.0,0.0,0.0,0.0,2,628.0,1983.0,2,1131.0,1118.0,1118.0,1118.0,1.0,11180.0,8
2023-05-09 21:06:31,ru2401P13750,ru2401P13750,1118.0,0.0,0.0,0.0,2,628.0,1983.0,2,1131.0,1118.0,1118.0,1118.0,1.0,11180.0,8
2023-05-09 21:06:32,ru2401P13750,ru2401P13750,1118.0,0.0,0.0,0.0,1,629.0,1982.0,1,1131.0,1118.0,1118.0,1118.0,1.0,11180.0,8
2023-05-09 21:06:32,ru2401P13750,ru2401P13750,1118.0,0.0,0.0,0.0,2,630.0,1981.0,2,1131.0,1118.0,1118.0,1118.0,1.0,11180.0,8
2023-05-09 21:06:33,ru2401P13750,ru2401P13750,1118.0,0.0,0.0,0.0,2,630.0,1981.0,2,1131.0,1118.0,1118.0,1118.0,1.0,11180.0,8
2023-05-09 21:06:33,ru2401P13750,ru2401P13750,1118.0,0.0,0.0,0.0,1,631.0,1980.0,1,1131.0,1118.0,1118.0,1118.0,1.0,11180.0,8
2023-05-09 21:06:34,ru2401P13750,ru2401P13750,1118.0,0.0,0.0,0.0,2,632.0,1979.0,2,1131.0,1118.0,1118.0,1118.0,1.0,11180.0,8
2023-05-09 21:06:34,ru2401P13750,ru2401P13750,1118.0,0.0,0.0,0.0,2,632.0,1979.0,2,1131.0,1118.0,1118.0,1118.0,1.0,11180.0,8
2023-05-09 21:06:35,ru2401P13750,ru2401P13750,1118.0,0.0,0.0,0.0,1,633.0,1978.0,1,1131.0,1118.0,1118.0,1118.0,1.0,11180.0,8
2023-05-09 21:06:35,ru2401P13750,ru2401P13750,1118.0,0.0,0.0,0.0,2,634.0,1977.0,2,1131.0,1118.0,1118.0,1118.0,1.0,11180.0,8
2023-05-09 21:06:36,ru2401P13750,ru2401P13750,1118.0,0.0,0.0,0.0,2,634.0,1977.0,2,1131.0,1118.0,1118.0,1118.0,1.0,11180.0,8
2023-05-09 21:06:36,ru2401P13750,ru2401P13750,1118.0,0.0,0.0,0.0,1,635.0,1976.0,1,1131.0,1118.0,1118.0,1118.0,1.0,11180.0,8
2023-05-09 21:06:37,ru2401P13750,ru2401P13750,1118.0,0.0,0.0,0.0,2,636.0,1975.0,2,1131.0,1118.0,1118.0,1118.0,1.0,11180.0,8
2023-05-09 21:06:37,ru2401P13750,ru2401P13750,1118.0,0.0,0.0,0.0,2,636.0,1975.0,2,1131.0,1118.0,1118.0,1118.0,1.0,11180.0,8
2023-05-09 21:06:38,ru2401P13750,ru2401P13750,1118.0,0.0,0.0,0.0,1,637.0,1974.0,1,1131.0,1118.0,1118.0,1118.0,1.0,11180.0,8
2023-05-09 21:06:38,ru2401P13750,ru2401P13750,1118.0,0.0,0.0,0.0,2,638.0,1973.0,2,1131.0,1118.0,1118.0,1118.0,1.0,11180.0,8
2023-05-09 21:06:39,ru2401P13750,ru2401P13750,1118.0,0.0,0.0,0.0,2,638.0,1973.0,2,1131.0,1118.0,1118.0,1118.0,1.0,11180.0,8
2023-05-09 21:06:39,ru2401P13750,ru2401P13750,1118.0,0.0,0.0,0.0,1,639.0,1972.0,1,1131.0,1118.0,1118.0,1118.0,1.0,11180.0,8
2023-05-09 21:06:40,ru2401P13750,ru2401P13750,1118.0,0.0,0.0,0.0,2,640.0,1971.0,2,1131.0,1118.0,1118.0,1118.0,1.0,11180.0,8
2023-05-09 21:06:40,ru2401P13750,ru2401P13750,1118.0,0.0,0.0,0.0,2,640.0,1971.0,2,1131.0,1118.0,1118.0,1118.0,1.0,11180.0,8
2023-05-09 21:06:41,ru2401P13750,ru2401P13750,1118.0,0.0,0.0,0.0,1,641.0,1970.0,1,1131.0,1118.0,1118.0,1118.0,1.0,11180.0,8
2023-05-09 21:06:41,ru2401P13750,ru2401P13750,1118.0,0.0,0.0,0.0,2,642.0,1969.0,2,1131.0,1118.0,1118.0,1118.0,1.0,11180.0,8
2023-05-09 21:06:42,ru2401P13750,ru2401P13750,1118.0,0.0,0.0,0.0,2,642.0,1969.0,2,1131.0,1118.0,1118.0,1118.0,1.0,11180.0,8
2023-05-09 21:06:42,ru2401P13750,ru2401P13750,1118.0,0.0,0.0,0.0,1,643.0,1968.0,1,1131.0,1118.0,1118.0,1118.0,1.0,11180.0,8
2023-05-09 21:06:43,ru2401P13750,ru2401P13750,1118.0,0.0,0.0,0.0,2,644.0,1967.0,2,1131.0,1118.0,1118.0,1118.0,1.0,11180.0,8
2023-05-09 21:06:43,ru2401P13750,ru2401P13750,1118.0,0.0,0.0,0.0,2,644.0,1967.0,2,1131.0,1118.0,1118.0,1118.0,1.0,11180.0,8
2023-05-09 21:06:44,ru2401P13750,ru2401P13750,1118.0,0.0,0.0,0.0,1,645.0,1966.0,1,1131.0,1118.0,1118.0,1118.0,1.0,11180.0,8
2023-05-09 21:06:44,ru2401P13750,ru2401P13750,1118.0,0.0,0.0,0.0,2,646.0,1965.0,2,1131.0,1118.0,1118.0,1118.0,1.0,11180.0,8
2023-05-09 21:06:45,ru2401P13750,ru2401P13750,1118.0,0.0,0.0,0.0,2,646.0,1965.0,2,1131.0,1118.0,1118.0,1118.0,1.0,11180.0,8
2023-05-09 21:06:45,ru2401P13750,ru2401P13750,1118.0,0.0,0.0,0.0,1,647.0,1964.0,1,1131.0,1118.0,1118.0,1118.0,1.0,11180.0,8
2023-05-09 21:06:46,ru2401P13750,ru2401P13750,1118.0,0.0,0.0,0.0,2,648.0,1963.0,2,1131.0,1118.0,1118.0,1118.0,1.0,11180.0,8
2023-05-09 21:06:46,ru2401P13750,ru2401P13750,1118.0,0.0,0.0,0.0,2,648.0,1963.0,2,1131.0,1118.0,1118.0,1118.0,1.0,11180.0,8
2023-05-09 21:06:47,ru2401P13750,ru2401P13750,1118.0,0.0,0.0,0.0,1,649.0,1962.0,1,1131.0,1118.0,1118.0,1118.0,1.0,11180.0,8
2023-05-09 21:06:47,ru2401P13750,ru2401P13750,1118.0,0.0,0.0,0.0,2,650.0,1961.0,2,1131.0,1118.0,1118.0,1118.0,1.0,11180.0,8
2023-05-09 21:06:48,ru2401P13750,ru2401P13750,1118.0,0.0,0.0,0.0,2,650.0,1961.0,2,1131.0,1118.0,1118.0,1118.0,1.0,11180.0,8
2023-05-09 21:06:48,ru2401P13750,ru2401P13750,1118.0,0.0,0.0,0.0,1,651.0,1960.0,1,1131.0,1118.0,1118.0,1118.0,1.0,11180.0,8
2023-05-09 21:06:49,ru2401P13750,ru2401P13750,1118.0,0.0,0.0,0.0,2,652.0,1959.0,2,1131.0,1118.0,1118.0,1118.0,1.0,11180.0,8
2023-05-09 21:06:49,ru2401P13750,ru2401P13750,1118.0,0.0,0.0,0.0,2,652.0,1959.0,2,1131.0,1118.0,1118.0,1118.0,1.0,11180.0,8
2023-05-09 21:06:50,ru2401P13750,ru2401P13750,1118.0,0.0,0.0,0.0,1,653.0,1958.0,1,1131.0,1118.0,1118.0,1118.0,1.0,11180.0,8
2023-05-09 21:06:50,ru2401P13750,ru2401P13750,1118.0,0.0,0.0,0.0,2,654.0,1957.0,2,1131.0,1118.0,1118.0,1118.0,1.0,11180.0,8
2023-05-09 21:06:51,ru2401P13750,ru2401P13750,1118.0,0.0,0.0,0.0,2,654.0,1957.0,2,1131.0,1118.0,1118.0,1118.0,1.0,11180.0,8
2023-05-09 21:06:51,ru2401P13750,ru2401P13750,1118.0,0.0,0.0,0.0,1,655.0,1956.0,1,1131.0,1118.0,1118.0,1118.0,1.0,11180.0,8
2023-05-09 21:06:52,ru2401P13750,ru2401P13750,1118.0,0.0,0.0,0.0,2,656.0,1955.0,2,1131.0,1118.0,1118.0,1118.0,1.0,11180.0,8
2023-05-09 21:06:52,ru2401P13750,ru2401P13750,1118.0,0.0,0.0,0.0,2,656.0,1955.0,2,1131.0,1118.0,1118.0,1118.0,1.0,11180.0,8
2023-05-09 21:06:53,ru2401P13750,ru2401P13750,1118.0,0.0,0.0,0.0,1,657.0,1954.0,1,1131.0,1118.0,1118.0,1118.0,1.0,11180.0,8
2023-05-09 21:06:53,ru2401P13750,ru2401P13750,1118.0,0.0,0.0,0.0,2,658.0,1953.0,2,1131.0,1118.0,1118.0,1118.0,1.0,11180.0,8
2023-05-09 21:06:54,ru2401P13750,ru2401P13750,1118.0,0.0,0.0,0.0,2,658.0,1953.0,2,1131.0,1118.0,1118.0,1118.0,1.0,11180.0,8
2023-05-09 21:06:54,ru2401P13750,ru2401P13750,1118.0,0.0,0.0,0.0,1,659.0,1952.0,1,1131.0,1118.0,1118.0,1118.0,1.0,11180.0,8
2023-05-09 21:06:55,ru2401P13750,ru2401P13750,1118.0,0.0,0.0,0.0,2,660.0,1951.0,2,1131.0,1118.0,1118.0,1118.0,1.0,11180.0,8
2023-05-09 21:06:55,ru2401P13750,ru2401P13750,1118.0,0.0,0.0,0.0,2,660.0,1951.0,2,1131.0,1118.0,1118.0,1118.0,1.0,11180.0,8
2023-05-09 21:06:56,ru2401P13750,ru2401P13750,1118.0,0.0,0.0,0.0,1,661.0,1950.0,1,1131.0,1118.0,1118.0,1118.0,1.0,11180.0,8
2023-05-09 21:06:56,ru2401P13750,ru2401P13750,1118.0,0.0,0.0,0.0,2,662.0,1949.0,2,1131.0,1118.0,1118.0,1118.0,1.0,11180.0,8
2023-05-09 21:06:57,ru2401P13750,ru2401P13750,1118.0,0.0,0.0,0.0,2,662.0,1949.0,2,1131.0,1118.0,1118.0,1118.0,1.0,11180.0,8
2023-05-09 21:06:57,ru2401P13750,ru2401P13750,1118.0,0.0,0.0,0.0,1,663.0,1948.0,1,1131.0,1118.0,1118.0,1118.0,1.0,11180.0,8
2023-05-09 21:06:58,ru2401P13750,ru2401P13750,1118.0,0.0,0.0,0.0,2,664.0,1947.0,2,1131.0,1118.0,1118.0,1118.0,1.0,11180.0,8
2023-05-09 21:06:58,ru2401P13750,ru2401P13750,1118.0,0.0,0.0,0.0,2,664.0,1947.0,2,1131.0,1118.0,1118.0,1118.0,1.0,11180.0,8
2023-05-09 21:06:59,ru2401P13750,ru2401P13750,1118.0,0.0,0.0,0.0,1,665.0,1946.0,1,1131.0,1118.0,1118.0,1118.0,1.0,11180.0,8
2023-05-09 21:06:59,ru2401P13750,ru2401P13750,1118.0,0.0,0.0,0.0,2,666.0,1945.0,2,1131.0,1118.0,1118.0,1118.0,1.0,11180.0,8
2023-05-09 21:07:00,ru2401P13750,ru2401P13750,1118.0,0.0,0.0,0.0,2,666.0,1945.0,2,1131.0,1118.0,1118.0,1118.0,1.0,11180.0,8
2023-05-09 21:07:00,ru2401P13750,ru2401P13750,1118.0,0.0,0.0,0.0,1,667.0,1944.0,1,1131.0,1118.0,1118.0,1118.0,1.0,11180.0,8
2023-05-09 21:07:01,ru2401P13750,ru2401P13750,1118.0,0.0,0.0,0.0,2,668.0,1943.0,2,1131.0,1118.0,1118.0,1118.0,1.0,11180.0,8
2023-05-09 21:07:01,ru2401P13750,ru2401P13750,1118.0,0.0,0.0,0.0,2,668.0,1943.0,2,1131.0,1118.0,1118.0,1118.0,1.0,11180.0,8
2023-05-09 21:07:02,ru2401P13750,ru2401P13750,1118.0,0.0,0.0,0.0,1,669.0,1942.0,1,1131.0,1118.0,1118.0,1118.0,1.0,11180.0,8
2023-05-09 21:07:02,ru2401P13750,ru2401P13750,1118.0,0.0,0.0,0.0,2,670.0,1941.0,2,1131.0,1118.0,1118.0,1118.0,1.0,11180.0,8
2023-05-09 21:07:03,ru2401P13750,ru2401P13750,1118.0,0.0,0.0,0.0,2,670.0,1941.0,2,1131.0,1118.0,1118.0,1118.0,1.0,11180.0,8
2023-05-09 21:07:03,ru2401P13750,ru2401P13750,1118.0,0.0,0.0,0.0,1,671.0,1940.0,1,1131.0,1118.0,1118.0,1118.0,1.0,11180.0,8
2023-05-09 21:07:04,ru2401P13750,ru2401P13750,1118.0,0.0,0.0,0.0,2,672.0,1939.0,2,1131.0,1118.0,1118.0,1118.0,1.0,11180.0,8
2023-05-09 21:07:04,ru2401P13750,ru2401P13750,1118.0,0.0,0.0,0.0,2,672.0,1939.0,2,1131.0,1118.0,1118.0,1118.0,1.0,11180.0,8
2023-05-09 21:07:05,ru2401P13750,ru2401P13750,1118.0,0.0,0.0,0.0,1,673.0,1938.0,1,1131.0,1118.0,1118.0,1118.0,1.0,11180.0,8
2023-05-09 21:07:05,ru2401P13750,ru2401P13750,1118.0,0.0,0.0,0.0,2,674.0,1937.0,2,1131.0,1118.0,1118.0,1118.0,1.0,11180.0,8
2023-05-09 21:07:06,ru2401P13750,ru2401P13750,1118.0,0.0,0.0,0.0,2,674.0,1937.0,2,1131.0,1118.0,1118.0,1118.0,1.0,11180.0,8
2023-05-09 21:07:06,ru2401P13750,ru2401P13750,1118.0,0.0,0.0,0.0,1,675.0,1936.0,1,1131.0,1118.0,1118.0,1118.0,1.0,11180.0,8
2023-05-09 21:07:07,ru2401P13750,ru2401P13750,1118.0,0.0,0.0,0.0,2,676.0,1935.0,2,1131.0,1118.0,1118.0,1118.0,1.0,11180.0,8
2023-05-09 21:07:07,ru2401P13750,ru2401P13750,1118.0,0.0,0.0,0.0,2,676.0,1935.0,2,1131.0,1118.0,1118.0,1118.0,1.0,11180.0,8
2023-05-09 21:07:08,ru2401P13750,ru2401P13750,1118.0,0.0,0.0,0.0,1,677.0,1934.0,1,1131.0,1118.0,1118.0,1118.0,1.0,11180.0,8
2023-05-09 21:07:08,ru2401P13750,ru2401P13750,1118.0,0.0,0.0,0.0,2,678.0,1933.0,2,1131.0,1118.0,1118.0,1118.0,1.0,11180.0,8
2023-05-09 21:07:09,ru2401P13750,ru2401P13750,1118.0,0.0,0.0,0.0,2,678.0,1933.0,2,1131.0,1118.0,1118.0,1118.0,1.0,11180.0,8
2023-05-09 21:07:09,ru2401P13750,ru2401P13750,1118.0,0.0,0.0,0.0,1,679.0,1932.0,1,1131.0,1118.0,1118.0,1118.0,1.0,11180.0,8
2023-05-09 21:07:10,ru2401P13750,ru2401P13750,1118.0,0.0,0.0,0.0,2,680.0,1931.0,2,1131.0,1118.0,1118.0,1118.0,1.0,11180.0,8
2023-05-09 21:07:10,ru2401P13750,ru2401P13750,1118.0,0.0,0.0,0.0,2,680.0,1931.0,2,1131.0,1118.0,1118.0,1118.0,1.0,11180.0,8
2023-05-09 21:07:11,ru2401P13750,ru2401P13750,1118.0,0.0,0.0,0.0,1,681.0,1930.0,1,1131.0,1118.0,1118.0,1118.0,1.0,11180.0,8
2023-05-09 21:07:11,ru2401P13750,ru2401P13750,1118.0,0.0,0.0,0.0,2,682.0,1929.0,2,1131.0,1118.0,1118.0,1118.0,1.0,11180.0,8
2023-05-09 21:07:12,ru2401P13750,ru2401P13750,1118.0,0.0,0.0,0.0,2,682.0,1929.0,2,1131.0,1118.0,1118.0,1118.0,1.0,11180.0,8
2023-05-09 21:07:12,ru2401P13750,ru2401P13750,1118.0,0.0,0.0,0.0,1,683.0,1928.0,1,1131.0,1118.0,1118.0,1118.0,1.0,11180.0,8
2023-05-09 21:07:13,ru2401P13750,ru2401P13750,1118.0,0.0,0.0,0.0,2,684.0,1927.0,2,1131.0,1118.0,1118.0,1118.0,1.0,11180.0,8
2023-05-09 21:07:13,ru2401P13750,ru2401P13750,1118.0,0.0,0.0,0.0,2,684.0,1927.0,2,1131.0,1118.0,1118.0,1118.0,1.0,11180.0,8
2023-05-09 21:07:14,ru2401P13750,ru2401P13750,1118.0,0.0,0.0,0.0,1,685.0,1926.0,1,1131.0,1118.0,1118.0,1118.0,1.0,11180.0,8
2023-05-09 21:07:14,ru2401P13750,ru2401P13750,1118.0,0.0,0.0,0.0,2,686.0,1925.0,2,1131.0,1118.0,1118.0,1118.0,1.0,11180.0,8
2023-05-09 21:07:15,ru2401P13750,ru2401P13750,1118.0,0.0,0.0,0.0,2,686.0,1925.0,2,1131.0,1118.0,1118.0,1118.0,1.0,11180.0,8
2023-05-09 21:07:15,ru2401P13750,ru2401P13750,1118.0,0.0,0.0,0.0,1,687.0,1924.0,1,1131.0,1118.0,1118.0,1118.0,1.0,11180.0,8
2023-05-09 21:07:16,ru2401P13750,ru2401P13750,1118.0,0.0,0.0,0.0,2,688.0,1923.0,2,1131.0,1118.0,1118.0,1118.0,1.0,11180.0,8
2023-05-09 21:07:16,ru2401P13750,ru2401P13750,1118.0,0.0,0.0,0.0,2,688.0,1923.0,2,1131.0,1118.0,1118.0,1118.0,1.0,11180.0,8
2023-05-09 21:07:17,ru2401P13750,ru2401P13750,1118.0,0.0,0.0,0.0,1,689.0,1922.0,1,1131.0,1118.0,1118.0,1118.0,1.0,11180.0,8
2023-05-09 21:07:17,ru2401P13750,ru2401P13750,1118.0,0.0,0.0,0.0,2,690.0,1921.0,2,1131.0,1118.0,1118.0,1118.0,1.0,11180.0,8
2023-05-09 21:07:18,ru2401P13750,ru2401P13750,1118.0,0.0,0.0,0.0,2,690.0,1921.0,2,1131.0,1118.0,1118.0,1118.0,1.0,11180.0,8
2023-05-09 21:07:18,ru2401P13750,ru2401P13750,1118.0,0.0,0.0,0.0,1,691.0,1920.0,1,1131.0,1118.0,1118.0,1118.0,1.0,11180.0,8
2023-05-09 21:07:19,ru2401P13750,ru2401P13750,1118.0,0.0,0.0,0.0,2,692.0,1919.0,2,1131.0,1118.0,1118.0,1118.0,1.0,11180.0,8
2023-05-09 21:07:19,ru2401P13750,ru2401P13750,1118.0,0.0,0.0,0.0,2,692.0,1919.0,2,1131.0,1118.0,1118.0,1118.0,1.0,11180.0,8
2023-05-09 21:07:20,ru2401P13750,ru2401P13750,1118.0,0.0,0.0,0.0,1,693.0,1918.0,1,1131.0,1118.0,1118.0,1118.0,1.0,11180.0,8
2023-05-09 21:07:20,ru2401P13750,ru2401P13750,1118.0,0.0,0.0,0.0,2,694.0,1917.0,2,1131.0,1118.0,1118.0,1118.0,1.0,11180.0,8
2023-05-09 21:07:21,ru2401P13750,ru2401P13750,1118.0,0.0,0.0,0.0,2,694.0,1917.0,2,1131.0,1118.0,1118.0,1118.0,1.0,11180.0,8
2023-05-09 21:07:21,ru2401P13750,ru2401P13750,1118.0,0.0,0.0,0.0,1,695.0,1916.0,1,1131.0,1118.0,1118.0,1118.0,1.0,11180.0,8
2023-05-09 21:07:22,ru2401P13750,ru2401P13750,1118.0,0.0,0.0,0.0,2,696.0,1915.0,2,1131.0,1118.0,1118.0,1118.0,1.0,11180.0,8
2023-05-09 21:07:22,ru2401P13750,ru2401P13750,1118.0,0.0,0.0,0.0,2,696.0,1915.0,2,1131.0,1118.0,1118.0,1118.0,1.0,11180.0,8
2023-05-09 21:07:23,ru2401P13750,ru2401P13750,1118.0,0.0,0.0,0.0,1,697.0,1914.0,1,1131.0,1118.0,1118.0,1118.0,1.0,11180.0,8
2023-05-09 21:07:23,ru2401P13750,ru2401P13750,1118.0,0.0,0.0,0.0,2,698.0,1913.0,2,1131.0,1118.0,1118.0,1118.0,1.0,11180.0,8
2023-05-09 21:07:24,ru2401P13750,ru2401P13750,1118.0,0.0,0.0,0.0,2,698.0,1913.0,2,1131.0,1118.0,1118.0,1118.0,1.0,11180.0,8
2023-05-09 21:07:24,ru2401P13750,ru2401P13750,1118.0,0.0,0.0,0.0,1,699.0,1912.0,1,1131.0,1118.0,1118.0,1118.0,1.0,11180.0,8
2023-05-09 21:07:25,ru2401P13750,ru2401P13750,1118.0,0.0,0.0,0.0,2,700.0,1911.0,2,1131.0,1118.0,1118.0,1118.0,1.0,11180.0,8
2023-05-09 21:07:25,ru2401P13750,ru2401P13750,1118.0,0.0,0.0,0.0,2,700.0,1911.0,2,1131.0,1118.0,1118.0,1118.0,1.0,11180.0,8
2023-05-09 21:07:26,ru2401P13750,ru2401P13750,1118.0,0.0,0.0,0.0,1,701.0,1910.0,1,1131.0,1118.0,1118.0,1118.0,1.0,11180.0,8
2023-05-09 21:07:26,ru2401P13750,ru2401P13750,1118.0,0.0,0.0,0.0,2,702.0,1909.0,2,1131.0,1118.0,1118.0,1118.0,1.0,11180.0,8
2023-05-09 21:07:27,ru2401P13750,ru2401P13750,1118.0,0.0,0.0,0.0,2,702.0,1909.0,2,1131.0,1118.0,1118.0,1118.0,1.0,11180.0,8
2023-05-09 21:07:27,ru2401P13750,ru2401P13750,1118.0,0.0,0.0,0.0,1,703.0,1908.0,1,1131.0,1118.0,1118.0,1118.0,1.0,11180.0,8
2023-05-09 21:07:28,ru2401P13750,ru2401P13750,1118.0,0.0,0.0,0.0,2,704.0,1907.0,2,1131.0,1118.0,1118.0,1118.0,1.0,11180.0,8
2023-05-09 21:07:28,ru2401P13750,ru2401P13750,1118.0,0.0,0.0,0.0,2,704.0,1907.0,2,1131.0,1118.0,1118.0,1118.0,1.0,11180.0,8
2023-05-09 21:07:29,ru2401P13750,ru2401P13750,1118.0,0.0,0.0,0.0,1,705.0,1906.0,1,1131.0,1118.0,1118.0,1118.0,1.0,11180.0,8
2023-05-09 21:07:29,ru2401P13750,ru2401P13750,1118.0,0.0,0.0,0.0,2,706.0,1905.0,2,1131.0,1118.0,1118.0,1118.0,1.0,11180.0,8
2023-05-09 21:07:30,ru2401P13750,ru2401P13750,1118.0,0.0,0.0,0.0,2,706.0,1905.0,2,1131.0,1118.0,1118.0,1118.0,1.0,11180.0,8
2023-05-09 21:07:30,ru2401P13750,ru2401P13750,1118.0,0.0,0.0,0.0,1,707.0,1904.0,1,1131.0,1118.0,1118.0,1118.0,1.0,11180.0,8
2023-05-09 21:07:31,ru2401P13750,ru2401P13750,1118.0,0.0,0.0,0.0,2,708.0,1903.0,2,1131.0,1118.0,1118.0,1118.0,1.0,11180.0,8
2023-05-09 21:07:31,ru2401P13750,ru2401P13750,1118.0,0.0,0.0,0.0,2,708.0,1903.0,2,1131.0,1118.0,1118.0,1118.0,1.0,11180.0,8
2023-05-09 21:07:32,ru2401P13750,ru2401P13750,1118.0,0.0,0.0,0.0,1,709.0,1902.0,1,1131.0,1118.0,1118.0,1118.0,1.0,11180.0,8
2023-05-09 21:07:32,ru2401P13750,ru2401P13750,1118.0,0.0,0.0,0.0,2,710.0,1901.0,2,1131.0,1118.0,1118.0,1118.0,1.0,11180.0,8
2023-05-09 21:07:33,ru2401P13750,ru2401P13750,1118.0,0.0,0.0,0.0,2,710.0,1901.0,2,1131.0,1118.0,1118.0,1118.0,1.0,11180.0,8
2023-05-09 21:07:33,ru2401P13750,ru2401P13750,1118.0,0.0,0.0,0.0,1,711.0,1900.0,1,1131.0,1118.0,1118.0,1118.0,1.0,11180.0,8
2023-05-09 21:07:34,ru2401P13750,ru2401P13750,1118.0,0.0,0.0,0.0,2,712.0,1899.0,2,1131.0,1118.0,1118.0,1118.0,1.0,11180.0,8
2023-05-09 21:07:34,ru2401P13750,ru2401P13750,1118.0,0.0,0.0,0.0,2,712.0,1899.0,2,1131.0,1118.0,1118.0,1118.0,1.0,11180.0,8
2023-05-09 21:07:35,ru2401P13750,ru2401P13750,1118.0,0.0,0.0,0.0,1,713.0,1898.0,1,1131.0,1118.0,1118.0,1118.0,1.0,11180.0,8
2023-05-09 21:07:35,ru2401P13750,ru2401P13750,1118.0,0.0,0.0,0.0,2,714.0,1897.0,2,1131.0,1118.0,1118.0,1118.0,1.0,11180.0,8
2023-05-09 21:07:36,ru2401P13750,ru2401P13750,1118.0,0.0,0.0,0.0,2,714.0,1897.0,2,1131.0,1118.0,1118.0,1118.0,1.0,11180.0,8
2023-05-09 21:07:36,ru2401P13750,ru2401P13750,1118.0,0.0,0.0,0.0,1,715.0,1896.0,1,1131.0,1118.0,1118.0,1118.0,1.0,11180.0,8
2023-05-09 21:07:37,ru2401P13750,ru2401P13750,1118.0,0.0,0.0,0.0,2,716.0,1895.0,2,1131.0,1118.0,1118.0,1118.0,1.0,11180.0,8
2023-05-09 21:07:37,ru2401P13750,ru2401P13750,1118.0,0.0,0.0,0.0,2,716.0,1895.0,2,1131.0,1118.0,1118.0,1118.0,1.0,11180.0,8
2023-05-09 21:07:38,ru2401P13750,ru2401P13750,1118.0,0.0,0.0,0.0,1,717.0,1894.0,1,1131.0,1118.0,1118.0,1118.0,1.0,11180.0,8
2023-05-09 21:07:38,ru2401P13750,ru2401P13750,1118.0,0.0,0.0,0.0,2,718.0,1893.0,2,1131.0,1118.0,1118.0,1118.0,1.0,11180.0,8
2023-05-09 21:07:39,ru2401P13750,ru2401P13750,1118.0,0.0,0.0,0.0,2,718.0,1893.0,2,1131.0,1118.0,1118.0,1118.0,1.0,11180.0,8
2023-05-09 21:07:39,ru2401P13750,ru2401P13750,1118.0,0.0,0.0,0.0,1,719.0,1892.0,1,1131.0,1118.0,1118.0,1118.0,1.0,11180.0,8
2023-05-09 21:07:40,ru2401P13750,ru2401P13750,1118.0,0.0,0.0,0.0,2,720.0,1891.0,2,1131.0,1118.0,1118.0,1118.0,1.0,11180.0,8
2023-05-09 21:07:40,ru2401P13750,ru2401P13750,1118.0,0.0,0.0,0.0,2,720.0,1891.0,2,1131.0,1118.0,1118.0,1118.0,1.0,11180.0,8
2023-05-09 21:07:41,ru2401P13750,ru2401P13750,1118.0,0.0,0.0,0.0,1,721.0,1890.0,1,1131.0,1118.0,1118.0,1118.0,1.0,11180.0,8
2023-05-09 21:07:41,ru2401P13750,ru2401P13750,1118.0,0.0,0.0,0.0,2,722.0,1889.0,2,1131.0,1118.0,1118.0,1118.0,1.0,11180.0,8
2023-05-09 21:07:42,ru2401P13750,ru2401P13750,1118.0,0.0,0.0,0.0,2,722.0,1889.0,2,1131.0,1118.0,1118.0,1118.0,1.0,11180.0,8
2023-05-09 21:07:42,ru2401P13750,ru2401P13750,1118.0,0.0,0.0,0.0,1,723.0,1888.0,1,1131.0,1118.0,1118.0,1118.0,1.0,11180.0,8
2023-05-09 21:07:43,ru2401P13750,ru2401P13750,1118.0,0.0,0.0,0.0,2,724.0,1887.0,2,1131.0,1118.0,1118.0,1118.0,1.0,11180.0,8
2023-05-09 21:07:43,ru2401P13750,ru2401P13750,1118.0,0.0,0.0,0.0,2,724.0,1887.0,2,1131.0,1118.0,1118.0,1118.0,1.0,11180.0,8
2023-05-09 21:07:44,ru2401P13750,ru2401P13750,1118.0,0.0,0.0,0.0,1,725.0,1886.0,1,1131.0,1118.0,1118.0,1118.0,1.0,11180.0,8
2023-05-09 21:07:44,ru2401P13750,ru2401P13750,1118.0,0.0,0.0,0.0,2,726.0,1885.0,2,1131.0,1118.0,1118.0,1118.0,1.0,11180.0,8
2023-05-09 21:07:45,ru2401P13750,ru2401P13750,1118.0,0.0,0.0,0.0,2,726.0,1885.0,2,1131.0,1118.0,1118.0,1118.0,1.0,11180.0,8
2023-05-09 21:07:45,ru2401P13750,ru2401P13750,1118.0,0.0,0.0,0.0,1,727.0,1884.0,1,1131.0,1118.0,1118.0,1118.0,1.0,11180.0,8
2023-05-09 21:07:46,ru2401P13750,ru2401P13750,1118.0,0.0,0.0,0.0,2,728.0,1883.0,2,1131.0,1118.0,1118.0,1118.0,1.0,11180.0,8
2023-05-09 21:07:46,ru2401P13750,ru2401P13750,1118.0,0.0,0.0,0.0,2,728.0,1883.0,2,1131.0,1118.0,1118.0,1118.0,1.0,11180.0,8
2023-05-09 21:07:47,ru2401P13750,ru2401P13750,1118.0,0.0,0.0,0.0,1,729.0,1882.0,1,1131.0,1118.0,1118.0,1118.0,1.0,11180.0,8
2023-05-09 21:07:47,ru2401P13750,ru2401P13750,1118.0,0.0,0.0,0.0,2,730.0,1881.0,2,1131.0,1118.0,1118.0,1118.0,1.0,11180.0,8
2023-05-09 21:07:48,ru2401P13750,ru2401P13750,1118.0,0.0,0.0,0.0,2,730.0,1881.0,2,1131.0,1118.0,1118.0,1118.0,1.0,11180.0,8
2023-05-09 21:07:48,ru2401P13750,ru2401P13750,1118.0,0.0,0.0,0.0,1,731.0,1880.0,1,1131.0,1118.0,1118.0,1118.0,1.0,11180.0,8
2023-05-09 21:07:49,ru2401P13750,ru2401P13750,1118.0,0.0,0.0,0.0,2,732.0,1879.0,2,1131.0,1118.0,1118.0,1118.0,1.0,11180.0,8
2023-05-09 21:07:49,ru2401P13750,ru2401P13750,1118.0,0.0,0.0,0.0,2,732.0,1879.0,2,1131.0,1118.0,1118.0,1118.0,1.0,11180.0,8
2023-05-09 21:07:50,ru2401P13750,ru2401P13750,1118.0,0.0,0.0,0.0,1,733.0,1878.0,1,1131.0,1118.0,1118.0,1118.0,1.0,11180.0,8
2023-05-09 21:07:50,ru2401P13750,ru2401P13750,1118.0,0.0,0.0,0.0,2,734.0,1877.0,2,1131.0,1118.0,1118.0,1118.0,1.0,11180.0,8
2023-05-09 21:07:51,ru2401P13750,ru2401P13750,1118.0,0.0,0.0,0.0,2,734.0,1877.0,2,1131.0,1118.0,1118.0,1118.0,1.0,11180.0,8
2023-05-09 21:07:51,ru2401P13750,ru2401P13750,1118.0,0.0,0.0,0.0,1,735.0,1876.0,1,1131.0,1118.0,1118.0,1118.0,1.0,11180.0,8
2023-05-09 21:07:52,ru2401P13750,ru2401P13750,1118.0,0.0,0.0,0.0,2,736.0,1875.0,2,1131.0,1118.0,1118.0,1118.0,1.0,11180.0,8
2023-05-09 21:07:52,ru2401P13750,ru2401P13750,1118.0,0.0,0.0,0.0,2,736.0,1875.0,2,1131.0,1118.0,1118.0,1118.0,1.0,11180.0,8
2023-05-09 21:07:53,ru2401P13750,ru2401P13750,1118.0,0.0,0.0,0.0,1,737.0,1874.0,1,1131.0,1118.0,1118.0,1118.0,1.0,11180.0,8
2023-05-09 21:07:53,ru2401P13750,ru2401P13750,1118.0,0.0,0.0,0.0,2,738.0,1873.0,2,1131.0,1118.0,1118.0,1118.0,1.0,11180.0,8
2023-05-09 21:07:54,ru2401P13750,ru2401P13750,1118.0,0.0,0.0,0.0,2,738.0,1873.0,2,1131.0,1118.0,1118.0,1118.0,1.0,11180.0,8
2023-05-09 21:07:54,ru2401P13750,ru2401P13750,1118.0,0.0,0.0,0.0,1,739.0,1872.0,1,1131.0,1118.0,1118.0,1118.0,1.0,11180.0,8
2023-05-09 21:07:55,ru2401P13750,ru2401P13750,1118.0,0.0,0.0,0.0,2,740.0,1871.0,2,1131.0,1118.0,1118.0,1118.0,1.0,11180.0,8
2023-05-09 21:07:55,ru2401P13750,ru2401P13750,1118.0,0.0,0.0,0.0,2,740.0,1871.0,2,1131.0,1118.0,1118.0,1118.0,1.0,11180.0,8
2023-05-09 21:07:56,ru2401P13750,ru2401P13750,1118.0,0.0,0.0,0.0,1,741.0,1870.0,1,1131.0,1118.0,1118.0,1118.0,1.0,11180.0,8
2023-05-09 21:07:56,ru2401P13750,ru2401P13750,1118.0,0.0,0.0,0.0,2,742.0,1869.0,2,1131.0,1118.0,1118.0,1118.0,1.0,11180.0,8
2023-05-09 21:07:57,ru2401P13750,ru2401P13750,1118.0,0.0,0.0,0.0,2,742.0,1869.0,2,1131.0,1118.0,1118.0,1118.0,1.0,11180.0,8
2023-05-09 21:07:57,ru2401P13750,ru2401P13750,1118.0,0.0,0.0,0.0,1,743.0,1868.0,1,1131.0,1118.0,1118.0,1118.0,1.0,11180.0,8
2023-05-09 21:07:58,ru2401P13750,ru2401P13750,1118.0,0.0,0.0,0.0,2,744.0,1867.0,2,1131.0,1118.0,1118.0,1118.0,1.0,11180.0,8
2023-05-09 21:07:58,ru2401P13750,ru2401P13750,1118.0,0.0,0.0,0.0,2,744.0,1867.0,2,1131.0,1118.0,1118.0,1118.0,1.0,11180.0,8
2023-05-09 21:07:59,ru2401P13750,ru2401P13750,1118.0,0.0,0.0,0.0,1,745.0,1866.0,1,1131.0,1118.0,1118.0,1118.0,1.0,11180.0,8
2023-05-09 21:07:59,ru2401P13750,ru2401P13750,1118.0,0.0,0.0,0.0,2,746.0,1865.0,2,1131.0,1118.0,1118.0,1118.0,1.0,11180.0,8
2023-05-09 21:08:00,ru2401P13750,ru2401P13750,1118.0,0.0,0.0,0.0,2,746.0,1865.0,2,1131.0,1118.0,1118.0,1118.0,1.0,11180.0,8
2023-05-09 21:08:00,ru2401P13750,ru2401P13750,1118.0,0.0,0.0,0.0,1,747.0,1864.0,1,1131.0,1118.0,1118.0,1118.0,1.0,11180.0,8
2023-05-09 21:08:01,ru2401P13750,ru2401P13750,1118.0,0.0,0.0,0.0,2,748.0,1863.0,2,1131.0,1118.0,1118.0,1118.0,1.0,11180.0,8
2023-05-09 21:08:01,ru2401P13750,ru2401P13750,1118.0,0.0,0.0,0.0,2,748.0,1863.0,2,1131.0,1118.0,1118.0,1118.0,1.0,11180.0,8
2023-05-09 21:08:02,ru2401P13750,ru2401P13750,1118.0,0.0,0.0,0.0,1,749.0,1862.0,1,1131.0,1118.0,1118.0,1118.0,1.0,11180.0,8
2023-05-09 21:08:02,ru2401P13750,ru2401P13750,1118.0,0.0,0.0,0.0,2,750.0,1861.0,2,1131.0,1118.0,1118.0,1118.0,1.0,11180.0,8
2023-05-09 21:08:03,ru2401P13750,ru2401P13750,1118.0,0.0,0.0,0.0,2,750.0,1861.0,2,1131.0,1118.0,1118.0,1118.0,1.0,11180.0,8
2023-05-09 21:08:03,ru2401P13750,ru2401P13750,1118.0,0.0,0.0,0.0,1,751.0,1860.0,1,1131.0,1118.0,1118.0,1118.0,1.0,11180.0,8
2023-05-09 21:08:04,ru2401P13750,ru2401P13750,1118.0,0.0,0.0,0.0,2,752.0,1859.0,2,1131.0,1118.0,1118.0,1118.0,1.0,11180.0,8
2023-05-09 21:08:04,ru2401P13750,ru2401P13750,1118.0,0.0,0.0,0.0,2,752.0,1859.0,2,1131.0,1118.0,1118.0,1118.0,1.0,11180.0,8
2023-05-09 21:08:05,ru2401P13750,ru2401P13750,1118.0,0.0,0.0,0.0,1,753.0,1858.0,1,1131.0,1118.0,1118.0,1118.0,1.0,11180.0,8
2023-05-09 21:08:05,ru2401P13750,ru2401P13750,1118.0,0.0,0.0,0.0,2,754.0,1857.0,2,1131.0,1118.0,1118.0,1118.0,1.0,11180.0,8
2023-05-09 21:08:06,ru2401P13750,ru2401P13750,1118.0,0.0,0.0,0.0,2,754.0,1857.0,2,1131.0,1118.0,1118.0,1118.0,1.0,11180.0,8
2023-05-09 21:08:06,ru2401P13750,ru2401P13750,1118.0,0.0,0.0,0.0,1,755.0,1856.0,1,1131.0,1118.0,1118.0,1118.0,1.0,11180.0,8
2023-05-09 21:08:07,ru2401P13750,ru2401P13750,1118.0,0.0,0.0,0.0,2,756.0,1855.0,2,1131.0,1118.0,1118.0,1118.0,1.0,11180.0,8
2023-05-09 21:08:07,ru2401P13750,ru2401P13750,1118.0,0.0,0.0,0.0,2,756.0,1855.0,2,1131.0,1118.0,1118.0,1118.0,1.0,11180.0,8
2023-05-09 21:08:08,ru2401P13750,ru2401P13750,1118.0,0.0,0.0,0.0,1,757.0,1854.0,1,1131.0,1118.0,1118.0,1118.0,1.0,11180.0,8
2023-05-09 21:08:08,ru2401P13750,ru2401P13750,1118.0,0.0,0.0,0.0,2,758.0,1853.0,2,1131.0,1118.0,1118.0,1118.0,1.0,11180.0,8
2023-05-09 21:08:09,ru2401P13750,ru2401P13750,1118.0,0.0,0.0,0.0,2,758.0,1853.0,2,1131.0,1118.0,1118.0,1118.0,1.0,11180.0,8
2023-05-09 21:08:09,ru2401P13750,ru2401P13750,1118.0,0.0,0.0,0.0,1,759.0,1852.0,1,1131.0,1118.0,1118.0,1118.0,1.0,11180.0,8
2023-05-09 21:08:10,ru2401P13750,ru2401P13750,1118.0,0.0,0.0,0.0,2,760.0,1851.0,2,1131.0,1118.0,1118.0,1118.0,1.0,11180.0,8
2023-05-09 21:08:10,ru2401P13750,ru2401P13750,1118.0,0.0,0.0,0.0,2,760.0,1851.0,2,1131.0,1118.0,1118.0,1118.0,1.0,11180.0,8
2023-05-09 21:08:11,ru2401P13750,ru2401P13750,1118.0,0.0,0.0,0.0,1,761.0,1850.0,1,1131.0,1118.0,1118.0,1118.0,1.0,11180.0,8
2023-05-09 21:08:11,ru2401P13750,ru2401P13750,1118.0,0.0,0.0,0.0,2,762.0,1849.0,2,1131.0,1118.0,1118.0,1118.0,1.0,11180.0,8
2023-05-09 21:08:12,ru2401P13750,ru2401P13750,1118.0,0.0,0.0,0.0,2,762.0,1849.0,2,1131.0,1118.0,1118.0,1118.0,1.0,11180.0,8
2023-05-09 21:08:12,ru2401P13750,ru2401P13750,1118.0,0.0,0.0,0.0,1,763.0,1848.0,1,1131.0,1118.0,1118.0,1118.0,1.0,11180.0,8
2023-05-09 21:08:13,ru2401P13750,ru2401P13750,1118.0,0.0,0.0,0.0,2,764.0,1847.0,2,1131.0,1118.0,1118.0,1118.0,1.0,11180.0,8
2023-05-09 21:08:13,ru2401P13750,ru2401P13750,1118.0,0.0,0.0,0.0,2,764.0,1847.0,2,1131.0,1118.0,1118.0,1118.0,1.0,11180.0,8
2023-05-09 21:08:14,ru2401P13750,ru2401P13750,1118.0,0.0,0.0,0.0,1,765.0,1846.0,1,1131.0,1118.0,1118.0,1118.0,1.0,11180.0,8
2023-05-09 21:08:14,ru2401P13750,ru2401P13750,1118.0,0.0,0.0,0.0,2,766.0,1845.0,2,1131.0,1118.0,1118.0,1118.0,1.0,11180.0,8
2023-05-09 21:08:15,ru2401P13750,ru2401P13750,1118.0,0.0,0.0,0.0,2,766.0,1845.0,2,1131.0,1118.0,1118.0,1118.0,1.0,11180.0,8
2023-05-09 21:08:15,ru2401P13750,ru2401P13750,1118.0,0.0,0.0,0.0,1,767.0,1844.0,1,1131.0,1118.0,1118.0,1118.0,1.0,11180.0,8
2023-05-09 21:08:16,ru2401P13750,ru2401P13750,1118.0,0.0,0.0,0.0,2,768.0,1843.0,2,1131.0,1118.0,1118.0,1118.0,1.0,11180.0,8
2023-05-09 21:08:16,ru2401P13750,ru2401P13750,1118.0,0.0,0.0,0.0,2,768.0,1843.0,2,1131.0,1118.0,1118.0,1118.0,1.0,11180.0,8
2023-05-09 21:08:17,ru2401P13750,ru2401P13750,1118.0,0.0,0.0,0.0,1,769.0,1842.0,1,1131.0,1118.0,1118.0,1118.0,1.0,11180.0,8
2023-05-09 21:08:17,ru2401P13750,ru2401P13750,1118.0,0.0,0.0,0.0,2,770.0,1841.0,2,1131.0,1118.0,1118.0,1118.0,1.0,11180.0,8
2023-05-09 21:08:18,ru2401P13750,ru2401P13750,1118.0,0.0,0.0,0.0,2,770.0,1841.0,2,1131.0,1118.0,1118.0,1118.0,1.0,11180.0,8
2023-05-09 21:08:18,ru2401P13750,ru2401P13750,1118.0,0.0,0.0,0.0,1,771.0,1840.0,1,1131.0,1118.0,1118.0,1118.0,1.0,11180.0,8
2023-05-09 21:08:19,ru2401P13750,ru2401P13750,1118.0,0.0,0.0,0.0,2,772.0,1839.0,2,1131.0,1118.0,1118.0,1118.0,1.0,11180.0,8
2023-05-09 21:08:19,ru2401P13750,ru2401P13750,1118.0,0.0,0.0,0.0,2,772.0,1839.0,2,1131.0,1118.0,1118.0,1118.0,1.0,11180.0,8
2023-05-09 21:08:20,ru2401P13750,ru2401P13750,1118.0,0.0,0.0,0.0,1,773.0,1838.0,1,1131.0,1118.0,1118.0,1118.0,1.0,11180.0,8
2023-05-09 21:08:20,ru2401P13750,ru2401P13750,1118.0,0.0,0.0,0.0,2,774.0,1837.0,2,1131.0,1118.0,1118.0,1118.0,1.0,11180.0,8
2023-05-09 21:08:21,ru2401P13750,ru2401P13750,1118.0,0.0,0.0,0.0,2,774.0,1837.0,2,1131.0,1118.0,1118.0,1118.0,1.0,11180.0,8
2023-05-09 21:08:21,ru2401P13750,ru2401P13750,1118.0,0.0,0.0,0.0,1,775.0,1836.0,1,1131.0,1118.0,1118.0,1118.0,1.0,11180.0,8
2023-05-09 21:08:22,ru2401P13750,ru2401P13750,1118.0,0.0,0.0,0.0,2,776.0,1835.0,2,1131.0,1118.0,1118.0,1118.0,1.0,11180.0,8
2023-05-09 21:08:22,ru2401P13750,ru2401P13750,1118.0,0.0,0.0,0.0,2,776.0,1835.0,2,1131.0,1118.0,1118.0,1118.0,1.0,11180.0,8
2023-05-09 21:08:23,ru2401P13750,ru2401P13750,1118.0,0.0,0.0,0.0,1,777.0,1834.0,1,1131.0,1118.0,1118.0,1118.0,1.0,11180.0,8
2023-05-09 21:08:23,ru2401P13750,ru2401P13750,1118.0,0.0,0.0,0.0,2,778.0,1833.0,2,1131.0,1118.0,1118.0,1118.0,1.0,11180.0,8
2023-05-09 21:08:24,ru2401P13750,ru2401P13750,1118.0,0.0,0.0,0.0,2,778.0,1833.0,2,1131.0,1118.0,1118.0,1118.0,1.0,11180.0,8
2023-05-09 21:08:24,ru2401P13750,ru2401P13750,1118.0,0.0,0.0,0.0,1,779.0,1832.0,1,1131.0,1118.0,1118.0,1118.0,1.0,11180.0,8
2023-05-09 21:08:25,ru2401P13750,ru2401P13750,1118.0,0.0,0.0,0.0,2,780.0,1831.0,2,1131.0,1118.0,1118.0,1118.0,1.0,11180.0,8
2023-05-09 21:08:25,ru2401P13750,ru2401P13750,1118.0,0.0,0.0,0.0,2,780.0,1831.0,2,1131.0,1118.0,1118.0,1118.0,1.0,11180.0,8
2023-05-09 21:08:26,ru2401P13750,ru2401P13750,1118.0,0.0,0.0,0.0,1,781.0,1830.0,1,1131.0,1118.0,1118.0,1118.0,1.0,11180.0,8
2023-05-09 21:08:26,ru2401P13750,ru2401P13750,1118.0,0.0,0.0,0.0,2,782.0,1829.0,2,1131.0,1118.0,1118.0,1118.0,1.0,11180.0,8
2023-05-09 21:08:27,ru2401P13750,ru2401P13750,1118.0,0.0,0.0,0.0,2,782.0,1829.0,2,1131.0,1118.0,1118.0,1118.0,1.0,11180.0,8
2023-05-09 21:08:27,ru2401P13750,ru2401P13750,1118.0,0.0,0.0,0.0,1,783.0,1828.0,1,1131.0,1118.0,1118.0,1118.0,1.0,11180.0,8
2023-05-09 21:08:28,ru2401P13750,ru2401P13750,1118.0,0.0,0.0,0.0,2,784.0,1827.0,2,1131.0,1118.0,1118.0,1118.0,1.0,11180.0,8
2023-05-09 21:08:28,ru2401P13750,ru2401P13750,1118.0,0.0,0.0,0.0,2,784.0,1827.0,2,1131.0,1118.0,1118.0,1118.0,1.0,11180.0,8
2023-05-09 21:08:29,ru2401P13750,ru2401P13750,1118.0,0.0,0.0,0.0,1,785.0,1826.0,1,1131.0,1118.0,1118.0,1118.0,1.0,11180.0,8
2023-05-09 21:08:29,ru2401P13750,ru2401P13750,1118.0,0.0,0.0,0.0,2,786.0,1825.0,2,1131.0,1118.0,1118.0,1118.0,1.0,11180.0,8
2023-05-09 21:08:30,ru2401P13750,ru2401P13750,1118.0,0.0,0.0,0.0,2,786.0,1825.0,2,1131.0,1118.0,1118.0,1118.0,1.0,11180.0,8
2023-05-09 21:08:30,ru2401P13750,ru2401P13750,1118.0,0.0,0.0,0.0,1,787.0,1824.0,1,1131.0,1118.0,1118.0,1118.0,1.0,11180.0,8
2023-05-09 21:08:31,ru2401P13750,ru2401P13750,1118.0,0.0,0.0,0.0,2,788.0,1823.0,2,1131.0,1118.0,1118.0,1118.0,1.0,11180.0,8
2023-05-09 21:08:31,ru2401P13750,ru2401P13750,1118.0,0.0,0.0,0.0,2,788.0,1823.0,2,1131.0,1118.0,1118.0,1118.0,1.0,11180.0,8
2023-05-09 21:08:32,ru2401P13750,ru2401P13750,1118.0,0.0,0.0,0.0,1,789.0,1822.0,1,1131.0,1118.0,1118.0,1118.0,1.0,11180.0,8
2023-05-09 21:08:32,ru2401P13750,ru2401P13750,1118.0,0.0,0.0,0.0,2,790.0,1821.0,2,1131.0,1118.0,1118.0,1118.0,1.0,11180.0,8
2023-05-09 21:08:33,ru2401P13750,ru2401P13750,1118.0,0.0,0.0,0.0,2,790.0,1821.0,2,1131.0,1118.0,1118.0,1118.0,1.0,11180.0,8
2023-05-09 21:08:33,ru2401P13750,ru2401P13750,1118.0,0.0,0.0,0.0,1,791.0,1820.0,1,1131.0,1118.0,1118.0,1118.0,1.0,11180.0,8
2023-05-09 21:08:34,ru2401P13750,ru2401P13750,1118.0,0.0,0.0,0.0,2,792.0,1819.0,2,1131.0,1118.0,1118.0,1118.0,1.0,11180.0,8
2023-05-09 21:08:34,ru2401P13750,ru2401P13750,1118.0,0.0,0.0,0.0,2,792.0,1819.0,2,1131.0,1118.0,1118.0,1118.0,1.0,11180.0,8
2023-05-09 21:08:35,ru2401P13750,ru2401P13750,1118.0,0.0,0.0,0.0,1,793.0,1818.0,1,1131.0,1118.0,1118.0,1118.0,1.0,11180.0,8
2023-05-09 21:08:35,ru2401P13750,ru2401P13750,1118.0,0.0,0.0,0.0,2,794.0,1817.0,2,1131.0,1118.0,1118.0,1118.0,1.0,11180.0,8
2023-05-09 21:08:36,ru2401P13750,ru2401P13750,1118.0,0.0,0.0,0.0,2,794.0,1817.0,2,1131.0,1118.0,1118.0,1118.0,1.0,11180.0,8
2023-05-09 21:08:36,ru2401P13750,ru2401P13750,1118.0,0.0,0.0,0.0,1,795.0,1816.0,1,1131.0,1118.0,1118.0,1118.0,1.0,11180.0,8
2023-05-09 21:08:37,ru2401P13750,ru2401P13750,1118.0,0.0,0.0,0.0,2,796.0,1815.0,2,1131.0,1118.0,1118.0,1118.0,1.0,11180.0,8
2023-05-09 21:08:37,ru2401P13750,ru2401P13750,1118.0,0.0,0.0,0.0,2,796.0,1815.0,2,1131.0,1118.0,1118.0,1118.0,1.0,11180.0,8
2023-05-09 21:08:38,ru2401P13750,ru2401P13750,1118.0,0.0,0.0,0.0,1,797.0,1814.0,1,1131.0,1118.0,1118.0,1118.0,1.0,11180.0,8
2023-05-09 21:08:38,ru2401P13750,ru2401P13750,1118.0,0.0,0.0,0.0,2,798.0,1813.0,2,1131.0,1118.0,1118.0,1118.0,1.0,11180.0,8
2023-05-09 21:08:39,ru2401P13750,ru2401P13750,1118.0,0.0,0.0,0.0,2,798.0,1813.0,2,1131.0,1118.0,1118.0,1118.0,1.0,11180.0,8
2023-05-09 21:08:39,ru2401P13750,ru2401P13750,1118.0,0.0,0.0,0.0,1,799.0,1812.0,1,1131.0,1118.0,1118.0,1118.0,1.0,11180.0,8
2023-05-09 21:08:40,ru2401P13750,ru2401P13750,1118.0,0.0,0.0,0.0,2,800.0,1811.0,2,1131.0,1118.0,1118.0,1118.0,1.0,11180.0,8
2023-05-09 21:08:40,ru2401P13750,ru2401P13750,1118.0,0.0,0.0,0.0,2,800.0,1811.0,2,1131.0,1118.0,1118.0,1118.0,1.0,11180.0,8
2023-05-09 21:08:41,ru2401P13750,ru2401P13750,1118.0,0.0,0.0,0.0,1,801.0,1810.0,1,1131.0,1118.0,1118.0,1118.0,1.0,11180.0,8
2023-05-09 21:08:41,ru2401P13750,ru2401P13750,1118.0,0.0,0.0,0.0,2,802.0,1809.0,2,1131.0,1118.0,1118.0,1118.0,1.0,11180.0,8
2023-05-09 21:08:42,ru2401P13750,ru2401P13750,1118.0,0.0,0.0,0.0,2,802.0,1809.0,2,1131.0,1118.0,1118.0,1118.0,1.0,11180.0,8
2023-05-09 21:08:42,ru2401P13750,ru2401P13750,1118.0,0.0,0.0,0.0,1,803.0,1808.0,1,1131.0,1118.0,1118.0,1118.0,1.0,11180.0,8
2023-05-09 21:08:43,ru2401P13750,ru2401P13750,1118.0,0.0,0.0,0.0,2,804.0,1807.0,2,1131.0,1118.0,1118.0,1118.0,1.0,11180.0,8
2023-05-09 21:08:43,ru2401P13750,ru2401P13750,1118.0,0.0,0.0,0.0,2,804.0,1807.0,2,1131.0,1118.0,1118.0,1118.0,1.0,11180.0,8
2023-05-09 21:08:44,ru2401P13750,ru2401P13750,1118.0,0.0,0.0,0.0,1,805.0,1806.0,1,1131.0,1118.0,1118.0,1118.0,1.0,11180.0,8
2023-05-09 21:08:44,ru2401P13750,ru2401P13750,1118.0,0.0,0.0,0.0,2,806.0,1805.0,2,1131.0,1118.0,1118.0,1118.0,1.0,11180.0,8
2023-05-09 21:08:45,ru2401P13750,ru2401P13750,1118.0,0.0,0.0,0.0,2,806.0,1805.0,2,1131.0,1118.0,1118.0,1118.0,1.0,11180.0,8
2023-05-09 21:08:45,ru2401P13750,ru2401P13750,1118.0,0.0,0.0,0.0,1,807.0,1804.0,1,1131.0,1118.0,1118.0,1118.0,1.0,11180.0,8
2023-05-09 21:08:46,ru2401P13750,ru2401P13750,1118.0,0.0,0.0,0.0,2,808.0,1803.0,2,1131.0,1118.0,1118.0,1118.0,1.0,11180.0,8
2023-05-09 21:08:46,ru2401P13750,ru2401P13750,1118.0,0.0,0.0,0.0,2,808.0,1803.0,2,1131.0,1118.0,1118.0,1118.0,1.0,11180.0,8
2023-05-09 21:08:47,ru2401P13750,ru2401P13750,1118.0,0.0,0.0,0.0,1,809.0,1802.0,1,1131.0,1118.0,1118.0,1118.0,1.0,11180.0,8
2023-05-09 21:08:47,ru2401P13750,ru2401P13750,1118.0,0.0,0.0,0.0,2,810.0,1801.0,2,1131.0,1118.0,1118.0,1118.0,1.0,11180.0,8
2023-05-09 21:08:48,ru2401P13750,ru2401P13750,1118.0,0.0,0.0,0.0,2,810.0,1801.0,2,1131.0,1118.0,1118.0,1118.0,1.0,11180.0,8
2023-05-09 21:08:48,ru2401P13750,ru2401P13750,1118.0,0.0,0.0,0.0,1,811.0,1800.0,1,1131.0,1118.0,1118.0,1118.0,1.0,11180.0,8
2023-05-09 21:08:49,ru2401P13750,ru2401P13750,1118.0,0.0,0.0,0.0,2,812.0,1799.0,2,1131.0,1118.0,1118.0,1118.0,1.0,11180.0,8
2023-05-09 21:08:49,ru2401P13750,ru2401P13750,1118.0,0.0,0.0,0.0,2,812.0,1799.0,2,1131.0,1118.0,1118.0,1118.0,1.0,11180.0,8
2023-05-09 21:08:50,ru2401P13750,ru2401P13750,1118.0,0.0,0.0,0.0,1,813.0,1798.0,1,1131.0,1118.0,1118.0,1118.0,1.0,11180.0,8
2023-05-09 21:08:50,ru2401P13750,ru2401P13750,1118.0,0.0,0.0,0.0,2,814.0,1797.0,2,1131.0,1118.0,1118.0,1118.0,1.0,11180.0,8
2023-05-09 21:08:51,ru2401P13750,ru2401P13750,1118.0,0.0,0.0,0.0,2,814.0,1797.0,2,1131.0,1118.0,1118.0,1118.0,1.0,11180.0,8
2023-05-09 21:08:51,ru2401P13750,ru2401P13750,1118.0,0.0,0.0,0.0,1,815.0,1796.0,1,1131.0,1118.0,1118.0,1118.0,1.0,11180.0,8
2023-05-09 21:08:52,ru2401P13750,ru2401P13750,1118.0,0.0,0.0,0.0,2,816.0,1795.0,2,1131.0,1118.0,1118.0,1118.0,1.0,11180.0,8
2023-05-09 21:08:52,ru2401P13750,ru2401P13750,1118.0,0.0,0.0,0.0,2,816.0,1795.0,2,1131.0,1118.0,1118.0,1118.0,1.0,11180.0,8
2023-05-09 21:08:53,ru2401P13750,ru2401P13750,1118.0,0.0,0.0,0.0,1,817.0,1794.0,1,1131.0,1118.0,1118.0,1118.0,1.0,11180.0,8
2023-05-09 21:08:53,ru2401P13750,ru2401P13750,1118.0,0.0,0.0,0.0,2,818.0,1793.0,2,1131.0,1118.0,1118.0,1118.0,1.0,11180.0,8
2023-05-09 21:08:54,ru2401P13750,ru2401P13750,1118.0,0.0,0.0,0.0,2,818.0,1793.0,2,1131.0,1118.0,1118.0,1118.0,1.0,11180.0,8
2023-05-09 21:08:54,ru2401P13750,ru2401P13750,1118.0,0.0,0.0,0.0,1,819.0,1792.0,1,1131.0,1118.0,1118.0,1118.0,1.0,11180.0,8
2023-05-09 21:08:55,ru2401P13750,ru2401P13750,1118.0,0.0,0.0,0.0,2,820.0,1791.0,2,1131.0,1118.0,1118.0,1118.0,1.0,11180.0,8
2023-05-09 21:08:55,ru2401P13750,ru2401P13750,1118.0,0.0,0.0,0.0,2,820.0,1791.0,2,1131.0,1118.0,1118.0,1118.0,1.0,11180.0,8
2023-05-09 21:08:56,ru2401P13750,ru2401P13750,1118.0,0.0,0.0,0.0,1,821.0,1790.0,1,1131.0,1118.0,1118.0,1118.0,1.0,11180.0,8
2023-05-09 21:08:56,ru2401P13750,ru2401P13750,1118.0,0.0,0.0,0.0,2,822.0,1789.0,2,1131.0,1118.0,1118.0,1118.0,1.0,11180.0,8
2023-05-09 21:08:57,ru2401P13750,ru2401P13750,1118.0,0.0,0.0,0.0,2,822.0,1789.0,2,1131.0,1118.0,1118.0,1118.0,1.0,11180.0,8
2023-05-09 21:08:57,ru2401P13750,ru2401P13750,1118.0,0.0,0.0,0.0,1,823.0,1788.0,1,1131.0,1118.0,1118.0,1118.0,1.0,11180.0,8
2023-05-09 21:08:58,ru2401P13750,ru2401P13750,1118.0,0.0,0.0,0.0,2,824.0,1787.0,2,1131.0,1118.0,1118.0,1118.0,1.0,11180.0,8
2023-05-09 21:08:58,ru2401P13750,ru2401P13750,1118.0,0.0,0.0,0.0,2,824.0,1787.0,2,1131.0,1118.0,1118.0,1118.0,1.0,11180.0,8
2023-05-09 21:08:59,ru2401P13750,ru2401P13750,1118.0,0.0,0.0,0.0,1,825.0,1786.0,1,1131.0,1118.0,1118.0,1118.0,1.0,11180.0,8
2023-05-09 21:08:59,ru2401P13750,ru2401P13750,1118.0,0.0,0.0,0.0,2,826.0,1785.0,2,1131.0,1118.0,1118.0,1118.0,1.0,11180.0,8
2023-05-09 21:09:00,ru2401P13750,ru2401P13750,1118.0,0.0,0.0,0.0,2,826.0,1785.0,2,1131.0,1118.0,1118.0,1118.0,1.0,11180.0,8
2023-05-09 21:09:00,ru2401P13750,ru2401P13750,1118.0,0.0,0.0,0.0,1,827.0,1784.0,1,1131.0,1118.0,1118.0,1118.0,1.0,11180.0,8
2023-05-09 21:09:01,ru2401P13750,ru2401P13750,1118.0,0.0,0.0,0.0,2,828.0,1783.0,2,1131.0,1118.0,1118.0,1118.0,1.0,11180.0,8
2023-05-09 21:09:01,ru2401P13750,ru2401P13750,1118.0,0.0,0.0,0.0,2,828.0,1783.0,2,1131.0,1118.0,1118.0,1118.0,1.0,11180.0,8
2023-05-09 21:09:02,ru2401P13750,ru2401P13750,1118.0,0.0,0.0,0.0,1,829.0,1782.0,1,1131.0,1118.0,1118.0,1118.0,1.0,11180.0,8
2023-05-09 21:09:02,ru2401P13750,ru2401P13750,1118.0,0.0,0.0,0.0,2,830.0,1781.0,2,1131.0,1118.0,1118.0,1118.0,1.0,11180.0,8
2023-05-09 21:09:03,ru2401P13750,ru2401P13750,1118.0,0.0,0.0,0.0,2,830.0,1781.0,2,1131.0,1118.0,1118.0,1118.0,1.0,11180.0,8
2023-05-09 21:09:03,ru2401P13750,ru2401P13750,1118.0,0.0,0.0,0.0,1,831.0,1780.0,1,1131.0,1118.0,1118.0,1118.0,1.0,11180.0,8
2023-05-09 21:09:04,ru2401P13750,ru2401P13750,1118.0,0.0,0.0,0.0,2,832.0,1779.0,2,1131.0,1118.0,1118.0,1118.0,1.0,11180.0,8
2023-05-09 21:09:04,ru2401P13750,ru2401P13750,1118.0,0.0,0.0,0.0,2,832.0,1779.0,2,1131.0,1118.0,1118.0,1118.0,1.0,11180.0,8
2023-05-09 21:09:05,ru2401P13750,ru2401P13750,1118.0,0.0,0.0,0.0,1,833.0,1778.0,1,1131.0,1118.0,1118.0,1118.0,1.0,11180.0,8
2023-05-09 21:09:05,ru2401P13750,ru2401P13750,1118.0,0.0,0.0,0.0,2,834.0,1777.0,2,1131.0,1118.0,1118.0,1118.0,1.0,11180.0,8
2023-05-09 21:09:06,ru2401P13750,ru2401P13750,1118.0,0.0,0.0,0.0,2,834.0,1777.0,2,1131.0,1118.0,1118.0,1118.0,1.0,11180.0,8
2023-05-09 21:09:06,ru2401P13750,ru2401P13750,1118.0,0.0,0.0,0.0,1,835.0,1776.0,1,1131.0,1118.0,1118.0,1118.0,1.0,11180.0,8
2023-05-09 21:09:07,ru2401P13750,ru2401P13750,1118.0,0.0,0.0,0.0,2,836.0,1775.0,2,1131.0,1118.0,1118.0,1118.0,1.0,11180.0,8
2023-05-09 21:09:07,ru2401P13750,ru2401P13750,1118.0,0.0,0.0,0.0,2,836.0,1775.0,2,1131.0,1118.0,1118.0,1118.0,1.0,11180.0,8
2023-05-09 21:09:08,ru2401P13750,ru2401P13750,1118.0,0.0,0.0,0.0,1,837.0,1774.0,1,1131.0,1118.0,1118.0,1118.0,1.0,11180.0,8
2023-05-09 21:09:08,ru2401P13750,ru2401P13750,1118.0,0.0,0.0,0.0,2,838.0,1773.0,2,1131.0,1118.0,1118.0,1118.0,1.0,11180.0,8
2023-05-09 21:09:09,ru2401P13750,ru2401P13750,1118.0,0.0,0.0,0.0,2,838.0,1773.0,2,1131.0,1118.0,1118.0,1118.0,1.0,11180.0,8
2023-05-09 21:09:09,ru2401P13750,ru2401P13750,1118.0,0.0,0.0,0.0,1,839.0,1772.0,1,1131.0,1118.0,1118.0,1118.0,1.0,11180.0,8
2023-05-09 21:09:10,ru2401P13750,ru2401P13750,1118.0,0.0,0.0,0.0,2,840.0,1771.0,2,1131.0,1118.0,1118.0,1118.0,1.0,11180.0,8
2023-05-09 21:09:10,ru2401P13750,ru2401P13750,1118.0,0.0,0.0,0.0,2,840.0,1771.0,2,1131.0,1118.0,1118.0,1118.0,1.0,11180.0,8
2023-05-09 21:09:11,ru2401P13750,ru2401P13750,1118.0,0.0,0.0,0.0,1,841.0,1770.0,1,1131.0,1118.0,1118.0,1118.0,1.0,11180.0,8
2023-05-09 21:09:11,ru2401P13750,ru2401P13750,1118.0,0.0,0.0,0.0,2,842.0,1769.0,2,1131.0,1118.0,1118.0,1118.0,1.0,11180.0,8
2023-05-09 21:09:12,ru2401P13750,ru2401P13750,1118.0,0.0,0.0,0.0,2,842.0,1769.0,2,1131.0,1118.0,1118.0,1118.0,1.0,11180.0,8
2023-05-09 21:09:12,ru2401P13750,ru2401P13750,1118.0,0.0,0.0,0.0,1,843.0,1768.0,1,1131.0,1118.0,1118.0,1118.0,1.0,11180.0,8
2023-05-09 21:09:13,ru2401P13750,ru2401P13750,1118.0,0.0,0.0,0.0,2,844.0,1767.0,2,1131.0,1118.0,1118.0,1118.0,1.0,11180.0,8
2023-05-09 21:09:13,ru2401P13750,ru2401P13750,1118.0,0.0,0.0,0.0,2,844.0,1767.0,2,1131.0,1118.0,1118.0,1118.0,1.0,11180.0,8
2023-05-09 21:09:14,ru2401P13750,ru2401P13750,1118.0,0.0,0.0,0.0,1,845.0,1766.0,1,1131.0,1118.0,1118.0,1118.0,1.0,11180.0,8
2023-05-09 21:09:14,ru2401P13750,ru2401P13750,1118.0,0.0,0.0,0.0,2,846.0,1765.0,2,1131.0,1118.0,1118.0,1118.0,1.0,11180.0,8
2023-05-09 21:09:15,ru2401P13750,ru2401P13750,1118.0,0.0,0.0,0.0,2,846.0,1765.0,2,1131.0,1118.0,1118.0,1118.0,1.0,11180.0,8
2023-05-09 21:09:15,ru2401P13750,ru2401P13750,1118.0,0.0,0.0,0.0,1,847.0,1764.0,1,1131.0,1118.0,1118.0,1118.0,1.0,11180.0,8
2023-05-09 21:09:16,ru2401P13750,ru2401P13750,1118.0,0.0,0.0,0.0,2,848.0,1763.0,2,1131.0,1118.0,1118.0,1118.0,1.0,11180.0,8
2023-05-09 21:09:16,ru2401P13750,ru2401P13750,1118.0,0.0,0.0,0.0,2,848.0,1763.0,2,1131.0,1118.0,1118.0,1118.0,1.0,11180.0,8
2023-05-09 21:09:17,ru2401P13750,ru2401P13750,1118.0,0.0,0.0,0.0,1,849.0,1762.0,1,1131.0,1118.0,1118.0,1118.0,1.0,11180.0,8
2023-05-09 21:09:17,ru2401P13750,ru2401P13750,1118.0,0.0,0.0,0.0,2,850.0,1761.0,2,1131.0,1118.0,1118.0,1118.0,1.0,11180.0,8
2023-05-09 21:09:18,ru2401P13750,ru2401P13750,1118.0,0.0,0.0,0.0,2,850.0,1761.0,2,1131.0,1118.0,1118.0,1118.0,1.0,11180.0,8
2023-05-09 21:09:18,ru2401P13750,ru2401P13750,1118.0,0.0,0.0,0.0,1,851.0,1760.0,1,1131.0,1118.0,1118.0,1118.0,1.0,11180.0,8
2023-05-09 21:09:19,ru2401P13750,ru2401P13750,1118.0,0.0,0.0,0.0,2,852.0,1759.0,2,1131.0,1118.0,1118.0,1118.0,1.0,11180.0,8
2023-05-09 21:09:19,ru2401P13750,ru2401P13750,1118.0,0.0,0.0,0.0,2,852.0,1759.0,2,1131.0,1118.0,1118.0,1118.0,1.0,11180.0,8
2023-05-09 21:09:20,ru2401P13750,ru2401P13750,1118.0,0.0,0.0,0.0,1,853.0,1758.0,1,1131.0,1118.0,1118.0,1118.0,1.0,11180.0,8
2023-05-09 21:09:20,ru2401P13750,ru2401P13750,1118.0,0.0,0.0,0.0,2,854.0,1757.0,2,1131.0,1118.0,1118.0,1118.0,1.0,11180.0,8
2023-05-09 21:09:21,ru2401P13750,ru2401P13750,1118.0,0.0,0.0,0.0,2,854.0,1757.0,2,1131.0,1118.0,1118.0,1118.0,1.0,11180.0,8
2023-05-09 21:09:21,ru2401P13750,ru2401P13750,1118.0,0.0,0.0,0.0,1,855.0,1756.0,1,1131.0,1118.0,1118.0,1118.0,1.0,11180.0,8
2023-05-09 21:09:22,ru2401P13750,ru2401P13750,1118.0,0.0,0.0,0.0,2,856.0,1755.0,2,1131.0,1118.0,1118.0,1118.0,1.0,11180.0,8
2023-05-09 21:09:22,ru2401P13750,ru2401P13750,1118.0,0.0,0.0,0.0,2,856.0,1755.0,2,1131.0,1118.0,1118.0,1118.0,1.0,11180.0,8
2023-05-09 21:09:23,ru2401P13750,ru2401P13750,1118.0,0.0,0.0,0.0,1,857.0,1754.0,1,1131.0,1118.0,1118.0,1118.0,1.0,11180.0,8
2023-05-09 21:09:23,ru2401P13750,ru2401P13750,1118.0,0.0,0.0,0.0,2,858.0,1753.0,2,1131.0,1118.0,1118.0,1118.0,1.0,11180.0,8
2023-05-09 21:09:24,ru2401P13750,ru2401P13750,1118.0,0.0,0.0,0.0,2,858.0,1753.0,2,1131.0,1118.0,1118.0,1118.0,1.0,11180.0,8
2023-05-09 21:09:24,ru2401P13750,ru2401P13750,1118.0,0.0,0.0,0.0,1,859.0,1752.0,1,1131.0,1118.0,1118.0,1118.0,1.0,11180.0,8
2023-05-09 21:09:25,ru2401P13750,ru2401P13750,1118.0,0.0,0.0,0.0,2,860.0,1751.0,2,1131.0,1118.0,1118.0,1118.0,1.0,11180.0,8
2023-05-09 21:09:25,ru2401P13750,ru2401P13750,1118.0,0.0,0.0,0.0,2,860.0,1751.0,2,1131.0,1118.0,1118.0,1118.0,1.0,11180.0,8
2023-05-09 21:09:26,ru2401P13750,ru2401P13750,1118.0,0.0,0.0,0.0,1,861.0,1750.0,1,1131.0,1118.0,1118.0,1118.0,1.0,11180.0,8
2023-05-09 21:09:26,ru2401P13750,ru2401P13750,1118.0,0.0,0.0,0.0,2,862.0,1749.0,2,1131.0,1118.0,1118.0,1118.0,1.0,11180.0,8
2023-05-09 21:09:27,ru2401P13750,ru2401P13750,1118.0,0.0,0.0,0.0,2,862.0,1749.0,2,1131.0,1118.0,1118.0,1118.0,1.0,11180.0,8
2023-05-09 21:09:27,ru2401P13750,ru2401P13750,1118.0,0.0,0.0,0.0,1,863.0,1748.0,1,1131.0,1118.0,1118.0,1118.0,1.0,11180.0,8
2023-05-09 21:09:28,ru2401P13750,ru2401P13750,1118.0,0.0,0.0,0.0,2,864.0,1747.0,2,1131.0,1118.0,1118.0,1118.0,1.0,11180.0,8
2023-05-09 21:09:28,ru2401P13750,ru2401P13750,1118.0,0.0,0.0,0.0,2,864.0,1747.0,2,1131.0,1118.0,1118.0,1118.0,1.0,11180.0,8
2023-05-09 21:09:29,ru2401P13750,ru2401P13750,1118.0,0.0,0.0,0.0,1,865.0,1746.0,1,1131.0,1118.0,1118.0,1118.0,1.0,11180.0,8
2023-05-09 21:09:29,ru2401P13750,ru2401P13750,1118.0,0.0,0.0,0.0,2,866.0,1745.0,2,1131.0,1118.0,1118.0,1118.0,1.0,11180.0,8
2023-05-09 21:09:30,ru2401P13750,ru2401P13750,1118.0,0.0,0.0,0.0,2,866.0,1745.0,2,1131.0,1118.0,1118.0,1118.0,1.0,11180.0,8
2023-05-09 21:09:30,ru2401P13750,ru2401P13750,1118.0,0.0,0.0,0.0,1,867.0,1744.0,1,1131.0,1118.0,1118.0,1118.0,1.0,11180.0,8
2023-05-09 21:09:31,ru2401P13750,ru2401P13750,1118.0,0.0,0.0,0.0,2,868.0,1743.0,2,1131.0,1118.0,1118.0,1118.0,1.0,11180.0,8
2023-05-09 21:09:31,ru2401P13750,ru2401P13750,1118.0,0.0,0.0,0.0,2,868.0,1743.0,2,1131.0,1118.0,1118.0,1118.0,1.0,11180.0,8
2023-05-09 21:09:32,ru2401P13750,ru2401P13750,1118.0,0.0,0.0,0.0,1,869.0,1742.0,1,1131.0,1118.0,1118.0,1118.0,1.0,11180.0,8
2023-05-09 21:09:32,ru2401P13750,ru2401P13750,1118.0,0.0,0.0,0.0,2,870.0,1741.0,2,1131.0,1118.0,1118.0,1118.0,1.0,11180.0,8
2023-05-09 21:09:33,ru2401P13750,ru2401P13750,1118.0,0.0,0.0,0.0,2,870.0,1741.0,2,1131.0,1118.0,1118.0,1118.0,1.0,11180.0,8
2023-05-09 21:09:33,ru2401P13750,ru2401P13750,1118.0,0.0,0.0,0.0,1,871.0,1740.0,1,1131.0,1118.0,1118.0,1118.0,1.0,11180.0,8
2023-05-09 21:09:34,ru2401P13750,ru2401P13750,1118.0,0.0,0.0,0.0,2,872.0,1739.0,2,1131.0,1118.0,1118.0,1118.0,1.0,11180.0,8
2023-05-09 21:09:34,ru2401P13750,ru2401P13750,1118.0,0.0,0.0,0.0,2,872.0,1739.0,2,1131.0,1118.0,1118.0,1118.0,1.0,11180.0,8
2023-05-09 21:09:35,ru2401P13750,ru2401P13750,1118.0,0.0,0.0,0.0,1,873.0,1738.0,1,1131.0,1118.0,1118.0,1118.0,1.0,11180.0,8
2023-05-09 21:09:35,ru2401P13750,ru2401P13750,1118.0,0.0,0.0,0.0,2,874.0,1737.0,2,1131.0,1118.0,1118.0,1118.0,1.0,11180.0,8
2023-05-09 21:09:36,ru2401P13750,ru2401P13750,1118.0,0.0,0.0,0.0,2,874.0,1737.0,2,1131.0,1118.0,1118.0,1118.0,1.0,11180.0,8
2023-05-09 21:09:36,ru2401P13750,ru2401P13750,1118.0,0.0,0.0,0.0,1,875.0,1736.0,1,1131.0,1118.0,1118.0,1118.0,1.0,11180.0,8
2023-05-09 21:09:37,ru2401P13750,ru2401P13750,1118.0,0.0,0.0,0.0,2,876.0,1735.0,2,1131.0,1118.0,1118.0,1118.0,1.0,11180.0,8
2023-05-09 21:09:37,ru2401P13750,ru2401P13750,1118.0,0.0,0.0,0.0,2,876.0,1735.0,2,1131.0,1118.0,1118.0,1118.0,1.0,11180.0,8
2023-05-09 21:09:38,ru2401P13750,ru2401P13750,1118.0,0.0,0.0,0.0,1,877.0,1734.0,1,1131.0,1118.0,1118.0,1118.0,1.0,11180.0,8
2023-05-09 21:09:38,ru2401P13750,ru2401P13750,1118.0,0.0,0.0,0.0,2,878.0,1733.0,2,1131.0,1118.0,1118.0,1118.0,1.0,11180.0,8
2023-05-09 21:09:39,ru2401P13750,ru2401P13750,1118.0,0.0,0.0,0.0,2,878.0,1733.0,2,1131.0,1118.0,1118.0,1118.0,1.0,11180.0,8
2023-05-09 21:09:39,ru2401P13750,ru2401P13750,1118.0,0.0,0.0,0.0,1,879.0,1732.0,1,1131.0,1118.0,1118.0,1118.0,1.0,11180.0,8
2023-05-09 21:09:40,ru2401P13750,ru2401P13750,1118.0,0.0,0.0,0.0,2,880.0,1731.0,2,1131.0,1118.0,1118.0,1118.0,1.0,11180.0,8
2023-05-09 21:09:40,ru2401P13750,ru2401P13750,1118.0,0.0,0.0,0.0,2,880.0,1731.0,2,1131.0,1118.0,1118.0,1118.0,1.0,11180.0,8
2023-05-09 21:09:41,ru2401P13750,ru2401P13750,1118.0,0.0,0.0,0.0,1,881.0,1730.0,1,1131.0,1118.0,1118.0,1118.0,1.0,11180.0,8
2023-05-09 21:09:41,ru2401P13750,ru2401P13750,1118.0,0.0,0.0,0.0,2,882.0,1729.0,2,1131.0,1118.0,1118.0,1118.0,1.0,11180.0,8
2023-05-09 21:09:42,ru2401P13750,ru2401P13750,1118.0,0.0,0.0,0.0,2,882.0,1729.0,2,1131.0,1118.0,1118.0,1118.0,1.0,11180.0,8
2023-05-09 21:09:42,ru2401P13750,ru2401P13750,1118.0,0.0,0.0,0.0,1,883.0,1728.0,1,1131.0,1118.0,1118.0,1118.0,1.0,11180.0,8
2023-05-09 21:09:43,ru2401P13750,ru2401P13750,1118.0,0.0,0.0,0.0,2,884.0,1727.0,2,1131.0,1118.0,1118.0,1118.0,1.0,11180.0,8
2023-05-09 21:09:43,ru2401P13750,ru2401P13750,1118.0,0.0,0.0,0.0,2,884.0,1727.0,2,1131.0,1118.0,1118.0,1118.0,1.0,11180.0,8
2023-05-09 21:09:44,ru2401P13750,ru2401P13750,1118.0,0.0,0.0,0.0,1,885.0,1726.0,1,1131.0,1118.0,1118.0,1118.0,1.0,11180.0,8
2023-05-09 21:09:44,ru2401P13750,ru2401P13750,1118.0,0.0,0.0,0.0,2,886.0,1725.0,2,1131.0,1118.0,1118.0,1118.0,1.0,11180.0,8
2023-05-09 21:09:45,ru2401P13750,ru2401P13750,1118.0,0.0,0.0,0.0,2,886.0,1725.0,2,1131.0,1118.0,1118.0,1118.0,1.0,11180.0,8
2023-05-09 21:09:45,ru2401P13750,ru2401P13750,1118.0,0.0,0.0,0.0,1,887.0,1724.0,1,1131.0,1118.0,1118.0,1118.0,1.0,11180.0,8
2023-05-09 21:09:46,ru2401P13750,ru2401P13750,1118.0,0.0,0.0,0.0,2,888.0,1723.0,2,1131.0,1118.0,1118.0,1118.0,1.0,11180.0,8
2023-05-09 21:09:46,ru2401P13750,ru2401P13750,1118.0,0.0,0.0,0.0,2,888.0,1723.0,2,1131.0,1118.0,1118.0,1118.0,1.0,11180.0,8
2023-05-09 21:09:47,ru2401P13750,ru2401P13750,1118.0,0.0,0.0,0.0,1,889.0,1722.0,1,1131.0,1118.0,1118.0,1118.0,1.0,11180.0,8
2023-05-09 21:09:47,ru2401P13750,ru2401P13750,1118.0,0.0,0.0,0.0,2,890.0,1721.0,2,1131.0,1118.0,1118.0,1118.0,1.0,11180.0,8
2023-05-09 21:09:48,ru2401P13750,ru2401P13750,1118.0,0.0,0.0,0.0,2,890.0,1721.0,2,1131.0,1118.0,1118.0,1118.0,1.0,11180.0,8
2023-05-09 21:09:48,ru2401P13750,ru2401P13750,1118.0,0.0,0.0,0.0,1,891.0,1720.0,1,1131.0,1118.0,1118.0,1118.0,1.0,11180.0,8
2023-05-09 21:09:49,ru2401P13750,ru2401P13750,1118.0,0.0,0.0,0.0,2,892.0,1719.0,2,1131.0,1118.0,1118.0,1118.0,1.0,11180.0,8
2023-05-09 21:09:49,ru2401P13750,ru2401P13750,1118.0,0.0,0.0,0.0,2,892.0,1719.0,2,1131.0,1118.0,1118.0,1118.0,1.0,11180.0,8
2023-05-09 21:09:50,ru2401P13750,ru2401P13750,1118.0,0.0,0.0,0.0,1,893.0,1718.0,1,1131.0,1118.0,1118.0,1118.0,1.0,11180.0,8
2023-05-09 21:09:50,ru2401P13750,ru2401P13750,1118.0,0.0,0.0,0.0,2,894.0,1717.0,2,1131.0,1118.0,1118.0,1118.0,1.0,11180.0,8
2023-05-09 21:09:51,ru2401P13750,ru2401P13750,1118.0,0.0,0.0,0.0,2,894.0,1717.0,2,1131.0,1118.0,1118.0,1118.0,1.0,11180.0,8
2023-05-09 21:09:51,ru2401P13750,ru2401P13750,1118.0,0.0,0.0,0.0,1,895.0,1716.0,1,1131.0,1118.0,1118.0,1118.0,1.0,11180.0,8
2023-05-09 21:09:52,ru2401P13750,ru2401P13750,1118.0,0.0,0.0,0.0,2,896.0,1715.0,2,1131.0,1118.0,1118.0,1118.0,1.0,11180.0,8
2023-05-09 21:09:52,ru2401P13750,ru2401P13750,1118.0,0.0,0.0,0.0,2,896.0,1715.0,2,1131.0,1118.0,1118.0,1118.0,1.0,11180.0,8
2023-05-09 21:09:53,ru2401P13750,ru2401P13750,1118.0,0.0,0.0,0.0,1,897.0,1714.0,1,1131.0,1118.0,1118.0,1118.0,1.0,11180.0,8
2023-05-09 21:09:53,ru2401P13750,ru2401P13750,1118.0,0.0,0.0,0.0,2,898.0,1713.0,2,1131.0,1118.0,1118.0,1118.0,1.0,11180.0,8
2023-05-09 21:09:54,ru2401P13750,ru2401P13750,1118.0,0.0,0.0,0.0,2,898.0,1713.0,2,1131.0,1118.0,1118.0,1118.0,1.0,11180.0,8
2023-05-09 21:09:54,ru2401P13750,ru2401P13750,1118.0,0.0,0.0,0.0,1,899.0,1712.0,1,1131.0,1118.0,1118.0,1118.0,1.0,11180.0,8
2023-05-09 21:09:55,ru2401P13750,ru2401P13750,1118.0,0.0,0.0,0.0,2,900.0,1711.0,2,1131.0,1118.0,1118.0,1118.0,1.0,11180.0,8
2023-05-09 21:09:55,ru2401P13750,ru2401P13750,1118.0,0.0,0.0,0.0,2,900.0,1711.0,2,1131.0,1118.0,1118.0,1118.0,1.0,11180.0,8
2023-05-09 21:09:56,ru2401P13750,ru2401P13750,1118.0,0.0,0.0,0.0,1,901.0,1710.0,1,1131.0,1118.0,1118.0,1118.0,1.0,11180.0,8
2023-05-09 21:09:56,ru2401P13750,ru2401P13750,1118.0,0.0,0.0,0.0,2,902.0,1709.0,2,1131.0,1118.0,1118.0,1118.0,1.0,11180.0,8
2023-05-09 21:09:57,ru2401P13750,ru2401P13750,1118.0,0.0,0.0,0.0,2,902.0,1709.0,2,1131.0,1118.0,1118.0,1118.0,1.0,11180.0,8
2023-05-09 21:09:57,ru2401P13750,ru2401P13750,1118.0,0.0,0.0,0.0,1,903.0,1708.0,1,1131.0,1118.0,1118.0,1118.0,1.0,11180.0,8
2023-05-09 21:09:58,ru2401P13750,ru2401P13750,1118.0,0.0,0.0,0.0,2,904.0,1707.0,2,1131.0,1118.0,1118.0,1118.0,1.0,11180.0,8
2023-05-09 21:09:58,ru2401P13750,ru2401P13750,1118.0,0.0,0.0,0.0,2,904.0,1707.0,2,1131.0,1118.0,1118.0,1118.0,1.0,11180.0,8
2023-05-09 21:09:59,ru2401P13750,ru2401P13750,1118.0,0.0,0.0,0.0,1,905.0,1706.0,1,1131.0,1118.0,1118.0,1118.0,1.0,11180.0,8
2023-05-09 21:09:59,ru2401P13750,ru2401P13750,1118.0,0.0,0.0,0.0,2,906.0,1705.0,2,1131.0,1118.0,1118.0,1118.0,1.0,11180.0,8
2023-05-09 21:10:00,ru2401P13750,ru2401P13750,1118.0,0.0,0.0,0.0,2,906.0,1705.0,2,1131.0,1118.0,1118.0,1118.0,1.0,11180.0,8
2023-05-09 21:10:00,ru2401P13750,ru2401P13750,1118.0,0.0,0.0,0.0,1,907.0,1704.0,1,1131.0,1118.0,1118.0,1118.0,1.0,11180.0,8
2023-05-09 21:10:01,ru2401P13750,ru2401P13750,1118.0,0.0,0.0,0.0,2,908.0,1703.0,2,1131.0,1118.0,1118.0,1118.0,1.0,11180.0,8
2023-05-09 21:10:01,ru2401P13750,ru2401P13750,1118.0,0.0,0.0,0.0,2,908.0,1703.0,2,1131.0,1118.0,1118.0,1118.0,1.0,11180.0,8
2023-05-09 21:10:02,ru2401P13750,ru2401P13750,1118.0,0.0,0.0,0.0,1,909.0,1702.0,1,1131.0,1118.0,1118.0,1118.0,1.0,11180.0,8
2023-05-09 21:10:02,ru2401P13750,ru2401P13750,1118.0,0.0,0.0,0.0,2,910.0,1701.0,2,1131.0,1118.0,1118.0,1118.0,1.0,11180.0,8
2023-05-09 21:10:03,ru2401P13750,ru2401P13750,1118.0,0.0,0.0,0.0,2,910.0,1701.0,2,1131.0,1118.0,1118.0,1118.0,1.0,11180.0,8
2023-05-09 21:10:03,ru2401P13750,ru2401P13750,1118.0,0.0,0.0,0.0,1,911.0,1700.0,1,1131.0,1118.0,1118.0,1118.0,1.0,11180.0,8
2023-05-09 21:10:04,ru2401P13750,ru2401P13750,1118.0,0.0,0.0,0.0,2,912.0,1699.0,2,1131.0,1118.0,1118.0,1118.0,1.0,11180.0,8
2023-05-09 21:10:04,ru2401P13750,ru2401P13750,1118.0,0.0,0.0,0.0,2,912.0,1699.0,2,1131.0,1118.0,1118.0,1118.0,1.0,11180.0,8
2023-05-09 21:10:05,ru2401P13750,ru2401P13750,1118.0,0.0,0.0,0.0,1,913.0,1698.0,1,1131.0,1118.0,1118.0,1118.0,1.0,11180.0,8
2023-05-09 21:10:05,ru2401P13750,ru2401P13750,1118.0,0.0,0.0,0.0,2,914.0,1697.0,2,1131.0,1118.0,1118.0,1118.0,1.0,11180.0,8
2023-05-09 21:10:06,ru2401P13750,ru2401P13750,1118.0,0.0,0.0,0.0,2,914.0,1697.0,2,1131.0,1118.0,1118.0,1118.0,1.0,11180.0,8
2023-05-09 21:10:06,ru2401P13750,ru2401P13750,1118.0,0.0,0.0,0.0,1,915.0,1696.0,1,1131.0,1118.0,1118.0,1118.0,1.0,11180.0,8
2023-05-09 21:10:07,ru2401P13750,ru2401P13750,1118.0,0.0,0.0,0.0,2,916.0,1695.0,2,1131.0,1118.0,1118.0,1118.0,1.0,11180.0,8
2023-05-09 21:10:07,ru2401P13750,ru2401P13750,1118.0,0.0,0.0,0.0,1,917.0,1694.0,1,1131.0,1118.0,1118.0,1118.0,1.0,11180.0,8
2023-05-09 21:10:08,ru2401P13750,ru2401P13750,1118.0,0.0,0.0,0.0,2,918.0,1693.0,2,1131.0,1118.0,1118.0,1118.0,1.0,11180.0,8
2023-05-09 21:10:08,ru2401P13750,ru2401P13750,1118.0,0.0,0.0,0.0,2,918.0,1693.0,2,1131.0,1118.0,1118.0,1118.0,1.0,11180.0,8
2023-05-09 21:10:09,ru2401P13750,ru2401P13750,1118.0,0.0,0.0,0.0,1,919.0,1692.0,1,1131.0,1118.0,1118.0,1118.0,1.0,11180.0,8
2023-05-09 21:10:09,ru2401P13750,ru2401P13750,1118.0,0.0,0.0,0.0,2,920.0,1691.0,2,1131.0,1118.0,1118.0,1118.0,1.0,11180.0,8
2023-05-09 21:10:10,ru2401P13750,ru2401P13750,1118.0,0.0,0.0,0.0,2,920.0,1691.0,2,1131.0,1118.0,1118.0,1118.0,1.0,11180.0,8
2023-05-09 21:10:10,ru2401P13750,ru2401P13750,1118.0,0.0,0.0,0.0,1,921.0,1690.0,1,1131.0,1118.0,1118.0,1118.0,1.0,11180.0,8
2023-05-09 21:10:11,ru2401P13750,ru2401P13750,1118.0,0.0,0.0,0.0,2,922.0,1689.0,2,1131.0,1118.0,1118.0,1118.0,1.0,11180.0,8
2023-05-09 21:10:11,ru2401P13750,ru2401P13750,1118.0,0.0,0.0,0.0,2,922.0,1689.0,2,1131.0,1118.0,1118.0,1118.0,1.0,11180.0,8
2023-05-09 21:10:12,ru2401P13750,ru2401P13750,1118.0,0.0,0.0,0.0,1,923.0,1688.0,1,1131.0,1118.0,1118.0,1118.0,1.0,11180.0,8
2023-05-09 21:10:12,ru2401P13750,ru2401P13750,1118.0,0.0,0.0,0.0,2,924.0,1687.0,2,1131.0,1118.0,1118.0,1118.0,1.0,11180.0,8
2023-05-09 21:10:13,ru2401P13750,ru2401P13750,1118.0,0.0,0.0,0.0,2,924.0,1687.0,2,1131.0,1118.0,1118.0,1118.0,1.0,11180.0,8
2023-05-09 21:10:13,ru2401P13750,ru2401P13750,1118.0,0.0,0.0,0.0,1,925.0,1686.0,1,1131.0,1118.0,1118.0,1118.0,1.0,11180.0,8
2023-05-09 21:10:14,ru2401P13750,ru2401P13750,1118.0,0.0,0.0,0.0,2,926.0,1685.0,2,1131.0,1118.0,1118.0,1118.0,1.0,11180.0,8
2023-05-09 21:10:14,ru2401P13750,ru2401P13750,1118.0,0.0,0.0,0.0,2,926.0,1685.0,2,1131.0,1118.0,1118.0,1118.0,1.0,11180.0,8
2023-05-09 21:10:15,ru2401P13750,ru2401P13750,1118.0,0.0,0.0,0.0,1,927.0,1684.0,1,1131.0,1118.0,1118.0,1118.0,1.0,11180.0,8
2023-05-09 21:10:15,ru2401P13750,ru2401P13750,1118.0,0.0,0.0,0.0,2,928.0,1683.0,2,1131.0,1118.0,1118.0,1118.0,1.0,11180.0,8
2023-05-09 21:10:16,ru2401P13750,ru2401P13750,1118.0,0.0,0.0,0.0,2,928.0,1683.0,2,1131.0,1118.0,1118.0,1118.0,1.0,11180.0,8
2023-05-09 21:10:16,ru2401P13750,ru2401P13750,1118.0,0.0,0.0,0.0,1,929.0,1682.0,1,1131.0,1118.0,1118.0,1118.0,1.0,11180.0,8
2023-05-09 21:10:17,ru2401P13750,ru2401P13750,1118.0,0.0,0.0,0.0,2,930.0,1681.0,2,1131.0,1118.0,1118.0,1118.0,1.0,11180.0,8
2023-05-09 21:10:17,ru2401P13750,ru2401P13750,1118.0,0.0,0.0,0.0,2,930.0,1681.0,2,1131.0,1118.0,1118.0,1118.0,1.0,11180.0,8
2023-05-09 21:10:18,ru2401P13750,ru2401P13750,1118.0,0.0,0.0,0.0,1,931.0,1680.0,1,1131.0,1118.0,1118.0,1118.0,1.0,11180.0,8
2023-05-09 21:10:18,ru2401P13750,ru2401P13750,1118.0,0.0,0.0,0.0,2,932.0,1679.0,2,1131.0,1118.0,1118.0,1118.0,1.0,11180.0,8
2023-05-09 21:10:19,ru2401P13750,ru2401P13750,1118.0,0.0,0.0,0.0,2,932.0,1679.0,2,1131.0,1118.0,1118.0,1118.0,1.0,11180.0,8
2023-05-09 21:10:19,ru2401P13750,ru2401P13750,1118.0,0.0,0.0,0.0,1,933.0,1678.0,1,1131.0,1118.0,1118.0,1118.0,1.0,11180.0,8
2023-05-09 21:10:20,ru2401P13750,ru2401P13750,1118.0,0.0,0.0,0.0,2,934.0,1677.0,2,1131.0,1118.0,1118.0,1118.0,1.0,11180.0,8
2023-05-09 21:10:20,ru2401P13750,ru2401P13750,1118.0,0.0,0.0,0.0,2,934.0,1677.0,2,1131.0,1118.0,1118.0,1118.0,1.0,11180.0,8
2023-05-09 21:10:21,ru2401P13750,ru2401P13750,1118.0,0.0,0.0,0.0,1,935.0,1676.0,1,1131.0,1118.0,1118.0,1118.0,1.0,11180.0,8
2023-05-09 21:10:21,ru2401P13750,ru2401P13750,1118.0,0.0,0.0,0.0,2,936.0,1675.0,2,1131.0,1118.0,1118.0,1118.0,1.0,11180.0,8
2023-05-09 21:10:22,ru2401P13750,ru2401P13750,1118.0,0.0,0.0,0.0,2,936.0,1675.0,2,1131.0,1118.0,1118.0,1118.0,1.0,11180.0,8
2023-05-09 21:10:22,ru2401P13750,ru2401P13750,1118.0,0.0,0.0,0.0,1,937.0,1674.0,1,1131.0,1118.0,1118.0,1118.0,1.0,11180.0,8
2023-05-09 21:10:23,ru2401P13750,ru2401P13750,1118.0,0.0,0.0,0.0,2,938.0,1673.0,2,1131.0,1118.0,1118.0,1118.0,1.0,11180.0,8
2023-05-09 21:10:23,ru2401P13750,ru2401P13750,1118.0,0.0,0.0,0.0,2,938.0,1673.0,2,1131.0,1118.0,1118.0,1118.0,1.0,11180.0,8
2023-05-09 21:10:24,ru2401P13750,ru2401P13750,1118.0,0.0,0.0,0.0,1,939.0,1672.0,1,1131.0,1118.0,1118.0,1118.0,1.0,11180.0,8
2023-05-09 21:10:24,ru2401P13750,ru2401P13750,1118.0,0.0,0.0,0.0,2,940.0,1671.0,2,1131.0,1118.0,1118.0,1118.0,1.0,11180.0,8
2023-05-09 21:10:25,ru2401P13750,ru2401P13750,1118.0,0.0,0.0,0.0,2,940.0,1671.0,2,1131.0,1118.0,1118.0,1118.0,1.0,11180.0,8
2023-05-09 21:10:25,ru2401P13750,ru2401P13750,1118.0,0.0,0.0,0.0,1,941.0,1670.0,1,1131.0,1118.0,1118.0,1118.0,1.0,11180.0,8
2023-05-09 21:10:26,ru2401P13750,ru2401P13750,1118.0,0.0,0.0,0.0,2,942.0,1669.0,2,1131.0,1118.0,1118.0,1118.0,1.0,11180.0,8
2023-05-09 21:10:26,ru2401P13750,ru2401P13750,1118.0,0.0,0.0,0.0,2,942.0,1669.0,2,1131.0,1118.0,1118.0,1118.0,1.0,11180.0,8
2023-05-09 21:10:27,ru2401P13750,ru2401P13750,1118.0,0.0,0.0,0.0,1,943.0,1668.0,1,1131.0,1118.0,1118.0,1118.0,1.0,11180.0,8
2023-05-09 21:10:27,ru2401P13750,ru2401P13750,1118.0,0.0,0.0,0.0,2,944.0,1667.0,2,1131.0,1118.0,1118.0,1118.0,1.0,11180.0,8
2023-05-09 21:10:28,ru2401P13750,ru2401P13750,1118.0,0.0,0.0,0.0,2,944.0,1667.0,2,1131.0,1118.0,1118.0,1118.0,1.0,11180.0,8
2023-05-09 21:10:28,ru2401P13750,ru2401P13750,1118.0,0.0,0.0,0.0,1,945.0,1666.0,1,1131.0,1118.0,1118.0,1118.0,1.0,11180.0,8
2023-05-09 21:10:29,ru2401P13750,ru2401P13750,1118.0,0.0,0.0,0.0,2,946.0,1665.0,2,1131.0,1118.0,1118.0,1118.0,1.0,11180.0,8
2023-05-09 21:10:29,ru2401P13750,ru2401P13750,1118.0,0.0,0.0,0.0,2,946.0,1665.0,2,1131.0,1118.0,1118.0,1118.0,1.0,11180.0,8
2023-05-09 21:10:30,ru2401P13750,ru2401P13750,1118.0,0.0,0.0,0.0,1,947.0,1664.0,1,1131.0,1118.0,1118.0,1118.0,1.0,11180.0,8
2023-05-09 21:10:30,ru2401P13750,ru2401P13750,1118.0,0.0,0.0,0.0,2,948.0,1663.0,2,1131.0,1118.0,1118.0,1118.0,1.0,11180.0,8
2023-05-09 21:10:31,ru2401P13750,ru2401P13750,1118.0,0.0,0.0,0.0,2,948.0,1663.0,2,1131.0,1118.0,1118.0,1118.0,1.0,11180.0,8
2023-05-09 21:10:31,ru2401P13750,ru2401P13750,1118.0,0.0,0.0,0.0,1,949.0,1662.0,1,1131.0,1118.0,1118.0,1118.0,1.0,11180.0,8
2023-05-09 21:10:32,ru2401P13750,ru2401P13750,1118.0,0.0,0.0,0.0,2,950.0,1661.0,2,1131.0,1118.0,1118.0,1118.0,1.0,11180.0,8
2023-05-09 21:10:32,ru2401P13750,ru2401P13750,1118.0,0.0,0.0,0.0,2,950.0,1661.0,2,1131.0,1118.0,1118.0,1118.0,1.0,11180.0,8
2023-05-09 21:10:33,ru2401P13750,ru2401P13750,1118.0,0.0,0.0,0.0,1,951.0,1660.0,1,1131.0,1118.0,1118.0,1118.0,1.0,11180.0,8
2023-05-09 21:10:33,ru2401P13750,ru2401P13750,1118.0,0.0,0.0,0.0,2,952.0,1659.0,2,1131.0,1118.0,1118.0,1118.0,1.0,11180.0,8
2023-05-09 21:10:34,ru2401P13750,ru2401P13750,1118.0,0.0,0.0,0.0,2,952.0,1659.0,2,1131.0,1118.0,1118.0,1118.0,1.0,11180.0,8
2023-05-09 21:10:34,ru2401P13750,ru2401P13750,1118.0,0.0,0.0,0.0,1,953.0,1658.0,1,1131.0,1118.0,1118.0,1118.0,1.0,11180.0,8
2023-05-09 21:10:35,ru2401P13750,ru2401P13750,1118.0,0.0,0.0,0.0,2,954.0,1657.0,2,1131.0,1118.0,1118.0,1118.0,1.0,11180.0,8
2023-05-09 21:10:35,ru2401P13750,ru2401P13750,1118.0,0.0,0.0,0.0,2,954.0,1657.0,2,1131.0,1118.0,1118.0,1118.0,1.0,11180.0,8
2023-05-09 21:10:36,ru2401P13750,ru2401P13750,1118.0,0.0,0.0,0.0,1,955.0,1656.0,1,1131.0,1118.0,1118.0,1118.0,1.0,11180.0,8
2023-05-09 21:10:36,ru2401P13750,ru2401P13750,1118.0,0.0,0.0,0.0,2,956.0,1655.0,2,1131.0,1118.0,1118.0,1118.0,1.0,11180.0,8
2023-05-09 21:10:37,ru2401P13750,ru2401P13750,1118.0,0.0,0.0,0.0,2,956.0,1655.0,2,1131.0,1118.0,1118.0,1118.0,1.0,11180.0,8
2023-05-09 21:10:37,ru2401P13750,ru2401P13750,1118.0,0.0,0.0,0.0,1,957.0,1654.0,1,1131.0,1118.0,1118.0,1118.0,1.0,11180.0,8
2023-05-09 21:10:38,ru2401P13750,ru2401P13750,1118.0,0.0,0.0,0.0,2,958.0,1653.0,2,1131.0,1118.0,1118.0,1118.0,1.0,11180.0,8
2023-05-09 21:10:38,ru2401P13750,ru2401P13750,1118.0,0.0,0.0,0.0,2,958.0,1653.0,2,1131.0,1118.0,1118.0,1118.0,1.0,11180.0,8
2023-05-09 21:10:39,ru2401P13750,ru2401P13750,1118.0,0.0,0.0,0.0,1,959.0,1652.0,1,1131.0,1118.0,1118.0,1118.0,1.0,11180.0,8
2023-05-09 21:10:39,ru2401P13750,ru2401P13750,1118.0,0.0,0.0,0.0,2,960.0,1651.0,2,1131.0,1118.0,1118.0,1118.0,1.0,11180.0,8
2023-05-09 21:10:40,ru2401P13750,ru2401P13750,1118.0,0.0,0.0,0.0,2,960.0,1651.0,2,1131.0,1118.0,1118.0,1118.0,1.0,11180.0,8
2023-05-09 21:10:40,ru2401P13750,ru2401P13750,1118.0,0.0,0.0,0.0,1,961.0,1650.0,1,1131.0,1118.0,1118.0,1118.0,1.0,11180.0,8
2023-05-09 21:10:41,ru2401P13750,ru2401P13750,1118.0,0.0,0.0,0.0,2,962.0,1649.0,2,1131.0,1118.0,1118.0,1118.0,1.0,11180.0,8
2023-05-09 21:10:41,ru2401P13750,ru2401P13750,1118.0,0.0,0.0,0.0,2,962.0,1649.0,2,1131.0,1118.0,1118.0,1118.0,1.0,11180.0,8
2023-05-09 21:10:42,ru2401P13750,ru2401P13750,1118.0,0.0,0.0,0.0,1,963.0,1648.0,1,1131.0,1118.0,1118.0,1118.0,1.0,11180.0,8
2023-05-09 21:10:42,ru2401P13750,ru2401P13750,1118.0,0.0,0.0,0.0,2,964.0,1647.0,2,1131.0,1118.0,1118.0,1118.0,1.0,11180.0,8
2023-05-09 21:10:43,ru2401P13750,ru2401P13750,1118.0,0.0,0.0,0.0,2,964.0,1647.0,2,1131.0,1118.0,1118.0,1118.0,1.0,11180.0,8
2023-05-09 21:10:43,ru2401P13750,ru2401P13750,1118.0,0.0,0.0,0.0,1,965.0,1646.0,1,1131.0,1118.0,1118.0,1118.0,1.0,11180.0,8
2023-05-09 21:10:44,ru2401P13750,ru2401P13750,1118.0,0.0,0.0,0.0,2,966.0,1645.0,2,1131.0,1118.0,1118.0,1118.0,1.0,11180.0,8
2023-05-09 21:10:44,ru2401P13750,ru2401P13750,1118.0,0.0,0.0,0.0,2,966.0,1645.0,2,1131.0,1118.0,1118.0,1118.0,1.0,11180.0,8
2023-05-09 21:10:45,ru2401P13750,ru2401P13750,1118.0,0.0,0.0,0.0,1,967.0,1644.0,1,1131.0,1118.0,1118.0,1118.0,1.0,11180.0,8
2023-05-09 21:10:45,ru2401P13750,ru2401P13750,1118.0,0.0,0.0,0.0,2,968.0,1643.0,2,1131.0,1118.0,1118.0,1118.0,1.0,11180.0,8
2023-05-09 21:10:46,ru2401P13750,ru2401P13750,1118.0,0.0,0.0,0.0,2,968.0,1643.0,2,1131.0,1118.0,1118.0,1118.0,1.0,11180.0,8
2023-05-09 21:10:46,ru2401P13750,ru2401P13750,1118.0,0.0,0.0,0.0,1,969.0,1642.0,1,1131.0,1118.0,1118.0,1118.0,1.0,11180.0,8
2023-05-09 21:10:47,ru2401P13750,ru2401P13750,1118.0,0.0,0.0,0.0,2,970.0,1641.0,2,1131.0,1118.0,1118.0,1118.0,1.0,11180.0,8
2023-05-09 21:10:47,ru2401P13750,ru2401P13750,1118.0,0.0,0.0,0.0,2,970.0,1641.0,2,1131.0,1118.0,1118.0,1118.0,1.0,11180.0,8
2023-05-09 21:10:48,ru2401P13750,ru2401P13750,1118.0,0.0,0.0,0.0,1,971.0,1640.0,1,1131.0,1118.0,1118.0,1118.0,1.0,11180.0,8
2023-05-09 21:10:48,ru2401P13750,ru2401P13750,1118.0,0.0,0.0,0.0,2,972.0,1639.0,2,1131.0,1118.0,1118.0,1118.0,1.0,11180.0,8
2023-05-09 21:10:49,ru2401P13750,ru2401P13750,1118.0,0.0,0.0,0.0,2,972.0,1639.0,2,1131.0,1118.0,1118.0,1118.0,1.0,11180.0,8
2023-05-09 21:10:49,ru2401P13750,ru2401P13750,1118.0,0.0,0.0,0.0,1,973.0,1638.0,1,1131.0,1118.0,1118.0,1118.0,1.0,11180.0,8
2023-05-09 21:10:50,ru2401P13750,ru2401P13750,1118.0,0.0,0.0,0.0,2,974.0,1637.0,2,1131.0,1118.0,1118.0,1118.0,1.0,11180.0,8
2023-05-09 21:10:50,ru2401P13750,ru2401P13750,1118.0,0.0,0.0,0.0,2,974.0,1637.0,2,1131.0,1118.0,1118.0,1118.0,1.0,11180.0,8
2023-05-09 21:10:51,ru2401P13750,ru2401P13750,1118.0,0.0,0.0,0.0,1,975.0,1636.0,1,1131.0,1118.0,1118.0,1118.0,1.0,11180.0,8
2023-05-09 21:10:51,ru2401P13750,ru2401P13750,1118.0,0.0,0.0,0.0,2,976.0,1635.0,2,1131.0,1118.0,1118.0,1118.0,1.0,11180.0,8
2023-05-09 21:10:52,ru2401P13750,ru2401P13750,1118.0,0.0,0.0,0.0,2,976.0,1635.0,2,1131.0,1118.0,1118.0,1118.0,1.0,11180.0,8
2023-05-09 21:10:52,ru2401P13750,ru2401P13750,1118.0,0.0,0.0,0.0,1,977.0,1634.0,1,1131.0,1118.0,1118.0,1118.0,1.0,11180.0,8
2023-05-09 21:10:53,ru2401P13750,ru2401P13750,1118.0,0.0,0.0,0.0,2,978.0,1633.0,2,1131.0,1118.0,1118.0,1118.0,1.0,11180.0,8
2023-05-09 21:10:53,ru2401P13750,ru2401P13750,1118.0,0.0,0.0,0.0,2,978.0,1633.0,2,1131.0,1118.0,1118.0,1118.0,1.0,11180.0,8
2023-05-09 21:10:54,ru2401P13750,ru2401P13750,1118.0,0.0,0.0,0.0,1,979.0,1632.0,1,1131.0,1118.0,1118.0,1118.0,1.0,11180.0,8
2023-05-09 21:10:54,ru2401P13750,ru2401P13750,1118.0,0.0,0.0,0.0,2,980.0,1631.0,2,1131.0,1118.0,1118.0,1118.0,1.0,11180.0,8
2023-05-09 21:10:55,ru2401P13750,ru2401P13750,1118.0,0.0,0.0,0.0,2,980.0,1631.0,2,1131.0,1118.0,1118.0,1118.0,1.0,11180.0,8
2023-05-09 21:10:55,ru2401P13750,ru2401P13750,1118.0,0.0,0.0,0.0,1,981.0,1630.0,1,1131.0,1118.0,1118.0,1118.0,1.0,11180.0,8
2023-05-09 21:10:56,ru2401P13750,ru2401P13750,1118.0,0.0,0.0,0.0,2,982.0,1629.0,2,1131.0,1118.0,1118.0,1118.0,1.0,11180.0,8
2023-05-09 21:10:56,ru2401P13750,ru2401P13750,1118.0,0.0,0.0,0.0,2,982.0,1629.0,2,1131.0,1118.0,1118.0,1118.0,1.0,11180.0,8
2023-05-09 21:10:57,ru2401P13750,ru2401P13750,1118.0,0.0,0.0,0.0,1,983.0,1628.0,1,1131.0,1118.0,1118.0,1118.0,1.0,11180.0,8
2023-05-09 21:10:57,ru2401P13750,ru2401P13750,1118.0,0.0,0.0,0.0,2,984.0,1627.0,2,1131.0,1118.0,1118.0,1118.0,1.0,11180.0,8
2023-05-09 21:10:58,ru2401P13750,ru2401P13750,1118.0,0.0,0.0,0.0,2,984.0,1627.0,2,1131.0,1118.0,1118.0,1118.0,1.0,11180.0,8
