time,symbol_id,symbol_name,last,trade_volume,trade_amount,open_interest_change,bv1,bp1,ap1,av1,yesterday_close,today_open,today_high,today_low,volume,amount,open_interest
2023-05-09 20:59:00,ru2401P12500,ru2401P12500,410.0,0.0,0.0,0.0,5,160.0,980.0,1,410.0,411.0,0.0,0.0,0.0,0.0,23
2023-05-09 21:00:08,ru2401P12500,ru2401P12500,410.0,0.0,0.0,0.0,1,161.0,979.0,1,410.0,411.0,0.0,0.0,0.0,0.0,23
2023-05-09 21:00:33,ru2401P12500,ru2401P12500,410.0,0.0,0.0,0.0,1,161.0,979.0,1,410.0,411.0,0.0,0.0,0.0,0.0,23
2023-05-09 21:01:14,ru2401P12500,ru2401P12500,410.0,0.0,0.0,0.0,2,162.0,979.0,1,410.0,411.0,0.0,0.0,0.0,0.0,23
2023-05-09 21:01:14,ru2401P12500,ru2401P12500,410.0,0.0,0.0,0.0,2,162.0,979.0,1,410.0,411.0,0.0,0.0,0.0,0.0,23
2023-05-09 21:01:15,ru2401P12500,ru2401P12500,410.0,0.0,0.0,0.0,1,163.0,979.0,1,410.0,411.0,0.0,0.0,0.0,0.0,23
2023-05-09 21:01:41,ru2401P12500,ru2401P12500,410.0,0.0,0.0,0.0,2,164.0,979.0,1,410.0,411.0,0.0,0.0,0.0,0.0,23
2023-05-09 21:01:42,ru2401P12500,ru2401P12500,410.0,0.0,0.0,0.0,2,164.0,979.0,1,410.0,411.0,0.0,0.0,0.0,0.0,23
2023-05-09 21:01:42,ru2401P12500,ru2401P12500,410.0,0.0,0.0,0.0,1,165.0,979.0,1,410.0,411.0,0.0,0.0,0.0,0.0,23
2023-05-09 21:01:45,ru2401P12500,ru2401P12500,410.0,0.0,0.0,0.0,1,165.0,979.0,1,410.0,411.0,0.0,0.0,0.0,0.0,23
2023-05-09 21:02:11,ru2401P12500,ru2401P12500,410.0,0.0,0.0,0.0,2,166.0,979.0,1,410.0,411.0,0.0,0.0,0.0,0.0,23
2023-05-09 21:02:12,ru2401P12500,ru2401P12500,410.0,0.0,0.0,0.0,2,166.0,979.0,1,410.0,411.0,0.0,0.0,0.0,0.0,23
2023-05-09 21:02:12,ru2401P12500,ru2401P12500,410.0,0.0,0.0,0.0,1,167.0,979.0,1,410.0,411.0,0.0,0.0,0.0,0.0,23
2023-05-09 21:02:16,ru2401P12500,ru2401P12500,410.0,0.0,0.0,0.0,2,168.0,979.0,1,410.0,411.0,0.0,0.0,0.0,0.0,23
2023-05-09 21:02:16,ru2401P12500,ru2401P12500,410.0,0.0,0.0,0.0,2,168.0,979.0,1,410.0,411.0,0.0,0.0,0.0,0.0,23
2023-05-09 21:02:17,ru2401P12500,ru2401P12500,410.0,0.0,0.0,0.0,1,169.0,979.0,1,410.0,411.0,0.0,0.0,0.0,0.0,23
2023-05-09 21:02:18,ru2401P12500,ru2401P12500,410.0,0.0,0.0,0.0,1,169.0,979.0,1,410.0,411.0,0.0,0.0,0.0,0.0,23
2023-05-09 21:02:19,ru2401P12500,ru2401P12500,410.0,0.0,0.0,0.0,2,170.0,979.0,1,410.0,411.0,0.0,0.0,0.0,0.0,23
2023-05-09 21:02:19,ru2401P12500,ru2401P12500,410.0,0.0,0.0,0.0,2,170.0,979.0,1,410.0,411.0,0.0,0.0,0.0,0.0,23
2023-05-09 21:02:20,ru2401P12500,ru2401P12500,410.0,0.0,0.0,0.0,1,171.0,979.0,1,410.0,411.0,0.0,0.0,0.0,0.0,23
2023-05-09 21:02:21,ru2401P12500,ru2401P12500,410.0,0.0,0.0,0.0,1,171.0,979.0,1,410.0,411.0,0.0,0.0,0.0,0.0,23
2023-05-09 21:02:22,ru2401P12500,ru2401P12500,410.0,0.0,0.0,0.0,2,172.0,979.0,1,410.0,411.0,0.0,0.0,0.0,0.0,23
2023-05-09 21:02:22,ru2401P12500,ru2401P12500,410.0,0.0,0.0,0.0,2,172.0,979.0,1,410.0,411.0,0.0,0.0,0.0,0.0,23
2023-05-09 21:02:23,ru2401P12500,ru2401P12500,410.0,0.0,0.0,0.0,1,173.0,979.0,1,410.0,411.0,0.0,0.0,0.0,0.0,23
2023-05-09 21:02:25,ru2401P12500,ru2401P12500,410.0,0.0,0.0,0.0,2,174.0,979.0,1,410.0,411.0,0.0,0.0,0.0,0.0,23
2023-05-09 21:02:25,ru2401P12500,ru2401P12500,410.0,0.0,0.0,0.0,2,174.0,979.0,1,410.0,411.0,0.0,0.0,0.0,0.0,23
2023-05-09 21:02:26,ru2401P12500,ru2401P12500,410.0,0.0,0.0,0.0,1,175.0,979.0,1,410.0,411.0,0.0,0.0,0.0,0.0,23
2023-05-09 21:02:27,ru2401P12500,ru2401P12500,410.0,0.0,0.0,0.0,2,176.0,979.0,1,410.0,411.0,0.0,0.0,0.0,0.0,23
2023-05-09 21:02:28,ru2401P12500,ru2401P12500,410.0,0.0,0.0,0.0,2,176.0,979.0,1,410.0,411.0,0.0,0.0,0.0,0.0,23
2023-05-09 21:02:28,ru2401P12500,ru2401P12500,410.0,0.0,0.0,0.0,1,177.0,979.0,1,410.0,411.0,0.0,0.0,0.0,0.0,23
2023-05-09 21:02:29,ru2401P12500,ru2401P12500,410.0,0.0,0.0,0.0,2,178.0,979.0,1,410.0,411.0,0.0,0.0,0.0,0.0,23
2023-05-09 21:02:30,ru2401P12500,ru2401P12500,410.0,0.0,0.0,0.0,2,178.0,979.0,1,410.0,411.0,0.0,0.0,0.0,0.0,23
2023-05-09 21:02:30,ru2401P12500,ru2401P12500,410.0,0.0,0.0,0.0,1,179.0,979.0,1,410.0,411.0,0.0,0.0,0.0,0.0,23
2023-05-09 21:02:31,ru2401P12500,ru2401P12500,410.0,0.0,0.0,0.0,2,180.0,979.0,1,410.0,411.0,0.0,0.0,0.0,0.0,23
2023-05-09 21:02:32,ru2401P12500,ru2401P12500,410.0,0.0,0.0,0.0,2,180.0,979.0,1,410.0,411.0,0.0,0.0,0.0,0.0,23
2023-05-09 21:02:32,ru2401P12500,ru2401P12500,410.0,0.0,0.0,0.0,1,181.0,979.0,1,410.0,411.0,0.0,0.0,0.0,0.0,23
2023-05-09 21:02:33,ru2401P12500,ru2401P12500,410.0,0.0,0.0,0.0,1,181.0,979.0,1,410.0,411.0,0.0,0.0,0.0,0.0,23
2023-05-09 21:02:34,ru2401P12500,ru2401P12500,410.0,0.0,0.0,0.0,2,182.0,979.0,1,410.0,411.0,0.0,0.0,0.0,0.0,23
2023-05-09 21:02:34,ru2401P12500,ru2401P12500,410.0,0.0,0.0,0.0,2,182.0,979.0,1,410.0,411.0,0.0,0.0,0.0,0.0,23
2023-05-09 21:02:35,ru2401P12500,ru2401P12500,410.0,0.0,0.0,0.0,1,183.0,979.0,1,410.0,411.0,0.0,0.0,0.0,0.0,23
2023-05-09 21:02:35,ru2401P12500,ru2401P12500,410.0,0.0,0.0,0.0,2,184.0,979.0,1,410.0,411.0,0.0,0.0,0.0,0.0,23
2023-05-09 21:02:36,ru2401P12500,ru2401P12500,410.0,0.0,0.0,0.0,2,184.0,979.0,1,410.0,411.0,0.0,0.0,0.0,0.0,23
2023-05-09 21:02:36,ru2401P12500,ru2401P12500,410.0,0.0,0.0,0.0,1,185.0,979.0,1,410.0,411.0,0.0,0.0,0.0,0.0,23
2023-05-09 21:02:37,ru2401P12500,ru2401P12500,410.0,0.0,0.0,0.0,1,185.0,979.0,1,410.0,411.0,0.0,0.0,0.0,0.0,23
2023-05-09 21:02:37,ru2401P12500,ru2401P12500,410.0,0.0,0.0,0.0,2,186.0,979.0,1,410.0,411.0,0.0,0.0,0.0,0.0,23
2023-05-09 21:02:38,ru2401P12500,ru2401P12500,410.0,0.0,0.0,0.0,2,186.0,979.0,1,410.0,411.0,0.0,0.0,0.0,0.0,23
2023-05-09 21:02:38,ru2401P12500,ru2401P12500,410.0,0.0,0.0,0.0,1,187.0,979.0,1,410.0,411.0,0.0,0.0,0.0,0.0,23
2023-05-09 21:02:39,ru2401P12500,ru2401P12500,410.0,0.0,0.0,0.0,2,188.0,979.0,1,410.0,411.0,0.0,0.0,0.0,0.0,23
2023-05-09 21:02:39,ru2401P12500,ru2401P12500,410.0,0.0,0.0,0.0,2,188.0,979.0,1,410.0,411.0,0.0,0.0,0.0,0.0,23
2023-05-09 21:02:40,ru2401P12500,ru2401P12500,410.0,0.0,0.0,0.0,1,189.0,979.0,1,410.0,411.0,0.0,0.0,0.0,0.0,23
2023-05-09 21:02:40,ru2401P12500,ru2401P12500,410.0,0.0,0.0,0.0,1,189.0,979.0,1,410.0,411.0,0.0,0.0,0.0,0.0,23
2023-05-09 21:02:41,ru2401P12500,ru2401P12500,410.0,0.0,0.0,0.0,2,190.0,979.0,1,410.0,411.0,0.0,0.0,0.0,0.0,23
2023-05-09 21:02:41,ru2401P12500,ru2401P12500,410.0,0.0,0.0,0.0,2,190.0,979.0,1,410.0,411.0,0.0,0.0,0.0,0.0,23
2023-05-09 21:02:42,ru2401P12500,ru2401P12500,410.0,0.0,0.0,0.0,1,191.0,979.0,1,410.0,411.0,0.0,0.0,0.0,0.0,23
2023-05-09 21:02:43,ru2401P12500,ru2401P12500,410.0,0.0,0.0,0.0,2,192.0,979.0,1,410.0,411.0,0.0,0.0,0.0,0.0,23
2023-05-09 21:02:43,ru2401P12500,ru2401P12500,410.0,0.0,0.0,0.0,2,192.0,979.0,1,410.0,411.0,0.0,0.0,0.0,0.0,23
2023-05-09 21:02:44,ru2401P12500,ru2401P12500,410.0,0.0,0.0,0.0,1,193.0,979.0,1,410.0,411.0,0.0,0.0,0.0,0.0,23
2023-05-09 21:02:45,ru2401P12500,ru2401P12500,410.0,0.0,0.0,0.0,2,194.0,979.0,1,410.0,411.0,0.0,0.0,0.0,0.0,23
2023-05-09 21:02:45,ru2401P12500,ru2401P12500,410.0,0.0,0.0,0.0,2,194.0,979.0,1,410.0,411.0,0.0,0.0,0.0,0.0,23
2023-05-09 21:02:46,ru2401P12500,ru2401P12500,410.0,0.0,0.0,0.0,1,195.0,979.0,1,410.0,411.0,0.0,0.0,0.0,0.0,23
2023-05-09 21:02:47,ru2401P12500,ru2401P12500,410.0,0.0,0.0,0.0,2,196.0,979.0,1,410.0,411.0,0.0,0.0,0.0,0.0,23
2023-05-09 21:02:47,ru2401P12500,ru2401P12500,410.0,0.0,0.0,0.0,2,196.0,979.0,1,410.0,411.0,0.0,0.0,0.0,0.0,23
2023-05-09 21:02:48,ru2401P12500,ru2401P12500,410.0,0.0,0.0,0.0,1,197.0,979.0,1,410.0,411.0,0.0,0.0,0.0,0.0,23
2023-05-09 21:02:48,ru2401P12500,ru2401P12500,410.0,0.0,0.0,0.0,2,198.0,979.0,1,410.0,411.0,0.0,0.0,0.0,0.0,23
2023-05-09 21:02:49,ru2401P12500,ru2401P12500,410.0,0.0,0.0,0.0,2,198.0,979.0,1,410.0,411.0,0.0,0.0,0.0,0.0,23
2023-05-09 21:02:49,ru2401P12500,ru2401P12500,410.0,0.0,0.0,0.0,1,199.0,979.0,1,410.0,411.0,0.0,0.0,0.0,0.0,23
2023-05-09 21:02:50,ru2401P12500,ru2401P12500,410.0,0.0,0.0,0.0,2,200.0,979.0,1,410.0,411.0,0.0,0.0,0.0,0.0,23
2023-05-09 21:02:51,ru2401P12500,ru2401P12500,410.0,0.0,0.0,0.0,2,200.0,979.0,1,410.0,411.0,0.0,0.0,0.0,0.0,23
2023-05-09 21:02:51,ru2401P12500,ru2401P12500,410.0,0.0,0.0,0.0,1,201.0,979.0,1,410.0,411.0,0.0,0.0,0.0,0.0,23
2023-05-09 21:02:52,ru2401P12500,ru2401P12500,410.0,0.0,0.0,0.0,2,202.0,979.0,1,410.0,411.0,0.0,0.0,0.0,0.0,23
2023-05-09 21:02:53,ru2401P12500,ru2401P12500,410.0,0.0,0.0,0.0,2,202.0,979.0,1,410.0,411.0,0.0,0.0,0.0,0.0,23
2023-05-09 21:02:53,ru2401P12500,ru2401P12500,410.0,0.0,0.0,0.0,1,203.0,979.0,1,410.0,411.0,0.0,0.0,0.0,0.0,23
2023-05-09 21:02:54,ru2401P12500,ru2401P12500,410.0,0.0,0.0,0.0,2,204.0,979.0,1,410.0,411.0,0.0,0.0,0.0,0.0,23
2023-05-09 21:02:55,ru2401P12500,ru2401P12500,410.0,0.0,0.0,0.0,2,204.0,979.0,1,410.0,411.0,0.0,0.0,0.0,0.0,23
2023-05-09 21:02:55,ru2401P12500,ru2401P12500,410.0,0.0,0.0,0.0,1,205.0,979.0,1,410.0,411.0,0.0,0.0,0.0,0.0,23
2023-05-09 21:02:56,ru2401P12500,ru2401P12500,410.0,0.0,0.0,0.0,1,205.0,979.0,1,410.0,411.0,0.0,0.0,0.0,0.0,23
2023-05-09 21:03:11,ru2401P12500,ru2401P12500,410.0,0.0,0.0,0.0,1,205.0,979.0,1,410.0,411.0,0.0,0.0,0.0,0.0,23
2023-05-09 21:03:30,ru2401P12500,ru2401P12500,410.0,0.0,0.0,0.0,1,377.0,411.0,1,410.0,411.0,0.0,0.0,0.0,0.0,23
2023-05-09 21:03:31,ru2401P12500,ru2401P12500,410.0,0.0,0.0,0.0,1,377.0,411.0,1,410.0,411.0,0.0,0.0,0.0,0.0,23
2023-05-09 21:03:34,ru2401P12500,ru2401P12500,410.0,0.0,0.0,0.0,2,377.0,411.0,2,410.0,411.0,0.0,0.0,0.0,0.0,23
2023-05-09 21:03:34,ru2401P12500,ru2401P12500,410.0,0.0,0.0,0.0,3,377.0,411.0,3,410.0,411.0,0.0,0.0,0.0,0.0,23
2023-05-09 21:03:35,ru2401P12500,ru2401P12500,410.0,0.0,0.0,0.0,2,377.0,411.0,2,410.0,411.0,0.0,0.0,0.0,0.0,23
2023-05-09 21:03:35,ru2401P12500,ru2401P12500,411.0,2.0,8220.0,1.0,3,376.0,412.0,1,410.0,411.0,411.0,411.0,2.0,8220.0,24
2023-05-09 21:03:36,ru2401P12500,ru2401P12500,411.0,0.0,0.0,0.0,1,376.0,412.0,1,410.0,411.0,411.0,411.0,2.0,8220.0,24
2023-05-09 21:03:40,ru2401P12500,ru2401P12500,411.0,0.0,0.0,0.0,1,369.0,419.0,1,410.0,411.0,411.0,411.0,2.0,8220.0,24
2023-05-09 21:03:47,ru2401P12500,ru2401P12500,411.0,0.0,0.0,0.0,5,160.0,980.0,1,410.0,411.0,411.0,411.0,2.0,8220.0,24
2023-05-09 21:03:47,ru2401P12500,ru2401P12500,411.0,0.0,0.0,0.0,2,176.0,979.0,2,410.0,411.0,411.0,411.0,2.0,8220.0,24
2023-05-09 21:03:48,ru2401P12500,ru2401P12500,411.0,0.0,0.0,0.0,1,177.0,979.0,2,410.0,411.0,411.0,411.0,2.0,8220.0,24
2023-05-09 21:03:48,ru2401P12500,ru2401P12500,411.0,0.0,0.0,0.0,1,178.0,979.0,2,410.0,411.0,411.0,411.0,2.0,8220.0,24
2023-05-09 21:03:49,ru2401P12500,ru2401P12500,411.0,0.0,0.0,0.0,2,193.0,979.0,2,410.0,411.0,411.0,411.0,2.0,8220.0,24
2023-05-09 21:03:49,ru2401P12500,ru2401P12500,411.0,0.0,0.0,0.0,1,194.0,979.0,2,410.0,411.0,411.0,411.0,2.0,8220.0,24
2023-05-09 21:03:50,ru2401P12500,ru2401P12500,411.0,0.0,0.0,0.0,1,195.0,979.0,2,410.0,411.0,411.0,411.0,2.0,8220.0,24
2023-05-09 21:03:50,ru2401P12500,ru2401P12500,411.0,0.0,0.0,0.0,1,196.0,979.0,2,410.0,411.0,411.0,411.0,2.0,8220.0,24
2023-05-09 21:03:51,ru2401P12500,ru2401P12500,411.0,0.0,0.0,0.0,3,196.0,979.0,2,410.0,411.0,411.0,411.0,2.0,8220.0,24
2023-05-09 21:03:51,ru2401P12500,ru2401P12500,411.0,0.0,0.0,0.0,1,197.0,979.0,2,410.0,411.0,411.0,411.0,2.0,8220.0,24
2023-05-09 21:03:52,ru2401P12500,ru2401P12500,411.0,0.0,0.0,0.0,1,198.0,979.0,2,410.0,411.0,411.0,411.0,2.0,8220.0,24
2023-05-09 21:03:52,ru2401P12500,ru2401P12500,411.0,0.0,0.0,0.0,1,198.0,979.0,2,410.0,411.0,411.0,411.0,2.0,8220.0,24
2023-05-09 21:03:53,ru2401P12500,ru2401P12500,411.0,0.0,0.0,0.0,3,199.0,979.0,2,410.0,411.0,411.0,411.0,2.0,8220.0,24
2023-05-09 21:03:53,ru2401P12500,ru2401P12500,411.0,0.0,0.0,0.0,1,200.0,979.0,2,410.0,411.0,411.0,411.0,2.0,8220.0,24
2023-05-09 21:03:54,ru2401P12500,ru2401P12500,411.0,0.0,0.0,0.0,1,200.0,979.0,2,410.0,411.0,411.0,411.0,2.0,8220.0,24
2023-05-09 21:03:54,ru2401P12500,ru2401P12500,411.0,0.0,0.0,0.0,3,201.0,979.0,2,410.0,411.0,411.0,411.0,2.0,8220.0,24
2023-05-09 21:03:55,ru2401P12500,ru2401P12500,411.0,0.0,0.0,0.0,1,202.0,979.0,2,410.0,411.0,411.0,411.0,2.0,8220.0,24
2023-05-09 21:03:55,ru2401P12500,ru2401P12500,411.0,0.0,0.0,0.0,1,202.0,979.0,2,410.0,411.0,411.0,411.0,2.0,8220.0,24
2023-05-09 21:03:56,ru2401P12500,ru2401P12500,411.0,0.0,0.0,0.0,1,203.0,979.0,2,410.0,411.0,411.0,411.0,2.0,8220.0,24
2023-05-09 21:03:56,ru2401P12500,ru2401P12500,411.0,0.0,0.0,0.0,3,204.0,979.0,2,410.0,411.0,411.0,411.0,2.0,8220.0,24
2023-05-09 21:03:57,ru2401P12500,ru2401P12500,411.0,0.0,0.0,0.0,2,205.0,978.0,2,410.0,411.0,411.0,411.0,2.0,8220.0,24
2023-05-09 21:03:57,ru2401P12500,ru2401P12500,411.0,0.0,0.0,0.0,2,206.0,977.0,1,410.0,411.0,411.0,411.0,2.0,8220.0,24
2023-05-09 21:03:58,ru2401P12500,ru2401P12500,411.0,0.0,0.0,0.0,2,207.0,976.0,3,410.0,411.0,411.0,411.0,2.0,8220.0,24
2023-05-09 21:03:58,ru2401P12500,ru2401P12500,411.0,0.0,0.0,0.0,1,208.0,975.0,3,410.0,411.0,411.0,411.0,2.0,8220.0,24
2023-05-09 21:03:59,ru2401P12500,ru2401P12500,411.0,0.0,0.0,0.0,3,209.0,974.0,2,410.0,411.0,411.0,411.0,2.0,8220.0,24
2023-05-09 21:03:59,ru2401P12500,ru2401P12500,411.0,0.0,0.0,0.0,3,210.0,973.0,2,410.0,411.0,411.0,411.0,2.0,8220.0,24
2023-05-09 21:04:00,ru2401P12500,ru2401P12500,411.0,0.0,0.0,0.0,2,211.0,972.0,2,410.0,411.0,411.0,411.0,2.0,8220.0,24
2023-05-09 21:04:00,ru2401P12500,ru2401P12500,411.0,0.0,0.0,0.0,2,212.0,971.0,1,410.0,411.0,411.0,411.0,2.0,8220.0,24
2023-05-09 21:04:01,ru2401P12500,ru2401P12500,411.0,0.0,0.0,0.0,2,213.0,970.0,3,410.0,411.0,411.0,411.0,2.0,8220.0,24
2023-05-09 21:04:01,ru2401P12500,ru2401P12500,411.0,0.0,0.0,0.0,1,214.0,969.0,3,410.0,411.0,411.0,411.0,2.0,8220.0,24
2023-05-09 21:04:02,ru2401P12500,ru2401P12500,411.0,0.0,0.0,0.0,3,215.0,968.0,2,410.0,411.0,411.0,411.0,2.0,8220.0,24
2023-05-09 21:04:02,ru2401P12500,ru2401P12500,411.0,0.0,0.0,0.0,3,216.0,967.0,2,410.0,411.0,411.0,411.0,2.0,8220.0,24
2023-05-09 21:04:03,ru2401P12500,ru2401P12500,411.0,0.0,0.0,0.0,2,217.0,966.0,2,410.0,411.0,411.0,411.0,2.0,8220.0,24
2023-05-09 21:04:03,ru2401P12500,ru2401P12500,411.0,0.0,0.0,0.0,2,218.0,965.0,1,410.0,411.0,411.0,411.0,2.0,8220.0,24
2023-05-09 21:04:04,ru2401P12500,ru2401P12500,411.0,0.0,0.0,0.0,2,219.0,964.0,3,410.0,411.0,411.0,411.0,2.0,8220.0,24
2023-05-09 21:04:04,ru2401P12500,ru2401P12500,411.0,0.0,0.0,0.0,1,220.0,963.0,3,410.0,411.0,411.0,411.0,2.0,8220.0,24
2023-05-09 21:04:05,ru2401P12500,ru2401P12500,411.0,0.0,0.0,0.0,3,221.0,962.0,2,410.0,411.0,411.0,411.0,2.0,8220.0,24
2023-05-09 21:04:05,ru2401P12500,ru2401P12500,411.0,0.0,0.0,0.0,3,222.0,961.0,2,410.0,411.0,411.0,411.0,2.0,8220.0,24
2023-05-09 21:04:06,ru2401P12500,ru2401P12500,411.0,0.0,0.0,0.0,2,223.0,960.0,2,410.0,411.0,411.0,411.0,2.0,8220.0,24
2023-05-09 21:04:06,ru2401P12500,ru2401P12500,411.0,0.0,0.0,0.0,1,224.0,960.0,2,410.0,411.0,411.0,411.0,2.0,8220.0,24
2023-05-09 21:04:07,ru2401P12500,ru2401P12500,411.0,0.0,0.0,0.0,2,225.0,959.0,1,410.0,411.0,411.0,411.0,2.0,8220.0,24
2023-05-09 21:04:07,ru2401P12500,ru2401P12500,411.0,0.0,0.0,0.0,2,225.0,958.0,2,410.0,411.0,411.0,411.0,2.0,8220.0,24
2023-05-09 21:04:08,ru2401P12500,ru2401P12500,411.0,0.0,0.0,0.0,1,226.0,958.0,2,410.0,411.0,411.0,411.0,2.0,8220.0,24
2023-05-09 21:04:08,ru2401P12500,ru2401P12500,411.0,0.0,0.0,0.0,2,227.0,957.0,1,410.0,411.0,411.0,411.0,2.0,8220.0,24
2023-05-09 21:04:09,ru2401P12500,ru2401P12500,411.0,0.0,0.0,0.0,2,227.0,956.0,2,410.0,411.0,411.0,411.0,2.0,8220.0,24
2023-05-09 21:04:09,ru2401P12500,ru2401P12500,411.0,0.0,0.0,0.0,1,228.0,956.0,2,410.0,411.0,411.0,411.0,2.0,8220.0,24
2023-05-09 21:04:10,ru2401P12500,ru2401P12500,411.0,0.0,0.0,0.0,2,229.0,955.0,1,410.0,411.0,411.0,411.0,2.0,8220.0,24
2023-05-09 21:04:10,ru2401P12500,ru2401P12500,411.0,0.0,0.0,0.0,2,229.0,954.0,2,410.0,411.0,411.0,411.0,2.0,8220.0,24
2023-05-09 21:04:11,ru2401P12500,ru2401P12500,411.0,0.0,0.0,0.0,1,230.0,954.0,2,410.0,411.0,411.0,411.0,2.0,8220.0,24
2023-05-09 21:04:11,ru2401P12500,ru2401P12500,411.0,0.0,0.0,0.0,2,231.0,953.0,1,410.0,411.0,411.0,411.0,2.0,8220.0,24
2023-05-09 21:04:12,ru2401P12500,ru2401P12500,411.0,0.0,0.0,0.0,2,231.0,952.0,2,410.0,411.0,411.0,411.0,2.0,8220.0,24
2023-05-09 21:04:12,ru2401P12500,ru2401P12500,411.0,0.0,0.0,0.0,1,232.0,952.0,2,410.0,411.0,411.0,411.0,2.0,8220.0,24
2023-05-09 21:04:13,ru2401P12500,ru2401P12500,411.0,0.0,0.0,0.0,2,233.0,951.0,1,410.0,411.0,411.0,411.0,2.0,8220.0,24
2023-05-09 21:04:13,ru2401P12500,ru2401P12500,411.0,0.0,0.0,0.0,2,233.0,950.0,2,410.0,411.0,411.0,411.0,2.0,8220.0,24
2023-05-09 21:04:14,ru2401P12500,ru2401P12500,411.0,0.0,0.0,0.0,1,234.0,950.0,2,410.0,411.0,411.0,411.0,2.0,8220.0,24
2023-05-09 21:04:14,ru2401P12500,ru2401P12500,411.0,0.0,0.0,0.0,2,235.0,949.0,1,410.0,411.0,411.0,411.0,2.0,8220.0,24
2023-05-09 21:04:15,ru2401P12500,ru2401P12500,411.0,0.0,0.0,0.0,2,235.0,948.0,2,410.0,411.0,411.0,411.0,2.0,8220.0,24
2023-05-09 21:04:15,ru2401P12500,ru2401P12500,411.0,0.0,0.0,0.0,2,236.0,948.0,3,410.0,411.0,411.0,411.0,2.0,8220.0,24
2023-05-09 21:04:16,ru2401P12500,ru2401P12500,411.0,0.0,0.0,0.0,2,237.0,947.0,3,410.0,411.0,411.0,411.0,2.0,8220.0,24
2023-05-09 21:04:16,ru2401P12500,ru2401P12500,411.0,0.0,0.0,0.0,2,237.0,946.0,2,410.0,411.0,411.0,411.0,2.0,8220.0,24
2023-05-09 21:04:17,ru2401P12500,ru2401P12500,411.0,0.0,0.0,0.0,1,238.0,946.0,2,410.0,411.0,411.0,411.0,2.0,8220.0,24
2023-05-09 21:04:17,ru2401P12500,ru2401P12500,411.0,0.0,0.0,0.0,2,239.0,945.0,1,410.0,411.0,411.0,411.0,2.0,8220.0,24
2023-05-09 21:04:18,ru2401P12500,ru2401P12500,411.0,0.0,0.0,0.0,2,239.0,944.0,2,410.0,411.0,411.0,411.0,2.0,8220.0,24
2023-05-09 21:04:18,ru2401P12500,ru2401P12500,411.0,0.0,0.0,0.0,1,240.0,944.0,2,410.0,411.0,411.0,411.0,2.0,8220.0,24
2023-05-09 21:04:19,ru2401P12500,ru2401P12500,411.0,0.0,0.0,0.0,2,241.0,943.0,1,410.0,411.0,411.0,411.0,2.0,8220.0,24
2023-05-09 21:04:19,ru2401P12500,ru2401P12500,411.0,0.0,0.0,0.0,2,241.0,942.0,2,410.0,411.0,411.0,411.0,2.0,8220.0,24
2023-05-09 21:04:20,ru2401P12500,ru2401P12500,411.0,0.0,0.0,0.0,1,242.0,942.0,2,410.0,411.0,411.0,411.0,2.0,8220.0,24
2023-05-09 21:04:20,ru2401P12500,ru2401P12500,411.0,0.0,0.0,0.0,2,243.0,941.0,1,410.0,411.0,411.0,411.0,2.0,8220.0,24
2023-05-09 21:04:21,ru2401P12500,ru2401P12500,411.0,0.0,0.0,0.0,2,243.0,940.0,2,410.0,411.0,411.0,411.0,2.0,8220.0,24
2023-05-09 21:04:21,ru2401P12500,ru2401P12500,411.0,0.0,0.0,0.0,1,244.0,940.0,2,410.0,411.0,411.0,411.0,2.0,8220.0,24
2023-05-09 21:04:22,ru2401P12500,ru2401P12500,411.0,0.0,0.0,0.0,2,245.0,939.0,1,410.0,411.0,411.0,411.0,2.0,8220.0,24
2023-05-09 21:04:22,ru2401P12500,ru2401P12500,411.0,0.0,0.0,0.0,2,245.0,938.0,2,410.0,411.0,411.0,411.0,2.0,8220.0,24
2023-05-09 21:04:23,ru2401P12500,ru2401P12500,411.0,0.0,0.0,0.0,1,246.0,938.0,2,410.0,411.0,411.0,411.0,2.0,8220.0,24
2023-05-09 21:04:23,ru2401P12500,ru2401P12500,411.0,0.0,0.0,0.0,2,247.0,937.0,1,410.0,411.0,411.0,411.0,2.0,8220.0,24
2023-05-09 21:04:24,ru2401P12500,ru2401P12500,411.0,0.0,0.0,0.0,2,247.0,936.0,2,410.0,411.0,411.0,411.0,2.0,8220.0,24
2023-05-09 21:04:24,ru2401P12500,ru2401P12500,411.0,0.0,0.0,0.0,1,248.0,936.0,2,410.0,411.0,411.0,411.0,2.0,8220.0,24
2023-05-09 21:04:25,ru2401P12500,ru2401P12500,411.0,0.0,0.0,0.0,2,249.0,935.0,1,410.0,411.0,411.0,411.0,2.0,8220.0,24
2023-05-09 21:04:25,ru2401P12500,ru2401P12500,411.0,0.0,0.0,0.0,3,249.0,934.0,2,410.0,411.0,411.0,411.0,2.0,8220.0,24
2023-05-09 21:04:26,ru2401P12500,ru2401P12500,411.0,0.0,0.0,0.0,3,250.0,934.0,2,410.0,411.0,411.0,411.0,2.0,8220.0,24
2023-05-09 21:04:26,ru2401P12500,ru2401P12500,411.0,0.0,0.0,0.0,2,251.0,933.0,1,410.0,411.0,411.0,411.0,2.0,8220.0,24
2023-05-09 21:04:27,ru2401P12500,ru2401P12500,411.0,0.0,0.0,0.0,2,251.0,932.0,2,410.0,411.0,411.0,411.0,2.0,8220.0,24
2023-05-09 21:04:27,ru2401P12500,ru2401P12500,411.0,0.0,0.0,0.0,1,252.0,932.0,2,410.0,411.0,411.0,411.0,2.0,8220.0,24
2023-05-09 21:04:28,ru2401P12500,ru2401P12500,411.0,0.0,0.0,0.0,2,253.0,931.0,1,410.0,411.0,411.0,411.0,2.0,8220.0,24
2023-05-09 21:04:28,ru2401P12500,ru2401P12500,411.0,0.0,0.0,0.0,2,253.0,930.0,2,410.0,411.0,411.0,411.0,2.0,8220.0,24
2023-05-09 21:04:29,ru2401P12500,ru2401P12500,411.0,0.0,0.0,0.0,1,254.0,930.0,2,410.0,411.0,411.0,411.0,2.0,8220.0,24
2023-05-09 21:04:29,ru2401P12500,ru2401P12500,411.0,0.0,0.0,0.0,2,255.0,929.0,1,410.0,411.0,411.0,411.0,2.0,8220.0,24
2023-05-09 21:04:30,ru2401P12500,ru2401P12500,411.0,0.0,0.0,0.0,2,255.0,928.0,2,410.0,411.0,411.0,411.0,2.0,8220.0,24
2023-05-09 21:04:30,ru2401P12500,ru2401P12500,411.0,0.0,0.0,0.0,1,256.0,928.0,2,410.0,411.0,411.0,411.0,2.0,8220.0,24
2023-05-09 21:04:31,ru2401P12500,ru2401P12500,411.0,0.0,0.0,0.0,2,257.0,927.0,1,410.0,411.0,411.0,411.0,2.0,8220.0,24
2023-05-09 21:04:31,ru2401P12500,ru2401P12500,411.0,0.0,0.0,0.0,2,257.0,926.0,2,410.0,411.0,411.0,411.0,2.0,8220.0,24
2023-05-09 21:04:32,ru2401P12500,ru2401P12500,411.0,0.0,0.0,0.0,1,258.0,926.0,2,410.0,411.0,411.0,411.0,2.0,8220.0,24
2023-05-09 21:04:32,ru2401P12500,ru2401P12500,411.0,0.0,0.0,0.0,2,259.0,925.0,1,410.0,411.0,411.0,411.0,2.0,8220.0,24
2023-05-09 21:04:33,ru2401P12500,ru2401P12500,411.0,0.0,0.0,0.0,2,259.0,924.0,2,410.0,411.0,411.0,411.0,2.0,8220.0,24
2023-05-09 21:04:33,ru2401P12500,ru2401P12500,411.0,0.0,0.0,0.0,1,260.0,924.0,2,410.0,411.0,411.0,411.0,2.0,8220.0,24
2023-05-09 21:04:34,ru2401P12500,ru2401P12500,411.0,0.0,0.0,0.0,2,261.0,923.0,1,410.0,411.0,411.0,411.0,2.0,8220.0,24
2023-05-09 21:04:34,ru2401P12500,ru2401P12500,411.0,0.0,0.0,0.0,2,261.0,922.0,2,410.0,411.0,411.0,411.0,2.0,8220.0,24
2023-05-09 21:04:35,ru2401P12500,ru2401P12500,411.0,0.0,0.0,0.0,1,262.0,922.0,2,410.0,411.0,411.0,411.0,2.0,8220.0,24
2023-05-09 21:04:35,ru2401P12500,ru2401P12500,411.0,0.0,0.0,0.0,2,263.0,921.0,2,410.0,411.0,411.0,411.0,2.0,8220.0,24
2023-05-09 21:04:36,ru2401P12500,ru2401P12500,411.0,0.0,0.0,0.0,2,263.0,920.0,2,410.0,411.0,411.0,411.0,2.0,8220.0,24
2023-05-09 21:04:36,ru2401P12500,ru2401P12500,411.0,0.0,0.0,0.0,1,264.0,920.0,2,410.0,411.0,411.0,411.0,2.0,8220.0,24
2023-05-09 21:04:37,ru2401P12500,ru2401P12500,411.0,0.0,0.0,0.0,2,265.0,919.0,1,410.0,411.0,411.0,411.0,2.0,8220.0,24
2023-05-09 21:04:37,ru2401P12500,ru2401P12500,411.0,0.0,0.0,0.0,2,265.0,918.0,2,410.0,411.0,411.0,411.0,2.0,8220.0,24
2023-05-09 21:04:38,ru2401P12500,ru2401P12500,411.0,0.0,0.0,0.0,1,266.0,918.0,2,410.0,411.0,411.0,411.0,2.0,8220.0,24
2023-05-09 21:04:38,ru2401P12500,ru2401P12500,411.0,0.0,0.0,0.0,2,267.0,917.0,1,410.0,411.0,411.0,411.0,2.0,8220.0,24
2023-05-09 21:04:39,ru2401P12500,ru2401P12500,411.0,0.0,0.0,0.0,2,267.0,916.0,2,410.0,411.0,411.0,411.0,2.0,8220.0,24
2023-05-09 21:04:39,ru2401P12500,ru2401P12500,411.0,0.0,0.0,0.0,1,268.0,916.0,2,410.0,411.0,411.0,411.0,2.0,8220.0,24
2023-05-09 21:04:40,ru2401P12500,ru2401P12500,411.0,0.0,0.0,0.0,2,269.0,915.0,1,410.0,411.0,411.0,411.0,2.0,8220.0,24
2023-05-09 21:04:40,ru2401P12500,ru2401P12500,411.0,0.0,0.0,0.0,2,269.0,914.0,2,410.0,411.0,411.0,411.0,2.0,8220.0,24
2023-05-09 21:04:41,ru2401P12500,ru2401P12500,411.0,0.0,0.0,0.0,1,270.0,913.0,1,410.0,411.0,411.0,411.0,2.0,8220.0,24
2023-05-09 21:04:41,ru2401P12500,ru2401P12500,411.0,0.0,0.0,0.0,2,271.0,912.0,2,410.0,411.0,411.0,411.0,2.0,8220.0,24
2023-05-09 21:04:42,ru2401P12500,ru2401P12500,411.0,0.0,0.0,0.0,2,271.0,912.0,2,410.0,411.0,411.0,411.0,2.0,8220.0,24
2023-05-09 21:04:42,ru2401P12500,ru2401P12500,411.0,0.0,0.0,0.0,1,272.0,911.0,1,410.0,411.0,411.0,411.0,2.0,8220.0,24
2023-05-09 21:04:43,ru2401P12500,ru2401P12500,411.0,0.0,0.0,0.0,2,273.0,910.0,2,410.0,411.0,411.0,411.0,2.0,8220.0,24
2023-05-09 21:04:43,ru2401P12500,ru2401P12500,411.0,0.0,0.0,0.0,2,273.0,910.0,2,410.0,411.0,411.0,411.0,2.0,8220.0,24
2023-05-09 21:04:44,ru2401P12500,ru2401P12500,411.0,0.0,0.0,0.0,1,274.0,909.0,1,410.0,411.0,411.0,411.0,2.0,8220.0,24
2023-05-09 21:04:44,ru2401P12500,ru2401P12500,411.0,0.0,0.0,0.0,2,275.0,908.0,2,410.0,411.0,411.0,411.0,2.0,8220.0,24
2023-05-09 21:04:45,ru2401P12500,ru2401P12500,411.0,0.0,0.0,0.0,2,275.0,908.0,2,410.0,411.0,411.0,411.0,2.0,8220.0,24
2023-05-09 21:04:45,ru2401P12500,ru2401P12500,411.0,0.0,0.0,0.0,1,276.0,907.0,1,410.0,411.0,411.0,411.0,2.0,8220.0,24
2023-05-09 21:04:46,ru2401P12500,ru2401P12500,411.0,0.0,0.0,0.0,2,277.0,906.0,2,410.0,411.0,411.0,411.0,2.0,8220.0,24
2023-05-09 21:04:46,ru2401P12500,ru2401P12500,411.0,0.0,0.0,0.0,2,277.0,906.0,2,410.0,411.0,411.0,411.0,2.0,8220.0,24
2023-05-09 21:04:47,ru2401P12500,ru2401P12500,411.0,0.0,0.0,0.0,1,278.0,905.0,1,410.0,411.0,411.0,411.0,2.0,8220.0,24
2023-05-09 21:04:47,ru2401P12500,ru2401P12500,411.0,0.0,0.0,0.0,2,279.0,904.0,2,410.0,411.0,411.0,411.0,2.0,8220.0,24
2023-05-09 21:04:48,ru2401P12500,ru2401P12500,411.0,0.0,0.0,0.0,2,279.0,904.0,2,410.0,411.0,411.0,411.0,2.0,8220.0,24
2023-05-09 21:04:48,ru2401P12500,ru2401P12500,411.0,0.0,0.0,0.0,3,279.0,903.0,1,410.0,411.0,411.0,411.0,2.0,8220.0,24
2023-05-09 21:04:49,ru2401P12500,ru2401P12500,411.0,0.0,0.0,0.0,2,280.0,902.0,2,410.0,411.0,411.0,411.0,2.0,8220.0,24
2023-05-09 21:04:49,ru2401P12500,ru2401P12500,411.0,0.0,0.0,0.0,2,280.0,902.0,2,410.0,411.0,411.0,411.0,2.0,8220.0,24
2023-05-09 21:04:50,ru2401P12500,ru2401P12500,411.0,0.0,0.0,0.0,2,280.0,901.0,1,410.0,411.0,411.0,411.0,2.0,8220.0,24
2023-05-09 21:04:50,ru2401P12500,ru2401P12500,411.0,0.0,0.0,0.0,2,263.0,900.0,2,410.0,411.0,411.0,411.0,2.0,8220.0,24
2023-05-09 21:04:51,ru2401P12500,ru2401P12500,411.0,0.0,0.0,0.0,1,264.0,900.0,2,410.0,411.0,411.0,411.0,2.0,8220.0,24
2023-05-09 21:04:51,ru2401P12500,ru2401P12500,411.0,0.0,0.0,0.0,2,265.0,899.0,1,410.0,411.0,411.0,411.0,2.0,8220.0,24
2023-05-09 21:04:52,ru2401P12500,ru2401P12500,411.0,0.0,0.0,0.0,2,265.0,898.0,2,410.0,411.0,411.0,411.0,2.0,8220.0,24
2023-05-09 21:04:52,ru2401P12500,ru2401P12500,411.0,0.0,0.0,0.0,1,266.0,898.0,2,410.0,411.0,411.0,411.0,2.0,8220.0,24
2023-05-09 21:04:53,ru2401P12500,ru2401P12500,411.0,0.0,0.0,0.0,2,267.0,897.0,1,410.0,411.0,411.0,411.0,2.0,8220.0,24
2023-05-09 21:04:53,ru2401P12500,ru2401P12500,411.0,0.0,0.0,0.0,2,267.0,896.0,2,410.0,411.0,411.0,411.0,2.0,8220.0,24
2023-05-09 21:04:54,ru2401P12500,ru2401P12500,411.0,0.0,0.0,0.0,1,268.0,896.0,2,410.0,411.0,411.0,411.0,2.0,8220.0,24
2023-05-09 21:04:54,ru2401P12500,ru2401P12500,411.0,0.0,0.0,0.0,2,269.0,895.0,1,410.0,411.0,411.0,411.0,2.0,8220.0,24
2023-05-09 21:04:55,ru2401P12500,ru2401P12500,411.0,0.0,0.0,0.0,2,269.0,894.0,2,410.0,411.0,411.0,411.0,2.0,8220.0,24
2023-05-09 21:04:55,ru2401P12500,ru2401P12500,411.0,0.0,0.0,0.0,1,270.0,894.0,2,410.0,411.0,411.0,411.0,2.0,8220.0,24
2023-05-09 21:04:56,ru2401P12500,ru2401P12500,411.0,0.0,0.0,0.0,2,271.0,893.0,1,410.0,411.0,411.0,411.0,2.0,8220.0,24
2023-05-09 21:04:56,ru2401P12500,ru2401P12500,411.0,0.0,0.0,0.0,2,271.0,892.0,2,410.0,411.0,411.0,411.0,2.0,8220.0,24
2023-05-09 21:04:57,ru2401P12500,ru2401P12500,411.0,0.0,0.0,0.0,1,272.0,892.0,2,410.0,411.0,411.0,411.0,2.0,8220.0,24
2023-05-09 21:04:57,ru2401P12500,ru2401P12500,411.0,0.0,0.0,0.0,2,273.0,891.0,1,410.0,411.0,411.0,411.0,2.0,8220.0,24
2023-05-09 21:04:58,ru2401P12500,ru2401P12500,411.0,0.0,0.0,0.0,2,273.0,890.0,2,410.0,411.0,411.0,411.0,2.0,8220.0,24
2023-05-09 21:04:58,ru2401P12500,ru2401P12500,411.0,0.0,0.0,0.0,1,274.0,890.0,2,410.0,411.0,411.0,411.0,2.0,8220.0,24
2023-05-09 21:04:59,ru2401P12500,ru2401P12500,411.0,0.0,0.0,0.0,2,275.0,889.0,1,410.0,411.0,411.0,411.0,2.0,8220.0,24
2023-05-09 21:04:59,ru2401P12500,ru2401P12500,411.0,0.0,0.0,0.0,2,275.0,888.0,2,410.0,411.0,411.0,411.0,2.0,8220.0,24
2023-05-09 21:05:00,ru2401P12500,ru2401P12500,411.0,0.0,0.0,0.0,1,276.0,888.0,2,410.0,411.0,411.0,411.0,2.0,8220.0,24
2023-05-09 21:05:00,ru2401P12500,ru2401P12500,411.0,0.0,0.0,0.0,2,277.0,887.0,1,410.0,411.0,411.0,411.0,2.0,8220.0,24
2023-05-09 21:05:01,ru2401P12500,ru2401P12500,411.0,0.0,0.0,0.0,2,277.0,886.0,2,410.0,411.0,411.0,411.0,2.0,8220.0,24
2023-05-09 21:05:01,ru2401P12500,ru2401P12500,411.0,0.0,0.0,0.0,1,278.0,886.0,2,410.0,411.0,411.0,411.0,2.0,8220.0,24
2023-05-09 21:05:02,ru2401P12500,ru2401P12500,411.0,0.0,0.0,0.0,2,279.0,885.0,1,410.0,411.0,411.0,411.0,2.0,8220.0,24
2023-05-09 21:05:02,ru2401P12500,ru2401P12500,411.0,0.0,0.0,0.0,2,279.0,884.0,2,410.0,411.0,411.0,411.0,2.0,8220.0,24
2023-05-09 21:05:03,ru2401P12500,ru2401P12500,411.0,0.0,0.0,0.0,3,279.0,884.0,2,410.0,411.0,411.0,411.0,2.0,8220.0,24
2023-05-09 21:05:03,ru2401P12500,ru2401P12500,411.0,0.0,0.0,0.0,2,280.0,883.0,1,410.0,411.0,411.0,411.0,2.0,8220.0,24
2023-05-09 21:05:04,ru2401P12500,ru2401P12500,411.0,0.0,0.0,0.0,2,280.0,882.0,2,410.0,411.0,411.0,411.0,2.0,8220.0,24
2023-05-09 21:05:04,ru2401P12500,ru2401P12500,411.0,0.0,0.0,0.0,3,280.0,882.0,2,410.0,411.0,411.0,411.0,2.0,8220.0,24
2023-05-09 21:05:05,ru2401P12500,ru2401P12500,411.0,0.0,0.0,0.0,2,281.0,881.0,1,410.0,411.0,411.0,411.0,2.0,8220.0,24
2023-05-09 21:05:05,ru2401P12500,ru2401P12500,411.0,0.0,0.0,0.0,2,281.0,880.0,2,410.0,411.0,411.0,411.0,2.0,8220.0,24
2023-05-09 21:05:06,ru2401P12500,ru2401P12500,411.0,0.0,0.0,0.0,2,281.0,880.0,2,410.0,411.0,411.0,411.0,2.0,8220.0,24
2023-05-09 21:05:06,ru2401P12500,ru2401P12500,411.0,0.0,0.0,0.0,2,281.0,879.0,1,410.0,411.0,411.0,411.0,2.0,8220.0,24
2023-05-09 21:05:07,ru2401P12500,ru2401P12500,411.0,0.0,0.0,0.0,2,263.0,878.0,2,410.0,411.0,411.0,411.0,2.0,8220.0,24
2023-05-09 21:05:07,ru2401P12500,ru2401P12500,411.0,0.0,0.0,0.0,1,264.0,878.0,2,410.0,411.0,411.0,411.0,2.0,8220.0,24
2023-05-09 21:05:08,ru2401P12500,ru2401P12500,411.0,0.0,0.0,0.0,2,265.0,877.0,1,410.0,411.0,411.0,411.0,2.0,8220.0,24
2023-05-09 21:05:08,ru2401P12500,ru2401P12500,411.0,0.0,0.0,0.0,2,265.0,876.0,2,410.0,411.0,411.0,411.0,2.0,8220.0,24
2023-05-09 21:05:09,ru2401P12500,ru2401P12500,411.0,0.0,0.0,0.0,1,266.0,876.0,2,410.0,411.0,411.0,411.0,2.0,8220.0,24
2023-05-09 21:05:09,ru2401P12500,ru2401P12500,411.0,0.0,0.0,0.0,2,267.0,875.0,1,410.0,411.0,411.0,411.0,2.0,8220.0,24
2023-05-09 21:05:10,ru2401P12500,ru2401P12500,411.0,0.0,0.0,0.0,2,267.0,874.0,2,410.0,411.0,411.0,411.0,2.0,8220.0,24
2023-05-09 21:05:10,ru2401P12500,ru2401P12500,411.0,0.0,0.0,0.0,1,268.0,874.0,2,410.0,411.0,411.0,411.0,2.0,8220.0,24
2023-05-09 21:05:11,ru2401P12500,ru2401P12500,411.0,0.0,0.0,0.0,2,269.0,873.0,1,410.0,411.0,411.0,411.0,2.0,8220.0,24
2023-05-09 21:05:11,ru2401P12500,ru2401P12500,411.0,0.0,0.0,0.0,2,269.0,872.0,2,410.0,411.0,411.0,411.0,2.0,8220.0,24
2023-05-09 21:05:12,ru2401P12500,ru2401P12500,411.0,0.0,0.0,0.0,1,270.0,872.0,2,410.0,411.0,411.0,411.0,2.0,8220.0,24
2023-05-09 21:05:12,ru2401P12500,ru2401P12500,411.0,0.0,0.0,0.0,2,271.0,871.0,1,410.0,411.0,411.0,411.0,2.0,8220.0,24
2023-05-09 21:05:13,ru2401P12500,ru2401P12500,411.0,0.0,0.0,0.0,2,271.0,870.0,2,410.0,411.0,411.0,411.0,2.0,8220.0,24
2023-05-09 21:05:13,ru2401P12500,ru2401P12500,411.0,0.0,0.0,0.0,1,272.0,870.0,2,410.0,411.0,411.0,411.0,2.0,8220.0,24
2023-05-09 21:05:14,ru2401P12500,ru2401P12500,411.0,0.0,0.0,0.0,2,273.0,869.0,1,410.0,411.0,411.0,411.0,2.0,8220.0,24
2023-05-09 21:05:14,ru2401P12500,ru2401P12500,411.0,0.0,0.0,0.0,2,273.0,868.0,2,410.0,411.0,411.0,411.0,2.0,8220.0,24
2023-05-09 21:05:15,ru2401P12500,ru2401P12500,411.0,0.0,0.0,0.0,1,274.0,868.0,2,410.0,411.0,411.0,411.0,2.0,8220.0,24
2023-05-09 21:05:15,ru2401P12500,ru2401P12500,411.0,0.0,0.0,0.0,2,275.0,867.0,1,410.0,411.0,411.0,411.0,2.0,8220.0,24
2023-05-09 21:05:16,ru2401P12500,ru2401P12500,411.0,0.0,0.0,0.0,2,275.0,866.0,2,410.0,411.0,411.0,411.0,2.0,8220.0,24
2023-05-09 21:05:16,ru2401P12500,ru2401P12500,411.0,0.0,0.0,0.0,1,276.0,866.0,2,410.0,411.0,411.0,411.0,2.0,8220.0,24
2023-05-09 21:05:17,ru2401P12500,ru2401P12500,411.0,0.0,0.0,0.0,2,277.0,865.0,1,410.0,411.0,411.0,411.0,2.0,8220.0,24
2023-05-09 21:05:17,ru2401P12500,ru2401P12500,411.0,0.0,0.0,0.0,2,277.0,864.0,2,410.0,411.0,411.0,411.0,2.0,8220.0,24
2023-05-09 21:05:18,ru2401P12500,ru2401P12500,411.0,0.0,0.0,0.0,1,278.0,864.0,2,410.0,411.0,411.0,411.0,2.0,8220.0,24
2023-05-09 21:05:18,ru2401P12500,ru2401P12500,411.0,0.0,0.0,0.0,2,279.0,863.0,1,410.0,411.0,411.0,411.0,2.0,8220.0,24
2023-05-09 21:05:19,ru2401P12500,ru2401P12500,411.0,0.0,0.0,0.0,2,279.0,862.0,2,410.0,411.0,411.0,411.0,2.0,8220.0,24
2023-05-09 21:05:19,ru2401P12500,ru2401P12500,411.0,0.0,0.0,0.0,3,279.0,862.0,2,410.0,411.0,411.0,411.0,2.0,8220.0,24
2023-05-09 21:05:20,ru2401P12500,ru2401P12500,411.0,0.0,0.0,0.0,2,280.0,861.0,1,410.0,411.0,411.0,411.0,2.0,8220.0,24
2023-05-09 21:05:20,ru2401P12500,ru2401P12500,411.0,0.0,0.0,0.0,2,280.0,860.0,2,410.0,411.0,411.0,411.0,2.0,8220.0,24
2023-05-09 21:05:21,ru2401P12500,ru2401P12500,411.0,0.0,0.0,0.0,2,280.0,860.0,2,410.0,411.0,411.0,411.0,2.0,8220.0,24
2023-05-09 21:05:21,ru2401P12500,ru2401P12500,411.0,0.0,0.0,0.0,2,280.0,859.0,1,410.0,411.0,411.0,411.0,2.0,8220.0,24
2023-05-09 21:05:22,ru2401P12500,ru2401P12500,411.0,0.0,0.0,0.0,2,263.0,858.0,2,410.0,411.0,411.0,411.0,2.0,8220.0,24
2023-05-09 21:05:22,ru2401P12500,ru2401P12500,411.0,0.0,0.0,0.0,1,264.0,858.0,2,410.0,411.0,411.0,411.0,2.0,8220.0,24
2023-05-09 21:05:23,ru2401P12500,ru2401P12500,411.0,0.0,0.0,0.0,2,265.0,857.0,1,410.0,411.0,411.0,411.0,2.0,8220.0,24
2023-05-09 21:05:23,ru2401P12500,ru2401P12500,411.0,0.0,0.0,0.0,2,265.0,856.0,2,410.0,411.0,411.0,411.0,2.0,8220.0,24
2023-05-09 21:05:24,ru2401P12500,ru2401P12500,411.0,0.0,0.0,0.0,1,266.0,856.0,2,410.0,411.0,411.0,411.0,2.0,8220.0,24
2023-05-09 21:05:24,ru2401P12500,ru2401P12500,411.0,0.0,0.0,0.0,2,267.0,855.0,1,410.0,411.0,411.0,411.0,2.0,8220.0,24
2023-05-09 21:05:25,ru2401P12500,ru2401P12500,411.0,0.0,0.0,0.0,2,267.0,854.0,2,410.0,411.0,411.0,411.0,2.0,8220.0,24
2023-05-09 21:05:25,ru2401P12500,ru2401P12500,411.0,0.0,0.0,0.0,1,268.0,854.0,2,410.0,411.0,411.0,411.0,2.0,8220.0,24
2023-05-09 21:05:26,ru2401P12500,ru2401P12500,411.0,0.0,0.0,0.0,2,269.0,853.0,1,410.0,411.0,411.0,411.0,2.0,8220.0,24
2023-05-09 21:05:26,ru2401P12500,ru2401P12500,411.0,0.0,0.0,0.0,2,269.0,852.0,2,410.0,411.0,411.0,411.0,2.0,8220.0,24
2023-05-09 21:05:27,ru2401P12500,ru2401P12500,411.0,0.0,0.0,0.0,1,270.0,852.0,2,410.0,411.0,411.0,411.0,2.0,8220.0,24
2023-05-09 21:05:27,ru2401P12500,ru2401P12500,411.0,0.0,0.0,0.0,2,271.0,851.0,1,410.0,411.0,411.0,411.0,2.0,8220.0,24
2023-05-09 21:05:28,ru2401P12500,ru2401P12500,411.0,0.0,0.0,0.0,2,271.0,850.0,2,410.0,411.0,411.0,411.0,2.0,8220.0,24
2023-05-09 21:05:28,ru2401P12500,ru2401P12500,411.0,0.0,0.0,0.0,1,272.0,850.0,2,410.0,411.0,411.0,411.0,2.0,8220.0,24
2023-05-09 21:05:29,ru2401P12500,ru2401P12500,411.0,0.0,0.0,0.0,2,273.0,849.0,1,410.0,411.0,411.0,411.0,2.0,8220.0,24
2023-05-09 21:05:29,ru2401P12500,ru2401P12500,411.0,0.0,0.0,0.0,2,273.0,848.0,2,410.0,411.0,411.0,411.0,2.0,8220.0,24
2023-05-09 21:05:30,ru2401P12500,ru2401P12500,411.0,0.0,0.0,0.0,1,274.0,848.0,2,410.0,411.0,411.0,411.0,2.0,8220.0,24
2023-05-09 21:05:30,ru2401P12500,ru2401P12500,411.0,0.0,0.0,0.0,2,275.0,847.0,1,410.0,411.0,411.0,411.0,2.0,8220.0,24
2023-05-09 21:05:31,ru2401P12500,ru2401P12500,411.0,0.0,0.0,0.0,2,275.0,846.0,2,410.0,411.0,411.0,411.0,2.0,8220.0,24
2023-05-09 21:05:31,ru2401P12500,ru2401P12500,411.0,0.0,0.0,0.0,1,276.0,846.0,2,410.0,411.0,411.0,411.0,2.0,8220.0,24
2023-05-09 21:05:32,ru2401P12500,ru2401P12500,411.0,0.0,0.0,0.0,2,277.0,845.0,1,410.0,411.0,411.0,411.0,2.0,8220.0,24
2023-05-09 21:05:32,ru2401P12500,ru2401P12500,411.0,0.0,0.0,0.0,2,277.0,844.0,2,410.0,411.0,411.0,411.0,2.0,8220.0,24
2023-05-09 21:05:33,ru2401P12500,ru2401P12500,411.0,0.0,0.0,0.0,1,278.0,844.0,2,410.0,411.0,411.0,411.0,2.0,8220.0,24
2023-05-09 21:05:33,ru2401P12500,ru2401P12500,411.0,0.0,0.0,0.0,2,279.0,843.0,1,410.0,411.0,411.0,411.0,2.0,8220.0,24
2023-05-09 21:05:34,ru2401P12500,ru2401P12500,411.0,0.0,0.0,0.0,2,279.0,842.0,2,410.0,411.0,411.0,411.0,2.0,8220.0,24
2023-05-09 21:05:34,ru2401P12500,ru2401P12500,411.0,0.0,0.0,0.0,1,280.0,842.0,2,410.0,411.0,411.0,411.0,2.0,8220.0,24
2023-05-09 21:05:35,ru2401P12500,ru2401P12500,411.0,0.0,0.0,0.0,2,281.0,841.0,1,410.0,411.0,411.0,411.0,2.0,8220.0,24
2023-05-09 21:05:35,ru2401P12500,ru2401P12500,411.0,0.0,0.0,0.0,2,281.0,840.0,2,410.0,411.0,411.0,411.0,2.0,8220.0,24
2023-05-09 21:05:36,ru2401P12500,ru2401P12500,411.0,0.0,0.0,0.0,2,281.0,840.0,2,410.0,411.0,411.0,411.0,2.0,8220.0,24
2023-05-09 21:05:36,ru2401P12500,ru2401P12500,411.0,0.0,0.0,0.0,2,281.0,839.0,1,410.0,411.0,411.0,411.0,2.0,8220.0,24
2023-05-09 21:05:37,ru2401P12500,ru2401P12500,411.0,0.0,0.0,0.0,2,263.0,838.0,2,410.0,411.0,411.0,411.0,2.0,8220.0,24
2023-05-09 21:05:37,ru2401P12500,ru2401P12500,411.0,0.0,0.0,0.0,1,264.0,838.0,2,410.0,411.0,411.0,411.0,2.0,8220.0,24
2023-05-09 21:05:38,ru2401P12500,ru2401P12500,411.0,0.0,0.0,0.0,2,265.0,837.0,1,410.0,411.0,411.0,411.0,2.0,8220.0,24
2023-05-09 21:05:38,ru2401P12500,ru2401P12500,411.0,0.0,0.0,0.0,2,265.0,836.0,2,410.0,411.0,411.0,411.0,2.0,8220.0,24
2023-05-09 21:05:39,ru2401P12500,ru2401P12500,411.0,0.0,0.0,0.0,1,266.0,836.0,2,410.0,411.0,411.0,411.0,2.0,8220.0,24
2023-05-09 21:05:39,ru2401P12500,ru2401P12500,411.0,0.0,0.0,0.0,2,267.0,920.0,2,410.0,411.0,411.0,411.0,2.0,8220.0,24
2023-05-09 21:06:09,ru2401P12500,ru2401P12500,411.0,0.0,0.0,0.0,1,268.0,919.0,1,410.0,411.0,411.0,411.0,2.0,8220.0,24
2023-05-09 21:06:10,ru2401P12500,ru2401P12500,411.0,0.0,0.0,0.0,2,269.0,918.0,2,410.0,411.0,411.0,411.0,2.0,8220.0,24
2023-05-09 21:06:10,ru2401P12500,ru2401P12500,411.0,0.0,0.0,0.0,2,269.0,918.0,2,410.0,411.0,411.0,411.0,2.0,8220.0,24
2023-05-09 21:06:11,ru2401P12500,ru2401P12500,411.0,0.0,0.0,0.0,1,270.0,917.0,1,410.0,411.0,411.0,411.0,2.0,8220.0,24
2023-05-09 21:06:11,ru2401P12500,ru2401P12500,411.0,0.0,0.0,0.0,2,271.0,916.0,2,410.0,411.0,411.0,411.0,2.0,8220.0,24
2023-05-09 21:06:12,ru2401P12500,ru2401P12500,411.0,0.0,0.0,0.0,2,271.0,916.0,2,410.0,411.0,411.0,411.0,2.0,8220.0,24
2023-05-09 21:06:12,ru2401P12500,ru2401P12500,411.0,0.0,0.0,0.0,1,272.0,915.0,1,410.0,411.0,411.0,411.0,2.0,8220.0,24
2023-05-09 21:06:13,ru2401P12500,ru2401P12500,411.0,0.0,0.0,0.0,2,273.0,914.0,2,410.0,411.0,411.0,411.0,2.0,8220.0,24
2023-05-09 21:06:13,ru2401P12500,ru2401P12500,411.0,0.0,0.0,0.0,2,273.0,914.0,2,410.0,411.0,411.0,411.0,2.0,8220.0,24
2023-05-09 21:06:14,ru2401P12500,ru2401P12500,411.0,0.0,0.0,0.0,1,274.0,913.0,1,410.0,411.0,411.0,411.0,2.0,8220.0,24
2023-05-09 21:06:14,ru2401P12500,ru2401P12500,411.0,0.0,0.0,0.0,2,275.0,912.0,2,410.0,411.0,411.0,411.0,2.0,8220.0,24
2023-05-09 21:06:15,ru2401P12500,ru2401P12500,411.0,0.0,0.0,0.0,2,275.0,912.0,2,410.0,411.0,411.0,411.0,2.0,8220.0,24
2023-05-09 21:06:15,ru2401P12500,ru2401P12500,411.0,0.0,0.0,0.0,1,276.0,911.0,1,410.0,411.0,411.0,411.0,2.0,8220.0,24
2023-05-09 21:06:16,ru2401P12500,ru2401P12500,411.0,0.0,0.0,0.0,2,277.0,910.0,2,410.0,411.0,411.0,411.0,2.0,8220.0,24
2023-05-09 21:06:16,ru2401P12500,ru2401P12500,411.0,0.0,0.0,0.0,2,277.0,910.0,2,410.0,411.0,411.0,411.0,2.0,8220.0,24
2023-05-09 21:06:17,ru2401P12500,ru2401P12500,411.0,0.0,0.0,0.0,1,278.0,909.0,1,410.0,411.0,411.0,411.0,2.0,8220.0,24
2023-05-09 21:06:17,ru2401P12500,ru2401P12500,411.0,0.0,0.0,0.0,2,279.0,908.0,2,410.0,411.0,411.0,411.0,2.0,8220.0,24
2023-05-09 21:06:18,ru2401P12500,ru2401P12500,411.0,0.0,0.0,0.0,2,279.0,908.0,2,410.0,411.0,411.0,411.0,2.0,8220.0,24
2023-05-09 21:06:18,ru2401P12500,ru2401P12500,411.0,0.0,0.0,0.0,1,280.0,907.0,1,410.0,411.0,411.0,411.0,2.0,8220.0,24
2023-05-09 21:06:19,ru2401P12500,ru2401P12500,411.0,0.0,0.0,0.0,2,281.0,906.0,2,410.0,411.0,411.0,411.0,2.0,8220.0,24
2023-05-09 21:06:19,ru2401P12500,ru2401P12500,411.0,0.0,0.0,0.0,2,281.0,906.0,2,410.0,411.0,411.0,411.0,2.0,8220.0,24
2023-05-09 21:06:20,ru2401P12500,ru2401P12500,411.0,0.0,0.0,0.0,1,282.0,905.0,1,410.0,411.0,411.0,411.0,2.0,8220.0,24
2023-05-09 21:06:20,ru2401P12500,ru2401P12500,411.0,0.0,0.0,0.0,2,283.0,904.0,2,410.0,411.0,411.0,411.0,2.0,8220.0,24
2023-05-09 21:06:21,ru2401P12500,ru2401P12500,411.0,0.0,0.0,0.0,2,283.0,904.0,2,410.0,411.0,411.0,411.0,2.0,8220.0,24
2023-05-09 21:06:21,ru2401P12500,ru2401P12500,411.0,0.0,0.0,0.0,1,284.0,903.0,1,410.0,411.0,411.0,411.0,2.0,8220.0,24
2023-05-09 21:06:22,ru2401P12500,ru2401P12500,411.0,0.0,0.0,0.0,2,285.0,902.0,2,410.0,411.0,411.0,411.0,2.0,8220.0,24
2023-05-09 21:06:22,ru2401P12500,ru2401P12500,411.0,0.0,0.0,0.0,2,285.0,902.0,2,410.0,411.0,411.0,411.0,2.0,8220.0,24
2023-05-09 21:06:23,ru2401P12500,ru2401P12500,411.0,0.0,0.0,0.0,1,286.0,901.0,1,410.0,411.0,411.0,411.0,2.0,8220.0,24
2023-05-09 21:06:23,ru2401P12500,ru2401P12500,411.0,0.0,0.0,0.0,2,287.0,900.0,2,410.0,411.0,411.0,411.0,2.0,8220.0,24
2023-05-09 21:06:24,ru2401P12500,ru2401P12500,411.0,0.0,0.0,0.0,2,287.0,900.0,2,410.0,411.0,411.0,411.0,2.0,8220.0,24
2023-05-09 21:06:24,ru2401P12500,ru2401P12500,411.0,0.0,0.0,0.0,1,288.0,899.0,1,410.0,411.0,411.0,411.0,2.0,8220.0,24
2023-05-09 21:06:25,ru2401P12500,ru2401P12500,411.0,0.0,0.0,0.0,2,289.0,898.0,2,410.0,411.0,411.0,411.0,2.0,8220.0,24
2023-05-09 21:06:25,ru2401P12500,ru2401P12500,411.0,0.0,0.0,0.0,2,289.0,898.0,2,410.0,411.0,411.0,411.0,2.0,8220.0,24
2023-05-09 21:06:26,ru2401P12500,ru2401P12500,411.0,0.0,0.0,0.0,1,290.0,897.0,1,410.0,411.0,411.0,411.0,2.0,8220.0,24
2023-05-09 21:06:26,ru2401P12500,ru2401P12500,411.0,0.0,0.0,0.0,2,291.0,896.0,2,410.0,411.0,411.0,411.0,2.0,8220.0,24
2023-05-09 21:06:27,ru2401P12500,ru2401P12500,411.0,0.0,0.0,0.0,2,291.0,896.0,2,410.0,411.0,411.0,411.0,2.0,8220.0,24
2023-05-09 21:06:27,ru2401P12500,ru2401P12500,411.0,0.0,0.0,0.0,1,292.0,895.0,1,410.0,411.0,411.0,411.0,2.0,8220.0,24
2023-05-09 21:06:28,ru2401P12500,ru2401P12500,411.0,0.0,0.0,0.0,2,293.0,894.0,2,410.0,411.0,411.0,411.0,2.0,8220.0,24
2023-05-09 21:06:28,ru2401P12500,ru2401P12500,411.0,0.0,0.0,0.0,2,293.0,894.0,2,410.0,411.0,411.0,411.0,2.0,8220.0,24
2023-05-09 21:06:29,ru2401P12500,ru2401P12500,411.0,0.0,0.0,0.0,1,294.0,893.0,1,410.0,411.0,411.0,411.0,2.0,8220.0,24
2023-05-09 21:06:29,ru2401P12500,ru2401P12500,411.0,0.0,0.0,0.0,2,295.0,892.0,2,410.0,411.0,411.0,411.0,2.0,8220.0,24
2023-05-09 21:06:30,ru2401P12500,ru2401P12500,411.0,0.0,0.0,0.0,2,295.0,892.0,2,410.0,411.0,411.0,411.0,2.0,8220.0,24
2023-05-09 21:06:30,ru2401P12500,ru2401P12500,411.0,0.0,0.0,0.0,1,296.0,891.0,1,410.0,411.0,411.0,411.0,2.0,8220.0,24
2023-05-09 21:06:31,ru2401P12500,ru2401P12500,411.0,0.0,0.0,0.0,2,297.0,890.0,2,410.0,411.0,411.0,411.0,2.0,8220.0,24
2023-05-09 21:06:31,ru2401P12500,ru2401P12500,411.0,0.0,0.0,0.0,2,297.0,890.0,2,410.0,411.0,411.0,411.0,2.0,8220.0,24
2023-05-09 21:06:32,ru2401P12500,ru2401P12500,411.0,0.0,0.0,0.0,1,298.0,889.0,1,410.0,411.0,411.0,411.0,2.0,8220.0,24
2023-05-09 21:06:32,ru2401P12500,ru2401P12500,411.0,0.0,0.0,0.0,2,299.0,888.0,2,410.0,411.0,411.0,411.0,2.0,8220.0,24
2023-05-09 21:06:33,ru2401P12500,ru2401P12500,411.0,0.0,0.0,0.0,2,299.0,888.0,2,410.0,411.0,411.0,411.0,2.0,8220.0,24
2023-05-09 21:06:33,ru2401P12500,ru2401P12500,411.0,0.0,0.0,0.0,1,300.0,887.0,1,410.0,411.0,411.0,411.0,2.0,8220.0,24
2023-05-09 21:06:34,ru2401P12500,ru2401P12500,411.0,0.0,0.0,0.0,2,301.0,886.0,2,410.0,411.0,411.0,411.0,2.0,8220.0,24
2023-05-09 21:06:34,ru2401P12500,ru2401P12500,411.0,0.0,0.0,0.0,2,301.0,886.0,2,410.0,411.0,411.0,411.0,2.0,8220.0,24
2023-05-09 21:06:35,ru2401P12500,ru2401P12500,411.0,0.0,0.0,0.0,1,302.0,885.0,1,410.0,411.0,411.0,411.0,2.0,8220.0,24
2023-05-09 21:06:35,ru2401P12500,ru2401P12500,411.0,0.0,0.0,0.0,2,303.0,884.0,2,410.0,411.0,411.0,411.0,2.0,8220.0,24
2023-05-09 21:06:36,ru2401P12500,ru2401P12500,411.0,0.0,0.0,0.0,2,303.0,884.0,2,410.0,411.0,411.0,411.0,2.0,8220.0,24
2023-05-09 21:06:36,ru2401P12500,ru2401P12500,411.0,0.0,0.0,0.0,1,304.0,883.0,1,410.0,411.0,411.0,411.0,2.0,8220.0,24
2023-05-09 21:06:37,ru2401P12500,ru2401P12500,411.0,0.0,0.0,0.0,2,305.0,882.0,2,410.0,411.0,411.0,411.0,2.0,8220.0,24
2023-05-09 21:06:37,ru2401P12500,ru2401P12500,411.0,0.0,0.0,0.0,2,305.0,882.0,2,410.0,411.0,411.0,411.0,2.0,8220.0,24
2023-05-09 21:06:38,ru2401P12500,ru2401P12500,411.0,0.0,0.0,0.0,1,306.0,881.0,1,410.0,411.0,411.0,411.0,2.0,8220.0,24
2023-05-09 21:06:38,ru2401P12500,ru2401P12500,411.0,0.0,0.0,0.0,2,307.0,880.0,2,410.0,411.0,411.0,411.0,2.0,8220.0,24
2023-05-09 21:06:39,ru2401P12500,ru2401P12500,411.0,0.0,0.0,0.0,2,307.0,880.0,2,410.0,411.0,411.0,411.0,2.0,8220.0,24
2023-05-09 21:06:39,ru2401P12500,ru2401P12500,411.0,0.0,0.0,0.0,1,308.0,879.0,1,410.0,411.0,411.0,411.0,2.0,8220.0,24
2023-05-09 21:06:40,ru2401P12500,ru2401P12500,411.0,0.0,0.0,0.0,2,309.0,878.0,2,410.0,411.0,411.0,411.0,2.0,8220.0,24
2023-05-09 21:06:40,ru2401P12500,ru2401P12500,411.0,0.0,0.0,0.0,2,309.0,878.0,2,410.0,411.0,411.0,411.0,2.0,8220.0,24
2023-05-09 21:06:41,ru2401P12500,ru2401P12500,411.0,0.0,0.0,0.0,1,310.0,877.0,1,410.0,411.0,411.0,411.0,2.0,8220.0,24
2023-05-09 21:06:41,ru2401P12500,ru2401P12500,411.0,0.0,0.0,0.0,2,311.0,876.0,2,410.0,411.0,411.0,411.0,2.0,8220.0,24
2023-05-09 21:06:42,ru2401P12500,ru2401P12500,411.0,0.0,0.0,0.0,2,311.0,876.0,2,410.0,411.0,411.0,411.0,2.0,8220.0,24
2023-05-09 21:06:42,ru2401P12500,ru2401P12500,411.0,0.0,0.0,0.0,1,312.0,875.0,1,410.0,411.0,411.0,411.0,2.0,8220.0,24
2023-05-09 21:06:43,ru2401P12500,ru2401P12500,411.0,0.0,0.0,0.0,2,313.0,874.0,2,410.0,411.0,411.0,411.0,2.0,8220.0,24
2023-05-09 21:06:43,ru2401P12500,ru2401P12500,411.0,0.0,0.0,0.0,2,313.0,874.0,2,410.0,411.0,411.0,411.0,2.0,8220.0,24
2023-05-09 21:06:44,ru2401P12500,ru2401P12500,411.0,0.0,0.0,0.0,1,314.0,873.0,1,410.0,411.0,411.0,411.0,2.0,8220.0,24
2023-05-09 21:06:44,ru2401P12500,ru2401P12500,411.0,0.0,0.0,0.0,2,315.0,872.0,2,410.0,411.0,411.0,411.0,2.0,8220.0,24
2023-05-09 21:06:45,ru2401P12500,ru2401P12500,411.0,0.0,0.0,0.0,2,315.0,872.0,2,410.0,411.0,411.0,411.0,2.0,8220.0,24
2023-05-09 21:06:45,ru2401P12500,ru2401P12500,411.0,0.0,0.0,0.0,1,316.0,871.0,1,410.0,411.0,411.0,411.0,2.0,8220.0,24
2023-05-09 21:06:46,ru2401P12500,ru2401P12500,411.0,0.0,0.0,0.0,2,317.0,870.0,2,410.0,411.0,411.0,411.0,2.0,8220.0,24
2023-05-09 21:06:46,ru2401P12500,ru2401P12500,411.0,0.0,0.0,0.0,2,317.0,870.0,2,410.0,411.0,411.0,411.0,2.0,8220.0,24
2023-05-09 21:06:47,ru2401P12500,ru2401P12500,411.0,0.0,0.0,0.0,1,318.0,869.0,1,410.0,411.0,411.0,411.0,2.0,8220.0,24
2023-05-09 21:06:47,ru2401P12500,ru2401P12500,411.0,0.0,0.0,0.0,2,319.0,868.0,2,410.0,411.0,411.0,411.0,2.0,8220.0,24
2023-05-09 21:06:48,ru2401P12500,ru2401P12500,411.0,0.0,0.0,0.0,2,319.0,868.0,2,410.0,411.0,411.0,411.0,2.0,8220.0,24
2023-05-09 21:06:48,ru2401P12500,ru2401P12500,411.0,0.0,0.0,0.0,1,320.0,867.0,1,410.0,411.0,411.0,411.0,2.0,8220.0,24
2023-05-09 21:06:49,ru2401P12500,ru2401P12500,411.0,0.0,0.0,0.0,2,321.0,866.0,2,410.0,411.0,411.0,411.0,2.0,8220.0,24
2023-05-09 21:06:49,ru2401P12500,ru2401P12500,411.0,0.0,0.0,0.0,2,321.0,866.0,2,410.0,411.0,411.0,411.0,2.0,8220.0,24
2023-05-09 21:06:50,ru2401P12500,ru2401P12500,411.0,0.0,0.0,0.0,1,322.0,865.0,1,410.0,411.0,411.0,411.0,2.0,8220.0,24
2023-05-09 21:06:50,ru2401P12500,ru2401P12500,411.0,0.0,0.0,0.0,2,323.0,864.0,2,410.0,411.0,411.0,411.0,2.0,8220.0,24
2023-05-09 21:06:51,ru2401P12500,ru2401P12500,411.0,0.0,0.0,0.0,2,323.0,864.0,2,410.0,411.0,411.0,411.0,2.0,8220.0,24
2023-05-09 21:06:51,ru2401P12500,ru2401P12500,411.0,0.0,0.0,0.0,1,324.0,863.0,1,410.0,411.0,411.0,411.0,2.0,8220.0,24
2023-05-09 21:06:52,ru2401P12500,ru2401P12500,411.0,0.0,0.0,0.0,1,324.0,862.0,2,410.0,411.0,411.0,411.0,2.0,8220.0,24
2023-05-09 21:06:52,ru2401P12500,ru2401P12500,411.0,0.0,0.0,0.0,1,324.0,862.0,2,410.0,411.0,411.0,411.0,2.0,8220.0,24
2023-05-09 21:06:53,ru2401P12500,ru2401P12500,411.0,0.0,0.0,0.0,1,324.0,861.0,1,410.0,411.0,411.0,411.0,2.0,8220.0,24
2023-05-09 21:06:53,ru2401P12500,ru2401P12500,411.0,0.0,0.0,0.0,1,324.0,860.0,2,410.0,411.0,411.0,411.0,2.0,8220.0,24
2023-05-09 21:06:54,ru2401P12500,ru2401P12500,411.0,0.0,0.0,0.0,1,324.0,860.0,2,410.0,411.0,411.0,411.0,2.0,8220.0,24
2023-05-09 21:06:54,ru2401P12500,ru2401P12500,411.0,0.0,0.0,0.0,1,324.0,859.0,1,410.0,411.0,411.0,411.0,2.0,8220.0,24
2023-05-09 21:06:55,ru2401P12500,ru2401P12500,411.0,0.0,0.0,0.0,1,324.0,858.0,2,410.0,411.0,411.0,411.0,2.0,8220.0,24
2023-05-09 21:06:55,ru2401P12500,ru2401P12500,411.0,0.0,0.0,0.0,1,324.0,858.0,2,410.0,411.0,411.0,411.0,2.0,8220.0,24
2023-05-09 21:06:56,ru2401P12500,ru2401P12500,411.0,0.0,0.0,0.0,1,324.0,857.0,1,410.0,411.0,411.0,411.0,2.0,8220.0,24
2023-05-09 21:06:56,ru2401P12500,ru2401P12500,411.0,0.0,0.0,0.0,1,324.0,856.0,2,410.0,411.0,411.0,411.0,2.0,8220.0,24
2023-05-09 21:06:57,ru2401P12500,ru2401P12500,411.0,0.0,0.0,0.0,1,324.0,856.0,2,410.0,411.0,411.0,411.0,2.0,8220.0,24
2023-05-09 21:06:57,ru2401P12500,ru2401P12500,411.0,0.0,0.0,0.0,1,324.0,855.0,1,410.0,411.0,411.0,411.0,2.0,8220.0,24
2023-05-09 21:06:58,ru2401P12500,ru2401P12500,411.0,0.0,0.0,0.0,1,324.0,854.0,2,410.0,411.0,411.0,411.0,2.0,8220.0,24
2023-05-09 21:06:58,ru2401P12500,ru2401P12500,411.0,0.0,0.0,0.0,1,324.0,854.0,2,410.0,411.0,411.0,411.0,2.0,8220.0,24
2023-05-09 21:06:59,ru2401P12500,ru2401P12500,411.0,0.0,0.0,0.0,1,324.0,853.0,1,410.0,411.0,411.0,411.0,2.0,8220.0,24
2023-05-09 21:06:59,ru2401P12500,ru2401P12500,411.0,0.0,0.0,0.0,1,324.0,852.0,2,410.0,411.0,411.0,411.0,2.0,8220.0,24
2023-05-09 21:07:00,ru2401P12500,ru2401P12500,411.0,0.0,0.0,0.0,1,324.0,852.0,2,410.0,411.0,411.0,411.0,2.0,8220.0,24
2023-05-09 21:07:00,ru2401P12500,ru2401P12500,411.0,0.0,0.0,0.0,1,324.0,851.0,1,410.0,411.0,411.0,411.0,2.0,8220.0,24
2023-05-09 21:07:01,ru2401P12500,ru2401P12500,411.0,0.0,0.0,0.0,1,324.0,850.0,2,410.0,411.0,411.0,411.0,2.0,8220.0,24
2023-05-09 21:07:01,ru2401P12500,ru2401P12500,411.0,0.0,0.0,0.0,1,324.0,850.0,2,410.0,411.0,411.0,411.0,2.0,8220.0,24
2023-05-09 21:07:02,ru2401P12500,ru2401P12500,411.0,0.0,0.0,0.0,1,324.0,849.0,1,410.0,411.0,411.0,411.0,2.0,8220.0,24
2023-05-09 21:07:02,ru2401P12500,ru2401P12500,411.0,0.0,0.0,0.0,3,324.0,848.0,2,410.0,411.0,411.0,411.0,2.0,8220.0,24
2023-05-09 21:07:03,ru2401P12500,ru2401P12500,411.0,0.0,0.0,0.0,3,324.0,848.0,2,410.0,411.0,411.0,411.0,2.0,8220.0,24
2023-05-09 21:07:03,ru2401P12500,ru2401P12500,411.0,0.0,0.0,0.0,3,324.0,847.0,1,410.0,411.0,411.0,411.0,2.0,8220.0,24
2023-05-09 21:07:04,ru2401P12500,ru2401P12500,411.0,0.0,0.0,0.0,1,324.0,846.0,2,410.0,411.0,411.0,411.0,2.0,8220.0,24
2023-05-09 21:07:04,ru2401P12500,ru2401P12500,411.0,0.0,0.0,0.0,1,324.0,846.0,2,410.0,411.0,411.0,411.0,2.0,8220.0,24
2023-05-09 21:07:05,ru2401P12500,ru2401P12500,411.0,0.0,0.0,0.0,1,324.0,845.0,1,410.0,411.0,411.0,411.0,2.0,8220.0,24
2023-05-09 21:07:05,ru2401P12500,ru2401P12500,411.0,0.0,0.0,0.0,1,324.0,844.0,2,410.0,411.0,411.0,411.0,2.0,8220.0,24
2023-05-09 21:07:06,ru2401P12500,ru2401P12500,411.0,0.0,0.0,0.0,1,324.0,844.0,2,410.0,411.0,411.0,411.0,2.0,8220.0,24
2023-05-09 21:07:06,ru2401P12500,ru2401P12500,411.0,0.0,0.0,0.0,1,324.0,843.0,1,410.0,411.0,411.0,411.0,2.0,8220.0,24
2023-05-09 21:07:07,ru2401P12500,ru2401P12500,411.0,0.0,0.0,0.0,1,324.0,842.0,2,410.0,411.0,411.0,411.0,2.0,8220.0,24
2023-05-09 21:07:07,ru2401P12500,ru2401P12500,411.0,0.0,0.0,0.0,1,324.0,842.0,2,410.0,411.0,411.0,411.0,2.0,8220.0,24
2023-05-09 21:07:08,ru2401P12500,ru2401P12500,411.0,0.0,0.0,0.0,1,324.0,841.0,1,410.0,411.0,411.0,411.0,2.0,8220.0,24
2023-05-09 21:07:08,ru2401P12500,ru2401P12500,411.0,0.0,0.0,0.0,1,324.0,840.0,2,410.0,411.0,411.0,411.0,2.0,8220.0,24
2023-05-09 21:07:09,ru2401P12500,ru2401P12500,411.0,0.0,0.0,0.0,1,324.0,840.0,2,410.0,411.0,411.0,411.0,2.0,8220.0,24
2023-05-09 21:07:09,ru2401P12500,ru2401P12500,411.0,0.0,0.0,0.0,1,324.0,839.0,1,410.0,411.0,411.0,411.0,2.0,8220.0,24
2023-05-09 21:07:10,ru2401P12500,ru2401P12500,411.0,0.0,0.0,0.0,1,324.0,838.0,2,410.0,411.0,411.0,411.0,2.0,8220.0,24
2023-05-09 21:07:10,ru2401P12500,ru2401P12500,411.0,0.0,0.0,0.0,1,324.0,838.0,2,410.0,411.0,411.0,411.0,2.0,8220.0,24
2023-05-09 21:07:11,ru2401P12500,ru2401P12500,411.0,0.0,0.0,0.0,1,324.0,837.0,1,410.0,411.0,411.0,411.0,2.0,8220.0,24
2023-05-09 21:07:11,ru2401P12500,ru2401P12500,411.0,0.0,0.0,0.0,1,324.0,836.0,2,410.0,411.0,411.0,411.0,2.0,8220.0,24
2023-05-09 21:07:12,ru2401P12500,ru2401P12500,411.0,0.0,0.0,0.0,1,324.0,836.0,2,410.0,411.0,411.0,411.0,2.0,8220.0,24
2023-05-09 21:07:12,ru2401P12500,ru2401P12500,411.0,0.0,0.0,0.0,1,324.0,835.0,1,410.0,411.0,411.0,411.0,2.0,8220.0,24
2023-05-09 21:07:13,ru2401P12500,ru2401P12500,411.0,0.0,0.0,0.0,1,324.0,834.0,2,410.0,411.0,411.0,411.0,2.0,8220.0,24
2023-05-09 21:07:13,ru2401P12500,ru2401P12500,411.0,0.0,0.0,0.0,1,324.0,834.0,2,410.0,411.0,411.0,411.0,2.0,8220.0,24
2023-05-09 21:07:14,ru2401P12500,ru2401P12500,411.0,0.0,0.0,0.0,1,324.0,833.0,1,410.0,411.0,411.0,411.0,2.0,8220.0,24
2023-05-09 21:07:14,ru2401P12500,ru2401P12500,411.0,0.0,0.0,0.0,1,324.0,832.0,2,410.0,411.0,411.0,411.0,2.0,8220.0,24
2023-05-09 21:07:15,ru2401P12500,ru2401P12500,411.0,0.0,0.0,0.0,1,324.0,832.0,2,410.0,411.0,411.0,411.0,2.0,8220.0,24
2023-05-09 21:07:15,ru2401P12500,ru2401P12500,411.0,0.0,0.0,0.0,1,324.0,831.0,1,410.0,411.0,411.0,411.0,2.0,8220.0,24
2023-05-09 21:07:16,ru2401P12500,ru2401P12500,411.0,0.0,0.0,0.0,1,324.0,830.0,2,410.0,411.0,411.0,411.0,2.0,8220.0,24
2023-05-09 21:07:16,ru2401P12500,ru2401P12500,411.0,0.0,0.0,0.0,1,324.0,830.0,2,410.0,411.0,411.0,411.0,2.0,8220.0,24
2023-05-09 21:07:17,ru2401P12500,ru2401P12500,411.0,0.0,0.0,0.0,1,324.0,829.0,1,410.0,411.0,411.0,411.0,2.0,8220.0,24
2023-05-09 21:07:17,ru2401P12500,ru2401P12500,411.0,0.0,0.0,0.0,1,324.0,828.0,2,410.0,411.0,411.0,411.0,2.0,8220.0,24
2023-05-09 21:07:18,ru2401P12500,ru2401P12500,411.0,0.0,0.0,0.0,1,324.0,828.0,2,410.0,411.0,411.0,411.0,2.0,8220.0,24
2023-05-09 21:07:18,ru2401P12500,ru2401P12500,411.0,0.0,0.0,0.0,1,324.0,827.0,1,410.0,411.0,411.0,411.0,2.0,8220.0,24
2023-05-09 21:07:19,ru2401P12500,ru2401P12500,411.0,0.0,0.0,0.0,1,324.0,826.0,2,410.0,411.0,411.0,411.0,2.0,8220.0,24
2023-05-09 21:07:19,ru2401P12500,ru2401P12500,411.0,0.0,0.0,0.0,1,324.0,826.0,2,410.0,411.0,411.0,411.0,2.0,8220.0,24
2023-05-09 21:07:20,ru2401P12500,ru2401P12500,411.0,0.0,0.0,0.0,1,324.0,825.0,1,410.0,411.0,411.0,411.0,2.0,8220.0,24
2023-05-09 21:07:20,ru2401P12500,ru2401P12500,411.0,0.0,0.0,0.0,1,324.0,824.0,2,410.0,411.0,411.0,411.0,2.0,8220.0,24
2023-05-09 21:07:21,ru2401P12500,ru2401P12500,411.0,0.0,0.0,0.0,1,324.0,824.0,2,410.0,411.0,411.0,411.0,2.0,8220.0,24
2023-05-09 21:07:21,ru2401P12500,ru2401P12500,411.0,0.0,0.0,0.0,1,324.0,823.0,1,410.0,411.0,411.0,411.0,2.0,8220.0,24
2023-05-09 21:07:22,ru2401P12500,ru2401P12500,411.0,0.0,0.0,0.0,1,324.0,822.0,2,410.0,411.0,411.0,411.0,2.0,8220.0,24
2023-05-09 21:07:22,ru2401P12500,ru2401P12500,411.0,0.0,0.0,0.0,1,324.0,822.0,2,410.0,411.0,411.0,411.0,2.0,8220.0,24
2023-05-09 21:07:23,ru2401P12500,ru2401P12500,411.0,0.0,0.0,0.0,1,324.0,821.0,1,410.0,411.0,411.0,411.0,2.0,8220.0,24
2023-05-09 21:07:23,ru2401P12500,ru2401P12500,411.0,0.0,0.0,0.0,1,324.0,820.0,2,410.0,411.0,411.0,411.0,2.0,8220.0,24
2023-05-09 21:07:24,ru2401P12500,ru2401P12500,411.0,0.0,0.0,0.0,1,324.0,820.0,2,410.0,411.0,411.0,411.0,2.0,8220.0,24
2023-05-09 21:07:24,ru2401P12500,ru2401P12500,411.0,0.0,0.0,0.0,1,324.0,819.0,1,410.0,411.0,411.0,411.0,2.0,8220.0,24
2023-05-09 21:07:25,ru2401P12500,ru2401P12500,411.0,0.0,0.0,0.0,1,324.0,818.0,2,410.0,411.0,411.0,411.0,2.0,8220.0,24
2023-05-09 21:07:25,ru2401P12500,ru2401P12500,411.0,0.0,0.0,0.0,1,324.0,818.0,2,410.0,411.0,411.0,411.0,2.0,8220.0,24
2023-05-09 21:07:26,ru2401P12500,ru2401P12500,411.0,0.0,0.0,0.0,1,324.0,817.0,1,410.0,411.0,411.0,411.0,2.0,8220.0,24
2023-05-09 21:07:26,ru2401P12500,ru2401P12500,411.0,0.0,0.0,0.0,1,324.0,816.0,2,410.0,411.0,411.0,411.0,2.0,8220.0,24
2023-05-09 21:07:27,ru2401P12500,ru2401P12500,411.0,0.0,0.0,0.0,1,324.0,816.0,2,410.0,411.0,411.0,411.0,2.0,8220.0,24
2023-05-09 21:07:27,ru2401P12500,ru2401P12500,411.0,0.0,0.0,0.0,1,324.0,815.0,1,410.0,411.0,411.0,411.0,2.0,8220.0,24
2023-05-09 21:07:28,ru2401P12500,ru2401P12500,411.0,0.0,0.0,0.0,1,324.0,814.0,2,410.0,411.0,411.0,411.0,2.0,8220.0,24
2023-05-09 21:07:28,ru2401P12500,ru2401P12500,411.0,0.0,0.0,0.0,1,324.0,814.0,2,410.0,411.0,411.0,411.0,2.0,8220.0,24
2023-05-09 21:07:29,ru2401P12500,ru2401P12500,411.0,0.0,0.0,0.0,1,324.0,813.0,1,410.0,411.0,411.0,411.0,2.0,8220.0,24
2023-05-09 21:07:29,ru2401P12500,ru2401P12500,411.0,0.0,0.0,0.0,1,324.0,812.0,2,410.0,411.0,411.0,411.0,2.0,8220.0,24
2023-05-09 21:07:30,ru2401P12500,ru2401P12500,411.0,0.0,0.0,0.0,1,324.0,812.0,2,410.0,411.0,411.0,411.0,2.0,8220.0,24
2023-05-09 21:07:30,ru2401P12500,ru2401P12500,411.0,0.0,0.0,0.0,1,324.0,811.0,1,410.0,411.0,411.0,411.0,2.0,8220.0,24
2023-05-09 21:07:31,ru2401P12500,ru2401P12500,411.0,0.0,0.0,0.0,3,324.0,810.0,2,410.0,411.0,411.0,411.0,2.0,8220.0,24
2023-05-09 21:07:31,ru2401P12500,ru2401P12500,411.0,0.0,0.0,0.0,3,324.0,810.0,2,410.0,411.0,411.0,411.0,2.0,8220.0,24
2023-05-09 21:07:32,ru2401P12500,ru2401P12500,411.0,0.0,0.0,0.0,3,324.0,809.0,1,410.0,411.0,411.0,411.0,2.0,8220.0,24
2023-05-09 21:07:32,ru2401P12500,ru2401P12500,411.0,0.0,0.0,0.0,1,324.0,808.0,2,410.0,411.0,411.0,411.0,2.0,8220.0,24
2023-05-09 21:07:33,ru2401P12500,ru2401P12500,411.0,0.0,0.0,0.0,1,324.0,808.0,2,410.0,411.0,411.0,411.0,2.0,8220.0,24
2023-05-09 21:07:33,ru2401P12500,ru2401P12500,411.0,0.0,0.0,0.0,1,324.0,807.0,1,410.0,411.0,411.0,411.0,2.0,8220.0,24
2023-05-09 21:07:34,ru2401P12500,ru2401P12500,411.0,0.0,0.0,0.0,1,324.0,806.0,2,410.0,411.0,411.0,411.0,2.0,8220.0,24
2023-05-09 21:07:34,ru2401P12500,ru2401P12500,411.0,0.0,0.0,0.0,1,324.0,806.0,2,410.0,411.0,411.0,411.0,2.0,8220.0,24
2023-05-09 21:07:35,ru2401P12500,ru2401P12500,411.0,0.0,0.0,0.0,1,324.0,805.0,1,410.0,411.0,411.0,411.0,2.0,8220.0,24
2023-05-09 21:07:35,ru2401P12500,ru2401P12500,411.0,0.0,0.0,0.0,1,324.0,804.0,2,410.0,411.0,411.0,411.0,2.0,8220.0,24
2023-05-09 21:07:36,ru2401P12500,ru2401P12500,411.0,0.0,0.0,0.0,1,324.0,804.0,2,410.0,411.0,411.0,411.0,2.0,8220.0,24
2023-05-09 21:07:36,ru2401P12500,ru2401P12500,411.0,0.0,0.0,0.0,1,324.0,803.0,1,410.0,411.0,411.0,411.0,2.0,8220.0,24
2023-05-09 21:07:37,ru2401P12500,ru2401P12500,411.0,0.0,0.0,0.0,1,324.0,802.0,2,410.0,411.0,411.0,411.0,2.0,8220.0,24
2023-05-09 21:07:37,ru2401P12500,ru2401P12500,411.0,0.0,0.0,0.0,1,324.0,802.0,2,410.0,411.0,411.0,411.0,2.0,8220.0,24
2023-05-09 21:07:38,ru2401P12500,ru2401P12500,411.0,0.0,0.0,0.0,1,324.0,801.0,1,410.0,411.0,411.0,411.0,2.0,8220.0,24
2023-05-09 21:07:38,ru2401P12500,ru2401P12500,411.0,0.0,0.0,0.0,1,324.0,800.0,2,410.0,411.0,411.0,411.0,2.0,8220.0,24
2023-05-09 21:07:39,ru2401P12500,ru2401P12500,411.0,0.0,0.0,0.0,1,324.0,800.0,2,410.0,411.0,411.0,411.0,2.0,8220.0,24
2023-05-09 21:07:39,ru2401P12500,ru2401P12500,411.0,0.0,0.0,0.0,1,324.0,799.0,1,410.0,411.0,411.0,411.0,2.0,8220.0,24
2023-05-09 21:07:40,ru2401P12500,ru2401P12500,411.0,0.0,0.0,0.0,1,324.0,798.0,2,410.0,411.0,411.0,411.0,2.0,8220.0,24
2023-05-09 21:07:40,ru2401P12500,ru2401P12500,411.0,0.0,0.0,0.0,1,324.0,798.0,2,410.0,411.0,411.0,411.0,2.0,8220.0,24
2023-05-09 21:07:41,ru2401P12500,ru2401P12500,411.0,0.0,0.0,0.0,1,324.0,797.0,1,410.0,411.0,411.0,411.0,2.0,8220.0,24
2023-05-09 21:07:41,ru2401P12500,ru2401P12500,411.0,0.0,0.0,0.0,1,324.0,796.0,2,410.0,411.0,411.0,411.0,2.0,8220.0,24
2023-05-09 21:07:42,ru2401P12500,ru2401P12500,411.0,0.0,0.0,0.0,1,324.0,796.0,2,410.0,411.0,411.0,411.0,2.0,8220.0,24
2023-05-09 21:07:42,ru2401P12500,ru2401P12500,411.0,0.0,0.0,0.0,1,324.0,795.0,1,410.0,411.0,411.0,411.0,2.0,8220.0,24
2023-05-09 21:07:43,ru2401P12500,ru2401P12500,411.0,0.0,0.0,0.0,1,324.0,794.0,2,410.0,411.0,411.0,411.0,2.0,8220.0,24
2023-05-09 21:07:43,ru2401P12500,ru2401P12500,411.0,0.0,0.0,0.0,1,324.0,794.0,2,410.0,411.0,411.0,411.0,2.0,8220.0,24
2023-05-09 21:07:44,ru2401P12500,ru2401P12500,411.0,0.0,0.0,0.0,1,324.0,793.0,1,410.0,411.0,411.0,411.0,2.0,8220.0,24
2023-05-09 21:07:44,ru2401P12500,ru2401P12500,411.0,0.0,0.0,0.0,1,324.0,792.0,2,410.0,411.0,411.0,411.0,2.0,8220.0,24
2023-05-09 21:07:45,ru2401P12500,ru2401P12500,411.0,0.0,0.0,0.0,1,324.0,792.0,2,410.0,411.0,411.0,411.0,2.0,8220.0,24
2023-05-09 21:07:45,ru2401P12500,ru2401P12500,411.0,0.0,0.0,0.0,1,324.0,791.0,1,410.0,411.0,411.0,411.0,2.0,8220.0,24
2023-05-09 21:07:46,ru2401P12500,ru2401P12500,411.0,0.0,0.0,0.0,1,324.0,790.0,2,410.0,411.0,411.0,411.0,2.0,8220.0,24
2023-05-09 21:07:46,ru2401P12500,ru2401P12500,411.0,0.0,0.0,0.0,1,324.0,790.0,2,410.0,411.0,411.0,411.0,2.0,8220.0,24
2023-05-09 21:07:47,ru2401P12500,ru2401P12500,411.0,0.0,0.0,0.0,1,324.0,789.0,1,410.0,411.0,411.0,411.0,2.0,8220.0,24
2023-05-09 21:07:47,ru2401P12500,ru2401P12500,411.0,0.0,0.0,0.0,1,324.0,788.0,2,410.0,411.0,411.0,411.0,2.0,8220.0,24
2023-05-09 21:07:48,ru2401P12500,ru2401P12500,411.0,0.0,0.0,0.0,1,324.0,788.0,2,410.0,411.0,411.0,411.0,2.0,8220.0,24
2023-05-09 21:07:48,ru2401P12500,ru2401P12500,411.0,0.0,0.0,0.0,1,324.0,787.0,1,410.0,411.0,411.0,411.0,2.0,8220.0,24
2023-05-09 21:07:49,ru2401P12500,ru2401P12500,411.0,0.0,0.0,0.0,1,324.0,786.0,2,410.0,411.0,411.0,411.0,2.0,8220.0,24
2023-05-09 21:07:49,ru2401P12500,ru2401P12500,411.0,0.0,0.0,0.0,1,324.0,786.0,2,410.0,411.0,411.0,411.0,2.0,8220.0,24
2023-05-09 21:07:50,ru2401P12500,ru2401P12500,411.0,0.0,0.0,0.0,1,324.0,785.0,1,410.0,411.0,411.0,411.0,2.0,8220.0,24
2023-05-09 21:07:50,ru2401P12500,ru2401P12500,411.0,0.0,0.0,0.0,1,324.0,784.0,2,410.0,411.0,411.0,411.0,2.0,8220.0,24
2023-05-09 21:07:51,ru2401P12500,ru2401P12500,411.0,0.0,0.0,0.0,1,324.0,784.0,2,410.0,411.0,411.0,411.0,2.0,8220.0,24
2023-05-09 21:07:51,ru2401P12500,ru2401P12500,411.0,0.0,0.0,0.0,1,324.0,783.0,1,410.0,411.0,411.0,411.0,2.0,8220.0,24
2023-05-09 21:07:52,ru2401P12500,ru2401P12500,411.0,0.0,0.0,0.0,1,324.0,782.0,2,410.0,411.0,411.0,411.0,2.0,8220.0,24
2023-05-09 21:07:52,ru2401P12500,ru2401P12500,411.0,0.0,0.0,0.0,1,324.0,782.0,2,410.0,411.0,411.0,411.0,2.0,8220.0,24
2023-05-09 21:07:53,ru2401P12500,ru2401P12500,411.0,0.0,0.0,0.0,1,324.0,781.0,1,410.0,411.0,411.0,411.0,2.0,8220.0,24
2023-05-09 21:07:53,ru2401P12500,ru2401P12500,411.0,0.0,0.0,0.0,1,324.0,780.0,2,410.0,411.0,411.0,411.0,2.0,8220.0,24
2023-05-09 21:07:54,ru2401P12500,ru2401P12500,411.0,0.0,0.0,0.0,1,324.0,780.0,2,410.0,411.0,411.0,411.0,2.0,8220.0,24
2023-05-09 21:07:54,ru2401P12500,ru2401P12500,411.0,0.0,0.0,0.0,1,324.0,779.0,1,410.0,411.0,411.0,411.0,2.0,8220.0,24
2023-05-09 21:07:55,ru2401P12500,ru2401P12500,411.0,0.0,0.0,0.0,1,324.0,778.0,2,410.0,411.0,411.0,411.0,2.0,8220.0,24
2023-05-09 21:07:55,ru2401P12500,ru2401P12500,411.0,0.0,0.0,0.0,1,324.0,778.0,2,410.0,411.0,411.0,411.0,2.0,8220.0,24
2023-05-09 21:07:56,ru2401P12500,ru2401P12500,411.0,0.0,0.0,0.0,1,324.0,777.0,1,410.0,411.0,411.0,411.0,2.0,8220.0,24
2023-05-09 21:07:56,ru2401P12500,ru2401P12500,411.0,0.0,0.0,0.0,1,324.0,776.0,2,410.0,411.0,411.0,411.0,2.0,8220.0,24
2023-05-09 21:07:57,ru2401P12500,ru2401P12500,411.0,0.0,0.0,0.0,1,324.0,776.0,2,410.0,411.0,411.0,411.0,2.0,8220.0,24
2023-05-09 21:07:57,ru2401P12500,ru2401P12500,411.0,0.0,0.0,0.0,1,324.0,775.0,1,410.0,411.0,411.0,411.0,2.0,8220.0,24
2023-05-09 21:07:58,ru2401P12500,ru2401P12500,411.0,0.0,0.0,0.0,1,324.0,774.0,2,410.0,411.0,411.0,411.0,2.0,8220.0,24
2023-05-09 21:07:58,ru2401P12500,ru2401P12500,411.0,0.0,0.0,0.0,1,324.0,774.0,2,410.0,411.0,411.0,411.0,2.0,8220.0,24
2023-05-09 21:07:59,ru2401P12500,ru2401P12500,411.0,0.0,0.0,0.0,1,324.0,773.0,1,410.0,411.0,411.0,411.0,2.0,8220.0,24
2023-05-09 21:07:59,ru2401P12500,ru2401P12500,411.0,0.0,0.0,0.0,1,324.0,772.0,2,410.0,411.0,411.0,411.0,2.0,8220.0,24
2023-05-09 21:08:00,ru2401P12500,ru2401P12500,411.0,0.0,0.0,0.0,1,324.0,772.0,2,410.0,411.0,411.0,411.0,2.0,8220.0,24
2023-05-09 21:08:00,ru2401P12500,ru2401P12500,411.0,0.0,0.0,0.0,1,324.0,771.0,1,410.0,411.0,411.0,411.0,2.0,8220.0,24
2023-05-09 21:08:01,ru2401P12500,ru2401P12500,411.0,0.0,0.0,0.0,1,324.0,770.0,2,410.0,411.0,411.0,411.0,2.0,8220.0,24
2023-05-09 21:08:01,ru2401P12500,ru2401P12500,411.0,0.0,0.0,0.0,1,324.0,770.0,2,410.0,411.0,411.0,411.0,2.0,8220.0,24
2023-05-09 21:08:02,ru2401P12500,ru2401P12500,411.0,0.0,0.0,0.0,1,324.0,769.0,1,410.0,411.0,411.0,411.0,2.0,8220.0,24
2023-05-09 21:08:02,ru2401P12500,ru2401P12500,411.0,0.0,0.0,0.0,1,324.0,768.0,2,410.0,411.0,411.0,411.0,2.0,8220.0,24
2023-05-09 21:08:03,ru2401P12500,ru2401P12500,411.0,0.0,0.0,0.0,1,324.0,768.0,2,410.0,411.0,411.0,411.0,2.0,8220.0,24
2023-05-09 21:08:03,ru2401P12500,ru2401P12500,411.0,0.0,0.0,0.0,1,324.0,767.0,1,410.0,411.0,411.0,411.0,2.0,8220.0,24
2023-05-09 21:08:04,ru2401P12500,ru2401P12500,411.0,0.0,0.0,0.0,1,324.0,766.0,2,410.0,411.0,411.0,411.0,2.0,8220.0,24
2023-05-09 21:08:04,ru2401P12500,ru2401P12500,411.0,0.0,0.0,0.0,1,324.0,766.0,2,410.0,411.0,411.0,411.0,2.0,8220.0,24
2023-05-09 21:08:05,ru2401P12500,ru2401P12500,411.0,0.0,0.0,0.0,1,324.0,765.0,1,410.0,411.0,411.0,411.0,2.0,8220.0,24
2023-05-09 21:08:05,ru2401P12500,ru2401P12500,411.0,0.0,0.0,0.0,1,324.0,764.0,2,410.0,411.0,411.0,411.0,2.0,8220.0,24
2023-05-09 21:08:06,ru2401P12500,ru2401P12500,411.0,0.0,0.0,0.0,1,324.0,764.0,2,410.0,411.0,411.0,411.0,2.0,8220.0,24
2023-05-09 21:08:06,ru2401P12500,ru2401P12500,411.0,0.0,0.0,0.0,1,324.0,763.0,1,410.0,411.0,411.0,411.0,2.0,8220.0,24
2023-05-09 21:08:07,ru2401P12500,ru2401P12500,411.0,0.0,0.0,0.0,1,324.0,762.0,2,410.0,411.0,411.0,411.0,2.0,8220.0,24
2023-05-09 21:08:07,ru2401P12500,ru2401P12500,411.0,0.0,0.0,0.0,1,324.0,762.0,2,410.0,411.0,411.0,411.0,2.0,8220.0,24
2023-05-09 21:08:08,ru2401P12500,ru2401P12500,411.0,0.0,0.0,0.0,1,324.0,761.0,1,410.0,411.0,411.0,411.0,2.0,8220.0,24
2023-05-09 21:08:08,ru2401P12500,ru2401P12500,411.0,0.0,0.0,0.0,1,324.0,760.0,2,410.0,411.0,411.0,411.0,2.0,8220.0,24
2023-05-09 21:08:09,ru2401P12500,ru2401P12500,411.0,0.0,0.0,0.0,1,324.0,760.0,2,410.0,411.0,411.0,411.0,2.0,8220.0,24
2023-05-09 21:08:09,ru2401P12500,ru2401P12500,411.0,0.0,0.0,0.0,1,324.0,759.0,1,410.0,411.0,411.0,411.0,2.0,8220.0,24
2023-05-09 21:08:10,ru2401P12500,ru2401P12500,411.0,0.0,0.0,0.0,1,324.0,758.0,2,410.0,411.0,411.0,411.0,2.0,8220.0,24
2023-05-09 21:08:10,ru2401P12500,ru2401P12500,411.0,0.0,0.0,0.0,1,324.0,758.0,2,410.0,411.0,411.0,411.0,2.0,8220.0,24
2023-05-09 21:08:11,ru2401P12500,ru2401P12500,411.0,0.0,0.0,0.0,1,324.0,757.0,1,410.0,411.0,411.0,411.0,2.0,8220.0,24
2023-05-09 21:08:11,ru2401P12500,ru2401P12500,411.0,0.0,0.0,0.0,1,324.0,756.0,2,410.0,411.0,411.0,411.0,2.0,8220.0,24
2023-05-09 21:08:12,ru2401P12500,ru2401P12500,411.0,0.0,0.0,0.0,1,324.0,756.0,2,410.0,411.0,411.0,411.0,2.0,8220.0,24
2023-05-09 21:08:12,ru2401P12500,ru2401P12500,411.0,0.0,0.0,0.0,1,324.0,755.0,1,410.0,411.0,411.0,411.0,2.0,8220.0,24
2023-05-09 21:08:13,ru2401P12500,ru2401P12500,411.0,0.0,0.0,0.0,1,324.0,754.0,2,410.0,411.0,411.0,411.0,2.0,8220.0,24
2023-05-09 21:08:13,ru2401P12500,ru2401P12500,411.0,0.0,0.0,0.0,1,324.0,754.0,2,410.0,411.0,411.0,411.0,2.0,8220.0,24
2023-05-09 21:08:14,ru2401P12500,ru2401P12500,411.0,0.0,0.0,0.0,1,324.0,753.0,1,410.0,411.0,411.0,411.0,2.0,8220.0,24
2023-05-09 21:08:14,ru2401P12500,ru2401P12500,411.0,0.0,0.0,0.0,3,324.0,752.0,2,410.0,411.0,411.0,411.0,2.0,8220.0,24
2023-05-09 21:08:15,ru2401P12500,ru2401P12500,411.0,0.0,0.0,0.0,3,324.0,752.0,2,410.0,411.0,411.0,411.0,2.0,8220.0,24
2023-05-09 21:08:15,ru2401P12500,ru2401P12500,411.0,0.0,0.0,0.0,3,324.0,751.0,1,410.0,411.0,411.0,411.0,2.0,8220.0,24
2023-05-09 21:08:16,ru2401P12500,ru2401P12500,411.0,0.0,0.0,0.0,1,324.0,750.0,2,410.0,411.0,411.0,411.0,2.0,8220.0,24
2023-05-09 21:08:16,ru2401P12500,ru2401P12500,411.0,0.0,0.0,0.0,1,324.0,750.0,2,410.0,411.0,411.0,411.0,2.0,8220.0,24
2023-05-09 21:08:17,ru2401P12500,ru2401P12500,411.0,0.0,0.0,0.0,1,324.0,749.0,1,410.0,411.0,411.0,411.0,2.0,8220.0,24
2023-05-09 21:08:17,ru2401P12500,ru2401P12500,411.0,0.0,0.0,0.0,1,324.0,748.0,2,410.0,411.0,411.0,411.0,2.0,8220.0,24
2023-05-09 21:08:18,ru2401P12500,ru2401P12500,411.0,0.0,0.0,0.0,1,324.0,748.0,2,410.0,411.0,411.0,411.0,2.0,8220.0,24
2023-05-09 21:08:18,ru2401P12500,ru2401P12500,411.0,0.0,0.0,0.0,1,324.0,747.0,1,410.0,411.0,411.0,411.0,2.0,8220.0,24
2023-05-09 21:08:19,ru2401P12500,ru2401P12500,411.0,0.0,0.0,0.0,1,324.0,746.0,2,410.0,411.0,411.0,411.0,2.0,8220.0,24
2023-05-09 21:08:19,ru2401P12500,ru2401P12500,411.0,0.0,0.0,0.0,1,324.0,746.0,2,410.0,411.0,411.0,411.0,2.0,8220.0,24
2023-05-09 21:08:20,ru2401P12500,ru2401P12500,411.0,0.0,0.0,0.0,1,324.0,745.0,1,410.0,411.0,411.0,411.0,2.0,8220.0,24
2023-05-09 21:08:20,ru2401P12500,ru2401P12500,411.0,0.0,0.0,0.0,1,324.0,744.0,2,410.0,411.0,411.0,411.0,2.0,8220.0,24
2023-05-09 21:08:21,ru2401P12500,ru2401P12500,411.0,0.0,0.0,0.0,1,324.0,744.0,2,410.0,411.0,411.0,411.0,2.0,8220.0,24
2023-05-09 21:08:21,ru2401P12500,ru2401P12500,411.0,0.0,0.0,0.0,1,324.0,743.0,1,410.0,411.0,411.0,411.0,2.0,8220.0,24
2023-05-09 21:08:22,ru2401P12500,ru2401P12500,411.0,0.0,0.0,0.0,1,324.0,742.0,2,410.0,411.0,411.0,411.0,2.0,8220.0,24
2023-05-09 21:08:22,ru2401P12500,ru2401P12500,411.0,0.0,0.0,0.0,1,324.0,742.0,2,410.0,411.0,411.0,411.0,2.0,8220.0,24
2023-05-09 21:08:23,ru2401P12500,ru2401P12500,411.0,0.0,0.0,0.0,1,324.0,741.0,1,410.0,411.0,411.0,411.0,2.0,8220.0,24
2023-05-09 21:08:23,ru2401P12500,ru2401P12500,411.0,0.0,0.0,0.0,1,324.0,740.0,2,410.0,411.0,411.0,411.0,2.0,8220.0,24
2023-05-09 21:08:24,ru2401P12500,ru2401P12500,411.0,0.0,0.0,0.0,1,324.0,740.0,2,410.0,411.0,411.0,411.0,2.0,8220.0,24
2023-05-09 21:08:24,ru2401P12500,ru2401P12500,411.0,0.0,0.0,0.0,1,324.0,739.0,1,410.0,411.0,411.0,411.0,2.0,8220.0,24
2023-05-09 21:08:25,ru2401P12500,ru2401P12500,411.0,0.0,0.0,0.0,1,324.0,738.0,2,410.0,411.0,411.0,411.0,2.0,8220.0,24
2023-05-09 21:08:25,ru2401P12500,ru2401P12500,411.0,0.0,0.0,0.0,1,324.0,738.0,2,410.0,411.0,411.0,411.0,2.0,8220.0,24
2023-05-09 21:08:26,ru2401P12500,ru2401P12500,411.0,0.0,0.0,0.0,1,324.0,737.0,1,410.0,411.0,411.0,411.0,2.0,8220.0,24
2023-05-09 21:08:26,ru2401P12500,ru2401P12500,411.0,0.0,0.0,0.0,3,324.0,736.0,2,410.0,411.0,411.0,411.0,2.0,8220.0,24
2023-05-09 21:08:27,ru2401P12500,ru2401P12500,411.0,0.0,0.0,0.0,3,324.0,736.0,2,410.0,411.0,411.0,411.0,2.0,8220.0,24
2023-05-09 21:08:27,ru2401P12500,ru2401P12500,411.0,0.0,0.0,0.0,3,324.0,735.0,1,410.0,411.0,411.0,411.0,2.0,8220.0,24
2023-05-09 21:08:28,ru2401P12500,ru2401P12500,411.0,0.0,0.0,0.0,1,324.0,734.0,2,410.0,411.0,411.0,411.0,2.0,8220.0,24
2023-05-09 21:08:28,ru2401P12500,ru2401P12500,411.0,0.0,0.0,0.0,1,324.0,734.0,2,410.0,411.0,411.0,411.0,2.0,8220.0,24
2023-05-09 21:08:29,ru2401P12500,ru2401P12500,411.0,0.0,0.0,0.0,1,324.0,733.0,1,410.0,411.0,411.0,411.0,2.0,8220.0,24
2023-05-09 21:08:29,ru2401P12500,ru2401P12500,411.0,0.0,0.0,0.0,1,324.0,732.0,2,410.0,411.0,411.0,411.0,2.0,8220.0,24
2023-05-09 21:08:30,ru2401P12500,ru2401P12500,411.0,0.0,0.0,0.0,1,324.0,732.0,2,410.0,411.0,411.0,411.0,2.0,8220.0,24
2023-05-09 21:08:30,ru2401P12500,ru2401P12500,411.0,0.0,0.0,0.0,1,324.0,731.0,1,410.0,411.0,411.0,411.0,2.0,8220.0,24
2023-05-09 21:08:31,ru2401P12500,ru2401P12500,411.0,0.0,0.0,0.0,1,324.0,730.0,2,410.0,411.0,411.0,411.0,2.0,8220.0,24
2023-05-09 21:08:31,ru2401P12500,ru2401P12500,411.0,0.0,0.0,0.0,1,324.0,730.0,2,410.0,411.0,411.0,411.0,2.0,8220.0,24
2023-05-09 21:08:32,ru2401P12500,ru2401P12500,411.0,0.0,0.0,0.0,1,324.0,729.0,1,410.0,411.0,411.0,411.0,2.0,8220.0,24
2023-05-09 21:08:32,ru2401P12500,ru2401P12500,411.0,0.0,0.0,0.0,1,324.0,728.0,2,410.0,411.0,411.0,411.0,2.0,8220.0,24
2023-05-09 21:08:33,ru2401P12500,ru2401P12500,411.0,0.0,0.0,0.0,1,324.0,728.0,2,410.0,411.0,411.0,411.0,2.0,8220.0,24
2023-05-09 21:08:33,ru2401P12500,ru2401P12500,411.0,0.0,0.0,0.0,1,324.0,727.0,1,410.0,411.0,411.0,411.0,2.0,8220.0,24
2023-05-09 21:08:34,ru2401P12500,ru2401P12500,411.0,0.0,0.0,0.0,1,324.0,726.0,2,410.0,411.0,411.0,411.0,2.0,8220.0,24
2023-05-09 21:08:34,ru2401P12500,ru2401P12500,411.0,0.0,0.0,0.0,1,324.0,726.0,2,410.0,411.0,411.0,411.0,2.0,8220.0,24
2023-05-09 21:08:35,ru2401P12500,ru2401P12500,411.0,0.0,0.0,0.0,1,324.0,725.0,1,410.0,411.0,411.0,411.0,2.0,8220.0,24
2023-05-09 21:08:35,ru2401P12500,ru2401P12500,411.0,0.0,0.0,0.0,1,324.0,724.0,2,410.0,411.0,411.0,411.0,2.0,8220.0,24
2023-05-09 21:08:36,ru2401P12500,ru2401P12500,411.0,0.0,0.0,0.0,1,324.0,724.0,2,410.0,411.0,411.0,411.0,2.0,8220.0,24
2023-05-09 21:08:36,ru2401P12500,ru2401P12500,411.0,0.0,0.0,0.0,1,324.0,723.0,1,410.0,411.0,411.0,411.0,2.0,8220.0,24
2023-05-09 21:08:37,ru2401P12500,ru2401P12500,411.0,0.0,0.0,0.0,3,324.0,722.0,2,410.0,411.0,411.0,411.0,2.0,8220.0,24
2023-05-09 21:08:37,ru2401P12500,ru2401P12500,411.0,0.0,0.0,0.0,3,324.0,722.0,2,410.0,411.0,411.0,411.0,2.0,8220.0,24
2023-05-09 21:08:38,ru2401P12500,ru2401P12500,411.0,0.0,0.0,0.0,3,324.0,721.0,1,410.0,411.0,411.0,411.0,2.0,8220.0,24
2023-05-09 21:08:38,ru2401P12500,ru2401P12500,411.0,0.0,0.0,0.0,3,324.0,720.0,2,410.0,411.0,411.0,411.0,2.0,8220.0,24
2023-05-09 21:08:39,ru2401P12500,ru2401P12500,411.0,0.0,0.0,0.0,3,324.0,720.0,2,410.0,411.0,411.0,411.0,2.0,8220.0,24
2023-05-09 21:08:39,ru2401P12500,ru2401P12500,411.0,0.0,0.0,0.0,3,324.0,719.0,1,410.0,411.0,411.0,411.0,2.0,8220.0,24
2023-05-09 21:08:40,ru2401P12500,ru2401P12500,411.0,0.0,0.0,0.0,3,324.0,718.0,2,410.0,411.0,411.0,411.0,2.0,8220.0,24
2023-05-09 21:08:40,ru2401P12500,ru2401P12500,411.0,0.0,0.0,0.0,3,324.0,718.0,2,410.0,411.0,411.0,411.0,2.0,8220.0,24
2023-05-09 21:08:41,ru2401P12500,ru2401P12500,411.0,0.0,0.0,0.0,3,324.0,717.0,1,410.0,411.0,411.0,411.0,2.0,8220.0,24
2023-05-09 21:08:41,ru2401P12500,ru2401P12500,411.0,0.0,0.0,0.0,3,324.0,716.0,2,410.0,411.0,411.0,411.0,2.0,8220.0,24
2023-05-09 21:08:42,ru2401P12500,ru2401P12500,411.0,0.0,0.0,0.0,3,324.0,716.0,2,410.0,411.0,411.0,411.0,2.0,8220.0,24
2023-05-09 21:08:42,ru2401P12500,ru2401P12500,411.0,0.0,0.0,0.0,3,324.0,715.0,1,410.0,411.0,411.0,411.0,2.0,8220.0,24
2023-05-09 21:08:43,ru2401P12500,ru2401P12500,411.0,0.0,0.0,0.0,3,324.0,714.0,2,410.0,411.0,411.0,411.0,2.0,8220.0,24
2023-05-09 21:08:43,ru2401P12500,ru2401P12500,411.0,0.0,0.0,0.0,3,324.0,714.0,2,410.0,411.0,411.0,411.0,2.0,8220.0,24
2023-05-09 21:08:44,ru2401P12500,ru2401P12500,411.0,0.0,0.0,0.0,3,324.0,713.0,1,410.0,411.0,411.0,411.0,2.0,8220.0,24
2023-05-09 21:08:44,ru2401P12500,ru2401P12500,411.0,0.0,0.0,0.0,3,324.0,712.0,2,410.0,411.0,411.0,411.0,2.0,8220.0,24
2023-05-09 21:08:45,ru2401P12500,ru2401P12500,411.0,0.0,0.0,0.0,3,324.0,712.0,2,410.0,411.0,411.0,411.0,2.0,8220.0,24
2023-05-09 21:08:45,ru2401P12500,ru2401P12500,411.0,0.0,0.0,0.0,3,324.0,711.0,1,410.0,411.0,411.0,411.0,2.0,8220.0,24
2023-05-09 21:08:46,ru2401P12500,ru2401P12500,411.0,0.0,0.0,0.0,3,324.0,710.0,2,410.0,411.0,411.0,411.0,2.0,8220.0,24
2023-05-09 21:08:46,ru2401P12500,ru2401P12500,411.0,0.0,0.0,0.0,3,324.0,710.0,2,410.0,411.0,411.0,411.0,2.0,8220.0,24
2023-05-09 21:08:47,ru2401P12500,ru2401P12500,411.0,0.0,0.0,0.0,3,324.0,709.0,1,410.0,411.0,411.0,411.0,2.0,8220.0,24
2023-05-09 21:08:47,ru2401P12500,ru2401P12500,411.0,0.0,0.0,0.0,3,324.0,708.0,2,410.0,411.0,411.0,411.0,2.0,8220.0,24
2023-05-09 21:08:48,ru2401P12500,ru2401P12500,411.0,0.0,0.0,0.0,3,324.0,708.0,2,410.0,411.0,411.0,411.0,2.0,8220.0,24
2023-05-09 21:08:48,ru2401P12500,ru2401P12500,411.0,0.0,0.0,0.0,3,324.0,707.0,1,410.0,411.0,411.0,411.0,2.0,8220.0,24
2023-05-09 21:08:49,ru2401P12500,ru2401P12500,411.0,0.0,0.0,0.0,3,324.0,706.0,2,410.0,411.0,411.0,411.0,2.0,8220.0,24
2023-05-09 21:08:49,ru2401P12500,ru2401P12500,411.0,0.0,0.0,0.0,3,324.0,706.0,2,410.0,411.0,411.0,411.0,2.0,8220.0,24
2023-05-09 21:08:50,ru2401P12500,ru2401P12500,411.0,0.0,0.0,0.0,3,324.0,705.0,1,410.0,411.0,411.0,411.0,2.0,8220.0,24
2023-05-09 21:08:50,ru2401P12500,ru2401P12500,411.0,0.0,0.0,0.0,3,324.0,704.0,2,410.0,411.0,411.0,411.0,2.0,8220.0,24
2023-05-09 21:08:51,ru2401P12500,ru2401P12500,411.0,0.0,0.0,0.0,3,324.0,704.0,2,410.0,411.0,411.0,411.0,2.0,8220.0,24
2023-05-09 21:08:51,ru2401P12500,ru2401P12500,411.0,0.0,0.0,0.0,3,324.0,703.0,1,410.0,411.0,411.0,411.0,2.0,8220.0,24
2023-05-09 21:08:52,ru2401P12500,ru2401P12500,411.0,0.0,0.0,0.0,3,324.0,702.0,2,410.0,411.0,411.0,411.0,2.0,8220.0,24
2023-05-09 21:08:52,ru2401P12500,ru2401P12500,411.0,0.0,0.0,0.0,3,324.0,702.0,2,410.0,411.0,411.0,411.0,2.0,8220.0,24
2023-05-09 21:08:53,ru2401P12500,ru2401P12500,411.0,0.0,0.0,0.0,3,324.0,701.0,1,410.0,411.0,411.0,411.0,2.0,8220.0,24
2023-05-09 21:08:53,ru2401P12500,ru2401P12500,411.0,0.0,0.0,0.0,3,324.0,700.0,2,410.0,411.0,411.0,411.0,2.0,8220.0,24
2023-05-09 21:08:54,ru2401P12500,ru2401P12500,411.0,0.0,0.0,0.0,3,324.0,700.0,2,410.0,411.0,411.0,411.0,2.0,8220.0,24
2023-05-09 21:08:54,ru2401P12500,ru2401P12500,411.0,0.0,0.0,0.0,3,324.0,699.0,1,410.0,411.0,411.0,411.0,2.0,8220.0,24
2023-05-09 21:08:55,ru2401P12500,ru2401P12500,411.0,0.0,0.0,0.0,2,325.0,698.0,2,410.0,411.0,411.0,411.0,2.0,8220.0,24
2023-05-09 21:08:55,ru2401P12500,ru2401P12500,411.0,0.0,0.0,0.0,2,325.0,698.0,2,410.0,411.0,411.0,411.0,2.0,8220.0,24
2023-05-09 21:08:56,ru2401P12500,ru2401P12500,411.0,0.0,0.0,0.0,1,326.0,697.0,1,410.0,411.0,411.0,411.0,2.0,8220.0,24
2023-05-09 21:08:56,ru2401P12500,ru2401P12500,411.0,0.0,0.0,0.0,1,326.0,696.0,2,410.0,411.0,411.0,411.0,2.0,8220.0,24
2023-05-09 21:08:57,ru2401P12500,ru2401P12500,411.0,0.0,0.0,0.0,1,326.0,696.0,2,410.0,411.0,411.0,411.0,2.0,8220.0,24
2023-05-09 21:08:57,ru2401P12500,ru2401P12500,411.0,0.0,0.0,0.0,1,326.0,695.0,1,410.0,411.0,411.0,411.0,2.0,8220.0,24
2023-05-09 21:08:58,ru2401P12500,ru2401P12500,411.0,0.0,0.0,0.0,1,326.0,694.0,2,410.0,411.0,411.0,411.0,2.0,8220.0,24
2023-05-09 21:08:58,ru2401P12500,ru2401P12500,411.0,0.0,0.0,0.0,1,326.0,694.0,2,410.0,411.0,411.0,411.0,2.0,8220.0,24
2023-05-09 21:08:59,ru2401P12500,ru2401P12500,411.0,0.0,0.0,0.0,1,326.0,693.0,1,410.0,411.0,411.0,411.0,2.0,8220.0,24
2023-05-09 21:08:59,ru2401P12500,ru2401P12500,411.0,0.0,0.0,0.0,1,326.0,692.0,2,410.0,411.0,411.0,411.0,2.0,8220.0,24
2023-05-09 21:09:00,ru2401P12500,ru2401P12500,411.0,0.0,0.0,0.0,1,326.0,692.0,2,410.0,411.0,411.0,411.0,2.0,8220.0,24
2023-05-09 21:09:00,ru2401P12500,ru2401P12500,411.0,0.0,0.0,0.0,1,326.0,691.0,1,410.0,411.0,411.0,411.0,2.0,8220.0,24
2023-05-09 21:09:01,ru2401P12500,ru2401P12500,411.0,0.0,0.0,0.0,1,326.0,690.0,2,410.0,411.0,411.0,411.0,2.0,8220.0,24
2023-05-09 21:09:01,ru2401P12500,ru2401P12500,411.0,0.0,0.0,0.0,1,326.0,690.0,2,410.0,411.0,411.0,411.0,2.0,8220.0,24
2023-05-09 21:09:02,ru2401P12500,ru2401P12500,411.0,0.0,0.0,0.0,1,326.0,689.0,1,410.0,411.0,411.0,411.0,2.0,8220.0,24
2023-05-09 21:09:02,ru2401P12500,ru2401P12500,411.0,0.0,0.0,0.0,1,326.0,688.0,2,410.0,411.0,411.0,411.0,2.0,8220.0,24
2023-05-09 21:09:03,ru2401P12500,ru2401P12500,411.0,0.0,0.0,0.0,1,326.0,688.0,2,410.0,411.0,411.0,411.0,2.0,8220.0,24
2023-05-09 21:09:03,ru2401P12500,ru2401P12500,411.0,0.0,0.0,0.0,1,326.0,687.0,1,410.0,411.0,411.0,411.0,2.0,8220.0,24
2023-05-09 21:09:04,ru2401P12500,ru2401P12500,411.0,0.0,0.0,0.0,1,326.0,686.0,2,410.0,411.0,411.0,411.0,2.0,8220.0,24
2023-05-09 21:09:04,ru2401P12500,ru2401P12500,411.0,0.0,0.0,0.0,1,326.0,686.0,2,410.0,411.0,411.0,411.0,2.0,8220.0,24
2023-05-09 21:09:05,ru2401P12500,ru2401P12500,411.0,0.0,0.0,0.0,1,326.0,685.0,1,410.0,411.0,411.0,411.0,2.0,8220.0,24
2023-05-09 21:09:05,ru2401P12500,ru2401P12500,411.0,0.0,0.0,0.0,1,326.0,684.0,2,410.0,411.0,411.0,411.0,2.0,8220.0,24
2023-05-09 21:09:06,ru2401P12500,ru2401P12500,411.0,0.0,0.0,0.0,1,326.0,684.0,2,410.0,411.0,411.0,411.0,2.0,8220.0,24
2023-05-09 21:09:06,ru2401P12500,ru2401P12500,411.0,0.0,0.0,0.0,1,326.0,683.0,1,410.0,411.0,411.0,411.0,2.0,8220.0,24
2023-05-09 21:09:07,ru2401P12500,ru2401P12500,411.0,0.0,0.0,0.0,1,326.0,682.0,2,410.0,411.0,411.0,411.0,2.0,8220.0,24
2023-05-09 21:09:07,ru2401P12500,ru2401P12500,411.0,0.0,0.0,0.0,1,326.0,682.0,2,410.0,411.0,411.0,411.0,2.0,8220.0,24
2023-05-09 21:09:08,ru2401P12500,ru2401P12500,411.0,0.0,0.0,0.0,1,326.0,681.0,1,410.0,411.0,411.0,411.0,2.0,8220.0,24
2023-05-09 21:09:08,ru2401P12500,ru2401P12500,411.0,0.0,0.0,0.0,1,326.0,680.0,2,410.0,411.0,411.0,411.0,2.0,8220.0,24
2023-05-09 21:09:09,ru2401P12500,ru2401P12500,411.0,0.0,0.0,0.0,1,326.0,680.0,2,410.0,411.0,411.0,411.0,2.0,8220.0,24
2023-05-09 21:09:09,ru2401P12500,ru2401P12500,411.0,0.0,0.0,0.0,1,326.0,679.0,1,410.0,411.0,411.0,411.0,2.0,8220.0,24
2023-05-09 21:09:10,ru2401P12500,ru2401P12500,411.0,0.0,0.0,0.0,1,326.0,678.0,2,410.0,411.0,411.0,411.0,2.0,8220.0,24
2023-05-09 21:09:10,ru2401P12500,ru2401P12500,411.0,0.0,0.0,0.0,1,326.0,678.0,2,410.0,411.0,411.0,411.0,2.0,8220.0,24
2023-05-09 21:09:11,ru2401P12500,ru2401P12500,411.0,0.0,0.0,0.0,1,326.0,677.0,1,410.0,411.0,411.0,411.0,2.0,8220.0,24
2023-05-09 21:09:11,ru2401P12500,ru2401P12500,411.0,0.0,0.0,0.0,1,326.0,676.0,2,410.0,411.0,411.0,411.0,2.0,8220.0,24
2023-05-09 21:09:12,ru2401P12500,ru2401P12500,411.0,0.0,0.0,0.0,1,326.0,676.0,2,410.0,411.0,411.0,411.0,2.0,8220.0,24
2023-05-09 21:09:12,ru2401P12500,ru2401P12500,411.0,0.0,0.0,0.0,1,326.0,675.0,1,410.0,411.0,411.0,411.0,2.0,8220.0,24
2023-05-09 21:09:13,ru2401P12500,ru2401P12500,411.0,0.0,0.0,0.0,1,326.0,674.0,2,410.0,411.0,411.0,411.0,2.0,8220.0,24
2023-05-09 21:09:13,ru2401P12500,ru2401P12500,411.0,0.0,0.0,0.0,1,326.0,674.0,2,410.0,411.0,411.0,411.0,2.0,8220.0,24
2023-05-09 21:09:14,ru2401P12500,ru2401P12500,411.0,0.0,0.0,0.0,1,326.0,673.0,1,410.0,411.0,411.0,411.0,2.0,8220.0,24
2023-05-09 21:09:14,ru2401P12500,ru2401P12500,411.0,0.0,0.0,0.0,1,326.0,672.0,2,410.0,411.0,411.0,411.0,2.0,8220.0,24
2023-05-09 21:09:15,ru2401P12500,ru2401P12500,411.0,0.0,0.0,0.0,1,326.0,672.0,2,410.0,411.0,411.0,411.0,2.0,8220.0,24
2023-05-09 21:09:15,ru2401P12500,ru2401P12500,411.0,0.0,0.0,0.0,1,326.0,671.0,1,410.0,411.0,411.0,411.0,2.0,8220.0,24
2023-05-09 21:09:16,ru2401P12500,ru2401P12500,411.0,0.0,0.0,0.0,1,326.0,670.0,2,410.0,411.0,411.0,411.0,2.0,8220.0,24
2023-05-09 21:09:16,ru2401P12500,ru2401P12500,411.0,0.0,0.0,0.0,1,326.0,670.0,2,410.0,411.0,411.0,411.0,2.0,8220.0,24
2023-05-09 21:09:17,ru2401P12500,ru2401P12500,411.0,0.0,0.0,0.0,1,326.0,669.0,1,410.0,411.0,411.0,411.0,2.0,8220.0,24
2023-05-09 21:09:17,ru2401P12500,ru2401P12500,411.0,0.0,0.0,0.0,1,326.0,668.0,2,410.0,411.0,411.0,411.0,2.0,8220.0,24
2023-05-09 21:09:18,ru2401P12500,ru2401P12500,411.0,0.0,0.0,0.0,1,326.0,668.0,2,410.0,411.0,411.0,411.0,2.0,8220.0,24
2023-05-09 21:09:18,ru2401P12500,ru2401P12500,411.0,0.0,0.0,0.0,1,326.0,667.0,1,410.0,411.0,411.0,411.0,2.0,8220.0,24
2023-05-09 21:09:19,ru2401P12500,ru2401P12500,411.0,0.0,0.0,0.0,1,326.0,666.0,2,410.0,411.0,411.0,411.0,2.0,8220.0,24
2023-05-09 21:09:19,ru2401P12500,ru2401P12500,411.0,0.0,0.0,0.0,1,326.0,666.0,2,410.0,411.0,411.0,411.0,2.0,8220.0,24
2023-05-09 21:09:20,ru2401P12500,ru2401P12500,411.0,0.0,0.0,0.0,1,326.0,665.0,1,410.0,411.0,411.0,411.0,2.0,8220.0,24
2023-05-09 21:09:20,ru2401P12500,ru2401P12500,411.0,0.0,0.0,0.0,1,326.0,664.0,2,410.0,411.0,411.0,411.0,2.0,8220.0,24
2023-05-09 21:09:21,ru2401P12500,ru2401P12500,411.0,0.0,0.0,0.0,1,326.0,664.0,2,410.0,411.0,411.0,411.0,2.0,8220.0,24
2023-05-09 21:09:21,ru2401P12500,ru2401P12500,411.0,0.0,0.0,0.0,1,326.0,663.0,1,410.0,411.0,411.0,411.0,2.0,8220.0,24
2023-05-09 21:09:22,ru2401P12500,ru2401P12500,411.0,0.0,0.0,0.0,1,326.0,662.0,2,410.0,411.0,411.0,411.0,2.0,8220.0,24
2023-05-09 21:09:22,ru2401P12500,ru2401P12500,411.0,0.0,0.0,0.0,1,326.0,662.0,2,410.0,411.0,411.0,411.0,2.0,8220.0,24
2023-05-09 21:09:23,ru2401P12500,ru2401P12500,411.0,0.0,0.0,0.0,1,326.0,661.0,1,410.0,411.0,411.0,411.0,2.0,8220.0,24
2023-05-09 21:09:23,ru2401P12500,ru2401P12500,411.0,0.0,0.0,0.0,1,326.0,660.0,2,410.0,411.0,411.0,411.0,2.0,8220.0,24
2023-05-09 21:09:24,ru2401P12500,ru2401P12500,411.0,0.0,0.0,0.0,1,326.0,660.0,2,410.0,411.0,411.0,411.0,2.0,8220.0,24
2023-05-09 21:09:24,ru2401P12500,ru2401P12500,411.0,0.0,0.0,0.0,1,326.0,659.0,1,410.0,411.0,411.0,411.0,2.0,8220.0,24
2023-05-09 21:09:25,ru2401P12500,ru2401P12500,411.0,0.0,0.0,0.0,1,326.0,658.0,2,410.0,411.0,411.0,411.0,2.0,8220.0,24
2023-05-09 21:09:25,ru2401P12500,ru2401P12500,411.0,0.0,0.0,0.0,1,326.0,658.0,2,410.0,411.0,411.0,411.0,2.0,8220.0,24
2023-05-09 21:09:26,ru2401P12500,ru2401P12500,411.0,0.0,0.0,0.0,1,326.0,657.0,1,410.0,411.0,411.0,411.0,2.0,8220.0,24
2023-05-09 21:09:26,ru2401P12500,ru2401P12500,411.0,0.0,0.0,0.0,1,326.0,656.0,2,410.0,411.0,411.0,411.0,2.0,8220.0,24
2023-05-09 21:09:27,ru2401P12500,ru2401P12500,411.0,0.0,0.0,0.0,1,326.0,656.0,2,410.0,411.0,411.0,411.0,2.0,8220.0,24
2023-05-09 21:09:27,ru2401P12500,ru2401P12500,411.0,0.0,0.0,0.0,1,326.0,655.0,1,410.0,411.0,411.0,411.0,2.0,8220.0,24
2023-05-09 21:09:28,ru2401P12500,ru2401P12500,411.0,0.0,0.0,0.0,1,326.0,654.0,2,410.0,411.0,411.0,411.0,2.0,8220.0,24
2023-05-09 21:09:28,ru2401P12500,ru2401P12500,411.0,0.0,0.0,0.0,1,326.0,654.0,2,410.0,411.0,411.0,411.0,2.0,8220.0,24
2023-05-09 21:09:29,ru2401P12500,ru2401P12500,411.0,0.0,0.0,0.0,1,326.0,653.0,1,410.0,411.0,411.0,411.0,2.0,8220.0,24
2023-05-09 21:09:29,ru2401P12500,ru2401P12500,411.0,0.0,0.0,0.0,1,326.0,652.0,2,410.0,411.0,411.0,411.0,2.0,8220.0,24
2023-05-09 21:09:30,ru2401P12500,ru2401P12500,411.0,0.0,0.0,0.0,1,326.0,652.0,2,410.0,411.0,411.0,411.0,2.0,8220.0,24
2023-05-09 21:09:30,ru2401P12500,ru2401P12500,411.0,0.0,0.0,0.0,1,326.0,651.0,1,410.0,411.0,411.0,411.0,2.0,8220.0,24
2023-05-09 21:09:31,ru2401P12500,ru2401P12500,411.0,0.0,0.0,0.0,1,326.0,650.0,2,410.0,411.0,411.0,411.0,2.0,8220.0,24
2023-05-09 21:09:31,ru2401P12500,ru2401P12500,411.0,0.0,0.0,0.0,1,326.0,650.0,2,410.0,411.0,411.0,411.0,2.0,8220.0,24
2023-05-09 21:09:32,ru2401P12500,ru2401P12500,411.0,0.0,0.0,0.0,1,326.0,649.0,1,410.0,411.0,411.0,411.0,2.0,8220.0,24
2023-05-09 21:09:32,ru2401P12500,ru2401P12500,411.0,0.0,0.0,0.0,1,326.0,648.0,2,410.0,411.0,411.0,411.0,2.0,8220.0,24
2023-05-09 21:09:33,ru2401P12500,ru2401P12500,411.0,0.0,0.0,0.0,1,326.0,648.0,2,410.0,411.0,411.0,411.0,2.0,8220.0,24
2023-05-09 21:09:33,ru2401P12500,ru2401P12500,411.0,0.0,0.0,0.0,1,326.0,647.0,1,410.0,411.0,411.0,411.0,2.0,8220.0,24
2023-05-09 21:09:34,ru2401P12500,ru2401P12500,411.0,0.0,0.0,0.0,1,326.0,646.0,2,410.0,411.0,411.0,411.0,2.0,8220.0,24
2023-05-09 21:09:34,ru2401P12500,ru2401P12500,411.0,0.0,0.0,0.0,1,326.0,646.0,2,410.0,411.0,411.0,411.0,2.0,8220.0,24
2023-05-09 21:09:35,ru2401P12500,ru2401P12500,411.0,0.0,0.0,0.0,1,326.0,645.0,1,410.0,411.0,411.0,411.0,2.0,8220.0,24
2023-05-09 21:09:35,ru2401P12500,ru2401P12500,411.0,0.0,0.0,0.0,1,326.0,644.0,2,410.0,411.0,411.0,411.0,2.0,8220.0,24
2023-05-09 21:09:36,ru2401P12500,ru2401P12500,411.0,0.0,0.0,0.0,1,326.0,644.0,2,410.0,411.0,411.0,411.0,2.0,8220.0,24
2023-05-09 21:09:36,ru2401P12500,ru2401P12500,411.0,0.0,0.0,0.0,1,326.0,643.0,1,410.0,411.0,411.0,411.0,2.0,8220.0,24
2023-05-09 21:09:37,ru2401P12500,ru2401P12500,411.0,0.0,0.0,0.0,1,326.0,642.0,2,410.0,411.0,411.0,411.0,2.0,8220.0,24
2023-05-09 21:09:37,ru2401P12500,ru2401P12500,411.0,0.0,0.0,0.0,1,326.0,642.0,2,410.0,411.0,411.0,411.0,2.0,8220.0,24
2023-05-09 21:09:38,ru2401P12500,ru2401P12500,411.0,0.0,0.0,0.0,1,326.0,641.0,1,410.0,411.0,411.0,411.0,2.0,8220.0,24
2023-05-09 21:09:38,ru2401P12500,ru2401P12500,411.0,0.0,0.0,0.0,1,326.0,640.0,2,410.0,411.0,411.0,411.0,2.0,8220.0,24
2023-05-09 21:09:39,ru2401P12500,ru2401P12500,411.0,0.0,0.0,0.0,1,326.0,640.0,2,410.0,411.0,411.0,411.0,2.0,8220.0,24
2023-05-09 21:09:39,ru2401P12500,ru2401P12500,411.0,0.0,0.0,0.0,1,326.0,639.0,1,410.0,411.0,411.0,411.0,2.0,8220.0,24
2023-05-09 21:09:40,ru2401P12500,ru2401P12500,411.0,0.0,0.0,0.0,1,326.0,638.0,2,410.0,411.0,411.0,411.0,2.0,8220.0,24
2023-05-09 21:09:40,ru2401P12500,ru2401P12500,411.0,0.0,0.0,0.0,1,326.0,638.0,2,410.0,411.0,411.0,411.0,2.0,8220.0,24
2023-05-09 21:09:41,ru2401P12500,ru2401P12500,411.0,0.0,0.0,0.0,1,326.0,637.0,1,410.0,411.0,411.0,411.0,2.0,8220.0,24
2023-05-09 21:09:41,ru2401P12500,ru2401P12500,411.0,0.0,0.0,0.0,1,326.0,636.0,2,410.0,411.0,411.0,411.0,2.0,8220.0,24
2023-05-09 21:09:42,ru2401P12500,ru2401P12500,411.0,0.0,0.0,0.0,1,326.0,636.0,2,410.0,411.0,411.0,411.0,2.0,8220.0,24
2023-05-09 21:09:42,ru2401P12500,ru2401P12500,411.0,0.0,0.0,0.0,1,326.0,635.0,1,410.0,411.0,411.0,411.0,2.0,8220.0,24
2023-05-09 21:09:43,ru2401P12500,ru2401P12500,411.0,0.0,0.0,0.0,1,326.0,634.0,2,410.0,411.0,411.0,411.0,2.0,8220.0,24
2023-05-09 21:09:43,ru2401P12500,ru2401P12500,411.0,0.0,0.0,0.0,1,326.0,634.0,2,410.0,411.0,411.0,411.0,2.0,8220.0,24
2023-05-09 21:09:44,ru2401P12500,ru2401P12500,411.0,0.0,0.0,0.0,1,326.0,633.0,1,410.0,411.0,411.0,411.0,2.0,8220.0,24
2023-05-09 21:09:44,ru2401P12500,ru2401P12500,411.0,0.0,0.0,0.0,1,326.0,632.0,2,410.0,411.0,411.0,411.0,2.0,8220.0,24
2023-05-09 21:09:45,ru2401P12500,ru2401P12500,411.0,0.0,0.0,0.0,1,326.0,632.0,2,410.0,411.0,411.0,411.0,2.0,8220.0,24
2023-05-09 21:09:45,ru2401P12500,ru2401P12500,411.0,0.0,0.0,0.0,1,326.0,631.0,1,410.0,411.0,411.0,411.0,2.0,8220.0,24
2023-05-09 21:09:46,ru2401P12500,ru2401P12500,411.0,0.0,0.0,0.0,1,326.0,630.0,2,410.0,411.0,411.0,411.0,2.0,8220.0,24
2023-05-09 21:09:46,ru2401P12500,ru2401P12500,411.0,0.0,0.0,0.0,1,326.0,630.0,2,410.0,411.0,411.0,411.0,2.0,8220.0,24
2023-05-09 21:09:47,ru2401P12500,ru2401P12500,411.0,0.0,0.0,0.0,1,326.0,629.0,1,410.0,411.0,411.0,411.0,2.0,8220.0,24
2023-05-09 21:09:47,ru2401P12500,ru2401P12500,411.0,0.0,0.0,0.0,1,326.0,628.0,2,410.0,411.0,411.0,411.0,2.0,8220.0,24
2023-05-09 21:09:48,ru2401P12500,ru2401P12500,411.0,0.0,0.0,0.0,1,326.0,628.0,2,410.0,411.0,411.0,411.0,2.0,8220.0,24
2023-05-09 21:09:48,ru2401P12500,ru2401P12500,411.0,0.0,0.0,0.0,1,326.0,627.0,1,410.0,411.0,411.0,411.0,2.0,8220.0,24
2023-05-09 21:09:49,ru2401P12500,ru2401P12500,411.0,0.0,0.0,0.0,1,326.0,626.0,2,410.0,411.0,411.0,411.0,2.0,8220.0,24
2023-05-09 21:09:49,ru2401P12500,ru2401P12500,411.0,0.0,0.0,0.0,1,326.0,626.0,2,410.0,411.0,411.0,411.0,2.0,8220.0,24
2023-05-09 21:09:50,ru2401P12500,ru2401P12500,411.0,0.0,0.0,0.0,1,326.0,625.0,1,410.0,411.0,411.0,411.0,2.0,8220.0,24
2023-05-09 21:09:50,ru2401P12500,ru2401P12500,411.0,0.0,0.0,0.0,1,326.0,624.0,2,410.0,411.0,411.0,411.0,2.0,8220.0,24
2023-05-09 21:09:51,ru2401P12500,ru2401P12500,411.0,0.0,0.0,0.0,1,326.0,624.0,2,410.0,411.0,411.0,411.0,2.0,8220.0,24
2023-05-09 21:09:51,ru2401P12500,ru2401P12500,411.0,0.0,0.0,0.0,1,326.0,623.0,1,410.0,411.0,411.0,411.0,2.0,8220.0,24
2023-05-09 21:09:52,ru2401P12500,ru2401P12500,411.0,0.0,0.0,0.0,1,326.0,622.0,2,410.0,411.0,411.0,411.0,2.0,8220.0,24
2023-05-09 21:09:52,ru2401P12500,ru2401P12500,411.0,0.0,0.0,0.0,1,326.0,622.0,2,410.0,411.0,411.0,411.0,2.0,8220.0,24
2023-05-09 21:09:53,ru2401P12500,ru2401P12500,411.0,0.0,0.0,0.0,1,326.0,621.0,1,410.0,411.0,411.0,411.0,2.0,8220.0,24
2023-05-09 21:09:53,ru2401P12500,ru2401P12500,411.0,0.0,0.0,0.0,1,326.0,620.0,2,410.0,411.0,411.0,411.0,2.0,8220.0,24
2023-05-09 21:09:54,ru2401P12500,ru2401P12500,411.0,0.0,0.0,0.0,1,326.0,620.0,2,410.0,411.0,411.0,411.0,2.0,8220.0,24
2023-05-09 21:09:54,ru2401P12500,ru2401P12500,411.0,0.0,0.0,0.0,1,326.0,619.0,1,410.0,411.0,411.0,411.0,2.0,8220.0,24
2023-05-09 21:09:55,ru2401P12500,ru2401P12500,411.0,0.0,0.0,0.0,1,326.0,618.0,2,410.0,411.0,411.0,411.0,2.0,8220.0,24
2023-05-09 21:09:55,ru2401P12500,ru2401P12500,411.0,0.0,0.0,0.0,1,326.0,618.0,2,410.0,411.0,411.0,411.0,2.0,8220.0,24
2023-05-09 21:09:56,ru2401P12500,ru2401P12500,411.0,0.0,0.0,0.0,1,326.0,617.0,1,410.0,411.0,411.0,411.0,2.0,8220.0,24
2023-05-09 21:09:56,ru2401P12500,ru2401P12500,411.0,0.0,0.0,0.0,1,326.0,616.0,2,410.0,411.0,411.0,411.0,2.0,8220.0,24
2023-05-09 21:09:57,ru2401P12500,ru2401P12500,411.0,0.0,0.0,0.0,1,326.0,616.0,2,410.0,411.0,411.0,411.0,2.0,8220.0,24
2023-05-09 21:09:57,ru2401P12500,ru2401P12500,411.0,0.0,0.0,0.0,1,326.0,615.0,1,410.0,411.0,411.0,411.0,2.0,8220.0,24
2023-05-09 21:09:58,ru2401P12500,ru2401P12500,411.0,0.0,0.0,0.0,1,326.0,614.0,2,410.0,411.0,411.0,411.0,2.0,8220.0,24
2023-05-09 21:09:58,ru2401P12500,ru2401P12500,411.0,0.0,0.0,0.0,1,326.0,614.0,2,410.0,411.0,411.0,411.0,2.0,8220.0,24
2023-05-09 21:09:59,ru2401P12500,ru2401P12500,411.0,0.0,0.0,0.0,1,326.0,613.0,1,410.0,411.0,411.0,411.0,2.0,8220.0,24
2023-05-09 21:09:59,ru2401P12500,ru2401P12500,411.0,0.0,0.0,0.0,1,326.0,612.0,2,410.0,411.0,411.0,411.0,2.0,8220.0,24
2023-05-09 21:10:00,ru2401P12500,ru2401P12500,411.0,0.0,0.0,0.0,1,326.0,612.0,2,410.0,411.0,411.0,411.0,2.0,8220.0,24
2023-05-09 21:10:00,ru2401P12500,ru2401P12500,411.0,0.0,0.0,0.0,1,326.0,611.0,1,410.0,411.0,411.0,411.0,2.0,8220.0,24
2023-05-09 21:10:01,ru2401P12500,ru2401P12500,411.0,0.0,0.0,0.0,1,326.0,610.0,2,410.0,411.0,411.0,411.0,2.0,8220.0,24
2023-05-09 21:10:01,ru2401P12500,ru2401P12500,411.0,0.0,0.0,0.0,1,326.0,610.0,2,410.0,411.0,411.0,411.0,2.0,8220.0,24
2023-05-09 21:10:02,ru2401P12500,ru2401P12500,411.0,0.0,0.0,0.0,1,326.0,609.0,1,410.0,411.0,411.0,411.0,2.0,8220.0,24
2023-05-09 21:10:02,ru2401P12500,ru2401P12500,411.0,0.0,0.0,0.0,1,326.0,608.0,2,410.0,411.0,411.0,411.0,2.0,8220.0,24
2023-05-09 21:10:03,ru2401P12500,ru2401P12500,411.0,0.0,0.0,0.0,1,326.0,608.0,2,410.0,411.0,411.0,411.0,2.0,8220.0,24
2023-05-09 21:10:03,ru2401P12500,ru2401P12500,411.0,0.0,0.0,0.0,1,326.0,607.0,1,410.0,411.0,411.0,411.0,2.0,8220.0,24
2023-05-09 21:10:04,ru2401P12500,ru2401P12500,411.0,0.0,0.0,0.0,1,326.0,606.0,2,410.0,411.0,411.0,411.0,2.0,8220.0,24
2023-05-09 21:10:04,ru2401P12500,ru2401P12500,411.0,0.0,0.0,0.0,1,326.0,606.0,2,410.0,411.0,411.0,411.0,2.0,8220.0,24
2023-05-09 21:10:05,ru2401P12500,ru2401P12500,411.0,0.0,0.0,0.0,1,326.0,605.0,1,410.0,411.0,411.0,411.0,2.0,8220.0,24
2023-05-09 21:10:05,ru2401P12500,ru2401P12500,411.0,0.0,0.0,0.0,1,326.0,604.0,2,410.0,411.0,411.0,411.0,2.0,8220.0,24
2023-05-09 21:10:06,ru2401P12500,ru2401P12500,411.0,0.0,0.0,0.0,1,326.0,604.0,2,410.0,411.0,411.0,411.0,2.0,8220.0,24
2023-05-09 21:10:06,ru2401P12500,ru2401P12500,411.0,0.0,0.0,0.0,1,326.0,603.0,1,410.0,411.0,411.0,411.0,2.0,8220.0,24
2023-05-09 21:10:07,ru2401P12500,ru2401P12500,411.0,0.0,0.0,0.0,1,326.0,602.0,2,410.0,411.0,411.0,411.0,2.0,8220.0,24
2023-05-09 21:10:07,ru2401P12500,ru2401P12500,411.0,0.0,0.0,0.0,1,326.0,601.0,1,410.0,411.0,411.0,411.0,2.0,8220.0,24
2023-05-09 21:10:08,ru2401P12500,ru2401P12500,411.0,0.0,0.0,0.0,1,326.0,600.0,2,410.0,411.0,411.0,411.0,2.0,8220.0,24
2023-05-09 21:10:08,ru2401P12500,ru2401P12500,411.0,0.0,0.0,0.0,1,326.0,600.0,2,410.0,411.0,411.0,411.0,2.0,8220.0,24
2023-05-09 21:10:09,ru2401P12500,ru2401P12500,411.0,0.0,0.0,0.0,1,326.0,599.0,1,410.0,411.0,411.0,411.0,2.0,8220.0,24
2023-05-09 21:10:09,ru2401P12500,ru2401P12500,411.0,0.0,0.0,0.0,1,326.0,598.0,2,410.0,411.0,411.0,411.0,2.0,8220.0,24
2023-05-09 21:10:10,ru2401P12500,ru2401P12500,411.0,0.0,0.0,0.0,1,326.0,598.0,2,410.0,411.0,411.0,411.0,2.0,8220.0,24
2023-05-09 21:10:10,ru2401P12500,ru2401P12500,411.0,0.0,0.0,0.0,1,326.0,597.0,1,410.0,411.0,411.0,411.0,2.0,8220.0,24
2023-05-09 21:10:11,ru2401P12500,ru2401P12500,411.0,0.0,0.0,0.0,1,326.0,596.0,2,410.0,411.0,411.0,411.0,2.0,8220.0,24
2023-05-09 21:10:11,ru2401P12500,ru2401P12500,411.0,0.0,0.0,0.0,1,326.0,596.0,2,410.0,411.0,411.0,411.0,2.0,8220.0,24
2023-05-09 21:10:12,ru2401P12500,ru2401P12500,411.0,0.0,0.0,0.0,1,326.0,595.0,1,410.0,411.0,411.0,411.0,2.0,8220.0,24
2023-05-09 21:10:12,ru2401P12500,ru2401P12500,411.0,0.0,0.0,0.0,1,326.0,594.0,2,410.0,411.0,411.0,411.0,2.0,8220.0,24
2023-05-09 21:10:13,ru2401P12500,ru2401P12500,411.0,0.0,0.0,0.0,1,326.0,594.0,2,410.0,411.0,411.0,411.0,2.0,8220.0,24
2023-05-09 21:10:13,ru2401P12500,ru2401P12500,411.0,0.0,0.0,0.0,1,326.0,593.0,1,410.0,411.0,411.0,411.0,2.0,8220.0,24
2023-05-09 21:10:14,ru2401P12500,ru2401P12500,411.0,0.0,0.0,0.0,1,326.0,592.0,2,410.0,411.0,411.0,411.0,2.0,8220.0,24
2023-05-09 21:10:14,ru2401P12500,ru2401P12500,411.0,0.0,0.0,0.0,1,326.0,592.0,2,410.0,411.0,411.0,411.0,2.0,8220.0,24
2023-05-09 21:10:15,ru2401P12500,ru2401P12500,411.0,0.0,0.0,0.0,1,326.0,591.0,1,410.0,411.0,411.0,411.0,2.0,8220.0,24
2023-05-09 21:10:15,ru2401P12500,ru2401P12500,411.0,0.0,0.0,0.0,1,326.0,590.0,2,410.0,411.0,411.0,411.0,2.0,8220.0,24
2023-05-09 21:10:16,ru2401P12500,ru2401P12500,411.0,0.0,0.0,0.0,1,326.0,590.0,2,410.0,411.0,411.0,411.0,2.0,8220.0,24
2023-05-09 21:10:16,ru2401P12500,ru2401P12500,411.0,0.0,0.0,0.0,1,326.0,589.0,1,410.0,411.0,411.0,411.0,2.0,8220.0,24
2023-05-09 21:10:17,ru2401P12500,ru2401P12500,411.0,0.0,0.0,0.0,1,326.0,588.0,2,410.0,411.0,411.0,411.0,2.0,8220.0,24
2023-05-09 21:10:17,ru2401P12500,ru2401P12500,411.0,0.0,0.0,0.0,1,326.0,588.0,2,410.0,411.0,411.0,411.0,2.0,8220.0,24
2023-05-09 21:10:18,ru2401P12500,ru2401P12500,411.0,0.0,0.0,0.0,1,326.0,587.0,1,410.0,411.0,411.0,411.0,2.0,8220.0,24
2023-05-09 21:10:18,ru2401P12500,ru2401P12500,411.0,0.0,0.0,0.0,1,326.0,586.0,2,410.0,411.0,411.0,411.0,2.0,8220.0,24
2023-05-09 21:10:19,ru2401P12500,ru2401P12500,411.0,0.0,0.0,0.0,1,326.0,586.0,2,410.0,411.0,411.0,411.0,2.0,8220.0,24
2023-05-09 21:10:19,ru2401P12500,ru2401P12500,411.0,0.0,0.0,0.0,1,326.0,585.0,1,410.0,411.0,411.0,411.0,2.0,8220.0,24
2023-05-09 21:10:20,ru2401P12500,ru2401P12500,411.0,0.0,0.0,0.0,1,326.0,584.0,2,410.0,411.0,411.0,411.0,2.0,8220.0,24
2023-05-09 21:10:20,ru2401P12500,ru2401P12500,411.0,0.0,0.0,0.0,1,326.0,584.0,2,410.0,411.0,411.0,411.0,2.0,8220.0,24
2023-05-09 21:10:21,ru2401P12500,ru2401P12500,411.0,0.0,0.0,0.0,1,326.0,583.0,1,410.0,411.0,411.0,411.0,2.0,8220.0,24
2023-05-09 21:10:21,ru2401P12500,ru2401P12500,411.0,0.0,0.0,0.0,1,326.0,582.0,2,410.0,411.0,411.0,411.0,2.0,8220.0,24
2023-05-09 21:10:22,ru2401P12500,ru2401P12500,411.0,0.0,0.0,0.0,1,326.0,582.0,2,410.0,411.0,411.0,411.0,2.0,8220.0,24
2023-05-09 21:10:22,ru2401P12500,ru2401P12500,411.0,0.0,0.0,0.0,1,326.0,581.0,1,410.0,411.0,411.0,411.0,2.0,8220.0,24
2023-05-09 21:10:23,ru2401P12500,ru2401P12500,411.0,0.0,0.0,0.0,1,326.0,580.0,2,410.0,411.0,411.0,411.0,2.0,8220.0,24
2023-05-09 21:10:23,ru2401P12500,ru2401P12500,411.0,0.0,0.0,0.0,1,326.0,580.0,2,410.0,411.0,411.0,411.0,2.0,8220.0,24
2023-05-09 21:10:24,ru2401P12500,ru2401P12500,411.0,0.0,0.0,0.0,1,326.0,579.0,1,410.0,411.0,411.0,411.0,2.0,8220.0,24
2023-05-09 21:10:24,ru2401P12500,ru2401P12500,411.0,0.0,0.0,0.0,1,326.0,578.0,2,410.0,411.0,411.0,411.0,2.0,8220.0,24
2023-05-09 21:10:25,ru2401P12500,ru2401P12500,411.0,0.0,0.0,0.0,1,326.0,578.0,2,410.0,411.0,411.0,411.0,2.0,8220.0,24
2023-05-09 21:10:25,ru2401P12500,ru2401P12500,411.0,0.0,0.0,0.0,1,326.0,577.0,1,410.0,411.0,411.0,411.0,2.0,8220.0,24
2023-05-09 21:10:26,ru2401P12500,ru2401P12500,411.0,0.0,0.0,0.0,1,326.0,576.0,2,410.0,411.0,411.0,411.0,2.0,8220.0,24
2023-05-09 21:10:26,ru2401P12500,ru2401P12500,411.0,0.0,0.0,0.0,1,326.0,576.0,2,410.0,411.0,411.0,411.0,2.0,8220.0,24
2023-05-09 21:10:27,ru2401P12500,ru2401P12500,411.0,0.0,0.0,0.0,1,326.0,575.0,1,410.0,411.0,411.0,411.0,2.0,8220.0,24
2023-05-09 21:10:27,ru2401P12500,ru2401P12500,411.0,0.0,0.0,0.0,1,326.0,574.0,2,410.0,411.0,411.0,411.0,2.0,8220.0,24
2023-05-09 21:10:28,ru2401P12500,ru2401P12500,411.0,0.0,0.0,0.0,1,326.0,574.0,2,410.0,411.0,411.0,411.0,2.0,8220.0,24
2023-05-09 21:10:28,ru2401P12500,ru2401P12500,411.0,0.0,0.0,0.0,1,326.0,573.0,1,410.0,411.0,411.0,411.0,2.0,8220.0,24
2023-05-09 21:10:29,ru2401P12500,ru2401P12500,411.0,0.0,0.0,0.0,1,326.0,572.0,2,410.0,411.0,411.0,411.0,2.0,8220.0,24
2023-05-09 21:10:29,ru2401P12500,ru2401P12500,411.0,0.0,0.0,0.0,1,326.0,572.0,2,410.0,411.0,411.0,411.0,2.0,8220.0,24
2023-05-09 21:10:30,ru2401P12500,ru2401P12500,411.0,0.0,0.0,0.0,1,326.0,571.0,1,410.0,411.0,411.0,411.0,2.0,8220.0,24
2023-05-09 21:10:30,ru2401P12500,ru2401P12500,411.0,0.0,0.0,0.0,1,326.0,570.0,2,410.0,411.0,411.0,411.0,2.0,8220.0,24
2023-05-09 21:10:31,ru2401P12500,ru2401P12500,411.0,0.0,0.0,0.0,1,326.0,570.0,2,410.0,411.0,411.0,411.0,2.0,8220.0,24
2023-05-09 21:10:31,ru2401P12500,ru2401P12500,411.0,0.0,0.0,0.0,1,326.0,569.0,1,410.0,411.0,411.0,411.0,2.0,8220.0,24
2023-05-09 21:10:32,ru2401P12500,ru2401P12500,411.0,0.0,0.0,0.0,1,326.0,568.0,2,410.0,411.0,411.0,411.0,2.0,8220.0,24
2023-05-09 21:10:32,ru2401P12500,ru2401P12500,411.0,0.0,0.0,0.0,1,326.0,568.0,2,410.0,411.0,411.0,411.0,2.0,8220.0,24
2023-05-09 21:10:33,ru2401P12500,ru2401P12500,411.0,0.0,0.0,0.0,1,326.0,567.0,1,410.0,411.0,411.0,411.0,2.0,8220.0,24
2023-05-09 21:10:33,ru2401P12500,ru2401P12500,411.0,0.0,0.0,0.0,1,326.0,566.0,2,410.0,411.0,411.0,411.0,2.0,8220.0,24
2023-05-09 21:10:34,ru2401P12500,ru2401P12500,411.0,0.0,0.0,0.0,1,326.0,566.0,2,410.0,411.0,411.0,411.0,2.0,8220.0,24
2023-05-09 21:10:34,ru2401P12500,ru2401P12500,411.0,0.0,0.0,0.0,1,326.0,565.0,1,410.0,411.0,411.0,411.0,2.0,8220.0,24
2023-05-09 21:10:35,ru2401P12500,ru2401P12500,411.0,0.0,0.0,0.0,1,326.0,564.0,2,410.0,411.0,411.0,411.0,2.0,8220.0,24
2023-05-09 21:10:35,ru2401P12500,ru2401P12500,411.0,0.0,0.0,0.0,1,326.0,564.0,2,410.0,411.0,411.0,411.0,2.0,8220.0,24
2023-05-09 21:10:36,ru2401P12500,ru2401P12500,411.0,0.0,0.0,0.0,1,326.0,563.0,1,410.0,411.0,411.0,411.0,2.0,8220.0,24
2023-05-09 21:10:36,ru2401P12500,ru2401P12500,411.0,0.0,0.0,0.0,1,326.0,562.0,2,410.0,411.0,411.0,411.0,2.0,8220.0,24
2023-05-09 21:10:37,ru2401P12500,ru2401P12500,411.0,0.0,0.0,0.0,1,326.0,562.0,2,410.0,411.0,411.0,411.0,2.0,8220.0,24
2023-05-09 21:10:37,ru2401P12500,ru2401P12500,411.0,0.0,0.0,0.0,1,326.0,561.0,1,410.0,411.0,411.0,411.0,2.0,8220.0,24
2023-05-09 21:10:38,ru2401P12500,ru2401P12500,411.0,0.0,0.0,0.0,1,326.0,560.0,2,410.0,411.0,411.0,411.0,2.0,8220.0,24
2023-05-09 21:10:38,ru2401P12500,ru2401P12500,411.0,0.0,0.0,0.0,1,326.0,560.0,2,410.0,411.0,411.0,411.0,2.0,8220.0,24
