time,symbol_id,symbol_name,last,trade_volume,trade_amount,open_interest_change,bv1,bp1,ap1,av1,yesterday_close,today_open,today_high,today_low,volume,amount,open_interest
2023-05-09 20:59:00,ru2401P11250,ru2401P11250,110.0,0.0,0.0,0.0,1,3.0,650.0,1,110.0,88.0,0.0,0.0,0.0,0.0,47
2023-05-09 21:00:08,ru2401P11250,ru2401P11250,110.0,0.0,0.0,0.0,1,4.0,649.0,1,110.0,88.0,0.0,0.0,0.0,0.0,47
2023-05-09 21:01:15,ru2401P11250,ru2401P11250,110.0,0.0,0.0,0.0,2,20.0,649.0,1,110.0,88.0,0.0,0.0,0.0,0.0,47
2023-05-09 21:01:15,ru2401P11250,ru2401P11250,110.0,0.0,0.0,0.0,2,20.0,649.0,1,110.0,88.0,0.0,0.0,0.0,0.0,47
2023-05-09 21:01:16,ru2401P11250,ru2401P11250,110.0,0.0,0.0,0.0,1,21.0,649.0,1,110.0,88.0,0.0,0.0,0.0,0.0,47
2023-05-09 21:02:02,ru2401P11250,ru2401P11250,110.0,0.0,0.0,0.0,1,21.0,649.0,1,110.0,88.0,0.0,0.0,0.0,0.0,47
2023-05-09 21:02:03,ru2401P11250,ru2401P11250,110.0,0.0,0.0,0.0,2,37.0,649.0,1,110.0,88.0,0.0,0.0,0.0,0.0,47
2023-05-09 21:02:03,ru2401P11250,ru2401P11250,110.0,0.0,0.0,0.0,2,37.0,649.0,1,110.0,88.0,0.0,0.0,0.0,0.0,47
2023-05-09 21:02:04,ru2401P11250,ru2401P11250,110.0,0.0,0.0,0.0,1,38.0,649.0,1,110.0,88.0,0.0,0.0,0.0,0.0,47
2023-05-09 21:02:14,ru2401P11250,ru2401P11250,110.0,0.0,0.0,0.0,2,54.0,649.0,1,110.0,88.0,0.0,0.0,0.0,0.0,47
2023-05-09 21:02:14,ru2401P11250,ru2401P11250,110.0,0.0,0.0,0.0,2,54.0,649.0,1,110.0,88.0,0.0,0.0,0.0,0.0,47
2023-05-09 21:02:19,ru2401P11250,ru2401P11250,110.0,0.0,0.0,0.0,2,54.0,648.0,1,110.0,88.0,0.0,0.0,0.0,0.0,47
2023-05-09 21:02:19,ru2401P11250,ru2401P11250,110.0,0.0,0.0,0.0,2,54.0,648.0,1,110.0,88.0,0.0,0.0,0.0,0.0,47
2023-05-09 21:02:20,ru2401P11250,ru2401P11250,110.0,0.0,0.0,0.0,2,54.0,647.0,1,110.0,88.0,0.0,0.0,0.0,0.0,47
2023-05-09 21:02:42,ru2401P11250,ru2401P11250,110.0,0.0,0.0,0.0,3,54.0,647.0,1,110.0,88.0,0.0,0.0,0.0,0.0,47
2023-05-09 21:02:43,ru2401P11250,ru2401P11250,110.0,0.0,0.0,0.0,3,54.0,647.0,1,110.0,88.0,0.0,0.0,0.0,0.0,47
2023-05-09 21:02:47,ru2401P11250,ru2401P11250,110.0,0.0,0.0,0.0,3,54.0,646.0,1,110.0,88.0,0.0,0.0,0.0,0.0,47
2023-05-09 21:02:47,ru2401P11250,ru2401P11250,110.0,0.0,0.0,0.0,3,54.0,646.0,1,110.0,88.0,0.0,0.0,0.0,0.0,47
2023-05-09 21:02:48,ru2401P11250,ru2401P11250,110.0,0.0,0.0,0.0,3,54.0,645.0,1,110.0,88.0,0.0,0.0,0.0,0.0,47
2023-05-09 21:03:30,ru2401P11250,ru2401P11250,110.0,0.0,0.0,0.0,1,97.0,115.0,1,110.0,88.0,0.0,0.0,0.0,0.0,47
2023-05-09 21:03:31,ru2401P11250,ru2401P11250,110.0,0.0,0.0,0.0,1,97.0,115.0,1,110.0,88.0,0.0,0.0,0.0,0.0,47
2023-05-09 21:03:31,ru2401P11250,ru2401P11250,110.0,0.0,0.0,0.0,1,97.0,115.0,1,110.0,88.0,0.0,0.0,0.0,0.0,47
2023-05-09 21:03:34,ru2401P11250,ru2401P11250,110.0,0.0,0.0,0.0,2,97.0,115.0,2,110.0,88.0,0.0,0.0,0.0,0.0,47
2023-05-09 21:03:34,ru2401P11250,ru2401P11250,110.0,0.0,0.0,0.0,2,97.0,115.0,3,110.0,88.0,0.0,0.0,0.0,0.0,47
2023-05-09 21:03:35,ru2401P11250,ru2401P11250,110.0,0.0,0.0,0.0,3,97.0,115.0,3,110.0,88.0,0.0,0.0,0.0,0.0,47
2023-05-09 21:03:43,ru2401P11250,ru2401P11250,110.0,0.0,0.0,0.0,2,97.0,115.0,2,110.0,88.0,0.0,0.0,0.0,0.0,47
2023-05-09 21:03:45,ru2401P11250,ru2401P11250,110.0,0.0,0.0,0.0,4,97.0,115.0,1,110.0,88.0,0.0,0.0,0.0,0.0,47
2023-05-09 21:03:47,ru2401P11250,ru2401P11250,110.0,0.0,0.0,0.0,3,97.0,115.0,1,110.0,88.0,0.0,0.0,0.0,0.0,47
2023-05-09 21:03:47,ru2401P11250,ru2401P11250,110.0,0.0,0.0,0.0,1,97.0,115.0,1,110.0,88.0,0.0,0.0,0.0,0.0,47
2023-05-09 21:03:49,ru2401P11250,ru2401P11250,110.0,0.0,0.0,0.0,1,54.0,650.0,1,110.0,88.0,0.0,0.0,0.0,0.0,47
2023-05-09 21:03:49,ru2401P11250,ru2401P11250,110.0,0.0,0.0,0.0,1,54.0,649.0,1,110.0,88.0,0.0,0.0,0.0,0.0,47
2023-05-09 21:03:50,ru2401P11250,ru2401P11250,110.0,0.0,0.0,0.0,2,62.0,649.0,1,110.0,88.0,0.0,0.0,0.0,0.0,47
2023-05-09 21:03:57,ru2401P11250,ru2401P11250,110.0,0.0,0.0,0.0,2,63.0,648.0,2,110.0,88.0,0.0,0.0,0.0,0.0,47
2023-05-09 21:03:57,ru2401P11250,ru2401P11250,110.0,0.0,0.0,0.0,2,63.0,648.0,2,110.0,88.0,0.0,0.0,0.0,0.0,47
2023-05-09 21:03:58,ru2401P11250,ru2401P11250,110.0,0.0,0.0,0.0,2,63.0,647.0,1,110.0,88.0,0.0,0.0,0.0,0.0,47
2023-05-09 21:03:58,ru2401P11250,ru2401P11250,110.0,0.0,0.0,0.0,2,63.0,646.0,2,110.0,88.0,0.0,0.0,0.0,0.0,47
2023-05-09 21:03:59,ru2401P11250,ru2401P11250,110.0,0.0,0.0,0.0,2,63.0,646.0,2,110.0,88.0,0.0,0.0,0.0,0.0,47
2023-05-09 21:03:59,ru2401P11250,ru2401P11250,110.0,0.0,0.0,0.0,2,63.0,645.0,1,110.0,88.0,0.0,0.0,0.0,0.0,47
2023-05-09 21:04:00,ru2401P11250,ru2401P11250,110.0,0.0,0.0,0.0,2,64.0,644.0,2,110.0,88.0,0.0,0.0,0.0,0.0,47
2023-05-09 21:04:00,ru2401P11250,ru2401P11250,110.0,0.0,0.0,0.0,2,64.0,644.0,2,110.0,88.0,0.0,0.0,0.0,0.0,47
2023-05-09 21:04:01,ru2401P11250,ru2401P11250,110.0,0.0,0.0,0.0,2,64.0,643.0,1,110.0,88.0,0.0,0.0,0.0,0.0,47
2023-05-09 21:04:01,ru2401P11250,ru2401P11250,110.0,0.0,0.0,0.0,4,64.0,642.0,2,110.0,88.0,0.0,0.0,0.0,0.0,47
2023-05-09 21:04:02,ru2401P11250,ru2401P11250,110.0,0.0,0.0,0.0,4,64.0,642.0,2,110.0,88.0,0.0,0.0,0.0,0.0,47
2023-05-09 21:04:02,ru2401P11250,ru2401P11250,110.0,0.0,0.0,0.0,4,64.0,641.0,1,110.0,88.0,0.0,0.0,0.0,0.0,47
2023-05-09 21:04:03,ru2401P11250,ru2401P11250,110.0,0.0,0.0,0.0,4,64.0,640.0,2,110.0,88.0,0.0,0.0,0.0,0.0,47
2023-05-09 21:04:03,ru2401P11250,ru2401P11250,110.0,0.0,0.0,0.0,4,64.0,640.0,2,110.0,88.0,0.0,0.0,0.0,0.0,47
2023-05-09 21:04:04,ru2401P11250,ru2401P11250,110.0,0.0,0.0,0.0,4,64.0,639.0,1,110.0,88.0,0.0,0.0,0.0,0.0,47
2023-05-09 21:04:04,ru2401P11250,ru2401P11250,110.0,0.0,0.0,0.0,4,64.0,638.0,2,110.0,88.0,0.0,0.0,0.0,0.0,47
2023-05-09 21:04:05,ru2401P11250,ru2401P11250,110.0,0.0,0.0,0.0,4,64.0,638.0,2,110.0,88.0,0.0,0.0,0.0,0.0,47
2023-05-09 21:04:05,ru2401P11250,ru2401P11250,110.0,0.0,0.0,0.0,4,64.0,637.0,1,110.0,88.0,0.0,0.0,0.0,0.0,47
2023-05-09 21:04:06,ru2401P11250,ru2401P11250,110.0,0.0,0.0,0.0,4,64.0,636.0,2,110.0,88.0,0.0,0.0,0.0,0.0,47
2023-05-09 21:04:06,ru2401P11250,ru2401P11250,110.0,0.0,0.0,0.0,4,64.0,636.0,2,110.0,88.0,0.0,0.0,0.0,0.0,47
2023-05-09 21:04:07,ru2401P11250,ru2401P11250,110.0,0.0,0.0,0.0,4,64.0,635.0,1,110.0,88.0,0.0,0.0,0.0,0.0,47
2023-05-09 21:04:07,ru2401P11250,ru2401P11250,110.0,0.0,0.0,0.0,4,64.0,634.0,2,110.0,88.0,0.0,0.0,0.0,0.0,47
2023-05-09 21:04:08,ru2401P11250,ru2401P11250,110.0,0.0,0.0,0.0,4,64.0,634.0,2,110.0,88.0,0.0,0.0,0.0,0.0,47
2023-05-09 21:04:08,ru2401P11250,ru2401P11250,110.0,0.0,0.0,0.0,4,64.0,633.0,1,110.0,88.0,0.0,0.0,0.0,0.0,47
2023-05-09 21:04:09,ru2401P11250,ru2401P11250,110.0,0.0,0.0,0.0,4,64.0,632.0,2,110.0,88.0,0.0,0.0,0.0,0.0,47
2023-05-09 21:04:09,ru2401P11250,ru2401P11250,110.0,0.0,0.0,0.0,4,64.0,632.0,2,110.0,88.0,0.0,0.0,0.0,0.0,47
2023-05-09 21:04:10,ru2401P11250,ru2401P11250,110.0,0.0,0.0,0.0,4,64.0,631.0,1,110.0,88.0,0.0,0.0,0.0,0.0,47
2023-05-09 21:04:10,ru2401P11250,ru2401P11250,110.0,0.0,0.0,0.0,4,64.0,630.0,2,110.0,88.0,0.0,0.0,0.0,0.0,47
2023-05-09 21:04:11,ru2401P11250,ru2401P11250,110.0,0.0,0.0,0.0,4,64.0,630.0,2,110.0,88.0,0.0,0.0,0.0,0.0,47
2023-05-09 21:04:11,ru2401P11250,ru2401P11250,110.0,0.0,0.0,0.0,4,64.0,629.0,1,110.0,88.0,0.0,0.0,0.0,0.0,47
2023-05-09 21:04:12,ru2401P11250,ru2401P11250,110.0,0.0,0.0,0.0,4,64.0,628.0,2,110.0,88.0,0.0,0.0,0.0,0.0,47
2023-05-09 21:04:12,ru2401P11250,ru2401P11250,110.0,0.0,0.0,0.0,4,64.0,628.0,2,110.0,88.0,0.0,0.0,0.0,0.0,47
2023-05-09 21:04:13,ru2401P11250,ru2401P11250,110.0,0.0,0.0,0.0,4,64.0,627.0,1,110.0,88.0,0.0,0.0,0.0,0.0,47
2023-05-09 21:04:13,ru2401P11250,ru2401P11250,110.0,0.0,0.0,0.0,4,64.0,626.0,2,110.0,88.0,0.0,0.0,0.0,0.0,47
2023-05-09 21:04:14,ru2401P11250,ru2401P11250,110.0,0.0,0.0,0.0,4,64.0,626.0,2,110.0,88.0,0.0,0.0,0.0,0.0,47
2023-05-09 21:04:14,ru2401P11250,ru2401P11250,110.0,0.0,0.0,0.0,4,64.0,625.0,1,110.0,88.0,0.0,0.0,0.0,0.0,47
2023-05-09 21:04:15,ru2401P11250,ru2401P11250,110.0,0.0,0.0,0.0,2,64.0,624.0,2,110.0,88.0,0.0,0.0,0.0,0.0,47
2023-05-09 21:04:15,ru2401P11250,ru2401P11250,110.0,0.0,0.0,0.0,2,64.0,624.0,2,110.0,88.0,0.0,0.0,0.0,0.0,47
2023-05-09 21:04:16,ru2401P11250,ru2401P11250,110.0,0.0,0.0,0.0,2,64.0,623.0,1,110.0,88.0,0.0,0.0,0.0,0.0,47
2023-05-09 21:04:16,ru2401P11250,ru2401P11250,110.0,0.0,0.0,0.0,2,64.0,622.0,2,110.0,88.0,0.0,0.0,0.0,0.0,47
2023-05-09 21:04:17,ru2401P11250,ru2401P11250,110.0,0.0,0.0,0.0,2,64.0,622.0,2,110.0,88.0,0.0,0.0,0.0,0.0,47
2023-05-09 21:04:17,ru2401P11250,ru2401P11250,110.0,0.0,0.0,0.0,2,64.0,621.0,1,110.0,88.0,0.0,0.0,0.0,0.0,47
2023-05-09 21:04:18,ru2401P11250,ru2401P11250,110.0,0.0,0.0,0.0,2,64.0,620.0,2,110.0,88.0,0.0,0.0,0.0,0.0,47
2023-05-09 21:04:18,ru2401P11250,ru2401P11250,110.0,0.0,0.0,0.0,2,64.0,620.0,2,110.0,88.0,0.0,0.0,0.0,0.0,47
2023-05-09 21:04:19,ru2401P11250,ru2401P11250,110.0,0.0,0.0,0.0,2,64.0,619.0,1,110.0,88.0,0.0,0.0,0.0,0.0,47
2023-05-09 21:04:19,ru2401P11250,ru2401P11250,110.0,0.0,0.0,0.0,2,64.0,618.0,2,110.0,88.0,0.0,0.0,0.0,0.0,47
2023-05-09 21:04:20,ru2401P11250,ru2401P11250,110.0,0.0,0.0,0.0,2,64.0,618.0,2,110.0,88.0,0.0,0.0,0.0,0.0,47
2023-05-09 21:04:20,ru2401P11250,ru2401P11250,110.0,0.0,0.0,0.0,2,64.0,617.0,1,110.0,88.0,0.0,0.0,0.0,0.0,47
2023-05-09 21:04:21,ru2401P11250,ru2401P11250,110.0,0.0,0.0,0.0,2,64.0,616.0,2,110.0,88.0,0.0,0.0,0.0,0.0,47
2023-05-09 21:04:21,ru2401P11250,ru2401P11250,110.0,0.0,0.0,0.0,2,64.0,616.0,2,110.0,88.0,0.0,0.0,0.0,0.0,47
2023-05-09 21:04:22,ru2401P11250,ru2401P11250,110.0,0.0,0.0,0.0,2,64.0,615.0,1,110.0,88.0,0.0,0.0,0.0,0.0,47
2023-05-09 21:04:22,ru2401P11250,ru2401P11250,110.0,0.0,0.0,0.0,4,64.0,614.0,2,110.0,88.0,0.0,0.0,0.0,0.0,47
2023-05-09 21:04:23,ru2401P11250,ru2401P11250,110.0,0.0,0.0,0.0,4,64.0,614.0,2,110.0,88.0,0.0,0.0,0.0,0.0,47
2023-05-09 21:04:23,ru2401P11250,ru2401P11250,110.0,0.0,0.0,0.0,4,64.0,613.0,1,110.0,88.0,0.0,0.0,0.0,0.0,47
2023-05-09 21:04:24,ru2401P11250,ru2401P11250,110.0,0.0,0.0,0.0,2,64.0,612.0,2,110.0,88.0,0.0,0.0,0.0,0.0,47
2023-05-09 21:04:24,ru2401P11250,ru2401P11250,110.0,0.0,0.0,0.0,2,64.0,612.0,2,110.0,88.0,0.0,0.0,0.0,0.0,47
2023-05-09 21:04:25,ru2401P11250,ru2401P11250,110.0,0.0,0.0,0.0,2,64.0,611.0,1,110.0,88.0,0.0,0.0,0.0,0.0,47
2023-05-09 21:04:25,ru2401P11250,ru2401P11250,110.0,0.0,0.0,0.0,2,64.0,610.0,2,110.0,88.0,0.0,0.0,0.0,0.0,47
2023-05-09 21:04:26,ru2401P11250,ru2401P11250,110.0,0.0,0.0,0.0,2,64.0,610.0,2,110.0,88.0,0.0,0.0,0.0,0.0,47
2023-05-09 21:04:26,ru2401P11250,ru2401P11250,110.0,0.0,0.0,0.0,2,64.0,609.0,1,110.0,88.0,0.0,0.0,0.0,0.0,47
2023-05-09 21:04:27,ru2401P11250,ru2401P11250,110.0,0.0,0.0,0.0,2,64.0,608.0,2,110.0,88.0,0.0,0.0,0.0,0.0,47
2023-05-09 21:04:27,ru2401P11250,ru2401P11250,110.0,0.0,0.0,0.0,2,64.0,608.0,2,110.0,88.0,0.0,0.0,0.0,0.0,47
2023-05-09 21:04:28,ru2401P11250,ru2401P11250,110.0,0.0,0.0,0.0,2,64.0,607.0,1,110.0,88.0,0.0,0.0,0.0,0.0,47
2023-05-09 21:04:28,ru2401P11250,ru2401P11250,110.0,0.0,0.0,0.0,2,64.0,606.0,2,110.0,88.0,0.0,0.0,0.0,0.0,47
2023-05-09 21:04:29,ru2401P11250,ru2401P11250,110.0,0.0,0.0,0.0,2,64.0,606.0,2,110.0,88.0,0.0,0.0,0.0,0.0,47
2023-05-09 21:04:29,ru2401P11250,ru2401P11250,110.0,0.0,0.0,0.0,2,64.0,605.0,1,110.0,88.0,0.0,0.0,0.0,0.0,47
2023-05-09 21:04:30,ru2401P11250,ru2401P11250,110.0,0.0,0.0,0.0,4,64.0,604.0,2,110.0,88.0,0.0,0.0,0.0,0.0,47
2023-05-09 21:04:30,ru2401P11250,ru2401P11250,110.0,0.0,0.0,0.0,4,64.0,604.0,2,110.0,88.0,0.0,0.0,0.0,0.0,47
2023-05-09 21:04:31,ru2401P11250,ru2401P11250,110.0,0.0,0.0,0.0,4,64.0,603.0,1,110.0,88.0,0.0,0.0,0.0,0.0,47
2023-05-09 21:04:31,ru2401P11250,ru2401P11250,110.0,0.0,0.0,0.0,4,64.0,602.0,2,110.0,88.0,0.0,0.0,0.0,0.0,47
2023-05-09 21:04:32,ru2401P11250,ru2401P11250,110.0,0.0,0.0,0.0,4,64.0,602.0,2,110.0,88.0,0.0,0.0,0.0,0.0,47
2023-05-09 21:04:32,ru2401P11250,ru2401P11250,110.0,0.0,0.0,0.0,4,64.0,601.0,1,110.0,88.0,0.0,0.0,0.0,0.0,47
2023-05-09 21:04:33,ru2401P11250,ru2401P11250,110.0,0.0,0.0,0.0,4,64.0,600.0,2,110.0,88.0,0.0,0.0,0.0,0.0,47
2023-05-09 21:04:33,ru2401P11250,ru2401P11250,110.0,0.0,0.0,0.0,4,64.0,600.0,2,110.0,88.0,0.0,0.0,0.0,0.0,47
2023-05-09 21:04:34,ru2401P11250,ru2401P11250,110.0,0.0,0.0,0.0,4,64.0,599.0,1,110.0,88.0,0.0,0.0,0.0,0.0,47
2023-05-09 21:04:34,ru2401P11250,ru2401P11250,110.0,0.0,0.0,0.0,4,64.0,598.0,2,110.0,88.0,0.0,0.0,0.0,0.0,47
2023-05-09 21:04:35,ru2401P11250,ru2401P11250,110.0,0.0,0.0,0.0,4,64.0,598.0,2,110.0,88.0,0.0,0.0,0.0,0.0,47
2023-05-09 21:04:35,ru2401P11250,ru2401P11250,110.0,0.0,0.0,0.0,4,64.0,597.0,1,110.0,88.0,0.0,0.0,0.0,0.0,47
2023-05-09 21:04:36,ru2401P11250,ru2401P11250,110.0,0.0,0.0,0.0,4,64.0,596.0,2,110.0,88.0,0.0,0.0,0.0,0.0,47
2023-05-09 21:04:36,ru2401P11250,ru2401P11250,110.0,0.0,0.0,0.0,4,64.0,596.0,2,110.0,88.0,0.0,0.0,0.0,0.0,47
2023-05-09 21:04:37,ru2401P11250,ru2401P11250,110.0,0.0,0.0,0.0,4,64.0,595.0,1,110.0,88.0,0.0,0.0,0.0,0.0,47
2023-05-09 21:04:37,ru2401P11250,ru2401P11250,110.0,0.0,0.0,0.0,4,64.0,594.0,2,110.0,88.0,0.0,0.0,0.0,0.0,47
2023-05-09 21:04:38,ru2401P11250,ru2401P11250,110.0,0.0,0.0,0.0,4,64.0,594.0,2,110.0,88.0,0.0,0.0,0.0,0.0,47
2023-05-09 21:04:38,ru2401P11250,ru2401P11250,110.0,0.0,0.0,0.0,4,64.0,593.0,1,110.0,88.0,0.0,0.0,0.0,0.0,47
2023-05-09 21:04:39,ru2401P11250,ru2401P11250,110.0,0.0,0.0,0.0,4,64.0,592.0,2,110.0,88.0,0.0,0.0,0.0,0.0,47
2023-05-09 21:04:39,ru2401P11250,ru2401P11250,110.0,0.0,0.0,0.0,4,64.0,592.0,2,110.0,88.0,0.0,0.0,0.0,0.0,47
2023-05-09 21:04:40,ru2401P11250,ru2401P11250,110.0,0.0,0.0,0.0,4,64.0,591.0,1,110.0,88.0,0.0,0.0,0.0,0.0,47
2023-05-09 21:04:40,ru2401P11250,ru2401P11250,110.0,0.0,0.0,0.0,4,64.0,590.0,2,110.0,88.0,0.0,0.0,0.0,0.0,47
2023-05-09 21:04:41,ru2401P11250,ru2401P11250,110.0,0.0,0.0,0.0,4,64.0,589.0,1,110.0,88.0,0.0,0.0,0.0,0.0,47
2023-05-09 21:04:41,ru2401P11250,ru2401P11250,110.0,0.0,0.0,0.0,4,64.0,588.0,2,110.0,88.0,0.0,0.0,0.0,0.0,47
2023-05-09 21:04:42,ru2401P11250,ru2401P11250,110.0,0.0,0.0,0.0,4,64.0,588.0,2,110.0,88.0,0.0,0.0,0.0,0.0,47
2023-05-09 21:04:42,ru2401P11250,ru2401P11250,110.0,0.0,0.0,0.0,4,64.0,587.0,1,110.0,88.0,0.0,0.0,0.0,0.0,47
2023-05-09 21:04:43,ru2401P11250,ru2401P11250,110.0,0.0,0.0,0.0,4,64.0,586.0,2,110.0,88.0,0.0,0.0,0.0,0.0,47
2023-05-09 21:04:43,ru2401P11250,ru2401P11250,110.0,0.0,0.0,0.0,4,64.0,586.0,2,110.0,88.0,0.0,0.0,0.0,0.0,47
2023-05-09 21:04:44,ru2401P11250,ru2401P11250,110.0,0.0,0.0,0.0,4,64.0,585.0,1,110.0,88.0,0.0,0.0,0.0,0.0,47
2023-05-09 21:04:44,ru2401P11250,ru2401P11250,110.0,0.0,0.0,0.0,4,64.0,584.0,2,110.0,88.0,0.0,0.0,0.0,0.0,47
2023-05-09 21:04:45,ru2401P11250,ru2401P11250,110.0,0.0,0.0,0.0,4,64.0,584.0,2,110.0,88.0,0.0,0.0,0.0,0.0,47
2023-05-09 21:04:45,ru2401P11250,ru2401P11250,110.0,0.0,0.0,0.0,4,64.0,583.0,1,110.0,88.0,0.0,0.0,0.0,0.0,47
2023-05-09 21:04:46,ru2401P11250,ru2401P11250,110.0,0.0,0.0,0.0,4,64.0,582.0,2,110.0,88.0,0.0,0.0,0.0,0.0,47
2023-05-09 21:04:46,ru2401P11250,ru2401P11250,110.0,0.0,0.0,0.0,4,64.0,582.0,2,110.0,88.0,0.0,0.0,0.0,0.0,47
2023-05-09 21:04:47,ru2401P11250,ru2401P11250,110.0,0.0,0.0,0.0,4,64.0,581.0,1,110.0,88.0,0.0,0.0,0.0,0.0,47
2023-05-09 21:04:47,ru2401P11250,ru2401P11250,110.0,0.0,0.0,0.0,4,64.0,580.0,2,110.0,88.0,0.0,0.0,0.0,0.0,47
2023-05-09 21:04:48,ru2401P11250,ru2401P11250,110.0,0.0,0.0,0.0,4,64.0,580.0,2,110.0,88.0,0.0,0.0,0.0,0.0,47
2023-05-09 21:04:48,ru2401P11250,ru2401P11250,110.0,0.0,0.0,0.0,4,64.0,579.0,1,110.0,88.0,0.0,0.0,0.0,0.0,47
2023-05-09 21:04:49,ru2401P11250,ru2401P11250,110.0,0.0,0.0,0.0,4,64.0,578.0,2,110.0,88.0,0.0,0.0,0.0,0.0,47
2023-05-09 21:04:49,ru2401P11250,ru2401P11250,110.0,0.0,0.0,0.0,4,64.0,578.0,2,110.0,88.0,0.0,0.0,0.0,0.0,47
2023-05-09 21:04:50,ru2401P11250,ru2401P11250,110.0,0.0,0.0,0.0,4,64.0,577.0,1,110.0,88.0,0.0,0.0,0.0,0.0,47
2023-05-09 21:04:50,ru2401P11250,ru2401P11250,110.0,0.0,0.0,0.0,4,64.0,576.0,2,110.0,88.0,0.0,0.0,0.0,0.0,47
2023-05-09 21:04:51,ru2401P11250,ru2401P11250,110.0,0.0,0.0,0.0,4,64.0,576.0,2,110.0,88.0,0.0,0.0,0.0,0.0,47
2023-05-09 21:04:51,ru2401P11250,ru2401P11250,110.0,0.0,0.0,0.0,4,64.0,575.0,1,110.0,88.0,0.0,0.0,0.0,0.0,47
2023-05-09 21:04:52,ru2401P11250,ru2401P11250,110.0,0.0,0.0,0.0,4,64.0,574.0,2,110.0,88.0,0.0,0.0,0.0,0.0,47
2023-05-09 21:04:52,ru2401P11250,ru2401P11250,110.0,0.0,0.0,0.0,4,64.0,574.0,2,110.0,88.0,0.0,0.0,0.0,0.0,47
2023-05-09 21:04:53,ru2401P11250,ru2401P11250,110.0,0.0,0.0,0.0,4,64.0,573.0,1,110.0,88.0,0.0,0.0,0.0,0.0,47
2023-05-09 21:04:53,ru2401P11250,ru2401P11250,110.0,0.0,0.0,0.0,4,64.0,572.0,2,110.0,88.0,0.0,0.0,0.0,0.0,47
2023-05-09 21:04:54,ru2401P11250,ru2401P11250,110.0,0.0,0.0,0.0,4,64.0,572.0,2,110.0,88.0,0.0,0.0,0.0,0.0,47
2023-05-09 21:04:54,ru2401P11250,ru2401P11250,110.0,0.0,0.0,0.0,4,64.0,571.0,1,110.0,88.0,0.0,0.0,0.0,0.0,47
2023-05-09 21:04:55,ru2401P11250,ru2401P11250,110.0,0.0,0.0,0.0,4,64.0,570.0,2,110.0,88.0,0.0,0.0,0.0,0.0,47
2023-05-09 21:04:55,ru2401P11250,ru2401P11250,110.0,0.0,0.0,0.0,4,64.0,570.0,2,110.0,88.0,0.0,0.0,0.0,0.0,47
2023-05-09 21:04:56,ru2401P11250,ru2401P11250,110.0,0.0,0.0,0.0,4,64.0,569.0,1,110.0,88.0,0.0,0.0,0.0,0.0,47
2023-05-09 21:04:56,ru2401P11250,ru2401P11250,110.0,0.0,0.0,0.0,4,64.0,568.0,2,110.0,88.0,0.0,0.0,0.0,0.0,47
2023-05-09 21:04:57,ru2401P11250,ru2401P11250,110.0,0.0,0.0,0.0,4,64.0,568.0,2,110.0,88.0,0.0,0.0,0.0,0.0,47
2023-05-09 21:04:57,ru2401P11250,ru2401P11250,110.0,0.0,0.0,0.0,4,64.0,567.0,1,110.0,88.0,0.0,0.0,0.0,0.0,47
2023-05-09 21:04:58,ru2401P11250,ru2401P11250,110.0,0.0,0.0,0.0,4,64.0,566.0,2,110.0,88.0,0.0,0.0,0.0,0.0,47
2023-05-09 21:04:58,ru2401P11250,ru2401P11250,110.0,0.0,0.0,0.0,4,64.0,566.0,2,110.0,88.0,0.0,0.0,0.0,0.0,47
2023-05-09 21:04:59,ru2401P11250,ru2401P11250,110.0,0.0,0.0,0.0,4,64.0,565.0,1,110.0,88.0,0.0,0.0,0.0,0.0,47
2023-05-09 21:04:59,ru2401P11250,ru2401P11250,110.0,0.0,0.0,0.0,4,64.0,564.0,2,110.0,88.0,0.0,0.0,0.0,0.0,47
2023-05-09 21:05:00,ru2401P11250,ru2401P11250,110.0,0.0,0.0,0.0,4,64.0,564.0,2,110.0,88.0,0.0,0.0,0.0,0.0,47
2023-05-09 21:05:00,ru2401P11250,ru2401P11250,110.0,0.0,0.0,0.0,4,64.0,563.0,1,110.0,88.0,0.0,0.0,0.0,0.0,47
2023-05-09 21:05:01,ru2401P11250,ru2401P11250,110.0,0.0,0.0,0.0,4,64.0,562.0,2,110.0,88.0,0.0,0.0,0.0,0.0,47
2023-05-09 21:05:01,ru2401P11250,ru2401P11250,110.0,0.0,0.0,0.0,4,64.0,562.0,2,110.0,88.0,0.0,0.0,0.0,0.0,47
2023-05-09 21:05:02,ru2401P11250,ru2401P11250,110.0,0.0,0.0,0.0,4,64.0,561.0,1,110.0,88.0,0.0,0.0,0.0,0.0,47
2023-05-09 21:05:02,ru2401P11250,ru2401P11250,110.0,0.0,0.0,0.0,4,64.0,560.0,2,110.0,88.0,0.0,0.0,0.0,0.0,47
2023-05-09 21:05:03,ru2401P11250,ru2401P11250,110.0,0.0,0.0,0.0,4,64.0,560.0,2,110.0,88.0,0.0,0.0,0.0,0.0,47
2023-05-09 21:05:03,ru2401P11250,ru2401P11250,110.0,0.0,0.0,0.0,4,64.0,559.0,1,110.0,88.0,0.0,0.0,0.0,0.0,47
2023-05-09 21:05:04,ru2401P11250,ru2401P11250,110.0,0.0,0.0,0.0,4,64.0,558.0,2,110.0,88.0,0.0,0.0,0.0,0.0,47
2023-05-09 21:05:04,ru2401P11250,ru2401P11250,110.0,0.0,0.0,0.0,4,64.0,558.0,2,110.0,88.0,0.0,0.0,0.0,0.0,47
2023-05-09 21:05:05,ru2401P11250,ru2401P11250,110.0,0.0,0.0,0.0,4,64.0,557.0,1,110.0,88.0,0.0,0.0,0.0,0.0,47
2023-05-09 21:05:05,ru2401P11250,ru2401P11250,110.0,0.0,0.0,0.0,4,64.0,556.0,2,110.0,88.0,0.0,0.0,0.0,0.0,47
2023-05-09 21:05:06,ru2401P11250,ru2401P11250,110.0,0.0,0.0,0.0,4,64.0,556.0,2,110.0,88.0,0.0,0.0,0.0,0.0,47
2023-05-09 21:05:06,ru2401P11250,ru2401P11250,110.0,0.0,0.0,0.0,4,64.0,555.0,1,110.0,88.0,0.0,0.0,0.0,0.0,47
2023-05-09 21:05:07,ru2401P11250,ru2401P11250,110.0,0.0,0.0,0.0,4,64.0,554.0,2,110.0,88.0,0.0,0.0,0.0,0.0,47
2023-05-09 21:05:07,ru2401P11250,ru2401P11250,110.0,0.0,0.0,0.0,4,64.0,554.0,2,110.0,88.0,0.0,0.0,0.0,0.0,47
2023-05-09 21:05:08,ru2401P11250,ru2401P11250,110.0,0.0,0.0,0.0,4,64.0,553.0,1,110.0,88.0,0.0,0.0,0.0,0.0,47
2023-05-09 21:05:08,ru2401P11250,ru2401P11250,110.0,0.0,0.0,0.0,4,64.0,552.0,2,110.0,88.0,0.0,0.0,0.0,0.0,47
2023-05-09 21:05:09,ru2401P11250,ru2401P11250,110.0,0.0,0.0,0.0,4,64.0,552.0,2,110.0,88.0,0.0,0.0,0.0,0.0,47
2023-05-09 21:05:09,ru2401P11250,ru2401P11250,110.0,0.0,0.0,0.0,4,64.0,551.0,1,110.0,88.0,0.0,0.0,0.0,0.0,47
2023-05-09 21:05:10,ru2401P11250,ru2401P11250,110.0,0.0,0.0,0.0,4,64.0,550.0,2,110.0,88.0,0.0,0.0,0.0,0.0,47
2023-05-09 21:05:10,ru2401P11250,ru2401P11250,110.0,0.0,0.0,0.0,4,64.0,550.0,2,110.0,88.0,0.0,0.0,0.0,0.0,47
2023-05-09 21:05:11,ru2401P11250,ru2401P11250,110.0,0.0,0.0,0.0,4,64.0,549.0,1,110.0,88.0,0.0,0.0,0.0,0.0,47
2023-05-09 21:05:11,ru2401P11250,ru2401P11250,110.0,0.0,0.0,0.0,4,64.0,548.0,2,110.0,88.0,0.0,0.0,0.0,0.0,47
2023-05-09 21:05:12,ru2401P11250,ru2401P11250,110.0,0.0,0.0,0.0,4,64.0,548.0,2,110.0,88.0,0.0,0.0,0.0,0.0,47
2023-05-09 21:05:12,ru2401P11250,ru2401P11250,110.0,0.0,0.0,0.0,4,64.0,547.0,1,110.0,88.0,0.0,0.0,0.0,0.0,47
2023-05-09 21:05:13,ru2401P11250,ru2401P11250,110.0,0.0,0.0,0.0,4,64.0,546.0,2,110.0,88.0,0.0,0.0,0.0,0.0,47
2023-05-09 21:05:13,ru2401P11250,ru2401P11250,110.0,0.0,0.0,0.0,4,64.0,546.0,2,110.0,88.0,0.0,0.0,0.0,0.0,47
2023-05-09 21:05:14,ru2401P11250,ru2401P11250,110.0,0.0,0.0,0.0,4,64.0,545.0,1,110.0,88.0,0.0,0.0,0.0,0.0,47
2023-05-09 21:05:14,ru2401P11250,ru2401P11250,110.0,0.0,0.0,0.0,4,64.0,544.0,2,110.0,88.0,0.0,0.0,0.0,0.0,47
2023-05-09 21:05:15,ru2401P11250,ru2401P11250,110.0,0.0,0.0,0.0,4,64.0,544.0,2,110.0,88.0,0.0,0.0,0.0,0.0,47
2023-05-09 21:05:15,ru2401P11250,ru2401P11250,110.0,0.0,0.0,0.0,4,64.0,543.0,1,110.0,88.0,0.0,0.0,0.0,0.0,47
2023-05-09 21:05:16,ru2401P11250,ru2401P11250,110.0,0.0,0.0,0.0,4,64.0,542.0,2,110.0,88.0,0.0,0.0,0.0,0.0,47
2023-05-09 21:05:16,ru2401P11250,ru2401P11250,110.0,0.0,0.0,0.0,4,64.0,542.0,2,110.0,88.0,0.0,0.0,0.0,0.0,47
2023-05-09 21:05:17,ru2401P11250,ru2401P11250,110.0,0.0,0.0,0.0,4,64.0,541.0,1,110.0,88.0,0.0,0.0,0.0,0.0,47
2023-05-09 21:05:17,ru2401P11250,ru2401P11250,110.0,0.0,0.0,0.0,4,64.0,540.0,2,110.0,88.0,0.0,0.0,0.0,0.0,47
2023-05-09 21:05:18,ru2401P11250,ru2401P11250,110.0,0.0,0.0,0.0,4,64.0,540.0,2,110.0,88.0,0.0,0.0,0.0,0.0,47
2023-05-09 21:05:18,ru2401P11250,ru2401P11250,110.0,0.0,0.0,0.0,4,64.0,539.0,1,110.0,88.0,0.0,0.0,0.0,0.0,47
2023-05-09 21:05:19,ru2401P11250,ru2401P11250,110.0,0.0,0.0,0.0,4,64.0,538.0,2,110.0,88.0,0.0,0.0,0.0,0.0,47
2023-05-09 21:05:19,ru2401P11250,ru2401P11250,110.0,0.0,0.0,0.0,4,64.0,538.0,2,110.0,88.0,0.0,0.0,0.0,0.0,47
2023-05-09 21:05:20,ru2401P11250,ru2401P11250,110.0,0.0,0.0,0.0,4,64.0,537.0,1,110.0,88.0,0.0,0.0,0.0,0.0,47
2023-05-09 21:05:20,ru2401P11250,ru2401P11250,110.0,0.0,0.0,0.0,4,64.0,536.0,2,110.0,88.0,0.0,0.0,0.0,0.0,47
2023-05-09 21:05:21,ru2401P11250,ru2401P11250,110.0,0.0,0.0,0.0,4,64.0,536.0,2,110.0,88.0,0.0,0.0,0.0,0.0,47
2023-05-09 21:05:21,ru2401P11250,ru2401P11250,110.0,0.0,0.0,0.0,4,64.0,535.0,1,110.0,88.0,0.0,0.0,0.0,0.0,47
2023-05-09 21:05:22,ru2401P11250,ru2401P11250,110.0,0.0,0.0,0.0,4,64.0,534.0,2,110.0,88.0,0.0,0.0,0.0,0.0,47
2023-05-09 21:05:22,ru2401P11250,ru2401P11250,110.0,0.0,0.0,0.0,4,64.0,534.0,2,110.0,88.0,0.0,0.0,0.0,0.0,47
2023-05-09 21:05:23,ru2401P11250,ru2401P11250,110.0,0.0,0.0,0.0,4,64.0,533.0,1,110.0,88.0,0.0,0.0,0.0,0.0,47
2023-05-09 21:05:23,ru2401P11250,ru2401P11250,110.0,0.0,0.0,0.0,4,64.0,532.0,2,110.0,88.0,0.0,0.0,0.0,0.0,47
2023-05-09 21:05:24,ru2401P11250,ru2401P11250,110.0,0.0,0.0,0.0,4,64.0,532.0,2,110.0,88.0,0.0,0.0,0.0,0.0,47
2023-05-09 21:05:24,ru2401P11250,ru2401P11250,110.0,0.0,0.0,0.0,4,64.0,531.0,1,110.0,88.0,0.0,0.0,0.0,0.0,47
2023-05-09 21:05:25,ru2401P11250,ru2401P11250,110.0,0.0,0.0,0.0,4,64.0,530.0,2,110.0,88.0,0.0,0.0,0.0,0.0,47
2023-05-09 21:05:25,ru2401P11250,ru2401P11250,110.0,0.0,0.0,0.0,4,64.0,530.0,2,110.0,88.0,0.0,0.0,0.0,0.0,47
2023-05-09 21:05:26,ru2401P11250,ru2401P11250,110.0,0.0,0.0,0.0,4,64.0,529.0,1,110.0,88.0,0.0,0.0,0.0,0.0,47
2023-05-09 21:05:26,ru2401P11250,ru2401P11250,110.0,0.0,0.0,0.0,4,64.0,528.0,2,110.0,88.0,0.0,0.0,0.0,0.0,47
2023-05-09 21:05:27,ru2401P11250,ru2401P11250,110.0,0.0,0.0,0.0,4,64.0,528.0,2,110.0,88.0,0.0,0.0,0.0,0.0,47
2023-05-09 21:05:27,ru2401P11250,ru2401P11250,110.0,0.0,0.0,0.0,4,64.0,527.0,1,110.0,88.0,0.0,0.0,0.0,0.0,47
2023-05-09 21:05:28,ru2401P11250,ru2401P11250,110.0,0.0,0.0,0.0,4,64.0,526.0,2,110.0,88.0,0.0,0.0,0.0,0.0,47
2023-05-09 21:05:28,ru2401P11250,ru2401P11250,110.0,0.0,0.0,0.0,4,64.0,526.0,2,110.0,88.0,0.0,0.0,0.0,0.0,47
2023-05-09 21:05:29,ru2401P11250,ru2401P11250,110.0,0.0,0.0,0.0,4,64.0,525.0,1,110.0,88.0,0.0,0.0,0.0,0.0,47
2023-05-09 21:05:29,ru2401P11250,ru2401P11250,110.0,0.0,0.0,0.0,4,64.0,524.0,2,110.0,88.0,0.0,0.0,0.0,0.0,47
2023-05-09 21:05:30,ru2401P11250,ru2401P11250,110.0,0.0,0.0,0.0,4,64.0,524.0,2,110.0,88.0,0.0,0.0,0.0,0.0,47
2023-05-09 21:05:30,ru2401P11250,ru2401P11250,110.0,0.0,0.0,0.0,4,64.0,523.0,1,110.0,88.0,0.0,0.0,0.0,0.0,47
2023-05-09 21:05:31,ru2401P11250,ru2401P11250,110.0,0.0,0.0,0.0,4,64.0,522.0,2,110.0,88.0,0.0,0.0,0.0,0.0,47
2023-05-09 21:05:31,ru2401P11250,ru2401P11250,110.0,0.0,0.0,0.0,4,64.0,522.0,2,110.0,88.0,0.0,0.0,0.0,0.0,47
2023-05-09 21:05:32,ru2401P11250,ru2401P11250,110.0,0.0,0.0,0.0,4,64.0,521.0,1,110.0,88.0,0.0,0.0,0.0,0.0,47
2023-05-09 21:05:32,ru2401P11250,ru2401P11250,110.0,0.0,0.0,0.0,4,64.0,520.0,2,110.0,88.0,0.0,0.0,0.0,0.0,47
2023-05-09 21:05:33,ru2401P11250,ru2401P11250,110.0,0.0,0.0,0.0,4,64.0,520.0,2,110.0,88.0,0.0,0.0,0.0,0.0,47
2023-05-09 21:05:33,ru2401P11250,ru2401P11250,110.0,0.0,0.0,0.0,4,64.0,519.0,1,110.0,88.0,0.0,0.0,0.0,0.0,47
2023-05-09 21:05:34,ru2401P11250,ru2401P11250,110.0,0.0,0.0,0.0,4,64.0,518.0,2,110.0,88.0,0.0,0.0,0.0,0.0,47
2023-05-09 21:05:34,ru2401P11250,ru2401P11250,110.0,0.0,0.0,0.0,4,64.0,518.0,2,110.0,88.0,0.0,0.0,0.0,0.0,47
2023-05-09 21:05:35,ru2401P11250,ru2401P11250,110.0,0.0,0.0,0.0,4,64.0,517.0,1,110.0,88.0,0.0,0.0,0.0,0.0,47
2023-05-09 21:05:35,ru2401P11250,ru2401P11250,110.0,0.0,0.0,0.0,4,64.0,516.0,2,110.0,88.0,0.0,0.0,0.0,0.0,47
2023-05-09 21:05:36,ru2401P11250,ru2401P11250,110.0,0.0,0.0,0.0,4,64.0,516.0,2,110.0,88.0,0.0,0.0,0.0,0.0,47
2023-05-09 21:05:36,ru2401P11250,ru2401P11250,110.0,0.0,0.0,0.0,4,64.0,515.0,1,110.0,88.0,0.0,0.0,0.0,0.0,47
2023-05-09 21:05:37,ru2401P11250,ru2401P11250,110.0,0.0,0.0,0.0,4,64.0,514.0,2,110.0,88.0,0.0,0.0,0.0,0.0,47
2023-05-09 21:05:37,ru2401P11250,ru2401P11250,110.0,0.0,0.0,0.0,4,64.0,514.0,2,110.0,88.0,0.0,0.0,0.0,0.0,47
2023-05-09 21:05:38,ru2401P11250,ru2401P11250,110.0,0.0,0.0,0.0,4,64.0,513.0,1,110.0,88.0,0.0,0.0,0.0,0.0,47
2023-05-09 21:05:38,ru2401P11250,ru2401P11250,110.0,0.0,0.0,0.0,4,64.0,512.0,2,110.0,88.0,0.0,0.0,0.0,0.0,47
2023-05-09 21:05:39,ru2401P11250,ru2401P11250,110.0,0.0,0.0,0.0,4,64.0,512.0,2,110.0,88.0,0.0,0.0,0.0,0.0,47
2023-05-09 21:06:04,ru2401P11250,ru2401P11250,110.0,0.0,0.0,0.0,4,64.0,511.0,1,110.0,88.0,0.0,0.0,0.0,0.0,47
2023-05-09 21:06:04,ru2401P11250,ru2401P11250,110.0,0.0,0.0,0.0,2,65.0,510.0,2,110.0,88.0,0.0,0.0,0.0,0.0,47
2023-05-09 21:06:05,ru2401P11250,ru2401P11250,110.0,0.0,0.0,0.0,2,66.0,510.0,2,110.0,88.0,0.0,0.0,0.0,0.0,47
2023-05-09 21:06:05,ru2401P11250,ru2401P11250,110.0,0.0,0.0,0.0,1,67.0,509.0,1,110.0,88.0,0.0,0.0,0.0,0.0,47
2023-05-09 21:06:06,ru2401P11250,ru2401P11250,110.0,0.0,0.0,0.0,1,67.0,508.0,2,110.0,88.0,0.0,0.0,0.0,0.0,47
2023-05-09 21:06:06,ru2401P11250,ru2401P11250,110.0,0.0,0.0,0.0,2,68.0,508.0,2,110.0,88.0,0.0,0.0,0.0,0.0,47
2023-05-09 21:06:07,ru2401P11250,ru2401P11250,110.0,0.0,0.0,0.0,2,68.0,507.0,1,110.0,88.0,0.0,0.0,0.0,0.0,47
2023-05-09 21:06:07,ru2401P11250,ru2401P11250,110.0,0.0,0.0,0.0,1,69.0,506.0,2,110.0,88.0,0.0,0.0,0.0,0.0,47
2023-05-09 21:06:08,ru2401P11250,ru2401P11250,110.0,0.0,0.0,0.0,2,70.0,506.0,2,110.0,88.0,0.0,0.0,0.0,0.0,47
2023-05-09 21:06:08,ru2401P11250,ru2401P11250,110.0,0.0,0.0,0.0,2,70.0,505.0,1,110.0,88.0,0.0,0.0,0.0,0.0,47
2023-05-09 21:06:09,ru2401P11250,ru2401P11250,110.0,0.0,0.0,0.0,1,71.0,504.0,2,110.0,88.0,0.0,0.0,0.0,0.0,47
2023-05-09 21:06:09,ru2401P11250,ru2401P11250,110.0,0.0,0.0,0.0,1,71.0,503.0,1,110.0,88.0,0.0,0.0,0.0,0.0,47
2023-05-09 21:06:10,ru2401P11250,ru2401P11250,110.0,0.0,0.0,0.0,1,71.0,502.0,2,110.0,88.0,0.0,0.0,0.0,0.0,47
2023-05-09 21:06:10,ru2401P11250,ru2401P11250,110.0,0.0,0.0,0.0,1,71.0,502.0,2,110.0,88.0,0.0,0.0,0.0,0.0,47
2023-05-09 21:06:11,ru2401P11250,ru2401P11250,110.0,0.0,0.0,0.0,1,71.0,501.0,1,110.0,88.0,0.0,0.0,0.0,0.0,47
2023-05-09 21:06:11,ru2401P11250,ru2401P11250,110.0,0.0,0.0,0.0,1,71.0,500.0,2,110.0,88.0,0.0,0.0,0.0,0.0,47
2023-05-09 21:06:12,ru2401P11250,ru2401P11250,110.0,0.0,0.0,0.0,1,71.0,500.0,2,110.0,88.0,0.0,0.0,0.0,0.0,47
2023-05-09 21:06:12,ru2401P11250,ru2401P11250,110.0,0.0,0.0,0.0,1,71.0,499.0,1,110.0,88.0,0.0,0.0,0.0,0.0,47
2023-05-09 21:06:13,ru2401P11250,ru2401P11250,110.0,0.0,0.0,0.0,1,71.0,498.0,2,110.0,88.0,0.0,0.0,0.0,0.0,47
2023-05-09 21:06:13,ru2401P11250,ru2401P11250,110.0,0.0,0.0,0.0,1,71.0,498.0,2,110.0,88.0,0.0,0.0,0.0,0.0,47
2023-05-09 21:06:14,ru2401P11250,ru2401P11250,110.0,0.0,0.0,0.0,1,71.0,497.0,1,110.0,88.0,0.0,0.0,0.0,0.0,47
2023-05-09 21:06:14,ru2401P11250,ru2401P11250,110.0,0.0,0.0,0.0,1,71.0,496.0,2,110.0,88.0,0.0,0.0,0.0,0.0,47
2023-05-09 21:06:15,ru2401P11250,ru2401P11250,110.0,0.0,0.0,0.0,1,71.0,496.0,2,110.0,88.0,0.0,0.0,0.0,0.0,47
2023-05-09 21:06:15,ru2401P11250,ru2401P11250,110.0,0.0,0.0,0.0,1,71.0,495.0,1,110.0,88.0,0.0,0.0,0.0,0.0,47
2023-05-09 21:06:16,ru2401P11250,ru2401P11250,110.0,0.0,0.0,0.0,1,71.0,494.0,2,110.0,88.0,0.0,0.0,0.0,0.0,47
2023-05-09 21:06:16,ru2401P11250,ru2401P11250,110.0,0.0,0.0,0.0,1,71.0,494.0,2,110.0,88.0,0.0,0.0,0.0,0.0,47
2023-05-09 21:06:17,ru2401P11250,ru2401P11250,110.0,0.0,0.0,0.0,1,71.0,493.0,1,110.0,88.0,0.0,0.0,0.0,0.0,47
2023-05-09 21:06:17,ru2401P11250,ru2401P11250,110.0,0.0,0.0,0.0,1,71.0,492.0,2,110.0,88.0,0.0,0.0,0.0,0.0,47
2023-05-09 21:06:18,ru2401P11250,ru2401P11250,110.0,0.0,0.0,0.0,1,71.0,492.0,2,110.0,88.0,0.0,0.0,0.0,0.0,47
2023-05-09 21:06:18,ru2401P11250,ru2401P11250,110.0,0.0,0.0,0.0,1,71.0,491.0,1,110.0,88.0,0.0,0.0,0.0,0.0,47
2023-05-09 21:06:19,ru2401P11250,ru2401P11250,110.0,0.0,0.0,0.0,1,71.0,490.0,2,110.0,88.0,0.0,0.0,0.0,0.0,47
2023-05-09 21:06:19,ru2401P11250,ru2401P11250,110.0,0.0,0.0,0.0,1,71.0,490.0,2,110.0,88.0,0.0,0.0,0.0,0.0,47
2023-05-09 21:06:20,ru2401P11250,ru2401P11250,110.0,0.0,0.0,0.0,1,71.0,489.0,1,110.0,88.0,0.0,0.0,0.0,0.0,47
2023-05-09 21:06:20,ru2401P11250,ru2401P11250,110.0,0.0,0.0,0.0,1,71.0,488.0,2,110.0,88.0,0.0,0.0,0.0,0.0,47
2023-05-09 21:06:21,ru2401P11250,ru2401P11250,110.0,0.0,0.0,0.0,1,71.0,488.0,2,110.0,88.0,0.0,0.0,0.0,0.0,47
2023-05-09 21:06:21,ru2401P11250,ru2401P11250,110.0,0.0,0.0,0.0,1,71.0,487.0,1,110.0,88.0,0.0,0.0,0.0,0.0,47
2023-05-09 21:06:22,ru2401P11250,ru2401P11250,110.0,0.0,0.0,0.0,1,71.0,486.0,2,110.0,88.0,0.0,0.0,0.0,0.0,47
2023-05-09 21:06:22,ru2401P11250,ru2401P11250,110.0,0.0,0.0,0.0,1,71.0,486.0,2,110.0,88.0,0.0,0.0,0.0,0.0,47
2023-05-09 21:06:23,ru2401P11250,ru2401P11250,110.0,0.0,0.0,0.0,1,71.0,485.0,1,110.0,88.0,0.0,0.0,0.0,0.0,47
2023-05-09 21:06:23,ru2401P11250,ru2401P11250,110.0,0.0,0.0,0.0,1,71.0,484.0,2,110.0,88.0,0.0,0.0,0.0,0.0,47
2023-05-09 21:06:24,ru2401P11250,ru2401P11250,110.0,0.0,0.0,0.0,1,71.0,484.0,2,110.0,88.0,0.0,0.0,0.0,0.0,47
2023-05-09 21:06:24,ru2401P11250,ru2401P11250,110.0,0.0,0.0,0.0,1,71.0,483.0,1,110.0,88.0,0.0,0.0,0.0,0.0,47
2023-05-09 21:06:25,ru2401P11250,ru2401P11250,110.0,0.0,0.0,0.0,1,71.0,482.0,2,110.0,88.0,0.0,0.0,0.0,0.0,47
2023-05-09 21:06:25,ru2401P11250,ru2401P11250,110.0,0.0,0.0,0.0,1,71.0,482.0,2,110.0,88.0,0.0,0.0,0.0,0.0,47
2023-05-09 21:06:26,ru2401P11250,ru2401P11250,110.0,0.0,0.0,0.0,1,71.0,481.0,1,110.0,88.0,0.0,0.0,0.0,0.0,47
2023-05-09 21:06:26,ru2401P11250,ru2401P11250,110.0,0.0,0.0,0.0,1,71.0,480.0,2,110.0,88.0,0.0,0.0,0.0,0.0,47
2023-05-09 21:06:27,ru2401P11250,ru2401P11250,110.0,0.0,0.0,0.0,1,71.0,480.0,2,110.0,88.0,0.0,0.0,0.0,0.0,47
2023-05-09 21:06:27,ru2401P11250,ru2401P11250,110.0,0.0,0.0,0.0,1,71.0,479.0,1,110.0,88.0,0.0,0.0,0.0,0.0,47
2023-05-09 21:06:28,ru2401P11250,ru2401P11250,110.0,0.0,0.0,0.0,1,71.0,478.0,2,110.0,88.0,0.0,0.0,0.0,0.0,47
2023-05-09 21:06:28,ru2401P11250,ru2401P11250,110.0,0.0,0.0,0.0,1,71.0,478.0,2,110.0,88.0,0.0,0.0,0.0,0.0,47
2023-05-09 21:06:29,ru2401P11250,ru2401P11250,110.0,0.0,0.0,0.0,1,71.0,477.0,1,110.0,88.0,0.0,0.0,0.0,0.0,47
2023-05-09 21:06:29,ru2401P11250,ru2401P11250,110.0,0.0,0.0,0.0,1,71.0,476.0,2,110.0,88.0,0.0,0.0,0.0,0.0,47
2023-05-09 21:06:30,ru2401P11250,ru2401P11250,110.0,0.0,0.0,0.0,1,71.0,476.0,2,110.0,88.0,0.0,0.0,0.0,0.0,47
2023-05-09 21:06:30,ru2401P11250,ru2401P11250,110.0,0.0,0.0,0.0,1,71.0,475.0,1,110.0,88.0,0.0,0.0,0.0,0.0,47
2023-05-09 21:06:31,ru2401P11250,ru2401P11250,110.0,0.0,0.0,0.0,1,71.0,474.0,2,110.0,88.0,0.0,0.0,0.0,0.0,47
2023-05-09 21:06:31,ru2401P11250,ru2401P11250,110.0,0.0,0.0,0.0,1,71.0,474.0,2,110.0,88.0,0.0,0.0,0.0,0.0,47
2023-05-09 21:06:32,ru2401P11250,ru2401P11250,110.0,0.0,0.0,0.0,1,71.0,473.0,1,110.0,88.0,0.0,0.0,0.0,0.0,47
2023-05-09 21:06:32,ru2401P11250,ru2401P11250,110.0,0.0,0.0,0.0,1,71.0,472.0,2,110.0,88.0,0.0,0.0,0.0,0.0,47
2023-05-09 21:06:33,ru2401P11250,ru2401P11250,110.0,0.0,0.0,0.0,1,71.0,472.0,2,110.0,88.0,0.0,0.0,0.0,0.0,47
2023-05-09 21:06:33,ru2401P11250,ru2401P11250,110.0,0.0,0.0,0.0,1,71.0,471.0,1,110.0,88.0,0.0,0.0,0.0,0.0,47
2023-05-09 21:06:34,ru2401P11250,ru2401P11250,110.0,0.0,0.0,0.0,1,71.0,470.0,2,110.0,88.0,0.0,0.0,0.0,0.0,47
2023-05-09 21:06:34,ru2401P11250,ru2401P11250,110.0,0.0,0.0,0.0,1,71.0,470.0,2,110.0,88.0,0.0,0.0,0.0,0.0,47
2023-05-09 21:06:35,ru2401P11250,ru2401P11250,110.0,0.0,0.0,0.0,1,71.0,469.0,1,110.0,88.0,0.0,0.0,0.0,0.0,47
2023-05-09 21:06:35,ru2401P11250,ru2401P11250,110.0,0.0,0.0,0.0,1,71.0,468.0,2,110.0,88.0,0.0,0.0,0.0,0.0,47
2023-05-09 21:06:36,ru2401P11250,ru2401P11250,110.0,0.0,0.0,0.0,1,71.0,468.0,2,110.0,88.0,0.0,0.0,0.0,0.0,47
2023-05-09 21:06:36,ru2401P11250,ru2401P11250,110.0,0.0,0.0,0.0,1,71.0,467.0,1,110.0,88.0,0.0,0.0,0.0,0.0,47
2023-05-09 21:06:37,ru2401P11250,ru2401P11250,110.0,0.0,0.0,0.0,1,71.0,466.0,2,110.0,88.0,0.0,0.0,0.0,0.0,47
2023-05-09 21:06:37,ru2401P11250,ru2401P11250,110.0,0.0,0.0,0.0,1,71.0,466.0,2,110.0,88.0,0.0,0.0,0.0,0.0,47
2023-05-09 21:06:38,ru2401P11250,ru2401P11250,110.0,0.0,0.0,0.0,1,71.0,465.0,1,110.0,88.0,0.0,0.0,0.0,0.0,47
2023-05-09 21:06:38,ru2401P11250,ru2401P11250,110.0,0.0,0.0,0.0,1,71.0,464.0,2,110.0,88.0,0.0,0.0,0.0,0.0,47
2023-05-09 21:06:39,ru2401P11250,ru2401P11250,110.0,0.0,0.0,0.0,1,71.0,464.0,2,110.0,88.0,0.0,0.0,0.0,0.0,47
2023-05-09 21:06:39,ru2401P11250,ru2401P11250,110.0,0.0,0.0,0.0,1,71.0,463.0,1,110.0,88.0,0.0,0.0,0.0,0.0,47
2023-05-09 21:06:40,ru2401P11250,ru2401P11250,110.0,0.0,0.0,0.0,1,71.0,462.0,2,110.0,88.0,0.0,0.0,0.0,0.0,47
2023-05-09 21:06:40,ru2401P11250,ru2401P11250,110.0,0.0,0.0,0.0,1,71.0,462.0,2,110.0,88.0,0.0,0.0,0.0,0.0,47
2023-05-09 21:06:41,ru2401P11250,ru2401P11250,110.0,0.0,0.0,0.0,1,71.0,461.0,1,110.0,88.0,0.0,0.0,0.0,0.0,47
2023-05-09 21:06:41,ru2401P11250,ru2401P11250,110.0,0.0,0.0,0.0,1,71.0,460.0,2,110.0,88.0,0.0,0.0,0.0,0.0,47
2023-05-09 21:06:42,ru2401P11250,ru2401P11250,110.0,0.0,0.0,0.0,1,71.0,460.0,2,110.0,88.0,0.0,0.0,0.0,0.0,47
2023-05-09 21:06:42,ru2401P11250,ru2401P11250,110.0,0.0,0.0,0.0,1,71.0,459.0,1,110.0,88.0,0.0,0.0,0.0,0.0,47
2023-05-09 21:06:43,ru2401P11250,ru2401P11250,110.0,0.0,0.0,0.0,1,71.0,458.0,2,110.0,88.0,0.0,0.0,0.0,0.0,47
2023-05-09 21:06:43,ru2401P11250,ru2401P11250,110.0,0.0,0.0,0.0,1,71.0,458.0,2,110.0,88.0,0.0,0.0,0.0,0.0,47
2023-05-09 21:06:44,ru2401P11250,ru2401P11250,110.0,0.0,0.0,0.0,1,71.0,457.0,1,110.0,88.0,0.0,0.0,0.0,0.0,47
2023-05-09 21:06:44,ru2401P11250,ru2401P11250,110.0,0.0,0.0,0.0,1,71.0,456.0,2,110.0,88.0,0.0,0.0,0.0,0.0,47
2023-05-09 21:06:45,ru2401P11250,ru2401P11250,110.0,0.0,0.0,0.0,1,71.0,456.0,2,110.0,88.0,0.0,0.0,0.0,0.0,47
2023-05-09 21:06:45,ru2401P11250,ru2401P11250,110.0,0.0,0.0,0.0,1,71.0,455.0,1,110.0,88.0,0.0,0.0,0.0,0.0,47
2023-05-09 21:06:46,ru2401P11250,ru2401P11250,110.0,0.0,0.0,0.0,1,71.0,454.0,2,110.0,88.0,0.0,0.0,0.0,0.0,47
2023-05-09 21:06:46,ru2401P11250,ru2401P11250,110.0,0.0,0.0,0.0,1,71.0,454.0,2,110.0,88.0,0.0,0.0,0.0,0.0,47
2023-05-09 21:06:47,ru2401P11250,ru2401P11250,110.0,0.0,0.0,0.0,1,71.0,453.0,1,110.0,88.0,0.0,0.0,0.0,0.0,47
2023-05-09 21:06:47,ru2401P11250,ru2401P11250,110.0,0.0,0.0,0.0,1,71.0,452.0,2,110.0,88.0,0.0,0.0,0.0,0.0,47
2023-05-09 21:06:48,ru2401P11250,ru2401P11250,110.0,0.0,0.0,0.0,1,71.0,452.0,2,110.0,88.0,0.0,0.0,0.0,0.0,47
2023-05-09 21:06:48,ru2401P11250,ru2401P11250,110.0,0.0,0.0,0.0,1,71.0,451.0,1,110.0,88.0,0.0,0.0,0.0,0.0,47
2023-05-09 21:06:49,ru2401P11250,ru2401P11250,110.0,0.0,0.0,0.0,1,71.0,450.0,2,110.0,88.0,0.0,0.0,0.0,0.0,47
2023-05-09 21:06:49,ru2401P11250,ru2401P11250,110.0,0.0,0.0,0.0,1,71.0,450.0,2,110.0,88.0,0.0,0.0,0.0,0.0,47
2023-05-09 21:06:50,ru2401P11250,ru2401P11250,110.0,0.0,0.0,0.0,1,71.0,449.0,1,110.0,88.0,0.0,0.0,0.0,0.0,47
2023-05-09 21:06:50,ru2401P11250,ru2401P11250,110.0,0.0,0.0,0.0,1,71.0,448.0,2,110.0,88.0,0.0,0.0,0.0,0.0,47
2023-05-09 21:06:51,ru2401P11250,ru2401P11250,110.0,0.0,0.0,0.0,1,71.0,448.0,2,110.0,88.0,0.0,0.0,0.0,0.0,47
2023-05-09 21:06:51,ru2401P11250,ru2401P11250,110.0,0.0,0.0,0.0,1,71.0,447.0,1,110.0,88.0,0.0,0.0,0.0,0.0,47
2023-05-09 21:06:52,ru2401P11250,ru2401P11250,110.0,0.0,0.0,0.0,1,71.0,446.0,2,110.0,88.0,0.0,0.0,0.0,0.0,47
2023-05-09 21:06:52,ru2401P11250,ru2401P11250,110.0,0.0,0.0,0.0,1,71.0,446.0,2,110.0,88.0,0.0,0.0,0.0,0.0,47
2023-05-09 21:06:53,ru2401P11250,ru2401P11250,110.0,0.0,0.0,0.0,1,71.0,445.0,1,110.0,88.0,0.0,0.0,0.0,0.0,47
2023-05-09 21:06:53,ru2401P11250,ru2401P11250,110.0,0.0,0.0,0.0,1,71.0,444.0,2,110.0,88.0,0.0,0.0,0.0,0.0,47
2023-05-09 21:06:54,ru2401P11250,ru2401P11250,110.0,0.0,0.0,0.0,1,71.0,444.0,2,110.0,88.0,0.0,0.0,0.0,0.0,47
2023-05-09 21:06:54,ru2401P11250,ru2401P11250,110.0,0.0,0.0,0.0,1,71.0,443.0,1,110.0,88.0,0.0,0.0,0.0,0.0,47
2023-05-09 21:06:55,ru2401P11250,ru2401P11250,110.0,0.0,0.0,0.0,1,71.0,442.0,2,110.0,88.0,0.0,0.0,0.0,0.0,47
2023-05-09 21:06:55,ru2401P11250,ru2401P11250,110.0,0.0,0.0,0.0,1,71.0,442.0,2,110.0,88.0,0.0,0.0,0.0,0.0,47
2023-05-09 21:06:56,ru2401P11250,ru2401P11250,110.0,0.0,0.0,0.0,1,71.0,441.0,1,110.0,88.0,0.0,0.0,0.0,0.0,47
2023-05-09 21:06:56,ru2401P11250,ru2401P11250,110.0,0.0,0.0,0.0,1,71.0,440.0,2,110.0,88.0,0.0,0.0,0.0,0.0,47
2023-05-09 21:06:57,ru2401P11250,ru2401P11250,110.0,0.0,0.0,0.0,1,71.0,440.0,2,110.0,88.0,0.0,0.0,0.0,0.0,47
2023-05-09 21:06:57,ru2401P11250,ru2401P11250,110.0,0.0,0.0,0.0,1,71.0,439.0,1,110.0,88.0,0.0,0.0,0.0,0.0,47
2023-05-09 21:06:58,ru2401P11250,ru2401P11250,110.0,0.0,0.0,0.0,1,71.0,438.0,2,110.0,88.0,0.0,0.0,0.0,0.0,47
2023-05-09 21:06:58,ru2401P11250,ru2401P11250,110.0,0.0,0.0,0.0,1,71.0,438.0,2,110.0,88.0,0.0,0.0,0.0,0.0,47
2023-05-09 21:06:59,ru2401P11250,ru2401P11250,110.0,0.0,0.0,0.0,1,71.0,437.0,1,110.0,88.0,0.0,0.0,0.0,0.0,47
2023-05-09 21:06:59,ru2401P11250,ru2401P11250,110.0,0.0,0.0,0.0,1,71.0,436.0,2,110.0,88.0,0.0,0.0,0.0,0.0,47
2023-05-09 21:07:00,ru2401P11250,ru2401P11250,110.0,0.0,0.0,0.0,1,71.0,436.0,2,110.0,88.0,0.0,0.0,0.0,0.0,47
2023-05-09 21:07:00,ru2401P11250,ru2401P11250,110.0,0.0,0.0,0.0,1,71.0,435.0,1,110.0,88.0,0.0,0.0,0.0,0.0,47
2023-05-09 21:07:01,ru2401P11250,ru2401P11250,110.0,0.0,0.0,0.0,1,71.0,434.0,2,110.0,88.0,0.0,0.0,0.0,0.0,47
2023-05-09 21:07:01,ru2401P11250,ru2401P11250,110.0,0.0,0.0,0.0,1,71.0,434.0,2,110.0,88.0,0.0,0.0,0.0,0.0,47
2023-05-09 21:07:02,ru2401P11250,ru2401P11250,110.0,0.0,0.0,0.0,1,71.0,433.0,1,110.0,88.0,0.0,0.0,0.0,0.0,47
2023-05-09 21:07:02,ru2401P11250,ru2401P11250,110.0,0.0,0.0,0.0,1,71.0,432.0,2,110.0,88.0,0.0,0.0,0.0,0.0,47
2023-05-09 21:07:03,ru2401P11250,ru2401P11250,110.0,0.0,0.0,0.0,1,71.0,432.0,2,110.0,88.0,0.0,0.0,0.0,0.0,47
2023-05-09 21:07:03,ru2401P11250,ru2401P11250,110.0,0.0,0.0,0.0,1,71.0,431.0,1,110.0,88.0,0.0,0.0,0.0,0.0,47
2023-05-09 21:07:04,ru2401P11250,ru2401P11250,110.0,0.0,0.0,0.0,1,71.0,430.0,2,110.0,88.0,0.0,0.0,0.0,0.0,47
2023-05-09 21:07:04,ru2401P11250,ru2401P11250,110.0,0.0,0.0,0.0,1,71.0,430.0,2,110.0,88.0,0.0,0.0,0.0,0.0,47
2023-05-09 21:07:05,ru2401P11250,ru2401P11250,110.0,0.0,0.0,0.0,1,71.0,429.0,1,110.0,88.0,0.0,0.0,0.0,0.0,47
2023-05-09 21:07:05,ru2401P11250,ru2401P11250,110.0,0.0,0.0,0.0,1,71.0,428.0,2,110.0,88.0,0.0,0.0,0.0,0.0,47
2023-05-09 21:07:06,ru2401P11250,ru2401P11250,110.0,0.0,0.0,0.0,1,71.0,428.0,2,110.0,88.0,0.0,0.0,0.0,0.0,47
2023-05-09 21:07:06,ru2401P11250,ru2401P11250,110.0,0.0,0.0,0.0,1,71.0,427.0,1,110.0,88.0,0.0,0.0,0.0,0.0,47
2023-05-09 21:07:07,ru2401P11250,ru2401P11250,110.0,0.0,0.0,0.0,1,71.0,426.0,2,110.0,88.0,0.0,0.0,0.0,0.0,47
2023-05-09 21:07:07,ru2401P11250,ru2401P11250,110.0,0.0,0.0,0.0,1,71.0,426.0,2,110.0,88.0,0.0,0.0,0.0,0.0,47
2023-05-09 21:07:08,ru2401P11250,ru2401P11250,110.0,0.0,0.0,0.0,1,71.0,425.0,1,110.0,88.0,0.0,0.0,0.0,0.0,47
2023-05-09 21:07:08,ru2401P11250,ru2401P11250,110.0,0.0,0.0,0.0,1,71.0,424.0,2,110.0,88.0,0.0,0.0,0.0,0.0,47
2023-05-09 21:07:09,ru2401P11250,ru2401P11250,110.0,0.0,0.0,0.0,1,71.0,424.0,2,110.0,88.0,0.0,0.0,0.0,0.0,47
2023-05-09 21:07:09,ru2401P11250,ru2401P11250,110.0,0.0,0.0,0.0,1,71.0,423.0,1,110.0,88.0,0.0,0.0,0.0,0.0,47
2023-05-09 21:07:10,ru2401P11250,ru2401P11250,110.0,0.0,0.0,0.0,1,71.0,422.0,2,110.0,88.0,0.0,0.0,0.0,0.0,47
2023-05-09 21:07:10,ru2401P11250,ru2401P11250,110.0,0.0,0.0,0.0,1,71.0,422.0,2,110.0,88.0,0.0,0.0,0.0,0.0,47
2023-05-09 21:07:11,ru2401P11250,ru2401P11250,110.0,0.0,0.0,0.0,1,71.0,421.0,1,110.0,88.0,0.0,0.0,0.0,0.0,47
2023-05-09 21:07:11,ru2401P11250,ru2401P11250,110.0,0.0,0.0,0.0,1,71.0,420.0,2,110.0,88.0,0.0,0.0,0.0,0.0,47
2023-05-09 21:07:12,ru2401P11250,ru2401P11250,110.0,0.0,0.0,0.0,1,71.0,420.0,2,110.0,88.0,0.0,0.0,0.0,0.0,47
2023-05-09 21:07:12,ru2401P11250,ru2401P11250,110.0,0.0,0.0,0.0,1,71.0,419.0,1,110.0,88.0,0.0,0.0,0.0,0.0,47
2023-05-09 21:07:13,ru2401P11250,ru2401P11250,110.0,0.0,0.0,0.0,1,71.0,418.0,2,110.0,88.0,0.0,0.0,0.0,0.0,47
2023-05-09 21:07:13,ru2401P11250,ru2401P11250,110.0,0.0,0.0,0.0,1,71.0,418.0,2,110.0,88.0,0.0,0.0,0.0,0.0,47
2023-05-09 21:07:14,ru2401P11250,ru2401P11250,110.0,0.0,0.0,0.0,1,71.0,417.0,1,110.0,88.0,0.0,0.0,0.0,0.0,47
2023-05-09 21:07:14,ru2401P11250,ru2401P11250,110.0,0.0,0.0,0.0,1,71.0,416.0,2,110.0,88.0,0.0,0.0,0.0,0.0,47
2023-05-09 21:07:15,ru2401P11250,ru2401P11250,110.0,0.0,0.0,0.0,1,71.0,416.0,2,110.0,88.0,0.0,0.0,0.0,0.0,47
2023-05-09 21:07:15,ru2401P11250,ru2401P11250,110.0,0.0,0.0,0.0,1,71.0,415.0,1,110.0,88.0,0.0,0.0,0.0,0.0,47
2023-05-09 21:07:16,ru2401P11250,ru2401P11250,110.0,0.0,0.0,0.0,1,71.0,414.0,2,110.0,88.0,0.0,0.0,0.0,0.0,47
2023-05-09 21:07:16,ru2401P11250,ru2401P11250,110.0,0.0,0.0,0.0,1,71.0,414.0,2,110.0,88.0,0.0,0.0,0.0,0.0,47
2023-05-09 21:07:17,ru2401P11250,ru2401P11250,110.0,0.0,0.0,0.0,1,71.0,413.0,1,110.0,88.0,0.0,0.0,0.0,0.0,47
2023-05-09 21:07:17,ru2401P11250,ru2401P11250,110.0,0.0,0.0,0.0,1,71.0,412.0,2,110.0,88.0,0.0,0.0,0.0,0.0,47
2023-05-09 21:07:18,ru2401P11250,ru2401P11250,110.0,0.0,0.0,0.0,1,71.0,412.0,2,110.0,88.0,0.0,0.0,0.0,0.0,47
2023-05-09 21:07:18,ru2401P11250,ru2401P11250,110.0,0.0,0.0,0.0,1,71.0,411.0,1,110.0,88.0,0.0,0.0,0.0,0.0,47
2023-05-09 21:07:19,ru2401P11250,ru2401P11250,110.0,0.0,0.0,0.0,1,71.0,410.0,2,110.0,88.0,0.0,0.0,0.0,0.0,47
2023-05-09 21:07:19,ru2401P11250,ru2401P11250,110.0,0.0,0.0,0.0,1,71.0,410.0,2,110.0,88.0,0.0,0.0,0.0,0.0,47
2023-05-09 21:07:20,ru2401P11250,ru2401P11250,110.0,0.0,0.0,0.0,1,71.0,409.0,1,110.0,88.0,0.0,0.0,0.0,0.0,47
2023-05-09 21:07:20,ru2401P11250,ru2401P11250,110.0,0.0,0.0,0.0,1,71.0,408.0,2,110.0,88.0,0.0,0.0,0.0,0.0,47
2023-05-09 21:07:21,ru2401P11250,ru2401P11250,110.0,0.0,0.0,0.0,1,71.0,408.0,2,110.0,88.0,0.0,0.0,0.0,0.0,47
2023-05-09 21:07:21,ru2401P11250,ru2401P11250,110.0,0.0,0.0,0.0,1,71.0,407.0,1,110.0,88.0,0.0,0.0,0.0,0.0,47
2023-05-09 21:07:22,ru2401P11250,ru2401P11250,110.0,0.0,0.0,0.0,1,71.0,406.0,2,110.0,88.0,0.0,0.0,0.0,0.0,47
2023-05-09 21:07:22,ru2401P11250,ru2401P11250,110.0,0.0,0.0,0.0,1,71.0,406.0,2,110.0,88.0,0.0,0.0,0.0,0.0,47
2023-05-09 21:07:23,ru2401P11250,ru2401P11250,110.0,0.0,0.0,0.0,1,71.0,405.0,1,110.0,88.0,0.0,0.0,0.0,0.0,47
2023-05-09 21:07:23,ru2401P11250,ru2401P11250,110.0,0.0,0.0,0.0,1,71.0,404.0,2,110.0,88.0,0.0,0.0,0.0,0.0,47
2023-05-09 21:07:24,ru2401P11250,ru2401P11250,110.0,0.0,0.0,0.0,1,71.0,404.0,2,110.0,88.0,0.0,0.0,0.0,0.0,47
2023-05-09 21:07:24,ru2401P11250,ru2401P11250,110.0,0.0,0.0,0.0,1,71.0,403.0,1,110.0,88.0,0.0,0.0,0.0,0.0,47
2023-05-09 21:07:25,ru2401P11250,ru2401P11250,110.0,0.0,0.0,0.0,1,71.0,402.0,2,110.0,88.0,0.0,0.0,0.0,0.0,47
2023-05-09 21:07:25,ru2401P11250,ru2401P11250,110.0,0.0,0.0,0.0,1,71.0,402.0,2,110.0,88.0,0.0,0.0,0.0,0.0,47
2023-05-09 21:07:26,ru2401P11250,ru2401P11250,110.0,0.0,0.0,0.0,1,71.0,401.0,1,110.0,88.0,0.0,0.0,0.0,0.0,47
2023-05-09 21:07:26,ru2401P11250,ru2401P11250,110.0,0.0,0.0,0.0,1,71.0,400.0,2,110.0,88.0,0.0,0.0,0.0,0.0,47
2023-05-09 21:07:27,ru2401P11250,ru2401P11250,110.0,0.0,0.0,0.0,1,71.0,400.0,2,110.0,88.0,0.0,0.0,0.0,0.0,47
2023-05-09 21:07:27,ru2401P11250,ru2401P11250,110.0,0.0,0.0,0.0,1,71.0,399.0,1,110.0,88.0,0.0,0.0,0.0,0.0,47
2023-05-09 21:07:28,ru2401P11250,ru2401P11250,110.0,0.0,0.0,0.0,1,71.0,398.0,2,110.0,88.0,0.0,0.0,0.0,0.0,47
2023-05-09 21:07:28,ru2401P11250,ru2401P11250,110.0,0.0,0.0,0.0,1,71.0,398.0,2,110.0,88.0,0.0,0.0,0.0,0.0,47
2023-05-09 21:07:29,ru2401P11250,ru2401P11250,110.0,0.0,0.0,0.0,1,71.0,397.0,1,110.0,88.0,0.0,0.0,0.0,0.0,47
2023-05-09 21:07:29,ru2401P11250,ru2401P11250,110.0,0.0,0.0,0.0,1,71.0,396.0,2,110.0,88.0,0.0,0.0,0.0,0.0,47
2023-05-09 21:07:30,ru2401P11250,ru2401P11250,110.0,0.0,0.0,0.0,1,71.0,396.0,2,110.0,88.0,0.0,0.0,0.0,0.0,47
2023-05-09 21:07:30,ru2401P11250,ru2401P11250,110.0,0.0,0.0,0.0,1,71.0,395.0,1,110.0,88.0,0.0,0.0,0.0,0.0,47
2023-05-09 21:07:31,ru2401P11250,ru2401P11250,110.0,0.0,0.0,0.0,1,71.0,394.0,2,110.0,88.0,0.0,0.0,0.0,0.0,47
2023-05-09 21:07:31,ru2401P11250,ru2401P11250,110.0,0.0,0.0,0.0,1,71.0,394.0,2,110.0,88.0,0.0,0.0,0.0,0.0,47
2023-05-09 21:07:32,ru2401P11250,ru2401P11250,110.0,0.0,0.0,0.0,1,71.0,393.0,1,110.0,88.0,0.0,0.0,0.0,0.0,47
2023-05-09 21:07:32,ru2401P11250,ru2401P11250,110.0,0.0,0.0,0.0,1,71.0,392.0,2,110.0,88.0,0.0,0.0,0.0,0.0,47
2023-05-09 21:07:33,ru2401P11250,ru2401P11250,110.0,0.0,0.0,0.0,1,71.0,392.0,2,110.0,88.0,0.0,0.0,0.0,0.0,47
2023-05-09 21:07:33,ru2401P11250,ru2401P11250,110.0,0.0,0.0,0.0,1,71.0,391.0,1,110.0,88.0,0.0,0.0,0.0,0.0,47
2023-05-09 21:07:34,ru2401P11250,ru2401P11250,110.0,0.0,0.0,0.0,1,71.0,390.0,2,110.0,88.0,0.0,0.0,0.0,0.0,47
2023-05-09 21:07:34,ru2401P11250,ru2401P11250,110.0,0.0,0.0,0.0,1,71.0,390.0,2,110.0,88.0,0.0,0.0,0.0,0.0,47
2023-05-09 21:07:35,ru2401P11250,ru2401P11250,110.0,0.0,0.0,0.0,1,71.0,389.0,1,110.0,88.0,0.0,0.0,0.0,0.0,47
2023-05-09 21:07:35,ru2401P11250,ru2401P11250,110.0,0.0,0.0,0.0,1,71.0,388.0,2,110.0,88.0,0.0,0.0,0.0,0.0,47
2023-05-09 21:07:36,ru2401P11250,ru2401P11250,110.0,0.0,0.0,0.0,1,71.0,388.0,2,110.0,88.0,0.0,0.0,0.0,0.0,47
2023-05-09 21:07:36,ru2401P11250,ru2401P11250,110.0,0.0,0.0,0.0,1,71.0,387.0,1,110.0,88.0,0.0,0.0,0.0,0.0,47
2023-05-09 21:07:37,ru2401P11250,ru2401P11250,110.0,0.0,0.0,0.0,1,71.0,386.0,2,110.0,88.0,0.0,0.0,0.0,0.0,47
2023-05-09 21:07:37,ru2401P11250,ru2401P11250,110.0,0.0,0.0,0.0,1,71.0,386.0,2,110.0,88.0,0.0,0.0,0.0,0.0,47
2023-05-09 21:07:38,ru2401P11250,ru2401P11250,110.0,0.0,0.0,0.0,1,71.0,385.0,1,110.0,88.0,0.0,0.0,0.0,0.0,47
2023-05-09 21:07:38,ru2401P11250,ru2401P11250,110.0,0.0,0.0,0.0,1,71.0,384.0,2,110.0,88.0,0.0,0.0,0.0,0.0,47
2023-05-09 21:07:39,ru2401P11250,ru2401P11250,110.0,0.0,0.0,0.0,1,71.0,384.0,2,110.0,88.0,0.0,0.0,0.0,0.0,47
2023-05-09 21:07:39,ru2401P11250,ru2401P11250,110.0,0.0,0.0,0.0,1,71.0,383.0,1,110.0,88.0,0.0,0.0,0.0,0.0,47
2023-05-09 21:07:40,ru2401P11250,ru2401P11250,110.0,0.0,0.0,0.0,1,71.0,382.0,2,110.0,88.0,0.0,0.0,0.0,0.0,47
2023-05-09 21:07:40,ru2401P11250,ru2401P11250,110.0,0.0,0.0,0.0,1,71.0,382.0,2,110.0,88.0,0.0,0.0,0.0,0.0,47
2023-05-09 21:07:41,ru2401P11250,ru2401P11250,110.0,0.0,0.0,0.0,1,71.0,381.0,1,110.0,88.0,0.0,0.0,0.0,0.0,47
2023-05-09 21:07:41,ru2401P11250,ru2401P11250,110.0,0.0,0.0,0.0,1,71.0,380.0,2,110.0,88.0,0.0,0.0,0.0,0.0,47
2023-05-09 21:07:42,ru2401P11250,ru2401P11250,110.0,0.0,0.0,0.0,1,71.0,380.0,2,110.0,88.0,0.0,0.0,0.0,0.0,47
2023-05-09 21:07:42,ru2401P11250,ru2401P11250,110.0,0.0,0.0,0.0,1,71.0,379.0,1,110.0,88.0,0.0,0.0,0.0,0.0,47
2023-05-09 21:07:43,ru2401P11250,ru2401P11250,110.0,0.0,0.0,0.0,1,71.0,378.0,2,110.0,88.0,0.0,0.0,0.0,0.0,47
2023-05-09 21:07:43,ru2401P11250,ru2401P11250,110.0,0.0,0.0,0.0,1,71.0,378.0,2,110.0,88.0,0.0,0.0,0.0,0.0,47
2023-05-09 21:07:44,ru2401P11250,ru2401P11250,110.0,0.0,0.0,0.0,1,71.0,377.0,1,110.0,88.0,0.0,0.0,0.0,0.0,47
2023-05-09 21:07:44,ru2401P11250,ru2401P11250,110.0,0.0,0.0,0.0,1,71.0,376.0,2,110.0,88.0,0.0,0.0,0.0,0.0,47
2023-05-09 21:07:45,ru2401P11250,ru2401P11250,110.0,0.0,0.0,0.0,1,71.0,376.0,2,110.0,88.0,0.0,0.0,0.0,0.0,47
2023-05-09 21:07:45,ru2401P11250,ru2401P11250,110.0,0.0,0.0,0.0,1,71.0,375.0,1,110.0,88.0,0.0,0.0,0.0,0.0,47
2023-05-09 21:07:46,ru2401P11250,ru2401P11250,110.0,0.0,0.0,0.0,1,71.0,374.0,2,110.0,88.0,0.0,0.0,0.0,0.0,47
2023-05-09 21:07:46,ru2401P11250,ru2401P11250,110.0,0.0,0.0,0.0,1,71.0,374.0,2,110.0,88.0,0.0,0.0,0.0,0.0,47
2023-05-09 21:07:47,ru2401P11250,ru2401P11250,110.0,0.0,0.0,0.0,1,71.0,373.0,1,110.0,88.0,0.0,0.0,0.0,0.0,47
2023-05-09 21:07:47,ru2401P11250,ru2401P11250,110.0,0.0,0.0,0.0,1,71.0,372.0,2,110.0,88.0,0.0,0.0,0.0,0.0,47
2023-05-09 21:07:48,ru2401P11250,ru2401P11250,110.0,0.0,0.0,0.0,1,71.0,372.0,2,110.0,88.0,0.0,0.0,0.0,0.0,47
2023-05-09 21:07:48,ru2401P11250,ru2401P11250,110.0,0.0,0.0,0.0,1,71.0,371.0,1,110.0,88.0,0.0,0.0,0.0,0.0,47
2023-05-09 21:07:49,ru2401P11250,ru2401P11250,110.0,0.0,0.0,0.0,1,71.0,370.0,2,110.0,88.0,0.0,0.0,0.0,0.0,47
2023-05-09 21:07:49,ru2401P11250,ru2401P11250,110.0,0.0,0.0,0.0,1,71.0,370.0,2,110.0,88.0,0.0,0.0,0.0,0.0,47
2023-05-09 21:07:50,ru2401P11250,ru2401P11250,110.0,0.0,0.0,0.0,1,71.0,369.0,1,110.0,88.0,0.0,0.0,0.0,0.0,47
2023-05-09 21:07:50,ru2401P11250,ru2401P11250,110.0,0.0,0.0,0.0,1,71.0,368.0,2,110.0,88.0,0.0,0.0,0.0,0.0,47
2023-05-09 21:07:51,ru2401P11250,ru2401P11250,110.0,0.0,0.0,0.0,1,71.0,368.0,2,110.0,88.0,0.0,0.0,0.0,0.0,47
2023-05-09 21:07:51,ru2401P11250,ru2401P11250,110.0,0.0,0.0,0.0,1,71.0,367.0,1,110.0,88.0,0.0,0.0,0.0,0.0,47
2023-05-09 21:07:52,ru2401P11250,ru2401P11250,110.0,0.0,0.0,0.0,1,71.0,366.0,2,110.0,88.0,0.0,0.0,0.0,0.0,47
2023-05-09 21:07:52,ru2401P11250,ru2401P11250,110.0,0.0,0.0,0.0,1,71.0,366.0,2,110.0,88.0,0.0,0.0,0.0,0.0,47
2023-05-09 21:07:53,ru2401P11250,ru2401P11250,110.0,0.0,0.0,0.0,1,71.0,365.0,1,110.0,88.0,0.0,0.0,0.0,0.0,47
2023-05-09 21:07:53,ru2401P11250,ru2401P11250,110.0,0.0,0.0,0.0,1,71.0,364.0,2,110.0,88.0,0.0,0.0,0.0,0.0,47
2023-05-09 21:07:54,ru2401P11250,ru2401P11250,110.0,0.0,0.0,0.0,1,71.0,364.0,2,110.0,88.0,0.0,0.0,0.0,0.0,47
2023-05-09 21:07:54,ru2401P11250,ru2401P11250,110.0,0.0,0.0,0.0,1,71.0,363.0,1,110.0,88.0,0.0,0.0,0.0,0.0,47
2023-05-09 21:07:55,ru2401P11250,ru2401P11250,110.0,0.0,0.0,0.0,1,71.0,362.0,2,110.0,88.0,0.0,0.0,0.0,0.0,47
2023-05-09 21:07:55,ru2401P11250,ru2401P11250,110.0,0.0,0.0,0.0,1,71.0,362.0,2,110.0,88.0,0.0,0.0,0.0,0.0,47
2023-05-09 21:07:56,ru2401P11250,ru2401P11250,110.0,0.0,0.0,0.0,1,71.0,361.0,1,110.0,88.0,0.0,0.0,0.0,0.0,47
2023-05-09 21:07:56,ru2401P11250,ru2401P11250,110.0,0.0,0.0,0.0,1,71.0,360.0,2,110.0,88.0,0.0,0.0,0.0,0.0,47
2023-05-09 21:07:57,ru2401P11250,ru2401P11250,110.0,0.0,0.0,0.0,1,71.0,360.0,2,110.0,88.0,0.0,0.0,0.0,0.0,47
2023-05-09 21:07:57,ru2401P11250,ru2401P11250,110.0,0.0,0.0,0.0,1,71.0,359.0,1,110.0,88.0,0.0,0.0,0.0,0.0,47
2023-05-09 21:07:58,ru2401P11250,ru2401P11250,110.0,0.0,0.0,0.0,1,71.0,358.0,2,110.0,88.0,0.0,0.0,0.0,0.0,47
2023-05-09 21:07:58,ru2401P11250,ru2401P11250,110.0,0.0,0.0,0.0,1,71.0,358.0,2,110.0,88.0,0.0,0.0,0.0,0.0,47
2023-05-09 21:07:59,ru2401P11250,ru2401P11250,110.0,0.0,0.0,0.0,1,71.0,357.0,1,110.0,88.0,0.0,0.0,0.0,0.0,47
2023-05-09 21:07:59,ru2401P11250,ru2401P11250,110.0,0.0,0.0,0.0,1,71.0,356.0,2,110.0,88.0,0.0,0.0,0.0,0.0,47
2023-05-09 21:08:00,ru2401P11250,ru2401P11250,110.0,0.0,0.0,0.0,1,71.0,356.0,2,110.0,88.0,0.0,0.0,0.0,0.0,47
2023-05-09 21:08:00,ru2401P11250,ru2401P11250,110.0,0.0,0.0,0.0,1,71.0,355.0,1,110.0,88.0,0.0,0.0,0.0,0.0,47
2023-05-09 21:08:01,ru2401P11250,ru2401P11250,110.0,0.0,0.0,0.0,1,71.0,354.0,2,110.0,88.0,0.0,0.0,0.0,0.0,47
2023-05-09 21:08:01,ru2401P11250,ru2401P11250,110.0,0.0,0.0,0.0,1,71.0,354.0,2,110.0,88.0,0.0,0.0,0.0,0.0,47
2023-05-09 21:08:02,ru2401P11250,ru2401P11250,110.0,0.0,0.0,0.0,1,71.0,353.0,1,110.0,88.0,0.0,0.0,0.0,0.0,47
2023-05-09 21:08:02,ru2401P11250,ru2401P11250,110.0,0.0,0.0,0.0,1,71.0,352.0,2,110.0,88.0,0.0,0.0,0.0,0.0,47
2023-05-09 21:08:03,ru2401P11250,ru2401P11250,110.0,0.0,0.0,0.0,1,71.0,352.0,2,110.0,88.0,0.0,0.0,0.0,0.0,47
2023-05-09 21:08:03,ru2401P11250,ru2401P11250,110.0,0.0,0.0,0.0,1,71.0,351.0,1,110.0,88.0,0.0,0.0,0.0,0.0,47
2023-05-09 21:08:04,ru2401P11250,ru2401P11250,110.0,0.0,0.0,0.0,1,71.0,350.0,2,110.0,88.0,0.0,0.0,0.0,0.0,47
2023-05-09 21:08:04,ru2401P11250,ru2401P11250,110.0,0.0,0.0,0.0,1,71.0,350.0,2,110.0,88.0,0.0,0.0,0.0,0.0,47
2023-05-09 21:08:05,ru2401P11250,ru2401P11250,110.0,0.0,0.0,0.0,1,71.0,349.0,1,110.0,88.0,0.0,0.0,0.0,0.0,47
2023-05-09 21:08:05,ru2401P11250,ru2401P11250,110.0,0.0,0.0,0.0,1,71.0,348.0,2,110.0,88.0,0.0,0.0,0.0,0.0,47
2023-05-09 21:08:06,ru2401P11250,ru2401P11250,110.0,0.0,0.0,0.0,1,71.0,348.0,2,110.0,88.0,0.0,0.0,0.0,0.0,47
2023-05-09 21:08:06,ru2401P11250,ru2401P11250,110.0,0.0,0.0,0.0,1,71.0,347.0,1,110.0,88.0,0.0,0.0,0.0,0.0,47
2023-05-09 21:08:07,ru2401P11250,ru2401P11250,110.0,0.0,0.0,0.0,1,71.0,346.0,2,110.0,88.0,0.0,0.0,0.0,0.0,47
2023-05-09 21:08:07,ru2401P11250,ru2401P11250,110.0,0.0,0.0,0.0,1,71.0,346.0,2,110.0,88.0,0.0,0.0,0.0,0.0,47
2023-05-09 21:08:08,ru2401P11250,ru2401P11250,110.0,0.0,0.0,0.0,1,71.0,345.0,1,110.0,88.0,0.0,0.0,0.0,0.0,47
2023-05-09 21:08:08,ru2401P11250,ru2401P11250,110.0,0.0,0.0,0.0,1,71.0,344.0,2,110.0,88.0,0.0,0.0,0.0,0.0,47
2023-05-09 21:08:09,ru2401P11250,ru2401P11250,110.0,0.0,0.0,0.0,1,71.0,344.0,2,110.0,88.0,0.0,0.0,0.0,0.0,47
2023-05-09 21:08:09,ru2401P11250,ru2401P11250,110.0,0.0,0.0,0.0,1,71.0,343.0,1,110.0,88.0,0.0,0.0,0.0,0.0,47
2023-05-09 21:08:10,ru2401P11250,ru2401P11250,110.0,0.0,0.0,0.0,1,71.0,342.0,2,110.0,88.0,0.0,0.0,0.0,0.0,47
2023-05-09 21:08:10,ru2401P11250,ru2401P11250,110.0,0.0,0.0,0.0,1,71.0,342.0,2,110.0,88.0,0.0,0.0,0.0,0.0,47
2023-05-09 21:08:11,ru2401P11250,ru2401P11250,110.0,0.0,0.0,0.0,1,71.0,341.0,1,110.0,88.0,0.0,0.0,0.0,0.0,47
2023-05-09 21:08:11,ru2401P11250,ru2401P11250,110.0,0.0,0.0,0.0,1,71.0,340.0,2,110.0,88.0,0.0,0.0,0.0,0.0,47
2023-05-09 21:08:12,ru2401P11250,ru2401P11250,110.0,0.0,0.0,0.0,1,71.0,340.0,2,110.0,88.0,0.0,0.0,0.0,0.0,47
2023-05-09 21:08:12,ru2401P11250,ru2401P11250,110.0,0.0,0.0,0.0,1,71.0,339.0,1,110.0,88.0,0.0,0.0,0.0,0.0,47
2023-05-09 21:08:13,ru2401P11250,ru2401P11250,110.0,0.0,0.0,0.0,1,71.0,338.0,2,110.0,88.0,0.0,0.0,0.0,0.0,47
2023-05-09 21:08:13,ru2401P11250,ru2401P11250,110.0,0.0,0.0,0.0,1,71.0,338.0,2,110.0,88.0,0.0,0.0,0.0,0.0,47
2023-05-09 21:08:14,ru2401P11250,ru2401P11250,110.0,0.0,0.0,0.0,1,71.0,337.0,1,110.0,88.0,0.0,0.0,0.0,0.0,47
2023-05-09 21:08:14,ru2401P11250,ru2401P11250,110.0,0.0,0.0,0.0,1,71.0,336.0,2,110.0,88.0,0.0,0.0,0.0,0.0,47
2023-05-09 21:08:15,ru2401P11250,ru2401P11250,110.0,0.0,0.0,0.0,1,71.0,336.0,2,110.0,88.0,0.0,0.0,0.0,0.0,47
2023-05-09 21:08:15,ru2401P11250,ru2401P11250,110.0,0.0,0.0,0.0,1,71.0,335.0,1,110.0,88.0,0.0,0.0,0.0,0.0,47
2023-05-09 21:08:16,ru2401P11250,ru2401P11250,110.0,0.0,0.0,0.0,1,71.0,334.0,2,110.0,88.0,0.0,0.0,0.0,0.0,47
2023-05-09 21:08:16,ru2401P11250,ru2401P11250,110.0,0.0,0.0,0.0,1,71.0,334.0,2,110.0,88.0,0.0,0.0,0.0,0.0,47
2023-05-09 21:08:17,ru2401P11250,ru2401P11250,110.0,0.0,0.0,0.0,1,71.0,333.0,1,110.0,88.0,0.0,0.0,0.0,0.0,47
2023-05-09 21:08:17,ru2401P11250,ru2401P11250,110.0,0.0,0.0,0.0,1,71.0,332.0,2,110.0,88.0,0.0,0.0,0.0,0.0,47
2023-05-09 21:08:18,ru2401P11250,ru2401P11250,110.0,0.0,0.0,0.0,1,71.0,332.0,2,110.0,88.0,0.0,0.0,0.0,0.0,47
2023-05-09 21:08:18,ru2401P11250,ru2401P11250,110.0,0.0,0.0,0.0,1,71.0,331.0,1,110.0,88.0,0.0,0.0,0.0,0.0,47
2023-05-09 21:08:19,ru2401P11250,ru2401P11250,110.0,0.0,0.0,0.0,1,71.0,330.0,2,110.0,88.0,0.0,0.0,0.0,0.0,47
2023-05-09 21:08:19,ru2401P11250,ru2401P11250,110.0,0.0,0.0,0.0,1,71.0,330.0,2,110.0,88.0,0.0,0.0,0.0,0.0,47
2023-05-09 21:08:20,ru2401P11250,ru2401P11250,110.0,0.0,0.0,0.0,1,71.0,329.0,1,110.0,88.0,0.0,0.0,0.0,0.0,47
2023-05-09 21:08:20,ru2401P11250,ru2401P11250,110.0,0.0,0.0,0.0,1,71.0,328.0,2,110.0,88.0,0.0,0.0,0.0,0.0,47
2023-05-09 21:08:21,ru2401P11250,ru2401P11250,110.0,0.0,0.0,0.0,1,71.0,328.0,2,110.0,88.0,0.0,0.0,0.0,0.0,47
2023-05-09 21:08:21,ru2401P11250,ru2401P11250,110.0,0.0,0.0,0.0,1,71.0,327.0,1,110.0,88.0,0.0,0.0,0.0,0.0,47
2023-05-09 21:08:22,ru2401P11250,ru2401P11250,110.0,0.0,0.0,0.0,1,71.0,326.0,2,110.0,88.0,0.0,0.0,0.0,0.0,47
2023-05-09 21:08:22,ru2401P11250,ru2401P11250,110.0,0.0,0.0,0.0,1,71.0,326.0,2,110.0,88.0,0.0,0.0,0.0,0.0,47
2023-05-09 21:08:23,ru2401P11250,ru2401P11250,110.0,0.0,0.0,0.0,1,71.0,325.0,1,110.0,88.0,0.0,0.0,0.0,0.0,47
2023-05-09 21:08:23,ru2401P11250,ru2401P11250,110.0,0.0,0.0,0.0,1,71.0,324.0,2,110.0,88.0,0.0,0.0,0.0,0.0,47
2023-05-09 21:08:24,ru2401P11250,ru2401P11250,110.0,0.0,0.0,0.0,1,71.0,324.0,2,110.0,88.0,0.0,0.0,0.0,0.0,47
2023-05-09 21:08:24,ru2401P11250,ru2401P11250,110.0,0.0,0.0,0.0,1,71.0,323.0,1,110.0,88.0,0.0,0.0,0.0,0.0,47
2023-05-09 21:08:25,ru2401P11250,ru2401P11250,110.0,0.0,0.0,0.0,1,71.0,322.0,2,110.0,88.0,0.0,0.0,0.0,0.0,47
2023-05-09 21:08:25,ru2401P11250,ru2401P11250,110.0,0.0,0.0,0.0,1,71.0,322.0,2,110.0,88.0,0.0,0.0,0.0,0.0,47
2023-05-09 21:08:26,ru2401P11250,ru2401P11250,110.0,0.0,0.0,0.0,1,71.0,321.0,1,110.0,88.0,0.0,0.0,0.0,0.0,47
2023-05-09 21:08:26,ru2401P11250,ru2401P11250,110.0,0.0,0.0,0.0,1,71.0,320.0,2,110.0,88.0,0.0,0.0,0.0,0.0,47
2023-05-09 21:08:27,ru2401P11250,ru2401P11250,110.0,0.0,0.0,0.0,1,71.0,320.0,2,110.0,88.0,0.0,0.0,0.0,0.0,47
2023-05-09 21:08:27,ru2401P11250,ru2401P11250,110.0,0.0,0.0,0.0,1,71.0,319.0,1,110.0,88.0,0.0,0.0,0.0,0.0,47
2023-05-09 21:08:28,ru2401P11250,ru2401P11250,110.0,0.0,0.0,0.0,1,71.0,318.0,2,110.0,88.0,0.0,0.0,0.0,0.0,47
2023-05-09 21:08:28,ru2401P11250,ru2401P11250,110.0,0.0,0.0,0.0,1,71.0,318.0,2,110.0,88.0,0.0,0.0,0.0,0.0,47
2023-05-09 21:08:29,ru2401P11250,ru2401P11250,110.0,0.0,0.0,0.0,1,71.0,317.0,1,110.0,88.0,0.0,0.0,0.0,0.0,47
2023-05-09 21:08:29,ru2401P11250,ru2401P11250,110.0,0.0,0.0,0.0,1,71.0,316.0,2,110.0,88.0,0.0,0.0,0.0,0.0,47
2023-05-09 21:08:30,ru2401P11250,ru2401P11250,110.0,0.0,0.0,0.0,1,71.0,316.0,2,110.0,88.0,0.0,0.0,0.0,0.0,47
2023-05-09 21:08:30,ru2401P11250,ru2401P11250,110.0,0.0,0.0,0.0,1,71.0,315.0,1,110.0,88.0,0.0,0.0,0.0,0.0,47
2023-05-09 21:08:31,ru2401P11250,ru2401P11250,110.0,0.0,0.0,0.0,1,71.0,314.0,2,110.0,88.0,0.0,0.0,0.0,0.0,47
2023-05-09 21:08:31,ru2401P11250,ru2401P11250,110.0,0.0,0.0,0.0,1,71.0,314.0,2,110.0,88.0,0.0,0.0,0.0,0.0,47
2023-05-09 21:08:32,ru2401P11250,ru2401P11250,110.0,0.0,0.0,0.0,1,71.0,313.0,1,110.0,88.0,0.0,0.0,0.0,0.0,47
2023-05-09 21:08:32,ru2401P11250,ru2401P11250,110.0,0.0,0.0,0.0,1,71.0,312.0,2,110.0,88.0,0.0,0.0,0.0,0.0,47
2023-05-09 21:08:33,ru2401P11250,ru2401P11250,110.0,0.0,0.0,0.0,1,71.0,312.0,2,110.0,88.0,0.0,0.0,0.0,0.0,47
2023-05-09 21:08:33,ru2401P11250,ru2401P11250,110.0,0.0,0.0,0.0,1,71.0,311.0,1,110.0,88.0,0.0,0.0,0.0,0.0,47
2023-05-09 21:08:34,ru2401P11250,ru2401P11250,110.0,0.0,0.0,0.0,1,71.0,310.0,2,110.0,88.0,0.0,0.0,0.0,0.0,47
2023-05-09 21:08:34,ru2401P11250,ru2401P11250,110.0,0.0,0.0,0.0,1,71.0,310.0,2,110.0,88.0,0.0,0.0,0.0,0.0,47
2023-05-09 21:08:35,ru2401P11250,ru2401P11250,110.0,0.0,0.0,0.0,1,71.0,309.0,1,110.0,88.0,0.0,0.0,0.0,0.0,47
2023-05-09 21:08:35,ru2401P11250,ru2401P11250,110.0,0.0,0.0,0.0,1,71.0,308.0,2,110.0,88.0,0.0,0.0,0.0,0.0,47
2023-05-09 21:08:36,ru2401P11250,ru2401P11250,110.0,0.0,0.0,0.0,1,71.0,308.0,2,110.0,88.0,0.0,0.0,0.0,0.0,47
2023-05-09 21:08:36,ru2401P11250,ru2401P11250,110.0,0.0,0.0,0.0,1,71.0,307.0,1,110.0,88.0,0.0,0.0,0.0,0.0,47
2023-05-09 21:08:37,ru2401P11250,ru2401P11250,110.0,0.0,0.0,0.0,1,71.0,306.0,2,110.0,88.0,0.0,0.0,0.0,0.0,47
2023-05-09 21:08:37,ru2401P11250,ru2401P11250,110.0,0.0,0.0,0.0,1,71.0,306.0,2,110.0,88.0,0.0,0.0,0.0,0.0,47
2023-05-09 21:08:38,ru2401P11250,ru2401P11250,110.0,0.0,0.0,0.0,1,71.0,305.0,1,110.0,88.0,0.0,0.0,0.0,0.0,47
2023-05-09 21:08:38,ru2401P11250,ru2401P11250,110.0,0.0,0.0,0.0,1,71.0,304.0,2,110.0,88.0,0.0,0.0,0.0,0.0,47
2023-05-09 21:08:39,ru2401P11250,ru2401P11250,110.0,0.0,0.0,0.0,1,71.0,304.0,2,110.0,88.0,0.0,0.0,0.0,0.0,47
2023-05-09 21:08:39,ru2401P11250,ru2401P11250,110.0,0.0,0.0,0.0,1,71.0,303.0,1,110.0,88.0,0.0,0.0,0.0,0.0,47
2023-05-09 21:08:40,ru2401P11250,ru2401P11250,110.0,0.0,0.0,0.0,1,71.0,302.0,2,110.0,88.0,0.0,0.0,0.0,0.0,47
2023-05-09 21:08:40,ru2401P11250,ru2401P11250,110.0,0.0,0.0,0.0,1,71.0,302.0,2,110.0,88.0,0.0,0.0,0.0,0.0,47
2023-05-09 21:08:41,ru2401P11250,ru2401P11250,110.0,0.0,0.0,0.0,1,71.0,301.0,1,110.0,88.0,0.0,0.0,0.0,0.0,47
2023-05-09 21:08:41,ru2401P11250,ru2401P11250,110.0,0.0,0.0,0.0,1,71.0,300.0,2,110.0,88.0,0.0,0.0,0.0,0.0,47
2023-05-09 21:08:42,ru2401P11250,ru2401P11250,110.0,0.0,0.0,0.0,1,71.0,300.0,2,110.0,88.0,0.0,0.0,0.0,0.0,47
2023-05-09 21:08:42,ru2401P11250,ru2401P11250,110.0,0.0,0.0,0.0,1,71.0,299.0,1,110.0,88.0,0.0,0.0,0.0,0.0,47
2023-05-09 21:08:43,ru2401P11250,ru2401P11250,110.0,0.0,0.0,0.0,1,71.0,298.0,2,110.0,88.0,0.0,0.0,0.0,0.0,47
2023-05-09 21:08:43,ru2401P11250,ru2401P11250,110.0,0.0,0.0,0.0,1,71.0,298.0,2,110.0,88.0,0.0,0.0,0.0,0.0,47
2023-05-09 21:08:44,ru2401P11250,ru2401P11250,110.0,0.0,0.0,0.0,1,71.0,297.0,1,110.0,88.0,0.0,0.0,0.0,0.0,47
2023-05-09 21:08:44,ru2401P11250,ru2401P11250,110.0,0.0,0.0,0.0,1,71.0,296.0,2,110.0,88.0,0.0,0.0,0.0,0.0,47
2023-05-09 21:08:45,ru2401P11250,ru2401P11250,110.0,0.0,0.0,0.0,1,71.0,296.0,2,110.0,88.0,0.0,0.0,0.0,0.0,47
2023-05-09 21:08:45,ru2401P11250,ru2401P11250,110.0,0.0,0.0,0.0,1,71.0,295.0,1,110.0,88.0,0.0,0.0,0.0,0.0,47
2023-05-09 21:08:46,ru2401P11250,ru2401P11250,110.0,0.0,0.0,0.0,1,71.0,294.0,2,110.0,88.0,0.0,0.0,0.0,0.0,47
2023-05-09 21:08:46,ru2401P11250,ru2401P11250,110.0,0.0,0.0,0.0,1,71.0,294.0,2,110.0,88.0,0.0,0.0,0.0,0.0,47
2023-05-09 21:08:47,ru2401P11250,ru2401P11250,110.0,0.0,0.0,0.0,1,71.0,293.0,1,110.0,88.0,0.0,0.0,0.0,0.0,47
2023-05-09 21:08:47,ru2401P11250,ru2401P11250,110.0,0.0,0.0,0.0,1,71.0,292.0,2,110.0,88.0,0.0,0.0,0.0,0.0,47
2023-05-09 21:08:48,ru2401P11250,ru2401P11250,110.0,0.0,0.0,0.0,1,71.0,292.0,2,110.0,88.0,0.0,0.0,0.0,0.0,47
2023-05-09 21:08:48,ru2401P11250,ru2401P11250,110.0,0.0,0.0,0.0,1,71.0,291.0,1,110.0,88.0,0.0,0.0,0.0,0.0,47
2023-05-09 21:08:49,ru2401P11250,ru2401P11250,110.0,0.0,0.0,0.0,1,71.0,290.0,2,110.0,88.0,0.0,0.0,0.0,0.0,47
2023-05-09 21:08:49,ru2401P11250,ru2401P11250,110.0,0.0,0.0,0.0,1,71.0,290.0,2,110.0,88.0,0.0,0.0,0.0,0.0,47
2023-05-09 21:08:50,ru2401P11250,ru2401P11250,110.0,0.0,0.0,0.0,1,71.0,289.0,1,110.0,88.0,0.0,0.0,0.0,0.0,47
2023-05-09 21:08:50,ru2401P11250,ru2401P11250,110.0,0.0,0.0,0.0,1,71.0,288.0,2,110.0,88.0,0.0,0.0,0.0,0.0,47
2023-05-09 21:08:51,ru2401P11250,ru2401P11250,110.0,0.0,0.0,0.0,1,71.0,288.0,2,110.0,88.0,0.0,0.0,0.0,0.0,47
2023-05-09 21:08:51,ru2401P11250,ru2401P11250,110.0,0.0,0.0,0.0,1,71.0,287.0,1,110.0,88.0,0.0,0.0,0.0,0.0,47
2023-05-09 21:08:52,ru2401P11250,ru2401P11250,110.0,0.0,0.0,0.0,1,71.0,286.0,2,110.0,88.0,0.0,0.0,0.0,0.0,47
2023-05-09 21:08:52,ru2401P11250,ru2401P11250,110.0,0.0,0.0,0.0,1,71.0,286.0,2,110.0,88.0,0.0,0.0,0.0,0.0,47
2023-05-09 21:08:53,ru2401P11250,ru2401P11250,110.0,0.0,0.0,0.0,1,71.0,285.0,1,110.0,88.0,0.0,0.0,0.0,0.0,47
2023-05-09 21:08:53,ru2401P11250,ru2401P11250,110.0,0.0,0.0,0.0,1,71.0,284.0,2,110.0,88.0,0.0,0.0,0.0,0.0,47
2023-05-09 21:08:54,ru2401P11250,ru2401P11250,110.0,0.0,0.0,0.0,1,71.0,284.0,2,110.0,88.0,0.0,0.0,0.0,0.0,47
2023-05-09 21:08:54,ru2401P11250,ru2401P11250,110.0,0.0,0.0,0.0,1,71.0,283.0,1,110.0,88.0,0.0,0.0,0.0,0.0,47
2023-05-09 21:08:55,ru2401P11250,ru2401P11250,110.0,0.0,0.0,0.0,1,71.0,282.0,2,110.0,88.0,0.0,0.0,0.0,0.0,47
2023-05-09 21:08:55,ru2401P11250,ru2401P11250,110.0,0.0,0.0,0.0,1,71.0,282.0,2,110.0,88.0,0.0,0.0,0.0,0.0,47
2023-05-09 21:08:56,ru2401P11250,ru2401P11250,110.0,0.0,0.0,0.0,1,71.0,281.0,1,110.0,88.0,0.0,0.0,0.0,0.0,47
2023-05-09 21:08:56,ru2401P11250,ru2401P11250,110.0,0.0,0.0,0.0,1,71.0,280.0,2,110.0,88.0,0.0,0.0,0.0,0.0,47
2023-05-09 21:08:57,ru2401P11250,ru2401P11250,110.0,0.0,0.0,0.0,1,71.0,280.0,2,110.0,88.0,0.0,0.0,0.0,0.0,47
2023-05-09 21:08:57,ru2401P11250,ru2401P11250,110.0,0.0,0.0,0.0,1,71.0,279.0,1,110.0,88.0,0.0,0.0,0.0,0.0,47
2023-05-09 21:08:58,ru2401P11250,ru2401P11250,110.0,0.0,0.0,0.0,1,71.0,278.0,2,110.0,88.0,0.0,0.0,0.0,0.0,47
2023-05-09 21:08:58,ru2401P11250,ru2401P11250,110.0,0.0,0.0,0.0,1,71.0,278.0,2,110.0,88.0,0.0,0.0,0.0,0.0,47
2023-05-09 21:08:59,ru2401P11250,ru2401P11250,110.0,0.0,0.0,0.0,1,71.0,277.0,1,110.0,88.0,0.0,0.0,0.0,0.0,47
2023-05-09 21:08:59,ru2401P11250,ru2401P11250,110.0,0.0,0.0,0.0,1,71.0,276.0,2,110.0,88.0,0.0,0.0,0.0,0.0,47
2023-05-09 21:09:00,ru2401P11250,ru2401P11250,110.0,0.0,0.0,0.0,1,71.0,276.0,2,110.0,88.0,0.0,0.0,0.0,0.0,47
2023-05-09 21:09:00,ru2401P11250,ru2401P11250,110.0,0.0,0.0,0.0,1,71.0,275.0,1,110.0,88.0,0.0,0.0,0.0,0.0,47
2023-05-09 21:09:01,ru2401P11250,ru2401P11250,110.0,0.0,0.0,0.0,1,71.0,274.0,2,110.0,88.0,0.0,0.0,0.0,0.0,47
2023-05-09 21:09:01,ru2401P11250,ru2401P11250,110.0,0.0,0.0,0.0,1,71.0,274.0,2,110.0,88.0,0.0,0.0,0.0,0.0,47
2023-05-09 21:09:02,ru2401P11250,ru2401P11250,110.0,0.0,0.0,0.0,1,71.0,273.0,1,110.0,88.0,0.0,0.0,0.0,0.0,47
2023-05-09 21:09:02,ru2401P11250,ru2401P11250,110.0,0.0,0.0,0.0,1,71.0,272.0,2,110.0,88.0,0.0,0.0,0.0,0.0,47
2023-05-09 21:09:03,ru2401P11250,ru2401P11250,110.0,0.0,0.0,0.0,1,71.0,272.0,2,110.0,88.0,0.0,0.0,0.0,0.0,47
2023-05-09 21:09:03,ru2401P11250,ru2401P11250,110.0,0.0,0.0,0.0,1,71.0,271.0,1,110.0,88.0,0.0,0.0,0.0,0.0,47
2023-05-09 21:09:04,ru2401P11250,ru2401P11250,110.0,0.0,0.0,0.0,1,71.0,270.0,2,110.0,88.0,0.0,0.0,0.0,0.0,47
2023-05-09 21:09:04,ru2401P11250,ru2401P11250,110.0,0.0,0.0,0.0,1,71.0,270.0,2,110.0,88.0,0.0,0.0,0.0,0.0,47
2023-05-09 21:09:05,ru2401P11250,ru2401P11250,110.0,0.0,0.0,0.0,1,71.0,269.0,1,110.0,88.0,0.0,0.0,0.0,0.0,47
2023-05-09 21:09:05,ru2401P11250,ru2401P11250,110.0,0.0,0.0,0.0,1,71.0,268.0,2,110.0,88.0,0.0,0.0,0.0,0.0,47
2023-05-09 21:09:06,ru2401P11250,ru2401P11250,110.0,0.0,0.0,0.0,1,71.0,268.0,2,110.0,88.0,0.0,0.0,0.0,0.0,47
2023-05-09 21:09:06,ru2401P11250,ru2401P11250,110.0,0.0,0.0,0.0,1,71.0,267.0,1,110.0,88.0,0.0,0.0,0.0,0.0,47
2023-05-09 21:09:07,ru2401P11250,ru2401P11250,110.0,0.0,0.0,0.0,1,71.0,266.0,2,110.0,88.0,0.0,0.0,0.0,0.0,47
2023-05-09 21:09:07,ru2401P11250,ru2401P11250,110.0,0.0,0.0,0.0,1,71.0,266.0,2,110.0,88.0,0.0,0.0,0.0,0.0,47
2023-05-09 21:09:08,ru2401P11250,ru2401P11250,110.0,0.0,0.0,0.0,1,71.0,265.0,1,110.0,88.0,0.0,0.0,0.0,0.0,47
2023-05-09 21:09:08,ru2401P11250,ru2401P11250,110.0,0.0,0.0,0.0,1,71.0,264.0,2,110.0,88.0,0.0,0.0,0.0,0.0,47
2023-05-09 21:09:09,ru2401P11250,ru2401P11250,110.0,0.0,0.0,0.0,1,71.0,264.0,2,110.0,88.0,0.0,0.0,0.0,0.0,47
2023-05-09 21:09:09,ru2401P11250,ru2401P11250,110.0,0.0,0.0,0.0,1,71.0,263.0,1,110.0,88.0,0.0,0.0,0.0,0.0,47
2023-05-09 21:09:10,ru2401P11250,ru2401P11250,110.0,0.0,0.0,0.0,1,71.0,262.0,2,110.0,88.0,0.0,0.0,0.0,0.0,47
2023-05-09 21:09:10,ru2401P11250,ru2401P11250,110.0,0.0,0.0,0.0,1,71.0,262.0,2,110.0,88.0,0.0,0.0,0.0,0.0,47
2023-05-09 21:09:11,ru2401P11250,ru2401P11250,110.0,0.0,0.0,0.0,1,71.0,261.0,1,110.0,88.0,0.0,0.0,0.0,0.0,47
2023-05-09 21:09:11,ru2401P11250,ru2401P11250,110.0,0.0,0.0,0.0,1,71.0,260.0,2,110.0,88.0,0.0,0.0,0.0,0.0,47
2023-05-09 21:09:12,ru2401P11250,ru2401P11250,110.0,0.0,0.0,0.0,1,71.0,260.0,2,110.0,88.0,0.0,0.0,0.0,0.0,47
2023-05-09 21:09:12,ru2401P11250,ru2401P11250,110.0,0.0,0.0,0.0,1,71.0,259.0,1,110.0,88.0,0.0,0.0,0.0,0.0,47
2023-05-09 21:09:13,ru2401P11250,ru2401P11250,110.0,0.0,0.0,0.0,1,71.0,258.0,2,110.0,88.0,0.0,0.0,0.0,0.0,47
2023-05-09 21:09:13,ru2401P11250,ru2401P11250,110.0,0.0,0.0,0.0,1,71.0,258.0,2,110.0,88.0,0.0,0.0,0.0,0.0,47
2023-05-09 21:09:14,ru2401P11250,ru2401P11250,110.0,0.0,0.0,0.0,1,71.0,257.0,1,110.0,88.0,0.0,0.0,0.0,0.0,47
2023-05-09 21:09:14,ru2401P11250,ru2401P11250,110.0,0.0,0.0,0.0,1,71.0,256.0,2,110.0,88.0,0.0,0.0,0.0,0.0,47
2023-05-09 21:09:15,ru2401P11250,ru2401P11250,110.0,0.0,0.0,0.0,1,71.0,256.0,2,110.0,88.0,0.0,0.0,0.0,0.0,47
2023-05-09 21:09:15,ru2401P11250,ru2401P11250,110.0,0.0,0.0,0.0,1,71.0,255.0,1,110.0,88.0,0.0,0.0,0.0,0.0,47
2023-05-09 21:09:16,ru2401P11250,ru2401P11250,110.0,0.0,0.0,0.0,1,71.0,254.0,2,110.0,88.0,0.0,0.0,0.0,0.0,47
2023-05-09 21:09:16,ru2401P11250,ru2401P11250,110.0,0.0,0.0,0.0,1,71.0,254.0,2,110.0,88.0,0.0,0.0,0.0,0.0,47
2023-05-09 21:09:17,ru2401P11250,ru2401P11250,110.0,0.0,0.0,0.0,1,71.0,253.0,1,110.0,88.0,0.0,0.0,0.0,0.0,47
2023-05-09 21:09:17,ru2401P11250,ru2401P11250,110.0,0.0,0.0,0.0,1,71.0,252.0,2,110.0,88.0,0.0,0.0,0.0,0.0,47
2023-05-09 21:09:18,ru2401P11250,ru2401P11250,110.0,0.0,0.0,0.0,1,71.0,252.0,2,110.0,88.0,0.0,0.0,0.0,0.0,47
2023-05-09 21:09:18,ru2401P11250,ru2401P11250,110.0,0.0,0.0,0.0,1,71.0,251.0,1,110.0,88.0,0.0,0.0,0.0,0.0,47
2023-05-09 21:09:19,ru2401P11250,ru2401P11250,110.0,0.0,0.0,0.0,1,71.0,250.0,2,110.0,88.0,0.0,0.0,0.0,0.0,47
2023-05-09 21:09:19,ru2401P11250,ru2401P11250,110.0,0.0,0.0,0.0,1,71.0,250.0,2,110.0,88.0,0.0,0.0,0.0,0.0,47
2023-05-09 21:09:20,ru2401P11250,ru2401P11250,110.0,0.0,0.0,0.0,1,71.0,249.0,1,110.0,88.0,0.0,0.0,0.0,0.0,47
2023-05-09 21:09:20,ru2401P11250,ru2401P11250,110.0,0.0,0.0,0.0,1,71.0,248.0,2,110.0,88.0,0.0,0.0,0.0,0.0,47
2023-05-09 21:09:21,ru2401P11250,ru2401P11250,110.0,0.0,0.0,0.0,1,71.0,248.0,2,110.0,88.0,0.0,0.0,0.0,0.0,47
2023-05-09 21:09:21,ru2401P11250,ru2401P11250,110.0,0.0,0.0,0.0,1,71.0,247.0,1,110.0,88.0,0.0,0.0,0.0,0.0,47
2023-05-09 21:09:22,ru2401P11250,ru2401P11250,110.0,0.0,0.0,0.0,1,71.0,246.0,2,110.0,88.0,0.0,0.0,0.0,0.0,47
2023-05-09 21:09:22,ru2401P11250,ru2401P11250,110.0,0.0,0.0,0.0,1,71.0,246.0,2,110.0,88.0,0.0,0.0,0.0,0.0,47
2023-05-09 21:09:23,ru2401P11250,ru2401P11250,110.0,0.0,0.0,0.0,1,71.0,245.0,1,110.0,88.0,0.0,0.0,0.0,0.0,47
2023-05-09 21:09:23,ru2401P11250,ru2401P11250,110.0,0.0,0.0,0.0,1,71.0,244.0,2,110.0,88.0,0.0,0.0,0.0,0.0,47
2023-05-09 21:09:24,ru2401P11250,ru2401P11250,110.0,0.0,0.0,0.0,1,71.0,244.0,2,110.0,88.0,0.0,0.0,0.0,0.0,47
2023-05-09 21:09:24,ru2401P11250,ru2401P11250,110.0,0.0,0.0,0.0,1,71.0,243.0,1,110.0,88.0,0.0,0.0,0.0,0.0,47
2023-05-09 21:09:25,ru2401P11250,ru2401P11250,110.0,0.0,0.0,0.0,1,71.0,242.0,2,110.0,88.0,0.0,0.0,0.0,0.0,47
2023-05-09 21:09:25,ru2401P11250,ru2401P11250,110.0,0.0,0.0,0.0,1,71.0,242.0,2,110.0,88.0,0.0,0.0,0.0,0.0,47
2023-05-09 21:09:26,ru2401P11250,ru2401P11250,110.0,0.0,0.0,0.0,1,71.0,241.0,1,110.0,88.0,0.0,0.0,0.0,0.0,47
2023-05-09 21:09:26,ru2401P11250,ru2401P11250,110.0,0.0,0.0,0.0,1,71.0,240.0,2,110.0,88.0,0.0,0.0,0.0,0.0,47
2023-05-09 21:09:27,ru2401P11250,ru2401P11250,110.0,0.0,0.0,0.0,1,71.0,240.0,2,110.0,88.0,0.0,0.0,0.0,0.0,47
2023-05-09 21:09:27,ru2401P11250,ru2401P11250,110.0,0.0,0.0,0.0,1,71.0,239.0,1,110.0,88.0,0.0,0.0,0.0,0.0,47
2023-05-09 21:09:28,ru2401P11250,ru2401P11250,110.0,0.0,0.0,0.0,1,71.0,238.0,2,110.0,88.0,0.0,0.0,0.0,0.0,47
2023-05-09 21:09:28,ru2401P11250,ru2401P11250,110.0,0.0,0.0,0.0,1,71.0,238.0,2,110.0,88.0,0.0,0.0,0.0,0.0,47
2023-05-09 21:09:29,ru2401P11250,ru2401P11250,110.0,0.0,0.0,0.0,1,71.0,237.0,1,110.0,88.0,0.0,0.0,0.0,0.0,47
2023-05-09 21:09:29,ru2401P11250,ru2401P11250,110.0,0.0,0.0,0.0,1,71.0,236.0,2,110.0,88.0,0.0,0.0,0.0,0.0,47
2023-05-09 21:09:30,ru2401P11250,ru2401P11250,110.0,0.0,0.0,0.0,1,71.0,236.0,2,110.0,88.0,0.0,0.0,0.0,0.0,47
2023-05-09 21:09:30,ru2401P11250,ru2401P11250,110.0,0.0,0.0,0.0,1,71.0,235.0,1,110.0,88.0,0.0,0.0,0.0,0.0,47
2023-05-09 21:09:31,ru2401P11250,ru2401P11250,110.0,0.0,0.0,0.0,1,71.0,234.0,2,110.0,88.0,0.0,0.0,0.0,0.0,47
2023-05-09 21:09:31,ru2401P11250,ru2401P11250,110.0,0.0,0.0,0.0,1,71.0,234.0,2,110.0,88.0,0.0,0.0,0.0,0.0,47
2023-05-09 21:09:32,ru2401P11250,ru2401P11250,110.0,0.0,0.0,0.0,1,71.0,233.0,1,110.0,88.0,0.0,0.0,0.0,0.0,47
2023-05-09 21:09:32,ru2401P11250,ru2401P11250,110.0,0.0,0.0,0.0,1,71.0,232.0,2,110.0,88.0,0.0,0.0,0.0,0.0,47
2023-05-09 21:09:33,ru2401P11250,ru2401P11250,110.0,0.0,0.0,0.0,1,71.0,232.0,2,110.0,88.0,0.0,0.0,0.0,0.0,47
2023-05-09 21:09:33,ru2401P11250,ru2401P11250,110.0,0.0,0.0,0.0,1,71.0,231.0,1,110.0,88.0,0.0,0.0,0.0,0.0,47
2023-05-09 21:09:34,ru2401P11250,ru2401P11250,110.0,0.0,0.0,0.0,1,71.0,230.0,2,110.0,88.0,0.0,0.0,0.0,0.0,47
2023-05-09 21:09:34,ru2401P11250,ru2401P11250,110.0,0.0,0.0,0.0,1,71.0,230.0,2,110.0,88.0,0.0,0.0,0.0,0.0,47
2023-05-09 21:09:35,ru2401P11250,ru2401P11250,110.0,0.0,0.0,0.0,1,71.0,229.0,1,110.0,88.0,0.0,0.0,0.0,0.0,47
2023-05-09 21:09:35,ru2401P11250,ru2401P11250,110.0,0.0,0.0,0.0,1,71.0,228.0,2,110.0,88.0,0.0,0.0,0.0,0.0,47
2023-05-09 21:09:36,ru2401P11250,ru2401P11250,110.0,0.0,0.0,0.0,1,71.0,228.0,2,110.0,88.0,0.0,0.0,0.0,0.0,47
2023-05-09 21:09:36,ru2401P11250,ru2401P11250,110.0,0.0,0.0,0.0,1,71.0,227.0,1,110.0,88.0,0.0,0.0,0.0,0.0,47
2023-05-09 21:09:37,ru2401P11250,ru2401P11250,110.0,0.0,0.0,0.0,1,71.0,226.0,2,110.0,88.0,0.0,0.0,0.0,0.0,47
2023-05-09 21:09:37,ru2401P11250,ru2401P11250,110.0,0.0,0.0,0.0,1,71.0,226.0,2,110.0,88.0,0.0,0.0,0.0,0.0,47
2023-05-09 21:09:38,ru2401P11250,ru2401P11250,110.0,0.0,0.0,0.0,1,71.0,225.0,1,110.0,88.0,0.0,0.0,0.0,0.0,47
2023-05-09 21:09:38,ru2401P11250,ru2401P11250,110.0,0.0,0.0,0.0,1,71.0,224.0,2,110.0,88.0,0.0,0.0,0.0,0.0,47
2023-05-09 21:09:39,ru2401P11250,ru2401P11250,110.0,0.0,0.0,0.0,1,71.0,224.0,2,110.0,88.0,0.0,0.0,0.0,0.0,47
2023-05-09 21:09:39,ru2401P11250,ru2401P11250,110.0,0.0,0.0,0.0,1,71.0,223.0,1,110.0,88.0,0.0,0.0,0.0,0.0,47
2023-05-09 21:09:40,ru2401P11250,ru2401P11250,110.0,0.0,0.0,0.0,1,71.0,222.0,2,110.0,88.0,0.0,0.0,0.0,0.0,47
2023-05-09 21:09:40,ru2401P11250,ru2401P11250,110.0,0.0,0.0,0.0,1,71.0,222.0,2,110.0,88.0,0.0,0.0,0.0,0.0,47
2023-05-09 21:09:41,ru2401P11250,ru2401P11250,110.0,0.0,0.0,0.0,1,71.0,221.0,1,110.0,88.0,0.0,0.0,0.0,0.0,47
2023-05-09 21:09:41,ru2401P11250,ru2401P11250,110.0,0.0,0.0,0.0,1,71.0,220.0,2,110.0,88.0,0.0,0.0,0.0,0.0,47
2023-05-09 21:09:42,ru2401P11250,ru2401P11250,110.0,0.0,0.0,0.0,1,71.0,220.0,2,110.0,88.0,0.0,0.0,0.0,0.0,47
2023-05-09 21:09:42,ru2401P11250,ru2401P11250,110.0,0.0,0.0,0.0,1,71.0,219.0,1,110.0,88.0,0.0,0.0,0.0,0.0,47
2023-05-09 21:09:43,ru2401P11250,ru2401P11250,110.0,0.0,0.0,0.0,1,71.0,218.0,2,110.0,88.0,0.0,0.0,0.0,0.0,47
2023-05-09 21:09:43,ru2401P11250,ru2401P11250,110.0,0.0,0.0,0.0,1,71.0,218.0,2,110.0,88.0,0.0,0.0,0.0,0.0,47
2023-05-09 21:09:44,ru2401P11250,ru2401P11250,110.0,0.0,0.0,0.0,1,71.0,217.0,1,110.0,88.0,0.0,0.0,0.0,0.0,47
2023-05-09 21:09:44,ru2401P11250,ru2401P11250,110.0,0.0,0.0,0.0,1,71.0,216.0,2,110.0,88.0,0.0,0.0,0.0,0.0,47
2023-05-09 21:09:45,ru2401P11250,ru2401P11250,110.0,0.0,0.0,0.0,1,71.0,216.0,2,110.0,88.0,0.0,0.0,0.0,0.0,47
2023-05-09 21:09:45,ru2401P11250,ru2401P11250,110.0,0.0,0.0,0.0,1,71.0,215.0,1,110.0,88.0,0.0,0.0,0.0,0.0,47
2023-05-09 21:09:46,ru2401P11250,ru2401P11250,110.0,0.0,0.0,0.0,1,71.0,214.0,2,110.0,88.0,0.0,0.0,0.0,0.0,47
2023-05-09 21:09:46,ru2401P11250,ru2401P11250,110.0,0.0,0.0,0.0,1,71.0,214.0,2,110.0,88.0,0.0,0.0,0.0,0.0,47
2023-05-09 21:09:47,ru2401P11250,ru2401P11250,110.0,0.0,0.0,0.0,1,71.0,213.0,1,110.0,88.0,0.0,0.0,0.0,0.0,47
2023-05-09 21:09:47,ru2401P11250,ru2401P11250,110.0,0.0,0.0,0.0,1,71.0,212.0,2,110.0,88.0,0.0,0.0,0.0,0.0,47
2023-05-09 21:09:48,ru2401P11250,ru2401P11250,110.0,0.0,0.0,0.0,1,71.0,212.0,2,110.0,88.0,0.0,0.0,0.0,0.0,47
2023-05-09 21:09:48,ru2401P11250,ru2401P11250,110.0,0.0,0.0,0.0,1,71.0,211.0,1,110.0,88.0,0.0,0.0,0.0,0.0,47
2023-05-09 21:09:49,ru2401P11250,ru2401P11250,110.0,0.0,0.0,0.0,1,71.0,210.0,2,110.0,88.0,0.0,0.0,0.0,0.0,47
2023-05-09 21:09:49,ru2401P11250,ru2401P11250,110.0,0.0,0.0,0.0,1,71.0,210.0,2,110.0,88.0,0.0,0.0,0.0,0.0,47
2023-05-09 21:09:50,ru2401P11250,ru2401P11250,110.0,0.0,0.0,0.0,1,71.0,209.0,1,110.0,88.0,0.0,0.0,0.0,0.0,47
2023-05-09 21:09:50,ru2401P11250,ru2401P11250,110.0,0.0,0.0,0.0,1,71.0,208.0,2,110.0,88.0,0.0,0.0,0.0,0.0,47
2023-05-09 21:09:51,ru2401P11250,ru2401P11250,110.0,0.0,0.0,0.0,1,71.0,208.0,2,110.0,88.0,0.0,0.0,0.0,0.0,47
2023-05-09 21:09:51,ru2401P11250,ru2401P11250,110.0,0.0,0.0,0.0,1,71.0,207.0,1,110.0,88.0,0.0,0.0,0.0,0.0,47
2023-05-09 21:09:52,ru2401P11250,ru2401P11250,110.0,0.0,0.0,0.0,1,71.0,206.0,2,110.0,88.0,0.0,0.0,0.0,0.0,47
2023-05-09 21:09:52,ru2401P11250,ru2401P11250,110.0,0.0,0.0,0.0,1,71.0,206.0,2,110.0,88.0,0.0,0.0,0.0,0.0,47
2023-05-09 21:09:53,ru2401P11250,ru2401P11250,110.0,0.0,0.0,0.0,1,71.0,205.0,1,110.0,88.0,0.0,0.0,0.0,0.0,47
2023-05-09 21:09:53,ru2401P11250,ru2401P11250,110.0,0.0,0.0,0.0,1,71.0,204.0,2,110.0,88.0,0.0,0.0,0.0,0.0,47
2023-05-09 21:09:54,ru2401P11250,ru2401P11250,110.0,0.0,0.0,0.0,1,71.0,204.0,2,110.0,88.0,0.0,0.0,0.0,0.0,47
2023-05-09 21:09:54,ru2401P11250,ru2401P11250,110.0,0.0,0.0,0.0,1,71.0,203.0,1,110.0,88.0,0.0,0.0,0.0,0.0,47
2023-05-09 21:09:55,ru2401P11250,ru2401P11250,110.0,0.0,0.0,0.0,1,71.0,202.0,2,110.0,88.0,0.0,0.0,0.0,0.0,47
2023-05-09 21:09:55,ru2401P11250,ru2401P11250,110.0,0.0,0.0,0.0,1,71.0,202.0,2,110.0,88.0,0.0,0.0,0.0,0.0,47
2023-05-09 21:09:56,ru2401P11250,ru2401P11250,110.0,0.0,0.0,0.0,1,71.0,201.0,1,110.0,88.0,0.0,0.0,0.0,0.0,47
2023-05-09 21:09:56,ru2401P11250,ru2401P11250,110.0,0.0,0.0,0.0,1,71.0,200.0,2,110.0,88.0,0.0,0.0,0.0,0.0,47
2023-05-09 21:09:57,ru2401P11250,ru2401P11250,110.0,0.0,0.0,0.0,1,71.0,200.0,2,110.0,88.0,0.0,0.0,0.0,0.0,47
2023-05-09 21:09:57,ru2401P11250,ru2401P11250,110.0,0.0,0.0,0.0,1,71.0,199.0,1,110.0,88.0,0.0,0.0,0.0,0.0,47
2023-05-09 21:09:58,ru2401P11250,ru2401P11250,110.0,0.0,0.0,0.0,1,71.0,198.0,2,110.0,88.0,0.0,0.0,0.0,0.0,47
2023-05-09 21:09:58,ru2401P11250,ru2401P11250,110.0,0.0,0.0,0.0,1,71.0,198.0,2,110.0,88.0,0.0,0.0,0.0,0.0,47
2023-05-09 21:09:59,ru2401P11250,ru2401P11250,110.0,0.0,0.0,0.0,1,71.0,197.0,1,110.0,88.0,0.0,0.0,0.0,0.0,47
2023-05-09 21:09:59,ru2401P11250,ru2401P11250,110.0,0.0,0.0,0.0,1,71.0,196.0,2,110.0,88.0,0.0,0.0,0.0,0.0,47
2023-05-09 21:10:00,ru2401P11250,ru2401P11250,110.0,0.0,0.0,0.0,1,71.0,196.0,2,110.0,88.0,0.0,0.0,0.0,0.0,47
2023-05-09 21:10:00,ru2401P11250,ru2401P11250,110.0,0.0,0.0,0.0,1,71.0,195.0,1,110.0,88.0,0.0,0.0,0.0,0.0,47
2023-05-09 21:10:01,ru2401P11250,ru2401P11250,110.0,0.0,0.0,0.0,1,71.0,194.0,2,110.0,88.0,0.0,0.0,0.0,0.0,47
2023-05-09 21:10:01,ru2401P11250,ru2401P11250,110.0,0.0,0.0,0.0,1,71.0,194.0,2,110.0,88.0,0.0,0.0,0.0,0.0,47
2023-05-09 21:10:02,ru2401P11250,ru2401P11250,110.0,0.0,0.0,0.0,1,71.0,193.0,1,110.0,88.0,0.0,0.0,0.0,0.0,47
2023-05-09 21:10:02,ru2401P11250,ru2401P11250,110.0,0.0,0.0,0.0,1,71.0,192.0,2,110.0,88.0,0.0,0.0,0.0,0.0,47
2023-05-09 21:10:03,ru2401P11250,ru2401P11250,110.0,0.0,0.0,0.0,1,71.0,192.0,2,110.0,88.0,0.0,0.0,0.0,0.0,47
2023-05-09 21:10:03,ru2401P11250,ru2401P11250,110.0,0.0,0.0,0.0,1,71.0,191.0,1,110.0,88.0,0.0,0.0,0.0,0.0,47
2023-05-09 21:10:04,ru2401P11250,ru2401P11250,110.0,0.0,0.0,0.0,1,71.0,190.0,2,110.0,88.0,0.0,0.0,0.0,0.0,47
2023-05-09 21:10:04,ru2401P11250,ru2401P11250,110.0,0.0,0.0,0.0,1,71.0,190.0,2,110.0,88.0,0.0,0.0,0.0,0.0,47
2023-05-09 21:10:05,ru2401P11250,ru2401P11250,110.0,0.0,0.0,0.0,1,71.0,189.0,1,110.0,88.0,0.0,0.0,0.0,0.0,47
2023-05-09 21:10:05,ru2401P11250,ru2401P11250,110.0,0.0,0.0,0.0,1,71.0,188.0,2,110.0,88.0,0.0,0.0,0.0,0.0,47
2023-05-09 21:10:06,ru2401P11250,ru2401P11250,110.0,0.0,0.0,0.0,1,71.0,188.0,2,110.0,88.0,0.0,0.0,0.0,0.0,47
2023-05-09 21:10:06,ru2401P11250,ru2401P11250,110.0,0.0,0.0,0.0,1,71.0,187.0,1,110.0,88.0,0.0,0.0,0.0,0.0,47
2023-05-09 21:10:07,ru2401P11250,ru2401P11250,110.0,0.0,0.0,0.0,1,71.0,186.0,2,110.0,88.0,0.0,0.0,0.0,0.0,47
2023-05-09 21:10:07,ru2401P11250,ru2401P11250,110.0,0.0,0.0,0.0,1,71.0,185.0,1,110.0,88.0,0.0,0.0,0.0,0.0,47
2023-05-09 21:10:08,ru2401P11250,ru2401P11250,110.0,0.0,0.0,0.0,1,71.0,184.0,2,110.0,88.0,0.0,0.0,0.0,0.0,47
2023-05-09 21:10:08,ru2401P11250,ru2401P11250,110.0,0.0,0.0,0.0,1,71.0,184.0,2,110.0,88.0,0.0,0.0,0.0,0.0,47
2023-05-09 21:10:09,ru2401P11250,ru2401P11250,110.0,0.0,0.0,0.0,1,71.0,183.0,1,110.0,88.0,0.0,0.0,0.0,0.0,47
2023-05-09 21:10:09,ru2401P11250,ru2401P11250,110.0,0.0,0.0,0.0,1,71.0,182.0,2,110.0,88.0,0.0,0.0,0.0,0.0,47
2023-05-09 21:10:10,ru2401P11250,ru2401P11250,110.0,0.0,0.0,0.0,1,71.0,182.0,2,110.0,88.0,0.0,0.0,0.0,0.0,47
2023-05-09 21:10:10,ru2401P11250,ru2401P11250,110.0,0.0,0.0,0.0,1,71.0,181.0,1,110.0,88.0,0.0,0.0,0.0,0.0,47
2023-05-09 21:10:11,ru2401P11250,ru2401P11250,110.0,0.0,0.0,0.0,1,71.0,180.0,2,110.0,88.0,0.0,0.0,0.0,0.0,47
2023-05-09 21:10:11,ru2401P11250,ru2401P11250,110.0,0.0,0.0,0.0,1,71.0,180.0,2,110.0,88.0,0.0,0.0,0.0,0.0,47
2023-05-09 21:10:12,ru2401P11250,ru2401P11250,110.0,0.0,0.0,0.0,1,71.0,179.0,1,110.0,88.0,0.0,0.0,0.0,0.0,47
2023-05-09 21:10:12,ru2401P11250,ru2401P11250,110.0,0.0,0.0,0.0,1,71.0,178.0,2,110.0,88.0,0.0,0.0,0.0,0.0,47
2023-05-09 21:10:13,ru2401P11250,ru2401P11250,110.0,0.0,0.0,0.0,1,71.0,178.0,2,110.0,88.0,0.0,0.0,0.0,0.0,47
2023-05-09 21:10:13,ru2401P11250,ru2401P11250,110.0,0.0,0.0,0.0,1,71.0,177.0,1,110.0,88.0,0.0,0.0,0.0,0.0,47
2023-05-09 21:10:14,ru2401P11250,ru2401P11250,110.0,0.0,0.0,0.0,1,71.0,176.0,2,110.0,88.0,0.0,0.0,0.0,0.0,47
2023-05-09 21:10:14,ru2401P11250,ru2401P11250,110.0,0.0,0.0,0.0,1,71.0,176.0,2,110.0,88.0,0.0,0.0,0.0,0.0,47
2023-05-09 21:10:15,ru2401P11250,ru2401P11250,110.0,0.0,0.0,0.0,1,71.0,175.0,1,110.0,88.0,0.0,0.0,0.0,0.0,47
2023-05-09 21:10:15,ru2401P11250,ru2401P11250,110.0,0.0,0.0,0.0,1,71.0,174.0,2,110.0,88.0,0.0,0.0,0.0,0.0,47
2023-05-09 21:10:16,ru2401P11250,ru2401P11250,110.0,0.0,0.0,0.0,1,71.0,174.0,2,110.0,88.0,0.0,0.0,0.0,0.0,47
2023-05-09 21:10:16,ru2401P11250,ru2401P11250,110.0,0.0,0.0,0.0,1,71.0,173.0,1,110.0,88.0,0.0,0.0,0.0,0.0,47
2023-05-09 21:10:17,ru2401P11250,ru2401P11250,110.0,0.0,0.0,0.0,1,71.0,172.0,2,110.0,88.0,0.0,0.0,0.0,0.0,47
2023-05-09 21:10:17,ru2401P11250,ru2401P11250,110.0,0.0,0.0,0.0,1,71.0,172.0,2,110.0,88.0,0.0,0.0,0.0,0.0,47
2023-05-09 21:10:18,ru2401P11250,ru2401P11250,110.0,0.0,0.0,0.0,1,71.0,171.0,1,110.0,88.0,0.0,0.0,0.0,0.0,47
2023-05-09 21:10:18,ru2401P11250,ru2401P11250,110.0,0.0,0.0,0.0,1,71.0,170.0,2,110.0,88.0,0.0,0.0,0.0,0.0,47
2023-05-09 21:10:19,ru2401P11250,ru2401P11250,110.0,0.0,0.0,0.0,1,71.0,170.0,2,110.0,88.0,0.0,0.0,0.0,0.0,47
2023-05-09 21:10:19,ru2401P11250,ru2401P11250,110.0,0.0,0.0,0.0,1,71.0,169.0,1,110.0,88.0,0.0,0.0,0.0,0.0,47
2023-05-09 21:10:20,ru2401P11250,ru2401P11250,110.0,0.0,0.0,0.0,1,71.0,168.0,2,110.0,88.0,0.0,0.0,0.0,0.0,47
2023-05-09 21:10:20,ru2401P11250,ru2401P11250,110.0,0.0,0.0,0.0,1,71.0,168.0,2,110.0,88.0,0.0,0.0,0.0,0.0,47
2023-05-09 21:10:21,ru2401P11250,ru2401P11250,110.0,0.0,0.0,0.0,1,71.0,167.0,1,110.0,88.0,0.0,0.0,0.0,0.0,47
2023-05-09 21:10:21,ru2401P11250,ru2401P11250,110.0,0.0,0.0,0.0,1,71.0,166.0,2,110.0,88.0,0.0,0.0,0.0,0.0,47
2023-05-09 21:10:22,ru2401P11250,ru2401P11250,110.0,0.0,0.0,0.0,1,71.0,166.0,2,110.0,88.0,0.0,0.0,0.0,0.0,47
2023-05-09 21:10:22,ru2401P11250,ru2401P11250,110.0,0.0,0.0,0.0,1,71.0,165.0,1,110.0,88.0,0.0,0.0,0.0,0.0,47
2023-05-09 21:10:23,ru2401P11250,ru2401P11250,110.0,0.0,0.0,0.0,1,71.0,164.0,2,110.0,88.0,0.0,0.0,0.0,0.0,47
2023-05-09 21:10:23,ru2401P11250,ru2401P11250,110.0,0.0,0.0,0.0,1,71.0,164.0,2,110.0,88.0,0.0,0.0,0.0,0.0,47
2023-05-09 21:10:24,ru2401P11250,ru2401P11250,110.0,0.0,0.0,0.0,1,71.0,163.0,1,110.0,88.0,0.0,0.0,0.0,0.0,47
2023-05-09 21:10:31,ru2401P11250,ru2401P11250,110.0,0.0,0.0,0.0,1,71.0,162.0,2,110.0,88.0,0.0,0.0,0.0,0.0,47
2023-05-09 21:10:31,ru2401P11250,ru2401P11250,110.0,0.0,0.0,0.0,1,71.0,162.0,2,110.0,88.0,0.0,0.0,0.0,0.0,47
2023-05-09 21:10:32,ru2401P11250,ru2401P11250,110.0,0.0,0.0,0.0,1,71.0,161.0,1,110.0,88.0,0.0,0.0,0.0,0.0,47
2023-05-09 21:12:30,ru2401P11250,ru2401P11250,110.0,0.0,0.0,0.0,1,71.0,161.0,1,110.0,88.0,0.0,0.0,0.0,0.0,47
2023-05-09 21:14:39,ru2401P11250,ru2401P11250,110.0,0.0,0.0,0.0,1,71.0,161.0,1,110.0,88.0,0.0,0.0,0.0,0.0,47
2023-05-09 21:15:53,ru2401P11250,ru2401P11250,110.0,0.0,0.0,0.0,1,71.0,161.0,1,110.0,88.0,0.0,0.0,0.0,0.0,47
2023-05-09 21:20:48,ru2401P11250,ru2401P11250,110.0,0.0,0.0,0.0,1,71.0,160.0,2,110.0,88.0,0.0,0.0,0.0,0.0,47
2023-05-09 21:20:48,ru2401P11250,ru2401P11250,110.0,0.0,0.0,0.0,1,71.0,160.0,2,110.0,88.0,0.0,0.0,0.0,0.0,47
2023-05-09 21:20:49,ru2401P11250,ru2401P11250,110.0,0.0,0.0,0.0,1,71.0,159.0,1,110.0,88.0,0.0,0.0,0.0,0.0,47
2023-05-09 21:28:30,ru2401P11250,ru2401P11250,110.0,0.0,0.0,0.0,1,71.0,158.0,2,110.0,88.0,0.0,0.0,0.0,0.0,47
2023-05-09 21:28:30,ru2401P11250,ru2401P11250,110.0,0.0,0.0,0.0,1,71.0,158.0,2,110.0,88.0,0.0,0.0,0.0,0.0,47
2023-05-09 21:28:31,ru2401P11250,ru2401P11250,110.0,0.0,0.0,0.0,1,71.0,157.0,1,110.0,88.0,0.0,0.0,0.0,0.0,47
2023-05-09 21:28:41,ru2401P11250,ru2401P11250,110.0,0.0,0.0,0.0,1,71.0,156.0,2,110.0,88.0,0.0,0.0,0.0,0.0,47
2023-05-09 21:28:42,ru2401P11250,ru2401P11250,110.0,0.0,0.0,0.0,1,71.0,156.0,2,110.0,88.0,0.0,0.0,0.0,0.0,47
2023-05-09 21:28:42,ru2401P11250,ru2401P11250,110.0,0.0,0.0,0.0,1,71.0,155.0,1,110.0,88.0,0.0,0.0,0.0,0.0,47
2023-05-09 21:29:15,ru2401P11250,ru2401P11250,110.0,0.0,0.0,0.0,1,71.0,154.0,2,110.0,88.0,0.0,0.0,0.0,0.0,47
2023-05-09 21:29:16,ru2401P11250,ru2401P11250,110.0,0.0,0.0,0.0,1,71.0,154.0,2,110.0,88.0,0.0,0.0,0.0,0.0,47
2023-05-09 21:29:16,ru2401P11250,ru2401P11250,110.0,0.0,0.0,0.0,1,71.0,153.0,1,110.0,88.0,0.0,0.0,0.0,0.0,47
2023-05-09 21:29:29,ru2401P11250,ru2401P11250,110.0,0.0,0.0,0.0,1,71.0,153.0,1,110.0,88.0,0.0,0.0,0.0,0.0,47
2023-05-09 21:30:11,ru2401P11250,ru2401P11250,110.0,0.0,0.0,0.0,1,71.0,152.0,2,110.0,88.0,0.0,0.0,0.0,0.0,47
2023-05-09 21:30:11,ru2401P11250,ru2401P11250,110.0,0.0,0.0,0.0,1,71.0,152.0,2,110.0,88.0,0.0,0.0,0.0,0.0,47
2023-05-09 21:30:12,ru2401P11250,ru2401P11250,110.0,0.0,0.0,0.0,1,71.0,151.0,1,110.0,88.0,0.0,0.0,0.0,0.0,47
2023-05-09 21:33:11,ru2401P11250,ru2401P11250,110.0,0.0,0.0,0.0,2,95.0,113.0,2,110.0,88.0,0.0,0.0,0.0,0.0,47
2023-05-09 21:33:11,ru2401P11250,ru2401P11250,110.0,0.0,0.0,0.0,4,95.0,113.0,4,110.0,88.0,0.0,0.0,0.0,0.0,47
2023-05-09 21:34:03,ru2401P11250,ru2401P11250,110.0,0.0,0.0,0.0,2,95.0,110.0,2,110.0,88.0,0.0,0.0,0.0,0.0,47
2023-05-09 21:34:04,ru2401P11250,ru2401P11250,110.0,0.0,0.0,0.0,4,93.0,110.0,4,110.0,88.0,0.0,0.0,0.0,0.0,47
2023-05-09 21:35:11,ru2401P11250,ru2401P11250,110.0,0.0,0.0,0.0,2,96.0,110.0,4,110.0,88.0,0.0,0.0,0.0,0.0,47
2023-05-09 21:35:11,ru2401P11250,ru2401P11250,110.0,0.0,0.0,0.0,4,96.0,110.0,4,110.0,88.0,0.0,0.0,0.0,0.0,47
2023-05-09 21:41:14,ru2401P11250,ru2401P11250,110.0,0.0,0.0,0.0,2,98.0,110.0,2,110.0,88.0,0.0,0.0,0.0,0.0,47
2023-05-09 21:41:15,ru2401P11250,ru2401P11250,110.0,0.0,0.0,0.0,4,98.0,113.0,4,110.0,88.0,0.0,0.0,0.0,0.0,47
2023-05-09 21:42:48,ru2401P11250,ru2401P11250,110.0,0.0,0.0,0.0,4,98.0,113.0,4,110.0,88.0,0.0,0.0,0.0,0.0,47
2023-05-09 21:48:09,ru2401P11250,ru2401P11250,110.0,0.0,0.0,0.0,2,98.0,111.0,2,110.0,88.0,0.0,0.0,0.0,0.0,47
2023-05-09 21:48:10,ru2401P11250,ru2401P11250,110.0,0.0,0.0,0.0,4,96.0,111.0,4,110.0,88.0,0.0,0.0,0.0,0.0,47
2023-05-09 21:52:25,ru2401P11250,ru2401P11250,110.0,0.0,0.0,0.0,2,96.0,111.0,2,110.0,88.0,0.0,0.0,0.0,0.0,47
2023-05-09 21:52:26,ru2401P11250,ru2401P11250,110.0,0.0,0.0,0.0,1,54.0,650.0,1,110.0,88.0,0.0,0.0,0.0,0.0,47
2023-05-09 21:52:26,ru2401P11250,ru2401P11250,110.0,0.0,0.0,0.0,2,62.0,639.0,1,110.0,88.0,0.0,0.0,0.0,0.0,47
2023-05-09 21:52:27,ru2401P11250,ru2401P11250,110.0,0.0,0.0,0.0,2,62.0,639.0,1,110.0,88.0,0.0,0.0,0.0,0.0,47
2023-05-09 21:52:27,ru2401P11250,ru2401P11250,110.0,0.0,0.0,0.0,1,63.0,638.0,1,110.0,88.0,0.0,0.0,0.0,0.0,47
2023-05-09 21:52:28,ru2401P11250,ru2401P11250,110.0,0.0,0.0,0.0,1,63.0,638.0,1,110.0,88.0,0.0,0.0,0.0,0.0,47
2023-05-09 21:52:28,ru2401P11250,ru2401P11250,110.0,0.0,0.0,0.0,2,64.0,627.0,1,110.0,88.0,0.0,0.0,0.0,0.0,47
2023-05-09 21:52:29,ru2401P11250,ru2401P11250,110.0,0.0,0.0,0.0,2,64.0,627.0,1,110.0,88.0,0.0,0.0,0.0,0.0,47
2023-05-09 21:52:29,ru2401P11250,ru2401P11250,110.0,0.0,0.0,0.0,1,65.0,626.0,1,110.0,88.0,0.0,0.0,0.0,0.0,47
2023-05-09 21:52:30,ru2401P11250,ru2401P11250,110.0,0.0,0.0,0.0,2,66.0,626.0,1,110.0,88.0,0.0,0.0,0.0,0.0,47
2023-05-09 21:52:30,ru2401P11250,ru2401P11250,110.0,0.0,0.0,0.0,2,66.0,626.0,1,110.0,88.0,0.0,0.0,0.0,0.0,47
2023-05-09 21:52:31,ru2401P11250,ru2401P11250,110.0,0.0,0.0,0.0,1,67.0,615.0,1,110.0,88.0,0.0,0.0,0.0,0.0,47
2023-05-09 21:52:31,ru2401P11250,ru2401P11250,110.0,0.0,0.0,0.0,2,68.0,615.0,1,110.0,88.0,0.0,0.0,0.0,0.0,47
2023-05-09 21:52:32,ru2401P11250,ru2401P11250,110.0,0.0,0.0,0.0,2,68.0,614.0,1,110.0,88.0,0.0,0.0,0.0,0.0,47
2023-05-09 21:52:32,ru2401P11250,ru2401P11250,110.0,0.0,0.0,0.0,1,69.0,614.0,1,110.0,88.0,0.0,0.0,0.0,0.0,47
2023-05-09 21:52:33,ru2401P11250,ru2401P11250,110.0,0.0,0.0,0.0,2,70.0,614.0,1,110.0,88.0,0.0,0.0,0.0,0.0,47
2023-05-09 21:52:33,ru2401P11250,ru2401P11250,110.0,0.0,0.0,0.0,2,70.0,603.0,1,110.0,88.0,0.0,0.0,0.0,0.0,47
2023-05-09 21:52:34,ru2401P11250,ru2401P11250,110.0,0.0,0.0,0.0,1,71.0,603.0,1,110.0,88.0,0.0,0.0,0.0,0.0,47
2023-05-09 21:52:34,ru2401P11250,ru2401P11250,110.0,0.0,0.0,0.0,1,71.0,602.0,1,110.0,88.0,0.0,0.0,0.0,0.0,47
2023-05-09 21:52:36,ru2401P11250,ru2401P11250,110.0,0.0,0.0,0.0,1,71.0,602.0,1,110.0,88.0,0.0,0.0,0.0,0.0,47
2023-05-09 21:52:36,ru2401P11250,ru2401P11250,110.0,0.0,0.0,0.0,1,71.0,596.0,1,110.0,88.0,0.0,0.0,0.0,0.0,47
2023-05-09 21:52:37,ru2401P11250,ru2401P11250,110.0,0.0,0.0,0.0,1,71.0,596.0,1,110.0,88.0,0.0,0.0,0.0,0.0,47
2023-05-09 21:52:37,ru2401P11250,ru2401P11250,110.0,0.0,0.0,0.0,1,71.0,595.0,1,110.0,88.0,0.0,0.0,0.0,0.0,47
2023-05-09 21:52:38,ru2401P11250,ru2401P11250,110.0,0.0,0.0,0.0,1,71.0,594.0,1,110.0,88.0,0.0,0.0,0.0,0.0,47
2023-05-09 21:52:39,ru2401P11250,ru2401P11250,110.0,0.0,0.0,0.0,1,71.0,594.0,1,110.0,88.0,0.0,0.0,0.0,0.0,47
2023-05-09 21:52:39,ru2401P11250,ru2401P11250,110.0,0.0,0.0,0.0,1,71.0,593.0,1,110.0,88.0,0.0,0.0,0.0,0.0,47
2023-05-09 21:52:41,ru2401P11250,ru2401P11250,110.0,0.0,0.0,0.0,1,71.0,593.0,1,110.0,88.0,0.0,0.0,0.0,0.0,47
2023-05-09 21:52:41,ru2401P11250,ru2401P11250,110.0,0.0,0.0,0.0,1,71.0,592.0,1,110.0,88.0,0.0,0.0,0.0,0.0,47
2023-05-09 21:52:42,ru2401P11250,ru2401P11250,110.0,0.0,0.0,0.0,1,71.0,592.0,1,110.0,88.0,0.0,0.0,0.0,0.0,47
2023-05-09 21:52:42,ru2401P11250,ru2401P11250,110.0,0.0,0.0,0.0,1,71.0,591.0,1,110.0,88.0,0.0,0.0,0.0,0.0,47
2023-05-09 21:52:43,ru2401P11250,ru2401P11250,110.0,0.0,0.0,0.0,1,71.0,591.0,1,110.0,88.0,0.0,0.0,0.0,0.0,47
2023-05-09 21:52:44,ru2401P11250,ru2401P11250,110.0,0.0,0.0,0.0,1,71.0,590.0,1,110.0,88.0,0.0,0.0,0.0,0.0,47
2023-05-09 21:52:44,ru2401P11250,ru2401P11250,110.0,0.0,0.0,0.0,1,71.0,590.0,1,110.0,88.0,0.0,0.0,0.0,0.0,47
2023-05-09 21:52:45,ru2401P11250,ru2401P11250,110.0,0.0,0.0,0.0,1,71.0,589.0,1,110.0,88.0,0.0,0.0,0.0,0.0,47
2023-05-09 21:52:46,ru2401P11250,ru2401P11250,110.0,0.0,0.0,0.0,1,71.0,588.0,1,110.0,88.0,0.0,0.0,0.0,0.0,47
2023-05-09 21:52:46,ru2401P11250,ru2401P11250,110.0,0.0,0.0,0.0,1,71.0,588.0,1,110.0,88.0,0.0,0.0,0.0,0.0,47
2023-05-09 21:52:47,ru2401P11250,ru2401P11250,110.0,0.0,0.0,0.0,1,71.0,587.0,1,110.0,88.0,0.0,0.0,0.0,0.0,47
2023-05-09 21:52:48,ru2401P11250,ru2401P11250,110.0,0.0,0.0,0.0,1,71.0,587.0,1,110.0,88.0,0.0,0.0,0.0,0.0,47
2023-05-09 21:52:48,ru2401P11250,ru2401P11250,110.0,0.0,0.0,0.0,1,71.0,586.0,1,110.0,88.0,0.0,0.0,0.0,0.0,47
2023-05-09 21:52:49,ru2401P11250,ru2401P11250,110.0,0.0,0.0,0.0,1,71.0,586.0,1,110.0,88.0,0.0,0.0,0.0,0.0,47
2023-05-09 21:52:49,ru2401P11250,ru2401P11250,110.0,0.0,0.0,0.0,1,71.0,585.0,1,110.0,88.0,0.0,0.0,0.0,0.0,47
2023-05-09 21:52:50,ru2401P11250,ru2401P11250,110.0,0.0,0.0,0.0,1,71.0,584.0,1,110.0,88.0,0.0,0.0,0.0,0.0,47
2023-05-09 21:52:51,ru2401P11250,ru2401P11250,110.0,0.0,0.0,0.0,1,71.0,584.0,1,110.0,88.0,0.0,0.0,0.0,0.0,47
2023-05-09 21:52:51,ru2401P11250,ru2401P11250,110.0,0.0,0.0,0.0,1,71.0,583.0,1,110.0,88.0,0.0,0.0,0.0,0.0,47
2023-05-09 21:52:52,ru2401P11250,ru2401P11250,110.0,0.0,0.0,0.0,1,71.0,583.0,1,110.0,88.0,0.0,0.0,0.0,0.0,47
2023-05-09 21:52:53,ru2401P11250,ru2401P11250,110.0,0.0,0.0,0.0,1,71.0,582.0,1,110.0,88.0,0.0,0.0,0.0,0.0,47
2023-05-09 21:52:53,ru2401P11250,ru2401P11250,110.0,0.0,0.0,0.0,1,71.0,582.0,1,110.0,88.0,0.0,0.0,0.0,0.0,47
2023-05-09 21:52:54,ru2401P11250,ru2401P11250,110.0,0.0,0.0,0.0,1,71.0,581.0,1,110.0,88.0,0.0,0.0,0.0,0.0,47
2023-05-09 21:52:55,ru2401P11250,ru2401P11250,110.0,0.0,0.0,0.0,1,71.0,580.0,1,110.0,88.0,0.0,0.0,0.0,0.0,47
2023-05-09 21:52:55,ru2401P11250,ru2401P11250,110.0,0.0,0.0,0.0,1,71.0,580.0,1,110.0,88.0,0.0,0.0,0.0,0.0,47
2023-05-09 21:52:56,ru2401P11250,ru2401P11250,110.0,0.0,0.0,0.0,1,71.0,579.0,1,110.0,88.0,0.0,0.0,0.0,0.0,47
2023-05-09 21:52:57,ru2401P11250,ru2401P11250,110.0,0.0,0.0,0.0,1,71.0,579.0,1,110.0,88.0,0.0,0.0,0.0,0.0,47
2023-05-09 21:52:58,ru2401P11250,ru2401P11250,110.0,0.0,0.0,0.0,1,71.0,578.0,1,110.0,88.0,0.0,0.0,0.0,0.0,47
2023-05-09 21:52:58,ru2401P11250,ru2401P11250,110.0,0.0,0.0,0.0,1,71.0,578.0,1,110.0,88.0,0.0,0.0,0.0,0.0,47
2023-05-09 21:52:59,ru2401P11250,ru2401P11250,110.0,0.0,0.0,0.0,1,71.0,577.0,1,110.0,88.0,0.0,0.0,0.0,0.0,47
2023-05-09 21:53:00,ru2401P11250,ru2401P11250,110.0,0.0,0.0,0.0,1,71.0,577.0,1,110.0,88.0,0.0,0.0,0.0,0.0,47
2023-05-09 21:53:00,ru2401P11250,ru2401P11250,110.0,0.0,0.0,0.0,1,71.0,576.0,1,110.0,88.0,0.0,0.0,0.0,0.0,47
2023-05-09 21:53:01,ru2401P11250,ru2401P11250,110.0,0.0,0.0,0.0,1,71.0,576.0,1,110.0,88.0,0.0,0.0,0.0,0.0,47
2023-05-09 21:53:01,ru2401P11250,ru2401P11250,110.0,0.0,0.0,0.0,1,71.0,575.0,1,110.0,88.0,0.0,0.0,0.0,0.0,47
2023-05-09 21:53:02,ru2401P11250,ru2401P11250,110.0,0.0,0.0,0.0,1,71.0,575.0,1,110.0,88.0,0.0,0.0,0.0,0.0,47
2023-05-09 21:53:03,ru2401P11250,ru2401P11250,110.0,0.0,0.0,0.0,1,71.0,574.0,1,110.0,88.0,0.0,0.0,0.0,0.0,47
2023-05-09 21:53:03,ru2401P11250,ru2401P11250,110.0,0.0,0.0,0.0,1,71.0,574.0,1,110.0,88.0,0.0,0.0,0.0,0.0,47
2023-05-09 21:53:04,ru2401P11250,ru2401P11250,110.0,0.0,0.0,0.0,1,71.0,573.0,1,110.0,88.0,0.0,0.0,0.0,0.0,47
2023-05-09 21:53:05,ru2401P11250,ru2401P11250,110.0,0.0,0.0,0.0,1,71.0,573.0,1,110.0,88.0,0.0,0.0,0.0,0.0,47
2023-05-09 21:53:05,ru2401P11250,ru2401P11250,110.0,0.0,0.0,0.0,1,71.0,572.0,1,110.0,88.0,0.0,0.0,0.0,0.0,47
2023-05-09 21:53:06,ru2401P11250,ru2401P11250,110.0,0.0,0.0,0.0,1,71.0,572.0,1,110.0,88.0,0.0,0.0,0.0,0.0,47
2023-05-09 21:53:06,ru2401P11250,ru2401P11250,110.0,0.0,0.0,0.0,1,71.0,571.0,1,110.0,88.0,0.0,0.0,0.0,0.0,47
2023-05-09 21:53:07,ru2401P11250,ru2401P11250,110.0,0.0,0.0,0.0,1,71.0,571.0,1,110.0,88.0,0.0,0.0,0.0,0.0,47
2023-05-09 21:53:08,ru2401P11250,ru2401P11250,110.0,0.0,0.0,0.0,1,71.0,570.0,1,110.0,88.0,0.0,0.0,0.0,0.0,47
2023-05-09 21:53:08,ru2401P11250,ru2401P11250,110.0,0.0,0.0,0.0,1,71.0,570.0,1,110.0,88.0,0.0,0.0,0.0,0.0,47
2023-05-09 21:53:09,ru2401P11250,ru2401P11250,110.0,0.0,0.0,0.0,1,71.0,569.0,1,110.0,88.0,0.0,0.0,0.0,0.0,47
2023-05-09 21:53:10,ru2401P11250,ru2401P11250,110.0,0.0,0.0,0.0,1,71.0,568.0,1,110.0,88.0,0.0,0.0,0.0,0.0,47
2023-05-09 21:53:10,ru2401P11250,ru2401P11250,110.0,0.0,0.0,0.0,1,71.0,568.0,1,110.0,88.0,0.0,0.0,0.0,0.0,47
2023-05-09 21:53:11,ru2401P11250,ru2401P11250,110.0,0.0,0.0,0.0,1,71.0,567.0,1,110.0,88.0,0.0,0.0,0.0,0.0,47
2023-05-09 21:53:12,ru2401P11250,ru2401P11250,110.0,0.0,0.0,0.0,1,71.0,567.0,1,110.0,88.0,0.0,0.0,0.0,0.0,47
2023-05-09 21:53:12,ru2401P11250,ru2401P11250,110.0,0.0,0.0,0.0,1,71.0,566.0,1,110.0,88.0,0.0,0.0,0.0,0.0,47
2023-05-09 21:53:13,ru2401P11250,ru2401P11250,110.0,0.0,0.0,0.0,1,71.0,566.0,1,110.0,88.0,0.0,0.0,0.0,0.0,47
2023-05-09 21:53:13,ru2401P11250,ru2401P11250,110.0,0.0,0.0,0.0,1,71.0,565.0,1,110.0,88.0,0.0,0.0,0.0,0.0,47
2023-05-09 21:53:14,ru2401P11250,ru2401P11250,110.0,0.0,0.0,0.0,1,71.0,565.0,1,110.0,88.0,0.0,0.0,0.0,0.0,47
2023-05-09 21:53:15,ru2401P11250,ru2401P11250,110.0,0.0,0.0,0.0,1,71.0,564.0,1,110.0,88.0,0.0,0.0,0.0,0.0,47
2023-05-09 21:53:15,ru2401P11250,ru2401P11250,110.0,0.0,0.0,0.0,1,71.0,564.0,1,110.0,88.0,0.0,0.0,0.0,0.0,47
2023-05-09 21:53:16,ru2401P11250,ru2401P11250,110.0,0.0,0.0,0.0,1,71.0,563.0,1,110.0,88.0,0.0,0.0,0.0,0.0,47
2023-05-09 21:53:16,ru2401P11250,ru2401P11250,110.0,0.0,0.0,0.0,1,71.0,563.0,1,110.0,88.0,0.0,0.0,0.0,0.0,47
2023-05-09 21:53:17,ru2401P11250,ru2401P11250,110.0,0.0,0.0,0.0,1,71.0,562.0,1,110.0,88.0,0.0,0.0,0.0,0.0,47
2023-05-09 21:53:17,ru2401P11250,ru2401P11250,110.0,0.0,0.0,0.0,1,71.0,562.0,1,110.0,88.0,0.0,0.0,0.0,0.0,47
2023-05-09 21:53:18,ru2401P11250,ru2401P11250,110.0,0.0,0.0,0.0,1,71.0,561.0,1,110.0,88.0,0.0,0.0,0.0,0.0,47
2023-05-09 21:53:19,ru2401P11250,ru2401P11250,110.0,0.0,0.0,0.0,1,71.0,560.0,1,110.0,88.0,0.0,0.0,0.0,0.0,47
2023-05-09 21:53:19,ru2401P11250,ru2401P11250,110.0,0.0,0.0,0.0,1,71.0,560.0,1,110.0,88.0,0.0,0.0,0.0,0.0,47
2023-05-09 21:53:20,ru2401P11250,ru2401P11250,110.0,0.0,0.0,0.0,1,71.0,559.0,1,110.0,88.0,0.0,0.0,0.0,0.0,47
2023-05-09 21:53:21,ru2401P11250,ru2401P11250,110.0,0.0,0.0,0.0,1,71.0,558.0,1,110.0,88.0,0.0,0.0,0.0,0.0,47
2023-05-09 21:53:21,ru2401P11250,ru2401P11250,110.0,0.0,0.0,0.0,1,71.0,558.0,1,110.0,88.0,0.0,0.0,0.0,0.0,47
2023-05-09 21:53:22,ru2401P11250,ru2401P11250,110.0,0.0,0.0,0.0,1,71.0,557.0,1,110.0,88.0,0.0,0.0,0.0,0.0,47
2023-05-09 21:53:22,ru2401P11250,ru2401P11250,110.0,0.0,0.0,0.0,1,71.0,556.0,1,110.0,88.0,0.0,0.0,0.0,0.0,47
2023-05-09 21:53:23,ru2401P11250,ru2401P11250,110.0,0.0,0.0,0.0,1,71.0,556.0,1,110.0,88.0,0.0,0.0,0.0,0.0,47
2023-05-09 21:53:23,ru2401P11250,ru2401P11250,110.0,0.0,0.0,0.0,1,71.0,555.0,1,110.0,88.0,0.0,0.0,0.0,0.0,47
2023-05-09 21:53:25,ru2401P11250,ru2401P11250,110.0,0.0,0.0,0.0,1,71.0,554.0,1,110.0,88.0,0.0,0.0,0.0,0.0,47
2023-05-09 21:53:25,ru2401P11250,ru2401P11250,110.0,0.0,0.0,0.0,1,71.0,554.0,1,110.0,88.0,0.0,0.0,0.0,0.0,47
2023-05-09 21:53:26,ru2401P11250,ru2401P11250,110.0,0.0,0.0,0.0,1,71.0,553.0,1,110.0,88.0,0.0,0.0,0.0,0.0,47
2023-05-09 21:53:27,ru2401P11250,ru2401P11250,110.0,0.0,0.0,0.0,1,71.0,553.0,1,110.0,88.0,0.0,0.0,0.0,0.0,47
2023-05-09 21:53:27,ru2401P11250,ru2401P11250,110.0,0.0,0.0,0.0,1,71.0,552.0,1,110.0,88.0,0.0,0.0,0.0,0.0,47
2023-05-09 21:53:28,ru2401P11250,ru2401P11250,110.0,0.0,0.0,0.0,1,71.0,552.0,1,110.0,88.0,0.0,0.0,0.0,0.0,47
2023-05-09 21:53:28,ru2401P11250,ru2401P11250,110.0,0.0,0.0,0.0,1,71.0,551.0,1,110.0,88.0,0.0,0.0,0.0,0.0,47
2023-05-09 21:53:29,ru2401P11250,ru2401P11250,110.0,0.0,0.0,0.0,1,71.0,551.0,1,110.0,88.0,0.0,0.0,0.0,0.0,47
2023-05-09 21:53:29,ru2401P11250,ru2401P11250,110.0,0.0,0.0,0.0,1,71.0,550.0,1,110.0,88.0,0.0,0.0,0.0,0.0,47
2023-05-09 21:53:30,ru2401P11250,ru2401P11250,110.0,0.0,0.0,0.0,1,71.0,550.0,1,110.0,88.0,0.0,0.0,0.0,0.0,47
2023-05-09 21:53:30,ru2401P11250,ru2401P11250,110.0,0.0,0.0,0.0,1,71.0,549.0,1,110.0,88.0,0.0,0.0,0.0,0.0,47
2023-05-09 21:53:31,ru2401P11250,ru2401P11250,110.0,0.0,0.0,0.0,1,71.0,548.0,1,110.0,88.0,0.0,0.0,0.0,0.0,47
2023-05-09 21:53:32,ru2401P11250,ru2401P11250,110.0,0.0,0.0,0.0,1,71.0,548.0,1,110.0,88.0,0.0,0.0,0.0,0.0,47
2023-05-09 21:53:32,ru2401P11250,ru2401P11250,110.0,0.0,0.0,0.0,1,71.0,547.0,1,110.0,88.0,0.0,0.0,0.0,0.0,47
2023-05-09 21:53:33,ru2401P11250,ru2401P11250,110.0,0.0,0.0,0.0,1,71.0,546.0,1,110.0,88.0,0.0,0.0,0.0,0.0,47
2023-05-09 21:53:34,ru2401P11250,ru2401P11250,110.0,0.0,0.0,0.0,1,71.0,546.0,1,110.0,88.0,0.0,0.0,0.0,0.0,47
2023-05-09 21:53:34,ru2401P11250,ru2401P11250,110.0,0.0,0.0,0.0,1,71.0,545.0,1,110.0,88.0,0.0,0.0,0.0,0.0,47
2023-05-09 21:53:35,ru2401P11250,ru2401P11250,110.0,0.0,0.0,0.0,1,71.0,545.0,1,110.0,88.0,0.0,0.0,0.0,0.0,47
2023-05-09 21:53:36,ru2401P11250,ru2401P11250,110.0,0.0,0.0,0.0,1,71.0,544.0,1,110.0,88.0,0.0,0.0,0.0,0.0,47
2023-05-09 21:53:36,ru2401P11250,ru2401P11250,110.0,0.0,0.0,0.0,1,71.0,544.0,1,110.0,88.0,0.0,0.0,0.0,0.0,47
2023-05-09 21:53:37,ru2401P11250,ru2401P11250,110.0,0.0,0.0,0.0,1,71.0,543.0,1,110.0,88.0,0.0,0.0,0.0,0.0,47
2023-05-09 21:53:37,ru2401P11250,ru2401P11250,110.0,0.0,0.0,0.0,1,71.0,543.0,1,110.0,88.0,0.0,0.0,0.0,0.0,47
2023-05-09 21:53:38,ru2401P11250,ru2401P11250,110.0,0.0,0.0,0.0,1,71.0,542.0,1,110.0,88.0,0.0,0.0,0.0,0.0,47
2023-05-09 21:53:38,ru2401P11250,ru2401P11250,110.0,0.0,0.0,0.0,1,71.0,541.0,1,110.0,88.0,0.0,0.0,0.0,0.0,47
2023-05-09 21:53:40,ru2401P11250,ru2401P11250,110.0,0.0,0.0,0.0,1,71.0,540.0,1,110.0,88.0,0.0,0.0,0.0,0.0,47
2023-05-09 21:53:40,ru2401P11250,ru2401P11250,110.0,0.0,0.0,0.0,1,71.0,540.0,1,110.0,88.0,0.0,0.0,0.0,0.0,47
2023-05-09 21:53:41,ru2401P11250,ru2401P11250,110.0,0.0,0.0,0.0,1,71.0,539.0,1,110.0,88.0,0.0,0.0,0.0,0.0,47
2023-05-09 21:53:42,ru2401P11250,ru2401P11250,110.0,0.0,0.0,0.0,1,71.0,539.0,1,110.0,88.0,0.0,0.0,0.0,0.0,47
2023-05-09 21:53:42,ru2401P11250,ru2401P11250,110.0,0.0,0.0,0.0,1,71.0,538.0,1,110.0,88.0,0.0,0.0,0.0,0.0,47
