time,symbol_id,symbol_name,last,trade_volume,trade_amount,open_interest_change,bv1,bp1,ap1,av1,yesterday_close,today_open,today_high,today_low,volume,amount,open_interest
2023-05-10 20:58:56,l2308,l2308,7877.0,0.0,0.0,0.0,1,7876.0,7904.0,1,7877.0,7900.0,0.0,0.0,0.0,0.0,62875
2023-05-10 21:00:00,l2308,l2308,7900.0,1.0,39500.0,-1.0,1,7876.0,7904.0,1,7877.0,7900.0,7900.0,7900.0,1.0,39500.0,62874
2023-05-10 21:00:00,l2308,l2308,7903.0,1.0,39515.0,0.0,4,7877.0,7903.0,10,7877.0,7900.0,7903.0,7900.0,2.0,79015.0,62874
2023-05-10 21:00:01,l2308,l2308,7902.0,1.0,39510.0,0.0,10,7877.0,7902.0,2,7877.0,7900.0,7903.0,7900.0,3.0,118525.0,62874
2023-05-10 21:00:01,l2308,l2308,7901.0,1.0,39505.0,0.0,10,7877.0,7900.0,2,7877.0,7900.0,7903.0,7900.0,4.0,158030.0,62874
2023-05-10 21:00:02,l2308,l2308,7899.0,2.0,79000.0,-1.0,10,7877.0,7898.0,3,7877.0,7900.0,7903.0,7899.0,6.0,237030.0,62873
2023-05-10 21:00:02,l2308,l2308,7899.0,0.0,0.0,0.0,1,7879.0,7897.0,6,7877.0,7900.0,7903.0,7899.0,6.0,237030.0,62873
2023-05-10 21:00:03,l2308,l2308,7899.0,0.0,0.0,0.0,3,7880.0,7897.0,9,7877.0,7900.0,7903.0,7899.0,6.0,237030.0,62873
2023-05-10 21:00:03,l2308,l2308,7899.0,0.0,0.0,0.0,4,7881.0,7896.0,3,7877.0,7900.0,7903.0,7899.0,6.0,237030.0,62873
2023-05-10 21:00:04,l2308,l2308,7899.0,0.0,0.0,0.0,7,7881.0,7895.0,3,7877.0,7900.0,7903.0,7899.0,6.0,237030.0,62873
2023-05-10 21:00:04,l2308,l2308,7899.0,0.0,0.0,0.0,6,7883.0,7894.0,4,7877.0,7900.0,7903.0,7899.0,6.0,237030.0,62873
2023-05-10 21:00:05,l2308,l2308,7899.0,0.0,0.0,0.0,11,7883.0,7892.0,3,7877.0,7900.0,7903.0,7899.0,6.0,237030.0,62873
2023-05-10 21:00:05,l2308,l2308,7892.0,1.0,39460.0,-1.0,7,7883.0,7891.0,6,7877.0,7900.0,7903.0,7892.0,7.0,276490.0,62872
2023-05-10 21:00:06,l2308,l2308,7890.0,5.0,197115.0,0.0,2,7881.0,7890.0,6,7877.0,7900.0,7903.0,7883.0,12.0,473605.0,62872
2023-05-10 21:00:06,l2308,l2308,7889.0,4.0,157700.0,2.0,1,7880.0,7889.0,3,7877.0,7900.0,7903.0,7881.0,16.0,631305.0,62874
2023-05-10 21:00:07,l2308,l2308,7888.0,3.0,118285.0,1.0,1,7880.0,7888.0,8,7877.0,7900.0,7903.0,7880.0,19.0,749590.0,62875
2023-05-10 21:00:07,l2308,l2308,7888.0,1.0,39440.0,0.0,3,7879.0,7887.0,4,7877.0,7900.0,7903.0,7880.0,20.0,789030.0,62875
2023-05-10 21:00:08,l2308,l2308,7888.0,0.0,0.0,0.0,9,7879.0,7887.0,8,7877.0,7900.0,7903.0,7880.0,20.0,789030.0,62875
2023-05-10 21:00:08,l2308,l2308,7888.0,0.0,0.0,0.0,4,7879.0,7887.0,12,7877.0,7900.0,7903.0,7880.0,20.0,789030.0,62875
2023-05-10 21:00:09,l2308,l2308,7888.0,0.0,0.0,0.0,6,7879.0,7887.0,12,7877.0,7900.0,7903.0,7880.0,20.0,789030.0,62875
2023-05-10 21:00:09,l2308,l2308,7888.0,0.0,0.0,0.0,9,7879.0,7887.0,13,7877.0,7900.0,7903.0,7880.0,20.0,789030.0,62875
2023-05-10 21:00:10,l2308,l2308,7888.0,0.0,0.0,0.0,9,7879.0,7887.0,8,7877.0,7900.0,7903.0,7880.0,20.0,789030.0,62875
2023-05-10 21:00:11,l2308,l2308,7888.0,0.0,0.0,0.0,3,7880.0,7886.0,4,7877.0,7900.0,7903.0,7880.0,20.0,789030.0,62875
2023-05-10 21:00:11,l2308,l2308,7888.0,0.0,0.0,0.0,4,7880.0,7885.0,6,7877.0,7900.0,7903.0,7880.0,20.0,789030.0,62875
2023-05-10 21:00:12,l2308,l2308,7888.0,0.0,0.0,0.0,3,7880.0,7885.0,6,7877.0,7900.0,7903.0,7880.0,20.0,789030.0,62875
2023-05-10 21:00:13,l2308,l2308,7885.0,1.0,39425.0,1.0,3,7881.0,7885.0,5,7877.0,7900.0,7903.0,7880.0,21.0,828455.0,62876
2023-05-10 21:00:13,l2308,l2308,7885.0,0.0,0.0,0.0,3,7882.0,7887.0,8,7877.0,7900.0,7903.0,7880.0,21.0,828455.0,62876
2023-05-10 21:00:14,l2308,l2308,7885.0,0.0,0.0,0.0,4,7881.0,7887.0,8,7877.0,7900.0,7903.0,7880.0,21.0,828455.0,62876
2023-05-10 21:00:15,l2308,l2308,7881.0,1.0,39405.0,1.0,3,7881.0,7886.0,5,7877.0,7900.0,7903.0,7880.0,22.0,867860.0,62877
2023-05-10 21:00:15,l2308,l2308,7882.0,2.0,78820.0,1.0,3,7880.0,7886.0,3,7877.0,7900.0,7903.0,7880.0,24.0,946680.0,62878
2023-05-10 21:00:16,l2308,l2308,7885.0,4.0,157670.0,4.0,17,7880.0,7885.0,3,7877.0,7900.0,7903.0,7880.0,28.0,1104350.0,62882
2023-05-10 21:00:16,l2308,l2308,7879.0,10.0,394075.0,6.0,8,7879.0,7884.0,16,7877.0,7900.0,7903.0,7879.0,38.0,1498425.0,62888
2023-05-10 21:00:17,l2308,l2308,7879.0,0.0,0.0,0.0,3,7880.0,7884.0,17,7877.0,7900.0,7903.0,7879.0,38.0,1498425.0,62888
2023-05-10 21:00:17,l2308,l2308,7879.0,0.0,0.0,0.0,7,7878.0,7883.0,4,7877.0,7900.0,7903.0,7879.0,38.0,1498425.0,62888
2023-05-10 21:00:18,l2308,l2308,7879.0,0.0,0.0,0.0,3,7879.0,7882.0,3,7877.0,7900.0,7903.0,7879.0,38.0,1498425.0,62888
2023-05-10 21:00:19,l2308,l2308,7879.0,0.0,0.0,0.0,21,7878.0,7883.0,1,7877.0,7900.0,7903.0,7879.0,38.0,1498425.0,62888
2023-05-10 21:00:19,l2308,l2308,7879.0,0.0,0.0,0.0,6,7879.0,7882.0,6,7877.0,7900.0,7903.0,7879.0,38.0,1498425.0,62888
2023-05-10 21:00:20,l2308,l2308,7879.0,0.0,0.0,0.0,3,7880.0,7883.0,7,7877.0,7900.0,7903.0,7879.0,38.0,1498425.0,62888
2023-05-10 21:00:21,l2308,l2308,7879.0,0.0,0.0,0.0,6,7879.0,7882.0,3,7877.0,7900.0,7903.0,7879.0,38.0,1498425.0,62888
2023-05-10 21:00:22,l2308,l2308,7879.0,0.0,0.0,0.0,6,7878.0,7880.0,3,7877.0,7900.0,7903.0,7879.0,38.0,1498425.0,62888
2023-05-10 21:00:22,l2308,l2308,7879.0,0.0,0.0,0.0,3,7878.0,7880.0,6,7877.0,7900.0,7903.0,7879.0,38.0,1498425.0,62888
2023-05-10 21:00:23,l2308,l2308,7879.0,0.0,0.0,0.0,6,7877.0,7879.0,3,7877.0,7900.0,7903.0,7879.0,38.0,1498425.0,62888
2023-05-10 21:00:23,l2308,l2308,7879.0,0.0,0.0,0.0,6,7877.0,7880.0,7,7877.0,7900.0,7903.0,7879.0,38.0,1498425.0,62888
2023-05-10 21:00:24,l2308,l2308,7879.0,0.0,0.0,0.0,6,7877.0,7879.0,3,7877.0,7900.0,7903.0,7879.0,38.0,1498425.0,62888
2023-05-10 21:00:24,l2308,l2308,7879.0,0.0,0.0,0.0,6,7876.0,7879.0,3,7877.0,7900.0,7903.0,7879.0,38.0,1498425.0,62888
2023-05-10 21:00:25,l2308,l2308,7879.0,0.0,0.0,0.0,3,7877.0,7880.0,7,7877.0,7900.0,7903.0,7879.0,38.0,1498425.0,62888
2023-05-10 21:00:26,l2308,l2308,7879.0,0.0,0.0,0.0,3,7877.0,7880.0,8,7877.0,7900.0,7903.0,7879.0,38.0,1498425.0,62888
2023-05-10 21:00:27,l2308,l2308,7880.0,4.0,157600.0,3.0,3,7880.0,7883.0,4,7877.0,7900.0,7903.0,7879.0,42.0,1656025.0,62891
2023-05-10 21:00:27,l2308,l2308,7880.0,0.0,0.0,0.0,3,7881.0,7883.0,6,7877.0,7900.0,7903.0,7879.0,42.0,1656025.0,62891
2023-05-10 21:00:28,l2308,l2308,7880.0,0.0,0.0,0.0,3,7881.0,7884.0,6,7877.0,7900.0,7903.0,7879.0,42.0,1656025.0,62891
2023-05-10 21:00:28,l2308,l2308,7880.0,0.0,0.0,0.0,9,7881.0,7884.0,6,7877.0,7900.0,7903.0,7879.0,42.0,1656025.0,62891
2023-05-10 21:00:29,l2308,l2308,7880.0,0.0,0.0,0.0,8,7881.0,7884.0,6,7877.0,7900.0,7903.0,7879.0,42.0,1656025.0,62891
2023-05-10 21:00:29,l2308,l2308,7880.0,0.0,0.0,0.0,6,7881.0,7883.0,3,7877.0,7900.0,7903.0,7879.0,42.0,1656025.0,62891
2023-05-10 21:00:30,l2308,l2308,7880.0,0.0,0.0,0.0,7,7880.0,7883.0,3,7877.0,7900.0,7903.0,7879.0,42.0,1656025.0,62891
2023-05-10 21:00:31,l2308,l2308,7880.0,0.0,0.0,0.0,6,7880.0,7883.0,3,7877.0,7900.0,7903.0,7879.0,42.0,1656025.0,62891
2023-05-10 21:00:33,l2308,l2308,7880.0,0.0,0.0,0.0,6,7880.0,7883.0,4,7877.0,7900.0,7903.0,7879.0,42.0,1656025.0,62891
2023-05-10 21:00:33,l2308,l2308,7880.0,0.0,0.0,0.0,6,7880.0,7882.0,3,7877.0,7900.0,7903.0,7879.0,42.0,1656025.0,62891
2023-05-10 21:00:34,l2308,l2308,7880.0,0.0,0.0,0.0,6,7880.0,7883.0,10,7877.0,7900.0,7903.0,7879.0,42.0,1656025.0,62891
2023-05-10 21:00:34,l2308,l2308,7880.0,0.0,0.0,0.0,8,7880.0,7883.0,6,7877.0,7900.0,7903.0,7879.0,42.0,1656025.0,62891
2023-05-10 21:00:35,l2308,l2308,7880.0,0.0,0.0,0.0,10,7880.0,7883.0,6,7877.0,7900.0,7903.0,7879.0,42.0,1656025.0,62891
2023-05-10 21:00:35,l2308,l2308,7880.0,0.0,0.0,0.0,3,7881.0,7884.0,12,7877.0,7900.0,7903.0,7879.0,42.0,1656025.0,62891
2023-05-10 21:00:36,l2308,l2308,7880.0,0.0,0.0,0.0,3,7881.0,7883.0,8,7877.0,7900.0,7903.0,7879.0,42.0,1656025.0,62891
2023-05-10 21:00:37,l2308,l2308,7880.0,0.0,0.0,0.0,9,7880.0,7883.0,15,7877.0,7900.0,7903.0,7879.0,42.0,1656025.0,62891
2023-05-10 21:00:38,l2308,l2308,7880.0,0.0,0.0,0.0,6,7880.0,7883.0,21,7877.0,7900.0,7903.0,7879.0,42.0,1656025.0,62891
2023-05-10 21:00:39,l2308,l2308,7880.0,1.0,39400.0,-1.0,6,7880.0,7883.0,23,7877.0,7900.0,7903.0,7879.0,43.0,1695425.0,62890
2023-05-10 21:00:40,l2308,l2308,7880.0,0.0,0.0,0.0,12,7881.0,7883.0,5,7877.0,7900.0,7903.0,7879.0,43.0,1695425.0,62890
2023-05-10 21:00:40,l2308,l2308,7880.0,0.0,0.0,0.0,18,7880.0,7883.0,15,7877.0,7900.0,7903.0,7879.0,43.0,1695425.0,62890
2023-05-10 21:00:41,l2308,l2308,7880.0,0.0,0.0,0.0,3,7880.0,7882.0,7,7877.0,7900.0,7903.0,7879.0,43.0,1695425.0,62890
2023-05-10 21:00:41,l2308,l2308,7880.0,0.0,0.0,0.0,9,7879.0,7882.0,13,7877.0,7900.0,7903.0,7879.0,43.0,1695425.0,62890
2023-05-10 21:00:42,l2308,l2308,7879.0,6.0,236370.0,4.0,28,7878.0,7882.0,19,7877.0,7900.0,7903.0,7879.0,49.0,1931795.0,62894
2023-05-10 21:00:42,l2308,l2308,7879.0,0.0,0.0,0.0,3,7878.0,7880.0,8,7877.0,7900.0,7903.0,7879.0,49.0,1931795.0,62894
2023-05-10 21:00:43,l2308,l2308,7879.0,0.0,0.0,0.0,9,7877.0,7880.0,14,7877.0,7900.0,7903.0,7879.0,49.0,1931795.0,62894
2023-05-10 21:00:43,l2308,l2308,7879.0,1.0,39395.0,0.0,3,7877.0,7879.0,3,7877.0,7900.0,7903.0,7879.0,50.0,1971190.0,62894
2023-05-10 21:00:44,l2308,l2308,7879.0,0.0,0.0,0.0,22,7876.0,7878.0,3,7877.0,7900.0,7903.0,7879.0,50.0,1971190.0,62894
2023-05-10 21:00:44,l2308,l2308,7879.0,0.0,0.0,0.0,3,7877.0,7879.0,9,7877.0,7900.0,7903.0,7879.0,50.0,1971190.0,62894
2023-05-10 21:00:45,l2308,l2308,7879.0,0.0,0.0,0.0,21,7876.0,7879.0,6,7877.0,7900.0,7903.0,7879.0,50.0,1971190.0,62894
2023-05-10 21:00:45,l2308,l2308,7879.0,0.0,0.0,0.0,24,7876.0,7879.0,6,7877.0,7900.0,7903.0,7879.0,50.0,1971190.0,62894
2023-05-10 21:00:46,l2308,l2308,7879.0,0.0,0.0,0.0,10,7876.0,7879.0,9,7877.0,7900.0,7903.0,7879.0,50.0,1971190.0,62894
2023-05-10 21:00:46,l2308,l2308,7879.0,0.0,0.0,0.0,16,7876.0,7879.0,6,7877.0,7900.0,7903.0,7879.0,50.0,1971190.0,62894
2023-05-10 21:00:47,l2308,l2308,7879.0,0.0,0.0,0.0,26,7876.0,7879.0,8,7877.0,7900.0,7903.0,7879.0,50.0,1971190.0,62894
2023-05-10 21:00:47,l2308,l2308,7879.0,0.0,0.0,0.0,3,7877.0,7880.0,21,7877.0,7900.0,7903.0,7879.0,50.0,1971190.0,62894
2023-05-10 21:00:48,l2308,l2308,7879.0,0.0,0.0,0.0,5,7877.0,7879.0,3,7877.0,7900.0,7903.0,7879.0,50.0,1971190.0,62894
2023-05-10 21:00:50,l2308,l2308,7879.0,0.0,0.0,0.0,6,7877.0,7880.0,19,7877.0,7900.0,7903.0,7879.0,50.0,1971190.0,62894
2023-05-10 21:00:51,l2308,l2308,7879.0,0.0,0.0,0.0,17,7877.0,7880.0,9,7877.0,7900.0,7903.0,7879.0,50.0,1971190.0,62894
2023-05-10 21:00:51,l2308,l2308,7879.0,0.0,0.0,0.0,23,7877.0,7880.0,6,7877.0,7900.0,7903.0,7879.0,50.0,1971190.0,62894
2023-05-10 21:00:52,l2308,l2308,7879.0,0.0,0.0,0.0,3,7877.0,7880.0,10,7877.0,7900.0,7903.0,7879.0,50.0,1971190.0,62894
2023-05-10 21:00:52,l2308,l2308,7879.0,0.0,0.0,0.0,3,7877.0,7879.0,3,7877.0,7900.0,7903.0,7879.0,50.0,1971190.0,62894
2023-05-10 21:00:53,l2308,l2308,7879.0,0.0,0.0,0.0,6,7877.0,7879.0,3,7877.0,7900.0,7903.0,7879.0,50.0,1971190.0,62894
2023-05-10 21:00:56,l2308,l2308,7879.0,0.0,0.0,0.0,3,7877.0,7879.0,5,7877.0,7900.0,7903.0,7879.0,50.0,1971190.0,62894
2023-05-10 21:00:57,l2308,l2308,7879.0,0.0,0.0,0.0,20,7876.0,7879.0,14,7877.0,7900.0,7903.0,7879.0,50.0,1971190.0,62894
2023-05-10 21:00:57,l2308,l2308,7879.0,0.0,0.0,0.0,15,7876.0,7879.0,25,7877.0,7900.0,7903.0,7879.0,50.0,1971190.0,62894
2023-05-10 21:00:58,l2308,l2308,7879.0,0.0,0.0,0.0,5,7877.0,7879.0,14,7877.0,7900.0,7903.0,7879.0,50.0,1971190.0,62894
2023-05-10 21:00:58,l2308,l2308,7879.0,0.0,0.0,0.0,3,7877.0,7879.0,14,7877.0,7900.0,7903.0,7879.0,50.0,1971190.0,62894
2023-05-10 21:01:00,l2308,l2308,7879.0,0.0,0.0,0.0,3,7877.0,7879.0,12,7877.0,7900.0,7903.0,7879.0,50.0,1971190.0,62894
2023-05-10 21:01:00,l2308,l2308,7879.0,3.0,118185.0,0.0,14,7879.0,7880.0,15,7877.0,7900.0,7903.0,7879.0,53.0,2089375.0,62894
2023-05-10 21:01:01,l2308,l2308,7879.0,0.0,0.0,0.0,17,7879.0,7881.0,12,7877.0,7900.0,7903.0,7879.0,53.0,2089375.0,62894
2023-05-10 21:01:01,l2308,l2308,7879.0,0.0,0.0,0.0,29,7879.0,7881.0,6,7877.0,7900.0,7903.0,7879.0,53.0,2089375.0,62894
2023-05-10 21:01:02,l2308,l2308,7881.0,1.0,39405.0,0.0,3,7880.0,7882.0,18,7877.0,7900.0,7903.0,7879.0,54.0,2128780.0,62894
2023-05-10 21:01:02,l2308,l2308,7881.0,0.0,0.0,0.0,3,7880.0,7882.0,9,7877.0,7900.0,7903.0,7879.0,54.0,2128780.0,62894
2023-05-10 21:01:03,l2308,l2308,7881.0,0.0,0.0,0.0,5,7880.0,7882.0,3,7877.0,7900.0,7903.0,7879.0,54.0,2128780.0,62894
2023-05-10 21:01:03,l2308,l2308,7881.0,0.0,0.0,0.0,6,7880.0,7882.0,11,7877.0,7900.0,7903.0,7879.0,54.0,2128780.0,62894
2023-05-10 21:01:04,l2308,l2308,7881.0,0.0,0.0,0.0,3,7880.0,7882.0,12,7877.0,7900.0,7903.0,7879.0,54.0,2128780.0,62894
2023-05-10 21:01:04,l2308,l2308,7881.0,0.0,0.0,0.0,3,7880.0,7882.0,23,7877.0,7900.0,7903.0,7879.0,54.0,2128780.0,62894
2023-05-10 21:01:05,l2308,l2308,7881.0,0.0,0.0,0.0,3,7880.0,7882.0,40,7877.0,7900.0,7903.0,7879.0,54.0,2128780.0,62894
2023-05-10 21:01:05,l2308,l2308,7881.0,0.0,0.0,0.0,3,7880.0,7882.0,31,7877.0,7900.0,7903.0,7879.0,54.0,2128780.0,62894
2023-05-10 21:01:06,l2308,l2308,7880.0,3.0,118200.0,0.0,12,7879.0,7881.0,3,7877.0,7900.0,7903.0,7879.0,57.0,2246980.0,62894
2023-05-10 21:01:08,l2308,l2308,7878.0,24.0,945415.0,18.0,9,7878.0,7879.0,8,7877.0,7900.0,7903.0,7878.0,81.0,3192395.0,62912
2023-05-10 21:01:08,l2308,l2308,7879.0,8.0,315160.0,-2.0,6,7878.0,7880.0,6,7877.0,7900.0,7903.0,7878.0,89.0,3507555.0,62910
2023-05-10 21:01:09,l2308,l2308,7879.0,0.0,0.0,0.0,25,7878.0,7881.0,17,7877.0,7900.0,7903.0,7878.0,89.0,3507555.0,62910
2023-05-10 21:01:09,l2308,l2308,7879.0,0.0,0.0,0.0,16,7878.0,7880.0,3,7877.0,7900.0,7903.0,7878.0,89.0,3507555.0,62910
2023-05-10 21:01:10,l2308,l2308,7879.0,0.0,0.0,0.0,13,7878.0,7880.0,3,7877.0,7900.0,7903.0,7878.0,89.0,3507555.0,62910
2023-05-10 21:01:10,l2308,l2308,7879.0,0.0,0.0,0.0,9,7878.0,7880.0,3,7877.0,7900.0,7903.0,7878.0,89.0,3507555.0,62910
2023-05-10 21:01:11,l2308,l2308,7879.0,0.0,0.0,0.0,6,7878.0,7879.0,3,7877.0,7900.0,7903.0,7878.0,89.0,3507555.0,62910
2023-05-10 21:01:11,l2308,l2308,7878.0,6.0,236340.0,6.0,3,7877.0,7878.0,9,7877.0,7900.0,7903.0,7878.0,95.0,3743895.0,62916
2023-05-10 21:01:12,l2308,l2308,7878.0,0.0,0.0,0.0,24,7876.0,7878.0,12,7877.0,7900.0,7903.0,7878.0,95.0,3743895.0,62916
2023-05-10 21:01:12,l2308,l2308,7878.0,0.0,0.0,0.0,15,7876.0,7878.0,13,7877.0,7900.0,7903.0,7878.0,95.0,3743895.0,62916
2023-05-10 21:01:13,l2308,l2308,7878.0,0.0,0.0,0.0,3,7876.0,7878.0,16,7877.0,7900.0,7903.0,7878.0,95.0,3743895.0,62916
2023-05-10 21:01:13,l2308,l2308,7878.0,0.0,0.0,0.0,15,7876.0,7878.0,19,7877.0,7900.0,7903.0,7878.0,95.0,3743895.0,62916
2023-05-10 21:01:14,l2308,l2308,7878.0,0.0,0.0,0.0,13,7876.0,7878.0,19,7877.0,7900.0,7903.0,7878.0,95.0,3743895.0,62916
2023-05-10 21:01:14,l2308,l2308,7878.0,19.0,748410.0,0.0,6,7878.0,7879.0,9,7877.0,7900.0,7903.0,7878.0,114.0,4492305.0,62916
2023-05-10 21:01:15,l2308,l2308,7879.0,3.0,118185.0,0.0,6,7878.0,7880.0,6,7877.0,7900.0,7903.0,7878.0,117.0,4610490.0,62916
2023-05-10 21:01:15,l2308,l2308,7879.0,0.0,0.0,0.0,12,7878.0,7880.0,9,7877.0,7900.0,7903.0,7878.0,117.0,4610490.0,62916
2023-05-10 21:01:16,l2308,l2308,7879.0,0.0,0.0,0.0,36,7878.0,7880.0,6,7877.0,7900.0,7903.0,7878.0,117.0,4610490.0,62916
2023-05-10 21:01:16,l2308,l2308,7879.0,0.0,0.0,0.0,35,7878.0,7880.0,6,7877.0,7900.0,7903.0,7878.0,117.0,4610490.0,62916
2023-05-10 21:01:17,l2308,l2308,7879.0,0.0,0.0,0.0,12,7879.0,7881.0,9,7877.0,7900.0,7903.0,7878.0,117.0,4610490.0,62916
2023-05-10 21:01:17,l2308,l2308,7879.0,0.0,0.0,0.0,26,7879.0,7882.0,9,7877.0,7900.0,7903.0,7878.0,117.0,4610490.0,62916
2023-05-10 21:01:18,l2308,l2308,7879.0,0.0,0.0,0.0,29,7879.0,7882.0,12,7877.0,7900.0,7903.0,7878.0,117.0,4610490.0,62916
2023-05-10 21:01:18,l2308,l2308,7879.0,0.0,0.0,0.0,3,7880.0,7882.0,12,7877.0,7900.0,7903.0,7878.0,117.0,4610490.0,62916
2023-05-10 21:01:19,l2308,l2308,7879.0,0.0,0.0,0.0,23,7880.0,7882.0,3,7877.0,7900.0,7903.0,7878.0,117.0,4610490.0,62916
2023-05-10 21:01:19,l2308,l2308,7879.0,0.0,0.0,0.0,13,7880.0,7882.0,18,7877.0,7900.0,7903.0,7878.0,117.0,4610490.0,62916
2023-05-10 21:01:20,l2308,l2308,7879.0,0.0,0.0,0.0,13,7879.0,7881.0,3,7877.0,7900.0,7903.0,7878.0,117.0,4610490.0,62916
2023-05-10 21:01:20,l2308,l2308,7879.0,0.0,0.0,0.0,6,7879.0,7881.0,3,7877.0,7900.0,7903.0,7878.0,117.0,4610490.0,62916
2023-05-10 21:01:21,l2308,l2308,7879.0,0.0,0.0,0.0,6,7879.0,7882.0,30,7877.0,7900.0,7903.0,7878.0,117.0,4610490.0,62916
2023-05-10 21:01:21,l2308,l2308,7879.0,0.0,0.0,0.0,7,7879.0,7882.0,33,7877.0,7900.0,7903.0,7878.0,117.0,4610490.0,62916
2023-05-10 21:01:22,l2308,l2308,7879.0,0.0,0.0,0.0,9,7879.0,7882.0,33,7877.0,7900.0,7903.0,7878.0,117.0,4610490.0,62916
2023-05-10 21:01:22,l2308,l2308,7879.0,0.0,0.0,0.0,21,7879.0,7882.0,24,7877.0,7900.0,7903.0,7878.0,117.0,4610490.0,62916
2023-05-10 21:01:23,l2308,l2308,7879.0,0.0,0.0,0.0,36,7879.0,7882.0,21,7877.0,7900.0,7903.0,7878.0,117.0,4610490.0,62916
2023-05-10 21:01:24,l2308,l2308,7879.0,0.0,0.0,0.0,6,7880.0,7882.0,18,7877.0,7900.0,7903.0,7878.0,117.0,4610490.0,62916
2023-05-10 21:01:24,l2308,l2308,7879.0,0.0,0.0,0.0,6,7880.0,7882.0,15,7877.0,7900.0,7903.0,7878.0,117.0,4610490.0,62916
2023-05-10 21:01:25,l2308,l2308,7879.0,0.0,0.0,0.0,3,7880.0,7882.0,12,7877.0,7900.0,7903.0,7878.0,117.0,4610490.0,62916
2023-05-10 21:01:25,l2308,l2308,7880.0,3.0,118200.0,0.0,16,7879.0,7881.0,3,7877.0,7900.0,7903.0,7878.0,120.0,4728690.0,62916
2023-05-10 21:01:26,l2308,l2308,7880.0,0.0,0.0,0.0,3,7879.0,7881.0,3,7877.0,7900.0,7903.0,7878.0,120.0,4728690.0,62916
2023-05-10 21:01:27,l2308,l2308,7880.0,0.0,0.0,0.0,39,7878.0,7881.0,3,7877.0,7900.0,7903.0,7878.0,120.0,4728690.0,62916
2023-05-10 21:01:28,l2308,l2308,7880.0,0.0,0.0,0.0,26,7878.0,7880.0,3,7877.0,7900.0,7903.0,7878.0,120.0,4728690.0,62916
2023-05-10 21:01:28,l2308,l2308,7880.0,0.0,0.0,0.0,9,7878.0,7880.0,15,7877.0,7900.0,7903.0,7878.0,120.0,4728690.0,62916
2023-05-10 21:01:29,l2308,l2308,7880.0,0.0,0.0,0.0,3,7878.0,7880.0,27,7877.0,7900.0,7903.0,7878.0,120.0,4728690.0,62916
2023-05-10 21:01:29,l2308,l2308,7877.0,9.0,354480.0,2.0,6,7877.0,7878.0,1,7877.0,7900.0,7903.0,7877.0,129.0,5083170.0,62918
2023-05-10 21:01:30,l2308,l2308,7877.0,2.0,78770.0,0.0,3,7876.0,7877.0,2,7877.0,7900.0,7903.0,7877.0,131.0,5161940.0,62918
2023-05-10 21:01:30,l2308,l2308,7877.0,0.0,0.0,0.0,6,7876.0,7877.0,2,7877.0,7900.0,7903.0,7877.0,131.0,5161940.0,62918
2023-05-10 21:01:31,l2308,l2308,7877.0,2.0,78770.0,0.0,14,7876.0,7878.0,6,7877.0,7900.0,7903.0,7877.0,133.0,5240710.0,62918
2023-05-10 21:01:31,l2308,l2308,7878.0,3.0,118170.0,3.0,3,7878.0,7879.0,6,7877.0,7900.0,7903.0,7877.0,136.0,5358880.0,62921
2023-05-10 21:01:32,l2308,l2308,7878.0,0.0,0.0,0.0,3,7878.0,7879.0,3,7877.0,7900.0,7903.0,7877.0,136.0,5358880.0,62921
2023-05-10 21:01:32,l2308,l2308,7878.0,0.0,0.0,0.0,3,7878.0,7879.0,9,7877.0,7900.0,7903.0,7877.0,136.0,5358880.0,62921
2023-05-10 21:01:33,l2308,l2308,7878.0,0.0,0.0,0.0,3,7878.0,7879.0,3,7877.0,7900.0,7903.0,7877.0,136.0,5358880.0,62921
2023-05-10 21:01:33,l2308,l2308,7879.0,3.0,118185.0,3.0,6,7878.0,7880.0,12,7877.0,7900.0,7903.0,7877.0,139.0,5477065.0,62924
2023-05-10 21:01:34,l2308,l2308,7879.0,0.0,0.0,0.0,3,7878.0,7880.0,12,7877.0,7900.0,7903.0,7877.0,139.0,5477065.0,62924
2023-05-10 21:01:34,l2308,l2308,7879.0,0.0,0.0,0.0,3,7878.0,7880.0,17,7877.0,7900.0,7903.0,7877.0,139.0,5477065.0,62924
2023-05-10 21:01:35,l2308,l2308,7879.0,0.0,0.0,0.0,3,7878.0,7880.0,23,7877.0,7900.0,7903.0,7877.0,139.0,5477065.0,62924
2023-05-10 21:01:35,l2308,l2308,7879.0,0.0,0.0,0.0,6,7878.0,7880.0,17,7877.0,7900.0,7903.0,7877.0,139.0,5477065.0,62924
2023-05-10 21:01:36,l2308,l2308,7879.0,0.0,0.0,0.0,7,7878.0,7880.0,12,7877.0,7900.0,7903.0,7877.0,139.0,5477065.0,62924
2023-05-10 21:01:37,l2308,l2308,7879.0,0.0,0.0,0.0,23,7878.0,7880.0,6,7877.0,7900.0,7903.0,7877.0,139.0,5477065.0,62924
2023-05-10 21:01:38,l2308,l2308,7879.0,0.0,0.0,0.0,29,7878.0,7880.0,3,7877.0,7900.0,7903.0,7877.0,139.0,5477065.0,62924
2023-05-10 21:01:39,l2308,l2308,7879.0,0.0,0.0,0.0,27,7878.0,7881.0,19,7877.0,7900.0,7903.0,7877.0,139.0,5477065.0,62924
2023-05-10 21:01:39,l2308,l2308,7879.0,0.0,0.0,0.0,31,7878.0,7880.0,3,7877.0,7900.0,7903.0,7877.0,139.0,5477065.0,62924
2023-05-10 21:01:40,l2308,l2308,7879.0,0.0,0.0,0.0,28,7878.0,7881.0,22,7877.0,7900.0,7903.0,7877.0,139.0,5477065.0,62924
2023-05-10 21:01:40,l2308,l2308,7879.0,0.0,0.0,0.0,16,7878.0,7880.0,6,7877.0,7900.0,7903.0,7877.0,139.0,5477065.0,62924
2023-05-10 21:01:41,l2308,l2308,7879.0,0.0,0.0,0.0,6,7878.0,7880.0,6,7877.0,7900.0,7903.0,7877.0,139.0,5477065.0,62924
2023-05-10 21:01:41,l2308,l2308,7879.0,0.0,0.0,0.0,9,7878.0,7880.0,6,7877.0,7900.0,7903.0,7877.0,139.0,5477065.0,62924
2023-05-10 21:01:42,l2308,l2308,7879.0,0.0,0.0,0.0,10,7878.0,7880.0,6,7877.0,7900.0,7903.0,7877.0,139.0,5477065.0,62924
2023-05-10 21:01:42,l2308,l2308,7879.0,0.0,0.0,0.0,6,7878.0,7880.0,6,7877.0,7900.0,7903.0,7877.0,139.0,5477065.0,62924
2023-05-10 21:01:43,l2308,l2308,7879.0,0.0,0.0,0.0,6,7878.0,7880.0,8,7877.0,7900.0,7903.0,7877.0,139.0,5477065.0,62924
2023-05-10 21:01:43,l2308,l2308,7879.0,0.0,0.0,0.0,3,7878.0,7880.0,11,7877.0,7900.0,7903.0,7877.0,139.0,5477065.0,62924
2023-05-10 21:01:44,l2308,l2308,7878.0,3.0,118170.0,0.0,13,7877.0,7878.0,3,7877.0,7900.0,7903.0,7877.0,142.0,5595235.0,62924
2023-05-10 21:01:44,l2308,l2308,7877.0,11.0,433235.0,7.0,30,7875.0,7877.0,4,7877.0,7900.0,7903.0,7877.0,153.0,6028470.0,62931
2023-05-10 21:01:45,l2308,l2308,7877.0,0.0,0.0,0.0,9,7876.0,7877.0,4,7877.0,7900.0,7903.0,7877.0,153.0,6028470.0,62931
2023-05-10 21:01:45,l2308,l2308,7877.0,0.0,0.0,0.0,6,7876.0,7877.0,4,7877.0,7900.0,7903.0,7877.0,153.0,6028470.0,62931
2023-05-10 21:01:47,l2308,l2308,7877.0,0.0,0.0,0.0,36,7875.0,7877.0,4,7877.0,7900.0,7903.0,7877.0,153.0,6028470.0,62931
2023-05-10 21:01:47,l2308,l2308,7877.0,0.0,0.0,0.0,41,7875.0,7877.0,1,7877.0,7900.0,7903.0,7877.0,153.0,6028470.0,62931
2023-05-10 21:01:48,l2308,l2308,7877.0,1.0,39385.0,0.0,21,7876.0,7878.0,12,7877.0,7900.0,7903.0,7877.0,154.0,6067855.0,62931
2023-05-10 21:01:48,l2308,l2308,7877.0,0.0,0.0,0.0,27,7876.0,7878.0,9,7877.0,7900.0,7903.0,7877.0,154.0,6067855.0,62931
2023-05-10 21:01:49,l2308,l2308,7877.0,0.0,0.0,0.0,6,7876.0,7878.0,15,7877.0,7900.0,7903.0,7877.0,154.0,6067855.0,62931
2023-05-10 21:01:49,l2308,l2308,7877.0,0.0,0.0,0.0,6,7877.0,7878.0,6,7877.0,7900.0,7903.0,7877.0,154.0,6067855.0,62931
2023-05-10 21:01:50,l2308,l2308,7877.0,0.0,0.0,0.0,18,7877.0,7878.0,3,7877.0,7900.0,7903.0,7877.0,154.0,6067855.0,62931
2023-05-10 21:01:50,l2308,l2308,7878.0,2.0,78780.0,2.0,3,7878.0,7879.0,12,7877.0,7900.0,7903.0,7877.0,156.0,6146635.0,62933
2023-05-10 21:01:51,l2308,l2308,7878.0,0.0,0.0,0.0,3,7878.0,7879.0,6,7877.0,7900.0,7903.0,7877.0,156.0,6146635.0,62933
2023-05-10 21:01:52,l2308,l2308,7878.0,0.0,0.0,0.0,3,7878.0,7879.0,3,7877.0,7900.0,7903.0,7877.0,156.0,6146635.0,62933
2023-05-10 21:01:53,l2308,l2308,7879.0,3.0,118185.0,0.0,3,7878.0,7880.0,21,7877.0,7900.0,7903.0,7877.0,159.0,6264820.0,62933
2023-05-10 21:01:54,l2308,l2308,7879.0,0.0,0.0,0.0,3,7878.0,7880.0,33,7877.0,7900.0,7903.0,7877.0,159.0,6264820.0,62933
2023-05-10 21:01:54,l2308,l2308,7879.0,0.0,0.0,0.0,3,7878.0,7879.0,6,7877.0,7900.0,7903.0,7877.0,159.0,6264820.0,62933
2023-05-10 21:01:55,l2308,l2308,7878.0,3.0,118170.0,1.0,3,7877.0,7878.0,3,7877.0,7900.0,7903.0,7877.0,162.0,6382990.0,62934
2023-05-10 21:01:55,l2308,l2308,7878.0,0.0,0.0,0.0,34,7876.0,7878.0,3,7877.0,7900.0,7903.0,7877.0,162.0,6382990.0,62934
2023-05-10 21:01:56,l2308,l2308,7878.0,0.0,0.0,0.0,21,7876.0,7878.0,6,7877.0,7900.0,7903.0,7877.0,162.0,6382990.0,62934
2023-05-10 21:01:56,l2308,l2308,7878.0,0.0,0.0,0.0,15,7876.0,7878.0,6,7877.0,7900.0,7903.0,7877.0,162.0,6382990.0,62934
2023-05-10 21:01:56,l2308,l2308,7878.0,0.0,0.0,0.0,12,7876.0,7878.0,6,7877.0,7900.0,7903.0,7877.0,162.0,6382990.0,62934
2023-05-10 21:01:57,l2308,l2308,7878.0,0.0,0.0,0.0,6,7876.0,7878.0,12,7877.0,7900.0,7903.0,7877.0,162.0,6382990.0,62934
2023-05-10 21:01:59,l2308,l2308,7878.0,0.0,0.0,0.0,6,7876.0,7878.0,15,7877.0,7900.0,7903.0,7877.0,162.0,6382990.0,62934
2023-05-10 21:02:00,l2308,l2308,7878.0,0.0,0.0,0.0,39,7875.0,7878.0,22,7877.0,7900.0,7903.0,7877.0,162.0,6382990.0,62934
2023-05-10 21:02:01,l2308,l2308,7878.0,0.0,0.0,0.0,24,7875.0,7877.0,3,7877.0,7900.0,7903.0,7877.0,162.0,6382990.0,62934
2023-05-10 21:02:01,l2308,l2308,7878.0,0.0,0.0,0.0,3,7875.0,7877.0,18,7877.0,7900.0,7903.0,7877.0,162.0,6382990.0,62934
2023-05-10 21:02:02,l2308,l2308,7878.0,0.0,0.0,0.0,23,7874.0,7876.0,3,7877.0,7900.0,7903.0,7877.0,162.0,6382990.0,62934
2023-05-10 21:02:02,l2308,l2308,7878.0,0.0,0.0,0.0,6,7875.0,7877.0,18,7877.0,7900.0,7903.0,7877.0,162.0,6382990.0,62934
2023-05-10 21:02:03,l2308,l2308,7878.0,0.0,0.0,0.0,18,7875.0,7877.0,9,7877.0,7900.0,7903.0,7877.0,162.0,6382990.0,62934
2023-05-10 21:02:04,l2308,l2308,7878.0,0.0,0.0,0.0,46,7875.0,7878.0,21,7877.0,7900.0,7903.0,7877.0,162.0,6382990.0,62934
2023-05-10 21:02:04,l2308,l2308,7878.0,0.0,0.0,0.0,39,7875.0,7878.0,24,7877.0,7900.0,7903.0,7877.0,162.0,6382990.0,62934
2023-05-10 21:02:05,l2308,l2308,7878.0,0.0,0.0,0.0,48,7875.0,7878.0,24,7877.0,7900.0,7903.0,7877.0,162.0,6382990.0,62934
2023-05-10 21:02:05,l2308,l2308,7878.0,0.0,0.0,0.0,6,7876.0,7878.0,21,7877.0,7900.0,7903.0,7877.0,162.0,6382990.0,62934
2023-05-10 21:02:06,l2308,l2308,7876.0,3.0,118140.0,0.0,45,7875.0,7877.0,3,7877.0,7900.0,7903.0,7876.0,165.0,6501130.0,62934
2023-05-10 21:02:07,l2308,l2308,7875.0,20.0,787500.0,14.0,8,7874.0,7876.0,13,7877.0,7900.0,7903.0,7875.0,185.0,7288630.0,62948
2023-05-10 21:02:07,l2308,l2308,7875.0,3.0,118125.0,0.0,34,7873.0,7875.0,6,7877.0,7900.0,7903.0,7875.0,188.0,7406755.0,62948
2023-05-10 21:02:08,l2308,l2308,7875.0,0.0,0.0,0.0,37,7873.0,7875.0,9,7877.0,7900.0,7903.0,7875.0,188.0,7406755.0,62948
2023-05-10 21:02:09,l2308,l2308,7875.0,0.0,0.0,0.0,3,7874.0,7875.0,3,7877.0,7900.0,7903.0,7875.0,188.0,7406755.0,62948
2023-05-10 21:02:10,l2308,l2308,7875.0,0.0,0.0,0.0,2,7874.0,7875.0,3,7877.0,7900.0,7903.0,7875.0,188.0,7406755.0,62948
2023-05-10 21:02:10,l2308,l2308,7875.0,0.0,0.0,0.0,36,7873.0,7875.0,6,7877.0,7900.0,7903.0,7875.0,188.0,7406755.0,62948
2023-05-10 21:02:11,l2308,l2308,7875.0,0.0,0.0,0.0,36,7873.0,7875.0,9,7877.0,7900.0,7903.0,7875.0,188.0,7406755.0,62948
2023-05-10 21:02:11,l2308,l2308,7875.0,0.0,0.0,0.0,33,7873.0,7875.0,9,7877.0,7900.0,7903.0,7875.0,188.0,7406755.0,62948
2023-05-10 21:02:12,l2308,l2308,7875.0,0.0,0.0,0.0,34,7873.0,7875.0,7,7877.0,7900.0,7903.0,7875.0,188.0,7406755.0,62948
2023-05-10 21:02:13,l2308,l2308,7875.0,0.0,0.0,0.0,37,7873.0,7875.0,10,7877.0,7900.0,7903.0,7875.0,188.0,7406755.0,62948
2023-05-10 21:02:13,l2308,l2308,7875.0,0.0,0.0,0.0,34,7873.0,7874.0,3,7877.0,7900.0,7903.0,7875.0,188.0,7406755.0,62948
2023-05-10 21:02:14,l2308,l2308,7875.0,0.0,0.0,0.0,31,7873.0,7874.0,3,7877.0,7900.0,7903.0,7875.0,188.0,7406755.0,62948
2023-05-10 21:02:14,l2308,l2308,7875.0,0.0,0.0,0.0,9,7873.0,7874.0,6,7877.0,7900.0,7903.0,7875.0,188.0,7406755.0,62948
2023-05-10 21:02:15,l2308,l2308,7875.0,0.0,0.0,0.0,34,7872.0,7873.0,3,7877.0,7900.0,7903.0,7875.0,188.0,7406755.0,62948
2023-05-10 21:02:15,l2308,l2308,7875.0,0.0,0.0,0.0,31,7872.0,7873.0,3,7877.0,7900.0,7903.0,7875.0,188.0,7406755.0,62948
2023-05-10 21:02:16,l2308,l2308,7875.0,0.0,0.0,0.0,25,7872.0,7873.0,3,7877.0,7900.0,7903.0,7875.0,188.0,7406755.0,62948
2023-05-10 21:02:16,l2308,l2308,7875.0,0.0,0.0,0.0,28,7872.0,7873.0,3,7877.0,7900.0,7903.0,7875.0,188.0,7406755.0,62948
2023-05-10 21:02:17,l2308,l2308,7875.0,0.0,0.0,0.0,19,7872.0,7873.0,3,7877.0,7900.0,7903.0,7875.0,188.0,7406755.0,62948
2023-05-10 21:02:17,l2308,l2308,7875.0,0.0,0.0,0.0,3,7872.0,7873.0,9,7877.0,7900.0,7903.0,7875.0,188.0,7406755.0,62948
2023-05-10 21:02:18,l2308,l2308,7872.0,2.0,78720.0,2.0,6,7871.0,7872.0,5,7877.0,7900.0,7903.0,7872.0,190.0,7485475.0,62950
2023-05-10 21:02:18,l2308,l2308,7872.0,0.0,0.0,0.0,34,7870.0,7872.0,11,7877.0,7900.0,7903.0,7872.0,190.0,7485475.0,62950
2023-05-10 21:02:19,l2308,l2308,7872.0,0.0,0.0,0.0,26,7870.0,7872.0,11,7877.0,7900.0,7903.0,7872.0,190.0,7485475.0,62950
2023-05-10 21:02:19,l2308,l2308,7872.0,0.0,0.0,0.0,28,7870.0,7872.0,11,7877.0,7900.0,7903.0,7872.0,190.0,7485475.0,62950
2023-05-10 21:02:20,l2308,l2308,7872.0,0.0,0.0,0.0,29,7870.0,7872.0,5,7877.0,7900.0,7903.0,7872.0,190.0,7485475.0,62950
2023-05-10 21:02:20,l2308,l2308,7872.0,0.0,0.0,0.0,29,7870.0,7872.0,8,7877.0,7900.0,7903.0,7872.0,190.0,7485475.0,62950
2023-05-10 21:02:21,l2308,l2308,7872.0,0.0,0.0,0.0,28,7870.0,7872.0,5,7877.0,7900.0,7903.0,7872.0,190.0,7485475.0,62950
2023-05-10 21:02:21,l2308,l2308,7872.0,0.0,0.0,0.0,32,7870.0,7872.0,5,7877.0,7900.0,7903.0,7872.0,190.0,7485475.0,62950
2023-05-10 21:02:22,l2308,l2308,7871.0,3.0,118065.0,0.0,42,7870.0,7872.0,11,7877.0,7900.0,7903.0,7871.0,193.0,7603540.0,62950
2023-05-10 21:02:22,l2308,l2308,7871.0,0.0,0.0,0.0,40,7870.0,7872.0,2,7877.0,7900.0,7903.0,7871.0,193.0,7603540.0,62950
2023-05-10 21:02:23,l2308,l2308,7871.0,0.0,0.0,0.0,40,7870.0,7872.0,5,7877.0,7900.0,7903.0,7871.0,193.0,7603540.0,62950
2023-05-10 21:02:23,l2308,l2308,7872.0,2.0,78720.0,-2.0,40,7870.0,7873.0,39,7877.0,7900.0,7903.0,7871.0,195.0,7682260.0,62948
2023-05-10 21:02:24,l2308,l2308,7872.0,0.0,0.0,0.0,40,7870.0,7873.0,42,7877.0,7900.0,7903.0,7871.0,195.0,7682260.0,62948
2023-05-10 21:02:24,l2308,l2308,7870.0,3.0,118050.0,2.0,33,7870.0,7873.0,45,7877.0,7900.0,7903.0,7870.0,198.0,7800310.0,62950
2023-05-10 21:02:25,l2308,l2308,7870.0,0.0,0.0,0.0,42,7870.0,7873.0,39,7877.0,7900.0,7903.0,7870.0,198.0,7800310.0,62950
2023-05-10 21:02:25,l2308,l2308,7870.0,0.0,0.0,0.0,45,7870.0,7873.0,42,7877.0,7900.0,7903.0,7870.0,198.0,7800310.0,62950
2023-05-10 21:02:26,l2308,l2308,7870.0,0.0,0.0,0.0,1,7872.0,7873.0,27,7877.0,7900.0,7903.0,7870.0,198.0,7800310.0,62950
2023-05-10 21:02:26,l2308,l2308,7870.0,0.0,0.0,0.0,9,7871.0,7873.0,39,7877.0,7900.0,7903.0,7870.0,198.0,7800310.0,62950
2023-05-10 21:02:27,l2308,l2308,7870.0,0.0,0.0,0.0,3,7871.0,7873.0,42,7877.0,7900.0,7903.0,7870.0,198.0,7800310.0,62950
2023-05-10 21:02:27,l2308,l2308,7870.0,0.0,0.0,0.0,19,7870.0,7872.0,9,7877.0,7900.0,7903.0,7870.0,198.0,7800310.0,62950
2023-05-10 21:02:28,l2308,l2308,7870.0,0.0,0.0,0.0,19,7870.0,7872.0,12,7877.0,7900.0,7903.0,7870.0,198.0,7800310.0,62950
2023-05-10 21:02:28,l2308,l2308,7870.0,0.0,0.0,0.0,22,7870.0,7872.0,15,7877.0,7900.0,7903.0,7870.0,198.0,7800310.0,62950
2023-05-10 21:02:29,l2308,l2308,7870.0,0.0,0.0,0.0,7,7870.0,7872.0,36,7877.0,7900.0,7903.0,7870.0,198.0,7800310.0,62950
2023-05-10 21:02:29,l2308,l2308,7870.0,0.0,0.0,0.0,4,7870.0,7872.0,42,7877.0,7900.0,7903.0,7870.0,198.0,7800310.0,62950
2023-05-10 21:02:30,l2308,l2308,7870.0,0.0,0.0,0.0,6,7870.0,7872.0,42,7877.0,7900.0,7903.0,7870.0,198.0,7800310.0,62950
2023-05-10 21:02:30,l2308,l2308,7870.0,0.0,0.0,0.0,14,7870.0,7872.0,27,7877.0,7900.0,7903.0,7870.0,198.0,7800310.0,62950
2023-05-10 21:02:31,l2308,l2308,7872.0,36.0,1416960.0,14.0,6,7872.0,7873.0,9,7877.0,7900.0,7903.0,7870.0,234.0,9217270.0,62964
2023-05-10 21:02:31,l2308,l2308,7872.0,3.0,118080.0,3.0,6,7872.0,7873.0,3,7877.0,7900.0,7903.0,7870.0,237.0,9335350.0,62967
2023-05-10 21:02:32,l2308,l2308,7872.0,6.0,236160.0,5.0,40,7871.0,7873.0,12,7877.0,7900.0,7903.0,7870.0,243.0,9571510.0,62972
2023-05-10 21:02:32,l2308,l2308,7872.0,0.0,0.0,0.0,12,7871.0,7873.0,27,7877.0,7900.0,7903.0,7870.0,243.0,9571510.0,62972
2023-05-10 21:02:33,l2308,l2308,7872.0,0.0,0.0,0.0,46,7870.0,7873.0,42,7877.0,7900.0,7903.0,7870.0,243.0,9571510.0,62972
2023-05-10 21:02:33,l2308,l2308,7872.0,0.0,0.0,0.0,47,7870.0,7873.0,42,7877.0,7900.0,7903.0,7870.0,243.0,9571510.0,62972
2023-05-10 21:02:34,l2308,l2308,7872.0,0.0,0.0,0.0,5,7871.0,7873.0,42,7877.0,7900.0,7903.0,7870.0,243.0,9571510.0,62972
2023-05-10 21:02:34,l2308,l2308,7872.0,0.0,0.0,0.0,28,7870.0,7872.0,18,7877.0,7900.0,7903.0,7870.0,243.0,9571510.0,62972
2023-05-10 21:02:35,l2308,l2308,7872.0,0.0,0.0,0.0,36,7870.0,7872.0,9,7877.0,7900.0,7903.0,7870.0,243.0,9571510.0,62972
2023-05-10 21:02:35,l2308,l2308,7872.0,0.0,0.0,0.0,37,7870.0,7873.0,42,7877.0,7900.0,7903.0,7870.0,243.0,9571510.0,62972
2023-05-10 21:02:36,l2308,l2308,7872.0,0.0,0.0,0.0,11,7871.0,7873.0,27,7877.0,7900.0,7903.0,7870.0,243.0,9571510.0,62972
2023-05-10 21:02:36,l2308,l2308,7872.0,0.0,0.0,0.0,3,7871.0,7873.0,42,7877.0,7900.0,7903.0,7870.0,243.0,9571510.0,62972
2023-05-10 21:02:37,l2308,l2308,7871.0,2.0,78710.0,0.0,28,7870.0,7872.0,3,7877.0,7900.0,7903.0,7870.0,245.0,9650220.0,62972
2023-05-10 21:02:37,l2308,l2308,7871.0,0.0,0.0,0.0,28,7870.0,7872.0,18,7877.0,7900.0,7903.0,7870.0,245.0,9650220.0,62972
2023-05-10 21:02:38,l2308,l2308,7871.0,0.0,0.0,0.0,22,7870.0,7872.0,27,7877.0,7900.0,7903.0,7870.0,245.0,9650220.0,62972
2023-05-10 21:02:38,l2308,l2308,7871.0,0.0,0.0,0.0,4,7870.0,7872.0,42,7877.0,7900.0,7903.0,7870.0,245.0,9650220.0,62972
2023-05-10 21:02:39,l2308,l2308,7871.0,0.0,0.0,0.0,10,7870.0,7872.0,36,7877.0,7900.0,7903.0,7870.0,245.0,9650220.0,62972
2023-05-10 21:02:39,l2308,l2308,7871.0,0.0,0.0,0.0,29,7870.0,7872.0,27,7877.0,7900.0,7903.0,7870.0,245.0,9650220.0,62972
2023-05-10 21:02:40,l2308,l2308,7873.0,33.0,1298930.0,7.0,9,7872.0,7874.0,21,7877.0,7900.0,7903.0,7870.0,278.0,10949150.0,62979
2023-05-10 21:02:40,l2308,l2308,7873.0,2.0,78730.0,-1.0,8,7872.0,7874.0,30,7877.0,7900.0,7903.0,7870.0,280.0,11027880.0,62978
2023-05-10 21:02:41,l2308,l2308,7873.0,0.0,0.0,0.0,16,7872.0,7874.0,39,7877.0,7900.0,7903.0,7870.0,280.0,11027880.0,62978
2023-05-10 21:02:42,l2308,l2308,7873.0,0.0,0.0,0.0,11,7872.0,7874.0,40,7877.0,7900.0,7903.0,7870.0,280.0,11027880.0,62978
2023-05-10 21:02:43,l2308,l2308,7873.0,0.0,0.0,0.0,10,7872.0,7874.0,40,7877.0,7900.0,7903.0,7870.0,280.0,11027880.0,62978
2023-05-10 21:02:43,l2308,l2308,7873.0,0.0,0.0,0.0,10,7872.0,7874.0,41,7877.0,7900.0,7903.0,7870.0,280.0,11027880.0,62978
2023-05-10 21:02:44,l2308,l2308,7873.0,0.0,0.0,0.0,7,7872.0,7874.0,50,7877.0,7900.0,7903.0,7870.0,280.0,11027880.0,62978
2023-05-10 21:02:45,l2308,l2308,7873.0,0.0,0.0,0.0,7,7872.0,7874.0,49,7877.0,7900.0,7903.0,7870.0,280.0,11027880.0,62978
2023-05-10 21:02:45,l2308,l2308,7873.0,0.0,0.0,0.0,7,7872.0,7874.0,38,7877.0,7900.0,7903.0,7870.0,280.0,11027880.0,62978
2023-05-10 21:02:46,l2308,l2308,7873.0,0.0,0.0,0.0,13,7872.0,7874.0,38,7877.0,7900.0,7903.0,7870.0,280.0,11027880.0,62978
2023-05-10 21:02:47,l2308,l2308,7873.0,0.0,0.0,0.0,7,7872.0,7874.0,50,7877.0,7900.0,7903.0,7870.0,280.0,11027880.0,62978
2023-05-10 21:02:48,l2308,l2308,7873.0,0.0,0.0,0.0,7,7872.0,7874.0,54,7877.0,7900.0,7903.0,7870.0,280.0,11027880.0,62978
2023-05-10 21:02:49,l2308,l2308,7873.0,0.0,0.0,0.0,7,7872.0,7873.0,6,7877.0,7900.0,7903.0,7870.0,280.0,11027880.0,62978
2023-05-10 21:02:49,l2308,l2308,7872.0,9.0,354240.0,7.0,27,7871.0,7872.0,3,7877.0,7900.0,7903.0,7870.0,289.0,11382120.0,62985
2023-05-10 21:02:50,l2308,l2308,7872.0,0.0,0.0,0.0,12,7871.0,7872.0,3,7877.0,7900.0,7903.0,7870.0,289.0,11382120.0,62985
2023-05-10 21:02:50,l2308,l2308,7872.0,0.0,0.0,0.0,40,7870.0,7872.0,3,7877.0,7900.0,7903.0,7870.0,289.0,11382120.0,62985
2023-05-10 21:02:51,l2308,l2308,7872.0,0.0,0.0,0.0,31,7870.0,7872.0,3,7877.0,7900.0,7903.0,7870.0,289.0,11382120.0,62985
2023-05-10 21:02:52,l2308,l2308,7872.0,0.0,0.0,0.0,40,7870.0,7872.0,3,7877.0,7900.0,7903.0,7870.0,289.0,11382120.0,62985
2023-05-10 21:02:52,l2308,l2308,7872.0,0.0,0.0,0.0,31,7870.0,7872.0,3,7877.0,7900.0,7903.0,7870.0,289.0,11382120.0,62985
2023-05-10 21:02:53,l2308,l2308,7872.0,0.0,0.0,0.0,24,7870.0,7872.0,25,7877.0,7900.0,7903.0,7870.0,289.0,11382120.0,62985
2023-05-10 21:02:53,l2308,l2308,7872.0,0.0,0.0,0.0,9,7870.0,7872.0,27,7877.0,7900.0,7903.0,7870.0,289.0,11382120.0,62985
2023-05-10 21:02:53,l2308,l2308,7872.0,0.0,0.0,0.0,9,7870.0,7872.0,33,7877.0,7900.0,7903.0,7870.0,289.0,11382120.0,62985
2023-05-10 21:02:55,l2308,l2308,7872.0,0.0,0.0,0.0,12,7870.0,7872.0,30,7877.0,7900.0,7903.0,7870.0,289.0,11382120.0,62985
2023-05-10 21:02:55,l2308,l2308,7872.0,0.0,0.0,0.0,9,7870.0,7872.0,33,7877.0,7900.0,7903.0,7870.0,289.0,11382120.0,62985
2023-05-10 21:02:56,l2308,l2308,7872.0,0.0,0.0,0.0,12,7870.0,7872.0,30,7877.0,7900.0,7903.0,7870.0,289.0,11382120.0,62985
2023-05-10 21:02:56,l2308,l2308,7872.0,0.0,0.0,0.0,14,7870.0,7872.0,33,7877.0,7900.0,7903.0,7870.0,289.0,11382120.0,62985
2023-05-10 21:02:57,l2308,l2308,7872.0,0.0,0.0,0.0,9,7870.0,7872.0,33,7877.0,7900.0,7903.0,7870.0,289.0,11382120.0,62985
2023-05-10 21:02:59,l2308,l2308,7872.0,0.0,0.0,0.0,3,7871.0,7872.0,15,7877.0,7900.0,7903.0,7870.0,289.0,11382120.0,62985
2023-05-10 21:02:59,l2308,l2308,7872.0,14.0,551040.0,-3.0,7,7872.0,7873.0,6,7877.0,7900.0,7903.0,7870.0,303.0,11933160.0,62982
2023-05-10 21:03:00,l2308,l2308,7872.0,0.0,0.0,0.0,7,7872.0,7873.0,3,7877.0,7900.0,7903.0,7870.0,303.0,11933160.0,62982
2023-05-10 21:03:00,l2308,l2308,7872.0,0.0,0.0,0.0,7,7872.0,7873.0,5,7877.0,7900.0,7903.0,7870.0,303.0,11933160.0,62982
2023-05-10 21:03:01,l2308,l2308,7872.0,7.0,275520.0,0.0,9,7871.0,7872.0,3,7877.0,7900.0,7903.0,7870.0,310.0,12208680.0,62982
2023-05-10 21:03:01,l2308,l2308,7872.0,2.0,78720.0,2.0,24,7871.0,7873.0,9,7877.0,7900.0,7903.0,7870.0,312.0,12287400.0,62984
2023-05-10 21:03:02,l2308,l2308,7872.0,0.0,0.0,0.0,39,7871.0,7874.0,42,7877.0,7900.0,7903.0,7870.0,312.0,12287400.0,62984
2023-05-10 21:03:02,l2308,l2308,7872.0,0.0,0.0,0.0,12,7871.0,7873.0,24,7877.0,7900.0,7903.0,7870.0,312.0,12287400.0,62984
2023-05-10 21:03:03,l2308,l2308,7871.0,12.0,472260.0,-1.0,7,7870.0,7871.0,10,7877.0,7900.0,7903.0,7870.0,324.0,12759660.0,62983
2023-05-10 21:03:04,l2308,l2308,7871.0,0.0,0.0,0.0,10,7870.0,7871.0,10,7877.0,7900.0,7903.0,7870.0,324.0,12759660.0,62983
2023-05-10 21:03:05,l2308,l2308,7871.0,1.0,39355.0,-1.0,9,7870.0,7871.0,9,7877.0,7900.0,7903.0,7870.0,325.0,12799015.0,62982
2023-05-10 21:03:06,l2308,l2308,7871.0,9.0,354195.0,6.0,24,7870.0,7872.0,9,7877.0,7900.0,7903.0,7870.0,334.0,13153210.0,62988
2023-05-10 21:03:06,l2308,l2308,7871.0,0.0,0.0,0.0,41,7870.0,7873.0,44,7877.0,7900.0,7903.0,7870.0,334.0,13153210.0,62988
2023-05-10 21:03:07,l2308,l2308,7871.0,0.0,0.0,0.0,40,7870.0,7873.0,44,7877.0,7900.0,7903.0,7870.0,334.0,13153210.0,62988
2023-05-10 21:03:08,l2308,l2308,7871.0,0.0,0.0,0.0,3,7871.0,7873.0,41,7877.0,7900.0,7903.0,7870.0,334.0,13153210.0,62988
2023-05-10 21:03:09,l2308,l2308,7871.0,0.0,0.0,0.0,6,7871.0,7873.0,29,7877.0,7900.0,7903.0,7870.0,334.0,13153210.0,62988
2023-05-10 21:03:09,l2308,l2308,7871.0,0.0,0.0,0.0,11,7871.0,7873.0,44,7877.0,7900.0,7903.0,7870.0,334.0,13153210.0,62988
2023-05-10 21:03:10,l2308,l2308,7871.0,0.0,0.0,0.0,30,7870.0,7872.0,8,7877.0,7900.0,7903.0,7870.0,334.0,13153210.0,62988
2023-05-10 21:03:10,l2308,l2308,7871.0,0.0,0.0,0.0,24,7870.0,7872.0,23,7877.0,7900.0,7903.0,7870.0,334.0,13153210.0,62988
2023-05-10 21:03:11,l2308,l2308,7871.0,0.0,0.0,0.0,12,7870.0,7872.0,38,7877.0,7900.0,7903.0,7870.0,334.0,13153210.0,62988
2023-05-10 21:03:11,l2308,l2308,7871.0,0.0,0.0,0.0,6,7870.0,7872.0,47,7877.0,7900.0,7903.0,7870.0,334.0,13153210.0,62988
2023-05-10 21:03:12,l2308,l2308,7871.0,0.0,0.0,0.0,6,7870.0,7872.0,32,7877.0,7900.0,7903.0,7870.0,334.0,13153210.0,62988
2023-05-10 21:03:12,l2308,l2308,7871.0,0.0,0.0,0.0,9,7870.0,7872.0,26,7877.0,7900.0,7903.0,7870.0,334.0,13153210.0,62988
2023-05-10 21:03:13,l2308,l2308,7871.0,0.0,0.0,0.0,6,7870.0,7872.0,32,7877.0,7900.0,7903.0,7870.0,334.0,13153210.0,62988
2023-05-10 21:03:13,l2308,l2308,7871.0,0.0,0.0,0.0,21,7870.0,7872.0,23,7877.0,7900.0,7903.0,7870.0,334.0,13153210.0,62988
2023-05-10 21:03:14,l2308,l2308,7871.0,0.0,0.0,0.0,39,7870.0,7872.0,5,7877.0,7900.0,7903.0,7870.0,334.0,13153210.0,62988
2023-05-10 21:03:14,l2308,l2308,7871.0,0.0,0.0,0.0,30,7870.0,7872.0,8,7877.0,7900.0,7903.0,7870.0,334.0,13153210.0,62988
2023-05-10 21:03:15,l2308,l2308,7871.0,0.0,0.0,0.0,42,7870.0,7873.0,36,7877.0,7900.0,7903.0,7870.0,334.0,13153210.0,62988
2023-05-10 21:03:15,l2308,l2308,7871.0,0.0,0.0,0.0,42,7870.0,7873.0,42,7877.0,7900.0,7903.0,7870.0,334.0,13153210.0,62988
2023-05-10 21:03:16,l2308,l2308,7871.0,0.0,0.0,0.0,3,7871.0,7873.0,32,7877.0,7900.0,7903.0,7870.0,334.0,13153210.0,62988
2023-05-10 21:03:16,l2308,l2308,7871.0,0.0,0.0,0.0,9,7871.0,7873.0,29,7877.0,7900.0,7903.0,7870.0,334.0,13153210.0,62988
2023-05-10 21:03:17,l2308,l2308,7871.0,0.0,0.0,0.0,24,7871.0,7873.0,20,7877.0,7900.0,7903.0,7870.0,334.0,13153210.0,62988
2023-05-10 21:03:17,l2308,l2308,7871.0,0.0,0.0,0.0,24,7871.0,7873.0,8,7877.0,7900.0,7903.0,7870.0,334.0,13153210.0,62988
2023-05-10 21:03:18,l2308,l2308,7871.0,0.0,0.0,0.0,33,7871.0,7873.0,8,7877.0,7900.0,7903.0,7870.0,334.0,13153210.0,62988
2023-05-10 21:03:20,l2308,l2308,7871.0,0.0,0.0,0.0,33,7871.0,7874.0,39,7877.0,7900.0,7903.0,7870.0,334.0,13153210.0,62988
2023-05-10 21:03:20,l2308,l2308,7871.0,0.0,0.0,0.0,38,7871.0,7874.0,42,7877.0,7900.0,7903.0,7870.0,334.0,13153210.0,62988
2023-05-10 21:03:22,l2308,l2308,7871.0,0.0,0.0,0.0,32,7871.0,7873.0,5,7877.0,7900.0,7903.0,7870.0,334.0,13153210.0,62988
2023-05-10 21:03:23,l2308,l2308,7871.0,0.0,0.0,0.0,9,7871.0,7873.0,27,7877.0,7900.0,7903.0,7870.0,334.0,13153210.0,62988
2023-05-10 21:03:23,l2308,l2308,7871.0,0.0,0.0,0.0,34,7870.0,7873.0,42,7877.0,7900.0,7903.0,7870.0,334.0,13153210.0,62988
2023-05-10 21:03:24,l2308,l2308,7871.0,0.0,0.0,0.0,43,7870.0,7873.0,42,7877.0,7900.0,7903.0,7870.0,334.0,13153210.0,62988
2023-05-10 21:03:25,l2308,l2308,7871.0,0.0,0.0,0.0,34,7870.0,7873.0,42,7877.0,7900.0,7903.0,7870.0,334.0,13153210.0,62988
2023-05-10 21:03:27,l2308,l2308,7871.0,0.0,0.0,0.0,39,7870.0,7873.0,42,7877.0,7900.0,7903.0,7870.0,334.0,13153210.0,62988
2023-05-10 21:03:27,l2308,l2308,7871.0,0.0,0.0,0.0,6,7871.0,7873.0,39,7877.0,7900.0,7903.0,7870.0,334.0,13153210.0,62988
2023-05-10 21:03:28,l2308,l2308,7871.0,0.0,0.0,0.0,33,7870.0,7873.0,46,7877.0,7900.0,7903.0,7870.0,334.0,13153210.0,62988
2023-05-10 21:03:30,l2308,l2308,7871.0,0.0,0.0,0.0,33,7870.0,7872.0,11,7877.0,7900.0,7903.0,7870.0,334.0,13153210.0,62988
2023-05-10 21:03:31,l2308,l2308,7871.0,0.0,0.0,0.0,30,7870.0,7872.0,17,7877.0,7900.0,7903.0,7870.0,334.0,13153210.0,62988
2023-05-10 21:03:31,l2308,l2308,7871.0,0.0,0.0,0.0,30,7870.0,7872.0,5,7877.0,7900.0,7903.0,7870.0,334.0,13153210.0,62988
2023-05-10 21:03:32,l2308,l2308,7871.0,0.0,0.0,0.0,6,7871.0,7873.0,30,7877.0,7900.0,7903.0,7870.0,334.0,13153210.0,62988
2023-05-10 21:03:33,l2308,l2308,7871.0,0.0,0.0,0.0,9,7871.0,7873.0,36,7877.0,7900.0,7903.0,7870.0,334.0,13153210.0,62988
2023-05-10 21:03:33,l2308,l2308,7871.0,0.0,0.0,0.0,6,7871.0,7873.0,39,7877.0,7900.0,7903.0,7870.0,334.0,13153210.0,62988
2023-05-10 21:03:35,l2308,l2308,7871.0,0.0,0.0,0.0,6,7871.0,7873.0,41,7877.0,7900.0,7903.0,7870.0,334.0,13153210.0,62988
2023-05-10 21:03:35,l2308,l2308,7871.0,0.0,0.0,0.0,27,7871.0,7873.0,14,7877.0,7900.0,7903.0,7870.0,334.0,13153210.0,62988
2023-05-10 21:03:36,l2308,l2308,7871.0,0.0,0.0,0.0,42,7871.0,7874.0,42,7877.0,7900.0,7903.0,7870.0,334.0,13153210.0,62988
2023-05-10 21:03:36,l2308,l2308,7871.0,0.0,0.0,0.0,33,7871.0,7874.0,42,7877.0,7900.0,7903.0,7870.0,334.0,13153210.0,62988
2023-05-10 21:03:37,l2308,l2308,7871.0,0.0,0.0,0.0,42,7871.0,7874.0,42,7877.0,7900.0,7903.0,7870.0,334.0,13153210.0,62988
2023-05-10 21:03:38,l2308,l2308,7871.0,0.0,0.0,0.0,33,7871.0,7874.0,46,7877.0,7900.0,7903.0,7870.0,334.0,13153210.0,62988
2023-05-10 21:03:39,l2308,l2308,7871.0,2.0,78710.0,1.0,28,7871.0,7873.0,17,7877.0,7900.0,7903.0,7870.0,336.0,13231920.0,62989
2023-05-10 21:03:39,l2308,l2308,7871.0,30.0,1180650.0,9.0,6,7870.0,7871.0,5,7877.0,7900.0,7903.0,7870.0,366.0,14412570.0,62998
2023-05-10 21:03:40,l2308,l2308,7871.0,3.0,118065.0,0.0,6,7870.0,7871.0,5,7877.0,7900.0,7903.0,7870.0,369.0,14530635.0,62998
2023-05-10 21:03:40,l2308,l2308,7871.0,0.0,0.0,0.0,3,7870.0,7871.0,5,7877.0,7900.0,7903.0,7870.0,369.0,14530635.0,62998
2023-05-10 21:03:41,l2308,l2308,7871.0,0.0,0.0,0.0,9,7870.0,7871.0,5,7877.0,7900.0,7903.0,7870.0,369.0,14530635.0,62998
2023-05-10 21:03:42,l2308,l2308,7871.0,0.0,0.0,0.0,6,7870.0,7871.0,5,7877.0,7900.0,7903.0,7870.0,369.0,14530635.0,62998
2023-05-10 21:03:42,l2308,l2308,7871.0,2.0,78710.0,2.0,9,7870.0,7871.0,1,7877.0,7900.0,7903.0,7870.0,371.0,14609345.0,63000
2023-05-10 21:03:43,l2308,l2308,7871.0,0.0,0.0,0.0,3,7870.0,7871.0,3,7877.0,7900.0,7903.0,7870.0,371.0,14609345.0,63000
2023-05-10 21:03:43,l2308,l2308,7871.0,0.0,0.0,0.0,50,7869.0,7871.0,3,7877.0,7900.0,7903.0,7870.0,371.0,14609345.0,63000
2023-05-10 21:03:47,l2308,l2308,7871.0,0.0,0.0,0.0,32,7869.0,7870.0,2,7877.0,7900.0,7903.0,7870.0,371.0,14609345.0,63000
2023-05-10 21:03:48,l2308,l2308,7871.0,0.0,0.0,0.0,23,7869.0,7870.0,2,7877.0,7900.0,7903.0,7870.0,371.0,14609345.0,63000
2023-05-10 21:03:48,l2308,l2308,7871.0,0.0,0.0,0.0,8,7869.0,7870.0,2,7877.0,7900.0,7903.0,7870.0,371.0,14609345.0,63000
2023-05-10 21:03:50,l2308,l2308,7871.0,0.0,0.0,0.0,8,7869.0,7871.0,24,7877.0,7900.0,7903.0,7870.0,371.0,14609345.0,63000
2023-05-10 21:03:51,l2308,l2308,7871.0,0.0,0.0,0.0,5,7869.0,7870.0,2,7877.0,7900.0,7903.0,7870.0,371.0,14609345.0,63000
2023-05-10 21:03:52,l2308,l2308,7871.0,0.0,0.0,0.0,38,7868.0,7869.0,2,7877.0,7900.0,7903.0,7870.0,371.0,14609345.0,63000
2023-05-10 21:03:53,l2308,l2308,7871.0,0.0,0.0,0.0,26,7868.0,7869.0,2,7877.0,7900.0,7903.0,7870.0,371.0,14609345.0,63000
2023-05-10 21:03:53,l2308,l2308,7871.0,0.0,0.0,0.0,32,7868.0,7869.0,2,7877.0,7900.0,7903.0,7870.0,371.0,14609345.0,63000
2023-05-10 21:03:54,l2308,l2308,7871.0,0.0,0.0,0.0,36,7868.0,7869.0,2,7877.0,7900.0,7903.0,7870.0,371.0,14609345.0,63000
2023-05-10 21:03:55,l2308,l2308,7871.0,0.0,0.0,0.0,12,7868.0,7869.0,2,7877.0,7900.0,7903.0,7870.0,371.0,14609345.0,63000
2023-05-10 21:03:55,l2308,l2308,7868.0,2.0,78680.0,2.0,3,7868.0,7869.0,2,7877.0,7900.0,7903.0,7868.0,373.0,14688025.0,63002
2023-05-10 21:03:56,l2308,l2308,7868.0,0.0,0.0,0.0,6,7868.0,7869.0,2,7877.0,7900.0,7903.0,7868.0,373.0,14688025.0,63002
2023-05-10 21:03:56,l2308,l2308,7868.0,0.0,0.0,0.0,18,7868.0,7869.0,2,7877.0,7900.0,7903.0,7868.0,373.0,14688025.0,63002
2023-05-10 21:03:57,l2308,l2308,7868.0,0.0,0.0,0.0,33,7868.0,7869.0,2,7877.0,7900.0,7903.0,7868.0,373.0,14688025.0,63002
2023-05-10 21:03:57,l2308,l2308,7868.0,0.0,0.0,0.0,18,7868.0,7869.0,2,7877.0,7900.0,7903.0,7868.0,373.0,14688025.0,63002
2023-05-10 21:03:58,l2308,l2308,7868.0,0.0,0.0,0.0,14,7868.0,7869.0,2,7877.0,7900.0,7903.0,7868.0,373.0,14688025.0,63002
2023-05-10 21:03:58,l2308,l2308,7868.0,0.0,0.0,0.0,47,7867.0,7869.0,2,7877.0,7900.0,7903.0,7868.0,373.0,14688025.0,63002
2023-05-10 21:03:59,l2308,l2308,7868.0,0.0,0.0,0.0,53,7867.0,7868.0,2,7877.0,7900.0,7903.0,7868.0,373.0,14688025.0,63002
2023-05-10 21:03:59,l2308,l2308,7868.0,0.0,0.0,0.0,47,7867.0,7868.0,2,7877.0,7900.0,7903.0,7868.0,373.0,14688025.0,63002
2023-05-10 21:04:00,l2308,l2308,7868.0,2.0,78680.0,0.0,7,7868.0,7869.0,6,7877.0,7900.0,7903.0,7868.0,375.0,14766705.0,63002
2023-05-10 21:04:00,l2308,l2308,7868.0,0.0,0.0,0.0,13,7868.0,7870.0,18,7877.0,7900.0,7903.0,7868.0,375.0,14766705.0,63002
2023-05-10 21:04:01,l2308,l2308,7868.0,0.0,0.0,0.0,15,7868.0,7870.0,21,7877.0,7900.0,7903.0,7868.0,375.0,14766705.0,63002
2023-05-10 21:04:01,l2308,l2308,7868.0,0.0,0.0,0.0,45,7868.0,7870.0,12,7877.0,7900.0,7903.0,7868.0,375.0,14766705.0,63002
2023-05-10 21:04:02,l2308,l2308,7868.0,0.0,0.0,0.0,58,7868.0,7871.0,28,7877.0,7900.0,7903.0,7868.0,375.0,14766705.0,63002
2023-05-10 21:04:02,l2308,l2308,7868.0,0.0,0.0,0.0,58,7868.0,7871.0,34,7877.0,7900.0,7903.0,7868.0,375.0,14766705.0,63002
2023-05-10 21:04:03,l2308,l2308,7868.0,0.0,0.0,0.0,59,7868.0,7871.0,34,7877.0,7900.0,7903.0,7868.0,375.0,14766705.0,63002
2023-05-10 21:04:04,l2308,l2308,7868.0,0.0,0.0,0.0,47,7868.0,7871.0,43,7877.0,7900.0,7903.0,7868.0,375.0,14766705.0,63002
2023-05-10 21:04:04,l2308,l2308,7868.0,0.0,0.0,0.0,50,7868.0,7871.0,43,7877.0,7900.0,7903.0,7868.0,375.0,14766705.0,63002
2023-05-10 21:04:05,l2308,l2308,7868.0,0.0,0.0,0.0,49,7868.0,7871.0,43,7877.0,7900.0,7903.0,7868.0,375.0,14766705.0,63002
2023-05-10 21:04:06,l2308,l2308,7868.0,0.0,0.0,0.0,49,7868.0,7871.0,40,7877.0,7900.0,7903.0,7868.0,375.0,14766705.0,63002
2023-05-10 21:04:06,l2308,l2308,7868.0,0.0,0.0,0.0,53,7868.0,7871.0,43,7877.0,7900.0,7903.0,7868.0,375.0,14766705.0,63002
2023-05-10 21:04:07,l2308,l2308,7868.0,0.0,0.0,0.0,59,7868.0,7871.0,34,7877.0,7900.0,7903.0,7868.0,375.0,14766705.0,63002
2023-05-10 21:04:07,l2308,l2308,7868.0,0.0,0.0,0.0,59,7868.0,7871.0,40,7877.0,7900.0,7903.0,7868.0,375.0,14766705.0,63002
2023-05-10 21:04:07,l2308,l2308,7868.0,0.0,0.0,0.0,59,7868.0,7871.0,34,7877.0,7900.0,7903.0,7868.0,375.0,14766705.0,63002
2023-05-10 21:04:09,l2308,l2308,7868.0,0.0,0.0,0.0,42,7869.0,7871.0,7,7877.0,7900.0,7903.0,7868.0,375.0,14766705.0,63002
2023-05-10 21:04:09,l2308,l2308,7871.0,7.0,275485.0,1.0,8,7871.0,7872.0,3,7877.0,7900.0,7903.0,7868.0,382.0,15042190.0,63003
2023-05-10 21:04:10,l2308,l2308,7871.0,0.0,0.0,0.0,28,7871.0,7873.0,24,7877.0,7900.0,7903.0,7868.0,382.0,15042190.0,63003
2023-05-10 21:04:10,l2308,l2308,7871.0,0.0,0.0,0.0,54,7871.0,7874.0,31,7877.0,7900.0,7903.0,7868.0,382.0,15042190.0,63003
2023-05-10 21:04:10,l2308,l2308,7871.0,0.0,0.0,0.0,55,7871.0,7874.0,34,7877.0,7900.0,7903.0,7868.0,382.0,15042190.0,63003
2023-05-10 21:04:11,l2308,l2308,7871.0,0.0,0.0,0.0,54,7871.0,7874.0,34,7877.0,7900.0,7903.0,7868.0,382.0,15042190.0,63003
2023-05-10 21:04:12,l2308,l2308,7871.0,0.0,0.0,0.0,55,7871.0,7874.0,34,7877.0,7900.0,7903.0,7868.0,382.0,15042190.0,63003
2023-05-10 21:04:12,l2308,l2308,7871.0,0.0,0.0,0.0,55,7871.0,7874.0,43,7877.0,7900.0,7903.0,7868.0,382.0,15042190.0,63003
2023-05-10 21:04:13,l2308,l2308,7871.0,0.0,0.0,0.0,3,7872.0,7874.0,34,7877.0,7900.0,7903.0,7868.0,382.0,15042190.0,63003
2023-05-10 21:04:14,l2308,l2308,7871.0,0.0,0.0,0.0,8,7872.0,7874.0,34,7877.0,7900.0,7903.0,7868.0,382.0,15042190.0,63003
2023-05-10 21:04:14,l2308,l2308,7871.0,0.0,0.0,0.0,5,7872.0,7874.0,43,7877.0,7900.0,7903.0,7868.0,382.0,15042190.0,63003
2023-05-10 21:04:15,l2308,l2308,7872.0,2.0,78720.0,-2.0,44,7871.0,7874.0,43,7877.0,7900.0,7903.0,7868.0,384.0,15120910.0,63001
2023-05-10 21:04:17,l2308,l2308,7871.0,2.0,78710.0,0.0,19,7871.0,7872.0,3,7877.0,7900.0,7903.0,7868.0,386.0,15199620.0,63001
2023-05-10 21:04:18,l2308,l2308,7871.0,3.0,118065.0,0.0,1,7871.0,7872.0,24,7877.0,7900.0,7903.0,7868.0,389.0,15317685.0,63001
2023-05-10 21:04:18,l2308,l2308,7871.0,0.0,0.0,0.0,1,7871.0,7872.0,15,7877.0,7900.0,7903.0,7868.0,389.0,15317685.0,63001
2023-05-10 21:04:19,l2308,l2308,7871.0,0.0,0.0,0.0,1,7871.0,7872.0,21,7877.0,7900.0,7903.0,7868.0,389.0,15317685.0,63001
2023-05-10 21:04:20,l2308,l2308,7871.0,0.0,0.0,0.0,1,7871.0,7872.0,18,7877.0,7900.0,7903.0,7868.0,389.0,15317685.0,63001
2023-05-10 21:04:20,l2308,l2308,7871.0,0.0,0.0,0.0,1,7871.0,7872.0,33,7877.0,7900.0,7903.0,7868.0,389.0,15317685.0,63001
2023-05-10 21:04:21,l2308,l2308,7871.0,0.0,0.0,0.0,1,7871.0,7872.0,36,7877.0,7900.0,7903.0,7868.0,389.0,15317685.0,63001
2023-05-10 21:04:22,l2308,l2308,7871.0,1.0,39355.0,0.0,7,7870.0,7872.0,45,7877.0,7900.0,7903.0,7868.0,390.0,15357040.0,63001
2023-05-10 21:04:22,l2308,l2308,7871.0,0.0,0.0,0.0,44,7869.0,7871.0,3,7877.0,7900.0,7903.0,7868.0,390.0,15357040.0,63001
2023-05-10 21:04:23,l2308,l2308,7871.0,0.0,0.0,0.0,43,7869.0,7871.0,3,7877.0,7900.0,7903.0,7868.0,390.0,15357040.0,63001
2023-05-10 21:04:23,l2308,l2308,7871.0,0.0,0.0,0.0,44,7869.0,7872.0,35,7877.0,7900.0,7903.0,7868.0,390.0,15357040.0,63001
2023-05-10 21:04:24,l2308,l2308,7871.0,0.0,0.0,0.0,3,7870.0,7872.0,32,7877.0,7900.0,7903.0,7868.0,390.0,15357040.0,63001
2023-05-10 21:04:24,l2308,l2308,7871.0,0.0,0.0,0.0,3,7870.0,7872.0,35,7877.0,7900.0,7903.0,7868.0,390.0,15357040.0,63001
2023-05-10 21:04:25,l2308,l2308,7871.0,0.0,0.0,0.0,3,7870.0,7872.0,47,7877.0,7900.0,7903.0,7868.0,390.0,15357040.0,63001
2023-05-10 21:04:25,l2308,l2308,7871.0,0.0,0.0,0.0,45,7869.0,7872.0,36,7877.0,7900.0,7903.0,7868.0,390.0,15357040.0,63001
2023-05-10 21:04:26,l2308,l2308,7871.0,0.0,0.0,0.0,48,7869.0,7872.0,36,7877.0,7900.0,7903.0,7868.0,390.0,15357040.0,63001
2023-05-10 21:04:28,l2308,l2308,7871.0,0.0,0.0,0.0,48,7869.0,7872.0,39,7877.0,7900.0,7903.0,7868.0,390.0,15357040.0,63001
2023-05-10 21:04:28,l2308,l2308,7871.0,0.0,0.0,0.0,48,7869.0,7872.0,40,7877.0,7900.0,7903.0,7868.0,390.0,15357040.0,63001
2023-05-10 21:04:29,l2308,l2308,7871.0,0.0,0.0,0.0,43,7869.0,7871.0,3,7877.0,7900.0,7903.0,7868.0,390.0,15357040.0,63001
2023-05-10 21:04:29,l2308,l2308,7871.0,0.0,0.0,0.0,37,7869.0,7871.0,3,7877.0,7900.0,7903.0,7868.0,390.0,15357040.0,63001
2023-05-10 21:04:30,l2308,l2308,7871.0,0.0,0.0,0.0,33,7869.0,7871.0,3,7877.0,7900.0,7903.0,7868.0,390.0,15357040.0,63001
2023-05-10 21:04:35,l2308,l2308,7871.0,0.0,0.0,0.0,21,7869.0,7871.0,27,7877.0,7900.0,7903.0,7868.0,390.0,15357040.0,63001
2023-05-10 21:04:35,l2308,l2308,7871.0,0.0,0.0,0.0,43,7868.0,7871.0,51,7877.0,7900.0,7903.0,7868.0,390.0,15357040.0,63001
2023-05-10 21:04:36,l2308,l2308,7871.0,0.0,0.0,0.0,46,7868.0,7871.0,51,7877.0,7900.0,7903.0,7868.0,390.0,15357040.0,63001
2023-05-10 21:04:38,l2308,l2308,7871.0,0.0,0.0,0.0,46,7868.0,7871.0,52,7877.0,7900.0,7903.0,7868.0,390.0,15357040.0,63001
2023-05-10 21:04:39,l2308,l2308,7871.0,0.0,0.0,0.0,6,7869.0,7871.0,44,7877.0,7900.0,7903.0,7868.0,390.0,15357040.0,63001
2023-05-10 21:04:39,l2308,l2308,7871.0,0.0,0.0,0.0,6,7869.0,7871.0,41,7877.0,7900.0,7903.0,7868.0,390.0,15357040.0,63001
2023-05-10 21:04:40,l2308,l2308,7871.0,0.0,0.0,0.0,43,7868.0,7871.0,47,7877.0,7900.0,7903.0,7868.0,390.0,15357040.0,63001
2023-05-10 21:04:40,l2308,l2308,7871.0,0.0,0.0,0.0,48,7868.0,7871.0,49,7877.0,7900.0,7903.0,7868.0,390.0,15357040.0,63001
2023-05-10 21:04:40,l2308,l2308,7871.0,0.0,0.0,0.0,48,7868.0,7871.0,52,7877.0,7900.0,7903.0,7868.0,390.0,15357040.0,63001
2023-05-10 21:04:41,l2308,l2308,7871.0,0.0,0.0,0.0,3,7869.0,7871.0,45,7877.0,7900.0,7903.0,7868.0,390.0,15357040.0,63001
2023-05-10 21:04:42,l2308,l2308,7871.0,0.0,0.0,0.0,48,7868.0,7871.0,36,7877.0,7900.0,7903.0,7868.0,390.0,15357040.0,63001
2023-05-10 21:04:42,l2308,l2308,7871.0,0.0,0.0,0.0,43,7868.0,7870.0,3,7877.0,7900.0,7903.0,7868.0,390.0,15357040.0,63001
2023-05-10 21:04:43,l2308,l2308,7871.0,0.0,0.0,0.0,46,7868.0,7870.0,3,7877.0,7900.0,7903.0,7868.0,390.0,15357040.0,63001
2023-05-10 21:04:43,l2308,l2308,7871.0,0.0,0.0,0.0,17,7868.0,7870.0,24,7877.0,7900.0,7903.0,7868.0,390.0,15357040.0,63001
2023-05-10 21:04:44,l2308,l2308,7871.0,0.0,0.0,0.0,3,7868.0,7869.0,3,7877.0,7900.0,7903.0,7868.0,390.0,15357040.0,63001
2023-05-10 21:04:45,l2308,l2308,7871.0,0.0,0.0,0.0,42,7867.0,7869.0,3,7877.0,7900.0,7903.0,7868.0,390.0,15357040.0,63001
2023-05-10 21:04:45,l2308,l2308,7871.0,0.0,0.0,0.0,3,7868.0,7870.0,32,7877.0,7900.0,7903.0,7868.0,390.0,15357040.0,63001
2023-05-10 21:04:46,l2308,l2308,7871.0,0.0,0.0,0.0,49,7867.0,7870.0,38,7877.0,7900.0,7903.0,7868.0,390.0,15357040.0,63001
2023-05-10 21:04:46,l2308,l2308,7871.0,0.0,0.0,0.0,49,7867.0,7870.0,39,7877.0,7900.0,7903.0,7868.0,390.0,15357040.0,63001
2023-05-10 21:04:47,l2308,l2308,7871.0,0.0,0.0,0.0,50,7867.0,7870.0,39,7877.0,7900.0,7903.0,7868.0,390.0,15357040.0,63001
2023-05-10 21:04:47,l2308,l2308,7871.0,0.0,0.0,0.0,3,7868.0,7869.0,3,7877.0,7900.0,7903.0,7868.0,390.0,15357040.0,63001
2023-05-10 21:04:48,l2308,l2308,7871.0,0.0,0.0,0.0,46,7867.0,7869.0,3,7877.0,7900.0,7903.0,7868.0,390.0,15357040.0,63001
2023-05-10 21:04:48,l2308,l2308,7871.0,0.0,0.0,0.0,3,7868.0,7869.0,3,7877.0,7900.0,7903.0,7868.0,390.0,15357040.0,63001
2023-05-10 21:04:49,l2308,l2308,7871.0,0.0,0.0,0.0,41,7867.0,7869.0,6,7877.0,7900.0,7903.0,7868.0,390.0,15357040.0,63001
2023-05-10 21:04:50,l2308,l2308,7871.0,0.0,0.0,0.0,41,7867.0,7869.0,9,7877.0,7900.0,7903.0,7868.0,390.0,15357040.0,63001
2023-05-10 21:04:52,l2308,l2308,7871.0,0.0,0.0,0.0,44,7867.0,7869.0,6,7877.0,7900.0,7903.0,7868.0,390.0,15357040.0,63001
2023-05-10 21:04:52,l2308,l2308,7871.0,0.0,0.0,0.0,1,7868.0,7869.0,3,7877.0,7900.0,7903.0,7868.0,390.0,15357040.0,63001
2023-05-10 21:04:53,l2308,l2308,7871.0,0.0,0.0,0.0,4,7868.0,7869.0,9,7877.0,7900.0,7903.0,7868.0,390.0,15357040.0,63001
2023-05-10 21:04:53,l2308,l2308,7871.0,0.0,0.0,0.0,1,7868.0,7869.0,9,7877.0,7900.0,7903.0,7868.0,390.0,15357040.0,63001
2023-05-10 21:04:54,l2308,l2308,7871.0,0.0,0.0,0.0,1,7868.0,7869.0,6,7877.0,7900.0,7903.0,7868.0,390.0,15357040.0,63001
2023-05-10 21:05:00,l2308,l2308,7871.0,0.0,0.0,0.0,1,7868.0,7869.0,18,7877.0,7900.0,7903.0,7868.0,390.0,15357040.0,63001
2023-05-10 21:05:00,l2308,l2308,7871.0,0.0,0.0,0.0,1,7868.0,7869.0,42,7877.0,7900.0,7903.0,7868.0,390.0,15357040.0,63001
2023-05-10 21:05:01,l2308,l2308,7868.0,1.0,39340.0,-1.0,3,7867.0,7869.0,47,7877.0,7900.0,7903.0,7868.0,391.0,15396380.0,63000
2023-05-10 21:05:01,l2308,l2308,7868.0,0.0,0.0,0.0,46,7866.0,7868.0,3,7877.0,7900.0,7903.0,7868.0,391.0,15396380.0,63000
2023-05-10 21:05:02,l2308,l2308,7868.0,0.0,0.0,0.0,36,7866.0,7868.0,3,7877.0,7900.0,7903.0,7868.0,391.0,15396380.0,63000
2023-05-10 21:05:03,l2308,l2308,7868.0,0.0,0.0,0.0,47,7866.0,7869.0,47,7877.0,7900.0,7903.0,7868.0,391.0,15396380.0,63000
2023-05-10 21:05:04,l2308,l2308,7868.0,0.0,0.0,0.0,18,7867.0,7869.0,21,7877.0,7900.0,7903.0,7868.0,391.0,15396380.0,63000
2023-05-10 21:05:04,l2308,l2308,7868.0,0.0,0.0,0.0,9,7868.0,7869.0,3,7877.0,7900.0,7903.0,7868.0,391.0,15396380.0,63000
2023-05-10 21:05:05,l2308,l2308,7868.0,0.0,0.0,0.0,9,7868.0,7870.0,42,7877.0,7900.0,7903.0,7868.0,391.0,15396380.0,63000
2023-05-10 21:05:05,l2308,l2308,7868.0,0.0,0.0,0.0,42,7867.0,7870.0,47,7877.0,7900.0,7903.0,7868.0,391.0,15396380.0,63000
2023-05-10 21:05:06,l2308,l2308,7868.0,0.0,0.0,0.0,47,7867.0,7870.0,44,7877.0,7900.0,7903.0,7868.0,391.0,15396380.0,63000
2023-05-10 21:05:06,l2308,l2308,7868.0,0.0,0.0,0.0,6,7868.0,7870.0,35,7877.0,7900.0,7903.0,7868.0,391.0,15396380.0,63000
2023-05-10 21:05:07,l2308,l2308,7868.0,0.0,0.0,0.0,3,7869.0,7870.0,20,7877.0,7900.0,7903.0,7868.0,391.0,15396380.0,63000
2023-05-10 21:05:07,l2308,l2308,7868.0,0.0,0.0,0.0,29,7868.0,7870.0,11,7877.0,7900.0,7903.0,7868.0,391.0,15396380.0,63000
2023-05-10 21:05:08,l2308,l2308,7868.0,0.0,0.0,0.0,20,7868.0,7870.0,29,7877.0,7900.0,7903.0,7868.0,391.0,15396380.0,63000
2023-05-10 21:05:08,l2308,l2308,7868.0,0.0,0.0,0.0,2,7868.0,7870.0,47,7877.0,7900.0,7903.0,7868.0,391.0,15396380.0,63000
2023-05-10 21:05:09,l2308,l2308,7868.0,0.0,0.0,0.0,31,7867.0,7870.0,42,7877.0,7900.0,7903.0,7868.0,391.0,15396380.0,63000
2023-05-10 21:05:09,l2308,l2308,7868.0,0.0,0.0,0.0,34,7867.0,7869.0,11,7877.0,7900.0,7903.0,7868.0,391.0,15396380.0,63000
2023-05-10 21:05:10,l2308,l2308,7868.0,0.0,0.0,0.0,21,7867.0,7869.0,26,7877.0,7900.0,7903.0,7868.0,391.0,15396380.0,63000
2023-05-10 21:05:10,l2308,l2308,7868.0,0.0,0.0,0.0,3,7867.0,7869.0,47,7877.0,7900.0,7903.0,7868.0,391.0,15396380.0,63000
2023-05-10 21:05:12,l2308,l2308,7868.0,0.0,0.0,0.0,47,7866.0,7869.0,47,7877.0,7900.0,7903.0,7868.0,391.0,15396380.0,63000
2023-05-10 21:05:12,l2308,l2308,7868.0,0.0,0.0,0.0,6,7867.0,7869.0,36,7877.0,7900.0,7903.0,7868.0,391.0,15396380.0,63000
2023-05-10 21:05:13,l2308,l2308,7868.0,0.0,0.0,0.0,45,7866.0,7869.0,44,7877.0,7900.0,7903.0,7868.0,391.0,15396380.0,63000
2023-05-10 21:05:13,l2308,l2308,7868.0,0.0,0.0,0.0,35,7866.0,7868.0,12,7877.0,7900.0,7903.0,7868.0,391.0,15396380.0,63000
2023-05-10 21:05:14,l2308,l2308,7868.0,0.0,0.0,0.0,18,7867.0,7869.0,25,7877.0,7900.0,7903.0,7868.0,391.0,15396380.0,63000
2023-05-10 21:05:14,l2308,l2308,7868.0,0.0,0.0,0.0,9,7867.0,7869.0,37,7877.0,7900.0,7903.0,7868.0,391.0,15396380.0,63000
2023-05-10 21:05:16,l2308,l2308,7868.0,0.0,0.0,0.0,12,7867.0,7869.0,40,7877.0,7900.0,7903.0,7868.0,391.0,15396380.0,63000
2023-05-10 21:05:18,l2308,l2308,7868.0,0.0,0.0,0.0,27,7867.0,7869.0,18,7877.0,7900.0,7903.0,7868.0,391.0,15396380.0,63000
2023-05-10 21:05:18,l2308,l2308,7869.0,6.0,236070.0,-2.0,2,7869.0,7870.0,38,7877.0,7900.0,7903.0,7868.0,397.0,15632450.0,62998
2023-05-10 21:05:19,l2308,l2308,7869.0,0.0,0.0,0.0,2,7869.0,7870.0,41,7877.0,7900.0,7903.0,7868.0,397.0,15632450.0,62998
2023-05-10 21:05:20,l2308,l2308,7869.0,0.0,0.0,0.0,2,7869.0,7870.0,12,7877.0,7900.0,7903.0,7868.0,397.0,15632450.0,62998
2023-05-10 21:05:20,l2308,l2308,7869.0,0.0,0.0,0.0,11,7869.0,7871.0,43,7877.0,7900.0,7903.0,7868.0,397.0,15632450.0,62998
2023-05-10 21:05:21,l2308,l2308,7869.0,0.0,0.0,0.0,2,7869.0,7871.0,51,7877.0,7900.0,7903.0,7868.0,397.0,15632450.0,62998
2023-05-10 21:05:21,l2308,l2308,7869.0,0.0,0.0,0.0,2,7869.0,7871.0,43,7877.0,7900.0,7903.0,7868.0,397.0,15632450.0,62998
2023-05-10 21:05:22,l2308,l2308,7869.0,0.0,0.0,0.0,2,7869.0,7870.0,17,7877.0,7900.0,7903.0,7868.0,397.0,15632450.0,62998
2023-05-10 21:05:22,l2308,l2308,7869.0,0.0,0.0,0.0,2,7869.0,7870.0,26,7877.0,7900.0,7903.0,7868.0,397.0,15632450.0,62998
2023-05-10 21:05:22,l2308,l2308,7869.0,0.0,0.0,0.0,2,7869.0,7870.0,29,7877.0,7900.0,7903.0,7868.0,397.0,15632450.0,62998
2023-05-10 21:05:23,l2308,l2308,7869.0,0.0,0.0,0.0,2,7869.0,7870.0,12,7877.0,7900.0,7903.0,7868.0,397.0,15632450.0,62998
2023-05-10 21:05:24,l2308,l2308,7869.0,0.0,0.0,0.0,2,7869.0,7870.0,20,7877.0,7900.0,7903.0,7868.0,397.0,15632450.0,62998
2023-05-10 21:05:24,l2308,l2308,7869.0,0.0,0.0,0.0,2,7869.0,7870.0,29,7877.0,7900.0,7903.0,7868.0,397.0,15632450.0,62998
2023-05-10 21:05:25,l2308,l2308,7869.0,0.0,0.0,0.0,2,7869.0,7870.0,9,7877.0,7900.0,7903.0,7868.0,397.0,15632450.0,62998
2023-05-10 21:05:25,l2308,l2308,7869.0,0.0,0.0,0.0,2,7869.0,7871.0,51,7877.0,7900.0,7903.0,7868.0,397.0,15632450.0,62998
2023-05-10 21:05:28,l2308,l2308,7869.0,0.0,0.0,0.0,2,7869.0,7871.0,48,7877.0,7900.0,7903.0,7868.0,397.0,15632450.0,62998
2023-05-10 21:05:29,l2308,l2308,7869.0,0.0,0.0,0.0,5,7869.0,7871.0,51,7877.0,7900.0,7903.0,7868.0,397.0,15632450.0,62998
2023-05-10 21:05:29,l2308,l2308,7869.0,0.0,0.0,0.0,2,7869.0,7871.0,51,7877.0,7900.0,7903.0,7868.0,397.0,15632450.0,62998
2023-05-10 21:05:30,l2308,l2308,7869.0,0.0,0.0,0.0,14,7869.0,7871.0,42,7877.0,7900.0,7903.0,7868.0,397.0,15632450.0,62998
2023-05-10 21:05:30,l2308,l2308,7869.0,0.0,0.0,0.0,23,7869.0,7871.0,36,7877.0,7900.0,7903.0,7868.0,397.0,15632450.0,62998
2023-05-10 21:05:31,l2308,l2308,7869.0,0.0,0.0,0.0,30,7869.0,7871.0,36,7877.0,7900.0,7903.0,7868.0,397.0,15632450.0,62998
2023-05-10 21:05:32,l2308,l2308,7869.0,0.0,0.0,0.0,18,7869.0,7871.0,48,7877.0,7900.0,7903.0,7868.0,397.0,15632450.0,62998
2023-05-10 21:05:32,l2308,l2308,7869.0,0.0,0.0,0.0,24,7869.0,7871.0,36,7877.0,7900.0,7903.0,7868.0,397.0,15632450.0,62998
2023-05-10 21:05:33,l2308,l2308,7869.0,0.0,0.0,0.0,21,7869.0,7871.0,48,7877.0,7900.0,7903.0,7868.0,397.0,15632450.0,62998
2023-05-10 21:05:33,l2308,l2308,7869.0,0.0,0.0,0.0,18,7869.0,7871.0,48,7877.0,7900.0,7903.0,7868.0,397.0,15632450.0,62998
2023-05-10 21:05:34,l2308,l2308,7871.0,14.0,550970.0,7.0,24,7869.0,7871.0,21,7877.0,7900.0,7903.0,7868.0,411.0,16183420.0,63005
2023-05-10 21:05:34,l2308,l2308,7871.0,0.0,0.0,0.0,48,7869.0,7871.0,9,7877.0,7900.0,7903.0,7868.0,411.0,16183420.0,63005
2023-05-10 21:05:35,l2308,l2308,7871.0,0.0,0.0,0.0,48,7869.0,7872.0,50,7877.0,7900.0,7903.0,7868.0,411.0,16183420.0,63005
2023-05-10 21:05:35,l2308,l2308,7871.0,0.0,0.0,0.0,50,7869.0,7872.0,50,7877.0,7900.0,7903.0,7868.0,411.0,16183420.0,63005
2023-05-10 21:05:36,l2308,l2308,7871.0,0.0,0.0,0.0,51,7869.0,7872.0,50,7877.0,7900.0,7903.0,7868.0,411.0,16183420.0,63005
2023-05-10 21:05:36,l2308,l2308,7871.0,0.0,0.0,0.0,18,7870.0,7872.0,32,7877.0,7900.0,7903.0,7868.0,411.0,16183420.0,63005
2023-05-10 21:05:37,l2308,l2308,7871.0,0.0,0.0,0.0,28,7870.0,7872.0,32,7877.0,7900.0,7903.0,7868.0,411.0,16183420.0,63005
2023-05-10 21:05:37,l2308,l2308,7871.0,0.0,0.0,0.0,34,7870.0,7872.0,29,7877.0,7900.0,7903.0,7868.0,411.0,16183420.0,63005
2023-05-10 21:05:38,l2308,l2308,7871.0,0.0,0.0,0.0,46,7870.0,7872.0,11,7877.0,7900.0,7903.0,7868.0,411.0,16183420.0,63005
2023-05-10 21:05:38,l2308,l2308,7871.0,0.0,0.0,0.0,46,7870.0,7873.0,39,7877.0,7900.0,7903.0,7868.0,411.0,16183420.0,63005
2023-05-10 21:05:38,l2308,l2308,7871.0,0.0,0.0,0.0,46,7870.0,7873.0,42,7877.0,7900.0,7903.0,7868.0,411.0,16183420.0,63005
2023-05-10 21:05:39,l2308,l2308,7871.0,0.0,0.0,0.0,48,7870.0,7873.0,42,7877.0,7900.0,7903.0,7868.0,411.0,16183420.0,63005
2023-05-10 21:05:41,l2308,l2308,7871.0,0.0,0.0,0.0,35,7870.0,7872.0,20,7877.0,7900.0,7903.0,7868.0,411.0,16183420.0,63005
2023-05-10 21:05:41,l2308,l2308,7871.0,0.0,0.0,0.0,18,7871.0,7873.0,26,7877.0,7900.0,7903.0,7868.0,411.0,16183420.0,63005
2023-05-10 21:05:42,l2308,l2308,7871.0,0.0,0.0,0.0,3,7872.0,7873.0,4,7877.0,7900.0,7903.0,7868.0,411.0,16183420.0,63005
2023-05-10 21:05:42,l2308,l2308,7871.0,0.0,0.0,0.0,3,7872.0,7874.0,42,7877.0,7900.0,7903.0,7868.0,411.0,16183420.0,63005
2023-05-10 21:05:44,l2308,l2308,7871.0,0.0,0.0,0.0,6,7872.0,7874.0,42,7877.0,7900.0,7903.0,7868.0,411.0,16183420.0,63005
2023-05-10 21:05:47,l2308,l2308,7871.0,0.0,0.0,0.0,21,7872.0,7874.0,26,7877.0,7900.0,7903.0,7868.0,411.0,16183420.0,63005
2023-05-10 21:05:47,l2308,l2308,7871.0,0.0,0.0,0.0,31,7872.0,7874.0,21,7877.0,7900.0,7903.0,7868.0,411.0,16183420.0,63005
2023-05-10 21:05:48,l2308,l2308,7871.0,0.0,0.0,0.0,31,7872.0,7874.0,18,7877.0,7900.0,7903.0,7868.0,411.0,16183420.0,63005
2023-05-10 21:05:48,l2308,l2308,7871.0,0.0,0.0,0.0,12,7872.0,7874.0,39,7877.0,7900.0,7903.0,7868.0,411.0,16183420.0,63005
2023-05-10 21:05:49,l2308,l2308,7871.0,0.0,0.0,0.0,6,7872.0,7874.0,42,7877.0,7900.0,7903.0,7868.0,411.0,16183420.0,63005
2023-05-10 21:05:50,l2308,l2308,7871.0,0.0,0.0,0.0,3,7872.0,7874.0,42,7877.0,7900.0,7903.0,7868.0,411.0,16183420.0,63005
2023-05-10 21:05:50,l2308,l2308,7871.0,0.0,0.0,0.0,18,7872.0,7874.0,18,7877.0,7900.0,7903.0,7868.0,411.0,16183420.0,63005
2023-05-10 21:05:51,l2308,l2308,7871.0,0.0,0.0,0.0,9,7872.0,7874.0,39,7877.0,7900.0,7903.0,7868.0,411.0,16183420.0,63005
2023-05-10 21:05:51,l2308,l2308,7871.0,0.0,0.0,0.0,28,7871.0,7873.0,12,7877.0,7900.0,7903.0,7868.0,411.0,16183420.0,63005
2023-05-10 21:05:52,l2308,l2308,7871.0,0.0,0.0,0.0,33,7871.0,7873.0,12,7877.0,7900.0,7903.0,7868.0,411.0,16183420.0,63005
2023-05-10 21:05:52,l2308,l2308,7871.0,0.0,0.0,0.0,42,7871.0,7874.0,42,7877.0,7900.0,7903.0,7868.0,411.0,16183420.0,63005
2023-05-10 21:05:52,l2308,l2308,7871.0,0.0,0.0,0.0,43,7871.0,7874.0,42,7877.0,7900.0,7903.0,7868.0,411.0,16183420.0,63005
2023-05-10 21:05:54,l2308,l2308,7871.0,0.0,0.0,0.0,24,7871.0,7873.0,15,7877.0,7900.0,7903.0,7868.0,411.0,16183420.0,63005
2023-05-10 21:05:54,l2308,l2308,7871.0,21.0,826455.0,1.0,18,7870.0,7872.0,12,7877.0,7900.0,7903.0,7868.0,432.0,17009875.0,63006
2023-05-10 21:05:55,l2308,l2308,7870.0,3.0,118050.0,3.0,34,7869.0,7870.0,3,7877.0,7900.0,7903.0,7868.0,435.0,17127925.0,63009
2023-05-10 21:05:55,l2308,l2308,7870.0,3.0,118050.0,0.0,25,7869.0,7871.0,13,7877.0,7900.0,7903.0,7868.0,438.0,17245975.0,63009
2023-05-10 21:05:56,l2308,l2308,7870.0,0.0,0.0,0.0,3,7870.0,7871.0,1,7877.0,7900.0,7903.0,7868.0,438.0,17245975.0,63009
2023-05-10 21:05:58,l2308,l2308,7870.0,0.0,0.0,0.0,43,7869.0,7871.0,1,7877.0,7900.0,7903.0,7868.0,438.0,17245975.0,63009
2023-05-10 21:05:58,l2308,l2308,7870.0,0.0,0.0,0.0,42,7869.0,7871.0,1,7877.0,7900.0,7903.0,7868.0,438.0,17245975.0,63009
2023-05-10 21:05:59,l2308,l2308,7870.0,0.0,0.0,0.0,42,7869.0,7871.0,4,7877.0,7900.0,7903.0,7868.0,438.0,17245975.0,63009
2023-05-10 21:06:00,l2308,l2308,7870.0,0.0,0.0,0.0,9,7869.0,7871.0,31,7877.0,7900.0,7903.0,7868.0,438.0,17245975.0,63009
2023-05-10 21:06:00,l2308,l2308,7870.0,0.0,0.0,0.0,33,7869.0,7871.0,7,7877.0,7900.0,7903.0,7868.0,438.0,17245975.0,63009
2023-05-10 21:06:01,l2308,l2308,7870.0,0.0,0.0,0.0,42,7869.0,7871.0,1,7877.0,7900.0,7903.0,7868.0,438.0,17245975.0,63009
2023-05-10 21:06:02,l2308,l2308,7870.0,0.0,0.0,0.0,24,7869.0,7871.0,24,7877.0,7900.0,7903.0,7868.0,438.0,17245975.0,63009
2023-05-10 21:06:02,l2308,l2308,7870.0,0.0,0.0,0.0,9,7869.0,7871.0,42,7877.0,7900.0,7903.0,7868.0,438.0,17245975.0,63009
2023-05-10 21:06:03,l2308,l2308,7870.0,0.0,0.0,0.0,23,7869.0,7871.0,20,7877.0,7900.0,7903.0,7868.0,438.0,17245975.0,63009
2023-05-10 21:06:03,l2308,l2308,7871.0,4.0,157420.0,4.0,3,7871.0,7872.0,38,7877.0,7900.0,7903.0,7868.0,442.0,17403395.0,63013
2023-05-10 21:06:04,l2308,l2308,7871.0,1.0,39355.0,0.0,2,7871.0,7872.0,40,7877.0,7900.0,7903.0,7868.0,443.0,17442750.0,63013
2023-05-10 21:06:04,l2308,l2308,7871.0,0.0,0.0,0.0,2,7871.0,7872.0,37,7877.0,7900.0,7903.0,7868.0,443.0,17442750.0,63013
2023-05-10 21:06:05,l2308,l2308,7871.0,0.0,0.0,0.0,2,7871.0,7873.0,39,7877.0,7900.0,7903.0,7868.0,443.0,17442750.0,63013
2023-05-10 21:06:05,l2308,l2308,7871.0,0.0,0.0,0.0,5,7871.0,7873.0,42,7877.0,7900.0,7903.0,7868.0,443.0,17442750.0,63013
2023-05-10 21:06:06,l2308,l2308,7871.0,0.0,0.0,0.0,8,7871.0,7873.0,43,7877.0,7900.0,7903.0,7868.0,443.0,17442750.0,63013
2023-05-10 21:06:06,l2308,l2308,7871.0,0.0,0.0,0.0,3,7872.0,7873.0,7,7877.0,7900.0,7903.0,7868.0,443.0,17442750.0,63013
2023-05-10 21:06:07,l2308,l2308,7871.0,0.0,0.0,0.0,6,7872.0,7874.0,36,7877.0,7900.0,7903.0,7868.0,443.0,17442750.0,63013
2023-05-10 21:06:07,l2308,l2308,7871.0,0.0,0.0,0.0,9,7872.0,7874.0,36,7877.0,7900.0,7903.0,7868.0,443.0,17442750.0,63013
2023-05-10 21:06:08,l2308,l2308,7871.0,0.0,0.0,0.0,41,7871.0,7874.0,43,7877.0,7900.0,7903.0,7868.0,443.0,17442750.0,63013
2023-05-10 21:06:08,l2308,l2308,7871.0,0.0,0.0,0.0,3,7873.0,7874.0,10,7877.0,7900.0,7903.0,7868.0,443.0,17442750.0,63013
2023-05-10 21:06:09,l2308,l2308,7871.0,0.0,0.0,0.0,45,7872.0,7875.0,42,7877.0,7900.0,7903.0,7868.0,443.0,17442750.0,63013
2023-05-10 21:06:09,l2308,l2308,7871.0,0.0,0.0,0.0,15,7873.0,7875.0,33,7877.0,7900.0,7903.0,7868.0,443.0,17442750.0,63013
2023-05-10 21:06:10,l2308,l2308,7871.0,0.0,0.0,0.0,25,7873.0,7875.0,31,7877.0,7900.0,7903.0,7868.0,443.0,17442750.0,63013
2023-05-10 21:06:10,l2308,l2308,7871.0,0.0,0.0,0.0,43,7873.0,7875.0,10,7877.0,7900.0,7903.0,7868.0,443.0,17442750.0,63013
2023-05-10 21:06:11,l2308,l2308,7871.0,0.0,0.0,0.0,21,7874.0,7875.0,4,7877.0,7900.0,7903.0,7868.0,443.0,17442750.0,63013
2023-05-10 21:06:11,l2308,l2308,7871.0,0.0,0.0,0.0,39,7874.0,7875.0,4,7877.0,7900.0,7903.0,7868.0,443.0,17442750.0,63013
2023-05-10 21:06:12,l2308,l2308,7871.0,0.0,0.0,0.0,40,7873.0,7875.0,7,7877.0,7900.0,7903.0,7868.0,443.0,17442750.0,63013
2023-05-10 21:06:12,l2308,l2308,7871.0,0.0,0.0,0.0,43,7873.0,7875.0,7,7877.0,7900.0,7903.0,7868.0,443.0,17442750.0,63013
2023-05-10 21:06:13,l2308,l2308,7871.0,0.0,0.0,0.0,31,7873.0,7875.0,22,7877.0,7900.0,7903.0,7868.0,443.0,17442750.0,63013
2023-05-10 21:06:13,l2308,l2308,7871.0,0.0,0.0,0.0,30,7873.0,7875.0,28,7877.0,7900.0,7903.0,7868.0,443.0,17442750.0,63013
2023-05-10 21:06:14,l2308,l2308,7871.0,0.0,0.0,0.0,33,7873.0,7875.0,25,7877.0,7900.0,7903.0,7868.0,443.0,17442750.0,63013
2023-05-10 21:06:14,l2308,l2308,7871.0,0.0,0.0,0.0,33,7873.0,7875.0,22,7877.0,7900.0,7903.0,7868.0,443.0,17442750.0,63013
2023-05-10 21:06:15,l2308,l2308,7871.0,0.0,0.0,0.0,33,7873.0,7875.0,27,7877.0,7900.0,7903.0,7868.0,443.0,17442750.0,63013
2023-05-10 21:06:15,l2308,l2308,7871.0,0.0,0.0,0.0,6,7873.0,7875.0,42,7877.0,7900.0,7903.0,7868.0,443.0,17442750.0,63013
2023-05-10 21:06:16,l2308,l2308,7871.0,0.0,0.0,0.0,46,7872.0,7875.0,45,7877.0,7900.0,7903.0,7868.0,443.0,17442750.0,63013
2023-05-10 21:06:19,l2308,l2308,7871.0,0.0,0.0,0.0,29,7872.0,7874.0,16,7877.0,7900.0,7903.0,7868.0,443.0,17442750.0,63013
2023-05-10 21:06:19,l2308,l2308,7871.0,0.0,0.0,0.0,23,7872.0,7874.0,25,7877.0,7900.0,7903.0,7868.0,443.0,17442750.0,63013
2023-05-10 21:06:20,l2308,l2308,7871.0,0.0,0.0,0.0,9,7872.0,7874.0,40,7877.0,7900.0,7903.0,7868.0,443.0,17442750.0,63013
2023-05-10 21:06:21,l2308,l2308,7871.0,0.0,0.0,0.0,6,7872.0,7874.0,43,7877.0,7900.0,7903.0,7868.0,443.0,17442750.0,63013
2023-05-10 21:06:21,l2308,l2308,7871.0,0.0,0.0,0.0,46,7871.0,7874.0,43,7877.0,7900.0,7903.0,7868.0,443.0,17442750.0,63013
2023-05-10 21:06:22,l2308,l2308,7871.0,0.0,0.0,0.0,49,7871.0,7874.0,43,7877.0,7900.0,7903.0,7868.0,443.0,17442750.0,63013
2023-05-10 21:06:22,l2308,l2308,7871.0,0.0,0.0,0.0,3,7872.0,7874.0,43,7877.0,7900.0,7903.0,7868.0,443.0,17442750.0,63013
2023-05-10 21:06:23,l2308,l2308,7871.0,0.0,0.0,0.0,24,7872.0,7874.0,13,7877.0,7900.0,7903.0,7868.0,443.0,17442750.0,63013
2023-05-10 21:06:23,l2308,l2308,7871.0,0.0,0.0,0.0,43,7872.0,7875.0,45,7877.0,7900.0,7903.0,7868.0,443.0,17442750.0,63013
2023-05-10 21:06:24,l2308,l2308,7871.0,0.0,0.0,0.0,46,7872.0,7875.0,45,7877.0,7900.0,7903.0,7868.0,443.0,17442750.0,63013
2023-05-10 21:06:24,l2308,l2308,7871.0,0.0,0.0,0.0,37,7872.0,7874.0,10,7877.0,7900.0,7903.0,7868.0,443.0,17442750.0,63013
2023-05-10 21:06:25,l2308,l2308,7871.0,0.0,0.0,0.0,21,7872.0,7874.0,25,7877.0,7900.0,7903.0,7868.0,443.0,17442750.0,63013
2023-05-10 21:06:25,l2308,l2308,7871.0,0.0,0.0,0.0,6,7872.0,7874.0,43,7877.0,7900.0,7903.0,7868.0,443.0,17442750.0,63013
2023-05-10 21:06:26,l2308,l2308,7871.0,0.0,0.0,0.0,46,7871.0,7874.0,42,7877.0,7900.0,7903.0,7868.0,443.0,17442750.0,63013
2023-05-10 21:06:26,l2308,l2308,7871.0,0.0,0.0,0.0,23,7871.0,7873.0,16,7877.0,7900.0,7903.0,7868.0,443.0,17442750.0,63013
2023-05-10 21:06:27,l2308,l2308,7871.0,0.0,0.0,0.0,11,7871.0,7873.0,40,7877.0,7900.0,7903.0,7868.0,443.0,17442750.0,63013
2023-05-10 21:06:27,l2308,l2308,7871.0,0.0,0.0,0.0,8,7871.0,7873.0,43,7877.0,7900.0,7903.0,7868.0,443.0,17442750.0,63013
2023-05-10 21:06:29,l2308,l2308,7871.0,0.0,0.0,0.0,8,7871.0,7872.0,15,7877.0,7900.0,7903.0,7868.0,443.0,17442750.0,63013
2023-05-10 21:06:29,l2308,l2308,7871.0,0.0,0.0,0.0,8,7871.0,7872.0,27,7877.0,7900.0,7903.0,7868.0,443.0,17442750.0,63013
2023-05-10 21:06:29,l2308,l2308,7871.0,0.0,0.0,0.0,8,7871.0,7872.0,30,7877.0,7900.0,7903.0,7868.0,443.0,17442750.0,63013
2023-05-10 21:06:30,l2308,l2308,7871.0,2.0,78710.0,-1.0,23,7870.0,7872.0,36,7877.0,7900.0,7903.0,7868.0,445.0,17521460.0,63012
2023-05-10 21:06:31,l2308,l2308,7870.0,6.0,236100.0,0.0,2,7870.0,7872.0,42,7877.0,7900.0,7903.0,7868.0,451.0,17757560.0,63012
2023-05-10 21:06:31,l2308,l2308,7870.0,0.0,0.0,0.0,21,7869.0,7870.0,18,7877.0,7900.0,7903.0,7868.0,451.0,17757560.0,63012
2023-05-10 21:06:32,l2308,l2308,7870.0,0.0,0.0,0.0,16,7868.0,7870.0,48,7877.0,7900.0,7903.0,7868.0,451.0,17757560.0,63012
2023-05-10 21:06:32,l2308,l2308,7870.0,0.0,0.0,0.0,7,7868.0,7869.0,20,7877.0,7900.0,7903.0,7868.0,451.0,17757560.0,63012
2023-05-10 21:06:33,l2308,l2308,7870.0,0.0,0.0,0.0,3,7867.0,7869.0,32,7877.0,7900.0,7903.0,7868.0,451.0,17757560.0,63012
2023-05-10 21:06:33,l2308,l2308,7870.0,0.0,0.0,0.0,43,7866.0,7869.0,45,7877.0,7900.0,7903.0,7868.0,451.0,17757560.0,63012
2023-05-10 21:06:35,l2308,l2308,7868.0,6.0,236040.0,-6.0,34,7866.0,7868.0,6,7877.0,7900.0,7903.0,7868.0,457.0,17993600.0,63006
2023-05-10 21:06:35,l2308,l2308,7868.0,0.0,0.0,0.0,25,7866.0,7868.0,12,7877.0,7900.0,7903.0,7868.0,457.0,17993600.0,63006
2023-05-10 21:06:36,l2308,l2308,7868.0,0.0,0.0,0.0,19,7866.0,7868.0,24,7877.0,7900.0,7903.0,7868.0,457.0,17993600.0,63006
2023-05-10 21:06:36,l2308,l2308,7868.0,0.0,0.0,0.0,1,7866.0,7868.0,42,7877.0,7900.0,7903.0,7868.0,457.0,17993600.0,63006
2023-05-10 21:06:37,l2308,l2308,7868.0,0.0,0.0,0.0,1,7866.0,7868.0,47,7877.0,7900.0,7903.0,7868.0,457.0,17993600.0,63006
2023-05-10 21:06:37,l2308,l2308,7868.0,0.0,0.0,0.0,23,7865.0,7867.0,18,7877.0,7900.0,7903.0,7868.0,457.0,17993600.0,63006
2023-05-10 21:06:38,l2308,l2308,7868.0,0.0,0.0,0.0,3,7865.0,7867.0,33,7877.0,7900.0,7903.0,7868.0,457.0,17993600.0,63006
2023-05-10 21:06:38,l2308,l2308,7868.0,0.0,0.0,0.0,43,7864.0,7867.0,42,7877.0,7900.0,7903.0,7868.0,457.0,17993600.0,63006
2023-05-10 21:06:42,l2308,l2308,7868.0,0.0,0.0,0.0,43,7864.0,7867.0,33,7877.0,7900.0,7903.0,7868.0,457.0,17993600.0,63006
2023-05-10 21:06:42,l2308,l2308,7868.0,0.0,0.0,0.0,21,7865.0,7867.0,15,7877.0,7900.0,7903.0,7868.0,457.0,17993600.0,63006
2023-05-10 21:06:43,l2308,l2308,7868.0,0.0,0.0,0.0,43,7865.0,7868.0,36,7877.0,7900.0,7903.0,7868.0,457.0,17993600.0,63006
2023-05-10 21:06:43,l2308,l2308,7868.0,0.0,0.0,0.0,43,7865.0,7868.0,45,7877.0,7900.0,7903.0,7868.0,457.0,17993600.0,63006
2023-05-10 21:06:44,l2308,l2308,7868.0,0.0,0.0,0.0,43,7865.0,7868.0,44,7877.0,7900.0,7903.0,7868.0,457.0,17993600.0,63006
2023-05-10 21:06:44,l2308,l2308,7868.0,0.0,0.0,0.0,43,7865.0,7868.0,42,7877.0,7900.0,7903.0,7868.0,457.0,17993600.0,63006
2023-05-10 21:06:46,l2308,l2308,7868.0,0.0,0.0,0.0,45,7865.0,7868.0,42,7877.0,7900.0,7903.0,7868.0,457.0,17993600.0,63006
2023-05-10 21:06:48,l2308,l2308,7868.0,0.0,0.0,0.0,15,7866.0,7868.0,32,7877.0,7900.0,7903.0,7868.0,457.0,17993600.0,63006
2023-05-10 21:06:49,l2308,l2308,7868.0,0.0,0.0,0.0,9,7867.0,7868.0,6,7877.0,7900.0,7903.0,7868.0,457.0,17993600.0,63006
2023-05-10 21:06:49,l2308,l2308,7868.0,6.0,236040.0,3.0,6,7868.0,7869.0,24,7877.0,7900.0,7903.0,7868.0,463.0,18229640.0,63009
2023-05-10 21:06:50,l2308,l2308,7868.0,0.0,0.0,0.0,6,7868.0,7869.0,6,7877.0,7900.0,7903.0,7868.0,463.0,18229640.0,63009
2023-05-10 21:06:50,l2308,l2308,7868.0,0.0,0.0,0.0,6,7868.0,7869.0,9,7877.0,7900.0,7903.0,7868.0,463.0,18229640.0,63009
2023-05-10 21:06:54,l2308,l2308,7868.0,0.0,0.0,0.0,6,7868.0,7869.0,24,7877.0,7900.0,7903.0,7868.0,463.0,18229640.0,63009
2023-05-10 21:06:55,l2308,l2308,7868.0,0.0,0.0,0.0,6,7868.0,7869.0,33,7877.0,7900.0,7903.0,7868.0,463.0,18229640.0,63009
2023-05-10 21:06:56,l2308,l2308,7868.0,0.0,0.0,0.0,6,7868.0,7869.0,39,7877.0,7900.0,7903.0,7868.0,463.0,18229640.0,63009
2023-05-10 21:06:57,l2308,l2308,7868.0,0.0,0.0,0.0,6,7868.0,7869.0,24,7877.0,7900.0,7903.0,7868.0,463.0,18229640.0,63009
2023-05-10 21:06:58,l2308,l2308,7868.0,0.0,0.0,0.0,6,7868.0,7869.0,6,7877.0,7900.0,7903.0,7868.0,463.0,18229640.0,63009
2023-05-10 21:06:58,l2308,l2308,7868.0,0.0,0.0,0.0,9,7868.0,7870.0,48,7877.0,7900.0,7903.0,7868.0,463.0,18229640.0,63009
2023-05-10 21:06:59,l2308,l2308,7868.0,0.0,0.0,0.0,6,7868.0,7870.0,51,7877.0,7900.0,7903.0,7868.0,463.0,18229640.0,63009
2023-05-10 21:06:59,l2308,l2308,7868.0,0.0,0.0,0.0,9,7868.0,7870.0,51,7877.0,7900.0,7903.0,7868.0,463.0,18229640.0,63009
2023-05-10 21:07:00,l2308,l2308,7868.0,0.0,0.0,0.0,6,7868.0,7869.0,3,7877.0,7900.0,7903.0,7868.0,463.0,18229640.0,63009
2023-05-10 21:07:01,l2308,l2308,7868.0,0.0,0.0,0.0,6,7868.0,7869.0,5,7877.0,7900.0,7903.0,7868.0,463.0,18229640.0,63009
2023-05-10 21:07:01,l2308,l2308,7868.0,0.0,0.0,0.0,6,7868.0,7869.0,17,7877.0,7900.0,7903.0,7868.0,463.0,18229640.0,63009
2023-05-10 21:07:02,l2308,l2308,7868.0,0.0,0.0,0.0,6,7868.0,7869.0,38,7877.0,7900.0,7903.0,7868.0,463.0,18229640.0,63009
2023-05-10 21:07:02,l2308,l2308,7868.0,0.0,0.0,0.0,6,7868.0,7869.0,41,7877.0,7900.0,7903.0,7868.0,463.0,18229640.0,63009
2023-05-10 21:07:03,l2308,l2308,7868.0,0.0,0.0,0.0,6,7868.0,7869.0,32,7877.0,7900.0,7903.0,7868.0,463.0,18229640.0,63009
2023-05-10 21:07:03,l2308,l2308,7868.0,0.0,0.0,0.0,6,7868.0,7869.0,35,7877.0,7900.0,7903.0,7868.0,463.0,18229640.0,63009
2023-05-10 21:07:04,l2308,l2308,7869.0,2.0,78690.0,2.0,6,7868.0,7869.0,34,7877.0,7900.0,7903.0,7868.0,465.0,18308330.0,63011
2023-05-10 21:07:04,l2308,l2308,7869.0,0.0,0.0,0.0,9,7868.0,7870.0,48,7877.0,7900.0,7903.0,7868.0,465.0,18308330.0,63011
2023-05-10 21:07:04,l2308,l2308,7869.0,0.0,0.0,0.0,9,7868.0,7870.0,51,7877.0,7900.0,7903.0,7868.0,465.0,18308330.0,63011
2023-05-10 21:07:09,l2308,l2308,7869.0,0.0,0.0,0.0,9,7868.0,7870.0,39,7877.0,7900.0,7903.0,7868.0,465.0,18308330.0,63011
2023-05-10 21:07:09,l2308,l2308,7870.0,4.0,157400.0,2.0,2,7870.0,7871.0,36,7877.0,7900.0,7903.0,7868.0,469.0,18465730.0,63013
2023-05-10 21:07:10,l2308,l2308,7870.0,0.0,0.0,0.0,2,7870.0,7871.0,22,7877.0,7900.0,7903.0,7868.0,469.0,18465730.0,63013
2023-05-10 21:07:10,l2308,l2308,7870.0,0.0,0.0,0.0,2,7870.0,7871.0,7,7877.0,7900.0,7903.0,7868.0,469.0,18465730.0,63013
2023-05-10 21:07:13,l2308,l2308,7870.0,0.0,0.0,0.0,2,7870.0,7871.0,25,7877.0,7900.0,7903.0,7868.0,469.0,18465730.0,63013
2023-05-10 21:07:13,l2308,l2308,7870.0,2.0,78700.0,-2.0,15,7869.0,7871.0,37,7877.0,7900.0,7903.0,7868.0,471.0,18544430.0,63011
2023-05-10 21:07:14,l2308,l2308,7870.0,0.0,0.0,0.0,18,7869.0,7871.0,21,7877.0,7900.0,7903.0,7868.0,471.0,18544430.0,63011
2023-05-10 21:07:14,l2308,l2308,7871.0,8.0,314840.0,4.0,2,7871.0,7872.0,31,7877.0,7900.0,7903.0,7868.0,479.0,18859270.0,63015
2023-05-10 21:07:15,l2308,l2308,7871.0,0.0,0.0,0.0,2,7871.0,7872.0,36,7877.0,7900.0,7903.0,7868.0,479.0,18859270.0,63015
2023-05-10 21:07:15,l2308,l2308,7871.0,0.0,0.0,0.0,20,7871.0,7873.0,36,7877.0,7900.0,7903.0,7868.0,479.0,18859270.0,63015
2023-05-10 21:07:16,l2308,l2308,7871.0,0.0,0.0,0.0,26,7871.0,7873.0,25,7877.0,7900.0,7903.0,7868.0,479.0,18859270.0,63015
2023-05-10 21:07:16,l2308,l2308,7871.0,0.0,0.0,0.0,38,7871.0,7873.0,7,7877.0,7900.0,7903.0,7868.0,479.0,18859270.0,63015
2023-05-10 21:07:17,l2308,l2308,7871.0,0.0,0.0,0.0,11,7871.0,7873.0,48,7877.0,7900.0,7903.0,7868.0,479.0,18859270.0,63015
2023-05-10 21:07:17,l2308,l2308,7871.0,0.0,0.0,0.0,5,7871.0,7873.0,40,7877.0,7900.0,7903.0,7868.0,479.0,18859270.0,63015
2023-05-10 21:07:23,l2308,l2308,7871.0,0.0,0.0,0.0,14,7871.0,7873.0,31,7877.0,7900.0,7903.0,7868.0,479.0,18859270.0,63015
2023-05-10 21:07:23,l2308,l2308,7871.0,0.0,0.0,0.0,5,7871.0,7873.0,40,7877.0,7900.0,7903.0,7868.0,479.0,18859270.0,63015
2023-05-10 21:07:24,l2308,l2308,7871.0,0.0,0.0,0.0,29,7871.0,7873.0,9,7877.0,7900.0,7903.0,7868.0,479.0,18859270.0,63015
2023-05-10 21:07:24,l2308,l2308,7871.0,0.0,0.0,0.0,32,7871.0,7873.0,9,7877.0,7900.0,7903.0,7868.0,479.0,18859270.0,63015
2023-05-10 21:07:25,l2308,l2308,7871.0,0.0,0.0,0.0,41,7871.0,7873.0,6,7877.0,7900.0,7903.0,7868.0,479.0,18859270.0,63015
2023-05-10 21:07:25,l2308,l2308,7871.0,0.0,0.0,0.0,38,7871.0,7873.0,9,7877.0,7900.0,7903.0,7868.0,479.0,18859270.0,63015
2023-05-10 21:07:26,l2308,l2308,7871.0,0.0,0.0,0.0,26,7871.0,7873.0,18,7877.0,7900.0,7903.0,7868.0,479.0,18859270.0,63015
2023-05-10 21:07:26,l2308,l2308,7871.0,0.0,0.0,0.0,23,7871.0,7873.0,21,7877.0,7900.0,7903.0,7868.0,479.0,18859270.0,63015
2023-05-10 21:07:27,l2308,l2308,7871.0,0.0,0.0,0.0,8,7871.0,7873.0,33,7877.0,7900.0,7903.0,7868.0,479.0,18859270.0,63015
2023-05-10 21:07:27,l2308,l2308,7871.0,0.0,0.0,0.0,2,7871.0,7873.0,42,7877.0,7900.0,7903.0,7868.0,479.0,18859270.0,63015
2023-05-10 21:07:29,l2308,l2308,7871.0,0.0,0.0,0.0,2,7871.0,7872.0,3,7877.0,7900.0,7903.0,7868.0,479.0,18859270.0,63015
2023-05-10 21:07:32,l2308,l2308,7871.0,2.0,78710.0,-2.0,18,7870.0,7872.0,19,7877.0,7900.0,7903.0,7868.0,481.0,18937980.0,63013
2023-05-10 21:07:32,l2308,l2308,7871.0,0.0,0.0,0.0,3,7870.0,7872.0,40,7877.0,7900.0,7903.0,7868.0,481.0,18937980.0,63013
2023-05-10 21:07:33,l2308,l2308,7871.0,0.0,0.0,0.0,41,7869.0,7872.0,43,7877.0,7900.0,7903.0,7868.0,481.0,18937980.0,63013
2023-05-10 21:07:37,l2308,l2308,7871.0,0.0,0.0,0.0,44,7869.0,7872.0,43,7877.0,7900.0,7903.0,7868.0,481.0,18937980.0,63013
2023-05-10 21:07:40,l2308,l2308,7871.0,0.0,0.0,0.0,9,7870.0,7872.0,34,7877.0,7900.0,7903.0,7868.0,481.0,18937980.0,63013
2023-05-10 21:07:41,l2308,l2308,7871.0,0.0,0.0,0.0,41,7869.0,7872.0,43,7877.0,7900.0,7903.0,7868.0,481.0,18937980.0,63013
2023-05-10 21:07:45,l2308,l2308,7871.0,0.0,0.0,0.0,42,7869.0,7872.0,43,7877.0,7900.0,7903.0,7868.0,481.0,18937980.0,63013
2023-05-10 21:07:45,l2308,l2308,7871.0,0.0,0.0,0.0,45,7869.0,7872.0,43,7877.0,7900.0,7903.0,7868.0,481.0,18937980.0,63013
2023-05-10 21:07:50,l2308,l2308,7871.0,0.0,0.0,0.0,48,7869.0,7872.0,43,7877.0,7900.0,7903.0,7868.0,481.0,18937980.0,63013
2023-05-10 21:07:52,l2308,l2308,7871.0,0.0,0.0,0.0,18,7870.0,7872.0,25,7877.0,7900.0,7903.0,7868.0,481.0,18937980.0,63013
2023-05-10 21:07:52,l2308,l2308,7871.0,0.0,0.0,0.0,30,7870.0,7872.0,7,7877.0,7900.0,7903.0,7868.0,481.0,18937980.0,63013
2023-05-10 21:07:53,l2308,l2308,7871.0,0.0,0.0,0.0,44,7870.0,7873.0,42,7877.0,7900.0,7903.0,7868.0,481.0,18937980.0,63013
2023-05-10 21:07:55,l2308,l2308,7871.0,0.0,0.0,0.0,26,7870.0,7872.0,10,7877.0,7900.0,7903.0,7868.0,481.0,18937980.0,63013
2023-05-10 21:07:55,l2308,l2308,7871.0,0.0,0.0,0.0,14,7870.0,7872.0,28,7877.0,7900.0,7903.0,7868.0,481.0,18937980.0,63013
2023-05-10 21:07:56,l2308,l2308,7871.0,0.0,0.0,0.0,45,7869.0,7872.0,43,7877.0,7900.0,7903.0,7868.0,481.0,18937980.0,63013
2023-05-10 21:07:57,l2308,l2308,7871.0,0.0,0.0,0.0,12,7870.0,7872.0,31,7877.0,7900.0,7903.0,7868.0,481.0,18937980.0,63013
2023-05-10 21:07:58,l2308,l2308,7871.0,0.0,0.0,0.0,9,7870.0,7872.0,34,7877.0,7900.0,7903.0,7868.0,481.0,18937980.0,63013
2023-05-10 21:07:59,l2308,l2308,7871.0,0.0,0.0,0.0,45,7869.0,7872.0,43,7877.0,7900.0,7903.0,7868.0,481.0,18937980.0,63013
2023-05-10 21:08:00,l2308,l2308,7871.0,0.0,0.0,0.0,9,7870.0,7872.0,31,7877.0,7900.0,7903.0,7868.0,481.0,18937980.0,63013
2023-05-10 21:08:00,l2308,l2308,7871.0,0.0,0.0,0.0,21,7870.0,7872.0,22,7877.0,7900.0,7903.0,7868.0,481.0,18937980.0,63013
2023-05-10 21:08:01,l2308,l2308,7871.0,0.0,0.0,0.0,33,7870.0,7872.0,7,7877.0,7900.0,7903.0,7868.0,481.0,18937980.0,63013
2023-05-10 21:08:01,l2308,l2308,7871.0,0.0,0.0,0.0,39,7870.0,7872.0,4,7877.0,7900.0,7903.0,7868.0,481.0,18937980.0,63013
2023-05-10 21:08:02,l2308,l2308,7871.0,0.0,0.0,0.0,39,7870.0,7872.0,3,7877.0,7900.0,7903.0,7868.0,481.0,18937980.0,63013
2023-05-10 21:08:03,l2308,l2308,7871.0,0.0,0.0,0.0,39,7870.0,7873.0,43,7877.0,7900.0,7903.0,7868.0,481.0,18937980.0,63013
2023-05-10 21:08:03,l2308,l2308,7871.0,0.0,0.0,0.0,44,7870.0,7873.0,43,7877.0,7900.0,7903.0,7868.0,481.0,18937980.0,63013
2023-05-10 21:08:05,l2308,l2308,7871.0,0.0,0.0,0.0,23,7871.0,7873.0,19,7877.0,7900.0,7903.0,7868.0,481.0,18937980.0,63013
2023-05-10 21:08:05,l2308,l2308,7871.0,0.0,0.0,0.0,42,7871.0,7874.0,40,7877.0,7900.0,7903.0,7868.0,481.0,18937980.0,63013
2023-05-10 21:08:06,l2308,l2308,7871.0,0.0,0.0,0.0,15,7872.0,7874.0,25,7877.0,7900.0,7903.0,7868.0,481.0,18937980.0,63013
2023-05-10 21:08:06,l2308,l2308,7871.0,0.0,0.0,0.0,30,7872.0,7874.0,4,7877.0,7900.0,7903.0,7868.0,481.0,18937980.0,63013
2023-05-10 21:08:07,l2308,l2308,7871.0,0.0,0.0,0.0,41,7872.0,7875.0,45,7877.0,7900.0,7903.0,7868.0,481.0,18937980.0,63013
2023-05-10 21:08:10,l2308,l2308,7871.0,0.0,0.0,0.0,44,7872.0,7875.0,39,7877.0,7900.0,7903.0,7868.0,481.0,18937980.0,63013
2023-05-10 21:08:10,l2308,l2308,7871.0,0.0,0.0,0.0,45,7872.0,7874.0,4,7877.0,7900.0,7903.0,7868.0,481.0,18937980.0,63013
2023-05-10 21:08:11,l2308,l2308,7871.0,0.0,0.0,0.0,45,7872.0,7875.0,42,7877.0,7900.0,7903.0,7868.0,481.0,18937980.0,63013
2023-05-10 21:08:11,l2308,l2308,7871.0,0.0,0.0,0.0,45,7872.0,7875.0,45,7877.0,7900.0,7903.0,7868.0,481.0,18937980.0,63013
2023-05-10 21:08:13,l2308,l2308,7871.0,0.0,0.0,0.0,21,7872.0,7874.0,19,7877.0,7900.0,7903.0,7868.0,481.0,18937980.0,63013
2023-05-10 21:08:13,l2308,l2308,7871.0,0.0,0.0,0.0,4,7872.0,7874.0,40,7877.0,7900.0,7903.0,7868.0,481.0,18937980.0,63013
2023-05-10 21:08:13,l2308,l2308,7871.0,0.0,0.0,0.0,1,7872.0,7874.0,43,7877.0,7900.0,7903.0,7868.0,481.0,18937980.0,63013
2023-05-10 21:08:15,l2308,l2308,7872.0,1.0,39360.0,1.0,18,7871.0,7873.0,18,7877.0,7900.0,7903.0,7868.0,482.0,18977340.0,63014
2023-05-10 21:08:15,l2308,l2308,7872.0,0.0,0.0,0.0,3,7871.0,7873.0,30,7877.0,7900.0,7903.0,7868.0,482.0,18977340.0,63014
2023-05-10 21:08:16,l2308,l2308,7872.0,0.0,0.0,0.0,42,7870.0,7873.0,42,7877.0,7900.0,7903.0,7868.0,482.0,18977340.0,63014
2023-05-10 21:08:20,l2308,l2308,7872.0,0.0,0.0,0.0,45,7870.0,7873.0,42,7877.0,7900.0,7903.0,7868.0,482.0,18977340.0,63014
2023-05-10 21:08:24,l2308,l2308,7872.0,0.0,0.0,0.0,22,7870.0,7872.0,21,7877.0,7900.0,7903.0,7868.0,482.0,18977340.0,63014
2023-05-10 21:08:25,l2308,l2308,7872.0,0.0,0.0,0.0,10,7870.0,7872.0,36,7877.0,7900.0,7903.0,7868.0,482.0,18977340.0,63014
2023-05-10 21:08:25,l2308,l2308,7872.0,0.0,0.0,0.0,3,7870.0,7872.0,42,7877.0,7900.0,7903.0,7868.0,482.0,18977340.0,63014
2023-05-10 21:08:26,l2308,l2308,7872.0,0.0,0.0,0.0,41,7869.0,7872.0,42,7877.0,7900.0,7903.0,7868.0,482.0,18977340.0,63014
2023-05-10 21:08:29,l2308,l2308,7872.0,0.0,0.0,0.0,38,7869.0,7871.0,3,7877.0,7900.0,7903.0,7868.0,482.0,18977340.0,63014
2023-05-10 21:08:29,l2308,l2308,7872.0,0.0,0.0,0.0,29,7869.0,7871.0,15,7877.0,7900.0,7903.0,7868.0,482.0,18977340.0,63014
2023-05-10 21:08:30,l2308,l2308,7872.0,0.0,0.0,0.0,29,7869.0,7871.0,18,7877.0,7900.0,7903.0,7868.0,482.0,18977340.0,63014
2023-05-10 21:08:30,l2308,l2308,7872.0,0.0,0.0,0.0,26,7869.0,7871.0,24,7877.0,7900.0,7903.0,7868.0,482.0,18977340.0,63014
2023-05-10 21:08:31,l2308,l2308,7872.0,0.0,0.0,0.0,14,7869.0,7871.0,36,7877.0,7900.0,7903.0,7868.0,482.0,18977340.0,63014
2023-05-10 21:08:31,l2308,l2308,7872.0,0.0,0.0,0.0,8,7869.0,7871.0,42,7877.0,7900.0,7903.0,7868.0,482.0,18977340.0,63014
2023-05-10 21:08:32,l2308,l2308,7872.0,0.0,0.0,0.0,3,7869.0,7871.0,42,7877.0,7900.0,7903.0,7868.0,482.0,18977340.0,63014
2023-05-10 21:08:32,l2308,l2308,7869.0,2.0,78690.0,0.0,1,7869.0,7870.0,18,7877.0,7900.0,7903.0,7868.0,484.0,19056030.0,63014
2023-05-10 21:08:33,l2308,l2308,7869.0,0.0,0.0,0.0,1,7869.0,7870.0,33,7877.0,7900.0,7903.0,7868.0,484.0,19056030.0,63014
2023-05-10 21:08:33,l2308,l2308,7869.0,1.0,39345.0,-1.0,9,7868.0,7869.0,3,7877.0,7900.0,7903.0,7868.0,485.0,19095375.0,63013
2023-05-10 21:08:34,l2308,l2308,7869.0,0.0,0.0,0.0,3,7868.0,7870.0,42,7877.0,7900.0,7903.0,7868.0,485.0,19095375.0,63013
2023-05-10 21:08:35,l2308,l2308,7869.0,0.0,0.0,0.0,23,7868.0,7870.0,18,7877.0,7900.0,7903.0,7868.0,485.0,19095375.0,63013
2023-05-10 21:08:36,l2308,l2308,7870.0,6.0,236100.0,-2.0,2,7870.0,7871.0,12,7877.0,7900.0,7903.0,7868.0,491.0,19331475.0,63011
2023-05-10 21:08:36,l2308,l2308,7870.0,0.0,0.0,0.0,2,7870.0,7871.0,33,7877.0,7900.0,7903.0,7868.0,491.0,19331475.0,63011
2023-05-10 21:08:36,l2308,l2308,7870.0,0.0,0.0,0.0,2,7870.0,7871.0,39,7877.0,7900.0,7903.0,7868.0,491.0,19331475.0,63011
2023-05-10 21:08:39,l2308,l2308,7870.0,0.0,0.0,0.0,2,7870.0,7872.0,39,7877.0,7900.0,7903.0,7868.0,491.0,19331475.0,63011
2023-05-10 21:08:40,l2308,l2308,7870.0,0.0,0.0,0.0,2,7870.0,7872.0,42,7877.0,7900.0,7903.0,7868.0,491.0,19331475.0,63011
2023-05-10 21:08:41,l2308,l2308,7870.0,0.0,0.0,0.0,20,7870.0,7872.0,21,7877.0,7900.0,7903.0,7868.0,491.0,19331475.0,63011
2023-05-10 21:08:41,l2308,l2308,7872.0,12.0,472320.0,6.0,6,7872.0,7873.0,21,7877.0,7900.0,7903.0,7868.0,503.0,19803795.0,63017
2023-05-10 21:08:42,l2308,l2308,7872.0,3.0,118080.0,3.0,4,7872.0,7873.0,3,7877.0,7900.0,7903.0,7868.0,506.0,19921875.0,63020
2023-05-10 21:08:42,l2308,l2308,7873.0,2.0,78730.0,0.0,4,7872.0,7874.0,42,7877.0,7900.0,7903.0,7868.0,508.0,20000605.0,63020
2023-05-10 21:08:44,l2308,l2308,7873.0,0.0,0.0,0.0,7,7872.0,7874.0,42,7877.0,7900.0,7903.0,7868.0,508.0,20000605.0,63020
2023-05-10 21:08:44,l2308,l2308,7873.0,0.0,0.0,0.0,3,7872.0,7874.0,42,7877.0,7900.0,7903.0,7868.0,508.0,20000605.0,63020
2023-05-10 21:08:45,l2308,l2308,7873.0,0.0,0.0,0.0,6,7872.0,7874.0,42,7877.0,7900.0,7903.0,7868.0,508.0,20000605.0,63020
2023-05-10 21:08:46,l2308,l2308,7873.0,0.0,0.0,0.0,3,7872.0,7874.0,42,7877.0,7900.0,7903.0,7868.0,508.0,20000605.0,63020
2023-05-10 21:08:47,l2308,l2308,7872.0,2.0,78720.0,-2.0,1,7872.0,7873.0,15,7877.0,7900.0,7903.0,7868.0,510.0,20079325.0,63018
2023-05-10 21:08:47,l2308,l2308,7872.0,0.0,0.0,0.0,1,7872.0,7873.0,6,7877.0,7900.0,7903.0,7868.0,510.0,20079325.0,63018
2023-05-10 21:08:48,l2308,l2308,7872.0,0.0,0.0,0.0,1,7872.0,7873.0,15,7877.0,7900.0,7903.0,7868.0,510.0,20079325.0,63018
2023-05-10 21:08:49,l2308,l2308,7872.0,0.0,0.0,0.0,1,7872.0,7873.0,9,7877.0,7900.0,7903.0,7868.0,510.0,20079325.0,63018
2023-05-10 21:08:49,l2308,l2308,7872.0,0.0,0.0,0.0,1,7872.0,7873.0,18,7877.0,7900.0,7903.0,7868.0,510.0,20079325.0,63018
2023-05-10 21:08:50,l2308,l2308,7872.0,0.0,0.0,0.0,1,7872.0,7873.0,30,7877.0,7900.0,7903.0,7868.0,510.0,20079325.0,63018
2023-05-10 21:08:50,l2308,l2308,7872.0,0.0,0.0,0.0,1,7872.0,7873.0,33,7877.0,7900.0,7903.0,7868.0,510.0,20079325.0,63018
2023-05-10 21:08:51,l2308,l2308,7872.0,0.0,0.0,0.0,1,7872.0,7873.0,36,7877.0,7900.0,7903.0,7868.0,510.0,20079325.0,63018
2023-05-10 21:08:53,l2308,l2308,7872.0,0.0,0.0,0.0,9,7872.0,7874.0,36,7877.0,7900.0,7903.0,7868.0,510.0,20079325.0,63018
2023-05-10 21:08:54,l2308,l2308,7872.0,0.0,0.0,0.0,9,7872.0,7874.0,39,7877.0,7900.0,7903.0,7868.0,510.0,20079325.0,63018
2023-05-10 21:08:56,l2308,l2308,7872.0,0.0,0.0,0.0,6,7872.0,7874.0,39,7877.0,7900.0,7903.0,7868.0,510.0,20079325.0,63018
2023-05-10 21:08:57,l2308,l2308,7872.0,0.0,0.0,0.0,1,7872.0,7873.0,6,7877.0,7900.0,7903.0,7868.0,510.0,20079325.0,63018
2023-05-10 21:08:59,l2308,l2308,7872.0,0.0,0.0,0.0,1,7872.0,7873.0,15,7877.0,7900.0,7903.0,7868.0,510.0,20079325.0,63018
2023-05-10 21:09:00,l2308,l2308,7872.0,0.0,0.0,0.0,1,7872.0,7873.0,21,7877.0,7900.0,7903.0,7868.0,510.0,20079325.0,63018
2023-05-10 21:09:00,l2308,l2308,7872.0,0.0,0.0,0.0,1,7872.0,7874.0,43,7877.0,7900.0,7903.0,7868.0,510.0,20079325.0,63018
2023-05-10 21:09:01,l2308,l2308,7872.0,0.0,0.0,0.0,9,7872.0,7874.0,39,7877.0,7900.0,7903.0,7868.0,510.0,20079325.0,63018
2023-05-10 21:09:01,l2308,l2308,7872.0,0.0,0.0,0.0,6,7872.0,7874.0,39,7877.0,7900.0,7903.0,7868.0,510.0,20079325.0,63018
2023-05-10 21:09:08,l2308,l2308,7872.0,0.0,0.0,0.0,3,7872.0,7873.0,3,7877.0,7900.0,7903.0,7868.0,510.0,20079325.0,63018
2023-05-10 21:09:08,l2308,l2308,7872.0,0.0,0.0,0.0,3,7872.0,7873.0,15,7877.0,7900.0,7903.0,7868.0,510.0,20079325.0,63018
2023-05-10 21:09:09,l2308,l2308,7872.0,0.0,0.0,0.0,3,7872.0,7873.0,24,7877.0,7900.0,7903.0,7868.0,510.0,20079325.0,63018
2023-05-10 21:09:09,l2308,l2308,7872.0,0.0,0.0,0.0,3,7872.0,7873.0,36,7877.0,7900.0,7903.0,7868.0,510.0,20079325.0,63018
2023-05-10 21:09:11,l2308,l2308,7872.0,0.0,0.0,0.0,1,7872.0,7873.0,47,7877.0,7900.0,7903.0,7868.0,510.0,20079325.0,63018
2023-05-10 21:09:11,l2308,l2308,7872.0,1.0,39360.0,0.0,8,7871.0,7872.0,1,7877.0,7900.0,7903.0,7868.0,511.0,20118685.0,63018
2023-05-10 21:09:12,l2308,l2308,7872.0,0.0,0.0,0.0,30,7870.0,7872.0,18,7877.0,7900.0,7903.0,7868.0,511.0,20118685.0,63018
2023-05-10 21:09:12,l2308,l2308,7872.0,0.0,0.0,0.0,9,7870.0,7872.0,39,7877.0,7900.0,7903.0,7868.0,511.0,20118685.0,63018
2023-05-10 21:09:13,l2308,l2308,7872.0,0.0,0.0,0.0,3,7870.0,7872.0,42,7877.0,7900.0,7903.0,7868.0,511.0,20118685.0,63018
2023-05-10 21:09:14,l2308,l2308,7872.0,0.0,0.0,0.0,54,7869.0,7872.0,43,7877.0,7900.0,7903.0,7868.0,511.0,20118685.0,63018
2023-05-10 21:09:14,l2308,l2308,7871.0,2.0,78710.0,0.0,21,7869.0,7871.0,13,7877.0,7900.0,7903.0,7868.0,513.0,20197395.0,63018
2023-05-10 21:09:15,l2308,l2308,7871.0,0.0,0.0,0.0,3,7869.0,7871.0,52,7877.0,7900.0,7903.0,7868.0,513.0,20197395.0,63018
2023-05-10 21:09:15,l2308,l2308,7871.0,0.0,0.0,0.0,54,7868.0,7871.0,62,7877.0,7900.0,7903.0,7868.0,513.0,20197395.0,63018
2023-05-10 21:09:18,l2308,l2308,7871.0,0.0,0.0,0.0,43,7868.0,7870.0,9,7877.0,7900.0,7903.0,7868.0,513.0,20197395.0,63018
2023-05-10 21:09:18,l2308,l2308,7871.0,0.0,0.0,0.0,52,7868.0,7871.0,59,7877.0,7900.0,7903.0,7868.0,513.0,20197395.0,63018
2023-05-10 21:09:18,l2308,l2308,7871.0,0.0,0.0,0.0,52,7868.0,7871.0,62,7877.0,7900.0,7903.0,7868.0,513.0,20197395.0,63018
2023-05-10 21:09:20,l2308,l2308,7871.0,0.0,0.0,0.0,52,7868.0,7871.0,59,7877.0,7900.0,7903.0,7868.0,513.0,20197395.0,63018
2023-05-10 21:09:24,l2308,l2308,7871.0,0.0,0.0,0.0,37,7868.0,7870.0,12,7877.0,7900.0,7903.0,7868.0,513.0,20197395.0,63018
2023-05-10 21:09:24,l2308,l2308,7871.0,0.0,0.0,0.0,40,7868.0,7870.0,15,7877.0,7900.0,7903.0,7868.0,513.0,20197395.0,63018
2023-05-10 21:09:27,l2308,l2308,7871.0,0.0,0.0,0.0,52,7868.0,7871.0,59,7877.0,7900.0,7903.0,7868.0,513.0,20197395.0,63018
2023-05-10 21:09:28,l2308,l2308,7871.0,0.0,0.0,0.0,43,7868.0,7870.0,9,7877.0,7900.0,7903.0,7868.0,513.0,20197395.0,63018
2023-05-10 21:09:29,l2308,l2308,7871.0,0.0,0.0,0.0,60,7868.0,7871.0,59,7877.0,7900.0,7903.0,7868.0,513.0,20197395.0,63018
2023-05-10 21:09:30,l2308,l2308,7871.0,0.0,0.0,0.0,40,7868.0,7870.0,9,7877.0,7900.0,7903.0,7868.0,513.0,20197395.0,63018
2023-05-10 21:09:30,l2308,l2308,7871.0,0.0,0.0,0.0,40,7868.0,7870.0,15,7877.0,7900.0,7903.0,7868.0,513.0,20197395.0,63018
2023-05-10 21:09:31,l2308,l2308,7871.0,0.0,0.0,0.0,52,7868.0,7871.0,53,7877.0,7900.0,7903.0,7868.0,513.0,20197395.0,63018
2023-05-10 21:09:31,l2308,l2308,7871.0,0.0,0.0,0.0,52,7868.0,7871.0,61,7877.0,7900.0,7903.0,7868.0,513.0,20197395.0,63018
2023-05-10 21:09:32,l2308,l2308,7871.0,0.0,0.0,0.0,40,7868.0,7870.0,9,7877.0,7900.0,7903.0,7868.0,513.0,20197395.0,63018
2023-05-10 21:09:32,l2308,l2308,7871.0,0.0,0.0,0.0,37,7868.0,7870.0,18,7877.0,7900.0,7903.0,7868.0,513.0,20197395.0,63018
2023-05-10 21:09:33,l2308,l2308,7871.0,0.0,0.0,0.0,34,7868.0,7870.0,24,7877.0,7900.0,7903.0,7868.0,513.0,20197395.0,63018
2023-05-10 21:09:33,l2308,l2308,7871.0,0.0,0.0,0.0,37,7868.0,7870.0,21,7877.0,7900.0,7903.0,7868.0,513.0,20197395.0,63018
2023-05-10 21:09:34,l2308,l2308,7871.0,0.0,0.0,0.0,34,7868.0,7870.0,24,7877.0,7900.0,7903.0,7868.0,513.0,20197395.0,63018
2023-05-10 21:09:35,l2308,l2308,7871.0,0.0,0.0,0.0,37,7868.0,7870.0,21,7877.0,7900.0,7903.0,7868.0,513.0,20197395.0,63018
2023-05-10 21:09:36,l2308,l2308,7871.0,0.0,0.0,0.0,8,7869.0,7870.0,3,7877.0,7900.0,7903.0,7868.0,513.0,20197395.0,63018
2023-05-10 21:09:36,l2308,l2308,7870.0,1.0,39350.0,0.0,1,7870.0,7871.0,58,7877.0,7900.0,7903.0,7868.0,514.0,20236745.0,63018
2023-05-10 21:09:37,l2308,l2308,7870.0,0.0,0.0,0.0,1,7870.0,7871.0,55,7877.0,7900.0,7903.0,7868.0,514.0,20236745.0,63018
2023-05-10 21:09:37,l2308,l2308,7870.0,0.0,0.0,0.0,1,7870.0,7871.0,58,7877.0,7900.0,7903.0,7868.0,514.0,20236745.0,63018
2023-05-10 21:09:38,l2308,l2308,7870.0,1.0,39350.0,-1.0,3,7869.0,7870.0,9,7877.0,7900.0,7903.0,7868.0,515.0,20276095.0,63017
2023-05-10 21:09:38,l2308,l2308,7870.0,0.0,0.0,0.0,40,7868.0,7870.0,12,7877.0,7900.0,7903.0,7868.0,515.0,20276095.0,63017
2023-05-10 21:09:39,l2308,l2308,7870.0,0.0,0.0,0.0,37,7868.0,7870.0,12,7877.0,7900.0,7903.0,7868.0,515.0,20276095.0,63017
2023-05-10 21:09:39,l2308,l2308,7870.0,0.0,0.0,0.0,34,7868.0,7870.0,18,7877.0,7900.0,7903.0,7868.0,515.0,20276095.0,63017
2023-05-10 21:09:40,l2308,l2308,7870.0,0.0,0.0,0.0,34,7868.0,7870.0,15,7877.0,7900.0,7903.0,7868.0,515.0,20276095.0,63017
2023-05-10 21:09:40,l2308,l2308,7870.0,0.0,0.0,0.0,37,7868.0,7870.0,12,7877.0,7900.0,7903.0,7868.0,515.0,20276095.0,63017
2023-05-10 21:09:41,l2308,l2308,7870.0,0.0,0.0,0.0,37,7868.0,7870.0,15,7877.0,7900.0,7903.0,7868.0,515.0,20276095.0,63017
2023-05-10 21:09:41,l2308,l2308,7870.0,0.0,0.0,0.0,37,7868.0,7870.0,12,7877.0,7900.0,7903.0,7868.0,515.0,20276095.0,63017
2023-05-10 21:09:42,l2308,l2308,7870.0,0.0,0.0,0.0,37,7868.0,7870.0,15,7877.0,7900.0,7903.0,7868.0,515.0,20276095.0,63017
2023-05-10 21:09:42,l2308,l2308,7870.0,0.0,0.0,0.0,37,7868.0,7870.0,12,7877.0,7900.0,7903.0,7868.0,515.0,20276095.0,63017
2023-05-10 21:09:43,l2308,l2308,7870.0,0.0,0.0,0.0,37,7868.0,7870.0,15,7877.0,7900.0,7903.0,7868.0,515.0,20276095.0,63017
2023-05-10 21:09:44,l2308,l2308,7870.0,0.0,0.0,0.0,37,7868.0,7870.0,18,7877.0,7900.0,7903.0,7868.0,515.0,20276095.0,63017
2023-05-10 21:09:48,l2308,l2308,7870.0,0.0,0.0,0.0,34,7868.0,7870.0,24,7877.0,7900.0,7903.0,7868.0,515.0,20276095.0,63017
2023-05-10 21:09:49,l2308,l2308,7870.0,0.0,0.0,0.0,38,7868.0,7870.0,21,7877.0,7900.0,7903.0,7868.0,515.0,20276095.0,63017
2023-05-10 21:09:49,l2308,l2308,7870.0,0.0,0.0,0.0,26,7868.0,7870.0,30,7877.0,7900.0,7903.0,7868.0,515.0,20276095.0,63017
2023-05-10 21:09:50,l2308,l2308,7869.0,9.0,354105.0,1.0,8,7868.0,7870.0,46,7877.0,7900.0,7903.0,7868.0,524.0,20630200.0,63018
2023-05-10 21:09:50,l2308,l2308,7869.0,0.0,0.0,0.0,11,7868.0,7870.0,46,7877.0,7900.0,7903.0,7868.0,524.0,20630200.0,63018
2023-05-10 21:09:51,l2308,l2308,7869.0,0.0,0.0,0.0,8,7868.0,7870.0,46,7877.0,7900.0,7903.0,7868.0,524.0,20630200.0,63018
2023-05-10 21:09:53,l2308,l2308,7868.0,12.0,472095.0,-2.0,23,7867.0,7868.0,3,7877.0,7900.0,7903.0,7868.0,536.0,21102295.0,63016
2023-05-10 21:09:53,l2308,l2308,7868.0,0.0,0.0,0.0,12,7867.0,7869.0,30,7877.0,7900.0,7903.0,7868.0,536.0,21102295.0,63016
2023-05-10 21:09:54,l2308,l2308,7868.0,0.0,0.0,0.0,14,7867.0,7869.0,21,7877.0,7900.0,7903.0,7868.0,536.0,21102295.0,63016
2023-05-10 21:09:54,l2308,l2308,7868.0,0.0,0.0,0.0,9,7867.0,7869.0,21,7877.0,7900.0,7903.0,7868.0,536.0,21102295.0,63016
2023-05-10 21:09:55,l2308,l2308,7868.0,0.0,0.0,0.0,3,7867.0,7869.0,45,7877.0,7900.0,7903.0,7868.0,536.0,21102295.0,63016
2023-05-10 21:09:55,l2308,l2308,7868.0,0.0,0.0,0.0,11,7867.0,7869.0,43,7877.0,7900.0,7903.0,7868.0,536.0,21102295.0,63016
2023-05-10 21:09:56,l2308,l2308,7868.0,0.0,0.0,0.0,6,7867.0,7869.0,55,7877.0,7900.0,7903.0,7868.0,536.0,21102295.0,63016
2023-05-10 21:09:56,l2308,l2308,7868.0,0.0,0.0,0.0,51,7866.0,7869.0,62,7877.0,7900.0,7903.0,7868.0,536.0,21102295.0,63016
2023-05-10 21:09:58,l2308,l2308,7868.0,0.0,0.0,0.0,51,7866.0,7869.0,64,7877.0,7900.0,7903.0,7868.0,536.0,21102295.0,63016
2023-05-10 21:09:58,l2308,l2308,7868.0,0.0,0.0,0.0,49,7866.0,7869.0,64,7877.0,7900.0,7903.0,7868.0,536.0,21102295.0,63016
2023-05-10 21:10:00,l2308,l2308,7868.0,0.0,0.0,0.0,40,7866.0,7868.0,3,7877.0,7900.0,7903.0,7868.0,536.0,21102295.0,63016
2023-05-10 21:10:00,l2308,l2308,7868.0,0.0,0.0,0.0,35,7866.0,7868.0,3,7877.0,7900.0,7903.0,7868.0,536.0,21102295.0,63016
