time,symbol_id,symbol_name,last,trade_volume,trade_amount,open_interest_change,bv1,bp1,ap1,av1,yesterday_close,today_open,today_high,today_low,volume,amount,open_interest
2023-05-10 20:59:00,l2306,l2306,7978.0,2859.0,114045510.0,-2857.0,2,7956.0,7978.0,4,7952.0,7978.0,7978.0,7978.0,2859.0,114045510.0,30497
2023-05-10 21:00:00,l2306,l2306,7978.0,0.0,0.0,0.0,1,7954.0,7964.0,1,7952.0,7978.0,7978.0,7978.0,2859.0,114045510.0,30497
2023-05-10 21:00:00,l2306,l2306,7978.0,0.0,0.0,0.0,1,7958.0,7961.0,2,7952.0,7978.0,7978.0,7978.0,2859.0,114045510.0,30497
2023-05-10 21:00:01,l2306,l2306,7978.0,0.0,0.0,0.0,1,7960.0,7961.0,2,7952.0,7978.0,7978.0,7978.0,2859.0,114045510.0,30497
2023-05-10 21:00:01,l2306,l2306,7960.0,1.0,39800.0,1.0,2,7948.0,7958.0,2,7952.0,7978.0,7978.0,7960.0,2860.0,114085310.0,30498
2023-05-10 21:00:02,l2306,l2306,7960.0,0.0,0.0,0.0,1,7952.0,7956.0,1,7952.0,7978.0,7978.0,7960.0,2860.0,114085310.0,30498
2023-05-10 21:00:02,l2306,l2306,7960.0,0.0,0.0,0.0,1,7954.0,7956.0,1,7952.0,7978.0,7978.0,7960.0,2860.0,114085310.0,30498
2023-05-10 21:00:03,l2306,l2306,7958.0,2.0,79570.0,0.0,1,7954.0,7959.0,2,7952.0,7978.0,7978.0,7956.0,2862.0,114164880.0,30498
2023-05-10 21:00:03,l2306,l2306,7958.0,0.0,0.0,0.0,3,7956.0,7958.0,1,7952.0,7978.0,7978.0,7956.0,2862.0,114164880.0,30498
2023-05-10 21:00:04,l2306,l2306,7957.0,1.0,39785.0,1.0,1,7954.0,7959.0,2,7952.0,7978.0,7978.0,7956.0,2863.0,114204665.0,30499
2023-05-10 21:00:04,l2306,l2306,7957.0,0.0,0.0,0.0,2,7954.0,7958.0,1,7952.0,7978.0,7978.0,7956.0,2863.0,114204665.0,30499
2023-05-10 21:00:06,l2306,l2306,7957.0,0.0,0.0,0.0,1,7948.0,7957.0,2,7952.0,7978.0,7978.0,7956.0,2863.0,114204665.0,30499
2023-05-10 21:00:06,l2306,l2306,7957.0,0.0,0.0,0.0,3,7950.0,7954.0,1,7952.0,7978.0,7978.0,7956.0,2863.0,114204665.0,30499
2023-05-10 21:00:07,l2306,l2306,7957.0,0.0,0.0,0.0,4,7950.0,7954.0,1,7952.0,7978.0,7978.0,7956.0,2863.0,114204665.0,30499
2023-05-10 21:00:08,l2306,l2306,7955.0,1.0,39775.0,-1.0,2,7953.0,7958.0,3,7952.0,7978.0,7978.0,7955.0,2864.0,114244440.0,30498
2023-05-10 21:00:08,l2306,l2306,7955.0,0.0,0.0,0.0,1,7954.0,7959.0,2,7952.0,7978.0,7978.0,7955.0,2864.0,114244440.0,30498
2023-05-10 21:00:09,l2306,l2306,7955.0,0.0,0.0,0.0,1,7954.0,7959.0,4,7952.0,7978.0,7978.0,7955.0,2864.0,114244440.0,30498
2023-05-10 21:00:09,l2306,l2306,7955.0,0.0,0.0,0.0,1,7954.0,7958.0,4,7952.0,7978.0,7978.0,7955.0,2864.0,114244440.0,30498
2023-05-10 21:00:10,l2306,l2306,7955.0,0.0,0.0,0.0,3,7954.0,7958.0,5,7952.0,7978.0,7978.0,7955.0,2864.0,114244440.0,30498
2023-05-10 21:00:11,l2306,l2306,7954.0,3.0,119310.0,-1.0,3,7950.0,7955.0,2,7952.0,7978.0,7978.0,7954.0,2867.0,114363750.0,30497
2023-05-10 21:00:11,l2306,l2306,7954.0,0.0,0.0,0.0,5,7951.0,7954.0,1,7952.0,7978.0,7978.0,7954.0,2867.0,114363750.0,30497
2023-05-10 21:00:13,l2306,l2306,7956.0,2.0,79550.0,-1.0,3,7954.0,7960.0,4,7952.0,7978.0,7978.0,7954.0,2869.0,114443300.0,30496
2023-05-10 21:00:13,l2306,l2306,7956.0,1.0,39780.0,-1.0,1,7954.0,7959.0,2,7952.0,7978.0,7978.0,7954.0,2870.0,114483080.0,30495
2023-05-10 21:00:14,l2306,l2306,7954.0,1.0,39770.0,0.0,1,7946.0,7955.0,1,7952.0,7978.0,7978.0,7954.0,2871.0,114522850.0,30495
2023-05-10 21:00:15,l2306,l2306,7952.0,1.0,39760.0,1.0,7,7950.0,7954.0,2,7952.0,7978.0,7978.0,7952.0,2872.0,114562610.0,30496
2023-05-10 21:00:15,l2306,l2306,7952.0,0.0,0.0,0.0,1,7952.0,7954.0,2,7952.0,7978.0,7978.0,7952.0,2872.0,114562610.0,30496
2023-05-10 21:00:16,l2306,l2306,7955.0,3.0,119315.0,1.0,1,7954.0,7960.0,2,7952.0,7978.0,7978.0,7952.0,2875.0,114681925.0,30497
2023-05-10 21:00:16,l2306,l2306,7948.0,13.0,516785.0,5.0,5,7945.0,7956.0,3,7952.0,7978.0,7978.0,7948.0,2888.0,115198710.0,30502
2023-05-10 21:00:17,l2306,l2306,7954.0,1.0,39770.0,1.0,1,7953.0,7954.0,2,7952.0,7978.0,7978.0,7948.0,2889.0,115238480.0,30503
2023-05-10 21:00:17,l2306,l2306,7954.0,2.0,79535.0,0.0,1,7950.0,7954.0,1,7952.0,7978.0,7978.0,7948.0,2891.0,115318015.0,30503
2023-05-10 21:00:19,l2306,l2306,7954.0,1.0,39770.0,0.0,9,7950.0,7954.0,8,7952.0,7978.0,7978.0,7948.0,2892.0,115357785.0,30503
2023-05-10 21:00:20,l2306,l2306,7954.0,0.0,0.0,0.0,9,7950.0,7954.0,9,7952.0,7978.0,7978.0,7948.0,2892.0,115357785.0,30503
2023-05-10 21:00:20,l2306,l2306,7954.0,0.0,0.0,0.0,2,7951.0,7954.0,3,7952.0,7978.0,7978.0,7948.0,2892.0,115357785.0,30503
2023-05-10 21:00:21,l2306,l2306,7954.0,0.0,0.0,0.0,2,7951.0,7954.0,9,7952.0,7978.0,7978.0,7948.0,2892.0,115357785.0,30503
2023-05-10 21:00:21,l2306,l2306,7954.0,0.0,0.0,0.0,2,7951.0,7952.0,1,7952.0,7978.0,7978.0,7948.0,2892.0,115357785.0,30503
2023-05-10 21:00:22,l2306,l2306,7951.0,1.0,39755.0,-1.0,1,7951.0,7952.0,3,7952.0,7978.0,7978.0,7948.0,2893.0,115397540.0,30502
2023-05-10 21:00:22,l2306,l2306,7951.0,1.0,39755.0,0.0,6,7948.0,7952.0,3,7952.0,7978.0,7978.0,7948.0,2894.0,115437295.0,30502
2023-05-10 21:00:23,l2306,l2306,7951.0,0.0,0.0,0.0,1,7948.0,7952.0,9,7952.0,7978.0,7978.0,7948.0,2894.0,115437295.0,30502
2023-05-10 21:00:23,l2306,l2306,7951.0,0.0,0.0,0.0,9,7948.0,7952.0,9,7952.0,7978.0,7978.0,7948.0,2894.0,115437295.0,30502
2023-05-10 21:00:24,l2306,l2306,7951.0,0.0,0.0,0.0,1,7948.0,7952.0,9,7952.0,7978.0,7978.0,7948.0,2894.0,115437295.0,30502
2023-05-10 21:00:24,l2306,l2306,7951.0,0.0,0.0,0.0,6,7947.0,7950.0,1,7952.0,7978.0,7978.0,7948.0,2894.0,115437295.0,30502
2023-05-10 21:00:25,l2306,l2306,7951.0,0.0,0.0,0.0,2,7948.0,7950.0,1,7952.0,7978.0,7978.0,7948.0,2894.0,115437295.0,30502
2023-05-10 21:00:25,l2306,l2306,7951.0,7.0,278280.0,-7.0,6,7948.0,7952.0,1,7952.0,7978.0,7978.0,7948.0,2901.0,115715575.0,30495
2023-05-10 21:00:26,l2306,l2306,7951.0,0.0,0.0,0.0,10,7948.0,7952.0,6,7952.0,7978.0,7978.0,7948.0,2901.0,115715575.0,30495
2023-05-10 21:00:27,l2306,l2306,7953.0,6.0,238590.0,-6.0,1,7952.0,7956.0,1,7952.0,7978.0,7978.0,7948.0,2907.0,115954165.0,30489
2023-05-10 21:00:27,l2306,l2306,7953.0,0.0,0.0,0.0,3,7952.0,7956.0,4,7952.0,7978.0,7978.0,7948.0,2907.0,115954165.0,30489
2023-05-10 21:00:28,l2306,l2306,7953.0,0.0,0.0,0.0,4,7952.0,7956.0,4,7952.0,7978.0,7978.0,7948.0,2907.0,115954165.0,30489
2023-05-10 21:00:28,l2306,l2306,7953.0,0.0,0.0,0.0,2,7954.0,7958.0,7,7952.0,7978.0,7978.0,7948.0,2907.0,115954165.0,30489
2023-05-10 21:00:29,l2306,l2306,7953.0,0.0,0.0,0.0,2,7954.0,7956.0,2,7952.0,7978.0,7978.0,7948.0,2907.0,115954165.0,30489
2023-05-10 21:00:29,l2306,l2306,7953.0,0.0,0.0,0.0,2,7954.0,7956.0,5,7952.0,7978.0,7978.0,7948.0,2907.0,115954165.0,30489
2023-05-10 21:00:30,l2306,l2306,7953.0,0.0,0.0,0.0,2,7952.0,7956.0,5,7952.0,7978.0,7978.0,7948.0,2907.0,115954165.0,30489
2023-05-10 21:00:30,l2306,l2306,7953.0,0.0,0.0,0.0,2,7951.0,7956.0,5,7952.0,7978.0,7978.0,7948.0,2907.0,115954165.0,30489
2023-05-10 21:00:31,l2306,l2306,7953.0,0.0,0.0,0.0,6,7951.0,7956.0,11,7952.0,7978.0,7978.0,7948.0,2907.0,115954165.0,30489
2023-05-10 21:00:32,l2306,l2306,7953.0,0.0,0.0,0.0,1,7952.0,7956.0,11,7952.0,7978.0,7978.0,7948.0,2907.0,115954165.0,30489
2023-05-10 21:00:32,l2306,l2306,7953.0,0.0,0.0,0.0,2,7952.0,7956.0,11,7952.0,7978.0,7978.0,7948.0,2907.0,115954165.0,30489
2023-05-10 21:00:33,l2306,l2306,7953.0,0.0,0.0,0.0,8,7951.0,7956.0,11,7952.0,7978.0,7978.0,7948.0,2907.0,115954165.0,30489
2023-05-10 21:00:33,l2306,l2306,7953.0,0.0,0.0,0.0,6,7951.0,7956.0,27,7952.0,7978.0,7978.0,7948.0,2907.0,115954165.0,30489
2023-05-10 21:00:34,l2306,l2306,7953.0,0.0,0.0,0.0,6,7951.0,7956.0,21,7952.0,7978.0,7978.0,7948.0,2907.0,115954165.0,30489
2023-05-10 21:00:34,l2306,l2306,7953.0,0.0,0.0,0.0,7,7952.0,7956.0,11,7952.0,7978.0,7978.0,7948.0,2907.0,115954165.0,30489
2023-05-10 21:00:35,l2306,l2306,7953.0,0.0,0.0,0.0,10,7952.0,7956.0,11,7952.0,7978.0,7978.0,7948.0,2907.0,115954165.0,30489
2023-05-10 21:00:35,l2306,l2306,7953.0,0.0,0.0,0.0,10,7952.0,7956.0,4,7952.0,7978.0,7978.0,7948.0,2907.0,115954165.0,30489
2023-05-10 21:00:36,l2306,l2306,7953.0,0.0,0.0,0.0,2,7953.0,7956.0,13,7952.0,7978.0,7978.0,7948.0,2907.0,115954165.0,30489
2023-05-10 21:00:36,l2306,l2306,7953.0,0.0,0.0,0.0,2,7953.0,7956.0,12,7952.0,7978.0,7978.0,7948.0,2907.0,115954165.0,30489
2023-05-10 21:00:37,l2306,l2306,7953.0,0.0,0.0,0.0,2,7953.0,7956.0,16,7952.0,7978.0,7978.0,7948.0,2907.0,115954165.0,30489
2023-05-10 21:00:39,l2306,l2306,7953.0,0.0,0.0,0.0,2,7953.0,7956.0,34,7952.0,7978.0,7978.0,7948.0,2907.0,115954165.0,30489
2023-05-10 21:00:40,l2306,l2306,7953.0,0.0,0.0,0.0,2,7954.0,7956.0,4,7952.0,7978.0,7978.0,7948.0,2907.0,115954165.0,30489
2023-05-10 21:00:40,l2306,l2306,7953.0,0.0,0.0,0.0,13,7952.0,7956.0,16,7952.0,7978.0,7978.0,7948.0,2907.0,115954165.0,30489
2023-05-10 21:00:41,l2306,l2306,7953.0,0.0,0.0,0.0,2,7953.0,7955.0,8,7952.0,7978.0,7978.0,7948.0,2907.0,115954165.0,30489
2023-05-10 21:00:41,l2306,l2306,7952.0,8.0,318090.0,6.0,18,7951.0,7952.0,6,7952.0,7978.0,7978.0,7948.0,2915.0,116272255.0,30495
2023-05-10 21:00:42,l2306,l2306,7952.0,0.0,0.0,0.0,2,7951.0,7952.0,6,7952.0,7978.0,7978.0,7948.0,2915.0,116272255.0,30495
2023-05-10 21:00:42,l2306,l2306,7952.0,0.0,0.0,0.0,1,7950.0,7952.0,7,7952.0,7978.0,7978.0,7948.0,2915.0,116272255.0,30495
2023-05-10 21:00:43,l2306,l2306,7952.0,0.0,0.0,0.0,1,7950.0,7952.0,8,7952.0,7978.0,7978.0,7948.0,2915.0,116272255.0,30495
2023-05-10 21:00:43,l2306,l2306,7952.0,0.0,0.0,0.0,1,7950.0,7952.0,14,7952.0,7978.0,7978.0,7948.0,2915.0,116272255.0,30495
2023-05-10 21:00:44,l2306,l2306,7952.0,0.0,0.0,0.0,1,7950.0,7952.0,34,7952.0,7978.0,7978.0,7948.0,2915.0,116272255.0,30495
2023-05-10 21:00:44,l2306,l2306,7952.0,0.0,0.0,0.0,1,7950.0,7952.0,8,7952.0,7978.0,7978.0,7948.0,2915.0,116272255.0,30495
2023-05-10 21:00:45,l2306,l2306,7952.0,0.0,0.0,0.0,1,7950.0,7952.0,6,7952.0,7978.0,7978.0,7948.0,2915.0,116272255.0,30495
2023-05-10 21:00:46,l2306,l2306,7952.0,0.0,0.0,0.0,1,7950.0,7953.0,29,7952.0,7978.0,7978.0,7948.0,2915.0,116272255.0,30495
2023-05-10 21:00:47,l2306,l2306,7953.0,2.0,79530.0,-2.0,1,7950.0,7953.0,10,7952.0,7978.0,7978.0,7948.0,2917.0,116351785.0,30493
2023-05-10 21:00:47,l2306,l2306,7953.0,0.0,0.0,0.0,2,7951.0,7953.0,17,7952.0,7978.0,7978.0,7948.0,2917.0,116351785.0,30493
2023-05-10 21:00:48,l2306,l2306,7953.0,0.0,0.0,0.0,1,7950.0,7953.0,25,7952.0,7978.0,7978.0,7948.0,2917.0,116351785.0,30493
2023-05-10 21:00:48,l2306,l2306,7953.0,0.0,0.0,0.0,1,7950.0,7953.0,32,7952.0,7978.0,7978.0,7948.0,2917.0,116351785.0,30493
2023-05-10 21:00:50,l2306,l2306,7953.0,0.0,0.0,0.0,2,7951.0,7953.0,14,7952.0,7978.0,7978.0,7948.0,2917.0,116351785.0,30493
2023-05-10 21:00:51,l2306,l2306,7953.0,0.0,0.0,0.0,2,7951.0,7953.0,4,7952.0,7978.0,7978.0,7948.0,2917.0,116351785.0,30493
2023-05-10 21:00:52,l2306,l2306,7953.0,0.0,0.0,0.0,7,7950.0,7953.0,4,7952.0,7978.0,7978.0,7948.0,2917.0,116351785.0,30493
2023-05-10 21:00:52,l2306,l2306,7953.0,0.0,0.0,0.0,3,7950.0,7953.0,10,7952.0,7978.0,7978.0,7948.0,2917.0,116351785.0,30493
2023-05-10 21:00:53,l2306,l2306,7953.0,0.0,0.0,0.0,1,7950.0,7953.0,39,7952.0,7978.0,7978.0,7948.0,2917.0,116351785.0,30493
2023-05-10 21:00:53,l2306,l2306,7953.0,0.0,0.0,0.0,1,7950.0,7953.0,45,7952.0,7978.0,7978.0,7948.0,2917.0,116351785.0,30493
2023-05-10 21:00:54,l2306,l2306,7953.0,0.0,0.0,0.0,2,7951.0,7953.0,39,7952.0,7978.0,7978.0,7948.0,2917.0,116351785.0,30493
2023-05-10 21:00:54,l2306,l2306,7953.0,0.0,0.0,0.0,2,7951.0,7953.0,21,7952.0,7978.0,7978.0,7948.0,2917.0,116351785.0,30493
2023-05-10 21:00:54,l2306,l2306,7953.0,0.0,0.0,0.0,2,7951.0,7953.0,15,7952.0,7978.0,7978.0,7948.0,2917.0,116351785.0,30493
2023-05-10 21:00:55,l2306,l2306,7953.0,0.0,0.0,0.0,2,7951.0,7953.0,27,7952.0,7978.0,7978.0,7948.0,2917.0,116351785.0,30493
2023-05-10 21:00:56,l2306,l2306,7953.0,0.0,0.0,0.0,9,7950.0,7953.0,33,7952.0,7978.0,7978.0,7948.0,2917.0,116351785.0,30493
2023-05-10 21:00:56,l2306,l2306,7953.0,0.0,0.0,0.0,1,7950.0,7953.0,22,7952.0,7978.0,7978.0,7948.0,2917.0,116351785.0,30493
2023-05-10 21:00:57,l2306,l2306,7953.0,0.0,0.0,0.0,1,7950.0,7953.0,16,7952.0,7978.0,7978.0,7948.0,2917.0,116351785.0,30493
2023-05-10 21:00:58,l2306,l2306,7953.0,0.0,0.0,0.0,2,7951.0,7953.0,10,7952.0,7978.0,7978.0,7948.0,2917.0,116351785.0,30493
2023-05-10 21:00:58,l2306,l2306,7953.0,0.0,0.0,0.0,2,7951.0,7953.0,4,7952.0,7978.0,7978.0,7948.0,2917.0,116351785.0,30493
2023-05-10 21:00:59,l2306,l2306,7953.0,0.0,0.0,0.0,8,7950.0,7953.0,4,7952.0,7978.0,7978.0,7948.0,2917.0,116351785.0,30493
2023-05-10 21:00:59,l2306,l2306,7953.0,0.0,0.0,0.0,9,7950.0,7953.0,4,7952.0,7978.0,7978.0,7948.0,2917.0,116351785.0,30493
2023-05-10 21:01:00,l2306,l2306,7951.0,4.0,159035.0,-4.0,2,7951.0,7953.0,22,7952.0,7978.0,7978.0,7948.0,2921.0,116510820.0,30489
2023-05-10 21:01:00,l2306,l2306,7954.0,10.0,397695.0,-7.0,4,7951.0,7955.0,87,7952.0,7978.0,7978.0,7948.0,2931.0,116908515.0,30482
2023-05-10 21:01:01,l2306,l2306,7954.0,0.0,0.0,0.0,3,7952.0,7955.0,30,7952.0,7978.0,7978.0,7948.0,2931.0,116908515.0,30482
2023-05-10 21:01:01,l2306,l2306,7954.0,0.0,0.0,0.0,30,7951.0,7955.0,18,7952.0,7978.0,7978.0,7948.0,2931.0,116908515.0,30482
2023-05-10 21:01:02,l2306,l2306,7955.0,15.0,596625.0,-4.0,13,7952.0,7956.0,6,7952.0,7978.0,7978.0,7948.0,2946.0,117505140.0,30478
2023-05-10 21:01:02,l2306,l2306,7955.0,0.0,0.0,0.0,6,7953.0,7956.0,24,7952.0,7978.0,7978.0,7948.0,2946.0,117505140.0,30478
2023-05-10 21:01:03,l2306,l2306,7955.0,0.0,0.0,0.0,6,7953.0,7956.0,6,7952.0,7978.0,7978.0,7948.0,2946.0,117505140.0,30478
2023-05-10 21:01:03,l2306,l2306,7955.0,0.0,0.0,0.0,6,7953.0,7956.0,3,7952.0,7978.0,7978.0,7948.0,2946.0,117505140.0,30478
2023-05-10 21:01:04,l2306,l2306,7955.0,0.0,0.0,0.0,1,7954.0,7956.0,3,7952.0,7978.0,7978.0,7948.0,2946.0,117505140.0,30478
2023-05-10 21:01:05,l2306,l2306,7956.0,1.0,39780.0,-1.0,1,7954.0,7956.0,4,7952.0,7978.0,7978.0,7948.0,2947.0,117544920.0,30477
2023-05-10 21:01:06,l2306,l2306,7953.0,14.0,556715.0,-6.0,20,7952.0,7953.0,1,7952.0,7978.0,7978.0,7948.0,2961.0,118101635.0,30471
2023-05-10 21:01:07,l2306,l2306,7953.0,0.0,0.0,0.0,14,7952.0,7953.0,1,7952.0,7978.0,7978.0,7948.0,2961.0,118101635.0,30471
2023-05-10 21:01:07,l2306,l2306,7953.0,0.0,0.0,0.0,2,7952.0,7953.0,1,7952.0,7978.0,7978.0,7948.0,2961.0,118101635.0,30471
2023-05-10 21:01:08,l2306,l2306,7953.0,0.0,0.0,0.0,1,7952.0,7953.0,1,7952.0,7978.0,7978.0,7948.0,2961.0,118101635.0,30471
2023-05-10 21:01:10,l2306,l2306,7953.0,0.0,0.0,0.0,6,7951.0,7953.0,1,7952.0,7978.0,7978.0,7948.0,2961.0,118101635.0,30471
2023-05-10 21:01:11,l2306,l2306,7953.0,0.0,0.0,0.0,1,7951.0,7953.0,5,7952.0,7978.0,7978.0,7948.0,2961.0,118101635.0,30471
2023-05-10 21:01:11,l2306,l2306,7953.0,0.0,0.0,0.0,7,7950.0,7952.0,4,7952.0,7978.0,7978.0,7948.0,2961.0,118101635.0,30471
2023-05-10 21:01:12,l2306,l2306,7953.0,0.0,0.0,0.0,7,7950.0,7952.0,5,7952.0,7978.0,7978.0,7948.0,2961.0,118101635.0,30471
2023-05-10 21:01:12,l2306,l2306,7953.0,0.0,0.0,0.0,1,7950.0,7952.0,8,7952.0,7978.0,7978.0,7948.0,2961.0,118101635.0,30471
2023-05-10 21:01:13,l2306,l2306,7953.0,0.0,0.0,0.0,1,7950.0,7951.0,1,7952.0,7978.0,7978.0,7948.0,2961.0,118101635.0,30471
2023-05-10 21:01:13,l2306,l2306,7953.0,0.0,0.0,0.0,7,7950.0,7951.0,1,7952.0,7978.0,7978.0,7948.0,2961.0,118101635.0,30471
2023-05-10 21:01:14,l2306,l2306,7951.0,1.0,39755.0,0.0,7,7950.0,7953.0,26,7952.0,7978.0,7978.0,7948.0,2962.0,118141390.0,30471
2023-05-10 21:01:14,l2306,l2306,7951.0,0.0,0.0,0.0,1,7951.0,7953.0,60,7952.0,7978.0,7978.0,7948.0,2962.0,118141390.0,30471
2023-05-10 21:01:15,l2306,l2306,7951.0,0.0,0.0,0.0,1,7951.0,7953.0,1,7952.0,7978.0,7978.0,7948.0,2962.0,118141390.0,30471
2023-05-10 21:01:15,l2306,l2306,7951.0,0.0,0.0,0.0,9,7951.0,7953.0,1,7952.0,7978.0,7978.0,7948.0,2962.0,118141390.0,30471
2023-05-10 21:01:16,l2306,l2306,7953.0,1.0,39765.0,-1.0,9,7951.0,7954.0,7,7952.0,7978.0,7978.0,7948.0,2963.0,118181155.0,30470
2023-05-10 21:01:16,l2306,l2306,7954.0,1.0,39770.0,0.0,15,7951.0,7955.0,49,7952.0,7978.0,7978.0,7948.0,2964.0,118220925.0,30470
2023-05-10 21:01:17,l2306,l2306,7954.0,0.0,0.0,0.0,13,7952.0,7955.0,12,7952.0,7978.0,7978.0,7948.0,2964.0,118220925.0,30470
2023-05-10 21:01:17,l2306,l2306,7954.0,0.0,0.0,0.0,1,7954.0,7955.0,6,7952.0,7978.0,7978.0,7948.0,2964.0,118220925.0,30470
2023-05-10 21:01:18,l2306,l2306,7954.0,0.0,0.0,0.0,1,7954.0,7956.0,33,7952.0,7978.0,7978.0,7948.0,2964.0,118220925.0,30470
2023-05-10 21:01:18,l2306,l2306,7956.0,1.0,39780.0,-1.0,1,7954.0,7956.0,9,7952.0,7978.0,7978.0,7948.0,2965.0,118260705.0,30469
2023-05-10 21:01:19,l2306,l2306,7956.0,0.0,0.0,0.0,2,7955.0,7957.0,21,7952.0,7978.0,7978.0,7948.0,2965.0,118260705.0,30469
2023-05-10 21:01:19,l2306,l2306,7955.0,3.0,119330.0,1.0,6,7954.0,7956.0,11,7952.0,7978.0,7978.0,7948.0,2968.0,118380035.0,30470
2023-05-10 21:01:20,l2306,l2306,7955.0,0.0,0.0,0.0,6,7953.0,7956.0,42,7952.0,7978.0,7978.0,7948.0,2968.0,118380035.0,30470
2023-05-10 21:01:20,l2306,l2306,7955.0,0.0,0.0,0.0,1,7953.0,7956.0,76,7952.0,7978.0,7978.0,7948.0,2968.0,118380035.0,30470
2023-05-10 21:01:21,l2306,l2306,7955.0,0.0,0.0,0.0,3,7953.0,7956.0,32,7952.0,7978.0,7978.0,7948.0,2968.0,118380035.0,30470
2023-05-10 21:01:21,l2306,l2306,7955.0,0.0,0.0,0.0,1,7953.0,7956.0,32,7952.0,7978.0,7978.0,7948.0,2968.0,118380035.0,30470
2023-05-10 21:01:22,l2306,l2306,7955.0,0.0,0.0,0.0,1,7953.0,7956.0,26,7952.0,7978.0,7978.0,7948.0,2968.0,118380035.0,30470
2023-05-10 21:01:22,l2306,l2306,7955.0,0.0,0.0,0.0,3,7953.0,7956.0,26,7952.0,7978.0,7978.0,7948.0,2968.0,118380035.0,30470
2023-05-10 21:01:23,l2306,l2306,7955.0,0.0,0.0,0.0,1,7953.0,7956.0,26,7952.0,7978.0,7978.0,7948.0,2968.0,118380035.0,30470
2023-05-10 21:01:24,l2306,l2306,7955.0,0.0,0.0,0.0,9,7953.0,7956.0,15,7952.0,7978.0,7978.0,7948.0,2968.0,118380035.0,30470
2023-05-10 21:01:24,l2306,l2306,7955.0,0.0,0.0,0.0,9,7953.0,7956.0,9,7952.0,7978.0,7978.0,7948.0,2968.0,118380035.0,30470
2023-05-10 21:01:25,l2306,l2306,7955.0,0.0,0.0,0.0,9,7953.0,7956.0,3,7952.0,7978.0,7978.0,7948.0,2968.0,118380035.0,30470
2023-05-10 21:01:25,l2306,l2306,7955.0,0.0,0.0,0.0,7,7953.0,7956.0,39,7952.0,7978.0,7978.0,7948.0,2968.0,118380035.0,30470
2023-05-10 21:01:26,l2306,l2306,7955.0,0.0,0.0,0.0,14,7952.0,7956.0,47,7952.0,7978.0,7978.0,7948.0,2968.0,118380035.0,30470
2023-05-10 21:01:26,l2306,l2306,7955.0,0.0,0.0,0.0,8,7952.0,7956.0,47,7952.0,7978.0,7978.0,7948.0,2968.0,118380035.0,30470
2023-05-10 21:01:27,l2306,l2306,7955.0,0.0,0.0,0.0,8,7952.0,7956.0,41,7952.0,7978.0,7978.0,7948.0,2968.0,118380035.0,30470
2023-05-10 21:01:28,l2306,l2306,7955.0,0.0,0.0,0.0,6,7952.0,7955.0,30,7952.0,7978.0,7978.0,7948.0,2968.0,118380035.0,30470
2023-05-10 21:01:28,l2306,l2306,7952.0,1.0,39760.0,-1.0,14,7951.0,7952.0,1,7952.0,7978.0,7978.0,7948.0,2969.0,118419795.0,30469
2023-05-10 21:01:29,l2306,l2306,7952.0,0.0,0.0,0.0,6,7951.0,7952.0,1,7952.0,7978.0,7978.0,7948.0,2969.0,118419795.0,30469
2023-05-10 21:01:29,l2306,l2306,7952.0,0.0,0.0,0.0,31,7950.0,7952.0,1,7952.0,7978.0,7978.0,7948.0,2969.0,118419795.0,30469
2023-05-10 21:01:30,l2306,l2306,7952.0,0.0,0.0,0.0,1,7950.0,7952.0,2,7952.0,7978.0,7978.0,7948.0,2969.0,118419795.0,30469
2023-05-10 21:01:30,l2306,l2306,7952.0,0.0,0.0,0.0,3,7950.0,7952.0,2,7952.0,7978.0,7978.0,7948.0,2969.0,118419795.0,30469
2023-05-10 21:01:31,l2306,l2306,7952.0,0.0,0.0,0.0,1,7951.0,7952.0,1,7952.0,7978.0,7978.0,7948.0,2969.0,118419795.0,30469
2023-05-10 21:01:31,l2306,l2306,7952.0,1.0,39760.0,-1.0,1,7951.0,7953.0,22,7952.0,7978.0,7978.0,7948.0,2970.0,118459555.0,30468
2023-05-10 21:01:32,l2306,l2306,7952.0,0.0,0.0,0.0,1,7951.0,7953.0,1,7952.0,7978.0,7978.0,7948.0,2970.0,118459555.0,30468
2023-05-10 21:01:32,l2306,l2306,7952.0,0.0,0.0,0.0,1,7951.0,7953.0,8,7952.0,7978.0,7978.0,7948.0,2970.0,118459555.0,30468
2023-05-10 21:01:33,l2306,l2306,7952.0,0.0,0.0,0.0,5,7951.0,7953.0,4,7952.0,7978.0,7978.0,7948.0,2970.0,118459555.0,30468
2023-05-10 21:01:33,l2306,l2306,7954.0,4.0,159080.0,-1.0,19,7951.0,7954.0,3,7952.0,7978.0,7978.0,7948.0,2974.0,118618635.0,30467
2023-05-10 21:01:34,l2306,l2306,7954.0,0.0,0.0,0.0,17,7951.0,7954.0,15,7952.0,7978.0,7978.0,7948.0,2974.0,118618635.0,30467
2023-05-10 21:01:34,l2306,l2306,7954.0,0.0,0.0,0.0,19,7951.0,7954.0,11,7952.0,7978.0,7978.0,7948.0,2974.0,118618635.0,30467
2023-05-10 21:01:35,l2306,l2306,7954.0,0.0,0.0,0.0,1,7952.0,7953.0,5,7952.0,7978.0,7978.0,7948.0,2974.0,118618635.0,30467
2023-05-10 21:01:36,l2306,l2306,7954.0,0.0,0.0,0.0,1,7952.0,7953.0,12,7952.0,7978.0,7978.0,7948.0,2974.0,118618635.0,30467
2023-05-10 21:01:36,l2306,l2306,7954.0,0.0,0.0,0.0,23,7951.0,7953.0,9,7952.0,7978.0,7978.0,7948.0,2974.0,118618635.0,30467
2023-05-10 21:01:37,l2306,l2306,7953.0,9.0,357885.0,-9.0,1,7952.0,7954.0,34,7952.0,7978.0,7978.0,7948.0,2983.0,118976520.0,30458
2023-05-10 21:01:37,l2306,l2306,7953.0,0.0,0.0,0.0,5,7952.0,7954.0,10,7952.0,7978.0,7978.0,7948.0,2983.0,118976520.0,30458
2023-05-10 21:01:38,l2306,l2306,7953.0,0.0,0.0,0.0,1,7952.0,7954.0,15,7952.0,7978.0,7978.0,7948.0,2983.0,118976520.0,30458
2023-05-10 21:01:39,l2306,l2306,7953.0,0.0,0.0,0.0,1,7952.0,7954.0,13,7952.0,7978.0,7978.0,7948.0,2983.0,118976520.0,30458
2023-05-10 21:01:39,l2306,l2306,7953.0,0.0,0.0,0.0,1,7952.0,7954.0,15,7952.0,7978.0,7978.0,7948.0,2983.0,118976520.0,30458
2023-05-10 21:01:40,l2306,l2306,7953.0,0.0,0.0,0.0,17,7951.0,7954.0,30,7952.0,7978.0,7978.0,7948.0,2983.0,118976520.0,30458
2023-05-10 21:01:41,l2306,l2306,7953.0,0.0,0.0,0.0,5,7951.0,7954.0,49,7952.0,7978.0,7978.0,7948.0,2983.0,118976520.0,30458
2023-05-10 21:01:41,l2306,l2306,7953.0,0.0,0.0,0.0,5,7951.0,7954.0,36,7952.0,7978.0,7978.0,7948.0,2983.0,118976520.0,30458
2023-05-10 21:01:42,l2306,l2306,7953.0,0.0,0.0,0.0,7,7951.0,7954.0,45,7952.0,7978.0,7978.0,7948.0,2983.0,118976520.0,30458
2023-05-10 21:01:42,l2306,l2306,7953.0,0.0,0.0,0.0,1,7951.0,7954.0,60,7952.0,7978.0,7978.0,7948.0,2983.0,118976520.0,30458
2023-05-10 21:01:43,l2306,l2306,7953.0,0.0,0.0,0.0,45,7950.0,7954.0,57,7952.0,7978.0,7978.0,7948.0,2983.0,118976520.0,30458
2023-05-10 21:01:43,l2306,l2306,7953.0,0.0,0.0,0.0,40,7950.0,7954.0,57,7952.0,7978.0,7978.0,7948.0,2983.0,118976520.0,30458
2023-05-10 21:01:44,l2306,l2306,7953.0,0.0,0.0,0.0,25,7950.0,7953.0,30,7952.0,7978.0,7978.0,7948.0,2983.0,118976520.0,30458
2023-05-10 21:01:44,l2306,l2306,7953.0,0.0,0.0,0.0,1,7950.0,7952.0,29,7952.0,7978.0,7978.0,7948.0,2983.0,118976520.0,30458
2023-05-10 21:01:45,l2306,l2306,7953.0,0.0,0.0,0.0,1,7950.0,7952.0,17,7952.0,7978.0,7978.0,7948.0,2983.0,118976520.0,30458
2023-05-10 21:01:45,l2306,l2306,7953.0,0.0,0.0,0.0,1,7950.0,7952.0,23,7952.0,7978.0,7978.0,7948.0,2983.0,118976520.0,30458
2023-05-10 21:01:46,l2306,l2306,7953.0,0.0,0.0,0.0,1,7950.0,7952.0,17,7952.0,7978.0,7978.0,7948.0,2983.0,118976520.0,30458
2023-05-10 21:01:47,l2306,l2306,7953.0,0.0,0.0,0.0,1,7950.0,7952.0,15,7952.0,7978.0,7978.0,7948.0,2983.0,118976520.0,30458
2023-05-10 21:01:48,l2306,l2306,7953.0,0.0,0.0,0.0,2,7951.0,7952.0,12,7952.0,7978.0,7978.0,7948.0,2983.0,118976520.0,30458
2023-05-10 21:01:48,l2306,l2306,7953.0,0.0,0.0,0.0,11,7950.0,7952.0,12,7952.0,7978.0,7978.0,7948.0,2983.0,118976520.0,30458
2023-05-10 21:01:49,l2306,l2306,7953.0,0.0,0.0,0.0,1,7950.0,7952.0,34,7952.0,7978.0,7978.0,7948.0,2983.0,118976520.0,30458
2023-05-10 21:01:49,l2306,l2306,7953.0,0.0,0.0,0.0,2,7951.0,7952.0,12,7952.0,7978.0,7978.0,7948.0,2983.0,118976520.0,30458
2023-05-10 21:01:50,l2306,l2306,7953.0,0.0,0.0,0.0,2,7951.0,7952.0,9,7952.0,7978.0,7978.0,7948.0,2983.0,118976520.0,30458
2023-05-10 21:01:50,l2306,l2306,7953.0,0.0,0.0,0.0,23,7950.0,7952.0,12,7952.0,7978.0,7978.0,7948.0,2983.0,118976520.0,30458
2023-05-10 21:01:51,l2306,l2306,7953.0,0.0,0.0,0.0,17,7950.0,7952.0,12,7952.0,7978.0,7978.0,7948.0,2983.0,118976520.0,30458
2023-05-10 21:01:51,l2306,l2306,7953.0,0.0,0.0,0.0,25,7950.0,7952.0,12,7952.0,7978.0,7978.0,7948.0,2983.0,118976520.0,30458
2023-05-10 21:01:52,l2306,l2306,7953.0,1.0,39765.0,-1.0,2,7951.0,7952.0,11,7952.0,7978.0,7978.0,7948.0,2984.0,119016285.0,30457
2023-05-10 21:01:53,l2306,l2306,7952.0,10.0,397600.0,0.0,8,7951.0,7953.0,6,7952.0,7978.0,7978.0,7948.0,2994.0,119413885.0,30457
2023-05-10 21:01:53,l2306,l2306,7952.0,0.0,0.0,0.0,2,7951.0,7953.0,14,7952.0,7978.0,7978.0,7948.0,2994.0,119413885.0,30457
2023-05-10 21:01:54,l2306,l2306,7952.0,0.0,0.0,0.0,2,7951.0,7953.0,20,7952.0,7978.0,7978.0,7948.0,2994.0,119413885.0,30457
2023-05-10 21:01:54,l2306,l2306,7952.0,0.0,0.0,0.0,2,7951.0,7953.0,22,7952.0,7978.0,7978.0,7948.0,2994.0,119413885.0,30457
2023-05-10 21:01:55,l2306,l2306,7952.0,0.0,0.0,0.0,2,7951.0,7952.0,6,7952.0,7978.0,7978.0,7948.0,2994.0,119413885.0,30457
2023-05-10 21:01:55,l2306,l2306,7952.0,0.0,0.0,0.0,2,7951.0,7952.0,18,7952.0,7978.0,7978.0,7948.0,2994.0,119413885.0,30457
2023-05-10 21:01:56,l2306,l2306,7951.0,2.0,79510.0,-2.0,5,7950.0,7952.0,20,7952.0,7978.0,7978.0,7948.0,2996.0,119493395.0,30455
2023-05-10 21:01:56,l2306,l2306,7951.0,0.0,0.0,0.0,1,7950.0,7952.0,14,7952.0,7978.0,7978.0,7948.0,2996.0,119493395.0,30455
2023-05-10 21:01:57,l2306,l2306,7951.0,0.0,0.0,0.0,1,7950.0,7952.0,20,7952.0,7978.0,7978.0,7948.0,2996.0,119493395.0,30455
2023-05-10 21:01:58,l2306,l2306,7951.0,0.0,0.0,0.0,1,7950.0,7952.0,12,7952.0,7978.0,7978.0,7948.0,2996.0,119493395.0,30455
2023-05-10 21:01:58,l2306,l2306,7951.0,0.0,0.0,0.0,1,7950.0,7952.0,14,7952.0,7978.0,7978.0,7948.0,2996.0,119493395.0,30455
2023-05-10 21:02:00,l2306,l2306,7951.0,0.0,0.0,0.0,1,7950.0,7952.0,32,7952.0,7978.0,7978.0,7948.0,2996.0,119493395.0,30455
2023-05-10 21:02:01,l2306,l2306,7950.0,1.0,39750.0,-1.0,6,7949.0,7951.0,2,7952.0,7978.0,7978.0,7948.0,2997.0,119533145.0,30454
2023-05-10 21:02:01,l2306,l2306,7949.0,6.0,238470.0,-6.0,6,7948.0,7949.0,15,7952.0,7978.0,7978.0,7948.0,3003.0,119771615.0,30448
2023-05-10 21:02:02,l2306,l2306,7949.0,0.0,0.0,0.0,32,7947.0,7949.0,15,7952.0,7978.0,7978.0,7948.0,3003.0,119771615.0,30448
2023-05-10 21:02:02,l2306,l2306,7949.0,15.0,596175.0,3.0,14,7948.0,7950.0,12,7952.0,7978.0,7978.0,7948.0,3018.0,120367790.0,30451
2023-05-10 21:02:03,l2306,l2306,7949.0,0.0,0.0,0.0,16,7948.0,7950.0,12,7952.0,7978.0,7978.0,7948.0,3018.0,120367790.0,30451
2023-05-10 21:02:03,l2306,l2306,7949.0,0.0,0.0,0.0,29,7948.0,7950.0,9,7952.0,7978.0,7978.0,7948.0,3018.0,120367790.0,30451
2023-05-10 21:02:04,l2306,l2306,7949.0,0.0,0.0,0.0,23,7948.0,7950.0,12,7952.0,7978.0,7978.0,7948.0,3018.0,120367790.0,30451
2023-05-10 21:02:05,l2306,l2306,7949.0,0.0,0.0,0.0,30,7948.0,7950.0,12,7952.0,7978.0,7978.0,7948.0,3018.0,120367790.0,30451
2023-05-10 21:02:06,l2306,l2306,7949.0,0.0,0.0,0.0,18,7948.0,7950.0,12,7952.0,7978.0,7978.0,7948.0,3018.0,120367790.0,30451
2023-05-10 21:02:07,l2306,l2306,7947.0,45.0,1788150.0,-11.0,6,7947.0,7948.0,18,7952.0,7978.0,7978.0,7947.0,3063.0,122155940.0,30440
2023-05-10 21:02:07,l2306,l2306,7947.0,0.0,0.0,0.0,3,7946.0,7948.0,30,7952.0,7978.0,7978.0,7947.0,3063.0,122155940.0,30440
2023-05-10 21:02:08,l2306,l2306,7947.0,0.0,0.0,0.0,3,7946.0,7948.0,32,7952.0,7978.0,7978.0,7947.0,3063.0,122155940.0,30440
2023-05-10 21:02:09,l2306,l2306,7948.0,1.0,39740.0,-1.0,3,7946.0,7948.0,37,7952.0,7978.0,7978.0,7947.0,3064.0,122195680.0,30439
2023-05-10 21:02:09,l2306,l2306,7948.0,0.0,0.0,0.0,13,7946.0,7948.0,17,7952.0,7978.0,7978.0,7947.0,3064.0,122195680.0,30439
2023-05-10 21:02:10,l2306,l2306,7948.0,0.0,0.0,0.0,7,7946.0,7948.0,14,7952.0,7978.0,7978.0,7947.0,3064.0,122195680.0,30439
2023-05-10 21:02:10,l2306,l2306,7948.0,0.0,0.0,0.0,7,7946.0,7948.0,32,7952.0,7978.0,7978.0,7947.0,3064.0,122195680.0,30439
2023-05-10 21:02:11,l2306,l2306,7948.0,0.0,0.0,0.0,7,7946.0,7948.0,26,7952.0,7978.0,7978.0,7947.0,3064.0,122195680.0,30439
2023-05-10 21:02:11,l2306,l2306,7948.0,0.0,0.0,0.0,7,7946.0,7948.0,20,7952.0,7978.0,7978.0,7947.0,3064.0,122195680.0,30439
2023-05-10 21:02:12,l2306,l2306,7948.0,0.0,0.0,0.0,3,7946.0,7948.0,26,7952.0,7978.0,7978.0,7947.0,3064.0,122195680.0,30439
2023-05-10 21:02:14,l2306,l2306,7948.0,0.0,0.0,0.0,1,7946.0,7948.0,34,7952.0,7978.0,7978.0,7947.0,3064.0,122195680.0,30439
2023-05-10 21:02:14,l2306,l2306,7948.0,0.0,0.0,0.0,31,7945.0,7947.0,6,7952.0,7978.0,7978.0,7947.0,3064.0,122195680.0,30439
2023-05-10 21:02:15,l2306,l2306,7948.0,0.0,0.0,0.0,1,7945.0,7947.0,20,7952.0,7978.0,7978.0,7947.0,3064.0,122195680.0,30439
2023-05-10 21:02:15,l2306,l2306,7948.0,0.0,0.0,0.0,1,7945.0,7947.0,32,7952.0,7978.0,7978.0,7947.0,3064.0,122195680.0,30439
2023-05-10 21:02:16,l2306,l2306,7948.0,0.0,0.0,0.0,1,7945.0,7946.0,6,7952.0,7978.0,7978.0,7947.0,3064.0,122195680.0,30439
2023-05-10 21:02:16,l2306,l2306,7948.0,0.0,0.0,0.0,1,7945.0,7946.0,18,7952.0,7978.0,7978.0,7947.0,3064.0,122195680.0,30439
2023-05-10 21:02:17,l2306,l2306,7945.0,1.0,39725.0,-1.0,3,7944.0,7946.0,20,7952.0,7978.0,7978.0,7945.0,3065.0,122235405.0,30438
2023-05-10 21:02:17,l2306,l2306,7945.0,0.0,0.0,0.0,1,7944.0,7945.0,6,7952.0,7978.0,7978.0,7945.0,3065.0,122235405.0,30438
2023-05-10 21:02:18,l2306,l2306,7945.0,0.0,0.0,0.0,1,7944.0,7945.0,17,7952.0,7978.0,7978.0,7945.0,3065.0,122235405.0,30438
2023-05-10 21:02:18,l2306,l2306,7945.0,0.0,0.0,0.0,48,7942.0,7945.0,37,7952.0,7978.0,7978.0,7945.0,3065.0,122235405.0,30438
2023-05-10 21:02:19,l2306,l2306,7945.0,0.0,0.0,0.0,21,7942.0,7945.0,55,7952.0,7978.0,7978.0,7945.0,3065.0,122235405.0,30438
2023-05-10 21:02:19,l2306,l2306,7945.0,0.0,0.0,0.0,1,7944.0,7945.0,61,7952.0,7978.0,7978.0,7945.0,3065.0,122235405.0,30438
2023-05-10 21:02:20,l2306,l2306,7945.0,0.0,0.0,0.0,1,7944.0,7945.0,49,7952.0,7978.0,7978.0,7945.0,3065.0,122235405.0,30438
2023-05-10 21:02:21,l2306,l2306,7945.0,0.0,0.0,0.0,1,7944.0,7945.0,41,7952.0,7978.0,7978.0,7945.0,3065.0,122235405.0,30438
2023-05-10 21:02:21,l2306,l2306,7945.0,0.0,0.0,0.0,1,7944.0,7945.0,49,7952.0,7978.0,7978.0,7945.0,3065.0,122235405.0,30438
2023-05-10 21:02:22,l2306,l2306,7944.0,1.0,39720.0,1.0,2,7943.0,7944.0,6,7952.0,7978.0,7978.0,7944.0,3066.0,122275125.0,30439
2023-05-10 21:02:22,l2306,l2306,7944.0,0.0,0.0,0.0,24,7942.0,7945.0,53,7952.0,7978.0,7978.0,7944.0,3066.0,122275125.0,30439
2023-05-10 21:02:23,l2306,l2306,7944.0,0.0,0.0,0.0,6,7942.0,7945.0,73,7952.0,7978.0,7978.0,7944.0,3066.0,122275125.0,30439
2023-05-10 21:02:23,l2306,l2306,7944.0,0.0,0.0,0.0,2,7943.0,7945.0,67,7952.0,7978.0,7978.0,7944.0,3066.0,122275125.0,30439
2023-05-10 21:02:24,l2306,l2306,7944.0,0.0,0.0,0.0,6,7943.0,7945.0,61,7952.0,7978.0,7978.0,7944.0,3066.0,122275125.0,30439
2023-05-10 21:02:24,l2306,l2306,7944.0,0.0,0.0,0.0,2,7943.0,7944.0,6,7952.0,7978.0,7978.0,7944.0,3066.0,122275125.0,30439
2023-05-10 21:02:25,l2306,l2306,7944.0,6.0,238320.0,-6.0,2,7943.0,7945.0,59,7952.0,7978.0,7978.0,7944.0,3072.0,122513445.0,30433
2023-05-10 21:02:25,l2306,l2306,7945.0,1.0,39725.0,0.0,18,7943.0,7945.0,22,7952.0,7978.0,7978.0,7944.0,3073.0,122553170.0,30433
2023-05-10 21:02:26,l2306,l2306,7945.0,0.0,0.0,0.0,12,7944.0,7945.0,8,7952.0,7978.0,7978.0,7944.0,3073.0,122553170.0,30433
2023-05-10 21:02:26,l2306,l2306,7945.0,0.0,0.0,0.0,24,7943.0,7945.0,14,7952.0,7978.0,7978.0,7944.0,3073.0,122553170.0,30433
2023-05-10 21:02:27,l2306,l2306,7945.0,0.0,0.0,0.0,12,7943.0,7945.0,13,7952.0,7978.0,7978.0,7944.0,3073.0,122553170.0,30433
2023-05-10 21:02:27,l2306,l2306,7945.0,0.0,0.0,0.0,59,7942.0,7945.0,37,7952.0,7978.0,7978.0,7944.0,3073.0,122553170.0,30433
2023-05-10 21:02:28,l2306,l2306,7945.0,0.0,0.0,0.0,58,7942.0,7945.0,43,7952.0,7978.0,7978.0,7944.0,3073.0,122553170.0,30433
2023-05-10 21:02:28,l2306,l2306,7945.0,0.0,0.0,0.0,2,7943.0,7945.0,31,7952.0,7978.0,7978.0,7944.0,3073.0,122553170.0,30433
2023-05-10 21:02:29,l2306,l2306,7945.0,0.0,0.0,0.0,55,7942.0,7945.0,31,7952.0,7978.0,7978.0,7944.0,3073.0,122553170.0,30433
2023-05-10 21:02:29,l2306,l2306,7945.0,0.0,0.0,0.0,61,7942.0,7945.0,25,7952.0,7978.0,7978.0,7944.0,3073.0,122553170.0,30433
2023-05-10 21:02:30,l2306,l2306,7945.0,0.0,0.0,0.0,57,7942.0,7945.0,31,7952.0,7978.0,7978.0,7944.0,3073.0,122553170.0,30433
2023-05-10 21:02:30,l2306,l2306,7945.0,0.0,0.0,0.0,6,7943.0,7945.0,19,7952.0,7978.0,7978.0,7944.0,3073.0,122553170.0,30433
2023-05-10 21:02:31,l2306,l2306,7945.0,19.0,754775.0,-19.0,6,7945.0,7946.0,33,7952.0,7978.0,7978.0,7944.0,3092.0,123307945.0,30414
2023-05-10 21:02:31,l2306,l2306,7945.0,0.0,0.0,0.0,9,7945.0,7947.0,63,7952.0,7978.0,7978.0,7944.0,3092.0,123307945.0,30414
2023-05-10 21:02:32,l2306,l2306,7945.0,0.0,0.0,0.0,9,7945.0,7947.0,57,7952.0,7978.0,7978.0,7944.0,3092.0,123307945.0,30414
2023-05-10 21:02:32,l2306,l2306,7946.0,3.0,119180.0,0.0,14,7945.0,7946.0,12,7952.0,7978.0,7978.0,7944.0,3095.0,123427125.0,30414
2023-05-10 21:02:33,l2306,l2306,7946.0,0.0,0.0,0.0,14,7945.0,7946.0,14,7952.0,7978.0,7978.0,7944.0,3095.0,123427125.0,30414
2023-05-10 21:02:33,l2306,l2306,7946.0,0.0,0.0,0.0,15,7945.0,7946.0,16,7952.0,7978.0,7978.0,7944.0,3095.0,123427125.0,30414
2023-05-10 21:02:34,l2306,l2306,7945.0,11.0,436975.0,-2.0,75,7943.0,7946.0,14,7952.0,7978.0,7978.0,7944.0,3106.0,123864100.0,30412
2023-05-10 21:02:34,l2306,l2306,7945.0,0.0,0.0,0.0,33,7943.0,7945.0,2,7952.0,7978.0,7978.0,7944.0,3106.0,123864100.0,30412
2023-05-10 21:02:35,l2306,l2306,7945.0,0.0,0.0,0.0,39,7943.0,7946.0,24,7952.0,7978.0,7978.0,7944.0,3106.0,123864100.0,30412
2023-05-10 21:02:35,l2306,l2306,7945.0,0.0,0.0,0.0,75,7943.0,7946.0,12,7952.0,7978.0,7978.0,7944.0,3106.0,123864100.0,30412
2023-05-10 21:02:36,l2306,l2306,7946.0,12.0,476760.0,-12.0,16,7944.0,7947.0,54,7952.0,7978.0,7978.0,7944.0,3118.0,124340860.0,30400
2023-05-10 21:02:36,l2306,l2306,7944.0,4.0,158880.0,2.0,67,7943.0,7946.0,11,7952.0,7978.0,7978.0,7944.0,3122.0,124499740.0,30402
2023-05-10 21:02:37,l2306,l2306,7944.0,0.0,0.0,0.0,35,7943.0,7945.0,11,7952.0,7978.0,7978.0,7944.0,3122.0,124499740.0,30402
2023-05-10 21:02:37,l2306,l2306,7944.0,0.0,0.0,0.0,5,7943.0,7945.0,11,7952.0,7978.0,7978.0,7944.0,3122.0,124499740.0,30402
2023-05-10 21:02:38,l2306,l2306,7944.0,0.0,0.0,0.0,3,7943.0,7945.0,11,7952.0,7978.0,7978.0,7944.0,3122.0,124499740.0,30402
2023-05-10 21:02:38,l2306,l2306,7944.0,0.0,0.0,0.0,10,7943.0,7945.0,11,7952.0,7978.0,7978.0,7944.0,3122.0,124499740.0,30402
2023-05-10 21:02:39,l2306,l2306,7944.0,0.0,0.0,0.0,13,7943.0,7946.0,59,7952.0,7978.0,7978.0,7944.0,3122.0,124499740.0,30402
2023-05-10 21:02:39,l2306,l2306,7944.0,0.0,0.0,0.0,29,7943.0,7946.0,41,7952.0,7978.0,7978.0,7944.0,3122.0,124499740.0,30402
2023-05-10 21:02:40,l2306,l2306,7946.0,38.0,1509740.0,7.0,5,7946.0,7947.0,23,7952.0,7978.0,7978.0,7944.0,3160.0,126009480.0,30409
2023-05-10 21:02:40,l2306,l2306,7946.0,5.0,198650.0,0.0,5,7946.0,7947.0,9,7952.0,7978.0,7978.0,7944.0,3165.0,126208130.0,30409
2023-05-10 21:02:41,l2306,l2306,7946.0,0.0,0.0,0.0,11,7946.0,7947.0,9,7952.0,7978.0,7978.0,7944.0,3165.0,126208130.0,30409
2023-05-10 21:02:41,l2306,l2306,7946.0,11.0,437030.0,-11.0,12,7945.0,7947.0,9,7952.0,7978.0,7978.0,7944.0,3176.0,126645160.0,30398
2023-05-10 21:02:42,l2306,l2306,7946.0,0.0,0.0,0.0,54,7944.0,7947.0,9,7952.0,7978.0,7978.0,7944.0,3176.0,126645160.0,30398
2023-05-10 21:02:42,l2306,l2306,7946.0,0.0,0.0,0.0,44,7944.0,7947.0,15,7952.0,7978.0,7978.0,7944.0,3176.0,126645160.0,30398
2023-05-10 21:02:43,l2306,l2306,7946.0,0.0,0.0,0.0,70,7944.0,7947.0,9,7952.0,7978.0,7978.0,7944.0,3176.0,126645160.0,30398
2023-05-10 21:02:43,l2306,l2306,7946.0,0.0,0.0,0.0,74,7944.0,7947.0,9,7952.0,7978.0,7978.0,7944.0,3176.0,126645160.0,30398
2023-05-10 21:02:44,l2306,l2306,7946.0,0.0,0.0,0.0,68,7944.0,7947.0,9,7952.0,7978.0,7978.0,7944.0,3176.0,126645160.0,30398
2023-05-10 21:02:44,l2306,l2306,7946.0,0.0,0.0,0.0,57,7944.0,7947.0,15,7952.0,7978.0,7978.0,7944.0,3176.0,126645160.0,30398
2023-05-10 21:02:45,l2306,l2306,7946.0,0.0,0.0,0.0,63,7944.0,7947.0,15,7952.0,7978.0,7978.0,7944.0,3176.0,126645160.0,30398
2023-05-10 21:02:45,l2306,l2306,7946.0,0.0,0.0,0.0,71,7944.0,7947.0,9,7952.0,7978.0,7978.0,7944.0,3176.0,126645160.0,30398
2023-05-10 21:02:46,l2306,l2306,7946.0,0.0,0.0,0.0,6,7945.0,7947.0,9,7952.0,7978.0,7978.0,7944.0,3176.0,126645160.0,30398
2023-05-10 21:02:46,l2306,l2306,7946.0,0.0,0.0,0.0,10,7945.0,7947.0,9,7952.0,7978.0,7978.0,7944.0,3176.0,126645160.0,30398
2023-05-10 21:02:47,l2306,l2306,7946.0,0.0,0.0,0.0,12,7945.0,7947.0,9,7952.0,7978.0,7978.0,7944.0,3176.0,126645160.0,30398
2023-05-10 21:02:47,l2306,l2306,7946.0,0.0,0.0,0.0,4,7945.0,7947.0,21,7952.0,7978.0,7978.0,7944.0,3176.0,126645160.0,30398
2023-05-10 21:02:48,l2306,l2306,7946.0,0.0,0.0,0.0,4,7945.0,7947.0,15,7952.0,7978.0,7978.0,7944.0,3176.0,126645160.0,30398
2023-05-10 21:02:49,l2306,l2306,7946.0,0.0,0.0,0.0,4,7945.0,7947.0,37,7952.0,7978.0,7978.0,7944.0,3176.0,126645160.0,30398
2023-05-10 21:02:49,l2306,l2306,7945.0,4.0,158900.0,-4.0,31,7944.0,7947.0,56,7952.0,7978.0,7978.0,7944.0,3180.0,126804060.0,30394
2023-05-10 21:02:50,l2306,l2306,7945.0,0.0,0.0,0.0,7,7944.0,7946.0,8,7952.0,7978.0,7978.0,7944.0,3180.0,126804060.0,30394
2023-05-10 21:02:51,l2306,l2306,7945.0,0.0,0.0,0.0,8,7944.0,7946.0,8,7952.0,7978.0,7978.0,7944.0,3180.0,126804060.0,30394
2023-05-10 21:02:51,l2306,l2306,7945.0,0.0,0.0,0.0,10,7944.0,7946.0,8,7952.0,7978.0,7978.0,7944.0,3180.0,126804060.0,30394
2023-05-10 21:02:51,l2306,l2306,7945.0,0.0,0.0,0.0,12,7944.0,7946.0,8,7952.0,7978.0,7978.0,7944.0,3180.0,126804060.0,30394
2023-05-10 21:02:53,l2306,l2306,7944.0,3.0,119160.0,0.0,7,7944.0,7946.0,24,7952.0,7978.0,7978.0,7944.0,3183.0,126923220.0,30394
2023-05-10 21:02:53,l2306,l2306,7944.0,0.0,0.0,0.0,10,7944.0,7946.0,18,7952.0,7978.0,7978.0,7944.0,3183.0,126923220.0,30394
2023-05-10 21:02:54,l2306,l2306,7944.0,0.0,0.0,0.0,11,7944.0,7946.0,11,7952.0,7978.0,7978.0,7944.0,3183.0,126923220.0,30394
2023-05-10 21:02:55,l2306,l2306,7944.0,0.0,0.0,0.0,13,7944.0,7946.0,5,7952.0,7978.0,7978.0,7944.0,3183.0,126923220.0,30394
2023-05-10 21:02:55,l2306,l2306,7944.0,0.0,0.0,0.0,14,7944.0,7946.0,5,7952.0,7978.0,7978.0,7944.0,3183.0,126923220.0,30394
2023-05-10 21:02:57,l2306,l2306,7944.0,0.0,0.0,0.0,14,7944.0,7946.0,4,7952.0,7978.0,7978.0,7944.0,3183.0,126923220.0,30394
2023-05-10 21:02:58,l2306,l2306,7944.0,0.0,0.0,0.0,15,7944.0,7946.0,4,7952.0,7978.0,7978.0,7944.0,3183.0,126923220.0,30394
2023-05-10 21:02:59,l2306,l2306,7944.0,0.0,0.0,0.0,45,7944.0,7947.0,42,7952.0,7978.0,7978.0,7944.0,3183.0,126923220.0,30394
2023-05-10 21:02:59,l2306,l2306,7944.0,0.0,0.0,0.0,16,7945.0,7948.0,76,7952.0,7978.0,7978.0,7944.0,3183.0,126923220.0,30394
2023-05-10 21:03:00,l2306,l2306,7944.0,0.0,0.0,0.0,18,7945.0,7948.0,74,7952.0,7978.0,7978.0,7944.0,3183.0,126923220.0,30394
2023-05-10 21:03:00,l2306,l2306,7944.0,0.0,0.0,0.0,18,7945.0,7948.0,78,7952.0,7978.0,7978.0,7944.0,3183.0,126923220.0,30394
2023-05-10 21:03:01,l2306,l2306,7944.0,0.0,0.0,0.0,16,7945.0,7948.0,82,7952.0,7978.0,7978.0,7944.0,3183.0,126923220.0,30394
2023-05-10 21:03:01,l2306,l2306,7944.0,0.0,0.0,0.0,28,7945.0,7948.0,67,7952.0,7978.0,7978.0,7944.0,3183.0,126923220.0,30394
2023-05-10 21:03:02,l2306,l2306,7944.0,0.0,0.0,0.0,34,7945.0,7948.0,64,7952.0,7978.0,7978.0,7944.0,3183.0,126923220.0,30394
2023-05-10 21:03:02,l2306,l2306,7944.0,0.0,0.0,0.0,7,7945.0,7947.0,16,7952.0,7978.0,7978.0,7944.0,3183.0,126923220.0,30394
2023-05-10 21:03:03,l2306,l2306,7945.0,6.0,238350.0,-2.0,1,7945.0,7946.0,3,7952.0,7978.0,7978.0,7944.0,3189.0,127161570.0,30392
2023-05-10 21:03:03,l2306,l2306,7945.0,0.0,0.0,0.0,1,7945.0,7946.0,8,7952.0,7978.0,7978.0,7944.0,3189.0,127161570.0,30392
2023-05-10 21:03:04,l2306,l2306,7945.0,0.0,0.0,0.0,1,7945.0,7946.0,2,7952.0,7978.0,7978.0,7944.0,3189.0,127161570.0,30392
2023-05-10 21:03:04,l2306,l2306,7945.0,0.0,0.0,0.0,1,7945.0,7947.0,37,7952.0,7978.0,7978.0,7944.0,3189.0,127161570.0,30392
2023-05-10 21:03:05,l2306,l2306,7946.0,1.0,39730.0,-1.0,1,7945.0,7947.0,25,7952.0,7978.0,7978.0,7944.0,3190.0,127201300.0,30391
2023-05-10 21:03:06,l2306,l2306,7946.0,0.0,0.0,0.0,3,7945.0,7947.0,7,7952.0,7978.0,7978.0,7944.0,3190.0,127201300.0,30391
2023-05-10 21:03:06,l2306,l2306,7946.0,0.0,0.0,0.0,8,7945.0,7947.0,7,7952.0,7978.0,7978.0,7944.0,3190.0,127201300.0,30391
2023-05-10 21:03:07,l2306,l2306,7946.0,0.0,0.0,0.0,2,7945.0,7947.0,7,7952.0,7978.0,7978.0,7944.0,3190.0,127201300.0,30391
2023-05-10 21:03:07,l2306,l2306,7946.0,0.0,0.0,0.0,2,7945.0,7947.0,2,7952.0,7978.0,7978.0,7944.0,3190.0,127201300.0,30391
2023-05-10 21:03:08,l2306,l2306,7946.0,0.0,0.0,0.0,2,7945.0,7947.0,7,7952.0,7978.0,7978.0,7944.0,3190.0,127201300.0,30391
2023-05-10 21:03:08,l2306,l2306,7946.0,0.0,0.0,0.0,15,7945.0,7947.0,1,7952.0,7978.0,7978.0,7944.0,3190.0,127201300.0,30391
2023-05-10 21:03:09,l2306,l2306,7946.0,0.0,0.0,0.0,9,7945.0,7947.0,1,7952.0,7978.0,7978.0,7944.0,3190.0,127201300.0,30391
2023-05-10 21:03:10,l2306,l2306,7946.0,0.0,0.0,0.0,3,7945.0,7947.0,14,7952.0,7978.0,7978.0,7944.0,3190.0,127201300.0,30391
2023-05-10 21:03:10,l2306,l2306,7946.0,0.0,0.0,0.0,4,7945.0,7946.0,1,7952.0,7978.0,7978.0,7944.0,3190.0,127201300.0,30391
2023-05-10 21:03:12,l2306,l2306,7946.0,0.0,0.0,0.0,12,7945.0,7946.0,1,7952.0,7978.0,7978.0,7944.0,3190.0,127201300.0,30391
2023-05-10 21:03:13,l2306,l2306,7946.0,0.0,0.0,0.0,6,7945.0,7946.0,1,7952.0,7978.0,7978.0,7944.0,3190.0,127201300.0,30391
2023-05-10 21:03:13,l2306,l2306,7946.0,0.0,0.0,0.0,15,7945.0,7947.0,6,7952.0,7978.0,7978.0,7944.0,3190.0,127201300.0,30391
2023-05-10 21:03:14,l2306,l2306,7947.0,1.0,39735.0,-1.0,9,7945.0,7948.0,76,7952.0,7978.0,7978.0,7944.0,3191.0,127241035.0,30390
2023-05-10 21:03:14,l2306,l2306,7947.0,0.0,0.0,0.0,9,7945.0,7946.0,1,7952.0,7978.0,7978.0,7944.0,3191.0,127241035.0,30390
2023-05-10 21:03:15,l2306,l2306,7947.0,0.0,0.0,0.0,23,7945.0,7948.0,68,7952.0,7978.0,7978.0,7944.0,3191.0,127241035.0,30390
2023-05-10 21:03:15,l2306,l2306,7947.0,0.0,0.0,0.0,12,7945.0,7948.0,77,7952.0,7978.0,7978.0,7944.0,3191.0,127241035.0,30390
2023-05-10 21:03:16,l2306,l2306,7947.0,0.0,0.0,0.0,36,7945.0,7948.0,92,7952.0,7978.0,7978.0,7944.0,3191.0,127241035.0,30390
2023-05-10 21:03:16,l2306,l2306,7947.0,0.0,0.0,0.0,67,7945.0,7948.0,65,7952.0,7978.0,7978.0,7944.0,3191.0,127241035.0,30390
2023-05-10 21:03:17,l2306,l2306,7947.0,0.0,0.0,0.0,6,7946.0,7948.0,41,7952.0,7978.0,7978.0,7944.0,3191.0,127241035.0,30390
2023-05-10 21:03:17,l2306,l2306,7947.0,0.0,0.0,0.0,79,7945.0,7948.0,41,7952.0,7978.0,7978.0,7944.0,3191.0,127241035.0,30390
2023-05-10 21:03:19,l2306,l2306,7947.0,0.0,0.0,0.0,73,7945.0,7948.0,41,7952.0,7978.0,7978.0,7944.0,3191.0,127241035.0,30390
2023-05-10 21:03:19,l2306,l2306,7947.0,0.0,0.0,0.0,83,7945.0,7948.0,41,7952.0,7978.0,7978.0,7944.0,3191.0,127241035.0,30390
2023-05-10 21:03:20,l2306,l2306,7947.0,0.0,0.0,0.0,83,7945.0,7948.0,43,7952.0,7978.0,7978.0,7944.0,3191.0,127241035.0,30390
2023-05-10 21:03:21,l2306,l2306,7947.0,0.0,0.0,0.0,84,7945.0,7948.0,43,7952.0,7978.0,7978.0,7944.0,3191.0,127241035.0,30390
2023-05-10 21:03:21,l2306,l2306,7947.0,0.0,0.0,0.0,88,7945.0,7948.0,44,7952.0,7978.0,7978.0,7944.0,3191.0,127241035.0,30390
2023-05-10 21:03:22,l2306,l2306,7947.0,0.0,0.0,0.0,76,7945.0,7948.0,68,7952.0,7978.0,7978.0,7944.0,3191.0,127241035.0,30390
2023-05-10 21:03:23,l2306,l2306,7947.0,0.0,0.0,0.0,64,7945.0,7948.0,63,7952.0,7978.0,7978.0,7944.0,3191.0,127241035.0,30390
2023-05-10 21:03:23,l2306,l2306,7947.0,0.0,0.0,0.0,70,7945.0,7947.0,11,7952.0,7978.0,7978.0,7944.0,3191.0,127241035.0,30390
2023-05-10 21:03:24,l2306,l2306,7947.0,0.0,0.0,0.0,64,7945.0,7947.0,11,7952.0,7978.0,7978.0,7944.0,3191.0,127241035.0,30390
2023-05-10 21:03:24,l2306,l2306,7947.0,0.0,0.0,0.0,75,7945.0,7947.0,5,7952.0,7978.0,7978.0,7944.0,3191.0,127241035.0,30390
2023-05-10 21:03:25,l2306,l2306,7947.0,0.0,0.0,0.0,2,7946.0,7948.0,75,7952.0,7978.0,7978.0,7944.0,3191.0,127241035.0,30390
2023-05-10 21:03:25,l2306,l2306,7946.0,1.0,39730.0,-1.0,2,7946.0,7948.0,65,7952.0,7978.0,7978.0,7944.0,3192.0,127280765.0,30389
2023-05-10 21:03:26,l2306,l2306,7946.0,1.0,39730.0,-1.0,1,7946.0,7948.0,65,7952.0,7978.0,7978.0,7944.0,3193.0,127320495.0,30388
2023-05-10 21:03:26,l2306,l2306,7946.0,1.0,39730.0,-1.0,4,7946.0,7948.0,59,7952.0,7978.0,7978.0,7944.0,3194.0,127360225.0,30387
2023-05-10 21:03:27,l2306,l2306,7946.0,1.0,39730.0,-1.0,3,7946.0,7948.0,59,7952.0,7978.0,7978.0,7944.0,3195.0,127399955.0,30386
2023-05-10 21:03:27,l2306,l2306,7946.0,3.0,119190.0,-3.0,93,7945.0,7946.0,2,7952.0,7978.0,7978.0,7944.0,3198.0,127519145.0,30383
2023-05-10 21:03:28,l2306,l2306,7946.0,2.0,79460.0,0.0,73,7945.0,7947.0,17,7952.0,7978.0,7978.0,7944.0,3200.0,127598605.0,30383
2023-05-10 21:03:28,l2306,l2306,7945.0,1.0,39725.0,-1.0,74,7945.0,7947.0,18,7952.0,7978.0,7978.0,7944.0,3201.0,127638330.0,30382
2023-05-10 21:03:29,l2306,l2306,7945.0,1.0,39725.0,-1.0,73,7945.0,7947.0,18,7952.0,7978.0,7978.0,7944.0,3202.0,127678055.0,30381
2023-05-10 21:03:29,l2306,l2306,7945.0,1.0,39725.0,-1.0,72,7945.0,7947.0,18,7952.0,7978.0,7978.0,7944.0,3203.0,127717780.0,30380
2023-05-10 21:03:30,l2306,l2306,7945.0,1.0,39725.0,-1.0,71,7945.0,7947.0,18,7952.0,7978.0,7978.0,7944.0,3204.0,127757505.0,30379
2023-05-10 21:03:30,l2306,l2306,7945.0,1.0,39725.0,-1.0,70,7945.0,7947.0,18,7952.0,7978.0,7978.0,7944.0,3205.0,127797230.0,30378
2023-05-10 21:03:31,l2306,l2306,7945.0,1.0,39725.0,-1.0,69,7945.0,7947.0,18,7952.0,7978.0,7978.0,7944.0,3206.0,127836955.0,30377
2023-05-10 21:03:31,l2306,l2306,7945.0,1.0,39725.0,-1.0,72,7945.0,7947.0,18,7952.0,7978.0,7978.0,7944.0,3207.0,127876680.0,30376
2023-05-10 21:03:32,l2306,l2306,7945.0,1.0,39725.0,-1.0,71,7945.0,7947.0,18,7952.0,7978.0,7978.0,7944.0,3208.0,127916405.0,30375
2023-05-10 21:03:32,l2306,l2306,7945.0,1.0,39725.0,-1.0,6,7946.0,7947.0,7,7952.0,7978.0,7978.0,7944.0,3209.0,127956130.0,30374
2023-05-10 21:03:33,l2306,l2306,7945.0,0.0,0.0,0.0,8,7946.0,7948.0,50,7952.0,7978.0,7978.0,7944.0,3209.0,127956130.0,30374
2023-05-10 21:03:33,l2306,l2306,7945.0,0.0,0.0,0.0,3,7946.0,7948.0,56,7952.0,7978.0,7978.0,7944.0,3209.0,127956130.0,30374
2023-05-10 21:03:35,l2306,l2306,7945.0,0.0,0.0,0.0,3,7946.0,7948.0,94,7952.0,7978.0,7978.0,7944.0,3209.0,127956130.0,30374
2023-05-10 21:03:35,l2306,l2306,7945.0,0.0,0.0,0.0,9,7946.0,7948.0,41,7952.0,7978.0,7978.0,7944.0,3209.0,127956130.0,30374
2023-05-10 21:03:36,l2306,l2306,7946.0,1.0,39730.0,-1.0,8,7946.0,7948.0,23,7952.0,7978.0,7978.0,7944.0,3210.0,127995860.0,30373
2023-05-10 21:03:36,l2306,l2306,7946.0,1.0,39730.0,-1.0,5,7946.0,7948.0,17,7952.0,7978.0,7978.0,7944.0,3211.0,128035590.0,30372
2023-05-10 21:03:37,l2306,l2306,7946.0,1.0,39730.0,-1.0,4,7946.0,7948.0,17,7952.0,7978.0,7978.0,7944.0,3212.0,128075320.0,30371
2023-05-10 21:03:37,l2306,l2306,7946.0,1.0,39730.0,-1.0,5,7946.0,7948.0,17,7952.0,7978.0,7978.0,7944.0,3213.0,128115050.0,30370
2023-05-10 21:03:38,l2306,l2306,7946.0,1.0,39730.0,-1.0,4,7946.0,7948.0,17,7952.0,7978.0,7978.0,7944.0,3214.0,128154780.0,30369
2023-05-10 21:03:38,l2306,l2306,7946.0,1.0,39730.0,-1.0,1,7946.0,7948.0,51,7952.0,7978.0,7978.0,7944.0,3215.0,128194510.0,30368
2023-05-10 21:03:39,l2306,l2306,7946.0,1.0,39730.0,-1.0,82,7945.0,7948.0,60,7952.0,7978.0,7978.0,7944.0,3216.0,128234240.0,30367
2023-05-10 21:03:39,l2306,l2306,7946.0,0.0,0.0,0.0,62,7945.0,7946.0,1,7952.0,7978.0,7978.0,7944.0,3216.0,128234240.0,30367
2023-05-10 21:03:40,l2306,l2306,7946.0,0.0,0.0,0.0,56,7945.0,7946.0,1,7952.0,7978.0,7978.0,7944.0,3216.0,128234240.0,30367
2023-05-10 21:03:41,l2306,l2306,7946.0,0.0,0.0,0.0,62,7945.0,7946.0,1,7952.0,7978.0,7978.0,7944.0,3216.0,128234240.0,30367
2023-05-10 21:03:41,l2306,l2306,7946.0,0.0,0.0,0.0,70,7945.0,7946.0,1,7952.0,7978.0,7978.0,7944.0,3216.0,128234240.0,30367
2023-05-10 21:03:42,l2306,l2306,7946.0,0.0,0.0,0.0,64,7945.0,7946.0,1,7952.0,7978.0,7978.0,7944.0,3216.0,128234240.0,30367
2023-05-10 21:03:42,l2306,l2306,7946.0,0.0,0.0,0.0,78,7945.0,7946.0,1,7952.0,7978.0,7978.0,7944.0,3216.0,128234240.0,30367
2023-05-10 21:03:43,l2306,l2306,7946.0,1.0,39730.0,0.0,64,7945.0,7947.0,11,7952.0,7978.0,7978.0,7944.0,3217.0,128273970.0,30367
2023-05-10 21:03:43,l2306,l2306,7945.0,1.0,39725.0,-1.0,69,7945.0,7947.0,15,7952.0,7978.0,7978.0,7944.0,3218.0,128313695.0,30366
2023-05-10 21:03:44,l2306,l2306,7945.0,1.0,39725.0,-1.0,62,7945.0,7947.0,27,7952.0,7978.0,7978.0,7944.0,3219.0,128353420.0,30365
2023-05-10 21:03:44,l2306,l2306,7945.0,1.0,39725.0,-1.0,62,7945.0,7947.0,33,7952.0,7978.0,7978.0,7944.0,3220.0,128393145.0,30364
2023-05-10 21:03:45,l2306,l2306,7945.0,1.0,39725.0,-1.0,67,7945.0,7947.0,39,7952.0,7978.0,7978.0,7944.0,3221.0,128432870.0,30363
2023-05-10 21:03:45,l2306,l2306,7945.0,1.0,39725.0,-1.0,68,7945.0,7947.0,19,7952.0,7978.0,7978.0,7944.0,3222.0,128472595.0,30362
2023-05-10 21:03:46,l2306,l2306,7945.0,1.0,39725.0,-1.0,67,7945.0,7947.0,20,7952.0,7978.0,7978.0,7944.0,3223.0,128512320.0,30361
2023-05-10 21:03:46,l2306,l2306,7945.0,1.0,39725.0,-1.0,66,7945.0,7947.0,20,7952.0,7978.0,7978.0,7944.0,3224.0,128552045.0,30360
2023-05-10 21:03:47,l2306,l2306,7945.0,1.0,39725.0,-1.0,65,7945.0,7947.0,32,7952.0,7978.0,7978.0,7944.0,3225.0,128591770.0,30359
2023-05-10 21:03:47,l2306,l2306,7945.0,1.0,39725.0,-1.0,44,7945.0,7947.0,58,7952.0,7978.0,7978.0,7944.0,3226.0,128631495.0,30358
2023-05-10 21:03:48,l2306,l2306,7945.0,1.0,39725.0,-1.0,25,7945.0,7947.0,69,7952.0,7978.0,7978.0,7944.0,3227.0,128671220.0,30357
2023-05-10 21:03:48,l2306,l2306,7945.0,1.0,39725.0,-1.0,24,7945.0,7947.0,75,7952.0,7978.0,7978.0,7944.0,3228.0,128710945.0,30356
2023-05-10 21:03:49,l2306,l2306,7945.0,1.0,39725.0,-1.0,23,7945.0,7947.0,75,7952.0,7978.0,7978.0,7944.0,3229.0,128750670.0,30355
2023-05-10 21:03:49,l2306,l2306,7945.0,1.0,39725.0,-1.0,22,7945.0,7947.0,75,7952.0,7978.0,7978.0,7944.0,3230.0,128790395.0,30354
2023-05-10 21:03:50,l2306,l2306,7945.0,1.0,39725.0,-1.0,21,7945.0,7947.0,69,7952.0,7978.0,7978.0,7944.0,3231.0,128830120.0,30353
2023-05-10 21:03:50,l2306,l2306,7945.0,1.0,39725.0,-1.0,20,7945.0,7947.0,28,7952.0,7978.0,7978.0,7944.0,3232.0,128869845.0,30352
2023-05-10 21:03:51,l2306,l2306,7945.0,1.0,39725.0,-1.0,19,7945.0,7947.0,53,7952.0,7978.0,7978.0,7944.0,3233.0,128909570.0,30351
2023-05-10 21:03:51,l2306,l2306,7945.0,1.0,39725.0,-1.0,19,7945.0,7947.0,53,7952.0,7978.0,7978.0,7944.0,3234.0,128949295.0,30350
2023-05-10 21:03:52,l2306,l2306,7945.0,1.0,39725.0,-1.0,18,7945.0,7947.0,47,7952.0,7978.0,7978.0,7944.0,3235.0,128989020.0,30349
2023-05-10 21:03:52,l2306,l2306,7944.0,56.0,2224420.0,4.0,45,7943.0,7944.0,18,7952.0,7978.0,7978.0,7944.0,3291.0,131213440.0,30353
2023-05-10 21:03:53,l2306,l2306,7944.0,19.0,754675.0,6.0,20,7943.0,7945.0,1,7952.0,7978.0,7978.0,7943.0,3310.0,131968115.0,30359
2023-05-10 21:03:53,l2306,l2306,7943.0,1.0,39715.0,-1.0,34,7943.0,7945.0,1,7952.0,7978.0,7978.0,7943.0,3311.0,132007830.0,30358
2023-05-10 21:03:54,l2306,l2306,7943.0,0.0,0.0,0.0,2,7944.0,7946.0,15,7952.0,7978.0,7978.0,7943.0,3311.0,132007830.0,30358
2023-05-10 21:03:54,l2306,l2306,7943.0,0.0,0.0,0.0,2,7944.0,7946.0,8,7952.0,7978.0,7978.0,7943.0,3311.0,132007830.0,30358
2023-05-10 21:03:55,l2306,l2306,7944.0,1.0,39720.0,-1.0,36,7943.0,7946.0,42,7952.0,7978.0,7978.0,7943.0,3312.0,132047550.0,30357
2023-05-10 21:03:55,l2306,l2306,7943.0,1.0,39715.0,-1.0,23,7943.0,7946.0,55,7952.0,7978.0,7978.0,7943.0,3313.0,132087265.0,30356
2023-05-10 21:03:56,l2306,l2306,7943.0,1.0,39715.0,-1.0,22,7943.0,7946.0,62,7952.0,7978.0,7978.0,7943.0,3314.0,132126980.0,30355
2023-05-10 21:03:56,l2306,l2306,7943.0,0.0,0.0,0.0,2,7944.0,7946.0,62,7952.0,7978.0,7978.0,7943.0,3314.0,132126980.0,30355
2023-05-10 21:03:57,l2306,l2306,7943.0,0.0,0.0,0.0,2,7944.0,7946.0,32,7952.0,7978.0,7978.0,7943.0,3314.0,132126980.0,30355
2023-05-10 21:03:57,l2306,l2306,7943.0,0.0,0.0,0.0,2,7944.0,7946.0,15,7952.0,7978.0,7978.0,7943.0,3314.0,132126980.0,30355
2023-05-10 21:03:58,l2306,l2306,7943.0,0.0,0.0,0.0,2,7944.0,7946.0,33,7952.0,7978.0,7978.0,7943.0,3314.0,132126980.0,30355
2023-05-10 21:03:58,l2306,l2306,7943.0,0.0,0.0,0.0,2,7944.0,7946.0,57,7952.0,7978.0,7978.0,7943.0,3314.0,132126980.0,30355
2023-05-10 21:03:59,l2306,l2306,7943.0,0.0,0.0,0.0,22,7943.0,7945.0,1,7952.0,7978.0,7978.0,7943.0,3314.0,132126980.0,30355
2023-05-10 21:03:59,l2306,l2306,7943.0,0.0,0.0,0.0,7,7943.0,7945.0,3,7952.0,7978.0,7978.0,7943.0,3314.0,132126980.0,30355
2023-05-10 21:04:00,l2306,l2306,7943.0,0.0,0.0,0.0,27,7943.0,7945.0,3,7952.0,7978.0,7978.0,7943.0,3314.0,132126980.0,30355
2023-05-10 21:04:00,l2306,l2306,7943.0,0.0,0.0,0.0,2,7944.0,7945.0,4,7952.0,7978.0,7978.0,7943.0,3314.0,132126980.0,30355
2023-05-10 21:04:01,l2306,l2306,7943.0,0.0,0.0,0.0,2,7944.0,7945.0,2,7952.0,7978.0,7978.0,7943.0,3314.0,132126980.0,30355
2023-05-10 21:04:01,l2306,l2306,7945.0,1.0,39725.0,-1.0,6,7944.0,7946.0,11,7952.0,7978.0,7978.0,7943.0,3315.0,132166705.0,30354
2023-05-10 21:04:02,l2306,l2306,7945.0,0.0,0.0,0.0,18,7944.0,7947.0,51,7952.0,7978.0,7978.0,7943.0,3315.0,132166705.0,30354
2023-05-10 21:04:02,l2306,l2306,7945.0,0.0,0.0,0.0,18,7944.0,7947.0,40,7952.0,7978.0,7978.0,7943.0,3315.0,132166705.0,30354
2023-05-10 21:04:02,l2306,l2306,7945.0,0.0,0.0,0.0,18,7944.0,7947.0,46,7952.0,7978.0,7978.0,7943.0,3315.0,132166705.0,30354
2023-05-10 21:04:04,l2306,l2306,7945.0,0.0,0.0,0.0,6,7944.0,7947.0,58,7952.0,7978.0,7978.0,7943.0,3315.0,132166705.0,30354
2023-05-10 21:04:04,l2306,l2306,7945.0,0.0,0.0,0.0,12,7944.0,7947.0,69,7952.0,7978.0,7978.0,7943.0,3315.0,132166705.0,30354
2023-05-10 21:04:06,l2306,l2306,7945.0,0.0,0.0,0.0,18,7944.0,7947.0,51,7952.0,7978.0,7978.0,7943.0,3315.0,132166705.0,30354
2023-05-10 21:04:06,l2306,l2306,7945.0,0.0,0.0,0.0,21,7944.0,7947.0,46,7952.0,7978.0,7978.0,7943.0,3315.0,132166705.0,30354
2023-05-10 21:04:07,l2306,l2306,7945.0,0.0,0.0,0.0,23,7944.0,7947.0,46,7952.0,7978.0,7978.0,7943.0,3315.0,132166705.0,30354
2023-05-10 21:04:07,l2306,l2306,7945.0,0.0,0.0,0.0,21,7944.0,7947.0,51,7952.0,7978.0,7978.0,7943.0,3315.0,132166705.0,30354
2023-05-10 21:04:08,l2306,l2306,7945.0,0.0,0.0,0.0,23,7944.0,7947.0,96,7952.0,7978.0,7978.0,7943.0,3315.0,132166705.0,30354
2023-05-10 21:04:09,l2306,l2306,7945.0,0.0,0.0,0.0,28,7945.0,7947.0,58,7952.0,7978.0,7978.0,7943.0,3315.0,132166705.0,30354
2023-05-10 21:04:09,l2306,l2306,7948.0,83.0,3298270.0,-30.0,22,7947.0,7949.0,25,7952.0,7978.0,7978.0,7943.0,3398.0,135464975.0,30324
2023-05-10 21:04:10,l2306,l2306,7948.0,0.0,0.0,0.0,22,7947.0,7950.0,67,7952.0,7978.0,7978.0,7943.0,3398.0,135464975.0,30324
2023-05-10 21:04:10,l2306,l2306,7948.0,0.0,0.0,0.0,42,7947.0,7950.0,51,7952.0,7978.0,7978.0,7943.0,3398.0,135464975.0,30324
2023-05-10 21:04:11,l2306,l2306,7948.0,0.0,0.0,0.0,54,7947.0,7950.0,63,7952.0,7978.0,7978.0,7943.0,3398.0,135464975.0,30324
2023-05-10 21:04:11,l2306,l2306,7948.0,0.0,0.0,0.0,73,7947.0,7950.0,57,7952.0,7978.0,7978.0,7943.0,3398.0,135464975.0,30324
2023-05-10 21:04:12,l2306,l2306,7948.0,0.0,0.0,0.0,85,7947.0,7950.0,45,7952.0,7978.0,7978.0,7943.0,3398.0,135464975.0,30324
2023-05-10 21:04:12,l2306,l2306,7948.0,0.0,0.0,0.0,79,7947.0,7950.0,39,7952.0,7978.0,7978.0,7943.0,3398.0,135464975.0,30324
2023-05-10 21:04:13,l2306,l2306,7948.0,0.0,0.0,0.0,79,7947.0,7950.0,31,7952.0,7978.0,7978.0,7943.0,3398.0,135464975.0,30324
2023-05-10 21:04:13,l2306,l2306,7948.0,0.0,0.0,0.0,80,7947.0,7950.0,13,7952.0,7978.0,7978.0,7943.0,3398.0,135464975.0,30324
2023-05-10 21:04:14,l2306,l2306,7948.0,0.0,0.0,0.0,74,7947.0,7950.0,25,7952.0,7978.0,7978.0,7943.0,3398.0,135464975.0,30324
2023-05-10 21:04:15,l2306,l2306,7948.0,0.0,0.0,0.0,74,7947.0,7950.0,51,7952.0,7978.0,7978.0,7943.0,3398.0,135464975.0,30324
2023-05-10 21:04:15,l2306,l2306,7948.0,0.0,0.0,0.0,74,7947.0,7950.0,64,7952.0,7978.0,7978.0,7943.0,3398.0,135464975.0,30324
2023-05-10 21:04:16,l2306,l2306,7948.0,0.0,0.0,0.0,74,7947.0,7950.0,63,7952.0,7978.0,7978.0,7943.0,3398.0,135464975.0,30324
2023-05-10 21:04:17,l2306,l2306,7948.0,0.0,0.0,0.0,74,7947.0,7950.0,58,7952.0,7978.0,7978.0,7943.0,3398.0,135464975.0,30324
2023-05-10 21:04:17,l2306,l2306,7946.0,77.0,3059585.0,-42.0,52,7945.0,7946.0,2,7952.0,7978.0,7978.0,7943.0,3475.0,138524560.0,30282
2023-05-10 21:04:18,l2306,l2306,7946.0,8.0,317860.0,-8.0,75,7944.0,7947.0,22,7952.0,7978.0,7978.0,7943.0,3483.0,138842420.0,30274
2023-05-10 21:04:18,l2306,l2306,7946.0,0.0,0.0,0.0,16,7945.0,7947.0,16,7952.0,7978.0,7978.0,7943.0,3483.0,138842420.0,30274
2023-05-10 21:04:19,l2306,l2306,7946.0,0.0,0.0,0.0,10,7945.0,7947.0,16,7952.0,7978.0,7978.0,7943.0,3483.0,138842420.0,30274
2023-05-10 21:04:19,l2306,l2306,7946.0,0.0,0.0,0.0,10,7945.0,7947.0,18,7952.0,7978.0,7978.0,7943.0,3483.0,138842420.0,30274
2023-05-10 21:04:20,l2306,l2306,7946.0,0.0,0.0,0.0,63,7944.0,7947.0,18,7952.0,7978.0,7978.0,7943.0,3483.0,138842420.0,30274
2023-05-10 21:04:21,l2306,l2306,7946.0,0.0,0.0,0.0,71,7944.0,7947.0,12,7952.0,7978.0,7978.0,7943.0,3483.0,138842420.0,30274
2023-05-10 21:04:21,l2306,l2306,7946.0,0.0,0.0,0.0,78,7944.0,7947.0,12,7952.0,7978.0,7978.0,7943.0,3483.0,138842420.0,30274
2023-05-10 21:04:22,l2306,l2306,7946.0,0.0,0.0,0.0,72,7944.0,7947.0,12,7952.0,7978.0,7978.0,7943.0,3483.0,138842420.0,30274
2023-05-10 21:04:23,l2306,l2306,7946.0,0.0,0.0,0.0,84,7944.0,7947.0,10,7952.0,7978.0,7978.0,7943.0,3483.0,138842420.0,30274
2023-05-10 21:04:25,l2306,l2306,7946.0,0.0,0.0,0.0,72,7944.0,7947.0,12,7952.0,7978.0,7978.0,7943.0,3483.0,138842420.0,30274
2023-05-10 21:04:25,l2306,l2306,7946.0,0.0,0.0,0.0,85,7944.0,7947.0,10,7952.0,7978.0,7978.0,7943.0,3483.0,138842420.0,30274
2023-05-10 21:04:27,l2306,l2306,7946.0,0.0,0.0,0.0,79,7944.0,7947.0,10,7952.0,7978.0,7978.0,7943.0,3483.0,138842420.0,30274
2023-05-10 21:04:28,l2306,l2306,7946.0,0.0,0.0,0.0,80,7944.0,7947.0,10,7952.0,7978.0,7978.0,7943.0,3483.0,138842420.0,30274
2023-05-10 21:04:29,l2306,l2306,7946.0,0.0,0.0,0.0,56,7944.0,7947.0,30,7952.0,7978.0,7978.0,7943.0,3483.0,138842420.0,30274
2023-05-10 21:04:29,l2306,l2306,7946.0,0.0,0.0,0.0,62,7944.0,7947.0,48,7952.0,7978.0,7978.0,7943.0,3483.0,138842420.0,30274
2023-05-10 21:04:30,l2306,l2306,7946.0,0.0,0.0,0.0,68,7944.0,7947.0,60,7952.0,7978.0,7978.0,7943.0,3483.0,138842420.0,30274
2023-05-10 21:04:30,l2306,l2306,7946.0,0.0,0.0,0.0,62,7944.0,7947.0,54,7952.0,7978.0,7978.0,7943.0,3483.0,138842420.0,30274
2023-05-10 21:04:31,l2306,l2306,7946.0,0.0,0.0,0.0,62,7944.0,7946.0,2,7952.0,7978.0,7978.0,7943.0,3483.0,138842420.0,30274
2023-05-10 21:04:31,l2306,l2306,7946.0,0.0,0.0,0.0,45,7944.0,7947.0,76,7952.0,7978.0,7978.0,7943.0,3483.0,138842420.0,30274
2023-05-10 21:04:32,l2306,l2306,7946.0,0.0,0.0,0.0,39,7944.0,7947.0,72,7952.0,7978.0,7978.0,7943.0,3483.0,138842420.0,30274
2023-05-10 21:04:32,l2306,l2306,7946.0,0.0,0.0,0.0,37,7944.0,7947.0,78,7952.0,7978.0,7978.0,7943.0,3483.0,138842420.0,30274
2023-05-10 21:04:35,l2306,l2306,7946.0,0.0,0.0,0.0,29,7944.0,7946.0,8,7952.0,7978.0,7978.0,7943.0,3483.0,138842420.0,30274
2023-05-10 21:04:35,l2306,l2306,7946.0,0.0,0.0,0.0,24,7944.0,7946.0,10,7952.0,7978.0,7978.0,7943.0,3483.0,138842420.0,30274
2023-05-10 21:04:36,l2306,l2306,7946.0,0.0,0.0,0.0,24,7944.0,7946.0,8,7952.0,7978.0,7978.0,7943.0,3483.0,138842420.0,30274
2023-05-10 21:04:39,l2306,l2306,7946.0,0.0,0.0,0.0,32,7944.0,7947.0,68,7952.0,7978.0,7978.0,7943.0,3483.0,138842420.0,30274
2023-05-10 21:04:39,l2306,l2306,7947.0,2.0,79470.0,0.0,38,7944.0,7947.0,62,7952.0,7978.0,7978.0,7943.0,3485.0,138921890.0,30274
2023-05-10 21:04:40,l2306,l2306,7947.0,0.0,0.0,0.0,62,7944.0,7947.0,74,7952.0,7978.0,7978.0,7943.0,3485.0,138921890.0,30274
2023-05-10 21:04:40,l2306,l2306,7947.0,0.0,0.0,0.0,55,7944.0,7946.0,6,7952.0,7978.0,7978.0,7943.0,3485.0,138921890.0,30274
2023-05-10 21:04:41,l2306,l2306,7947.0,0.0,0.0,0.0,67,7944.0,7947.0,69,7952.0,7978.0,7978.0,7943.0,3485.0,138921890.0,30274
2023-05-10 21:04:41,l2306,l2306,7947.0,2.0,79470.0,0.0,60,7944.0,7947.0,67,7952.0,7978.0,7978.0,7943.0,3487.0,139001360.0,30274
2023-05-10 21:04:42,l2306,l2306,7947.0,0.0,0.0,0.0,70,7944.0,7947.0,61,7952.0,7978.0,7978.0,7943.0,3487.0,139001360.0,30274
2023-05-10 21:04:43,l2306,l2306,7947.0,0.0,0.0,0.0,76,7944.0,7946.0,2,7952.0,7978.0,7978.0,7943.0,3487.0,139001360.0,30274
2023-05-10 21:04:43,l2306,l2306,7947.0,0.0,0.0,0.0,55,7944.0,7946.0,15,7952.0,7978.0,7978.0,7943.0,3487.0,139001360.0,30274
2023-05-10 21:04:44,l2306,l2306,7947.0,0.0,0.0,0.0,55,7944.0,7946.0,9,7952.0,7978.0,7978.0,7943.0,3487.0,139001360.0,30274
2023-05-10 21:04:44,l2306,l2306,7947.0,0.0,0.0,0.0,58,7944.0,7946.0,15,7952.0,7978.0,7978.0,7943.0,3487.0,139001360.0,30274
2023-05-10 21:04:45,l2306,l2306,7947.0,0.0,0.0,0.0,58,7944.0,7946.0,21,7952.0,7978.0,7978.0,7943.0,3487.0,139001360.0,30274
2023-05-10 21:04:45,l2306,l2306,7947.0,0.0,0.0,0.0,76,7944.0,7946.0,7,7952.0,7978.0,7978.0,7943.0,3487.0,139001360.0,30274
2023-05-10 21:04:46,l2306,l2306,7947.0,0.0,0.0,0.0,70,7944.0,7946.0,7,7952.0,7978.0,7978.0,7943.0,3487.0,139001360.0,30274
2023-05-10 21:04:46,l2306,l2306,7947.0,0.0,0.0,0.0,75,7944.0,7946.0,7,7952.0,7978.0,7978.0,7943.0,3487.0,139001360.0,30274
2023-05-10 21:04:47,l2306,l2306,7947.0,0.0,0.0,0.0,67,7944.0,7946.0,13,7952.0,7978.0,7978.0,7943.0,3487.0,139001360.0,30274
2023-05-10 21:04:47,l2306,l2306,7947.0,0.0,0.0,0.0,73,7944.0,7946.0,7,7952.0,7978.0,7978.0,7943.0,3487.0,139001360.0,30274
2023-05-10 21:04:48,l2306,l2306,7947.0,0.0,0.0,0.0,67,7944.0,7946.0,7,7952.0,7978.0,7978.0,7943.0,3487.0,139001360.0,30274
2023-05-10 21:04:49,l2306,l2306,7947.0,0.0,0.0,0.0,68,7944.0,7946.0,15,7952.0,7978.0,7978.0,7943.0,3487.0,139001360.0,30274
2023-05-10 21:04:50,l2306,l2306,7947.0,0.0,0.0,0.0,68,7944.0,7946.0,16,7952.0,7978.0,7978.0,7943.0,3487.0,139001360.0,30274
2023-05-10 21:04:50,l2306,l2306,7947.0,0.0,0.0,0.0,74,7944.0,7946.0,15,7952.0,7978.0,7978.0,7943.0,3487.0,139001360.0,30274
2023-05-10 21:04:52,l2306,l2306,7947.0,0.0,0.0,0.0,76,7944.0,7946.0,9,7952.0,7978.0,7978.0,7943.0,3487.0,139001360.0,30274
2023-05-10 21:04:52,l2306,l2306,7947.0,0.0,0.0,0.0,70,7944.0,7947.0,67,7952.0,7978.0,7978.0,7943.0,3487.0,139001360.0,30274
2023-05-10 21:04:53,l2306,l2306,7947.0,0.0,0.0,0.0,84,7944.0,7947.0,66,7952.0,7978.0,7978.0,7943.0,3487.0,139001360.0,30274
2023-05-10 21:04:53,l2306,l2306,7947.0,0.0,0.0,0.0,91,7944.0,7947.0,65,7952.0,7978.0,7978.0,7943.0,3487.0,139001360.0,30274
2023-05-10 21:04:55,l2306,l2306,7947.0,0.0,0.0,0.0,91,7944.0,7946.0,7,7952.0,7978.0,7978.0,7943.0,3487.0,139001360.0,30274
2023-05-10 21:04:55,l2306,l2306,7947.0,0.0,0.0,0.0,79,7944.0,7946.0,13,7952.0,7978.0,7978.0,7943.0,3487.0,139001360.0,30274
2023-05-10 21:04:57,l2306,l2306,7947.0,0.0,0.0,0.0,71,7944.0,7946.0,7,7952.0,7978.0,7978.0,7943.0,3487.0,139001360.0,30274
2023-05-10 21:04:57,l2306,l2306,7947.0,0.0,0.0,0.0,80,7944.0,7946.0,9,7952.0,7978.0,7978.0,7943.0,3487.0,139001360.0,30274
2023-05-10 21:04:58,l2306,l2306,7947.0,0.0,0.0,0.0,86,7944.0,7947.0,64,7952.0,7978.0,7978.0,7943.0,3487.0,139001360.0,30274
2023-05-10 21:04:59,l2306,l2306,7947.0,0.0,0.0,0.0,84,7944.0,7947.0,64,7952.0,7978.0,7978.0,7943.0,3487.0,139001360.0,30274
2023-05-10 21:05:00,l2306,l2306,7947.0,0.0,0.0,0.0,78,7944.0,7946.0,12,7952.0,7978.0,7978.0,7943.0,3487.0,139001360.0,30274
2023-05-10 21:05:00,l2306,l2306,7947.0,0.0,0.0,0.0,66,7944.0,7946.0,7,7952.0,7978.0,7978.0,7943.0,3487.0,139001360.0,30274
2023-05-10 21:05:01,l2306,l2306,7944.0,5.0,198600.0,-5.0,61,7944.0,7946.0,14,7952.0,7978.0,7978.0,7943.0,3492.0,139199960.0,30269
2023-05-10 21:05:01,l2306,l2306,7944.0,0.0,0.0,0.0,64,7944.0,7946.0,13,7952.0,7978.0,7978.0,7943.0,3492.0,139199960.0,30269
2023-05-10 21:05:03,l2306,l2306,7944.0,0.0,0.0,0.0,2,7945.0,7946.0,2,7952.0,7978.0,7978.0,7943.0,3492.0,139199960.0,30269
2023-05-10 21:05:04,l2306,l2306,7944.0,0.0,0.0,0.0,10,7945.0,7947.0,39,7952.0,7978.0,7978.0,7943.0,3492.0,139199960.0,30269
2023-05-10 21:05:04,l2306,l2306,7944.0,0.0,0.0,0.0,8,7945.0,7947.0,8,7952.0,7978.0,7978.0,7943.0,3492.0,139199960.0,30269
2023-05-10 21:05:05,l2306,l2306,7944.0,0.0,0.0,0.0,4,7945.0,7947.0,22,7952.0,7978.0,7978.0,7943.0,3492.0,139199960.0,30269
2023-05-10 21:05:06,l2306,l2306,7944.0,0.0,0.0,0.0,4,7945.0,7947.0,7,7952.0,7978.0,7978.0,7943.0,3492.0,139199960.0,30269
2023-05-10 21:05:06,l2306,l2306,7944.0,0.0,0.0,0.0,18,7945.0,7947.0,7,7952.0,7978.0,7978.0,7943.0,3492.0,139199960.0,30269
2023-05-10 21:05:07,l2306,l2306,7944.0,0.0,0.0,0.0,42,7945.0,7947.0,6,7952.0,7978.0,7978.0,7943.0,3492.0,139199960.0,30269
2023-05-10 21:05:07,l2306,l2306,7944.0,0.0,0.0,0.0,36,7945.0,7947.0,6,7952.0,7978.0,7978.0,7943.0,3492.0,139199960.0,30269
2023-05-10 21:05:08,l2306,l2306,7944.0,0.0,0.0,0.0,5,7945.0,7947.0,7,7952.0,7978.0,7978.0,7943.0,3492.0,139199960.0,30269
2023-05-10 21:05:08,l2306,l2306,7944.0,0.0,0.0,0.0,2,7945.0,7947.0,20,7952.0,7978.0,7978.0,7943.0,3492.0,139199960.0,30269
2023-05-10 21:05:09,l2306,l2306,7944.0,0.0,0.0,0.0,2,7945.0,7946.0,1,7952.0,7978.0,7978.0,7943.0,3492.0,139199960.0,30269
2023-05-10 21:05:10,l2306,l2306,7944.0,0.0,0.0,0.0,2,7945.0,7946.0,13,7952.0,7978.0,7978.0,7943.0,3492.0,139199960.0,30269
2023-05-10 21:05:10,l2306,l2306,7944.0,0.0,0.0,0.0,2,7945.0,7946.0,7,7952.0,7978.0,7978.0,7943.0,3492.0,139199960.0,30269
2023-05-10 21:05:12,l2306,l2306,7945.0,2.0,79450.0,-2.0,70,7944.0,7946.0,7,7952.0,7978.0,7978.0,7943.0,3494.0,139279410.0,30267
2023-05-10 21:05:12,l2306,l2306,7945.0,0.0,0.0,0.0,2,7945.0,7946.0,1,7952.0,7978.0,7978.0,7943.0,3494.0,139279410.0,30267
2023-05-10 21:05:13,l2306,l2306,7945.0,0.0,0.0,0.0,78,7944.0,7946.0,6,7952.0,7978.0,7978.0,7943.0,3494.0,139279410.0,30267
2023-05-10 21:05:13,l2306,l2306,7945.0,0.0,0.0,0.0,66,7944.0,7945.0,1,7952.0,7978.0,7978.0,7943.0,3494.0,139279410.0,30267
2023-05-10 21:05:14,l2306,l2306,7945.0,1.0,39725.0,-1.0,6,7945.0,7947.0,33,7952.0,7978.0,7978.0,7943.0,3495.0,139319135.0,30266
2023-05-10 21:05:14,l2306,l2306,7945.0,0.0,0.0,0.0,1,7945.0,7947.0,16,7952.0,7978.0,7978.0,7943.0,3495.0,139319135.0,30266
2023-05-10 21:05:14,l2306,l2306,7945.0,0.0,0.0,0.0,1,7945.0,7947.0,10,7952.0,7978.0,7978.0,7943.0,3495.0,139319135.0,30266
2023-05-10 21:05:16,l2306,l2306,7945.0,0.0,0.0,0.0,1,7945.0,7947.0,13,7952.0,7978.0,7978.0,7943.0,3495.0,139319135.0,30266
2023-05-10 21:05:16,l2306,l2306,7945.0,0.0,0.0,0.0,2,7945.0,7947.0,11,7952.0,7978.0,7978.0,7943.0,3495.0,139319135.0,30266
2023-05-10 21:05:18,l2306,l2306,7945.0,0.0,0.0,0.0,2,7946.0,7947.0,8,7952.0,7978.0,7978.0,7943.0,3495.0,139319135.0,30266
2023-05-10 21:05:18,l2306,l2306,7947.0,3.0,119205.0,-1.0,2,7946.0,7947.0,5,7952.0,7978.0,7978.0,7943.0,3498.0,139438340.0,30265
2023-05-10 21:05:19,l2306,l2306,7947.0,0.0,0.0,0.0,3,7946.0,7947.0,5,7952.0,7978.0,7978.0,7943.0,3498.0,139438340.0,30265
2023-05-10 21:05:19,l2306,l2306,7947.0,0.0,0.0,0.0,11,7946.0,7947.0,5,7952.0,7978.0,7978.0,7943.0,3498.0,139438340.0,30265
2023-05-10 21:05:20,l2306,l2306,7947.0,5.0,198675.0,-5.0,19,7946.0,7948.0,12,7952.0,7978.0,7978.0,7943.0,3503.0,139637015.0,30260
2023-05-10 21:05:20,l2306,l2306,7947.0,0.0,0.0,0.0,2,7947.0,7949.0,47,7952.0,7978.0,7978.0,7943.0,3503.0,139637015.0,30260
2023-05-10 21:05:21,l2306,l2306,7947.0,0.0,0.0,0.0,35,7946.0,7948.0,6,7952.0,7978.0,7978.0,7943.0,3503.0,139637015.0,30260
2023-05-10 21:05:21,l2306,l2306,7947.0,0.0,0.0,0.0,26,7946.0,7949.0,68,7952.0,7978.0,7978.0,7943.0,3503.0,139637015.0,30260
2023-05-10 21:05:22,l2306,l2306,7947.0,0.0,0.0,0.0,24,7946.0,7949.0,69,7952.0,7978.0,7978.0,7943.0,3503.0,139637015.0,30260
2023-05-10 21:05:23,l2306,l2306,7947.0,0.0,0.0,0.0,27,7946.0,7949.0,73,7952.0,7978.0,7978.0,7943.0,3503.0,139637015.0,30260
2023-05-10 21:05:24,l2306,l2306,7947.0,0.0,0.0,0.0,34,7946.0,7948.0,8,7952.0,7978.0,7978.0,7943.0,3503.0,139637015.0,30260
2023-05-10 21:05:24,l2306,l2306,7947.0,0.0,0.0,0.0,48,7946.0,7948.0,8,7952.0,7978.0,7978.0,7943.0,3503.0,139637015.0,30260
2023-05-10 21:05:25,l2306,l2306,7947.0,0.0,0.0,0.0,74,7946.0,7949.0,71,7952.0,7978.0,7978.0,7943.0,3503.0,139637015.0,30260
2023-05-10 21:05:25,l2306,l2306,7949.0,2.0,79490.0,-2.0,2,7947.0,7949.0,61,7952.0,7978.0,7978.0,7943.0,3505.0,139716505.0,30258
2023-05-10 21:05:26,l2306,l2306,7949.0,0.0,0.0,0.0,4,7947.0,7949.0,55,7952.0,7978.0,7978.0,7943.0,3505.0,139716505.0,30258
2023-05-10 21:05:26,l2306,l2306,7949.0,0.0,0.0,0.0,13,7947.0,7949.0,37,7952.0,7978.0,7978.0,7943.0,3505.0,139716505.0,30258
2023-05-10 21:05:27,l2306,l2306,7949.0,0.0,0.0,0.0,13,7947.0,7949.0,40,7952.0,7978.0,7978.0,7943.0,3505.0,139716505.0,30258
2023-05-10 21:05:28,l2306,l2306,7949.0,0.0,0.0,0.0,11,7947.0,7949.0,25,7952.0,7978.0,7978.0,7943.0,3505.0,139716505.0,30258
2023-05-10 21:05:29,l2306,l2306,7949.0,0.0,0.0,0.0,11,7947.0,7949.0,16,7952.0,7978.0,7978.0,7943.0,3505.0,139716505.0,30258
2023-05-10 21:05:29,l2306,l2306,7949.0,0.0,0.0,0.0,11,7947.0,7949.0,17,7952.0,7978.0,7978.0,7943.0,3505.0,139716505.0,30258
2023-05-10 21:05:30,l2306,l2306,7949.0,0.0,0.0,0.0,13,7947.0,7949.0,11,7952.0,7978.0,7978.0,7943.0,3505.0,139716505.0,30258
2023-05-10 21:05:30,l2306,l2306,7949.0,0.0,0.0,0.0,13,7947.0,7950.0,72,7952.0,7978.0,7978.0,7943.0,3505.0,139716505.0,30258
2023-05-10 21:05:30,l2306,l2306,7949.0,0.0,0.0,0.0,13,7947.0,7950.0,73,7952.0,7978.0,7978.0,7943.0,3505.0,139716505.0,30258
2023-05-10 21:05:31,l2306,l2306,7947.0,1.0,39735.0,-1.0,18,7947.0,7950.0,67,7952.0,7978.0,7978.0,7943.0,3506.0,139756240.0,30257
2023-05-10 21:05:32,l2306,l2306,7947.0,0.0,0.0,0.0,17,7947.0,7950.0,73,7952.0,7978.0,7978.0,7943.0,3506.0,139756240.0,30257
2023-05-10 21:05:32,l2306,l2306,7947.0,0.0,0.0,0.0,17,7947.0,7950.0,79,7952.0,7978.0,7978.0,7943.0,3506.0,139756240.0,30257
2023-05-10 21:05:33,l2306,l2306,7947.0,0.0,0.0,0.0,15,7947.0,7950.0,85,7952.0,7978.0,7978.0,7943.0,3506.0,139756240.0,30257
2023-05-10 21:05:33,l2306,l2306,7947.0,0.0,0.0,0.0,20,7947.0,7950.0,85,7952.0,7978.0,7978.0,7943.0,3506.0,139756240.0,30257
2023-05-10 21:05:34,l2306,l2306,7947.0,0.0,0.0,0.0,2,7948.0,7950.0,89,7952.0,7978.0,7978.0,7943.0,3506.0,139756240.0,30257
2023-05-10 21:05:34,l2306,l2306,7947.0,0.0,0.0,0.0,2,7948.0,7950.0,65,7952.0,7978.0,7978.0,7943.0,3506.0,139756240.0,30257
2023-05-10 21:05:36,l2306,l2306,7947.0,0.0,0.0,0.0,6,7948.0,7950.0,63,7952.0,7978.0,7978.0,7943.0,3506.0,139756240.0,30257
2023-05-10 21:05:36,l2306,l2306,7947.0,0.0,0.0,0.0,23,7948.0,7950.0,17,7952.0,7978.0,7978.0,7943.0,3506.0,139756240.0,30257
2023-05-10 21:05:37,l2306,l2306,7947.0,0.0,0.0,0.0,17,7948.0,7950.0,11,7952.0,7978.0,7978.0,7943.0,3506.0,139756240.0,30257
2023-05-10 21:05:37,l2306,l2306,7947.0,0.0,0.0,0.0,19,7948.0,7950.0,11,7952.0,7978.0,7978.0,7943.0,3506.0,139756240.0,30257
2023-05-10 21:05:39,l2306,l2306,7947.0,0.0,0.0,0.0,25,7948.0,7950.0,11,7952.0,7978.0,7978.0,7943.0,3506.0,139756240.0,30257
2023-05-10 21:05:41,l2306,l2306,7947.0,0.0,0.0,0.0,10,7948.0,7950.0,11,7952.0,7978.0,7978.0,7943.0,3506.0,139756240.0,30257
2023-05-10 21:05:41,l2306,l2306,7947.0,0.0,0.0,0.0,6,7949.0,7950.0,1,7952.0,7978.0,7978.0,7943.0,3506.0,139756240.0,30257
2023-05-10 21:05:42,l2306,l2306,7950.0,1.0,39750.0,0.0,12,7949.0,7951.0,25,7952.0,7978.0,7978.0,7943.0,3507.0,139795990.0,30257
2023-05-10 21:05:42,l2306,l2306,7950.0,0.0,0.0,0.0,6,7949.0,7951.0,13,7952.0,7978.0,7978.0,7943.0,3507.0,139795990.0,30257
2023-05-10 21:05:44,l2306,l2306,7950.0,0.0,0.0,0.0,6,7949.0,7951.0,14,7952.0,7978.0,7978.0,7943.0,3507.0,139795990.0,30257
2023-05-10 21:05:45,l2306,l2306,7950.0,0.0,0.0,0.0,4,7949.0,7951.0,14,7952.0,7978.0,7978.0,7943.0,3507.0,139795990.0,30257
2023-05-10 21:05:45,l2306,l2306,7950.0,0.0,0.0,0.0,6,7949.0,7951.0,14,7952.0,7978.0,7978.0,7943.0,3507.0,139795990.0,30257
2023-05-10 21:05:46,l2306,l2306,7950.0,0.0,0.0,0.0,4,7949.0,7951.0,14,7952.0,7978.0,7978.0,7943.0,3507.0,139795990.0,30257
2023-05-10 21:05:46,l2306,l2306,7950.0,0.0,0.0,0.0,5,7949.0,7951.0,14,7952.0,7978.0,7978.0,7943.0,3507.0,139795990.0,30257
2023-05-10 21:05:47,l2306,l2306,7950.0,0.0,0.0,0.0,28,7949.0,7952.0,61,7952.0,7978.0,7978.0,7943.0,3507.0,139795990.0,30257
2023-05-10 21:05:47,l2306,l2306,7950.0,0.0,0.0,0.0,58,7949.0,7952.0,60,7952.0,7978.0,7978.0,7943.0,3507.0,139795990.0,30257
2023-05-10 21:05:48,l2306,l2306,7950.0,0.0,0.0,0.0,64,7949.0,7952.0,62,7952.0,7978.0,7978.0,7943.0,3507.0,139795990.0,30257
2023-05-10 21:05:48,l2306,l2306,7950.0,0.0,0.0,0.0,38,7949.0,7951.0,9,7952.0,7978.0,7978.0,7943.0,3507.0,139795990.0,30257
2023-05-10 21:05:49,l2306,l2306,7950.0,0.0,0.0,0.0,14,7949.0,7952.0,76,7952.0,7978.0,7978.0,7943.0,3507.0,139795990.0,30257
2023-05-10 21:05:49,l2306,l2306,7950.0,0.0,0.0,0.0,8,7949.0,7952.0,79,7952.0,7978.0,7978.0,7943.0,3507.0,139795990.0,30257
2023-05-10 21:05:50,l2306,l2306,7950.0,0.0,0.0,0.0,2,7949.0,7952.0,79,7952.0,7978.0,7978.0,7943.0,3507.0,139795990.0,30257
2023-05-10 21:05:50,l2306,l2306,7950.0,0.0,0.0,0.0,16,7949.0,7952.0,47,7952.0,7978.0,7978.0,7943.0,3507.0,139795990.0,30257
2023-05-10 21:05:51,l2306,l2306,7950.0,0.0,0.0,0.0,4,7949.0,7952.0,78,7952.0,7978.0,7978.0,7943.0,3507.0,139795990.0,30257
2023-05-10 21:05:51,l2306,l2306,7950.0,0.0,0.0,0.0,6,7949.0,7951.0,5,7952.0,7978.0,7978.0,7943.0,3507.0,139795990.0,30257
2023-05-10 21:05:52,l2306,l2306,7950.0,0.0,0.0,0.0,6,7949.0,7952.0,77,7952.0,7978.0,7978.0,7943.0,3507.0,139795990.0,30257
2023-05-10 21:05:53,l2306,l2306,7950.0,0.0,0.0,0.0,11,7949.0,7952.0,79,7952.0,7978.0,7978.0,7943.0,3507.0,139795990.0,30257
2023-05-10 21:05:54,l2306,l2306,7950.0,0.0,0.0,0.0,9,7949.0,7951.0,12,7952.0,7978.0,7978.0,7943.0,3507.0,139795990.0,30257
2023-05-10 21:05:54,l2306,l2306,7949.0,10.0,397450.0,-4.0,1,7949.0,7950.0,6,7952.0,7978.0,7978.0,7943.0,3517.0,140193440.0,30253
2023-05-10 21:05:55,l2306,l2306,7948.0,5.0,198705.0,0.0,13,7948.0,7949.0,1,7952.0,7978.0,7978.0,7943.0,3522.0,140392145.0,30253
2023-05-10 21:05:55,l2306,l2306,7948.0,0.0,0.0,0.0,9,7948.0,7949.0,1,7952.0,7978.0,7978.0,7943.0,3522.0,140392145.0,30253
2023-05-10 21:05:56,l2306,l2306,7949.0,1.0,39745.0,-1.0,13,7948.0,7950.0,16,7952.0,7978.0,7978.0,7943.0,3523.0,140431890.0,30252
2023-05-10 21:05:56,l2306,l2306,7949.0,0.0,0.0,0.0,13,7948.0,7950.0,9,7952.0,7978.0,7978.0,7943.0,3523.0,140431890.0,30252
2023-05-10 21:05:57,l2306,l2306,7949.0,0.0,0.0,0.0,13,7948.0,7950.0,10,7952.0,7978.0,7978.0,7943.0,3523.0,140431890.0,30252
2023-05-10 21:05:57,l2306,l2306,7949.0,0.0,0.0,0.0,13,7948.0,7950.0,9,7952.0,7978.0,7978.0,7943.0,3523.0,140431890.0,30252
2023-05-10 21:05:58,l2306,l2306,7949.0,0.0,0.0,0.0,9,7948.0,7950.0,10,7952.0,7978.0,7978.0,7943.0,3523.0,140431890.0,30252
2023-05-10 21:05:58,l2306,l2306,7949.0,0.0,0.0,0.0,9,7948.0,7950.0,14,7952.0,7978.0,7978.0,7943.0,3523.0,140431890.0,30252
2023-05-10 21:05:58,l2306,l2306,7949.0,0.0,0.0,0.0,9,7948.0,7950.0,16,7952.0,7978.0,7978.0,7943.0,3523.0,140431890.0,30252
2023-05-10 21:05:59,l2306,l2306,7949.0,0.0,0.0,0.0,9,7948.0,7950.0,22,7952.0,7978.0,7978.0,7943.0,3523.0,140431890.0,30252
2023-05-10 21:06:00,l2306,l2306,7949.0,0.0,0.0,0.0,20,7948.0,7950.0,52,7952.0,7978.0,7978.0,7943.0,3523.0,140431890.0,30252
2023-05-10 21:06:00,l2306,l2306,7949.0,0.0,0.0,0.0,20,7948.0,7950.0,26,7952.0,7978.0,7978.0,7943.0,3523.0,140431890.0,30252
2023-05-10 21:06:01,l2306,l2306,7949.0,0.0,0.0,0.0,20,7948.0,7950.0,8,7952.0,7978.0,7978.0,7943.0,3523.0,140431890.0,30252
2023-05-10 21:06:01,l2306,l2306,7949.0,0.0,0.0,0.0,40,7948.0,7950.0,14,7952.0,7978.0,7978.0,7943.0,3523.0,140431890.0,30252
2023-05-10 21:06:02,l2306,l2306,7949.0,0.0,0.0,0.0,46,7948.0,7950.0,28,7952.0,7978.0,7978.0,7943.0,3523.0,140431890.0,30252
2023-05-10 21:06:02,l2306,l2306,7949.0,0.0,0.0,0.0,52,7948.0,7950.0,32,7952.0,7978.0,7978.0,7943.0,3523.0,140431890.0,30252
2023-05-10 21:06:03,l2306,l2306,7949.0,0.0,0.0,0.0,2,7949.0,7950.0,5,7952.0,7978.0,7978.0,7943.0,3523.0,140431890.0,30252
2023-05-10 21:06:03,l2306,l2306,7949.0,0.0,0.0,0.0,14,7949.0,7950.0,4,7952.0,7978.0,7978.0,7943.0,3523.0,140431890.0,30252
2023-05-10 21:06:04,l2306,l2306,7950.0,1.0,39750.0,0.0,20,7949.0,7950.0,3,7952.0,7978.0,7978.0,7943.0,3524.0,140471640.0,30252
2023-05-10 21:06:05,l2306,l2306,7950.0,1.0,39750.0,1.0,51,7949.0,7952.0,66,7952.0,7978.0,7978.0,7943.0,3525.0,140511390.0,30253
2023-05-10 21:06:05,l2306,l2306,7950.0,0.0,0.0,0.0,63,7949.0,7952.0,67,7952.0,7978.0,7978.0,7943.0,3525.0,140511390.0,30253
2023-05-10 21:06:06,l2306,l2306,7950.0,0.0,0.0,0.0,81,7949.0,7952.0,55,7952.0,7978.0,7978.0,7943.0,3525.0,140511390.0,30253
2023-05-10 21:06:06,l2306,l2306,7950.0,0.0,0.0,0.0,34,7950.0,7952.0,9,7952.0,7978.0,7978.0,7943.0,3525.0,140511390.0,30253
2023-05-10 21:06:07,l2306,l2306,7950.0,0.0,0.0,0.0,66,7950.0,7953.0,24,7952.0,7978.0,7978.0,7943.0,3525.0,140511390.0,30253
2023-05-10 21:06:07,l2306,l2306,7950.0,0.0,0.0,0.0,78,7950.0,7953.0,1,7952.0,7978.0,7978.0,7943.0,3525.0,140511390.0,30253
2023-05-10 21:06:08,l2306,l2306,7950.0,0.0,0.0,0.0,54,7950.0,7952.0,1,7952.0,7978.0,7978.0,7943.0,3525.0,140511390.0,30253
2023-05-10 21:06:08,l2306,l2306,7950.0,0.0,0.0,0.0,47,7950.0,7953.0,15,7952.0,7978.0,7978.0,7943.0,3525.0,140511390.0,30253
2023-05-10 21:06:09,l2306,l2306,7950.0,0.0,0.0,0.0,72,7950.0,7953.0,3,7952.0,7978.0,7978.0,7943.0,3525.0,140511390.0,30253
2023-05-10 21:06:09,l2306,l2306,7950.0,0.0,0.0,0.0,18,7951.0,7954.0,37,7952.0,7978.0,7978.0,7943.0,3525.0,140511390.0,30253
2023-05-10 21:06:10,l2306,l2306,7950.0,0.0,0.0,0.0,20,7951.0,7954.0,21,7952.0,7978.0,7978.0,7943.0,3525.0,140511390.0,30253
2023-05-10 21:06:10,l2306,l2306,7950.0,0.0,0.0,0.0,26,7951.0,7954.0,14,7952.0,7978.0,7978.0,7943.0,3525.0,140511390.0,30253
2023-05-10 21:06:11,l2306,l2306,7950.0,0.0,0.0,0.0,51,7951.0,7955.0,48,7952.0,7978.0,7978.0,7943.0,3525.0,140511390.0,30253
2023-05-10 21:06:11,l2306,l2306,7950.0,0.0,0.0,0.0,74,7951.0,7955.0,66,7952.0,7978.0,7978.0,7943.0,3525.0,140511390.0,30253
2023-05-10 21:06:12,l2306,l2306,7950.0,0.0,0.0,0.0,49,7951.0,7954.0,15,7952.0,7978.0,7978.0,7943.0,3525.0,140511390.0,30253
2023-05-10 21:06:12,l2306,l2306,7950.0,0.0,0.0,0.0,61,7951.0,7954.0,21,7952.0,7978.0,7978.0,7943.0,3525.0,140511390.0,30253
2023-05-10 21:06:13,l2306,l2306,7950.0,0.0,0.0,0.0,55,7951.0,7954.0,21,7952.0,7978.0,7978.0,7943.0,3525.0,140511390.0,30253
2023-05-10 21:06:13,l2306,l2306,7950.0,0.0,0.0,0.0,59,7951.0,7954.0,21,7952.0,7978.0,7978.0,7943.0,3525.0,140511390.0,30253
2023-05-10 21:06:14,l2306,l2306,7950.0,0.0,0.0,0.0,65,7951.0,7954.0,13,7952.0,7978.0,7978.0,7943.0,3525.0,140511390.0,30253
2023-05-10 21:06:14,l2306,l2306,7950.0,0.0,0.0,0.0,59,7951.0,7954.0,19,7952.0,7978.0,7978.0,7943.0,3525.0,140511390.0,30253
2023-05-10 21:06:15,l2306,l2306,7950.0,0.0,0.0,0.0,65,7951.0,7954.0,11,7952.0,7978.0,7978.0,7943.0,3525.0,140511390.0,30253
2023-05-10 21:06:15,l2306,l2306,7950.0,0.0,0.0,0.0,41,7951.0,7953.0,3,7952.0,7978.0,7978.0,7943.0,3525.0,140511390.0,30253
2023-05-10 21:06:16,l2306,l2306,7950.0,0.0,0.0,0.0,23,7951.0,7953.0,3,7952.0,7978.0,7978.0,7943.0,3525.0,140511390.0,30253
2023-05-10 21:06:16,l2306,l2306,7950.0,0.0,0.0,0.0,11,7951.0,7953.0,3,7952.0,7978.0,7978.0,7943.0,3525.0,140511390.0,30253
2023-05-10 21:06:19,l2306,l2306,7950.0,0.0,0.0,0.0,9,7951.0,7952.0,1,7952.0,7978.0,7978.0,7943.0,3525.0,140511390.0,30253
2023-05-10 21:06:19,l2306,l2306,7950.0,0.0,0.0,0.0,13,7951.0,7952.0,1,7952.0,7978.0,7978.0,7943.0,3525.0,140511390.0,30253
2023-05-10 21:06:20,l2306,l2306,7950.0,0.0,0.0,0.0,15,7951.0,7952.0,1,7952.0,7978.0,7978.0,7943.0,3525.0,140511390.0,30253
2023-05-10 21:06:21,l2306,l2306,7950.0,0.0,0.0,0.0,13,7951.0,7952.0,1,7952.0,7978.0,7978.0,7943.0,3525.0,140511390.0,30253
2023-05-10 21:06:21,l2306,l2306,7950.0,0.0,0.0,0.0,19,7951.0,7952.0,1,7952.0,7978.0,7978.0,7943.0,3525.0,140511390.0,30253
2023-05-10 21:06:22,l2306,l2306,7952.0,1.0,39760.0,0.0,19,7951.0,7953.0,38,7952.0,7978.0,7978.0,7943.0,3526.0,140551150.0,30253
2023-05-10 21:06:23,l2306,l2306,7952.0,0.0,0.0,0.0,27,7951.0,7953.0,3,7952.0,7978.0,7978.0,7943.0,3526.0,140551150.0,30253
2023-05-10 21:06:23,l2306,l2306,7952.0,0.0,0.0,0.0,45,7951.0,7953.0,3,7952.0,7978.0,7978.0,7943.0,3526.0,140551150.0,30253
2023-05-10 21:06:24,l2306,l2306,7952.0,0.0,0.0,0.0,63,7951.0,7953.0,3,7952.0,7978.0,7978.0,7943.0,3526.0,140551150.0,30253
2023-05-10 21:06:24,l2306,l2306,7952.0,0.0,0.0,0.0,51,7951.0,7953.0,9,7952.0,7978.0,7978.0,7943.0,3526.0,140551150.0,30253
2023-05-10 21:06:25,l2306,l2306,7952.0,0.0,0.0,0.0,39,7951.0,7953.0,19,7952.0,7978.0,7978.0,7943.0,3526.0,140551150.0,30253
2023-05-10 21:06:25,l2306,l2306,7952.0,0.0,0.0,0.0,41,7951.0,7953.0,19,7952.0,7978.0,7978.0,7943.0,3526.0,140551150.0,30253
2023-05-10 21:06:26,l2306,l2306,7952.0,0.0,0.0,0.0,39,7951.0,7953.0,24,7952.0,7978.0,7978.0,7943.0,3526.0,140551150.0,30253
2023-05-10 21:06:26,l2306,l2306,7951.0,4.0,159020.0,-3.0,18,7951.0,7952.0,10,7952.0,7978.0,7978.0,7943.0,3530.0,140710170.0,30250
2023-05-10 21:06:28,l2306,l2306,7951.0,0.0,0.0,0.0,18,7951.0,7953.0,68,7952.0,7978.0,7978.0,7943.0,3530.0,140710170.0,30250
2023-05-10 21:06:28,l2306,l2306,7951.0,0.0,0.0,0.0,18,7951.0,7953.0,70,7952.0,7978.0,7978.0,7943.0,3530.0,140710170.0,30250
2023-05-10 21:06:29,l2306,l2306,7951.0,1.0,39755.0,0.0,17,7951.0,7952.0,12,7952.0,7978.0,7978.0,7943.0,3531.0,140749925.0,30250
2023-05-10 21:06:29,l2306,l2306,7951.0,6.0,238530.0,0.0,11,7951.0,7952.0,12,7952.0,7978.0,7978.0,7943.0,3537.0,140988455.0,30250
2023-05-10 21:06:30,l2306,l2306,7951.0,1.0,39755.0,0.0,10,7951.0,7952.0,12,7952.0,7978.0,7978.0,7943.0,3538.0,141028210.0,30250
2023-05-10 21:06:30,l2306,l2306,7951.0,10.0,397550.0,-10.0,8,7950.0,7952.0,12,7952.0,7978.0,7978.0,7943.0,3548.0,141425760.0,30240
2023-05-10 21:06:31,l2306,l2306,7951.0,0.0,0.0,0.0,93,7949.0,7952.0,12,7952.0,7978.0,7978.0,7943.0,3548.0,141425760.0,30240
2023-05-10 21:06:31,l2306,l2306,7949.0,1.0,39745.0,-1.0,66,7949.0,7951.0,30,7952.0,7978.0,7978.0,7943.0,3549.0,141465505.0,30239
2023-05-10 21:06:32,l2306,l2306,7949.0,66.0,2623170.0,18.0,35,7948.0,7949.0,15,7952.0,7978.0,7978.0,7943.0,3615.0,144088675.0,30257
2023-05-10 21:06:32,l2306,l2306,7948.0,3.0,119220.0,0.0,22,7948.0,7949.0,24,7952.0,7978.0,7978.0,7943.0,3618.0,144207895.0,30257
2023-05-10 21:06:33,l2306,l2306,7948.0,0.0,0.0,0.0,22,7948.0,7949.0,30,7952.0,7978.0,7978.0,7943.0,3618.0,144207895.0,30257
2023-05-10 21:06:33,l2306,l2306,7948.0,0.0,0.0,0.0,23,7948.0,7949.0,30,7952.0,7978.0,7978.0,7943.0,3618.0,144207895.0,30257
2023-05-10 21:06:35,l2306,l2306,7948.0,10.0,397400.0,-6.0,13,7948.0,7949.0,56,7952.0,7978.0,7978.0,7943.0,3628.0,144605295.0,30251
2023-05-10 21:06:35,l2306,l2306,7948.0,7.0,278180.0,-7.0,7,7948.0,7949.0,51,7952.0,7978.0,7978.0,7943.0,3635.0,144883475.0,30244
2023-05-10 21:06:36,l2306,l2306,7948.0,5.0,198700.0,0.0,2,7948.0,7949.0,51,7952.0,7978.0,7978.0,7943.0,3640.0,145082175.0,30244
2023-05-10 21:06:37,l2306,l2306,7948.0,2.0,79480.0,0.0,30,7946.0,7948.0,6,7952.0,7978.0,7978.0,7943.0,3642.0,145161655.0,30244
2023-05-10 21:06:37,l2306,l2306,7948.0,0.0,0.0,0.0,59,7945.0,7948.0,18,7952.0,7978.0,7978.0,7943.0,3642.0,145161655.0,30244
2023-05-10 21:06:38,l2306,l2306,7948.0,0.0,0.0,0.0,2,7946.0,7948.0,14,7952.0,7978.0,7978.0,7943.0,3642.0,145161655.0,30244
2023-05-10 21:06:38,l2306,l2306,7948.0,0.0,0.0,0.0,2,7946.0,7948.0,17,7952.0,7978.0,7978.0,7943.0,3642.0,145161655.0,30244
2023-05-10 21:06:41,l2306,l2306,7948.0,0.0,0.0,0.0,6,7946.0,7948.0,17,7952.0,7978.0,7978.0,7943.0,3642.0,145161655.0,30244
2023-05-10 21:06:42,l2306,l2306,7948.0,0.0,0.0,0.0,13,7946.0,7948.0,17,7952.0,7978.0,7978.0,7943.0,3642.0,145161655.0,30244
2023-05-10 21:06:42,l2306,l2306,7948.0,0.0,0.0,0.0,39,7946.0,7948.0,9,7952.0,7978.0,7978.0,7943.0,3642.0,145161655.0,30244
2023-05-10 21:06:43,l2306,l2306,7948.0,0.0,0.0,0.0,45,7946.0,7948.0,7,7952.0,7978.0,7978.0,7943.0,3642.0,145161655.0,30244
2023-05-10 21:06:43,l2306,l2306,7948.0,0.0,0.0,0.0,54,7946.0,7948.0,7,7952.0,7978.0,7978.0,7943.0,3642.0,145161655.0,30244
2023-05-10 21:06:44,l2306,l2306,7947.0,2.0,79470.0,-1.0,54,7946.0,7948.0,7,7952.0,7978.0,7978.0,7943.0,3644.0,145241125.0,30243
2023-05-10 21:06:44,l2306,l2306,7947.0,0.0,0.0,0.0,57,7946.0,7948.0,7,7952.0,7978.0,7978.0,7943.0,3644.0,145241125.0,30243
2023-05-10 21:06:48,l2306,l2306,7948.0,7.0,278180.0,-7.0,6,7947.0,7949.0,37,7952.0,7978.0,7978.0,7943.0,3651.0,145519305.0,30236
2023-05-10 21:06:49,l2306,l2306,7948.0,0.0,0.0,0.0,24,7947.0,7949.0,7,7952.0,7978.0,7978.0,7943.0,3651.0,145519305.0,30236
2023-05-10 21:06:49,l2306,l2306,7948.0,0.0,0.0,0.0,36,7947.0,7949.0,6,7952.0,7978.0,7978.0,7943.0,3651.0,145519305.0,30236
2023-05-10 21:06:50,l2306,l2306,7948.0,0.0,0.0,0.0,66,7947.0,7949.0,6,7952.0,7978.0,7978.0,7943.0,3651.0,145519305.0,30236
2023-05-10 21:06:50,l2306,l2306,7948.0,0.0,0.0,0.0,55,7947.0,7949.0,6,7952.0,7978.0,7978.0,7943.0,3651.0,145519305.0,30236
2023-05-10 21:06:50,l2306,l2306,7948.0,0.0,0.0,0.0,61,7947.0,7949.0,6,7952.0,7978.0,7978.0,7943.0,3651.0,145519305.0,30236
2023-05-10 21:06:52,l2306,l2306,7948.0,0.0,0.0,0.0,55,7947.0,7949.0,6,7952.0,7978.0,7978.0,7943.0,3651.0,145519305.0,30236
2023-05-10 21:06:52,l2306,l2306,7948.0,0.0,0.0,0.0,57,7947.0,7949.0,6,7952.0,7978.0,7978.0,7943.0,3651.0,145519305.0,30236
2023-05-10 21:06:55,l2306,l2306,7948.0,0.0,0.0,0.0,53,7947.0,7949.0,7,7952.0,7978.0,7978.0,7943.0,3651.0,145519305.0,30236
2023-05-10 21:06:55,l2306,l2306,7948.0,0.0,0.0,0.0,48,7947.0,7949.0,7,7952.0,7978.0,7978.0,7943.0,3651.0,145519305.0,30236
2023-05-10 21:06:56,l2306,l2306,7948.0,0.0,0.0,0.0,42,7947.0,7949.0,9,7952.0,7978.0,7978.0,7943.0,3651.0,145519305.0,30236
2023-05-10 21:06:58,l2306,l2306,7949.0,9.0,357705.0,-9.0,42,7947.0,7950.0,64,7952.0,7978.0,7978.0,7943.0,3660.0,145877010.0,30227
2023-05-10 21:06:58,l2306,l2306,7949.0,0.0,0.0,0.0,71,7947.0,7950.0,30,7952.0,7978.0,7978.0,7943.0,3660.0,145877010.0,30227
2023-05-10 21:06:59,l2306,l2306,7949.0,0.0,0.0,0.0,79,7947.0,7950.0,16,7952.0,7978.0,7978.0,7943.0,3660.0,145877010.0,30227
2023-05-10 21:06:59,l2306,l2306,7949.0,0.0,0.0,0.0,85,7947.0,7950.0,4,7952.0,7978.0,7978.0,7943.0,3660.0,145877010.0,30227
2023-05-10 21:07:00,l2306,l2306,7949.0,0.0,0.0,0.0,61,7947.0,7950.0,34,7952.0,7978.0,7978.0,7943.0,3660.0,145877010.0,30227
2023-05-10 21:07:01,l2306,l2306,7949.0,0.0,0.0,0.0,67,7947.0,7950.0,46,7952.0,7978.0,7978.0,7943.0,3660.0,145877010.0,30227
2023-05-10 21:07:01,l2306,l2306,7949.0,0.0,0.0,0.0,70,7947.0,7950.0,52,7952.0,7978.0,7978.0,7943.0,3660.0,145877010.0,30227
2023-05-10 21:07:02,l2306,l2306,7949.0,0.0,0.0,0.0,41,7947.0,7949.0,10,7952.0,7978.0,7978.0,7943.0,3660.0,145877010.0,30227
2023-05-10 21:07:02,l2306,l2306,7949.0,0.0,0.0,0.0,18,7947.0,7949.0,4,7952.0,7978.0,7978.0,7943.0,3660.0,145877010.0,30227
2023-05-10 21:07:03,l2306,l2306,7949.0,0.0,0.0,0.0,14,7947.0,7950.0,68,7952.0,7978.0,7978.0,7943.0,3660.0,145877010.0,30227
2023-05-10 21:07:03,l2306,l2306,7949.0,0.0,0.0,0.0,14,7947.0,7950.0,76,7952.0,7978.0,7978.0,7943.0,3660.0,145877010.0,30227
2023-05-10 21:07:04,l2306,l2306,7949.0,0.0,0.0,0.0,50,7947.0,7950.0,28,7952.0,7978.0,7978.0,7943.0,3660.0,145877010.0,30227
2023-05-10 21:07:05,l2306,l2306,7949.0,0.0,0.0,0.0,80,7947.0,7950.0,4,7952.0,7978.0,7978.0,7943.0,3660.0,145877010.0,30227
2023-05-10 21:07:09,l2306,l2306,7949.0,0.0,0.0,0.0,6,7949.0,7950.0,4,7952.0,7978.0,7978.0,7943.0,3660.0,145877010.0,30227
2023-05-10 21:07:10,l2306,l2306,7951.0,43.0,1709445.0,-26.0,4,7951.0,7952.0,20,7952.0,7978.0,7978.0,7943.0,3703.0,147586455.0,30201
2023-05-10 21:07:10,l2306,l2306,7952.0,3.0,119280.0,0.0,4,7951.0,7952.0,14,7952.0,7978.0,7978.0,7943.0,3706.0,147705735.0,30201
2023-05-10 21:07:12,l2306,l2306,7952.0,0.0,0.0,0.0,4,7951.0,7952.0,12,7952.0,7978.0,7978.0,7943.0,3706.0,147705735.0,30201
2023-05-10 21:07:12,l2306,l2306,7952.0,0.0,0.0,0.0,6,7951.0,7952.0,12,7952.0,7978.0,7978.0,7943.0,3706.0,147705735.0,30201
2023-05-10 21:07:13,l2306,l2306,7952.0,0.0,0.0,0.0,2,7951.0,7952.0,20,7952.0,7978.0,7978.0,7943.0,3706.0,147705735.0,30201
2023-05-10 21:07:13,l2306,l2306,7952.0,0.0,0.0,0.0,2,7951.0,7952.0,12,7952.0,7978.0,7978.0,7943.0,3706.0,147705735.0,30201
2023-05-10 21:07:14,l2306,l2306,7952.0,0.0,0.0,0.0,2,7951.0,7952.0,6,7952.0,7978.0,7978.0,7943.0,3706.0,147705735.0,30201
2023-05-10 21:07:14,l2306,l2306,7952.0,0.0,0.0,0.0,2,7951.0,7953.0,48,7952.0,7978.0,7978.0,7943.0,3706.0,147705735.0,30201
2023-05-10 21:07:15,l2306,l2306,7952.0,0.0,0.0,0.0,2,7951.0,7953.0,36,7952.0,7978.0,7978.0,7943.0,3706.0,147705735.0,30201
2023-05-10 21:07:15,l2306,l2306,7952.0,0.0,0.0,0.0,2,7952.0,7954.0,52,7952.0,7978.0,7978.0,7943.0,3706.0,147705735.0,30201
2023-05-10 21:07:16,l2306,l2306,7952.0,0.0,0.0,0.0,2,7952.0,7954.0,18,7952.0,7978.0,7978.0,7943.0,3706.0,147705735.0,30201
2023-05-10 21:07:16,l2306,l2306,7952.0,0.0,0.0,0.0,2,7952.0,7955.0,64,7952.0,7978.0,7978.0,7943.0,3706.0,147705735.0,30201
2023-05-10 21:07:17,l2306,l2306,7952.0,0.0,0.0,0.0,51,7951.0,7954.0,24,7952.0,7978.0,7978.0,7943.0,3706.0,147705735.0,30201
2023-05-10 21:07:17,l2306,l2306,7952.0,0.0,0.0,0.0,59,7951.0,7954.0,32,7952.0,7978.0,7978.0,7943.0,3706.0,147705735.0,30201
2023-05-10 21:07:18,l2306,l2306,7952.0,0.0,0.0,0.0,71,7951.0,7954.0,14,7952.0,7978.0,7978.0,7943.0,3706.0,147705735.0,30201
2023-05-10 21:07:18,l2306,l2306,7952.0,0.0,0.0,0.0,2,7952.0,7954.0,14,7952.0,7978.0,7978.0,7943.0,3706.0,147705735.0,30201
2023-05-10 21:07:19,l2306,l2306,7952.0,0.0,0.0,0.0,2,7952.0,7954.0,8,7952.0,7978.0,7978.0,7943.0,3706.0,147705735.0,30201
2023-05-10 21:07:19,l2306,l2306,7952.0,0.0,0.0,0.0,9,7952.0,7954.0,8,7952.0,7978.0,7978.0,7943.0,3706.0,147705735.0,30201
2023-05-10 21:07:20,l2306,l2306,7952.0,0.0,0.0,0.0,9,7952.0,7955.0,69,7952.0,7978.0,7978.0,7943.0,3706.0,147705735.0,30201
2023-05-10 21:07:20,l2306,l2306,7952.0,0.0,0.0,0.0,13,7952.0,7955.0,71,7952.0,7978.0,7978.0,7943.0,3706.0,147705735.0,30201
2023-05-10 21:07:23,l2306,l2306,7952.0,0.0,0.0,0.0,13,7952.0,7955.0,64,7952.0,7978.0,7978.0,7943.0,3706.0,147705735.0,30201
2023-05-10 21:07:23,l2306,l2306,7952.0,0.0,0.0,0.0,32,7952.0,7955.0,65,7952.0,7978.0,7978.0,7943.0,3706.0,147705735.0,30201
2023-05-10 21:07:24,l2306,l2306,7952.0,0.0,0.0,0.0,88,7952.0,7955.0,27,7952.0,7978.0,7978.0,7943.0,3706.0,147705735.0,30201
2023-05-10 21:07:24,l2306,l2306,7952.0,0.0,0.0,0.0,74,7952.0,7955.0,27,7952.0,7978.0,7978.0,7943.0,3706.0,147705735.0,30201
2023-05-10 21:07:25,l2306,l2306,7952.0,0.0,0.0,0.0,88,7952.0,7955.0,15,7952.0,7978.0,7978.0,7943.0,3706.0,147705735.0,30201
2023-05-10 21:07:25,l2306,l2306,7952.0,0.0,0.0,0.0,76,7952.0,7955.0,21,7952.0,7978.0,7978.0,7943.0,3706.0,147705735.0,30201
2023-05-10 21:07:26,l2306,l2306,7952.0,0.0,0.0,0.0,70,7952.0,7955.0,34,7952.0,7978.0,7978.0,7943.0,3706.0,147705735.0,30201
2023-05-10 21:07:26,l2306,l2306,7952.0,0.0,0.0,0.0,82,7952.0,7955.0,46,7952.0,7978.0,7978.0,7943.0,3706.0,147705735.0,30201
2023-05-10 21:07:29,l2306,l2306,7952.0,0.0,0.0,0.0,70,7952.0,7954.0,6,7952.0,7978.0,7978.0,7943.0,3706.0,147705735.0,30201
2023-05-10 21:07:29,l2306,l2306,7952.0,0.0,0.0,0.0,72,7952.0,7954.0,6,7952.0,7978.0,7978.0,7943.0,3706.0,147705735.0,30201
2023-05-10 21:07:30,l2306,l2306,7952.0,0.0,0.0,0.0,78,7952.0,7955.0,57,7952.0,7978.0,7978.0,7943.0,3706.0,147705735.0,30201
2023-05-10 21:07:30,l2306,l2306,7952.0,0.0,0.0,0.0,84,7952.0,7955.0,51,7952.0,7978.0,7978.0,7943.0,3706.0,147705735.0,30201
2023-05-10 21:07:32,l2306,l2306,7952.0,0.0,0.0,0.0,68,7952.0,7954.0,25,7952.0,7978.0,7978.0,7943.0,3706.0,147705735.0,30201
2023-05-10 21:07:32,l2306,l2306,7952.0,0.0,0.0,0.0,66,7952.0,7954.0,19,7952.0,7978.0,7978.0,7943.0,3706.0,147705735.0,30201
2023-05-10 21:07:33,l2306,l2306,7952.0,0.0,0.0,0.0,68,7952.0,7954.0,19,7952.0,7978.0,7978.0,7943.0,3706.0,147705735.0,30201
2023-05-10 21:07:34,l2306,l2306,7952.0,0.0,0.0,0.0,76,7952.0,7954.0,13,7952.0,7978.0,7978.0,7943.0,3706.0,147705735.0,30201
2023-05-10 21:07:34,l2306,l2306,7952.0,0.0,0.0,0.0,76,7952.0,7954.0,7,7952.0,7978.0,7978.0,7943.0,3706.0,147705735.0,30201
2023-05-10 21:07:35,l2306,l2306,7952.0,0.0,0.0,0.0,76,7952.0,7954.0,1,7952.0,7978.0,7978.0,7943.0,3706.0,147705735.0,30201
2023-05-10 21:07:37,l2306,l2306,7952.0,0.0,0.0,0.0,82,7952.0,7954.0,1,7952.0,7978.0,7978.0,7943.0,3706.0,147705735.0,30201
2023-05-10 21:07:38,l2306,l2306,7952.0,0.0,0.0,0.0,84,7952.0,7954.0,1,7952.0,7978.0,7978.0,7943.0,3706.0,147705735.0,30201
2023-05-10 21:07:38,l2306,l2306,7953.0,2.0,79530.0,-2.0,85,7952.0,7954.0,1,7952.0,7978.0,7978.0,7943.0,3708.0,147785265.0,30199
2023-05-10 21:07:40,l2306,l2306,7953.0,0.0,0.0,0.0,77,7952.0,7954.0,1,7952.0,7978.0,7978.0,7943.0,3708.0,147785265.0,30199
2023-05-10 21:07:40,l2306,l2306,7953.0,0.0,0.0,0.0,85,7952.0,7954.0,1,7952.0,7978.0,7978.0,7943.0,3708.0,147785265.0,30199
2023-05-10 21:07:47,l2306,l2306,7953.0,0.0,0.0,0.0,2,7953.0,7954.0,1,7952.0,7978.0,7978.0,7943.0,3708.0,147785265.0,30199
2023-05-10 21:07:47,l2306,l2306,7954.0,1.0,39770.0,0.0,6,7953.0,7955.0,73,7952.0,7978.0,7978.0,7943.0,3709.0,147825035.0,30199
2023-05-10 21:07:48,l2306,l2306,7955.0,1.0,39775.0,0.0,6,7953.0,7955.0,67,7952.0,7978.0,7978.0,7943.0,3710.0,147864810.0,30199
2023-05-10 21:07:48,l2306,l2306,7955.0,0.0,0.0,0.0,7,7953.0,7955.0,67,7952.0,7978.0,7978.0,7943.0,3710.0,147864810.0,30199
2023-05-10 21:07:52,l2306,l2306,7955.0,0.0,0.0,0.0,13,7953.0,7955.0,17,7952.0,7978.0,7978.0,7943.0,3710.0,147864810.0,30199
2023-05-10 21:07:52,l2306,l2306,7955.0,0.0,0.0,0.0,14,7953.0,7956.0,62,7952.0,7978.0,7978.0,7943.0,3710.0,147864810.0,30199
2023-05-10 21:07:52,l2306,l2306,7955.0,0.0,0.0,0.0,14,7953.0,7956.0,68,7952.0,7978.0,7978.0,7943.0,3710.0,147864810.0,30199
2023-05-10 21:07:53,l2306,l2306,7955.0,0.0,0.0,0.0,13,7953.0,7956.0,68,7952.0,7978.0,7978.0,7943.0,3710.0,147864810.0,30199
2023-05-10 21:07:55,l2306,l2306,7955.0,0.0,0.0,0.0,13,7953.0,7955.0,26,7952.0,7978.0,7978.0,7943.0,3710.0,147864810.0,30199
2023-05-10 21:07:55,l2306,l2306,7955.0,0.0,0.0,0.0,14,7953.0,7955.0,28,7952.0,7978.0,7978.0,7943.0,3710.0,147864810.0,30199
2023-05-10 21:07:56,l2306,l2306,7955.0,0.0,0.0,0.0,14,7953.0,7955.0,22,7952.0,7978.0,7978.0,7943.0,3710.0,147864810.0,30199
2023-05-10 21:07:57,l2306,l2306,7955.0,0.0,0.0,0.0,14,7953.0,7955.0,14,7952.0,7978.0,7978.0,7943.0,3710.0,147864810.0,30199
2023-05-10 21:07:57,l2306,l2306,7955.0,0.0,0.0,0.0,14,7953.0,7956.0,66,7952.0,7978.0,7978.0,7943.0,3710.0,147864810.0,30199
2023-05-10 21:07:58,l2306,l2306,7955.0,0.0,0.0,0.0,14,7953.0,7956.0,68,7952.0,7978.0,7978.0,7943.0,3710.0,147864810.0,30199
2023-05-10 21:07:59,l2306,l2306,7955.0,0.0,0.0,0.0,14,7953.0,7956.0,69,7952.0,7978.0,7978.0,7943.0,3710.0,147864810.0,30199
2023-05-10 21:07:59,l2306,l2306,7955.0,0.0,0.0,0.0,30,7953.0,7956.0,69,7952.0,7978.0,7978.0,7943.0,3710.0,147864810.0,30199
2023-05-10 21:08:00,l2306,l2306,7955.0,0.0,0.0,0.0,30,7953.0,7956.0,63,7952.0,7978.0,7978.0,7943.0,3710.0,147864810.0,30199
2023-05-10 21:08:00,l2306,l2306,7954.0,2.0,79540.0,0.0,56,7953.0,7956.0,39,7952.0,7978.0,7978.0,7943.0,3712.0,147944350.0,30199
2023-05-10 21:08:01,l2306,l2306,7954.0,0.0,0.0,0.0,86,7953.0,7956.0,3,7952.0,7978.0,7978.0,7943.0,3712.0,147944350.0,30199
2023-05-10 21:08:01,l2306,l2306,7954.0,0.0,0.0,0.0,97,7953.0,7956.0,3,7952.0,7978.0,7978.0,7943.0,3712.0,147944350.0,30199
2023-05-10 21:08:02,l2306,l2306,7954.0,0.0,0.0,0.0,85,7953.0,7955.0,5,7952.0,7978.0,7978.0,7943.0,3712.0,147944350.0,30199
2023-05-10 21:08:02,l2306,l2306,7955.0,6.0,238650.0,-6.0,80,7953.0,7956.0,58,7952.0,7978.0,7978.0,7943.0,3718.0,148183000.0,30193
2023-05-10 21:08:03,l2306,l2306,7956.0,1.0,39780.0,0.0,104,7953.0,7956.0,51,7952.0,7978.0,7978.0,7943.0,3719.0,148222780.0,30193
2023-05-10 21:08:03,l2306,l2306,7956.0,0.0,0.0,0.0,2,7954.0,7956.0,45,7952.0,7978.0,7978.0,7943.0,3719.0,148222780.0,30193
2023-05-10 21:08:04,l2306,l2306,7956.0,0.0,0.0,0.0,2,7954.0,7956.0,47,7952.0,7978.0,7978.0,7943.0,3719.0,148222780.0,30193
2023-05-10 21:08:04,l2306,l2306,7956.0,0.0,0.0,0.0,11,7954.0,7956.0,47,7952.0,7978.0,7978.0,7943.0,3719.0,148222780.0,30193
2023-05-10 21:08:05,l2306,l2306,7956.0,0.0,0.0,0.0,19,7954.0,7956.0,8,7952.0,7978.0,7978.0,7943.0,3719.0,148222780.0,30193
2023-05-10 21:08:05,l2306,l2306,7956.0,0.0,0.0,0.0,32,7954.0,7957.0,53,7952.0,7978.0,7978.0,7943.0,3719.0,148222780.0,30193
2023-05-10 21:08:06,l2306,l2306,7956.0,0.0,0.0,0.0,6,7955.0,7957.0,49,7952.0,7978.0,7978.0,7943.0,3719.0,148222780.0,30193
2023-05-10 21:08:06,l2306,l2306,7956.0,0.0,0.0,0.0,23,7955.0,7958.0,48,7952.0,7978.0,7978.0,7943.0,3719.0,148222780.0,30193
2023-05-10 21:08:07,l2306,l2306,7956.0,0.0,0.0,0.0,17,7955.0,7958.0,50,7952.0,7978.0,7978.0,7943.0,3719.0,148222780.0,30193
2023-05-10 21:08:08,l2306,l2306,7956.0,0.0,0.0,0.0,23,7955.0,7958.0,44,7952.0,7978.0,7978.0,7943.0,3719.0,148222780.0,30193
2023-05-10 21:08:08,l2306,l2306,7956.0,0.0,0.0,0.0,30,7955.0,7958.0,38,7952.0,7978.0,7978.0,7943.0,3719.0,148222780.0,30193
2023-05-10 21:08:09,l2306,l2306,7956.0,0.0,0.0,0.0,24,7955.0,7958.0,44,7952.0,7978.0,7978.0,7943.0,3719.0,148222780.0,30193
2023-05-10 21:08:10,l2306,l2306,7956.0,0.0,0.0,0.0,30,7955.0,7958.0,44,7952.0,7978.0,7978.0,7943.0,3719.0,148222780.0,30193
2023-05-10 21:08:10,l2306,l2306,7956.0,0.0,0.0,0.0,17,7955.0,7958.0,62,7952.0,7978.0,7978.0,7943.0,3719.0,148222780.0,30193
2023-05-10 21:08:13,l2306,l2306,7956.0,0.0,0.0,0.0,11,7955.0,7957.0,23,7952.0,7978.0,7978.0,7943.0,3719.0,148222780.0,30193
2023-05-10 21:08:13,l2306,l2306,7956.0,0.0,0.0,0.0,19,7955.0,7957.0,35,7952.0,7978.0,7978.0,7943.0,3719.0,148222780.0,30193
2023-05-10 21:08:14,l2306,l2306,7956.0,0.0,0.0,0.0,19,7955.0,7957.0,47,7952.0,7978.0,7978.0,7943.0,3719.0,148222780.0,30193
2023-05-10 21:08:15,l2306,l2306,7955.0,19.0,755725.0,-16.0,45,7954.0,7956.0,6,7952.0,7978.0,7978.0,7943.0,3738.0,148978505.0,30177
2023-05-10 21:08:15,l2306,l2306,7954.0,2.0,79540.0,-2.0,7,7954.0,7957.0,69,7952.0,7978.0,7978.0,7943.0,3740.0,149058045.0,30175
2023-05-10 21:08:24,l2306,l2306,7954.0,0.0,0.0,0.0,7,7954.0,7956.0,18,7952.0,7978.0,7978.0,7943.0,3740.0,149058045.0,30175
2023-05-10 21:08:25,l2306,l2306,7954.0,0.0,0.0,0.0,17,7954.0,7956.0,32,7952.0,7978.0,7978.0,7943.0,3740.0,149058045.0,30175
2023-05-10 21:08:25,l2306,l2306,7954.0,4.0,159080.0,-2.0,14,7954.0,7956.0,50,7952.0,7978.0,7978.0,7943.0,3744.0,149217125.0,30173
2023-05-10 21:08:26,l2306,l2306,7954.0,0.0,0.0,0.0,14,7954.0,7956.0,68,7952.0,7978.0,7978.0,7943.0,3744.0,149217125.0,30173
2023-05-10 21:08:26,l2306,l2306,7954.0,0.0,0.0,0.0,14,7954.0,7956.0,62,7952.0,7978.0,7978.0,7943.0,3744.0,149217125.0,30173
2023-05-10 21:08:27,l2306,l2306,7954.0,0.0,0.0,0.0,14,7954.0,7956.0,63,7952.0,7978.0,7978.0,7943.0,3744.0,149217125.0,30173
2023-05-10 21:08:29,l2306,l2306,7954.0,14.0,556780.0,0.0,73,7953.0,7955.0,6,7952.0,7978.0,7978.0,7943.0,3758.0,149773905.0,30173
2023-05-10 21:08:29,l2306,l2306,7954.0,0.0,0.0,0.0,61,7953.0,7955.0,12,7952.0,7978.0,7978.0,7943.0,3758.0,149773905.0,30173
2023-05-10 21:08:30,l2306,l2306,7954.0,0.0,0.0,0.0,67,7953.0,7956.0,90,7952.0,7978.0,7978.0,7943.0,3758.0,149773905.0,30173
2023-05-10 21:08:30,l2306,l2306,7954.0,0.0,0.0,0.0,67,7953.0,7956.0,92,7952.0,7978.0,7978.0,7943.0,3758.0,149773905.0,30173
2023-05-10 21:08:31,l2306,l2306,7954.0,0.0,0.0,0.0,61,7953.0,7955.0,1,7952.0,7978.0,7978.0,7943.0,3758.0,149773905.0,30173
2023-05-10 21:08:32,l2306,l2306,7954.0,0.0,0.0,0.0,63,7953.0,7955.0,13,7952.0,7978.0,7978.0,7943.0,3758.0,149773905.0,30173
2023-05-10 21:08:32,l2306,l2306,7954.0,0.0,0.0,0.0,63,7953.0,7955.0,27,7952.0,7978.0,7978.0,7943.0,3758.0,149773905.0,30173
2023-05-10 21:08:33,l2306,l2306,7953.0,24.0,954360.0,-20.0,39,7953.0,7955.0,23,7952.0,7978.0,7978.0,7943.0,3782.0,150728265.0,30153
2023-05-10 21:08:33,l2306,l2306,7953.0,7.0,278355.0,0.0,8,7953.0,7954.0,12,7952.0,7978.0,7978.0,7943.0,3789.0,151006620.0,30153
2023-05-10 21:08:34,l2306,l2306,7953.0,0.0,0.0,0.0,8,7953.0,7955.0,51,7952.0,7978.0,7978.0,7943.0,3789.0,151006620.0,30153
2023-05-10 21:08:34,l2306,l2306,7953.0,0.0,0.0,0.0,8,7953.0,7955.0,57,7952.0,7978.0,7978.0,7943.0,3789.0,151006620.0,30153
2023-05-10 21:08:35,l2306,l2306,7953.0,0.0,0.0,0.0,20,7953.0,7955.0,25,7952.0,7978.0,7978.0,7943.0,3789.0,151006620.0,30153
2023-05-10 21:08:36,l2306,l2306,7955.0,2.0,79550.0,0.0,2,7955.0,7956.0,43,7952.0,7978.0,7978.0,7943.0,3791.0,151086170.0,30153
2023-05-10 21:08:36,l2306,l2306,7955.0,1.0,39775.0,1.0,1,7955.0,7956.0,24,7952.0,7978.0,7978.0,7943.0,3792.0,151125945.0,30154
2023-05-10 21:08:37,l2306,l2306,7955.0,0.0,0.0,0.0,1,7955.0,7956.0,30,7952.0,7978.0,7978.0,7943.0,3792.0,151125945.0,30154
2023-05-10 21:08:38,l2306,l2306,7955.0,0.0,0.0,0.0,1,7955.0,7956.0,28,7952.0,7978.0,7978.0,7943.0,3792.0,151125945.0,30154
2023-05-10 21:08:39,l2306,l2306,7955.0,0.0,0.0,0.0,1,7955.0,7956.0,24,7952.0,7978.0,7978.0,7943.0,3792.0,151125945.0,30154
2023-05-10 21:08:39,l2306,l2306,7956.0,15.0,596700.0,3.0,10,7955.0,7957.0,36,7952.0,7978.0,7978.0,7943.0,3807.0,151722645.0,30157
2023-05-10 21:08:40,l2306,l2306,7956.0,0.0,0.0,0.0,10,7955.0,7957.0,14,7952.0,7978.0,7978.0,7943.0,3807.0,151722645.0,30157
2023-05-10 21:08:40,l2306,l2306,7956.0,0.0,0.0,0.0,10,7955.0,7958.0,66,7952.0,7978.0,7978.0,7943.0,3807.0,151722645.0,30157
2023-05-10 21:08:41,l2306,l2306,7956.0,0.0,0.0,0.0,6,7956.0,7958.0,51,7952.0,7978.0,7978.0,7943.0,3807.0,151722645.0,30157
2023-05-10 21:08:41,l2306,l2306,7956.0,0.0,0.0,0.0,10,7956.0,7958.0,12,7952.0,7978.0,7978.0,7943.0,3807.0,151722645.0,30157
2023-05-10 21:08:42,l2306,l2306,7958.0,1.0,39790.0,-1.0,5,7958.0,7959.0,31,7952.0,7978.0,7978.0,7943.0,3808.0,151762435.0,30156
2023-05-10 21:08:42,l2306,l2306,7958.0,0.0,0.0,0.0,5,7958.0,7959.0,13,7952.0,7978.0,7978.0,7943.0,3808.0,151762435.0,30156
2023-05-10 21:08:43,l2306,l2306,7958.0,0.0,0.0,0.0,5,7958.0,7959.0,11,7952.0,7978.0,7978.0,7943.0,3808.0,151762435.0,30156
