time,symbol_id,symbol_name,last,trade_volume,trade_amount,open_interest_change,bv1,bp1,ap1,av1,yesterday_close,today_open,today_high,today_low,volume,amount,open_interest
2023-05-10 20:58:56,l2311,l2311,7789.0,0.0,0.0,0.0,4,7773.0,7813.0,4,7789.0,7793.0,0.0,0.0,0.0,0.0,21090
2023-05-10 21:00:00,l2311,l2311,7789.0,0.0,0.0,0.0,2,7791.0,7815.0,1,7789.0,7793.0,0.0,0.0,0.0,0.0,21090
2023-05-10 21:00:00,l2311,l2311,7789.0,0.0,0.0,0.0,2,7791.0,7814.0,2,7789.0,7793.0,0.0,0.0,0.0,0.0,21090
2023-05-10 21:00:01,l2311,l2311,7789.0,0.0,0.0,0.0,2,7791.0,7813.0,2,7789.0,7793.0,0.0,0.0,0.0,0.0,21090
2023-05-10 21:00:01,l2311,l2311,7789.0,0.0,0.0,0.0,2,7789.0,7812.0,2,7789.0,7793.0,0.0,0.0,0.0,0.0,21090
2023-05-10 21:00:02,l2311,l2311,7789.0,0.0,0.0,0.0,1,7770.0,7809.0,2,7789.0,7793.0,0.0,0.0,0.0,0.0,21090
2023-05-10 21:00:02,l2311,l2311,7789.0,0.0,0.0,0.0,3,7790.0,7793.0,2,7789.0,7793.0,0.0,0.0,0.0,0.0,21090
2023-05-10 21:00:03,l2311,l2311,7793.0,2.0,77930.0,-2.0,7,7790.0,7809.0,2,7789.0,7793.0,7793.0,7793.0,2.0,77930.0,21088
2023-05-10 21:00:03,l2311,l2311,7793.0,0.0,0.0,0.0,1,7793.0,7797.0,2,7789.0,7793.0,7793.0,7793.0,2.0,77930.0,21088
2023-05-10 21:00:04,l2311,l2311,7793.0,1.0,38965.0,0.0,3,7792.0,7796.0,3,7789.0,7793.0,7793.0,7793.0,3.0,116895.0,21088
2023-05-10 21:00:04,l2311,l2311,7793.0,0.0,0.0,0.0,8,7790.0,7794.0,1,7789.0,7793.0,7793.0,7793.0,3.0,116895.0,21088
2023-05-10 21:00:05,l2311,l2311,7793.0,0.0,0.0,0.0,10,7791.0,7794.0,1,7789.0,7793.0,7793.0,7793.0,3.0,116895.0,21088
2023-05-10 21:00:05,l2311,l2311,7793.0,0.0,0.0,0.0,3,7791.0,7794.0,10,7789.0,7793.0,7793.0,7793.0,3.0,116895.0,21088
2023-05-10 21:00:06,l2311,l2311,7791.0,3.0,116865.0,-3.0,6,7788.0,7791.0,4,7789.0,7793.0,7793.0,7791.0,6.0,233760.0,21085
2023-05-10 21:00:06,l2311,l2311,7789.0,1.0,38945.0,0.0,6,7787.0,7792.0,7,7789.0,7793.0,7793.0,7789.0,7.0,272705.0,21085
2023-05-10 21:00:07,l2311,l2311,7789.0,0.0,0.0,0.0,11,7787.0,7791.0,7,7789.0,7793.0,7793.0,7789.0,7.0,272705.0,21085
2023-05-10 21:00:07,l2311,l2311,7789.0,0.0,0.0,0.0,8,7786.0,7791.0,10,7789.0,7793.0,7793.0,7789.0,7.0,272705.0,21085
2023-05-10 21:00:08,l2311,l2311,7789.0,0.0,0.0,0.0,2,7789.0,7791.0,4,7789.0,7793.0,7793.0,7789.0,7.0,272705.0,21085
2023-05-10 21:00:08,l2311,l2311,7789.0,0.0,0.0,0.0,5,7788.0,7791.0,1,7789.0,7793.0,7793.0,7789.0,7.0,272705.0,21085
2023-05-10 21:00:09,l2311,l2311,7789.0,0.0,0.0,0.0,8,7788.0,7791.0,1,7789.0,7793.0,7793.0,7789.0,7.0,272705.0,21085
2023-05-10 21:00:10,l2311,l2311,7792.0,3.0,116875.0,0.0,12,7788.0,7793.0,9,7789.0,7793.0,7793.0,7789.0,10.0,389580.0,21085
2023-05-10 21:00:10,l2311,l2311,7792.0,0.0,0.0,0.0,7,7789.0,7792.0,1,7789.0,7793.0,7793.0,7789.0,10.0,389580.0,21085
2023-05-10 21:00:11,l2311,l2311,7792.0,0.0,0.0,0.0,3,7788.0,7791.0,10,7789.0,7793.0,7793.0,7789.0,10.0,389580.0,21085
2023-05-10 21:00:11,l2311,l2311,7792.0,0.0,0.0,0.0,5,7787.0,7791.0,11,7789.0,7793.0,7793.0,7789.0,10.0,389580.0,21085
2023-05-10 21:00:12,l2311,l2311,7792.0,0.0,0.0,0.0,7,7787.0,7791.0,10,7789.0,7793.0,7793.0,7789.0,10.0,389580.0,21085
2023-05-10 21:00:12,l2311,l2311,7792.0,0.0,0.0,0.0,2,7787.0,7791.0,10,7789.0,7793.0,7793.0,7789.0,10.0,389580.0,21085
2023-05-10 21:00:13,l2311,l2311,7791.0,1.0,38955.0,0.0,11,7788.0,7792.0,7,7789.0,7793.0,7793.0,7789.0,11.0,428535.0,21085
2023-05-10 21:00:13,l2311,l2311,7791.0,0.0,0.0,0.0,6,7789.0,7793.0,8,7789.0,7793.0,7793.0,7789.0,11.0,428535.0,21085
2023-05-10 21:00:14,l2311,l2311,7791.0,0.0,0.0,0.0,1,7789.0,7793.0,8,7789.0,7793.0,7793.0,7789.0,11.0,428535.0,21085
2023-05-10 21:00:14,l2311,l2311,7791.0,0.0,0.0,0.0,5,7788.0,7793.0,9,7789.0,7793.0,7793.0,7789.0,11.0,428535.0,21085
2023-05-10 21:00:15,l2311,l2311,7791.0,0.0,0.0,0.0,2,7788.0,7791.0,6,7789.0,7793.0,7793.0,7789.0,11.0,428535.0,21085
2023-05-10 21:00:15,l2311,l2311,7791.0,0.0,0.0,0.0,1,7789.0,7791.0,1,7789.0,7793.0,7793.0,7789.0,11.0,428535.0,21085
2023-05-10 21:00:16,l2311,l2311,7791.0,0.0,0.0,0.0,1,7789.0,7792.0,13,7789.0,7793.0,7793.0,7789.0,11.0,428535.0,21085
2023-05-10 21:00:16,l2311,l2311,7791.0,0.0,0.0,0.0,7,7788.0,7791.0,5,7789.0,7793.0,7793.0,7789.0,11.0,428535.0,21085
2023-05-10 21:00:17,l2311,l2311,7791.0,0.0,0.0,0.0,3,7788.0,7791.0,10,7789.0,7793.0,7793.0,7789.0,11.0,428535.0,21085
2023-05-10 21:00:17,l2311,l2311,7791.0,0.0,0.0,0.0,1,7788.0,7791.0,4,7789.0,7793.0,7793.0,7789.0,11.0,428535.0,21085
2023-05-10 21:00:18,l2311,l2311,7791.0,0.0,0.0,0.0,1,7788.0,7791.0,5,7789.0,7793.0,7793.0,7789.0,11.0,428535.0,21085
2023-05-10 21:00:18,l2311,l2311,7791.0,0.0,0.0,0.0,10,7787.0,7790.0,1,7789.0,7793.0,7793.0,7789.0,11.0,428535.0,21085
2023-05-10 21:00:19,l2311,l2311,7791.0,0.0,0.0,0.0,1,7788.0,7790.0,2,7789.0,7793.0,7793.0,7789.0,11.0,428535.0,21085
2023-05-10 21:00:19,l2311,l2311,7791.0,0.0,0.0,0.0,11,7787.0,7790.0,12,7789.0,7793.0,7793.0,7789.0,11.0,428535.0,21085
2023-05-10 21:00:20,l2311,l2311,7791.0,0.0,0.0,0.0,1,7788.0,7791.0,11,7789.0,7793.0,7793.0,7789.0,11.0,428535.0,21085
2023-05-10 21:00:21,l2311,l2311,7791.0,0.0,0.0,0.0,8,7787.0,7790.0,1,7789.0,7793.0,7793.0,7789.0,11.0,428535.0,21085
2023-05-10 21:00:21,l2311,l2311,7791.0,0.0,0.0,0.0,6,7787.0,7789.0,1,7789.0,7793.0,7793.0,7789.0,11.0,428535.0,21085
2023-05-10 21:00:22,l2311,l2311,7791.0,0.0,0.0,0.0,4,7786.0,7788.0,1,7789.0,7793.0,7793.0,7789.0,11.0,428535.0,21085
2023-05-10 21:00:22,l2311,l2311,7786.0,1.0,38930.0,0.0,13,7784.0,7788.0,4,7789.0,7793.0,7793.0,7786.0,12.0,467465.0,21085
2023-05-10 21:00:23,l2311,l2311,7786.0,0.0,0.0,0.0,1,7785.0,7787.0,1,7789.0,7793.0,7793.0,7786.0,12.0,467465.0,21085
2023-05-10 21:00:23,l2311,l2311,7786.0,0.0,0.0,0.0,1,7785.0,7788.0,11,7789.0,7793.0,7793.0,7786.0,12.0,467465.0,21085
2023-05-10 21:00:24,l2311,l2311,7786.0,0.0,0.0,0.0,1,7785.0,7787.0,1,7789.0,7793.0,7793.0,7786.0,12.0,467465.0,21085
2023-05-10 21:00:24,l2311,l2311,7786.0,0.0,0.0,0.0,1,7784.0,7787.0,4,7789.0,7793.0,7793.0,7786.0,12.0,467465.0,21085
2023-05-10 21:00:25,l2311,l2311,7786.0,0.0,0.0,0.0,1,7784.0,7787.0,8,7789.0,7793.0,7793.0,7786.0,12.0,467465.0,21085
2023-05-10 21:00:25,l2311,l2311,7786.0,0.0,0.0,0.0,2,7785.0,7787.0,1,7789.0,7793.0,7793.0,7786.0,12.0,467465.0,21085
2023-05-10 21:00:27,l2311,l2311,7789.0,5.0,194705.0,4.0,2,7789.0,7791.0,3,7789.0,7793.0,7793.0,7786.0,17.0,662170.0,21089
2023-05-10 21:00:27,l2311,l2311,7789.0,0.0,0.0,0.0,1,7789.0,7791.0,5,7789.0,7793.0,7793.0,7786.0,17.0,662170.0,21089
2023-05-10 21:00:28,l2311,l2311,7789.0,0.0,0.0,0.0,1,7790.0,7792.0,12,7789.0,7793.0,7793.0,7786.0,17.0,662170.0,21089
2023-05-10 21:00:28,l2311,l2311,7789.0,0.0,0.0,0.0,1,7790.0,7792.0,1,7789.0,7793.0,7793.0,7786.0,17.0,662170.0,21089
2023-05-10 21:00:29,l2311,l2311,7789.0,0.0,0.0,0.0,1,7790.0,7791.0,1,7789.0,7793.0,7793.0,7786.0,17.0,662170.0,21089
2023-05-10 21:00:29,l2311,l2311,7790.0,1.0,38950.0,-1.0,6,7789.0,7791.0,1,7789.0,7793.0,7793.0,7786.0,18.0,701120.0,21088
2023-05-10 21:00:30,l2311,l2311,7790.0,0.0,0.0,0.0,2,7789.0,7791.0,7,7789.0,7793.0,7793.0,7786.0,18.0,701120.0,21088
2023-05-10 21:00:30,l2311,l2311,7789.0,2.0,77890.0,0.0,6,7788.0,7791.0,11,7789.0,7793.0,7793.0,7786.0,20.0,779010.0,21088
2023-05-10 21:00:31,l2311,l2311,7789.0,0.0,0.0,0.0,5,7788.0,7791.0,12,7789.0,7793.0,7793.0,7786.0,20.0,779010.0,21088
2023-05-10 21:00:32,l2311,l2311,7789.0,0.0,0.0,0.0,4,7788.0,7791.0,8,7789.0,7793.0,7793.0,7786.0,20.0,779010.0,21088
2023-05-10 21:00:33,l2311,l2311,7789.0,0.0,0.0,0.0,5,7788.0,7791.0,11,7789.0,7793.0,7793.0,7786.0,20.0,779010.0,21088
2023-05-10 21:00:34,l2311,l2311,7789.0,0.0,0.0,0.0,5,7788.0,7790.0,1,7789.0,7793.0,7793.0,7786.0,20.0,779010.0,21088
2023-05-10 21:00:34,l2311,l2311,7789.0,0.0,0.0,0.0,1,7789.0,7791.0,5,7789.0,7793.0,7793.0,7786.0,20.0,779010.0,21088
2023-05-10 21:00:35,l2311,l2311,7789.0,0.0,0.0,0.0,1,7789.0,7791.0,1,7789.0,7793.0,7793.0,7786.0,20.0,779010.0,21088
2023-05-10 21:00:35,l2311,l2311,7789.0,0.0,0.0,0.0,1,7789.0,7792.0,11,7789.0,7793.0,7793.0,7786.0,20.0,779010.0,21088
2023-05-10 21:00:36,l2311,l2311,7789.0,0.0,0.0,0.0,1,7789.0,7791.0,1,7789.0,7793.0,7793.0,7786.0,20.0,779010.0,21088
2023-05-10 21:00:40,l2311,l2311,7789.0,0.0,0.0,0.0,4,7789.0,7792.0,11,7789.0,7793.0,7793.0,7786.0,20.0,779010.0,21088
2023-05-10 21:00:40,l2311,l2311,7789.0,0.0,0.0,0.0,1,7789.0,7791.0,8,7789.0,7793.0,7793.0,7786.0,20.0,779010.0,21088
2023-05-10 21:00:41,l2311,l2311,7789.0,0.0,0.0,0.0,6,7788.0,7790.0,1,7789.0,7793.0,7793.0,7786.0,20.0,779010.0,21088
2023-05-10 21:00:41,l2311,l2311,7789.0,0.0,0.0,0.0,6,7788.0,7790.0,11,7789.0,7793.0,7793.0,7786.0,20.0,779010.0,21088
2023-05-10 21:00:42,l2311,l2311,7787.0,8.0,311505.0,5.0,11,7786.0,7787.0,1,7789.0,7793.0,7793.0,7786.0,28.0,1090515.0,21093
2023-05-10 21:00:42,l2311,l2311,7787.0,1.0,38935.0,1.0,1,7786.0,7788.0,4,7789.0,7793.0,7793.0,7786.0,29.0,1129450.0,21094
2023-05-10 21:00:43,l2311,l2311,7787.0,0.0,0.0,0.0,7,7785.0,7788.0,10,7789.0,7793.0,7793.0,7786.0,29.0,1129450.0,21094
2023-05-10 21:00:43,l2311,l2311,7787.0,0.0,0.0,0.0,1,7785.0,7788.0,14,7789.0,7793.0,7793.0,7786.0,29.0,1129450.0,21094
2023-05-10 21:00:44,l2311,l2311,7787.0,0.0,0.0,0.0,8,7784.0,7787.0,4,7789.0,7793.0,7793.0,7786.0,29.0,1129450.0,21094
2023-05-10 21:00:44,l2311,l2311,7787.0,0.0,0.0,0.0,1,7785.0,7787.0,1,7789.0,7793.0,7793.0,7786.0,29.0,1129450.0,21094
2023-05-10 21:00:45,l2311,l2311,7787.0,0.0,0.0,0.0,11,7784.0,7787.0,1,7789.0,7793.0,7793.0,7786.0,29.0,1129450.0,21094
2023-05-10 21:00:45,l2311,l2311,7787.0,0.0,0.0,0.0,18,7784.0,7787.0,1,7789.0,7793.0,7793.0,7786.0,29.0,1129450.0,21094
2023-05-10 21:00:46,l2311,l2311,7787.0,0.0,0.0,0.0,8,7784.0,7787.0,7,7789.0,7793.0,7793.0,7786.0,29.0,1129450.0,21094
2023-05-10 21:00:46,l2311,l2311,7787.0,0.0,0.0,0.0,16,7784.0,7787.0,2,7789.0,7793.0,7793.0,7786.0,29.0,1129450.0,21094
2023-05-10 21:00:47,l2311,l2311,7787.0,0.0,0.0,0.0,1,7785.0,7787.0,1,7789.0,7793.0,7793.0,7786.0,29.0,1129450.0,21094
2023-05-10 21:00:47,l2311,l2311,7787.0,0.0,0.0,0.0,1,7785.0,7788.0,15,7789.0,7793.0,7793.0,7786.0,29.0,1129450.0,21094
2023-05-10 21:00:48,l2311,l2311,7787.0,0.0,0.0,0.0,1,7785.0,7788.0,17,7789.0,7793.0,7793.0,7786.0,29.0,1129450.0,21094
2023-05-10 21:00:49,l2311,l2311,7787.0,0.0,0.0,0.0,1,7785.0,7787.0,1,7789.0,7793.0,7793.0,7786.0,29.0,1129450.0,21094
2023-05-10 21:00:50,l2311,l2311,7787.0,0.0,0.0,0.0,6,7785.0,7788.0,9,7789.0,7793.0,7793.0,7786.0,29.0,1129450.0,21094
2023-05-10 21:00:51,l2311,l2311,7787.0,0.0,0.0,0.0,1,7786.0,7788.0,7,7789.0,7793.0,7793.0,7786.0,29.0,1129450.0,21094
2023-05-10 21:00:52,l2311,l2311,7787.0,0.0,0.0,0.0,6,7785.0,7788.0,7,7789.0,7793.0,7793.0,7786.0,29.0,1129450.0,21094
2023-05-10 21:00:52,l2311,l2311,7787.0,0.0,0.0,0.0,3,7785.0,7788.0,14,7789.0,7793.0,7793.0,7786.0,29.0,1129450.0,21094
2023-05-10 21:00:53,l2311,l2311,7787.0,0.0,0.0,0.0,2,7785.0,7787.0,1,7789.0,7793.0,7793.0,7786.0,29.0,1129450.0,21094
2023-05-10 21:00:54,l2311,l2311,7787.0,0.0,0.0,0.0,2,7785.0,7788.0,16,7789.0,7793.0,7793.0,7786.0,29.0,1129450.0,21094
2023-05-10 21:00:54,l2311,l2311,7787.0,0.0,0.0,0.0,2,7785.0,7788.0,15,7789.0,7793.0,7793.0,7786.0,29.0,1129450.0,21094
2023-05-10 21:00:55,l2311,l2311,7787.0,0.0,0.0,0.0,2,7785.0,7787.0,1,7789.0,7793.0,7793.0,7786.0,29.0,1129450.0,21094
2023-05-10 21:00:57,l2311,l2311,7787.0,0.0,0.0,0.0,1,7785.0,7787.0,1,7789.0,7793.0,7793.0,7786.0,29.0,1129450.0,21094
2023-05-10 21:00:57,l2311,l2311,7787.0,0.0,0.0,0.0,1,7785.0,7787.0,2,7789.0,7793.0,7793.0,7786.0,29.0,1129450.0,21094
2023-05-10 21:00:58,l2311,l2311,7787.0,0.0,0.0,0.0,7,7785.0,7787.0,1,7789.0,7793.0,7793.0,7786.0,29.0,1129450.0,21094
2023-05-10 21:00:58,l2311,l2311,7787.0,0.0,0.0,0.0,7,7785.0,7788.0,14,7789.0,7793.0,7793.0,7786.0,29.0,1129450.0,21094
2023-05-10 21:00:59,l2311,l2311,7787.0,0.0,0.0,0.0,7,7785.0,7788.0,15,7789.0,7793.0,7793.0,7786.0,29.0,1129450.0,21094
2023-05-10 21:01:00,l2311,l2311,7787.0,0.0,0.0,0.0,1,7786.0,7788.0,11,7789.0,7793.0,7793.0,7786.0,29.0,1129450.0,21094
2023-05-10 21:01:01,l2311,l2311,7788.0,11.0,428340.0,1.0,3,7788.0,7789.0,2,7789.0,7793.0,7793.0,7786.0,40.0,1557790.0,21095
2023-05-10 21:01:01,l2311,l2311,7788.0,0.0,0.0,0.0,3,7788.0,7790.0,19,7789.0,7793.0,7793.0,7786.0,40.0,1557790.0,21095
2023-05-10 21:01:02,l2311,l2311,7788.0,0.0,0.0,0.0,5,7788.0,7790.0,10,7789.0,7793.0,7793.0,7786.0,40.0,1557790.0,21095
2023-05-10 21:01:02,l2311,l2311,7788.0,0.0,0.0,0.0,5,7788.0,7790.0,3,7789.0,7793.0,7793.0,7786.0,40.0,1557790.0,21095
2023-05-10 21:01:03,l2311,l2311,7788.0,0.0,0.0,0.0,8,7788.0,7791.0,15,7789.0,7793.0,7793.0,7786.0,40.0,1557790.0,21095
2023-05-10 21:01:03,l2311,l2311,7788.0,0.0,0.0,0.0,9,7788.0,7790.0,4,7789.0,7793.0,7793.0,7786.0,40.0,1557790.0,21095
2023-05-10 21:01:04,l2311,l2311,7788.0,0.0,0.0,0.0,8,7788.0,7790.0,2,7789.0,7793.0,7793.0,7786.0,40.0,1557790.0,21095
2023-05-10 21:01:04,l2311,l2311,7788.0,0.0,0.0,0.0,8,7788.0,7790.0,5,7789.0,7793.0,7793.0,7786.0,40.0,1557790.0,21095
2023-05-10 21:01:05,l2311,l2311,7788.0,0.0,0.0,0.0,8,7788.0,7790.0,8,7789.0,7793.0,7793.0,7786.0,40.0,1557790.0,21095
2023-05-10 21:01:06,l2311,l2311,7788.0,10.0,389400.0,7.0,1,7787.0,7788.0,4,7789.0,7793.0,7793.0,7786.0,50.0,1947190.0,21102
2023-05-10 21:01:07,l2311,l2311,7788.0,0.0,0.0,0.0,1,7787.0,7788.0,5,7789.0,7793.0,7793.0,7786.0,50.0,1947190.0,21102
2023-05-10 21:01:08,l2311,l2311,7788.0,0.0,0.0,0.0,8,7786.0,7788.0,5,7789.0,7793.0,7793.0,7786.0,50.0,1947190.0,21102
2023-05-10 21:01:08,l2311,l2311,7788.0,6.0,233640.0,-3.0,3,7786.0,7788.0,2,7789.0,7793.0,7793.0,7786.0,56.0,2180830.0,21099
2023-05-10 21:01:09,l2311,l2311,7788.0,2.0,77880.0,0.0,1,7788.0,7789.0,2,7789.0,7793.0,7793.0,7786.0,58.0,2258710.0,21099
2023-05-10 21:01:09,l2311,l2311,7788.0,1.0,38940.0,0.0,1,7788.0,7789.0,2,7789.0,7793.0,7793.0,7786.0,59.0,2297650.0,21099
2023-05-10 21:01:10,l2311,l2311,7788.0,1.0,38940.0,0.0,1,7787.0,7789.0,8,7789.0,7793.0,7793.0,7786.0,60.0,2336590.0,21099
2023-05-10 21:01:11,l2311,l2311,7787.0,1.0,38935.0,0.0,4,7786.0,7787.0,1,7789.0,7793.0,7793.0,7786.0,61.0,2375525.0,21099
2023-05-10 21:01:11,l2311,l2311,7786.0,3.0,116790.0,3.0,5,7785.0,7786.0,1,7789.0,7793.0,7793.0,7786.0,64.0,2492315.0,21102
2023-05-10 21:01:12,l2311,l2311,7786.0,0.0,0.0,0.0,1,7785.0,7786.0,1,7789.0,7793.0,7793.0,7786.0,64.0,2492315.0,21102
2023-05-10 21:01:12,l2311,l2311,7786.0,0.0,0.0,0.0,11,7784.0,7786.0,1,7789.0,7793.0,7793.0,7786.0,64.0,2492315.0,21102
2023-05-10 21:01:13,l2311,l2311,7786.0,0.0,0.0,0.0,8,7784.0,7786.0,1,7789.0,7793.0,7793.0,7786.0,64.0,2492315.0,21102
2023-05-10 21:01:13,l2311,l2311,7786.0,0.0,0.0,0.0,1,7785.0,7786.0,1,7789.0,7793.0,7793.0,7786.0,64.0,2492315.0,21102
2023-05-10 21:01:14,l2311,l2311,7786.0,1.0,38930.0,0.0,2,7785.0,7787.0,8,7789.0,7793.0,7793.0,7786.0,65.0,2531245.0,21102
2023-05-10 21:01:14,l2311,l2311,7786.0,0.0,0.0,0.0,5,7785.0,7787.0,5,7789.0,7793.0,7793.0,7786.0,65.0,2531245.0,21102
2023-05-10 21:01:15,l2311,l2311,7788.0,10.0,389370.0,2.0,5,7787.0,7789.0,9,7789.0,7793.0,7793.0,7786.0,75.0,2920615.0,21104
2023-05-10 21:01:15,l2311,l2311,7788.0,0.0,0.0,0.0,6,7787.0,7789.0,1,7789.0,7793.0,7793.0,7786.0,75.0,2920615.0,21104
2023-05-10 21:01:16,l2311,l2311,7788.0,0.0,0.0,0.0,10,7787.0,7789.0,4,7789.0,7793.0,7793.0,7786.0,75.0,2920615.0,21104
2023-05-10 21:01:16,l2311,l2311,7788.0,0.0,0.0,0.0,11,7787.0,7789.0,1,7789.0,7793.0,7793.0,7786.0,75.0,2920615.0,21104
2023-05-10 21:01:17,l2311,l2311,7788.0,0.0,0.0,0.0,1,7788.0,7790.0,5,7789.0,7793.0,7793.0,7786.0,75.0,2920615.0,21104
2023-05-10 21:01:17,l2311,l2311,7788.0,0.0,0.0,0.0,1,7788.0,7790.0,2,7789.0,7793.0,7793.0,7786.0,75.0,2920615.0,21104
2023-05-10 21:01:18,l2311,l2311,7788.0,0.0,0.0,0.0,1,7788.0,7790.0,1,7789.0,7793.0,7793.0,7786.0,75.0,2920615.0,21104
2023-05-10 21:01:18,l2311,l2311,7788.0,0.0,0.0,0.0,3,7788.0,7791.0,14,7789.0,7793.0,7793.0,7786.0,75.0,2920615.0,21104
2023-05-10 21:01:19,l2311,l2311,7788.0,0.0,0.0,0.0,1,7789.0,7791.0,3,7789.0,7793.0,7793.0,7786.0,75.0,2920615.0,21104
2023-05-10 21:01:19,l2311,l2311,7788.0,0.0,0.0,0.0,10,7788.0,7791.0,8,7789.0,7793.0,7793.0,7786.0,75.0,2920615.0,21104
2023-05-10 21:01:20,l2311,l2311,7788.0,0.0,0.0,0.0,8,7788.0,7790.0,1,7789.0,7793.0,7793.0,7786.0,75.0,2920615.0,21104
2023-05-10 21:01:20,l2311,l2311,7788.0,0.0,0.0,0.0,3,7788.0,7790.0,9,7789.0,7793.0,7793.0,7786.0,75.0,2920615.0,21104
2023-05-10 21:01:21,l2311,l2311,7788.0,0.0,0.0,0.0,2,7788.0,7790.0,6,7789.0,7793.0,7793.0,7786.0,75.0,2920615.0,21104
2023-05-10 21:01:21,l2311,l2311,7788.0,0.0,0.0,0.0,1,7788.0,7790.0,3,7789.0,7793.0,7793.0,7786.0,75.0,2920615.0,21104
2023-05-10 21:01:22,l2311,l2311,7788.0,0.0,0.0,0.0,1,7788.0,7790.0,1,7789.0,7793.0,7793.0,7786.0,75.0,2920615.0,21104
2023-05-10 21:01:22,l2311,l2311,7788.0,0.0,0.0,0.0,2,7788.0,7791.0,15,7789.0,7793.0,7793.0,7786.0,75.0,2920615.0,21104
2023-05-10 21:01:24,l2311,l2311,7788.0,0.0,0.0,0.0,6,7788.0,7791.0,11,7789.0,7793.0,7793.0,7786.0,75.0,2920615.0,21104
2023-05-10 21:01:24,l2311,l2311,7788.0,0.0,0.0,0.0,21,7788.0,7791.0,6,7789.0,7793.0,7793.0,7786.0,75.0,2920615.0,21104
2023-05-10 21:01:25,l2311,l2311,7788.0,0.0,0.0,0.0,14,7788.0,7791.0,11,7789.0,7793.0,7793.0,7786.0,75.0,2920615.0,21104
2023-05-10 21:01:25,l2311,l2311,7788.0,0.0,0.0,0.0,9,7788.0,7790.0,2,7789.0,7793.0,7793.0,7786.0,75.0,2920615.0,21104
2023-05-10 21:01:26,l2311,l2311,7788.0,0.0,0.0,0.0,5,7788.0,7790.0,14,7789.0,7793.0,7793.0,7786.0,75.0,2920615.0,21104
2023-05-10 21:01:26,l2311,l2311,7788.0,0.0,0.0,0.0,13,7787.0,7790.0,22,7789.0,7793.0,7793.0,7786.0,75.0,2920615.0,21104
2023-05-10 21:01:27,l2311,l2311,7788.0,0.0,0.0,0.0,15,7787.0,7790.0,33,7789.0,7793.0,7793.0,7786.0,75.0,2920615.0,21104
2023-05-10 21:01:27,l2311,l2311,7788.0,0.0,0.0,0.0,12,7787.0,7790.0,36,7789.0,7793.0,7793.0,7786.0,75.0,2920615.0,21104
2023-05-10 21:01:28,l2311,l2311,7788.0,0.0,0.0,0.0,7,7787.0,7789.0,3,7789.0,7793.0,7793.0,7786.0,75.0,2920615.0,21104
2023-05-10 21:01:28,l2311,l2311,7787.0,8.0,311480.0,6.0,2,7786.0,7787.0,3,7789.0,7793.0,7793.0,7786.0,83.0,3232095.0,21110
2023-05-10 21:01:29,l2311,l2311,7787.0,0.0,0.0,0.0,2,7786.0,7787.0,4,7789.0,7793.0,7793.0,7786.0,83.0,3232095.0,21110
2023-05-10 21:01:29,l2311,l2311,7787.0,0.0,0.0,0.0,10,7785.0,7787.0,4,7789.0,7793.0,7793.0,7786.0,83.0,3232095.0,21110
2023-05-10 21:01:30,l2311,l2311,7785.0,10.0,389250.0,1.0,5,7784.0,7785.0,2,7789.0,7793.0,7793.0,7785.0,93.0,3621345.0,21111
2023-05-10 21:01:30,l2311,l2311,7785.0,2.0,77850.0,0.0,1,7785.0,7787.0,9,7789.0,7793.0,7793.0,7785.0,95.0,3699195.0,21111
2023-05-10 21:01:31,l2311,l2311,7785.0,0.0,0.0,0.0,2,7785.0,7787.0,8,7789.0,7793.0,7793.0,7785.0,95.0,3699195.0,21111
2023-05-10 21:01:32,l2311,l2311,7785.0,0.0,0.0,0.0,14,7785.0,7787.0,6,7789.0,7793.0,7793.0,7785.0,95.0,3699195.0,21111
2023-05-10 21:01:32,l2311,l2311,7785.0,0.0,0.0,0.0,10,7785.0,7787.0,4,7789.0,7793.0,7793.0,7785.0,95.0,3699195.0,21111
2023-05-10 21:01:33,l2311,l2311,7785.0,0.0,0.0,0.0,17,7785.0,7787.0,3,7789.0,7793.0,7793.0,7785.0,95.0,3699195.0,21111
2023-05-10 21:01:33,l2311,l2311,7788.0,10.0,389385.0,-1.0,1,7788.0,7789.0,4,7789.0,7793.0,7793.0,7785.0,105.0,4088580.0,21110
2023-05-10 21:01:34,l2311,l2311,7788.0,1.0,38940.0,-1.0,3,7787.0,7789.0,11,7789.0,7793.0,7793.0,7785.0,106.0,4127520.0,21109
2023-05-10 21:01:34,l2311,l2311,7788.0,0.0,0.0,0.0,3,7787.0,7788.0,1,7789.0,7793.0,7793.0,7785.0,106.0,4127520.0,21109
2023-05-10 21:01:35,l2311,l2311,7787.0,3.0,116805.0,3.0,4,7786.0,7787.0,1,7789.0,7793.0,7793.0,7785.0,109.0,4244325.0,21112
2023-05-10 21:01:35,l2311,l2311,7787.0,1.0,38935.0,0.0,5,7786.0,7788.0,1,7789.0,7793.0,7793.0,7785.0,110.0,4283260.0,21112
2023-05-10 21:01:36,l2311,l2311,7787.0,0.0,0.0,0.0,19,7786.0,7789.0,5,7789.0,7793.0,7793.0,7785.0,110.0,4283260.0,21112
2023-05-10 21:01:36,l2311,l2311,7787.0,0.0,0.0,0.0,1,7787.0,7789.0,3,7789.0,7793.0,7793.0,7785.0,110.0,4283260.0,21112
2023-05-10 21:01:37,l2311,l2311,7787.0,0.0,0.0,0.0,8,7787.0,7789.0,1,7789.0,7793.0,7793.0,7785.0,110.0,4283260.0,21112
2023-05-10 21:01:38,l2311,l2311,7787.0,0.0,0.0,0.0,6,7787.0,7790.0,23,7789.0,7793.0,7793.0,7785.0,110.0,4283260.0,21112
2023-05-10 21:01:38,l2311,l2311,7787.0,0.0,0.0,0.0,4,7787.0,7790.0,24,7789.0,7793.0,7793.0,7785.0,110.0,4283260.0,21112
2023-05-10 21:01:39,l2311,l2311,7787.0,0.0,0.0,0.0,3,7787.0,7790.0,23,7789.0,7793.0,7793.0,7785.0,110.0,4283260.0,21112
2023-05-10 21:01:39,l2311,l2311,7787.0,0.0,0.0,0.0,3,7787.0,7790.0,24,7789.0,7793.0,7793.0,7785.0,110.0,4283260.0,21112
2023-05-10 21:01:40,l2311,l2311,7787.0,0.0,0.0,0.0,2,7787.0,7789.0,1,7789.0,7793.0,7793.0,7785.0,110.0,4283260.0,21112
2023-05-10 21:01:41,l2311,l2311,7787.0,0.0,0.0,0.0,1,7787.0,7789.0,5,7789.0,7793.0,7793.0,7785.0,110.0,4283260.0,21112
2023-05-10 21:01:41,l2311,l2311,7787.0,0.0,0.0,0.0,1,7787.0,7789.0,3,7789.0,7793.0,7793.0,7785.0,110.0,4283260.0,21112
2023-05-10 21:01:43,l2311,l2311,7787.0,0.0,0.0,0.0,10,7786.0,7789.0,6,7789.0,7793.0,7793.0,7785.0,110.0,4283260.0,21112
2023-05-10 21:01:43,l2311,l2311,7787.0,0.0,0.0,0.0,11,7786.0,7789.0,15,7789.0,7793.0,7793.0,7785.0,110.0,4283260.0,21112
2023-05-10 21:01:44,l2311,l2311,7787.0,0.0,0.0,0.0,7,7786.0,7788.0,7,7789.0,7793.0,7793.0,7785.0,110.0,4283260.0,21112
2023-05-10 21:01:44,l2311,l2311,7786.0,3.0,116790.0,1.0,5,7785.0,7786.0,1,7789.0,7793.0,7793.0,7785.0,113.0,4400050.0,21113
2023-05-10 21:01:45,l2311,l2311,7786.0,0.0,0.0,0.0,2,7785.0,7786.0,1,7789.0,7793.0,7793.0,7785.0,113.0,4400050.0,21113
2023-05-10 21:01:46,l2311,l2311,7786.0,0.0,0.0,0.0,3,7785.0,7786.0,1,7789.0,7793.0,7793.0,7785.0,113.0,4400050.0,21113
2023-05-10 21:01:46,l2311,l2311,7786.0,0.0,0.0,0.0,4,7785.0,7786.0,1,7789.0,7793.0,7793.0,7785.0,113.0,4400050.0,21113
2023-05-10 21:01:47,l2311,l2311,7786.0,0.0,0.0,0.0,3,7785.0,7786.0,1,7789.0,7793.0,7793.0,7785.0,113.0,4400050.0,21113
2023-05-10 21:01:47,l2311,l2311,7786.0,0.0,0.0,0.0,4,7785.0,7786.0,1,7789.0,7793.0,7793.0,7785.0,113.0,4400050.0,21113
2023-05-10 21:01:48,l2311,l2311,7786.0,1.0,38930.0,0.0,3,7786.0,7787.0,4,7789.0,7793.0,7793.0,7785.0,114.0,4438980.0,21113
2023-05-10 21:01:48,l2311,l2311,7786.0,0.0,0.0,0.0,2,7786.0,7788.0,12,7789.0,7793.0,7793.0,7785.0,114.0,4438980.0,21113
2023-05-10 21:01:49,l2311,l2311,7786.0,0.0,0.0,0.0,2,7786.0,7787.0,6,7789.0,7793.0,7793.0,7785.0,114.0,4438980.0,21113
2023-05-10 21:01:49,l2311,l2311,7786.0,0.0,0.0,0.0,8,7786.0,7788.0,5,7789.0,7793.0,7793.0,7785.0,114.0,4438980.0,21113
2023-05-10 21:01:50,l2311,l2311,7786.0,0.0,0.0,0.0,12,7786.0,7789.0,17,7789.0,7793.0,7793.0,7785.0,114.0,4438980.0,21113
2023-05-10 21:01:50,l2311,l2311,7786.0,0.0,0.0,0.0,12,7786.0,7789.0,16,7789.0,7793.0,7793.0,7785.0,114.0,4438980.0,21113
2023-05-10 21:01:52,l2311,l2311,7786.0,0.0,0.0,0.0,15,7786.0,7789.0,13,7789.0,7793.0,7793.0,7785.0,114.0,4438980.0,21113
2023-05-10 21:01:53,l2311,l2311,7789.0,1.0,38945.0,1.0,1,7788.0,7789.0,7,7789.0,7793.0,7793.0,7785.0,115.0,4477925.0,21114
2023-05-10 21:01:53,l2311,l2311,7789.0,0.0,0.0,0.0,4,7787.0,7789.0,11,7789.0,7793.0,7793.0,7785.0,115.0,4477925.0,21114
2023-05-10 21:01:54,l2311,l2311,7789.0,0.0,0.0,0.0,1,7787.0,7789.0,16,7789.0,7793.0,7793.0,7785.0,115.0,4477925.0,21114
2023-05-10 21:01:55,l2311,l2311,7789.0,0.0,0.0,0.0,1,7787.0,7788.0,3,7789.0,7793.0,7793.0,7785.0,115.0,4477925.0,21114
2023-05-10 21:01:55,l2311,l2311,7787.0,1.0,38935.0,1.0,6,7786.0,7788.0,4,7789.0,7793.0,7793.0,7785.0,116.0,4516860.0,21115
2023-05-10 21:01:56,l2311,l2311,7787.0,0.0,0.0,0.0,9,7786.0,7788.0,13,7789.0,7793.0,7793.0,7785.0,116.0,4516860.0,21115
2023-05-10 21:01:56,l2311,l2311,7787.0,0.0,0.0,0.0,7,7786.0,7788.0,16,7789.0,7793.0,7793.0,7785.0,116.0,4516860.0,21115
2023-05-10 21:01:56,l2311,l2311,7787.0,0.0,0.0,0.0,7,7786.0,7788.0,13,7789.0,7793.0,7793.0,7785.0,116.0,4516860.0,21115
2023-05-10 21:01:57,l2311,l2311,7787.0,0.0,0.0,0.0,3,7786.0,7788.0,17,7789.0,7793.0,7793.0,7785.0,116.0,4516860.0,21115
2023-05-10 21:01:58,l2311,l2311,7787.0,0.0,0.0,0.0,1,7786.0,7788.0,14,7789.0,7793.0,7793.0,7785.0,116.0,4516860.0,21115
2023-05-10 21:01:58,l2311,l2311,7787.0,0.0,0.0,0.0,1,7786.0,7788.0,17,7789.0,7793.0,7793.0,7785.0,116.0,4516860.0,21115
2023-05-10 21:01:59,l2311,l2311,7787.0,0.0,0.0,0.0,10,7785.0,7788.0,17,7789.0,7793.0,7793.0,7785.0,116.0,4516860.0,21115
2023-05-10 21:01:59,l2311,l2311,7787.0,0.0,0.0,0.0,11,7785.0,7788.0,16,7789.0,7793.0,7793.0,7785.0,116.0,4516860.0,21115
2023-05-10 21:02:00,l2311,l2311,7787.0,0.0,0.0,0.0,14,7785.0,7788.0,14,7789.0,7793.0,7793.0,7785.0,116.0,4516860.0,21115
2023-05-10 21:02:00,l2311,l2311,7787.0,0.0,0.0,0.0,10,7785.0,7788.0,17,7789.0,7793.0,7793.0,7785.0,116.0,4516860.0,21115
2023-05-10 21:02:01,l2311,l2311,7787.0,0.0,0.0,0.0,7,7785.0,7787.0,5,7789.0,7793.0,7793.0,7785.0,116.0,4516860.0,21115
2023-05-10 21:02:01,l2311,l2311,7787.0,0.0,0.0,0.0,3,7785.0,7786.0,1,7789.0,7793.0,7793.0,7785.0,116.0,4516860.0,21115
2023-05-10 21:02:02,l2311,l2311,7787.0,0.0,0.0,0.0,8,7784.0,7786.0,7,7789.0,7793.0,7793.0,7785.0,116.0,4516860.0,21115
2023-05-10 21:02:02,l2311,l2311,7787.0,0.0,0.0,0.0,1,7785.0,7786.0,5,7789.0,7793.0,7793.0,7785.0,116.0,4516860.0,21115
2023-05-10 21:02:03,l2311,l2311,7787.0,0.0,0.0,0.0,1,7785.0,7786.0,1,7789.0,7793.0,7793.0,7785.0,116.0,4516860.0,21115
2023-05-10 21:02:03,l2311,l2311,7787.0,12.0,467215.0,10.0,5,7787.0,7788.0,19,7789.0,7793.0,7793.0,7785.0,128.0,4984075.0,21125
2023-05-10 21:02:04,l2311,l2311,7787.0,5.0,194675.0,-2.0,6,7786.0,7788.0,33,7789.0,7793.0,7793.0,7785.0,133.0,5178750.0,21123
2023-05-10 21:02:04,l2311,l2311,7787.0,0.0,0.0,0.0,3,7786.0,7788.0,13,7789.0,7793.0,7793.0,7785.0,133.0,5178750.0,21123
2023-05-10 21:02:05,l2311,l2311,7787.0,0.0,0.0,0.0,4,7786.0,7788.0,9,7789.0,7793.0,7793.0,7785.0,133.0,5178750.0,21123
2023-05-10 21:02:05,l2311,l2311,7787.0,0.0,0.0,0.0,3,7786.0,7788.0,8,7789.0,7793.0,7793.0,7785.0,133.0,5178750.0,21123
2023-05-10 21:02:06,l2311,l2311,7787.0,0.0,0.0,0.0,10,7785.0,7788.0,12,7789.0,7793.0,7793.0,7785.0,133.0,5178750.0,21123
2023-05-10 21:02:07,l2311,l2311,7783.0,23.0,895205.0,6.0,12,7783.0,7784.0,1,7789.0,7793.0,7793.0,7783.0,156.0,6073955.0,21129
2023-05-10 21:02:07,l2311,l2311,7783.0,0.0,0.0,0.0,8,7783.0,7784.0,1,7789.0,7793.0,7793.0,7783.0,156.0,6073955.0,21129
2023-05-10 21:02:08,l2311,l2311,7784.0,1.0,38920.0,0.0,7,7783.0,7785.0,9,7789.0,7793.0,7793.0,7783.0,157.0,6112875.0,21129
2023-05-10 21:02:09,l2311,l2311,7784.0,0.0,0.0,0.0,8,7783.0,7785.0,10,7789.0,7793.0,7793.0,7783.0,157.0,6112875.0,21129
2023-05-10 21:02:09,l2311,l2311,7784.0,0.0,0.0,0.0,14,7783.0,7785.0,8,7789.0,7793.0,7793.0,7783.0,157.0,6112875.0,21129
2023-05-10 21:02:10,l2311,l2311,7784.0,0.0,0.0,0.0,20,7783.0,7785.0,2,7789.0,7793.0,7793.0,7783.0,157.0,6112875.0,21129
2023-05-10 21:02:10,l2311,l2311,7784.0,0.0,0.0,0.0,12,7783.0,7785.0,4,7789.0,7793.0,7793.0,7783.0,157.0,6112875.0,21129
2023-05-10 21:02:11,l2311,l2311,7784.0,0.0,0.0,0.0,11,7783.0,7785.0,4,7789.0,7793.0,7793.0,7783.0,157.0,6112875.0,21129
2023-05-10 21:02:12,l2311,l2311,7785.0,5.0,194625.0,4.0,15,7783.0,7786.0,10,7789.0,7793.0,7793.0,7783.0,162.0,6307500.0,21133
2023-05-10 21:02:12,l2311,l2311,7785.0,0.0,0.0,0.0,13,7783.0,7786.0,11,7789.0,7793.0,7793.0,7783.0,162.0,6307500.0,21133
2023-05-10 21:02:13,l2311,l2311,7785.0,0.0,0.0,0.0,12,7783.0,7786.0,11,7789.0,7793.0,7793.0,7783.0,162.0,6307500.0,21133
2023-05-10 21:02:14,l2311,l2311,7785.0,0.0,0.0,0.0,10,7783.0,7785.0,1,7789.0,7793.0,7793.0,7783.0,162.0,6307500.0,21133
2023-05-10 21:02:14,l2311,l2311,7785.0,0.0,0.0,0.0,6,7783.0,7785.0,2,7789.0,7793.0,7793.0,7783.0,162.0,6307500.0,21133
2023-05-10 21:02:15,l2311,l2311,7785.0,0.0,0.0,0.0,3,7783.0,7785.0,2,7789.0,7793.0,7793.0,7783.0,162.0,6307500.0,21133
2023-05-10 21:02:15,l2311,l2311,7785.0,0.0,0.0,0.0,3,7783.0,7785.0,5,7789.0,7793.0,7793.0,7783.0,162.0,6307500.0,21133
2023-05-10 21:02:16,l2311,l2311,7785.0,0.0,0.0,0.0,11,7782.0,7785.0,12,7789.0,7793.0,7793.0,7783.0,162.0,6307500.0,21133
2023-05-10 21:02:16,l2311,l2311,7785.0,0.0,0.0,0.0,10,7782.0,7785.0,13,7789.0,7793.0,7793.0,7783.0,162.0,6307500.0,21133
2023-05-10 21:02:17,l2311,l2311,7785.0,0.0,0.0,0.0,6,7782.0,7784.0,3,7789.0,7793.0,7793.0,7783.0,162.0,6307500.0,21133
2023-05-10 21:02:18,l2311,l2311,7785.0,0.0,0.0,0.0,6,7782.0,7784.0,8,7789.0,7793.0,7793.0,7783.0,162.0,6307500.0,21133
2023-05-10 21:02:18,l2311,l2311,7785.0,0.0,0.0,0.0,1,7782.0,7783.0,1,7789.0,7793.0,7793.0,7783.0,162.0,6307500.0,21133
2023-05-10 21:02:19,l2311,l2311,7785.0,0.0,0.0,0.0,10,7781.0,7783.0,1,7789.0,7793.0,7793.0,7783.0,162.0,6307500.0,21133
2023-05-10 21:02:20,l2311,l2311,7785.0,0.0,0.0,0.0,10,7781.0,7784.0,13,7789.0,7793.0,7793.0,7783.0,162.0,6307500.0,21133
2023-05-10 21:02:21,l2311,l2311,7785.0,0.0,0.0,0.0,11,7781.0,7784.0,14,7789.0,7793.0,7793.0,7783.0,162.0,6307500.0,21133
2023-05-10 21:02:22,l2311,l2311,7785.0,0.0,0.0,0.0,9,7781.0,7783.0,2,7789.0,7793.0,7793.0,7783.0,162.0,6307500.0,21133
2023-05-10 21:02:22,l2311,l2311,7785.0,0.0,0.0,0.0,11,7781.0,7784.0,14,7789.0,7793.0,7793.0,7783.0,162.0,6307500.0,21133
2023-05-10 21:02:24,l2311,l2311,7785.0,0.0,0.0,0.0,14,7781.0,7784.0,11,7789.0,7793.0,7793.0,7783.0,162.0,6307500.0,21133
2023-05-10 21:02:24,l2311,l2311,7785.0,0.0,0.0,0.0,10,7781.0,7784.0,14,7789.0,7793.0,7793.0,7783.0,162.0,6307500.0,21133
2023-05-10 21:02:25,l2311,l2311,7785.0,0.0,0.0,0.0,11,7781.0,7784.0,24,7789.0,7793.0,7793.0,7783.0,162.0,6307500.0,21133
2023-05-10 21:02:25,l2311,l2311,7785.0,0.0,0.0,0.0,14,7781.0,7784.0,10,7789.0,7793.0,7793.0,7783.0,162.0,6307500.0,21133
2023-05-10 21:02:26,l2311,l2311,7785.0,0.0,0.0,0.0,2,7782.0,7784.0,9,7789.0,7793.0,7793.0,7783.0,162.0,6307500.0,21133
2023-05-10 21:02:26,l2311,l2311,7785.0,0.0,0.0,0.0,13,7781.0,7784.0,10,7789.0,7793.0,7793.0,7783.0,162.0,6307500.0,21133
2023-05-10 21:02:27,l2311,l2311,7785.0,0.0,0.0,0.0,11,7781.0,7784.0,14,7789.0,7793.0,7793.0,7783.0,162.0,6307500.0,21133
2023-05-10 21:02:27,l2311,l2311,7785.0,0.0,0.0,0.0,10,7781.0,7783.0,2,7789.0,7793.0,7793.0,7783.0,162.0,6307500.0,21133
2023-05-10 21:02:28,l2311,l2311,7785.0,0.0,0.0,0.0,11,7781.0,7784.0,15,7789.0,7793.0,7793.0,7783.0,162.0,6307500.0,21133
2023-05-10 21:02:29,l2311,l2311,7785.0,0.0,0.0,0.0,10,7781.0,7783.0,2,7789.0,7793.0,7793.0,7783.0,162.0,6307500.0,21133
2023-05-10 21:02:30,l2311,l2311,7785.0,0.0,0.0,0.0,11,7781.0,7784.0,15,7789.0,7793.0,7793.0,7783.0,162.0,6307500.0,21133
2023-05-10 21:02:31,l2311,l2311,7785.0,0.0,0.0,0.0,2,7782.0,7784.0,7,7789.0,7793.0,7793.0,7783.0,162.0,6307500.0,21133
2023-05-10 21:02:31,l2311,l2311,7785.0,0.0,0.0,0.0,3,7782.0,7784.0,7,7789.0,7793.0,7793.0,7783.0,162.0,6307500.0,21133
2023-05-10 21:02:32,l2311,l2311,7785.0,0.0,0.0,0.0,6,7782.0,7784.0,7,7789.0,7793.0,7793.0,7783.0,162.0,6307500.0,21133
2023-05-10 21:02:32,l2311,l2311,7785.0,0.0,0.0,0.0,1,7782.0,7784.0,13,7789.0,7793.0,7793.0,7783.0,162.0,6307500.0,21133
2023-05-10 21:02:33,l2311,l2311,7785.0,0.0,0.0,0.0,15,7781.0,7784.0,14,7789.0,7793.0,7793.0,7783.0,162.0,6307500.0,21133
2023-05-10 21:02:33,l2311,l2311,7785.0,0.0,0.0,0.0,14,7781.0,7784.0,14,7789.0,7793.0,7793.0,7783.0,162.0,6307500.0,21133
2023-05-10 21:02:34,l2311,l2311,7785.0,0.0,0.0,0.0,9,7781.0,7783.0,4,7789.0,7793.0,7793.0,7783.0,162.0,6307500.0,21133
2023-05-10 21:02:35,l2311,l2311,7785.0,0.0,0.0,0.0,14,7781.0,7784.0,15,7789.0,7793.0,7793.0,7783.0,162.0,6307500.0,21133
2023-05-10 21:02:35,l2311,l2311,7785.0,0.0,0.0,0.0,14,7781.0,7784.0,14,7789.0,7793.0,7793.0,7783.0,162.0,6307500.0,21133
2023-05-10 21:02:36,l2311,l2311,7785.0,0.0,0.0,0.0,2,7782.0,7784.0,7,7789.0,7793.0,7793.0,7783.0,162.0,6307500.0,21133
2023-05-10 21:02:36,l2311,l2311,7785.0,0.0,0.0,0.0,1,7782.0,7784.0,13,7789.0,7793.0,7793.0,7783.0,162.0,6307500.0,21133
2023-05-10 21:02:37,l2311,l2311,7785.0,0.0,0.0,0.0,10,7781.0,7784.0,14,7789.0,7793.0,7793.0,7783.0,162.0,6307500.0,21133
2023-05-10 21:02:37,l2311,l2311,7785.0,0.0,0.0,0.0,10,7781.0,7783.0,7,7789.0,7793.0,7793.0,7783.0,162.0,6307500.0,21133
2023-05-10 21:02:38,l2311,l2311,7785.0,0.0,0.0,0.0,9,7781.0,7783.0,8,7789.0,7793.0,7793.0,7783.0,162.0,6307500.0,21133
2023-05-10 21:02:39,l2311,l2311,7785.0,0.0,0.0,0.0,9,7781.0,7783.0,3,7789.0,7793.0,7793.0,7783.0,162.0,6307500.0,21133
2023-05-10 21:02:39,l2311,l2311,7785.0,0.0,0.0,0.0,1,7782.0,7784.0,13,7789.0,7793.0,7793.0,7783.0,162.0,6307500.0,21133
2023-05-10 21:02:40,l2311,l2311,7785.0,0.0,0.0,0.0,3,7782.0,7784.0,7,7789.0,7793.0,7793.0,7783.0,162.0,6307500.0,21133
2023-05-10 21:02:40,l2311,l2311,7785.0,0.0,0.0,0.0,7,7782.0,7784.0,7,7789.0,7793.0,7793.0,7783.0,162.0,6307500.0,21133
2023-05-10 21:02:41,l2311,l2311,7785.0,0.0,0.0,0.0,14,7782.0,7784.0,1,7789.0,7793.0,7793.0,7783.0,162.0,6307500.0,21133
2023-05-10 21:02:41,l2311,l2311,7785.0,0.0,0.0,0.0,14,7782.0,7785.0,14,7789.0,7793.0,7793.0,7783.0,162.0,6307500.0,21133
2023-05-10 21:02:42,l2311,l2311,7785.0,0.0,0.0,0.0,11,7782.0,7785.0,14,7789.0,7793.0,7793.0,7783.0,162.0,6307500.0,21133
2023-05-10 21:02:43,l2311,l2311,7785.0,0.0,0.0,0.0,14,7782.0,7785.0,14,7789.0,7793.0,7793.0,7783.0,162.0,6307500.0,21133
2023-05-10 21:02:44,l2311,l2311,7785.0,0.0,0.0,0.0,10,7782.0,7785.0,15,7789.0,7793.0,7793.0,7783.0,162.0,6307500.0,21133
2023-05-10 21:02:45,l2311,l2311,7785.0,0.0,0.0,0.0,11,7782.0,7785.0,15,7789.0,7793.0,7793.0,7783.0,162.0,6307500.0,21133
2023-05-10 21:02:45,l2311,l2311,7785.0,0.0,0.0,0.0,11,7782.0,7785.0,14,7789.0,7793.0,7793.0,7783.0,162.0,6307500.0,21133
2023-05-10 21:02:46,l2311,l2311,7785.0,0.0,0.0,0.0,1,7783.0,7785.0,13,7789.0,7793.0,7793.0,7783.0,162.0,6307500.0,21133
2023-05-10 21:02:47,l2311,l2311,7785.0,0.0,0.0,0.0,10,7782.0,7785.0,15,7789.0,7793.0,7793.0,7783.0,162.0,6307500.0,21133
2023-05-10 21:02:48,l2311,l2311,7785.0,0.0,0.0,0.0,11,7782.0,7785.0,16,7789.0,7793.0,7793.0,7783.0,162.0,6307500.0,21133
2023-05-10 21:02:48,l2311,l2311,7785.0,0.0,0.0,0.0,11,7782.0,7785.0,17,7789.0,7793.0,7793.0,7783.0,162.0,6307500.0,21133
2023-05-10 21:02:49,l2311,l2311,7785.0,0.0,0.0,0.0,9,7782.0,7784.0,6,7789.0,7793.0,7793.0,7783.0,162.0,6307500.0,21133
2023-05-10 21:02:49,l2311,l2311,7785.0,0.0,0.0,0.0,8,7782.0,7784.0,9,7789.0,7793.0,7793.0,7783.0,162.0,6307500.0,21133
2023-05-10 21:02:50,l2311,l2311,7785.0,0.0,0.0,0.0,3,7782.0,7784.0,14,7789.0,7793.0,7793.0,7783.0,162.0,6307500.0,21133
2023-05-10 21:02:50,l2311,l2311,7785.0,0.0,0.0,0.0,12,7781.0,7784.0,15,7789.0,7793.0,7793.0,7783.0,162.0,6307500.0,21133
2023-05-10 21:02:51,l2311,l2311,7785.0,0.0,0.0,0.0,11,7781.0,7784.0,24,7789.0,7793.0,7793.0,7783.0,162.0,6307500.0,21133
2023-05-10 21:02:51,l2311,l2311,7785.0,0.0,0.0,0.0,11,7781.0,7784.0,38,7789.0,7793.0,7793.0,7783.0,162.0,6307500.0,21133
2023-05-10 21:02:52,l2311,l2311,7785.0,0.0,0.0,0.0,11,7781.0,7784.0,39,7789.0,7793.0,7793.0,7783.0,162.0,6307500.0,21133
2023-05-10 21:02:53,l2311,l2311,7785.0,0.0,0.0,0.0,8,7781.0,7783.0,13,7789.0,7793.0,7793.0,7783.0,162.0,6307500.0,21133
2023-05-10 21:02:53,l2311,l2311,7785.0,0.0,0.0,0.0,6,7781.0,7783.0,20,7789.0,7793.0,7793.0,7783.0,162.0,6307500.0,21133
2023-05-10 21:02:55,l2311,l2311,7785.0,0.0,0.0,0.0,7,7781.0,7783.0,17,7789.0,7793.0,7793.0,7783.0,162.0,6307500.0,21133
2023-05-10 21:02:55,l2311,l2311,7785.0,0.0,0.0,0.0,6,7781.0,7783.0,18,7789.0,7793.0,7793.0,7783.0,162.0,6307500.0,21133
2023-05-10 21:02:55,l2311,l2311,7785.0,0.0,0.0,0.0,6,7781.0,7783.0,15,7789.0,7793.0,7793.0,7783.0,162.0,6307500.0,21133
2023-05-10 21:02:57,l2311,l2311,7785.0,0.0,0.0,0.0,4,7781.0,7783.0,17,7789.0,7793.0,7793.0,7783.0,162.0,6307500.0,21133
2023-05-10 21:02:58,l2311,l2311,7785.0,0.0,0.0,0.0,3,7781.0,7783.0,15,7789.0,7793.0,7793.0,7783.0,162.0,6307500.0,21133
2023-05-10 21:02:58,l2311,l2311,7785.0,0.0,0.0,0.0,3,7781.0,7783.0,18,7789.0,7793.0,7793.0,7783.0,162.0,6307500.0,21133
2023-05-10 21:02:59,l2311,l2311,7785.0,0.0,0.0,0.0,1,7782.0,7783.0,7,7789.0,7793.0,7793.0,7783.0,162.0,6307500.0,21133
2023-05-10 21:02:59,l2311,l2311,7785.0,0.0,0.0,0.0,2,7782.0,7783.0,2,7789.0,7793.0,7793.0,7783.0,162.0,6307500.0,21133
2023-05-10 21:03:00,l2311,l2311,7785.0,0.0,0.0,0.0,2,7782.0,7784.0,32,7789.0,7793.0,7793.0,7783.0,162.0,6307500.0,21133
2023-05-10 21:03:00,l2311,l2311,7785.0,0.0,0.0,0.0,2,7782.0,7784.0,9,7789.0,7793.0,7793.0,7783.0,162.0,6307500.0,21133
2023-05-10 21:03:01,l2311,l2311,7785.0,0.0,0.0,0.0,15,7781.0,7784.0,14,7789.0,7793.0,7793.0,7783.0,162.0,6307500.0,21133
2023-05-10 21:03:01,l2311,l2311,7785.0,0.0,0.0,0.0,5,7782.0,7784.0,9,7789.0,7793.0,7793.0,7783.0,162.0,6307500.0,21133
2023-05-10 21:03:02,l2311,l2311,7785.0,0.0,0.0,0.0,5,7782.0,7784.0,7,7789.0,7793.0,7793.0,7783.0,162.0,6307500.0,21133
2023-05-10 21:03:02,l2311,l2311,7785.0,0.0,0.0,0.0,13,7781.0,7784.0,14,7789.0,7793.0,7793.0,7783.0,162.0,6307500.0,21133
2023-05-10 21:03:03,l2311,l2311,7785.0,0.0,0.0,0.0,8,7781.0,7783.0,13,7789.0,7793.0,7793.0,7783.0,162.0,6307500.0,21133
2023-05-10 21:03:03,l2311,l2311,7785.0,0.0,0.0,0.0,5,7781.0,7783.0,20,7789.0,7793.0,7793.0,7783.0,162.0,6307500.0,21133
2023-05-10 21:03:04,l2311,l2311,7785.0,0.0,0.0,0.0,3,7781.0,7783.0,17,7789.0,7793.0,7793.0,7783.0,162.0,6307500.0,21133
2023-05-10 21:03:04,l2311,l2311,7785.0,0.0,0.0,0.0,3,7781.0,7783.0,18,7789.0,7793.0,7793.0,7783.0,162.0,6307500.0,21133
2023-05-10 21:03:06,l2311,l2311,7785.0,0.0,0.0,0.0,7,7781.0,7783.0,13,7789.0,7793.0,7793.0,7783.0,162.0,6307500.0,21133
2023-05-10 21:03:06,l2311,l2311,7785.0,0.0,0.0,0.0,11,7781.0,7783.0,8,7789.0,7793.0,7793.0,7783.0,162.0,6307500.0,21133
2023-05-10 21:03:07,l2311,l2311,7785.0,0.0,0.0,0.0,10,7781.0,7783.0,7,7789.0,7793.0,7793.0,7783.0,162.0,6307500.0,21133
2023-05-10 21:03:08,l2311,l2311,7785.0,0.0,0.0,0.0,10,7781.0,7783.0,6,7789.0,7793.0,7793.0,7783.0,162.0,6307500.0,21133
2023-05-10 21:03:08,l2311,l2311,7785.0,0.0,0.0,0.0,14,7781.0,7783.0,5,7789.0,7793.0,7793.0,7783.0,162.0,6307500.0,21133
2023-05-10 21:03:09,l2311,l2311,7785.0,0.0,0.0,0.0,2,7782.0,7784.0,13,7789.0,7793.0,7793.0,7783.0,162.0,6307500.0,21133
2023-05-10 21:03:09,l2311,l2311,7785.0,0.0,0.0,0.0,1,7782.0,7784.0,14,7789.0,7793.0,7793.0,7783.0,162.0,6307500.0,21133
2023-05-10 21:03:10,l2311,l2311,7785.0,0.0,0.0,0.0,11,7781.0,7783.0,2,7789.0,7793.0,7793.0,7783.0,162.0,6307500.0,21133
2023-05-10 21:03:10,l2311,l2311,7785.0,0.0,0.0,0.0,8,7781.0,7783.0,6,7789.0,7793.0,7793.0,7783.0,162.0,6307500.0,21133
2023-05-10 21:03:11,l2311,l2311,7785.0,0.0,0.0,0.0,6,7781.0,7783.0,10,7789.0,7793.0,7793.0,7783.0,162.0,6307500.0,21133
2023-05-10 21:03:11,l2311,l2311,7785.0,0.0,0.0,0.0,3,7781.0,7783.0,15,7789.0,7793.0,7793.0,7783.0,162.0,6307500.0,21133
2023-05-10 21:03:12,l2311,l2311,7785.0,0.0,0.0,0.0,2,7781.0,7783.0,14,7789.0,7793.0,7793.0,7783.0,162.0,6307500.0,21133
2023-05-10 21:03:12,l2311,l2311,7785.0,0.0,0.0,0.0,2,7781.0,7783.0,12,7789.0,7793.0,7793.0,7783.0,162.0,6307500.0,21133
2023-05-10 21:03:13,l2311,l2311,7785.0,0.0,0.0,0.0,1,7781.0,7783.0,13,7789.0,7793.0,7793.0,7783.0,162.0,6307500.0,21133
2023-05-10 21:03:13,l2311,l2311,7785.0,0.0,0.0,0.0,2,7781.0,7783.0,8,7789.0,7793.0,7793.0,7783.0,162.0,6307500.0,21133
2023-05-10 21:03:14,l2311,l2311,7785.0,0.0,0.0,0.0,7,7781.0,7783.0,7,7789.0,7793.0,7793.0,7783.0,162.0,6307500.0,21133
2023-05-10 21:03:14,l2311,l2311,7785.0,0.0,0.0,0.0,6,7781.0,7783.0,12,7789.0,7793.0,7793.0,7783.0,162.0,6307500.0,21133
2023-05-10 21:03:15,l2311,l2311,7785.0,0.0,0.0,0.0,4,7781.0,7783.0,9,7789.0,7793.0,7793.0,7783.0,162.0,6307500.0,21133
2023-05-10 21:03:15,l2311,l2311,7785.0,0.0,0.0,0.0,3,7781.0,7783.0,9,7789.0,7793.0,7793.0,7783.0,162.0,6307500.0,21133
2023-05-10 21:03:16,l2311,l2311,7785.0,0.0,0.0,0.0,9,7781.0,7783.0,7,7789.0,7793.0,7793.0,7783.0,162.0,6307500.0,21133
2023-05-10 21:03:16,l2311,l2311,7785.0,0.0,0.0,0.0,14,7781.0,7783.0,2,7789.0,7793.0,7793.0,7783.0,162.0,6307500.0,21133
2023-05-10 21:03:17,l2311,l2311,7785.0,0.0,0.0,0.0,4,7782.0,7784.0,10,7789.0,7793.0,7793.0,7783.0,162.0,6307500.0,21133
2023-05-10 21:03:17,l2311,l2311,7785.0,0.0,0.0,0.0,3,7782.0,7784.0,10,7789.0,7793.0,7793.0,7783.0,162.0,6307500.0,21133
2023-05-10 21:03:22,l2311,l2311,7785.0,0.0,0.0,0.0,1,7782.0,7784.0,14,7789.0,7793.0,7793.0,7783.0,162.0,6307500.0,21133
2023-05-10 21:03:23,l2311,l2311,7785.0,0.0,0.0,0.0,10,7781.0,7783.0,1,7789.0,7793.0,7793.0,7783.0,162.0,6307500.0,21133
2023-05-10 21:03:23,l2311,l2311,7785.0,0.0,0.0,0.0,10,7781.0,7783.0,5,7789.0,7793.0,7793.0,7783.0,162.0,6307500.0,21133
2023-05-10 21:03:24,l2311,l2311,7785.0,0.0,0.0,0.0,10,7781.0,7783.0,6,7789.0,7793.0,7793.0,7783.0,162.0,6307500.0,21133
2023-05-10 21:03:24,l2311,l2311,7785.0,0.0,0.0,0.0,11,7781.0,7783.0,1,7789.0,7793.0,7793.0,7783.0,162.0,6307500.0,21133
2023-05-10 21:03:25,l2311,l2311,7785.0,0.0,0.0,0.0,11,7781.0,7784.0,16,7789.0,7793.0,7793.0,7783.0,162.0,6307500.0,21133
2023-05-10 21:03:25,l2311,l2311,7785.0,0.0,0.0,0.0,10,7781.0,7783.0,4,7789.0,7793.0,7793.0,7783.0,162.0,6307500.0,21133
2023-05-10 21:03:26,l2311,l2311,7785.0,0.0,0.0,0.0,10,7781.0,7784.0,18,7789.0,7793.0,7793.0,7783.0,162.0,6307500.0,21133
2023-05-10 21:03:26,l2311,l2311,7785.0,0.0,0.0,0.0,11,7781.0,7784.0,24,7789.0,7793.0,7793.0,7783.0,162.0,6307500.0,21133
2023-05-10 21:03:27,l2311,l2311,7785.0,0.0,0.0,0.0,1,7782.0,7783.0,11,7789.0,7793.0,7793.0,7783.0,162.0,6307500.0,21133
2023-05-10 21:03:28,l2311,l2311,7782.0,1.0,38910.0,1.0,6,7781.0,7782.0,1,7789.0,7793.0,7793.0,7782.0,163.0,6346410.0,21134
2023-05-10 21:03:28,l2311,l2311,7782.0,0.0,0.0,0.0,3,7781.0,7783.0,14,7789.0,7793.0,7793.0,7782.0,163.0,6346410.0,21134
2023-05-10 21:03:28,l2311,l2311,7782.0,0.0,0.0,0.0,2,7781.0,7783.0,14,7789.0,7793.0,7793.0,7782.0,163.0,6346410.0,21134
2023-05-10 21:03:29,l2311,l2311,7782.0,0.0,0.0,0.0,1,7781.0,7783.0,14,7789.0,7793.0,7793.0,7782.0,163.0,6346410.0,21134
2023-05-10 21:03:29,l2311,l2311,7782.0,0.0,0.0,0.0,1,7781.0,7783.0,15,7789.0,7793.0,7793.0,7782.0,163.0,6346410.0,21134
2023-05-10 21:03:32,l2311,l2311,7782.0,0.0,0.0,0.0,6,7781.0,7783.0,8,7789.0,7793.0,7793.0,7782.0,163.0,6346410.0,21134
2023-05-10 21:03:33,l2311,l2311,7782.0,0.0,0.0,0.0,11,7781.0,7783.0,5,7789.0,7793.0,7793.0,7782.0,163.0,6346410.0,21134
2023-05-10 21:03:33,l2311,l2311,7782.0,0.0,0.0,0.0,14,7781.0,7783.0,1,7789.0,7793.0,7793.0,7782.0,163.0,6346410.0,21134
2023-05-10 21:03:34,l2311,l2311,7782.0,0.0,0.0,0.0,14,7781.0,7784.0,16,7789.0,7793.0,7793.0,7782.0,163.0,6346410.0,21134
2023-05-10 21:03:34,l2311,l2311,7782.0,0.0,0.0,0.0,11,7781.0,7784.0,16,7789.0,7793.0,7793.0,7782.0,163.0,6346410.0,21134
2023-05-10 21:03:34,l2311,l2311,7782.0,0.0,0.0,0.0,14,7781.0,7784.0,16,7789.0,7793.0,7793.0,7782.0,163.0,6346410.0,21134
2023-05-10 21:03:35,l2311,l2311,7782.0,0.0,0.0,0.0,3,7782.0,7784.0,7,7789.0,7793.0,7793.0,7782.0,163.0,6346410.0,21134
2023-05-10 21:03:37,l2311,l2311,7782.0,0.0,0.0,0.0,3,7782.0,7784.0,8,7789.0,7793.0,7793.0,7782.0,163.0,6346410.0,21134
2023-05-10 21:03:38,l2311,l2311,7782.0,0.0,0.0,0.0,3,7782.0,7783.0,1,7789.0,7793.0,7793.0,7782.0,163.0,6346410.0,21134
2023-05-10 21:03:38,l2311,l2311,7782.0,0.0,0.0,0.0,1,7782.0,7783.0,1,7789.0,7793.0,7793.0,7782.0,163.0,6346410.0,21134
2023-05-10 21:03:39,l2311,l2311,7782.0,0.0,0.0,0.0,11,7781.0,7783.0,1,7789.0,7793.0,7793.0,7782.0,163.0,6346410.0,21134
2023-05-10 21:03:39,l2311,l2311,7782.0,0.0,0.0,0.0,6,7781.0,7783.0,12,7789.0,7793.0,7793.0,7782.0,163.0,6346410.0,21134
2023-05-10 21:03:40,l2311,l2311,7782.0,0.0,0.0,0.0,2,7781.0,7783.0,16,7789.0,7793.0,7793.0,7782.0,163.0,6346410.0,21134
2023-05-10 21:03:40,l2311,l2311,7782.0,0.0,0.0,0.0,15,7780.0,7783.0,16,7789.0,7793.0,7793.0,7782.0,163.0,6346410.0,21134
2023-05-10 21:03:40,l2311,l2311,7782.0,0.0,0.0,0.0,14,7780.0,7783.0,17,7789.0,7793.0,7793.0,7782.0,163.0,6346410.0,21134
2023-05-10 21:03:41,l2311,l2311,7782.0,0.0,0.0,0.0,1,7781.0,7783.0,12,7789.0,7793.0,7793.0,7782.0,163.0,6346410.0,21134
2023-05-10 21:03:42,l2311,l2311,7782.0,0.0,0.0,0.0,2,7781.0,7783.0,10,7789.0,7793.0,7793.0,7782.0,163.0,6346410.0,21134
2023-05-10 21:03:43,l2311,l2311,7782.0,0.0,0.0,0.0,1,7781.0,7783.0,12,7789.0,7793.0,7793.0,7782.0,163.0,6346410.0,21134
2023-05-10 21:03:43,l2311,l2311,7782.0,0.0,0.0,0.0,15,7780.0,7783.0,16,7789.0,7793.0,7793.0,7782.0,163.0,6346410.0,21134
2023-05-10 21:03:43,l2311,l2311,7782.0,0.0,0.0,0.0,14,7780.0,7783.0,17,7789.0,7793.0,7793.0,7782.0,163.0,6346410.0,21134
2023-05-10 21:03:46,l2311,l2311,7782.0,0.0,0.0,0.0,11,7780.0,7783.0,17,7789.0,7793.0,7793.0,7782.0,163.0,6346410.0,21134
2023-05-10 21:03:47,l2311,l2311,7782.0,0.0,0.0,0.0,8,7780.0,7782.0,8,7789.0,7793.0,7793.0,7782.0,163.0,6346410.0,21134
2023-05-10 21:03:48,l2311,l2311,7782.0,0.0,0.0,0.0,6,7780.0,7782.0,15,7789.0,7793.0,7793.0,7782.0,163.0,6346410.0,21134
2023-05-10 21:03:48,l2311,l2311,7782.0,0.0,0.0,0.0,5,7780.0,7782.0,17,7789.0,7793.0,7793.0,7782.0,163.0,6346410.0,21134
2023-05-10 21:03:49,l2311,l2311,7782.0,0.0,0.0,0.0,2,7780.0,7782.0,17,7789.0,7793.0,7793.0,7782.0,163.0,6346410.0,21134
2023-05-10 21:03:49,l2311,l2311,7782.0,0.0,0.0,0.0,1,7780.0,7782.0,17,7789.0,7793.0,7793.0,7782.0,163.0,6346410.0,21134
2023-05-10 21:03:50,l2311,l2311,7782.0,0.0,0.0,0.0,1,7780.0,7782.0,16,7789.0,7793.0,7793.0,7782.0,163.0,6346410.0,21134
2023-05-10 21:03:50,l2311,l2311,7782.0,0.0,0.0,0.0,2,7780.0,7782.0,15,7789.0,7793.0,7793.0,7782.0,163.0,6346410.0,21134
2023-05-10 21:03:51,l2311,l2311,7782.0,0.0,0.0,0.0,1,7780.0,7782.0,17,7789.0,7793.0,7793.0,7782.0,163.0,6346410.0,21134
2023-05-10 21:03:51,l2311,l2311,7782.0,0.0,0.0,0.0,14,7779.0,7782.0,18,7789.0,7793.0,7793.0,7782.0,163.0,6346410.0,21134
2023-05-10 21:03:52,l2311,l2311,7782.0,0.0,0.0,0.0,10,7779.0,7782.0,21,7789.0,7793.0,7793.0,7782.0,163.0,6346410.0,21134
2023-05-10 21:03:53,l2311,l2311,7782.0,0.0,0.0,0.0,9,7779.0,7782.0,29,7789.0,7793.0,7793.0,7782.0,163.0,6346410.0,21134
2023-05-10 21:03:53,l2311,l2311,7782.0,0.0,0.0,0.0,13,7779.0,7782.0,37,7789.0,7793.0,7793.0,7782.0,163.0,6346410.0,21134
2023-05-10 21:03:54,l2311,l2311,7782.0,0.0,0.0,0.0,14,7779.0,7782.0,43,7789.0,7793.0,7793.0,7782.0,163.0,6346410.0,21134
2023-05-10 21:03:55,l2311,l2311,7782.0,0.0,0.0,0.0,8,7779.0,7781.0,3,7789.0,7793.0,7793.0,7782.0,163.0,6346410.0,21134
2023-05-10 21:03:55,l2311,l2311,7782.0,0.0,0.0,0.0,9,7779.0,7781.0,3,7789.0,7793.0,7793.0,7782.0,163.0,6346410.0,21134
2023-05-10 21:03:56,l2311,l2311,7782.0,0.0,0.0,0.0,14,7779.0,7781.0,1,7789.0,7793.0,7793.0,7782.0,163.0,6346410.0,21134
2023-05-10 21:03:57,l2311,l2311,7782.0,0.0,0.0,0.0,11,7779.0,7781.0,1,7789.0,7793.0,7793.0,7782.0,163.0,6346410.0,21134
2023-05-10 21:03:58,l2311,l2311,7782.0,0.0,0.0,0.0,10,7779.0,7781.0,1,7789.0,7793.0,7793.0,7782.0,163.0,6346410.0,21134
2023-05-10 21:03:58,l2311,l2311,7782.0,0.0,0.0,0.0,9,7779.0,7781.0,2,7789.0,7793.0,7793.0,7782.0,163.0,6346410.0,21134
2023-05-10 21:03:59,l2311,l2311,7782.0,0.0,0.0,0.0,9,7779.0,7781.0,4,7789.0,7793.0,7793.0,7782.0,163.0,6346410.0,21134
2023-05-10 21:03:59,l2311,l2311,7782.0,0.0,0.0,0.0,9,7779.0,7781.0,5,7789.0,7793.0,7793.0,7782.0,163.0,6346410.0,21134
2023-05-10 21:04:00,l2311,l2311,7782.0,0.0,0.0,0.0,11,7779.0,7781.0,3,7789.0,7793.0,7793.0,7782.0,163.0,6346410.0,21134
2023-05-10 21:04:00,l2311,l2311,7782.0,0.0,0.0,0.0,14,7779.0,7781.0,1,7789.0,7793.0,7793.0,7782.0,163.0,6346410.0,21134
2023-05-10 21:04:02,l2311,l2311,7781.0,1.0,38905.0,-1.0,3,7780.0,7782.0,34,7789.0,7793.0,7793.0,7781.0,164.0,6385315.0,21133
2023-05-10 21:04:02,l2311,l2311,7781.0,0.0,0.0,0.0,5,7780.0,7782.0,35,7789.0,7793.0,7793.0,7781.0,164.0,6385315.0,21133
2023-05-10 21:04:03,l2311,l2311,7781.0,0.0,0.0,0.0,5,7780.0,7782.0,14,7789.0,7793.0,7793.0,7781.0,164.0,6385315.0,21133
2023-05-10 21:04:04,l2311,l2311,7781.0,0.0,0.0,0.0,1,7780.0,7782.0,19,7789.0,7793.0,7793.0,7781.0,164.0,6385315.0,21133
2023-05-10 21:04:04,l2311,l2311,7781.0,0.0,0.0,0.0,14,7779.0,7782.0,21,7789.0,7793.0,7793.0,7781.0,164.0,6385315.0,21133
2023-05-10 21:04:06,l2311,l2311,7781.0,0.0,0.0,0.0,14,7779.0,7782.0,17,7789.0,7793.0,7793.0,7781.0,164.0,6385315.0,21133
2023-05-10 21:04:07,l2311,l2311,7781.0,0.0,0.0,0.0,14,7779.0,7781.0,1,7789.0,7793.0,7793.0,7781.0,164.0,6385315.0,21133
2023-05-10 21:04:08,l2311,l2311,7781.0,0.0,0.0,0.0,2,7780.0,7781.0,1,7789.0,7793.0,7793.0,7781.0,164.0,6385315.0,21133
2023-05-10 21:04:08,l2311,l2311,7782.0,16.0,622555.0,6.0,6,7782.0,7783.0,7,7789.0,7793.0,7793.0,7781.0,180.0,7007870.0,21139
2023-05-10 21:04:09,l2311,l2311,7782.0,0.0,0.0,0.0,6,7782.0,7784.0,14,7789.0,7793.0,7793.0,7781.0,180.0,7007870.0,21139
2023-05-10 21:04:09,l2311,l2311,7782.0,0.0,0.0,0.0,9,7782.0,7784.0,12,7789.0,7793.0,7793.0,7781.0,180.0,7007870.0,21139
2023-05-10 21:04:10,l2311,l2311,7782.0,0.0,0.0,0.0,16,7782.0,7784.0,5,7789.0,7793.0,7793.0,7781.0,180.0,7007870.0,21139
2023-05-10 21:04:10,l2311,l2311,7782.0,0.0,0.0,0.0,3,7783.0,7785.0,9,7789.0,7793.0,7793.0,7781.0,180.0,7007870.0,21139
2023-05-10 21:04:14,l2311,l2311,7782.0,0.0,0.0,0.0,2,7783.0,7785.0,10,7789.0,7793.0,7793.0,7781.0,180.0,7007870.0,21139
2023-05-10 21:04:15,l2311,l2311,7783.0,2.0,77830.0,0.0,16,7782.0,7783.0,2,7789.0,7793.0,7793.0,7781.0,182.0,7085700.0,21139
2023-05-10 21:04:15,l2311,l2311,7783.0,0.0,0.0,0.0,15,7782.0,7783.0,2,7789.0,7793.0,7793.0,7781.0,182.0,7085700.0,21139
2023-05-10 21:04:15,l2311,l2311,7783.0,0.0,0.0,0.0,14,7782.0,7783.0,2,7789.0,7793.0,7793.0,7781.0,182.0,7085700.0,21139
2023-05-10 21:04:17,l2311,l2311,7783.0,0.0,0.0,0.0,13,7782.0,7783.0,2,7789.0,7793.0,7793.0,7781.0,182.0,7085700.0,21139
2023-05-10 21:04:17,l2311,l2311,7781.0,24.0,933790.0,9.0,21,7780.0,7782.0,6,7789.0,7793.0,7793.0,7781.0,206.0,8019490.0,21148
2023-05-10 21:04:18,l2311,l2311,7781.0,0.0,0.0,0.0,11,7780.0,7781.0,1,7789.0,7793.0,7793.0,7781.0,206.0,8019490.0,21148
2023-05-10 21:04:18,l2311,l2311,7781.0,1.0,38905.0,0.0,13,7780.0,7782.0,11,7789.0,7793.0,7793.0,7781.0,207.0,8058395.0,21148
2023-05-10 21:04:19,l2311,l2311,7781.0,0.0,0.0,0.0,14,7780.0,7782.0,10,7789.0,7793.0,7793.0,7781.0,207.0,8058395.0,21148
2023-05-10 21:04:20,l2311,l2311,7781.0,0.0,0.0,0.0,12,7780.0,7781.0,1,7789.0,7793.0,7793.0,7781.0,207.0,8058395.0,21148
2023-05-10 21:04:21,l2311,l2311,7781.0,0.0,0.0,0.0,10,7780.0,7781.0,1,7789.0,7793.0,7793.0,7781.0,207.0,8058395.0,21148
2023-05-10 21:04:21,l2311,l2311,7781.0,0.0,0.0,0.0,11,7780.0,7781.0,1,7789.0,7793.0,7793.0,7781.0,207.0,8058395.0,21148
2023-05-10 21:04:22,l2311,l2311,7781.0,0.0,0.0,0.0,7,7780.0,7781.0,1,7789.0,7793.0,7793.0,7781.0,207.0,8058395.0,21148
2023-05-10 21:04:22,l2311,l2311,7781.0,0.0,0.0,0.0,4,7780.0,7781.0,1,7789.0,7793.0,7793.0,7781.0,207.0,8058395.0,21148
2023-05-10 21:04:23,l2311,l2311,7781.0,0.0,0.0,0.0,15,7779.0,7781.0,1,7789.0,7793.0,7793.0,7781.0,207.0,8058395.0,21148
2023-05-10 21:04:23,l2311,l2311,7781.0,1.0,38905.0,1.0,4,7780.0,7782.0,14,7789.0,7793.0,7793.0,7781.0,208.0,8097300.0,21149
2023-05-10 21:04:24,l2311,l2311,7781.0,0.0,0.0,0.0,11,7780.0,7782.0,11,7789.0,7793.0,7793.0,7781.0,208.0,8097300.0,21149
2023-05-10 21:04:24,l2311,l2311,7781.0,0.0,0.0,0.0,14,7780.0,7782.0,10,7789.0,7793.0,7793.0,7781.0,208.0,8097300.0,21149
2023-05-10 21:04:25,l2311,l2311,7781.0,0.0,0.0,0.0,12,7780.0,7782.0,11,7789.0,7793.0,7793.0,7781.0,208.0,8097300.0,21149
2023-05-10 21:04:25,l2311,l2311,7781.0,0.0,0.0,0.0,14,7780.0,7782.0,9,7789.0,7793.0,7793.0,7781.0,208.0,8097300.0,21149
2023-05-10 21:04:28,l2311,l2311,7781.0,0.0,0.0,0.0,13,7780.0,7782.0,10,7789.0,7793.0,7793.0,7781.0,208.0,8097300.0,21149
2023-05-10 21:04:29,l2311,l2311,7781.0,0.0,0.0,0.0,7,7780.0,7782.0,12,7789.0,7793.0,7793.0,7781.0,208.0,8097300.0,21149
2023-05-10 21:04:29,l2311,l2311,7781.0,0.0,0.0,0.0,4,7780.0,7782.0,13,7789.0,7793.0,7793.0,7781.0,208.0,8097300.0,21149
2023-05-10 21:04:29,l2311,l2311,7781.0,0.0,0.0,0.0,1,7780.0,7782.0,13,7789.0,7793.0,7793.0,7781.0,208.0,8097300.0,21149
2023-05-10 21:04:30,l2311,l2311,7781.0,0.0,0.0,0.0,15,7779.0,7782.0,13,7789.0,7793.0,7793.0,7781.0,208.0,8097300.0,21149
2023-05-10 21:04:33,l2311,l2311,7781.0,0.0,0.0,0.0,15,7779.0,7782.0,16,7789.0,7793.0,7793.0,7781.0,208.0,8097300.0,21149
2023-05-10 21:04:33,l2311,l2311,7781.0,0.0,0.0,0.0,14,7779.0,7782.0,17,7789.0,7793.0,7793.0,7781.0,208.0,8097300.0,21149
2023-05-10 21:04:35,l2311,l2311,7781.0,0.0,0.0,0.0,8,7779.0,7781.0,2,7789.0,7793.0,7793.0,7781.0,208.0,8097300.0,21149
2023-05-10 21:04:35,l2311,l2311,7781.0,0.0,0.0,0.0,7,7779.0,7781.0,2,7789.0,7793.0,7793.0,7781.0,208.0,8097300.0,21149
2023-05-10 21:04:38,l2311,l2311,7781.0,0.0,0.0,0.0,9,7779.0,7782.0,18,7789.0,7793.0,7793.0,7781.0,208.0,8097300.0,21149
2023-05-10 21:04:39,l2311,l2311,7781.0,0.0,0.0,0.0,10,7779.0,7782.0,17,7789.0,7793.0,7793.0,7781.0,208.0,8097300.0,21149
2023-05-10 21:04:39,l2311,l2311,7781.0,0.0,0.0,0.0,11,7779.0,7782.0,17,7789.0,7793.0,7793.0,7781.0,208.0,8097300.0,21149
2023-05-10 21:04:40,l2311,l2311,7781.0,0.0,0.0,0.0,14,7779.0,7782.0,16,7789.0,7793.0,7793.0,7781.0,208.0,8097300.0,21149
2023-05-10 21:04:40,l2311,l2311,7781.0,0.0,0.0,0.0,14,7779.0,7782.0,17,7789.0,7793.0,7793.0,7781.0,208.0,8097300.0,21149
2023-05-10 21:04:41,l2311,l2311,7781.0,0.0,0.0,0.0,13,7779.0,7782.0,17,7789.0,7793.0,7793.0,7781.0,208.0,8097300.0,21149
2023-05-10 21:04:42,l2311,l2311,7781.0,0.0,0.0,0.0,14,7779.0,7782.0,16,7789.0,7793.0,7793.0,7781.0,208.0,8097300.0,21149
2023-05-10 21:04:42,l2311,l2311,7781.0,0.0,0.0,0.0,13,7779.0,7782.0,17,7789.0,7793.0,7793.0,7781.0,208.0,8097300.0,21149
2023-05-10 21:04:43,l2311,l2311,7781.0,0.0,0.0,0.0,11,7779.0,7782.0,18,7789.0,7793.0,7793.0,7781.0,208.0,8097300.0,21149
2023-05-10 21:04:43,l2311,l2311,7781.0,0.0,0.0,0.0,7,7779.0,7781.0,9,7789.0,7793.0,7793.0,7781.0,208.0,8097300.0,21149
2023-05-10 21:04:44,l2311,l2311,7781.0,0.0,0.0,0.0,3,7779.0,7781.0,16,7789.0,7793.0,7793.0,7781.0,208.0,8097300.0,21149
2023-05-10 21:04:44,l2311,l2311,7781.0,0.0,0.0,0.0,14,7778.0,7781.0,13,7789.0,7793.0,7793.0,7781.0,208.0,8097300.0,21149
2023-05-10 21:04:45,l2311,l2311,7781.0,0.0,0.0,0.0,14,7778.0,7781.0,14,7789.0,7793.0,7793.0,7781.0,208.0,8097300.0,21149
2023-05-10 21:04:45,l2311,l2311,7781.0,0.0,0.0,0.0,14,7778.0,7781.0,10,7789.0,7793.0,7793.0,7781.0,208.0,8097300.0,21149
2023-05-10 21:04:46,l2311,l2311,7781.0,0.0,0.0,0.0,15,7778.0,7781.0,11,7789.0,7793.0,7793.0,7781.0,208.0,8097300.0,21149
2023-05-10 21:04:47,l2311,l2311,7781.0,0.0,0.0,0.0,14,7778.0,7780.0,1,7789.0,7793.0,7793.0,7781.0,208.0,8097300.0,21149
2023-05-10 21:04:49,l2311,l2311,7781.0,0.0,0.0,0.0,12,7778.0,7780.0,2,7789.0,7793.0,7793.0,7781.0,208.0,8097300.0,21149
2023-05-10 21:04:49,l2311,l2311,7781.0,0.0,0.0,0.0,13,7778.0,7780.0,2,7789.0,7793.0,7793.0,7781.0,208.0,8097300.0,21149
2023-05-10 21:04:49,l2311,l2311,7781.0,0.0,0.0,0.0,10,7778.0,7780.0,2,7789.0,7793.0,7793.0,7781.0,208.0,8097300.0,21149
2023-05-10 21:04:52,l2311,l2311,7781.0,0.0,0.0,0.0,13,7778.0,7781.0,15,7789.0,7793.0,7793.0,7781.0,208.0,8097300.0,21149
2023-05-10 21:04:52,l2311,l2311,7781.0,0.0,0.0,0.0,15,7778.0,7781.0,13,7789.0,7793.0,7793.0,7781.0,208.0,8097300.0,21149
2023-05-10 21:04:53,l2311,l2311,7781.0,0.0,0.0,0.0,14,7778.0,7781.0,14,7789.0,7793.0,7793.0,7781.0,208.0,8097300.0,21149
2023-05-10 21:04:53,l2311,l2311,7781.0,0.0,0.0,0.0,15,7778.0,7781.0,15,7789.0,7793.0,7793.0,7781.0,208.0,8097300.0,21149
2023-05-10 21:04:56,l2311,l2311,7781.0,0.0,0.0,0.0,12,7778.0,7781.0,15,7789.0,7793.0,7793.0,7781.0,208.0,8097300.0,21149
2023-05-10 21:04:56,l2311,l2311,7781.0,0.0,0.0,0.0,11,7778.0,7781.0,16,7789.0,7793.0,7793.0,7781.0,208.0,8097300.0,21149
2023-05-10 21:04:57,l2311,l2311,7781.0,0.0,0.0,0.0,12,7778.0,7780.0,1,7789.0,7793.0,7793.0,7781.0,208.0,8097300.0,21149
2023-05-10 21:04:57,l2311,l2311,7781.0,0.0,0.0,0.0,11,7778.0,7780.0,1,7789.0,7793.0,7793.0,7781.0,208.0,8097300.0,21149
2023-05-10 21:04:59,l2311,l2311,7781.0,0.0,0.0,0.0,10,7778.0,7780.0,1,7789.0,7793.0,7793.0,7781.0,208.0,8097300.0,21149
2023-05-10 21:05:00,l2311,l2311,7781.0,0.0,0.0,0.0,9,7778.0,7780.0,5,7789.0,7793.0,7793.0,7781.0,208.0,8097300.0,21149
2023-05-10 21:05:00,l2311,l2311,7781.0,0.0,0.0,0.0,9,7778.0,7780.0,8,7789.0,7793.0,7793.0,7781.0,208.0,8097300.0,21149
2023-05-10 21:05:01,l2311,l2311,7781.0,0.0,0.0,0.0,6,7778.0,7780.0,13,7789.0,7793.0,7793.0,7781.0,208.0,8097300.0,21149
2023-05-10 21:05:01,l2311,l2311,7781.0,0.0,0.0,0.0,1,7778.0,7780.0,15,7789.0,7793.0,7793.0,7781.0,208.0,8097300.0,21149
2023-05-10 21:05:02,l2311,l2311,7781.0,0.0,0.0,0.0,11,7777.0,7780.0,16,7789.0,7793.0,7793.0,7781.0,208.0,8097300.0,21149
2023-05-10 21:05:03,l2311,l2311,7781.0,0.0,0.0,0.0,15,7777.0,7780.0,13,7789.0,7793.0,7793.0,7781.0,208.0,8097300.0,21149
2023-05-10 21:05:04,l2311,l2311,7781.0,0.0,0.0,0.0,7,7778.0,7780.0,8,7789.0,7793.0,7793.0,7781.0,208.0,8097300.0,21149
2023-05-10 21:05:04,l2311,l2311,7781.0,0.0,0.0,0.0,25,7778.0,7780.0,6,7789.0,7793.0,7793.0,7781.0,208.0,8097300.0,21149
2023-05-10 21:05:05,l2311,l2311,7781.0,0.0,0.0,0.0,47,7778.0,7780.0,1,7789.0,7793.0,7793.0,7781.0,208.0,8097300.0,21149
2023-05-10 21:05:05,l2311,l2311,7781.0,0.0,0.0,0.0,47,7778.0,7781.0,14,7789.0,7793.0,7793.0,7781.0,208.0,8097300.0,21149
2023-05-10 21:05:06,l2311,l2311,7781.0,0.0,0.0,0.0,16,7778.0,7781.0,14,7789.0,7793.0,7793.0,7781.0,208.0,8097300.0,21149
2023-05-10 21:05:06,l2311,l2311,7781.0,0.0,0.0,0.0,2,7779.0,7781.0,9,7789.0,7793.0,7793.0,7781.0,208.0,8097300.0,21149
2023-05-10 21:05:07,l2311,l2311,7781.0,0.0,0.0,0.0,6,7779.0,7781.0,7,7789.0,7793.0,7793.0,7781.0,208.0,8097300.0,21149
2023-05-10 21:05:07,l2311,l2311,7781.0,0.0,0.0,0.0,7,7779.0,7781.0,6,7789.0,7793.0,7793.0,7781.0,208.0,8097300.0,21149
2023-05-10 21:05:08,l2311,l2311,7781.0,0.0,0.0,0.0,6,7779.0,7781.0,11,7789.0,7793.0,7793.0,7781.0,208.0,8097300.0,21149
2023-05-10 21:05:08,l2311,l2311,7781.0,0.0,0.0,0.0,1,7779.0,7781.0,15,7789.0,7793.0,7793.0,7781.0,208.0,8097300.0,21149
2023-05-10 21:05:09,l2311,l2311,7781.0,0.0,0.0,0.0,11,7778.0,7781.0,16,7789.0,7793.0,7793.0,7781.0,208.0,8097300.0,21149
2023-05-10 21:05:09,l2311,l2311,7781.0,0.0,0.0,0.0,11,7778.0,7780.0,4,7789.0,7793.0,7793.0,7781.0,208.0,8097300.0,21149
2023-05-10 21:05:10,l2311,l2311,7781.0,0.0,0.0,0.0,8,7778.0,7780.0,8,7789.0,7793.0,7793.0,7781.0,208.0,8097300.0,21149
2023-05-10 21:05:10,l2311,l2311,7781.0,0.0,0.0,0.0,7,7778.0,7780.0,14,7789.0,7793.0,7793.0,7781.0,208.0,8097300.0,21149
2023-05-10 21:05:11,l2311,l2311,7781.0,0.0,0.0,0.0,6,7778.0,7780.0,15,7789.0,7793.0,7793.0,7781.0,208.0,8097300.0,21149
2023-05-10 21:05:11,l2311,l2311,7781.0,0.0,0.0,0.0,3,7778.0,7780.0,15,7789.0,7793.0,7793.0,7781.0,208.0,8097300.0,21149
2023-05-10 21:05:12,l2311,l2311,7781.0,0.0,0.0,0.0,1,7778.0,7780.0,15,7789.0,7793.0,7793.0,7781.0,208.0,8097300.0,21149
2023-05-10 21:05:12,l2311,l2311,7781.0,0.0,0.0,0.0,3,7778.0,7780.0,11,7789.0,7793.0,7793.0,7781.0,208.0,8097300.0,21149
2023-05-10 21:05:13,l2311,l2311,7781.0,0.0,0.0,0.0,1,7778.0,7780.0,15,7789.0,7793.0,7793.0,7781.0,208.0,8097300.0,21149
2023-05-10 21:05:13,l2311,l2311,7781.0,0.0,0.0,0.0,11,7777.0,7779.0,4,7789.0,7793.0,7793.0,7781.0,208.0,8097300.0,21149
2023-05-10 21:05:14,l2311,l2311,7781.0,0.0,0.0,0.0,6,7778.0,7780.0,8,7789.0,7793.0,7793.0,7781.0,208.0,8097300.0,21149
2023-05-10 21:05:14,l2311,l2311,7781.0,0.0,0.0,0.0,3,7778.0,7780.0,10,7789.0,7793.0,7793.0,7781.0,208.0,8097300.0,21149
2023-05-10 21:05:15,l2311,l2311,7781.0,0.0,0.0,0.0,3,7778.0,7780.0,12,7789.0,7793.0,7793.0,7781.0,208.0,8097300.0,21149
2023-05-10 21:05:15,l2311,l2311,7781.0,0.0,0.0,0.0,3,7778.0,7780.0,13,7789.0,7793.0,7793.0,7781.0,208.0,8097300.0,21149
2023-05-10 21:05:16,l2311,l2311,7781.0,0.0,0.0,0.0,6,7778.0,7780.0,10,7789.0,7793.0,7793.0,7781.0,208.0,8097300.0,21149
2023-05-10 21:05:17,l2311,l2311,7781.0,0.0,0.0,0.0,12,7778.0,7780.0,8,7789.0,7793.0,7793.0,7781.0,208.0,8097300.0,21149
2023-05-10 21:05:17,l2311,l2311,7781.0,0.0,0.0,0.0,13,7778.0,7780.0,8,7789.0,7793.0,7793.0,7781.0,208.0,8097300.0,21149
2023-05-10 21:05:18,l2311,l2311,7781.0,0.0,0.0,0.0,1,7779.0,7780.0,4,7789.0,7793.0,7793.0,7781.0,208.0,8097300.0,21149
2023-05-10 21:05:18,l2311,l2311,7781.0,0.0,0.0,0.0,2,7779.0,7780.0,1,7789.0,7793.0,7793.0,7781.0,208.0,8097300.0,21149
2023-05-10 21:05:19,l2311,l2311,7781.0,0.0,0.0,0.0,2,7779.0,7781.0,13,7789.0,7793.0,7793.0,7781.0,208.0,8097300.0,21149
2023-05-10 21:05:20,l2311,l2311,7781.0,0.0,0.0,0.0,6,7779.0,7781.0,8,7789.0,7793.0,7793.0,7781.0,208.0,8097300.0,21149
2023-05-10 21:05:20,l2311,l2311,7781.0,0.0,0.0,0.0,2,7780.0,7781.0,6,7789.0,7793.0,7793.0,7781.0,208.0,8097300.0,21149
2023-05-10 21:05:21,l2311,l2311,7781.0,0.0,0.0,0.0,11,7779.0,7781.0,3,7789.0,7793.0,7793.0,7781.0,208.0,8097300.0,21149
2023-05-10 21:05:21,l2311,l2311,7781.0,0.0,0.0,0.0,14,7779.0,7781.0,1,7789.0,7793.0,7793.0,7781.0,208.0,8097300.0,21149
2023-05-10 21:05:22,l2311,l2311,7781.0,0.0,0.0,0.0,10,7779.0,7781.0,6,7789.0,7793.0,7793.0,7781.0,208.0,8097300.0,21149
2023-05-10 21:05:22,l2311,l2311,7781.0,0.0,0.0,0.0,10,7779.0,7781.0,10,7789.0,7793.0,7793.0,7781.0,208.0,8097300.0,21149
2023-05-10 21:05:23,l2311,l2311,7781.0,0.0,0.0,0.0,11,7779.0,7781.0,10,7789.0,7793.0,7793.0,7781.0,208.0,8097300.0,21149
2023-05-10 21:05:25,l2311,l2311,7781.0,0.0,0.0,0.0,14,7779.0,7781.0,7,7789.0,7793.0,7793.0,7781.0,208.0,8097300.0,21149
2023-05-10 21:05:25,l2311,l2311,7781.0,0.0,0.0,0.0,14,7779.0,7781.0,4,7789.0,7793.0,7793.0,7781.0,208.0,8097300.0,21149
2023-05-10 21:05:26,l2311,l2311,7781.0,0.0,0.0,0.0,14,7779.0,7782.0,18,7789.0,7793.0,7793.0,7781.0,208.0,8097300.0,21149
2023-05-10 21:05:27,l2311,l2311,7781.0,0.0,0.0,0.0,1,7780.0,7782.0,17,7789.0,7793.0,7793.0,7781.0,208.0,8097300.0,21149
2023-05-10 21:05:28,l2311,l2311,7781.0,0.0,0.0,0.0,1,7780.0,7782.0,16,7789.0,7793.0,7793.0,7781.0,208.0,8097300.0,21149
2023-05-10 21:05:29,l2311,l2311,7781.0,0.0,0.0,0.0,1,7780.0,7782.0,17,7789.0,7793.0,7793.0,7781.0,208.0,8097300.0,21149
2023-05-10 21:05:30,l2311,l2311,7781.0,0.0,0.0,0.0,2,7780.0,7782.0,14,7789.0,7793.0,7793.0,7781.0,208.0,8097300.0,21149
2023-05-10 21:05:30,l2311,l2311,7781.0,0.0,0.0,0.0,3,7780.0,7782.0,13,7789.0,7793.0,7793.0,7781.0,208.0,8097300.0,21149
2023-05-10 21:05:31,l2311,l2311,7781.0,0.0,0.0,0.0,8,7780.0,7782.0,10,7789.0,7793.0,7793.0,7781.0,208.0,8097300.0,21149
2023-05-10 21:05:31,l2311,l2311,7781.0,0.0,0.0,0.0,13,7780.0,7782.0,10,7789.0,7793.0,7793.0,7781.0,208.0,8097300.0,21149
2023-05-10 21:05:32,l2311,l2311,7781.0,0.0,0.0,0.0,10,7780.0,7782.0,13,7789.0,7793.0,7793.0,7781.0,208.0,8097300.0,21149
2023-05-10 21:05:32,l2311,l2311,7781.0,0.0,0.0,0.0,8,7780.0,7782.0,14,7789.0,7793.0,7793.0,7781.0,208.0,8097300.0,21149
2023-05-10 21:05:33,l2311,l2311,7781.0,0.0,0.0,0.0,7,7780.0,7782.0,14,7789.0,7793.0,7793.0,7781.0,208.0,8097300.0,21149
2023-05-10 21:05:34,l2311,l2311,7781.0,0.0,0.0,0.0,11,7780.0,7782.0,10,7789.0,7793.0,7793.0,7781.0,208.0,8097300.0,21149
2023-05-10 21:05:35,l2311,l2311,7781.0,0.0,0.0,0.0,14,7780.0,7782.0,8,7789.0,7793.0,7793.0,7781.0,208.0,8097300.0,21149
2023-05-10 21:05:35,l2311,l2311,7781.0,0.0,0.0,0.0,14,7780.0,7782.0,7,7789.0,7793.0,7793.0,7781.0,208.0,8097300.0,21149
2023-05-10 21:05:36,l2311,l2311,7781.0,0.0,0.0,0.0,2,7781.0,7782.0,6,7789.0,7793.0,7793.0,7781.0,208.0,8097300.0,21149
2023-05-10 21:05:39,l2311,l2311,7781.0,0.0,0.0,0.0,6,7781.0,7782.0,5,7789.0,7793.0,7793.0,7781.0,208.0,8097300.0,21149
2023-05-10 21:05:40,l2311,l2311,7781.0,0.0,0.0,0.0,6,7781.0,7782.0,2,7789.0,7793.0,7793.0,7781.0,208.0,8097300.0,21149
2023-05-10 21:05:40,l2311,l2311,7781.0,0.0,0.0,0.0,5,7781.0,7782.0,2,7789.0,7793.0,7793.0,7781.0,208.0,8097300.0,21149
2023-05-10 21:05:41,l2311,l2311,7781.0,0.0,0.0,0.0,1,7781.0,7782.0,2,7789.0,7793.0,7793.0,7781.0,208.0,8097300.0,21149
2023-05-10 21:05:41,l2311,l2311,7782.0,2.0,77820.0,1.0,2,7782.0,7783.0,6,7789.0,7793.0,7793.0,7781.0,210.0,8175120.0,21150
2023-05-10 21:05:42,l2311,l2311,7782.0,0.0,0.0,0.0,5,7782.0,7783.0,1,7789.0,7793.0,7793.0,7781.0,210.0,8175120.0,21150
2023-05-10 21:05:42,l2311,l2311,7782.0,0.0,0.0,0.0,8,7782.0,7784.0,11,7789.0,7793.0,7793.0,7781.0,210.0,8175120.0,21150
2023-05-10 21:05:43,l2311,l2311,7782.0,0.0,0.0,0.0,10,7782.0,7784.0,11,7789.0,7793.0,7793.0,7781.0,210.0,8175120.0,21150
2023-05-10 21:05:43,l2311,l2311,7782.0,0.0,0.0,0.0,12,7782.0,7784.0,10,7789.0,7793.0,7793.0,7781.0,210.0,8175120.0,21150
2023-05-10 21:05:44,l2311,l2311,7782.0,0.0,0.0,0.0,12,7782.0,7784.0,9,7789.0,7793.0,7793.0,7781.0,210.0,8175120.0,21150
2023-05-10 21:05:44,l2311,l2311,7782.0,0.0,0.0,0.0,12,7782.0,7784.0,8,7789.0,7793.0,7793.0,7781.0,210.0,8175120.0,21150
2023-05-10 21:05:45,l2311,l2311,7782.0,0.0,0.0,0.0,11,7782.0,7784.0,5,7789.0,7793.0,7793.0,7781.0,210.0,8175120.0,21150
2023-05-10 21:05:45,l2311,l2311,7782.0,0.0,0.0,0.0,13,7782.0,7784.0,2,7789.0,7793.0,7793.0,7781.0,210.0,8175120.0,21150
2023-05-10 21:05:46,l2311,l2311,7782.0,0.0,0.0,0.0,14,7782.0,7785.0,16,7789.0,7793.0,7793.0,7781.0,210.0,8175120.0,21150
2023-05-10 21:05:47,l2311,l2311,7782.0,0.0,0.0,0.0,1,7783.0,7785.0,14,7789.0,7793.0,7793.0,7781.0,210.0,8175120.0,21150
2023-05-10 21:05:47,l2311,l2311,7782.0,0.0,0.0,0.0,6,7783.0,7785.0,9,7789.0,7793.0,7793.0,7781.0,210.0,8175120.0,21150
2023-05-10 21:05:48,l2311,l2311,7782.0,0.0,0.0,0.0,6,7783.0,7785.0,13,7789.0,7793.0,7793.0,7781.0,210.0,8175120.0,21150
2023-05-10 21:05:48,l2311,l2311,7782.0,0.0,0.0,0.0,2,7783.0,7785.0,15,7789.0,7793.0,7793.0,7781.0,210.0,8175120.0,21150
2023-05-10 21:05:49,l2311,l2311,7782.0,0.0,0.0,0.0,15,7782.0,7785.0,15,7789.0,7793.0,7793.0,7781.0,210.0,8175120.0,21150
2023-05-10 21:05:50,l2311,l2311,7782.0,0.0,0.0,0.0,1,7783.0,7785.0,13,7789.0,7793.0,7793.0,7781.0,210.0,8175120.0,21150
2023-05-10 21:05:51,l2311,l2311,7782.0,0.0,0.0,0.0,14,7782.0,7785.0,14,7789.0,7793.0,7793.0,7781.0,210.0,8175120.0,21150
2023-05-10 21:05:51,l2311,l2311,7782.0,0.0,0.0,0.0,11,7782.0,7784.0,4,7789.0,7793.0,7793.0,7781.0,210.0,8175120.0,21150
2023-05-10 21:05:52,l2311,l2311,7782.0,0.0,0.0,0.0,9,7782.0,7784.0,9,7789.0,7793.0,7793.0,7781.0,210.0,8175120.0,21150
2023-05-10 21:05:52,l2311,l2311,7782.0,0.0,0.0,0.0,10,7782.0,7784.0,10,7789.0,7793.0,7793.0,7781.0,210.0,8175120.0,21150
2023-05-10 21:05:53,l2311,l2311,7782.0,0.0,0.0,0.0,14,7782.0,7784.0,7,7789.0,7793.0,7793.0,7781.0,210.0,8175120.0,21150
2023-05-10 21:05:53,l2311,l2311,7782.0,0.0,0.0,0.0,14,7782.0,7784.0,5,7789.0,7793.0,7793.0,7781.0,210.0,8175120.0,21150
2023-05-10 21:05:54,l2311,l2311,7782.0,0.0,0.0,0.0,7,7782.0,7784.0,12,7789.0,7793.0,7793.0,7781.0,210.0,8175120.0,21150
2023-05-10 21:05:54,l2311,l2311,7782.0,0.0,0.0,0.0,3,7782.0,7783.0,3,7789.0,7793.0,7793.0,7781.0,210.0,8175120.0,21150
2023-05-10 21:05:55,l2311,l2311,7782.0,3.0,116730.0,3.0,5,7781.0,7782.0,4,7789.0,7793.0,7793.0,7781.0,213.0,8291850.0,21153
2023-05-10 21:05:55,l2311,l2311,7781.0,9.0,350145.0,6.0,9,7780.0,7782.0,5,7789.0,7793.0,7793.0,7781.0,222.0,8641995.0,21159
2023-05-10 21:05:56,l2311,l2311,7781.0,0.0,0.0,0.0,1,7781.0,7782.0,4,7789.0,7793.0,7793.0,7781.0,222.0,8641995.0,21159
2023-05-10 21:05:56,l2311,l2311,7781.0,0.0,0.0,0.0,1,7781.0,7782.0,5,7789.0,7793.0,7793.0,7781.0,222.0,8641995.0,21159
2023-05-10 21:05:58,l2311,l2311,7781.0,0.0,0.0,0.0,14,7780.0,7782.0,3,7789.0,7793.0,7793.0,7781.0,222.0,8641995.0,21159
2023-05-10 21:05:59,l2311,l2311,7781.0,0.0,0.0,0.0,11,7780.0,7782.0,7,7789.0,7793.0,7793.0,7781.0,222.0,8641995.0,21159
2023-05-10 21:05:59,l2311,l2311,7781.0,0.0,0.0,0.0,11,7780.0,7782.0,9,7789.0,7793.0,7793.0,7781.0,222.0,8641995.0,21159
2023-05-10 21:06:00,l2311,l2311,7781.0,0.0,0.0,0.0,7,7780.0,7782.0,14,7789.0,7793.0,7793.0,7781.0,222.0,8641995.0,21159
2023-05-10 21:06:00,l2311,l2311,7781.0,0.0,0.0,0.0,8,7780.0,7782.0,11,7789.0,7793.0,7793.0,7781.0,222.0,8641995.0,21159
2023-05-10 21:06:01,l2311,l2311,7781.0,0.0,0.0,0.0,7,7780.0,7782.0,11,7789.0,7793.0,7793.0,7781.0,222.0,8641995.0,21159
2023-05-10 21:06:02,l2311,l2311,7781.0,0.0,0.0,0.0,4,7780.0,7782.0,14,7789.0,7793.0,7793.0,7781.0,222.0,8641995.0,21159
2023-05-10 21:06:02,l2311,l2311,7781.0,0.0,0.0,0.0,16,7779.0,7782.0,14,7789.0,7793.0,7793.0,7781.0,222.0,8641995.0,21159
2023-05-10 21:06:03,l2311,l2311,7781.0,0.0,0.0,0.0,1,7780.0,7782.0,14,7789.0,7793.0,7793.0,7781.0,222.0,8641995.0,21159
2023-05-10 21:06:03,l2311,l2311,7781.0,0.0,0.0,0.0,9,7780.0,7782.0,8,7789.0,7793.0,7793.0,7781.0,222.0,8641995.0,21159
2023-05-10 21:06:04,l2311,l2311,7781.0,0.0,0.0,0.0,14,7780.0,7782.0,5,7789.0,7793.0,7793.0,7781.0,222.0,8641995.0,21159
2023-05-10 21:06:04,l2311,l2311,7781.0,0.0,0.0,0.0,14,7780.0,7782.0,3,7789.0,7793.0,7793.0,7781.0,222.0,8641995.0,21159
2023-05-10 21:06:05,l2311,l2311,7782.0,2.0,77820.0,0.0,1,7782.0,7783.0,7,7789.0,7793.0,7793.0,7781.0,224.0,8719815.0,21159
2023-05-10 21:06:05,l2311,l2311,7782.0,0.0,0.0,0.0,1,7782.0,7783.0,3,7789.0,7793.0,7793.0,7781.0,224.0,8719815.0,21159
2023-05-10 21:06:06,l2311,l2311,7783.0,1.0,38915.0,0.0,1,7783.0,7784.0,16,7789.0,7793.0,7793.0,7781.0,225.0,8758730.0,21159
2023-05-10 21:06:06,l2311,l2311,7784.0,5.0,194600.0,3.0,2,7784.0,7785.0,11,7789.0,7793.0,7793.0,7781.0,230.0,8953330.0,21162
2023-05-10 21:06:07,l2311,l2311,7784.0,2.0,77840.0,2.0,1,7784.0,7785.0,16,7789.0,7793.0,7793.0,7781.0,232.0,9031170.0,21164
2023-05-10 21:06:07,l2311,l2311,7784.0,1.0,38920.0,0.0,9,7783.0,7785.0,10,7789.0,7793.0,7793.0,7781.0,233.0,9070090.0,21164
2023-05-10 21:06:08,l2311,l2311,7784.0,0.0,0.0,0.0,3,7783.0,7785.0,14,7789.0,7793.0,7793.0,7781.0,233.0,9070090.0,21164
2023-05-10 21:06:08,l2311,l2311,7784.0,0.0,0.0,0.0,13,7783.0,7785.0,7,7789.0,7793.0,7793.0,7781.0,233.0,9070090.0,21164
2023-05-10 21:06:09,l2311,l2311,7785.0,5.0,194625.0,4.0,1,7785.0,7786.0,10,7789.0,7793.0,7793.0,7781.0,238.0,9264715.0,21168
2023-05-10 21:06:09,l2311,l2311,7785.0,0.0,0.0,0.0,1,7785.0,7786.0,11,7789.0,7793.0,7793.0,7781.0,238.0,9264715.0,21168
2023-05-10 21:06:10,l2311,l2311,7786.0,8.0,311440.0,0.0,3,7786.0,7787.0,11,7789.0,7793.0,7793.0,7781.0,246.0,9576155.0,21168
2023-05-10 21:06:10,l2311,l2311,7786.0,0.0,0.0,0.0,3,7786.0,7787.0,24,7789.0,7793.0,7793.0,7781.0,246.0,9576155.0,21168
2023-05-10 21:06:11,l2311,l2311,7786.0,0.0,0.0,0.0,4,7786.0,7787.0,29,7789.0,7793.0,7793.0,7781.0,246.0,9576155.0,21168
2023-05-10 21:06:12,l2311,l2311,7786.0,4.0,155720.0,1.0,7,7785.0,7787.0,34,7789.0,7793.0,7793.0,7781.0,250.0,9731875.0,21169
2023-05-10 21:06:12,l2311,l2311,7786.0,0.0,0.0,0.0,3,7785.0,7787.0,39,7789.0,7793.0,7793.0,7781.0,250.0,9731875.0,21169
2023-05-10 21:06:13,l2311,l2311,7786.0,0.0,0.0,0.0,2,7785.0,7786.0,3,7789.0,7793.0,7793.0,7781.0,250.0,9731875.0,21169
2023-05-10 21:06:13,l2311,l2311,7786.0,0.0,0.0,0.0,1,7785.0,7786.0,1,7789.0,7793.0,7793.0,7781.0,250.0,9731875.0,21169
2023-05-10 21:06:14,l2311,l2311,7786.0,0.0,0.0,0.0,1,7785.0,7787.0,38,7789.0,7793.0,7793.0,7781.0,250.0,9731875.0,21169
2023-05-10 21:06:15,l2311,l2311,7786.0,0.0,0.0,0.0,1,7785.0,7786.0,3,7789.0,7793.0,7793.0,7781.0,250.0,9731875.0,21169
2023-05-10 21:06:15,l2311,l2311,7785.0,1.0,38925.0,0.0,9,7784.0,7786.0,11,7789.0,7793.0,7793.0,7781.0,251.0,9770800.0,21169
2023-05-10 21:06:16,l2311,l2311,7785.0,0.0,0.0,0.0,6,7784.0,7786.0,15,7789.0,7793.0,7793.0,7781.0,251.0,9770800.0,21169
2023-05-10 21:06:16,l2311,l2311,7785.0,0.0,0.0,0.0,3,7784.0,7786.0,15,7789.0,7793.0,7793.0,7781.0,251.0,9770800.0,21169
2023-05-10 21:06:16,l2311,l2311,7785.0,0.0,0.0,0.0,2,7784.0,7786.0,15,7789.0,7793.0,7793.0,7781.0,251.0,9770800.0,21169
2023-05-10 21:06:17,l2311,l2311,7785.0,0.0,0.0,0.0,1,7784.0,7786.0,15,7789.0,7793.0,7793.0,7781.0,251.0,9770800.0,21169
2023-05-10 21:06:18,l2311,l2311,7785.0,0.0,0.0,0.0,16,7783.0,7786.0,15,7789.0,7793.0,7793.0,7781.0,251.0,9770800.0,21169
2023-05-10 21:06:19,l2311,l2311,7785.0,0.0,0.0,0.0,11,7783.0,7785.0,4,7789.0,7793.0,7793.0,7781.0,251.0,9770800.0,21169
2023-05-10 21:06:19,l2311,l2311,7785.0,0.0,0.0,0.0,8,7783.0,7785.0,11,7789.0,7793.0,7793.0,7781.0,251.0,9770800.0,21169
2023-05-10 21:06:20,l2311,l2311,7785.0,0.0,0.0,0.0,6,7783.0,7785.0,14,7789.0,7793.0,7793.0,7781.0,251.0,9770800.0,21169
2023-05-10 21:06:21,l2311,l2311,7785.0,0.0,0.0,0.0,5,7783.0,7785.0,16,7789.0,7793.0,7793.0,7781.0,251.0,9770800.0,21169
2023-05-10 21:06:22,l2311,l2311,7785.0,0.0,0.0,0.0,2,7783.0,7785.0,16,7789.0,7793.0,7793.0,7781.0,251.0,9770800.0,21169
2023-05-10 21:06:22,l2311,l2311,7785.0,0.0,0.0,0.0,1,7783.0,7785.0,16,7789.0,7793.0,7793.0,7781.0,251.0,9770800.0,21169
2023-05-10 21:06:23,l2311,l2311,7785.0,0.0,0.0,0.0,8,7783.0,7785.0,8,7789.0,7793.0,7793.0,7781.0,251.0,9770800.0,21169
2023-05-10 21:06:23,l2311,l2311,7785.0,0.0,0.0,0.0,14,7783.0,7785.0,3,7789.0,7793.0,7793.0,7781.0,251.0,9770800.0,21169
2023-05-10 21:06:24,l2311,l2311,7785.0,0.0,0.0,0.0,14,7783.0,7786.0,17,7789.0,7793.0,7793.0,7781.0,251.0,9770800.0,21169
2023-05-10 21:06:24,l2311,l2311,7785.0,0.0,0.0,0.0,14,7783.0,7786.0,16,7789.0,7793.0,7793.0,7781.0,251.0,9770800.0,21169
2023-05-10 21:06:25,l2311,l2311,7785.0,0.0,0.0,0.0,9,7783.0,7785.0,10,7789.0,7793.0,7793.0,7781.0,251.0,9770800.0,21169
2023-05-10 21:06:25,l2311,l2311,7785.0,0.0,0.0,0.0,7,7783.0,7785.0,16,7789.0,7793.0,7793.0,7781.0,251.0,9770800.0,21169
2023-05-10 21:06:26,l2311,l2311,7785.0,0.0,0.0,0.0,5,7783.0,7785.0,16,7789.0,7793.0,7793.0,7781.0,251.0,9770800.0,21169
2023-05-10 21:06:26,l2311,l2311,7783.0,3.0,116745.0,2.0,6,7782.0,7783.0,3,7789.0,7793.0,7793.0,7781.0,254.0,9887545.0,21171
2023-05-10 21:06:27,l2311,l2311,7783.0,0.0,0.0,0.0,5,7782.0,7783.0,3,7789.0,7793.0,7793.0,7781.0,254.0,9887545.0,21171
2023-05-10 21:06:27,l2311,l2311,7783.0,0.0,0.0,0.0,2,7782.0,7783.0,3,7789.0,7793.0,7793.0,7781.0,254.0,9887545.0,21171
2023-05-10 21:06:28,l2311,l2311,7783.0,0.0,0.0,0.0,1,7782.0,7783.0,5,7789.0,7793.0,7793.0,7781.0,254.0,9887545.0,21171
2023-05-10 21:06:29,l2311,l2311,7783.0,0.0,0.0,0.0,9,7781.0,7783.0,11,7789.0,7793.0,7793.0,7781.0,254.0,9887545.0,21171
2023-05-10 21:06:29,l2311,l2311,7783.0,0.0,0.0,0.0,8,7781.0,7783.0,13,7789.0,7793.0,7793.0,7781.0,254.0,9887545.0,21171
2023-05-10 21:06:29,l2311,l2311,7783.0,0.0,0.0,0.0,7,7781.0,7783.0,13,7789.0,7793.0,7793.0,7781.0,254.0,9887545.0,21171
2023-05-10 21:06:30,l2311,l2311,7783.0,0.0,0.0,0.0,6,7781.0,7783.0,14,7789.0,7793.0,7793.0,7781.0,254.0,9887545.0,21171
2023-05-10 21:06:31,l2311,l2311,7783.0,0.0,0.0,0.0,3,7781.0,7783.0,15,7789.0,7793.0,7793.0,7781.0,254.0,9887545.0,21171
2023-05-10 21:06:31,l2311,l2311,7779.0,17.0,661285.0,8.0,4,7778.0,7779.0,1,7789.0,7793.0,7793.0,7779.0,271.0,10548830.0,21179
2023-05-10 21:06:32,l2311,l2311,7779.0,9.0,350020.0,5.0,1,7779.0,7780.0,11,7789.0,7793.0,7793.0,7778.0,280.0,10898850.0,21184
2023-05-10 21:06:32,l2311,l2311,7779.0,1.0,38895.0,0.0,4,7778.0,7779.0,1,7789.0,7793.0,7793.0,7778.0,281.0,10937745.0,21184
2023-05-10 21:06:33,l2311,l2311,7779.0,0.0,0.0,0.0,1,7778.0,7779.0,1,7789.0,7793.0,7793.0,7778.0,281.0,10937745.0,21184
2023-05-10 21:06:33,l2311,l2311,7779.0,0.0,0.0,0.0,14,7777.0,7779.0,1,7789.0,7793.0,7793.0,7778.0,281.0,10937745.0,21184
2023-05-10 21:06:35,l2311,l2311,7779.0,0.0,0.0,0.0,9,7777.0,7778.0,1,7789.0,7793.0,7793.0,7778.0,281.0,10937745.0,21184
2023-05-10 21:06:35,l2311,l2311,7779.0,0.0,0.0,0.0,5,7777.0,7778.0,1,7789.0,7793.0,7793.0,7778.0,281.0,10937745.0,21184
2023-05-10 21:06:36,l2311,l2311,7779.0,0.0,0.0,0.0,18,7776.0,7778.0,1,7789.0,7793.0,7793.0,7778.0,281.0,10937745.0,21184
2023-05-10 21:06:36,l2311,l2311,7779.0,0.0,0.0,0.0,15,7776.0,7778.0,1,7789.0,7793.0,7793.0,7778.0,281.0,10937745.0,21184
2023-05-10 21:06:37,l2311,l2311,7779.0,0.0,0.0,0.0,15,7776.0,7777.0,1,7789.0,7793.0,7793.0,7778.0,281.0,10937745.0,21184
2023-05-10 21:06:37,l2311,l2311,7779.0,0.0,0.0,0.0,9,7776.0,7777.0,1,7789.0,7793.0,7793.0,7778.0,281.0,10937745.0,21184
2023-05-10 21:06:37,l2311,l2311,7779.0,0.0,0.0,0.0,8,7776.0,7777.0,1,7789.0,7793.0,7793.0,7778.0,281.0,10937745.0,21184
2023-05-10 21:06:38,l2311,l2311,7779.0,0.0,0.0,0.0,7,7776.0,7777.0,1,7789.0,7793.0,7793.0,7778.0,281.0,10937745.0,21184
2023-05-10 21:06:41,l2311,l2311,7777.0,1.0,38885.0,0.0,7,7776.0,7778.0,14,7789.0,7793.0,7793.0,7777.0,282.0,10976630.0,21184
2023-05-10 21:06:42,l2311,l2311,7777.0,0.0,0.0,0.0,7,7776.0,7778.0,16,7789.0,7793.0,7793.0,7777.0,282.0,10976630.0,21184
2023-05-10 21:06:42,l2311,l2311,7777.0,0.0,0.0,0.0,13,7776.0,7778.0,7,7789.0,7793.0,7793.0,7777.0,282.0,10976630.0,21184
2023-05-10 21:06:43,l2311,l2311,7777.0,0.0,0.0,0.0,15,7776.0,7778.0,2,7789.0,7793.0,7793.0,7777.0,282.0,10976630.0,21184
2023-05-10 21:06:43,l2311,l2311,7777.0,0.0,0.0,0.0,15,7776.0,7779.0,24,7789.0,7793.0,7793.0,7777.0,282.0,10976630.0,21184
2023-05-10 21:06:44,l2311,l2311,7777.0,0.0,0.0,0.0,15,7776.0,7779.0,17,7789.0,7793.0,7793.0,7777.0,282.0,10976630.0,21184
2023-05-10 21:06:48,l2311,l2311,7777.0,0.0,0.0,0.0,7,7777.0,7779.0,11,7789.0,7793.0,7793.0,7777.0,282.0,10976630.0,21184
2023-05-10 21:06:49,l2311,l2311,7777.0,0.0,0.0,0.0,13,7777.0,7779.0,7,7789.0,7793.0,7793.0,7777.0,282.0,10976630.0,21184
2023-05-10 21:06:49,l2311,l2311,7777.0,0.0,0.0,0.0,16,7777.0,7779.0,2,7789.0,7793.0,7793.0,7777.0,282.0,10976630.0,21184
2023-05-10 21:06:50,l2311,l2311,7777.0,0.0,0.0,0.0,5,7778.0,7780.0,21,7789.0,7793.0,7793.0,7777.0,282.0,10976630.0,21184
2023-05-10 21:06:50,l2311,l2311,7777.0,0.0,0.0,0.0,2,7778.0,7780.0,34,7789.0,7793.0,7793.0,7777.0,282.0,10976630.0,21184
2023-05-10 21:06:51,l2311,l2311,7777.0,0.0,0.0,0.0,16,7777.0,7780.0,36,7789.0,7793.0,7793.0,7777.0,282.0,10976630.0,21184
2023-05-10 21:06:51,l2311,l2311,7777.0,0.0,0.0,0.0,13,7777.0,7780.0,40,7789.0,7793.0,7793.0,7777.0,282.0,10976630.0,21184
2023-05-10 21:06:54,l2311,l2311,7777.0,0.0,0.0,0.0,13,7777.0,7779.0,1,7789.0,7793.0,7793.0,7777.0,282.0,10976630.0,21184
2023-05-10 21:06:58,l2311,l2311,7777.0,0.0,0.0,0.0,4,7778.0,7780.0,32,7789.0,7793.0,7793.0,7777.0,282.0,10976630.0,21184
2023-05-10 21:06:59,l2311,l2311,7777.0,0.0,0.0,0.0,16,7777.0,7780.0,38,7789.0,7793.0,7793.0,7777.0,282.0,10976630.0,21184
2023-05-10 21:06:59,l2311,l2311,7777.0,0.0,0.0,0.0,5,7778.0,7780.0,13,7789.0,7793.0,7793.0,7777.0,282.0,10976630.0,21184
2023-05-10 21:07:00,l2311,l2311,7777.0,0.0,0.0,0.0,16,7777.0,7779.0,1,7789.0,7793.0,7793.0,7777.0,282.0,10976630.0,21184
2023-05-10 21:07:01,l2311,l2311,7777.0,0.0,0.0,0.0,13,7777.0,7779.0,1,7789.0,7793.0,7793.0,7777.0,282.0,10976630.0,21184
2023-05-10 21:07:01,l2311,l2311,7777.0,0.0,0.0,0.0,12,7777.0,7779.0,2,7789.0,7793.0,7793.0,7777.0,282.0,10976630.0,21184
2023-05-10 21:07:01,l2311,l2311,7777.0,0.0,0.0,0.0,11,7777.0,7779.0,2,7789.0,7793.0,7793.0,7777.0,282.0,10976630.0,21184
2023-05-10 21:07:02,l2311,l2311,7777.0,0.0,0.0,0.0,8,7777.0,7779.0,6,7789.0,7793.0,7793.0,7777.0,282.0,10976630.0,21184
2023-05-10 21:07:03,l2311,l2311,7777.0,0.0,0.0,0.0,10,7777.0,7779.0,6,7789.0,7793.0,7793.0,7777.0,282.0,10976630.0,21184
2023-05-10 21:07:03,l2311,l2311,7777.0,0.0,0.0,0.0,13,7777.0,7779.0,5,7789.0,7793.0,7793.0,7777.0,282.0,10976630.0,21184
2023-05-10 21:07:04,l2311,l2311,7777.0,0.0,0.0,0.0,13,7777.0,7779.0,2,7789.0,7793.0,7793.0,7777.0,282.0,10976630.0,21184
2023-05-10 21:07:04,l2311,l2311,7777.0,0.0,0.0,0.0,1,7778.0,7780.0,18,7789.0,7793.0,7793.0,7777.0,282.0,10976630.0,21184
2023-05-10 21:07:05,l2311,l2311,7777.0,0.0,0.0,0.0,5,7778.0,7780.0,13,7789.0,7793.0,7793.0,7777.0,282.0,10976630.0,21184
2023-05-10 21:07:05,l2311,l2311,7777.0,0.0,0.0,0.0,8,7778.0,7780.0,13,7789.0,7793.0,7793.0,7777.0,282.0,10976630.0,21184
2023-05-10 21:07:06,l2311,l2311,7777.0,0.0,0.0,0.0,10,7778.0,7780.0,13,7789.0,7793.0,7793.0,7777.0,282.0,10976630.0,21184
2023-05-10 21:07:06,l2311,l2311,7777.0,0.0,0.0,0.0,11,7778.0,7780.0,13,7789.0,7793.0,7793.0,7777.0,282.0,10976630.0,21184
2023-05-10 21:07:07,l2311,l2311,7777.0,0.0,0.0,0.0,6,7778.0,7780.0,16,7789.0,7793.0,7793.0,7777.0,282.0,10976630.0,21184
2023-05-10 21:07:07,l2311,l2311,7777.0,0.0,0.0,0.0,7,7778.0,7780.0,16,7789.0,7793.0,7793.0,7777.0,282.0,10976630.0,21184
2023-05-10 21:07:07,l2311,l2311,7777.0,0.0,0.0,0.0,9,7778.0,7780.0,13,7789.0,7793.0,7793.0,7777.0,282.0,10976630.0,21184
2023-05-10 21:07:08,l2311,l2311,7777.0,0.0,0.0,0.0,10,7778.0,7780.0,13,7789.0,7793.0,7793.0,7777.0,282.0,10976630.0,21184
2023-05-10 21:07:08,l2311,l2311,7777.0,0.0,0.0,0.0,11,7778.0,7780.0,13,7789.0,7793.0,7793.0,7777.0,282.0,10976630.0,21184
2023-05-10 21:07:09,l2311,l2311,7777.0,0.0,0.0,0.0,5,7779.0,7780.0,10,7789.0,7793.0,7793.0,7777.0,282.0,10976630.0,21184
2023-05-10 21:07:10,l2311,l2311,7780.0,11.0,427900.0,9.0,4,7780.0,7781.0,2,7789.0,7793.0,7793.0,7777.0,293.0,11404530.0,21193
2023-05-10 21:07:10,l2311,l2311,7780.0,0.0,0.0,0.0,6,7780.0,7781.0,1,7789.0,7793.0,7793.0,7777.0,293.0,11404530.0,21193
2023-05-10 21:07:12,l2311,l2311,7780.0,0.0,0.0,0.0,6,7780.0,7782.0,14,7789.0,7793.0,7793.0,7777.0,293.0,11404530.0,21193
2023-05-10 21:07:12,l2311,l2311,7780.0,0.0,0.0,0.0,6,7780.0,7782.0,16,7789.0,7793.0,7793.0,7777.0,293.0,11404530.0,21193
2023-05-10 21:07:13,l2311,l2311,7780.0,0.0,0.0,0.0,5,7780.0,7782.0,30,7789.0,7793.0,7793.0,7777.0,293.0,11404530.0,21193
2023-05-10 21:07:14,l2311,l2311,7780.0,0.0,0.0,0.0,12,7780.0,7782.0,8,7789.0,7793.0,7793.0,7777.0,293.0,11404530.0,21193
2023-05-10 21:07:15,l2311,l2311,7780.0,0.0,0.0,0.0,15,7780.0,7782.0,6,7789.0,7793.0,7793.0,7777.0,293.0,11404530.0,21193
2023-05-10 21:07:15,l2311,l2311,7782.0,6.0,233460.0,5.0,5,7782.0,7783.0,6,7789.0,7793.0,7793.0,7777.0,299.0,11637990.0,21198
2023-05-10 21:07:16,l2311,l2311,7782.0,0.0,0.0,0.0,5,7782.0,7783.0,3,7789.0,7793.0,7793.0,7777.0,299.0,11637990.0,21198
2023-05-10 21:07:16,l2311,l2311,7782.0,0.0,0.0,0.0,8,7782.0,7783.0,2,7789.0,7793.0,7793.0,7777.0,299.0,11637990.0,21198
2023-05-10 21:07:17,l2311,l2311,7782.0,0.0,0.0,0.0,8,7782.0,7783.0,14,7789.0,7793.0,7793.0,7777.0,299.0,11637990.0,21198
2023-05-10 21:07:17,l2311,l2311,7782.0,11.0,428010.0,1.0,8,7781.0,7782.0,2,7789.0,7793.0,7793.0,7777.0,310.0,12066000.0,21199
2023-05-10 21:07:18,l2311,l2311,7782.0,0.0,0.0,0.0,12,7781.0,7782.0,2,7789.0,7793.0,7793.0,7777.0,310.0,12066000.0,21199
2023-05-10 21:07:23,l2311,l2311,7782.0,2.0,77820.0,0.0,11,7781.0,7783.0,8,7789.0,7793.0,7793.0,7777.0,312.0,12143820.0,21199
2023-05-10 21:07:23,l2311,l2311,7782.0,0.0,0.0,0.0,14,7781.0,7783.0,4,7789.0,7793.0,7793.0,7777.0,312.0,12143820.0,21199
2023-05-10 21:07:24,l2311,l2311,7782.0,0.0,0.0,0.0,6,7782.0,7783.0,2,7789.0,7793.0,7793.0,7777.0,312.0,12143820.0,21199
2023-05-10 21:07:24,l2311,l2311,7782.0,0.0,0.0,0.0,1,7782.0,7783.0,2,7789.0,7793.0,7793.0,7777.0,312.0,12143820.0,21199
2023-05-10 21:07:25,l2311,l2311,7782.0,0.0,0.0,0.0,15,7781.0,7783.0,2,7789.0,7793.0,7793.0,7777.0,312.0,12143820.0,21199
2023-05-10 21:07:25,l2311,l2311,7782.0,0.0,0.0,0.0,14,7781.0,7783.0,4,7789.0,7793.0,7793.0,7777.0,312.0,12143820.0,21199
2023-05-10 21:07:25,l2311,l2311,7782.0,0.0,0.0,0.0,14,7781.0,7783.0,5,7789.0,7793.0,7793.0,7777.0,312.0,12143820.0,21199
2023-05-10 21:07:29,l2311,l2311,7782.0,0.0,0.0,0.0,7,7781.0,7783.0,12,7789.0,7793.0,7793.0,7777.0,312.0,12143820.0,21199
2023-05-10 21:07:29,l2311,l2311,7782.0,0.0,0.0,0.0,6,7781.0,7783.0,16,7789.0,7793.0,7793.0,7777.0,312.0,12143820.0,21199
2023-05-10 21:07:30,l2311,l2311,7782.0,0.0,0.0,0.0,3,7781.0,7783.0,16,7789.0,7793.0,7793.0,7777.0,312.0,12143820.0,21199
2023-05-10 21:07:30,l2311,l2311,7782.0,0.0,0.0,0.0,1,7781.0,7783.0,16,7789.0,7793.0,7793.0,7777.0,312.0,12143820.0,21199
2023-05-10 21:07:31,l2311,l2311,7782.0,0.0,0.0,0.0,16,7780.0,7783.0,16,7789.0,7793.0,7793.0,7777.0,312.0,12143820.0,21199
2023-05-10 21:07:35,l2311,l2311,7782.0,0.0,0.0,0.0,15,7780.0,7783.0,17,7789.0,7793.0,7793.0,7777.0,312.0,12143820.0,21199
2023-05-10 21:07:36,l2311,l2311,7782.0,0.0,0.0,0.0,11,7780.0,7782.0,4,7789.0,7793.0,7793.0,7777.0,312.0,12143820.0,21199
2023-05-10 21:07:37,l2311,l2311,7782.0,0.0,0.0,0.0,12,7780.0,7782.0,5,7789.0,7793.0,7793.0,7777.0,312.0,12143820.0,21199
2023-05-10 21:07:37,l2311,l2311,7782.0,0.0,0.0,0.0,15,7780.0,7783.0,18,7789.0,7793.0,7793.0,7777.0,312.0,12143820.0,21199
2023-05-10 21:07:37,l2311,l2311,7782.0,0.0,0.0,0.0,15,7780.0,7783.0,17,7789.0,7793.0,7793.0,7777.0,312.0,12143820.0,21199
2023-05-10 21:07:51,l2311,l2311,7782.0,0.0,0.0,0.0,16,7780.0,7783.0,17,7789.0,7793.0,7793.0,7777.0,312.0,12143820.0,21199
2023-05-10 21:07:52,l2311,l2311,7782.0,0.0,0.0,0.0,1,7781.0,7783.0,16,7789.0,7793.0,7793.0,7777.0,312.0,12143820.0,21199
2023-05-10 21:07:52,l2311,l2311,7782.0,0.0,0.0,0.0,9,7781.0,7783.0,8,7789.0,7793.0,7793.0,7777.0,312.0,12143820.0,21199
2023-05-10 21:07:53,l2311,l2311,7782.0,0.0,0.0,0.0,14,7781.0,7783.0,5,7789.0,7793.0,7793.0,7777.0,312.0,12143820.0,21199
2023-05-10 21:07:53,l2311,l2311,7782.0,0.0,0.0,0.0,14,7781.0,7783.0,4,7789.0,7793.0,7793.0,7777.0,312.0,12143820.0,21199
2023-05-10 21:07:53,l2311,l2311,7782.0,0.0,0.0,0.0,14,7781.0,7783.0,3,7789.0,7793.0,7793.0,7777.0,312.0,12143820.0,21199
2023-05-10 21:07:54,l2311,l2311,7782.0,0.0,0.0,0.0,10,7781.0,7783.0,7,7789.0,7793.0,7793.0,7777.0,312.0,12143820.0,21199
2023-05-10 21:07:55,l2311,l2311,7782.0,0.0,0.0,0.0,7,7781.0,7783.0,14,7789.0,7793.0,7793.0,7777.0,312.0,12143820.0,21199
2023-05-10 21:07:55,l2311,l2311,7782.0,0.0,0.0,0.0,2,7781.0,7783.0,16,7789.0,7793.0,7793.0,7777.0,312.0,12143820.0,21199
2023-05-10 21:07:56,l2311,l2311,7782.0,0.0,0.0,0.0,18,7780.0,7783.0,16,7789.0,7793.0,7793.0,7777.0,312.0,12143820.0,21199
2023-05-10 21:08:00,l2311,l2311,7782.0,0.0,0.0,0.0,18,7780.0,7783.0,15,7789.0,7793.0,7793.0,7777.0,312.0,12143820.0,21199
2023-05-10 21:08:00,l2311,l2311,7782.0,0.0,0.0,0.0,5,7781.0,7783.0,8,7789.0,7793.0,7793.0,7777.0,312.0,12143820.0,21199
2023-05-10 21:08:01,l2311,l2311,7782.0,0.0,0.0,0.0,13,7781.0,7783.0,6,7789.0,7793.0,7793.0,7777.0,312.0,12143820.0,21199
2023-05-10 21:08:01,l2311,l2311,7782.0,0.0,0.0,0.0,16,7781.0,7783.0,4,7789.0,7793.0,7793.0,7777.0,312.0,12143820.0,21199
2023-05-10 21:08:01,l2311,l2311,7782.0,0.0,0.0,0.0,16,7781.0,7783.0,3,7789.0,7793.0,7793.0,7777.0,312.0,12143820.0,21199
2023-05-10 21:08:05,l2311,l2311,7782.0,0.0,0.0,0.0,6,7782.0,7783.0,3,7789.0,7793.0,7793.0,7777.0,312.0,12143820.0,21199
2023-05-10 21:08:05,l2311,l2311,7783.0,2.0,77830.0,-2.0,12,7782.0,7784.0,6,7789.0,7793.0,7793.0,7777.0,314.0,12221650.0,21197
2023-05-10 21:08:06,l2311,l2311,7784.0,6.0,233520.0,4.0,5,7784.0,7785.0,9,7789.0,7793.0,7793.0,7777.0,320.0,12455170.0,21201
2023-05-10 21:08:06,l2311,l2311,7784.0,0.0,0.0,0.0,5,7784.0,7785.0,2,7789.0,7793.0,7793.0,7777.0,320.0,12455170.0,21201
2023-05-10 21:08:07,l2311,l2311,7784.0,0.0,0.0,0.0,8,7784.0,7786.0,16,7789.0,7793.0,7793.0,7777.0,320.0,12455170.0,21201
2023-05-10 21:08:07,l2311,l2311,7784.0,0.0,0.0,0.0,10,7784.0,7786.0,16,7789.0,7793.0,7793.0,7777.0,320.0,12455170.0,21201
2023-05-10 21:08:07,l2311,l2311,7784.0,0.0,0.0,0.0,11,7784.0,7786.0,16,7789.0,7793.0,7793.0,7777.0,320.0,12455170.0,21201
2023-05-10 21:08:08,l2311,l2311,7784.0,0.0,0.0,0.0,12,7784.0,7786.0,16,7789.0,7793.0,7793.0,7777.0,320.0,12455170.0,21201
2023-05-10 21:08:09,l2311,l2311,7784.0,0.0,0.0,0.0,11,7784.0,7786.0,16,7789.0,7793.0,7793.0,7777.0,320.0,12455170.0,21201
2023-05-10 21:08:09,l2311,l2311,7784.0,12.0,467040.0,4.0,8,7783.0,7784.0,2,7789.0,7793.0,7793.0,7777.0,332.0,12922210.0,21205
2023-05-10 21:08:10,l2311,l2311,7784.0,1.0,38920.0,1.0,7,7783.0,7784.0,1,7789.0,7793.0,7793.0,7777.0,333.0,12961130.0,21206
2023-05-10 21:08:10,l2311,l2311,7784.0,0.0,0.0,0.0,11,7783.0,7784.0,1,7789.0,7793.0,7793.0,7777.0,333.0,12961130.0,21206
2023-05-10 21:08:11,l2311,l2311,7784.0,0.0,0.0,0.0,12,7783.0,7784.0,1,7789.0,7793.0,7793.0,7777.0,333.0,12961130.0,21206
2023-05-10 21:08:13,l2311,l2311,7784.0,0.0,0.0,0.0,4,7783.0,7785.0,14,7789.0,7793.0,7793.0,7777.0,333.0,12961130.0,21206
2023-05-10 21:08:13,l2311,l2311,7784.0,0.0,0.0,0.0,16,7782.0,7785.0,16,7789.0,7793.0,7793.0,7777.0,333.0,12961130.0,21206
2023-05-10 21:08:14,l2311,l2311,7784.0,0.0,0.0,0.0,14,7782.0,7785.0,24,7789.0,7793.0,7793.0,7777.0,333.0,12961130.0,21206
2023-05-10 21:08:15,l2311,l2311,7784.0,0.0,0.0,0.0,7,7782.0,7784.0,8,7789.0,7793.0,7793.0,7777.0,333.0,12961130.0,21206
2023-05-10 21:08:15,l2311,l2311,7784.0,0.0,0.0,0.0,5,7782.0,7784.0,15,7789.0,7793.0,7793.0,7777.0,333.0,12961130.0,21206
2023-05-10 21:08:16,l2311,l2311,7784.0,0.0,0.0,0.0,1,7782.0,7784.0,16,7789.0,7793.0,7793.0,7777.0,333.0,12961130.0,21206
2023-05-10 21:08:16,l2311,l2311,7784.0,0.0,0.0,0.0,15,7781.0,7784.0,16,7789.0,7793.0,7793.0,7777.0,333.0,12961130.0,21206
2023-05-10 21:08:17,l2311,l2311,7784.0,0.0,0.0,0.0,14,7781.0,7784.0,17,7789.0,7793.0,7793.0,7777.0,333.0,12961130.0,21206
2023-05-10 21:08:24,l2311,l2311,7784.0,0.0,0.0,0.0,9,7781.0,7783.0,7,7789.0,7793.0,7793.0,7777.0,333.0,12961130.0,21206
2023-05-10 21:08:25,l2311,l2311,7784.0,0.0,0.0,0.0,8,7781.0,7783.0,14,7789.0,7793.0,7793.0,7777.0,333.0,12961130.0,21206
2023-05-10 21:08:25,l2311,l2311,7784.0,0.0,0.0,0.0,6,7781.0,7783.0,16,7789.0,7793.0,7793.0,7777.0,333.0,12961130.0,21206
2023-05-10 21:08:26,l2311,l2311,7784.0,0.0,0.0,0.0,2,7781.0,7783.0,16,7789.0,7793.0,7793.0,7777.0,333.0,12961130.0,21206
2023-05-10 21:08:26,l2311,l2311,7784.0,0.0,0.0,0.0,18,7780.0,7783.0,16,7789.0,7793.0,7793.0,7777.0,333.0,12961130.0,21206
2023-05-10 21:08:27,l2311,l2311,7784.0,0.0,0.0,0.0,17,7780.0,7783.0,16,7789.0,7793.0,7793.0,7777.0,333.0,12961130.0,21206
2023-05-10 21:08:29,l2311,l2311,7784.0,0.0,0.0,0.0,13,7780.0,7782.0,4,7789.0,7793.0,7793.0,7777.0,333.0,12961130.0,21206
2023-05-10 21:08:29,l2311,l2311,7784.0,0.0,0.0,0.0,12,7780.0,7782.0,12,7789.0,7793.0,7793.0,7777.0,333.0,12961130.0,21206
2023-05-10 21:08:30,l2311,l2311,7784.0,0.0,0.0,0.0,11,7780.0,7782.0,15,7789.0,7793.0,7793.0,7777.0,333.0,12961130.0,21206
2023-05-10 21:08:30,l2311,l2311,7784.0,0.0,0.0,0.0,10,7780.0,7782.0,16,7789.0,7793.0,7793.0,7777.0,333.0,12961130.0,21206
2023-05-10 21:08:32,l2311,l2311,7784.0,0.0,0.0,0.0,8,7780.0,7782.0,16,7789.0,7793.0,7793.0,7777.0,333.0,12961130.0,21206
2023-05-10 21:08:32,l2311,l2311,7784.0,0.0,0.0,0.0,6,7780.0,7781.0,14,7789.0,7793.0,7793.0,7777.0,333.0,12961130.0,21206
2023-05-10 21:08:33,l2311,l2311,7780.0,4.0,155600.0,1.0,8,7779.0,7781.0,31,7789.0,7793.0,7793.0,7777.0,337.0,13116730.0,21207
2023-05-10 21:08:33,l2311,l2311,7780.0,0.0,0.0,0.0,2,7779.0,7781.0,33,7789.0,7793.0,7793.0,7777.0,337.0,13116730.0,21207
2023-05-10 21:08:34,l2311,l2311,7780.0,0.0,0.0,0.0,13,7778.0,7781.0,36,7789.0,7793.0,7793.0,7777.0,337.0,13116730.0,21207
2023-05-10 21:08:35,l2311,l2311,7780.0,0.0,0.0,0.0,7,7779.0,7781.0,31,7789.0,7793.0,7793.0,7777.0,337.0,13116730.0,21207
2023-05-10 21:08:36,l2311,l2311,7780.0,0.0,0.0,0.0,5,7780.0,7781.0,7,7789.0,7793.0,7793.0,7777.0,337.0,13116730.0,21207
2023-05-10 21:08:36,l2311,l2311,7780.0,0.0,0.0,0.0,16,7779.0,7781.0,4,7789.0,7793.0,7793.0,7777.0,337.0,13116730.0,21207
2023-05-10 21:08:37,l2311,l2311,7780.0,0.0,0.0,0.0,22,7779.0,7782.0,18,7789.0,7793.0,7793.0,7777.0,337.0,13116730.0,21207
2023-05-10 21:08:37,l2311,l2311,7780.0,0.0,0.0,0.0,1,7781.0,7782.0,16,7789.0,7793.0,7793.0,7777.0,337.0,13116730.0,21207
2023-05-10 21:08:38,l2311,l2311,7780.0,0.0,0.0,0.0,1,7781.0,7782.0,14,7789.0,7793.0,7793.0,7777.0,337.0,13116730.0,21207
2023-05-10 21:08:39,l2311,l2311,7782.0,5.0,194550.0,0.0,2,7782.0,7783.0,11,7789.0,7793.0,7793.0,7777.0,342.0,13311280.0,21207
2023-05-10 21:08:40,l2311,l2311,7782.0,3.0,116730.0,1.0,1,7781.0,7783.0,20,7789.0,7793.0,7793.0,7777.0,345.0,13428010.0,21208
2023-05-10 21:08:40,l2311,l2311,7782.0,0.0,0.0,0.0,18,7780.0,7782.0,2,7789.0,7793.0,7793.0,7777.0,345.0,13428010.0,21208
2023-05-10 21:08:41,l2311,l2311,7782.0,0.0,0.0,0.0,7,7781.0,7782.0,2,7789.0,7793.0,7793.0,7777.0,345.0,13428010.0,21208
2023-05-10 21:08:41,l2311,l2311,7782.0,2.0,77820.0,2.0,2,7782.0,7783.0,8,7789.0,7793.0,7793.0,7777.0,347.0,13505830.0,21210
2023-05-10 21:08:42,l2311,l2311,7783.0,5.0,194575.0,0.0,3,7783.0,7784.0,4,7789.0,7793.0,7793.0,7777.0,352.0,13700405.0,21210
2023-05-10 21:08:42,l2311,l2311,7784.0,2.0,77840.0,0.0,4,7783.0,7785.0,17,7789.0,7793.0,7793.0,7777.0,354.0,13778245.0,21210
2023-05-10 21:08:43,l2311,l2311,7784.0,0.0,0.0,0.0,5,7783.0,7785.0,35,7789.0,7793.0,7793.0,7777.0,354.0,13778245.0,21210
2023-05-10 21:08:43,l2311,l2311,7784.0,0.0,0.0,0.0,8,7783.0,7785.0,35,7789.0,7793.0,7793.0,7777.0,354.0,13778245.0,21210
2023-05-10 21:08:44,l2311,l2311,7784.0,0.0,0.0,0.0,10,7783.0,7785.0,35,7789.0,7793.0,7793.0,7777.0,354.0,13778245.0,21210
2023-05-10 21:08:44,l2311,l2311,7784.0,0.0,0.0,0.0,10,7783.0,7785.0,15,7789.0,7793.0,7793.0,7777.0,354.0,13778245.0,21210
2023-05-10 21:08:44,l2311,l2311,7784.0,0.0,0.0,0.0,10,7783.0,7785.0,16,7789.0,7793.0,7793.0,7777.0,354.0,13778245.0,21210
2023-05-10 21:08:45,l2311,l2311,7784.0,0.0,0.0,0.0,9,7783.0,7785.0,15,7789.0,7793.0,7793.0,7777.0,354.0,13778245.0,21210
2023-05-10 21:08:46,l2311,l2311,7784.0,0.0,0.0,0.0,10,7783.0,7785.0,16,7789.0,7793.0,7793.0,7777.0,354.0,13778245.0,21210
2023-05-10 21:08:47,l2311,l2311,7784.0,0.0,0.0,0.0,8,7783.0,7784.0,3,7789.0,7793.0,7793.0,7777.0,354.0,13778245.0,21210
2023-05-10 21:08:47,l2311,l2311,7784.0,0.0,0.0,0.0,6,7783.0,7784.0,8,7789.0,7793.0,7793.0,7777.0,354.0,13778245.0,21210
2023-05-10 21:08:48,l2311,l2311,7784.0,0.0,0.0,0.0,6,7783.0,7784.0,9,7789.0,7793.0,7793.0,7777.0,354.0,13778245.0,21210
2023-05-10 21:08:48,l2311,l2311,7784.0,0.0,0.0,0.0,3,7783.0,7784.0,12,7789.0,7793.0,7793.0,7777.0,354.0,13778245.0,21210
2023-05-10 21:08:49,l2311,l2311,7784.0,0.0,0.0,0.0,3,7783.0,7784.0,9,7789.0,7793.0,7793.0,7777.0,354.0,13778245.0,21210
2023-05-10 21:08:49,l2311,l2311,7784.0,0.0,0.0,0.0,3,7783.0,7784.0,12,7789.0,7793.0,7793.0,7777.0,354.0,13778245.0,21210
2023-05-10 21:08:51,l2311,l2311,7784.0,0.0,0.0,0.0,3,7783.0,7784.0,11,7789.0,7793.0,7793.0,7777.0,354.0,13778245.0,21210
2023-05-10 21:08:53,l2311,l2311,7784.0,1.0,38920.0,1.0,1,7784.0,7785.0,8,7789.0,7793.0,7793.0,7777.0,355.0,13817165.0,21211
2023-05-10 21:08:54,l2311,l2311,7784.0,0.0,0.0,0.0,3,7784.0,7785.0,16,7789.0,7793.0,7793.0,7777.0,355.0,13817165.0,21211
2023-05-10 21:08:54,l2311,l2311,7784.0,0.0,0.0,0.0,3,7784.0,7785.0,11,7789.0,7793.0,7793.0,7777.0,355.0,13817165.0,21211
2023-05-10 21:08:57,l2311,l2311,7784.0,3.0,116760.0,-2.0,7,7783.0,7785.0,13,7789.0,7793.0,7793.0,7777.0,358.0,13933925.0,21209
2023-05-10 21:08:57,l2311,l2311,7784.0,0.0,0.0,0.0,4,7783.0,7784.0,3,7789.0,7793.0,7793.0,7777.0,358.0,13933925.0,21209
2023-05-10 21:08:58,l2311,l2311,7784.0,0.0,0.0,0.0,3,7783.0,7784.0,6,7789.0,7793.0,7793.0,7777.0,358.0,13933925.0,21209
2023-05-10 21:08:58,l2311,l2311,7784.0,0.0,0.0,0.0,2,7783.0,7784.0,9,7789.0,7793.0,7793.0,7777.0,358.0,13933925.0,21209
2023-05-10 21:08:58,l2311,l2311,7784.0,0.0,0.0,0.0,2,7783.0,7784.0,10,7789.0,7793.0,7793.0,7777.0,358.0,13933925.0,21209
2023-05-10 21:08:59,l2311,l2311,7784.0,0.0,0.0,0.0,2,7783.0,7784.0,11,7789.0,7793.0,7793.0,7777.0,358.0,13933925.0,21209
2023-05-10 21:08:59,l2311,l2311,7784.0,0.0,0.0,0.0,2,7783.0,7784.0,12,7789.0,7793.0,7793.0,7777.0,358.0,13933925.0,21209
2023-05-10 21:09:00,l2311,l2311,7784.0,0.0,0.0,0.0,2,7783.0,7784.0,8,7789.0,7793.0,7793.0,7777.0,358.0,13933925.0,21209
2023-05-10 21:09:01,l2311,l2311,7784.0,0.0,0.0,0.0,4,7783.0,7784.0,2,7789.0,7793.0,7793.0,7777.0,358.0,13933925.0,21209
2023-05-10 21:09:01,l2311,l2311,7784.0,0.0,0.0,0.0,8,7783.0,7785.0,19,7789.0,7793.0,7793.0,7777.0,358.0,13933925.0,21209
2023-05-10 21:09:02,l2311,l2311,7784.0,0.0,0.0,0.0,10,7783.0,7785.0,15,7789.0,7793.0,7793.0,7777.0,358.0,13933925.0,21209
2023-05-10 21:09:02,l2311,l2311,7784.0,0.0,0.0,0.0,11,7783.0,7785.0,15,7789.0,7793.0,7793.0,7777.0,358.0,13933925.0,21209
2023-05-10 21:09:08,l2311,l2311,7784.0,0.0,0.0,0.0,7,7783.0,7784.0,1,7789.0,7793.0,7793.0,7777.0,358.0,13933925.0,21209
2023-05-10 21:09:08,l2311,l2311,7784.0,0.0,0.0,0.0,7,7783.0,7784.0,5,7789.0,7793.0,7793.0,7777.0,358.0,13933925.0,21209
2023-05-10 21:09:10,l2311,l2311,7784.0,0.0,0.0,0.0,6,7783.0,7784.0,5,7789.0,7793.0,7793.0,7777.0,358.0,13933925.0,21209
2023-05-10 21:09:10,l2311,l2311,7784.0,0.0,0.0,0.0,5,7783.0,7784.0,6,7789.0,7793.0,7793.0,7777.0,358.0,13933925.0,21209
2023-05-10 21:09:11,l2311,l2311,7783.0,3.0,116745.0,-1.0,7,7782.0,7783.0,3,7789.0,7793.0,7793.0,7777.0,361.0,14050670.0,21208
2023-05-10 21:09:11,l2311,l2311,7783.0,0.0,0.0,0.0,5,7782.0,7783.0,3,7789.0,7793.0,7793.0,7777.0,361.0,14050670.0,21208
2023-05-10 21:09:12,l2311,l2311,7783.0,0.0,0.0,0.0,11,7781.0,7783.0,24,7789.0,7793.0,7793.0,7777.0,361.0,14050670.0,21208
2023-05-10 21:09:12,l2311,l2311,7783.0,0.0,0.0,0.0,8,7781.0,7783.0,33,7789.0,7793.0,7793.0,7777.0,361.0,14050670.0,21208
2023-05-10 21:09:13,l2311,l2311,7783.0,0.0,0.0,0.0,6,7781.0,7783.0,35,7789.0,7793.0,7793.0,7777.0,361.0,14050670.0,21208
2023-05-10 21:09:14,l2311,l2311,7783.0,0.0,0.0,0.0,3,7781.0,7783.0,35,7789.0,7793.0,7793.0,7777.0,361.0,14050670.0,21208
2023-05-10 21:09:14,l2311,l2311,7781.0,1.0,38905.0,0.0,9,7780.0,7781.0,3,7789.0,7793.0,7793.0,7777.0,362.0,14089575.0,21208
2023-05-10 21:09:15,l2311,l2311,7781.0,0.0,0.0,0.0,1,7780.0,7781.0,3,7789.0,7793.0,7793.0,7777.0,362.0,14089575.0,21208
2023-05-10 21:09:15,l2311,l2311,7781.0,0.0,0.0,0.0,14,7779.0,7781.0,21,7789.0,7793.0,7793.0,7777.0,362.0,14089575.0,21208
2023-05-10 21:09:15,l2311,l2311,7781.0,0.0,0.0,0.0,12,7779.0,7781.0,30,7789.0,7793.0,7793.0,7777.0,362.0,14089575.0,21208
2023-05-10 21:09:16,l2311,l2311,7781.0,0.0,0.0,0.0,12,7779.0,7781.0,31,7789.0,7793.0,7793.0,7777.0,362.0,14089575.0,21208
2023-05-10 21:09:18,l2311,l2311,7781.0,0.0,0.0,0.0,9,7779.0,7781.0,33,7789.0,7793.0,7793.0,7777.0,362.0,14089575.0,21208
2023-05-10 21:09:18,l2311,l2311,7781.0,0.0,0.0,0.0,12,7779.0,7781.0,30,7789.0,7793.0,7793.0,7777.0,362.0,14089575.0,21208
2023-05-10 21:09:19,l2311,l2311,7781.0,0.0,0.0,0.0,12,7779.0,7781.0,31,7789.0,7793.0,7793.0,7777.0,362.0,14089575.0,21208
2023-05-10 21:09:20,l2311,l2311,7781.0,0.0,0.0,0.0,12,7779.0,7781.0,13,7789.0,7793.0,7793.0,7777.0,362.0,14089575.0,21208
2023-05-10 21:09:20,l2311,l2311,7781.0,0.0,0.0,0.0,13,7779.0,7781.0,12,7789.0,7793.0,7793.0,7777.0,362.0,14089575.0,21208
2023-05-10 21:09:20,l2311,l2311,7781.0,0.0,0.0,0.0,14,7779.0,7781.0,10,7789.0,7793.0,7793.0,7777.0,362.0,14089575.0,21208
2023-05-10 21:09:24,l2311,l2311,7781.0,0.0,0.0,0.0,8,7779.0,7781.0,15,7789.0,7793.0,7793.0,7777.0,362.0,14089575.0,21208
2023-05-10 21:09:25,l2311,l2311,7781.0,0.0,0.0,0.0,6,7779.0,7781.0,16,7789.0,7793.0,7793.0,7777.0,362.0,14089575.0,21208
2023-05-10 21:09:25,l2311,l2311,7781.0,0.0,0.0,0.0,3,7779.0,7781.0,16,7789.0,7793.0,7793.0,7777.0,362.0,14089575.0,21208
2023-05-10 21:09:26,l2311,l2311,7781.0,0.0,0.0,0.0,1,7779.0,7781.0,16,7789.0,7793.0,7793.0,7777.0,362.0,14089575.0,21208
2023-05-10 21:09:27,l2311,l2311,7781.0,0.0,0.0,0.0,2,7779.0,7781.0,15,7789.0,7793.0,7793.0,7777.0,362.0,14089575.0,21208
2023-05-10 21:09:28,l2311,l2311,7781.0,0.0,0.0,0.0,16,7778.0,7781.0,16,7789.0,7793.0,7793.0,7777.0,362.0,14089575.0,21208
2023-05-10 21:09:29,l2311,l2311,7781.0,0.0,0.0,0.0,14,7778.0,7781.0,17,7789.0,7793.0,7793.0,7777.0,362.0,14089575.0,21208
2023-05-10 21:09:29,l2311,l2311,7781.0,0.0,0.0,0.0,5,7779.0,7781.0,12,7789.0,7793.0,7793.0,7777.0,362.0,14089575.0,21208
2023-05-10 21:09:30,l2311,l2311,7781.0,0.0,0.0,0.0,15,7778.0,7781.0,16,7789.0,7793.0,7793.0,7777.0,362.0,14089575.0,21208
2023-05-10 21:09:30,l2311,l2311,7781.0,0.0,0.0,0.0,14,7778.0,7781.0,17,7789.0,7793.0,7793.0,7777.0,362.0,14089575.0,21208
2023-05-10 21:09:31,l2311,l2311,7781.0,0.0,0.0,0.0,14,7778.0,7781.0,16,7789.0,7793.0,7793.0,7777.0,362.0,14089575.0,21208
2023-05-10 21:09:31,l2311,l2311,7781.0,0.0,0.0,0.0,14,7778.0,7781.0,17,7789.0,7793.0,7793.0,7777.0,362.0,14089575.0,21208
2023-05-10 21:09:32,l2311,l2311,7781.0,0.0,0.0,0.0,13,7778.0,7781.0,17,7789.0,7793.0,7793.0,7777.0,362.0,14089575.0,21208
2023-05-10 21:09:32,l2311,l2311,7781.0,0.0,0.0,0.0,14,7778.0,7781.0,17,7789.0,7793.0,7793.0,7777.0,362.0,14089575.0,21208
2023-05-10 21:09:36,l2311,l2311,7781.0,0.0,0.0,0.0,7,7779.0,7781.0,11,7789.0,7793.0,7793.0,7777.0,362.0,14089575.0,21208
2023-05-10 21:09:36,l2311,l2311,7781.0,0.0,0.0,0.0,14,7779.0,7781.0,10,7789.0,7793.0,7793.0,7777.0,362.0,14089575.0,21208
2023-05-10 21:09:37,l2311,l2311,7781.0,0.0,0.0,0.0,12,7779.0,7781.0,12,7789.0,7793.0,7793.0,7777.0,362.0,14089575.0,21208
2023-05-10 21:09:37,l2311,l2311,7781.0,0.0,0.0,0.0,9,7779.0,7781.0,13,7789.0,7793.0,7793.0,7777.0,362.0,14089575.0,21208
2023-05-10 21:09:38,l2311,l2311,7781.0,0.0,0.0,0.0,3,7779.0,7781.0,16,7789.0,7793.0,7793.0,7777.0,362.0,14089575.0,21208
2023-05-10 21:09:38,l2311,l2311,7781.0,0.0,0.0,0.0,16,7778.0,7781.0,16,7789.0,7793.0,7793.0,7777.0,362.0,14089575.0,21208
2023-05-10 21:09:39,l2311,l2311,7781.0,0.0,0.0,0.0,14,7778.0,7781.0,17,7789.0,7793.0,7793.0,7777.0,362.0,14089575.0,21208
2023-05-10 21:09:43,l2311,l2311,7781.0,0.0,0.0,0.0,14,7778.0,7781.0,18,7789.0,7793.0,7793.0,7777.0,362.0,14089575.0,21208
2023-05-10 21:09:44,l2311,l2311,7781.0,0.0,0.0,0.0,14,7778.0,7781.0,31,7789.0,7793.0,7793.0,7777.0,362.0,14089575.0,21208
2023-05-10 21:09:44,l2311,l2311,7781.0,0.0,0.0,0.0,14,7778.0,7781.0,36,7789.0,7793.0,7793.0,7777.0,362.0,14089575.0,21208
2023-05-10 21:09:49,l2311,l2311,7781.0,0.0,0.0,0.0,7,7778.0,7780.0,8,7789.0,7793.0,7793.0,7777.0,362.0,14089575.0,21208
2023-05-10 21:09:50,l2311,l2311,7781.0,0.0,0.0,0.0,2,7778.0,7779.0,2,7789.0,7793.0,7793.0,7777.0,362.0,14089575.0,21208
2023-05-10 21:09:50,l2311,l2311,7781.0,0.0,0.0,0.0,14,7777.0,7779.0,2,7789.0,7793.0,7793.0,7777.0,362.0,14089575.0,21208
2023-05-10 21:09:53,l2311,l2311,7781.0,0.0,0.0,0.0,8,7777.0,7779.0,10,7789.0,7793.0,7793.0,7777.0,362.0,14089575.0,21208
