time,symbol_id,symbol_name,last,trade_volume,trade_amount,open_interest_change,bv1,bp1,ap1,av1,yesterday_close,today_open,today_high,today_low,volume,amount,open_interest
2023-05-10 20:59:00,l2403,l2403,7708.0,0.0,0.0,0.0,0,0.0,8191.0,1,7708.0,7678.0,0.0,0.0,0.0,0.0,68
2023-05-10 21:00:01,l2403,l2403,7708.0,0.0,0.0,0.0,0,0.0,8190.0,2,7708.0,7678.0,0.0,0.0,0.0,0.0,68
2023-05-10 21:00:02,l2403,l2403,7708.0,0.0,0.0,0.0,0,0.0,8189.0,1,7708.0,7678.0,0.0,0.0,0.0,0.0,68
2023-05-10 21:00:02,l2403,l2403,7708.0,0.0,0.0,0.0,0,0.0,8188.0,2,7708.0,7678.0,0.0,0.0,0.0,0.0,68
2023-05-10 21:00:03,l2403,l2403,7708.0,0.0,0.0,0.0,0,0.0,8187.0,2,7708.0,7678.0,0.0,0.0,0.0,0.0,68
2023-05-10 21:00:03,l2403,l2403,7708.0,0.0,0.0,0.0,0,0.0,8187.0,4,7708.0,7678.0,0.0,0.0,0.0,0.0,68
2023-05-10 21:00:04,l2403,l2403,7708.0,0.0,0.0,0.0,0,0.0,8186.0,1,7708.0,7678.0,0.0,0.0,0.0,0.0,68
2023-05-10 21:00:04,l2403,l2403,7708.0,0.0,0.0,0.0,0,0.0,8185.0,1,7708.0,7678.0,0.0,0.0,0.0,0.0,68
2023-05-10 21:00:05,l2403,l2403,7708.0,0.0,0.0,0.0,1,7265.0,8185.0,1,7708.0,7678.0,0.0,0.0,0.0,0.0,68
2023-05-10 21:00:06,l2403,l2403,7708.0,0.0,0.0,0.0,5,7266.0,8184.0,3,7708.0,7678.0,0.0,0.0,0.0,0.0,68
2023-05-10 21:00:06,l2403,l2403,7708.0,0.0,0.0,0.0,6,7266.0,8183.0,1,7708.0,7678.0,0.0,0.0,0.0,0.0,68
2023-05-10 21:00:07,l2403,l2403,7708.0,0.0,0.0,0.0,1,7268.0,8182.0,1,7708.0,7678.0,0.0,0.0,0.0,0.0,68
2023-05-10 21:00:07,l2403,l2403,7708.0,0.0,0.0,0.0,1,7268.0,8181.0,1,7708.0,7678.0,0.0,0.0,0.0,0.0,68
2023-05-10 21:00:08,l2403,l2403,7708.0,0.0,0.0,0.0,2,7269.0,8180.0,2,7708.0,7678.0,0.0,0.0,0.0,0.0,68
2023-05-10 21:00:08,l2403,l2403,7708.0,0.0,0.0,0.0,3,7269.0,8179.0,1,7708.0,7678.0,0.0,0.0,0.0,0.0,68
2023-05-10 21:00:09,l2403,l2403,7708.0,0.0,0.0,0.0,4,7270.0,8178.0,5,7708.0,7678.0,0.0,0.0,0.0,0.0,68
2023-05-10 21:00:09,l2403,l2403,7708.0,0.0,0.0,0.0,4,7270.0,8177.0,1,7708.0,7678.0,0.0,0.0,0.0,0.0,68
2023-05-10 21:00:10,l2403,l2403,7708.0,0.0,0.0,0.0,1,7272.0,8176.0,2,7708.0,7678.0,0.0,0.0,0.0,0.0,68
2023-05-10 21:00:10,l2403,l2403,7708.0,0.0,0.0,0.0,1,7503.0,7962.0,1,7708.0,7678.0,0.0,0.0,0.0,0.0,68
2023-05-10 21:00:11,l2403,l2403,7708.0,0.0,0.0,0.0,1,7594.0,7740.0,1,7708.0,7678.0,0.0,0.0,0.0,0.0,68
2023-05-10 21:00:11,l2403,l2403,7708.0,0.0,0.0,0.0,1,7708.0,7740.0,2,7708.0,7678.0,0.0,0.0,0.0,0.0,68
2023-05-10 21:00:12,l2403,l2403,7708.0,0.0,0.0,0.0,1,7714.0,7739.0,1,7708.0,7678.0,0.0,0.0,0.0,0.0,68
2023-05-10 21:00:12,l2403,l2403,7708.0,0.0,0.0,0.0,1,7715.0,7739.0,2,7708.0,7678.0,0.0,0.0,0.0,0.0,68
2023-05-10 21:00:13,l2403,l2403,7708.0,0.0,0.0,0.0,1,7719.0,7739.0,2,7708.0,7678.0,0.0,0.0,0.0,0.0,68
2023-05-10 21:00:16,l2403,l2403,7708.0,0.0,0.0,0.0,1,7720.0,7739.0,2,7708.0,7678.0,0.0,0.0,0.0,0.0,68
2023-05-10 21:00:16,l2403,l2403,7708.0,0.0,0.0,0.0,1,7723.0,7739.0,2,7708.0,7678.0,0.0,0.0,0.0,0.0,68
2023-05-10 21:00:22,l2403,l2403,7708.0,0.0,0.0,0.0,1,7723.0,7739.0,3,7708.0,7678.0,0.0,0.0,0.0,0.0,68
2023-05-10 21:00:22,l2403,l2403,7708.0,0.0,0.0,0.0,1,7723.0,7738.0,1,7708.0,7678.0,0.0,0.0,0.0,0.0,68
2023-05-10 21:00:23,l2403,l2403,7708.0,0.0,0.0,0.0,1,7723.0,7738.0,2,7708.0,7678.0,0.0,0.0,0.0,0.0,68
2023-05-10 21:00:23,l2403,l2403,7708.0,0.0,0.0,0.0,1,7723.0,7737.0,1,7708.0,7678.0,0.0,0.0,0.0,0.0,68
2023-05-10 21:00:24,l2403,l2403,7708.0,0.0,0.0,0.0,1,7723.0,7736.0,1,7708.0,7678.0,0.0,0.0,0.0,0.0,68
2023-05-10 21:00:25,l2403,l2403,7708.0,0.0,0.0,0.0,1,7641.0,7736.0,1,7708.0,7678.0,0.0,0.0,0.0,0.0,68
2023-05-10 21:00:25,l2403,l2403,7708.0,0.0,0.0,0.0,1,7705.0,7736.0,1,7708.0,7678.0,0.0,0.0,0.0,0.0,68
2023-05-10 21:00:26,l2403,l2403,7708.0,0.0,0.0,0.0,1,7711.0,7736.0,1,7708.0,7678.0,0.0,0.0,0.0,0.0,68
2023-05-10 21:00:26,l2403,l2403,7708.0,0.0,0.0,0.0,1,7712.0,7735.0,1,7708.0,7678.0,0.0,0.0,0.0,0.0,68
2023-05-10 21:00:27,l2403,l2403,7708.0,0.0,0.0,0.0,1,7716.0,7735.0,1,7708.0,7678.0,0.0,0.0,0.0,0.0,68
2023-05-10 21:00:27,l2403,l2403,7708.0,0.0,0.0,0.0,2,7716.0,7735.0,1,7708.0,7678.0,0.0,0.0,0.0,0.0,68
2023-05-10 21:00:29,l2403,l2403,7708.0,0.0,0.0,0.0,1,7717.0,7745.0,1,7708.0,7678.0,0.0,0.0,0.0,0.0,68
2023-05-10 21:00:29,l2403,l2403,7708.0,0.0,0.0,0.0,1,7722.0,7744.0,3,7708.0,7678.0,0.0,0.0,0.0,0.0,68
2023-05-10 21:00:33,l2403,l2403,7708.0,0.0,0.0,0.0,1,7722.0,7744.0,12,7708.0,7678.0,0.0,0.0,0.0,0.0,68
2023-05-10 21:00:33,l2403,l2403,7708.0,0.0,0.0,0.0,1,7722.0,7744.0,13,7708.0,7678.0,0.0,0.0,0.0,0.0,68
2023-05-10 21:00:34,l2403,l2403,7708.0,0.0,0.0,0.0,1,7722.0,7744.0,14,7708.0,7678.0,0.0,0.0,0.0,0.0,68
2023-05-10 21:00:40,l2403,l2403,7708.0,0.0,0.0,0.0,1,7722.0,7741.0,2,7708.0,7678.0,0.0,0.0,0.0,0.0,68
2023-05-10 21:00:40,l2403,l2403,7708.0,0.0,0.0,0.0,1,7722.0,7740.0,1,7708.0,7678.0,0.0,0.0,0.0,0.0,68
2023-05-10 21:00:41,l2403,l2403,7708.0,0.0,0.0,0.0,1,7722.0,7739.0,1,7708.0,7678.0,0.0,0.0,0.0,0.0,68
2023-05-10 21:00:41,l2403,l2403,7708.0,0.0,0.0,0.0,1,7722.0,7738.0,1,7708.0,7678.0,0.0,0.0,0.0,0.0,68
2023-05-10 21:00:44,l2403,l2403,7708.0,0.0,0.0,0.0,1,7722.0,7737.0,1,7708.0,7678.0,0.0,0.0,0.0,0.0,68
2023-05-10 21:00:44,l2403,l2403,7708.0,0.0,0.0,0.0,1,7722.0,7736.0,1,7708.0,7678.0,0.0,0.0,0.0,0.0,68
2023-05-10 21:00:47,l2403,l2403,7708.0,0.0,0.0,0.0,1,7722.0,7735.0,1,7708.0,7678.0,0.0,0.0,0.0,0.0,68
2023-05-10 21:00:47,l2403,l2403,7708.0,0.0,0.0,0.0,1,7722.0,7735.0,2,7708.0,7678.0,0.0,0.0,0.0,0.0,68
2023-05-10 21:00:51,l2403,l2403,7708.0,0.0,0.0,0.0,1,7722.0,7735.0,1,7708.0,7678.0,0.0,0.0,0.0,0.0,68
2023-05-10 21:00:52,l2403,l2403,7708.0,0.0,0.0,0.0,1,7722.0,7735.0,2,7708.0,7678.0,0.0,0.0,0.0,0.0,68
2023-05-10 21:00:57,l2403,l2403,7708.0,0.0,0.0,0.0,1,7722.0,7734.0,1,7708.0,7678.0,0.0,0.0,0.0,0.0,68
2023-05-10 21:00:58,l2403,l2403,7708.0,0.0,0.0,0.0,1,7722.0,7745.0,1,7708.0,7678.0,0.0,0.0,0.0,0.0,68
2023-05-10 21:00:58,l2403,l2403,7708.0,0.0,0.0,0.0,1,7722.0,7733.0,1,7708.0,7678.0,0.0,0.0,0.0,0.0,68
2023-05-10 21:01:03,l2403,l2403,7708.0,0.0,0.0,0.0,1,7722.0,7745.0,1,7708.0,7678.0,0.0,0.0,0.0,0.0,68
2023-05-10 21:01:03,l2403,l2403,7708.0,0.0,0.0,0.0,1,7722.0,7737.0,1,7708.0,7678.0,0.0,0.0,0.0,0.0,68
2023-05-10 21:01:04,l2403,l2403,7708.0,0.0,0.0,0.0,1,7722.0,7737.0,2,7708.0,7678.0,0.0,0.0,0.0,0.0,68
2023-05-10 21:01:06,l2403,l2403,7708.0,0.0,0.0,0.0,1,7722.0,7736.0,1,7708.0,7678.0,0.0,0.0,0.0,0.0,68
2023-05-10 21:01:07,l2403,l2403,7708.0,0.0,0.0,0.0,1,7722.0,7736.0,2,7708.0,7678.0,0.0,0.0,0.0,0.0,68
2023-05-10 21:01:09,l2403,l2403,7708.0,0.0,0.0,0.0,1,7722.0,7736.0,1,7708.0,7678.0,0.0,0.0,0.0,0.0,68
2023-05-10 21:01:10,l2403,l2403,7708.0,0.0,0.0,0.0,1,7722.0,7736.0,2,7708.0,7678.0,0.0,0.0,0.0,0.0,68
2023-05-10 21:01:11,l2403,l2403,7708.0,0.0,0.0,0.0,1,7722.0,7735.0,1,7708.0,7678.0,0.0,0.0,0.0,0.0,68
2023-05-10 21:01:12,l2403,l2403,7708.0,0.0,0.0,0.0,1,7722.0,7734.0,1,7708.0,7678.0,0.0,0.0,0.0,0.0,68
2023-05-10 21:01:13,l2403,l2403,7708.0,0.0,0.0,0.0,1,7722.0,7734.0,2,7708.0,7678.0,0.0,0.0,0.0,0.0,68
2023-05-10 21:01:14,l2403,l2403,7708.0,0.0,0.0,0.0,1,7722.0,7734.0,1,7708.0,7678.0,0.0,0.0,0.0,0.0,68
2023-05-10 21:01:19,l2403,l2403,7708.0,0.0,0.0,0.0,1,7722.0,7745.0,1,7708.0,7678.0,0.0,0.0,0.0,0.0,68
2023-05-10 21:01:20,l2403,l2403,7708.0,0.0,0.0,0.0,1,7722.0,7742.0,1,7708.0,7678.0,0.0,0.0,0.0,0.0,68
2023-05-10 21:01:20,l2403,l2403,7708.0,0.0,0.0,0.0,1,7722.0,7741.0,1,7708.0,7678.0,0.0,0.0,0.0,0.0,68
2023-05-10 21:01:21,l2403,l2403,7708.0,0.0,0.0,0.0,1,7722.0,7741.0,3,7708.0,7678.0,0.0,0.0,0.0,0.0,68
2023-05-10 21:01:22,l2403,l2403,7708.0,0.0,0.0,0.0,1,7722.0,7741.0,4,7708.0,7678.0,0.0,0.0,0.0,0.0,68
2023-05-10 21:01:23,l2403,l2403,7708.0,0.0,0.0,0.0,1,7722.0,7740.0,1,7708.0,7678.0,0.0,0.0,0.0,0.0,68
2023-05-10 21:01:23,l2403,l2403,7708.0,0.0,0.0,0.0,1,7722.0,7739.0,1,7708.0,7678.0,0.0,0.0,0.0,0.0,68
2023-05-10 21:01:25,l2403,l2403,7708.0,0.0,0.0,0.0,1,7722.0,7739.0,2,7708.0,7678.0,0.0,0.0,0.0,0.0,68
2023-05-10 21:01:26,l2403,l2403,7708.0,0.0,0.0,0.0,1,7722.0,7738.0,1,7708.0,7678.0,0.0,0.0,0.0,0.0,68
2023-05-10 21:01:26,l2403,l2403,7708.0,0.0,0.0,0.0,1,7722.0,7737.0,1,7708.0,7678.0,0.0,0.0,0.0,0.0,68
2023-05-10 21:01:29,l2403,l2403,7708.0,0.0,0.0,0.0,1,7722.0,7736.0,1,7708.0,7678.0,0.0,0.0,0.0,0.0,68
2023-05-10 21:01:30,l2403,l2403,7708.0,0.0,0.0,0.0,1,7722.0,7735.0,1,7708.0,7678.0,0.0,0.0,0.0,0.0,68
2023-05-10 21:01:32,l2403,l2403,7708.0,0.0,0.0,0.0,1,7722.0,7745.0,1,7708.0,7678.0,0.0,0.0,0.0,0.0,68
2023-05-10 21:01:32,l2403,l2403,7708.0,0.0,0.0,0.0,1,7722.0,7734.0,1,7708.0,7678.0,0.0,0.0,0.0,0.0,68
2023-05-10 21:01:45,l2403,l2403,7708.0,0.0,0.0,0.0,1,7722.0,7734.0,2,7708.0,7678.0,0.0,0.0,0.0,0.0,68
2023-05-10 21:01:46,l2403,l2403,7708.0,0.0,0.0,0.0,1,7722.0,7734.0,1,7708.0,7678.0,0.0,0.0,0.0,0.0,68
2023-05-10 21:01:48,l2403,l2403,7708.0,0.0,0.0,0.0,1,7722.0,7734.0,2,7708.0,7678.0,0.0,0.0,0.0,0.0,68
2023-05-10 21:01:57,l2403,l2403,7708.0,0.0,0.0,0.0,1,7722.0,7734.0,3,7708.0,7678.0,0.0,0.0,0.0,0.0,68
2023-05-10 21:01:58,l2403,l2403,7708.0,0.0,0.0,0.0,1,7722.0,7734.0,2,7708.0,7678.0,0.0,0.0,0.0,0.0,68
2023-05-10 21:02:01,l2403,l2403,7708.0,0.0,0.0,0.0,1,7722.0,7734.0,3,7708.0,7678.0,0.0,0.0,0.0,0.0,68
2023-05-10 21:02:01,l2403,l2403,7708.0,0.0,0.0,0.0,1,7722.0,7733.0,1,7708.0,7678.0,0.0,0.0,0.0,0.0,68
2023-05-10 21:02:02,l2403,l2403,7708.0,0.0,0.0,0.0,1,7722.0,7732.0,1,7708.0,7678.0,0.0,0.0,0.0,0.0,68
2023-05-10 21:02:15,l2403,l2403,7708.0,0.0,0.0,0.0,1,7722.0,7732.0,2,7708.0,7678.0,0.0,0.0,0.0,0.0,68
2023-05-10 21:02:18,l2403,l2403,7708.0,0.0,0.0,0.0,1,7705.0,7731.0,1,7708.0,7678.0,0.0,0.0,0.0,0.0,68
2023-05-10 21:02:18,l2403,l2403,7708.0,0.0,0.0,0.0,1,7710.0,7731.0,1,7708.0,7678.0,0.0,0.0,0.0,0.0,68
2023-05-10 21:02:19,l2403,l2403,7708.0,0.0,0.0,0.0,1,7711.0,7730.0,1,7708.0,7678.0,0.0,0.0,0.0,0.0,68
2023-05-10 21:02:19,l2403,l2403,7708.0,0.0,0.0,0.0,1,7714.0,7730.0,1,7708.0,7678.0,0.0,0.0,0.0,0.0,68
2023-05-10 21:02:21,l2403,l2403,7708.0,0.0,0.0,0.0,1,7714.0,7729.0,2,7708.0,7678.0,0.0,0.0,0.0,0.0,68
2023-05-10 21:02:22,l2403,l2403,7708.0,0.0,0.0,0.0,1,7714.0,7728.0,1,7708.0,7678.0,0.0,0.0,0.0,0.0,68
2023-05-10 21:02:24,l2403,l2403,7708.0,0.0,0.0,0.0,1,7715.0,7728.0,1,7708.0,7678.0,0.0,0.0,0.0,0.0,68
2023-05-10 21:02:25,l2403,l2403,7708.0,0.0,0.0,0.0,1,7717.0,7728.0,1,7708.0,7678.0,0.0,0.0,0.0,0.0,68
2023-05-10 21:02:27,l2403,l2403,7708.0,0.0,0.0,0.0,1,7718.0,7728.0,1,7708.0,7678.0,0.0,0.0,0.0,0.0,68
2023-05-10 21:02:28,l2403,l2403,7708.0,0.0,0.0,0.0,1,7719.0,7728.0,1,7708.0,7678.0,0.0,0.0,0.0,0.0,68
2023-05-10 21:02:30,l2403,l2403,7708.0,0.0,0.0,0.0,2,7719.0,7728.0,1,7708.0,7678.0,0.0,0.0,0.0,0.0,68
2023-05-10 21:02:33,l2403,l2403,7708.0,0.0,0.0,0.0,1,7719.0,7728.0,1,7708.0,7678.0,0.0,0.0,0.0,0.0,68
2023-05-10 21:02:33,l2403,l2403,7708.0,0.0,0.0,0.0,1,7720.0,7728.0,1,7708.0,7678.0,0.0,0.0,0.0,0.0,68
2023-05-10 21:02:37,l2403,l2403,7708.0,0.0,0.0,0.0,1,7719.0,7728.0,1,7708.0,7678.0,0.0,0.0,0.0,0.0,68
2023-05-10 21:02:38,l2403,l2403,7708.0,0.0,0.0,0.0,2,7719.0,7728.0,1,7708.0,7678.0,0.0,0.0,0.0,0.0,68
2023-05-10 21:02:40,l2403,l2403,7708.0,0.0,0.0,0.0,1,7719.0,7728.0,1,7708.0,7678.0,0.0,0.0,0.0,0.0,68
2023-05-10 21:02:41,l2403,l2403,7708.0,0.0,0.0,0.0,1,7720.0,7728.0,1,7708.0,7678.0,0.0,0.0,0.0,0.0,68
2023-05-10 21:02:50,l2403,l2403,7708.0,0.0,0.0,0.0,1,7719.0,7728.0,1,7708.0,7678.0,0.0,0.0,0.0,0.0,68
2023-05-10 21:02:53,l2403,l2403,7708.0,0.0,0.0,0.0,1,7720.0,7728.0,1,7708.0,7678.0,0.0,0.0,0.0,0.0,68
2023-05-10 21:02:53,l2403,l2403,7708.0,0.0,0.0,0.0,1,7705.0,7728.0,1,7708.0,7678.0,0.0,0.0,0.0,0.0,68
2023-05-10 21:02:54,l2403,l2403,7708.0,0.0,0.0,0.0,1,7709.0,7728.0,1,7708.0,7678.0,0.0,0.0,0.0,0.0,68
2023-05-10 21:02:54,l2403,l2403,7708.0,0.0,0.0,0.0,2,7709.0,7728.0,1,7708.0,7678.0,0.0,0.0,0.0,0.0,68
2023-05-10 21:02:57,l2403,l2403,7708.0,0.0,0.0,0.0,1,7710.0,7728.0,1,7708.0,7678.0,0.0,0.0,0.0,0.0,68
2023-05-10 21:02:57,l2403,l2403,7708.0,0.0,0.0,0.0,1,7713.0,7728.0,1,7708.0,7678.0,0.0,0.0,0.0,0.0,68
2023-05-10 21:03:00,l2403,l2403,7708.0,0.0,0.0,0.0,1,7714.0,7728.0,1,7708.0,7678.0,0.0,0.0,0.0,0.0,68
2023-05-10 21:03:00,l2403,l2403,7708.0,0.0,0.0,0.0,1,7716.0,7728.0,1,7708.0,7678.0,0.0,0.0,0.0,0.0,68
2023-05-10 21:03:03,l2403,l2403,7708.0,0.0,0.0,0.0,1,7717.0,7728.0,1,7708.0,7678.0,0.0,0.0,0.0,0.0,68
2023-05-10 21:03:13,l2403,l2403,7708.0,0.0,0.0,0.0,1,7719.0,7728.0,1,7708.0,7678.0,0.0,0.0,0.0,0.0,68
2023-05-10 21:03:13,l2403,l2403,7708.0,0.0,0.0,0.0,1,7717.0,7728.0,1,7708.0,7678.0,0.0,0.0,0.0,0.0,68
2023-05-10 21:03:14,l2403,l2403,7708.0,0.0,0.0,0.0,1,7720.0,7728.0,1,7708.0,7678.0,0.0,0.0,0.0,0.0,68
2023-05-10 21:03:14,l2403,l2403,7708.0,0.0,0.0,0.0,1,7705.0,7728.0,1,7708.0,7678.0,0.0,0.0,0.0,0.0,68
2023-05-10 21:03:15,l2403,l2403,7708.0,0.0,0.0,0.0,1,7709.0,7728.0,1,7708.0,7678.0,0.0,0.0,0.0,0.0,68
2023-05-10 21:03:15,l2403,l2403,7708.0,0.0,0.0,0.0,2,7709.0,7728.0,1,7708.0,7678.0,0.0,0.0,0.0,0.0,68
2023-05-10 21:03:18,l2403,l2403,7708.0,0.0,0.0,0.0,2,7710.0,7728.0,1,7708.0,7678.0,0.0,0.0,0.0,0.0,68
2023-05-10 21:03:18,l2403,l2403,7708.0,0.0,0.0,0.0,3,7710.0,7728.0,1,7708.0,7678.0,0.0,0.0,0.0,0.0,68
2023-05-10 21:03:21,l2403,l2403,7708.0,0.0,0.0,0.0,1,7713.0,7728.0,1,7708.0,7678.0,0.0,0.0,0.0,0.0,68
2023-05-10 21:03:23,l2403,l2403,7708.0,0.0,0.0,0.0,1,7714.0,7728.0,1,7708.0,7678.0,0.0,0.0,0.0,0.0,68
2023-05-10 21:03:24,l2403,l2403,7708.0,0.0,0.0,0.0,1,7716.0,7728.0,1,7708.0,7678.0,0.0,0.0,0.0,0.0,68
2023-05-10 21:03:28,l2403,l2403,7708.0,0.0,0.0,0.0,1,7717.0,7728.0,1,7708.0,7678.0,0.0,0.0,0.0,0.0,68
2023-05-10 21:03:29,l2403,l2403,7708.0,0.0,0.0,0.0,1,7719.0,7728.0,1,7708.0,7678.0,0.0,0.0,0.0,0.0,68
2023-05-10 21:03:33,l2403,l2403,7708.0,0.0,0.0,0.0,2,7719.0,7728.0,1,7708.0,7678.0,0.0,0.0,0.0,0.0,68
2023-05-10 21:03:41,l2403,l2403,7708.0,0.0,0.0,0.0,1,7719.0,7728.0,1,7708.0,7678.0,0.0,0.0,0.0,0.0,68
2023-05-10 21:03:48,l2403,l2403,7708.0,0.0,0.0,0.0,1,7719.0,7728.0,2,7708.0,7678.0,0.0,0.0,0.0,0.0,68
2023-05-10 21:03:50,l2403,l2403,7708.0,0.0,0.0,0.0,1,7719.0,7728.0,1,7708.0,7678.0,0.0,0.0,0.0,0.0,68
2023-05-10 21:03:51,l2403,l2403,7708.0,0.0,0.0,0.0,1,7719.0,7728.0,2,7708.0,7678.0,0.0,0.0,0.0,0.0,68
2023-05-10 21:03:53,l2403,l2403,7708.0,0.0,0.0,0.0,1,7719.0,7727.0,1,7708.0,7678.0,0.0,0.0,0.0,0.0,68
2023-05-10 21:03:54,l2403,l2403,7708.0,0.0,0.0,0.0,1,7719.0,7726.0,1,7708.0,7678.0,0.0,0.0,0.0,0.0,68
2023-05-10 21:04:21,l2403,l2403,7708.0,0.0,0.0,0.0,1,7719.0,7745.0,1,7708.0,7678.0,0.0,0.0,0.0,0.0,68
2023-05-10 21:04:21,l2403,l2403,7708.0,0.0,0.0,0.0,1,7719.0,7733.0,2,7708.0,7678.0,0.0,0.0,0.0,0.0,68
2023-05-10 21:04:22,l2403,l2403,7708.0,0.0,0.0,0.0,1,7719.0,7732.0,1,7708.0,7678.0,0.0,0.0,0.0,0.0,68
2023-05-10 21:04:23,l2403,l2403,7708.0,0.0,0.0,0.0,1,7719.0,7732.0,2,7708.0,7678.0,0.0,0.0,0.0,0.0,68
2023-05-10 21:04:24,l2403,l2403,7708.0,0.0,0.0,0.0,1,7719.0,7731.0,1,7708.0,7678.0,0.0,0.0,0.0,0.0,68
2023-05-10 21:04:25,l2403,l2403,7708.0,0.0,0.0,0.0,1,7719.0,7730.0,1,7708.0,7678.0,0.0,0.0,0.0,0.0,68
2023-05-10 21:04:29,l2403,l2403,7708.0,0.0,0.0,0.0,1,7719.0,7729.0,1,7708.0,7678.0,0.0,0.0,0.0,0.0,68
2023-05-10 21:04:30,l2403,l2403,7708.0,0.0,0.0,0.0,1,7719.0,7729.0,2,7708.0,7678.0,0.0,0.0,0.0,0.0,68
2023-05-10 21:04:35,l2403,l2403,7708.0,0.0,0.0,0.0,1,7719.0,7728.0,1,7708.0,7678.0,0.0,0.0,0.0,0.0,68
2023-05-10 21:04:36,l2403,l2403,7708.0,0.0,0.0,0.0,1,7719.0,7727.0,1,7708.0,7678.0,0.0,0.0,0.0,0.0,68
2023-05-10 21:04:44,l2403,l2403,7708.0,0.0,0.0,0.0,1,7719.0,7727.0,2,7708.0,7678.0,0.0,0.0,0.0,0.0,68
2023-05-10 21:04:44,l2403,l2403,7708.0,0.0,0.0,0.0,1,7719.0,7727.0,1,7708.0,7678.0,0.0,0.0,0.0,0.0,68
2023-05-10 21:04:49,l2403,l2403,7708.0,0.0,0.0,0.0,1,7719.0,7727.0,2,7708.0,7678.0,0.0,0.0,0.0,0.0,68
2023-05-10 21:04:52,l2403,l2403,7708.0,0.0,0.0,0.0,1,7719.0,7727.0,1,7708.0,7678.0,0.0,0.0,0.0,0.0,68
2023-05-10 21:04:53,l2403,l2403,7708.0,0.0,0.0,0.0,1,7719.0,7727.0,2,7708.0,7678.0,0.0,0.0,0.0,0.0,68
2023-05-10 21:04:54,l2403,l2403,7708.0,0.0,0.0,0.0,1,7705.0,7727.0,2,7708.0,7678.0,0.0,0.0,0.0,0.0,68
2023-05-10 21:04:54,l2403,l2403,7708.0,0.0,0.0,0.0,1,7709.0,7727.0,2,7708.0,7678.0,0.0,0.0,0.0,0.0,68
2023-05-10 21:04:55,l2403,l2403,7708.0,0.0,0.0,0.0,2,7709.0,7727.0,2,7708.0,7678.0,0.0,0.0,0.0,0.0,68
2023-05-10 21:04:57,l2403,l2403,7708.0,0.0,0.0,0.0,1,7710.0,7727.0,2,7708.0,7678.0,0.0,0.0,0.0,0.0,68
2023-05-10 21:04:58,l2403,l2403,7708.0,0.0,0.0,0.0,1,7713.0,7727.0,2,7708.0,7678.0,0.0,0.0,0.0,0.0,68
2023-05-10 21:05:00,l2403,l2403,7708.0,0.0,0.0,0.0,1,7714.0,7727.0,2,7708.0,7678.0,0.0,0.0,0.0,0.0,68
2023-05-10 21:05:01,l2403,l2403,7708.0,0.0,0.0,0.0,1,7716.0,7727.0,2,7708.0,7678.0,0.0,0.0,0.0,0.0,68
2023-05-10 21:05:01,l2403,l2403,7708.0,0.0,0.0,0.0,1,7716.0,7726.0,1,7708.0,7678.0,0.0,0.0,0.0,0.0,68
2023-05-10 21:05:02,l2403,l2403,7708.0,0.0,0.0,0.0,1,7716.0,7725.0,1,7708.0,7678.0,0.0,0.0,0.0,0.0,68
2023-05-10 21:05:04,l2403,l2403,7708.0,0.0,0.0,0.0,1,7717.0,7725.0,1,7708.0,7678.0,0.0,0.0,0.0,0.0,68
2023-05-10 21:05:08,l2403,l2403,7708.0,0.0,0.0,0.0,1,7716.0,7725.0,1,7708.0,7678.0,0.0,0.0,0.0,0.0,68
2023-05-10 21:05:08,l2403,l2403,7708.0,0.0,0.0,0.0,2,7716.0,7725.0,1,7708.0,7678.0,0.0,0.0,0.0,0.0,68
2023-05-10 21:05:11,l2403,l2403,7708.0,0.0,0.0,0.0,1,7716.0,7725.0,1,7708.0,7678.0,0.0,0.0,0.0,0.0,68
2023-05-10 21:05:13,l2403,l2403,7708.0,0.0,0.0,0.0,2,7716.0,7725.0,1,7708.0,7678.0,0.0,0.0,0.0,0.0,68
2023-05-10 21:05:15,l2403,l2403,7708.0,0.0,0.0,0.0,1,7716.0,7725.0,1,7708.0,7678.0,0.0,0.0,0.0,0.0,68
2023-05-10 21:05:16,l2403,l2403,7708.0,0.0,0.0,0.0,1,7717.0,7725.0,1,7708.0,7678.0,0.0,0.0,0.0,0.0,68
2023-05-10 21:05:18,l2403,l2403,7708.0,0.0,0.0,0.0,1,7716.0,7725.0,1,7708.0,7678.0,0.0,0.0,0.0,0.0,68
2023-05-10 21:05:18,l2403,l2403,7708.0,0.0,0.0,0.0,1,7717.0,7725.0,1,7708.0,7678.0,0.0,0.0,0.0,0.0,68
2023-05-10 21:05:37,l2403,l2403,7708.0,0.0,0.0,0.0,1,7718.0,7725.0,1,7708.0,7678.0,0.0,0.0,0.0,0.0,68
2023-05-10 21:05:37,l2403,l2403,7708.0,0.0,0.0,0.0,1,7718.0,7745.0,1,7708.0,7678.0,0.0,0.0,0.0,0.0,68
2023-05-10 21:05:38,l2403,l2403,7708.0,0.0,0.0,0.0,2,7718.0,7729.0,1,7708.0,7678.0,0.0,0.0,0.0,0.0,68
2023-05-10 21:05:41,l2403,l2403,7708.0,0.0,0.0,0.0,2,7718.0,7728.0,1,7708.0,7678.0,0.0,0.0,0.0,0.0,68
2023-05-10 21:05:42,l2403,l2403,7708.0,0.0,0.0,0.0,1,7718.0,7728.0,1,7708.0,7678.0,0.0,0.0,0.0,0.0,68
2023-05-10 21:05:42,l2403,l2403,7708.0,0.0,0.0,0.0,1,7719.0,7728.0,1,7708.0,7678.0,0.0,0.0,0.0,0.0,68
2023-05-10 21:05:43,l2403,l2403,7708.0,0.0,0.0,0.0,1,7720.0,7728.0,1,7708.0,7678.0,0.0,0.0,0.0,0.0,68
2023-05-10 21:05:45,l2403,l2403,7708.0,0.0,0.0,0.0,2,7720.0,7728.0,1,7708.0,7678.0,0.0,0.0,0.0,0.0,68
2023-05-10 21:05:52,l2403,l2403,7708.0,0.0,0.0,0.0,1,7720.0,7728.0,1,7708.0,7678.0,0.0,0.0,0.0,0.0,68
2023-05-10 21:05:55,l2403,l2403,7708.0,0.0,0.0,0.0,1,7705.0,7728.0,2,7708.0,7678.0,0.0,0.0,0.0,0.0,68
2023-05-10 21:05:56,l2403,l2403,7708.0,0.0,0.0,0.0,1,7709.0,7728.0,1,7708.0,7678.0,0.0,0.0,0.0,0.0,68
2023-05-10 21:05:56,l2403,l2403,7708.0,0.0,0.0,0.0,2,7709.0,7728.0,1,7708.0,7678.0,0.0,0.0,0.0,0.0,68
2023-05-10 21:05:57,l2403,l2403,7708.0,0.0,0.0,0.0,3,7709.0,7728.0,1,7708.0,7678.0,0.0,0.0,0.0,0.0,68
2023-05-10 21:05:59,l2403,l2403,7708.0,0.0,0.0,0.0,1,7710.0,7728.0,1,7708.0,7678.0,0.0,0.0,0.0,0.0,68
2023-05-10 21:05:59,l2403,l2403,7708.0,0.0,0.0,0.0,1,7713.0,7728.0,1,7708.0,7678.0,0.0,0.0,0.0,0.0,68
2023-05-10 21:06:00,l2403,l2403,7708.0,0.0,0.0,0.0,1,7713.0,7728.0,2,7708.0,7678.0,0.0,0.0,0.0,0.0,68
2023-05-10 21:06:00,l2403,l2403,7708.0,0.0,0.0,0.0,1,7713.0,7728.0,1,7708.0,7678.0,0.0,0.0,0.0,0.0,68
2023-05-10 21:06:03,l2403,l2403,7708.0,0.0,0.0,0.0,1,7714.0,7728.0,2,7708.0,7678.0,0.0,0.0,0.0,0.0,68
2023-05-10 21:06:03,l2403,l2403,7708.0,0.0,0.0,0.0,1,7716.0,7728.0,1,7708.0,7678.0,0.0,0.0,0.0,0.0,68
2023-05-10 21:06:06,l2403,l2403,7708.0,0.0,0.0,0.0,1,7717.0,7728.0,1,7708.0,7678.0,0.0,0.0,0.0,0.0,68
2023-05-10 21:06:07,l2403,l2403,7708.0,0.0,0.0,0.0,1,7719.0,7728.0,1,7708.0,7678.0,0.0,0.0,0.0,0.0,68
2023-05-10 21:06:09,l2403,l2403,7708.0,0.0,0.0,0.0,1,7720.0,7728.0,1,7708.0,7678.0,0.0,0.0,0.0,0.0,68
2023-05-10 21:06:10,l2403,l2403,7708.0,0.0,0.0,0.0,1,7721.0,7728.0,1,7708.0,7678.0,0.0,0.0,0.0,0.0,68
2023-05-10 21:06:12,l2403,l2403,7708.0,0.0,0.0,0.0,1,7722.0,7728.0,1,7708.0,7678.0,0.0,0.0,0.0,0.0,68
2023-05-10 21:06:19,l2403,l2403,7708.0,0.0,0.0,0.0,1,7721.0,7728.0,1,7708.0,7678.0,0.0,0.0,0.0,0.0,68
2023-05-10 21:06:20,l2403,l2403,7708.0,0.0,0.0,0.0,2,7721.0,7728.0,1,7708.0,7678.0,0.0,0.0,0.0,0.0,68
2023-05-10 21:06:25,l2403,l2403,7708.0,0.0,0.0,0.0,1,7721.0,7728.0,1,7708.0,7678.0,0.0,0.0,0.0,0.0,68
2023-05-10 21:06:31,l2403,l2403,7708.0,0.0,0.0,0.0,1,7721.0,7728.0,2,7708.0,7678.0,0.0,0.0,0.0,0.0,68
2023-05-10 21:06:32,l2403,l2403,7708.0,0.0,0.0,0.0,1,7709.0,7727.0,1,7708.0,7678.0,0.0,0.0,0.0,0.0,68
2023-05-10 21:06:32,l2403,l2403,7708.0,0.0,0.0,0.0,1,7712.0,7727.0,1,7708.0,7678.0,0.0,0.0,0.0,0.0,68
2023-05-10 21:06:33,l2403,l2403,7708.0,0.0,0.0,0.0,1,7712.0,7726.0,1,7708.0,7678.0,0.0,0.0,0.0,0.0,68
2023-05-10 21:06:33,l2403,l2403,7708.0,0.0,0.0,0.0,1,7712.0,7726.0,2,7708.0,7678.0,0.0,0.0,0.0,0.0,68
2023-05-10 21:06:35,l2403,l2403,7708.0,0.0,0.0,0.0,1,7712.0,7725.0,1,7708.0,7678.0,0.0,0.0,0.0,0.0,68
2023-05-10 21:06:35,l2403,l2403,7708.0,0.0,0.0,0.0,1,7713.0,7725.0,1,7708.0,7678.0,0.0,0.0,0.0,0.0,68
2023-05-10 21:06:36,l2403,l2403,7708.0,0.0,0.0,0.0,1,7713.0,7724.0,1,7708.0,7678.0,0.0,0.0,0.0,0.0,68
2023-05-10 21:06:37,l2403,l2403,7708.0,0.0,0.0,0.0,1,7713.0,7724.0,2,7708.0,7678.0,0.0,0.0,0.0,0.0,68
2023-05-10 21:06:42,l2403,l2403,7708.0,0.0,0.0,0.0,1,7713.0,7724.0,1,7708.0,7678.0,0.0,0.0,0.0,0.0,68
2023-05-10 21:06:50,l2403,l2403,7708.0,0.0,0.0,0.0,1,7715.0,7724.0,1,7708.0,7678.0,0.0,0.0,0.0,0.0,68
2023-05-10 21:06:51,l2403,l2403,7708.0,0.0,0.0,0.0,2,7715.0,7724.0,1,7708.0,7678.0,0.0,0.0,0.0,0.0,68
2023-05-10 21:06:59,l2403,l2403,7708.0,0.0,0.0,0.0,1,7715.0,7724.0,1,7708.0,7678.0,0.0,0.0,0.0,0.0,68
2023-05-10 21:06:59,l2403,l2403,7708.0,0.0,0.0,0.0,1,7716.0,7724.0,1,7708.0,7678.0,0.0,0.0,0.0,0.0,68
2023-05-10 21:07:02,l2403,l2403,7708.0,0.0,0.0,0.0,1,7715.0,7724.0,1,7708.0,7678.0,0.0,0.0,0.0,0.0,68
2023-05-10 21:07:02,l2403,l2403,7708.0,0.0,0.0,0.0,2,7715.0,7724.0,1,7708.0,7678.0,0.0,0.0,0.0,0.0,68
2023-05-10 21:07:05,l2403,l2403,7708.0,0.0,0.0,0.0,1,7715.0,7724.0,1,7708.0,7678.0,0.0,0.0,0.0,0.0,68
2023-05-10 21:07:05,l2403,l2403,7708.0,0.0,0.0,0.0,1,7716.0,7724.0,1,7708.0,7678.0,0.0,0.0,0.0,0.0,68
2023-05-10 21:07:10,l2403,l2403,7708.0,0.0,0.0,0.0,1,7716.0,7734.0,1,7708.0,7678.0,0.0,0.0,0.0,0.0,68
2023-05-10 21:07:10,l2403,l2403,7708.0,0.0,0.0,0.0,1,7716.0,7727.0,1,7708.0,7678.0,0.0,0.0,0.0,0.0,68
2023-05-10 21:07:15,l2403,l2403,7708.0,0.0,0.0,0.0,1,7716.0,7726.0,1,7708.0,7678.0,0.0,0.0,0.0,0.0,68
2023-05-10 21:07:16,l2403,l2403,7708.0,0.0,0.0,0.0,1,7717.0,7726.0,1,7708.0,7678.0,0.0,0.0,0.0,0.0,68
2023-05-10 21:07:17,l2403,l2403,7708.0,0.0,0.0,0.0,1,7718.0,7726.0,1,7708.0,7678.0,0.0,0.0,0.0,0.0,68
2023-05-10 21:07:17,l2403,l2403,7708.0,0.0,0.0,0.0,1,7718.0,7734.0,1,7708.0,7678.0,0.0,0.0,0.0,0.0,68
2023-05-10 21:07:18,l2403,l2403,7708.0,0.0,0.0,0.0,1,7718.0,7733.0,2,7708.0,7678.0,0.0,0.0,0.0,0.0,68
2023-05-10 21:07:29,l2403,l2403,7708.0,0.0,0.0,0.0,1,7718.0,7733.0,3,7708.0,7678.0,0.0,0.0,0.0,0.0,68
2023-05-10 21:07:32,l2403,l2403,7708.0,0.0,0.0,0.0,1,7718.0,7732.0,1,7708.0,7678.0,0.0,0.0,0.0,0.0,68
2023-05-10 21:07:33,l2403,l2403,7708.0,0.0,0.0,0.0,1,7718.0,7731.0,1,7708.0,7678.0,0.0,0.0,0.0,0.0,68
2023-05-10 21:07:35,l2403,l2403,7708.0,0.0,0.0,0.0,1,7718.0,7730.0,1,7708.0,7678.0,0.0,0.0,0.0,0.0,68
2023-05-10 21:07:36,l2403,l2403,7708.0,0.0,0.0,0.0,1,7718.0,7729.0,1,7708.0,7678.0,0.0,0.0,0.0,0.0,68
2023-05-10 21:07:42,l2403,l2403,7708.0,0.0,0.0,0.0,1,7718.0,7728.0,1,7708.0,7678.0,0.0,0.0,0.0,0.0,68
2023-05-10 21:08:07,l2403,l2403,7708.0,0.0,0.0,0.0,1,7719.0,7728.0,1,7708.0,7678.0,0.0,0.0,0.0,0.0,68
2023-05-10 21:08:08,l2403,l2403,7708.0,0.0,0.0,0.0,1,7720.0,7728.0,1,7708.0,7678.0,0.0,0.0,0.0,0.0,68
2023-05-10 21:08:17,l2403,l2403,7708.0,0.0,0.0,0.0,1,7719.0,7728.0,1,7708.0,7678.0,0.0,0.0,0.0,0.0,68
2023-05-10 21:08:17,l2403,l2403,7708.0,0.0,0.0,0.0,2,7719.0,7728.0,1,7708.0,7678.0,0.0,0.0,0.0,0.0,68
2023-05-10 21:08:25,l2403,l2403,7708.0,0.0,0.0,0.0,1,7719.0,7728.0,1,7708.0,7678.0,0.0,0.0,0.0,0.0,68
2023-05-10 21:08:26,l2403,l2403,7708.0,0.0,0.0,0.0,1,7709.0,7728.0,1,7708.0,7678.0,0.0,0.0,0.0,0.0,68
2023-05-10 21:08:26,l2403,l2403,7708.0,0.0,0.0,0.0,1,7712.0,7728.0,1,7708.0,7678.0,0.0,0.0,0.0,0.0,68
2023-05-10 21:08:29,l2403,l2403,7708.0,0.0,0.0,0.0,1,7712.0,7728.0,2,7708.0,7678.0,0.0,0.0,0.0,0.0,68
2023-05-10 21:08:30,l2403,l2403,7708.0,0.0,0.0,0.0,1,7713.0,7728.0,2,7708.0,7678.0,0.0,0.0,0.0,0.0,68
2023-05-10 21:08:32,l2403,l2403,7708.0,0.0,0.0,0.0,1,7713.0,7727.0,1,7708.0,7678.0,0.0,0.0,0.0,0.0,68
2023-05-10 21:08:33,l2403,l2403,7708.0,0.0,0.0,0.0,1,7713.0,7726.0,1,7708.0,7678.0,0.0,0.0,0.0,0.0,68
2023-05-10 21:08:36,l2403,l2403,7708.0,0.0,0.0,0.0,1,7715.0,7726.0,1,7708.0,7678.0,0.0,0.0,0.0,0.0,68
2023-05-10 21:08:37,l2403,l2403,7708.0,0.0,0.0,0.0,1,7716.0,7726.0,1,7708.0,7678.0,0.0,0.0,0.0,0.0,68
2023-05-10 21:08:41,l2403,l2403,7708.0,0.0,0.0,0.0,1,7717.0,7726.0,1,7708.0,7678.0,0.0,0.0,0.0,0.0,68
2023-05-10 21:08:42,l2403,l2403,7708.0,0.0,0.0,0.0,1,7718.0,7726.0,1,7708.0,7678.0,0.0,0.0,0.0,0.0,68
2023-05-10 21:08:42,l2403,l2403,7708.0,0.0,0.0,0.0,1,7719.0,7726.0,1,7708.0,7678.0,0.0,0.0,0.0,0.0,68
2023-05-10 21:08:48,l2403,l2403,7708.0,0.0,0.0,0.0,1,7720.0,7726.0,1,7708.0,7678.0,0.0,0.0,0.0,0.0,68
2023-05-10 21:08:50,l2403,l2403,7708.0,0.0,0.0,0.0,1,7719.0,7726.0,1,7708.0,7678.0,0.0,0.0,0.0,0.0,68
2023-05-10 21:08:54,l2403,l2403,7708.0,0.0,0.0,0.0,1,7720.0,7726.0,1,7708.0,7678.0,0.0,0.0,0.0,0.0,68
2023-05-10 21:09:10,l2403,l2403,7708.0,0.0,0.0,0.0,1,7709.0,7726.0,1,7708.0,7678.0,0.0,0.0,0.0,0.0,68
2023-05-10 21:09:11,l2403,l2403,7708.0,0.0,0.0,0.0,1,7712.0,7726.0,1,7708.0,7678.0,0.0,0.0,0.0,0.0,68
2023-05-10 21:09:14,l2403,l2403,7708.0,0.0,0.0,0.0,1,7713.0,7726.0,1,7708.0,7678.0,0.0,0.0,0.0,0.0,68
2023-05-10 21:09:15,l2403,l2403,7708.0,0.0,0.0,0.0,1,7715.0,7726.0,1,7708.0,7678.0,0.0,0.0,0.0,0.0,68
2023-05-10 21:09:17,l2403,l2403,7708.0,0.0,0.0,0.0,1,7716.0,7726.0,1,7708.0,7678.0,0.0,0.0,0.0,0.0,68
2023-05-10 21:09:30,l2403,l2403,7708.0,0.0,0.0,0.0,1,7716.0,7726.0,2,7708.0,7678.0,0.0,0.0,0.0,0.0,68
2023-05-10 21:09:31,l2403,l2403,7708.0,0.0,0.0,0.0,1,7716.0,7726.0,1,7708.0,7678.0,0.0,0.0,0.0,0.0,68
2023-05-10 21:09:32,l2403,l2403,7708.0,0.0,0.0,0.0,1,7716.0,7726.0,2,7708.0,7678.0,0.0,0.0,0.0,0.0,68
2023-05-10 21:09:36,l2403,l2403,7708.0,0.0,0.0,0.0,1,7716.0,7726.0,1,7708.0,7678.0,0.0,0.0,0.0,0.0,68
2023-05-10 21:09:38,l2403,l2403,7708.0,0.0,0.0,0.0,1,7716.0,7726.0,2,7708.0,7678.0,0.0,0.0,0.0,0.0,68
2023-05-10 21:09:47,l2403,l2403,7708.0,0.0,0.0,0.0,1,7709.0,7726.0,2,7708.0,7678.0,0.0,0.0,0.0,0.0,68
2023-05-10 21:09:48,l2403,l2403,7708.0,0.0,0.0,0.0,1,7712.0,7726.0,2,7708.0,7678.0,0.0,0.0,0.0,0.0,68
2023-05-10 21:09:50,l2403,l2403,7708.0,0.0,0.0,0.0,1,7712.0,7725.0,1,7708.0,7678.0,0.0,0.0,0.0,0.0,68
2023-05-10 21:09:51,l2403,l2403,7708.0,0.0,0.0,0.0,1,7713.0,7725.0,1,7708.0,7678.0,0.0,0.0,0.0,0.0,68
2023-05-10 21:09:54,l2403,l2403,7708.0,0.0,0.0,0.0,1,7713.0,7724.0,1,7708.0,7678.0,0.0,0.0,0.0,0.0,68
2023-05-10 21:09:55,l2403,l2403,7708.0,0.0,0.0,0.0,1,7713.0,7724.0,2,7708.0,7678.0,0.0,0.0,0.0,0.0,68
2023-05-10 21:09:55,l2403,l2403,7708.0,0.0,0.0,0.0,1,7713.0,7724.0,1,7708.0,7678.0,0.0,0.0,0.0,0.0,68
2023-05-10 21:09:56,l2403,l2403,7708.0,0.0,0.0,0.0,1,7713.0,7724.0,2,7708.0,7678.0,0.0,0.0,0.0,0.0,68
2023-05-10 21:10:01,l2403,l2403,7708.0,0.0,0.0,0.0,1,7713.0,7724.0,4,7708.0,7678.0,0.0,0.0,0.0,0.0,68
2023-05-10 21:10:05,l2403,l2403,7708.0,0.0,0.0,0.0,1,7713.0,7724.0,3,7708.0,7678.0,0.0,0.0,0.0,0.0,68
2023-05-10 21:10:21,l2403,l2403,7708.0,0.0,0.0,0.0,1,7713.0,7724.0,4,7708.0,7678.0,0.0,0.0,0.0,0.0,68
2023-05-10 21:10:32,l2403,l2403,7708.0,0.0,0.0,0.0,1,7713.0,7724.0,3,7708.0,7678.0,0.0,0.0,0.0,0.0,68
2023-05-10 21:10:35,l2403,l2403,7708.0,0.0,0.0,0.0,1,7715.0,7724.0,3,7708.0,7678.0,0.0,0.0,0.0,0.0,68
2023-05-10 21:10:36,l2403,l2403,7708.0,0.0,0.0,0.0,1,7716.0,7724.0,3,7708.0,7678.0,0.0,0.0,0.0,0.0,68
2023-05-10 21:10:41,l2403,l2403,7708.0,0.0,0.0,0.0,1,7715.0,7724.0,3,7708.0,7678.0,0.0,0.0,0.0,0.0,68
2023-05-10 21:10:41,l2403,l2403,7708.0,0.0,0.0,0.0,2,7715.0,7724.0,3,7708.0,7678.0,0.0,0.0,0.0,0.0,68
2023-05-10 21:10:53,l2403,l2403,7708.0,0.0,0.0,0.0,2,7715.0,7724.0,4,7708.0,7678.0,0.0,0.0,0.0,0.0,68
2023-05-10 21:10:54,l2403,l2403,7708.0,0.0,0.0,0.0,1,7709.0,7724.0,4,7708.0,7678.0,0.0,0.0,0.0,0.0,68
2023-05-10 21:10:54,l2403,l2403,7708.0,0.0,0.0,0.0,1,7711.0,7724.0,4,7708.0,7678.0,0.0,0.0,0.0,0.0,68
2023-05-10 21:10:58,l2403,l2403,7708.0,0.0,0.0,0.0,1,7712.0,7724.0,4,7708.0,7678.0,0.0,0.0,0.0,0.0,68
2023-05-10 21:11:04,l2403,l2403,7708.0,0.0,0.0,0.0,1,7712.0,7724.0,3,7708.0,7678.0,0.0,0.0,0.0,0.0,68
2023-05-10 21:11:07,l2403,l2403,7708.0,0.0,0.0,0.0,1,7714.0,7724.0,3,7708.0,7678.0,0.0,0.0,0.0,0.0,68
2023-05-10 21:11:08,l2403,l2403,7708.0,0.0,0.0,0.0,1,7715.0,7724.0,3,7708.0,7678.0,0.0,0.0,0.0,0.0,68
2023-05-10 21:11:19,l2403,l2403,7708.0,0.0,0.0,0.0,1,7715.0,7724.0,4,7708.0,7678.0,0.0,0.0,0.0,0.0,68
2023-05-10 21:11:19,l2403,l2403,7708.0,0.0,0.0,0.0,1,7709.0,7724.0,4,7708.0,7678.0,0.0,0.0,0.0,0.0,68
2023-05-10 21:11:20,l2403,l2403,7708.0,0.0,0.0,0.0,1,7711.0,7724.0,4,7708.0,7678.0,0.0,0.0,0.0,0.0,68
2023-05-10 21:11:21,l2403,l2403,7708.0,0.0,0.0,0.0,1,7711.0,7724.0,3,7708.0,7678.0,0.0,0.0,0.0,0.0,68
2023-05-10 21:11:22,l2403,l2403,7708.0,0.0,0.0,0.0,1,7712.0,7724.0,3,7708.0,7678.0,0.0,0.0,0.0,0.0,68
2023-05-10 21:11:38,l2403,l2403,7708.0,0.0,0.0,0.0,1,7712.0,7724.0,4,7708.0,7678.0,0.0,0.0,0.0,0.0,68
2023-05-10 21:11:41,l2403,l2403,7708.0,0.0,0.0,0.0,1,7712.0,7723.0,1,7708.0,7678.0,0.0,0.0,0.0,0.0,68
2023-05-10 21:11:42,l2403,l2403,7708.0,0.0,0.0,0.0,1,7712.0,7722.0,1,7708.0,7678.0,0.0,0.0,0.0,0.0,68
2023-05-10 21:12:11,l2403,l2403,7708.0,0.0,0.0,0.0,1,7713.0,7722.0,1,7708.0,7678.0,0.0,0.0,0.0,0.0,68
2023-05-10 21:12:12,l2403,l2403,7708.0,0.0,0.0,0.0,1,7714.0,7722.0,1,7708.0,7678.0,0.0,0.0,0.0,0.0,68
2023-05-10 21:13:27,l2403,l2403,7708.0,0.0,0.0,0.0,1,7714.0,7722.0,2,7708.0,7678.0,0.0,0.0,0.0,0.0,68
2023-05-10 21:13:28,l2403,l2403,7708.0,0.0,0.0,0.0,1,7706.0,7722.0,2,7708.0,7678.0,0.0,0.0,0.0,0.0,68
2023-05-10 21:13:28,l2403,l2403,7708.0,0.0,0.0,0.0,1,7709.0,7722.0,2,7708.0,7678.0,0.0,0.0,0.0,0.0,68
2023-05-10 21:13:32,l2403,l2403,7708.0,0.0,0.0,0.0,1,7709.0,7722.0,1,7708.0,7678.0,0.0,0.0,0.0,0.0,68
2023-05-10 21:13:33,l2403,l2403,7708.0,0.0,0.0,0.0,1,7710.0,7722.0,1,7708.0,7678.0,0.0,0.0,0.0,0.0,68
2023-05-10 21:14:01,l2403,l2403,7708.0,0.0,0.0,0.0,1,7710.0,7722.0,2,7708.0,7678.0,0.0,0.0,0.0,0.0,68
2023-05-10 21:14:03,l2403,l2403,7708.0,0.0,0.0,0.0,1,7710.0,7721.0,1,7708.0,7678.0,0.0,0.0,0.0,0.0,68
2023-05-10 21:14:03,l2403,l2403,7708.0,0.0,0.0,0.0,1,7712.0,7721.0,1,7708.0,7678.0,0.0,0.0,0.0,0.0,68
2023-05-10 21:14:04,l2403,l2403,7708.0,0.0,0.0,0.0,1,7712.0,7720.0,1,7708.0,7678.0,0.0,0.0,0.0,0.0,68
2023-05-10 21:14:04,l2403,l2403,7708.0,0.0,0.0,0.0,2,7712.0,7720.0,1,7708.0,7678.0,0.0,0.0,0.0,0.0,68
2023-05-10 21:14:06,l2403,l2403,7708.0,0.0,0.0,0.0,2,7712.0,7719.0,1,7708.0,7678.0,0.0,0.0,0.0,0.0,68
2023-05-10 21:14:07,l2403,l2403,7708.0,0.0,0.0,0.0,2,7712.0,7719.0,2,7708.0,7678.0,0.0,0.0,0.0,0.0,68
2023-05-10 21:14:09,l2403,l2403,7708.0,0.0,0.0,0.0,1,7712.0,7719.0,2,7708.0,7678.0,0.0,0.0,0.0,0.0,68
2023-05-10 21:14:10,l2403,l2403,7708.0,0.0,0.0,0.0,1,7713.0,7719.0,2,7708.0,7678.0,0.0,0.0,0.0,0.0,68
2023-05-10 21:14:12,l2403,l2403,7708.0,0.0,0.0,0.0,1,7713.0,7734.0,1,7708.0,7678.0,0.0,0.0,0.0,0.0,68
2023-05-10 21:14:13,l2403,l2403,7708.0,0.0,0.0,0.0,1,7713.0,7724.0,2,7708.0,7678.0,0.0,0.0,0.0,0.0,68
2023-05-10 21:14:14,l2403,l2403,7708.0,0.0,0.0,0.0,1,7713.0,7723.0,2,7708.0,7678.0,0.0,0.0,0.0,0.0,68
2023-05-10 21:14:17,l2403,l2403,7708.0,0.0,0.0,0.0,1,7713.0,7722.0,1,7708.0,7678.0,0.0,0.0,0.0,0.0,68
2023-05-10 21:14:18,l2403,l2403,7708.0,0.0,0.0,0.0,1,7713.0,7721.0,1,7708.0,7678.0,0.0,0.0,0.0,0.0,68
2023-05-10 21:14:19,l2403,l2403,7708.0,0.0,0.0,0.0,1,7713.0,7720.0,1,7708.0,7678.0,0.0,0.0,0.0,0.0,68
2023-05-10 21:14:20,l2403,l2403,7708.0,0.0,0.0,0.0,1,7713.0,7720.0,2,7708.0,7678.0,0.0,0.0,0.0,0.0,68
2023-05-10 21:14:21,l2403,l2403,7708.0,0.0,0.0,0.0,1,7713.0,7720.0,3,7708.0,7678.0,0.0,0.0,0.0,0.0,68
2023-05-10 21:15:06,l2403,l2403,7708.0,0.0,0.0,0.0,1,7714.0,7720.0,3,7708.0,7678.0,0.0,0.0,0.0,0.0,68
2023-05-10 21:15:07,l2403,l2403,7708.0,0.0,0.0,0.0,1,7715.0,7720.0,3,7708.0,7678.0,0.0,0.0,0.0,0.0,68
2023-05-10 21:15:07,l2403,l2403,7708.0,0.0,0.0,0.0,2,7715.0,7720.0,3,7708.0,7678.0,0.0,0.0,0.0,0.0,68
2023-05-10 21:15:10,l2403,l2403,7708.0,0.0,0.0,0.0,2,7715.0,7727.0,1,7708.0,7678.0,0.0,0.0,0.0,0.0,68
2023-05-10 21:15:11,l2403,l2403,7708.0,0.0,0.0,0.0,2,7715.0,7724.0,2,7708.0,7678.0,0.0,0.0,0.0,0.0,68
2023-05-10 21:15:15,l2403,l2403,7708.0,0.0,0.0,0.0,2,7715.0,7723.0,3,7708.0,7678.0,0.0,0.0,0.0,0.0,68
2023-05-10 21:15:56,l2403,l2403,7708.0,0.0,0.0,0.0,1,7715.0,7723.0,3,7708.0,7678.0,0.0,0.0,0.0,0.0,68
2023-05-10 21:15:57,l2403,l2403,7708.0,0.0,0.0,0.0,2,7715.0,7723.0,3,7708.0,7678.0,0.0,0.0,0.0,0.0,68
2023-05-10 21:16:04,l2403,l2403,7708.0,0.0,0.0,0.0,1,7715.0,7723.0,3,7708.0,7678.0,0.0,0.0,0.0,0.0,68
2023-05-10 21:16:04,l2403,l2403,7708.0,0.0,0.0,0.0,1,7706.0,7723.0,3,7708.0,7678.0,0.0,0.0,0.0,0.0,68
2023-05-10 21:16:05,l2403,l2403,7708.0,0.0,0.0,0.0,1,7709.0,7723.0,3,7708.0,7678.0,0.0,0.0,0.0,0.0,68
2023-05-10 21:16:05,l2403,l2403,7708.0,0.0,0.0,0.0,1,7709.0,7723.0,4,7708.0,7678.0,0.0,0.0,0.0,0.0,68
2023-05-10 21:16:08,l2403,l2403,7708.0,0.0,0.0,0.0,1,7710.0,7723.0,4,7708.0,7678.0,0.0,0.0,0.0,0.0,68
2023-05-10 21:16:08,l2403,l2403,7708.0,0.0,0.0,0.0,1,7712.0,7723.0,4,7708.0,7678.0,0.0,0.0,0.0,0.0,68
2023-05-10 21:16:09,l2403,l2403,7708.0,0.0,0.0,0.0,1,7712.0,7722.0,1,7708.0,7678.0,0.0,0.0,0.0,0.0,68
2023-05-10 21:16:10,l2403,l2403,7708.0,0.0,0.0,0.0,1,7712.0,7721.0,3,7708.0,7678.0,0.0,0.0,0.0,0.0,68
2023-05-10 21:16:11,l2403,l2403,7708.0,0.0,0.0,0.0,1,7712.0,7721.0,4,7708.0,7678.0,0.0,0.0,0.0,0.0,68
2023-05-10 21:16:12,l2403,l2403,7708.0,0.0,0.0,0.0,1,7630.0,7720.0,1,7708.0,7678.0,0.0,0.0,0.0,0.0,68
2023-05-10 21:16:13,l2403,l2403,7708.0,0.0,0.0,0.0,2,7695.0,7720.0,1,7708.0,7678.0,0.0,0.0,0.0,0.0,68
2023-05-10 21:16:13,l2403,l2403,7708.0,0.0,0.0,0.0,1,7699.0,7719.0,3,7708.0,7678.0,0.0,0.0,0.0,0.0,68
2023-05-10 21:16:14,l2403,l2403,7708.0,0.0,0.0,0.0,1,7700.0,7719.0,4,7708.0,7678.0,0.0,0.0,0.0,0.0,68
2023-05-10 21:16:14,l2403,l2403,7708.0,0.0,0.0,0.0,1,7703.0,7719.0,4,7708.0,7678.0,0.0,0.0,0.0,0.0,68
2023-05-10 21:16:15,l2403,l2403,7708.0,0.0,0.0,0.0,1,7703.0,7719.0,3,7708.0,7678.0,0.0,0.0,0.0,0.0,68
2023-05-10 21:16:16,l2403,l2403,7708.0,0.0,0.0,0.0,1,7704.0,7719.0,3,7708.0,7678.0,0.0,0.0,0.0,0.0,68
2023-05-10 21:16:16,l2403,l2403,7708.0,0.0,0.0,0.0,1,7706.0,7719.0,4,7708.0,7678.0,0.0,0.0,0.0,0.0,68
2023-05-10 21:16:19,l2403,l2403,7708.0,0.0,0.0,0.0,1,7707.0,7719.0,4,7708.0,7678.0,0.0,0.0,0.0,0.0,68
2023-05-10 21:16:22,l2403,l2403,7708.0,0.0,0.0,0.0,1,7707.0,7718.0,1,7708.0,7678.0,0.0,0.0,0.0,0.0,68
2023-05-10 21:16:22,l2403,l2403,7708.0,0.0,0.0,0.0,1,7707.0,7727.0,1,7708.0,7678.0,0.0,0.0,0.0,0.0,68
2023-05-10 21:16:23,l2403,l2403,7708.0,0.0,0.0,0.0,1,7707.0,7717.0,2,7708.0,7678.0,0.0,0.0,0.0,0.0,68
2023-05-10 21:16:26,l2403,l2403,7708.0,0.0,0.0,0.0,1,7707.0,7716.0,1,7708.0,7678.0,0.0,0.0,0.0,0.0,68
2023-05-10 21:16:27,l2403,l2403,7708.0,0.0,0.0,0.0,1,7707.0,7715.0,1,7708.0,7678.0,0.0,0.0,0.0,0.0,68
2023-05-10 21:16:28,l2403,l2403,7708.0,0.0,0.0,0.0,1,7707.0,7715.0,2,7708.0,7678.0,0.0,0.0,0.0,0.0,68
2023-05-10 21:16:32,l2403,l2403,7708.0,0.0,0.0,0.0,1,7707.0,7714.0,1,7708.0,7678.0,0.0,0.0,0.0,0.0,68
2023-05-10 21:16:33,l2403,l2403,7708.0,0.0,0.0,0.0,1,7707.0,7714.0,3,7708.0,7678.0,0.0,0.0,0.0,0.0,68
2023-05-10 21:16:33,l2403,l2403,7708.0,0.0,0.0,0.0,1,7708.0,7714.0,3,7708.0,7678.0,0.0,0.0,0.0,0.0,68
2023-05-10 21:16:35,l2403,l2403,7708.0,0.0,0.0,0.0,2,7708.0,7714.0,3,7708.0,7678.0,0.0,0.0,0.0,0.0,68
2023-05-10 21:16:38,l2403,l2403,7708.0,0.0,0.0,0.0,1,7708.0,7714.0,3,7708.0,7678.0,0.0,0.0,0.0,0.0,68
2023-05-10 21:16:39,l2403,l2403,7708.0,0.0,0.0,0.0,1,7695.0,7714.0,3,7708.0,7678.0,0.0,0.0,0.0,0.0,68
2023-05-10 21:16:39,l2403,l2403,7708.0,0.0,0.0,0.0,1,7698.0,7714.0,3,7708.0,7678.0,0.0,0.0,0.0,0.0,68
2023-05-10 21:16:40,l2403,l2403,7708.0,0.0,0.0,0.0,2,7698.0,7714.0,3,7708.0,7678.0,0.0,0.0,0.0,0.0,68
2023-05-10 21:16:45,l2403,l2403,7708.0,0.0,0.0,0.0,2,7699.0,7714.0,3,7708.0,7678.0,0.0,0.0,0.0,0.0,68
2023-05-10 21:16:45,l2403,l2403,7708.0,0.0,0.0,0.0,1,7701.0,7714.0,3,7708.0,7678.0,0.0,0.0,0.0,0.0,68
2023-05-10 21:16:47,l2403,l2403,7708.0,0.0,0.0,0.0,1,7702.0,7714.0,3,7708.0,7678.0,0.0,0.0,0.0,0.0,68
2023-05-10 21:16:48,l2403,l2403,7708.0,0.0,0.0,0.0,1,7704.0,7727.0,1,7708.0,7678.0,0.0,0.0,0.0,0.0,68
2023-05-10 21:16:49,l2403,l2403,7708.0,0.0,0.0,0.0,1,7704.0,7720.0,2,7708.0,7678.0,0.0,0.0,0.0,0.0,68
2023-05-10 21:16:50,l2403,l2403,7708.0,0.0,0.0,0.0,1,7705.0,7720.0,3,7708.0,7678.0,0.0,0.0,0.0,0.0,68
2023-05-10 21:16:52,l2403,l2403,7708.0,0.0,0.0,0.0,1,7705.0,7719.0,3,7708.0,7678.0,0.0,0.0,0.0,0.0,68
2023-05-10 21:16:52,l2403,l2403,7708.0,0.0,0.0,0.0,1,7707.0,7719.0,3,7708.0,7678.0,0.0,0.0,0.0,0.0,68
2023-05-10 21:16:54,l2403,l2403,7708.0,0.0,0.0,0.0,1,7708.0,7719.0,3,7708.0,7678.0,0.0,0.0,0.0,0.0,68
2023-05-10 21:17:05,l2403,l2403,7708.0,0.0,0.0,0.0,1,7708.0,7719.0,4,7708.0,7678.0,0.0,0.0,0.0,0.0,68
2023-05-10 21:17:07,l2403,l2403,7708.0,0.0,0.0,0.0,1,7708.0,7718.0,1,7708.0,7678.0,0.0,0.0,0.0,0.0,68
2023-05-10 21:17:08,l2403,l2403,7708.0,0.0,0.0,0.0,1,7695.0,7717.0,3,7708.0,7678.0,0.0,0.0,0.0,0.0,68
2023-05-10 21:17:09,l2403,l2403,7708.0,0.0,0.0,0.0,1,7699.0,7717.0,3,7708.0,7678.0,0.0,0.0,0.0,0.0,68
2023-05-10 21:17:12,l2403,l2403,7708.0,0.0,0.0,0.0,1,7700.0,7717.0,3,7708.0,7678.0,0.0,0.0,0.0,0.0,68
2023-05-10 21:17:12,l2403,l2403,7708.0,0.0,0.0,0.0,1,7703.0,7717.0,3,7708.0,7678.0,0.0,0.0,0.0,0.0,68
2023-05-10 21:17:15,l2403,l2403,7708.0,0.0,0.0,0.0,1,7704.0,7717.0,3,7708.0,7678.0,0.0,0.0,0.0,0.0,68
2023-05-10 21:17:41,l2403,l2403,7708.0,0.0,0.0,0.0,1,7704.0,7717.0,4,7708.0,7678.0,0.0,0.0,0.0,0.0,68
2023-05-10 21:17:51,l2403,l2403,7708.0,0.0,0.0,0.0,1,7704.0,7716.0,1,7708.0,7678.0,0.0,0.0,0.0,0.0,68
2023-05-10 21:17:52,l2403,l2403,7708.0,0.0,0.0,0.0,1,7704.0,7715.0,2,7708.0,7678.0,0.0,0.0,0.0,0.0,68
2023-05-10 21:17:52,l2403,l2403,7708.0,0.0,0.0,0.0,1,7704.0,7715.0,3,7708.0,7678.0,0.0,0.0,0.0,0.0,68
2023-05-10 21:18:09,l2403,l2403,7708.0,0.0,0.0,0.0,1,7706.0,7715.0,3,7708.0,7678.0,0.0,0.0,0.0,0.0,68
2023-05-10 21:18:10,l2403,l2403,7708.0,0.0,0.0,0.0,1,7707.0,7715.0,3,7708.0,7678.0,0.0,0.0,0.0,0.0,68
2023-05-10 21:18:15,l2403,l2403,7708.0,0.0,0.0,0.0,1,7706.0,7715.0,3,7708.0,7678.0,0.0,0.0,0.0,0.0,68
2023-05-10 21:18:17,l2403,l2403,7708.0,0.0,0.0,0.0,2,7706.0,7715.0,3,7708.0,7678.0,0.0,0.0,0.0,0.0,68
2023-05-10 21:18:23,l2403,l2403,7708.0,0.0,0.0,0.0,1,7706.0,7715.0,3,7708.0,7678.0,0.0,0.0,0.0,0.0,68
2023-05-10 21:18:24,l2403,l2403,7708.0,0.0,0.0,0.0,1,7695.0,7715.0,3,7708.0,7678.0,0.0,0.0,0.0,0.0,68
2023-05-10 21:18:25,l2403,l2403,7708.0,0.0,0.0,0.0,1,7698.0,7715.0,3,7708.0,7678.0,0.0,0.0,0.0,0.0,68
2023-05-10 21:18:28,l2403,l2403,7708.0,0.0,0.0,0.0,1,7699.0,7715.0,3,7708.0,7678.0,0.0,0.0,0.0,0.0,68
2023-05-10 21:18:28,l2403,l2403,7708.0,0.0,0.0,0.0,1,7702.0,7715.0,3,7708.0,7678.0,0.0,0.0,0.0,0.0,68
2023-05-10 21:18:31,l2403,l2403,7708.0,0.0,0.0,0.0,1,7703.0,7715.0,3,7708.0,7678.0,0.0,0.0,0.0,0.0,68
2023-05-10 21:18:32,l2403,l2403,7708.0,0.0,0.0,0.0,1,7705.0,7715.0,3,7708.0,7678.0,0.0,0.0,0.0,0.0,68
2023-05-10 21:18:35,l2403,l2403,7708.0,0.0,0.0,0.0,1,7706.0,7715.0,3,7708.0,7678.0,0.0,0.0,0.0,0.0,68
2023-05-10 21:19:06,l2403,l2403,7708.0,0.0,0.0,0.0,1,7707.0,7715.0,3,7708.0,7678.0,0.0,0.0,0.0,0.0,68
2023-05-10 21:19:06,l2403,l2403,7708.0,0.0,0.0,0.0,1,7707.0,7715.0,2,7708.0,7678.0,0.0,0.0,0.0,0.0,68
2023-05-10 21:19:07,l2403,l2403,7708.0,0.0,0.0,0.0,1,7708.0,7715.0,2,7708.0,7678.0,0.0,0.0,0.0,0.0,68
2023-05-10 21:19:08,l2403,l2403,7708.0,0.0,0.0,0.0,1,7708.0,7727.0,1,7708.0,7678.0,0.0,0.0,0.0,0.0,68
2023-05-10 21:19:09,l2403,l2403,7708.0,0.0,0.0,0.0,1,7708.0,7724.0,7,7708.0,7678.0,0.0,0.0,0.0,0.0,68
2023-05-10 21:19:10,l2403,l2403,7708.0,0.0,0.0,0.0,1,7708.0,7723.0,4,7708.0,7678.0,0.0,0.0,0.0,0.0,68
2023-05-10 21:19:11,l2403,l2403,7708.0,0.0,0.0,0.0,1,7708.0,7723.0,3,7708.0,7678.0,0.0,0.0,0.0,0.0,68
2023-05-10 21:19:11,l2403,l2403,7708.0,0.0,0.0,0.0,1,7708.0,7723.0,5,7708.0,7678.0,0.0,0.0,0.0,0.0,68
2023-05-10 21:19:17,l2403,l2403,7708.0,0.0,0.0,0.0,1,7708.0,7722.0,1,7708.0,7678.0,0.0,0.0,0.0,0.0,68
2023-05-10 21:19:17,l2403,l2403,7708.0,0.0,0.0,0.0,1,7708.0,7721.0,1,7708.0,7678.0,0.0,0.0,0.0,0.0,68
2023-05-10 21:19:18,l2403,l2403,7708.0,0.0,0.0,0.0,1,7708.0,7720.0,1,7708.0,7678.0,0.0,0.0,0.0,0.0,68
2023-05-10 21:19:21,l2403,l2403,7708.0,0.0,0.0,0.0,1,7708.0,7719.0,2,7708.0,7678.0,0.0,0.0,0.0,0.0,68
2023-05-10 21:19:24,l2403,l2403,7708.0,0.0,0.0,0.0,1,7708.0,7718.0,1,7708.0,7678.0,0.0,0.0,0.0,0.0,68
2023-05-10 21:19:28,l2403,l2403,7708.0,0.0,0.0,0.0,1,7708.0,7718.0,3,7708.0,7678.0,0.0,0.0,0.0,0.0,68
2023-05-10 21:19:29,l2403,l2403,7708.0,0.0,0.0,0.0,1,7709.0,7718.0,3,7708.0,7678.0,0.0,0.0,0.0,0.0,68
2023-05-10 21:19:30,l2403,l2403,7708.0,0.0,0.0,0.0,1,7710.0,7718.0,3,7708.0,7678.0,0.0,0.0,0.0,0.0,68
2023-05-10 21:19:40,l2403,l2403,7708.0,0.0,0.0,0.0,1,7710.0,7718.0,1,7708.0,7678.0,0.0,0.0,0.0,0.0,68
2023-05-10 21:19:40,l2403,l2403,7708.0,0.0,0.0,0.0,1,7710.0,7717.0,2,7708.0,7678.0,0.0,0.0,0.0,0.0,68
2023-05-10 21:19:42,l2403,l2403,7708.0,0.0,0.0,0.0,1,7710.0,7717.0,3,7708.0,7678.0,0.0,0.0,0.0,0.0,68
2023-05-10 21:19:45,l2403,l2403,7708.0,0.0,0.0,0.0,1,7710.0,7727.0,1,7708.0,7678.0,0.0,0.0,0.0,0.0,68
2023-05-10 21:19:45,l2403,l2403,7708.0,0.0,0.0,0.0,1,7710.0,7723.0,2,7708.0,7678.0,0.0,0.0,0.0,0.0,68
2023-05-10 21:19:46,l2403,l2403,7708.0,0.0,0.0,0.0,1,7710.0,7722.0,1,7708.0,7678.0,0.0,0.0,0.0,0.0,68
2023-05-10 21:19:48,l2403,l2403,7708.0,0.0,0.0,0.0,1,7695.0,7722.0,1,7708.0,7678.0,0.0,0.0,0.0,0.0,68
2023-05-10 21:19:49,l2403,l2403,7708.0,0.0,0.0,0.0,1,7700.0,7722.0,1,7708.0,7678.0,0.0,0.0,0.0,0.0,68
2023-05-10 21:19:49,l2403,l2403,7708.0,0.0,0.0,0.0,1,7701.0,7722.0,1,7708.0,7678.0,0.0,0.0,0.0,0.0,68
2023-05-10 21:19:50,l2403,l2403,7708.0,0.0,0.0,0.0,1,7705.0,7722.0,1,7708.0,7678.0,0.0,0.0,0.0,0.0,68
2023-05-10 21:19:52,l2403,l2403,7708.0,0.0,0.0,0.0,1,7705.0,7721.0,3,7708.0,7678.0,0.0,0.0,0.0,0.0,68
2023-05-10 21:19:53,l2403,l2403,7708.0,0.0,0.0,0.0,1,7705.0,7721.0,4,7708.0,7678.0,0.0,0.0,0.0,0.0,68
2023-05-10 21:19:54,l2403,l2403,7708.0,0.0,0.0,0.0,1,7705.0,7720.0,1,7708.0,7678.0,0.0,0.0,0.0,0.0,68
2023-05-10 21:19:55,l2403,l2403,7708.0,0.0,0.0,0.0,1,7706.0,7719.0,1,7708.0,7678.0,0.0,0.0,0.0,0.0,68
2023-05-10 21:19:55,l2403,l2403,7708.0,0.0,0.0,0.0,1,7708.0,7719.0,1,7708.0,7678.0,0.0,0.0,0.0,0.0,68
2023-05-10 21:19:59,l2403,l2403,7708.0,0.0,0.0,0.0,1,7709.0,7718.0,2,7708.0,7678.0,0.0,0.0,0.0,0.0,68
2023-05-10 21:20:01,l2403,l2403,7708.0,0.0,0.0,0.0,1,7709.0,7717.0,1,7708.0,7678.0,0.0,0.0,0.0,0.0,68
2023-05-10 21:20:05,l2403,l2403,7708.0,0.0,0.0,0.0,1,7709.0,7717.0,3,7708.0,7678.0,0.0,0.0,0.0,0.0,68
2023-05-10 21:20:17,l2403,l2403,7708.0,0.0,0.0,0.0,1,7710.0,7717.0,3,7708.0,7678.0,0.0,0.0,0.0,0.0,68
2023-05-10 21:20:17,l2403,l2403,7708.0,0.0,0.0,0.0,1,7710.0,7723.0,1,7708.0,7678.0,0.0,0.0,0.0,0.0,68
2023-05-10 21:20:18,l2403,l2403,7708.0,0.0,0.0,0.0,1,7711.0,7722.0,2,7708.0,7678.0,0.0,0.0,0.0,0.0,68
2023-05-10 21:20:18,l2403,l2403,7708.0,0.0,0.0,0.0,1,7711.0,7722.0,4,7708.0,7678.0,0.0,0.0,0.0,0.0,68
2023-05-10 21:20:20,l2403,l2403,7708.0,0.0,0.0,0.0,1,7710.0,7722.0,4,7708.0,7678.0,0.0,0.0,0.0,0.0,68
2023-05-10 21:20:21,l2403,l2403,7708.0,0.0,0.0,0.0,2,7710.0,7722.0,4,7708.0,7678.0,0.0,0.0,0.0,0.0,68
2023-05-10 21:20:24,l2403,l2403,7708.0,0.0,0.0,0.0,2,7710.0,7722.0,3,7708.0,7678.0,0.0,0.0,0.0,0.0,68
2023-05-10 21:20:24,l2403,l2403,7708.0,0.0,0.0,0.0,1,7710.0,7722.0,3,7708.0,7678.0,0.0,0.0,0.0,0.0,68
2023-05-10 21:20:25,l2403,l2403,7708.0,0.0,0.0,0.0,1,7711.0,7722.0,3,7708.0,7678.0,0.0,0.0,0.0,0.0,68
2023-05-10 21:20:29,l2403,l2403,7708.0,0.0,0.0,0.0,1,7711.0,7722.0,4,7708.0,7678.0,0.0,0.0,0.0,0.0,68
2023-05-10 21:20:30,l2403,l2403,7708.0,0.0,0.0,0.0,1,7710.0,7722.0,4,7708.0,7678.0,0.0,0.0,0.0,0.0,68
2023-05-10 21:20:31,l2403,l2403,7708.0,0.0,0.0,0.0,2,7710.0,7722.0,4,7708.0,7678.0,0.0,0.0,0.0,0.0,68
2023-05-10 21:20:45,l2403,l2403,7708.0,0.0,0.0,0.0,2,7710.0,7721.0,1,7708.0,7678.0,0.0,0.0,0.0,0.0,68
2023-05-10 21:20:46,l2403,l2403,7708.0,0.0,0.0,0.0,2,7710.0,7720.0,3,7708.0,7678.0,0.0,0.0,0.0,0.0,68
2023-05-10 21:20:49,l2403,l2403,7708.0,0.0,0.0,0.0,2,7710.0,7720.0,4,7708.0,7678.0,0.0,0.0,0.0,0.0,68
2023-05-10 21:20:50,l2403,l2403,7708.0,0.0,0.0,0.0,2,7710.0,7720.0,3,7708.0,7678.0,0.0,0.0,0.0,0.0,68
2023-05-10 21:20:50,l2403,l2403,7708.0,0.0,0.0,0.0,1,7710.0,7720.0,3,7708.0,7678.0,0.0,0.0,0.0,0.0,68
2023-05-10 21:20:55,l2403,l2403,7708.0,0.0,0.0,0.0,2,7710.0,7720.0,3,7708.0,7678.0,0.0,0.0,0.0,0.0,68
2023-05-10 21:20:58,l2403,l2403,7708.0,0.0,0.0,0.0,2,7710.0,7720.0,4,7708.0,7678.0,0.0,0.0,0.0,0.0,68
2023-05-10 21:20:58,l2403,l2403,7708.0,0.0,0.0,0.0,1,7710.0,7720.0,4,7708.0,7678.0,0.0,0.0,0.0,0.0,68
2023-05-10 21:21:02,l2403,l2403,7708.0,0.0,0.0,0.0,1,7710.0,7720.0,3,7708.0,7678.0,0.0,0.0,0.0,0.0,68
2023-05-10 21:21:03,l2403,l2403,7708.0,0.0,0.0,0.0,2,7710.0,7720.0,3,7708.0,7678.0,0.0,0.0,0.0,0.0,68
2023-05-10 21:21:10,l2403,l2403,7708.0,0.0,0.0,0.0,1,7710.0,7720.0,3,7708.0,7678.0,0.0,0.0,0.0,0.0,68
2023-05-10 21:21:11,l2403,l2403,7708.0,0.0,0.0,0.0,2,7710.0,7720.0,3,7708.0,7678.0,0.0,0.0,0.0,0.0,68
2023-05-10 21:21:13,l2403,l2403,7708.0,0.0,0.0,0.0,1,7710.0,7720.0,3,7708.0,7678.0,0.0,0.0,0.0,0.0,68
2023-05-10 21:21:14,l2403,l2403,7708.0,0.0,0.0,0.0,1,7711.0,7720.0,3,7708.0,7678.0,0.0,0.0,0.0,0.0,68
2023-05-10 21:21:17,l2403,l2403,7708.0,0.0,0.0,0.0,1,7710.0,7720.0,3,7708.0,7678.0,0.0,0.0,0.0,0.0,68
2023-05-10 21:21:18,l2403,l2403,7708.0,0.0,0.0,0.0,2,7710.0,7720.0,3,7708.0,7678.0,0.0,0.0,0.0,0.0,68
2023-05-10 21:21:40,l2403,l2403,7708.0,0.0,0.0,0.0,1,7710.0,7720.0,3,7708.0,7678.0,0.0,0.0,0.0,0.0,68
2023-05-10 21:21:41,l2403,l2403,7708.0,0.0,0.0,0.0,1,7695.0,7720.0,3,7708.0,7678.0,0.0,0.0,0.0,0.0,68
2023-05-10 21:21:42,l2403,l2403,7708.0,0.0,0.0,0.0,2,7696.0,7720.0,3,7708.0,7678.0,0.0,0.0,0.0,0.0,68
2023-05-10 21:21:42,l2403,l2403,7708.0,0.0,0.0,0.0,1,7699.0,7720.0,3,7708.0,7678.0,0.0,0.0,0.0,0.0,68
2023-05-10 21:21:43,l2403,l2403,7708.0,0.0,0.0,0.0,1,7700.0,7720.0,4,7708.0,7678.0,0.0,0.0,0.0,0.0,68
2023-05-10 21:21:43,l2403,l2403,7708.0,0.0,0.0,0.0,1,7703.0,7720.0,4,7708.0,7678.0,0.0,0.0,0.0,0.0,68
2023-05-10 21:21:45,l2403,l2403,7708.0,0.0,0.0,0.0,1,7704.0,7720.0,4,7708.0,7678.0,0.0,0.0,0.0,0.0,68
2023-05-10 21:21:46,l2403,l2403,7708.0,0.0,0.0,0.0,1,7707.0,7720.0,4,7708.0,7678.0,0.0,0.0,0.0,0.0,68
2023-05-10 21:21:48,l2403,l2403,7708.0,0.0,0.0,0.0,1,7707.0,7719.0,1,7708.0,7678.0,0.0,0.0,0.0,0.0,68
2023-05-10 21:21:48,l2403,l2403,7708.0,0.0,0.0,0.0,1,7708.0,7719.0,1,7708.0,7678.0,0.0,0.0,0.0,0.0,68
2023-05-10 21:21:49,l2403,l2403,7708.0,0.0,0.0,0.0,1,7708.0,7718.0,3,7708.0,7678.0,0.0,0.0,0.0,0.0,68
2023-05-10 21:22:11,l2403,l2403,7708.0,0.0,0.0,0.0,1,7708.0,7718.0,4,7708.0,7678.0,0.0,0.0,0.0,0.0,68
2023-05-10 21:22:31,l2403,l2403,7708.0,0.0,0.0,0.0,1,7708.0,7718.0,3,7708.0,7678.0,0.0,0.0,0.0,0.0,68
2023-05-10 21:22:37,l2403,l2403,7708.0,0.0,0.0,0.0,1,7708.0,7718.0,4,7708.0,7678.0,0.0,0.0,0.0,0.0,68
2023-05-10 21:22:38,l2403,l2403,7708.0,0.0,0.0,0.0,1,7708.0,7718.0,6,7708.0,7678.0,0.0,0.0,0.0,0.0,68
2023-05-10 21:22:40,l2403,l2403,7708.0,0.0,0.0,0.0,1,7708.0,7718.0,7,7708.0,7678.0,0.0,0.0,0.0,0.0,68
2023-05-10 21:22:41,l2403,l2403,7708.0,0.0,0.0,0.0,1,7708.0,7718.0,6,7708.0,7678.0,0.0,0.0,0.0,0.0,68
2023-05-10 21:22:41,l2403,l2403,7708.0,0.0,0.0,0.0,1,7699.0,7718.0,6,7708.0,7678.0,0.0,0.0,0.0,0.0,68
2023-05-10 21:22:42,l2403,l2403,7708.0,0.0,0.0,0.0,1,7702.0,7718.0,7,7708.0,7678.0,0.0,0.0,0.0,0.0,68
2023-05-10 21:22:47,l2403,l2403,7708.0,0.0,0.0,0.0,1,7702.0,7717.0,1,7708.0,7678.0,0.0,0.0,0.0,0.0,68
2023-05-10 21:22:47,l2403,l2403,7708.0,0.0,0.0,0.0,1,7702.0,7717.0,3,7708.0,7678.0,0.0,0.0,0.0,0.0,68
2023-05-10 21:22:48,l2403,l2403,7708.0,0.0,0.0,0.0,1,7703.0,7716.0,3,7708.0,7678.0,0.0,0.0,0.0,0.0,68
2023-05-10 21:22:48,l2403,l2403,7708.0,0.0,0.0,0.0,1,7703.0,7716.0,4,7708.0,7678.0,0.0,0.0,0.0,0.0,68
2023-05-10 21:22:52,l2403,l2403,7708.0,0.0,0.0,0.0,1,7703.0,7716.0,3,7708.0,7678.0,0.0,0.0,0.0,0.0,68
2023-05-10 21:23:07,l2403,l2403,7708.0,0.0,0.0,0.0,1,7705.0,7716.0,3,7708.0,7678.0,0.0,0.0,0.0,0.0,68
2023-05-10 21:23:08,l2403,l2403,7708.0,0.0,0.0,0.0,1,7706.0,7716.0,3,7708.0,7678.0,0.0,0.0,0.0,0.0,68
2023-05-10 21:23:15,l2403,l2403,7708.0,0.0,0.0,0.0,1,7706.0,7716.0,6,7708.0,7678.0,0.0,0.0,0.0,0.0,68
2023-05-10 21:23:16,l2403,l2403,7708.0,0.0,0.0,0.0,1,7706.0,7715.0,1,7708.0,7678.0,0.0,0.0,0.0,0.0,68
2023-05-10 21:23:16,l2403,l2403,7708.0,0.0,0.0,0.0,1,7706.0,7715.0,3,7708.0,7678.0,0.0,0.0,0.0,0.0,68
2023-05-10 21:23:17,l2403,l2403,7708.0,0.0,0.0,0.0,1,7705.0,7714.0,3,7708.0,7678.0,0.0,0.0,0.0,0.0,68
2023-05-10 21:23:22,l2403,l2403,7708.0,0.0,0.0,0.0,2,7705.0,7714.0,3,7708.0,7678.0,0.0,0.0,0.0,0.0,68
2023-05-10 21:23:25,l2403,l2403,7708.0,0.0,0.0,0.0,1,7705.0,7714.0,3,7708.0,7678.0,0.0,0.0,0.0,0.0,68
2023-05-10 21:23:26,l2403,l2403,7708.0,0.0,0.0,0.0,1,7706.0,7714.0,3,7708.0,7678.0,0.0,0.0,0.0,0.0,68
2023-05-10 21:23:33,l2403,l2403,7708.0,0.0,0.0,0.0,1,7705.0,7714.0,3,7708.0,7678.0,0.0,0.0,0.0,0.0,68
2023-05-10 21:23:36,l2403,l2403,7708.0,0.0,0.0,0.0,2,7705.0,7714.0,3,7708.0,7678.0,0.0,0.0,0.0,0.0,68
2023-05-10 21:23:41,l2403,l2403,7708.0,0.0,0.0,0.0,1,7705.0,7714.0,3,7708.0,7678.0,0.0,0.0,0.0,0.0,68
2023-05-10 21:23:41,l2403,l2403,7708.0,0.0,0.0,0.0,1,7706.0,7714.0,3,7708.0,7678.0,0.0,0.0,0.0,0.0,68
2023-05-10 21:24:23,l2403,l2403,7708.0,0.0,0.0,0.0,1,7707.0,7714.0,3,7708.0,7678.0,0.0,0.0,0.0,0.0,68
2023-05-10 21:24:24,l2403,l2403,7708.0,0.0,0.0,0.0,1,7708.0,7714.0,3,7708.0,7678.0,0.0,0.0,0.0,0.0,68
2023-05-10 21:24:25,l2403,l2403,7708.0,0.0,0.0,0.0,1,7709.0,7714.0,3,7708.0,7678.0,0.0,0.0,0.0,0.0,68
2023-05-10 21:24:25,l2403,l2403,7708.0,0.0,0.0,0.0,1,7709.0,7723.0,1,7708.0,7678.0,0.0,0.0,0.0,0.0,68
2023-05-10 21:24:26,l2403,l2403,7708.0,0.0,0.0,0.0,1,7709.0,7722.0,5,7708.0,7678.0,0.0,0.0,0.0,0.0,68
2023-05-10 21:24:27,l2403,l2403,7708.0,0.0,0.0,0.0,2,7709.0,7722.0,5,7708.0,7678.0,0.0,0.0,0.0,0.0,68
2023-05-10 21:24:31,l2403,l2403,7708.0,0.0,0.0,0.0,2,7709.0,7722.0,6,7708.0,7678.0,0.0,0.0,0.0,0.0,68
2023-05-10 21:24:31,l2403,l2403,7708.0,0.0,0.0,0.0,2,7709.0,7722.0,7,7708.0,7678.0,0.0,0.0,0.0,0.0,68
2023-05-10 21:24:32,l2403,l2403,7708.0,0.0,0.0,0.0,2,7709.0,7722.0,22,7708.0,7678.0,0.0,0.0,0.0,0.0,68
2023-05-10 21:24:33,l2403,l2403,7708.0,0.0,0.0,0.0,2,7709.0,7721.0,3,7708.0,7678.0,0.0,0.0,0.0,0.0,68
2023-05-10 21:24:33,l2403,l2403,7708.0,0.0,0.0,0.0,2,7709.0,7719.0,1,7708.0,7678.0,0.0,0.0,0.0,0.0,68
2023-05-10 21:24:34,l2403,l2403,7708.0,0.0,0.0,0.0,2,7709.0,7719.0,2,7708.0,7678.0,0.0,0.0,0.0,0.0,68
2023-05-10 21:24:34,l2403,l2403,7708.0,0.0,0.0,0.0,2,7709.0,7718.0,3,7708.0,7678.0,0.0,0.0,0.0,0.0,68
2023-05-10 21:24:38,l2403,l2403,7708.0,0.0,0.0,0.0,1,7709.0,7718.0,4,7708.0,7678.0,0.0,0.0,0.0,0.0,68
2023-05-10 21:24:39,l2403,l2403,7708.0,0.0,0.0,0.0,1,7699.0,7718.0,5,7708.0,7678.0,0.0,0.0,0.0,0.0,68
2023-05-10 21:24:39,l2403,l2403,7708.0,0.0,0.0,0.0,1,7702.0,7717.0,1,7708.0,7678.0,0.0,0.0,0.0,0.0,68
2023-05-10 21:24:40,l2403,l2403,7708.0,0.0,0.0,0.0,1,7702.0,7716.0,2,7708.0,7678.0,0.0,0.0,0.0,0.0,68
2023-05-10 21:24:41,l2403,l2403,7708.0,0.0,0.0,0.0,1,7702.0,7716.0,3,7708.0,7678.0,0.0,0.0,0.0,0.0,68
2023-05-10 21:24:42,l2403,l2403,7708.0,0.0,0.0,0.0,1,7703.0,7716.0,3,7708.0,7678.0,0.0,0.0,0.0,0.0,68
2023-05-10 21:24:43,l2403,l2403,7708.0,0.0,0.0,0.0,1,7703.0,7716.0,5,7708.0,7678.0,0.0,0.0,0.0,0.0,68
2023-05-10 21:24:45,l2403,l2403,7708.0,0.0,0.0,0.0,1,7705.0,7716.0,5,7708.0,7678.0,0.0,0.0,0.0,0.0,68
2023-05-10 21:24:46,l2403,l2403,7708.0,0.0,0.0,0.0,1,7706.0,7716.0,5,7708.0,7678.0,0.0,0.0,0.0,0.0,68
2023-05-10 21:25:25,l2403,l2403,7708.0,0.0,0.0,0.0,1,7706.0,7716.0,6,7708.0,7678.0,0.0,0.0,0.0,0.0,68
2023-05-10 21:25:28,l2403,l2403,7708.0,0.0,0.0,0.0,1,7699.0,7716.0,6,7708.0,7678.0,0.0,0.0,0.0,0.0,68
2023-05-10 21:25:29,l2403,l2403,7708.0,0.0,0.0,0.0,1,7702.0,7716.0,6,7708.0,7678.0,0.0,0.0,0.0,0.0,68
2023-05-10 21:25:35,l2403,l2403,7708.0,0.0,0.0,0.0,1,7703.0,7716.0,6,7708.0,7678.0,0.0,0.0,0.0,0.0,68
2023-05-10 21:25:36,l2403,l2403,7708.0,0.0,0.0,0.0,1,7705.0,7716.0,6,7708.0,7678.0,0.0,0.0,0.0,0.0,68
2023-05-10 21:25:38,l2403,l2403,7708.0,0.0,0.0,0.0,1,7705.0,7716.0,5,7708.0,7678.0,0.0,0.0,0.0,0.0,68
2023-05-10 21:25:38,l2403,l2403,7708.0,0.0,0.0,0.0,1,7706.0,7716.0,6,7708.0,7678.0,0.0,0.0,0.0,0.0,68
2023-05-10 21:25:40,l2403,l2403,7708.0,0.0,0.0,0.0,1,7706.0,7716.0,5,7708.0,7678.0,0.0,0.0,0.0,0.0,68
2023-05-10 21:25:42,l2403,l2403,7708.0,0.0,0.0,0.0,1,7706.0,7716.0,6,7708.0,7678.0,0.0,0.0,0.0,0.0,68
2023-05-10 21:25:46,l2403,l2403,7708.0,0.0,0.0,0.0,1,7705.0,7715.0,1,7708.0,7678.0,0.0,0.0,0.0,0.0,68
2023-05-10 21:25:46,l2403,l2403,7708.0,0.0,0.0,0.0,1,7699.0,7715.0,1,7708.0,7678.0,0.0,0.0,0.0,0.0,68
2023-05-10 21:25:47,l2403,l2403,7708.0,0.0,0.0,0.0,1,7702.0,7714.0,3,7708.0,7678.0,0.0,0.0,0.0,0.0,68
2023-05-10 21:25:47,l2403,l2403,7708.0,0.0,0.0,0.0,1,7702.0,7713.0,1,7708.0,7678.0,0.0,0.0,0.0,0.0,68
2023-05-10 21:25:48,l2403,l2403,7708.0,0.0,0.0,0.0,1,7702.0,7714.0,5,7708.0,7678.0,0.0,0.0,0.0,0.0,68
2023-05-10 21:25:48,l2403,l2403,7708.0,0.0,0.0,0.0,1,7702.0,7714.0,6,7708.0,7678.0,0.0,0.0,0.0,0.0,68
2023-05-10 21:25:49,l2403,l2403,7708.0,0.0,0.0,0.0,1,7702.0,7713.0,1,7708.0,7678.0,0.0,0.0,0.0,0.0,68
2023-05-10 21:25:50,l2403,l2403,7708.0,0.0,0.0,0.0,1,7703.0,7713.0,1,7708.0,7678.0,0.0,0.0,0.0,0.0,68
2023-05-10 21:25:54,l2403,l2403,7708.0,0.0,0.0,0.0,1,7703.0,7723.0,1,7708.0,7678.0,0.0,0.0,0.0,0.0,68
2023-05-10 21:25:55,l2403,l2403,7708.0,0.0,0.0,0.0,1,7703.0,7712.0,1,7708.0,7678.0,0.0,0.0,0.0,0.0,68
2023-05-10 21:25:58,l2403,l2403,7708.0,0.0,0.0,0.0,1,7703.0,7711.0,2,7708.0,7678.0,0.0,0.0,0.0,0.0,68
2023-05-10 21:26:00,l2403,l2403,7708.0,0.0,0.0,0.0,1,7703.0,7710.0,1,7708.0,7678.0,0.0,0.0,0.0,0.0,68
2023-05-10 21:26:01,l2403,l2403,7708.0,0.0,0.0,0.0,1,7703.0,7709.0,2,7708.0,7678.0,0.0,0.0,0.0,0.0,68
2023-05-10 21:26:03,l2403,l2403,7708.0,0.0,0.0,0.0,1,7704.0,7716.0,1,7708.0,7678.0,0.0,0.0,0.0,0.0,68
2023-05-10 21:26:04,l2403,l2403,7708.0,0.0,0.0,0.0,1,7704.0,7714.0,2,7708.0,7678.0,0.0,0.0,0.0,0.0,68
2023-05-10 21:26:05,l2403,l2403,7708.0,0.0,0.0,0.0,1,7705.0,7714.0,2,7708.0,7678.0,0.0,0.0,0.0,0.0,68
2023-05-10 21:26:05,l2403,l2403,7708.0,0.0,0.0,0.0,1,7705.0,7713.0,3,7708.0,7678.0,0.0,0.0,0.0,0.0,68
2023-05-10 21:26:08,l2403,l2403,7708.0,0.0,0.0,0.0,1,7704.0,7713.0,3,7708.0,7678.0,0.0,0.0,0.0,0.0,68
2023-05-10 21:26:09,l2403,l2403,7708.0,0.0,0.0,0.0,2,7704.0,7713.0,3,7708.0,7678.0,0.0,0.0,0.0,0.0,68
2023-05-10 21:26:34,l2403,l2403,7708.0,0.0,0.0,0.0,1,7704.0,7713.0,3,7708.0,7678.0,0.0,0.0,0.0,0.0,68
2023-05-10 21:26:34,l2403,l2403,7708.0,0.0,0.0,0.0,1,7705.0,7713.0,3,7708.0,7678.0,0.0,0.0,0.0,0.0,68
2023-05-10 21:27:01,l2403,l2403,7708.0,0.0,0.0,0.0,1,7696.0,7713.0,3,7708.0,7678.0,0.0,0.0,0.0,0.0,68
2023-05-10 21:27:02,l2403,l2403,7708.0,0.0,0.0,0.0,1,7697.0,7713.0,3,7708.0,7678.0,0.0,0.0,0.0,0.0,68
2023-05-10 21:27:02,l2403,l2403,7708.0,0.0,0.0,0.0,1,7699.0,7713.0,3,7708.0,7678.0,0.0,0.0,0.0,0.0,68
2023-05-10 21:27:06,l2403,l2403,7708.0,0.0,0.0,0.0,1,7700.0,7713.0,3,7708.0,7678.0,0.0,0.0,0.0,0.0,68
2023-05-10 21:27:06,l2403,l2403,7708.0,0.0,0.0,0.0,1,7702.0,7713.0,3,7708.0,7678.0,0.0,0.0,0.0,0.0,68
2023-05-10 21:27:08,l2403,l2403,7708.0,0.0,0.0,0.0,1,7702.0,7713.0,4,7708.0,7678.0,0.0,0.0,0.0,0.0,68
2023-05-10 21:27:09,l2403,l2403,7708.0,0.0,0.0,0.0,1,7703.0,7713.0,4,7708.0,7678.0,0.0,0.0,0.0,0.0,68
2023-05-10 21:27:26,l2403,l2403,7708.0,0.0,0.0,0.0,1,7703.0,7712.0,1,7708.0,7678.0,0.0,0.0,0.0,0.0,68
2023-05-10 21:27:27,l2403,l2403,7708.0,0.0,0.0,0.0,1,7696.0,7711.0,3,7708.0,7678.0,0.0,0.0,0.0,0.0,68
2023-05-10 21:27:27,l2403,l2403,7708.0,0.0,0.0,0.0,1,7698.0,7711.0,3,7708.0,7678.0,0.0,0.0,0.0,0.0,68
2023-05-10 21:27:32,l2403,l2403,7708.0,0.0,0.0,0.0,1,7699.0,7711.0,3,7708.0,7678.0,0.0,0.0,0.0,0.0,68
2023-05-10 21:27:32,l2403,l2403,7708.0,0.0,0.0,0.0,1,7699.0,7711.0,4,7708.0,7678.0,0.0,0.0,0.0,0.0,68
2023-05-10 21:27:43,l2403,l2403,7708.0,0.0,0.0,0.0,1,7699.0,7711.0,3,7708.0,7678.0,0.0,0.0,0.0,0.0,68
2023-05-10 21:27:52,l2403,l2403,7708.0,0.0,0.0,0.0,1,7699.0,7711.0,4,7708.0,7678.0,0.0,0.0,0.0,0.0,68
2023-05-10 21:27:54,l2403,l2403,7708.0,0.0,0.0,0.0,1,7699.0,7711.0,3,7708.0,7678.0,0.0,0.0,0.0,0.0,68
2023-05-10 21:27:59,l2403,l2403,7708.0,0.0,0.0,0.0,1,7701.0,7711.0,3,7708.0,7678.0,0.0,0.0,0.0,0.0,68
2023-05-10 21:28:00,l2403,l2403,7708.0,0.0,0.0,0.0,1,7702.0,7711.0,3,7708.0,7678.0,0.0,0.0,0.0,0.0,68
2023-05-10 21:28:03,l2403,l2403,7708.0,0.0,0.0,0.0,1,7701.0,7711.0,3,7708.0,7678.0,0.0,0.0,0.0,0.0,68
2023-05-10 21:28:03,l2403,l2403,7708.0,0.0,0.0,0.0,2,7701.0,7711.0,3,7708.0,7678.0,0.0,0.0,0.0,0.0,68
2023-05-10 21:28:04,l2403,l2403,7708.0,0.0,0.0,0.0,2,7701.0,7711.0,4,7708.0,7678.0,0.0,0.0,0.0,0.0,68
2023-05-10 21:28:06,l2403,l2403,7708.0,0.0,0.0,0.0,1,7701.0,7711.0,4,7708.0,7678.0,0.0,0.0,0.0,0.0,68
2023-05-10 21:28:08,l2403,l2403,7708.0,0.0,0.0,0.0,1,7701.0,7711.0,3,7708.0,7678.0,0.0,0.0,0.0,0.0,68
2023-05-10 21:28:11,l2403,l2403,7708.0,0.0,0.0,0.0,1,7701.0,7711.0,4,7708.0,7678.0,0.0,0.0,0.0,0.0,68
2023-05-10 21:28:12,l2403,l2403,7708.0,0.0,0.0,0.0,1,7701.0,7711.0,3,7708.0,7678.0,0.0,0.0,0.0,0.0,68
2023-05-10 21:28:13,l2403,l2403,7708.0,0.0,0.0,0.0,1,7701.0,7711.0,4,7708.0,7678.0,0.0,0.0,0.0,0.0,68
2023-05-10 21:28:14,l2403,l2403,7708.0,0.0,0.0,0.0,1,7701.0,7711.0,3,7708.0,7678.0,0.0,0.0,0.0,0.0,68
2023-05-10 21:28:15,l2403,l2403,7708.0,0.0,0.0,0.0,2,7701.0,7711.0,3,7708.0,7678.0,0.0,0.0,0.0,0.0,68
2023-05-10 21:28:24,l2403,l2403,7708.0,0.0,0.0,0.0,2,7701.0,7711.0,4,7708.0,7678.0,0.0,0.0,0.0,0.0,68
2023-05-10 21:28:28,l2403,l2403,7708.0,0.0,0.0,0.0,2,7701.0,7711.0,3,7708.0,7678.0,0.0,0.0,0.0,0.0,68
2023-05-10 21:28:28,l2403,l2403,7708.0,0.0,0.0,0.0,2,7701.0,7711.0,4,7708.0,7678.0,0.0,0.0,0.0,0.0,68
2023-05-10 21:28:29,l2403,l2403,7708.0,0.0,0.0,0.0,1,7701.0,7711.0,4,7708.0,7678.0,0.0,0.0,0.0,0.0,68
2023-05-10 21:28:30,l2403,l2403,7708.0,0.0,0.0,0.0,1,7701.0,7711.0,3,7708.0,7678.0,0.0,0.0,0.0,0.0,68
2023-05-10 21:28:30,l2403,l2403,7708.0,0.0,0.0,0.0,2,7701.0,7711.0,3,7708.0,7678.0,0.0,0.0,0.0,0.0,68
2023-05-10 21:28:31,l2403,l2403,7708.0,0.0,0.0,0.0,2,7701.0,7711.0,4,7708.0,7678.0,0.0,0.0,0.0,0.0,68
2023-05-10 21:28:33,l2403,l2403,7708.0,0.0,0.0,0.0,2,7701.0,7710.0,1,7708.0,7678.0,0.0,0.0,0.0,0.0,68
2023-05-10 21:28:33,l2403,l2403,7708.0,0.0,0.0,0.0,1,7701.0,7710.0,1,7708.0,7678.0,0.0,0.0,0.0,0.0,68
2023-05-10 21:28:34,l2403,l2403,7708.0,0.0,0.0,0.0,1,7701.0,7709.0,2,7708.0,7678.0,0.0,0.0,0.0,0.0,68
2023-05-10 21:28:34,l2403,l2403,7708.0,0.0,0.0,0.0,1,7696.0,7709.0,2,7708.0,7678.0,0.0,0.0,0.0,0.0,68
2023-05-10 21:28:35,l2403,l2403,7708.0,0.0,0.0,0.0,1,7698.0,7708.0,1,7708.0,7678.0,0.0,0.0,0.0,0.0,68
2023-05-10 21:28:36,l2403,l2403,7708.0,0.0,0.0,0.0,1,7699.0,7708.0,1,7708.0,7678.0,0.0,0.0,0.0,0.0,68
2023-05-10 21:28:38,l2403,l2403,7708.0,0.0,0.0,0.0,1,7699.0,7708.0,3,7708.0,7678.0,0.0,0.0,0.0,0.0,68
2023-05-10 21:28:58,l2403,l2403,7708.0,0.0,0.0,0.0,1,7699.0,7708.0,1,7708.0,7678.0,0.0,0.0,0.0,0.0,68
2023-05-10 21:28:58,l2403,l2403,7708.0,0.0,0.0,0.0,1,7699.0,7707.0,2,7708.0,7678.0,0.0,0.0,0.0,0.0,68
2023-05-10 21:29:04,l2403,l2403,7708.0,0.0,0.0,0.0,1,7699.0,7706.0,1,7708.0,7678.0,0.0,0.0,0.0,0.0,68
2023-05-10 21:29:05,l2403,l2403,7708.0,0.0,0.0,0.0,1,7700.0,7706.0,3,7708.0,7678.0,0.0,0.0,0.0,0.0,68
2023-05-10 21:29:06,l2403,l2403,7708.0,0.0,0.0,0.0,1,7694.0,7706.0,3,7708.0,7678.0,0.0,0.0,0.0,0.0,68
2023-05-10 21:29:06,l2403,l2403,7708.0,0.0,0.0,0.0,1,7696.0,7706.0,3,7708.0,7678.0,0.0,0.0,0.0,0.0,68
2023-05-10 21:29:12,l2403,l2403,7708.0,0.0,0.0,0.0,1,7697.0,7706.0,3,7708.0,7678.0,0.0,0.0,0.0,0.0,68
2023-05-10 21:29:12,l2403,l2403,7708.0,0.0,0.0,0.0,1,7698.0,7706.0,3,7708.0,7678.0,0.0,0.0,0.0,0.0,68
2023-05-10 21:29:19,l2403,l2403,7708.0,0.0,0.0,0.0,2,7698.0,7706.0,3,7708.0,7678.0,0.0,0.0,0.0,0.0,68
2023-05-10 21:29:35,l2403,l2403,7708.0,0.0,0.0,0.0,2,7698.0,7706.0,1,7708.0,7678.0,0.0,0.0,0.0,0.0,68
2023-05-10 21:29:36,l2403,l2403,7708.0,0.0,0.0,0.0,1,7698.0,7705.0,2,7708.0,7678.0,0.0,0.0,0.0,0.0,68
2023-05-10 21:29:38,l2403,l2403,7708.0,0.0,0.0,0.0,1,7698.0,7705.0,3,7708.0,7678.0,0.0,0.0,0.0,0.0,68
2023-05-10 21:29:47,l2403,l2403,7708.0,0.0,0.0,0.0,1,7698.0,7705.0,2,7708.0,7678.0,0.0,0.0,0.0,0.0,68
2023-05-10 21:29:48,l2403,l2403,7708.0,0.0,0.0,0.0,1,7698.0,7704.0,1,7708.0,7678.0,0.0,0.0,0.0,0.0,68
2023-05-10 21:29:51,l2403,l2403,7708.0,0.0,0.0,0.0,1,7698.0,7704.0,3,7708.0,7678.0,0.0,0.0,0.0,0.0,68
2023-05-10 21:30:01,l2403,l2403,7708.0,0.0,0.0,0.0,1,7698.0,7704.0,1,7708.0,7678.0,0.0,0.0,0.0,0.0,68
2023-05-10 21:30:02,l2403,l2403,7708.0,0.0,0.0,0.0,1,7698.0,7703.0,2,7708.0,7678.0,0.0,0.0,0.0,0.0,68
2023-05-10 21:30:04,l2403,l2403,7708.0,0.0,0.0,0.0,1,7698.0,7716.0,1,7708.0,7678.0,0.0,0.0,0.0,0.0,68
2023-05-10 21:30:05,l2403,l2403,7708.0,0.0,0.0,0.0,1,7698.0,7709.0,2,7708.0,7678.0,0.0,0.0,0.0,0.0,68
2023-05-10 21:30:05,l2403,l2403,7708.0,0.0,0.0,0.0,1,7698.0,7708.0,3,7708.0,7678.0,0.0,0.0,0.0,0.0,68
2023-05-10 21:30:08,l2403,l2403,7708.0,0.0,0.0,0.0,1,7698.0,7707.0,1,7708.0,7678.0,0.0,0.0,0.0,0.0,68
2023-05-10 21:30:09,l2403,l2403,7708.0,0.0,0.0,0.0,1,7690.0,7707.0,2,7708.0,7678.0,0.0,0.0,0.0,0.0,68
2023-05-10 21:30:09,l2403,l2403,7708.0,0.0,0.0,0.0,1,7693.0,7707.0,2,7708.0,7678.0,0.0,0.0,0.0,0.0,68
2023-05-10 21:30:10,l2403,l2403,7708.0,0.0,0.0,0.0,1,7693.0,7706.0,2,7708.0,7678.0,0.0,0.0,0.0,0.0,68
2023-05-10 21:30:10,l2403,l2403,7708.0,0.0,0.0,0.0,1,7694.0,7706.0,2,7708.0,7678.0,0.0,0.0,0.0,0.0,68
2023-05-10 21:30:11,l2403,l2403,7708.0,0.0,0.0,0.0,1,7694.0,7706.0,3,7708.0,7678.0,0.0,0.0,0.0,0.0,68
2023-05-10 21:30:11,l2403,l2403,7708.0,0.0,0.0,0.0,1,7694.0,7705.0,1,7708.0,7678.0,0.0,0.0,0.0,0.0,68
2023-05-10 21:30:12,l2403,l2403,7708.0,0.0,0.0,0.0,1,7694.0,7704.0,1,7708.0,7678.0,0.0,0.0,0.0,0.0,68
2023-05-10 21:30:16,l2403,l2403,7708.0,0.0,0.0,0.0,1,7694.0,7703.0,2,7708.0,7678.0,0.0,0.0,0.0,0.0,68
2023-05-10 21:30:18,l2403,l2403,7708.0,0.0,0.0,0.0,1,7695.0,7703.0,2,7708.0,7678.0,0.0,0.0,0.0,0.0,68
2023-05-10 21:30:18,l2403,l2403,7708.0,0.0,0.0,0.0,1,7695.0,7716.0,1,7708.0,7678.0,0.0,0.0,0.0,0.0,68
2023-05-10 21:30:19,l2403,l2403,7708.0,0.0,0.0,0.0,1,7696.0,7709.0,2,7708.0,7678.0,0.0,0.0,0.0,0.0,68
2023-05-10 21:30:19,l2403,l2403,7708.0,0.0,0.0,0.0,1,7696.0,7708.0,4,7708.0,7678.0,0.0,0.0,0.0,0.0,68
2023-05-10 21:30:21,l2403,l2403,7708.0,0.0,0.0,0.0,1,7695.0,7708.0,4,7708.0,7678.0,0.0,0.0,0.0,0.0,68
2023-05-10 21:30:28,l2403,l2403,7708.0,0.0,0.0,0.0,1,7690.0,7708.0,7,7708.0,7678.0,0.0,0.0,0.0,0.0,68
2023-05-10 21:30:29,l2403,l2403,7708.0,0.0,0.0,0.0,1,7690.0,7708.0,8,7708.0,7678.0,0.0,0.0,0.0,0.0,68
2023-05-10 21:30:36,l2403,l2403,7708.0,0.0,0.0,0.0,1,7693.0,7708.0,8,7708.0,7678.0,0.0,0.0,0.0,0.0,68
2023-05-10 21:30:43,l2403,l2403,7708.0,0.0,0.0,0.0,1,7695.0,7708.0,8,7708.0,7678.0,0.0,0.0,0.0,0.0,68
2023-05-10 21:30:45,l2403,l2403,7708.0,0.0,0.0,0.0,1,7693.0,7708.0,8,7708.0,7678.0,0.0,0.0,0.0,0.0,68
2023-05-10 21:30:46,l2403,l2403,7708.0,0.0,0.0,0.0,1,7694.0,7708.0,8,7708.0,7678.0,0.0,0.0,0.0,0.0,68
2023-05-10 21:30:50,l2403,l2403,7708.0,0.0,0.0,0.0,1,7696.0,7708.0,7,7708.0,7678.0,0.0,0.0,0.0,0.0,68
2023-05-10 21:30:53,l2403,l2403,7708.0,0.0,0.0,0.0,2,7696.0,7708.0,7,7708.0,7678.0,0.0,0.0,0.0,0.0,68
2023-05-10 21:30:53,l2403,l2403,7708.0,0.0,0.0,0.0,2,7696.0,7708.0,4,7708.0,7678.0,0.0,0.0,0.0,0.0,68
2023-05-10 21:31:01,l2403,l2403,7708.0,0.0,0.0,0.0,1,7696.0,7708.0,4,7708.0,7678.0,0.0,0.0,0.0,0.0,68
2023-05-10 21:31:02,l2403,l2403,7708.0,0.0,0.0,0.0,1,7697.0,7708.0,4,7708.0,7678.0,0.0,0.0,0.0,0.0,68
2023-05-10 21:31:04,l2403,l2403,7708.0,0.0,0.0,0.0,1,7696.0,7708.0,4,7708.0,7678.0,0.0,0.0,0.0,0.0,68
2023-05-10 21:31:05,l2403,l2403,7708.0,0.0,0.0,0.0,2,7696.0,7708.0,4,7708.0,7678.0,0.0,0.0,0.0,0.0,68
2023-05-10 21:31:08,l2403,l2403,7708.0,0.0,0.0,0.0,1,7696.0,7708.0,4,7708.0,7678.0,0.0,0.0,0.0,0.0,68
2023-05-10 21:31:09,l2403,l2403,7708.0,0.0,0.0,0.0,2,7696.0,7708.0,4,7708.0,7678.0,0.0,0.0,0.0,0.0,68
2023-05-10 21:31:11,l2403,l2403,7708.0,0.0,0.0,0.0,1,7696.0,7708.0,4,7708.0,7678.0,0.0,0.0,0.0,0.0,68
2023-05-10 21:31:13,l2403,l2403,7708.0,0.0,0.0,0.0,1,7697.0,7708.0,4,7708.0,7678.0,0.0,0.0,0.0,0.0,68
2023-05-10 21:31:13,l2403,l2403,7708.0,0.0,0.0,0.0,1,7697.0,7708.0,3,7708.0,7678.0,0.0,0.0,0.0,0.0,68
2023-05-10 21:31:15,l2403,l2403,7708.0,0.0,0.0,0.0,1,7697.0,7708.0,4,7708.0,7678.0,0.0,0.0,0.0,0.0,68
2023-05-10 21:31:16,l2403,l2403,7708.0,0.0,0.0,0.0,1,7697.0,7708.0,3,7708.0,7678.0,0.0,0.0,0.0,0.0,68
2023-05-10 21:31:17,l2403,l2403,7708.0,0.0,0.0,0.0,1,7697.0,7708.0,4,7708.0,7678.0,0.0,0.0,0.0,0.0,68
2023-05-10 21:31:25,l2403,l2403,7708.0,0.0,0.0,0.0,1,7697.0,7708.0,3,7708.0,7678.0,0.0,0.0,0.0,0.0,68
2023-05-10 21:31:26,l2403,l2403,7708.0,0.0,0.0,0.0,1,7697.0,7708.0,4,7708.0,7678.0,0.0,0.0,0.0,0.0,68
2023-05-10 21:31:31,l2403,l2403,7708.0,0.0,0.0,0.0,1,7697.0,7708.0,3,7708.0,7678.0,0.0,0.0,0.0,0.0,68
2023-05-10 21:31:32,l2403,l2403,7708.0,0.0,0.0,0.0,1,7697.0,7708.0,4,7708.0,7678.0,0.0,0.0,0.0,0.0,68
2023-05-10 21:31:32,l2403,l2403,7708.0,0.0,0.0,0.0,1,7697.0,7708.0,3,7708.0,7678.0,0.0,0.0,0.0,0.0,68
2023-05-10 21:31:37,l2403,l2403,7708.0,0.0,0.0,0.0,1,7697.0,7708.0,4,7708.0,7678.0,0.0,0.0,0.0,0.0,68
2023-05-10 21:31:41,l2403,l2403,7708.0,0.0,0.0,0.0,1,7697.0,7707.0,1,7708.0,7678.0,0.0,0.0,0.0,0.0,68
2023-05-10 21:31:42,l2403,l2403,7708.0,0.0,0.0,0.0,1,7697.0,7706.0,3,7708.0,7678.0,0.0,0.0,0.0,0.0,68
2023-05-10 21:31:48,l2403,l2403,7708.0,0.0,0.0,0.0,1,7697.0,7706.0,4,7708.0,7678.0,0.0,0.0,0.0,0.0,68
2023-05-10 21:31:49,l2403,l2403,7708.0,0.0,0.0,0.0,1,7690.0,7706.0,4,7708.0,7678.0,0.0,0.0,0.0,0.0,68
2023-05-10 21:31:50,l2403,l2403,7708.0,0.0,0.0,0.0,1,7693.0,7706.0,4,7708.0,7678.0,0.0,0.0,0.0,0.0,68
2023-05-10 21:31:51,l2403,l2403,7708.0,0.0,0.0,0.0,1,7693.0,7706.0,3,7708.0,7678.0,0.0,0.0,0.0,0.0,68
2023-05-10 21:31:53,l2403,l2403,7708.0,0.0,0.0,0.0,1,7694.0,7706.0,3,7708.0,7678.0,0.0,0.0,0.0,0.0,68
2023-05-10 21:31:53,l2403,l2403,7708.0,0.0,0.0,0.0,1,7696.0,7706.0,3,7708.0,7678.0,0.0,0.0,0.0,0.0,68
2023-05-10 21:31:54,l2403,l2403,7708.0,0.0,0.0,0.0,1,7696.0,7706.0,4,7708.0,7678.0,0.0,0.0,0.0,0.0,68
2023-05-10 21:31:56,l2403,l2403,7708.0,0.0,0.0,0.0,2,7696.0,7706.0,4,7708.0,7678.0,0.0,0.0,0.0,0.0,68
2023-05-10 21:31:57,l2403,l2403,7708.0,0.0,0.0,0.0,2,7696.0,7706.0,3,7708.0,7678.0,0.0,0.0,0.0,0.0,68
2023-05-10 21:32:05,l2403,l2403,7708.0,0.0,0.0,0.0,1,7696.0,7706.0,3,7708.0,7678.0,0.0,0.0,0.0,0.0,68
2023-05-10 21:32:05,l2403,l2403,7708.0,0.0,0.0,0.0,1,7697.0,7706.0,3,7708.0,7678.0,0.0,0.0,0.0,0.0,68
2023-05-10 21:32:09,l2403,l2403,7708.0,0.0,0.0,0.0,1,7697.0,7706.0,4,7708.0,7678.0,0.0,0.0,0.0,0.0,68
2023-05-10 21:32:09,l2403,l2403,7708.0,0.0,0.0,0.0,1,7696.0,7706.0,4,7708.0,7678.0,0.0,0.0,0.0,0.0,68
2023-05-10 21:32:10,l2403,l2403,7708.0,0.0,0.0,0.0,2,7696.0,7706.0,4,7708.0,7678.0,0.0,0.0,0.0,0.0,68
2023-05-10 21:32:11,l2403,l2403,7708.0,0.0,0.0,0.0,2,7696.0,7706.0,3,7708.0,7678.0,0.0,0.0,0.0,0.0,68
2023-05-10 21:32:27,l2403,l2403,7708.0,0.0,0.0,0.0,1,7696.0,7706.0,3,7708.0,7678.0,0.0,0.0,0.0,0.0,68
2023-05-10 21:32:27,l2403,l2403,7708.0,0.0,0.0,0.0,1,7697.0,7706.0,3,7708.0,7678.0,0.0,0.0,0.0,0.0,68
2023-05-10 21:32:30,l2403,l2403,7708.0,0.0,0.0,0.0,1,7696.0,7706.0,3,7708.0,7678.0,0.0,0.0,0.0,0.0,68
2023-05-10 21:32:31,l2403,l2403,7708.0,0.0,0.0,0.0,2,7696.0,7706.0,3,7708.0,7678.0,0.0,0.0,0.0,0.0,68
2023-05-10 21:32:38,l2403,l2403,7708.0,0.0,0.0,0.0,1,7696.0,7706.0,3,7708.0,7678.0,0.0,0.0,0.0,0.0,68
2023-05-10 21:32:38,l2403,l2403,7708.0,0.0,0.0,0.0,1,7697.0,7706.0,3,7708.0,7678.0,0.0,0.0,0.0,0.0,68
2023-05-10 21:32:50,l2403,l2403,7708.0,0.0,0.0,0.0,1,7697.0,7706.0,4,7708.0,7678.0,0.0,0.0,0.0,0.0,68
2023-05-10 21:32:50,l2403,l2403,7708.0,0.0,0.0,0.0,1,7690.0,7706.0,4,7708.0,7678.0,0.0,0.0,0.0,0.0,68
2023-05-10 21:32:51,l2403,l2403,7708.0,0.0,0.0,0.0,1,7693.0,7706.0,4,7708.0,7678.0,0.0,0.0,0.0,0.0,68
2023-05-10 21:32:52,l2403,l2403,7708.0,0.0,0.0,0.0,1,7693.0,7705.0,1,7708.0,7678.0,0.0,0.0,0.0,0.0,68
2023-05-10 21:32:53,l2403,l2403,7708.0,0.0,0.0,0.0,1,7693.0,7704.0,3,7708.0,7678.0,0.0,0.0,0.0,0.0,68
2023-05-10 21:32:54,l2403,l2403,7708.0,0.0,0.0,0.0,1,7693.0,7704.0,4,7708.0,7678.0,0.0,0.0,0.0,0.0,68
2023-05-10 21:32:56,l2403,l2403,7708.0,0.0,0.0,0.0,1,7693.0,7703.0,1,7708.0,7678.0,0.0,0.0,0.0,0.0,68
2023-05-10 21:32:57,l2403,l2403,7708.0,0.0,0.0,0.0,1,7693.0,7702.0,3,7708.0,7678.0,0.0,0.0,0.0,0.0,68
2023-05-10 21:32:59,l2403,l2403,7708.0,0.0,0.0,0.0,1,7693.0,7702.0,4,7708.0,7678.0,0.0,0.0,0.0,0.0,68
2023-05-10 21:32:59,l2403,l2403,7708.0,0.0,0.0,0.0,1,7687.0,7702.0,4,7708.0,7678.0,0.0,0.0,0.0,0.0,68
2023-05-10 21:33:00,l2403,l2403,7708.0,0.0,0.0,0.0,1,7689.0,7702.0,4,7708.0,7678.0,0.0,0.0,0.0,0.0,68
2023-05-10 21:33:00,l2403,l2403,7708.0,0.0,0.0,0.0,1,7689.0,7702.0,3,7708.0,7678.0,0.0,0.0,0.0,0.0,68
2023-05-10 21:33:03,l2403,l2403,7708.0,0.0,0.0,0.0,1,7690.0,7702.0,3,7708.0,7678.0,0.0,0.0,0.0,0.0,68
2023-05-10 21:33:06,l2403,l2403,7708.0,0.0,0.0,0.0,1,7690.0,7702.0,4,7708.0,7678.0,0.0,0.0,0.0,0.0,68
2023-05-10 21:33:09,l2403,l2403,7708.0,0.0,0.0,0.0,1,7690.0,7702.0,3,7708.0,7678.0,0.0,0.0,0.0,0.0,68
2023-05-10 21:33:10,l2403,l2403,7708.0,0.0,0.0,0.0,1,7690.0,7702.0,4,7708.0,7678.0,0.0,0.0,0.0,0.0,68
2023-05-10 21:33:11,l2403,l2403,7708.0,0.0,0.0,0.0,1,7690.0,7702.0,3,7708.0,7678.0,0.0,0.0,0.0,0.0,68
2023-05-10 21:33:12,l2403,l2403,7708.0,0.0,0.0,0.0,1,7690.0,7702.0,4,7708.0,7678.0,0.0,0.0,0.0,0.0,68
2023-05-10 21:33:14,l2403,l2403,7708.0,0.0,0.0,0.0,1,7689.0,7702.0,4,7708.0,7678.0,0.0,0.0,0.0,0.0,68
2023-05-10 21:33:14,l2403,l2403,7708.0,0.0,0.0,0.0,1,7690.0,7702.0,4,7708.0,7678.0,0.0,0.0,0.0,0.0,68
2023-05-10 21:33:16,l2403,l2403,7708.0,0.0,0.0,0.0,1,7690.0,7701.0,1,7708.0,7678.0,0.0,0.0,0.0,0.0,68
2023-05-10 21:33:17,l2403,l2403,7708.0,0.0,0.0,0.0,1,7690.0,7700.0,3,7708.0,7678.0,0.0,0.0,0.0,0.0,68
2023-05-10 21:33:18,l2403,l2403,7708.0,0.0,0.0,0.0,1,7690.0,7700.0,4,7708.0,7678.0,0.0,0.0,0.0,0.0,68
2023-05-10 21:33:21,l2403,l2403,7708.0,0.0,0.0,0.0,1,7690.0,7700.0,3,7708.0,7678.0,0.0,0.0,0.0,0.0,68
2023-05-10 21:33:27,l2403,l2403,7708.0,0.0,0.0,0.0,1,7691.0,7700.0,3,7708.0,7678.0,0.0,0.0,0.0,0.0,68
2023-05-10 21:33:28,l2403,l2403,7708.0,0.0,0.0,0.0,1,7692.0,7700.0,3,7708.0,7678.0,0.0,0.0,0.0,0.0,68
2023-05-10 21:33:36,l2403,l2403,7708.0,0.0,0.0,0.0,1,7692.0,7716.0,1,7708.0,7678.0,0.0,0.0,0.0,0.0,68
2023-05-10 21:33:36,l2403,l2403,7708.0,0.0,0.0,0.0,1,7692.0,7711.0,1,7708.0,7678.0,0.0,0.0,0.0,0.0,68
2023-05-10 21:33:37,l2403,l2403,7708.0,0.0,0.0,0.0,1,7692.0,7710.0,2,7708.0,7678.0,0.0,0.0,0.0,0.0,68
2023-05-10 21:33:37,l2403,l2403,7708.0,0.0,0.0,0.0,1,7692.0,7710.0,27,7708.0,7678.0,0.0,0.0,0.0,0.0,68
2023-05-10 21:33:42,l2403,l2403,7708.0,0.0,0.0,0.0,1,7692.0,7709.0,2,7708.0,7678.0,0.0,0.0,0.0,0.0,68
2023-05-10 21:33:43,l2403,l2403,7708.0,0.0,0.0,0.0,1,7692.0,7708.0,2,7708.0,7678.0,0.0,0.0,0.0,0.0,68
2023-05-10 21:33:45,l2403,l2403,7708.0,0.0,0.0,0.0,1,7683.0,7708.0,2,7708.0,7678.0,0.0,0.0,0.0,0.0,68
2023-05-10 21:33:46,l2403,l2403,7708.0,0.0,0.0,0.0,1,7687.0,7708.0,2,7708.0,7678.0,0.0,0.0,0.0,0.0,68
2023-05-10 21:33:46,l2403,l2403,7708.0,0.0,0.0,0.0,1,7687.0,7707.0,3,7708.0,7678.0,0.0,0.0,0.0,0.0,68
2023-05-10 21:33:47,l2403,l2403,7708.0,0.0,0.0,0.0,1,7687.0,7706.0,1,7708.0,7678.0,0.0,0.0,0.0,0.0,68
2023-05-10 21:33:48,l2403,l2403,7708.0,0.0,0.0,0.0,1,7687.0,7706.0,2,7708.0,7678.0,0.0,0.0,0.0,0.0,68
2023-05-10 21:33:49,l2403,l2403,7708.0,0.0,0.0,0.0,1,7688.0,7706.0,1,7708.0,7678.0,0.0,0.0,0.0,0.0,68
2023-05-10 21:33:49,l2403,l2403,7708.0,0.0,0.0,0.0,1,7691.0,7705.0,3,7708.0,7678.0,0.0,0.0,0.0,0.0,68
2023-05-10 21:33:50,l2403,l2403,7708.0,0.0,0.0,0.0,1,7691.0,7704.0,1,7708.0,7678.0,0.0,0.0,0.0,0.0,68
2023-05-10 21:33:52,l2403,l2403,7708.0,0.0,0.0,0.0,1,7691.0,7703.0,3,7708.0,7678.0,0.0,0.0,0.0,0.0,68
2023-05-10 21:33:53,l2403,l2403,7708.0,0.0,0.0,0.0,1,7692.0,7703.0,4,7708.0,7678.0,0.0,0.0,0.0,0.0,68
2023-05-10 21:33:54,l2403,l2403,7708.0,0.0,0.0,0.0,1,7692.0,7702.0,1,7708.0,7678.0,0.0,0.0,0.0,0.0,68
2023-05-10 21:33:55,l2403,l2403,7708.0,0.0,0.0,0.0,1,7691.0,7701.0,3,7708.0,7678.0,0.0,0.0,0.0,0.0,68
2023-05-10 21:33:56,l2403,l2403,7708.0,0.0,0.0,0.0,2,7691.0,7701.0,3,7708.0,7678.0,0.0,0.0,0.0,0.0,68
2023-05-10 21:34:06,l2403,l2403,7708.0,0.0,0.0,0.0,1,7691.0,7701.0,3,7708.0,7678.0,0.0,0.0,0.0,0.0,68
2023-05-10 21:34:06,l2403,l2403,7708.0,0.0,0.0,0.0,1,7692.0,7701.0,3,7708.0,7678.0,0.0,0.0,0.0,0.0,68
2023-05-10 21:34:14,l2403,l2403,7708.0,0.0,0.0,0.0,1,7691.0,7701.0,3,7708.0,7678.0,0.0,0.0,0.0,0.0,68
2023-05-10 21:34:15,l2403,l2403,7708.0,0.0,0.0,0.0,2,7691.0,7701.0,3,7708.0,7678.0,0.0,0.0,0.0,0.0,68
2023-05-10 21:34:31,l2403,l2403,7708.0,0.0,0.0,0.0,2,7691.0,7701.0,4,7708.0,7678.0,0.0,0.0,0.0,0.0,68
2023-05-10 21:34:33,l2403,l2403,7708.0,0.0,0.0,0.0,2,7691.0,7700.0,1,7708.0,7678.0,0.0,0.0,0.0,0.0,68
2023-05-10 21:34:33,l2403,l2403,7708.0,0.0,0.0,0.0,1,7691.0,7711.0,1,7708.0,7678.0,0.0,0.0,0.0,0.0,68
2023-05-10 21:34:34,l2403,l2403,7708.0,0.0,0.0,0.0,1,7691.0,7705.0,2,7708.0,7678.0,0.0,0.0,0.0,0.0,68
2023-05-10 21:34:34,l2403,l2403,7708.0,0.0,0.0,0.0,1,7691.0,7704.0,1,7708.0,7678.0,0.0,0.0,0.0,0.0,68
2023-05-10 21:34:37,l2403,l2403,7708.0,0.0,0.0,0.0,2,7691.0,7704.0,1,7708.0,7678.0,0.0,0.0,0.0,0.0,68
2023-05-10 21:34:37,l2403,l2403,7708.0,0.0,0.0,0.0,2,7691.0,7703.0,3,7708.0,7678.0,0.0,0.0,0.0,0.0,68
2023-05-10 21:34:38,l2403,l2403,7708.0,0.0,0.0,0.0,2,7691.0,7702.0,1,7708.0,7678.0,0.0,0.0,0.0,0.0,68
2023-05-10 21:34:40,l2403,l2403,7708.0,0.0,0.0,0.0,2,7691.0,7701.0,3,7708.0,7678.0,0.0,0.0,0.0,0.0,68
2023-05-10 21:34:42,l2403,l2403,7708.0,0.0,0.0,0.0,2,7691.0,7701.0,4,7708.0,7678.0,0.0,0.0,0.0,0.0,68
2023-05-10 21:34:44,l2403,l2403,7708.0,0.0,0.0,0.0,1,7691.0,7701.0,4,7708.0,7678.0,0.0,0.0,0.0,0.0,68
2023-05-10 21:34:56,l2403,l2403,7708.0,0.0,0.0,0.0,1,7691.0,7700.0,1,7708.0,7678.0,0.0,0.0,0.0,0.0,68
2023-05-10 21:34:57,l2403,l2403,7708.0,0.0,0.0,0.0,1,7691.0,7699.0,2,7708.0,7678.0,0.0,0.0,0.0,0.0,68
2023-05-10 21:34:57,l2403,l2403,7708.0,0.0,0.0,0.0,1,7691.0,7699.0,3,7708.0,7678.0,0.0,0.0,0.0,0.0,68
2023-05-10 21:35:04,l2403,l2403,7708.0,0.0,0.0,0.0,2,7691.0,7699.0,3,7708.0,7678.0,0.0,0.0,0.0,0.0,68
2023-05-10 21:35:07,l2403,l2403,7708.0,0.0,0.0,0.0,1,7691.0,7699.0,3,7708.0,7678.0,0.0,0.0,0.0,0.0,68
2023-05-10 21:35:07,l2403,l2403,7708.0,0.0,0.0,0.0,1,7692.0,7711.0,1,7708.0,7678.0,0.0,0.0,0.0,0.0,68
2023-05-10 21:35:08,l2403,l2403,7708.0,0.0,0.0,0.0,1,7692.0,7710.0,5,7708.0,7678.0,0.0,0.0,0.0,0.0,68
2023-05-10 21:35:08,l2403,l2403,7708.0,0.0,0.0,0.0,1,7692.0,7710.0,27,7708.0,7678.0,0.0,0.0,0.0,0.0,68
2023-05-10 21:35:09,l2403,l2403,7708.0,0.0,0.0,0.0,1,7692.0,7709.0,1,7708.0,7678.0,0.0,0.0,0.0,0.0,68
2023-05-10 21:35:09,l2403,l2403,7708.0,0.0,0.0,0.0,1,7692.0,7708.0,2,7708.0,7678.0,0.0,0.0,0.0,0.0,68
2023-05-10 21:35:10,l2403,l2403,7708.0,0.0,0.0,0.0,1,7692.0,7708.0,4,7708.0,7678.0,0.0,0.0,0.0,0.0,68
2023-05-10 21:35:12,l2403,l2403,7708.0,0.0,0.0,0.0,1,7692.0,7707.0,3,7708.0,7678.0,0.0,0.0,0.0,0.0,68
2023-05-10 21:35:12,l2403,l2403,7708.0,0.0,0.0,0.0,1,7692.0,7706.0,1,7708.0,7678.0,0.0,0.0,0.0,0.0,68
2023-05-10 21:35:19,l2403,l2403,7708.0,0.0,0.0,0.0,1,7692.0,7705.0,3,7708.0,7678.0,0.0,0.0,0.0,0.0,68
2023-05-10 21:35:19,l2403,l2403,7708.0,0.0,0.0,0.0,1,7692.0,7704.0,1,7708.0,7678.0,0.0,0.0,0.0,0.0,68
2023-05-10 21:35:20,l2403,l2403,7708.0,0.0,0.0,0.0,1,7683.0,7704.0,1,7708.0,7678.0,0.0,0.0,0.0,0.0,68
2023-05-10 21:35:21,l2403,l2403,7708.0,0.0,0.0,0.0,1,7687.0,7704.0,1,7708.0,7678.0,0.0,0.0,0.0,0.0,68
2023-05-10 21:35:22,l2403,l2403,7708.0,0.0,0.0,0.0,1,7687.0,7703.0,3,7708.0,7678.0,0.0,0.0,0.0,0.0,68
2023-05-10 21:35:22,l2403,l2403,7708.0,0.0,0.0,0.0,1,7687.0,7702.0,1,7708.0,7678.0,0.0,0.0,0.0,0.0,68
2023-05-10 21:35:24,l2403,l2403,7708.0,0.0,0.0,0.0,1,7688.0,7702.0,1,7708.0,7678.0,0.0,0.0,0.0,0.0,68
2023-05-10 21:35:24,l2403,l2403,7708.0,0.0,0.0,0.0,1,7690.0,7702.0,1,7708.0,7678.0,0.0,0.0,0.0,0.0,68
2023-05-10 21:35:27,l2403,l2403,7708.0,0.0,0.0,0.0,1,7691.0,7702.0,1,7708.0,7678.0,0.0,0.0,0.0,0.0,68
2023-05-10 21:35:28,l2403,l2403,7708.0,0.0,0.0,0.0,1,7691.0,7701.0,3,7708.0,7678.0,0.0,0.0,0.0,0.0,68
2023-05-10 21:35:28,l2403,l2403,7708.0,0.0,0.0,0.0,1,7691.0,7701.0,4,7708.0,7678.0,0.0,0.0,0.0,0.0,68
2023-05-10 21:35:29,l2403,l2403,7708.0,0.0,0.0,0.0,1,7691.0,7701.0,3,7708.0,7678.0,0.0,0.0,0.0,0.0,68
2023-05-10 21:35:29,l2403,l2403,7708.0,0.0,0.0,0.0,1,7691.0,7701.0,4,7708.0,7678.0,0.0,0.0,0.0,0.0,68
2023-05-10 21:35:34,l2403,l2403,7708.0,0.0,0.0,0.0,1,7690.0,7701.0,4,7708.0,7678.0,0.0,0.0,0.0,0.0,68
2023-05-10 21:35:35,l2403,l2403,7708.0,0.0,0.0,0.0,1,7691.0,7701.0,4,7708.0,7678.0,0.0,0.0,0.0,0.0,68
2023-05-10 21:35:38,l2403,l2403,7708.0,0.0,0.0,0.0,1,7691.0,7701.0,3,7708.0,7678.0,0.0,0.0,0.0,0.0,68
2023-05-10 21:35:53,l2403,l2403,7708.0,0.0,0.0,0.0,1,7691.0,7701.0,4,7708.0,7678.0,0.0,0.0,0.0,0.0,68
2023-05-10 21:35:54,l2403,l2403,7708.0,0.0,0.0,0.0,1,7691.0,7701.0,3,7708.0,7678.0,0.0,0.0,0.0,0.0,68
2023-05-10 21:35:55,l2403,l2403,7708.0,0.0,0.0,0.0,1,7691.0,7701.0,4,7708.0,7678.0,0.0,0.0,0.0,0.0,68
2023-05-10 21:35:58,l2403,l2403,7708.0,0.0,0.0,0.0,1,7691.0,7700.0,1,7708.0,7678.0,0.0,0.0,0.0,0.0,68
2023-05-10 21:35:59,l2403,l2403,7708.0,0.0,0.0,0.0,1,7691.0,7711.0,1,7708.0,7678.0,0.0,0.0,0.0,0.0,68
2023-05-10 21:35:59,l2403,l2403,7708.0,0.0,0.0,0.0,1,7691.0,7704.0,2,7708.0,7678.0,0.0,0.0,0.0,0.0,68
2023-05-10 21:36:00,l2403,l2403,7708.0,0.0,0.0,0.0,1,7691.0,7703.0,1,7708.0,7678.0,0.0,0.0,0.0,0.0,68
2023-05-10 21:36:02,l2403,l2403,7708.0,0.0,0.0,0.0,1,7691.0,7702.0,3,7708.0,7678.0,0.0,0.0,0.0,0.0,68
2023-05-10 21:36:03,l2403,l2403,7708.0,0.0,0.0,0.0,1,7691.0,7701.0,1,7708.0,7678.0,0.0,0.0,0.0,0.0,68
2023-05-10 21:36:06,l2403,l2403,7708.0,0.0,0.0,0.0,1,7691.0,7700.0,3,7708.0,7678.0,0.0,0.0,0.0,0.0,68
2023-05-10 21:36:07,l2403,l2403,7708.0,0.0,0.0,0.0,1,7691.0,7700.0,4,7708.0,7678.0,0.0,0.0,0.0,0.0,68
2023-05-10 21:36:07,l2403,l2403,7708.0,0.0,0.0,0.0,1,7683.0,7700.0,4,7708.0,7678.0,0.0,0.0,0.0,0.0,68
2023-05-10 21:36:08,l2403,l2403,7708.0,0.0,0.0,0.0,1,7686.0,7700.0,4,7708.0,7678.0,0.0,0.0,0.0,0.0,68
2023-05-10 21:36:11,l2403,l2403,7708.0,0.0,0.0,0.0,1,7687.0,7700.0,4,7708.0,7678.0,0.0,0.0,0.0,0.0,68
2023-05-10 21:36:12,l2403,l2403,7708.0,0.0,0.0,0.0,1,7687.0,7699.0,1,7708.0,7678.0,0.0,0.0,0.0,0.0,68
2023-05-10 21:36:12,l2403,l2403,7708.0,0.0,0.0,0.0,1,7687.0,7711.0,1,7708.0,7678.0,0.0,0.0,0.0,0.0,68
2023-05-10 21:36:13,l2403,l2403,7708.0,0.0,0.0,0.0,1,7687.0,7698.0,1,7708.0,7678.0,0.0,0.0,0.0,0.0,68
2023-05-10 21:36:15,l2403,l2403,7708.0,0.0,0.0,0.0,1,7689.0,7698.0,1,7708.0,7678.0,0.0,0.0,0.0,0.0,68
2023-05-10 21:36:16,l2403,l2403,7708.0,0.0,0.0,0.0,1,7689.0,7697.0,2,7708.0,7678.0,0.0,0.0,0.0,0.0,68
2023-05-10 21:36:20,l2403,l2403,7708.0,0.0,0.0,0.0,1,7690.0,7707.0,1,7708.0,7678.0,0.0,0.0,0.0,0.0,68
2023-05-10 21:36:21,l2403,l2403,7708.0,0.0,0.0,0.0,1,7690.0,7703.0,4,7708.0,7678.0,0.0,0.0,0.0,0.0,68
2023-05-10 21:36:21,l2403,l2403,7708.0,0.0,0.0,0.0,1,7690.0,7702.0,1,7708.0,7678.0,0.0,0.0,0.0,0.0,68
2023-05-10 21:36:26,l2403,l2403,7708.0,0.0,0.0,0.0,1,7690.0,7701.0,3,7708.0,7678.0,0.0,0.0,0.0,0.0,68
2023-05-10 21:36:27,l2403,l2403,7708.0,0.0,0.0,0.0,1,7690.0,7701.0,4,7708.0,7678.0,0.0,0.0,0.0,0.0,68
2023-05-10 21:36:28,l2403,l2403,7708.0,0.0,0.0,0.0,1,7690.0,7701.0,3,7708.0,7678.0,0.0,0.0,0.0,0.0,68
2023-05-10 21:36:31,l2403,l2403,7708.0,0.0,0.0,0.0,1,7690.0,7701.0,4,7708.0,7678.0,0.0,0.0,0.0,0.0,68
2023-05-10 21:36:33,l2403,l2403,7708.0,0.0,0.0,0.0,1,7692.0,7701.0,3,7708.0,7678.0,0.0,0.0,0.0,0.0,68
2023-05-10 21:36:38,l2403,l2403,7708.0,0.0,0.0,0.0,1,7692.0,7701.0,4,7708.0,7678.0,0.0,0.0,0.0,0.0,68
2023-05-10 21:36:40,l2403,l2403,7708.0,0.0,0.0,0.0,1,7692.0,7701.0,3,7708.0,7678.0,0.0,0.0,0.0,0.0,68
2023-05-10 21:36:41,l2403,l2403,7708.0,0.0,0.0,0.0,1,7692.0,7701.0,4,7708.0,7678.0,0.0,0.0,0.0,0.0,68
2023-05-10 21:36:46,l2403,l2403,7708.0,0.0,0.0,0.0,1,7692.0,7701.0,3,7708.0,7678.0,0.0,0.0,0.0,0.0,68
2023-05-10 21:37:01,l2403,l2403,7708.0,0.0,0.0,0.0,1,7692.0,7701.0,4,7708.0,7678.0,0.0,0.0,0.0,0.0,68
2023-05-10 21:37:07,l2403,l2403,7708.0,0.0,0.0,0.0,1,7683.0,7700.0,1,7708.0,7678.0,0.0,0.0,0.0,0.0,68
2023-05-10 21:37:07,l2403,l2403,7708.0,0.0,0.0,0.0,1,7686.0,7700.0,1,7708.0,7678.0,0.0,0.0,0.0,0.0,68
2023-05-10 21:37:08,l2403,l2403,7708.0,0.0,0.0,0.0,1,7686.0,7699.0,3,7708.0,7678.0,0.0,0.0,0.0,0.0,68
2023-05-10 21:37:11,l2403,l2403,7708.0,0.0,0.0,0.0,1,7687.0,7699.0,3,7708.0,7678.0,0.0,0.0,0.0,0.0,68
2023-05-10 21:37:11,l2403,l2403,7708.0,0.0,0.0,0.0,1,7689.0,7699.0,3,7708.0,7678.0,0.0,0.0,0.0,0.0,68
2023-05-10 21:37:14,l2403,l2403,7708.0,0.0,0.0,0.0,1,7690.0,7699.0,3,7708.0,7678.0,0.0,0.0,0.0,0.0,68
2023-05-10 21:37:18,l2403,l2403,7708.0,0.0,0.0,0.0,1,7691.0,7699.0,3,7708.0,7678.0,0.0,0.0,0.0,0.0,68
2023-05-10 21:37:19,l2403,l2403,7708.0,0.0,0.0,0.0,1,7692.0,7699.0,3,7708.0,7678.0,0.0,0.0,0.0,0.0,68
2023-05-10 21:37:47,l2403,l2403,7708.0,0.0,0.0,0.0,1,7683.0,7699.0,3,7708.0,7678.0,0.0,0.0,0.0,0.0,68
2023-05-10 21:37:48,l2403,l2403,7708.0,0.0,0.0,0.0,1,7684.0,7699.0,3,7708.0,7678.0,0.0,0.0,0.0,0.0,68
2023-05-10 21:37:48,l2403,l2403,7708.0,0.0,0.0,0.0,1,7684.0,7699.0,4,7708.0,7678.0,0.0,0.0,0.0,0.0,68
2023-05-10 21:37:49,l2403,l2403,7708.0,0.0,0.0,0.0,1,7686.0,7699.0,4,7708.0,7678.0,0.0,0.0,0.0,0.0,68
2023-05-10 21:37:50,l2403,l2403,7708.0,0.0,0.0,0.0,1,7686.0,7698.0,1,7708.0,7678.0,0.0,0.0,0.0,0.0,68
2023-05-10 21:37:51,l2403,l2403,7708.0,0.0,0.0,0.0,1,7687.0,7697.0,3,7708.0,7678.0,0.0,0.0,0.0,0.0,68
2023-05-10 21:37:51,l2403,l2403,7708.0,0.0,0.0,0.0,1,7688.0,7697.0,3,7708.0,7678.0,0.0,0.0,0.0,0.0,68
2023-05-10 21:37:54,l2403,l2403,7708.0,0.0,0.0,0.0,2,7688.0,7697.0,3,7708.0,7678.0,0.0,0.0,0.0,0.0,68
2023-05-10 21:38:01,l2403,l2403,7708.0,0.0,0.0,0.0,2,7688.0,7697.0,4,7708.0,7678.0,0.0,0.0,0.0,0.0,68
2023-05-10 21:38:02,l2403,l2403,7708.0,0.0,0.0,0.0,1,7688.0,7697.0,4,7708.0,7678.0,0.0,0.0,0.0,0.0,68
2023-05-10 21:38:03,l2403,l2403,7708.0,0.0,0.0,0.0,1,7688.0,7697.0,3,7708.0,7678.0,0.0,0.0,0.0,0.0,68
2023-05-10 21:38:05,l2403,l2403,7708.0,0.0,0.0,0.0,1,7688.0,7697.0,4,7708.0,7678.0,0.0,0.0,0.0,0.0,68
2023-05-10 21:38:07,l2403,l2403,7708.0,0.0,0.0,0.0,1,7688.0,7696.0,1,7708.0,7678.0,0.0,0.0,0.0,0.0,68
2023-05-10 21:38:08,l2403,l2403,7708.0,0.0,0.0,0.0,1,7688.0,7711.0,1,7708.0,7678.0,0.0,0.0,0.0,0.0,68
2023-05-10 21:38:08,l2403,l2403,7708.0,0.0,0.0,0.0,1,7688.0,7700.0,4,7708.0,7678.0,0.0,0.0,0.0,0.0,68
2023-05-10 21:38:09,l2403,l2403,7708.0,0.0,0.0,0.0,1,7688.0,7699.0,1,7708.0,7678.0,0.0,0.0,0.0,0.0,68
2023-05-10 21:38:12,l2403,l2403,7708.0,0.0,0.0,0.0,1,7688.0,7698.0,3,7708.0,7678.0,0.0,0.0,0.0,0.0,68
2023-05-10 21:38:12,l2403,l2403,7708.0,0.0,0.0,0.0,1,7688.0,7697.0,1,7708.0,7678.0,0.0,0.0,0.0,0.0,68
2023-05-10 21:38:15,l2403,l2403,7708.0,0.0,0.0,0.0,1,7688.0,7696.0,3,7708.0,7678.0,0.0,0.0,0.0,0.0,68
2023-05-10 21:38:16,l2403,l2403,7708.0,0.0,0.0,0.0,1,7688.0,7696.0,4,7708.0,7678.0,0.0,0.0,0.0,0.0,68
2023-05-10 21:38:16,l2403,l2403,7708.0,0.0,0.0,0.0,1,7688.0,7696.0,3,7708.0,7678.0,0.0,0.0,0.0,0.0,68
2023-05-10 21:38:19,l2403,l2403,7708.0,0.0,0.0,0.0,1,7688.0,7696.0,4,7708.0,7678.0,0.0,0.0,0.0,0.0,68
2023-05-10 21:38:20,l2403,l2403,7708.0,0.0,0.0,0.0,1,7688.0,7696.0,3,7708.0,7678.0,0.0,0.0,0.0,0.0,68
2023-05-10 21:38:21,l2403,l2403,7708.0,0.0,0.0,0.0,1,7688.0,7696.0,4,7708.0,7678.0,0.0,0.0,0.0,0.0,68
2023-05-10 21:38:23,l2403,l2403,7708.0,0.0,0.0,0.0,1,7688.0,7696.0,3,7708.0,7678.0,0.0,0.0,0.0,0.0,68
2023-05-10 21:38:26,l2403,l2403,7708.0,0.0,0.0,0.0,1,7688.0,7696.0,4,7708.0,7678.0,0.0,0.0,0.0,0.0,68
2023-05-10 21:38:30,l2403,l2403,7708.0,0.0,0.0,0.0,1,7688.0,7695.0,1,7708.0,7678.0,0.0,0.0,0.0,0.0,68
2023-05-10 21:38:30,l2403,l2403,7708.0,0.0,0.0,0.0,1,7679.0,7695.0,1,7708.0,7678.0,0.0,0.0,0.0,0.0,68
2023-05-10 21:38:31,l2403,l2403,7708.0,0.0,0.0,0.0,1,7682.0,7694.0,3,7708.0,7678.0,0.0,0.0,0.0,0.0,68
2023-05-10 21:38:37,l2403,l2403,7708.0,0.0,0.0,0.0,1,7683.0,7694.0,3,7708.0,7678.0,0.0,0.0,0.0,0.0,68
2023-05-10 21:38:38,l2403,l2403,7708.0,0.0,0.0,0.0,1,7685.0,7694.0,3,7708.0,7678.0,0.0,0.0,0.0,0.0,68
2023-05-10 21:38:40,l2403,l2403,7708.0,0.0,0.0,0.0,1,7686.0,7694.0,3,7708.0,7678.0,0.0,0.0,0.0,0.0,68
2023-05-10 21:38:43,l2403,l2403,7708.0,0.0,0.0,0.0,1,7685.0,7694.0,3,7708.0,7678.0,0.0,0.0,0.0,0.0,68
2023-05-10 21:38:44,l2403,l2403,7708.0,0.0,0.0,0.0,2,7685.0,7694.0,3,7708.0,7678.0,0.0,0.0,0.0,0.0,68
2023-05-10 21:38:45,l2403,l2403,7708.0,0.0,0.0,0.0,2,7685.0,7694.0,4,7708.0,7678.0,0.0,0.0,0.0,0.0,68
2023-05-10 21:38:47,l2403,l2403,7708.0,0.0,0.0,0.0,1,7685.0,7694.0,4,7708.0,7678.0,0.0,0.0,0.0,0.0,68
2023-05-10 21:38:50,l2403,l2403,7708.0,0.0,0.0,0.0,1,7685.0,7694.0,3,7708.0,7678.0,0.0,0.0,0.0,0.0,68
2023-05-10 21:38:50,l2403,l2403,7708.0,0.0,0.0,0.0,1,7685.0,7694.0,4,7708.0,7678.0,0.0,0.0,0.0,0.0,68
2023-05-10 21:38:56,l2403,l2403,7708.0,0.0,0.0,0.0,1,7685.0,7694.0,3,7708.0,7678.0,0.0,0.0,0.0,0.0,68
2023-05-10 21:38:59,l2403,l2403,7708.0,0.0,0.0,0.0,2,7685.0,7694.0,3,7708.0,7678.0,0.0,0.0,0.0,0.0,68
2023-05-10 21:39:01,l2403,l2403,7708.0,0.0,0.0,0.0,1,7685.0,7694.0,3,7708.0,7678.0,0.0,0.0,0.0,0.0,68
2023-05-10 21:39:01,l2403,l2403,7708.0,0.0,0.0,0.0,1,7686.0,7694.0,3,7708.0,7678.0,0.0,0.0,0.0,0.0,68
2023-05-10 21:39:30,l2403,l2403,7708.0,0.0,0.0,0.0,1,7679.0,7694.0,3,7708.0,7678.0,0.0,0.0,0.0,0.0,68
2023-05-10 21:39:30,l2403,l2403,7708.0,0.0,0.0,0.0,1,7681.0,7694.0,4,7708.0,7678.0,0.0,0.0,0.0,0.0,68
2023-05-10 21:39:33,l2403,l2403,7708.0,0.0,0.0,0.0,1,7681.0,7694.0,3,7708.0,7678.0,0.0,0.0,0.0,0.0,68
2023-05-10 21:39:33,l2403,l2403,7708.0,0.0,0.0,0.0,1,7682.0,7694.0,3,7708.0,7678.0,0.0,0.0,0.0,0.0,68
2023-05-10 21:39:34,l2403,l2403,7708.0,0.0,0.0,0.0,1,7684.0,7694.0,3,7708.0,7678.0,0.0,0.0,0.0,0.0,68
2023-05-10 21:39:35,l2403,l2403,7708.0,0.0,0.0,0.0,1,7684.0,7694.0,4,7708.0,7678.0,0.0,0.0,0.0,0.0,68
2023-05-10 21:39:38,l2403,l2403,7708.0,0.0,0.0,0.0,1,7684.0,7694.0,3,7708.0,7678.0,0.0,0.0,0.0,0.0,68
2023-05-10 21:39:39,l2403,l2403,7708.0,0.0,0.0,0.0,1,7685.0,7694.0,3,7708.0,7678.0,0.0,0.0,0.0,0.0,68
2023-05-10 21:39:39,l2403,l2403,7708.0,0.0,0.0,0.0,1,7686.0,7694.0,3,7708.0,7678.0,0.0,0.0,0.0,0.0,68
2023-05-10 21:39:40,l2403,l2403,7708.0,0.0,0.0,0.0,1,7686.0,7694.0,4,7708.0,7678.0,0.0,0.0,0.0,0.0,68
2023-05-10 21:39:43,l2403,l2403,7708.0,0.0,0.0,0.0,1,7686.0,7693.0,1,7708.0,7678.0,0.0,0.0,0.0,0.0,68
2023-05-10 21:39:44,l2403,l2403,7708.0,0.0,0.0,0.0,1,7686.0,7692.0,3,7708.0,7678.0,0.0,0.0,0.0,0.0,68
2023-05-10 21:39:45,l2403,l2403,7708.0,0.0,0.0,0.0,1,7599.0,7692.0,4,7708.0,7678.0,0.0,0.0,0.0,0.0,68
2023-05-10 21:39:45,l2403,l2403,7708.0,0.0,0.0,0.0,3,7665.0,7692.0,4,7708.0,7678.0,0.0,0.0,0.0,0.0,68
2023-05-10 21:39:46,l2403,l2403,7708.0,0.0,0.0,0.0,1,7670.0,7692.0,4,7708.0,7678.0,0.0,0.0,0.0,0.0,68
2023-05-10 21:39:46,l2403,l2403,7708.0,0.0,0.0,0.0,1,7671.0,7692.0,4,7708.0,7678.0,0.0,0.0,0.0,0.0,68
2023-05-10 21:39:47,l2403,l2403,7708.0,0.0,0.0,0.0,1,7675.0,7692.0,3,7708.0,7678.0,0.0,0.0,0.0,0.0,68
2023-05-10 21:39:47,l2403,l2403,7708.0,0.0,0.0,0.0,2,7675.0,7692.0,3,7708.0,7678.0,0.0,0.0,0.0,0.0,68
2023-05-10 21:39:48,l2403,l2403,7708.0,0.0,0.0,0.0,2,7676.0,7692.0,3,7708.0,7678.0,0.0,0.0,0.0,0.0,68
2023-05-10 21:39:49,l2403,l2403,7708.0,0.0,0.0,0.0,1,7679.0,7692.0,4,7708.0,7678.0,0.0,0.0,0.0,0.0,68
2023-05-10 21:39:49,l2403,l2403,7708.0,0.0,0.0,0.0,1,7679.0,7692.0,3,7708.0,7678.0,0.0,0.0,0.0,0.0,68
2023-05-10 21:39:51,l2403,l2403,7708.0,0.0,0.0,0.0,1,7680.0,7692.0,3,7708.0,7678.0,0.0,0.0,0.0,0.0,68
2023-05-10 21:39:52,l2403,l2403,7708.0,0.0,0.0,0.0,1,7682.0,7692.0,3,7708.0,7678.0,0.0,0.0,0.0,0.0,68
2023-05-10 21:39:52,l2403,l2403,7708.0,0.0,0.0,0.0,1,7682.0,7692.0,4,7708.0,7678.0,0.0,0.0,0.0,0.0,68
2023-05-10 21:39:53,l2403,l2403,7708.0,0.0,0.0,0.0,1,7682.0,7691.0,1,7708.0,7678.0,0.0,0.0,0.0,0.0,68
2023-05-10 21:39:54,l2403,l2403,7708.0,0.0,0.0,0.0,1,7682.0,7690.0,3,7708.0,7678.0,0.0,0.0,0.0,0.0,68
2023-05-10 21:40:01,l2403,l2403,7708.0,0.0,0.0,0.0,1,7665.0,7690.0,4,7708.0,7678.0,0.0,0.0,0.0,0.0,68
2023-05-10 21:40:02,l2403,l2403,7708.0,0.0,0.0,0.0,1,7669.0,7690.0,3,7708.0,7678.0,0.0,0.0,0.0,0.0,68
2023-05-10 21:40:02,l2403,l2403,7708.0,0.0,0.0,0.0,1,7670.0,7690.0,3,7708.0,7678.0,0.0,0.0,0.0,0.0,68
2023-05-10 21:40:03,l2403,l2403,7708.0,0.0,0.0,0.0,1,7673.0,7690.0,3,7708.0,7678.0,0.0,0.0,0.0,0.0,68
2023-05-10 21:40:03,l2403,l2403,7708.0,0.0,0.0,0.0,2,7673.0,7690.0,3,7708.0,7678.0,0.0,0.0,0.0,0.0,68
2023-05-10 21:40:05,l2403,l2403,7708.0,0.0,0.0,0.0,1,7674.0,7690.0,3,7708.0,7678.0,0.0,0.0,0.0,0.0,68
2023-05-10 21:40:05,l2403,l2403,7708.0,0.0,0.0,0.0,2,7674.0,7690.0,3,7708.0,7678.0,0.0,0.0,0.0,0.0,68
2023-05-10 21:40:06,l2403,l2403,7708.0,0.0,0.0,0.0,1,7675.0,7690.0,3,7708.0,7678.0,0.0,0.0,0.0,0.0,68
2023-05-10 21:40:07,l2403,l2403,7708.0,0.0,0.0,0.0,1,7677.0,7690.0,3,7708.0,7678.0,0.0,0.0,0.0,0.0,68
2023-05-10 21:40:10,l2403,l2403,7708.0,0.0,0.0,0.0,1,7678.0,7690.0,3,7708.0,7678.0,0.0,0.0,0.0,0.0,68
2023-05-10 21:40:10,l2403,l2403,7708.0,0.0,0.0,0.0,1,7680.0,7690.0,3,7708.0,7678.0,0.0,0.0,0.0,0.0,68
2023-05-10 21:40:13,l2403,l2403,7708.0,0.0,0.0,0.0,1,7681.0,7690.0,3,7708.0,7678.0,0.0,0.0,0.0,0.0,68
2023-05-10 21:40:13,l2403,l2403,7708.0,0.0,0.0,0.0,1,7682.0,7690.0,3,7708.0,7678.0,0.0,0.0,0.0,0.0,68
2023-05-10 21:40:16,l2403,l2403,7708.0,0.0,0.0,0.0,1,7683.0,7690.0,3,7708.0,7678.0,0.0,0.0,0.0,0.0,68
2023-05-10 21:40:29,l2403,l2403,7708.0,0.0,0.0,0.0,1,7683.0,7690.0,4,7708.0,7678.0,0.0,0.0,0.0,0.0,68
2023-05-10 21:40:30,l2403,l2403,7708.0,0.0,0.0,0.0,1,7665.0,7690.0,3,7708.0,7678.0,0.0,0.0,0.0,0.0,68
2023-05-10 21:40:30,l2403,l2403,7708.0,0.0,0.0,0.0,1,7669.0,7690.0,4,7708.0,7678.0,0.0,0.0,0.0,0.0,68
2023-05-10 21:40:31,l2403,l2403,7708.0,0.0,0.0,0.0,1,7670.0,7690.0,3,7708.0,7678.0,0.0,0.0,0.0,0.0,68
2023-05-10 21:40:31,l2403,l2403,7708.0,0.0,0.0,0.0,1,7673.0,7690.0,3,7708.0,7678.0,0.0,0.0,0.0,0.0,68
2023-05-10 21:40:32,l2403,l2403,7708.0,0.0,0.0,0.0,1,7673.0,7690.0,4,7708.0,7678.0,0.0,0.0,0.0,0.0,68
2023-05-10 21:40:33,l2403,l2403,7708.0,0.0,0.0,0.0,1,7674.0,7690.0,3,7708.0,7678.0,0.0,0.0,0.0,0.0,68
2023-05-10 21:40:34,l2403,l2403,7708.0,0.0,0.0,0.0,1,7677.0,7690.0,3,7708.0,7678.0,0.0,0.0,0.0,0.0,68
2023-05-10 21:40:35,l2403,l2403,7708.0,0.0,0.0,0.0,1,7677.0,7690.0,4,7708.0,7678.0,0.0,0.0,0.0,0.0,68
2023-05-10 21:40:36,l2403,l2403,7708.0,0.0,0.0,0.0,1,7677.0,7689.0,1,7708.0,7678.0,0.0,0.0,0.0,0.0,68
2023-05-10 21:40:36,l2403,l2403,7708.0,0.0,0.0,0.0,1,7678.0,7689.0,1,7708.0,7678.0,0.0,0.0,0.0,0.0,68
2023-05-10 21:40:37,l2403,l2403,7708.0,0.0,0.0,0.0,1,7678.0,7688.0,3,7708.0,7678.0,0.0,0.0,0.0,0.0,68
2023-05-10 21:40:40,l2403,l2403,7708.0,0.0,0.0,0.0,1,7679.0,7688.0,3,7708.0,7678.0,0.0,0.0,0.0,0.0,68
2023-05-10 21:40:41,l2403,l2403,7708.0,0.0,0.0,0.0,1,7680.0,7688.0,3,7708.0,7678.0,0.0,0.0,0.0,0.0,68
2023-05-10 21:40:42,l2403,l2403,7708.0,0.0,0.0,0.0,1,7680.0,7688.0,4,7708.0,7678.0,0.0,0.0,0.0,0.0,68
2023-05-10 21:40:43,l2403,l2403,7708.0,0.0,0.0,0.0,1,7679.0,7687.0,1,7708.0,7678.0,0.0,0.0,0.0,0.0,68
2023-05-10 21:40:44,l2403,l2403,7708.0,0.0,0.0,0.0,1,7679.0,7686.0,3,7708.0,7678.0,0.0,0.0,0.0,0.0,68
2023-05-10 21:40:46,l2403,l2403,7708.0,0.0,0.0,0.0,2,7679.0,7686.0,3,7708.0,7678.0,0.0,0.0,0.0,0.0,68
2023-05-10 21:40:49,l2403,l2403,7708.0,0.0,0.0,0.0,1,7679.0,7686.0,3,7708.0,7678.0,0.0,0.0,0.0,0.0,68
2023-05-10 21:40:54,l2403,l2403,7708.0,0.0,0.0,0.0,1,7680.0,7686.0,3,7708.0,7678.0,0.0,0.0,0.0,0.0,68
2023-05-10 21:41:08,l2403,l2403,7708.0,0.0,0.0,0.0,1,7680.0,7711.0,1,7708.0,7678.0,0.0,0.0,0.0,0.0,68
2023-05-10 21:41:09,l2403,l2403,7708.0,0.0,0.0,0.0,1,7680.0,7694.0,2,7708.0,7678.0,0.0,0.0,0.0,0.0,68
2023-05-10 21:41:09,l2403,l2403,7708.0,0.0,0.0,0.0,1,7680.0,7693.0,1,7708.0,7678.0,0.0,0.0,0.0,0.0,68
2023-05-10 21:41:10,l2403,l2403,7708.0,0.0,0.0,0.0,1,7680.0,7693.0,2,7708.0,7678.0,0.0,0.0,0.0,0.0,68
2023-05-10 21:41:12,l2403,l2403,7708.0,0.0,0.0,0.0,1,7680.0,7692.0,3,7708.0,7678.0,0.0,0.0,0.0,0.0,68
2023-05-10 21:41:12,l2403,l2403,7708.0,0.0,0.0,0.0,1,7680.0,7691.0,1,7708.0,7678.0,0.0,0.0,0.0,0.0,68
2023-05-10 21:41:17,l2403,l2403,7708.0,0.0,0.0,0.0,1,7680.0,7690.0,3,7708.0,7678.0,0.0,0.0,0.0,0.0,68
2023-05-10 21:41:17,l2403,l2403,7708.0,0.0,0.0,0.0,1,7680.0,7690.0,4,7708.0,7678.0,0.0,0.0,0.0,0.0,68
2023-05-10 21:41:24,l2403,l2403,7708.0,0.0,0.0,0.0,1,7680.0,7690.0,3,7708.0,7678.0,0.0,0.0,0.0,0.0,68
2023-05-10 21:41:24,l2403,l2403,7708.0,0.0,0.0,0.0,1,7680.0,7690.0,4,7708.0,7678.0,0.0,0.0,0.0,0.0,68
2023-05-10 21:41:26,l2403,l2403,7708.0,0.0,0.0,0.0,1,7680.0,7689.0,1,7708.0,7678.0,0.0,0.0,0.0,0.0,68
2023-05-10 21:41:27,l2403,l2403,7708.0,0.0,0.0,0.0,1,7680.0,7688.0,1,7708.0,7678.0,0.0,0.0,0.0,0.0,68
2023-05-10 21:41:28,l2403,l2403,7708.0,0.0,0.0,0.0,1,7680.0,7688.0,2,7708.0,7678.0,0.0,0.0,0.0,0.0,68
2023-05-10 21:41:28,l2403,l2403,7708.0,0.0,0.0,0.0,1,7680.0,7687.0,2,7708.0,7678.0,0.0,0.0,0.0,0.0,68
2023-05-10 21:41:30,l2403,l2403,7708.0,0.0,0.0,0.0,1,7680.0,7686.0,1,7708.0,7678.0,0.0,0.0,0.0,0.0,68
2023-05-10 21:41:31,l2403,l2403,7708.0,0.0,0.0,0.0,1,7680.0,7686.0,3,7708.0,7678.0,0.0,0.0,0.0,0.0,68
2023-05-10 21:41:40,l2403,l2403,7708.0,0.0,0.0,0.0,1,7665.0,7686.0,3,7708.0,7678.0,0.0,0.0,0.0,0.0,68
2023-05-10 21:41:41,l2403,l2403,7708.0,0.0,0.0,0.0,1,7669.0,7686.0,3,7708.0,7678.0,0.0,0.0,0.0,0.0,68
2023-05-10 21:41:41,l2403,l2403,7708.0,0.0,0.0,0.0,1,7670.0,7686.0,3,7708.0,7678.0,0.0,0.0,0.0,0.0,68
2023-05-10 21:41:42,l2403,l2403,7708.0,0.0,0.0,0.0,1,7673.0,7686.0,3,7708.0,7678.0,0.0,0.0,0.0,0.0,68
2023-05-10 21:41:44,l2403,l2403,7708.0,0.0,0.0,0.0,1,7674.0,7686.0,3,7708.0,7678.0,0.0,0.0,0.0,0.0,68
2023-05-10 21:41:45,l2403,l2403,7708.0,0.0,0.0,0.0,1,7676.0,7686.0,3,7708.0,7678.0,0.0,0.0,0.0,0.0,68
2023-05-10 21:41:47,l2403,l2403,7708.0,0.0,0.0,0.0,1,7677.0,7686.0,3,7708.0,7678.0,0.0,0.0,0.0,0.0,68
2023-05-10 21:41:48,l2403,l2403,7708.0,0.0,0.0,0.0,1,7678.0,7686.0,3,7708.0,7678.0,0.0,0.0,0.0,0.0,68
2023-05-10 21:41:50,l2403,l2403,7708.0,0.0,0.0,0.0,1,7679.0,7686.0,3,7708.0,7678.0,0.0,0.0,0.0,0.0,68
2023-05-10 21:41:57,l2403,l2403,7708.0,0.0,0.0,0.0,1,7678.0,7686.0,3,7708.0,7678.0,0.0,0.0,0.0,0.0,68
2023-05-10 21:41:58,l2403,l2403,7708.0,0.0,0.0,0.0,2,7678.0,7686.0,3,7708.0,7678.0,0.0,0.0,0.0,0.0,68
2023-05-10 21:42:01,l2403,l2403,7708.0,0.0,0.0,0.0,1,7678.0,7686.0,3,7708.0,7678.0,0.0,0.0,0.0,0.0,68
2023-05-10 21:42:01,l2403,l2403,7708.0,0.0,0.0,0.0,1,7679.0,7686.0,1,7708.0,7678.0,0.0,0.0,0.0,0.0,68
2023-05-10 21:42:02,l2403,l2403,7708.0,0.0,0.0,0.0,1,7679.0,7685.0,2,7708.0,7678.0,0.0,0.0,0.0,0.0,68
2023-05-10 21:42:07,l2403,l2403,7708.0,0.0,0.0,0.0,1,7679.0,7693.0,1,7708.0,7678.0,0.0,0.0,0.0,0.0,68
2023-05-10 21:42:08,l2403,l2403,7708.0,0.0,0.0,0.0,1,7679.0,7685.0,1,7708.0,7678.0,0.0,0.0,0.0,0.0,68
2023-05-10 21:42:13,l2403,l2403,7708.0,0.0,0.0,0.0,1,7678.0,7685.0,1,7708.0,7678.0,0.0,0.0,0.0,0.0,68
2023-05-10 21:42:14,l2403,l2403,7708.0,0.0,0.0,0.0,1,7678.0,7693.0,1,7708.0,7678.0,0.0,0.0,0.0,0.0,68
2023-05-10 21:42:14,l2403,l2403,7708.0,0.0,0.0,0.0,1,7679.0,7692.0,6,7708.0,7678.0,0.0,0.0,0.0,0.0,68
2023-05-10 21:42:15,l2403,l2403,7708.0,0.0,0.0,0.0,1,7679.0,7692.0,10,7708.0,7678.0,0.0,0.0,0.0,0.0,68
2023-05-10 21:42:34,l2403,l2403,7708.0,0.0,0.0,0.0,1,7679.0,7692.0,4,7708.0,7678.0,0.0,0.0,0.0,0.0,68
2023-05-10 21:42:34,l2403,l2403,7708.0,0.0,0.0,0.0,1,7680.0,7692.0,4,7708.0,7678.0,0.0,0.0,0.0,0.0,68
2023-05-10 21:42:46,l2403,l2403,7708.0,0.0,0.0,0.0,1,7680.0,7692.0,6,7708.0,7678.0,0.0,0.0,0.0,0.0,68
2023-05-10 21:42:46,l2403,l2403,7708.0,0.0,0.0,0.0,1,7665.0,7692.0,6,7708.0,7678.0,0.0,0.0,0.0,0.0,68
2023-05-10 21:42:47,l2403,l2403,7708.0,0.0,0.0,0.0,1,7670.0,7692.0,10,7708.0,7678.0,0.0,0.0,0.0,0.0,68
2023-05-10 21:42:48,l2403,l2403,7708.0,0.0,0.0,0.0,2,7670.0,7692.0,10,7708.0,7678.0,0.0,0.0,0.0,0.0,68
2023-05-10 21:42:49,l2403,l2403,7708.0,0.0,0.0,0.0,1,7671.0,7692.0,10,7708.0,7678.0,0.0,0.0,0.0,0.0,68
2023-05-10 21:42:50,l2403,l2403,7708.0,0.0,0.0,0.0,1,7675.0,7692.0,10,7708.0,7678.0,0.0,0.0,0.0,0.0,68
2023-05-10 21:42:53,l2403,l2403,7708.0,0.0,0.0,0.0,1,7676.0,7691.0,2,7708.0,7678.0,0.0,0.0,0.0,0.0,68
2023-05-10 21:42:53,l2403,l2403,7708.0,0.0,0.0,0.0,1,7676.0,7690.0,1,7708.0,7678.0,0.0,0.0,0.0,0.0,68
2023-05-10 21:42:54,l2403,l2403,7708.0,0.0,0.0,0.0,1,7676.0,7689.0,3,7708.0,7678.0,0.0,0.0,0.0,0.0,68
2023-05-10 21:42:54,l2403,l2403,7708.0,0.0,0.0,0.0,1,7676.0,7688.0,1,7708.0,7678.0,0.0,0.0,0.0,0.0,68
2023-05-10 21:43:02,l2403,l2403,7708.0,0.0,0.0,0.0,1,7676.0,7687.0,3,7708.0,7678.0,0.0,0.0,0.0,0.0,68
2023-05-10 21:43:03,l2403,l2403,7708.0,0.0,0.0,0.0,1,7676.0,7686.0,1,7708.0,7678.0,0.0,0.0,0.0,0.0,68
2023-05-10 21:43:03,l2403,l2403,7708.0,0.0,0.0,0.0,1,7677.0,7686.0,1,7708.0,7678.0,0.0,0.0,0.0,0.0,68
2023-05-10 21:43:05,l2403,l2403,7708.0,0.0,0.0,0.0,1,7677.0,7693.0,1,7708.0,7678.0,0.0,0.0,0.0,0.0,68
2023-05-10 21:43:06,l2403,l2403,7708.0,0.0,0.0,0.0,1,7677.0,7685.0,2,7708.0,7678.0,0.0,0.0,0.0,0.0,68
2023-05-10 21:43:06,l2403,l2403,7708.0,0.0,0.0,0.0,1,7678.0,7685.0,2,7708.0,7678.0,0.0,0.0,0.0,0.0,68
2023-05-10 21:43:09,l2403,l2403,7708.0,0.0,0.0,0.0,1,7678.0,7684.0,1,7708.0,7678.0,0.0,0.0,0.0,0.0,68
2023-05-10 21:43:12,l2403,l2403,7708.0,0.0,0.0,0.0,1,7678.0,7684.0,3,7708.0,7678.0,0.0,0.0,0.0,0.0,68
2023-05-10 21:43:19,l2403,l2403,7708.0,0.0,0.0,0.0,1,7678.0,7693.0,1,7708.0,7678.0,0.0,0.0,0.0,0.0,68
2023-05-10 21:43:20,l2403,l2403,7708.0,0.0,0.0,0.0,1,7678.0,7691.0,7,7708.0,7678.0,0.0,0.0,0.0,0.0,68
2023-05-10 21:43:20,l2403,l2403,7708.0,0.0,0.0,0.0,1,7678.0,7690.0,1,7708.0,7678.0,0.0,0.0,0.0,0.0,68
2023-05-10 21:43:23,l2403,l2403,7708.0,0.0,0.0,0.0,1,7678.0,7689.0,3,7708.0,7678.0,0.0,0.0,0.0,0.0,68
2023-05-10 21:43:24,l2403,l2403,7708.0,0.0,0.0,0.0,1,7678.0,7688.0,1,7708.0,7678.0,0.0,0.0,0.0,0.0,68
2023-05-10 21:43:26,l2403,l2403,7708.0,0.0,0.0,0.0,1,7678.0,7687.0,1,7708.0,7678.0,0.0,0.0,0.0,0.0,68
2023-05-10 21:43:26,l2403,l2403,7708.0,0.0,0.0,0.0,1,7678.0,7686.0,2,7708.0,7678.0,0.0,0.0,0.0,0.0,68
2023-05-10 21:43:28,l2403,l2403,7708.0,0.0,0.0,0.0,1,7678.0,7686.0,3,7708.0,7678.0,0.0,0.0,0.0,0.0,68
2023-05-10 21:43:29,l2403,l2403,7708.0,0.0,0.0,0.0,1,7678.0,7685.0,1,7708.0,7678.0,0.0,0.0,0.0,0.0,68
2023-05-10 21:43:30,l2403,l2403,7708.0,0.0,0.0,0.0,1,7678.0,7684.0,2,7708.0,7678.0,0.0,0.0,0.0,0.0,68
2023-05-10 21:43:32,l2403,l2403,7708.0,0.0,0.0,0.0,1,7678.0,7684.0,3,7708.0,7678.0,0.0,0.0,0.0,0.0,68
2023-05-10 21:43:32,l2403,l2403,7708.0,0.0,0.0,0.0,1,7665.0,7684.0,3,7708.0,7678.0,0.0,0.0,0.0,0.0,68
2023-05-10 21:43:33,l2403,l2403,7708.0,0.0,0.0,0.0,1,7668.0,7684.0,3,7708.0,7678.0,0.0,0.0,0.0,0.0,68
2023-05-10 21:43:33,l2403,l2403,7708.0,0.0,0.0,0.0,2,7668.0,7684.0,3,7708.0,7678.0,0.0,0.0,0.0,0.0,68
2023-05-10 21:43:35,l2403,l2403,7708.0,0.0,0.0,0.0,2,7669.0,7684.0,3,7708.0,7678.0,0.0,0.0,0.0,0.0,68
2023-05-10 21:43:35,l2403,l2403,7708.0,0.0,0.0,0.0,1,7671.0,7684.0,3,7708.0,7678.0,0.0,0.0,0.0,0.0,68
2023-05-10 21:43:36,l2403,l2403,7708.0,0.0,0.0,0.0,1,7672.0,7684.0,3,7708.0,7678.0,0.0,0.0,0.0,0.0,68
2023-05-10 21:43:36,l2403,l2403,7708.0,0.0,0.0,0.0,1,7674.0,7684.0,3,7708.0,7678.0,0.0,0.0,0.0,0.0,68
2023-05-10 21:43:38,l2403,l2403,7708.0,0.0,0.0,0.0,1,7674.0,7684.0,2,7708.0,7678.0,0.0,0.0,0.0,0.0,68
2023-05-10 21:43:38,l2403,l2403,7708.0,0.0,0.0,0.0,1,7674.0,7683.0,2,7708.0,7678.0,0.0,0.0,0.0,0.0,68
2023-05-10 21:43:39,l2403,l2403,7708.0,0.0,0.0,0.0,2,7674.0,7683.0,2,7708.0,7678.0,0.0,0.0,0.0,0.0,68
2023-05-10 21:43:39,l2403,l2403,7708.0,0.0,0.0,0.0,2,7674.0,7682.0,2,7708.0,7678.0,0.0,0.0,0.0,0.0,68
2023-05-10 21:43:41,l2403,l2403,7708.0,0.0,0.0,0.0,1,7674.0,7681.0,1,7708.0,7678.0,0.0,0.0,0.0,0.0,68
2023-05-10 21:43:42,l2403,l2403,7708.0,0.0,0.0,0.0,1,7675.0,7681.0,1,7708.0,7678.0,0.0,0.0,0.0,0.0,68
2023-05-10 21:43:42,l2403,l2403,7708.0,0.0,0.0,0.0,1,7675.0,7681.0,3,7708.0,7678.0,0.0,0.0,0.0,0.0,68
2023-05-10 21:43:46,l2403,l2403,7708.0,0.0,0.0,0.0,1,7674.0,7681.0,3,7708.0,7678.0,0.0,0.0,0.0,0.0,68
2023-05-10 21:43:46,l2403,l2403,7708.0,0.0,0.0,0.0,2,7674.0,7681.0,3,7708.0,7678.0,0.0,0.0,0.0,0.0,68
2023-05-10 21:43:50,l2403,l2403,7708.0,0.0,0.0,0.0,1,7674.0,7681.0,3,7708.0,7678.0,0.0,0.0,0.0,0.0,68
2023-05-10 21:43:50,l2403,l2403,7708.0,0.0,0.0,0.0,1,7675.0,7693.0,1,7708.0,7678.0,0.0,0.0,0.0,0.0,68
2023-05-10 21:43:51,l2403,l2403,7708.0,0.0,0.0,0.0,1,7675.0,7692.0,4,7708.0,7678.0,0.0,0.0,0.0,0.0,68
2023-05-10 21:43:52,l2403,l2403,7708.0,0.0,0.0,0.0,1,7675.0,7692.0,16,7708.0,7678.0,0.0,0.0,0.0,0.0,68
2023-05-10 21:43:56,l2403,l2403,7708.0,0.0,0.0,0.0,1,7674.0,7692.0,16,7708.0,7678.0,0.0,0.0,0.0,0.0,68
