time,symbol_id,symbol_name,last,trade_volume,trade_amount,open_interest_change,bv1,bp1,ap1,av1,yesterday_close,today_open,today_high,today_low,volume,amount,open_interest
2023-05-09 21:00:00,jm2308,jm2308,1340.0,0.0,0.0,0.0,1,1139.0,1335.0,1,1340.0,0.0,0.0,0.0,0.0,0.0,10
2023-05-09 21:00:02,jm2308,jm2308,1340.0,0.0,0.0,0.0,1,1139.0,1333.0,1,1340.0,0.0,0.0,0.0,0.0,0.0,10
2023-05-09 21:00:03,jm2308,jm2308,1340.0,0.0,0.0,0.0,2,1139.5,1333.0,1,1340.0,0.0,0.0,0.0,0.0,0.0,10
2023-05-09 21:00:04,jm2308,jm2308,1340.0,0.0,0.0,0.0,1,1142.0,1333.0,1,1340.0,0.0,0.0,0.0,0.0,0.0,10
2023-05-09 21:00:04,jm2308,jm2308,1340.0,0.0,0.0,0.0,1,1143.0,1333.0,1,1340.0,0.0,0.0,0.0,0.0,0.0,10
2023-05-09 21:00:05,jm2308,jm2308,1340.0,0.0,0.0,0.0,1,1145.5,1333.0,1,1340.0,0.0,0.0,0.0,0.0,0.0,10
2023-05-09 21:00:05,jm2308,jm2308,1340.0,0.0,0.0,0.0,3,1146.0,1333.0,1,1340.0,0.0,0.0,0.0,0.0,0.0,10
2023-05-09 21:00:06,jm2308,jm2308,1340.0,0.0,0.0,0.0,1,1148.5,1333.0,1,1340.0,0.0,0.0,0.0,0.0,0.0,10
2023-05-09 21:00:06,jm2308,jm2308,1340.0,0.0,0.0,0.0,1,1149.5,1333.0,1,1340.0,0.0,0.0,0.0,0.0,0.0,10
2023-05-09 21:00:07,jm2308,jm2308,1340.0,0.0,0.0,0.0,1,1152.0,1333.0,1,1340.0,0.0,0.0,0.0,0.0,0.0,10
2023-05-09 21:00:07,jm2308,jm2308,1340.0,0.0,0.0,0.0,3,1152.5,1333.0,1,1340.0,0.0,0.0,0.0,0.0,0.0,10
2023-05-09 21:00:08,jm2308,jm2308,1340.0,0.0,0.0,0.0,1,1155.0,1333.0,1,1340.0,0.0,0.0,0.0,0.0,0.0,10
2023-05-09 21:00:08,jm2308,jm2308,1340.0,0.0,0.0,0.0,1,1156.0,1333.0,1,1340.0,0.0,0.0,0.0,0.0,0.0,10
2023-05-09 21:00:09,jm2308,jm2308,1340.0,0.0,0.0,0.0,1,1158.5,1333.0,1,1340.0,0.0,0.0,0.0,0.0,0.0,10
2023-05-09 21:00:10,jm2308,jm2308,1340.0,0.0,0.0,0.0,1,1159.5,1333.0,1,1340.0,0.0,0.0,0.0,0.0,0.0,10
2023-05-09 21:00:11,jm2308,jm2308,1340.0,0.0,0.0,0.0,1,1268.0,1333.0,1,1340.0,0.0,0.0,0.0,0.0,0.0,10
2023-05-09 21:00:11,jm2308,jm2308,1340.0,0.0,0.0,0.0,1,1270.5,1333.0,1,1340.0,0.0,0.0,0.0,0.0,0.0,10
2023-05-09 21:00:11,jm2308,jm2308,1340.0,0.0,0.0,0.0,2,1271.0,1333.0,1,1340.0,0.0,0.0,0.0,0.0,0.0,10
2023-05-09 21:00:12,jm2308,jm2308,1340.0,0.0,0.0,0.0,1,1273.5,1333.0,1,1340.0,0.0,0.0,0.0,0.0,0.0,10
2023-05-09 21:00:13,jm2308,jm2308,1340.0,0.0,0.0,0.0,2,1274.0,1333.0,1,1340.0,0.0,0.0,0.0,0.0,0.0,10
2023-05-09 21:00:13,jm2308,jm2308,1340.0,0.0,0.0,0.0,1,1276.5,1333.0,1,1340.0,0.0,0.0,0.0,0.0,0.0,10
2023-05-09 21:00:13,jm2308,jm2308,1340.0,0.0,0.0,0.0,2,1277.0,1333.0,1,1340.0,0.0,0.0,0.0,0.0,0.0,10
2023-05-09 21:00:14,jm2308,jm2308,1340.0,0.0,0.0,0.0,1,1279.5,1333.0,1,1340.0,0.0,0.0,0.0,0.0,0.0,10
2023-05-09 21:00:14,jm2308,jm2308,1340.0,0.0,0.0,0.0,2,1280.0,1333.0,1,1340.0,0.0,0.0,0.0,0.0,0.0,10
2023-05-09 21:00:15,jm2308,jm2308,1340.0,0.0,0.0,0.0,1,1282.5,1333.0,1,1340.0,0.0,0.0,0.0,0.0,0.0,10
2023-05-09 21:00:15,jm2308,jm2308,1340.0,0.0,0.0,0.0,2,1283.0,1333.0,1,1340.0,0.0,0.0,0.0,0.0,0.0,10
2023-05-09 21:00:16,jm2308,jm2308,1340.0,0.0,0.0,0.0,1,1285.5,1333.0,1,1340.0,0.0,0.0,0.0,0.0,0.0,10
2023-05-09 21:00:16,jm2308,jm2308,1340.0,0.0,0.0,0.0,1,1286.0,1332.5,1,1340.0,0.0,0.0,0.0,0.0,0.0,10
2023-05-09 21:00:17,jm2308,jm2308,1340.0,0.0,0.0,0.0,1,1288.5,1332.5,1,1340.0,0.0,0.0,0.0,0.0,0.0,10
2023-05-09 21:00:17,jm2308,jm2308,1340.0,0.0,0.0,0.0,1,1289.0,1331.5,1,1340.0,0.0,0.0,0.0,0.0,0.0,10
2023-05-09 21:00:18,jm2308,jm2308,1340.0,0.0,0.0,0.0,1,1291.5,1331.5,1,1340.0,0.0,0.0,0.0,0.0,0.0,10
2023-05-09 21:00:18,jm2308,jm2308,1340.0,0.0,0.0,0.0,1,1292.0,1331.5,1,1340.0,0.0,0.0,0.0,0.0,0.0,10
2023-05-09 21:00:24,jm2308,jm2308,1340.0,0.0,0.0,0.0,1,1294.5,1331.5,1,1340.0,0.0,0.0,0.0,0.0,0.0,10
2023-05-09 21:00:24,jm2308,jm2308,1340.0,0.0,0.0,0.0,1,1295.0,1331.5,1,1340.0,0.0,0.0,0.0,0.0,0.0,10
2023-05-09 21:01:02,jm2308,jm2308,1340.0,0.0,0.0,0.0,1,1295.0,1331.0,1,1340.0,0.0,0.0,0.0,0.0,0.0,10
2023-05-09 21:01:03,jm2308,jm2308,1340.0,0.0,0.0,0.0,1,1295.0,1330.0,1,1340.0,0.0,0.0,0.0,0.0,0.0,10
2023-05-09 21:01:46,jm2308,jm2308,1340.0,0.0,0.0,0.0,1,1295.0,1329.5,1,1340.0,0.0,0.0,0.0,0.0,0.0,10
2023-05-09 21:01:46,jm2308,jm2308,1340.0,0.0,0.0,0.0,1,1295.0,1328.5,1,1340.0,0.0,0.0,0.0,0.0,0.0,10
2023-05-09 21:02:08,jm2308,jm2308,1340.0,0.0,0.0,0.0,1,1295.0,1329.5,1,1340.0,0.0,0.0,0.0,0.0,0.0,10
2023-05-09 21:02:08,jm2308,jm2308,1340.0,0.0,0.0,0.0,1,1295.0,1329.0,1,1340.0,0.0,0.0,0.0,0.0,0.0,10
2023-05-09 21:02:13,jm2308,jm2308,1340.0,0.0,0.0,0.0,1,1295.0,1329.5,1,1340.0,0.0,0.0,0.0,0.0,0.0,10
2023-05-09 21:02:43,jm2308,jm2308,1340.0,0.0,0.0,0.0,1,1295.0,1329.0,1,1340.0,0.0,0.0,0.0,0.0,0.0,10
2023-05-09 21:02:44,jm2308,jm2308,1340.0,0.0,0.0,0.0,1,1295.0,1329.5,1,1340.0,0.0,0.0,0.0,0.0,0.0,10
2023-05-09 21:02:46,jm2308,jm2308,1340.0,0.0,0.0,0.0,1,1295.0,1329.0,1,1340.0,0.0,0.0,0.0,0.0,0.0,10
2023-05-09 21:02:49,jm2308,jm2308,1340.0,0.0,0.0,0.0,1,1295.0,1329.5,1,1340.0,0.0,0.0,0.0,0.0,0.0,10
2023-05-09 21:02:52,jm2308,jm2308,1340.0,0.0,0.0,0.0,1,1295.0,1329.0,1,1340.0,0.0,0.0,0.0,0.0,0.0,10
2023-05-09 21:02:55,jm2308,jm2308,1340.0,0.0,0.0,0.0,1,1295.0,1329.5,1,1340.0,0.0,0.0,0.0,0.0,0.0,10
2023-05-09 21:02:56,jm2308,jm2308,1340.0,0.0,0.0,0.0,1,1295.0,1329.0,1,1340.0,0.0,0.0,0.0,0.0,0.0,10
2023-05-09 21:03:40,jm2308,jm2308,1340.0,0.0,0.0,0.0,1,1295.0,1377.5,1,1340.0,0.0,0.0,0.0,0.0,0.0,10
2023-05-09 21:03:41,jm2308,jm2308,1340.0,0.0,0.0,0.0,1,1295.0,1339.5,1,1340.0,0.0,0.0,0.0,0.0,0.0,10
2023-05-09 21:04:01,jm2308,jm2308,1340.0,0.0,0.0,0.0,1,1295.0,1339.0,1,1340.0,0.0,0.0,0.0,0.0,0.0,10
2023-05-09 21:04:01,jm2308,jm2308,1340.0,0.0,0.0,0.0,1,1295.0,1337.0,1,1340.0,0.0,0.0,0.0,0.0,0.0,10
2023-05-09 21:04:49,jm2308,jm2308,1340.0,0.0,0.0,0.0,1,1295.0,1336.5,1,1340.0,0.0,0.0,0.0,0.0,0.0,10
2023-05-09 21:04:50,jm2308,jm2308,1340.0,0.0,0.0,0.0,1,1295.0,1334.5,1,1340.0,0.0,0.0,0.0,0.0,0.0,10
2023-05-09 21:05:25,jm2308,jm2308,1340.0,0.0,0.0,0.0,1,1297.5,1334.5,1,1340.0,0.0,0.0,0.0,0.0,0.0,10
2023-05-09 21:05:34,jm2308,jm2308,1340.0,0.0,0.0,0.0,1,1297.5,1334.0,1,1340.0,0.0,0.0,0.0,0.0,0.0,10
2023-05-09 21:05:34,jm2308,jm2308,1340.0,0.0,0.0,0.0,1,1298.0,1333.5,1,1340.0,0.0,0.0,0.0,0.0,0.0,10
2023-05-09 21:06:01,jm2308,jm2308,1340.0,0.0,0.0,0.0,1,1298.5,1333.5,1,1340.0,0.0,0.0,0.0,0.0,0.0,10
2023-05-09 21:06:01,jm2308,jm2308,1340.0,0.0,0.0,0.0,1,1299.0,1333.5,1,1340.0,0.0,0.0,0.0,0.0,0.0,10
2023-05-09 21:06:11,jm2308,jm2308,1340.0,0.0,0.0,0.0,1,1299.5,1333.5,1,1340.0,0.0,0.0,0.0,0.0,0.0,10
2023-05-09 21:06:11,jm2308,jm2308,1340.0,0.0,0.0,0.0,1,1300.0,1333.5,1,1340.0,0.0,0.0,0.0,0.0,0.0,10
2023-05-09 21:06:17,jm2308,jm2308,1340.0,0.0,0.0,0.0,1,1300.5,1333.0,1,1340.0,0.0,0.0,0.0,0.0,0.0,10
2023-05-09 21:06:18,jm2308,jm2308,1340.0,0.0,0.0,0.0,1,1301.0,1332.5,1,1340.0,0.0,0.0,0.0,0.0,0.0,10
2023-05-09 21:06:19,jm2308,jm2308,1340.0,0.0,0.0,0.0,1,1301.5,1332.5,1,1340.0,0.0,0.0,0.0,0.0,0.0,10
2023-05-09 21:06:19,jm2308,jm2308,1340.0,0.0,0.0,0.0,1,1302.0,1332.5,1,1340.0,0.0,0.0,0.0,0.0,0.0,10
2023-05-09 21:06:21,jm2308,jm2308,1340.0,0.0,0.0,0.0,1,1302.5,1333.0,1,1340.0,0.0,0.0,0.0,0.0,0.0,10
2023-05-09 21:06:21,jm2308,jm2308,1340.0,0.0,0.0,0.0,1,1303.0,1333.0,1,1340.0,0.0,0.0,0.0,0.0,0.0,10
2023-05-09 21:06:23,jm2308,jm2308,1340.0,0.0,0.0,0.0,1,1303.5,1333.0,1,1340.0,0.0,0.0,0.0,0.0,0.0,10
2023-05-09 21:06:23,jm2308,jm2308,1340.0,0.0,0.0,0.0,1,1304.0,1333.0,1,1340.0,0.0,0.0,0.0,0.0,0.0,10
2023-05-09 21:06:24,jm2308,jm2308,1340.0,0.0,0.0,0.0,1,1304.5,1333.0,1,1340.0,0.0,0.0,0.0,0.0,0.0,10
2023-05-09 21:06:24,jm2308,jm2308,1340.0,0.0,0.0,0.0,1,1305.0,1333.0,1,1340.0,0.0,0.0,0.0,0.0,0.0,10
2023-05-09 21:06:26,jm2308,jm2308,1340.0,0.0,0.0,0.0,1,1305.0,1332.5,1,1340.0,0.0,0.0,0.0,0.0,0.0,10
2023-05-09 21:06:35,jm2308,jm2308,1340.0,0.0,0.0,0.0,1,1305.0,1333.0,1,1340.0,0.0,0.0,0.0,0.0,0.0,10
2023-05-09 21:06:36,jm2308,jm2308,1340.0,0.0,0.0,0.0,1,1305.0,1332.5,1,1340.0,0.0,0.0,0.0,0.0,0.0,10
2023-05-09 21:06:38,jm2308,jm2308,1340.0,0.0,0.0,0.0,1,1305.0,1333.0,1,1340.0,0.0,0.0,0.0,0.0,0.0,10
2023-05-09 21:06:54,jm2308,jm2308,1340.0,0.0,0.0,0.0,1,1305.0,1332.5,1,1340.0,0.0,0.0,0.0,0.0,0.0,10
2023-05-09 21:06:55,jm2308,jm2308,1340.0,0.0,0.0,0.0,1,1305.0,1333.0,1,1340.0,0.0,0.0,0.0,0.0,0.0,10
2023-05-09 21:06:55,jm2308,jm2308,1340.0,0.0,0.0,0.0,1,1305.0,1332.5,1,1340.0,0.0,0.0,0.0,0.0,0.0,10
2023-05-09 21:06:56,jm2308,jm2308,1340.0,0.0,0.0,0.0,1,1305.0,1333.0,1,1340.0,0.0,0.0,0.0,0.0,0.0,10
2023-05-09 21:06:56,jm2308,jm2308,1340.0,0.0,0.0,0.0,1,1305.0,1332.5,1,1340.0,0.0,0.0,0.0,0.0,0.0,10
2023-05-09 21:07:00,jm2308,jm2308,1340.0,0.0,0.0,0.0,1,1305.0,1333.0,1,1340.0,0.0,0.0,0.0,0.0,0.0,10
2023-05-09 21:07:02,jm2308,jm2308,1340.0,0.0,0.0,0.0,1,1305.0,1332.5,1,1340.0,0.0,0.0,0.0,0.0,0.0,10
2023-05-09 21:07:03,jm2308,jm2308,1340.0,0.0,0.0,0.0,1,1305.0,1333.0,1,1340.0,0.0,0.0,0.0,0.0,0.0,10
2023-05-09 21:07:15,jm2308,jm2308,1340.0,0.0,0.0,0.0,1,1305.0,1332.5,1,1340.0,0.0,0.0,0.0,0.0,0.0,10
2023-05-09 21:07:57,jm2308,jm2308,1340.0,0.0,0.0,0.0,1,1305.0,1382.0,1,1340.0,0.0,0.0,0.0,0.0,0.0,10
2023-05-09 21:07:58,jm2308,jm2308,1340.0,0.0,0.0,0.0,1,1305.0,1342.5,1,1340.0,0.0,0.0,0.0,0.0,0.0,10
2023-05-09 21:08:23,jm2308,jm2308,1340.0,0.0,0.0,0.0,1,1305.0,1342.0,1,1340.0,0.0,0.0,0.0,0.0,0.0,10
2023-05-09 21:08:23,jm2308,jm2308,1340.0,0.0,0.0,0.0,1,1305.0,1340.0,1,1340.0,0.0,0.0,0.0,0.0,0.0,10
2023-05-09 21:09:06,jm2308,jm2308,1340.0,0.0,0.0,0.0,1,1305.0,1339.5,1,1340.0,0.0,0.0,0.0,0.0,0.0,10
2023-05-09 21:09:07,jm2308,jm2308,1340.0,0.0,0.0,0.0,1,1305.0,1339.0,1,1340.0,0.0,0.0,0.0,0.0,0.0,10
2023-05-09 21:09:12,jm2308,jm2308,1340.0,0.0,0.0,0.0,1,1305.0,1339.5,1,1340.0,0.0,0.0,0.0,0.0,0.0,10
2023-05-09 21:09:14,jm2308,jm2308,1340.0,0.0,0.0,0.0,1,1307.5,1339.5,1,1340.0,0.0,0.0,0.0,0.0,0.0,10
2023-05-09 21:09:14,jm2308,jm2308,1340.0,0.0,0.0,0.0,1,1308.0,1339.5,1,1340.0,0.0,0.0,0.0,0.0,0.0,10
2023-05-09 21:10:56,jm2308,jm2308,1340.0,0.0,0.0,0.0,1,1310.5,1339.5,1,1340.0,0.0,0.0,0.0,0.0,0.0,10
2023-05-09 21:10:56,jm2308,jm2308,1340.0,0.0,0.0,0.0,1,1311.0,1339.5,1,1340.0,0.0,0.0,0.0,0.0,0.0,10
2023-05-09 21:12:55,jm2308,jm2308,1340.0,0.0,0.0,0.0,1,1313.5,1339.5,1,1340.0,0.0,0.0,0.0,0.0,0.0,10
2023-05-09 21:12:55,jm2308,jm2308,1340.0,0.0,0.0,0.0,1,1314.0,1339.5,1,1340.0,0.0,0.0,0.0,0.0,0.0,10
2023-05-09 21:13:31,jm2308,jm2308,1340.0,0.0,0.0,0.0,1,1316.5,1339.5,1,1340.0,0.0,0.0,0.0,0.0,0.0,10
2023-05-09 21:13:32,jm2308,jm2308,1340.0,0.0,0.0,0.0,1,1317.0,1442.5,1,1340.0,0.0,0.0,0.0,0.0,0.0,10
2023-05-09 21:13:32,jm2308,jm2308,1340.0,0.0,0.0,0.0,1,1317.0,1360.0,1,1340.0,0.0,0.0,0.0,0.0,0.0,10
2023-05-09 21:13:41,jm2308,jm2308,1340.0,0.0,0.0,0.0,1,1317.5,1360.0,1,1340.0,0.0,0.0,0.0,0.0,0.0,10
2023-05-09 21:13:41,jm2308,jm2308,1340.0,0.0,0.0,0.0,1,1318.0,1360.0,1,1340.0,0.0,0.0,0.0,0.0,0.0,10
2023-05-09 21:13:46,jm2308,jm2308,1340.0,0.0,0.0,0.0,1,1318.5,1360.0,1,1340.0,0.0,0.0,0.0,0.0,0.0,10
2023-05-09 21:13:46,jm2308,jm2308,1340.0,0.0,0.0,0.0,1,1319.0,1360.0,1,1340.0,0.0,0.0,0.0,0.0,0.0,10
2023-05-09 21:14:09,jm2308,jm2308,1340.0,0.0,0.0,0.0,1,1319.0,1359.5,1,1340.0,0.0,0.0,0.0,0.0,0.0,10
2023-05-09 21:14:10,jm2308,jm2308,1340.0,0.0,0.0,0.0,1,1319.0,1357.5,1,1340.0,0.0,0.0,0.0,0.0,0.0,10
2023-05-09 21:14:52,jm2308,jm2308,1340.0,0.0,0.0,0.0,1,1319.0,1357.0,1,1340.0,0.0,0.0,0.0,0.0,0.0,10
2023-05-09 21:14:53,jm2308,jm2308,1340.0,0.0,0.0,0.0,1,1319.0,1356.0,1,1340.0,0.0,0.0,0.0,0.0,0.0,10
2023-05-09 21:15:36,jm2308,jm2308,1340.0,0.0,0.0,0.0,1,1319.0,1355.5,1,1340.0,0.0,0.0,0.0,0.0,0.0,10
2023-05-09 21:15:37,jm2308,jm2308,1340.0,0.0,0.0,0.0,1,1319.0,1354.5,1,1340.0,0.0,0.0,0.0,0.0,0.0,10
2023-05-09 21:16:19,jm2308,jm2308,1340.0,0.0,0.0,0.0,1,1319.0,1354.0,1,1340.0,0.0,0.0,0.0,0.0,0.0,10
2023-05-09 21:16:20,jm2308,jm2308,1340.0,0.0,0.0,0.0,1,1321.5,1354.0,1,1340.0,0.0,0.0,0.0,0.0,0.0,10
2023-05-09 21:16:20,jm2308,jm2308,1340.0,0.0,0.0,0.0,1,1322.0,1354.0,1,1340.0,0.0,0.0,0.0,0.0,0.0,10
2023-05-09 21:16:29,jm2308,jm2308,1340.0,0.0,0.0,0.0,1,1322.0,1353.5,1,1340.0,0.0,0.0,0.0,0.0,0.0,10
2023-05-09 21:16:44,jm2308,jm2308,1340.0,0.0,0.0,0.0,1,1322.0,1354.0,1,1340.0,0.0,0.0,0.0,0.0,0.0,10
2023-05-09 21:16:46,jm2308,jm2308,1340.0,0.0,0.0,0.0,1,1322.0,1353.5,1,1340.0,0.0,0.0,0.0,0.0,0.0,10
2023-05-09 21:16:47,jm2308,jm2308,1340.0,0.0,0.0,0.0,1,1322.0,1354.0,1,1340.0,0.0,0.0,0.0,0.0,0.0,10
2023-05-09 21:16:56,jm2308,jm2308,1340.0,0.0,0.0,0.0,1,1324.5,1354.0,1,1340.0,0.0,0.0,0.0,0.0,0.0,10
2023-05-09 21:16:56,jm2308,jm2308,1340.0,0.0,0.0,0.0,1,1325.0,1354.0,1,1340.0,0.0,0.0,0.0,0.0,0.0,10
2023-05-09 21:17:25,jm2308,jm2308,1340.0,0.0,0.0,0.0,1,1327.5,1354.0,1,1340.0,0.0,0.0,0.0,0.0,0.0,10
2023-05-09 21:17:25,jm2308,jm2308,1340.0,0.0,0.0,0.0,1,1328.0,1354.0,1,1340.0,0.0,0.0,0.0,0.0,0.0,10
2023-05-09 21:18:29,jm2308,jm2308,1340.0,0.0,0.0,0.0,1,1328.0,1353.5,1,1340.0,0.0,0.0,0.0,0.0,0.0,10
2023-05-09 21:18:32,jm2308,jm2308,1340.0,0.0,0.0,0.0,1,1328.0,1354.0,1,1340.0,0.0,0.0,0.0,0.0,0.0,10
2023-05-09 21:18:34,jm2308,jm2308,1340.0,0.0,0.0,0.0,1,1328.0,1353.5,1,1340.0,0.0,0.0,0.0,0.0,0.0,10
2023-05-09 21:19:16,jm2308,jm2308,1340.0,0.0,0.0,0.0,1,1328.0,1408.5,1,1340.0,0.0,0.0,0.0,0.0,0.0,10
2023-05-09 21:19:16,jm2308,jm2308,1340.0,0.0,0.0,0.0,1,1328.0,1364.0,1,1340.0,0.0,0.0,0.0,0.0,0.0,10
2023-05-09 21:19:53,jm2308,jm2308,1340.0,0.0,0.0,0.0,1,1328.0,1363.5,1,1340.0,0.0,0.0,0.0,0.0,0.0,10
2023-05-09 21:19:54,jm2308,jm2308,1340.0,0.0,0.0,0.0,1,1328.0,1362.5,1,1340.0,0.0,0.0,0.0,0.0,0.0,10
2023-05-09 21:20:35,jm2308,jm2308,1340.0,0.0,0.0,0.0,1,1328.0,1362.0,1,1340.0,0.0,0.0,0.0,0.0,0.0,10
2023-05-09 21:20:35,jm2308,jm2308,1340.0,0.0,0.0,0.0,1,1328.0,1360.0,1,1340.0,0.0,0.0,0.0,0.0,0.0,10
2023-05-09 21:21:18,jm2308,jm2308,1340.0,0.0,0.0,0.0,1,1328.0,1359.5,1,1340.0,0.0,0.0,0.0,0.0,0.0,10
2023-05-09 21:21:18,jm2308,jm2308,1340.0,0.0,0.0,0.0,1,1328.0,1357.5,1,1340.0,0.0,0.0,0.0,0.0,0.0,10
2023-05-09 21:22:00,jm2308,jm2308,1340.0,0.0,0.0,0.0,1,1328.0,1357.0,1,1340.0,0.0,0.0,0.0,0.0,0.0,10
2023-05-09 21:22:00,jm2308,jm2308,1340.0,0.0,0.0,0.0,1,1328.0,1356.5,1,1340.0,0.0,0.0,0.0,0.0,0.0,10
2023-05-09 21:22:45,jm2308,jm2308,1340.0,0.0,0.0,0.0,1,1328.0,1356.0,1,1340.0,0.0,0.0,0.0,0.0,0.0,10
2023-05-09 21:22:45,jm2308,jm2308,1340.0,0.0,0.0,0.0,1,1328.0,1354.0,1,1340.0,0.0,0.0,0.0,0.0,0.0,10
2023-05-09 21:23:29,jm2308,jm2308,1340.0,0.0,0.0,0.0,1,1328.0,1353.5,1,1340.0,0.0,0.0,0.0,0.0,0.0,10
2023-05-09 21:23:30,jm2308,jm2308,1340.0,0.0,0.0,0.0,1,1328.0,1351.5,1,1340.0,0.0,0.0,0.0,0.0,0.0,10
2023-05-09 21:23:51,jm2308,jm2308,1340.0,0.0,0.0,0.0,1,1297.5,1351.5,1,1340.0,0.0,0.0,0.0,0.0,0.0,10
2023-05-09 21:23:52,jm2308,jm2308,1340.0,0.0,0.0,0.0,2,1298.0,1351.5,1,1340.0,0.0,0.0,0.0,0.0,0.0,10
2023-05-09 21:23:52,jm2308,jm2308,1340.0,0.0,0.0,0.0,1,1300.5,1351.5,1,1340.0,0.0,0.0,0.0,0.0,0.0,10
2023-05-09 21:23:53,jm2308,jm2308,1340.0,0.0,0.0,0.0,2,1301.0,1351.5,1,1340.0,0.0,0.0,0.0,0.0,0.0,10
2023-05-09 21:23:53,jm2308,jm2308,1340.0,0.0,0.0,0.0,1,1303.5,1351.5,1,1340.0,0.0,0.0,0.0,0.0,0.0,10
2023-05-09 21:23:54,jm2308,jm2308,1340.0,0.0,0.0,0.0,2,1304.0,1351.5,1,1340.0,0.0,0.0,0.0,0.0,0.0,10
2023-05-09 21:23:54,jm2308,jm2308,1340.0,0.0,0.0,0.0,1,1306.5,1351.5,1,1340.0,0.0,0.0,0.0,0.0,0.0,10
2023-05-09 21:23:55,jm2308,jm2308,1340.0,0.0,0.0,0.0,2,1307.0,1351.5,1,1340.0,0.0,0.0,0.0,0.0,0.0,10
2023-05-09 21:23:56,jm2308,jm2308,1340.0,0.0,0.0,0.0,1,1309.5,1351.5,1,1340.0,0.0,0.0,0.0,0.0,0.0,10
2023-05-09 21:23:56,jm2308,jm2308,1340.0,0.0,0.0,0.0,1,1310.0,1351.5,1,1340.0,0.0,0.0,0.0,0.0,0.0,10
2023-05-09 21:23:57,jm2308,jm2308,1340.0,0.0,0.0,0.0,1,1312.5,1351.5,1,1340.0,0.0,0.0,0.0,0.0,0.0,10
2023-05-09 21:23:57,jm2308,jm2308,1340.0,0.0,0.0,0.0,1,1313.0,1351.5,1,1340.0,0.0,0.0,0.0,0.0,0.0,10
2023-05-09 21:23:57,jm2308,jm2308,1340.0,0.0,0.0,0.0,1,1315.5,1351.5,1,1340.0,0.0,0.0,0.0,0.0,0.0,10
2023-05-09 21:23:58,jm2308,jm2308,1340.0,0.0,0.0,0.0,1,1316.0,1351.5,1,1340.0,0.0,0.0,0.0,0.0,0.0,10
2023-05-09 21:24:12,jm2308,jm2308,1340.0,0.0,0.0,0.0,1,1316.0,1351.0,1,1340.0,0.0,0.0,0.0,0.0,0.0,10
2023-05-09 21:24:12,jm2308,jm2308,1340.0,0.0,0.0,0.0,1,1316.0,1350.5,1,1340.0,0.0,0.0,0.0,0.0,0.0,10
2023-05-09 21:24:53,jm2308,jm2308,1340.0,0.0,0.0,0.0,1,1316.5,1350.5,1,1340.0,0.0,0.0,0.0,0.0,0.0,10
2023-05-09 21:24:53,jm2308,jm2308,1340.0,0.0,0.0,0.0,1,1317.0,1350.5,1,1340.0,0.0,0.0,0.0,0.0,0.0,10
2023-05-09 21:24:54,jm2308,jm2308,1340.0,0.0,0.0,0.0,1,1317.5,1350.5,1,1340.0,0.0,0.0,0.0,0.0,0.0,10
2023-05-09 21:24:54,jm2308,jm2308,1340.0,0.0,0.0,0.0,1,1318.0,1350.0,1,1340.0,0.0,0.0,0.0,0.0,0.0,10
2023-05-09 21:24:55,jm2308,jm2308,1340.0,0.0,0.0,0.0,1,1318.0,1349.0,1,1340.0,0.0,0.0,0.0,0.0,0.0,10
2023-05-09 21:24:56,jm2308,jm2308,1340.0,0.0,0.0,0.0,1,1318.5,1349.0,1,1340.0,0.0,0.0,0.0,0.0,0.0,10
2023-05-09 21:24:57,jm2308,jm2308,1340.0,0.0,0.0,0.0,1,1319.0,1349.0,1,1340.0,0.0,0.0,0.0,0.0,0.0,10
2023-05-09 21:25:00,jm2308,jm2308,1340.0,0.0,0.0,0.0,1,1319.5,1349.0,1,1340.0,0.0,0.0,0.0,0.0,0.0,10
2023-05-09 21:25:00,jm2308,jm2308,1340.0,0.0,0.0,0.0,1,1320.0,1349.0,1,1340.0,0.0,0.0,0.0,0.0,0.0,10
2023-05-09 21:25:37,jm2308,jm2308,1340.0,0.0,0.0,0.0,1,1320.0,1348.5,1,1340.0,0.0,0.0,0.0,0.0,0.0,10
2023-05-09 21:25:41,jm2308,jm2308,1340.0,0.0,0.0,0.0,1,1320.0,1348.0,1,1340.0,0.0,0.0,0.0,0.0,0.0,10
2023-05-09 21:25:43,jm2308,jm2308,1340.0,0.0,0.0,0.0,1,1320.0,1348.5,1,1340.0,0.0,0.0,0.0,0.0,0.0,10
2023-05-09 21:25:45,jm2308,jm2308,1340.0,0.0,0.0,0.0,1,1320.5,1348.5,1,1340.0,0.0,0.0,0.0,0.0,0.0,10
2023-05-09 21:25:46,jm2308,jm2308,1340.0,0.0,0.0,0.0,1,1321.0,1348.5,1,1340.0,0.0,0.0,0.0,0.0,0.0,10
2023-05-09 21:26:09,jm2308,jm2308,1340.0,0.0,0.0,0.0,1,1321.0,1348.0,1,1340.0,0.0,0.0,0.0,0.0,0.0,10
2023-05-09 21:26:34,jm2308,jm2308,1340.0,0.0,0.0,0.0,1,1321.0,1348.5,1,1340.0,0.0,0.0,0.0,0.0,0.0,10
2023-05-09 21:26:40,jm2308,jm2308,1340.0,0.0,0.0,0.0,1,1321.0,1348.0,1,1340.0,0.0,0.0,0.0,0.0,0.0,10
2023-05-09 21:26:41,jm2308,jm2308,1340.0,0.0,0.0,0.0,1,1321.0,1348.5,1,1340.0,0.0,0.0,0.0,0.0,0.0,10
2023-05-09 21:27:04,jm2308,jm2308,1340.0,0.0,0.0,0.0,1,1321.5,1348.5,1,1340.0,0.0,0.0,0.0,0.0,0.0,10
2023-05-09 21:27:05,jm2308,jm2308,1340.0,0.0,0.0,0.0,1,1322.0,1348.5,1,1340.0,0.0,0.0,0.0,0.0,0.0,10
2023-05-09 21:27:12,jm2308,jm2308,1340.0,0.0,0.0,0.0,1,1322.5,1348.5,1,1340.0,0.0,0.0,0.0,0.0,0.0,10
2023-05-09 21:27:13,jm2308,jm2308,1340.0,0.0,0.0,0.0,1,1323.0,1348.5,1,1340.0,0.0,0.0,0.0,0.0,0.0,10
2023-05-09 21:27:21,jm2308,jm2308,1340.0,0.0,0.0,0.0,1,1323.5,1348.5,1,1340.0,0.0,0.0,0.0,0.0,0.0,10
2023-05-09 21:27:21,jm2308,jm2308,1340.0,0.0,0.0,0.0,1,1324.0,1348.5,1,1340.0,0.0,0.0,0.0,0.0,0.0,10
2023-05-09 21:27:34,jm2308,jm2308,1340.0,0.0,0.0,0.0,1,1324.5,1348.5,1,1340.0,0.0,0.0,0.0,0.0,0.0,10
2023-05-09 21:27:35,jm2308,jm2308,1340.0,0.0,0.0,0.0,1,1325.0,1348.5,1,1340.0,0.0,0.0,0.0,0.0,0.0,10
2023-05-09 21:30:38,jm2308,jm2308,1340.0,0.0,0.0,0.0,1,1325.0,1408.5,1,1340.0,0.0,0.0,0.0,0.0,0.0,10
2023-05-09 21:30:38,jm2308,jm2308,1340.0,0.0,0.0,0.0,1,1325.0,1358.5,1,1340.0,0.0,0.0,0.0,0.0,0.0,10
2023-05-09 21:30:57,jm2308,jm2308,1340.0,0.0,0.0,0.0,1,1297.5,1358.5,1,1340.0,0.0,0.0,0.0,0.0,0.0,10
2023-05-09 21:30:57,jm2308,jm2308,1340.0,0.0,0.0,0.0,1,1305.0,1358.5,1,1340.0,0.0,0.0,0.0,0.0,0.0,10
2023-05-09 21:30:58,jm2308,jm2308,1340.0,0.0,0.0,0.0,1,1307.5,1358.5,1,1340.0,0.0,0.0,0.0,0.0,0.0,10
2023-05-09 21:30:59,jm2308,jm2308,1340.0,0.0,0.0,0.0,1,1309.5,1358.5,1,1340.0,0.0,0.0,0.0,0.0,0.0,10
2023-05-09 21:30:59,jm2308,jm2308,1340.0,0.0,0.0,0.0,1,1310.0,1358.5,1,1340.0,0.0,0.0,0.0,0.0,0.0,10
2023-05-09 21:31:00,jm2308,jm2308,1340.0,0.0,0.0,0.0,1,1312.0,1358.5,1,1340.0,0.0,0.0,0.0,0.0,0.0,10
2023-05-09 21:31:00,jm2308,jm2308,1340.0,0.0,0.0,0.0,1,1312.5,1358.5,1,1340.0,0.0,0.0,0.0,0.0,0.0,10
2023-05-09 21:31:01,jm2308,jm2308,1340.0,0.0,0.0,0.0,1,1313.5,1358.5,1,1340.0,0.0,0.0,0.0,0.0,0.0,10
2023-05-09 21:31:01,jm2308,jm2308,1340.0,0.0,0.0,0.0,1,1314.0,1358.5,1,1340.0,0.0,0.0,0.0,0.0,0.0,10
2023-05-09 21:31:02,jm2308,jm2308,1340.0,0.0,0.0,0.0,1,1314.5,1358.5,1,1340.0,0.0,0.0,0.0,0.0,0.0,10
2023-05-09 21:31:02,jm2308,jm2308,1340.0,0.0,0.0,0.0,1,1315.0,1358.5,1,1340.0,0.0,0.0,0.0,0.0,0.0,10
2023-05-09 21:31:03,jm2308,jm2308,1340.0,0.0,0.0,0.0,1,1315.5,1358.5,1,1340.0,0.0,0.0,0.0,0.0,0.0,10
2023-05-09 21:31:03,jm2308,jm2308,1340.0,0.0,0.0,0.0,1,1316.0,1358.5,1,1340.0,0.0,0.0,0.0,0.0,0.0,10
2023-05-09 21:31:09,jm2308,jm2308,1340.0,0.0,0.0,0.0,1,1316.5,1358.5,1,1340.0,0.0,0.0,0.0,0.0,0.0,10
2023-05-09 21:31:09,jm2308,jm2308,1340.0,0.0,0.0,0.0,1,1317.0,1358.5,1,1340.0,0.0,0.0,0.0,0.0,0.0,10
2023-05-09 21:31:14,jm2308,jm2308,1340.0,0.0,0.0,0.0,1,1317.5,1358.5,1,1340.0,0.0,0.0,0.0,0.0,0.0,10
2023-05-09 21:31:14,jm2308,jm2308,1340.0,0.0,0.0,0.0,1,1318.0,1358.5,1,1340.0,0.0,0.0,0.0,0.0,0.0,10
2023-05-09 21:31:16,jm2308,jm2308,1340.0,0.0,0.0,0.0,1,1318.0,1358.0,1,1340.0,0.0,0.0,0.0,0.0,0.0,10
2023-05-09 21:31:17,jm2308,jm2308,1340.0,0.0,0.0,0.0,1,1318.5,1357.0,1,1340.0,0.0,0.0,0.0,0.0,0.0,10
2023-05-09 21:31:17,jm2308,jm2308,1340.0,0.0,0.0,0.0,1,1319.0,1357.0,1,1340.0,0.0,0.0,0.0,0.0,0.0,10
2023-05-09 21:32:01,jm2308,jm2308,1340.0,0.0,0.0,0.0,1,1319.0,1356.5,1,1340.0,0.0,0.0,0.0,0.0,0.0,10
2023-05-09 21:32:02,jm2308,jm2308,1340.0,0.0,0.0,0.0,1,1319.0,1354.5,1,1340.0,0.0,0.0,0.0,0.0,0.0,10
2023-05-09 21:32:45,jm2308,jm2308,1340.0,0.0,0.0,0.0,1,1319.0,1354.0,1,1340.0,0.0,0.0,0.0,0.0,0.0,10
2023-05-09 21:32:46,jm2308,jm2308,1340.0,0.0,0.0,0.0,1,1319.0,1352.0,1,1340.0,0.0,0.0,0.0,0.0,0.0,10
2023-05-09 21:33:07,jm2308,jm2308,1340.0,0.0,0.0,0.0,1,1319.5,1352.0,1,1340.0,0.0,0.0,0.0,0.0,0.0,10
2023-05-09 21:33:08,jm2308,jm2308,1340.0,0.0,0.0,0.0,1,1320.0,1352.0,1,1340.0,0.0,0.0,0.0,0.0,0.0,10
2023-05-09 21:33:22,jm2308,jm2308,1340.0,0.0,0.0,0.0,1,1320.5,1352.0,1,1340.0,0.0,0.0,0.0,0.0,0.0,10
2023-05-09 21:33:23,jm2308,jm2308,1340.0,0.0,0.0,0.0,1,1321.0,1352.0,1,1340.0,0.0,0.0,0.0,0.0,0.0,10
2023-05-09 21:33:29,jm2308,jm2308,1340.0,0.0,0.0,0.0,1,1321.5,1352.0,1,1340.0,0.0,0.0,0.0,0.0,0.0,10
2023-05-09 21:33:29,jm2308,jm2308,1340.0,0.0,0.0,0.0,1,1322.0,1351.5,1,1340.0,0.0,0.0,0.0,0.0,0.0,10
2023-05-09 21:33:30,jm2308,jm2308,1340.0,0.0,0.0,0.0,1,1322.0,1351.0,1,1340.0,0.0,0.0,0.0,0.0,0.0,10
2023-05-09 21:34:12,jm2308,jm2308,1340.0,0.0,0.0,0.0,1,1322.0,1350.5,1,1340.0,0.0,0.0,0.0,0.0,0.0,10
2023-05-09 21:34:13,jm2308,jm2308,1340.0,0.0,0.0,0.0,1,1322.0,1350.0,1,1340.0,0.0,0.0,0.0,0.0,0.0,10
2023-05-09 21:34:55,jm2308,jm2308,1340.0,0.0,0.0,0.0,1,1322.0,1349.5,1,1340.0,0.0,0.0,0.0,0.0,0.0,10
2023-05-09 21:35:09,jm2308,jm2308,1340.0,0.0,0.0,0.0,1,1322.0,1349.0,1,1340.0,0.0,0.0,0.0,0.0,0.0,10
2023-05-09 21:35:14,jm2308,jm2308,1340.0,0.0,0.0,0.0,1,1322.0,1349.5,1,1340.0,0.0,0.0,0.0,0.0,0.0,10
2023-05-09 21:35:36,jm2308,jm2308,1340.0,0.0,0.0,0.0,1,1322.5,1349.5,1,1340.0,0.0,0.0,0.0,0.0,0.0,10
2023-05-09 21:35:37,jm2308,jm2308,1340.0,0.0,0.0,0.0,1,1323.0,1349.5,1,1340.0,0.0,0.0,0.0,0.0,0.0,10
2023-05-09 21:35:41,jm2308,jm2308,1340.0,0.0,0.0,0.0,1,1323.5,1349.5,1,1340.0,0.0,0.0,0.0,0.0,0.0,10
2023-05-09 21:35:41,jm2308,jm2308,1340.0,0.0,0.0,0.0,1,1324.0,1349.5,1,1340.0,0.0,0.0,0.0,0.0,0.0,10
2023-05-09 21:35:45,jm2308,jm2308,1340.0,0.0,0.0,0.0,1,1324.5,1349.5,1,1340.0,0.0,0.0,0.0,0.0,0.0,10
2023-05-09 21:35:46,jm2308,jm2308,1340.0,0.0,0.0,0.0,1,1325.0,1349.5,1,1340.0,0.0,0.0,0.0,0.0,0.0,10
2023-05-09 21:37:22,jm2308,jm2308,1340.0,0.0,0.0,0.0,1,1325.0,1349.0,1,1340.0,0.0,0.0,0.0,0.0,0.0,10
2023-05-09 21:37:24,jm2308,jm2308,1340.0,0.0,0.0,0.0,1,1325.0,1349.5,1,1340.0,0.0,0.0,0.0,0.0,0.0,10
2023-05-09 21:37:42,jm2308,jm2308,1340.0,0.0,0.0,0.0,1,1325.0,1349.0,1,1340.0,0.0,0.0,0.0,0.0,0.0,10
2023-05-09 21:38:20,jm2308,jm2308,1340.0,0.0,0.0,0.0,1,1325.0,1349.5,1,1340.0,0.0,0.0,0.0,0.0,0.0,10
2023-05-09 21:38:22,jm2308,jm2308,1340.0,0.0,0.0,0.0,1,1325.0,1349.0,1,1340.0,0.0,0.0,0.0,0.0,0.0,10
2023-05-09 21:39:08,jm2308,jm2308,1340.0,0.0,0.0,0.0,1,1325.0,1348.5,1,1340.0,0.0,0.0,0.0,0.0,0.0,10
2023-05-09 21:39:32,jm2308,jm2308,1340.0,0.0,0.0,0.0,1,1325.0,1348.0,1,1340.0,0.0,0.0,0.0,0.0,0.0,10
2023-05-09 21:39:42,jm2308,jm2308,1340.0,0.0,0.0,0.0,1,1325.0,1348.5,1,1340.0,0.0,0.0,0.0,0.0,0.0,10
2023-05-09 21:39:46,jm2308,jm2308,1340.0,0.0,0.0,0.0,1,1325.0,1348.0,1,1340.0,0.0,0.0,0.0,0.0,0.0,10
2023-05-09 21:39:47,jm2308,jm2308,1340.0,0.0,0.0,0.0,1,1325.0,1348.5,1,1340.0,0.0,0.0,0.0,0.0,0.0,10
2023-05-09 21:39:52,jm2308,jm2308,1340.0,0.0,0.0,0.0,1,1325.0,1348.0,1,1340.0,0.0,0.0,0.0,0.0,0.0,10
2023-05-09 21:39:53,jm2308,jm2308,1340.0,0.0,0.0,0.0,1,1325.0,1348.5,1,1340.0,0.0,0.0,0.0,0.0,0.0,10
2023-05-09 21:39:58,jm2308,jm2308,1340.0,0.0,0.0,0.0,1,1325.0,1348.0,1,1340.0,0.0,0.0,0.0,0.0,0.0,10
2023-05-09 21:40:00,jm2308,jm2308,1340.0,0.0,0.0,0.0,1,1325.0,1348.5,1,1340.0,0.0,0.0,0.0,0.0,0.0,10
2023-05-09 21:40:02,jm2308,jm2308,1340.0,0.0,0.0,0.0,1,1325.0,1348.0,1,1340.0,0.0,0.0,0.0,0.0,0.0,10
2023-05-09 21:40:03,jm2308,jm2308,1340.0,0.0,0.0,0.0,1,1325.0,1348.5,1,1340.0,0.0,0.0,0.0,0.0,0.0,10
2023-05-09 21:40:45,jm2308,jm2308,1340.0,0.0,0.0,0.0,1,1325.0,1348.0,1,1340.0,0.0,0.0,0.0,0.0,0.0,10
2023-05-09 21:40:56,jm2308,jm2308,1340.0,0.0,0.0,0.0,1,1325.0,1348.5,1,1340.0,0.0,0.0,0.0,0.0,0.0,10
2023-05-09 21:40:57,jm2308,jm2308,1340.0,0.0,0.0,0.0,1,1325.0,1348.0,1,1340.0,0.0,0.0,0.0,0.0,0.0,10
2023-05-09 21:41:52,jm2308,jm2308,1340.0,0.0,0.0,0.0,1,1325.0,1401.5,1,1340.0,0.0,0.0,0.0,0.0,0.0,10
2023-05-09 21:41:53,jm2308,jm2308,1340.0,0.0,0.0,0.0,1,1325.0,1358.5,1,1340.0,0.0,0.0,0.0,0.0,0.0,10
2023-05-09 21:42:00,jm2308,jm2308,1340.0,0.0,0.0,0.0,1,1325.0,1358.0,1,1340.0,0.0,0.0,0.0,0.0,0.0,10
2023-05-09 21:42:01,jm2308,jm2308,1340.0,0.0,0.0,0.0,1,1325.0,1356.0,1,1340.0,0.0,0.0,0.0,0.0,0.0,10
2023-05-09 21:42:44,jm2308,jm2308,1340.0,0.0,0.0,0.0,1,1325.0,1355.5,1,1340.0,0.0,0.0,0.0,0.0,0.0,10
2023-05-09 21:42:44,jm2308,jm2308,1340.0,0.0,0.0,0.0,1,1325.0,1353.5,1,1340.0,0.0,0.0,0.0,0.0,0.0,10
2023-05-09 21:43:27,jm2308,jm2308,1340.0,0.0,0.0,0.0,1,1325.0,1353.0,1,1340.0,0.0,0.0,0.0,0.0,0.0,10
2023-05-09 21:43:28,jm2308,jm2308,1340.0,0.0,0.0,0.0,1,1325.0,1351.0,1,1340.0,0.0,0.0,0.0,0.0,0.0,10
2023-05-09 21:44:10,jm2308,jm2308,1340.0,0.0,0.0,0.0,1,1325.0,1350.5,1,1340.0,0.0,0.0,0.0,0.0,0.0,10
2023-05-09 21:44:10,jm2308,jm2308,1340.0,0.0,0.0,0.0,1,1325.0,1349.5,1,1340.0,0.0,0.0,0.0,0.0,0.0,10
2023-05-09 21:44:53,jm2308,jm2308,1340.0,0.0,0.0,0.0,1,1325.0,1349.0,1,1340.0,0.0,0.0,0.0,0.0,0.0,10
2023-05-09 21:44:53,jm2308,jm2308,1340.0,0.0,0.0,0.0,1,1325.0,1348.5,1,1340.0,0.0,0.0,0.0,0.0,0.0,10
2023-05-09 21:44:56,jm2308,jm2308,1340.0,0.0,0.0,0.0,1,1325.0,1349.0,1,1340.0,0.0,0.0,0.0,0.0,0.0,10
2023-05-09 21:45:03,jm2308,jm2308,1340.0,0.0,0.0,0.0,1,1325.0,1348.5,1,1340.0,0.0,0.0,0.0,0.0,0.0,10
2023-05-09 21:45:05,jm2308,jm2308,1340.0,0.0,0.0,0.0,1,1325.0,1349.0,1,1340.0,0.0,0.0,0.0,0.0,0.0,10
2023-05-09 21:45:06,jm2308,jm2308,1340.0,0.0,0.0,0.0,1,1325.0,1348.5,1,1340.0,0.0,0.0,0.0,0.0,0.0,10
2023-05-09 21:45:57,jm2308,jm2308,1340.0,0.0,0.0,0.0,1,1325.0,1397.5,1,1340.0,0.0,0.0,0.0,0.0,0.0,10
2023-05-09 21:45:58,jm2308,jm2308,1340.0,0.0,0.0,0.0,1,1325.0,1359.0,1,1340.0,0.0,0.0,0.0,0.0,0.0,10
2023-05-09 21:46:19,jm2308,jm2308,1340.0,0.0,0.0,0.0,1,1325.0,1358.5,1,1340.0,0.0,0.0,0.0,0.0,0.0,10
2023-05-09 21:46:20,jm2308,jm2308,1340.0,0.0,0.0,0.0,1,1325.0,1356.5,1,1340.0,0.0,0.0,0.0,0.0,0.0,10
2023-05-09 21:47:02,jm2308,jm2308,1340.0,0.0,0.0,0.0,1,1325.0,1356.0,1,1340.0,0.0,0.0,0.0,0.0,0.0,10
2023-05-09 21:47:03,jm2308,jm2308,1340.0,0.0,0.0,0.0,1,1325.0,1354.0,1,1340.0,0.0,0.0,0.0,0.0,0.0,10
2023-05-09 21:47:45,jm2308,jm2308,1340.0,0.0,0.0,0.0,1,1325.0,1353.5,1,1340.0,0.0,0.0,0.0,0.0,0.0,10
2023-05-09 21:47:45,jm2308,jm2308,1340.0,0.0,0.0,0.0,1,1325.0,1352.5,1,1340.0,0.0,0.0,0.0,0.0,0.0,10
2023-05-09 21:48:30,jm2308,jm2308,1340.0,0.0,0.0,0.0,1,1325.0,1352.0,1,1340.0,0.0,0.0,0.0,0.0,0.0,10
2023-05-09 21:48:30,jm2308,jm2308,1340.0,0.0,0.0,0.0,1,1325.0,1351.0,1,1340.0,0.0,0.0,0.0,0.0,0.0,10
2023-05-09 21:49:00,jm2308,jm2308,1340.0,0.0,0.0,0.0,1,1325.0,1352.0,1,1340.0,0.0,0.0,0.0,0.0,0.0,10
2023-05-09 21:49:00,jm2308,jm2308,1340.0,0.0,0.0,0.0,1,1325.0,1351.5,1,1340.0,0.0,0.0,0.0,0.0,0.0,10
2023-05-09 21:49:10,jm2308,jm2308,1340.0,0.0,0.0,0.0,1,1325.0,1395.0,2,1340.0,0.0,0.0,0.0,0.0,0.0,10
2023-05-09 21:49:10,jm2308,jm2308,1340.0,0.0,0.0,0.0,1,1325.0,1361.5,1,1340.0,0.0,0.0,0.0,0.0,0.0,10
2023-05-09 21:49:13,jm2308,jm2308,1340.0,0.0,0.0,0.0,1,1325.0,1361.0,1,1340.0,0.0,0.0,0.0,0.0,0.0,10
2023-05-09 21:49:14,jm2308,jm2308,1340.0,0.0,0.0,0.0,1,1325.0,1359.0,1,1340.0,0.0,0.0,0.0,0.0,0.0,10
2023-05-09 21:49:57,jm2308,jm2308,1340.0,0.0,0.0,0.0,1,1325.0,1358.5,1,1340.0,0.0,0.0,0.0,0.0,0.0,10
2023-05-09 21:49:57,jm2308,jm2308,1340.0,0.0,0.0,0.0,1,1325.0,1356.5,1,1340.0,0.0,0.0,0.0,0.0,0.0,10
2023-05-09 21:50:42,jm2308,jm2308,1340.0,0.0,0.0,0.0,1,1325.0,1356.0,1,1340.0,0.0,0.0,0.0,0.0,0.0,10
2023-05-09 21:50:42,jm2308,jm2308,1340.0,0.0,0.0,0.0,1,1325.0,1355.0,1,1340.0,0.0,0.0,0.0,0.0,0.0,10
2023-05-09 21:50:44,jm2308,jm2308,1340.0,0.0,0.0,0.0,1,1325.5,1355.0,1,1340.0,0.0,0.0,0.0,0.0,0.0,10
2023-05-09 21:50:44,jm2308,jm2308,1340.0,0.0,0.0,0.0,1,1326.0,1355.0,1,1340.0,0.0,0.0,0.0,0.0,0.0,10
2023-05-09 21:50:45,jm2308,jm2308,1340.0,0.0,0.0,0.0,1,1326.5,1355.0,1,1340.0,0.0,0.0,0.0,0.0,0.0,10
2023-05-09 21:50:45,jm2308,jm2308,1340.0,0.0,0.0,0.0,1,1327.0,1355.0,1,1340.0,0.0,0.0,0.0,0.0,0.0,10
2023-05-09 21:51:12,jm2308,jm2308,1340.0,0.0,0.0,0.0,1,1327.0,1356.0,1,1340.0,0.0,0.0,0.0,0.0,0.0,10
2023-05-09 21:51:12,jm2308,jm2308,1340.0,0.0,0.0,0.0,1,1327.0,1355.5,1,1340.0,0.0,0.0,0.0,0.0,0.0,10
2023-05-09 21:51:24,jm2308,jm2308,1340.0,0.0,0.0,0.0,1,1327.0,1355.0,1,1340.0,0.0,0.0,0.0,0.0,0.0,10
2023-05-09 21:51:38,jm2308,jm2308,1340.0,0.0,0.0,0.0,1,1327.0,1354.5,1,1340.0,0.0,0.0,0.0,0.0,0.0,10
2023-05-09 21:51:40,jm2308,jm2308,1340.0,0.0,0.0,0.0,1,1327.0,1355.0,1,1340.0,0.0,0.0,0.0,0.0,0.0,10
2023-05-09 21:51:45,jm2308,jm2308,1340.0,0.0,0.0,0.0,1,1327.5,1355.0,1,1340.0,0.0,0.0,0.0,0.0,0.0,10
2023-05-09 21:51:45,jm2308,jm2308,1340.0,0.0,0.0,0.0,1,1328.0,1355.0,1,1340.0,0.0,0.0,0.0,0.0,0.0,10
2023-05-09 21:52:07,jm2308,jm2308,1340.0,0.0,0.0,0.0,1,1328.0,1354.5,1,1340.0,0.0,0.0,0.0,0.0,0.0,10
2023-05-09 21:52:09,jm2308,jm2308,1340.0,0.0,0.0,0.0,1,1328.0,1355.0,1,1340.0,0.0,0.0,0.0,0.0,0.0,10
2023-05-09 21:52:10,jm2308,jm2308,1340.0,0.0,0.0,0.0,1,1328.0,1354.5,1,1340.0,0.0,0.0,0.0,0.0,0.0,10
2023-05-09 21:52:10,jm2308,jm2308,1340.0,0.0,0.0,0.0,1,1328.0,1355.0,1,1340.0,0.0,0.0,0.0,0.0,0.0,10
2023-05-09 21:52:11,jm2308,jm2308,1340.0,0.0,0.0,0.0,1,1328.0,1354.5,1,1340.0,0.0,0.0,0.0,0.0,0.0,10
2023-05-09 21:52:52,jm2308,jm2308,1340.0,0.0,0.0,0.0,1,1328.0,1354.0,1,1340.0,0.0,0.0,0.0,0.0,0.0,10
2023-05-09 21:53:13,jm2308,jm2308,1340.0,0.0,0.0,0.0,1,1328.0,1353.5,1,1340.0,0.0,0.0,0.0,0.0,0.0,10
2023-05-09 21:54:02,jm2308,jm2308,1340.0,0.0,0.0,0.0,1,1328.0,1395.0,2,1340.0,0.0,0.0,0.0,0.0,0.0,10
2023-05-09 21:54:02,jm2308,jm2308,1340.0,0.0,0.0,0.0,1,1328.0,1364.0,1,1340.0,0.0,0.0,0.0,0.0,0.0,10
2023-05-09 21:54:11,jm2308,jm2308,1340.0,0.0,0.0,0.0,1,1328.5,1364.0,1,1340.0,0.0,0.0,0.0,0.0,0.0,10
2023-05-09 21:54:12,jm2308,jm2308,1340.0,0.0,0.0,0.0,1,1329.0,1364.0,1,1340.0,0.0,0.0,0.0,0.0,0.0,10
2023-05-09 21:54:14,jm2308,jm2308,1340.0,0.0,0.0,0.0,1,1329.5,1364.0,1,1340.0,0.0,0.0,0.0,0.0,0.0,10
2023-05-09 21:54:14,jm2308,jm2308,1340.0,0.0,0.0,0.0,1,1330.0,1364.0,1,1340.0,0.0,0.0,0.0,0.0,0.0,10
2023-05-09 21:54:17,jm2308,jm2308,1340.0,0.0,0.0,0.0,1,1330.0,1363.5,1,1340.0,0.0,0.0,0.0,0.0,0.0,10
2023-05-09 21:54:17,jm2308,jm2308,1340.0,0.0,0.0,0.0,1,1330.0,1361.5,1,1340.0,0.0,0.0,0.0,0.0,0.0,10
2023-05-09 21:54:54,jm2308,jm2308,1340.0,0.0,0.0,0.0,1,1330.5,1361.5,1,1340.0,0.0,0.0,0.0,0.0,0.0,10
2023-05-09 21:54:54,jm2308,jm2308,1340.0,0.0,0.0,0.0,1,1331.0,1361.5,1,1340.0,0.0,0.0,0.0,0.0,0.0,10
2023-05-09 21:54:55,jm2308,jm2308,1340.0,0.0,0.0,0.0,1,1331.5,1361.5,1,1340.0,0.0,0.0,0.0,0.0,0.0,10
2023-05-09 21:54:56,jm2308,jm2308,1340.0,0.0,0.0,0.0,1,1332.0,1361.5,1,1340.0,0.0,0.0,0.0,0.0,0.0,10
2023-05-09 21:55:00,jm2308,jm2308,1340.0,0.0,0.0,0.0,1,1332.0,1361.0,1,1340.0,0.0,0.0,0.0,0.0,0.0,10
2023-05-09 21:55:01,jm2308,jm2308,1340.0,0.0,0.0,0.0,1,1332.0,1360.5,1,1340.0,0.0,0.0,0.0,0.0,0.0,10
2023-05-09 21:55:43,jm2308,jm2308,1340.0,0.0,0.0,0.0,1,1332.0,1360.0,1,1340.0,0.0,0.0,0.0,0.0,0.0,10
2023-05-09 21:55:43,jm2308,jm2308,1340.0,0.0,0.0,0.0,1,1332.0,1359.5,1,1340.0,0.0,0.0,0.0,0.0,0.0,10
2023-05-09 21:56:26,jm2308,jm2308,1340.0,0.0,0.0,0.0,1,1332.0,1359.0,1,1340.0,0.0,0.0,0.0,0.0,0.0,10
2023-05-09 21:56:27,jm2308,jm2308,1340.0,0.0,0.0,0.0,1,1332.0,1358.0,1,1340.0,0.0,0.0,0.0,0.0,0.0,10
2023-05-09 21:57:10,jm2308,jm2308,1340.0,0.0,0.0,0.0,1,1332.0,1357.5,1,1340.0,0.0,0.0,0.0,0.0,0.0,10
2023-05-09 21:57:11,jm2308,jm2308,1340.0,0.0,0.0,0.0,1,1332.0,1356.5,1,1340.0,0.0,0.0,0.0,0.0,0.0,10
2023-05-09 21:57:23,jm2308,jm2308,1340.0,0.0,0.0,0.0,1,1332.0,1357.5,1,1340.0,0.0,0.0,0.0,0.0,0.0,10
2023-05-09 21:57:23,jm2308,jm2308,1340.0,0.0,0.0,0.0,1,1332.0,1357.0,1,1340.0,0.0,0.0,0.0,0.0,0.0,10
2023-05-09 21:57:26,jm2308,jm2308,1340.0,0.0,0.0,0.0,1,1332.0,1357.5,1,1340.0,0.0,0.0,0.0,0.0,0.0,10
2023-05-09 21:57:27,jm2308,jm2308,1340.0,0.0,0.0,0.0,1,1332.0,1357.0,1,1340.0,0.0,0.0,0.0,0.0,0.0,10
2023-05-09 21:57:28,jm2308,jm2308,1340.0,0.0,0.0,0.0,1,1332.0,1357.5,1,1340.0,0.0,0.0,0.0,0.0,0.0,10
2023-05-09 21:57:46,jm2308,jm2308,1340.0,0.0,0.0,0.0,1,1332.0,1357.0,1,1340.0,0.0,0.0,0.0,0.0,0.0,10
2023-05-09 21:57:46,jm2308,jm2308,1340.0,0.0,0.0,0.0,1,1332.0,1357.5,1,1340.0,0.0,0.0,0.0,0.0,0.0,10
2023-05-09 21:57:47,jm2308,jm2308,1340.0,0.0,0.0,0.0,1,1332.0,1357.0,1,1340.0,0.0,0.0,0.0,0.0,0.0,10
2023-05-09 21:58:03,jm2308,jm2308,1340.0,0.0,0.0,0.0,1,1332.0,1357.5,1,1340.0,0.0,0.0,0.0,0.0,0.0,10
2023-05-09 21:58:18,jm2308,jm2308,1340.0,0.0,0.0,0.0,1,1332.0,1357.0,1,1340.0,0.0,0.0,0.0,0.0,0.0,10
2023-05-09 21:58:28,jm2308,jm2308,1340.0,0.0,0.0,0.0,1,1332.0,1357.5,1,1340.0,0.0,0.0,0.0,0.0,0.0,10
2023-05-09 21:59:03,jm2308,jm2308,1340.0,0.0,0.0,0.0,1,1332.0,1357.0,1,1340.0,0.0,0.0,0.0,0.0,0.0,10
2023-05-09 21:59:04,jm2308,jm2308,1340.0,0.0,0.0,0.0,1,1332.0,1357.5,1,1340.0,0.0,0.0,0.0,0.0,0.0,10
2023-05-09 21:59:04,jm2308,jm2308,1340.0,0.0,0.0,0.0,1,1332.0,1357.0,1,1340.0,0.0,0.0,0.0,0.0,0.0,10
2023-05-09 21:59:05,jm2308,jm2308,1340.0,0.0,0.0,0.0,1,1332.0,1357.5,1,1340.0,0.0,0.0,0.0,0.0,0.0,10
2023-05-09 21:59:05,jm2308,jm2308,1340.0,0.0,0.0,0.0,1,1332.0,1357.0,1,1340.0,0.0,0.0,0.0,0.0,0.0,10
2023-05-09 22:00:04,jm2308,jm2308,1340.0,0.0,0.0,0.0,1,1332.0,1356.5,1,1340.0,0.0,0.0,0.0,0.0,0.0,10
2023-05-09 22:00:09,jm2308,jm2308,1340.0,0.0,0.0,0.0,1,1332.0,1356.0,1,1340.0,0.0,0.0,0.0,0.0,0.0,10
2023-05-09 22:00:38,jm2308,jm2308,1340.0,0.0,0.0,0.0,1,1297.5,1356.0,1,1340.0,0.0,0.0,0.0,0.0,0.0,10
2023-05-09 22:00:39,jm2308,jm2308,1340.0,0.0,0.0,0.0,1,1312.0,1356.0,1,1340.0,0.0,0.0,0.0,0.0,0.0,10
2023-05-09 22:00:40,jm2308,jm2308,1340.0,0.0,0.0,0.0,1,1314.5,1356.0,1,1340.0,0.0,0.0,0.0,0.0,0.0,10
2023-05-09 22:00:40,jm2308,jm2308,1340.0,0.0,0.0,0.0,1,1316.5,1356.0,1,1340.0,0.0,0.0,0.0,0.0,0.0,10
2023-05-09 22:00:40,jm2308,jm2308,1340.0,0.0,0.0,0.0,1,1317.0,1356.0,1,1340.0,0.0,0.0,0.0,0.0,0.0,10
2023-05-09 22:00:41,jm2308,jm2308,1340.0,0.0,0.0,0.0,1,1319.0,1356.0,1,1340.0,0.0,0.0,0.0,0.0,0.0,10
2023-05-09 22:00:41,jm2308,jm2308,1340.0,0.0,0.0,0.0,1,1319.5,1356.0,1,1340.0,0.0,0.0,0.0,0.0,0.0,10
2023-05-09 22:00:42,jm2308,jm2308,1340.0,0.0,0.0,0.0,1,1320.0,1356.0,1,1340.0,0.0,0.0,0.0,0.0,0.0,10
2023-05-09 22:00:42,jm2308,jm2308,1340.0,0.0,0.0,0.0,1,1320.5,1356.0,1,1340.0,0.0,0.0,0.0,0.0,0.0,10
2023-05-09 22:00:43,jm2308,jm2308,1340.0,0.0,0.0,0.0,1,1321.0,1356.0,1,1340.0,0.0,0.0,0.0,0.0,0.0,10
2023-05-09 22:00:43,jm2308,jm2308,1340.0,0.0,0.0,0.0,1,1321.5,1356.0,1,1340.0,0.0,0.0,0.0,0.0,0.0,10
2023-05-09 22:00:48,jm2308,jm2308,1340.0,0.0,0.0,0.0,1,1321.5,1355.5,1,1340.0,0.0,0.0,0.0,0.0,0.0,10
2023-05-09 22:00:49,jm2308,jm2308,1340.0,0.0,0.0,0.0,1,1321.5,1353.5,1,1340.0,0.0,0.0,0.0,0.0,0.0,10
2023-05-09 22:01:31,jm2308,jm2308,1340.0,0.0,0.0,0.0,1,1321.5,1353.0,1,1340.0,0.0,0.0,0.0,0.0,0.0,10
2023-05-09 22:01:32,jm2308,jm2308,1340.0,0.0,0.0,0.0,1,1321.5,1352.0,1,1340.0,0.0,0.0,0.0,0.0,0.0,10
2023-05-09 22:02:14,jm2308,jm2308,1340.0,0.0,0.0,0.0,1,1321.5,1351.5,1,1340.0,0.0,0.0,0.0,0.0,0.0,10
2023-05-09 22:02:15,jm2308,jm2308,1340.0,0.0,0.0,0.0,1,1321.5,1349.5,1,1340.0,0.0,0.0,0.0,0.0,0.0,10
2023-05-09 22:02:58,jm2308,jm2308,1340.0,0.0,0.0,0.0,1,1321.5,1349.0,1,1340.0,0.0,0.0,0.0,0.0,0.0,10
2023-05-09 22:03:03,jm2308,jm2308,1340.0,0.0,0.0,0.0,1,1321.5,1348.5,1,1340.0,0.0,0.0,0.0,0.0,0.0,10
2023-05-09 22:03:05,jm2308,jm2308,1340.0,0.0,0.0,0.0,1,1321.5,1349.0,1,1340.0,0.0,0.0,0.0,0.0,0.0,10
2023-05-09 22:03:13,jm2308,jm2308,1340.0,0.0,0.0,0.0,1,1321.5,1348.5,1,1340.0,0.0,0.0,0.0,0.0,0.0,10
2023-05-09 22:04:23,jm2308,jm2308,1340.0,0.0,0.0,0.0,1,1321.5,1348.0,1,1340.0,0.0,0.0,0.0,0.0,0.0,10
2023-05-09 22:04:23,jm2308,jm2308,1340.0,0.0,0.0,0.0,1,1321.5,1347.5,1,1340.0,0.0,0.0,0.0,0.0,0.0,10
2023-05-09 22:04:33,jm2308,jm2308,1340.0,0.0,0.0,0.0,1,1321.5,1348.0,1,1340.0,0.0,0.0,0.0,0.0,0.0,10
2023-05-09 22:04:35,jm2308,jm2308,1340.0,0.0,0.0,0.0,1,1321.5,1347.5,1,1340.0,0.0,0.0,0.0,0.0,0.0,10
2023-05-09 22:04:38,jm2308,jm2308,1340.0,0.0,0.0,0.0,1,1321.5,1348.0,1,1340.0,0.0,0.0,0.0,0.0,0.0,10
2023-05-09 22:04:39,jm2308,jm2308,1340.0,0.0,0.0,0.0,1,1321.5,1347.5,1,1340.0,0.0,0.0,0.0,0.0,0.0,10
2023-05-09 22:04:41,jm2308,jm2308,1340.0,0.0,0.0,0.0,1,1321.5,1348.0,1,1340.0,0.0,0.0,0.0,0.0,0.0,10
2023-05-09 22:04:42,jm2308,jm2308,1340.0,0.0,0.0,0.0,1,1321.5,1347.5,1,1340.0,0.0,0.0,0.0,0.0,0.0,10
2023-05-09 22:04:43,jm2308,jm2308,1340.0,0.0,0.0,0.0,1,1321.5,1348.0,1,1340.0,0.0,0.0,0.0,0.0,0.0,10
2023-05-09 22:04:44,jm2308,jm2308,1340.0,0.0,0.0,0.0,1,1321.5,1347.5,1,1340.0,0.0,0.0,0.0,0.0,0.0,10
2023-05-09 22:04:45,jm2308,jm2308,1340.0,0.0,0.0,0.0,1,1321.5,1348.0,1,1340.0,0.0,0.0,0.0,0.0,0.0,10
2023-05-09 22:05:16,jm2308,jm2308,1340.0,0.0,0.0,0.0,1,1322.0,1348.0,1,1340.0,0.0,0.0,0.0,0.0,0.0,10
2023-05-09 22:05:17,jm2308,jm2308,1340.0,0.0,0.0,0.0,1,1322.5,1348.0,1,1340.0,0.0,0.0,0.0,0.0,0.0,10
2023-05-09 22:08:04,jm2308,jm2308,1340.0,0.0,0.0,0.0,1,1323.0,1348.0,1,1340.0,0.0,0.0,0.0,0.0,0.0,10
2023-05-09 22:08:05,jm2308,jm2308,1340.0,0.0,0.0,0.0,1,1323.5,1348.0,1,1340.0,0.0,0.0,0.0,0.0,0.0,10
2023-05-09 22:08:19,jm2308,jm2308,1340.0,0.0,0.0,0.0,1,1324.0,1348.0,1,1340.0,0.0,0.0,0.0,0.0,0.0,10
2023-05-09 22:08:19,jm2308,jm2308,1340.0,0.0,0.0,0.0,1,1324.5,1348.0,1,1340.0,0.0,0.0,0.0,0.0,0.0,10
2023-05-09 22:17:01,jm2308,jm2308,1340.0,0.0,0.0,0.0,1,1325.0,1348.0,1,1340.0,0.0,0.0,0.0,0.0,0.0,10
2023-05-09 22:17:02,jm2308,jm2308,1340.0,0.0,0.0,0.0,1,1325.5,1348.0,1,1340.0,0.0,0.0,0.0,0.0,0.0,10
2023-05-09 22:17:03,jm2308,jm2308,1340.0,0.0,0.0,0.0,1,1325.5,1409.0,1,1340.0,0.0,0.0,0.0,0.0,0.0,10
2023-05-09 22:17:03,jm2308,jm2308,1340.0,0.0,0.0,0.0,1,1325.5,1363.5,1,1340.0,0.0,0.0,0.0,0.0,0.0,10
2023-05-09 22:17:09,jm2308,jm2308,1340.0,0.0,0.0,0.0,1,1326.0,1363.5,1,1340.0,0.0,0.0,0.0,0.0,0.0,10
2023-05-09 22:17:10,jm2308,jm2308,1340.0,0.0,0.0,0.0,1,1326.5,1363.5,1,1340.0,0.0,0.0,0.0,0.0,0.0,10
2023-05-09 22:17:15,jm2308,jm2308,1340.0,0.0,0.0,0.0,1,1326.5,1363.0,1,1340.0,0.0,0.0,0.0,0.0,0.0,10
2023-05-09 22:17:15,jm2308,jm2308,1340.0,0.0,0.0,0.0,1,1326.5,1361.0,1,1340.0,0.0,0.0,0.0,0.0,0.0,10
2023-05-09 22:17:57,jm2308,jm2308,1340.0,0.0,0.0,0.0,1,1326.5,1360.5,1,1340.0,0.0,0.0,0.0,0.0,0.0,10
2023-05-09 22:17:57,jm2308,jm2308,1340.0,0.0,0.0,0.0,1,1326.5,1358.5,1,1340.0,0.0,0.0,0.0,0.0,0.0,10
2023-05-09 22:18:15,jm2308,jm2308,1340.0,0.0,0.0,0.0,1,1327.0,1358.5,1,1340.0,0.0,0.0,0.0,0.0,0.0,10
2023-05-09 22:18:16,jm2308,jm2308,1340.0,0.0,0.0,0.0,1,1327.5,1358.5,1,1340.0,0.0,0.0,0.0,0.0,0.0,10
2023-05-09 22:18:40,jm2308,jm2308,1340.0,0.0,0.0,0.0,1,1327.5,1358.0,1,1340.0,0.0,0.0,0.0,0.0,0.0,10
2023-05-09 22:18:40,jm2308,jm2308,1340.0,0.0,0.0,0.0,1,1327.5,1357.5,1,1340.0,0.0,0.0,0.0,0.0,0.0,10
2023-05-09 22:19:22,jm2308,jm2308,1340.0,0.0,0.0,0.0,1,1327.5,1357.0,1,1340.0,0.0,0.0,0.0,0.0,0.0,10
2023-05-09 22:19:22,jm2308,jm2308,1340.0,0.0,0.0,0.0,1,1327.5,1356.5,1,1340.0,0.0,0.0,0.0,0.0,0.0,10
2023-05-09 22:20:05,jm2308,jm2308,1340.0,0.0,0.0,0.0,1,1327.5,1356.0,1,1340.0,0.0,0.0,0.0,0.0,0.0,10
2023-05-09 22:20:05,jm2308,jm2308,1340.0,0.0,0.0,0.0,1,1327.5,1355.5,1,1340.0,0.0,0.0,0.0,0.0,0.0,10
2023-05-09 22:20:48,jm2308,jm2308,1340.0,0.0,0.0,0.0,1,1327.5,1355.0,1,1340.0,0.0,0.0,0.0,0.0,0.0,10
2023-05-09 22:20:49,jm2308,jm2308,1340.0,0.0,0.0,0.0,1,1327.5,1354.0,1,1340.0,0.0,0.0,0.0,0.0,0.0,10
2023-05-09 22:21:31,jm2308,jm2308,1340.0,0.0,0.0,0.0,1,1327.5,1353.5,1,1340.0,0.0,0.0,0.0,0.0,0.0,10
2023-05-09 22:21:32,jm2308,jm2308,1340.0,0.0,0.0,0.0,1,1327.5,1351.5,1,1340.0,0.0,0.0,0.0,0.0,0.0,10
2023-05-09 22:22:15,jm2308,jm2308,1340.0,0.0,0.0,0.0,1,1327.5,1351.0,1,1340.0,0.0,0.0,0.0,0.0,0.0,10
2023-05-09 22:22:16,jm2308,jm2308,1340.0,0.0,0.0,0.0,1,1327.5,1350.0,1,1340.0,0.0,0.0,0.0,0.0,0.0,10
2023-05-09 22:22:59,jm2308,jm2308,1340.0,0.0,0.0,0.0,1,1328.0,1350.0,1,1340.0,0.0,0.0,0.0,0.0,0.0,10
2023-05-09 22:22:59,jm2308,jm2308,1340.0,0.0,0.0,0.0,1,1328.5,1350.0,1,1340.0,0.0,0.0,0.0,0.0,0.0,10
2023-05-09 22:23:02,jm2308,jm2308,1340.0,0.0,0.0,0.0,1,1297.5,1350.0,1,1340.0,0.0,0.0,0.0,0.0,0.0,10
2023-05-09 22:23:02,jm2308,jm2308,1340.0,0.0,0.0,0.0,1,1309.0,1350.0,1,1340.0,0.0,0.0,0.0,0.0,0.0,10
2023-05-09 22:23:03,jm2308,jm2308,1340.0,0.0,0.0,0.0,1,1311.5,1350.0,1,1340.0,0.0,0.0,0.0,0.0,0.0,10
2023-05-09 22:23:03,jm2308,jm2308,1340.0,0.0,0.0,0.0,1,1313.5,1350.0,1,1340.0,0.0,0.0,0.0,0.0,0.0,10
2023-05-09 22:23:04,jm2308,jm2308,1340.0,0.0,0.0,0.0,1,1314.0,1350.0,1,1340.0,0.0,0.0,0.0,0.0,0.0,10
2023-05-09 22:23:05,jm2308,jm2308,1340.0,0.0,0.0,0.0,1,1316.0,1350.0,1,1340.0,0.0,0.0,0.0,0.0,0.0,10
2023-05-09 22:23:05,jm2308,jm2308,1340.0,0.0,0.0,0.0,1,1316.5,1350.0,1,1340.0,0.0,0.0,0.0,0.0,0.0,10
2023-05-09 22:23:06,jm2308,jm2308,1340.0,0.0,0.0,0.0,1,1317.5,1350.0,1,1340.0,0.0,0.0,0.0,0.0,0.0,10
2023-05-09 22:23:06,jm2308,jm2308,1340.0,0.0,0.0,0.0,1,1318.0,1350.0,1,1340.0,0.0,0.0,0.0,0.0,0.0,10
2023-05-09 22:23:07,jm2308,jm2308,1340.0,0.0,0.0,0.0,1,1318.5,1350.0,1,1340.0,0.0,0.0,0.0,0.0,0.0,10
2023-05-09 22:23:07,jm2308,jm2308,1340.0,0.0,0.0,0.0,1,1319.0,1350.0,1,1340.0,0.0,0.0,0.0,0.0,0.0,10
2023-05-09 22:23:10,jm2308,jm2308,1340.0,0.0,0.0,0.0,1,1319.5,1350.0,1,1340.0,0.0,0.0,0.0,0.0,0.0,10
2023-05-09 22:23:10,jm2308,jm2308,1340.0,0.0,0.0,0.0,1,1320.0,1350.0,1,1340.0,0.0,0.0,0.0,0.0,0.0,10
2023-05-09 22:23:42,jm2308,jm2308,1340.0,0.0,0.0,0.0,1,1320.0,1349.5,1,1340.0,0.0,0.0,0.0,0.0,0.0,10
2023-05-09 22:23:42,jm2308,jm2308,1340.0,0.0,0.0,0.0,1,1320.0,1347.5,1,1340.0,0.0,0.0,0.0,0.0,0.0,10
2023-05-09 22:24:26,jm2308,jm2308,1340.0,0.0,0.0,0.0,1,1320.0,1347.0,1,1340.0,0.0,0.0,0.0,0.0,0.0,10
2023-05-09 22:24:26,jm2308,jm2308,1340.0,0.0,0.0,0.0,1,1320.0,1346.5,1,1340.0,0.0,0.0,0.0,0.0,0.0,10
2023-05-09 22:25:09,jm2308,jm2308,1340.0,0.0,0.0,0.0,1,1320.0,1346.0,1,1340.0,0.0,0.0,0.0,0.0,0.0,10
2023-05-09 22:25:09,jm2308,jm2308,1340.0,0.0,0.0,0.0,1,1320.0,1345.5,1,1340.0,0.0,0.0,0.0,0.0,0.0,10
2023-05-09 22:25:15,jm2308,jm2308,1340.0,0.0,0.0,0.0,1,1320.0,1346.0,1,1340.0,0.0,0.0,0.0,0.0,0.0,10
2023-05-09 22:25:22,jm2308,jm2308,1340.0,0.0,0.0,0.0,1,1320.0,1345.5,1,1340.0,0.0,0.0,0.0,0.0,0.0,10
2023-05-09 22:26:34,jm2308,jm2308,1340.0,0.0,0.0,0.0,1,1320.0,1345.0,1,1340.0,0.0,0.0,0.0,0.0,0.0,10
2023-05-09 22:26:34,jm2308,jm2308,1340.0,0.0,0.0,0.0,1,1320.0,1344.0,1,1340.0,0.0,0.0,0.0,0.0,0.0,10
2023-05-09 22:27:19,jm2308,jm2308,1340.0,0.0,0.0,0.0,1,1320.0,1343.5,1,1340.0,0.0,0.0,0.0,0.0,0.0,10
2023-05-09 22:32:13,jm2308,jm2308,1340.0,0.0,0.0,0.0,1,1320.0,1343.0,1,1340.0,0.0,0.0,0.0,0.0,0.0,10
2023-05-09 22:32:16,jm2308,jm2308,1340.0,0.0,0.0,0.0,1,1320.0,1343.5,1,1340.0,0.0,0.0,0.0,0.0,0.0,10
2023-05-09 22:32:18,jm2308,jm2308,1340.0,0.0,0.0,0.0,1,1320.0,1343.0,1,1340.0,0.0,0.0,0.0,0.0,0.0,10
2023-05-09 22:32:18,jm2308,jm2308,1340.0,0.0,0.0,0.0,1,1320.0,1343.5,1,1340.0,0.0,0.0,0.0,0.0,0.0,10
2023-05-09 22:32:19,jm2308,jm2308,1340.0,0.0,0.0,0.0,1,1320.0,1395.5,1,1340.0,0.0,0.0,0.0,0.0,0.0,10
2023-05-09 22:32:19,jm2308,jm2308,1340.0,0.0,0.0,0.0,1,1320.0,1353.5,1,1340.0,0.0,0.0,0.0,0.0,0.0,10
2023-05-09 22:32:39,jm2308,jm2308,1340.0,0.0,0.0,0.0,1,1297.5,1353.5,1,1340.0,0.0,0.0,0.0,0.0,0.0,10
2023-05-09 22:32:40,jm2308,jm2308,1340.0,0.0,0.0,0.0,1,1300.5,1353.5,1,1340.0,0.0,0.0,0.0,0.0,0.0,10
2023-05-09 22:32:40,jm2308,jm2308,1340.0,0.0,0.0,0.0,1,1303.0,1353.5,1,1340.0,0.0,0.0,0.0,0.0,0.0,10
2023-05-09 22:32:41,jm2308,jm2308,1340.0,0.0,0.0,0.0,1,1305.0,1353.5,1,1340.0,0.0,0.0,0.0,0.0,0.0,10
2023-05-09 22:32:41,jm2308,jm2308,1340.0,0.0,0.0,0.0,1,1305.5,1353.5,1,1340.0,0.0,0.0,0.0,0.0,0.0,10
2023-05-09 22:32:42,jm2308,jm2308,1340.0,0.0,0.0,0.0,1,1307.5,1353.5,1,1340.0,0.0,0.0,0.0,0.0,0.0,10
2023-05-09 22:32:42,jm2308,jm2308,1340.0,0.0,0.0,0.0,1,1308.0,1353.5,1,1340.0,0.0,0.0,0.0,0.0,0.0,10
2023-05-09 22:32:43,jm2308,jm2308,1340.0,0.0,0.0,0.0,1,1309.0,1353.5,1,1340.0,0.0,0.0,0.0,0.0,0.0,10
2023-05-09 22:32:43,jm2308,jm2308,1340.0,0.0,0.0,0.0,1,1309.5,1353.5,1,1340.0,0.0,0.0,0.0,0.0,0.0,10
2023-05-09 22:32:44,jm2308,jm2308,1340.0,0.0,0.0,0.0,1,1310.0,1353.5,1,1340.0,0.0,0.0,0.0,0.0,0.0,10
2023-05-09 22:32:44,jm2308,jm2308,1340.0,0.0,0.0,0.0,1,1310.5,1353.5,1,1340.0,0.0,0.0,0.0,0.0,0.0,10
2023-05-09 22:32:49,jm2308,jm2308,1340.0,0.0,0.0,0.0,1,1311.0,1353.5,1,1340.0,0.0,0.0,0.0,0.0,0.0,10
2023-05-09 22:32:50,jm2308,jm2308,1340.0,0.0,0.0,0.0,1,1311.5,1353.5,1,1340.0,0.0,0.0,0.0,0.0,0.0,10
2023-05-09 22:32:58,jm2308,jm2308,1340.0,0.0,0.0,0.0,1,1311.5,1353.0,1,1340.0,0.0,0.0,0.0,0.0,0.0,10
2023-05-09 22:32:58,jm2308,jm2308,1340.0,0.0,0.0,0.0,1,1312.0,1350.5,1,1340.0,0.0,0.0,0.0,0.0,0.0,10
2023-05-09 22:32:58,jm2308,jm2308,1340.0,0.0,0.0,0.0,1,1312.5,1350.5,1,1340.0,0.0,0.0,0.0,0.0,0.0,10
2023-05-09 22:33:41,jm2308,jm2308,1340.0,0.0,0.0,0.0,1,1312.5,1350.0,1,1340.0,0.0,0.0,0.0,0.0,0.0,10
2023-05-09 22:33:42,jm2308,jm2308,1340.0,0.0,0.0,0.0,1,1312.5,1348.0,1,1340.0,0.0,0.0,0.0,0.0,0.0,10
2023-05-09 22:34:25,jm2308,jm2308,1340.0,0.0,0.0,0.0,1,1312.5,1347.5,1,1340.0,0.0,0.0,0.0,0.0,0.0,10
2023-05-09 22:34:25,jm2308,jm2308,1340.0,0.0,0.0,0.0,1,1312.5,1345.5,1,1340.0,0.0,0.0,0.0,0.0,0.0,10
2023-05-09 22:35:09,jm2308,jm2308,1340.0,0.0,0.0,0.0,1,1312.5,1345.0,1,1340.0,0.0,0.0,0.0,0.0,0.0,10
2023-05-09 22:35:09,jm2308,jm2308,1340.0,0.0,0.0,0.0,1,1312.5,1343.0,1,1340.0,0.0,0.0,0.0,0.0,0.0,10
2023-05-09 22:35:52,jm2308,jm2308,1340.0,0.0,0.0,0.0,1,1312.5,1342.5,1,1340.0,0.0,0.0,0.0,0.0,0.0,10
2023-05-09 22:35:52,jm2308,jm2308,1340.0,0.0,0.0,0.0,1,1312.5,1341.5,1,1340.0,0.0,0.0,0.0,0.0,0.0,10
2023-05-09 22:36:27,jm2308,jm2308,1340.0,0.0,0.0,0.0,1,1313.0,1341.5,1,1340.0,0.0,0.0,0.0,0.0,0.0,10
2023-05-09 22:36:27,jm2308,jm2308,1340.0,0.0,0.0,0.0,1,1313.5,1341.5,1,1340.0,0.0,0.0,0.0,0.0,0.0,10
2023-05-09 22:36:34,jm2308,jm2308,1340.0,0.0,0.0,0.0,1,1313.5,1341.0,1,1340.0,0.0,0.0,0.0,0.0,0.0,10
2023-05-09 22:36:35,jm2308,jm2308,1340.0,0.0,0.0,0.0,1,1313.5,1340.5,1,1340.0,0.0,0.0,0.0,0.0,0.0,10
2023-05-09 22:36:56,jm2308,jm2308,1340.0,0.0,0.0,0.0,1,1313.5,1341.0,1,1340.0,0.0,0.0,0.0,0.0,0.0,10
2023-05-09 22:36:58,jm2308,jm2308,1340.0,0.0,0.0,0.0,1,1313.5,1340.5,1,1340.0,0.0,0.0,0.0,0.0,0.0,10
2023-05-09 22:36:59,jm2308,jm2308,1340.0,0.0,0.0,0.0,1,1313.5,1341.0,1,1340.0,0.0,0.0,0.0,0.0,0.0,10
2023-05-09 22:37:03,jm2308,jm2308,1340.0,0.0,0.0,0.0,1,1313.5,1340.5,1,1340.0,0.0,0.0,0.0,0.0,0.0,10
2023-05-09 22:37:10,jm2308,jm2308,1340.0,0.0,0.0,0.0,1,1313.5,1341.0,1,1340.0,0.0,0.0,0.0,0.0,0.0,10
2023-05-09 22:37:53,jm2308,jm2308,1340.0,0.0,0.0,0.0,1,1313.5,1340.5,1,1340.0,0.0,0.0,0.0,0.0,0.0,10
2023-05-09 22:37:54,jm2308,jm2308,1340.0,0.0,0.0,0.0,1,1313.5,1341.0,1,1340.0,0.0,0.0,0.0,0.0,0.0,10
2023-05-09 22:37:56,jm2308,jm2308,1340.0,0.0,0.0,0.0,1,1313.5,1340.5,1,1340.0,0.0,0.0,0.0,0.0,0.0,10
2023-05-09 22:38:42,jm2308,jm2308,1340.0,0.0,0.0,0.0,1,1313.5,1340.0,1,1340.0,0.0,0.0,0.0,0.0,0.0,10
2023-05-09 22:38:43,jm2308,jm2308,1340.0,0.0,0.0,0.0,1,1313.5,1339.0,1,1340.0,0.0,0.0,0.0,0.0,0.0,10
2023-05-09 22:39:27,jm2308,jm2308,1340.0,0.0,0.0,0.0,1,1313.5,1338.5,1,1340.0,0.0,0.0,0.0,0.0,0.0,10
2023-05-09 22:39:27,jm2308,jm2308,1340.0,0.0,0.0,0.0,1,1313.5,1338.0,1,1340.0,0.0,0.0,0.0,0.0,0.0,10
2023-05-09 22:39:55,jm2308,jm2308,1340.0,0.0,0.0,0.0,1,1313.5,1338.5,1,1340.0,0.0,0.0,0.0,0.0,0.0,10
2023-05-09 22:39:56,jm2308,jm2308,1340.0,0.0,0.0,0.0,1,1313.5,1338.0,1,1340.0,0.0,0.0,0.0,0.0,0.0,10
2023-05-09 22:39:57,jm2308,jm2308,1340.0,0.0,0.0,0.0,1,1313.5,1338.5,1,1340.0,0.0,0.0,0.0,0.0,0.0,10
2023-05-09 22:39:58,jm2308,jm2308,1340.0,0.0,0.0,0.0,1,1313.5,1338.0,1,1340.0,0.0,0.0,0.0,0.0,0.0,10
2023-05-09 22:40:00,jm2308,jm2308,1340.0,0.0,0.0,0.0,1,1313.5,1338.5,1,1340.0,0.0,0.0,0.0,0.0,0.0,10
2023-05-09 22:40:13,jm2308,jm2308,1340.0,0.0,0.0,0.0,1,1313.5,1338.0,1,1340.0,0.0,0.0,0.0,0.0,0.0,10
2023-05-09 22:40:31,jm2308,jm2308,1340.0,0.0,0.0,0.0,1,1313.5,1338.5,1,1340.0,0.0,0.0,0.0,0.0,0.0,10
2023-05-09 22:40:38,jm2308,jm2308,1340.0,0.0,0.0,0.0,1,1313.5,1338.0,1,1340.0,0.0,0.0,0.0,0.0,0.0,10
2023-05-09 22:40:40,jm2308,jm2308,1340.0,0.0,0.0,0.0,1,1313.5,1338.5,1,1340.0,0.0,0.0,0.0,0.0,0.0,10
2023-05-09 22:42:05,jm2308,jm2308,1340.0,0.0,0.0,0.0,1,1314.0,1338.5,1,1340.0,0.0,0.0,0.0,0.0,0.0,10
2023-05-09 22:42:06,jm2308,jm2308,1340.0,0.0,0.0,0.0,1,1314.5,1338.5,1,1340.0,0.0,0.0,0.0,0.0,0.0,10
2023-05-09 22:44:29,jm2308,jm2308,1340.0,0.0,0.0,0.0,1,1314.5,1395.5,1,1340.0,0.0,0.0,0.0,0.0,0.0,10
2023-05-09 22:44:30,jm2308,jm2308,1340.0,0.0,0.0,0.0,1,1314.5,1352.0,1,1340.0,0.0,0.0,0.0,0.0,0.0,10
2023-05-09 22:45:09,jm2308,jm2308,1340.0,0.0,0.0,0.0,1,1314.5,1351.5,1,1340.0,0.0,0.0,0.0,0.0,0.0,10
2023-05-09 22:45:09,jm2308,jm2308,1340.0,0.0,0.0,0.0,1,1314.5,1349.5,1,1340.0,0.0,0.0,0.0,0.0,0.0,10
2023-05-09 22:45:52,jm2308,jm2308,1340.0,0.0,0.0,0.0,1,1314.5,1349.0,1,1340.0,0.0,0.0,0.0,0.0,0.0,10
2023-05-09 22:45:52,jm2308,jm2308,1340.0,0.0,0.0,0.0,1,1314.5,1347.0,1,1340.0,0.0,0.0,0.0,0.0,0.0,10
2023-05-09 22:46:35,jm2308,jm2308,1340.0,0.0,0.0,0.0,1,1314.5,1346.5,1,1340.0,0.0,0.0,0.0,0.0,0.0,10
2023-05-09 22:46:35,jm2308,jm2308,1340.0,0.0,0.0,0.0,1,1314.5,1344.5,1,1340.0,0.0,0.0,0.0,0.0,0.0,10
2023-05-09 22:47:18,jm2308,jm2308,1340.0,0.0,0.0,0.0,1,1314.5,1344.0,1,1340.0,0.0,0.0,0.0,0.0,0.0,10
2023-05-09 22:47:18,jm2308,jm2308,1340.0,0.0,0.0,0.0,1,1314.5,1343.0,1,1340.0,0.0,0.0,0.0,0.0,0.0,10
2023-05-09 22:48:02,jm2308,jm2308,1340.0,0.0,0.0,0.0,1,1314.5,1342.5,1,1340.0,0.0,0.0,0.0,0.0,0.0,10
2023-05-09 22:48:03,jm2308,jm2308,1340.0,0.0,0.0,0.0,1,1314.5,1341.5,1,1340.0,0.0,0.0,0.0,0.0,0.0,10
2023-05-09 22:48:47,jm2308,jm2308,1340.0,0.0,0.0,0.0,1,1314.5,1341.0,1,1340.0,0.0,0.0,0.0,0.0,0.0,10
2023-05-09 22:48:48,jm2308,jm2308,1340.0,0.0,0.0,0.0,1,1314.5,1340.5,1,1340.0,0.0,0.0,0.0,0.0,0.0,10
2023-05-09 22:48:51,jm2308,jm2308,1340.0,0.0,0.0,0.0,1,1314.5,1341.0,1,1340.0,0.0,0.0,0.0,0.0,0.0,10
2023-05-09 22:48:55,jm2308,jm2308,1340.0,0.0,0.0,0.0,1,1314.5,1340.5,1,1340.0,0.0,0.0,0.0,0.0,0.0,10
2023-05-09 22:50:12,jm2308,jm2308,1340.0,0.0,0.0,0.0,1,1314.5,1340.0,1,1340.0,0.0,0.0,0.0,0.0,0.0,10
2023-05-09 22:50:12,jm2308,jm2308,1340.0,0.0,0.0,0.0,1,1314.5,1339.0,1,1340.0,0.0,0.0,0.0,0.0,0.0,10
2023-05-09 22:50:55,jm2308,jm2308,1340.0,0.0,0.0,0.0,1,1314.5,1338.5,1,1340.0,0.0,0.0,0.0,0.0,0.0,10
2023-05-09 22:50:55,jm2308,jm2308,1340.0,0.0,0.0,0.0,1,1314.5,1338.0,1,1340.0,0.0,0.0,0.0,0.0,0.0,10
2023-05-09 22:51:10,jm2308,jm2308,1340.0,0.0,0.0,0.0,1,1314.5,1338.5,1,1340.0,0.0,0.0,0.0,0.0,0.0,10
2023-05-09 22:51:20,jm2308,jm2308,1340.0,0.0,0.0,0.0,1,1314.5,1338.0,1,1340.0,0.0,0.0,0.0,0.0,0.0,10
2023-05-09 22:51:24,jm2308,jm2308,1340.0,0.0,0.0,0.0,1,1314.5,1338.5,1,1340.0,0.0,0.0,0.0,0.0,0.0,10
2023-05-09 22:55:54,jm2308,jm2308,1340.0,0.0,0.0,0.0,1,1314.5,1391.5,1,1340.0,0.0,0.0,0.0,0.0,0.0,10
2023-05-09 22:55:54,jm2308,jm2308,1340.0,0.0,0.0,0.0,1,1314.5,1351.0,1,1340.0,0.0,0.0,0.0,0.0,0.0,10
2023-05-09 22:56:33,jm2308,jm2308,1340.0,0.0,0.0,0.0,1,1314.5,1350.5,1,1340.0,0.0,0.0,0.0,0.0,0.0,10
2023-05-09 22:56:34,jm2308,jm2308,1340.0,0.0,0.0,0.0,1,1314.5,1348.5,1,1340.0,0.0,0.0,0.0,0.0,0.0,10
2023-05-09 22:57:15,jm2308,jm2308,1340.0,0.0,0.0,0.0,1,1314.5,1348.0,1,1340.0,0.0,0.0,0.0,0.0,0.0,10
2023-05-09 22:57:16,jm2308,jm2308,1340.0,0.0,0.0,0.0,1,1314.5,1346.0,1,1340.0,0.0,0.0,0.0,0.0,0.0,10
2023-05-09 22:57:57,jm2308,jm2308,1340.0,0.0,0.0,0.0,1,1314.5,1345.5,1,1340.0,0.0,0.0,0.0,0.0,0.0,10
2023-05-09 22:57:57,jm2308,jm2308,1340.0,0.0,0.0,0.0,1,1314.5,1344.5,1,1340.0,0.0,0.0,0.0,0.0,0.0,10
2023-05-09 22:58:40,jm2308,jm2308,1340.0,0.0,0.0,0.0,1,1314.5,1344.0,1,1340.0,0.0,0.0,0.0,0.0,0.0,10
2023-05-09 22:58:40,jm2308,jm2308,1340.0,0.0,0.0,0.0,1,1314.5,1343.0,1,1340.0,0.0,0.0,0.0,0.0,0.0,10
2023-05-09 22:58:51,jm2308,jm2308,1340.0,0.0,0.0,0.0,1,1314.5,1344.0,1,1340.0,0.0,0.0,0.0,0.0,0.0,10
2023-05-09 22:59:46,jm2308,jm2308,1340.0,0.0,0.0,0.0,1,1314.5,1473.0,1,1340.0,0.0,0.0,0.0,0.0,0.0,10
2023-05-09 22:59:46,jm2308,jm2308,1340.0,0.0,0.0,0.0,1,1314.5,1472.5,3,1340.0,0.0,0.0,0.0,0.0,0.0,10
2023-05-09 22:59:47,jm2308,jm2308,1340.0,0.0,0.0,0.0,1,1285.5,1472.5,3,1340.0,0.0,0.0,0.0,0.0,0.0,10
2023-05-09 22:59:51,jm2308,jm2308,1340.0,0.0,0.0,0.0,0,0.0,1472.5,3,1340.0,0.0,0.0,0.0,0.0,0.0,10
2023-05-09 22:59:52,jm2308,jm2308,1340.0,0.0,0.0,0.0,0,0.0,1472.5,1,1340.0,0.0,0.0,0.0,0.0,0.0,10
2023-05-09 22:59:53,jm2308,jm2308,1340.0,0.0,0.0,0.0,0,0.0,0.0,0,1340.0,0.0,0.0,0.0,0.0,0.0,10
2023-05-10 09:00:00,jm2308,jm2308,1340.0,0.0,0.0,0.0,1,1139.0,1541.0,2,1340.0,0.0,0.0,0.0,0.0,0.0,10
2023-05-10 09:00:01,jm2308,jm2308,1340.0,0.0,0.0,0.0,1,1139.0,1357.5,1,1340.0,0.0,0.0,0.0,0.0,0.0,10
2023-05-10 09:00:01,jm2308,jm2308,1340.0,0.0,0.0,0.0,1,1309.5,1357.5,1,1340.0,0.0,0.0,0.0,0.0,0.0,10
2023-05-10 09:00:02,jm2308,jm2308,1340.0,0.0,0.0,0.0,1,1312.0,1357.5,1,1340.0,0.0,0.0,0.0,0.0,0.0,10
2023-05-10 09:00:03,jm2308,jm2308,1340.0,0.0,0.0,0.0,1,1312.5,1357.5,1,1340.0,0.0,0.0,0.0,0.0,0.0,10
2023-05-10 09:00:03,jm2308,jm2308,1340.0,0.0,0.0,0.0,1,1314.0,1357.5,1,1340.0,0.0,0.0,0.0,0.0,0.0,10
2023-05-10 09:00:04,jm2308,jm2308,1340.0,0.0,0.0,0.0,1,1314.5,1357.5,1,1340.0,0.0,0.0,0.0,0.0,0.0,10
2023-05-10 09:00:04,jm2308,jm2308,1340.0,0.0,0.0,0.0,1,1315.0,1357.5,1,1340.0,0.0,0.0,0.0,0.0,0.0,10
2023-05-10 09:00:05,jm2308,jm2308,1340.0,0.0,0.0,0.0,1,1317.0,1357.5,1,1340.0,0.0,0.0,0.0,0.0,0.0,10
2023-05-10 09:00:05,jm2308,jm2308,1340.0,0.0,0.0,0.0,1,1319.0,1357.5,1,1340.0,0.0,0.0,0.0,0.0,0.0,10
2023-05-10 09:00:05,jm2308,jm2308,1340.0,0.0,0.0,0.0,1,1319.5,1357.5,1,1340.0,0.0,0.0,0.0,0.0,0.0,10
2023-05-10 09:00:07,jm2308,jm2308,1340.0,0.0,0.0,0.0,1,1320.5,1357.5,1,1340.0,0.0,0.0,0.0,0.0,0.0,10
2023-05-10 09:00:07,jm2308,jm2308,1340.0,0.0,0.0,0.0,1,1321.0,1357.5,1,1340.0,0.0,0.0,0.0,0.0,0.0,10
2023-05-10 09:00:08,jm2308,jm2308,1340.0,0.0,0.0,0.0,1,1321.5,1357.5,1,1340.0,0.0,0.0,0.0,0.0,0.0,10
2023-05-10 09:00:08,jm2308,jm2308,1340.0,0.0,0.0,0.0,1,1322.0,1357.5,1,1340.0,0.0,0.0,0.0,0.0,0.0,10
2023-05-10 09:00:17,jm2308,jm2308,1340.0,0.0,0.0,0.0,1,1322.0,1357.0,1,1340.0,0.0,0.0,0.0,0.0,0.0,10
2023-05-10 09:00:18,jm2308,jm2308,1340.0,0.0,0.0,0.0,1,1322.0,1355.0,1,1340.0,0.0,0.0,0.0,0.0,0.0,10
2023-05-10 09:01:03,jm2308,jm2308,1340.0,0.0,0.0,0.0,1,1322.0,1354.5,1,1340.0,0.0,0.0,0.0,0.0,0.0,10
2023-05-10 09:01:03,jm2308,jm2308,1340.0,0.0,0.0,0.0,1,1322.0,1352.5,1,1340.0,0.0,0.0,0.0,0.0,0.0,10
2023-05-10 09:01:46,jm2308,jm2308,1340.0,0.0,0.0,0.0,1,1322.0,1352.0,1,1340.0,0.0,0.0,0.0,0.0,0.0,10
2023-05-10 09:01:47,jm2308,jm2308,1340.0,0.0,0.0,0.0,1,1322.0,1351.5,1,1340.0,0.0,0.0,0.0,0.0,0.0,10
2023-05-10 09:01:47,jm2308,jm2308,1340.0,0.0,0.0,0.0,1,1322.5,1351.5,1,1340.0,0.0,0.0,0.0,0.0,0.0,10
2023-05-10 09:01:47,jm2308,jm2308,1340.0,0.0,0.0,0.0,1,1323.0,1351.5,1,1340.0,0.0,0.0,0.0,0.0,0.0,10
2023-05-10 09:02:30,jm2308,jm2308,1340.0,0.0,0.0,0.0,1,1323.0,1351.0,1,1340.0,0.0,0.0,0.0,0.0,0.0,10
2023-05-10 09:02:31,jm2308,jm2308,1340.0,0.0,0.0,0.0,1,1323.0,1350.5,1,1340.0,0.0,0.0,0.0,0.0,0.0,10
2023-05-10 09:02:34,jm2308,jm2308,1340.0,0.0,0.0,0.0,1,1323.0,1351.0,1,1340.0,0.0,0.0,0.0,0.0,0.0,10
2023-05-10 09:02:43,jm2308,jm2308,1340.0,0.0,0.0,0.0,1,1323.0,1350.5,1,1340.0,0.0,0.0,0.0,0.0,0.0,10
2023-05-10 09:02:54,jm2308,jm2308,1340.0,0.0,0.0,0.0,1,1323.0,1351.0,1,1340.0,0.0,0.0,0.0,0.0,0.0,10
2023-05-10 09:03:02,jm2308,jm2308,1340.0,0.0,0.0,0.0,1,1323.5,1351.0,1,1340.0,0.0,0.0,0.0,0.0,0.0,10
2023-05-10 09:03:03,jm2308,jm2308,1340.0,0.0,0.0,0.0,1,1324.0,1351.0,1,1340.0,0.0,0.0,0.0,0.0,0.0,10
2023-05-10 09:03:11,jm2308,jm2308,1340.0,0.0,0.0,0.0,1,1324.5,1351.0,1,1340.0,0.0,0.0,0.0,0.0,0.0,10
2023-05-10 09:03:11,jm2308,jm2308,1340.0,0.0,0.0,0.0,1,1325.0,1351.0,1,1340.0,0.0,0.0,0.0,0.0,0.0,10
2023-05-10 09:03:18,jm2308,jm2308,1340.0,0.0,0.0,0.0,1,1325.5,1351.0,1,1340.0,0.0,0.0,0.0,0.0,0.0,10
2023-05-10 09:03:18,jm2308,jm2308,1340.0,0.0,0.0,0.0,1,1326.0,1351.0,1,1340.0,0.0,0.0,0.0,0.0,0.0,10
2023-05-10 09:03:19,jm2308,jm2308,1340.0,0.0,0.0,0.0,1,1326.5,1351.0,1,1340.0,0.0,0.0,0.0,0.0,0.0,10
2023-05-10 09:03:20,jm2308,jm2308,1340.0,0.0,0.0,0.0,1,1327.0,1351.0,1,1340.0,0.0,0.0,0.0,0.0,0.0,10
2023-05-10 09:03:24,jm2308,jm2308,1340.0,0.0,0.0,0.0,1,1327.5,1351.0,1,1340.0,0.0,0.0,0.0,0.0,0.0,10
2023-05-10 09:03:24,jm2308,jm2308,1340.0,0.0,0.0,0.0,1,1328.0,1351.0,1,1340.0,0.0,0.0,0.0,0.0,0.0,10
2023-05-10 09:05:25,jm2308,jm2308,1340.0,0.0,0.0,0.0,1,1328.0,1350.5,1,1340.0,0.0,0.0,0.0,0.0,0.0,10
2023-05-10 09:05:25,jm2308,jm2308,1340.0,0.0,0.0,0.0,1,1328.0,1351.0,1,1340.0,0.0,0.0,0.0,0.0,0.0,10
2023-05-10 09:05:26,jm2308,jm2308,1340.0,0.0,0.0,0.0,1,1328.0,1350.5,1,1340.0,0.0,0.0,0.0,0.0,0.0,10
2023-05-10 09:05:28,jm2308,jm2308,1340.0,0.0,0.0,0.0,1,1328.0,1351.0,1,1340.0,0.0,0.0,0.0,0.0,0.0,10
2023-05-10 09:06:38,jm2308,jm2308,1340.0,0.0,0.0,0.0,1,1328.0,1350.5,1,1340.0,0.0,0.0,0.0,0.0,0.0,10
2023-05-10 09:06:38,jm2308,jm2308,1340.0,0.0,0.0,0.0,1,1328.0,1351.0,1,1340.0,0.0,0.0,0.0,0.0,0.0,10
2023-05-10 09:06:42,jm2308,jm2308,1340.0,0.0,0.0,0.0,1,1328.0,1350.5,1,1340.0,0.0,0.0,0.0,0.0,0.0,10
2023-05-10 09:07:37,jm2308,jm2308,1340.0,0.0,0.0,0.0,1,1328.0,1350.0,1,1340.0,0.0,0.0,0.0,0.0,0.0,10
2023-05-10 09:07:37,jm2308,jm2308,1340.0,0.0,0.0,0.0,1,1328.0,1349.5,1,1340.0,0.0,0.0,0.0,0.0,0.0,10
2023-05-10 09:07:43,jm2308,jm2308,1340.0,0.0,0.0,0.0,1,1328.0,1350.0,1,1340.0,0.0,0.0,0.0,0.0,0.0,10
2023-05-10 09:08:11,jm2308,jm2308,1340.0,0.0,0.0,0.0,1,1328.0,1349.5,1,1340.0,0.0,0.0,0.0,0.0,0.0,10
2023-05-10 09:09:02,jm2308,jm2308,1340.0,0.0,0.0,0.0,1,1328.0,1349.0,1,1340.0,0.0,0.0,0.0,0.0,0.0,10
2023-05-10 09:09:03,jm2308,jm2308,1340.0,0.0,0.0,0.0,1,1328.0,1348.5,1,1340.0,0.0,0.0,0.0,0.0,0.0,10
2023-05-10 09:09:46,jm2308,jm2308,1340.0,0.0,0.0,0.0,1,1328.0,1348.0,1,1340.0,0.0,0.0,0.0,0.0,0.0,10
2023-05-10 09:09:58,jm2308,jm2308,1340.0,0.0,0.0,0.0,1,1328.0,1347.5,1,1340.0,0.0,0.0,0.0,0.0,0.0,10
2023-05-10 09:09:58,jm2308,jm2308,1340.0,0.0,0.0,0.0,1,1328.0,1348.0,1,1340.0,0.0,0.0,0.0,0.0,0.0,10
2023-05-10 09:09:59,jm2308,jm2308,1340.0,0.0,0.0,0.0,1,1328.0,1347.5,1,1340.0,0.0,0.0,0.0,0.0,0.0,10
2023-05-10 09:10:00,jm2308,jm2308,1340.0,0.0,0.0,0.0,1,1328.0,1348.0,1,1340.0,0.0,0.0,0.0,0.0,0.0,10
2023-05-10 09:10:02,jm2308,jm2308,1340.0,0.0,0.0,0.0,1,1328.0,1347.5,1,1340.0,0.0,0.0,0.0,0.0,0.0,10
2023-05-10 09:10:05,jm2308,jm2308,1340.0,0.0,0.0,0.0,1,1328.0,1348.0,1,1340.0,0.0,0.0,0.0,0.0,0.0,10
2023-05-10 09:10:08,jm2308,jm2308,1340.0,0.0,0.0,0.0,1,1328.0,1347.5,1,1340.0,0.0,0.0,0.0,0.0,0.0,10
2023-05-10 09:10:09,jm2308,jm2308,1340.0,0.0,0.0,0.0,1,1328.0,1348.0,1,1340.0,0.0,0.0,0.0,0.0,0.0,10
2023-05-10 09:10:40,jm2308,jm2308,1340.0,0.0,0.0,0.0,1,1328.0,1347.5,1,1340.0,0.0,0.0,0.0,0.0,0.0,10
2023-05-10 09:10:48,jm2308,jm2308,1340.0,0.0,0.0,0.0,1,1328.0,1348.0,1,1340.0,0.0,0.0,0.0,0.0,0.0,10
2023-05-10 09:10:49,jm2308,jm2308,1340.0,0.0,0.0,0.0,1,1328.0,1347.5,1,1340.0,0.0,0.0,0.0,0.0,0.0,10
2023-05-10 09:11:34,jm2308,jm2308,1340.0,0.0,0.0,0.0,1,1328.5,1347.5,1,1340.0,0.0,0.0,0.0,0.0,0.0,10
2023-05-10 09:11:34,jm2308,jm2308,1340.0,0.0,0.0,0.0,1,1329.0,1347.5,1,1340.0,0.0,0.0,0.0,0.0,0.0,10
2023-05-10 09:11:35,jm2308,jm2308,1340.0,0.0,0.0,0.0,1,1329.0,1404.5,1,1340.0,0.0,0.0,0.0,0.0,0.0,10
2023-05-10 09:11:36,jm2308,jm2308,1340.0,0.0,0.0,0.0,1,1329.0,1357.0,1,1340.0,0.0,0.0,0.0,0.0,0.0,10
2023-05-10 09:11:55,jm2308,jm2308,1340.0,0.0,0.0,0.0,1,1329.0,1356.5,1,1340.0,0.0,0.0,0.0,0.0,0.0,10
2023-05-10 09:11:55,jm2308,jm2308,1340.0,0.0,0.0,0.0,1,1329.0,1354.5,1,1340.0,0.0,0.0,0.0,0.0,0.0,10
2023-05-10 09:12:39,jm2308,jm2308,1340.0,0.0,0.0,0.0,1,1329.0,1354.0,1,1340.0,0.0,0.0,0.0,0.0,0.0,10
2023-05-10 09:12:40,jm2308,jm2308,1340.0,0.0,0.0,0.0,1,1329.0,1352.0,1,1340.0,0.0,0.0,0.0,0.0,0.0,10
2023-05-10 09:13:22,jm2308,jm2308,1340.0,0.0,0.0,0.0,1,1329.0,1351.5,1,1340.0,0.0,0.0,0.0,0.0,0.0,10
2023-05-10 09:13:23,jm2308,jm2308,1340.0,0.0,0.0,0.0,1,1329.0,1350.5,1,1340.0,0.0,0.0,0.0,0.0,0.0,10
2023-05-10 09:14:06,jm2308,jm2308,1340.0,0.0,0.0,0.0,1,1329.0,1350.0,1,1340.0,0.0,0.0,0.0,0.0,0.0,10
2023-05-10 09:14:06,jm2308,jm2308,1340.0,0.0,0.0,0.0,1,1329.0,1349.5,1,1340.0,0.0,0.0,0.0,0.0,0.0,10
2023-05-10 09:14:49,jm2308,jm2308,1340.0,0.0,0.0,0.0,1,1329.0,1349.0,1,1340.0,0.0,0.0,0.0,0.0,0.0,10
2023-05-10 09:14:49,jm2308,jm2308,1340.0,0.0,0.0,0.0,1,1329.0,1348.0,1,1340.0,0.0,0.0,0.0,0.0,0.0,10
2023-05-10 09:15:32,jm2308,jm2308,1340.0,0.0,0.0,0.0,1,1329.0,1347.5,1,1340.0,0.0,0.0,0.0,0.0,0.0,10
2023-05-10 09:16:57,jm2308,jm2308,1340.0,0.0,0.0,0.0,1,1329.0,1347.0,1,1340.0,0.0,0.0,0.0,0.0,0.0,10
2023-05-10 09:16:58,jm2308,jm2308,1340.0,0.0,0.0,0.0,1,1329.0,1347.5,1,1340.0,0.0,0.0,0.0,0.0,0.0,10
2023-05-10 09:17:08,jm2308,jm2308,1340.0,0.0,0.0,0.0,1,1329.0,1347.0,1,1340.0,0.0,0.0,0.0,0.0,0.0,10
2023-05-10 09:17:14,jm2308,jm2308,1340.0,0.0,0.0,0.0,1,1329.0,1347.5,1,1340.0,0.0,0.0,0.0,0.0,0.0,10
2023-05-10 09:17:16,jm2308,jm2308,1340.0,0.0,0.0,0.0,1,1329.0,1347.0,1,1340.0,0.0,0.0,0.0,0.0,0.0,10
2023-05-10 09:17:17,jm2308,jm2308,1340.0,0.0,0.0,0.0,1,1329.0,1347.5,1,1340.0,0.0,0.0,0.0,0.0,0.0,10
2023-05-10 09:17:24,jm2308,jm2308,1340.0,0.0,0.0,0.0,1,1329.0,1347.0,1,1340.0,0.0,0.0,0.0,0.0,0.0,10
2023-05-10 09:17:27,jm2308,jm2308,1340.0,0.0,0.0,0.0,1,1329.0,1347.5,1,1340.0,0.0,0.0,0.0,0.0,0.0,10
2023-05-10 09:17:27,jm2308,jm2308,1340.0,0.0,0.0,0.0,1,1329.0,1347.0,1,1340.0,0.0,0.0,0.0,0.0,0.0,10
2023-05-10 09:18:12,jm2308,jm2308,1340.0,0.0,0.0,0.0,1,1329.0,1401.0,1,1340.0,0.0,0.0,0.0,0.0,0.0,10
2023-05-10 09:18:13,jm2308,jm2308,1340.0,0.0,0.0,0.0,1,1329.0,1357.5,1,1340.0,0.0,0.0,0.0,0.0,0.0,10
2023-05-10 09:18:21,jm2308,jm2308,1340.0,0.0,0.0,0.0,1,1329.0,1357.0,1,1340.0,0.0,0.0,0.0,0.0,0.0,10
2023-05-10 09:18:22,jm2308,jm2308,1340.0,0.0,0.0,0.0,1,1329.0,1355.0,1,1340.0,0.0,0.0,0.0,0.0,0.0,10
2023-05-10 09:19:04,jm2308,jm2308,1340.0,0.0,0.0,0.0,1,1329.0,1354.5,1,1340.0,0.0,0.0,0.0,0.0,0.0,10
2023-05-10 09:19:05,jm2308,jm2308,1340.0,0.0,0.0,0.0,1,1329.0,1353.5,1,1340.0,0.0,0.0,0.0,0.0,0.0,10
2023-05-10 09:19:47,jm2308,jm2308,1340.0,0.0,0.0,0.0,1,1329.0,1353.0,1,1340.0,0.0,0.0,0.0,0.0,0.0,10
2023-05-10 09:19:48,jm2308,jm2308,1340.0,0.0,0.0,0.0,1,1329.0,1352.0,1,1340.0,0.0,0.0,0.0,0.0,0.0,10
2023-05-10 09:20:31,jm2308,jm2308,1340.0,0.0,0.0,0.0,1,1329.0,1351.5,1,1340.0,0.0,0.0,0.0,0.0,0.0,10
2023-05-10 09:20:31,jm2308,jm2308,1340.0,0.0,0.0,0.0,1,1329.0,1351.0,1,1340.0,0.0,0.0,0.0,0.0,0.0,10
2023-05-10 09:21:13,jm2308,jm2308,1340.0,0.0,0.0,0.0,1,1329.0,1350.5,1,1340.0,0.0,0.0,0.0,0.0,0.0,10
2023-05-10 09:21:14,jm2308,jm2308,1340.0,0.0,0.0,0.0,1,1329.0,1350.0,1,1340.0,0.0,0.0,0.0,0.0,0.0,10
2023-05-10 09:21:55,jm2308,jm2308,1340.0,0.0,0.0,0.0,1,1329.0,1349.5,1,1340.0,0.0,0.0,0.0,0.0,0.0,10
2023-05-10 09:21:56,jm2308,jm2308,1340.0,0.0,0.0,0.0,1,1329.0,1349.0,1,1340.0,0.0,0.0,0.0,0.0,0.0,10
2023-05-10 09:22:38,jm2308,jm2308,1340.0,0.0,0.0,0.0,1,1329.0,1348.5,1,1340.0,0.0,0.0,0.0,0.0,0.0,10
2023-05-10 09:22:38,jm2308,jm2308,1340.0,0.0,0.0,0.0,1,1329.0,1348.0,1,1340.0,0.0,0.0,0.0,0.0,0.0,10
2023-05-10 09:23:20,jm2308,jm2308,1340.0,0.0,0.0,0.0,1,1329.0,1398.5,2,1340.0,0.0,0.0,0.0,0.0,0.0,10
2023-05-10 09:23:21,jm2308,jm2308,1340.0,0.0,0.0,0.0,1,1329.0,1347.5,1,1340.0,0.0,0.0,0.0,0.0,0.0,10
2023-05-10 09:24:12,jm2308,jm2308,1340.0,0.0,0.0,0.0,1,1329.0,1347.0,1,1340.0,0.0,0.0,0.0,0.0,0.0,10
2023-05-10 09:25:30,jm2308,jm2308,1340.0,0.0,0.0,0.0,1,1329.0,1346.5,1,1340.0,0.0,0.0,0.0,0.0,0.0,10
2023-05-10 09:25:31,jm2308,jm2308,1340.0,0.0,0.0,0.0,1,1329.0,1346.0,1,1340.0,0.0,0.0,0.0,0.0,0.0,10
2023-05-10 09:25:35,jm2308,jm2308,1340.0,0.0,0.0,0.0,1,1329.0,1346.5,1,1340.0,0.0,0.0,0.0,0.0,0.0,10
2023-05-10 09:27:14,jm2308,jm2308,1340.0,0.0,0.0,0.0,1,1329.0,1346.0,1,1340.0,0.0,0.0,0.0,0.0,0.0,10
2023-05-10 09:27:21,jm2308,jm2308,1340.0,0.0,0.0,0.0,1,1289.5,1346.0,1,1340.0,0.0,0.0,0.0,0.0,0.0,10
2023-05-10 09:27:22,jm2308,jm2308,1340.0,0.0,0.0,0.0,1,1309.5,1346.0,1,1340.0,0.0,0.0,0.0,0.0,0.0,10
2023-05-10 09:27:23,jm2308,jm2308,1340.0,0.0,0.0,0.0,1,1312.0,1346.0,1,1340.0,0.0,0.0,0.0,0.0,0.0,10
2023-05-10 09:27:23,jm2308,jm2308,1340.0,0.0,0.0,0.0,1,1314.0,1346.0,1,1340.0,0.0,0.0,0.0,0.0,0.0,10
2023-05-10 09:27:23,jm2308,jm2308,1340.0,0.0,0.0,0.0,1,1314.5,1346.0,1,1340.0,0.0,0.0,0.0,0.0,0.0,10
2023-05-10 09:27:24,jm2308,jm2308,1340.0,0.0,0.0,0.0,1,1315.5,1346.0,1,1340.0,0.0,0.0,0.0,0.0,0.0,10
2023-05-10 09:27:24,jm2308,jm2308,1340.0,0.0,0.0,0.0,1,1316.0,1346.0,1,1340.0,0.0,0.0,0.0,0.0,0.0,10
2023-05-10 09:27:25,jm2308,jm2308,1340.0,0.0,0.0,0.0,1,1316.5,1346.0,1,1340.0,0.0,0.0,0.0,0.0,0.0,10
2023-05-10 09:27:25,jm2308,jm2308,1340.0,0.0,0.0,0.0,1,1317.0,1346.0,1,1340.0,0.0,0.0,0.0,0.0,0.0,10
2023-05-10 09:27:26,jm2308,jm2308,1340.0,0.0,0.0,0.0,1,1317.5,1346.0,1,1340.0,0.0,0.0,0.0,0.0,0.0,10
2023-05-10 09:27:26,jm2308,jm2308,1340.0,0.0,0.0,0.0,1,1318.0,1346.0,1,1340.0,0.0,0.0,0.0,0.0,0.0,10
2023-05-10 09:28:00,jm2308,jm2308,1340.0,0.0,0.0,0.0,1,1318.5,1346.0,1,1340.0,0.0,0.0,0.0,0.0,0.0,10
2023-05-10 09:28:01,jm2308,jm2308,1340.0,0.0,0.0,0.0,1,1319.0,1346.0,1,1340.0,0.0,0.0,0.0,0.0,0.0,10
2023-05-10 09:28:25,jm2308,jm2308,1340.0,0.0,0.0,0.0,1,1319.0,1345.5,1,1340.0,0.0,0.0,0.0,0.0,0.0,10
2023-05-10 09:28:25,jm2308,jm2308,1340.0,0.0,0.0,0.0,1,1319.0,1344.5,1,1340.0,0.0,0.0,0.0,0.0,0.0,10
2023-05-10 09:28:34,jm2308,jm2308,1340.0,0.0,0.0,0.0,1,1319.5,1344.5,1,1340.0,0.0,0.0,0.0,0.0,0.0,10
2023-05-10 09:28:35,jm2308,jm2308,1340.0,0.0,0.0,0.0,1,1320.0,1344.5,1,1340.0,0.0,0.0,0.0,0.0,0.0,10
2023-05-10 09:28:42,jm2308,jm2308,1340.0,0.0,0.0,0.0,1,1320.5,1345.5,1,1340.0,0.0,0.0,0.0,0.0,0.0,10
2023-05-10 09:28:42,jm2308,jm2308,1340.0,0.0,0.0,0.0,1,1321.0,1345.0,1,1340.0,0.0,0.0,0.0,0.0,0.0,10
2023-05-10 09:29:50,jm2308,jm2308,1340.0,0.0,0.0,0.0,1,1321.0,1344.5,1,1340.0,0.0,0.0,0.0,0.0,0.0,10
2023-05-10 09:29:51,jm2308,jm2308,1340.0,0.0,0.0,0.0,1,1321.0,1344.0,1,1340.0,0.0,0.0,0.0,0.0,0.0,10
2023-05-10 09:30:32,jm2308,jm2308,1340.0,0.0,0.0,0.0,1,1321.0,1343.5,1,1340.0,0.0,0.0,0.0,0.0,0.0,10
2023-05-10 09:30:32,jm2308,jm2308,1340.0,0.0,0.0,0.0,1,1321.0,1343.0,1,1340.0,0.0,0.0,0.0,0.0,0.0,10
2023-05-10 09:30:33,jm2308,jm2308,1340.0,0.0,0.0,0.0,1,1321.0,1343.5,1,1340.0,0.0,0.0,0.0,0.0,0.0,10
2023-05-10 09:30:44,jm2308,jm2308,1340.0,0.0,0.0,0.0,1,1321.0,1343.0,1,1340.0,0.0,0.0,0.0,0.0,0.0,10
2023-05-10 09:30:45,jm2308,jm2308,1340.0,0.0,0.0,0.0,1,1321.0,1343.5,1,1340.0,0.0,0.0,0.0,0.0,0.0,10
2023-05-10 09:30:46,jm2308,jm2308,1340.0,0.0,0.0,0.0,1,1321.0,1343.0,1,1340.0,0.0,0.0,0.0,0.0,0.0,10
2023-05-10 09:31:10,jm2308,jm2308,1340.0,0.0,0.0,0.0,1,1289.5,1343.0,1,1340.0,0.0,0.0,0.0,0.0,0.0,10
2023-05-10 09:31:11,jm2308,jm2308,1340.0,0.0,0.0,0.0,1,1301.5,1343.0,1,1340.0,0.0,0.0,0.0,0.0,0.0,10
2023-05-10 09:31:11,jm2308,jm2308,1340.0,0.0,0.0,0.0,1,1304.0,1343.0,1,1340.0,0.0,0.0,0.0,0.0,0.0,10
2023-05-10 09:31:12,jm2308,jm2308,1340.0,0.0,0.0,0.0,1,1306.0,1343.0,1,1340.0,0.0,0.0,0.0,0.0,0.0,10
2023-05-10 09:31:12,jm2308,jm2308,1340.0,0.0,0.0,0.0,1,1306.5,1343.0,1,1340.0,0.0,0.0,0.0,0.0,0.0,10
2023-05-10 09:31:13,jm2308,jm2308,1340.0,0.0,0.0,0.0,1,1308.5,1343.0,1,1340.0,0.0,0.0,0.0,0.0,0.0,10
2023-05-10 09:31:13,jm2308,jm2308,1340.0,0.0,0.0,0.0,1,1309.0,1343.0,1,1340.0,0.0,0.0,0.0,0.0,0.0,10
2023-05-10 09:31:14,jm2308,jm2308,1340.0,0.0,0.0,0.0,1,1310.0,1343.0,1,1340.0,0.0,0.0,0.0,0.0,0.0,10
2023-05-10 09:31:14,jm2308,jm2308,1340.0,0.0,0.0,0.0,1,1310.5,1343.0,1,1340.0,0.0,0.0,0.0,0.0,0.0,10
2023-05-10 09:31:15,jm2308,jm2308,1340.0,0.0,0.0,0.0,1,1311.0,1343.0,1,1340.0,0.0,0.0,0.0,0.0,0.0,10
2023-05-10 09:31:15,jm2308,jm2308,1340.0,0.0,0.0,0.0,1,1311.5,1343.0,1,1340.0,0.0,0.0,0.0,0.0,0.0,10
2023-05-10 09:31:16,jm2308,jm2308,1340.0,0.0,0.0,0.0,1,1312.0,1343.0,1,1340.0,0.0,0.0,0.0,0.0,0.0,10
2023-05-10 09:31:16,jm2308,jm2308,1340.0,0.0,0.0,0.0,1,1312.5,1343.0,1,1340.0,0.0,0.0,0.0,0.0,0.0,10
2023-05-10 09:31:21,jm2308,jm2308,1340.0,0.0,0.0,0.0,1,1313.0,1343.0,1,1340.0,0.0,0.0,0.0,0.0,0.0,10
2023-05-10 09:31:22,jm2308,jm2308,1340.0,0.0,0.0,0.0,1,1313.5,1343.0,1,1340.0,0.0,0.0,0.0,0.0,0.0,10
2023-05-10 09:31:22,jm2308,jm2308,1340.0,0.0,0.0,0.0,1,1314.0,1343.0,1,1340.0,0.0,0.0,0.0,0.0,0.0,10
2023-05-10 09:31:22,jm2308,jm2308,1340.0,0.0,0.0,0.0,1,1314.5,1343.0,1,1340.0,0.0,0.0,0.0,0.0,0.0,10
2023-05-10 09:31:58,jm2308,jm2308,1340.0,0.0,0.0,0.0,1,1314.5,1342.5,1,1340.0,0.0,0.0,0.0,0.0,0.0,10
2023-05-10 09:31:59,jm2308,jm2308,1340.0,0.0,0.0,0.0,1,1314.5,1341.5,1,1340.0,0.0,0.0,0.0,0.0,0.0,10
2023-05-10 09:32:41,jm2308,jm2308,1340.0,0.0,0.0,0.0,1,1314.5,1341.0,1,1340.0,0.0,0.0,0.0,0.0,0.0,10
2023-05-10 09:32:42,jm2308,jm2308,1340.0,0.0,0.0,0.0,1,1314.5,1340.5,1,1340.0,0.0,0.0,0.0,0.0,0.0,10
2023-05-10 09:32:42,jm2308,jm2308,1340.0,0.0,0.0,0.0,1,1315.0,1340.5,1,1340.0,0.0,0.0,0.0,0.0,0.0,10
2023-05-10 09:32:42,jm2308,jm2308,1340.0,0.0,0.0,0.0,1,1315.5,1340.5,1,1340.0,0.0,0.0,0.0,0.0,0.0,10
2023-05-10 09:33:24,jm2308,jm2308,1340.0,0.0,0.0,0.0,1,1315.5,1340.0,1,1340.0,0.0,0.0,0.0,0.0,0.0,10
2023-05-10 09:33:25,jm2308,jm2308,1340.0,0.0,0.0,0.0,1,1315.5,1339.5,1,1340.0,0.0,0.0,0.0,0.0,0.0,10
2023-05-10 09:33:43,jm2308,jm2308,1340.0,0.0,0.0,0.0,1,1315.5,1340.0,1,1340.0,0.0,0.0,0.0,0.0,0.0,10
2023-05-10 09:33:50,jm2308,jm2308,1340.0,0.0,0.0,0.0,1,1316.0,1340.0,1,1340.0,0.0,0.0,0.0,0.0,0.0,10
2023-05-10 09:33:51,jm2308,jm2308,1340.0,0.0,0.0,0.0,1,1316.5,1340.0,1,1340.0,0.0,0.0,0.0,0.0,0.0,10
2023-05-10 09:34:01,jm2308,jm2308,1340.0,0.0,0.0,0.0,1,1316.5,1339.5,1,1340.0,0.0,0.0,0.0,0.0,0.0,10
2023-05-10 09:34:02,jm2308,jm2308,1340.0,0.0,0.0,0.0,1,1316.5,1340.0,1,1340.0,0.0,0.0,0.0,0.0,0.0,10
2023-05-10 09:34:02,jm2308,jm2308,1340.0,0.0,0.0,0.0,1,1316.5,1339.5,1,1340.0,0.0,0.0,0.0,0.0,0.0,10
2023-05-10 09:34:43,jm2308,jm2308,1340.0,0.0,0.0,0.0,1,1316.5,1403.5,1,1340.0,0.0,0.0,0.0,0.0,0.0,10
2023-05-10 09:34:44,jm2308,jm2308,1340.0,0.0,0.0,0.0,1,1316.5,1350.0,1,1340.0,0.0,0.0,0.0,0.0,0.0,10
2023-05-10 09:34:50,jm2308,jm2308,1340.0,0.0,0.0,0.0,1,1316.5,1349.5,1,1340.0,0.0,0.0,0.0,0.0,0.0,10
2023-05-10 09:34:51,jm2308,jm2308,1340.0,0.0,0.0,0.0,1,1316.5,1347.5,1,1340.0,0.0,0.0,0.0,0.0,0.0,10
2023-05-10 09:35:34,jm2308,jm2308,1340.0,0.0,0.0,0.0,1,1316.5,1347.0,1,1340.0,0.0,0.0,0.0,0.0,0.0,10
2023-05-10 09:35:34,jm2308,jm2308,1340.0,0.0,0.0,0.0,1,1316.5,1345.0,1,1340.0,0.0,0.0,0.0,0.0,0.0,10
2023-05-10 09:36:17,jm2308,jm2308,1340.0,0.0,0.0,0.0,1,1316.5,1344.5,1,1340.0,0.0,0.0,0.0,0.0,0.0,10
2023-05-10 09:36:18,jm2308,jm2308,1340.0,0.0,0.0,0.0,1,1316.5,1342.5,1,1340.0,0.0,0.0,0.0,0.0,0.0,10
2023-05-10 09:36:53,jm2308,jm2308,1340.0,0.0,0.0,0.0,1,1317.0,1342.5,1,1340.0,0.0,0.0,0.0,0.0,0.0,10
2023-05-10 09:36:54,jm2308,jm2308,1340.0,0.0,0.0,0.0,1,1317.5,1342.5,1,1340.0,0.0,0.0,0.0,0.0,0.0,10
2023-05-10 09:37:00,jm2308,jm2308,1340.0,0.0,0.0,0.0,1,1317.5,1342.0,1,1340.0,0.0,0.0,0.0,0.0,0.0,10
2023-05-10 09:37:01,jm2308,jm2308,1340.0,0.0,0.0,0.0,1,1317.5,1341.5,1,1340.0,0.0,0.0,0.0,0.0,0.0,10
2023-05-10 09:37:43,jm2308,jm2308,1340.0,0.0,0.0,0.0,1,1317.5,1341.0,1,1340.0,0.0,0.0,0.0,0.0,0.0,10
2023-05-10 09:37:43,jm2308,jm2308,1340.0,0.0,0.0,0.0,1,1317.5,1340.0,1,1340.0,0.0,0.0,0.0,0.0,0.0,10
2023-05-10 09:38:25,jm2308,jm2308,1340.0,0.0,0.0,0.0,1,1317.5,1339.5,1,1340.0,0.0,0.0,0.0,0.0,0.0,10
2023-05-10 09:38:30,jm2308,jm2308,1340.0,0.0,0.0,0.0,1,1317.5,1339.0,1,1340.0,0.0,0.0,0.0,0.0,0.0,10
2023-05-10 09:39:09,jm2308,jm2308,1340.0,0.0,0.0,0.0,1,1317.5,1338.5,1,1340.0,0.0,0.0,0.0,0.0,0.0,10
2023-05-10 09:39:36,jm2308,jm2308,1340.0,0.0,0.0,0.0,1,1317.5,1338.0,1,1340.0,0.0,0.0,0.0,0.0,0.0,10
2023-05-10 09:39:37,jm2308,jm2308,1340.0,0.0,0.0,0.0,1,1317.5,1338.5,1,1340.0,0.0,0.0,0.0,0.0,0.0,10
2023-05-10 09:39:37,jm2308,jm2308,1340.0,0.0,0.0,0.0,1,1317.5,1338.0,1,1340.0,0.0,0.0,0.0,0.0,0.0,10
2023-05-10 09:40:36,jm2308,jm2308,1340.0,0.0,0.0,0.0,1,1317.5,1337.5,1,1340.0,0.0,0.0,0.0,0.0,0.0,10
2023-05-10 09:40:37,jm2308,jm2308,1340.0,0.0,0.0,0.0,1,1317.5,1336.5,1,1340.0,0.0,0.0,0.0,0.0,0.0,10
2023-05-10 09:41:20,jm2308,jm2308,1340.0,0.0,0.0,0.0,1,1317.5,1336.0,1,1340.0,0.0,0.0,0.0,0.0,0.0,10
2023-05-10 09:41:21,jm2308,jm2308,1340.0,0.0,0.0,0.0,1,1317.5,1335.5,1,1340.0,0.0,0.0,0.0,0.0,0.0,10
2023-05-10 09:41:33,jm2308,jm2308,1340.0,0.0,0.0,0.0,1,1289.5,1335.5,1,1340.0,0.0,0.0,0.0,0.0,0.0,10
2023-05-10 09:41:34,jm2308,jm2308,1340.0,0.0,0.0,0.0,1,1298.0,1335.5,1,1340.0,0.0,0.0,0.0,0.0,0.0,10
2023-05-10 09:41:35,jm2308,jm2308,1340.0,0.0,0.0,0.0,1,1300.5,1335.5,1,1340.0,0.0,0.0,0.0,0.0,0.0,10
2023-05-10 09:41:35,jm2308,jm2308,1340.0,0.0,0.0,0.0,1,1301.0,1335.5,1,1340.0,0.0,0.0,0.0,0.0,0.0,10
2023-05-10 09:41:36,jm2308,jm2308,1340.0,0.0,0.0,0.0,1,1303.5,1335.5,1,1340.0,0.0,0.0,0.0,0.0,0.0,10
2023-05-10 09:41:36,jm2308,jm2308,1340.0,0.0,0.0,0.0,1,1304.5,1335.5,1,1340.0,0.0,0.0,0.0,0.0,0.0,10
2023-05-10 09:41:36,jm2308,jm2308,1340.0,0.0,0.0,0.0,1,1305.0,1335.5,1,1340.0,0.0,0.0,0.0,0.0,0.0,10
2023-05-10 09:41:37,jm2308,jm2308,1340.0,0.0,0.0,0.0,1,1305.5,1335.5,1,1340.0,0.0,0.0,0.0,0.0,0.0,10
2023-05-10 09:41:37,jm2308,jm2308,1340.0,0.0,0.0,0.0,1,1306.0,1335.5,1,1340.0,0.0,0.0,0.0,0.0,0.0,10
2023-05-10 09:41:38,jm2308,jm2308,1340.0,0.0,0.0,0.0,1,1306.5,1335.5,1,1340.0,0.0,0.0,0.0,0.0,0.0,10
2023-05-10 09:41:38,jm2308,jm2308,1340.0,0.0,0.0,0.0,1,1307.0,1335.5,1,1340.0,0.0,0.0,0.0,0.0,0.0,10
2023-05-10 09:41:49,jm2308,jm2308,1340.0,0.0,0.0,0.0,1,1307.5,1335.5,1,1340.0,0.0,0.0,0.0,0.0,0.0,10
2023-05-10 09:41:49,jm2308,jm2308,1340.0,0.0,0.0,0.0,1,1308.0,1335.5,1,1340.0,0.0,0.0,0.0,0.0,0.0,10
2023-05-10 09:42:02,jm2308,jm2308,1340.0,0.0,0.0,0.0,1,1308.0,1335.0,1,1340.0,0.0,0.0,0.0,0.0,0.0,10
2023-05-10 09:42:11,jm2308,jm2308,1340.0,0.0,0.0,0.0,1,1308.0,1333.0,1,1340.0,0.0,0.0,0.0,0.0,0.0,10
2023-05-10 09:42:30,jm2308,jm2308,1340.0,0.0,0.0,0.0,1,1308.5,1333.0,1,1340.0,0.0,0.0,0.0,0.0,0.0,10
2023-05-10 09:42:31,jm2308,jm2308,1340.0,0.0,0.0,0.0,1,1309.0,1333.0,1,1340.0,0.0,0.0,0.0,0.0,0.0,10
2023-05-10 09:42:45,jm2308,jm2308,1340.0,0.0,0.0,0.0,1,1309.0,1335.0,1,1340.0,0.0,0.0,0.0,0.0,0.0,10
2023-05-10 09:42:46,jm2308,jm2308,1340.0,0.0,0.0,0.0,1,1309.0,1334.5,1,1340.0,0.0,0.0,0.0,0.0,0.0,10
2023-05-10 09:42:49,jm2308,jm2308,1340.0,0.0,0.0,0.0,1,1309.5,1334.5,1,1340.0,0.0,0.0,0.0,0.0,0.0,10
2023-05-10 09:42:50,jm2308,jm2308,1340.0,0.0,0.0,0.0,1,1310.0,1334.5,1,1340.0,0.0,0.0,0.0,0.0,0.0,10
2023-05-10 09:43:28,jm2308,jm2308,1340.0,0.0,0.0,0.0,1,1310.0,1334.0,1,1340.0,0.0,0.0,0.0,0.0,0.0,10
2023-05-10 09:43:29,jm2308,jm2308,1340.0,0.0,0.0,0.0,1,1310.0,1333.5,1,1340.0,0.0,0.0,0.0,0.0,0.0,10
2023-05-10 09:44:09,jm2308,jm2308,1340.0,0.0,0.0,0.0,1,1310.0,1395.0,1,1340.0,0.0,0.0,0.0,0.0,0.0,10
2023-05-10 09:44:10,jm2308,jm2308,1340.0,0.0,0.0,0.0,1,1310.0,1344.0,1,1340.0,0.0,0.0,0.0,0.0,0.0,10
2023-05-10 09:44:11,jm2308,jm2308,1340.0,0.0,0.0,0.0,1,1310.0,1343.5,1,1340.0,0.0,0.0,0.0,0.0,0.0,10
2023-05-10 09:44:14,jm2308,jm2308,1340.0,0.0,0.0,0.0,1,1310.0,1341.5,1,1340.0,0.0,0.0,0.0,0.0,0.0,10
2023-05-10 09:44:54,jm2308,jm2308,1340.0,0.0,0.0,0.0,1,1310.0,1341.0,1,1340.0,0.0,0.0,0.0,0.0,0.0,10
2023-05-10 09:44:55,jm2308,jm2308,1340.0,0.0,0.0,0.0,1,1310.0,1339.0,1,1340.0,0.0,0.0,0.0,0.0,0.0,10
2023-05-10 09:45:36,jm2308,jm2308,1340.0,0.0,0.0,0.0,1,1310.0,1338.5,1,1340.0,0.0,0.0,0.0,0.0,0.0,10
2023-05-10 09:45:37,jm2308,jm2308,1340.0,0.0,0.0,0.0,1,1310.0,1337.5,1,1340.0,0.0,0.0,0.0,0.0,0.0,10
2023-05-10 09:45:48,jm2308,jm2308,1340.0,0.0,0.0,0.0,1,1310.5,1337.5,1,1340.0,0.0,0.0,0.0,0.0,0.0,10
2023-05-10 09:45:48,jm2308,jm2308,1340.0,0.0,0.0,0.0,1,1311.0,1337.5,1,1340.0,0.0,0.0,0.0,0.0,0.0,10
2023-05-10 09:46:09,jm2308,jm2308,1340.0,0.0,0.0,0.0,1,1311.5,1337.5,1,1340.0,0.0,0.0,0.0,0.0,0.0,10
2023-05-10 09:46:10,jm2308,jm2308,1340.0,0.0,0.0,0.0,1,1312.0,1337.5,1,1340.0,0.0,0.0,0.0,0.0,0.0,10
2023-05-10 09:46:18,jm2308,jm2308,1340.0,0.0,0.0,0.0,1,1312.0,1337.0,1,1340.0,0.0,0.0,0.0,0.0,0.0,10
2023-05-10 09:46:19,jm2308,jm2308,1340.0,0.0,0.0,0.0,1,1312.0,1336.5,1,1340.0,0.0,0.0,0.0,0.0,0.0,10
2023-05-10 09:47:00,jm2308,jm2308,1340.0,0.0,0.0,0.0,1,1312.0,1336.0,1,1340.0,0.0,0.0,0.0,0.0,0.0,10
2023-05-10 09:47:01,jm2308,jm2308,1340.0,0.0,0.0,0.0,1,1312.0,1335.5,1,1340.0,0.0,0.0,0.0,0.0,0.0,10
2023-05-10 09:47:09,jm2308,jm2308,1340.0,0.0,0.0,0.0,1,1312.0,1336.0,1,1340.0,0.0,0.0,0.0,0.0,0.0,10
2023-05-10 09:47:12,jm2308,jm2308,1340.0,0.0,0.0,0.0,1,1312.5,1336.0,1,1340.0,0.0,0.0,0.0,0.0,0.0,10
2023-05-10 09:47:12,jm2308,jm2308,1340.0,0.0,0.0,0.0,1,1313.0,1336.0,1,1340.0,0.0,0.0,0.0,0.0,0.0,10
2023-05-10 09:47:45,jm2308,jm2308,1340.0,0.0,0.0,0.0,1,1313.5,1336.0,1,1340.0,0.0,0.0,0.0,0.0,0.0,10
2023-05-10 09:47:46,jm2308,jm2308,1340.0,0.0,0.0,0.0,1,1314.0,1336.0,1,1340.0,0.0,0.0,0.0,0.0,0.0,10
2023-05-10 09:49:06,jm2308,jm2308,1340.0,0.0,0.0,0.0,1,1314.0,1335.5,1,1340.0,0.0,0.0,0.0,0.0,0.0,10
2023-05-10 09:49:10,jm2308,jm2308,1340.0,0.0,0.0,0.0,1,1314.0,1336.0,1,1340.0,0.0,0.0,0.0,0.0,0.0,10
2023-05-10 09:49:17,jm2308,jm2308,1340.0,0.0,0.0,0.0,1,1314.0,1335.5,1,1340.0,0.0,0.0,0.0,0.0,0.0,10
2023-05-10 09:49:58,jm2308,jm2308,1340.0,0.0,0.0,0.0,1,1314.0,1390.0,1,1340.0,0.0,0.0,0.0,0.0,0.0,10
2023-05-10 09:49:59,jm2308,jm2308,1340.0,0.0,0.0,0.0,1,1314.0,1345.5,1,1340.0,0.0,0.0,0.0,0.0,0.0,10
2023-05-10 09:50:36,jm2308,jm2308,1340.0,0.0,0.0,0.0,1,1314.0,1345.0,1,1340.0,0.0,0.0,0.0,0.0,0.0,10
2023-05-10 09:50:37,jm2308,jm2308,1340.0,0.0,0.0,0.0,1,1314.0,1343.0,1,1340.0,0.0,0.0,0.0,0.0,0.0,10
2023-05-10 09:51:20,jm2308,jm2308,1340.0,0.0,0.0,0.0,1,1314.0,1342.5,1,1340.0,0.0,0.0,0.0,0.0,0.0,10
2023-05-10 09:51:20,jm2308,jm2308,1340.0,0.0,0.0,0.0,1,1314.0,1340.5,1,1340.0,0.0,0.0,0.0,0.0,0.0,10
2023-05-10 09:52:04,jm2308,jm2308,1340.0,0.0,0.0,0.0,1,1314.0,1340.0,1,1340.0,0.0,0.0,0.0,0.0,0.0,10
2023-05-10 09:52:05,jm2308,jm2308,1340.0,0.0,0.0,0.0,1,1314.0,1338.0,1,1340.0,0.0,0.0,0.0,0.0,0.0,10
2023-05-10 09:52:47,jm2308,jm2308,1340.0,0.0,0.0,0.0,1,1314.0,1337.5,1,1340.0,0.0,0.0,0.0,0.0,0.0,10
2023-05-10 09:52:48,jm2308,jm2308,1340.0,0.0,0.0,0.0,1,1314.0,1335.5,1,1340.0,0.0,0.0,0.0,0.0,0.0,10
2023-05-10 09:53:30,jm2308,jm2308,1340.0,0.0,0.0,0.0,1,1314.0,1335.0,1,1340.0,0.0,0.0,0.0,0.0,0.0,10
2023-05-10 09:53:31,jm2308,jm2308,1340.0,0.0,0.0,0.0,1,1314.0,1334.0,1,1340.0,0.0,0.0,0.0,0.0,0.0,10
2023-05-10 09:54:14,jm2308,jm2308,1340.0,0.0,0.0,0.0,1,1314.0,1333.5,1,1340.0,0.0,0.0,0.0,0.0,0.0,10
2023-05-10 09:54:15,jm2308,jm2308,1340.0,0.0,0.0,0.0,1,1314.0,1332.5,1,1340.0,0.0,0.0,0.0,0.0,0.0,10
2023-05-10 09:54:46,jm2308,jm2308,1340.0,0.0,0.0,0.0,1,1289.5,1332.5,1,1340.0,0.0,0.0,0.0,0.0,0.0,10
2023-05-10 09:54:47,jm2308,jm2308,1340.0,0.0,0.0,0.0,1,1294.5,1332.5,1,1340.0,0.0,0.0,0.0,0.0,0.0,10
2023-05-10 09:54:48,jm2308,jm2308,1340.0,0.0,0.0,0.0,1,1297.0,1332.5,1,1340.0,0.0,0.0,0.0,0.0,0.0,10
2023-05-10 09:54:48,jm2308,jm2308,1340.0,0.0,0.0,0.0,1,1299.0,1332.5,1,1340.0,0.0,0.0,0.0,0.0,0.0,10
2023-05-10 09:54:48,jm2308,jm2308,1340.0,0.0,0.0,0.0,1,1299.5,1332.5,1,1340.0,0.0,0.0,0.0,0.0,0.0,10
2023-05-10 09:54:49,jm2308,jm2308,1340.0,0.0,0.0,0.0,1,1300.5,1332.5,1,1340.0,0.0,0.0,0.0,0.0,0.0,10
2023-05-10 09:54:49,jm2308,jm2308,1340.0,0.0,0.0,0.0,1,1301.0,1332.5,1,1340.0,0.0,0.0,0.0,0.0,0.0,10
2023-05-10 09:54:50,jm2308,jm2308,1340.0,0.0,0.0,0.0,1,1302.0,1332.5,1,1340.0,0.0,0.0,0.0,0.0,0.0,10
2023-05-10 09:54:50,jm2308,jm2308,1340.0,0.0,0.0,0.0,1,1302.5,1332.5,1,1340.0,0.0,0.0,0.0,0.0,0.0,10
2023-05-10 09:54:51,jm2308,jm2308,1340.0,0.0,0.0,0.0,1,1303.0,1332.5,1,1340.0,0.0,0.0,0.0,0.0,0.0,10
2023-05-10 09:54:51,jm2308,jm2308,1340.0,0.0,0.0,0.0,1,1303.5,1332.5,1,1340.0,0.0,0.0,0.0,0.0,0.0,10
2023-05-10 09:54:52,jm2308,jm2308,1340.0,0.0,0.0,0.0,1,1304.0,1332.5,1,1340.0,0.0,0.0,0.0,0.0,0.0,10
2023-05-10 09:54:52,jm2308,jm2308,1340.0,0.0,0.0,0.0,1,1304.5,1332.5,1,1340.0,0.0,0.0,0.0,0.0,0.0,10
2023-05-10 09:54:54,jm2308,jm2308,1340.0,0.0,0.0,0.0,1,1305.0,1332.5,1,1340.0,0.0,0.0,0.0,0.0,0.0,10
2023-05-10 09:54:54,jm2308,jm2308,1340.0,0.0,0.0,0.0,1,1305.5,1332.5,1,1340.0,0.0,0.0,0.0,0.0,0.0,10
2023-05-10 09:54:57,jm2308,jm2308,1340.0,0.0,0.0,0.0,1,1306.0,1332.0,1,1340.0,0.0,0.0,0.0,0.0,0.0,10
2023-05-10 09:54:58,jm2308,jm2308,1340.0,0.0,0.0,0.0,1,1306.5,1331.5,1,1340.0,0.0,0.0,0.0,0.0,0.0,10
2023-05-10 09:55:24,jm2308,jm2308,1340.0,0.0,0.0,0.0,1,1307.0,1331.5,1,1340.0,0.0,0.0,0.0,0.0,0.0,10
2023-05-10 09:55:25,jm2308,jm2308,1340.0,0.0,0.0,0.0,1,1307.5,1331.5,1,1340.0,0.0,0.0,0.0,0.0,0.0,10
2023-05-10 09:55:28,jm2308,jm2308,1340.0,0.0,0.0,0.0,1,1307.5,1332.0,1,1340.0,0.0,0.0,0.0,0.0,0.0,10
2023-05-10 09:55:30,jm2308,jm2308,1340.0,0.0,0.0,0.0,1,1307.5,1331.5,1,1340.0,0.0,0.0,0.0,0.0,0.0,10
2023-05-10 09:55:32,jm2308,jm2308,1340.0,0.0,0.0,0.0,1,1307.5,1332.0,1,1340.0,0.0,0.0,0.0,0.0,0.0,10
2023-05-10 09:55:32,jm2308,jm2308,1340.0,0.0,0.0,0.0,1,1307.5,1331.5,1,1340.0,0.0,0.0,0.0,0.0,0.0,10
2023-05-10 09:55:33,jm2308,jm2308,1340.0,0.0,0.0,0.0,1,1307.5,1332.0,1,1340.0,0.0,0.0,0.0,0.0,0.0,10
2023-05-10 09:55:54,jm2308,jm2308,1340.0,0.0,0.0,0.0,1,1308.0,1332.0,1,1340.0,0.0,0.0,0.0,0.0,0.0,10
2023-05-10 09:55:54,jm2308,jm2308,1340.0,0.0,0.0,0.0,1,1308.5,1332.0,1,1340.0,0.0,0.0,0.0,0.0,0.0,10
2023-05-10 09:57:01,jm2308,jm2308,1340.0,0.0,0.0,0.0,1,1308.5,1331.5,1,1340.0,0.0,0.0,0.0,0.0,0.0,10
2023-05-10 09:57:52,jm2308,jm2308,1340.0,0.0,0.0,0.0,1,1308.5,1331.0,1,1340.0,0.0,0.0,0.0,0.0,0.0,10
2023-05-10 09:57:53,jm2308,jm2308,1340.0,0.0,0.0,0.0,1,1308.5,1330.5,1,1340.0,0.0,0.0,0.0,0.0,0.0,10
2023-05-10 09:57:53,jm2308,jm2308,1340.0,0.0,0.0,0.0,1,1308.5,1331.0,1,1340.0,0.0,0.0,0.0,0.0,0.0,10
2023-05-10 09:57:55,jm2308,jm2308,1340.0,0.0,0.0,0.0,1,1308.5,1330.5,1,1340.0,0.0,0.0,0.0,0.0,0.0,10
2023-05-10 09:58:37,jm2308,jm2308,1340.0,0.0,0.0,0.0,1,1308.5,1330.0,1,1340.0,0.0,0.0,0.0,0.0,0.0,10
2023-05-10 09:58:37,jm2308,jm2308,1340.0,0.0,0.0,0.0,1,1308.5,1329.5,1,1340.0,0.0,0.0,0.0,0.0,0.0,10
2023-05-10 09:58:49,jm2308,jm2308,1340.0,0.0,0.0,0.0,1,1308.5,1330.0,1,1340.0,0.0,0.0,0.0,0.0,0.0,10
2023-05-10 09:59:37,jm2308,jm2308,1340.0,0.0,0.0,0.0,1,1297.0,1330.0,1,1340.0,0.0,0.0,0.0,0.0,0.0,10
2023-05-10 09:59:37,jm2308,jm2308,1340.0,0.0,0.0,0.0,1,1299.0,1330.0,1,1340.0,0.0,0.0,0.0,0.0,0.0,10
2023-05-10 09:59:38,jm2308,jm2308,1340.0,0.0,0.0,0.0,1,1301.5,1330.0,1,1340.0,0.0,0.0,0.0,0.0,0.0,10
2023-05-10 09:59:39,jm2308,jm2308,1340.0,0.0,0.0,0.0,1,1303.5,1330.0,1,1340.0,0.0,0.0,0.0,0.0,0.0,10
2023-05-10 10:00:19,jm2308,jm2308,1340.0,0.0,0.0,0.0,1,1306.0,1330.0,1,1340.0,0.0,0.0,0.0,0.0,0.0,10
2023-05-10 10:00:19,jm2308,jm2308,1340.0,0.0,0.0,0.0,1,1289.5,1330.0,1,1340.0,0.0,0.0,0.0,0.0,0.0,10
2023-05-10 10:00:19,jm2308,jm2308,1340.0,0.0,0.0,0.0,1,1299.5,1330.0,1,1340.0,0.0,0.0,0.0,0.0,0.0,10
2023-05-10 10:00:20,jm2308,jm2308,1340.0,0.0,0.0,0.0,1,1302.0,1330.0,1,1340.0,0.0,0.0,0.0,0.0,0.0,10
2023-05-10 10:00:21,jm2308,jm2308,1340.0,0.0,0.0,0.0,1,1304.0,1330.0,1,1340.0,0.0,0.0,0.0,0.0,0.0,10
2023-05-10 10:00:34,jm2308,jm2308,1340.0,0.0,0.0,0.0,1,1306.5,1330.0,1,1340.0,0.0,0.0,0.0,0.0,0.0,10
2023-05-10 10:00:34,jm2308,jm2308,1340.0,0.0,0.0,0.0,1,1307.5,1330.0,1,1340.0,0.0,0.0,0.0,0.0,0.0,10
2023-05-10 10:00:34,jm2308,jm2308,1340.0,0.0,0.0,0.0,1,1308.0,1330.0,1,1340.0,0.0,0.0,0.0,0.0,0.0,10
2023-05-10 10:00:35,jm2308,jm2308,1340.0,0.0,0.0,0.0,1,1309.0,1330.0,1,1340.0,0.0,0.0,0.0,0.0,0.0,10
2023-05-10 10:00:35,jm2308,jm2308,1340.0,0.0,0.0,0.0,1,1309.5,1330.0,1,1340.0,0.0,0.0,0.0,0.0,0.0,10
2023-05-10 10:00:36,jm2308,jm2308,1340.0,0.0,0.0,0.0,1,1310.0,1330.0,1,1340.0,0.0,0.0,0.0,0.0,0.0,10
2023-05-10 10:00:36,jm2308,jm2308,1340.0,0.0,0.0,0.0,1,1310.5,1330.0,1,1340.0,0.0,0.0,0.0,0.0,0.0,10
2023-05-10 10:00:38,jm2308,jm2308,1340.0,0.0,0.0,0.0,1,1311.0,1330.0,1,1340.0,0.0,0.0,0.0,0.0,0.0,10
2023-05-10 10:00:38,jm2308,jm2308,1340.0,0.0,0.0,0.0,1,1311.5,1330.0,1,1340.0,0.0,0.0,0.0,0.0,0.0,10
2023-05-10 10:02:55,jm2308,jm2308,1340.0,0.0,0.0,0.0,1,1312.0,1330.0,1,1340.0,0.0,0.0,0.0,0.0,0.0,10
2023-05-10 10:02:55,jm2308,jm2308,1340.0,0.0,0.0,0.0,1,1312.5,1330.0,1,1340.0,0.0,0.0,0.0,0.0,0.0,10
2023-05-10 10:04:51,jm2308,jm2308,1340.0,0.0,0.0,0.0,1,1313.0,1330.0,1,1340.0,0.0,0.0,0.0,0.0,0.0,10
2023-05-10 10:04:51,jm2308,jm2308,1340.0,0.0,0.0,0.0,1,1313.5,1330.0,1,1340.0,0.0,0.0,0.0,0.0,0.0,10
2023-05-10 10:04:52,jm2308,jm2308,1340.0,0.0,0.0,0.0,1,1313.5,1331.0,1,1340.0,0.0,0.0,0.0,0.0,0.0,10
2023-05-10 10:05:00,jm2308,jm2308,1340.0,0.0,0.0,0.0,1,1313.5,1330.5,1,1340.0,0.0,0.0,0.0,0.0,0.0,10
2023-05-10 10:05:12,jm2308,jm2308,1340.0,0.0,0.0,0.0,1,1313.5,1329.0,1,1340.0,0.0,0.0,0.0,0.0,0.0,10
2023-05-10 10:05:22,jm2308,jm2308,1340.0,0.0,0.0,0.0,1,1313.5,1330.5,1,1340.0,0.0,0.0,0.0,0.0,0.0,10
2023-05-10 10:05:42,jm2308,jm2308,1340.0,0.0,0.0,0.0,1,1313.5,1330.0,1,1340.0,0.0,0.0,0.0,0.0,0.0,10
2023-05-10 10:06:27,jm2308,jm2308,1340.0,0.0,0.0,0.0,1,1314.0,1330.0,1,1340.0,0.0,0.0,0.0,0.0,0.0,10
2023-05-10 10:06:27,jm2308,jm2308,1340.0,0.0,0.0,0.0,1,1314.5,1330.0,1,1340.0,0.0,0.0,0.0,0.0,0.0,10
2023-05-10 10:07:09,jm2308,jm2308,1340.0,0.0,0.0,0.0,1,1315.0,1330.0,1,1340.0,0.0,0.0,0.0,0.0,0.0,10
2023-05-10 10:07:09,jm2308,jm2308,1340.0,0.0,0.0,0.0,1,1315.5,1330.0,1,1340.0,0.0,0.0,0.0,0.0,0.0,10
2023-05-10 10:07:52,jm2308,jm2308,1340.0,0.0,0.0,0.0,1,1316.0,1330.0,1,1340.0,0.0,0.0,0.0,0.0,0.0,10
2023-05-10 10:07:52,jm2308,jm2308,1340.0,0.0,0.0,0.0,1,1316.5,1330.0,1,1340.0,0.0,0.0,0.0,0.0,0.0,10
2023-05-10 10:08:35,jm2308,jm2308,1340.0,0.0,0.0,0.0,1,1317.0,1330.0,1,1340.0,0.0,0.0,0.0,0.0,0.0,10
2023-05-10 10:08:35,jm2308,jm2308,1340.0,0.0,0.0,0.0,1,1317.5,1330.0,1,1340.0,0.0,0.0,0.0,0.0,0.0,10
2023-05-10 10:09:19,jm2308,jm2308,1340.0,0.0,0.0,0.0,1,1318.0,1330.0,1,1340.0,0.0,0.0,0.0,0.0,0.0,10
2023-05-10 10:09:19,jm2308,jm2308,1340.0,0.0,0.0,0.0,1,1318.5,1330.0,1,1340.0,0.0,0.0,0.0,0.0,0.0,10
2023-05-10 10:10:04,jm2308,jm2308,1340.0,0.0,0.0,0.0,1,1319.0,1330.0,1,1340.0,0.0,0.0,0.0,0.0,0.0,10
2023-05-10 10:10:04,jm2308,jm2308,1340.0,0.0,0.0,0.0,1,1319.5,1330.0,1,1340.0,0.0,0.0,0.0,0.0,0.0,10
2023-05-10 10:10:47,jm2308,jm2308,1340.0,0.0,0.0,0.0,1,1320.0,1330.0,1,1340.0,0.0,0.0,0.0,0.0,0.0,10
2023-05-10 10:10:50,jm2308,jm2308,1340.0,0.0,0.0,0.0,1,1320.5,1330.0,1,1340.0,0.0,0.0,0.0,0.0,0.0,10
2023-05-10 10:10:51,jm2308,jm2308,1340.0,0.0,0.0,0.0,1,1289.5,1330.0,1,1340.0,0.0,0.0,0.0,0.0,0.0,10
2023-05-10 10:10:52,jm2308,jm2308,1340.0,0.0,0.0,0.0,1,1301.0,1330.0,1,1340.0,0.0,0.0,0.0,0.0,0.0,10
2023-05-10 10:10:52,jm2308,jm2308,1340.0,0.0,0.0,0.0,1,1303.5,1330.0,1,1340.0,0.0,0.0,0.0,0.0,0.0,10
2023-05-10 10:10:53,jm2308,jm2308,1340.0,0.0,0.0,0.0,1,1305.5,1330.0,1,1340.0,0.0,0.0,0.0,0.0,0.0,10
2023-05-10 10:10:53,jm2308,jm2308,1340.0,0.0,0.0,0.0,1,1306.0,1330.0,1,1340.0,0.0,0.0,0.0,0.0,0.0,10
2023-05-10 10:10:54,jm2308,jm2308,1340.0,0.0,0.0,0.0,1,1308.0,1330.0,1,1340.0,0.0,0.0,0.0,0.0,0.0,10
2023-05-10 10:10:54,jm2308,jm2308,1340.0,0.0,0.0,0.0,1,1308.5,1330.0,1,1340.0,0.0,0.0,0.0,0.0,0.0,10
2023-05-10 10:10:55,jm2308,jm2308,1340.0,0.0,0.0,0.0,1,1309.5,1330.0,1,1340.0,0.0,0.0,0.0,0.0,0.0,10
2023-05-10 10:10:55,jm2308,jm2308,1340.0,0.0,0.0,0.0,1,1310.0,1330.0,1,1340.0,0.0,0.0,0.0,0.0,0.0,10
2023-05-10 10:10:56,jm2308,jm2308,1340.0,0.0,0.0,0.0,1,1310.5,1330.0,1,1340.0,0.0,0.0,0.0,0.0,0.0,10
2023-05-10 10:10:56,jm2308,jm2308,1340.0,0.0,0.0,0.0,1,1311.0,1330.0,1,1340.0,0.0,0.0,0.0,0.0,0.0,10
2023-05-10 10:10:58,jm2308,jm2308,1340.0,0.0,0.0,0.0,1,1311.5,1330.0,1,1340.0,0.0,0.0,0.0,0.0,0.0,10
2023-05-10 10:10:58,jm2308,jm2308,1340.0,0.0,0.0,0.0,1,1312.0,1330.0,1,1340.0,0.0,0.0,0.0,0.0,0.0,10
2023-05-10 10:11:31,jm2308,jm2308,1340.0,0.0,0.0,0.0,1,1312.0,1329.5,1,1340.0,0.0,0.0,0.0,0.0,0.0,10
2023-05-10 10:14:47,jm2308,jm2308,1340.0,0.0,0.0,0.0,1,1289.5,1329.5,1,1340.0,0.0,0.0,0.0,0.0,0.0,10
2023-05-10 10:14:47,jm2308,jm2308,1340.0,0.0,0.0,0.0,1,1292.0,1329.5,1,1340.0,0.0,0.0,0.0,0.0,0.0,10
2023-05-10 10:30:01,jm2308,jm2308,1340.0,0.0,0.0,0.0,1,1295.5,1329.5,1,1340.0,0.0,0.0,0.0,0.0,0.0,10
2023-05-10 10:30:02,jm2308,jm2308,1340.0,0.0,0.0,0.0,1,1298.0,1329.5,1,1340.0,0.0,0.0,0.0,0.0,0.0,10
2023-05-10 10:30:02,jm2308,jm2308,1340.0,0.0,0.0,0.0,1,1298.5,1329.5,1,1340.0,0.0,0.0,0.0,0.0,0.0,10
2023-05-10 10:30:03,jm2308,jm2308,1340.0,0.0,0.0,0.0,1,1301.0,1329.5,1,1340.0,0.0,0.0,0.0,0.0,0.0,10
2023-05-10 10:30:03,jm2308,jm2308,1340.0,0.0,0.0,0.0,1,1301.5,1329.5,1,1340.0,0.0,0.0,0.0,0.0,0.0,10
2023-05-10 10:30:04,jm2308,jm2308,1340.0,0.0,0.0,0.0,1,1302.5,1329.5,1,1340.0,0.0,0.0,0.0,0.0,0.0,10
2023-05-10 10:30:04,jm2308,jm2308,1340.0,0.0,0.0,0.0,1,1303.0,1329.5,1,1340.0,0.0,0.0,0.0,0.0,0.0,10
2023-05-10 10:30:06,jm2308,jm2308,1340.0,0.0,0.0,0.0,1,1304.0,1329.5,1,1340.0,0.0,0.0,0.0,0.0,0.0,10
2023-05-10 10:30:06,jm2308,jm2308,1340.0,0.0,0.0,0.0,1,1304.5,1329.5,1,1340.0,0.0,0.0,0.0,0.0,0.0,10
2023-05-10 10:30:07,jm2308,jm2308,1340.0,0.0,0.0,0.0,1,1305.5,1329.5,1,1340.0,0.0,0.0,0.0,0.0,0.0,10
2023-05-10 10:30:08,jm2308,jm2308,1340.0,0.0,0.0,0.0,1,1306.0,1329.5,1,1340.0,0.0,0.0,0.0,0.0,0.0,10
2023-05-10 10:30:15,jm2308,jm2308,1340.0,0.0,0.0,0.0,1,1306.0,1330.0,1,1340.0,0.0,0.0,0.0,0.0,0.0,10
2023-05-10 10:30:22,jm2308,jm2308,1340.0,0.0,0.0,0.0,1,1306.0,1329.5,1,1340.0,0.0,0.0,0.0,0.0,0.0,10
2023-05-10 10:30:24,jm2308,jm2308,1340.0,0.0,0.0,0.0,1,1306.0,1330.0,1,1340.0,0.0,0.0,0.0,0.0,0.0,10
2023-05-10 10:30:32,jm2308,jm2308,1340.0,0.0,0.0,0.0,1,1306.5,1330.0,1,1340.0,0.0,0.0,0.0,0.0,0.0,10
2023-05-10 10:30:32,jm2308,jm2308,1340.0,0.0,0.0,0.0,1,1307.0,1330.0,1,1340.0,0.0,0.0,0.0,0.0,0.0,10
2023-05-10 10:30:35,jm2308,jm2308,1340.0,0.0,0.0,0.0,1,1307.5,1330.0,1,1340.0,0.0,0.0,0.0,0.0,0.0,10
2023-05-10 10:30:35,jm2308,jm2308,1340.0,0.0,0.0,0.0,1,1308.0,1330.0,1,1340.0,0.0,0.0,0.0,0.0,0.0,10
2023-05-10 10:30:45,jm2308,jm2308,1340.0,0.0,0.0,0.0,1,1308.0,1329.5,1,1340.0,0.0,0.0,0.0,0.0,0.0,10
2023-05-10 10:30:46,jm2308,jm2308,1340.0,0.0,0.0,0.0,1,1308.0,1330.0,1,1340.0,0.0,0.0,0.0,0.0,0.0,10
2023-05-10 10:30:46,jm2308,jm2308,1340.0,0.0,0.0,0.0,1,1308.0,1329.5,1,1340.0,0.0,0.0,0.0,0.0,0.0,10
2023-05-10 10:30:47,jm2308,jm2308,1340.0,0.0,0.0,0.0,1,1308.0,1330.0,1,1340.0,0.0,0.0,0.0,0.0,0.0,10
2023-05-10 10:30:51,jm2308,jm2308,1340.0,0.0,0.0,0.0,1,1308.0,1329.5,1,1340.0,0.0,0.0,0.0,0.0,0.0,10
2023-05-10 10:30:52,jm2308,jm2308,1340.0,0.0,0.0,0.0,1,1308.0,1329.5,2,1340.0,0.0,0.0,0.0,0.0,0.0,10
2023-05-10 10:30:52,jm2308,jm2308,1340.0,0.0,0.0,0.0,1,1308.0,1329.5,1,1340.0,0.0,0.0,0.0,0.0,0.0,10
2023-05-10 10:32:29,jm2308,jm2308,1340.0,0.0,0.0,0.0,1,1308.5,1329.5,1,1340.0,0.0,0.0,0.0,0.0,0.0,10
2023-05-10 10:32:30,jm2308,jm2308,1340.0,0.0,0.0,0.0,1,1309.0,1329.5,1,1340.0,0.0,0.0,0.0,0.0,0.0,10
2023-05-10 10:35:51,jm2308,jm2308,1340.0,0.0,0.0,0.0,1,1309.0,1330.0,1,1340.0,0.0,0.0,0.0,0.0,0.0,10
2023-05-10 10:35:57,jm2308,jm2308,1340.0,0.0,0.0,0.0,1,1309.0,1329.5,1,1340.0,0.0,0.0,0.0,0.0,0.0,10
2023-05-10 10:37:14,jm2308,jm2308,1340.0,0.0,0.0,0.0,1,1309.5,1329.5,1,1340.0,0.0,0.0,0.0,0.0,0.0,10
2023-05-10 10:37:14,jm2308,jm2308,1340.0,0.0,0.0,0.0,1,1310.0,1329.5,1,1340.0,0.0,0.0,0.0,0.0,0.0,10
2023-05-10 10:37:30,jm2308,jm2308,1340.0,0.0,0.0,0.0,1,1310.5,1329.5,1,1340.0,0.0,0.0,0.0,0.0,0.0,10
2023-05-10 10:37:31,jm2308,jm2308,1340.0,0.0,0.0,0.0,1,1311.0,1329.5,1,1340.0,0.0,0.0,0.0,0.0,0.0,10
2023-05-10 10:38:35,jm2308,jm2308,1340.0,0.0,0.0,0.0,1,1311.0,1329.0,1,1340.0,0.0,0.0,0.0,0.0,0.0,10
2023-05-10 10:39:33,jm2308,jm2308,1340.0,0.0,0.0,0.0,1,1311.0,1328.5,1,1340.0,0.0,0.0,0.0,0.0,0.0,10
2023-05-10 10:39:34,jm2308,jm2308,1340.0,0.0,0.0,0.0,1,1311.0,1328.0,1,1340.0,0.0,0.0,0.0,0.0,0.0,10
2023-05-10 10:39:48,jm2308,jm2308,1340.0,0.0,0.0,0.0,1,1276.5,1328.0,1,1340.0,0.0,0.0,0.0,0.0,0.0,10
2023-05-10 10:39:49,jm2308,jm2308,1340.0,0.0,0.0,0.0,1,1291.5,1328.0,1,1340.0,0.0,0.0,0.0,0.0,0.0,10
2023-05-10 10:39:50,jm2308,jm2308,1340.0,0.0,0.0,0.0,1,1294.0,1328.0,1,1340.0,0.0,0.0,0.0,0.0,0.0,10
2023-05-10 10:39:50,jm2308,jm2308,1340.0,0.0,0.0,0.0,1,1296.0,1328.0,1,1340.0,0.0,0.0,0.0,0.0,0.0,10
2023-05-10 10:39:50,jm2308,jm2308,1340.0,0.0,0.0,0.0,1,1296.5,1328.0,1,1340.0,0.0,0.0,0.0,0.0,0.0,10
2023-05-10 10:39:51,jm2308,jm2308,1340.0,0.0,0.0,0.0,1,1297.5,1328.0,1,1340.0,0.0,0.0,0.0,0.0,0.0,10
2023-05-10 10:39:51,jm2308,jm2308,1340.0,0.0,0.0,0.0,1,1298.0,1328.0,1,1340.0,0.0,0.0,0.0,0.0,0.0,10
2023-05-10 10:39:52,jm2308,jm2308,1340.0,0.0,0.0,0.0,1,1299.0,1328.0,1,1340.0,0.0,0.0,0.0,0.0,0.0,10
2023-05-10 10:39:53,jm2308,jm2308,1340.0,0.0,0.0,0.0,1,1299.5,1328.0,1,1340.0,0.0,0.0,0.0,0.0,0.0,10
2023-05-10 10:39:54,jm2308,jm2308,1340.0,0.0,0.0,0.0,1,1300.0,1328.0,1,1340.0,0.0,0.0,0.0,0.0,0.0,10
2023-05-10 10:39:54,jm2308,jm2308,1340.0,0.0,0.0,0.0,1,1300.5,1328.0,1,1340.0,0.0,0.0,0.0,0.0,0.0,10
2023-05-10 10:39:55,jm2308,jm2308,1340.0,0.0,0.0,0.0,1,1301.0,1328.0,1,1340.0,0.0,0.0,0.0,0.0,0.0,10
2023-05-10 10:39:55,jm2308,jm2308,1340.0,0.0,0.0,0.0,1,1301.5,1328.0,1,1340.0,0.0,0.0,0.0,0.0,0.0,10
2023-05-10 10:39:56,jm2308,jm2308,1340.0,0.0,0.0,0.0,1,1302.0,1328.0,1,1340.0,0.0,0.0,0.0,0.0,0.0,10
2023-05-10 10:39:56,jm2308,jm2308,1340.0,0.0,0.0,0.0,1,1302.5,1328.0,1,1340.0,0.0,0.0,0.0,0.0,0.0,10
2023-05-10 10:40:17,jm2308,jm2308,1340.0,0.0,0.0,0.0,1,1302.5,1327.5,1,1340.0,0.0,0.0,0.0,0.0,0.0,10
2023-05-10 10:40:18,jm2308,jm2308,1340.0,0.0,0.0,0.0,1,1302.5,1327.0,1,1340.0,0.0,0.0,0.0,0.0,0.0,10
2023-05-10 10:41:01,jm2308,jm2308,1340.0,0.0,0.0,0.0,1,1302.5,1326.5,1,1340.0,0.0,0.0,0.0,0.0,0.0,10
2023-05-10 10:41:02,jm2308,jm2308,1340.0,0.0,0.0,0.0,1,1302.5,1326.0,1,1340.0,0.0,0.0,0.0,0.0,0.0,10
2023-05-10 10:41:02,jm2308,jm2308,1340.0,0.0,0.0,0.0,1,1302.5,1326.5,1,1340.0,0.0,0.0,0.0,0.0,0.0,10
2023-05-10 10:41:12,jm2308,jm2308,1340.0,0.0,0.0,0.0,1,1303.0,1326.5,1,1340.0,0.0,0.0,0.0,0.0,0.0,10
2023-05-10 10:41:12,jm2308,jm2308,1340.0,0.0,0.0,0.0,1,1303.5,1326.5,1,1340.0,0.0,0.0,0.0,0.0,0.0,10
2023-05-10 10:41:15,jm2308,jm2308,1340.0,0.0,0.0,0.0,1,1304.0,1326.5,1,1340.0,0.0,0.0,0.0,0.0,0.0,10
2023-05-10 10:41:15,jm2308,jm2308,1340.0,0.0,0.0,0.0,1,1304.5,1326.5,1,1340.0,0.0,0.0,0.0,0.0,0.0,10
2023-05-10 10:41:37,jm2308,jm2308,1340.0,0.0,0.0,0.0,1,1305.0,1326.5,1,1340.0,0.0,0.0,0.0,0.0,0.0,10
2023-05-10 10:41:37,jm2308,jm2308,1340.0,0.0,0.0,0.0,1,1305.5,1326.5,1,1340.0,0.0,0.0,0.0,0.0,0.0,10
2023-05-10 10:45:21,jm2308,jm2308,1340.0,0.0,0.0,0.0,1,1306.0,1326.5,1,1340.0,0.0,0.0,0.0,0.0,0.0,10
2023-05-10 10:45:21,jm2308,jm2308,1340.0,0.0,0.0,0.0,1,1306.5,1326.5,1,1340.0,0.0,0.0,0.0,0.0,0.0,10
2023-05-10 10:46:01,jm2308,jm2308,1340.0,0.0,0.0,0.0,1,1306.5,1330.0,1,1340.0,0.0,0.0,0.0,0.0,0.0,10
2023-05-10 10:46:02,jm2308,jm2308,1340.0,0.0,0.0,0.0,1,1306.5,1329.5,1,1340.0,0.0,0.0,0.0,0.0,0.0,10
2023-05-10 10:46:41,jm2308,jm2308,1340.0,0.0,0.0,0.0,1,1306.5,1329.0,1,1340.0,0.0,0.0,0.0,0.0,0.0,10
2023-05-10 10:46:42,jm2308,jm2308,1340.0,0.0,0.0,0.0,1,1306.5,1328.0,1,1340.0,0.0,0.0,0.0,0.0,0.0,10
2023-05-10 10:47:25,jm2308,jm2308,1340.0,0.0,0.0,0.0,1,1306.5,1327.5,1,1340.0,0.0,0.0,0.0,0.0,0.0,10
2023-05-10 10:47:25,jm2308,jm2308,1340.0,0.0,0.0,0.0,1,1306.5,1327.0,1,1340.0,0.0,0.0,0.0,0.0,0.0,10
2023-05-10 10:48:08,jm2308,jm2308,1340.0,0.0,0.0,0.0,1,1306.5,1326.5,1,1340.0,0.0,0.0,0.0,0.0,0.0,10
2023-05-10 10:48:08,jm2308,jm2308,1340.0,0.0,0.0,0.0,1,1306.5,1325.5,1,1340.0,0.0,0.0,0.0,0.0,0.0,10
2023-05-10 10:48:50,jm2308,jm2308,1340.0,0.0,0.0,0.0,1,1306.5,1325.0,1,1340.0,0.0,0.0,0.0,0.0,0.0,10
2023-05-10 10:48:58,jm2308,jm2308,1340.0,0.0,0.0,0.0,1,1306.5,1324.5,1,1340.0,0.0,0.0,0.0,0.0,0.0,10
2023-05-10 10:49:16,jm2308,jm2308,1340.0,0.0,0.0,0.0,1,1306.5,1325.0,1,1340.0,0.0,0.0,0.0,0.0,0.0,10
2023-05-10 10:49:35,jm2308,jm2308,1340.0,0.0,0.0,0.0,1,1306.5,1324.5,1,1340.0,0.0,0.0,0.0,0.0,0.0,10
2023-05-10 10:50:23,jm2308,jm2308,1340.0,0.0,0.0,0.0,1,1306.5,1324.0,1,1340.0,0.0,0.0,0.0,0.0,0.0,10
2023-05-10 10:50:24,jm2308,jm2308,1340.0,0.0,0.0,0.0,1,1306.5,1323.5,1,1340.0,0.0,0.0,0.0,0.0,0.0,10
2023-05-10 10:51:06,jm2308,jm2308,1340.0,0.0,0.0,0.0,1,1306.5,1323.0,1,1340.0,0.0,0.0,0.0,0.0,0.0,10
2023-05-10 10:51:09,jm2308,jm2308,1340.0,0.0,0.0,0.0,1,1306.5,1330.0,1,1340.0,0.0,0.0,0.0,0.0,0.0,10
2023-05-10 10:51:09,jm2308,jm2308,1340.0,0.0,0.0,0.0,1,1306.5,1328.0,1,1340.0,0.0,0.0,0.0,0.0,0.0,10
2023-05-10 10:51:36,jm2308,jm2308,1340.0,0.0,0.0,0.0,1,1266.5,1328.0,1,1340.0,0.0,0.0,0.0,0.0,0.0,10
2023-05-10 10:51:37,jm2308,jm2308,1340.0,0.0,0.0,0.0,1,1287.5,1328.0,1,1340.0,0.0,0.0,0.0,0.0,0.0,10
2023-05-10 10:51:37,jm2308,jm2308,1340.0,0.0,0.0,0.0,1,1290.0,1328.0,1,1340.0,0.0,0.0,0.0,0.0,0.0,10
2023-05-10 10:51:38,jm2308,jm2308,1340.0,0.0,0.0,0.0,1,1292.0,1328.0,1,1340.0,0.0,0.0,0.0,0.0,0.0,10
2023-05-10 10:51:38,jm2308,jm2308,1340.0,0.0,0.0,0.0,1,1292.5,1328.0,1,1340.0,0.0,0.0,0.0,0.0,0.0,10
2023-05-10 10:51:39,jm2308,jm2308,1340.0,0.0,0.0,0.0,1,1294.5,1328.0,1,1340.0,0.0,0.0,0.0,0.0,0.0,10
2023-05-10 10:51:39,jm2308,jm2308,1340.0,0.0,0.0,0.0,1,1295.0,1328.0,1,1340.0,0.0,0.0,0.0,0.0,0.0,10
2023-05-10 10:51:40,jm2308,jm2308,1340.0,0.0,0.0,0.0,1,1296.0,1328.0,1,1340.0,0.0,0.0,0.0,0.0,0.0,10
2023-05-10 10:51:40,jm2308,jm2308,1340.0,0.0,0.0,0.0,1,1296.5,1328.0,1,1340.0,0.0,0.0,0.0,0.0,0.0,10
2023-05-10 10:51:41,jm2308,jm2308,1340.0,0.0,0.0,0.0,1,1297.0,1328.0,1,1340.0,0.0,0.0,0.0,0.0,0.0,10
2023-05-10 10:51:41,jm2308,jm2308,1340.0,0.0,0.0,0.0,1,1297.5,1328.0,1,1340.0,0.0,0.0,0.0,0.0,0.0,10
2023-05-10 10:51:49,jm2308,jm2308,1340.0,0.0,0.0,0.0,1,1297.5,1327.5,1,1340.0,0.0,0.0,0.0,0.0,0.0,10
2023-05-10 10:51:49,jm2308,jm2308,1340.0,0.0,0.0,0.0,1,1297.5,1325.5,1,1340.0,0.0,0.0,0.0,0.0,0.0,10
2023-05-10 10:52:04,jm2308,jm2308,1340.0,0.0,0.0,0.0,1,1298.0,1325.5,1,1340.0,0.0,0.0,0.0,0.0,0.0,10
2023-05-10 10:52:05,jm2308,jm2308,1340.0,0.0,0.0,0.0,1,1298.5,1325.5,1,1340.0,0.0,0.0,0.0,0.0,0.0,10
2023-05-10 10:52:32,jm2308,jm2308,1340.0,0.0,0.0,0.0,1,1298.5,1325.0,1,1340.0,0.0,0.0,0.0,0.0,0.0,10
2023-05-10 10:52:33,jm2308,jm2308,1340.0,0.0,0.0,0.0,1,1298.5,1324.0,1,1340.0,0.0,0.0,0.0,0.0,0.0,10
2023-05-10 10:53:14,jm2308,jm2308,1340.0,0.0,0.0,0.0,1,1298.5,1323.5,1,1340.0,0.0,0.0,0.0,0.0,0.0,10
2023-05-10 10:53:15,jm2308,jm2308,1340.0,0.0,0.0,0.0,1,1298.5,1322.5,1,1340.0,0.0,0.0,0.0,0.0,0.0,10
2023-05-10 10:53:56,jm2308,jm2308,1340.0,0.0,0.0,0.0,1,1298.5,1322.0,1,1340.0,0.0,0.0,0.0,0.0,0.0,10
2023-05-10 10:53:57,jm2308,jm2308,1340.0,0.0,0.0,0.0,1,1298.5,1321.5,1,1340.0,0.0,0.0,0.0,0.0,0.0,10
2023-05-10 10:54:39,jm2308,jm2308,1340.0,0.0,0.0,0.0,1,1298.5,1321.0,1,1340.0,0.0,0.0,0.0,0.0,0.0,10
2023-05-10 10:54:53,jm2308,jm2308,1340.0,0.0,0.0,0.0,1,1298.5,1320.5,1,1340.0,0.0,0.0,0.0,0.0,0.0,10
2023-05-10 10:55:50,jm2308,jm2308,1340.0,0.0,0.0,0.0,1,1298.5,1330.0,1,1340.0,0.0,0.0,0.0,0.0,0.0,10
2023-05-10 10:55:51,jm2308,jm2308,1340.0,0.0,0.0,0.0,1,1298.5,1328.0,1,1340.0,0.0,0.0,0.0,0.0,0.0,10
2023-05-10 10:56:02,jm2308,jm2308,1340.0,0.0,0.0,0.0,1,1298.5,1327.5,1,1340.0,0.0,0.0,0.0,0.0,0.0,10
2023-05-10 10:56:03,jm2308,jm2308,1340.0,0.0,0.0,0.0,1,1298.5,1325.5,1,1340.0,0.0,0.0,0.0,0.0,0.0,10
2023-05-10 10:56:44,jm2308,jm2308,1340.0,0.0,0.0,0.0,1,1298.5,1325.0,1,1340.0,0.0,0.0,0.0,0.0,0.0,10
2023-05-10 10:56:44,jm2308,jm2308,1340.0,0.0,0.0,0.0,1,1298.5,1324.0,1,1340.0,0.0,0.0,0.0,0.0,0.0,10
2023-05-10 10:57:27,jm2308,jm2308,1340.0,0.0,0.0,0.0,1,1298.5,1323.5,1,1340.0,0.0,0.0,0.0,0.0,0.0,10
2023-05-10 10:57:28,jm2308,jm2308,1340.0,0.0,0.0,0.0,1,1298.5,1322.5,1,1340.0,0.0,0.0,0.0,0.0,0.0,10
2023-05-10 10:58:08,jm2308,jm2308,1340.0,0.0,0.0,0.0,1,1298.5,1322.0,1,1340.0,0.0,0.0,0.0,0.0,0.0,10
2023-05-10 10:58:09,jm2308,jm2308,1340.0,0.0,0.0,0.0,1,1298.5,1321.0,1,1340.0,0.0,0.0,0.0,0.0,0.0,10
2023-05-10 10:58:40,jm2308,jm2308,1340.0,0.0,0.0,0.0,1,1259.0,1321.0,1,1340.0,0.0,0.0,0.0,0.0,0.0,10
2023-05-10 10:58:41,jm2308,jm2308,1340.0,0.0,0.0,0.0,1,1279.5,1321.0,1,1340.0,0.0,0.0,0.0,0.0,0.0,10
2023-05-10 10:58:41,jm2308,jm2308,1340.0,0.0,0.0,0.0,1,1282.0,1321.0,1,1340.0,0.0,0.0,0.0,0.0,0.0,10
2023-05-10 10:58:42,jm2308,jm2308,1340.0,0.0,0.0,0.0,1,1284.0,1321.0,1,1340.0,0.0,0.0,0.0,0.0,0.0,10
2023-05-10 10:58:42,jm2308,jm2308,1340.0,0.0,0.0,0.0,1,1284.5,1321.0,1,1340.0,0.0,0.0,0.0,0.0,0.0,10
2023-05-10 10:58:43,jm2308,jm2308,1340.0,0.0,0.0,0.0,1,1285.5,1321.0,1,1340.0,0.0,0.0,0.0,0.0,0.0,10
2023-05-10 10:58:43,jm2308,jm2308,1340.0,0.0,0.0,0.0,1,1286.0,1321.0,1,1340.0,0.0,0.0,0.0,0.0,0.0,10
2023-05-10 10:58:44,jm2308,jm2308,1340.0,0.0,0.0,0.0,1,1287.0,1321.0,1,1340.0,0.0,0.0,0.0,0.0,0.0,10
2023-05-10 10:58:44,jm2308,jm2308,1340.0,0.0,0.0,0.0,1,1287.5,1321.0,1,1340.0,0.0,0.0,0.0,0.0,0.0,10
2023-05-10 10:58:45,jm2308,jm2308,1340.0,0.0,0.0,0.0,1,1288.0,1321.0,1,1340.0,0.0,0.0,0.0,0.0,0.0,10
