time,symbol_id,symbol_name,last,trade_volume,trade_amount,open_interest_change,bv1,bp1,ap1,av1,yesterday_close,today_open,today_high,today_low,volume,amount,open_interest
2023-05-10 19:12:58,CF2307,CF2307,15545.0,0.0,0.0,0.0,0,0.0,0.0,0,15545.0,15590.0,0.0,0.0,0.0,0.0,165104
2023-05-10 20:55:47,CF2307,CF2307,15545.0,0.0,0.0,0.0,0,0.0,0.0,0,15545.0,15590.0,0.0,0.0,0.0,0.0,165104
2023-05-10 20:56:02,CF2307,CF2307,15545.0,0.0,0.0,0.0,0,0.0,0.0,0,15545.0,15590.0,0.0,0.0,0.0,0.0,165104
2023-05-10 20:56:04,CF2307,CF2307,15545.0,0.0,0.0,0.0,0,0.0,0.0,0,15545.0,15590.0,0.0,0.0,0.0,0.0,165104
2023-05-10 20:56:32,CF2307,CF2307,15545.0,0.0,0.0,0.0,0,0.0,0.0,0,15545.0,15590.0,0.0,0.0,0.0,0.0,165104
2023-05-10 20:56:35,CF2307,CF2307,15545.0,0.0,0.0,0.0,0,0.0,0.0,0,15545.0,15590.0,0.0,0.0,0.0,0.0,165104
2023-05-10 20:57:06,CF2307,CF2307,15545.0,0.0,0.0,0.0,0,0.0,0.0,0,15545.0,15590.0,0.0,0.0,0.0,0.0,165104
2023-05-10 20:57:14,CF2307,CF2307,15545.0,0.0,0.0,0.0,0,0.0,0.0,0,15545.0,15590.0,0.0,0.0,0.0,0.0,165104
2023-05-10 20:57:15,CF2307,CF2307,15545.0,0.0,0.0,0.0,0,0.0,0.0,0,15545.0,15590.0,0.0,0.0,0.0,0.0,165104
2023-05-10 20:57:16,CF2307,CF2307,15545.0,0.0,0.0,0.0,0,0.0,0.0,0,15545.0,15590.0,0.0,0.0,0.0,0.0,165104
2023-05-10 20:57:17,CF2307,CF2307,15545.0,0.0,0.0,0.0,0,0.0,0.0,0,15545.0,15590.0,0.0,0.0,0.0,0.0,165104
2023-05-10 20:57:19,CF2307,CF2307,15545.0,0.0,0.0,0.0,0,0.0,0.0,0,15545.0,15590.0,0.0,0.0,0.0,0.0,165104
2023-05-10 20:57:22,CF2307,CF2307,15545.0,0.0,0.0,0.0,0,0.0,0.0,0,15545.0,15590.0,0.0,0.0,0.0,0.0,165104
2023-05-10 20:57:23,CF2307,CF2307,15545.0,0.0,0.0,0.0,0,0.0,0.0,0,15545.0,15590.0,0.0,0.0,0.0,0.0,165104
2023-05-10 20:57:24,CF2307,CF2307,15545.0,0.0,0.0,0.0,0,0.0,0.0,0,15545.0,15590.0,0.0,0.0,0.0,0.0,165104
2023-05-10 20:57:24,CF2307,CF2307,15545.0,0.0,0.0,0.0,0,0.0,0.0,0,15545.0,15590.0,0.0,0.0,0.0,0.0,165104
2023-05-10 20:57:25,CF2307,CF2307,15545.0,0.0,0.0,0.0,0,0.0,0.0,0,15545.0,15590.0,0.0,0.0,0.0,0.0,165104
2023-05-10 20:57:25,CF2307,CF2307,15545.0,0.0,0.0,0.0,0,0.0,0.0,0,15545.0,15590.0,0.0,0.0,0.0,0.0,165104
2023-05-10 20:57:26,CF2307,CF2307,15545.0,0.0,0.0,0.0,0,0.0,0.0,0,15545.0,15590.0,0.0,0.0,0.0,0.0,165104
2023-05-10 20:57:26,CF2307,CF2307,15545.0,0.0,0.0,0.0,0,0.0,0.0,0,15545.0,15590.0,0.0,0.0,0.0,0.0,165104
2023-05-10 20:57:27,CF2307,CF2307,15545.0,0.0,0.0,0.0,0,0.0,0.0,0,15545.0,15590.0,0.0,0.0,0.0,0.0,165104
2023-05-10 20:57:27,CF2307,CF2307,15545.0,0.0,0.0,0.0,0,0.0,0.0,0,15545.0,15590.0,0.0,0.0,0.0,0.0,165104
2023-05-10 20:57:28,CF2307,CF2307,15545.0,0.0,0.0,0.0,0,0.0,0.0,0,15545.0,15590.0,0.0,0.0,0.0,0.0,165104
2023-05-10 20:57:30,CF2307,CF2307,15545.0,0.0,0.0,0.0,0,0.0,0.0,0,15545.0,15590.0,0.0,0.0,0.0,0.0,165104
2023-05-10 20:57:30,CF2307,CF2307,15545.0,0.0,0.0,0.0,0,0.0,0.0,0,15545.0,15590.0,0.0,0.0,0.0,0.0,165104
2023-05-10 20:57:33,CF2307,CF2307,15545.0,0.0,0.0,0.0,0,0.0,0.0,0,15545.0,15590.0,0.0,0.0,0.0,0.0,165104
2023-05-10 20:57:34,CF2307,CF2307,15545.0,0.0,0.0,0.0,0,0.0,0.0,0,15545.0,15590.0,0.0,0.0,0.0,0.0,165104
2023-05-10 20:57:34,CF2307,CF2307,15545.0,0.0,0.0,0.0,0,0.0,0.0,0,15545.0,15590.0,0.0,0.0,0.0,0.0,165104
2023-05-10 20:57:35,CF2307,CF2307,15545.0,0.0,0.0,0.0,0,0.0,0.0,0,15545.0,15590.0,0.0,0.0,0.0,0.0,165104
2023-05-10 20:57:37,CF2307,CF2307,15545.0,0.0,0.0,0.0,0,0.0,0.0,0,15545.0,15590.0,0.0,0.0,0.0,0.0,165104
2023-05-10 20:57:38,CF2307,CF2307,15545.0,0.0,0.0,0.0,0,0.0,0.0,0,15545.0,15590.0,0.0,0.0,0.0,0.0,165104
2023-05-10 20:57:39,CF2307,CF2307,15545.0,0.0,0.0,0.0,0,0.0,0.0,0,15545.0,15590.0,0.0,0.0,0.0,0.0,165104
2023-05-10 20:57:39,CF2307,CF2307,15545.0,0.0,0.0,0.0,0,0.0,0.0,0,15545.0,15590.0,0.0,0.0,0.0,0.0,165104
2023-05-10 20:57:40,CF2307,CF2307,15545.0,0.0,0.0,0.0,0,0.0,0.0,0,15545.0,15590.0,0.0,0.0,0.0,0.0,165104
2023-05-10 20:57:40,CF2307,CF2307,15545.0,0.0,0.0,0.0,0,0.0,0.0,0,15545.0,15590.0,0.0,0.0,0.0,0.0,165104
2023-05-10 20:57:41,CF2307,CF2307,15545.0,0.0,0.0,0.0,0,0.0,0.0,0,15545.0,15590.0,0.0,0.0,0.0,0.0,165104
2023-05-10 20:57:41,CF2307,CF2307,15545.0,0.0,0.0,0.0,0,0.0,0.0,0,15545.0,15590.0,0.0,0.0,0.0,0.0,165104
2023-05-10 20:57:42,CF2307,CF2307,15545.0,0.0,0.0,0.0,0,0.0,0.0,0,15545.0,15590.0,0.0,0.0,0.0,0.0,165104
2023-05-10 20:57:45,CF2307,CF2307,15545.0,0.0,0.0,0.0,0,0.0,0.0,0,15545.0,15590.0,0.0,0.0,0.0,0.0,165104
2023-05-10 20:57:45,CF2307,CF2307,15545.0,0.0,0.0,0.0,0,0.0,0.0,0,15545.0,15590.0,0.0,0.0,0.0,0.0,165104
2023-05-10 20:57:50,CF2307,CF2307,15545.0,0.0,0.0,0.0,0,0.0,0.0,0,15545.0,15590.0,0.0,0.0,0.0,0.0,165104
2023-05-10 20:57:53,CF2307,CF2307,15545.0,0.0,0.0,0.0,0,0.0,0.0,0,15545.0,15590.0,0.0,0.0,0.0,0.0,165104
2023-05-10 20:57:54,CF2307,CF2307,15545.0,0.0,0.0,0.0,0,0.0,0.0,0,15545.0,15590.0,0.0,0.0,0.0,0.0,165104
2023-05-10 20:57:55,CF2307,CF2307,15545.0,0.0,0.0,0.0,0,0.0,0.0,0,15545.0,15590.0,0.0,0.0,0.0,0.0,165104
2023-05-10 20:57:56,CF2307,CF2307,15545.0,0.0,0.0,0.0,0,0.0,0.0,0,15545.0,15590.0,0.0,0.0,0.0,0.0,165104
2023-05-10 20:58:01,CF2307,CF2307,15545.0,0.0,0.0,0.0,0,0.0,0.0,0,15545.0,15590.0,0.0,0.0,0.0,0.0,165104
2023-05-10 20:58:02,CF2307,CF2307,15545.0,0.0,0.0,0.0,0,0.0,0.0,0,15545.0,15590.0,0.0,0.0,0.0,0.0,165104
2023-05-10 20:58:04,CF2307,CF2307,15545.0,0.0,0.0,0.0,0,0.0,0.0,0,15545.0,15590.0,0.0,0.0,0.0,0.0,165104
2023-05-10 20:58:05,CF2307,CF2307,15545.0,0.0,0.0,0.0,0,0.0,0.0,0,15545.0,15590.0,0.0,0.0,0.0,0.0,165104
2023-05-10 20:58:14,CF2307,CF2307,15545.0,0.0,0.0,0.0,0,0.0,0.0,0,15545.0,15590.0,0.0,0.0,0.0,0.0,165104
2023-05-10 20:58:15,CF2307,CF2307,15545.0,0.0,0.0,0.0,0,0.0,0.0,0,15545.0,15590.0,0.0,0.0,0.0,0.0,165104
2023-05-10 20:58:15,CF2307,CF2307,15545.0,0.0,0.0,0.0,0,0.0,0.0,0,15545.0,15590.0,0.0,0.0,0.0,0.0,165104
2023-05-10 20:58:16,CF2307,CF2307,15545.0,0.0,0.0,0.0,0,0.0,0.0,0,15545.0,15590.0,0.0,0.0,0.0,0.0,165104
2023-05-10 20:58:19,CF2307,CF2307,15545.0,0.0,0.0,0.0,0,0.0,0.0,0,15545.0,15590.0,0.0,0.0,0.0,0.0,165104
2023-05-10 20:58:19,CF2307,CF2307,15545.0,0.0,0.0,0.0,0,0.0,0.0,0,15545.0,15590.0,0.0,0.0,0.0,0.0,165104
2023-05-10 20:58:22,CF2307,CF2307,15545.0,0.0,0.0,0.0,0,0.0,0.0,0,15545.0,15590.0,0.0,0.0,0.0,0.0,165104
2023-05-10 20:58:27,CF2307,CF2307,15545.0,0.0,0.0,0.0,0,0.0,0.0,0,15545.0,15590.0,0.0,0.0,0.0,0.0,165104
2023-05-10 20:58:29,CF2307,CF2307,15545.0,0.0,0.0,0.0,0,0.0,0.0,0,15545.0,15590.0,0.0,0.0,0.0,0.0,165104
2023-05-10 20:58:29,CF2307,CF2307,15545.0,0.0,0.0,0.0,0,0.0,0.0,0,15545.0,15590.0,0.0,0.0,0.0,0.0,165104
2023-05-10 20:58:32,CF2307,CF2307,15545.0,0.0,0.0,0.0,0,0.0,0.0,0,15545.0,15590.0,0.0,0.0,0.0,0.0,165104
2023-05-10 20:58:34,CF2307,CF2307,15545.0,0.0,0.0,0.0,0,0.0,0.0,0,15545.0,15590.0,0.0,0.0,0.0,0.0,165104
2023-05-10 20:58:34,CF2307,CF2307,15545.0,0.0,0.0,0.0,0,0.0,0.0,0,15545.0,15590.0,0.0,0.0,0.0,0.0,165104
2023-05-10 20:58:50,CF2307,CF2307,15545.0,0.0,0.0,0.0,0,0.0,0.0,0,15545.0,15590.0,0.0,0.0,0.0,0.0,165104
2023-05-10 20:58:52,CF2307,CF2307,15545.0,0.0,0.0,0.0,0,0.0,0.0,0,15545.0,15590.0,0.0,0.0,0.0,0.0,165104
2023-05-10 20:58:52,CF2307,CF2307,15545.0,0.0,0.0,0.0,0,0.0,0.0,0,15545.0,15590.0,0.0,0.0,0.0,0.0,165104
2023-05-10 20:58:53,CF2307,CF2307,15545.0,0.0,0.0,0.0,0,0.0,0.0,0,15545.0,15590.0,0.0,0.0,0.0,0.0,165104
2023-05-10 20:58:54,CF2307,CF2307,15545.0,0.0,0.0,0.0,0,0.0,0.0,0,15545.0,15590.0,0.0,0.0,0.0,0.0,165104
2023-05-10 20:58:54,CF2307,CF2307,15545.0,0.0,0.0,0.0,0,0.0,0.0,0,15545.0,15590.0,0.0,0.0,0.0,0.0,165104
2023-05-10 20:58:56,CF2307,CF2307,15545.0,0.0,0.0,0.0,0,0.0,0.0,0,15545.0,15590.0,0.0,0.0,0.0,0.0,165104
2023-05-10 20:59:00,CF2307,CF2307,15590.0,6.0,93540.0,3.0,6,15545.0,15590.0,11,15545.0,15590.0,15590.0,15590.0,6.0,93540.0,165107
2023-05-10 21:00:00,CF2307,CF2307,15590.0,0.0,0.0,0.0,100,15570.0,15580.0,83,15545.0,15590.0,15590.0,15590.0,6.0,93540.0,165107
2023-05-10 21:00:00,CF2307,CF2307,15550.0,834.0,12989460.0,155.0,10,15580.0,15585.0,2,15545.0,15590.0,15590.0,15550.0,840.0,13083000.0,165262
2023-05-10 21:00:00,CF2307,CF2307,15575.0,31.0,482825.0,0.0,69,15575.0,15585.0,2,15545.0,15590.0,15590.0,15550.0,871.0,13565825.0,165262
2023-05-10 21:00:01,CF2307,CF2307,15580.0,10.0,155750.0,0.0,33,15580.0,15585.0,9,15545.0,15590.0,15590.0,15550.0,881.0,13721575.0,165262
2023-05-10 21:00:01,CF2307,CF2307,15580.0,6.0,93450.0,-6.0,36,15580.0,15585.0,12,15545.0,15590.0,15590.0,15550.0,887.0,13815025.0,165256
2023-05-10 21:00:02,CF2307,CF2307,15585.0,2062.0,32130395.0,842.0,9,15585.0,15590.0,16,15545.0,15590.0,15590.0,15550.0,2949.0,45945420.0,166098
2023-05-10 21:00:03,CF2307,CF2307,15585.0,1.0,15580.0,0.0,7,15585.0,15590.0,10,15545.0,15590.0,15590.0,15550.0,2950.0,45961000.0,166098
2023-05-10 21:00:03,CF2307,CF2307,15590.0,26.0,405080.0,15.0,63,15590.0,15595.0,8,15545.0,15590.0,15590.0,15550.0,2976.0,46366080.0,166113
2023-05-10 21:00:03,CF2307,CF2307,15590.0,17.0,264860.0,5.0,69,15590.0,15595.0,1,15545.0,15590.0,15595.0,15550.0,2993.0,46630940.0,166118
2023-05-10 21:00:04,CF2307,CF2307,15590.0,5.0,77900.0,-2.0,35,15590.0,15595.0,2,15545.0,15590.0,15595.0,15550.0,2998.0,46708840.0,166116
2023-05-10 21:00:05,CF2307,CF2307,15590.0,11.0,171380.0,10.0,76,15590.0,15595.0,5,15545.0,15590.0,15595.0,15550.0,3009.0,46880220.0,166126
2023-05-10 21:00:05,CF2307,CF2307,15595.0,14.0,218120.0,12.0,22,15590.0,15595.0,5,15545.0,15590.0,15595.0,15550.0,3023.0,47098340.0,166138
2023-05-10 21:00:06,CF2307,CF2307,15595.0,34.0,529720.0,27.0,26,15595.0,15600.0,10,15545.0,15590.0,15595.0,15550.0,3057.0,47628060.0,166165
2023-05-10 21:00:06,CF2307,CF2307,15595.0,2.0,31160.0,2.0,69,15590.0,15600.0,15,15545.0,15590.0,15595.0,15550.0,3059.0,47659220.0,166167
2023-05-10 21:00:07,CF2307,CF2307,15590.0,55.0,872470.0,52.0,47,15590.0,15595.0,2,15545.0,15590.0,15595.0,15550.0,3114.0,48531690.0,166219
2023-05-10 21:00:07,CF2307,CF2307,15585.0,1.0,15585.0,0.0,84,15585.0,15595.0,20,15545.0,15590.0,15595.0,15550.0,3115.0,48547275.0,166219
2023-05-10 21:00:08,CF2307,CF2307,15590.0,5.0,77925.0,1.0,80,15585.0,15590.0,1,15545.0,15590.0,15595.0,15550.0,3120.0,48625200.0,166220
2023-05-10 21:00:08,CF2307,CF2307,15590.0,12.0,187020.0,1.0,3,15590.0,15595.0,17,15545.0,15590.0,15595.0,15550.0,3132.0,48812220.0,166221
2023-05-10 21:00:08,CF2307,CF2307,15590.0,0.0,0.0,0.0,56,15590.0,15595.0,15,15545.0,15590.0,15595.0,15550.0,3132.0,48812220.0,166221
2023-05-10 21:00:09,CF2307,CF2307,15590.0,8.0,124680.0,-5.0,69,15590.0,15595.0,12,15545.0,15590.0,15595.0,15550.0,3140.0,48936900.0,166216
2023-05-10 21:00:09,CF2307,CF2307,15595.0,3.0,46755.0,1.0,67,15590.0,15595.0,8,15545.0,15590.0,15595.0,15550.0,3143.0,48983655.0,166217
2023-05-10 21:00:10,CF2307,CF2307,15590.0,4.0,62340.0,0.0,63,15590.0,15595.0,4,15545.0,15590.0,15595.0,15550.0,3147.0,49045995.0,166217
2023-05-10 21:00:11,CF2307,CF2307,15595.0,28.0,436380.0,9.0,26,15590.0,15595.0,8,15545.0,15590.0,15595.0,15550.0,3175.0,49482375.0,166226
2023-05-10 21:00:11,CF2307,CF2307,15590.0,7.0,109095.0,0.0,31,15585.0,15590.0,7,15545.0,15590.0,15595.0,15550.0,3182.0,49591470.0,166226
2023-05-10 21:00:12,CF2307,CF2307,15595.0,4.0,62340.0,0.0,27,15585.0,15595.0,8,15545.0,15590.0,15595.0,15550.0,3186.0,49653810.0,166226
2023-05-10 21:00:12,CF2307,CF2307,15590.0,14.0,218190.0,0.0,18,15590.0,15595.0,7,15545.0,15590.0,15595.0,15550.0,3200.0,49872000.0,166226
2023-05-10 21:00:12,CF2307,CF2307,15595.0,12.0,187020.0,0.0,18,15590.0,15595.0,3,15545.0,15590.0,15595.0,15550.0,3212.0,50059020.0,166226
2023-05-10 21:00:13,CF2307,CF2307,15590.0,9.0,140265.0,-6.0,18,15590.0,15600.0,28,15545.0,15590.0,15595.0,15550.0,3221.0,50199285.0,166220
2023-05-10 21:00:13,CF2307,CF2307,15590.0,5.0,77925.0,-1.0,2,15590.0,15595.0,100,15545.0,15590.0,15595.0,15550.0,3226.0,50277210.0,166219
2023-05-10 21:00:14,CF2307,CF2307,15590.0,2.0,31170.0,-2.0,19,15585.0,15590.0,10,15545.0,15590.0,15595.0,15550.0,3228.0,50308380.0,166217
2023-05-10 21:00:15,CF2307,CF2307,15590.0,10.0,155850.0,10.0,16,15585.0,15590.0,2,15545.0,15590.0,15595.0,15550.0,3238.0,50464230.0,166227
2023-05-10 21:00:16,CF2307,CF2307,15585.0,1.0,15585.0,-1.0,25,15585.0,15590.0,1,15545.0,15590.0,15595.0,15550.0,3239.0,50479815.0,166226
2023-05-10 21:00:16,CF2307,CF2307,15590.0,2.0,31170.0,-1.0,5,15590.0,15595.0,31,15545.0,15590.0,15595.0,15550.0,3241.0,50510985.0,166225
2023-05-10 21:00:17,CF2307,CF2307,15595.0,5.0,77925.0,4.0,10,15590.0,15600.0,139,15545.0,15590.0,15595.0,15550.0,3246.0,50588910.0,166229
2023-05-10 21:00:17,CF2307,CF2307,15595.0,2.0,31170.0,1.0,44,15590.0,15595.0,1,15545.0,15590.0,15595.0,15550.0,3248.0,50620080.0,166230
2023-05-10 21:00:17,CF2307,CF2307,15595.0,3.0,46755.0,0.0,76,15590.0,15600.0,134,15545.0,15590.0,15595.0,15550.0,3251.0,50666835.0,166230
2023-05-10 21:00:18,CF2307,CF2307,15590.0,9.0,140265.0,-7.0,97,15585.0,15595.0,113,15545.0,15590.0,15595.0,15550.0,3260.0,50807100.0,166223
2023-05-10 21:00:18,CF2307,CF2307,15590.0,0.0,0.0,0.0,106,15585.0,15595.0,118,15545.0,15590.0,15595.0,15550.0,3260.0,50807100.0,166223
2023-05-10 21:00:19,CF2307,CF2307,15585.0,39.0,607815.0,1.0,5,15585.0,15595.0,109,15545.0,15590.0,15595.0,15550.0,3299.0,51414915.0,166224
2023-05-10 21:00:20,CF2307,CF2307,15585.0,10.0,155850.0,-1.0,65,15580.0,15590.0,112,15545.0,15590.0,15595.0,15550.0,3309.0,51570765.0,166223
2023-05-10 21:00:20,CF2307,CF2307,15585.0,4.0,62340.0,4.0,61,15580.0,15590.0,20,15545.0,15590.0,15595.0,15550.0,3313.0,51633105.0,166227
2023-05-10 21:00:20,CF2307,CF2307,15590.0,8.0,124680.0,0.0,52,15585.0,15590.0,4,15545.0,15590.0,15595.0,15550.0,3321.0,51757785.0,166227
2023-05-10 21:00:21,CF2307,CF2307,15590.0,5.0,77925.0,1.0,54,15585.0,15595.0,109,15545.0,15590.0,15595.0,15550.0,3326.0,51835710.0,166228
2023-05-10 21:00:22,CF2307,CF2307,15590.0,6.0,93510.0,0.0,72,15585.0,15595.0,14,15545.0,15590.0,15595.0,15550.0,3332.0,51929220.0,166228
2023-05-10 21:00:22,CF2307,CF2307,15590.0,9.0,140265.0,1.0,48,15590.0,15595.0,28,15545.0,15590.0,15595.0,15550.0,3341.0,52069485.0,166229
2023-05-10 21:00:22,CF2307,CF2307,15590.0,0.0,0.0,0.0,21,15590.0,15595.0,24,15545.0,15590.0,15595.0,15550.0,3341.0,52069485.0,166229
2023-05-10 21:00:23,CF2307,CF2307,15590.0,0.0,0.0,0.0,62,15585.0,15595.0,26,15545.0,15590.0,15595.0,15550.0,3341.0,52069485.0,166229
2023-05-10 21:00:24,CF2307,CF2307,15595.0,1.0,15585.0,0.0,4,15590.0,15595.0,29,15545.0,15590.0,15595.0,15550.0,3342.0,52085070.0,166229
2023-05-10 21:00:24,CF2307,CF2307,15590.0,4.0,62340.0,0.0,82,15585.0,15590.0,1,15545.0,15590.0,15595.0,15550.0,3346.0,52147410.0,166229
2023-05-10 21:00:24,CF2307,CF2307,15590.0,1.0,15585.0,0.0,10,15585.0,15595.0,141,15545.0,15590.0,15595.0,15550.0,3347.0,52162995.0,166229
2023-05-10 21:00:25,CF2307,CF2307,15590.0,0.0,0.0,0.0,65,15585.0,15590.0,4,15545.0,15590.0,15595.0,15550.0,3347.0,52162995.0,166229
2023-05-10 21:00:26,CF2307,CF2307,15590.0,2.0,31170.0,0.0,30,15585.0,15590.0,2,15545.0,15590.0,15595.0,15550.0,3349.0,52194165.0,166229
2023-05-10 21:00:26,CF2307,CF2307,15585.0,3.0,46755.0,2.0,56,15585.0,15595.0,121,15545.0,15590.0,15595.0,15550.0,3352.0,52240920.0,166231
2023-05-10 21:00:26,CF2307,CF2307,15590.0,1.0,15585.0,1.0,67,15585.0,15595.0,130,15545.0,15590.0,15595.0,15550.0,3353.0,52256505.0,166232
2023-05-10 21:00:27,CF2307,CF2307,15590.0,1.0,15585.0,0.0,1,15590.0,15595.0,126,15545.0,15590.0,15595.0,15550.0,3354.0,52272090.0,166232
2023-05-10 21:00:28,CF2307,CF2307,15590.0,2.0,31170.0,1.0,81,15585.0,15595.0,119,15545.0,15590.0,15595.0,15550.0,3356.0,52303260.0,166233
2023-05-10 21:00:28,CF2307,CF2307,15590.0,4.0,62340.0,0.0,71,15585.0,15595.0,60,15545.0,15590.0,15595.0,15550.0,3360.0,52365600.0,166233
2023-05-10 21:00:28,CF2307,CF2307,15595.0,9.0,140265.0,4.0,45,15590.0,15595.0,18,15545.0,15590.0,15595.0,15550.0,3369.0,52505865.0,166237
2023-05-10 21:00:29,CF2307,CF2307,15595.0,18.0,280530.0,4.0,11,15595.0,15600.0,31,15545.0,15590.0,15595.0,15550.0,3387.0,52786395.0,166241
2023-05-10 21:00:30,CF2307,CF2307,15595.0,22.0,342870.0,0.0,10,15595.0,15600.0,19,15545.0,15590.0,15595.0,15550.0,3409.0,53129265.0,166241
2023-05-10 21:00:30,CF2307,CF2307,15595.0,0.0,0.0,0.0,10,15595.0,15600.0,12,15545.0,15590.0,15595.0,15550.0,3409.0,53129265.0,166241
2023-05-10 21:00:31,CF2307,CF2307,15595.0,5.0,77925.0,1.0,14,15595.0,15600.0,10,15545.0,15590.0,15595.0,15550.0,3414.0,53207190.0,166242
2023-05-10 21:00:31,CF2307,CF2307,15600.0,6.0,93510.0,1.0,46,15595.0,15600.0,8,15545.0,15590.0,15600.0,15550.0,3420.0,53300700.0,166243
2023-05-10 21:00:31,CF2307,CF2307,15600.0,17.0,264945.0,11.0,62,15595.0,15605.0,94,15545.0,15590.0,15605.0,15550.0,3437.0,53565645.0,166254
2023-05-10 21:00:32,CF2307,CF2307,15600.0,0.0,0.0,0.0,63,15595.0,15605.0,94,15545.0,15590.0,15605.0,15550.0,3437.0,53565645.0,166254
2023-05-10 21:00:33,CF2307,CF2307,15600.0,0.0,0.0,0.0,16,15595.0,15600.0,22,15545.0,15590.0,15605.0,15550.0,3437.0,53565645.0,166254
2023-05-10 21:00:33,CF2307,CF2307,15595.0,14.0,218190.0,5.0,70,15590.0,15600.0,67,15545.0,15590.0,15605.0,15550.0,3451.0,53783835.0,166259
2023-05-10 21:00:33,CF2307,CF2307,15595.0,4.0,62340.0,-3.0,60,15590.0,15600.0,81,15545.0,15590.0,15605.0,15550.0,3455.0,53846175.0,166256
2023-05-10 21:00:34,CF2307,CF2307,15595.0,4.0,62340.0,4.0,57,15590.0,15600.0,81,15545.0,15590.0,15605.0,15550.0,3459.0,53908515.0,166260
2023-05-10 21:00:35,CF2307,CF2307,15595.0,0.0,0.0,0.0,11,15590.0,15595.0,9,15545.0,15590.0,15605.0,15550.0,3459.0,53908515.0,166260
2023-05-10 21:00:35,CF2307,CF2307,15590.0,5.0,77925.0,-5.0,53,15585.0,15595.0,83,15545.0,15590.0,15605.0,15550.0,3464.0,53986440.0,166255
2023-05-10 21:00:36,CF2307,CF2307,15590.0,4.0,62340.0,0.0,48,15585.0,15590.0,4,15545.0,15590.0,15605.0,15550.0,3468.0,54048780.0,166255
2023-05-10 21:00:36,CF2307,CF2307,15590.0,25.0,389625.0,-7.0,33,15580.0,15595.0,101,15545.0,15590.0,15605.0,15550.0,3493.0,54438405.0,166248
2023-05-10 21:00:37,CF2307,CF2307,15590.0,0.0,0.0,0.0,8,15585.0,15590.0,28,15545.0,15590.0,15605.0,15550.0,3493.0,54438405.0,166248
2023-05-10 21:00:37,CF2307,CF2307,15585.0,4.0,62340.0,0.0,27,15580.0,15590.0,70,15545.0,15590.0,15605.0,15550.0,3497.0,54500745.0,166248
2023-05-10 21:00:37,CF2307,CF2307,15585.0,0.0,0.0,0.0,31,15580.0,15590.0,7,15545.0,15590.0,15605.0,15550.0,3497.0,54500745.0,166248
2023-05-10 21:00:38,CF2307,CF2307,15590.0,4.0,62340.0,0.0,15,15585.0,15590.0,8,15545.0,15590.0,15605.0,15550.0,3501.0,54563085.0,166248
2023-05-10 21:00:38,CF2307,CF2307,15585.0,4.0,62340.0,3.0,29,15580.0,15585.0,2,15545.0,15590.0,15605.0,15550.0,3505.0,54625425.0,166251
2023-05-10 21:00:39,CF2307,CF2307,15585.0,0.0,0.0,0.0,28,15580.0,15585.0,2,15545.0,15590.0,15605.0,15550.0,3505.0,54625425.0,166251
2023-05-10 21:00:40,CF2307,CF2307,15585.0,3.0,46755.0,0.0,8,15585.0,15590.0,35,15545.0,15590.0,15605.0,15550.0,3508.0,54672180.0,166251
2023-05-10 21:00:40,CF2307,CF2307,15590.0,5.0,77925.0,2.0,18,15585.0,15590.0,5,15545.0,15590.0,15605.0,15550.0,3513.0,54750105.0,166253
2023-05-10 21:00:40,CF2307,CF2307,15585.0,5.0,77925.0,1.0,16,15585.0,15590.0,4,15545.0,15590.0,15605.0,15550.0,3518.0,54828030.0,166254
2023-05-10 21:00:41,CF2307,CF2307,15590.0,8.0,124680.0,7.0,25,15585.0,15590.0,1,15545.0,15590.0,15605.0,15550.0,3526.0,54952710.0,166261
2023-05-10 21:00:42,CF2307,CF2307,15590.0,17.0,264945.0,8.0,81,15585.0,15595.0,125,15545.0,15590.0,15605.0,15550.0,3543.0,55217655.0,166269
2023-05-10 21:00:42,CF2307,CF2307,15590.0,0.0,0.0,0.0,93,15585.0,15590.0,1,15545.0,15590.0,15605.0,15550.0,3543.0,55217655.0,166269
2023-05-10 21:00:42,CF2307,CF2307,15590.0,1.0,15585.0,1.0,89,15585.0,15595.0,124,15545.0,15590.0,15605.0,15550.0,3544.0,55233240.0,166270
2023-05-10 21:00:43,CF2307,CF2307,15585.0,1.0,15585.0,0.0,81,15585.0,15595.0,115,15545.0,15590.0,15605.0,15550.0,3545.0,55248825.0,166270
2023-05-10 21:00:43,CF2307,CF2307,15585.0,0.0,0.0,0.0,89,15585.0,15595.0,115,15545.0,15590.0,15605.0,15550.0,3545.0,55248825.0,166270
2023-05-10 21:00:44,CF2307,CF2307,15585.0,0.0,0.0,0.0,117,15585.0,15595.0,88,15545.0,15590.0,15605.0,15550.0,3545.0,55248825.0,166270
2023-05-10 21:00:45,CF2307,CF2307,15595.0,13.0,202605.0,6.0,14,15590.0,15600.0,76,15545.0,15590.0,15605.0,15550.0,3558.0,55451430.0,166276
2023-05-10 21:00:45,CF2307,CF2307,15595.0,4.0,62340.0,1.0,56,15590.0,15600.0,63,15545.0,15590.0,15605.0,15550.0,3562.0,55513770.0,166277
2023-05-10 21:00:46,CF2307,CF2307,15595.0,7.0,109095.0,4.0,67,15590.0,15600.0,56,15545.0,15590.0,15605.0,15550.0,3569.0,55622865.0,166281
2023-05-10 21:00:46,CF2307,CF2307,15595.0,0.0,0.0,0.0,71,15590.0,15600.0,4,15545.0,15590.0,15605.0,15550.0,3569.0,55622865.0,166281
2023-05-10 21:00:47,CF2307,CF2307,15595.0,17.0,264945.0,4.0,17,15590.0,15595.0,36,15545.0,15590.0,15605.0,15550.0,3586.0,55887810.0,166285
2023-05-10 21:00:47,CF2307,CF2307,15595.0,19.0,296115.0,12.0,58,15590.0,15600.0,54,15545.0,15590.0,15605.0,15550.0,3605.0,56183925.0,166297
2023-05-10 21:00:47,CF2307,CF2307,15595.0,3.0,46755.0,3.0,57,15590.0,15600.0,59,15545.0,15590.0,15605.0,15550.0,3608.0,56230680.0,166300
2023-05-10 21:00:48,CF2307,CF2307,15595.0,2.0,31170.0,0.0,30,15590.0,15600.0,58,15545.0,15590.0,15605.0,15550.0,3610.0,56261850.0,166300
2023-05-10 21:00:48,CF2307,CF2307,15595.0,0.0,0.0,0.0,58,15590.0,15600.0,55,15545.0,15590.0,15605.0,15550.0,3610.0,56261850.0,166300
2023-05-10 21:00:49,CF2307,CF2307,15595.0,0.0,0.0,0.0,4,15595.0,15600.0,53,15545.0,15590.0,15605.0,15550.0,3610.0,56261850.0,166300
2023-05-10 21:00:50,CF2307,CF2307,15595.0,10.0,155850.0,4.0,9,15595.0,15600.0,22,15545.0,15590.0,15605.0,15550.0,3620.0,56417700.0,166304
2023-05-10 21:00:50,CF2307,CF2307,15595.0,6.0,93510.0,-3.0,3,15595.0,15600.0,44,15545.0,15590.0,15605.0,15550.0,3626.0,56511210.0,166301
2023-05-10 21:00:50,CF2307,CF2307,15595.0,0.0,0.0,0.0,124,15590.0,15600.0,46,15545.0,15590.0,15605.0,15550.0,3626.0,56511210.0,166301
2023-05-10 21:00:51,CF2307,CF2307,15595.0,2.0,31170.0,1.0,119,15590.0,15600.0,44,15545.0,15590.0,15605.0,15550.0,3628.0,56542380.0,166302
2023-05-10 21:00:51,CF2307,CF2307,15595.0,0.0,0.0,0.0,139,15590.0,15600.0,44,15545.0,15590.0,15605.0,15550.0,3628.0,56542380.0,166302
2023-05-10 21:00:52,CF2307,CF2307,15595.0,1.0,15585.0,0.0,139,15590.0,15600.0,43,15545.0,15590.0,15605.0,15550.0,3629.0,56557965.0,166302
2023-05-10 21:00:53,CF2307,CF2307,15595.0,1.0,15585.0,1.0,138,15590.0,15600.0,43,15545.0,15590.0,15605.0,15550.0,3630.0,56573550.0,166303
2023-05-10 21:00:54,CF2307,CF2307,15595.0,0.0,0.0,0.0,138,15590.0,15600.0,31,15545.0,15590.0,15605.0,15550.0,3630.0,56573550.0,166303
2023-05-10 21:00:54,CF2307,CF2307,15600.0,2.0,31170.0,0.0,17,15595.0,15600.0,16,15545.0,15590.0,15605.0,15550.0,3632.0,56604720.0,166303
2023-05-10 21:00:54,CF2307,CF2307,15600.0,3.0,46755.0,2.0,3,15595.0,15600.0,37,15545.0,15590.0,15605.0,15550.0,3635.0,56651475.0,166305
2023-05-10 21:00:55,CF2307,CF2307,15595.0,2.0,31170.0,0.0,5,15595.0,15600.0,36,15545.0,15590.0,15605.0,15550.0,3637.0,56682645.0,166305
2023-05-10 21:00:56,CF2307,CF2307,15595.0,8.0,124680.0,7.0,12,15595.0,15600.0,9,15545.0,15590.0,15605.0,15550.0,3645.0,56807325.0,166312
2023-05-10 21:00:56,CF2307,CF2307,15595.0,0.0,0.0,0.0,3,15595.0,15600.0,16,15545.0,15590.0,15605.0,15550.0,3645.0,56807325.0,166312
2023-05-10 21:00:57,CF2307,CF2307,15595.0,6.0,93510.0,1.0,122,15590.0,15595.0,8,15545.0,15590.0,15605.0,15550.0,3651.0,56900835.0,166313
2023-05-10 21:00:57,CF2307,CF2307,15595.0,8.0,124680.0,0.0,121,15590.0,15600.0,40,15545.0,15590.0,15605.0,15550.0,3659.0,57025515.0,166313
2023-05-10 21:00:58,CF2307,CF2307,15595.0,0.0,0.0,0.0,121,15590.0,15600.0,42,15545.0,15590.0,15605.0,15550.0,3659.0,57025515.0,166313
2023-05-10 21:00:59,CF2307,CF2307,15595.0,0.0,0.0,0.0,122,15590.0,15600.0,42,15545.0,15590.0,15605.0,15550.0,3659.0,57025515.0,166313
2023-05-10 21:01:00,CF2307,CF2307,15600.0,6.0,93510.0,1.0,69,15595.0,15600.0,9,15545.0,15590.0,15605.0,15550.0,3665.0,57119025.0,166314
2023-05-10 21:01:00,CF2307,CF2307,15605.0,122.0,1901370.0,56.0,17,15600.0,15605.0,50,15545.0,15590.0,15605.0,15550.0,3787.0,59020395.0,166370
2023-05-10 21:01:00,CF2307,CF2307,15600.0,9.0,140265.0,-2.0,22,15600.0,15610.0,103,15545.0,15590.0,15605.0,15550.0,3796.0,59160660.0,166368
2023-05-10 21:01:01,CF2307,CF2307,15600.0,5.0,77925.0,-4.0,135,15595.0,15605.0,13,15545.0,15590.0,15605.0,15550.0,3801.0,59238585.0,166364
2023-05-10 21:01:02,CF2307,CF2307,15600.0,0.0,0.0,0.0,141,15595.0,15605.0,94,15545.0,15590.0,15605.0,15550.0,3801.0,59238585.0,166364
2023-05-10 21:01:02,CF2307,CF2307,15600.0,0.0,0.0,0.0,150,15595.0,15605.0,104,15545.0,15590.0,15605.0,15550.0,3801.0,59238585.0,166364
2023-05-10 21:01:03,CF2307,CF2307,15600.0,0.0,0.0,0.0,150,15595.0,15600.0,2,15545.0,15590.0,15605.0,15550.0,3801.0,59238585.0,166364
2023-05-10 21:01:03,CF2307,CF2307,15585.0,48.0,748080.0,-23.0,133,15585.0,15595.0,5,15545.0,15590.0,15605.0,15550.0,3849.0,59986665.0,166341
2023-05-10 21:01:04,CF2307,CF2307,15585.0,0.0,0.0,0.0,110,15585.0,15595.0,105,15545.0,15590.0,15605.0,15550.0,3849.0,59986665.0,166341
2023-05-10 21:01:04,CF2307,CF2307,15585.0,0.0,0.0,0.0,120,15585.0,15595.0,125,15545.0,15590.0,15605.0,15550.0,3849.0,59986665.0,166341
2023-05-10 21:01:05,CF2307,CF2307,15585.0,59.0,919515.0,2.0,93,15580.0,15585.0,11,15545.0,15590.0,15605.0,15550.0,3908.0,60906180.0,166343
2023-05-10 21:01:05,CF2307,CF2307,15585.0,13.0,202605.0,11.0,78,15580.0,15590.0,118,15545.0,15590.0,15605.0,15550.0,3921.0,61108785.0,166354
2023-05-10 21:01:06,CF2307,CF2307,15580.0,58.0,903930.0,7.0,34,15575.0,15585.0,93,15545.0,15590.0,15605.0,15550.0,3979.0,62012715.0,166361
2023-05-10 21:01:07,CF2307,CF2307,15580.0,0.0,0.0,0.0,16,15575.0,15580.0,7,15545.0,15590.0,15605.0,15550.0,3979.0,62012715.0,166361
2023-05-10 21:01:07,CF2307,CF2307,15580.0,5.0,77925.0,5.0,50,15575.0,15580.0,19,15545.0,15590.0,15605.0,15550.0,3984.0,62090640.0,166366
2023-05-10 21:01:07,CF2307,CF2307,15580.0,1.0,15585.0,1.0,89,15575.0,15580.0,13,15545.0,15590.0,15605.0,15550.0,3985.0,62106225.0,166367
2023-05-10 21:01:08,CF2307,CF2307,15585.0,6.0,93510.0,2.0,90,15575.0,15585.0,121,15545.0,15590.0,15605.0,15550.0,3991.0,62199735.0,166369
2023-05-10 21:01:08,CF2307,CF2307,15585.0,0.0,0.0,0.0,94,15575.0,15585.0,121,15545.0,15590.0,15605.0,15550.0,3991.0,62199735.0,166369
2023-05-10 21:01:09,CF2307,CF2307,15580.0,2.0,31170.0,-2.0,93,15575.0,15585.0,131,15545.0,15590.0,15605.0,15550.0,3993.0,62230905.0,166367
2023-05-10 21:01:10,CF2307,CF2307,15580.0,0.0,0.0,0.0,96,15575.0,15585.0,121,15545.0,15590.0,15605.0,15550.0,3993.0,62230905.0,166367
2023-05-10 21:01:10,CF2307,CF2307,15575.0,1.0,15585.0,0.0,96,15575.0,15585.0,49,15545.0,15590.0,15605.0,15550.0,3994.0,62246490.0,166367
2023-05-10 21:01:11,CF2307,CF2307,15585.0,33.0,514305.0,19.0,29,15580.0,15585.0,5,15545.0,15590.0,15605.0,15550.0,4027.0,62760795.0,166386
2023-05-10 21:01:11,CF2307,CF2307,15585.0,5.0,77925.0,0.0,19,15580.0,15585.0,82,15545.0,15590.0,15605.0,15550.0,4032.0,62838720.0,166386
2023-05-10 21:01:12,CF2307,CF2307,15580.0,7.0,109095.0,1.0,83,15575.0,15585.0,105,15545.0,15590.0,15605.0,15550.0,4039.0,62947815.0,166387
2023-05-10 21:01:12,CF2307,CF2307,15580.0,0.0,0.0,0.0,72,15575.0,15585.0,109,15545.0,15590.0,15605.0,15550.0,4039.0,62947815.0,166387
2023-05-10 21:01:12,CF2307,CF2307,15580.0,0.0,0.0,0.0,82,15575.0,15585.0,109,15545.0,15590.0,15605.0,15550.0,4039.0,62947815.0,166387
2023-05-10 21:01:13,CF2307,CF2307,15580.0,0.0,0.0,0.0,57,15575.0,15580.0,37,15545.0,15590.0,15605.0,15550.0,4039.0,62947815.0,166387
2023-05-10 21:01:14,CF2307,CF2307,15575.0,2.0,31170.0,0.0,54,15575.0,15585.0,119,15545.0,15590.0,15605.0,15550.0,4041.0,62978985.0,166387
2023-05-10 21:01:14,CF2307,CF2307,15575.0,0.0,0.0,0.0,61,15575.0,15585.0,119,15545.0,15590.0,15605.0,15550.0,4041.0,62978985.0,166387
2023-05-10 21:01:15,CF2307,CF2307,15575.0,0.0,0.0,0.0,58,15575.0,15580.0,49,15545.0,15590.0,15605.0,15550.0,4041.0,62978985.0,166387
2023-05-10 21:01:15,CF2307,CF2307,15580.0,6.0,93510.0,6.0,74,15575.0,15580.0,2,15545.0,15590.0,15605.0,15550.0,4047.0,63072495.0,166393
2023-05-10 21:01:15,CF2307,CF2307,15580.0,2.0,31170.0,2.0,83,15575.0,15585.0,109,15545.0,15590.0,15605.0,15550.0,4049.0,63103665.0,166395
2023-05-10 21:01:16,CF2307,CF2307,15580.0,0.0,0.0,0.0,93,15575.0,15585.0,109,15545.0,15590.0,15605.0,15550.0,4049.0,63103665.0,166395
2023-05-10 21:01:16,CF2307,CF2307,15580.0,4.0,62340.0,0.0,87,15575.0,15585.0,108,15545.0,15590.0,15605.0,15550.0,4053.0,63166005.0,166395
2023-05-10 21:01:17,CF2307,CF2307,15580.0,1.0,15585.0,0.0,19,15580.0,15585.0,114,15545.0,15590.0,15605.0,15550.0,4054.0,63181590.0,166395
2023-05-10 21:01:17,CF2307,CF2307,15580.0,0.0,0.0,0.0,19,15580.0,15585.0,113,15545.0,15590.0,15605.0,15550.0,4054.0,63181590.0,166395
2023-05-10 21:01:18,CF2307,CF2307,15580.0,0.0,0.0,0.0,20,15580.0,15585.0,35,15545.0,15590.0,15605.0,15550.0,4054.0,63181590.0,166395
2023-05-10 21:01:19,CF2307,CF2307,15580.0,10.0,155850.0,-8.0,114,15575.0,15580.0,5,15545.0,15590.0,15605.0,15550.0,4064.0,63337440.0,166387
2023-05-10 21:01:19,CF2307,CF2307,15580.0,1.0,15585.0,1.0,65,15575.0,15580.0,7,15545.0,15590.0,15605.0,15550.0,4065.0,63353025.0,166388
2023-05-10 21:01:19,CF2307,CF2307,15580.0,0.0,0.0,0.0,65,15575.0,15580.0,21,15545.0,15590.0,15605.0,15550.0,4065.0,63353025.0,166388
2023-05-10 21:01:20,CF2307,CF2307,15580.0,0.0,0.0,0.0,85,15575.0,15580.0,14,15545.0,15590.0,15605.0,15550.0,4065.0,63353025.0,166388
2023-05-10 21:01:21,CF2307,CF2307,15575.0,4.0,62340.0,-2.0,83,15575.0,15580.0,9,15545.0,15590.0,15605.0,15550.0,4069.0,63415365.0,166386
2023-05-10 21:01:21,CF2307,CF2307,15580.0,3.0,46755.0,-1.0,111,15575.0,15585.0,127,15545.0,15590.0,15605.0,15550.0,4072.0,63462120.0,166385
2023-05-10 21:01:21,CF2307,CF2307,15580.0,2.0,31170.0,0.0,111,15575.0,15580.0,1,15545.0,15590.0,15605.0,15550.0,4074.0,63493290.0,166385
2023-05-10 21:01:22,CF2307,CF2307,15575.0,10.0,155850.0,-4.0,82,15575.0,15580.0,69,15545.0,15590.0,15605.0,15550.0,4084.0,63649140.0,166381
2023-05-10 21:01:22,CF2307,CF2307,15575.0,106.0,1652010.0,74.0,52,15565.0,15580.0,73,15545.0,15590.0,15605.0,15550.0,4190.0,65301150.0,166455
2023-05-10 21:01:23,CF2307,CF2307,15575.0,0.0,0.0,0.0,4,15570.0,15575.0,77,15545.0,15590.0,15605.0,15550.0,4190.0,65301150.0,166455
2023-05-10 21:01:23,CF2307,CF2307,15575.0,0.0,0.0,0.0,10,15570.0,15575.0,83,15545.0,15590.0,15605.0,15550.0,4190.0,65301150.0,166455
2023-05-10 21:01:24,CF2307,CF2307,15575.0,0.0,0.0,0.0,10,15570.0,15575.0,71,15545.0,15590.0,15605.0,15550.0,4190.0,65301150.0,166455
2023-05-10 21:01:25,CF2307,CF2307,15570.0,4.0,62340.0,2.0,8,15570.0,15575.0,59,15545.0,15590.0,15605.0,15550.0,4194.0,65363490.0,166457
2023-05-10 21:01:25,CF2307,CF2307,15570.0,1.0,15585.0,1.0,16,15570.0,15575.0,33,15545.0,15590.0,15605.0,15550.0,4195.0,65379075.0,166458
2023-05-10 21:01:25,CF2307,CF2307,15570.0,0.0,0.0,0.0,11,15570.0,15575.0,75,15545.0,15590.0,15605.0,15550.0,4195.0,65379075.0,166458
2023-05-10 21:01:26,CF2307,CF2307,15570.0,11.0,171435.0,5.0,42,15565.0,15575.0,89,15545.0,15590.0,15605.0,15550.0,4206.0,65550510.0,166463
2023-05-10 21:01:26,CF2307,CF2307,15570.0,0.0,0.0,0.0,17,15565.0,15570.0,1,15545.0,15590.0,15605.0,15550.0,4206.0,65550510.0,166463
2023-05-10 21:01:27,CF2307,CF2307,15570.0,1.0,15585.0,0.0,13,15565.0,15575.0,109,15545.0,15590.0,15605.0,15550.0,4207.0,65566095.0,166463
2023-05-10 21:01:27,CF2307,CF2307,15570.0,0.0,0.0,0.0,20,15565.0,15575.0,99,15545.0,15590.0,15605.0,15550.0,4207.0,65566095.0,166463
2023-05-10 21:01:28,CF2307,CF2307,15570.0,0.0,0.0,0.0,20,15565.0,15570.0,1,15545.0,15590.0,15605.0,15550.0,4207.0,65566095.0,166463
2023-05-10 21:01:28,CF2307,CF2307,15570.0,9.0,140265.0,2.0,21,15565.0,15570.0,4,15545.0,15590.0,15605.0,15550.0,4216.0,65706360.0,166465
2023-05-10 21:01:29,CF2307,CF2307,15570.0,4.0,62340.0,0.0,16,15565.0,15570.0,25,15545.0,15590.0,15605.0,15550.0,4220.0,65768700.0,166465
2023-05-10 21:01:29,CF2307,CF2307,15570.0,0.0,0.0,0.0,14,15565.0,15570.0,77,15545.0,15590.0,15605.0,15550.0,4220.0,65768700.0,166465
2023-05-10 21:01:30,CF2307,CF2307,15565.0,44.0,685740.0,10.0,31,15555.0,15565.0,53,15545.0,15590.0,15605.0,15550.0,4264.0,66454440.0,166475
2023-05-10 21:01:30,CF2307,CF2307,15565.0,9.0,140265.0,-1.0,50,15555.0,15565.0,46,15545.0,15590.0,15605.0,15550.0,4273.0,66594705.0,166474
2023-05-10 21:01:31,CF2307,CF2307,15560.0,4.0,62340.0,-4.0,48,15555.0,15565.0,42,15545.0,15590.0,15605.0,15550.0,4277.0,66657045.0,166470
2023-05-10 21:01:31,CF2307,CF2307,15560.0,0.0,0.0,0.0,13,15555.0,15560.0,22,15545.0,15590.0,15605.0,15550.0,4277.0,66657045.0,166470
2023-05-10 21:01:32,CF2307,CF2307,15560.0,46.0,716910.0,26.0,16,15555.0,15560.0,4,15545.0,15590.0,15605.0,15550.0,4323.0,67373955.0,166496
2023-05-10 21:01:33,CF2307,CF2307,15560.0,4.0,62340.0,-4.0,20,15555.0,15565.0,157,15545.0,15590.0,15605.0,15550.0,4327.0,67436295.0,166492
2023-05-10 21:01:33,CF2307,CF2307,15565.0,43.0,670155.0,0.0,4,15560.0,15565.0,1,15545.0,15590.0,15605.0,15550.0,4370.0,68106450.0,166492
2023-05-10 21:01:34,CF2307,CF2307,15565.0,4.0,62340.0,0.0,14,15560.0,15570.0,180,15545.0,15590.0,15605.0,15550.0,4374.0,68168790.0,166492
2023-05-10 21:01:34,CF2307,CF2307,15560.0,9.0,140265.0,4.0,12,15560.0,15565.0,16,15545.0,15590.0,15605.0,15550.0,4383.0,68309055.0,166496
2023-05-10 21:01:35,CF2307,CF2307,15560.0,16.0,249360.0,4.0,108,15560.0,15570.0,193,15545.0,15590.0,15605.0,15550.0,4399.0,68558415.0,166500
2023-05-10 21:01:35,CF2307,CF2307,15560.0,0.0,0.0,0.0,125,15560.0,15570.0,203,15545.0,15590.0,15605.0,15550.0,4399.0,68558415.0,166500
2023-05-10 21:01:35,CF2307,CF2307,15560.0,0.0,0.0,0.0,127,15560.0,15570.0,203,15545.0,15590.0,15605.0,15550.0,4399.0,68558415.0,166500
2023-05-10 21:01:36,CF2307,CF2307,15565.0,24.0,374040.0,1.0,13,15565.0,15570.0,1,15545.0,15590.0,15605.0,15550.0,4423.0,68932455.0,166501
2023-05-10 21:01:37,CF2307,CF2307,15565.0,4.0,62340.0,4.0,30,15565.0,15575.0,100,15545.0,15590.0,15605.0,15550.0,4427.0,68994795.0,166505
2023-05-10 21:01:37,CF2307,CF2307,15570.0,2.0,31170.0,0.0,68,15565.0,15575.0,123,15545.0,15590.0,15605.0,15550.0,4429.0,69025965.0,166505
2023-05-10 21:01:37,CF2307,CF2307,15570.0,0.0,0.0,0.0,67,15565.0,15575.0,176,15545.0,15590.0,15605.0,15550.0,4429.0,69025965.0,166505
2023-05-10 21:01:38,CF2307,CF2307,15570.0,0.0,0.0,0.0,40,15565.0,15575.0,176,15545.0,15590.0,15605.0,15550.0,4429.0,69025965.0,166505
2023-05-10 21:01:38,CF2307,CF2307,15570.0,0.0,0.0,0.0,26,15565.0,15570.0,89,15545.0,15590.0,15605.0,15550.0,4429.0,69025965.0,166505
2023-05-10 21:01:39,CF2307,CF2307,15565.0,17.0,264945.0,-6.0,10,15565.0,15570.0,123,15545.0,15590.0,15605.0,15550.0,4446.0,69290910.0,166499
2023-05-10 21:01:40,CF2307,CF2307,15565.0,1.0,15585.0,1.0,194,15560.0,15570.0,128,15545.0,15590.0,15605.0,15550.0,4447.0,69306495.0,166500
2023-05-10 21:01:40,CF2307,CF2307,15565.0,0.0,0.0,0.0,203,15560.0,15570.0,144,15545.0,15590.0,15605.0,15550.0,4447.0,69306495.0,166500
2023-05-10 21:01:41,CF2307,CF2307,15565.0,1.0,15585.0,1.0,217,15560.0,15570.0,139,15545.0,15590.0,15605.0,15550.0,4448.0,69322080.0,166501
2023-05-10 21:01:41,CF2307,CF2307,15565.0,0.0,0.0,0.0,222,15560.0,15570.0,160,15545.0,15590.0,15605.0,15550.0,4448.0,69322080.0,166501
2023-05-10 21:01:41,CF2307,CF2307,15565.0,0.0,0.0,0.0,227,15560.0,15570.0,187,15545.0,15590.0,15605.0,15550.0,4448.0,69322080.0,166501
2023-05-10 21:01:42,CF2307,CF2307,15565.0,0.0,0.0,0.0,227,15560.0,15570.0,189,15545.0,15590.0,15605.0,15550.0,4448.0,69322080.0,166501
2023-05-10 21:01:42,CF2307,CF2307,15565.0,0.0,0.0,0.0,227,15560.0,15570.0,191,15545.0,15590.0,15605.0,15550.0,4448.0,69322080.0,166501
2023-05-10 21:01:43,CF2307,CF2307,15565.0,0.0,0.0,0.0,226,15560.0,15570.0,190,15545.0,15590.0,15605.0,15550.0,4448.0,69322080.0,166501
2023-05-10 21:01:44,CF2307,CF2307,15565.0,0.0,0.0,0.0,1,15565.0,15570.0,197,15545.0,15590.0,15605.0,15550.0,4448.0,69322080.0,166501
2023-05-10 21:01:44,CF2307,CF2307,15565.0,1.0,15585.0,0.0,226,15560.0,15570.0,200,15545.0,15590.0,15605.0,15550.0,4449.0,69337665.0,166501
2023-05-10 21:01:45,CF2307,CF2307,15565.0,0.0,0.0,0.0,226,15560.0,15570.0,188,15545.0,15590.0,15605.0,15550.0,4449.0,69337665.0,166501
2023-05-10 21:01:45,CF2307,CF2307,15565.0,0.0,0.0,0.0,226,15560.0,15570.0,170,15545.0,15590.0,15605.0,15550.0,4449.0,69337665.0,166501
2023-05-10 21:01:46,CF2307,CF2307,15565.0,1.0,15585.0,1.0,236,15560.0,15570.0,167,15545.0,15590.0,15605.0,15550.0,4450.0,69353250.0,166502
2023-05-10 21:01:46,CF2307,CF2307,15560.0,3.0,46755.0,0.0,234,15560.0,15570.0,173,15545.0,15590.0,15605.0,15550.0,4453.0,69400005.0,166502
2023-05-10 21:01:47,CF2307,CF2307,15560.0,0.0,0.0,0.0,234,15560.0,15570.0,168,15545.0,15590.0,15605.0,15550.0,4453.0,69400005.0,166502
2023-05-10 21:01:47,CF2307,CF2307,15560.0,1.0,15585.0,1.0,233,15560.0,15570.0,176,15545.0,15590.0,15605.0,15550.0,4454.0,69415590.0,166503
2023-05-10 21:01:48,CF2307,CF2307,15560.0,0.0,0.0,0.0,243,15560.0,15570.0,178,15545.0,15590.0,15605.0,15550.0,4454.0,69415590.0,166503
2023-05-10 21:01:48,CF2307,CF2307,15570.0,1.0,15585.0,1.0,243,15560.0,15570.0,157,15545.0,15590.0,15605.0,15550.0,4455.0,69431175.0,166504
2023-05-10 21:01:48,CF2307,CF2307,15570.0,0.0,0.0,0.0,244,15560.0,15570.0,146,15545.0,15590.0,15605.0,15550.0,4455.0,69431175.0,166504
2023-05-10 21:01:49,CF2307,CF2307,15570.0,0.0,0.0,0.0,244,15560.0,15570.0,133,15545.0,15590.0,15605.0,15550.0,4455.0,69431175.0,166504
2023-05-10 21:01:49,CF2307,CF2307,15570.0,0.0,0.0,0.0,33,15565.0,15570.0,3,15545.0,15590.0,15605.0,15550.0,4455.0,69431175.0,166504
2023-05-10 21:01:50,CF2307,CF2307,15565.0,2.0,31170.0,0.0,14,15565.0,15570.0,41,15545.0,15590.0,15605.0,15550.0,4457.0,69462345.0,166504
2023-05-10 21:01:50,CF2307,CF2307,15565.0,4.0,62340.0,0.0,254,15560.0,15570.0,97,15545.0,15590.0,15605.0,15550.0,4461.0,69524685.0,166504
2023-05-10 21:01:51,CF2307,CF2307,15565.0,0.0,0.0,0.0,244,15560.0,15570.0,159,15545.0,15590.0,15605.0,15550.0,4461.0,69524685.0,166504
2023-05-10 21:01:52,CF2307,CF2307,15565.0,0.0,0.0,0.0,4,15565.0,15570.0,52,15545.0,15590.0,15605.0,15550.0,4461.0,69524685.0,166504
2023-05-10 21:01:52,CF2307,CF2307,15570.0,10.0,155850.0,7.0,5,15565.0,15570.0,61,15545.0,15590.0,15605.0,15550.0,4471.0,69680535.0,166511
2023-05-10 21:01:53,CF2307,CF2307,15570.0,0.0,0.0,0.0,6,15565.0,15570.0,23,15545.0,15590.0,15605.0,15550.0,4471.0,69680535.0,166511
2023-05-10 21:01:53,CF2307,CF2307,15570.0,2.0,31170.0,2.0,154,15565.0,15575.0,229,15545.0,15590.0,15605.0,15550.0,4473.0,69711705.0,166513
2023-05-10 21:01:53,CF2307,CF2307,15570.0,0.0,0.0,0.0,203,15565.0,15575.0,216,15545.0,15590.0,15605.0,15550.0,4473.0,69711705.0,166513
2023-05-10 21:01:54,CF2307,CF2307,15570.0,0.0,0.0,0.0,14,15570.0,15575.0,6,15545.0,15590.0,15605.0,15550.0,4473.0,69711705.0,166513
2023-05-10 21:01:55,CF2307,CF2307,15570.0,4.0,62340.0,4.0,61,15570.0,15575.0,91,15545.0,15590.0,15605.0,15550.0,4477.0,69774045.0,166517
2023-05-10 21:01:55,CF2307,CF2307,15570.0,16.0,249360.0,5.0,45,15570.0,15575.0,113,15545.0,15590.0,15605.0,15550.0,4493.0,70023405.0,166522
2023-05-10 21:01:56,CF2307,CF2307,15570.0,1.0,15585.0,1.0,44,15570.0,15575.0,141,15545.0,15590.0,15605.0,15550.0,4494.0,70038990.0,166523
2023-05-10 21:01:56,CF2307,CF2307,15570.0,0.0,0.0,0.0,44,15570.0,15575.0,151,15545.0,15590.0,15605.0,15550.0,4494.0,70038990.0,166523
2023-05-10 21:01:56,CF2307,CF2307,15570.0,0.0,0.0,0.0,109,15570.0,15575.0,26,15545.0,15590.0,15605.0,15550.0,4494.0,70038990.0,166523
2023-05-10 21:01:57,CF2307,CF2307,15575.0,1.0,15585.0,0.0,117,15570.0,15575.0,25,15545.0,15590.0,15605.0,15550.0,4495.0,70054575.0,166523
2023-05-10 21:01:58,CF2307,CF2307,15570.0,2.0,31170.0,2.0,57,15570.0,15575.0,35,15545.0,15590.0,15605.0,15550.0,4497.0,70085745.0,166525
2023-05-10 21:01:58,CF2307,CF2307,15570.0,0.0,0.0,0.0,94,15570.0,15575.0,55,15545.0,15590.0,15605.0,15550.0,4497.0,70085745.0,166525
2023-05-10 21:01:59,CF2307,CF2307,15575.0,9.0,140265.0,-1.0,207,15570.0,15575.0,12,15545.0,15590.0,15605.0,15550.0,4506.0,70226010.0,166524
2023-05-10 21:01:59,CF2307,CF2307,15575.0,12.0,187020.0,0.0,173,15570.0,15580.0,236,15545.0,15590.0,15605.0,15550.0,4518.0,70413030.0,166524
2023-05-10 21:02:00,CF2307,CF2307,15575.0,0.0,0.0,0.0,174,15570.0,15580.0,226,15545.0,15590.0,15605.0,15550.0,4518.0,70413030.0,166524
2023-05-10 21:02:00,CF2307,CF2307,15575.0,2.0,31170.0,2.0,195,15570.0,15580.0,226,15545.0,15590.0,15605.0,15550.0,4520.0,70444200.0,166526
2023-05-10 21:02:01,CF2307,CF2307,15575.0,0.0,0.0,0.0,194,15570.0,15580.0,236,15545.0,15590.0,15605.0,15550.0,4520.0,70444200.0,166526
2023-05-10 21:02:01,CF2307,CF2307,15575.0,0.0,0.0,0.0,225,15570.0,15580.0,236,15545.0,15590.0,15605.0,15550.0,4520.0,70444200.0,166526
2023-05-10 21:02:01,CF2307,CF2307,15575.0,0.0,0.0,0.0,134,15570.0,15580.0,222,15545.0,15590.0,15605.0,15550.0,4520.0,70444200.0,166526
2023-05-10 21:02:02,CF2307,CF2307,15575.0,0.0,0.0,0.0,57,15570.0,15575.0,22,15545.0,15590.0,15605.0,15550.0,4520.0,70444200.0,166526
2023-05-10 21:02:02,CF2307,CF2307,15575.0,20.0,311700.0,-10.0,57,15570.0,15580.0,226,15545.0,15590.0,15605.0,15550.0,4540.0,70755900.0,166516
2023-05-10 21:02:03,CF2307,CF2307,15575.0,2.0,31170.0,2.0,47,15570.0,15575.0,78,15545.0,15590.0,15605.0,15550.0,4542.0,70787070.0,166518
2023-05-10 21:02:03,CF2307,CF2307,15575.0,0.0,0.0,0.0,47,15570.0,15575.0,147,15545.0,15590.0,15605.0,15550.0,4542.0,70787070.0,166518
2023-05-10 21:02:04,CF2307,CF2307,15565.0,158.0,2438930.0,63.0,190,15560.0,15565.0,1,15545.0,15590.0,15605.0,15550.0,4700.0,73226000.0,166581
2023-05-10 21:02:05,CF2307,CF2307,15570.0,27.0,420660.0,3.0,12,15565.0,15570.0,2,15545.0,15590.0,15605.0,15550.0,4727.0,73646660.0,166584
2023-05-10 21:02:05,CF2307,CF2307,15570.0,9.0,140220.0,3.0,113,15565.0,15570.0,3,15545.0,15590.0,15605.0,15550.0,4736.0,73786880.0,166587
2023-05-10 21:02:06,CF2307,CF2307,15570.0,3.0,46740.0,0.0,128,15565.0,15575.0,228,15545.0,15590.0,15605.0,15550.0,4739.0,73833620.0,166587
2023-05-10 21:02:06,CF2307,CF2307,15570.0,0.0,0.0,0.0,150,15565.0,15575.0,229,15545.0,15590.0,15605.0,15550.0,4739.0,73833620.0,166587
2023-05-10 21:02:06,CF2307,CF2307,15570.0,2.0,31160.0,-1.0,169,15565.0,15575.0,209,15545.0,15590.0,15605.0,15550.0,4741.0,73864780.0,166586
2023-05-10 21:02:07,CF2307,CF2307,15570.0,0.0,0.0,0.0,149,15565.0,15575.0,229,15545.0,15590.0,15605.0,15550.0,4741.0,73864780.0,166586
2023-05-10 21:02:07,CF2307,CF2307,15570.0,0.0,0.0,0.0,40,15565.0,15575.0,229,15545.0,15590.0,15605.0,15550.0,4741.0,73864780.0,166586
2023-05-10 21:02:08,CF2307,CF2307,15570.0,0.0,0.0,0.0,6,15565.0,15570.0,165,15545.0,15590.0,15605.0,15550.0,4741.0,73864780.0,166586
2023-05-10 21:02:08,CF2307,CF2307,15570.0,1.0,15580.0,1.0,6,15565.0,15570.0,184,15545.0,15590.0,15605.0,15550.0,4742.0,73880360.0,166587
2023-05-10 21:02:09,CF2307,CF2307,15570.0,0.0,0.0,0.0,6,15565.0,15570.0,183,15545.0,15590.0,15605.0,15550.0,4742.0,73880360.0,166587
2023-05-10 21:02:09,CF2307,CF2307,15565.0,1.0,15580.0,0.0,6,15565.0,15570.0,182,15545.0,15590.0,15605.0,15550.0,4743.0,73895940.0,166587
2023-05-10 21:02:10,CF2307,CF2307,15565.0,3.0,46740.0,0.0,4,15565.0,15570.0,181,15545.0,15590.0,15605.0,15550.0,4746.0,73942680.0,166587
2023-05-10 21:02:10,CF2307,CF2307,15565.0,4.0,62320.0,1.0,218,15560.0,15570.0,178,15545.0,15590.0,15605.0,15550.0,4750.0,74005000.0,166588
2023-05-10 21:02:11,CF2307,CF2307,15565.0,0.0,0.0,0.0,208,15560.0,15570.0,182,15545.0,15590.0,15605.0,15550.0,4750.0,74005000.0,166588
2023-05-10 21:02:12,CF2307,CF2307,15565.0,1.0,15580.0,-1.0,198,15560.0,15570.0,178,15545.0,15590.0,15605.0,15550.0,4751.0,74020580.0,166587
2023-05-10 21:02:12,CF2307,CF2307,15565.0,0.0,0.0,0.0,208,15560.0,15570.0,178,15545.0,15590.0,15605.0,15550.0,4751.0,74020580.0,166587
2023-05-10 21:02:13,CF2307,CF2307,15565.0,0.0,0.0,0.0,209,15560.0,15570.0,178,15545.0,15590.0,15605.0,15550.0,4751.0,74020580.0,166587
2023-05-10 21:02:14,CF2307,CF2307,15565.0,0.0,0.0,0.0,208,15560.0,15570.0,179,15545.0,15590.0,15605.0,15550.0,4751.0,74020580.0,166587
2023-05-10 21:02:15,CF2307,CF2307,15565.0,0.0,0.0,0.0,208,15560.0,15570.0,78,15545.0,15590.0,15605.0,15550.0,4751.0,74020580.0,166587
2023-05-10 21:02:15,CF2307,CF2307,15565.0,0.0,0.0,0.0,12,15565.0,15570.0,13,15545.0,15590.0,15605.0,15550.0,4751.0,74020580.0,166587
2023-05-10 21:02:16,CF2307,CF2307,15565.0,12.0,186960.0,4.0,229,15560.0,15570.0,91,15545.0,15590.0,15605.0,15550.0,4763.0,74207540.0,166591
2023-05-10 21:02:16,CF2307,CF2307,15565.0,0.0,0.0,0.0,219,15560.0,15570.0,136,15545.0,15590.0,15605.0,15550.0,4763.0,74207540.0,166591
2023-05-10 21:02:17,CF2307,CF2307,15565.0,0.0,0.0,0.0,219,15560.0,15570.0,142,15545.0,15590.0,15605.0,15550.0,4763.0,74207540.0,166591
2023-05-10 21:02:17,CF2307,CF2307,15565.0,0.0,0.0,0.0,219,15560.0,15570.0,140,15545.0,15590.0,15605.0,15550.0,4763.0,74207540.0,166591
2023-05-10 21:02:18,CF2307,CF2307,15565.0,0.0,0.0,0.0,218,15560.0,15570.0,141,15545.0,15590.0,15605.0,15550.0,4763.0,74207540.0,166591
2023-05-10 21:02:18,CF2307,CF2307,15565.0,0.0,0.0,0.0,209,15560.0,15570.0,101,15545.0,15590.0,15605.0,15550.0,4763.0,74207540.0,166591
2023-05-10 21:02:19,CF2307,CF2307,15565.0,0.0,0.0,0.0,203,15560.0,15570.0,88,15545.0,15590.0,15605.0,15550.0,4763.0,74207540.0,166591
2023-05-10 21:02:19,CF2307,CF2307,15565.0,0.0,0.0,0.0,225,15560.0,15570.0,102,15545.0,15590.0,15605.0,15550.0,4763.0,74207540.0,166591
2023-05-10 21:02:19,CF2307,CF2307,15570.0,21.0,327180.0,0.0,225,15560.0,15570.0,30,15545.0,15590.0,15605.0,15550.0,4784.0,74534720.0,166591
2023-05-10 21:02:20,CF2307,CF2307,15570.0,0.0,0.0,0.0,71,15565.0,15570.0,14,15545.0,15590.0,15605.0,15550.0,4784.0,74534720.0,166591
2023-05-10 21:02:21,CF2307,CF2307,15570.0,0.0,0.0,0.0,50,15565.0,15570.0,14,15545.0,15590.0,15605.0,15550.0,4784.0,74534720.0,166591
2023-05-10 21:02:21,CF2307,CF2307,15565.0,4.0,62320.0,0.0,222,15560.0,15570.0,113,15545.0,15590.0,15605.0,15550.0,4788.0,74597040.0,166591
2023-05-10 21:02:21,CF2307,CF2307,15565.0,0.0,0.0,0.0,212,15560.0,15570.0,143,15545.0,15590.0,15605.0,15550.0,4788.0,74597040.0,166591
2023-05-10 21:02:22,CF2307,CF2307,15565.0,0.0,0.0,0.0,212,15560.0,15570.0,110,15545.0,15590.0,15605.0,15550.0,4788.0,74597040.0,166591
2023-05-10 21:02:23,CF2307,CF2307,15565.0,0.0,0.0,0.0,212,15560.0,15570.0,53,15545.0,15590.0,15605.0,15550.0,4788.0,74597040.0,166591
2023-05-10 21:02:23,CF2307,CF2307,15565.0,0.0,0.0,0.0,10,15565.0,15570.0,30,15545.0,15590.0,15605.0,15550.0,4788.0,74597040.0,166591
2023-05-10 21:02:24,CF2307,CF2307,15565.0,0.0,0.0,0.0,1,15565.0,15570.0,83,15545.0,15590.0,15605.0,15550.0,4788.0,74597040.0,166591
2023-05-10 21:02:24,CF2307,CF2307,15565.0,1.0,15580.0,1.0,222,15560.0,15565.0,2,15545.0,15590.0,15605.0,15550.0,4789.0,74612620.0,166592
2023-05-10 21:02:25,CF2307,CF2307,15565.0,2.0,31160.0,0.0,71,15560.0,15565.0,74,15545.0,15590.0,15605.0,15550.0,4791.0,74643780.0,166592
2023-05-10 21:02:25,CF2307,CF2307,15555.0,95.0,1480100.0,18.0,176,15555.0,15560.0,10,15545.0,15590.0,15605.0,15550.0,4886.0,76123880.0,166610
2023-05-10 21:02:25,CF2307,CF2307,15560.0,14.0,218120.0,-10.0,186,15555.0,15565.0,129,15545.0,15590.0,15605.0,15550.0,4900.0,76342000.0,166600
2023-05-10 21:02:26,CF2307,CF2307,15560.0,0.0,0.0,0.0,185,15555.0,15565.0,119,15545.0,15590.0,15605.0,15550.0,4900.0,76342000.0,166600
2023-05-10 21:02:26,CF2307,CF2307,15560.0,1.0,15580.0,-1.0,165,15555.0,15565.0,138,15545.0,15590.0,15605.0,15550.0,4901.0,76357580.0,166599
2023-05-10 21:02:27,CF2307,CF2307,15560.0,0.0,0.0,0.0,185,15555.0,15565.0,138,15545.0,15590.0,15605.0,15550.0,4901.0,76357580.0,166599
2023-05-10 21:02:27,CF2307,CF2307,15560.0,0.0,0.0,0.0,195,15555.0,15565.0,148,15545.0,15590.0,15605.0,15550.0,4901.0,76357580.0,166599
2023-05-10 21:02:28,CF2307,CF2307,15560.0,0.0,0.0,0.0,195,15555.0,15565.0,152,15545.0,15590.0,15605.0,15550.0,4901.0,76357580.0,166599
2023-05-10 21:02:29,CF2307,CF2307,15560.0,0.0,0.0,0.0,165,15555.0,15560.0,6,15545.0,15590.0,15605.0,15550.0,4901.0,76357580.0,166599
2023-05-10 21:02:29,CF2307,CF2307,15560.0,0.0,0.0,0.0,175,15555.0,15560.0,6,15545.0,15590.0,15605.0,15550.0,4901.0,76357580.0,166599
2023-05-10 21:02:29,CF2307,CF2307,15560.0,0.0,0.0,0.0,14,15555.0,15560.0,68,15545.0,15590.0,15605.0,15550.0,4901.0,76357580.0,166599
2023-05-10 21:02:30,CF2307,CF2307,15560.0,0.0,0.0,0.0,107,15555.0,15560.0,23,15545.0,15590.0,15605.0,15550.0,4901.0,76357580.0,166599
2023-05-10 21:02:30,CF2307,CF2307,15560.0,13.0,202540.0,-4.0,161,15555.0,15565.0,168,15545.0,15590.0,15605.0,15550.0,4914.0,76560120.0,166595
2023-05-10 21:02:31,CF2307,CF2307,15560.0,4.0,62320.0,-1.0,199,15555.0,15560.0,3,15545.0,15590.0,15605.0,15550.0,4918.0,76622440.0,166594
2023-05-10 21:02:31,CF2307,CF2307,15560.0,3.0,46740.0,3.0,219,15555.0,15565.0,162,15545.0,15590.0,15605.0,15550.0,4921.0,76669180.0,166597
2023-05-10 21:02:32,CF2307,CF2307,15560.0,0.0,0.0,0.0,69,15555.0,15560.0,77,15545.0,15590.0,15605.0,15550.0,4921.0,76669180.0,166597
2023-05-10 21:02:32,CF2307,CF2307,15560.0,0.0,0.0,0.0,49,15555.0,15560.0,111,15545.0,15590.0,15605.0,15550.0,4921.0,76669180.0,166597
2023-05-10 21:02:33,CF2307,CF2307,15560.0,0.0,0.0,0.0,49,15555.0,15560.0,121,15545.0,15590.0,15605.0,15550.0,4921.0,76669180.0,166597
2023-05-10 21:02:33,CF2307,CF2307,15555.0,49.0,763420.0,21.0,235,15550.0,15560.0,124,15545.0,15590.0,15605.0,15550.0,4970.0,77432600.0,166618
2023-05-10 21:02:34,CF2307,CF2307,15555.0,7.0,109060.0,7.0,185,15550.0,15560.0,165,15545.0,15590.0,15605.0,15550.0,4977.0,77541660.0,166625
2023-05-10 21:02:34,CF2307,CF2307,15555.0,0.0,0.0,0.0,205,15550.0,15560.0,175,15545.0,15590.0,15605.0,15550.0,4977.0,77541660.0,166625
2023-05-10 21:02:35,CF2307,CF2307,15550.0,1.0,15580.0,0.0,194,15550.0,15560.0,175,15545.0,15590.0,15605.0,15550.0,4978.0,77557240.0,166625
2023-05-10 21:02:36,CF2307,CF2307,15550.0,0.0,0.0,0.0,187,15550.0,15560.0,175,15545.0,15590.0,15605.0,15550.0,4978.0,77557240.0,166625
2023-05-10 21:02:37,CF2307,CF2307,15550.0,0.0,0.0,0.0,135,15550.0,15555.0,1,15545.0,15590.0,15605.0,15550.0,4978.0,77557240.0,166625
2023-05-10 21:02:37,CF2307,CF2307,15555.0,1.0,15580.0,1.0,110,15550.0,15555.0,11,15545.0,15590.0,15605.0,15550.0,4979.0,77572820.0,166626
2023-05-10 21:02:38,CF2307,CF2307,15555.0,6.0,93480.0,6.0,118,15550.0,15555.0,6,15545.0,15590.0,15605.0,15550.0,4985.0,77666300.0,166632
2023-05-10 21:02:38,CF2307,CF2307,15555.0,7.0,109060.0,5.0,140,15550.0,15560.0,165,15545.0,15590.0,15605.0,15550.0,4992.0,77775360.0,166637
2023-05-10 21:02:38,CF2307,CF2307,15555.0,12.0,186960.0,4.0,69,15550.0,15555.0,66,15545.0,15590.0,15605.0,15550.0,5004.0,77962320.0,166641
2023-05-10 21:02:39,CF2307,CF2307,15555.0,51.0,794580.0,-20.0,36,15550.0,15560.0,142,15545.0,15590.0,15605.0,15550.0,5055.0,78756900.0,166621
2023-05-10 21:02:40,CF2307,CF2307,15555.0,0.0,0.0,0.0,71,15550.0,15560.0,142,15545.0,15590.0,15605.0,15550.0,5055.0,78756900.0,166621
2023-05-10 21:02:40,CF2307,CF2307,15555.0,0.0,0.0,0.0,185,15550.0,15560.0,113,15545.0,15590.0,15605.0,15550.0,5055.0,78756900.0,166621
2023-05-10 21:02:40,CF2307,CF2307,15555.0,0.0,0.0,0.0,146,15550.0,15560.0,123,15545.0,15590.0,15605.0,15550.0,5055.0,78756900.0,166621
2023-05-10 21:02:41,CF2307,CF2307,15555.0,1.0,15580.0,0.0,60,15550.0,15555.0,22,15545.0,15590.0,15605.0,15550.0,5056.0,78772480.0,166621
2023-05-10 21:02:42,CF2307,CF2307,15555.0,1.0,15580.0,0.0,32,15550.0,15555.0,16,15545.0,15590.0,15605.0,15550.0,5057.0,78788060.0,166621
2023-05-10 21:02:42,CF2307,CF2307,15555.0,0.0,0.0,0.0,202,15550.0,15555.0,17,15545.0,15590.0,15605.0,15550.0,5057.0,78788060.0,166621
2023-05-10 21:02:42,CF2307,CF2307,15555.0,19.0,296020.0,12.0,251,15550.0,15560.0,121,15545.0,15590.0,15605.0,15550.0,5076.0,79084080.0,166633
2023-05-10 21:02:43,CF2307,CF2307,15555.0,0.0,0.0,0.0,217,15550.0,15560.0,121,15545.0,15590.0,15605.0,15550.0,5076.0,79084080.0,166633
2023-05-10 21:02:43,CF2307,CF2307,15555.0,0.0,0.0,0.0,193,15550.0,15560.0,123,15545.0,15590.0,15605.0,15550.0,5076.0,79084080.0,166633
2023-05-10 21:02:44,CF2307,CF2307,15555.0,0.0,0.0,0.0,188,15550.0,15560.0,123,15545.0,15590.0,15605.0,15550.0,5076.0,79084080.0,166633
2023-05-10 21:02:45,CF2307,CF2307,15555.0,0.0,0.0,0.0,182,15550.0,15560.0,123,15545.0,15590.0,15605.0,15550.0,5076.0,79084080.0,166633
2023-05-10 21:02:46,CF2307,CF2307,15555.0,0.0,0.0,0.0,209,15550.0,15560.0,123,15545.0,15590.0,15605.0,15550.0,5076.0,79084080.0,166633
2023-05-10 21:02:46,CF2307,CF2307,15555.0,0.0,0.0,0.0,120,15550.0,15555.0,32,15545.0,15590.0,15605.0,15550.0,5076.0,79084080.0,166633
2023-05-10 21:02:47,CF2307,CF2307,15555.0,0.0,0.0,0.0,99,15550.0,15555.0,46,15545.0,15590.0,15605.0,15550.0,5076.0,79084080.0,166633
2023-05-10 21:02:47,CF2307,CF2307,15550.0,8.0,124640.0,8.0,72,15550.0,15555.0,40,15545.0,15590.0,15605.0,15550.0,5084.0,79208720.0,166641
2023-05-10 21:02:48,CF2307,CF2307,15550.0,12.0,186960.0,10.0,67,15550.0,15555.0,1,15545.0,15590.0,15605.0,15550.0,5096.0,79395680.0,166651
2023-05-10 21:02:48,CF2307,CF2307,15555.0,8.0,124640.0,-2.0,244,15550.0,15560.0,123,15545.0,15590.0,15605.0,15550.0,5104.0,79520320.0,166649
2023-05-10 21:02:48,CF2307,CF2307,15555.0,0.0,0.0,0.0,254,15550.0,15560.0,73,15545.0,15590.0,15605.0,15550.0,5104.0,79520320.0,166649
2023-05-10 21:02:49,CF2307,CF2307,15555.0,0.0,0.0,0.0,252,15550.0,15560.0,73,15545.0,15590.0,15605.0,15550.0,5104.0,79520320.0,166649
2023-05-10 21:02:50,CF2307,CF2307,15555.0,0.0,0.0,0.0,254,15550.0,15560.0,73,15545.0,15590.0,15605.0,15550.0,5104.0,79520320.0,166649
2023-05-10 21:02:51,CF2307,CF2307,15555.0,0.0,0.0,0.0,254,15550.0,15560.0,64,15545.0,15590.0,15605.0,15550.0,5104.0,79520320.0,166649
2023-05-10 21:02:51,CF2307,CF2307,15555.0,1.0,15580.0,-1.0,254,15550.0,15560.0,63,15545.0,15590.0,15605.0,15550.0,5105.0,79535900.0,166648
2023-05-10 21:02:51,CF2307,CF2307,15555.0,2.0,31160.0,-2.0,10,15555.0,15560.0,92,15545.0,15590.0,15605.0,15550.0,5107.0,79567060.0,166646
2023-05-10 21:02:52,CF2307,CF2307,15560.0,32.0,498560.0,17.0,10,15560.0,15565.0,115,15545.0,15590.0,15605.0,15550.0,5139.0,80065620.0,166663
2023-05-10 21:02:52,CF2307,CF2307,15560.0,1.0,15580.0,0.0,14,15560.0,15565.0,30,15545.0,15590.0,15605.0,15550.0,5140.0,80081200.0,166663
2023-05-10 21:02:53,CF2307,CF2307,15560.0,11.0,171380.0,4.0,3,15560.0,15565.0,39,15545.0,15590.0,15605.0,15550.0,5151.0,80252580.0,166667
2023-05-10 21:02:54,CF2307,CF2307,15560.0,4.0,62320.0,-1.0,126,15555.0,15560.0,12,15545.0,15590.0,15605.0,15550.0,5155.0,80314900.0,166666
2023-05-10 21:02:54,CF2307,CF2307,15555.0,2.0,31160.0,0.0,34,15555.0,15560.0,16,15545.0,15590.0,15605.0,15550.0,5157.0,80346060.0,166666
2023-05-10 21:02:54,CF2307,CF2307,15560.0,2.0,31160.0,0.0,33,15555.0,15560.0,18,15545.0,15590.0,15605.0,15550.0,5159.0,80377220.0,166666
2023-05-10 21:02:55,CF2307,CF2307,15560.0,0.0,0.0,0.0,26,15555.0,15560.0,18,15545.0,15590.0,15605.0,15550.0,5159.0,80377220.0,166666
2023-05-10 21:02:55,CF2307,CF2307,15555.0,2.0,31160.0,0.0,24,15555.0,15560.0,17,15545.0,15590.0,15605.0,15550.0,5161.0,80408380.0,166666
2023-05-10 21:02:56,CF2307,CF2307,15555.0,1.0,15580.0,0.0,23,15555.0,15560.0,16,15545.0,15590.0,15605.0,15550.0,5162.0,80423960.0,166666
2023-05-10 21:02:57,CF2307,CF2307,15555.0,3.0,46740.0,0.0,20,15555.0,15560.0,13,15545.0,15590.0,15605.0,15550.0,5165.0,80470700.0,166666
2023-05-10 21:02:57,CF2307,CF2307,15555.0,1.0,15580.0,0.0,19,15555.0,15560.0,18,15545.0,15590.0,15605.0,15550.0,5166.0,80486280.0,166666
2023-05-10 21:02:58,CF2307,CF2307,15560.0,27.0,420660.0,1.0,117,15555.0,15565.0,192,15545.0,15590.0,15605.0,15550.0,5193.0,80906940.0,166667
2023-05-10 21:02:59,CF2307,CF2307,15560.0,0.0,0.0,0.0,152,15555.0,15565.0,204,15545.0,15590.0,15605.0,15550.0,5193.0,80906940.0,166667
2023-05-10 21:02:59,CF2307,CF2307,15555.0,13.0,202540.0,0.0,66,15555.0,15560.0,5,15545.0,15590.0,15605.0,15550.0,5206.0,81109480.0,166667
2023-05-10 21:02:59,CF2307,CF2307,15560.0,2.0,31160.0,0.0,14,15555.0,15560.0,124,15545.0,15590.0,15605.0,15550.0,5208.0,81140640.0,166667
2023-05-10 21:03:00,CF2307,CF2307,15555.0,2.0,31160.0,1.0,12,15555.0,15560.0,119,15545.0,15590.0,15605.0,15550.0,5210.0,81171800.0,166668
2023-05-10 21:03:01,CF2307,CF2307,15560.0,9.0,140220.0,8.0,219,15555.0,15560.0,4,15545.0,15590.0,15605.0,15550.0,5219.0,81312020.0,166676
2023-05-10 21:03:01,CF2307,CF2307,15560.0,10.0,155800.0,-3.0,283,15555.0,15565.0,224,15545.0,15590.0,15605.0,15550.0,5229.0,81467820.0,166673
2023-05-10 21:03:01,CF2307,CF2307,15560.0,0.0,0.0,0.0,280,15555.0,15560.0,4,15545.0,15590.0,15605.0,15550.0,5229.0,81467820.0,166673
2023-05-10 21:03:02,CF2307,CF2307,15560.0,0.0,0.0,0.0,141,15555.0,15560.0,115,15545.0,15590.0,15605.0,15550.0,5229.0,81467820.0,166673
2023-05-10 21:03:03,CF2307,CF2307,15550.0,226.0,3521080.0,140.0,109,15545.0,15550.0,38,15545.0,15590.0,15605.0,15550.0,5455.0,84988900.0,166813
2023-05-10 21:03:03,CF2307,CF2307,15550.0,50.0,779000.0,-29.0,134,15545.0,15555.0,158,15545.0,15590.0,15605.0,15550.0,5505.0,85767900.0,166784
2023-05-10 21:03:04,CF2307,CF2307,15550.0,2.0,31160.0,0.0,168,15545.0,15555.0,181,15545.0,15590.0,15605.0,15550.0,5507.0,85799060.0,166784
2023-05-10 21:03:04,CF2307,CF2307,15550.0,2.0,31160.0,0.0,197,15545.0,15555.0,202,15545.0,15590.0,15605.0,15550.0,5509.0,85830220.0,166784
2023-05-10 21:03:05,CF2307,CF2307,15550.0,7.0,109060.0,5.0,192,15545.0,15555.0,200,15545.0,15590.0,15605.0,15550.0,5516.0,85939280.0,166789
2023-05-10 21:03:05,CF2307,CF2307,15550.0,6.0,93480.0,4.0,6,15550.0,15555.0,197,15545.0,15590.0,15605.0,15550.0,5522.0,86032760.0,166793
2023-05-10 21:03:06,CF2307,CF2307,15550.0,7.0,109060.0,-6.0,21,15550.0,15555.0,194,15545.0,15590.0,15605.0,15550.0,5529.0,86141820.0,166787
2023-05-10 21:03:06,CF2307,CF2307,15550.0,0.0,0.0,0.0,48,15550.0,15555.0,14,15545.0,15590.0,15605.0,15550.0,5529.0,86141820.0,166787
2023-05-10 21:03:06,CF2307,CF2307,15555.0,3.0,46740.0,0.0,54,15550.0,15555.0,4,15545.0,15590.0,15605.0,15550.0,5532.0,86188560.0,166787
2023-05-10 21:03:07,CF2307,CF2307,15555.0,0.0,0.0,0.0,45,15550.0,15555.0,74,15545.0,15590.0,15605.0,15550.0,5532.0,86188560.0,166787
2023-05-10 21:03:08,CF2307,CF2307,15550.0,3.0,46740.0,0.0,42,15550.0,15555.0,125,15545.0,15590.0,15605.0,15550.0,5535.0,86235300.0,166787
2023-05-10 21:03:08,CF2307,CF2307,15550.0,0.0,0.0,0.0,42,15550.0,15555.0,142,15545.0,15590.0,15605.0,15550.0,5535.0,86235300.0,166787
2023-05-10 21:03:08,CF2307,CF2307,15550.0,0.0,0.0,0.0,42,15550.0,15555.0,152,15545.0,15590.0,15605.0,15550.0,5535.0,86235300.0,166787
2023-05-10 21:03:09,CF2307,CF2307,15550.0,0.0,0.0,0.0,59,15550.0,15555.0,31,15545.0,15590.0,15605.0,15550.0,5535.0,86235300.0,166787
2023-05-10 21:03:10,CF2307,CF2307,15550.0,0.0,0.0,0.0,101,15550.0,15555.0,21,15545.0,15590.0,15605.0,15550.0,5535.0,86235300.0,166787
2023-05-10 21:03:10,CF2307,CF2307,15555.0,18.0,280440.0,-6.0,174,15550.0,15560.0,253,15545.0,15590.0,15605.0,15550.0,5553.0,86515740.0,166781
2023-05-10 21:03:11,CF2307,CF2307,15555.0,4.0,62320.0,-1.0,1,15555.0,15560.0,265,15545.0,15590.0,15605.0,15550.0,5557.0,86578060.0,166780
2023-05-10 21:03:11,CF2307,CF2307,15555.0,7.0,109060.0,1.0,5,15555.0,15560.0,247,15545.0,15590.0,15605.0,15550.0,5564.0,86687120.0,166781
2023-05-10 21:03:12,CF2307,CF2307,15555.0,11.0,171380.0,5.0,50,15555.0,15560.0,88,15545.0,15590.0,15605.0,15550.0,5575.0,86858500.0,166786
2023-05-10 21:03:12,CF2307,CF2307,15560.0,29.0,451820.0,-18.0,12,15560.0,15565.0,257,15545.0,15590.0,15605.0,15550.0,5604.0,87310320.0,166768
2023-05-10 21:03:13,CF2307,CF2307,15560.0,17.0,264860.0,2.0,163,15555.0,15565.0,224,15545.0,15590.0,15605.0,15550.0,5621.0,87575180.0,166770
2023-05-10 21:03:13,CF2307,CF2307,15560.0,1.0,15580.0,-1.0,1,15560.0,15565.0,244,15545.0,15590.0,15605.0,15550.0,5622.0,87590760.0,166769
2023-05-10 21:03:14,CF2307,CF2307,15560.0,2.0,31160.0,-1.0,179,15555.0,15560.0,1,15545.0,15590.0,15605.0,15550.0,5624.0,87621920.0,166768
2023-05-10 21:03:14,CF2307,CF2307,15560.0,2.0,31160.0,-1.0,179,15555.0,15560.0,2,15545.0,15590.0,15605.0,15550.0,5626.0,87653080.0,166767
2023-05-10 21:03:14,CF2307,CF2307,15560.0,6.0,93480.0,-6.0,11,15560.0,15565.0,254,15545.0,15590.0,15605.0,15550.0,5632.0,87746560.0,166761
2023-05-10 21:03:15,CF2307,CF2307,15560.0,0.0,0.0,0.0,11,15560.0,15565.0,244,15545.0,15590.0,15605.0,15550.0,5632.0,87746560.0,166761
2023-05-10 21:03:16,CF2307,CF2307,15560.0,0.0,0.0,0.0,11,15560.0,15565.0,245,15545.0,15590.0,15605.0,15550.0,5632.0,87746560.0,166761
2023-05-10 21:03:16,CF2307,CF2307,15560.0,0.0,0.0,0.0,11,15560.0,15565.0,265,15545.0,15590.0,15605.0,15550.0,5632.0,87746560.0,166761
2023-05-10 21:03:18,CF2307,CF2307,15560.0,11.0,171380.0,5.0,189,15555.0,15565.0,254,15545.0,15590.0,15605.0,15550.0,5643.0,87917940.0,166766
2023-05-10 21:03:19,CF2307,CF2307,15560.0,4.0,62320.0,3.0,175,15555.0,15560.0,5,15545.0,15590.0,15605.0,15550.0,5647.0,87980260.0,166769
2023-05-10 21:03:19,CF2307,CF2307,15560.0,7.0,109060.0,-6.0,6,15560.0,15565.0,274,15545.0,15590.0,15605.0,15550.0,5654.0,88089320.0,166763
2023-05-10 21:03:20,CF2307,CF2307,15560.0,0.0,0.0,0.0,10,15560.0,15565.0,253,15545.0,15590.0,15605.0,15550.0,5654.0,88089320.0,166763
2023-05-10 21:03:21,CF2307,CF2307,15560.0,2.0,31160.0,0.0,8,15560.0,15565.0,251,15545.0,15590.0,15605.0,15550.0,5656.0,88120480.0,166763
2023-05-10 21:03:21,CF2307,CF2307,15560.0,1.0,15580.0,0.0,9,15560.0,15565.0,251,15545.0,15590.0,15605.0,15550.0,5657.0,88136060.0,166763
2023-05-10 21:03:22,CF2307,CF2307,15560.0,8.0,124640.0,5.0,8,15560.0,15565.0,136,15545.0,15590.0,15605.0,15550.0,5665.0,88260700.0,166768
2023-05-10 21:03:22,CF2307,CF2307,15565.0,2.0,31160.0,2.0,51,15560.0,15565.0,34,15545.0,15590.0,15605.0,15550.0,5667.0,88291860.0,166770
2023-05-10 21:03:23,CF2307,CF2307,15565.0,0.0,0.0,0.0,48,15560.0,15565.0,129,15545.0,15590.0,15605.0,15550.0,5667.0,88291860.0,166770
2023-05-10 21:03:23,CF2307,CF2307,15565.0,0.0,0.0,0.0,48,15560.0,15565.0,178,15545.0,15590.0,15605.0,15550.0,5667.0,88291860.0,166770
2023-05-10 21:03:24,CF2307,CF2307,15560.0,44.0,685520.0,38.0,10,15560.0,15565.0,213,15545.0,15590.0,15605.0,15550.0,5711.0,88977380.0,166808
2023-05-10 21:03:24,CF2307,CF2307,15560.0,12.0,186960.0,10.0,85,15555.0,15560.0,24,15545.0,15590.0,15605.0,15550.0,5723.0,89164340.0,166818
2023-05-10 21:03:25,CF2307,CF2307,15560.0,0.0,0.0,0.0,35,15555.0,15560.0,78,15545.0,15590.0,15605.0,15550.0,5723.0,89164340.0,166818
2023-05-10 21:03:25,CF2307,CF2307,15560.0,0.0,0.0,0.0,35,15555.0,15560.0,33,15545.0,15590.0,15605.0,15550.0,5723.0,89164340.0,166818
2023-05-10 21:03:26,CF2307,CF2307,15560.0,1.0,15580.0,0.0,82,15555.0,15560.0,12,15545.0,15590.0,15605.0,15550.0,5724.0,89179920.0,166818
2023-05-10 21:03:26,CF2307,CF2307,15560.0,12.0,186960.0,-12.0,143,15555.0,15565.0,215,15545.0,15590.0,15605.0,15550.0,5736.0,89366880.0,166806
2023-05-10 21:03:27,CF2307,CF2307,15565.0,4.0,62320.0,2.0,12,15560.0,15565.0,177,15545.0,15590.0,15605.0,15550.0,5740.0,89429200.0,166808
2023-05-10 21:03:27,CF2307,CF2307,15565.0,0.0,0.0,0.0,12,15560.0,15565.0,196,15545.0,15590.0,15605.0,15550.0,5740.0,89429200.0,166808
2023-05-10 21:03:28,CF2307,CF2307,15565.0,0.0,0.0,0.0,22,15560.0,15565.0,192,15545.0,15590.0,15605.0,15550.0,5740.0,89429200.0,166808
2023-05-10 21:03:29,CF2307,CF2307,15565.0,0.0,0.0,0.0,22,15560.0,15565.0,107,15545.0,15590.0,15605.0,15550.0,5740.0,89429200.0,166808
2023-05-10 21:03:29,CF2307,CF2307,15565.0,0.0,0.0,0.0,39,15560.0,15565.0,41,15545.0,15590.0,15605.0,15550.0,5740.0,89429200.0,166808
2023-05-10 21:03:30,CF2307,CF2307,15565.0,0.0,0.0,0.0,29,15560.0,15565.0,95,15545.0,15590.0,15605.0,15550.0,5740.0,89429200.0,166808
2023-05-10 21:03:30,CF2307,CF2307,15565.0,0.0,0.0,0.0,29,15560.0,15565.0,97,15545.0,15590.0,15605.0,15550.0,5740.0,89429200.0,166808
2023-05-10 21:03:31,CF2307,CF2307,15565.0,0.0,0.0,0.0,29,15560.0,15565.0,105,15545.0,15590.0,15605.0,15550.0,5740.0,89429200.0,166808
2023-05-10 21:03:31,CF2307,CF2307,15565.0,0.0,0.0,0.0,37,15560.0,15565.0,74,15545.0,15590.0,15605.0,15550.0,5740.0,89429200.0,166808
2023-05-10 21:03:32,CF2307,CF2307,15560.0,1.0,15580.0,-1.0,92,15560.0,15565.0,34,15545.0,15590.0,15605.0,15550.0,5741.0,89444780.0,166807
2023-05-10 21:03:32,CF2307,CF2307,15560.0,0.0,0.0,0.0,62,15560.0,15565.0,34,15545.0,15590.0,15605.0,15550.0,5741.0,89444780.0,166807
2023-05-10 21:03:33,CF2307,CF2307,15560.0,14.0,218120.0,8.0,15,15560.0,15565.0,69,15545.0,15590.0,15605.0,15550.0,5755.0,89662900.0,166815
2023-05-10 21:03:33,CF2307,CF2307,15560.0,0.0,0.0,0.0,15,15560.0,15565.0,171,15545.0,15590.0,15605.0,15550.0,5755.0,89662900.0,166815
2023-05-10 21:03:33,CF2307,CF2307,15560.0,10.0,155800.0,8.0,2,15560.0,15565.0,216,15545.0,15590.0,15605.0,15550.0,5765.0,89818700.0,166823
2023-05-10 21:03:34,CF2307,CF2307,15560.0,2.0,31160.0,1.0,159,15555.0,15560.0,7,15545.0,15590.0,15605.0,15550.0,5767.0,89849860.0,166824
2023-05-10 21:03:34,CF2307,CF2307,15560.0,0.0,0.0,0.0,172,15555.0,15560.0,7,15545.0,15590.0,15605.0,15550.0,5767.0,89849860.0,166824
2023-05-10 21:03:35,CF2307,CF2307,15560.0,10.0,155800.0,-5.0,5,15560.0,15565.0,221,15545.0,15590.0,15605.0,15550.0,5777.0,90005660.0,166819
2023-05-10 21:03:36,CF2307,CF2307,15565.0,17.0,264860.0,1.0,104,15560.0,15565.0,30,15545.0,15590.0,15605.0,15550.0,5794.0,90270520.0,166820
2023-05-10 21:03:36,CF2307,CF2307,15565.0,31.0,482980.0,-9.0,125,15560.0,15570.0,210,15545.0,15590.0,15605.0,15550.0,5825.0,90753500.0,166811
2023-05-10 21:03:37,CF2307,CF2307,15565.0,2.0,31160.0,0.0,4,15565.0,15570.0,190,15545.0,15590.0,15605.0,15550.0,5827.0,90784660.0,166811
2023-05-10 21:03:37,CF2307,CF2307,15565.0,1.0,15580.0,0.0,3,15565.0,15570.0,189,15545.0,15590.0,15605.0,15550.0,5828.0,90800240.0,166811
2023-05-10 21:03:38,CF2307,CF2307,15565.0,2.0,31160.0,0.0,5,15565.0,15570.0,187,15545.0,15590.0,15605.0,15550.0,5830.0,90831400.0,166811
2023-05-10 21:03:38,CF2307,CF2307,15565.0,1.0,15580.0,0.0,5,15565.0,15570.0,187,15545.0,15590.0,15605.0,15550.0,5831.0,90846980.0,166811
2023-05-10 21:03:38,CF2307,CF2307,15565.0,2.0,31160.0,0.0,3,15565.0,15570.0,185,15545.0,15590.0,15605.0,15550.0,5833.0,90878140.0,166811
2023-05-10 21:03:39,CF2307,CF2307,15565.0,0.0,0.0,0.0,13,15565.0,15570.0,185,15545.0,15590.0,15605.0,15550.0,5833.0,90878140.0,166811
2023-05-10 21:03:39,CF2307,CF2307,15565.0,2.0,31160.0,0.0,11,15565.0,15570.0,183,15545.0,15590.0,15605.0,15550.0,5835.0,90909300.0,166811
2023-05-10 21:03:40,CF2307,CF2307,15565.0,0.0,0.0,0.0,12,15565.0,15570.0,183,15545.0,15590.0,15605.0,15550.0,5835.0,90909300.0,166811
2023-05-10 21:03:40,CF2307,CF2307,15565.0,2.0,31160.0,2.0,12,15565.0,15570.0,153,15545.0,15590.0,15605.0,15550.0,5837.0,90940460.0,166813
2023-05-10 21:03:41,CF2307,CF2307,15565.0,2.0,1965.0,2.0,55,15565.0,15570.0,32,15545.0,15590.0,15605.0,15550.0,5839.0,90942425.0,166815
2023-05-10 21:03:42,CF2307,CF2307,15565.0,0.0,0.0,0.0,32,15565.0,15570.0,99,15545.0,15590.0,15605.0,15550.0,5839.0,90942425.0,166815
2023-05-10 21:03:42,CF2307,CF2307,15565.0,0.0,0.0,0.0,32,15565.0,15570.0,140,15545.0,15590.0,15605.0,15550.0,5839.0,90942425.0,166815
2023-05-10 21:03:43,CF2307,CF2307,15565.0,2.0,31150.0,2.0,30,15565.0,15570.0,164,15545.0,15590.0,15605.0,15550.0,5841.0,90973575.0,166817
2023-05-10 21:03:43,CF2307,CF2307,15565.0,36.0,560700.0,34.0,147,15560.0,15565.0,6,15545.0,15590.0,15605.0,15550.0,5877.0,91534275.0,166851
2023-05-10 21:03:44,CF2307,CF2307,15565.0,0.0,0.0,0.0,27,15560.0,15565.0,60,15545.0,15590.0,15605.0,15550.0,5877.0,91534275.0,166851
2023-05-10 21:03:44,CF2307,CF2307,15565.0,0.0,0.0,0.0,27,15560.0,15565.0,75,15545.0,15590.0,15605.0,15550.0,5877.0,91534275.0,166851
2023-05-10 21:03:45,CF2307,CF2307,15565.0,0.0,0.0,0.0,27,15560.0,15565.0,74,15545.0,15590.0,15605.0,15550.0,5877.0,91534275.0,166851
2023-05-10 21:03:45,CF2307,CF2307,15560.0,10.0,155750.0,5.0,17,15560.0,15565.0,78,15545.0,15590.0,15605.0,15550.0,5887.0,91690025.0,166856
2023-05-10 21:03:46,CF2307,CF2307,15560.0,1.0,15575.0,0.0,13,15560.0,15565.0,74,15545.0,15590.0,15605.0,15550.0,5888.0,91705600.0,166856
2023-05-10 21:03:46,CF2307,CF2307,15560.0,0.0,0.0,0.0,13,15560.0,15565.0,79,15545.0,15590.0,15605.0,15550.0,5888.0,91705600.0,166856
2023-05-10 21:03:47,CF2307,CF2307,15560.0,0.0,0.0,0.0,16,15560.0,15565.0,72,15545.0,15590.0,15605.0,15550.0,5888.0,91705600.0,166856
2023-05-10 21:03:47,CF2307,CF2307,15560.0,0.0,0.0,0.0,16,15560.0,15565.0,73,15545.0,15590.0,15605.0,15550.0,5888.0,91705600.0,166856
2023-05-10 21:03:48,CF2307,CF2307,15560.0,0.0,0.0,0.0,16,15560.0,15565.0,70,15545.0,15590.0,15605.0,15550.0,5888.0,91705600.0,166856
2023-05-10 21:03:48,CF2307,CF2307,15560.0,0.0,0.0,0.0,16,15560.0,15565.0,69,15545.0,15590.0,15605.0,15550.0,5888.0,91705600.0,166856
2023-05-10 21:03:49,CF2307,CF2307,15560.0,16.0,249200.0,11.0,198,15555.0,15560.0,1,15545.0,15590.0,15605.0,15550.0,5904.0,91954800.0,166867
2023-05-10 21:03:49,CF2307,CF2307,15560.0,2.0,31150.0,0.0,163,15555.0,15560.0,3,15545.0,15590.0,15605.0,15550.0,5906.0,91985950.0,166867
2023-05-10 21:03:50,CF2307,CF2307,15560.0,0.0,0.0,0.0,88,15555.0,15560.0,29,15545.0,15590.0,15605.0,15550.0,5906.0,91985950.0,166867
2023-05-10 21:03:51,CF2307,CF2307,15560.0,0.0,0.0,0.0,38,15555.0,15560.0,21,15545.0,15590.0,15605.0,15550.0,5906.0,91985950.0,166867
2023-05-10 21:03:51,CF2307,CF2307,15560.0,1.0,15575.0,-1.0,28,15555.0,15560.0,58,15545.0,15590.0,15605.0,15550.0,5907.0,92001525.0,166866
2023-05-10 21:03:51,CF2307,CF2307,15560.0,0.0,0.0,0.0,24,15555.0,15560.0,79,15545.0,15590.0,15605.0,15550.0,5907.0,92001525.0,166866
2023-05-10 21:03:52,CF2307,CF2307,15555.0,14.0,218050.0,6.0,10,15555.0,15560.0,79,15545.0,15590.0,15605.0,15550.0,5921.0,92219575.0,166872
2023-05-10 21:03:53,CF2307,CF2307,15555.0,0.0,0.0,0.0,15,15555.0,15560.0,74,15545.0,15590.0,15605.0,15550.0,5921.0,92219575.0,166872
2023-05-10 21:03:53,CF2307,CF2307,15555.0,0.0,0.0,0.0,19,15555.0,15560.0,70,15545.0,15590.0,15605.0,15550.0,5921.0,92219575.0,166872
2023-05-10 21:03:54,CF2307,CF2307,15560.0,2.0,31150.0,0.0,22,15555.0,15560.0,41,15545.0,15590.0,15605.0,15550.0,5923.0,92250725.0,166872
2023-05-10 21:03:54,CF2307,CF2307,15560.0,0.0,0.0,0.0,72,15555.0,15560.0,11,15545.0,15590.0,15605.0,15550.0,5923.0,92250725.0,166872
2023-05-10 21:03:55,CF2307,CF2307,15560.0,11.0,171325.0,9.0,87,15555.0,15560.0,6,15545.0,15590.0,15605.0,15550.0,5934.0,92422050.0,166881
2023-05-10 21:03:55,CF2307,CF2307,15560.0,2.0,31150.0,2.0,95,15555.0,15560.0,4,15545.0,15590.0,15605.0,15550.0,5936.0,92453200.0,166883
2023-05-10 21:03:56,CF2307,CF2307,15560.0,4.0,62300.0,4.0,45,15555.0,15565.0,167,15545.0,15590.0,15605.0,15550.0,5940.0,92515500.0,166887
2023-05-10 21:03:56,CF2307,CF2307,15560.0,0.0,0.0,0.0,24,15555.0,15560.0,46,15545.0,15590.0,15605.0,15550.0,5940.0,92515500.0,166887
2023-05-10 21:03:56,CF2307,CF2307,15560.0,0.0,0.0,0.0,24,15555.0,15560.0,69,15545.0,15590.0,15605.0,15550.0,5940.0,92515500.0,166887
2023-05-10 21:03:57,CF2307,CF2307,15560.0,0.0,0.0,0.0,24,15555.0,15560.0,79,15545.0,15590.0,15605.0,15550.0,5940.0,92515500.0,166887
2023-05-10 21:03:58,CF2307,CF2307,15560.0,0.0,0.0,0.0,24,15555.0,15560.0,71,15545.0,15590.0,15605.0,15550.0,5940.0,92515500.0,166887
2023-05-10 21:03:58,CF2307,CF2307,15560.0,0.0,0.0,0.0,24,15555.0,15560.0,80,15545.0,15590.0,15605.0,15550.0,5940.0,92515500.0,166887
2023-05-10 21:03:59,CF2307,CF2307,15560.0,0.0,0.0,0.0,23,15555.0,15560.0,80,15545.0,15590.0,15605.0,15550.0,5940.0,92515500.0,166887
2023-05-10 21:04:00,CF2307,CF2307,15560.0,0.0,0.0,0.0,23,15555.0,15560.0,74,15545.0,15590.0,15605.0,15550.0,5940.0,92515500.0,166887
2023-05-10 21:04:00,CF2307,CF2307,15560.0,0.0,0.0,0.0,33,15555.0,15560.0,38,15545.0,15590.0,15605.0,15550.0,5940.0,92515500.0,166887
2023-05-10 21:04:01,CF2307,CF2307,15560.0,0.0,0.0,0.0,23,15555.0,15560.0,71,15545.0,15590.0,15605.0,15550.0,5940.0,92515500.0,166887
2023-05-10 21:04:01,CF2307,CF2307,15560.0,0.0,0.0,0.0,23,15555.0,15560.0,45,15545.0,15590.0,15605.0,15550.0,5940.0,92515500.0,166887
2023-05-10 21:04:01,CF2307,CF2307,15560.0,0.0,0.0,0.0,24,15555.0,15560.0,62,15545.0,15590.0,15605.0,15550.0,5940.0,92515500.0,166887
2023-05-10 21:04:02,CF2307,CF2307,15560.0,0.0,0.0,0.0,24,15555.0,15560.0,69,15545.0,15590.0,15605.0,15550.0,5940.0,92515500.0,166887
2023-05-10 21:04:03,CF2307,CF2307,15555.0,16.0,249200.0,15.0,11,15555.0,15560.0,71,15545.0,15590.0,15605.0,15550.0,5956.0,92764700.0,166902
2023-05-10 21:04:03,CF2307,CF2307,15555.0,11.0,171325.0,10.0,199,15550.0,15555.0,6,15545.0,15590.0,15605.0,15550.0,5967.0,92936025.0,166912
2023-05-10 21:04:04,CF2307,CF2307,15555.0,7.0,109025.0,6.0,152,15550.0,15555.0,3,15545.0,15590.0,15605.0,15550.0,5974.0,93045050.0,166918
2023-05-10 21:04:04,CF2307,CF2307,15555.0,1.0,15575.0,-1.0,142,15550.0,15560.0,168,15545.0,15590.0,15605.0,15550.0,5975.0,93060625.0,166917
2023-05-10 21:04:04,CF2307,CF2307,15555.0,0.0,0.0,0.0,142,15550.0,15560.0,167,15545.0,15590.0,15605.0,15550.0,5975.0,93060625.0,166917
2023-05-10 21:04:05,CF2307,CF2307,15555.0,0.0,0.0,0.0,1,15555.0,15560.0,163,15545.0,15590.0,15605.0,15550.0,5975.0,93060625.0,166917
2023-05-10 21:04:05,CF2307,CF2307,15555.0,0.0,0.0,0.0,7,15555.0,15560.0,113,15545.0,15590.0,15605.0,15550.0,5975.0,93060625.0,166917
2023-05-10 21:04:06,CF2307,CF2307,15555.0,0.0,0.0,0.0,17,15555.0,15560.0,37,15545.0,15590.0,15605.0,15550.0,5975.0,93060625.0,166917
2023-05-10 21:04:07,CF2307,CF2307,15555.0,0.0,0.0,0.0,13,15555.0,15560.0,52,15545.0,15590.0,15605.0,15550.0,5975.0,93060625.0,166917
2023-05-10 21:04:07,CF2307,CF2307,15555.0,0.0,0.0,0.0,17,15555.0,15560.0,78,15545.0,15590.0,15605.0,15550.0,5975.0,93060625.0,166917
2023-05-10 21:04:08,CF2307,CF2307,15555.0,0.0,0.0,0.0,56,15555.0,15560.0,28,15545.0,15590.0,15605.0,15550.0,5975.0,93060625.0,166917
2023-05-10 21:04:08,CF2307,CF2307,15560.0,20.0,311500.0,5.0,1,15560.0,15565.0,168,15545.0,15590.0,15605.0,15550.0,5995.0,93372125.0,166922
2023-05-10 21:04:08,CF2307,CF2307,15560.0,0.0,0.0,0.0,1,15560.0,15565.0,128,15545.0,15590.0,15605.0,15550.0,5995.0,93372125.0,166922
2023-05-10 21:04:09,CF2307,CF2307,15560.0,0.0,0.0,0.0,11,15560.0,15565.0,108,15545.0,15590.0,15605.0,15550.0,5995.0,93372125.0,166922
2023-05-10 21:04:10,CF2307,CF2307,15560.0,0.0,0.0,0.0,14,15560.0,15565.0,99,15545.0,15590.0,15605.0,15550.0,5995.0,93372125.0,166922
2023-05-10 21:04:10,CF2307,CF2307,15560.0,0.0,0.0,0.0,12,15560.0,15565.0,99,15545.0,15590.0,15605.0,15550.0,5995.0,93372125.0,166922
2023-05-10 21:04:12,CF2307,CF2307,15560.0,12.0,186900.0,11.0,154,15555.0,15565.0,88,15545.0,15590.0,15605.0,15550.0,6007.0,93559025.0,166933
2023-05-10 21:04:12,CF2307,CF2307,15560.0,7.0,109025.0,3.0,121,15555.0,15565.0,108,15545.0,15590.0,15605.0,15550.0,6014.0,93668050.0,166936
2023-05-10 21:04:13,CF2307,CF2307,15560.0,1.0,15575.0,-1.0,1,15560.0,15565.0,129,15545.0,15590.0,15605.0,15550.0,6015.0,93683625.0,166935
2023-05-10 21:04:14,CF2307,CF2307,15560.0,3.0,46725.0,0.0,1,15560.0,15565.0,78,15545.0,15590.0,15605.0,15550.0,6018.0,93730350.0,166935
2023-05-10 21:04:14,CF2307,CF2307,15560.0,0.0,0.0,0.0,11,15560.0,15565.0,78,15545.0,15590.0,15605.0,15550.0,6018.0,93730350.0,166935
2023-05-10 21:04:14,CF2307,CF2307,15560.0,0.0,0.0,0.0,21,15560.0,15565.0,78,15545.0,15590.0,15605.0,15550.0,6018.0,93730350.0,166935
2023-05-10 21:04:17,CF2307,CF2307,15560.0,13.0,202475.0,7.0,9,15560.0,15565.0,65,15545.0,15590.0,15605.0,15550.0,6031.0,93932825.0,166942
2023-05-10 21:04:17,CF2307,CF2307,15560.0,0.0,0.0,0.0,8,15560.0,15565.0,65,15545.0,15590.0,15605.0,15550.0,6031.0,93932825.0,166942
2023-05-10 21:04:19,CF2307,CF2307,15560.0,1.0,15575.0,0.0,7,15560.0,15565.0,65,15545.0,15590.0,15605.0,15550.0,6032.0,93948400.0,166942
2023-05-10 21:04:20,CF2307,CF2307,15560.0,0.0,0.0,0.0,15,15560.0,15565.0,65,15545.0,15590.0,15605.0,15550.0,6032.0,93948400.0,166942
2023-05-10 21:04:21,CF2307,CF2307,15560.0,2.0,31150.0,2.0,13,15560.0,15565.0,63,15545.0,15590.0,15605.0,15550.0,6034.0,93979550.0,166944
2023-05-10 21:04:21,CF2307,CF2307,15560.0,0.0,0.0,0.0,18,15560.0,15565.0,63,15545.0,15590.0,15605.0,15550.0,6034.0,93979550.0,166944
2023-05-10 21:04:22,CF2307,CF2307,15560.0,0.0,0.0,0.0,17,15560.0,15565.0,63,15545.0,15590.0,15605.0,15550.0,6034.0,93979550.0,166944
2023-05-10 21:04:23,CF2307,CF2307,15560.0,17.0,264775.0,11.0,180,15555.0,15565.0,190,15545.0,15590.0,15605.0,15550.0,6051.0,94244325.0,166955
2023-05-10 21:04:24,CF2307,CF2307,15565.0,12.0,186900.0,-4.0,1,15560.0,15565.0,278,15545.0,15590.0,15605.0,15550.0,6063.0,94431225.0,166951
2023-05-10 21:04:24,CF2307,CF2307,15560.0,2.0,31150.0,1.0,141,15555.0,15560.0,1,15545.0,15590.0,15605.0,15550.0,6065.0,94462375.0,166952
2023-05-10 21:04:25,CF2307,CF2307,15560.0,4.0,62300.0,1.0,130,15555.0,15565.0,266,15545.0,15590.0,15605.0,15550.0,6069.0,94524675.0,166953
2023-05-10 21:04:25,CF2307,CF2307,15560.0,2.0,31150.0,0.0,110,15555.0,15565.0,258,15545.0,15590.0,15605.0,15550.0,6071.0,94555825.0,166953
2023-05-10 21:04:26,CF2307,CF2307,15560.0,2.0,31150.0,0.0,110,15555.0,15565.0,261,15545.0,15590.0,15605.0,15550.0,6073.0,94586975.0,166953
2023-05-10 21:04:26,CF2307,CF2307,15560.0,1.0,15575.0,-1.0,3,15560.0,15565.0,254,15545.0,15590.0,15605.0,15550.0,6074.0,94602550.0,166952
2023-05-10 21:04:26,CF2307,CF2307,15560.0,0.0,0.0,0.0,13,15560.0,15565.0,243,15545.0,15590.0,15605.0,15550.0,6074.0,94602550.0,166952
2023-05-10 21:04:27,CF2307,CF2307,15560.0,0.0,0.0,0.0,13,15560.0,15565.0,244,15545.0,15590.0,15605.0,15550.0,6074.0,94602550.0,166952
2023-05-10 21:04:27,CF2307,CF2307,15560.0,1.0,15575.0,1.0,12,15560.0,15565.0,245,15545.0,15590.0,15605.0,15550.0,6075.0,94618125.0,166953
2023-05-10 21:04:28,CF2307,CF2307,15560.0,0.0,0.0,0.0,22,15560.0,15565.0,248,15545.0,15590.0,15605.0,15550.0,6075.0,94618125.0,166953
2023-05-10 21:04:29,CF2307,CF2307,15560.0,1.0,15575.0,0.0,21,15560.0,15565.0,247,15545.0,15590.0,15605.0,15550.0,6076.0,94633700.0,166953
2023-05-10 21:04:29,CF2307,CF2307,15560.0,11.0,171325.0,6.0,10,15560.0,15565.0,236,15545.0,15590.0,15605.0,15550.0,6087.0,94805025.0,166959
2023-05-10 21:04:29,CF2307,CF2307,15560.0,3.0,46725.0,3.0,7,15560.0,15565.0,233,15545.0,15590.0,15605.0,15550.0,6090.0,94851750.0,166962
2023-05-10 21:04:30,CF2307,CF2307,15560.0,1.0,15575.0,1.0,6,15560.0,15565.0,232,15545.0,15590.0,15605.0,15550.0,6091.0,94867325.0,166963
2023-05-10 21:04:30,CF2307,CF2307,15560.0,0.0,0.0,0.0,11,15560.0,15565.0,232,15545.0,15590.0,15605.0,15550.0,6091.0,94867325.0,166963
2023-05-10 21:04:31,CF2307,CF2307,15560.0,0.0,0.0,0.0,60,15560.0,15565.0,29,15545.0,15590.0,15605.0,15550.0,6091.0,94867325.0,166963
2023-05-10 21:04:31,CF2307,CF2307,15565.0,3.0,46725.0,0.0,67,15560.0,15565.0,10,15545.0,15590.0,15605.0,15550.0,6094.0,94914050.0,166963
2023-05-10 21:04:32,CF2307,CF2307,15565.0,1.0,15575.0,0.0,66,15560.0,15565.0,9,15545.0,15590.0,15605.0,15550.0,6095.0,94929625.0,166963
2023-05-10 21:04:32,CF2307,CF2307,15565.0,2.0,31150.0,0.0,64,15560.0,15565.0,13,15545.0,15590.0,15605.0,15550.0,6097.0,94960775.0,166963
2023-05-10 21:04:33,CF2307,CF2307,15565.0,1.0,15575.0,0.0,63,15560.0,15565.0,12,15545.0,15590.0,15605.0,15550.0,6098.0,94976350.0,166963
2023-05-10 21:04:34,CF2307,CF2307,15565.0,1.0,15575.0,1.0,62,15560.0,15565.0,11,15545.0,15590.0,15605.0,15550.0,6099.0,94991925.0,166964
2023-05-10 21:04:34,CF2307,CF2307,15565.0,11.0,171325.0,7.0,41,15560.0,15565.0,1,15545.0,15590.0,15605.0,15550.0,6110.0,95163250.0,166971
2023-05-10 21:04:35,CF2307,CF2307,15565.0,3.0,46725.0,0.0,1,15565.0,15570.0,285,15545.0,15590.0,15605.0,15550.0,6113.0,95209975.0,166971
2023-05-10 21:04:36,CF2307,CF2307,15565.0,1.0,15575.0,1.0,75,15560.0,15565.0,1,15545.0,15590.0,15605.0,15550.0,6114.0,95225550.0,166972
2023-05-10 21:04:36,CF2307,CF2307,15565.0,5.0,77875.0,1.0,3,15565.0,15570.0,278,15545.0,15590.0,15605.0,15550.0,6119.0,95303425.0,166973
2023-05-10 21:04:37,CF2307,CF2307,15565.0,5.0,77875.0,-2.0,9,15565.0,15570.0,248,15545.0,15590.0,15605.0,15550.0,6124.0,95381300.0,166971
2023-05-10 21:04:37,CF2307,CF2307,15565.0,3.0,46725.0,-3.0,6,15565.0,15570.0,258,15545.0,15590.0,15605.0,15550.0,6127.0,95428025.0,166968
2023-05-10 21:04:37,CF2307,CF2307,15570.0,1.0,15575.0,1.0,6,15565.0,15570.0,257,15545.0,15590.0,15605.0,15550.0,6128.0,95443600.0,166969
2023-05-10 21:04:41,CF2307,CF2307,15565.0,4.0,62300.0,4.0,56,15560.0,15565.0,48,15545.0,15590.0,15605.0,15550.0,6132.0,95505900.0,166973
2023-05-10 21:04:41,CF2307,CF2307,15565.0,0.0,0.0,0.0,55,15560.0,15565.0,25,15545.0,15590.0,15605.0,15550.0,6132.0,95505900.0,166973
2023-05-10 21:04:41,CF2307,CF2307,15565.0,0.0,0.0,0.0,45,15560.0,15565.0,25,15545.0,15590.0,15605.0,15550.0,6132.0,95505900.0,166973
2023-05-10 21:04:42,CF2307,CF2307,15565.0,6.0,93450.0,6.0,39,15560.0,15565.0,19,15545.0,15590.0,15605.0,15550.0,6138.0,95599350.0,166979
2023-05-10 21:04:43,CF2307,CF2307,15565.0,2.0,31150.0,0.0,47,15560.0,15565.0,3,15545.0,15590.0,15605.0,15550.0,6140.0,95630500.0,166979
2023-05-10 21:04:43,CF2307,CF2307,15565.0,3.0,46725.0,-2.0,68,15560.0,15570.0,296,15545.0,15590.0,15605.0,15550.0,6143.0,95677225.0,166977
2023-05-10 21:04:43,CF2307,CF2307,15570.0,2.0,31150.0,1.0,1,15565.0,15570.0,265,15545.0,15590.0,15605.0,15550.0,6145.0,95708375.0,166978
2023-05-10 21:04:44,CF2307,CF2307,15565.0,5.0,77875.0,0.0,10,15565.0,15570.0,252,15545.0,15590.0,15605.0,15550.0,6150.0,95786250.0,166978
2023-05-10 21:04:45,CF2307,CF2307,15565.0,1.0,15575.0,0.0,16,15565.0,15570.0,251,15545.0,15590.0,15605.0,15550.0,6151.0,95801825.0,166978
2023-05-10 21:04:45,CF2307,CF2307,15565.0,0.0,0.0,0.0,14,15565.0,15570.0,251,15545.0,15590.0,15605.0,15550.0,6151.0,95801825.0,166978
2023-05-10 21:04:47,CF2307,CF2307,15570.0,1.0,15575.0,1.0,70,15565.0,15570.0,53,15545.0,15590.0,15605.0,15550.0,6152.0,95817400.0,166979
2023-05-10 21:04:47,CF2307,CF2307,15570.0,0.0,0.0,0.0,37,15565.0,15570.0,95,15545.0,15590.0,15605.0,15550.0,6152.0,95817400.0,166979
2023-05-10 21:04:47,CF2307,CF2307,15565.0,1.0,15575.0,0.0,24,15565.0,15570.0,188,15545.0,15590.0,15605.0,15550.0,6153.0,95832975.0,166979
2023-05-10 21:04:48,CF2307,CF2307,15565.0,5.0,77875.0,5.0,19,15565.0,15570.0,220,15545.0,15590.0,15605.0,15550.0,6158.0,95910850.0,166984
2023-05-10 21:04:49,CF2307,CF2307,15570.0,1.0,15575.0,1.0,19,15565.0,15570.0,216,15545.0,15590.0,15605.0,15550.0,6159.0,95926425.0,166985
2023-05-10 21:04:49,CF2307,CF2307,15565.0,2.0,31150.0,2.0,18,15565.0,15570.0,204,15545.0,15590.0,15605.0,15550.0,6161.0,95957575.0,166987
2023-05-10 21:04:50,CF2307,CF2307,15565.0,0.0,0.0,0.0,23,15565.0,15570.0,145,15545.0,15590.0,15605.0,15550.0,6161.0,95957575.0,166987
2023-05-10 21:04:50,CF2307,CF2307,15565.0,0.0,0.0,0.0,48,15565.0,15570.0,44,15545.0,15590.0,15605.0,15550.0,6161.0,95957575.0,166987
2023-05-10 21:04:51,CF2307,CF2307,15565.0,0.0,0.0,0.0,31,15565.0,15570.0,35,15545.0,15590.0,15605.0,15550.0,6161.0,95957575.0,166987
2023-05-10 21:04:51,CF2307,CF2307,15565.0,0.0,0.0,0.0,29,15565.0,15570.0,100,15545.0,15590.0,15605.0,15550.0,6161.0,95957575.0,166987
2023-05-10 21:04:52,CF2307,CF2307,15565.0,0.0,0.0,0.0,25,15565.0,15570.0,144,15545.0,15590.0,15605.0,15550.0,6161.0,95957575.0,166987
2023-05-10 21:04:52,CF2307,CF2307,15565.0,0.0,0.0,0.0,32,15565.0,15570.0,94,15545.0,15590.0,15605.0,15550.0,6161.0,95957575.0,166987
2023-05-10 21:04:53,CF2307,CF2307,15570.0,2.0,31150.0,1.0,25,15565.0,15570.0,53,15545.0,15590.0,15605.0,15550.0,6163.0,95988725.0,166988
2023-05-10 21:04:53,CF2307,CF2307,15565.0,5.0,77875.0,4.0,24,15565.0,15570.0,88,15545.0,15590.0,15605.0,15550.0,6168.0,96066600.0,166992
2023-05-10 21:04:53,CF2307,CF2307,15565.0,0.0,0.0,0.0,30,15565.0,15570.0,151,15545.0,15590.0,15605.0,15550.0,6168.0,96066600.0,166992
2023-05-10 21:04:54,CF2307,CF2307,15565.0,0.0,0.0,0.0,26,15565.0,15570.0,194,15545.0,15590.0,15605.0,15550.0,6168.0,96066600.0,166992
2023-05-10 21:04:55,CF2307,CF2307,15565.0,0.0,0.0,0.0,25,15565.0,15570.0,193,15545.0,15590.0,15605.0,15550.0,6168.0,96066600.0,166992
2023-05-10 21:04:55,CF2307,CF2307,15565.0,0.0,0.0,0.0,11,15565.0,15570.0,199,15545.0,15590.0,15605.0,15550.0,6168.0,96066600.0,166992
2023-05-10 21:04:55,CF2307,CF2307,15565.0,1.0,15575.0,1.0,9,15565.0,15570.0,207,15545.0,15590.0,15605.0,15550.0,6169.0,96082175.0,166993
2023-05-10 21:04:56,CF2307,CF2307,15565.0,10.0,155750.0,1.0,134,15560.0,15570.0,212,15545.0,15590.0,15605.0,15550.0,6179.0,96237925.0,166994
2023-05-10 21:04:57,CF2307,CF2307,15565.0,2.0,31150.0,0.0,104,15560.0,15570.0,210,15545.0,15590.0,15605.0,15550.0,6181.0,96269075.0,166994
2023-05-10 21:04:57,CF2307,CF2307,15565.0,2.0,31150.0,1.0,94,15560.0,15570.0,227,15545.0,15590.0,15605.0,15550.0,6183.0,96300225.0,166995
2023-05-10 21:04:58,CF2307,CF2307,15565.0,2.0,31150.0,0.0,74,15560.0,15570.0,239,15545.0,15590.0,15605.0,15550.0,6185.0,96331375.0,166995
2023-05-10 21:04:58,CF2307,CF2307,15565.0,0.0,0.0,0.0,64,15560.0,15565.0,7,15545.0,15590.0,15605.0,15550.0,6185.0,96331375.0,166995
2023-05-10 21:05:00,CF2307,CF2307,15565.0,8.0,124600.0,7.0,236,15560.0,15565.0,7,15545.0,15590.0,15605.0,15550.0,6193.0,96455975.0,167002
2023-05-10 21:05:00,CF2307,CF2307,15565.0,11.0,171325.0,2.0,100,15560.0,15565.0,8,15545.0,15590.0,15605.0,15550.0,6204.0,96627300.0,167004
2023-05-10 21:05:01,CF2307,CF2307,15565.0,16.0,249200.0,11.0,48,15560.0,15570.0,261,15545.0,15590.0,15605.0,15550.0,6220.0,96876500.0,167015
2023-05-10 21:05:01,CF2307,CF2307,15565.0,1.0,15575.0,-1.0,1,15565.0,15570.0,233,15545.0,15590.0,15605.0,15550.0,6221.0,96892075.0,167014
2023-05-10 21:05:01,CF2307,CF2307,15565.0,3.0,46725.0,-2.0,4,15565.0,15570.0,231,15545.0,15590.0,15605.0,15550.0,6224.0,96938800.0,167012
2023-05-10 21:05:02,CF2307,CF2307,15565.0,0.0,0.0,0.0,4,15565.0,15570.0,241,15545.0,15590.0,15605.0,15550.0,6224.0,96938800.0,167012
2023-05-10 21:05:02,CF2307,CF2307,15565.0,1.0,15575.0,0.0,3,15565.0,15570.0,241,15545.0,15590.0,15605.0,15550.0,6225.0,96954375.0,167012
2023-05-10 21:05:03,CF2307,CF2307,15565.0,0.0,0.0,0.0,3,15565.0,15570.0,240,15545.0,15590.0,15605.0,15550.0,6225.0,96954375.0,167012
2023-05-10 21:05:04,CF2307,CF2307,15565.0,0.0,0.0,0.0,21,15565.0,15570.0,238,15545.0,15590.0,15605.0,15550.0,6225.0,96954375.0,167012
2023-05-10 21:05:04,CF2307,CF2307,15565.0,12.0,186900.0,9.0,14,15565.0,15570.0,220,15545.0,15590.0,15605.0,15550.0,6237.0,97141275.0,167021
2023-05-10 21:05:04,CF2307,CF2307,15565.0,0.0,0.0,0.0,20,15565.0,15570.0,220,15545.0,15590.0,15605.0,15550.0,6237.0,97141275.0,167021
2023-05-10 21:05:05,CF2307,CF2307,15565.0,1.0,15575.0,1.0,19,15565.0,15570.0,219,15545.0,15590.0,15605.0,15550.0,6238.0,97156850.0,167022
2023-05-10 21:05:06,CF2307,CF2307,15570.0,153.0,2382975.0,-64.0,39,15570.0,15575.0,174,15545.0,15590.0,15605.0,15550.0,6391.0,99539825.0,166958
2023-05-10 21:05:06,CF2307,CF2307,15570.0,6.0,93450.0,0.0,38,15570.0,15575.0,145,15545.0,15590.0,15605.0,15550.0,6397.0,99633275.0,166958
2023-05-10 21:05:07,CF2307,CF2307,15570.0,38.0,591850.0,-3.0,260,15565.0,15575.0,113,15545.0,15590.0,15605.0,15550.0,6435.0,100225125.0,166955
2023-05-10 21:05:07,CF2307,CF2307,15570.0,0.0,0.0,0.0,16,15570.0,15575.0,143,15545.0,15590.0,15605.0,15550.0,6435.0,100225125.0,166955
2023-05-10 21:05:08,CF2307,CF2307,15570.0,22.0,342650.0,15.0,285,15565.0,15575.0,113,15545.0,15590.0,15605.0,15550.0,6457.0,100567775.0,166970
2023-05-10 21:05:08,CF2307,CF2307,15570.0,3.0,46725.0,-1.0,5,15570.0,15575.0,113,15545.0,15590.0,15605.0,15550.0,6460.0,100614500.0,166969
2023-05-10 21:05:09,CF2307,CF2307,15570.0,12.0,186900.0,8.0,282,15565.0,15570.0,1,15545.0,15590.0,15605.0,15550.0,6472.0,100801400.0,166977
2023-05-10 21:05:09,CF2307,CF2307,15570.0,1.0,15575.0,0.0,3,15570.0,15575.0,114,15545.0,15590.0,15605.0,15550.0,6473.0,100816975.0,166977
2023-05-10 21:05:10,CF2307,CF2307,15570.0,0.0,0.0,0.0,9,15570.0,15575.0,74,15545.0,15590.0,15605.0,15550.0,6473.0,100816975.0,166977
2023-05-10 21:05:10,CF2307,CF2307,15570.0,5.0,77875.0,0.0,4,15570.0,15575.0,60,15545.0,15590.0,15605.0,15550.0,6478.0,100894850.0,166977
2023-05-10 21:05:11,CF2307,CF2307,15570.0,4.0,62300.0,0.0,1,15570.0,15575.0,56,15545.0,15590.0,15605.0,15550.0,6482.0,100957150.0,166977
2023-05-10 21:05:11,CF2307,CF2307,15570.0,0.0,0.0,0.0,23,15570.0,15575.0,56,15545.0,15590.0,15605.0,15550.0,6482.0,100957150.0,166977
2023-05-10 21:05:12,CF2307,CF2307,15570.0,0.0,0.0,0.0,26,15570.0,15575.0,56,15545.0,15590.0,15605.0,15550.0,6482.0,100957150.0,166977
2023-05-10 21:05:12,CF2307,CF2307,15570.0,0.0,0.0,0.0,25,15570.0,15575.0,56,15545.0,15590.0,15605.0,15550.0,6482.0,100957150.0,166977
2023-05-10 21:05:13,CF2307,CF2307,15570.0,0.0,0.0,0.0,25,15570.0,15575.0,46,15545.0,15590.0,15605.0,15550.0,6482.0,100957150.0,166977
2023-05-10 21:05:13,CF2307,CF2307,15570.0,0.0,0.0,0.0,16,15570.0,15575.0,46,15545.0,15590.0,15605.0,15550.0,6482.0,100957150.0,166977
2023-05-10 21:05:14,CF2307,CF2307,15570.0,0.0,0.0,0.0,18,15570.0,15575.0,56,15545.0,15590.0,15605.0,15550.0,6482.0,100957150.0,166977
2023-05-10 21:05:14,CF2307,CF2307,15570.0,0.0,0.0,0.0,13,15570.0,15575.0,58,15545.0,15590.0,15605.0,15550.0,6482.0,100957150.0,166977
2023-05-10 21:05:15,CF2307,CF2307,15570.0,0.0,0.0,0.0,13,15570.0,15575.0,57,15545.0,15590.0,15605.0,15550.0,6482.0,100957150.0,166977
2023-05-10 21:05:16,CF2307,CF2307,15570.0,3.0,46725.0,0.0,14,15570.0,15575.0,56,15545.0,15590.0,15605.0,15550.0,6485.0,101003875.0,166977
2023-05-10 21:05:16,CF2307,CF2307,15570.0,4.0,62300.0,-4.0,10,15570.0,15575.0,57,15545.0,15590.0,15605.0,15550.0,6489.0,101066175.0,166973
2023-05-10 21:05:17,CF2307,CF2307,15570.0,5.0,77875.0,4.0,6,15570.0,15575.0,52,15545.0,15590.0,15605.0,15550.0,6494.0,101144050.0,166977
2023-05-10 21:05:17,CF2307,CF2307,15570.0,10.0,155750.0,-1.0,2,15570.0,15575.0,192,15545.0,15590.0,15605.0,15550.0,6504.0,101299800.0,166976
2023-05-10 21:05:18,CF2307,CF2307,15570.0,3.0,46725.0,-2.0,1,15570.0,15575.0,262,15545.0,15590.0,15605.0,15550.0,6507.0,101346525.0,166974
2023-05-10 21:05:18,CF2307,CF2307,15570.0,8.0,124600.0,0.0,2,15570.0,15575.0,246,15545.0,15590.0,15605.0,15550.0,6515.0,101471125.0,166974
2023-05-10 21:05:19,CF2307,CF2307,15570.0,2.0,31150.0,-1.0,7,15570.0,15575.0,234,15545.0,15590.0,15605.0,15550.0,6517.0,101502275.0,166973
2023-05-10 21:05:20,CF2307,CF2307,15570.0,1.0,15575.0,0.0,12,15570.0,15575.0,225,15545.0,15590.0,15605.0,15550.0,6518.0,101517850.0,166973
2023-05-10 21:05:20,CF2307,CF2307,15575.0,47.0,732025.0,23.0,10,15575.0,15580.0,243,15545.0,15590.0,15605.0,15550.0,6565.0,102249875.0,166996
2023-05-10 21:05:20,CF2307,CF2307,15575.0,20.0,311500.0,-10.0,10,15575.0,15580.0,176,15545.0,15590.0,15605.0,15550.0,6585.0,102561375.0,166986
2023-05-10 21:05:21,CF2307,CF2307,15575.0,11.0,171325.0,0.0,1,15575.0,15580.0,205,15545.0,15590.0,15605.0,15550.0,6596.0,102732700.0,166986
2023-05-10 21:05:22,CF2307,CF2307,15575.0,2.0,31150.0,0.0,1,15575.0,15580.0,205,15545.0,15590.0,15605.0,15550.0,6598.0,102763850.0,166986
2023-05-10 21:05:22,CF2307,CF2307,15575.0,2.0,31150.0,-1.0,418,15570.0,15580.0,195,15545.0,15590.0,15605.0,15550.0,6600.0,102795000.0,166985
2023-05-10 21:05:23,CF2307,CF2307,15575.0,2.0,31150.0,0.0,420,15570.0,15580.0,215,15545.0,15590.0,15605.0,15550.0,6602.0,102826150.0,166985
2023-05-10 21:05:23,CF2307,CF2307,15575.0,4.0,62300.0,1.0,388,15570.0,15580.0,225,15545.0,15590.0,15605.0,15550.0,6606.0,102888450.0,166986
2023-05-10 21:05:24,CF2307,CF2307,15575.0,2.0,31150.0,0.0,418,15570.0,15580.0,225,15545.0,15590.0,15605.0,15550.0,6608.0,102919600.0,166986
2023-05-10 21:05:24,CF2307,CF2307,15575.0,4.0,62300.0,-3.0,425,15570.0,15580.0,226,15545.0,15590.0,15605.0,15550.0,6612.0,102981900.0,166983
2023-05-10 21:05:25,CF2307,CF2307,15575.0,2.0,31150.0,0.0,436,15570.0,15580.0,225,15545.0,15590.0,15605.0,15550.0,6614.0,103013050.0,166983
2023-05-10 21:05:25,CF2307,CF2307,15575.0,2.0,31150.0,-1.0,196,15570.0,15575.0,70,15545.0,15590.0,15605.0,15550.0,6616.0,103044200.0,166982
2023-05-10 21:05:26,CF2307,CF2307,15575.0,0.0,0.0,0.0,96,15570.0,15575.0,38,15545.0,15590.0,15605.0,15550.0,6616.0,103044200.0,166982
2023-05-10 21:05:26,CF2307,CF2307,15575.0,0.0,0.0,0.0,77,15570.0,15575.0,26,15545.0,15590.0,15605.0,15550.0,6616.0,103044200.0,166982
2023-05-10 21:05:27,CF2307,CF2307,15575.0,0.0,0.0,0.0,77,15570.0,15575.0,83,15545.0,15590.0,15605.0,15550.0,6616.0,103044200.0,166982
2023-05-10 21:05:27,CF2307,CF2307,15575.0,0.0,0.0,0.0,78,15570.0,15575.0,57,15545.0,15590.0,15605.0,15550.0,6616.0,103044200.0,166982
2023-05-10 21:05:28,CF2307,CF2307,15575.0,0.0,0.0,0.0,113,15570.0,15575.0,24,15545.0,15590.0,15605.0,15550.0,6616.0,103044200.0,166982
2023-05-10 21:05:28,CF2307,CF2307,15575.0,11.0,171325.0,-6.0,265,15570.0,15575.0,5,15545.0,15590.0,15605.0,15550.0,6627.0,103215525.0,166976
2023-05-10 21:05:29,CF2307,CF2307,15575.0,2.0,31150.0,0.0,271,15570.0,15575.0,4,15545.0,15590.0,15605.0,15550.0,6629.0,103246675.0,166976
2023-05-10 21:05:29,CF2307,CF2307,15575.0,2.0,31150.0,0.0,271,15570.0,15575.0,2,15545.0,15590.0,15605.0,15550.0,6631.0,103277825.0,166976
2023-05-10 21:05:29,CF2307,CF2307,15575.0,2.0,31150.0,0.0,268,15570.0,15575.0,7,15545.0,15590.0,15605.0,15550.0,6633.0,103308975.0,166976
2023-05-10 21:05:30,CF2307,CF2307,15575.0,3.0,46725.0,0.0,268,15570.0,15575.0,5,15545.0,15590.0,15605.0,15550.0,6636.0,103355700.0,166976
2023-05-10 21:05:30,CF2307,CF2307,15575.0,5.0,77875.0,0.0,165,15570.0,15575.0,19,15545.0,15590.0,15605.0,15550.0,6641.0,103433575.0,166976
2023-05-10 21:05:31,CF2307,CF2307,15575.0,0.0,0.0,0.0,85,15570.0,15575.0,91,15545.0,15590.0,15605.0,15550.0,6641.0,103433575.0,166976
2023-05-10 21:05:32,CF2307,CF2307,15570.0,62.0,965650.0,46.0,400,15565.0,15575.0,187,15545.0,15590.0,15605.0,15550.0,6703.0,104399225.0,167022
2023-05-10 21:05:32,CF2307,CF2307,15570.0,7.0,109025.0,0.0,275,15565.0,15570.0,6,15545.0,15590.0,15605.0,15550.0,6710.0,104508250.0,167022
2023-05-10 21:05:33,CF2307,CF2307,15570.0,7.0,109025.0,2.0,281,15565.0,15570.0,5,15545.0,15590.0,15605.0,15550.0,6717.0,104617275.0,167024
2023-05-10 21:05:33,CF2307,CF2307,15570.0,6.0,93450.0,6.0,283,15565.0,15570.0,7,15545.0,15590.0,15605.0,15550.0,6723.0,104710725.0,167030
2023-05-10 21:05:34,CF2307,CF2307,15570.0,9.0,140175.0,7.0,283,15565.0,15570.0,3,15545.0,15590.0,15605.0,15550.0,6732.0,104850900.0,167037
2023-05-10 21:05:34,CF2307,CF2307,15570.0,4.0,62300.0,2.0,7,15570.0,15575.0,242,15545.0,15590.0,15605.0,15550.0,6736.0,104913200.0,167039
2023-05-10 21:05:35,CF2307,CF2307,15570.0,7.0,109025.0,2.0,307,15565.0,15570.0,7,15545.0,15590.0,15605.0,15550.0,6743.0,105022225.0,167041
2023-05-10 21:05:35,CF2307,CF2307,15570.0,0.0,0.0,0.0,298,15565.0,15570.0,12,15545.0,15590.0,15605.0,15550.0,6743.0,105022225.0,167041
2023-05-10 21:05:36,CF2307,CF2307,15570.0,5.0,77875.0,-2.0,309,15565.0,15570.0,8,15545.0,15590.0,15605.0,15550.0,6748.0,105100100.0,167039
2023-05-10 21:05:36,CF2307,CF2307,15570.0,1.0,15575.0,0.0,300,15565.0,15570.0,7,15545.0,15590.0,15605.0,15550.0,6749.0,105115675.0,167039
2023-05-10 21:05:37,CF2307,CF2307,15570.0,2.0,31150.0,0.0,305,15565.0,15570.0,5,15545.0,15590.0,15605.0,15550.0,6751.0,105146825.0,167039
2023-05-10 21:05:37,CF2307,CF2307,15570.0,1.0,15575.0,-1.0,144,15565.0,15570.0,55,15545.0,15590.0,15605.0,15550.0,6752.0,105162400.0,167038
2023-05-10 21:05:37,CF2307,CF2307,15570.0,0.0,0.0,0.0,60,15565.0,15570.0,174,15545.0,15590.0,15605.0,15550.0,6752.0,105162400.0,167038
2023-05-10 21:05:38,CF2307,CF2307,15565.0,46.0,716450.0,13.0,68,15560.0,15565.0,42,15545.0,15590.0,15605.0,15550.0,6798.0,105878850.0,167051
2023-05-10 21:05:39,CF2307,CF2307,15565.0,22.0,342650.0,-10.0,180,15560.0,15565.0,1,15545.0,15590.0,15605.0,15550.0,6820.0,106221500.0,167041
2023-05-10 21:05:39,CF2307,CF2307,15565.0,3.0,46725.0,0.0,5,15565.0,15570.0,253,15545.0,15590.0,15605.0,15550.0,6823.0,106268225.0,167041
2023-05-10 21:05:39,CF2307,CF2307,15565.0,0.0,0.0,0.0,12,15565.0,15570.0,238,15545.0,15590.0,15605.0,15550.0,6823.0,106268225.0,167041
2023-05-10 21:05:40,CF2307,CF2307,15565.0,0.0,0.0,0.0,12,15565.0,15570.0,237,15545.0,15590.0,15605.0,15550.0,6823.0,106268225.0,167041
2023-05-10 21:05:41,CF2307,CF2307,15565.0,0.0,0.0,0.0,17,15565.0,15570.0,232,15545.0,15590.0,15605.0,15550.0,6823.0,106268225.0,167041
2023-05-10 21:05:42,CF2307,CF2307,15565.0,0.0,0.0,0.0,87,15565.0,15570.0,78,15545.0,15590.0,15605.0,15550.0,6823.0,106268225.0,167041
2023-05-10 21:05:43,CF2307,CF2307,15565.0,0.0,0.0,0.0,64,15565.0,15570.0,38,15545.0,15590.0,15605.0,15550.0,6823.0,106268225.0,167041
2023-05-10 21:05:43,CF2307,CF2307,15565.0,0.0,0.0,0.0,33,15565.0,15570.0,100,15545.0,15590.0,15605.0,15550.0,6823.0,106268225.0,167041
2023-05-10 21:05:44,CF2307,CF2307,15565.0,0.0,0.0,0.0,31,15565.0,15570.0,111,15545.0,15590.0,15605.0,15550.0,6823.0,106268225.0,167041
2023-05-10 21:05:44,CF2307,CF2307,15565.0,0.0,0.0,0.0,32,15565.0,15570.0,114,15545.0,15590.0,15605.0,15550.0,6823.0,106268225.0,167041
2023-05-10 21:05:45,CF2307,CF2307,15565.0,0.0,0.0,0.0,32,15565.0,15570.0,112,15545.0,15590.0,15605.0,15550.0,6823.0,106268225.0,167041
2023-05-10 21:05:46,CF2307,CF2307,15565.0,0.0,0.0,0.0,29,15565.0,15570.0,110,15545.0,15590.0,15605.0,15550.0,6823.0,106268225.0,167041
2023-05-10 21:05:47,CF2307,CF2307,15565.0,0.0,0.0,0.0,32,15565.0,15570.0,118,15545.0,15590.0,15605.0,15550.0,6823.0,106268225.0,167041
2023-05-10 21:05:47,CF2307,CF2307,15565.0,0.0,0.0,0.0,32,15565.0,15570.0,127,15545.0,15590.0,15605.0,15550.0,6823.0,106268225.0,167041
2023-05-10 21:05:47,CF2307,CF2307,15565.0,0.0,0.0,0.0,32,15565.0,15570.0,150,15545.0,15590.0,15605.0,15550.0,6823.0,106268225.0,167041
2023-05-10 21:05:48,CF2307,CF2307,15565.0,0.0,0.0,0.0,31,15565.0,15570.0,169,15545.0,15590.0,15605.0,15550.0,6823.0,106268225.0,167041
2023-05-10 21:05:48,CF2307,CF2307,15565.0,0.0,0.0,0.0,31,15565.0,15570.0,168,15545.0,15590.0,15605.0,15550.0,6823.0,106268225.0,167041
2023-05-10 21:05:49,CF2307,CF2307,15565.0,0.0,0.0,0.0,31,15565.0,15570.0,185,15545.0,15590.0,15605.0,15550.0,6823.0,106268225.0,167041
2023-05-10 21:05:50,CF2307,CF2307,15565.0,0.0,0.0,0.0,31,15565.0,15570.0,175,15545.0,15590.0,15605.0,15550.0,6823.0,106268225.0,167041
2023-05-10 21:05:50,CF2307,CF2307,15565.0,0.0,0.0,0.0,31,15565.0,15570.0,190,15545.0,15590.0,15605.0,15550.0,6823.0,106268225.0,167041
2023-05-10 21:05:51,CF2307,CF2307,15570.0,1.0,15575.0,0.0,31,15565.0,15570.0,172,15545.0,15590.0,15605.0,15550.0,6824.0,106283800.0,167041
2023-05-10 21:05:51,CF2307,CF2307,15570.0,0.0,0.0,0.0,24,15565.0,15570.0,149,15545.0,15590.0,15605.0,15550.0,6824.0,106283800.0,167041
2023-05-10 21:05:52,CF2307,CF2307,15565.0,30.0,467250.0,4.0,284,15560.0,15565.0,5,15545.0,15590.0,15605.0,15550.0,6854.0,106751050.0,167045
2023-05-10 21:05:52,CF2307,CF2307,15565.0,5.0,77875.0,0.0,265,15560.0,15565.0,4,15545.0,15590.0,15605.0,15550.0,6859.0,106828925.0,167045
2023-05-10 21:05:53,CF2307,CF2307,15565.0,0.0,0.0,0.0,272,15560.0,15570.0,198,15545.0,15590.0,15605.0,15550.0,6859.0,106828925.0,167045
2023-05-10 21:05:53,CF2307,CF2307,15565.0,2.0,31150.0,-2.0,247,15560.0,15570.0,212,15545.0,15590.0,15605.0,15550.0,6861.0,106860075.0,167043
2023-05-10 21:05:54,CF2307,CF2307,15565.0,0.0,0.0,0.0,9,15565.0,15570.0,192,15545.0,15590.0,15605.0,15550.0,6861.0,106860075.0,167043
2023-05-10 21:05:54,CF2307,CF2307,15565.0,6.0,93450.0,-6.0,280,15560.0,15570.0,192,15545.0,15590.0,15605.0,15550.0,6867.0,106953525.0,167037
2023-05-10 21:05:54,CF2307,CF2307,15565.0,1.0,15575.0,1.0,131,15560.0,15565.0,42,15545.0,15590.0,15605.0,15550.0,6868.0,106969100.0,167038
2023-05-10 21:05:55,CF2307,CF2307,15565.0,1.0,15575.0,1.0,136,15560.0,15565.0,11,15545.0,15590.0,15605.0,15550.0,6869.0,106984675.0,167039
2023-05-10 21:05:55,CF2307,CF2307,15565.0,5.0,77875.0,-1.0,22,15565.0,15570.0,219,15545.0,15590.0,15605.0,15550.0,6874.0,107062550.0,167038
2023-05-10 21:05:56,CF2307,CF2307,15565.0,0.0,0.0,0.0,20,15565.0,15570.0,219,15545.0,15590.0,15605.0,15550.0,6874.0,107062550.0,167038
2023-05-10 21:05:56,CF2307,CF2307,15565.0,1.0,15575.0,-1.0,18,15565.0,15570.0,220,15545.0,15590.0,15605.0,15550.0,6875.0,107078125.0,167037
2023-05-10 21:05:57,CF2307,CF2307,15565.0,0.0,0.0,0.0,23,15565.0,15570.0,220,15545.0,15590.0,15605.0,15550.0,6875.0,107078125.0,167037
2023-05-10 21:05:57,CF2307,CF2307,15565.0,9.0,140175.0,-4.0,8,15565.0,15570.0,211,15545.0,15590.0,15605.0,15550.0,6884.0,107218300.0,167033
2023-05-10 21:05:59,CF2307,CF2307,15565.0,5.0,77875.0,0.0,271,15560.0,15570.0,206,15545.0,15590.0,15605.0,15550.0,6889.0,107296175.0,167033
2023-05-10 21:05:59,CF2307,CF2307,15565.0,0.0,0.0,0.0,223,15560.0,15565.0,4,15545.0,15590.0,15605.0,15550.0,6889.0,107296175.0,167033
2023-05-10 21:05:59,CF2307,CF2307,15565.0,0.0,0.0,0.0,211,15560.0,15565.0,11,15545.0,15590.0,15605.0,15550.0,6889.0,107296175.0,167033
2023-05-10 21:06:00,CF2307,CF2307,15565.0,0.0,0.0,0.0,214,15560.0,15565.0,11,15545.0,15590.0,15605.0,15550.0,6889.0,107296175.0,167033
2023-05-10 21:06:00,CF2307,CF2307,15565.0,0.0,0.0,0.0,135,15560.0,15565.0,12,15545.0,15590.0,15605.0,15550.0,6889.0,107296175.0,167033
2023-05-10 21:06:01,CF2307,CF2307,15565.0,0.0,0.0,0.0,144,15560.0,15565.0,4,15545.0,15590.0,15605.0,15550.0,6889.0,107296175.0,167033
