time,symbol_id,symbol_name,last,trade_volume,trade_amount,open_interest_change,bv1,bp1,ap1,av1,yesterday_close,today_open,today_high,today_low,volume,amount,open_interest
2023-05-10 20:59:00,cu2401,cu2401,66850.0,0.0,0.0,0.0,1,66550.0,66750.0,1,66850.0,66660.0,0.0,0.0,0.0,0.0,2455
2023-05-10 21:00:00,cu2401,cu2401,66850.0,0.0,0.0,0.0,1,66550.0,66670.0,1,66850.0,66660.0,0.0,0.0,0.0,0.0,2455
2023-05-10 21:00:01,cu2401,cu2401,66850.0,0.0,0.0,0.0,2,66560.0,66750.0,1,66850.0,66660.0,0.0,0.0,0.0,0.0,2455
2023-05-10 21:00:01,cu2401,cu2401,66850.0,0.0,0.0,0.0,1,66560.0,66710.0,1,66850.0,66660.0,0.0,0.0,0.0,0.0,2455
2023-05-10 21:00:02,cu2401,cu2401,66850.0,0.0,0.0,0.0,3,66560.0,66710.0,1,66850.0,66660.0,0.0,0.0,0.0,0.0,2455
2023-05-10 21:00:02,cu2401,cu2401,66850.0,0.0,0.0,0.0,2,66560.0,66740.0,2,66850.0,66660.0,0.0,0.0,0.0,0.0,2455
2023-05-10 21:00:03,cu2401,cu2401,66850.0,0.0,0.0,0.0,2,66560.0,66660.0,1,66850.0,66660.0,0.0,0.0,0.0,0.0,2455
2023-05-10 21:00:03,cu2401,cu2401,66850.0,0.0,0.0,0.0,2,66560.0,66720.0,1,66850.0,66660.0,0.0,0.0,0.0,0.0,2455
2023-05-10 21:00:04,cu2401,cu2401,66850.0,0.0,0.0,0.0,2,66560.0,66670.0,1,66850.0,66660.0,0.0,0.0,0.0,0.0,2455
2023-05-10 21:00:04,cu2401,cu2401,66850.0,0.0,0.0,0.0,1,66660.0,66670.0,1,66850.0,66660.0,0.0,0.0,0.0,0.0,2455
2023-05-10 21:00:05,cu2401,cu2401,66660.0,1.0,333300.0,0.0,2,66570.0,66720.0,1,66850.0,66660.0,66660.0,66660.0,1.0,333300.0,2455
2023-05-10 21:00:05,cu2401,cu2401,66660.0,0.0,0.0,0.0,2,66610.0,66710.0,1,66850.0,66660.0,66660.0,66660.0,1.0,333300.0,2455
2023-05-10 21:00:06,cu2401,cu2401,66660.0,0.0,0.0,0.0,2,66610.0,66700.0,1,66850.0,66660.0,66660.0,66660.0,1.0,333300.0,2455
2023-05-10 21:00:06,cu2401,cu2401,66660.0,0.0,0.0,0.0,2,66610.0,66690.0,6,66850.0,66660.0,66660.0,66660.0,1.0,333300.0,2455
2023-05-10 21:00:07,cu2401,cu2401,66660.0,0.0,0.0,0.0,2,66610.0,66680.0,4,66850.0,66660.0,66660.0,66660.0,1.0,333300.0,2455
2023-05-10 21:00:07,cu2401,cu2401,66660.0,0.0,0.0,0.0,2,66610.0,66710.0,2,66850.0,66660.0,66660.0,66660.0,1.0,333300.0,2455
2023-05-10 21:00:08,cu2401,cu2401,66660.0,0.0,0.0,0.0,2,66610.0,66700.0,12,66850.0,66660.0,66660.0,66660.0,1.0,333300.0,2455
2023-05-10 21:00:08,cu2401,cu2401,66660.0,0.0,0.0,0.0,2,66610.0,66690.0,1,66850.0,66660.0,66660.0,66660.0,1.0,333300.0,2455
2023-05-10 21:00:09,cu2401,cu2401,66660.0,0.0,0.0,0.0,2,66610.0,66680.0,11,66850.0,66660.0,66660.0,66660.0,1.0,333300.0,2455
2023-05-10 21:00:09,cu2401,cu2401,66660.0,0.0,0.0,0.0,2,66610.0,66810.0,1,66850.0,66660.0,66660.0,66660.0,1.0,333300.0,2455
2023-05-10 21:00:10,cu2401,cu2401,66660.0,0.0,0.0,0.0,2,66610.0,66720.0,1,66850.0,66660.0,66660.0,66660.0,1.0,333300.0,2455
2023-05-10 21:00:10,cu2401,cu2401,66660.0,0.0,0.0,0.0,3,66610.0,66690.0,2,66850.0,66660.0,66660.0,66660.0,1.0,333300.0,2455
2023-05-10 21:00:11,cu2401,cu2401,66660.0,0.0,0.0,0.0,2,66610.0,66690.0,2,66850.0,66660.0,66660.0,66660.0,1.0,333300.0,2455
2023-05-10 21:00:11,cu2401,cu2401,66660.0,0.0,0.0,0.0,2,66610.0,66690.0,2,66850.0,66660.0,66660.0,66660.0,1.0,333300.0,2455
2023-05-10 21:00:12,cu2401,cu2401,66660.0,0.0,0.0,0.0,2,66610.0,66690.0,2,66850.0,66660.0,66660.0,66660.0,1.0,333300.0,2455
2023-05-10 21:00:13,cu2401,cu2401,66660.0,0.0,0.0,0.0,2,66610.0,66690.0,2,66850.0,66660.0,66660.0,66660.0,1.0,333300.0,2455
2023-05-10 21:00:16,cu2401,cu2401,66660.0,0.0,0.0,0.0,3,66610.0,66720.0,1,66850.0,66660.0,66660.0,66660.0,1.0,333300.0,2455
2023-05-10 21:00:17,cu2401,cu2401,66660.0,0.0,0.0,0.0,2,66610.0,66710.0,26,66850.0,66660.0,66660.0,66660.0,1.0,333300.0,2455
2023-05-10 21:00:17,cu2401,cu2401,66660.0,0.0,0.0,0.0,2,66610.0,66700.0,1,66850.0,66660.0,66660.0,66660.0,1.0,333300.0,2455
2023-05-10 21:00:18,cu2401,cu2401,66660.0,0.0,0.0,0.0,2,66610.0,66700.0,1,66850.0,66660.0,66660.0,66660.0,1.0,333300.0,2455
2023-05-10 21:00:18,cu2401,cu2401,66660.0,0.0,0.0,0.0,3,66610.0,66700.0,1,66850.0,66660.0,66660.0,66660.0,1.0,333300.0,2455
2023-05-10 21:00:19,cu2401,cu2401,66660.0,0.0,0.0,0.0,2,66610.0,66710.0,2,66850.0,66660.0,66660.0,66660.0,1.0,333300.0,2455
2023-05-10 21:00:19,cu2401,cu2401,66660.0,0.0,0.0,0.0,2,66610.0,66700.0,32,66850.0,66660.0,66660.0,66660.0,1.0,333300.0,2455
2023-05-10 21:00:20,cu2401,cu2401,66660.0,0.0,0.0,0.0,2,66610.0,66690.0,1,66850.0,66660.0,66660.0,66660.0,1.0,333300.0,2455
2023-05-10 21:00:20,cu2401,cu2401,66660.0,0.0,0.0,0.0,2,66610.0,66700.0,3,66850.0,66660.0,66660.0,66660.0,1.0,333300.0,2455
2023-05-10 21:00:21,cu2401,cu2401,66660.0,0.0,0.0,0.0,2,66610.0,66690.0,6,66850.0,66660.0,66660.0,66660.0,1.0,333300.0,2455
2023-05-10 21:00:21,cu2401,cu2401,66660.0,0.0,0.0,0.0,2,66610.0,66680.0,2,66850.0,66660.0,66660.0,66660.0,1.0,333300.0,2455
2023-05-10 21:00:22,cu2401,cu2401,66660.0,0.0,0.0,0.0,2,66610.0,66680.0,15,66850.0,66660.0,66660.0,66660.0,1.0,333300.0,2455
2023-05-10 21:00:22,cu2401,cu2401,66660.0,0.0,0.0,0.0,2,66610.0,66700.0,1,66850.0,66660.0,66660.0,66660.0,1.0,333300.0,2455
2023-05-10 21:00:23,cu2401,cu2401,66660.0,0.0,0.0,0.0,2,66610.0,66690.0,14,66850.0,66660.0,66660.0,66660.0,1.0,333300.0,2455
2023-05-10 21:00:23,cu2401,cu2401,66660.0,0.0,0.0,0.0,2,66610.0,66690.0,24,66850.0,66660.0,66660.0,66660.0,1.0,333300.0,2455
2023-05-10 21:00:24,cu2401,cu2401,66660.0,0.0,0.0,0.0,2,66610.0,66690.0,24,66850.0,66660.0,66660.0,66660.0,1.0,333300.0,2455
2023-05-10 21:00:24,cu2401,cu2401,66660.0,0.0,0.0,0.0,2,66610.0,66690.0,2,66850.0,66660.0,66660.0,66660.0,1.0,333300.0,2455
2023-05-10 21:00:26,cu2401,cu2401,66660.0,0.0,0.0,0.0,2,66610.0,66690.0,3,66850.0,66660.0,66660.0,66660.0,1.0,333300.0,2455
2023-05-10 21:00:26,cu2401,cu2401,66660.0,0.0,0.0,0.0,2,66610.0,66690.0,3,66850.0,66660.0,66660.0,66660.0,1.0,333300.0,2455
2023-05-10 21:00:27,cu2401,cu2401,66660.0,0.0,0.0,0.0,2,66610.0,66690.0,3,66850.0,66660.0,66660.0,66660.0,1.0,333300.0,2455
2023-05-10 21:00:27,cu2401,cu2401,66660.0,0.0,0.0,0.0,2,66610.0,66680.0,37,66850.0,66660.0,66660.0,66660.0,1.0,333300.0,2455
2023-05-10 21:00:28,cu2401,cu2401,66660.0,0.0,0.0,0.0,2,66610.0,66810.0,1,66850.0,66660.0,66660.0,66660.0,1.0,333300.0,2455
2023-05-10 21:00:28,cu2401,cu2401,66660.0,0.0,0.0,0.0,2,66610.0,66670.0,2,66850.0,66660.0,66660.0,66660.0,1.0,333300.0,2455
2023-05-10 21:00:29,cu2401,cu2401,66660.0,0.0,0.0,0.0,2,66610.0,66670.0,2,66850.0,66660.0,66660.0,66660.0,1.0,333300.0,2455
2023-05-10 21:00:29,cu2401,cu2401,66660.0,0.0,0.0,0.0,2,66610.0,66670.0,2,66850.0,66660.0,66660.0,66660.0,1.0,333300.0,2455
2023-05-10 21:00:30,cu2401,cu2401,66660.0,0.0,0.0,0.0,2,66610.0,66670.0,2,66850.0,66660.0,66660.0,66660.0,1.0,333300.0,2455
2023-05-10 21:00:31,cu2401,cu2401,66660.0,0.0,0.0,0.0,2,66610.0,66810.0,3,66850.0,66660.0,66660.0,66660.0,1.0,333300.0,2455
2023-05-10 21:00:31,cu2401,cu2401,66660.0,0.0,0.0,0.0,2,66610.0,66720.0,1,66850.0,66660.0,66660.0,66660.0,1.0,333300.0,2455
2023-05-10 21:00:32,cu2401,cu2401,66660.0,0.0,0.0,0.0,2,66610.0,66710.0,9,66850.0,66660.0,66660.0,66660.0,1.0,333300.0,2455
2023-05-10 21:00:32,cu2401,cu2401,66660.0,0.0,0.0,0.0,2,66610.0,66700.0,6,66850.0,66660.0,66660.0,66660.0,1.0,333300.0,2455
2023-05-10 21:00:33,cu2401,cu2401,66660.0,0.0,0.0,0.0,2,66610.0,66700.0,6,66850.0,66660.0,66660.0,66660.0,1.0,333300.0,2455
2023-05-10 21:00:34,cu2401,cu2401,66660.0,0.0,0.0,0.0,2,66610.0,66690.0,30,66850.0,66660.0,66660.0,66660.0,1.0,333300.0,2455
2023-05-10 21:00:34,cu2401,cu2401,66660.0,0.0,0.0,0.0,2,66610.0,66690.0,35,66850.0,66660.0,66660.0,66660.0,1.0,333300.0,2455
2023-05-10 21:00:35,cu2401,cu2401,66660.0,0.0,0.0,0.0,2,66610.0,66680.0,2,66850.0,66660.0,66660.0,66660.0,1.0,333300.0,2455
2023-05-10 21:00:35,cu2401,cu2401,66660.0,0.0,0.0,0.0,2,66610.0,66670.0,5,66850.0,66660.0,66660.0,66660.0,1.0,333300.0,2455
2023-05-10 21:00:36,cu2401,cu2401,66660.0,0.0,0.0,0.0,2,66610.0,66670.0,3,66850.0,66660.0,66660.0,66660.0,1.0,333300.0,2455
2023-05-10 21:00:36,cu2401,cu2401,66660.0,0.0,0.0,0.0,2,66610.0,66680.0,2,66850.0,66660.0,66660.0,66660.0,1.0,333300.0,2455
2023-05-10 21:00:39,cu2401,cu2401,66660.0,0.0,0.0,0.0,2,66610.0,66670.0,31,66850.0,66660.0,66660.0,66660.0,1.0,333300.0,2455
2023-05-10 21:00:39,cu2401,cu2401,66660.0,0.0,0.0,0.0,2,66610.0,66660.0,3,66850.0,66660.0,66660.0,66660.0,1.0,333300.0,2455
2023-05-10 21:00:40,cu2401,cu2401,66660.0,0.0,0.0,0.0,2,66610.0,66810.0,1,66850.0,66660.0,66660.0,66660.0,1.0,333300.0,2455
2023-05-10 21:00:40,cu2401,cu2401,66660.0,0.0,0.0,0.0,2,66610.0,66660.0,2,66850.0,66660.0,66660.0,66660.0,1.0,333300.0,2455
2023-05-10 21:00:41,cu2401,cu2401,66660.0,0.0,0.0,0.0,2,66610.0,66660.0,2,66850.0,66660.0,66660.0,66660.0,1.0,333300.0,2455
2023-05-10 21:00:42,cu2401,cu2401,66660.0,0.0,0.0,0.0,2,66610.0,66660.0,2,66850.0,66660.0,66660.0,66660.0,1.0,333300.0,2455
2023-05-10 21:00:43,cu2401,cu2401,66660.0,0.0,0.0,0.0,2,66610.0,66700.0,1,66850.0,66660.0,66660.0,66660.0,1.0,333300.0,2455
2023-05-10 21:00:43,cu2401,cu2401,66660.0,0.0,0.0,0.0,2,66610.0,66690.0,40,66850.0,66660.0,66660.0,66660.0,1.0,333300.0,2455
2023-05-10 21:00:44,cu2401,cu2401,66660.0,0.0,0.0,0.0,2,66610.0,66680.0,1,66850.0,66660.0,66660.0,66660.0,1.0,333300.0,2455
2023-05-10 21:00:44,cu2401,cu2401,66660.0,0.0,0.0,0.0,2,66610.0,66670.0,6,66850.0,66660.0,66660.0,66660.0,1.0,333300.0,2455
2023-05-10 21:00:45,cu2401,cu2401,66660.0,0.0,0.0,0.0,1,66550.0,66670.0,16,66850.0,66660.0,66660.0,66660.0,1.0,333300.0,2455
2023-05-10 21:00:45,cu2401,cu2401,66660.0,0.0,0.0,0.0,1,66580.0,66670.0,16,66850.0,66660.0,66660.0,66660.0,1.0,333300.0,2455
2023-05-10 21:00:46,cu2401,cu2401,66660.0,0.0,0.0,0.0,1,66580.0,66670.0,16,66850.0,66660.0,66660.0,66660.0,1.0,333300.0,2455
2023-05-10 21:00:46,cu2401,cu2401,66660.0,0.0,0.0,0.0,1,66550.0,66660.0,2,66850.0,66660.0,66660.0,66660.0,1.0,333300.0,2455
2023-05-10 21:00:47,cu2401,cu2401,66660.0,0.0,0.0,0.0,1,66560.0,66660.0,2,66850.0,66660.0,66660.0,66660.0,1.0,333300.0,2455
2023-05-10 21:00:49,cu2401,cu2401,66660.0,0.0,0.0,0.0,1,66560.0,66650.0,38,66850.0,66660.0,66660.0,66660.0,1.0,333300.0,2455
2023-05-10 21:00:50,cu2401,cu2401,66660.0,0.0,0.0,0.0,1,66550.0,66650.0,38,66850.0,66660.0,66660.0,66660.0,1.0,333300.0,2455
2023-05-10 21:00:50,cu2401,cu2401,66660.0,0.0,0.0,0.0,1,66550.0,66650.0,39,66850.0,66660.0,66660.0,66660.0,1.0,333300.0,2455
2023-05-10 21:00:51,cu2401,cu2401,66660.0,0.0,0.0,0.0,1,66550.0,66640.0,3,66850.0,66660.0,66660.0,66660.0,1.0,333300.0,2455
2023-05-10 21:00:51,cu2401,cu2401,66660.0,0.0,0.0,0.0,1,66550.0,66630.0,14,66850.0,66660.0,66660.0,66660.0,1.0,333300.0,2455
2023-05-10 21:00:52,cu2401,cu2401,66660.0,0.0,0.0,0.0,1,66550.0,66640.0,2,66850.0,66660.0,66660.0,66660.0,1.0,333300.0,2455
2023-05-10 21:00:52,cu2401,cu2401,66660.0,0.0,0.0,0.0,1,66550.0,66630.0,25,66850.0,66660.0,66660.0,66660.0,1.0,333300.0,2455
2023-05-10 21:00:53,cu2401,cu2401,66660.0,0.0,0.0,0.0,1,66550.0,66630.0,27,66850.0,66660.0,66660.0,66660.0,1.0,333300.0,2455
2023-05-10 21:00:53,cu2401,cu2401,66660.0,0.0,0.0,0.0,1,66550.0,66620.0,6,66850.0,66660.0,66660.0,66660.0,1.0,333300.0,2455
2023-05-10 21:00:54,cu2401,cu2401,66660.0,0.0,0.0,0.0,1,66550.0,66610.0,5,66850.0,66660.0,66660.0,66660.0,1.0,333300.0,2455
2023-05-10 21:00:54,cu2401,cu2401,66660.0,0.0,0.0,0.0,1,66550.0,66610.0,20,66850.0,66660.0,66660.0,66660.0,1.0,333300.0,2455
2023-05-10 21:00:55,cu2401,cu2401,66660.0,0.0,0.0,0.0,1,66550.0,66610.0,20,66850.0,66660.0,66660.0,66660.0,1.0,333300.0,2455
2023-05-10 21:00:56,cu2401,cu2401,66660.0,0.0,0.0,0.0,1,66550.0,66810.0,1,66850.0,66660.0,66660.0,66660.0,1.0,333300.0,2455
2023-05-10 21:00:57,cu2401,cu2401,66660.0,0.0,0.0,0.0,1,66550.0,66670.0,1,66850.0,66660.0,66660.0,66660.0,1.0,333300.0,2455
2023-05-10 21:00:57,cu2401,cu2401,66660.0,0.0,0.0,0.0,1,66550.0,66660.0,6,66850.0,66660.0,66660.0,66660.0,1.0,333300.0,2455
2023-05-10 21:00:58,cu2401,cu2401,66660.0,0.0,0.0,0.0,1,66550.0,66650.0,13,66850.0,66660.0,66660.0,66660.0,1.0,333300.0,2455
2023-05-10 21:00:58,cu2401,cu2401,66660.0,0.0,0.0,0.0,1,66550.0,66640.0,2,66850.0,66660.0,66660.0,66660.0,1.0,333300.0,2455
2023-05-10 21:00:59,cu2401,cu2401,66660.0,0.0,0.0,0.0,1,66550.0,66640.0,31,66850.0,66660.0,66660.0,66660.0,1.0,333300.0,2455
2023-05-10 21:00:59,cu2401,cu2401,66660.0,0.0,0.0,0.0,1,66550.0,66630.0,7,66850.0,66660.0,66660.0,66660.0,1.0,333300.0,2455
2023-05-10 21:01:00,cu2401,cu2401,66660.0,0.0,0.0,0.0,1,66550.0,66620.0,2,66850.0,66660.0,66660.0,66660.0,1.0,333300.0,2455
2023-05-10 21:01:00,cu2401,cu2401,66660.0,0.0,0.0,0.0,2,66550.0,66620.0,7,66850.0,66660.0,66660.0,66660.0,1.0,333300.0,2455
2023-05-10 21:01:01,cu2401,cu2401,66660.0,0.0,0.0,0.0,1,66550.0,66620.0,7,66850.0,66660.0,66660.0,66660.0,1.0,333300.0,2455
2023-05-10 21:01:01,cu2401,cu2401,66660.0,0.0,0.0,0.0,2,66550.0,66620.0,7,66850.0,66660.0,66660.0,66660.0,1.0,333300.0,2455
2023-05-10 21:01:02,cu2401,cu2401,66660.0,0.0,0.0,0.0,2,66550.0,66620.0,5,66850.0,66660.0,66660.0,66660.0,1.0,333300.0,2455
2023-05-10 21:01:04,cu2401,cu2401,66660.0,0.0,0.0,0.0,1,66550.0,66620.0,5,66850.0,66660.0,66660.0,66660.0,1.0,333300.0,2455
2023-05-10 21:01:05,cu2401,cu2401,66660.0,0.0,0.0,0.0,2,66550.0,66620.0,5,66850.0,66660.0,66660.0,66660.0,1.0,333300.0,2455
2023-05-10 21:01:06,cu2401,cu2401,66660.0,0.0,0.0,0.0,2,66550.0,66620.0,7,66850.0,66660.0,66660.0,66660.0,1.0,333300.0,2455
2023-05-10 21:01:07,cu2401,cu2401,66660.0,0.0,0.0,0.0,1,66550.0,66620.0,7,66850.0,66660.0,66660.0,66660.0,1.0,333300.0,2455
2023-05-10 21:01:08,cu2401,cu2401,66660.0,0.0,0.0,0.0,1,66550.0,66610.0,31,66850.0,66660.0,66660.0,66660.0,1.0,333300.0,2455
2023-05-10 21:01:08,cu2401,cu2401,66660.0,0.0,0.0,0.0,1,66550.0,66610.0,35,66850.0,66660.0,66660.0,66660.0,1.0,333300.0,2455
2023-05-10 21:01:09,cu2401,cu2401,66660.0,0.0,0.0,0.0,1,66550.0,66610.0,36,66850.0,66660.0,66660.0,66660.0,1.0,333300.0,2455
2023-05-10 21:01:09,cu2401,cu2401,66660.0,0.0,0.0,0.0,1,66550.0,66600.0,6,66850.0,66660.0,66660.0,66660.0,1.0,333300.0,2455
2023-05-10 21:01:10,cu2401,cu2401,66660.0,0.0,0.0,0.0,1,66550.0,66590.0,6,66850.0,66660.0,66660.0,66660.0,1.0,333300.0,2455
2023-05-10 21:01:10,cu2401,cu2401,66660.0,0.0,0.0,0.0,1,66550.0,66650.0,1,66850.0,66660.0,66660.0,66660.0,1.0,333300.0,2455
2023-05-10 21:01:11,cu2401,cu2401,66660.0,0.0,0.0,0.0,1,66550.0,66640.0,44,66850.0,66660.0,66660.0,66660.0,1.0,333300.0,2455
2023-05-10 21:01:11,cu2401,cu2401,66660.0,0.0,0.0,0.0,1,66550.0,66630.0,7,66850.0,66660.0,66660.0,66660.0,1.0,333300.0,2455
2023-05-10 21:01:12,cu2401,cu2401,66660.0,0.0,0.0,0.0,1,66550.0,66620.0,6,66850.0,66660.0,66660.0,66660.0,1.0,333300.0,2455
2023-05-10 21:01:12,cu2401,cu2401,66660.0,0.0,0.0,0.0,1,66550.0,66610.0,19,66850.0,66660.0,66660.0,66660.0,1.0,333300.0,2455
2023-05-10 21:01:13,cu2401,cu2401,66660.0,0.0,0.0,0.0,1,66550.0,66610.0,21,66850.0,66660.0,66660.0,66660.0,1.0,333300.0,2455
2023-05-10 21:01:13,cu2401,cu2401,66660.0,0.0,0.0,0.0,1,66550.0,66610.0,26,66850.0,66660.0,66660.0,66660.0,1.0,333300.0,2455
2023-05-10 21:01:15,cu2401,cu2401,66660.0,0.0,0.0,0.0,1,66610.0,66650.0,2,66850.0,66660.0,66660.0,66660.0,1.0,333300.0,2455
2023-05-10 21:01:15,cu2401,cu2401,66660.0,0.0,0.0,0.0,1,66610.0,66640.0,41,66850.0,66660.0,66660.0,66660.0,1.0,333300.0,2455
2023-05-10 21:01:16,cu2401,cu2401,66660.0,0.0,0.0,0.0,1,66610.0,66640.0,40,66850.0,66660.0,66660.0,66660.0,1.0,333300.0,2455
2023-05-10 21:01:18,cu2401,cu2401,66660.0,0.0,0.0,0.0,1,66610.0,66640.0,40,66850.0,66660.0,66660.0,66660.0,1.0,333300.0,2455
2023-05-10 21:01:18,cu2401,cu2401,66660.0,0.0,0.0,0.0,1,66610.0,66640.0,40,66850.0,66660.0,66660.0,66660.0,1.0,333300.0,2455
2023-05-10 21:01:19,cu2401,cu2401,66660.0,0.0,0.0,0.0,1,66610.0,66640.0,40,66850.0,66660.0,66660.0,66660.0,1.0,333300.0,2455
2023-05-10 21:01:19,cu2401,cu2401,66660.0,0.0,0.0,0.0,1,66610.0,66640.0,40,66850.0,66660.0,66660.0,66660.0,1.0,333300.0,2455
2023-05-10 21:01:20,cu2401,cu2401,66660.0,0.0,0.0,0.0,1,66610.0,66640.0,40,66850.0,66660.0,66660.0,66660.0,1.0,333300.0,2455
2023-05-10 21:01:22,cu2401,cu2401,66660.0,0.0,0.0,0.0,1,66610.0,66640.0,40,66850.0,66660.0,66660.0,66660.0,1.0,333300.0,2455
2023-05-10 21:01:22,cu2401,cu2401,66660.0,0.0,0.0,0.0,1,66610.0,66640.0,40,66850.0,66660.0,66660.0,66660.0,1.0,333300.0,2455
2023-05-10 21:01:23,cu2401,cu2401,66660.0,0.0,0.0,0.0,1,66610.0,66640.0,40,66850.0,66660.0,66660.0,66660.0,1.0,333300.0,2455
2023-05-10 21:01:23,cu2401,cu2401,66660.0,0.0,0.0,0.0,1,66610.0,66640.0,40,66850.0,66660.0,66660.0,66660.0,1.0,333300.0,2455
2023-05-10 21:01:24,cu2401,cu2401,66610.0,1.0,333050.0,0.0,1,66550.0,66610.0,1,66850.0,66660.0,66660.0,66610.0,2.0,666350.0,2455
2023-05-10 21:01:24,cu2401,cu2401,66610.0,0.0,0.0,0.0,1,66550.0,66610.0,1,66850.0,66660.0,66660.0,66610.0,2.0,666350.0,2455
2023-05-10 21:01:25,cu2401,cu2401,66610.0,0.0,0.0,0.0,1,66550.0,66610.0,3,66850.0,66660.0,66660.0,66610.0,2.0,666350.0,2455
2023-05-10 21:01:30,cu2401,cu2401,66610.0,0.0,0.0,0.0,1,66550.0,66610.0,1,66850.0,66660.0,66660.0,66610.0,2.0,666350.0,2455
2023-05-10 21:01:30,cu2401,cu2401,66610.0,0.0,0.0,0.0,1,66550.0,66600.0,2,66850.0,66660.0,66660.0,66610.0,2.0,666350.0,2455
2023-05-10 21:01:33,cu2401,cu2401,66610.0,0.0,0.0,0.0,1,66550.0,66610.0,1,66850.0,66660.0,66660.0,66610.0,2.0,666350.0,2455
2023-05-10 21:01:33,cu2401,cu2401,66610.0,0.0,0.0,0.0,1,66550.0,66600.0,41,66850.0,66660.0,66660.0,66610.0,2.0,666350.0,2455
2023-05-10 21:01:34,cu2401,cu2401,66610.0,0.0,0.0,0.0,1,66550.0,66600.0,42,66850.0,66660.0,66660.0,66610.0,2.0,666350.0,2455
2023-05-10 21:01:36,cu2401,cu2401,66610.0,0.0,0.0,0.0,1,66550.0,66590.0,8,66850.0,66660.0,66660.0,66610.0,2.0,666350.0,2455
2023-05-10 21:01:36,cu2401,cu2401,66610.0,0.0,0.0,0.0,1,66550.0,66580.0,2,66850.0,66660.0,66660.0,66610.0,2.0,666350.0,2455
2023-05-10 21:01:37,cu2401,cu2401,66610.0,0.0,0.0,0.0,1,66550.0,66580.0,5,66850.0,66660.0,66660.0,66610.0,2.0,666350.0,2455
2023-05-10 21:01:37,cu2401,cu2401,66610.0,0.0,0.0,0.0,1,66550.0,66610.0,1,66850.0,66660.0,66660.0,66610.0,2.0,666350.0,2455
2023-05-10 21:01:38,cu2401,cu2401,66610.0,0.0,0.0,0.0,1,66550.0,66600.0,44,66850.0,66660.0,66660.0,66610.0,2.0,666350.0,2455
2023-05-10 21:01:38,cu2401,cu2401,66610.0,0.0,0.0,0.0,1,66550.0,66600.0,2,66850.0,66660.0,66660.0,66610.0,2.0,666350.0,2455
2023-05-10 21:01:45,cu2401,cu2401,66610.0,0.0,0.0,0.0,1,66550.0,66590.0,44,66850.0,66660.0,66660.0,66610.0,2.0,666350.0,2455
2023-05-10 21:01:46,cu2401,cu2401,66610.0,0.0,0.0,0.0,1,66550.0,66590.0,44,66850.0,66660.0,66660.0,66610.0,2.0,666350.0,2455
2023-05-10 21:01:49,cu2401,cu2401,66610.0,0.0,0.0,0.0,1,66550.0,66610.0,1,66850.0,66660.0,66660.0,66610.0,2.0,666350.0,2455
2023-05-10 21:01:49,cu2401,cu2401,66610.0,0.0,0.0,0.0,1,66550.0,66600.0,49,66850.0,66660.0,66660.0,66610.0,2.0,666350.0,2455
2023-05-10 21:01:51,cu2401,cu2401,66610.0,0.0,0.0,0.0,1,66550.0,66590.0,7,66850.0,66660.0,66660.0,66610.0,2.0,666350.0,2455
2023-05-10 21:01:51,cu2401,cu2401,66610.0,0.0,0.0,0.0,1,66550.0,66590.0,1,66850.0,66660.0,66660.0,66610.0,2.0,666350.0,2455
2023-05-10 21:01:52,cu2401,cu2401,66610.0,0.0,0.0,0.0,1,66550.0,66610.0,1,66850.0,66660.0,66660.0,66610.0,2.0,666350.0,2455
2023-05-10 21:01:52,cu2401,cu2401,66610.0,0.0,0.0,0.0,1,66550.0,66600.0,55,66850.0,66660.0,66660.0,66610.0,2.0,666350.0,2455
2023-05-10 21:01:53,cu2401,cu2401,66610.0,0.0,0.0,0.0,1,66550.0,66590.0,1,66850.0,66660.0,66660.0,66610.0,2.0,666350.0,2455
2023-05-10 21:01:53,cu2401,cu2401,66610.0,0.0,0.0,0.0,1,66550.0,66590.0,1,66850.0,66660.0,66660.0,66610.0,2.0,666350.0,2455
2023-05-10 21:01:55,cu2401,cu2401,66610.0,0.0,0.0,0.0,1,66550.0,66590.0,1,66850.0,66660.0,66660.0,66610.0,2.0,666350.0,2455
2023-05-10 21:01:55,cu2401,cu2401,66610.0,0.0,0.0,0.0,1,66550.0,66590.0,3,66850.0,66660.0,66660.0,66610.0,2.0,666350.0,2455
2023-05-10 21:01:58,cu2401,cu2401,66610.0,0.0,0.0,0.0,1,66550.0,66580.0,40,66850.0,66660.0,66660.0,66610.0,2.0,666350.0,2455
2023-05-10 21:01:58,cu2401,cu2401,66610.0,0.0,0.0,0.0,1,66550.0,66580.0,42,66850.0,66660.0,66660.0,66610.0,2.0,666350.0,2455
2023-05-10 21:01:59,cu2401,cu2401,66610.0,0.0,0.0,0.0,1,66550.0,66580.0,2,66850.0,66660.0,66660.0,66610.0,2.0,666350.0,2455
2023-05-10 21:02:25,cu2401,cu2401,66550.0,1.0,332750.0,1.0,2,66520.0,66580.0,2,66850.0,66660.0,66660.0,66550.0,3.0,999100.0,2456
2023-05-10 21:02:25,cu2401,cu2401,66550.0,0.0,0.0,0.0,2,66520.0,66570.0,63,66850.0,66660.0,66660.0,66550.0,3.0,999100.0,2456
2023-05-10 21:02:26,cu2401,cu2401,66550.0,0.0,0.0,0.0,2,66520.0,66560.0,1,66850.0,66660.0,66660.0,66550.0,3.0,999100.0,2456
2023-05-10 21:02:26,cu2401,cu2401,66550.0,0.0,0.0,0.0,2,66520.0,66560.0,2,66850.0,66660.0,66660.0,66550.0,3.0,999100.0,2456
2023-05-10 21:02:27,cu2401,cu2401,66550.0,0.0,0.0,0.0,2,66520.0,66560.0,2,66850.0,66660.0,66660.0,66550.0,3.0,999100.0,2456
2023-05-10 21:02:28,cu2401,cu2401,66550.0,0.0,0.0,0.0,2,66520.0,66560.0,2,66850.0,66660.0,66660.0,66550.0,3.0,999100.0,2456
2023-05-10 21:02:28,cu2401,cu2401,66550.0,0.0,0.0,0.0,2,66520.0,66560.0,2,66850.0,66660.0,66660.0,66550.0,3.0,999100.0,2456
2023-05-10 21:02:29,cu2401,cu2401,66550.0,0.0,0.0,0.0,2,66520.0,66560.0,2,66850.0,66660.0,66660.0,66550.0,3.0,999100.0,2456
2023-05-10 21:02:33,cu2401,cu2401,66550.0,0.0,0.0,0.0,2,66520.0,66560.0,2,66850.0,66660.0,66660.0,66550.0,3.0,999100.0,2456
2023-05-10 21:02:36,cu2401,cu2401,66550.0,0.0,0.0,0.0,2,66520.0,66710.0,1,66850.0,66660.0,66660.0,66550.0,3.0,999100.0,2456
2023-05-10 21:02:37,cu2401,cu2401,66550.0,0.0,0.0,0.0,2,66520.0,66550.0,5,66850.0,66660.0,66660.0,66550.0,3.0,999100.0,2456
2023-05-10 21:02:37,cu2401,cu2401,66550.0,0.0,0.0,0.0,2,66520.0,66550.0,5,66850.0,66660.0,66660.0,66550.0,3.0,999100.0,2456
2023-05-10 21:02:39,cu2401,cu2401,66550.0,0.0,0.0,0.0,2,66520.0,66550.0,5,66850.0,66660.0,66660.0,66550.0,3.0,999100.0,2456
2023-05-10 21:02:40,cu2401,cu2401,66550.0,0.0,0.0,0.0,2,66520.0,66550.0,7,66850.0,66660.0,66660.0,66550.0,3.0,999100.0,2456
2023-05-10 21:02:42,cu2401,cu2401,66550.0,0.0,0.0,0.0,2,66520.0,66550.0,5,66850.0,66660.0,66660.0,66550.0,3.0,999100.0,2456
2023-05-10 21:02:43,cu2401,cu2401,66550.0,0.0,0.0,0.0,2,66520.0,66540.0,2,66850.0,66660.0,66660.0,66550.0,3.0,999100.0,2456
2023-05-10 21:02:43,cu2401,cu2401,66550.0,0.0,0.0,0.0,2,66520.0,66540.0,2,66850.0,66660.0,66660.0,66550.0,3.0,999100.0,2456
2023-05-10 21:02:46,cu2401,cu2401,66550.0,0.0,0.0,0.0,2,66520.0,66540.0,2,66850.0,66660.0,66660.0,66550.0,3.0,999100.0,2456
2023-05-10 21:02:46,cu2401,cu2401,66520.0,1.0,332600.0,0.0,1,66520.0,66540.0,2,66850.0,66660.0,66660.0,66520.0,4.0,1331700.0,2456
2023-05-10 21:02:47,cu2401,cu2401,66520.0,0.0,0.0,0.0,1,66520.0,66540.0,2,66850.0,66660.0,66660.0,66520.0,4.0,1331700.0,2456
2023-05-10 21:02:48,cu2401,cu2401,66520.0,0.0,0.0,0.0,1,66520.0,66540.0,2,66850.0,66660.0,66660.0,66520.0,4.0,1331700.0,2456
2023-05-10 21:02:48,cu2401,cu2401,66520.0,1.0,332600.0,0.0,1,66380.0,66540.0,2,66850.0,66660.0,66660.0,66520.0,5.0,1664300.0,2456
2023-05-10 21:02:49,cu2401,cu2401,66520.0,0.0,0.0,0.0,1,66430.0,66530.0,52,66850.0,66660.0,66660.0,66520.0,5.0,1664300.0,2456
2023-05-10 21:02:49,cu2401,cu2401,66430.0,1.0,332150.0,0.0,3,66400.0,66710.0,1,66850.0,66660.0,66660.0,66430.0,6.0,1996450.0,2456
2023-05-10 21:02:50,cu2401,cu2401,66430.0,0.0,0.0,0.0,2,66410.0,66500.0,1,66850.0,66660.0,66660.0,66430.0,6.0,1996450.0,2456
2023-05-10 21:02:50,cu2401,cu2401,66430.0,0.0,0.0,0.0,3,66410.0,66500.0,1,66850.0,66660.0,66660.0,66430.0,6.0,1996450.0,2456
2023-05-10 21:02:51,cu2401,cu2401,66430.0,0.0,0.0,0.0,2,66410.0,66500.0,1,66850.0,66660.0,66660.0,66430.0,6.0,1996450.0,2456
2023-05-10 21:02:51,cu2401,cu2401,66430.0,0.0,0.0,0.0,4,66420.0,66500.0,1,66850.0,66660.0,66660.0,66430.0,6.0,1996450.0,2456
2023-05-10 21:02:52,cu2401,cu2401,66430.0,0.0,0.0,0.0,5,66420.0,66500.0,1,66850.0,66660.0,66660.0,66430.0,6.0,1996450.0,2456
2023-05-10 21:02:52,cu2401,cu2401,66430.0,0.0,0.0,0.0,5,66420.0,66500.0,1,66850.0,66660.0,66660.0,66430.0,6.0,1996450.0,2456
2023-05-10 21:02:53,cu2401,cu2401,66430.0,0.0,0.0,0.0,5,66420.0,66500.0,1,66850.0,66660.0,66660.0,66430.0,6.0,1996450.0,2456
2023-05-10 21:02:53,cu2401,cu2401,66430.0,0.0,0.0,0.0,5,66420.0,66500.0,1,66850.0,66660.0,66660.0,66430.0,6.0,1996450.0,2456
2023-05-10 21:02:58,cu2401,cu2401,66430.0,0.0,0.0,0.0,5,66420.0,66500.0,1,66850.0,66660.0,66660.0,66430.0,6.0,1996450.0,2456
2023-05-10 21:02:59,cu2401,cu2401,66430.0,0.0,0.0,0.0,5,66420.0,66500.0,1,66850.0,66660.0,66660.0,66430.0,6.0,1996450.0,2456
2023-05-10 21:03:00,cu2401,cu2401,66430.0,0.0,0.0,0.0,1,66430.0,66500.0,1,66850.0,66660.0,66660.0,66430.0,6.0,1996450.0,2456
2023-05-10 21:03:00,cu2401,cu2401,66430.0,0.0,0.0,0.0,1,66430.0,66500.0,1,66850.0,66660.0,66660.0,66430.0,6.0,1996450.0,2456
2023-05-10 21:03:01,cu2401,cu2401,66430.0,0.0,0.0,0.0,20,66420.0,66500.0,1,66850.0,66660.0,66660.0,66430.0,6.0,1996450.0,2456
2023-05-10 21:03:01,cu2401,cu2401,66430.0,0.0,0.0,0.0,21,66420.0,66500.0,1,66850.0,66660.0,66660.0,66430.0,6.0,1996450.0,2456
2023-05-10 21:03:02,cu2401,cu2401,66430.0,0.0,0.0,0.0,20,66420.0,66500.0,1,66850.0,66660.0,66660.0,66430.0,6.0,1996450.0,2456
2023-05-10 21:03:04,cu2401,cu2401,66430.0,0.0,0.0,0.0,20,66420.0,66500.0,3,66850.0,66660.0,66660.0,66430.0,6.0,1996450.0,2456
2023-05-10 21:03:05,cu2401,cu2401,66430.0,0.0,0.0,0.0,20,66420.0,66490.0,10,66850.0,66660.0,66660.0,66430.0,6.0,1996450.0,2456
2023-05-10 21:03:05,cu2401,cu2401,66430.0,0.0,0.0,0.0,20,66420.0,66480.0,1,66850.0,66660.0,66660.0,66430.0,6.0,1996450.0,2456
2023-05-10 21:03:06,cu2401,cu2401,66430.0,0.0,0.0,0.0,20,66420.0,66480.0,1,66850.0,66660.0,66660.0,66430.0,6.0,1996450.0,2456
2023-05-10 21:03:07,cu2401,cu2401,66430.0,0.0,0.0,0.0,20,66420.0,66480.0,1,66850.0,66660.0,66660.0,66430.0,6.0,1996450.0,2456
2023-05-10 21:03:07,cu2401,cu2401,66430.0,0.0,0.0,0.0,20,66420.0,66480.0,1,66850.0,66660.0,66660.0,66430.0,6.0,1996450.0,2456
2023-05-10 21:03:08,cu2401,cu2401,66430.0,0.0,0.0,0.0,4,66420.0,66480.0,1,66850.0,66660.0,66660.0,66430.0,6.0,1996450.0,2456
2023-05-10 21:03:08,cu2401,cu2401,66430.0,0.0,0.0,0.0,1,66320.0,66480.0,1,66850.0,66660.0,66660.0,66430.0,6.0,1996450.0,2456
2023-05-10 21:03:09,cu2401,cu2401,66430.0,0.0,0.0,0.0,61,66330.0,66480.0,1,66850.0,66660.0,66660.0,66430.0,6.0,1996450.0,2456
2023-05-10 21:03:09,cu2401,cu2401,66430.0,0.0,0.0,0.0,6,66340.0,66480.0,1,66850.0,66660.0,66660.0,66430.0,6.0,1996450.0,2456
2023-05-10 21:03:10,cu2401,cu2401,66430.0,0.0,0.0,0.0,18,66350.0,66480.0,1,66850.0,66660.0,66660.0,66430.0,6.0,1996450.0,2456
2023-05-10 21:03:10,cu2401,cu2401,66430.0,0.0,0.0,0.0,7,66360.0,66480.0,1,66850.0,66660.0,66660.0,66430.0,6.0,1996450.0,2456
2023-05-10 21:03:11,cu2401,cu2401,66430.0,0.0,0.0,0.0,22,66370.0,66480.0,1,66850.0,66660.0,66660.0,66430.0,6.0,1996450.0,2456
2023-05-10 21:03:11,cu2401,cu2401,66430.0,0.0,0.0,0.0,6,66380.0,66480.0,1,66850.0,66660.0,66660.0,66430.0,6.0,1996450.0,2456
2023-05-10 21:03:12,cu2401,cu2401,66430.0,0.0,0.0,0.0,2,66390.0,66480.0,1,66850.0,66660.0,66660.0,66430.0,6.0,1996450.0,2456
2023-05-10 21:03:12,cu2401,cu2401,66430.0,0.0,0.0,0.0,2,66390.0,66480.0,1,66850.0,66660.0,66660.0,66430.0,6.0,1996450.0,2456
2023-05-10 21:03:13,cu2401,cu2401,66430.0,0.0,0.0,0.0,2,66390.0,66480.0,1,66850.0,66660.0,66660.0,66430.0,6.0,1996450.0,2456
2023-05-10 21:03:13,cu2401,cu2401,66430.0,0.0,0.0,0.0,4,66400.0,66480.0,1,66850.0,66660.0,66660.0,66430.0,6.0,1996450.0,2456
2023-05-10 21:03:14,cu2401,cu2401,66430.0,0.0,0.0,0.0,4,66400.0,66480.0,1,66850.0,66660.0,66660.0,66430.0,6.0,1996450.0,2456
2023-05-10 21:03:15,cu2401,cu2401,66430.0,0.0,0.0,0.0,5,66400.0,66550.0,1,66850.0,66660.0,66660.0,66430.0,6.0,1996450.0,2456
2023-05-10 21:03:15,cu2401,cu2401,66430.0,0.0,0.0,0.0,1,66410.0,66490.0,1,66850.0,66660.0,66660.0,66430.0,6.0,1996450.0,2456
2023-05-10 21:03:16,cu2401,cu2401,66430.0,0.0,0.0,0.0,1,66410.0,66490.0,1,66850.0,66660.0,66660.0,66430.0,6.0,1996450.0,2456
2023-05-10 21:03:17,cu2401,cu2401,66430.0,0.0,0.0,0.0,4,66400.0,66490.0,1,66850.0,66660.0,66660.0,66430.0,6.0,1996450.0,2456
2023-05-10 21:03:18,cu2401,cu2401,66430.0,0.0,0.0,0.0,4,66410.0,66490.0,1,66850.0,66660.0,66660.0,66430.0,6.0,1996450.0,2456
2023-05-10 21:03:18,cu2401,cu2401,66430.0,0.0,0.0,0.0,4,66410.0,66490.0,1,66850.0,66660.0,66660.0,66430.0,6.0,1996450.0,2456
2023-05-10 21:03:23,cu2401,cu2401,66430.0,0.0,0.0,0.0,1,66420.0,66490.0,1,66850.0,66660.0,66660.0,66430.0,6.0,1996450.0,2456
2023-05-10 21:03:26,cu2401,cu2401,66430.0,0.0,0.0,0.0,1,66420.0,66490.0,3,66850.0,66660.0,66660.0,66430.0,6.0,1996450.0,2456
2023-05-10 21:03:29,cu2401,cu2401,66430.0,0.0,0.0,0.0,1,66420.0,66490.0,1,66850.0,66660.0,66660.0,66430.0,6.0,1996450.0,2456
2023-05-10 21:03:39,cu2401,cu2401,66430.0,0.0,0.0,0.0,4,66430.0,66490.0,1,66850.0,66660.0,66660.0,66430.0,6.0,1996450.0,2456
2023-05-10 21:03:42,cu2401,cu2401,66430.0,0.0,0.0,0.0,5,66430.0,66490.0,3,66850.0,66660.0,66660.0,66430.0,6.0,1996450.0,2456
2023-05-10 21:03:45,cu2401,cu2401,66430.0,0.0,0.0,0.0,5,66430.0,66490.0,1,66850.0,66660.0,66660.0,66430.0,6.0,1996450.0,2456
2023-05-10 21:03:55,cu2401,cu2401,66430.0,0.0,0.0,0.0,6,66430.0,66490.0,1,66850.0,66660.0,66660.0,66430.0,6.0,1996450.0,2456
2023-05-10 21:03:56,cu2401,cu2401,66430.0,0.0,0.0,0.0,5,66430.0,66490.0,1,66850.0,66660.0,66660.0,66430.0,6.0,1996450.0,2456
2023-05-10 21:03:57,cu2401,cu2401,66430.0,0.0,0.0,0.0,5,66430.0,66490.0,1,66850.0,66660.0,66660.0,66430.0,6.0,1996450.0,2456
2023-05-10 21:03:57,cu2401,cu2401,66490.0,1.0,332450.0,0.0,5,66430.0,66550.0,1,66850.0,66660.0,66660.0,66430.0,7.0,2328900.0,2456
2023-05-10 21:03:58,cu2401,cu2401,66490.0,0.0,0.0,0.0,5,66430.0,66540.0,74,66850.0,66660.0,66660.0,66430.0,7.0,2328900.0,2456
2023-05-10 21:03:59,cu2401,cu2401,66490.0,0.0,0.0,0.0,5,66430.0,66530.0,2,66850.0,66660.0,66660.0,66430.0,7.0,2328900.0,2456
2023-05-10 21:03:59,cu2401,cu2401,66490.0,0.0,0.0,0.0,5,66430.0,66520.0,36,66850.0,66660.0,66660.0,66430.0,7.0,2328900.0,2456
2023-05-10 21:04:00,cu2401,cu2401,66490.0,0.0,0.0,0.0,5,66430.0,66520.0,74,66850.0,66660.0,66660.0,66430.0,7.0,2328900.0,2456
2023-05-10 21:04:01,cu2401,cu2401,66490.0,0.0,0.0,0.0,5,66430.0,66520.0,72,66850.0,66660.0,66660.0,66430.0,7.0,2328900.0,2456
2023-05-10 21:04:01,cu2401,cu2401,66490.0,0.0,0.0,0.0,5,66430.0,66520.0,24,66850.0,66660.0,66660.0,66430.0,7.0,2328900.0,2456
2023-05-10 21:04:02,cu2401,cu2401,66490.0,0.0,0.0,0.0,5,66430.0,66510.0,2,66850.0,66660.0,66660.0,66430.0,7.0,2328900.0,2456
2023-05-10 21:04:02,cu2401,cu2401,66490.0,0.0,0.0,0.0,5,66430.0,66510.0,2,66850.0,66660.0,66660.0,66430.0,7.0,2328900.0,2456
2023-05-10 21:04:15,cu2401,cu2401,66490.0,0.0,0.0,0.0,5,66430.0,66500.0,10,66850.0,66660.0,66660.0,66430.0,7.0,2328900.0,2456
2023-05-10 21:04:15,cu2401,cu2401,66490.0,0.0,0.0,0.0,5,66430.0,66500.0,15,66850.0,66660.0,66660.0,66430.0,7.0,2328900.0,2456
2023-05-10 21:04:16,cu2401,cu2401,66490.0,0.0,0.0,0.0,5,66430.0,66500.0,17,66850.0,66660.0,66660.0,66430.0,7.0,2328900.0,2456
2023-05-10 21:04:22,cu2401,cu2401,66490.0,0.0,0.0,0.0,5,66430.0,66500.0,15,66850.0,66660.0,66660.0,66430.0,7.0,2328900.0,2456
2023-05-10 21:04:22,cu2401,cu2401,66490.0,0.0,0.0,0.0,5,66430.0,66490.0,2,66850.0,66660.0,66660.0,66430.0,7.0,2328900.0,2456
2023-05-10 21:04:23,cu2401,cu2401,66490.0,0.0,0.0,0.0,5,66430.0,66490.0,2,66850.0,66660.0,66660.0,66430.0,7.0,2328900.0,2456
2023-05-10 21:04:26,cu2401,cu2401,66490.0,0.0,0.0,0.0,5,66430.0,66550.0,1,66850.0,66660.0,66660.0,66430.0,7.0,2328900.0,2456
2023-05-10 21:04:27,cu2401,cu2401,66490.0,0.0,0.0,0.0,5,66430.0,66540.0,71,66850.0,66660.0,66660.0,66430.0,7.0,2328900.0,2456
2023-05-10 21:04:27,cu2401,cu2401,66490.0,0.0,0.0,0.0,5,66430.0,66540.0,77,66850.0,66660.0,66660.0,66430.0,7.0,2328900.0,2456
2023-05-10 21:04:28,cu2401,cu2401,66490.0,0.0,0.0,0.0,5,66430.0,66530.0,1,66850.0,66660.0,66660.0,66430.0,7.0,2328900.0,2456
2023-05-10 21:04:29,cu2401,cu2401,66490.0,0.0,0.0,0.0,5,66430.0,66520.0,10,66850.0,66660.0,66660.0,66430.0,7.0,2328900.0,2456
2023-05-10 21:04:29,cu2401,cu2401,66490.0,0.0,0.0,0.0,5,66430.0,66510.0,8,66850.0,66660.0,66660.0,66430.0,7.0,2328900.0,2456
2023-05-10 21:04:30,cu2401,cu2401,66490.0,0.0,0.0,0.0,5,66430.0,66500.0,2,66850.0,66660.0,66660.0,66430.0,7.0,2328900.0,2456
2023-05-10 21:04:30,cu2401,cu2401,66490.0,0.0,0.0,0.0,5,66430.0,66500.0,2,66850.0,66660.0,66660.0,66430.0,7.0,2328900.0,2456
2023-05-10 21:04:36,cu2401,cu2401,66490.0,0.0,0.0,0.0,5,66430.0,66500.0,2,66850.0,66660.0,66660.0,66430.0,7.0,2328900.0,2456
2023-05-10 21:04:46,cu2401,cu2401,66490.0,0.0,0.0,0.0,1,66450.0,66500.0,2,66850.0,66660.0,66660.0,66430.0,7.0,2328900.0,2456
2023-05-10 21:04:53,cu2401,cu2401,66490.0,0.0,0.0,0.0,2,66450.0,66500.0,2,66850.0,66660.0,66660.0,66430.0,7.0,2328900.0,2456
2023-05-10 21:04:56,cu2401,cu2401,66490.0,0.0,0.0,0.0,1,66450.0,66500.0,2,66850.0,66660.0,66660.0,66430.0,7.0,2328900.0,2456
2023-05-10 21:04:59,cu2401,cu2401,66490.0,0.0,0.0,0.0,1,66450.0,66500.0,2,66850.0,66660.0,66660.0,66430.0,7.0,2328900.0,2456
2023-05-10 21:04:59,cu2401,cu2401,66490.0,0.0,0.0,0.0,1,66450.0,66500.0,2,66850.0,66660.0,66660.0,66430.0,7.0,2328900.0,2456
2023-05-10 21:05:00,cu2401,cu2401,66490.0,0.0,0.0,0.0,1,66450.0,66490.0,16,66850.0,66660.0,66660.0,66430.0,7.0,2328900.0,2456
2023-05-10 21:05:00,cu2401,cu2401,66490.0,0.0,0.0,0.0,1,66450.0,66550.0,1,66850.0,66660.0,66660.0,66430.0,7.0,2328900.0,2456
2023-05-10 21:05:01,cu2401,cu2401,66490.0,0.0,0.0,0.0,1,66450.0,66480.0,2,66850.0,66660.0,66660.0,66430.0,7.0,2328900.0,2456
2023-05-10 21:05:01,cu2401,cu2401,66490.0,0.0,0.0,0.0,1,66450.0,66480.0,2,66850.0,66660.0,66660.0,66430.0,7.0,2328900.0,2456
2023-05-10 21:05:02,cu2401,cu2401,66490.0,0.0,0.0,0.0,1,66450.0,66480.0,2,66850.0,66660.0,66660.0,66430.0,7.0,2328900.0,2456
2023-05-10 21:05:03,cu2401,cu2401,66490.0,0.0,0.0,0.0,1,66450.0,66480.0,2,66850.0,66660.0,66660.0,66430.0,7.0,2328900.0,2456
2023-05-10 21:05:07,cu2401,cu2401,66490.0,0.0,0.0,0.0,1,66450.0,66480.0,2,66850.0,66660.0,66660.0,66430.0,7.0,2328900.0,2456
2023-05-10 21:05:07,cu2401,cu2401,66490.0,0.0,0.0,0.0,1,66450.0,66470.0,1,66850.0,66660.0,66660.0,66430.0,7.0,2328900.0,2456
2023-05-10 21:05:08,cu2401,cu2401,66490.0,0.0,0.0,0.0,1,66450.0,66550.0,1,66850.0,66660.0,66660.0,66430.0,7.0,2328900.0,2456
2023-05-10 21:05:08,cu2401,cu2401,66490.0,0.0,0.0,0.0,1,66450.0,66460.0,2,66850.0,66660.0,66660.0,66430.0,7.0,2328900.0,2456
2023-05-10 21:05:09,cu2401,cu2401,66450.0,1.0,332250.0,0.0,16,66370.0,66460.0,2,66850.0,66660.0,66660.0,66430.0,8.0,2661150.0,2456
2023-05-10 21:05:09,cu2401,cu2401,66450.0,0.0,0.0,0.0,1,66380.0,66460.0,2,66850.0,66660.0,66660.0,66430.0,8.0,2661150.0,2456
2023-05-10 21:05:11,cu2401,cu2401,66450.0,0.0,0.0,0.0,1,66380.0,66460.0,2,66850.0,66660.0,66660.0,66430.0,8.0,2661150.0,2456
2023-05-10 21:05:18,cu2401,cu2401,66450.0,0.0,0.0,0.0,1,66380.0,66550.0,1,66850.0,66660.0,66660.0,66430.0,8.0,2661150.0,2456
2023-05-10 21:05:18,cu2401,cu2401,66450.0,0.0,0.0,0.0,1,66380.0,66540.0,79,66850.0,66660.0,66660.0,66430.0,8.0,2661150.0,2456
2023-05-10 21:05:19,cu2401,cu2401,66450.0,0.0,0.0,0.0,1,66380.0,66540.0,80,66850.0,66660.0,66660.0,66430.0,8.0,2661150.0,2456
2023-05-10 21:05:19,cu2401,cu2401,66450.0,0.0,0.0,0.0,2,66380.0,66540.0,80,66850.0,66660.0,66660.0,66430.0,8.0,2661150.0,2456
2023-05-10 21:05:22,cu2401,cu2401,66450.0,0.0,0.0,0.0,2,66380.0,66530.0,4,66850.0,66660.0,66660.0,66430.0,8.0,2661150.0,2456
2023-05-10 21:05:22,cu2401,cu2401,66450.0,0.0,0.0,0.0,2,66380.0,66520.0,40,66850.0,66660.0,66660.0,66430.0,8.0,2661150.0,2456
2023-05-10 21:05:23,cu2401,cu2401,66450.0,0.0,0.0,0.0,2,66380.0,66510.0,13,66850.0,66660.0,66660.0,66430.0,8.0,2661150.0,2456
2023-05-10 21:05:23,cu2401,cu2401,66450.0,0.0,0.0,0.0,2,66380.0,66500.0,9,66850.0,66660.0,66660.0,66430.0,8.0,2661150.0,2456
2023-05-10 21:05:24,cu2401,cu2401,66450.0,0.0,0.0,0.0,2,66380.0,66510.0,2,66850.0,66660.0,66660.0,66430.0,8.0,2661150.0,2456
2023-05-10 21:05:25,cu2401,cu2401,66450.0,0.0,0.0,0.0,4,66390.0,66510.0,2,66850.0,66660.0,66660.0,66430.0,8.0,2661150.0,2456
2023-05-10 21:05:25,cu2401,cu2401,66450.0,0.0,0.0,0.0,1,66410.0,66510.0,2,66850.0,66660.0,66660.0,66430.0,8.0,2661150.0,2456
2023-05-10 21:05:26,cu2401,cu2401,66450.0,0.0,0.0,0.0,1,66420.0,66510.0,2,66850.0,66660.0,66660.0,66430.0,8.0,2661150.0,2456
2023-05-10 21:05:26,cu2401,cu2401,66450.0,0.0,0.0,0.0,1,66420.0,66510.0,2,66850.0,66660.0,66660.0,66430.0,8.0,2661150.0,2456
2023-05-10 21:05:28,cu2401,cu2401,66450.0,0.0,0.0,0.0,1,66420.0,66500.0,1,66850.0,66660.0,66660.0,66430.0,8.0,2661150.0,2456
2023-05-10 21:05:28,cu2401,cu2401,66450.0,0.0,0.0,0.0,1,66420.0,66550.0,1,66850.0,66660.0,66660.0,66430.0,8.0,2661150.0,2456
2023-05-10 21:05:29,cu2401,cu2401,66450.0,0.0,0.0,0.0,1,66420.0,66540.0,72,66850.0,66660.0,66660.0,66430.0,8.0,2661150.0,2456
2023-05-10 21:05:29,cu2401,cu2401,66450.0,0.0,0.0,0.0,1,66420.0,66540.0,72,66850.0,66660.0,66660.0,66430.0,8.0,2661150.0,2456
2023-05-10 21:05:31,cu2401,cu2401,66450.0,0.0,0.0,0.0,1,66420.0,66540.0,72,66850.0,66660.0,66660.0,66430.0,8.0,2661150.0,2456
2023-05-10 21:05:31,cu2401,cu2401,66450.0,0.0,0.0,0.0,1,66420.0,66530.0,4,66850.0,66660.0,66660.0,66430.0,8.0,2661150.0,2456
2023-05-10 21:05:32,cu2401,cu2401,66450.0,0.0,0.0,0.0,1,66420.0,66520.0,14,66850.0,66660.0,66660.0,66430.0,8.0,2661150.0,2456
2023-05-10 21:05:32,cu2401,cu2401,66450.0,0.0,0.0,0.0,1,66420.0,66510.0,2,66850.0,66660.0,66660.0,66430.0,8.0,2661150.0,2456
2023-05-10 21:05:33,cu2401,cu2401,66450.0,0.0,0.0,0.0,1,66420.0,66510.0,2,66850.0,66660.0,66660.0,66430.0,8.0,2661150.0,2456
2023-05-10 21:05:33,cu2401,cu2401,66450.0,0.0,0.0,0.0,1,66420.0,66510.0,2,66850.0,66660.0,66660.0,66430.0,8.0,2661150.0,2456
2023-05-10 21:05:34,cu2401,cu2401,66450.0,0.0,0.0,0.0,1,66420.0,66510.0,2,66850.0,66660.0,66660.0,66430.0,8.0,2661150.0,2456
2023-05-10 21:05:41,cu2401,cu2401,66450.0,0.0,0.0,0.0,2,66420.0,66510.0,2,66850.0,66660.0,66660.0,66430.0,8.0,2661150.0,2456
2023-05-10 21:05:42,cu2401,cu2401,66450.0,0.0,0.0,0.0,1,66420.0,66510.0,2,66850.0,66660.0,66660.0,66430.0,8.0,2661150.0,2456
2023-05-10 21:05:43,cu2401,cu2401,66450.0,0.0,0.0,0.0,2,66420.0,66510.0,2,66850.0,66660.0,66660.0,66430.0,8.0,2661150.0,2456
2023-05-10 21:05:44,cu2401,cu2401,66450.0,0.0,0.0,0.0,1,66420.0,66510.0,2,66850.0,66660.0,66660.0,66430.0,8.0,2661150.0,2456
2023-05-10 21:05:46,cu2401,cu2401,66450.0,0.0,0.0,0.0,2,66420.0,66510.0,2,66850.0,66660.0,66660.0,66430.0,8.0,2661150.0,2456
2023-05-10 21:05:46,cu2401,cu2401,66450.0,0.0,0.0,0.0,1,66420.0,66510.0,2,66850.0,66660.0,66660.0,66430.0,8.0,2661150.0,2456
2023-05-10 21:05:47,cu2401,cu2401,66450.0,0.0,0.0,0.0,1,66420.0,66510.0,2,66850.0,66660.0,66660.0,66430.0,8.0,2661150.0,2456
2023-05-10 21:05:47,cu2401,cu2401,66450.0,0.0,0.0,0.0,1,66420.0,66510.0,2,66850.0,66660.0,66660.0,66430.0,8.0,2661150.0,2456
2023-05-10 21:05:49,cu2401,cu2401,66450.0,0.0,0.0,0.0,2,66420.0,66510.0,2,66850.0,66660.0,66660.0,66430.0,8.0,2661150.0,2456
2023-05-10 21:05:51,cu2401,cu2401,66450.0,0.0,0.0,0.0,1,66420.0,66510.0,2,66850.0,66660.0,66660.0,66430.0,8.0,2661150.0,2456
2023-05-10 21:05:53,cu2401,cu2401,66450.0,0.0,0.0,0.0,2,66420.0,66510.0,2,66850.0,66660.0,66660.0,66430.0,8.0,2661150.0,2456
2023-05-10 21:05:53,cu2401,cu2401,66450.0,0.0,0.0,0.0,1,66420.0,66510.0,2,66850.0,66660.0,66660.0,66430.0,8.0,2661150.0,2456
2023-05-10 21:05:55,cu2401,cu2401,66450.0,0.0,0.0,0.0,1,66420.0,66500.0,1,66850.0,66660.0,66660.0,66430.0,8.0,2661150.0,2456
2023-05-10 21:05:56,cu2401,cu2401,66450.0,0.0,0.0,0.0,1,66420.0,66500.0,1,66850.0,66660.0,66660.0,66430.0,8.0,2661150.0,2456
2023-05-10 21:05:56,cu2401,cu2401,66450.0,0.0,0.0,0.0,1,66420.0,66500.0,3,66850.0,66660.0,66660.0,66430.0,8.0,2661150.0,2456
2023-05-10 21:05:58,cu2401,cu2401,66450.0,0.0,0.0,0.0,2,66420.0,66500.0,3,66850.0,66660.0,66660.0,66430.0,8.0,2661150.0,2456
2023-05-10 21:05:58,cu2401,cu2401,66450.0,0.0,0.0,0.0,2,66420.0,66500.0,3,66850.0,66660.0,66660.0,66430.0,8.0,2661150.0,2456
2023-05-10 21:05:59,cu2401,cu2401,66450.0,0.0,0.0,0.0,2,66420.0,66500.0,1,66850.0,66660.0,66660.0,66430.0,8.0,2661150.0,2456
2023-05-10 21:05:59,cu2401,cu2401,66450.0,0.0,0.0,0.0,2,66420.0,66500.0,1,66850.0,66660.0,66660.0,66430.0,8.0,2661150.0,2456
2023-05-10 21:06:01,cu2401,cu2401,66450.0,0.0,0.0,0.0,4,66430.0,66500.0,1,66850.0,66660.0,66660.0,66430.0,8.0,2661150.0,2456
2023-05-10 21:06:02,cu2401,cu2401,66450.0,0.0,0.0,0.0,1,66440.0,66500.0,1,66850.0,66660.0,66660.0,66430.0,8.0,2661150.0,2456
2023-05-10 21:06:04,cu2401,cu2401,66450.0,0.0,0.0,0.0,1,66440.0,66500.0,1,66850.0,66660.0,66660.0,66430.0,8.0,2661150.0,2456
2023-05-10 21:06:04,cu2401,cu2401,66450.0,0.0,0.0,0.0,5,66440.0,66500.0,1,66850.0,66660.0,66660.0,66430.0,8.0,2661150.0,2456
2023-05-10 21:06:05,cu2401,cu2401,66450.0,0.0,0.0,0.0,6,66440.0,66500.0,1,66850.0,66660.0,66660.0,66430.0,8.0,2661150.0,2456
2023-05-10 21:06:06,cu2401,cu2401,66450.0,0.0,0.0,0.0,6,66440.0,66580.0,1,66850.0,66660.0,66660.0,66430.0,8.0,2661150.0,2456
2023-05-10 21:06:06,cu2401,cu2401,66450.0,0.0,0.0,0.0,6,66440.0,66570.0,74,66850.0,66660.0,66660.0,66430.0,8.0,2661150.0,2456
2023-05-10 21:06:07,cu2401,cu2401,66450.0,0.0,0.0,0.0,6,66440.0,66560.0,1,66850.0,66660.0,66660.0,66430.0,8.0,2661150.0,2456
2023-05-10 21:06:07,cu2401,cu2401,66450.0,0.0,0.0,0.0,6,66440.0,66550.0,37,66850.0,66660.0,66660.0,66430.0,8.0,2661150.0,2456
2023-05-10 21:06:08,cu2401,cu2401,66450.0,0.0,0.0,0.0,6,66440.0,66550.0,47,66850.0,66660.0,66660.0,66430.0,8.0,2661150.0,2456
2023-05-10 21:06:08,cu2401,cu2401,66450.0,0.0,0.0,0.0,6,66440.0,66540.0,1,66850.0,66660.0,66660.0,66430.0,8.0,2661150.0,2456
2023-05-10 21:06:09,cu2401,cu2401,66450.0,0.0,0.0,0.0,1,66450.0,66540.0,1,66850.0,66660.0,66660.0,66430.0,8.0,2661150.0,2456
2023-05-10 21:06:09,cu2401,cu2401,66450.0,0.0,0.0,0.0,1,66460.0,66530.0,2,66850.0,66660.0,66660.0,66430.0,8.0,2661150.0,2456
2023-05-10 21:06:10,cu2401,cu2401,66450.0,0.0,0.0,0.0,1,66460.0,66530.0,2,66850.0,66660.0,66660.0,66430.0,8.0,2661150.0,2456
2023-05-10 21:06:11,cu2401,cu2401,66450.0,0.0,0.0,0.0,1,66460.0,66530.0,2,66850.0,66660.0,66660.0,66430.0,8.0,2661150.0,2456
2023-05-10 21:06:12,cu2401,cu2401,66450.0,0.0,0.0,0.0,1,66460.0,66540.0,1,66850.0,66660.0,66660.0,66430.0,8.0,2661150.0,2456
2023-05-10 21:06:12,cu2401,cu2401,66450.0,0.0,0.0,0.0,1,66460.0,66540.0,3,66850.0,66660.0,66660.0,66430.0,8.0,2661150.0,2456
2023-05-10 21:06:14,cu2401,cu2401,66450.0,0.0,0.0,0.0,1,66460.0,66540.0,3,66850.0,66660.0,66660.0,66430.0,8.0,2661150.0,2456
2023-05-10 21:06:15,cu2401,cu2401,66450.0,0.0,0.0,0.0,1,66460.0,66540.0,1,66850.0,66660.0,66660.0,66430.0,8.0,2661150.0,2456
2023-05-10 21:06:15,cu2401,cu2401,66450.0,0.0,0.0,0.0,1,66460.0,66530.0,2,66850.0,66660.0,66660.0,66430.0,8.0,2661150.0,2456
2023-05-10 21:06:16,cu2401,cu2401,66450.0,0.0,0.0,0.0,5,66460.0,66530.0,2,66850.0,66660.0,66660.0,66430.0,8.0,2661150.0,2456
2023-05-10 21:06:17,cu2401,cu2401,66450.0,0.0,0.0,0.0,5,66460.0,66530.0,2,66850.0,66660.0,66660.0,66430.0,8.0,2661150.0,2456
2023-05-10 21:06:17,cu2401,cu2401,66450.0,0.0,0.0,0.0,5,66460.0,66530.0,2,66850.0,66660.0,66660.0,66430.0,8.0,2661150.0,2456
2023-05-10 21:06:18,cu2401,cu2401,66450.0,0.0,0.0,0.0,4,66470.0,66540.0,1,66850.0,66660.0,66660.0,66430.0,8.0,2661150.0,2456
2023-05-10 21:06:18,cu2401,cu2401,66450.0,0.0,0.0,0.0,1,66480.0,66540.0,3,66850.0,66660.0,66660.0,66430.0,8.0,2661150.0,2456
2023-05-10 21:06:20,cu2401,cu2401,66450.0,0.0,0.0,0.0,1,66480.0,66540.0,3,66850.0,66660.0,66660.0,66430.0,8.0,2661150.0,2456
2023-05-10 21:06:20,cu2401,cu2401,66450.0,0.0,0.0,0.0,1,66480.0,66540.0,3,66850.0,66660.0,66660.0,66430.0,8.0,2661150.0,2456
2023-05-10 21:06:21,cu2401,cu2401,66450.0,0.0,0.0,0.0,16,66370.0,66540.0,1,66850.0,66660.0,66660.0,66430.0,8.0,2661150.0,2456
2023-05-10 21:06:21,cu2401,cu2401,66450.0,0.0,0.0,0.0,1,66430.0,66530.0,2,66850.0,66660.0,66660.0,66430.0,8.0,2661150.0,2456
2023-05-10 21:06:22,cu2401,cu2401,66450.0,0.0,0.0,0.0,1,66440.0,66530.0,3,66850.0,66660.0,66660.0,66430.0,8.0,2661150.0,2456
2023-05-10 21:06:22,cu2401,cu2401,66450.0,0.0,0.0,0.0,1,66440.0,66530.0,3,66850.0,66660.0,66660.0,66430.0,8.0,2661150.0,2456
2023-05-10 21:06:23,cu2401,cu2401,66450.0,0.0,0.0,0.0,5,66440.0,66520.0,1,66850.0,66660.0,66660.0,66430.0,8.0,2661150.0,2456
2023-05-10 21:06:24,cu2401,cu2401,66450.0,0.0,0.0,0.0,5,66440.0,66520.0,1,66850.0,66660.0,66660.0,66430.0,8.0,2661150.0,2456
2023-05-10 21:06:24,cu2401,cu2401,66450.0,0.0,0.0,0.0,5,66440.0,66520.0,3,66850.0,66660.0,66660.0,66430.0,8.0,2661150.0,2456
2023-05-10 21:06:28,cu2401,cu2401,66450.0,0.0,0.0,0.0,5,66440.0,66520.0,1,66850.0,66660.0,66660.0,66430.0,8.0,2661150.0,2456
2023-05-10 21:06:30,cu2401,cu2401,66450.0,0.0,0.0,0.0,5,66440.0,66520.0,3,66850.0,66660.0,66660.0,66430.0,8.0,2661150.0,2456
2023-05-10 21:06:34,cu2401,cu2401,66450.0,0.0,0.0,0.0,5,66440.0,66520.0,2,66850.0,66660.0,66660.0,66430.0,8.0,2661150.0,2456
2023-05-10 21:06:36,cu2401,cu2401,66450.0,0.0,0.0,0.0,5,66440.0,66580.0,1,66850.0,66660.0,66660.0,66430.0,8.0,2661150.0,2456
2023-05-10 21:06:37,cu2401,cu2401,66450.0,0.0,0.0,0.0,5,66440.0,66570.0,80,66850.0,66660.0,66660.0,66430.0,8.0,2661150.0,2456
2023-05-10 21:06:40,cu2401,cu2401,66450.0,0.0,0.0,0.0,5,66440.0,66560.0,7,66850.0,66660.0,66660.0,66430.0,8.0,2661150.0,2456
2023-05-10 21:06:40,cu2401,cu2401,66450.0,0.0,0.0,0.0,5,66440.0,66550.0,21,66850.0,66660.0,66660.0,66430.0,8.0,2661150.0,2456
2023-05-10 21:06:41,cu2401,cu2401,66450.0,0.0,0.0,0.0,5,66440.0,66540.0,13,66850.0,66660.0,66660.0,66430.0,8.0,2661150.0,2456
2023-05-10 21:06:41,cu2401,cu2401,66450.0,0.0,0.0,0.0,5,66440.0,66530.0,1,66850.0,66660.0,66660.0,66430.0,8.0,2661150.0,2456
2023-05-10 21:06:42,cu2401,cu2401,66450.0,0.0,0.0,0.0,5,66440.0,66540.0,3,66850.0,66660.0,66660.0,66430.0,8.0,2661150.0,2456
2023-05-10 21:06:42,cu2401,cu2401,66450.0,0.0,0.0,0.0,6,66440.0,66540.0,3,66850.0,66660.0,66660.0,66430.0,8.0,2661150.0,2456
2023-05-10 21:06:43,cu2401,cu2401,66450.0,0.0,0.0,0.0,5,66440.0,66540.0,3,66850.0,66660.0,66660.0,66430.0,8.0,2661150.0,2456
2023-05-10 21:06:44,cu2401,cu2401,66450.0,0.0,0.0,0.0,6,66440.0,66540.0,3,66850.0,66660.0,66660.0,66430.0,8.0,2661150.0,2456
2023-05-10 21:06:44,cu2401,cu2401,66450.0,0.0,0.0,0.0,5,66440.0,66540.0,3,66850.0,66660.0,66660.0,66430.0,8.0,2661150.0,2456
2023-05-10 21:06:45,cu2401,cu2401,66450.0,0.0,0.0,0.0,1,66440.0,66540.0,3,66850.0,66660.0,66660.0,66430.0,8.0,2661150.0,2456
2023-05-10 21:06:46,cu2401,cu2401,66450.0,0.0,0.0,0.0,9,66440.0,66540.0,3,66850.0,66660.0,66660.0,66430.0,8.0,2661150.0,2456
2023-05-10 21:06:52,cu2401,cu2401,66450.0,0.0,0.0,0.0,10,66440.0,66540.0,3,66850.0,66660.0,66660.0,66430.0,8.0,2661150.0,2456
2023-05-10 21:06:54,cu2401,cu2401,66450.0,0.0,0.0,0.0,10,66440.0,66540.0,2,66850.0,66660.0,66660.0,66430.0,8.0,2661150.0,2456
2023-05-10 21:07:02,cu2401,cu2401,66450.0,0.0,0.0,0.0,9,66440.0,66530.0,1,66850.0,66660.0,66660.0,66430.0,8.0,2661150.0,2456
2023-05-10 21:07:02,cu2401,cu2401,66450.0,0.0,0.0,0.0,9,66440.0,66530.0,1,66850.0,66660.0,66660.0,66430.0,8.0,2661150.0,2456
2023-05-10 21:07:03,cu2401,cu2401,66450.0,0.0,0.0,0.0,9,66440.0,66520.0,2,66850.0,66660.0,66660.0,66430.0,8.0,2661150.0,2456
2023-05-10 21:07:19,cu2401,cu2401,66450.0,0.0,0.0,0.0,10,66440.0,66520.0,2,66850.0,66660.0,66660.0,66430.0,8.0,2661150.0,2456
2023-05-10 21:07:19,cu2401,cu2401,66450.0,0.0,0.0,0.0,9,66440.0,66520.0,2,66850.0,66660.0,66660.0,66430.0,8.0,2661150.0,2456
2023-05-10 21:07:20,cu2401,cu2401,66450.0,0.0,0.0,0.0,9,66440.0,66530.0,1,66850.0,66660.0,66660.0,66430.0,8.0,2661150.0,2456
2023-05-10 21:07:21,cu2401,cu2401,66450.0,0.0,0.0,0.0,10,66440.0,66530.0,3,66850.0,66660.0,66660.0,66430.0,8.0,2661150.0,2456
2023-05-10 21:07:21,cu2401,cu2401,66450.0,0.0,0.0,0.0,9,66440.0,66530.0,3,66850.0,66660.0,66660.0,66430.0,8.0,2661150.0,2456
2023-05-10 21:07:24,cu2401,cu2401,66450.0,0.0,0.0,0.0,9,66440.0,66530.0,1,66850.0,66660.0,66660.0,66430.0,8.0,2661150.0,2456
2023-05-10 21:07:25,cu2401,cu2401,66450.0,0.0,0.0,0.0,9,66440.0,66520.0,2,66850.0,66660.0,66660.0,66430.0,8.0,2661150.0,2456
2023-05-10 21:07:28,cu2401,cu2401,66450.0,0.0,0.0,0.0,9,66440.0,66520.0,2,66850.0,66660.0,66660.0,66430.0,8.0,2661150.0,2456
2023-05-10 21:07:29,cu2401,cu2401,66450.0,0.0,0.0,0.0,9,66440.0,66510.0,1,66850.0,66660.0,66660.0,66430.0,8.0,2661150.0,2456
2023-05-10 21:07:29,cu2401,cu2401,66450.0,0.0,0.0,0.0,9,66440.0,66510.0,1,66850.0,66660.0,66660.0,66430.0,8.0,2661150.0,2456
2023-05-10 21:07:30,cu2401,cu2401,66450.0,0.0,0.0,0.0,9,66440.0,66510.0,3,66850.0,66660.0,66660.0,66430.0,8.0,2661150.0,2456
2023-05-10 21:07:38,cu2401,cu2401,66450.0,0.0,0.0,0.0,9,66440.0,66510.0,4,66850.0,66660.0,66660.0,66430.0,8.0,2661150.0,2456
2023-05-10 21:07:39,cu2401,cu2401,66450.0,0.0,0.0,0.0,9,66440.0,66510.0,2,66850.0,66660.0,66660.0,66430.0,8.0,2661150.0,2456
2023-05-10 21:07:40,cu2401,cu2401,66450.0,0.0,0.0,0.0,9,66440.0,66500.0,2,66850.0,66660.0,66660.0,66430.0,8.0,2661150.0,2456
2023-05-10 21:07:40,cu2401,cu2401,66450.0,0.0,0.0,0.0,9,66440.0,66500.0,2,66850.0,66660.0,66660.0,66430.0,8.0,2661150.0,2456
2023-05-10 21:07:41,cu2401,cu2401,66450.0,0.0,0.0,0.0,1,66440.0,66500.0,2,66850.0,66660.0,66660.0,66430.0,8.0,2661150.0,2456
2023-05-10 21:07:43,cu2401,cu2401,66450.0,0.0,0.0,0.0,1,66440.0,66510.0,1,66850.0,66660.0,66660.0,66430.0,8.0,2661150.0,2456
2023-05-10 21:07:44,cu2401,cu2401,66450.0,0.0,0.0,0.0,1,66440.0,66510.0,4,66850.0,66660.0,66660.0,66430.0,8.0,2661150.0,2456
2023-05-10 21:07:46,cu2401,cu2401,66450.0,0.0,0.0,0.0,1,66440.0,66500.0,1,66850.0,66660.0,66660.0,66430.0,8.0,2661150.0,2456
2023-05-10 21:07:47,cu2401,cu2401,66450.0,0.0,0.0,0.0,1,66440.0,66500.0,3,66850.0,66660.0,66660.0,66430.0,8.0,2661150.0,2456
2023-05-10 21:07:47,cu2401,cu2401,66450.0,0.0,0.0,0.0,1,66440.0,66500.0,2,66850.0,66660.0,66660.0,66430.0,8.0,2661150.0,2456
2023-05-10 21:07:54,cu2401,cu2401,66450.0,0.0,0.0,0.0,1,66440.0,66510.0,1,66850.0,66660.0,66660.0,66430.0,8.0,2661150.0,2456
2023-05-10 21:07:55,cu2401,cu2401,66450.0,0.0,0.0,0.0,1,66440.0,66500.0,2,66850.0,66660.0,66660.0,66430.0,8.0,2661150.0,2456
2023-05-10 21:07:55,cu2401,cu2401,66450.0,0.0,0.0,0.0,1,66440.0,66500.0,2,66850.0,66660.0,66660.0,66430.0,8.0,2661150.0,2456
2023-05-10 21:07:56,cu2401,cu2401,66450.0,0.0,0.0,0.0,16,66370.0,66500.0,2,66850.0,66660.0,66660.0,66430.0,8.0,2661150.0,2456
2023-05-10 21:07:56,cu2401,cu2401,66450.0,0.0,0.0,0.0,1,66400.0,66500.0,3,66850.0,66660.0,66660.0,66430.0,8.0,2661150.0,2456
2023-05-10 21:07:57,cu2401,cu2401,66450.0,0.0,0.0,0.0,1,66410.0,66500.0,3,66850.0,66660.0,66660.0,66430.0,8.0,2661150.0,2456
2023-05-10 21:07:57,cu2401,cu2401,66450.0,0.0,0.0,0.0,1,66410.0,66500.0,3,66850.0,66660.0,66660.0,66430.0,8.0,2661150.0,2456
2023-05-10 21:07:58,cu2401,cu2401,66450.0,0.0,0.0,0.0,2,66410.0,66500.0,3,66850.0,66660.0,66660.0,66430.0,8.0,2661150.0,2456
2023-05-10 21:07:58,cu2401,cu2401,66450.0,0.0,0.0,0.0,2,66410.0,66500.0,2,66850.0,66660.0,66660.0,66430.0,8.0,2661150.0,2456
2023-05-10 21:07:59,cu2401,cu2401,66450.0,0.0,0.0,0.0,1,66410.0,66500.0,2,66850.0,66660.0,66660.0,66430.0,8.0,2661150.0,2456
2023-05-10 21:08:01,cu2401,cu2401,66450.0,0.0,0.0,0.0,1,66410.0,66500.0,2,66850.0,66660.0,66660.0,66430.0,8.0,2661150.0,2456
2023-05-10 21:08:01,cu2401,cu2401,66450.0,0.0,0.0,0.0,1,66410.0,66500.0,3,66850.0,66660.0,66660.0,66430.0,8.0,2661150.0,2456
2023-05-10 21:08:02,cu2401,cu2401,66450.0,0.0,0.0,0.0,10,66410.0,66500.0,3,66850.0,66660.0,66660.0,66430.0,8.0,2661150.0,2456
2023-05-10 21:08:03,cu2401,cu2401,66450.0,0.0,0.0,0.0,9,66410.0,66500.0,3,66850.0,66660.0,66660.0,66430.0,8.0,2661150.0,2456
2023-05-10 21:08:05,cu2401,cu2401,66450.0,0.0,0.0,0.0,9,66410.0,66500.0,3,66850.0,66660.0,66660.0,66430.0,8.0,2661150.0,2456
2023-05-10 21:08:05,cu2401,cu2401,66450.0,0.0,0.0,0.0,9,66410.0,66500.0,3,66850.0,66660.0,66660.0,66430.0,8.0,2661150.0,2456
2023-05-10 21:08:06,cu2401,cu2401,66450.0,0.0,0.0,0.0,9,66410.0,66500.0,2,66850.0,66660.0,66660.0,66430.0,8.0,2661150.0,2456
2023-05-10 21:08:08,cu2401,cu2401,66450.0,0.0,0.0,0.0,9,66410.0,66500.0,2,66850.0,66660.0,66660.0,66430.0,8.0,2661150.0,2456
2023-05-10 21:08:08,cu2401,cu2401,66450.0,0.0,0.0,0.0,9,66410.0,66500.0,2,66850.0,66660.0,66660.0,66430.0,8.0,2661150.0,2456
2023-05-10 21:08:09,cu2401,cu2401,66450.0,0.0,0.0,0.0,9,66410.0,66500.0,2,66850.0,66660.0,66660.0,66430.0,8.0,2661150.0,2456
2023-05-10 21:08:09,cu2401,cu2401,66450.0,0.0,0.0,0.0,9,66410.0,66500.0,2,66850.0,66660.0,66660.0,66430.0,8.0,2661150.0,2456
2023-05-10 21:08:10,cu2401,cu2401,66450.0,0.0,0.0,0.0,9,66410.0,66500.0,2,66850.0,66660.0,66660.0,66430.0,8.0,2661150.0,2456
2023-05-10 21:08:11,cu2401,cu2401,66450.0,0.0,0.0,0.0,9,66410.0,66500.0,2,66850.0,66660.0,66660.0,66430.0,8.0,2661150.0,2456
2023-05-10 21:08:14,cu2401,cu2401,66450.0,0.0,0.0,0.0,9,66410.0,66500.0,2,66850.0,66660.0,66660.0,66430.0,8.0,2661150.0,2456
2023-05-10 21:08:14,cu2401,cu2401,66450.0,0.0,0.0,0.0,9,66410.0,66490.0,2,66850.0,66660.0,66660.0,66430.0,8.0,2661150.0,2456
2023-05-10 21:08:15,cu2401,cu2401,66450.0,0.0,0.0,0.0,9,66410.0,66490.0,3,66850.0,66660.0,66660.0,66430.0,8.0,2661150.0,2456
2023-05-10 21:08:15,cu2401,cu2401,66450.0,0.0,0.0,0.0,9,66410.0,66480.0,2,66850.0,66660.0,66660.0,66430.0,8.0,2661150.0,2456
2023-05-10 21:08:16,cu2401,cu2401,66450.0,0.0,0.0,0.0,9,66410.0,66480.0,3,66850.0,66660.0,66660.0,66430.0,8.0,2661150.0,2456
2023-05-10 21:08:17,cu2401,cu2401,66450.0,0.0,0.0,0.0,1,66410.0,66480.0,2,66850.0,66660.0,66660.0,66430.0,8.0,2661150.0,2456
2023-05-10 21:08:19,cu2401,cu2401,66450.0,0.0,0.0,0.0,1,66410.0,66480.0,2,66850.0,66660.0,66660.0,66430.0,8.0,2661150.0,2456
2023-05-10 21:08:20,cu2401,cu2401,66450.0,0.0,0.0,0.0,1,66410.0,66480.0,2,66850.0,66660.0,66660.0,66430.0,8.0,2661150.0,2456
2023-05-10 21:08:21,cu2401,cu2401,66450.0,0.0,0.0,0.0,1,66410.0,66480.0,3,66850.0,66660.0,66660.0,66430.0,8.0,2661150.0,2456
2023-05-10 21:08:22,cu2401,cu2401,66450.0,0.0,0.0,0.0,1,66410.0,66480.0,3,66850.0,66660.0,66660.0,66430.0,8.0,2661150.0,2456
2023-05-10 21:08:23,cu2401,cu2401,66450.0,0.0,0.0,0.0,1,66410.0,66480.0,3,66850.0,66660.0,66660.0,66430.0,8.0,2661150.0,2456
2023-05-10 21:08:25,cu2401,cu2401,66450.0,0.0,0.0,0.0,1,66410.0,66480.0,2,66850.0,66660.0,66660.0,66430.0,8.0,2661150.0,2456
2023-05-10 21:08:27,cu2401,cu2401,66450.0,0.0,0.0,0.0,1,66410.0,66480.0,2,66850.0,66660.0,66660.0,66430.0,8.0,2661150.0,2456
2023-05-10 21:08:28,cu2401,cu2401,66450.0,0.0,0.0,0.0,1,66410.0,66480.0,3,66850.0,66660.0,66660.0,66430.0,8.0,2661150.0,2456
2023-05-10 21:08:29,cu2401,cu2401,66450.0,0.0,0.0,0.0,1,66410.0,66470.0,1,66850.0,66660.0,66660.0,66430.0,8.0,2661150.0,2456
2023-05-10 21:08:30,cu2401,cu2401,66450.0,0.0,0.0,0.0,1,66410.0,66470.0,1,66850.0,66660.0,66660.0,66430.0,8.0,2661150.0,2456
2023-05-10 21:08:30,cu2401,cu2401,66450.0,0.0,0.0,0.0,16,66370.0,66460.0,2,66850.0,66660.0,66660.0,66430.0,8.0,2661150.0,2456
2023-05-10 21:08:31,cu2401,cu2401,66450.0,0.0,0.0,0.0,23,66380.0,66460.0,2,66850.0,66660.0,66660.0,66430.0,8.0,2661150.0,2456
2023-05-10 21:08:31,cu2401,cu2401,66450.0,0.0,0.0,0.0,23,66380.0,66460.0,2,66850.0,66660.0,66660.0,66430.0,8.0,2661150.0,2456
2023-05-10 21:08:35,cu2401,cu2401,66450.0,0.0,0.0,0.0,23,66380.0,66580.0,1,66850.0,66660.0,66660.0,66430.0,8.0,2661150.0,2456
2023-05-10 21:08:36,cu2401,cu2401,66450.0,0.0,0.0,0.0,23,66380.0,66570.0,54,66850.0,66660.0,66660.0,66430.0,8.0,2661150.0,2456
2023-05-10 21:08:36,cu2401,cu2401,66450.0,0.0,0.0,0.0,1,66460.0,66560.0,1,66850.0,66660.0,66660.0,66430.0,8.0,2661150.0,2456
2023-05-10 21:08:37,cu2401,cu2401,66450.0,0.0,0.0,0.0,1,66460.0,66550.0,27,66850.0,66660.0,66660.0,66430.0,8.0,2661150.0,2456
2023-05-10 21:08:37,cu2401,cu2401,66450.0,0.0,0.0,0.0,1,66460.0,66540.0,2,66850.0,66660.0,66660.0,66430.0,8.0,2661150.0,2456
2023-05-10 21:08:38,cu2401,cu2401,66450.0,0.0,0.0,0.0,1,66460.0,66530.0,32,66850.0,66660.0,66660.0,66430.0,8.0,2661150.0,2456
2023-05-10 21:08:38,cu2401,cu2401,66450.0,0.0,0.0,0.0,1,66460.0,66520.0,8,66850.0,66660.0,66660.0,66430.0,8.0,2661150.0,2456
2023-05-10 21:08:39,cu2401,cu2401,66450.0,0.0,0.0,0.0,1,66460.0,66510.0,32,66850.0,66660.0,66660.0,66430.0,8.0,2661150.0,2456
2023-05-10 21:08:39,cu2401,cu2401,66450.0,0.0,0.0,0.0,1,66460.0,66510.0,50,66850.0,66660.0,66660.0,66430.0,8.0,2661150.0,2456
2023-05-10 21:08:40,cu2401,cu2401,66450.0,0.0,0.0,0.0,1,66460.0,66500.0,6,66850.0,66660.0,66660.0,66430.0,8.0,2661150.0,2456
2023-05-10 21:08:40,cu2401,cu2401,66450.0,0.0,0.0,0.0,1,66460.0,66490.0,2,66850.0,66660.0,66660.0,66430.0,8.0,2661150.0,2456
2023-05-10 21:08:41,cu2401,cu2401,66450.0,0.0,0.0,0.0,1,66460.0,66490.0,2,66850.0,66660.0,66660.0,66430.0,8.0,2661150.0,2456
2023-05-10 21:08:42,cu2401,cu2401,66450.0,0.0,0.0,0.0,1,66460.0,66480.0,2,66850.0,66660.0,66660.0,66430.0,8.0,2661150.0,2456
2023-05-10 21:08:42,cu2401,cu2401,66450.0,0.0,0.0,0.0,1,66460.0,66480.0,3,66850.0,66660.0,66660.0,66430.0,8.0,2661150.0,2456
2023-05-10 21:08:46,cu2401,cu2401,66450.0,0.0,0.0,0.0,1,66460.0,66480.0,3,66850.0,66660.0,66660.0,66430.0,8.0,2661150.0,2456
2023-05-10 21:08:47,cu2401,cu2401,66450.0,0.0,0.0,0.0,1,66460.0,66480.0,3,66850.0,66660.0,66660.0,66430.0,8.0,2661150.0,2456
2023-05-10 21:08:47,cu2401,cu2401,66450.0,0.0,0.0,0.0,1,66460.0,66470.0,2,66850.0,66660.0,66660.0,66430.0,8.0,2661150.0,2456
2023-05-10 21:08:48,cu2401,cu2401,66450.0,0.0,0.0,0.0,1,66460.0,66470.0,2,66850.0,66660.0,66660.0,66430.0,8.0,2661150.0,2456
2023-05-10 21:08:48,cu2401,cu2401,66460.0,1.0,332300.0,0.0,16,66370.0,66470.0,2,66850.0,66660.0,66660.0,66430.0,9.0,2993450.0,2456
2023-05-10 21:08:49,cu2401,cu2401,66460.0,0.0,0.0,0.0,23,66380.0,66460.0,2,66850.0,66660.0,66660.0,66430.0,9.0,2993450.0,2456
2023-05-10 21:08:49,cu2401,cu2401,66460.0,0.0,0.0,0.0,23,66380.0,66460.0,2,66850.0,66660.0,66660.0,66430.0,9.0,2993450.0,2456
2023-05-10 21:08:55,cu2401,cu2401,66460.0,0.0,0.0,0.0,23,66380.0,66460.0,3,66850.0,66660.0,66660.0,66430.0,9.0,2993450.0,2456
2023-05-10 21:08:55,cu2401,cu2401,66460.0,0.0,0.0,0.0,23,66380.0,66450.0,1,66850.0,66660.0,66660.0,66430.0,9.0,2993450.0,2456
2023-05-10 21:08:56,cu2401,cu2401,66460.0,0.0,0.0,0.0,6,66380.0,66450.0,1,66850.0,66660.0,66660.0,66430.0,9.0,2993450.0,2456
2023-05-10 21:08:56,cu2401,cu2401,66460.0,0.0,0.0,0.0,1,66380.0,66450.0,2,66850.0,66660.0,66660.0,66430.0,9.0,2993450.0,2456
2023-05-10 21:09:00,cu2401,cu2401,66460.0,0.0,0.0,0.0,1,66380.0,66450.0,2,66850.0,66660.0,66660.0,66430.0,9.0,2993450.0,2456
2023-05-10 21:09:00,cu2401,cu2401,66460.0,0.0,0.0,0.0,1,66380.0,66450.0,2,66850.0,66660.0,66660.0,66430.0,9.0,2993450.0,2456
2023-05-10 21:09:03,cu2401,cu2401,66460.0,0.0,0.0,0.0,1,66380.0,66440.0,2,66850.0,66660.0,66660.0,66430.0,9.0,2993450.0,2456
2023-05-10 21:09:04,cu2401,cu2401,66460.0,0.0,0.0,0.0,1,66380.0,66440.0,2,66850.0,66660.0,66660.0,66430.0,9.0,2993450.0,2456
2023-05-10 21:09:05,cu2401,cu2401,66460.0,0.0,0.0,0.0,1,66380.0,66440.0,2,66850.0,66660.0,66660.0,66430.0,9.0,2993450.0,2456
2023-05-10 21:09:08,cu2401,cu2401,66460.0,0.0,0.0,0.0,1,66380.0,66440.0,2,66850.0,66660.0,66660.0,66430.0,9.0,2993450.0,2456
2023-05-10 21:09:08,cu2401,cu2401,66460.0,0.0,0.0,0.0,1,66380.0,66440.0,3,66850.0,66660.0,66660.0,66430.0,9.0,2993450.0,2456
2023-05-10 21:09:10,cu2401,cu2401,66460.0,0.0,0.0,0.0,1,66380.0,66440.0,3,66850.0,66660.0,66660.0,66430.0,9.0,2993450.0,2456
2023-05-10 21:09:10,cu2401,cu2401,66460.0,0.0,0.0,0.0,1,66380.0,66440.0,3,66850.0,66660.0,66660.0,66430.0,9.0,2993450.0,2456
2023-05-10 21:09:11,cu2401,cu2401,66460.0,0.0,0.0,0.0,1,66240.0,66440.0,2,66850.0,66660.0,66660.0,66430.0,9.0,2993450.0,2456
2023-05-10 21:09:11,cu2401,cu2401,66460.0,0.0,0.0,0.0,1,66330.0,66430.0,1,66850.0,66660.0,66660.0,66430.0,9.0,2993450.0,2456
2023-05-10 21:09:12,cu2401,cu2401,66460.0,0.0,0.0,0.0,11,66340.0,66430.0,2,66850.0,66660.0,66660.0,66430.0,9.0,2993450.0,2456
2023-05-10 21:09:12,cu2401,cu2401,66460.0,0.0,0.0,0.0,1,66340.0,66420.0,1,66850.0,66660.0,66660.0,66430.0,9.0,2993450.0,2456
2023-05-10 21:09:13,cu2401,cu2401,66460.0,0.0,0.0,0.0,1,66340.0,66420.0,1,66850.0,66660.0,66660.0,66430.0,9.0,2993450.0,2456
2023-05-10 21:09:14,cu2401,cu2401,66460.0,0.0,0.0,0.0,1,66340.0,66420.0,1,66850.0,66660.0,66660.0,66430.0,9.0,2993450.0,2456
2023-05-10 21:09:14,cu2401,cu2401,66460.0,0.0,0.0,0.0,1,66340.0,66420.0,2,66850.0,66660.0,66660.0,66430.0,9.0,2993450.0,2456
2023-05-10 21:09:17,cu2401,cu2401,66460.0,0.0,0.0,0.0,1,66340.0,66420.0,1,66850.0,66660.0,66660.0,66430.0,9.0,2993450.0,2456
2023-05-10 21:09:17,cu2401,cu2401,66460.0,0.0,0.0,0.0,1,66340.0,66420.0,2,66850.0,66660.0,66660.0,66430.0,9.0,2993450.0,2456
2023-05-10 21:09:20,cu2401,cu2401,66460.0,0.0,0.0,0.0,1,66340.0,66420.0,1,66850.0,66660.0,66660.0,66430.0,9.0,2993450.0,2456
2023-05-10 21:09:21,cu2401,cu2401,66460.0,0.0,0.0,0.0,1,66340.0,66420.0,2,66850.0,66660.0,66660.0,66430.0,9.0,2993450.0,2456
2023-05-10 21:09:21,cu2401,cu2401,66460.0,0.0,0.0,0.0,1,66350.0,66420.0,1,66850.0,66660.0,66660.0,66430.0,9.0,2993450.0,2456
2023-05-10 21:09:22,cu2401,cu2401,66460.0,0.0,0.0,0.0,1,66360.0,66420.0,1,66850.0,66660.0,66660.0,66430.0,9.0,2993450.0,2456
2023-05-10 21:09:23,cu2401,cu2401,66460.0,0.0,0.0,0.0,1,66360.0,66440.0,2,66850.0,66660.0,66660.0,66430.0,9.0,2993450.0,2456
2023-05-10 21:09:24,cu2401,cu2401,66460.0,0.0,0.0,0.0,1,66360.0,66430.0,2,66850.0,66660.0,66660.0,66430.0,9.0,2993450.0,2456
2023-05-10 21:09:25,cu2401,cu2401,66460.0,0.0,0.0,0.0,1,66360.0,66430.0,1,66850.0,66660.0,66660.0,66430.0,9.0,2993450.0,2456
2023-05-10 21:09:26,cu2401,cu2401,66460.0,0.0,0.0,0.0,1,66360.0,66430.0,2,66850.0,66660.0,66660.0,66430.0,9.0,2993450.0,2456
2023-05-10 21:09:28,cu2401,cu2401,66460.0,0.0,0.0,0.0,1,66360.0,66430.0,1,66850.0,66660.0,66660.0,66430.0,9.0,2993450.0,2456
2023-05-10 21:09:29,cu2401,cu2401,66460.0,0.0,0.0,0.0,1,66360.0,66440.0,2,66850.0,66660.0,66660.0,66430.0,9.0,2993450.0,2456
2023-05-10 21:09:29,cu2401,cu2401,66460.0,0.0,0.0,0.0,1,66360.0,66440.0,3,66850.0,66660.0,66660.0,66430.0,9.0,2993450.0,2456
2023-05-10 21:09:32,cu2401,cu2401,66460.0,0.0,0.0,0.0,1,66370.0,66440.0,3,66850.0,66660.0,66660.0,66430.0,9.0,2993450.0,2456
2023-05-10 21:09:32,cu2401,cu2401,66460.0,0.0,0.0,0.0,1,66380.0,66440.0,3,66850.0,66660.0,66660.0,66430.0,9.0,2993450.0,2456
2023-05-10 21:09:33,cu2401,cu2401,66460.0,0.0,0.0,0.0,1,66380.0,66440.0,2,66850.0,66660.0,66660.0,66430.0,9.0,2993450.0,2456
2023-05-10 21:09:36,cu2401,cu2401,66460.0,0.0,0.0,0.0,1,66380.0,66580.0,1,66850.0,66660.0,66660.0,66430.0,9.0,2993450.0,2456
2023-05-10 21:09:36,cu2401,cu2401,66460.0,0.0,0.0,0.0,1,66380.0,66570.0,82,66850.0,66660.0,66660.0,66430.0,9.0,2993450.0,2456
2023-05-10 21:09:37,cu2401,cu2401,66460.0,0.0,0.0,0.0,1,66380.0,66560.0,1,66850.0,66660.0,66660.0,66430.0,9.0,2993450.0,2456
2023-05-10 21:09:37,cu2401,cu2401,66460.0,0.0,0.0,0.0,2,66380.0,66550.0,31,66850.0,66660.0,66660.0,66430.0,9.0,2993450.0,2456
2023-05-10 21:09:38,cu2401,cu2401,66460.0,0.0,0.0,0.0,2,66380.0,66550.0,67,66850.0,66660.0,66660.0,66430.0,9.0,2993450.0,2456
2023-05-10 21:09:38,cu2401,cu2401,66460.0,0.0,0.0,0.0,1,66390.0,66540.0,6,66850.0,66660.0,66660.0,66430.0,9.0,2993450.0,2456
2023-05-10 21:09:39,cu2401,cu2401,66460.0,0.0,0.0,0.0,1,66400.0,66530.0,19,66850.0,66660.0,66660.0,66430.0,9.0,2993450.0,2456
2023-05-10 21:09:39,cu2401,cu2401,66460.0,0.0,0.0,0.0,1,66400.0,66520.0,6,66850.0,66660.0,66660.0,66430.0,9.0,2993450.0,2456
2023-05-10 21:09:40,cu2401,cu2401,66460.0,0.0,0.0,0.0,1,66400.0,66510.0,31,66850.0,66660.0,66660.0,66430.0,9.0,2993450.0,2456
2023-05-10 21:09:40,cu2401,cu2401,66460.0,0.0,0.0,0.0,1,66400.0,66500.0,3,66850.0,66660.0,66660.0,66430.0,9.0,2993450.0,2456
2023-05-10 21:09:41,cu2401,cu2401,66460.0,0.0,0.0,0.0,1,66400.0,66490.0,2,66850.0,66660.0,66660.0,66430.0,9.0,2993450.0,2456
2023-05-10 21:09:41,cu2401,cu2401,66460.0,0.0,0.0,0.0,1,66400.0,66480.0,1,66850.0,66660.0,66660.0,66430.0,9.0,2993450.0,2456
2023-05-10 21:09:42,cu2401,cu2401,66460.0,0.0,0.0,0.0,1,66400.0,66470.0,1,66850.0,66660.0,66660.0,66430.0,9.0,2993450.0,2456
2023-05-10 21:09:42,cu2401,cu2401,66460.0,0.0,0.0,0.0,1,66400.0,66460.0,1,66850.0,66660.0,66660.0,66430.0,9.0,2993450.0,2456
2023-05-10 21:09:43,cu2401,cu2401,66460.0,0.0,0.0,0.0,1,66400.0,66460.0,1,66850.0,66660.0,66660.0,66430.0,9.0,2993450.0,2456
2023-05-10 21:09:45,cu2401,cu2401,66460.0,0.0,0.0,0.0,1,66400.0,66580.0,1,66850.0,66660.0,66660.0,66430.0,9.0,2993450.0,2456
2023-05-10 21:09:45,cu2401,cu2401,66460.0,0.0,0.0,0.0,1,66400.0,66570.0,81,66850.0,66660.0,66660.0,66430.0,9.0,2993450.0,2456
2023-05-10 21:09:46,cu2401,cu2401,66460.0,0.0,0.0,0.0,2,66400.0,66570.0,81,66850.0,66660.0,66660.0,66430.0,9.0,2993450.0,2456
2023-05-10 21:09:47,cu2401,cu2401,66460.0,0.0,0.0,0.0,1,66400.0,66570.0,81,66850.0,66660.0,66660.0,66430.0,9.0,2993450.0,2456
2023-05-10 21:09:50,cu2401,cu2401,66460.0,0.0,0.0,0.0,1,66400.0,66570.0,81,66850.0,66660.0,66660.0,66430.0,9.0,2993450.0,2456
2023-05-10 21:09:50,cu2401,cu2401,66460.0,0.0,0.0,0.0,1,66400.0,66570.0,81,66850.0,66660.0,66660.0,66430.0,9.0,2993450.0,2456
2023-05-10 21:09:52,cu2401,cu2401,66460.0,0.0,0.0,0.0,1,66400.0,66570.0,81,66850.0,66660.0,66660.0,66430.0,9.0,2993450.0,2456
2023-05-10 21:09:53,cu2401,cu2401,66460.0,0.0,0.0,0.0,1,66400.0,66570.0,81,66850.0,66660.0,66660.0,66430.0,9.0,2993450.0,2456
2023-05-10 21:09:54,cu2401,cu2401,66460.0,0.0,0.0,0.0,1,66400.0,66570.0,81,66850.0,66660.0,66660.0,66430.0,9.0,2993450.0,2456
2023-05-10 21:09:58,cu2401,cu2401,66460.0,0.0,0.0,0.0,1,66400.0,66570.0,81,66850.0,66660.0,66660.0,66430.0,9.0,2993450.0,2456
2023-05-10 21:09:58,cu2401,cu2401,66460.0,0.0,0.0,0.0,1,66400.0,66570.0,81,66850.0,66660.0,66660.0,66430.0,9.0,2993450.0,2456
2023-05-10 21:09:59,cu2401,cu2401,66460.0,0.0,0.0,0.0,5,66400.0,66570.0,81,66850.0,66660.0,66660.0,66430.0,9.0,2993450.0,2456
2023-05-10 21:10:00,cu2401,cu2401,66460.0,0.0,0.0,0.0,5,66400.0,66570.0,81,66850.0,66660.0,66660.0,66430.0,9.0,2993450.0,2456
2023-05-10 21:10:00,cu2401,cu2401,66460.0,0.0,0.0,0.0,4,66400.0,66570.0,81,66850.0,66660.0,66660.0,66430.0,9.0,2993450.0,2456
2023-05-10 21:10:01,cu2401,cu2401,66460.0,0.0,0.0,0.0,4,66400.0,66560.0,1,66850.0,66660.0,66660.0,66430.0,9.0,2993450.0,2456
2023-05-10 21:10:01,cu2401,cu2401,66460.0,0.0,0.0,0.0,4,66400.0,66550.0,2,66850.0,66660.0,66660.0,66430.0,9.0,2993450.0,2456
2023-05-10 21:10:02,cu2401,cu2401,66460.0,0.0,0.0,0.0,4,66400.0,66540.0,11,66850.0,66660.0,66660.0,66430.0,9.0,2993450.0,2456
2023-05-10 21:10:02,cu2401,cu2401,66460.0,0.0,0.0,0.0,1,66250.0,66530.0,16,66850.0,66660.0,66660.0,66430.0,9.0,2993450.0,2456
2023-05-10 21:10:03,cu2401,cu2401,66460.0,0.0,0.0,0.0,1,66360.0,66520.0,41,66850.0,66660.0,66660.0,66430.0,9.0,2993450.0,2456
2023-05-10 21:10:03,cu2401,cu2401,66460.0,0.0,0.0,0.0,1,66370.0,66510.0,11,66850.0,66660.0,66660.0,66430.0,9.0,2993450.0,2456
2023-05-10 21:10:04,cu2401,cu2401,66460.0,0.0,0.0,0.0,1,66370.0,66500.0,4,66850.0,66660.0,66660.0,66430.0,9.0,2993450.0,2456
2023-05-10 21:10:04,cu2401,cu2401,66460.0,0.0,0.0,0.0,1,66380.0,66490.0,2,66850.0,66660.0,66660.0,66430.0,9.0,2993450.0,2456
2023-05-10 21:10:05,cu2401,cu2401,66460.0,0.0,0.0,0.0,1,66390.0,66490.0,3,66850.0,66660.0,66660.0,66430.0,9.0,2993450.0,2456
2023-05-10 21:10:05,cu2401,cu2401,66460.0,0.0,0.0,0.0,1,66390.0,66480.0,1,66850.0,66660.0,66660.0,66430.0,9.0,2993450.0,2456
2023-05-10 21:10:06,cu2401,cu2401,66460.0,0.0,0.0,0.0,1,66390.0,66470.0,1,66850.0,66660.0,66660.0,66430.0,9.0,2993450.0,2456
2023-05-10 21:10:06,cu2401,cu2401,66460.0,0.0,0.0,0.0,1,66390.0,66470.0,1,66850.0,66660.0,66660.0,66430.0,9.0,2993450.0,2456
2023-05-10 21:10:07,cu2401,cu2401,66460.0,0.0,0.0,0.0,1,66390.0,66470.0,1,66850.0,66660.0,66660.0,66430.0,9.0,2993450.0,2456
2023-05-10 21:10:07,cu2401,cu2401,66460.0,0.0,0.0,0.0,1,66390.0,66470.0,1,66850.0,66660.0,66660.0,66430.0,9.0,2993450.0,2456
2023-05-10 21:10:08,cu2401,cu2401,66460.0,0.0,0.0,0.0,2,66390.0,66470.0,2,66850.0,66660.0,66660.0,66430.0,9.0,2993450.0,2456
2023-05-10 21:10:08,cu2401,cu2401,66460.0,0.0,0.0,0.0,1,66390.0,66470.0,2,66850.0,66660.0,66660.0,66430.0,9.0,2993450.0,2456
2023-05-10 21:10:09,cu2401,cu2401,66460.0,0.0,0.0,0.0,1,66390.0,66460.0,1,66850.0,66660.0,66660.0,66430.0,9.0,2993450.0,2456
2023-05-10 21:10:10,cu2401,cu2401,66460.0,0.0,0.0,0.0,1,66390.0,66460.0,2,66850.0,66660.0,66660.0,66430.0,9.0,2993450.0,2456
2023-05-10 21:10:10,cu2401,cu2401,66460.0,0.0,0.0,0.0,1,66390.0,66460.0,1,66850.0,66660.0,66660.0,66430.0,9.0,2993450.0,2456
2023-05-10 21:10:11,cu2401,cu2401,66460.0,0.0,0.0,0.0,1,66390.0,66460.0,2,66850.0,66660.0,66660.0,66430.0,9.0,2993450.0,2456
2023-05-10 21:10:13,cu2401,cu2401,66460.0,0.0,0.0,0.0,1,66390.0,66460.0,2,66850.0,66660.0,66660.0,66430.0,9.0,2993450.0,2456
2023-05-10 21:10:13,cu2401,cu2401,66460.0,0.0,0.0,0.0,1,66390.0,66460.0,2,66850.0,66660.0,66660.0,66430.0,9.0,2993450.0,2456
2023-05-10 21:10:16,cu2401,cu2401,66460.0,0.0,0.0,0.0,1,66390.0,66460.0,1,66850.0,66660.0,66660.0,66430.0,9.0,2993450.0,2456
2023-05-10 21:10:18,cu2401,cu2401,66460.0,0.0,0.0,0.0,1,66390.0,66580.0,1,66850.0,66660.0,66660.0,66430.0,9.0,2993450.0,2456
2023-05-10 21:10:18,cu2401,cu2401,66460.0,0.0,0.0,0.0,1,66390.0,66570.0,71,66850.0,66660.0,66660.0,66430.0,9.0,2993450.0,2456
2023-05-10 21:10:19,cu2401,cu2401,66460.0,0.0,0.0,0.0,1,66390.0,66560.0,3,66850.0,66660.0,66660.0,66430.0,9.0,2993450.0,2456
2023-05-10 21:10:19,cu2401,cu2401,66460.0,0.0,0.0,0.0,1,66390.0,66550.0,18,66850.0,66660.0,66660.0,66430.0,9.0,2993450.0,2456
2023-05-10 21:10:20,cu2401,cu2401,66460.0,0.0,0.0,0.0,1,66390.0,66540.0,10,66850.0,66660.0,66660.0,66430.0,9.0,2993450.0,2456
2023-05-10 21:10:20,cu2401,cu2401,66460.0,0.0,0.0,0.0,1,66390.0,66530.0,20,66850.0,66660.0,66660.0,66430.0,9.0,2993450.0,2456
2023-05-10 21:10:21,cu2401,cu2401,66460.0,0.0,0.0,0.0,1,66390.0,66520.0,8,66850.0,66660.0,66660.0,66430.0,9.0,2993450.0,2456
2023-05-10 21:10:21,cu2401,cu2401,66460.0,0.0,0.0,0.0,1,66390.0,66510.0,11,66850.0,66660.0,66660.0,66430.0,9.0,2993450.0,2456
2023-05-10 21:10:22,cu2401,cu2401,66460.0,0.0,0.0,0.0,1,66390.0,66500.0,3,66850.0,66660.0,66660.0,66430.0,9.0,2993450.0,2456
2023-05-10 21:10:22,cu2401,cu2401,66460.0,0.0,0.0,0.0,1,66390.0,66490.0,2,66850.0,66660.0,66660.0,66430.0,9.0,2993450.0,2456
2023-05-10 21:10:23,cu2401,cu2401,66460.0,0.0,0.0,0.0,1,66390.0,66490.0,3,66850.0,66660.0,66660.0,66430.0,9.0,2993450.0,2456
2023-05-10 21:10:23,cu2401,cu2401,66460.0,0.0,0.0,0.0,1,66390.0,66490.0,3,66850.0,66660.0,66660.0,66430.0,9.0,2993450.0,2456
2023-05-10 21:10:24,cu2401,cu2401,66460.0,0.0,0.0,0.0,1,66390.0,66490.0,3,66850.0,66660.0,66660.0,66430.0,9.0,2993450.0,2456
2023-05-10 21:10:24,cu2401,cu2401,66460.0,0.0,0.0,0.0,1,66390.0,66480.0,1,66850.0,66660.0,66660.0,66430.0,9.0,2993450.0,2456
2023-05-10 21:10:25,cu2401,cu2401,66460.0,0.0,0.0,0.0,1,66390.0,66470.0,1,66850.0,66660.0,66660.0,66430.0,9.0,2993450.0,2456
2023-05-10 21:10:26,cu2401,cu2401,66460.0,0.0,0.0,0.0,1,66390.0,66470.0,1,66850.0,66660.0,66660.0,66430.0,9.0,2993450.0,2456
2023-05-10 21:10:26,cu2401,cu2401,66460.0,0.0,0.0,0.0,1,66400.0,66470.0,1,66850.0,66660.0,66660.0,66430.0,9.0,2993450.0,2456
2023-05-10 21:10:27,cu2401,cu2401,66460.0,0.0,0.0,0.0,1,66410.0,66580.0,1,66850.0,66660.0,66660.0,66430.0,9.0,2993450.0,2456
2023-05-10 21:10:27,cu2401,cu2401,66460.0,0.0,0.0,0.0,1,66410.0,66570.0,80,66850.0,66660.0,66660.0,66430.0,9.0,2993450.0,2456
2023-05-10 21:10:28,cu2401,cu2401,66460.0,0.0,0.0,0.0,1,66410.0,66570.0,80,66850.0,66660.0,66660.0,66430.0,9.0,2993450.0,2456
2023-05-10 21:10:28,cu2401,cu2401,66460.0,0.0,0.0,0.0,1,66410.0,66570.0,80,66850.0,66660.0,66660.0,66430.0,9.0,2993450.0,2456
2023-05-10 21:10:29,cu2401,cu2401,66460.0,0.0,0.0,0.0,1,66410.0,66560.0,1,66850.0,66660.0,66660.0,66430.0,9.0,2993450.0,2456
2023-05-10 21:10:29,cu2401,cu2401,66460.0,0.0,0.0,0.0,1,66410.0,66550.0,16,66850.0,66660.0,66660.0,66430.0,9.0,2993450.0,2456
2023-05-10 21:10:30,cu2401,cu2401,66460.0,0.0,0.0,0.0,1,66410.0,66540.0,8,66850.0,66660.0,66660.0,66430.0,9.0,2993450.0,2456
2023-05-10 21:10:30,cu2401,cu2401,66460.0,0.0,0.0,0.0,1,66410.0,66530.0,20,66850.0,66660.0,66660.0,66430.0,9.0,2993450.0,2456
2023-05-10 21:10:31,cu2401,cu2401,66460.0,0.0,0.0,0.0,12,66410.0,66520.0,7,66850.0,66660.0,66660.0,66430.0,9.0,2993450.0,2456
2023-05-10 21:10:31,cu2401,cu2401,66460.0,0.0,0.0,0.0,12,66410.0,66510.0,2,66850.0,66660.0,66660.0,66430.0,9.0,2993450.0,2456
2023-05-10 21:10:32,cu2401,cu2401,66460.0,0.0,0.0,0.0,12,66410.0,66510.0,2,66850.0,66660.0,66660.0,66430.0,9.0,2993450.0,2456
2023-05-10 21:10:33,cu2401,cu2401,66460.0,0.0,0.0,0.0,12,66410.0,66510.0,2,66850.0,66660.0,66660.0,66430.0,9.0,2993450.0,2456
2023-05-10 21:10:34,cu2401,cu2401,66460.0,0.0,0.0,0.0,12,66410.0,66500.0,1,66850.0,66660.0,66660.0,66430.0,9.0,2993450.0,2456
2023-05-10 21:10:34,cu2401,cu2401,66460.0,0.0,0.0,0.0,12,66410.0,66490.0,2,66850.0,66660.0,66660.0,66430.0,9.0,2993450.0,2456
2023-05-10 21:10:35,cu2401,cu2401,66460.0,0.0,0.0,0.0,12,66410.0,66490.0,1,66850.0,66660.0,66660.0,66430.0,9.0,2993450.0,2456
2023-05-10 21:10:36,cu2401,cu2401,66460.0,0.0,0.0,0.0,12,66410.0,66490.0,1,66850.0,66660.0,66660.0,66430.0,9.0,2993450.0,2456
2023-05-10 21:10:37,cu2401,cu2401,66460.0,0.0,0.0,0.0,1,66420.0,66490.0,1,66850.0,66660.0,66660.0,66430.0,9.0,2993450.0,2456
2023-05-10 21:10:37,cu2401,cu2401,66460.0,0.0,0.0,0.0,2,66420.0,66490.0,1,66850.0,66660.0,66660.0,66430.0,9.0,2993450.0,2456
2023-05-10 21:10:38,cu2401,cu2401,66460.0,0.0,0.0,0.0,1,66420.0,66490.0,1,66850.0,66660.0,66660.0,66430.0,9.0,2993450.0,2456
2023-05-10 21:10:40,cu2401,cu2401,66460.0,0.0,0.0,0.0,1,66420.0,66490.0,1,66850.0,66660.0,66660.0,66430.0,9.0,2993450.0,2456
2023-05-10 21:10:40,cu2401,cu2401,66460.0,0.0,0.0,0.0,1,66420.0,66490.0,1,66850.0,66660.0,66660.0,66430.0,9.0,2993450.0,2456
2023-05-10 21:10:42,cu2401,cu2401,66460.0,0.0,0.0,0.0,1,66420.0,66490.0,2,66850.0,66660.0,66660.0,66430.0,9.0,2993450.0,2456
2023-05-10 21:10:42,cu2401,cu2401,66460.0,0.0,0.0,0.0,1,66420.0,66490.0,2,66850.0,66660.0,66660.0,66430.0,9.0,2993450.0,2456
2023-05-10 21:10:43,cu2401,cu2401,66460.0,0.0,0.0,0.0,1,66420.0,66490.0,2,66850.0,66660.0,66660.0,66430.0,9.0,2993450.0,2456
2023-05-10 21:10:46,cu2401,cu2401,66460.0,0.0,0.0,0.0,1,66420.0,66490.0,2,66850.0,66660.0,66660.0,66430.0,9.0,2993450.0,2456
2023-05-10 21:10:47,cu2401,cu2401,66460.0,0.0,0.0,0.0,1,66420.0,66490.0,2,66850.0,66660.0,66660.0,66430.0,9.0,2993450.0,2456
2023-05-10 21:10:48,cu2401,cu2401,66460.0,0.0,0.0,0.0,1,66420.0,66490.0,1,66850.0,66660.0,66660.0,66430.0,9.0,2993450.0,2456
2023-05-10 21:10:50,cu2401,cu2401,66460.0,0.0,0.0,0.0,1,66420.0,66490.0,1,66850.0,66660.0,66660.0,66430.0,9.0,2993450.0,2456
2023-05-10 21:10:50,cu2401,cu2401,66460.0,0.0,0.0,0.0,1,66420.0,66490.0,1,66850.0,66660.0,66660.0,66430.0,9.0,2993450.0,2456
2023-05-10 21:10:52,cu2401,cu2401,66460.0,0.0,0.0,0.0,1,66420.0,66490.0,2,66850.0,66660.0,66660.0,66430.0,9.0,2993450.0,2456
2023-05-10 21:10:55,cu2401,cu2401,66460.0,0.0,0.0,0.0,1,66430.0,66490.0,1,66850.0,66660.0,66660.0,66430.0,9.0,2993450.0,2456
2023-05-10 21:10:56,cu2401,cu2401,66460.0,0.0,0.0,0.0,11,66410.0,66490.0,1,66850.0,66660.0,66660.0,66430.0,9.0,2993450.0,2456
2023-05-10 21:10:57,cu2401,cu2401,66460.0,0.0,0.0,0.0,2,66420.0,66490.0,1,66850.0,66660.0,66660.0,66430.0,9.0,2993450.0,2456
2023-05-10 21:10:57,cu2401,cu2401,66460.0,0.0,0.0,0.0,2,66420.0,66490.0,1,66850.0,66660.0,66660.0,66430.0,9.0,2993450.0,2456
2023-05-10 21:10:58,cu2401,cu2401,66460.0,0.0,0.0,0.0,2,66420.0,66490.0,1,66850.0,66660.0,66660.0,66430.0,9.0,2993450.0,2456
2023-05-10 21:10:59,cu2401,cu2401,66460.0,0.0,0.0,0.0,2,66420.0,66490.0,1,66850.0,66660.0,66660.0,66430.0,9.0,2993450.0,2456
2023-05-10 21:11:03,cu2401,cu2401,66460.0,0.0,0.0,0.0,2,66420.0,66490.0,1,66850.0,66660.0,66660.0,66430.0,9.0,2993450.0,2456
2023-05-10 21:11:03,cu2401,cu2401,66460.0,0.0,0.0,0.0,2,66420.0,66490.0,1,66850.0,66660.0,66660.0,66430.0,9.0,2993450.0,2456
2023-05-10 21:11:04,cu2401,cu2401,66460.0,0.0,0.0,0.0,2,66420.0,66490.0,1,66850.0,66660.0,66660.0,66430.0,9.0,2993450.0,2456
2023-05-10 21:11:05,cu2401,cu2401,66460.0,0.0,0.0,0.0,2,66420.0,66490.0,1,66850.0,66660.0,66660.0,66430.0,9.0,2993450.0,2456
2023-05-10 21:11:05,cu2401,cu2401,66460.0,0.0,0.0,0.0,2,66420.0,66490.0,1,66850.0,66660.0,66660.0,66430.0,9.0,2993450.0,2456
2023-05-10 21:11:06,cu2401,cu2401,66460.0,0.0,0.0,0.0,2,66420.0,66580.0,1,66850.0,66660.0,66660.0,66430.0,9.0,2993450.0,2456
2023-05-10 21:11:06,cu2401,cu2401,66460.0,0.0,0.0,0.0,3,66420.0,66570.0,63,66850.0,66660.0,66660.0,66430.0,9.0,2993450.0,2456
2023-05-10 21:11:07,cu2401,cu2401,66460.0,0.0,0.0,0.0,3,66420.0,66560.0,3,66850.0,66660.0,66660.0,66430.0,9.0,2993450.0,2456
2023-05-10 21:11:07,cu2401,cu2401,66460.0,0.0,0.0,0.0,3,66420.0,66550.0,17,66850.0,66660.0,66660.0,66430.0,9.0,2993450.0,2456
2023-05-10 21:11:08,cu2401,cu2401,66460.0,0.0,0.0,0.0,3,66420.0,66540.0,16,66850.0,66660.0,66660.0,66430.0,9.0,2993450.0,2456
2023-05-10 21:11:08,cu2401,cu2401,66460.0,0.0,0.0,0.0,3,66420.0,66530.0,2,66850.0,66660.0,66660.0,66430.0,9.0,2993450.0,2456
2023-05-10 21:11:09,cu2401,cu2401,66460.0,0.0,0.0,0.0,3,66420.0,66530.0,3,66850.0,66660.0,66660.0,66430.0,9.0,2993450.0,2456
2023-05-10 21:11:09,cu2401,cu2401,66460.0,0.0,0.0,0.0,3,66420.0,66530.0,3,66850.0,66660.0,66660.0,66430.0,9.0,2993450.0,2456
2023-05-10 21:11:10,cu2401,cu2401,66460.0,0.0,0.0,0.0,2,66420.0,66520.0,1,66850.0,66660.0,66660.0,66430.0,9.0,2993450.0,2456
2023-05-10 21:11:10,cu2401,cu2401,66460.0,0.0,0.0,0.0,2,66420.0,66510.0,2,66850.0,66660.0,66660.0,66430.0,9.0,2993450.0,2456
2023-05-10 21:11:11,cu2401,cu2401,66460.0,0.0,0.0,0.0,2,66420.0,66510.0,1,66850.0,66660.0,66660.0,66430.0,9.0,2993450.0,2456
2023-05-10 21:11:12,cu2401,cu2401,66460.0,0.0,0.0,0.0,2,66420.0,66510.0,1,66850.0,66660.0,66660.0,66430.0,9.0,2993450.0,2456
2023-05-10 21:11:13,cu2401,cu2401,66460.0,0.0,0.0,0.0,2,66420.0,66510.0,2,66850.0,66660.0,66660.0,66430.0,9.0,2993450.0,2456
2023-05-10 21:11:14,cu2401,cu2401,66460.0,0.0,0.0,0.0,3,66420.0,66510.0,2,66850.0,66660.0,66660.0,66430.0,9.0,2993450.0,2456
2023-05-10 21:11:15,cu2401,cu2401,66460.0,0.0,0.0,0.0,2,66420.0,66510.0,2,66850.0,66660.0,66660.0,66430.0,9.0,2993450.0,2456
2023-05-10 21:11:16,cu2401,cu2401,66460.0,0.0,0.0,0.0,2,66420.0,66510.0,2,66850.0,66660.0,66660.0,66430.0,9.0,2993450.0,2456
2023-05-10 21:11:17,cu2401,cu2401,66460.0,0.0,0.0,0.0,2,66420.0,66510.0,2,66850.0,66660.0,66660.0,66430.0,9.0,2993450.0,2456
2023-05-10 21:11:19,cu2401,cu2401,66460.0,0.0,0.0,0.0,2,66420.0,66510.0,2,66850.0,66660.0,66660.0,66430.0,9.0,2993450.0,2456
2023-05-10 21:11:19,cu2401,cu2401,66460.0,0.0,0.0,0.0,2,66420.0,66510.0,2,66850.0,66660.0,66660.0,66430.0,9.0,2993450.0,2456
2023-05-10 21:11:20,cu2401,cu2401,66460.0,0.0,0.0,0.0,3,66420.0,66510.0,2,66850.0,66660.0,66660.0,66430.0,9.0,2993450.0,2456
2023-05-10 21:11:22,cu2401,cu2401,66460.0,0.0,0.0,0.0,3,66420.0,66510.0,1,66850.0,66660.0,66660.0,66430.0,9.0,2993450.0,2456
2023-05-10 21:11:23,cu2401,cu2401,66460.0,0.0,0.0,0.0,3,66420.0,66510.0,1,66850.0,66660.0,66660.0,66430.0,9.0,2993450.0,2456
2023-05-10 21:11:23,cu2401,cu2401,66460.0,0.0,0.0,0.0,3,66420.0,66510.0,1,66850.0,66660.0,66660.0,66430.0,9.0,2993450.0,2456
2023-05-10 21:11:24,cu2401,cu2401,66460.0,0.0,0.0,0.0,4,66420.0,66510.0,1,66850.0,66660.0,66660.0,66430.0,9.0,2993450.0,2456
2023-05-10 21:11:27,cu2401,cu2401,66460.0,0.0,0.0,0.0,4,66420.0,66510.0,1,66850.0,66660.0,66660.0,66430.0,9.0,2993450.0,2456
2023-05-10 21:11:27,cu2401,cu2401,66460.0,0.0,0.0,0.0,4,66420.0,66570.0,1,66850.0,66660.0,66660.0,66430.0,9.0,2993450.0,2456
2023-05-10 21:11:28,cu2401,cu2401,66460.0,0.0,0.0,0.0,4,66420.0,66560.0,60,66850.0,66660.0,66660.0,66430.0,9.0,2993450.0,2456
2023-05-10 21:11:28,cu2401,cu2401,66460.0,0.0,0.0,0.0,1,66430.0,66560.0,60,66850.0,66660.0,66660.0,66430.0,9.0,2993450.0,2456
2023-05-10 21:11:29,cu2401,cu2401,66460.0,0.0,0.0,0.0,1,66440.0,66560.0,60,66850.0,66660.0,66660.0,66430.0,9.0,2993450.0,2456
2023-05-10 21:11:29,cu2401,cu2401,66460.0,0.0,0.0,0.0,1,66440.0,66550.0,4,66850.0,66660.0,66660.0,66430.0,9.0,2993450.0,2456
2023-05-10 21:11:30,cu2401,cu2401,66460.0,0.0,0.0,0.0,1,66440.0,66540.0,22,66850.0,66660.0,66660.0,66430.0,9.0,2993450.0,2456
2023-05-10 21:11:30,cu2401,cu2401,66460.0,0.0,0.0,0.0,1,66440.0,66540.0,40,66850.0,66660.0,66660.0,66430.0,9.0,2993450.0,2456
2023-05-10 21:11:31,cu2401,cu2401,66460.0,0.0,0.0,0.0,1,66440.0,66530.0,1,66850.0,66660.0,66660.0,66430.0,9.0,2993450.0,2456
2023-05-10 21:11:31,cu2401,cu2401,66460.0,0.0,0.0,0.0,1,66440.0,66520.0,1,66850.0,66660.0,66660.0,66430.0,9.0,2993450.0,2456
2023-05-10 21:11:32,cu2401,cu2401,66460.0,0.0,0.0,0.0,1,66440.0,66520.0,1,66850.0,66660.0,66660.0,66430.0,9.0,2993450.0,2456
2023-05-10 21:11:33,cu2401,cu2401,66460.0,0.0,0.0,0.0,1,66440.0,66520.0,1,66850.0,66660.0,66660.0,66430.0,9.0,2993450.0,2456
2023-05-10 21:11:33,cu2401,cu2401,66460.0,0.0,0.0,0.0,1,66440.0,66520.0,1,66850.0,66660.0,66660.0,66430.0,9.0,2993450.0,2456
2023-05-10 21:11:34,cu2401,cu2401,66460.0,0.0,0.0,0.0,1,66440.0,66520.0,2,66850.0,66660.0,66660.0,66430.0,9.0,2993450.0,2456
2023-05-10 21:11:34,cu2401,cu2401,66460.0,0.0,0.0,0.0,1,66440.0,66520.0,2,66850.0,66660.0,66660.0,66430.0,9.0,2993450.0,2456
2023-05-10 21:11:37,cu2401,cu2401,66460.0,0.0,0.0,0.0,17,66440.0,66520.0,2,66850.0,66660.0,66660.0,66430.0,9.0,2993450.0,2456
2023-05-10 21:11:37,cu2401,cu2401,66460.0,0.0,0.0,0.0,17,66440.0,66520.0,2,66850.0,66660.0,66660.0,66430.0,9.0,2993450.0,2456
2023-05-10 21:11:39,cu2401,cu2401,66460.0,0.0,0.0,0.0,17,66440.0,66520.0,2,66850.0,66660.0,66660.0,66430.0,9.0,2993450.0,2456
2023-05-10 21:11:40,cu2401,cu2401,66460.0,0.0,0.0,0.0,17,66440.0,66520.0,2,66850.0,66660.0,66660.0,66430.0,9.0,2993450.0,2456
2023-05-10 21:11:44,cu2401,cu2401,66460.0,0.0,0.0,0.0,1,66450.0,66520.0,2,66850.0,66660.0,66660.0,66430.0,9.0,2993450.0,2456
2023-05-10 21:11:44,cu2401,cu2401,66460.0,0.0,0.0,0.0,1,66460.0,66510.0,1,66850.0,66660.0,66660.0,66430.0,9.0,2993450.0,2456
2023-05-10 21:11:47,cu2401,cu2401,66460.0,0.0,0.0,0.0,16,66440.0,66510.0,1,66850.0,66660.0,66660.0,66430.0,9.0,2993450.0,2456
2023-05-10 21:11:47,cu2401,cu2401,66460.0,0.0,0.0,0.0,1,66450.0,66510.0,1,66850.0,66660.0,66660.0,66430.0,9.0,2993450.0,2456
2023-05-10 21:11:58,cu2401,cu2401,66460.0,0.0,0.0,0.0,11,66410.0,66500.0,1,66850.0,66660.0,66660.0,66430.0,9.0,2993450.0,2456
2023-05-10 21:11:58,cu2401,cu2401,66460.0,0.0,0.0,0.0,2,66420.0,66500.0,1,66850.0,66660.0,66660.0,66430.0,9.0,2993450.0,2456
2023-05-10 21:11:59,cu2401,cu2401,66460.0,0.0,0.0,0.0,1,66430.0,66500.0,1,66850.0,66660.0,66660.0,66430.0,9.0,2993450.0,2456
2023-05-10 21:11:59,cu2401,cu2401,66460.0,0.0,0.0,0.0,1,66440.0,66500.0,1,66850.0,66660.0,66660.0,66430.0,9.0,2993450.0,2456
2023-05-10 21:12:02,cu2401,cu2401,66460.0,0.0,0.0,0.0,1,66430.0,66500.0,1,66850.0,66660.0,66660.0,66430.0,9.0,2993450.0,2456
2023-05-10 21:12:03,cu2401,cu2401,66460.0,0.0,0.0,0.0,1,66430.0,66500.0,1,66850.0,66660.0,66660.0,66430.0,9.0,2993450.0,2456
2023-05-10 21:12:05,cu2401,cu2401,66460.0,0.0,0.0,0.0,1,66440.0,66500.0,1,66850.0,66660.0,66660.0,66430.0,9.0,2993450.0,2456
2023-05-10 21:12:06,cu2401,cu2401,66460.0,0.0,0.0,0.0,1,66440.0,66510.0,1,66850.0,66660.0,66660.0,66430.0,9.0,2993450.0,2456
2023-05-10 21:12:06,cu2401,cu2401,66460.0,0.0,0.0,0.0,1,66440.0,66510.0,2,66850.0,66660.0,66660.0,66430.0,9.0,2993450.0,2456
2023-05-10 21:12:07,cu2401,cu2401,66460.0,0.0,0.0,0.0,1,66450.0,66510.0,1,66850.0,66660.0,66660.0,66430.0,9.0,2993450.0,2456
2023-05-10 21:12:08,cu2401,cu2401,66460.0,0.0,0.0,0.0,1,66450.0,66510.0,1,66850.0,66660.0,66660.0,66430.0,9.0,2993450.0,2456
2023-05-10 21:12:09,cu2401,cu2401,66460.0,0.0,0.0,0.0,1,66450.0,66510.0,2,66850.0,66660.0,66660.0,66430.0,9.0,2993450.0,2456
2023-05-10 21:12:11,cu2401,cu2401,66460.0,0.0,0.0,0.0,1,66460.0,66510.0,1,66850.0,66660.0,66660.0,66430.0,9.0,2993450.0,2456
2023-05-10 21:12:13,cu2401,cu2401,66460.0,0.0,0.0,0.0,1,66460.0,66510.0,1,66850.0,66660.0,66660.0,66430.0,9.0,2993450.0,2456
2023-05-10 21:12:14,cu2401,cu2401,66460.0,0.0,0.0,0.0,1,66460.0,66510.0,1,66850.0,66660.0,66660.0,66430.0,9.0,2993450.0,2456
2023-05-10 21:12:14,cu2401,cu2401,66460.0,0.0,0.0,0.0,1,66460.0,66510.0,1,66850.0,66660.0,66660.0,66430.0,9.0,2993450.0,2456
2023-05-10 21:12:15,cu2401,cu2401,66460.0,0.0,0.0,0.0,1,66460.0,66510.0,1,66850.0,66660.0,66660.0,66430.0,9.0,2993450.0,2456
2023-05-10 21:12:22,cu2401,cu2401,66460.0,0.0,0.0,0.0,1,66460.0,66510.0,1,66850.0,66660.0,66660.0,66430.0,9.0,2993450.0,2456
2023-05-10 21:12:23,cu2401,cu2401,66460.0,0.0,0.0,0.0,1,66460.0,66510.0,1,66850.0,66660.0,66660.0,66430.0,9.0,2993450.0,2456
2023-05-10 21:12:26,cu2401,cu2401,66460.0,0.0,0.0,0.0,1,66460.0,66510.0,1,66850.0,66660.0,66660.0,66430.0,9.0,2993450.0,2456
2023-05-10 21:12:27,cu2401,cu2401,66460.0,0.0,0.0,0.0,1,66460.0,66510.0,1,66850.0,66660.0,66660.0,66430.0,9.0,2993450.0,2456
2023-05-10 21:12:27,cu2401,cu2401,66460.0,0.0,0.0,0.0,1,66460.0,66510.0,1,66850.0,66660.0,66660.0,66430.0,9.0,2993450.0,2456
2023-05-10 21:12:28,cu2401,cu2401,66460.0,0.0,0.0,0.0,1,66460.0,66510.0,1,66850.0,66660.0,66660.0,66430.0,9.0,2993450.0,2456
2023-05-10 21:12:29,cu2401,cu2401,66460.0,0.0,0.0,0.0,1,66460.0,66510.0,1,66850.0,66660.0,66660.0,66430.0,9.0,2993450.0,2456
2023-05-10 21:12:29,cu2401,cu2401,66510.0,1.0,332550.0,0.0,11,66410.0,66570.0,1,66850.0,66660.0,66660.0,66430.0,10.0,3326000.0,2456
2023-05-10 21:12:30,cu2401,cu2401,66510.0,0.0,0.0,0.0,1,66430.0,66560.0,57,66850.0,66660.0,66660.0,66430.0,10.0,3326000.0,2456
2023-05-10 21:12:30,cu2401,cu2401,66510.0,0.0,0.0,0.0,1,66440.0,66560.0,62,66850.0,66660.0,66660.0,66430.0,10.0,3326000.0,2456
2023-05-10 21:12:31,cu2401,cu2401,66510.0,0.0,0.0,0.0,1,66440.0,66560.0,62,66850.0,66660.0,66660.0,66430.0,10.0,3326000.0,2456
2023-05-10 21:12:32,cu2401,cu2401,66510.0,0.0,0.0,0.0,1,66440.0,66560.0,62,66850.0,66660.0,66660.0,66430.0,10.0,3326000.0,2456
2023-05-10 21:12:33,cu2401,cu2401,66510.0,0.0,0.0,0.0,1,66440.0,66560.0,62,66850.0,66660.0,66660.0,66430.0,10.0,3326000.0,2456
2023-05-10 21:12:34,cu2401,cu2401,66510.0,0.0,0.0,0.0,1,66440.0,66560.0,62,66850.0,66660.0,66660.0,66430.0,10.0,3326000.0,2456
2023-05-10 21:12:35,cu2401,cu2401,66510.0,0.0,0.0,0.0,1,66440.0,66560.0,62,66850.0,66660.0,66660.0,66430.0,10.0,3326000.0,2456
2023-05-10 21:12:35,cu2401,cu2401,66510.0,0.0,0.0,0.0,1,66440.0,66560.0,62,66850.0,66660.0,66660.0,66430.0,10.0,3326000.0,2456
2023-05-10 21:12:40,cu2401,cu2401,66510.0,0.0,0.0,0.0,17,66440.0,66560.0,62,66850.0,66660.0,66660.0,66430.0,10.0,3326000.0,2456
2023-05-10 21:12:40,cu2401,cu2401,66510.0,0.0,0.0,0.0,17,66440.0,66560.0,62,66850.0,66660.0,66660.0,66430.0,10.0,3326000.0,2456
2023-05-10 21:12:41,cu2401,cu2401,66510.0,0.0,0.0,0.0,17,66440.0,66560.0,62,66850.0,66660.0,66660.0,66430.0,10.0,3326000.0,2456
2023-05-10 21:12:42,cu2401,cu2401,66510.0,0.0,0.0,0.0,17,66440.0,66550.0,3,66850.0,66660.0,66660.0,66430.0,10.0,3326000.0,2456
2023-05-10 21:12:42,cu2401,cu2401,66510.0,0.0,0.0,0.0,17,66440.0,66540.0,2,66850.0,66660.0,66660.0,66430.0,10.0,3326000.0,2456
2023-05-10 21:12:43,cu2401,cu2401,66510.0,0.0,0.0,0.0,17,66440.0,66540.0,3,66850.0,66660.0,66660.0,66430.0,10.0,3326000.0,2456
2023-05-10 21:12:44,cu2401,cu2401,66510.0,0.0,0.0,0.0,17,66440.0,66540.0,3,66850.0,66660.0,66660.0,66430.0,10.0,3326000.0,2456
2023-05-10 21:12:44,cu2401,cu2401,66510.0,0.0,0.0,0.0,17,66440.0,66540.0,3,66850.0,66660.0,66660.0,66430.0,10.0,3326000.0,2456
2023-05-10 21:12:45,cu2401,cu2401,66510.0,0.0,0.0,0.0,17,66440.0,66540.0,3,66850.0,66660.0,66660.0,66430.0,10.0,3326000.0,2456
2023-05-10 21:12:47,cu2401,cu2401,66510.0,0.0,0.0,0.0,17,66440.0,66540.0,3,66850.0,66660.0,66660.0,66430.0,10.0,3326000.0,2456
2023-05-10 21:12:59,cu2401,cu2401,66510.0,0.0,0.0,0.0,1,66450.0,66540.0,2,66850.0,66660.0,66660.0,66430.0,10.0,3326000.0,2456
2023-05-10 21:13:00,cu2401,cu2401,66510.0,0.0,0.0,0.0,1,66460.0,66540.0,2,66850.0,66660.0,66660.0,66430.0,10.0,3326000.0,2456
2023-05-10 21:13:00,cu2401,cu2401,66510.0,0.0,0.0,0.0,1,66460.0,66540.0,2,66850.0,66660.0,66660.0,66430.0,10.0,3326000.0,2456
2023-05-10 21:13:01,cu2401,cu2401,66510.0,0.0,0.0,0.0,1,66460.0,66530.0,1,66850.0,66660.0,66660.0,66430.0,10.0,3326000.0,2456
2023-05-10 21:13:01,cu2401,cu2401,66510.0,0.0,0.0,0.0,1,66460.0,66530.0,2,66850.0,66660.0,66660.0,66430.0,10.0,3326000.0,2456
2023-05-10 21:13:02,cu2401,cu2401,66510.0,0.0,0.0,0.0,1,66460.0,66530.0,3,66850.0,66660.0,66660.0,66430.0,10.0,3326000.0,2456
2023-05-10 21:13:08,cu2401,cu2401,66510.0,0.0,0.0,0.0,1,66460.0,66520.0,1,66850.0,66660.0,66660.0,66430.0,10.0,3326000.0,2456
2023-05-10 21:13:08,cu2401,cu2401,66510.0,0.0,0.0,0.0,1,66460.0,66530.0,1,66850.0,66660.0,66660.0,66430.0,10.0,3326000.0,2456
2023-05-10 21:13:09,cu2401,cu2401,66510.0,0.0,0.0,0.0,1,66460.0,66530.0,3,66850.0,66660.0,66660.0,66430.0,10.0,3326000.0,2456
2023-05-10 21:13:15,cu2401,cu2401,66510.0,0.0,0.0,0.0,1,66460.0,66530.0,2,66850.0,66660.0,66660.0,66430.0,10.0,3326000.0,2456
2023-05-10 21:13:15,cu2401,cu2401,66510.0,0.0,0.0,0.0,1,66460.0,66520.0,1,66850.0,66660.0,66660.0,66430.0,10.0,3326000.0,2456
2023-05-10 21:13:16,cu2401,cu2401,66510.0,0.0,0.0,0.0,1,66460.0,66520.0,1,66850.0,66660.0,66660.0,66430.0,10.0,3326000.0,2456
2023-05-10 21:13:18,cu2401,cu2401,66510.0,0.0,0.0,0.0,1,66460.0,66530.0,1,66850.0,66660.0,66660.0,66430.0,10.0,3326000.0,2456
2023-05-10 21:13:18,cu2401,cu2401,66510.0,0.0,0.0,0.0,1,66460.0,66530.0,3,66850.0,66660.0,66660.0,66430.0,10.0,3326000.0,2456
2023-05-10 21:13:25,cu2401,cu2401,66510.0,0.0,0.0,0.0,1,66460.0,66530.0,2,66850.0,66660.0,66660.0,66430.0,10.0,3326000.0,2456
2023-05-10 21:13:26,cu2401,cu2401,66510.0,0.0,0.0,0.0,1,66460.0,66530.0,3,66850.0,66660.0,66660.0,66430.0,10.0,3326000.0,2456
2023-05-10 21:13:27,cu2401,cu2401,66510.0,0.0,0.0,0.0,1,66460.0,66520.0,1,66850.0,66660.0,66660.0,66430.0,10.0,3326000.0,2456
2023-05-10 21:13:27,cu2401,cu2401,66510.0,0.0,0.0,0.0,1,66460.0,66520.0,1,66850.0,66660.0,66660.0,66430.0,10.0,3326000.0,2456
2023-05-10 21:13:29,cu2401,cu2401,66510.0,0.0,0.0,0.0,1,66460.0,66520.0,1,66850.0,66660.0,66660.0,66430.0,10.0,3326000.0,2456
2023-05-10 21:13:29,cu2401,cu2401,66510.0,0.0,0.0,0.0,1,66460.0,66570.0,1,66850.0,66660.0,66660.0,66430.0,10.0,3326000.0,2456
2023-05-10 21:13:30,cu2401,cu2401,66510.0,0.0,0.0,0.0,1,66460.0,66560.0,62,66850.0,66660.0,66660.0,66430.0,10.0,3326000.0,2456
2023-05-10 21:13:33,cu2401,cu2401,66510.0,0.0,0.0,0.0,1,66460.0,66550.0,1,66850.0,66660.0,66660.0,66430.0,10.0,3326000.0,2456
2023-05-10 21:13:33,cu2401,cu2401,66510.0,0.0,0.0,0.0,1,66460.0,66540.0,1,66850.0,66660.0,66660.0,66430.0,10.0,3326000.0,2456
2023-05-10 21:13:35,cu2401,cu2401,66510.0,0.0,0.0,0.0,1,66460.0,66540.0,1,66850.0,66660.0,66660.0,66430.0,10.0,3326000.0,2456
2023-05-10 21:13:36,cu2401,cu2401,66510.0,0.0,0.0,0.0,1,66460.0,66540.0,2,66850.0,66660.0,66660.0,66430.0,10.0,3326000.0,2456
2023-05-10 21:13:37,cu2401,cu2401,66510.0,0.0,0.0,0.0,1,66460.0,66540.0,2,66850.0,66660.0,66660.0,66430.0,10.0,3326000.0,2456
2023-05-10 21:13:37,cu2401,cu2401,66510.0,0.0,0.0,0.0,1,66470.0,66540.0,2,66850.0,66660.0,66660.0,66430.0,10.0,3326000.0,2456
2023-05-10 21:13:38,cu2401,cu2401,66510.0,0.0,0.0,0.0,1,66480.0,66540.0,1,66850.0,66660.0,66660.0,66430.0,10.0,3326000.0,2456
2023-05-10 21:13:38,cu2401,cu2401,66510.0,0.0,0.0,0.0,1,66480.0,66620.0,1,66850.0,66660.0,66660.0,66430.0,10.0,3326000.0,2456
2023-05-10 21:13:39,cu2401,cu2401,66510.0,0.0,0.0,0.0,1,66480.0,66610.0,77,66850.0,66660.0,66660.0,66430.0,10.0,3326000.0,2456
2023-05-10 21:13:40,cu2401,cu2401,66510.0,0.0,0.0,0.0,1,66480.0,66610.0,77,66850.0,66660.0,66660.0,66430.0,10.0,3326000.0,2456
2023-05-10 21:13:41,cu2401,cu2401,66510.0,0.0,0.0,0.0,1,66480.0,66600.0,8,66850.0,66660.0,66660.0,66430.0,10.0,3326000.0,2456
2023-05-10 21:13:41,cu2401,cu2401,66510.0,0.0,0.0,0.0,1,66480.0,66590.0,11,66850.0,66660.0,66660.0,66430.0,10.0,3326000.0,2456
2023-05-10 21:13:42,cu2401,cu2401,66510.0,0.0,0.0,0.0,1,66480.0,66580.0,12,66850.0,66660.0,66660.0,66430.0,10.0,3326000.0,2456
2023-05-10 21:13:42,cu2401,cu2401,66510.0,0.0,0.0,0.0,1,66480.0,66570.0,10,66850.0,66660.0,66660.0,66430.0,10.0,3326000.0,2456
2023-05-10 21:13:43,cu2401,cu2401,66510.0,0.0,0.0,0.0,1,66480.0,66560.0,21,66850.0,66660.0,66660.0,66430.0,10.0,3326000.0,2456
2023-05-10 21:13:43,cu2401,cu2401,66510.0,0.0,0.0,0.0,1,66480.0,66560.0,44,66850.0,66660.0,66660.0,66430.0,10.0,3326000.0,2456
2023-05-10 21:13:44,cu2401,cu2401,66510.0,0.0,0.0,0.0,1,66480.0,66560.0,44,66850.0,66660.0,66660.0,66430.0,10.0,3326000.0,2456
2023-05-10 21:13:51,cu2401,cu2401,66510.0,0.0,0.0,0.0,1,66480.0,66560.0,6,66850.0,66660.0,66660.0,66430.0,10.0,3326000.0,2456
2023-05-10 21:13:52,cu2401,cu2401,66510.0,0.0,0.0,0.0,2,66480.0,66560.0,1,66850.0,66660.0,66660.0,66430.0,10.0,3326000.0,2456
2023-05-10 21:13:53,cu2401,cu2401,66510.0,0.0,0.0,0.0,1,66480.0,66560.0,1,66850.0,66660.0,66660.0,66430.0,10.0,3326000.0,2456
2023-05-10 21:13:54,cu2401,cu2401,66510.0,0.0,0.0,0.0,2,66480.0,66560.0,1,66850.0,66660.0,66660.0,66430.0,10.0,3326000.0,2456
2023-05-10 21:13:54,cu2401,cu2401,66510.0,0.0,0.0,0.0,1,66480.0,66560.0,1,66850.0,66660.0,66660.0,66430.0,10.0,3326000.0,2456
2023-05-10 21:13:55,cu2401,cu2401,66510.0,0.0,0.0,0.0,1,66480.0,66550.0,1,66850.0,66660.0,66660.0,66430.0,10.0,3326000.0,2456
2023-05-10 21:13:57,cu2401,cu2401,66510.0,0.0,0.0,0.0,1,66480.0,66550.0,1,66850.0,66660.0,66660.0,66430.0,10.0,3326000.0,2456
2023-05-10 21:13:58,cu2401,cu2401,66510.0,0.0,0.0,0.0,1,66480.0,66550.0,2,66850.0,66660.0,66660.0,66430.0,10.0,3326000.0,2456
2023-05-10 21:14:00,cu2401,cu2401,66510.0,0.0,0.0,0.0,11,66410.0,66550.0,2,66850.0,66660.0,66660.0,66430.0,10.0,3326000.0,2456
2023-05-10 21:14:01,cu2401,cu2401,66510.0,0.0,0.0,0.0,1,66450.0,66550.0,2,66850.0,66660.0,66660.0,66430.0,10.0,3326000.0,2456
2023-05-10 21:14:01,cu2401,cu2401,66510.0,0.0,0.0,0.0,2,66460.0,66550.0,2,66850.0,66660.0,66660.0,66430.0,10.0,3326000.0,2456
2023-05-10 21:14:02,cu2401,cu2401,66510.0,0.0,0.0,0.0,2,66460.0,66550.0,2,66850.0,66660.0,66660.0,66430.0,10.0,3326000.0,2456
2023-05-10 21:14:04,cu2401,cu2401,66510.0,0.0,0.0,0.0,2,66460.0,66550.0,2,66850.0,66660.0,66660.0,66430.0,10.0,3326000.0,2456
2023-05-10 21:14:04,cu2401,cu2401,66510.0,0.0,0.0,0.0,2,66460.0,66550.0,2,66850.0,66660.0,66660.0,66430.0,10.0,3326000.0,2456
2023-05-10 21:14:05,cu2401,cu2401,66510.0,0.0,0.0,0.0,16,66470.0,66550.0,2,66850.0,66660.0,66660.0,66430.0,10.0,3326000.0,2456
2023-05-10 21:14:05,cu2401,cu2401,66510.0,0.0,0.0,0.0,17,66470.0,66550.0,2,66850.0,66660.0,66660.0,66430.0,10.0,3326000.0,2456
2023-05-10 21:14:06,cu2401,cu2401,66510.0,0.0,0.0,0.0,17,66470.0,66550.0,2,66850.0,66660.0,66660.0,66430.0,10.0,3326000.0,2456
2023-05-10 21:14:08,cu2401,cu2401,66510.0,0.0,0.0,0.0,1,66480.0,66550.0,2,66850.0,66660.0,66660.0,66430.0,10.0,3326000.0,2456
2023-05-10 21:14:09,cu2401,cu2401,66510.0,0.0,0.0,0.0,1,66480.0,66550.0,1,66850.0,66660.0,66660.0,66430.0,10.0,3326000.0,2456
2023-05-10 21:14:12,cu2401,cu2401,66510.0,0.0,0.0,0.0,1,66480.0,66550.0,1,66850.0,66660.0,66660.0,66430.0,10.0,3326000.0,2456
2023-05-10 21:14:13,cu2401,cu2401,66510.0,0.0,0.0,0.0,1,66480.0,66550.0,1,66850.0,66660.0,66660.0,66430.0,10.0,3326000.0,2456
2023-05-10 21:14:15,cu2401,cu2401,66510.0,0.0,0.0,0.0,1,66480.0,66620.0,1,66850.0,66660.0,66660.0,66430.0,10.0,3326000.0,2456
2023-05-10 21:14:15,cu2401,cu2401,66510.0,0.0,0.0,0.0,1,66480.0,66610.0,61,66850.0,66660.0,66660.0,66430.0,10.0,3326000.0,2456
2023-05-10 21:14:16,cu2401,cu2401,66510.0,0.0,0.0,0.0,1,66480.0,66610.0,65,66850.0,66660.0,66660.0,66430.0,10.0,3326000.0,2456
2023-05-10 21:14:16,cu2401,cu2401,66510.0,0.0,0.0,0.0,1,66480.0,66610.0,65,66850.0,66660.0,66660.0,66430.0,10.0,3326000.0,2456
2023-05-10 21:14:17,cu2401,cu2401,66510.0,0.0,0.0,0.0,1,66480.0,66610.0,65,66850.0,66660.0,66660.0,66430.0,10.0,3326000.0,2456
2023-05-10 21:14:18,cu2401,cu2401,66510.0,0.0,0.0,0.0,1,66480.0,66610.0,65,66850.0,66660.0,66660.0,66430.0,10.0,3326000.0,2456
2023-05-10 21:14:18,cu2401,cu2401,66510.0,0.0,0.0,0.0,1,66480.0,66610.0,65,66850.0,66660.0,66660.0,66430.0,10.0,3326000.0,2456
2023-05-10 21:14:19,cu2401,cu2401,66510.0,0.0,0.0,0.0,1,66480.0,66610.0,66,66850.0,66660.0,66660.0,66430.0,10.0,3326000.0,2456
2023-05-10 21:14:20,cu2401,cu2401,66510.0,0.0,0.0,0.0,1,66480.0,66610.0,64,66850.0,66660.0,66660.0,66430.0,10.0,3326000.0,2456
2023-05-10 21:14:21,cu2401,cu2401,66510.0,0.0,0.0,0.0,1,66480.0,66610.0,63,66850.0,66660.0,66660.0,66430.0,10.0,3326000.0,2456
2023-05-10 21:14:21,cu2401,cu2401,66510.0,0.0,0.0,0.0,1,66480.0,66600.0,1,66850.0,66660.0,66660.0,66430.0,10.0,3326000.0,2456
2023-05-10 21:14:22,cu2401,cu2401,66510.0,0.0,0.0,0.0,1,66480.0,66590.0,2,66850.0,66660.0,66660.0,66430.0,10.0,3326000.0,2456
2023-05-10 21:14:22,cu2401,cu2401,66510.0,0.0,0.0,0.0,1,66480.0,66580.0,1,66850.0,66660.0,66660.0,66430.0,10.0,3326000.0,2456
2023-05-10 21:14:23,cu2401,cu2401,66510.0,0.0,0.0,0.0,1,66480.0,66570.0,2,66850.0,66660.0,66660.0,66430.0,10.0,3326000.0,2456
2023-05-10 21:14:23,cu2401,cu2401,66510.0,0.0,0.0,0.0,1,66480.0,66570.0,2,66850.0,66660.0,66660.0,66430.0,10.0,3326000.0,2456
2023-05-10 21:14:25,cu2401,cu2401,66510.0,0.0,0.0,0.0,1,66480.0,66570.0,2,66850.0,66660.0,66660.0,66430.0,10.0,3326000.0,2456
2023-05-10 21:14:26,cu2401,cu2401,66510.0,0.0,0.0,0.0,1,66480.0,66560.0,1,66850.0,66660.0,66660.0,66430.0,10.0,3326000.0,2456
2023-05-10 21:14:26,cu2401,cu2401,66510.0,0.0,0.0,0.0,1,66480.0,66560.0,2,66850.0,66660.0,66660.0,66430.0,10.0,3326000.0,2456
2023-05-10 21:14:27,cu2401,cu2401,66510.0,0.0,0.0,0.0,1,66480.0,66550.0,1,66850.0,66660.0,66660.0,66430.0,10.0,3326000.0,2456
2023-05-10 21:14:28,cu2401,cu2401,66510.0,0.0,0.0,0.0,1,66480.0,66550.0,1,66850.0,66660.0,66660.0,66430.0,10.0,3326000.0,2456
2023-05-10 21:14:30,cu2401,cu2401,66510.0,0.0,0.0,0.0,1,66500.0,66570.0,1,66850.0,66660.0,66660.0,66430.0,10.0,3326000.0,2456
2023-05-10 21:14:31,cu2401,cu2401,66510.0,0.0,0.0,0.0,1,66500.0,66560.0,2,66850.0,66660.0,66660.0,66430.0,10.0,3326000.0,2456
2023-05-10 21:14:31,cu2401,cu2401,66510.0,0.0,0.0,0.0,1,66500.0,66560.0,2,66850.0,66660.0,66660.0,66430.0,10.0,3326000.0,2456
2023-05-10 21:14:32,cu2401,cu2401,66510.0,0.0,0.0,0.0,1,66500.0,66560.0,2,66850.0,66660.0,66660.0,66430.0,10.0,3326000.0,2456
2023-05-10 21:14:47,cu2401,cu2401,66510.0,0.0,0.0,0.0,1,66500.0,66560.0,2,66850.0,66660.0,66660.0,66430.0,10.0,3326000.0,2456
2023-05-10 21:14:48,cu2401,cu2401,66510.0,0.0,0.0,0.0,1,66500.0,66560.0,2,66850.0,66660.0,66660.0,66430.0,10.0,3326000.0,2456
2023-05-10 21:14:49,cu2401,cu2401,66510.0,0.0,0.0,0.0,1,66500.0,66560.0,2,66850.0,66660.0,66660.0,66430.0,10.0,3326000.0,2456
2023-05-10 21:14:50,cu2401,cu2401,66510.0,0.0,0.0,0.0,1,66500.0,66550.0,1,66850.0,66660.0,66660.0,66430.0,10.0,3326000.0,2456
2023-05-10 21:14:50,cu2401,cu2401,66510.0,0.0,0.0,0.0,1,66500.0,66540.0,1,66850.0,66660.0,66660.0,66430.0,10.0,3326000.0,2456
2023-05-10 21:14:51,cu2401,cu2401,66510.0,0.0,0.0,0.0,1,66500.0,66540.0,1,66850.0,66660.0,66660.0,66430.0,10.0,3326000.0,2456
2023-05-10 21:14:53,cu2401,cu2401,66510.0,0.0,0.0,0.0,1,66500.0,66540.0,1,66850.0,66660.0,66660.0,66430.0,10.0,3326000.0,2456
2023-05-10 21:14:54,cu2401,cu2401,66510.0,0.0,0.0,0.0,1,66500.0,66540.0,1,66850.0,66660.0,66660.0,66430.0,10.0,3326000.0,2456
2023-05-10 21:14:54,cu2401,cu2401,66510.0,0.0,0.0,0.0,1,66500.0,66540.0,1,66850.0,66660.0,66660.0,66430.0,10.0,3326000.0,2456
2023-05-10 21:14:55,cu2401,cu2401,66510.0,0.0,0.0,0.0,1,66500.0,66540.0,1,66850.0,66660.0,66660.0,66430.0,10.0,3326000.0,2456
2023-05-10 21:14:56,cu2401,cu2401,66510.0,0.0,0.0,0.0,1,66500.0,66540.0,1,66850.0,66660.0,66660.0,66430.0,10.0,3326000.0,2456
2023-05-10 21:14:57,cu2401,cu2401,66510.0,0.0,0.0,0.0,1,66500.0,66540.0,2,66850.0,66660.0,66660.0,66430.0,10.0,3326000.0,2456
2023-05-10 21:14:57,cu2401,cu2401,66510.0,0.0,0.0,0.0,1,66500.0,66540.0,2,66850.0,66660.0,66660.0,66430.0,10.0,3326000.0,2456
2023-05-10 21:14:58,cu2401,cu2401,66510.0,0.0,0.0,0.0,1,66500.0,66540.0,2,66850.0,66660.0,66660.0,66430.0,10.0,3326000.0,2456
2023-05-10 21:14:59,cu2401,cu2401,66510.0,0.0,0.0,0.0,1,66500.0,66540.0,1,66850.0,66660.0,66660.0,66430.0,10.0,3326000.0,2456
2023-05-10 21:15:00,cu2401,cu2401,66510.0,0.0,0.0,0.0,1,66500.0,66550.0,1,66850.0,66660.0,66660.0,66430.0,10.0,3326000.0,2456
2023-05-10 21:15:01,cu2401,cu2401,66510.0,0.0,0.0,0.0,1,66500.0,66550.0,2,66850.0,66660.0,66660.0,66430.0,10.0,3326000.0,2456
2023-05-10 21:15:01,cu2401,cu2401,66510.0,0.0,0.0,0.0,1,66500.0,66540.0,1,66850.0,66660.0,66660.0,66430.0,10.0,3326000.0,2456
2023-05-10 21:15:24,cu2401,cu2401,66510.0,0.0,0.0,0.0,1,66500.0,66540.0,1,66850.0,66660.0,66660.0,66430.0,10.0,3326000.0,2456
2023-05-10 21:15:25,cu2401,cu2401,66510.0,0.0,0.0,0.0,1,66500.0,66530.0,1,66850.0,66660.0,66660.0,66430.0,10.0,3326000.0,2456
2023-05-10 21:15:25,cu2401,cu2401,66510.0,0.0,0.0,0.0,1,66500.0,66520.0,1,66850.0,66660.0,66660.0,66430.0,10.0,3326000.0,2456
2023-05-10 21:15:28,cu2401,cu2401,66510.0,0.0,0.0,0.0,1,66500.0,66520.0,1,66850.0,66660.0,66660.0,66430.0,10.0,3326000.0,2456
