time,symbol_id,symbol_name,last,trade_volume,trade_amount,open_interest_change,bv1,bp1,ap1,av1,yesterday_close,today_open,today_high,today_low,volume,amount,open_interest
2023-05-10 19:12:58,CY2312,CY312,22390.0,0.0,0.0,0.0,0,0.0,0.0,0,22390.0,0.0,0.0,0.0,0.0,0.0,0
2023-05-10 21:00:01,CY2312,CY312,22390.0,0.0,0.0,0.0,1,19710.0,25070.0,1,22390.0,0.0,0.0,0.0,0.0,0.0,0
2023-05-10 21:00:05,CY2312,CY312,22390.0,0.0,0.0,0.0,1,19710.0,25065.0,1,22390.0,0.0,0.0,0.0,0.0,0.0,0
2023-05-10 21:00:06,CY2312,CY312,22390.0,0.0,0.0,0.0,1,19715.0,25055.0,1,22390.0,0.0,0.0,0.0,0.0,0.0,0
2023-05-10 21:00:06,CY2312,CY312,22390.0,0.0,0.0,0.0,1,21875.0,23980.0,1,22390.0,0.0,0.0,0.0,0.0,0.0,0
2023-05-10 21:00:07,CY2312,CY312,22390.0,0.0,0.0,0.0,1,21875.0,23970.0,1,22390.0,0.0,0.0,0.0,0.0,0.0,0
2023-05-10 21:00:10,CY2312,CY312,22390.0,0.0,0.0,0.0,2,21875.0,23970.0,2,22390.0,0.0,0.0,0.0,0.0,0.0,0
2023-05-10 21:00:13,CY2312,CY312,22390.0,0.0,0.0,0.0,1,21880.0,23970.0,2,22390.0,0.0,0.0,0.0,0.0,0.0,0
2023-05-10 21:00:15,CY2312,CY312,22390.0,0.0,0.0,0.0,1,21880.0,23965.0,1,22390.0,0.0,0.0,0.0,0.0,0.0,0
2023-05-10 21:00:16,CY2312,CY312,22390.0,0.0,0.0,0.0,1,21880.0,23955.0,1,22390.0,0.0,0.0,0.0,0.0,0.0,0
2023-05-10 21:00:19,CY2312,CY312,22390.0,0.0,0.0,0.0,2,21875.0,23955.0,1,22390.0,0.0,0.0,0.0,0.0,0.0,0
2023-05-10 21:00:19,CY2312,CY312,22390.0,0.0,0.0,0.0,1,21880.0,23955.0,1,22390.0,0.0,0.0,0.0,0.0,0.0,0
2023-05-10 21:00:25,CY2312,CY312,22390.0,0.0,0.0,0.0,1,21880.0,23950.0,1,22390.0,0.0,0.0,0.0,0.0,0.0,0
2023-05-10 21:00:25,CY2312,CY312,22390.0,0.0,0.0,0.0,1,21880.0,23940.0,1,22390.0,0.0,0.0,0.0,0.0,0.0,0
2023-05-10 21:00:28,CY2312,CY312,22390.0,0.0,0.0,0.0,2,21875.0,23940.0,1,22390.0,0.0,0.0,0.0,0.0,0.0,0
2023-05-10 21:00:28,CY2312,CY312,22390.0,0.0,0.0,0.0,1,21880.0,23940.0,1,22390.0,0.0,0.0,0.0,0.0,0.0,0
2023-05-10 21:00:33,CY2312,CY312,22390.0,0.0,0.0,0.0,1,21880.0,23935.0,1,22390.0,0.0,0.0,0.0,0.0,0.0,0
2023-05-10 21:00:34,CY2312,CY312,22390.0,0.0,0.0,0.0,1,21880.0,23925.0,1,22390.0,0.0,0.0,0.0,0.0,0.0,0
2023-05-10 21:00:38,CY2312,CY312,22390.0,0.0,0.0,0.0,1,21880.0,23920.0,1,22390.0,0.0,0.0,0.0,0.0,0.0,0
2023-05-10 21:00:38,CY2312,CY312,22390.0,0.0,0.0,0.0,1,21880.0,23910.0,1,22390.0,0.0,0.0,0.0,0.0,0.0,0
2023-05-10 21:00:39,CY2312,CY312,22390.0,0.0,0.0,0.0,1,21880.0,23910.0,2,22390.0,0.0,0.0,0.0,0.0,0.0,0
2023-05-10 21:00:41,CY2312,CY312,22390.0,0.0,0.0,0.0,1,21880.0,23905.0,1,22390.0,0.0,0.0,0.0,0.0,0.0,0
2023-05-10 21:00:41,CY2312,CY312,22390.0,0.0,0.0,0.0,1,21880.0,23895.0,1,22390.0,0.0,0.0,0.0,0.0,0.0,0
2023-05-10 21:00:43,CY2312,CY312,22390.0,0.0,0.0,0.0,1,21880.0,23890.0,1,22390.0,0.0,0.0,0.0,0.0,0.0,0
2023-05-10 21:00:43,CY2312,CY312,22390.0,0.0,0.0,0.0,1,21880.0,23880.0,1,22390.0,0.0,0.0,0.0,0.0,0.0,0
2023-05-10 21:00:45,CY2312,CY312,22390.0,0.0,0.0,0.0,1,21880.0,23875.0,1,22390.0,0.0,0.0,0.0,0.0,0.0,0
2023-05-10 21:00:45,CY2312,CY312,22390.0,0.0,0.0,0.0,1,21880.0,23865.0,1,22390.0,0.0,0.0,0.0,0.0,0.0,0
2023-05-10 21:00:46,CY2312,CY312,22390.0,0.0,0.0,0.0,1,21880.0,23860.0,1,22390.0,0.0,0.0,0.0,0.0,0.0,0
2023-05-10 21:00:47,CY2312,CY312,22390.0,0.0,0.0,0.0,1,21880.0,23850.0,1,22390.0,0.0,0.0,0.0,0.0,0.0,0
2023-05-10 21:00:47,CY2312,CY312,22390.0,0.0,0.0,0.0,1,21880.0,23845.0,1,22390.0,0.0,0.0,0.0,0.0,0.0,0
2023-05-10 21:00:48,CY2312,CY312,22390.0,0.0,0.0,0.0,1,21880.0,23840.0,1,22390.0,0.0,0.0,0.0,0.0,0.0,0
2023-05-10 21:00:48,CY2312,CY312,22390.0,0.0,0.0,0.0,1,21880.0,23835.0,1,22390.0,0.0,0.0,0.0,0.0,0.0,0
2023-05-10 21:00:58,CY2312,CY312,22390.0,0.0,0.0,0.0,2,21885.0,23835.0,1,22390.0,0.0,0.0,0.0,0.0,0.0,0
2023-05-10 21:00:59,CY2312,CY312,22390.0,0.0,0.0,0.0,1,21890.0,23835.0,1,22390.0,0.0,0.0,0.0,0.0,0.0,0
2023-05-10 21:01:04,CY2312,CY312,22390.0,0.0,0.0,0.0,1,21890.0,23830.0,1,22390.0,0.0,0.0,0.0,0.0,0.0,0
2023-05-10 21:01:05,CY2312,CY312,22390.0,0.0,0.0,0.0,1,21890.0,23825.0,1,22390.0,0.0,0.0,0.0,0.0,0.0,0
2023-05-10 21:01:06,CY2312,CY312,22390.0,0.0,0.0,0.0,1,21890.0,23820.0,1,22390.0,0.0,0.0,0.0,0.0,0.0,0
2023-05-10 21:01:06,CY2312,CY312,22390.0,0.0,0.0,0.0,1,21890.0,23815.0,1,22390.0,0.0,0.0,0.0,0.0,0.0,0
2023-05-10 21:01:08,CY2312,CY312,22390.0,0.0,0.0,0.0,1,21890.0,23810.0,1,22390.0,0.0,0.0,0.0,0.0,0.0,0
2023-05-10 21:01:08,CY2312,CY312,22390.0,0.0,0.0,0.0,1,21890.0,23805.0,1,22390.0,0.0,0.0,0.0,0.0,0.0,0
2023-05-10 21:01:30,CY2312,CY312,22390.0,0.0,0.0,0.0,1,21890.0,23800.0,1,22390.0,0.0,0.0,0.0,0.0,0.0,0
2023-05-10 21:01:31,CY2312,CY312,22390.0,0.0,0.0,0.0,1,21890.0,23795.0,1,22390.0,0.0,0.0,0.0,0.0,0.0,0
2023-05-10 21:01:31,CY2312,CY312,22390.0,0.0,0.0,0.0,1,21890.0,23795.0,2,22390.0,0.0,0.0,0.0,0.0,0.0,0
2023-05-10 21:01:41,CY2312,CY312,22390.0,0.0,0.0,0.0,2,21895.0,23795.0,2,22390.0,0.0,0.0,0.0,0.0,0.0,0
2023-05-10 21:01:41,CY2312,CY312,22390.0,0.0,0.0,0.0,1,21900.0,23795.0,2,22390.0,0.0,0.0,0.0,0.0,0.0,0
2023-05-10 21:02:24,CY2312,CY312,22390.0,0.0,0.0,0.0,2,21905.0,23795.0,2,22390.0,0.0,0.0,0.0,0.0,0.0,0
2023-05-10 21:02:24,CY2312,CY312,22390.0,0.0,0.0,0.0,1,21910.0,23795.0,2,22390.0,0.0,0.0,0.0,0.0,0.0,0
2023-05-10 21:02:30,CY2312,CY312,22390.0,0.0,0.0,0.0,1,21910.0,23790.0,1,22390.0,0.0,0.0,0.0,0.0,0.0,0
2023-05-10 21:02:30,CY2312,CY312,22390.0,0.0,0.0,0.0,1,21910.0,23785.0,1,22390.0,0.0,0.0,0.0,0.0,0.0,0
2023-05-10 21:03:06,CY2312,CY312,22390.0,0.0,0.0,0.0,2,21915.0,23785.0,1,22390.0,0.0,0.0,0.0,0.0,0.0,0
2023-05-10 21:03:06,CY2312,CY312,22390.0,0.0,0.0,0.0,1,21920.0,23785.0,1,22390.0,0.0,0.0,0.0,0.0,0.0,0
2023-05-10 21:03:48,CY2312,CY312,22390.0,0.0,0.0,0.0,2,21925.0,23785.0,1,22390.0,0.0,0.0,0.0,0.0,0.0,0
2023-05-10 21:03:49,CY2312,CY312,22390.0,0.0,0.0,0.0,1,21930.0,23785.0,1,22390.0,0.0,0.0,0.0,0.0,0.0,0
2023-05-10 21:03:49,CY2312,CY312,22390.0,0.0,0.0,0.0,2,21930.0,23785.0,1,22390.0,0.0,0.0,0.0,0.0,0.0,0
2023-05-10 21:04:31,CY2312,CY312,22390.0,0.0,0.0,0.0,2,21935.0,23785.0,1,22390.0,0.0,0.0,0.0,0.0,0.0,0
2023-05-10 21:04:31,CY2312,CY312,22390.0,0.0,0.0,0.0,1,21940.0,23785.0,1,22390.0,0.0,0.0,0.0,0.0,0.0,0
2023-05-10 21:05:13,CY2312,CY312,22390.0,0.0,0.0,0.0,2,21945.0,23785.0,1,22390.0,0.0,0.0,0.0,0.0,0.0,0
2023-05-10 21:05:14,CY2312,CY312,22390.0,0.0,0.0,0.0,1,21950.0,23785.0,1,22390.0,0.0,0.0,0.0,0.0,0.0,0
2023-05-10 21:05:56,CY2312,CY312,22390.0,0.0,0.0,0.0,2,21955.0,23785.0,1,22390.0,0.0,0.0,0.0,0.0,0.0,0
2023-05-10 21:05:56,CY2312,CY312,22390.0,0.0,0.0,0.0,1,21960.0,23785.0,1,22390.0,0.0,0.0,0.0,0.0,0.0,0
2023-05-10 21:06:39,CY2312,CY312,22390.0,0.0,0.0,0.0,2,21965.0,23785.0,1,22390.0,0.0,0.0,0.0,0.0,0.0,0
2023-05-10 21:06:40,CY2312,CY312,22390.0,0.0,0.0,0.0,1,21970.0,23785.0,1,22390.0,0.0,0.0,0.0,0.0,0.0,0
2023-05-10 21:07:22,CY2312,CY312,22390.0,0.0,0.0,0.0,2,21975.0,23785.0,1,22390.0,0.0,0.0,0.0,0.0,0.0,0
2023-05-10 21:07:22,CY2312,CY312,22390.0,0.0,0.0,0.0,1,21980.0,23785.0,1,22390.0,0.0,0.0,0.0,0.0,0.0,0
2023-05-10 21:07:56,CY2312,CY312,22390.0,0.0,0.0,0.0,1,21980.0,23780.0,1,22390.0,0.0,0.0,0.0,0.0,0.0,0
2023-05-10 21:07:56,CY2312,CY312,22390.0,0.0,0.0,0.0,1,21980.0,23775.0,1,22390.0,0.0,0.0,0.0,0.0,0.0,0
2023-05-10 21:08:04,CY2312,CY312,22390.0,0.0,0.0,0.0,1,21980.0,23770.0,2,22390.0,0.0,0.0,0.0,0.0,0.0,0
2023-05-10 21:08:05,CY2312,CY312,22390.0,0.0,0.0,0.0,1,21980.0,23765.0,1,22390.0,0.0,0.0,0.0,0.0,0.0,0
2023-05-10 21:08:47,CY2312,CY312,22390.0,0.0,0.0,0.0,1,21980.0,23760.0,2,22390.0,0.0,0.0,0.0,0.0,0.0,0
2023-05-10 21:08:47,CY2312,CY312,22390.0,0.0,0.0,0.0,1,21980.0,23755.0,1,22390.0,0.0,0.0,0.0,0.0,0.0,0
2023-05-10 21:09:29,CY2312,CY312,22390.0,0.0,0.0,0.0,1,21980.0,23750.0,2,22390.0,0.0,0.0,0.0,0.0,0.0,0
2023-05-10 21:09:30,CY2312,CY312,22390.0,0.0,0.0,0.0,1,21980.0,23745.0,1,22390.0,0.0,0.0,0.0,0.0,0.0,0
2023-05-10 21:10:12,CY2312,CY312,22390.0,0.0,0.0,0.0,1,21980.0,23740.0,2,22390.0,0.0,0.0,0.0,0.0,0.0,0
2023-05-10 21:10:12,CY2312,CY312,22390.0,0.0,0.0,0.0,1,21980.0,23735.0,1,22390.0,0.0,0.0,0.0,0.0,0.0,0
2023-05-10 21:10:54,CY2312,CY312,22390.0,0.0,0.0,0.0,1,21980.0,23730.0,2,22390.0,0.0,0.0,0.0,0.0,0.0,0
2023-05-10 21:10:55,CY2312,CY312,22390.0,0.0,0.0,0.0,1,21980.0,23725.0,1,22390.0,0.0,0.0,0.0,0.0,0.0,0
2023-05-10 21:11:37,CY2312,CY312,22390.0,0.0,0.0,0.0,1,21980.0,23720.0,2,22390.0,0.0,0.0,0.0,0.0,0.0,0
2023-05-10 21:11:37,CY2312,CY312,22390.0,0.0,0.0,0.0,1,21980.0,23715.0,1,22390.0,0.0,0.0,0.0,0.0,0.0,0
2023-05-10 21:12:20,CY2312,CY312,22390.0,0.0,0.0,0.0,1,21980.0,23710.0,2,22390.0,0.0,0.0,0.0,0.0,0.0,0
2023-05-10 21:12:21,CY2312,CY312,22390.0,0.0,0.0,0.0,1,21980.0,23705.0,1,22390.0,0.0,0.0,0.0,0.0,0.0,0
2023-05-10 21:13:03,CY2312,CY312,22390.0,0.0,0.0,0.0,1,21980.0,23700.0,2,22390.0,0.0,0.0,0.0,0.0,0.0,0
2023-05-10 21:13:03,CY2312,CY312,22390.0,0.0,0.0,0.0,1,21980.0,23695.0,1,22390.0,0.0,0.0,0.0,0.0,0.0,0
2023-05-10 21:13:45,CY2312,CY312,22390.0,0.0,0.0,0.0,1,21980.0,23690.0,2,22390.0,0.0,0.0,0.0,0.0,0.0,0
2023-05-10 21:13:46,CY2312,CY312,22390.0,0.0,0.0,0.0,1,21980.0,23685.0,1,22390.0,0.0,0.0,0.0,0.0,0.0,0
2023-05-10 21:13:46,CY2312,CY312,22390.0,0.0,0.0,0.0,1,21980.0,23685.0,2,22390.0,0.0,0.0,0.0,0.0,0.0,0
2023-05-10 21:14:28,CY2312,CY312,22390.0,0.0,0.0,0.0,2,21985.0,23685.0,2,22390.0,0.0,0.0,0.0,0.0,0.0,0
2023-05-10 21:14:28,CY2312,CY312,22390.0,0.0,0.0,0.0,1,21990.0,23685.0,2,22390.0,0.0,0.0,0.0,0.0,0.0,0
2023-05-10 21:15:10,CY2312,CY312,22390.0,0.0,0.0,0.0,2,21995.0,23685.0,2,22390.0,0.0,0.0,0.0,0.0,0.0,0
2023-05-10 21:15:11,CY2312,CY312,22390.0,0.0,0.0,0.0,1,22000.0,23685.0,2,22390.0,0.0,0.0,0.0,0.0,0.0,0
2023-05-10 21:15:53,CY2312,CY312,22390.0,0.0,0.0,0.0,1,22000.0,23680.0,2,22390.0,0.0,0.0,0.0,0.0,0.0,0
2023-05-10 21:15:53,CY2312,CY312,22390.0,0.0,0.0,0.0,1,22000.0,23675.0,1,22390.0,0.0,0.0,0.0,0.0,0.0,0
2023-05-10 21:16:35,CY2312,CY312,22390.0,0.0,0.0,0.0,1,22000.0,23670.0,2,22390.0,0.0,0.0,0.0,0.0,0.0,0
2023-05-10 21:16:36,CY2312,CY312,22390.0,0.0,0.0,0.0,1,22000.0,23665.0,1,22390.0,0.0,0.0,0.0,0.0,0.0,0
2023-05-10 21:17:18,CY2312,CY312,22390.0,0.0,0.0,0.0,1,22000.0,23660.0,2,22390.0,0.0,0.0,0.0,0.0,0.0,0
2023-05-10 21:17:18,CY2312,CY312,22390.0,0.0,0.0,0.0,1,22000.0,23655.0,1,22390.0,0.0,0.0,0.0,0.0,0.0,0
2023-05-10 21:18:00,CY2312,CY312,22390.0,0.0,0.0,0.0,1,22000.0,23650.0,2,22390.0,0.0,0.0,0.0,0.0,0.0,0
2023-05-10 21:18:01,CY2312,CY312,22390.0,0.0,0.0,0.0,1,22000.0,23645.0,1,22390.0,0.0,0.0,0.0,0.0,0.0,0
2023-05-10 21:18:43,CY2312,CY312,22390.0,0.0,0.0,0.0,1,22000.0,23640.0,2,22390.0,0.0,0.0,0.0,0.0,0.0,0
2023-05-10 21:18:43,CY2312,CY312,22390.0,0.0,0.0,0.0,1,22000.0,23635.0,1,22390.0,0.0,0.0,0.0,0.0,0.0,0
2023-05-10 21:19:26,CY2312,CY312,22390.0,0.0,0.0,0.0,2,22005.0,23635.0,1,22390.0,0.0,0.0,0.0,0.0,0.0,0
2023-05-10 21:19:26,CY2312,CY312,22390.0,0.0,0.0,0.0,1,22010.0,23635.0,1,22390.0,0.0,0.0,0.0,0.0,0.0,0
2023-05-10 21:20:08,CY2312,CY312,22390.0,0.0,0.0,0.0,1,22010.0,23630.0,2,22390.0,0.0,0.0,0.0,0.0,0.0,0
2023-05-10 21:20:09,CY2312,CY312,22390.0,0.0,0.0,0.0,1,22010.0,23625.0,1,22390.0,0.0,0.0,0.0,0.0,0.0,0
2023-05-10 21:20:51,CY2312,CY312,22390.0,0.0,0.0,0.0,1,22010.0,23620.0,2,22390.0,0.0,0.0,0.0,0.0,0.0,0
2023-05-10 21:20:51,CY2312,CY312,22390.0,0.0,0.0,0.0,1,22010.0,23615.0,1,22390.0,0.0,0.0,0.0,0.0,0.0,0
2023-05-10 21:21:33,CY2312,CY312,22390.0,0.0,0.0,0.0,2,22015.0,23615.0,1,22390.0,0.0,0.0,0.0,0.0,0.0,0
2023-05-10 21:21:34,CY2312,CY312,22390.0,0.0,0.0,0.0,1,22020.0,23615.0,1,22390.0,0.0,0.0,0.0,0.0,0.0,0
2023-05-10 21:22:16,CY2312,CY312,22390.0,0.0,0.0,0.0,1,22020.0,23610.0,2,22390.0,0.0,0.0,0.0,0.0,0.0,0
2023-05-10 21:22:16,CY2312,CY312,22390.0,0.0,0.0,0.0,1,22020.0,23605.0,1,22390.0,0.0,0.0,0.0,0.0,0.0,0
2023-05-10 21:22:58,CY2312,CY312,22390.0,0.0,0.0,0.0,1,22020.0,23600.0,2,22390.0,0.0,0.0,0.0,0.0,0.0,0
2023-05-10 21:22:59,CY2312,CY312,22390.0,0.0,0.0,0.0,1,22020.0,23595.0,1,22390.0,0.0,0.0,0.0,0.0,0.0,0
2023-05-10 21:23:41,CY2312,CY312,22390.0,0.0,0.0,0.0,2,22025.0,23595.0,1,22390.0,0.0,0.0,0.0,0.0,0.0,0
2023-05-10 21:23:42,CY2312,CY312,22390.0,0.0,0.0,0.0,1,22030.0,23595.0,1,22390.0,0.0,0.0,0.0,0.0,0.0,0
2023-05-10 21:24:24,CY2312,CY312,22390.0,0.0,0.0,0.0,2,22035.0,23595.0,1,22390.0,0.0,0.0,0.0,0.0,0.0,0
2023-05-10 21:24:25,CY2312,CY312,22390.0,0.0,0.0,0.0,1,22040.0,23595.0,1,22390.0,0.0,0.0,0.0,0.0,0.0,0
2023-05-10 21:24:25,CY2312,CY312,22390.0,0.0,0.0,0.0,2,22040.0,23595.0,1,22390.0,0.0,0.0,0.0,0.0,0.0,0
2023-05-10 21:25:06,CY2312,CY312,22390.0,0.0,0.0,0.0,2,22045.0,23595.0,1,22390.0,0.0,0.0,0.0,0.0,0.0,0
2023-05-10 21:25:06,CY2312,CY312,22390.0,0.0,0.0,0.0,1,22050.0,23595.0,1,22390.0,0.0,0.0,0.0,0.0,0.0,0
2023-05-10 21:25:50,CY2312,CY312,22390.0,0.0,0.0,0.0,1,22050.0,23590.0,2,22390.0,0.0,0.0,0.0,0.0,0.0,0
2023-05-10 21:25:51,CY2312,CY312,22390.0,0.0,0.0,0.0,1,22050.0,23585.0,1,22390.0,0.0,0.0,0.0,0.0,0.0,0
2023-05-10 21:26:33,CY2312,CY312,22390.0,0.0,0.0,0.0,2,22055.0,23585.0,1,22390.0,0.0,0.0,0.0,0.0,0.0,0
2023-05-10 21:26:33,CY2312,CY312,22390.0,0.0,0.0,0.0,1,22060.0,23585.0,1,22390.0,0.0,0.0,0.0,0.0,0.0,0
2023-05-10 21:27:16,CY2312,CY312,22390.0,0.0,0.0,0.0,2,22065.0,23585.0,1,22390.0,0.0,0.0,0.0,0.0,0.0,0
2023-05-10 21:27:16,CY2312,CY312,22390.0,0.0,0.0,0.0,1,22070.0,23585.0,1,22390.0,0.0,0.0,0.0,0.0,0.0,0
2023-05-10 21:27:16,CY2312,CY312,22390.0,0.0,0.0,0.0,2,22065.0,23585.0,1,22390.0,0.0,0.0,0.0,0.0,0.0,0
2023-05-10 21:27:16,CY2312,CY312,22390.0,0.0,0.0,0.0,1,22070.0,23585.0,1,22390.0,0.0,0.0,0.0,0.0,0.0,0
2023-05-10 21:27:58,CY2312,CY312,22390.0,0.0,0.0,0.0,2,22075.0,23585.0,1,22390.0,0.0,0.0,0.0,0.0,0.0,0
2023-05-10 21:27:59,CY2312,CY312,22390.0,0.0,0.0,0.0,1,22080.0,23585.0,1,22390.0,0.0,0.0,0.0,0.0,0.0,0
2023-05-10 21:28:41,CY2312,CY312,22390.0,0.0,0.0,0.0,2,22085.0,23585.0,1,22390.0,0.0,0.0,0.0,0.0,0.0,0
2023-05-10 21:28:42,CY2312,CY312,22390.0,0.0,0.0,0.0,1,22090.0,23585.0,1,22390.0,0.0,0.0,0.0,0.0,0.0,0
2023-05-10 21:29:24,CY2312,CY312,22390.0,0.0,0.0,0.0,1,22090.0,23580.0,2,22390.0,0.0,0.0,0.0,0.0,0.0,0
2023-05-10 21:29:24,CY2312,CY312,22390.0,0.0,0.0,0.0,1,22090.0,23575.0,1,22390.0,0.0,0.0,0.0,0.0,0.0,0
2023-05-10 21:29:25,CY2312,CY312,22390.0,0.0,0.0,0.0,1,22090.0,23575.0,2,22390.0,0.0,0.0,0.0,0.0,0.0,0
2023-05-10 21:30:08,CY2312,CY312,22390.0,0.0,0.0,0.0,2,22095.0,23575.0,2,22390.0,0.0,0.0,0.0,0.0,0.0,0
2023-05-10 21:30:08,CY2312,CY312,22390.0,0.0,0.0,0.0,1,22100.0,23575.0,2,22390.0,0.0,0.0,0.0,0.0,0.0,0
2023-05-10 21:30:50,CY2312,CY312,22390.0,0.0,0.0,0.0,1,22100.0,23570.0,2,22390.0,0.0,0.0,0.0,0.0,0.0,0
2023-05-10 21:30:51,CY2312,CY312,22390.0,0.0,0.0,0.0,1,22100.0,23565.0,1,22390.0,0.0,0.0,0.0,0.0,0.0,0
2023-05-10 21:31:33,CY2312,CY312,22390.0,0.0,0.0,0.0,1,22100.0,23560.0,2,22390.0,0.0,0.0,0.0,0.0,0.0,0
2023-05-10 21:31:33,CY2312,CY312,22390.0,0.0,0.0,0.0,1,22100.0,23555.0,1,22390.0,0.0,0.0,0.0,0.0,0.0,0
2023-05-10 21:32:15,CY2312,CY312,22390.0,0.0,0.0,0.0,2,22105.0,23555.0,1,22390.0,0.0,0.0,0.0,0.0,0.0,0
2023-05-10 21:32:16,CY2312,CY312,22390.0,0.0,0.0,0.0,1,22110.0,23555.0,1,22390.0,0.0,0.0,0.0,0.0,0.0,0
2023-05-10 21:32:58,CY2312,CY312,22390.0,0.0,0.0,0.0,1,22110.0,23550.0,2,22390.0,0.0,0.0,0.0,0.0,0.0,0
2023-05-10 21:32:58,CY2312,CY312,22390.0,0.0,0.0,0.0,1,22110.0,23545.0,1,22390.0,0.0,0.0,0.0,0.0,0.0,0
2023-05-10 21:33:41,CY2312,CY312,22390.0,0.0,0.0,0.0,1,22110.0,23540.0,2,22390.0,0.0,0.0,0.0,0.0,0.0,0
2023-05-10 21:33:41,CY2312,CY312,22390.0,0.0,0.0,0.0,1,22110.0,23535.0,1,22390.0,0.0,0.0,0.0,0.0,0.0,0
2023-05-10 21:34:24,CY2312,CY312,22390.0,0.0,0.0,0.0,1,22110.0,23530.0,2,22390.0,0.0,0.0,0.0,0.0,0.0,0
2023-05-10 21:34:24,CY2312,CY312,22390.0,0.0,0.0,0.0,1,22110.0,23525.0,1,22390.0,0.0,0.0,0.0,0.0,0.0,0
2023-05-10 21:35:06,CY2312,CY312,22390.0,0.0,0.0,0.0,2,22115.0,23525.0,1,22390.0,0.0,0.0,0.0,0.0,0.0,0
2023-05-10 21:35:07,CY2312,CY312,22390.0,0.0,0.0,0.0,1,22120.0,23525.0,1,22390.0,0.0,0.0,0.0,0.0,0.0,0
2023-05-10 21:35:49,CY2312,CY312,22390.0,0.0,0.0,0.0,2,22125.0,23525.0,1,22390.0,0.0,0.0,0.0,0.0,0.0,0
2023-05-10 21:35:49,CY2312,CY312,22390.0,0.0,0.0,0.0,1,22130.0,23525.0,1,22390.0,0.0,0.0,0.0,0.0,0.0,0
2023-05-10 21:36:31,CY2312,CY312,22390.0,0.0,0.0,0.0,1,22130.0,23520.0,2,22390.0,0.0,0.0,0.0,0.0,0.0,0
2023-05-10 21:36:32,CY2312,CY312,22390.0,0.0,0.0,0.0,1,22130.0,23515.0,1,22390.0,0.0,0.0,0.0,0.0,0.0,0
2023-05-10 21:37:14,CY2312,CY312,22390.0,0.0,0.0,0.0,1,22130.0,23510.0,2,22390.0,0.0,0.0,0.0,0.0,0.0,0
2023-05-10 21:37:14,CY2312,CY312,22390.0,0.0,0.0,0.0,1,22130.0,23505.0,1,22390.0,0.0,0.0,0.0,0.0,0.0,0
2023-05-10 21:37:56,CY2312,CY312,22390.0,0.0,0.0,0.0,2,22135.0,23505.0,1,22390.0,0.0,0.0,0.0,0.0,0.0,0
2023-05-10 21:37:57,CY2312,CY312,22390.0,0.0,0.0,0.0,1,22140.0,23505.0,1,22390.0,0.0,0.0,0.0,0.0,0.0,0
2023-05-10 21:38:39,CY2312,CY312,22390.0,0.0,0.0,0.0,1,22140.0,23500.0,2,22390.0,0.0,0.0,0.0,0.0,0.0,0
2023-05-10 21:38:39,CY2312,CY312,22390.0,0.0,0.0,0.0,1,22140.0,23495.0,1,22390.0,0.0,0.0,0.0,0.0,0.0,0
2023-05-10 21:39:21,CY2312,CY312,22390.0,0.0,0.0,0.0,1,22140.0,23490.0,2,22390.0,0.0,0.0,0.0,0.0,0.0,0
2023-05-10 21:39:21,CY2312,CY312,22390.0,0.0,0.0,0.0,1,22140.0,23485.0,1,22390.0,0.0,0.0,0.0,0.0,0.0,0
2023-05-10 21:40:03,CY2312,CY312,22390.0,0.0,0.0,0.0,1,22140.0,23480.0,2,22390.0,0.0,0.0,0.0,0.0,0.0,0
2023-05-10 21:40:04,CY2312,CY312,22390.0,0.0,0.0,0.0,1,22140.0,23475.0,1,22390.0,0.0,0.0,0.0,0.0,0.0,0
2023-05-10 21:40:45,CY2312,CY312,22390.0,0.0,0.0,0.0,2,22145.0,23475.0,1,22390.0,0.0,0.0,0.0,0.0,0.0,0
2023-05-10 21:40:45,CY2312,CY312,22390.0,0.0,0.0,0.0,1,22150.0,23475.0,1,22390.0,0.0,0.0,0.0,0.0,0.0,0
2023-05-10 21:40:45,CY2312,CY312,22390.0,0.0,0.0,0.0,2,22150.0,23475.0,1,22390.0,0.0,0.0,0.0,0.0,0.0,0
2023-05-10 21:41:27,CY2312,CY312,22390.0,0.0,0.0,0.0,2,22155.0,23475.0,1,22390.0,0.0,0.0,0.0,0.0,0.0,0
2023-05-10 21:41:28,CY2312,CY312,22390.0,0.0,0.0,0.0,1,22160.0,23475.0,1,22390.0,0.0,0.0,0.0,0.0,0.0,0
2023-05-10 21:42:09,CY2312,CY312,22390.0,0.0,0.0,0.0,2,22165.0,23475.0,1,22390.0,0.0,0.0,0.0,0.0,0.0,0
2023-05-10 21:42:10,CY2312,CY312,22390.0,0.0,0.0,0.0,1,22170.0,23475.0,1,22390.0,0.0,0.0,0.0,0.0,0.0,0
2023-05-10 21:42:51,CY2312,CY312,22390.0,0.0,0.0,0.0,1,22170.0,23470.0,2,22390.0,0.0,0.0,0.0,0.0,0.0,0
2023-05-10 21:42:52,CY2312,CY312,22390.0,0.0,0.0,0.0,1,22170.0,23465.0,1,22390.0,0.0,0.0,0.0,0.0,0.0,0
2023-05-10 21:42:52,CY2312,CY312,22390.0,0.0,0.0,0.0,1,22170.0,23465.0,2,22390.0,0.0,0.0,0.0,0.0,0.0,0
2023-05-10 21:43:34,CY2312,CY312,22390.0,0.0,0.0,0.0,1,22170.0,23460.0,2,22390.0,0.0,0.0,0.0,0.0,0.0,0
2023-05-10 21:43:34,CY2312,CY312,22390.0,0.0,0.0,0.0,1,22170.0,23455.0,1,22390.0,0.0,0.0,0.0,0.0,0.0,0
2023-05-10 21:44:16,CY2312,CY312,22390.0,0.0,0.0,0.0,2,22175.0,23455.0,1,22390.0,0.0,0.0,0.0,0.0,0.0,0
2023-05-10 21:44:17,CY2312,CY312,22390.0,0.0,0.0,0.0,1,22180.0,23455.0,1,22390.0,0.0,0.0,0.0,0.0,0.0,0
2023-05-10 21:44:58,CY2312,CY312,22390.0,0.0,0.0,0.0,2,22185.0,23455.0,1,22390.0,0.0,0.0,0.0,0.0,0.0,0
2023-05-10 21:44:59,CY2312,CY312,22390.0,0.0,0.0,0.0,1,22190.0,23455.0,1,22390.0,0.0,0.0,0.0,0.0,0.0,0
2023-05-10 21:45:41,CY2312,CY312,22390.0,0.0,0.0,0.0,1,22190.0,23450.0,2,22390.0,0.0,0.0,0.0,0.0,0.0,0
2023-05-10 21:45:41,CY2312,CY312,22390.0,0.0,0.0,0.0,1,22190.0,23445.0,1,22390.0,0.0,0.0,0.0,0.0,0.0,0
2023-05-10 21:46:23,CY2312,CY312,22390.0,0.0,0.0,0.0,1,22190.0,23440.0,2,22390.0,0.0,0.0,0.0,0.0,0.0,0
2023-05-10 21:46:24,CY2312,CY312,22390.0,0.0,0.0,0.0,1,22190.0,23435.0,1,22390.0,0.0,0.0,0.0,0.0,0.0,0
2023-05-10 21:47:06,CY2312,CY312,22390.0,0.0,0.0,0.0,1,22190.0,23430.0,2,22390.0,0.0,0.0,0.0,0.0,0.0,0
2023-05-10 21:47:06,CY2312,CY312,22390.0,0.0,0.0,0.0,1,22190.0,23425.0,1,22390.0,0.0,0.0,0.0,0.0,0.0,0
2023-05-10 21:47:48,CY2312,CY312,22390.0,0.0,0.0,0.0,1,22190.0,23420.0,2,22390.0,0.0,0.0,0.0,0.0,0.0,0
2023-05-10 21:47:49,CY2312,CY312,22390.0,0.0,0.0,0.0,1,22190.0,23415.0,1,22390.0,0.0,0.0,0.0,0.0,0.0,0
2023-05-10 21:48:30,CY2312,CY312,22390.0,0.0,0.0,0.0,2,22195.0,23415.0,1,22390.0,0.0,0.0,0.0,0.0,0.0,0
2023-05-10 21:48:31,CY2312,CY312,22390.0,0.0,0.0,0.0,1,22200.0,23415.0,1,22390.0,0.0,0.0,0.0,0.0,0.0,0
2023-05-10 21:49:12,CY2312,CY312,22390.0,0.0,0.0,0.0,1,22200.0,23410.0,2,22390.0,0.0,0.0,0.0,0.0,0.0,0
2023-05-10 21:49:13,CY2312,CY312,22390.0,0.0,0.0,0.0,1,22200.0,23405.0,1,22390.0,0.0,0.0,0.0,0.0,0.0,0
2023-05-10 21:49:55,CY2312,CY312,22390.0,0.0,0.0,0.0,2,22205.0,23405.0,1,22390.0,0.0,0.0,0.0,0.0,0.0,0
2023-05-10 21:49:56,CY2312,CY312,22390.0,0.0,0.0,0.0,1,22210.0,23405.0,1,22390.0,0.0,0.0,0.0,0.0,0.0,0
2023-05-10 21:50:37,CY2312,CY312,22390.0,0.0,0.0,0.0,2,22215.0,23405.0,1,22390.0,0.0,0.0,0.0,0.0,0.0,0
2023-05-10 21:50:38,CY2312,CY312,22390.0,0.0,0.0,0.0,1,22220.0,23405.0,1,22390.0,0.0,0.0,0.0,0.0,0.0,0
2023-05-10 21:51:20,CY2312,CY312,22390.0,0.0,0.0,0.0,2,22225.0,23405.0,1,22390.0,0.0,0.0,0.0,0.0,0.0,0
2023-05-10 21:51:20,CY2312,CY312,22390.0,0.0,0.0,0.0,1,22230.0,23405.0,1,22390.0,0.0,0.0,0.0,0.0,0.0,0
2023-05-10 21:52:02,CY2312,CY312,22390.0,0.0,0.0,0.0,2,22235.0,23405.0,1,22390.0,0.0,0.0,0.0,0.0,0.0,0
2023-05-10 21:52:03,CY2312,CY312,22390.0,0.0,0.0,0.0,1,22240.0,23405.0,1,22390.0,0.0,0.0,0.0,0.0,0.0,0
2023-05-10 21:52:44,CY2312,CY312,22390.0,0.0,0.0,0.0,1,22240.0,23400.0,2,22390.0,0.0,0.0,0.0,0.0,0.0,0
2023-05-10 21:52:45,CY2312,CY312,22390.0,0.0,0.0,0.0,1,22240.0,23395.0,1,22390.0,0.0,0.0,0.0,0.0,0.0,0
2023-05-10 21:53:27,CY2312,CY312,22390.0,0.0,0.0,0.0,2,22245.0,23395.0,1,22390.0,0.0,0.0,0.0,0.0,0.0,0
2023-05-10 21:53:27,CY2312,CY312,22390.0,0.0,0.0,0.0,1,22250.0,23395.0,1,22390.0,0.0,0.0,0.0,0.0,0.0,0
2023-05-10 21:54:09,CY2312,CY312,22390.0,0.0,0.0,0.0,2,22255.0,23395.0,1,22390.0,0.0,0.0,0.0,0.0,0.0,0
2023-05-10 21:54:09,CY2312,CY312,22390.0,0.0,0.0,0.0,1,22260.0,23395.0,1,22390.0,0.0,0.0,0.0,0.0,0.0,0
2023-05-10 21:54:09,CY2312,CY312,22390.0,0.0,0.0,0.0,2,22260.0,23395.0,1,22390.0,0.0,0.0,0.0,0.0,0.0,0
2023-05-10 21:54:51,CY2312,CY312,22390.0,0.0,0.0,0.0,2,22260.0,23390.0,2,22390.0,0.0,0.0,0.0,0.0,0.0,0
2023-05-10 21:54:51,CY2312,CY312,22390.0,0.0,0.0,0.0,2,22260.0,23385.0,1,22390.0,0.0,0.0,0.0,0.0,0.0,0
2023-05-10 21:55:33,CY2312,CY312,22390.0,0.0,0.0,0.0,2,22265.0,23385.0,1,22390.0,0.0,0.0,0.0,0.0,0.0,0
2023-05-10 21:55:34,CY2312,CY312,22390.0,0.0,0.0,0.0,1,22270.0,23385.0,1,22390.0,0.0,0.0,0.0,0.0,0.0,0
2023-05-10 21:56:15,CY2312,CY312,22390.0,0.0,0.0,0.0,2,22275.0,23385.0,1,22390.0,0.0,0.0,0.0,0.0,0.0,0
2023-05-10 21:56:16,CY2312,CY312,22390.0,0.0,0.0,0.0,1,22280.0,23385.0,1,22390.0,0.0,0.0,0.0,0.0,0.0,0
2023-05-10 21:56:58,CY2312,CY312,22390.0,0.0,0.0,0.0,2,22285.0,23385.0,1,22390.0,0.0,0.0,0.0,0.0,0.0,0
2023-05-10 21:56:58,CY2312,CY312,22390.0,0.0,0.0,0.0,1,22290.0,23385.0,1,22390.0,0.0,0.0,0.0,0.0,0.0,0
2023-05-10 21:57:41,CY2312,CY312,22390.0,0.0,0.0,0.0,2,22295.0,23385.0,1,22390.0,0.0,0.0,0.0,0.0,0.0,0
2023-05-10 21:57:41,CY2312,CY312,22390.0,0.0,0.0,0.0,1,22300.0,23385.0,1,22390.0,0.0,0.0,0.0,0.0,0.0,0
2023-05-10 21:58:24,CY2312,CY312,22390.0,0.0,0.0,0.0,1,22300.0,23380.0,2,22390.0,0.0,0.0,0.0,0.0,0.0,0
2023-05-10 21:58:24,CY2312,CY312,22390.0,0.0,0.0,0.0,1,22300.0,23375.0,1,22390.0,0.0,0.0,0.0,0.0,0.0,0
2023-05-10 21:59:06,CY2312,CY312,22390.0,0.0,0.0,0.0,1,22300.0,23370.0,2,22390.0,0.0,0.0,0.0,0.0,0.0,0
2023-05-10 21:59:07,CY2312,CY312,22390.0,0.0,0.0,0.0,1,22300.0,23365.0,1,22390.0,0.0,0.0,0.0,0.0,0.0,0
2023-05-10 21:59:48,CY2312,CY312,22390.0,0.0,0.0,0.0,1,22300.0,23360.0,2,22390.0,0.0,0.0,0.0,0.0,0.0,0
2023-05-10 21:59:49,CY2312,CY312,22390.0,0.0,0.0,0.0,1,22300.0,23355.0,1,22390.0,0.0,0.0,0.0,0.0,0.0,0
2023-05-10 21:59:49,CY2312,CY312,22390.0,0.0,0.0,0.0,1,22300.0,23355.0,2,22390.0,0.0,0.0,0.0,0.0,0.0,0
2023-05-10 22:00:30,CY2312,CY312,22390.0,0.0,0.0,0.0,1,22300.0,23350.0,2,22390.0,0.0,0.0,0.0,0.0,0.0,0
2023-05-10 22:00:30,CY2312,CY312,22390.0,0.0,0.0,0.0,1,22300.0,23345.0,1,22390.0,0.0,0.0,0.0,0.0,0.0,0
2023-05-10 22:01:12,CY2312,CY312,22390.0,0.0,0.0,0.0,2,22305.0,23345.0,1,22390.0,0.0,0.0,0.0,0.0,0.0,0
2023-05-10 22:01:13,CY2312,CY312,22390.0,0.0,0.0,0.0,1,22310.0,23345.0,1,22390.0,0.0,0.0,0.0,0.0,0.0,0
2023-05-10 22:01:54,CY2312,CY312,22390.0,0.0,0.0,0.0,1,22310.0,23340.0,2,22390.0,0.0,0.0,0.0,0.0,0.0,0
2023-05-10 22:01:55,CY2312,CY312,22390.0,0.0,0.0,0.0,1,22310.0,23335.0,1,22390.0,0.0,0.0,0.0,0.0,0.0,0
2023-05-10 22:02:37,CY2312,CY312,22390.0,0.0,0.0,0.0,2,22315.0,23335.0,1,22390.0,0.0,0.0,0.0,0.0,0.0,0
2023-05-10 22:02:37,CY2312,CY312,22390.0,0.0,0.0,0.0,1,22320.0,23335.0,1,22390.0,0.0,0.0,0.0,0.0,0.0,0
2023-05-10 22:03:19,CY2312,CY312,22390.0,0.0,0.0,0.0,1,22320.0,23330.0,2,22390.0,0.0,0.0,0.0,0.0,0.0,0
2023-05-10 22:03:20,CY2312,CY312,22390.0,0.0,0.0,0.0,1,22320.0,23325.0,1,22390.0,0.0,0.0,0.0,0.0,0.0,0
2023-05-10 22:04:01,CY2312,CY312,22390.0,0.0,0.0,0.0,1,22320.0,23320.0,2,22390.0,0.0,0.0,0.0,0.0,0.0,0
2023-05-10 22:04:02,CY2312,CY312,22390.0,0.0,0.0,0.0,1,22320.0,23315.0,1,22390.0,0.0,0.0,0.0,0.0,0.0,0
2023-05-10 22:04:45,CY2312,CY312,22390.0,0.0,0.0,0.0,2,22325.0,23315.0,1,22390.0,0.0,0.0,0.0,0.0,0.0,0
2023-05-10 22:04:46,CY2312,CY312,22390.0,0.0,0.0,0.0,1,22330.0,23315.0,1,22390.0,0.0,0.0,0.0,0.0,0.0,0
2023-05-10 22:05:28,CY2312,CY312,22390.0,0.0,0.0,0.0,2,22335.0,23315.0,1,22390.0,0.0,0.0,0.0,0.0,0.0,0
2023-05-10 22:05:29,CY2312,CY312,22390.0,0.0,0.0,0.0,1,22340.0,23315.0,1,22390.0,0.0,0.0,0.0,0.0,0.0,0
2023-05-10 22:06:11,CY2312,CY312,22390.0,0.0,0.0,0.0,2,22345.0,23315.0,1,22390.0,0.0,0.0,0.0,0.0,0.0,0
2023-05-10 22:06:11,CY2312,CY312,22390.0,0.0,0.0,0.0,1,22350.0,23315.0,1,22390.0,0.0,0.0,0.0,0.0,0.0,0
2023-05-10 22:06:52,CY2312,CY312,22390.0,0.0,0.0,0.0,1,22350.0,23310.0,2,22390.0,0.0,0.0,0.0,0.0,0.0,0
2023-05-10 22:06:52,CY2312,CY312,22390.0,0.0,0.0,0.0,1,22350.0,23305.0,1,22390.0,0.0,0.0,0.0,0.0,0.0,0
2023-05-10 22:07:33,CY2312,CY312,22390.0,0.0,0.0,0.0,2,22355.0,23305.0,1,22390.0,0.0,0.0,0.0,0.0,0.0,0
2023-05-10 22:07:34,CY2312,CY312,22390.0,0.0,0.0,0.0,1,22360.0,23305.0,1,22390.0,0.0,0.0,0.0,0.0,0.0,0
2023-05-10 22:08:16,CY2312,CY312,22390.0,0.0,0.0,0.0,2,22365.0,23305.0,1,22390.0,0.0,0.0,0.0,0.0,0.0,0
2023-05-10 22:08:17,CY2312,CY312,22390.0,0.0,0.0,0.0,1,22370.0,23305.0,1,22390.0,0.0,0.0,0.0,0.0,0.0,0
2023-05-10 22:08:17,CY2312,CY312,22390.0,0.0,0.0,0.0,2,22370.0,23305.0,1,22390.0,0.0,0.0,0.0,0.0,0.0,0
2023-05-10 22:08:59,CY2312,CY312,22390.0,0.0,0.0,0.0,2,22375.0,23305.0,1,22390.0,0.0,0.0,0.0,0.0,0.0,0
2023-05-10 22:08:59,CY2312,CY312,22390.0,0.0,0.0,0.0,1,22380.0,23305.0,1,22390.0,0.0,0.0,0.0,0.0,0.0,0
2023-05-10 22:09:41,CY2312,CY312,22390.0,0.0,0.0,0.0,1,22380.0,23300.0,2,22390.0,0.0,0.0,0.0,0.0,0.0,0
2023-05-10 22:09:42,CY2312,CY312,22390.0,0.0,0.0,0.0,1,22380.0,23300.0,3,22390.0,0.0,0.0,0.0,0.0,0.0,0
2023-05-10 22:14:41,CY2312,CY312,22390.0,0.0,0.0,0.0,1,22380.0,23300.0,1,22390.0,0.0,0.0,0.0,0.0,0.0,0
2023-05-10 22:14:43,CY2312,CY312,22390.0,0.0,0.0,0.0,1,22380.0,23780.0,1,22390.0,0.0,0.0,0.0,0.0,0.0,0
2023-05-10 22:14:43,CY2312,CY312,22390.0,0.0,0.0,0.0,1,22380.0,23775.0,1,22390.0,0.0,0.0,0.0,0.0,0.0,0
2023-05-10 22:14:45,CY2312,CY312,22390.0,0.0,0.0,0.0,1,22380.0,23765.0,1,22390.0,0.0,0.0,0.0,0.0,0.0,0
2023-05-10 22:14:45,CY2312,CY312,22390.0,0.0,0.0,0.0,1,22380.0,23760.0,1,22390.0,0.0,0.0,0.0,0.0,0.0,0
2023-05-10 22:14:46,CY2312,CY312,22390.0,0.0,0.0,0.0,1,22380.0,23750.0,1,22390.0,0.0,0.0,0.0,0.0,0.0,0
2023-05-10 22:14:46,CY2312,CY312,22390.0,0.0,0.0,0.0,1,22380.0,23745.0,1,22390.0,0.0,0.0,0.0,0.0,0.0,0
2023-05-10 22:14:47,CY2312,CY312,22390.0,0.0,0.0,0.0,1,22380.0,23740.0,1,22390.0,0.0,0.0,0.0,0.0,0.0,0
2023-05-10 22:14:47,CY2312,CY312,22390.0,0.0,0.0,0.0,1,22380.0,23735.0,1,22390.0,0.0,0.0,0.0,0.0,0.0,0
2023-05-10 22:15:04,CY2312,CY312,22390.0,0.0,0.0,0.0,1,22380.0,23730.0,1,22390.0,0.0,0.0,0.0,0.0,0.0,0
2023-05-10 22:15:04,CY2312,CY312,22390.0,0.0,0.0,0.0,1,22380.0,23725.0,1,22390.0,0.0,0.0,0.0,0.0,0.0,0
2023-05-10 22:15:13,CY2312,CY312,22390.0,0.0,0.0,0.0,1,22380.0,23720.0,2,22390.0,0.0,0.0,0.0,0.0,0.0,0
2023-05-10 22:15:14,CY2312,CY312,22390.0,0.0,0.0,0.0,1,22380.0,23715.0,1,22390.0,0.0,0.0,0.0,0.0,0.0,0
2023-05-10 22:15:54,CY2312,CY312,22390.0,0.0,0.0,0.0,1,22380.0,23710.0,2,22390.0,0.0,0.0,0.0,0.0,0.0,0
2023-05-10 22:15:55,CY2312,CY312,22390.0,0.0,0.0,0.0,1,22380.0,23705.0,1,22390.0,0.0,0.0,0.0,0.0,0.0,0
2023-05-10 22:16:36,CY2312,CY312,22390.0,0.0,0.0,0.0,1,22380.0,23700.0,2,22390.0,0.0,0.0,0.0,0.0,0.0,0
2023-05-10 22:16:37,CY2312,CY312,22390.0,0.0,0.0,0.0,1,22380.0,23695.0,1,22390.0,0.0,0.0,0.0,0.0,0.0,0
2023-05-10 22:17:18,CY2312,CY312,22390.0,0.0,0.0,0.0,1,22380.0,23690.0,2,22390.0,0.0,0.0,0.0,0.0,0.0,0
2023-05-10 22:17:19,CY2312,CY312,22390.0,0.0,0.0,0.0,1,22380.0,23685.0,1,22390.0,0.0,0.0,0.0,0.0,0.0,0
2023-05-10 22:18:00,CY2312,CY312,22390.0,0.0,0.0,0.0,1,22380.0,23680.0,2,22390.0,0.0,0.0,0.0,0.0,0.0,0
2023-05-10 22:18:00,CY2312,CY312,22390.0,0.0,0.0,0.0,1,22380.0,23675.0,1,22390.0,0.0,0.0,0.0,0.0,0.0,0
2023-05-10 22:18:41,CY2312,CY312,22390.0,0.0,0.0,0.0,1,22380.0,23670.0,2,22390.0,0.0,0.0,0.0,0.0,0.0,0
2023-05-10 22:18:41,CY2312,CY312,22390.0,0.0,0.0,0.0,1,22380.0,23665.0,1,22390.0,0.0,0.0,0.0,0.0,0.0,0
2023-05-10 22:18:42,CY2312,CY312,22390.0,0.0,0.0,0.0,1,22380.0,23665.0,2,22390.0,0.0,0.0,0.0,0.0,0.0,0
2023-05-10 22:19:23,CY2312,CY312,22390.0,0.0,0.0,0.0,1,22380.0,23660.0,2,22390.0,0.0,0.0,0.0,0.0,0.0,0
2023-05-10 22:19:24,CY2312,CY312,22390.0,0.0,0.0,0.0,1,22380.0,23655.0,1,22390.0,0.0,0.0,0.0,0.0,0.0,0
2023-05-10 22:20:05,CY2312,CY312,22390.0,0.0,0.0,0.0,1,22380.0,23650.0,2,22390.0,0.0,0.0,0.0,0.0,0.0,0
2023-05-10 22:20:06,CY2312,CY312,22390.0,0.0,0.0,0.0,1,22380.0,23645.0,1,22390.0,0.0,0.0,0.0,0.0,0.0,0
2023-05-10 22:20:48,CY2312,CY312,22390.0,0.0,0.0,0.0,1,22380.0,23640.0,2,22390.0,0.0,0.0,0.0,0.0,0.0,0
2023-05-10 22:20:49,CY2312,CY312,22390.0,0.0,0.0,0.0,1,22380.0,23635.0,1,22390.0,0.0,0.0,0.0,0.0,0.0,0
2023-05-10 22:21:30,CY2312,CY312,22390.0,0.0,0.0,0.0,1,22380.0,23630.0,2,22390.0,0.0,0.0,0.0,0.0,0.0,0
2023-05-10 22:21:31,CY2312,CY312,22390.0,0.0,0.0,0.0,1,22380.0,23625.0,1,22390.0,0.0,0.0,0.0,0.0,0.0,0
2023-05-10 22:22:12,CY2312,CY312,22390.0,0.0,0.0,0.0,1,22380.0,23620.0,2,22390.0,0.0,0.0,0.0,0.0,0.0,0
2023-05-10 22:22:13,CY2312,CY312,22390.0,0.0,0.0,0.0,1,22380.0,23615.0,1,22390.0,0.0,0.0,0.0,0.0,0.0,0
2023-05-10 22:22:54,CY2312,CY312,22390.0,0.0,0.0,0.0,1,22380.0,23610.0,2,22390.0,0.0,0.0,0.0,0.0,0.0,0
2023-05-10 22:22:55,CY2312,CY312,22390.0,0.0,0.0,0.0,1,22380.0,23605.0,1,22390.0,0.0,0.0,0.0,0.0,0.0,0
2023-05-10 22:23:36,CY2312,CY312,22390.0,0.0,0.0,0.0,1,22380.0,23600.0,2,22390.0,0.0,0.0,0.0,0.0,0.0,0
2023-05-10 22:23:36,CY2312,CY312,22390.0,0.0,0.0,0.0,1,22380.0,23595.0,1,22390.0,0.0,0.0,0.0,0.0,0.0,0
2023-05-10 22:24:17,CY2312,CY312,22390.0,0.0,0.0,0.0,1,22380.0,23590.0,2,22390.0,0.0,0.0,0.0,0.0,0.0,0
2023-05-10 22:24:18,CY2312,CY312,22390.0,0.0,0.0,0.0,1,22380.0,23585.0,1,22390.0,0.0,0.0,0.0,0.0,0.0,0
2023-05-10 22:24:59,CY2312,CY312,22390.0,0.0,0.0,0.0,1,22380.0,23580.0,2,22390.0,0.0,0.0,0.0,0.0,0.0,0
2023-05-10 22:25:00,CY2312,CY312,22390.0,0.0,0.0,0.0,1,22380.0,23575.0,1,22390.0,0.0,0.0,0.0,0.0,0.0,0
2023-05-10 22:25:41,CY2312,CY312,22390.0,0.0,0.0,0.0,1,22380.0,23570.0,2,22390.0,0.0,0.0,0.0,0.0,0.0,0
2023-05-10 22:25:41,CY2312,CY312,22390.0,0.0,0.0,0.0,1,22380.0,23565.0,1,22390.0,0.0,0.0,0.0,0.0,0.0,0
2023-05-10 22:26:23,CY2312,CY312,22390.0,0.0,0.0,0.0,1,22380.0,23560.0,2,22390.0,0.0,0.0,0.0,0.0,0.0,0
2023-05-10 22:26:24,CY2312,CY312,22390.0,0.0,0.0,0.0,1,22380.0,23555.0,1,22390.0,0.0,0.0,0.0,0.0,0.0,0
2023-05-10 22:26:24,CY2312,CY312,22390.0,0.0,0.0,0.0,1,22380.0,23555.0,2,22390.0,0.0,0.0,0.0,0.0,0.0,0
2023-05-10 22:27:05,CY2312,CY312,22390.0,0.0,0.0,0.0,1,22380.0,23550.0,2,22390.0,0.0,0.0,0.0,0.0,0.0,0
2023-05-10 22:27:05,CY2312,CY312,22390.0,0.0,0.0,0.0,1,22380.0,23545.0,1,22390.0,0.0,0.0,0.0,0.0,0.0,0
2023-05-10 22:27:47,CY2312,CY312,22390.0,0.0,0.0,0.0,1,22380.0,23540.0,2,22390.0,0.0,0.0,0.0,0.0,0.0,0
2023-05-10 22:27:47,CY2312,CY312,22390.0,0.0,0.0,0.0,1,22380.0,23535.0,1,22390.0,0.0,0.0,0.0,0.0,0.0,0
2023-05-10 22:28:28,CY2312,CY312,22390.0,0.0,0.0,0.0,1,22380.0,23530.0,2,22390.0,0.0,0.0,0.0,0.0,0.0,0
2023-05-10 22:28:29,CY2312,CY312,22390.0,0.0,0.0,0.0,1,22380.0,23525.0,1,22390.0,0.0,0.0,0.0,0.0,0.0,0
2023-05-10 22:29:10,CY2312,CY312,22390.0,0.0,0.0,0.0,1,22380.0,23520.0,2,22390.0,0.0,0.0,0.0,0.0,0.0,0
2023-05-10 22:29:11,CY2312,CY312,22390.0,0.0,0.0,0.0,1,22380.0,23515.0,1,22390.0,0.0,0.0,0.0,0.0,0.0,0
2023-05-10 22:29:52,CY2312,CY312,22390.0,0.0,0.0,0.0,1,22380.0,23510.0,2,22390.0,0.0,0.0,0.0,0.0,0.0,0
2023-05-10 22:29:52,CY2312,CY312,22390.0,0.0,0.0,0.0,1,22380.0,23505.0,1,22390.0,0.0,0.0,0.0,0.0,0.0,0
2023-05-10 22:30:34,CY2312,CY312,22390.0,0.0,0.0,0.0,1,22380.0,23500.0,2,22390.0,0.0,0.0,0.0,0.0,0.0,0
2023-05-10 22:30:34,CY2312,CY312,22390.0,0.0,0.0,0.0,1,22380.0,23495.0,1,22390.0,0.0,0.0,0.0,0.0,0.0,0
2023-05-10 22:31:16,CY2312,CY312,22390.0,0.0,0.0,0.0,1,22380.0,23490.0,2,22390.0,0.0,0.0,0.0,0.0,0.0,0
2023-05-10 22:31:16,CY2312,CY312,22390.0,0.0,0.0,0.0,1,22380.0,23485.0,1,22390.0,0.0,0.0,0.0,0.0,0.0,0
2023-05-10 22:31:58,CY2312,CY312,22390.0,0.0,0.0,0.0,1,22380.0,23480.0,2,22390.0,0.0,0.0,0.0,0.0,0.0,0
2023-05-10 22:31:59,CY2312,CY312,22390.0,0.0,0.0,0.0,1,22380.0,23475.0,1,22390.0,0.0,0.0,0.0,0.0,0.0,0
2023-05-10 22:32:40,CY2312,CY312,22390.0,0.0,0.0,0.0,1,22380.0,23470.0,2,22390.0,0.0,0.0,0.0,0.0,0.0,0
2023-05-10 22:32:41,CY2312,CY312,22390.0,0.0,0.0,0.0,1,22380.0,23465.0,1,22390.0,0.0,0.0,0.0,0.0,0.0,0
2023-05-10 22:33:23,CY2312,CY312,22390.0,0.0,0.0,0.0,1,22380.0,23460.0,2,22390.0,0.0,0.0,0.0,0.0,0.0,0
2023-05-10 22:33:23,CY2312,CY312,22390.0,0.0,0.0,0.0,1,22380.0,23455.0,1,22390.0,0.0,0.0,0.0,0.0,0.0,0
2023-05-10 22:34:05,CY2312,CY312,22390.0,0.0,0.0,0.0,1,22380.0,23450.0,2,22390.0,0.0,0.0,0.0,0.0,0.0,0
2023-05-10 22:34:05,CY2312,CY312,22390.0,0.0,0.0,0.0,1,22380.0,23445.0,1,22390.0,0.0,0.0,0.0,0.0,0.0,0
2023-05-10 22:34:06,CY2312,CY312,22390.0,0.0,0.0,0.0,1,22380.0,23445.0,2,22390.0,0.0,0.0,0.0,0.0,0.0,0
2023-05-10 22:34:47,CY2312,CY312,22390.0,0.0,0.0,0.0,1,22380.0,23440.0,2,22390.0,0.0,0.0,0.0,0.0,0.0,0
2023-05-10 22:34:48,CY2312,CY312,22390.0,0.0,0.0,0.0,1,22380.0,23435.0,1,22390.0,0.0,0.0,0.0,0.0,0.0,0
2023-05-10 22:35:30,CY2312,CY312,22390.0,0.0,0.0,0.0,2,22385.0,23435.0,1,22390.0,0.0,0.0,0.0,0.0,0.0,0
2023-05-10 22:35:30,CY2312,CY312,22390.0,0.0,0.0,0.0,1,22390.0,23435.0,1,22390.0,0.0,0.0,0.0,0.0,0.0,0
2023-05-10 22:36:13,CY2312,CY312,22390.0,0.0,0.0,0.0,2,22395.0,23435.0,1,22390.0,0.0,0.0,0.0,0.0,0.0,0
2023-05-10 22:36:13,CY2312,CY312,22390.0,0.0,0.0,0.0,1,22400.0,23435.0,1,22390.0,0.0,0.0,0.0,0.0,0.0,0
2023-05-10 22:36:13,CY2312,CY312,22390.0,0.0,0.0,0.0,2,22395.0,23435.0,1,22390.0,0.0,0.0,0.0,0.0,0.0,0
2023-05-10 22:36:13,CY2312,CY312,22390.0,0.0,0.0,0.0,1,22400.0,23435.0,1,22390.0,0.0,0.0,0.0,0.0,0.0,0
2023-05-10 22:36:55,CY2312,CY312,22390.0,0.0,0.0,0.0,1,22400.0,23430.0,2,22390.0,0.0,0.0,0.0,0.0,0.0,0
2023-05-10 22:36:55,CY2312,CY312,22390.0,0.0,0.0,0.0,1,22400.0,23425.0,1,22390.0,0.0,0.0,0.0,0.0,0.0,0
2023-05-10 22:37:38,CY2312,CY312,22390.0,0.0,0.0,0.0,2,22405.0,23425.0,1,22390.0,0.0,0.0,0.0,0.0,0.0,0
2023-05-10 22:37:38,CY2312,CY312,22390.0,0.0,0.0,0.0,1,22410.0,23425.0,1,22390.0,0.0,0.0,0.0,0.0,0.0,0
2023-05-10 22:38:22,CY2312,CY312,22390.0,0.0,0.0,0.0,1,22410.0,23420.0,2,22390.0,0.0,0.0,0.0,0.0,0.0,0
2023-05-10 22:38:22,CY2312,CY312,22390.0,0.0,0.0,0.0,1,22410.0,23415.0,1,22390.0,0.0,0.0,0.0,0.0,0.0,0
2023-05-10 22:39:05,CY2312,CY312,22390.0,0.0,0.0,0.0,2,22415.0,23415.0,1,22390.0,0.0,0.0,0.0,0.0,0.0,0
2023-05-10 22:39:05,CY2312,CY312,22390.0,0.0,0.0,0.0,1,22420.0,23415.0,1,22390.0,0.0,0.0,0.0,0.0,0.0,0
2023-05-10 22:39:47,CY2312,CY312,22390.0,0.0,0.0,0.0,2,22425.0,23415.0,1,22390.0,0.0,0.0,0.0,0.0,0.0,0
2023-05-10 22:39:47,CY2312,CY312,22390.0,0.0,0.0,0.0,1,22430.0,23415.0,1,22390.0,0.0,0.0,0.0,0.0,0.0,0
2023-05-10 22:40:29,CY2312,CY312,22390.0,0.0,0.0,0.0,2,22435.0,23415.0,1,22390.0,0.0,0.0,0.0,0.0,0.0,0
2023-05-10 22:40:29,CY2312,CY312,22390.0,0.0,0.0,0.0,1,22440.0,23415.0,1,22390.0,0.0,0.0,0.0,0.0,0.0,0
2023-05-10 22:41:11,CY2312,CY312,22390.0,0.0,0.0,0.0,2,22445.0,23415.0,1,22390.0,0.0,0.0,0.0,0.0,0.0,0
2023-05-10 22:41:12,CY2312,CY312,22390.0,0.0,0.0,0.0,1,22450.0,23415.0,1,22390.0,0.0,0.0,0.0,0.0,0.0,0
2023-05-10 22:41:54,CY2312,CY312,22390.0,0.0,0.0,0.0,2,22455.0,23415.0,1,22390.0,0.0,0.0,0.0,0.0,0.0,0
2023-05-10 22:41:54,CY2312,CY312,22390.0,0.0,0.0,0.0,1,22460.0,23415.0,1,22390.0,0.0,0.0,0.0,0.0,0.0,0
2023-05-10 22:42:36,CY2312,CY312,22390.0,0.0,0.0,0.0,2,22465.0,23415.0,1,22390.0,0.0,0.0,0.0,0.0,0.0,0
2023-05-10 22:42:37,CY2312,CY312,22390.0,0.0,0.0,0.0,1,22470.0,23415.0,1,22390.0,0.0,0.0,0.0,0.0,0.0,0
2023-05-10 22:43:19,CY2312,CY312,22390.0,0.0,0.0,0.0,2,22475.0,23415.0,1,22390.0,0.0,0.0,0.0,0.0,0.0,0
2023-05-10 22:43:20,CY2312,CY312,22390.0,0.0,0.0,0.0,1,22480.0,23415.0,1,22390.0,0.0,0.0,0.0,0.0,0.0,0
2023-05-10 22:43:20,CY2312,CY312,22390.0,0.0,0.0,0.0,2,22480.0,23415.0,1,22390.0,0.0,0.0,0.0,0.0,0.0,0
2023-05-10 22:44:02,CY2312,CY312,22390.0,0.0,0.0,0.0,2,22485.0,23415.0,1,22390.0,0.0,0.0,0.0,0.0,0.0,0
2023-05-10 22:44:02,CY2312,CY312,22390.0,0.0,0.0,0.0,1,22490.0,23415.0,1,22390.0,0.0,0.0,0.0,0.0,0.0,0
2023-05-10 22:44:44,CY2312,CY312,22390.0,0.0,0.0,0.0,1,22490.0,23410.0,2,22390.0,0.0,0.0,0.0,0.0,0.0,0
2023-05-10 22:44:44,CY2312,CY312,22390.0,0.0,0.0,0.0,1,22490.0,23405.0,1,22390.0,0.0,0.0,0.0,0.0,0.0,0
2023-05-10 22:45:26,CY2312,CY312,22390.0,0.0,0.0,0.0,2,22495.0,23405.0,1,22390.0,0.0,0.0,0.0,0.0,0.0,0
2023-05-10 22:45:27,CY2312,CY312,22390.0,0.0,0.0,0.0,1,22500.0,23405.0,1,22390.0,0.0,0.0,0.0,0.0,0.0,0
2023-05-10 22:46:08,CY2312,CY312,22390.0,0.0,0.0,0.0,1,22500.0,23400.0,2,22390.0,0.0,0.0,0.0,0.0,0.0,0
2023-05-10 22:46:09,CY2312,CY312,22390.0,0.0,0.0,0.0,1,22500.0,23395.0,1,22390.0,0.0,0.0,0.0,0.0,0.0,0
2023-05-10 22:46:50,CY2312,CY312,22390.0,0.0,0.0,0.0,2,22505.0,23395.0,1,22390.0,0.0,0.0,0.0,0.0,0.0,0
2023-05-10 22:46:51,CY2312,CY312,22390.0,0.0,0.0,0.0,1,22510.0,23395.0,1,22390.0,0.0,0.0,0.0,0.0,0.0,0
2023-05-10 22:47:33,CY2312,CY312,22390.0,0.0,0.0,0.0,2,22515.0,23395.0,1,22390.0,0.0,0.0,0.0,0.0,0.0,0
2023-05-10 22:47:34,CY2312,CY312,22390.0,0.0,0.0,0.0,1,22520.0,23395.0,1,22390.0,0.0,0.0,0.0,0.0,0.0,0
2023-05-10 22:48:16,CY2312,CY312,22390.0,0.0,0.0,0.0,2,22525.0,23395.0,1,22390.0,0.0,0.0,0.0,0.0,0.0,0
2023-05-10 22:48:17,CY2312,CY312,22390.0,0.0,0.0,0.0,1,22530.0,23395.0,1,22390.0,0.0,0.0,0.0,0.0,0.0,0
2023-05-10 22:48:59,CY2312,CY312,22390.0,0.0,0.0,0.0,2,22535.0,23395.0,1,22390.0,0.0,0.0,0.0,0.0,0.0,0
2023-05-10 22:49:00,CY2312,CY312,22390.0,0.0,0.0,0.0,1,22540.0,23395.0,1,22390.0,0.0,0.0,0.0,0.0,0.0,0
2023-05-10 22:49:42,CY2312,CY312,22390.0,0.0,0.0,0.0,2,22545.0,23395.0,1,22390.0,0.0,0.0,0.0,0.0,0.0,0
2023-05-10 22:49:43,CY2312,CY312,22390.0,0.0,0.0,0.0,1,22550.0,23395.0,1,22390.0,0.0,0.0,0.0,0.0,0.0,0
2023-05-10 22:50:24,CY2312,CY312,22390.0,0.0,0.0,0.0,1,22550.0,23390.0,2,22390.0,0.0,0.0,0.0,0.0,0.0,0
2023-05-10 22:50:25,CY2312,CY312,22390.0,0.0,0.0,0.0,1,22550.0,23385.0,1,22390.0,0.0,0.0,0.0,0.0,0.0,0
2023-05-10 22:51:06,CY2312,CY312,22390.0,0.0,0.0,0.0,2,22555.0,23385.0,1,22390.0,0.0,0.0,0.0,0.0,0.0,0
2023-05-10 22:51:07,CY2312,CY312,22390.0,0.0,0.0,0.0,1,22560.0,23385.0,1,22390.0,0.0,0.0,0.0,0.0,0.0,0
2023-05-10 22:51:49,CY2312,CY312,22390.0,0.0,0.0,0.0,2,22565.0,23385.0,1,22390.0,0.0,0.0,0.0,0.0,0.0,0
2023-05-10 22:51:49,CY2312,CY312,22390.0,0.0,0.0,0.0,1,22570.0,23385.0,1,22390.0,0.0,0.0,0.0,0.0,0.0,0
2023-05-10 22:52:31,CY2312,CY312,22390.0,0.0,0.0,0.0,1,22570.0,23380.0,2,22390.0,0.0,0.0,0.0,0.0,0.0,0
2023-05-10 22:52:31,CY2312,CY312,22390.0,0.0,0.0,0.0,1,22570.0,23375.0,1,22390.0,0.0,0.0,0.0,0.0,0.0,0
2023-05-10 22:53:13,CY2312,CY312,22390.0,0.0,0.0,0.0,2,22575.0,23375.0,1,22390.0,0.0,0.0,0.0,0.0,0.0,0
2023-05-10 22:53:14,CY2312,CY312,22390.0,0.0,0.0,0.0,1,22580.0,23375.0,1,22390.0,0.0,0.0,0.0,0.0,0.0,0
2023-05-10 22:53:56,CY2312,CY312,22390.0,0.0,0.0,0.0,2,22585.0,23375.0,1,22390.0,0.0,0.0,0.0,0.0,0.0,0
2023-05-10 22:53:56,CY2312,CY312,22390.0,0.0,0.0,0.0,1,22590.0,23375.0,1,22390.0,0.0,0.0,0.0,0.0,0.0,0
2023-05-10 22:53:56,CY2312,CY312,22390.0,0.0,0.0,0.0,2,22590.0,23375.0,1,22390.0,0.0,0.0,0.0,0.0,0.0,0
2023-05-10 22:54:38,CY2312,CY312,22390.0,0.0,0.0,0.0,2,22590.0,23370.0,2,22390.0,0.0,0.0,0.0,0.0,0.0,0
2023-05-10 22:54:39,CY2312,CY312,22390.0,0.0,0.0,0.0,2,22590.0,23365.0,1,22390.0,0.0,0.0,0.0,0.0,0.0,0
2023-05-10 22:55:21,CY2312,CY312,22390.0,0.0,0.0,0.0,2,22595.0,23365.0,1,22390.0,0.0,0.0,0.0,0.0,0.0,0
2023-05-10 22:57:52,CY2312,CY312,22390.0,0.0,0.0,0.0,1,22590.0,23365.0,1,22390.0,0.0,0.0,0.0,0.0,0.0,0
2023-05-10 22:57:52,CY2312,CY312,22390.0,0.0,0.0,0.0,1,22595.0,23365.0,1,22390.0,0.0,0.0,0.0,0.0,0.0,0
2023-05-10 22:58:07,CY2312,CY312,22390.0,0.0,0.0,0.0,1,22595.0,23360.0,2,22390.0,0.0,0.0,0.0,0.0,0.0,0
2023-05-10 22:58:08,CY2312,CY312,22390.0,0.0,0.0,0.0,1,22595.0,23355.0,1,22390.0,0.0,0.0,0.0,0.0,0.0,0
2023-05-10 22:58:49,CY2312,CY312,22390.0,0.0,0.0,0.0,2,22600.0,23355.0,1,22390.0,0.0,0.0,0.0,0.0,0.0,0
2023-05-10 22:59:03,CY2312,CY312,22390.0,0.0,0.0,0.0,2,22600.0,23390.0,1,22390.0,0.0,0.0,0.0,0.0,0.0,0
2023-05-10 22:59:04,CY2312,CY312,22390.0,0.0,0.0,0.0,1,22590.0,23780.0,1,22390.0,0.0,0.0,0.0,0.0,0.0,0
2023-05-10 22:59:04,CY2312,CY312,22390.0,0.0,0.0,0.0,1,21875.0,23780.0,1,22390.0,0.0,0.0,0.0,0.0,0.0,0
2023-05-10 22:59:16,CY2312,CY312,22390.0,0.0,0.0,0.0,2,21875.0,23780.0,1,22390.0,0.0,0.0,0.0,0.0,0.0,0
2023-05-10 22:59:31,CY2312,CY312,22390.0,0.0,0.0,0.0,2,21880.0,23780.0,1,22390.0,0.0,0.0,0.0,0.0,0.0,0
2023-05-10 22:59:45,CY2312,CY312,22390.0,0.0,0.0,0.0,2,21875.0,23780.0,1,22390.0,0.0,0.0,0.0,0.0,0.0,0
2023-05-10 22:59:54,CY2312,CY312,22390.0,0.0,0.0,0.0,1,21875.0,23980.0,1,22390.0,0.0,0.0,0.0,0.0,0.0,0
2023-05-10 22:59:56,CY2312,CY312,22390.0,0.0,0.0,0.0,0,0.0,0.0,0,22390.0,0.0,0.0,0.0,0.0,0.0,0
2023-05-11 09:00:00,CY2312,CY312,22390.0,0.0,0.0,0.0,1,19700.0,25080.0,1,22390.0,0.0,0.0,0.0,0.0,0.0,0
2023-05-11 09:00:01,CY2312,CY312,22390.0,0.0,0.0,0.0,1,19710.0,25070.0,1,22390.0,0.0,0.0,0.0,0.0,0.0,0
2023-05-11 09:00:06,CY2312,CY312,22390.0,0.0,0.0,0.0,1,19710.0,25065.0,1,22390.0,0.0,0.0,0.0,0.0,0.0,0
2023-05-11 09:00:06,CY2312,CY312,22390.0,0.0,0.0,0.0,1,19715.0,25065.0,1,22390.0,0.0,0.0,0.0,0.0,0.0,0
2023-05-11 09:00:07,CY2312,CY312,22390.0,0.0,0.0,0.0,1,19725.0,25055.0,1,22390.0,0.0,0.0,0.0,0.0,0.0,0
2023-05-11 09:00:10,CY2312,CY312,22390.0,0.0,0.0,0.0,1,21805.0,23895.0,1,22390.0,0.0,0.0,0.0,0.0,0.0,0
2023-05-11 09:00:11,CY2312,CY312,22390.0,0.0,0.0,0.0,2,21805.0,23885.0,1,22390.0,0.0,0.0,0.0,0.0,0.0,0
2023-05-11 09:00:16,CY2312,CY312,22390.0,0.0,0.0,0.0,1,21815.0,23885.0,1,22390.0,0.0,0.0,0.0,0.0,0.0,0
2023-05-11 09:00:18,CY2312,CY312,22390.0,0.0,0.0,0.0,2,21810.0,23875.0,1,22390.0,0.0,0.0,0.0,0.0,0.0,0
2023-05-11 09:00:18,CY2312,CY312,22390.0,0.0,0.0,0.0,1,21815.0,23865.0,1,22390.0,0.0,0.0,0.0,0.0,0.0,0
2023-05-11 09:00:28,CY2312,CY312,22390.0,0.0,0.0,0.0,1,21820.0,23865.0,1,22390.0,0.0,0.0,0.0,0.0,0.0,0
2023-05-11 09:00:28,CY2312,CY312,22390.0,0.0,0.0,0.0,2,21810.0,23855.0,1,22390.0,0.0,0.0,0.0,0.0,0.0,0
2023-05-11 09:00:28,CY2312,CY312,22390.0,0.0,0.0,0.0,1,21825.0,23845.0,1,22390.0,0.0,0.0,0.0,0.0,0.0,0
2023-05-11 09:00:39,CY2312,CY312,22390.0,0.0,0.0,0.0,1,21830.0,23845.0,1,22390.0,0.0,0.0,0.0,0.0,0.0,0
2023-05-11 09:00:40,CY2312,CY312,22390.0,0.0,0.0,0.0,1,21820.0,23845.0,1,22390.0,0.0,0.0,0.0,0.0,0.0,0
2023-05-11 09:00:40,CY2312,CY312,22390.0,0.0,0.0,0.0,2,21810.0,23835.0,1,22390.0,0.0,0.0,0.0,0.0,0.0,0
2023-05-11 09:00:40,CY2312,CY312,22390.0,0.0,0.0,0.0,1,21835.0,23825.0,1,22390.0,0.0,0.0,0.0,0.0,0.0,0
2023-05-11 09:00:50,CY2312,CY312,22390.0,0.0,0.0,0.0,1,21840.0,23825.0,1,22390.0,0.0,0.0,0.0,0.0,0.0,0
2023-05-11 09:00:51,CY2312,CY312,22390.0,0.0,0.0,0.0,2,21810.0,23825.0,1,22390.0,0.0,0.0,0.0,0.0,0.0,0
2023-05-11 09:00:51,CY2312,CY312,22390.0,0.0,0.0,0.0,2,21810.0,23815.0,1,22390.0,0.0,0.0,0.0,0.0,0.0,0
2023-05-11 09:00:51,CY2312,CY312,22390.0,0.0,0.0,0.0,1,21845.0,23810.0,1,22390.0,0.0,0.0,0.0,0.0,0.0,0
2023-05-11 09:01:00,CY2312,CY312,22390.0,0.0,0.0,0.0,2,21810.0,23810.0,1,22390.0,0.0,0.0,0.0,0.0,0.0,0
2023-05-11 09:01:00,CY2312,CY312,22390.0,0.0,0.0,0.0,1,21820.0,23810.0,1,22390.0,0.0,0.0,0.0,0.0,0.0,0
2023-05-11 09:01:02,CY2312,CY312,22390.0,0.0,0.0,0.0,1,21855.0,23800.0,1,22390.0,0.0,0.0,0.0,0.0,0.0,0
2023-05-11 09:01:12,CY2312,CY312,22390.0,0.0,0.0,0.0,1,21820.0,23800.0,1,22390.0,0.0,0.0,0.0,0.0,0.0,0
2023-05-11 09:01:12,CY2312,CY312,22390.0,0.0,0.0,0.0,1,21820.0,23810.0,1,22390.0,0.0,0.0,0.0,0.0,0.0,0
2023-05-11 09:01:13,CY2312,CY312,22390.0,0.0,0.0,0.0,2,21810.0,23800.0,1,22390.0,0.0,0.0,0.0,0.0,0.0,0
2023-05-11 09:01:13,CY2312,CY312,22390.0,0.0,0.0,0.0,1,21865.0,23800.0,1,22390.0,0.0,0.0,0.0,0.0,0.0,0
2023-05-11 09:01:14,CY2312,CY312,22390.0,0.0,0.0,0.0,2,21865.0,23800.0,1,22390.0,0.0,0.0,0.0,0.0,0.0,0
2023-05-11 09:01:25,CY2312,CY312,22390.0,0.0,0.0,0.0,1,21865.0,23810.0,1,22390.0,0.0,0.0,0.0,0.0,0.0,0
2023-05-11 09:01:25,CY2312,CY312,22390.0,0.0,0.0,0.0,1,21865.0,23800.0,1,22390.0,0.0,0.0,0.0,0.0,0.0,0
2023-05-11 09:01:26,CY2312,CY312,22390.0,0.0,0.0,0.0,1,21875.0,23800.0,1,22390.0,0.0,0.0,0.0,0.0,0.0,0
2023-05-11 09:01:38,CY2312,CY312,22390.0,0.0,0.0,0.0,1,21875.0,23810.0,1,22390.0,0.0,0.0,0.0,0.0,0.0,0
2023-05-11 09:01:38,CY2312,CY312,22390.0,0.0,0.0,0.0,1,21875.0,23800.0,1,22390.0,0.0,0.0,0.0,0.0,0.0,0
2023-05-11 09:01:39,CY2312,CY312,22390.0,0.0,0.0,0.0,1,21865.0,23800.0,1,22390.0,0.0,0.0,0.0,0.0,0.0,0
2023-05-11 09:01:39,CY2312,CY312,22390.0,0.0,0.0,0.0,1,21875.0,23800.0,1,22390.0,0.0,0.0,0.0,0.0,0.0,0
2023-05-11 09:01:51,CY2312,CY312,22390.0,0.0,0.0,0.0,1,21875.0,23810.0,1,22390.0,0.0,0.0,0.0,0.0,0.0,0
2023-05-11 09:01:52,CY2312,CY312,22390.0,0.0,0.0,0.0,1,21875.0,23790.0,1,22390.0,0.0,0.0,0.0,0.0,0.0,0
2023-05-11 09:02:05,CY2312,CY312,22390.0,0.0,0.0,0.0,1,21875.0,23810.0,1,22390.0,0.0,0.0,0.0,0.0,0.0,0
2023-05-11 09:02:05,CY2312,CY312,22390.0,0.0,0.0,0.0,1,21875.0,23800.0,1,22390.0,0.0,0.0,0.0,0.0,0.0,0
2023-05-11 09:02:07,CY2312,CY312,22390.0,0.0,0.0,0.0,1,21875.0,23780.0,1,22390.0,0.0,0.0,0.0,0.0,0.0,0
2023-05-11 09:02:07,CY2312,CY312,22390.0,0.0,0.0,0.0,1,21875.0,23780.0,2,22390.0,0.0,0.0,0.0,0.0,0.0,0
2023-05-11 09:02:21,CY2312,CY312,22390.0,0.0,0.0,0.0,1,21875.0,23780.0,1,22390.0,0.0,0.0,0.0,0.0,0.0,0
2023-05-11 09:02:22,CY2312,CY312,22390.0,0.0,0.0,0.0,1,21875.0,23770.0,1,22390.0,0.0,0.0,0.0,0.0,0.0,0
2023-05-11 09:02:25,CY2312,CY312,22390.0,0.0,0.0,0.0,2,21880.0,23770.0,1,22390.0,0.0,0.0,0.0,0.0,0.0,0
2023-05-11 09:02:38,CY2312,CY312,22390.0,0.0,0.0,0.0,2,21880.0,23780.0,1,22390.0,0.0,0.0,0.0,0.0,0.0,0
2023-05-11 09:02:40,CY2312,CY312,22390.0,0.0,0.0,0.0,2,21880.0,23760.0,1,22390.0,0.0,0.0,0.0,0.0,0.0,0
2023-05-11 09:02:43,CY2312,CY312,22390.0,0.0,0.0,0.0,1,21890.0,23760.0,1,22390.0,0.0,0.0,0.0,0.0,0.0,0
2023-05-11 09:02:53,CY2312,CY312,22390.0,0.0,0.0,0.0,1,21890.0,23770.0,1,22390.0,0.0,0.0,0.0,0.0,0.0,0
2023-05-11 09:02:55,CY2312,CY312,22390.0,0.0,0.0,0.0,1,21890.0,23750.0,1,22390.0,0.0,0.0,0.0,0.0,0.0,0
2023-05-11 09:02:58,CY2312,CY312,22390.0,0.0,0.0,0.0,1,21890.0,23780.0,1,22390.0,0.0,0.0,0.0,0.0,0.0,0
2023-05-11 09:02:58,CY2312,CY312,22390.0,0.0,0.0,0.0,1,21890.0,23750.0,1,22390.0,0.0,0.0,0.0,0.0,0.0,0
2023-05-11 09:03:06,CY2312,CY312,22390.0,0.0,0.0,0.0,1,21890.0,23780.0,1,22390.0,0.0,0.0,0.0,0.0,0.0,0
2023-05-11 09:03:06,CY2312,CY312,22390.0,0.0,0.0,0.0,1,21890.0,23760.0,1,22390.0,0.0,0.0,0.0,0.0,0.0,0
2023-05-11 09:03:07,CY2312,CY312,22390.0,0.0,0.0,0.0,1,21890.0,23740.0,1,22390.0,0.0,0.0,0.0,0.0,0.0,0
2023-05-11 09:03:10,CY2312,CY312,22390.0,0.0,0.0,0.0,1,21890.0,23770.0,1,22390.0,0.0,0.0,0.0,0.0,0.0,0
2023-05-11 09:03:11,CY2312,CY312,22390.0,0.0,0.0,0.0,1,21890.0,23740.0,1,22390.0,0.0,0.0,0.0,0.0,0.0,0
2023-05-11 09:03:18,CY2312,CY312,22390.0,0.0,0.0,0.0,1,21890.0,23770.0,1,22390.0,0.0,0.0,0.0,0.0,0.0,0
2023-05-11 09:03:18,CY2312,CY312,22390.0,0.0,0.0,0.0,1,21890.0,23750.0,1,22390.0,0.0,0.0,0.0,0.0,0.0,0
2023-05-11 09:03:19,CY2312,CY312,22390.0,0.0,0.0,0.0,1,21890.0,23730.0,1,22390.0,0.0,0.0,0.0,0.0,0.0,0
2023-05-11 09:03:25,CY2312,CY312,22390.0,0.0,0.0,0.0,1,21890.0,23760.0,1,22390.0,0.0,0.0,0.0,0.0,0.0,0
2023-05-11 09:03:25,CY2312,CY312,22390.0,0.0,0.0,0.0,1,21890.0,23730.0,1,22390.0,0.0,0.0,0.0,0.0,0.0,0
2023-05-11 09:03:32,CY2312,CY312,22390.0,0.0,0.0,0.0,1,21890.0,23780.0,1,22390.0,0.0,0.0,0.0,0.0,0.0,0
2023-05-11 09:03:33,CY2312,CY312,22390.0,0.0,0.0,0.0,1,21890.0,23740.0,1,22390.0,0.0,0.0,0.0,0.0,0.0,0
2023-05-11 09:03:34,CY2312,CY312,22390.0,0.0,0.0,0.0,1,21890.0,23720.0,1,22390.0,0.0,0.0,0.0,0.0,0.0,0
2023-05-11 09:03:34,CY2312,CY312,22390.0,0.0,0.0,0.0,1,21890.0,23720.0,2,22390.0,0.0,0.0,0.0,0.0,0.0,0
2023-05-11 09:03:40,CY2312,CY312,22390.0,0.0,0.0,0.0,1,21890.0,23720.0,1,22390.0,0.0,0.0,0.0,0.0,0.0,0
2023-05-11 09:03:41,CY2312,CY312,22390.0,0.0,0.0,0.0,1,21890.0,23720.0,2,22390.0,0.0,0.0,0.0,0.0,0.0,0
2023-05-11 09:03:48,CY2312,CY312,22390.0,0.0,0.0,0.0,1,21890.0,23720.0,1,22390.0,0.0,0.0,0.0,0.0,0.0,0
2023-05-11 09:03:51,CY2312,CY312,22390.0,0.0,0.0,0.0,1,21890.0,23710.0,1,22390.0,0.0,0.0,0.0,0.0,0.0,0
2023-05-11 09:03:51,CY2312,CY312,22390.0,0.0,0.0,0.0,2,21895.0,23710.0,1,22390.0,0.0,0.0,0.0,0.0,0.0,0
2023-05-11 09:03:57,CY2312,CY312,22390.0,0.0,0.0,0.0,2,21895.0,23720.0,1,22390.0,0.0,0.0,0.0,0.0,0.0,0
2023-05-11 09:03:58,CY2312,CY312,22390.0,0.0,0.0,0.0,2,21895.0,23710.0,1,22390.0,0.0,0.0,0.0,0.0,0.0,0
2023-05-11 09:04:10,CY2312,CY312,22390.0,0.0,0.0,0.0,1,21905.0,23710.0,1,22390.0,0.0,0.0,0.0,0.0,0.0,0
2023-05-11 09:04:18,CY2312,CY312,22390.0,0.0,0.0,0.0,2,21895.0,23710.0,1,22390.0,0.0,0.0,0.0,0.0,0.0,0
2023-05-11 09:04:18,CY2312,CY312,22390.0,0.0,0.0,0.0,1,21905.0,23710.0,1,22390.0,0.0,0.0,0.0,0.0,0.0,0
2023-05-11 09:04:41,CY2312,CY312,22390.0,0.0,0.0,0.0,2,21895.0,23710.0,1,22390.0,0.0,0.0,0.0,0.0,0.0,0
2023-05-11 09:04:41,CY2312,CY312,22390.0,0.0,0.0,0.0,1,21915.0,23710.0,1,22390.0,0.0,0.0,0.0,0.0,0.0,0
2023-05-11 09:04:53,CY2312,CY312,22390.0,0.0,0.0,0.0,2,21895.0,23710.0,1,22390.0,0.0,0.0,0.0,0.0,0.0,0
2023-05-11 09:05:05,CY2312,CY312,22390.0,0.0,0.0,0.0,1,21925.0,23710.0,1,22390.0,0.0,0.0,0.0,0.0,0.0,0
2023-05-11 09:05:06,CY2312,CY312,22390.0,0.0,0.0,0.0,2,21925.0,23710.0,1,22390.0,0.0,0.0,0.0,0.0,0.0,0
2023-05-11 09:05:18,CY2312,CY312,22390.0,0.0,0.0,0.0,1,21925.0,23710.0,1,22390.0,0.0,0.0,0.0,0.0,0.0,0
2023-05-11 09:05:32,CY2312,CY312,22390.0,0.0,0.0,0.0,1,21935.0,23710.0,1,22390.0,0.0,0.0,0.0,0.0,0.0,0
2023-05-11 09:06:02,CY2312,CY312,22390.0,0.0,0.0,0.0,2,21940.0,23710.0,1,22390.0,0.0,0.0,0.0,0.0,0.0,0
2023-05-11 09:06:34,CY2312,CY312,22390.0,0.0,0.0,0.0,1,21950.0,23710.0,1,22390.0,0.0,0.0,0.0,0.0,0.0,0
2023-05-11 09:07:28,CY2312,CY312,22390.0,0.0,0.0,0.0,2,21955.0,23710.0,1,22390.0,0.0,0.0,0.0,0.0,0.0,0
2023-05-11 09:07:50,CY2312,CY312,22390.0,0.0,0.0,0.0,1,21965.0,23710.0,1,22390.0,0.0,0.0,0.0,0.0,0.0,0
2023-05-11 09:08:55,CY2312,CY312,22390.0,0.0,0.0,0.0,2,21970.0,23710.0,1,22390.0,0.0,0.0,0.0,0.0,0.0,0
2023-05-11 09:08:55,CY2312,CY312,22390.0,0.0,0.0,0.0,1,21980.0,23710.0,1,22390.0,0.0,0.0,0.0,0.0,0.0,0
2023-05-11 09:08:56,CY2312,CY312,22390.0,0.0,0.0,0.0,2,21980.0,23710.0,1,22390.0,0.0,0.0,0.0,0.0,0.0,0
2023-05-11 09:09:37,CY2312,CY312,22390.0,0.0,0.0,0.0,2,21985.0,23710.0,1,22390.0,0.0,0.0,0.0,0.0,0.0,0
2023-05-11 09:09:37,CY2312,CY312,22390.0,0.0,0.0,0.0,1,21995.0,23710.0,1,22390.0,0.0,0.0,0.0,0.0,0.0,0
2023-05-11 09:10:21,CY2312,CY312,22390.0,0.0,0.0,0.0,2,22000.0,23710.0,1,22390.0,0.0,0.0,0.0,0.0,0.0,0
2023-05-11 09:10:21,CY2312,CY312,22390.0,0.0,0.0,0.0,1,22010.0,23710.0,1,22390.0,0.0,0.0,0.0,0.0,0.0,0
2023-05-11 09:11:05,CY2312,CY312,22390.0,0.0,0.0,0.0,2,22015.0,23710.0,1,22390.0,0.0,0.0,0.0,0.0,0.0,0
2023-05-11 09:11:06,CY2312,CY312,22390.0,0.0,0.0,0.0,1,22025.0,23710.0,1,22390.0,0.0,0.0,0.0,0.0,0.0,0
2023-05-11 09:11:48,CY2312,CY312,22390.0,0.0,0.0,0.0,2,22030.0,23710.0,1,22390.0,0.0,0.0,0.0,0.0,0.0,0
2023-05-11 09:11:49,CY2312,CY312,22390.0,0.0,0.0,0.0,1,22045.0,23710.0,1,22390.0,0.0,0.0,0.0,0.0,0.0,0
2023-05-11 09:11:49,CY2312,CY312,22390.0,0.0,0.0,0.0,2,22045.0,23710.0,1,22390.0,0.0,0.0,0.0,0.0,0.0,0
2023-05-11 09:12:32,CY2312,CY312,22390.0,0.0,0.0,0.0,2,22050.0,23710.0,1,22390.0,0.0,0.0,0.0,0.0,0.0,0
2023-05-11 09:12:33,CY2312,CY312,22390.0,0.0,0.0,0.0,1,22065.0,23710.0,1,22390.0,0.0,0.0,0.0,0.0,0.0,0
2023-05-11 09:13:16,CY2312,CY312,22390.0,0.0,0.0,0.0,2,22070.0,23710.0,1,22390.0,0.0,0.0,0.0,0.0,0.0,0
2023-05-11 09:13:17,CY2312,CY312,22390.0,0.0,0.0,0.0,1,22085.0,23710.0,1,22390.0,0.0,0.0,0.0,0.0,0.0,0
2023-05-11 09:14:00,CY2312,CY312,22390.0,0.0,0.0,0.0,2,22090.0,23710.0,1,22390.0,0.0,0.0,0.0,0.0,0.0,0
2023-05-11 09:14:00,CY2312,CY312,22390.0,0.0,0.0,0.0,1,22105.0,23710.0,1,22390.0,0.0,0.0,0.0,0.0,0.0,0
2023-05-11 09:14:01,CY2312,CY312,22390.0,0.0,0.0,0.0,2,22105.0,23710.0,1,22390.0,0.0,0.0,0.0,0.0,0.0,0
2023-05-11 09:14:44,CY2312,CY312,22390.0,0.0,0.0,0.0,2,22110.0,23710.0,1,22390.0,0.0,0.0,0.0,0.0,0.0,0
2023-05-11 09:14:44,CY2312,CY312,22390.0,0.0,0.0,0.0,1,22125.0,23710.0,1,22390.0,0.0,0.0,0.0,0.0,0.0,0
2023-05-11 09:15:29,CY2312,CY312,22390.0,0.0,0.0,0.0,1,22125.0,23705.0,2,22390.0,0.0,0.0,0.0,0.0,0.0,0
2023-05-11 09:15:30,CY2312,CY312,22390.0,0.0,0.0,0.0,1,22125.0,23690.0,1,22390.0,0.0,0.0,0.0,0.0,0.0,0
2023-05-11 09:16:13,CY2312,CY312,22390.0,0.0,0.0,0.0,2,22130.0,23690.0,1,22390.0,0.0,0.0,0.0,0.0,0.0,0
2023-05-11 09:16:14,CY2312,CY312,22390.0,0.0,0.0,0.0,1,22145.0,23690.0,1,22390.0,0.0,0.0,0.0,0.0,0.0,0
2023-05-11 09:16:58,CY2312,CY312,22390.0,0.0,0.0,0.0,2,22150.0,23690.0,1,22390.0,0.0,0.0,0.0,0.0,0.0,0
2023-05-11 09:16:59,CY2312,CY312,22390.0,0.0,0.0,0.0,1,22165.0,23690.0,1,22390.0,0.0,0.0,0.0,0.0,0.0,0
2023-05-11 09:16:59,CY2312,CY312,22390.0,0.0,0.0,0.0,2,22165.0,23690.0,1,22390.0,0.0,0.0,0.0,0.0,0.0,0
2023-05-11 09:17:42,CY2312,CY312,22390.0,0.0,0.0,0.0,2,22170.0,23690.0,1,22390.0,0.0,0.0,0.0,0.0,0.0,0
2023-05-11 09:17:43,CY2312,CY312,22390.0,0.0,0.0,0.0,1,22185.0,23690.0,1,22390.0,0.0,0.0,0.0,0.0,0.0,0
2023-05-11 09:18:27,CY2312,CY312,22390.0,0.0,0.0,0.0,1,22185.0,23685.0,2,22390.0,0.0,0.0,0.0,0.0,0.0,0
2023-05-11 09:18:28,CY2312,CY312,22390.0,0.0,0.0,0.0,1,22185.0,23670.0,1,22390.0,0.0,0.0,0.0,0.0,0.0,0
2023-05-11 09:19:11,CY2312,CY312,22390.0,0.0,0.0,0.0,2,22190.0,23670.0,1,22390.0,0.0,0.0,0.0,0.0,0.0,0
2023-05-11 09:19:12,CY2312,CY312,22390.0,0.0,0.0,0.0,1,22205.0,23670.0,1,22390.0,0.0,0.0,0.0,0.0,0.0,0
2023-05-11 09:19:55,CY2312,CY312,22390.0,0.0,0.0,0.0,1,22205.0,23665.0,2,22390.0,0.0,0.0,0.0,0.0,0.0,0
2023-05-11 09:19:56,CY2312,CY312,22390.0,0.0,0.0,0.0,1,22205.0,23650.0,1,22390.0,0.0,0.0,0.0,0.0,0.0,0
2023-05-11 09:20:40,CY2312,CY312,22390.0,0.0,0.0,0.0,2,22210.0,23650.0,1,22390.0,0.0,0.0,0.0,0.0,0.0,0
2023-05-11 09:20:40,CY2312,CY312,22390.0,0.0,0.0,0.0,1,22225.0,23650.0,1,22390.0,0.0,0.0,0.0,0.0,0.0,0
2023-05-11 09:20:40,CY2312,CY312,22390.0,0.0,0.0,0.0,2,22225.0,23650.0,1,22390.0,0.0,0.0,0.0,0.0,0.0,0
2023-05-11 09:21:24,CY2312,CY312,22390.0,0.0,0.0,0.0,2,22225.0,23645.0,2,22390.0,0.0,0.0,0.0,0.0,0.0,0
2023-05-11 09:21:25,CY2312,CY312,22390.0,0.0,0.0,0.0,2,22225.0,23630.0,1,22390.0,0.0,0.0,0.0,0.0,0.0,0
2023-05-11 09:22:08,CY2312,CY312,22390.0,0.0,0.0,0.0,2,22225.0,23625.0,2,22390.0,0.0,0.0,0.0,0.0,0.0,0
2023-05-11 09:22:09,CY2312,CY312,22390.0,0.0,0.0,0.0,2,22225.0,23610.0,1,22390.0,0.0,0.0,0.0,0.0,0.0,0
2023-05-11 09:22:09,CY2312,CY312,22390.0,0.0,0.0,0.0,2,22225.0,23610.0,2,22390.0,0.0,0.0,0.0,0.0,0.0,0
2023-05-11 09:22:52,CY2312,CY312,22390.0,0.0,0.0,0.0,2,22230.0,23610.0,2,22390.0,0.0,0.0,0.0,0.0,0.0,0
2023-05-11 09:22:53,CY2312,CY312,22390.0,0.0,0.0,0.0,1,22245.0,23610.0,2,22390.0,0.0,0.0,0.0,0.0,0.0,0
2023-05-11 09:23:37,CY2312,CY312,22390.0,0.0,0.0,0.0,2,22250.0,23610.0,2,22390.0,0.0,0.0,0.0,0.0,0.0,0
2023-05-11 09:23:37,CY2312,CY312,22390.0,0.0,0.0,0.0,1,22265.0,23610.0,2,22390.0,0.0,0.0,0.0,0.0,0.0,0
2023-05-11 09:24:20,CY2312,CY312,22390.0,0.0,0.0,0.0,1,22265.0,23605.0,2,22390.0,0.0,0.0,0.0,0.0,0.0,0
2023-05-11 09:24:21,CY2312,CY312,22390.0,0.0,0.0,0.0,1,22265.0,23590.0,1,22390.0,0.0,0.0,0.0,0.0,0.0,0
2023-05-11 09:25:03,CY2312,CY312,22390.0,0.0,0.0,0.0,1,22265.0,23585.0,2,22390.0,0.0,0.0,0.0,0.0,0.0,0
2023-05-11 09:25:04,CY2312,CY312,22390.0,0.0,0.0,0.0,1,22265.0,23570.0,1,22390.0,0.0,0.0,0.0,0.0,0.0,0
2023-05-11 09:25:47,CY2312,CY312,22390.0,0.0,0.0,0.0,2,22270.0,23570.0,1,22390.0,0.0,0.0,0.0,0.0,0.0,0
2023-05-11 09:25:48,CY2312,CY312,22390.0,0.0,0.0,0.0,1,22285.0,23570.0,1,22390.0,0.0,0.0,0.0,0.0,0.0,0
2023-05-11 09:25:48,CY2312,CY312,22390.0,0.0,0.0,0.0,2,22285.0,23570.0,1,22390.0,0.0,0.0,0.0,0.0,0.0,0
2023-05-11 09:26:31,CY2312,CY312,22390.0,0.0,0.0,0.0,2,22290.0,23570.0,1,22390.0,0.0,0.0,0.0,0.0,0.0,0
2023-05-11 09:26:32,CY2312,CY312,22390.0,0.0,0.0,0.0,1,22305.0,23570.0,1,22390.0,0.0,0.0,0.0,0.0,0.0,0
2023-05-11 09:27:16,CY2312,CY312,22390.0,0.0,0.0,0.0,2,22310.0,23570.0,1,22390.0,0.0,0.0,0.0,0.0,0.0,0
2023-05-11 09:27:17,CY2312,CY312,22390.0,0.0,0.0,0.0,1,22325.0,23570.0,1,22390.0,0.0,0.0,0.0,0.0,0.0,0
2023-05-11 09:28:00,CY2312,CY312,22390.0,0.0,0.0,0.0,1,22325.0,23565.0,2,22390.0,0.0,0.0,0.0,0.0,0.0,0
2023-05-11 09:28:00,CY2312,CY312,22390.0,0.0,0.0,0.0,1,22325.0,23550.0,1,22390.0,0.0,0.0,0.0,0.0,0.0,0
2023-05-11 09:28:01,CY2312,CY312,22390.0,0.0,0.0,0.0,1,22325.0,23550.0,2,22390.0,0.0,0.0,0.0,0.0,0.0,0
2023-05-11 09:28:44,CY2312,CY312,22390.0,0.0,0.0,0.0,1,22325.0,23545.0,2,22390.0,0.0,0.0,0.0,0.0,0.0,0
2023-05-11 09:28:44,CY2312,CY312,22390.0,0.0,0.0,0.0,1,22325.0,23530.0,1,22390.0,0.0,0.0,0.0,0.0,0.0,0
2023-05-11 09:29:27,CY2312,CY312,22390.0,0.0,0.0,0.0,1,22325.0,23525.0,2,22390.0,0.0,0.0,0.0,0.0,0.0,0
2023-05-11 09:29:27,CY2312,CY312,22390.0,0.0,0.0,0.0,1,22325.0,23510.0,1,22390.0,0.0,0.0,0.0,0.0,0.0,0
2023-05-11 09:30:11,CY2312,CY312,22390.0,0.0,0.0,0.0,1,22325.0,23505.0,2,22390.0,0.0,0.0,0.0,0.0,0.0,0
2023-05-11 09:30:11,CY2312,CY312,22390.0,0.0,0.0,0.0,1,22325.0,23490.0,1,22390.0,0.0,0.0,0.0,0.0,0.0,0
2023-05-11 09:30:12,CY2312,CY312,22390.0,0.0,0.0,0.0,1,22325.0,23490.0,2,22390.0,0.0,0.0,0.0,0.0,0.0,0
2023-05-11 09:30:54,CY2312,CY312,22390.0,0.0,0.0,0.0,1,22325.0,23485.0,2,22390.0,0.0,0.0,0.0,0.0,0.0,0
2023-05-11 09:30:54,CY2312,CY312,22390.0,0.0,0.0,0.0,1,22325.0,23470.0,1,22390.0,0.0,0.0,0.0,0.0,0.0,0
2023-05-11 09:31:38,CY2312,CY312,22390.0,0.0,0.0,0.0,2,22330.0,23470.0,1,22390.0,0.0,0.0,0.0,0.0,0.0,0
2023-05-11 09:31:38,CY2312,CY312,22390.0,0.0,0.0,0.0,1,22345.0,23470.0,1,22390.0,0.0,0.0,0.0,0.0,0.0,0
2023-05-11 09:31:39,CY2312,CY312,22390.0,0.0,0.0,0.0,2,22345.0,23470.0,1,22390.0,0.0,0.0,0.0,0.0,0.0,0
2023-05-11 09:32:21,CY2312,CY312,22390.0,0.0,0.0,0.0,2,22350.0,23470.0,1,22390.0,0.0,0.0,0.0,0.0,0.0,0
2023-05-11 09:32:22,CY2312,CY312,22390.0,0.0,0.0,0.0,1,22365.0,23470.0,1,22390.0,0.0,0.0,0.0,0.0,0.0,0
2023-05-11 09:33:05,CY2312,CY312,22390.0,0.0,0.0,0.0,2,22370.0,23470.0,1,22390.0,0.0,0.0,0.0,0.0,0.0,0
2023-05-11 09:33:05,CY2312,CY312,22390.0,0.0,0.0,0.0,1,22385.0,23470.0,1,22390.0,0.0,0.0,0.0,0.0,0.0,0
2023-05-11 09:33:49,CY2312,CY312,22390.0,0.0,0.0,0.0,2,22390.0,23470.0,1,22390.0,0.0,0.0,0.0,0.0,0.0,0
2023-05-11 09:33:49,CY2312,CY312,22390.0,0.0,0.0,0.0,1,22405.0,23470.0,1,22390.0,0.0,0.0,0.0,0.0,0.0,0
2023-05-11 09:33:49,CY2312,CY312,22390.0,0.0,0.0,0.0,2,22405.0,23470.0,1,22390.0,0.0,0.0,0.0,0.0,0.0,0
2023-05-11 09:34:31,CY2312,CY312,22390.0,0.0,0.0,0.0,2,22410.0,23470.0,1,22390.0,0.0,0.0,0.0,0.0,0.0,0
2023-05-11 09:34:32,CY2312,CY312,22390.0,0.0,0.0,0.0,1,22425.0,23470.0,1,22390.0,0.0,0.0,0.0,0.0,0.0,0
2023-05-11 09:35:14,CY2312,CY312,22390.0,0.0,0.0,0.0,1,22425.0,23465.0,2,22390.0,0.0,0.0,0.0,0.0,0.0,0
2023-05-11 09:35:15,CY2312,CY312,22390.0,0.0,0.0,0.0,1,22425.0,23450.0,1,22390.0,0.0,0.0,0.0,0.0,0.0,0
2023-05-11 09:35:57,CY2312,CY312,22390.0,0.0,0.0,0.0,1,22425.0,23445.0,2,22390.0,0.0,0.0,0.0,0.0,0.0,0
2023-05-11 09:35:58,CY2312,CY312,22390.0,0.0,0.0,0.0,1,22425.0,23430.0,1,22390.0,0.0,0.0,0.0,0.0,0.0,0
2023-05-11 09:35:58,CY2312,CY312,22390.0,0.0,0.0,0.0,1,22425.0,23430.0,2,22390.0,0.0,0.0,0.0,0.0,0.0,0
2023-05-11 09:36:40,CY2312,CY312,22390.0,0.0,0.0,0.0,1,22425.0,23425.0,2,22390.0,0.0,0.0,0.0,0.0,0.0,0
2023-05-11 09:36:40,CY2312,CY312,22390.0,0.0,0.0,0.0,1,22425.0,23410.0,1,22390.0,0.0,0.0,0.0,0.0,0.0,0
2023-05-11 09:37:22,CY2312,CY312,22390.0,0.0,0.0,0.0,2,22430.0,23410.0,1,22390.0,0.0,0.0,0.0,0.0,0.0,0
2023-05-11 09:37:23,CY2312,CY312,22390.0,0.0,0.0,0.0,1,22445.0,23410.0,1,22390.0,0.0,0.0,0.0,0.0,0.0,0
2023-05-11 09:38:06,CY2312,CY312,22390.0,0.0,0.0,0.0,1,22445.0,23405.0,2,22390.0,0.0,0.0,0.0,0.0,0.0,0
2023-05-11 09:38:07,CY2312,CY312,22390.0,0.0,0.0,0.0,1,22445.0,23390.0,1,22390.0,0.0,0.0,0.0,0.0,0.0,0
2023-05-11 09:38:50,CY2312,CY312,22390.0,0.0,0.0,0.0,2,22450.0,23390.0,1,22390.0,0.0,0.0,0.0,0.0,0.0,0
2023-05-11 09:38:50,CY2312,CY312,22390.0,0.0,0.0,0.0,1,22465.0,23390.0,1,22390.0,0.0,0.0,0.0,0.0,0.0,0
2023-05-11 09:38:51,CY2312,CY312,22390.0,0.0,0.0,0.0,2,22465.0,23390.0,1,22390.0,0.0,0.0,0.0,0.0,0.0,0
2023-05-11 09:39:33,CY2312,CY312,22390.0,0.0,0.0,0.0,2,22470.0,23390.0,1,22390.0,0.0,0.0,0.0,0.0,0.0,0
2023-05-11 09:39:33,CY2312,CY312,22390.0,0.0,0.0,0.0,1,22485.0,23390.0,1,22390.0,0.0,0.0,0.0,0.0,0.0,0
2023-05-11 09:40:17,CY2312,CY312,22390.0,0.0,0.0,0.0,1,22485.0,23385.0,2,22390.0,0.0,0.0,0.0,0.0,0.0,0
2023-05-11 09:40:17,CY2312,CY312,22390.0,0.0,0.0,0.0,1,22485.0,23370.0,1,22390.0,0.0,0.0,0.0,0.0,0.0,0
2023-05-11 09:40:17,CY2312,CY312,22390.0,0.0,0.0,0.0,1,22485.0,23370.0,2,22390.0,0.0,0.0,0.0,0.0,0.0,0
2023-05-11 09:41:00,CY2312,CY312,22390.0,0.0,0.0,0.0,1,22485.0,23365.0,2,22390.0,0.0,0.0,0.0,0.0,0.0,0
2023-05-11 09:41:01,CY2312,CY312,22390.0,0.0,0.0,0.0,1,22485.0,23350.0,1,22390.0,0.0,0.0,0.0,0.0,0.0,0
2023-05-11 09:41:44,CY2312,CY312,22390.0,0.0,0.0,0.0,2,22490.0,23350.0,1,22390.0,0.0,0.0,0.0,0.0,0.0,0
2023-05-11 09:41:44,CY2312,CY312,22390.0,0.0,0.0,0.0,1,22500.0,23350.0,1,22390.0,0.0,0.0,0.0,0.0,0.0,0
2023-05-11 09:42:27,CY2312,CY312,22390.0,0.0,0.0,0.0,2,22505.0,23350.0,1,22390.0,0.0,0.0,0.0,0.0,0.0,0
2023-05-11 09:43:17,CY2312,CY312,22390.0,0.0,0.0,0.0,1,22465.0,23350.0,1,22390.0,0.0,0.0,0.0,0.0,0.0,0
2023-05-11 09:43:17,CY2312,CY312,22390.0,0.0,0.0,0.0,1,22480.0,23350.0,1,22390.0,0.0,0.0,0.0,0.0,0.0,0
2023-05-11 09:43:54,CY2312,CY312,22390.0,0.0,0.0,0.0,2,22485.0,23350.0,1,22390.0,0.0,0.0,0.0,0.0,0.0,0
2023-05-11 09:43:55,CY2312,CY312,22390.0,0.0,0.0,0.0,1,22500.0,23350.0,1,22390.0,0.0,0.0,0.0,0.0,0.0,0
2023-05-11 09:44:38,CY2312,CY312,22390.0,0.0,0.0,0.0,2,22505.0,23350.0,1,22390.0,0.0,0.0,0.0,0.0,0.0,0
2023-05-11 09:46:35,CY2312,CY312,22390.0,0.0,0.0,0.0,1,22465.0,23350.0,1,22390.0,0.0,0.0,0.0,0.0,0.0,0
2023-05-11 09:46:36,CY2312,CY312,22390.0,0.0,0.0,0.0,1,22480.0,23350.0,1,22390.0,0.0,0.0,0.0,0.0,0.0,0
2023-05-11 09:46:44,CY2312,CY312,22390.0,0.0,0.0,0.0,2,22480.0,23350.0,1,22390.0,0.0,0.0,0.0,0.0,0.0,0
2023-05-11 09:46:48,CY2312,CY312,22390.0,0.0,0.0,0.0,2,22485.0,23350.0,1,22390.0,0.0,0.0,0.0,0.0,0.0,0
2023-05-11 09:46:49,CY2312,CY312,22390.0,0.0,0.0,0.0,1,22500.0,23350.0,1,22390.0,0.0,0.0,0.0,0.0,0.0,0
2023-05-11 09:47:31,CY2312,CY312,22390.0,0.0,0.0,0.0,1,22500.0,23345.0,2,22390.0,0.0,0.0,0.0,0.0,0.0,0
2023-05-11 09:47:32,CY2312,CY312,22390.0,0.0,0.0,0.0,1,22500.0,23330.0,1,22390.0,0.0,0.0,0.0,0.0,0.0,0
2023-05-11 09:48:14,CY2312,CY312,22390.0,0.0,0.0,0.0,1,22500.0,23325.0,2,22390.0,0.0,0.0,0.0,0.0,0.0,0
2023-05-11 09:48:15,CY2312,CY312,22390.0,0.0,0.0,0.0,1,22500.0,23310.0,1,22390.0,0.0,0.0,0.0,0.0,0.0,0
2023-05-11 09:48:15,CY2312,CY312,22390.0,0.0,0.0,0.0,1,22500.0,23310.0,2,22390.0,0.0,0.0,0.0,0.0,0.0,0
2023-05-11 09:48:58,CY2312,CY312,22390.0,0.0,0.0,0.0,2,22505.0,23310.0,2,22390.0,0.0,0.0,0.0,0.0,0.0,0
2023-05-11 09:53:23,CY2312,CY312,22390.0,0.0,0.0,0.0,2,22505.0,23310.0,1,22390.0,0.0,0.0,0.0,0.0,0.0,0
2023-05-11 09:53:35,CY2312,CY312,22390.0,0.0,0.0,0.0,2,22505.0,23310.0,2,22390.0,0.0,0.0,0.0,0.0,0.0,0
2023-05-11 09:53:58,CY2312,CY312,22390.0,0.0,0.0,0.0,1,22480.0,23310.0,2,22390.0,0.0,0.0,0.0,0.0,0.0,0
2023-05-11 09:53:58,CY2312,CY312,22390.0,0.0,0.0,0.0,1,22495.0,23310.0,2,22390.0,0.0,0.0,0.0,0.0,0.0,0
2023-05-11 09:53:59,CY2312,CY312,22390.0,0.0,0.0,0.0,2,22495.0,23310.0,2,22390.0,0.0,0.0,0.0,0.0,0.0,0
2023-05-11 09:54:00,CY2312,CY312,22390.0,0.0,0.0,0.0,2,22500.0,23310.0,2,22390.0,0.0,0.0,0.0,0.0,0.0,0
2023-05-11 09:58:43,CY2312,CY312,22390.0,0.0,0.0,0.0,2,22500.0,23310.0,1,22390.0,0.0,0.0,0.0,0.0,0.0,0
2023-05-11 09:58:50,CY2312,CY312,22390.0,0.0,0.0,0.0,2,22500.0,23310.0,2,22390.0,0.0,0.0,0.0,0.0,0.0,0
2023-05-11 09:59:00,CY2312,CY312,22390.0,0.0,0.0,0.0,1,22495.0,23310.0,2,22390.0,0.0,0.0,0.0,0.0,0.0,0
2023-05-11 09:59:00,CY2312,CY312,22390.0,0.0,0.0,0.0,1,21805.0,23310.0,2,22390.0,0.0,0.0,0.0,0.0,0.0,0
2023-05-11 09:59:01,CY2312,CY312,22390.0,0.0,0.0,0.0,1,21820.0,23310.0,2,22390.0,0.0,0.0,0.0,0.0,0.0,0
2023-05-11 09:59:03,CY2312,CY312,22390.0,0.0,0.0,0.0,2,21820.0,23310.0,2,22390.0,0.0,0.0,0.0,0.0,0.0,0
2023-05-11 09:59:37,CY2312,CY312,22390.0,0.0,0.0,0.0,2,21825.0,23310.0,2,22390.0,0.0,0.0,0.0,0.0,0.0,0
2023-05-11 09:59:38,CY2312,CY312,22390.0,0.0,0.0,0.0,1,21840.0,23310.0,2,22390.0,0.0,0.0,0.0,0.0,0.0,0
2023-05-11 10:00:20,CY2312,CY312,22390.0,0.0,0.0,0.0,2,21845.0,23310.0,2,22390.0,0.0,0.0,0.0,0.0,0.0,0
2023-05-11 10:00:21,CY2312,CY312,22390.0,0.0,0.0,0.0,1,21860.0,23310.0,2,22390.0,0.0,0.0,0.0,0.0,0.0,0
2023-05-11 10:01:03,CY2312,CY312,22390.0,0.0,0.0,0.0,2,21865.0,23310.0,2,22390.0,0.0,0.0,0.0,0.0,0.0,0
2023-05-11 10:01:03,CY2312,CY312,22390.0,0.0,0.0,0.0,1,21880.0,23310.0,2,22390.0,0.0,0.0,0.0,0.0,0.0,0
2023-05-11 10:01:04,CY2312,CY312,22390.0,0.0,0.0,0.0,2,21880.0,23310.0,2,22390.0,0.0,0.0,0.0,0.0,0.0,0
2023-05-11 10:01:46,CY2312,CY312,22390.0,0.0,0.0,0.0,2,21885.0,23310.0,2,22390.0,0.0,0.0,0.0,0.0,0.0,0
2023-05-11 10:01:46,CY2312,CY312,22390.0,0.0,0.0,0.0,1,21900.0,23310.0,2,22390.0,0.0,0.0,0.0,0.0,0.0,0
2023-05-11 10:02:30,CY2312,CY312,22390.0,0.0,0.0,0.0,2,21905.0,23310.0,2,22390.0,0.0,0.0,0.0,0.0,0.0,0
2023-05-11 10:02:31,CY2312,CY312,22390.0,0.0,0.0,0.0,1,21920.0,23310.0,2,22390.0,0.0,0.0,0.0,0.0,0.0,0
2023-05-11 10:03:13,CY2312,CY312,22390.0,0.0,0.0,0.0,2,21925.0,23310.0,2,22390.0,0.0,0.0,0.0,0.0,0.0,0
2023-05-11 10:03:14,CY2312,CY312,22390.0,0.0,0.0,0.0,1,21940.0,23310.0,2,22390.0,0.0,0.0,0.0,0.0,0.0,0
2023-05-11 10:03:14,CY2312,CY312,22390.0,0.0,0.0,0.0,2,21940.0,23310.0,2,22390.0,0.0,0.0,0.0,0.0,0.0,0
2023-05-11 10:03:55,CY2312,CY312,22390.0,0.0,0.0,0.0,2,21940.0,23310.0,1,22390.0,0.0,0.0,0.0,0.0,0.0,0
2023-05-11 10:03:57,CY2312,CY312,22390.0,0.0,0.0,0.0,2,21945.0,23310.0,1,22390.0,0.0,0.0,0.0,0.0,0.0,0
2023-05-11 10:03:57,CY2312,CY312,22390.0,0.0,0.0,0.0,1,21960.0,23310.0,2,22390.0,0.0,0.0,0.0,0.0,0.0,0
2023-05-11 10:04:40,CY2312,CY312,22390.0,0.0,0.0,0.0,2,21965.0,23310.0,2,22390.0,0.0,0.0,0.0,0.0,0.0,0
2023-05-11 10:04:41,CY2312,CY312,22390.0,0.0,0.0,0.0,1,21980.0,23310.0,2,22390.0,0.0,0.0,0.0,0.0,0.0,0
2023-05-11 10:05:23,CY2312,CY312,22390.0,0.0,0.0,0.0,2,21985.0,23310.0,2,22390.0,0.0,0.0,0.0,0.0,0.0,0
2023-05-11 10:05:24,CY2312,CY312,22390.0,0.0,0.0,0.0,1,22000.0,23310.0,2,22390.0,0.0,0.0,0.0,0.0,0.0,0
2023-05-11 10:05:24,CY2312,CY312,22390.0,0.0,0.0,0.0,2,22000.0,23310.0,2,22390.0,0.0,0.0,0.0,0.0,0.0,0
2023-05-11 10:06:06,CY2312,CY312,22390.0,0.0,0.0,0.0,2,22005.0,23310.0,2,22390.0,0.0,0.0,0.0,0.0,0.0,0
2023-05-11 10:06:07,CY2312,CY312,22390.0,0.0,0.0,0.0,1,22020.0,23310.0,2,22390.0,0.0,0.0,0.0,0.0,0.0,0
2023-05-11 10:06:51,CY2312,CY312,22390.0,0.0,0.0,0.0,2,22025.0,23310.0,2,22390.0,0.0,0.0,0.0,0.0,0.0,0
2023-05-11 10:06:52,CY2312,CY312,22390.0,0.0,0.0,0.0,1,22040.0,23310.0,2,22390.0,0.0,0.0,0.0,0.0,0.0,0
2023-05-11 10:07:35,CY2312,CY312,22390.0,0.0,0.0,0.0,2,22045.0,23310.0,2,22390.0,0.0,0.0,0.0,0.0,0.0,0
2023-05-11 10:07:36,CY2312,CY312,22390.0,0.0,0.0,0.0,1,22060.0,23310.0,2,22390.0,0.0,0.0,0.0,0.0,0.0,0
2023-05-11 10:07:36,CY2312,CY312,22390.0,0.0,0.0,0.0,2,22060.0,23310.0,2,22390.0,0.0,0.0,0.0,0.0,0.0,0
2023-05-11 10:08:18,CY2312,CY312,22390.0,0.0,0.0,0.0,2,22065.0,23310.0,2,22390.0,0.0,0.0,0.0,0.0,0.0,0
2023-05-11 10:08:19,CY2312,CY312,22390.0,0.0,0.0,0.0,1,22080.0,23310.0,2,22390.0,0.0,0.0,0.0,0.0,0.0,0
2023-05-11 10:08:59,CY2312,CY312,22390.0,0.0,0.0,0.0,1,22080.0,23310.0,1,22390.0,0.0,0.0,0.0,0.0,0.0,0
2023-05-11 10:08:59,CY2312,CY312,22390.0,0.0,0.0,0.0,1,22080.0,23310.0,2,22390.0,0.0,0.0,0.0,0.0,0.0,0
2023-05-11 10:09:02,CY2312,CY312,22390.0,0.0,0.0,0.0,2,22085.0,23310.0,2,22390.0,0.0,0.0,0.0,0.0,0.0,0
2023-05-11 10:09:03,CY2312,CY312,22390.0,0.0,0.0,0.0,1,22100.0,23310.0,2,22390.0,0.0,0.0,0.0,0.0,0.0,0
2023-05-11 10:09:46,CY2312,CY312,22390.0,0.0,0.0,0.0,2,22105.0,23310.0,2,22390.0,0.0,0.0,0.0,0.0,0.0,0
2023-05-11 10:09:47,CY2312,CY312,22390.0,0.0,0.0,0.0,1,22120.0,23310.0,2,22390.0,0.0,0.0,0.0,0.0,0.0,0
2023-05-11 10:09:47,CY2312,CY312,22390.0,0.0,0.0,0.0,2,22120.0,23310.0,2,22390.0,0.0,0.0,0.0,0.0,0.0,0
2023-05-11 10:10:29,CY2312,CY312,22390.0,0.0,0.0,0.0,2,22125.0,23310.0,2,22390.0,0.0,0.0,0.0,0.0,0.0,0
2023-05-11 10:10:30,CY2312,CY312,22390.0,0.0,0.0,0.0,1,22140.0,23310.0,2,22390.0,0.0,0.0,0.0,0.0,0.0,0
2023-05-11 10:11:12,CY2312,CY312,22390.0,0.0,0.0,0.0,2,22145.0,23310.0,2,22390.0,0.0,0.0,0.0,0.0,0.0,0
2023-05-11 10:11:13,CY2312,CY312,22390.0,0.0,0.0,0.0,1,22160.0,23310.0,2,22390.0,0.0,0.0,0.0,0.0,0.0,0
2023-05-11 10:11:55,CY2312,CY312,22390.0,0.0,0.0,0.0,2,22165.0,23310.0,2,22390.0,0.0,0.0,0.0,0.0,0.0,0
2023-05-11 10:11:56,CY2312,CY312,22390.0,0.0,0.0,0.0,1,22180.0,23310.0,2,22390.0,0.0,0.0,0.0,0.0,0.0,0
2023-05-11 10:11:56,CY2312,CY312,22390.0,0.0,0.0,0.0,2,22180.0,23310.0,2,22390.0,0.0,0.0,0.0,0.0,0.0,0
2023-05-11 10:12:38,CY2312,CY312,22390.0,0.0,0.0,0.0,2,22185.0,23310.0,2,22390.0,0.0,0.0,0.0,0.0,0.0,0
2023-05-11 10:12:39,CY2312,CY312,22390.0,0.0,0.0,0.0,1,22200.0,23310.0,2,22390.0,0.0,0.0,0.0,0.0,0.0,0
2023-05-11 10:13:22,CY2312,CY312,22390.0,0.0,0.0,0.0,2,22205.0,23310.0,2,22390.0,0.0,0.0,0.0,0.0,0.0,0
2023-05-11 10:13:23,CY2312,CY312,22390.0,0.0,0.0,0.0,1,22220.0,23310.0,2,22390.0,0.0,0.0,0.0,0.0,0.0,0
2023-05-11 10:14:01,CY2312,CY312,22390.0,0.0,0.0,0.0,1,22220.0,23310.0,1,22390.0,0.0,0.0,0.0,0.0,0.0,0
2023-05-11 10:14:06,CY2312,CY312,22390.0,0.0,0.0,0.0,2,22225.0,23310.0,1,22390.0,0.0,0.0,0.0,0.0,0.0,0
2023-05-11 10:14:06,CY2312,CY312,22390.0,0.0,0.0,0.0,1,22240.0,23310.0,2,22390.0,0.0,0.0,0.0,0.0,0.0,0
2023-05-11 10:14:07,CY2312,CY312,22390.0,0.0,0.0,0.0,2,22240.0,23310.0,2,22390.0,0.0,0.0,0.0,0.0,0.0,0
2023-05-11 10:14:49,CY2312,CY312,22390.0,0.0,0.0,0.0,2,22240.0,23305.0,2,22390.0,0.0,0.0,0.0,0.0,0.0,0
2023-05-11 10:14:49,CY2312,CY312,22390.0,0.0,0.0,0.0,1,22240.0,23290.0,1,22390.0,0.0,0.0,0.0,0.0,0.0,0
2023-05-11 10:30:02,CY2312,CY312,22390.0,0.0,0.0,0.0,2,22240.0,23290.0,2,22390.0,0.0,0.0,0.0,0.0,0.0,0
2023-05-11 10:30:20,CY2312,CY312,22390.0,0.0,0.0,0.0,2,22245.0,23290.0,2,22390.0,0.0,0.0,0.0,0.0,0.0,0
2023-05-11 10:30:21,CY2312,CY312,22390.0,0.0,0.0,0.0,1,22260.0,23290.0,2,22390.0,0.0,0.0,0.0,0.0,0.0,0
2023-05-11 10:31:05,CY2312,CY312,22390.0,0.0,0.0,0.0,1,22260.0,23285.0,2,22390.0,0.0,0.0,0.0,0.0,0.0,0
2023-05-11 10:31:05,CY2312,CY312,22390.0,0.0,0.0,0.0,1,22260.0,23270.0,1,22390.0,0.0,0.0,0.0,0.0,0.0,0
2023-05-11 10:31:49,CY2312,CY312,22390.0,0.0,0.0,0.0,2,22265.0,23270.0,1,22390.0,0.0,0.0,0.0,0.0,0.0,0
2023-05-11 10:31:49,CY2312,CY312,22390.0,0.0,0.0,0.0,1,22280.0,23270.0,1,22390.0,0.0,0.0,0.0,0.0,0.0,0
2023-05-11 10:32:32,CY2312,CY312,22390.0,0.0,0.0,0.0,1,22280.0,23265.0,2,22390.0,0.0,0.0,0.0,0.0,0.0,0
2023-05-11 10:32:33,CY2312,CY312,22390.0,0.0,0.0,0.0,1,22280.0,23250.0,1,22390.0,0.0,0.0,0.0,0.0,0.0,0
2023-05-11 10:33:16,CY2312,CY312,22390.0,0.0,0.0,0.0,1,22280.0,23245.0,2,22390.0,0.0,0.0,0.0,0.0,0.0,0
2023-05-11 10:33:17,CY2312,CY312,22390.0,0.0,0.0,0.0,1,22280.0,23230.0,1,22390.0,0.0,0.0,0.0,0.0,0.0,0
2023-05-11 10:33:17,CY2312,CY312,22390.0,0.0,0.0,0.0,1,22280.0,23230.0,2,22390.0,0.0,0.0,0.0,0.0,0.0,0
2023-05-11 10:33:58,CY2312,CY312,22390.0,0.0,0.0,0.0,2,22285.0,23230.0,2,22390.0,0.0,0.0,0.0,0.0,0.0,0
2023-05-11 10:33:59,CY2312,CY312,22390.0,0.0,0.0,0.0,1,22300.0,23230.0,2,22390.0,0.0,0.0,0.0,0.0,0.0,0
2023-05-11 10:33:59,CY2312,CY312,22390.0,0.0,0.0,0.0,2,22300.0,23230.0,2,22390.0,0.0,0.0,0.0,0.0,0.0,0
2023-05-11 10:34:41,CY2312,CY312,22390.0,0.0,0.0,0.0,2,22300.0,23225.0,2,22390.0,0.0,0.0,0.0,0.0,0.0,0
2023-05-11 10:34:41,CY2312,CY312,22390.0,0.0,0.0,0.0,2,22300.0,23210.0,1,22390.0,0.0,0.0,0.0,0.0,0.0,0
2023-05-11 10:34:41,CY2312,CY312,22390.0,0.0,0.0,0.0,2,22300.0,23225.0,2,22390.0,0.0,0.0,0.0,0.0,0.0,0
2023-05-11 10:34:41,CY2312,CY312,22390.0,0.0,0.0,0.0,2,22300.0,23210.0,1,22390.0,0.0,0.0,0.0,0.0,0.0,0
2023-05-11 10:34:41,CY2312,CY312,22390.0,0.0,0.0,0.0,2,22300.0,23225.0,2,22390.0,0.0,0.0,0.0,0.0,0.0,0
2023-05-11 10:34:41,CY2312,CY312,22390.0,0.0,0.0,0.0,2,22300.0,23210.0,1,22390.0,0.0,0.0,0.0,0.0,0.0,0
2023-05-11 10:35:23,CY2312,CY312,22390.0,0.0,0.0,0.0,2,22300.0,23205.0,2,22390.0,0.0,0.0,0.0,0.0,0.0,0
2023-05-11 10:35:24,CY2312,CY312,22390.0,0.0,0.0,0.0,2,22300.0,23190.0,1,22390.0,0.0,0.0,0.0,0.0,0.0,0
2023-05-11 10:36:08,CY2312,CY312,22390.0,0.0,0.0,0.0,2,22300.0,23185.0,2,22390.0,0.0,0.0,0.0,0.0,0.0,0
2023-05-11 10:36:09,CY2312,CY312,22390.0,0.0,0.0,0.0,2,22300.0,23170.0,1,22390.0,0.0,0.0,0.0,0.0,0.0,0
2023-05-11 10:36:09,CY2312,CY312,22390.0,0.0,0.0,0.0,2,22300.0,23170.0,2,22390.0,0.0,0.0,0.0,0.0,0.0,0
2023-05-11 10:36:52,CY2312,CY312,22390.0,0.0,0.0,0.0,2,22305.0,23170.0,2,22390.0,0.0,0.0,0.0,0.0,0.0,0
2023-05-11 10:36:53,CY2312,CY312,22390.0,0.0,0.0,0.0,1,22320.0,23170.0,2,22390.0,0.0,0.0,0.0,0.0,0.0,0
2023-05-11 10:37:37,CY2312,CY312,22390.0,0.0,0.0,0.0,2,22325.0,23170.0,2,22390.0,0.0,0.0,0.0,0.0,0.0,0
2023-05-11 10:37:37,CY2312,CY312,22390.0,0.0,0.0,0.0,1,22340.0,23170.0,2,22390.0,0.0,0.0,0.0,0.0,0.0,0
2023-05-11 10:38:21,CY2312,CY312,22390.0,0.0,0.0,0.0,1,22340.0,23165.0,2,22390.0,0.0,0.0,0.0,0.0,0.0,0
2023-05-11 10:38:21,CY2312,CY312,22390.0,0.0,0.0,0.0,1,22340.0,23150.0,1,22390.0,0.0,0.0,0.0,0.0,0.0,0
2023-05-11 10:39:04,CY2312,CY312,22390.0,0.0,0.0,0.0,1,22340.0,23145.0,2,22390.0,0.0,0.0,0.0,0.0,0.0,0
2023-05-11 10:39:04,CY2312,CY312,22390.0,0.0,0.0,0.0,1,22340.0,23130.0,1,22390.0,0.0,0.0,0.0,0.0,0.0,0
2023-05-11 10:39:48,CY2312,CY312,22390.0,0.0,0.0,0.0,2,22345.0,23130.0,1,22390.0,0.0,0.0,0.0,0.0,0.0,0
2023-05-11 10:39:49,CY2312,CY312,22390.0,0.0,0.0,0.0,1,22360.0,23130.0,1,22390.0,0.0,0.0,0.0,0.0,0.0,0
2023-05-11 10:39:49,CY2312,CY312,22390.0,0.0,0.0,0.0,2,22360.0,23130.0,1,22390.0,0.0,0.0,0.0,0.0,0.0,0
2023-05-11 10:40:30,CY2312,CY312,22390.0,0.0,0.0,0.0,2,22360.0,23125.0,2,22390.0,0.0,0.0,0.0,0.0,0.0,0
2023-05-11 10:40:31,CY2312,CY312,22390.0,0.0,0.0,0.0,2,22360.0,23110.0,1,22390.0,0.0,0.0,0.0,0.0,0.0,0
2023-05-11 10:40:31,CY2312,CY312,22390.0,0.0,0.0,0.0,2,22360.0,23110.0,2,22390.0,0.0,0.0,0.0,0.0,0.0,0
2023-05-11 10:40:31,CY2312,CY312,22390.0,0.0,0.0,0.0,2,22360.0,23110.0,1,22390.0,0.0,0.0,0.0,0.0,0.0,0
2023-05-11 10:40:31,CY2312,CY312,22390.0,0.0,0.0,0.0,2,22360.0,23110.0,2,22390.0,0.0,0.0,0.0,0.0,0.0,0
2023-05-11 10:40:31,CY2312,CY312,22390.0,0.0,0.0,0.0,2,22360.0,23110.0,1,22390.0,0.0,0.0,0.0,0.0,0.0,0
2023-05-11 10:40:31,CY2312,CY312,22390.0,0.0,0.0,0.0,2,22360.0,23110.0,2,22390.0,0.0,0.0,0.0,0.0,0.0,0
2023-05-11 10:41:15,CY2312,CY312,22390.0,0.0,0.0,0.0,2,22360.0,23105.0,2,22390.0,0.0,0.0,0.0,0.0,0.0,0
2023-05-11 10:44:55,CY2312,CY312,22390.0,0.0,0.0,0.0,1,22360.0,23105.0,2,22390.0,0.0,0.0,0.0,0.0,0.0,0
2023-05-11 10:44:55,CY2312,CY312,22390.0,0.0,0.0,0.0,2,22360.0,23105.0,2,22390.0,0.0,0.0,0.0,0.0,0.0,0
2023-05-11 10:46:15,CY2312,CY312,22390.0,0.0,0.0,0.0,2,22360.0,23110.0,1,22390.0,0.0,0.0,0.0,0.0,0.0,0
2023-05-11 10:46:15,CY2312,CY312,22390.0,0.0,0.0,0.0,2,22360.0,23100.0,1,22390.0,0.0,0.0,0.0,0.0,0.0,0
2023-05-11 10:46:15,CY2312,CY312,22390.0,0.0,0.0,0.0,2,22360.0,23100.0,2,22390.0,0.0,0.0,0.0,0.0,0.0,0
2023-05-11 10:46:16,CY2312,CY312,22390.0,0.0,0.0,0.0,2,22360.0,23095.0,2,22390.0,0.0,0.0,0.0,0.0,0.0,0
2023-05-11 10:49:51,CY2312,CY312,22390.0,0.0,0.0,0.0,2,22360.0,23100.0,1,22390.0,0.0,0.0,0.0,0.0,0.0,0
2023-05-11 10:49:54,CY2312,CY312,22390.0,0.0,0.0,0.0,2,22365.0,23100.0,1,22390.0,0.0,0.0,0.0,0.0,0.0,0
2023-05-11 10:49:55,CY2312,CY312,22390.0,0.0,0.0,0.0,1,22380.0,23100.0,1,22390.0,0.0,0.0,0.0,0.0,0.0,0
2023-05-11 10:50:38,CY2312,CY312,22390.0,0.0,0.0,0.0,1,22380.0,23095.0,2,22390.0,0.0,0.0,0.0,0.0,0.0,0
2023-05-11 10:53:21,CY2312,CY312,22390.0,0.0,0.0,0.0,1,22380.0,23100.0,1,22390.0,0.0,0.0,0.0,0.0,0.0,0
2023-05-11 10:53:21,CY2312,CY312,22390.0,0.0,0.0,0.0,1,22380.0,23810.0,1,22390.0,0.0,0.0,0.0,0.0,0.0,0
2023-05-11 10:53:22,CY2312,CY312,22390.0,0.0,0.0,0.0,1,22380.0,23795.0,1,22390.0,0.0,0.0,0.0,0.0,0.0,0
2023-05-11 10:53:22,CY2312,CY312,22390.0,0.0,0.0,0.0,1,22380.0,23795.0,2,22390.0,0.0,0.0,0.0,0.0,0.0,0
2023-05-11 10:53:31,CY2312,CY312,22390.0,0.0,0.0,0.0,1,22380.0,23790.0,2,22390.0,0.0,0.0,0.0,0.0,0.0,0
2023-05-11 10:53:32,CY2312,CY312,22390.0,0.0,0.0,0.0,1,22380.0,23775.0,1,22390.0,0.0,0.0,0.0,0.0,0.0,0
2023-05-11 10:54:16,CY2312,CY312,22390.0,0.0,0.0,0.0,1,22380.0,23770.0,2,22390.0,0.0,0.0,0.0,0.0,0.0,0
2023-05-11 10:54:16,CY2312,CY312,22390.0,0.0,0.0,0.0,1,22380.0,23755.0,1,22390.0,0.0,0.0,0.0,0.0,0.0,0
2023-05-11 10:55:01,CY2312,CY312,22390.0,0.0,0.0,0.0,1,22380.0,23750.0,2,22390.0,0.0,0.0,0.0,0.0,0.0,0
2023-05-11 10:55:01,CY2312,CY312,22390.0,0.0,0.0,0.0,1,22380.0,23735.0,1,22390.0,0.0,0.0,0.0,0.0,0.0,0
2023-05-11 10:55:02,CY2312,CY312,22390.0,0.0,0.0,0.0,1,22380.0,23735.0,2,22390.0,0.0,0.0,0.0,0.0,0.0,0
2023-05-11 10:55:44,CY2312,CY312,22390.0,0.0,0.0,0.0,1,22380.0,23730.0,2,22390.0,0.0,0.0,0.0,0.0,0.0,0
2023-05-11 10:55:45,CY2312,CY312,22390.0,0.0,0.0,0.0,1,22380.0,23715.0,1,22390.0,0.0,0.0,0.0,0.0,0.0,0
2023-05-11 10:56:28,CY2312,CY312,22390.0,0.0,0.0,0.0,1,22380.0,23710.0,2,22390.0,0.0,0.0,0.0,0.0,0.0,0
2023-05-11 10:56:28,CY2312,CY312,22390.0,0.0,0.0,0.0,1,22380.0,23695.0,1,22390.0,0.0,0.0,0.0,0.0,0.0,0
2023-05-11 10:57:12,CY2312,CY312,22390.0,0.0,0.0,0.0,1,22380.0,23690.0,2,22390.0,0.0,0.0,0.0,0.0,0.0,0
2023-05-11 10:57:12,CY2312,CY312,22390.0,0.0,0.0,0.0,1,22380.0,23675.0,1,22390.0,0.0,0.0,0.0,0.0,0.0,0
2023-05-11 10:57:13,CY2312,CY312,22390.0,0.0,0.0,0.0,1,22380.0,23675.0,2,22390.0,0.0,0.0,0.0,0.0,0.0,0
2023-05-11 10:57:55,CY2312,CY312,22390.0,0.0,0.0,0.0,1,22380.0,23670.0,2,22390.0,0.0,0.0,0.0,0.0,0.0,0
2023-05-11 10:57:55,CY2312,CY312,22390.0,0.0,0.0,0.0,1,22380.0,23655.0,1,22390.0,0.0,0.0,0.0,0.0,0.0,0
2023-05-11 10:58:37,CY2312,CY312,22390.0,0.0,0.0,0.0,1,22380.0,23650.0,2,22390.0,0.0,0.0,0.0,0.0,0.0,0
2023-05-11 10:58:38,CY2312,CY312,22390.0,0.0,0.0,0.0,1,22380.0,23635.0,1,22390.0,0.0,0.0,0.0,0.0,0.0,0
2023-05-11 10:59:19,CY2312,CY312,22390.0,0.0,0.0,0.0,1,22380.0,23630.0,2,22390.0,0.0,0.0,0.0,0.0,0.0,0
2023-05-11 10:59:20,CY2312,CY312,22390.0,0.0,0.0,0.0,1,22380.0,23615.0,1,22390.0,0.0,0.0,0.0,0.0,0.0,0
2023-05-11 10:59:20,CY2312,CY312,22390.0,0.0,0.0,0.0,1,22380.0,23615.0,2,22390.0,0.0,0.0,0.0,0.0,0.0,0
2023-05-11 11:00:02,CY2312,CY312,22390.0,0.0,0.0,0.0,1,22380.0,23610.0,2,22390.0,0.0,0.0,0.0,0.0,0.0,0
2023-05-11 11:00:03,CY2312,CY312,22390.0,0.0,0.0,0.0,1,22380.0,23595.0,1,22390.0,0.0,0.0,0.0,0.0,0.0,0
2023-05-11 11:00:43,CY2312,CY312,22390.0,0.0,0.0,0.0,1,22380.0,23590.0,2,22390.0,0.0,0.0,0.0,0.0,0.0,0
2023-05-11 11:00:44,CY2312,CY312,22390.0,0.0,0.0,0.0,1,22380.0,23575.0,1,22390.0,0.0,0.0,0.0,0.0,0.0,0
2023-05-11 11:01:25,CY2312,CY312,22390.0,0.0,0.0,0.0,1,22380.0,23570.0,2,22390.0,0.0,0.0,0.0,0.0,0.0,0
2023-05-11 11:01:25,CY2312,CY312,22390.0,0.0,0.0,0.0,1,22380.0,23555.0,1,22390.0,0.0,0.0,0.0,0.0,0.0,0
2023-05-11 11:01:26,CY2312,CY312,22390.0,0.0,0.0,0.0,1,22380.0,23555.0,2,22390.0,0.0,0.0,0.0,0.0,0.0,0
2023-05-11 11:02:07,CY2312,CY312,22390.0,0.0,0.0,0.0,1,22380.0,23550.0,2,22390.0,0.0,0.0,0.0,0.0,0.0,0
2023-05-11 11:07:07,CY2312,CY312,22390.0,0.0,0.0,0.0,1,22380.0,23555.0,2,22390.0,0.0,0.0,0.0,0.0,0.0,0
2023-05-11 11:07:07,CY2312,CY312,22390.0,0.0,0.0,0.0,1,22380.0,23555.0,1,22390.0,0.0,0.0,0.0,0.0,0.0,0
2023-05-11 11:07:12,CY2312,CY312,22390.0,0.0,0.0,0.0,1,22380.0,23555.0,2,22390.0,0.0,0.0,0.0,0.0,0.0,0
2023-05-11 11:07:42,CY2312,CY312,22390.0,0.0,0.0,0.0,1,22380.0,23550.0,2,22390.0,0.0,0.0,0.0,0.0,0.0,0
2023-05-11 11:12:42,CY2312,CY312,22390.0,0.0,0.0,0.0,1,22380.0,23555.0,2,22390.0,0.0,0.0,0.0,0.0,0.0,0
2023-05-11 11:12:42,CY2312,CY312,22390.0,0.0,0.0,0.0,1,22380.0,23555.0,1,22390.0,0.0,0.0,0.0,0.0,0.0,0
2023-05-11 11:13:20,CY2312,CY312,22390.0,0.0,0.0,0.0,1,22380.0,23550.0,2,22390.0,0.0,0.0,0.0,0.0,0.0,0
2023-05-11 11:13:51,CY2312,CY312,22390.0,0.0,0.0,0.0,1,22380.0,23550.0,3,22390.0,0.0,0.0,0.0,0.0,0.0,0
2023-05-11 11:18:20,CY2312,CY312,22390.0,0.0,0.0,0.0,1,22380.0,23550.0,1,22390.0,0.0,0.0,0.0,0.0,0.0,0
2023-05-11 11:18:53,CY2312,CY312,22390.0,0.0,0.0,0.0,1,22380.0,23555.0,1,22390.0,0.0,0.0,0.0,0.0,0.0,0
2023-05-11 11:18:58,CY2312,CY312,22390.0,0.0,0.0,0.0,2,22385.0,23555.0,1,22390.0,0.0,0.0,0.0,0.0,0.0,0
2023-05-11 11:18:58,CY2312,CY312,22390.0,0.0,0.0,0.0,2,22385.0,23555.0,2,22390.0,0.0,0.0,0.0,0.0,0.0,0
2023-05-11 11:23:58,CY2312,CY312,22390.0,0.0,0.0,0.0,1,22380.0,23555.0,2,22390.0,0.0,0.0,0.0,0.0,0.0,0
2023-05-11 11:23:59,CY2312,CY312,22390.0,0.0,0.0,0.0,1,22380.0,23555.0,1,22390.0,0.0,0.0,0.0,0.0,0.0,0
2023-05-11 11:24:00,CY2312,CY312,22390.0,0.0,0.0,0.0,2,22385.0,23555.0,2,22390.0,0.0,0.0,0.0,0.0,0.0,0
2023-05-11 11:29:00,CY2312,CY312,22390.0,0.0,0.0,0.0,1,22380.0,23555.0,2,22390.0,0.0,0.0,0.0,0.0,0.0,0
2023-05-11 11:29:02,CY2312,CY312,22390.0,0.0,0.0,0.0,2,22385.0,23555.0,1,22390.0,0.0,0.0,0.0,0.0,0.0,0
2023-05-11 11:29:15,CY2312,CY312,22390.0,0.0,0.0,0.0,2,22385.0,23555.0,2,22390.0,0.0,0.0,0.0,0.0,0.0,0
2023-05-11 11:29:48,CY2312,CY312,22390.0,0.0,0.0,0.0,1,22380.0,23555.0,2,22390.0,0.0,0.0,0.0,0.0,0.0,0
2023-05-11 11:29:49,CY2312,CY312,22390.0,0.0,0.0,0.0,1,22380.0,23555.0,1,22390.0,0.0,0.0,0.0,0.0,0.0,0
2023-05-11 13:30:02,CY2312,CY312,22390.0,0.0,0.0,0.0,2,22380.0,23555.0,2,22390.0,0.0,0.0,0.0,0.0,0.0,0
2023-05-11 13:30:16,CY2312,CY312,22390.0,0.0,0.0,0.0,2,22385.0,23555.0,2,22390.0,0.0,0.0,0.0,0.0,0.0,0
2023-05-11 13:30:21,CY2312,CY312,22390.0,0.0,0.0,0.0,2,22380.0,23555.0,2,22390.0,0.0,0.0,0.0,0.0,0.0,0
2023-05-11 13:31:02,CY2312,CY312,22390.0,0.0,0.0,0.0,2,22380.0,23550.0,2,22390.0,0.0,0.0,0.0,0.0,0.0,0
2023-05-11 13:31:12,CY2312,CY312,22390.0,0.0,0.0,0.0,2,22380.0,23555.0,2,22390.0,0.0,0.0,0.0,0.0,0.0,0
2023-05-11 13:31:47,CY2312,CY312,22390.0,0.0,0.0,0.0,2,22380.0,23550.0,2,22390.0,0.0,0.0,0.0,0.0,0.0,0
2023-05-11 13:35:03,CY2312,CY312,22390.0,0.0,0.0,0.0,1,22380.0,23550.0,2,22390.0,0.0,0.0,0.0,0.0,0.0,0
2023-05-11 13:35:08,CY2312,CY312,22390.0,0.0,0.0,0.0,2,22380.0,23550.0,2,22390.0,0.0,0.0,0.0,0.0,0.0,0
2023-05-11 13:36:47,CY2312,CY312,22390.0,0.0,0.0,0.0,2,22380.0,23555.0,2,22390.0,0.0,0.0,0.0,0.0,0.0,0
2023-05-11 13:36:47,CY2312,CY312,22390.0,0.0,0.0,0.0,2,22380.0,23555.0,1,22390.0,0.0,0.0,0.0,0.0,0.0,0
2023-05-11 13:36:56,CY2312,CY312,22390.0,0.0,0.0,0.0,2,22380.0,23555.0,2,22390.0,0.0,0.0,0.0,0.0,0.0,0
2023-05-11 13:37:24,CY2312,CY312,22390.0,0.0,0.0,0.0,2,22380.0,23550.0,2,22390.0,0.0,0.0,0.0,0.0,0.0,0
2023-05-11 13:40:18,CY2312,CY312,22390.0,0.0,0.0,0.0,1,22380.0,23550.0,2,22390.0,0.0,0.0,0.0,0.0,0.0,0
2023-05-11 13:40:26,CY2312,CY312,22390.0,0.0,0.0,0.0,2,22380.0,23550.0,2,22390.0,0.0,0.0,0.0,0.0,0.0,0
2023-05-11 13:42:26,CY2312,CY312,22390.0,0.0,0.0,0.0,2,22380.0,23555.0,2,22390.0,0.0,0.0,0.0,0.0,0.0,0
2023-05-11 13:42:26,CY2312,CY312,22390.0,0.0,0.0,0.0,2,22380.0,23555.0,1,22390.0,0.0,0.0,0.0,0.0,0.0,0
2023-05-11 13:42:27,CY2312,CY312,22390.0,0.0,0.0,0.0,2,22380.0,23555.0,2,22390.0,0.0,0.0,0.0,0.0,0.0,0
2023-05-11 13:43:05,CY2312,CY312,22390.0,0.0,0.0,0.0,2,22380.0,23550.0,2,22390.0,0.0,0.0,0.0,0.0,0.0,0
2023-05-11 13:45:35,CY2312,CY312,22390.0,0.0,0.0,0.0,1,22380.0,23550.0,2,22390.0,0.0,0.0,0.0,0.0,0.0,0
2023-05-11 13:45:35,CY2312,CY312,22390.0,0.0,0.0,0.0,1,22380.0,23555.0,2,22390.0,0.0,0.0,0.0,0.0,0.0,0
2023-05-11 13:45:38,CY2312,CY312,22390.0,0.0,0.0,0.0,2,22380.0,23555.0,2,22390.0,0.0,0.0,0.0,0.0,0.0,0
2023-05-11 13:45:54,CY2312,CY312,22390.0,0.0,0.0,0.0,2,22385.0,23555.0,2,22390.0,0.0,0.0,0.0,0.0,0.0,0
2023-05-11 13:47:30,CY2312,CY312,22390.0,0.0,0.0,0.0,2,22385.0,23555.0,1,22390.0,0.0,0.0,0.0,0.0,0.0,0
2023-05-11 13:47:35,CY2312,CY312,22390.0,0.0,0.0,0.0,2,22385.0,23555.0,2,22390.0,0.0,0.0,0.0,0.0,0.0,0
2023-05-11 13:50:54,CY2312,CY312,22390.0,0.0,0.0,0.0,2,22380.0,23555.0,2,22390.0,0.0,0.0,0.0,0.0,0.0,0
2023-05-11 13:50:54,CY2312,CY312,22390.0,0.0,0.0,0.0,1,22380.0,23555.0,2,22390.0,0.0,0.0,0.0,0.0,0.0,0
2023-05-11 13:50:59,CY2312,CY312,22390.0,0.0,0.0,0.0,2,22380.0,23555.0,2,22390.0,0.0,0.0,0.0,0.0,0.0,0
2023-05-11 13:51:31,CY2312,CY312,22390.0,0.0,0.0,0.0,2,22385.0,23555.0,2,22390.0,0.0,0.0,0.0,0.0,0.0,0
2023-05-11 13:52:38,CY2312,CY312,22390.0,0.0,0.0,0.0,2,22385.0,23555.0,1,22390.0,0.0,0.0,0.0,0.0,0.0,0
2023-05-11 13:52:42,CY2312,CY312,22390.0,0.0,0.0,0.0,2,22385.0,23555.0,2,22390.0,0.0,0.0,0.0,0.0,0.0,0
2023-05-11 13:55:42,CY2312,CY312,22390.0,0.0,0.0,0.0,2,22380.0,23555.0,2,22390.0,0.0,0.0,0.0,0.0,0.0,0
2023-05-11 13:55:52,CY2312,CY312,22390.0,0.0,0.0,0.0,2,22385.0,23555.0,2,22390.0,0.0,0.0,0.0,0.0,0.0,0
2023-05-11 13:55:55,CY2312,CY312,22390.0,0.0,0.0,0.0,2,22380.0,23555.0,2,22390.0,0.0,0.0,0.0,0.0,0.0,0
2023-05-11 13:56:00,CY2312,CY312,22390.0,0.0,0.0,0.0,1,22380.0,23555.0,2,22390.0,0.0,0.0,0.0,0.0,0.0,0
2023-05-11 13:56:03,CY2312,CY312,22390.0,0.0,0.0,0.0,2,22380.0,23555.0,2,22390.0,0.0,0.0,0.0,0.0,0.0,0
2023-05-11 13:56:35,CY2312,CY312,22390.0,0.0,0.0,0.0,2,22385.0,23555.0,2,22390.0,0.0,0.0,0.0,0.0,0.0,0
2023-05-11 13:57:51,CY2312,CY312,22390.0,0.0,0.0,0.0,2,22385.0,23555.0,1,22390.0,0.0,0.0,0.0,0.0,0.0,0
2023-05-11 13:57:55,CY2312,CY312,22390.0,0.0,0.0,0.0,2,22385.0,23555.0,2,22390.0,0.0,0.0,0.0,0.0,0.0,0
2023-05-11 14:01:35,CY2312,CY312,22390.0,0.0,0.0,0.0,2,22380.0,23555.0,2,22390.0,0.0,0.0,0.0,0.0,0.0,0
2023-05-11 14:01:35,CY2312,CY312,22390.0,0.0,0.0,0.0,1,22380.0,23555.0,2,22390.0,0.0,0.0,0.0,0.0,0.0,0
2023-05-11 14:01:38,CY2312,CY312,22390.0,0.0,0.0,0.0,2,22385.0,23555.0,2,22390.0,0.0,0.0,0.0,0.0,0.0,0
2023-05-11 14:01:38,CY2312,CY312,22390.0,0.0,0.0,0.0,3,22385.0,23555.0,2,22390.0,0.0,0.0,0.0,0.0,0.0,0
2023-05-11 14:02:20,CY2312,CY312,22390.0,0.0,0.0,0.0,1,22385.0,23555.0,2,22390.0,0.0,0.0,0.0,0.0,0.0,0
2023-05-11 14:02:21,CY2312,CY312,22390.0,0.0,0.0,0.0,1,22385.0,23550.0,2,22390.0,0.0,0.0,0.0,0.0,0.0,0
2023-05-11 14:06:46,CY2312,CY312,22390.0,0.0,0.0,0.0,1,22380.0,23550.0,2,22390.0,0.0,0.0,0.0,0.0,0.0,0
2023-05-11 14:06:49,CY2312,CY312,22390.0,0.0,0.0,0.0,2,22380.0,23550.0,2,22390.0,0.0,0.0,0.0,0.0,0.0,0
2023-05-11 14:07:22,CY2312,CY312,22390.0,0.0,0.0,0.0,2,22380.0,23555.0,2,22390.0,0.0,0.0,0.0,0.0,0.0,0
2023-05-11 14:07:22,CY2312,CY312,22390.0,0.0,0.0,0.0,2,22380.0,23555.0,1,22390.0,0.0,0.0,0.0,0.0,0.0,0
2023-05-11 14:07:23,CY2312,CY312,22390.0,0.0,0.0,0.0,2,22380.0,23555.0,2,22390.0,0.0,0.0,0.0,0.0,0.0,0
2023-05-11 14:07:24,CY2312,CY312,22390.0,0.0,0.0,0.0,2,22380.0,23550.0,2,22390.0,0.0,0.0,0.0,0.0,0.0,0
2023-05-11 14:11:51,CY2312,CY312,22390.0,0.0,0.0,0.0,1,22380.0,23550.0,2,22390.0,0.0,0.0,0.0,0.0,0.0,0
2023-05-11 14:11:52,CY2312,CY312,22390.0,0.0,0.0,0.0,2,22380.0,23550.0,2,22390.0,0.0,0.0,0.0,0.0,0.0,0
2023-05-11 14:12:24,CY2312,CY312,22390.0,0.0,0.0,0.0,2,22380.0,23555.0,2,22390.0,0.0,0.0,0.0,0.0,0.0,0
2023-05-11 14:12:24,CY2312,CY312,22390.0,0.0,0.0,0.0,2,22380.0,23555.0,1,22390.0,0.0,0.0,0.0,0.0,0.0,0
2023-05-11 14:12:26,CY2312,CY312,22390.0,0.0,0.0,0.0,2,22380.0,23550.0,2,22390.0,0.0,0.0,0.0,0.0,0.0,0
2023-05-11 14:12:33,CY2312,CY312,22390.0,0.0,0.0,0.0,2,22380.0,23550.0,3,22390.0,0.0,0.0,0.0,0.0,0.0,0
2023-05-11 14:16:52,CY2312,CY312,22390.0,0.0,0.0,0.0,1,22380.0,23550.0,3,22390.0,0.0,0.0,0.0,0.0,0.0,0
2023-05-11 14:17:01,CY2312,CY312,22390.0,0.0,0.0,0.0,2,22380.0,23550.0,3,22390.0,0.0,0.0,0.0,0.0,0.0,0
2023-05-11 14:17:26,CY2312,CY312,22390.0,0.0,0.0,0.0,2,22380.0,23550.0,1,22390.0,0.0,0.0,0.0,0.0,0.0,0
2023-05-11 14:17:30,CY2312,CY312,22390.0,0.0,0.0,0.0,2,22380.0,23545.0,2,22390.0,0.0,0.0,0.0,0.0,0.0,0
2023-05-11 14:22:01,CY2312,CY312,22390.0,0.0,0.0,0.0,1,22380.0,23545.0,2,22390.0,0.0,0.0,0.0,0.0,0.0,0
2023-05-11 14:22:04,CY2312,CY312,22390.0,0.0,0.0,0.0,2,22380.0,23545.0,2,22390.0,0.0,0.0,0.0,0.0,0.0,0
2023-05-11 14:22:30,CY2312,CY312,22390.0,0.0,0.0,0.0,2,22380.0,23550.0,1,22390.0,0.0,0.0,0.0,0.0,0.0,0
2023-05-11 14:22:30,CY2312,CY312,22390.0,0.0,0.0,0.0,2,22380.0,23555.0,1,22390.0,0.0,0.0,0.0,0.0,0.0,0
2023-05-11 14:22:30,CY2312,CY312,22390.0,0.0,0.0,0.0,2,22380.0,23555.0,2,22390.0,0.0,0.0,0.0,0.0,0.0,0
2023-05-11 14:22:33,CY2312,CY312,22390.0,0.0,0.0,0.0,2,22380.0,23550.0,2,22390.0,0.0,0.0,0.0,0.0,0.0,0
2023-05-11 14:27:05,CY2312,CY312,22390.0,0.0,0.0,0.0,1,22380.0,23550.0,2,22390.0,0.0,0.0,0.0,0.0,0.0,0
2023-05-11 14:27:05,CY2312,CY312,22390.0,0.0,0.0,0.0,2,22380.0,23550.0,2,22390.0,0.0,0.0,0.0,0.0,0.0,0
2023-05-11 14:27:33,CY2312,CY312,22390.0,0.0,0.0,0.0,2,22380.0,23555.0,2,22390.0,0.0,0.0,0.0,0.0,0.0,0
2023-05-11 14:27:33,CY2312,CY312,22390.0,0.0,0.0,0.0,2,22380.0,23555.0,1,22390.0,0.0,0.0,0.0,0.0,0.0,0
2023-05-11 14:27:33,CY2312,CY312,22390.0,0.0,0.0,0.0,2,22380.0,23555.0,2,22390.0,0.0,0.0,0.0,0.0,0.0,0
2023-05-11 14:27:36,CY2312,CY312,22390.0,0.0,0.0,0.0,2,22380.0,23550.0,2,22390.0,0.0,0.0,0.0,0.0,0.0,0
2023-05-11 14:32:10,CY2312,CY312,22390.0,0.0,0.0,0.0,1,22380.0,23550.0,2,22390.0,0.0,0.0,0.0,0.0,0.0,0
2023-05-11 14:32:12,CY2312,CY312,22390.0,0.0,0.0,0.0,2,22380.0,23550.0,2,22390.0,0.0,0.0,0.0,0.0,0.0,0
2023-05-11 14:32:37,CY2312,CY312,22390.0,0.0,0.0,0.0,2,22380.0,23555.0,2,22390.0,0.0,0.0,0.0,0.0,0.0,0
2023-05-11 14:32:37,CY2312,CY312,22390.0,0.0,0.0,0.0,2,22380.0,23555.0,1,22390.0,0.0,0.0,0.0,0.0,0.0,0
2023-05-11 14:32:39,CY2312,CY312,22390.0,0.0,0.0,0.0,2,22380.0,23550.0,2,22390.0,0.0,0.0,0.0,0.0,0.0,0
2023-05-11 14:32:55,CY2312,CY312,22390.0,0.0,0.0,0.0,2,22380.0,23550.0,3,22390.0,0.0,0.0,0.0,0.0,0.0,0
2023-05-11 14:37:19,CY2312,CY312,22390.0,0.0,0.0,0.0,1,22380.0,23550.0,3,22390.0,0.0,0.0,0.0,0.0,0.0,0
2023-05-11 14:37:19,CY2312,CY312,22390.0,0.0,0.0,0.0,2,22380.0,23550.0,3,22390.0,0.0,0.0,0.0,0.0,0.0,0
2023-05-11 14:37:39,CY2312,CY312,22390.0,0.0,0.0,0.0,2,22380.0,23550.0,1,22390.0,0.0,0.0,0.0,0.0,0.0,0
2023-05-11 14:37:57,CY2312,CY312,22390.0,0.0,0.0,0.0,2,22380.0,23555.0,1,22390.0,0.0,0.0,0.0,0.0,0.0,0
2023-05-11 14:38:03,CY2312,CY312,22390.0,0.0,0.0,0.0,2,22380.0,23555.0,2,22390.0,0.0,0.0,0.0,0.0,0.0,0
2023-05-11 14:38:20,CY2312,CY312,22390.0,0.0,0.0,0.0,2,22380.0,23550.0,2,22390.0,0.0,0.0,0.0,0.0,0.0,0
2023-05-11 14:42:22,CY2312,CY312,22390.0,0.0,0.0,0.0,1,22380.0,23550.0,2,22390.0,0.0,0.0,0.0,0.0,0.0,0
2023-05-11 14:42:24,CY2312,CY312,22390.0,0.0,0.0,0.0,2,22380.0,23550.0,2,22390.0,0.0,0.0,0.0,0.0,0.0,0
2023-05-11 14:43:22,CY2312,CY312,22390.0,0.0,0.0,0.0,2,22380.0,23555.0,2,22390.0,0.0,0.0,0.0,0.0,0.0,0
2023-05-11 14:43:23,CY2312,CY312,22390.0,0.0,0.0,0.0,2,22380.0,23555.0,1,22390.0,0.0,0.0,0.0,0.0,0.0,0
2023-05-11 14:43:23,CY2312,CY312,22390.0,0.0,0.0,0.0,2,22380.0,23555.0,2,22390.0,0.0,0.0,0.0,0.0,0.0,0
2023-05-11 14:44:03,CY2312,CY312,22390.0,0.0,0.0,0.0,2,22380.0,23550.0,2,22390.0,0.0,0.0,0.0,0.0,0.0,0
2023-05-11 14:47:25,CY2312,CY312,22390.0,0.0,0.0,0.0,1,22380.0,23550.0,2,22390.0,0.0,0.0,0.0,0.0,0.0,0
2023-05-11 14:47:28,CY2312,CY312,22390.0,0.0,0.0,0.0,2,22380.0,23550.0,2,22390.0,0.0,0.0,0.0,0.0,0.0,0
2023-05-11 14:49:04,CY2312,CY312,22390.0,0.0,0.0,0.0,2,22380.0,23555.0,2,22390.0,0.0,0.0,0.0,0.0,0.0,0
2023-05-11 14:49:04,CY2312,CY312,22390.0,0.0,0.0,0.0,2,22380.0,23555.0,1,22390.0,0.0,0.0,0.0,0.0,0.0,0
2023-05-11 14:49:08,CY2312,CY312,22390.0,0.0,0.0,0.0,2,22380.0,23555.0,2,22390.0,0.0,0.0,0.0,0.0,0.0,0
2023-05-11 14:49:45,CY2312,CY312,22390.0,0.0,0.0,0.0,2,22380.0,23550.0,2,22390.0,0.0,0.0,0.0,0.0,0.0,0
2023-05-11 14:52:36,CY2312,CY312,22390.0,0.0,0.0,0.0,1,22380.0,23550.0,2,22390.0,0.0,0.0,0.0,0.0,0.0,0
2023-05-11 14:52:42,CY2312,CY312,22390.0,0.0,0.0,0.0,2,22380.0,23550.0,2,22390.0,0.0,0.0,0.0,0.0,0.0,0
2023-05-11 14:54:45,CY2312,CY312,22390.0,0.0,0.0,0.0,2,22380.0,23555.0,2,22390.0,0.0,0.0,0.0,0.0,0.0,0
2023-05-11 14:54:45,CY2312,CY312,22390.0,0.0,0.0,0.0,2,22380.0,23555.0,1,22390.0,0.0,0.0,0.0,0.0,0.0,0
2023-05-11 14:54:50,CY2312,CY312,22390.0,0.0,0.0,0.0,2,22380.0,23555.0,2,22390.0,0.0,0.0,0.0,0.0,0.0,0
2023-05-11 14:55:25,CY2312,CY312,22390.0,0.0,0.0,0.0,2,22380.0,23550.0,2,22390.0,0.0,0.0,0.0,0.0,0.0,0
2023-05-11 14:57:44,CY2312,CY312,22390.0,0.0,0.0,0.0,1,22380.0,23550.0,2,22390.0,0.0,0.0,0.0,0.0,0.0,0
2023-05-11 14:57:46,CY2312,CY312,22390.0,0.0,0.0,0.0,2,22380.0,23550.0,2,22390.0,0.0,0.0,0.0,0.0,0.0,0
2023-05-11 15:00:00,CY2312,CY312,22390.0,0.0,0.0,0.0,2,22380.0,23550.0,2,22390.0,0.0,0.0,0.0,0.0,0.0,0
