time,symbol_id,symbol_name,last,trade_volume,trade_amount,open_interest_change,bv1,bp1,ap1,av1,yesterday_close,today_open,today_high,today_low,volume,amount,open_interest
2023-05-10 19:12:58,CY2309,CY2309,22810.0,0.0,0.0,0.0,0,0.0,0.0,0,22810.0,22870.0,0.0,0.0,0.0,0.0,3529
2023-05-10 20:55:28,CY2309,CY2309,22810.0,0.0,0.0,0.0,0,0.0,0.0,0,22810.0,22870.0,0.0,0.0,0.0,0.0,3529
2023-05-10 20:55:33,CY2309,CY2309,22810.0,0.0,0.0,0.0,0,0.0,0.0,0,22810.0,22870.0,0.0,0.0,0.0,0.0,3529
2023-05-10 20:56:33,CY2309,CY2309,22810.0,0.0,0.0,0.0,0,0.0,0.0,0,22810.0,22870.0,0.0,0.0,0.0,0.0,3529
2023-05-10 20:56:50,CY2309,CY2309,22810.0,0.0,0.0,0.0,0,0.0,0.0,0,22810.0,22870.0,0.0,0.0,0.0,0.0,3529
2023-05-10 20:57:32,CY2309,CY2309,22810.0,0.0,0.0,0.0,0,0.0,0.0,0,22810.0,22870.0,0.0,0.0,0.0,0.0,3529
2023-05-10 20:57:37,CY2309,CY2309,22810.0,0.0,0.0,0.0,0,0.0,0.0,0,22810.0,22870.0,0.0,0.0,0.0,0.0,3529
2023-05-10 20:57:40,CY2309,CY2309,22810.0,0.0,0.0,0.0,0,0.0,0.0,0,22810.0,22870.0,0.0,0.0,0.0,0.0,3529
2023-05-10 20:57:57,CY2309,CY2309,22810.0,0.0,0.0,0.0,0,0.0,0.0,0,22810.0,22870.0,0.0,0.0,0.0,0.0,3529
2023-05-10 20:58:01,CY2309,CY2309,22810.0,0.0,0.0,0.0,0,0.0,0.0,0,22810.0,22870.0,0.0,0.0,0.0,0.0,3529
2023-05-10 20:58:07,CY2309,CY2309,22810.0,0.0,0.0,0.0,0,0.0,0.0,0,22810.0,22870.0,0.0,0.0,0.0,0.0,3529
2023-05-10 20:58:19,CY2309,CY2309,22810.0,0.0,0.0,0.0,0,0.0,0.0,0,22810.0,22870.0,0.0,0.0,0.0,0.0,3529
2023-05-10 20:58:23,CY2309,CY2309,22810.0,0.0,0.0,0.0,0,0.0,0.0,0,22810.0,22870.0,0.0,0.0,0.0,0.0,3529
2023-05-10 20:58:55,CY2309,CY2309,22810.0,0.0,0.0,0.0,0,0.0,0.0,0,22810.0,22870.0,0.0,0.0,0.0,0.0,3529
2023-05-10 20:59:00,CY2309,CY2309,22870.0,6.0,137220.0,4.0,1,22840.0,22870.0,4,22810.0,22870.0,22870.0,22870.0,6.0,137220.0,3533
2023-05-10 21:00:00,CY2309,CY2309,22855.0,1.0,22870.0,0.0,1,22845.0,22860.0,1,22810.0,22870.0,22870.0,22855.0,7.0,160090.0,3533
2023-05-10 21:00:00,CY2309,CY2309,22855.0,0.0,0.0,0.0,2,22840.0,22860.0,1,22810.0,22870.0,22870.0,22855.0,7.0,160090.0,3533
2023-05-10 21:00:01,CY2309,CY2309,22855.0,0.0,0.0,0.0,1,22850.0,22855.0,1,22810.0,22870.0,22870.0,22855.0,7.0,160090.0,3533
2023-05-10 21:00:01,CY2309,CY2309,22860.0,6.0,137155.0,-2.0,5,22845.0,22860.0,2,22810.0,22870.0,22870.0,22850.0,13.0,297245.0,3531
2023-05-10 21:00:02,CY2309,CY2309,22850.0,1.0,22795.0,-1.0,3,22850.0,22860.0,3,22810.0,22870.0,22870.0,22850.0,14.0,320040.0,3530
2023-05-10 21:00:03,CY2309,CY2309,22850.0,2.0,45720.0,-1.0,2,22850.0,22860.0,2,22810.0,22870.0,22870.0,22850.0,16.0,365760.0,3529
2023-05-10 21:00:03,CY2309,CY2309,22860.0,6.0,137160.0,-6.0,1,22845.0,22860.0,1,22810.0,22870.0,22870.0,22850.0,22.0,502920.0,3523
2023-05-10 21:00:04,CY2309,CY2309,22850.0,1.0,22860.0,1.0,1,22845.0,22860.0,1,22810.0,22870.0,22870.0,22850.0,23.0,525780.0,3524
2023-05-10 21:00:04,CY2309,CY2309,22860.0,2.0,45720.0,0.0,1,22845.0,22860.0,1,22810.0,22870.0,22870.0,22850.0,25.0,571500.0,3524
2023-05-10 21:00:04,CY2309,CY2309,22860.0,0.0,0.0,0.0,1,22845.0,22860.0,3,22810.0,22870.0,22870.0,22850.0,25.0,571500.0,3524
2023-05-10 21:00:06,CY2309,CY2309,22860.0,1.0,22860.0,0.0,2,22845.0,22860.0,1,22810.0,22870.0,22870.0,22850.0,26.0,594360.0,3524
2023-05-10 21:00:07,CY2309,CY2309,22860.0,0.0,0.0,0.0,2,22855.0,22860.0,3,22810.0,22870.0,22870.0,22850.0,26.0,594360.0,3524
2023-05-10 21:00:07,CY2309,CY2309,22855.0,2.0,45720.0,2.0,1,22845.0,22860.0,3,22810.0,22870.0,22870.0,22850.0,28.0,640080.0,3526
2023-05-10 21:00:08,CY2309,CY2309,22855.0,0.0,0.0,0.0,1,22845.0,22855.0,3,22810.0,22870.0,22870.0,22850.0,28.0,640080.0,3526
2023-05-10 21:00:09,CY2309,CY2309,22855.0,0.0,0.0,0.0,1,22845.0,22855.0,2,22810.0,22870.0,22870.0,22850.0,28.0,640080.0,3526
2023-05-10 21:00:11,CY2309,CY2309,22845.0,1.0,22860.0,-1.0,2,22840.0,22855.0,2,22810.0,22870.0,22870.0,22845.0,29.0,662940.0,3525
2023-05-10 21:00:11,CY2309,CY2309,22845.0,0.0,0.0,0.0,1,22840.0,22850.0,1,22810.0,22870.0,22870.0,22845.0,29.0,662940.0,3525
2023-05-10 21:00:12,CY2309,CY2309,22845.0,0.0,0.0,0.0,3,22845.0,22855.0,1,22810.0,22870.0,22870.0,22845.0,29.0,662940.0,3525
2023-05-10 21:00:12,CY2309,CY2309,22855.0,1.0,22860.0,-1.0,3,22845.0,22865.0,4,22810.0,22870.0,22870.0,22845.0,30.0,685800.0,3524
2023-05-10 21:00:13,CY2309,CY2309,22855.0,0.0,0.0,0.0,3,22845.0,22860.0,2,22810.0,22870.0,22870.0,22845.0,30.0,685800.0,3524
2023-05-10 21:00:13,CY2309,CY2309,22855.0,0.0,0.0,0.0,5,22840.0,22855.0,2,22810.0,22870.0,22870.0,22845.0,30.0,685800.0,3524
2023-05-10 21:00:14,CY2309,CY2309,22855.0,0.0,0.0,0.0,5,22840.0,22855.0,4,22810.0,22870.0,22870.0,22845.0,30.0,685800.0,3524
2023-05-10 21:00:15,CY2309,CY2309,22855.0,1.0,22860.0,-1.0,5,22840.0,22855.0,3,22810.0,22870.0,22870.0,22845.0,31.0,708660.0,3523
2023-05-10 21:00:16,CY2309,CY2309,22845.0,1.0,22860.0,0.0,2,22845.0,22855.0,2,22810.0,22870.0,22870.0,22845.0,32.0,731520.0,3523
2023-05-10 21:00:16,CY2309,CY2309,22845.0,0.0,0.0,0.0,5,22845.0,22860.0,1,22810.0,22870.0,22870.0,22845.0,32.0,731520.0,3523
2023-05-10 21:00:18,CY2309,CY2309,22845.0,0.0,0.0,0.0,2,22845.0,22855.0,3,22810.0,22870.0,22870.0,22845.0,32.0,731520.0,3523
2023-05-10 21:00:19,CY2309,CY2309,22845.0,2.0,45550.0,-2.0,4,22840.0,22855.0,3,22810.0,22870.0,22870.0,22845.0,34.0,777070.0,3521
2023-05-10 21:00:19,CY2309,CY2309,22845.0,0.0,0.0,0.0,1,22840.0,22845.0,2,22810.0,22870.0,22870.0,22845.0,34.0,777070.0,3521
2023-05-10 21:00:20,CY2309,CY2309,22845.0,1.0,22855.0,1.0,1,22840.0,22855.0,3,22810.0,22870.0,22870.0,22845.0,35.0,799925.0,3522
2023-05-10 21:00:21,CY2309,CY2309,22845.0,0.0,0.0,0.0,5,22840.0,22850.0,1,22810.0,22870.0,22870.0,22845.0,35.0,799925.0,3522
2023-05-10 21:00:21,CY2309,CY2309,22850.0,1.0,22855.0,0.0,5,22840.0,22855.0,2,22810.0,22870.0,22870.0,22845.0,36.0,822780.0,3522
2023-05-10 21:00:22,CY2309,CY2309,22850.0,1.0,22855.0,-1.0,1,22845.0,22860.0,1,22810.0,22870.0,22870.0,22845.0,37.0,845635.0,3521
2023-05-10 21:00:22,CY2309,CY2309,22850.0,0.0,0.0,0.0,2,22845.0,22855.0,1,22810.0,22870.0,22870.0,22845.0,37.0,845635.0,3521
2023-05-10 21:00:22,CY2309,CY2309,22850.0,0.0,0.0,0.0,3,22845.0,22860.0,1,22810.0,22870.0,22870.0,22845.0,37.0,845635.0,3521
2023-05-10 21:00:23,CY2309,CY2309,22850.0,0.0,0.0,0.0,5,22840.0,22855.0,1,22810.0,22870.0,22870.0,22845.0,37.0,845635.0,3521
2023-05-10 21:00:24,CY2309,CY2309,22860.0,1.0,22855.0,0.0,2,22845.0,22860.0,1,22810.0,22870.0,22870.0,22845.0,38.0,868490.0,3521
2023-05-10 21:00:24,CY2309,CY2309,22860.0,0.0,0.0,0.0,2,22845.0,22855.0,1,22810.0,22870.0,22870.0,22845.0,38.0,868490.0,3521
2023-05-10 21:00:24,CY2309,CY2309,22860.0,0.0,0.0,0.0,1,22845.0,22855.0,1,22810.0,22870.0,22870.0,22845.0,38.0,868490.0,3521
2023-05-10 21:00:25,CY2309,CY2309,22860.0,0.0,0.0,0.0,5,22840.0,22855.0,1,22810.0,22870.0,22870.0,22845.0,38.0,868490.0,3521
2023-05-10 21:00:25,CY2309,CY2309,22860.0,1.0,22855.0,0.0,6,22840.0,22855.0,1,22810.0,22870.0,22870.0,22845.0,39.0,891345.0,3521
2023-05-10 21:00:26,CY2309,CY2309,22860.0,6.0,137130.0,-3.0,6,22840.0,22855.0,1,22810.0,22870.0,22870.0,22845.0,45.0,1028475.0,3518
2023-05-10 21:00:26,CY2309,CY2309,22855.0,1.0,22855.0,-1.0,1,22845.0,22860.0,2,22810.0,22870.0,22870.0,22845.0,46.0,1051330.0,3517
2023-05-10 21:00:27,CY2309,CY2309,22855.0,0.0,0.0,0.0,2,22845.0,22860.0,2,22810.0,22870.0,22870.0,22845.0,46.0,1051330.0,3517
2023-05-10 21:00:27,CY2309,CY2309,22855.0,0.0,0.0,0.0,2,22845.0,22860.0,1,22810.0,22870.0,22870.0,22845.0,46.0,1051330.0,3517
2023-05-10 21:00:28,CY2309,CY2309,22855.0,0.0,0.0,0.0,4,22845.0,22865.0,3,22810.0,22870.0,22870.0,22845.0,46.0,1051330.0,3517
2023-05-10 21:00:29,CY2309,CY2309,22855.0,0.0,0.0,0.0,5,22850.0,22865.0,1,22810.0,22870.0,22870.0,22845.0,46.0,1051330.0,3517
2023-05-10 21:00:29,CY2309,CY2309,22855.0,0.0,0.0,0.0,1,22860.0,22865.0,2,22810.0,22870.0,22870.0,22845.0,46.0,1051330.0,3517
2023-05-10 21:00:30,CY2309,CY2309,22860.0,2.0,45710.0,2.0,6,22860.0,22865.0,1,22810.0,22870.0,22870.0,22845.0,48.0,1097040.0,3519
2023-05-10 21:00:30,CY2309,CY2309,22860.0,4.0,91420.0,0.0,3,22860.0,22870.0,2,22810.0,22870.0,22870.0,22845.0,52.0,1188460.0,3519
2023-05-10 21:00:31,CY2309,CY2309,22860.0,0.0,0.0,0.0,3,22860.0,22870.0,3,22810.0,22870.0,22870.0,22845.0,52.0,1188460.0,3519
2023-05-10 21:00:32,CY2309,CY2309,22860.0,0.0,0.0,0.0,3,22860.0,22865.0,1,22810.0,22870.0,22870.0,22845.0,52.0,1188460.0,3519
2023-05-10 21:00:33,CY2309,CY2309,22860.0,3.0,68840.0,-3.0,2,22850.0,22865.0,1,22810.0,22870.0,22870.0,22845.0,55.0,1257300.0,3516
2023-05-10 21:00:33,CY2309,CY2309,22860.0,0.0,0.0,0.0,2,22850.0,22865.0,2,22810.0,22870.0,22870.0,22845.0,55.0,1257300.0,3516
2023-05-10 21:00:34,CY2309,CY2309,22850.0,2.0,45720.0,2.0,1,22850.0,22860.0,1,22810.0,22870.0,22870.0,22845.0,57.0,1303020.0,3518
2023-05-10 21:00:35,CY2309,CY2309,22850.0,0.0,0.0,0.0,2,22845.0,22860.0,2,22810.0,22870.0,22870.0,22845.0,57.0,1303020.0,3518
2023-05-10 21:00:35,CY2309,CY2309,22865.0,5.0,114300.0,1.0,2,22845.0,22865.0,4,22810.0,22870.0,22870.0,22845.0,62.0,1417320.0,3519
2023-05-10 21:00:36,CY2309,CY2309,22865.0,0.0,0.0,0.0,1,22845.0,22860.0,1,22810.0,22870.0,22870.0,22845.0,62.0,1417320.0,3519
2023-05-10 21:00:37,CY2309,CY2309,22865.0,0.0,0.0,0.0,1,22845.0,22855.0,2,22810.0,22870.0,22870.0,22845.0,62.0,1417320.0,3519
2023-05-10 21:00:38,CY2309,CY2309,22865.0,0.0,0.0,0.0,2,22845.0,22855.0,1,22810.0,22870.0,22870.0,22845.0,62.0,1417320.0,3519
2023-05-10 21:00:38,CY2309,CY2309,22865.0,0.0,0.0,0.0,1,22845.0,22855.0,2,22810.0,22870.0,22870.0,22845.0,62.0,1417320.0,3519
2023-05-10 21:00:40,CY2309,CY2309,22865.0,0.0,0.0,0.0,2,22845.0,22865.0,4,22810.0,22870.0,22870.0,22845.0,62.0,1417320.0,3519
2023-05-10 21:00:40,CY2309,CY2309,22865.0,0.0,0.0,0.0,2,22845.0,22860.0,1,22810.0,22870.0,22870.0,22845.0,62.0,1417320.0,3519
2023-05-10 21:00:41,CY2309,CY2309,22865.0,0.0,0.0,0.0,2,22845.0,22860.0,2,22810.0,22870.0,22870.0,22845.0,62.0,1417320.0,3519
2023-05-10 21:00:44,CY2309,CY2309,22865.0,0.0,0.0,0.0,1,22850.0,22860.0,1,22810.0,22870.0,22870.0,22845.0,62.0,1417320.0,3519
2023-05-10 21:00:45,CY2309,CY2309,22865.0,0.0,0.0,0.0,2,22855.0,22865.0,2,22810.0,22870.0,22870.0,22845.0,62.0,1417320.0,3519
2023-05-10 21:00:46,CY2309,CY2309,22860.0,1.0,22860.0,0.0,1,22860.0,22865.0,4,22810.0,22870.0,22870.0,22845.0,63.0,1440180.0,3519
2023-05-10 21:00:47,CY2309,CY2309,22860.0,1.0,22860.0,0.0,1,22855.0,22865.0,1,22810.0,22870.0,22870.0,22845.0,64.0,1463040.0,3519
2023-05-10 21:00:48,CY2309,CY2309,22860.0,0.0,0.0,0.0,2,22855.0,22865.0,1,22810.0,22870.0,22870.0,22845.0,64.0,1463040.0,3519
2023-05-10 21:00:49,CY2309,CY2309,22860.0,0.0,0.0,0.0,2,22855.0,22865.0,2,22810.0,22870.0,22870.0,22845.0,64.0,1463040.0,3519
2023-05-10 21:00:52,CY2309,CY2309,22860.0,0.0,0.0,0.0,2,22855.0,22865.0,3,22810.0,22870.0,22870.0,22845.0,64.0,1463040.0,3519
2023-05-10 21:00:52,CY2309,CY2309,22855.0,2.0,45720.0,0.0,2,22850.0,22865.0,3,22810.0,22870.0,22870.0,22845.0,66.0,1508760.0,3519
2023-05-10 21:00:53,CY2309,CY2309,22850.0,2.0,45720.0,1.0,4,22850.0,22865.0,3,22810.0,22870.0,22870.0,22845.0,68.0,1554480.0,3520
2023-05-10 21:00:53,CY2309,CY2309,22850.0,4.0,91080.0,4.0,3,22850.0,22865.0,3,22810.0,22870.0,22870.0,22845.0,72.0,1645560.0,3524
2023-05-10 21:00:54,CY2309,CY2309,22850.0,0.0,0.0,0.0,1,22860.0,22865.0,2,22810.0,22870.0,22870.0,22845.0,72.0,1645560.0,3524
2023-05-10 21:00:54,CY2309,CY2309,22860.0,1.0,22855.0,1.0,3,22850.0,22865.0,3,22810.0,22870.0,22870.0,22845.0,73.0,1668415.0,3525
2023-05-10 21:00:55,CY2309,CY2309,22860.0,0.0,0.0,0.0,2,22855.0,22865.0,2,22810.0,22870.0,22870.0,22845.0,73.0,1668415.0,3525
2023-05-10 21:00:56,CY2309,CY2309,22860.0,0.0,0.0,0.0,1,22855.0,22865.0,2,22810.0,22870.0,22870.0,22845.0,73.0,1668415.0,3525
2023-05-10 21:00:56,CY2309,CY2309,22860.0,0.0,0.0,0.0,3,22850.0,22865.0,3,22810.0,22870.0,22870.0,22845.0,73.0,1668415.0,3525
2023-05-10 21:00:59,CY2309,CY2309,22860.0,0.0,0.0,0.0,2,22855.0,22865.0,2,22810.0,22870.0,22870.0,22845.0,73.0,1668415.0,3525
2023-05-10 21:01:00,CY2309,CY2309,22865.0,4.0,91420.0,2.0,4,22855.0,22870.0,3,22810.0,22870.0,22870.0,22845.0,77.0,1759835.0,3527
2023-05-10 21:01:00,CY2309,CY2309,22865.0,1.0,23245.0,1.0,1,22860.0,22870.0,2,22810.0,22870.0,22870.0,22845.0,78.0,1783080.0,3528
2023-05-10 21:01:01,CY2309,CY2309,22865.0,0.0,0.0,0.0,1,22860.0,22870.0,3,22810.0,22870.0,22870.0,22845.0,78.0,1783080.0,3528
2023-05-10 21:01:01,CY2309,CY2309,22865.0,0.0,0.0,0.0,1,22855.0,22865.0,1,22810.0,22870.0,22870.0,22845.0,78.0,1783080.0,3528
2023-05-10 21:01:03,CY2309,CY2309,22855.0,1.0,22860.0,0.0,1,22850.0,22860.0,2,22810.0,22870.0,22870.0,22845.0,79.0,1805940.0,3528
2023-05-10 21:01:04,CY2309,CY2309,22850.0,1.0,22460.0,0.0,1,22845.0,22855.0,1,22810.0,22870.0,22870.0,22845.0,80.0,1828400.0,3528
2023-05-10 21:01:04,CY2309,CY2309,22850.0,0.0,0.0,0.0,1,22845.0,22855.0,2,22810.0,22870.0,22870.0,22845.0,80.0,1828400.0,3528
2023-05-10 21:01:05,CY2309,CY2309,22845.0,1.0,22855.0,-1.0,3,22840.0,22850.0,5,22810.0,22870.0,22870.0,22845.0,81.0,1851255.0,3527
2023-05-10 21:01:05,CY2309,CY2309,22840.0,3.0,68565.0,-1.0,2,22835.0,22845.0,2,22810.0,22870.0,22870.0,22840.0,84.0,1919820.0,3526
2023-05-10 21:01:06,CY2309,CY2309,22840.0,0.0,0.0,0.0,3,22830.0,22845.0,3,22810.0,22870.0,22870.0,22840.0,84.0,1919820.0,3526
2023-05-10 21:01:06,CY2309,CY2309,22840.0,0.0,0.0,0.0,4,22830.0,22840.0,3,22810.0,22870.0,22870.0,22840.0,84.0,1919820.0,3526
2023-05-10 21:01:07,CY2309,CY2309,22840.0,0.0,0.0,0.0,2,22830.0,22840.0,4,22810.0,22870.0,22870.0,22840.0,84.0,1919820.0,3526
2023-05-10 21:01:07,CY2309,CY2309,22830.0,2.0,45710.0,1.0,2,22830.0,22835.0,1,22810.0,22870.0,22870.0,22830.0,86.0,1965530.0,3527
2023-05-10 21:01:08,CY2309,CY2309,22835.0,1.0,22855.0,0.0,2,22830.0,22845.0,2,22810.0,22870.0,22870.0,22830.0,87.0,1988385.0,3527
2023-05-10 21:01:10,CY2309,CY2309,22835.0,0.0,0.0,0.0,3,22835.0,22850.0,4,22810.0,22870.0,22870.0,22830.0,87.0,1988385.0,3527
2023-05-10 21:01:11,CY2309,CY2309,22835.0,0.0,0.0,0.0,1,22835.0,22845.0,1,22810.0,22870.0,22870.0,22830.0,87.0,1988385.0,3527
2023-05-10 21:01:11,CY2309,CY2309,22835.0,0.0,0.0,0.0,2,22830.0,22845.0,3,22810.0,22870.0,22870.0,22830.0,87.0,1988385.0,3527
2023-05-10 21:01:13,CY2309,CY2309,22835.0,0.0,0.0,0.0,2,22825.0,22840.0,2,22810.0,22870.0,22870.0,22830.0,87.0,1988385.0,3527
2023-05-10 21:01:14,CY2309,CY2309,22835.0,0.0,0.0,0.0,2,22825.0,22835.0,2,22810.0,22870.0,22870.0,22830.0,87.0,1988385.0,3527
2023-05-10 21:01:14,CY2309,CY2309,22835.0,0.0,0.0,0.0,3,22830.0,22840.0,2,22810.0,22870.0,22870.0,22830.0,87.0,1988385.0,3527
2023-05-10 21:01:14,CY2309,CY2309,22835.0,0.0,0.0,0.0,1,22830.0,22840.0,2,22810.0,22870.0,22870.0,22830.0,87.0,1988385.0,3527
2023-05-10 21:01:15,CY2309,CY2309,22835.0,0.0,0.0,0.0,2,22830.0,22840.0,2,22810.0,22870.0,22870.0,22830.0,87.0,1988385.0,3527
2023-05-10 21:01:15,CY2309,CY2309,22835.0,0.0,0.0,0.0,2,22830.0,22845.0,2,22810.0,22870.0,22870.0,22830.0,87.0,1988385.0,3527
2023-05-10 21:01:17,CY2309,CY2309,22840.0,1.0,22855.0,-1.0,2,22830.0,22845.0,2,22810.0,22870.0,22870.0,22830.0,88.0,2011240.0,3526
2023-05-10 21:01:18,CY2309,CY2309,22840.0,0.0,0.0,0.0,2,22835.0,22845.0,1,22810.0,22870.0,22870.0,22830.0,88.0,2011240.0,3526
2023-05-10 21:01:18,CY2309,CY2309,22840.0,0.0,0.0,0.0,1,22835.0,22845.0,2,22810.0,22870.0,22870.0,22830.0,88.0,2011240.0,3526
2023-05-10 21:01:19,CY2309,CY2309,22835.0,1.0,22855.0,0.0,2,22825.0,22840.0,2,22810.0,22870.0,22870.0,22830.0,89.0,2034095.0,3526
2023-05-10 21:01:19,CY2309,CY2309,22825.0,1.0,22855.0,1.0,1,22825.0,22835.0,1,22810.0,22870.0,22870.0,22825.0,90.0,2056950.0,3527
2023-05-10 21:01:20,CY2309,CY2309,22830.0,1.0,22855.0,0.0,1,22825.0,22840.0,3,22810.0,22870.0,22870.0,22825.0,91.0,2079805.0,3527
2023-05-10 21:01:20,CY2309,CY2309,22830.0,0.0,0.0,0.0,1,22825.0,22835.0,1,22810.0,22870.0,22870.0,22825.0,91.0,2079805.0,3527
2023-05-10 21:01:21,CY2309,CY2309,22835.0,1.0,22855.0,1.0,1,22830.0,22840.0,2,22810.0,22870.0,22870.0,22825.0,92.0,2102660.0,3528
2023-05-10 21:01:21,CY2309,CY2309,22835.0,0.0,0.0,0.0,1,22830.0,22840.0,1,22810.0,22870.0,22870.0,22825.0,92.0,2102660.0,3528
2023-05-10 21:01:22,CY2309,CY2309,22835.0,0.0,0.0,0.0,2,22825.0,22840.0,2,22810.0,22870.0,22870.0,22825.0,92.0,2102660.0,3528
2023-05-10 21:01:22,CY2309,CY2309,22835.0,0.0,0.0,0.0,1,22825.0,22840.0,2,22810.0,22870.0,22870.0,22825.0,92.0,2102660.0,3528
2023-05-10 21:01:23,CY2309,CY2309,22835.0,0.0,0.0,0.0,2,22820.0,22830.0,1,22810.0,22870.0,22870.0,22825.0,92.0,2102660.0,3528
2023-05-10 21:01:25,CY2309,CY2309,22835.0,0.0,0.0,0.0,1,22825.0,22830.0,1,22810.0,22870.0,22870.0,22825.0,92.0,2102660.0,3528
2023-05-10 21:01:25,CY2309,CY2309,22835.0,0.0,0.0,0.0,3,22820.0,22830.0,1,22810.0,22870.0,22870.0,22825.0,92.0,2102660.0,3528
2023-05-10 21:01:26,CY2309,CY2309,22835.0,0.0,0.0,0.0,2,22820.0,22830.0,1,22810.0,22870.0,22870.0,22825.0,92.0,2102660.0,3528
2023-05-10 21:01:29,CY2309,CY2309,22835.0,0.0,0.0,0.0,1,22820.0,22830.0,2,22810.0,22870.0,22870.0,22825.0,92.0,2102660.0,3528
2023-05-10 21:01:30,CY2309,CY2309,22820.0,1.0,22855.0,0.0,1,22815.0,22825.0,1,22810.0,22870.0,22870.0,22820.0,93.0,2125515.0,3528
2023-05-10 21:01:30,CY2309,CY2309,22820.0,0.0,0.0,0.0,1,22810.0,22815.0,2,22810.0,22870.0,22870.0,22820.0,93.0,2125515.0,3528
2023-05-10 21:01:30,CY2309,CY2309,22815.0,2.0,45710.0,2.0,1,22810.0,22825.0,2,22810.0,22870.0,22870.0,22815.0,95.0,2171225.0,3530
2023-05-10 21:01:31,CY2309,CY2309,22815.0,0.0,0.0,0.0,3,22805.0,22820.0,2,22810.0,22870.0,22870.0,22815.0,95.0,2171225.0,3530
2023-05-10 21:01:32,CY2309,CY2309,22815.0,1.0,22855.0,0.0,1,22810.0,22820.0,3,22810.0,22870.0,22870.0,22815.0,96.0,2194080.0,3530
2023-05-10 21:01:32,CY2309,CY2309,22815.0,0.0,0.0,0.0,1,22810.0,22825.0,2,22810.0,22870.0,22870.0,22815.0,96.0,2194080.0,3530
2023-05-10 21:01:33,CY2309,CY2309,22815.0,0.0,0.0,0.0,1,22815.0,22825.0,1,22810.0,22870.0,22870.0,22815.0,96.0,2194080.0,3530
2023-05-10 21:01:33,CY2309,CY2309,22815.0,0.0,0.0,0.0,3,22815.0,22830.0,1,22810.0,22870.0,22870.0,22815.0,96.0,2194080.0,3530
2023-05-10 21:01:34,CY2309,CY2309,22815.0,0.0,0.0,0.0,1,22815.0,22825.0,1,22810.0,22870.0,22870.0,22815.0,96.0,2194080.0,3530
2023-05-10 21:01:34,CY2309,CY2309,22815.0,0.0,0.0,0.0,2,22815.0,22830.0,3,22810.0,22870.0,22870.0,22815.0,96.0,2194080.0,3530
2023-05-10 21:01:36,CY2309,CY2309,22815.0,0.0,0.0,0.0,2,22820.0,22830.0,2,22810.0,22870.0,22870.0,22815.0,96.0,2194080.0,3530
2023-05-10 21:01:36,CY2309,CY2309,22830.0,1.0,22855.0,0.0,1,22825.0,22835.0,1,22810.0,22870.0,22870.0,22815.0,97.0,2216935.0,3530
2023-05-10 21:01:38,CY2309,CY2309,22830.0,0.0,0.0,0.0,1,22820.0,22830.0,1,22810.0,22870.0,22870.0,22815.0,97.0,2216935.0,3530
2023-05-10 21:01:45,CY2309,CY2309,22830.0,2.0,45215.0,2.0,2,22820.0,22830.0,1,22810.0,22870.0,22870.0,22815.0,99.0,2262150.0,3532
2023-05-10 21:01:46,CY2309,CY2309,22820.0,1.0,22850.0,0.0,1,22820.0,22825.0,1,22810.0,22870.0,22870.0,22815.0,100.0,2285000.0,3532
2023-05-10 21:01:49,CY2309,CY2309,22825.0,1.0,22850.0,0.0,1,22825.0,22835.0,3,22810.0,22870.0,22870.0,22815.0,101.0,2307850.0,3532
2023-05-10 21:01:50,CY2309,CY2309,22825.0,0.0,0.0,0.0,3,22815.0,22830.0,3,22810.0,22870.0,22870.0,22815.0,101.0,2307850.0,3532
2023-05-10 21:01:50,CY2309,CY2309,22825.0,0.0,0.0,0.0,2,22815.0,22830.0,3,22810.0,22870.0,22870.0,22815.0,101.0,2307850.0,3532
2023-05-10 21:01:51,CY2309,CY2309,22825.0,0.0,0.0,0.0,1,22820.0,22830.0,3,22810.0,22870.0,22870.0,22815.0,101.0,2307850.0,3532
2023-05-10 21:01:52,CY2309,CY2309,22825.0,0.0,0.0,0.0,1,22825.0,22830.0,2,22810.0,22870.0,22870.0,22815.0,101.0,2307850.0,3532
2023-05-10 21:01:52,CY2309,CY2309,22825.0,0.0,0.0,0.0,1,22820.0,22830.0,2,22810.0,22870.0,22870.0,22815.0,101.0,2307850.0,3532
2023-05-10 21:01:52,CY2309,CY2309,22825.0,0.0,0.0,0.0,1,22825.0,22830.0,1,22810.0,22870.0,22870.0,22815.0,101.0,2307850.0,3532
2023-05-10 21:01:53,CY2309,CY2309,22825.0,0.0,0.0,0.0,1,22825.0,22835.0,2,22810.0,22870.0,22870.0,22815.0,101.0,2307850.0,3532
2023-05-10 21:01:54,CY2309,CY2309,22835.0,1.0,22850.0,1.0,2,22830.0,22840.0,1,22810.0,22870.0,22870.0,22815.0,102.0,2330700.0,3533
2023-05-10 21:01:54,CY2309,CY2309,22835.0,7.0,159950.0,2.0,3,22825.0,22840.0,1,22810.0,22870.0,22870.0,22815.0,109.0,2490650.0,3535
2023-05-10 21:01:55,CY2309,CY2309,22835.0,0.0,0.0,0.0,3,22825.0,22840.0,2,22810.0,22870.0,22870.0,22815.0,109.0,2490650.0,3535
2023-05-10 21:01:56,CY2309,CY2309,22835.0,0.0,0.0,0.0,3,22830.0,22840.0,1,22810.0,22870.0,22870.0,22815.0,109.0,2490650.0,3535
2023-05-10 21:01:58,CY2309,CY2309,22835.0,0.0,0.0,0.0,3,22825.0,22840.0,1,22810.0,22870.0,22870.0,22815.0,109.0,2490650.0,3535
2023-05-10 21:01:58,CY2309,CY2309,22835.0,0.0,0.0,0.0,1,22830.0,22840.0,1,22810.0,22870.0,22870.0,22815.0,109.0,2490650.0,3535
2023-05-10 21:01:58,CY2309,CY2309,22835.0,0.0,0.0,0.0,2,22830.0,22840.0,1,22810.0,22870.0,22870.0,22815.0,109.0,2490650.0,3535
2023-05-10 21:02:02,CY2309,CY2309,22835.0,0.0,0.0,0.0,1,22830.0,22840.0,1,22810.0,22870.0,22870.0,22815.0,109.0,2490650.0,3535
2023-05-10 21:02:02,CY2309,CY2309,22835.0,0.0,0.0,0.0,3,22825.0,22840.0,1,22810.0,22870.0,22870.0,22815.0,109.0,2490650.0,3535
2023-05-10 21:02:03,CY2309,CY2309,22835.0,0.0,0.0,0.0,3,22825.0,22840.0,2,22810.0,22870.0,22870.0,22815.0,109.0,2490650.0,3535
2023-05-10 21:02:03,CY2309,CY2309,22835.0,0.0,0.0,0.0,2,22825.0,22840.0,2,22810.0,22870.0,22870.0,22815.0,109.0,2490650.0,3535
2023-05-10 21:02:04,CY2309,CY2309,22825.0,1.0,22850.0,-1.0,2,22820.0,22835.0,1,22810.0,22870.0,22870.0,22815.0,110.0,2513500.0,3534
2023-05-10 21:02:05,CY2309,CY2309,22825.0,0.0,0.0,0.0,1,22825.0,22830.0,2,22810.0,22870.0,22870.0,22815.0,110.0,2513500.0,3534
2023-05-10 21:02:05,CY2309,CY2309,22825.0,6.0,137100.0,-5.0,1,22820.0,22835.0,2,22810.0,22870.0,22870.0,22815.0,116.0,2650600.0,3529
2023-05-10 21:02:06,CY2309,CY2309,22825.0,0.0,0.0,0.0,1,22820.0,22835.0,3,22810.0,22870.0,22870.0,22815.0,116.0,2650600.0,3529
2023-05-10 21:02:08,CY2309,CY2309,22825.0,0.0,0.0,0.0,2,22815.0,22830.0,6,22810.0,22870.0,22870.0,22815.0,116.0,2650600.0,3529
2023-05-10 21:02:09,CY2309,CY2309,22820.0,1.0,22850.0,1.0,2,22815.0,22830.0,5,22810.0,22870.0,22870.0,22815.0,117.0,2673450.0,3530
2023-05-10 21:02:10,CY2309,CY2309,22820.0,0.0,0.0,0.0,2,22815.0,22825.0,1,22810.0,22870.0,22870.0,22815.0,117.0,2673450.0,3530
2023-05-10 21:02:11,CY2309,CY2309,22820.0,0.0,0.0,0.0,2,22815.0,22830.0,5,22810.0,22870.0,22870.0,22815.0,117.0,2673450.0,3530
2023-05-10 21:02:15,CY2309,CY2309,22820.0,0.0,0.0,0.0,2,22820.0,22830.0,2,22810.0,22870.0,22870.0,22815.0,117.0,2673450.0,3530
2023-05-10 21:02:15,CY2309,CY2309,22820.0,0.0,0.0,0.0,1,22820.0,22830.0,2,22810.0,22870.0,22870.0,22815.0,117.0,2673450.0,3530
2023-05-10 21:02:19,CY2309,CY2309,22820.0,0.0,0.0,0.0,1,22820.0,22830.0,1,22810.0,22870.0,22870.0,22815.0,117.0,2673450.0,3530
2023-05-10 21:02:20,CY2309,CY2309,22820.0,0.0,0.0,0.0,3,22820.0,22835.0,2,22810.0,22870.0,22870.0,22815.0,117.0,2673450.0,3530
2023-05-10 21:02:21,CY2309,CY2309,22820.0,0.0,0.0,0.0,1,22820.0,22830.0,2,22810.0,22870.0,22870.0,22815.0,117.0,2673450.0,3530
2023-05-10 21:02:23,CY2309,CY2309,22820.0,0.0,0.0,0.0,1,22820.0,22830.0,1,22810.0,22870.0,22870.0,22815.0,117.0,2673450.0,3530
2023-05-10 21:02:25,CY2309,CY2309,22820.0,0.0,0.0,0.0,1,22820.0,22825.0,1,22810.0,22870.0,22870.0,22815.0,117.0,2673450.0,3530
2023-05-10 21:02:25,CY2309,CY2309,22820.0,0.0,0.0,0.0,2,22810.0,22820.0,2,22810.0,22870.0,22870.0,22815.0,117.0,2673450.0,3530
2023-05-10 21:02:27,CY2309,CY2309,22820.0,0.0,0.0,0.0,2,22815.0,22820.0,2,22810.0,22870.0,22870.0,22815.0,117.0,2673450.0,3530
2023-05-10 21:02:27,CY2309,CY2309,22820.0,0.0,0.0,0.0,2,22815.0,22820.0,1,22810.0,22870.0,22870.0,22815.0,117.0,2673450.0,3530
2023-05-10 21:02:29,CY2309,CY2309,22815.0,2.0,45700.0,-2.0,2,22805.0,22815.0,2,22810.0,22870.0,22870.0,22815.0,119.0,2719150.0,3528
2023-05-10 21:02:30,CY2309,CY2309,22815.0,0.0,0.0,0.0,2,22810.0,22820.0,2,22810.0,22870.0,22870.0,22815.0,119.0,2719150.0,3528
2023-05-10 21:02:30,CY2309,CY2309,22815.0,0.0,0.0,0.0,2,22810.0,22820.0,1,22810.0,22870.0,22870.0,22815.0,119.0,2719150.0,3528
2023-05-10 21:02:32,CY2309,CY2309,22815.0,0.0,0.0,0.0,1,22810.0,22820.0,2,22810.0,22870.0,22870.0,22815.0,119.0,2719150.0,3528
2023-05-10 21:02:32,CY2309,CY2309,22815.0,0.0,0.0,0.0,3,22805.0,22815.0,1,22810.0,22870.0,22870.0,22815.0,119.0,2719150.0,3528
2023-05-10 21:02:34,CY2309,CY2309,22815.0,0.0,0.0,0.0,2,22805.0,22815.0,2,22810.0,22870.0,22870.0,22815.0,119.0,2719150.0,3528
2023-05-10 21:02:38,CY2309,CY2309,22815.0,0.0,0.0,0.0,2,22805.0,22815.0,3,22810.0,22870.0,22870.0,22815.0,119.0,2719150.0,3528
2023-05-10 21:02:38,CY2309,CY2309,22815.0,0.0,0.0,0.0,1,22805.0,22815.0,4,22810.0,22870.0,22870.0,22815.0,119.0,2719150.0,3528
2023-05-10 21:02:39,CY2309,CY2309,22805.0,1.0,22850.0,0.0,1,22805.0,22810.0,4,22810.0,22870.0,22870.0,22805.0,120.0,2742000.0,3528
2023-05-10 21:02:39,CY2309,CY2309,22805.0,2.0,45090.0,1.0,1,22805.0,22810.0,2,22810.0,22870.0,22870.0,22805.0,122.0,2787090.0,3529
2023-05-10 21:02:40,CY2309,CY2309,22810.0,1.0,22845.0,1.0,1,22805.0,22815.0,3,22810.0,22870.0,22870.0,22805.0,123.0,2809935.0,3530
2023-05-10 21:02:41,CY2309,CY2309,22810.0,0.0,0.0,0.0,4,22800.0,22815.0,4,22810.0,22870.0,22870.0,22805.0,123.0,2809935.0,3530
2023-05-10 21:02:41,CY2309,CY2309,22810.0,0.0,0.0,0.0,1,22805.0,22815.0,5,22810.0,22870.0,22870.0,22805.0,123.0,2809935.0,3530
2023-05-10 21:02:46,CY2309,CY2309,22810.0,0.0,0.0,0.0,1,22805.0,22810.0,1,22810.0,22870.0,22870.0,22805.0,123.0,2809935.0,3530
2023-05-10 21:02:46,CY2309,CY2309,22805.0,2.0,45690.0,1.0,5,22800.0,22810.0,1,22810.0,22870.0,22870.0,22805.0,125.0,2855625.0,3531
2023-05-10 21:02:47,CY2309,CY2309,22805.0,0.0,0.0,0.0,5,22800.0,22810.0,2,22810.0,22870.0,22870.0,22805.0,125.0,2855625.0,3531
2023-05-10 21:02:48,CY2309,CY2309,22805.0,0.0,0.0,0.0,5,22800.0,22810.0,1,22810.0,22870.0,22870.0,22805.0,125.0,2855625.0,3531
2023-05-10 21:02:48,CY2309,CY2309,22805.0,0.0,0.0,0.0,3,22805.0,22815.0,4,22810.0,22870.0,22870.0,22805.0,125.0,2855625.0,3531
2023-05-10 21:02:52,CY2309,CY2309,22805.0,0.0,0.0,0.0,3,22810.0,22815.0,3,22810.0,22870.0,22870.0,22805.0,125.0,2855625.0,3531
2023-05-10 21:02:52,CY2309,CY2309,22815.0,3.0,68535.0,2.0,7,22810.0,22820.0,2,22810.0,22870.0,22870.0,22805.0,128.0,2924160.0,3533
2023-05-10 21:02:53,CY2309,CY2309,22815.0,0.0,0.0,0.0,4,22810.0,22815.0,1,22810.0,22870.0,22870.0,22805.0,128.0,2924160.0,3533
2023-05-10 21:02:54,CY2309,CY2309,22815.0,1.0,22845.0,0.0,3,22810.0,22820.0,3,22810.0,22870.0,22870.0,22805.0,129.0,2947005.0,3533
2023-05-10 21:02:58,CY2309,CY2309,22815.0,0.0,0.0,0.0,7,22810.0,22820.0,1,22810.0,22870.0,22870.0,22805.0,129.0,2947005.0,3533
2023-05-10 21:02:59,CY2309,CY2309,22815.0,0.0,0.0,0.0,4,22810.0,22820.0,2,22810.0,22870.0,22870.0,22805.0,129.0,2947005.0,3533
2023-05-10 21:02:59,CY2309,CY2309,22815.0,0.0,0.0,0.0,3,22810.0,22820.0,3,22810.0,22870.0,22870.0,22805.0,129.0,2947005.0,3533
2023-05-10 21:03:00,CY2309,CY2309,22815.0,0.0,0.0,0.0,7,22810.0,22820.0,1,22810.0,22870.0,22870.0,22805.0,129.0,2947005.0,3533
2023-05-10 21:03:01,CY2309,CY2309,22820.0,1.0,22845.0,0.0,7,22810.0,22825.0,1,22810.0,22870.0,22870.0,22805.0,130.0,2969850.0,3533
2023-05-10 21:03:01,CY2309,CY2309,22820.0,0.0,0.0,0.0,7,22810.0,22825.0,2,22810.0,22870.0,22870.0,22805.0,130.0,2969850.0,3533
2023-05-10 21:03:02,CY2309,CY2309,22820.0,0.0,0.0,0.0,4,22810.0,22820.0,2,22810.0,22870.0,22870.0,22805.0,130.0,2969850.0,3533
2023-05-10 21:03:02,CY2309,CY2309,22810.0,3.0,68535.0,0.0,7,22800.0,22815.0,1,22810.0,22870.0,22870.0,22805.0,133.0,3038385.0,3533
2023-05-10 21:03:03,CY2309,CY2309,22810.0,0.0,0.0,0.0,6,22800.0,22810.0,1,22810.0,22870.0,22870.0,22805.0,133.0,3038385.0,3533
2023-05-10 21:03:03,CY2309,CY2309,22810.0,1.0,22845.0,1.0,6,22800.0,22810.0,1,22810.0,22870.0,22870.0,22805.0,134.0,3061230.0,3534
2023-05-10 21:03:05,CY2309,CY2309,22810.0,1.0,22845.0,0.0,6,22800.0,22815.0,5,22810.0,22870.0,22870.0,22805.0,135.0,3084075.0,3534
2023-05-10 21:03:06,CY2309,CY2309,22810.0,0.0,0.0,0.0,4,22805.0,22815.0,2,22810.0,22870.0,22870.0,22805.0,135.0,3084075.0,3534
2023-05-10 21:03:07,CY2309,CY2309,22810.0,0.0,0.0,0.0,1,22805.0,22820.0,2,22810.0,22870.0,22870.0,22805.0,135.0,3084075.0,3534
2023-05-10 21:03:07,CY2309,CY2309,22810.0,0.0,0.0,0.0,1,22805.0,22815.0,4,22810.0,22870.0,22870.0,22805.0,135.0,3084075.0,3534
2023-05-10 21:03:09,CY2309,CY2309,22810.0,0.0,0.0,0.0,2,22805.0,22815.0,4,22810.0,22870.0,22870.0,22805.0,135.0,3084075.0,3534
2023-05-10 21:03:09,CY2309,CY2309,22810.0,0.0,0.0,0.0,5,22805.0,22815.0,1,22810.0,22870.0,22870.0,22805.0,135.0,3084075.0,3534
2023-05-10 21:03:12,CY2309,CY2309,22815.0,1.0,22845.0,0.0,3,22810.0,22820.0,1,22810.0,22870.0,22870.0,22805.0,136.0,3106920.0,3534
2023-05-10 21:03:12,CY2309,CY2309,22815.0,0.0,0.0,0.0,1,22815.0,22825.0,2,22810.0,22870.0,22870.0,22805.0,136.0,3106920.0,3534
2023-05-10 21:03:19,CY2309,CY2309,22815.0,0.0,0.0,0.0,1,22815.0,22825.0,1,22810.0,22870.0,22870.0,22805.0,136.0,3106920.0,3534
2023-05-10 21:03:21,CY2309,CY2309,22815.0,0.0,0.0,0.0,4,22815.0,22830.0,2,22810.0,22870.0,22870.0,22805.0,136.0,3106920.0,3534
2023-05-10 21:03:22,CY2309,CY2309,22815.0,0.0,0.0,0.0,2,22820.0,22830.0,1,22810.0,22870.0,22870.0,22805.0,136.0,3106920.0,3534
2023-05-10 21:03:22,CY2309,CY2309,22820.0,2.0,45690.0,-2.0,5,22810.0,22825.0,1,22810.0,22870.0,22870.0,22805.0,138.0,3152610.0,3532
2023-05-10 21:03:23,CY2309,CY2309,22820.0,0.0,0.0,0.0,5,22810.0,22825.0,2,22810.0,22870.0,22870.0,22805.0,138.0,3152610.0,3532
2023-05-10 21:03:24,CY2309,CY2309,22820.0,0.0,0.0,0.0,2,22810.0,22820.0,1,22810.0,22870.0,22870.0,22805.0,138.0,3152610.0,3532
2023-05-10 21:03:24,CY2309,CY2309,22820.0,0.0,0.0,0.0,4,22805.0,22820.0,3,22810.0,22870.0,22870.0,22805.0,138.0,3152610.0,3532
2023-05-10 21:03:25,CY2309,CY2309,22820.0,0.0,0.0,0.0,5,22805.0,22820.0,2,22810.0,22870.0,22870.0,22805.0,138.0,3152610.0,3532
2023-05-10 21:03:25,CY2309,CY2309,22820.0,0.0,0.0,0.0,5,22810.0,22820.0,1,22810.0,22870.0,22870.0,22805.0,138.0,3152610.0,3532
2023-05-10 21:03:29,CY2309,CY2309,22820.0,1.0,22845.0,1.0,5,22810.0,22825.0,2,22810.0,22870.0,22870.0,22805.0,139.0,3175455.0,3533
2023-05-10 21:03:29,CY2309,CY2309,22820.0,0.0,0.0,0.0,2,22820.0,22825.0,1,22810.0,22870.0,22870.0,22805.0,139.0,3175455.0,3533
2023-05-10 21:03:29,CY2309,CY2309,22820.0,2.0,45690.0,-2.0,3,22815.0,22825.0,1,22810.0,22870.0,22870.0,22805.0,141.0,3221145.0,3531
2023-05-10 21:03:30,CY2309,CY2309,22820.0,0.0,0.0,0.0,5,22810.0,22825.0,1,22810.0,22870.0,22870.0,22805.0,141.0,3221145.0,3531
2023-05-10 21:03:31,CY2309,CY2309,22820.0,0.0,0.0,0.0,3,22815.0,22830.0,3,22810.0,22870.0,22870.0,22805.0,141.0,3221145.0,3531
2023-05-10 21:03:31,CY2309,CY2309,22820.0,0.0,0.0,0.0,1,22820.0,22830.0,2,22810.0,22870.0,22870.0,22805.0,141.0,3221145.0,3531
2023-05-10 21:03:32,CY2309,CY2309,22820.0,0.0,0.0,0.0,3,22815.0,22825.0,2,22810.0,22870.0,22870.0,22805.0,141.0,3221145.0,3531
2023-05-10 21:03:33,CY2309,CY2309,22820.0,0.0,0.0,0.0,5,22810.0,22825.0,2,22810.0,22870.0,22870.0,22805.0,141.0,3221145.0,3531
2023-05-10 21:03:35,CY2309,CY2309,22820.0,0.0,0.0,0.0,1,22820.0,22830.0,2,22810.0,22870.0,22870.0,22805.0,141.0,3221145.0,3531
2023-05-10 21:03:41,CY2309,CY2309,22830.0,1.0,22845.0,1.0,2,22820.0,22830.0,1,22810.0,22870.0,22870.0,22805.0,142.0,3243990.0,3532
2023-05-10 21:03:43,CY2309,CY2309,22830.0,0.0,0.0,0.0,1,22820.0,22830.0,1,22810.0,22870.0,22870.0,22805.0,142.0,3243990.0,3532
2023-05-10 21:03:43,CY2309,CY2309,22830.0,0.0,0.0,0.0,5,22815.0,22825.0,2,22810.0,22870.0,22870.0,22805.0,142.0,3243990.0,3532
2023-05-10 21:03:44,CY2309,CY2309,22830.0,2.0,44970.0,0.0,5,22815.0,22825.0,3,22810.0,22870.0,22870.0,22805.0,144.0,3288960.0,3532
2023-05-10 21:03:49,CY2309,CY2309,22815.0,2.0,45680.0,-2.0,2,22815.0,22825.0,4,22810.0,22870.0,22870.0,22805.0,146.0,3334640.0,3530
2023-05-10 21:03:50,CY2309,CY2309,22815.0,0.0,0.0,0.0,1,22815.0,22820.0,2,22810.0,22870.0,22870.0,22805.0,146.0,3334640.0,3530
2023-05-10 21:03:51,CY2309,CY2309,22815.0,2.0,45680.0,1.0,1,22810.0,22820.0,2,22810.0,22870.0,22870.0,22805.0,148.0,3380320.0,3531
2023-05-10 21:03:51,CY2309,CY2309,22815.0,0.0,0.0,0.0,1,22810.0,22820.0,3,22810.0,22870.0,22870.0,22805.0,148.0,3380320.0,3531
2023-05-10 21:03:52,CY2309,CY2309,22820.0,1.0,22840.0,0.0,1,22810.0,22820.0,2,22810.0,22870.0,22870.0,22805.0,149.0,3403160.0,3531
2023-05-10 21:03:53,CY2309,CY2309,22820.0,0.0,0.0,0.0,1,22810.0,22820.0,1,22810.0,22870.0,22870.0,22805.0,149.0,3403160.0,3531
2023-05-10 21:03:54,CY2309,CY2309,22820.0,0.0,0.0,0.0,1,22810.0,22825.0,4,22810.0,22870.0,22870.0,22805.0,149.0,3403160.0,3531
2023-05-10 21:03:54,CY2309,CY2309,22820.0,0.0,0.0,0.0,1,22815.0,22825.0,4,22810.0,22870.0,22870.0,22805.0,149.0,3403160.0,3531
2023-05-10 21:03:54,CY2309,CY2309,22820.0,0.0,0.0,0.0,1,22815.0,22825.0,3,22810.0,22870.0,22870.0,22805.0,149.0,3403160.0,3531
2023-05-10 21:03:56,CY2309,CY2309,22820.0,0.0,0.0,0.0,1,22810.0,22820.0,1,22810.0,22870.0,22870.0,22805.0,149.0,3403160.0,3531
2023-05-10 21:03:59,CY2309,CY2309,22820.0,1.0,22840.0,0.0,1,22810.0,22820.0,1,22810.0,22870.0,22870.0,22805.0,150.0,3426000.0,3531
2023-05-10 21:04:00,CY2309,CY2309,22820.0,0.0,0.0,0.0,2,22810.0,22820.0,1,22810.0,22870.0,22870.0,22805.0,150.0,3426000.0,3531
2023-05-10 21:04:00,CY2309,CY2309,22820.0,0.0,0.0,0.0,1,22810.0,22820.0,1,22810.0,22870.0,22870.0,22805.0,150.0,3426000.0,3531
2023-05-10 21:04:01,CY2309,CY2309,22820.0,0.0,0.0,0.0,1,22810.0,22825.0,4,22810.0,22870.0,22870.0,22805.0,150.0,3426000.0,3531
2023-05-10 21:04:01,CY2309,CY2309,22820.0,0.0,0.0,0.0,1,22810.0,22820.0,1,22810.0,22870.0,22870.0,22805.0,150.0,3426000.0,3531
2023-05-10 21:04:04,CY2309,CY2309,22820.0,0.0,0.0,0.0,3,22810.0,22820.0,1,22810.0,22870.0,22870.0,22805.0,150.0,3426000.0,3531
2023-05-10 21:04:06,CY2309,CY2309,22820.0,0.0,0.0,0.0,2,22815.0,22825.0,3,22810.0,22870.0,22870.0,22805.0,150.0,3426000.0,3531
2023-05-10 21:04:06,CY2309,CY2309,22820.0,0.0,0.0,0.0,2,22815.0,22820.0,1,22810.0,22870.0,22870.0,22805.0,150.0,3426000.0,3531
2023-05-10 21:04:07,CY2309,CY2309,22820.0,0.0,0.0,0.0,3,22810.0,22820.0,1,22810.0,22870.0,22870.0,22805.0,150.0,3426000.0,3531
2023-05-10 21:04:07,CY2309,CY2309,22820.0,0.0,0.0,0.0,1,22815.0,22825.0,4,22810.0,22870.0,22870.0,22805.0,150.0,3426000.0,3531
2023-05-10 21:04:08,CY2309,CY2309,22820.0,0.0,0.0,0.0,2,22815.0,22825.0,2,22810.0,22870.0,22870.0,22805.0,150.0,3426000.0,3531
2023-05-10 21:04:31,CY2309,CY2309,22825.0,1.0,22840.0,0.0,3,22820.0,22830.0,1,22810.0,22870.0,22870.0,22805.0,151.0,3448840.0,3531
2023-05-10 21:04:32,CY2309,CY2309,22825.0,0.0,0.0,0.0,4,22820.0,22830.0,1,22810.0,22870.0,22870.0,22805.0,151.0,3448840.0,3531
2023-05-10 21:04:32,CY2309,CY2309,22825.0,0.0,0.0,0.0,1,22825.0,22830.0,1,22810.0,22870.0,22870.0,22805.0,151.0,3448840.0,3531
2023-05-10 21:04:33,CY2309,CY2309,22825.0,1.0,22840.0,-1.0,4,22820.0,22830.0,1,22810.0,22870.0,22870.0,22805.0,152.0,3471680.0,3530
2023-05-10 21:04:40,CY2309,CY2309,22825.0,0.0,0.0,0.0,3,22820.0,22825.0,1,22810.0,22870.0,22870.0,22805.0,152.0,3471680.0,3530
2023-05-10 21:04:41,CY2309,CY2309,22825.0,0.0,0.0,0.0,1,22820.0,22830.0,2,22810.0,22870.0,22870.0,22805.0,152.0,3471680.0,3530
2023-05-10 21:04:46,CY2309,CY2309,22830.0,2.0,45680.0,0.0,1,22825.0,22835.0,1,22810.0,22870.0,22870.0,22805.0,154.0,3517360.0,3530
2023-05-10 21:04:47,CY2309,CY2309,22830.0,0.0,0.0,0.0,2,22820.0,22830.0,1,22810.0,22870.0,22870.0,22805.0,154.0,3517360.0,3530
2023-05-10 21:04:50,CY2309,CY2309,22830.0,0.0,0.0,0.0,1,22825.0,22835.0,2,22810.0,22870.0,22870.0,22805.0,154.0,3517360.0,3530
2023-05-10 21:04:51,CY2309,CY2309,22830.0,0.0,0.0,0.0,3,22820.0,22830.0,1,22810.0,22870.0,22870.0,22805.0,154.0,3517360.0,3530
2023-05-10 21:04:51,CY2309,CY2309,22830.0,0.0,0.0,0.0,2,22820.0,22830.0,2,22810.0,22870.0,22870.0,22805.0,154.0,3517360.0,3530
2023-05-10 21:04:52,CY2309,CY2309,22830.0,0.0,0.0,0.0,1,22825.0,22830.0,1,22810.0,22870.0,22870.0,22805.0,154.0,3517360.0,3530
2023-05-10 21:04:53,CY2309,CY2309,22825.0,2.0,45680.0,-2.0,3,22820.0,22830.0,1,22810.0,22870.0,22870.0,22805.0,156.0,3563040.0,3528
2023-05-10 21:04:53,CY2309,CY2309,22825.0,0.0,0.0,0.0,2,22820.0,22830.0,4,22810.0,22870.0,22870.0,22805.0,156.0,3563040.0,3528
2023-05-10 21:04:54,CY2309,CY2309,22825.0,0.0,0.0,0.0,1,22820.0,22830.0,4,22810.0,22870.0,22870.0,22805.0,156.0,3563040.0,3528
2023-05-10 21:04:55,CY2309,CY2309,22825.0,0.0,0.0,0.0,3,22820.0,22830.0,4,22810.0,22870.0,22870.0,22805.0,156.0,3563040.0,3528
2023-05-10 21:05:00,CY2309,CY2309,22825.0,0.0,0.0,0.0,2,22820.0,22825.0,1,22810.0,22870.0,22870.0,22805.0,156.0,3563040.0,3528
2023-05-10 21:05:01,CY2309,CY2309,22830.0,10.0,228400.0,2.0,1,22820.0,22830.0,4,22810.0,22870.0,22870.0,22805.0,166.0,3791440.0,3530
2023-05-10 21:05:04,CY2309,CY2309,22830.0,0.0,0.0,0.0,2,22820.0,22830.0,4,22810.0,22870.0,22870.0,22805.0,166.0,3791440.0,3530
2023-05-10 21:05:05,CY2309,CY2309,22830.0,0.0,0.0,0.0,2,22820.0,22830.0,5,22810.0,22870.0,22870.0,22805.0,166.0,3791440.0,3530
2023-05-10 21:05:05,CY2309,CY2309,22830.0,1.0,22840.0,1.0,1,22825.0,22835.0,3,22810.0,22870.0,22870.0,22805.0,167.0,3814280.0,3531
2023-05-10 21:05:07,CY2309,CY2309,22830.0,1.0,22840.0,1.0,1,22825.0,22835.0,2,22810.0,22870.0,22870.0,22805.0,168.0,3837120.0,3532
2023-05-10 21:05:08,CY2309,CY2309,22830.0,0.0,0.0,0.0,1,22825.0,22835.0,3,22810.0,22870.0,22870.0,22805.0,168.0,3837120.0,3532
2023-05-10 21:05:10,CY2309,CY2309,22830.0,0.0,0.0,0.0,1,22825.0,22835.0,4,22810.0,22870.0,22870.0,22805.0,168.0,3837120.0,3532
2023-05-10 21:05:10,CY2309,CY2309,22830.0,0.0,0.0,0.0,2,22825.0,22835.0,4,22810.0,22870.0,22870.0,22805.0,168.0,3837120.0,3532
2023-05-10 21:05:12,CY2309,CY2309,22830.0,0.0,0.0,0.0,2,22825.0,22835.0,3,22810.0,22870.0,22870.0,22805.0,168.0,3837120.0,3532
2023-05-10 21:05:12,CY2309,CY2309,22830.0,0.0,0.0,0.0,2,22825.0,22835.0,2,22810.0,22870.0,22870.0,22805.0,168.0,3837120.0,3532
2023-05-10 21:05:20,CY2309,CY2309,22835.0,2.0,45680.0,0.0,4,22830.0,22845.0,2,22810.0,22870.0,22870.0,22805.0,170.0,3882800.0,3532
2023-05-10 21:05:20,CY2309,CY2309,22835.0,0.0,0.0,0.0,5,22830.0,22845.0,3,22810.0,22870.0,22870.0,22805.0,170.0,3882800.0,3532
2023-05-10 21:05:25,CY2309,CY2309,22835.0,0.0,0.0,0.0,4,22830.0,22840.0,1,22810.0,22870.0,22870.0,22805.0,170.0,3882800.0,3532
2023-05-10 21:05:25,CY2309,CY2309,22830.0,2.0,45680.0,2.0,2,22825.0,22835.0,1,22810.0,22870.0,22870.0,22805.0,172.0,3928480.0,3534
2023-05-10 21:05:28,CY2309,CY2309,22830.0,0.0,0.0,0.0,1,22830.0,22835.0,1,22810.0,22870.0,22870.0,22805.0,172.0,3928480.0,3534
2023-05-10 21:05:28,CY2309,CY2309,22830.0,1.0,22840.0,0.0,1,22830.0,22840.0,2,22810.0,22870.0,22870.0,22805.0,173.0,3951320.0,3534
2023-05-10 21:05:29,CY2309,CY2309,22830.0,0.0,0.0,0.0,1,22830.0,22840.0,3,22810.0,22870.0,22870.0,22805.0,173.0,3951320.0,3534
2023-05-10 21:05:30,CY2309,CY2309,22830.0,0.0,0.0,0.0,3,22825.0,22835.0,1,22810.0,22870.0,22870.0,22805.0,173.0,3951320.0,3534
2023-05-10 21:05:31,CY2309,CY2309,22830.0,0.0,0.0,0.0,2,22825.0,22835.0,3,22810.0,22870.0,22870.0,22805.0,173.0,3951320.0,3534
2023-05-10 21:05:32,CY2309,CY2309,22825.0,7.0,159880.0,-1.0,1,22825.0,22835.0,3,22810.0,22870.0,22870.0,22805.0,180.0,4111200.0,3533
2023-05-10 21:05:32,CY2309,CY2309,22825.0,1.0,22840.0,-1.0,4,22820.0,22830.0,2,22810.0,22870.0,22870.0,22805.0,181.0,4134040.0,3532
2023-05-10 21:05:37,CY2309,CY2309,22825.0,0.0,0.0,0.0,1,22820.0,22830.0,3,22810.0,22870.0,22870.0,22805.0,181.0,4134040.0,3532
2023-05-10 21:05:37,CY2309,CY2309,22825.0,0.0,0.0,0.0,5,22815.0,22830.0,4,22810.0,22870.0,22870.0,22805.0,181.0,4134040.0,3532
2023-05-10 21:05:38,CY2309,CY2309,22825.0,0.0,0.0,0.0,2,22815.0,22825.0,1,22810.0,22870.0,22870.0,22805.0,181.0,4134040.0,3532
2023-05-10 21:05:38,CY2309,CY2309,22825.0,0.0,0.0,0.0,5,22815.0,22830.0,2,22810.0,22870.0,22870.0,22805.0,181.0,4134040.0,3532
2023-05-10 21:05:39,CY2309,CY2309,22820.0,1.0,22840.0,0.0,5,22815.0,22830.0,2,22810.0,22870.0,22870.0,22805.0,182.0,4156880.0,3532
2023-05-10 21:05:39,CY2309,CY2309,22820.0,0.0,0.0,0.0,1,22820.0,22830.0,2,22810.0,22870.0,22870.0,22805.0,182.0,4156880.0,3532
2023-05-10 21:05:40,CY2309,CY2309,22820.0,0.0,0.0,0.0,1,22820.0,22830.0,3,22810.0,22870.0,22870.0,22805.0,182.0,4156880.0,3532
2023-05-10 21:05:41,CY2309,CY2309,22820.0,0.0,0.0,0.0,1,22820.0,22830.0,2,22810.0,22870.0,22870.0,22805.0,182.0,4156880.0,3532
2023-05-10 21:05:42,CY2309,CY2309,22820.0,0.0,0.0,0.0,4,22820.0,22830.0,1,22810.0,22870.0,22870.0,22805.0,182.0,4156880.0,3532
2023-05-10 21:05:42,CY2309,CY2309,22830.0,1.0,22840.0,0.0,1,22825.0,22835.0,1,22810.0,22870.0,22870.0,22805.0,183.0,4179720.0,3532
2023-05-10 21:05:43,CY2309,CY2309,22830.0,0.0,0.0,0.0,1,22820.0,22830.0,2,22810.0,22870.0,22870.0,22805.0,183.0,4179720.0,3532
2023-05-10 21:05:46,CY2309,CY2309,22830.0,0.0,0.0,0.0,2,22820.0,22830.0,2,22810.0,22870.0,22870.0,22805.0,183.0,4179720.0,3532
2023-05-10 21:05:49,CY2309,CY2309,22830.0,1.0,22840.0,0.0,2,22820.0,22830.0,3,22810.0,22870.0,22870.0,22805.0,184.0,4202560.0,3532
2023-05-10 21:05:51,CY2309,CY2309,22830.0,0.0,0.0,0.0,3,22820.0,22830.0,3,22810.0,22870.0,22870.0,22805.0,184.0,4202560.0,3532
2023-05-10 21:05:54,CY2309,CY2309,22830.0,0.0,0.0,0.0,2,22820.0,22825.0,2,22810.0,22870.0,22870.0,22805.0,184.0,4202560.0,3532
2023-05-10 21:05:55,CY2309,CY2309,22820.0,3.0,68520.0,0.0,5,22815.0,22830.0,3,22810.0,22870.0,22870.0,22805.0,187.0,4271080.0,3532
2023-05-10 21:06:00,CY2309,CY2309,22820.0,0.0,0.0,0.0,2,22815.0,22830.0,3,22810.0,22870.0,22870.0,22805.0,187.0,4271080.0,3532
2023-05-10 21:06:01,CY2309,CY2309,22820.0,0.0,0.0,0.0,1,22820.0,22830.0,3,22810.0,22870.0,22870.0,22805.0,187.0,4271080.0,3532
2023-05-10 21:06:01,CY2309,CY2309,22820.0,0.0,0.0,0.0,5,22815.0,22830.0,3,22810.0,22870.0,22870.0,22805.0,187.0,4271080.0,3532
2023-05-10 21:06:02,CY2309,CY2309,22820.0,0.0,0.0,0.0,2,22815.0,22825.0,4,22810.0,22870.0,22870.0,22805.0,187.0,4271080.0,3532
2023-05-10 21:06:02,CY2309,CY2309,22820.0,0.0,0.0,0.0,1,22815.0,22825.0,4,22810.0,22870.0,22870.0,22805.0,187.0,4271080.0,3532
2023-05-10 21:06:03,CY2309,CY2309,22820.0,0.0,0.0,0.0,2,22815.0,22825.0,4,22810.0,22870.0,22870.0,22805.0,187.0,4271080.0,3532
2023-05-10 21:06:03,CY2309,CY2309,22820.0,0.0,0.0,0.0,3,22815.0,22825.0,4,22810.0,22870.0,22870.0,22805.0,187.0,4271080.0,3532
2023-05-10 21:06:06,CY2309,CY2309,22820.0,0.0,0.0,0.0,1,22820.0,22825.0,1,22810.0,22870.0,22870.0,22805.0,187.0,4271080.0,3532
2023-05-10 21:06:07,CY2309,CY2309,22825.0,1.0,22840.0,-1.0,1,22820.0,22830.0,2,22810.0,22870.0,22870.0,22805.0,188.0,4293920.0,3531
2023-05-10 21:06:07,CY2309,CY2309,22825.0,0.0,0.0,0.0,2,22820.0,22830.0,2,22810.0,22870.0,22870.0,22805.0,188.0,4293920.0,3531
2023-05-10 21:06:08,CY2309,CY2309,22825.0,0.0,0.0,0.0,2,22820.0,22825.0,2,22810.0,22870.0,22870.0,22805.0,188.0,4293920.0,3531
2023-05-10 21:06:09,CY2309,CY2309,22820.0,1.0,22840.0,-1.0,3,22815.0,22825.0,2,22810.0,22870.0,22870.0,22805.0,189.0,4316760.0,3530
2023-05-10 21:06:09,CY2309,CY2309,22820.0,0.0,0.0,0.0,3,22815.0,22825.0,3,22810.0,22870.0,22870.0,22805.0,189.0,4316760.0,3530
2023-05-10 21:06:19,CY2309,CY2309,22820.0,0.0,0.0,0.0,1,22815.0,22825.0,3,22810.0,22870.0,22870.0,22805.0,189.0,4316760.0,3530
2023-05-10 21:06:29,CY2309,CY2309,22820.0,0.0,0.0,0.0,1,22820.0,22830.0,2,22810.0,22870.0,22870.0,22805.0,189.0,4316760.0,3530
2023-05-10 21:06:30,CY2309,CY2309,22820.0,0.0,0.0,0.0,1,22820.0,22825.0,2,22810.0,22870.0,22870.0,22805.0,189.0,4316760.0,3530
2023-05-10 21:06:31,CY2309,CY2309,22815.0,2.0,45680.0,-1.0,6,22810.0,22825.0,5,22810.0,22870.0,22870.0,22805.0,191.0,4362440.0,3529
2023-05-10 21:06:32,CY2309,CY2309,22815.0,0.0,0.0,0.0,2,22810.0,22820.0,5,22810.0,22870.0,22870.0,22805.0,191.0,4362440.0,3529
2023-05-10 21:06:33,CY2309,CY2309,22820.0,1.0,22840.0,1.0,6,22810.0,22825.0,6,22810.0,22870.0,22870.0,22805.0,192.0,4385280.0,3530
2023-05-10 21:06:33,CY2309,CY2309,22820.0,0.0,0.0,0.0,2,22815.0,22825.0,5,22810.0,22870.0,22870.0,22805.0,192.0,4385280.0,3530
2023-05-10 21:06:36,CY2309,CY2309,22820.0,0.0,0.0,0.0,3,22810.0,22820.0,2,22810.0,22870.0,22870.0,22805.0,192.0,4385280.0,3530
2023-05-10 21:06:37,CY2309,CY2309,22820.0,0.0,0.0,0.0,1,22815.0,22820.0,2,22810.0,22870.0,22870.0,22805.0,192.0,4385280.0,3530
2023-05-10 21:06:37,CY2309,CY2309,22815.0,1.0,22840.0,0.0,2,22810.0,22820.0,2,22810.0,22870.0,22870.0,22805.0,193.0,4408120.0,3530
2023-05-10 21:06:48,CY2309,CY2309,22815.0,0.0,0.0,0.0,1,22815.0,22825.0,5,22810.0,22870.0,22870.0,22805.0,193.0,4408120.0,3530
2023-05-10 21:06:49,CY2309,CY2309,22815.0,0.0,0.0,0.0,2,22815.0,22825.0,5,22810.0,22870.0,22870.0,22805.0,193.0,4408120.0,3530
2023-05-10 21:06:50,CY2309,CY2309,22815.0,0.0,0.0,0.0,3,22810.0,22820.0,2,22810.0,22870.0,22870.0,22805.0,193.0,4408120.0,3530
2023-05-10 21:06:56,CY2309,CY2309,22815.0,0.0,0.0,0.0,2,22810.0,22815.0,2,22810.0,22870.0,22870.0,22805.0,193.0,4408120.0,3530
2023-05-10 21:06:57,CY2309,CY2309,22810.0,2.0,44705.0,0.0,6,22800.0,22815.0,3,22810.0,22870.0,22870.0,22805.0,195.0,4452825.0,3530
2023-05-10 21:07:07,CY2309,CY2309,22800.0,1.0,22835.0,0.0,5,22800.0,22810.0,3,22810.0,22870.0,22870.0,22800.0,196.0,4475660.0,3530
2023-05-10 21:07:07,CY2309,CY2309,22800.0,0.0,0.0,0.0,5,22800.0,22815.0,4,22810.0,22870.0,22870.0,22800.0,196.0,4475660.0,3530
2023-05-10 21:07:08,CY2309,CY2309,22800.0,5.0,114175.0,0.0,1,22810.0,22815.0,1,22810.0,22870.0,22870.0,22800.0,201.0,4589835.0,3530
2023-05-10 21:07:09,CY2309,CY2309,22800.0,0.0,0.0,0.0,2,22810.0,22820.0,3,22810.0,22870.0,22870.0,22800.0,201.0,4589835.0,3530
2023-05-10 21:07:09,CY2309,CY2309,22800.0,0.0,0.0,0.0,2,22810.0,22815.0,2,22810.0,22870.0,22870.0,22800.0,201.0,4589835.0,3530
2023-05-10 21:07:10,CY2309,CY2309,22800.0,0.0,0.0,0.0,4,22800.0,22815.0,2,22810.0,22870.0,22870.0,22800.0,201.0,4589835.0,3530
2023-05-10 21:07:10,CY2309,CY2309,22800.0,0.0,0.0,0.0,4,22800.0,22815.0,3,22810.0,22870.0,22870.0,22800.0,201.0,4589835.0,3530
2023-05-10 21:07:11,CY2309,CY2309,22800.0,0.0,0.0,0.0,2,22805.0,22815.0,2,22810.0,22870.0,22870.0,22800.0,201.0,4589835.0,3530
2023-05-10 21:07:12,CY2309,CY2309,22800.0,0.0,0.0,0.0,1,22810.0,22815.0,1,22810.0,22870.0,22870.0,22800.0,201.0,4589835.0,3530
2023-05-10 21:07:13,CY2309,CY2309,22815.0,1.0,22835.0,1.0,1,22810.0,22815.0,1,22810.0,22870.0,22870.0,22800.0,202.0,4612670.0,3531
2023-05-10 21:07:14,CY2309,CY2309,22815.0,2.0,45670.0,0.0,2,22810.0,22820.0,2,22810.0,22870.0,22870.0,22800.0,204.0,4658340.0,3531
2023-05-10 21:07:14,CY2309,CY2309,22815.0,1.0,22835.0,0.0,2,22810.0,22820.0,2,22810.0,22870.0,22870.0,22800.0,205.0,4681175.0,3531
2023-05-10 21:07:15,CY2309,CY2309,22815.0,0.0,0.0,0.0,1,22815.0,22825.0,3,22810.0,22870.0,22870.0,22800.0,205.0,4681175.0,3531
2023-05-10 21:07:15,CY2309,CY2309,22815.0,0.0,0.0,0.0,1,22815.0,22825.0,2,22810.0,22870.0,22870.0,22800.0,205.0,4681175.0,3531
2023-05-10 21:07:18,CY2309,CY2309,22815.0,0.0,0.0,0.0,2,22810.0,22820.0,2,22810.0,22870.0,22870.0,22800.0,205.0,4681175.0,3531
2023-05-10 21:07:23,CY2309,CY2309,22815.0,0.0,0.0,0.0,1,22810.0,22820.0,2,22810.0,22870.0,22870.0,22800.0,205.0,4681175.0,3531
2023-05-10 21:07:24,CY2309,CY2309,22810.0,1.0,22835.0,-1.0,3,22805.0,22820.0,2,22810.0,22870.0,22870.0,22800.0,206.0,4704010.0,3530
2023-05-10 21:07:24,CY2309,CY2309,22810.0,0.0,0.0,0.0,2,22805.0,22820.0,2,22810.0,22870.0,22870.0,22800.0,206.0,4704010.0,3530
2023-05-10 21:07:25,CY2309,CY2309,22810.0,0.0,0.0,0.0,2,22805.0,22815.0,2,22810.0,22870.0,22870.0,22800.0,206.0,4704010.0,3530
2023-05-10 21:07:25,CY2309,CY2309,22810.0,0.0,0.0,0.0,2,22805.0,22820.0,4,22810.0,22870.0,22870.0,22800.0,206.0,4704010.0,3530
2023-05-10 21:07:26,CY2309,CY2309,22810.0,0.0,0.0,0.0,2,22805.0,22815.0,2,22810.0,22870.0,22870.0,22800.0,206.0,4704010.0,3530
2023-05-10 21:07:31,CY2309,CY2309,22810.0,0.0,0.0,0.0,2,22805.0,22820.0,4,22810.0,22870.0,22870.0,22800.0,206.0,4704010.0,3530
2023-05-10 21:07:31,CY2309,CY2309,22810.0,0.0,0.0,0.0,2,22805.0,22815.0,2,22810.0,22870.0,22870.0,22800.0,206.0,4704010.0,3530
2023-05-10 21:07:32,CY2309,CY2309,22810.0,0.0,0.0,0.0,2,22805.0,22815.0,3,22810.0,22870.0,22870.0,22800.0,206.0,4704010.0,3530
2023-05-10 21:07:32,CY2309,CY2309,22805.0,3.0,68505.0,2.0,1,22805.0,22815.0,4,22810.0,22870.0,22870.0,22800.0,209.0,4772515.0,3532
2023-05-10 21:07:33,CY2309,CY2309,22805.0,0.0,0.0,0.0,1,22805.0,22815.0,5,22810.0,22870.0,22870.0,22800.0,209.0,4772515.0,3532
2023-05-10 21:07:39,CY2309,CY2309,22805.0,1.0,22835.0,-1.0,4,22800.0,22815.0,5,22810.0,22870.0,22870.0,22800.0,210.0,4795350.0,3531
2023-05-10 21:07:40,CY2309,CY2309,22805.0,0.0,0.0,0.0,1,22805.0,22815.0,6,22810.0,22870.0,22870.0,22800.0,210.0,4795350.0,3531
2023-05-10 21:07:45,CY2309,CY2309,22805.0,0.0,0.0,0.0,1,22810.0,22815.0,3,22810.0,22870.0,22870.0,22800.0,210.0,4795350.0,3531
2023-05-10 21:07:45,CY2309,CY2309,22805.0,0.0,0.0,0.0,1,22805.0,22810.0,1,22810.0,22870.0,22870.0,22800.0,210.0,4795350.0,3531
2023-05-10 21:07:55,CY2309,CY2309,22805.0,1.0,22835.0,0.0,2,22800.0,22810.0,2,22810.0,22870.0,22870.0,22800.0,211.0,4818185.0,3531
2023-05-10 21:07:56,CY2309,CY2309,22800.0,2.0,45670.0,0.0,1,22795.0,22805.0,2,22810.0,22870.0,22870.0,22800.0,213.0,4863855.0,3531
2023-05-10 21:07:56,CY2309,CY2309,22800.0,0.0,0.0,0.0,1,22795.0,22805.0,3,22810.0,22870.0,22870.0,22800.0,213.0,4863855.0,3531
2023-05-10 21:07:59,CY2309,CY2309,22800.0,0.0,0.0,0.0,1,22795.0,22805.0,2,22810.0,22870.0,22870.0,22800.0,213.0,4863855.0,3531
2023-05-10 21:08:00,CY2309,CY2309,22800.0,0.0,0.0,0.0,1,22795.0,22805.0,3,22810.0,22870.0,22870.0,22800.0,213.0,4863855.0,3531
2023-05-10 21:08:00,CY2309,CY2309,22800.0,0.0,0.0,0.0,2,22795.0,22810.0,3,22810.0,22870.0,22870.0,22800.0,213.0,4863855.0,3531
2023-05-10 21:08:02,CY2309,CY2309,22800.0,0.0,0.0,0.0,2,22800.0,22810.0,3,22810.0,22870.0,22870.0,22800.0,213.0,4863855.0,3531
2023-05-10 21:08:03,CY2309,CY2309,22800.0,0.0,0.0,0.0,2,22800.0,22810.0,2,22810.0,22870.0,22870.0,22800.0,213.0,4863855.0,3531
2023-05-10 21:08:10,CY2309,CY2309,22790.0,3.0,68505.0,0.0,3,22790.0,22800.0,1,22810.0,22870.0,22870.0,22790.0,216.0,4932360.0,3531
2023-05-10 21:08:10,CY2309,CY2309,22800.0,1.0,22835.0,0.0,3,22790.0,22805.0,6,22810.0,22870.0,22870.0,22790.0,217.0,4955195.0,3531
2023-05-10 21:08:10,CY2309,CY2309,22800.0,0.0,0.0,0.0,3,22790.0,22805.0,5,22810.0,22870.0,22870.0,22790.0,217.0,4955195.0,3531
2023-05-10 21:08:13,CY2309,CY2309,22800.0,0.0,0.0,0.0,4,22785.0,22795.0,1,22810.0,22870.0,22870.0,22790.0,217.0,4955195.0,3531
2023-05-10 21:08:13,CY2309,CY2309,22800.0,0.0,0.0,0.0,3,22785.0,22795.0,1,22810.0,22870.0,22870.0,22790.0,217.0,4955195.0,3531
2023-05-10 21:08:16,CY2309,CY2309,22795.0,1.0,22835.0,0.0,4,22790.0,22800.0,1,22810.0,22870.0,22870.0,22790.0,218.0,4978030.0,3531
2023-05-10 21:08:17,CY2309,CY2309,22800.0,1.0,22835.0,-1.0,1,22795.0,22805.0,2,22810.0,22870.0,22870.0,22790.0,219.0,5000865.0,3530
2023-05-10 21:08:19,CY2309,CY2309,22795.0,1.0,22835.0,0.0,2,22790.0,22800.0,1,22810.0,22870.0,22870.0,22790.0,220.0,5023700.0,3530
2023-05-10 21:08:19,CY2309,CY2309,22795.0,0.0,0.0,0.0,4,22790.0,22805.0,2,22810.0,22870.0,22870.0,22790.0,220.0,5023700.0,3530
2023-05-10 21:08:20,CY2309,CY2309,22795.0,0.0,0.0,0.0,5,22790.0,22805.0,2,22810.0,22870.0,22870.0,22790.0,220.0,5023700.0,3530
2023-05-10 21:08:21,CY2309,CY2309,22795.0,0.0,0.0,0.0,5,22790.0,22805.0,4,22810.0,22870.0,22870.0,22790.0,220.0,5023700.0,3530
2023-05-10 21:08:25,CY2309,CY2309,22795.0,0.0,0.0,0.0,3,22790.0,22800.0,1,22810.0,22870.0,22870.0,22790.0,220.0,5023700.0,3530
2023-05-10 21:08:33,CY2309,CY2309,22795.0,0.0,0.0,0.0,4,22790.0,22805.0,2,22810.0,22870.0,22870.0,22790.0,220.0,5023700.0,3530
2023-05-10 21:08:34,CY2309,CY2309,22795.0,0.0,0.0,0.0,3,22790.0,22800.0,1,22810.0,22870.0,22870.0,22790.0,220.0,5023700.0,3530
2023-05-10 21:08:36,CY2309,CY2309,22795.0,0.0,0.0,0.0,4,22790.0,22805.0,2,22810.0,22870.0,22870.0,22790.0,220.0,5023700.0,3530
2023-05-10 21:08:41,CY2309,CY2309,22795.0,0.0,0.0,0.0,1,22795.0,22805.0,2,22810.0,22870.0,22870.0,22790.0,220.0,5023700.0,3530
2023-05-10 21:08:43,CY2309,CY2309,22795.0,0.0,0.0,0.0,1,22795.0,22800.0,1,22810.0,22870.0,22870.0,22790.0,220.0,5023700.0,3530
2023-05-10 21:08:44,CY2309,CY2309,22795.0,0.0,0.0,0.0,1,22795.0,22805.0,2,22810.0,22870.0,22870.0,22790.0,220.0,5023700.0,3530
2023-05-10 21:08:45,CY2309,CY2309,22795.0,0.0,0.0,0.0,2,22795.0,22805.0,2,22810.0,22870.0,22870.0,22790.0,220.0,5023700.0,3530
2023-05-10 21:08:47,CY2309,CY2309,22795.0,0.0,0.0,0.0,2,22795.0,22800.0,1,22810.0,22870.0,22870.0,22790.0,220.0,5023700.0,3530
2023-05-10 21:08:47,CY2309,CY2309,22795.0,0.0,0.0,0.0,1,22795.0,22800.0,1,22810.0,22870.0,22870.0,22790.0,220.0,5023700.0,3530
2023-05-10 21:08:48,CY2309,CY2309,22795.0,1.0,22835.0,0.0,3,22790.0,22800.0,1,22810.0,22870.0,22870.0,22790.0,221.0,5046535.0,3530
2023-05-10 21:08:50,CY2309,CY2309,22795.0,0.0,0.0,0.0,4,22790.0,22800.0,1,22810.0,22870.0,22870.0,22790.0,221.0,5046535.0,3530
2023-05-10 21:08:53,CY2309,CY2309,22795.0,0.0,0.0,0.0,2,22795.0,22800.0,1,22810.0,22870.0,22870.0,22790.0,221.0,5046535.0,3530
2023-05-10 21:08:55,CY2309,CY2309,22800.0,1.0,22835.0,0.0,3,22795.0,22805.0,1,22810.0,22870.0,22870.0,22790.0,222.0,5069370.0,3530
2023-05-10 21:09:02,CY2309,CY2309,22800.0,0.0,0.0,0.0,3,22795.0,22800.0,1,22810.0,22870.0,22870.0,22790.0,222.0,5069370.0,3530
2023-05-10 21:09:02,CY2309,CY2309,22800.0,0.0,0.0,0.0,2,22795.0,22800.0,1,22810.0,22870.0,22870.0,22790.0,222.0,5069370.0,3530
2023-05-10 21:09:07,CY2309,CY2309,22795.0,2.0,45670.0,0.0,3,22790.0,22795.0,1,22810.0,22870.0,22870.0,22790.0,224.0,5115040.0,3530
2023-05-10 21:09:08,CY2309,CY2309,22790.0,2.0,45670.0,-2.0,3,22780.0,22795.0,4,22810.0,22870.0,22870.0,22790.0,226.0,5160710.0,3528
2023-05-10 21:09:08,CY2309,CY2309,22790.0,0.0,0.0,0.0,4,22780.0,22795.0,4,22810.0,22870.0,22870.0,22790.0,226.0,5160710.0,3528
2023-05-10 21:09:19,CY2309,CY2309,22790.0,0.0,0.0,0.0,3,22780.0,22795.0,4,22810.0,22870.0,22870.0,22790.0,226.0,5160710.0,3528
2023-05-10 21:09:19,CY2309,CY2309,22790.0,0.0,0.0,0.0,4,22780.0,22795.0,4,22810.0,22870.0,22870.0,22790.0,226.0,5160710.0,3528
2023-05-10 21:09:20,CY2309,CY2309,22790.0,0.0,0.0,0.0,3,22780.0,22790.0,2,22810.0,22870.0,22870.0,22790.0,226.0,5160710.0,3528
2023-05-10 21:09:20,CY2309,CY2309,22790.0,0.0,0.0,0.0,2,22780.0,22785.0,1,22810.0,22870.0,22870.0,22790.0,226.0,5160710.0,3528
2023-05-10 21:09:21,CY2309,CY2309,22780.0,2.0,44530.0,0.0,1,22775.0,22785.0,1,22810.0,22870.0,22870.0,22780.0,228.0,5205240.0,3528
2023-05-10 21:09:21,CY2309,CY2309,22780.0,0.0,0.0,0.0,2,22775.0,22790.0,3,22810.0,22870.0,22870.0,22780.0,228.0,5205240.0,3528
2023-05-10 21:09:22,CY2309,CY2309,22780.0,0.0,0.0,0.0,2,22780.0,22790.0,1,22810.0,22870.0,22870.0,22780.0,228.0,5205240.0,3528
2023-05-10 21:09:24,CY2309,CY2309,22780.0,0.0,0.0,0.0,1,22780.0,22790.0,2,22810.0,22870.0,22870.0,22780.0,228.0,5205240.0,3528
2023-05-10 21:09:29,CY2309,CY2309,22780.0,0.0,0.0,0.0,2,22780.0,22790.0,1,22810.0,22870.0,22870.0,22780.0,228.0,5205240.0,3528
2023-05-10 21:09:30,CY2309,CY2309,22790.0,1.0,22830.0,0.0,2,22780.0,22795.0,2,22810.0,22870.0,22870.0,22780.0,229.0,5228070.0,3528
2023-05-10 21:09:35,CY2309,CY2309,22790.0,0.0,0.0,0.0,3,22780.0,22795.0,2,22810.0,22870.0,22870.0,22780.0,229.0,5228070.0,3528
2023-05-10 21:09:36,CY2309,CY2309,22790.0,0.0,0.0,0.0,3,22780.0,22795.0,3,22810.0,22870.0,22870.0,22780.0,229.0,5228070.0,3528
2023-05-10 21:09:38,CY2309,CY2309,22790.0,0.0,0.0,0.0,3,22780.0,22795.0,2,22810.0,22870.0,22870.0,22780.0,229.0,5228070.0,3528
2023-05-10 21:09:39,CY2309,CY2309,22790.0,0.0,0.0,0.0,3,22780.0,22795.0,3,22810.0,22870.0,22870.0,22780.0,229.0,5228070.0,3528
2023-05-10 21:09:40,CY2309,CY2309,22790.0,0.0,0.0,0.0,2,22780.0,22790.0,2,22810.0,22870.0,22870.0,22780.0,229.0,5228070.0,3528
2023-05-10 21:09:41,CY2309,CY2309,22790.0,0.0,0.0,0.0,3,22780.0,22790.0,2,22810.0,22870.0,22870.0,22780.0,229.0,5228070.0,3528
2023-05-10 21:09:42,CY2309,CY2309,22790.0,0.0,0.0,0.0,3,22780.0,22790.0,1,22810.0,22870.0,22870.0,22780.0,229.0,5228070.0,3528
2023-05-10 21:09:43,CY2309,CY2309,22790.0,0.0,0.0,0.0,4,22780.0,22795.0,2,22810.0,22870.0,22870.0,22780.0,229.0,5228070.0,3528
2023-05-10 21:09:48,CY2309,CY2309,22790.0,0.0,0.0,0.0,3,22780.0,22790.0,1,22810.0,22870.0,22870.0,22780.0,229.0,5228070.0,3528
2023-05-10 21:09:49,CY2309,CY2309,22790.0,0.0,0.0,0.0,3,22780.0,22790.0,2,22810.0,22870.0,22870.0,22780.0,229.0,5228070.0,3528
2023-05-10 21:09:52,CY2309,CY2309,22790.0,1.0,22830.0,0.0,3,22780.0,22790.0,3,22810.0,22870.0,22870.0,22780.0,230.0,5250900.0,3528
2023-05-10 21:09:52,CY2309,CY2309,22790.0,0.0,0.0,0.0,3,22780.0,22790.0,2,22810.0,22870.0,22870.0,22780.0,230.0,5250900.0,3528
2023-05-10 21:09:53,CY2309,CY2309,22790.0,0.0,0.0,0.0,4,22780.0,22790.0,2,22810.0,22870.0,22870.0,22780.0,230.0,5250900.0,3528
2023-05-10 21:09:57,CY2309,CY2309,22790.0,0.0,0.0,0.0,5,22780.0,22790.0,2,22810.0,22870.0,22870.0,22780.0,230.0,5250900.0,3528
2023-05-10 21:10:02,CY2309,CY2309,22790.0,2.0,45660.0,2.0,5,22780.0,22790.0,1,22810.0,22870.0,22870.0,22780.0,232.0,5296560.0,3530
2023-05-10 21:10:04,CY2309,CY2309,22790.0,1.0,22830.0,1.0,1,22785.0,22795.0,3,22810.0,22870.0,22870.0,22780.0,233.0,5319390.0,3531
2023-05-10 21:10:04,CY2309,CY2309,22790.0,0.0,0.0,0.0,3,22785.0,22795.0,1,22810.0,22870.0,22870.0,22780.0,233.0,5319390.0,3531
2023-05-10 21:10:06,CY2309,CY2309,22785.0,5.0,114150.0,3.0,3,22785.0,22795.0,1,22810.0,22870.0,22870.0,22780.0,238.0,5433540.0,3534
2023-05-10 21:10:06,CY2309,CY2309,22795.0,1.0,22830.0,1.0,2,22790.0,22800.0,2,22810.0,22870.0,22870.0,22780.0,239.0,5456370.0,3535
2023-05-10 21:10:07,CY2309,CY2309,22795.0,0.0,0.0,0.0,2,22790.0,22805.0,5,22810.0,22870.0,22870.0,22780.0,239.0,5456370.0,3535
2023-05-10 21:10:10,CY2309,CY2309,22795.0,0.0,0.0,0.0,2,22790.0,22800.0,5,22810.0,22870.0,22870.0,22780.0,239.0,5456370.0,3535
2023-05-10 21:10:11,CY2309,CY2309,22795.0,0.0,0.0,0.0,2,22790.0,22800.0,6,22810.0,22870.0,22870.0,22780.0,239.0,5456370.0,3535
2023-05-10 21:10:12,CY2309,CY2309,22795.0,0.0,0.0,0.0,2,22790.0,22800.0,5,22810.0,22870.0,22870.0,22780.0,239.0,5456370.0,3535
2023-05-10 21:10:18,CY2309,CY2309,22800.0,3.0,68490.0,0.0,2,22800.0,22805.0,2,22810.0,22870.0,22870.0,22780.0,242.0,5524860.0,3535
2023-05-10 21:10:19,CY2309,CY2309,22800.0,4.0,91320.0,2.0,1,22795.0,22810.0,4,22810.0,22870.0,22870.0,22780.0,246.0,5616180.0,3537
2023-05-10 21:10:19,CY2309,CY2309,22800.0,0.0,0.0,0.0,3,22795.0,22810.0,4,22810.0,22870.0,22870.0,22780.0,246.0,5616180.0,3537
2023-05-10 21:10:20,CY2309,CY2309,22800.0,0.0,0.0,0.0,1,22795.0,22805.0,7,22810.0,22870.0,22870.0,22780.0,246.0,5616180.0,3537
2023-05-10 21:10:27,CY2309,CY2309,22795.0,1.0,22830.0,0.0,4,22785.0,22800.0,2,22810.0,22870.0,22870.0,22780.0,247.0,5639010.0,3537
2023-05-10 21:10:27,CY2309,CY2309,22795.0,0.0,0.0,0.0,3,22785.0,22795.0,1,22810.0,22870.0,22870.0,22780.0,247.0,5639010.0,3537
2023-05-10 21:10:29,CY2309,CY2309,22795.0,0.0,0.0,0.0,1,22790.0,22795.0,1,22810.0,22870.0,22870.0,22780.0,247.0,5639010.0,3537
2023-05-10 21:10:29,CY2309,CY2309,22795.0,1.0,22830.0,0.0,1,22790.0,22800.0,2,22810.0,22870.0,22870.0,22780.0,248.0,5661840.0,3537
2023-05-10 21:10:30,CY2309,CY2309,22795.0,0.0,0.0,0.0,1,22790.0,22795.0,1,22810.0,22870.0,22870.0,22780.0,248.0,5661840.0,3537
2023-05-10 21:10:31,CY2309,CY2309,22795.0,0.0,0.0,0.0,2,22790.0,22805.0,3,22810.0,22870.0,22870.0,22780.0,248.0,5661840.0,3537
2023-05-10 21:10:31,CY2309,CY2309,22795.0,0.0,0.0,0.0,2,22790.0,22800.0,2,22810.0,22870.0,22870.0,22780.0,248.0,5661840.0,3537
2023-05-10 21:10:32,CY2309,CY2309,22795.0,0.0,0.0,0.0,3,22785.0,22795.0,1,22810.0,22870.0,22870.0,22780.0,248.0,5661840.0,3537
2023-05-10 21:10:33,CY2309,CY2309,22795.0,0.0,0.0,0.0,2,22790.0,22800.0,4,22810.0,22870.0,22870.0,22780.0,248.0,5661840.0,3537
2023-05-10 21:10:34,CY2309,CY2309,22795.0,0.0,0.0,0.0,2,22790.0,22805.0,3,22810.0,22870.0,22870.0,22780.0,248.0,5661840.0,3537
2023-05-10 21:10:37,CY2309,CY2309,22795.0,0.0,0.0,0.0,1,22795.0,22805.0,1,22810.0,22870.0,22870.0,22780.0,248.0,5661840.0,3537
2023-05-10 21:10:37,CY2309,CY2309,22795.0,0.0,0.0,0.0,2,22795.0,22810.0,4,22810.0,22870.0,22870.0,22780.0,248.0,5661840.0,3537
2023-05-10 21:10:42,CY2309,CY2309,22795.0,0.0,0.0,0.0,1,22795.0,22805.0,2,22810.0,22870.0,22870.0,22780.0,248.0,5661840.0,3537
2023-05-10 21:10:42,CY2309,CY2309,22795.0,0.0,0.0,0.0,2,22790.0,22805.0,2,22810.0,22870.0,22870.0,22780.0,248.0,5661840.0,3537
2023-05-10 21:10:53,CY2309,CY2309,22795.0,0.0,0.0,0.0,1,22790.0,22800.0,4,22810.0,22870.0,22870.0,22780.0,248.0,5661840.0,3537
2023-05-10 21:10:54,CY2309,CY2309,22795.0,0.0,0.0,0.0,2,22785.0,22795.0,1,22810.0,22870.0,22870.0,22780.0,248.0,5661840.0,3537
2023-05-10 21:10:54,CY2309,CY2309,22795.0,0.0,0.0,0.0,1,22790.0,22795.0,2,22810.0,22870.0,22870.0,22780.0,248.0,5661840.0,3537
2023-05-10 21:10:55,CY2309,CY2309,22790.0,1.0,22830.0,0.0,1,22785.0,22790.0,1,22810.0,22870.0,22870.0,22780.0,249.0,5684670.0,3537
2023-05-10 21:10:56,CY2309,CY2309,22790.0,1.0,22830.0,0.0,1,22785.0,22795.0,3,22810.0,22870.0,22870.0,22780.0,250.0,5707500.0,3537
2023-05-10 21:10:56,CY2309,CY2309,22790.0,0.0,0.0,0.0,1,22785.0,22795.0,4,22810.0,22870.0,22870.0,22780.0,250.0,5707500.0,3537
2023-05-10 21:10:58,CY2309,CY2309,22790.0,0.0,0.0,0.0,1,22790.0,22795.0,2,22810.0,22870.0,22870.0,22780.0,250.0,5707500.0,3537
2023-05-10 21:10:59,CY2309,CY2309,22795.0,1.0,22830.0,1.0,2,22790.0,22800.0,3,22810.0,22870.0,22870.0,22780.0,251.0,5730330.0,3538
2023-05-10 21:10:59,CY2309,CY2309,22795.0,0.0,0.0,0.0,2,22790.0,22800.0,2,22810.0,22870.0,22870.0,22780.0,251.0,5730330.0,3538
2023-05-10 21:11:00,CY2309,CY2309,22795.0,0.0,0.0,0.0,2,22785.0,22795.0,3,22810.0,22870.0,22870.0,22780.0,251.0,5730330.0,3538
2023-05-10 21:11:05,CY2309,CY2309,22795.0,0.0,0.0,0.0,1,22790.0,22795.0,1,22810.0,22870.0,22870.0,22780.0,251.0,5730330.0,3538
2023-05-10 21:11:05,CY2309,CY2309,22795.0,0.0,0.0,0.0,2,22790.0,22800.0,3,22810.0,22870.0,22870.0,22780.0,251.0,5730330.0,3538
2023-05-10 21:11:17,CY2309,CY2309,22790.0,1.0,22830.0,0.0,2,22785.0,22795.0,3,22810.0,22870.0,22870.0,22780.0,252.0,5753160.0,3538
2023-05-10 21:11:17,CY2309,CY2309,22790.0,0.0,0.0,0.0,1,22785.0,22795.0,3,22810.0,22870.0,22870.0,22780.0,252.0,5753160.0,3538
2023-05-10 21:11:21,CY2309,CY2309,22790.0,0.0,0.0,0.0,1,22790.0,22795.0,1,22810.0,22870.0,22870.0,22780.0,252.0,5753160.0,3538
2023-05-10 21:11:26,CY2309,CY2309,22790.0,1.0,22830.0,0.0,2,22790.0,22795.0,1,22810.0,22870.0,22870.0,22780.0,253.0,5775990.0,3538
2023-05-10 21:11:27,CY2309,CY2309,22795.0,1.0,22830.0,1.0,2,22790.0,22800.0,3,22810.0,22870.0,22870.0,22780.0,254.0,5798820.0,3539
2023-05-10 21:11:29,CY2309,CY2309,22795.0,0.0,0.0,0.0,2,22790.0,22795.0,1,22810.0,22870.0,22870.0,22780.0,254.0,5798820.0,3539
2023-05-10 21:11:30,CY2309,CY2309,22795.0,1.0,22830.0,-1.0,3,22790.0,22800.0,3,22810.0,22870.0,22870.0,22780.0,255.0,5821650.0,3538
2023-05-10 21:11:48,CY2309,CY2309,22790.0,1.0,22830.0,0.0,2,22785.0,22790.0,1,22810.0,22870.0,22870.0,22780.0,256.0,5844480.0,3538
2023-05-10 21:11:48,CY2309,CY2309,22785.0,1.0,22830.0,0.0,2,22785.0,22795.0,3,22810.0,22870.0,22870.0,22780.0,257.0,5867310.0,3538
2023-05-10 21:11:48,CY2309,CY2309,22785.0,0.0,0.0,0.0,3,22785.0,22795.0,3,22810.0,22870.0,22870.0,22780.0,257.0,5867310.0,3538
2023-05-10 21:11:51,CY2309,CY2309,22785.0,0.0,0.0,0.0,3,22780.0,22790.0,2,22810.0,22870.0,22870.0,22780.0,257.0,5867310.0,3538
2023-05-10 21:11:51,CY2309,CY2309,22785.0,0.0,0.0,0.0,3,22780.0,22790.0,3,22810.0,22870.0,22870.0,22780.0,257.0,5867310.0,3538
2023-05-10 21:11:53,CY2309,CY2309,22785.0,0.0,0.0,0.0,8,22780.0,22790.0,3,22810.0,22870.0,22870.0,22780.0,257.0,5867310.0,3538
2023-05-10 21:11:54,CY2309,CY2309,22785.0,0.0,0.0,0.0,9,22780.0,22790.0,3,22810.0,22870.0,22870.0,22780.0,257.0,5867310.0,3538
2023-05-10 21:11:55,CY2309,CY2309,22785.0,0.0,0.0,0.0,7,22780.0,22785.0,1,22810.0,22870.0,22870.0,22780.0,257.0,5867310.0,3538
2023-05-10 21:11:56,CY2309,CY2309,22780.0,6.0,135665.0,2.0,2,22770.0,22780.0,4,22810.0,22870.0,22870.0,22780.0,263.0,6002975.0,3540
2023-05-10 21:11:56,CY2309,CY2309,22780.0,5.0,114125.0,4.0,2,22775.0,22785.0,3,22810.0,22870.0,22870.0,22780.0,268.0,6117100.0,3544
2023-05-10 21:11:56,CY2309,CY2309,22780.0,0.0,0.0,0.0,2,22775.0,22785.0,2,22810.0,22870.0,22870.0,22780.0,268.0,6117100.0,3544
2023-05-10 21:11:58,CY2309,CY2309,22780.0,0.0,0.0,0.0,4,22770.0,22780.0,1,22810.0,22870.0,22870.0,22780.0,268.0,6117100.0,3544
2023-05-10 21:11:58,CY2309,CY2309,22780.0,0.0,0.0,0.0,2,22775.0,22780.0,1,22810.0,22870.0,22870.0,22780.0,268.0,6117100.0,3544
2023-05-10 21:11:58,CY2309,CY2309,22780.0,0.0,0.0,0.0,4,22770.0,22780.0,1,22810.0,22870.0,22870.0,22780.0,268.0,6117100.0,3544
2023-05-10 21:12:00,CY2309,CY2309,22780.0,0.0,0.0,0.0,4,22770.0,22785.0,4,22810.0,22870.0,22870.0,22780.0,268.0,6117100.0,3544
2023-05-10 21:12:00,CY2309,CY2309,22780.0,0.0,0.0,0.0,3,22770.0,22785.0,4,22810.0,22870.0,22870.0,22780.0,268.0,6117100.0,3544
2023-05-10 21:12:02,CY2309,CY2309,22780.0,0.0,0.0,0.0,5,22775.0,22785.0,1,22810.0,22870.0,22870.0,22780.0,268.0,6117100.0,3544
2023-05-10 21:12:09,CY2309,CY2309,22780.0,2.0,45650.0,1.0,2,22780.0,22795.0,5,22810.0,22870.0,22870.0,22780.0,270.0,6162750.0,3545
2023-05-10 21:12:10,CY2309,CY2309,22780.0,0.0,0.0,0.0,2,22780.0,22790.0,1,22810.0,22870.0,22870.0,22780.0,270.0,6162750.0,3545
2023-05-10 21:12:12,CY2309,CY2309,22780.0,0.0,0.0,0.0,3,22780.0,22790.0,1,22810.0,22870.0,22870.0,22780.0,270.0,6162750.0,3545
2023-05-10 21:12:14,CY2309,CY2309,22780.0,0.0,0.0,0.0,2,22780.0,22790.0,1,22810.0,22870.0,22870.0,22780.0,270.0,6162750.0,3545
2023-05-10 21:12:16,CY2309,CY2309,22780.0,0.0,0.0,0.0,1,22785.0,22790.0,1,22810.0,22870.0,22870.0,22780.0,270.0,6162750.0,3545
2023-05-10 21:12:16,CY2309,CY2309,22780.0,1.0,22825.0,0.0,2,22780.0,22790.0,1,22810.0,22870.0,22870.0,22780.0,271.0,6185575.0,3545
2023-05-10 21:12:18,CY2309,CY2309,22780.0,0.0,0.0,0.0,2,22790.0,22795.0,3,22810.0,22870.0,22870.0,22780.0,271.0,6185575.0,3545
2023-05-10 21:12:19,CY2309,CY2309,22780.0,0.0,0.0,0.0,1,22790.0,22795.0,3,22810.0,22870.0,22870.0,22780.0,271.0,6185575.0,3545
2023-05-10 21:12:19,CY2309,CY2309,22790.0,1.0,22825.0,-1.0,2,22785.0,22795.0,3,22810.0,22870.0,22870.0,22780.0,272.0,6208400.0,3544
2023-05-10 21:12:24,CY2309,CY2309,22785.0,1.0,22825.0,0.0,3,22780.0,22790.0,2,22810.0,22870.0,22870.0,22780.0,273.0,6231225.0,3544
2023-05-10 21:12:24,CY2309,CY2309,22785.0,0.0,0.0,0.0,1,22780.0,22790.0,2,22810.0,22870.0,22870.0,22780.0,273.0,6231225.0,3544
2023-05-10 21:12:27,CY2309,CY2309,22785.0,0.0,0.0,0.0,1,22780.0,22790.0,1,22810.0,22870.0,22870.0,22780.0,273.0,6231225.0,3544
2023-05-10 21:12:27,CY2309,CY2309,22785.0,0.0,0.0,0.0,2,22775.0,22785.0,1,22810.0,22870.0,22870.0,22780.0,273.0,6231225.0,3544
2023-05-10 21:12:28,CY2309,CY2309,22785.0,0.0,0.0,0.0,1,22775.0,22785.0,1,22810.0,22870.0,22870.0,22780.0,273.0,6231225.0,3544
2023-05-10 21:12:30,CY2309,CY2309,22785.0,0.0,0.0,0.0,1,22780.0,22790.0,2,22810.0,22870.0,22870.0,22780.0,273.0,6231225.0,3544
2023-05-10 21:12:30,CY2309,CY2309,22785.0,0.0,0.0,0.0,2,22775.0,22785.0,1,22810.0,22870.0,22870.0,22780.0,273.0,6231225.0,3544
2023-05-10 21:12:32,CY2309,CY2309,22785.0,0.0,0.0,0.0,1,22780.0,22790.0,1,22810.0,22870.0,22870.0,22780.0,273.0,6231225.0,3544
2023-05-10 21:12:32,CY2309,CY2309,22785.0,0.0,0.0,0.0,2,22775.0,22785.0,1,22810.0,22870.0,22870.0,22780.0,273.0,6231225.0,3544
2023-05-10 21:12:33,CY2309,CY2309,22785.0,0.0,0.0,0.0,1,22780.0,22785.0,1,22810.0,22870.0,22870.0,22780.0,273.0,6231225.0,3544
2023-05-10 21:12:33,CY2309,CY2309,22785.0,0.0,0.0,0.0,2,22780.0,22795.0,5,22810.0,22870.0,22870.0,22780.0,273.0,6231225.0,3544
2023-05-10 21:12:37,CY2309,CY2309,22785.0,0.0,0.0,0.0,1,22780.0,22790.0,2,22810.0,22870.0,22870.0,22780.0,273.0,6231225.0,3544
2023-05-10 21:12:37,CY2309,CY2309,22785.0,0.0,0.0,0.0,2,22775.0,22785.0,1,22810.0,22870.0,22870.0,22780.0,273.0,6231225.0,3544
2023-05-10 21:12:45,CY2309,CY2309,22785.0,0.0,0.0,0.0,1,22770.0,22780.0,1,22810.0,22870.0,22870.0,22780.0,273.0,6231225.0,3544
2023-05-10 21:12:46,CY2309,CY2309,22785.0,0.0,0.0,0.0,1,22775.0,22785.0,1,22810.0,22870.0,22870.0,22780.0,273.0,6231225.0,3544
2023-05-10 21:12:53,CY2309,CY2309,22785.0,0.0,0.0,0.0,1,22780.0,22795.0,5,22810.0,22870.0,22870.0,22780.0,273.0,6231225.0,3544
2023-05-10 21:12:53,CY2309,CY2309,22785.0,0.0,0.0,0.0,1,22775.0,22785.0,1,22810.0,22870.0,22870.0,22780.0,273.0,6231225.0,3544
2023-05-10 21:12:55,CY2309,CY2309,22785.0,0.0,0.0,0.0,1,22775.0,22790.0,4,22810.0,22870.0,22870.0,22780.0,273.0,6231225.0,3544
2023-05-10 21:12:55,CY2309,CY2309,22785.0,0.0,0.0,0.0,2,22780.0,22790.0,4,22810.0,22870.0,22870.0,22780.0,273.0,6231225.0,3544
2023-05-10 21:12:55,CY2309,CY2309,22785.0,0.0,0.0,0.0,2,22780.0,22790.0,3,22810.0,22870.0,22870.0,22780.0,273.0,6231225.0,3544
2023-05-10 21:13:06,CY2309,CY2309,22785.0,0.0,0.0,0.0,1,22780.0,22790.0,3,22810.0,22870.0,22870.0,22780.0,273.0,6231225.0,3544
2023-05-10 21:13:06,CY2309,CY2309,22785.0,0.0,0.0,0.0,1,22780.0,22785.0,1,22810.0,22870.0,22870.0,22780.0,273.0,6231225.0,3544
2023-05-10 21:13:06,CY2309,CY2309,22785.0,0.0,0.0,0.0,1,22775.0,22785.0,1,22810.0,22870.0,22870.0,22780.0,273.0,6231225.0,3544
2023-05-10 21:13:08,CY2309,CY2309,22785.0,0.0,0.0,0.0,1,22775.0,22785.0,2,22810.0,22870.0,22870.0,22780.0,273.0,6231225.0,3544
2023-05-10 21:13:23,CY2309,CY2309,22785.0,0.0,0.0,0.0,2,22770.0,22780.0,3,22810.0,22870.0,22870.0,22780.0,273.0,6231225.0,3544
2023-05-10 21:13:23,CY2309,CY2309,22785.0,0.0,0.0,0.0,1,22775.0,22780.0,2,22810.0,22870.0,22870.0,22780.0,273.0,6231225.0,3544
2023-05-10 21:13:24,CY2309,CY2309,22785.0,0.0,0.0,0.0,1,22770.0,22780.0,2,22810.0,22870.0,22870.0,22780.0,273.0,6231225.0,3544
2023-05-10 21:13:30,CY2309,CY2309,22785.0,0.0,0.0,0.0,2,22765.0,22775.0,1,22810.0,22870.0,22870.0,22780.0,273.0,6231225.0,3544
2023-05-10 21:13:30,CY2309,CY2309,22770.0,1.0,22825.0,-1.0,6,22770.0,22780.0,3,22810.0,22870.0,22870.0,22770.0,274.0,6254050.0,3543
2023-05-10 21:13:30,CY2309,CY2309,22770.0,0.0,0.0,0.0,6,22770.0,22780.0,2,22810.0,22870.0,22870.0,22770.0,274.0,6254050.0,3543
2023-05-10 21:13:31,CY2309,CY2309,22770.0,0.0,0.0,0.0,7,22770.0,22780.0,2,22810.0,22870.0,22870.0,22770.0,274.0,6254050.0,3543
2023-05-10 21:13:38,CY2309,CY2309,22780.0,2.0,45650.0,1.0,7,22770.0,22780.0,3,22810.0,22870.0,22870.0,22770.0,276.0,6299700.0,3544
2023-05-10 21:13:40,CY2309,CY2309,22780.0,1.0,22825.0,0.0,4,22775.0,22785.0,3,22810.0,22870.0,22870.0,22770.0,277.0,6322525.0,3544
2023-05-10 21:13:40,CY2309,CY2309,22780.0,0.0,0.0,0.0,3,22775.0,22780.0,2,22810.0,22870.0,22870.0,22770.0,277.0,6322525.0,3544
2023-05-10 21:13:41,CY2309,CY2309,22775.0,2.0,45650.0,0.0,1,22775.0,22780.0,1,22810.0,22870.0,22870.0,22770.0,279.0,6368175.0,3544
2023-05-10 21:13:41,CY2309,CY2309,22775.0,1.0,22825.0,-1.0,7,22770.0,22780.0,1,22810.0,22870.0,22870.0,22770.0,280.0,6391000.0,3543
2023-05-10 21:13:45,CY2309,CY2309,22775.0,1.0,22825.0,1.0,7,22770.0,22780.0,2,22810.0,22870.0,22870.0,22770.0,281.0,6413825.0,3544
2023-05-10 21:13:46,CY2309,CY2309,22775.0,0.0,0.0,0.0,5,22770.0,22775.0,5,22810.0,22870.0,22870.0,22770.0,281.0,6413825.0,3544
2023-05-10 21:13:48,CY2309,CY2309,22770.0,5.0,114125.0,0.0,2,22765.0,22775.0,5,22810.0,22870.0,22870.0,22770.0,286.0,6527950.0,3544
2023-05-10 21:13:49,CY2309,CY2309,22770.0,0.0,0.0,0.0,1,22770.0,22775.0,3,22810.0,22870.0,22870.0,22770.0,286.0,6527950.0,3544
2023-05-10 21:13:51,CY2309,CY2309,22775.0,2.0,44210.0,1.0,1,22770.0,22775.0,1,22810.0,22870.0,22870.0,22770.0,288.0,6572160.0,3545
2023-05-10 21:13:51,CY2309,CY2309,22775.0,0.0,0.0,0.0,1,22770.0,22780.0,2,22810.0,22870.0,22870.0,22770.0,288.0,6572160.0,3545
2023-05-10 21:13:53,CY2309,CY2309,22775.0,0.0,0.0,0.0,4,22765.0,22775.0,2,22810.0,22870.0,22870.0,22770.0,288.0,6572160.0,3545
2023-05-10 21:13:54,CY2309,CY2309,22775.0,0.0,0.0,0.0,1,22770.0,22780.0,3,22810.0,22870.0,22870.0,22770.0,288.0,6572160.0,3545
2023-05-10 21:13:54,CY2309,CY2309,22775.0,0.0,0.0,0.0,2,22770.0,22780.0,2,22810.0,22870.0,22870.0,22770.0,288.0,6572160.0,3545
2023-05-10 21:13:56,CY2309,CY2309,22770.0,1.0,22820.0,0.0,2,22770.0,22780.0,2,22810.0,22870.0,22870.0,22770.0,289.0,6594980.0,3545
2023-05-10 21:14:04,CY2309,CY2309,22770.0,0.0,0.0,0.0,1,22775.0,22785.0,4,22810.0,22870.0,22870.0,22770.0,289.0,6594980.0,3545
2023-05-10 21:14:04,CY2309,CY2309,22770.0,0.0,0.0,0.0,1,22775.0,22785.0,3,22810.0,22870.0,22870.0,22770.0,289.0,6594980.0,3545
2023-05-10 21:14:09,CY2309,CY2309,22770.0,0.0,0.0,0.0,1,22780.0,22785.0,1,22810.0,22870.0,22870.0,22770.0,289.0,6594980.0,3545
2023-05-10 21:14:09,CY2309,CY2309,22785.0,1.0,22820.0,-1.0,2,22780.0,22790.0,7,22810.0,22870.0,22870.0,22770.0,290.0,6617800.0,3544
2023-05-10 21:14:09,CY2309,CY2309,22785.0,0.0,0.0,0.0,1,22785.0,22790.0,7,22810.0,22870.0,22870.0,22770.0,290.0,6617800.0,3544
2023-05-10 21:14:10,CY2309,CY2309,22785.0,1.0,22820.0,0.0,1,22780.0,22790.0,6,22810.0,22870.0,22870.0,22770.0,291.0,6640620.0,3544
2023-05-10 21:14:11,CY2309,CY2309,22785.0,0.0,0.0,0.0,3,22780.0,22790.0,6,22810.0,22870.0,22870.0,22770.0,291.0,6640620.0,3544
2023-05-10 21:14:16,CY2309,CY2309,22790.0,5.0,114100.0,0.0,5,22785.0,22795.0,1,22810.0,22870.0,22870.0,22770.0,296.0,6754720.0,3544
2023-05-10 21:14:17,CY2309,CY2309,22795.0,2.0,45640.0,0.0,6,22785.0,22800.0,2,22810.0,22870.0,22870.0,22770.0,298.0,6800360.0,3544
2023-05-10 21:14:18,CY2309,CY2309,22795.0,0.0,0.0,0.0,6,22785.0,22795.0,1,22810.0,22870.0,22870.0,22770.0,298.0,6800360.0,3544
2023-05-10 21:14:18,CY2309,CY2309,22795.0,0.0,0.0,0.0,6,22785.0,22800.0,2,22810.0,22870.0,22870.0,22770.0,298.0,6800360.0,3544
2023-05-10 21:14:20,CY2309,CY2309,22795.0,0.0,0.0,0.0,6,22785.0,22795.0,1,22810.0,22870.0,22870.0,22770.0,298.0,6800360.0,3544
2023-05-10 21:14:22,CY2309,CY2309,22795.0,0.0,0.0,0.0,4,22780.0,22795.0,3,22810.0,22870.0,22870.0,22770.0,298.0,6800360.0,3544
2023-05-10 21:14:22,CY2309,CY2309,22795.0,0.0,0.0,0.0,3,22780.0,22795.0,3,22810.0,22870.0,22870.0,22770.0,298.0,6800360.0,3544
2023-05-10 21:14:25,CY2309,CY2309,22795.0,0.0,0.0,0.0,3,22785.0,22795.0,6,22810.0,22870.0,22870.0,22770.0,298.0,6800360.0,3544
2023-05-10 21:14:27,CY2309,CY2309,22795.0,0.0,0.0,0.0,4,22785.0,22795.0,6,22810.0,22870.0,22870.0,22770.0,298.0,6800360.0,3544
2023-05-10 21:14:40,CY2309,CY2309,22795.0,0.0,0.0,0.0,3,22785.0,22795.0,6,22810.0,22870.0,22870.0,22770.0,298.0,6800360.0,3544
2023-05-10 21:14:45,CY2309,CY2309,22795.0,0.0,0.0,0.0,2,22790.0,22795.0,6,22810.0,22870.0,22870.0,22770.0,298.0,6800360.0,3544
2023-05-10 21:14:48,CY2309,CY2309,22790.0,2.0,45640.0,0.0,4,22780.0,22795.0,8,22810.0,22870.0,22870.0,22770.0,300.0,6846000.0,3544
2023-05-10 21:14:48,CY2309,CY2309,22790.0,0.0,0.0,0.0,3,22780.0,22790.0,1,22810.0,22870.0,22870.0,22770.0,300.0,6846000.0,3544
2023-05-10 21:14:52,CY2309,CY2309,22790.0,1.0,22820.0,-1.0,1,22790.0,22795.0,9,22810.0,22870.0,22870.0,22770.0,301.0,6868820.0,3543
2023-05-10 21:14:52,CY2309,CY2309,22790.0,2.0,45640.0,2.0,1,22790.0,22795.0,6,22810.0,22870.0,22870.0,22770.0,303.0,6914460.0,3545
2023-05-10 21:14:53,CY2309,CY2309,22790.0,1.0,22820.0,0.0,1,22785.0,22795.0,8,22810.0,22870.0,22870.0,22770.0,304.0,6937280.0,3545
2023-05-10 21:14:53,CY2309,CY2309,22790.0,0.0,0.0,0.0,2,22780.0,22795.0,8,22810.0,22870.0,22870.0,22770.0,304.0,6937280.0,3545
2023-05-10 21:15:08,CY2309,CY2309,22790.0,0.0,0.0,0.0,2,22785.0,22795.0,6,22810.0,22870.0,22870.0,22770.0,304.0,6937280.0,3545
2023-05-10 21:15:09,CY2309,CY2309,22795.0,6.0,136920.0,-1.0,2,22795.0,22805.0,2,22810.0,22870.0,22870.0,22770.0,310.0,7074200.0,3544
2023-05-10 21:15:09,CY2309,CY2309,22790.0,1.0,22820.0,0.0,5,22790.0,22795.0,1,22810.0,22870.0,22870.0,22770.0,311.0,7097020.0,3544
2023-05-10 21:15:10,CY2309,CY2309,22795.0,1.0,22820.0,0.0,3,22790.0,22800.0,2,22810.0,22870.0,22870.0,22770.0,312.0,7119840.0,3544
2023-05-10 21:15:10,CY2309,CY2309,22795.0,0.0,0.0,0.0,5,22785.0,22800.0,3,22810.0,22870.0,22870.0,22770.0,312.0,7119840.0,3544
2023-05-10 21:15:11,CY2309,CY2309,22790.0,1.0,22820.0,0.0,5,22785.0,22800.0,3,22810.0,22870.0,22870.0,22770.0,313.0,7142660.0,3544
2023-05-10 21:15:11,CY2309,CY2309,22790.0,0.0,0.0,0.0,4,22785.0,22800.0,3,22810.0,22870.0,22870.0,22770.0,313.0,7142660.0,3544
2023-05-10 21:15:20,CY2309,CY2309,22790.0,0.0,0.0,0.0,1,22790.0,22800.0,3,22810.0,22870.0,22870.0,22770.0,313.0,7142660.0,3544
2023-05-10 21:15:29,CY2309,CY2309,22790.0,0.0,0.0,0.0,1,22790.0,22795.0,2,22810.0,22870.0,22870.0,22770.0,313.0,7142660.0,3544
2023-05-10 21:15:30,CY2309,CY2309,22790.0,1.0,22820.0,-1.0,1,22785.0,22795.0,2,22810.0,22870.0,22870.0,22770.0,314.0,7165480.0,3543
2023-05-10 21:15:46,CY2309,CY2309,22790.0,0.0,0.0,0.0,4,22785.0,22800.0,3,22810.0,22870.0,22870.0,22770.0,314.0,7165480.0,3543
2023-05-10 21:15:46,CY2309,CY2309,22790.0,0.0,0.0,0.0,2,22785.0,22795.0,2,22810.0,22870.0,22870.0,22770.0,314.0,7165480.0,3543
2023-05-10 21:15:47,CY2309,CY2309,22790.0,0.0,0.0,0.0,9,22780.0,22795.0,2,22810.0,22870.0,22870.0,22770.0,314.0,7165480.0,3543
2023-05-10 21:15:50,CY2309,CY2309,22790.0,0.0,0.0,0.0,6,22780.0,22785.0,1,22810.0,22870.0,22870.0,22770.0,314.0,7165480.0,3543
2023-05-10 21:15:50,CY2309,CY2309,22790.0,0.0,0.0,0.0,5,22780.0,22785.0,1,22810.0,22870.0,22870.0,22770.0,314.0,7165480.0,3543
2023-05-10 21:15:56,CY2309,CY2309,22785.0,1.0,22820.0,1.0,2,22785.0,22790.0,2,22810.0,22870.0,22870.0,22770.0,315.0,7188300.0,3544
2023-05-10 21:15:56,CY2309,CY2309,22790.0,10.0,228200.0,5.0,6,22780.0,22790.0,1,22810.0,22870.0,22870.0,22770.0,325.0,7416500.0,3549
2023-05-10 21:15:58,CY2309,CY2309,22790.0,0.0,0.0,0.0,9,22780.0,22790.0,1,22810.0,22870.0,22870.0,22770.0,325.0,7416500.0,3549
2023-05-10 21:16:02,CY2309,CY2309,22780.0,1.0,22820.0,1.0,8,22780.0,22790.0,1,22810.0,22870.0,22870.0,22770.0,326.0,7439320.0,3550
2023-05-10 21:16:03,CY2309,CY2309,22780.0,5.0,114100.0,-1.0,3,22775.0,22785.0,1,22810.0,22870.0,22870.0,22770.0,331.0,7553420.0,3549
2023-05-10 21:16:10,CY2309,CY2309,22780.0,0.0,0.0,0.0,3,22775.0,22780.0,2,22810.0,22870.0,22870.0,22770.0,331.0,7553420.0,3549
2023-05-10 21:16:10,CY2309,CY2309,22775.0,10.0,226495.0,0.0,4,22770.0,22780.0,1,22810.0,22870.0,22870.0,22770.0,341.0,7779915.0,3549
2023-05-10 21:16:11,CY2309,CY2309,22775.0,1.0,22815.0,-1.0,2,22775.0,22785.0,2,22810.0,22870.0,22870.0,22770.0,342.0,7802730.0,3548
2023-05-10 21:16:13,CY2309,CY2309,22775.0,2.0,45630.0,-2.0,5,22770.0,22785.0,2,22810.0,22870.0,22870.0,22770.0,344.0,7848360.0,3546
2023-05-10 21:16:17,CY2309,CY2309,22775.0,0.0,0.0,0.0,3,22770.0,22780.0,1,22810.0,22870.0,22870.0,22770.0,344.0,7848360.0,3546
2023-05-10 21:16:18,CY2309,CY2309,22775.0,0.0,0.0,0.0,2,22770.0,22780.0,3,22810.0,22870.0,22870.0,22770.0,344.0,7848360.0,3546
2023-05-10 21:16:19,CY2309,CY2309,22775.0,0.0,0.0,0.0,5,22770.0,22780.0,1,22810.0,22870.0,22870.0,22770.0,344.0,7848360.0,3546
2023-05-10 21:16:19,CY2309,CY2309,22775.0,0.0,0.0,0.0,3,22770.0,22780.0,1,22810.0,22870.0,22870.0,22770.0,344.0,7848360.0,3546
2023-05-10 21:16:22,CY2309,CY2309,22775.0,0.0,0.0,0.0,3,22770.0,22780.0,2,22810.0,22870.0,22870.0,22770.0,344.0,7848360.0,3546
2023-05-10 21:16:26,CY2309,CY2309,22775.0,0.0,0.0,0.0,2,22770.0,22780.0,2,22810.0,22870.0,22870.0,22770.0,344.0,7848360.0,3546
2023-05-10 21:16:27,CY2309,CY2309,22770.0,1.0,22815.0,0.0,1,22770.0,22780.0,2,22810.0,22870.0,22870.0,22770.0,345.0,7871175.0,3546
2023-05-10 21:16:27,CY2309,CY2309,22770.0,1.0,22815.0,-1.0,2,22765.0,22770.0,1,22810.0,22870.0,22870.0,22770.0,346.0,7893990.0,3545
2023-05-10 21:16:28,CY2309,CY2309,22770.0,1.0,22815.0,0.0,2,22765.0,22780.0,2,22810.0,22870.0,22870.0,22770.0,347.0,7916805.0,3545
2023-05-10 21:16:32,CY2309,CY2309,22770.0,0.0,0.0,0.0,3,22765.0,22780.0,2,22810.0,22870.0,22870.0,22770.0,347.0,7916805.0,3545
2023-05-10 21:16:33,CY2309,CY2309,22770.0,0.0,0.0,0.0,6,22770.0,22780.0,1,22810.0,22870.0,22870.0,22770.0,347.0,7916805.0,3545
2023-05-10 21:16:34,CY2309,CY2309,22770.0,0.0,0.0,0.0,8,22770.0,22785.0,2,22810.0,22870.0,22870.0,22770.0,347.0,7916805.0,3545
2023-05-10 21:16:35,CY2309,CY2309,22770.0,0.0,0.0,0.0,6,22770.0,22780.0,1,22810.0,22870.0,22870.0,22770.0,347.0,7916805.0,3545
2023-05-10 21:16:43,CY2309,CY2309,22770.0,0.0,0.0,0.0,2,22770.0,22780.0,1,22810.0,22870.0,22870.0,22770.0,347.0,7916805.0,3545
2023-05-10 21:16:45,CY2309,CY2309,22770.0,0.0,0.0,0.0,7,22770.0,22780.0,1,22810.0,22870.0,22870.0,22770.0,347.0,7916805.0,3545
2023-05-10 21:16:47,CY2309,CY2309,22770.0,0.0,0.0,0.0,9,22770.0,22785.0,3,22810.0,22870.0,22870.0,22770.0,347.0,7916805.0,3545
2023-05-10 21:16:47,CY2309,CY2309,22770.0,0.0,0.0,0.0,4,22775.0,22785.0,2,22810.0,22870.0,22870.0,22770.0,347.0,7916805.0,3545
2023-05-10 21:16:48,CY2309,CY2309,22770.0,0.0,0.0,0.0,4,22775.0,22785.0,1,22810.0,22870.0,22870.0,22770.0,347.0,7916805.0,3545
2023-05-10 21:16:49,CY2309,CY2309,22780.0,5.0,114075.0,3.0,4,22775.0,22785.0,1,22810.0,22870.0,22870.0,22770.0,352.0,8030880.0,3548
2023-05-10 21:16:49,CY2309,CY2309,22780.0,0.0,0.0,0.0,4,22775.0,22780.0,1,22810.0,22870.0,22870.0,22770.0,352.0,8030880.0,3548
2023-05-10 21:16:49,CY2309,CY2309,22780.0,0.0,0.0,0.0,9,22770.0,22780.0,1,22810.0,22870.0,22870.0,22770.0,352.0,8030880.0,3548
2023-05-10 21:16:57,CY2309,CY2309,22775.0,1.0,22815.0,1.0,6,22770.0,22775.0,1,22810.0,22870.0,22870.0,22770.0,353.0,8053695.0,3549
2023-05-10 21:16:59,CY2309,CY2309,22770.0,6.0,136890.0,-1.0,1,22765.0,22775.0,2,22810.0,22870.0,22870.0,22770.0,359.0,8190585.0,3548
2023-05-10 21:17:06,CY2309,CY2309,22770.0,0.0,0.0,0.0,2,22760.0,22770.0,1,22810.0,22870.0,22870.0,22770.0,359.0,8190585.0,3548
2023-05-10 21:17:06,CY2309,CY2309,22770.0,0.0,0.0,0.0,1,22765.0,22775.0,2,22810.0,22870.0,22870.0,22770.0,359.0,8190585.0,3548
2023-05-10 21:17:14,CY2309,CY2309,22770.0,0.0,0.0,0.0,2,22770.0,22780.0,1,22810.0,22870.0,22870.0,22770.0,359.0,8190585.0,3548
2023-05-10 21:17:15,CY2309,CY2309,22770.0,0.0,0.0,0.0,3,22770.0,22780.0,2,22810.0,22870.0,22870.0,22770.0,359.0,8190585.0,3548
2023-05-10 21:17:21,CY2309,CY2309,22770.0,0.0,0.0,0.0,1,22765.0,22775.0,1,22810.0,22870.0,22870.0,22770.0,359.0,8190585.0,3548
2023-05-10 21:17:27,CY2309,CY2309,22770.0,0.0,0.0,0.0,1,22765.0,22775.0,2,22810.0,22870.0,22870.0,22770.0,359.0,8190585.0,3548
2023-05-10 21:17:29,CY2309,CY2309,22770.0,0.0,0.0,0.0,1,22770.0,22775.0,1,22810.0,22870.0,22870.0,22770.0,359.0,8190585.0,3548
2023-05-10 21:17:30,CY2309,CY2309,22770.0,0.0,0.0,0.0,1,22765.0,22775.0,1,22810.0,22870.0,22870.0,22770.0,359.0,8190585.0,3548
2023-05-10 21:17:35,CY2309,CY2309,22770.0,0.0,0.0,0.0,1,22765.0,22775.0,2,22810.0,22870.0,22870.0,22770.0,359.0,8190585.0,3548
2023-05-10 21:17:35,CY2309,CY2309,22770.0,0.0,0.0,0.0,2,22770.0,22780.0,5,22810.0,22870.0,22870.0,22770.0,359.0,8190585.0,3548
2023-05-10 21:17:35,CY2309,CY2309,22770.0,0.0,0.0,0.0,2,22770.0,22780.0,4,22810.0,22870.0,22870.0,22770.0,359.0,8190585.0,3548
2023-05-10 21:17:39,CY2309,CY2309,22770.0,4.0,91260.0,0.0,2,22770.0,22780.0,4,22810.0,22870.0,22870.0,22770.0,363.0,8281845.0,3548
2023-05-10 21:17:39,CY2309,CY2309,22770.0,3.0,68445.0,0.0,2,22765.0,22780.0,4,22810.0,22870.0,22870.0,22770.0,366.0,8350290.0,3548
2023-05-10 21:17:45,CY2309,CY2309,22765.0,1.0,22815.0,0.0,1,22765.0,22780.0,4,22810.0,22870.0,22870.0,22765.0,367.0,8373105.0,3548
2023-05-10 21:17:48,CY2309,CY2309,22765.0,0.0,0.0,0.0,1,22765.0,22775.0,2,22810.0,22870.0,22870.0,22765.0,367.0,8373105.0,3548
2023-05-10 21:17:49,CY2309,CY2309,22765.0,0.0,0.0,0.0,3,22760.0,22770.0,2,22810.0,22870.0,22870.0,22765.0,367.0,8373105.0,3548
2023-05-10 21:17:56,CY2309,CY2309,22765.0,0.0,0.0,0.0,1,22765.0,22775.0,4,22810.0,22870.0,22870.0,22765.0,367.0,8373105.0,3548
2023-05-10 21:17:56,CY2309,CY2309,22770.0,1.0,22815.0,-1.0,2,22765.0,22775.0,3,22810.0,22870.0,22870.0,22765.0,368.0,8395920.0,3547
2023-05-10 21:18:04,CY2309,CY2309,22770.0,0.0,0.0,0.0,1,22765.0,22770.0,2,22810.0,22870.0,22870.0,22765.0,368.0,8395920.0,3547
2023-05-10 21:18:05,CY2309,CY2309,22770.0,0.0,0.0,0.0,2,22765.0,22775.0,3,22810.0,22870.0,22870.0,22765.0,368.0,8395920.0,3547
2023-05-10 21:18:22,CY2309,CY2309,22770.0,0.0,0.0,0.0,1,22765.0,22770.0,2,22810.0,22870.0,22870.0,22765.0,368.0,8395920.0,3547
2023-05-10 21:18:23,CY2309,CY2309,22765.0,1.0,22815.0,1.0,3,22760.0,22770.0,2,22810.0,22870.0,22870.0,22765.0,369.0,8418735.0,3548
2023-05-10 21:18:23,CY2309,CY2309,22760.0,1.0,22815.0,1.0,1,22760.0,22770.0,2,22810.0,22870.0,22870.0,22760.0,370.0,8441550.0,3549
2023-05-10 21:18:25,CY2309,CY2309,22760.0,0.0,0.0,0.0,1,22765.0,22775.0,4,22810.0,22870.0,22870.0,22760.0,370.0,8441550.0,3549
2023-05-10 21:18:25,CY2309,CY2309,22765.0,1.0,22815.0,-1.0,1,22765.0,22775.0,4,22810.0,22870.0,22870.0,22760.0,371.0,8464365.0,3548
2023-05-10 21:18:29,CY2309,CY2309,22765.0,1.0,22815.0,0.0,1,22765.0,22775.0,4,22810.0,22870.0,22870.0,22760.0,372.0,8487180.0,3548
2023-05-10 21:18:30,CY2309,CY2309,22765.0,2.0,45630.0,0.0,1,22765.0,22775.0,4,22810.0,22870.0,22870.0,22760.0,374.0,8532810.0,3548
2023-05-10 21:18:47,CY2309,CY2309,22775.0,4.0,89370.0,3.0,1,22765.0,22780.0,6,22810.0,22870.0,22870.0,22760.0,378.0,8622180.0,3551
2023-05-10 21:18:47,CY2309,CY2309,22775.0,0.0,0.0,0.0,6,22770.0,22780.0,5,22810.0,22870.0,22870.0,22760.0,378.0,8622180.0,3551
2023-05-10 21:18:48,CY2309,CY2309,22775.0,0.0,0.0,0.0,5,22770.0,22775.0,2,22810.0,22870.0,22870.0,22760.0,378.0,8622180.0,3551
2023-05-10 21:18:48,CY2309,CY2309,22775.0,2.0,45620.0,0.0,2,22770.0,22775.0,1,22810.0,22870.0,22870.0,22760.0,380.0,8667800.0,3551
2023-05-10 21:18:49,CY2309,CY2309,22775.0,1.0,22810.0,1.0,2,22770.0,22775.0,1,22810.0,22870.0,22870.0,22760.0,381.0,8690610.0,3552
2023-05-10 21:18:51,CY2309,CY2309,22775.0,0.0,0.0,0.0,3,22770.0,22780.0,4,22810.0,22870.0,22870.0,22760.0,381.0,8690610.0,3552
2023-05-10 21:18:51,CY2309,CY2309,22775.0,0.0,0.0,0.0,5,22770.0,22780.0,4,22810.0,22870.0,22870.0,22760.0,381.0,8690610.0,3552
2023-05-10 21:18:52,CY2309,CY2309,22775.0,0.0,0.0,0.0,5,22770.0,22780.0,5,22810.0,22870.0,22870.0,22760.0,381.0,8690610.0,3552
2023-05-10 21:18:54,CY2309,CY2309,22775.0,0.0,0.0,0.0,5,22770.0,22780.0,3,22810.0,22870.0,22870.0,22760.0,381.0,8690610.0,3552
2023-05-10 21:18:54,CY2309,CY2309,22770.0,1.0,22810.0,0.0,5,22770.0,22780.0,3,22810.0,22870.0,22870.0,22760.0,382.0,8713420.0,3552
2023-05-10 21:18:55,CY2309,CY2309,22770.0,0.0,0.0,0.0,3,22770.0,22780.0,3,22810.0,22870.0,22870.0,22760.0,382.0,8713420.0,3552
2023-05-10 21:18:56,CY2309,CY2309,22770.0,0.0,0.0,0.0,3,22770.0,22780.0,5,22810.0,22870.0,22870.0,22760.0,382.0,8713420.0,3552
2023-05-10 21:18:57,CY2309,CY2309,22770.0,0.0,0.0,0.0,1,22770.0,22780.0,5,22810.0,22870.0,22870.0,22760.0,382.0,8713420.0,3552
2023-05-10 21:19:00,CY2309,CY2309,22770.0,2.0,45620.0,-2.0,2,22765.0,22775.0,3,22810.0,22870.0,22870.0,22760.0,384.0,8759040.0,3550
2023-05-10 21:19:00,CY2309,CY2309,22770.0,0.0,0.0,0.0,1,22765.0,22775.0,3,22810.0,22870.0,22870.0,22760.0,384.0,8759040.0,3550
2023-05-10 21:19:08,CY2309,CY2309,22770.0,0.0,0.0,0.0,3,22765.0,22775.0,2,22810.0,22870.0,22870.0,22760.0,384.0,8759040.0,3550
2023-05-10 21:19:12,CY2309,CY2309,22770.0,0.0,0.0,0.0,1,22770.0,22780.0,5,22810.0,22870.0,22870.0,22760.0,384.0,8759040.0,3550
2023-05-10 21:19:16,CY2309,CY2309,22770.0,0.0,0.0,0.0,3,22765.0,22775.0,3,22810.0,22870.0,22870.0,22760.0,384.0,8759040.0,3550
2023-05-10 21:19:18,CY2309,CY2309,22775.0,1.0,22810.0,0.0,3,22765.0,22775.0,2,22810.0,22870.0,22870.0,22760.0,385.0,8781850.0,3550
2023-05-10 21:19:19,CY2309,CY2309,22775.0,0.0,0.0,0.0,2,22765.0,22775.0,2,22810.0,22870.0,22870.0,22760.0,385.0,8781850.0,3550
2023-05-10 21:19:23,CY2309,CY2309,22775.0,0.0,0.0,0.0,3,22765.0,22775.0,2,22810.0,22870.0,22870.0,22760.0,385.0,8781850.0,3550
2023-05-10 21:19:28,CY2309,CY2309,22765.0,1.0,22810.0,0.0,3,22765.0,22775.0,2,22810.0,22870.0,22870.0,22760.0,386.0,8804660.0,3550
2023-05-10 21:19:28,CY2309,CY2309,22765.0,0.0,0.0,0.0,2,22765.0,22775.0,2,22810.0,22870.0,22870.0,22760.0,386.0,8804660.0,3550
2023-05-10 21:19:35,CY2309,CY2309,22765.0,0.0,0.0,0.0,1,22770.0,22775.0,1,22810.0,22870.0,22870.0,22760.0,386.0,8804660.0,3550
2023-05-10 21:19:35,CY2309,CY2309,22765.0,0.0,0.0,0.0,2,22770.0,22780.0,4,22810.0,22870.0,22870.0,22760.0,386.0,8804660.0,3550
2023-05-10 21:19:39,CY2309,CY2309,22765.0,0.0,0.0,0.0,1,22770.0,22775.0,1,22810.0,22870.0,22870.0,22760.0,386.0,8804660.0,3550
2023-05-10 21:19:39,CY2309,CY2309,22765.0,0.0,0.0,0.0,4,22765.0,22775.0,2,22810.0,22870.0,22870.0,22760.0,386.0,8804660.0,3550
2023-05-10 21:19:43,CY2309,CY2309,22765.0,1.0,22810.0,0.0,4,22765.0,22775.0,2,22810.0,22870.0,22870.0,22760.0,387.0,8827470.0,3550
2023-05-10 21:19:45,CY2309,CY2309,22765.0,1.0,22810.0,0.0,1,22765.0,22775.0,2,22810.0,22870.0,22870.0,22760.0,388.0,8850280.0,3550
2023-05-10 21:20:15,CY2309,CY2309,22765.0,0.0,0.0,0.0,1,22770.0,22775.0,1,22810.0,22870.0,22870.0,22760.0,388.0,8850280.0,3550
2023-05-10 21:20:15,CY2309,CY2309,22765.0,0.0,0.0,0.0,2,22770.0,22780.0,4,22810.0,22870.0,22870.0,22760.0,388.0,8850280.0,3550
2023-05-10 21:20:17,CY2309,CY2309,22770.0,3.0,68430.0,1.0,2,22765.0,22770.0,1,22810.0,22870.0,22870.0,22760.0,391.0,8918710.0,3551
2023-05-10 21:20:17,CY2309,CY2309,22770.0,1.0,22810.0,1.0,1,22770.0,22780.0,4,22810.0,22870.0,22870.0,22760.0,392.0,8941520.0,3552
2023-05-10 21:20:32,CY2309,CY2309,22770.0,0.0,0.0,0.0,1,22765.0,22775.0,2,22810.0,22870.0,22870.0,22760.0,392.0,8941520.0,3552
2023-05-10 21:20:32,CY2309,CY2309,22770.0,0.0,0.0,0.0,3,22760.0,22775.0,2,22810.0,22870.0,22870.0,22760.0,392.0,8941520.0,3552
2023-05-10 21:20:35,CY2309,CY2309,22770.0,0.0,0.0,0.0,4,22760.0,22775.0,2,22810.0,22870.0,22870.0,22760.0,392.0,8941520.0,3552
2023-05-10 21:20:36,CY2309,CY2309,22770.0,0.0,0.0,0.0,2,22765.0,22775.0,2,22810.0,22870.0,22870.0,22760.0,392.0,8941520.0,3552
2023-05-10 21:20:36,CY2309,CY2309,22770.0,0.0,0.0,0.0,4,22760.0,22775.0,2,22810.0,22870.0,22870.0,22760.0,392.0,8941520.0,3552
2023-05-10 21:20:43,CY2309,CY2309,22760.0,1.0,22810.0,1.0,4,22760.0,22775.0,2,22810.0,22870.0,22870.0,22760.0,393.0,8964330.0,3553
2023-05-10 21:20:48,CY2309,CY2309,22760.0,0.0,0.0,0.0,1,22760.0,22765.0,1,22810.0,22870.0,22870.0,22760.0,393.0,8964330.0,3553
2023-05-10 21:20:50,CY2309,CY2309,22765.0,1.0,22810.0,0.0,1,22760.0,22770.0,2,22810.0,22870.0,22870.0,22760.0,394.0,8987140.0,3553
2023-05-10 21:20:53,CY2309,CY2309,22760.0,1.0,22810.0,0.0,5,22755.0,22770.0,2,22810.0,22870.0,22870.0,22760.0,395.0,9009950.0,3553
2023-05-10 21:20:53,CY2309,CY2309,22760.0,0.0,0.0,0.0,5,22755.0,22765.0,2,22810.0,22870.0,22870.0,22760.0,395.0,9009950.0,3553
2023-05-10 21:20:54,CY2309,CY2309,22760.0,0.0,0.0,0.0,6,22755.0,22765.0,1,22810.0,22870.0,22870.0,22760.0,395.0,9009950.0,3553
2023-05-10 21:20:54,CY2309,CY2309,22760.0,0.0,0.0,0.0,7,22755.0,22765.0,1,22810.0,22870.0,22870.0,22760.0,395.0,9009950.0,3553
2023-05-10 21:20:58,CY2309,CY2309,22760.0,0.0,0.0,0.0,6,22755.0,22765.0,2,22810.0,22870.0,22870.0,22760.0,395.0,9009950.0,3553
2023-05-10 21:21:00,CY2309,CY2309,22760.0,0.0,0.0,0.0,5,22755.0,22765.0,2,22810.0,22870.0,22870.0,22760.0,395.0,9009950.0,3553
2023-05-10 21:21:02,CY2309,CY2309,22760.0,0.0,0.0,0.0,7,22755.0,22765.0,1,22810.0,22870.0,22870.0,22760.0,395.0,9009950.0,3553
2023-05-10 21:21:28,CY2309,CY2309,22765.0,1.0,22810.0,0.0,2,22765.0,22775.0,2,22810.0,22870.0,22870.0,22760.0,396.0,9032760.0,3553
2023-05-10 21:21:29,CY2309,CY2309,22765.0,0.0,0.0,0.0,1,22765.0,22775.0,1,22810.0,22870.0,22870.0,22760.0,396.0,9032760.0,3553
2023-05-10 21:21:40,CY2309,CY2309,22765.0,0.0,0.0,0.0,1,22765.0,22770.0,1,22810.0,22870.0,22870.0,22760.0,396.0,9032760.0,3553
2023-05-10 21:21:41,CY2309,CY2309,22765.0,1.0,22810.0,-1.0,8,22755.0,22770.0,1,22810.0,22870.0,22870.0,22760.0,397.0,9055570.0,3552
2023-05-10 21:22:00,CY2309,CY2309,22765.0,0.0,0.0,0.0,7,22755.0,22765.0,1,22810.0,22870.0,22870.0,22760.0,397.0,9055570.0,3552
2023-05-10 21:22:00,CY2309,CY2309,22765.0,0.0,0.0,0.0,6,22755.0,22765.0,2,22810.0,22870.0,22870.0,22760.0,397.0,9055570.0,3552
2023-05-10 21:22:01,CY2309,CY2309,22765.0,0.0,0.0,0.0,7,22755.0,22765.0,1,22810.0,22870.0,22870.0,22760.0,397.0,9055570.0,3552
2023-05-10 21:22:01,CY2309,CY2309,22765.0,0.0,0.0,0.0,7,22755.0,22770.0,1,22810.0,22870.0,22870.0,22760.0,397.0,9055570.0,3552
2023-05-10 21:22:02,CY2309,CY2309,22765.0,0.0,0.0,0.0,6,22755.0,22765.0,1,22810.0,22870.0,22870.0,22760.0,397.0,9055570.0,3552
2023-05-10 21:22:15,CY2309,CY2309,22765.0,1.0,22810.0,0.0,6,22755.0,22765.0,2,22810.0,22870.0,22870.0,22760.0,398.0,9078380.0,3552
2023-05-10 21:22:20,CY2309,CY2309,22755.0,5.0,114050.0,1.0,3,22750.0,22760.0,3,22810.0,22870.0,22870.0,22755.0,403.0,9192430.0,3553
2023-05-10 21:22:21,CY2309,CY2309,22755.0,1.0,22810.0,0.0,3,22750.0,22765.0,3,22810.0,22870.0,22870.0,22755.0,404.0,9215240.0,3553
2023-05-10 21:22:29,CY2309,CY2309,22755.0,0.0,0.0,0.0,4,22750.0,22765.0,3,22810.0,22870.0,22870.0,22755.0,404.0,9215240.0,3553
2023-05-10 21:22:31,CY2309,CY2309,22755.0,0.0,0.0,0.0,4,22750.0,22765.0,4,22810.0,22870.0,22870.0,22755.0,404.0,9215240.0,3553
2023-05-10 21:22:46,CY2309,CY2309,22755.0,0.0,0.0,0.0,2,22755.0,22765.0,6,22810.0,22870.0,22870.0,22755.0,404.0,9215240.0,3553
2023-05-10 21:22:46,CY2309,CY2309,22765.0,2.0,45620.0,0.0,5,22755.0,22765.0,4,22810.0,22870.0,22870.0,22755.0,406.0,9260860.0,3553
2023-05-10 21:22:50,CY2309,CY2309,22765.0,0.0,0.0,0.0,1,22755.0,22765.0,6,22810.0,22870.0,22870.0,22755.0,406.0,9260860.0,3553
2023-05-10 21:22:52,CY2309,CY2309,22765.0,2.0,45620.0,-2.0,1,22755.0,22765.0,4,22810.0,22870.0,22870.0,22755.0,408.0,9306480.0,3551
2023-05-10 21:22:54,CY2309,CY2309,22765.0,0.0,0.0,0.0,3,22755.0,22765.0,2,22810.0,22870.0,22870.0,22755.0,408.0,9306480.0,3551
2023-05-10 21:22:56,CY2309,CY2309,22765.0,1.0,22810.0,0.0,3,22755.0,22765.0,1,22810.0,22870.0,22870.0,22755.0,409.0,9329290.0,3551
2023-05-10 21:23:00,CY2309,CY2309,22765.0,1.0,22810.0,0.0,1,22765.0,22770.0,2,22810.0,22870.0,22870.0,22755.0,410.0,9352100.0,3551
2023-05-10 21:23:00,CY2309,CY2309,22765.0,1.0,22810.0,0.0,3,22755.0,22770.0,2,22810.0,22870.0,22870.0,22755.0,411.0,9374910.0,3551
2023-05-10 21:23:01,CY2309,CY2309,22765.0,0.0,0.0,0.0,2,22755.0,22765.0,2,22810.0,22870.0,22870.0,22755.0,411.0,9374910.0,3551
2023-05-10 21:23:01,CY2309,CY2309,22765.0,0.0,0.0,0.0,1,22755.0,22765.0,2,22810.0,22870.0,22870.0,22755.0,411.0,9374910.0,3551
2023-05-10 21:23:23,CY2309,CY2309,22765.0,0.0,0.0,0.0,1,22755.0,22760.0,2,22810.0,22870.0,22870.0,22755.0,411.0,9374910.0,3551
2023-05-10 21:23:23,CY2309,CY2309,22765.0,0.0,0.0,0.0,3,22750.0,22760.0,2,22810.0,22870.0,22870.0,22755.0,411.0,9374910.0,3551
2023-05-10 21:23:24,CY2309,CY2309,22765.0,0.0,0.0,0.0,4,22750.0,22765.0,2,22810.0,22870.0,22870.0,22755.0,411.0,9374910.0,3551
2023-05-10 21:23:25,CY2309,CY2309,22765.0,0.0,0.0,0.0,4,22750.0,22765.0,7,22810.0,22870.0,22870.0,22755.0,411.0,9374910.0,3551
2023-05-10 21:23:28,CY2309,CY2309,22765.0,0.0,0.0,0.0,3,22750.0,22760.0,2,22810.0,22870.0,22870.0,22755.0,411.0,9374910.0,3551
2023-05-10 21:23:31,CY2309,CY2309,22765.0,0.0,0.0,0.0,1,22755.0,22765.0,8,22810.0,22870.0,22870.0,22755.0,411.0,9374910.0,3551
2023-05-10 21:23:31,CY2309,CY2309,22765.0,0.0,0.0,0.0,1,22755.0,22765.0,7,22810.0,22870.0,22870.0,22755.0,411.0,9374910.0,3551
2023-05-10 21:23:40,CY2309,CY2309,22765.0,2.0,45620.0,0.0,2,22755.0,22765.0,5,22810.0,22870.0,22870.0,22755.0,413.0,9420530.0,3551
2023-05-10 21:23:40,CY2309,CY2309,22765.0,5.0,114050.0,-4.0,3,22760.0,22770.0,1,22810.0,22870.0,22870.0,22755.0,418.0,9534580.0,3547
2023-05-10 21:23:41,CY2309,CY2309,22765.0,0.0,0.0,0.0,4,22760.0,22770.0,1,22810.0,22870.0,22870.0,22755.0,418.0,9534580.0,3547
2023-05-10 21:23:45,CY2309,CY2309,22765.0,0.0,0.0,0.0,5,22760.0,22770.0,1,22810.0,22870.0,22870.0,22755.0,418.0,9534580.0,3547
2023-05-10 21:23:48,CY2309,CY2309,22760.0,1.0,22810.0,-1.0,5,22760.0,22770.0,1,22810.0,22870.0,22870.0,22755.0,419.0,9557390.0,3546
2023-05-10 21:23:53,CY2309,CY2309,22760.0,0.0,0.0,0.0,3,22765.0,22775.0,1,22810.0,22870.0,22870.0,22755.0,419.0,9557390.0,3546
2023-05-10 21:23:54,CY2309,CY2309,22760.0,0.0,0.0,0.0,4,22765.0,22775.0,1,22810.0,22870.0,22870.0,22755.0,419.0,9557390.0,3546
2023-05-10 21:23:58,CY2309,CY2309,22765.0,1.0,22810.0,-1.0,3,22765.0,22775.0,1,22810.0,22870.0,22870.0,22755.0,420.0,9580200.0,3545
2023-05-10 21:24:00,CY2309,CY2309,22765.0,0.0,0.0,0.0,2,22765.0,22770.0,1,22810.0,22870.0,22870.0,22755.0,420.0,9580200.0,3545
2023-05-10 21:24:01,CY2309,CY2309,22765.0,0.0,0.0,0.0,1,22765.0,22770.0,1,22810.0,22870.0,22870.0,22755.0,420.0,9580200.0,3545
2023-05-10 21:24:02,CY2309,CY2309,22765.0,0.0,0.0,0.0,1,22765.0,22775.0,1,22810.0,22870.0,22870.0,22755.0,420.0,9580200.0,3545
2023-05-10 21:24:04,CY2309,CY2309,22775.0,2.0,43510.0,0.0,1,22770.0,22780.0,4,22810.0,22870.0,22870.0,22755.0,422.0,9623710.0,3545
2023-05-10 21:24:04,CY2309,CY2309,22775.0,0.0,0.0,0.0,2,22770.0,22780.0,4,22810.0,22870.0,22870.0,22755.0,422.0,9623710.0,3545
2023-05-10 21:24:04,CY2309,CY2309,22775.0,0.0,0.0,0.0,3,22770.0,22780.0,4,22810.0,22870.0,22870.0,22755.0,422.0,9623710.0,3545
2023-05-10 21:24:09,CY2309,CY2309,22775.0,0.0,0.0,0.0,1,22765.0,22775.0,2,22810.0,22870.0,22870.0,22755.0,422.0,9623710.0,3545
2023-05-10 21:24:10,CY2309,CY2309,22775.0,0.0,0.0,0.0,1,22770.0,22780.0,5,22810.0,22870.0,22870.0,22755.0,422.0,9623710.0,3545
2023-05-10 21:24:10,CY2309,CY2309,22775.0,0.0,0.0,0.0,2,22770.0,22780.0,4,22810.0,22870.0,22870.0,22755.0,422.0,9623710.0,3545
2023-05-10 21:24:11,CY2309,CY2309,22775.0,0.0,0.0,0.0,1,22770.0,22775.0,2,22810.0,22870.0,22870.0,22755.0,422.0,9623710.0,3545
2023-05-10 21:24:13,CY2309,CY2309,22775.0,0.0,0.0,0.0,2,22770.0,22780.0,5,22810.0,22870.0,22870.0,22755.0,422.0,9623710.0,3545
2023-05-10 21:24:13,CY2309,CY2309,22775.0,0.0,0.0,0.0,2,22770.0,22780.0,4,22810.0,22870.0,22870.0,22755.0,422.0,9623710.0,3545
2023-05-10 21:24:18,CY2309,CY2309,22775.0,0.0,0.0,0.0,3,22770.0,22780.0,4,22810.0,22870.0,22870.0,22755.0,422.0,9623710.0,3545
2023-05-10 21:24:24,CY2309,CY2309,22780.0,4.0,91220.0,4.0,1,22775.0,22785.0,6,22810.0,22870.0,22870.0,22755.0,426.0,9714930.0,3549
2023-05-10 21:24:24,CY2309,CY2309,22780.0,0.0,0.0,0.0,3,22770.0,22780.0,1,22810.0,22870.0,22870.0,22755.0,426.0,9714930.0,3549
2023-05-10 21:24:33,CY2309,CY2309,22785.0,11.0,250855.0,6.0,1,22775.0,22785.0,2,22810.0,22870.0,22870.0,22755.0,437.0,9965785.0,3555
2023-05-10 21:24:33,CY2309,CY2309,22785.0,0.0,0.0,0.0,2,22775.0,22780.0,2,22810.0,22870.0,22870.0,22755.0,437.0,9965785.0,3555
2023-05-10 21:24:34,CY2309,CY2309,22785.0,0.0,0.0,0.0,3,22770.0,22780.0,3,22810.0,22870.0,22870.0,22755.0,437.0,9965785.0,3555
2023-05-10 21:24:39,CY2309,CY2309,22785.0,0.0,0.0,0.0,1,22775.0,22780.0,1,22810.0,22870.0,22870.0,22755.0,437.0,9965785.0,3555
2023-05-10 21:24:40,CY2309,CY2309,22785.0,0.0,0.0,0.0,3,22770.0,22780.0,2,22810.0,22870.0,22870.0,22755.0,437.0,9965785.0,3555
2023-05-10 21:24:40,CY2309,CY2309,22785.0,0.0,0.0,0.0,2,22770.0,22780.0,3,22810.0,22870.0,22870.0,22755.0,437.0,9965785.0,3555
2023-05-10 21:24:42,CY2309,CY2309,22785.0,0.0,0.0,0.0,1,22770.0,22780.0,3,22810.0,22870.0,22870.0,22755.0,437.0,9965785.0,3555
2023-05-10 21:24:53,CY2309,CY2309,22785.0,0.0,0.0,0.0,1,22770.0,22780.0,4,22810.0,22870.0,22870.0,22755.0,437.0,9965785.0,3555
2023-05-10 21:24:54,CY2309,CY2309,22785.0,0.0,0.0,0.0,6,22770.0,22780.0,3,22810.0,22870.0,22870.0,22755.0,437.0,9965785.0,3555
2023-05-10 21:24:55,CY2309,CY2309,22785.0,0.0,0.0,0.0,4,22770.0,22775.0,2,22810.0,22870.0,22870.0,22755.0,437.0,9965785.0,3555
2023-05-10 21:24:57,CY2309,CY2309,22785.0,0.0,0.0,0.0,2,22770.0,22775.0,2,22810.0,22870.0,22870.0,22755.0,437.0,9965785.0,3555
2023-05-10 21:24:58,CY2309,CY2309,22785.0,0.0,0.0,0.0,3,22765.0,22775.0,2,22810.0,22870.0,22870.0,22755.0,437.0,9965785.0,3555
2023-05-10 21:25:29,CY2309,CY2309,22765.0,2.0,45610.0,-2.0,4,22765.0,22775.0,2,22810.0,22870.0,22870.0,22755.0,439.0,10011395.0,3553
2023-05-10 21:25:43,CY2309,CY2309,22765.0,1.0,22805.0,0.0,3,22765.0,22775.0,2,22810.0,22870.0,22870.0,22755.0,440.0,10034200.0,3553
2023-05-10 21:25:44,CY2309,CY2309,22765.0,0.0,0.0,0.0,1,22770.0,22780.0,4,22810.0,22870.0,22870.0,22755.0,440.0,10034200.0,3553
2023-05-10 21:25:44,CY2309,CY2309,22765.0,0.0,0.0,0.0,1,22765.0,22775.0,2,22810.0,22870.0,22870.0,22755.0,440.0,10034200.0,3553
2023-05-10 21:26:02,CY2309,CY2309,22765.0,0.0,0.0,0.0,1,22770.0,22780.0,4,22810.0,22870.0,22870.0,22755.0,440.0,10034200.0,3553
2023-05-10 21:26:02,CY2309,CY2309,22765.0,0.0,0.0,0.0,1,22770.0,22780.0,3,22810.0,22870.0,22870.0,22755.0,440.0,10034200.0,3553
2023-05-10 21:26:18,CY2309,CY2309,22765.0,0.0,0.0,0.0,2,22765.0,22775.0,2,22810.0,22870.0,22870.0,22755.0,440.0,10034200.0,3553
2023-05-10 21:26:19,CY2309,CY2309,22765.0,0.0,0.0,0.0,1,22765.0,22775.0,2,22810.0,22870.0,22870.0,22755.0,440.0,10034200.0,3553
2023-05-10 21:26:21,CY2309,CY2309,22765.0,0.0,0.0,0.0,1,22770.0,22780.0,3,22810.0,22870.0,22870.0,22755.0,440.0,10034200.0,3553
2023-05-10 21:26:32,CY2309,CY2309,22765.0,0.0,0.0,0.0,1,22775.0,22780.0,1,22810.0,22870.0,22870.0,22755.0,440.0,10034200.0,3553
