time,symbol_id,symbol_name,last,trade_volume,trade_amount,open_interest_change,bv1,bp1,ap1,av1,yesterday_close,today_open,today_high,today_low,volume,amount,open_interest
2023-05-09 20:59:00,al2306,al2306,18325.0,390.0,35733750.0,-64.0,7,18325.0,18330.0,84,18275.0,18325.0,18325.0,18325.0,390.0,35733750.0,200395
2023-05-09 21:00:00,al2306,al2306,18330.0,379.0,34722650.0,-95.0,6,18325.0,18330.0,5,18275.0,18325.0,18340.0,18295.0,769.0,70456400.0,200300
2023-05-09 21:00:01,al2306,al2306,18330.0,464.0,42528675.0,-125.0,217,18330.0,18340.0,9,18275.0,18325.0,18340.0,18295.0,1233.0,112985075.0,200175
2023-05-09 21:00:01,al2306,al2306,18340.0,214.0,19622825.0,-28.0,12,18335.0,18340.0,1,18275.0,18325.0,18345.0,18295.0,1447.0,132607900.0,200147
2023-05-09 21:00:02,al2306,al2306,18330.0,101.0,9258650.0,-15.0,210,18330.0,18335.0,17,18275.0,18325.0,18345.0,18295.0,1548.0,141866550.0,200132
2023-05-09 21:00:02,al2306,al2306,18335.0,156.0,14298525.0,-25.0,109,18330.0,18335.0,1,18275.0,18325.0,18345.0,18295.0,1704.0,156165075.0,200107
2023-05-09 21:00:03,al2306,al2306,18335.0,166.0,15214900.0,-117.0,2,18335.0,18340.0,128,18275.0,18325.0,18345.0,18295.0,1870.0,171379975.0,199990
2023-05-09 21:00:03,al2306,al2306,18330.0,79.0,7241725.0,-3.0,21,18325.0,18335.0,27,18275.0,18325.0,18345.0,18295.0,1949.0,178621700.0,199987
2023-05-09 21:00:04,al2306,al2306,18330.0,20.0,1832950.0,-8.0,33,18325.0,18330.0,37,18275.0,18325.0,18345.0,18295.0,1969.0,180454650.0,199979
2023-05-09 21:00:04,al2306,al2306,18330.0,58.0,5315000.0,-24.0,8,18325.0,18330.0,68,18275.0,18325.0,18345.0,18295.0,2027.0,185769650.0,199955
2023-05-09 21:00:05,al2306,al2306,18325.0,82.0,7514750.0,-2.0,18,18320.0,18325.0,1,18275.0,18325.0,18345.0,18295.0,2109.0,193284400.0,199953
2023-05-09 21:00:05,al2306,al2306,18325.0,45.0,4122350.0,11.0,6,18320.0,18325.0,59,18275.0,18325.0,18345.0,18295.0,2154.0,197406750.0,199964
2023-05-09 21:00:06,al2306,al2306,18320.0,42.0,3847600.0,-17.0,2,18320.0,18325.0,106,18275.0,18325.0,18345.0,18295.0,2196.0,201254350.0,199947
2023-05-09 21:00:06,al2306,al2306,18320.0,74.0,6779525.0,21.0,21,18315.0,18325.0,87,18275.0,18325.0,18345.0,18295.0,2270.0,208033875.0,199968
2023-05-09 21:00:07,al2306,al2306,18320.0,10.0,915950.0,1.0,46,18315.0,18320.0,22,18275.0,18325.0,18345.0,18295.0,2280.0,208949825.0,199969
2023-05-09 21:00:07,al2306,al2306,18310.0,73.0,6685625.0,-2.0,26,18310.0,18315.0,157,18275.0,18325.0,18345.0,18295.0,2353.0,215635450.0,199967
2023-05-09 21:00:08,al2306,al2306,18310.0,93.0,8512975.0,21.0,1,18305.0,18310.0,26,18275.0,18325.0,18345.0,18295.0,2446.0,224148425.0,199988
2023-05-09 21:00:08,al2306,al2306,18305.0,101.0,9246850.0,-13.0,24,18305.0,18310.0,2,18275.0,18325.0,18345.0,18295.0,2547.0,233395275.0,199975
2023-05-09 21:00:09,al2306,al2306,18310.0,56.0,5127075.0,-16.0,4,18310.0,18315.0,172,18275.0,18325.0,18345.0,18295.0,2603.0,238522350.0,199959
2023-05-09 21:00:09,al2306,al2306,18315.0,22.0,2014400.0,-10.0,6,18310.0,18315.0,156,18275.0,18325.0,18345.0,18295.0,2625.0,240536750.0,199949
2023-05-09 21:00:10,al2306,al2306,18315.0,28.0,2563975.0,-25.0,2,18310.0,18315.0,142,18275.0,18325.0,18345.0,18295.0,2653.0,243100725.0,199924
2023-05-09 21:00:10,al2306,al2306,18310.0,26.0,2380725.0,-2.0,26,18310.0,18315.0,124,18275.0,18325.0,18345.0,18295.0,2679.0,245481450.0,199922
2023-05-09 21:00:11,al2306,al2306,18310.0,81.0,7417025.0,-32.0,15,18310.0,18315.0,66,18275.0,18325.0,18345.0,18295.0,2760.0,252898475.0,199890
2023-05-09 21:00:11,al2306,al2306,18310.0,69.0,6318200.0,4.0,31,18310.0,18315.0,46,18275.0,18325.0,18345.0,18295.0,2829.0,259216675.0,199894
2023-05-09 21:00:12,al2306,al2306,18315.0,27.0,2472250.0,-19.0,18,18310.0,18315.0,47,18275.0,18325.0,18345.0,18295.0,2856.0,261688925.0,199875
2023-05-09 21:00:12,al2306,al2306,18310.0,75.0,6866200.0,7.0,31,18305.0,18310.0,98,18275.0,18325.0,18345.0,18295.0,2931.0,268555125.0,199882
2023-05-09 21:00:13,al2306,al2306,18310.0,89.0,8147575.0,-14.0,68,18305.0,18310.0,77,18275.0,18325.0,18345.0,18295.0,3020.0,276702700.0,199868
2023-05-09 21:00:13,al2306,al2306,18310.0,67.0,6133825.0,8.0,107,18305.0,18310.0,29,18275.0,18325.0,18345.0,18295.0,3087.0,282836525.0,199876
2023-05-09 21:00:14,al2306,al2306,18310.0,114.0,10436725.0,-16.0,114,18305.0,18310.0,18,18275.0,18325.0,18345.0,18295.0,3201.0,293273250.0,199860
2023-05-09 21:00:14,al2306,al2306,18310.0,22.0,2014125.0,0.0,21,18310.0,18315.0,65,18275.0,18325.0,18345.0,18295.0,3223.0,295287375.0,199860
2023-05-09 21:00:15,al2306,al2306,18315.0,86.0,7875225.0,-15.0,19,18315.0,18320.0,60,18275.0,18325.0,18345.0,18295.0,3309.0,303162600.0,199845
2023-05-09 21:00:15,al2306,al2306,18320.0,41.0,3754550.0,2.0,1,18315.0,18320.0,64,18275.0,18325.0,18345.0,18295.0,3350.0,306917150.0,199847
2023-05-09 21:00:16,al2306,al2306,18315.0,52.0,4760975.0,-2.0,13,18310.0,18315.0,100,18275.0,18325.0,18345.0,18295.0,3402.0,311678125.0,199845
2023-05-09 21:00:16,al2306,al2306,18315.0,40.0,3661800.0,-19.0,104,18305.0,18315.0,142,18275.0,18325.0,18345.0,18295.0,3442.0,315339925.0,199826
2023-05-09 21:00:17,al2306,al2306,18310.0,2.0,183100.0,0.0,106,18305.0,18310.0,23,18275.0,18325.0,18345.0,18295.0,3444.0,315523025.0,199826
2023-05-09 21:00:17,al2306,al2306,18310.0,2.0,183075.0,-1.0,111,18305.0,18310.0,58,18275.0,18325.0,18345.0,18295.0,3446.0,315706100.0,199825
2023-05-09 21:00:18,al2306,al2306,18310.0,1.0,91550.0,1.0,107,18305.0,18310.0,60,18275.0,18325.0,18345.0,18295.0,3447.0,315797650.0,199826
2023-05-09 21:00:18,al2306,al2306,18310.0,122.0,11166200.0,-61.0,57,18300.0,18310.0,60,18275.0,18325.0,18345.0,18295.0,3569.0,326963850.0,199765
2023-05-09 21:00:19,al2306,al2306,18305.0,16.0,1464125.0,11.0,70,18300.0,18305.0,5,18275.0,18325.0,18345.0,18295.0,3585.0,328427975.0,199776
2023-05-09 21:00:19,al2306,al2306,18310.0,195.0,17849650.0,-151.0,12,18310.0,18315.0,184,18275.0,18325.0,18345.0,18295.0,3780.0,346277625.0,199625
2023-05-09 21:00:20,al2306,al2306,18305.0,19.0,1739375.0,-5.0,58,18305.0,18310.0,37,18275.0,18325.0,18345.0,18295.0,3799.0,348017000.0,199620
2023-05-09 21:00:20,al2306,al2306,18305.0,6.0,549225.0,-1.0,59,18305.0,18310.0,75,18275.0,18325.0,18345.0,18295.0,3805.0,348566225.0,199619
2023-05-09 21:00:21,al2306,al2306,18310.0,24.0,2196750.0,10.0,43,18305.0,18310.0,76,18275.0,18325.0,18345.0,18295.0,3829.0,350762975.0,199629
2023-05-09 21:00:21,al2306,al2306,18310.0,37.0,3386525.0,-14.0,16,18305.0,18310.0,82,18275.0,18325.0,18345.0,18295.0,3866.0,354149500.0,199615
2023-05-09 21:00:22,al2306,al2306,18310.0,14.0,1281575.0,7.0,34,18305.0,18310.0,75,18275.0,18325.0,18345.0,18295.0,3880.0,355431075.0,199622
2023-05-09 21:00:22,al2306,al2306,18310.0,5.0,457725.0,4.0,63,18305.0,18310.0,71,18275.0,18325.0,18345.0,18295.0,3885.0,355888800.0,199626
2023-05-09 21:00:23,al2306,al2306,18310.0,53.0,4851125.0,4.0,45,18305.0,18310.0,62,18275.0,18325.0,18345.0,18295.0,3938.0,360739925.0,199630
2023-05-09 21:00:23,al2306,al2306,18310.0,0.0,0.0,0.0,57,18305.0,18310.0,64,18275.0,18325.0,18345.0,18295.0,3938.0,360739925.0,199630
2023-05-09 21:00:24,al2306,al2306,18305.0,82.0,7505050.0,-62.0,70,18300.0,18305.0,34,18275.0,18325.0,18345.0,18295.0,4020.0,368244975.0,199568
2023-05-09 21:00:24,al2306,al2306,18305.0,1.0,91525.0,-1.0,74,18300.0,18305.0,55,18275.0,18325.0,18345.0,18295.0,4021.0,368336500.0,199567
2023-05-09 21:00:25,al2306,al2306,18305.0,33.0,3020325.0,-27.0,114,18300.0,18305.0,31,18275.0,18325.0,18345.0,18295.0,4054.0,371356825.0,199540
2023-05-09 21:00:25,al2306,al2306,18305.0,55.0,5034375.0,2.0,15,18305.0,18310.0,113,18275.0,18325.0,18345.0,18295.0,4109.0,376391200.0,199542
2023-05-09 21:00:26,al2306,al2306,18305.0,6.0,549150.0,-2.0,63,18305.0,18310.0,123,18275.0,18325.0,18345.0,18295.0,4115.0,376940350.0,199540
2023-05-09 21:00:26,al2306,al2306,18305.0,17.0,1556250.0,-5.0,69,18305.0,18310.0,114,18275.0,18325.0,18345.0,18295.0,4132.0,378496600.0,199535
2023-05-09 21:00:27,al2306,al2306,18310.0,28.0,2563275.0,9.0,64,18305.0,18310.0,94,18275.0,18325.0,18345.0,18295.0,4160.0,381059875.0,199544
2023-05-09 21:00:27,al2306,al2306,18305.0,10.0,915425.0,0.0,70,18305.0,18310.0,72,18275.0,18325.0,18345.0,18295.0,4170.0,381975300.0,199544
2023-05-09 21:00:28,al2306,al2306,18305.0,13.0,1190050.0,0.0,71,18305.0,18310.0,65,18275.0,18325.0,18345.0,18295.0,4183.0,383165350.0,199544
2023-05-09 21:00:28,al2306,al2306,18310.0,55.0,5034200.0,32.0,32,18305.0,18310.0,91,18275.0,18325.0,18345.0,18295.0,4238.0,388199550.0,199576
2023-05-09 21:00:29,al2306,al2306,18305.0,89.0,8144500.0,-7.0,72,18300.0,18305.0,34,18275.0,18325.0,18345.0,18295.0,4327.0,396344050.0,199569
2023-05-09 21:00:29,al2306,al2306,18300.0,3.0,274500.0,-3.0,55,18300.0,18305.0,67,18275.0,18325.0,18345.0,18295.0,4330.0,396618550.0,199566
2023-05-09 21:00:30,al2306,al2306,18300.0,73.0,6679475.0,36.0,55,18295.0,18300.0,43,18275.0,18325.0,18345.0,18295.0,4403.0,403298025.0,199602
2023-05-09 21:00:30,al2306,al2306,18300.0,13.0,1189475.0,10.0,76,18295.0,18300.0,51,18275.0,18325.0,18345.0,18295.0,4416.0,404487500.0,199612
2023-05-09 21:00:31,al2306,al2306,18300.0,29.0,2653375.0,6.0,102,18295.0,18300.0,22,18275.0,18325.0,18345.0,18295.0,4445.0,407140875.0,199618
2023-05-09 21:00:31,al2306,al2306,18300.0,27.0,2470500.0,-12.0,16,18300.0,18305.0,75,18275.0,18325.0,18345.0,18295.0,4472.0,409611375.0,199606
2023-05-09 21:00:32,al2306,al2306,18300.0,28.0,2562025.0,9.0,42,18300.0,18305.0,74,18275.0,18325.0,18345.0,18295.0,4500.0,412173400.0,199615
2023-05-09 21:00:32,al2306,al2306,18300.0,25.0,2288000.0,-3.0,48,18300.0,18305.0,51,18275.0,18325.0,18345.0,18295.0,4525.0,414461400.0,199612
2023-05-09 21:00:33,al2306,al2306,18305.0,3.0,274575.0,-1.0,51,18300.0,18305.0,55,18275.0,18325.0,18345.0,18295.0,4528.0,414735975.0,199611
2023-05-09 21:00:33,al2306,al2306,18305.0,4.0,366050.0,-1.0,52,18300.0,18305.0,55,18275.0,18325.0,18345.0,18295.0,4532.0,415102025.0,199610
2023-05-09 21:00:34,al2306,al2306,18300.0,16.0,1464075.0,9.0,40,18300.0,18305.0,50,18275.0,18325.0,18345.0,18295.0,4548.0,416566100.0,199619
2023-05-09 21:00:34,al2306,al2306,18300.0,7.0,640500.0,2.0,35,18300.0,18305.0,72,18275.0,18325.0,18345.0,18295.0,4555.0,417206600.0,199621
2023-05-09 21:00:35,al2306,al2306,18300.0,36.0,3294025.0,-18.0,11,18300.0,18305.0,70,18275.0,18325.0,18345.0,18295.0,4591.0,420500625.0,199603
2023-05-09 21:00:35,al2306,al2306,18300.0,18.0,1647000.0,-11.0,78,18295.0,18305.0,79,18275.0,18325.0,18345.0,18295.0,4609.0,422147625.0,199592
2023-05-09 21:00:36,al2306,al2306,18300.0,1.0,91500.0,0.0,80,18295.0,18300.0,9,18275.0,18325.0,18345.0,18295.0,4610.0,422239125.0,199592
2023-05-09 21:00:36,al2306,al2306,18300.0,24.0,2195675.0,1.0,104,18295.0,18300.0,7,18275.0,18325.0,18345.0,18295.0,4634.0,424434800.0,199593
2023-05-09 21:00:37,al2306,al2306,18305.0,15.0,1372700.0,-6.0,11,18300.0,18305.0,96,18275.0,18325.0,18345.0,18295.0,4649.0,425807500.0,199587
2023-05-09 21:00:37,al2306,al2306,18305.0,1.0,91525.0,-1.0,74,18300.0,18305.0,90,18275.0,18325.0,18345.0,18295.0,4650.0,425899025.0,199586
2023-05-09 21:00:38,al2306,al2306,18300.0,14.0,1281025.0,-14.0,84,18300.0,18305.0,90,18275.0,18325.0,18345.0,18295.0,4664.0,427180050.0,199572
2023-05-09 21:00:38,al2306,al2306,18300.0,2.0,183025.0,0.0,89,18300.0,18305.0,109,18275.0,18325.0,18345.0,18295.0,4666.0,427363075.0,199572
2023-05-09 21:00:39,al2306,al2306,18300.0,21.0,1921875.0,6.0,79,18300.0,18305.0,100,18275.0,18325.0,18345.0,18295.0,4687.0,429284950.0,199578
2023-05-09 21:00:39,al2306,al2306,18305.0,38.0,3477025.0,26.0,44,18300.0,18305.0,107,18275.0,18325.0,18345.0,18295.0,4725.0,432761975.0,199604
2023-05-09 21:00:40,al2306,al2306,18305.0,14.0,1281325.0,-4.0,44,18300.0,18305.0,97,18275.0,18325.0,18345.0,18295.0,4739.0,434043300.0,199600
2023-05-09 21:00:40,al2306,al2306,18305.0,38.0,3477050.0,11.0,32,18300.0,18305.0,98,18275.0,18325.0,18345.0,18295.0,4777.0,437520350.0,199611
2023-05-09 21:00:41,al2306,al2306,18305.0,20.0,1830000.0,-5.0,1,18300.0,18305.0,103,18275.0,18325.0,18345.0,18295.0,4797.0,439350350.0,199606
2023-05-09 21:00:41,al2306,al2306,18305.0,3.0,274550.0,-1.0,6,18300.0,18305.0,108,18275.0,18325.0,18345.0,18295.0,4800.0,439624900.0,199605
2023-05-09 21:00:42,al2306,al2306,18300.0,22.0,2013200.0,5.0,6,18300.0,18305.0,103,18275.0,18325.0,18345.0,18295.0,4822.0,441638100.0,199610
2023-05-09 21:00:42,al2306,al2306,18305.0,8.0,732050.0,7.0,23,18300.0,18305.0,102,18275.0,18325.0,18345.0,18295.0,4830.0,442370150.0,199617
2023-05-09 21:00:43,al2306,al2306,18305.0,28.0,2562075.0,16.0,13,18300.0,18305.0,103,18275.0,18325.0,18345.0,18295.0,4858.0,444932225.0,199633
2023-05-09 21:00:43,al2306,al2306,18300.0,12.0,1098125.0,3.0,13,18300.0,18305.0,104,18275.0,18325.0,18345.0,18295.0,4870.0,446030350.0,199636
2023-05-09 21:00:44,al2306,al2306,18300.0,5.0,457525.0,-3.0,34,18300.0,18305.0,98,18275.0,18325.0,18345.0,18295.0,4875.0,446487875.0,199633
2023-05-09 21:00:44,al2306,al2306,18300.0,2.0,183000.0,-1.0,40,18300.0,18305.0,99,18275.0,18325.0,18345.0,18295.0,4877.0,446670875.0,199632
2023-05-09 21:00:45,al2306,al2306,18305.0,3.0,274550.0,-3.0,47,18300.0,18305.0,98,18275.0,18325.0,18345.0,18295.0,4880.0,446945425.0,199629
2023-05-09 21:00:45,al2306,al2306,18305.0,2.0,183025.0,-1.0,48,18300.0,18305.0,102,18275.0,18325.0,18345.0,18295.0,4882.0,447128450.0,199628
2023-05-09 21:00:46,al2306,al2306,18300.0,22.0,2013200.0,1.0,34,18300.0,18305.0,95,18275.0,18325.0,18345.0,18295.0,4904.0,449141650.0,199629
2023-05-09 21:00:46,al2306,al2306,18300.0,6.0,549000.0,0.0,32,18300.0,18305.0,99,18275.0,18325.0,18345.0,18295.0,4910.0,449690650.0,199629
2023-05-09 21:00:47,al2306,al2306,18305.0,14.0,1281200.0,-2.0,21,18300.0,18305.0,93,18275.0,18325.0,18345.0,18295.0,4924.0,450971850.0,199627
2023-05-09 21:00:47,al2306,al2306,18305.0,111.0,10159275.0,-66.0,105,18305.0,18310.0,113,18275.0,18325.0,18345.0,18295.0,5035.0,461131125.0,199561
2023-05-09 21:00:48,al2306,al2306,18310.0,62.0,5674850.0,-1.0,61,18305.0,18310.0,93,18275.0,18325.0,18345.0,18295.0,5097.0,466805975.0,199560
2023-05-09 21:00:48,al2306,al2306,18310.0,15.0,1372900.0,-13.0,52,18305.0,18310.0,90,18275.0,18325.0,18345.0,18295.0,5112.0,468178875.0,199547
2023-05-09 21:00:49,al2306,al2306,18310.0,34.0,3112400.0,-8.0,40,18305.0,18310.0,69,18275.0,18325.0,18345.0,18295.0,5146.0,471291275.0,199539
2023-05-09 21:00:49,al2306,al2306,18305.0,3.0,274575.0,-2.0,38,18305.0,18310.0,79,18275.0,18325.0,18345.0,18295.0,5149.0,471565850.0,199537
2023-05-09 21:00:50,al2306,al2306,18305.0,4.0,366100.0,-4.0,37,18305.0,18310.0,76,18275.0,18325.0,18345.0,18295.0,5153.0,471931950.0,199533
2023-05-09 21:00:50,al2306,al2306,18305.0,16.0,1464400.0,-8.0,30,18305.0,18310.0,80,18275.0,18325.0,18345.0,18295.0,5169.0,473396350.0,199525
2023-05-09 21:00:51,al2306,al2306,18305.0,3.0,274575.0,1.0,34,18305.0,18310.0,85,18275.0,18325.0,18345.0,18295.0,5172.0,473670925.0,199526
2023-05-09 21:00:51,al2306,al2306,18310.0,29.0,2654275.0,1.0,10,18305.0,18310.0,86,18275.0,18325.0,18345.0,18295.0,5201.0,476325200.0,199527
2023-05-09 21:00:52,al2306,al2306,18305.0,23.0,2105000.0,-6.0,59,18300.0,18305.0,4,18275.0,18325.0,18345.0,18295.0,5224.0,478430200.0,199521
2023-05-09 21:00:52,al2306,al2306,18305.0,31.0,2836750.0,1.0,38,18300.0,18305.0,36,18275.0,18325.0,18345.0,18295.0,5255.0,481266950.0,199522
2023-05-09 21:00:53,al2306,al2306,18305.0,31.0,2837075.0,-5.0,38,18300.0,18305.0,23,18275.0,18325.0,18345.0,18295.0,5286.0,484104025.0,199517
2023-05-09 21:00:53,al2306,al2306,18305.0,29.0,2654225.0,-23.0,41,18300.0,18305.0,19,18275.0,18325.0,18345.0,18295.0,5315.0,486758250.0,199494
2023-05-09 21:00:54,al2306,al2306,18305.0,28.0,2562700.0,-23.0,11,18305.0,18310.0,96,18275.0,18325.0,18345.0,18295.0,5343.0,489320950.0,199471
2023-05-09 21:00:54,al2306,al2306,18310.0,17.0,1555950.0,-7.0,1,18305.0,18310.0,95,18275.0,18325.0,18345.0,18295.0,5360.0,490876900.0,199464
2023-05-09 21:00:55,al2306,al2306,18305.0,10.0,915250.0,-7.0,51,18300.0,18305.0,11,18275.0,18325.0,18345.0,18295.0,5370.0,491792150.0,199457
2023-05-09 21:00:55,al2306,al2306,18300.0,8.0,732000.0,-4.0,45,18300.0,18305.0,43,18275.0,18325.0,18345.0,18295.0,5378.0,492524150.0,199453
2023-05-09 21:00:56,al2306,al2306,18305.0,12.0,1098250.0,-9.0,40,18300.0,18305.0,40,18275.0,18325.0,18345.0,18295.0,5390.0,493622400.0,199444
2023-05-09 21:00:56,al2306,al2306,18305.0,5.0,457625.0,4.0,40,18300.0,18305.0,43,18275.0,18325.0,18345.0,18295.0,5395.0,494080025.0,199448
2023-05-09 21:00:57,al2306,al2306,18305.0,8.0,732200.0,-3.0,40,18300.0,18305.0,62,18275.0,18325.0,18345.0,18295.0,5403.0,494812225.0,199445
2023-05-09 21:00:57,al2306,al2306,18300.0,4.0,366075.0,-1.0,42,18300.0,18305.0,61,18275.0,18325.0,18345.0,18295.0,5407.0,495178300.0,199444
2023-05-09 21:00:58,al2306,al2306,18305.0,9.0,823550.0,3.0,37,18300.0,18305.0,68,18275.0,18325.0,18345.0,18295.0,5416.0,496001850.0,199447
2023-05-09 21:00:58,al2306,al2306,18300.0,91.0,8327775.0,33.0,92,18295.0,18305.0,51,18275.0,18325.0,18345.0,18295.0,5507.0,504329625.0,199480
2023-05-09 21:00:59,al2306,al2306,18305.0,1.0,91525.0,0.0,5,18300.0,18305.0,53,18275.0,18325.0,18345.0,18295.0,5508.0,504421150.0,199480
2023-05-09 21:00:59,al2306,al2306,18300.0,17.0,1555525.0,13.0,94,18295.0,18300.0,8,18275.0,18325.0,18345.0,18295.0,5525.0,505976675.0,199493
2023-05-09 21:01:00,al2306,al2306,18300.0,30.0,2745025.0,-7.0,101,18295.0,18300.0,22,18275.0,18325.0,18345.0,18295.0,5555.0,508721700.0,199486
2023-05-09 21:01:00,al2306,al2306,18300.0,72.0,6587525.0,-30.0,98,18295.0,18300.0,1,18275.0,18325.0,18345.0,18295.0,5627.0,515309225.0,199456
2023-05-09 21:01:01,al2306,al2306,18300.0,20.0,1830050.0,3.0,6,18300.0,18305.0,58,18275.0,18325.0,18345.0,18295.0,5647.0,517139275.0,199459
2023-05-09 21:01:01,al2306,al2306,18305.0,18.0,1647375.0,-8.0,72,18300.0,18305.0,49,18275.0,18325.0,18345.0,18295.0,5665.0,518786650.0,199451
2023-05-09 21:01:02,al2306,al2306,18300.0,43.0,3935550.0,19.0,76,18300.0,18305.0,3,18275.0,18325.0,18345.0,18295.0,5708.0,522722200.0,199470
2023-05-09 21:01:02,al2306,al2306,18300.0,82.0,7503550.0,-14.0,29,18300.0,18305.0,14,18275.0,18325.0,18345.0,18295.0,5790.0,530225750.0,199456
2023-05-09 21:01:03,al2306,al2306,18305.0,55.0,5032550.0,7.0,117,18295.0,18305.0,75,18275.0,18325.0,18345.0,18295.0,5845.0,535258300.0,199463
2023-05-09 21:01:03,al2306,al2306,18305.0,1.0,91525.0,0.0,116,18295.0,18300.0,26,18275.0,18325.0,18345.0,18295.0,5846.0,535349825.0,199463
2023-05-09 21:01:04,al2306,al2306,18305.0,26.0,2379325.0,-9.0,23,18300.0,18305.0,71,18275.0,18325.0,18345.0,18295.0,5872.0,537729150.0,199454
2023-05-09 21:01:04,al2306,al2306,18300.0,18.0,1647100.0,1.0,23,18300.0,18305.0,115,18275.0,18325.0,18345.0,18295.0,5890.0,539376250.0,199455
2023-05-09 21:01:05,al2306,al2306,18300.0,30.0,2744975.0,-2.0,111,18295.0,18300.0,28,18275.0,18325.0,18345.0,18295.0,5920.0,542121225.0,199453
2023-05-09 21:01:05,al2306,al2306,18300.0,5.0,457450.0,-3.0,103,18295.0,18300.0,36,18275.0,18325.0,18345.0,18295.0,5925.0,542578675.0,199450
2023-05-09 21:01:06,al2306,al2306,18300.0,3.0,274500.0,0.0,124,18295.0,18300.0,54,18275.0,18325.0,18345.0,18295.0,5928.0,542853175.0,199450
2023-05-09 21:01:06,al2306,al2306,18300.0,32.0,2927250.0,-25.0,95,18295.0,18300.0,34,18275.0,18325.0,18345.0,18295.0,5960.0,545780425.0,199425
2023-05-09 21:01:07,al2306,al2306,18295.0,27.0,2470475.0,1.0,114,18295.0,18300.0,7,18275.0,18325.0,18345.0,18295.0,5987.0,548250900.0,199426
2023-05-09 21:01:07,al2306,al2306,18295.0,177.0,16192550.0,-116.0,43,18290.0,18300.0,45,18275.0,18325.0,18345.0,18295.0,6164.0,564443450.0,199310
2023-05-09 21:01:08,al2306,al2306,18290.0,2.0,182900.0,0.0,83,18290.0,18295.0,168,18275.0,18325.0,18345.0,18290.0,6166.0,564626350.0,199310
2023-05-09 21:01:08,al2306,al2306,18295.0,22.0,2011950.0,6.0,34,18290.0,18295.0,174,18275.0,18325.0,18345.0,18290.0,6188.0,566638300.0,199316
2023-05-09 21:01:09,al2306,al2306,18295.0,32.0,2926500.0,-27.0,2,18290.0,18295.0,172,18275.0,18325.0,18345.0,18290.0,6220.0,569564800.0,199289
2023-05-09 21:01:09,al2306,al2306,18295.0,9.0,823100.0,-6.0,35,18290.0,18295.0,230,18275.0,18325.0,18345.0,18290.0,6229.0,570387900.0,199283
2023-05-09 21:01:10,al2306,al2306,18290.0,13.0,1189075.0,4.0,40,18290.0,18295.0,210,18275.0,18325.0,18345.0,18290.0,6242.0,571576975.0,199287
2023-05-09 21:01:10,al2306,al2306,18290.0,48.0,4390725.0,41.0,42,18290.0,18295.0,166,18275.0,18325.0,18345.0,18290.0,6290.0,575967700.0,199328
2023-05-09 21:01:11,al2306,al2306,18295.0,176.0,16099500.0,-67.0,62,18290.0,18300.0,90,18275.0,18325.0,18345.0,18290.0,6466.0,592067200.0,199261
2023-05-09 21:01:11,al2306,al2306,18290.0,19.0,1737875.0,-8.0,64,18290.0,18295.0,67,18275.0,18325.0,18345.0,18290.0,6485.0,593805075.0,199253
2023-05-09 21:01:12,al2306,al2306,18295.0,26.0,2378350.0,-25.0,66,18290.0,18295.0,53,18275.0,18325.0,18345.0,18290.0,6511.0,596183425.0,199228
2023-05-09 21:01:12,al2306,al2306,18295.0,73.0,6677300.0,-52.0,51,18290.0,18295.0,48,18275.0,18325.0,18345.0,18290.0,6584.0,602860725.0,199176
2023-05-09 21:01:13,al2306,al2306,18290.0,5.0,457350.0,-3.0,48,18290.0,18295.0,76,18275.0,18325.0,18345.0,18290.0,6589.0,603318075.0,199173
2023-05-09 21:01:13,al2306,al2306,18290.0,66.0,6035700.0,-17.0,56,18285.0,18290.0,33,18275.0,18325.0,18345.0,18290.0,6655.0,609353775.0,199156
2023-05-09 21:01:14,al2306,al2306,18295.0,77.0,7041800.0,23.0,38,18290.0,18295.0,81,18275.0,18325.0,18345.0,18290.0,6732.0,616395575.0,199179
2023-05-09 21:01:14,al2306,al2306,18290.0,9.0,823250.0,-2.0,52,18290.0,18295.0,70,18275.0,18325.0,18345.0,18290.0,6741.0,617218825.0,199177
2023-05-09 21:01:15,al2306,al2306,18290.0,10.0,914650.0,-4.0,62,18290.0,18295.0,47,18275.0,18325.0,18345.0,18290.0,6751.0,618133475.0,199173
2023-05-09 21:01:15,al2306,al2306,18295.0,173.0,15823875.0,-69.0,45,18290.0,18295.0,47,18275.0,18325.0,18345.0,18290.0,6924.0,633957350.0,199104
2023-05-09 21:01:16,al2306,al2306,18290.0,6.0,548825.0,1.0,47,18290.0,18295.0,59,18275.0,18325.0,18345.0,18290.0,6930.0,634506175.0,199105
2023-05-09 21:01:16,al2306,al2306,18295.0,3.0,274425.0,-3.0,48,18290.0,18295.0,63,18275.0,18325.0,18345.0,18290.0,6933.0,634780600.0,199102
2023-05-09 21:01:17,al2306,al2306,18295.0,2.0,182950.0,-1.0,48,18290.0,18295.0,63,18275.0,18325.0,18345.0,18290.0,6935.0,634963550.0,199101
2023-05-09 21:01:17,al2306,al2306,18295.0,9.0,823100.0,-7.0,41,18290.0,18295.0,62,18275.0,18325.0,18345.0,18290.0,6944.0,635786650.0,199094
2023-05-09 21:01:18,al2306,al2306,18290.0,7.0,640225.0,-4.0,38,18290.0,18295.0,79,18275.0,18325.0,18345.0,18290.0,6951.0,636426875.0,199090
2023-05-09 21:01:18,al2306,al2306,18290.0,0.0,0.0,0.0,21,18290.0,18295.0,81,18275.0,18325.0,18345.0,18290.0,6951.0,636426875.0,199090
2023-05-09 21:01:19,al2306,al2306,18290.0,15.0,1372075.0,-12.0,60,18290.0,18295.0,71,18275.0,18325.0,18345.0,18290.0,6966.0,637798950.0,199078
2023-05-09 21:01:19,al2306,al2306,18295.0,3.0,274425.0,-1.0,61,18290.0,18295.0,49,18275.0,18325.0,18345.0,18290.0,6969.0,638073375.0,199077
2023-05-09 21:01:20,al2306,al2306,18295.0,5.0,457350.0,-4.0,73,18290.0,18295.0,45,18275.0,18325.0,18345.0,18290.0,6974.0,638530725.0,199073
2023-05-09 21:01:20,al2306,al2306,18295.0,63.0,5762925.0,-44.0,91,18290.0,18295.0,4,18275.0,18325.0,18345.0,18290.0,7037.0,644293650.0,199029
2023-05-09 21:01:21,al2306,al2306,18295.0,6.0,548850.0,3.0,16,18295.0,18300.0,90,18275.0,18325.0,18345.0,18290.0,7043.0,644842500.0,199032
2023-05-09 21:01:21,al2306,al2306,18295.0,2.0,182975.0,1.0,11,18295.0,18300.0,90,18275.0,18325.0,18345.0,18290.0,7045.0,645025475.0,199033
2023-05-09 21:01:22,al2306,al2306,18290.0,17.0,1554950.0,7.0,21,18295.0,18300.0,92,18275.0,18325.0,18345.0,18290.0,7062.0,646580425.0,199040
2023-05-09 21:01:22,al2306,al2306,18300.0,5.0,457475.0,-1.0,25,18295.0,18300.0,99,18275.0,18325.0,18345.0,18290.0,7067.0,647037900.0,199039
2023-05-09 21:01:23,al2306,al2306,18295.0,1.0,91475.0,-1.0,27,18295.0,18300.0,100,18275.0,18325.0,18345.0,18290.0,7068.0,647129375.0,199038
2023-05-09 21:01:23,al2306,al2306,18295.0,2.0,182950.0,0.0,27,18295.0,18300.0,101,18275.0,18325.0,18345.0,18290.0,7070.0,647312325.0,199038
2023-05-09 21:01:24,al2306,al2306,18295.0,1.0,91475.0,-1.0,26,18295.0,18300.0,105,18275.0,18325.0,18345.0,18290.0,7071.0,647403800.0,199037
2023-05-09 21:01:24,al2306,al2306,18295.0,3.0,274425.0,0.0,22,18295.0,18300.0,106,18275.0,18325.0,18345.0,18290.0,7074.0,647678225.0,199037
2023-05-09 21:01:25,al2306,al2306,18295.0,23.0,2103925.0,0.0,76,18290.0,18295.0,1,18275.0,18325.0,18345.0,18290.0,7097.0,649782150.0,199037
2023-05-09 21:01:25,al2306,al2306,18295.0,6.0,548850.0,-1.0,85,18290.0,18295.0,33,18275.0,18325.0,18345.0,18290.0,7103.0,650331000.0,199036
2023-05-09 21:01:26,al2306,al2306,18295.0,19.0,1738025.0,4.0,51,18295.0,18300.0,107,18275.0,18325.0,18345.0,18290.0,7122.0,652069025.0,199040
2023-05-09 21:01:26,al2306,al2306,18295.0,26.0,2378475.0,24.0,47,18295.0,18300.0,103,18275.0,18325.0,18345.0,18290.0,7148.0,654447500.0,199064
2023-05-09 21:01:27,al2306,al2306,18295.0,2.0,182975.0,0.0,46,18295.0,18300.0,102,18275.0,18325.0,18345.0,18290.0,7150.0,654630475.0,199064
2023-05-09 21:01:27,al2306,al2306,18295.0,0.0,0.0,0.0,49,18295.0,18300.0,109,18275.0,18325.0,18345.0,18290.0,7150.0,654630475.0,199064
2023-05-09 21:01:28,al2306,al2306,18295.0,0.0,0.0,0.0,49,18295.0,18300.0,111,18275.0,18325.0,18345.0,18290.0,7150.0,654630475.0,199064
2023-05-09 21:01:28,al2306,al2306,18300.0,2.0,183000.0,0.0,49,18295.0,18300.0,111,18275.0,18325.0,18345.0,18290.0,7152.0,654813475.0,199064
2023-05-09 21:01:29,al2306,al2306,18295.0,15.0,1372125.0,0.0,34,18295.0,18300.0,113,18275.0,18325.0,18345.0,18290.0,7167.0,656185600.0,199064
2023-05-09 21:01:29,al2306,al2306,18295.0,34.0,3110150.0,31.0,90,18290.0,18295.0,7,18275.0,18325.0,18345.0,18290.0,7201.0,659295750.0,199095
2023-05-09 21:01:30,al2306,al2306,18295.0,15.0,1372125.0,-6.0,82,18290.0,18295.0,31,18275.0,18325.0,18345.0,18290.0,7216.0,660667875.0,199089
2023-05-09 21:01:30,al2306,al2306,18295.0,0.0,0.0,0.0,83,18290.0,18295.0,37,18275.0,18325.0,18345.0,18290.0,7216.0,660667875.0,199089
2023-05-09 21:01:31,al2306,al2306,18295.0,6.0,548850.0,-4.0,82,18290.0,18295.0,11,18275.0,18325.0,18345.0,18290.0,7222.0,661216725.0,199085
2023-05-09 21:01:31,al2306,al2306,18295.0,27.0,2469850.0,-11.0,6,18295.0,18300.0,115,18275.0,18325.0,18345.0,18290.0,7249.0,663686575.0,199074
2023-05-09 21:01:32,al2306,al2306,18295.0,3.0,274450.0,0.0,23,18295.0,18300.0,114,18275.0,18325.0,18345.0,18290.0,7252.0,663961025.0,199074
2023-05-09 21:01:32,al2306,al2306,18300.0,2.0,183000.0,2.0,27,18295.0,18300.0,113,18275.0,18325.0,18345.0,18290.0,7254.0,664144025.0,199076
2023-05-09 21:01:33,al2306,al2306,18300.0,1.0,91500.0,0.0,28,18295.0,18300.0,112,18275.0,18325.0,18345.0,18290.0,7255.0,664235525.0,199076
2023-05-09 21:01:33,al2306,al2306,18300.0,0.0,0.0,0.0,30,18295.0,18300.0,113,18275.0,18325.0,18345.0,18290.0,7255.0,664235525.0,199076
2023-05-09 21:01:34,al2306,al2306,18295.0,50.0,4573750.0,-10.0,91,18290.0,18300.0,113,18275.0,18325.0,18345.0,18290.0,7305.0,668809275.0,199066
2023-05-09 21:01:34,al2306,al2306,18295.0,3.0,274425.0,-3.0,82,18290.0,18295.0,19,18275.0,18325.0,18345.0,18290.0,7308.0,669083700.0,199063
2023-05-09 21:01:35,al2306,al2306,18295.0,29.0,2652850.0,16.0,1,18295.0,18300.0,114,18275.0,18325.0,18345.0,18290.0,7337.0,671736550.0,199079
2023-05-09 21:01:35,al2306,al2306,18295.0,2.0,182975.0,2.0,41,18295.0,18300.0,122,18275.0,18325.0,18345.0,18290.0,7339.0,671919525.0,199081
2023-05-09 21:01:36,al2306,al2306,18295.0,1.0,91475.0,0.0,42,18295.0,18300.0,122,18275.0,18325.0,18345.0,18290.0,7340.0,672011000.0,199081
2023-05-09 21:01:36,al2306,al2306,18295.0,9.0,823275.0,4.0,33,18295.0,18300.0,122,18275.0,18325.0,18345.0,18290.0,7349.0,672834275.0,199085
2023-05-09 21:01:37,al2306,al2306,18300.0,1.0,91500.0,0.0,7,18295.0,18300.0,121,18275.0,18325.0,18345.0,18290.0,7350.0,672925775.0,199085
2023-05-09 21:01:37,al2306,al2306,18300.0,1.0,91500.0,0.0,8,18295.0,18300.0,132,18275.0,18325.0,18345.0,18290.0,7351.0,673017275.0,199085
2023-05-09 21:01:38,al2306,al2306,18295.0,10.0,914725.0,-2.0,69,18290.0,18295.0,22,18275.0,18325.0,18345.0,18290.0,7361.0,673932000.0,199083
2023-05-09 21:01:38,al2306,al2306,18295.0,0.0,0.0,0.0,72,18290.0,18295.0,34,18275.0,18325.0,18345.0,18290.0,7361.0,673932000.0,199083
2023-05-09 21:01:39,al2306,al2306,18290.0,23.0,2103850.0,5.0,69,18290.0,18295.0,19,18275.0,18325.0,18345.0,18290.0,7384.0,676035850.0,199088
2023-05-09 21:01:39,al2306,al2306,18295.0,19.0,1738025.0,-10.0,3,18295.0,18300.0,131,18275.0,18325.0,18345.0,18290.0,7403.0,677773875.0,199078
2023-05-09 21:01:40,al2306,al2306,18295.0,5.0,457375.0,-3.0,6,18295.0,18300.0,134,18275.0,18325.0,18345.0,18290.0,7408.0,678231250.0,199075
2023-05-09 21:01:40,al2306,al2306,18295.0,23.0,2104200.0,-9.0,81,18290.0,18300.0,123,18275.0,18325.0,18345.0,18290.0,7431.0,680335450.0,199066
2023-05-09 21:01:41,al2306,al2306,18295.0,4.0,365900.0,0.0,84,18290.0,18295.0,3,18275.0,18325.0,18345.0,18290.0,7435.0,680701350.0,199066
2023-05-09 21:01:41,al2306,al2306,18290.0,9.0,823150.0,-7.0,91,18290.0,18295.0,21,18275.0,18325.0,18345.0,18290.0,7444.0,681524500.0,199059
2023-05-09 21:01:42,al2306,al2306,18290.0,0.0,0.0,0.0,92,18290.0,18295.0,22,18275.0,18325.0,18345.0,18290.0,7444.0,681524500.0,199059
2023-05-09 21:01:42,al2306,al2306,18290.0,6.0,548775.0,1.0,89,18290.0,18295.0,19,18275.0,18325.0,18345.0,18290.0,7450.0,682073275.0,199060
2023-05-09 21:01:43,al2306,al2306,18295.0,15.0,1372000.0,-5.0,89,18290.0,18295.0,8,18275.0,18325.0,18345.0,18290.0,7465.0,683445275.0,199055
2023-05-09 21:01:43,al2306,al2306,18295.0,13.0,1189150.0,-11.0,88,18290.0,18295.0,18,18275.0,18325.0,18345.0,18290.0,7478.0,684634425.0,199044
2023-05-09 21:01:44,al2306,al2306,18295.0,16.0,1463550.0,-13.0,96,18290.0,18295.0,10,18275.0,18325.0,18345.0,18290.0,7494.0,686097975.0,199031
2023-05-09 21:01:44,al2306,al2306,18295.0,2.0,182950.0,-2.0,97,18290.0,18295.0,5,18275.0,18325.0,18345.0,18290.0,7496.0,686280925.0,199029
2023-05-09 21:01:45,al2306,al2306,18295.0,8.0,731800.0,-4.0,97,18290.0,18295.0,18,18275.0,18325.0,18345.0,18290.0,7504.0,687012725.0,199025
2023-05-09 21:01:45,al2306,al2306,18295.0,0.0,0.0,0.0,114,18290.0,18295.0,23,18275.0,18325.0,18345.0,18290.0,7504.0,687012725.0,199025
2023-05-09 21:01:46,al2306,al2306,18295.0,2.0,182925.0,0.0,114,18290.0,18295.0,19,18275.0,18325.0,18345.0,18290.0,7506.0,687195650.0,199025
2023-05-09 21:01:46,al2306,al2306,18295.0,4.0,365900.0,-4.0,1,18295.0,18300.0,136,18275.0,18325.0,18345.0,18290.0,7510.0,687561550.0,199021
2023-05-09 21:01:47,al2306,al2306,18295.0,14.0,1280625.0,-1.0,121,18290.0,18295.0,7,18275.0,18325.0,18345.0,18290.0,7524.0,688842175.0,199020
2023-05-09 21:01:47,al2306,al2306,18295.0,4.0,365900.0,0.0,129,18290.0,18295.0,5,18275.0,18325.0,18345.0,18290.0,7528.0,689208075.0,199020
2023-05-09 21:01:48,al2306,al2306,18300.0,83.0,7594400.0,37.0,26,18295.0,18300.0,64,18275.0,18325.0,18345.0,18290.0,7611.0,696802475.0,199057
2023-05-09 21:01:48,al2306,al2306,18300.0,0.0,0.0,0.0,50,18295.0,18300.0,64,18275.0,18325.0,18345.0,18290.0,7611.0,696802475.0,199057
2023-05-09 21:01:49,al2306,al2306,18300.0,2.0,183000.0,0.0,51,18295.0,18300.0,64,18275.0,18325.0,18345.0,18290.0,7613.0,696985475.0,199057
2023-05-09 21:01:49,al2306,al2306,18295.0,33.0,3018675.0,0.0,43,18295.0,18300.0,76,18275.0,18325.0,18345.0,18290.0,7646.0,700004150.0,199057
2023-05-09 21:01:50,al2306,al2306,18295.0,2.0,182950.0,1.0,44,18295.0,18300.0,77,18275.0,18325.0,18345.0,18290.0,7648.0,700187100.0,199058
2023-05-09 21:01:50,al2306,al2306,18295.0,0.0,0.0,0.0,44,18295.0,18300.0,79,18275.0,18325.0,18345.0,18290.0,7648.0,700187100.0,199058
2023-05-09 21:01:51,al2306,al2306,18295.0,5.0,457375.0,5.0,57,18295.0,18300.0,80,18275.0,18325.0,18345.0,18290.0,7653.0,700644475.0,199063
2023-05-09 21:01:51,al2306,al2306,18295.0,2.0,182950.0,2.0,55,18295.0,18300.0,83,18275.0,18325.0,18345.0,18290.0,7655.0,700827425.0,199065
2023-05-09 21:01:52,al2306,al2306,18295.0,3.0,274450.0,1.0,53,18295.0,18300.0,82,18275.0,18325.0,18345.0,18290.0,7658.0,701101875.0,199066
2023-05-09 21:01:52,al2306,al2306,18295.0,9.0,823475.0,3.0,72,18295.0,18300.0,74,18275.0,18325.0,18345.0,18290.0,7667.0,701925350.0,199069
2023-05-09 21:01:53,al2306,al2306,18295.0,5.0,457375.0,-5.0,68,18295.0,18300.0,73,18275.0,18325.0,18345.0,18290.0,7672.0,702382725.0,199064
2023-05-09 21:01:53,al2306,al2306,18295.0,0.0,0.0,0.0,68,18295.0,18300.0,75,18275.0,18325.0,18345.0,18290.0,7672.0,702382725.0,199064
2023-05-09 21:01:54,al2306,al2306,18295.0,10.0,914750.0,8.0,65,18295.0,18300.0,75,18275.0,18325.0,18345.0,18290.0,7682.0,703297475.0,199072
2023-05-09 21:01:54,al2306,al2306,18295.0,7.0,640325.0,3.0,59,18295.0,18300.0,95,18275.0,18325.0,18345.0,18290.0,7689.0,703937800.0,199075
2023-05-09 21:01:55,al2306,al2306,18300.0,45.0,4116400.0,34.0,19,18295.0,18300.0,91,18275.0,18325.0,18345.0,18290.0,7734.0,708054200.0,199109
2023-05-09 21:01:55,al2306,al2306,18295.0,21.0,1920975.0,5.0,1,18295.0,18300.0,93,18275.0,18325.0,18345.0,18290.0,7755.0,709975175.0,199114
2023-05-09 21:01:56,al2306,al2306,18295.0,1.0,91475.0,0.0,144,18290.0,18295.0,18,18275.0,18325.0,18345.0,18290.0,7756.0,710066650.0,199114
2023-05-09 21:01:56,al2306,al2306,18295.0,0.0,0.0,0.0,132,18290.0,18295.0,20,18275.0,18325.0,18345.0,18290.0,7756.0,710066650.0,199114
2023-05-09 21:01:57,al2306,al2306,18295.0,5.0,457375.0,5.0,134,18290.0,18295.0,25,18275.0,18325.0,18345.0,18290.0,7761.0,710524025.0,199119
2023-05-09 21:01:57,al2306,al2306,18295.0,1.0,91475.0,1.0,134,18290.0,18295.0,26,18275.0,18325.0,18345.0,18290.0,7762.0,710615500.0,199120
2023-05-09 21:01:58,al2306,al2306,18295.0,1.0,91475.0,1.0,134,18290.0,18295.0,24,18275.0,18325.0,18345.0,18290.0,7763.0,710706975.0,199121
2023-05-09 21:01:58,al2306,al2306,18295.0,23.0,2103925.0,11.0,1,18295.0,18300.0,109,18275.0,18325.0,18345.0,18290.0,7786.0,712810900.0,199132
2023-05-09 21:01:59,al2306,al2306,18295.0,3.0,274425.0,2.0,18,18295.0,18300.0,111,18275.0,18325.0,18345.0,18290.0,7789.0,713085325.0,199134
2023-05-09 21:01:59,al2306,al2306,18295.0,15.0,1372125.0,-6.0,136,18290.0,18300.0,114,18275.0,18325.0,18345.0,18290.0,7804.0,714457450.0,199128
2023-05-09 21:02:00,al2306,al2306,18290.0,5.0,457250.0,3.0,131,18290.0,18295.0,35,18275.0,18325.0,18345.0,18290.0,7809.0,714914700.0,199131
2023-05-09 21:02:00,al2306,al2306,18290.0,0.0,0.0,0.0,125,18290.0,18295.0,48,18275.0,18325.0,18345.0,18290.0,7809.0,714914700.0,199131
2023-05-09 21:02:01,al2306,al2306,18295.0,1.0,91475.0,0.0,144,18290.0,18295.0,49,18275.0,18325.0,18345.0,18290.0,7810.0,715006175.0,199131
2023-05-09 21:02:01,al2306,al2306,18295.0,0.0,0.0,0.0,144,18290.0,18295.0,51,18275.0,18325.0,18345.0,18290.0,7810.0,715006175.0,199131
2023-05-09 21:02:02,al2306,al2306,18290.0,1.0,91450.0,-1.0,143,18290.0,18295.0,66,18275.0,18325.0,18345.0,18290.0,7811.0,715097625.0,199130
2023-05-09 21:02:02,al2306,al2306,18295.0,40.0,3658975.0,-17.0,144,18290.0,18295.0,49,18275.0,18325.0,18345.0,18290.0,7851.0,718756600.0,199113
2023-05-09 21:02:03,al2306,al2306,18290.0,1.0,91450.0,-1.0,143,18290.0,18295.0,49,18275.0,18325.0,18345.0,18290.0,7852.0,718848050.0,199112
2023-05-09 21:02:03,al2306,al2306,18295.0,4.0,365900.0,-1.0,139,18290.0,18295.0,48,18275.0,18325.0,18345.0,18290.0,7856.0,719213950.0,199111
2023-05-09 21:02:04,al2306,al2306,18295.0,2.0,182950.0,2.0,139,18290.0,18295.0,47,18275.0,18325.0,18345.0,18290.0,7858.0,719396900.0,199113
2023-05-09 21:02:04,al2306,al2306,18290.0,1.0,91450.0,0.0,138,18290.0,18295.0,66,18275.0,18325.0,18345.0,18290.0,7859.0,719488350.0,199113
2023-05-09 21:02:05,al2306,al2306,18290.0,25.0,2286475.0,-14.0,115,18290.0,18295.0,63,18275.0,18325.0,18345.0,18290.0,7884.0,721774825.0,199099
2023-05-09 21:02:05,al2306,al2306,18295.0,10.0,914725.0,-7.0,114,18290.0,18295.0,60,18275.0,18325.0,18345.0,18290.0,7894.0,722689550.0,199092
2023-05-09 21:02:06,al2306,al2306,18290.0,1.0,91450.0,0.0,133,18290.0,18295.0,41,18275.0,18325.0,18345.0,18290.0,7895.0,722781000.0,199092
2023-05-09 21:02:06,al2306,al2306,18295.0,43.0,3933650.0,-37.0,11,18295.0,18300.0,95,18275.0,18325.0,18345.0,18290.0,7938.0,726714650.0,199055
2023-05-09 21:02:07,al2306,al2306,18295.0,3.0,274450.0,0.0,60,18295.0,18300.0,96,18275.0,18325.0,18345.0,18290.0,7941.0,726989100.0,199055
2023-05-09 21:02:07,al2306,al2306,18300.0,4.0,365975.0,0.0,82,18295.0,18300.0,94,18275.0,18325.0,18345.0,18290.0,7945.0,727355075.0,199055
2023-05-09 21:02:08,al2306,al2306,18295.0,1.0,91475.0,0.0,85,18295.0,18300.0,94,18275.0,18325.0,18345.0,18290.0,7946.0,727446550.0,199055
2023-05-09 21:02:08,al2306,al2306,18300.0,2.0,183000.0,0.0,85,18295.0,18300.0,98,18275.0,18325.0,18345.0,18290.0,7948.0,727629550.0,199055
2023-05-09 21:02:09,al2306,al2306,18300.0,16.0,1463625.0,-7.0,70,18295.0,18300.0,98,18275.0,18325.0,18345.0,18290.0,7964.0,729093175.0,199048
2023-05-09 21:02:09,al2306,al2306,18295.0,51.0,4665250.0,-36.0,121,18290.0,18295.0,24,18275.0,18325.0,18345.0,18290.0,8015.0,733758425.0,199012
2023-05-09 21:02:10,al2306,al2306,18295.0,18.0,1646375.0,-11.0,117,18290.0,18295.0,40,18275.0,18325.0,18345.0,18290.0,8033.0,735404800.0,199001
2023-05-09 21:02:10,al2306,al2306,18295.0,2.0,182925.0,-1.0,99,18290.0,18295.0,43,18275.0,18325.0,18345.0,18290.0,8035.0,735587725.0,199000
2023-05-09 21:02:11,al2306,al2306,18295.0,16.0,1463225.0,12.0,86,18290.0,18295.0,51,18275.0,18325.0,18345.0,18290.0,8051.0,737050950.0,199012
2023-05-09 21:02:11,al2306,al2306,18290.0,54.0,4939575.0,11.0,91,18290.0,18295.0,9,18275.0,18325.0,18345.0,18290.0,8105.0,741990525.0,199023
2023-05-09 21:02:12,al2306,al2306,18295.0,10.0,914750.0,-3.0,93,18290.0,18295.0,11,18275.0,18325.0,18345.0,18290.0,8115.0,742905275.0,199020
2023-05-09 21:02:12,al2306,al2306,18295.0,16.0,1463600.0,0.0,94,18290.0,18295.0,28,18275.0,18325.0,18345.0,18290.0,8131.0,744368875.0,199020
2023-05-09 21:02:13,al2306,al2306,18300.0,31.0,2835750.0,-4.0,1,18295.0,18300.0,101,18275.0,18325.0,18345.0,18290.0,8162.0,747204625.0,199016
2023-05-09 21:02:13,al2306,al2306,18295.0,15.0,1372125.0,-5.0,16,18295.0,18300.0,104,18275.0,18325.0,18345.0,18290.0,8177.0,748576750.0,199011
2023-05-09 21:02:14,al2306,al2306,18295.0,18.0,1646550.0,0.0,82,18290.0,18300.0,107,18275.0,18325.0,18345.0,18290.0,8195.0,750223300.0,199011
2023-05-09 21:02:14,al2306,al2306,18295.0,1.0,91475.0,0.0,85,18290.0,18295.0,3,18275.0,18325.0,18345.0,18290.0,8196.0,750314775.0,199011
2023-05-09 21:02:15,al2306,al2306,18290.0,4.0,365875.0,-1.0,90,18290.0,18295.0,1,18275.0,18325.0,18345.0,18290.0,8200.0,750680650.0,199010
2023-05-09 21:02:15,al2306,al2306,18295.0,3.0,274425.0,-2.0,90,18290.0,18300.0,107,18275.0,18325.0,18345.0,18290.0,8203.0,750955075.0,199008
2023-05-09 21:02:16,al2306,al2306,18300.0,1.0,91500.0,0.0,3,18295.0,18300.0,117,18275.0,18325.0,18345.0,18290.0,8204.0,751046575.0,199008
2023-05-09 21:02:16,al2306,al2306,18290.0,95.0,8687825.0,-57.0,79,18285.0,18290.0,204,18275.0,18325.0,18345.0,18290.0,8299.0,759734400.0,198951
2023-05-09 21:02:17,al2306,al2306,18285.0,72.0,6582600.0,-47.0,89,18280.0,18285.0,4,18275.0,18325.0,18345.0,18285.0,8371.0,766317000.0,198904
2023-05-09 21:02:17,al2306,al2306,18285.0,28.0,2559850.0,-3.0,1,18285.0,18290.0,227,18275.0,18325.0,18345.0,18280.0,8399.0,768876850.0,198901
2023-05-09 21:02:18,al2306,al2306,18290.0,37.0,3382750.0,-24.0,4,18285.0,18290.0,227,18275.0,18325.0,18345.0,18280.0,8436.0,772259600.0,198877
2023-05-09 21:02:18,al2306,al2306,18290.0,27.0,2468500.0,-1.0,1,18285.0,18290.0,226,18275.0,18325.0,18345.0,18280.0,8463.0,774728100.0,198876
2023-05-09 21:02:19,al2306,al2306,18290.0,22.0,2011375.0,6.0,113,18280.0,18290.0,225,18275.0,18325.0,18345.0,18280.0,8485.0,776739475.0,198882
2023-05-09 21:02:19,al2306,al2306,18290.0,5.0,457250.0,-5.0,1,18285.0,18290.0,223,18275.0,18325.0,18345.0,18280.0,8490.0,777196725.0,198877
2023-05-09 21:02:20,al2306,al2306,18285.0,25.0,2285625.0,15.0,3,18285.0,18290.0,220,18275.0,18325.0,18345.0,18280.0,8515.0,779482350.0,198892
2023-05-09 21:02:20,al2306,al2306,18285.0,29.0,2651325.0,-4.0,104,18280.0,18290.0,222,18275.0,18325.0,18345.0,18280.0,8544.0,782133675.0,198888
2023-05-09 21:02:21,al2306,al2306,18285.0,0.0,0.0,0.0,142,18280.0,18285.0,5,18275.0,18325.0,18345.0,18280.0,8544.0,782133675.0,198888
2023-05-09 21:02:21,al2306,al2306,18290.0,15.0,1371600.0,-11.0,14,18285.0,18290.0,214,18275.0,18325.0,18345.0,18280.0,8559.0,783505275.0,198877
2023-05-09 21:02:22,al2306,al2306,18290.0,3.0,274325.0,-1.0,71,18285.0,18290.0,213,18275.0,18325.0,18345.0,18280.0,8562.0,783779600.0,198876
2023-05-09 21:02:22,al2306,al2306,18285.0,34.0,3109175.0,-32.0,87,18285.0,18290.0,178,18275.0,18325.0,18345.0,18280.0,8596.0,786888775.0,198844
2023-05-09 21:02:23,al2306,al2306,18290.0,4.0,365800.0,-4.0,90,18285.0,18290.0,171,18275.0,18325.0,18345.0,18280.0,8600.0,787254575.0,198840
2023-05-09 21:02:23,al2306,al2306,18290.0,2.0,182900.0,-2.0,90,18285.0,18290.0,168,18275.0,18325.0,18345.0,18280.0,8602.0,787437475.0,198838
2023-05-09 21:02:24,al2306,al2306,18285.0,1.0,91425.0,0.0,90,18285.0,18290.0,169,18275.0,18325.0,18345.0,18280.0,8603.0,787528900.0,198838
2023-05-09 21:02:24,al2306,al2306,18290.0,1.0,91450.0,-1.0,90,18285.0,18290.0,168,18275.0,18325.0,18345.0,18280.0,8604.0,787620350.0,198837
2023-05-09 21:02:25,al2306,al2306,18290.0,1.0,91450.0,0.0,96,18285.0,18290.0,168,18275.0,18325.0,18345.0,18280.0,8605.0,787711800.0,198837
2023-05-09 21:02:25,al2306,al2306,18290.0,1.0,91450.0,-1.0,98,18285.0,18290.0,167,18275.0,18325.0,18345.0,18280.0,8606.0,787803250.0,198836
2023-05-09 21:02:26,al2306,al2306,18290.0,169.0,15455025.0,-27.0,10,18290.0,18295.0,53,18275.0,18325.0,18345.0,18280.0,8775.0,803258275.0,198809
2023-05-09 21:02:26,al2306,al2306,18290.0,0.0,0.0,0.0,46,18290.0,18295.0,58,18275.0,18325.0,18345.0,18280.0,8775.0,803258275.0,198809
2023-05-09 21:02:27,al2306,al2306,18290.0,4.0,365800.0,4.0,52,18290.0,18295.0,65,18275.0,18325.0,18345.0,18280.0,8779.0,803624075.0,198813
2023-05-09 21:02:27,al2306,al2306,18295.0,4.0,365900.0,-1.0,53,18290.0,18295.0,61,18275.0,18325.0,18345.0,18280.0,8783.0,803989975.0,198812
2023-05-09 21:02:28,al2306,al2306,18295.0,1.0,91475.0,0.0,53,18290.0,18295.0,60,18275.0,18325.0,18345.0,18280.0,8784.0,804081450.0,198812
2023-05-09 21:02:29,al2306,al2306,18290.0,1.0,91450.0,0.0,52,18290.0,18295.0,54,18275.0,18325.0,18345.0,18280.0,8785.0,804172900.0,198812
2023-05-09 21:02:29,al2306,al2306,18295.0,7.0,640325.0,7.0,60,18290.0,18295.0,29,18275.0,18325.0,18345.0,18280.0,8792.0,804813225.0,198819
2023-05-09 21:02:30,al2306,al2306,18295.0,7.0,640325.0,2.0,64,18290.0,18295.0,22,18275.0,18325.0,18345.0,18280.0,8799.0,805453550.0,198821
2023-05-09 21:02:30,al2306,al2306,18295.0,3.0,274425.0,0.0,74,18290.0,18295.0,21,18275.0,18325.0,18345.0,18280.0,8802.0,805727975.0,198821
2023-05-09 21:02:31,al2306,al2306,18295.0,4.0,365900.0,1.0,74,18290.0,18295.0,18,18275.0,18325.0,18345.0,18280.0,8806.0,806093875.0,198822
2023-05-09 21:02:31,al2306,al2306,18295.0,1.0,91475.0,0.0,75,18290.0,18295.0,39,18275.0,18325.0,18345.0,18280.0,8807.0,806185350.0,198822
2023-05-09 21:02:32,al2306,al2306,18290.0,1.0,91450.0,0.0,74,18290.0,18295.0,40,18275.0,18325.0,18345.0,18280.0,8808.0,806276800.0,198822
2023-05-09 21:02:32,al2306,al2306,18290.0,0.0,0.0,0.0,75,18290.0,18295.0,104,18275.0,18325.0,18345.0,18280.0,8808.0,806276800.0,198822
2023-05-09 21:02:33,al2306,al2306,18290.0,1.0,91450.0,-1.0,73,18290.0,18295.0,104,18275.0,18325.0,18345.0,18280.0,8809.0,806368250.0,198821
2023-05-09 21:02:33,al2306,al2306,18295.0,5.0,457375.0,0.0,44,18290.0,18295.0,100,18275.0,18325.0,18345.0,18280.0,8814.0,806825625.0,198821
2023-05-09 21:02:34,al2306,al2306,18295.0,1.0,91475.0,1.0,42,18290.0,18295.0,99,18275.0,18325.0,18345.0,18280.0,8815.0,806917100.0,198822
2023-05-09 21:02:34,al2306,al2306,18295.0,0.0,0.0,0.0,43,18290.0,18295.0,101,18275.0,18325.0,18345.0,18280.0,8815.0,806917100.0,198822
2023-05-09 21:02:35,al2306,al2306,18295.0,12.0,1097700.0,4.0,44,18290.0,18295.0,90,18275.0,18325.0,18345.0,18280.0,8827.0,808014800.0,198826
2023-05-09 21:02:35,al2306,al2306,18295.0,1.0,91475.0,0.0,50,18290.0,18295.0,89,18275.0,18325.0,18345.0,18280.0,8828.0,808106275.0,198826
2023-05-09 21:02:36,al2306,al2306,18295.0,0.0,0.0,0.0,71,18290.0,18295.0,97,18275.0,18325.0,18345.0,18280.0,8828.0,808106275.0,198826
2023-05-09 21:02:36,al2306,al2306,18295.0,1.0,91475.0,0.0,71,18290.0,18295.0,100,18275.0,18325.0,18345.0,18280.0,8829.0,808197750.0,198826
2023-05-09 21:02:37,al2306,al2306,18295.0,1.0,91475.0,1.0,71,18290.0,18295.0,101,18275.0,18325.0,18345.0,18280.0,8830.0,808289225.0,198827
2023-05-09 21:02:37,al2306,al2306,18295.0,1.0,91475.0,0.0,71,18290.0,18295.0,102,18275.0,18325.0,18345.0,18280.0,8831.0,808380700.0,198827
2023-05-09 21:02:38,al2306,al2306,18295.0,2.0,182950.0,2.0,71,18290.0,18295.0,101,18275.0,18325.0,18345.0,18280.0,8833.0,808563650.0,198829
2023-05-09 21:02:38,al2306,al2306,18290.0,22.0,2011925.0,-14.0,50,18290.0,18295.0,112,18275.0,18325.0,18345.0,18280.0,8855.0,810575575.0,198815
2023-05-09 21:02:39,al2306,al2306,18290.0,22.0,2011900.0,-18.0,7,18290.0,18295.0,113,18275.0,18325.0,18345.0,18280.0,8877.0,812587475.0,198797
2023-05-09 21:02:39,al2306,al2306,18295.0,16.0,1463225.0,3.0,7,18290.0,18295.0,117,18275.0,18325.0,18345.0,18280.0,8893.0,814050700.0,198800
2023-05-09 21:02:40,al2306,al2306,18295.0,9.0,823225.0,9.0,5,18290.0,18295.0,117,18275.0,18325.0,18345.0,18280.0,8902.0,814873925.0,198809
2023-05-09 21:02:40,al2306,al2306,18295.0,9.0,823275.0,-3.0,33,18290.0,18295.0,110,18275.0,18325.0,18345.0,18280.0,8911.0,815697200.0,198806
2023-05-09 21:02:41,al2306,al2306,18290.0,4.0,365825.0,2.0,56,18290.0,18295.0,109,18275.0,18325.0,18345.0,18280.0,8915.0,816063025.0,198808
2023-05-09 21:02:41,al2306,al2306,18290.0,0.0,0.0,0.0,57,18290.0,18295.0,112,18275.0,18325.0,18345.0,18280.0,8915.0,816063025.0,198808
2023-05-09 21:02:42,al2306,al2306,18290.0,6.0,548825.0,1.0,56,18290.0,18295.0,107,18275.0,18325.0,18345.0,18280.0,8921.0,816611850.0,198809
2023-05-09 21:02:42,al2306,al2306,18290.0,6.0,548825.0,-1.0,55,18290.0,18295.0,92,18275.0,18325.0,18345.0,18280.0,8927.0,817160675.0,198808
2023-05-09 21:02:43,al2306,al2306,18295.0,1.0,91475.0,0.0,54,18290.0,18295.0,93,18275.0,18325.0,18345.0,18280.0,8928.0,817252150.0,198808
2023-05-09 21:02:43,al2306,al2306,18295.0,1.0,91475.0,-1.0,55,18290.0,18295.0,93,18275.0,18325.0,18345.0,18280.0,8929.0,817343625.0,198807
2023-05-09 21:02:44,al2306,al2306,18290.0,3.0,274350.0,3.0,55,18290.0,18295.0,94,18275.0,18325.0,18345.0,18280.0,8932.0,817617975.0,198810
2023-05-09 21:02:44,al2306,al2306,18295.0,1.0,91475.0,-1.0,61,18290.0,18295.0,92,18275.0,18325.0,18345.0,18280.0,8933.0,817709450.0,198809
2023-05-09 21:02:45,al2306,al2306,18290.0,5.0,457325.0,1.0,58,18290.0,18295.0,89,18275.0,18325.0,18345.0,18280.0,8938.0,818166775.0,198810
2023-05-09 21:02:45,al2306,al2306,18295.0,1.0,91475.0,-1.0,58,18290.0,18295.0,90,18275.0,18325.0,18345.0,18280.0,8939.0,818258250.0,198809
2023-05-09 21:02:46,al2306,al2306,18295.0,3.0,274375.0,1.0,57,18290.0,18295.0,89,18275.0,18325.0,18345.0,18280.0,8942.0,818532625.0,198810
2023-05-09 21:02:46,al2306,al2306,18295.0,5.0,457375.0,-1.0,57,18290.0,18295.0,84,18275.0,18325.0,18345.0,18280.0,8947.0,818990000.0,198809
2023-05-09 21:02:47,al2306,al2306,18290.0,23.0,2103350.0,-1.0,34,18290.0,18295.0,111,18275.0,18325.0,18345.0,18280.0,8970.0,821093350.0,198808
2023-05-09 21:02:47,al2306,al2306,18290.0,1.0,91450.0,-1.0,15,18290.0,18295.0,119,18275.0,18325.0,18345.0,18280.0,8971.0,821184800.0,198807
2023-05-09 21:02:48,al2306,al2306,18290.0,1.0,91450.0,0.0,14,18290.0,18295.0,120,18275.0,18325.0,18345.0,18280.0,8972.0,821276250.0,198807
2023-05-09 21:02:48,al2306,al2306,18290.0,1.0,91450.0,0.0,13,18290.0,18295.0,122,18275.0,18325.0,18345.0,18280.0,8973.0,821367700.0,198807
2023-05-09 21:02:49,al2306,al2306,18290.0,3.0,274375.0,-1.0,11,18290.0,18295.0,123,18275.0,18325.0,18345.0,18280.0,8976.0,821642075.0,198806
2023-05-09 21:02:49,al2306,al2306,18290.0,0.0,0.0,0.0,13,18290.0,18295.0,126,18275.0,18325.0,18345.0,18280.0,8976.0,821642075.0,198806
2023-05-09 21:02:50,al2306,al2306,18290.0,2.0,182900.0,0.0,23,18290.0,18295.0,127,18275.0,18325.0,18345.0,18280.0,8978.0,821824975.0,198806
2023-05-09 21:02:50,al2306,al2306,18295.0,4.0,365900.0,0.0,44,18290.0,18295.0,123,18275.0,18325.0,18345.0,18280.0,8982.0,822190875.0,198806
2023-05-09 21:02:51,al2306,al2306,18295.0,0.0,0.0,0.0,59,18290.0,18295.0,123,18275.0,18325.0,18345.0,18280.0,8982.0,822190875.0,198806
2023-05-09 21:02:51,al2306,al2306,18295.0,0.0,0.0,0.0,60,18290.0,18295.0,124,18275.0,18325.0,18345.0,18280.0,8982.0,822190875.0,198806
2023-05-09 21:02:52,al2306,al2306,18295.0,4.0,365900.0,-3.0,60,18290.0,18295.0,119,18275.0,18325.0,18345.0,18280.0,8986.0,822556775.0,198803
2023-05-09 21:02:52,al2306,al2306,18295.0,0.0,0.0,0.0,62,18290.0,18295.0,115,18275.0,18325.0,18345.0,18280.0,8986.0,822556775.0,198803
2023-05-09 21:02:53,al2306,al2306,18290.0,2.0,182900.0,0.0,76,18290.0,18295.0,115,18275.0,18325.0,18345.0,18280.0,8988.0,822739675.0,198803
2023-05-09 21:02:53,al2306,al2306,18295.0,1.0,91475.0,-1.0,78,18290.0,18295.0,115,18275.0,18325.0,18345.0,18280.0,8989.0,822831150.0,198802
2023-05-09 21:02:54,al2306,al2306,18290.0,1.0,91450.0,-1.0,77,18290.0,18295.0,116,18275.0,18325.0,18345.0,18280.0,8990.0,822922600.0,198801
2023-05-09 21:02:54,al2306,al2306,18295.0,7.0,640175.0,-1.0,71,18290.0,18295.0,115,18275.0,18325.0,18345.0,18280.0,8997.0,823562775.0,198800
2023-05-09 21:02:55,al2306,al2306,18295.0,7.0,640325.0,0.0,63,18290.0,18295.0,108,18275.0,18325.0,18345.0,18280.0,9004.0,824203100.0,198800
2023-05-09 21:02:55,al2306,al2306,18295.0,2.0,182925.0,-1.0,62,18290.0,18295.0,107,18275.0,18325.0,18345.0,18280.0,9006.0,824386025.0,198799
2023-05-09 21:02:56,al2306,al2306,18295.0,0.0,0.0,0.0,62,18290.0,18295.0,107,18275.0,18325.0,18345.0,18280.0,9006.0,824386025.0,198799
2023-05-09 21:02:56,al2306,al2306,18295.0,1.0,91475.0,-1.0,62,18290.0,18295.0,106,18275.0,18325.0,18345.0,18280.0,9007.0,824477500.0,198798
2023-05-09 21:02:57,al2306,al2306,18290.0,1.0,91450.0,-1.0,61,18290.0,18295.0,85,18275.0,18325.0,18345.0,18280.0,9008.0,824568950.0,198797
2023-05-09 21:02:57,al2306,al2306,18295.0,5.0,457375.0,-2.0,67,18290.0,18295.0,81,18275.0,18325.0,18345.0,18280.0,9013.0,825026325.0,198795
2023-05-09 21:02:58,al2306,al2306,18295.0,4.0,365900.0,-3.0,69,18290.0,18295.0,77,18275.0,18325.0,18345.0,18280.0,9017.0,825392225.0,198792
2023-05-09 21:02:58,al2306,al2306,18295.0,2.0,182950.0,-2.0,72,18290.0,18295.0,76,18275.0,18325.0,18345.0,18280.0,9019.0,825575175.0,198790
2023-05-09 21:02:59,al2306,al2306,18295.0,5.0,457375.0,-4.0,74,18290.0,18295.0,72,18275.0,18325.0,18345.0,18280.0,9024.0,826032550.0,198786
2023-05-09 21:02:59,al2306,al2306,18295.0,76.0,6952175.0,-15.0,10,18295.0,18300.0,120,18275.0,18325.0,18345.0,18280.0,9100.0,832984725.0,198771
2023-05-09 21:03:00,al2306,al2306,18295.0,2.0,182950.0,2.0,19,18295.0,18300.0,120,18275.0,18325.0,18345.0,18280.0,9102.0,833167675.0,198773
2023-05-09 21:03:00,al2306,al2306,18300.0,5.0,457475.0,0.0,20,18295.0,18300.0,119,18275.0,18325.0,18345.0,18280.0,9107.0,833625150.0,198773
2023-05-09 21:03:01,al2306,al2306,18300.0,4.0,366000.0,1.0,45,18295.0,18300.0,115,18275.0,18325.0,18345.0,18280.0,9111.0,833991150.0,198774
2023-05-09 21:03:01,al2306,al2306,18300.0,2.0,183000.0,2.0,54,18295.0,18300.0,109,18275.0,18325.0,18345.0,18280.0,9113.0,834174150.0,198776
2023-05-09 21:03:02,al2306,al2306,18300.0,2.0,183000.0,-1.0,54,18295.0,18300.0,108,18275.0,18325.0,18345.0,18280.0,9115.0,834357150.0,198775
2023-05-09 21:03:02,al2306,al2306,18295.0,10.0,914750.0,1.0,69,18295.0,18300.0,111,18275.0,18325.0,18345.0,18280.0,9125.0,835271900.0,198776
2023-05-09 21:03:03,al2306,al2306,18295.0,0.0,0.0,0.0,70,18295.0,18300.0,112,18275.0,18325.0,18345.0,18280.0,9125.0,835271900.0,198776
2023-05-09 21:03:03,al2306,al2306,18295.0,1.0,91475.0,-1.0,69,18295.0,18300.0,112,18275.0,18325.0,18345.0,18280.0,9126.0,835363375.0,198775
2023-05-09 21:03:04,al2306,al2306,18300.0,1.0,91500.0,0.0,72,18295.0,18300.0,112,18275.0,18325.0,18345.0,18280.0,9127.0,835454875.0,198775
2023-05-09 21:03:04,al2306,al2306,18295.0,3.0,274475.0,-2.0,69,18295.0,18300.0,127,18275.0,18325.0,18345.0,18280.0,9130.0,835729350.0,198773
2023-05-09 21:03:05,al2306,al2306,18295.0,4.0,365900.0,3.0,72,18295.0,18300.0,136,18275.0,18325.0,18345.0,18280.0,9134.0,836095250.0,198776
2023-05-09 21:03:06,al2306,al2306,18295.0,1.0,91475.0,1.0,71,18295.0,18300.0,136,18275.0,18325.0,18345.0,18280.0,9135.0,836186725.0,198777
2023-05-09 21:03:06,al2306,al2306,18295.0,0.0,0.0,0.0,77,18295.0,18300.0,138,18275.0,18325.0,18345.0,18280.0,9135.0,836186725.0,198777
2023-05-09 21:03:07,al2306,al2306,18300.0,1.0,91500.0,0.0,77,18295.0,18300.0,144,18275.0,18325.0,18345.0,18280.0,9136.0,836278225.0,198777
2023-05-09 21:03:07,al2306,al2306,18300.0,26.0,2379000.0,7.0,84,18295.0,18300.0,98,18275.0,18325.0,18345.0,18280.0,9162.0,838657225.0,198784
2023-05-09 21:03:08,al2306,al2306,18300.0,95.0,8692500.0,28.0,102,18295.0,18300.0,1,18275.0,18325.0,18345.0,18280.0,9257.0,847349725.0,198812
2023-05-09 21:03:08,al2306,al2306,18300.0,2.0,183000.0,-1.0,76,18300.0,18305.0,168,18275.0,18325.0,18345.0,18280.0,9259.0,847532725.0,198811
2023-05-09 21:03:09,al2306,al2306,18295.0,190.0,17382600.0,-90.0,14,18295.0,18300.0,31,18275.0,18325.0,18345.0,18280.0,9449.0,864915325.0,198721
2023-05-09 21:03:09,al2306,al2306,18300.0,6.0,548950.0,-6.0,52,18295.0,18300.0,56,18275.0,18325.0,18345.0,18280.0,9455.0,865464275.0,198715
2023-05-09 21:03:10,al2306,al2306,18300.0,29.0,2653500.0,5.0,58,18295.0,18300.0,33,18275.0,18325.0,18345.0,18280.0,9484.0,868117775.0,198720
2023-05-09 21:03:10,al2306,al2306,18300.0,0.0,0.0,0.0,64,18295.0,18300.0,30,18275.0,18325.0,18345.0,18280.0,9484.0,868117775.0,198720
2023-05-09 21:03:11,al2306,al2306,18295.0,2.0,182975.0,-1.0,66,18295.0,18300.0,28,18275.0,18325.0,18345.0,18280.0,9486.0,868300750.0,198719
2023-05-09 21:03:11,al2306,al2306,18300.0,15.0,1372500.0,13.0,67,18295.0,18300.0,19,18275.0,18325.0,18345.0,18280.0,9501.0,869673250.0,198732
2023-05-09 21:03:12,al2306,al2306,18300.0,1.0,91500.0,-1.0,67,18295.0,18300.0,35,18275.0,18325.0,18345.0,18280.0,9502.0,869764750.0,198731
2023-05-09 21:03:12,al2306,al2306,18300.0,0.0,0.0,0.0,69,18295.0,18300.0,36,18275.0,18325.0,18345.0,18280.0,9502.0,869764750.0,198731
2023-05-09 21:03:13,al2306,al2306,18300.0,3.0,274500.0,1.0,69,18295.0,18300.0,35,18275.0,18325.0,18345.0,18280.0,9505.0,870039250.0,198732
2023-05-09 21:03:13,al2306,al2306,18300.0,0.0,0.0,0.0,69,18295.0,18300.0,14,18275.0,18325.0,18345.0,18280.0,9505.0,870039250.0,198732
2023-05-09 21:03:14,al2306,al2306,18300.0,5.0,457500.0,1.0,69,18295.0,18300.0,18,18275.0,18325.0,18345.0,18280.0,9510.0,870496750.0,198733
2023-05-09 21:03:14,al2306,al2306,18300.0,4.0,366000.0,3.0,69,18295.0,18300.0,22,18275.0,18325.0,18345.0,18280.0,9514.0,870862750.0,198736
2023-05-09 21:03:15,al2306,al2306,18300.0,1.0,91500.0,-1.0,76,18295.0,18300.0,43,18275.0,18325.0,18345.0,18280.0,9515.0,870954250.0,198735
2023-05-09 21:03:15,al2306,al2306,18295.0,22.0,2012975.0,15.0,75,18295.0,18300.0,2,18275.0,18325.0,18345.0,18280.0,9537.0,872967225.0,198750
2023-05-09 21:03:16,al2306,al2306,18305.0,3.0,274525.0,-1.0,12,18300.0,18305.0,155,18275.0,18325.0,18345.0,18280.0,9540.0,873241750.0,198749
2023-05-09 21:03:16,al2306,al2306,18300.0,28.0,2562000.0,-8.0,78,18295.0,18300.0,1,18275.0,18325.0,18345.0,18280.0,9568.0,875803750.0,198741
2023-05-09 21:03:17,al2306,al2306,18300.0,3.0,274500.0,0.0,78,18295.0,18300.0,36,18275.0,18325.0,18345.0,18280.0,9571.0,876078250.0,198741
2023-05-09 21:03:17,al2306,al2306,18300.0,0.0,0.0,0.0,79,18295.0,18300.0,43,18275.0,18325.0,18345.0,18280.0,9571.0,876078250.0,198741
2023-05-09 21:03:18,al2306,al2306,18300.0,2.0,183000.0,1.0,79,18295.0,18300.0,41,18275.0,18325.0,18345.0,18280.0,9573.0,876261250.0,198742
2023-05-09 21:03:18,al2306,al2306,18300.0,0.0,0.0,0.0,79,18295.0,18300.0,38,18275.0,18325.0,18345.0,18280.0,9573.0,876261250.0,198742
2023-05-09 21:03:19,al2306,al2306,18300.0,2.0,183000.0,1.0,79,18295.0,18300.0,36,18275.0,18325.0,18345.0,18280.0,9575.0,876444250.0,198743
2023-05-09 21:03:19,al2306,al2306,18300.0,0.0,0.0,0.0,80,18295.0,18300.0,37,18275.0,18325.0,18345.0,18280.0,9575.0,876444250.0,198743
2023-05-09 21:03:20,al2306,al2306,18300.0,5.0,457475.0,0.0,78,18295.0,18300.0,34,18275.0,18325.0,18345.0,18280.0,9580.0,876901725.0,198743
2023-05-09 21:03:20,al2306,al2306,18300.0,0.0,0.0,0.0,82,18295.0,18300.0,34,18275.0,18325.0,18345.0,18280.0,9580.0,876901725.0,198743
2023-05-09 21:03:21,al2306,al2306,18300.0,1.0,91500.0,0.0,82,18295.0,18300.0,35,18275.0,18325.0,18345.0,18280.0,9581.0,876993225.0,198743
2023-05-09 21:03:22,al2306,al2306,18300.0,2.0,183000.0,0.0,82,18295.0,18300.0,33,18275.0,18325.0,18345.0,18280.0,9583.0,877176225.0,198743
2023-05-09 21:03:22,al2306,al2306,18295.0,34.0,3110950.0,-26.0,80,18295.0,18300.0,7,18275.0,18325.0,18345.0,18280.0,9617.0,880287175.0,198717
2023-05-09 21:03:23,al2306,al2306,18300.0,3.0,274500.0,-2.0,84,18295.0,18300.0,26,18275.0,18325.0,18345.0,18280.0,9620.0,880561675.0,198715
2023-05-09 21:03:23,al2306,al2306,18300.0,0.0,0.0,0.0,85,18295.0,18300.0,41,18275.0,18325.0,18345.0,18280.0,9620.0,880561675.0,198715
2023-05-09 21:03:24,al2306,al2306,18300.0,1.0,91500.0,0.0,85,18295.0,18300.0,41,18275.0,18325.0,18345.0,18280.0,9621.0,880653175.0,198715
2023-05-09 21:03:24,al2306,al2306,18295.0,1.0,91475.0,0.0,84,18295.0,18300.0,41,18275.0,18325.0,18345.0,18280.0,9622.0,880744650.0,198715
2023-05-09 21:03:25,al2306,al2306,18300.0,2.0,183000.0,1.0,84,18295.0,18300.0,40,18275.0,18325.0,18345.0,18280.0,9624.0,880927650.0,198716
2023-05-09 21:03:25,al2306,al2306,18300.0,0.0,0.0,0.0,107,18295.0,18300.0,41,18275.0,18325.0,18345.0,18280.0,9624.0,880927650.0,198716
2023-05-09 21:03:26,al2306,al2306,18300.0,4.0,365925.0,3.0,106,18295.0,18300.0,43,18275.0,18325.0,18345.0,18280.0,9628.0,881293575.0,198719
2023-05-09 21:03:26,al2306,al2306,18300.0,2.0,183000.0,-2.0,107,18295.0,18300.0,42,18275.0,18325.0,18345.0,18280.0,9630.0,881476575.0,198717
2023-05-09 21:03:27,al2306,al2306,18300.0,1.0,91500.0,-1.0,107,18295.0,18300.0,44,18275.0,18325.0,18345.0,18280.0,9631.0,881568075.0,198716
2023-05-09 21:03:27,al2306,al2306,18300.0,0.0,0.0,0.0,107,18295.0,18300.0,44,18275.0,18325.0,18345.0,18280.0,9631.0,881568075.0,198716
2023-05-09 21:03:28,al2306,al2306,18300.0,10.0,914975.0,1.0,106,18295.0,18300.0,35,18275.0,18325.0,18345.0,18280.0,9641.0,882483050.0,198717
2023-05-09 21:03:28,al2306,al2306,18300.0,0.0,0.0,0.0,107,18295.0,18300.0,35,18275.0,18325.0,18345.0,18280.0,9641.0,882483050.0,198717
2023-05-09 21:03:29,al2306,al2306,18300.0,3.0,274500.0,-1.0,107,18295.0,18300.0,32,18275.0,18325.0,18345.0,18280.0,9644.0,882757550.0,198716
2023-05-09 21:03:29,al2306,al2306,18295.0,31.0,2835750.0,-3.0,77,18295.0,18300.0,33,18275.0,18325.0,18345.0,18280.0,9675.0,885593300.0,198713
2023-05-09 21:03:30,al2306,al2306,18300.0,1.0,91500.0,-1.0,77,18295.0,18300.0,52,18275.0,18325.0,18345.0,18280.0,9676.0,885684800.0,198712
2023-05-09 21:03:30,al2306,al2306,18300.0,0.0,0.0,0.0,77,18295.0,18300.0,52,18275.0,18325.0,18345.0,18280.0,9676.0,885684800.0,198712
2023-05-09 21:03:31,al2306,al2306,18300.0,2.0,183000.0,0.0,65,18295.0,18300.0,50,18275.0,18325.0,18345.0,18280.0,9678.0,885867800.0,198712
2023-05-09 21:03:31,al2306,al2306,18300.0,2.0,183000.0,-2.0,66,18295.0,18300.0,51,18275.0,18325.0,18345.0,18280.0,9680.0,886050800.0,198710
2023-05-09 21:03:33,al2306,al2306,18295.0,1.0,91475.0,0.0,65,18295.0,18300.0,51,18275.0,18325.0,18345.0,18280.0,9681.0,886142275.0,198710
2023-05-09 21:03:34,al2306,al2306,18295.0,1.0,91475.0,0.0,64,18295.0,18300.0,52,18275.0,18325.0,18345.0,18280.0,9682.0,886233750.0,198710
2023-05-09 21:03:34,al2306,al2306,18300.0,1.0,91500.0,-1.0,64,18295.0,18300.0,77,18275.0,18325.0,18345.0,18280.0,9683.0,886325250.0,198709
2023-05-09 21:03:35,al2306,al2306,18295.0,64.0,5854400.0,-24.0,89,18290.0,18295.0,4,18275.0,18325.0,18345.0,18280.0,9747.0,892179650.0,198685
2023-05-09 21:03:35,al2306,al2306,18295.0,4.0,365900.0,-2.0,90,18290.0,18295.0,27,18275.0,18325.0,18345.0,18280.0,9751.0,892545550.0,198683
2023-05-09 21:03:36,al2306,al2306,18290.0,4.0,365875.0,0.0,89,18290.0,18295.0,28,18275.0,18325.0,18345.0,18280.0,9755.0,892911425.0,198683
2023-05-09 21:03:36,al2306,al2306,18295.0,22.0,2012450.0,1.0,89,18290.0,18295.0,2,18275.0,18325.0,18345.0,18280.0,9777.0,894923875.0,198684
2023-05-09 21:03:37,al2306,al2306,18295.0,12.0,1097700.0,-7.0,34,18295.0,18300.0,98,18275.0,18325.0,18345.0,18280.0,9789.0,896021575.0,198677
2023-05-09 21:03:37,al2306,al2306,18300.0,16.0,1464000.0,7.0,49,18295.0,18300.0,88,18275.0,18325.0,18345.0,18280.0,9805.0,897485575.0,198684
2023-05-09 21:03:38,al2306,al2306,18300.0,30.0,2744875.0,1.0,53,18295.0,18300.0,62,18275.0,18325.0,18345.0,18280.0,9835.0,900230450.0,198685
2023-05-09 21:03:38,al2306,al2306,18300.0,22.0,2013000.0,4.0,55,18295.0,18300.0,19,18275.0,18325.0,18345.0,18280.0,9857.0,902243450.0,198689
2023-05-09 21:03:39,al2306,al2306,18290.0,120.0,10975450.0,81.0,47,18290.0,18300.0,61,18275.0,18325.0,18345.0,18280.0,9977.0,913218900.0,198770
2023-05-09 21:03:39,al2306,al2306,18290.0,1.0,91450.0,0.0,57,18290.0,18295.0,48,18275.0,18325.0,18345.0,18280.0,9978.0,913310350.0,198770
2023-05-09 21:03:40,al2306,al2306,18290.0,0.0,0.0,0.0,63,18290.0,18295.0,45,18275.0,18325.0,18345.0,18280.0,9978.0,913310350.0,198770
2023-05-09 21:03:40,al2306,al2306,18295.0,7.0,640325.0,7.0,63,18290.0,18295.0,37,18275.0,18325.0,18345.0,18280.0,9985.0,913950675.0,198777
2023-05-09 21:03:41,al2306,al2306,18295.0,8.0,731800.0,0.0,63,18290.0,18295.0,29,18275.0,18325.0,18345.0,18280.0,9993.0,914682475.0,198777
2023-05-09 21:03:41,al2306,al2306,18295.0,2.0,182950.0,-1.0,71,18290.0,18295.0,7,18275.0,18325.0,18345.0,18280.0,9995.0,914865425.0,198776
2023-05-09 21:03:42,al2306,al2306,18295.0,7.0,640325.0,5.0,6,18295.0,18300.0,75,18275.0,18325.0,18345.0,18280.0,10002.0,915505750.0,198781
2023-05-09 21:03:42,al2306,al2306,18295.0,0.0,0.0,0.0,84,18290.0,18300.0,75,18275.0,18325.0,18345.0,18280.0,10002.0,915505750.0,198781
2023-05-09 21:03:43,al2306,al2306,18295.0,0.0,0.0,0.0,84,18290.0,18300.0,77,18275.0,18325.0,18345.0,18280.0,10002.0,915505750.0,198781
2023-05-09 21:03:43,al2306,al2306,18290.0,1.0,91450.0,0.0,84,18290.0,18295.0,6,18275.0,18325.0,18345.0,18280.0,10003.0,915597200.0,198781
2023-05-09 21:03:44,al2306,al2306,18290.0,5.0,457350.0,-3.0,83,18290.0,18295.0,8,18275.0,18325.0,18345.0,18280.0,10008.0,916054550.0,198778
2023-05-09 21:03:44,al2306,al2306,18295.0,1.0,91475.0,0.0,83,18290.0,18295.0,30,18275.0,18325.0,18345.0,18280.0,10009.0,916146025.0,198778
2023-05-09 21:03:45,al2306,al2306,18295.0,0.0,0.0,0.0,75,18290.0,18295.0,30,18275.0,18325.0,18345.0,18280.0,10009.0,916146025.0,198778
2023-05-09 21:03:45,al2306,al2306,18295.0,0.0,0.0,0.0,75,18290.0,18295.0,30,18275.0,18325.0,18345.0,18280.0,10009.0,916146025.0,198778
2023-05-09 21:03:46,al2306,al2306,18295.0,22.0,2012450.0,1.0,79,18290.0,18295.0,8,18275.0,18325.0,18345.0,18280.0,10031.0,918158475.0,198779
2023-05-09 21:03:47,al2306,al2306,18295.0,8.0,731800.0,-1.0,1,18295.0,18300.0,83,18275.0,18325.0,18345.0,18280.0,10039.0,918890275.0,198778
2023-05-09 21:03:47,al2306,al2306,18295.0,1.0,91475.0,0.0,81,18290.0,18300.0,83,18275.0,18325.0,18345.0,18280.0,10040.0,918981750.0,198778
2023-05-09 21:03:48,al2306,al2306,18295.0,6.0,548850.0,-2.0,16,18295.0,18300.0,84,18275.0,18325.0,18345.0,18280.0,10046.0,919530600.0,198776
2023-05-09 21:03:48,al2306,al2306,18295.0,0.0,0.0,0.0,17,18295.0,18300.0,85,18275.0,18325.0,18345.0,18280.0,10046.0,919530600.0,198776
2023-05-09 21:03:49,al2306,al2306,18300.0,1.0,91500.0,0.0,26,18295.0,18300.0,85,18275.0,18325.0,18345.0,18280.0,10047.0,919622100.0,198776
2023-05-09 21:03:49,al2306,al2306,18300.0,0.0,0.0,0.0,33,18295.0,18300.0,85,18275.0,18325.0,18345.0,18280.0,10047.0,919622100.0,198776
2023-05-09 21:03:50,al2306,al2306,18295.0,1.0,91475.0,1.0,32,18295.0,18300.0,87,18275.0,18325.0,18345.0,18280.0,10048.0,919713575.0,198777
2023-05-09 21:03:50,al2306,al2306,18295.0,1.0,91475.0,1.0,10,18295.0,18300.0,87,18275.0,18325.0,18345.0,18280.0,10049.0,919805050.0,198778
2023-05-09 21:03:51,al2306,al2306,18295.0,10.0,914750.0,-3.0,83,18290.0,18295.0,3,18275.0,18325.0,18345.0,18280.0,10059.0,920719800.0,198775
2023-05-09 21:03:51,al2306,al2306,18295.0,1.0,91475.0,-1.0,93,18290.0,18295.0,47,18275.0,18325.0,18345.0,18280.0,10060.0,920811275.0,198774
2023-05-09 21:03:52,al2306,al2306,18290.0,1.0,91450.0,1.0,84,18290.0,18295.0,54,18275.0,18325.0,18345.0,18280.0,10061.0,920902725.0,198775
2023-05-09 21:03:52,al2306,al2306,18295.0,1.0,91475.0,0.0,89,18290.0,18295.0,53,18275.0,18325.0,18345.0,18280.0,10062.0,920994200.0,198775
2023-05-09 21:03:53,al2306,al2306,18295.0,0.0,0.0,0.0,89,18290.0,18295.0,52,18275.0,18325.0,18345.0,18280.0,10062.0,920994200.0,198775
2023-05-09 21:03:53,al2306,al2306,18290.0,9.0,823075.0,2.0,79,18290.0,18295.0,51,18275.0,18325.0,18345.0,18280.0,10071.0,921817275.0,198777
2023-05-09 21:03:55,al2306,al2306,18290.0,0.0,0.0,0.0,79,18290.0,18295.0,51,18275.0,18325.0,18345.0,18280.0,10071.0,921817275.0,198777
2023-05-09 21:03:55,al2306,al2306,18290.0,6.0,548700.0,1.0,74,18290.0,18295.0,52,18275.0,18325.0,18345.0,18280.0,10077.0,922365975.0,198778
2023-05-09 21:03:56,al2306,al2306,18290.0,1.0,91450.0,1.0,73,18290.0,18295.0,52,18275.0,18325.0,18345.0,18280.0,10078.0,922457425.0,198779
2023-05-09 21:03:56,al2306,al2306,18290.0,0.0,0.0,0.0,73,18290.0,18295.0,52,18275.0,18325.0,18345.0,18280.0,10078.0,922457425.0,198779
2023-05-09 21:03:57,al2306,al2306,18295.0,1.0,91475.0,0.0,73,18290.0,18295.0,51,18275.0,18325.0,18345.0,18280.0,10079.0,922548900.0,198779
2023-05-09 21:03:57,al2306,al2306,18295.0,2.0,182950.0,0.0,74,18290.0,18295.0,49,18275.0,18325.0,18345.0,18280.0,10081.0,922731850.0,198779
2023-05-09 21:03:58,al2306,al2306,18290.0,1.0,91450.0,0.0,73,18290.0,18295.0,49,18275.0,18325.0,18345.0,18280.0,10082.0,922823300.0,198779
2023-05-09 21:03:58,al2306,al2306,18290.0,0.0,0.0,0.0,74,18290.0,18295.0,54,18275.0,18325.0,18345.0,18280.0,10082.0,922823300.0,198779
2023-05-09 21:03:59,al2306,al2306,18290.0,0.0,0.0,0.0,74,18290.0,18295.0,65,18275.0,18325.0,18345.0,18280.0,10082.0,922823300.0,198779
2023-05-09 21:03:59,al2306,al2306,18290.0,1.0,91450.0,1.0,73,18290.0,18295.0,66,18275.0,18325.0,18345.0,18280.0,10083.0,922914750.0,198780
2023-05-09 21:04:00,al2306,al2306,18290.0,3.0,274350.0,1.0,70,18290.0,18295.0,69,18275.0,18325.0,18345.0,18280.0,10086.0,923189100.0,198781
2023-05-09 21:04:00,al2306,al2306,18295.0,43.0,3933425.0,-23.0,48,18290.0,18295.0,48,18275.0,18325.0,18345.0,18280.0,10129.0,927122525.0,198758
2023-05-09 21:04:01,al2306,al2306,18290.0,50.0,4572500.0,-24.0,18,18290.0,18295.0,70,18275.0,18325.0,18345.0,18280.0,10179.0,931695025.0,198734
2023-05-09 21:04:01,al2306,al2306,18290.0,19.0,1737550.0,-16.0,137,18285.0,18290.0,60,18275.0,18325.0,18345.0,18280.0,10198.0,933432575.0,198718
2023-05-09 21:04:02,al2306,al2306,18290.0,20.0,1829000.0,-6.0,110,18285.0,18290.0,39,18275.0,18325.0,18345.0,18280.0,10218.0,935261575.0,198712
2023-05-09 21:04:02,al2306,al2306,18290.0,0.0,0.0,0.0,115,18285.0,18290.0,37,18275.0,18325.0,18345.0,18280.0,10218.0,935261575.0,198712
2023-05-09 21:04:03,al2306,al2306,18290.0,28.0,2560600.0,4.0,115,18285.0,18290.0,5,18275.0,18325.0,18345.0,18280.0,10246.0,937822175.0,198716
2023-05-09 21:04:03,al2306,al2306,18290.0,6.0,548700.0,-4.0,20,18290.0,18295.0,81,18275.0,18325.0,18345.0,18280.0,10252.0,938370875.0,198712
2023-05-09 21:04:04,al2306,al2306,18290.0,0.0,0.0,0.0,49,18290.0,18295.0,83,18275.0,18325.0,18345.0,18280.0,10252.0,938370875.0,198712
2023-05-09 21:04:04,al2306,al2306,18290.0,0.0,0.0,0.0,54,18290.0,18295.0,91,18275.0,18325.0,18345.0,18280.0,10252.0,938370875.0,198712
2023-05-09 21:04:05,al2306,al2306,18290.0,2.0,182900.0,1.0,56,18290.0,18295.0,90,18275.0,18325.0,18345.0,18280.0,10254.0,938553775.0,198713
2023-05-09 21:04:05,al2306,al2306,18295.0,9.0,823075.0,-4.0,46,18290.0,18295.0,89,18275.0,18325.0,18345.0,18280.0,10263.0,939376850.0,198709
2023-05-09 21:04:06,al2306,al2306,18290.0,5.0,457250.0,0.0,42,18290.0,18295.0,89,18275.0,18325.0,18345.0,18280.0,10268.0,939834100.0,198709
2023-05-09 21:04:06,al2306,al2306,18295.0,24.0,2195400.0,-6.0,43,18290.0,18295.0,65,18275.0,18325.0,18345.0,18280.0,10292.0,942029500.0,198703
2023-05-09 21:04:07,al2306,al2306,18295.0,2.0,182925.0,-1.0,48,18290.0,18295.0,63,18275.0,18325.0,18345.0,18280.0,10294.0,942212425.0,198702
2023-05-09 21:04:07,al2306,al2306,18295.0,5.0,457375.0,0.0,48,18290.0,18295.0,58,18275.0,18325.0,18345.0,18280.0,10299.0,942669800.0,198702
2023-05-09 21:04:08,al2306,al2306,18295.0,1.0,91475.0,-1.0,51,18290.0,18295.0,58,18275.0,18325.0,18345.0,18280.0,10300.0,942761275.0,198701
2023-05-09 21:04:08,al2306,al2306,18295.0,0.0,0.0,0.0,51,18290.0,18295.0,61,18275.0,18325.0,18345.0,18280.0,10300.0,942761275.0,198701
2023-05-09 21:04:09,al2306,al2306,18295.0,1.0,91475.0,-1.0,56,18290.0,18295.0,61,18275.0,18325.0,18345.0,18280.0,10301.0,942852750.0,198700
2023-05-09 21:04:10,al2306,al2306,18295.0,1.0,91475.0,-1.0,56,18290.0,18295.0,62,18275.0,18325.0,18345.0,18280.0,10302.0,942944225.0,198699
2023-05-09 21:04:10,al2306,al2306,18295.0,0.0,0.0,0.0,56,18290.0,18295.0,63,18275.0,18325.0,18345.0,18280.0,10302.0,942944225.0,198699
2023-05-09 21:04:11,al2306,al2306,18295.0,2.0,182950.0,-1.0,56,18290.0,18295.0,65,18275.0,18325.0,18345.0,18280.0,10304.0,943127175.0,198698
2023-05-09 21:04:12,al2306,al2306,18295.0,2.0,182925.0,-1.0,55,18290.0,18295.0,64,18275.0,18325.0,18345.0,18280.0,10306.0,943310100.0,198697
2023-05-09 21:04:12,al2306,al2306,18295.0,0.0,0.0,0.0,55,18290.0,18295.0,75,18275.0,18325.0,18345.0,18280.0,10306.0,943310100.0,198697
2023-05-09 21:04:13,al2306,al2306,18295.0,5.0,457350.0,0.0,56,18290.0,18295.0,72,18275.0,18325.0,18345.0,18280.0,10311.0,943767450.0,198697
2023-05-09 21:04:13,al2306,al2306,18290.0,1.0,91450.0,-1.0,62,18290.0,18295.0,73,18275.0,18325.0,18345.0,18280.0,10312.0,943858900.0,198696
2023-05-09 21:04:14,al2306,al2306,18295.0,2.0,182950.0,-1.0,64,18290.0,18295.0,71,18275.0,18325.0,18345.0,18280.0,10314.0,944041850.0,198695
2023-05-09 21:04:15,al2306,al2306,18295.0,4.0,365850.0,-3.0,62,18290.0,18295.0,68,18275.0,18325.0,18345.0,18280.0,10318.0,944407700.0,198692
2023-05-09 21:04:15,al2306,al2306,18290.0,1.0,91450.0,-1.0,61,18290.0,18295.0,69,18275.0,18325.0,18345.0,18280.0,10319.0,944499150.0,198691
2023-05-09 21:04:16,al2306,al2306,18295.0,1.0,91475.0,-1.0,61,18290.0,18295.0,70,18275.0,18325.0,18345.0,18280.0,10320.0,944590625.0,198690
2023-05-09 21:04:16,al2306,al2306,18295.0,1.0,91475.0,-1.0,61,18290.0,18295.0,69,18275.0,18325.0,18345.0,18280.0,10321.0,944682100.0,198689
2023-05-09 21:04:17,al2306,al2306,18295.0,2.0,182925.0,-2.0,60,18290.0,18295.0,66,18275.0,18325.0,18345.0,18280.0,10323.0,944865025.0,198687
2023-05-09 21:04:17,al2306,al2306,18290.0,3.0,274375.0,0.0,59,18290.0,18295.0,65,18275.0,18325.0,18345.0,18280.0,10326.0,945139400.0,198687
2023-05-09 21:04:18,al2306,al2306,18295.0,1.0,91475.0,-1.0,59,18290.0,18295.0,64,18275.0,18325.0,18345.0,18280.0,10327.0,945230875.0,198686
2023-05-09 21:04:18,al2306,al2306,18295.0,2.0,182950.0,-2.0,60,18290.0,18295.0,62,18275.0,18325.0,18345.0,18280.0,10329.0,945413825.0,198684
2023-05-09 21:04:19,al2306,al2306,18295.0,1.0,91475.0,-1.0,61,18290.0,18295.0,88,18275.0,18325.0,18345.0,18280.0,10330.0,945505300.0,198683
2023-05-09 21:04:19,al2306,al2306,18290.0,1.0,91450.0,0.0,60,18290.0,18295.0,88,18275.0,18325.0,18345.0,18280.0,10331.0,945596750.0,198683
2023-05-09 21:04:20,al2306,al2306,18295.0,3.0,274375.0,0.0,37,18290.0,18295.0,86,18275.0,18325.0,18345.0,18280.0,10334.0,945871125.0,198683
2023-05-09 21:04:20,al2306,al2306,18295.0,0.0,0.0,0.0,34,18290.0,18295.0,87,18275.0,18325.0,18345.0,18280.0,10334.0,945871125.0,198683
2023-05-09 21:04:21,al2306,al2306,18295.0,0.0,0.0,0.0,35,18290.0,18295.0,89,18275.0,18325.0,18345.0,18280.0,10334.0,945871125.0,198683
2023-05-09 21:04:21,al2306,al2306,18290.0,1.0,91450.0,0.0,34,18290.0,18295.0,90,18275.0,18325.0,18345.0,18280.0,10335.0,945962575.0,198683
2023-05-09 21:04:22,al2306,al2306,18290.0,35.0,3200750.0,0.0,161,18285.0,18290.0,2,18275.0,18325.0,18345.0,18280.0,10370.0,949163325.0,198683
2023-05-09 21:04:22,al2306,al2306,18285.0,12.0,1097350.0,-3.0,159,18285.0,18295.0,89,18275.0,18325.0,18345.0,18280.0,10382.0,950260675.0,198680
2023-05-09 21:04:23,al2306,al2306,18295.0,1.0,91475.0,0.0,13,18290.0,18295.0,91,18275.0,18325.0,18345.0,18280.0,10383.0,950352150.0,198680
2023-05-09 21:04:23,al2306,al2306,18290.0,1.0,91450.0,0.0,30,18290.0,18295.0,88,18275.0,18325.0,18345.0,18280.0,10384.0,950443600.0,198680
2023-05-09 21:04:24,al2306,al2306,18290.0,0.0,0.0,0.0,34,18290.0,18295.0,88,18275.0,18325.0,18345.0,18280.0,10384.0,950443600.0,198680
2023-05-09 21:04:24,al2306,al2306,18290.0,0.0,0.0,0.0,39,18290.0,18295.0,89,18275.0,18325.0,18345.0,18280.0,10384.0,950443600.0,198680
2023-05-09 21:04:25,al2306,al2306,18290.0,0.0,0.0,0.0,39,18290.0,18295.0,88,18275.0,18325.0,18345.0,18280.0,10384.0,950443600.0,198680
2023-05-09 21:04:25,al2306,al2306,18290.0,0.0,0.0,0.0,39,18290.0,18295.0,93,18275.0,18325.0,18345.0,18280.0,10384.0,950443600.0,198680
2023-05-09 21:04:26,al2306,al2306,18290.0,0.0,0.0,0.0,38,18290.0,18295.0,93,18275.0,18325.0,18345.0,18280.0,10384.0,950443600.0,198680
2023-05-09 21:04:26,al2306,al2306,18295.0,1.0,91475.0,1.0,38,18290.0,18295.0,92,18275.0,18325.0,18345.0,18280.0,10385.0,950535075.0,198681
2023-05-09 21:04:27,al2306,al2306,18290.0,12.0,1097400.0,-4.0,12,18290.0,18295.0,92,18275.0,18325.0,18345.0,18280.0,10397.0,951632475.0,198677
2023-05-09 21:04:28,al2306,al2306,18290.0,3.0,274350.0,-2.0,6,18290.0,18295.0,89,18275.0,18325.0,18345.0,18280.0,10400.0,951906825.0,198675
2023-05-09 21:04:28,al2306,al2306,18290.0,0.0,0.0,0.0,30,18290.0,18295.0,90,18275.0,18325.0,18345.0,18280.0,10400.0,951906825.0,198675
2023-05-09 21:04:29,al2306,al2306,18290.0,0.0,0.0,0.0,34,18290.0,18295.0,90,18275.0,18325.0,18345.0,18280.0,10400.0,951906825.0,198675
2023-05-09 21:04:29,al2306,al2306,18290.0,0.0,0.0,0.0,34,18290.0,18295.0,93,18275.0,18325.0,18345.0,18280.0,10400.0,951906825.0,198675
2023-05-09 21:04:30,al2306,al2306,18290.0,2.0,182900.0,-2.0,10,18290.0,18295.0,93,18275.0,18325.0,18345.0,18280.0,10402.0,952089725.0,198673
2023-05-09 21:04:30,al2306,al2306,18290.0,0.0,0.0,0.0,6,18290.0,18295.0,93,18275.0,18325.0,18345.0,18280.0,10402.0,952089725.0,198673
2023-05-09 21:04:31,al2306,al2306,18290.0,1.0,91450.0,-1.0,13,18290.0,18295.0,91,18275.0,18325.0,18345.0,18280.0,10403.0,952181175.0,198672
2023-05-09 21:04:31,al2306,al2306,18295.0,1.0,91475.0,1.0,33,18290.0,18295.0,90,18275.0,18325.0,18345.0,18280.0,10404.0,952272650.0,198673
2023-05-09 21:04:32,al2306,al2306,18295.0,24.0,2195400.0,8.0,66,18290.0,18295.0,66,18275.0,18325.0,18345.0,18280.0,10428.0,954468050.0,198681
2023-05-09 21:04:32,al2306,al2306,18290.0,27.0,2469800.0,12.0,70,18290.0,18295.0,37,18275.0,18325.0,18345.0,18280.0,10455.0,956937850.0,198693
2023-05-09 21:04:33,al2306,al2306,18295.0,18.0,1646525.0,-3.0,69,18290.0,18295.0,16,18275.0,18325.0,18345.0,18280.0,10473.0,958584375.0,198690
2023-05-09 21:04:33,al2306,al2306,18295.0,2.0,182950.0,-2.0,69,18290.0,18295.0,36,18275.0,18325.0,18345.0,18280.0,10475.0,958767325.0,198688
2023-05-09 21:04:34,al2306,al2306,18290.0,1.0,91450.0,-1.0,67,18290.0,18295.0,37,18275.0,18325.0,18345.0,18280.0,10476.0,958858775.0,198687
2023-05-09 21:04:34,al2306,al2306,18295.0,3.0,274425.0,0.0,72,18290.0,18295.0,34,18275.0,18325.0,18345.0,18280.0,10479.0,959133200.0,198687
2023-05-09 21:04:35,al2306,al2306,18295.0,2.0,182925.0,-1.0,76,18290.0,18295.0,35,18275.0,18325.0,18345.0,18280.0,10481.0,959316125.0,198686
2023-05-09 21:04:35,al2306,al2306,18295.0,0.0,0.0,0.0,79,18290.0,18295.0,35,18275.0,18325.0,18345.0,18280.0,10481.0,959316125.0,198686
2023-05-09 21:04:36,al2306,al2306,18295.0,1.0,91475.0,-1.0,79,18290.0,18295.0,34,18275.0,18325.0,18345.0,18280.0,10482.0,959407600.0,198685
2023-05-09 21:04:37,al2306,al2306,18295.0,1.0,91475.0,0.0,79,18290.0,18295.0,33,18275.0,18325.0,18345.0,18280.0,10483.0,959499075.0,198685
2023-05-09 21:04:37,al2306,al2306,18295.0,1.0,91475.0,0.0,79,18290.0,18295.0,32,18275.0,18325.0,18345.0,18280.0,10484.0,959590550.0,198685
2023-05-09 21:04:38,al2306,al2306,18295.0,1.0,91475.0,-1.0,79,18290.0,18295.0,32,18275.0,18325.0,18345.0,18280.0,10485.0,959682025.0,198684
2023-05-09 21:04:38,al2306,al2306,18295.0,0.0,0.0,0.0,79,18290.0,18295.0,34,18275.0,18325.0,18345.0,18280.0,10485.0,959682025.0,198684
2023-05-09 21:04:39,al2306,al2306,18295.0,24.0,2195400.0,-1.0,79,18290.0,18295.0,6,18275.0,18325.0,18345.0,18280.0,10509.0,961877425.0,198683
2023-05-09 21:04:39,al2306,al2306,18300.0,6.0,548875.0,-4.0,7,18295.0,18300.0,142,18275.0,18325.0,18345.0,18280.0,10515.0,962426300.0,198679
2023-05-09 21:04:40,al2306,al2306,18295.0,10.0,914750.0,4.0,2,18295.0,18300.0,145,18275.0,18325.0,18345.0,18280.0,10525.0,963341050.0,198683
2023-05-09 21:04:40,al2306,al2306,18295.0,2.0,182950.0,1.0,89,18290.0,18295.0,29,18275.0,18325.0,18345.0,18280.0,10527.0,963524000.0,198684
2023-05-09 21:04:41,al2306,al2306,18295.0,1.0,91475.0,-1.0,79,18290.0,18295.0,53,18275.0,18325.0,18345.0,18280.0,10528.0,963615475.0,198683
2023-05-09 21:04:41,al2306,al2306,18290.0,1.0,91450.0,0.0,78,18290.0,18295.0,58,18275.0,18325.0,18345.0,18280.0,10529.0,963706925.0,198683
2023-05-09 21:04:42,al2306,al2306,18295.0,5.0,457375.0,-1.0,77,18290.0,18295.0,54,18275.0,18325.0,18345.0,18280.0,10534.0,964164300.0,198682
2023-05-09 21:04:42,al2306,al2306,18290.0,1.0,91450.0,0.0,72,18290.0,18295.0,55,18275.0,18325.0,18345.0,18280.0,10535.0,964255750.0,198682
2023-05-09 21:04:43,al2306,al2306,18295.0,1.0,91475.0,-1.0,69,18290.0,18295.0,54,18275.0,18325.0,18345.0,18280.0,10536.0,964347225.0,198681
2023-05-09 21:04:43,al2306,al2306,18290.0,1.0,91450.0,0.0,68,18290.0,18295.0,49,18275.0,18325.0,18345.0,18280.0,10537.0,964438675.0,198681
2023-05-09 21:04:44,al2306,al2306,18295.0,5.0,457375.0,2.0,68,18290.0,18295.0,44,18275.0,18325.0,18345.0,18280.0,10542.0,964896050.0,198683
2023-05-09 21:04:44,al2306,al2306,18290.0,14.0,1280300.0,-1.0,56,18290.0,18295.0,54,18275.0,18325.0,18345.0,18280.0,10556.0,966176350.0,198682
2023-05-09 21:04:45,al2306,al2306,18295.0,1.0,91475.0,-1.0,56,18290.0,18295.0,53,18275.0,18325.0,18345.0,18280.0,10557.0,966267825.0,198681
2023-05-09 21:04:45,al2306,al2306,18295.0,0.0,0.0,0.0,54,18290.0,18295.0,53,18275.0,18325.0,18345.0,18280.0,10557.0,966267825.0,198681
2023-05-09 21:04:46,al2306,al2306,18295.0,0.0,0.0,0.0,56,18290.0,18295.0,53,18275.0,18325.0,18345.0,18280.0,10557.0,966267825.0,198681
2023-05-09 21:04:46,al2306,al2306,18295.0,0.0,0.0,0.0,54,18290.0,18295.0,62,18275.0,18325.0,18345.0,18280.0,10557.0,966267825.0,198681
2023-05-09 21:04:47,al2306,al2306,18295.0,1.0,91475.0,1.0,56,18290.0,18295.0,61,18275.0,18325.0,18345.0,18280.0,10558.0,966359300.0,198682
2023-05-09 21:04:49,al2306,al2306,18295.0,1.0,91475.0,1.0,56,18290.0,18295.0,60,18275.0,18325.0,18345.0,18280.0,10559.0,966450775.0,198683
2023-05-09 21:04:49,al2306,al2306,18290.0,1.0,91450.0,0.0,56,18290.0,18295.0,64,18275.0,18325.0,18345.0,18280.0,10560.0,966542225.0,198683
2023-05-09 21:04:50,al2306,al2306,18290.0,0.0,0.0,0.0,57,18290.0,18295.0,64,18275.0,18325.0,18345.0,18280.0,10560.0,966542225.0,198683
2023-05-09 21:04:50,al2306,al2306,18295.0,3.0,274425.0,2.0,58,18290.0,18295.0,61,18275.0,18325.0,18345.0,18280.0,10563.0,966816650.0,198685
2023-05-09 21:04:51,al2306,al2306,18295.0,0.0,0.0,0.0,58,18290.0,18295.0,62,18275.0,18325.0,18345.0,18280.0,10563.0,966816650.0,198685
2023-05-09 21:04:51,al2306,al2306,18290.0,2.0,182900.0,0.0,57,18290.0,18295.0,65,18275.0,18325.0,18345.0,18280.0,10565.0,966999550.0,198685
2023-05-09 21:04:52,al2306,al2306,18290.0,0.0,0.0,0.0,57,18290.0,18295.0,73,18275.0,18325.0,18345.0,18280.0,10565.0,966999550.0,198685
2023-05-09 21:04:52,al2306,al2306,18290.0,0.0,0.0,0.0,55,18290.0,18295.0,73,18275.0,18325.0,18345.0,18280.0,10565.0,966999550.0,198685
2023-05-09 21:04:53,al2306,al2306,18295.0,5.0,457375.0,3.0,55,18290.0,18295.0,68,18275.0,18325.0,18345.0,18280.0,10570.0,967456925.0,198688
2023-05-09 21:04:53,al2306,al2306,18295.0,1.0,91475.0,1.0,56,18290.0,18295.0,72,18275.0,18325.0,18345.0,18280.0,10571.0,967548400.0,198689
2023-05-09 21:04:54,al2306,al2306,18295.0,0.0,0.0,0.0,56,18290.0,18295.0,71,18275.0,18325.0,18345.0,18280.0,10571.0,967548400.0,198689
2023-05-09 21:04:54,al2306,al2306,18295.0,1.0,91475.0,0.0,56,18290.0,18295.0,67,18275.0,18325.0,18345.0,18280.0,10572.0,967639875.0,198689
2023-05-09 21:04:55,al2306,al2306,18295.0,1.0,91475.0,0.0,57,18290.0,18295.0,66,18275.0,18325.0,18345.0,18280.0,10573.0,967731350.0,198689
2023-05-09 21:04:55,al2306,al2306,18295.0,0.0,0.0,0.0,57,18290.0,18295.0,66,18275.0,18325.0,18345.0,18280.0,10573.0,967731350.0,198689
2023-05-09 21:04:56,al2306,al2306,18295.0,0.0,0.0,0.0,59,18290.0,18295.0,57,18275.0,18325.0,18345.0,18280.0,10573.0,967731350.0,198689
2023-05-09 21:04:56,al2306,al2306,18295.0,14.0,1280650.0,8.0,57,18290.0,18295.0,29,18275.0,18325.0,18345.0,18280.0,10587.0,969012000.0,198697
2023-05-09 21:04:57,al2306,al2306,18295.0,0.0,0.0,0.0,59,18290.0,18295.0,20,18275.0,18325.0,18345.0,18280.0,10587.0,969012000.0,198697
2023-05-09 21:04:57,al2306,al2306,18295.0,1.0,91475.0,-1.0,66,18290.0,18295.0,24,18275.0,18325.0,18345.0,18280.0,10588.0,969103475.0,198696
2023-05-09 21:04:58,al2306,al2306,18295.0,0.0,0.0,0.0,67,18290.0,18295.0,24,18275.0,18325.0,18345.0,18280.0,10588.0,969103475.0,198696
2023-05-09 21:04:59,al2306,al2306,18295.0,2.0,182925.0,-1.0,66,18290.0,18295.0,44,18275.0,18325.0,18345.0,18280.0,10590.0,969286400.0,198695
2023-05-09 21:04:59,al2306,al2306,18295.0,5.0,457375.0,0.0,66,18290.0,18295.0,61,18275.0,18325.0,18345.0,18280.0,10595.0,969743775.0,198695
2023-05-09 21:05:00,al2306,al2306,18295.0,0.0,0.0,0.0,69,18290.0,18295.0,65,18275.0,18325.0,18345.0,18280.0,10595.0,969743775.0,198695
2023-05-09 21:05:00,al2306,al2306,18290.0,3.0,274400.0,-3.0,62,18290.0,18295.0,64,18275.0,18325.0,18345.0,18280.0,10598.0,970018175.0,198692
2023-05-09 21:05:01,al2306,al2306,18295.0,10.0,914750.0,4.0,78,18290.0,18295.0,55,18275.0,18325.0,18345.0,18280.0,10608.0,970932925.0,198696
2023-05-09 21:05:01,al2306,al2306,18290.0,22.0,2012425.0,16.0,80,18290.0,18295.0,35,18275.0,18325.0,18345.0,18280.0,10630.0,972945350.0,198712
2023-05-09 21:05:02,al2306,al2306,18295.0,9.0,823275.0,-1.0,3,18295.0,18300.0,148,18275.0,18325.0,18345.0,18280.0,10639.0,973768625.0,198711
2023-05-09 21:05:02,al2306,al2306,18300.0,69.0,6312650.0,-12.0,11,18295.0,18300.0,138,18275.0,18325.0,18345.0,18280.0,10708.0,980081275.0,198699
2023-05-09 21:05:03,al2306,al2306,18295.0,38.0,3476050.0,-8.0,84,18290.0,18295.0,21,18275.0,18325.0,18345.0,18280.0,10746.0,983557325.0,198691
2023-05-09 21:05:03,al2306,al2306,18290.0,5.0,457350.0,0.0,81,18290.0,18295.0,53,18275.0,18325.0,18345.0,18280.0,10751.0,984014675.0,198691
2023-05-09 21:05:04,al2306,al2306,18295.0,17.0,1555075.0,16.0,81,18290.0,18295.0,37,18275.0,18325.0,18345.0,18280.0,10768.0,985569750.0,198707
2023-05-09 21:05:04,al2306,al2306,18295.0,3.0,274425.0,0.0,84,18290.0,18295.0,15,18275.0,18325.0,18345.0,18280.0,10771.0,985844175.0,198707
2023-05-09 21:05:05,al2306,al2306,18295.0,10.0,914750.0,-1.0,1,18295.0,18300.0,139,18275.0,18325.0,18345.0,18280.0,10781.0,986758925.0,198706
2023-05-09 21:05:05,al2306,al2306,18300.0,25.0,2286900.0,-3.0,1,18295.0,18300.0,139,18275.0,18325.0,18345.0,18280.0,10806.0,989045825.0,198703
2023-05-09 21:05:06,al2306,al2306,18295.0,2.0,182950.0,-1.0,15,18295.0,18300.0,148,18275.0,18325.0,18345.0,18280.0,10808.0,989228775.0,198702
2023-05-09 21:05:06,al2306,al2306,18295.0,37.0,3384575.0,-9.0,77,18290.0,18295.0,1,18275.0,18325.0,18345.0,18280.0,10845.0,992613350.0,198693
2023-05-09 21:05:07,al2306,al2306,18295.0,7.0,640325.0,-4.0,68,18290.0,18295.0,24,18275.0,18325.0,18345.0,18280.0,10852.0,993253675.0,198689
2023-05-09 21:05:07,al2306,al2306,18295.0,6.0,548850.0,0.0,68,18290.0,18295.0,29,18275.0,18325.0,18345.0,18280.0,10858.0,993802525.0,198689
2023-05-09 21:05:08,al2306,al2306,18295.0,32.0,2926725.0,-4.0,53,18290.0,18295.0,18,18275.0,18325.0,18345.0,18280.0,10890.0,996729250.0,198685
2023-05-09 21:05:08,al2306,al2306,18295.0,3.0,274425.0,-2.0,56,18290.0,18295.0,18,18275.0,18325.0,18345.0,18280.0,10893.0,997003675.0,198683
2023-05-09 21:05:09,al2306,al2306,18295.0,1.0,91475.0,0.0,56,18290.0,18295.0,32,18275.0,18325.0,18345.0,18280.0,10894.0,997095150.0,198683
2023-05-09 21:05:09,al2306,al2306,18295.0,0.0,0.0,0.0,56,18290.0,18295.0,56,18275.0,18325.0,18345.0,18280.0,10894.0,997095150.0,198683
2023-05-09 21:05:10,al2306,al2306,18295.0,4.0,365900.0,2.0,56,18290.0,18295.0,53,18275.0,18325.0,18345.0,18280.0,10898.0,997461050.0,198685
2023-05-09 21:05:10,al2306,al2306,18290.0,3.0,274350.0,3.0,53,18290.0,18295.0,55,18275.0,18325.0,18345.0,18280.0,10901.0,997735400.0,198688
2023-05-09 21:05:11,al2306,al2306,18295.0,7.0,640325.0,4.0,54,18290.0,18295.0,55,18275.0,18325.0,18345.0,18280.0,10908.0,998375725.0,198692
2023-05-09 21:05:11,al2306,al2306,18295.0,5.0,457375.0,0.0,54,18290.0,18295.0,53,18275.0,18325.0,18345.0,18280.0,10913.0,998833100.0,198692
2023-05-09 21:05:12,al2306,al2306,18295.0,3.0,274425.0,-3.0,55,18290.0,18295.0,51,18275.0,18325.0,18345.0,18280.0,10916.0,999107525.0,198689
2023-05-09 21:05:12,al2306,al2306,18295.0,5.0,457375.0,0.0,55,18290.0,18295.0,37,18275.0,18325.0,18345.0,18280.0,10921.0,999564900.0,198689
2023-05-09 21:05:13,al2306,al2306,18295.0,6.0,548850.0,0.0,55,18290.0,18295.0,22,18275.0,18325.0,18345.0,18280.0,10927.0,1000113750.0,198689
2023-05-09 21:05:13,al2306,al2306,18295.0,5.0,457375.0,0.0,61,18290.0,18295.0,16,18275.0,18325.0,18345.0,18280.0,10932.0,1000571125.0,198689
2023-05-09 21:05:14,al2306,al2306,18295.0,20.0,1829500.0,-1.0,61,18290.0,18295.0,4,18275.0,18325.0,18345.0,18280.0,10952.0,1002400625.0,198688
2023-05-09 21:05:14,al2306,al2306,18295.0,7.0,640325.0,-5.0,14,18295.0,18300.0,165,18275.0,18325.0,18345.0,18280.0,10959.0,1003040950.0,198683
2023-05-09 21:05:15,al2306,al2306,18300.0,49.0,4482300.0,-5.0,60,18290.0,18295.0,1,18275.0,18325.0,18345.0,18280.0,11008.0,1007523250.0,198678
2023-05-09 21:05:15,al2306,al2306,18295.0,9.0,823225.0,7.0,59,18290.0,18295.0,10,18275.0,18325.0,18345.0,18280.0,11017.0,1008346475.0,198685
2023-05-09 21:05:16,al2306,al2306,18295.0,1.0,91475.0,1.0,59,18290.0,18295.0,16,18275.0,18325.0,18345.0,18280.0,11018.0,1008437950.0,198686
2023-05-09 21:05:16,al2306,al2306,18295.0,1.0,91475.0,1.0,61,18290.0,18295.0,16,18275.0,18325.0,18345.0,18280.0,11019.0,1008529425.0,198687
2023-05-09 21:05:17,al2306,al2306,18295.0,2.0,182950.0,2.0,61,18290.0,18295.0,15,18275.0,18325.0,18345.0,18280.0,11021.0,1008712375.0,198689
2023-05-09 21:05:17,al2306,al2306,18295.0,9.0,823275.0,-2.0,62,18290.0,18295.0,12,18275.0,18325.0,18345.0,18280.0,11030.0,1009535650.0,198687
2023-05-09 21:05:18,al2306,al2306,18295.0,12.0,1097700.0,-11.0,62,18290.0,18295.0,5,18275.0,18325.0,18345.0,18280.0,11042.0,1010633350.0,198676
2023-05-09 21:05:18,al2306,al2306,18295.0,8.0,731800.0,-3.0,62,18290.0,18295.0,12,18275.0,18325.0,18345.0,18280.0,11050.0,1011365150.0,198673
2023-05-09 21:05:19,al2306,al2306,18295.0,5.0,457375.0,5.0,64,18290.0,18295.0,9,18275.0,18325.0,18345.0,18280.0,11055.0,1011822525.0,198678
2023-05-09 21:05:19,al2306,al2306,18295.0,11.0,1006225.0,-6.0,4,18295.0,18300.0,264,18275.0,18325.0,18345.0,18280.0,11066.0,1012828750.0,198672
2023-05-09 21:05:20,al2306,al2306,18295.0,36.0,3293100.0,-15.0,4,18295.0,18300.0,262,18275.0,18325.0,18345.0,18280.0,11102.0,1016121850.0,198657
2023-05-09 21:05:20,al2306,al2306,18295.0,14.0,1280650.0,-3.0,3,18295.0,18300.0,262,18275.0,18325.0,18345.0,18280.0,11116.0,1017402500.0,198654
2023-05-09 21:05:21,al2306,al2306,18300.0,5.0,457425.0,2.0,71,18290.0,18300.0,261,18275.0,18325.0,18345.0,18280.0,11121.0,1017859925.0,198656
2023-05-09 21:05:21,al2306,al2306,18300.0,22.0,2013000.0,7.0,15,18295.0,18300.0,241,18275.0,18325.0,18345.0,18280.0,11143.0,1019872925.0,198663
2023-05-09 21:05:22,al2306,al2306,18290.0,67.0,6129050.0,18.0,74,18290.0,18300.0,231,18275.0,18325.0,18345.0,18280.0,11210.0,1026001975.0,198681
2023-05-09 21:05:22,al2306,al2306,18295.0,9.0,823075.0,-7.0,87,18290.0,18300.0,233,18275.0,18325.0,18345.0,18280.0,11219.0,1026825050.0,198674
2023-05-09 21:05:23,al2306,al2306,18295.0,0.0,0.0,0.0,85,18290.0,18300.0,233,18275.0,18325.0,18345.0,18280.0,11219.0,1026825050.0,198674
2023-05-09 21:05:23,al2306,al2306,18295.0,0.0,0.0,0.0,2,18295.0,18300.0,232,18275.0,18325.0,18345.0,18280.0,11219.0,1026825050.0,198674
2023-05-09 21:05:24,al2306,al2306,18295.0,23.0,2103925.0,18.0,91,18290.0,18300.0,232,18275.0,18325.0,18345.0,18280.0,11242.0,1028928975.0,198692
2023-05-09 21:05:24,al2306,al2306,18295.0,0.0,0.0,0.0,91,18290.0,18295.0,23,18275.0,18325.0,18345.0,18280.0,11242.0,1028928975.0,198692
2023-05-09 21:05:25,al2306,al2306,18295.0,2.0,182950.0,0.0,90,18290.0,18295.0,42,18275.0,18325.0,18345.0,18280.0,11244.0,1029111925.0,198692
2023-05-09 21:05:25,al2306,al2306,18295.0,23.0,2103925.0,3.0,90,18290.0,18295.0,22,18275.0,18325.0,18345.0,18280.0,11267.0,1031215850.0,198695
2023-05-09 21:05:26,al2306,al2306,18295.0,3.0,274425.0,-1.0,107,18290.0,18295.0,19,18275.0,18325.0,18345.0,18280.0,11270.0,1031490275.0,198694
2023-05-09 21:05:26,al2306,al2306,18295.0,19.0,1738025.0,-6.0,107,18290.0,18300.0,233,18275.0,18325.0,18345.0,18280.0,11289.0,1033228300.0,198688
2023-05-09 21:05:27,al2306,al2306,18295.0,2.0,182950.0,0.0,43,18295.0,18300.0,233,18275.0,18325.0,18345.0,18280.0,11291.0,1033411250.0,198688
2023-05-09 21:05:27,al2306,al2306,18300.0,29.0,2652850.0,4.0,15,18295.0,18300.0,227,18275.0,18325.0,18345.0,18280.0,11320.0,1036064100.0,198692
2023-05-09 21:05:28,al2306,al2306,18295.0,15.0,1372125.0,15.0,7,18295.0,18300.0,228,18275.0,18325.0,18345.0,18280.0,11335.0,1037436225.0,198707
2023-05-09 21:05:28,al2306,al2306,18295.0,9.0,823275.0,0.0,106,18290.0,18295.0,2,18275.0,18325.0,18345.0,18280.0,11344.0,1038259500.0,198707
2023-05-09 21:05:29,al2306,al2306,18295.0,4.0,365875.0,-1.0,98,18290.0,18295.0,36,18275.0,18325.0,18345.0,18280.0,11348.0,1038625375.0,198706
2023-05-09 21:05:29,al2306,al2306,18295.0,0.0,0.0,0.0,98,18290.0,18295.0,56,18275.0,18325.0,18345.0,18280.0,11348.0,1038625375.0,198706
2023-05-09 21:05:30,al2306,al2306,18295.0,0.0,0.0,0.0,97,18290.0,18295.0,57,18275.0,18325.0,18345.0,18280.0,11348.0,1038625375.0,198706
2023-05-09 21:05:31,al2306,al2306,18290.0,1.0,91450.0,1.0,96,18290.0,18295.0,57,18275.0,18325.0,18345.0,18280.0,11349.0,1038716825.0,198707
2023-05-09 21:05:31,al2306,al2306,18290.0,1.0,91450.0,0.0,108,18290.0,18295.0,57,18275.0,18325.0,18345.0,18280.0,11350.0,1038808275.0,198707
2023-05-09 21:05:32,al2306,al2306,18295.0,1.0,91475.0,0.0,116,18290.0,18295.0,56,18275.0,18325.0,18345.0,18280.0,11351.0,1038899750.0,198707
2023-05-09 21:05:32,al2306,al2306,18295.0,1.0,91475.0,0.0,116,18290.0,18295.0,55,18275.0,18325.0,18345.0,18280.0,11352.0,1038991225.0,198707
2023-05-09 21:05:33,al2306,al2306,18295.0,1.0,91475.0,0.0,108,18290.0,18295.0,58,18275.0,18325.0,18345.0,18280.0,11353.0,1039082700.0,198707
2023-05-09 21:05:33,al2306,al2306,18295.0,1.0,91475.0,0.0,109,18290.0,18295.0,57,18275.0,18325.0,18345.0,18280.0,11354.0,1039174175.0,198707
2023-05-09 21:05:34,al2306,al2306,18295.0,30.0,2744250.0,-22.0,109,18290.0,18295.0,27,18275.0,18325.0,18345.0,18280.0,11384.0,1041918425.0,198685
2023-05-09 21:05:34,al2306,al2306,18295.0,0.0,0.0,0.0,110,18290.0,18295.0,39,18275.0,18325.0,18345.0,18280.0,11384.0,1041918425.0,198685
2023-05-09 21:05:35,al2306,al2306,18295.0,1.0,91475.0,1.0,111,18290.0,18295.0,42,18275.0,18325.0,18345.0,18280.0,11385.0,1042009900.0,198686
2023-05-09 21:05:35,al2306,al2306,18295.0,0.0,0.0,0.0,111,18290.0,18295.0,52,18275.0,18325.0,18345.0,18280.0,11385.0,1042009900.0,198686
2023-05-09 21:05:36,al2306,al2306,18295.0,0.0,0.0,0.0,111,18290.0,18295.0,57,18275.0,18325.0,18345.0,18280.0,11385.0,1042009900.0,198686
2023-05-09 21:05:36,al2306,al2306,18295.0,0.0,0.0,0.0,110,18290.0,18295.0,58,18275.0,18325.0,18345.0,18280.0,11385.0,1042009900.0,198686
2023-05-09 21:05:37,al2306,al2306,18295.0,0.0,0.0,0.0,116,18290.0,18295.0,58,18275.0,18325.0,18345.0,18280.0,11385.0,1042009900.0,198686
2023-05-09 21:05:37,al2306,al2306,18295.0,0.0,0.0,0.0,116,18290.0,18295.0,60,18275.0,18325.0,18345.0,18280.0,11385.0,1042009900.0,198686
2023-05-09 21:05:38,al2306,al2306,18290.0,98.0,8962175.0,51.0,138,18285.0,18290.0,22,18275.0,18325.0,18345.0,18280.0,11483.0,1050972075.0,198737
2023-05-09 21:05:38,al2306,al2306,18290.0,2.0,182900.0,0.0,123,18285.0,18290.0,39,18275.0,18325.0,18345.0,18280.0,11485.0,1051154975.0,198737
2023-05-09 21:05:39,al2306,al2306,18290.0,45.0,4115250.0,-7.0,21,18290.0,18295.0,98,18275.0,18325.0,18345.0,18280.0,11530.0,1055270225.0,198730
2023-05-09 21:05:39,al2306,al2306,18290.0,2.0,182900.0,1.0,43,18290.0,18295.0,101,18275.0,18325.0,18345.0,18280.0,11532.0,1055453125.0,198731
2023-05-09 21:05:40,al2306,al2306,18290.0,41.0,3749925.0,27.0,3,18290.0,18295.0,82,18275.0,18325.0,18345.0,18280.0,11573.0,1059203050.0,198758
2023-05-09 21:05:40,al2306,al2306,18290.0,3.0,274350.0,1.0,127,18285.0,18290.0,2,18275.0,18325.0,18345.0,18280.0,11576.0,1059477400.0,198759
2023-05-09 21:05:41,al2306,al2306,18290.0,22.0,2011900.0,-16.0,136,18285.0,18290.0,15,18275.0,18325.0,18345.0,18280.0,11598.0,1061489300.0,198743
2023-05-09 21:05:41,al2306,al2306,18290.0,16.0,1463200.0,-16.0,18,18290.0,18295.0,84,18275.0,18325.0,18345.0,18280.0,11614.0,1062952500.0,198727
2023-05-09 21:05:42,al2306,al2306,18295.0,15.0,1372100.0,0.0,37,18290.0,18295.0,72,18275.0,18325.0,18345.0,18280.0,11629.0,1064324600.0,198727
2023-05-09 21:05:42,al2306,al2306,18295.0,0.0,0.0,0.0,40,18290.0,18295.0,71,18275.0,18325.0,18345.0,18280.0,11629.0,1064324600.0,198727
2023-05-09 21:05:43,al2306,al2306,18295.0,0.0,0.0,0.0,41,18290.0,18295.0,71,18275.0,18325.0,18345.0,18280.0,11629.0,1064324600.0,198727
2023-05-09 21:05:43,al2306,al2306,18295.0,0.0,0.0,0.0,46,18290.0,18295.0,73,18275.0,18325.0,18345.0,18280.0,11629.0,1064324600.0,198727
2023-05-09 21:05:44,al2306,al2306,18290.0,1.0,91450.0,-1.0,48,18290.0,18295.0,76,18275.0,18325.0,18345.0,18280.0,11630.0,1064416050.0,198726
2023-05-09 21:05:44,al2306,al2306,18290.0,1.0,91450.0,0.0,47,18290.0,18295.0,76,18275.0,18325.0,18345.0,18280.0,11631.0,1064507500.0,198726
2023-05-09 21:05:45,al2306,al2306,18290.0,0.0,0.0,0.0,47,18290.0,18295.0,98,18275.0,18325.0,18345.0,18280.0,11631.0,1064507500.0,198726
2023-05-09 21:05:45,al2306,al2306,18290.0,0.0,0.0,0.0,37,18290.0,18295.0,99,18275.0,18325.0,18345.0,18280.0,11631.0,1064507500.0,198726
2023-05-09 21:05:46,al2306,al2306,18290.0,0.0,0.0,0.0,38,18290.0,18295.0,99,18275.0,18325.0,18345.0,18280.0,11631.0,1064507500.0,198726
2023-05-09 21:05:48,al2306,al2306,18290.0,0.0,0.0,0.0,38,18290.0,18295.0,100,18275.0,18325.0,18345.0,18280.0,11631.0,1064507500.0,198726
2023-05-09 21:05:48,al2306,al2306,18290.0,1.0,91450.0,0.0,49,18290.0,18295.0,100,18275.0,18325.0,18345.0,18280.0,11632.0,1064598950.0,198726
2023-05-09 21:05:49,al2306,al2306,18290.0,0.0,0.0,0.0,49,18290.0,18295.0,102,18275.0,18325.0,18345.0,18280.0,11632.0,1064598950.0,198726
2023-05-09 21:05:50,al2306,al2306,18290.0,1.0,91450.0,1.0,48,18290.0,18295.0,102,18275.0,18325.0,18345.0,18280.0,11633.0,1064690400.0,198727
2023-05-09 21:05:50,al2306,al2306,18290.0,0.0,0.0,0.0,40,18290.0,18295.0,112,18275.0,18325.0,18345.0,18280.0,11633.0,1064690400.0,198727
2023-05-09 21:05:51,al2306,al2306,18290.0,1.0,91450.0,0.0,39,18290.0,18295.0,113,18275.0,18325.0,18345.0,18280.0,11634.0,1064781850.0,198727
2023-05-09 21:05:51,al2306,al2306,18290.0,1.0,91450.0,1.0,39,18290.0,18295.0,113,18275.0,18325.0,18345.0,18280.0,11635.0,1064873300.0,198728
2023-05-09 21:05:52,al2306,al2306,18290.0,0.0,0.0,0.0,39,18290.0,18295.0,115,18275.0,18325.0,18345.0,18280.0,11635.0,1064873300.0,198728
2023-05-09 21:05:53,al2306,al2306,18295.0,2.0,182950.0,0.0,38,18290.0,18295.0,115,18275.0,18325.0,18345.0,18280.0,11637.0,1065056250.0,198728
2023-05-09 21:05:53,al2306,al2306,18295.0,0.0,0.0,0.0,46,18290.0,18295.0,115,18275.0,18325.0,18345.0,18280.0,11637.0,1065056250.0,198728
2023-05-09 21:05:54,al2306,al2306,18290.0,30.0,2743500.0,9.0,135,18285.0,18290.0,41,18275.0,18325.0,18345.0,18280.0,11667.0,1067799750.0,198737
2023-05-09 21:05:54,al2306,al2306,18285.0,1.0,91425.0,1.0,127,18285.0,18290.0,41,18275.0,18325.0,18345.0,18280.0,11668.0,1067891175.0,198738
2023-05-09 21:05:55,al2306,al2306,18285.0,1.0,91425.0,0.0,116,18285.0,18290.0,75,18275.0,18325.0,18345.0,18280.0,11669.0,1067982600.0,198738
2023-05-09 21:05:55,al2306,al2306,18290.0,1.0,91450.0,0.0,108,18285.0,18290.0,79,18275.0,18325.0,18345.0,18280.0,11670.0,1068074050.0,198738
2023-05-09 21:05:56,al2306,al2306,18290.0,79.0,7224550.0,-6.0,21,18290.0,18295.0,117,18275.0,18325.0,18345.0,18280.0,11749.0,1075298600.0,198732
2023-05-09 21:05:57,al2306,al2306,18290.0,0.0,0.0,0.0,27,18290.0,18295.0,114,18275.0,18325.0,18345.0,18280.0,11749.0,1075298600.0,198732
2023-05-09 21:05:57,al2306,al2306,18290.0,0.0,0.0,0.0,27,18290.0,18295.0,115,18275.0,18325.0,18345.0,18280.0,11749.0,1075298600.0,198732
2023-05-09 21:05:58,al2306,al2306,18290.0,1.0,91450.0,-1.0,26,18290.0,18295.0,115,18275.0,18325.0,18345.0,18280.0,11750.0,1075390050.0,198731
2023-05-09 21:05:58,al2306,al2306,18290.0,4.0,365800.0,0.0,22,18290.0,18295.0,116,18275.0,18325.0,18345.0,18280.0,11754.0,1075755850.0,198731
2023-05-09 21:05:59,al2306,al2306,18285.0,22.0,2011875.0,1.0,1,18290.0,18295.0,116,18275.0,18325.0,18345.0,18280.0,11776.0,1077767725.0,198732
2023-05-09 21:05:59,al2306,al2306,18290.0,19.0,1737550.0,6.0,118,18285.0,18295.0,119,18275.0,18325.0,18345.0,18280.0,11795.0,1079505275.0,198738
2023-05-09 21:06:00,al2306,al2306,18290.0,0.0,0.0,0.0,111,18285.0,18290.0,6,18275.0,18325.0,18345.0,18280.0,11795.0,1079505275.0,198738
2023-05-09 21:06:00,al2306,al2306,18285.0,13.0,1188800.0,-9.0,111,18285.0,18290.0,18,18275.0,18325.0,18345.0,18280.0,11808.0,1080694075.0,198729
2023-05-09 21:06:01,al2306,al2306,18285.0,20.0,1828750.0,-3.0,101,18285.0,18290.0,23,18275.0,18325.0,18345.0,18280.0,11828.0,1082522825.0,198726
2023-05-09 21:06:02,al2306,al2306,18285.0,1.0,91425.0,1.0,103,18285.0,18290.0,23,18275.0,18325.0,18345.0,18280.0,11829.0,1082614250.0,198727
2023-05-09 21:06:02,al2306,al2306,18285.0,1.0,91425.0,0.0,105,18285.0,18290.0,25,18275.0,18325.0,18345.0,18280.0,11830.0,1082705675.0,198727
2023-05-09 21:06:03,al2306,al2306,18285.0,4.0,365750.0,0.0,103,18285.0,18290.0,24,18275.0,18325.0,18345.0,18280.0,11834.0,1083071425.0,198727
2023-05-09 21:06:03,al2306,al2306,18285.0,0.0,0.0,0.0,100,18285.0,18290.0,24,18275.0,18325.0,18345.0,18280.0,11834.0,1083071425.0,198727
2023-05-09 21:06:04,al2306,al2306,18285.0,0.0,0.0,0.0,100,18285.0,18290.0,25,18275.0,18325.0,18345.0,18280.0,11834.0,1083071425.0,198727
2023-05-09 21:06:04,al2306,al2306,18290.0,1.0,91450.0,-1.0,102,18285.0,18290.0,24,18275.0,18325.0,18345.0,18280.0,11835.0,1083162875.0,198726
2023-05-09 21:06:05,al2306,al2306,18290.0,0.0,0.0,0.0,102,18285.0,18290.0,26,18275.0,18325.0,18345.0,18280.0,11835.0,1083162875.0,198726
2023-05-09 21:06:05,al2306,al2306,18290.0,0.0,0.0,0.0,102,18285.0,18290.0,27,18275.0,18325.0,18345.0,18280.0,11835.0,1083162875.0,198726
2023-05-09 21:06:06,al2306,al2306,18285.0,2.0,182850.0,2.0,100,18285.0,18290.0,27,18275.0,18325.0,18345.0,18280.0,11837.0,1083345725.0,198728
2023-05-09 21:06:06,al2306,al2306,18285.0,0.0,0.0,0.0,101,18285.0,18290.0,28,18275.0,18325.0,18345.0,18280.0,11837.0,1083345725.0,198728
2023-05-09 21:06:07,al2306,al2306,18285.0,0.0,0.0,0.0,100,18285.0,18290.0,31,18275.0,18325.0,18345.0,18280.0,11837.0,1083345725.0,198728
2023-05-09 21:06:07,al2306,al2306,18290.0,1.0,91450.0,-1.0,100,18285.0,18290.0,33,18275.0,18325.0,18345.0,18280.0,11838.0,1083437175.0,198727
2023-05-09 21:06:08,al2306,al2306,18290.0,0.0,0.0,0.0,103,18285.0,18290.0,33,18275.0,18325.0,18345.0,18280.0,11838.0,1083437175.0,198727
2023-05-09 21:06:08,al2306,al2306,18290.0,5.0,457200.0,-3.0,101,18285.0,18290.0,46,18275.0,18325.0,18345.0,18280.0,11843.0,1083894375.0,198724
