time,symbol_id,symbol_name,last,trade_volume,trade_amount,open_interest_change,bv1,bp1,ap1,av1,yesterday_close,today_open,today_high,today_low,volume,amount,open_interest
2023-05-10 21:00:54,l2311-P-8200,l2311-P-8200,584.5,0.0,0.0,0.0,1,163.0,0.0,0,584.5,0.0,0.0,0.0,0.0,0.0,1
2023-05-10 21:00:54,l2311-P-8200,l2311-P-8200,584.5,0.0,0.0,0.0,10,163.5,0.0,0,584.5,0.0,0.0,0.0,0.0,0.0,1
2023-05-10 21:01:38,l2311-P-8200,l2311-P-8200,584.5,0.0,0.0,0.0,1,164.0,0.0,0,584.5,0.0,0.0,0.0,0.0,0.0,1
2023-05-10 21:01:38,l2311-P-8200,l2311-P-8200,584.5,0.0,0.0,0.0,10,164.5,0.0,0,584.5,0.0,0.0,0.0,0.0,0.0,1
2023-05-10 21:31:38,l2311-P-8200,l2311-P-8200,584.5,0.0,0.0,0.0,1,165.0,0.0,0,584.5,0.0,0.0,0.0,0.0,0.0,1
2023-05-10 21:31:38,l2311-P-8200,l2311-P-8200,584.5,0.0,0.0,0.0,10,165.5,0.0,0,584.5,0.0,0.0,0.0,0.0,0.0,1
2023-05-10 22:01:38,l2311-P-8200,l2311-P-8200,584.5,0.0,0.0,0.0,1,166.0,0.0,0,584.5,0.0,0.0,0.0,0.0,0.0,1
2023-05-10 22:01:38,l2311-P-8200,l2311-P-8200,584.5,0.0,0.0,0.0,10,166.5,0.0,0,584.5,0.0,0.0,0.0,0.0,0.0,1
2023-05-10 22:50:18,l2311-P-8200,l2311-P-8200,584.5,0.0,0.0,0.0,1,167.0,0.0,0,584.5,0.0,0.0,0.0,0.0,0.0,1
2023-05-10 22:50:18,l2311-P-8200,l2311-P-8200,584.5,0.0,0.0,0.0,10,167.5,0.0,0,584.5,0.0,0.0,0.0,0.0,0.0,1
2023-05-10 22:57:32,l2311-P-8200,l2311-P-8200,584.5,0.0,0.0,0.0,1,167.0,0.0,0,584.5,0.0,0.0,0.0,0.0,0.0,1
2023-05-11 09:00:16,l2311-P-8200,l2311-P-8200,584.5,0.0,0.0,0.0,10,167.5,0.0,0,584.5,0.0,0.0,0.0,0.0,0.0,1
2023-05-11 09:00:43,l2311-P-8200,l2311-P-8200,584.5,0.0,0.0,0.0,1,168.0,0.0,0,584.5,0.0,0.0,0.0,0.0,0.0,1
2023-05-11 09:00:43,l2311-P-8200,l2311-P-8200,584.5,0.0,0.0,0.0,10,168.5,0.0,0,584.5,0.0,0.0,0.0,0.0,0.0,1
2023-05-11 09:00:53,l2311-P-8200,l2311-P-8200,584.5,0.0,0.0,0.0,1,192.5,0.0,0,584.5,0.0,0.0,0.0,0.0,0.0,1
2023-05-11 09:00:53,l2311-P-8200,l2311-P-8200,584.5,0.0,0.0,0.0,10,193.0,0.0,0,584.5,0.0,0.0,0.0,0.0,0.0,1
2023-05-11 09:35:30,l2311-P-8200,l2311-P-8200,584.5,0.0,0.0,0.0,1,193.5,0.0,0,584.5,0.0,0.0,0.0,0.0,0.0,1
2023-05-11 09:35:30,l2311-P-8200,l2311-P-8200,584.5,0.0,0.0,0.0,10,194.0,0.0,0,584.5,0.0,0.0,0.0,0.0,0.0,1
2023-05-11 10:08:06,l2311-P-8200,l2311-P-8200,584.5,0.0,0.0,0.0,1,194.5,0.0,0,584.5,0.0,0.0,0.0,0.0,0.0,1
2023-05-11 10:08:06,l2311-P-8200,l2311-P-8200,584.5,0.0,0.0,0.0,10,195.0,0.0,0,584.5,0.0,0.0,0.0,0.0,0.0,1
2023-05-11 10:14:32,l2311-P-8200,l2311-P-8200,584.5,0.0,0.0,0.0,1,194.5,0.0,0,584.5,0.0,0.0,0.0,0.0,0.0,1
2023-05-11 10:30:07,l2311-P-8200,l2311-P-8200,584.5,0.0,0.0,0.0,10,195.0,0.0,0,584.5,0.0,0.0,0.0,0.0,0.0,1
2023-05-11 10:47:06,l2311-P-8200,l2311-P-8200,584.5,0.0,0.0,0.0,1,195.5,0.0,0,584.5,0.0,0.0,0.0,0.0,0.0,1
2023-05-11 10:47:06,l2311-P-8200,l2311-P-8200,584.5,0.0,0.0,0.0,10,196.0,0.0,0,584.5,0.0,0.0,0.0,0.0,0.0,1
2023-05-11 11:20:45,l2311-P-8200,l2311-P-8200,584.5,0.0,0.0,0.0,1,196.5,0.0,0,584.5,0.0,0.0,0.0,0.0,0.0,1
2023-05-11 11:20:45,l2311-P-8200,l2311-P-8200,584.5,0.0,0.0,0.0,10,197.0,0.0,0,584.5,0.0,0.0,0.0,0.0,0.0,1
2023-05-11 11:29:32,l2311-P-8200,l2311-P-8200,584.5,0.0,0.0,0.0,1,196.5,0.0,0,584.5,0.0,0.0,0.0,0.0,0.0,1
2023-05-11 13:30:14,l2311-P-8200,l2311-P-8200,584.5,0.0,0.0,0.0,10,197.0,0.0,0,584.5,0.0,0.0,0.0,0.0,0.0,1
2023-05-11 13:31:06,l2311-P-8200,l2311-P-8200,584.5,0.0,0.0,0.0,1,197.5,0.0,0,584.5,0.0,0.0,0.0,0.0,0.0,1
2023-05-11 13:31:06,l2311-P-8200,l2311-P-8200,584.5,0.0,0.0,0.0,10,198.0,0.0,0,584.5,0.0,0.0,0.0,0.0,0.0,1
2023-05-11 13:32:58,l2311-P-8200,l2311-P-8200,584.5,0.0,0.0,0.0,1,198.5,0.0,0,584.5,0.0,0.0,0.0,0.0,0.0,1
2023-05-11 13:32:59,l2311-P-8200,l2311-P-8200,584.5,0.0,0.0,0.0,10,199.0,0.0,0,584.5,0.0,0.0,0.0,0.0,0.0,1
2023-05-11 13:33:03,l2311-P-8200,l2311-P-8200,584.5,0.0,0.0,0.0,1,197.5,0.0,0,584.5,0.0,0.0,0.0,0.0,0.0,1
2023-05-11 13:33:03,l2311-P-8200,l2311-P-8200,584.5,0.0,0.0,0.0,10,198.0,0.0,0,584.5,0.0,0.0,0.0,0.0,0.0,1
2023-05-11 13:33:05,l2311-P-8200,l2311-P-8200,584.5,0.0,0.0,0.0,1,198.5,0.0,0,584.5,0.0,0.0,0.0,0.0,0.0,1
2023-05-11 13:33:06,l2311-P-8200,l2311-P-8200,584.5,0.0,0.0,0.0,10,199.0,0.0,0,584.5,0.0,0.0,0.0,0.0,0.0,1
2023-05-11 13:33:07,l2311-P-8200,l2311-P-8200,584.5,0.0,0.0,0.0,1,199.5,0.0,0,584.5,0.0,0.0,0.0,0.0,0.0,1
2023-05-11 13:33:07,l2311-P-8200,l2311-P-8200,584.5,0.0,0.0,0.0,10,200.0,0.0,0,584.5,0.0,0.0,0.0,0.0,0.0,1
2023-05-11 13:33:08,l2311-P-8200,l2311-P-8200,584.5,0.0,0.0,0.0,1,200.5,0.0,0,584.5,0.0,0.0,0.0,0.0,0.0,1
2023-05-11 13:33:09,l2311-P-8200,l2311-P-8200,584.5,0.0,0.0,0.0,10,201.0,0.0,0,584.5,0.0,0.0,0.0,0.0,0.0,1
2023-05-11 13:34:23,l2311-P-8200,l2311-P-8200,584.5,0.0,0.0,0.0,1,201.5,0.0,0,584.5,0.0,0.0,0.0,0.0,0.0,1
2023-05-11 13:34:24,l2311-P-8200,l2311-P-8200,584.5,0.0,0.0,0.0,10,202.0,0.0,0,584.5,0.0,0.0,0.0,0.0,0.0,1
2023-05-11 13:34:26,l2311-P-8200,l2311-P-8200,584.5,0.0,0.0,0.0,1,202.5,0.0,0,584.5,0.0,0.0,0.0,0.0,0.0,1
2023-05-11 13:34:27,l2311-P-8200,l2311-P-8200,584.5,0.0,0.0,0.0,10,203.0,0.0,0,584.5,0.0,0.0,0.0,0.0,0.0,1
2023-05-11 13:34:29,l2311-P-8200,l2311-P-8200,584.5,0.0,0.0,0.0,1,203.5,0.0,0,584.5,0.0,0.0,0.0,0.0,0.0,1
2023-05-11 13:34:29,l2311-P-8200,l2311-P-8200,584.5,0.0,0.0,0.0,10,204.0,0.0,0,584.5,0.0,0.0,0.0,0.0,0.0,1
2023-05-11 13:34:32,l2311-P-8200,l2311-P-8200,584.5,0.0,0.0,0.0,1,197.5,0.0,0,584.5,0.0,0.0,0.0,0.0,0.0,1
2023-05-11 13:34:32,l2311-P-8200,l2311-P-8200,584.5,0.0,0.0,0.0,10,198.0,0.0,0,584.5,0.0,0.0,0.0,0.0,0.0,1
2023-05-11 13:34:33,l2311-P-8200,l2311-P-8200,584.5,0.0,0.0,0.0,1,202.0,0.0,0,584.5,0.0,0.0,0.0,0.0,0.0,1
2023-05-11 13:34:34,l2311-P-8200,l2311-P-8200,584.5,0.0,0.0,0.0,10,202.5,0.0,0,584.5,0.0,0.0,0.0,0.0,0.0,1
2023-05-11 13:34:35,l2311-P-8200,l2311-P-8200,584.5,0.0,0.0,0.0,1,206.5,0.0,0,584.5,0.0,0.0,0.0,0.0,0.0,1
2023-05-11 13:34:36,l2311-P-8200,l2311-P-8200,584.5,0.0,0.0,0.0,10,207.0,0.0,0,584.5,0.0,0.0,0.0,0.0,0.0,1
2023-05-11 13:34:37,l2311-P-8200,l2311-P-8200,584.5,0.0,0.0,0.0,1,207.5,0.0,0,584.5,0.0,0.0,0.0,0.0,0.0,1
2023-05-11 13:34:37,l2311-P-8200,l2311-P-8200,584.5,0.0,0.0,0.0,10,208.0,0.0,0,584.5,0.0,0.0,0.0,0.0,0.0,1
2023-05-11 13:34:38,l2311-P-8200,l2311-P-8200,584.5,0.0,0.0,0.0,1,208.5,0.0,0,584.5,0.0,0.0,0.0,0.0,0.0,1
2023-05-11 13:34:39,l2311-P-8200,l2311-P-8200,584.5,0.0,0.0,0.0,10,209.0,0.0,0,584.5,0.0,0.0,0.0,0.0,0.0,1
2023-05-11 13:34:40,l2311-P-8200,l2311-P-8200,584.5,0.0,0.0,0.0,1,209.5,0.0,0,584.5,0.0,0.0,0.0,0.0,0.0,1
2023-05-11 13:34:41,l2311-P-8200,l2311-P-8200,584.5,0.0,0.0,0.0,10,210.0,0.0,0,584.5,0.0,0.0,0.0,0.0,0.0,1
2023-05-11 13:34:42,l2311-P-8200,l2311-P-8200,584.5,0.0,0.0,0.0,1,210.5,0.0,0,584.5,0.0,0.0,0.0,0.0,0.0,1
2023-05-11 13:34:43,l2311-P-8200,l2311-P-8200,584.5,0.0,0.0,0.0,10,211.0,0.0,0,584.5,0.0,0.0,0.0,0.0,0.0,1
2023-05-11 13:34:44,l2311-P-8200,l2311-P-8200,584.5,0.0,0.0,0.0,1,211.5,0.0,0,584.5,0.0,0.0,0.0,0.0,0.0,1
2023-05-11 13:34:45,l2311-P-8200,l2311-P-8200,584.5,0.0,0.0,0.0,10,212.0,0.0,0,584.5,0.0,0.0,0.0,0.0,0.0,1
2023-05-11 13:34:47,l2311-P-8200,l2311-P-8200,584.5,0.0,0.0,0.0,1,197.5,0.0,0,584.5,0.0,0.0,0.0,0.0,0.0,1
2023-05-11 13:34:47,l2311-P-8200,l2311-P-8200,584.5,0.0,0.0,0.0,10,198.0,0.0,0,584.5,0.0,0.0,0.0,0.0,0.0,1
2023-05-11 13:34:48,l2311-P-8200,l2311-P-8200,584.5,0.0,0.0,0.0,1,206.0,0.0,0,584.5,0.0,0.0,0.0,0.0,0.0,1
2023-05-11 13:34:49,l2311-P-8200,l2311-P-8200,584.5,0.0,0.0,0.0,10,206.5,0.0,0,584.5,0.0,0.0,0.0,0.0,0.0,1
2023-05-11 13:34:50,l2311-P-8200,l2311-P-8200,584.5,0.0,0.0,0.0,1,210.5,0.0,0,584.5,0.0,0.0,0.0,0.0,0.0,1
2023-05-11 13:34:51,l2311-P-8200,l2311-P-8200,584.5,0.0,0.0,0.0,10,211.0,0.0,0,584.5,0.0,0.0,0.0,0.0,0.0,1
2023-05-11 13:34:52,l2311-P-8200,l2311-P-8200,584.5,0.0,0.0,0.0,1,215.0,0.0,0,584.5,0.0,0.0,0.0,0.0,0.0,1
2023-05-11 13:34:53,l2311-P-8200,l2311-P-8200,584.5,0.0,0.0,0.0,10,215.5,0.0,0,584.5,0.0,0.0,0.0,0.0,0.0,1
2023-05-11 13:34:54,l2311-P-8200,l2311-P-8200,584.5,0.0,0.0,0.0,1,197.5,0.0,0,584.5,0.0,0.0,0.0,0.0,0.0,1
2023-05-11 13:34:54,l2311-P-8200,l2311-P-8200,584.5,0.0,0.0,0.0,10,198.0,0.0,0,584.5,0.0,0.0,0.0,0.0,0.0,1
2023-05-11 13:34:55,l2311-P-8200,l2311-P-8200,584.5,0.0,0.0,0.0,1,206.0,0.0,0,584.5,0.0,0.0,0.0,0.0,0.0,1
2023-05-11 13:34:56,l2311-P-8200,l2311-P-8200,584.5,0.0,0.0,0.0,10,206.5,0.0,0,584.5,0.0,0.0,0.0,0.0,0.0,1
2023-05-11 13:34:57,l2311-P-8200,l2311-P-8200,584.5,0.0,0.0,0.0,1,214.5,0.0,0,584.5,0.0,0.0,0.0,0.0,0.0,1
2023-05-11 13:34:58,l2311-P-8200,l2311-P-8200,584.5,0.0,0.0,0.0,10,215.0,0.0,0,584.5,0.0,0.0,0.0,0.0,0.0,1
2023-05-11 13:34:59,l2311-P-8200,l2311-P-8200,584.5,0.0,0.0,0.0,1,219.0,0.0,0,584.5,0.0,0.0,0.0,0.0,0.0,1
2023-05-11 13:34:59,l2311-P-8200,l2311-P-8200,584.5,0.0,0.0,0.0,10,219.5,0.0,0,584.5,0.0,0.0,0.0,0.0,0.0,1
2023-05-11 13:35:00,l2311-P-8200,l2311-P-8200,584.5,0.0,0.0,0.0,1,220.0,0.0,0,584.5,0.0,0.0,0.0,0.0,0.0,1
2023-05-11 13:35:01,l2311-P-8200,l2311-P-8200,584.5,0.0,0.0,0.0,10,220.5,0.0,0,584.5,0.0,0.0,0.0,0.0,0.0,1
2023-05-11 13:35:01,l2311-P-8200,l2311-P-8200,584.5,0.0,0.0,0.0,1,221.0,0.0,0,584.5,0.0,0.0,0.0,0.0,0.0,1
2023-05-11 13:35:01,l2311-P-8200,l2311-P-8200,584.5,0.0,0.0,0.0,10,221.5,0.0,0,584.5,0.0,0.0,0.0,0.0,0.0,1
2023-05-11 13:35:03,l2311-P-8200,l2311-P-8200,584.5,0.0,0.0,0.0,1,222.0,0.0,0,584.5,0.0,0.0,0.0,0.0,0.0,1
2023-05-11 13:35:03,l2311-P-8200,l2311-P-8200,584.5,0.0,0.0,0.0,10,222.5,0.0,0,584.5,0.0,0.0,0.0,0.0,0.0,1
2023-05-11 13:35:05,l2311-P-8200,l2311-P-8200,584.5,0.0,0.0,0.0,1,223.0,0.0,0,584.5,0.0,0.0,0.0,0.0,0.0,1
2023-05-11 13:35:05,l2311-P-8200,l2311-P-8200,584.5,0.0,0.0,0.0,10,223.5,0.0,0,584.5,0.0,0.0,0.0,0.0,0.0,1
2023-05-11 13:35:06,l2311-P-8200,l2311-P-8200,584.5,0.0,0.0,0.0,1,224.0,0.0,0,584.5,0.0,0.0,0.0,0.0,0.0,1
2023-05-11 13:35:06,l2311-P-8200,l2311-P-8200,584.5,0.0,0.0,0.0,10,224.5,0.0,0,584.5,0.0,0.0,0.0,0.0,0.0,1
2023-05-11 13:55:50,l2311-P-8200,l2311-P-8200,584.5,0.0,0.0,0.0,1,560.0,582.5,1,584.5,0.0,0.0,0.0,0.0,0.0,1
2023-05-11 13:55:55,l2311-P-8200,l2311-P-8200,584.5,0.0,0.0,0.0,2,560.0,582.5,2,584.5,0.0,0.0,0.0,0.0,0.0,1
2023-05-11 13:56:01,l2311-P-8200,l2311-P-8200,584.5,0.0,0.0,0.0,1,560.0,582.5,1,584.5,0.0,0.0,0.0,0.0,0.0,1
2023-05-11 13:56:07,l2311-P-8200,l2311-P-8200,584.5,0.0,0.0,0.0,1,559.5,583.0,1,584.5,0.0,0.0,0.0,0.0,0.0,1
2023-05-11 13:56:11,l2311-P-8200,l2311-P-8200,584.5,0.0,0.0,0.0,1,555.0,591.0,6,584.5,0.0,0.0,0.0,0.0,0.0,1
2023-05-11 13:56:13,l2311-P-8200,l2311-P-8200,584.5,0.0,0.0,0.0,1,555.0,591.0,1,584.5,0.0,0.0,0.0,0.0,0.0,1
2023-05-11 13:56:14,l2311-P-8200,l2311-P-8200,584.5,0.0,0.0,0.0,10,198.0,0.0,0,584.5,0.0,0.0,0.0,0.0,0.0,1
2023-05-11 13:56:17,l2311-P-8200,l2311-P-8200,584.5,0.0,0.0,0.0,1,198.5,0.0,0,584.5,0.0,0.0,0.0,0.0,0.0,1
2023-05-11 13:56:18,l2311-P-8200,l2311-P-8200,584.5,0.0,0.0,0.0,10,199.0,0.0,0,584.5,0.0,0.0,0.0,0.0,0.0,1
2023-05-11 13:56:19,l2311-P-8200,l2311-P-8200,584.5,0.0,0.0,0.0,1,197.5,0.0,0,584.5,0.0,0.0,0.0,0.0,0.0,1
2023-05-11 13:56:19,l2311-P-8200,l2311-P-8200,584.5,0.0,0.0,0.0,10,198.0,0.0,0,584.5,0.0,0.0,0.0,0.0,0.0,1
2023-05-11 13:56:20,l2311-P-8200,l2311-P-8200,584.5,0.0,0.0,0.0,1,198.5,0.0,0,584.5,0.0,0.0,0.0,0.0,0.0,1
2023-05-11 13:56:21,l2311-P-8200,l2311-P-8200,584.5,0.0,0.0,0.0,10,199.0,0.0,0,584.5,0.0,0.0,0.0,0.0,0.0,1
2023-05-11 13:56:22,l2311-P-8200,l2311-P-8200,584.5,0.0,0.0,0.0,1,199.5,0.0,0,584.5,0.0,0.0,0.0,0.0,0.0,1
2023-05-11 13:56:22,l2311-P-8200,l2311-P-8200,584.5,0.0,0.0,0.0,10,200.0,0.0,0,584.5,0.0,0.0,0.0,0.0,0.0,1
2023-05-11 13:56:23,l2311-P-8200,l2311-P-8200,584.5,0.0,0.0,0.0,1,200.5,0.0,0,584.5,0.0,0.0,0.0,0.0,0.0,1
2023-05-11 13:56:23,l2311-P-8200,l2311-P-8200,584.5,0.0,0.0,0.0,10,201.0,0.0,0,584.5,0.0,0.0,0.0,0.0,0.0,1
2023-05-11 13:56:24,l2311-P-8200,l2311-P-8200,584.5,0.0,0.0,0.0,1,201.5,0.0,0,584.5,0.0,0.0,0.0,0.0,0.0,1
2023-05-11 13:56:25,l2311-P-8200,l2311-P-8200,584.5,0.0,0.0,0.0,10,202.0,0.0,0,584.5,0.0,0.0,0.0,0.0,0.0,1
2023-05-11 13:56:26,l2311-P-8200,l2311-P-8200,584.5,0.0,0.0,0.0,1,202.5,0.0,0,584.5,0.0,0.0,0.0,0.0,0.0,1
2023-05-11 13:56:26,l2311-P-8200,l2311-P-8200,584.5,0.0,0.0,0.0,10,203.0,0.0,0,584.5,0.0,0.0,0.0,0.0,0.0,1
2023-05-11 13:56:27,l2311-P-8200,l2311-P-8200,584.5,0.0,0.0,0.0,1,203.5,0.0,0,584.5,0.0,0.0,0.0,0.0,0.0,1
2023-05-11 13:56:27,l2311-P-8200,l2311-P-8200,584.5,0.0,0.0,0.0,10,204.0,0.0,0,584.5,0.0,0.0,0.0,0.0,0.0,1
2023-05-11 13:56:28,l2311-P-8200,l2311-P-8200,584.5,0.0,0.0,0.0,1,204.5,0.0,0,584.5,0.0,0.0,0.0,0.0,0.0,1
2023-05-11 13:56:29,l2311-P-8200,l2311-P-8200,584.5,0.0,0.0,0.0,10,205.0,0.0,0,584.5,0.0,0.0,0.0,0.0,0.0,1
2023-05-11 13:56:30,l2311-P-8200,l2311-P-8200,584.5,0.0,0.0,0.0,1,205.5,0.0,0,584.5,0.0,0.0,0.0,0.0,0.0,1
2023-05-11 13:56:30,l2311-P-8200,l2311-P-8200,584.5,0.0,0.0,0.0,10,206.0,0.0,0,584.5,0.0,0.0,0.0,0.0,0.0,1
2023-05-11 13:56:31,l2311-P-8200,l2311-P-8200,584.5,0.0,0.0,0.0,1,197.5,0.0,0,584.5,0.0,0.0,0.0,0.0,0.0,1
2023-05-11 13:56:31,l2311-P-8200,l2311-P-8200,584.5,0.0,0.0,0.0,10,198.0,0.0,0,584.5,0.0,0.0,0.0,0.0,0.0,1
2023-05-11 13:56:34,l2311-P-8200,l2311-P-8200,584.5,0.0,0.0,0.0,1,206.0,0.0,0,584.5,0.0,0.0,0.0,0.0,0.0,1
2023-05-11 13:56:34,l2311-P-8200,l2311-P-8200,584.5,0.0,0.0,0.0,10,206.5,0.0,0,584.5,0.0,0.0,0.0,0.0,0.0,1
2023-05-11 13:56:35,l2311-P-8200,l2311-P-8200,584.5,0.0,0.0,0.0,1,207.0,0.0,0,584.5,0.0,0.0,0.0,0.0,0.0,1
2023-05-11 13:56:36,l2311-P-8200,l2311-P-8200,584.5,0.0,0.0,0.0,10,207.5,0.0,0,584.5,0.0,0.0,0.0,0.0,0.0,1
2023-05-11 13:56:36,l2311-P-8200,l2311-P-8200,584.5,0.0,0.0,0.0,1,208.0,0.0,0,584.5,0.0,0.0,0.0,0.0,0.0,1
2023-05-11 13:56:36,l2311-P-8200,l2311-P-8200,584.5,0.0,0.0,0.0,10,208.5,0.0,0,584.5,0.0,0.0,0.0,0.0,0.0,1
2023-05-11 13:56:38,l2311-P-8200,l2311-P-8200,584.5,0.0,0.0,0.0,1,209.0,0.0,0,584.5,0.0,0.0,0.0,0.0,0.0,1
2023-05-11 13:56:38,l2311-P-8200,l2311-P-8200,584.5,0.0,0.0,0.0,10,209.5,0.0,0,584.5,0.0,0.0,0.0,0.0,0.0,1
2023-05-11 13:56:39,l2311-P-8200,l2311-P-8200,584.5,0.0,0.0,0.0,1,210.0,0.0,0,584.5,0.0,0.0,0.0,0.0,0.0,1
2023-05-11 13:56:40,l2311-P-8200,l2311-P-8200,584.5,0.0,0.0,0.0,10,210.5,0.0,0,584.5,0.0,0.0,0.0,0.0,0.0,1
2023-05-11 13:56:41,l2311-P-8200,l2311-P-8200,584.5,0.0,0.0,0.0,1,211.0,0.0,0,584.5,0.0,0.0,0.0,0.0,0.0,1
2023-05-11 13:56:41,l2311-P-8200,l2311-P-8200,584.5,0.0,0.0,0.0,10,211.5,0.0,0,584.5,0.0,0.0,0.0,0.0,0.0,1
2023-05-11 13:56:42,l2311-P-8200,l2311-P-8200,584.5,0.0,0.0,0.0,1,212.0,0.0,0,584.5,0.0,0.0,0.0,0.0,0.0,1
2023-05-11 13:56:43,l2311-P-8200,l2311-P-8200,584.5,0.0,0.0,0.0,10,212.5,0.0,0,584.5,0.0,0.0,0.0,0.0,0.0,1
2023-05-11 13:56:43,l2311-P-8200,l2311-P-8200,584.5,0.0,0.0,0.0,1,213.0,0.0,0,584.5,0.0,0.0,0.0,0.0,0.0,1
2023-05-11 13:56:44,l2311-P-8200,l2311-P-8200,584.5,0.0,0.0,0.0,10,213.5,0.0,0,584.5,0.0,0.0,0.0,0.0,0.0,1
2023-05-11 13:56:44,l2311-P-8200,l2311-P-8200,584.5,0.0,0.0,0.0,1,214.0,0.0,0,584.5,0.0,0.0,0.0,0.0,0.0,1
2023-05-11 13:56:45,l2311-P-8200,l2311-P-8200,584.5,0.0,0.0,0.0,10,214.5,0.0,0,584.5,0.0,0.0,0.0,0.0,0.0,1
2023-05-11 13:56:45,l2311-P-8200,l2311-P-8200,584.5,0.0,0.0,0.0,1,215.0,0.0,0,584.5,0.0,0.0,0.0,0.0,0.0,1
2023-05-11 13:56:46,l2311-P-8200,l2311-P-8200,584.5,0.0,0.0,0.0,10,215.5,0.0,0,584.5,0.0,0.0,0.0,0.0,0.0,1
2023-05-11 13:56:46,l2311-P-8200,l2311-P-8200,584.5,0.0,0.0,0.0,1,216.0,0.0,0,584.5,0.0,0.0,0.0,0.0,0.0,1
2023-05-11 13:56:47,l2311-P-8200,l2311-P-8200,584.5,0.0,0.0,0.0,10,216.5,0.0,0,584.5,0.0,0.0,0.0,0.0,0.0,1
2023-05-11 13:56:47,l2311-P-8200,l2311-P-8200,584.5,0.0,0.0,0.0,1,217.0,0.0,0,584.5,0.0,0.0,0.0,0.0,0.0,1
2023-05-11 13:56:48,l2311-P-8200,l2311-P-8200,584.5,0.0,0.0,0.0,10,217.5,0.0,0,584.5,0.0,0.0,0.0,0.0,0.0,1
2023-05-11 13:56:48,l2311-P-8200,l2311-P-8200,584.5,0.0,0.0,0.0,1,218.0,0.0,0,584.5,0.0,0.0,0.0,0.0,0.0,1
2023-05-11 13:56:49,l2311-P-8200,l2311-P-8200,584.5,0.0,0.0,0.0,10,218.5,0.0,0,584.5,0.0,0.0,0.0,0.0,0.0,1
2023-05-11 13:56:49,l2311-P-8200,l2311-P-8200,584.5,0.0,0.0,0.0,1,219.0,0.0,0,584.5,0.0,0.0,0.0,0.0,0.0,1
2023-05-11 13:56:49,l2311-P-8200,l2311-P-8200,584.5,0.0,0.0,0.0,10,219.5,0.0,0,584.5,0.0,0.0,0.0,0.0,0.0,1
2023-05-11 13:56:50,l2311-P-8200,l2311-P-8200,584.5,0.0,0.0,0.0,1,220.0,0.0,0,584.5,0.0,0.0,0.0,0.0,0.0,1
2023-05-11 13:56:51,l2311-P-8200,l2311-P-8200,584.5,0.0,0.0,0.0,10,220.5,0.0,0,584.5,0.0,0.0,0.0,0.0,0.0,1
2023-05-11 13:56:51,l2311-P-8200,l2311-P-8200,584.5,0.0,0.0,0.0,1,221.0,0.0,0,584.5,0.0,0.0,0.0,0.0,0.0,1
2023-05-11 13:56:51,l2311-P-8200,l2311-P-8200,584.5,0.0,0.0,0.0,10,221.5,0.0,0,584.5,0.0,0.0,0.0,0.0,0.0,1
2023-05-11 13:56:52,l2311-P-8200,l2311-P-8200,584.5,0.0,0.0,0.0,1,222.0,0.0,0,584.5,0.0,0.0,0.0,0.0,0.0,1
2023-05-11 13:56:52,l2311-P-8200,l2311-P-8200,584.5,0.0,0.0,0.0,10,222.5,0.0,0,584.5,0.0,0.0,0.0,0.0,0.0,1
2023-05-11 13:56:54,l2311-P-8200,l2311-P-8200,584.5,0.0,0.0,0.0,1,223.0,0.0,0,584.5,0.0,0.0,0.0,0.0,0.0,1
2023-05-11 13:56:54,l2311-P-8200,l2311-P-8200,584.5,0.0,0.0,0.0,10,223.5,0.0,0,584.5,0.0,0.0,0.0,0.0,0.0,1
2023-05-11 13:56:55,l2311-P-8200,l2311-P-8200,584.5,0.0,0.0,0.0,1,224.0,0.0,0,584.5,0.0,0.0,0.0,0.0,0.0,1
2023-05-11 13:56:55,l2311-P-8200,l2311-P-8200,584.5,0.0,0.0,0.0,10,224.5,0.0,0,584.5,0.0,0.0,0.0,0.0,0.0,1
2023-05-11 14:56:45,l2311-P-8200,l2311-P-8200,584.5,0.0,0.0,0.0,1,197.5,0.0,0,584.5,0.0,0.0,0.0,0.0,0.0,1
2023-05-11 14:59:02,l2311-P-8200,l2311-P-8200,584.5,0.0,0.0,0.0,10,198.0,0.0,0,584.5,0.0,0.0,0.0,0.0,0.0,1
2023-05-11 14:59:50,l2311-P-8200,l2311-P-8200,584.5,0.0,0.0,0.0,1,198.5,0.0,0,584.5,0.0,0.0,0.0,0.0,0.0,1
2023-05-11 14:59:50,l2311-P-8200,l2311-P-8200,584.5,0.0,0.0,0.0,10,199.0,0.0,0,584.5,0.0,0.0,0.0,0.0,0.0,1
2023-05-11 14:59:54,l2311-P-8200,l2311-P-8200,584.5,0.0,0.0,0.0,1,198.5,0.0,0,584.5,0.0,0.0,0.0,0.0,0.0,1
2023-05-11 15:01:09,l2311-P-8200,l2311-P-8200,584.5,0.0,0.0,0.0,1,198.5,0.0,0,584.5,0.0,0.0,0.0,0.0,0.0,1
