time,symbol_id,symbol_name,last,trade_volume,trade_amount,open_interest_change,bv1,bp1,ap1,av1,yesterday_close,today_open,today_high,today_low,volume,amount,open_interest
2023-05-10 20:55:36,l2311-C-7600,l2311-C-7600,425.0,0.0,0.0,0.0,1,0.5,0.0,0,425.0,0.0,0.0,0.0,0.0,0.0,4
2023-05-10 21:00:06,l2311-C-7600,l2311-C-7600,425.0,0.0,0.0,0.0,10,1.0,0.0,0,425.0,0.0,0.0,0.0,0.0,0.0,4
2023-05-10 21:00:28,l2311-C-7600,l2311-C-7600,425.0,0.0,0.0,0.0,1,54.5,0.0,0,425.0,0.0,0.0,0.0,0.0,0.0,4
2023-05-10 21:00:28,l2311-C-7600,l2311-C-7600,425.0,0.0,0.0,0.0,10,55.0,0.0,0,425.0,0.0,0.0,0.0,0.0,0.0,4
2023-05-10 21:01:37,l2311-C-7600,l2311-C-7600,425.0,0.0,0.0,0.0,1,55.5,0.0,0,425.0,0.0,0.0,0.0,0.0,0.0,4
2023-05-10 21:01:37,l2311-C-7600,l2311-C-7600,425.0,0.0,0.0,0.0,10,56.0,0.0,0,425.0,0.0,0.0,0.0,0.0,0.0,4
2023-05-10 21:02:14,l2311-C-7600,l2311-C-7600,425.0,0.0,0.0,0.0,1,56.5,0.0,0,425.0,0.0,0.0,0.0,0.0,0.0,4
2023-05-10 21:02:14,l2311-C-7600,l2311-C-7600,425.0,0.0,0.0,0.0,10,57.0,0.0,0,425.0,0.0,0.0,0.0,0.0,0.0,4
2023-05-10 21:04:46,l2311-C-7600,l2311-C-7600,425.0,0.0,0.0,0.0,1,57.5,0.0,0,425.0,0.0,0.0,0.0,0.0,0.0,4
2023-05-10 21:04:46,l2311-C-7600,l2311-C-7600,425.0,0.0,0.0,0.0,10,58.0,0.0,0,425.0,0.0,0.0,0.0,0.0,0.0,4
2023-05-10 21:05:08,l2311-C-7600,l2311-C-7600,425.0,0.0,0.0,0.0,1,58.5,0.0,0,425.0,0.0,0.0,0.0,0.0,0.0,4
2023-05-10 21:05:08,l2311-C-7600,l2311-C-7600,425.0,0.0,0.0,0.0,10,59.0,0.0,0,425.0,0.0,0.0,0.0,0.0,0.0,4
2023-05-10 21:05:36,l2311-C-7600,l2311-C-7600,425.0,0.0,0.0,0.0,1,59.5,0.0,0,425.0,0.0,0.0,0.0,0.0,0.0,4
2023-05-10 21:05:36,l2311-C-7600,l2311-C-7600,425.0,0.0,0.0,0.0,10,60.0,0.0,0,425.0,0.0,0.0,0.0,0.0,0.0,4
2023-05-10 21:05:58,l2311-C-7600,l2311-C-7600,425.0,0.0,0.0,0.0,1,60.5,0.0,0,425.0,0.0,0.0,0.0,0.0,0.0,4
2023-05-10 21:05:58,l2311-C-7600,l2311-C-7600,425.0,0.0,0.0,0.0,10,61.0,0.0,0,425.0,0.0,0.0,0.0,0.0,0.0,4
2023-05-10 21:07:13,l2311-C-7600,l2311-C-7600,425.0,0.0,0.0,0.0,1,61.5,0.0,0,425.0,0.0,0.0,0.0,0.0,0.0,4
2023-05-10 21:07:13,l2311-C-7600,l2311-C-7600,425.0,0.0,0.0,0.0,10,62.0,0.0,0,425.0,0.0,0.0,0.0,0.0,0.0,4
2023-05-10 21:07:16,l2311-C-7600,l2311-C-7600,425.0,0.0,0.0,0.0,1,62.5,0.0,0,425.0,0.0,0.0,0.0,0.0,0.0,4
2023-05-10 21:07:16,l2311-C-7600,l2311-C-7600,425.0,0.0,0.0,0.0,10,63.0,0.0,0,425.0,0.0,0.0,0.0,0.0,0.0,4
2023-05-10 21:07:19,l2311-C-7600,l2311-C-7600,425.0,0.0,0.0,0.0,1,63.5,0.0,0,425.0,0.0,0.0,0.0,0.0,0.0,4
2023-05-10 21:07:19,l2311-C-7600,l2311-C-7600,425.0,0.0,0.0,0.0,10,64.0,0.0,0,425.0,0.0,0.0,0.0,0.0,0.0,4
2023-05-10 21:10:15,l2311-C-7600,l2311-C-7600,425.0,0.0,0.0,0.0,1,64.5,0.0,0,425.0,0.0,0.0,0.0,0.0,0.0,4
2023-05-10 21:10:15,l2311-C-7600,l2311-C-7600,425.0,0.0,0.0,0.0,10,65.0,0.0,0,425.0,0.0,0.0,0.0,0.0,0.0,4
2023-05-10 21:10:40,l2311-C-7600,l2311-C-7600,425.0,0.0,0.0,0.0,1,65.5,0.0,0,425.0,0.0,0.0,0.0,0.0,0.0,4
2023-05-10 21:10:40,l2311-C-7600,l2311-C-7600,425.0,0.0,0.0,0.0,10,66.0,0.0,0,425.0,0.0,0.0,0.0,0.0,0.0,4
2023-05-10 21:11:08,l2311-C-7600,l2311-C-7600,425.0,0.0,0.0,0.0,1,66.5,0.0,0,425.0,0.0,0.0,0.0,0.0,0.0,4
2023-05-10 21:11:08,l2311-C-7600,l2311-C-7600,425.0,0.0,0.0,0.0,10,67.0,0.0,0,425.0,0.0,0.0,0.0,0.0,0.0,4
2023-05-10 21:12:15,l2311-C-7600,l2311-C-7600,425.0,0.0,0.0,0.0,1,67.5,0.0,0,425.0,0.0,0.0,0.0,0.0,0.0,4
2023-05-10 21:12:15,l2311-C-7600,l2311-C-7600,425.0,0.0,0.0,0.0,10,68.0,0.0,0,425.0,0.0,0.0,0.0,0.0,0.0,4
2023-05-10 21:12:36,l2311-C-7600,l2311-C-7600,425.0,0.0,0.0,0.0,1,68.5,0.0,0,425.0,0.0,0.0,0.0,0.0,0.0,4
2023-05-10 21:12:36,l2311-C-7600,l2311-C-7600,425.0,0.0,0.0,0.0,10,69.0,0.0,0,425.0,0.0,0.0,0.0,0.0,0.0,4
2023-05-10 21:12:47,l2311-C-7600,l2311-C-7600,425.0,0.0,0.0,0.0,1,69.5,0.0,0,425.0,0.0,0.0,0.0,0.0,0.0,4
2023-05-10 21:12:47,l2311-C-7600,l2311-C-7600,425.0,0.0,0.0,0.0,10,70.0,0.0,0,425.0,0.0,0.0,0.0,0.0,0.0,4
2023-05-10 21:12:51,l2311-C-7600,l2311-C-7600,425.0,0.0,0.0,0.0,1,70.5,0.0,0,425.0,0.0,0.0,0.0,0.0,0.0,4
2023-05-10 21:12:51,l2311-C-7600,l2311-C-7600,425.0,0.0,0.0,0.0,10,71.0,0.0,0,425.0,0.0,0.0,0.0,0.0,0.0,4
2023-05-10 21:12:53,l2311-C-7600,l2311-C-7600,425.0,0.0,0.0,0.0,1,71.5,0.0,0,425.0,0.0,0.0,0.0,0.0,0.0,4
2023-05-10 21:12:53,l2311-C-7600,l2311-C-7600,425.0,0.0,0.0,0.0,10,72.0,0.0,0,425.0,0.0,0.0,0.0,0.0,0.0,4
2023-05-10 21:12:56,l2311-C-7600,l2311-C-7600,425.0,0.0,0.0,0.0,1,72.5,0.0,0,425.0,0.0,0.0,0.0,0.0,0.0,4
2023-05-10 21:12:56,l2311-C-7600,l2311-C-7600,425.0,0.0,0.0,0.0,10,73.0,0.0,0,425.0,0.0,0.0,0.0,0.0,0.0,4
2023-05-10 21:12:57,l2311-C-7600,l2311-C-7600,425.0,0.0,0.0,0.0,1,73.5,0.0,0,425.0,0.0,0.0,0.0,0.0,0.0,4
2023-05-10 21:12:57,l2311-C-7600,l2311-C-7600,425.0,0.0,0.0,0.0,10,74.0,0.0,0,425.0,0.0,0.0,0.0,0.0,0.0,4
2023-05-10 21:12:58,l2311-C-7600,l2311-C-7600,425.0,0.0,0.0,0.0,1,74.5,0.0,0,425.0,0.0,0.0,0.0,0.0,0.0,4
2023-05-10 21:12:58,l2311-C-7600,l2311-C-7600,425.0,0.0,0.0,0.0,10,75.0,0.0,0,425.0,0.0,0.0,0.0,0.0,0.0,4
2023-05-10 21:13:00,l2311-C-7600,l2311-C-7600,425.0,0.0,0.0,0.0,1,75.5,0.0,0,425.0,0.0,0.0,0.0,0.0,0.0,4
2023-05-10 21:13:00,l2311-C-7600,l2311-C-7600,425.0,0.0,0.0,0.0,10,76.0,0.0,0,425.0,0.0,0.0,0.0,0.0,0.0,4
2023-05-10 21:13:01,l2311-C-7600,l2311-C-7600,425.0,0.0,0.0,0.0,1,76.5,0.0,0,425.0,0.0,0.0,0.0,0.0,0.0,4
2023-05-10 21:13:01,l2311-C-7600,l2311-C-7600,425.0,0.0,0.0,0.0,10,77.0,0.0,0,425.0,0.0,0.0,0.0,0.0,0.0,4
2023-05-10 21:13:03,l2311-C-7600,l2311-C-7600,425.0,0.0,0.0,0.0,1,77.5,0.0,0,425.0,0.0,0.0,0.0,0.0,0.0,4
2023-05-10 21:13:03,l2311-C-7600,l2311-C-7600,425.0,0.0,0.0,0.0,10,78.0,0.0,0,425.0,0.0,0.0,0.0,0.0,0.0,4
2023-05-10 21:13:07,l2311-C-7600,l2311-C-7600,425.0,0.0,0.0,0.0,1,78.5,0.0,0,425.0,0.0,0.0,0.0,0.0,0.0,4
2023-05-10 21:13:07,l2311-C-7600,l2311-C-7600,425.0,0.0,0.0,0.0,10,79.0,0.0,0,425.0,0.0,0.0,0.0,0.0,0.0,4
2023-05-10 21:13:19,l2311-C-7600,l2311-C-7600,425.0,0.0,0.0,0.0,1,79.5,0.0,0,425.0,0.0,0.0,0.0,0.0,0.0,4
2023-05-10 21:13:19,l2311-C-7600,l2311-C-7600,425.0,0.0,0.0,0.0,10,80.0,0.0,0,425.0,0.0,0.0,0.0,0.0,0.0,4
2023-05-10 21:13:27,l2311-C-7600,l2311-C-7600,425.0,0.0,0.0,0.0,1,80.5,0.0,0,425.0,0.0,0.0,0.0,0.0,0.0,4
2023-05-10 21:13:27,l2311-C-7600,l2311-C-7600,425.0,0.0,0.0,0.0,10,81.0,0.0,0,425.0,0.0,0.0,0.0,0.0,0.0,4
2023-05-10 21:13:31,l2311-C-7600,l2311-C-7600,425.0,0.0,0.0,0.0,1,81.5,0.0,0,425.0,0.0,0.0,0.0,0.0,0.0,4
2023-05-10 21:13:31,l2311-C-7600,l2311-C-7600,425.0,0.0,0.0,0.0,10,82.0,0.0,0,425.0,0.0,0.0,0.0,0.0,0.0,4
2023-05-10 21:13:37,l2311-C-7600,l2311-C-7600,425.0,0.0,0.0,0.0,1,82.5,0.0,0,425.0,0.0,0.0,0.0,0.0,0.0,4
2023-05-10 21:13:37,l2311-C-7600,l2311-C-7600,425.0,0.0,0.0,0.0,10,83.0,0.0,0,425.0,0.0,0.0,0.0,0.0,0.0,4
2023-05-10 21:13:45,l2311-C-7600,l2311-C-7600,425.0,0.0,0.0,0.0,1,83.5,0.0,0,425.0,0.0,0.0,0.0,0.0,0.0,4
2023-05-10 21:13:45,l2311-C-7600,l2311-C-7600,425.0,0.0,0.0,0.0,10,84.0,0.0,0,425.0,0.0,0.0,0.0,0.0,0.0,4
2023-05-10 21:13:46,l2311-C-7600,l2311-C-7600,425.0,0.0,0.0,0.0,1,84.5,0.0,0,425.0,0.0,0.0,0.0,0.0,0.0,4
2023-05-10 21:13:46,l2311-C-7600,l2311-C-7600,425.0,0.0,0.0,0.0,10,85.0,0.0,0,425.0,0.0,0.0,0.0,0.0,0.0,4
2023-05-10 21:13:48,l2311-C-7600,l2311-C-7600,425.0,0.0,0.0,0.0,1,85.5,0.0,0,425.0,0.0,0.0,0.0,0.0,0.0,4
2023-05-10 21:13:48,l2311-C-7600,l2311-C-7600,425.0,0.0,0.0,0.0,10,86.0,0.0,0,425.0,0.0,0.0,0.0,0.0,0.0,4
2023-05-10 21:13:50,l2311-C-7600,l2311-C-7600,425.0,0.0,0.0,0.0,1,86.5,0.0,0,425.0,0.0,0.0,0.0,0.0,0.0,4
2023-05-10 21:13:50,l2311-C-7600,l2311-C-7600,425.0,0.0,0.0,0.0,10,87.0,0.0,0,425.0,0.0,0.0,0.0,0.0,0.0,4
2023-05-10 21:13:51,l2311-C-7600,l2311-C-7600,425.0,0.0,0.0,0.0,1,87.5,0.0,0,425.0,0.0,0.0,0.0,0.0,0.0,4
2023-05-10 21:13:51,l2311-C-7600,l2311-C-7600,425.0,0.0,0.0,0.0,10,88.0,0.0,0,425.0,0.0,0.0,0.0,0.0,0.0,4
2023-05-10 21:13:53,l2311-C-7600,l2311-C-7600,425.0,0.0,0.0,0.0,1,88.5,0.0,0,425.0,0.0,0.0,0.0,0.0,0.0,4
2023-05-10 21:13:53,l2311-C-7600,l2311-C-7600,425.0,0.0,0.0,0.0,10,89.0,0.0,0,425.0,0.0,0.0,0.0,0.0,0.0,4
2023-05-10 21:13:55,l2311-C-7600,l2311-C-7600,425.0,0.0,0.0,0.0,1,89.5,0.0,0,425.0,0.0,0.0,0.0,0.0,0.0,4
2023-05-10 21:13:55,l2311-C-7600,l2311-C-7600,425.0,0.0,0.0,0.0,10,90.0,0.0,0,425.0,0.0,0.0,0.0,0.0,0.0,4
2023-05-10 21:13:56,l2311-C-7600,l2311-C-7600,425.0,0.0,0.0,0.0,1,90.5,0.0,0,425.0,0.0,0.0,0.0,0.0,0.0,4
2023-05-10 21:13:56,l2311-C-7600,l2311-C-7600,425.0,0.0,0.0,0.0,10,91.0,0.0,0,425.0,0.0,0.0,0.0,0.0,0.0,4
2023-05-10 21:13:57,l2311-C-7600,l2311-C-7600,425.0,0.0,0.0,0.0,1,91.5,0.0,0,425.0,0.0,0.0,0.0,0.0,0.0,4
2023-05-10 21:13:57,l2311-C-7600,l2311-C-7600,425.0,0.0,0.0,0.0,10,92.0,0.0,0,425.0,0.0,0.0,0.0,0.0,0.0,4
2023-05-10 21:13:59,l2311-C-7600,l2311-C-7600,425.0,0.0,0.0,0.0,1,92.5,0.0,0,425.0,0.0,0.0,0.0,0.0,0.0,4
2023-05-10 21:13:59,l2311-C-7600,l2311-C-7600,425.0,0.0,0.0,0.0,10,93.0,0.0,0,425.0,0.0,0.0,0.0,0.0,0.0,4
2023-05-10 21:14:00,l2311-C-7600,l2311-C-7600,425.0,0.0,0.0,0.0,1,93.5,0.0,0,425.0,0.0,0.0,0.0,0.0,0.0,4
2023-05-10 21:14:00,l2311-C-7600,l2311-C-7600,425.0,0.0,0.0,0.0,10,94.0,0.0,0,425.0,0.0,0.0,0.0,0.0,0.0,4
2023-05-10 21:14:02,l2311-C-7600,l2311-C-7600,425.0,0.0,0.0,0.0,1,94.5,0.0,0,425.0,0.0,0.0,0.0,0.0,0.0,4
2023-05-10 21:14:02,l2311-C-7600,l2311-C-7600,425.0,0.0,0.0,0.0,10,95.0,0.0,0,425.0,0.0,0.0,0.0,0.0,0.0,4
2023-05-10 21:14:03,l2311-C-7600,l2311-C-7600,425.0,0.0,0.0,0.0,1,95.5,0.0,0,425.0,0.0,0.0,0.0,0.0,0.0,4
2023-05-10 21:14:03,l2311-C-7600,l2311-C-7600,425.0,0.0,0.0,0.0,10,96.0,0.0,0,425.0,0.0,0.0,0.0,0.0,0.0,4
2023-05-10 21:14:05,l2311-C-7600,l2311-C-7600,425.0,0.0,0.0,0.0,1,96.5,0.0,0,425.0,0.0,0.0,0.0,0.0,0.0,4
2023-05-10 21:14:05,l2311-C-7600,l2311-C-7600,425.0,0.0,0.0,0.0,10,97.0,0.0,0,425.0,0.0,0.0,0.0,0.0,0.0,4
2023-05-10 21:14:06,l2311-C-7600,l2311-C-7600,425.0,0.0,0.0,0.0,1,97.5,0.0,0,425.0,0.0,0.0,0.0,0.0,0.0,4
2023-05-10 21:14:06,l2311-C-7600,l2311-C-7600,425.0,0.0,0.0,0.0,10,98.0,0.0,0,425.0,0.0,0.0,0.0,0.0,0.0,4
2023-05-10 21:14:08,l2311-C-7600,l2311-C-7600,425.0,0.0,0.0,0.0,1,98.5,0.0,0,425.0,0.0,0.0,0.0,0.0,0.0,4
2023-05-10 21:14:08,l2311-C-7600,l2311-C-7600,425.0,0.0,0.0,0.0,10,99.0,0.0,0,425.0,0.0,0.0,0.0,0.0,0.0,4
2023-05-10 21:14:09,l2311-C-7600,l2311-C-7600,425.0,0.0,0.0,0.0,1,99.5,0.0,0,425.0,0.0,0.0,0.0,0.0,0.0,4
2023-05-10 21:14:09,l2311-C-7600,l2311-C-7600,425.0,0.0,0.0,0.0,10,100.0,0.0,0,425.0,0.0,0.0,0.0,0.0,0.0,4
2023-05-10 21:14:11,l2311-C-7600,l2311-C-7600,425.0,0.0,0.0,0.0,1,100.5,0.0,0,425.0,0.0,0.0,0.0,0.0,0.0,4
2023-05-10 21:14:11,l2311-C-7600,l2311-C-7600,425.0,0.0,0.0,0.0,10,101.0,0.0,0,425.0,0.0,0.0,0.0,0.0,0.0,4
2023-05-10 21:14:12,l2311-C-7600,l2311-C-7600,425.0,0.0,0.0,0.0,1,101.5,0.0,0,425.0,0.0,0.0,0.0,0.0,0.0,4
2023-05-10 21:14:12,l2311-C-7600,l2311-C-7600,425.0,0.0,0.0,0.0,10,102.0,0.0,0,425.0,0.0,0.0,0.0,0.0,0.0,4
2023-05-10 21:14:14,l2311-C-7600,l2311-C-7600,425.0,0.0,0.0,0.0,1,102.5,0.0,0,425.0,0.0,0.0,0.0,0.0,0.0,4
2023-05-10 21:14:14,l2311-C-7600,l2311-C-7600,425.0,0.0,0.0,0.0,10,103.0,0.0,0,425.0,0.0,0.0,0.0,0.0,0.0,4
2023-05-10 21:14:15,l2311-C-7600,l2311-C-7600,425.0,0.0,0.0,0.0,1,103.5,0.0,0,425.0,0.0,0.0,0.0,0.0,0.0,4
2023-05-10 21:14:15,l2311-C-7600,l2311-C-7600,425.0,0.0,0.0,0.0,10,104.0,0.0,0,425.0,0.0,0.0,0.0,0.0,0.0,4
2023-05-10 21:14:16,l2311-C-7600,l2311-C-7600,425.0,0.0,0.0,0.0,1,104.5,0.0,0,425.0,0.0,0.0,0.0,0.0,0.0,4
2023-05-10 21:14:16,l2311-C-7600,l2311-C-7600,425.0,0.0,0.0,0.0,10,105.0,0.0,0,425.0,0.0,0.0,0.0,0.0,0.0,4
2023-05-10 21:14:18,l2311-C-7600,l2311-C-7600,425.0,0.0,0.0,0.0,1,105.5,0.0,0,425.0,0.0,0.0,0.0,0.0,0.0,4
2023-05-10 21:14:18,l2311-C-7600,l2311-C-7600,425.0,0.0,0.0,0.0,10,106.0,0.0,0,425.0,0.0,0.0,0.0,0.0,0.0,4
2023-05-10 21:14:19,l2311-C-7600,l2311-C-7600,425.0,0.0,0.0,0.0,1,106.5,0.0,0,425.0,0.0,0.0,0.0,0.0,0.0,4
2023-05-10 21:14:19,l2311-C-7600,l2311-C-7600,425.0,0.0,0.0,0.0,10,107.0,0.0,0,425.0,0.0,0.0,0.0,0.0,0.0,4
2023-05-10 21:14:21,l2311-C-7600,l2311-C-7600,425.0,0.0,0.0,0.0,1,107.5,0.0,0,425.0,0.0,0.0,0.0,0.0,0.0,4
2023-05-10 21:14:21,l2311-C-7600,l2311-C-7600,425.0,0.0,0.0,0.0,10,108.0,0.0,0,425.0,0.0,0.0,0.0,0.0,0.0,4
2023-05-10 21:14:22,l2311-C-7600,l2311-C-7600,425.0,0.0,0.0,0.0,1,108.5,0.0,0,425.0,0.0,0.0,0.0,0.0,0.0,4
2023-05-10 21:14:22,l2311-C-7600,l2311-C-7600,425.0,0.0,0.0,0.0,10,109.0,0.0,0,425.0,0.0,0.0,0.0,0.0,0.0,4
2023-05-10 21:14:24,l2311-C-7600,l2311-C-7600,425.0,0.0,0.0,0.0,1,109.5,0.0,0,425.0,0.0,0.0,0.0,0.0,0.0,4
2023-05-10 21:14:24,l2311-C-7600,l2311-C-7600,425.0,0.0,0.0,0.0,10,110.0,0.0,0,425.0,0.0,0.0,0.0,0.0,0.0,4
2023-05-10 21:14:25,l2311-C-7600,l2311-C-7600,425.0,0.0,0.0,0.0,1,110.5,0.0,0,425.0,0.0,0.0,0.0,0.0,0.0,4
2023-05-10 21:14:25,l2311-C-7600,l2311-C-7600,425.0,0.0,0.0,0.0,10,111.0,0.0,0,425.0,0.0,0.0,0.0,0.0,0.0,4
2023-05-10 21:14:27,l2311-C-7600,l2311-C-7600,425.0,0.0,0.0,0.0,1,111.5,0.0,0,425.0,0.0,0.0,0.0,0.0,0.0,4
2023-05-10 21:14:27,l2311-C-7600,l2311-C-7600,425.0,0.0,0.0,0.0,10,112.0,0.0,0,425.0,0.0,0.0,0.0,0.0,0.0,4
2023-05-10 21:14:28,l2311-C-7600,l2311-C-7600,425.0,0.0,0.0,0.0,1,112.5,0.0,0,425.0,0.0,0.0,0.0,0.0,0.0,4
2023-05-10 21:14:28,l2311-C-7600,l2311-C-7600,425.0,0.0,0.0,0.0,10,113.0,0.0,0,425.0,0.0,0.0,0.0,0.0,0.0,4
2023-05-10 21:14:30,l2311-C-7600,l2311-C-7600,425.0,0.0,0.0,0.0,1,113.5,0.0,0,425.0,0.0,0.0,0.0,0.0,0.0,4
2023-05-10 21:14:30,l2311-C-7600,l2311-C-7600,425.0,0.0,0.0,0.0,10,114.0,0.0,0,425.0,0.0,0.0,0.0,0.0,0.0,4
2023-05-10 21:14:31,l2311-C-7600,l2311-C-7600,425.0,0.0,0.0,0.0,1,114.5,0.0,0,425.0,0.0,0.0,0.0,0.0,0.0,4
2023-05-10 21:14:31,l2311-C-7600,l2311-C-7600,425.0,0.0,0.0,0.0,10,115.0,0.0,0,425.0,0.0,0.0,0.0,0.0,0.0,4
2023-05-10 21:14:33,l2311-C-7600,l2311-C-7600,425.0,0.0,0.0,0.0,1,115.5,0.0,0,425.0,0.0,0.0,0.0,0.0,0.0,4
2023-05-10 21:14:33,l2311-C-7600,l2311-C-7600,425.0,0.0,0.0,0.0,10,116.0,0.0,0,425.0,0.0,0.0,0.0,0.0,0.0,4
2023-05-10 21:14:34,l2311-C-7600,l2311-C-7600,425.0,0.0,0.0,0.0,1,116.5,0.0,0,425.0,0.0,0.0,0.0,0.0,0.0,4
2023-05-10 21:14:34,l2311-C-7600,l2311-C-7600,425.0,0.0,0.0,0.0,10,117.0,0.0,0,425.0,0.0,0.0,0.0,0.0,0.0,4
2023-05-10 21:14:35,l2311-C-7600,l2311-C-7600,425.0,0.0,0.0,0.0,1,117.5,0.0,0,425.0,0.0,0.0,0.0,0.0,0.0,4
2023-05-10 21:14:35,l2311-C-7600,l2311-C-7600,425.0,0.0,0.0,0.0,10,118.0,0.0,0,425.0,0.0,0.0,0.0,0.0,0.0,4
2023-05-10 21:14:37,l2311-C-7600,l2311-C-7600,425.0,0.0,0.0,0.0,1,118.5,0.0,0,425.0,0.0,0.0,0.0,0.0,0.0,4
2023-05-10 21:14:37,l2311-C-7600,l2311-C-7600,425.0,0.0,0.0,0.0,10,119.0,0.0,0,425.0,0.0,0.0,0.0,0.0,0.0,4
2023-05-10 21:14:38,l2311-C-7600,l2311-C-7600,425.0,0.0,0.0,0.0,1,119.5,0.0,0,425.0,0.0,0.0,0.0,0.0,0.0,4
2023-05-10 21:14:38,l2311-C-7600,l2311-C-7600,425.0,0.0,0.0,0.0,10,120.0,0.0,0,425.0,0.0,0.0,0.0,0.0,0.0,4
2023-05-10 21:14:40,l2311-C-7600,l2311-C-7600,425.0,0.0,0.0,0.0,1,120.5,0.0,0,425.0,0.0,0.0,0.0,0.0,0.0,4
2023-05-10 21:14:40,l2311-C-7600,l2311-C-7600,425.0,0.0,0.0,0.0,10,121.0,0.0,0,425.0,0.0,0.0,0.0,0.0,0.0,4
2023-05-10 21:14:41,l2311-C-7600,l2311-C-7600,425.0,0.0,0.0,0.0,1,121.5,0.0,0,425.0,0.0,0.0,0.0,0.0,0.0,4
2023-05-10 21:14:41,l2311-C-7600,l2311-C-7600,425.0,0.0,0.0,0.0,10,122.0,0.0,0,425.0,0.0,0.0,0.0,0.0,0.0,4
2023-05-10 21:14:43,l2311-C-7600,l2311-C-7600,425.0,0.0,0.0,0.0,1,122.5,0.0,0,425.0,0.0,0.0,0.0,0.0,0.0,4
2023-05-10 21:14:43,l2311-C-7600,l2311-C-7600,425.0,0.0,0.0,0.0,10,123.0,0.0,0,425.0,0.0,0.0,0.0,0.0,0.0,4
2023-05-10 21:14:44,l2311-C-7600,l2311-C-7600,425.0,0.0,0.0,0.0,1,123.5,0.0,0,425.0,0.0,0.0,0.0,0.0,0.0,4
2023-05-10 21:14:44,l2311-C-7600,l2311-C-7600,425.0,0.0,0.0,0.0,10,124.0,0.0,0,425.0,0.0,0.0,0.0,0.0,0.0,4
2023-05-10 21:14:46,l2311-C-7600,l2311-C-7600,425.0,0.0,0.0,0.0,1,124.5,0.0,0,425.0,0.0,0.0,0.0,0.0,0.0,4
2023-05-10 21:14:46,l2311-C-7600,l2311-C-7600,425.0,0.0,0.0,0.0,10,125.0,0.0,0,425.0,0.0,0.0,0.0,0.0,0.0,4
2023-05-10 21:14:47,l2311-C-7600,l2311-C-7600,425.0,0.0,0.0,0.0,1,125.5,0.0,0,425.0,0.0,0.0,0.0,0.0,0.0,4
2023-05-10 21:14:47,l2311-C-7600,l2311-C-7600,425.0,0.0,0.0,0.0,10,126.0,0.0,0,425.0,0.0,0.0,0.0,0.0,0.0,4
2023-05-10 21:14:48,l2311-C-7600,l2311-C-7600,425.0,0.0,0.0,0.0,1,126.5,0.0,0,425.0,0.0,0.0,0.0,0.0,0.0,4
2023-05-10 21:14:48,l2311-C-7600,l2311-C-7600,425.0,0.0,0.0,0.0,10,127.0,0.0,0,425.0,0.0,0.0,0.0,0.0,0.0,4
2023-05-10 21:14:50,l2311-C-7600,l2311-C-7600,425.0,0.0,0.0,0.0,1,127.5,0.0,0,425.0,0.0,0.0,0.0,0.0,0.0,4
2023-05-10 21:14:50,l2311-C-7600,l2311-C-7600,425.0,0.0,0.0,0.0,10,128.0,0.0,0,425.0,0.0,0.0,0.0,0.0,0.0,4
2023-05-10 21:14:52,l2311-C-7600,l2311-C-7600,425.0,0.0,0.0,0.0,1,128.5,0.0,0,425.0,0.0,0.0,0.0,0.0,0.0,4
2023-05-10 21:14:52,l2311-C-7600,l2311-C-7600,425.0,0.0,0.0,0.0,10,129.0,0.0,0,425.0,0.0,0.0,0.0,0.0,0.0,4
2023-05-10 21:14:54,l2311-C-7600,l2311-C-7600,425.0,0.0,0.0,0.0,1,129.5,0.0,0,425.0,0.0,0.0,0.0,0.0,0.0,4
2023-05-10 21:14:54,l2311-C-7600,l2311-C-7600,425.0,0.0,0.0,0.0,10,130.0,0.0,0,425.0,0.0,0.0,0.0,0.0,0.0,4
2023-05-10 21:14:57,l2311-C-7600,l2311-C-7600,425.0,0.0,0.0,0.0,1,130.5,0.0,0,425.0,0.0,0.0,0.0,0.0,0.0,4
2023-05-10 21:14:57,l2311-C-7600,l2311-C-7600,425.0,0.0,0.0,0.0,10,131.0,0.0,0,425.0,0.0,0.0,0.0,0.0,0.0,4
2023-05-10 21:14:58,l2311-C-7600,l2311-C-7600,425.0,0.0,0.0,0.0,1,131.5,0.0,0,425.0,0.0,0.0,0.0,0.0,0.0,4
2023-05-10 21:14:58,l2311-C-7600,l2311-C-7600,425.0,0.0,0.0,0.0,10,132.0,0.0,0,425.0,0.0,0.0,0.0,0.0,0.0,4
2023-05-10 21:14:59,l2311-C-7600,l2311-C-7600,425.0,0.0,0.0,0.0,1,132.5,0.0,0,425.0,0.0,0.0,0.0,0.0,0.0,4
2023-05-10 21:14:59,l2311-C-7600,l2311-C-7600,425.0,0.0,0.0,0.0,10,133.0,0.0,0,425.0,0.0,0.0,0.0,0.0,0.0,4
2023-05-10 21:15:01,l2311-C-7600,l2311-C-7600,425.0,0.0,0.0,0.0,1,133.5,0.0,0,425.0,0.0,0.0,0.0,0.0,0.0,4
2023-05-10 21:15:01,l2311-C-7600,l2311-C-7600,425.0,0.0,0.0,0.0,10,134.0,0.0,0,425.0,0.0,0.0,0.0,0.0,0.0,4
2023-05-10 21:15:02,l2311-C-7600,l2311-C-7600,425.0,0.0,0.0,0.0,1,134.5,0.0,0,425.0,0.0,0.0,0.0,0.0,0.0,4
2023-05-10 21:15:02,l2311-C-7600,l2311-C-7600,425.0,0.0,0.0,0.0,10,135.0,0.0,0,425.0,0.0,0.0,0.0,0.0,0.0,4
2023-05-10 21:15:04,l2311-C-7600,l2311-C-7600,425.0,0.0,0.0,0.0,1,135.5,0.0,0,425.0,0.0,0.0,0.0,0.0,0.0,4
2023-05-10 21:15:04,l2311-C-7600,l2311-C-7600,425.0,0.0,0.0,0.0,10,136.0,0.0,0,425.0,0.0,0.0,0.0,0.0,0.0,4
2023-05-10 21:15:05,l2311-C-7600,l2311-C-7600,425.0,0.0,0.0,0.0,1,136.5,0.0,0,425.0,0.0,0.0,0.0,0.0,0.0,4
2023-05-10 21:15:05,l2311-C-7600,l2311-C-7600,425.0,0.0,0.0,0.0,10,137.0,0.0,0,425.0,0.0,0.0,0.0,0.0,0.0,4
2023-05-10 21:15:07,l2311-C-7600,l2311-C-7600,425.0,0.0,0.0,0.0,1,137.5,0.0,0,425.0,0.0,0.0,0.0,0.0,0.0,4
2023-05-10 21:15:07,l2311-C-7600,l2311-C-7600,425.0,0.0,0.0,0.0,10,138.0,0.0,0,425.0,0.0,0.0,0.0,0.0,0.0,4
2023-05-10 21:15:08,l2311-C-7600,l2311-C-7600,425.0,0.0,0.0,0.0,1,138.5,0.0,0,425.0,0.0,0.0,0.0,0.0,0.0,4
2023-05-10 21:15:08,l2311-C-7600,l2311-C-7600,425.0,0.0,0.0,0.0,10,139.0,0.0,0,425.0,0.0,0.0,0.0,0.0,0.0,4
2023-05-10 21:15:09,l2311-C-7600,l2311-C-7600,425.0,0.0,0.0,0.0,1,139.5,0.0,0,425.0,0.0,0.0,0.0,0.0,0.0,4
2023-05-10 21:15:09,l2311-C-7600,l2311-C-7600,425.0,0.0,0.0,0.0,10,140.0,0.0,0,425.0,0.0,0.0,0.0,0.0,0.0,4
2023-05-10 21:15:11,l2311-C-7600,l2311-C-7600,425.0,0.0,0.0,0.0,1,140.5,0.0,0,425.0,0.0,0.0,0.0,0.0,0.0,4
2023-05-10 21:15:11,l2311-C-7600,l2311-C-7600,425.0,0.0,0.0,0.0,10,141.0,0.0,0,425.0,0.0,0.0,0.0,0.0,0.0,4
2023-05-10 21:15:12,l2311-C-7600,l2311-C-7600,425.0,0.0,0.0,0.0,1,141.5,0.0,0,425.0,0.0,0.0,0.0,0.0,0.0,4
2023-05-10 21:15:12,l2311-C-7600,l2311-C-7600,425.0,0.0,0.0,0.0,10,142.0,0.0,0,425.0,0.0,0.0,0.0,0.0,0.0,4
2023-05-10 21:15:13,l2311-C-7600,l2311-C-7600,425.0,0.0,0.0,0.0,1,142.5,0.0,0,425.0,0.0,0.0,0.0,0.0,0.0,4
2023-05-10 21:15:13,l2311-C-7600,l2311-C-7600,425.0,0.0,0.0,0.0,10,143.0,0.0,0,425.0,0.0,0.0,0.0,0.0,0.0,4
2023-05-10 21:15:14,l2311-C-7600,l2311-C-7600,425.0,0.0,0.0,0.0,1,143.5,0.0,0,425.0,0.0,0.0,0.0,0.0,0.0,4
2023-05-10 21:15:14,l2311-C-7600,l2311-C-7600,425.0,0.0,0.0,0.0,10,144.0,0.0,0,425.0,0.0,0.0,0.0,0.0,0.0,4
2023-05-10 21:15:16,l2311-C-7600,l2311-C-7600,425.0,0.0,0.0,0.0,1,144.5,0.0,0,425.0,0.0,0.0,0.0,0.0,0.0,4
2023-05-10 21:15:16,l2311-C-7600,l2311-C-7600,425.0,0.0,0.0,0.0,10,145.0,0.0,0,425.0,0.0,0.0,0.0,0.0,0.0,4
2023-05-10 21:15:17,l2311-C-7600,l2311-C-7600,425.0,0.0,0.0,0.0,1,145.5,0.0,0,425.0,0.0,0.0,0.0,0.0,0.0,4
2023-05-10 21:15:17,l2311-C-7600,l2311-C-7600,425.0,0.0,0.0,0.0,10,146.0,0.0,0,425.0,0.0,0.0,0.0,0.0,0.0,4
2023-05-10 21:15:18,l2311-C-7600,l2311-C-7600,425.0,0.0,0.0,0.0,1,146.5,0.0,0,425.0,0.0,0.0,0.0,0.0,0.0,4
2023-05-10 21:15:18,l2311-C-7600,l2311-C-7600,425.0,0.0,0.0,0.0,10,147.0,0.0,0,425.0,0.0,0.0,0.0,0.0,0.0,4
2023-05-10 21:15:20,l2311-C-7600,l2311-C-7600,425.0,0.0,0.0,0.0,1,147.5,0.0,0,425.0,0.0,0.0,0.0,0.0,0.0,4
2023-05-10 21:15:20,l2311-C-7600,l2311-C-7600,425.0,0.0,0.0,0.0,10,148.0,0.0,0,425.0,0.0,0.0,0.0,0.0,0.0,4
2023-05-10 21:15:21,l2311-C-7600,l2311-C-7600,425.0,0.0,0.0,0.0,1,148.5,0.0,0,425.0,0.0,0.0,0.0,0.0,0.0,4
2023-05-10 21:15:21,l2311-C-7600,l2311-C-7600,425.0,0.0,0.0,0.0,10,149.0,0.0,0,425.0,0.0,0.0,0.0,0.0,0.0,4
2023-05-10 21:15:22,l2311-C-7600,l2311-C-7600,425.0,0.0,0.0,0.0,1,149.5,0.0,0,425.0,0.0,0.0,0.0,0.0,0.0,4
2023-05-10 21:15:22,l2311-C-7600,l2311-C-7600,425.0,0.0,0.0,0.0,10,150.0,0.0,0,425.0,0.0,0.0,0.0,0.0,0.0,4
2023-05-10 21:15:23,l2311-C-7600,l2311-C-7600,425.0,0.0,0.0,0.0,1,150.5,0.0,0,425.0,0.0,0.0,0.0,0.0,0.0,4
2023-05-10 21:15:23,l2311-C-7600,l2311-C-7600,425.0,0.0,0.0,0.0,10,151.0,0.0,0,425.0,0.0,0.0,0.0,0.0,0.0,4
2023-05-10 21:15:25,l2311-C-7600,l2311-C-7600,425.0,0.0,0.0,0.0,1,151.5,0.0,0,425.0,0.0,0.0,0.0,0.0,0.0,4
2023-05-10 21:15:25,l2311-C-7600,l2311-C-7600,425.0,0.0,0.0,0.0,10,152.0,0.0,0,425.0,0.0,0.0,0.0,0.0,0.0,4
2023-05-10 21:15:26,l2311-C-7600,l2311-C-7600,425.0,0.0,0.0,0.0,1,152.5,0.0,0,425.0,0.0,0.0,0.0,0.0,0.0,4
2023-05-10 21:15:26,l2311-C-7600,l2311-C-7600,425.0,0.0,0.0,0.0,10,153.0,0.0,0,425.0,0.0,0.0,0.0,0.0,0.0,4
2023-05-10 21:15:27,l2311-C-7600,l2311-C-7600,425.0,0.0,0.0,0.0,1,153.5,0.0,0,425.0,0.0,0.0,0.0,0.0,0.0,4
2023-05-10 21:15:27,l2311-C-7600,l2311-C-7600,425.0,0.0,0.0,0.0,10,154.0,0.0,0,425.0,0.0,0.0,0.0,0.0,0.0,4
2023-05-10 21:15:28,l2311-C-7600,l2311-C-7600,425.0,0.0,0.0,0.0,1,154.5,0.0,0,425.0,0.0,0.0,0.0,0.0,0.0,4
2023-05-10 21:15:28,l2311-C-7600,l2311-C-7600,425.0,0.0,0.0,0.0,10,155.0,0.0,0,425.0,0.0,0.0,0.0,0.0,0.0,4
2023-05-10 21:15:29,l2311-C-7600,l2311-C-7600,425.0,0.0,0.0,0.0,1,155.5,0.0,0,425.0,0.0,0.0,0.0,0.0,0.0,4
2023-05-10 21:15:29,l2311-C-7600,l2311-C-7600,425.0,0.0,0.0,0.0,10,156.0,0.0,0,425.0,0.0,0.0,0.0,0.0,0.0,4
2023-05-10 21:15:30,l2311-C-7600,l2311-C-7600,425.0,0.0,0.0,0.0,1,156.5,0.0,0,425.0,0.0,0.0,0.0,0.0,0.0,4
2023-05-10 21:15:30,l2311-C-7600,l2311-C-7600,425.0,0.0,0.0,0.0,10,157.0,0.0,0,425.0,0.0,0.0,0.0,0.0,0.0,4
2023-05-10 21:15:32,l2311-C-7600,l2311-C-7600,425.0,0.0,0.0,0.0,1,157.5,0.0,0,425.0,0.0,0.0,0.0,0.0,0.0,4
2023-05-10 21:15:32,l2311-C-7600,l2311-C-7600,425.0,0.0,0.0,0.0,10,158.0,0.0,0,425.0,0.0,0.0,0.0,0.0,0.0,4
2023-05-10 21:15:33,l2311-C-7600,l2311-C-7600,425.0,0.0,0.0,0.0,1,158.5,0.0,0,425.0,0.0,0.0,0.0,0.0,0.0,4
2023-05-10 21:15:33,l2311-C-7600,l2311-C-7600,425.0,0.0,0.0,0.0,10,159.0,0.0,0,425.0,0.0,0.0,0.0,0.0,0.0,4
2023-05-10 21:15:34,l2311-C-7600,l2311-C-7600,425.0,0.0,0.0,0.0,1,159.5,0.0,0,425.0,0.0,0.0,0.0,0.0,0.0,4
2023-05-10 21:15:34,l2311-C-7600,l2311-C-7600,425.0,0.0,0.0,0.0,10,160.0,0.0,0,425.0,0.0,0.0,0.0,0.0,0.0,4
2023-05-10 21:15:35,l2311-C-7600,l2311-C-7600,425.0,0.0,0.0,0.0,1,160.5,0.0,0,425.0,0.0,0.0,0.0,0.0,0.0,4
2023-05-10 21:15:35,l2311-C-7600,l2311-C-7600,425.0,0.0,0.0,0.0,10,161.0,0.0,0,425.0,0.0,0.0,0.0,0.0,0.0,4
2023-05-10 21:15:37,l2311-C-7600,l2311-C-7600,425.0,0.0,0.0,0.0,1,161.5,0.0,0,425.0,0.0,0.0,0.0,0.0,0.0,4
2023-05-10 21:15:37,l2311-C-7600,l2311-C-7600,425.0,0.0,0.0,0.0,10,162.0,0.0,0,425.0,0.0,0.0,0.0,0.0,0.0,4
2023-05-10 21:15:38,l2311-C-7600,l2311-C-7600,425.0,0.0,0.0,0.0,1,162.5,0.0,0,425.0,0.0,0.0,0.0,0.0,0.0,4
2023-05-10 21:15:38,l2311-C-7600,l2311-C-7600,425.0,0.0,0.0,0.0,10,163.0,0.0,0,425.0,0.0,0.0,0.0,0.0,0.0,4
2023-05-10 21:15:39,l2311-C-7600,l2311-C-7600,425.0,0.0,0.0,0.0,1,163.5,0.0,0,425.0,0.0,0.0,0.0,0.0,0.0,4
2023-05-10 21:15:39,l2311-C-7600,l2311-C-7600,425.0,0.0,0.0,0.0,10,164.0,0.0,0,425.0,0.0,0.0,0.0,0.0,0.0,4
2023-05-10 21:15:40,l2311-C-7600,l2311-C-7600,425.0,0.0,0.0,0.0,1,164.5,0.0,0,425.0,0.0,0.0,0.0,0.0,0.0,4
2023-05-10 21:15:40,l2311-C-7600,l2311-C-7600,425.0,0.0,0.0,0.0,10,165.0,0.0,0,425.0,0.0,0.0,0.0,0.0,0.0,4
2023-05-10 21:15:41,l2311-C-7600,l2311-C-7600,425.0,0.0,0.0,0.0,1,165.5,0.0,0,425.0,0.0,0.0,0.0,0.0,0.0,4
2023-05-10 21:15:41,l2311-C-7600,l2311-C-7600,425.0,0.0,0.0,0.0,10,166.0,0.0,0,425.0,0.0,0.0,0.0,0.0,0.0,4
2023-05-10 21:15:42,l2311-C-7600,l2311-C-7600,425.0,0.0,0.0,0.0,1,166.5,0.0,0,425.0,0.0,0.0,0.0,0.0,0.0,4
2023-05-10 21:15:42,l2311-C-7600,l2311-C-7600,425.0,0.0,0.0,0.0,10,167.0,0.0,0,425.0,0.0,0.0,0.0,0.0,0.0,4
2023-05-10 21:15:43,l2311-C-7600,l2311-C-7600,425.0,0.0,0.0,0.0,1,167.5,0.0,0,425.0,0.0,0.0,0.0,0.0,0.0,4
2023-05-10 21:15:43,l2311-C-7600,l2311-C-7600,425.0,0.0,0.0,0.0,10,168.0,0.0,0,425.0,0.0,0.0,0.0,0.0,0.0,4
2023-05-10 21:15:44,l2311-C-7600,l2311-C-7600,425.0,0.0,0.0,0.0,1,168.5,0.0,0,425.0,0.0,0.0,0.0,0.0,0.0,4
2023-05-10 21:15:44,l2311-C-7600,l2311-C-7600,425.0,0.0,0.0,0.0,10,169.0,0.0,0,425.0,0.0,0.0,0.0,0.0,0.0,4
2023-05-10 21:15:45,l2311-C-7600,l2311-C-7600,425.0,0.0,0.0,0.0,1,169.5,0.0,0,425.0,0.0,0.0,0.0,0.0,0.0,4
2023-05-10 21:15:45,l2311-C-7600,l2311-C-7600,425.0,0.0,0.0,0.0,10,170.0,0.0,0,425.0,0.0,0.0,0.0,0.0,0.0,4
2023-05-10 21:15:46,l2311-C-7600,l2311-C-7600,425.0,0.0,0.0,0.0,1,170.5,0.0,0,425.0,0.0,0.0,0.0,0.0,0.0,4
2023-05-10 21:15:46,l2311-C-7600,l2311-C-7600,425.0,0.0,0.0,0.0,10,171.0,0.0,0,425.0,0.0,0.0,0.0,0.0,0.0,4
2023-05-10 21:15:47,l2311-C-7600,l2311-C-7600,425.0,0.0,0.0,0.0,1,171.5,0.0,0,425.0,0.0,0.0,0.0,0.0,0.0,4
2023-05-10 21:15:47,l2311-C-7600,l2311-C-7600,425.0,0.0,0.0,0.0,10,172.0,0.0,0,425.0,0.0,0.0,0.0,0.0,0.0,4
2023-05-10 21:15:48,l2311-C-7600,l2311-C-7600,425.0,0.0,0.0,0.0,1,172.5,0.0,0,425.0,0.0,0.0,0.0,0.0,0.0,4
2023-05-10 21:15:48,l2311-C-7600,l2311-C-7600,425.0,0.0,0.0,0.0,10,173.0,0.0,0,425.0,0.0,0.0,0.0,0.0,0.0,4
2023-05-10 21:15:49,l2311-C-7600,l2311-C-7600,425.0,0.0,0.0,0.0,1,173.5,0.0,0,425.0,0.0,0.0,0.0,0.0,0.0,4
2023-05-10 21:15:49,l2311-C-7600,l2311-C-7600,425.0,0.0,0.0,0.0,10,174.0,0.0,0,425.0,0.0,0.0,0.0,0.0,0.0,4
2023-05-10 21:15:50,l2311-C-7600,l2311-C-7600,425.0,0.0,0.0,0.0,1,174.5,0.0,0,425.0,0.0,0.0,0.0,0.0,0.0,4
2023-05-10 21:15:50,l2311-C-7600,l2311-C-7600,425.0,0.0,0.0,0.0,10,175.0,0.0,0,425.0,0.0,0.0,0.0,0.0,0.0,4
2023-05-10 21:15:51,l2311-C-7600,l2311-C-7600,425.0,0.0,0.0,0.0,1,175.5,0.0,0,425.0,0.0,0.0,0.0,0.0,0.0,4
2023-05-10 21:15:51,l2311-C-7600,l2311-C-7600,425.0,0.0,0.0,0.0,10,176.0,0.0,0,425.0,0.0,0.0,0.0,0.0,0.0,4
2023-05-10 21:15:52,l2311-C-7600,l2311-C-7600,425.0,0.0,0.0,0.0,1,176.5,0.0,0,425.0,0.0,0.0,0.0,0.0,0.0,4
2023-05-10 21:15:52,l2311-C-7600,l2311-C-7600,425.0,0.0,0.0,0.0,10,177.0,0.0,0,425.0,0.0,0.0,0.0,0.0,0.0,4
2023-05-10 21:15:53,l2311-C-7600,l2311-C-7600,425.0,0.0,0.0,0.0,1,177.5,0.0,0,425.0,0.0,0.0,0.0,0.0,0.0,4
2023-05-10 21:15:53,l2311-C-7600,l2311-C-7600,425.0,0.0,0.0,0.0,10,178.0,0.0,0,425.0,0.0,0.0,0.0,0.0,0.0,4
2023-05-10 21:15:54,l2311-C-7600,l2311-C-7600,425.0,0.0,0.0,0.0,1,178.5,0.0,0,425.0,0.0,0.0,0.0,0.0,0.0,4
2023-05-10 21:15:54,l2311-C-7600,l2311-C-7600,425.0,0.0,0.0,0.0,10,179.0,0.0,0,425.0,0.0,0.0,0.0,0.0,0.0,4
2023-05-10 21:15:55,l2311-C-7600,l2311-C-7600,425.0,0.0,0.0,0.0,1,179.5,0.0,0,425.0,0.0,0.0,0.0,0.0,0.0,4
2023-05-10 21:15:55,l2311-C-7600,l2311-C-7600,425.0,0.0,0.0,0.0,10,180.0,0.0,0,425.0,0.0,0.0,0.0,0.0,0.0,4
2023-05-10 21:15:56,l2311-C-7600,l2311-C-7600,425.0,0.0,0.0,0.0,1,180.5,0.0,0,425.0,0.0,0.0,0.0,0.0,0.0,4
2023-05-10 21:15:56,l2311-C-7600,l2311-C-7600,425.0,0.0,0.0,0.0,10,181.0,0.0,0,425.0,0.0,0.0,0.0,0.0,0.0,4
2023-05-10 21:15:57,l2311-C-7600,l2311-C-7600,425.0,0.0,0.0,0.0,1,181.5,0.0,0,425.0,0.0,0.0,0.0,0.0,0.0,4
2023-05-10 21:15:57,l2311-C-7600,l2311-C-7600,425.0,0.0,0.0,0.0,10,182.0,0.0,0,425.0,0.0,0.0,0.0,0.0,0.0,4
2023-05-10 21:15:58,l2311-C-7600,l2311-C-7600,425.0,0.0,0.0,0.0,1,182.5,0.0,0,425.0,0.0,0.0,0.0,0.0,0.0,4
2023-05-10 21:15:58,l2311-C-7600,l2311-C-7600,425.0,0.0,0.0,0.0,10,183.0,0.0,0,425.0,0.0,0.0,0.0,0.0,0.0,4
2023-05-10 21:15:59,l2311-C-7600,l2311-C-7600,425.0,0.0,0.0,0.0,1,183.5,0.0,0,425.0,0.0,0.0,0.0,0.0,0.0,4
2023-05-10 21:16:00,l2311-C-7600,l2311-C-7600,425.0,0.0,0.0,0.0,10,184.0,0.0,0,425.0,0.0,0.0,0.0,0.0,0.0,4
2023-05-10 21:16:00,l2311-C-7600,l2311-C-7600,425.0,0.0,0.0,0.0,1,184.5,0.0,0,425.0,0.0,0.0,0.0,0.0,0.0,4
2023-05-10 21:16:00,l2311-C-7600,l2311-C-7600,425.0,0.0,0.0,0.0,10,185.0,0.0,0,425.0,0.0,0.0,0.0,0.0,0.0,4
2023-05-10 21:16:01,l2311-C-7600,l2311-C-7600,425.0,0.0,0.0,0.0,1,185.5,0.0,0,425.0,0.0,0.0,0.0,0.0,0.0,4
2023-05-10 21:16:01,l2311-C-7600,l2311-C-7600,425.0,0.0,0.0,0.0,10,186.0,0.0,0,425.0,0.0,0.0,0.0,0.0,0.0,4
2023-05-10 21:16:02,l2311-C-7600,l2311-C-7600,425.0,0.0,0.0,0.0,1,186.5,0.0,0,425.0,0.0,0.0,0.0,0.0,0.0,4
2023-05-10 21:16:02,l2311-C-7600,l2311-C-7600,425.0,0.0,0.0,0.0,10,187.0,0.0,0,425.0,0.0,0.0,0.0,0.0,0.0,4
2023-05-10 21:16:03,l2311-C-7600,l2311-C-7600,425.0,0.0,0.0,0.0,1,187.5,0.0,0,425.0,0.0,0.0,0.0,0.0,0.0,4
2023-05-10 21:16:03,l2311-C-7600,l2311-C-7600,425.0,0.0,0.0,0.0,10,188.0,0.0,0,425.0,0.0,0.0,0.0,0.0,0.0,4
2023-05-10 21:16:04,l2311-C-7600,l2311-C-7600,425.0,0.0,0.0,0.0,1,188.5,0.0,0,425.0,0.0,0.0,0.0,0.0,0.0,4
2023-05-10 21:16:04,l2311-C-7600,l2311-C-7600,425.0,0.0,0.0,0.0,10,189.0,0.0,0,425.0,0.0,0.0,0.0,0.0,0.0,4
2023-05-10 21:16:05,l2311-C-7600,l2311-C-7600,425.0,0.0,0.0,0.0,1,189.5,0.0,0,425.0,0.0,0.0,0.0,0.0,0.0,4
2023-05-10 21:16:05,l2311-C-7600,l2311-C-7600,425.0,0.0,0.0,0.0,10,190.0,0.0,0,425.0,0.0,0.0,0.0,0.0,0.0,4
2023-05-10 21:16:07,l2311-C-7600,l2311-C-7600,425.0,0.0,0.0,0.0,1,190.5,0.0,0,425.0,0.0,0.0,0.0,0.0,0.0,4
2023-05-10 21:16:07,l2311-C-7600,l2311-C-7600,425.0,0.0,0.0,0.0,10,191.0,0.0,0,425.0,0.0,0.0,0.0,0.0,0.0,4
2023-05-10 21:16:08,l2311-C-7600,l2311-C-7600,425.0,0.0,0.0,0.0,1,191.5,0.0,0,425.0,0.0,0.0,0.0,0.0,0.0,4
2023-05-10 21:16:08,l2311-C-7600,l2311-C-7600,425.0,0.0,0.0,0.0,10,192.0,0.0,0,425.0,0.0,0.0,0.0,0.0,0.0,4
2023-05-10 21:16:09,l2311-C-7600,l2311-C-7600,425.0,0.0,0.0,0.0,1,192.5,0.0,0,425.0,0.0,0.0,0.0,0.0,0.0,4
2023-05-10 21:16:09,l2311-C-7600,l2311-C-7600,425.0,0.0,0.0,0.0,10,193.0,0.0,0,425.0,0.0,0.0,0.0,0.0,0.0,4
2023-05-10 21:16:10,l2311-C-7600,l2311-C-7600,425.0,0.0,0.0,0.0,1,193.5,0.0,0,425.0,0.0,0.0,0.0,0.0,0.0,4
2023-05-10 21:16:10,l2311-C-7600,l2311-C-7600,425.0,0.0,0.0,0.0,10,194.0,0.0,0,425.0,0.0,0.0,0.0,0.0,0.0,4
2023-05-10 21:16:11,l2311-C-7600,l2311-C-7600,425.0,0.0,0.0,0.0,1,194.5,0.0,0,425.0,0.0,0.0,0.0,0.0,0.0,4
2023-05-10 21:16:11,l2311-C-7600,l2311-C-7600,425.0,0.0,0.0,0.0,10,195.0,0.0,0,425.0,0.0,0.0,0.0,0.0,0.0,4
2023-05-10 21:16:13,l2311-C-7600,l2311-C-7600,425.0,0.0,0.0,0.0,1,195.5,0.0,0,425.0,0.0,0.0,0.0,0.0,0.0,4
2023-05-10 21:16:13,l2311-C-7600,l2311-C-7600,425.0,0.0,0.0,0.0,10,196.0,0.0,0,425.0,0.0,0.0,0.0,0.0,0.0,4
2023-05-10 21:16:14,l2311-C-7600,l2311-C-7600,425.0,0.0,0.0,0.0,1,196.5,0.0,0,425.0,0.0,0.0,0.0,0.0,0.0,4
2023-05-10 21:16:14,l2311-C-7600,l2311-C-7600,425.0,0.0,0.0,0.0,10,197.0,0.0,0,425.0,0.0,0.0,0.0,0.0,0.0,4
2023-05-10 21:16:15,l2311-C-7600,l2311-C-7600,425.0,0.0,0.0,0.0,1,197.5,0.0,0,425.0,0.0,0.0,0.0,0.0,0.0,4
2023-05-10 21:16:15,l2311-C-7600,l2311-C-7600,425.0,0.0,0.0,0.0,10,198.0,0.0,0,425.0,0.0,0.0,0.0,0.0,0.0,4
2023-05-10 21:16:16,l2311-C-7600,l2311-C-7600,425.0,0.0,0.0,0.0,1,198.5,0.0,0,425.0,0.0,0.0,0.0,0.0,0.0,4
2023-05-10 21:16:16,l2311-C-7600,l2311-C-7600,425.0,0.0,0.0,0.0,10,199.0,0.0,0,425.0,0.0,0.0,0.0,0.0,0.0,4
2023-05-10 21:16:17,l2311-C-7600,l2311-C-7600,425.0,0.0,0.0,0.0,1,199.5,0.0,0,425.0,0.0,0.0,0.0,0.0,0.0,4
2023-05-10 21:16:17,l2311-C-7600,l2311-C-7600,425.0,0.0,0.0,0.0,10,200.0,0.0,0,425.0,0.0,0.0,0.0,0.0,0.0,4
2023-05-10 21:16:18,l2311-C-7600,l2311-C-7600,425.0,0.0,0.0,0.0,1,200.5,0.0,0,425.0,0.0,0.0,0.0,0.0,0.0,4
2023-05-10 21:16:18,l2311-C-7600,l2311-C-7600,425.0,0.0,0.0,0.0,10,201.0,0.0,0,425.0,0.0,0.0,0.0,0.0,0.0,4
2023-05-10 21:16:19,l2311-C-7600,l2311-C-7600,425.0,0.0,0.0,0.0,1,201.5,0.0,0,425.0,0.0,0.0,0.0,0.0,0.0,4
2023-05-10 21:16:19,l2311-C-7600,l2311-C-7600,425.0,0.0,0.0,0.0,10,202.0,0.0,0,425.0,0.0,0.0,0.0,0.0,0.0,4
2023-05-10 21:16:20,l2311-C-7600,l2311-C-7600,425.0,0.0,0.0,0.0,1,202.5,0.0,0,425.0,0.0,0.0,0.0,0.0,0.0,4
2023-05-10 21:16:20,l2311-C-7600,l2311-C-7600,425.0,0.0,0.0,0.0,10,203.0,0.0,0,425.0,0.0,0.0,0.0,0.0,0.0,4
2023-05-10 21:16:21,l2311-C-7600,l2311-C-7600,425.0,0.0,0.0,0.0,1,203.5,0.0,0,425.0,0.0,0.0,0.0,0.0,0.0,4
2023-05-10 21:16:21,l2311-C-7600,l2311-C-7600,425.0,0.0,0.0,0.0,10,204.0,0.0,0,425.0,0.0,0.0,0.0,0.0,0.0,4
2023-05-10 21:16:22,l2311-C-7600,l2311-C-7600,425.0,0.0,0.0,0.0,1,204.5,0.0,0,425.0,0.0,0.0,0.0,0.0,0.0,4
2023-05-10 21:16:22,l2311-C-7600,l2311-C-7600,425.0,0.0,0.0,0.0,10,205.0,0.0,0,425.0,0.0,0.0,0.0,0.0,0.0,4
2023-05-10 21:16:23,l2311-C-7600,l2311-C-7600,425.0,0.0,0.0,0.0,1,205.5,0.0,0,425.0,0.0,0.0,0.0,0.0,0.0,4
2023-05-10 21:16:23,l2311-C-7600,l2311-C-7600,425.0,0.0,0.0,0.0,10,206.0,0.0,0,425.0,0.0,0.0,0.0,0.0,0.0,4
2023-05-10 21:16:24,l2311-C-7600,l2311-C-7600,425.0,0.0,0.0,0.0,1,206.5,0.0,0,425.0,0.0,0.0,0.0,0.0,0.0,4
2023-05-10 21:16:24,l2311-C-7600,l2311-C-7600,425.0,0.0,0.0,0.0,10,207.0,0.0,0,425.0,0.0,0.0,0.0,0.0,0.0,4
2023-05-10 21:16:25,l2311-C-7600,l2311-C-7600,425.0,0.0,0.0,0.0,1,207.5,0.0,0,425.0,0.0,0.0,0.0,0.0,0.0,4
2023-05-10 21:16:25,l2311-C-7600,l2311-C-7600,425.0,0.0,0.0,0.0,10,208.0,0.0,0,425.0,0.0,0.0,0.0,0.0,0.0,4
2023-05-10 21:16:26,l2311-C-7600,l2311-C-7600,425.0,0.0,0.0,0.0,1,208.5,0.0,0,425.0,0.0,0.0,0.0,0.0,0.0,4
2023-05-10 21:16:26,l2311-C-7600,l2311-C-7600,425.0,0.0,0.0,0.0,10,209.0,0.0,0,425.0,0.0,0.0,0.0,0.0,0.0,4
2023-05-10 21:16:27,l2311-C-7600,l2311-C-7600,425.0,0.0,0.0,0.0,1,209.5,0.0,0,425.0,0.0,0.0,0.0,0.0,0.0,4
2023-05-10 21:16:27,l2311-C-7600,l2311-C-7600,425.0,0.0,0.0,0.0,10,210.0,0.0,0,425.0,0.0,0.0,0.0,0.0,0.0,4
2023-05-10 22:57:32,l2311-C-7600,l2311-C-7600,425.0,0.0,0.0,0.0,1,55.5,0.0,0,425.0,0.0,0.0,0.0,0.0,0.0,4
2023-05-11 09:00:16,l2311-C-7600,l2311-C-7600,425.0,0.0,0.0,0.0,10,56.0,0.0,0,425.0,0.0,0.0,0.0,0.0,0.0,4
2023-05-11 09:00:39,l2311-C-7600,l2311-C-7600,425.0,0.0,0.0,0.0,1,56.5,0.0,0,425.0,0.0,0.0,0.0,0.0,0.0,4
2023-05-11 09:00:39,l2311-C-7600,l2311-C-7600,425.0,0.0,0.0,0.0,10,57.0,0.0,0,425.0,0.0,0.0,0.0,0.0,0.0,4
2023-05-11 09:01:24,l2311-C-7600,l2311-C-7600,425.0,0.0,0.0,0.0,1,57.5,0.0,0,425.0,0.0,0.0,0.0,0.0,0.0,4
2023-05-11 09:01:24,l2311-C-7600,l2311-C-7600,425.0,0.0,0.0,0.0,10,58.0,0.0,0,425.0,0.0,0.0,0.0,0.0,0.0,4
2023-05-11 09:02:20,l2311-C-7600,l2311-C-7600,425.0,0.0,0.0,0.0,1,58.5,0.0,0,425.0,0.0,0.0,0.0,0.0,0.0,4
2023-05-11 09:02:20,l2311-C-7600,l2311-C-7600,425.0,0.0,0.0,0.0,10,59.0,0.0,0,425.0,0.0,0.0,0.0,0.0,0.0,4
2023-05-11 09:04:04,l2311-C-7600,l2311-C-7600,425.0,0.0,0.0,0.0,1,59.5,0.0,0,425.0,0.0,0.0,0.0,0.0,0.0,4
2023-05-11 09:04:04,l2311-C-7600,l2311-C-7600,425.0,0.0,0.0,0.0,10,60.0,0.0,0,425.0,0.0,0.0,0.0,0.0,0.0,4
2023-05-11 09:05:06,l2311-C-7600,l2311-C-7600,425.0,0.0,0.0,0.0,1,60.5,0.0,0,425.0,0.0,0.0,0.0,0.0,0.0,4
2023-05-11 09:05:06,l2311-C-7600,l2311-C-7600,425.0,0.0,0.0,0.0,10,61.0,0.0,0,425.0,0.0,0.0,0.0,0.0,0.0,4
2023-05-11 09:05:11,l2311-C-7600,l2311-C-7600,425.0,0.0,0.0,0.0,1,61.5,0.0,0,425.0,0.0,0.0,0.0,0.0,0.0,4
2023-05-11 09:05:11,l2311-C-7600,l2311-C-7600,425.0,0.0,0.0,0.0,10,62.0,0.0,0,425.0,0.0,0.0,0.0,0.0,0.0,4
2023-05-11 09:05:15,l2311-C-7600,l2311-C-7600,425.0,0.0,0.0,0.0,1,62.5,0.0,0,425.0,0.0,0.0,0.0,0.0,0.0,4
2023-05-11 09:05:15,l2311-C-7600,l2311-C-7600,425.0,0.0,0.0,0.0,10,63.0,0.0,0,425.0,0.0,0.0,0.0,0.0,0.0,4
2023-05-11 09:05:18,l2311-C-7600,l2311-C-7600,425.0,0.0,0.0,0.0,1,63.5,0.0,0,425.0,0.0,0.0,0.0,0.0,0.0,4
2023-05-11 09:05:18,l2311-C-7600,l2311-C-7600,425.0,0.0,0.0,0.0,10,64.0,0.0,0,425.0,0.0,0.0,0.0,0.0,0.0,4
2023-05-11 09:05:31,l2311-C-7600,l2311-C-7600,425.0,0.0,0.0,0.0,1,64.5,0.0,0,425.0,0.0,0.0,0.0,0.0,0.0,4
2023-05-11 09:05:31,l2311-C-7600,l2311-C-7600,425.0,0.0,0.0,0.0,10,65.0,0.0,0,425.0,0.0,0.0,0.0,0.0,0.0,4
2023-05-11 09:05:36,l2311-C-7600,l2311-C-7600,425.0,0.0,0.0,0.0,1,65.5,0.0,0,425.0,0.0,0.0,0.0,0.0,0.0,4
2023-05-11 09:05:36,l2311-C-7600,l2311-C-7600,425.0,0.0,0.0,0.0,10,66.0,0.0,0,425.0,0.0,0.0,0.0,0.0,0.0,4
2023-05-11 09:05:37,l2311-C-7600,l2311-C-7600,425.0,0.0,0.0,0.0,1,66.5,0.0,0,425.0,0.0,0.0,0.0,0.0,0.0,4
2023-05-11 09:05:37,l2311-C-7600,l2311-C-7600,425.0,0.0,0.0,0.0,10,67.0,0.0,0,425.0,0.0,0.0,0.0,0.0,0.0,4
2023-05-11 09:05:39,l2311-C-7600,l2311-C-7600,425.0,0.0,0.0,0.0,1,67.5,0.0,0,425.0,0.0,0.0,0.0,0.0,0.0,4
2023-05-11 09:05:39,l2311-C-7600,l2311-C-7600,425.0,0.0,0.0,0.0,10,68.0,0.0,0,425.0,0.0,0.0,0.0,0.0,0.0,4
2023-05-11 09:05:41,l2311-C-7600,l2311-C-7600,425.0,0.0,0.0,0.0,1,68.5,0.0,0,425.0,0.0,0.0,0.0,0.0,0.0,4
2023-05-11 09:05:41,l2311-C-7600,l2311-C-7600,425.0,0.0,0.0,0.0,10,69.0,0.0,0,425.0,0.0,0.0,0.0,0.0,0.0,4
2023-05-11 09:05:42,l2311-C-7600,l2311-C-7600,425.0,0.0,0.0,0.0,1,69.5,0.0,0,425.0,0.0,0.0,0.0,0.0,0.0,4
2023-05-11 09:05:42,l2311-C-7600,l2311-C-7600,425.0,0.0,0.0,0.0,10,70.0,0.0,0,425.0,0.0,0.0,0.0,0.0,0.0,4
2023-05-11 09:05:44,l2311-C-7600,l2311-C-7600,425.0,0.0,0.0,0.0,1,70.5,0.0,0,425.0,0.0,0.0,0.0,0.0,0.0,4
2023-05-11 09:05:44,l2311-C-7600,l2311-C-7600,425.0,0.0,0.0,0.0,10,71.0,0.0,0,425.0,0.0,0.0,0.0,0.0,0.0,4
2023-05-11 09:05:46,l2311-C-7600,l2311-C-7600,425.0,0.0,0.0,0.0,1,71.5,0.0,0,425.0,0.0,0.0,0.0,0.0,0.0,4
2023-05-11 09:05:46,l2311-C-7600,l2311-C-7600,425.0,0.0,0.0,0.0,10,72.0,0.0,0,425.0,0.0,0.0,0.0,0.0,0.0,4
2023-05-11 09:05:47,l2311-C-7600,l2311-C-7600,425.0,0.0,0.0,0.0,1,72.5,0.0,0,425.0,0.0,0.0,0.0,0.0,0.0,4
2023-05-11 09:05:47,l2311-C-7600,l2311-C-7600,425.0,0.0,0.0,0.0,10,73.0,0.0,0,425.0,0.0,0.0,0.0,0.0,0.0,4
2023-05-11 09:05:48,l2311-C-7600,l2311-C-7600,425.0,0.0,0.0,0.0,1,73.5,0.0,0,425.0,0.0,0.0,0.0,0.0,0.0,4
2023-05-11 09:05:48,l2311-C-7600,l2311-C-7600,425.0,0.0,0.0,0.0,10,74.0,0.0,0,425.0,0.0,0.0,0.0,0.0,0.0,4
2023-05-11 09:05:50,l2311-C-7600,l2311-C-7600,425.0,0.0,0.0,0.0,1,74.5,0.0,0,425.0,0.0,0.0,0.0,0.0,0.0,4
2023-05-11 09:05:50,l2311-C-7600,l2311-C-7600,425.0,0.0,0.0,0.0,10,75.0,0.0,0,425.0,0.0,0.0,0.0,0.0,0.0,4
2023-05-11 09:05:51,l2311-C-7600,l2311-C-7600,425.0,0.0,0.0,0.0,1,75.5,0.0,0,425.0,0.0,0.0,0.0,0.0,0.0,4
2023-05-11 09:05:51,l2311-C-7600,l2311-C-7600,425.0,0.0,0.0,0.0,10,76.0,0.0,0,425.0,0.0,0.0,0.0,0.0,0.0,4
2023-05-11 09:05:52,l2311-C-7600,l2311-C-7600,425.0,0.0,0.0,0.0,1,76.5,0.0,0,425.0,0.0,0.0,0.0,0.0,0.0,4
2023-05-11 09:05:52,l2311-C-7600,l2311-C-7600,425.0,0.0,0.0,0.0,10,77.0,0.0,0,425.0,0.0,0.0,0.0,0.0,0.0,4
2023-05-11 09:05:54,l2311-C-7600,l2311-C-7600,425.0,0.0,0.0,0.0,1,77.5,0.0,0,425.0,0.0,0.0,0.0,0.0,0.0,4
2023-05-11 09:05:54,l2311-C-7600,l2311-C-7600,425.0,0.0,0.0,0.0,10,78.0,0.0,0,425.0,0.0,0.0,0.0,0.0,0.0,4
2023-05-11 09:05:55,l2311-C-7600,l2311-C-7600,425.0,0.0,0.0,0.0,1,78.5,0.0,0,425.0,0.0,0.0,0.0,0.0,0.0,4
2023-05-11 09:05:55,l2311-C-7600,l2311-C-7600,425.0,0.0,0.0,0.0,10,79.0,0.0,0,425.0,0.0,0.0,0.0,0.0,0.0,4
2023-05-11 09:05:57,l2311-C-7600,l2311-C-7600,425.0,0.0,0.0,0.0,1,79.5,0.0,0,425.0,0.0,0.0,0.0,0.0,0.0,4
2023-05-11 09:05:57,l2311-C-7600,l2311-C-7600,425.0,0.0,0.0,0.0,10,80.0,0.0,0,425.0,0.0,0.0,0.0,0.0,0.0,4
2023-05-11 09:05:58,l2311-C-7600,l2311-C-7600,425.0,0.0,0.0,0.0,1,80.5,0.0,0,425.0,0.0,0.0,0.0,0.0,0.0,4
2023-05-11 09:05:58,l2311-C-7600,l2311-C-7600,425.0,0.0,0.0,0.0,10,81.0,0.0,0,425.0,0.0,0.0,0.0,0.0,0.0,4
2023-05-11 09:05:59,l2311-C-7600,l2311-C-7600,425.0,0.0,0.0,0.0,1,81.5,0.0,0,425.0,0.0,0.0,0.0,0.0,0.0,4
2023-05-11 09:05:59,l2311-C-7600,l2311-C-7600,425.0,0.0,0.0,0.0,10,82.0,0.0,0,425.0,0.0,0.0,0.0,0.0,0.0,4
2023-05-11 09:06:01,l2311-C-7600,l2311-C-7600,425.0,0.0,0.0,0.0,1,82.5,0.0,0,425.0,0.0,0.0,0.0,0.0,0.0,4
2023-05-11 09:06:01,l2311-C-7600,l2311-C-7600,425.0,0.0,0.0,0.0,10,83.0,0.0,0,425.0,0.0,0.0,0.0,0.0,0.0,4
2023-05-11 09:06:02,l2311-C-7600,l2311-C-7600,425.0,0.0,0.0,0.0,1,83.5,0.0,0,425.0,0.0,0.0,0.0,0.0,0.0,4
2023-05-11 09:06:02,l2311-C-7600,l2311-C-7600,425.0,0.0,0.0,0.0,10,84.0,0.0,0,425.0,0.0,0.0,0.0,0.0,0.0,4
2023-05-11 09:06:04,l2311-C-7600,l2311-C-7600,425.0,0.0,0.0,0.0,1,84.5,0.0,0,425.0,0.0,0.0,0.0,0.0,0.0,4
2023-05-11 09:06:04,l2311-C-7600,l2311-C-7600,425.0,0.0,0.0,0.0,10,85.0,0.0,0,425.0,0.0,0.0,0.0,0.0,0.0,4
2023-05-11 09:06:05,l2311-C-7600,l2311-C-7600,425.0,0.0,0.0,0.0,1,85.5,0.0,0,425.0,0.0,0.0,0.0,0.0,0.0,4
2023-05-11 09:06:05,l2311-C-7600,l2311-C-7600,425.0,0.0,0.0,0.0,10,86.0,0.0,0,425.0,0.0,0.0,0.0,0.0,0.0,4
2023-05-11 09:06:06,l2311-C-7600,l2311-C-7600,425.0,0.0,0.0,0.0,1,86.5,0.0,0,425.0,0.0,0.0,0.0,0.0,0.0,4
2023-05-11 09:06:06,l2311-C-7600,l2311-C-7600,425.0,0.0,0.0,0.0,10,87.0,0.0,0,425.0,0.0,0.0,0.0,0.0,0.0,4
2023-05-11 09:06:08,l2311-C-7600,l2311-C-7600,425.0,0.0,0.0,0.0,1,87.5,0.0,0,425.0,0.0,0.0,0.0,0.0,0.0,4
2023-05-11 09:06:08,l2311-C-7600,l2311-C-7600,425.0,0.0,0.0,0.0,10,88.0,0.0,0,425.0,0.0,0.0,0.0,0.0,0.0,4
2023-05-11 09:06:09,l2311-C-7600,l2311-C-7600,425.0,0.0,0.0,0.0,1,88.5,0.0,0,425.0,0.0,0.0,0.0,0.0,0.0,4
2023-05-11 09:06:09,l2311-C-7600,l2311-C-7600,425.0,0.0,0.0,0.0,10,89.0,0.0,0,425.0,0.0,0.0,0.0,0.0,0.0,4
2023-05-11 09:06:11,l2311-C-7600,l2311-C-7600,425.0,0.0,0.0,0.0,1,89.5,0.0,0,425.0,0.0,0.0,0.0,0.0,0.0,4
2023-05-11 09:06:11,l2311-C-7600,l2311-C-7600,425.0,0.0,0.0,0.0,10,90.0,0.0,0,425.0,0.0,0.0,0.0,0.0,0.0,4
2023-05-11 09:06:12,l2311-C-7600,l2311-C-7600,425.0,0.0,0.0,0.0,1,90.5,0.0,0,425.0,0.0,0.0,0.0,0.0,0.0,4
2023-05-11 09:06:12,l2311-C-7600,l2311-C-7600,425.0,0.0,0.0,0.0,10,91.0,0.0,0,425.0,0.0,0.0,0.0,0.0,0.0,4
2023-05-11 09:06:13,l2311-C-7600,l2311-C-7600,425.0,0.0,0.0,0.0,1,91.5,0.0,0,425.0,0.0,0.0,0.0,0.0,0.0,4
2023-05-11 09:06:13,l2311-C-7600,l2311-C-7600,425.0,0.0,0.0,0.0,10,92.0,0.0,0,425.0,0.0,0.0,0.0,0.0,0.0,4
2023-05-11 09:06:15,l2311-C-7600,l2311-C-7600,425.0,0.0,0.0,0.0,1,92.5,0.0,0,425.0,0.0,0.0,0.0,0.0,0.0,4
2023-05-11 09:06:15,l2311-C-7600,l2311-C-7600,425.0,0.0,0.0,0.0,10,93.0,0.0,0,425.0,0.0,0.0,0.0,0.0,0.0,4
2023-05-11 09:06:16,l2311-C-7600,l2311-C-7600,425.0,0.0,0.0,0.0,1,93.5,0.0,0,425.0,0.0,0.0,0.0,0.0,0.0,4
2023-05-11 09:06:16,l2311-C-7600,l2311-C-7600,425.0,0.0,0.0,0.0,10,94.0,0.0,0,425.0,0.0,0.0,0.0,0.0,0.0,4
2023-05-11 09:06:17,l2311-C-7600,l2311-C-7600,425.0,0.0,0.0,0.0,1,94.5,0.0,0,425.0,0.0,0.0,0.0,0.0,0.0,4
2023-05-11 09:06:17,l2311-C-7600,l2311-C-7600,425.0,0.0,0.0,0.0,10,95.0,0.0,0,425.0,0.0,0.0,0.0,0.0,0.0,4
2023-05-11 09:06:19,l2311-C-7600,l2311-C-7600,425.0,0.0,0.0,0.0,1,95.5,0.0,0,425.0,0.0,0.0,0.0,0.0,0.0,4
2023-05-11 09:06:19,l2311-C-7600,l2311-C-7600,425.0,0.0,0.0,0.0,10,96.0,0.0,0,425.0,0.0,0.0,0.0,0.0,0.0,4
2023-05-11 09:06:20,l2311-C-7600,l2311-C-7600,425.0,0.0,0.0,0.0,1,96.5,0.0,0,425.0,0.0,0.0,0.0,0.0,0.0,4
2023-05-11 09:06:20,l2311-C-7600,l2311-C-7600,425.0,0.0,0.0,0.0,10,97.0,0.0,0,425.0,0.0,0.0,0.0,0.0,0.0,4
2023-05-11 09:06:22,l2311-C-7600,l2311-C-7600,425.0,0.0,0.0,0.0,1,97.5,0.0,0,425.0,0.0,0.0,0.0,0.0,0.0,4
2023-05-11 09:06:22,l2311-C-7600,l2311-C-7600,425.0,0.0,0.0,0.0,10,98.0,0.0,0,425.0,0.0,0.0,0.0,0.0,0.0,4
2023-05-11 09:06:23,l2311-C-7600,l2311-C-7600,425.0,0.0,0.0,0.0,1,98.5,0.0,0,425.0,0.0,0.0,0.0,0.0,0.0,4
2023-05-11 09:06:23,l2311-C-7600,l2311-C-7600,425.0,0.0,0.0,0.0,10,99.0,0.0,0,425.0,0.0,0.0,0.0,0.0,0.0,4
2023-05-11 09:06:25,l2311-C-7600,l2311-C-7600,425.0,0.0,0.0,0.0,1,99.5,0.0,0,425.0,0.0,0.0,0.0,0.0,0.0,4
2023-05-11 09:06:25,l2311-C-7600,l2311-C-7600,425.0,0.0,0.0,0.0,10,100.0,0.0,0,425.0,0.0,0.0,0.0,0.0,0.0,4
2023-05-11 09:06:26,l2311-C-7600,l2311-C-7600,425.0,0.0,0.0,0.0,1,100.5,0.0,0,425.0,0.0,0.0,0.0,0.0,0.0,4
2023-05-11 09:06:26,l2311-C-7600,l2311-C-7600,425.0,0.0,0.0,0.0,10,101.0,0.0,0,425.0,0.0,0.0,0.0,0.0,0.0,4
2023-05-11 09:06:28,l2311-C-7600,l2311-C-7600,425.0,0.0,0.0,0.0,1,101.5,0.0,0,425.0,0.0,0.0,0.0,0.0,0.0,4
2023-05-11 09:06:28,l2311-C-7600,l2311-C-7600,425.0,0.0,0.0,0.0,10,102.0,0.0,0,425.0,0.0,0.0,0.0,0.0,0.0,4
2023-05-11 09:06:29,l2311-C-7600,l2311-C-7600,425.0,0.0,0.0,0.0,1,102.5,0.0,0,425.0,0.0,0.0,0.0,0.0,0.0,4
2023-05-11 09:06:29,l2311-C-7600,l2311-C-7600,425.0,0.0,0.0,0.0,10,103.0,0.0,0,425.0,0.0,0.0,0.0,0.0,0.0,4
2023-05-11 09:06:31,l2311-C-7600,l2311-C-7600,425.0,0.0,0.0,0.0,1,103.5,0.0,0,425.0,0.0,0.0,0.0,0.0,0.0,4
2023-05-11 09:06:31,l2311-C-7600,l2311-C-7600,425.0,0.0,0.0,0.0,10,104.0,0.0,0,425.0,0.0,0.0,0.0,0.0,0.0,4
2023-05-11 09:06:32,l2311-C-7600,l2311-C-7600,425.0,0.0,0.0,0.0,1,104.5,0.0,0,425.0,0.0,0.0,0.0,0.0,0.0,4
2023-05-11 09:06:32,l2311-C-7600,l2311-C-7600,425.0,0.0,0.0,0.0,10,105.0,0.0,0,425.0,0.0,0.0,0.0,0.0,0.0,4
2023-05-11 09:06:34,l2311-C-7600,l2311-C-7600,425.0,0.0,0.0,0.0,1,105.5,0.0,0,425.0,0.0,0.0,0.0,0.0,0.0,4
2023-05-11 09:06:34,l2311-C-7600,l2311-C-7600,425.0,0.0,0.0,0.0,10,106.0,0.0,0,425.0,0.0,0.0,0.0,0.0,0.0,4
2023-05-11 09:06:35,l2311-C-7600,l2311-C-7600,425.0,0.0,0.0,0.0,1,106.5,0.0,0,425.0,0.0,0.0,0.0,0.0,0.0,4
2023-05-11 09:06:35,l2311-C-7600,l2311-C-7600,425.0,0.0,0.0,0.0,10,107.0,0.0,0,425.0,0.0,0.0,0.0,0.0,0.0,4
2023-05-11 09:06:37,l2311-C-7600,l2311-C-7600,425.0,0.0,0.0,0.0,1,107.5,0.0,0,425.0,0.0,0.0,0.0,0.0,0.0,4
2023-05-11 09:06:37,l2311-C-7600,l2311-C-7600,425.0,0.0,0.0,0.0,10,108.0,0.0,0,425.0,0.0,0.0,0.0,0.0,0.0,4
2023-05-11 09:06:38,l2311-C-7600,l2311-C-7600,425.0,0.0,0.0,0.0,1,108.5,0.0,0,425.0,0.0,0.0,0.0,0.0,0.0,4
2023-05-11 09:06:38,l2311-C-7600,l2311-C-7600,425.0,0.0,0.0,0.0,10,109.0,0.0,0,425.0,0.0,0.0,0.0,0.0,0.0,4
2023-05-11 09:06:39,l2311-C-7600,l2311-C-7600,425.0,0.0,0.0,0.0,1,109.5,0.0,0,425.0,0.0,0.0,0.0,0.0,0.0,4
2023-05-11 09:06:39,l2311-C-7600,l2311-C-7600,425.0,0.0,0.0,0.0,10,110.0,0.0,0,425.0,0.0,0.0,0.0,0.0,0.0,4
2023-05-11 09:06:41,l2311-C-7600,l2311-C-7600,425.0,0.0,0.0,0.0,1,110.5,0.0,0,425.0,0.0,0.0,0.0,0.0,0.0,4
2023-05-11 09:06:41,l2311-C-7600,l2311-C-7600,425.0,0.0,0.0,0.0,10,111.0,0.0,0,425.0,0.0,0.0,0.0,0.0,0.0,4
2023-05-11 09:06:42,l2311-C-7600,l2311-C-7600,425.0,0.0,0.0,0.0,1,111.5,0.0,0,425.0,0.0,0.0,0.0,0.0,0.0,4
2023-05-11 09:06:42,l2311-C-7600,l2311-C-7600,425.0,0.0,0.0,0.0,10,112.0,0.0,0,425.0,0.0,0.0,0.0,0.0,0.0,4
2023-05-11 09:06:44,l2311-C-7600,l2311-C-7600,425.0,0.0,0.0,0.0,1,112.5,0.0,0,425.0,0.0,0.0,0.0,0.0,0.0,4
2023-05-11 09:06:44,l2311-C-7600,l2311-C-7600,425.0,0.0,0.0,0.0,10,113.0,0.0,0,425.0,0.0,0.0,0.0,0.0,0.0,4
2023-05-11 09:06:45,l2311-C-7600,l2311-C-7600,425.0,0.0,0.0,0.0,1,113.5,0.0,0,425.0,0.0,0.0,0.0,0.0,0.0,4
2023-05-11 09:06:45,l2311-C-7600,l2311-C-7600,425.0,0.0,0.0,0.0,10,114.0,0.0,0,425.0,0.0,0.0,0.0,0.0,0.0,4
2023-05-11 09:06:47,l2311-C-7600,l2311-C-7600,425.0,0.0,0.0,0.0,1,114.5,0.0,0,425.0,0.0,0.0,0.0,0.0,0.0,4
2023-05-11 09:06:47,l2311-C-7600,l2311-C-7600,425.0,0.0,0.0,0.0,10,115.0,0.0,0,425.0,0.0,0.0,0.0,0.0,0.0,4
2023-05-11 09:06:48,l2311-C-7600,l2311-C-7600,425.0,0.0,0.0,0.0,1,115.5,0.0,0,425.0,0.0,0.0,0.0,0.0,0.0,4
2023-05-11 09:06:48,l2311-C-7600,l2311-C-7600,425.0,0.0,0.0,0.0,10,116.0,0.0,0,425.0,0.0,0.0,0.0,0.0,0.0,4
2023-05-11 09:06:50,l2311-C-7600,l2311-C-7600,425.0,0.0,0.0,0.0,1,116.5,0.0,0,425.0,0.0,0.0,0.0,0.0,0.0,4
2023-05-11 09:06:50,l2311-C-7600,l2311-C-7600,425.0,0.0,0.0,0.0,10,117.0,0.0,0,425.0,0.0,0.0,0.0,0.0,0.0,4
2023-05-11 09:06:51,l2311-C-7600,l2311-C-7600,425.0,0.0,0.0,0.0,1,117.5,0.0,0,425.0,0.0,0.0,0.0,0.0,0.0,4
2023-05-11 09:06:51,l2311-C-7600,l2311-C-7600,425.0,0.0,0.0,0.0,10,118.0,0.0,0,425.0,0.0,0.0,0.0,0.0,0.0,4
2023-05-11 09:06:52,l2311-C-7600,l2311-C-7600,425.0,0.0,0.0,0.0,1,118.5,0.0,0,425.0,0.0,0.0,0.0,0.0,0.0,4
2023-05-11 09:06:52,l2311-C-7600,l2311-C-7600,425.0,0.0,0.0,0.0,10,119.0,0.0,0,425.0,0.0,0.0,0.0,0.0,0.0,4
2023-05-11 09:06:54,l2311-C-7600,l2311-C-7600,425.0,0.0,0.0,0.0,1,119.5,0.0,0,425.0,0.0,0.0,0.0,0.0,0.0,4
2023-05-11 09:06:54,l2311-C-7600,l2311-C-7600,425.0,0.0,0.0,0.0,10,120.0,0.0,0,425.0,0.0,0.0,0.0,0.0,0.0,4
2023-05-11 09:06:55,l2311-C-7600,l2311-C-7600,425.0,0.0,0.0,0.0,1,120.5,0.0,0,425.0,0.0,0.0,0.0,0.0,0.0,4
2023-05-11 09:06:55,l2311-C-7600,l2311-C-7600,425.0,0.0,0.0,0.0,10,121.0,0.0,0,425.0,0.0,0.0,0.0,0.0,0.0,4
2023-05-11 09:06:57,l2311-C-7600,l2311-C-7600,425.0,0.0,0.0,0.0,1,121.5,0.0,0,425.0,0.0,0.0,0.0,0.0,0.0,4
2023-05-11 09:06:57,l2311-C-7600,l2311-C-7600,425.0,0.0,0.0,0.0,10,122.0,0.0,0,425.0,0.0,0.0,0.0,0.0,0.0,4
2023-05-11 09:06:58,l2311-C-7600,l2311-C-7600,425.0,0.0,0.0,0.0,1,122.5,0.0,0,425.0,0.0,0.0,0.0,0.0,0.0,4
2023-05-11 09:06:58,l2311-C-7600,l2311-C-7600,425.0,0.0,0.0,0.0,10,123.0,0.0,0,425.0,0.0,0.0,0.0,0.0,0.0,4
2023-05-11 09:07:00,l2311-C-7600,l2311-C-7600,425.0,0.0,0.0,0.0,1,123.5,0.0,0,425.0,0.0,0.0,0.0,0.0,0.0,4
2023-05-11 09:07:00,l2311-C-7600,l2311-C-7600,425.0,0.0,0.0,0.0,10,124.0,0.0,0,425.0,0.0,0.0,0.0,0.0,0.0,4
2023-05-11 09:07:01,l2311-C-7600,l2311-C-7600,425.0,0.0,0.0,0.0,1,124.5,0.0,0,425.0,0.0,0.0,0.0,0.0,0.0,4
2023-05-11 09:07:01,l2311-C-7600,l2311-C-7600,425.0,0.0,0.0,0.0,10,125.0,0.0,0,425.0,0.0,0.0,0.0,0.0,0.0,4
2023-05-11 09:07:03,l2311-C-7600,l2311-C-7600,425.0,0.0,0.0,0.0,1,125.5,0.0,0,425.0,0.0,0.0,0.0,0.0,0.0,4
2023-05-11 09:07:03,l2311-C-7600,l2311-C-7600,425.0,0.0,0.0,0.0,10,126.0,0.0,0,425.0,0.0,0.0,0.0,0.0,0.0,4
2023-05-11 09:07:04,l2311-C-7600,l2311-C-7600,425.0,0.0,0.0,0.0,1,126.5,0.0,0,425.0,0.0,0.0,0.0,0.0,0.0,4
2023-05-11 09:07:04,l2311-C-7600,l2311-C-7600,425.0,0.0,0.0,0.0,10,127.0,0.0,0,425.0,0.0,0.0,0.0,0.0,0.0,4
2023-05-11 09:07:06,l2311-C-7600,l2311-C-7600,425.0,0.0,0.0,0.0,1,127.5,0.0,0,425.0,0.0,0.0,0.0,0.0,0.0,4
2023-05-11 09:07:06,l2311-C-7600,l2311-C-7600,425.0,0.0,0.0,0.0,10,128.0,0.0,0,425.0,0.0,0.0,0.0,0.0,0.0,4
2023-05-11 09:07:07,l2311-C-7600,l2311-C-7600,425.0,0.0,0.0,0.0,1,128.5,0.0,0,425.0,0.0,0.0,0.0,0.0,0.0,4
2023-05-11 09:07:07,l2311-C-7600,l2311-C-7600,425.0,0.0,0.0,0.0,10,129.0,0.0,0,425.0,0.0,0.0,0.0,0.0,0.0,4
2023-05-11 09:07:09,l2311-C-7600,l2311-C-7600,425.0,0.0,0.0,0.0,1,129.5,0.0,0,425.0,0.0,0.0,0.0,0.0,0.0,4
2023-05-11 09:07:09,l2311-C-7600,l2311-C-7600,425.0,0.0,0.0,0.0,10,130.0,0.0,0,425.0,0.0,0.0,0.0,0.0,0.0,4
2023-05-11 09:07:11,l2311-C-7600,l2311-C-7600,425.0,0.0,0.0,0.0,1,130.5,0.0,0,425.0,0.0,0.0,0.0,0.0,0.0,4
2023-05-11 09:07:11,l2311-C-7600,l2311-C-7600,425.0,0.0,0.0,0.0,10,131.0,0.0,0,425.0,0.0,0.0,0.0,0.0,0.0,4
2023-05-11 09:07:12,l2311-C-7600,l2311-C-7600,425.0,0.0,0.0,0.0,1,131.5,0.0,0,425.0,0.0,0.0,0.0,0.0,0.0,4
2023-05-11 09:07:12,l2311-C-7600,l2311-C-7600,425.0,0.0,0.0,0.0,10,132.0,0.0,0,425.0,0.0,0.0,0.0,0.0,0.0,4
2023-05-11 09:07:13,l2311-C-7600,l2311-C-7600,425.0,0.0,0.0,0.0,1,132.5,0.0,0,425.0,0.0,0.0,0.0,0.0,0.0,4
2023-05-11 09:07:13,l2311-C-7600,l2311-C-7600,425.0,0.0,0.0,0.0,10,133.0,0.0,0,425.0,0.0,0.0,0.0,0.0,0.0,4
2023-05-11 09:07:15,l2311-C-7600,l2311-C-7600,425.0,0.0,0.0,0.0,1,133.5,0.0,0,425.0,0.0,0.0,0.0,0.0,0.0,4
2023-05-11 09:07:15,l2311-C-7600,l2311-C-7600,425.0,0.0,0.0,0.0,10,134.0,0.0,0,425.0,0.0,0.0,0.0,0.0,0.0,4
2023-05-11 09:07:16,l2311-C-7600,l2311-C-7600,425.0,0.0,0.0,0.0,1,134.5,0.0,0,425.0,0.0,0.0,0.0,0.0,0.0,4
2023-05-11 09:07:16,l2311-C-7600,l2311-C-7600,425.0,0.0,0.0,0.0,10,135.0,0.0,0,425.0,0.0,0.0,0.0,0.0,0.0,4
2023-05-11 09:07:18,l2311-C-7600,l2311-C-7600,425.0,0.0,0.0,0.0,1,135.5,0.0,0,425.0,0.0,0.0,0.0,0.0,0.0,4
2023-05-11 09:07:18,l2311-C-7600,l2311-C-7600,425.0,0.0,0.0,0.0,10,136.0,0.0,0,425.0,0.0,0.0,0.0,0.0,0.0,4
2023-05-11 09:07:19,l2311-C-7600,l2311-C-7600,425.0,0.0,0.0,0.0,1,136.5,0.0,0,425.0,0.0,0.0,0.0,0.0,0.0,4
2023-05-11 09:07:19,l2311-C-7600,l2311-C-7600,425.0,0.0,0.0,0.0,10,137.0,0.0,0,425.0,0.0,0.0,0.0,0.0,0.0,4
2023-05-11 09:07:21,l2311-C-7600,l2311-C-7600,425.0,0.0,0.0,0.0,1,137.5,0.0,0,425.0,0.0,0.0,0.0,0.0,0.0,4
2023-05-11 09:07:21,l2311-C-7600,l2311-C-7600,425.0,0.0,0.0,0.0,10,138.0,0.0,0,425.0,0.0,0.0,0.0,0.0,0.0,4
2023-05-11 09:07:22,l2311-C-7600,l2311-C-7600,425.0,0.0,0.0,0.0,1,138.5,0.0,0,425.0,0.0,0.0,0.0,0.0,0.0,4
2023-05-11 09:07:22,l2311-C-7600,l2311-C-7600,425.0,0.0,0.0,0.0,10,139.0,0.0,0,425.0,0.0,0.0,0.0,0.0,0.0,4
2023-05-11 09:07:23,l2311-C-7600,l2311-C-7600,425.0,0.0,0.0,0.0,1,139.5,0.0,0,425.0,0.0,0.0,0.0,0.0,0.0,4
2023-05-11 09:07:24,l2311-C-7600,l2311-C-7600,425.0,0.0,0.0,0.0,10,140.0,0.0,0,425.0,0.0,0.0,0.0,0.0,0.0,4
2023-05-11 09:07:25,l2311-C-7600,l2311-C-7600,425.0,0.0,0.0,0.0,1,140.5,0.0,0,425.0,0.0,0.0,0.0,0.0,0.0,4
2023-05-11 09:07:25,l2311-C-7600,l2311-C-7600,425.0,0.0,0.0,0.0,10,141.0,0.0,0,425.0,0.0,0.0,0.0,0.0,0.0,4
2023-05-11 09:07:26,l2311-C-7600,l2311-C-7600,425.0,0.0,0.0,0.0,1,141.5,0.0,0,425.0,0.0,0.0,0.0,0.0,0.0,4
2023-05-11 09:07:26,l2311-C-7600,l2311-C-7600,425.0,0.0,0.0,0.0,10,142.0,0.0,0,425.0,0.0,0.0,0.0,0.0,0.0,4
2023-05-11 09:07:28,l2311-C-7600,l2311-C-7600,425.0,0.0,0.0,0.0,1,142.5,0.0,0,425.0,0.0,0.0,0.0,0.0,0.0,4
2023-05-11 09:07:28,l2311-C-7600,l2311-C-7600,425.0,0.0,0.0,0.0,10,143.0,0.0,0,425.0,0.0,0.0,0.0,0.0,0.0,4
2023-05-11 09:07:29,l2311-C-7600,l2311-C-7600,425.0,0.0,0.0,0.0,1,143.5,0.0,0,425.0,0.0,0.0,0.0,0.0,0.0,4
2023-05-11 09:07:29,l2311-C-7600,l2311-C-7600,425.0,0.0,0.0,0.0,10,144.0,0.0,0,425.0,0.0,0.0,0.0,0.0,0.0,4
2023-05-11 09:07:30,l2311-C-7600,l2311-C-7600,425.0,0.0,0.0,0.0,1,144.5,0.0,0,425.0,0.0,0.0,0.0,0.0,0.0,4
2023-05-11 09:07:30,l2311-C-7600,l2311-C-7600,425.0,0.0,0.0,0.0,10,145.0,0.0,0,425.0,0.0,0.0,0.0,0.0,0.0,4
2023-05-11 09:07:32,l2311-C-7600,l2311-C-7600,425.0,0.0,0.0,0.0,1,145.5,0.0,0,425.0,0.0,0.0,0.0,0.0,0.0,4
2023-05-11 09:07:32,l2311-C-7600,l2311-C-7600,425.0,0.0,0.0,0.0,10,146.0,0.0,0,425.0,0.0,0.0,0.0,0.0,0.0,4
2023-05-11 09:07:33,l2311-C-7600,l2311-C-7600,425.0,0.0,0.0,0.0,1,146.5,0.0,0,425.0,0.0,0.0,0.0,0.0,0.0,4
2023-05-11 09:07:33,l2311-C-7600,l2311-C-7600,425.0,0.0,0.0,0.0,10,147.0,0.0,0,425.0,0.0,0.0,0.0,0.0,0.0,4
2023-05-11 09:07:34,l2311-C-7600,l2311-C-7600,425.0,0.0,0.0,0.0,1,147.5,0.0,0,425.0,0.0,0.0,0.0,0.0,0.0,4
2023-05-11 09:07:34,l2311-C-7600,l2311-C-7600,425.0,0.0,0.0,0.0,10,148.0,0.0,0,425.0,0.0,0.0,0.0,0.0,0.0,4
2023-05-11 09:07:36,l2311-C-7600,l2311-C-7600,425.0,0.0,0.0,0.0,1,148.5,0.0,0,425.0,0.0,0.0,0.0,0.0,0.0,4
2023-05-11 09:07:36,l2311-C-7600,l2311-C-7600,425.0,0.0,0.0,0.0,10,149.0,0.0,0,425.0,0.0,0.0,0.0,0.0,0.0,4
2023-05-11 09:07:37,l2311-C-7600,l2311-C-7600,425.0,0.0,0.0,0.0,1,149.5,0.0,0,425.0,0.0,0.0,0.0,0.0,0.0,4
2023-05-11 09:07:37,l2311-C-7600,l2311-C-7600,425.0,0.0,0.0,0.0,10,150.0,0.0,0,425.0,0.0,0.0,0.0,0.0,0.0,4
2023-05-11 09:07:38,l2311-C-7600,l2311-C-7600,425.0,0.0,0.0,0.0,1,150.5,0.0,0,425.0,0.0,0.0,0.0,0.0,0.0,4
2023-05-11 09:07:38,l2311-C-7600,l2311-C-7600,425.0,0.0,0.0,0.0,10,151.0,0.0,0,425.0,0.0,0.0,0.0,0.0,0.0,4
2023-05-11 09:07:39,l2311-C-7600,l2311-C-7600,425.0,0.0,0.0,0.0,1,151.5,0.0,0,425.0,0.0,0.0,0.0,0.0,0.0,4
2023-05-11 09:07:39,l2311-C-7600,l2311-C-7600,425.0,0.0,0.0,0.0,10,152.0,0.0,0,425.0,0.0,0.0,0.0,0.0,0.0,4
2023-05-11 09:07:40,l2311-C-7600,l2311-C-7600,425.0,0.0,0.0,0.0,1,152.5,0.0,0,425.0,0.0,0.0,0.0,0.0,0.0,4
2023-05-11 09:07:40,l2311-C-7600,l2311-C-7600,425.0,0.0,0.0,0.0,10,153.0,0.0,0,425.0,0.0,0.0,0.0,0.0,0.0,4
2023-05-11 09:07:42,l2311-C-7600,l2311-C-7600,425.0,0.0,0.0,0.0,1,153.5,0.0,0,425.0,0.0,0.0,0.0,0.0,0.0,4
2023-05-11 09:07:42,l2311-C-7600,l2311-C-7600,425.0,0.0,0.0,0.0,10,154.0,0.0,0,425.0,0.0,0.0,0.0,0.0,0.0,4
2023-05-11 09:07:43,l2311-C-7600,l2311-C-7600,425.0,0.0,0.0,0.0,1,154.5,0.0,0,425.0,0.0,0.0,0.0,0.0,0.0,4
2023-05-11 09:07:43,l2311-C-7600,l2311-C-7600,425.0,0.0,0.0,0.0,10,155.0,0.0,0,425.0,0.0,0.0,0.0,0.0,0.0,4
2023-05-11 09:07:44,l2311-C-7600,l2311-C-7600,425.0,0.0,0.0,0.0,1,155.5,0.0,0,425.0,0.0,0.0,0.0,0.0,0.0,4
2023-05-11 09:07:44,l2311-C-7600,l2311-C-7600,425.0,0.0,0.0,0.0,10,156.0,0.0,0,425.0,0.0,0.0,0.0,0.0,0.0,4
2023-05-11 09:07:45,l2311-C-7600,l2311-C-7600,425.0,0.0,0.0,0.0,1,156.5,0.0,0,425.0,0.0,0.0,0.0,0.0,0.0,4
2023-05-11 09:07:45,l2311-C-7600,l2311-C-7600,425.0,0.0,0.0,0.0,10,157.0,0.0,0,425.0,0.0,0.0,0.0,0.0,0.0,4
2023-05-11 09:07:46,l2311-C-7600,l2311-C-7600,425.0,0.0,0.0,0.0,1,157.5,0.0,0,425.0,0.0,0.0,0.0,0.0,0.0,4
2023-05-11 09:07:46,l2311-C-7600,l2311-C-7600,425.0,0.0,0.0,0.0,10,158.0,0.0,0,425.0,0.0,0.0,0.0,0.0,0.0,4
2023-05-11 09:07:47,l2311-C-7600,l2311-C-7600,425.0,0.0,0.0,0.0,1,158.5,0.0,0,425.0,0.0,0.0,0.0,0.0,0.0,4
2023-05-11 09:07:47,l2311-C-7600,l2311-C-7600,425.0,0.0,0.0,0.0,10,159.0,0.0,0,425.0,0.0,0.0,0.0,0.0,0.0,4
2023-05-11 09:07:49,l2311-C-7600,l2311-C-7600,425.0,0.0,0.0,0.0,1,159.5,0.0,0,425.0,0.0,0.0,0.0,0.0,0.0,4
2023-05-11 09:07:49,l2311-C-7600,l2311-C-7600,425.0,0.0,0.0,0.0,10,160.0,0.0,0,425.0,0.0,0.0,0.0,0.0,0.0,4
2023-05-11 09:07:50,l2311-C-7600,l2311-C-7600,425.0,0.0,0.0,0.0,1,160.5,0.0,0,425.0,0.0,0.0,0.0,0.0,0.0,4
2023-05-11 09:07:50,l2311-C-7600,l2311-C-7600,425.0,0.0,0.0,0.0,10,161.0,0.0,0,425.0,0.0,0.0,0.0,0.0,0.0,4
2023-05-11 09:07:51,l2311-C-7600,l2311-C-7600,425.0,0.0,0.0,0.0,1,161.5,0.0,0,425.0,0.0,0.0,0.0,0.0,0.0,4
2023-05-11 09:07:51,l2311-C-7600,l2311-C-7600,425.0,0.0,0.0,0.0,10,162.0,0.0,0,425.0,0.0,0.0,0.0,0.0,0.0,4
2023-05-11 09:07:52,l2311-C-7600,l2311-C-7600,425.0,0.0,0.0,0.0,1,162.5,0.0,0,425.0,0.0,0.0,0.0,0.0,0.0,4
2023-05-11 09:07:52,l2311-C-7600,l2311-C-7600,425.0,0.0,0.0,0.0,10,163.0,0.0,0,425.0,0.0,0.0,0.0,0.0,0.0,4
2023-05-11 09:07:53,l2311-C-7600,l2311-C-7600,425.0,0.0,0.0,0.0,1,163.5,0.0,0,425.0,0.0,0.0,0.0,0.0,0.0,4
2023-05-11 09:07:53,l2311-C-7600,l2311-C-7600,425.0,0.0,0.0,0.0,10,164.0,0.0,0,425.0,0.0,0.0,0.0,0.0,0.0,4
2023-05-11 09:07:54,l2311-C-7600,l2311-C-7600,425.0,0.0,0.0,0.0,1,164.5,0.0,0,425.0,0.0,0.0,0.0,0.0,0.0,4
2023-05-11 09:07:54,l2311-C-7600,l2311-C-7600,425.0,0.0,0.0,0.0,10,165.0,0.0,0,425.0,0.0,0.0,0.0,0.0,0.0,4
2023-05-11 09:07:55,l2311-C-7600,l2311-C-7600,425.0,0.0,0.0,0.0,1,165.5,0.0,0,425.0,0.0,0.0,0.0,0.0,0.0,4
2023-05-11 09:07:55,l2311-C-7600,l2311-C-7600,425.0,0.0,0.0,0.0,10,166.0,0.0,0,425.0,0.0,0.0,0.0,0.0,0.0,4
2023-05-11 09:07:56,l2311-C-7600,l2311-C-7600,425.0,0.0,0.0,0.0,1,166.5,0.0,0,425.0,0.0,0.0,0.0,0.0,0.0,4
2023-05-11 09:07:56,l2311-C-7600,l2311-C-7600,425.0,0.0,0.0,0.0,10,167.0,0.0,0,425.0,0.0,0.0,0.0,0.0,0.0,4
2023-05-11 09:07:57,l2311-C-7600,l2311-C-7600,425.0,0.0,0.0,0.0,1,167.5,0.0,0,425.0,0.0,0.0,0.0,0.0,0.0,4
2023-05-11 09:07:57,l2311-C-7600,l2311-C-7600,425.0,0.0,0.0,0.0,10,168.0,0.0,0,425.0,0.0,0.0,0.0,0.0,0.0,4
2023-05-11 09:07:59,l2311-C-7600,l2311-C-7600,425.0,0.0,0.0,0.0,1,168.5,0.0,0,425.0,0.0,0.0,0.0,0.0,0.0,4
2023-05-11 09:07:59,l2311-C-7600,l2311-C-7600,425.0,0.0,0.0,0.0,10,169.0,0.0,0,425.0,0.0,0.0,0.0,0.0,0.0,4
2023-05-11 09:08:00,l2311-C-7600,l2311-C-7600,425.0,0.0,0.0,0.0,1,169.5,0.0,0,425.0,0.0,0.0,0.0,0.0,0.0,4
2023-05-11 09:08:00,l2311-C-7600,l2311-C-7600,425.0,0.0,0.0,0.0,10,170.0,0.0,0,425.0,0.0,0.0,0.0,0.0,0.0,4
2023-05-11 09:08:01,l2311-C-7600,l2311-C-7600,425.0,0.0,0.0,0.0,1,170.5,0.0,0,425.0,0.0,0.0,0.0,0.0,0.0,4
2023-05-11 09:08:01,l2311-C-7600,l2311-C-7600,425.0,0.0,0.0,0.0,10,171.0,0.0,0,425.0,0.0,0.0,0.0,0.0,0.0,4
2023-05-11 09:08:02,l2311-C-7600,l2311-C-7600,425.0,0.0,0.0,0.0,1,171.5,0.0,0,425.0,0.0,0.0,0.0,0.0,0.0,4
2023-05-11 09:08:02,l2311-C-7600,l2311-C-7600,425.0,0.0,0.0,0.0,10,172.0,0.0,0,425.0,0.0,0.0,0.0,0.0,0.0,4
2023-05-11 09:08:03,l2311-C-7600,l2311-C-7600,425.0,0.0,0.0,0.0,1,172.5,0.0,0,425.0,0.0,0.0,0.0,0.0,0.0,4
2023-05-11 09:08:03,l2311-C-7600,l2311-C-7600,425.0,0.0,0.0,0.0,10,173.0,0.0,0,425.0,0.0,0.0,0.0,0.0,0.0,4
2023-05-11 09:08:04,l2311-C-7600,l2311-C-7600,425.0,0.0,0.0,0.0,1,173.5,0.0,0,425.0,0.0,0.0,0.0,0.0,0.0,4
2023-05-11 09:08:04,l2311-C-7600,l2311-C-7600,425.0,0.0,0.0,0.0,10,174.0,0.0,0,425.0,0.0,0.0,0.0,0.0,0.0,4
2023-05-11 09:08:05,l2311-C-7600,l2311-C-7600,425.0,0.0,0.0,0.0,1,174.5,0.0,0,425.0,0.0,0.0,0.0,0.0,0.0,4
2023-05-11 09:08:05,l2311-C-7600,l2311-C-7600,425.0,0.0,0.0,0.0,10,175.0,0.0,0,425.0,0.0,0.0,0.0,0.0,0.0,4
2023-05-11 09:08:06,l2311-C-7600,l2311-C-7600,425.0,0.0,0.0,0.0,1,175.5,0.0,0,425.0,0.0,0.0,0.0,0.0,0.0,4
2023-05-11 09:08:06,l2311-C-7600,l2311-C-7600,425.0,0.0,0.0,0.0,10,176.0,0.0,0,425.0,0.0,0.0,0.0,0.0,0.0,4
2023-05-11 09:08:08,l2311-C-7600,l2311-C-7600,425.0,0.0,0.0,0.0,1,176.5,0.0,0,425.0,0.0,0.0,0.0,0.0,0.0,4
2023-05-11 09:08:08,l2311-C-7600,l2311-C-7600,425.0,0.0,0.0,0.0,10,177.0,0.0,0,425.0,0.0,0.0,0.0,0.0,0.0,4
2023-05-11 09:08:09,l2311-C-7600,l2311-C-7600,425.0,0.0,0.0,0.0,1,177.5,0.0,0,425.0,0.0,0.0,0.0,0.0,0.0,4
2023-05-11 09:08:09,l2311-C-7600,l2311-C-7600,425.0,0.0,0.0,0.0,10,178.0,0.0,0,425.0,0.0,0.0,0.0,0.0,0.0,4
2023-05-11 09:08:12,l2311-C-7600,l2311-C-7600,425.0,0.0,0.0,0.0,1,178.5,0.0,0,425.0,0.0,0.0,0.0,0.0,0.0,4
2023-05-11 09:08:12,l2311-C-7600,l2311-C-7600,425.0,0.0,0.0,0.0,10,179.0,0.0,0,425.0,0.0,0.0,0.0,0.0,0.0,4
2023-05-11 09:08:14,l2311-C-7600,l2311-C-7600,425.0,0.0,0.0,0.0,1,179.5,0.0,0,425.0,0.0,0.0,0.0,0.0,0.0,4
2023-05-11 09:08:14,l2311-C-7600,l2311-C-7600,425.0,0.0,0.0,0.0,10,180.0,0.0,0,425.0,0.0,0.0,0.0,0.0,0.0,4
2023-05-11 09:08:19,l2311-C-7600,l2311-C-7600,425.0,0.0,0.0,0.0,1,180.5,0.0,0,425.0,0.0,0.0,0.0,0.0,0.0,4
2023-05-11 09:08:19,l2311-C-7600,l2311-C-7600,425.0,0.0,0.0,0.0,10,181.0,0.0,0,425.0,0.0,0.0,0.0,0.0,0.0,4
2023-05-11 09:08:21,l2311-C-7600,l2311-C-7600,425.0,0.0,0.0,0.0,1,181.5,0.0,0,425.0,0.0,0.0,0.0,0.0,0.0,4
2023-05-11 09:08:21,l2311-C-7600,l2311-C-7600,425.0,0.0,0.0,0.0,10,182.0,0.0,0,425.0,0.0,0.0,0.0,0.0,0.0,4
2023-05-11 09:08:24,l2311-C-7600,l2311-C-7600,425.0,0.0,0.0,0.0,1,182.5,0.0,0,425.0,0.0,0.0,0.0,0.0,0.0,4
2023-05-11 09:08:24,l2311-C-7600,l2311-C-7600,425.0,0.0,0.0,0.0,10,183.0,0.0,0,425.0,0.0,0.0,0.0,0.0,0.0,4
2023-05-11 09:08:25,l2311-C-7600,l2311-C-7600,425.0,0.0,0.0,0.0,1,183.5,0.0,0,425.0,0.0,0.0,0.0,0.0,0.0,4
2023-05-11 09:08:25,l2311-C-7600,l2311-C-7600,425.0,0.0,0.0,0.0,10,184.0,0.0,0,425.0,0.0,0.0,0.0,0.0,0.0,4
2023-05-11 09:08:26,l2311-C-7600,l2311-C-7600,425.0,0.0,0.0,0.0,1,184.5,0.0,0,425.0,0.0,0.0,0.0,0.0,0.0,4
2023-05-11 09:08:26,l2311-C-7600,l2311-C-7600,425.0,0.0,0.0,0.0,10,185.0,0.0,0,425.0,0.0,0.0,0.0,0.0,0.0,4
2023-05-11 09:08:27,l2311-C-7600,l2311-C-7600,425.0,0.0,0.0,0.0,1,185.5,0.0,0,425.0,0.0,0.0,0.0,0.0,0.0,4
2023-05-11 09:08:27,l2311-C-7600,l2311-C-7600,425.0,0.0,0.0,0.0,10,186.0,0.0,0,425.0,0.0,0.0,0.0,0.0,0.0,4
2023-05-11 09:08:28,l2311-C-7600,l2311-C-7600,425.0,0.0,0.0,0.0,1,186.5,0.0,0,425.0,0.0,0.0,0.0,0.0,0.0,4
2023-05-11 09:08:28,l2311-C-7600,l2311-C-7600,425.0,0.0,0.0,0.0,10,187.0,0.0,0,425.0,0.0,0.0,0.0,0.0,0.0,4
2023-05-11 09:08:29,l2311-C-7600,l2311-C-7600,425.0,0.0,0.0,0.0,1,187.5,0.0,0,425.0,0.0,0.0,0.0,0.0,0.0,4
2023-05-11 09:08:29,l2311-C-7600,l2311-C-7600,425.0,0.0,0.0,0.0,10,188.0,0.0,0,425.0,0.0,0.0,0.0,0.0,0.0,4
2023-05-11 09:08:30,l2311-C-7600,l2311-C-7600,425.0,0.0,0.0,0.0,1,188.5,0.0,0,425.0,0.0,0.0,0.0,0.0,0.0,4
2023-05-11 09:08:30,l2311-C-7600,l2311-C-7600,425.0,0.0,0.0,0.0,10,189.0,0.0,0,425.0,0.0,0.0,0.0,0.0,0.0,4
2023-05-11 09:08:31,l2311-C-7600,l2311-C-7600,425.0,0.0,0.0,0.0,1,189.5,0.0,0,425.0,0.0,0.0,0.0,0.0,0.0,4
2023-05-11 09:08:31,l2311-C-7600,l2311-C-7600,425.0,0.0,0.0,0.0,10,190.0,0.0,0,425.0,0.0,0.0,0.0,0.0,0.0,4
2023-05-11 09:08:32,l2311-C-7600,l2311-C-7600,425.0,0.0,0.0,0.0,1,190.5,0.0,0,425.0,0.0,0.0,0.0,0.0,0.0,4
2023-05-11 09:08:32,l2311-C-7600,l2311-C-7600,425.0,0.0,0.0,0.0,10,191.0,0.0,0,425.0,0.0,0.0,0.0,0.0,0.0,4
2023-05-11 09:08:35,l2311-C-7600,l2311-C-7600,425.0,0.0,0.0,0.0,1,191.5,0.0,0,425.0,0.0,0.0,0.0,0.0,0.0,4
2023-05-11 09:08:35,l2311-C-7600,l2311-C-7600,425.0,0.0,0.0,0.0,10,192.0,0.0,0,425.0,0.0,0.0,0.0,0.0,0.0,4
2023-05-11 09:08:37,l2311-C-7600,l2311-C-7600,425.0,0.0,0.0,0.0,1,192.5,0.0,0,425.0,0.0,0.0,0.0,0.0,0.0,4
2023-05-11 09:08:37,l2311-C-7600,l2311-C-7600,425.0,0.0,0.0,0.0,10,193.0,0.0,0,425.0,0.0,0.0,0.0,0.0,0.0,4
2023-05-11 09:08:38,l2311-C-7600,l2311-C-7600,425.0,0.0,0.0,0.0,1,193.5,0.0,0,425.0,0.0,0.0,0.0,0.0,0.0,4
2023-05-11 09:08:38,l2311-C-7600,l2311-C-7600,425.0,0.0,0.0,0.0,10,194.0,0.0,0,425.0,0.0,0.0,0.0,0.0,0.0,4
2023-05-11 09:08:40,l2311-C-7600,l2311-C-7600,425.0,0.0,0.0,0.0,1,194.5,0.0,0,425.0,0.0,0.0,0.0,0.0,0.0,4
2023-05-11 09:08:40,l2311-C-7600,l2311-C-7600,425.0,0.0,0.0,0.0,10,195.0,0.0,0,425.0,0.0,0.0,0.0,0.0,0.0,4
2023-05-11 09:08:41,l2311-C-7600,l2311-C-7600,425.0,0.0,0.0,0.0,1,195.5,0.0,0,425.0,0.0,0.0,0.0,0.0,0.0,4
2023-05-11 09:08:41,l2311-C-7600,l2311-C-7600,425.0,0.0,0.0,0.0,10,196.0,0.0,0,425.0,0.0,0.0,0.0,0.0,0.0,4
2023-05-11 09:08:45,l2311-C-7600,l2311-C-7600,425.0,0.0,0.0,0.0,1,196.5,0.0,0,425.0,0.0,0.0,0.0,0.0,0.0,4
2023-05-11 09:08:45,l2311-C-7600,l2311-C-7600,425.0,0.0,0.0,0.0,10,197.0,0.0,0,425.0,0.0,0.0,0.0,0.0,0.0,4
2023-05-11 09:08:46,l2311-C-7600,l2311-C-7600,425.0,0.0,0.0,0.0,1,197.5,0.0,0,425.0,0.0,0.0,0.0,0.0,0.0,4
2023-05-11 09:08:46,l2311-C-7600,l2311-C-7600,425.0,0.0,0.0,0.0,10,198.0,0.0,0,425.0,0.0,0.0,0.0,0.0,0.0,4
2023-05-11 09:08:47,l2311-C-7600,l2311-C-7600,425.0,0.0,0.0,0.0,1,198.5,0.0,0,425.0,0.0,0.0,0.0,0.0,0.0,4
2023-05-11 09:08:47,l2311-C-7600,l2311-C-7600,425.0,0.0,0.0,0.0,10,199.0,0.0,0,425.0,0.0,0.0,0.0,0.0,0.0,4
2023-05-11 09:08:48,l2311-C-7600,l2311-C-7600,425.0,0.0,0.0,0.0,1,199.5,0.0,0,425.0,0.0,0.0,0.0,0.0,0.0,4
2023-05-11 09:08:48,l2311-C-7600,l2311-C-7600,425.0,0.0,0.0,0.0,10,200.0,0.0,0,425.0,0.0,0.0,0.0,0.0,0.0,4
2023-05-11 09:08:49,l2311-C-7600,l2311-C-7600,425.0,0.0,0.0,0.0,1,200.5,0.0,0,425.0,0.0,0.0,0.0,0.0,0.0,4
2023-05-11 09:08:49,l2311-C-7600,l2311-C-7600,425.0,0.0,0.0,0.0,10,201.0,0.0,0,425.0,0.0,0.0,0.0,0.0,0.0,4
2023-05-11 09:08:50,l2311-C-7600,l2311-C-7600,425.0,0.0,0.0,0.0,1,201.5,0.0,0,425.0,0.0,0.0,0.0,0.0,0.0,4
2023-05-11 09:08:50,l2311-C-7600,l2311-C-7600,425.0,0.0,0.0,0.0,10,202.0,0.0,0,425.0,0.0,0.0,0.0,0.0,0.0,4
2023-05-11 09:08:51,l2311-C-7600,l2311-C-7600,425.0,0.0,0.0,0.0,1,202.5,0.0,0,425.0,0.0,0.0,0.0,0.0,0.0,4
2023-05-11 09:08:51,l2311-C-7600,l2311-C-7600,425.0,0.0,0.0,0.0,10,203.0,0.0,0,425.0,0.0,0.0,0.0,0.0,0.0,4
2023-05-11 09:08:52,l2311-C-7600,l2311-C-7600,425.0,0.0,0.0,0.0,1,203.5,0.0,0,425.0,0.0,0.0,0.0,0.0,0.0,4
2023-05-11 09:08:52,l2311-C-7600,l2311-C-7600,425.0,0.0,0.0,0.0,10,204.0,0.0,0,425.0,0.0,0.0,0.0,0.0,0.0,4
2023-05-11 09:08:53,l2311-C-7600,l2311-C-7600,425.0,0.0,0.0,0.0,1,204.5,0.0,0,425.0,0.0,0.0,0.0,0.0,0.0,4
2023-05-11 09:08:53,l2311-C-7600,l2311-C-7600,425.0,0.0,0.0,0.0,10,205.0,0.0,0,425.0,0.0,0.0,0.0,0.0,0.0,4
2023-05-11 09:08:54,l2311-C-7600,l2311-C-7600,425.0,0.0,0.0,0.0,1,205.5,0.0,0,425.0,0.0,0.0,0.0,0.0,0.0,4
2023-05-11 09:08:54,l2311-C-7600,l2311-C-7600,425.0,0.0,0.0,0.0,10,206.0,0.0,0,425.0,0.0,0.0,0.0,0.0,0.0,4
2023-05-11 09:08:55,l2311-C-7600,l2311-C-7600,425.0,0.0,0.0,0.0,1,206.5,0.0,0,425.0,0.0,0.0,0.0,0.0,0.0,4
2023-05-11 09:08:55,l2311-C-7600,l2311-C-7600,425.0,0.0,0.0,0.0,10,207.0,0.0,0,425.0,0.0,0.0,0.0,0.0,0.0,4
2023-05-11 09:08:56,l2311-C-7600,l2311-C-7600,425.0,0.0,0.0,0.0,1,207.5,0.0,0,425.0,0.0,0.0,0.0,0.0,0.0,4
2023-05-11 09:08:56,l2311-C-7600,l2311-C-7600,425.0,0.0,0.0,0.0,10,208.0,0.0,0,425.0,0.0,0.0,0.0,0.0,0.0,4
2023-05-11 09:08:57,l2311-C-7600,l2311-C-7600,425.0,0.0,0.0,0.0,1,208.5,0.0,0,425.0,0.0,0.0,0.0,0.0,0.0,4
2023-05-11 09:08:57,l2311-C-7600,l2311-C-7600,425.0,0.0,0.0,0.0,10,209.0,0.0,0,425.0,0.0,0.0,0.0,0.0,0.0,4
2023-05-11 09:08:58,l2311-C-7600,l2311-C-7600,425.0,0.0,0.0,0.0,1,209.5,0.0,0,425.0,0.0,0.0,0.0,0.0,0.0,4
2023-05-11 09:08:58,l2311-C-7600,l2311-C-7600,425.0,0.0,0.0,0.0,10,210.0,0.0,0,425.0,0.0,0.0,0.0,0.0,0.0,4
2023-05-11 09:08:59,l2311-C-7600,l2311-C-7600,425.0,0.0,0.0,0.0,1,210.5,0.0,0,425.0,0.0,0.0,0.0,0.0,0.0,4
2023-05-11 09:08:59,l2311-C-7600,l2311-C-7600,425.0,0.0,0.0,0.0,10,211.0,0.0,0,425.0,0.0,0.0,0.0,0.0,0.0,4
2023-05-11 09:09:00,l2311-C-7600,l2311-C-7600,425.0,0.0,0.0,0.0,1,211.5,0.0,0,425.0,0.0,0.0,0.0,0.0,0.0,4
2023-05-11 09:09:00,l2311-C-7600,l2311-C-7600,425.0,0.0,0.0,0.0,10,212.0,0.0,0,425.0,0.0,0.0,0.0,0.0,0.0,4
2023-05-11 09:09:01,l2311-C-7600,l2311-C-7600,425.0,0.0,0.0,0.0,1,212.5,0.0,0,425.0,0.0,0.0,0.0,0.0,0.0,4
2023-05-11 09:09:01,l2311-C-7600,l2311-C-7600,425.0,0.0,0.0,0.0,10,213.0,0.0,0,425.0,0.0,0.0,0.0,0.0,0.0,4
2023-05-11 09:09:02,l2311-C-7600,l2311-C-7600,425.0,0.0,0.0,0.0,1,213.5,0.0,0,425.0,0.0,0.0,0.0,0.0,0.0,4
2023-05-11 09:09:02,l2311-C-7600,l2311-C-7600,425.0,0.0,0.0,0.0,10,214.0,0.0,0,425.0,0.0,0.0,0.0,0.0,0.0,4
2023-05-11 09:09:03,l2311-C-7600,l2311-C-7600,425.0,0.0,0.0,0.0,1,214.5,0.0,0,425.0,0.0,0.0,0.0,0.0,0.0,4
2023-05-11 09:09:03,l2311-C-7600,l2311-C-7600,425.0,0.0,0.0,0.0,10,215.0,0.0,0,425.0,0.0,0.0,0.0,0.0,0.0,4
2023-05-11 09:10:15,l2311-C-7600,l2311-C-7600,425.0,0.0,0.0,0.0,1,215.5,0.0,0,425.0,0.0,0.0,0.0,0.0,0.0,4
2023-05-11 09:10:15,l2311-C-7600,l2311-C-7600,425.0,0.0,0.0,0.0,10,216.0,0.0,0,425.0,0.0,0.0,0.0,0.0,0.0,4
2023-05-11 09:15:30,l2311-C-7600,l2311-C-7600,425.0,0.0,0.0,0.0,1,216.5,0.0,0,425.0,0.0,0.0,0.0,0.0,0.0,4
2023-05-11 09:15:30,l2311-C-7600,l2311-C-7600,425.0,0.0,0.0,0.0,10,217.0,0.0,0,425.0,0.0,0.0,0.0,0.0,0.0,4
2023-05-11 09:16:11,l2311-C-7600,l2311-C-7600,425.0,0.0,0.0,0.0,1,217.5,0.0,0,425.0,0.0,0.0,0.0,0.0,0.0,4
2023-05-11 09:16:11,l2311-C-7600,l2311-C-7600,425.0,0.0,0.0,0.0,10,218.0,0.0,0,425.0,0.0,0.0,0.0,0.0,0.0,4
2023-05-11 10:14:32,l2311-C-7600,l2311-C-7600,425.0,0.0,0.0,0.0,1,56.5,0.0,0,425.0,0.0,0.0,0.0,0.0,0.0,4
2023-05-11 10:30:07,l2311-C-7600,l2311-C-7600,425.0,0.0,0.0,0.0,10,57.0,0.0,0,425.0,0.0,0.0,0.0,0.0,0.0,4
2023-05-11 10:30:13,l2311-C-7600,l2311-C-7600,425.0,0.0,0.0,0.0,1,57.5,0.0,0,425.0,0.0,0.0,0.0,0.0,0.0,4
2023-05-11 10:30:13,l2311-C-7600,l2311-C-7600,425.0,0.0,0.0,0.0,10,58.0,0.0,0,425.0,0.0,0.0,0.0,0.0,0.0,4
2023-05-11 10:31:04,l2311-C-7600,l2311-C-7600,425.0,0.0,0.0,0.0,1,58.5,0.0,0,425.0,0.0,0.0,0.0,0.0,0.0,4
2023-05-11 10:31:04,l2311-C-7600,l2311-C-7600,425.0,0.0,0.0,0.0,10,59.0,0.0,0,425.0,0.0,0.0,0.0,0.0,0.0,4
2023-05-11 10:32:09,l2311-C-7600,l2311-C-7600,425.0,0.0,0.0,0.0,1,59.5,0.0,0,425.0,0.0,0.0,0.0,0.0,0.0,4
2023-05-11 10:32:09,l2311-C-7600,l2311-C-7600,425.0,0.0,0.0,0.0,10,60.0,0.0,0,425.0,0.0,0.0,0.0,0.0,0.0,4
2023-05-11 10:32:32,l2311-C-7600,l2311-C-7600,425.0,0.0,0.0,0.0,1,60.5,0.0,0,425.0,0.0,0.0,0.0,0.0,0.0,4
2023-05-11 10:32:32,l2311-C-7600,l2311-C-7600,425.0,0.0,0.0,0.0,10,61.0,0.0,0,425.0,0.0,0.0,0.0,0.0,0.0,4
2023-05-11 10:32:44,l2311-C-7600,l2311-C-7600,425.0,0.0,0.0,0.0,1,61.5,0.0,0,425.0,0.0,0.0,0.0,0.0,0.0,4
2023-05-11 10:32:44,l2311-C-7600,l2311-C-7600,425.0,0.0,0.0,0.0,10,62.0,0.0,0,425.0,0.0,0.0,0.0,0.0,0.0,4
2023-05-11 10:32:57,l2311-C-7600,l2311-C-7600,425.0,0.0,0.0,0.0,1,62.5,0.0,0,425.0,0.0,0.0,0.0,0.0,0.0,4
2023-05-11 10:32:57,l2311-C-7600,l2311-C-7600,425.0,0.0,0.0,0.0,10,63.0,0.0,0,425.0,0.0,0.0,0.0,0.0,0.0,4
2023-05-11 10:32:59,l2311-C-7600,l2311-C-7600,425.0,0.0,0.0,0.0,1,63.5,0.0,0,425.0,0.0,0.0,0.0,0.0,0.0,4
2023-05-11 10:32:59,l2311-C-7600,l2311-C-7600,425.0,0.0,0.0,0.0,10,64.0,0.0,0,425.0,0.0,0.0,0.0,0.0,0.0,4
2023-05-11 10:33:01,l2311-C-7600,l2311-C-7600,425.0,0.0,0.0,0.0,1,64.5,0.0,0,425.0,0.0,0.0,0.0,0.0,0.0,4
2023-05-11 10:33:01,l2311-C-7600,l2311-C-7600,425.0,0.0,0.0,0.0,10,65.0,0.0,0,425.0,0.0,0.0,0.0,0.0,0.0,4
2023-05-11 10:33:03,l2311-C-7600,l2311-C-7600,425.0,0.0,0.0,0.0,1,65.5,0.0,0,425.0,0.0,0.0,0.0,0.0,0.0,4
2023-05-11 10:33:03,l2311-C-7600,l2311-C-7600,425.0,0.0,0.0,0.0,10,66.0,0.0,0,425.0,0.0,0.0,0.0,0.0,0.0,4
2023-05-11 10:33:05,l2311-C-7600,l2311-C-7600,425.0,0.0,0.0,0.0,1,66.5,0.0,0,425.0,0.0,0.0,0.0,0.0,0.0,4
2023-05-11 10:33:05,l2311-C-7600,l2311-C-7600,425.0,0.0,0.0,0.0,10,67.0,0.0,0,425.0,0.0,0.0,0.0,0.0,0.0,4
2023-05-11 10:33:07,l2311-C-7600,l2311-C-7600,425.0,0.0,0.0,0.0,1,67.5,0.0,0,425.0,0.0,0.0,0.0,0.0,0.0,4
2023-05-11 10:33:07,l2311-C-7600,l2311-C-7600,425.0,0.0,0.0,0.0,10,68.0,0.0,0,425.0,0.0,0.0,0.0,0.0,0.0,4
2023-05-11 10:33:08,l2311-C-7600,l2311-C-7600,425.0,0.0,0.0,0.0,1,68.5,0.0,0,425.0,0.0,0.0,0.0,0.0,0.0,4
2023-05-11 10:33:08,l2311-C-7600,l2311-C-7600,425.0,0.0,0.0,0.0,10,69.0,0.0,0,425.0,0.0,0.0,0.0,0.0,0.0,4
2023-05-11 10:33:10,l2311-C-7600,l2311-C-7600,425.0,0.0,0.0,0.0,1,69.5,0.0,0,425.0,0.0,0.0,0.0,0.0,0.0,4
2023-05-11 10:33:10,l2311-C-7600,l2311-C-7600,425.0,0.0,0.0,0.0,10,70.0,0.0,0,425.0,0.0,0.0,0.0,0.0,0.0,4
2023-05-11 10:33:12,l2311-C-7600,l2311-C-7600,425.0,0.0,0.0,0.0,1,70.5,0.0,0,425.0,0.0,0.0,0.0,0.0,0.0,4
2023-05-11 10:33:12,l2311-C-7600,l2311-C-7600,425.0,0.0,0.0,0.0,10,71.0,0.0,0,425.0,0.0,0.0,0.0,0.0,0.0,4
2023-05-11 10:33:14,l2311-C-7600,l2311-C-7600,425.0,0.0,0.0,0.0,1,71.5,0.0,0,425.0,0.0,0.0,0.0,0.0,0.0,4
2023-05-11 10:33:14,l2311-C-7600,l2311-C-7600,425.0,0.0,0.0,0.0,10,72.0,0.0,0,425.0,0.0,0.0,0.0,0.0,0.0,4
2023-05-11 10:33:15,l2311-C-7600,l2311-C-7600,425.0,0.0,0.0,0.0,1,72.5,0.0,0,425.0,0.0,0.0,0.0,0.0,0.0,4
2023-05-11 10:33:15,l2311-C-7600,l2311-C-7600,425.0,0.0,0.0,0.0,10,73.0,0.0,0,425.0,0.0,0.0,0.0,0.0,0.0,4
2023-05-11 10:33:17,l2311-C-7600,l2311-C-7600,425.0,0.0,0.0,0.0,1,73.5,0.0,0,425.0,0.0,0.0,0.0,0.0,0.0,4
2023-05-11 10:33:17,l2311-C-7600,l2311-C-7600,425.0,0.0,0.0,0.0,10,74.0,0.0,0,425.0,0.0,0.0,0.0,0.0,0.0,4
2023-05-11 10:33:19,l2311-C-7600,l2311-C-7600,425.0,0.0,0.0,0.0,1,74.5,0.0,0,425.0,0.0,0.0,0.0,0.0,0.0,4
2023-05-11 10:33:19,l2311-C-7600,l2311-C-7600,425.0,0.0,0.0,0.0,10,75.0,0.0,0,425.0,0.0,0.0,0.0,0.0,0.0,4
2023-05-11 10:33:20,l2311-C-7600,l2311-C-7600,425.0,0.0,0.0,0.0,1,75.5,0.0,0,425.0,0.0,0.0,0.0,0.0,0.0,4
2023-05-11 10:33:20,l2311-C-7600,l2311-C-7600,425.0,0.0,0.0,0.0,10,76.0,0.0,0,425.0,0.0,0.0,0.0,0.0,0.0,4
2023-05-11 10:33:22,l2311-C-7600,l2311-C-7600,425.0,0.0,0.0,0.0,1,76.5,0.0,0,425.0,0.0,0.0,0.0,0.0,0.0,4
2023-05-11 10:33:22,l2311-C-7600,l2311-C-7600,425.0,0.0,0.0,0.0,10,77.0,0.0,0,425.0,0.0,0.0,0.0,0.0,0.0,4
2023-05-11 10:33:24,l2311-C-7600,l2311-C-7600,425.0,0.0,0.0,0.0,1,77.5,0.0,0,425.0,0.0,0.0,0.0,0.0,0.0,4
2023-05-11 10:33:24,l2311-C-7600,l2311-C-7600,425.0,0.0,0.0,0.0,10,78.0,0.0,0,425.0,0.0,0.0,0.0,0.0,0.0,4
2023-05-11 10:33:26,l2311-C-7600,l2311-C-7600,425.0,0.0,0.0,0.0,1,78.5,0.0,0,425.0,0.0,0.0,0.0,0.0,0.0,4
2023-05-11 10:33:26,l2311-C-7600,l2311-C-7600,425.0,0.0,0.0,0.0,10,79.0,0.0,0,425.0,0.0,0.0,0.0,0.0,0.0,4
2023-05-11 10:33:27,l2311-C-7600,l2311-C-7600,425.0,0.0,0.0,0.0,1,79.5,0.0,0,425.0,0.0,0.0,0.0,0.0,0.0,4
2023-05-11 10:33:27,l2311-C-7600,l2311-C-7600,425.0,0.0,0.0,0.0,10,80.0,0.0,0,425.0,0.0,0.0,0.0,0.0,0.0,4
2023-05-11 10:33:29,l2311-C-7600,l2311-C-7600,425.0,0.0,0.0,0.0,1,80.5,0.0,0,425.0,0.0,0.0,0.0,0.0,0.0,4
2023-05-11 10:33:29,l2311-C-7600,l2311-C-7600,425.0,0.0,0.0,0.0,10,81.0,0.0,0,425.0,0.0,0.0,0.0,0.0,0.0,4
2023-05-11 10:33:30,l2311-C-7600,l2311-C-7600,425.0,0.0,0.0,0.0,1,81.5,0.0,0,425.0,0.0,0.0,0.0,0.0,0.0,4
2023-05-11 10:33:30,l2311-C-7600,l2311-C-7600,425.0,0.0,0.0,0.0,10,82.0,0.0,0,425.0,0.0,0.0,0.0,0.0,0.0,4
2023-05-11 10:33:31,l2311-C-7600,l2311-C-7600,425.0,0.0,0.0,0.0,1,82.5,0.0,0,425.0,0.0,0.0,0.0,0.0,0.0,4
2023-05-11 10:33:31,l2311-C-7600,l2311-C-7600,425.0,0.0,0.0,0.0,10,83.0,0.0,0,425.0,0.0,0.0,0.0,0.0,0.0,4
2023-05-11 10:33:33,l2311-C-7600,l2311-C-7600,425.0,0.0,0.0,0.0,1,83.5,0.0,0,425.0,0.0,0.0,0.0,0.0,0.0,4
2023-05-11 10:33:33,l2311-C-7600,l2311-C-7600,425.0,0.0,0.0,0.0,10,84.0,0.0,0,425.0,0.0,0.0,0.0,0.0,0.0,4
2023-05-11 10:33:34,l2311-C-7600,l2311-C-7600,425.0,0.0,0.0,0.0,1,84.5,0.0,0,425.0,0.0,0.0,0.0,0.0,0.0,4
2023-05-11 10:33:34,l2311-C-7600,l2311-C-7600,425.0,0.0,0.0,0.0,10,85.0,0.0,0,425.0,0.0,0.0,0.0,0.0,0.0,4
2023-05-11 10:33:36,l2311-C-7600,l2311-C-7600,425.0,0.0,0.0,0.0,1,85.5,0.0,0,425.0,0.0,0.0,0.0,0.0,0.0,4
2023-05-11 10:33:36,l2311-C-7600,l2311-C-7600,425.0,0.0,0.0,0.0,10,86.0,0.0,0,425.0,0.0,0.0,0.0,0.0,0.0,4
2023-05-11 10:33:37,l2311-C-7600,l2311-C-7600,425.0,0.0,0.0,0.0,1,86.5,0.0,0,425.0,0.0,0.0,0.0,0.0,0.0,4
2023-05-11 10:33:37,l2311-C-7600,l2311-C-7600,425.0,0.0,0.0,0.0,10,87.0,0.0,0,425.0,0.0,0.0,0.0,0.0,0.0,4
2023-05-11 10:33:39,l2311-C-7600,l2311-C-7600,425.0,0.0,0.0,0.0,1,87.5,0.0,0,425.0,0.0,0.0,0.0,0.0,0.0,4
2023-05-11 10:33:39,l2311-C-7600,l2311-C-7600,425.0,0.0,0.0,0.0,10,88.0,0.0,0,425.0,0.0,0.0,0.0,0.0,0.0,4
2023-05-11 10:33:41,l2311-C-7600,l2311-C-7600,425.0,0.0,0.0,0.0,1,88.5,0.0,0,425.0,0.0,0.0,0.0,0.0,0.0,4
2023-05-11 10:33:41,l2311-C-7600,l2311-C-7600,425.0,0.0,0.0,0.0,10,89.0,0.0,0,425.0,0.0,0.0,0.0,0.0,0.0,4
2023-05-11 10:33:42,l2311-C-7600,l2311-C-7600,425.0,0.0,0.0,0.0,1,89.5,0.0,0,425.0,0.0,0.0,0.0,0.0,0.0,4
2023-05-11 10:33:42,l2311-C-7600,l2311-C-7600,425.0,0.0,0.0,0.0,10,90.0,0.0,0,425.0,0.0,0.0,0.0,0.0,0.0,4
2023-05-11 10:33:44,l2311-C-7600,l2311-C-7600,425.0,0.0,0.0,0.0,1,90.5,0.0,0,425.0,0.0,0.0,0.0,0.0,0.0,4
2023-05-11 10:33:44,l2311-C-7600,l2311-C-7600,425.0,0.0,0.0,0.0,10,91.0,0.0,0,425.0,0.0,0.0,0.0,0.0,0.0,4
2023-05-11 10:33:46,l2311-C-7600,l2311-C-7600,425.0,0.0,0.0,0.0,1,91.5,0.0,0,425.0,0.0,0.0,0.0,0.0,0.0,4
2023-05-11 10:33:46,l2311-C-7600,l2311-C-7600,425.0,0.0,0.0,0.0,10,92.0,0.0,0,425.0,0.0,0.0,0.0,0.0,0.0,4
2023-05-11 10:33:48,l2311-C-7600,l2311-C-7600,425.0,0.0,0.0,0.0,1,92.5,0.0,0,425.0,0.0,0.0,0.0,0.0,0.0,4
2023-05-11 10:33:48,l2311-C-7600,l2311-C-7600,425.0,0.0,0.0,0.0,10,93.0,0.0,0,425.0,0.0,0.0,0.0,0.0,0.0,4
2023-05-11 10:33:49,l2311-C-7600,l2311-C-7600,425.0,0.0,0.0,0.0,1,93.5,0.0,0,425.0,0.0,0.0,0.0,0.0,0.0,4
2023-05-11 10:33:49,l2311-C-7600,l2311-C-7600,425.0,0.0,0.0,0.0,10,94.0,0.0,0,425.0,0.0,0.0,0.0,0.0,0.0,4
2023-05-11 10:33:51,l2311-C-7600,l2311-C-7600,425.0,0.0,0.0,0.0,1,94.5,0.0,0,425.0,0.0,0.0,0.0,0.0,0.0,4
2023-05-11 10:33:51,l2311-C-7600,l2311-C-7600,425.0,0.0,0.0,0.0,10,95.0,0.0,0,425.0,0.0,0.0,0.0,0.0,0.0,4
2023-05-11 10:33:53,l2311-C-7600,l2311-C-7600,425.0,0.0,0.0,0.0,1,95.5,0.0,0,425.0,0.0,0.0,0.0,0.0,0.0,4
2023-05-11 10:33:53,l2311-C-7600,l2311-C-7600,425.0,0.0,0.0,0.0,10,96.0,0.0,0,425.0,0.0,0.0,0.0,0.0,0.0,4
2023-05-11 10:33:55,l2311-C-7600,l2311-C-7600,425.0,0.0,0.0,0.0,1,96.5,0.0,0,425.0,0.0,0.0,0.0,0.0,0.0,4
2023-05-11 10:33:55,l2311-C-7600,l2311-C-7600,425.0,0.0,0.0,0.0,10,97.0,0.0,0,425.0,0.0,0.0,0.0,0.0,0.0,4
2023-05-11 10:33:56,l2311-C-7600,l2311-C-7600,425.0,0.0,0.0,0.0,1,97.5,0.0,0,425.0,0.0,0.0,0.0,0.0,0.0,4
2023-05-11 10:33:56,l2311-C-7600,l2311-C-7600,425.0,0.0,0.0,0.0,10,98.0,0.0,0,425.0,0.0,0.0,0.0,0.0,0.0,4
2023-05-11 10:33:57,l2311-C-7600,l2311-C-7600,425.0,0.0,0.0,0.0,1,98.5,0.0,0,425.0,0.0,0.0,0.0,0.0,0.0,4
2023-05-11 10:33:57,l2311-C-7600,l2311-C-7600,425.0,0.0,0.0,0.0,10,99.0,0.0,0,425.0,0.0,0.0,0.0,0.0,0.0,4
2023-05-11 10:33:59,l2311-C-7600,l2311-C-7600,425.0,0.0,0.0,0.0,1,99.5,0.0,0,425.0,0.0,0.0,0.0,0.0,0.0,4
2023-05-11 10:33:59,l2311-C-7600,l2311-C-7600,425.0,0.0,0.0,0.0,10,100.0,0.0,0,425.0,0.0,0.0,0.0,0.0,0.0,4
2023-05-11 10:34:00,l2311-C-7600,l2311-C-7600,425.0,0.0,0.0,0.0,1,100.5,0.0,0,425.0,0.0,0.0,0.0,0.0,0.0,4
2023-05-11 10:34:00,l2311-C-7600,l2311-C-7600,425.0,0.0,0.0,0.0,10,101.0,0.0,0,425.0,0.0,0.0,0.0,0.0,0.0,4
2023-05-11 10:34:01,l2311-C-7600,l2311-C-7600,425.0,0.0,0.0,0.0,1,101.5,0.0,0,425.0,0.0,0.0,0.0,0.0,0.0,4
2023-05-11 10:34:01,l2311-C-7600,l2311-C-7600,425.0,0.0,0.0,0.0,10,102.0,0.0,0,425.0,0.0,0.0,0.0,0.0,0.0,4
2023-05-11 10:34:03,l2311-C-7600,l2311-C-7600,425.0,0.0,0.0,0.0,1,102.5,0.0,0,425.0,0.0,0.0,0.0,0.0,0.0,4
2023-05-11 10:34:03,l2311-C-7600,l2311-C-7600,425.0,0.0,0.0,0.0,10,103.0,0.0,0,425.0,0.0,0.0,0.0,0.0,0.0,4
2023-05-11 10:34:04,l2311-C-7600,l2311-C-7600,425.0,0.0,0.0,0.0,1,103.5,0.0,0,425.0,0.0,0.0,0.0,0.0,0.0,4
2023-05-11 10:34:04,l2311-C-7600,l2311-C-7600,425.0,0.0,0.0,0.0,10,104.0,0.0,0,425.0,0.0,0.0,0.0,0.0,0.0,4
2023-05-11 10:34:05,l2311-C-7600,l2311-C-7600,425.0,0.0,0.0,0.0,1,104.5,0.0,0,425.0,0.0,0.0,0.0,0.0,0.0,4
2023-05-11 10:34:05,l2311-C-7600,l2311-C-7600,425.0,0.0,0.0,0.0,10,105.0,0.0,0,425.0,0.0,0.0,0.0,0.0,0.0,4
2023-05-11 10:34:07,l2311-C-7600,l2311-C-7600,425.0,0.0,0.0,0.0,10,106.0,0.0,0,425.0,0.0,0.0,0.0,0.0,0.0,4
2023-05-11 10:34:08,l2311-C-7600,l2311-C-7600,425.0,0.0,0.0,0.0,1,106.5,0.0,0,425.0,0.0,0.0,0.0,0.0,0.0,4
2023-05-11 10:34:08,l2311-C-7600,l2311-C-7600,425.0,0.0,0.0,0.0,10,107.0,0.0,0,425.0,0.0,0.0,0.0,0.0,0.0,4
2023-05-11 10:34:10,l2311-C-7600,l2311-C-7600,425.0,0.0,0.0,0.0,1,107.5,0.0,0,425.0,0.0,0.0,0.0,0.0,0.0,4
2023-05-11 10:34:10,l2311-C-7600,l2311-C-7600,425.0,0.0,0.0,0.0,10,108.0,0.0,0,425.0,0.0,0.0,0.0,0.0,0.0,4
2023-05-11 10:34:11,l2311-C-7600,l2311-C-7600,425.0,0.0,0.0,0.0,1,108.5,0.0,0,425.0,0.0,0.0,0.0,0.0,0.0,4
2023-05-11 10:34:11,l2311-C-7600,l2311-C-7600,425.0,0.0,0.0,0.0,10,109.0,0.0,0,425.0,0.0,0.0,0.0,0.0,0.0,4
2023-05-11 10:34:13,l2311-C-7600,l2311-C-7600,425.0,0.0,0.0,0.0,1,109.5,0.0,0,425.0,0.0,0.0,0.0,0.0,0.0,4
2023-05-11 10:34:13,l2311-C-7600,l2311-C-7600,425.0,0.0,0.0,0.0,10,110.0,0.0,0,425.0,0.0,0.0,0.0,0.0,0.0,4
2023-05-11 10:34:14,l2311-C-7600,l2311-C-7600,425.0,0.0,0.0,0.0,1,110.5,0.0,0,425.0,0.0,0.0,0.0,0.0,0.0,4
2023-05-11 10:34:14,l2311-C-7600,l2311-C-7600,425.0,0.0,0.0,0.0,10,111.0,0.0,0,425.0,0.0,0.0,0.0,0.0,0.0,4
2023-05-11 10:34:16,l2311-C-7600,l2311-C-7600,425.0,0.0,0.0,0.0,1,111.5,0.0,0,425.0,0.0,0.0,0.0,0.0,0.0,4
2023-05-11 10:34:16,l2311-C-7600,l2311-C-7600,425.0,0.0,0.0,0.0,10,112.0,0.0,0,425.0,0.0,0.0,0.0,0.0,0.0,4
2023-05-11 10:34:17,l2311-C-7600,l2311-C-7600,425.0,0.0,0.0,0.0,1,112.5,0.0,0,425.0,0.0,0.0,0.0,0.0,0.0,4
2023-05-11 10:34:17,l2311-C-7600,l2311-C-7600,425.0,0.0,0.0,0.0,10,113.0,0.0,0,425.0,0.0,0.0,0.0,0.0,0.0,4
2023-05-11 10:34:19,l2311-C-7600,l2311-C-7600,425.0,0.0,0.0,0.0,1,113.5,0.0,0,425.0,0.0,0.0,0.0,0.0,0.0,4
2023-05-11 10:34:19,l2311-C-7600,l2311-C-7600,425.0,0.0,0.0,0.0,10,114.0,0.0,0,425.0,0.0,0.0,0.0,0.0,0.0,4
2023-05-11 10:34:20,l2311-C-7600,l2311-C-7600,425.0,0.0,0.0,0.0,1,114.5,0.0,0,425.0,0.0,0.0,0.0,0.0,0.0,4
2023-05-11 10:34:20,l2311-C-7600,l2311-C-7600,425.0,0.0,0.0,0.0,10,115.0,0.0,0,425.0,0.0,0.0,0.0,0.0,0.0,4
2023-05-11 10:34:22,l2311-C-7600,l2311-C-7600,425.0,0.0,0.0,0.0,1,115.5,0.0,0,425.0,0.0,0.0,0.0,0.0,0.0,4
2023-05-11 10:34:22,l2311-C-7600,l2311-C-7600,425.0,0.0,0.0,0.0,10,116.0,0.0,0,425.0,0.0,0.0,0.0,0.0,0.0,4
2023-05-11 10:34:23,l2311-C-7600,l2311-C-7600,425.0,0.0,0.0,0.0,1,116.5,0.0,0,425.0,0.0,0.0,0.0,0.0,0.0,4
2023-05-11 10:34:23,l2311-C-7600,l2311-C-7600,425.0,0.0,0.0,0.0,10,117.0,0.0,0,425.0,0.0,0.0,0.0,0.0,0.0,4
2023-05-11 10:34:25,l2311-C-7600,l2311-C-7600,425.0,0.0,0.0,0.0,1,117.5,0.0,0,425.0,0.0,0.0,0.0,0.0,0.0,4
2023-05-11 10:34:25,l2311-C-7600,l2311-C-7600,425.0,0.0,0.0,0.0,10,118.0,0.0,0,425.0,0.0,0.0,0.0,0.0,0.0,4
2023-05-11 10:34:26,l2311-C-7600,l2311-C-7600,425.0,0.0,0.0,0.0,1,118.5,0.0,0,425.0,0.0,0.0,0.0,0.0,0.0,4
2023-05-11 10:34:26,l2311-C-7600,l2311-C-7600,425.0,0.0,0.0,0.0,10,119.0,0.0,0,425.0,0.0,0.0,0.0,0.0,0.0,4
2023-05-11 10:34:28,l2311-C-7600,l2311-C-7600,425.0,0.0,0.0,0.0,1,119.5,0.0,0,425.0,0.0,0.0,0.0,0.0,0.0,4
2023-05-11 10:34:28,l2311-C-7600,l2311-C-7600,425.0,0.0,0.0,0.0,10,120.0,0.0,0,425.0,0.0,0.0,0.0,0.0,0.0,4
2023-05-11 10:34:29,l2311-C-7600,l2311-C-7600,425.0,0.0,0.0,0.0,1,120.5,0.0,0,425.0,0.0,0.0,0.0,0.0,0.0,4
2023-05-11 10:34:29,l2311-C-7600,l2311-C-7600,425.0,0.0,0.0,0.0,10,121.0,0.0,0,425.0,0.0,0.0,0.0,0.0,0.0,4
2023-05-11 10:34:31,l2311-C-7600,l2311-C-7600,425.0,0.0,0.0,0.0,1,121.5,0.0,0,425.0,0.0,0.0,0.0,0.0,0.0,4
2023-05-11 10:34:31,l2311-C-7600,l2311-C-7600,425.0,0.0,0.0,0.0,10,122.0,0.0,0,425.0,0.0,0.0,0.0,0.0,0.0,4
2023-05-11 10:34:33,l2311-C-7600,l2311-C-7600,425.0,0.0,0.0,0.0,1,122.5,0.0,0,425.0,0.0,0.0,0.0,0.0,0.0,4
2023-05-11 10:34:33,l2311-C-7600,l2311-C-7600,425.0,0.0,0.0,0.0,10,123.0,0.0,0,425.0,0.0,0.0,0.0,0.0,0.0,4
2023-05-11 10:34:34,l2311-C-7600,l2311-C-7600,425.0,0.0,0.0,0.0,1,123.5,0.0,0,425.0,0.0,0.0,0.0,0.0,0.0,4
2023-05-11 10:34:34,l2311-C-7600,l2311-C-7600,425.0,0.0,0.0,0.0,10,124.0,0.0,0,425.0,0.0,0.0,0.0,0.0,0.0,4
2023-05-11 10:34:36,l2311-C-7600,l2311-C-7600,425.0,0.0,0.0,0.0,1,124.5,0.0,0,425.0,0.0,0.0,0.0,0.0,0.0,4
2023-05-11 10:34:36,l2311-C-7600,l2311-C-7600,425.0,0.0,0.0,0.0,10,125.0,0.0,0,425.0,0.0,0.0,0.0,0.0,0.0,4
2023-05-11 10:34:37,l2311-C-7600,l2311-C-7600,425.0,0.0,0.0,0.0,1,125.5,0.0,0,425.0,0.0,0.0,0.0,0.0,0.0,4
2023-05-11 10:34:37,l2311-C-7600,l2311-C-7600,425.0,0.0,0.0,0.0,10,126.0,0.0,0,425.0,0.0,0.0,0.0,0.0,0.0,4
2023-05-11 10:34:39,l2311-C-7600,l2311-C-7600,425.0,0.0,0.0,0.0,1,126.5,0.0,0,425.0,0.0,0.0,0.0,0.0,0.0,4
2023-05-11 10:34:39,l2311-C-7600,l2311-C-7600,425.0,0.0,0.0,0.0,10,127.0,0.0,0,425.0,0.0,0.0,0.0,0.0,0.0,4
2023-05-11 10:34:40,l2311-C-7600,l2311-C-7600,425.0,0.0,0.0,0.0,1,127.5,0.0,0,425.0,0.0,0.0,0.0,0.0,0.0,4
2023-05-11 10:34:40,l2311-C-7600,l2311-C-7600,425.0,0.0,0.0,0.0,10,128.0,0.0,0,425.0,0.0,0.0,0.0,0.0,0.0,4
2023-05-11 10:34:42,l2311-C-7600,l2311-C-7600,425.0,0.0,0.0,0.0,1,128.5,0.0,0,425.0,0.0,0.0,0.0,0.0,0.0,4
2023-05-11 10:34:42,l2311-C-7600,l2311-C-7600,425.0,0.0,0.0,0.0,10,129.0,0.0,0,425.0,0.0,0.0,0.0,0.0,0.0,4
2023-05-11 10:34:43,l2311-C-7600,l2311-C-7600,425.0,0.0,0.0,0.0,1,129.5,0.0,0,425.0,0.0,0.0,0.0,0.0,0.0,4
2023-05-11 10:34:43,l2311-C-7600,l2311-C-7600,425.0,0.0,0.0,0.0,10,130.0,0.0,0,425.0,0.0,0.0,0.0,0.0,0.0,4
2023-05-11 10:34:44,l2311-C-7600,l2311-C-7600,425.0,0.0,0.0,0.0,1,130.5,0.0,0,425.0,0.0,0.0,0.0,0.0,0.0,4
2023-05-11 10:34:44,l2311-C-7600,l2311-C-7600,425.0,0.0,0.0,0.0,10,131.0,0.0,0,425.0,0.0,0.0,0.0,0.0,0.0,4
2023-05-11 10:35:54,l2311-C-7600,l2311-C-7600,425.0,0.0,0.0,0.0,1,131.5,0.0,0,425.0,0.0,0.0,0.0,0.0,0.0,4
2023-05-11 10:35:54,l2311-C-7600,l2311-C-7600,425.0,0.0,0.0,0.0,10,132.0,0.0,0,425.0,0.0,0.0,0.0,0.0,0.0,4
2023-05-11 11:08:47,l2311-C-7600,l2311-C-7600,425.0,0.0,0.0,0.0,1,132.5,0.0,0,425.0,0.0,0.0,0.0,0.0,0.0,4
2023-05-11 11:08:47,l2311-C-7600,l2311-C-7600,425.0,0.0,0.0,0.0,10,133.0,0.0,0,425.0,0.0,0.0,0.0,0.0,0.0,4
2023-05-11 11:29:32,l2311-C-7600,l2311-C-7600,425.0,0.0,0.0,0.0,1,36.5,0.0,0,425.0,0.0,0.0,0.0,0.0,0.0,4
2023-05-11 13:30:14,l2311-C-7600,l2311-C-7600,425.0,0.0,0.0,0.0,10,37.0,0.0,0,425.0,0.0,0.0,0.0,0.0,0.0,4
2023-05-11 13:31:05,l2311-C-7600,l2311-C-7600,425.0,0.0,0.0,0.0,1,37.5,0.0,0,425.0,0.0,0.0,0.0,0.0,0.0,4
2023-05-11 13:31:05,l2311-C-7600,l2311-C-7600,425.0,0.0,0.0,0.0,10,38.0,0.0,0,425.0,0.0,0.0,0.0,0.0,0.0,4
2023-05-11 13:55:50,l2311-C-7600,l2311-C-7600,425.0,0.0,0.0,0.0,1,373.0,394.0,1,425.0,0.0,0.0,0.0,0.0,0.0,4
2023-05-11 13:55:52,l2311-C-7600,l2311-C-7600,425.0,0.0,0.0,0.0,1,373.0,392.5,1,425.0,0.0,0.0,0.0,0.0,0.0,4
2023-05-11 13:55:55,l2311-C-7600,l2311-C-7600,425.0,0.0,0.0,0.0,2,373.0,392.5,2,425.0,0.0,0.0,0.0,0.0,0.0,4
2023-05-11 13:56:01,l2311-C-7600,l2311-C-7600,425.0,0.0,0.0,0.0,1,373.0,392.5,2,425.0,0.0,0.0,0.0,0.0,0.0,4
2023-05-11 13:56:03,l2311-C-7600,l2311-C-7600,425.0,0.0,0.0,0.0,1,373.0,392.5,1,425.0,0.0,0.0,0.0,0.0,0.0,4
2023-05-11 13:56:07,l2311-C-7600,l2311-C-7600,425.0,0.0,0.0,0.0,1,372.5,393.0,1,425.0,0.0,0.0,0.0,0.0,0.0,4
2023-05-11 13:56:15,l2311-C-7600,l2311-C-7600,425.0,0.0,0.0,0.0,1,37.5,0.0,0,425.0,0.0,0.0,0.0,0.0,0.0,4
2023-05-11 13:56:15,l2311-C-7600,l2311-C-7600,425.0,0.0,0.0,0.0,10,38.0,0.0,0,425.0,0.0,0.0,0.0,0.0,0.0,4
2023-05-11 14:12:58,l2311-C-7600,l2311-C-7600,425.0,0.0,0.0,0.0,1,38.5,0.0,0,425.0,0.0,0.0,0.0,0.0,0.0,4
2023-05-11 14:12:58,l2311-C-7600,l2311-C-7600,425.0,0.0,0.0,0.0,10,39.0,0.0,0,425.0,0.0,0.0,0.0,0.0,0.0,4
2023-05-11 14:46:51,l2311-C-7600,l2311-C-7600,425.0,0.0,0.0,0.0,1,39.5,0.0,0,425.0,0.0,0.0,0.0,0.0,0.0,4
2023-05-11 14:46:51,l2311-C-7600,l2311-C-7600,425.0,0.0,0.0,0.0,10,40.0,0.0,0,425.0,0.0,0.0,0.0,0.0,0.0,4
2023-05-11 14:56:45,l2311-C-7600,l2311-C-7600,425.0,0.0,0.0,0.0,1,39.5,0.0,0,425.0,0.0,0.0,0.0,0.0,0.0,4
2023-05-11 14:59:02,l2311-C-7600,l2311-C-7600,425.0,0.0,0.0,0.0,10,40.0,0.0,0,425.0,0.0,0.0,0.0,0.0,0.0,4
2023-05-11 14:59:54,l2311-C-7600,l2311-C-7600,425.0,0.0,0.0,0.0,1,39.5,0.0,0,425.0,0.0,0.0,0.0,0.0,0.0,4
2023-05-11 15:01:09,l2311-C-7600,l2311-C-7600,425.0,0.0,0.0,0.0,1,39.5,0.0,0,425.0,0.0,0.0,0.0,0.0,0.0,4
