time,symbol_id,symbol_name,last,trade_volume,trade_amount,open_interest_change,bv1,bp1,ap1,av1,yesterday_close,today_open,today_high,today_low,volume,amount,open_interest
2023-05-10 20:56:09,l2311-P-7800,l2311-P-7800,337.5,0.0,0.0,0.0,1,0.5,0.0,0,337.5,0.0,0.0,0.0,0.0,0.0,7
2023-05-10 21:00:06,l2311-P-7800,l2311-P-7800,337.5,0.0,0.0,0.0,10,1.0,0.0,0,337.5,0.0,0.0,0.0,0.0,0.0,7
2023-05-10 21:00:54,l2311-P-7800,l2311-P-7800,337.5,0.0,0.0,0.0,1,21.0,0.0,0,337.5,0.0,0.0,0.0,0.0,0.0,7
2023-05-10 21:00:54,l2311-P-7800,l2311-P-7800,337.5,0.0,0.0,0.0,10,21.5,0.0,0,337.5,0.0,0.0,0.0,0.0,0.0,7
2023-05-10 21:01:37,l2311-P-7800,l2311-P-7800,337.5,0.0,0.0,0.0,1,22.0,0.0,0,337.5,0.0,0.0,0.0,0.0,0.0,7
2023-05-10 21:01:37,l2311-P-7800,l2311-P-7800,337.5,0.0,0.0,0.0,10,22.5,0.0,0,337.5,0.0,0.0,0.0,0.0,0.0,7
2023-05-10 21:03:28,l2311-P-7800,l2311-P-7800,337.5,0.0,0.0,0.0,1,23.0,0.0,0,337.5,0.0,0.0,0.0,0.0,0.0,7
2023-05-10 21:03:28,l2311-P-7800,l2311-P-7800,337.5,0.0,0.0,0.0,10,23.5,0.0,0,337.5,0.0,0.0,0.0,0.0,0.0,7
2023-05-10 21:13:49,l2311-P-7800,l2311-P-7800,337.5,0.0,0.0,0.0,1,24.0,0.0,0,337.5,0.0,0.0,0.0,0.0,0.0,7
2023-05-10 21:13:49,l2311-P-7800,l2311-P-7800,337.5,0.0,0.0,0.0,10,24.5,0.0,0,337.5,0.0,0.0,0.0,0.0,0.0,7
2023-05-10 21:15:02,l2311-P-7800,l2311-P-7800,337.5,0.0,0.0,0.0,1,25.0,0.0,0,337.5,0.0,0.0,0.0,0.0,0.0,7
2023-05-10 21:15:02,l2311-P-7800,l2311-P-7800,337.5,0.0,0.0,0.0,10,25.5,0.0,0,337.5,0.0,0.0,0.0,0.0,0.0,7
2023-05-10 21:15:08,l2311-P-7800,l2311-P-7800,337.5,0.0,0.0,0.0,1,26.0,0.0,0,337.5,0.0,0.0,0.0,0.0,0.0,7
2023-05-10 21:15:08,l2311-P-7800,l2311-P-7800,337.5,0.0,0.0,0.0,10,26.5,0.0,0,337.5,0.0,0.0,0.0,0.0,0.0,7
2023-05-10 21:15:19,l2311-P-7800,l2311-P-7800,337.5,0.0,0.0,0.0,1,27.0,0.0,0,337.5,0.0,0.0,0.0,0.0,0.0,7
2023-05-10 21:15:19,l2311-P-7800,l2311-P-7800,337.5,0.0,0.0,0.0,10,27.5,0.0,0,337.5,0.0,0.0,0.0,0.0,0.0,7
2023-05-10 21:15:26,l2311-P-7800,l2311-P-7800,337.5,0.0,0.0,0.0,1,28.0,0.0,0,337.5,0.0,0.0,0.0,0.0,0.0,7
2023-05-10 21:15:26,l2311-P-7800,l2311-P-7800,337.5,0.0,0.0,0.0,10,28.5,0.0,0,337.5,0.0,0.0,0.0,0.0,0.0,7
2023-05-10 21:15:29,l2311-P-7800,l2311-P-7800,337.5,0.0,0.0,0.0,1,29.0,0.0,0,337.5,0.0,0.0,0.0,0.0,0.0,7
2023-05-10 21:15:29,l2311-P-7800,l2311-P-7800,337.5,0.0,0.0,0.0,10,29.5,0.0,0,337.5,0.0,0.0,0.0,0.0,0.0,7
2023-05-10 21:15:32,l2311-P-7800,l2311-P-7800,337.5,0.0,0.0,0.0,1,30.0,0.0,0,337.5,0.0,0.0,0.0,0.0,0.0,7
2023-05-10 21:15:32,l2311-P-7800,l2311-P-7800,337.5,0.0,0.0,0.0,10,30.5,0.0,0,337.5,0.0,0.0,0.0,0.0,0.0,7
2023-05-10 21:15:36,l2311-P-7800,l2311-P-7800,337.5,0.0,0.0,0.0,1,31.0,0.0,0,337.5,0.0,0.0,0.0,0.0,0.0,7
2023-05-10 21:15:36,l2311-P-7800,l2311-P-7800,337.5,0.0,0.0,0.0,10,31.5,0.0,0,337.5,0.0,0.0,0.0,0.0,0.0,7
2023-05-10 21:15:39,l2311-P-7800,l2311-P-7800,337.5,0.0,0.0,0.0,1,32.0,0.0,0,337.5,0.0,0.0,0.0,0.0,0.0,7
2023-05-10 21:15:39,l2311-P-7800,l2311-P-7800,337.5,0.0,0.0,0.0,10,32.5,0.0,0,337.5,0.0,0.0,0.0,0.0,0.0,7
2023-05-10 21:15:42,l2311-P-7800,l2311-P-7800,337.5,0.0,0.0,0.0,1,33.0,0.0,0,337.5,0.0,0.0,0.0,0.0,0.0,7
2023-05-10 21:15:42,l2311-P-7800,l2311-P-7800,337.5,0.0,0.0,0.0,10,33.5,0.0,0,337.5,0.0,0.0,0.0,0.0,0.0,7
2023-05-10 21:15:45,l2311-P-7800,l2311-P-7800,337.5,0.0,0.0,0.0,1,34.0,0.0,0,337.5,0.0,0.0,0.0,0.0,0.0,7
2023-05-10 21:15:45,l2311-P-7800,l2311-P-7800,337.5,0.0,0.0,0.0,10,34.5,0.0,0,337.5,0.0,0.0,0.0,0.0,0.0,7
2023-05-10 21:15:48,l2311-P-7800,l2311-P-7800,337.5,0.0,0.0,0.0,1,35.0,0.0,0,337.5,0.0,0.0,0.0,0.0,0.0,7
2023-05-10 21:15:48,l2311-P-7800,l2311-P-7800,337.5,0.0,0.0,0.0,10,35.5,0.0,0,337.5,0.0,0.0,0.0,0.0,0.0,7
2023-05-10 21:15:50,l2311-P-7800,l2311-P-7800,337.5,0.0,0.0,0.0,1,36.0,0.0,0,337.5,0.0,0.0,0.0,0.0,0.0,7
2023-05-10 21:15:50,l2311-P-7800,l2311-P-7800,337.5,0.0,0.0,0.0,10,36.5,0.0,0,337.5,0.0,0.0,0.0,0.0,0.0,7
2023-05-10 21:15:52,l2311-P-7800,l2311-P-7800,337.5,0.0,0.0,0.0,1,37.0,0.0,0,337.5,0.0,0.0,0.0,0.0,0.0,7
2023-05-10 21:15:52,l2311-P-7800,l2311-P-7800,337.5,0.0,0.0,0.0,10,37.5,0.0,0,337.5,0.0,0.0,0.0,0.0,0.0,7
2023-05-10 21:15:55,l2311-P-7800,l2311-P-7800,337.5,0.0,0.0,0.0,1,38.0,0.0,0,337.5,0.0,0.0,0.0,0.0,0.0,7
2023-05-10 21:15:55,l2311-P-7800,l2311-P-7800,337.5,0.0,0.0,0.0,10,38.5,0.0,0,337.5,0.0,0.0,0.0,0.0,0.0,7
2023-05-10 21:15:57,l2311-P-7800,l2311-P-7800,337.5,0.0,0.0,0.0,1,39.0,0.0,0,337.5,0.0,0.0,0.0,0.0,0.0,7
2023-05-10 21:15:57,l2311-P-7800,l2311-P-7800,337.5,0.0,0.0,0.0,10,39.5,0.0,0,337.5,0.0,0.0,0.0,0.0,0.0,7
2023-05-10 21:15:59,l2311-P-7800,l2311-P-7800,337.5,0.0,0.0,0.0,1,40.0,0.0,0,337.5,0.0,0.0,0.0,0.0,0.0,7
2023-05-10 21:16:00,l2311-P-7800,l2311-P-7800,337.5,0.0,0.0,0.0,10,40.5,0.0,0,337.5,0.0,0.0,0.0,0.0,0.0,7
2023-05-10 21:16:01,l2311-P-7800,l2311-P-7800,337.5,0.0,0.0,0.0,1,41.0,0.0,0,337.5,0.0,0.0,0.0,0.0,0.0,7
2023-05-10 21:16:01,l2311-P-7800,l2311-P-7800,337.5,0.0,0.0,0.0,10,41.5,0.0,0,337.5,0.0,0.0,0.0,0.0,0.0,7
2023-05-10 21:16:03,l2311-P-7800,l2311-P-7800,337.5,0.0,0.0,0.0,1,42.0,0.0,0,337.5,0.0,0.0,0.0,0.0,0.0,7
2023-05-10 21:16:03,l2311-P-7800,l2311-P-7800,337.5,0.0,0.0,0.0,10,42.5,0.0,0,337.5,0.0,0.0,0.0,0.0,0.0,7
2023-05-10 21:16:05,l2311-P-7800,l2311-P-7800,337.5,0.0,0.0,0.0,1,43.0,0.0,0,337.5,0.0,0.0,0.0,0.0,0.0,7
2023-05-10 21:16:05,l2311-P-7800,l2311-P-7800,337.5,0.0,0.0,0.0,10,43.5,0.0,0,337.5,0.0,0.0,0.0,0.0,0.0,7
2023-05-10 21:16:06,l2311-P-7800,l2311-P-7800,337.5,0.0,0.0,0.0,1,44.0,0.0,0,337.5,0.0,0.0,0.0,0.0,0.0,7
2023-05-10 21:16:06,l2311-P-7800,l2311-P-7800,337.5,0.0,0.0,0.0,10,44.5,0.0,0,337.5,0.0,0.0,0.0,0.0,0.0,7
2023-05-10 21:16:08,l2311-P-7800,l2311-P-7800,337.5,0.0,0.0,0.0,1,45.0,0.0,0,337.5,0.0,0.0,0.0,0.0,0.0,7
2023-05-10 21:16:08,l2311-P-7800,l2311-P-7800,337.5,0.0,0.0,0.0,10,45.5,0.0,0,337.5,0.0,0.0,0.0,0.0,0.0,7
2023-05-10 21:16:10,l2311-P-7800,l2311-P-7800,337.5,0.0,0.0,0.0,1,46.0,0.0,0,337.5,0.0,0.0,0.0,0.0,0.0,7
2023-05-10 21:16:10,l2311-P-7800,l2311-P-7800,337.5,0.0,0.0,0.0,10,46.5,0.0,0,337.5,0.0,0.0,0.0,0.0,0.0,7
2023-05-10 21:16:12,l2311-P-7800,l2311-P-7800,337.5,0.0,0.0,0.0,1,47.0,0.0,0,337.5,0.0,0.0,0.0,0.0,0.0,7
2023-05-10 21:16:12,l2311-P-7800,l2311-P-7800,337.5,0.0,0.0,0.0,10,47.5,0.0,0,337.5,0.0,0.0,0.0,0.0,0.0,7
2023-05-10 21:16:14,l2311-P-7800,l2311-P-7800,337.5,0.0,0.0,0.0,1,48.0,0.0,0,337.5,0.0,0.0,0.0,0.0,0.0,7
2023-05-10 21:16:14,l2311-P-7800,l2311-P-7800,337.5,0.0,0.0,0.0,10,48.5,0.0,0,337.5,0.0,0.0,0.0,0.0,0.0,7
2023-05-10 21:16:16,l2311-P-7800,l2311-P-7800,337.5,0.0,0.0,0.0,1,49.0,0.0,0,337.5,0.0,0.0,0.0,0.0,0.0,7
2023-05-10 21:16:16,l2311-P-7800,l2311-P-7800,337.5,0.0,0.0,0.0,10,49.5,0.0,0,337.5,0.0,0.0,0.0,0.0,0.0,7
2023-05-10 21:16:18,l2311-P-7800,l2311-P-7800,337.5,0.0,0.0,0.0,1,50.0,0.0,0,337.5,0.0,0.0,0.0,0.0,0.0,7
2023-05-10 21:16:18,l2311-P-7800,l2311-P-7800,337.5,0.0,0.0,0.0,10,50.5,0.0,0,337.5,0.0,0.0,0.0,0.0,0.0,7
2023-05-10 21:16:20,l2311-P-7800,l2311-P-7800,337.5,0.0,0.0,0.0,1,51.0,0.0,0,337.5,0.0,0.0,0.0,0.0,0.0,7
2023-05-10 21:16:20,l2311-P-7800,l2311-P-7800,337.5,0.0,0.0,0.0,10,51.5,0.0,0,337.5,0.0,0.0,0.0,0.0,0.0,7
2023-05-10 21:16:21,l2311-P-7800,l2311-P-7800,337.5,0.0,0.0,0.0,1,52.0,0.0,0,337.5,0.0,0.0,0.0,0.0,0.0,7
2023-05-10 21:16:21,l2311-P-7800,l2311-P-7800,337.5,0.0,0.0,0.0,10,52.5,0.0,0,337.5,0.0,0.0,0.0,0.0,0.0,7
2023-05-10 21:16:23,l2311-P-7800,l2311-P-7800,337.5,0.0,0.0,0.0,1,53.0,0.0,0,337.5,0.0,0.0,0.0,0.0,0.0,7
2023-05-10 21:16:23,l2311-P-7800,l2311-P-7800,337.5,0.0,0.0,0.0,10,53.5,0.0,0,337.5,0.0,0.0,0.0,0.0,0.0,7
2023-05-10 21:16:25,l2311-P-7800,l2311-P-7800,337.5,0.0,0.0,0.0,1,54.0,0.0,0,337.5,0.0,0.0,0.0,0.0,0.0,7
2023-05-10 21:16:25,l2311-P-7800,l2311-P-7800,337.5,0.0,0.0,0.0,10,54.5,0.0,0,337.5,0.0,0.0,0.0,0.0,0.0,7
2023-05-10 21:16:27,l2311-P-7800,l2311-P-7800,337.5,0.0,0.0,0.0,1,55.0,0.0,0,337.5,0.0,0.0,0.0,0.0,0.0,7
2023-05-10 21:16:27,l2311-P-7800,l2311-P-7800,337.5,0.0,0.0,0.0,10,55.5,0.0,0,337.5,0.0,0.0,0.0,0.0,0.0,7
2023-05-10 21:16:29,l2311-P-7800,l2311-P-7800,337.5,0.0,0.0,0.0,1,56.0,0.0,0,337.5,0.0,0.0,0.0,0.0,0.0,7
2023-05-10 21:16:29,l2311-P-7800,l2311-P-7800,337.5,0.0,0.0,0.0,10,56.5,0.0,0,337.5,0.0,0.0,0.0,0.0,0.0,7
2023-05-10 21:16:30,l2311-P-7800,l2311-P-7800,337.5,0.0,0.0,0.0,1,57.0,0.0,0,337.5,0.0,0.0,0.0,0.0,0.0,7
2023-05-10 21:16:30,l2311-P-7800,l2311-P-7800,337.5,0.0,0.0,0.0,10,57.5,0.0,0,337.5,0.0,0.0,0.0,0.0,0.0,7
2023-05-10 21:16:31,l2311-P-7800,l2311-P-7800,337.5,0.0,0.0,0.0,1,58.0,0.0,0,337.5,0.0,0.0,0.0,0.0,0.0,7
2023-05-10 21:16:31,l2311-P-7800,l2311-P-7800,337.5,0.0,0.0,0.0,10,58.5,0.0,0,337.5,0.0,0.0,0.0,0.0,0.0,7
2023-05-10 21:16:32,l2311-P-7800,l2311-P-7800,337.5,0.0,0.0,0.0,1,59.0,0.0,0,337.5,0.0,0.0,0.0,0.0,0.0,7
2023-05-10 21:16:32,l2311-P-7800,l2311-P-7800,337.5,0.0,0.0,0.0,10,59.5,0.0,0,337.5,0.0,0.0,0.0,0.0,0.0,7
2023-05-10 21:16:33,l2311-P-7800,l2311-P-7800,337.5,0.0,0.0,0.0,1,60.0,0.0,0,337.5,0.0,0.0,0.0,0.0,0.0,7
2023-05-10 21:16:33,l2311-P-7800,l2311-P-7800,337.5,0.0,0.0,0.0,10,60.5,0.0,0,337.5,0.0,0.0,0.0,0.0,0.0,7
2023-05-10 21:16:34,l2311-P-7800,l2311-P-7800,337.5,0.0,0.0,0.0,1,61.0,0.0,0,337.5,0.0,0.0,0.0,0.0,0.0,7
2023-05-10 21:16:34,l2311-P-7800,l2311-P-7800,337.5,0.0,0.0,0.0,10,61.5,0.0,0,337.5,0.0,0.0,0.0,0.0,0.0,7
2023-05-10 21:16:35,l2311-P-7800,l2311-P-7800,337.5,0.0,0.0,0.0,1,62.0,0.0,0,337.5,0.0,0.0,0.0,0.0,0.0,7
2023-05-10 21:16:35,l2311-P-7800,l2311-P-7800,337.5,0.0,0.0,0.0,10,62.5,0.0,0,337.5,0.0,0.0,0.0,0.0,0.0,7
2023-05-10 21:16:36,l2311-P-7800,l2311-P-7800,337.5,0.0,0.0,0.0,1,63.0,0.0,0,337.5,0.0,0.0,0.0,0.0,0.0,7
2023-05-10 21:16:36,l2311-P-7800,l2311-P-7800,337.5,0.0,0.0,0.0,10,63.5,0.0,0,337.5,0.0,0.0,0.0,0.0,0.0,7
2023-05-10 21:16:37,l2311-P-7800,l2311-P-7800,337.5,0.0,0.0,0.0,1,64.0,0.0,0,337.5,0.0,0.0,0.0,0.0,0.0,7
2023-05-10 21:16:37,l2311-P-7800,l2311-P-7800,337.5,0.0,0.0,0.0,10,64.5,0.0,0,337.5,0.0,0.0,0.0,0.0,0.0,7
2023-05-10 21:16:38,l2311-P-7800,l2311-P-7800,337.5,0.0,0.0,0.0,1,65.0,0.0,0,337.5,0.0,0.0,0.0,0.0,0.0,7
2023-05-10 21:16:38,l2311-P-7800,l2311-P-7800,337.5,0.0,0.0,0.0,10,65.5,0.0,0,337.5,0.0,0.0,0.0,0.0,0.0,7
2023-05-10 21:16:39,l2311-P-7800,l2311-P-7800,337.5,0.0,0.0,0.0,1,66.0,0.0,0,337.5,0.0,0.0,0.0,0.0,0.0,7
2023-05-10 21:16:39,l2311-P-7800,l2311-P-7800,337.5,0.0,0.0,0.0,10,66.5,0.0,0,337.5,0.0,0.0,0.0,0.0,0.0,7
2023-05-10 21:16:41,l2311-P-7800,l2311-P-7800,337.5,0.0,0.0,0.0,1,67.0,0.0,0,337.5,0.0,0.0,0.0,0.0,0.0,7
2023-05-10 21:16:41,l2311-P-7800,l2311-P-7800,337.5,0.0,0.0,0.0,10,67.5,0.0,0,337.5,0.0,0.0,0.0,0.0,0.0,7
2023-05-10 21:16:42,l2311-P-7800,l2311-P-7800,337.5,0.0,0.0,0.0,1,68.0,0.0,0,337.5,0.0,0.0,0.0,0.0,0.0,7
2023-05-10 21:16:42,l2311-P-7800,l2311-P-7800,337.5,0.0,0.0,0.0,10,68.5,0.0,0,337.5,0.0,0.0,0.0,0.0,0.0,7
2023-05-10 21:16:43,l2311-P-7800,l2311-P-7800,337.5,0.0,0.0,0.0,1,69.0,0.0,0,337.5,0.0,0.0,0.0,0.0,0.0,7
2023-05-10 21:16:43,l2311-P-7800,l2311-P-7800,337.5,0.0,0.0,0.0,10,69.5,0.0,0,337.5,0.0,0.0,0.0,0.0,0.0,7
2023-05-10 21:16:44,l2311-P-7800,l2311-P-7800,337.5,0.0,0.0,0.0,1,70.0,0.0,0,337.5,0.0,0.0,0.0,0.0,0.0,7
2023-05-10 21:16:44,l2311-P-7800,l2311-P-7800,337.5,0.0,0.0,0.0,10,70.5,0.0,0,337.5,0.0,0.0,0.0,0.0,0.0,7
2023-05-10 21:16:45,l2311-P-7800,l2311-P-7800,337.5,0.0,0.0,0.0,1,71.0,0.0,0,337.5,0.0,0.0,0.0,0.0,0.0,7
2023-05-10 21:16:45,l2311-P-7800,l2311-P-7800,337.5,0.0,0.0,0.0,10,71.5,0.0,0,337.5,0.0,0.0,0.0,0.0,0.0,7
2023-05-10 21:16:46,l2311-P-7800,l2311-P-7800,337.5,0.0,0.0,0.0,1,72.0,0.0,0,337.5,0.0,0.0,0.0,0.0,0.0,7
2023-05-10 21:16:46,l2311-P-7800,l2311-P-7800,337.5,0.0,0.0,0.0,10,72.5,0.0,0,337.5,0.0,0.0,0.0,0.0,0.0,7
2023-05-10 21:16:47,l2311-P-7800,l2311-P-7800,337.5,0.0,0.0,0.0,1,73.0,0.0,0,337.5,0.0,0.0,0.0,0.0,0.0,7
2023-05-10 21:16:47,l2311-P-7800,l2311-P-7800,337.5,0.0,0.0,0.0,10,73.5,0.0,0,337.5,0.0,0.0,0.0,0.0,0.0,7
2023-05-10 21:16:49,l2311-P-7800,l2311-P-7800,337.5,0.0,0.0,0.0,1,74.0,0.0,0,337.5,0.0,0.0,0.0,0.0,0.0,7
2023-05-10 21:16:49,l2311-P-7800,l2311-P-7800,337.5,0.0,0.0,0.0,10,74.5,0.0,0,337.5,0.0,0.0,0.0,0.0,0.0,7
2023-05-10 21:16:50,l2311-P-7800,l2311-P-7800,337.5,0.0,0.0,0.0,1,75.0,0.0,0,337.5,0.0,0.0,0.0,0.0,0.0,7
2023-05-10 21:16:50,l2311-P-7800,l2311-P-7800,337.5,0.0,0.0,0.0,10,75.5,0.0,0,337.5,0.0,0.0,0.0,0.0,0.0,7
2023-05-10 21:16:51,l2311-P-7800,l2311-P-7800,337.5,0.0,0.0,0.0,1,76.0,0.0,0,337.5,0.0,0.0,0.0,0.0,0.0,7
2023-05-10 21:16:51,l2311-P-7800,l2311-P-7800,337.5,0.0,0.0,0.0,10,76.5,0.0,0,337.5,0.0,0.0,0.0,0.0,0.0,7
2023-05-10 21:16:52,l2311-P-7800,l2311-P-7800,337.5,0.0,0.0,0.0,1,77.0,0.0,0,337.5,0.0,0.0,0.0,0.0,0.0,7
2023-05-10 21:16:52,l2311-P-7800,l2311-P-7800,337.5,0.0,0.0,0.0,10,77.5,0.0,0,337.5,0.0,0.0,0.0,0.0,0.0,7
2023-05-10 21:16:54,l2311-P-7800,l2311-P-7800,337.5,0.0,0.0,0.0,1,78.0,0.0,0,337.5,0.0,0.0,0.0,0.0,0.0,7
2023-05-10 21:16:54,l2311-P-7800,l2311-P-7800,337.5,0.0,0.0,0.0,10,78.5,0.0,0,337.5,0.0,0.0,0.0,0.0,0.0,7
2023-05-10 21:16:55,l2311-P-7800,l2311-P-7800,337.5,0.0,0.0,0.0,1,79.0,0.0,0,337.5,0.0,0.0,0.0,0.0,0.0,7
2023-05-10 21:16:55,l2311-P-7800,l2311-P-7800,337.5,0.0,0.0,0.0,10,79.5,0.0,0,337.5,0.0,0.0,0.0,0.0,0.0,7
2023-05-10 21:16:57,l2311-P-7800,l2311-P-7800,337.5,0.0,0.0,0.0,1,80.0,0.0,0,337.5,0.0,0.0,0.0,0.0,0.0,7
2023-05-10 21:16:57,l2311-P-7800,l2311-P-7800,337.5,0.0,0.0,0.0,10,80.5,0.0,0,337.5,0.0,0.0,0.0,0.0,0.0,7
2023-05-10 21:16:58,l2311-P-7800,l2311-P-7800,337.5,0.0,0.0,0.0,1,81.0,0.0,0,337.5,0.0,0.0,0.0,0.0,0.0,7
2023-05-10 21:16:58,l2311-P-7800,l2311-P-7800,337.5,0.0,0.0,0.0,10,81.5,0.0,0,337.5,0.0,0.0,0.0,0.0,0.0,7
2023-05-10 21:16:59,l2311-P-7800,l2311-P-7800,337.5,0.0,0.0,0.0,1,82.0,0.0,0,337.5,0.0,0.0,0.0,0.0,0.0,7
2023-05-10 21:16:59,l2311-P-7800,l2311-P-7800,337.5,0.0,0.0,0.0,10,82.5,0.0,0,337.5,0.0,0.0,0.0,0.0,0.0,7
2023-05-10 21:17:00,l2311-P-7800,l2311-P-7800,337.5,0.0,0.0,0.0,1,83.0,0.0,0,337.5,0.0,0.0,0.0,0.0,0.0,7
2023-05-10 21:17:00,l2311-P-7800,l2311-P-7800,337.5,0.0,0.0,0.0,10,83.5,0.0,0,337.5,0.0,0.0,0.0,0.0,0.0,7
2023-05-10 21:17:01,l2311-P-7800,l2311-P-7800,337.5,0.0,0.0,0.0,1,84.0,0.0,0,337.5,0.0,0.0,0.0,0.0,0.0,7
2023-05-10 21:17:01,l2311-P-7800,l2311-P-7800,337.5,0.0,0.0,0.0,10,84.5,0.0,0,337.5,0.0,0.0,0.0,0.0,0.0,7
2023-05-10 21:17:02,l2311-P-7800,l2311-P-7800,337.5,0.0,0.0,0.0,1,85.0,0.0,0,337.5,0.0,0.0,0.0,0.0,0.0,7
2023-05-10 21:17:02,l2311-P-7800,l2311-P-7800,337.5,0.0,0.0,0.0,10,85.5,0.0,0,337.5,0.0,0.0,0.0,0.0,0.0,7
2023-05-10 21:17:03,l2311-P-7800,l2311-P-7800,337.5,0.0,0.0,0.0,1,86.0,0.0,0,337.5,0.0,0.0,0.0,0.0,0.0,7
2023-05-10 21:17:03,l2311-P-7800,l2311-P-7800,337.5,0.0,0.0,0.0,10,86.5,0.0,0,337.5,0.0,0.0,0.0,0.0,0.0,7
2023-05-10 21:17:05,l2311-P-7800,l2311-P-7800,337.5,0.0,0.0,0.0,1,87.0,0.0,0,337.5,0.0,0.0,0.0,0.0,0.0,7
2023-05-10 21:17:05,l2311-P-7800,l2311-P-7800,337.5,0.0,0.0,0.0,10,87.5,0.0,0,337.5,0.0,0.0,0.0,0.0,0.0,7
2023-05-10 21:17:06,l2311-P-7800,l2311-P-7800,337.5,0.0,0.0,0.0,1,88.0,0.0,0,337.5,0.0,0.0,0.0,0.0,0.0,7
2023-05-10 21:17:06,l2311-P-7800,l2311-P-7800,337.5,0.0,0.0,0.0,10,88.5,0.0,0,337.5,0.0,0.0,0.0,0.0,0.0,7
2023-05-10 21:17:08,l2311-P-7800,l2311-P-7800,337.5,0.0,0.0,0.0,1,89.0,0.0,0,337.5,0.0,0.0,0.0,0.0,0.0,7
2023-05-10 21:17:08,l2311-P-7800,l2311-P-7800,337.5,0.0,0.0,0.0,10,89.5,0.0,0,337.5,0.0,0.0,0.0,0.0,0.0,7
2023-05-10 21:17:09,l2311-P-7800,l2311-P-7800,337.5,0.0,0.0,0.0,1,90.0,0.0,0,337.5,0.0,0.0,0.0,0.0,0.0,7
2023-05-10 21:17:09,l2311-P-7800,l2311-P-7800,337.5,0.0,0.0,0.0,10,90.5,0.0,0,337.5,0.0,0.0,0.0,0.0,0.0,7
2023-05-10 21:17:11,l2311-P-7800,l2311-P-7800,337.5,0.0,0.0,0.0,1,91.0,0.0,0,337.5,0.0,0.0,0.0,0.0,0.0,7
2023-05-10 21:17:11,l2311-P-7800,l2311-P-7800,337.5,0.0,0.0,0.0,10,91.5,0.0,0,337.5,0.0,0.0,0.0,0.0,0.0,7
2023-05-10 21:17:12,l2311-P-7800,l2311-P-7800,337.5,0.0,0.0,0.0,1,92.0,0.0,0,337.5,0.0,0.0,0.0,0.0,0.0,7
2023-05-10 21:17:12,l2311-P-7800,l2311-P-7800,337.5,0.0,0.0,0.0,10,92.5,0.0,0,337.5,0.0,0.0,0.0,0.0,0.0,7
2023-05-10 21:17:13,l2311-P-7800,l2311-P-7800,337.5,0.0,0.0,0.0,1,93.0,0.0,0,337.5,0.0,0.0,0.0,0.0,0.0,7
2023-05-10 21:17:13,l2311-P-7800,l2311-P-7800,337.5,0.0,0.0,0.0,10,93.5,0.0,0,337.5,0.0,0.0,0.0,0.0,0.0,7
2023-05-10 21:17:14,l2311-P-7800,l2311-P-7800,337.5,0.0,0.0,0.0,1,94.0,0.0,0,337.5,0.0,0.0,0.0,0.0,0.0,7
2023-05-10 21:17:14,l2311-P-7800,l2311-P-7800,337.5,0.0,0.0,0.0,10,94.5,0.0,0,337.5,0.0,0.0,0.0,0.0,0.0,7
2023-05-10 21:17:16,l2311-P-7800,l2311-P-7800,337.5,0.0,0.0,0.0,1,95.0,0.0,0,337.5,0.0,0.0,0.0,0.0,0.0,7
2023-05-10 21:17:16,l2311-P-7800,l2311-P-7800,337.5,0.0,0.0,0.0,10,95.5,0.0,0,337.5,0.0,0.0,0.0,0.0,0.0,7
2023-05-10 21:17:17,l2311-P-7800,l2311-P-7800,337.5,0.0,0.0,0.0,1,96.0,0.0,0,337.5,0.0,0.0,0.0,0.0,0.0,7
2023-05-10 21:17:17,l2311-P-7800,l2311-P-7800,337.5,0.0,0.0,0.0,10,96.5,0.0,0,337.5,0.0,0.0,0.0,0.0,0.0,7
2023-05-10 21:17:18,l2311-P-7800,l2311-P-7800,337.5,0.0,0.0,0.0,1,97.0,0.0,0,337.5,0.0,0.0,0.0,0.0,0.0,7
2023-05-10 21:17:18,l2311-P-7800,l2311-P-7800,337.5,0.0,0.0,0.0,10,97.5,0.0,0,337.5,0.0,0.0,0.0,0.0,0.0,7
2023-05-10 21:17:19,l2311-P-7800,l2311-P-7800,337.5,0.0,0.0,0.0,1,98.0,0.0,0,337.5,0.0,0.0,0.0,0.0,0.0,7
2023-05-10 21:17:19,l2311-P-7800,l2311-P-7800,337.5,0.0,0.0,0.0,10,98.5,0.0,0,337.5,0.0,0.0,0.0,0.0,0.0,7
2023-05-10 21:17:20,l2311-P-7800,l2311-P-7800,337.5,0.0,0.0,0.0,1,99.0,0.0,0,337.5,0.0,0.0,0.0,0.0,0.0,7
2023-05-10 21:17:21,l2311-P-7800,l2311-P-7800,337.5,0.0,0.0,0.0,10,99.5,0.0,0,337.5,0.0,0.0,0.0,0.0,0.0,7
2023-05-10 21:17:23,l2311-P-7800,l2311-P-7800,337.5,0.0,0.0,0.0,1,100.0,0.0,0,337.5,0.0,0.0,0.0,0.0,0.0,7
2023-05-10 21:17:23,l2311-P-7800,l2311-P-7800,337.5,0.0,0.0,0.0,10,100.5,0.0,0,337.5,0.0,0.0,0.0,0.0,0.0,7
2023-05-10 21:17:24,l2311-P-7800,l2311-P-7800,337.5,0.0,0.0,0.0,1,101.0,0.0,0,337.5,0.0,0.0,0.0,0.0,0.0,7
2023-05-10 21:17:24,l2311-P-7800,l2311-P-7800,337.5,0.0,0.0,0.0,10,101.5,0.0,0,337.5,0.0,0.0,0.0,0.0,0.0,7
2023-05-10 21:17:25,l2311-P-7800,l2311-P-7800,337.5,0.0,0.0,0.0,1,102.0,0.0,0,337.5,0.0,0.0,0.0,0.0,0.0,7
2023-05-10 21:17:25,l2311-P-7800,l2311-P-7800,337.5,0.0,0.0,0.0,10,102.5,0.0,0,337.5,0.0,0.0,0.0,0.0,0.0,7
2023-05-10 21:17:26,l2311-P-7800,l2311-P-7800,337.5,0.0,0.0,0.0,1,103.0,0.0,0,337.5,0.0,0.0,0.0,0.0,0.0,7
2023-05-10 21:17:26,l2311-P-7800,l2311-P-7800,337.5,0.0,0.0,0.0,10,103.5,0.0,0,337.5,0.0,0.0,0.0,0.0,0.0,7
2023-05-10 21:17:27,l2311-P-7800,l2311-P-7800,337.5,0.0,0.0,0.0,1,104.0,0.0,0,337.5,0.0,0.0,0.0,0.0,0.0,7
2023-05-10 21:17:27,l2311-P-7800,l2311-P-7800,337.5,0.0,0.0,0.0,10,104.5,0.0,0,337.5,0.0,0.0,0.0,0.0,0.0,7
2023-05-10 21:17:28,l2311-P-7800,l2311-P-7800,337.5,0.0,0.0,0.0,1,105.0,0.0,0,337.5,0.0,0.0,0.0,0.0,0.0,7
2023-05-10 21:17:28,l2311-P-7800,l2311-P-7800,337.5,0.0,0.0,0.0,10,105.5,0.0,0,337.5,0.0,0.0,0.0,0.0,0.0,7
2023-05-10 21:17:29,l2311-P-7800,l2311-P-7800,337.5,0.0,0.0,0.0,1,106.0,0.0,0,337.5,0.0,0.0,0.0,0.0,0.0,7
2023-05-10 21:17:29,l2311-P-7800,l2311-P-7800,337.5,0.0,0.0,0.0,10,106.5,0.0,0,337.5,0.0,0.0,0.0,0.0,0.0,7
2023-05-10 21:17:30,l2311-P-7800,l2311-P-7800,337.5,0.0,0.0,0.0,1,107.0,0.0,0,337.5,0.0,0.0,0.0,0.0,0.0,7
2023-05-10 21:17:30,l2311-P-7800,l2311-P-7800,337.5,0.0,0.0,0.0,10,107.5,0.0,0,337.5,0.0,0.0,0.0,0.0,0.0,7
2023-05-10 21:17:31,l2311-P-7800,l2311-P-7800,337.5,0.0,0.0,0.0,1,108.0,0.0,0,337.5,0.0,0.0,0.0,0.0,0.0,7
2023-05-10 21:17:31,l2311-P-7800,l2311-P-7800,337.5,0.0,0.0,0.0,10,108.5,0.0,0,337.5,0.0,0.0,0.0,0.0,0.0,7
2023-05-10 21:17:32,l2311-P-7800,l2311-P-7800,337.5,0.0,0.0,0.0,1,109.0,0.0,0,337.5,0.0,0.0,0.0,0.0,0.0,7
2023-05-10 21:17:32,l2311-P-7800,l2311-P-7800,337.5,0.0,0.0,0.0,10,109.5,0.0,0,337.5,0.0,0.0,0.0,0.0,0.0,7
2023-05-10 21:17:33,l2311-P-7800,l2311-P-7800,337.5,0.0,0.0,0.0,1,110.0,0.0,0,337.5,0.0,0.0,0.0,0.0,0.0,7
2023-05-10 21:17:33,l2311-P-7800,l2311-P-7800,337.5,0.0,0.0,0.0,10,110.5,0.0,0,337.5,0.0,0.0,0.0,0.0,0.0,7
2023-05-10 21:17:34,l2311-P-7800,l2311-P-7800,337.5,0.0,0.0,0.0,1,111.0,0.0,0,337.5,0.0,0.0,0.0,0.0,0.0,7
2023-05-10 21:17:34,l2311-P-7800,l2311-P-7800,337.5,0.0,0.0,0.0,10,111.5,0.0,0,337.5,0.0,0.0,0.0,0.0,0.0,7
2023-05-10 21:17:35,l2311-P-7800,l2311-P-7800,337.5,0.0,0.0,0.0,1,112.0,0.0,0,337.5,0.0,0.0,0.0,0.0,0.0,7
2023-05-10 21:17:35,l2311-P-7800,l2311-P-7800,337.5,0.0,0.0,0.0,10,112.5,0.0,0,337.5,0.0,0.0,0.0,0.0,0.0,7
2023-05-10 21:17:36,l2311-P-7800,l2311-P-7800,337.5,0.0,0.0,0.0,1,113.0,0.0,0,337.5,0.0,0.0,0.0,0.0,0.0,7
2023-05-10 21:17:36,l2311-P-7800,l2311-P-7800,337.5,0.0,0.0,0.0,10,113.5,0.0,0,337.5,0.0,0.0,0.0,0.0,0.0,7
2023-05-10 21:17:37,l2311-P-7800,l2311-P-7800,337.5,0.0,0.0,0.0,1,114.0,0.0,0,337.5,0.0,0.0,0.0,0.0,0.0,7
2023-05-10 21:17:37,l2311-P-7800,l2311-P-7800,337.5,0.0,0.0,0.0,10,114.5,0.0,0,337.5,0.0,0.0,0.0,0.0,0.0,7
2023-05-10 21:17:38,l2311-P-7800,l2311-P-7800,337.5,0.0,0.0,0.0,1,115.0,0.0,0,337.5,0.0,0.0,0.0,0.0,0.0,7
2023-05-10 21:17:38,l2311-P-7800,l2311-P-7800,337.5,0.0,0.0,0.0,10,115.5,0.0,0,337.5,0.0,0.0,0.0,0.0,0.0,7
2023-05-10 21:17:39,l2311-P-7800,l2311-P-7800,337.5,0.0,0.0,0.0,1,116.0,0.0,0,337.5,0.0,0.0,0.0,0.0,0.0,7
2023-05-10 21:17:39,l2311-P-7800,l2311-P-7800,337.5,0.0,0.0,0.0,10,116.5,0.0,0,337.5,0.0,0.0,0.0,0.0,0.0,7
2023-05-10 21:17:40,l2311-P-7800,l2311-P-7800,337.5,0.0,0.0,0.0,1,117.0,0.0,0,337.5,0.0,0.0,0.0,0.0,0.0,7
2023-05-10 21:17:40,l2311-P-7800,l2311-P-7800,337.5,0.0,0.0,0.0,10,117.5,0.0,0,337.5,0.0,0.0,0.0,0.0,0.0,7
2023-05-10 21:17:41,l2311-P-7800,l2311-P-7800,337.5,0.0,0.0,0.0,1,118.0,0.0,0,337.5,0.0,0.0,0.0,0.0,0.0,7
2023-05-10 21:17:41,l2311-P-7800,l2311-P-7800,337.5,0.0,0.0,0.0,10,118.5,0.0,0,337.5,0.0,0.0,0.0,0.0,0.0,7
2023-05-10 21:17:42,l2311-P-7800,l2311-P-7800,337.5,0.0,0.0,0.0,1,119.0,0.0,0,337.5,0.0,0.0,0.0,0.0,0.0,7
2023-05-10 21:17:42,l2311-P-7800,l2311-P-7800,337.5,0.0,0.0,0.0,10,119.5,0.0,0,337.5,0.0,0.0,0.0,0.0,0.0,7
2023-05-10 21:17:43,l2311-P-7800,l2311-P-7800,337.5,0.0,0.0,0.0,1,120.0,0.0,0,337.5,0.0,0.0,0.0,0.0,0.0,7
2023-05-10 21:17:43,l2311-P-7800,l2311-P-7800,337.5,0.0,0.0,0.0,10,120.5,0.0,0,337.5,0.0,0.0,0.0,0.0,0.0,7
2023-05-10 21:17:44,l2311-P-7800,l2311-P-7800,337.5,0.0,0.0,0.0,1,121.0,0.0,0,337.5,0.0,0.0,0.0,0.0,0.0,7
2023-05-10 21:17:44,l2311-P-7800,l2311-P-7800,337.5,0.0,0.0,0.0,10,121.5,0.0,0,337.5,0.0,0.0,0.0,0.0,0.0,7
2023-05-10 21:17:45,l2311-P-7800,l2311-P-7800,337.5,0.0,0.0,0.0,1,122.0,0.0,0,337.5,0.0,0.0,0.0,0.0,0.0,7
2023-05-10 21:17:45,l2311-P-7800,l2311-P-7800,337.5,0.0,0.0,0.0,10,122.5,0.0,0,337.5,0.0,0.0,0.0,0.0,0.0,7
2023-05-10 21:17:46,l2311-P-7800,l2311-P-7800,337.5,0.0,0.0,0.0,1,123.0,0.0,0,337.5,0.0,0.0,0.0,0.0,0.0,7
2023-05-10 21:17:46,l2311-P-7800,l2311-P-7800,337.5,0.0,0.0,0.0,10,123.5,0.0,0,337.5,0.0,0.0,0.0,0.0,0.0,7
2023-05-10 21:17:47,l2311-P-7800,l2311-P-7800,337.5,0.0,0.0,0.0,1,124.0,0.0,0,337.5,0.0,0.0,0.0,0.0,0.0,7
2023-05-10 21:17:47,l2311-P-7800,l2311-P-7800,337.5,0.0,0.0,0.0,10,124.5,0.0,0,337.5,0.0,0.0,0.0,0.0,0.0,7
2023-05-10 21:17:48,l2311-P-7800,l2311-P-7800,337.5,0.0,0.0,0.0,1,125.0,0.0,0,337.5,0.0,0.0,0.0,0.0,0.0,7
2023-05-10 21:17:48,l2311-P-7800,l2311-P-7800,337.5,0.0,0.0,0.0,10,125.5,0.0,0,337.5,0.0,0.0,0.0,0.0,0.0,7
2023-05-10 21:17:49,l2311-P-7800,l2311-P-7800,337.5,0.0,0.0,0.0,1,126.0,0.0,0,337.5,0.0,0.0,0.0,0.0,0.0,7
2023-05-10 21:17:49,l2311-P-7800,l2311-P-7800,337.5,0.0,0.0,0.0,10,126.5,0.0,0,337.5,0.0,0.0,0.0,0.0,0.0,7
2023-05-10 21:17:50,l2311-P-7800,l2311-P-7800,337.5,0.0,0.0,0.0,1,127.0,0.0,0,337.5,0.0,0.0,0.0,0.0,0.0,7
2023-05-10 21:17:50,l2311-P-7800,l2311-P-7800,337.5,0.0,0.0,0.0,10,127.5,0.0,0,337.5,0.0,0.0,0.0,0.0,0.0,7
2023-05-10 21:17:52,l2311-P-7800,l2311-P-7800,337.5,0.0,0.0,0.0,1,128.0,0.0,0,337.5,0.0,0.0,0.0,0.0,0.0,7
2023-05-10 21:17:52,l2311-P-7800,l2311-P-7800,337.5,0.0,0.0,0.0,10,128.5,0.0,0,337.5,0.0,0.0,0.0,0.0,0.0,7
2023-05-10 21:17:53,l2311-P-7800,l2311-P-7800,337.5,0.0,0.0,0.0,1,129.0,0.0,0,337.5,0.0,0.0,0.0,0.0,0.0,7
2023-05-10 21:17:53,l2311-P-7800,l2311-P-7800,337.5,0.0,0.0,0.0,10,129.5,0.0,0,337.5,0.0,0.0,0.0,0.0,0.0,7
2023-05-10 21:17:54,l2311-P-7800,l2311-P-7800,337.5,0.0,0.0,0.0,1,130.0,0.0,0,337.5,0.0,0.0,0.0,0.0,0.0,7
2023-05-10 21:17:54,l2311-P-7800,l2311-P-7800,337.5,0.0,0.0,0.0,10,130.5,0.0,0,337.5,0.0,0.0,0.0,0.0,0.0,7
2023-05-10 21:17:55,l2311-P-7800,l2311-P-7800,337.5,0.0,0.0,0.0,1,131.0,0.0,0,337.5,0.0,0.0,0.0,0.0,0.0,7
2023-05-10 21:17:55,l2311-P-7800,l2311-P-7800,337.5,0.0,0.0,0.0,10,131.5,0.0,0,337.5,0.0,0.0,0.0,0.0,0.0,7
2023-05-10 21:31:37,l2311-P-7800,l2311-P-7800,337.5,0.0,0.0,0.0,1,132.0,0.0,0,337.5,0.0,0.0,0.0,0.0,0.0,7
2023-05-10 21:31:37,l2311-P-7800,l2311-P-7800,337.5,0.0,0.0,0.0,10,132.5,0.0,0,337.5,0.0,0.0,0.0,0.0,0.0,7
2023-05-10 22:01:37,l2311-P-7800,l2311-P-7800,337.5,0.0,0.0,0.0,1,133.0,0.0,0,337.5,0.0,0.0,0.0,0.0,0.0,7
2023-05-10 22:01:37,l2311-P-7800,l2311-P-7800,337.5,0.0,0.0,0.0,10,133.5,0.0,0,337.5,0.0,0.0,0.0,0.0,0.0,7
2023-05-10 22:50:18,l2311-P-7800,l2311-P-7800,337.5,0.0,0.0,0.0,1,134.0,0.0,0,337.5,0.0,0.0,0.0,0.0,0.0,7
2023-05-10 22:50:18,l2311-P-7800,l2311-P-7800,337.5,0.0,0.0,0.0,10,134.5,0.0,0,337.5,0.0,0.0,0.0,0.0,0.0,7
2023-05-10 22:57:32,l2311-P-7800,l2311-P-7800,337.5,0.0,0.0,0.0,1,134.0,0.0,0,337.5,0.0,0.0,0.0,0.0,0.0,7
2023-05-10 22:57:34,l2311-P-7800,l2311-P-7800,337.5,0.0,0.0,0.0,1,21.0,0.0,0,337.5,0.0,0.0,0.0,0.0,0.0,7
2023-05-10 22:59:04,l2311-P-7800,l2311-P-7800,337.5,0.0,0.0,0.0,1,2.5,0.0,0,337.5,0.0,0.0,0.0,0.0,0.0,7
2023-05-11 09:00:16,l2311-P-7800,l2311-P-7800,337.5,0.0,0.0,0.0,10,3.0,0.0,0,337.5,0.0,0.0,0.0,0.0,0.0,7
2023-05-11 09:00:28,l2311-P-7800,l2311-P-7800,337.5,0.0,0.0,0.0,1,3.5,0.0,0,337.5,0.0,0.0,0.0,0.0,0.0,7
2023-05-11 09:00:28,l2311-P-7800,l2311-P-7800,337.5,0.0,0.0,0.0,10,4.0,0.0,0,337.5,0.0,0.0,0.0,0.0,0.0,7
2023-05-11 09:00:31,l2311-P-7800,l2311-P-7800,337.5,0.0,0.0,0.0,1,4.5,0.0,0,337.5,0.0,0.0,0.0,0.0,0.0,7
2023-05-11 09:00:31,l2311-P-7800,l2311-P-7800,337.5,0.0,0.0,0.0,10,5.0,0.0,0,337.5,0.0,0.0,0.0,0.0,0.0,7
2023-05-11 09:00:39,l2311-P-7800,l2311-P-7800,337.5,0.0,0.0,0.0,1,5.5,0.0,0,337.5,0.0,0.0,0.0,0.0,0.0,7
2023-05-11 09:00:39,l2311-P-7800,l2311-P-7800,337.5,0.0,0.0,0.0,10,6.0,0.0,0,337.5,0.0,0.0,0.0,0.0,0.0,7
2023-05-11 09:00:42,l2311-P-7800,l2311-P-7800,337.5,0.0,0.0,0.0,1,6.5,0.0,0,337.5,0.0,0.0,0.0,0.0,0.0,7
2023-05-11 09:00:42,l2311-P-7800,l2311-P-7800,337.5,0.0,0.0,0.0,10,7.0,0.0,0,337.5,0.0,0.0,0.0,0.0,0.0,7
2023-05-11 09:00:46,l2311-P-7800,l2311-P-7800,337.5,0.0,0.0,0.0,1,7.5,0.0,0,337.5,0.0,0.0,0.0,0.0,0.0,7
2023-05-11 09:00:46,l2311-P-7800,l2311-P-7800,337.5,0.0,0.0,0.0,10,8.0,0.0,0,337.5,0.0,0.0,0.0,0.0,0.0,7
2023-05-11 09:00:48,l2311-P-7800,l2311-P-7800,337.5,0.0,0.0,0.0,1,8.5,0.0,0,337.5,0.0,0.0,0.0,0.0,0.0,7
2023-05-11 09:00:48,l2311-P-7800,l2311-P-7800,337.5,0.0,0.0,0.0,10,9.0,0.0,0,337.5,0.0,0.0,0.0,0.0,0.0,7
2023-05-11 09:00:51,l2311-P-7800,l2311-P-7800,337.5,0.0,0.0,0.0,1,9.5,0.0,0,337.5,0.0,0.0,0.0,0.0,0.0,7
2023-05-11 09:00:51,l2311-P-7800,l2311-P-7800,337.5,0.0,0.0,0.0,10,10.0,0.0,0,337.5,0.0,0.0,0.0,0.0,0.0,7
2023-05-11 09:00:52,l2311-P-7800,l2311-P-7800,337.5,0.0,0.0,0.0,1,10.5,0.0,0,337.5,0.0,0.0,0.0,0.0,0.0,7
2023-05-11 09:00:52,l2311-P-7800,l2311-P-7800,337.5,0.0,0.0,0.0,1,38.0,0.0,0,337.5,0.0,0.0,0.0,0.0,0.0,7
2023-05-11 09:00:52,l2311-P-7800,l2311-P-7800,337.5,0.0,0.0,0.0,10,38.5,0.0,0,337.5,0.0,0.0,0.0,0.0,0.0,7
2023-05-11 09:02:20,l2311-P-7800,l2311-P-7800,337.5,0.0,0.0,0.0,1,39.0,0.0,0,337.5,0.0,0.0,0.0,0.0,0.0,7
2023-05-11 09:02:20,l2311-P-7800,l2311-P-7800,337.5,0.0,0.0,0.0,10,39.5,0.0,0,337.5,0.0,0.0,0.0,0.0,0.0,7
2023-05-11 09:06:17,l2311-P-7800,l2311-P-7800,337.5,0.0,0.0,0.0,1,40.0,0.0,0,337.5,0.0,0.0,0.0,0.0,0.0,7
2023-05-11 09:06:17,l2311-P-7800,l2311-P-7800,337.5,0.0,0.0,0.0,10,40.5,0.0,0,337.5,0.0,0.0,0.0,0.0,0.0,7
2023-05-11 09:06:35,l2311-P-7800,l2311-P-7800,337.5,0.0,0.0,0.0,1,41.0,0.0,0,337.5,0.0,0.0,0.0,0.0,0.0,7
2023-05-11 09:06:35,l2311-P-7800,l2311-P-7800,337.5,0.0,0.0,0.0,10,41.5,0.0,0,337.5,0.0,0.0,0.0,0.0,0.0,7
2023-05-11 09:07:04,l2311-P-7800,l2311-P-7800,337.5,0.0,0.0,0.0,1,42.0,0.0,0,337.5,0.0,0.0,0.0,0.0,0.0,7
2023-05-11 09:07:04,l2311-P-7800,l2311-P-7800,337.5,0.0,0.0,0.0,10,42.5,0.0,0,337.5,0.0,0.0,0.0,0.0,0.0,7
2023-05-11 09:07:20,l2311-P-7800,l2311-P-7800,337.5,0.0,0.0,0.0,1,43.0,0.0,0,337.5,0.0,0.0,0.0,0.0,0.0,7
2023-05-11 09:07:20,l2311-P-7800,l2311-P-7800,337.5,0.0,0.0,0.0,10,43.5,0.0,0,337.5,0.0,0.0,0.0,0.0,0.0,7
2023-05-11 09:07:25,l2311-P-7800,l2311-P-7800,337.5,0.0,0.0,0.0,1,44.0,0.0,0,337.5,0.0,0.0,0.0,0.0,0.0,7
2023-05-11 09:07:25,l2311-P-7800,l2311-P-7800,337.5,0.0,0.0,0.0,10,44.5,0.0,0,337.5,0.0,0.0,0.0,0.0,0.0,7
2023-05-11 09:07:27,l2311-P-7800,l2311-P-7800,337.5,0.0,0.0,0.0,1,45.0,0.0,0,337.5,0.0,0.0,0.0,0.0,0.0,7
2023-05-11 09:07:27,l2311-P-7800,l2311-P-7800,337.5,0.0,0.0,0.0,10,45.5,0.0,0,337.5,0.0,0.0,0.0,0.0,0.0,7
2023-05-11 09:07:31,l2311-P-7800,l2311-P-7800,337.5,0.0,0.0,0.0,1,46.0,0.0,0,337.5,0.0,0.0,0.0,0.0,0.0,7
2023-05-11 09:07:31,l2311-P-7800,l2311-P-7800,337.5,0.0,0.0,0.0,10,46.5,0.0,0,337.5,0.0,0.0,0.0,0.0,0.0,7
2023-05-11 09:07:37,l2311-P-7800,l2311-P-7800,337.5,0.0,0.0,0.0,1,47.0,0.0,0,337.5,0.0,0.0,0.0,0.0,0.0,7
2023-05-11 09:07:37,l2311-P-7800,l2311-P-7800,337.5,0.0,0.0,0.0,10,47.5,0.0,0,337.5,0.0,0.0,0.0,0.0,0.0,7
2023-05-11 09:07:41,l2311-P-7800,l2311-P-7800,337.5,0.0,0.0,0.0,1,48.0,0.0,0,337.5,0.0,0.0,0.0,0.0,0.0,7
2023-05-11 09:07:41,l2311-P-7800,l2311-P-7800,337.5,0.0,0.0,0.0,10,48.5,0.0,0,337.5,0.0,0.0,0.0,0.0,0.0,7
2023-05-11 09:07:46,l2311-P-7800,l2311-P-7800,337.5,0.0,0.0,0.0,1,49.0,0.0,0,337.5,0.0,0.0,0.0,0.0,0.0,7
2023-05-11 09:07:46,l2311-P-7800,l2311-P-7800,337.5,0.0,0.0,0.0,10,49.5,0.0,0,337.5,0.0,0.0,0.0,0.0,0.0,7
2023-05-11 09:07:48,l2311-P-7800,l2311-P-7800,337.5,0.0,0.0,0.0,1,50.0,0.0,0,337.5,0.0,0.0,0.0,0.0,0.0,7
2023-05-11 09:07:48,l2311-P-7800,l2311-P-7800,337.5,0.0,0.0,0.0,10,50.5,0.0,0,337.5,0.0,0.0,0.0,0.0,0.0,7
2023-05-11 09:07:50,l2311-P-7800,l2311-P-7800,337.5,0.0,0.0,0.0,1,51.0,0.0,0,337.5,0.0,0.0,0.0,0.0,0.0,7
2023-05-11 09:07:50,l2311-P-7800,l2311-P-7800,337.5,0.0,0.0,0.0,10,51.5,0.0,0,337.5,0.0,0.0,0.0,0.0,0.0,7
2023-05-11 09:07:52,l2311-P-7800,l2311-P-7800,337.5,0.0,0.0,0.0,1,52.0,0.0,0,337.5,0.0,0.0,0.0,0.0,0.0,7
2023-05-11 09:07:52,l2311-P-7800,l2311-P-7800,337.5,0.0,0.0,0.0,10,52.5,0.0,0,337.5,0.0,0.0,0.0,0.0,0.0,7
2023-05-11 09:07:54,l2311-P-7800,l2311-P-7800,337.5,0.0,0.0,0.0,1,53.0,0.0,0,337.5,0.0,0.0,0.0,0.0,0.0,7
2023-05-11 09:07:54,l2311-P-7800,l2311-P-7800,337.5,0.0,0.0,0.0,10,53.5,0.0,0,337.5,0.0,0.0,0.0,0.0,0.0,7
2023-05-11 09:07:56,l2311-P-7800,l2311-P-7800,337.5,0.0,0.0,0.0,1,54.0,0.0,0,337.5,0.0,0.0,0.0,0.0,0.0,7
2023-05-11 09:07:56,l2311-P-7800,l2311-P-7800,337.5,0.0,0.0,0.0,10,54.5,0.0,0,337.5,0.0,0.0,0.0,0.0,0.0,7
2023-05-11 09:07:58,l2311-P-7800,l2311-P-7800,337.5,0.0,0.0,0.0,1,55.0,0.0,0,337.5,0.0,0.0,0.0,0.0,0.0,7
2023-05-11 09:07:58,l2311-P-7800,l2311-P-7800,337.5,0.0,0.0,0.0,10,55.5,0.0,0,337.5,0.0,0.0,0.0,0.0,0.0,7
2023-05-11 09:08:00,l2311-P-7800,l2311-P-7800,337.5,0.0,0.0,0.0,1,56.0,0.0,0,337.5,0.0,0.0,0.0,0.0,0.0,7
2023-05-11 09:08:00,l2311-P-7800,l2311-P-7800,337.5,0.0,0.0,0.0,10,56.5,0.0,0,337.5,0.0,0.0,0.0,0.0,0.0,7
2023-05-11 09:08:02,l2311-P-7800,l2311-P-7800,337.5,0.0,0.0,0.0,1,57.0,0.0,0,337.5,0.0,0.0,0.0,0.0,0.0,7
2023-05-11 09:08:02,l2311-P-7800,l2311-P-7800,337.5,0.0,0.0,0.0,10,57.5,0.0,0,337.5,0.0,0.0,0.0,0.0,0.0,7
2023-05-11 09:08:04,l2311-P-7800,l2311-P-7800,337.5,0.0,0.0,0.0,1,58.0,0.0,0,337.5,0.0,0.0,0.0,0.0,0.0,7
2023-05-11 09:08:04,l2311-P-7800,l2311-P-7800,337.5,0.0,0.0,0.0,10,58.5,0.0,0,337.5,0.0,0.0,0.0,0.0,0.0,7
2023-05-11 09:08:25,l2311-P-7800,l2311-P-7800,337.5,0.0,0.0,0.0,1,59.0,0.0,0,337.5,0.0,0.0,0.0,0.0,0.0,7
2023-05-11 09:08:25,l2311-P-7800,l2311-P-7800,337.5,0.0,0.0,0.0,10,59.5,0.0,0,337.5,0.0,0.0,0.0,0.0,0.0,7
2023-05-11 09:08:26,l2311-P-7800,l2311-P-7800,337.5,0.0,0.0,0.0,1,60.0,0.0,0,337.5,0.0,0.0,0.0,0.0,0.0,7
2023-05-11 09:08:26,l2311-P-7800,l2311-P-7800,337.5,0.0,0.0,0.0,10,60.5,0.0,0,337.5,0.0,0.0,0.0,0.0,0.0,7
2023-05-11 09:08:28,l2311-P-7800,l2311-P-7800,337.5,0.0,0.0,0.0,1,61.0,0.0,0,337.5,0.0,0.0,0.0,0.0,0.0,7
2023-05-11 09:08:28,l2311-P-7800,l2311-P-7800,337.5,0.0,0.0,0.0,10,61.5,0.0,0,337.5,0.0,0.0,0.0,0.0,0.0,7
2023-05-11 09:08:30,l2311-P-7800,l2311-P-7800,337.5,0.0,0.0,0.0,1,62.0,0.0,0,337.5,0.0,0.0,0.0,0.0,0.0,7
2023-05-11 09:08:30,l2311-P-7800,l2311-P-7800,337.5,0.0,0.0,0.0,10,62.5,0.0,0,337.5,0.0,0.0,0.0,0.0,0.0,7
2023-05-11 09:08:32,l2311-P-7800,l2311-P-7800,337.5,0.0,0.0,0.0,1,63.0,0.0,0,337.5,0.0,0.0,0.0,0.0,0.0,7
2023-05-11 09:08:32,l2311-P-7800,l2311-P-7800,337.5,0.0,0.0,0.0,10,63.5,0.0,0,337.5,0.0,0.0,0.0,0.0,0.0,7
2023-05-11 09:08:39,l2311-P-7800,l2311-P-7800,337.5,0.0,0.0,0.0,1,64.0,0.0,0,337.5,0.0,0.0,0.0,0.0,0.0,7
2023-05-11 09:08:39,l2311-P-7800,l2311-P-7800,337.5,0.0,0.0,0.0,10,64.5,0.0,0,337.5,0.0,0.0,0.0,0.0,0.0,7
2023-05-11 09:08:41,l2311-P-7800,l2311-P-7800,337.5,0.0,0.0,0.0,1,65.0,0.0,0,337.5,0.0,0.0,0.0,0.0,0.0,7
2023-05-11 09:08:41,l2311-P-7800,l2311-P-7800,337.5,0.0,0.0,0.0,10,65.5,0.0,0,337.5,0.0,0.0,0.0,0.0,0.0,7
2023-05-11 09:08:46,l2311-P-7800,l2311-P-7800,337.5,0.0,0.0,0.0,1,66.0,0.0,0,337.5,0.0,0.0,0.0,0.0,0.0,7
2023-05-11 09:08:46,l2311-P-7800,l2311-P-7800,337.5,0.0,0.0,0.0,10,66.5,0.0,0,337.5,0.0,0.0,0.0,0.0,0.0,7
2023-05-11 09:08:49,l2311-P-7800,l2311-P-7800,337.5,0.0,0.0,0.0,1,67.0,0.0,0,337.5,0.0,0.0,0.0,0.0,0.0,7
2023-05-11 09:08:49,l2311-P-7800,l2311-P-7800,337.5,0.0,0.0,0.0,10,67.5,0.0,0,337.5,0.0,0.0,0.0,0.0,0.0,7
2023-05-11 09:08:51,l2311-P-7800,l2311-P-7800,337.5,0.0,0.0,0.0,1,68.0,0.0,0,337.5,0.0,0.0,0.0,0.0,0.0,7
2023-05-11 09:08:51,l2311-P-7800,l2311-P-7800,337.5,0.0,0.0,0.0,10,68.5,0.0,0,337.5,0.0,0.0,0.0,0.0,0.0,7
2023-05-11 09:08:53,l2311-P-7800,l2311-P-7800,337.5,0.0,0.0,0.0,1,69.0,0.0,0,337.5,0.0,0.0,0.0,0.0,0.0,7
2023-05-11 09:08:53,l2311-P-7800,l2311-P-7800,337.5,0.0,0.0,0.0,10,69.5,0.0,0,337.5,0.0,0.0,0.0,0.0,0.0,7
2023-05-11 09:08:54,l2311-P-7800,l2311-P-7800,337.5,0.0,0.0,0.0,1,70.0,0.0,0,337.5,0.0,0.0,0.0,0.0,0.0,7
2023-05-11 09:08:54,l2311-P-7800,l2311-P-7800,337.5,0.0,0.0,0.0,10,70.5,0.0,0,337.5,0.0,0.0,0.0,0.0,0.0,7
2023-05-11 09:08:56,l2311-P-7800,l2311-P-7800,337.5,0.0,0.0,0.0,1,71.0,0.0,0,337.5,0.0,0.0,0.0,0.0,0.0,7
2023-05-11 09:08:56,l2311-P-7800,l2311-P-7800,337.5,0.0,0.0,0.0,10,71.5,0.0,0,337.5,0.0,0.0,0.0,0.0,0.0,7
2023-05-11 09:08:58,l2311-P-7800,l2311-P-7800,337.5,0.0,0.0,0.0,1,72.0,0.0,0,337.5,0.0,0.0,0.0,0.0,0.0,7
2023-05-11 09:08:58,l2311-P-7800,l2311-P-7800,337.5,0.0,0.0,0.0,10,72.5,0.0,0,337.5,0.0,0.0,0.0,0.0,0.0,7
2023-05-11 09:09:00,l2311-P-7800,l2311-P-7800,337.5,0.0,0.0,0.0,1,73.0,0.0,0,337.5,0.0,0.0,0.0,0.0,0.0,7
2023-05-11 09:09:00,l2311-P-7800,l2311-P-7800,337.5,0.0,0.0,0.0,10,73.5,0.0,0,337.5,0.0,0.0,0.0,0.0,0.0,7
2023-05-11 09:09:02,l2311-P-7800,l2311-P-7800,337.5,0.0,0.0,0.0,1,74.0,0.0,0,337.5,0.0,0.0,0.0,0.0,0.0,7
2023-05-11 09:09:02,l2311-P-7800,l2311-P-7800,337.5,0.0,0.0,0.0,10,74.5,0.0,0,337.5,0.0,0.0,0.0,0.0,0.0,7
2023-05-11 09:09:03,l2311-P-7800,l2311-P-7800,337.5,0.0,0.0,0.0,1,75.0,0.0,0,337.5,0.0,0.0,0.0,0.0,0.0,7
2023-05-11 09:09:03,l2311-P-7800,l2311-P-7800,337.5,0.0,0.0,0.0,10,75.5,0.0,0,337.5,0.0,0.0,0.0,0.0,0.0,7
2023-05-11 09:09:04,l2311-P-7800,l2311-P-7800,337.5,0.0,0.0,0.0,1,76.0,0.0,0,337.5,0.0,0.0,0.0,0.0,0.0,7
2023-05-11 09:09:04,l2311-P-7800,l2311-P-7800,337.5,0.0,0.0,0.0,10,76.5,0.0,0,337.5,0.0,0.0,0.0,0.0,0.0,7
2023-05-11 09:09:05,l2311-P-7800,l2311-P-7800,337.5,0.0,0.0,0.0,1,77.0,0.0,0,337.5,0.0,0.0,0.0,0.0,0.0,7
2023-05-11 09:09:05,l2311-P-7800,l2311-P-7800,337.5,0.0,0.0,0.0,10,77.5,0.0,0,337.5,0.0,0.0,0.0,0.0,0.0,7
2023-05-11 09:09:06,l2311-P-7800,l2311-P-7800,337.5,0.0,0.0,0.0,1,78.0,0.0,0,337.5,0.0,0.0,0.0,0.0,0.0,7
2023-05-11 09:09:06,l2311-P-7800,l2311-P-7800,337.5,0.0,0.0,0.0,10,78.5,0.0,0,337.5,0.0,0.0,0.0,0.0,0.0,7
2023-05-11 09:09:07,l2311-P-7800,l2311-P-7800,337.5,0.0,0.0,0.0,1,79.0,0.0,0,337.5,0.0,0.0,0.0,0.0,0.0,7
2023-05-11 09:09:07,l2311-P-7800,l2311-P-7800,337.5,0.0,0.0,0.0,10,79.5,0.0,0,337.5,0.0,0.0,0.0,0.0,0.0,7
2023-05-11 09:09:08,l2311-P-7800,l2311-P-7800,337.5,0.0,0.0,0.0,1,80.0,0.0,0,337.5,0.0,0.0,0.0,0.0,0.0,7
2023-05-11 09:09:08,l2311-P-7800,l2311-P-7800,337.5,0.0,0.0,0.0,10,80.5,0.0,0,337.5,0.0,0.0,0.0,0.0,0.0,7
2023-05-11 09:09:09,l2311-P-7800,l2311-P-7800,337.5,0.0,0.0,0.0,1,81.0,0.0,0,337.5,0.0,0.0,0.0,0.0,0.0,7
2023-05-11 09:09:09,l2311-P-7800,l2311-P-7800,337.5,0.0,0.0,0.0,10,81.5,0.0,0,337.5,0.0,0.0,0.0,0.0,0.0,7
2023-05-11 09:09:10,l2311-P-7800,l2311-P-7800,337.5,0.0,0.0,0.0,1,82.0,0.0,0,337.5,0.0,0.0,0.0,0.0,0.0,7
2023-05-11 09:09:10,l2311-P-7800,l2311-P-7800,337.5,0.0,0.0,0.0,10,82.5,0.0,0,337.5,0.0,0.0,0.0,0.0,0.0,7
2023-05-11 09:09:11,l2311-P-7800,l2311-P-7800,337.5,0.0,0.0,0.0,1,83.0,0.0,0,337.5,0.0,0.0,0.0,0.0,0.0,7
2023-05-11 09:09:11,l2311-P-7800,l2311-P-7800,337.5,0.0,0.0,0.0,10,83.5,0.0,0,337.5,0.0,0.0,0.0,0.0,0.0,7
2023-05-11 09:09:12,l2311-P-7800,l2311-P-7800,337.5,0.0,0.0,0.0,1,84.0,0.0,0,337.5,0.0,0.0,0.0,0.0,0.0,7
2023-05-11 09:09:12,l2311-P-7800,l2311-P-7800,337.5,0.0,0.0,0.0,10,84.5,0.0,0,337.5,0.0,0.0,0.0,0.0,0.0,7
2023-05-11 09:09:13,l2311-P-7800,l2311-P-7800,337.5,0.0,0.0,0.0,1,85.0,0.0,0,337.5,0.0,0.0,0.0,0.0,0.0,7
2023-05-11 09:09:13,l2311-P-7800,l2311-P-7800,337.5,0.0,0.0,0.0,10,85.5,0.0,0,337.5,0.0,0.0,0.0,0.0,0.0,7
2023-05-11 09:09:14,l2311-P-7800,l2311-P-7800,337.5,0.0,0.0,0.0,1,86.0,0.0,0,337.5,0.0,0.0,0.0,0.0,0.0,7
2023-05-11 09:09:14,l2311-P-7800,l2311-P-7800,337.5,0.0,0.0,0.0,10,86.5,0.0,0,337.5,0.0,0.0,0.0,0.0,0.0,7
2023-05-11 09:09:15,l2311-P-7800,l2311-P-7800,337.5,0.0,0.0,0.0,1,87.0,0.0,0,337.5,0.0,0.0,0.0,0.0,0.0,7
2023-05-11 09:09:15,l2311-P-7800,l2311-P-7800,337.5,0.0,0.0,0.0,10,87.5,0.0,0,337.5,0.0,0.0,0.0,0.0,0.0,7
2023-05-11 09:09:16,l2311-P-7800,l2311-P-7800,337.5,0.0,0.0,0.0,1,88.0,0.0,0,337.5,0.0,0.0,0.0,0.0,0.0,7
2023-05-11 09:09:16,l2311-P-7800,l2311-P-7800,337.5,0.0,0.0,0.0,10,88.5,0.0,0,337.5,0.0,0.0,0.0,0.0,0.0,7
2023-05-11 09:09:17,l2311-P-7800,l2311-P-7800,337.5,0.0,0.0,0.0,1,89.0,0.0,0,337.5,0.0,0.0,0.0,0.0,0.0,7
2023-05-11 09:09:17,l2311-P-7800,l2311-P-7800,337.5,0.0,0.0,0.0,10,89.5,0.0,0,337.5,0.0,0.0,0.0,0.0,0.0,7
2023-05-11 09:09:18,l2311-P-7800,l2311-P-7800,337.5,0.0,0.0,0.0,1,90.0,0.0,0,337.5,0.0,0.0,0.0,0.0,0.0,7
2023-05-11 09:09:18,l2311-P-7800,l2311-P-7800,337.5,0.0,0.0,0.0,10,90.5,0.0,0,337.5,0.0,0.0,0.0,0.0,0.0,7
2023-05-11 09:09:19,l2311-P-7800,l2311-P-7800,337.5,0.0,0.0,0.0,1,91.0,0.0,0,337.5,0.0,0.0,0.0,0.0,0.0,7
2023-05-11 09:09:19,l2311-P-7800,l2311-P-7800,337.5,0.0,0.0,0.0,10,91.5,0.0,0,337.5,0.0,0.0,0.0,0.0,0.0,7
2023-05-11 09:09:20,l2311-P-7800,l2311-P-7800,337.5,0.0,0.0,0.0,1,92.0,0.0,0,337.5,0.0,0.0,0.0,0.0,0.0,7
2023-05-11 09:09:20,l2311-P-7800,l2311-P-7800,337.5,0.0,0.0,0.0,10,92.5,0.0,0,337.5,0.0,0.0,0.0,0.0,0.0,7
2023-05-11 09:09:21,l2311-P-7800,l2311-P-7800,337.5,0.0,0.0,0.0,1,93.0,0.0,0,337.5,0.0,0.0,0.0,0.0,0.0,7
2023-05-11 09:09:21,l2311-P-7800,l2311-P-7800,337.5,0.0,0.0,0.0,10,93.5,0.0,0,337.5,0.0,0.0,0.0,0.0,0.0,7
2023-05-11 09:09:22,l2311-P-7800,l2311-P-7800,337.5,0.0,0.0,0.0,1,94.0,0.0,0,337.5,0.0,0.0,0.0,0.0,0.0,7
2023-05-11 09:09:22,l2311-P-7800,l2311-P-7800,337.5,0.0,0.0,0.0,10,94.5,0.0,0,337.5,0.0,0.0,0.0,0.0,0.0,7
2023-05-11 09:09:23,l2311-P-7800,l2311-P-7800,337.5,0.0,0.0,0.0,1,95.0,0.0,0,337.5,0.0,0.0,0.0,0.0,0.0,7
2023-05-11 09:09:23,l2311-P-7800,l2311-P-7800,337.5,0.0,0.0,0.0,10,95.5,0.0,0,337.5,0.0,0.0,0.0,0.0,0.0,7
2023-05-11 09:09:24,l2311-P-7800,l2311-P-7800,337.5,0.0,0.0,0.0,1,96.0,0.0,0,337.5,0.0,0.0,0.0,0.0,0.0,7
2023-05-11 09:09:24,l2311-P-7800,l2311-P-7800,337.5,0.0,0.0,0.0,10,96.5,0.0,0,337.5,0.0,0.0,0.0,0.0,0.0,7
2023-05-11 09:09:25,l2311-P-7800,l2311-P-7800,337.5,0.0,0.0,0.0,1,97.0,0.0,0,337.5,0.0,0.0,0.0,0.0,0.0,7
2023-05-11 09:09:25,l2311-P-7800,l2311-P-7800,337.5,0.0,0.0,0.0,10,97.5,0.0,0,337.5,0.0,0.0,0.0,0.0,0.0,7
2023-05-11 09:09:26,l2311-P-7800,l2311-P-7800,337.5,0.0,0.0,0.0,1,98.0,0.0,0,337.5,0.0,0.0,0.0,0.0,0.0,7
2023-05-11 09:09:26,l2311-P-7800,l2311-P-7800,337.5,0.0,0.0,0.0,10,98.5,0.0,0,337.5,0.0,0.0,0.0,0.0,0.0,7
2023-05-11 09:09:27,l2311-P-7800,l2311-P-7800,337.5,0.0,0.0,0.0,1,99.0,0.0,0,337.5,0.0,0.0,0.0,0.0,0.0,7
2023-05-11 09:09:27,l2311-P-7800,l2311-P-7800,337.5,0.0,0.0,0.0,10,99.5,0.0,0,337.5,0.0,0.0,0.0,0.0,0.0,7
2023-05-11 09:09:28,l2311-P-7800,l2311-P-7800,337.5,0.0,0.0,0.0,1,100.0,0.0,0,337.5,0.0,0.0,0.0,0.0,0.0,7
2023-05-11 09:09:28,l2311-P-7800,l2311-P-7800,337.5,0.0,0.0,0.0,10,100.5,0.0,0,337.5,0.0,0.0,0.0,0.0,0.0,7
2023-05-11 09:09:29,l2311-P-7800,l2311-P-7800,337.5,0.0,0.0,0.0,1,101.0,0.0,0,337.5,0.0,0.0,0.0,0.0,0.0,7
2023-05-11 09:09:29,l2311-P-7800,l2311-P-7800,337.5,0.0,0.0,0.0,10,101.5,0.0,0,337.5,0.0,0.0,0.0,0.0,0.0,7
2023-05-11 09:09:31,l2311-P-7800,l2311-P-7800,337.5,0.0,0.0,0.0,1,102.0,0.0,0,337.5,0.0,0.0,0.0,0.0,0.0,7
2023-05-11 09:09:31,l2311-P-7800,l2311-P-7800,337.5,0.0,0.0,0.0,10,102.5,0.0,0,337.5,0.0,0.0,0.0,0.0,0.0,7
2023-05-11 09:09:32,l2311-P-7800,l2311-P-7800,337.5,0.0,0.0,0.0,1,103.0,0.0,0,337.5,0.0,0.0,0.0,0.0,0.0,7
2023-05-11 09:09:32,l2311-P-7800,l2311-P-7800,337.5,0.0,0.0,0.0,10,103.5,0.0,0,337.5,0.0,0.0,0.0,0.0,0.0,7
2023-05-11 09:09:33,l2311-P-7800,l2311-P-7800,337.5,0.0,0.0,0.0,1,104.0,0.0,0,337.5,0.0,0.0,0.0,0.0,0.0,7
2023-05-11 09:09:33,l2311-P-7800,l2311-P-7800,337.5,0.0,0.0,0.0,10,104.5,0.0,0,337.5,0.0,0.0,0.0,0.0,0.0,7
2023-05-11 09:09:34,l2311-P-7800,l2311-P-7800,337.5,0.0,0.0,0.0,1,105.0,0.0,0,337.5,0.0,0.0,0.0,0.0,0.0,7
2023-05-11 09:09:34,l2311-P-7800,l2311-P-7800,337.5,0.0,0.0,0.0,10,105.5,0.0,0,337.5,0.0,0.0,0.0,0.0,0.0,7
2023-05-11 09:09:35,l2311-P-7800,l2311-P-7800,337.5,0.0,0.0,0.0,1,106.0,0.0,0,337.5,0.0,0.0,0.0,0.0,0.0,7
2023-05-11 09:09:35,l2311-P-7800,l2311-P-7800,337.5,0.0,0.0,0.0,10,106.5,0.0,0,337.5,0.0,0.0,0.0,0.0,0.0,7
2023-05-11 09:09:36,l2311-P-7800,l2311-P-7800,337.5,0.0,0.0,0.0,1,107.0,0.0,0,337.5,0.0,0.0,0.0,0.0,0.0,7
2023-05-11 09:09:36,l2311-P-7800,l2311-P-7800,337.5,0.0,0.0,0.0,10,107.5,0.0,0,337.5,0.0,0.0,0.0,0.0,0.0,7
2023-05-11 09:09:37,l2311-P-7800,l2311-P-7800,337.5,0.0,0.0,0.0,1,108.0,0.0,0,337.5,0.0,0.0,0.0,0.0,0.0,7
2023-05-11 09:09:37,l2311-P-7800,l2311-P-7800,337.5,0.0,0.0,0.0,10,108.5,0.0,0,337.5,0.0,0.0,0.0,0.0,0.0,7
2023-05-11 09:09:38,l2311-P-7800,l2311-P-7800,337.5,0.0,0.0,0.0,1,109.0,0.0,0,337.5,0.0,0.0,0.0,0.0,0.0,7
2023-05-11 09:09:38,l2311-P-7800,l2311-P-7800,337.5,0.0,0.0,0.0,10,109.5,0.0,0,337.5,0.0,0.0,0.0,0.0,0.0,7
2023-05-11 09:09:39,l2311-P-7800,l2311-P-7800,337.5,0.0,0.0,0.0,1,110.0,0.0,0,337.5,0.0,0.0,0.0,0.0,0.0,7
2023-05-11 09:09:39,l2311-P-7800,l2311-P-7800,337.5,0.0,0.0,0.0,10,110.5,0.0,0,337.5,0.0,0.0,0.0,0.0,0.0,7
2023-05-11 09:09:40,l2311-P-7800,l2311-P-7800,337.5,0.0,0.0,0.0,1,111.0,0.0,0,337.5,0.0,0.0,0.0,0.0,0.0,7
2023-05-11 09:09:40,l2311-P-7800,l2311-P-7800,337.5,0.0,0.0,0.0,10,111.5,0.0,0,337.5,0.0,0.0,0.0,0.0,0.0,7
2023-05-11 09:09:41,l2311-P-7800,l2311-P-7800,337.5,0.0,0.0,0.0,1,112.0,0.0,0,337.5,0.0,0.0,0.0,0.0,0.0,7
2023-05-11 09:09:41,l2311-P-7800,l2311-P-7800,337.5,0.0,0.0,0.0,10,112.5,0.0,0,337.5,0.0,0.0,0.0,0.0,0.0,7
2023-05-11 09:09:42,l2311-P-7800,l2311-P-7800,337.5,0.0,0.0,0.0,1,113.0,0.0,0,337.5,0.0,0.0,0.0,0.0,0.0,7
2023-05-11 09:09:42,l2311-P-7800,l2311-P-7800,337.5,0.0,0.0,0.0,10,113.5,0.0,0,337.5,0.0,0.0,0.0,0.0,0.0,7
2023-05-11 09:09:43,l2311-P-7800,l2311-P-7800,337.5,0.0,0.0,0.0,1,114.0,0.0,0,337.5,0.0,0.0,0.0,0.0,0.0,7
2023-05-11 09:09:43,l2311-P-7800,l2311-P-7800,337.5,0.0,0.0,0.0,10,114.5,0.0,0,337.5,0.0,0.0,0.0,0.0,0.0,7
2023-05-11 09:09:44,l2311-P-7800,l2311-P-7800,337.5,0.0,0.0,0.0,1,115.0,0.0,0,337.5,0.0,0.0,0.0,0.0,0.0,7
2023-05-11 09:09:44,l2311-P-7800,l2311-P-7800,337.5,0.0,0.0,0.0,10,115.5,0.0,0,337.5,0.0,0.0,0.0,0.0,0.0,7
2023-05-11 09:09:45,l2311-P-7800,l2311-P-7800,337.5,0.0,0.0,0.0,1,116.0,0.0,0,337.5,0.0,0.0,0.0,0.0,0.0,7
2023-05-11 09:09:45,l2311-P-7800,l2311-P-7800,337.5,0.0,0.0,0.0,10,116.5,0.0,0,337.5,0.0,0.0,0.0,0.0,0.0,7
2023-05-11 09:09:46,l2311-P-7800,l2311-P-7800,337.5,0.0,0.0,0.0,1,117.0,0.0,0,337.5,0.0,0.0,0.0,0.0,0.0,7
2023-05-11 09:09:46,l2311-P-7800,l2311-P-7800,337.5,0.0,0.0,0.0,10,117.5,0.0,0,337.5,0.0,0.0,0.0,0.0,0.0,7
2023-05-11 09:09:47,l2311-P-7800,l2311-P-7800,337.5,0.0,0.0,0.0,1,118.0,0.0,0,337.5,0.0,0.0,0.0,0.0,0.0,7
2023-05-11 09:09:47,l2311-P-7800,l2311-P-7800,337.5,0.0,0.0,0.0,10,118.5,0.0,0,337.5,0.0,0.0,0.0,0.0,0.0,7
2023-05-11 09:09:48,l2311-P-7800,l2311-P-7800,337.5,0.0,0.0,0.0,1,119.0,0.0,0,337.5,0.0,0.0,0.0,0.0,0.0,7
2023-05-11 09:09:48,l2311-P-7800,l2311-P-7800,337.5,0.0,0.0,0.0,10,119.5,0.0,0,337.5,0.0,0.0,0.0,0.0,0.0,7
2023-05-11 09:09:49,l2311-P-7800,l2311-P-7800,337.5,0.0,0.0,0.0,1,120.0,0.0,0,337.5,0.0,0.0,0.0,0.0,0.0,7
2023-05-11 09:09:49,l2311-P-7800,l2311-P-7800,337.5,0.0,0.0,0.0,10,120.5,0.0,0,337.5,0.0,0.0,0.0,0.0,0.0,7
2023-05-11 09:09:50,l2311-P-7800,l2311-P-7800,337.5,0.0,0.0,0.0,1,121.0,0.0,0,337.5,0.0,0.0,0.0,0.0,0.0,7
2023-05-11 09:09:50,l2311-P-7800,l2311-P-7800,337.5,0.0,0.0,0.0,10,121.5,0.0,0,337.5,0.0,0.0,0.0,0.0,0.0,7
2023-05-11 09:09:51,l2311-P-7800,l2311-P-7800,337.5,0.0,0.0,0.0,1,122.0,0.0,0,337.5,0.0,0.0,0.0,0.0,0.0,7
2023-05-11 09:09:51,l2311-P-7800,l2311-P-7800,337.5,0.0,0.0,0.0,10,122.5,0.0,0,337.5,0.0,0.0,0.0,0.0,0.0,7
2023-05-11 09:09:52,l2311-P-7800,l2311-P-7800,337.5,0.0,0.0,0.0,1,123.0,0.0,0,337.5,0.0,0.0,0.0,0.0,0.0,7
2023-05-11 09:09:52,l2311-P-7800,l2311-P-7800,337.5,0.0,0.0,0.0,10,123.5,0.0,0,337.5,0.0,0.0,0.0,0.0,0.0,7
2023-05-11 09:09:53,l2311-P-7800,l2311-P-7800,337.5,0.0,0.0,0.0,1,124.0,0.0,0,337.5,0.0,0.0,0.0,0.0,0.0,7
2023-05-11 09:09:53,l2311-P-7800,l2311-P-7800,337.5,0.0,0.0,0.0,10,124.5,0.0,0,337.5,0.0,0.0,0.0,0.0,0.0,7
2023-05-11 09:09:54,l2311-P-7800,l2311-P-7800,337.5,0.0,0.0,0.0,1,125.0,0.0,0,337.5,0.0,0.0,0.0,0.0,0.0,7
2023-05-11 09:09:54,l2311-P-7800,l2311-P-7800,337.5,0.0,0.0,0.0,10,125.5,0.0,0,337.5,0.0,0.0,0.0,0.0,0.0,7
2023-05-11 09:09:55,l2311-P-7800,l2311-P-7800,337.5,0.0,0.0,0.0,1,126.0,0.0,0,337.5,0.0,0.0,0.0,0.0,0.0,7
2023-05-11 09:09:55,l2311-P-7800,l2311-P-7800,337.5,0.0,0.0,0.0,10,126.5,0.0,0,337.5,0.0,0.0,0.0,0.0,0.0,7
2023-05-11 09:09:56,l2311-P-7800,l2311-P-7800,337.5,0.0,0.0,0.0,1,127.0,0.0,0,337.5,0.0,0.0,0.0,0.0,0.0,7
2023-05-11 09:09:56,l2311-P-7800,l2311-P-7800,337.5,0.0,0.0,0.0,10,127.5,0.0,0,337.5,0.0,0.0,0.0,0.0,0.0,7
2023-05-11 09:09:57,l2311-P-7800,l2311-P-7800,337.5,0.0,0.0,0.0,1,128.0,0.0,0,337.5,0.0,0.0,0.0,0.0,0.0,7
2023-05-11 09:09:57,l2311-P-7800,l2311-P-7800,337.5,0.0,0.0,0.0,10,128.5,0.0,0,337.5,0.0,0.0,0.0,0.0,0.0,7
2023-05-11 09:09:58,l2311-P-7800,l2311-P-7800,337.5,0.0,0.0,0.0,1,129.0,0.0,0,337.5,0.0,0.0,0.0,0.0,0.0,7
2023-05-11 09:09:58,l2311-P-7800,l2311-P-7800,337.5,0.0,0.0,0.0,10,129.5,0.0,0,337.5,0.0,0.0,0.0,0.0,0.0,7
2023-05-11 09:09:59,l2311-P-7800,l2311-P-7800,337.5,0.0,0.0,0.0,1,130.0,0.0,0,337.5,0.0,0.0,0.0,0.0,0.0,7
2023-05-11 09:09:59,l2311-P-7800,l2311-P-7800,337.5,0.0,0.0,0.0,10,130.5,0.0,0,337.5,0.0,0.0,0.0,0.0,0.0,7
2023-05-11 09:10:01,l2311-P-7800,l2311-P-7800,337.5,0.0,0.0,0.0,1,131.0,0.0,0,337.5,0.0,0.0,0.0,0.0,0.0,7
2023-05-11 09:10:01,l2311-P-7800,l2311-P-7800,337.5,0.0,0.0,0.0,10,131.5,0.0,0,337.5,0.0,0.0,0.0,0.0,0.0,7
2023-05-11 09:10:02,l2311-P-7800,l2311-P-7800,337.5,0.0,0.0,0.0,1,132.0,0.0,0,337.5,0.0,0.0,0.0,0.0,0.0,7
2023-05-11 09:10:02,l2311-P-7800,l2311-P-7800,337.5,0.0,0.0,0.0,10,132.5,0.0,0,337.5,0.0,0.0,0.0,0.0,0.0,7
2023-05-11 09:10:03,l2311-P-7800,l2311-P-7800,337.5,0.0,0.0,0.0,1,133.0,0.0,0,337.5,0.0,0.0,0.0,0.0,0.0,7
2023-05-11 09:10:03,l2311-P-7800,l2311-P-7800,337.5,0.0,0.0,0.0,10,133.5,0.0,0,337.5,0.0,0.0,0.0,0.0,0.0,7
2023-05-11 09:10:04,l2311-P-7800,l2311-P-7800,337.5,0.0,0.0,0.0,1,134.0,0.0,0,337.5,0.0,0.0,0.0,0.0,0.0,7
2023-05-11 09:10:04,l2311-P-7800,l2311-P-7800,337.5,0.0,0.0,0.0,10,134.5,0.0,0,337.5,0.0,0.0,0.0,0.0,0.0,7
2023-05-11 09:10:05,l2311-P-7800,l2311-P-7800,337.5,0.0,0.0,0.0,1,135.0,0.0,0,337.5,0.0,0.0,0.0,0.0,0.0,7
2023-05-11 09:10:05,l2311-P-7800,l2311-P-7800,337.5,0.0,0.0,0.0,10,135.5,0.0,0,337.5,0.0,0.0,0.0,0.0,0.0,7
2023-05-11 09:10:06,l2311-P-7800,l2311-P-7800,337.5,0.0,0.0,0.0,1,136.0,0.0,0,337.5,0.0,0.0,0.0,0.0,0.0,7
2023-05-11 09:10:06,l2311-P-7800,l2311-P-7800,337.5,0.0,0.0,0.0,10,136.5,0.0,0,337.5,0.0,0.0,0.0,0.0,0.0,7
2023-05-11 09:10:07,l2311-P-7800,l2311-P-7800,337.5,0.0,0.0,0.0,1,137.0,0.0,0,337.5,0.0,0.0,0.0,0.0,0.0,7
2023-05-11 09:10:07,l2311-P-7800,l2311-P-7800,337.5,0.0,0.0,0.0,10,137.5,0.0,0,337.5,0.0,0.0,0.0,0.0,0.0,7
2023-05-11 09:10:08,l2311-P-7800,l2311-P-7800,337.5,0.0,0.0,0.0,1,138.0,0.0,0,337.5,0.0,0.0,0.0,0.0,0.0,7
2023-05-11 09:10:08,l2311-P-7800,l2311-P-7800,337.5,0.0,0.0,0.0,10,138.5,0.0,0,337.5,0.0,0.0,0.0,0.0,0.0,7
2023-05-11 09:35:30,l2311-P-7800,l2311-P-7800,337.5,0.0,0.0,0.0,1,139.0,0.0,0,337.5,0.0,0.0,0.0,0.0,0.0,7
2023-05-11 09:35:30,l2311-P-7800,l2311-P-7800,337.5,0.0,0.0,0.0,10,139.5,0.0,0,337.5,0.0,0.0,0.0,0.0,0.0,7
2023-05-11 10:08:06,l2311-P-7800,l2311-P-7800,337.5,0.0,0.0,0.0,1,140.0,0.0,0,337.5,0.0,0.0,0.0,0.0,0.0,7
2023-05-11 10:08:06,l2311-P-7800,l2311-P-7800,337.5,0.0,0.0,0.0,10,140.5,0.0,0,337.5,0.0,0.0,0.0,0.0,0.0,7
2023-05-11 10:14:32,l2311-P-7800,l2311-P-7800,337.5,0.0,0.0,0.0,1,140.0,0.0,0,337.5,0.0,0.0,0.0,0.0,0.0,7
2023-05-11 10:30:07,l2311-P-7800,l2311-P-7800,337.5,0.0,0.0,0.0,10,140.5,0.0,0,337.5,0.0,0.0,0.0,0.0,0.0,7
2023-05-11 10:45:27,l2311-P-7800,l2311-P-7800,337.5,0.0,0.0,0.0,1,141.0,0.0,0,337.5,0.0,0.0,0.0,0.0,0.0,7
2023-05-11 10:45:27,l2311-P-7800,l2311-P-7800,337.5,0.0,0.0,0.0,10,141.5,0.0,0,337.5,0.0,0.0,0.0,0.0,0.0,7
2023-05-11 11:19:47,l2311-P-7800,l2311-P-7800,337.5,0.0,0.0,0.0,1,142.0,0.0,0,337.5,0.0,0.0,0.0,0.0,0.0,7
2023-05-11 11:19:47,l2311-P-7800,l2311-P-7800,337.5,0.0,0.0,0.0,10,142.5,0.0,0,337.5,0.0,0.0,0.0,0.0,0.0,7
2023-05-11 11:29:32,l2311-P-7800,l2311-P-7800,337.5,0.0,0.0,0.0,1,38.0,0.0,0,337.5,0.0,0.0,0.0,0.0,0.0,7
2023-05-11 13:30:14,l2311-P-7800,l2311-P-7800,337.5,0.0,0.0,0.0,10,38.5,0.0,0,337.5,0.0,0.0,0.0,0.0,0.0,7
2023-05-11 13:31:05,l2311-P-7800,l2311-P-7800,337.5,0.0,0.0,0.0,1,39.0,0.0,0,337.5,0.0,0.0,0.0,0.0,0.0,7
2023-05-11 13:31:05,l2311-P-7800,l2311-P-7800,337.5,0.0,0.0,0.0,10,39.5,0.0,0,337.5,0.0,0.0,0.0,0.0,0.0,7
2023-05-11 13:31:53,l2311-P-7800,l2311-P-7800,337.5,0.0,0.0,0.0,1,40.0,0.0,0,337.5,0.0,0.0,0.0,0.0,0.0,7
2023-05-11 13:31:53,l2311-P-7800,l2311-P-7800,337.5,0.0,0.0,0.0,10,40.5,0.0,0,337.5,0.0,0.0,0.0,0.0,0.0,7
2023-05-11 13:32:57,l2311-P-7800,l2311-P-7800,337.5,0.0,0.0,0.0,1,41.0,0.0,0,337.5,0.0,0.0,0.0,0.0,0.0,7
2023-05-11 13:32:57,l2311-P-7800,l2311-P-7800,337.5,0.0,0.0,0.0,10,41.5,0.0,0,337.5,0.0,0.0,0.0,0.0,0.0,7
2023-05-11 13:33:01,l2311-P-7800,l2311-P-7800,337.5,0.0,0.0,0.0,1,42.0,0.0,0,337.5,0.0,0.0,0.0,0.0,0.0,7
2023-05-11 13:33:02,l2311-P-7800,l2311-P-7800,337.5,0.0,0.0,0.0,10,42.5,0.0,0,337.5,0.0,0.0,0.0,0.0,0.0,7
2023-05-11 13:33:05,l2311-P-7800,l2311-P-7800,337.5,0.0,0.0,0.0,1,43.0,0.0,0,337.5,0.0,0.0,0.0,0.0,0.0,7
2023-05-11 13:33:05,l2311-P-7800,l2311-P-7800,337.5,0.0,0.0,0.0,10,43.5,0.0,0,337.5,0.0,0.0,0.0,0.0,0.0,7
2023-05-11 13:33:06,l2311-P-7800,l2311-P-7800,337.5,0.0,0.0,0.0,1,44.0,0.0,0,337.5,0.0,0.0,0.0,0.0,0.0,7
2023-05-11 13:33:06,l2311-P-7800,l2311-P-7800,337.5,0.0,0.0,0.0,10,44.5,0.0,0,337.5,0.0,0.0,0.0,0.0,0.0,7
2023-05-11 13:33:08,l2311-P-7800,l2311-P-7800,337.5,0.0,0.0,0.0,1,45.0,0.0,0,337.5,0.0,0.0,0.0,0.0,0.0,7
2023-05-11 13:33:08,l2311-P-7800,l2311-P-7800,337.5,0.0,0.0,0.0,10,45.5,0.0,0,337.5,0.0,0.0,0.0,0.0,0.0,7
2023-05-11 13:33:17,l2311-P-7800,l2311-P-7800,337.5,0.0,0.0,0.0,1,46.0,0.0,0,337.5,0.0,0.0,0.0,0.0,0.0,7
2023-05-11 13:33:17,l2311-P-7800,l2311-P-7800,337.5,0.0,0.0,0.0,10,46.5,0.0,0,337.5,0.0,0.0,0.0,0.0,0.0,7
2023-05-11 13:34:26,l2311-P-7800,l2311-P-7800,337.5,0.0,0.0,0.0,1,47.0,0.0,0,337.5,0.0,0.0,0.0,0.0,0.0,7
2023-05-11 13:34:26,l2311-P-7800,l2311-P-7800,337.5,0.0,0.0,0.0,10,47.5,0.0,0,337.5,0.0,0.0,0.0,0.0,0.0,7
2023-05-11 13:34:28,l2311-P-7800,l2311-P-7800,337.5,0.0,0.0,0.0,1,48.0,0.0,0,337.5,0.0,0.0,0.0,0.0,0.0,7
2023-05-11 13:34:28,l2311-P-7800,l2311-P-7800,337.5,0.0,0.0,0.0,10,48.5,0.0,0,337.5,0.0,0.0,0.0,0.0,0.0,7
2023-05-11 13:34:31,l2311-P-7800,l2311-P-7800,337.5,0.0,0.0,0.0,1,49.0,0.0,0,337.5,0.0,0.0,0.0,0.0,0.0,7
2023-05-11 13:34:32,l2311-P-7800,l2311-P-7800,337.5,0.0,0.0,0.0,10,49.5,0.0,0,337.5,0.0,0.0,0.0,0.0,0.0,7
2023-05-11 13:34:33,l2311-P-7800,l2311-P-7800,337.5,0.0,0.0,0.0,1,50.0,0.0,0,337.5,0.0,0.0,0.0,0.0,0.0,7
2023-05-11 13:34:33,l2311-P-7800,l2311-P-7800,337.5,0.0,0.0,0.0,10,50.5,0.0,0,337.5,0.0,0.0,0.0,0.0,0.0,7
2023-05-11 13:34:35,l2311-P-7800,l2311-P-7800,337.5,0.0,0.0,0.0,1,51.0,0.0,0,337.5,0.0,0.0,0.0,0.0,0.0,7
2023-05-11 13:34:35,l2311-P-7800,l2311-P-7800,337.5,0.0,0.0,0.0,10,51.5,0.0,0,337.5,0.0,0.0,0.0,0.0,0.0,7
2023-05-11 13:34:37,l2311-P-7800,l2311-P-7800,337.5,0.0,0.0,0.0,1,52.0,0.0,0,337.5,0.0,0.0,0.0,0.0,0.0,7
2023-05-11 13:34:37,l2311-P-7800,l2311-P-7800,337.5,0.0,0.0,0.0,10,52.5,0.0,0,337.5,0.0,0.0,0.0,0.0,0.0,7
2023-05-11 13:34:40,l2311-P-7800,l2311-P-7800,337.5,0.0,0.0,0.0,1,53.0,0.0,0,337.5,0.0,0.0,0.0,0.0,0.0,7
2023-05-11 13:34:40,l2311-P-7800,l2311-P-7800,337.5,0.0,0.0,0.0,10,53.5,0.0,0,337.5,0.0,0.0,0.0,0.0,0.0,7
2023-05-11 13:34:42,l2311-P-7800,l2311-P-7800,337.5,0.0,0.0,0.0,1,54.0,0.0,0,337.5,0.0,0.0,0.0,0.0,0.0,7
2023-05-11 13:34:42,l2311-P-7800,l2311-P-7800,337.5,0.0,0.0,0.0,10,54.5,0.0,0,337.5,0.0,0.0,0.0,0.0,0.0,7
2023-05-11 13:34:43,l2311-P-7800,l2311-P-7800,337.5,0.0,0.0,0.0,1,55.0,0.0,0,337.5,0.0,0.0,0.0,0.0,0.0,7
2023-05-11 13:34:43,l2311-P-7800,l2311-P-7800,337.5,0.0,0.0,0.0,10,55.5,0.0,0,337.5,0.0,0.0,0.0,0.0,0.0,7
2023-05-11 13:34:46,l2311-P-7800,l2311-P-7800,337.5,0.0,0.0,0.0,1,56.0,0.0,0,337.5,0.0,0.0,0.0,0.0,0.0,7
2023-05-11 13:34:46,l2311-P-7800,l2311-P-7800,337.5,0.0,0.0,0.0,10,56.5,0.0,0,337.5,0.0,0.0,0.0,0.0,0.0,7
2023-05-11 13:34:48,l2311-P-7800,l2311-P-7800,337.5,0.0,0.0,0.0,1,57.0,0.0,0,337.5,0.0,0.0,0.0,0.0,0.0,7
2023-05-11 13:34:48,l2311-P-7800,l2311-P-7800,337.5,0.0,0.0,0.0,10,57.5,0.0,0,337.5,0.0,0.0,0.0,0.0,0.0,7
2023-05-11 13:34:51,l2311-P-7800,l2311-P-7800,337.5,0.0,0.0,0.0,1,58.0,0.0,0,337.5,0.0,0.0,0.0,0.0,0.0,7
2023-05-11 13:34:51,l2311-P-7800,l2311-P-7800,337.5,0.0,0.0,0.0,10,58.5,0.0,0,337.5,0.0,0.0,0.0,0.0,0.0,7
2023-05-11 13:34:53,l2311-P-7800,l2311-P-7800,337.5,0.0,0.0,0.0,1,59.0,0.0,0,337.5,0.0,0.0,0.0,0.0,0.0,7
2023-05-11 13:34:53,l2311-P-7800,l2311-P-7800,337.5,0.0,0.0,0.0,10,59.5,0.0,0,337.5,0.0,0.0,0.0,0.0,0.0,7
2023-05-11 13:34:55,l2311-P-7800,l2311-P-7800,337.5,0.0,0.0,0.0,1,60.0,0.0,0,337.5,0.0,0.0,0.0,0.0,0.0,7
2023-05-11 13:34:55,l2311-P-7800,l2311-P-7800,337.5,0.0,0.0,0.0,10,60.5,0.0,0,337.5,0.0,0.0,0.0,0.0,0.0,7
2023-05-11 13:34:56,l2311-P-7800,l2311-P-7800,337.5,0.0,0.0,0.0,1,61.0,0.0,0,337.5,0.0,0.0,0.0,0.0,0.0,7
2023-05-11 13:34:56,l2311-P-7800,l2311-P-7800,337.5,0.0,0.0,0.0,10,61.5,0.0,0,337.5,0.0,0.0,0.0,0.0,0.0,7
2023-05-11 13:34:58,l2311-P-7800,l2311-P-7800,337.5,0.0,0.0,0.0,1,62.0,0.0,0,337.5,0.0,0.0,0.0,0.0,0.0,7
2023-05-11 13:34:58,l2311-P-7800,l2311-P-7800,337.5,0.0,0.0,0.0,10,62.5,0.0,0,337.5,0.0,0.0,0.0,0.0,0.0,7
2023-05-11 13:34:59,l2311-P-7800,l2311-P-7800,337.5,0.0,0.0,0.0,1,63.0,0.0,0,337.5,0.0,0.0,0.0,0.0,0.0,7
2023-05-11 13:34:59,l2311-P-7800,l2311-P-7800,337.5,0.0,0.0,0.0,10,63.5,0.0,0,337.5,0.0,0.0,0.0,0.0,0.0,7
2023-05-11 13:35:01,l2311-P-7800,l2311-P-7800,337.5,0.0,0.0,0.0,1,64.0,0.0,0,337.5,0.0,0.0,0.0,0.0,0.0,7
2023-05-11 13:35:01,l2311-P-7800,l2311-P-7800,337.5,0.0,0.0,0.0,10,64.5,0.0,0,337.5,0.0,0.0,0.0,0.0,0.0,7
2023-05-11 13:35:02,l2311-P-7800,l2311-P-7800,337.5,0.0,0.0,0.0,1,65.0,0.0,0,337.5,0.0,0.0,0.0,0.0,0.0,7
2023-05-11 13:35:03,l2311-P-7800,l2311-P-7800,337.5,0.0,0.0,0.0,10,65.5,0.0,0,337.5,0.0,0.0,0.0,0.0,0.0,7
2023-05-11 13:35:04,l2311-P-7800,l2311-P-7800,337.5,0.0,0.0,0.0,1,66.0,0.0,0,337.5,0.0,0.0,0.0,0.0,0.0,7
2023-05-11 13:35:04,l2311-P-7800,l2311-P-7800,337.5,0.0,0.0,0.0,10,66.5,0.0,0,337.5,0.0,0.0,0.0,0.0,0.0,7
2023-05-11 13:35:05,l2311-P-7800,l2311-P-7800,337.5,0.0,0.0,0.0,1,67.0,0.0,0,337.5,0.0,0.0,0.0,0.0,0.0,7
2023-05-11 13:35:06,l2311-P-7800,l2311-P-7800,337.5,0.0,0.0,0.0,10,67.5,0.0,0,337.5,0.0,0.0,0.0,0.0,0.0,7
2023-05-11 13:35:07,l2311-P-7800,l2311-P-7800,337.5,0.0,0.0,0.0,1,68.0,0.0,0,337.5,0.0,0.0,0.0,0.0,0.0,7
2023-05-11 13:35:07,l2311-P-7800,l2311-P-7800,337.5,0.0,0.0,0.0,10,68.5,0.0,0,337.5,0.0,0.0,0.0,0.0,0.0,7
2023-05-11 13:35:08,l2311-P-7800,l2311-P-7800,337.5,0.0,0.0,0.0,1,69.0,0.0,0,337.5,0.0,0.0,0.0,0.0,0.0,7
2023-05-11 13:35:08,l2311-P-7800,l2311-P-7800,337.5,0.0,0.0,0.0,10,69.5,0.0,0,337.5,0.0,0.0,0.0,0.0,0.0,7
2023-05-11 13:35:10,l2311-P-7800,l2311-P-7800,337.5,0.0,0.0,0.0,1,70.0,0.0,0,337.5,0.0,0.0,0.0,0.0,0.0,7
2023-05-11 13:35:10,l2311-P-7800,l2311-P-7800,337.5,0.0,0.0,0.0,10,70.5,0.0,0,337.5,0.0,0.0,0.0,0.0,0.0,7
2023-05-11 13:35:11,l2311-P-7800,l2311-P-7800,337.5,0.0,0.0,0.0,1,71.0,0.0,0,337.5,0.0,0.0,0.0,0.0,0.0,7
2023-05-11 13:35:11,l2311-P-7800,l2311-P-7800,337.5,0.0,0.0,0.0,10,71.5,0.0,0,337.5,0.0,0.0,0.0,0.0,0.0,7
2023-05-11 13:35:13,l2311-P-7800,l2311-P-7800,337.5,0.0,0.0,0.0,1,72.0,0.0,0,337.5,0.0,0.0,0.0,0.0,0.0,7
2023-05-11 13:35:13,l2311-P-7800,l2311-P-7800,337.5,0.0,0.0,0.0,10,72.5,0.0,0,337.5,0.0,0.0,0.0,0.0,0.0,7
2023-05-11 13:35:14,l2311-P-7800,l2311-P-7800,337.5,0.0,0.0,0.0,1,73.0,0.0,0,337.5,0.0,0.0,0.0,0.0,0.0,7
2023-05-11 13:35:14,l2311-P-7800,l2311-P-7800,337.5,0.0,0.0,0.0,10,73.5,0.0,0,337.5,0.0,0.0,0.0,0.0,0.0,7
2023-05-11 13:35:16,l2311-P-7800,l2311-P-7800,337.5,0.0,0.0,0.0,1,74.0,0.0,0,337.5,0.0,0.0,0.0,0.0,0.0,7
2023-05-11 13:35:16,l2311-P-7800,l2311-P-7800,337.5,0.0,0.0,0.0,10,74.5,0.0,0,337.5,0.0,0.0,0.0,0.0,0.0,7
2023-05-11 13:35:17,l2311-P-7800,l2311-P-7800,337.5,0.0,0.0,0.0,1,75.0,0.0,0,337.5,0.0,0.0,0.0,0.0,0.0,7
2023-05-11 13:35:17,l2311-P-7800,l2311-P-7800,337.5,0.0,0.0,0.0,10,75.5,0.0,0,337.5,0.0,0.0,0.0,0.0,0.0,7
2023-05-11 13:35:19,l2311-P-7800,l2311-P-7800,337.5,0.0,0.0,0.0,1,76.0,0.0,0,337.5,0.0,0.0,0.0,0.0,0.0,7
2023-05-11 13:35:19,l2311-P-7800,l2311-P-7800,337.5,0.0,0.0,0.0,10,76.5,0.0,0,337.5,0.0,0.0,0.0,0.0,0.0,7
2023-05-11 13:35:20,l2311-P-7800,l2311-P-7800,337.5,0.0,0.0,0.0,1,77.0,0.0,0,337.5,0.0,0.0,0.0,0.0,0.0,7
2023-05-11 13:35:20,l2311-P-7800,l2311-P-7800,337.5,0.0,0.0,0.0,10,77.5,0.0,0,337.5,0.0,0.0,0.0,0.0,0.0,7
2023-05-11 13:35:22,l2311-P-7800,l2311-P-7800,337.5,0.0,0.0,0.0,1,78.0,0.0,0,337.5,0.0,0.0,0.0,0.0,0.0,7
2023-05-11 13:35:22,l2311-P-7800,l2311-P-7800,337.5,0.0,0.0,0.0,10,78.5,0.0,0,337.5,0.0,0.0,0.0,0.0,0.0,7
2023-05-11 13:35:23,l2311-P-7800,l2311-P-7800,337.5,0.0,0.0,0.0,1,79.0,0.0,0,337.5,0.0,0.0,0.0,0.0,0.0,7
2023-05-11 13:35:23,l2311-P-7800,l2311-P-7800,337.5,0.0,0.0,0.0,10,79.5,0.0,0,337.5,0.0,0.0,0.0,0.0,0.0,7
2023-05-11 13:35:25,l2311-P-7800,l2311-P-7800,337.5,0.0,0.0,0.0,1,80.0,0.0,0,337.5,0.0,0.0,0.0,0.0,0.0,7
2023-05-11 13:35:25,l2311-P-7800,l2311-P-7800,337.5,0.0,0.0,0.0,10,80.5,0.0,0,337.5,0.0,0.0,0.0,0.0,0.0,7
2023-05-11 13:35:26,l2311-P-7800,l2311-P-7800,337.5,0.0,0.0,0.0,1,81.0,0.0,0,337.5,0.0,0.0,0.0,0.0,0.0,7
2023-05-11 13:35:26,l2311-P-7800,l2311-P-7800,337.5,0.0,0.0,0.0,10,81.5,0.0,0,337.5,0.0,0.0,0.0,0.0,0.0,7
2023-05-11 13:35:27,l2311-P-7800,l2311-P-7800,337.5,0.0,0.0,0.0,1,82.0,0.0,0,337.5,0.0,0.0,0.0,0.0,0.0,7
2023-05-11 13:35:27,l2311-P-7800,l2311-P-7800,337.5,0.0,0.0,0.0,10,82.5,0.0,0,337.5,0.0,0.0,0.0,0.0,0.0,7
2023-05-11 13:35:28,l2311-P-7800,l2311-P-7800,337.5,0.0,0.0,0.0,1,83.0,0.0,0,337.5,0.0,0.0,0.0,0.0,0.0,7
2023-05-11 13:35:28,l2311-P-7800,l2311-P-7800,337.5,0.0,0.0,0.0,10,83.5,0.0,0,337.5,0.0,0.0,0.0,0.0,0.0,7
2023-05-11 13:35:29,l2311-P-7800,l2311-P-7800,337.5,0.0,0.0,0.0,1,84.0,0.0,0,337.5,0.0,0.0,0.0,0.0,0.0,7
2023-05-11 13:35:29,l2311-P-7800,l2311-P-7800,337.5,0.0,0.0,0.0,10,84.5,0.0,0,337.5,0.0,0.0,0.0,0.0,0.0,7
2023-05-11 13:35:30,l2311-P-7800,l2311-P-7800,337.5,0.0,0.0,0.0,1,85.0,0.0,0,337.5,0.0,0.0,0.0,0.0,0.0,7
2023-05-11 13:35:30,l2311-P-7800,l2311-P-7800,337.5,0.0,0.0,0.0,10,85.5,0.0,0,337.5,0.0,0.0,0.0,0.0,0.0,7
2023-05-11 13:35:31,l2311-P-7800,l2311-P-7800,337.5,0.0,0.0,0.0,1,86.0,0.0,0,337.5,0.0,0.0,0.0,0.0,0.0,7
2023-05-11 13:35:31,l2311-P-7800,l2311-P-7800,337.5,0.0,0.0,0.0,10,86.5,0.0,0,337.5,0.0,0.0,0.0,0.0,0.0,7
2023-05-11 13:35:32,l2311-P-7800,l2311-P-7800,337.5,0.0,0.0,0.0,1,87.0,0.0,0,337.5,0.0,0.0,0.0,0.0,0.0,7
2023-05-11 13:35:32,l2311-P-7800,l2311-P-7800,337.5,0.0,0.0,0.0,10,87.5,0.0,0,337.5,0.0,0.0,0.0,0.0,0.0,7
2023-05-11 13:35:33,l2311-P-7800,l2311-P-7800,337.5,0.0,0.0,0.0,1,88.0,0.0,0,337.5,0.0,0.0,0.0,0.0,0.0,7
2023-05-11 13:35:33,l2311-P-7800,l2311-P-7800,337.5,0.0,0.0,0.0,10,88.5,0.0,0,337.5,0.0,0.0,0.0,0.0,0.0,7
2023-05-11 13:35:34,l2311-P-7800,l2311-P-7800,337.5,0.0,0.0,0.0,1,89.0,0.0,0,337.5,0.0,0.0,0.0,0.0,0.0,7
2023-05-11 13:35:34,l2311-P-7800,l2311-P-7800,337.5,0.0,0.0,0.0,10,89.5,0.0,0,337.5,0.0,0.0,0.0,0.0,0.0,7
2023-05-11 13:35:35,l2311-P-7800,l2311-P-7800,337.5,0.0,0.0,0.0,1,90.0,0.0,0,337.5,0.0,0.0,0.0,0.0,0.0,7
2023-05-11 13:35:35,l2311-P-7800,l2311-P-7800,337.5,0.0,0.0,0.0,10,90.5,0.0,0,337.5,0.0,0.0,0.0,0.0,0.0,7
2023-05-11 13:35:36,l2311-P-7800,l2311-P-7800,337.5,0.0,0.0,0.0,1,91.0,0.0,0,337.5,0.0,0.0,0.0,0.0,0.0,7
2023-05-11 13:35:36,l2311-P-7800,l2311-P-7800,337.5,0.0,0.0,0.0,10,91.5,0.0,0,337.5,0.0,0.0,0.0,0.0,0.0,7
2023-05-11 13:35:37,l2311-P-7800,l2311-P-7800,337.5,0.0,0.0,0.0,1,92.0,0.0,0,337.5,0.0,0.0,0.0,0.0,0.0,7
2023-05-11 13:35:37,l2311-P-7800,l2311-P-7800,337.5,0.0,0.0,0.0,10,92.5,0.0,0,337.5,0.0,0.0,0.0,0.0,0.0,7
2023-05-11 13:35:38,l2311-P-7800,l2311-P-7800,337.5,0.0,0.0,0.0,1,93.0,0.0,0,337.5,0.0,0.0,0.0,0.0,0.0,7
2023-05-11 13:35:38,l2311-P-7800,l2311-P-7800,337.5,0.0,0.0,0.0,10,93.5,0.0,0,337.5,0.0,0.0,0.0,0.0,0.0,7
2023-05-11 13:35:39,l2311-P-7800,l2311-P-7800,337.5,0.0,0.0,0.0,1,94.0,0.0,0,337.5,0.0,0.0,0.0,0.0,0.0,7
2023-05-11 13:35:39,l2311-P-7800,l2311-P-7800,337.5,0.0,0.0,0.0,10,94.5,0.0,0,337.5,0.0,0.0,0.0,0.0,0.0,7
2023-05-11 13:35:40,l2311-P-7800,l2311-P-7800,337.5,0.0,0.0,0.0,1,95.0,0.0,0,337.5,0.0,0.0,0.0,0.0,0.0,7
2023-05-11 13:35:40,l2311-P-7800,l2311-P-7800,337.5,0.0,0.0,0.0,10,95.5,0.0,0,337.5,0.0,0.0,0.0,0.0,0.0,7
2023-05-11 13:35:41,l2311-P-7800,l2311-P-7800,337.5,0.0,0.0,0.0,1,96.0,0.0,0,337.5,0.0,0.0,0.0,0.0,0.0,7
2023-05-11 13:35:41,l2311-P-7800,l2311-P-7800,337.5,0.0,0.0,0.0,10,96.5,0.0,0,337.5,0.0,0.0,0.0,0.0,0.0,7
2023-05-11 13:35:42,l2311-P-7800,l2311-P-7800,337.5,0.0,0.0,0.0,1,97.0,0.0,0,337.5,0.0,0.0,0.0,0.0,0.0,7
2023-05-11 13:35:42,l2311-P-7800,l2311-P-7800,337.5,0.0,0.0,0.0,10,97.5,0.0,0,337.5,0.0,0.0,0.0,0.0,0.0,7
2023-05-11 13:35:43,l2311-P-7800,l2311-P-7800,337.5,0.0,0.0,0.0,1,98.0,0.0,0,337.5,0.0,0.0,0.0,0.0,0.0,7
2023-05-11 13:35:43,l2311-P-7800,l2311-P-7800,337.5,0.0,0.0,0.0,10,98.5,0.0,0,337.5,0.0,0.0,0.0,0.0,0.0,7
2023-05-11 13:35:44,l2311-P-7800,l2311-P-7800,337.5,0.0,0.0,0.0,1,99.0,0.0,0,337.5,0.0,0.0,0.0,0.0,0.0,7
2023-05-11 13:35:44,l2311-P-7800,l2311-P-7800,337.5,0.0,0.0,0.0,10,99.5,0.0,0,337.5,0.0,0.0,0.0,0.0,0.0,7
2023-05-11 13:35:45,l2311-P-7800,l2311-P-7800,337.5,0.0,0.0,0.0,1,100.0,0.0,0,337.5,0.0,0.0,0.0,0.0,0.0,7
2023-05-11 13:35:46,l2311-P-7800,l2311-P-7800,337.5,0.0,0.0,0.0,10,100.5,0.0,0,337.5,0.0,0.0,0.0,0.0,0.0,7
2023-05-11 13:35:46,l2311-P-7800,l2311-P-7800,337.5,0.0,0.0,0.0,1,101.0,0.0,0,337.5,0.0,0.0,0.0,0.0,0.0,7
2023-05-11 13:35:46,l2311-P-7800,l2311-P-7800,337.5,0.0,0.0,0.0,10,101.5,0.0,0,337.5,0.0,0.0,0.0,0.0,0.0,7
2023-05-11 13:35:47,l2311-P-7800,l2311-P-7800,337.5,0.0,0.0,0.0,1,102.0,0.0,0,337.5,0.0,0.0,0.0,0.0,0.0,7
2023-05-11 13:35:47,l2311-P-7800,l2311-P-7800,337.5,0.0,0.0,0.0,10,102.5,0.0,0,337.5,0.0,0.0,0.0,0.0,0.0,7
2023-05-11 13:35:48,l2311-P-7800,l2311-P-7800,337.5,0.0,0.0,0.0,1,103.0,0.0,0,337.5,0.0,0.0,0.0,0.0,0.0,7
2023-05-11 13:35:48,l2311-P-7800,l2311-P-7800,337.5,0.0,0.0,0.0,10,103.5,0.0,0,337.5,0.0,0.0,0.0,0.0,0.0,7
2023-05-11 13:35:50,l2311-P-7800,l2311-P-7800,337.5,0.0,0.0,0.0,1,104.0,0.0,0,337.5,0.0,0.0,0.0,0.0,0.0,7
2023-05-11 13:35:50,l2311-P-7800,l2311-P-7800,337.5,0.0,0.0,0.0,10,104.5,0.0,0,337.5,0.0,0.0,0.0,0.0,0.0,7
2023-05-11 13:35:51,l2311-P-7800,l2311-P-7800,337.5,0.0,0.0,0.0,1,105.0,0.0,0,337.5,0.0,0.0,0.0,0.0,0.0,7
2023-05-11 13:35:51,l2311-P-7800,l2311-P-7800,337.5,0.0,0.0,0.0,10,105.5,0.0,0,337.5,0.0,0.0,0.0,0.0,0.0,7
2023-05-11 13:35:52,l2311-P-7800,l2311-P-7800,337.5,0.0,0.0,0.0,1,106.0,0.0,0,337.5,0.0,0.0,0.0,0.0,0.0,7
2023-05-11 13:35:52,l2311-P-7800,l2311-P-7800,337.5,0.0,0.0,0.0,10,106.5,0.0,0,337.5,0.0,0.0,0.0,0.0,0.0,7
2023-05-11 13:35:53,l2311-P-7800,l2311-P-7800,337.5,0.0,0.0,0.0,1,107.0,0.0,0,337.5,0.0,0.0,0.0,0.0,0.0,7
2023-05-11 13:35:53,l2311-P-7800,l2311-P-7800,337.5,0.0,0.0,0.0,10,107.5,0.0,0,337.5,0.0,0.0,0.0,0.0,0.0,7
2023-05-11 13:35:54,l2311-P-7800,l2311-P-7800,337.5,0.0,0.0,0.0,1,108.0,0.0,0,337.5,0.0,0.0,0.0,0.0,0.0,7
2023-05-11 13:35:54,l2311-P-7800,l2311-P-7800,337.5,0.0,0.0,0.0,10,108.5,0.0,0,337.5,0.0,0.0,0.0,0.0,0.0,7
2023-05-11 13:35:55,l2311-P-7800,l2311-P-7800,337.5,0.0,0.0,0.0,1,109.0,0.0,0,337.5,0.0,0.0,0.0,0.0,0.0,7
2023-05-11 13:35:55,l2311-P-7800,l2311-P-7800,337.5,0.0,0.0,0.0,10,109.5,0.0,0,337.5,0.0,0.0,0.0,0.0,0.0,7
2023-05-11 13:35:56,l2311-P-7800,l2311-P-7800,337.5,0.0,0.0,0.0,1,110.0,0.0,0,337.5,0.0,0.0,0.0,0.0,0.0,7
2023-05-11 13:35:56,l2311-P-7800,l2311-P-7800,337.5,0.0,0.0,0.0,10,110.5,0.0,0,337.5,0.0,0.0,0.0,0.0,0.0,7
2023-05-11 13:35:57,l2311-P-7800,l2311-P-7800,337.5,0.0,0.0,0.0,1,111.0,0.0,0,337.5,0.0,0.0,0.0,0.0,0.0,7
2023-05-11 13:35:57,l2311-P-7800,l2311-P-7800,337.5,0.0,0.0,0.0,10,111.5,0.0,0,337.5,0.0,0.0,0.0,0.0,0.0,7
2023-05-11 13:35:58,l2311-P-7800,l2311-P-7800,337.5,0.0,0.0,0.0,1,112.0,0.0,0,337.5,0.0,0.0,0.0,0.0,0.0,7
2023-05-11 13:35:58,l2311-P-7800,l2311-P-7800,337.5,0.0,0.0,0.0,10,112.5,0.0,0,337.5,0.0,0.0,0.0,0.0,0.0,7
2023-05-11 13:35:59,l2311-P-7800,l2311-P-7800,337.5,0.0,0.0,0.0,1,113.0,0.0,0,337.5,0.0,0.0,0.0,0.0,0.0,7
2023-05-11 13:35:59,l2311-P-7800,l2311-P-7800,337.5,0.0,0.0,0.0,10,113.5,0.0,0,337.5,0.0,0.0,0.0,0.0,0.0,7
2023-05-11 13:36:00,l2311-P-7800,l2311-P-7800,337.5,0.0,0.0,0.0,1,114.0,0.0,0,337.5,0.0,0.0,0.0,0.0,0.0,7
2023-05-11 13:36:00,l2311-P-7800,l2311-P-7800,337.5,0.0,0.0,0.0,10,114.5,0.0,0,337.5,0.0,0.0,0.0,0.0,0.0,7
2023-05-11 13:36:01,l2311-P-7800,l2311-P-7800,337.5,0.0,0.0,0.0,1,115.0,0.0,0,337.5,0.0,0.0,0.0,0.0,0.0,7
2023-05-11 13:36:01,l2311-P-7800,l2311-P-7800,337.5,0.0,0.0,0.0,10,115.5,0.0,0,337.5,0.0,0.0,0.0,0.0,0.0,7
2023-05-11 13:36:02,l2311-P-7800,l2311-P-7800,337.5,0.0,0.0,0.0,1,116.0,0.0,0,337.5,0.0,0.0,0.0,0.0,0.0,7
2023-05-11 13:36:02,l2311-P-7800,l2311-P-7800,337.5,0.0,0.0,0.0,10,116.5,0.0,0,337.5,0.0,0.0,0.0,0.0,0.0,7
2023-05-11 13:36:03,l2311-P-7800,l2311-P-7800,337.5,0.0,0.0,0.0,1,117.0,0.0,0,337.5,0.0,0.0,0.0,0.0,0.0,7
2023-05-11 13:36:04,l2311-P-7800,l2311-P-7800,337.5,0.0,0.0,0.0,10,117.5,0.0,0,337.5,0.0,0.0,0.0,0.0,0.0,7
2023-05-11 13:36:05,l2311-P-7800,l2311-P-7800,337.5,0.0,0.0,0.0,1,118.0,0.0,0,337.5,0.0,0.0,0.0,0.0,0.0,7
2023-05-11 13:36:05,l2311-P-7800,l2311-P-7800,337.5,0.0,0.0,0.0,10,118.5,0.0,0,337.5,0.0,0.0,0.0,0.0,0.0,7
2023-05-11 13:36:06,l2311-P-7800,l2311-P-7800,337.5,0.0,0.0,0.0,1,119.0,0.0,0,337.5,0.0,0.0,0.0,0.0,0.0,7
2023-05-11 13:36:06,l2311-P-7800,l2311-P-7800,337.5,0.0,0.0,0.0,10,119.5,0.0,0,337.5,0.0,0.0,0.0,0.0,0.0,7
2023-05-11 13:36:07,l2311-P-7800,l2311-P-7800,337.5,0.0,0.0,0.0,1,120.0,0.0,0,337.5,0.0,0.0,0.0,0.0,0.0,7
2023-05-11 13:36:07,l2311-P-7800,l2311-P-7800,337.5,0.0,0.0,0.0,10,120.5,0.0,0,337.5,0.0,0.0,0.0,0.0,0.0,7
2023-05-11 13:36:08,l2311-P-7800,l2311-P-7800,337.5,0.0,0.0,0.0,1,121.0,0.0,0,337.5,0.0,0.0,0.0,0.0,0.0,7
2023-05-11 13:36:08,l2311-P-7800,l2311-P-7800,337.5,0.0,0.0,0.0,10,121.5,0.0,0,337.5,0.0,0.0,0.0,0.0,0.0,7
2023-05-11 13:36:09,l2311-P-7800,l2311-P-7800,337.5,0.0,0.0,0.0,1,122.0,0.0,0,337.5,0.0,0.0,0.0,0.0,0.0,7
2023-05-11 13:36:09,l2311-P-7800,l2311-P-7800,337.5,0.0,0.0,0.0,10,122.5,0.0,0,337.5,0.0,0.0,0.0,0.0,0.0,7
2023-05-11 13:36:10,l2311-P-7800,l2311-P-7800,337.5,0.0,0.0,0.0,1,123.0,0.0,0,337.5,0.0,0.0,0.0,0.0,0.0,7
2023-05-11 13:36:10,l2311-P-7800,l2311-P-7800,337.5,0.0,0.0,0.0,10,123.5,0.0,0,337.5,0.0,0.0,0.0,0.0,0.0,7
2023-05-11 13:36:11,l2311-P-7800,l2311-P-7800,337.5,0.0,0.0,0.0,1,124.0,0.0,0,337.5,0.0,0.0,0.0,0.0,0.0,7
2023-05-11 13:36:11,l2311-P-7800,l2311-P-7800,337.5,0.0,0.0,0.0,10,124.5,0.0,0,337.5,0.0,0.0,0.0,0.0,0.0,7
2023-05-11 13:36:12,l2311-P-7800,l2311-P-7800,337.5,0.0,0.0,0.0,1,125.0,0.0,0,337.5,0.0,0.0,0.0,0.0,0.0,7
2023-05-11 13:36:12,l2311-P-7800,l2311-P-7800,337.5,0.0,0.0,0.0,10,125.5,0.0,0,337.5,0.0,0.0,0.0,0.0,0.0,7
2023-05-11 13:36:13,l2311-P-7800,l2311-P-7800,337.5,0.0,0.0,0.0,1,126.0,0.0,0,337.5,0.0,0.0,0.0,0.0,0.0,7
2023-05-11 13:36:13,l2311-P-7800,l2311-P-7800,337.5,0.0,0.0,0.0,10,126.5,0.0,0,337.5,0.0,0.0,0.0,0.0,0.0,7
2023-05-11 13:36:14,l2311-P-7800,l2311-P-7800,337.5,0.0,0.0,0.0,1,127.0,0.0,0,337.5,0.0,0.0,0.0,0.0,0.0,7
2023-05-11 13:36:14,l2311-P-7800,l2311-P-7800,337.5,0.0,0.0,0.0,10,127.5,0.0,0,337.5,0.0,0.0,0.0,0.0,0.0,7
2023-05-11 13:36:15,l2311-P-7800,l2311-P-7800,337.5,0.0,0.0,0.0,1,128.0,0.0,0,337.5,0.0,0.0,0.0,0.0,0.0,7
2023-05-11 13:36:15,l2311-P-7800,l2311-P-7800,337.5,0.0,0.0,0.0,10,128.5,0.0,0,337.5,0.0,0.0,0.0,0.0,0.0,7
2023-05-11 13:36:16,l2311-P-7800,l2311-P-7800,337.5,0.0,0.0,0.0,1,129.0,0.0,0,337.5,0.0,0.0,0.0,0.0,0.0,7
2023-05-11 13:36:16,l2311-P-7800,l2311-P-7800,337.5,0.0,0.0,0.0,10,129.5,0.0,0,337.5,0.0,0.0,0.0,0.0,0.0,7
2023-05-11 13:36:17,l2311-P-7800,l2311-P-7800,337.5,0.0,0.0,0.0,1,130.0,0.0,0,337.5,0.0,0.0,0.0,0.0,0.0,7
2023-05-11 13:36:17,l2311-P-7800,l2311-P-7800,337.5,0.0,0.0,0.0,10,130.5,0.0,0,337.5,0.0,0.0,0.0,0.0,0.0,7
2023-05-11 13:36:18,l2311-P-7800,l2311-P-7800,337.5,0.0,0.0,0.0,1,131.0,0.0,0,337.5,0.0,0.0,0.0,0.0,0.0,7
2023-05-11 13:36:18,l2311-P-7800,l2311-P-7800,337.5,0.0,0.0,0.0,10,131.5,0.0,0,337.5,0.0,0.0,0.0,0.0,0.0,7
2023-05-11 13:36:19,l2311-P-7800,l2311-P-7800,337.5,0.0,0.0,0.0,1,132.0,0.0,0,337.5,0.0,0.0,0.0,0.0,0.0,7
2023-05-11 13:36:20,l2311-P-7800,l2311-P-7800,337.5,0.0,0.0,0.0,10,132.5,0.0,0,337.5,0.0,0.0,0.0,0.0,0.0,7
2023-05-11 13:36:20,l2311-P-7800,l2311-P-7800,337.5,0.0,0.0,0.0,1,133.0,0.0,0,337.5,0.0,0.0,0.0,0.0,0.0,7
2023-05-11 13:36:20,l2311-P-7800,l2311-P-7800,337.5,0.0,0.0,0.0,10,133.5,0.0,0,337.5,0.0,0.0,0.0,0.0,0.0,7
2023-05-11 13:36:21,l2311-P-7800,l2311-P-7800,337.5,0.0,0.0,0.0,1,134.0,0.0,0,337.5,0.0,0.0,0.0,0.0,0.0,7
2023-05-11 13:36:22,l2311-P-7800,l2311-P-7800,337.5,0.0,0.0,0.0,10,134.5,0.0,0,337.5,0.0,0.0,0.0,0.0,0.0,7
2023-05-11 13:36:22,l2311-P-7800,l2311-P-7800,337.5,0.0,0.0,0.0,1,135.0,0.0,0,337.5,0.0,0.0,0.0,0.0,0.0,7
2023-05-11 13:36:23,l2311-P-7800,l2311-P-7800,337.5,0.0,0.0,0.0,10,135.5,0.0,0,337.5,0.0,0.0,0.0,0.0,0.0,7
2023-05-11 13:36:23,l2311-P-7800,l2311-P-7800,337.5,0.0,0.0,0.0,1,136.0,0.0,0,337.5,0.0,0.0,0.0,0.0,0.0,7
2023-05-11 13:36:24,l2311-P-7800,l2311-P-7800,337.5,0.0,0.0,0.0,10,136.5,0.0,0,337.5,0.0,0.0,0.0,0.0,0.0,7
2023-05-11 13:36:24,l2311-P-7800,l2311-P-7800,337.5,0.0,0.0,0.0,1,137.0,0.0,0,337.5,0.0,0.0,0.0,0.0,0.0,7
2023-05-11 13:36:24,l2311-P-7800,l2311-P-7800,337.5,0.0,0.0,0.0,10,137.5,0.0,0,337.5,0.0,0.0,0.0,0.0,0.0,7
2023-05-11 13:36:25,l2311-P-7800,l2311-P-7800,337.5,0.0,0.0,0.0,1,138.0,0.0,0,337.5,0.0,0.0,0.0,0.0,0.0,7
2023-05-11 13:36:25,l2311-P-7800,l2311-P-7800,337.5,0.0,0.0,0.0,10,138.5,0.0,0,337.5,0.0,0.0,0.0,0.0,0.0,7
2023-05-11 13:55:50,l2311-P-7800,l2311-P-7800,337.5,0.0,0.0,0.0,1,312.0,329.5,1,337.5,0.0,0.0,0.0,0.0,0.0,7
2023-05-11 13:55:55,l2311-P-7800,l2311-P-7800,337.5,0.0,0.0,0.0,2,312.0,329.5,2,337.5,0.0,0.0,0.0,0.0,0.0,7
2023-05-11 13:56:01,l2311-P-7800,l2311-P-7800,337.5,0.0,0.0,0.0,1,312.0,329.5,1,337.5,0.0,0.0,0.0,0.0,0.0,7
2023-05-11 13:56:07,l2311-P-7800,l2311-P-7800,337.5,0.0,0.0,0.0,1,311.5,330.0,1,337.5,0.0,0.0,0.0,0.0,0.0,7
2023-05-11 13:56:11,l2311-P-7800,l2311-P-7800,337.5,0.0,0.0,0.0,1,305.5,332.5,1,337.5,0.0,0.0,0.0,0.0,0.0,7
2023-05-11 13:56:14,l2311-P-7800,l2311-P-7800,337.5,0.0,0.0,0.0,10,39.5,0.0,0,337.5,0.0,0.0,0.0,0.0,0.0,7
2023-05-11 13:56:15,l2311-P-7800,l2311-P-7800,337.5,0.0,0.0,0.0,1,40.0,0.0,0,337.5,0.0,0.0,0.0,0.0,0.0,7
2023-05-11 13:56:15,l2311-P-7800,l2311-P-7800,337.5,0.0,0.0,0.0,10,40.5,0.0,0,337.5,0.0,0.0,0.0,0.0,0.0,7
2023-05-11 13:56:17,l2311-P-7800,l2311-P-7800,337.5,0.0,0.0,0.0,1,41.0,0.0,0,337.5,0.0,0.0,0.0,0.0,0.0,7
2023-05-11 13:56:17,l2311-P-7800,l2311-P-7800,337.5,0.0,0.0,0.0,10,41.5,0.0,0,337.5,0.0,0.0,0.0,0.0,0.0,7
2023-05-11 13:56:18,l2311-P-7800,l2311-P-7800,337.5,0.0,0.0,0.0,1,42.0,0.0,0,337.5,0.0,0.0,0.0,0.0,0.0,7
2023-05-11 13:56:18,l2311-P-7800,l2311-P-7800,337.5,0.0,0.0,0.0,10,42.5,0.0,0,337.5,0.0,0.0,0.0,0.0,0.0,7
2023-05-11 13:56:20,l2311-P-7800,l2311-P-7800,337.5,0.0,0.0,0.0,1,43.0,0.0,0,337.5,0.0,0.0,0.0,0.0,0.0,7
2023-05-11 13:56:20,l2311-P-7800,l2311-P-7800,337.5,0.0,0.0,0.0,10,43.5,0.0,0,337.5,0.0,0.0,0.0,0.0,0.0,7
2023-05-11 13:56:21,l2311-P-7800,l2311-P-7800,337.5,0.0,0.0,0.0,1,44.0,0.0,0,337.5,0.0,0.0,0.0,0.0,0.0,7
2023-05-11 13:56:21,l2311-P-7800,l2311-P-7800,337.5,0.0,0.0,0.0,10,44.5,0.0,0,337.5,0.0,0.0,0.0,0.0,0.0,7
2023-05-11 13:56:23,l2311-P-7800,l2311-P-7800,337.5,0.0,0.0,0.0,1,45.0,0.0,0,337.5,0.0,0.0,0.0,0.0,0.0,7
2023-05-11 13:56:23,l2311-P-7800,l2311-P-7800,337.5,0.0,0.0,0.0,10,45.5,0.0,0,337.5,0.0,0.0,0.0,0.0,0.0,7
2023-05-11 13:56:25,l2311-P-7800,l2311-P-7800,337.5,0.0,0.0,0.0,1,46.0,0.0,0,337.5,0.0,0.0,0.0,0.0,0.0,7
2023-05-11 13:56:25,l2311-P-7800,l2311-P-7800,337.5,0.0,0.0,0.0,10,46.5,0.0,0,337.5,0.0,0.0,0.0,0.0,0.0,7
2023-05-11 13:56:26,l2311-P-7800,l2311-P-7800,337.5,0.0,0.0,0.0,1,47.0,0.0,0,337.5,0.0,0.0,0.0,0.0,0.0,7
2023-05-11 13:56:26,l2311-P-7800,l2311-P-7800,337.5,0.0,0.0,0.0,10,47.5,0.0,0,337.5,0.0,0.0,0.0,0.0,0.0,7
2023-05-11 13:56:28,l2311-P-7800,l2311-P-7800,337.5,0.0,0.0,0.0,1,48.0,0.0,0,337.5,0.0,0.0,0.0,0.0,0.0,7
2023-05-11 13:56:28,l2311-P-7800,l2311-P-7800,337.5,0.0,0.0,0.0,10,48.5,0.0,0,337.5,0.0,0.0,0.0,0.0,0.0,7
2023-05-11 13:56:29,l2311-P-7800,l2311-P-7800,337.5,0.0,0.0,0.0,1,49.0,0.0,0,337.5,0.0,0.0,0.0,0.0,0.0,7
2023-05-11 13:56:29,l2311-P-7800,l2311-P-7800,337.5,0.0,0.0,0.0,10,49.5,0.0,0,337.5,0.0,0.0,0.0,0.0,0.0,7
2023-05-11 13:56:31,l2311-P-7800,l2311-P-7800,337.5,0.0,0.0,0.0,1,50.0,0.0,0,337.5,0.0,0.0,0.0,0.0,0.0,7
2023-05-11 13:56:31,l2311-P-7800,l2311-P-7800,337.5,0.0,0.0,0.0,10,50.5,0.0,0,337.5,0.0,0.0,0.0,0.0,0.0,7
2023-05-11 13:56:32,l2311-P-7800,l2311-P-7800,337.5,0.0,0.0,0.0,1,51.0,0.0,0,337.5,0.0,0.0,0.0,0.0,0.0,7
2023-05-11 13:56:32,l2311-P-7800,l2311-P-7800,337.5,0.0,0.0,0.0,10,51.5,0.0,0,337.5,0.0,0.0,0.0,0.0,0.0,7
2023-05-11 13:56:34,l2311-P-7800,l2311-P-7800,337.5,0.0,0.0,0.0,1,52.0,0.0,0,337.5,0.0,0.0,0.0,0.0,0.0,7
2023-05-11 13:56:34,l2311-P-7800,l2311-P-7800,337.5,0.0,0.0,0.0,10,52.5,0.0,0,337.5,0.0,0.0,0.0,0.0,0.0,7
2023-05-11 13:56:36,l2311-P-7800,l2311-P-7800,337.5,0.0,0.0,0.0,1,53.0,0.0,0,337.5,0.0,0.0,0.0,0.0,0.0,7
2023-05-11 13:56:36,l2311-P-7800,l2311-P-7800,337.5,0.0,0.0,0.0,10,53.5,0.0,0,337.5,0.0,0.0,0.0,0.0,0.0,7
2023-05-11 13:56:37,l2311-P-7800,l2311-P-7800,337.5,0.0,0.0,0.0,1,54.0,0.0,0,337.5,0.0,0.0,0.0,0.0,0.0,7
2023-05-11 13:56:37,l2311-P-7800,l2311-P-7800,337.5,0.0,0.0,0.0,10,54.5,0.0,0,337.5,0.0,0.0,0.0,0.0,0.0,7
2023-05-11 13:56:38,l2311-P-7800,l2311-P-7800,337.5,0.0,0.0,0.0,1,55.0,0.0,0,337.5,0.0,0.0,0.0,0.0,0.0,7
2023-05-11 13:56:39,l2311-P-7800,l2311-P-7800,337.5,0.0,0.0,0.0,10,55.5,0.0,0,337.5,0.0,0.0,0.0,0.0,0.0,7
2023-05-11 13:56:40,l2311-P-7800,l2311-P-7800,337.5,0.0,0.0,0.0,1,56.0,0.0,0,337.5,0.0,0.0,0.0,0.0,0.0,7
2023-05-11 13:56:40,l2311-P-7800,l2311-P-7800,337.5,0.0,0.0,0.0,10,56.5,0.0,0,337.5,0.0,0.0,0.0,0.0,0.0,7
2023-05-11 13:56:42,l2311-P-7800,l2311-P-7800,337.5,0.0,0.0,0.0,1,57.0,0.0,0,337.5,0.0,0.0,0.0,0.0,0.0,7
2023-05-11 13:56:42,l2311-P-7800,l2311-P-7800,337.5,0.0,0.0,0.0,10,57.5,0.0,0,337.5,0.0,0.0,0.0,0.0,0.0,7
2023-05-11 13:56:43,l2311-P-7800,l2311-P-7800,337.5,0.0,0.0,0.0,1,58.0,0.0,0,337.5,0.0,0.0,0.0,0.0,0.0,7
2023-05-11 13:56:43,l2311-P-7800,l2311-P-7800,337.5,0.0,0.0,0.0,10,58.5,0.0,0,337.5,0.0,0.0,0.0,0.0,0.0,7
2023-05-11 13:56:45,l2311-P-7800,l2311-P-7800,337.5,0.0,0.0,0.0,1,59.0,0.0,0,337.5,0.0,0.0,0.0,0.0,0.0,7
2023-05-11 13:56:45,l2311-P-7800,l2311-P-7800,337.5,0.0,0.0,0.0,10,59.5,0.0,0,337.5,0.0,0.0,0.0,0.0,0.0,7
2023-05-11 13:56:46,l2311-P-7800,l2311-P-7800,337.5,0.0,0.0,0.0,1,60.0,0.0,0,337.5,0.0,0.0,0.0,0.0,0.0,7
2023-05-11 13:56:46,l2311-P-7800,l2311-P-7800,337.5,0.0,0.0,0.0,10,60.5,0.0,0,337.5,0.0,0.0,0.0,0.0,0.0,7
2023-05-11 13:56:48,l2311-P-7800,l2311-P-7800,337.5,0.0,0.0,0.0,1,61.0,0.0,0,337.5,0.0,0.0,0.0,0.0,0.0,7
2023-05-11 13:56:48,l2311-P-7800,l2311-P-7800,337.5,0.0,0.0,0.0,10,61.5,0.0,0,337.5,0.0,0.0,0.0,0.0,0.0,7
2023-05-11 13:56:49,l2311-P-7800,l2311-P-7800,337.5,0.0,0.0,0.0,1,62.0,0.0,0,337.5,0.0,0.0,0.0,0.0,0.0,7
2023-05-11 13:56:49,l2311-P-7800,l2311-P-7800,337.5,0.0,0.0,0.0,10,62.5,0.0,0,337.5,0.0,0.0,0.0,0.0,0.0,7
2023-05-11 13:56:51,l2311-P-7800,l2311-P-7800,337.5,0.0,0.0,0.0,1,63.0,0.0,0,337.5,0.0,0.0,0.0,0.0,0.0,7
2023-05-11 13:56:51,l2311-P-7800,l2311-P-7800,337.5,0.0,0.0,0.0,10,63.5,0.0,0,337.5,0.0,0.0,0.0,0.0,0.0,7
2023-05-11 13:56:52,l2311-P-7800,l2311-P-7800,337.5,0.0,0.0,0.0,1,64.0,0.0,0,337.5,0.0,0.0,0.0,0.0,0.0,7
2023-05-11 13:56:52,l2311-P-7800,l2311-P-7800,337.5,0.0,0.0,0.0,10,64.5,0.0,0,337.5,0.0,0.0,0.0,0.0,0.0,7
2023-05-11 13:56:54,l2311-P-7800,l2311-P-7800,337.5,0.0,0.0,0.0,1,65.0,0.0,0,337.5,0.0,0.0,0.0,0.0,0.0,7
2023-05-11 13:56:54,l2311-P-7800,l2311-P-7800,337.5,0.0,0.0,0.0,10,65.5,0.0,0,337.5,0.0,0.0,0.0,0.0,0.0,7
2023-05-11 13:56:55,l2311-P-7800,l2311-P-7800,337.5,0.0,0.0,0.0,1,66.0,0.0,0,337.5,0.0,0.0,0.0,0.0,0.0,7
2023-05-11 13:56:55,l2311-P-7800,l2311-P-7800,337.5,0.0,0.0,0.0,10,66.5,0.0,0,337.5,0.0,0.0,0.0,0.0,0.0,7
2023-05-11 13:56:57,l2311-P-7800,l2311-P-7800,337.5,0.0,0.0,0.0,1,67.0,0.0,0,337.5,0.0,0.0,0.0,0.0,0.0,7
2023-05-11 13:56:57,l2311-P-7800,l2311-P-7800,337.5,0.0,0.0,0.0,10,67.5,0.0,0,337.5,0.0,0.0,0.0,0.0,0.0,7
2023-05-11 13:56:58,l2311-P-7800,l2311-P-7800,337.5,0.0,0.0,0.0,1,68.0,0.0,0,337.5,0.0,0.0,0.0,0.0,0.0,7
2023-05-11 13:56:58,l2311-P-7800,l2311-P-7800,337.5,0.0,0.0,0.0,10,68.5,0.0,0,337.5,0.0,0.0,0.0,0.0,0.0,7
2023-05-11 13:56:59,l2311-P-7800,l2311-P-7800,337.5,0.0,0.0,0.0,1,69.0,0.0,0,337.5,0.0,0.0,0.0,0.0,0.0,7
2023-05-11 13:56:59,l2311-P-7800,l2311-P-7800,337.5,0.0,0.0,0.0,10,69.5,0.0,0,337.5,0.0,0.0,0.0,0.0,0.0,7
2023-05-11 13:57:00,l2311-P-7800,l2311-P-7800,337.5,0.0,0.0,0.0,1,70.0,0.0,0,337.5,0.0,0.0,0.0,0.0,0.0,7
2023-05-11 13:57:00,l2311-P-7800,l2311-P-7800,337.5,0.0,0.0,0.0,10,70.5,0.0,0,337.5,0.0,0.0,0.0,0.0,0.0,7
2023-05-11 13:57:01,l2311-P-7800,l2311-P-7800,337.5,0.0,0.0,0.0,1,71.0,0.0,0,337.5,0.0,0.0,0.0,0.0,0.0,7
2023-05-11 13:57:01,l2311-P-7800,l2311-P-7800,337.5,0.0,0.0,0.0,10,71.5,0.0,0,337.5,0.0,0.0,0.0,0.0,0.0,7
2023-05-11 13:57:03,l2311-P-7800,l2311-P-7800,337.5,0.0,0.0,0.0,1,72.0,0.0,0,337.5,0.0,0.0,0.0,0.0,0.0,7
2023-05-11 13:57:03,l2311-P-7800,l2311-P-7800,337.5,0.0,0.0,0.0,10,72.5,0.0,0,337.5,0.0,0.0,0.0,0.0,0.0,7
2023-05-11 13:57:04,l2311-P-7800,l2311-P-7800,337.5,0.0,0.0,0.0,1,73.0,0.0,0,337.5,0.0,0.0,0.0,0.0,0.0,7
2023-05-11 13:57:04,l2311-P-7800,l2311-P-7800,337.5,0.0,0.0,0.0,10,73.5,0.0,0,337.5,0.0,0.0,0.0,0.0,0.0,7
2023-05-11 13:57:05,l2311-P-7800,l2311-P-7800,337.5,0.0,0.0,0.0,1,74.0,0.0,0,337.5,0.0,0.0,0.0,0.0,0.0,7
2023-05-11 13:57:05,l2311-P-7800,l2311-P-7800,337.5,0.0,0.0,0.0,10,74.5,0.0,0,337.5,0.0,0.0,0.0,0.0,0.0,7
2023-05-11 13:57:06,l2311-P-7800,l2311-P-7800,337.5,0.0,0.0,0.0,1,75.0,0.0,0,337.5,0.0,0.0,0.0,0.0,0.0,7
2023-05-11 13:57:06,l2311-P-7800,l2311-P-7800,337.5,0.0,0.0,0.0,10,75.5,0.0,0,337.5,0.0,0.0,0.0,0.0,0.0,7
2023-05-11 13:57:07,l2311-P-7800,l2311-P-7800,337.5,0.0,0.0,0.0,1,76.0,0.0,0,337.5,0.0,0.0,0.0,0.0,0.0,7
2023-05-11 13:57:07,l2311-P-7800,l2311-P-7800,337.5,0.0,0.0,0.0,10,76.5,0.0,0,337.5,0.0,0.0,0.0,0.0,0.0,7
2023-05-11 13:57:08,l2311-P-7800,l2311-P-7800,337.5,0.0,0.0,0.0,1,77.0,0.0,0,337.5,0.0,0.0,0.0,0.0,0.0,7
2023-05-11 13:57:08,l2311-P-7800,l2311-P-7800,337.5,0.0,0.0,0.0,10,77.5,0.0,0,337.5,0.0,0.0,0.0,0.0,0.0,7
2023-05-11 13:57:09,l2311-P-7800,l2311-P-7800,337.5,0.0,0.0,0.0,1,78.0,0.0,0,337.5,0.0,0.0,0.0,0.0,0.0,7
2023-05-11 13:57:09,l2311-P-7800,l2311-P-7800,337.5,0.0,0.0,0.0,10,78.5,0.0,0,337.5,0.0,0.0,0.0,0.0,0.0,7
2023-05-11 13:57:10,l2311-P-7800,l2311-P-7800,337.5,0.0,0.0,0.0,1,79.0,0.0,0,337.5,0.0,0.0,0.0,0.0,0.0,7
2023-05-11 13:57:10,l2311-P-7800,l2311-P-7800,337.5,0.0,0.0,0.0,10,79.5,0.0,0,337.5,0.0,0.0,0.0,0.0,0.0,7
2023-05-11 13:57:11,l2311-P-7800,l2311-P-7800,337.5,0.0,0.0,0.0,1,80.0,0.0,0,337.5,0.0,0.0,0.0,0.0,0.0,7
2023-05-11 13:57:11,l2311-P-7800,l2311-P-7800,337.5,0.0,0.0,0.0,10,80.5,0.0,0,337.5,0.0,0.0,0.0,0.0,0.0,7
2023-05-11 13:57:12,l2311-P-7800,l2311-P-7800,337.5,0.0,0.0,0.0,1,81.0,0.0,0,337.5,0.0,0.0,0.0,0.0,0.0,7
2023-05-11 13:57:12,l2311-P-7800,l2311-P-7800,337.5,0.0,0.0,0.0,10,81.5,0.0,0,337.5,0.0,0.0,0.0,0.0,0.0,7
2023-05-11 13:57:13,l2311-P-7800,l2311-P-7800,337.5,0.0,0.0,0.0,1,82.0,0.0,0,337.5,0.0,0.0,0.0,0.0,0.0,7
2023-05-11 13:57:13,l2311-P-7800,l2311-P-7800,337.5,0.0,0.0,0.0,10,82.5,0.0,0,337.5,0.0,0.0,0.0,0.0,0.0,7
2023-05-11 13:57:14,l2311-P-7800,l2311-P-7800,337.5,0.0,0.0,0.0,1,83.0,0.0,0,337.5,0.0,0.0,0.0,0.0,0.0,7
2023-05-11 13:57:14,l2311-P-7800,l2311-P-7800,337.5,0.0,0.0,0.0,10,83.5,0.0,0,337.5,0.0,0.0,0.0,0.0,0.0,7
2023-05-11 13:57:15,l2311-P-7800,l2311-P-7800,337.5,0.0,0.0,0.0,1,84.0,0.0,0,337.5,0.0,0.0,0.0,0.0,0.0,7
2023-05-11 13:57:15,l2311-P-7800,l2311-P-7800,337.5,0.0,0.0,0.0,10,84.5,0.0,0,337.5,0.0,0.0,0.0,0.0,0.0,7
2023-05-11 13:57:17,l2311-P-7800,l2311-P-7800,337.5,0.0,0.0,0.0,1,85.0,0.0,0,337.5,0.0,0.0,0.0,0.0,0.0,7
2023-05-11 13:57:17,l2311-P-7800,l2311-P-7800,337.5,0.0,0.0,0.0,10,85.5,0.0,0,337.5,0.0,0.0,0.0,0.0,0.0,7
2023-05-11 13:57:18,l2311-P-7800,l2311-P-7800,337.5,0.0,0.0,0.0,1,86.0,0.0,0,337.5,0.0,0.0,0.0,0.0,0.0,7
2023-05-11 13:57:18,l2311-P-7800,l2311-P-7800,337.5,0.0,0.0,0.0,10,86.5,0.0,0,337.5,0.0,0.0,0.0,0.0,0.0,7
2023-05-11 13:57:19,l2311-P-7800,l2311-P-7800,337.5,0.0,0.0,0.0,1,87.0,0.0,0,337.5,0.0,0.0,0.0,0.0,0.0,7
2023-05-11 13:57:19,l2311-P-7800,l2311-P-7800,337.5,0.0,0.0,0.0,10,87.5,0.0,0,337.5,0.0,0.0,0.0,0.0,0.0,7
2023-05-11 13:57:21,l2311-P-7800,l2311-P-7800,337.5,0.0,0.0,0.0,1,88.0,0.0,0,337.5,0.0,0.0,0.0,0.0,0.0,7
2023-05-11 13:57:21,l2311-P-7800,l2311-P-7800,337.5,0.0,0.0,0.0,10,88.5,0.0,0,337.5,0.0,0.0,0.0,0.0,0.0,7
2023-05-11 13:57:22,l2311-P-7800,l2311-P-7800,337.5,0.0,0.0,0.0,1,89.0,0.0,0,337.5,0.0,0.0,0.0,0.0,0.0,7
2023-05-11 13:57:22,l2311-P-7800,l2311-P-7800,337.5,0.0,0.0,0.0,10,89.5,0.0,0,337.5,0.0,0.0,0.0,0.0,0.0,7
2023-05-11 13:57:23,l2311-P-7800,l2311-P-7800,337.5,0.0,0.0,0.0,1,90.0,0.0,0,337.5,0.0,0.0,0.0,0.0,0.0,7
2023-05-11 13:57:23,l2311-P-7800,l2311-P-7800,337.5,0.0,0.0,0.0,10,90.5,0.0,0,337.5,0.0,0.0,0.0,0.0,0.0,7
2023-05-11 13:57:24,l2311-P-7800,l2311-P-7800,337.5,0.0,0.0,0.0,1,91.0,0.0,0,337.5,0.0,0.0,0.0,0.0,0.0,7
2023-05-11 13:57:24,l2311-P-7800,l2311-P-7800,337.5,0.0,0.0,0.0,10,91.5,0.0,0,337.5,0.0,0.0,0.0,0.0,0.0,7
2023-05-11 13:57:25,l2311-P-7800,l2311-P-7800,337.5,0.0,0.0,0.0,1,92.0,0.0,0,337.5,0.0,0.0,0.0,0.0,0.0,7
2023-05-11 13:57:25,l2311-P-7800,l2311-P-7800,337.5,0.0,0.0,0.0,10,92.5,0.0,0,337.5,0.0,0.0,0.0,0.0,0.0,7
2023-05-11 13:57:26,l2311-P-7800,l2311-P-7800,337.5,0.0,0.0,0.0,1,93.0,0.0,0,337.5,0.0,0.0,0.0,0.0,0.0,7
2023-05-11 13:57:26,l2311-P-7800,l2311-P-7800,337.5,0.0,0.0,0.0,10,93.5,0.0,0,337.5,0.0,0.0,0.0,0.0,0.0,7
2023-05-11 13:57:27,l2311-P-7800,l2311-P-7800,337.5,0.0,0.0,0.0,1,94.0,0.0,0,337.5,0.0,0.0,0.0,0.0,0.0,7
2023-05-11 13:57:27,l2311-P-7800,l2311-P-7800,337.5,0.0,0.0,0.0,10,94.5,0.0,0,337.5,0.0,0.0,0.0,0.0,0.0,7
2023-05-11 13:57:28,l2311-P-7800,l2311-P-7800,337.5,0.0,0.0,0.0,1,95.0,0.0,0,337.5,0.0,0.0,0.0,0.0,0.0,7
2023-05-11 13:57:28,l2311-P-7800,l2311-P-7800,337.5,0.0,0.0,0.0,10,95.5,0.0,0,337.5,0.0,0.0,0.0,0.0,0.0,7
2023-05-11 13:57:29,l2311-P-7800,l2311-P-7800,337.5,0.0,0.0,0.0,1,96.0,0.0,0,337.5,0.0,0.0,0.0,0.0,0.0,7
2023-05-11 13:57:30,l2311-P-7800,l2311-P-7800,337.5,0.0,0.0,0.0,10,96.5,0.0,0,337.5,0.0,0.0,0.0,0.0,0.0,7
2023-05-11 13:57:31,l2311-P-7800,l2311-P-7800,337.5,0.0,0.0,0.0,1,97.0,0.0,0,337.5,0.0,0.0,0.0,0.0,0.0,7
2023-05-11 13:57:31,l2311-P-7800,l2311-P-7800,337.5,0.0,0.0,0.0,10,97.5,0.0,0,337.5,0.0,0.0,0.0,0.0,0.0,7
2023-05-11 13:57:33,l2311-P-7800,l2311-P-7800,337.5,0.0,0.0,0.0,1,98.0,0.0,0,337.5,0.0,0.0,0.0,0.0,0.0,7
2023-05-11 13:57:33,l2311-P-7800,l2311-P-7800,337.5,0.0,0.0,0.0,10,98.5,0.0,0,337.5,0.0,0.0,0.0,0.0,0.0,7
2023-05-11 13:57:34,l2311-P-7800,l2311-P-7800,337.5,0.0,0.0,0.0,1,99.0,0.0,0,337.5,0.0,0.0,0.0,0.0,0.0,7
2023-05-11 13:57:34,l2311-P-7800,l2311-P-7800,337.5,0.0,0.0,0.0,10,99.5,0.0,0,337.5,0.0,0.0,0.0,0.0,0.0,7
2023-05-11 13:57:35,l2311-P-7800,l2311-P-7800,337.5,0.0,0.0,0.0,1,100.0,0.0,0,337.5,0.0,0.0,0.0,0.0,0.0,7
2023-05-11 13:57:35,l2311-P-7800,l2311-P-7800,337.5,0.0,0.0,0.0,10,100.5,0.0,0,337.5,0.0,0.0,0.0,0.0,0.0,7
2023-05-11 13:57:36,l2311-P-7800,l2311-P-7800,337.5,0.0,0.0,0.0,1,101.0,0.0,0,337.5,0.0,0.0,0.0,0.0,0.0,7
2023-05-11 13:57:36,l2311-P-7800,l2311-P-7800,337.5,0.0,0.0,0.0,10,101.5,0.0,0,337.5,0.0,0.0,0.0,0.0,0.0,7
2023-05-11 13:57:37,l2311-P-7800,l2311-P-7800,337.5,0.0,0.0,0.0,1,102.0,0.0,0,337.5,0.0,0.0,0.0,0.0,0.0,7
2023-05-11 13:57:37,l2311-P-7800,l2311-P-7800,337.5,0.0,0.0,0.0,10,102.5,0.0,0,337.5,0.0,0.0,0.0,0.0,0.0,7
2023-05-11 13:57:38,l2311-P-7800,l2311-P-7800,337.5,0.0,0.0,0.0,1,103.0,0.0,0,337.5,0.0,0.0,0.0,0.0,0.0,7
2023-05-11 13:57:38,l2311-P-7800,l2311-P-7800,337.5,0.0,0.0,0.0,10,103.5,0.0,0,337.5,0.0,0.0,0.0,0.0,0.0,7
2023-05-11 13:57:39,l2311-P-7800,l2311-P-7800,337.5,0.0,0.0,0.0,1,104.0,0.0,0,337.5,0.0,0.0,0.0,0.0,0.0,7
2023-05-11 13:57:39,l2311-P-7800,l2311-P-7800,337.5,0.0,0.0,0.0,10,104.5,0.0,0,337.5,0.0,0.0,0.0,0.0,0.0,7
2023-05-11 13:57:40,l2311-P-7800,l2311-P-7800,337.5,0.0,0.0,0.0,1,105.0,0.0,0,337.5,0.0,0.0,0.0,0.0,0.0,7
2023-05-11 13:57:40,l2311-P-7800,l2311-P-7800,337.5,0.0,0.0,0.0,10,105.5,0.0,0,337.5,0.0,0.0,0.0,0.0,0.0,7
2023-05-11 13:57:41,l2311-P-7800,l2311-P-7800,337.5,0.0,0.0,0.0,1,106.0,0.0,0,337.5,0.0,0.0,0.0,0.0,0.0,7
2023-05-11 13:57:41,l2311-P-7800,l2311-P-7800,337.5,0.0,0.0,0.0,10,106.5,0.0,0,337.5,0.0,0.0,0.0,0.0,0.0,7
2023-05-11 13:57:42,l2311-P-7800,l2311-P-7800,337.5,0.0,0.0,0.0,1,107.0,0.0,0,337.5,0.0,0.0,0.0,0.0,0.0,7
2023-05-11 13:57:43,l2311-P-7800,l2311-P-7800,337.5,0.0,0.0,0.0,10,107.5,0.0,0,337.5,0.0,0.0,0.0,0.0,0.0,7
2023-05-11 13:57:44,l2311-P-7800,l2311-P-7800,337.5,0.0,0.0,0.0,1,108.0,0.0,0,337.5,0.0,0.0,0.0,0.0,0.0,7
2023-05-11 13:57:44,l2311-P-7800,l2311-P-7800,337.5,0.0,0.0,0.0,10,108.5,0.0,0,337.5,0.0,0.0,0.0,0.0,0.0,7
2023-05-11 13:57:45,l2311-P-7800,l2311-P-7800,337.5,0.0,0.0,0.0,1,109.0,0.0,0,337.5,0.0,0.0,0.0,0.0,0.0,7
2023-05-11 13:57:45,l2311-P-7800,l2311-P-7800,337.5,0.0,0.0,0.0,10,109.5,0.0,0,337.5,0.0,0.0,0.0,0.0,0.0,7
2023-05-11 13:57:46,l2311-P-7800,l2311-P-7800,337.5,0.0,0.0,0.0,1,110.0,0.0,0,337.5,0.0,0.0,0.0,0.0,0.0,7
2023-05-11 13:57:46,l2311-P-7800,l2311-P-7800,337.5,0.0,0.0,0.0,10,110.5,0.0,0,337.5,0.0,0.0,0.0,0.0,0.0,7
2023-05-11 13:57:47,l2311-P-7800,l2311-P-7800,337.5,0.0,0.0,0.0,1,111.0,0.0,0,337.5,0.0,0.0,0.0,0.0,0.0,7
2023-05-11 13:57:47,l2311-P-7800,l2311-P-7800,337.5,0.0,0.0,0.0,10,111.5,0.0,0,337.5,0.0,0.0,0.0,0.0,0.0,7
2023-05-11 13:57:48,l2311-P-7800,l2311-P-7800,337.5,0.0,0.0,0.0,1,112.0,0.0,0,337.5,0.0,0.0,0.0,0.0,0.0,7
2023-05-11 13:57:48,l2311-P-7800,l2311-P-7800,337.5,0.0,0.0,0.0,10,112.5,0.0,0,337.5,0.0,0.0,0.0,0.0,0.0,7
2023-05-11 13:57:49,l2311-P-7800,l2311-P-7800,337.5,0.0,0.0,0.0,1,113.0,0.0,0,337.5,0.0,0.0,0.0,0.0,0.0,7
2023-05-11 13:57:49,l2311-P-7800,l2311-P-7800,337.5,0.0,0.0,0.0,10,113.5,0.0,0,337.5,0.0,0.0,0.0,0.0,0.0,7
2023-05-11 13:57:50,l2311-P-7800,l2311-P-7800,337.5,0.0,0.0,0.0,1,114.0,0.0,0,337.5,0.0,0.0,0.0,0.0,0.0,7
2023-05-11 13:57:50,l2311-P-7800,l2311-P-7800,337.5,0.0,0.0,0.0,10,114.5,0.0,0,337.5,0.0,0.0,0.0,0.0,0.0,7
2023-05-11 13:57:51,l2311-P-7800,l2311-P-7800,337.5,0.0,0.0,0.0,1,115.0,0.0,0,337.5,0.0,0.0,0.0,0.0,0.0,7
2023-05-11 13:57:51,l2311-P-7800,l2311-P-7800,337.5,0.0,0.0,0.0,10,115.5,0.0,0,337.5,0.0,0.0,0.0,0.0,0.0,7
2023-05-11 13:57:52,l2311-P-7800,l2311-P-7800,337.5,0.0,0.0,0.0,1,116.0,0.0,0,337.5,0.0,0.0,0.0,0.0,0.0,7
2023-05-11 13:57:52,l2311-P-7800,l2311-P-7800,337.5,0.0,0.0,0.0,10,116.5,0.0,0,337.5,0.0,0.0,0.0,0.0,0.0,7
2023-05-11 13:57:53,l2311-P-7800,l2311-P-7800,337.5,0.0,0.0,0.0,1,117.0,0.0,0,337.5,0.0,0.0,0.0,0.0,0.0,7
2023-05-11 13:57:53,l2311-P-7800,l2311-P-7800,337.5,0.0,0.0,0.0,10,117.5,0.0,0,337.5,0.0,0.0,0.0,0.0,0.0,7
2023-05-11 13:57:54,l2311-P-7800,l2311-P-7800,337.5,0.0,0.0,0.0,1,118.0,0.0,0,337.5,0.0,0.0,0.0,0.0,0.0,7
2023-05-11 13:57:54,l2311-P-7800,l2311-P-7800,337.5,0.0,0.0,0.0,10,118.5,0.0,0,337.5,0.0,0.0,0.0,0.0,0.0,7
2023-05-11 13:57:55,l2311-P-7800,l2311-P-7800,337.5,0.0,0.0,0.0,1,119.0,0.0,0,337.5,0.0,0.0,0.0,0.0,0.0,7
2023-05-11 13:57:55,l2311-P-7800,l2311-P-7800,337.5,0.0,0.0,0.0,10,119.5,0.0,0,337.5,0.0,0.0,0.0,0.0,0.0,7
2023-05-11 14:13:05,l2311-P-7800,l2311-P-7800,337.5,0.0,0.0,0.0,1,120.0,0.0,0,337.5,0.0,0.0,0.0,0.0,0.0,7
2023-05-11 14:13:05,l2311-P-7800,l2311-P-7800,337.5,0.0,0.0,0.0,10,120.5,0.0,0,337.5,0.0,0.0,0.0,0.0,0.0,7
2023-05-11 14:54:07,l2311-P-7800,l2311-P-7800,337.5,0.0,0.0,0.0,1,121.0,0.0,0,337.5,0.0,0.0,0.0,0.0,0.0,7
2023-05-11 14:54:07,l2311-P-7800,l2311-P-7800,337.5,0.0,0.0,0.0,10,121.5,0.0,0,337.5,0.0,0.0,0.0,0.0,0.0,7
2023-05-11 14:56:45,l2311-P-7800,l2311-P-7800,337.5,0.0,0.0,0.0,1,121.0,0.0,0,337.5,0.0,0.0,0.0,0.0,0.0,7
2023-05-11 14:59:02,l2311-P-7800,l2311-P-7800,337.5,0.0,0.0,0.0,10,121.5,0.0,0,337.5,0.0,0.0,0.0,0.0,0.0,7
2023-05-11 14:59:54,l2311-P-7800,l2311-P-7800,337.5,0.0,0.0,0.0,1,121.0,0.0,0,337.5,0.0,0.0,0.0,0.0,0.0,7
2023-05-11 15:01:09,l2311-P-7800,l2311-P-7800,337.5,0.0,0.0,0.0,1,121.0,0.0,0,337.5,0.0,0.0,0.0,0.0,0.0,7
