time,symbol_id,symbol_name,last,trade_volume,trade_amount,open_interest_change,bv1,bp1,ap1,av1,yesterday_close,today_open,today_high,today_low,volume,amount,open_interest
2023-05-10 20:56:15,l2312-P-7900,l2312-P-7900,429.0,0.0,0.0,0.0,1,0.5,0.0,0,429.0,0.0,0.0,0.0,0.0,0.0,9
2023-05-10 21:00:54,l2312-P-7900,l2312-P-7900,429.0,0.0,0.0,0.0,1,67.0,0.0,0,429.0,0.0,0.0,0.0,0.0,0.0,9
2023-05-10 21:01:39,l2312-P-7900,l2312-P-7900,429.0,0.0,0.0,0.0,1,67.5,0.0,0,429.0,0.0,0.0,0.0,0.0,0.0,9
2023-05-10 21:01:56,l2312-P-7900,l2312-P-7900,429.0,0.0,0.0,0.0,1,68.0,0.0,0,429.0,0.0,0.0,0.0,0.0,0.0,9
2023-05-10 21:31:39,l2312-P-7900,l2312-P-7900,429.0,0.0,0.0,0.0,1,68.5,0.0,0,429.0,0.0,0.0,0.0,0.0,0.0,9
2023-05-10 21:31:39,l2312-P-7900,l2312-P-7900,429.0,0.0,0.0,0.0,1,69.0,0.0,0,429.0,0.0,0.0,0.0,0.0,0.0,9
2023-05-10 22:01:39,l2312-P-7900,l2312-P-7900,429.0,0.0,0.0,0.0,1,69.5,0.0,0,429.0,0.0,0.0,0.0,0.0,0.0,9
2023-05-10 22:01:39,l2312-P-7900,l2312-P-7900,429.0,0.0,0.0,0.0,1,70.0,0.0,0,429.0,0.0,0.0,0.0,0.0,0.0,9
2023-05-10 22:50:20,l2312-P-7900,l2312-P-7900,429.0,0.0,0.0,0.0,1,70.5,0.0,0,429.0,0.0,0.0,0.0,0.0,0.0,9
2023-05-10 22:50:21,l2312-P-7900,l2312-P-7900,429.0,0.0,0.0,0.0,1,71.0,0.0,0,429.0,0.0,0.0,0.0,0.0,0.0,9
2023-05-10 22:57:17,l2312-P-7900,l2312-P-7900,429.0,0.0,0.0,0.0,1,70.5,0.0,0,429.0,0.0,0.0,0.0,0.0,0.0,9
2023-05-11 09:00:53,l2312-P-7900,l2312-P-7900,429.0,0.0,0.0,0.0,1,87.0,0.0,0,429.0,0.0,0.0,0.0,0.0,0.0,9
2023-05-11 09:01:06,l2312-P-7900,l2312-P-7900,429.0,0.0,0.0,0.0,1,87.5,0.0,0,429.0,0.0,0.0,0.0,0.0,0.0,9
2023-05-11 09:02:12,l2312-P-7900,l2312-P-7900,429.0,0.0,0.0,0.0,1,88.0,0.0,0,429.0,0.0,0.0,0.0,0.0,0.0,9
2023-05-11 09:38:49,l2312-P-7900,l2312-P-7900,429.0,0.0,0.0,0.0,1,88.5,0.0,0,429.0,0.0,0.0,0.0,0.0,0.0,9
2023-05-11 09:38:49,l2312-P-7900,l2312-P-7900,429.0,0.0,0.0,0.0,1,89.0,0.0,0,429.0,0.0,0.0,0.0,0.0,0.0,9
2023-05-11 10:12:18,l2312-P-7900,l2312-P-7900,429.0,0.0,0.0,0.0,1,88.5,0.0,0,429.0,0.0,0.0,0.0,0.0,0.0,9
2023-05-11 10:31:13,l2312-P-7900,l2312-P-7900,429.0,0.0,0.0,0.0,1,89.0,0.0,0,429.0,0.0,0.0,0.0,0.0,0.0,9
2023-05-11 10:54:01,l2312-P-7900,l2312-P-7900,429.0,0.0,0.0,0.0,1,89.5,0.0,0,429.0,0.0,0.0,0.0,0.0,0.0,9
2023-05-11 10:54:08,l2312-P-7900,l2312-P-7900,429.0,0.0,0.0,0.0,1,90.0,0.0,0,429.0,0.0,0.0,0.0,0.0,0.0,9
2023-05-11 11:24:09,l2312-P-7900,l2312-P-7900,429.0,0.0,0.0,0.0,1,90.5,0.0,0,429.0,0.0,0.0,0.0,0.0,0.0,9
2023-05-11 11:24:10,l2312-P-7900,l2312-P-7900,429.0,0.0,0.0,0.0,1,91.0,0.0,0,429.0,0.0,0.0,0.0,0.0,0.0,9
2023-05-11 11:27:14,l2312-P-7900,l2312-P-7900,429.0,0.0,0.0,0.0,1,90.5,0.0,0,429.0,0.0,0.0,0.0,0.0,0.0,9
2023-05-11 13:32:08,l2312-P-7900,l2312-P-7900,429.0,0.0,0.0,0.0,1,91.0,0.0,0,429.0,0.0,0.0,0.0,0.0,0.0,9
2023-05-11 13:36:19,l2312-P-7900,l2312-P-7900,429.0,0.0,0.0,0.0,1,91.5,0.0,0,429.0,0.0,0.0,0.0,0.0,0.0,9
2023-05-11 13:38:20,l2312-P-7900,l2312-P-7900,429.0,0.0,0.0,0.0,1,92.0,0.0,0,429.0,0.0,0.0,0.0,0.0,0.0,9
2023-05-11 13:56:20,l2312-P-7900,l2312-P-7900,429.0,0.0,0.0,0.0,5,382.5,419.5,5,429.0,0.0,0.0,0.0,0.0,0.0,9
2023-05-11 13:56:22,l2312-P-7900,l2312-P-7900,429.0,0.0,0.0,0.0,1,387.0,419.5,5,429.0,0.0,0.0,0.0,0.0,0.0,9
2023-05-11 13:56:25,l2312-P-7900,l2312-P-7900,429.0,0.0,0.0,0.0,2,387.0,419.5,6,429.0,0.0,0.0,0.0,0.0,0.0,9
2023-05-11 13:56:31,l2312-P-7900,l2312-P-7900,429.0,0.0,0.0,0.0,2,387.0,419.5,1,429.0,0.0,0.0,0.0,0.0,0.0,9
2023-05-11 13:56:33,l2312-P-7900,l2312-P-7900,429.0,0.0,0.0,0.0,1,387.0,419.5,1,429.0,0.0,0.0,0.0,0.0,0.0,9
2023-05-11 13:56:37,l2312-P-7900,l2312-P-7900,429.0,0.0,0.0,0.0,1,386.5,424.0,1,429.0,0.0,0.0,0.0,0.0,0.0,9
2023-05-11 13:56:39,l2312-P-7900,l2312-P-7900,429.0,0.0,0.0,0.0,1,91.5,0.0,0,429.0,0.0,0.0,0.0,0.0,0.0,9
2023-05-11 13:56:40,l2312-P-7900,l2312-P-7900,429.0,0.0,0.0,0.0,1,99.5,0.0,0,429.0,0.0,0.0,0.0,0.0,0.0,9
2023-05-11 14:13:07,l2312-P-7900,l2312-P-7900,429.0,0.0,0.0,0.0,1,100.0,0.0,0,429.0,0.0,0.0,0.0,0.0,0.0,9
2023-05-11 14:13:07,l2312-P-7900,l2312-P-7900,429.0,0.0,0.0,0.0,1,100.5,0.0,0,429.0,0.0,0.0,0.0,0.0,0.0,9
2023-05-11 14:54:20,l2312-P-7900,l2312-P-7900,429.0,0.0,0.0,0.0,1,101.0,0.0,0,429.0,0.0,0.0,0.0,0.0,0.0,9
2023-05-11 14:54:22,l2312-P-7900,l2312-P-7900,429.0,0.0,0.0,0.0,1,101.5,0.0,0,429.0,0.0,0.0,0.0,0.0,0.0,9
2023-05-11 15:01:09,l2312-P-7900,l2312-P-7900,429.0,0.0,0.0,0.0,1,101.5,0.0,0,429.0,0.0,0.0,0.0,0.0,0.0,9
