time,symbol_id,symbol_name,last,trade_volume,trade_amount,open_interest_change,bv1,bp1,ap1,av1,yesterday_close,today_open,today_high,today_low,volume,amount,open_interest
2023-05-10 21:00:28,l2311-C-7400,聚乙烯2311购7400,547.5,0.0,0.0,0.0,10,127.5,0.0,0,547.5,0.0,0.0,0.0,0.0,0.0,2
2023-05-10 21:01:36,l2311-C-7400,聚乙烯2311购7400,547.5,0.0,0.0,0.0,1,128.0,0.0,0,547.5,0.0,0.0,0.0,0.0,0.0,2
2023-05-10 21:01:36,l2311-C-7400,聚乙烯2311购7400,547.5,0.0,0.0,0.0,10,128.5,0.0,0,547.5,0.0,0.0,0.0,0.0,0.0,2
2023-05-10 21:31:36,l2311-C-7400,聚乙烯2311购7400,547.5,0.0,0.0,0.0,1,129.0,0.0,0,547.5,0.0,0.0,0.0,0.0,0.0,2
2023-05-10 21:31:36,l2311-C-7400,聚乙烯2311购7400,547.5,0.0,0.0,0.0,10,129.5,0.0,0,547.5,0.0,0.0,0.0,0.0,0.0,2
2023-05-10 22:01:36,l2311-C-7400,聚乙烯2311购7400,547.5,0.0,0.0,0.0,1,130.0,0.0,0,547.5,0.0,0.0,0.0,0.0,0.0,2
2023-05-10 22:01:36,l2311-C-7400,聚乙烯2311购7400,547.5,0.0,0.0,0.0,10,130.5,0.0,0,547.5,0.0,0.0,0.0,0.0,0.0,2
2023-05-10 22:50:18,l2311-C-7400,聚乙烯2311购7400,547.5,0.0,0.0,0.0,1,131.0,0.0,0,547.5,0.0,0.0,0.0,0.0,0.0,2
2023-05-10 22:50:18,l2311-C-7400,聚乙烯2311购7400,547.5,0.0,0.0,0.0,10,131.5,0.0,0,547.5,0.0,0.0,0.0,0.0,0.0,2
2023-05-10 22:57:32,l2311-C-7400,聚乙烯2311购7400,547.5,0.0,0.0,0.0,1,131.0,0.0,0,547.5,0.0,0.0,0.0,0.0,0.0,2
2023-05-11 09:00:16,l2311-C-7400,聚乙烯2311购7400,547.5,0.0,0.0,0.0,10,131.5,0.0,0,547.5,0.0,0.0,0.0,0.0,0.0,2
2023-05-11 09:00:39,l2311-C-7400,聚乙烯2311购7400,547.5,0.0,0.0,0.0,1,132.0,0.0,0,547.5,0.0,0.0,0.0,0.0,0.0,2
2023-05-11 09:00:39,l2311-C-7400,聚乙烯2311购7400,547.5,0.0,0.0,0.0,10,132.5,0.0,0,547.5,0.0,0.0,0.0,0.0,0.0,2
2023-05-11 09:35:29,l2311-C-7400,聚乙烯2311购7400,547.5,0.0,0.0,0.0,1,133.0,0.0,0,547.5,0.0,0.0,0.0,0.0,0.0,2
2023-05-11 09:35:29,l2311-C-7400,聚乙烯2311购7400,547.5,0.0,0.0,0.0,10,133.5,0.0,0,547.5,0.0,0.0,0.0,0.0,0.0,2
2023-05-11 10:08:05,l2311-C-7400,聚乙烯2311购7400,547.5,0.0,0.0,0.0,1,134.0,0.0,0,547.5,0.0,0.0,0.0,0.0,0.0,2
2023-05-11 10:08:05,l2311-C-7400,聚乙烯2311购7400,547.5,0.0,0.0,0.0,10,134.5,0.0,0,547.5,0.0,0.0,0.0,0.0,0.0,2
2023-05-11 10:14:32,l2311-C-7400,聚乙烯2311购7400,547.5,0.0,0.0,0.0,1,134.0,0.0,0,547.5,0.0,0.0,0.0,0.0,0.0,2
2023-05-11 10:30:07,l2311-C-7400,聚乙烯2311购7400,547.5,0.0,0.0,0.0,10,134.5,0.0,0,547.5,0.0,0.0,0.0,0.0,0.0,2
2023-05-11 10:45:27,l2311-C-7400,聚乙烯2311购7400,547.5,0.0,0.0,0.0,1,135.0,0.0,0,547.5,0.0,0.0,0.0,0.0,0.0,2
2023-05-11 10:45:27,l2311-C-7400,聚乙烯2311购7400,547.5,0.0,0.0,0.0,10,135.5,0.0,0,547.5,0.0,0.0,0.0,0.0,0.0,2
2023-05-11 11:19:47,l2311-C-7400,聚乙烯2311购7400,547.5,0.0,0.0,0.0,1,136.0,0.0,0,547.5,0.0,0.0,0.0,0.0,0.0,2
2023-05-11 11:19:47,l2311-C-7400,聚乙烯2311购7400,547.5,0.0,0.0,0.0,10,136.5,0.0,0,547.5,0.0,0.0,0.0,0.0,0.0,2
2023-05-11 11:29:32,l2311-C-7400,聚乙烯2311购7400,547.5,0.0,0.0,0.0,1,136.0,0.0,0,547.5,0.0,0.0,0.0,0.0,0.0,2
2023-05-11 13:30:14,l2311-C-7400,聚乙烯2311购7400,547.5,0.0,0.0,0.0,10,136.5,0.0,0,547.5,0.0,0.0,0.0,0.0,0.0,2
2023-05-11 13:31:05,l2311-C-7400,聚乙烯2311购7400,547.5,0.0,0.0,0.0,1,137.0,0.0,0,547.5,0.0,0.0,0.0,0.0,0.0,2
2023-05-11 13:31:05,l2311-C-7400,聚乙烯2311购7400,547.5,0.0,0.0,0.0,10,137.5,0.0,0,547.5,0.0,0.0,0.0,0.0,0.0,2
2023-05-11 13:55:50,l2311-C-7400,聚乙烯2311购7400,547.5,0.0,0.0,0.0,1,499.5,522.0,1,547.5,0.0,0.0,0.0,0.0,0.0,2
2023-05-11 13:55:55,l2311-C-7400,聚乙烯2311购7400,547.5,0.0,0.0,0.0,2,499.5,522.0,2,547.5,0.0,0.0,0.0,0.0,0.0,2
2023-05-11 13:56:01,l2311-C-7400,聚乙烯2311购7400,547.5,0.0,0.0,0.0,1,499.5,522.0,1,547.5,0.0,0.0,0.0,0.0,0.0,2
2023-05-11 13:56:07,l2311-C-7400,聚乙烯2311购7400,547.5,0.0,0.0,0.0,1,497.0,524.5,1,547.5,0.0,0.0,0.0,0.0,0.0,2
2023-05-11 13:56:10,l2311-C-7400,聚乙烯2311购7400,547.5,0.0,0.0,0.0,1,487.5,525.5,1,547.5,0.0,0.0,0.0,0.0,0.0,2
2023-05-11 13:56:14,l2311-C-7400,聚乙烯2311购7400,547.5,0.0,0.0,0.0,1,137.0,0.0,0,547.5,0.0,0.0,0.0,0.0,0.0,2
2023-05-11 13:56:14,l2311-C-7400,聚乙烯2311购7400,547.5,0.0,0.0,0.0,1,143.5,0.0,0,547.5,0.0,0.0,0.0,0.0,0.0,2
2023-05-11 13:56:15,l2311-C-7400,聚乙烯2311购7400,547.5,0.0,0.0,0.0,10,144.0,0.0,0,547.5,0.0,0.0,0.0,0.0,0.0,2
2023-05-11 14:12:58,l2311-C-7400,聚乙烯2311购7400,547.5,0.0,0.0,0.0,1,144.5,0.0,0,547.5,0.0,0.0,0.0,0.0,0.0,2
2023-05-11 14:12:58,l2311-C-7400,聚乙烯2311购7400,547.5,0.0,0.0,0.0,10,145.0,0.0,0,547.5,0.0,0.0,0.0,0.0,0.0,2
2023-05-11 14:46:51,l2311-C-7400,聚乙烯2311购7400,547.5,0.0,0.0,0.0,1,145.5,0.0,0,547.5,0.0,0.0,0.0,0.0,0.0,2
2023-05-11 14:46:51,l2311-C-7400,聚乙烯2311购7400,547.5,0.0,0.0,0.0,10,146.0,0.0,0,547.5,0.0,0.0,0.0,0.0,0.0,2
2023-05-11 14:56:45,l2311-C-7400,聚乙烯2311购7400,547.5,0.0,0.0,0.0,1,145.5,0.0,0,547.5,0.0,0.0,0.0,0.0,0.0,2
2023-05-11 14:59:02,l2311-C-7400,聚乙烯2311购7400,547.5,0.0,0.0,0.0,10,146.0,0.0,0,547.5,0.0,0.0,0.0,0.0,0.0,2
2023-05-11 14:59:54,l2311-C-7400,聚乙烯2311购7400,547.5,0.0,0.0,0.0,1,145.5,0.0,0,547.5,0.0,0.0,0.0,0.0,0.0,2
2023-05-11 15:01:09,l2311-C-7400,聚乙烯2311购7400,547.5,0.0,0.0,0.0,1,145.5,0.0,0,547.5,0.0,0.0,0.0,0.0,0.0,2
