time,symbol_id,symbol_name,last,trade_volume,trade_amount,open_interest_change,bv1,bp1,ap1,av1,yesterday_close,today_open,today_high,today_low,volume,amount,open_interest
2023-05-10 20:56:28,l2401-C-7600,l2401-C-7600,451.0,0.0,0.0,0.0,1,1.5,0.0,0,451.0,0.0,0.0,0.0,0.0,0.0,0
2023-05-10 21:00:06,l2401-C-7600,l2401-C-7600,451.0,0.0,0.0,0.0,10,2.0,0.0,0,451.0,0.0,0.0,0.0,0.0,0.0,0
2023-05-10 21:00:27,l2401-C-7600,l2401-C-7600,451.0,0.0,0.0,0.0,1,72.5,0.0,0,451.0,0.0,0.0,0.0,0.0,0.0,0
2023-05-10 21:00:27,l2401-C-7600,l2401-C-7600,451.0,0.0,0.0,0.0,10,73.0,0.0,0,451.0,0.0,0.0,0.0,0.0,0.0,0
2023-05-10 21:01:39,l2401-C-7600,l2401-C-7600,451.0,0.0,0.0,0.0,1,73.5,0.0,0,451.0,0.0,0.0,0.0,0.0,0.0,0
2023-05-10 21:01:39,l2401-C-7600,l2401-C-7600,451.0,0.0,0.0,0.0,10,74.0,0.0,0,451.0,0.0,0.0,0.0,0.0,0.0,0
2023-05-10 21:08:36,l2401-C-7600,l2401-C-7600,451.0,0.0,0.0,0.0,1,74.5,0.0,0,451.0,0.0,0.0,0.0,0.0,0.0,0
2023-05-10 21:08:36,l2401-C-7600,l2401-C-7600,451.0,0.0,0.0,0.0,10,75.0,0.0,0,451.0,0.0,0.0,0.0,0.0,0.0,0
2023-05-10 21:08:37,l2401-C-7600,l2401-C-7600,451.0,0.0,0.0,0.0,1,75.5,0.0,0,451.0,0.0,0.0,0.0,0.0,0.0,0
2023-05-10 21:08:37,l2401-C-7600,l2401-C-7600,451.0,0.0,0.0,0.0,10,76.0,0.0,0,451.0,0.0,0.0,0.0,0.0,0.0,0
2023-05-10 21:08:38,l2401-C-7600,l2401-C-7600,451.0,0.0,0.0,0.0,1,76.5,0.0,0,451.0,0.0,0.0,0.0,0.0,0.0,0
2023-05-10 21:08:39,l2401-C-7600,l2401-C-7600,451.0,0.0,0.0,0.0,10,77.0,0.0,0,451.0,0.0,0.0,0.0,0.0,0.0,0
2023-05-10 21:08:39,l2401-C-7600,l2401-C-7600,451.0,0.0,0.0,0.0,1,77.5,0.0,0,451.0,0.0,0.0,0.0,0.0,0.0,0
2023-05-10 21:08:40,l2401-C-7600,l2401-C-7600,451.0,0.0,0.0,0.0,10,78.0,0.0,0,451.0,0.0,0.0,0.0,0.0,0.0,0
2023-05-10 21:08:41,l2401-C-7600,l2401-C-7600,451.0,0.0,0.0,0.0,1,73.5,0.0,0,451.0,0.0,0.0,0.0,0.0,0.0,0
2023-05-10 21:08:41,l2401-C-7600,l2401-C-7600,451.0,0.0,0.0,0.0,11,74.0,0.0,0,451.0,0.0,0.0,0.0,0.0,0.0,0
2023-05-10 21:31:39,l2401-C-7600,l2401-C-7600,451.0,0.0,0.0,0.0,1,74.5,0.0,0,451.0,0.0,0.0,0.0,0.0,0.0,0
2023-05-10 21:31:39,l2401-C-7600,l2401-C-7600,451.0,0.0,0.0,0.0,1,81.0,0.0,0,451.0,0.0,0.0,0.0,0.0,0.0,0
2023-05-10 21:31:39,l2401-C-7600,l2401-C-7600,451.0,0.0,0.0,0.0,10,81.5,0.0,0,451.0,0.0,0.0,0.0,0.0,0.0,0
2023-05-10 21:31:40,l2401-C-7600,l2401-C-7600,451.0,0.0,0.0,0.0,1,88.0,0.0,0,451.0,0.0,0.0,0.0,0.0,0.0,0
2023-05-10 21:31:40,l2401-C-7600,l2401-C-7600,451.0,0.0,0.0,0.0,10,88.5,0.0,0,451.0,0.0,0.0,0.0,0.0,0.0,0
2023-05-10 21:31:42,l2401-C-7600,l2401-C-7600,451.0,0.0,0.0,0.0,1,95.0,0.0,0,451.0,0.0,0.0,0.0,0.0,0.0,0
2023-05-10 21:31:42,l2401-C-7600,l2401-C-7600,451.0,0.0,0.0,0.0,10,95.5,0.0,0,451.0,0.0,0.0,0.0,0.0,0.0,0
2023-05-10 21:31:43,l2401-C-7600,l2401-C-7600,451.0,0.0,0.0,0.0,1,102.0,0.0,0,451.0,0.0,0.0,0.0,0.0,0.0,0
2023-05-10 21:31:43,l2401-C-7600,l2401-C-7600,451.0,0.0,0.0,0.0,10,102.5,0.0,0,451.0,0.0,0.0,0.0,0.0,0.0,0
2023-05-10 21:31:44,l2401-C-7600,l2401-C-7600,451.0,0.0,0.0,0.0,1,109.0,0.0,0,451.0,0.0,0.0,0.0,0.0,0.0,0
2023-05-10 21:31:44,l2401-C-7600,l2401-C-7600,451.0,0.0,0.0,0.0,10,109.5,0.0,0,451.0,0.0,0.0,0.0,0.0,0.0,0
2023-05-10 21:31:45,l2401-C-7600,l2401-C-7600,451.0,0.0,0.0,0.0,1,116.0,0.0,0,451.0,0.0,0.0,0.0,0.0,0.0,0
2023-05-10 21:31:45,l2401-C-7600,l2401-C-7600,451.0,0.0,0.0,0.0,10,116.5,0.0,0,451.0,0.0,0.0,0.0,0.0,0.0,0
2023-05-10 21:31:46,l2401-C-7600,l2401-C-7600,451.0,0.0,0.0,0.0,1,123.0,0.0,0,451.0,0.0,0.0,0.0,0.0,0.0,0
2023-05-10 21:31:46,l2401-C-7600,l2401-C-7600,451.0,0.0,0.0,0.0,10,123.5,0.0,0,451.0,0.0,0.0,0.0,0.0,0.0,0
2023-05-10 21:31:47,l2401-C-7600,l2401-C-7600,451.0,0.0,0.0,0.0,1,130.0,0.0,0,451.0,0.0,0.0,0.0,0.0,0.0,0
2023-05-10 21:31:47,l2401-C-7600,l2401-C-7600,451.0,0.0,0.0,0.0,10,130.5,0.0,0,451.0,0.0,0.0,0.0,0.0,0.0,0
2023-05-10 21:31:48,l2401-C-7600,l2401-C-7600,451.0,0.0,0.0,0.0,1,137.0,0.0,0,451.0,0.0,0.0,0.0,0.0,0.0,0
2023-05-10 21:31:48,l2401-C-7600,l2401-C-7600,451.0,0.0,0.0,0.0,10,137.5,0.0,0,451.0,0.0,0.0,0.0,0.0,0.0,0
2023-05-10 21:31:49,l2401-C-7600,l2401-C-7600,451.0,0.0,0.0,0.0,1,144.0,0.0,0,451.0,0.0,0.0,0.0,0.0,0.0,0
2023-05-10 21:31:49,l2401-C-7600,l2401-C-7600,451.0,0.0,0.0,0.0,10,144.5,0.0,0,451.0,0.0,0.0,0.0,0.0,0.0,0
2023-05-10 21:31:51,l2401-C-7600,l2401-C-7600,451.0,0.0,0.0,0.0,1,151.0,0.0,0,451.0,0.0,0.0,0.0,0.0,0.0,0
2023-05-10 21:31:51,l2401-C-7600,l2401-C-7600,451.0,0.0,0.0,0.0,10,151.5,0.0,0,451.0,0.0,0.0,0.0,0.0,0.0,0
2023-05-10 21:31:52,l2401-C-7600,l2401-C-7600,451.0,0.0,0.0,0.0,1,155.0,0.0,0,451.0,0.0,0.0,0.0,0.0,0.0,0
2023-05-10 21:31:52,l2401-C-7600,l2401-C-7600,451.0,0.0,0.0,0.0,10,155.5,0.0,0,451.0,0.0,0.0,0.0,0.0,0.0,0
2023-05-10 21:31:53,l2401-C-7600,l2401-C-7600,451.0,0.0,0.0,0.0,10,159.5,0.0,0,451.0,0.0,0.0,0.0,0.0,0.0,0
2023-05-10 21:31:54,l2401-C-7600,l2401-C-7600,451.0,0.0,0.0,0.0,1,160.0,0.0,0,451.0,0.0,0.0,0.0,0.0,0.0,0
2023-05-10 21:31:54,l2401-C-7600,l2401-C-7600,451.0,0.0,0.0,0.0,10,160.5,0.0,0,451.0,0.0,0.0,0.0,0.0,0.0,0
2023-05-10 21:31:55,l2401-C-7600,l2401-C-7600,451.0,0.0,0.0,0.0,1,161.0,0.0,0,451.0,0.0,0.0,0.0,0.0,0.0,0
2023-05-10 21:31:55,l2401-C-7600,l2401-C-7600,451.0,0.0,0.0,0.0,10,161.5,0.0,0,451.0,0.0,0.0,0.0,0.0,0.0,0
2023-05-10 21:31:56,l2401-C-7600,l2401-C-7600,451.0,0.0,0.0,0.0,1,162.0,0.0,0,451.0,0.0,0.0,0.0,0.0,0.0,0
2023-05-10 21:31:56,l2401-C-7600,l2401-C-7600,451.0,0.0,0.0,0.0,10,162.5,0.0,0,451.0,0.0,0.0,0.0,0.0,0.0,0
2023-05-10 21:31:57,l2401-C-7600,l2401-C-7600,451.0,0.0,0.0,0.0,1,163.0,0.0,0,451.0,0.0,0.0,0.0,0.0,0.0,0
2023-05-10 21:31:57,l2401-C-7600,l2401-C-7600,451.0,0.0,0.0,0.0,10,163.5,0.0,0,451.0,0.0,0.0,0.0,0.0,0.0,0
2023-05-10 22:01:39,l2401-C-7600,l2401-C-7600,451.0,0.0,0.0,0.0,1,164.0,0.0,0,451.0,0.0,0.0,0.0,0.0,0.0,0
2023-05-10 22:01:39,l2401-C-7600,l2401-C-7600,451.0,0.0,0.0,0.0,10,164.5,0.0,0,451.0,0.0,0.0,0.0,0.0,0.0,0
2023-05-10 22:18:55,l2401-C-7600,l2401-C-7600,451.0,0.0,0.0,0.0,1,165.0,0.0,0,451.0,0.0,0.0,0.0,0.0,0.0,0
2023-05-10 22:18:55,l2401-C-7600,l2401-C-7600,451.0,0.0,0.0,0.0,10,165.5,0.0,0,451.0,0.0,0.0,0.0,0.0,0.0,0
2023-05-10 22:18:56,l2401-C-7600,l2401-C-7600,451.0,0.0,0.0,0.0,1,166.0,0.0,0,451.0,0.0,0.0,0.0,0.0,0.0,0
2023-05-10 22:18:56,l2401-C-7600,l2401-C-7600,451.0,0.0,0.0,0.0,10,166.5,0.0,0,451.0,0.0,0.0,0.0,0.0,0.0,0
2023-05-10 22:18:58,l2401-C-7600,l2401-C-7600,451.0,0.0,0.0,0.0,1,167.0,0.0,0,451.0,0.0,0.0,0.0,0.0,0.0,0
2023-05-10 22:18:58,l2401-C-7600,l2401-C-7600,451.0,0.0,0.0,0.0,10,167.5,0.0,0,451.0,0.0,0.0,0.0,0.0,0.0,0
2023-05-10 22:19:00,l2401-C-7600,l2401-C-7600,451.0,0.0,0.0,0.0,1,168.0,0.0,0,451.0,0.0,0.0,0.0,0.0,0.0,0
2023-05-10 22:19:00,l2401-C-7600,l2401-C-7600,451.0,0.0,0.0,0.0,10,168.5,0.0,0,451.0,0.0,0.0,0.0,0.0,0.0,0
2023-05-10 22:19:01,l2401-C-7600,l2401-C-7600,451.0,0.0,0.0,0.0,1,169.0,0.0,0,451.0,0.0,0.0,0.0,0.0,0.0,0
2023-05-10 22:19:01,l2401-C-7600,l2401-C-7600,451.0,0.0,0.0,0.0,10,169.5,0.0,0,451.0,0.0,0.0,0.0,0.0,0.0,0
2023-05-10 22:50:20,l2401-C-7600,l2401-C-7600,451.0,0.0,0.0,0.0,1,170.0,0.0,0,451.0,0.0,0.0,0.0,0.0,0.0,0
2023-05-10 22:50:20,l2401-C-7600,l2401-C-7600,451.0,0.0,0.0,0.0,10,170.5,0.0,0,451.0,0.0,0.0,0.0,0.0,0.0,0
2023-05-10 22:57:32,l2401-C-7600,l2401-C-7600,451.0,0.0,0.0,0.0,1,170.0,0.0,0,451.0,0.0,0.0,0.0,0.0,0.0,0
2023-05-10 22:57:34,l2401-C-7600,l2401-C-7600,451.0,0.0,0.0,0.0,1,72.5,0.0,0,451.0,0.0,0.0,0.0,0.0,0.0,0
2023-05-10 22:59:31,l2401-C-7600,l2401-C-7600,451.0,0.0,0.0,0.0,1,3.5,0.0,0,451.0,0.0,0.0,0.0,0.0,0.0,0
2023-05-11 09:00:16,l2401-C-7600,l2401-C-7600,451.0,0.0,0.0,0.0,10,4.0,0.0,0,451.0,0.0,0.0,0.0,0.0,0.0,0
2023-05-11 09:00:24,l2401-C-7600,l2401-C-7600,451.0,0.0,0.0,0.0,1,55.0,0.0,0,451.0,0.0,0.0,0.0,0.0,0.0,0
2023-05-11 09:00:24,l2401-C-7600,l2401-C-7600,451.0,0.0,0.0,0.0,10,55.5,0.0,0,451.0,0.0,0.0,0.0,0.0,0.0,0
2023-05-11 09:00:43,l2401-C-7600,l2401-C-7600,451.0,0.0,0.0,0.0,1,56.0,0.0,0,451.0,0.0,0.0,0.0,0.0,0.0,0
2023-05-11 09:00:43,l2401-C-7600,l2401-C-7600,451.0,0.0,0.0,0.0,10,56.5,0.0,0,451.0,0.0,0.0,0.0,0.0,0.0,0
2023-05-11 09:01:23,l2401-C-7600,l2401-C-7600,451.0,0.0,0.0,0.0,1,63.0,0.0,0,451.0,0.0,0.0,0.0,0.0,0.0,0
2023-05-11 09:01:23,l2401-C-7600,l2401-C-7600,451.0,0.0,0.0,0.0,10,63.5,0.0,0,451.0,0.0,0.0,0.0,0.0,0.0,0
2023-05-11 09:02:03,l2401-C-7600,l2401-C-7600,451.0,0.0,0.0,0.0,1,67.0,0.0,0,451.0,0.0,0.0,0.0,0.0,0.0,0
2023-05-11 09:02:03,l2401-C-7600,l2401-C-7600,451.0,0.0,0.0,0.0,10,67.5,0.0,0,451.0,0.0,0.0,0.0,0.0,0.0,0
2023-05-11 09:03:44,l2401-C-7600,l2401-C-7600,451.0,0.0,0.0,0.0,1,68.0,0.0,0,451.0,0.0,0.0,0.0,0.0,0.0,0
2023-05-11 09:03:44,l2401-C-7600,l2401-C-7600,451.0,0.0,0.0,0.0,10,68.5,0.0,0,451.0,0.0,0.0,0.0,0.0,0.0,0
2023-05-11 09:03:48,l2401-C-7600,l2401-C-7600,451.0,0.0,0.0,0.0,1,69.0,0.0,0,451.0,0.0,0.0,0.0,0.0,0.0,0
2023-05-11 09:03:48,l2401-C-7600,l2401-C-7600,451.0,0.0,0.0,0.0,10,69.5,0.0,0,451.0,0.0,0.0,0.0,0.0,0.0,0
2023-05-11 09:03:50,l2401-C-7600,l2401-C-7600,451.0,0.0,0.0,0.0,1,70.0,0.0,0,451.0,0.0,0.0,0.0,0.0,0.0,0
2023-05-11 09:03:50,l2401-C-7600,l2401-C-7600,451.0,0.0,0.0,0.0,10,70.5,0.0,0,451.0,0.0,0.0,0.0,0.0,0.0,0
2023-05-11 09:03:52,l2401-C-7600,l2401-C-7600,451.0,0.0,0.0,0.0,1,71.0,0.0,0,451.0,0.0,0.0,0.0,0.0,0.0,0
2023-05-11 09:03:52,l2401-C-7600,l2401-C-7600,451.0,0.0,0.0,0.0,10,71.5,0.0,0,451.0,0.0,0.0,0.0,0.0,0.0,0
2023-05-11 09:03:54,l2401-C-7600,l2401-C-7600,451.0,0.0,0.0,0.0,1,72.0,0.0,0,451.0,0.0,0.0,0.0,0.0,0.0,0
2023-05-11 09:03:54,l2401-C-7600,l2401-C-7600,451.0,0.0,0.0,0.0,10,72.5,0.0,0,451.0,0.0,0.0,0.0,0.0,0.0,0
2023-05-11 09:05:06,l2401-C-7600,l2401-C-7600,451.0,0.0,0.0,0.0,1,73.0,0.0,0,451.0,0.0,0.0,0.0,0.0,0.0,0
2023-05-11 09:05:06,l2401-C-7600,l2401-C-7600,451.0,0.0,0.0,0.0,10,73.5,0.0,0,451.0,0.0,0.0,0.0,0.0,0.0,0
2023-05-11 09:05:07,l2401-C-7600,l2401-C-7600,451.0,0.0,0.0,0.0,1,56.0,0.0,0,451.0,0.0,0.0,0.0,0.0,0.0,0
2023-05-11 09:05:08,l2401-C-7600,l2401-C-7600,451.0,0.0,0.0,0.0,1,62.5,0.0,0,451.0,0.0,0.0,0.0,0.0,0.0,0
2023-05-11 09:05:08,l2401-C-7600,l2401-C-7600,451.0,0.0,0.0,0.0,10,63.0,0.0,0,451.0,0.0,0.0,0.0,0.0,0.0,0
2023-05-11 09:05:09,l2401-C-7600,l2401-C-7600,451.0,0.0,0.0,0.0,1,66.5,0.0,0,451.0,0.0,0.0,0.0,0.0,0.0,0
2023-05-11 09:05:10,l2401-C-7600,l2401-C-7600,451.0,0.0,0.0,0.0,10,67.0,0.0,0,451.0,0.0,0.0,0.0,0.0,0.0,0
2023-05-11 09:05:10,l2401-C-7600,l2401-C-7600,451.0,0.0,0.0,0.0,1,70.0,0.0,0,451.0,0.0,0.0,0.0,0.0,0.0,0
2023-05-11 09:05:11,l2401-C-7600,l2401-C-7600,451.0,0.0,0.0,0.0,10,70.5,0.0,0,451.0,0.0,0.0,0.0,0.0,0.0,0
2023-05-11 09:05:11,l2401-C-7600,l2401-C-7600,451.0,0.0,0.0,0.0,1,71.0,0.0,0,451.0,0.0,0.0,0.0,0.0,0.0,0
2023-05-11 09:05:11,l2401-C-7600,l2401-C-7600,451.0,0.0,0.0,0.0,10,71.5,0.0,0,451.0,0.0,0.0,0.0,0.0,0.0,0
2023-05-11 09:05:12,l2401-C-7600,l2401-C-7600,451.0,0.0,0.0,0.0,1,72.0,0.0,0,451.0,0.0,0.0,0.0,0.0,0.0,0
2023-05-11 09:05:12,l2401-C-7600,l2401-C-7600,451.0,0.0,0.0,0.0,10,72.5,0.0,0,451.0,0.0,0.0,0.0,0.0,0.0,0
2023-05-11 09:05:13,l2401-C-7600,l2401-C-7600,451.0,0.0,0.0,0.0,1,76.0,0.0,0,451.0,0.0,0.0,0.0,0.0,0.0,0
2023-05-11 09:05:14,l2401-C-7600,l2401-C-7600,451.0,0.0,0.0,0.0,10,76.5,0.0,0,451.0,0.0,0.0,0.0,0.0,0.0,0
2023-05-11 09:05:14,l2401-C-7600,l2401-C-7600,451.0,0.0,0.0,0.0,1,77.0,0.0,0,451.0,0.0,0.0,0.0,0.0,0.0,0
2023-05-11 09:05:15,l2401-C-7600,l2401-C-7600,451.0,0.0,0.0,0.0,10,77.5,0.0,0,451.0,0.0,0.0,0.0,0.0,0.0,0
2023-05-11 09:05:15,l2401-C-7600,l2401-C-7600,451.0,0.0,0.0,0.0,1,78.0,0.0,0,451.0,0.0,0.0,0.0,0.0,0.0,0
2023-05-11 09:05:16,l2401-C-7600,l2401-C-7600,451.0,0.0,0.0,0.0,10,78.5,0.0,0,451.0,0.0,0.0,0.0,0.0,0.0,0
2023-05-11 09:05:16,l2401-C-7600,l2401-C-7600,451.0,0.0,0.0,0.0,1,79.0,0.0,0,451.0,0.0,0.0,0.0,0.0,0.0,0
2023-05-11 09:05:17,l2401-C-7600,l2401-C-7600,451.0,0.0,0.0,0.0,11,79.5,0.0,0,451.0,0.0,0.0,0.0,0.0,0.0,0
2023-05-11 09:05:17,l2401-C-7600,l2401-C-7600,451.0,0.0,0.0,0.0,10,79.5,0.0,0,451.0,0.0,0.0,0.0,0.0,0.0,0
2023-05-11 09:05:18,l2401-C-7600,l2401-C-7600,451.0,0.0,0.0,0.0,1,80.0,0.0,0,451.0,0.0,0.0,0.0,0.0,0.0,0
2023-05-11 09:05:18,l2401-C-7600,l2401-C-7600,451.0,0.0,0.0,0.0,10,80.5,0.0,0,451.0,0.0,0.0,0.0,0.0,0.0,0
2023-05-11 09:05:19,l2401-C-7600,l2401-C-7600,451.0,0.0,0.0,0.0,1,81.0,0.0,0,451.0,0.0,0.0,0.0,0.0,0.0,0
2023-05-11 09:05:19,l2401-C-7600,l2401-C-7600,451.0,0.0,0.0,0.0,10,81.5,0.0,0,451.0,0.0,0.0,0.0,0.0,0.0,0
2023-05-11 09:05:20,l2401-C-7600,l2401-C-7600,451.0,0.0,0.0,0.0,1,82.0,0.0,0,451.0,0.0,0.0,0.0,0.0,0.0,0
2023-05-11 09:05:20,l2401-C-7600,l2401-C-7600,451.0,0.0,0.0,0.0,11,82.5,0.0,0,451.0,0.0,0.0,0.0,0.0,0.0,0
2023-05-11 09:05:21,l2401-C-7600,l2401-C-7600,451.0,0.0,0.0,0.0,1,83.0,0.0,0,451.0,0.0,0.0,0.0,0.0,0.0,0
2023-05-11 09:05:21,l2401-C-7600,l2401-C-7600,451.0,0.0,0.0,0.0,10,83.5,0.0,0,451.0,0.0,0.0,0.0,0.0,0.0,0
2023-05-11 09:05:22,l2401-C-7600,l2401-C-7600,451.0,0.0,0.0,0.0,1,84.0,0.0,0,451.0,0.0,0.0,0.0,0.0,0.0,0
2023-05-11 09:05:22,l2401-C-7600,l2401-C-7600,451.0,0.0,0.0,0.0,10,84.5,0.0,0,451.0,0.0,0.0,0.0,0.0,0.0,0
2023-05-11 09:05:23,l2401-C-7600,l2401-C-7600,451.0,0.0,0.0,0.0,1,85.0,0.0,0,451.0,0.0,0.0,0.0,0.0,0.0,0
2023-05-11 09:05:24,l2401-C-7600,l2401-C-7600,451.0,0.0,0.0,0.0,10,85.5,0.0,0,451.0,0.0,0.0,0.0,0.0,0.0,0
2023-05-11 09:05:24,l2401-C-7600,l2401-C-7600,451.0,0.0,0.0,0.0,1,86.0,0.0,0,451.0,0.0,0.0,0.0,0.0,0.0,0
2023-05-11 09:05:25,l2401-C-7600,l2401-C-7600,451.0,0.0,0.0,0.0,11,86.5,0.0,0,451.0,0.0,0.0,0.0,0.0,0.0,0
2023-05-11 09:05:25,l2401-C-7600,l2401-C-7600,451.0,0.0,0.0,0.0,10,86.5,0.0,0,451.0,0.0,0.0,0.0,0.0,0.0,0
2023-05-11 09:05:26,l2401-C-7600,l2401-C-7600,451.0,0.0,0.0,0.0,1,87.0,0.0,0,451.0,0.0,0.0,0.0,0.0,0.0,0
2023-05-11 09:05:26,l2401-C-7600,l2401-C-7600,451.0,0.0,0.0,0.0,10,87.5,0.0,0,451.0,0.0,0.0,0.0,0.0,0.0,0
2023-05-11 09:05:27,l2401-C-7600,l2401-C-7600,451.0,0.0,0.0,0.0,1,88.0,0.0,0,451.0,0.0,0.0,0.0,0.0,0.0,0
2023-05-11 09:05:27,l2401-C-7600,l2401-C-7600,451.0,0.0,0.0,0.0,11,88.5,0.0,0,451.0,0.0,0.0,0.0,0.0,0.0,0
2023-05-11 09:05:28,l2401-C-7600,l2401-C-7600,451.0,0.0,0.0,0.0,10,88.5,0.0,0,451.0,0.0,0.0,0.0,0.0,0.0,0
2023-05-11 09:05:28,l2401-C-7600,l2401-C-7600,451.0,0.0,0.0,0.0,1,56.0,0.0,0,451.0,0.0,0.0,0.0,0.0,0.0,0
2023-05-11 09:05:29,l2401-C-7600,l2401-C-7600,451.0,0.0,0.0,0.0,1,62.5,0.0,0,451.0,0.0,0.0,0.0,0.0,0.0,0
2023-05-11 09:05:29,l2401-C-7600,l2401-C-7600,451.0,0.0,0.0,0.0,10,63.0,0.0,0,451.0,0.0,0.0,0.0,0.0,0.0,0
2023-05-11 09:05:30,l2401-C-7600,l2401-C-7600,451.0,0.0,0.0,0.0,1,69.5,0.0,0,451.0,0.0,0.0,0.0,0.0,0.0,0
2023-05-11 09:05:30,l2401-C-7600,l2401-C-7600,451.0,0.0,0.0,0.0,10,70.0,0.0,0,451.0,0.0,0.0,0.0,0.0,0.0,0
2023-05-11 09:05:31,l2401-C-7600,l2401-C-7600,451.0,0.0,0.0,0.0,1,76.5,0.0,0,451.0,0.0,0.0,0.0,0.0,0.0,0
2023-05-11 09:05:32,l2401-C-7600,l2401-C-7600,451.0,0.0,0.0,0.0,10,77.0,0.0,0,451.0,0.0,0.0,0.0,0.0,0.0,0
2023-05-11 09:05:34,l2401-C-7600,l2401-C-7600,451.0,0.0,0.0,0.0,1,83.5,0.0,0,451.0,0.0,0.0,0.0,0.0,0.0,0
2023-05-11 09:05:34,l2401-C-7600,l2401-C-7600,451.0,0.0,0.0,0.0,10,84.0,0.0,0,451.0,0.0,0.0,0.0,0.0,0.0,0
2023-05-11 09:05:35,l2401-C-7600,l2401-C-7600,451.0,0.0,0.0,0.0,1,90.5,0.0,0,451.0,0.0,0.0,0.0,0.0,0.0,0
2023-05-11 09:05:35,l2401-C-7600,l2401-C-7600,451.0,0.0,0.0,0.0,10,91.0,0.0,0,451.0,0.0,0.0,0.0,0.0,0.0,0
2023-05-11 09:05:36,l2401-C-7600,l2401-C-7600,451.0,0.0,0.0,0.0,1,94.5,0.0,0,451.0,0.0,0.0,0.0,0.0,0.0,0
2023-05-11 09:05:36,l2401-C-7600,l2401-C-7600,451.0,0.0,0.0,0.0,10,95.0,0.0,0,451.0,0.0,0.0,0.0,0.0,0.0,0
2023-05-11 09:05:36,l2401-C-7600,l2401-C-7600,451.0,0.0,0.0,0.0,11,95.0,0.0,0,451.0,0.0,0.0,0.0,0.0,0.0,0
2023-05-11 09:05:37,l2401-C-7600,l2401-C-7600,451.0,0.0,0.0,0.0,10,95.0,0.0,0,451.0,0.0,0.0,0.0,0.0,0.0,0
2023-05-11 09:05:38,l2401-C-7600,l2401-C-7600,451.0,0.0,0.0,0.0,1,95.5,0.0,0,451.0,0.0,0.0,0.0,0.0,0.0,0
2023-05-11 09:05:38,l2401-C-7600,l2401-C-7600,451.0,0.0,0.0,0.0,10,96.0,0.0,0,451.0,0.0,0.0,0.0,0.0,0.0,0
2023-05-11 09:05:39,l2401-C-7600,l2401-C-7600,451.0,0.0,0.0,0.0,1,96.5,0.0,0,451.0,0.0,0.0,0.0,0.0,0.0,0
2023-05-11 09:05:40,l2401-C-7600,l2401-C-7600,451.0,0.0,0.0,0.0,10,97.0,0.0,0,451.0,0.0,0.0,0.0,0.0,0.0,0
2023-05-11 09:05:41,l2401-C-7600,l2401-C-7600,451.0,0.0,0.0,0.0,1,56.0,0.0,0,451.0,0.0,0.0,0.0,0.0,0.0,0
2023-05-11 09:05:41,l2401-C-7600,l2401-C-7600,451.0,0.0,0.0,0.0,1,62.5,0.0,0,451.0,0.0,0.0,0.0,0.0,0.0,0
2023-05-11 09:05:41,l2401-C-7600,l2401-C-7600,451.0,0.0,0.0,0.0,10,63.0,0.0,0,451.0,0.0,0.0,0.0,0.0,0.0,0
2023-05-11 09:05:43,l2401-C-7600,l2401-C-7600,451.0,0.0,0.0,0.0,1,69.5,0.0,0,451.0,0.0,0.0,0.0,0.0,0.0,0
2023-05-11 09:05:43,l2401-C-7600,l2401-C-7600,451.0,0.0,0.0,0.0,1,76.0,0.0,0,451.0,0.0,0.0,0.0,0.0,0.0,0
2023-05-11 09:05:43,l2401-C-7600,l2401-C-7600,451.0,0.0,0.0,0.0,10,76.5,0.0,0,451.0,0.0,0.0,0.0,0.0,0.0,0
2023-05-11 09:05:44,l2401-C-7600,l2401-C-7600,451.0,0.0,0.0,0.0,1,83.0,0.0,0,451.0,0.0,0.0,0.0,0.0,0.0,0
2023-05-11 09:05:45,l2401-C-7600,l2401-C-7600,451.0,0.0,0.0,0.0,1,89.5,0.0,0,451.0,0.0,0.0,0.0,0.0,0.0,0
2023-05-11 09:05:45,l2401-C-7600,l2401-C-7600,451.0,0.0,0.0,0.0,1,93.0,0.0,0,451.0,0.0,0.0,0.0,0.0,0.0,0
2023-05-11 09:05:46,l2401-C-7600,l2401-C-7600,451.0,0.0,0.0,0.0,1,96.5,0.0,0,451.0,0.0,0.0,0.0,0.0,0.0,0
2023-05-11 09:05:46,l2401-C-7600,l2401-C-7600,451.0,0.0,0.0,0.0,11,97.0,0.0,0,451.0,0.0,0.0,0.0,0.0,0.0,0
2023-05-11 09:05:47,l2401-C-7600,l2401-C-7600,451.0,0.0,0.0,0.0,1,97.5,0.0,0,451.0,0.0,0.0,0.0,0.0,0.0,0
2023-05-11 09:05:47,l2401-C-7600,l2401-C-7600,451.0,0.0,0.0,0.0,10,98.0,0.0,0,451.0,0.0,0.0,0.0,0.0,0.0,0
2023-05-11 09:05:48,l2401-C-7600,l2401-C-7600,451.0,0.0,0.0,0.0,1,98.5,0.0,0,451.0,0.0,0.0,0.0,0.0,0.0,0
2023-05-11 09:05:48,l2401-C-7600,l2401-C-7600,451.0,0.0,0.0,0.0,10,99.0,0.0,0,451.0,0.0,0.0,0.0,0.0,0.0,0
2023-05-11 09:05:49,l2401-C-7600,l2401-C-7600,451.0,0.0,0.0,0.0,1,99.5,0.0,0,451.0,0.0,0.0,0.0,0.0,0.0,0
2023-05-11 09:05:50,l2401-C-7600,l2401-C-7600,451.0,0.0,0.0,0.0,11,100.0,0.0,0,451.0,0.0,0.0,0.0,0.0,0.0,0
2023-05-11 09:05:50,l2401-C-7600,l2401-C-7600,451.0,0.0,0.0,0.0,10,100.0,0.0,0,451.0,0.0,0.0,0.0,0.0,0.0,0
2023-05-11 09:05:51,l2401-C-7600,l2401-C-7600,451.0,0.0,0.0,0.0,1,100.5,0.0,0,451.0,0.0,0.0,0.0,0.0,0.0,0
2023-05-11 09:05:51,l2401-C-7600,l2401-C-7600,451.0,0.0,0.0,0.0,1,104.0,0.0,0,451.0,0.0,0.0,0.0,0.0,0.0,0
2023-05-11 09:05:52,l2401-C-7600,l2401-C-7600,451.0,0.0,0.0,0.0,11,104.5,0.0,0,451.0,0.0,0.0,0.0,0.0,0.0,0
2023-05-11 09:05:52,l2401-C-7600,l2401-C-7600,451.0,0.0,0.0,0.0,1,108.0,0.0,0,451.0,0.0,0.0,0.0,0.0,0.0,0
2023-05-11 09:05:53,l2401-C-7600,l2401-C-7600,451.0,0.0,0.0,0.0,10,108.5,0.0,0,451.0,0.0,0.0,0.0,0.0,0.0,0
2023-05-11 09:05:53,l2401-C-7600,l2401-C-7600,451.0,0.0,0.0,0.0,1,109.0,0.0,0,451.0,0.0,0.0,0.0,0.0,0.0,0
2023-05-11 09:05:54,l2401-C-7600,l2401-C-7600,451.0,0.0,0.0,0.0,10,109.5,0.0,0,451.0,0.0,0.0,0.0,0.0,0.0,0
2023-05-11 09:05:54,l2401-C-7600,l2401-C-7600,451.0,0.0,0.0,0.0,1,110.0,0.0,0,451.0,0.0,0.0,0.0,0.0,0.0,0
2023-05-11 09:05:55,l2401-C-7600,l2401-C-7600,451.0,0.0,0.0,0.0,10,110.5,0.0,0,451.0,0.0,0.0,0.0,0.0,0.0,0
2023-05-11 09:05:55,l2401-C-7600,l2401-C-7600,451.0,0.0,0.0,0.0,1,111.0,0.0,0,451.0,0.0,0.0,0.0,0.0,0.0,0
2023-05-11 09:05:56,l2401-C-7600,l2401-C-7600,451.0,0.0,0.0,0.0,10,111.5,0.0,0,451.0,0.0,0.0,0.0,0.0,0.0,0
2023-05-11 09:05:56,l2401-C-7600,l2401-C-7600,451.0,0.0,0.0,0.0,1,112.0,0.0,0,451.0,0.0,0.0,0.0,0.0,0.0,0
2023-05-11 09:05:57,l2401-C-7600,l2401-C-7600,451.0,0.0,0.0,0.0,10,112.5,0.0,0,451.0,0.0,0.0,0.0,0.0,0.0,0
2023-05-11 09:05:57,l2401-C-7600,l2401-C-7600,451.0,0.0,0.0,0.0,1,113.0,0.0,0,451.0,0.0,0.0,0.0,0.0,0.0,0
2023-05-11 09:05:58,l2401-C-7600,l2401-C-7600,451.0,0.0,0.0,0.0,10,113.5,0.0,0,451.0,0.0,0.0,0.0,0.0,0.0,0
2023-05-11 09:06:00,l2401-C-7600,l2401-C-7600,451.0,0.0,0.0,0.0,1,114.0,0.0,0,451.0,0.0,0.0,0.0,0.0,0.0,0
2023-05-11 09:06:01,l2401-C-7600,l2401-C-7600,451.0,0.0,0.0,0.0,10,114.5,0.0,0,451.0,0.0,0.0,0.0,0.0,0.0,0
2023-05-11 09:06:01,l2401-C-7600,l2401-C-7600,451.0,0.0,0.0,0.0,1,118.0,0.0,0,451.0,0.0,0.0,0.0,0.0,0.0,0
2023-05-11 09:06:02,l2401-C-7600,l2401-C-7600,451.0,0.0,0.0,0.0,10,118.5,0.0,0,451.0,0.0,0.0,0.0,0.0,0.0,0
2023-05-11 09:06:02,l2401-C-7600,l2401-C-7600,451.0,0.0,0.0,0.0,1,119.0,0.0,0,451.0,0.0,0.0,0.0,0.0,0.0,0
2023-05-11 09:06:03,l2401-C-7600,l2401-C-7600,451.0,0.0,0.0,0.0,10,119.5,0.0,0,451.0,0.0,0.0,0.0,0.0,0.0,0
2023-05-11 09:06:03,l2401-C-7600,l2401-C-7600,451.0,0.0,0.0,0.0,1,120.0,0.0,0,451.0,0.0,0.0,0.0,0.0,0.0,0
2023-05-11 09:06:04,l2401-C-7600,l2401-C-7600,451.0,0.0,0.0,0.0,10,120.5,0.0,0,451.0,0.0,0.0,0.0,0.0,0.0,0
2023-05-11 09:06:06,l2401-C-7600,l2401-C-7600,451.0,0.0,0.0,0.0,1,121.0,0.0,0,451.0,0.0,0.0,0.0,0.0,0.0,0
2023-05-11 09:06:07,l2401-C-7600,l2401-C-7600,451.0,0.0,0.0,0.0,10,121.5,0.0,0,451.0,0.0,0.0,0.0,0.0,0.0,0
2023-05-11 09:06:08,l2401-C-7600,l2401-C-7600,451.0,0.0,0.0,0.0,1,122.0,0.0,0,451.0,0.0,0.0,0.0,0.0,0.0,0
2023-05-11 09:06:08,l2401-C-7600,l2401-C-7600,451.0,0.0,0.0,0.0,10,122.5,0.0,0,451.0,0.0,0.0,0.0,0.0,0.0,0
2023-05-11 09:06:09,l2401-C-7600,l2401-C-7600,451.0,0.0,0.0,0.0,1,123.0,0.0,0,451.0,0.0,0.0,0.0,0.0,0.0,0
2023-05-11 09:06:09,l2401-C-7600,l2401-C-7600,451.0,0.0,0.0,0.0,10,123.5,0.0,0,451.0,0.0,0.0,0.0,0.0,0.0,0
2023-05-11 09:06:10,l2401-C-7600,l2401-C-7600,451.0,0.0,0.0,0.0,1,124.0,0.0,0,451.0,0.0,0.0,0.0,0.0,0.0,0
2023-05-11 09:06:10,l2401-C-7600,l2401-C-7600,451.0,0.0,0.0,0.0,10,124.5,0.0,0,451.0,0.0,0.0,0.0,0.0,0.0,0
2023-05-11 09:06:11,l2401-C-7600,l2401-C-7600,451.0,0.0,0.0,0.0,1,56.0,0.0,0,451.0,0.0,0.0,0.0,0.0,0.0,0
2023-05-11 09:06:12,l2401-C-7600,l2401-C-7600,451.0,0.0,0.0,0.0,1,62.5,0.0,0,451.0,0.0,0.0,0.0,0.0,0.0,0
2023-05-11 09:06:12,l2401-C-7600,l2401-C-7600,451.0,0.0,0.0,0.0,10,63.0,0.0,0,451.0,0.0,0.0,0.0,0.0,0.0,0
2023-05-11 09:06:13,l2401-C-7600,l2401-C-7600,451.0,0.0,0.0,0.0,1,69.5,0.0,0,451.0,0.0,0.0,0.0,0.0,0.0,0
2023-05-11 09:06:13,l2401-C-7600,l2401-C-7600,451.0,0.0,0.0,0.0,10,70.0,0.0,0,451.0,0.0,0.0,0.0,0.0,0.0,0
2023-05-11 09:06:14,l2401-C-7600,l2401-C-7600,451.0,0.0,0.0,0.0,1,76.5,0.0,0,451.0,0.0,0.0,0.0,0.0,0.0,0
2023-05-11 09:06:14,l2401-C-7600,l2401-C-7600,451.0,0.0,0.0,0.0,10,77.0,0.0,0,451.0,0.0,0.0,0.0,0.0,0.0,0
2023-05-11 09:06:16,l2401-C-7600,l2401-C-7600,451.0,0.0,0.0,0.0,1,83.5,0.0,0,451.0,0.0,0.0,0.0,0.0,0.0,0
2023-05-11 09:06:16,l2401-C-7600,l2401-C-7600,451.0,0.0,0.0,0.0,10,84.0,0.0,0,451.0,0.0,0.0,0.0,0.0,0.0,0
2023-05-11 09:06:17,l2401-C-7600,l2401-C-7600,451.0,0.0,0.0,0.0,1,90.5,0.0,0,451.0,0.0,0.0,0.0,0.0,0.0,0
2023-05-11 09:06:17,l2401-C-7600,l2401-C-7600,451.0,0.0,0.0,0.0,10,91.0,0.0,0,451.0,0.0,0.0,0.0,0.0,0.0,0
2023-05-11 09:06:18,l2401-C-7600,l2401-C-7600,451.0,0.0,0.0,0.0,1,97.5,0.0,0,451.0,0.0,0.0,0.0,0.0,0.0,0
2023-05-11 09:06:18,l2401-C-7600,l2401-C-7600,451.0,0.0,0.0,0.0,10,98.0,0.0,0,451.0,0.0,0.0,0.0,0.0,0.0,0
2023-05-11 09:06:19,l2401-C-7600,l2401-C-7600,451.0,0.0,0.0,0.0,1,104.5,0.0,0,451.0,0.0,0.0,0.0,0.0,0.0,0
2023-05-11 09:06:19,l2401-C-7600,l2401-C-7600,451.0,0.0,0.0,0.0,10,105.0,0.0,0,451.0,0.0,0.0,0.0,0.0,0.0,0
2023-05-11 09:06:20,l2401-C-7600,l2401-C-7600,451.0,0.0,0.0,0.0,1,111.5,0.0,0,451.0,0.0,0.0,0.0,0.0,0.0,0
2023-05-11 09:06:20,l2401-C-7600,l2401-C-7600,451.0,0.0,0.0,0.0,10,112.0,0.0,0,451.0,0.0,0.0,0.0,0.0,0.0,0
2023-05-11 09:06:21,l2401-C-7600,l2401-C-7600,451.0,0.0,0.0,0.0,1,118.5,0.0,0,451.0,0.0,0.0,0.0,0.0,0.0,0
2023-05-11 09:06:21,l2401-C-7600,l2401-C-7600,451.0,0.0,0.0,0.0,10,119.0,0.0,0,451.0,0.0,0.0,0.0,0.0,0.0,0
2023-05-11 09:06:22,l2401-C-7600,l2401-C-7600,451.0,0.0,0.0,0.0,1,125.5,0.0,0,451.0,0.0,0.0,0.0,0.0,0.0,0
2023-05-11 09:06:23,l2401-C-7600,l2401-C-7600,451.0,0.0,0.0,0.0,10,126.0,0.0,0,451.0,0.0,0.0,0.0,0.0,0.0,0
2023-05-11 09:06:24,l2401-C-7600,l2401-C-7600,451.0,0.0,0.0,0.0,1,132.5,0.0,0,451.0,0.0,0.0,0.0,0.0,0.0,0
2023-05-11 09:06:24,l2401-C-7600,l2401-C-7600,451.0,0.0,0.0,0.0,10,133.0,0.0,0,451.0,0.0,0.0,0.0,0.0,0.0,0
2023-05-11 09:06:25,l2401-C-7600,l2401-C-7600,451.0,0.0,0.0,0.0,1,136.5,0.0,0,451.0,0.0,0.0,0.0,0.0,0.0,0
2023-05-11 09:06:25,l2401-C-7600,l2401-C-7600,451.0,0.0,0.0,0.0,10,137.0,0.0,0,451.0,0.0,0.0,0.0,0.0,0.0,0
2023-05-11 09:06:26,l2401-C-7600,l2401-C-7600,451.0,0.0,0.0,0.0,1,137.5,0.0,0,451.0,0.0,0.0,0.0,0.0,0.0,0
2023-05-11 09:06:26,l2401-C-7600,l2401-C-7600,451.0,0.0,0.0,0.0,10,138.0,0.0,0,451.0,0.0,0.0,0.0,0.0,0.0,0
2023-05-11 09:06:27,l2401-C-7600,l2401-C-7600,451.0,0.0,0.0,0.0,1,138.5,0.0,0,451.0,0.0,0.0,0.0,0.0,0.0,0
2023-05-11 09:06:27,l2401-C-7600,l2401-C-7600,451.0,0.0,0.0,0.0,10,139.0,0.0,0,451.0,0.0,0.0,0.0,0.0,0.0,0
2023-05-11 09:06:28,l2401-C-7600,l2401-C-7600,451.0,0.0,0.0,0.0,1,139.5,0.0,0,451.0,0.0,0.0,0.0,0.0,0.0,0
2023-05-11 09:06:28,l2401-C-7600,l2401-C-7600,451.0,0.0,0.0,0.0,10,140.0,0.0,0,451.0,0.0,0.0,0.0,0.0,0.0,0
2023-05-11 09:06:29,l2401-C-7600,l2401-C-7600,451.0,0.0,0.0,0.0,1,140.5,0.0,0,451.0,0.0,0.0,0.0,0.0,0.0,0
2023-05-11 09:06:29,l2401-C-7600,l2401-C-7600,451.0,0.0,0.0,0.0,10,141.0,0.0,0,451.0,0.0,0.0,0.0,0.0,0.0,0
2023-05-11 09:06:30,l2401-C-7600,l2401-C-7600,451.0,0.0,0.0,0.0,1,141.5,0.0,0,451.0,0.0,0.0,0.0,0.0,0.0,0
2023-05-11 09:06:30,l2401-C-7600,l2401-C-7600,451.0,0.0,0.0,0.0,10,142.0,0.0,0,451.0,0.0,0.0,0.0,0.0,0.0,0
2023-05-11 09:06:31,l2401-C-7600,l2401-C-7600,451.0,0.0,0.0,0.0,1,142.5,0.0,0,451.0,0.0,0.0,0.0,0.0,0.0,0
2023-05-11 09:06:31,l2401-C-7600,l2401-C-7600,451.0,0.0,0.0,0.0,10,143.0,0.0,0,451.0,0.0,0.0,0.0,0.0,0.0,0
2023-05-11 09:06:32,l2401-C-7600,l2401-C-7600,451.0,0.0,0.0,0.0,1,143.5,0.0,0,451.0,0.0,0.0,0.0,0.0,0.0,0
2023-05-11 09:06:32,l2401-C-7600,l2401-C-7600,451.0,0.0,0.0,0.0,10,144.0,0.0,0,451.0,0.0,0.0,0.0,0.0,0.0,0
2023-05-11 09:06:33,l2401-C-7600,l2401-C-7600,451.0,0.0,0.0,0.0,1,144.5,0.0,0,451.0,0.0,0.0,0.0,0.0,0.0,0
2023-05-11 09:06:33,l2401-C-7600,l2401-C-7600,451.0,0.0,0.0,0.0,10,145.0,0.0,0,451.0,0.0,0.0,0.0,0.0,0.0,0
2023-05-11 09:06:34,l2401-C-7600,l2401-C-7600,451.0,0.0,0.0,0.0,1,145.5,0.0,0,451.0,0.0,0.0,0.0,0.0,0.0,0
2023-05-11 09:06:34,l2401-C-7600,l2401-C-7600,451.0,0.0,0.0,0.0,10,146.0,0.0,0,451.0,0.0,0.0,0.0,0.0,0.0,0
2023-05-11 09:06:35,l2401-C-7600,l2401-C-7600,451.0,0.0,0.0,0.0,1,146.5,0.0,0,451.0,0.0,0.0,0.0,0.0,0.0,0
2023-05-11 09:06:35,l2401-C-7600,l2401-C-7600,451.0,0.0,0.0,0.0,10,147.0,0.0,0,451.0,0.0,0.0,0.0,0.0,0.0,0
2023-05-11 09:06:36,l2401-C-7600,l2401-C-7600,451.0,0.0,0.0,0.0,1,147.5,0.0,0,451.0,0.0,0.0,0.0,0.0,0.0,0
2023-05-11 09:06:36,l2401-C-7600,l2401-C-7600,451.0,0.0,0.0,0.0,10,148.0,0.0,0,451.0,0.0,0.0,0.0,0.0,0.0,0
2023-05-11 09:06:37,l2401-C-7600,l2401-C-7600,451.0,0.0,0.0,0.0,1,148.5,0.0,0,451.0,0.0,0.0,0.0,0.0,0.0,0
2023-05-11 09:06:37,l2401-C-7600,l2401-C-7600,451.0,0.0,0.0,0.0,10,149.0,0.0,0,451.0,0.0,0.0,0.0,0.0,0.0,0
2023-05-11 09:06:38,l2401-C-7600,l2401-C-7600,451.0,0.0,0.0,0.0,1,149.5,0.0,0,451.0,0.0,0.0,0.0,0.0,0.0,0
2023-05-11 09:06:38,l2401-C-7600,l2401-C-7600,451.0,0.0,0.0,0.0,10,150.0,0.0,0,451.0,0.0,0.0,0.0,0.0,0.0,0
2023-05-11 09:06:39,l2401-C-7600,l2401-C-7600,451.0,0.0,0.0,0.0,1,150.5,0.0,0,451.0,0.0,0.0,0.0,0.0,0.0,0
2023-05-11 09:06:39,l2401-C-7600,l2401-C-7600,451.0,0.0,0.0,0.0,10,151.0,0.0,0,451.0,0.0,0.0,0.0,0.0,0.0,0
2023-05-11 09:06:40,l2401-C-7600,l2401-C-7600,451.0,0.0,0.0,0.0,1,151.5,0.0,0,451.0,0.0,0.0,0.0,0.0,0.0,0
2023-05-11 09:06:40,l2401-C-7600,l2401-C-7600,451.0,0.0,0.0,0.0,10,152.0,0.0,0,451.0,0.0,0.0,0.0,0.0,0.0,0
2023-05-11 09:06:41,l2401-C-7600,l2401-C-7600,451.0,0.0,0.0,0.0,1,152.5,0.0,0,451.0,0.0,0.0,0.0,0.0,0.0,0
2023-05-11 09:06:41,l2401-C-7600,l2401-C-7600,451.0,0.0,0.0,0.0,10,153.0,0.0,0,451.0,0.0,0.0,0.0,0.0,0.0,0
2023-05-11 09:06:42,l2401-C-7600,l2401-C-7600,451.0,0.0,0.0,0.0,1,153.5,0.0,0,451.0,0.0,0.0,0.0,0.0,0.0,0
2023-05-11 09:06:42,l2401-C-7600,l2401-C-7600,451.0,0.0,0.0,0.0,10,154.0,0.0,0,451.0,0.0,0.0,0.0,0.0,0.0,0
2023-05-11 09:06:43,l2401-C-7600,l2401-C-7600,451.0,0.0,0.0,0.0,1,154.5,0.0,0,451.0,0.0,0.0,0.0,0.0,0.0,0
2023-05-11 09:06:43,l2401-C-7600,l2401-C-7600,451.0,0.0,0.0,0.0,10,155.0,0.0,0,451.0,0.0,0.0,0.0,0.0,0.0,0
2023-05-11 09:06:44,l2401-C-7600,l2401-C-7600,451.0,0.0,0.0,0.0,1,155.5,0.0,0,451.0,0.0,0.0,0.0,0.0,0.0,0
2023-05-11 09:06:44,l2401-C-7600,l2401-C-7600,451.0,0.0,0.0,0.0,10,156.0,0.0,0,451.0,0.0,0.0,0.0,0.0,0.0,0
2023-05-11 09:06:45,l2401-C-7600,l2401-C-7600,451.0,0.0,0.0,0.0,1,156.5,0.0,0,451.0,0.0,0.0,0.0,0.0,0.0,0
2023-05-11 09:06:46,l2401-C-7600,l2401-C-7600,451.0,0.0,0.0,0.0,10,157.0,0.0,0,451.0,0.0,0.0,0.0,0.0,0.0,0
2023-05-11 09:06:47,l2401-C-7600,l2401-C-7600,451.0,0.0,0.0,0.0,1,157.5,0.0,0,451.0,0.0,0.0,0.0,0.0,0.0,0
2023-05-11 09:06:47,l2401-C-7600,l2401-C-7600,451.0,0.0,0.0,0.0,10,158.0,0.0,0,451.0,0.0,0.0,0.0,0.0,0.0,0
2023-05-11 09:06:48,l2401-C-7600,l2401-C-7600,451.0,0.0,0.0,0.0,1,158.5,0.0,0,451.0,0.0,0.0,0.0,0.0,0.0,0
2023-05-11 09:06:49,l2401-C-7600,l2401-C-7600,451.0,0.0,0.0,0.0,10,159.0,0.0,0,451.0,0.0,0.0,0.0,0.0,0.0,0
2023-05-11 09:06:49,l2401-C-7600,l2401-C-7600,451.0,0.0,0.0,0.0,1,159.5,0.0,0,451.0,0.0,0.0,0.0,0.0,0.0,0
2023-05-11 09:06:50,l2401-C-7600,l2401-C-7600,451.0,0.0,0.0,0.0,10,160.0,0.0,0,451.0,0.0,0.0,0.0,0.0,0.0,0
2023-05-11 09:06:50,l2401-C-7600,l2401-C-7600,451.0,0.0,0.0,0.0,1,160.5,0.0,0,451.0,0.0,0.0,0.0,0.0,0.0,0
2023-05-11 09:06:51,l2401-C-7600,l2401-C-7600,451.0,0.0,0.0,0.0,10,161.0,0.0,0,451.0,0.0,0.0,0.0,0.0,0.0,0
2023-05-11 09:06:51,l2401-C-7600,l2401-C-7600,451.0,0.0,0.0,0.0,1,161.5,0.0,0,451.0,0.0,0.0,0.0,0.0,0.0,0
2023-05-11 09:06:51,l2401-C-7600,l2401-C-7600,451.0,0.0,0.0,0.0,10,162.0,0.0,0,451.0,0.0,0.0,0.0,0.0,0.0,0
2023-05-11 09:06:52,l2401-C-7600,l2401-C-7600,451.0,0.0,0.0,0.0,1,162.5,0.0,0,451.0,0.0,0.0,0.0,0.0,0.0,0
2023-05-11 09:06:52,l2401-C-7600,l2401-C-7600,451.0,0.0,0.0,0.0,10,163.0,0.0,0,451.0,0.0,0.0,0.0,0.0,0.0,0
2023-05-11 09:06:53,l2401-C-7600,l2401-C-7600,451.0,0.0,0.0,0.0,1,163.5,0.0,0,451.0,0.0,0.0,0.0,0.0,0.0,0
2023-05-11 09:06:53,l2401-C-7600,l2401-C-7600,451.0,0.0,0.0,0.0,10,164.0,0.0,0,451.0,0.0,0.0,0.0,0.0,0.0,0
2023-05-11 09:06:54,l2401-C-7600,l2401-C-7600,451.0,0.0,0.0,0.0,1,164.5,0.0,0,451.0,0.0,0.0,0.0,0.0,0.0,0
2023-05-11 09:06:54,l2401-C-7600,l2401-C-7600,451.0,0.0,0.0,0.0,10,165.0,0.0,0,451.0,0.0,0.0,0.0,0.0,0.0,0
2023-05-11 09:06:55,l2401-C-7600,l2401-C-7600,451.0,0.0,0.0,0.0,1,165.5,0.0,0,451.0,0.0,0.0,0.0,0.0,0.0,0
2023-05-11 09:06:55,l2401-C-7600,l2401-C-7600,451.0,0.0,0.0,0.0,10,166.0,0.0,0,451.0,0.0,0.0,0.0,0.0,0.0,0
2023-05-11 09:06:56,l2401-C-7600,l2401-C-7600,451.0,0.0,0.0,0.0,1,166.5,0.0,0,451.0,0.0,0.0,0.0,0.0,0.0,0
2023-05-11 09:06:56,l2401-C-7600,l2401-C-7600,451.0,0.0,0.0,0.0,10,167.0,0.0,0,451.0,0.0,0.0,0.0,0.0,0.0,0
2023-05-11 09:13:06,l2401-C-7600,l2401-C-7600,451.0,0.0,0.0,0.0,1,167.5,0.0,0,451.0,0.0,0.0,0.0,0.0,0.0,0
2023-05-11 09:13:06,l2401-C-7600,l2401-C-7600,451.0,0.0,0.0,0.0,10,168.0,0.0,0,451.0,0.0,0.0,0.0,0.0,0.0,0
2023-05-11 09:16:12,l2401-C-7600,l2401-C-7600,451.0,0.0,0.0,0.0,1,168.5,0.0,0,451.0,0.0,0.0,0.0,0.0,0.0,0
2023-05-11 09:16:12,l2401-C-7600,l2401-C-7600,451.0,0.0,0.0,0.0,10,169.0,0.0,0,451.0,0.0,0.0,0.0,0.0,0.0,0
2023-05-11 09:38:49,l2401-C-7600,l2401-C-7600,451.0,0.0,0.0,0.0,1,169.5,0.0,0,451.0,0.0,0.0,0.0,0.0,0.0,0
2023-05-11 09:38:49,l2401-C-7600,l2401-C-7600,451.0,0.0,0.0,0.0,10,170.0,0.0,0,451.0,0.0,0.0,0.0,0.0,0.0,0
2023-05-11 10:13:18,l2401-C-7600,l2401-C-7600,451.0,0.0,0.0,0.0,1,170.5,0.0,0,451.0,0.0,0.0,0.0,0.0,0.0,0
2023-05-11 10:13:18,l2401-C-7600,l2401-C-7600,451.0,0.0,0.0,0.0,10,171.0,0.0,0,451.0,0.0,0.0,0.0,0.0,0.0,0
2023-05-11 10:14:32,l2401-C-7600,l2401-C-7600,451.0,0.0,0.0,0.0,1,170.5,0.0,0,451.0,0.0,0.0,0.0,0.0,0.0,0
2023-05-11 10:30:07,l2401-C-7600,l2401-C-7600,451.0,0.0,0.0,0.0,10,171.0,0.0,0,451.0,0.0,0.0,0.0,0.0,0.0,0
2023-05-11 10:54:01,l2401-C-7600,l2401-C-7600,451.0,0.0,0.0,0.0,1,171.5,0.0,0,451.0,0.0,0.0,0.0,0.0,0.0,0
2023-05-11 10:54:01,l2401-C-7600,l2401-C-7600,451.0,0.0,0.0,0.0,10,172.0,0.0,0,451.0,0.0,0.0,0.0,0.0,0.0,0
2023-05-11 11:24:09,l2401-C-7600,l2401-C-7600,451.0,0.0,0.0,0.0,1,172.5,0.0,0,451.0,0.0,0.0,0.0,0.0,0.0,0
2023-05-11 11:24:09,l2401-C-7600,l2401-C-7600,451.0,0.0,0.0,0.0,10,173.0,0.0,0,451.0,0.0,0.0,0.0,0.0,0.0,0
2023-05-11 11:29:32,l2401-C-7600,l2401-C-7600,451.0,0.0,0.0,0.0,1,55.0,0.0,0,451.0,0.0,0.0,0.0,0.0,0.0,0
2023-05-11 13:30:14,l2401-C-7600,l2401-C-7600,451.0,0.0,0.0,0.0,10,55.5,0.0,0,451.0,0.0,0.0,0.0,0.0,0.0,0
2023-05-11 13:31:06,l2401-C-7600,l2401-C-7600,451.0,0.0,0.0,0.0,1,56.0,0.0,0,451.0,0.0,0.0,0.0,0.0,0.0,0
2023-05-11 13:31:06,l2401-C-7600,l2401-C-7600,451.0,0.0,0.0,0.0,10,56.5,0.0,0,451.0,0.0,0.0,0.0,0.0,0.0,0
2023-05-11 13:31:24,l2401-C-7600,l2401-C-7600,451.0,0.0,0.0,0.0,1,57.0,0.0,0,451.0,0.0,0.0,0.0,0.0,0.0,0
2023-05-11 13:31:24,l2401-C-7600,l2401-C-7600,451.0,0.0,0.0,0.0,10,57.5,0.0,0,451.0,0.0,0.0,0.0,0.0,0.0,0
2023-05-11 13:32:21,l2401-C-7600,l2401-C-7600,451.0,0.0,0.0,0.0,1,58.0,0.0,0,451.0,0.0,0.0,0.0,0.0,0.0,0
2023-05-11 13:32:21,l2401-C-7600,l2401-C-7600,451.0,0.0,0.0,0.0,10,58.5,0.0,0,451.0,0.0,0.0,0.0,0.0,0.0,0
2023-05-11 13:34:49,l2401-C-7600,l2401-C-7600,451.0,0.0,0.0,0.0,1,59.0,0.0,0,451.0,0.0,0.0,0.0,0.0,0.0,0
2023-05-11 13:34:49,l2401-C-7600,l2401-C-7600,451.0,0.0,0.0,0.0,10,59.5,0.0,0,451.0,0.0,0.0,0.0,0.0,0.0,0
2023-05-11 13:34:56,l2401-C-7600,l2401-C-7600,451.0,0.0,0.0,0.0,1,60.0,0.0,0,451.0,0.0,0.0,0.0,0.0,0.0,0
2023-05-11 13:34:56,l2401-C-7600,l2401-C-7600,451.0,0.0,0.0,0.0,10,60.5,0.0,0,451.0,0.0,0.0,0.0,0.0,0.0,0
2023-05-11 13:39:51,l2401-C-7600,l2401-C-7600,451.0,0.0,0.0,0.0,1,61.0,0.0,0,451.0,0.0,0.0,0.0,0.0,0.0,0
2023-05-11 13:39:51,l2401-C-7600,l2401-C-7600,451.0,0.0,0.0,0.0,10,61.5,0.0,0,451.0,0.0,0.0,0.0,0.0,0.0,0
2023-05-11 13:39:52,l2401-C-7600,l2401-C-7600,451.0,0.0,0.0,0.0,1,62.0,0.0,0,451.0,0.0,0.0,0.0,0.0,0.0,0
2023-05-11 13:39:52,l2401-C-7600,l2401-C-7600,451.0,0.0,0.0,0.0,10,62.5,0.0,0,451.0,0.0,0.0,0.0,0.0,0.0,0
2023-05-11 13:40:01,l2401-C-7600,l2401-C-7600,451.0,0.0,0.0,0.0,1,63.0,0.0,0,451.0,0.0,0.0,0.0,0.0,0.0,0
2023-05-11 13:40:01,l2401-C-7600,l2401-C-7600,451.0,0.0,0.0,0.0,10,63.5,0.0,0,451.0,0.0,0.0,0.0,0.0,0.0,0
2023-05-11 13:40:03,l2401-C-7600,l2401-C-7600,451.0,0.0,0.0,0.0,1,56.0,0.0,0,451.0,0.0,0.0,0.0,0.0,0.0,0
2023-05-11 13:40:04,l2401-C-7600,l2401-C-7600,451.0,0.0,0.0,0.0,1,59.5,0.0,0,451.0,0.0,0.0,0.0,0.0,0.0,0
2023-05-11 13:40:04,l2401-C-7600,l2401-C-7600,451.0,0.0,0.0,0.0,10,60.0,0.0,0,451.0,0.0,0.0,0.0,0.0,0.0,0
2023-05-11 13:40:05,l2401-C-7600,l2401-C-7600,451.0,0.0,0.0,0.0,1,60.5,0.0,0,451.0,0.0,0.0,0.0,0.0,0.0,0
2023-05-11 13:40:05,l2401-C-7600,l2401-C-7600,451.0,0.0,0.0,0.0,10,61.0,0.0,0,451.0,0.0,0.0,0.0,0.0,0.0,0
2023-05-11 13:40:07,l2401-C-7600,l2401-C-7600,451.0,0.0,0.0,0.0,1,61.5,0.0,0,451.0,0.0,0.0,0.0,0.0,0.0,0
2023-05-11 13:40:07,l2401-C-7600,l2401-C-7600,451.0,0.0,0.0,0.0,10,62.0,0.0,0,451.0,0.0,0.0,0.0,0.0,0.0,0
2023-05-11 13:40:08,l2401-C-7600,l2401-C-7600,451.0,0.0,0.0,0.0,1,62.5,0.0,0,451.0,0.0,0.0,0.0,0.0,0.0,0
2023-05-11 13:40:08,l2401-C-7600,l2401-C-7600,451.0,0.0,0.0,0.0,10,63.0,0.0,0,451.0,0.0,0.0,0.0,0.0,0.0,0
2023-05-11 13:40:09,l2401-C-7600,l2401-C-7600,451.0,0.0,0.0,0.0,1,63.5,0.0,0,451.0,0.0,0.0,0.0,0.0,0.0,0
2023-05-11 13:40:09,l2401-C-7600,l2401-C-7600,451.0,0.0,0.0,0.0,10,64.0,0.0,0,451.0,0.0,0.0,0.0,0.0,0.0,0
2023-05-11 13:40:10,l2401-C-7600,l2401-C-7600,451.0,0.0,0.0,0.0,1,64.5,0.0,0,451.0,0.0,0.0,0.0,0.0,0.0,0
2023-05-11 13:40:10,l2401-C-7600,l2401-C-7600,451.0,0.0,0.0,0.0,11,65.0,0.0,0,451.0,0.0,0.0,0.0,0.0,0.0,0
2023-05-11 13:40:11,l2401-C-7600,l2401-C-7600,451.0,0.0,0.0,0.0,1,65.5,0.0,0,451.0,0.0,0.0,0.0,0.0,0.0,0
2023-05-11 13:40:11,l2401-C-7600,l2401-C-7600,451.0,0.0,0.0,0.0,10,66.0,0.0,0,451.0,0.0,0.0,0.0,0.0,0.0,0
2023-05-11 13:40:12,l2401-C-7600,l2401-C-7600,451.0,0.0,0.0,0.0,1,66.5,0.0,0,451.0,0.0,0.0,0.0,0.0,0.0,0
2023-05-11 13:40:13,l2401-C-7600,l2401-C-7600,451.0,0.0,0.0,0.0,10,67.0,0.0,0,451.0,0.0,0.0,0.0,0.0,0.0,0
2023-05-11 13:40:13,l2401-C-7600,l2401-C-7600,451.0,0.0,0.0,0.0,1,67.5,0.0,0,451.0,0.0,0.0,0.0,0.0,0.0,0
2023-05-11 13:40:13,l2401-C-7600,l2401-C-7600,451.0,0.0,0.0,0.0,10,68.0,0.0,0,451.0,0.0,0.0,0.0,0.0,0.0,0
2023-05-11 13:40:14,l2401-C-7600,l2401-C-7600,451.0,0.0,0.0,0.0,1,68.5,0.0,0,451.0,0.0,0.0,0.0,0.0,0.0,0
2023-05-11 13:40:15,l2401-C-7600,l2401-C-7600,451.0,0.0,0.0,0.0,10,69.0,0.0,0,451.0,0.0,0.0,0.0,0.0,0.0,0
2023-05-11 13:40:16,l2401-C-7600,l2401-C-7600,451.0,0.0,0.0,0.0,1,69.5,0.0,0,451.0,0.0,0.0,0.0,0.0,0.0,0
2023-05-11 13:40:16,l2401-C-7600,l2401-C-7600,451.0,0.0,0.0,0.0,11,70.0,0.0,0,451.0,0.0,0.0,0.0,0.0,0.0,0
2023-05-11 13:40:18,l2401-C-7600,l2401-C-7600,451.0,0.0,0.0,0.0,1,70.5,0.0,0,451.0,0.0,0.0,0.0,0.0,0.0,0
2023-05-11 13:40:18,l2401-C-7600,l2401-C-7600,451.0,0.0,0.0,0.0,10,71.0,0.0,0,451.0,0.0,0.0,0.0,0.0,0.0,0
2023-05-11 13:40:19,l2401-C-7600,l2401-C-7600,451.0,0.0,0.0,0.0,1,71.5,0.0,0,451.0,0.0,0.0,0.0,0.0,0.0,0
2023-05-11 13:40:19,l2401-C-7600,l2401-C-7600,451.0,0.0,0.0,0.0,10,72.0,0.0,0,451.0,0.0,0.0,0.0,0.0,0.0,0
2023-05-11 13:40:23,l2401-C-7600,l2401-C-7600,451.0,0.0,0.0,0.0,1,56.0,0.0,0,451.0,0.0,0.0,0.0,0.0,0.0,0
2023-05-11 13:40:23,l2401-C-7600,l2401-C-7600,451.0,0.0,0.0,0.0,1,62.5,0.0,0,451.0,0.0,0.0,0.0,0.0,0.0,0
2023-05-11 13:40:23,l2401-C-7600,l2401-C-7600,451.0,0.0,0.0,0.0,10,63.0,0.0,0,451.0,0.0,0.0,0.0,0.0,0.0,0
2023-05-11 13:40:36,l2401-C-7600,l2401-C-7600,451.0,0.0,0.0,0.0,1,69.5,0.0,0,451.0,0.0,0.0,0.0,0.0,0.0,0
2023-05-11 13:40:36,l2401-C-7600,l2401-C-7600,451.0,0.0,0.0,0.0,10,70.0,0.0,0,451.0,0.0,0.0,0.0,0.0,0.0,0
2023-05-11 13:41:14,l2401-C-7600,l2401-C-7600,451.0,0.0,0.0,0.0,1,73.5,0.0,0,451.0,0.0,0.0,0.0,0.0,0.0,0
2023-05-11 13:41:15,l2401-C-7600,l2401-C-7600,451.0,0.0,0.0,0.0,10,74.0,0.0,0,451.0,0.0,0.0,0.0,0.0,0.0,0
2023-05-11 13:41:16,l2401-C-7600,l2401-C-7600,451.0,0.0,0.0,0.0,1,56.0,0.0,0,451.0,0.0,0.0,0.0,0.0,0.0,0
2023-05-11 13:41:16,l2401-C-7600,l2401-C-7600,451.0,0.0,0.0,0.0,11,56.5,0.0,0,451.0,0.0,0.0,0.0,0.0,0.0,0
2023-05-11 13:56:50,l2401-C-7600,l2401-C-7600,451.0,0.0,0.0,0.0,1,387.0,409.0,1,451.0,0.0,0.0,0.0,0.0,0.0,0
2023-05-11 13:56:52,l2401-C-7600,l2401-C-7600,451.0,0.0,0.0,0.0,1,387.0,405.0,1,451.0,0.0,0.0,0.0,0.0,0.0,0
2023-05-11 13:56:55,l2401-C-7600,l2401-C-7600,451.0,0.0,0.0,0.0,2,387.0,405.0,2,451.0,0.0,0.0,0.0,0.0,0.0,0
2023-05-11 13:56:58,l2401-C-7600,l2401-C-7600,451.0,0.0,0.0,0.0,2,387.0,402.0,5,451.0,0.0,0.0,0.0,0.0,0.0,0
2023-05-11 13:57:01,l2401-C-7600,l2401-C-7600,451.0,0.0,0.0,0.0,1,387.0,402.0,5,451.0,0.0,0.0,0.0,0.0,0.0,0
2023-05-11 13:57:04,l2401-C-7600,l2401-C-7600,451.0,0.0,0.0,0.0,1,387.0,402.0,6,451.0,0.0,0.0,0.0,0.0,0.0,0
2023-05-11 13:57:07,l2401-C-7600,l2401-C-7600,451.0,0.0,0.0,0.0,1,384.5,402.0,6,451.0,0.0,0.0,0.0,0.0,0.0,0
2023-05-11 13:57:09,l2401-C-7600,l2401-C-7600,451.0,0.0,0.0,0.0,1,384.5,402.0,1,451.0,0.0,0.0,0.0,0.0,0.0,0
2023-05-11 13:57:10,l2401-C-7600,l2401-C-7600,451.0,0.0,0.0,0.0,1,376.0,402.0,1,451.0,0.0,0.0,0.0,0.0,0.0,0
2023-05-11 13:57:14,l2401-C-7600,l2401-C-7600,451.0,0.0,0.0,0.0,10,56.5,0.0,0,451.0,0.0,0.0,0.0,0.0,0.0,0
2023-05-11 13:57:15,l2401-C-7600,l2401-C-7600,451.0,0.0,0.0,0.0,1,63.0,0.0,0,451.0,0.0,0.0,0.0,0.0,0.0,0
2023-05-11 13:57:15,l2401-C-7600,l2401-C-7600,451.0,0.0,0.0,0.0,10,63.5,0.0,0,451.0,0.0,0.0,0.0,0.0,0.0,0
2023-05-11 13:57:16,l2401-C-7600,l2401-C-7600,451.0,0.0,0.0,0.0,1,56.0,0.0,0,451.0,0.0,0.0,0.0,0.0,0.0,0
2023-05-11 13:57:17,l2401-C-7600,l2401-C-7600,451.0,0.0,0.0,0.0,11,56.5,0.0,0,451.0,0.0,0.0,0.0,0.0,0.0,0
2023-05-11 14:13:07,l2401-C-7600,l2401-C-7600,451.0,0.0,0.0,0.0,1,57.0,0.0,0,451.0,0.0,0.0,0.0,0.0,0.0,0
2023-05-11 14:13:07,l2401-C-7600,l2401-C-7600,451.0,0.0,0.0,0.0,1,63.5,0.0,0,451.0,0.0,0.0,0.0,0.0,0.0,0
2023-05-11 14:13:07,l2401-C-7600,l2401-C-7600,451.0,0.0,0.0,0.0,10,64.0,0.0,0,451.0,0.0,0.0,0.0,0.0,0.0,0
2023-05-11 14:13:08,l2401-C-7600,l2401-C-7600,451.0,0.0,0.0,0.0,1,70.5,0.0,0,451.0,0.0,0.0,0.0,0.0,0.0,0
2023-05-11 14:13:09,l2401-C-7600,l2401-C-7600,451.0,0.0,0.0,0.0,10,71.0,0.0,0,451.0,0.0,0.0,0.0,0.0,0.0,0
2023-05-11 14:13:10,l2401-C-7600,l2401-C-7600,451.0,0.0,0.0,0.0,1,77.5,0.0,0,451.0,0.0,0.0,0.0,0.0,0.0,0
2023-05-11 14:13:10,l2401-C-7600,l2401-C-7600,451.0,0.0,0.0,0.0,10,78.0,0.0,0,451.0,0.0,0.0,0.0,0.0,0.0,0
2023-05-11 14:13:11,l2401-C-7600,l2401-C-7600,451.0,0.0,0.0,0.0,1,84.5,0.0,0,451.0,0.0,0.0,0.0,0.0,0.0,0
2023-05-11 14:13:11,l2401-C-7600,l2401-C-7600,451.0,0.0,0.0,0.0,10,85.0,0.0,0,451.0,0.0,0.0,0.0,0.0,0.0,0
2023-05-11 14:13:12,l2401-C-7600,l2401-C-7600,451.0,0.0,0.0,0.0,1,91.5,0.0,0,451.0,0.0,0.0,0.0,0.0,0.0,0
2023-05-11 14:13:12,l2401-C-7600,l2401-C-7600,451.0,0.0,0.0,0.0,10,92.0,0.0,0,451.0,0.0,0.0,0.0,0.0,0.0,0
2023-05-11 14:13:13,l2401-C-7600,l2401-C-7600,451.0,0.0,0.0,0.0,1,98.5,0.0,0,451.0,0.0,0.0,0.0,0.0,0.0,0
2023-05-11 14:13:13,l2401-C-7600,l2401-C-7600,451.0,0.0,0.0,0.0,10,99.0,0.0,0,451.0,0.0,0.0,0.0,0.0,0.0,0
2023-05-11 14:13:14,l2401-C-7600,l2401-C-7600,451.0,0.0,0.0,0.0,1,102.5,0.0,0,451.0,0.0,0.0,0.0,0.0,0.0,0
2023-05-11 14:13:14,l2401-C-7600,l2401-C-7600,451.0,0.0,0.0,0.0,10,103.0,0.0,0,451.0,0.0,0.0,0.0,0.0,0.0,0
2023-05-11 14:13:15,l2401-C-7600,l2401-C-7600,451.0,0.0,0.0,0.0,1,103.5,0.0,0,451.0,0.0,0.0,0.0,0.0,0.0,0
2023-05-11 14:13:15,l2401-C-7600,l2401-C-7600,451.0,0.0,0.0,0.0,10,104.0,0.0,0,451.0,0.0,0.0,0.0,0.0,0.0,0
2023-05-11 14:13:16,l2401-C-7600,l2401-C-7600,451.0,0.0,0.0,0.0,1,104.5,0.0,0,451.0,0.0,0.0,0.0,0.0,0.0,0
2023-05-11 14:13:16,l2401-C-7600,l2401-C-7600,451.0,0.0,0.0,0.0,10,105.0,0.0,0,451.0,0.0,0.0,0.0,0.0,0.0,0
2023-05-11 14:13:17,l2401-C-7600,l2401-C-7600,451.0,0.0,0.0,0.0,1,105.5,0.0,0,451.0,0.0,0.0,0.0,0.0,0.0,0
2023-05-11 14:13:17,l2401-C-7600,l2401-C-7600,451.0,0.0,0.0,0.0,10,106.0,0.0,0,451.0,0.0,0.0,0.0,0.0,0.0,0
2023-05-11 14:13:18,l2401-C-7600,l2401-C-7600,451.0,0.0,0.0,0.0,1,106.5,0.0,0,451.0,0.0,0.0,0.0,0.0,0.0,0
2023-05-11 14:13:19,l2401-C-7600,l2401-C-7600,451.0,0.0,0.0,0.0,10,107.0,0.0,0,451.0,0.0,0.0,0.0,0.0,0.0,0
2023-05-11 14:54:21,l2401-C-7600,l2401-C-7600,451.0,0.0,0.0,0.0,1,107.5,0.0,0,451.0,0.0,0.0,0.0,0.0,0.0,0
2023-05-11 14:54:21,l2401-C-7600,l2401-C-7600,451.0,0.0,0.0,0.0,10,108.0,0.0,0,451.0,0.0,0.0,0.0,0.0,0.0,0
2023-05-11 14:56:45,l2401-C-7600,l2401-C-7600,451.0,0.0,0.0,0.0,1,107.5,0.0,0,451.0,0.0,0.0,0.0,0.0,0.0,0
2023-05-11 14:59:02,l2401-C-7600,l2401-C-7600,451.0,0.0,0.0,0.0,10,108.0,0.0,0,451.0,0.0,0.0,0.0,0.0,0.0,0
2023-05-11 14:59:54,l2401-C-7600,l2401-C-7600,451.0,0.0,0.0,0.0,1,107.5,0.0,0,451.0,0.0,0.0,0.0,0.0,0.0,0
2023-05-11 15:01:10,l2401-C-7600,l2401-C-7600,451.0,0.0,0.0,0.0,1,107.5,0.0,0,451.0,0.0,0.0,0.0,0.0,0.0,0
