time,symbol_id,symbol_name,last,trade_volume,trade_amount,open_interest_change,bv1,bp1,ap1,av1,yesterday_close,today_open,today_high,today_low,volume,amount,open_interest
2023-05-10 20:56:28,l2401-C-8600,l2401-C-8600,110.5,0.0,0.0,0.0,1,1.5,0.0,0,110.5,0.0,0.0,0.0,0.0,0.0,12
2023-05-10 21:00:06,l2401-C-8600,l2401-C-8600,110.5,0.0,0.0,0.0,10,2.0,0.0,0,110.5,0.0,0.0,0.0,0.0,0.0,12
2023-05-10 21:03:56,l2401-C-8600,l2401-C-8600,110.5,0.0,0.0,0.0,1,2.5,0.0,0,110.5,0.0,0.0,0.0,0.0,0.0,12
2023-05-10 21:03:56,l2401-C-8600,l2401-C-8600,110.5,0.0,0.0,0.0,10,3.0,0.0,0,110.5,0.0,0.0,0.0,0.0,0.0,12
2023-05-10 21:05:02,l2401-C-8600,l2401-C-8600,110.5,0.0,0.0,0.0,1,3.5,0.0,0,110.5,0.0,0.0,0.0,0.0,0.0,12
2023-05-10 21:05:02,l2401-C-8600,l2401-C-8600,110.5,0.0,0.0,0.0,10,4.0,0.0,0,110.5,0.0,0.0,0.0,0.0,0.0,12
2023-05-10 21:06:35,l2401-C-8600,l2401-C-8600,110.5,0.0,0.0,0.0,1,4.5,0.0,0,110.5,0.0,0.0,0.0,0.0,0.0,12
2023-05-10 21:06:35,l2401-C-8600,l2401-C-8600,110.5,0.0,0.0,0.0,10,5.0,0.0,0,110.5,0.0,0.0,0.0,0.0,0.0,12
2023-05-10 21:06:46,l2401-C-8600,l2401-C-8600,110.5,0.0,0.0,0.0,1,5.5,0.0,0,110.5,0.0,0.0,0.0,0.0,0.0,12
2023-05-10 21:06:46,l2401-C-8600,l2401-C-8600,110.5,0.0,0.0,0.0,10,6.0,0.0,0,110.5,0.0,0.0,0.0,0.0,0.0,12
2023-05-10 21:06:52,l2401-C-8600,l2401-C-8600,110.5,0.0,0.0,0.0,1,6.5,0.0,0,110.5,0.0,0.0,0.0,0.0,0.0,12
2023-05-10 21:06:52,l2401-C-8600,l2401-C-8600,110.5,0.0,0.0,0.0,10,7.0,0.0,0,110.5,0.0,0.0,0.0,0.0,0.0,12
2023-05-10 21:07:00,l2401-C-8600,l2401-C-8600,110.5,0.0,0.0,0.0,1,7.5,0.0,0,110.5,0.0,0.0,0.0,0.0,0.0,12
2023-05-10 21:07:00,l2401-C-8600,l2401-C-8600,110.5,0.0,0.0,0.0,10,8.0,0.0,0,110.5,0.0,0.0,0.0,0.0,0.0,12
2023-05-10 21:07:02,l2401-C-8600,l2401-C-8600,110.5,0.0,0.0,0.0,1,8.5,0.0,0,110.5,0.0,0.0,0.0,0.0,0.0,12
2023-05-10 21:07:02,l2401-C-8600,l2401-C-8600,110.5,0.0,0.0,0.0,10,9.0,0.0,0,110.5,0.0,0.0,0.0,0.0,0.0,12
2023-05-10 21:07:05,l2401-C-8600,l2401-C-8600,110.5,0.0,0.0,0.0,1,9.5,0.0,0,110.5,0.0,0.0,0.0,0.0,0.0,12
2023-05-10 21:07:05,l2401-C-8600,l2401-C-8600,110.5,0.0,0.0,0.0,10,10.0,0.0,0,110.5,0.0,0.0,0.0,0.0,0.0,12
2023-05-10 21:07:08,l2401-C-8600,l2401-C-8600,110.5,0.0,0.0,0.0,1,10.5,0.0,0,110.5,0.0,0.0,0.0,0.0,0.0,12
2023-05-10 21:07:08,l2401-C-8600,l2401-C-8600,110.5,0.0,0.0,0.0,10,11.0,0.0,0,110.5,0.0,0.0,0.0,0.0,0.0,12
2023-05-10 21:07:14,l2401-C-8600,l2401-C-8600,110.5,0.0,0.0,0.0,1,11.5,0.0,0,110.5,0.0,0.0,0.0,0.0,0.0,12
2023-05-10 21:07:14,l2401-C-8600,l2401-C-8600,110.5,0.0,0.0,0.0,10,12.0,0.0,0,110.5,0.0,0.0,0.0,0.0,0.0,12
2023-05-10 21:07:17,l2401-C-8600,l2401-C-8600,110.5,0.0,0.0,0.0,1,12.5,0.0,0,110.5,0.0,0.0,0.0,0.0,0.0,12
2023-05-10 21:07:17,l2401-C-8600,l2401-C-8600,110.5,0.0,0.0,0.0,10,13.0,0.0,0,110.5,0.0,0.0,0.0,0.0,0.0,12
2023-05-10 21:07:21,l2401-C-8600,l2401-C-8600,110.5,0.0,0.0,0.0,1,13.5,0.0,0,110.5,0.0,0.0,0.0,0.0,0.0,12
2023-05-10 21:07:21,l2401-C-8600,l2401-C-8600,110.5,0.0,0.0,0.0,10,14.0,0.0,0,110.5,0.0,0.0,0.0,0.0,0.0,12
2023-05-10 21:07:26,l2401-C-8600,l2401-C-8600,110.5,0.0,0.0,0.0,1,14.5,0.0,0,110.5,0.0,0.0,0.0,0.0,0.0,12
2023-05-10 21:07:26,l2401-C-8600,l2401-C-8600,110.5,0.0,0.0,0.0,10,15.0,0.0,0,110.5,0.0,0.0,0.0,0.0,0.0,12
2023-05-10 21:07:30,l2401-C-8600,l2401-C-8600,110.5,0.0,0.0,0.0,1,15.5,0.0,0,110.5,0.0,0.0,0.0,0.0,0.0,12
2023-05-10 21:07:30,l2401-C-8600,l2401-C-8600,110.5,0.0,0.0,0.0,10,16.0,0.0,0,110.5,0.0,0.0,0.0,0.0,0.0,12
2023-05-10 21:07:32,l2401-C-8600,l2401-C-8600,110.5,0.0,0.0,0.0,1,16.5,0.0,0,110.5,0.0,0.0,0.0,0.0,0.0,12
2023-05-10 21:07:32,l2401-C-8600,l2401-C-8600,110.5,0.0,0.0,0.0,10,17.0,0.0,0,110.5,0.0,0.0,0.0,0.0,0.0,12
2023-05-10 21:07:33,l2401-C-8600,l2401-C-8600,110.5,0.0,0.0,0.0,1,17.5,0.0,0,110.5,0.0,0.0,0.0,0.0,0.0,12
2023-05-10 21:07:33,l2401-C-8600,l2401-C-8600,110.5,0.0,0.0,0.0,10,18.0,0.0,0,110.5,0.0,0.0,0.0,0.0,0.0,12
2023-05-10 21:07:35,l2401-C-8600,l2401-C-8600,110.5,0.0,0.0,0.0,1,18.5,0.0,0,110.5,0.0,0.0,0.0,0.0,0.0,12
2023-05-10 21:07:35,l2401-C-8600,l2401-C-8600,110.5,0.0,0.0,0.0,10,19.0,0.0,0,110.5,0.0,0.0,0.0,0.0,0.0,12
2023-05-10 21:07:37,l2401-C-8600,l2401-C-8600,110.5,0.0,0.0,0.0,1,19.5,0.0,0,110.5,0.0,0.0,0.0,0.0,0.0,12
2023-05-10 21:07:37,l2401-C-8600,l2401-C-8600,110.5,0.0,0.0,0.0,10,20.0,0.0,0,110.5,0.0,0.0,0.0,0.0,0.0,12
2023-05-10 21:07:39,l2401-C-8600,l2401-C-8600,110.5,0.0,0.0,0.0,1,20.5,0.0,0,110.5,0.0,0.0,0.0,0.0,0.0,12
2023-05-10 21:07:39,l2401-C-8600,l2401-C-8600,110.5,0.0,0.0,0.0,10,21.0,0.0,0,110.5,0.0,0.0,0.0,0.0,0.0,12
2023-05-10 21:07:41,l2401-C-8600,l2401-C-8600,110.5,0.0,0.0,0.0,1,21.5,0.0,0,110.5,0.0,0.0,0.0,0.0,0.0,12
2023-05-10 21:07:41,l2401-C-8600,l2401-C-8600,110.5,0.0,0.0,0.0,10,22.0,0.0,0,110.5,0.0,0.0,0.0,0.0,0.0,12
2023-05-10 21:07:42,l2401-C-8600,l2401-C-8600,110.5,0.0,0.0,0.0,1,22.5,0.0,0,110.5,0.0,0.0,0.0,0.0,0.0,12
2023-05-10 21:07:42,l2401-C-8600,l2401-C-8600,110.5,0.0,0.0,0.0,10,23.0,0.0,0,110.5,0.0,0.0,0.0,0.0,0.0,12
2023-05-10 21:07:44,l2401-C-8600,l2401-C-8600,110.5,0.0,0.0,0.0,1,23.5,0.0,0,110.5,0.0,0.0,0.0,0.0,0.0,12
2023-05-10 21:07:44,l2401-C-8600,l2401-C-8600,110.5,0.0,0.0,0.0,10,24.0,0.0,0,110.5,0.0,0.0,0.0,0.0,0.0,12
2023-05-10 21:07:46,l2401-C-8600,l2401-C-8600,110.5,0.0,0.0,0.0,1,24.5,0.0,0,110.5,0.0,0.0,0.0,0.0,0.0,12
2023-05-10 21:07:46,l2401-C-8600,l2401-C-8600,110.5,0.0,0.0,0.0,10,25.0,0.0,0,110.5,0.0,0.0,0.0,0.0,0.0,12
2023-05-10 21:07:48,l2401-C-8600,l2401-C-8600,110.5,0.0,0.0,0.0,1,25.5,0.0,0,110.5,0.0,0.0,0.0,0.0,0.0,12
2023-05-10 21:07:48,l2401-C-8600,l2401-C-8600,110.5,0.0,0.0,0.0,10,26.0,0.0,0,110.5,0.0,0.0,0.0,0.0,0.0,12
2023-05-10 21:07:50,l2401-C-8600,l2401-C-8600,110.5,0.0,0.0,0.0,1,26.5,0.0,0,110.5,0.0,0.0,0.0,0.0,0.0,12
2023-05-10 21:07:50,l2401-C-8600,l2401-C-8600,110.5,0.0,0.0,0.0,10,27.0,0.0,0,110.5,0.0,0.0,0.0,0.0,0.0,12
2023-05-10 21:07:51,l2401-C-8600,l2401-C-8600,110.5,0.0,0.0,0.0,1,27.5,0.0,0,110.5,0.0,0.0,0.0,0.0,0.0,12
2023-05-10 21:07:51,l2401-C-8600,l2401-C-8600,110.5,0.0,0.0,0.0,10,28.0,0.0,0,110.5,0.0,0.0,0.0,0.0,0.0,12
2023-05-10 21:07:53,l2401-C-8600,l2401-C-8600,110.5,0.0,0.0,0.0,1,28.5,0.0,0,110.5,0.0,0.0,0.0,0.0,0.0,12
2023-05-10 21:07:53,l2401-C-8600,l2401-C-8600,110.5,0.0,0.0,0.0,10,29.0,0.0,0,110.5,0.0,0.0,0.0,0.0,0.0,12
2023-05-10 21:07:55,l2401-C-8600,l2401-C-8600,110.5,0.0,0.0,0.0,1,29.5,0.0,0,110.5,0.0,0.0,0.0,0.0,0.0,12
2023-05-10 21:07:55,l2401-C-8600,l2401-C-8600,110.5,0.0,0.0,0.0,10,30.0,0.0,0,110.5,0.0,0.0,0.0,0.0,0.0,12
2023-05-10 21:07:57,l2401-C-8600,l2401-C-8600,110.5,0.0,0.0,0.0,1,30.5,0.0,0,110.5,0.0,0.0,0.0,0.0,0.0,12
2023-05-10 21:07:57,l2401-C-8600,l2401-C-8600,110.5,0.0,0.0,0.0,10,31.0,0.0,0,110.5,0.0,0.0,0.0,0.0,0.0,12
2023-05-10 21:07:59,l2401-C-8600,l2401-C-8600,110.5,0.0,0.0,0.0,1,31.5,0.0,0,110.5,0.0,0.0,0.0,0.0,0.0,12
2023-05-10 21:07:59,l2401-C-8600,l2401-C-8600,110.5,0.0,0.0,0.0,10,32.0,0.0,0,110.5,0.0,0.0,0.0,0.0,0.0,12
2023-05-10 21:08:00,l2401-C-8600,l2401-C-8600,110.5,0.0,0.0,0.0,1,32.5,0.0,0,110.5,0.0,0.0,0.0,0.0,0.0,12
2023-05-10 21:08:00,l2401-C-8600,l2401-C-8600,110.5,0.0,0.0,0.0,10,33.0,0.0,0,110.5,0.0,0.0,0.0,0.0,0.0,12
2023-05-10 21:08:02,l2401-C-8600,l2401-C-8600,110.5,0.0,0.0,0.0,1,33.5,0.0,0,110.5,0.0,0.0,0.0,0.0,0.0,12
2023-05-10 21:08:02,l2401-C-8600,l2401-C-8600,110.5,0.0,0.0,0.0,10,34.0,0.0,0,110.5,0.0,0.0,0.0,0.0,0.0,12
2023-05-10 21:08:04,l2401-C-8600,l2401-C-8600,110.5,0.0,0.0,0.0,1,34.5,0.0,0,110.5,0.0,0.0,0.0,0.0,0.0,12
2023-05-10 21:08:04,l2401-C-8600,l2401-C-8600,110.5,0.0,0.0,0.0,10,35.0,0.0,0,110.5,0.0,0.0,0.0,0.0,0.0,12
2023-05-10 21:08:05,l2401-C-8600,l2401-C-8600,110.5,0.0,0.0,0.0,1,35.5,0.0,0,110.5,0.0,0.0,0.0,0.0,0.0,12
2023-05-10 21:08:05,l2401-C-8600,l2401-C-8600,110.5,0.0,0.0,0.0,10,36.0,0.0,0,110.5,0.0,0.0,0.0,0.0,0.0,12
2023-05-10 21:08:07,l2401-C-8600,l2401-C-8600,110.5,0.0,0.0,0.0,1,36.5,0.0,0,110.5,0.0,0.0,0.0,0.0,0.0,12
2023-05-10 21:08:07,l2401-C-8600,l2401-C-8600,110.5,0.0,0.0,0.0,10,37.0,0.0,0,110.5,0.0,0.0,0.0,0.0,0.0,12
2023-05-10 21:08:09,l2401-C-8600,l2401-C-8600,110.5,0.0,0.0,0.0,1,37.5,0.0,0,110.5,0.0,0.0,0.0,0.0,0.0,12
2023-05-10 21:08:09,l2401-C-8600,l2401-C-8600,110.5,0.0,0.0,0.0,10,38.0,0.0,0,110.5,0.0,0.0,0.0,0.0,0.0,12
2023-05-10 21:08:10,l2401-C-8600,l2401-C-8600,110.5,0.0,0.0,0.0,1,38.5,0.0,0,110.5,0.0,0.0,0.0,0.0,0.0,12
2023-05-10 21:08:10,l2401-C-8600,l2401-C-8600,110.5,0.0,0.0,0.0,10,39.0,0.0,0,110.5,0.0,0.0,0.0,0.0,0.0,12
2023-05-10 21:08:12,l2401-C-8600,l2401-C-8600,110.5,0.0,0.0,0.0,1,39.5,0.0,0,110.5,0.0,0.0,0.0,0.0,0.0,12
2023-05-10 21:08:12,l2401-C-8600,l2401-C-8600,110.5,0.0,0.0,0.0,10,40.0,0.0,0,110.5,0.0,0.0,0.0,0.0,0.0,12
2023-05-10 21:08:14,l2401-C-8600,l2401-C-8600,110.5,0.0,0.0,0.0,1,40.5,0.0,0,110.5,0.0,0.0,0.0,0.0,0.0,12
2023-05-10 21:08:14,l2401-C-8600,l2401-C-8600,110.5,0.0,0.0,0.0,10,41.0,0.0,0,110.5,0.0,0.0,0.0,0.0,0.0,12
2023-05-10 21:08:15,l2401-C-8600,l2401-C-8600,110.5,0.0,0.0,0.0,1,41.5,0.0,0,110.5,0.0,0.0,0.0,0.0,0.0,12
2023-05-10 21:08:15,l2401-C-8600,l2401-C-8600,110.5,0.0,0.0,0.0,10,42.0,0.0,0,110.5,0.0,0.0,0.0,0.0,0.0,12
2023-05-10 21:08:17,l2401-C-8600,l2401-C-8600,110.5,0.0,0.0,0.0,1,42.5,0.0,0,110.5,0.0,0.0,0.0,0.0,0.0,12
2023-05-10 21:08:17,l2401-C-8600,l2401-C-8600,110.5,0.0,0.0,0.0,10,43.0,0.0,0,110.5,0.0,0.0,0.0,0.0,0.0,12
2023-05-10 22:18:56,l2401-C-8600,l2401-C-8600,110.5,0.0,0.0,0.0,1,77.5,101.5,1,110.5,0.0,0.0,0.0,0.0,0.0,12
2023-05-10 22:18:57,l2401-C-8600,l2401-C-8600,110.5,0.0,0.0,0.0,2,77.5,101.5,2,110.5,0.0,0.0,0.0,0.0,0.0,12
2023-05-10 22:19:00,l2401-C-8600,l2401-C-8600,110.5,0.0,0.0,0.0,2,77.5,98.5,1,110.5,0.0,0.0,0.0,0.0,0.0,12
2023-05-10 22:19:00,l2401-C-8600,l2401-C-8600,110.5,0.0,0.0,0.0,1,77.5,98.5,1,110.5,0.0,0.0,0.0,0.0,0.0,12
2023-05-10 22:19:01,l2401-C-8600,l2401-C-8600,110.5,0.0,0.0,0.0,2,77.5,98.5,2,110.5,0.0,0.0,0.0,0.0,0.0,12
2023-05-10 22:19:07,l2401-C-8600,l2401-C-8600,110.5,0.0,0.0,0.0,1,77.5,98.5,2,110.5,0.0,0.0,0.0,0.0,0.0,12
2023-05-10 22:19:11,l2401-C-8600,l2401-C-8600,110.5,0.0,0.0,0.0,1,77.5,98.5,1,110.5,0.0,0.0,0.0,0.0,0.0,12
2023-05-10 22:19:14,l2401-C-8600,l2401-C-8600,110.5,0.0,0.0,0.0,1,76.0,99.5,1,110.5,0.0,0.0,0.0,0.0,0.0,12
2023-05-10 22:19:18,l2401-C-8600,l2401-C-8600,110.5,0.0,0.0,0.0,10,7.0,0.0,0,110.5,0.0,0.0,0.0,0.0,0.0,12
2023-05-10 22:19:19,l2401-C-8600,l2401-C-8600,110.5,0.0,0.0,0.0,1,7.5,0.0,0,110.5,0.0,0.0,0.0,0.0,0.0,12
2023-05-10 22:19:19,l2401-C-8600,l2401-C-8600,110.5,0.0,0.0,0.0,10,8.0,0.0,0,110.5,0.0,0.0,0.0,0.0,0.0,12
2023-05-10 22:19:20,l2401-C-8600,l2401-C-8600,110.5,0.0,0.0,0.0,1,8.5,0.0,0,110.5,0.0,0.0,0.0,0.0,0.0,12
2023-05-10 22:19:20,l2401-C-8600,l2401-C-8600,110.5,0.0,0.0,0.0,10,9.0,0.0,0,110.5,0.0,0.0,0.0,0.0,0.0,12
2023-05-10 22:19:21,l2401-C-8600,l2401-C-8600,110.5,0.0,0.0,0.0,1,9.5,0.0,0,110.5,0.0,0.0,0.0,0.0,0.0,12
2023-05-10 22:19:21,l2401-C-8600,l2401-C-8600,110.5,0.0,0.0,0.0,10,10.0,0.0,0,110.5,0.0,0.0,0.0,0.0,0.0,12
2023-05-10 22:19:22,l2401-C-8600,l2401-C-8600,110.5,0.0,0.0,0.0,1,10.5,0.0,0,110.5,0.0,0.0,0.0,0.0,0.0,12
2023-05-10 22:19:22,l2401-C-8600,l2401-C-8600,110.5,0.0,0.0,0.0,10,11.0,0.0,0,110.5,0.0,0.0,0.0,0.0,0.0,12
2023-05-10 22:19:24,l2401-C-8600,l2401-C-8600,110.5,0.0,0.0,0.0,1,11.5,0.0,0,110.5,0.0,0.0,0.0,0.0,0.0,12
2023-05-10 22:19:24,l2401-C-8600,l2401-C-8600,110.5,0.0,0.0,0.0,10,12.0,0.0,0,110.5,0.0,0.0,0.0,0.0,0.0,12
2023-05-10 22:19:25,l2401-C-8600,l2401-C-8600,110.5,0.0,0.0,0.0,1,12.5,0.0,0,110.5,0.0,0.0,0.0,0.0,0.0,12
2023-05-10 22:19:25,l2401-C-8600,l2401-C-8600,110.5,0.0,0.0,0.0,10,13.0,0.0,0,110.5,0.0,0.0,0.0,0.0,0.0,12
2023-05-10 22:19:26,l2401-C-8600,l2401-C-8600,110.5,0.0,0.0,0.0,1,13.5,0.0,0,110.5,0.0,0.0,0.0,0.0,0.0,12
2023-05-10 22:19:26,l2401-C-8600,l2401-C-8600,110.5,0.0,0.0,0.0,10,14.0,0.0,0,110.5,0.0,0.0,0.0,0.0,0.0,12
2023-05-10 22:19:28,l2401-C-8600,l2401-C-8600,110.5,0.0,0.0,0.0,1,14.5,0.0,0,110.5,0.0,0.0,0.0,0.0,0.0,12
2023-05-10 22:19:28,l2401-C-8600,l2401-C-8600,110.5,0.0,0.0,0.0,10,15.0,0.0,0,110.5,0.0,0.0,0.0,0.0,0.0,12
2023-05-10 22:19:29,l2401-C-8600,l2401-C-8600,110.5,0.0,0.0,0.0,1,15.5,0.0,0,110.5,0.0,0.0,0.0,0.0,0.0,12
2023-05-10 22:19:29,l2401-C-8600,l2401-C-8600,110.5,0.0,0.0,0.0,10,16.0,0.0,0,110.5,0.0,0.0,0.0,0.0,0.0,12
2023-05-10 22:19:30,l2401-C-8600,l2401-C-8600,110.5,0.0,0.0,0.0,1,16.5,0.0,0,110.5,0.0,0.0,0.0,0.0,0.0,12
2023-05-10 22:19:30,l2401-C-8600,l2401-C-8600,110.5,0.0,0.0,0.0,10,17.0,0.0,0,110.5,0.0,0.0,0.0,0.0,0.0,12
2023-05-10 22:19:31,l2401-C-8600,l2401-C-8600,110.5,0.0,0.0,0.0,1,17.5,0.0,0,110.5,0.0,0.0,0.0,0.0,0.0,12
2023-05-10 22:19:31,l2401-C-8600,l2401-C-8600,110.5,0.0,0.0,0.0,10,18.0,0.0,0,110.5,0.0,0.0,0.0,0.0,0.0,12
2023-05-10 22:19:33,l2401-C-8600,l2401-C-8600,110.5,0.0,0.0,0.0,1,18.5,0.0,0,110.5,0.0,0.0,0.0,0.0,0.0,12
2023-05-10 22:19:33,l2401-C-8600,l2401-C-8600,110.5,0.0,0.0,0.0,10,19.0,0.0,0,110.5,0.0,0.0,0.0,0.0,0.0,12
2023-05-10 22:19:34,l2401-C-8600,l2401-C-8600,110.5,0.0,0.0,0.0,1,19.5,0.0,0,110.5,0.0,0.0,0.0,0.0,0.0,12
2023-05-10 22:19:34,l2401-C-8600,l2401-C-8600,110.5,0.0,0.0,0.0,10,20.0,0.0,0,110.5,0.0,0.0,0.0,0.0,0.0,12
2023-05-10 22:19:35,l2401-C-8600,l2401-C-8600,110.5,0.0,0.0,0.0,1,20.5,0.0,0,110.5,0.0,0.0,0.0,0.0,0.0,12
2023-05-10 22:19:35,l2401-C-8600,l2401-C-8600,110.5,0.0,0.0,0.0,10,21.0,0.0,0,110.5,0.0,0.0,0.0,0.0,0.0,12
2023-05-10 22:19:36,l2401-C-8600,l2401-C-8600,110.5,0.0,0.0,0.0,1,21.5,0.0,0,110.5,0.0,0.0,0.0,0.0,0.0,12
2023-05-10 22:19:36,l2401-C-8600,l2401-C-8600,110.5,0.0,0.0,0.0,10,22.0,0.0,0,110.5,0.0,0.0,0.0,0.0,0.0,12
2023-05-10 22:19:38,l2401-C-8600,l2401-C-8600,110.5,0.0,0.0,0.0,1,22.5,0.0,0,110.5,0.0,0.0,0.0,0.0,0.0,12
2023-05-10 22:19:38,l2401-C-8600,l2401-C-8600,110.5,0.0,0.0,0.0,10,23.0,0.0,0,110.5,0.0,0.0,0.0,0.0,0.0,12
2023-05-10 22:19:39,l2401-C-8600,l2401-C-8600,110.5,0.0,0.0,0.0,1,23.5,0.0,0,110.5,0.0,0.0,0.0,0.0,0.0,12
2023-05-10 22:19:39,l2401-C-8600,l2401-C-8600,110.5,0.0,0.0,0.0,10,24.0,0.0,0,110.5,0.0,0.0,0.0,0.0,0.0,12
2023-05-10 22:19:40,l2401-C-8600,l2401-C-8600,110.5,0.0,0.0,0.0,1,24.5,0.0,0,110.5,0.0,0.0,0.0,0.0,0.0,12
2023-05-10 22:19:40,l2401-C-8600,l2401-C-8600,110.5,0.0,0.0,0.0,10,25.0,0.0,0,110.5,0.0,0.0,0.0,0.0,0.0,12
2023-05-10 22:19:41,l2401-C-8600,l2401-C-8600,110.5,0.0,0.0,0.0,1,25.5,0.0,0,110.5,0.0,0.0,0.0,0.0,0.0,12
2023-05-10 22:19:41,l2401-C-8600,l2401-C-8600,110.5,0.0,0.0,0.0,10,26.0,0.0,0,110.5,0.0,0.0,0.0,0.0,0.0,12
2023-05-10 22:19:43,l2401-C-8600,l2401-C-8600,110.5,0.0,0.0,0.0,1,26.5,0.0,0,110.5,0.0,0.0,0.0,0.0,0.0,12
2023-05-10 22:19:43,l2401-C-8600,l2401-C-8600,110.5,0.0,0.0,0.0,10,27.0,0.0,0,110.5,0.0,0.0,0.0,0.0,0.0,12
2023-05-10 22:19:44,l2401-C-8600,l2401-C-8600,110.5,0.0,0.0,0.0,1,27.5,0.0,0,110.5,0.0,0.0,0.0,0.0,0.0,12
2023-05-10 22:19:44,l2401-C-8600,l2401-C-8600,110.5,0.0,0.0,0.0,10,28.0,0.0,0,110.5,0.0,0.0,0.0,0.0,0.0,12
2023-05-10 22:19:45,l2401-C-8600,l2401-C-8600,110.5,0.0,0.0,0.0,1,28.5,0.0,0,110.5,0.0,0.0,0.0,0.0,0.0,12
2023-05-10 22:19:45,l2401-C-8600,l2401-C-8600,110.5,0.0,0.0,0.0,10,29.0,0.0,0,110.5,0.0,0.0,0.0,0.0,0.0,12
2023-05-10 22:19:46,l2401-C-8600,l2401-C-8600,110.5,0.0,0.0,0.0,1,29.5,0.0,0,110.5,0.0,0.0,0.0,0.0,0.0,12
2023-05-10 22:19:46,l2401-C-8600,l2401-C-8600,110.5,0.0,0.0,0.0,10,30.0,0.0,0,110.5,0.0,0.0,0.0,0.0,0.0,12
2023-05-10 22:19:47,l2401-C-8600,l2401-C-8600,110.5,0.0,0.0,0.0,1,30.5,0.0,0,110.5,0.0,0.0,0.0,0.0,0.0,12
2023-05-10 22:19:47,l2401-C-8600,l2401-C-8600,110.5,0.0,0.0,0.0,10,31.0,0.0,0,110.5,0.0,0.0,0.0,0.0,0.0,12
2023-05-10 22:19:48,l2401-C-8600,l2401-C-8600,110.5,0.0,0.0,0.0,1,31.5,0.0,0,110.5,0.0,0.0,0.0,0.0,0.0,12
2023-05-10 22:19:48,l2401-C-8600,l2401-C-8600,110.5,0.0,0.0,0.0,10,32.0,0.0,0,110.5,0.0,0.0,0.0,0.0,0.0,12
2023-05-10 22:19:49,l2401-C-8600,l2401-C-8600,110.5,0.0,0.0,0.0,1,32.5,0.0,0,110.5,0.0,0.0,0.0,0.0,0.0,12
2023-05-10 22:19:49,l2401-C-8600,l2401-C-8600,110.5,0.0,0.0,0.0,10,33.0,0.0,0,110.5,0.0,0.0,0.0,0.0,0.0,12
2023-05-10 22:19:50,l2401-C-8600,l2401-C-8600,110.5,0.0,0.0,0.0,1,33.5,0.0,0,110.5,0.0,0.0,0.0,0.0,0.0,12
2023-05-10 22:19:50,l2401-C-8600,l2401-C-8600,110.5,0.0,0.0,0.0,10,34.0,0.0,0,110.5,0.0,0.0,0.0,0.0,0.0,12
2023-05-10 22:19:51,l2401-C-8600,l2401-C-8600,110.5,0.0,0.0,0.0,1,34.5,0.0,0,110.5,0.0,0.0,0.0,0.0,0.0,12
2023-05-10 22:19:51,l2401-C-8600,l2401-C-8600,110.5,0.0,0.0,0.0,10,35.0,0.0,0,110.5,0.0,0.0,0.0,0.0,0.0,12
2023-05-10 22:19:52,l2401-C-8600,l2401-C-8600,110.5,0.0,0.0,0.0,1,35.5,0.0,0,110.5,0.0,0.0,0.0,0.0,0.0,12
2023-05-10 22:19:52,l2401-C-8600,l2401-C-8600,110.5,0.0,0.0,0.0,10,36.0,0.0,0,110.5,0.0,0.0,0.0,0.0,0.0,12
2023-05-10 22:19:53,l2401-C-8600,l2401-C-8600,110.5,0.0,0.0,0.0,1,36.5,0.0,0,110.5,0.0,0.0,0.0,0.0,0.0,12
2023-05-10 22:19:53,l2401-C-8600,l2401-C-8600,110.5,0.0,0.0,0.0,10,37.0,0.0,0,110.5,0.0,0.0,0.0,0.0,0.0,12
2023-05-10 22:19:54,l2401-C-8600,l2401-C-8600,110.5,0.0,0.0,0.0,1,37.5,0.0,0,110.5,0.0,0.0,0.0,0.0,0.0,12
2023-05-10 22:19:54,l2401-C-8600,l2401-C-8600,110.5,0.0,0.0,0.0,10,38.0,0.0,0,110.5,0.0,0.0,0.0,0.0,0.0,12
2023-05-10 22:19:56,l2401-C-8600,l2401-C-8600,110.5,0.0,0.0,0.0,1,38.5,0.0,0,110.5,0.0,0.0,0.0,0.0,0.0,12
2023-05-10 22:19:56,l2401-C-8600,l2401-C-8600,110.5,0.0,0.0,0.0,10,39.0,0.0,0,110.5,0.0,0.0,0.0,0.0,0.0,12
2023-05-10 22:19:57,l2401-C-8600,l2401-C-8600,110.5,0.0,0.0,0.0,1,39.5,0.0,0,110.5,0.0,0.0,0.0,0.0,0.0,12
2023-05-10 22:19:57,l2401-C-8600,l2401-C-8600,110.5,0.0,0.0,0.0,10,40.0,0.0,0,110.5,0.0,0.0,0.0,0.0,0.0,12
2023-05-10 22:19:58,l2401-C-8600,l2401-C-8600,110.5,0.0,0.0,0.0,1,40.5,0.0,0,110.5,0.0,0.0,0.0,0.0,0.0,12
2023-05-10 22:19:58,l2401-C-8600,l2401-C-8600,110.5,0.0,0.0,0.0,10,41.0,0.0,0,110.5,0.0,0.0,0.0,0.0,0.0,12
2023-05-10 22:19:59,l2401-C-8600,l2401-C-8600,110.5,0.0,0.0,0.0,1,41.5,0.0,0,110.5,0.0,0.0,0.0,0.0,0.0,12
2023-05-10 22:19:59,l2401-C-8600,l2401-C-8600,110.5,0.0,0.0,0.0,10,42.0,0.0,0,110.5,0.0,0.0,0.0,0.0,0.0,12
2023-05-10 22:57:32,l2401-C-8600,l2401-C-8600,110.5,0.0,0.0,0.0,1,3.5,0.0,0,110.5,0.0,0.0,0.0,0.0,0.0,12
2023-05-11 09:00:16,l2401-C-8600,l2401-C-8600,110.5,0.0,0.0,0.0,10,4.0,0.0,0,110.5,0.0,0.0,0.0,0.0,0.0,12
2023-05-11 09:01:51,l2401-C-8600,l2401-C-8600,110.5,0.0,0.0,0.0,1,6.5,0.0,0,110.5,0.0,0.0,0.0,0.0,0.0,12
2023-05-11 09:01:51,l2401-C-8600,l2401-C-8600,110.5,0.0,0.0,0.0,10,7.0,0.0,0,110.5,0.0,0.0,0.0,0.0,0.0,12
2023-05-11 09:02:02,l2401-C-8600,l2401-C-8600,110.5,0.0,0.0,0.0,1,7.5,0.0,0,110.5,0.0,0.0,0.0,0.0,0.0,12
2023-05-11 09:02:02,l2401-C-8600,l2401-C-8600,110.5,0.0,0.0,0.0,10,8.0,0.0,0,110.5,0.0,0.0,0.0,0.0,0.0,12
2023-05-11 09:03:43,l2401-C-8600,l2401-C-8600,110.5,0.0,0.0,0.0,1,8.5,0.0,0,110.5,0.0,0.0,0.0,0.0,0.0,12
2023-05-11 09:03:43,l2401-C-8600,l2401-C-8600,110.5,0.0,0.0,0.0,10,9.0,0.0,0,110.5,0.0,0.0,0.0,0.0,0.0,12
2023-05-11 09:03:47,l2401-C-8600,l2401-C-8600,110.5,0.0,0.0,0.0,1,9.5,0.0,0,110.5,0.0,0.0,0.0,0.0,0.0,12
2023-05-11 09:03:47,l2401-C-8600,l2401-C-8600,110.5,0.0,0.0,0.0,10,10.0,0.0,0,110.5,0.0,0.0,0.0,0.0,0.0,12
2023-05-11 09:03:49,l2401-C-8600,l2401-C-8600,110.5,0.0,0.0,0.0,1,10.5,0.0,0,110.5,0.0,0.0,0.0,0.0,0.0,12
2023-05-11 09:03:49,l2401-C-8600,l2401-C-8600,110.5,0.0,0.0,0.0,10,11.0,0.0,0,110.5,0.0,0.0,0.0,0.0,0.0,12
2023-05-11 09:03:51,l2401-C-8600,l2401-C-8600,110.5,0.0,0.0,0.0,1,11.5,0.0,0,110.5,0.0,0.0,0.0,0.0,0.0,12
2023-05-11 09:03:52,l2401-C-8600,l2401-C-8600,110.5,0.0,0.0,0.0,10,12.0,0.0,0,110.5,0.0,0.0,0.0,0.0,0.0,12
2023-05-11 09:03:53,l2401-C-8600,l2401-C-8600,110.5,0.0,0.0,0.0,1,12.5,0.0,0,110.5,0.0,0.0,0.0,0.0,0.0,12
2023-05-11 09:03:53,l2401-C-8600,l2401-C-8600,110.5,0.0,0.0,0.0,10,13.0,0.0,0,110.5,0.0,0.0,0.0,0.0,0.0,12
2023-05-11 09:03:55,l2401-C-8600,l2401-C-8600,110.5,0.0,0.0,0.0,1,13.5,0.0,0,110.5,0.0,0.0,0.0,0.0,0.0,12
2023-05-11 09:03:55,l2401-C-8600,l2401-C-8600,110.5,0.0,0.0,0.0,10,14.0,0.0,0,110.5,0.0,0.0,0.0,0.0,0.0,12
2023-05-11 09:03:57,l2401-C-8600,l2401-C-8600,110.5,0.0,0.0,0.0,1,14.5,0.0,0,110.5,0.0,0.0,0.0,0.0,0.0,12
2023-05-11 09:03:57,l2401-C-8600,l2401-C-8600,110.5,0.0,0.0,0.0,10,15.0,0.0,0,110.5,0.0,0.0,0.0,0.0,0.0,12
2023-05-11 09:03:59,l2401-C-8600,l2401-C-8600,110.5,0.0,0.0,0.0,1,15.5,0.0,0,110.5,0.0,0.0,0.0,0.0,0.0,12
2023-05-11 09:03:59,l2401-C-8600,l2401-C-8600,110.5,0.0,0.0,0.0,10,16.0,0.0,0,110.5,0.0,0.0,0.0,0.0,0.0,12
2023-05-11 09:04:01,l2401-C-8600,l2401-C-8600,110.5,0.0,0.0,0.0,1,16.5,0.0,0,110.5,0.0,0.0,0.0,0.0,0.0,12
2023-05-11 09:04:01,l2401-C-8600,l2401-C-8600,110.5,0.0,0.0,0.0,10,17.0,0.0,0,110.5,0.0,0.0,0.0,0.0,0.0,12
2023-05-11 09:04:03,l2401-C-8600,l2401-C-8600,110.5,0.0,0.0,0.0,1,17.5,0.0,0,110.5,0.0,0.0,0.0,0.0,0.0,12
2023-05-11 09:04:03,l2401-C-8600,l2401-C-8600,110.5,0.0,0.0,0.0,10,18.0,0.0,0,110.5,0.0,0.0,0.0,0.0,0.0,12
2023-05-11 09:04:05,l2401-C-8600,l2401-C-8600,110.5,0.0,0.0,0.0,1,18.5,0.0,0,110.5,0.0,0.0,0.0,0.0,0.0,12
2023-05-11 09:04:05,l2401-C-8600,l2401-C-8600,110.5,0.0,0.0,0.0,10,19.0,0.0,0,110.5,0.0,0.0,0.0,0.0,0.0,12
2023-05-11 09:04:07,l2401-C-8600,l2401-C-8600,110.5,0.0,0.0,0.0,1,19.5,0.0,0,110.5,0.0,0.0,0.0,0.0,0.0,12
2023-05-11 09:04:07,l2401-C-8600,l2401-C-8600,110.5,0.0,0.0,0.0,10,20.0,0.0,0,110.5,0.0,0.0,0.0,0.0,0.0,12
2023-05-11 09:04:09,l2401-C-8600,l2401-C-8600,110.5,0.0,0.0,0.0,1,20.5,0.0,0,110.5,0.0,0.0,0.0,0.0,0.0,12
2023-05-11 09:04:09,l2401-C-8600,l2401-C-8600,110.5,0.0,0.0,0.0,10,21.0,0.0,0,110.5,0.0,0.0,0.0,0.0,0.0,12
2023-05-11 09:04:11,l2401-C-8600,l2401-C-8600,110.5,0.0,0.0,0.0,1,21.5,0.0,0,110.5,0.0,0.0,0.0,0.0,0.0,12
2023-05-11 09:04:11,l2401-C-8600,l2401-C-8600,110.5,0.0,0.0,0.0,10,22.0,0.0,0,110.5,0.0,0.0,0.0,0.0,0.0,12
2023-05-11 09:04:13,l2401-C-8600,l2401-C-8600,110.5,0.0,0.0,0.0,1,22.5,0.0,0,110.5,0.0,0.0,0.0,0.0,0.0,12
2023-05-11 09:04:13,l2401-C-8600,l2401-C-8600,110.5,0.0,0.0,0.0,10,23.0,0.0,0,110.5,0.0,0.0,0.0,0.0,0.0,12
2023-05-11 09:04:15,l2401-C-8600,l2401-C-8600,110.5,0.0,0.0,0.0,1,23.5,0.0,0,110.5,0.0,0.0,0.0,0.0,0.0,12
2023-05-11 09:04:15,l2401-C-8600,l2401-C-8600,110.5,0.0,0.0,0.0,10,24.0,0.0,0,110.5,0.0,0.0,0.0,0.0,0.0,12
2023-05-11 09:04:16,l2401-C-8600,l2401-C-8600,110.5,0.0,0.0,0.0,1,24.5,0.0,0,110.5,0.0,0.0,0.0,0.0,0.0,12
2023-05-11 09:04:16,l2401-C-8600,l2401-C-8600,110.5,0.0,0.0,0.0,10,25.0,0.0,0,110.5,0.0,0.0,0.0,0.0,0.0,12
2023-05-11 09:04:18,l2401-C-8600,l2401-C-8600,110.5,0.0,0.0,0.0,1,25.5,0.0,0,110.5,0.0,0.0,0.0,0.0,0.0,12
2023-05-11 09:04:18,l2401-C-8600,l2401-C-8600,110.5,0.0,0.0,0.0,10,26.0,0.0,0,110.5,0.0,0.0,0.0,0.0,0.0,12
2023-05-11 09:04:20,l2401-C-8600,l2401-C-8600,110.5,0.0,0.0,0.0,1,26.5,0.0,0,110.5,0.0,0.0,0.0,0.0,0.0,12
2023-05-11 09:04:20,l2401-C-8600,l2401-C-8600,110.5,0.0,0.0,0.0,10,27.0,0.0,0,110.5,0.0,0.0,0.0,0.0,0.0,12
2023-05-11 09:04:22,l2401-C-8600,l2401-C-8600,110.5,0.0,0.0,0.0,1,27.5,0.0,0,110.5,0.0,0.0,0.0,0.0,0.0,12
2023-05-11 09:04:22,l2401-C-8600,l2401-C-8600,110.5,0.0,0.0,0.0,10,28.0,0.0,0,110.5,0.0,0.0,0.0,0.0,0.0,12
2023-05-11 09:04:24,l2401-C-8600,l2401-C-8600,110.5,0.0,0.0,0.0,1,28.5,0.0,0,110.5,0.0,0.0,0.0,0.0,0.0,12
2023-05-11 09:04:24,l2401-C-8600,l2401-C-8600,110.5,0.0,0.0,0.0,10,29.0,0.0,0,110.5,0.0,0.0,0.0,0.0,0.0,12
2023-05-11 09:04:25,l2401-C-8600,l2401-C-8600,110.5,0.0,0.0,0.0,1,29.5,0.0,0,110.5,0.0,0.0,0.0,0.0,0.0,12
2023-05-11 09:04:25,l2401-C-8600,l2401-C-8600,110.5,0.0,0.0,0.0,10,30.0,0.0,0,110.5,0.0,0.0,0.0,0.0,0.0,12
2023-05-11 09:04:27,l2401-C-8600,l2401-C-8600,110.5,0.0,0.0,0.0,1,30.5,0.0,0,110.5,0.0,0.0,0.0,0.0,0.0,12
2023-05-11 09:04:27,l2401-C-8600,l2401-C-8600,110.5,0.0,0.0,0.0,10,31.0,0.0,0,110.5,0.0,0.0,0.0,0.0,0.0,12
2023-05-11 09:04:29,l2401-C-8600,l2401-C-8600,110.5,0.0,0.0,0.0,1,31.5,0.0,0,110.5,0.0,0.0,0.0,0.0,0.0,12
2023-05-11 09:04:29,l2401-C-8600,l2401-C-8600,110.5,0.0,0.0,0.0,10,32.0,0.0,0,110.5,0.0,0.0,0.0,0.0,0.0,12
2023-05-11 09:04:31,l2401-C-8600,l2401-C-8600,110.5,0.0,0.0,0.0,1,32.5,0.0,0,110.5,0.0,0.0,0.0,0.0,0.0,12
2023-05-11 09:04:31,l2401-C-8600,l2401-C-8600,110.5,0.0,0.0,0.0,10,33.0,0.0,0,110.5,0.0,0.0,0.0,0.0,0.0,12
2023-05-11 09:04:33,l2401-C-8600,l2401-C-8600,110.5,0.0,0.0,0.0,1,33.5,0.0,0,110.5,0.0,0.0,0.0,0.0,0.0,12
2023-05-11 09:04:33,l2401-C-8600,l2401-C-8600,110.5,0.0,0.0,0.0,10,34.0,0.0,0,110.5,0.0,0.0,0.0,0.0,0.0,12
2023-05-11 09:04:35,l2401-C-8600,l2401-C-8600,110.5,0.0,0.0,0.0,1,34.5,0.0,0,110.5,0.0,0.0,0.0,0.0,0.0,12
2023-05-11 09:04:35,l2401-C-8600,l2401-C-8600,110.5,0.0,0.0,0.0,10,35.0,0.0,0,110.5,0.0,0.0,0.0,0.0,0.0,12
2023-05-11 09:04:36,l2401-C-8600,l2401-C-8600,110.5,0.0,0.0,0.0,1,35.5,0.0,0,110.5,0.0,0.0,0.0,0.0,0.0,12
2023-05-11 09:04:36,l2401-C-8600,l2401-C-8600,110.5,0.0,0.0,0.0,10,36.0,0.0,0,110.5,0.0,0.0,0.0,0.0,0.0,12
2023-05-11 09:04:38,l2401-C-8600,l2401-C-8600,110.5,0.0,0.0,0.0,1,36.5,0.0,0,110.5,0.0,0.0,0.0,0.0,0.0,12
2023-05-11 09:04:38,l2401-C-8600,l2401-C-8600,110.5,0.0,0.0,0.0,10,37.0,0.0,0,110.5,0.0,0.0,0.0,0.0,0.0,12
2023-05-11 09:04:40,l2401-C-8600,l2401-C-8600,110.5,0.0,0.0,0.0,1,37.5,0.0,0,110.5,0.0,0.0,0.0,0.0,0.0,12
2023-05-11 09:04:40,l2401-C-8600,l2401-C-8600,110.5,0.0,0.0,0.0,10,38.0,0.0,0,110.5,0.0,0.0,0.0,0.0,0.0,12
2023-05-11 09:04:42,l2401-C-8600,l2401-C-8600,110.5,0.0,0.0,0.0,1,38.5,0.0,0,110.5,0.0,0.0,0.0,0.0,0.0,12
2023-05-11 09:04:42,l2401-C-8600,l2401-C-8600,110.5,0.0,0.0,0.0,10,39.0,0.0,0,110.5,0.0,0.0,0.0,0.0,0.0,12
2023-05-11 09:04:44,l2401-C-8600,l2401-C-8600,110.5,0.0,0.0,0.0,1,39.5,0.0,0,110.5,0.0,0.0,0.0,0.0,0.0,12
2023-05-11 09:04:44,l2401-C-8600,l2401-C-8600,110.5,0.0,0.0,0.0,10,40.0,0.0,0,110.5,0.0,0.0,0.0,0.0,0.0,12
2023-05-11 09:04:45,l2401-C-8600,l2401-C-8600,110.5,0.0,0.0,0.0,1,40.5,0.0,0,110.5,0.0,0.0,0.0,0.0,0.0,12
2023-05-11 09:04:45,l2401-C-8600,l2401-C-8600,110.5,0.0,0.0,0.0,10,41.0,0.0,0,110.5,0.0,0.0,0.0,0.0,0.0,12
2023-05-11 09:04:47,l2401-C-8600,l2401-C-8600,110.5,0.0,0.0,0.0,1,41.5,0.0,0,110.5,0.0,0.0,0.0,0.0,0.0,12
2023-05-11 09:04:47,l2401-C-8600,l2401-C-8600,110.5,0.0,0.0,0.0,10,42.0,0.0,0,110.5,0.0,0.0,0.0,0.0,0.0,12
2023-05-11 09:04:49,l2401-C-8600,l2401-C-8600,110.5,0.0,0.0,0.0,1,42.5,0.0,0,110.5,0.0,0.0,0.0,0.0,0.0,12
2023-05-11 09:04:49,l2401-C-8600,l2401-C-8600,110.5,0.0,0.0,0.0,10,43.0,0.0,0,110.5,0.0,0.0,0.0,0.0,0.0,12
2023-05-11 09:04:51,l2401-C-8600,l2401-C-8600,110.5,0.0,0.0,0.0,1,43.5,0.0,0,110.5,0.0,0.0,0.0,0.0,0.0,12
2023-05-11 09:04:51,l2401-C-8600,l2401-C-8600,110.5,0.0,0.0,0.0,10,44.0,0.0,0,110.5,0.0,0.0,0.0,0.0,0.0,12
2023-05-11 10:14:32,l2401-C-8600,l2401-C-8600,110.5,0.0,0.0,0.0,1,8.5,0.0,0,110.5,0.0,0.0,0.0,0.0,0.0,12
2023-05-11 10:30:07,l2401-C-8600,l2401-C-8600,110.5,0.0,0.0,0.0,10,9.0,0.0,0,110.5,0.0,0.0,0.0,0.0,0.0,12
2023-05-11 10:31:04,l2401-C-8600,l2401-C-8600,110.5,0.0,0.0,0.0,1,9.5,0.0,0,110.5,0.0,0.0,0.0,0.0,0.0,12
2023-05-11 10:31:04,l2401-C-8600,l2401-C-8600,110.5,0.0,0.0,0.0,10,10.0,0.0,0,110.5,0.0,0.0,0.0,0.0,0.0,12
2023-05-11 10:32:01,l2401-C-8600,l2401-C-8600,110.5,0.0,0.0,0.0,1,10.5,0.0,0,110.5,0.0,0.0,0.0,0.0,0.0,12
2023-05-11 10:32:01,l2401-C-8600,l2401-C-8600,110.5,0.0,0.0,0.0,10,11.0,0.0,0,110.5,0.0,0.0,0.0,0.0,0.0,12
2023-05-11 10:32:12,l2401-C-8600,l2401-C-8600,110.5,0.0,0.0,0.0,1,11.5,0.0,0,110.5,0.0,0.0,0.0,0.0,0.0,12
2023-05-11 10:32:12,l2401-C-8600,l2401-C-8600,110.5,0.0,0.0,0.0,10,12.0,0.0,0,110.5,0.0,0.0,0.0,0.0,0.0,12
2023-05-11 10:32:20,l2401-C-8600,l2401-C-8600,110.5,0.0,0.0,0.0,1,12.5,0.0,0,110.5,0.0,0.0,0.0,0.0,0.0,12
2023-05-11 10:32:20,l2401-C-8600,l2401-C-8600,110.5,0.0,0.0,0.0,10,13.0,0.0,0,110.5,0.0,0.0,0.0,0.0,0.0,12
2023-05-11 10:33:12,l2401-C-8600,l2401-C-8600,110.5,0.0,0.0,0.0,1,13.5,0.0,0,110.5,0.0,0.0,0.0,0.0,0.0,12
2023-05-11 10:33:12,l2401-C-8600,l2401-C-8600,110.5,0.0,0.0,0.0,10,14.0,0.0,0,110.5,0.0,0.0,0.0,0.0,0.0,12
2023-05-11 10:33:19,l2401-C-8600,l2401-C-8600,110.5,0.0,0.0,0.0,1,14.5,0.0,0,110.5,0.0,0.0,0.0,0.0,0.0,12
2023-05-11 10:33:19,l2401-C-8600,l2401-C-8600,110.5,0.0,0.0,0.0,10,15.0,0.0,0,110.5,0.0,0.0,0.0,0.0,0.0,12
2023-05-11 10:33:26,l2401-C-8600,l2401-C-8600,110.5,0.0,0.0,0.0,1,15.5,0.0,0,110.5,0.0,0.0,0.0,0.0,0.0,12
2023-05-11 10:33:26,l2401-C-8600,l2401-C-8600,110.5,0.0,0.0,0.0,10,16.0,0.0,0,110.5,0.0,0.0,0.0,0.0,0.0,12
2023-05-11 10:34:32,l2401-C-8600,l2401-C-8600,110.5,0.0,0.0,0.0,1,16.5,0.0,0,110.5,0.0,0.0,0.0,0.0,0.0,12
2023-05-11 10:34:32,l2401-C-8600,l2401-C-8600,110.5,0.0,0.0,0.0,10,17.0,0.0,0,110.5,0.0,0.0,0.0,0.0,0.0,12
2023-05-11 10:35:18,l2401-C-8600,l2401-C-8600,110.5,0.0,0.0,0.0,1,17.5,0.0,0,110.5,0.0,0.0,0.0,0.0,0.0,12
2023-05-11 10:35:18,l2401-C-8600,l2401-C-8600,110.5,0.0,0.0,0.0,10,18.0,0.0,0,110.5,0.0,0.0,0.0,0.0,0.0,12
2023-05-11 10:35:20,l2401-C-8600,l2401-C-8600,110.5,0.0,0.0,0.0,1,18.5,0.0,0,110.5,0.0,0.0,0.0,0.0,0.0,12
2023-05-11 10:35:20,l2401-C-8600,l2401-C-8600,110.5,0.0,0.0,0.0,10,19.0,0.0,0,110.5,0.0,0.0,0.0,0.0,0.0,12
2023-05-11 10:35:22,l2401-C-8600,l2401-C-8600,110.5,0.0,0.0,0.0,1,19.5,0.0,0,110.5,0.0,0.0,0.0,0.0,0.0,12
2023-05-11 10:35:22,l2401-C-8600,l2401-C-8600,110.5,0.0,0.0,0.0,10,20.0,0.0,0,110.5,0.0,0.0,0.0,0.0,0.0,12
2023-05-11 10:35:25,l2401-C-8600,l2401-C-8600,110.5,0.0,0.0,0.0,1,20.5,0.0,0,110.5,0.0,0.0,0.0,0.0,0.0,12
2023-05-11 10:35:25,l2401-C-8600,l2401-C-8600,110.5,0.0,0.0,0.0,10,21.0,0.0,0,110.5,0.0,0.0,0.0,0.0,0.0,12
2023-05-11 10:35:30,l2401-C-8600,l2401-C-8600,110.5,0.0,0.0,0.0,1,21.5,0.0,0,110.5,0.0,0.0,0.0,0.0,0.0,12
2023-05-11 10:35:30,l2401-C-8600,l2401-C-8600,110.5,0.0,0.0,0.0,10,22.0,0.0,0,110.5,0.0,0.0,0.0,0.0,0.0,12
2023-05-11 10:35:34,l2401-C-8600,l2401-C-8600,110.5,0.0,0.0,0.0,1,22.5,0.0,0,110.5,0.0,0.0,0.0,0.0,0.0,12
2023-05-11 10:35:34,l2401-C-8600,l2401-C-8600,110.5,0.0,0.0,0.0,10,23.0,0.0,0,110.5,0.0,0.0,0.0,0.0,0.0,12
2023-05-11 10:35:38,l2401-C-8600,l2401-C-8600,110.5,0.0,0.0,0.0,1,23.5,0.0,0,110.5,0.0,0.0,0.0,0.0,0.0,12
2023-05-11 10:35:38,l2401-C-8600,l2401-C-8600,110.5,0.0,0.0,0.0,10,24.0,0.0,0,110.5,0.0,0.0,0.0,0.0,0.0,12
2023-05-11 10:35:43,l2401-C-8600,l2401-C-8600,110.5,0.0,0.0,0.0,1,24.5,0.0,0,110.5,0.0,0.0,0.0,0.0,0.0,12
2023-05-11 10:35:43,l2401-C-8600,l2401-C-8600,110.5,0.0,0.0,0.0,10,25.0,0.0,0,110.5,0.0,0.0,0.0,0.0,0.0,12
2023-05-11 10:35:47,l2401-C-8600,l2401-C-8600,110.5,0.0,0.0,0.0,1,25.5,0.0,0,110.5,0.0,0.0,0.0,0.0,0.0,12
2023-05-11 10:35:47,l2401-C-8600,l2401-C-8600,110.5,0.0,0.0,0.0,10,26.0,0.0,0,110.5,0.0,0.0,0.0,0.0,0.0,12
2023-05-11 10:35:51,l2401-C-8600,l2401-C-8600,110.5,0.0,0.0,0.0,1,26.5,0.0,0,110.5,0.0,0.0,0.0,0.0,0.0,12
2023-05-11 10:35:51,l2401-C-8600,l2401-C-8600,110.5,0.0,0.0,0.0,10,27.0,0.0,0,110.5,0.0,0.0,0.0,0.0,0.0,12
2023-05-11 10:35:54,l2401-C-8600,l2401-C-8600,110.5,0.0,0.0,0.0,1,27.5,0.0,0,110.5,0.0,0.0,0.0,0.0,0.0,12
2023-05-11 10:35:54,l2401-C-8600,l2401-C-8600,110.5,0.0,0.0,0.0,10,28.0,0.0,0,110.5,0.0,0.0,0.0,0.0,0.0,12
2023-05-11 10:36:00,l2401-C-8600,l2401-C-8600,110.5,0.0,0.0,0.0,1,28.5,0.0,0,110.5,0.0,0.0,0.0,0.0,0.0,12
2023-05-11 10:36:00,l2401-C-8600,l2401-C-8600,110.5,0.0,0.0,0.0,10,29.0,0.0,0,110.5,0.0,0.0,0.0,0.0,0.0,12
2023-05-11 10:36:03,l2401-C-8600,l2401-C-8600,110.5,0.0,0.0,0.0,1,29.5,0.0,0,110.5,0.0,0.0,0.0,0.0,0.0,12
2023-05-11 10:36:03,l2401-C-8600,l2401-C-8600,110.5,0.0,0.0,0.0,10,30.0,0.0,0,110.5,0.0,0.0,0.0,0.0,0.0,12
2023-05-11 10:36:06,l2401-C-8600,l2401-C-8600,110.5,0.0,0.0,0.0,1,30.5,0.0,0,110.5,0.0,0.0,0.0,0.0,0.0,12
2023-05-11 10:36:06,l2401-C-8600,l2401-C-8600,110.5,0.0,0.0,0.0,10,31.0,0.0,0,110.5,0.0,0.0,0.0,0.0,0.0,12
2023-05-11 10:36:09,l2401-C-8600,l2401-C-8600,110.5,0.0,0.0,0.0,1,31.5,0.0,0,110.5,0.0,0.0,0.0,0.0,0.0,12
2023-05-11 10:36:09,l2401-C-8600,l2401-C-8600,110.5,0.0,0.0,0.0,10,32.0,0.0,0,110.5,0.0,0.0,0.0,0.0,0.0,12
2023-05-11 10:36:12,l2401-C-8600,l2401-C-8600,110.5,0.0,0.0,0.0,1,32.5,0.0,0,110.5,0.0,0.0,0.0,0.0,0.0,12
2023-05-11 10:36:12,l2401-C-8600,l2401-C-8600,110.5,0.0,0.0,0.0,10,33.0,0.0,0,110.5,0.0,0.0,0.0,0.0,0.0,12
2023-05-11 10:36:15,l2401-C-8600,l2401-C-8600,110.5,0.0,0.0,0.0,1,33.5,0.0,0,110.5,0.0,0.0,0.0,0.0,0.0,12
2023-05-11 10:36:15,l2401-C-8600,l2401-C-8600,110.5,0.0,0.0,0.0,10,34.0,0.0,0,110.5,0.0,0.0,0.0,0.0,0.0,12
2023-05-11 10:36:17,l2401-C-8600,l2401-C-8600,110.5,0.0,0.0,0.0,1,34.5,0.0,0,110.5,0.0,0.0,0.0,0.0,0.0,12
2023-05-11 10:36:17,l2401-C-8600,l2401-C-8600,110.5,0.0,0.0,0.0,10,35.0,0.0,0,110.5,0.0,0.0,0.0,0.0,0.0,12
2023-05-11 10:36:20,l2401-C-8600,l2401-C-8600,110.5,0.0,0.0,0.0,1,35.5,0.0,0,110.5,0.0,0.0,0.0,0.0,0.0,12
2023-05-11 10:36:20,l2401-C-8600,l2401-C-8600,110.5,0.0,0.0,0.0,10,36.0,0.0,0,110.5,0.0,0.0,0.0,0.0,0.0,12
2023-05-11 10:36:23,l2401-C-8600,l2401-C-8600,110.5,0.0,0.0,0.0,1,36.5,0.0,0,110.5,0.0,0.0,0.0,0.0,0.0,12
2023-05-11 10:36:23,l2401-C-8600,l2401-C-8600,110.5,0.0,0.0,0.0,10,37.0,0.0,0,110.5,0.0,0.0,0.0,0.0,0.0,12
2023-05-11 10:36:25,l2401-C-8600,l2401-C-8600,110.5,0.0,0.0,0.0,1,37.5,0.0,0,110.5,0.0,0.0,0.0,0.0,0.0,12
2023-05-11 10:36:25,l2401-C-8600,l2401-C-8600,110.5,0.0,0.0,0.0,10,38.0,0.0,0,110.5,0.0,0.0,0.0,0.0,0.0,12
2023-05-11 10:36:27,l2401-C-8600,l2401-C-8600,110.5,0.0,0.0,0.0,1,38.5,0.0,0,110.5,0.0,0.0,0.0,0.0,0.0,12
2023-05-11 10:36:27,l2401-C-8600,l2401-C-8600,110.5,0.0,0.0,0.0,10,39.0,0.0,0,110.5,0.0,0.0,0.0,0.0,0.0,12
2023-05-11 10:36:29,l2401-C-8600,l2401-C-8600,110.5,0.0,0.0,0.0,1,39.5,0.0,0,110.5,0.0,0.0,0.0,0.0,0.0,12
2023-05-11 10:36:29,l2401-C-8600,l2401-C-8600,110.5,0.0,0.0,0.0,10,40.0,0.0,0,110.5,0.0,0.0,0.0,0.0,0.0,12
2023-05-11 10:36:31,l2401-C-8600,l2401-C-8600,110.5,0.0,0.0,0.0,1,40.5,0.0,0,110.5,0.0,0.0,0.0,0.0,0.0,12
2023-05-11 10:36:31,l2401-C-8600,l2401-C-8600,110.5,0.0,0.0,0.0,10,41.0,0.0,0,110.5,0.0,0.0,0.0,0.0,0.0,12
2023-05-11 10:36:33,l2401-C-8600,l2401-C-8600,110.5,0.0,0.0,0.0,1,41.5,0.0,0,110.5,0.0,0.0,0.0,0.0,0.0,12
2023-05-11 10:36:33,l2401-C-8600,l2401-C-8600,110.5,0.0,0.0,0.0,10,42.0,0.0,0,110.5,0.0,0.0,0.0,0.0,0.0,12
2023-05-11 10:36:35,l2401-C-8600,l2401-C-8600,110.5,0.0,0.0,0.0,1,42.5,0.0,0,110.5,0.0,0.0,0.0,0.0,0.0,12
2023-05-11 10:36:35,l2401-C-8600,l2401-C-8600,110.5,0.0,0.0,0.0,10,43.0,0.0,0,110.5,0.0,0.0,0.0,0.0,0.0,12
2023-05-11 10:36:36,l2401-C-8600,l2401-C-8600,110.5,0.0,0.0,0.0,1,43.5,0.0,0,110.5,0.0,0.0,0.0,0.0,0.0,12
2023-05-11 10:36:36,l2401-C-8600,l2401-C-8600,110.5,0.0,0.0,0.0,10,44.0,0.0,0,110.5,0.0,0.0,0.0,0.0,0.0,12
2023-05-11 11:04:23,l2401-C-8600,l2401-C-8600,110.5,0.0,0.0,0.0,1,44.5,0.0,0,110.5,0.0,0.0,0.0,0.0,0.0,12
2023-05-11 11:04:23,l2401-C-8600,l2401-C-8600,110.5,0.0,0.0,0.0,10,45.0,0.0,0,110.5,0.0,0.0,0.0,0.0,0.0,12
2023-05-11 11:29:32,l2401-C-8600,l2401-C-8600,110.5,0.0,0.0,0.0,1,8.5,0.0,0,110.5,0.0,0.0,0.0,0.0,0.0,12
2023-05-11 13:30:14,l2401-C-8600,l2401-C-8600,110.5,0.0,0.0,0.0,10,9.0,0.0,0,110.5,0.0,0.0,0.0,0.0,0.0,12
2023-05-11 13:32:15,l2401-C-8600,l2401-C-8600,110.5,0.0,0.0,0.0,1,9.5,0.0,0,110.5,0.0,0.0,0.0,0.0,0.0,12
2023-05-11 13:32:15,l2401-C-8600,l2401-C-8600,110.5,0.0,0.0,0.0,10,10.0,0.0,0,110.5,0.0,0.0,0.0,0.0,0.0,12
2023-05-11 13:34:49,l2401-C-8600,l2401-C-8600,110.5,0.0,0.0,0.0,1,10.5,0.0,0,110.5,0.0,0.0,0.0,0.0,0.0,12
2023-05-11 13:34:49,l2401-C-8600,l2401-C-8600,110.5,0.0,0.0,0.0,10,11.0,0.0,0,110.5,0.0,0.0,0.0,0.0,0.0,12
2023-05-11 13:34:55,l2401-C-8600,l2401-C-8600,110.5,0.0,0.0,0.0,1,11.5,0.0,0,110.5,0.0,0.0,0.0,0.0,0.0,12
2023-05-11 13:34:55,l2401-C-8600,l2401-C-8600,110.5,0.0,0.0,0.0,10,12.0,0.0,0,110.5,0.0,0.0,0.0,0.0,0.0,12
2023-05-11 13:35:23,l2401-C-8600,l2401-C-8600,110.5,0.0,0.0,0.0,1,12.5,0.0,0,110.5,0.0,0.0,0.0,0.0,0.0,12
2023-05-11 13:35:23,l2401-C-8600,l2401-C-8600,110.5,0.0,0.0,0.0,10,13.0,0.0,0,110.5,0.0,0.0,0.0,0.0,0.0,12
2023-05-11 13:35:35,l2401-C-8600,l2401-C-8600,110.5,0.0,0.0,0.0,1,13.5,0.0,0,110.5,0.0,0.0,0.0,0.0,0.0,12
2023-05-11 13:35:35,l2401-C-8600,l2401-C-8600,110.5,0.0,0.0,0.0,10,14.0,0.0,0,110.5,0.0,0.0,0.0,0.0,0.0,12
2023-05-11 13:35:40,l2401-C-8600,l2401-C-8600,110.5,0.0,0.0,0.0,1,14.5,0.0,0,110.5,0.0,0.0,0.0,0.0,0.0,12
2023-05-11 13:35:40,l2401-C-8600,l2401-C-8600,110.5,0.0,0.0,0.0,10,15.0,0.0,0,110.5,0.0,0.0,0.0,0.0,0.0,12
2023-05-11 13:35:54,l2401-C-8600,l2401-C-8600,110.5,0.0,0.0,0.0,1,15.5,0.0,0,110.5,0.0,0.0,0.0,0.0,0.0,12
2023-05-11 13:35:54,l2401-C-8600,l2401-C-8600,110.5,0.0,0.0,0.0,10,16.0,0.0,0,110.5,0.0,0.0,0.0,0.0,0.0,12
2023-05-11 13:36:52,l2401-C-8600,l2401-C-8600,110.5,0.0,0.0,0.0,1,16.5,0.0,0,110.5,0.0,0.0,0.0,0.0,0.0,12
2023-05-11 13:36:52,l2401-C-8600,l2401-C-8600,110.5,0.0,0.0,0.0,10,17.0,0.0,0,110.5,0.0,0.0,0.0,0.0,0.0,12
2023-05-11 13:37:03,l2401-C-8600,l2401-C-8600,110.5,0.0,0.0,0.0,1,17.5,0.0,0,110.5,0.0,0.0,0.0,0.0,0.0,12
2023-05-11 13:37:03,l2401-C-8600,l2401-C-8600,110.5,0.0,0.0,0.0,10,18.0,0.0,0,110.5,0.0,0.0,0.0,0.0,0.0,12
2023-05-11 13:37:59,l2401-C-8600,l2401-C-8600,110.5,0.0,0.0,0.0,1,18.5,0.0,0,110.5,0.0,0.0,0.0,0.0,0.0,12
2023-05-11 13:37:59,l2401-C-8600,l2401-C-8600,110.5,0.0,0.0,0.0,10,19.0,0.0,0,110.5,0.0,0.0,0.0,0.0,0.0,12
2023-05-11 13:39:11,l2401-C-8600,l2401-C-8600,110.5,0.0,0.0,0.0,1,19.5,0.0,0,110.5,0.0,0.0,0.0,0.0,0.0,12
2023-05-11 13:39:11,l2401-C-8600,l2401-C-8600,110.5,0.0,0.0,0.0,10,20.0,0.0,0,110.5,0.0,0.0,0.0,0.0,0.0,12
2023-05-11 13:39:13,l2401-C-8600,l2401-C-8600,110.5,0.0,0.0,0.0,1,20.5,0.0,0,110.5,0.0,0.0,0.0,0.0,0.0,12
2023-05-11 13:39:13,l2401-C-8600,l2401-C-8600,110.5,0.0,0.0,0.0,10,21.0,0.0,0,110.5,0.0,0.0,0.0,0.0,0.0,12
2023-05-11 13:39:15,l2401-C-8600,l2401-C-8600,110.5,0.0,0.0,0.0,1,21.5,0.0,0,110.5,0.0,0.0,0.0,0.0,0.0,12
2023-05-11 13:39:15,l2401-C-8600,l2401-C-8600,110.5,0.0,0.0,0.0,10,22.0,0.0,0,110.5,0.0,0.0,0.0,0.0,0.0,12
2023-05-11 13:39:17,l2401-C-8600,l2401-C-8600,110.5,0.0,0.0,0.0,1,22.5,0.0,0,110.5,0.0,0.0,0.0,0.0,0.0,12
2023-05-11 13:39:17,l2401-C-8600,l2401-C-8600,110.5,0.0,0.0,0.0,10,23.0,0.0,0,110.5,0.0,0.0,0.0,0.0,0.0,12
2023-05-11 13:39:18,l2401-C-8600,l2401-C-8600,110.5,0.0,0.0,0.0,1,23.5,0.0,0,110.5,0.0,0.0,0.0,0.0,0.0,12
2023-05-11 13:39:18,l2401-C-8600,l2401-C-8600,110.5,0.0,0.0,0.0,10,24.0,0.0,0,110.5,0.0,0.0,0.0,0.0,0.0,12
2023-05-11 13:39:20,l2401-C-8600,l2401-C-8600,110.5,0.0,0.0,0.0,1,24.5,0.0,0,110.5,0.0,0.0,0.0,0.0,0.0,12
2023-05-11 13:39:21,l2401-C-8600,l2401-C-8600,110.5,0.0,0.0,0.0,10,25.0,0.0,0,110.5,0.0,0.0,0.0,0.0,0.0,12
2023-05-11 13:39:22,l2401-C-8600,l2401-C-8600,110.5,0.0,0.0,0.0,10,26.0,0.0,0,110.5,0.0,0.0,0.0,0.0,0.0,12
2023-05-11 13:39:24,l2401-C-8600,l2401-C-8600,110.5,0.0,0.0,0.0,1,26.5,0.0,0,110.5,0.0,0.0,0.0,0.0,0.0,12
2023-05-11 13:39:24,l2401-C-8600,l2401-C-8600,110.5,0.0,0.0,0.0,10,27.0,0.0,0,110.5,0.0,0.0,0.0,0.0,0.0,12
2023-05-11 13:39:26,l2401-C-8600,l2401-C-8600,110.5,0.0,0.0,0.0,1,27.5,0.0,0,110.5,0.0,0.0,0.0,0.0,0.0,12
2023-05-11 13:39:26,l2401-C-8600,l2401-C-8600,110.5,0.0,0.0,0.0,10,28.0,0.0,0,110.5,0.0,0.0,0.0,0.0,0.0,12
2023-05-11 13:39:28,l2401-C-8600,l2401-C-8600,110.5,0.0,0.0,0.0,1,28.5,0.0,0,110.5,0.0,0.0,0.0,0.0,0.0,12
2023-05-11 13:39:28,l2401-C-8600,l2401-C-8600,110.5,0.0,0.0,0.0,10,29.0,0.0,0,110.5,0.0,0.0,0.0,0.0,0.0,12
2023-05-11 13:39:30,l2401-C-8600,l2401-C-8600,110.5,0.0,0.0,0.0,1,29.5,0.0,0,110.5,0.0,0.0,0.0,0.0,0.0,12
2023-05-11 13:39:30,l2401-C-8600,l2401-C-8600,110.5,0.0,0.0,0.0,10,30.0,0.0,0,110.5,0.0,0.0,0.0,0.0,0.0,12
2023-05-11 13:39:32,l2401-C-8600,l2401-C-8600,110.5,0.0,0.0,0.0,1,30.5,0.0,0,110.5,0.0,0.0,0.0,0.0,0.0,12
2023-05-11 13:39:32,l2401-C-8600,l2401-C-8600,110.5,0.0,0.0,0.0,10,31.0,0.0,0,110.5,0.0,0.0,0.0,0.0,0.0,12
2023-05-11 13:39:34,l2401-C-8600,l2401-C-8600,110.5,0.0,0.0,0.0,1,31.5,0.0,0,110.5,0.0,0.0,0.0,0.0,0.0,12
2023-05-11 13:39:34,l2401-C-8600,l2401-C-8600,110.5,0.0,0.0,0.0,10,32.0,0.0,0,110.5,0.0,0.0,0.0,0.0,0.0,12
2023-05-11 13:39:36,l2401-C-8600,l2401-C-8600,110.5,0.0,0.0,0.0,1,32.5,0.0,0,110.5,0.0,0.0,0.0,0.0,0.0,12
2023-05-11 13:39:36,l2401-C-8600,l2401-C-8600,110.5,0.0,0.0,0.0,10,33.0,0.0,0,110.5,0.0,0.0,0.0,0.0,0.0,12
2023-05-11 13:39:38,l2401-C-8600,l2401-C-8600,110.5,0.0,0.0,0.0,1,33.5,0.0,0,110.5,0.0,0.0,0.0,0.0,0.0,12
2023-05-11 13:39:38,l2401-C-8600,l2401-C-8600,110.5,0.0,0.0,0.0,10,34.0,0.0,0,110.5,0.0,0.0,0.0,0.0,0.0,12
2023-05-11 13:39:40,l2401-C-8600,l2401-C-8600,110.5,0.0,0.0,0.0,1,34.5,0.0,0,110.5,0.0,0.0,0.0,0.0,0.0,12
2023-05-11 13:39:40,l2401-C-8600,l2401-C-8600,110.5,0.0,0.0,0.0,10,35.0,0.0,0,110.5,0.0,0.0,0.0,0.0,0.0,12
2023-05-11 13:39:41,l2401-C-8600,l2401-C-8600,110.5,0.0,0.0,0.0,1,35.5,0.0,0,110.5,0.0,0.0,0.0,0.0,0.0,12
2023-05-11 13:39:41,l2401-C-8600,l2401-C-8600,110.5,0.0,0.0,0.0,10,36.0,0.0,0,110.5,0.0,0.0,0.0,0.0,0.0,12
2023-05-11 13:39:43,l2401-C-8600,l2401-C-8600,110.5,0.0,0.0,0.0,1,36.5,0.0,0,110.5,0.0,0.0,0.0,0.0,0.0,12
2023-05-11 13:39:43,l2401-C-8600,l2401-C-8600,110.5,0.0,0.0,0.0,10,37.0,0.0,0,110.5,0.0,0.0,0.0,0.0,0.0,12
2023-05-11 13:39:44,l2401-C-8600,l2401-C-8600,110.5,0.0,0.0,0.0,1,37.5,0.0,0,110.5,0.0,0.0,0.0,0.0,0.0,12
2023-05-11 13:39:44,l2401-C-8600,l2401-C-8600,110.5,0.0,0.0,0.0,10,38.0,0.0,0,110.5,0.0,0.0,0.0,0.0,0.0,12
2023-05-11 13:39:46,l2401-C-8600,l2401-C-8600,110.5,0.0,0.0,0.0,1,38.5,0.0,0,110.5,0.0,0.0,0.0,0.0,0.0,12
2023-05-11 13:39:46,l2401-C-8600,l2401-C-8600,110.5,0.0,0.0,0.0,10,39.0,0.0,0,110.5,0.0,0.0,0.0,0.0,0.0,12
2023-05-11 13:39:47,l2401-C-8600,l2401-C-8600,110.5,0.0,0.0,0.0,1,39.5,0.0,0,110.5,0.0,0.0,0.0,0.0,0.0,12
2023-05-11 13:39:47,l2401-C-8600,l2401-C-8600,110.5,0.0,0.0,0.0,10,40.0,0.0,0,110.5,0.0,0.0,0.0,0.0,0.0,12
2023-05-11 13:39:48,l2401-C-8600,l2401-C-8600,110.5,0.0,0.0,0.0,1,40.5,0.0,0,110.5,0.0,0.0,0.0,0.0,0.0,12
2023-05-11 13:39:48,l2401-C-8600,l2401-C-8600,110.5,0.0,0.0,0.0,10,41.0,0.0,0,110.5,0.0,0.0,0.0,0.0,0.0,12
2023-05-11 13:39:50,l2401-C-8600,l2401-C-8600,110.5,0.0,0.0,0.0,1,41.5,0.0,0,110.5,0.0,0.0,0.0,0.0,0.0,12
2023-05-11 13:39:50,l2401-C-8600,l2401-C-8600,110.5,0.0,0.0,0.0,10,42.0,0.0,0,110.5,0.0,0.0,0.0,0.0,0.0,12
2023-05-11 13:39:51,l2401-C-8600,l2401-C-8600,110.5,0.0,0.0,0.0,1,42.5,0.0,0,110.5,0.0,0.0,0.0,0.0,0.0,12
2023-05-11 13:39:51,l2401-C-8600,l2401-C-8600,110.5,0.0,0.0,0.0,10,43.0,0.0,0,110.5,0.0,0.0,0.0,0.0,0.0,12
2023-05-11 13:39:53,l2401-C-8600,l2401-C-8600,110.5,0.0,0.0,0.0,1,43.5,0.0,0,110.5,0.0,0.0,0.0,0.0,0.0,12
2023-05-11 13:39:53,l2401-C-8600,l2401-C-8600,110.5,0.0,0.0,0.0,10,44.0,0.0,0,110.5,0.0,0.0,0.0,0.0,0.0,12
2023-05-11 13:45:16,l2401-C-8600,l2401-C-8600,110.5,0.0,0.0,0.0,1,44.5,0.0,0,110.5,0.0,0.0,0.0,0.0,0.0,12
2023-05-11 13:45:16,l2401-C-8600,l2401-C-8600,110.5,0.0,0.0,0.0,10,45.0,0.0,0,110.5,0.0,0.0,0.0,0.0,0.0,12
2023-05-11 13:56:50,l2401-C-8600,l2401-C-8600,110.5,0.0,0.0,0.0,1,75.0,87.5,1,110.5,0.0,0.0,0.0,0.0,0.0,12
2023-05-11 13:56:52,l2401-C-8600,l2401-C-8600,110.5,0.0,0.0,0.0,1,79.5,87.5,1,110.5,0.0,0.0,0.0,0.0,0.0,12
2023-05-11 13:56:52,l2401-C-8600,l2401-C-8600,110.5,0.0,0.0,0.0,1,79.5,85.5,5,110.5,0.0,0.0,0.0,0.0,0.0,12
2023-05-11 13:56:55,l2401-C-8600,l2401-C-8600,110.5,0.0,0.0,0.0,2,79.5,85.5,5,110.5,0.0,0.0,0.0,0.0,0.0,12
2023-05-11 13:57:03,l2401-C-8600,l2401-C-8600,110.5,0.0,0.0,0.0,1,79.5,85.5,5,110.5,0.0,0.0,0.0,0.0,0.0,12
2023-05-11 13:57:03,l2401-C-8600,l2401-C-8600,110.5,0.0,0.0,0.0,1,79.5,89.5,1,110.5,0.0,0.0,0.0,0.0,0.0,12
2023-05-11 13:57:07,l2401-C-8600,l2401-C-8600,110.5,0.0,0.0,0.0,1,76.0,89.5,1,110.5,0.0,0.0,0.0,0.0,0.0,12
2023-05-11 13:57:07,l2401-C-8600,l2401-C-8600,110.5,0.0,0.0,0.0,2,75.5,89.5,1,110.5,0.0,0.0,0.0,0.0,0.0,12
2023-05-11 13:57:10,l2401-C-8600,l2401-C-8600,110.5,0.0,0.0,0.0,1,75.5,94.0,1,110.5,0.0,0.0,0.0,0.0,0.0,12
2023-05-11 13:57:14,l2401-C-8600,l2401-C-8600,110.5,0.0,0.0,0.0,10,9.0,0.0,0,110.5,0.0,0.0,0.0,0.0,0.0,12
2023-05-11 13:57:15,l2401-C-8600,l2401-C-8600,110.5,0.0,0.0,0.0,1,9.5,0.0,0,110.5,0.0,0.0,0.0,0.0,0.0,12
2023-05-11 13:57:15,l2401-C-8600,l2401-C-8600,110.5,0.0,0.0,0.0,10,10.0,0.0,0,110.5,0.0,0.0,0.0,0.0,0.0,12
2023-05-11 13:57:17,l2401-C-8600,l2401-C-8600,110.5,0.0,0.0,0.0,1,10.5,0.0,0,110.5,0.0,0.0,0.0,0.0,0.0,12
2023-05-11 13:57:17,l2401-C-8600,l2401-C-8600,110.5,0.0,0.0,0.0,10,11.0,0.0,0,110.5,0.0,0.0,0.0,0.0,0.0,12
2023-05-11 13:57:19,l2401-C-8600,l2401-C-8600,110.5,0.0,0.0,0.0,1,11.5,0.0,0,110.5,0.0,0.0,0.0,0.0,0.0,12
2023-05-11 13:57:19,l2401-C-8600,l2401-C-8600,110.5,0.0,0.0,0.0,10,12.0,0.0,0,110.5,0.0,0.0,0.0,0.0,0.0,12
2023-05-11 13:57:20,l2401-C-8600,l2401-C-8600,110.5,0.0,0.0,0.0,1,12.5,0.0,0,110.5,0.0,0.0,0.0,0.0,0.0,12
2023-05-11 13:57:20,l2401-C-8600,l2401-C-8600,110.5,0.0,0.0,0.0,10,13.0,0.0,0,110.5,0.0,0.0,0.0,0.0,0.0,12
2023-05-11 13:57:22,l2401-C-8600,l2401-C-8600,110.5,0.0,0.0,0.0,1,13.5,0.0,0,110.5,0.0,0.0,0.0,0.0,0.0,12
2023-05-11 13:57:22,l2401-C-8600,l2401-C-8600,110.5,0.0,0.0,0.0,10,14.0,0.0,0,110.5,0.0,0.0,0.0,0.0,0.0,12
2023-05-11 13:57:23,l2401-C-8600,l2401-C-8600,110.5,0.0,0.0,0.0,1,14.5,0.0,0,110.5,0.0,0.0,0.0,0.0,0.0,12
2023-05-11 13:57:23,l2401-C-8600,l2401-C-8600,110.5,0.0,0.0,0.0,10,15.0,0.0,0,110.5,0.0,0.0,0.0,0.0,0.0,12
2023-05-11 13:57:25,l2401-C-8600,l2401-C-8600,110.5,0.0,0.0,0.0,1,15.5,0.0,0,110.5,0.0,0.0,0.0,0.0,0.0,12
2023-05-11 13:57:25,l2401-C-8600,l2401-C-8600,110.5,0.0,0.0,0.0,10,16.0,0.0,0,110.5,0.0,0.0,0.0,0.0,0.0,12
2023-05-11 13:57:26,l2401-C-8600,l2401-C-8600,110.5,0.0,0.0,0.0,1,16.5,0.0,0,110.5,0.0,0.0,0.0,0.0,0.0,12
2023-05-11 13:57:26,l2401-C-8600,l2401-C-8600,110.5,0.0,0.0,0.0,10,17.0,0.0,0,110.5,0.0,0.0,0.0,0.0,0.0,12
2023-05-11 13:57:27,l2401-C-8600,l2401-C-8600,110.5,0.0,0.0,0.0,1,17.5,0.0,0,110.5,0.0,0.0,0.0,0.0,0.0,12
2023-05-11 13:57:27,l2401-C-8600,l2401-C-8600,110.5,0.0,0.0,0.0,10,18.0,0.0,0,110.5,0.0,0.0,0.0,0.0,0.0,12
2023-05-11 13:57:29,l2401-C-8600,l2401-C-8600,110.5,0.0,0.0,0.0,1,18.5,0.0,0,110.5,0.0,0.0,0.0,0.0,0.0,12
2023-05-11 13:57:30,l2401-C-8600,l2401-C-8600,110.5,0.0,0.0,0.0,10,19.0,0.0,0,110.5,0.0,0.0,0.0,0.0,0.0,12
2023-05-11 13:57:31,l2401-C-8600,l2401-C-8600,110.5,0.0,0.0,0.0,1,19.5,0.0,0,110.5,0.0,0.0,0.0,0.0,0.0,12
2023-05-11 13:57:31,l2401-C-8600,l2401-C-8600,110.5,0.0,0.0,0.0,10,20.0,0.0,0,110.5,0.0,0.0,0.0,0.0,0.0,12
2023-05-11 13:57:33,l2401-C-8600,l2401-C-8600,110.5,0.0,0.0,0.0,1,20.5,0.0,0,110.5,0.0,0.0,0.0,0.0,0.0,12
2023-05-11 13:57:33,l2401-C-8600,l2401-C-8600,110.5,0.0,0.0,0.0,10,21.0,0.0,0,110.5,0.0,0.0,0.0,0.0,0.0,12
2023-05-11 13:57:34,l2401-C-8600,l2401-C-8600,110.5,0.0,0.0,0.0,1,21.5,0.0,0,110.5,0.0,0.0,0.0,0.0,0.0,12
2023-05-11 13:57:34,l2401-C-8600,l2401-C-8600,110.5,0.0,0.0,0.0,10,22.0,0.0,0,110.5,0.0,0.0,0.0,0.0,0.0,12
2023-05-11 13:57:36,l2401-C-8600,l2401-C-8600,110.5,0.0,0.0,0.0,1,22.5,0.0,0,110.5,0.0,0.0,0.0,0.0,0.0,12
2023-05-11 13:57:36,l2401-C-8600,l2401-C-8600,110.5,0.0,0.0,0.0,10,23.0,0.0,0,110.5,0.0,0.0,0.0,0.0,0.0,12
2023-05-11 13:57:37,l2401-C-8600,l2401-C-8600,110.5,0.0,0.0,0.0,1,23.5,0.0,0,110.5,0.0,0.0,0.0,0.0,0.0,12
2023-05-11 13:57:37,l2401-C-8600,l2401-C-8600,110.5,0.0,0.0,0.0,10,24.0,0.0,0,110.5,0.0,0.0,0.0,0.0,0.0,12
2023-05-11 13:57:39,l2401-C-8600,l2401-C-8600,110.5,0.0,0.0,0.0,1,24.5,0.0,0,110.5,0.0,0.0,0.0,0.0,0.0,12
2023-05-11 13:57:39,l2401-C-8600,l2401-C-8600,110.5,0.0,0.0,0.0,10,25.0,0.0,0,110.5,0.0,0.0,0.0,0.0,0.0,12
2023-05-11 13:57:40,l2401-C-8600,l2401-C-8600,110.5,0.0,0.0,0.0,1,25.5,0.0,0,110.5,0.0,0.0,0.0,0.0,0.0,12
2023-05-11 13:57:40,l2401-C-8600,l2401-C-8600,110.5,0.0,0.0,0.0,10,26.0,0.0,0,110.5,0.0,0.0,0.0,0.0,0.0,12
2023-05-11 13:57:42,l2401-C-8600,l2401-C-8600,110.5,0.0,0.0,0.0,1,26.5,0.0,0,110.5,0.0,0.0,0.0,0.0,0.0,12
2023-05-11 13:57:42,l2401-C-8600,l2401-C-8600,110.5,0.0,0.0,0.0,10,27.0,0.0,0,110.5,0.0,0.0,0.0,0.0,0.0,12
2023-05-11 13:57:43,l2401-C-8600,l2401-C-8600,110.5,0.0,0.0,0.0,1,27.5,0.0,0,110.5,0.0,0.0,0.0,0.0,0.0,12
2023-05-11 13:57:43,l2401-C-8600,l2401-C-8600,110.5,0.0,0.0,0.0,10,28.0,0.0,0,110.5,0.0,0.0,0.0,0.0,0.0,12
2023-05-11 13:57:45,l2401-C-8600,l2401-C-8600,110.5,0.0,0.0,0.0,1,28.5,0.0,0,110.5,0.0,0.0,0.0,0.0,0.0,12
2023-05-11 13:57:45,l2401-C-8600,l2401-C-8600,110.5,0.0,0.0,0.0,10,29.0,0.0,0,110.5,0.0,0.0,0.0,0.0,0.0,12
2023-05-11 13:57:46,l2401-C-8600,l2401-C-8600,110.5,0.0,0.0,0.0,1,29.5,0.0,0,110.5,0.0,0.0,0.0,0.0,0.0,12
2023-05-11 13:57:46,l2401-C-8600,l2401-C-8600,110.5,0.0,0.0,0.0,10,30.0,0.0,0,110.5,0.0,0.0,0.0,0.0,0.0,12
2023-05-11 13:57:48,l2401-C-8600,l2401-C-8600,110.5,0.0,0.0,0.0,1,30.5,0.0,0,110.5,0.0,0.0,0.0,0.0,0.0,12
2023-05-11 13:57:48,l2401-C-8600,l2401-C-8600,110.5,0.0,0.0,0.0,10,31.0,0.0,0,110.5,0.0,0.0,0.0,0.0,0.0,12
2023-05-11 13:57:49,l2401-C-8600,l2401-C-8600,110.5,0.0,0.0,0.0,1,31.5,0.0,0,110.5,0.0,0.0,0.0,0.0,0.0,12
2023-05-11 13:57:49,l2401-C-8600,l2401-C-8600,110.5,0.0,0.0,0.0,10,32.0,0.0,0,110.5,0.0,0.0,0.0,0.0,0.0,12
2023-05-11 13:57:50,l2401-C-8600,l2401-C-8600,110.5,0.0,0.0,0.0,1,32.5,0.0,0,110.5,0.0,0.0,0.0,0.0,0.0,12
2023-05-11 13:57:50,l2401-C-8600,l2401-C-8600,110.5,0.0,0.0,0.0,10,33.0,0.0,0,110.5,0.0,0.0,0.0,0.0,0.0,12
2023-05-11 13:57:52,l2401-C-8600,l2401-C-8600,110.5,0.0,0.0,0.0,1,33.5,0.0,0,110.5,0.0,0.0,0.0,0.0,0.0,12
2023-05-11 13:57:52,l2401-C-8600,l2401-C-8600,110.5,0.0,0.0,0.0,10,34.0,0.0,0,110.5,0.0,0.0,0.0,0.0,0.0,12
2023-05-11 13:57:54,l2401-C-8600,l2401-C-8600,110.5,0.0,0.0,0.0,1,34.5,0.0,0,110.5,0.0,0.0,0.0,0.0,0.0,12
2023-05-11 13:57:54,l2401-C-8600,l2401-C-8600,110.5,0.0,0.0,0.0,10,35.0,0.0,0,110.5,0.0,0.0,0.0,0.0,0.0,12
2023-05-11 13:57:56,l2401-C-8600,l2401-C-8600,110.5,0.0,0.0,0.0,1,35.5,0.0,0,110.5,0.0,0.0,0.0,0.0,0.0,12
2023-05-11 13:57:56,l2401-C-8600,l2401-C-8600,110.5,0.0,0.0,0.0,10,36.0,0.0,0,110.5,0.0,0.0,0.0,0.0,0.0,12
2023-05-11 13:57:58,l2401-C-8600,l2401-C-8600,110.5,0.0,0.0,0.0,1,36.5,0.0,0,110.5,0.0,0.0,0.0,0.0,0.0,12
2023-05-11 13:57:58,l2401-C-8600,l2401-C-8600,110.5,0.0,0.0,0.0,10,37.0,0.0,0,110.5,0.0,0.0,0.0,0.0,0.0,12
2023-05-11 13:58:00,l2401-C-8600,l2401-C-8600,110.5,0.0,0.0,0.0,1,37.5,0.0,0,110.5,0.0,0.0,0.0,0.0,0.0,12
2023-05-11 13:58:00,l2401-C-8600,l2401-C-8600,110.5,0.0,0.0,0.0,10,38.0,0.0,0,110.5,0.0,0.0,0.0,0.0,0.0,12
2023-05-11 13:58:01,l2401-C-8600,l2401-C-8600,110.5,0.0,0.0,0.0,1,38.5,0.0,0,110.5,0.0,0.0,0.0,0.0,0.0,12
2023-05-11 13:58:01,l2401-C-8600,l2401-C-8600,110.5,0.0,0.0,0.0,10,39.0,0.0,0,110.5,0.0,0.0,0.0,0.0,0.0,12
2023-05-11 13:58:03,l2401-C-8600,l2401-C-8600,110.5,0.0,0.0,0.0,1,39.5,0.0,0,110.5,0.0,0.0,0.0,0.0,0.0,12
2023-05-11 13:58:03,l2401-C-8600,l2401-C-8600,110.5,0.0,0.0,0.0,10,40.0,0.0,0,110.5,0.0,0.0,0.0,0.0,0.0,12
2023-05-11 13:58:04,l2401-C-8600,l2401-C-8600,110.5,0.0,0.0,0.0,1,40.5,0.0,0,110.5,0.0,0.0,0.0,0.0,0.0,12
2023-05-11 13:58:04,l2401-C-8600,l2401-C-8600,110.5,0.0,0.0,0.0,10,41.0,0.0,0,110.5,0.0,0.0,0.0,0.0,0.0,12
2023-05-11 13:58:05,l2401-C-8600,l2401-C-8600,110.5,0.0,0.0,0.0,1,41.5,0.0,0,110.5,0.0,0.0,0.0,0.0,0.0,12
2023-05-11 13:58:05,l2401-C-8600,l2401-C-8600,110.5,0.0,0.0,0.0,10,42.0,0.0,0,110.5,0.0,0.0,0.0,0.0,0.0,12
2023-05-11 13:58:07,l2401-C-8600,l2401-C-8600,110.5,0.0,0.0,0.0,1,42.5,0.0,0,110.5,0.0,0.0,0.0,0.0,0.0,12
2023-05-11 13:58:07,l2401-C-8600,l2401-C-8600,110.5,0.0,0.0,0.0,10,43.0,0.0,0,110.5,0.0,0.0,0.0,0.0,0.0,12
2023-05-11 13:58:08,l2401-C-8600,l2401-C-8600,110.5,0.0,0.0,0.0,1,43.5,0.0,0,110.5,0.0,0.0,0.0,0.0,0.0,12
2023-05-11 13:58:08,l2401-C-8600,l2401-C-8600,110.5,0.0,0.0,0.0,10,44.0,0.0,0,110.5,0.0,0.0,0.0,0.0,0.0,12
2023-05-11 14:56:45,l2401-C-8600,l2401-C-8600,110.5,0.0,0.0,0.0,1,8.5,0.0,0,110.5,0.0,0.0,0.0,0.0,0.0,12
2023-05-11 14:56:46,l2401-C-8600,l2401-C-8600,110.5,0.0,0.0,0.0,1,9.0,0.0,0,110.5,0.0,0.0,0.0,0.0,0.0,12
2023-05-11 14:59:02,l2401-C-8600,l2401-C-8600,110.5,0.0,0.0,0.0,10,9.5,0.0,0,110.5,0.0,0.0,0.0,0.0,0.0,12
2023-05-11 14:59:05,l2401-C-8600,l2401-C-8600,110.5,0.0,0.0,0.0,1,10.0,0.0,0,110.5,0.0,0.0,0.0,0.0,0.0,12
2023-05-11 14:59:05,l2401-C-8600,l2401-C-8600,110.5,0.0,0.0,0.0,10,10.5,0.0,0,110.5,0.0,0.0,0.0,0.0,0.0,12
2023-05-11 14:59:08,l2401-C-8600,l2401-C-8600,110.5,0.0,0.0,0.0,1,11.0,0.0,0,110.5,0.0,0.0,0.0,0.0,0.0,12
2023-05-11 14:59:08,l2401-C-8600,l2401-C-8600,110.5,0.0,0.0,0.0,10,11.5,0.0,0,110.5,0.0,0.0,0.0,0.0,0.0,12
2023-05-11 14:59:22,l2401-C-8600,l2401-C-8600,110.5,0.0,0.0,0.0,1,12.0,0.0,0,110.5,0.0,0.0,0.0,0.0,0.0,12
2023-05-11 14:59:22,l2401-C-8600,l2401-C-8600,110.5,0.0,0.0,0.0,10,12.5,0.0,0,110.5,0.0,0.0,0.0,0.0,0.0,12
2023-05-11 14:59:54,l2401-C-8600,l2401-C-8600,110.5,0.0,0.0,0.0,1,12.0,0.0,0,110.5,0.0,0.0,0.0,0.0,0.0,12
2023-05-11 15:01:10,l2401-C-8600,l2401-C-8600,110.5,0.0,0.0,0.0,1,12.0,0.0,0,110.5,0.0,0.0,0.0,0.0,0.0,12
