time,symbol_id,symbol_name,last,trade_volume,trade_amount,open_interest_change,bv1,bp1,ap1,av1,yesterday_close,today_open,today_high,today_low,volume,amount,open_interest
2023-05-10 20:56:50,l2401-P-7700,l2401-P-7700,358.5,0.0,0.0,0.0,1,1.5,0.0,0,358.5,0.0,0.0,0.0,0.0,0.0,6
2023-05-10 21:00:06,l2401-P-7700,l2401-P-7700,358.5,0.0,0.0,0.0,10,2.0,0.0,0,358.5,0.0,0.0,0.0,0.0,0.0,6
2023-05-10 21:00:54,l2401-P-7700,l2401-P-7700,358.5,0.0,0.0,0.0,1,39.0,0.0,0,358.5,0.0,0.0,0.0,0.0,0.0,6
2023-05-10 21:00:54,l2401-P-7700,l2401-P-7700,358.5,0.0,0.0,0.0,10,39.5,0.0,0,358.5,0.0,0.0,0.0,0.0,0.0,6
2023-05-10 21:01:40,l2401-P-7700,l2401-P-7700,358.5,0.0,0.0,0.0,1,40.0,0.0,0,358.5,0.0,0.0,0.0,0.0,0.0,6
2023-05-10 21:01:40,l2401-P-7700,l2401-P-7700,358.5,0.0,0.0,0.0,10,40.5,0.0,0,358.5,0.0,0.0,0.0,0.0,0.0,6
2023-05-10 21:03:58,l2401-P-7700,l2401-P-7700,358.5,0.0,0.0,0.0,1,41.0,0.0,0,358.5,0.0,0.0,0.0,0.0,0.0,6
2023-05-10 21:03:58,l2401-P-7700,l2401-P-7700,358.5,0.0,0.0,0.0,10,41.5,0.0,0,358.5,0.0,0.0,0.0,0.0,0.0,6
2023-05-10 21:08:42,l2401-P-7700,l2401-P-7700,358.5,0.0,0.0,0.0,1,42.0,0.0,0,358.5,0.0,0.0,0.0,0.0,0.0,6
2023-05-10 21:08:42,l2401-P-7700,l2401-P-7700,358.5,0.0,0.0,0.0,10,42.5,0.0,0,358.5,0.0,0.0,0.0,0.0,0.0,6
2023-05-10 21:08:46,l2401-P-7700,l2401-P-7700,358.5,0.0,0.0,0.0,1,43.0,0.0,0,358.5,0.0,0.0,0.0,0.0,0.0,6
2023-05-10 21:08:46,l2401-P-7700,l2401-P-7700,358.5,0.0,0.0,0.0,10,43.5,0.0,0,358.5,0.0,0.0,0.0,0.0,0.0,6
2023-05-10 21:08:49,l2401-P-7700,l2401-P-7700,358.5,0.0,0.0,0.0,1,44.0,0.0,0,358.5,0.0,0.0,0.0,0.0,0.0,6
2023-05-10 21:08:49,l2401-P-7700,l2401-P-7700,358.5,0.0,0.0,0.0,10,44.5,0.0,0,358.5,0.0,0.0,0.0,0.0,0.0,6
2023-05-10 21:08:53,l2401-P-7700,l2401-P-7700,358.5,0.0,0.0,0.0,1,45.0,0.0,0,358.5,0.0,0.0,0.0,0.0,0.0,6
2023-05-10 21:08:53,l2401-P-7700,l2401-P-7700,358.5,0.0,0.0,0.0,10,45.5,0.0,0,358.5,0.0,0.0,0.0,0.0,0.0,6
2023-05-10 21:08:56,l2401-P-7700,l2401-P-7700,358.5,0.0,0.0,0.0,1,46.0,0.0,0,358.5,0.0,0.0,0.0,0.0,0.0,6
2023-05-10 21:08:56,l2401-P-7700,l2401-P-7700,358.5,0.0,0.0,0.0,10,46.5,0.0,0,358.5,0.0,0.0,0.0,0.0,0.0,6
2023-05-10 21:09:00,l2401-P-7700,l2401-P-7700,358.5,0.0,0.0,0.0,1,47.0,0.0,0,358.5,0.0,0.0,0.0,0.0,0.0,6
2023-05-10 21:09:00,l2401-P-7700,l2401-P-7700,358.5,0.0,0.0,0.0,10,47.5,0.0,0,358.5,0.0,0.0,0.0,0.0,0.0,6
2023-05-10 21:09:04,l2401-P-7700,l2401-P-7700,358.5,0.0,0.0,0.0,1,48.0,0.0,0,358.5,0.0,0.0,0.0,0.0,0.0,6
2023-05-10 21:09:04,l2401-P-7700,l2401-P-7700,358.5,0.0,0.0,0.0,10,48.5,0.0,0,358.5,0.0,0.0,0.0,0.0,0.0,6
2023-05-10 21:09:07,l2401-P-7700,l2401-P-7700,358.5,0.0,0.0,0.0,1,49.0,0.0,0,358.5,0.0,0.0,0.0,0.0,0.0,6
2023-05-10 21:09:07,l2401-P-7700,l2401-P-7700,358.5,0.0,0.0,0.0,10,49.5,0.0,0,358.5,0.0,0.0,0.0,0.0,0.0,6
2023-05-10 21:09:09,l2401-P-7700,l2401-P-7700,358.5,0.0,0.0,0.0,1,50.0,0.0,0,358.5,0.0,0.0,0.0,0.0,0.0,6
2023-05-10 21:09:09,l2401-P-7700,l2401-P-7700,358.5,0.0,0.0,0.0,10,50.5,0.0,0,358.5,0.0,0.0,0.0,0.0,0.0,6
2023-05-10 21:09:12,l2401-P-7700,l2401-P-7700,358.5,0.0,0.0,0.0,1,51.0,0.0,0,358.5,0.0,0.0,0.0,0.0,0.0,6
2023-05-10 21:09:12,l2401-P-7700,l2401-P-7700,358.5,0.0,0.0,0.0,10,51.5,0.0,0,358.5,0.0,0.0,0.0,0.0,0.0,6
2023-05-10 21:09:15,l2401-P-7700,l2401-P-7700,358.5,0.0,0.0,0.0,1,52.0,0.0,0,358.5,0.0,0.0,0.0,0.0,0.0,6
2023-05-10 21:09:15,l2401-P-7700,l2401-P-7700,358.5,0.0,0.0,0.0,10,52.5,0.0,0,358.5,0.0,0.0,0.0,0.0,0.0,6
2023-05-10 21:09:17,l2401-P-7700,l2401-P-7700,358.5,0.0,0.0,0.0,1,53.0,0.0,0,358.5,0.0,0.0,0.0,0.0,0.0,6
2023-05-10 21:09:17,l2401-P-7700,l2401-P-7700,358.5,0.0,0.0,0.0,10,53.5,0.0,0,358.5,0.0,0.0,0.0,0.0,0.0,6
2023-05-10 21:09:20,l2401-P-7700,l2401-P-7700,358.5,0.0,0.0,0.0,1,54.0,0.0,0,358.5,0.0,0.0,0.0,0.0,0.0,6
2023-05-10 21:09:20,l2401-P-7700,l2401-P-7700,358.5,0.0,0.0,0.0,10,54.5,0.0,0,358.5,0.0,0.0,0.0,0.0,0.0,6
2023-05-10 21:09:23,l2401-P-7700,l2401-P-7700,358.5,0.0,0.0,0.0,1,55.0,0.0,0,358.5,0.0,0.0,0.0,0.0,0.0,6
2023-05-10 21:09:23,l2401-P-7700,l2401-P-7700,358.5,0.0,0.0,0.0,10,55.5,0.0,0,358.5,0.0,0.0,0.0,0.0,0.0,6
2023-05-10 21:09:25,l2401-P-7700,l2401-P-7700,358.5,0.0,0.0,0.0,1,56.0,0.0,0,358.5,0.0,0.0,0.0,0.0,0.0,6
2023-05-10 21:09:25,l2401-P-7700,l2401-P-7700,358.5,0.0,0.0,0.0,10,56.5,0.0,0,358.5,0.0,0.0,0.0,0.0,0.0,6
2023-05-10 21:09:28,l2401-P-7700,l2401-P-7700,358.5,0.0,0.0,0.0,1,57.0,0.0,0,358.5,0.0,0.0,0.0,0.0,0.0,6
2023-05-10 21:09:28,l2401-P-7700,l2401-P-7700,358.5,0.0,0.0,0.0,10,57.5,0.0,0,358.5,0.0,0.0,0.0,0.0,0.0,6
2023-05-10 21:09:31,l2401-P-7700,l2401-P-7700,358.5,0.0,0.0,0.0,1,58.0,0.0,0,358.5,0.0,0.0,0.0,0.0,0.0,6
2023-05-10 21:09:31,l2401-P-7700,l2401-P-7700,358.5,0.0,0.0,0.0,10,58.5,0.0,0,358.5,0.0,0.0,0.0,0.0,0.0,6
2023-05-10 21:09:34,l2401-P-7700,l2401-P-7700,358.5,0.0,0.0,0.0,1,59.0,0.0,0,358.5,0.0,0.0,0.0,0.0,0.0,6
2023-05-10 21:09:34,l2401-P-7700,l2401-P-7700,358.5,0.0,0.0,0.0,10,59.5,0.0,0,358.5,0.0,0.0,0.0,0.0,0.0,6
2023-05-10 21:09:37,l2401-P-7700,l2401-P-7700,358.5,0.0,0.0,0.0,1,60.0,0.0,0,358.5,0.0,0.0,0.0,0.0,0.0,6
2023-05-10 21:09:37,l2401-P-7700,l2401-P-7700,358.5,0.0,0.0,0.0,10,60.5,0.0,0,358.5,0.0,0.0,0.0,0.0,0.0,6
2023-05-10 21:09:39,l2401-P-7700,l2401-P-7700,358.5,0.0,0.0,0.0,1,61.0,0.0,0,358.5,0.0,0.0,0.0,0.0,0.0,6
2023-05-10 21:09:39,l2401-P-7700,l2401-P-7700,358.5,0.0,0.0,0.0,10,61.5,0.0,0,358.5,0.0,0.0,0.0,0.0,0.0,6
2023-05-10 21:09:41,l2401-P-7700,l2401-P-7700,358.5,0.0,0.0,0.0,1,62.0,0.0,0,358.5,0.0,0.0,0.0,0.0,0.0,6
2023-05-10 21:09:41,l2401-P-7700,l2401-P-7700,358.5,0.0,0.0,0.0,10,62.5,0.0,0,358.5,0.0,0.0,0.0,0.0,0.0,6
2023-05-10 21:09:43,l2401-P-7700,l2401-P-7700,358.5,0.0,0.0,0.0,1,63.0,0.0,0,358.5,0.0,0.0,0.0,0.0,0.0,6
2023-05-10 21:09:43,l2401-P-7700,l2401-P-7700,358.5,0.0,0.0,0.0,10,63.5,0.0,0,358.5,0.0,0.0,0.0,0.0,0.0,6
2023-05-10 21:09:45,l2401-P-7700,l2401-P-7700,358.5,0.0,0.0,0.0,1,64.0,0.0,0,358.5,0.0,0.0,0.0,0.0,0.0,6
2023-05-10 21:09:45,l2401-P-7700,l2401-P-7700,358.5,0.0,0.0,0.0,10,64.5,0.0,0,358.5,0.0,0.0,0.0,0.0,0.0,6
2023-05-10 21:09:47,l2401-P-7700,l2401-P-7700,358.5,0.0,0.0,0.0,1,65.0,0.0,0,358.5,0.0,0.0,0.0,0.0,0.0,6
2023-05-10 21:09:47,l2401-P-7700,l2401-P-7700,358.5,0.0,0.0,0.0,10,65.5,0.0,0,358.5,0.0,0.0,0.0,0.0,0.0,6
2023-05-10 21:09:49,l2401-P-7700,l2401-P-7700,358.5,0.0,0.0,0.0,1,66.0,0.0,0,358.5,0.0,0.0,0.0,0.0,0.0,6
2023-05-10 21:09:49,l2401-P-7700,l2401-P-7700,358.5,0.0,0.0,0.0,10,66.5,0.0,0,358.5,0.0,0.0,0.0,0.0,0.0,6
2023-05-10 21:09:51,l2401-P-7700,l2401-P-7700,358.5,0.0,0.0,0.0,1,67.0,0.0,0,358.5,0.0,0.0,0.0,0.0,0.0,6
2023-05-10 21:09:51,l2401-P-7700,l2401-P-7700,358.5,0.0,0.0,0.0,10,67.5,0.0,0,358.5,0.0,0.0,0.0,0.0,0.0,6
2023-05-10 21:09:53,l2401-P-7700,l2401-P-7700,358.5,0.0,0.0,0.0,1,68.0,0.0,0,358.5,0.0,0.0,0.0,0.0,0.0,6
2023-05-10 21:09:53,l2401-P-7700,l2401-P-7700,358.5,0.0,0.0,0.0,10,68.5,0.0,0,358.5,0.0,0.0,0.0,0.0,0.0,6
2023-05-10 21:09:55,l2401-P-7700,l2401-P-7700,358.5,0.0,0.0,0.0,1,69.0,0.0,0,358.5,0.0,0.0,0.0,0.0,0.0,6
2023-05-10 21:09:55,l2401-P-7700,l2401-P-7700,358.5,0.0,0.0,0.0,10,69.5,0.0,0,358.5,0.0,0.0,0.0,0.0,0.0,6
2023-05-10 21:09:57,l2401-P-7700,l2401-P-7700,358.5,0.0,0.0,0.0,1,70.0,0.0,0,358.5,0.0,0.0,0.0,0.0,0.0,6
2023-05-10 21:09:57,l2401-P-7700,l2401-P-7700,358.5,0.0,0.0,0.0,10,70.5,0.0,0,358.5,0.0,0.0,0.0,0.0,0.0,6
2023-05-10 21:09:59,l2401-P-7700,l2401-P-7700,358.5,0.0,0.0,0.0,1,71.0,0.0,0,358.5,0.0,0.0,0.0,0.0,0.0,6
2023-05-10 21:09:59,l2401-P-7700,l2401-P-7700,358.5,0.0,0.0,0.0,10,71.5,0.0,0,358.5,0.0,0.0,0.0,0.0,0.0,6
2023-05-10 21:10:01,l2401-P-7700,l2401-P-7700,358.5,0.0,0.0,0.0,1,72.0,0.0,0,358.5,0.0,0.0,0.0,0.0,0.0,6
2023-05-10 21:10:01,l2401-P-7700,l2401-P-7700,358.5,0.0,0.0,0.0,10,72.5,0.0,0,358.5,0.0,0.0,0.0,0.0,0.0,6
2023-05-10 21:10:02,l2401-P-7700,l2401-P-7700,358.5,0.0,0.0,0.0,1,73.0,0.0,0,358.5,0.0,0.0,0.0,0.0,0.0,6
2023-05-10 21:10:02,l2401-P-7700,l2401-P-7700,358.5,0.0,0.0,0.0,10,73.5,0.0,0,358.5,0.0,0.0,0.0,0.0,0.0,6
2023-05-10 21:10:05,l2401-P-7700,l2401-P-7700,358.5,0.0,0.0,0.0,1,74.0,0.0,0,358.5,0.0,0.0,0.0,0.0,0.0,6
2023-05-10 21:10:05,l2401-P-7700,l2401-P-7700,358.5,0.0,0.0,0.0,10,74.5,0.0,0,358.5,0.0,0.0,0.0,0.0,0.0,6
2023-05-10 21:10:06,l2401-P-7700,l2401-P-7700,358.5,0.0,0.0,0.0,1,75.0,0.0,0,358.5,0.0,0.0,0.0,0.0,0.0,6
2023-05-10 21:10:06,l2401-P-7700,l2401-P-7700,358.5,0.0,0.0,0.0,10,75.5,0.0,0,358.5,0.0,0.0,0.0,0.0,0.0,6
2023-05-10 21:10:08,l2401-P-7700,l2401-P-7700,358.5,0.0,0.0,0.0,1,76.0,0.0,0,358.5,0.0,0.0,0.0,0.0,0.0,6
2023-05-10 21:10:08,l2401-P-7700,l2401-P-7700,358.5,0.0,0.0,0.0,10,76.5,0.0,0,358.5,0.0,0.0,0.0,0.0,0.0,6
2023-05-10 21:10:11,l2401-P-7700,l2401-P-7700,358.5,0.0,0.0,0.0,1,77.0,0.0,0,358.5,0.0,0.0,0.0,0.0,0.0,6
2023-05-10 21:10:11,l2401-P-7700,l2401-P-7700,358.5,0.0,0.0,0.0,10,77.5,0.0,0,358.5,0.0,0.0,0.0,0.0,0.0,6
2023-05-10 21:10:13,l2401-P-7700,l2401-P-7700,358.5,0.0,0.0,0.0,1,78.0,0.0,0,358.5,0.0,0.0,0.0,0.0,0.0,6
2023-05-10 21:10:13,l2401-P-7700,l2401-P-7700,358.5,0.0,0.0,0.0,10,78.5,0.0,0,358.5,0.0,0.0,0.0,0.0,0.0,6
2023-05-10 21:10:15,l2401-P-7700,l2401-P-7700,358.5,0.0,0.0,0.0,1,79.0,0.0,0,358.5,0.0,0.0,0.0,0.0,0.0,6
2023-05-10 21:10:15,l2401-P-7700,l2401-P-7700,358.5,0.0,0.0,0.0,10,79.5,0.0,0,358.5,0.0,0.0,0.0,0.0,0.0,6
2023-05-10 21:10:16,l2401-P-7700,l2401-P-7700,358.5,0.0,0.0,0.0,1,80.0,0.0,0,358.5,0.0,0.0,0.0,0.0,0.0,6
2023-05-10 21:10:16,l2401-P-7700,l2401-P-7700,358.5,0.0,0.0,0.0,10,80.5,0.0,0,358.5,0.0,0.0,0.0,0.0,0.0,6
2023-05-10 21:10:18,l2401-P-7700,l2401-P-7700,358.5,0.0,0.0,0.0,1,81.0,0.0,0,358.5,0.0,0.0,0.0,0.0,0.0,6
2023-05-10 21:10:18,l2401-P-7700,l2401-P-7700,358.5,0.0,0.0,0.0,10,81.5,0.0,0,358.5,0.0,0.0,0.0,0.0,0.0,6
2023-05-10 21:10:19,l2401-P-7700,l2401-P-7700,358.5,0.0,0.0,0.0,1,82.0,0.0,0,358.5,0.0,0.0,0.0,0.0,0.0,6
2023-05-10 21:10:19,l2401-P-7700,l2401-P-7700,358.5,0.0,0.0,0.0,10,82.5,0.0,0,358.5,0.0,0.0,0.0,0.0,0.0,6
2023-05-10 21:10:21,l2401-P-7700,l2401-P-7700,358.5,0.0,0.0,0.0,1,83.0,0.0,0,358.5,0.0,0.0,0.0,0.0,0.0,6
2023-05-10 21:10:21,l2401-P-7700,l2401-P-7700,358.5,0.0,0.0,0.0,10,83.5,0.0,0,358.5,0.0,0.0,0.0,0.0,0.0,6
2023-05-10 21:10:23,l2401-P-7700,l2401-P-7700,358.5,0.0,0.0,0.0,1,84.0,0.0,0,358.5,0.0,0.0,0.0,0.0,0.0,6
2023-05-10 21:10:23,l2401-P-7700,l2401-P-7700,358.5,0.0,0.0,0.0,10,84.5,0.0,0,358.5,0.0,0.0,0.0,0.0,0.0,6
2023-05-10 21:10:25,l2401-P-7700,l2401-P-7700,358.5,0.0,0.0,0.0,1,85.0,0.0,0,358.5,0.0,0.0,0.0,0.0,0.0,6
2023-05-10 21:10:25,l2401-P-7700,l2401-P-7700,358.5,0.0,0.0,0.0,10,85.5,0.0,0,358.5,0.0,0.0,0.0,0.0,0.0,6
2023-05-10 21:10:26,l2401-P-7700,l2401-P-7700,358.5,0.0,0.0,0.0,1,86.0,0.0,0,358.5,0.0,0.0,0.0,0.0,0.0,6
2023-05-10 21:10:26,l2401-P-7700,l2401-P-7700,358.5,0.0,0.0,0.0,10,86.5,0.0,0,358.5,0.0,0.0,0.0,0.0,0.0,6
2023-05-10 21:10:28,l2401-P-7700,l2401-P-7700,358.5,0.0,0.0,0.0,1,87.0,0.0,0,358.5,0.0,0.0,0.0,0.0,0.0,6
2023-05-10 21:10:28,l2401-P-7700,l2401-P-7700,358.5,0.0,0.0,0.0,10,87.5,0.0,0,358.5,0.0,0.0,0.0,0.0,0.0,6
2023-05-10 21:10:29,l2401-P-7700,l2401-P-7700,358.5,0.0,0.0,0.0,1,88.0,0.0,0,358.5,0.0,0.0,0.0,0.0,0.0,6
2023-05-10 21:10:29,l2401-P-7700,l2401-P-7700,358.5,0.0,0.0,0.0,10,88.5,0.0,0,358.5,0.0,0.0,0.0,0.0,0.0,6
2023-05-10 21:10:30,l2401-P-7700,l2401-P-7700,358.5,0.0,0.0,0.0,1,89.0,0.0,0,358.5,0.0,0.0,0.0,0.0,0.0,6
2023-05-10 21:10:30,l2401-P-7700,l2401-P-7700,358.5,0.0,0.0,0.0,10,89.5,0.0,0,358.5,0.0,0.0,0.0,0.0,0.0,6
2023-05-10 21:10:32,l2401-P-7700,l2401-P-7700,358.5,0.0,0.0,0.0,1,90.0,0.0,0,358.5,0.0,0.0,0.0,0.0,0.0,6
2023-05-10 21:10:32,l2401-P-7700,l2401-P-7700,358.5,0.0,0.0,0.0,10,90.5,0.0,0,358.5,0.0,0.0,0.0,0.0,0.0,6
2023-05-10 21:10:33,l2401-P-7700,l2401-P-7700,358.5,0.0,0.0,0.0,1,91.0,0.0,0,358.5,0.0,0.0,0.0,0.0,0.0,6
2023-05-10 21:10:33,l2401-P-7700,l2401-P-7700,358.5,0.0,0.0,0.0,10,91.5,0.0,0,358.5,0.0,0.0,0.0,0.0,0.0,6
2023-05-10 21:10:35,l2401-P-7700,l2401-P-7700,358.5,0.0,0.0,0.0,1,92.0,0.0,0,358.5,0.0,0.0,0.0,0.0,0.0,6
2023-05-10 21:10:35,l2401-P-7700,l2401-P-7700,358.5,0.0,0.0,0.0,10,92.5,0.0,0,358.5,0.0,0.0,0.0,0.0,0.0,6
2023-05-10 21:10:36,l2401-P-7700,l2401-P-7700,358.5,0.0,0.0,0.0,1,93.0,0.0,0,358.5,0.0,0.0,0.0,0.0,0.0,6
2023-05-10 21:10:36,l2401-P-7700,l2401-P-7700,358.5,0.0,0.0,0.0,10,93.5,0.0,0,358.5,0.0,0.0,0.0,0.0,0.0,6
2023-05-10 21:10:38,l2401-P-7700,l2401-P-7700,358.5,0.0,0.0,0.0,1,94.0,0.0,0,358.5,0.0,0.0,0.0,0.0,0.0,6
2023-05-10 21:10:38,l2401-P-7700,l2401-P-7700,358.5,0.0,0.0,0.0,10,94.5,0.0,0,358.5,0.0,0.0,0.0,0.0,0.0,6
2023-05-10 21:10:39,l2401-P-7700,l2401-P-7700,358.5,0.0,0.0,0.0,1,95.0,0.0,0,358.5,0.0,0.0,0.0,0.0,0.0,6
2023-05-10 21:10:39,l2401-P-7700,l2401-P-7700,358.5,0.0,0.0,0.0,10,95.5,0.0,0,358.5,0.0,0.0,0.0,0.0,0.0,6
2023-05-10 21:10:40,l2401-P-7700,l2401-P-7700,358.5,0.0,0.0,0.0,1,96.0,0.0,0,358.5,0.0,0.0,0.0,0.0,0.0,6
2023-05-10 21:10:40,l2401-P-7700,l2401-P-7700,358.5,0.0,0.0,0.0,10,96.5,0.0,0,358.5,0.0,0.0,0.0,0.0,0.0,6
2023-05-10 21:10:42,l2401-P-7700,l2401-P-7700,358.5,0.0,0.0,0.0,1,97.0,0.0,0,358.5,0.0,0.0,0.0,0.0,0.0,6
2023-05-10 21:10:42,l2401-P-7700,l2401-P-7700,358.5,0.0,0.0,0.0,10,97.5,0.0,0,358.5,0.0,0.0,0.0,0.0,0.0,6
2023-05-10 21:10:43,l2401-P-7700,l2401-P-7700,358.5,0.0,0.0,0.0,1,98.0,0.0,0,358.5,0.0,0.0,0.0,0.0,0.0,6
2023-05-10 21:10:43,l2401-P-7700,l2401-P-7700,358.5,0.0,0.0,0.0,10,98.5,0.0,0,358.5,0.0,0.0,0.0,0.0,0.0,6
2023-05-10 21:10:44,l2401-P-7700,l2401-P-7700,358.5,0.0,0.0,0.0,1,99.0,0.0,0,358.5,0.0,0.0,0.0,0.0,0.0,6
2023-05-10 21:10:44,l2401-P-7700,l2401-P-7700,358.5,0.0,0.0,0.0,10,99.5,0.0,0,358.5,0.0,0.0,0.0,0.0,0.0,6
2023-05-10 21:10:45,l2401-P-7700,l2401-P-7700,358.5,0.0,0.0,0.0,1,100.0,0.0,0,358.5,0.0,0.0,0.0,0.0,0.0,6
2023-05-10 21:10:45,l2401-P-7700,l2401-P-7700,358.5,0.0,0.0,0.0,10,100.5,0.0,0,358.5,0.0,0.0,0.0,0.0,0.0,6
2023-05-10 21:10:47,l2401-P-7700,l2401-P-7700,358.5,0.0,0.0,0.0,1,101.0,0.0,0,358.5,0.0,0.0,0.0,0.0,0.0,6
2023-05-10 21:10:47,l2401-P-7700,l2401-P-7700,358.5,0.0,0.0,0.0,10,101.5,0.0,0,358.5,0.0,0.0,0.0,0.0,0.0,6
2023-05-10 21:10:48,l2401-P-7700,l2401-P-7700,358.5,0.0,0.0,0.0,1,102.0,0.0,0,358.5,0.0,0.0,0.0,0.0,0.0,6
2023-05-10 21:10:48,l2401-P-7700,l2401-P-7700,358.5,0.0,0.0,0.0,10,102.5,0.0,0,358.5,0.0,0.0,0.0,0.0,0.0,6
2023-05-10 21:10:49,l2401-P-7700,l2401-P-7700,358.5,0.0,0.0,0.0,1,103.0,0.0,0,358.5,0.0,0.0,0.0,0.0,0.0,6
2023-05-10 21:10:49,l2401-P-7700,l2401-P-7700,358.5,0.0,0.0,0.0,10,103.5,0.0,0,358.5,0.0,0.0,0.0,0.0,0.0,6
2023-05-10 21:10:50,l2401-P-7700,l2401-P-7700,358.5,0.0,0.0,0.0,1,104.0,0.0,0,358.5,0.0,0.0,0.0,0.0,0.0,6
2023-05-10 21:10:50,l2401-P-7700,l2401-P-7700,358.5,0.0,0.0,0.0,10,104.5,0.0,0,358.5,0.0,0.0,0.0,0.0,0.0,6
2023-05-10 21:10:52,l2401-P-7700,l2401-P-7700,358.5,0.0,0.0,0.0,1,105.0,0.0,0,358.5,0.0,0.0,0.0,0.0,0.0,6
2023-05-10 21:10:52,l2401-P-7700,l2401-P-7700,358.5,0.0,0.0,0.0,10,105.5,0.0,0,358.5,0.0,0.0,0.0,0.0,0.0,6
2023-05-10 21:10:53,l2401-P-7700,l2401-P-7700,358.5,0.0,0.0,0.0,1,106.0,0.0,0,358.5,0.0,0.0,0.0,0.0,0.0,6
2023-05-10 21:10:53,l2401-P-7700,l2401-P-7700,358.5,0.0,0.0,0.0,10,106.5,0.0,0,358.5,0.0,0.0,0.0,0.0,0.0,6
2023-05-10 21:10:55,l2401-P-7700,l2401-P-7700,358.5,0.0,0.0,0.0,1,107.0,0.0,0,358.5,0.0,0.0,0.0,0.0,0.0,6
2023-05-10 21:10:55,l2401-P-7700,l2401-P-7700,358.5,0.0,0.0,0.0,10,107.5,0.0,0,358.5,0.0,0.0,0.0,0.0,0.0,6
2023-05-10 21:10:56,l2401-P-7700,l2401-P-7700,358.5,0.0,0.0,0.0,1,108.0,0.0,0,358.5,0.0,0.0,0.0,0.0,0.0,6
2023-05-10 21:10:56,l2401-P-7700,l2401-P-7700,358.5,0.0,0.0,0.0,10,108.5,0.0,0,358.5,0.0,0.0,0.0,0.0,0.0,6
2023-05-10 21:10:58,l2401-P-7700,l2401-P-7700,358.5,0.0,0.0,0.0,1,109.0,0.0,0,358.5,0.0,0.0,0.0,0.0,0.0,6
2023-05-10 21:10:58,l2401-P-7700,l2401-P-7700,358.5,0.0,0.0,0.0,10,109.5,0.0,0,358.5,0.0,0.0,0.0,0.0,0.0,6
2023-05-10 21:10:59,l2401-P-7700,l2401-P-7700,358.5,0.0,0.0,0.0,1,110.0,0.0,0,358.5,0.0,0.0,0.0,0.0,0.0,6
2023-05-10 21:10:59,l2401-P-7700,l2401-P-7700,358.5,0.0,0.0,0.0,10,110.5,0.0,0,358.5,0.0,0.0,0.0,0.0,0.0,6
2023-05-10 21:11:00,l2401-P-7700,l2401-P-7700,358.5,0.0,0.0,0.0,1,111.0,0.0,0,358.5,0.0,0.0,0.0,0.0,0.0,6
2023-05-10 21:11:00,l2401-P-7700,l2401-P-7700,358.5,0.0,0.0,0.0,10,111.5,0.0,0,358.5,0.0,0.0,0.0,0.0,0.0,6
2023-05-10 21:11:02,l2401-P-7700,l2401-P-7700,358.5,0.0,0.0,0.0,1,112.0,0.0,0,358.5,0.0,0.0,0.0,0.0,0.0,6
2023-05-10 21:11:02,l2401-P-7700,l2401-P-7700,358.5,0.0,0.0,0.0,10,112.5,0.0,0,358.5,0.0,0.0,0.0,0.0,0.0,6
2023-05-10 21:11:03,l2401-P-7700,l2401-P-7700,358.5,0.0,0.0,0.0,1,113.0,0.0,0,358.5,0.0,0.0,0.0,0.0,0.0,6
2023-05-10 21:11:03,l2401-P-7700,l2401-P-7700,358.5,0.0,0.0,0.0,10,113.5,0.0,0,358.5,0.0,0.0,0.0,0.0,0.0,6
2023-05-10 21:11:04,l2401-P-7700,l2401-P-7700,358.5,0.0,0.0,0.0,1,114.0,0.0,0,358.5,0.0,0.0,0.0,0.0,0.0,6
2023-05-10 21:11:04,l2401-P-7700,l2401-P-7700,358.5,0.0,0.0,0.0,10,114.5,0.0,0,358.5,0.0,0.0,0.0,0.0,0.0,6
2023-05-10 21:11:06,l2401-P-7700,l2401-P-7700,358.5,0.0,0.0,0.0,1,115.0,0.0,0,358.5,0.0,0.0,0.0,0.0,0.0,6
2023-05-10 21:11:06,l2401-P-7700,l2401-P-7700,358.5,0.0,0.0,0.0,10,115.5,0.0,0,358.5,0.0,0.0,0.0,0.0,0.0,6
2023-05-10 21:11:07,l2401-P-7700,l2401-P-7700,358.5,0.0,0.0,0.0,1,116.0,0.0,0,358.5,0.0,0.0,0.0,0.0,0.0,6
2023-05-10 21:11:07,l2401-P-7700,l2401-P-7700,358.5,0.0,0.0,0.0,10,116.5,0.0,0,358.5,0.0,0.0,0.0,0.0,0.0,6
2023-05-10 21:11:08,l2401-P-7700,l2401-P-7700,358.5,0.0,0.0,0.0,1,117.0,0.0,0,358.5,0.0,0.0,0.0,0.0,0.0,6
2023-05-10 21:11:08,l2401-P-7700,l2401-P-7700,358.5,0.0,0.0,0.0,10,117.5,0.0,0,358.5,0.0,0.0,0.0,0.0,0.0,6
2023-05-10 21:11:09,l2401-P-7700,l2401-P-7700,358.5,0.0,0.0,0.0,1,118.0,0.0,0,358.5,0.0,0.0,0.0,0.0,0.0,6
2023-05-10 21:11:09,l2401-P-7700,l2401-P-7700,358.5,0.0,0.0,0.0,10,118.5,0.0,0,358.5,0.0,0.0,0.0,0.0,0.0,6
2023-05-10 21:11:11,l2401-P-7700,l2401-P-7700,358.5,0.0,0.0,0.0,1,119.0,0.0,0,358.5,0.0,0.0,0.0,0.0,0.0,6
2023-05-10 21:11:11,l2401-P-7700,l2401-P-7700,358.5,0.0,0.0,0.0,10,119.5,0.0,0,358.5,0.0,0.0,0.0,0.0,0.0,6
2023-05-10 21:11:12,l2401-P-7700,l2401-P-7700,358.5,0.0,0.0,0.0,1,120.0,0.0,0,358.5,0.0,0.0,0.0,0.0,0.0,6
2023-05-10 21:11:12,l2401-P-7700,l2401-P-7700,358.5,0.0,0.0,0.0,10,120.5,0.0,0,358.5,0.0,0.0,0.0,0.0,0.0,6
2023-05-10 21:11:14,l2401-P-7700,l2401-P-7700,358.5,0.0,0.0,0.0,1,121.0,0.0,0,358.5,0.0,0.0,0.0,0.0,0.0,6
2023-05-10 21:11:14,l2401-P-7700,l2401-P-7700,358.5,0.0,0.0,0.0,10,121.5,0.0,0,358.5,0.0,0.0,0.0,0.0,0.0,6
2023-05-10 21:11:15,l2401-P-7700,l2401-P-7700,358.5,0.0,0.0,0.0,1,122.0,0.0,0,358.5,0.0,0.0,0.0,0.0,0.0,6
2023-05-10 21:11:15,l2401-P-7700,l2401-P-7700,358.5,0.0,0.0,0.0,10,122.5,0.0,0,358.5,0.0,0.0,0.0,0.0,0.0,6
2023-05-10 21:11:16,l2401-P-7700,l2401-P-7700,358.5,0.0,0.0,0.0,1,123.0,0.0,0,358.5,0.0,0.0,0.0,0.0,0.0,6
2023-05-10 21:11:16,l2401-P-7700,l2401-P-7700,358.5,0.0,0.0,0.0,10,123.5,0.0,0,358.5,0.0,0.0,0.0,0.0,0.0,6
2023-05-10 21:11:17,l2401-P-7700,l2401-P-7700,358.5,0.0,0.0,0.0,1,124.0,0.0,0,358.5,0.0,0.0,0.0,0.0,0.0,6
2023-05-10 21:11:17,l2401-P-7700,l2401-P-7700,358.5,0.0,0.0,0.0,10,124.5,0.0,0,358.5,0.0,0.0,0.0,0.0,0.0,6
2023-05-10 21:11:18,l2401-P-7700,l2401-P-7700,358.5,0.0,0.0,0.0,1,125.0,0.0,0,358.5,0.0,0.0,0.0,0.0,0.0,6
2023-05-10 21:11:18,l2401-P-7700,l2401-P-7700,358.5,0.0,0.0,0.0,10,125.5,0.0,0,358.5,0.0,0.0,0.0,0.0,0.0,6
2023-05-10 21:11:19,l2401-P-7700,l2401-P-7700,358.5,0.0,0.0,0.0,1,126.0,0.0,0,358.5,0.0,0.0,0.0,0.0,0.0,6
2023-05-10 21:11:19,l2401-P-7700,l2401-P-7700,358.5,0.0,0.0,0.0,10,126.5,0.0,0,358.5,0.0,0.0,0.0,0.0,0.0,6
2023-05-10 21:11:21,l2401-P-7700,l2401-P-7700,358.5,0.0,0.0,0.0,1,127.0,0.0,0,358.5,0.0,0.0,0.0,0.0,0.0,6
2023-05-10 21:11:21,l2401-P-7700,l2401-P-7700,358.5,0.0,0.0,0.0,10,127.5,0.0,0,358.5,0.0,0.0,0.0,0.0,0.0,6
2023-05-10 21:11:22,l2401-P-7700,l2401-P-7700,358.5,0.0,0.0,0.0,1,128.0,0.0,0,358.5,0.0,0.0,0.0,0.0,0.0,6
2023-05-10 21:11:22,l2401-P-7700,l2401-P-7700,358.5,0.0,0.0,0.0,10,128.5,0.0,0,358.5,0.0,0.0,0.0,0.0,0.0,6
2023-05-10 21:11:23,l2401-P-7700,l2401-P-7700,358.5,0.0,0.0,0.0,1,129.0,0.0,0,358.5,0.0,0.0,0.0,0.0,0.0,6
2023-05-10 21:11:23,l2401-P-7700,l2401-P-7700,358.5,0.0,0.0,0.0,10,129.5,0.0,0,358.5,0.0,0.0,0.0,0.0,0.0,6
2023-05-10 21:11:24,l2401-P-7700,l2401-P-7700,358.5,0.0,0.0,0.0,1,130.0,0.0,0,358.5,0.0,0.0,0.0,0.0,0.0,6
2023-05-10 21:11:24,l2401-P-7700,l2401-P-7700,358.5,0.0,0.0,0.0,10,130.5,0.0,0,358.5,0.0,0.0,0.0,0.0,0.0,6
2023-05-10 21:11:25,l2401-P-7700,l2401-P-7700,358.5,0.0,0.0,0.0,1,131.0,0.0,0,358.5,0.0,0.0,0.0,0.0,0.0,6
2023-05-10 21:11:25,l2401-P-7700,l2401-P-7700,358.5,0.0,0.0,0.0,10,131.5,0.0,0,358.5,0.0,0.0,0.0,0.0,0.0,6
2023-05-10 21:11:26,l2401-P-7700,l2401-P-7700,358.5,0.0,0.0,0.0,1,132.0,0.0,0,358.5,0.0,0.0,0.0,0.0,0.0,6
2023-05-10 21:11:26,l2401-P-7700,l2401-P-7700,358.5,0.0,0.0,0.0,10,132.5,0.0,0,358.5,0.0,0.0,0.0,0.0,0.0,6
2023-05-10 21:11:27,l2401-P-7700,l2401-P-7700,358.5,0.0,0.0,0.0,1,133.0,0.0,0,358.5,0.0,0.0,0.0,0.0,0.0,6
2023-05-10 21:11:27,l2401-P-7700,l2401-P-7700,358.5,0.0,0.0,0.0,10,133.5,0.0,0,358.5,0.0,0.0,0.0,0.0,0.0,6
2023-05-10 21:11:28,l2401-P-7700,l2401-P-7700,358.5,0.0,0.0,0.0,1,134.0,0.0,0,358.5,0.0,0.0,0.0,0.0,0.0,6
2023-05-10 21:11:28,l2401-P-7700,l2401-P-7700,358.5,0.0,0.0,0.0,10,134.5,0.0,0,358.5,0.0,0.0,0.0,0.0,0.0,6
2023-05-10 21:11:29,l2401-P-7700,l2401-P-7700,358.5,0.0,0.0,0.0,1,135.0,0.0,0,358.5,0.0,0.0,0.0,0.0,0.0,6
2023-05-10 21:11:29,l2401-P-7700,l2401-P-7700,358.5,0.0,0.0,0.0,10,135.5,0.0,0,358.5,0.0,0.0,0.0,0.0,0.0,6
2023-05-10 21:11:30,l2401-P-7700,l2401-P-7700,358.5,0.0,0.0,0.0,1,136.0,0.0,0,358.5,0.0,0.0,0.0,0.0,0.0,6
2023-05-10 21:11:30,l2401-P-7700,l2401-P-7700,358.5,0.0,0.0,0.0,10,136.5,0.0,0,358.5,0.0,0.0,0.0,0.0,0.0,6
2023-05-10 21:11:31,l2401-P-7700,l2401-P-7700,358.5,0.0,0.0,0.0,1,137.0,0.0,0,358.5,0.0,0.0,0.0,0.0,0.0,6
2023-05-10 21:11:31,l2401-P-7700,l2401-P-7700,358.5,0.0,0.0,0.0,10,137.5,0.0,0,358.5,0.0,0.0,0.0,0.0,0.0,6
2023-05-10 21:11:32,l2401-P-7700,l2401-P-7700,358.5,0.0,0.0,0.0,1,138.0,0.0,0,358.5,0.0,0.0,0.0,0.0,0.0,6
2023-05-10 21:11:32,l2401-P-7700,l2401-P-7700,358.5,0.0,0.0,0.0,10,138.5,0.0,0,358.5,0.0,0.0,0.0,0.0,0.0,6
2023-05-10 21:11:33,l2401-P-7700,l2401-P-7700,358.5,0.0,0.0,0.0,1,139.0,0.0,0,358.5,0.0,0.0,0.0,0.0,0.0,6
2023-05-10 21:11:33,l2401-P-7700,l2401-P-7700,358.5,0.0,0.0,0.0,10,139.5,0.0,0,358.5,0.0,0.0,0.0,0.0,0.0,6
2023-05-10 21:31:40,l2401-P-7700,l2401-P-7700,358.5,0.0,0.0,0.0,1,140.0,0.0,0,358.5,0.0,0.0,0.0,0.0,0.0,6
2023-05-10 21:31:40,l2401-P-7700,l2401-P-7700,358.5,0.0,0.0,0.0,10,140.5,0.0,0,358.5,0.0,0.0,0.0,0.0,0.0,6
2023-05-10 22:01:40,l2401-P-7700,l2401-P-7700,358.5,0.0,0.0,0.0,1,141.0,0.0,0,358.5,0.0,0.0,0.0,0.0,0.0,6
2023-05-10 22:01:40,l2401-P-7700,l2401-P-7700,358.5,0.0,0.0,0.0,10,141.5,0.0,0,358.5,0.0,0.0,0.0,0.0,0.0,6
2023-05-10 22:18:54,l2401-P-7700,l2401-P-7700,358.5,0.0,0.0,0.0,1,149.5,0.0,0,358.5,0.0,0.0,0.0,0.0,0.0,6
2023-05-10 22:18:54,l2401-P-7700,l2401-P-7700,358.5,0.0,0.0,0.0,10,150.0,0.0,0,358.5,0.0,0.0,0.0,0.0,0.0,6
2023-05-10 22:19:01,l2401-P-7700,l2401-P-7700,358.5,0.0,0.0,0.0,1,158.0,0.0,0,358.5,0.0,0.0,0.0,0.0,0.0,6
2023-05-10 22:19:01,l2401-P-7700,l2401-P-7700,358.5,0.0,0.0,0.0,10,158.5,0.0,0,358.5,0.0,0.0,0.0,0.0,0.0,6
2023-05-10 22:19:04,l2401-P-7700,l2401-P-7700,358.5,0.0,0.0,0.0,1,166.5,0.0,0,358.5,0.0,0.0,0.0,0.0,0.0,6
2023-05-10 22:19:04,l2401-P-7700,l2401-P-7700,358.5,0.0,0.0,0.0,10,167.0,0.0,0,358.5,0.0,0.0,0.0,0.0,0.0,6
2023-05-10 22:19:05,l2401-P-7700,l2401-P-7700,358.5,0.0,0.0,0.0,1,175.0,0.0,0,358.5,0.0,0.0,0.0,0.0,0.0,6
2023-05-10 22:19:05,l2401-P-7700,l2401-P-7700,358.5,0.0,0.0,0.0,10,175.5,0.0,0,358.5,0.0,0.0,0.0,0.0,0.0,6
2023-05-10 22:19:06,l2401-P-7700,l2401-P-7700,358.5,0.0,0.0,0.0,1,183.5,0.0,0,358.5,0.0,0.0,0.0,0.0,0.0,6
2023-05-10 22:19:06,l2401-P-7700,l2401-P-7700,358.5,0.0,0.0,0.0,10,184.0,0.0,0,358.5,0.0,0.0,0.0,0.0,0.0,6
2023-05-10 22:19:08,l2401-P-7700,l2401-P-7700,358.5,0.0,0.0,0.0,1,192.0,0.0,0,358.5,0.0,0.0,0.0,0.0,0.0,6
2023-05-10 22:19:08,l2401-P-7700,l2401-P-7700,358.5,0.0,0.0,0.0,10,192.5,0.0,0,358.5,0.0,0.0,0.0,0.0,0.0,6
2023-05-10 22:19:09,l2401-P-7700,l2401-P-7700,358.5,0.0,0.0,0.0,1,200.5,0.0,0,358.5,0.0,0.0,0.0,0.0,0.0,6
2023-05-10 22:19:09,l2401-P-7700,l2401-P-7700,358.5,0.0,0.0,0.0,10,201.0,0.0,0,358.5,0.0,0.0,0.0,0.0,0.0,6
2023-05-10 22:19:10,l2401-P-7700,l2401-P-7700,358.5,0.0,0.0,0.0,1,209.0,0.0,0,358.5,0.0,0.0,0.0,0.0,0.0,6
2023-05-10 22:19:10,l2401-P-7700,l2401-P-7700,358.5,0.0,0.0,0.0,10,209.5,0.0,0,358.5,0.0,0.0,0.0,0.0,0.0,6
2023-05-10 22:19:11,l2401-P-7700,l2401-P-7700,358.5,0.0,0.0,0.0,1,217.5,0.0,0,358.5,0.0,0.0,0.0,0.0,0.0,6
2023-05-10 22:19:11,l2401-P-7700,l2401-P-7700,358.5,0.0,0.0,0.0,10,218.0,0.0,0,358.5,0.0,0.0,0.0,0.0,0.0,6
2023-05-10 22:19:12,l2401-P-7700,l2401-P-7700,358.5,0.0,0.0,0.0,1,226.0,0.0,0,358.5,0.0,0.0,0.0,0.0,0.0,6
2023-05-10 22:19:12,l2401-P-7700,l2401-P-7700,358.5,0.0,0.0,0.0,10,226.5,0.0,0,358.5,0.0,0.0,0.0,0.0,0.0,6
2023-05-10 22:19:13,l2401-P-7700,l2401-P-7700,358.5,0.0,0.0,0.0,1,227.0,0.0,0,358.5,0.0,0.0,0.0,0.0,0.0,6
2023-05-10 22:19:13,l2401-P-7700,l2401-P-7700,358.5,0.0,0.0,0.0,10,227.5,0.0,0,358.5,0.0,0.0,0.0,0.0,0.0,6
2023-05-10 22:19:15,l2401-P-7700,l2401-P-7700,358.5,0.0,0.0,0.0,1,228.0,0.0,0,358.5,0.0,0.0,0.0,0.0,0.0,6
2023-05-10 22:19:15,l2401-P-7700,l2401-P-7700,358.5,0.0,0.0,0.0,10,228.5,0.0,0,358.5,0.0,0.0,0.0,0.0,0.0,6
2023-05-10 22:57:32,l2401-P-7700,l2401-P-7700,358.5,0.0,0.0,0.0,1,141.0,0.0,0,358.5,0.0,0.0,0.0,0.0,0.0,6
2023-05-10 22:57:34,l2401-P-7700,l2401-P-7700,358.5,0.0,0.0,0.0,1,39.0,0.0,0,358.5,0.0,0.0,0.0,0.0,0.0,6
2023-05-10 22:59:03,l2401-P-7700,l2401-P-7700,358.5,0.0,0.0,0.0,1,3.5,0.0,0,358.5,0.0,0.0,0.0,0.0,0.0,6
2023-05-11 09:00:16,l2401-P-7700,l2401-P-7700,358.5,0.0,0.0,0.0,10,4.0,0.0,0,358.5,0.0,0.0,0.0,0.0,0.0,6
2023-05-11 09:00:47,l2401-P-7700,l2401-P-7700,358.5,0.0,0.0,0.0,1,4.5,0.0,0,358.5,0.0,0.0,0.0,0.0,0.0,6
2023-05-11 09:00:47,l2401-P-7700,l2401-P-7700,358.5,0.0,0.0,0.0,10,5.0,0.0,0,358.5,0.0,0.0,0.0,0.0,0.0,6
2023-05-11 09:00:54,l2401-P-7700,l2401-P-7700,358.5,0.0,0.0,0.0,1,55.5,0.0,0,358.5,0.0,0.0,0.0,0.0,0.0,6
2023-05-11 09:00:54,l2401-P-7700,l2401-P-7700,358.5,0.0,0.0,0.0,10,56.0,0.0,0,358.5,0.0,0.0,0.0,0.0,0.0,6
2023-05-11 09:02:03,l2401-P-7700,l2401-P-7700,358.5,0.0,0.0,0.0,1,56.5,0.0,0,358.5,0.0,0.0,0.0,0.0,0.0,6
2023-05-11 09:02:03,l2401-P-7700,l2401-P-7700,358.5,0.0,0.0,0.0,10,57.0,0.0,0,358.5,0.0,0.0,0.0,0.0,0.0,6
2023-05-11 09:04:57,l2401-P-7700,l2401-P-7700,358.5,0.0,0.0,0.0,1,57.5,0.0,0,358.5,0.0,0.0,0.0,0.0,0.0,6
2023-05-11 09:04:57,l2401-P-7700,l2401-P-7700,358.5,0.0,0.0,0.0,10,58.0,0.0,0,358.5,0.0,0.0,0.0,0.0,0.0,6
2023-05-11 09:05:01,l2401-P-7700,l2401-P-7700,358.5,0.0,0.0,0.0,1,58.5,0.0,0,358.5,0.0,0.0,0.0,0.0,0.0,6
2023-05-11 09:05:01,l2401-P-7700,l2401-P-7700,358.5,0.0,0.0,0.0,10,59.0,0.0,0,358.5,0.0,0.0,0.0,0.0,0.0,6
2023-05-11 09:05:03,l2401-P-7700,l2401-P-7700,358.5,0.0,0.0,0.0,1,59.5,0.0,0,358.5,0.0,0.0,0.0,0.0,0.0,6
2023-05-11 09:05:03,l2401-P-7700,l2401-P-7700,358.5,0.0,0.0,0.0,10,60.0,0.0,0,358.5,0.0,0.0,0.0,0.0,0.0,6
2023-05-11 09:05:05,l2401-P-7700,l2401-P-7700,358.5,0.0,0.0,0.0,1,60.5,0.0,0,358.5,0.0,0.0,0.0,0.0,0.0,6
2023-05-11 09:05:05,l2401-P-7700,l2401-P-7700,358.5,0.0,0.0,0.0,10,61.0,0.0,0,358.5,0.0,0.0,0.0,0.0,0.0,6
2023-05-11 09:05:07,l2401-P-7700,l2401-P-7700,358.5,0.0,0.0,0.0,1,61.5,0.0,0,358.5,0.0,0.0,0.0,0.0,0.0,6
2023-05-11 09:05:07,l2401-P-7700,l2401-P-7700,358.5,0.0,0.0,0.0,10,62.0,0.0,0,358.5,0.0,0.0,0.0,0.0,0.0,6
2023-05-11 09:05:09,l2401-P-7700,l2401-P-7700,358.5,0.0,0.0,0.0,1,62.5,0.0,0,358.5,0.0,0.0,0.0,0.0,0.0,6
2023-05-11 09:05:09,l2401-P-7700,l2401-P-7700,358.5,0.0,0.0,0.0,10,63.0,0.0,0,358.5,0.0,0.0,0.0,0.0,0.0,6
2023-05-11 09:05:12,l2401-P-7700,l2401-P-7700,358.5,0.0,0.0,0.0,1,63.5,0.0,0,358.5,0.0,0.0,0.0,0.0,0.0,6
2023-05-11 09:05:12,l2401-P-7700,l2401-P-7700,358.5,0.0,0.0,0.0,10,64.0,0.0,0,358.5,0.0,0.0,0.0,0.0,0.0,6
2023-05-11 09:05:15,l2401-P-7700,l2401-P-7700,358.5,0.0,0.0,0.0,1,64.5,0.0,0,358.5,0.0,0.0,0.0,0.0,0.0,6
2023-05-11 09:05:15,l2401-P-7700,l2401-P-7700,358.5,0.0,0.0,0.0,10,65.0,0.0,0,358.5,0.0,0.0,0.0,0.0,0.0,6
2023-05-11 09:05:21,l2401-P-7700,l2401-P-7700,358.5,0.0,0.0,0.0,1,65.5,0.0,0,358.5,0.0,0.0,0.0,0.0,0.0,6
2023-05-11 09:05:21,l2401-P-7700,l2401-P-7700,358.5,0.0,0.0,0.0,10,66.0,0.0,0,358.5,0.0,0.0,0.0,0.0,0.0,6
2023-05-11 09:05:24,l2401-P-7700,l2401-P-7700,358.5,0.0,0.0,0.0,1,66.5,0.0,0,358.5,0.0,0.0,0.0,0.0,0.0,6
2023-05-11 09:05:24,l2401-P-7700,l2401-P-7700,358.5,0.0,0.0,0.0,10,67.0,0.0,0,358.5,0.0,0.0,0.0,0.0,0.0,6
2023-05-11 09:05:26,l2401-P-7700,l2401-P-7700,358.5,0.0,0.0,0.0,1,67.5,0.0,0,358.5,0.0,0.0,0.0,0.0,0.0,6
2023-05-11 09:05:26,l2401-P-7700,l2401-P-7700,358.5,0.0,0.0,0.0,10,68.0,0.0,0,358.5,0.0,0.0,0.0,0.0,0.0,6
2023-05-11 09:05:29,l2401-P-7700,l2401-P-7700,358.5,0.0,0.0,0.0,1,68.5,0.0,0,358.5,0.0,0.0,0.0,0.0,0.0,6
2023-05-11 09:05:29,l2401-P-7700,l2401-P-7700,358.5,0.0,0.0,0.0,10,69.0,0.0,0,358.5,0.0,0.0,0.0,0.0,0.0,6
2023-05-11 09:05:31,l2401-P-7700,l2401-P-7700,358.5,0.0,0.0,0.0,1,69.5,0.0,0,358.5,0.0,0.0,0.0,0.0,0.0,6
2023-05-11 09:05:31,l2401-P-7700,l2401-P-7700,358.5,0.0,0.0,0.0,10,70.0,0.0,0,358.5,0.0,0.0,0.0,0.0,0.0,6
2023-05-11 09:05:33,l2401-P-7700,l2401-P-7700,358.5,0.0,0.0,0.0,1,70.5,0.0,0,358.5,0.0,0.0,0.0,0.0,0.0,6
2023-05-11 09:05:33,l2401-P-7700,l2401-P-7700,358.5,0.0,0.0,0.0,10,71.0,0.0,0,358.5,0.0,0.0,0.0,0.0,0.0,6
2023-05-11 09:05:35,l2401-P-7700,l2401-P-7700,358.5,0.0,0.0,0.0,1,71.5,0.0,0,358.5,0.0,0.0,0.0,0.0,0.0,6
2023-05-11 09:05:35,l2401-P-7700,l2401-P-7700,358.5,0.0,0.0,0.0,10,72.0,0.0,0,358.5,0.0,0.0,0.0,0.0,0.0,6
2023-05-11 09:05:37,l2401-P-7700,l2401-P-7700,358.5,0.0,0.0,0.0,1,72.5,0.0,0,358.5,0.0,0.0,0.0,0.0,0.0,6
2023-05-11 09:05:37,l2401-P-7700,l2401-P-7700,358.5,0.0,0.0,0.0,10,73.0,0.0,0,358.5,0.0,0.0,0.0,0.0,0.0,6
2023-05-11 09:05:39,l2401-P-7700,l2401-P-7700,358.5,0.0,0.0,0.0,1,73.5,0.0,0,358.5,0.0,0.0,0.0,0.0,0.0,6
2023-05-11 09:05:39,l2401-P-7700,l2401-P-7700,358.5,0.0,0.0,0.0,10,74.0,0.0,0,358.5,0.0,0.0,0.0,0.0,0.0,6
2023-05-11 09:05:40,l2401-P-7700,l2401-P-7700,358.5,0.0,0.0,0.0,1,74.5,0.0,0,358.5,0.0,0.0,0.0,0.0,0.0,6
2023-05-11 09:05:40,l2401-P-7700,l2401-P-7700,358.5,0.0,0.0,0.0,10,75.0,0.0,0,358.5,0.0,0.0,0.0,0.0,0.0,6
2023-05-11 09:05:42,l2401-P-7700,l2401-P-7700,358.5,0.0,0.0,0.0,1,75.5,0.0,0,358.5,0.0,0.0,0.0,0.0,0.0,6
2023-05-11 09:05:42,l2401-P-7700,l2401-P-7700,358.5,0.0,0.0,0.0,10,76.0,0.0,0,358.5,0.0,0.0,0.0,0.0,0.0,6
2023-05-11 09:05:44,l2401-P-7700,l2401-P-7700,358.5,0.0,0.0,0.0,1,76.5,0.0,0,358.5,0.0,0.0,0.0,0.0,0.0,6
2023-05-11 09:05:44,l2401-P-7700,l2401-P-7700,358.5,0.0,0.0,0.0,10,77.0,0.0,0,358.5,0.0,0.0,0.0,0.0,0.0,6
2023-05-11 09:05:46,l2401-P-7700,l2401-P-7700,358.5,0.0,0.0,0.0,1,77.5,0.0,0,358.5,0.0,0.0,0.0,0.0,0.0,6
2023-05-11 09:05:46,l2401-P-7700,l2401-P-7700,358.5,0.0,0.0,0.0,10,78.0,0.0,0,358.5,0.0,0.0,0.0,0.0,0.0,6
2023-05-11 09:05:48,l2401-P-7700,l2401-P-7700,358.5,0.0,0.0,0.0,1,78.5,0.0,0,358.5,0.0,0.0,0.0,0.0,0.0,6
2023-05-11 09:05:48,l2401-P-7700,l2401-P-7700,358.5,0.0,0.0,0.0,10,79.0,0.0,0,358.5,0.0,0.0,0.0,0.0,0.0,6
2023-05-11 09:05:50,l2401-P-7700,l2401-P-7700,358.5,0.0,0.0,0.0,1,79.5,0.0,0,358.5,0.0,0.0,0.0,0.0,0.0,6
2023-05-11 09:05:50,l2401-P-7700,l2401-P-7700,358.5,0.0,0.0,0.0,10,80.0,0.0,0,358.5,0.0,0.0,0.0,0.0,0.0,6
2023-05-11 09:05:53,l2401-P-7700,l2401-P-7700,358.5,0.0,0.0,0.0,1,80.5,0.0,0,358.5,0.0,0.0,0.0,0.0,0.0,6
2023-05-11 09:05:53,l2401-P-7700,l2401-P-7700,358.5,0.0,0.0,0.0,10,81.0,0.0,0,358.5,0.0,0.0,0.0,0.0,0.0,6
2023-05-11 09:05:56,l2401-P-7700,l2401-P-7700,358.5,0.0,0.0,0.0,1,81.5,0.0,0,358.5,0.0,0.0,0.0,0.0,0.0,6
2023-05-11 09:05:56,l2401-P-7700,l2401-P-7700,358.5,0.0,0.0,0.0,10,82.0,0.0,0,358.5,0.0,0.0,0.0,0.0,0.0,6
2023-05-11 09:05:58,l2401-P-7700,l2401-P-7700,358.5,0.0,0.0,0.0,1,82.5,0.0,0,358.5,0.0,0.0,0.0,0.0,0.0,6
2023-05-11 09:05:58,l2401-P-7700,l2401-P-7700,358.5,0.0,0.0,0.0,10,83.0,0.0,0,358.5,0.0,0.0,0.0,0.0,0.0,6
2023-05-11 09:06:00,l2401-P-7700,l2401-P-7700,358.5,0.0,0.0,0.0,1,83.5,0.0,0,358.5,0.0,0.0,0.0,0.0,0.0,6
2023-05-11 09:06:00,l2401-P-7700,l2401-P-7700,358.5,0.0,0.0,0.0,10,84.0,0.0,0,358.5,0.0,0.0,0.0,0.0,0.0,6
2023-05-11 09:06:01,l2401-P-7700,l2401-P-7700,358.5,0.0,0.0,0.0,1,84.5,0.0,0,358.5,0.0,0.0,0.0,0.0,0.0,6
2023-05-11 09:06:01,l2401-P-7700,l2401-P-7700,358.5,0.0,0.0,0.0,10,85.0,0.0,0,358.5,0.0,0.0,0.0,0.0,0.0,6
2023-05-11 09:06:03,l2401-P-7700,l2401-P-7700,358.5,0.0,0.0,0.0,1,85.5,0.0,0,358.5,0.0,0.0,0.0,0.0,0.0,6
2023-05-11 09:06:03,l2401-P-7700,l2401-P-7700,358.5,0.0,0.0,0.0,10,86.0,0.0,0,358.5,0.0,0.0,0.0,0.0,0.0,6
2023-05-11 09:06:04,l2401-P-7700,l2401-P-7700,358.5,0.0,0.0,0.0,1,86.5,0.0,0,358.5,0.0,0.0,0.0,0.0,0.0,6
2023-05-11 09:06:04,l2401-P-7700,l2401-P-7700,358.5,0.0,0.0,0.0,10,87.0,0.0,0,358.5,0.0,0.0,0.0,0.0,0.0,6
2023-05-11 09:06:06,l2401-P-7700,l2401-P-7700,358.5,0.0,0.0,0.0,1,87.5,0.0,0,358.5,0.0,0.0,0.0,0.0,0.0,6
2023-05-11 09:06:06,l2401-P-7700,l2401-P-7700,358.5,0.0,0.0,0.0,10,88.0,0.0,0,358.5,0.0,0.0,0.0,0.0,0.0,6
2023-05-11 09:06:07,l2401-P-7700,l2401-P-7700,358.5,0.0,0.0,0.0,1,88.5,0.0,0,358.5,0.0,0.0,0.0,0.0,0.0,6
2023-05-11 09:06:07,l2401-P-7700,l2401-P-7700,358.5,0.0,0.0,0.0,10,89.0,0.0,0,358.5,0.0,0.0,0.0,0.0,0.0,6
2023-05-11 09:06:11,l2401-P-7700,l2401-P-7700,358.5,0.0,0.0,0.0,1,89.5,0.0,0,358.5,0.0,0.0,0.0,0.0,0.0,6
2023-05-11 09:06:11,l2401-P-7700,l2401-P-7700,358.5,0.0,0.0,0.0,10,90.0,0.0,0,358.5,0.0,0.0,0.0,0.0,0.0,6
2023-05-11 09:06:12,l2401-P-7700,l2401-P-7700,358.5,0.0,0.0,0.0,1,90.5,0.0,0,358.5,0.0,0.0,0.0,0.0,0.0,6
2023-05-11 09:06:12,l2401-P-7700,l2401-P-7700,358.5,0.0,0.0,0.0,10,91.0,0.0,0,358.5,0.0,0.0,0.0,0.0,0.0,6
2023-05-11 09:06:14,l2401-P-7700,l2401-P-7700,358.5,0.0,0.0,0.0,1,91.5,0.0,0,358.5,0.0,0.0,0.0,0.0,0.0,6
2023-05-11 09:06:14,l2401-P-7700,l2401-P-7700,358.5,0.0,0.0,0.0,10,92.0,0.0,0,358.5,0.0,0.0,0.0,0.0,0.0,6
2023-05-11 09:06:15,l2401-P-7700,l2401-P-7700,358.5,0.0,0.0,0.0,1,92.5,0.0,0,358.5,0.0,0.0,0.0,0.0,0.0,6
2023-05-11 09:06:15,l2401-P-7700,l2401-P-7700,358.5,0.0,0.0,0.0,10,93.0,0.0,0,358.5,0.0,0.0,0.0,0.0,0.0,6
2023-05-11 09:06:16,l2401-P-7700,l2401-P-7700,358.5,0.0,0.0,0.0,1,93.5,0.0,0,358.5,0.0,0.0,0.0,0.0,0.0,6
2023-05-11 09:06:16,l2401-P-7700,l2401-P-7700,358.5,0.0,0.0,0.0,10,94.0,0.0,0,358.5,0.0,0.0,0.0,0.0,0.0,6
2023-05-11 09:06:18,l2401-P-7700,l2401-P-7700,358.5,0.0,0.0,0.0,1,94.5,0.0,0,358.5,0.0,0.0,0.0,0.0,0.0,6
2023-05-11 09:06:18,l2401-P-7700,l2401-P-7700,358.5,0.0,0.0,0.0,10,95.0,0.0,0,358.5,0.0,0.0,0.0,0.0,0.0,6
2023-05-11 09:06:19,l2401-P-7700,l2401-P-7700,358.5,0.0,0.0,0.0,1,95.5,0.0,0,358.5,0.0,0.0,0.0,0.0,0.0,6
2023-05-11 09:06:19,l2401-P-7700,l2401-P-7700,358.5,0.0,0.0,0.0,10,96.0,0.0,0,358.5,0.0,0.0,0.0,0.0,0.0,6
2023-05-11 09:06:21,l2401-P-7700,l2401-P-7700,358.5,0.0,0.0,0.0,1,96.5,0.0,0,358.5,0.0,0.0,0.0,0.0,0.0,6
2023-05-11 09:06:21,l2401-P-7700,l2401-P-7700,358.5,0.0,0.0,0.0,10,97.0,0.0,0,358.5,0.0,0.0,0.0,0.0,0.0,6
2023-05-11 09:06:22,l2401-P-7700,l2401-P-7700,358.5,0.0,0.0,0.0,1,97.5,0.0,0,358.5,0.0,0.0,0.0,0.0,0.0,6
2023-05-11 09:06:22,l2401-P-7700,l2401-P-7700,358.5,0.0,0.0,0.0,10,98.0,0.0,0,358.5,0.0,0.0,0.0,0.0,0.0,6
2023-05-11 09:06:23,l2401-P-7700,l2401-P-7700,358.5,0.0,0.0,0.0,1,98.5,0.0,0,358.5,0.0,0.0,0.0,0.0,0.0,6
2023-05-11 09:06:23,l2401-P-7700,l2401-P-7700,358.5,0.0,0.0,0.0,10,99.0,0.0,0,358.5,0.0,0.0,0.0,0.0,0.0,6
2023-05-11 09:06:25,l2401-P-7700,l2401-P-7700,358.5,0.0,0.0,0.0,1,99.5,0.0,0,358.5,0.0,0.0,0.0,0.0,0.0,6
2023-05-11 09:06:25,l2401-P-7700,l2401-P-7700,358.5,0.0,0.0,0.0,10,100.0,0.0,0,358.5,0.0,0.0,0.0,0.0,0.0,6
2023-05-11 09:06:26,l2401-P-7700,l2401-P-7700,358.5,0.0,0.0,0.0,1,100.5,0.0,0,358.5,0.0,0.0,0.0,0.0,0.0,6
2023-05-11 09:06:26,l2401-P-7700,l2401-P-7700,358.5,0.0,0.0,0.0,10,101.0,0.0,0,358.5,0.0,0.0,0.0,0.0,0.0,6
2023-05-11 09:06:27,l2401-P-7700,l2401-P-7700,358.5,0.0,0.0,0.0,1,101.5,0.0,0,358.5,0.0,0.0,0.0,0.0,0.0,6
2023-05-11 09:06:27,l2401-P-7700,l2401-P-7700,358.5,0.0,0.0,0.0,10,102.0,0.0,0,358.5,0.0,0.0,0.0,0.0,0.0,6
2023-05-11 09:06:29,l2401-P-7700,l2401-P-7700,358.5,0.0,0.0,0.0,1,102.5,0.0,0,358.5,0.0,0.0,0.0,0.0,0.0,6
2023-05-11 09:06:29,l2401-P-7700,l2401-P-7700,358.5,0.0,0.0,0.0,10,103.0,0.0,0,358.5,0.0,0.0,0.0,0.0,0.0,6
2023-05-11 09:06:30,l2401-P-7700,l2401-P-7700,358.5,0.0,0.0,0.0,1,103.5,0.0,0,358.5,0.0,0.0,0.0,0.0,0.0,6
2023-05-11 09:06:30,l2401-P-7700,l2401-P-7700,358.5,0.0,0.0,0.0,10,104.0,0.0,0,358.5,0.0,0.0,0.0,0.0,0.0,6
2023-05-11 09:06:32,l2401-P-7700,l2401-P-7700,358.5,0.0,0.0,0.0,1,104.5,0.0,0,358.5,0.0,0.0,0.0,0.0,0.0,6
2023-05-11 09:06:32,l2401-P-7700,l2401-P-7700,358.5,0.0,0.0,0.0,10,105.0,0.0,0,358.5,0.0,0.0,0.0,0.0,0.0,6
2023-05-11 09:06:33,l2401-P-7700,l2401-P-7700,358.5,0.0,0.0,0.0,1,105.5,0.0,0,358.5,0.0,0.0,0.0,0.0,0.0,6
2023-05-11 09:06:33,l2401-P-7700,l2401-P-7700,358.5,0.0,0.0,0.0,10,106.0,0.0,0,358.5,0.0,0.0,0.0,0.0,0.0,6
2023-05-11 09:06:35,l2401-P-7700,l2401-P-7700,358.5,0.0,0.0,0.0,1,106.5,0.0,0,358.5,0.0,0.0,0.0,0.0,0.0,6
2023-05-11 09:06:35,l2401-P-7700,l2401-P-7700,358.5,0.0,0.0,0.0,10,107.0,0.0,0,358.5,0.0,0.0,0.0,0.0,0.0,6
2023-05-11 09:06:36,l2401-P-7700,l2401-P-7700,358.5,0.0,0.0,0.0,1,107.5,0.0,0,358.5,0.0,0.0,0.0,0.0,0.0,6
2023-05-11 09:06:36,l2401-P-7700,l2401-P-7700,358.5,0.0,0.0,0.0,10,108.0,0.0,0,358.5,0.0,0.0,0.0,0.0,0.0,6
2023-05-11 09:06:38,l2401-P-7700,l2401-P-7700,358.5,0.0,0.0,0.0,1,108.5,0.0,0,358.5,0.0,0.0,0.0,0.0,0.0,6
2023-05-11 09:06:38,l2401-P-7700,l2401-P-7700,358.5,0.0,0.0,0.0,10,109.0,0.0,0,358.5,0.0,0.0,0.0,0.0,0.0,6
2023-05-11 09:06:39,l2401-P-7700,l2401-P-7700,358.5,0.0,0.0,0.0,1,109.5,0.0,0,358.5,0.0,0.0,0.0,0.0,0.0,6
2023-05-11 09:06:39,l2401-P-7700,l2401-P-7700,358.5,0.0,0.0,0.0,10,110.0,0.0,0,358.5,0.0,0.0,0.0,0.0,0.0,6
2023-05-11 09:06:41,l2401-P-7700,l2401-P-7700,358.5,0.0,0.0,0.0,1,110.5,0.0,0,358.5,0.0,0.0,0.0,0.0,0.0,6
2023-05-11 09:06:41,l2401-P-7700,l2401-P-7700,358.5,0.0,0.0,0.0,10,111.0,0.0,0,358.5,0.0,0.0,0.0,0.0,0.0,6
2023-05-11 09:06:42,l2401-P-7700,l2401-P-7700,358.5,0.0,0.0,0.0,1,111.5,0.0,0,358.5,0.0,0.0,0.0,0.0,0.0,6
2023-05-11 09:06:42,l2401-P-7700,l2401-P-7700,358.5,0.0,0.0,0.0,10,112.0,0.0,0,358.5,0.0,0.0,0.0,0.0,0.0,6
2023-05-11 09:06:44,l2401-P-7700,l2401-P-7700,358.5,0.0,0.0,0.0,1,112.5,0.0,0,358.5,0.0,0.0,0.0,0.0,0.0,6
2023-05-11 09:06:44,l2401-P-7700,l2401-P-7700,358.5,0.0,0.0,0.0,10,113.0,0.0,0,358.5,0.0,0.0,0.0,0.0,0.0,6
2023-05-11 09:06:45,l2401-P-7700,l2401-P-7700,358.5,0.0,0.0,0.0,1,113.5,0.0,0,358.5,0.0,0.0,0.0,0.0,0.0,6
2023-05-11 09:06:45,l2401-P-7700,l2401-P-7700,358.5,0.0,0.0,0.0,10,114.0,0.0,0,358.5,0.0,0.0,0.0,0.0,0.0,6
2023-05-11 09:06:46,l2401-P-7700,l2401-P-7700,358.5,0.0,0.0,0.0,1,114.5,0.0,0,358.5,0.0,0.0,0.0,0.0,0.0,6
2023-05-11 09:06:46,l2401-P-7700,l2401-P-7700,358.5,0.0,0.0,0.0,10,115.0,0.0,0,358.5,0.0,0.0,0.0,0.0,0.0,6
2023-05-11 09:06:48,l2401-P-7700,l2401-P-7700,358.5,0.0,0.0,0.0,1,115.5,0.0,0,358.5,0.0,0.0,0.0,0.0,0.0,6
2023-05-11 09:06:48,l2401-P-7700,l2401-P-7700,358.5,0.0,0.0,0.0,10,116.0,0.0,0,358.5,0.0,0.0,0.0,0.0,0.0,6
2023-05-11 09:06:49,l2401-P-7700,l2401-P-7700,358.5,0.0,0.0,0.0,1,116.5,0.0,0,358.5,0.0,0.0,0.0,0.0,0.0,6
2023-05-11 09:06:49,l2401-P-7700,l2401-P-7700,358.5,0.0,0.0,0.0,10,117.0,0.0,0,358.5,0.0,0.0,0.0,0.0,0.0,6
2023-05-11 09:06:50,l2401-P-7700,l2401-P-7700,358.5,0.0,0.0,0.0,1,117.5,0.0,0,358.5,0.0,0.0,0.0,0.0,0.0,6
2023-05-11 09:06:50,l2401-P-7700,l2401-P-7700,358.5,0.0,0.0,0.0,10,118.0,0.0,0,358.5,0.0,0.0,0.0,0.0,0.0,6
2023-05-11 09:06:51,l2401-P-7700,l2401-P-7700,358.5,0.0,0.0,0.0,1,118.5,0.0,0,358.5,0.0,0.0,0.0,0.0,0.0,6
2023-05-11 09:06:51,l2401-P-7700,l2401-P-7700,358.5,0.0,0.0,0.0,10,119.0,0.0,0,358.5,0.0,0.0,0.0,0.0,0.0,6
2023-05-11 09:06:53,l2401-P-7700,l2401-P-7700,358.5,0.0,0.0,0.0,1,119.5,0.0,0,358.5,0.0,0.0,0.0,0.0,0.0,6
2023-05-11 09:06:53,l2401-P-7700,l2401-P-7700,358.5,0.0,0.0,0.0,10,120.0,0.0,0,358.5,0.0,0.0,0.0,0.0,0.0,6
2023-05-11 09:06:54,l2401-P-7700,l2401-P-7700,358.5,0.0,0.0,0.0,1,120.5,0.0,0,358.5,0.0,0.0,0.0,0.0,0.0,6
2023-05-11 09:06:54,l2401-P-7700,l2401-P-7700,358.5,0.0,0.0,0.0,10,121.0,0.0,0,358.5,0.0,0.0,0.0,0.0,0.0,6
2023-05-11 09:06:56,l2401-P-7700,l2401-P-7700,358.5,0.0,0.0,0.0,1,121.5,0.0,0,358.5,0.0,0.0,0.0,0.0,0.0,6
2023-05-11 09:06:56,l2401-P-7700,l2401-P-7700,358.5,0.0,0.0,0.0,10,122.0,0.0,0,358.5,0.0,0.0,0.0,0.0,0.0,6
2023-05-11 09:06:57,l2401-P-7700,l2401-P-7700,358.5,0.0,0.0,0.0,1,122.5,0.0,0,358.5,0.0,0.0,0.0,0.0,0.0,6
2023-05-11 09:06:57,l2401-P-7700,l2401-P-7700,358.5,0.0,0.0,0.0,10,123.0,0.0,0,358.5,0.0,0.0,0.0,0.0,0.0,6
2023-05-11 09:06:58,l2401-P-7700,l2401-P-7700,358.5,0.0,0.0,0.0,1,123.5,0.0,0,358.5,0.0,0.0,0.0,0.0,0.0,6
2023-05-11 09:06:58,l2401-P-7700,l2401-P-7700,358.5,0.0,0.0,0.0,10,124.0,0.0,0,358.5,0.0,0.0,0.0,0.0,0.0,6
2023-05-11 09:06:59,l2401-P-7700,l2401-P-7700,358.5,0.0,0.0,0.0,1,124.5,0.0,0,358.5,0.0,0.0,0.0,0.0,0.0,6
2023-05-11 09:06:59,l2401-P-7700,l2401-P-7700,358.5,0.0,0.0,0.0,10,125.0,0.0,0,358.5,0.0,0.0,0.0,0.0,0.0,6
2023-05-11 09:07:00,l2401-P-7700,l2401-P-7700,358.5,0.0,0.0,0.0,1,125.5,0.0,0,358.5,0.0,0.0,0.0,0.0,0.0,6
2023-05-11 09:07:00,l2401-P-7700,l2401-P-7700,358.5,0.0,0.0,0.0,10,126.0,0.0,0,358.5,0.0,0.0,0.0,0.0,0.0,6
2023-05-11 09:07:01,l2401-P-7700,l2401-P-7700,358.5,0.0,0.0,0.0,1,126.5,0.0,0,358.5,0.0,0.0,0.0,0.0,0.0,6
2023-05-11 09:07:01,l2401-P-7700,l2401-P-7700,358.5,0.0,0.0,0.0,10,127.0,0.0,0,358.5,0.0,0.0,0.0,0.0,0.0,6
2023-05-11 09:07:02,l2401-P-7700,l2401-P-7700,358.5,0.0,0.0,0.0,1,127.5,0.0,0,358.5,0.0,0.0,0.0,0.0,0.0,6
2023-05-11 09:07:02,l2401-P-7700,l2401-P-7700,358.5,0.0,0.0,0.0,10,128.0,0.0,0,358.5,0.0,0.0,0.0,0.0,0.0,6
2023-05-11 09:07:03,l2401-P-7700,l2401-P-7700,358.5,0.0,0.0,0.0,1,128.5,0.0,0,358.5,0.0,0.0,0.0,0.0,0.0,6
2023-05-11 09:07:03,l2401-P-7700,l2401-P-7700,358.5,0.0,0.0,0.0,10,129.0,0.0,0,358.5,0.0,0.0,0.0,0.0,0.0,6
2023-05-11 09:07:04,l2401-P-7700,l2401-P-7700,358.5,0.0,0.0,0.0,1,129.5,0.0,0,358.5,0.0,0.0,0.0,0.0,0.0,6
2023-05-11 09:07:04,l2401-P-7700,l2401-P-7700,358.5,0.0,0.0,0.0,10,130.0,0.0,0,358.5,0.0,0.0,0.0,0.0,0.0,6
2023-05-11 09:07:05,l2401-P-7700,l2401-P-7700,358.5,0.0,0.0,0.0,1,130.5,0.0,0,358.5,0.0,0.0,0.0,0.0,0.0,6
2023-05-11 09:07:05,l2401-P-7700,l2401-P-7700,358.5,0.0,0.0,0.0,10,131.0,0.0,0,358.5,0.0,0.0,0.0,0.0,0.0,6
2023-05-11 09:07:06,l2401-P-7700,l2401-P-7700,358.5,0.0,0.0,0.0,1,131.5,0.0,0,358.5,0.0,0.0,0.0,0.0,0.0,6
2023-05-11 09:07:06,l2401-P-7700,l2401-P-7700,358.5,0.0,0.0,0.0,10,132.0,0.0,0,358.5,0.0,0.0,0.0,0.0,0.0,6
2023-05-11 09:07:08,l2401-P-7700,l2401-P-7700,358.5,0.0,0.0,0.0,1,132.5,0.0,0,358.5,0.0,0.0,0.0,0.0,0.0,6
2023-05-11 09:07:08,l2401-P-7700,l2401-P-7700,358.5,0.0,0.0,0.0,10,133.0,0.0,0,358.5,0.0,0.0,0.0,0.0,0.0,6
2023-05-11 09:07:09,l2401-P-7700,l2401-P-7700,358.5,0.0,0.0,0.0,1,133.5,0.0,0,358.5,0.0,0.0,0.0,0.0,0.0,6
2023-05-11 09:07:09,l2401-P-7700,l2401-P-7700,358.5,0.0,0.0,0.0,10,134.0,0.0,0,358.5,0.0,0.0,0.0,0.0,0.0,6
2023-05-11 09:07:10,l2401-P-7700,l2401-P-7700,358.5,0.0,0.0,0.0,1,134.5,0.0,0,358.5,0.0,0.0,0.0,0.0,0.0,6
2023-05-11 09:07:11,l2401-P-7700,l2401-P-7700,358.5,0.0,0.0,0.0,10,135.0,0.0,0,358.5,0.0,0.0,0.0,0.0,0.0,6
2023-05-11 09:07:12,l2401-P-7700,l2401-P-7700,358.5,0.0,0.0,0.0,1,135.5,0.0,0,358.5,0.0,0.0,0.0,0.0,0.0,6
2023-05-11 09:07:12,l2401-P-7700,l2401-P-7700,358.5,0.0,0.0,0.0,10,136.0,0.0,0,358.5,0.0,0.0,0.0,0.0,0.0,6
2023-05-11 09:07:13,l2401-P-7700,l2401-P-7700,358.5,0.0,0.0,0.0,1,136.5,0.0,0,358.5,0.0,0.0,0.0,0.0,0.0,6
2023-05-11 09:07:13,l2401-P-7700,l2401-P-7700,358.5,0.0,0.0,0.0,10,137.0,0.0,0,358.5,0.0,0.0,0.0,0.0,0.0,6
2023-05-11 09:07:14,l2401-P-7700,l2401-P-7700,358.5,0.0,0.0,0.0,1,137.5,0.0,0,358.5,0.0,0.0,0.0,0.0,0.0,6
2023-05-11 09:07:14,l2401-P-7700,l2401-P-7700,358.5,0.0,0.0,0.0,10,138.0,0.0,0,358.5,0.0,0.0,0.0,0.0,0.0,6
2023-05-11 09:07:15,l2401-P-7700,l2401-P-7700,358.5,0.0,0.0,0.0,1,138.5,0.0,0,358.5,0.0,0.0,0.0,0.0,0.0,6
2023-05-11 09:07:15,l2401-P-7700,l2401-P-7700,358.5,0.0,0.0,0.0,10,139.0,0.0,0,358.5,0.0,0.0,0.0,0.0,0.0,6
2023-05-11 09:07:16,l2401-P-7700,l2401-P-7700,358.5,0.0,0.0,0.0,1,139.5,0.0,0,358.5,0.0,0.0,0.0,0.0,0.0,6
2023-05-11 09:07:16,l2401-P-7700,l2401-P-7700,358.5,0.0,0.0,0.0,10,140.0,0.0,0,358.5,0.0,0.0,0.0,0.0,0.0,6
2023-05-11 09:07:17,l2401-P-7700,l2401-P-7700,358.5,0.0,0.0,0.0,1,140.5,0.0,0,358.5,0.0,0.0,0.0,0.0,0.0,6
2023-05-11 09:07:17,l2401-P-7700,l2401-P-7700,358.5,0.0,0.0,0.0,10,141.0,0.0,0,358.5,0.0,0.0,0.0,0.0,0.0,6
2023-05-11 09:07:19,l2401-P-7700,l2401-P-7700,358.5,0.0,0.0,0.0,1,141.5,0.0,0,358.5,0.0,0.0,0.0,0.0,0.0,6
2023-05-11 09:07:19,l2401-P-7700,l2401-P-7700,358.5,0.0,0.0,0.0,10,142.0,0.0,0,358.5,0.0,0.0,0.0,0.0,0.0,6
2023-05-11 09:07:20,l2401-P-7700,l2401-P-7700,358.5,0.0,0.0,0.0,1,142.5,0.0,0,358.5,0.0,0.0,0.0,0.0,0.0,6
2023-05-11 09:07:20,l2401-P-7700,l2401-P-7700,358.5,0.0,0.0,0.0,10,143.0,0.0,0,358.5,0.0,0.0,0.0,0.0,0.0,6
2023-05-11 09:07:21,l2401-P-7700,l2401-P-7700,358.5,0.0,0.0,0.0,1,143.5,0.0,0,358.5,0.0,0.0,0.0,0.0,0.0,6
2023-05-11 09:07:21,l2401-P-7700,l2401-P-7700,358.5,0.0,0.0,0.0,10,144.0,0.0,0,358.5,0.0,0.0,0.0,0.0,0.0,6
2023-05-11 09:07:22,l2401-P-7700,l2401-P-7700,358.5,0.0,0.0,0.0,1,144.5,0.0,0,358.5,0.0,0.0,0.0,0.0,0.0,6
2023-05-11 09:07:22,l2401-P-7700,l2401-P-7700,358.5,0.0,0.0,0.0,10,145.0,0.0,0,358.5,0.0,0.0,0.0,0.0,0.0,6
2023-05-11 09:07:23,l2401-P-7700,l2401-P-7700,358.5,0.0,0.0,0.0,1,145.5,0.0,0,358.5,0.0,0.0,0.0,0.0,0.0,6
2023-05-11 09:07:24,l2401-P-7700,l2401-P-7700,358.5,0.0,0.0,0.0,10,146.0,0.0,0,358.5,0.0,0.0,0.0,0.0,0.0,6
2023-05-11 09:07:25,l2401-P-7700,l2401-P-7700,358.5,0.0,0.0,0.0,1,146.5,0.0,0,358.5,0.0,0.0,0.0,0.0,0.0,6
2023-05-11 09:07:25,l2401-P-7700,l2401-P-7700,358.5,0.0,0.0,0.0,10,147.0,0.0,0,358.5,0.0,0.0,0.0,0.0,0.0,6
2023-05-11 09:38:49,l2401-P-7700,l2401-P-7700,358.5,0.0,0.0,0.0,1,147.5,0.0,0,358.5,0.0,0.0,0.0,0.0,0.0,6
2023-05-11 09:38:49,l2401-P-7700,l2401-P-7700,358.5,0.0,0.0,0.0,10,148.0,0.0,0,358.5,0.0,0.0,0.0,0.0,0.0,6
2023-05-11 10:13:18,l2401-P-7700,l2401-P-7700,358.5,0.0,0.0,0.0,1,148.5,0.0,0,358.5,0.0,0.0,0.0,0.0,0.0,6
2023-05-11 10:13:18,l2401-P-7700,l2401-P-7700,358.5,0.0,0.0,0.0,10,149.0,0.0,0,358.5,0.0,0.0,0.0,0.0,0.0,6
2023-05-11 10:14:32,l2401-P-7700,l2401-P-7700,358.5,0.0,0.0,0.0,1,148.5,0.0,0,358.5,0.0,0.0,0.0,0.0,0.0,6
2023-05-11 10:30:07,l2401-P-7700,l2401-P-7700,358.5,0.0,0.0,0.0,10,149.0,0.0,0,358.5,0.0,0.0,0.0,0.0,0.0,6
2023-05-11 10:54:01,l2401-P-7700,l2401-P-7700,358.5,0.0,0.0,0.0,1,149.5,0.0,0,358.5,0.0,0.0,0.0,0.0,0.0,6
2023-05-11 10:54:01,l2401-P-7700,l2401-P-7700,358.5,0.0,0.0,0.0,10,150.0,0.0,0,358.5,0.0,0.0,0.0,0.0,0.0,6
2023-05-11 11:24:09,l2401-P-7700,l2401-P-7700,358.5,0.0,0.0,0.0,1,150.5,0.0,0,358.5,0.0,0.0,0.0,0.0,0.0,6
2023-05-11 11:24:09,l2401-P-7700,l2401-P-7700,358.5,0.0,0.0,0.0,10,151.0,0.0,0,358.5,0.0,0.0,0.0,0.0,0.0,6
2023-05-11 11:29:32,l2401-P-7700,l2401-P-7700,358.5,0.0,0.0,0.0,1,55.5,0.0,0,358.5,0.0,0.0,0.0,0.0,0.0,6
2023-05-11 13:30:14,l2401-P-7700,l2401-P-7700,358.5,0.0,0.0,0.0,10,56.0,0.0,0,358.5,0.0,0.0,0.0,0.0,0.0,6
2023-05-11 13:31:07,l2401-P-7700,l2401-P-7700,358.5,0.0,0.0,0.0,1,56.5,0.0,0,358.5,0.0,0.0,0.0,0.0,0.0,6
2023-05-11 13:31:07,l2401-P-7700,l2401-P-7700,358.5,0.0,0.0,0.0,10,57.0,0.0,0,358.5,0.0,0.0,0.0,0.0,0.0,6
2023-05-11 13:32:16,l2401-P-7700,l2401-P-7700,358.5,0.0,0.0,0.0,1,57.5,0.0,0,358.5,0.0,0.0,0.0,0.0,0.0,6
2023-05-11 13:32:16,l2401-P-7700,l2401-P-7700,358.5,0.0,0.0,0.0,10,58.0,0.0,0,358.5,0.0,0.0,0.0,0.0,0.0,6
2023-05-11 13:39:56,l2401-P-7700,l2401-P-7700,358.5,0.0,0.0,0.0,1,58.5,0.0,0,358.5,0.0,0.0,0.0,0.0,0.0,6
2023-05-11 13:39:56,l2401-P-7700,l2401-P-7700,358.5,0.0,0.0,0.0,10,59.0,0.0,0,358.5,0.0,0.0,0.0,0.0,0.0,6
2023-05-11 13:39:59,l2401-P-7700,l2401-P-7700,358.5,0.0,0.0,0.0,1,59.5,0.0,0,358.5,0.0,0.0,0.0,0.0,0.0,6
2023-05-11 13:39:59,l2401-P-7700,l2401-P-7700,358.5,0.0,0.0,0.0,10,60.0,0.0,0,358.5,0.0,0.0,0.0,0.0,0.0,6
2023-05-11 13:40:01,l2401-P-7700,l2401-P-7700,358.5,0.0,0.0,0.0,1,60.5,0.0,0,358.5,0.0,0.0,0.0,0.0,0.0,6
2023-05-11 13:40:01,l2401-P-7700,l2401-P-7700,358.5,0.0,0.0,0.0,10,61.0,0.0,0,358.5,0.0,0.0,0.0,0.0,0.0,6
2023-05-11 13:40:06,l2401-P-7700,l2401-P-7700,358.5,0.0,0.0,0.0,1,61.5,0.0,0,358.5,0.0,0.0,0.0,0.0,0.0,6
2023-05-11 13:40:06,l2401-P-7700,l2401-P-7700,358.5,0.0,0.0,0.0,10,62.0,0.0,0,358.5,0.0,0.0,0.0,0.0,0.0,6
2023-05-11 13:40:09,l2401-P-7700,l2401-P-7700,358.5,0.0,0.0,0.0,1,62.5,0.0,0,358.5,0.0,0.0,0.0,0.0,0.0,6
2023-05-11 13:40:09,l2401-P-7700,l2401-P-7700,358.5,0.0,0.0,0.0,10,63.0,0.0,0,358.5,0.0,0.0,0.0,0.0,0.0,6
2023-05-11 13:40:15,l2401-P-7700,l2401-P-7700,358.5,0.0,0.0,0.0,1,63.5,0.0,0,358.5,0.0,0.0,0.0,0.0,0.0,6
2023-05-11 13:40:15,l2401-P-7700,l2401-P-7700,358.5,0.0,0.0,0.0,10,64.0,0.0,0,358.5,0.0,0.0,0.0,0.0,0.0,6
2023-05-11 13:41:25,l2401-P-7700,l2401-P-7700,358.5,0.0,0.0,0.0,1,64.5,0.0,0,358.5,0.0,0.0,0.0,0.0,0.0,6
2023-05-11 13:41:25,l2401-P-7700,l2401-P-7700,358.5,0.0,0.0,0.0,10,65.0,0.0,0,358.5,0.0,0.0,0.0,0.0,0.0,6
2023-05-11 13:41:28,l2401-P-7700,l2401-P-7700,358.5,0.0,0.0,0.0,1,65.5,0.0,0,358.5,0.0,0.0,0.0,0.0,0.0,6
2023-05-11 13:41:28,l2401-P-7700,l2401-P-7700,358.5,0.0,0.0,0.0,10,66.0,0.0,0,358.5,0.0,0.0,0.0,0.0,0.0,6
2023-05-11 13:41:30,l2401-P-7700,l2401-P-7700,358.5,0.0,0.0,0.0,1,66.5,0.0,0,358.5,0.0,0.0,0.0,0.0,0.0,6
2023-05-11 13:41:30,l2401-P-7700,l2401-P-7700,358.5,0.0,0.0,0.0,10,67.0,0.0,0,358.5,0.0,0.0,0.0,0.0,0.0,6
2023-05-11 13:41:31,l2401-P-7700,l2401-P-7700,358.5,0.0,0.0,0.0,1,67.5,0.0,0,358.5,0.0,0.0,0.0,0.0,0.0,6
2023-05-11 13:41:31,l2401-P-7700,l2401-P-7700,358.5,0.0,0.0,0.0,10,68.0,0.0,0,358.5,0.0,0.0,0.0,0.0,0.0,6
2023-05-11 13:41:33,l2401-P-7700,l2401-P-7700,358.5,0.0,0.0,0.0,1,68.5,0.0,0,358.5,0.0,0.0,0.0,0.0,0.0,6
2023-05-11 13:41:33,l2401-P-7700,l2401-P-7700,358.5,0.0,0.0,0.0,10,69.0,0.0,0,358.5,0.0,0.0,0.0,0.0,0.0,6
2023-05-11 13:41:34,l2401-P-7700,l2401-P-7700,358.5,0.0,0.0,0.0,1,69.5,0.0,0,358.5,0.0,0.0,0.0,0.0,0.0,6
2023-05-11 13:41:34,l2401-P-7700,l2401-P-7700,358.5,0.0,0.0,0.0,10,70.0,0.0,0,358.5,0.0,0.0,0.0,0.0,0.0,6
2023-05-11 13:41:38,l2401-P-7700,l2401-P-7700,358.5,0.0,0.0,0.0,1,70.5,0.0,0,358.5,0.0,0.0,0.0,0.0,0.0,6
2023-05-11 13:41:38,l2401-P-7700,l2401-P-7700,358.5,0.0,0.0,0.0,10,71.0,0.0,0,358.5,0.0,0.0,0.0,0.0,0.0,6
2023-05-11 13:41:41,l2401-P-7700,l2401-P-7700,358.5,0.0,0.0,0.0,1,71.5,0.0,0,358.5,0.0,0.0,0.0,0.0,0.0,6
2023-05-11 13:41:41,l2401-P-7700,l2401-P-7700,358.5,0.0,0.0,0.0,10,72.0,0.0,0,358.5,0.0,0.0,0.0,0.0,0.0,6
2023-05-11 13:41:43,l2401-P-7700,l2401-P-7700,358.5,0.0,0.0,0.0,1,72.5,0.0,0,358.5,0.0,0.0,0.0,0.0,0.0,6
2023-05-11 13:41:43,l2401-P-7700,l2401-P-7700,358.5,0.0,0.0,0.0,10,73.0,0.0,0,358.5,0.0,0.0,0.0,0.0,0.0,6
2023-05-11 13:41:44,l2401-P-7700,l2401-P-7700,358.5,0.0,0.0,0.0,1,73.5,0.0,0,358.5,0.0,0.0,0.0,0.0,0.0,6
2023-05-11 13:41:44,l2401-P-7700,l2401-P-7700,358.5,0.0,0.0,0.0,10,74.0,0.0,0,358.5,0.0,0.0,0.0,0.0,0.0,6
2023-05-11 13:41:46,l2401-P-7700,l2401-P-7700,358.5,0.0,0.0,0.0,1,74.5,0.0,0,358.5,0.0,0.0,0.0,0.0,0.0,6
2023-05-11 13:41:46,l2401-P-7700,l2401-P-7700,358.5,0.0,0.0,0.0,10,75.0,0.0,0,358.5,0.0,0.0,0.0,0.0,0.0,6
2023-05-11 13:41:48,l2401-P-7700,l2401-P-7700,358.5,0.0,0.0,0.0,1,75.5,0.0,0,358.5,0.0,0.0,0.0,0.0,0.0,6
2023-05-11 13:41:48,l2401-P-7700,l2401-P-7700,358.5,0.0,0.0,0.0,10,76.0,0.0,0,358.5,0.0,0.0,0.0,0.0,0.0,6
2023-05-11 13:41:51,l2401-P-7700,l2401-P-7700,358.5,0.0,0.0,0.0,1,76.5,0.0,0,358.5,0.0,0.0,0.0,0.0,0.0,6
2023-05-11 13:41:51,l2401-P-7700,l2401-P-7700,358.5,0.0,0.0,0.0,10,77.0,0.0,0,358.5,0.0,0.0,0.0,0.0,0.0,6
2023-05-11 13:41:52,l2401-P-7700,l2401-P-7700,358.5,0.0,0.0,0.0,1,77.5,0.0,0,358.5,0.0,0.0,0.0,0.0,0.0,6
2023-05-11 13:41:52,l2401-P-7700,l2401-P-7700,358.5,0.0,0.0,0.0,10,78.0,0.0,0,358.5,0.0,0.0,0.0,0.0,0.0,6
2023-05-11 13:41:54,l2401-P-7700,l2401-P-7700,358.5,0.0,0.0,0.0,1,78.5,0.0,0,358.5,0.0,0.0,0.0,0.0,0.0,6
2023-05-11 13:41:54,l2401-P-7700,l2401-P-7700,358.5,0.0,0.0,0.0,10,79.0,0.0,0,358.5,0.0,0.0,0.0,0.0,0.0,6
2023-05-11 13:41:56,l2401-P-7700,l2401-P-7700,358.5,0.0,0.0,0.0,1,79.5,0.0,0,358.5,0.0,0.0,0.0,0.0,0.0,6
2023-05-11 13:41:57,l2401-P-7700,l2401-P-7700,358.5,0.0,0.0,0.0,10,80.0,0.0,0,358.5,0.0,0.0,0.0,0.0,0.0,6
2023-05-11 13:41:58,l2401-P-7700,l2401-P-7700,358.5,0.0,0.0,0.0,1,80.5,0.0,0,358.5,0.0,0.0,0.0,0.0,0.0,6
2023-05-11 13:41:58,l2401-P-7700,l2401-P-7700,358.5,0.0,0.0,0.0,10,81.0,0.0,0,358.5,0.0,0.0,0.0,0.0,0.0,6
2023-05-11 13:42:00,l2401-P-7700,l2401-P-7700,358.5,0.0,0.0,0.0,1,81.5,0.0,0,358.5,0.0,0.0,0.0,0.0,0.0,6
2023-05-11 13:42:00,l2401-P-7700,l2401-P-7700,358.5,0.0,0.0,0.0,10,82.0,0.0,0,358.5,0.0,0.0,0.0,0.0,0.0,6
2023-05-11 13:42:02,l2401-P-7700,l2401-P-7700,358.5,0.0,0.0,0.0,1,82.5,0.0,0,358.5,0.0,0.0,0.0,0.0,0.0,6
2023-05-11 13:42:02,l2401-P-7700,l2401-P-7700,358.5,0.0,0.0,0.0,10,83.0,0.0,0,358.5,0.0,0.0,0.0,0.0,0.0,6
2023-05-11 13:42:03,l2401-P-7700,l2401-P-7700,358.5,0.0,0.0,0.0,10,84.0,0.0,0,358.5,0.0,0.0,0.0,0.0,0.0,6
2023-05-11 13:42:05,l2401-P-7700,l2401-P-7700,358.5,0.0,0.0,0.0,1,84.5,0.0,0,358.5,0.0,0.0,0.0,0.0,0.0,6
2023-05-11 13:42:05,l2401-P-7700,l2401-P-7700,358.5,0.0,0.0,0.0,10,85.0,0.0,0,358.5,0.0,0.0,0.0,0.0,0.0,6
2023-05-11 13:42:07,l2401-P-7700,l2401-P-7700,358.5,0.0,0.0,0.0,1,85.5,0.0,0,358.5,0.0,0.0,0.0,0.0,0.0,6
2023-05-11 13:42:07,l2401-P-7700,l2401-P-7700,358.5,0.0,0.0,0.0,10,86.0,0.0,0,358.5,0.0,0.0,0.0,0.0,0.0,6
2023-05-11 13:42:09,l2401-P-7700,l2401-P-7700,358.5,0.0,0.0,0.0,1,86.5,0.0,0,358.5,0.0,0.0,0.0,0.0,0.0,6
2023-05-11 13:42:09,l2401-P-7700,l2401-P-7700,358.5,0.0,0.0,0.0,10,87.0,0.0,0,358.5,0.0,0.0,0.0,0.0,0.0,6
2023-05-11 13:42:11,l2401-P-7700,l2401-P-7700,358.5,0.0,0.0,0.0,1,87.5,0.0,0,358.5,0.0,0.0,0.0,0.0,0.0,6
2023-05-11 13:42:11,l2401-P-7700,l2401-P-7700,358.5,0.0,0.0,0.0,10,88.0,0.0,0,358.5,0.0,0.0,0.0,0.0,0.0,6
2023-05-11 13:42:12,l2401-P-7700,l2401-P-7700,358.5,0.0,0.0,0.0,1,88.5,0.0,0,358.5,0.0,0.0,0.0,0.0,0.0,6
2023-05-11 13:42:12,l2401-P-7700,l2401-P-7700,358.5,0.0,0.0,0.0,10,89.0,0.0,0,358.5,0.0,0.0,0.0,0.0,0.0,6
2023-05-11 13:42:13,l2401-P-7700,l2401-P-7700,358.5,0.0,0.0,0.0,1,89.5,0.0,0,358.5,0.0,0.0,0.0,0.0,0.0,6
2023-05-11 13:42:13,l2401-P-7700,l2401-P-7700,358.5,0.0,0.0,0.0,10,90.0,0.0,0,358.5,0.0,0.0,0.0,0.0,0.0,6
2023-05-11 13:42:15,l2401-P-7700,l2401-P-7700,358.5,0.0,0.0,0.0,1,90.5,0.0,0,358.5,0.0,0.0,0.0,0.0,0.0,6
2023-05-11 13:42:15,l2401-P-7700,l2401-P-7700,358.5,0.0,0.0,0.0,10,91.0,0.0,0,358.5,0.0,0.0,0.0,0.0,0.0,6
2023-05-11 13:42:17,l2401-P-7700,l2401-P-7700,358.5,0.0,0.0,0.0,1,91.5,0.0,0,358.5,0.0,0.0,0.0,0.0,0.0,6
2023-05-11 13:42:17,l2401-P-7700,l2401-P-7700,358.5,0.0,0.0,0.0,10,92.0,0.0,0,358.5,0.0,0.0,0.0,0.0,0.0,6
2023-05-11 13:42:18,l2401-P-7700,l2401-P-7700,358.5,0.0,0.0,0.0,1,92.5,0.0,0,358.5,0.0,0.0,0.0,0.0,0.0,6
2023-05-11 13:42:18,l2401-P-7700,l2401-P-7700,358.5,0.0,0.0,0.0,10,93.0,0.0,0,358.5,0.0,0.0,0.0,0.0,0.0,6
2023-05-11 13:42:20,l2401-P-7700,l2401-P-7700,358.5,0.0,0.0,0.0,1,93.5,0.0,0,358.5,0.0,0.0,0.0,0.0,0.0,6
2023-05-11 13:42:20,l2401-P-7700,l2401-P-7700,358.5,0.0,0.0,0.0,10,94.0,0.0,0,358.5,0.0,0.0,0.0,0.0,0.0,6
2023-05-11 13:42:21,l2401-P-7700,l2401-P-7700,358.5,0.0,0.0,0.0,1,94.5,0.0,0,358.5,0.0,0.0,0.0,0.0,0.0,6
2023-05-11 13:42:21,l2401-P-7700,l2401-P-7700,358.5,0.0,0.0,0.0,10,95.0,0.0,0,358.5,0.0,0.0,0.0,0.0,0.0,6
2023-05-11 13:42:22,l2401-P-7700,l2401-P-7700,358.5,0.0,0.0,0.0,1,95.5,0.0,0,358.5,0.0,0.0,0.0,0.0,0.0,6
2023-05-11 13:42:22,l2401-P-7700,l2401-P-7700,358.5,0.0,0.0,0.0,10,96.0,0.0,0,358.5,0.0,0.0,0.0,0.0,0.0,6
2023-05-11 13:42:24,l2401-P-7700,l2401-P-7700,358.5,0.0,0.0,0.0,1,96.5,0.0,0,358.5,0.0,0.0,0.0,0.0,0.0,6
2023-05-11 13:42:24,l2401-P-7700,l2401-P-7700,358.5,0.0,0.0,0.0,10,97.0,0.0,0,358.5,0.0,0.0,0.0,0.0,0.0,6
2023-05-11 13:42:25,l2401-P-7700,l2401-P-7700,358.5,0.0,0.0,0.0,1,97.5,0.0,0,358.5,0.0,0.0,0.0,0.0,0.0,6
2023-05-11 13:42:25,l2401-P-7700,l2401-P-7700,358.5,0.0,0.0,0.0,10,98.0,0.0,0,358.5,0.0,0.0,0.0,0.0,0.0,6
2023-05-11 13:42:27,l2401-P-7700,l2401-P-7700,358.5,0.0,0.0,0.0,1,98.5,0.0,0,358.5,0.0,0.0,0.0,0.0,0.0,6
2023-05-11 13:42:27,l2401-P-7700,l2401-P-7700,358.5,0.0,0.0,0.0,10,99.0,0.0,0,358.5,0.0,0.0,0.0,0.0,0.0,6
2023-05-11 13:42:28,l2401-P-7700,l2401-P-7700,358.5,0.0,0.0,0.0,1,99.5,0.0,0,358.5,0.0,0.0,0.0,0.0,0.0,6
2023-05-11 13:42:28,l2401-P-7700,l2401-P-7700,358.5,0.0,0.0,0.0,10,100.0,0.0,0,358.5,0.0,0.0,0.0,0.0,0.0,6
2023-05-11 13:42:29,l2401-P-7700,l2401-P-7700,358.5,0.0,0.0,0.0,1,100.5,0.0,0,358.5,0.0,0.0,0.0,0.0,0.0,6
2023-05-11 13:42:30,l2401-P-7700,l2401-P-7700,358.5,0.0,0.0,0.0,10,101.0,0.0,0,358.5,0.0,0.0,0.0,0.0,0.0,6
2023-05-11 13:42:31,l2401-P-7700,l2401-P-7700,358.5,0.0,0.0,0.0,1,101.5,0.0,0,358.5,0.0,0.0,0.0,0.0,0.0,6
2023-05-11 13:42:31,l2401-P-7700,l2401-P-7700,358.5,0.0,0.0,0.0,10,102.0,0.0,0,358.5,0.0,0.0,0.0,0.0,0.0,6
2023-05-11 13:42:32,l2401-P-7700,l2401-P-7700,358.5,0.0,0.0,0.0,1,102.5,0.0,0,358.5,0.0,0.0,0.0,0.0,0.0,6
2023-05-11 13:42:32,l2401-P-7700,l2401-P-7700,358.5,0.0,0.0,0.0,10,103.0,0.0,0,358.5,0.0,0.0,0.0,0.0,0.0,6
2023-05-11 13:42:34,l2401-P-7700,l2401-P-7700,358.5,0.0,0.0,0.0,1,103.5,0.0,0,358.5,0.0,0.0,0.0,0.0,0.0,6
2023-05-11 13:42:34,l2401-P-7700,l2401-P-7700,358.5,0.0,0.0,0.0,10,104.0,0.0,0,358.5,0.0,0.0,0.0,0.0,0.0,6
2023-05-11 13:42:35,l2401-P-7700,l2401-P-7700,358.5,0.0,0.0,0.0,1,104.5,0.0,0,358.5,0.0,0.0,0.0,0.0,0.0,6
2023-05-11 13:42:35,l2401-P-7700,l2401-P-7700,358.5,0.0,0.0,0.0,10,105.0,0.0,0,358.5,0.0,0.0,0.0,0.0,0.0,6
2023-05-11 13:42:36,l2401-P-7700,l2401-P-7700,358.5,0.0,0.0,0.0,1,105.5,0.0,0,358.5,0.0,0.0,0.0,0.0,0.0,6
2023-05-11 13:42:37,l2401-P-7700,l2401-P-7700,358.5,0.0,0.0,0.0,10,106.0,0.0,0,358.5,0.0,0.0,0.0,0.0,0.0,6
2023-05-11 13:42:38,l2401-P-7700,l2401-P-7700,358.5,0.0,0.0,0.0,1,106.5,0.0,0,358.5,0.0,0.0,0.0,0.0,0.0,6
2023-05-11 13:42:38,l2401-P-7700,l2401-P-7700,358.5,0.0,0.0,0.0,10,107.0,0.0,0,358.5,0.0,0.0,0.0,0.0,0.0,6
2023-05-11 13:42:39,l2401-P-7700,l2401-P-7700,358.5,0.0,0.0,0.0,1,107.5,0.0,0,358.5,0.0,0.0,0.0,0.0,0.0,6
2023-05-11 13:42:39,l2401-P-7700,l2401-P-7700,358.5,0.0,0.0,0.0,10,108.0,0.0,0,358.5,0.0,0.0,0.0,0.0,0.0,6
2023-05-11 13:42:40,l2401-P-7700,l2401-P-7700,358.5,0.0,0.0,0.0,1,108.5,0.0,0,358.5,0.0,0.0,0.0,0.0,0.0,6
2023-05-11 13:42:40,l2401-P-7700,l2401-P-7700,358.5,0.0,0.0,0.0,10,109.0,0.0,0,358.5,0.0,0.0,0.0,0.0,0.0,6
2023-05-11 13:42:42,l2401-P-7700,l2401-P-7700,358.5,0.0,0.0,0.0,1,109.5,0.0,0,358.5,0.0,0.0,0.0,0.0,0.0,6
2023-05-11 13:42:42,l2401-P-7700,l2401-P-7700,358.5,0.0,0.0,0.0,10,110.0,0.0,0,358.5,0.0,0.0,0.0,0.0,0.0,6
2023-05-11 13:42:43,l2401-P-7700,l2401-P-7700,358.5,0.0,0.0,0.0,1,110.5,0.0,0,358.5,0.0,0.0,0.0,0.0,0.0,6
2023-05-11 13:42:43,l2401-P-7700,l2401-P-7700,358.5,0.0,0.0,0.0,10,111.0,0.0,0,358.5,0.0,0.0,0.0,0.0,0.0,6
2023-05-11 13:42:44,l2401-P-7700,l2401-P-7700,358.5,0.0,0.0,0.0,1,111.5,0.0,0,358.5,0.0,0.0,0.0,0.0,0.0,6
2023-05-11 13:42:44,l2401-P-7700,l2401-P-7700,358.5,0.0,0.0,0.0,10,112.0,0.0,0,358.5,0.0,0.0,0.0,0.0,0.0,6
2023-05-11 13:42:46,l2401-P-7700,l2401-P-7700,358.5,0.0,0.0,0.0,1,112.5,0.0,0,358.5,0.0,0.0,0.0,0.0,0.0,6
2023-05-11 13:42:46,l2401-P-7700,l2401-P-7700,358.5,0.0,0.0,0.0,10,113.0,0.0,0,358.5,0.0,0.0,0.0,0.0,0.0,6
2023-05-11 13:42:47,l2401-P-7700,l2401-P-7700,358.5,0.0,0.0,0.0,1,113.5,0.0,0,358.5,0.0,0.0,0.0,0.0,0.0,6
2023-05-11 13:42:47,l2401-P-7700,l2401-P-7700,358.5,0.0,0.0,0.0,10,114.0,0.0,0,358.5,0.0,0.0,0.0,0.0,0.0,6
2023-05-11 13:42:48,l2401-P-7700,l2401-P-7700,358.5,0.0,0.0,0.0,1,114.5,0.0,0,358.5,0.0,0.0,0.0,0.0,0.0,6
2023-05-11 13:42:48,l2401-P-7700,l2401-P-7700,358.5,0.0,0.0,0.0,10,115.0,0.0,0,358.5,0.0,0.0,0.0,0.0,0.0,6
2023-05-11 13:42:49,l2401-P-7700,l2401-P-7700,358.5,0.0,0.0,0.0,1,115.5,0.0,0,358.5,0.0,0.0,0.0,0.0,0.0,6
2023-05-11 13:42:49,l2401-P-7700,l2401-P-7700,358.5,0.0,0.0,0.0,10,116.0,0.0,0,358.5,0.0,0.0,0.0,0.0,0.0,6
2023-05-11 13:42:50,l2401-P-7700,l2401-P-7700,358.5,0.0,0.0,0.0,1,116.5,0.0,0,358.5,0.0,0.0,0.0,0.0,0.0,6
2023-05-11 13:42:50,l2401-P-7700,l2401-P-7700,358.5,0.0,0.0,0.0,10,117.0,0.0,0,358.5,0.0,0.0,0.0,0.0,0.0,6
2023-05-11 13:42:52,l2401-P-7700,l2401-P-7700,358.5,0.0,0.0,0.0,1,117.5,0.0,0,358.5,0.0,0.0,0.0,0.0,0.0,6
2023-05-11 13:42:52,l2401-P-7700,l2401-P-7700,358.5,0.0,0.0,0.0,10,118.0,0.0,0,358.5,0.0,0.0,0.0,0.0,0.0,6
2023-05-11 13:42:53,l2401-P-7700,l2401-P-7700,358.5,0.0,0.0,0.0,1,118.5,0.0,0,358.5,0.0,0.0,0.0,0.0,0.0,6
2023-05-11 13:42:53,l2401-P-7700,l2401-P-7700,358.5,0.0,0.0,0.0,10,119.0,0.0,0,358.5,0.0,0.0,0.0,0.0,0.0,6
2023-05-11 13:42:54,l2401-P-7700,l2401-P-7700,358.5,0.0,0.0,0.0,1,119.5,0.0,0,358.5,0.0,0.0,0.0,0.0,0.0,6
2023-05-11 13:42:54,l2401-P-7700,l2401-P-7700,358.5,0.0,0.0,0.0,10,120.0,0.0,0,358.5,0.0,0.0,0.0,0.0,0.0,6
2023-05-11 13:42:55,l2401-P-7700,l2401-P-7700,358.5,0.0,0.0,0.0,1,120.5,0.0,0,358.5,0.0,0.0,0.0,0.0,0.0,6
2023-05-11 13:42:55,l2401-P-7700,l2401-P-7700,358.5,0.0,0.0,0.0,10,121.0,0.0,0,358.5,0.0,0.0,0.0,0.0,0.0,6
2023-05-11 13:42:57,l2401-P-7700,l2401-P-7700,358.5,0.0,0.0,0.0,1,121.5,0.0,0,358.5,0.0,0.0,0.0,0.0,0.0,6
2023-05-11 13:42:57,l2401-P-7700,l2401-P-7700,358.5,0.0,0.0,0.0,10,122.0,0.0,0,358.5,0.0,0.0,0.0,0.0,0.0,6
2023-05-11 13:42:58,l2401-P-7700,l2401-P-7700,358.5,0.0,0.0,0.0,1,122.5,0.0,0,358.5,0.0,0.0,0.0,0.0,0.0,6
2023-05-11 13:42:58,l2401-P-7700,l2401-P-7700,358.5,0.0,0.0,0.0,10,123.0,0.0,0,358.5,0.0,0.0,0.0,0.0,0.0,6
2023-05-11 13:42:59,l2401-P-7700,l2401-P-7700,358.5,0.0,0.0,0.0,1,123.5,0.0,0,358.5,0.0,0.0,0.0,0.0,0.0,6
2023-05-11 13:42:59,l2401-P-7700,l2401-P-7700,358.5,0.0,0.0,0.0,10,124.0,0.0,0,358.5,0.0,0.0,0.0,0.0,0.0,6
2023-05-11 13:43:00,l2401-P-7700,l2401-P-7700,358.5,0.0,0.0,0.0,1,124.5,0.0,0,358.5,0.0,0.0,0.0,0.0,0.0,6
2023-05-11 13:43:00,l2401-P-7700,l2401-P-7700,358.5,0.0,0.0,0.0,10,125.0,0.0,0,358.5,0.0,0.0,0.0,0.0,0.0,6
2023-05-11 13:43:01,l2401-P-7700,l2401-P-7700,358.5,0.0,0.0,0.0,1,125.5,0.0,0,358.5,0.0,0.0,0.0,0.0,0.0,6
2023-05-11 13:43:02,l2401-P-7700,l2401-P-7700,358.5,0.0,0.0,0.0,10,126.0,0.0,0,358.5,0.0,0.0,0.0,0.0,0.0,6
2023-05-11 13:43:03,l2401-P-7700,l2401-P-7700,358.5,0.0,0.0,0.0,1,126.5,0.0,0,358.5,0.0,0.0,0.0,0.0,0.0,6
2023-05-11 13:43:03,l2401-P-7700,l2401-P-7700,358.5,0.0,0.0,0.0,10,127.0,0.0,0,358.5,0.0,0.0,0.0,0.0,0.0,6
2023-05-11 13:43:04,l2401-P-7700,l2401-P-7700,358.5,0.0,0.0,0.0,1,127.5,0.0,0,358.5,0.0,0.0,0.0,0.0,0.0,6
2023-05-11 13:43:04,l2401-P-7700,l2401-P-7700,358.5,0.0,0.0,0.0,10,128.0,0.0,0,358.5,0.0,0.0,0.0,0.0,0.0,6
2023-05-11 13:43:05,l2401-P-7700,l2401-P-7700,358.5,0.0,0.0,0.0,1,128.5,0.0,0,358.5,0.0,0.0,0.0,0.0,0.0,6
2023-05-11 13:43:05,l2401-P-7700,l2401-P-7700,358.5,0.0,0.0,0.0,10,129.0,0.0,0,358.5,0.0,0.0,0.0,0.0,0.0,6
2023-05-11 13:43:06,l2401-P-7700,l2401-P-7700,358.5,0.0,0.0,0.0,1,129.5,0.0,0,358.5,0.0,0.0,0.0,0.0,0.0,6
2023-05-11 13:43:06,l2401-P-7700,l2401-P-7700,358.5,0.0,0.0,0.0,10,130.0,0.0,0,358.5,0.0,0.0,0.0,0.0,0.0,6
2023-05-11 13:43:07,l2401-P-7700,l2401-P-7700,358.5,0.0,0.0,0.0,1,130.5,0.0,0,358.5,0.0,0.0,0.0,0.0,0.0,6
2023-05-11 13:43:08,l2401-P-7700,l2401-P-7700,358.5,0.0,0.0,0.0,10,131.0,0.0,0,358.5,0.0,0.0,0.0,0.0,0.0,6
2023-05-11 13:43:09,l2401-P-7700,l2401-P-7700,358.5,0.0,0.0,0.0,1,131.5,0.0,0,358.5,0.0,0.0,0.0,0.0,0.0,6
2023-05-11 13:43:09,l2401-P-7700,l2401-P-7700,358.5,0.0,0.0,0.0,10,132.0,0.0,0,358.5,0.0,0.0,0.0,0.0,0.0,6
2023-05-11 13:43:10,l2401-P-7700,l2401-P-7700,358.5,0.0,0.0,0.0,1,132.5,0.0,0,358.5,0.0,0.0,0.0,0.0,0.0,6
2023-05-11 13:43:10,l2401-P-7700,l2401-P-7700,358.5,0.0,0.0,0.0,10,133.0,0.0,0,358.5,0.0,0.0,0.0,0.0,0.0,6
2023-05-11 13:43:11,l2401-P-7700,l2401-P-7700,358.5,0.0,0.0,0.0,1,133.5,0.0,0,358.5,0.0,0.0,0.0,0.0,0.0,6
2023-05-11 13:43:11,l2401-P-7700,l2401-P-7700,358.5,0.0,0.0,0.0,10,134.0,0.0,0,358.5,0.0,0.0,0.0,0.0,0.0,6
2023-05-11 13:43:12,l2401-P-7700,l2401-P-7700,358.5,0.0,0.0,0.0,1,134.5,0.0,0,358.5,0.0,0.0,0.0,0.0,0.0,6
2023-05-11 13:43:12,l2401-P-7700,l2401-P-7700,358.5,0.0,0.0,0.0,10,135.0,0.0,0,358.5,0.0,0.0,0.0,0.0,0.0,6
2023-05-11 13:43:14,l2401-P-7700,l2401-P-7700,358.5,0.0,0.0,0.0,1,135.5,0.0,0,358.5,0.0,0.0,0.0,0.0,0.0,6
2023-05-11 13:43:14,l2401-P-7700,l2401-P-7700,358.5,0.0,0.0,0.0,10,136.0,0.0,0,358.5,0.0,0.0,0.0,0.0,0.0,6
2023-05-11 13:43:15,l2401-P-7700,l2401-P-7700,358.5,0.0,0.0,0.0,1,136.5,0.0,0,358.5,0.0,0.0,0.0,0.0,0.0,6
2023-05-11 13:43:15,l2401-P-7700,l2401-P-7700,358.5,0.0,0.0,0.0,10,137.0,0.0,0,358.5,0.0,0.0,0.0,0.0,0.0,6
2023-05-11 13:43:16,l2401-P-7700,l2401-P-7700,358.5,0.0,0.0,0.0,1,137.5,0.0,0,358.5,0.0,0.0,0.0,0.0,0.0,6
2023-05-11 13:43:16,l2401-P-7700,l2401-P-7700,358.5,0.0,0.0,0.0,10,138.0,0.0,0,358.5,0.0,0.0,0.0,0.0,0.0,6
2023-05-11 13:43:17,l2401-P-7700,l2401-P-7700,358.5,0.0,0.0,0.0,1,138.5,0.0,0,358.5,0.0,0.0,0.0,0.0,0.0,6
2023-05-11 13:43:17,l2401-P-7700,l2401-P-7700,358.5,0.0,0.0,0.0,10,139.0,0.0,0,358.5,0.0,0.0,0.0,0.0,0.0,6
2023-05-11 13:43:18,l2401-P-7700,l2401-P-7700,358.5,0.0,0.0,0.0,1,139.5,0.0,0,358.5,0.0,0.0,0.0,0.0,0.0,6
2023-05-11 13:43:18,l2401-P-7700,l2401-P-7700,358.5,0.0,0.0,0.0,10,140.0,0.0,0,358.5,0.0,0.0,0.0,0.0,0.0,6
2023-05-11 13:43:19,l2401-P-7700,l2401-P-7700,358.5,0.0,0.0,0.0,1,140.5,0.0,0,358.5,0.0,0.0,0.0,0.0,0.0,6
2023-05-11 13:43:19,l2401-P-7700,l2401-P-7700,358.5,0.0,0.0,0.0,10,141.0,0.0,0,358.5,0.0,0.0,0.0,0.0,0.0,6
2023-05-11 13:43:20,l2401-P-7700,l2401-P-7700,358.5,0.0,0.0,0.0,1,141.5,0.0,0,358.5,0.0,0.0,0.0,0.0,0.0,6
2023-05-11 13:43:20,l2401-P-7700,l2401-P-7700,358.5,0.0,0.0,0.0,10,142.0,0.0,0,358.5,0.0,0.0,0.0,0.0,0.0,6
2023-05-11 13:43:21,l2401-P-7700,l2401-P-7700,358.5,0.0,0.0,0.0,1,142.5,0.0,0,358.5,0.0,0.0,0.0,0.0,0.0,6
2023-05-11 13:43:21,l2401-P-7700,l2401-P-7700,358.5,0.0,0.0,0.0,10,143.0,0.0,0,358.5,0.0,0.0,0.0,0.0,0.0,6
2023-05-11 13:43:22,l2401-P-7700,l2401-P-7700,358.5,0.0,0.0,0.0,1,143.5,0.0,0,358.5,0.0,0.0,0.0,0.0,0.0,6
2023-05-11 13:43:22,l2401-P-7700,l2401-P-7700,358.5,0.0,0.0,0.0,10,144.0,0.0,0,358.5,0.0,0.0,0.0,0.0,0.0,6
2023-05-11 13:43:24,l2401-P-7700,l2401-P-7700,358.5,0.0,0.0,0.0,1,144.5,0.0,0,358.5,0.0,0.0,0.0,0.0,0.0,6
2023-05-11 13:43:24,l2401-P-7700,l2401-P-7700,358.5,0.0,0.0,0.0,10,145.0,0.0,0,358.5,0.0,0.0,0.0,0.0,0.0,6
2023-05-11 13:43:25,l2401-P-7700,l2401-P-7700,358.5,0.0,0.0,0.0,1,145.5,0.0,0,358.5,0.0,0.0,0.0,0.0,0.0,6
2023-05-11 13:43:25,l2401-P-7700,l2401-P-7700,358.5,0.0,0.0,0.0,10,146.0,0.0,0,358.5,0.0,0.0,0.0,0.0,0.0,6
2023-05-11 13:43:26,l2401-P-7700,l2401-P-7700,358.5,0.0,0.0,0.0,1,146.5,0.0,0,358.5,0.0,0.0,0.0,0.0,0.0,6
2023-05-11 13:43:26,l2401-P-7700,l2401-P-7700,358.5,0.0,0.0,0.0,10,147.0,0.0,0,358.5,0.0,0.0,0.0,0.0,0.0,6
2023-05-11 14:17:54,l2401-P-7700,l2401-P-7700,358.5,0.0,0.0,0.0,1,147.5,0.0,0,358.5,0.0,0.0,0.0,0.0,0.0,6
2023-05-11 14:17:54,l2401-P-7700,l2401-P-7700,358.5,0.0,0.0,0.0,10,148.0,0.0,0,358.5,0.0,0.0,0.0,0.0,0.0,6
2023-05-11 14:54:21,l2401-P-7700,l2401-P-7700,358.5,0.0,0.0,0.0,1,148.5,0.0,0,358.5,0.0,0.0,0.0,0.0,0.0,6
2023-05-11 14:54:21,l2401-P-7700,l2401-P-7700,358.5,0.0,0.0,0.0,10,149.0,0.0,0,358.5,0.0,0.0,0.0,0.0,0.0,6
2023-05-11 14:56:45,l2401-P-7700,l2401-P-7700,358.5,0.0,0.0,0.0,1,148.5,0.0,0,358.5,0.0,0.0,0.0,0.0,0.0,6
2023-05-11 14:59:02,l2401-P-7700,l2401-P-7700,358.5,0.0,0.0,0.0,10,149.0,0.0,0,358.5,0.0,0.0,0.0,0.0,0.0,6
2023-05-11 14:59:54,l2401-P-7700,l2401-P-7700,358.5,0.0,0.0,0.0,1,148.5,0.0,0,358.5,0.0,0.0,0.0,0.0,0.0,6
2023-05-11 15:01:10,l2401-P-7700,l2401-P-7700,358.5,0.0,0.0,0.0,1,148.5,0.0,0,358.5,0.0,0.0,0.0,0.0,0.0,6
