time,symbol_id,symbol_name,last,trade_volume,trade_amount,open_interest_change,bv1,bp1,ap1,av1,yesterday_close,today_open,today_high,today_low,volume,amount,open_interest
2023-05-10 20:56:28,l2401-C-8100,l2401-C-8100,236.5,0.0,0.0,0.0,1,1.5,0.0,0,236.5,0.0,0.0,0.0,0.0,0.0,7
2023-05-10 21:00:06,l2401-C-8100,l2401-C-8100,236.5,0.0,0.0,0.0,10,2.0,0.0,0,236.5,0.0,0.0,0.0,0.0,0.0,7
2023-05-10 21:01:39,l2401-C-8100,l2401-C-8100,236.5,0.0,0.0,0.0,1,2.5,0.0,0,236.5,0.0,0.0,0.0,0.0,0.0,7
2023-05-10 21:01:39,l2401-C-8100,l2401-C-8100,236.5,0.0,0.0,0.0,10,3.0,0.0,0,236.5,0.0,0.0,0.0,0.0,0.0,7
2023-05-10 21:02:58,l2401-C-8100,l2401-C-8100,236.5,0.0,0.0,0.0,1,9.5,0.0,0,236.5,0.0,0.0,0.0,0.0,0.0,7
2023-05-10 21:02:58,l2401-C-8100,l2401-C-8100,236.5,0.0,0.0,0.0,10,10.0,0.0,0,236.5,0.0,0.0,0.0,0.0,0.0,7
2023-05-10 21:04:48,l2401-C-8100,l2401-C-8100,236.5,0.0,0.0,0.0,1,10.5,0.0,0,236.5,0.0,0.0,0.0,0.0,0.0,7
2023-05-10 21:04:48,l2401-C-8100,l2401-C-8100,236.5,0.0,0.0,0.0,10,11.0,0.0,0,236.5,0.0,0.0,0.0,0.0,0.0,7
2023-05-10 21:06:24,l2401-C-8100,l2401-C-8100,236.5,0.0,0.0,0.0,1,11.5,0.0,0,236.5,0.0,0.0,0.0,0.0,0.0,7
2023-05-10 21:06:24,l2401-C-8100,l2401-C-8100,236.5,0.0,0.0,0.0,10,12.0,0.0,0,236.5,0.0,0.0,0.0,0.0,0.0,7
2023-05-10 21:06:42,l2401-C-8100,l2401-C-8100,236.5,0.0,0.0,0.0,1,12.5,0.0,0,236.5,0.0,0.0,0.0,0.0,0.0,7
2023-05-10 21:06:42,l2401-C-8100,l2401-C-8100,236.5,0.0,0.0,0.0,10,13.0,0.0,0,236.5,0.0,0.0,0.0,0.0,0.0,7
2023-05-10 21:06:48,l2401-C-8100,l2401-C-8100,236.5,0.0,0.0,0.0,1,13.5,0.0,0,236.5,0.0,0.0,0.0,0.0,0.0,7
2023-05-10 21:06:48,l2401-C-8100,l2401-C-8100,236.5,0.0,0.0,0.0,10,14.0,0.0,0,236.5,0.0,0.0,0.0,0.0,0.0,7
2023-05-10 21:06:57,l2401-C-8100,l2401-C-8100,236.5,0.0,0.0,0.0,1,14.5,0.0,0,236.5,0.0,0.0,0.0,0.0,0.0,7
2023-05-10 21:06:57,l2401-C-8100,l2401-C-8100,236.5,0.0,0.0,0.0,10,15.0,0.0,0,236.5,0.0,0.0,0.0,0.0,0.0,7
2023-05-10 21:07:01,l2401-C-8100,l2401-C-8100,236.5,0.0,0.0,0.0,1,15.5,0.0,0,236.5,0.0,0.0,0.0,0.0,0.0,7
2023-05-10 21:07:01,l2401-C-8100,l2401-C-8100,236.5,0.0,0.0,0.0,10,16.0,0.0,0,236.5,0.0,0.0,0.0,0.0,0.0,7
2023-05-10 21:07:03,l2401-C-8100,l2401-C-8100,236.5,0.0,0.0,0.0,1,16.5,0.0,0,236.5,0.0,0.0,0.0,0.0,0.0,7
2023-05-10 21:07:03,l2401-C-8100,l2401-C-8100,236.5,0.0,0.0,0.0,10,17.0,0.0,0,236.5,0.0,0.0,0.0,0.0,0.0,7
2023-05-10 21:07:06,l2401-C-8100,l2401-C-8100,236.5,0.0,0.0,0.0,1,17.5,0.0,0,236.5,0.0,0.0,0.0,0.0,0.0,7
2023-05-10 21:07:06,l2401-C-8100,l2401-C-8100,236.5,0.0,0.0,0.0,10,18.0,0.0,0,236.5,0.0,0.0,0.0,0.0,0.0,7
2023-05-10 21:07:12,l2401-C-8100,l2401-C-8100,236.5,0.0,0.0,0.0,1,18.5,0.0,0,236.5,0.0,0.0,0.0,0.0,0.0,7
2023-05-10 21:07:12,l2401-C-8100,l2401-C-8100,236.5,0.0,0.0,0.0,10,19.0,0.0,0,236.5,0.0,0.0,0.0,0.0,0.0,7
2023-05-10 21:07:16,l2401-C-8100,l2401-C-8100,236.5,0.0,0.0,0.0,1,19.5,0.0,0,236.5,0.0,0.0,0.0,0.0,0.0,7
2023-05-10 21:07:16,l2401-C-8100,l2401-C-8100,236.5,0.0,0.0,0.0,10,20.0,0.0,0,236.5,0.0,0.0,0.0,0.0,0.0,7
2023-05-10 21:07:17,l2401-C-8100,l2401-C-8100,236.5,0.0,0.0,0.0,1,20.5,0.0,0,236.5,0.0,0.0,0.0,0.0,0.0,7
2023-05-10 21:07:17,l2401-C-8100,l2401-C-8100,236.5,0.0,0.0,0.0,10,21.0,0.0,0,236.5,0.0,0.0,0.0,0.0,0.0,7
2023-05-10 21:07:22,l2401-C-8100,l2401-C-8100,236.5,0.0,0.0,0.0,1,21.5,0.0,0,236.5,0.0,0.0,0.0,0.0,0.0,7
2023-05-10 21:07:22,l2401-C-8100,l2401-C-8100,236.5,0.0,0.0,0.0,10,22.0,0.0,0,236.5,0.0,0.0,0.0,0.0,0.0,7
2023-05-10 21:07:27,l2401-C-8100,l2401-C-8100,236.5,0.0,0.0,0.0,1,22.5,0.0,0,236.5,0.0,0.0,0.0,0.0,0.0,7
2023-05-10 21:07:27,l2401-C-8100,l2401-C-8100,236.5,0.0,0.0,0.0,10,23.0,0.0,0,236.5,0.0,0.0,0.0,0.0,0.0,7
2023-05-10 21:07:30,l2401-C-8100,l2401-C-8100,236.5,0.0,0.0,0.0,1,23.5,0.0,0,236.5,0.0,0.0,0.0,0.0,0.0,7
2023-05-10 21:07:30,l2401-C-8100,l2401-C-8100,236.5,0.0,0.0,0.0,10,24.0,0.0,0,236.5,0.0,0.0,0.0,0.0,0.0,7
2023-05-10 21:07:32,l2401-C-8100,l2401-C-8100,236.5,0.0,0.0,0.0,1,24.5,0.0,0,236.5,0.0,0.0,0.0,0.0,0.0,7
2023-05-10 21:07:32,l2401-C-8100,l2401-C-8100,236.5,0.0,0.0,0.0,10,25.0,0.0,0,236.5,0.0,0.0,0.0,0.0,0.0,7
2023-05-10 21:07:34,l2401-C-8100,l2401-C-8100,236.5,0.0,0.0,0.0,1,25.5,0.0,0,236.5,0.0,0.0,0.0,0.0,0.0,7
2023-05-10 21:07:34,l2401-C-8100,l2401-C-8100,236.5,0.0,0.0,0.0,10,26.0,0.0,0,236.5,0.0,0.0,0.0,0.0,0.0,7
2023-05-10 21:07:36,l2401-C-8100,l2401-C-8100,236.5,0.0,0.0,0.0,1,26.5,0.0,0,236.5,0.0,0.0,0.0,0.0,0.0,7
2023-05-10 21:07:36,l2401-C-8100,l2401-C-8100,236.5,0.0,0.0,0.0,10,27.0,0.0,0,236.5,0.0,0.0,0.0,0.0,0.0,7
2023-05-10 21:07:38,l2401-C-8100,l2401-C-8100,236.5,0.0,0.0,0.0,1,27.5,0.0,0,236.5,0.0,0.0,0.0,0.0,0.0,7
2023-05-10 21:07:38,l2401-C-8100,l2401-C-8100,236.5,0.0,0.0,0.0,10,28.0,0.0,0,236.5,0.0,0.0,0.0,0.0,0.0,7
2023-05-10 21:07:39,l2401-C-8100,l2401-C-8100,236.5,0.0,0.0,0.0,1,28.5,0.0,0,236.5,0.0,0.0,0.0,0.0,0.0,7
2023-05-10 21:07:39,l2401-C-8100,l2401-C-8100,236.5,0.0,0.0,0.0,10,29.0,0.0,0,236.5,0.0,0.0,0.0,0.0,0.0,7
2023-05-10 21:07:41,l2401-C-8100,l2401-C-8100,236.5,0.0,0.0,0.0,1,29.5,0.0,0,236.5,0.0,0.0,0.0,0.0,0.0,7
2023-05-10 21:07:41,l2401-C-8100,l2401-C-8100,236.5,0.0,0.0,0.0,10,30.0,0.0,0,236.5,0.0,0.0,0.0,0.0,0.0,7
2023-05-10 21:07:43,l2401-C-8100,l2401-C-8100,236.5,0.0,0.0,0.0,1,30.5,0.0,0,236.5,0.0,0.0,0.0,0.0,0.0,7
2023-05-10 21:07:43,l2401-C-8100,l2401-C-8100,236.5,0.0,0.0,0.0,10,31.0,0.0,0,236.5,0.0,0.0,0.0,0.0,0.0,7
2023-05-10 21:07:45,l2401-C-8100,l2401-C-8100,236.5,0.0,0.0,0.0,1,31.5,0.0,0,236.5,0.0,0.0,0.0,0.0,0.0,7
2023-05-10 21:07:45,l2401-C-8100,l2401-C-8100,236.5,0.0,0.0,0.0,10,32.0,0.0,0,236.5,0.0,0.0,0.0,0.0,0.0,7
2023-05-10 21:07:47,l2401-C-8100,l2401-C-8100,236.5,0.0,0.0,0.0,1,32.5,0.0,0,236.5,0.0,0.0,0.0,0.0,0.0,7
2023-05-10 21:07:47,l2401-C-8100,l2401-C-8100,236.5,0.0,0.0,0.0,10,33.0,0.0,0,236.5,0.0,0.0,0.0,0.0,0.0,7
2023-05-10 21:07:48,l2401-C-8100,l2401-C-8100,236.5,0.0,0.0,0.0,1,33.5,0.0,0,236.5,0.0,0.0,0.0,0.0,0.0,7
2023-05-10 21:07:48,l2401-C-8100,l2401-C-8100,236.5,0.0,0.0,0.0,10,34.0,0.0,0,236.5,0.0,0.0,0.0,0.0,0.0,7
2023-05-10 21:07:50,l2401-C-8100,l2401-C-8100,236.5,0.0,0.0,0.0,1,34.5,0.0,0,236.5,0.0,0.0,0.0,0.0,0.0,7
2023-05-10 21:07:50,l2401-C-8100,l2401-C-8100,236.5,0.0,0.0,0.0,10,35.0,0.0,0,236.5,0.0,0.0,0.0,0.0,0.0,7
2023-05-10 21:07:52,l2401-C-8100,l2401-C-8100,236.5,0.0,0.0,0.0,1,35.5,0.0,0,236.5,0.0,0.0,0.0,0.0,0.0,7
2023-05-10 21:07:52,l2401-C-8100,l2401-C-8100,236.5,0.0,0.0,0.0,10,36.0,0.0,0,236.5,0.0,0.0,0.0,0.0,0.0,7
2023-05-10 21:07:54,l2401-C-8100,l2401-C-8100,236.5,0.0,0.0,0.0,1,36.5,0.0,0,236.5,0.0,0.0,0.0,0.0,0.0,7
2023-05-10 21:07:54,l2401-C-8100,l2401-C-8100,236.5,0.0,0.0,0.0,10,37.0,0.0,0,236.5,0.0,0.0,0.0,0.0,0.0,7
2023-05-10 21:07:56,l2401-C-8100,l2401-C-8100,236.5,0.0,0.0,0.0,1,37.5,0.0,0,236.5,0.0,0.0,0.0,0.0,0.0,7
2023-05-10 21:07:56,l2401-C-8100,l2401-C-8100,236.5,0.0,0.0,0.0,10,38.0,0.0,0,236.5,0.0,0.0,0.0,0.0,0.0,7
2023-05-10 21:07:57,l2401-C-8100,l2401-C-8100,236.5,0.0,0.0,0.0,1,38.5,0.0,0,236.5,0.0,0.0,0.0,0.0,0.0,7
2023-05-10 21:07:57,l2401-C-8100,l2401-C-8100,236.5,0.0,0.0,0.0,10,39.0,0.0,0,236.5,0.0,0.0,0.0,0.0,0.0,7
2023-05-10 21:07:59,l2401-C-8100,l2401-C-8100,236.5,0.0,0.0,0.0,1,39.5,0.0,0,236.5,0.0,0.0,0.0,0.0,0.0,7
2023-05-10 21:07:59,l2401-C-8100,l2401-C-8100,236.5,0.0,0.0,0.0,10,40.0,0.0,0,236.5,0.0,0.0,0.0,0.0,0.0,7
2023-05-10 21:08:01,l2401-C-8100,l2401-C-8100,236.5,0.0,0.0,0.0,1,40.5,0.0,0,236.5,0.0,0.0,0.0,0.0,0.0,7
2023-05-10 21:08:01,l2401-C-8100,l2401-C-8100,236.5,0.0,0.0,0.0,10,41.0,0.0,0,236.5,0.0,0.0,0.0,0.0,0.0,7
2023-05-10 21:08:03,l2401-C-8100,l2401-C-8100,236.5,0.0,0.0,0.0,1,41.5,0.0,0,236.5,0.0,0.0,0.0,0.0,0.0,7
2023-05-10 21:08:03,l2401-C-8100,l2401-C-8100,236.5,0.0,0.0,0.0,10,42.0,0.0,0,236.5,0.0,0.0,0.0,0.0,0.0,7
2023-05-10 21:08:05,l2401-C-8100,l2401-C-8100,236.5,0.0,0.0,0.0,1,48.5,0.0,0,236.5,0.0,0.0,0.0,0.0,0.0,7
2023-05-10 21:08:05,l2401-C-8100,l2401-C-8100,236.5,0.0,0.0,0.0,10,49.0,0.0,0,236.5,0.0,0.0,0.0,0.0,0.0,7
2023-05-10 21:08:06,l2401-C-8100,l2401-C-8100,236.5,0.0,0.0,0.0,1,52.5,0.0,0,236.5,0.0,0.0,0.0,0.0,0.0,7
2023-05-10 21:08:06,l2401-C-8100,l2401-C-8100,236.5,0.0,0.0,0.0,10,53.0,0.0,0,236.5,0.0,0.0,0.0,0.0,0.0,7
2023-05-10 21:08:08,l2401-C-8100,l2401-C-8100,236.5,0.0,0.0,0.0,1,56.5,0.0,0,236.5,0.0,0.0,0.0,0.0,0.0,7
2023-05-10 21:08:08,l2401-C-8100,l2401-C-8100,236.5,0.0,0.0,0.0,10,57.0,0.0,0,236.5,0.0,0.0,0.0,0.0,0.0,7
2023-05-10 21:08:09,l2401-C-8100,l2401-C-8100,236.5,0.0,0.0,0.0,1,57.5,0.0,0,236.5,0.0,0.0,0.0,0.0,0.0,7
2023-05-10 21:08:09,l2401-C-8100,l2401-C-8100,236.5,0.0,0.0,0.0,10,58.0,0.0,0,236.5,0.0,0.0,0.0,0.0,0.0,7
2023-05-10 21:08:11,l2401-C-8100,l2401-C-8100,236.5,0.0,0.0,0.0,1,58.5,0.0,0,236.5,0.0,0.0,0.0,0.0,0.0,7
2023-05-10 21:08:11,l2401-C-8100,l2401-C-8100,236.5,0.0,0.0,0.0,10,59.0,0.0,0,236.5,0.0,0.0,0.0,0.0,0.0,7
2023-05-10 21:08:13,l2401-C-8100,l2401-C-8100,236.5,0.0,0.0,0.0,1,59.5,0.0,0,236.5,0.0,0.0,0.0,0.0,0.0,7
2023-05-10 21:08:13,l2401-C-8100,l2401-C-8100,236.5,0.0,0.0,0.0,10,60.0,0.0,0,236.5,0.0,0.0,0.0,0.0,0.0,7
2023-05-10 21:08:14,l2401-C-8100,l2401-C-8100,236.5,0.0,0.0,0.0,1,60.5,0.0,0,236.5,0.0,0.0,0.0,0.0,0.0,7
2023-05-10 21:08:14,l2401-C-8100,l2401-C-8100,236.5,0.0,0.0,0.0,10,61.0,0.0,0,236.5,0.0,0.0,0.0,0.0,0.0,7
2023-05-10 21:08:16,l2401-C-8100,l2401-C-8100,236.5,0.0,0.0,0.0,1,61.5,0.0,0,236.5,0.0,0.0,0.0,0.0,0.0,7
2023-05-10 21:08:16,l2401-C-8100,l2401-C-8100,236.5,0.0,0.0,0.0,10,62.0,0.0,0,236.5,0.0,0.0,0.0,0.0,0.0,7
2023-05-10 21:08:18,l2401-C-8100,l2401-C-8100,236.5,0.0,0.0,0.0,1,62.5,0.0,0,236.5,0.0,0.0,0.0,0.0,0.0,7
2023-05-10 21:08:18,l2401-C-8100,l2401-C-8100,236.5,0.0,0.0,0.0,10,63.0,0.0,0,236.5,0.0,0.0,0.0,0.0,0.0,7
2023-05-10 21:08:20,l2401-C-8100,l2401-C-8100,236.5,0.0,0.0,0.0,1,63.5,0.0,0,236.5,0.0,0.0,0.0,0.0,0.0,7
2023-05-10 21:08:20,l2401-C-8100,l2401-C-8100,236.5,0.0,0.0,0.0,10,64.0,0.0,0,236.5,0.0,0.0,0.0,0.0,0.0,7
2023-05-10 21:08:21,l2401-C-8100,l2401-C-8100,236.5,0.0,0.0,0.0,1,64.5,0.0,0,236.5,0.0,0.0,0.0,0.0,0.0,7
2023-05-10 21:08:21,l2401-C-8100,l2401-C-8100,236.5,0.0,0.0,0.0,10,65.0,0.0,0,236.5,0.0,0.0,0.0,0.0,0.0,7
2023-05-10 21:08:23,l2401-C-8100,l2401-C-8100,236.5,0.0,0.0,0.0,1,65.5,0.0,0,236.5,0.0,0.0,0.0,0.0,0.0,7
2023-05-10 21:08:23,l2401-C-8100,l2401-C-8100,236.5,0.0,0.0,0.0,10,66.0,0.0,0,236.5,0.0,0.0,0.0,0.0,0.0,7
2023-05-10 21:08:25,l2401-C-8100,l2401-C-8100,236.5,0.0,0.0,0.0,1,66.5,0.0,0,236.5,0.0,0.0,0.0,0.0,0.0,7
2023-05-10 21:08:25,l2401-C-8100,l2401-C-8100,236.5,0.0,0.0,0.0,10,67.0,0.0,0,236.5,0.0,0.0,0.0,0.0,0.0,7
2023-05-10 21:08:26,l2401-C-8100,l2401-C-8100,236.5,0.0,0.0,0.0,1,67.5,0.0,0,236.5,0.0,0.0,0.0,0.0,0.0,7
2023-05-10 21:08:26,l2401-C-8100,l2401-C-8100,236.5,0.0,0.0,0.0,10,68.0,0.0,0,236.5,0.0,0.0,0.0,0.0,0.0,7
2023-05-10 21:08:28,l2401-C-8100,l2401-C-8100,236.5,0.0,0.0,0.0,1,68.5,0.0,0,236.5,0.0,0.0,0.0,0.0,0.0,7
2023-05-10 21:08:28,l2401-C-8100,l2401-C-8100,236.5,0.0,0.0,0.0,10,69.0,0.0,0,236.5,0.0,0.0,0.0,0.0,0.0,7
2023-05-10 21:08:29,l2401-C-8100,l2401-C-8100,236.5,0.0,0.0,0.0,1,69.5,0.0,0,236.5,0.0,0.0,0.0,0.0,0.0,7
2023-05-10 21:08:29,l2401-C-8100,l2401-C-8100,236.5,0.0,0.0,0.0,10,70.0,0.0,0,236.5,0.0,0.0,0.0,0.0,0.0,7
2023-05-10 21:08:31,l2401-C-8100,l2401-C-8100,236.5,0.0,0.0,0.0,1,70.5,0.0,0,236.5,0.0,0.0,0.0,0.0,0.0,7
2023-05-10 21:08:31,l2401-C-8100,l2401-C-8100,236.5,0.0,0.0,0.0,10,71.0,0.0,0,236.5,0.0,0.0,0.0,0.0,0.0,7
2023-05-10 21:08:32,l2401-C-8100,l2401-C-8100,236.5,0.0,0.0,0.0,1,71.5,0.0,0,236.5,0.0,0.0,0.0,0.0,0.0,7
2023-05-10 21:08:32,l2401-C-8100,l2401-C-8100,236.5,0.0,0.0,0.0,10,72.0,0.0,0,236.5,0.0,0.0,0.0,0.0,0.0,7
2023-05-10 21:08:34,l2401-C-8100,l2401-C-8100,236.5,0.0,0.0,0.0,1,72.5,0.0,0,236.5,0.0,0.0,0.0,0.0,0.0,7
2023-05-10 21:08:34,l2401-C-8100,l2401-C-8100,236.5,0.0,0.0,0.0,10,73.0,0.0,0,236.5,0.0,0.0,0.0,0.0,0.0,7
2023-05-10 21:08:35,l2401-C-8100,l2401-C-8100,236.5,0.0,0.0,0.0,1,73.5,0.0,0,236.5,0.0,0.0,0.0,0.0,0.0,7
2023-05-10 21:08:35,l2401-C-8100,l2401-C-8100,236.5,0.0,0.0,0.0,10,74.0,0.0,0,236.5,0.0,0.0,0.0,0.0,0.0,7
2023-05-10 21:08:37,l2401-C-8100,l2401-C-8100,236.5,0.0,0.0,0.0,1,74.5,0.0,0,236.5,0.0,0.0,0.0,0.0,0.0,7
2023-05-10 21:08:37,l2401-C-8100,l2401-C-8100,236.5,0.0,0.0,0.0,10,75.0,0.0,0,236.5,0.0,0.0,0.0,0.0,0.0,7
2023-05-10 21:08:38,l2401-C-8100,l2401-C-8100,236.5,0.0,0.0,0.0,1,75.5,0.0,0,236.5,0.0,0.0,0.0,0.0,0.0,7
2023-05-10 21:08:38,l2401-C-8100,l2401-C-8100,236.5,0.0,0.0,0.0,10,76.0,0.0,0,236.5,0.0,0.0,0.0,0.0,0.0,7
2023-05-10 21:08:39,l2401-C-8100,l2401-C-8100,236.5,0.0,0.0,0.0,1,76.5,0.0,0,236.5,0.0,0.0,0.0,0.0,0.0,7
2023-05-10 21:08:39,l2401-C-8100,l2401-C-8100,236.5,0.0,0.0,0.0,10,77.0,0.0,0,236.5,0.0,0.0,0.0,0.0,0.0,7
2023-05-10 21:08:40,l2401-C-8100,l2401-C-8100,236.5,0.0,0.0,0.0,1,77.5,0.0,0,236.5,0.0,0.0,0.0,0.0,0.0,7
2023-05-10 21:08:40,l2401-C-8100,l2401-C-8100,236.5,0.0,0.0,0.0,10,78.0,0.0,0,236.5,0.0,0.0,0.0,0.0,0.0,7
2023-05-10 21:08:41,l2401-C-8100,l2401-C-8100,236.5,0.0,0.0,0.0,1,78.5,0.0,0,236.5,0.0,0.0,0.0,0.0,0.0,7
2023-05-10 21:08:41,l2401-C-8100,l2401-C-8100,236.5,0.0,0.0,0.0,10,79.0,0.0,0,236.5,0.0,0.0,0.0,0.0,0.0,7
2023-05-10 21:08:42,l2401-C-8100,l2401-C-8100,236.5,0.0,0.0,0.0,1,79.5,0.0,0,236.5,0.0,0.0,0.0,0.0,0.0,7
2023-05-10 21:08:42,l2401-C-8100,l2401-C-8100,236.5,0.0,0.0,0.0,10,80.0,0.0,0,236.5,0.0,0.0,0.0,0.0,0.0,7
2023-05-10 21:08:44,l2401-C-8100,l2401-C-8100,236.5,0.0,0.0,0.0,1,80.5,0.0,0,236.5,0.0,0.0,0.0,0.0,0.0,7
2023-05-10 21:08:44,l2401-C-8100,l2401-C-8100,236.5,0.0,0.0,0.0,10,81.0,0.0,0,236.5,0.0,0.0,0.0,0.0,0.0,7
2023-05-10 21:08:45,l2401-C-8100,l2401-C-8100,236.5,0.0,0.0,0.0,1,81.5,0.0,0,236.5,0.0,0.0,0.0,0.0,0.0,7
2023-05-10 21:08:45,l2401-C-8100,l2401-C-8100,236.5,0.0,0.0,0.0,10,82.0,0.0,0,236.5,0.0,0.0,0.0,0.0,0.0,7
2023-05-10 21:08:46,l2401-C-8100,l2401-C-8100,236.5,0.0,0.0,0.0,1,82.5,0.0,0,236.5,0.0,0.0,0.0,0.0,0.0,7
2023-05-10 21:08:46,l2401-C-8100,l2401-C-8100,236.5,0.0,0.0,0.0,10,83.0,0.0,0,236.5,0.0,0.0,0.0,0.0,0.0,7
2023-05-10 21:08:47,l2401-C-8100,l2401-C-8100,236.5,0.0,0.0,0.0,1,83.5,0.0,0,236.5,0.0,0.0,0.0,0.0,0.0,7
2023-05-10 21:08:47,l2401-C-8100,l2401-C-8100,236.5,0.0,0.0,0.0,10,84.0,0.0,0,236.5,0.0,0.0,0.0,0.0,0.0,7
2023-05-10 21:08:48,l2401-C-8100,l2401-C-8100,236.5,0.0,0.0,0.0,1,84.5,0.0,0,236.5,0.0,0.0,0.0,0.0,0.0,7
2023-05-10 21:08:48,l2401-C-8100,l2401-C-8100,236.5,0.0,0.0,0.0,10,85.0,0.0,0,236.5,0.0,0.0,0.0,0.0,0.0,7
2023-05-10 21:08:50,l2401-C-8100,l2401-C-8100,236.5,0.0,0.0,0.0,1,85.5,0.0,0,236.5,0.0,0.0,0.0,0.0,0.0,7
2023-05-10 21:08:50,l2401-C-8100,l2401-C-8100,236.5,0.0,0.0,0.0,10,86.0,0.0,0,236.5,0.0,0.0,0.0,0.0,0.0,7
2023-05-10 21:08:51,l2401-C-8100,l2401-C-8100,236.5,0.0,0.0,0.0,1,86.5,0.0,0,236.5,0.0,0.0,0.0,0.0,0.0,7
2023-05-10 21:08:51,l2401-C-8100,l2401-C-8100,236.5,0.0,0.0,0.0,10,87.0,0.0,0,236.5,0.0,0.0,0.0,0.0,0.0,7
2023-05-10 21:08:52,l2401-C-8100,l2401-C-8100,236.5,0.0,0.0,0.0,1,87.5,0.0,0,236.5,0.0,0.0,0.0,0.0,0.0,7
2023-05-10 21:08:52,l2401-C-8100,l2401-C-8100,236.5,0.0,0.0,0.0,10,88.0,0.0,0,236.5,0.0,0.0,0.0,0.0,0.0,7
2023-05-10 21:08:53,l2401-C-8100,l2401-C-8100,236.5,0.0,0.0,0.0,1,88.5,0.0,0,236.5,0.0,0.0,0.0,0.0,0.0,7
2023-05-10 21:08:53,l2401-C-8100,l2401-C-8100,236.5,0.0,0.0,0.0,10,89.0,0.0,0,236.5,0.0,0.0,0.0,0.0,0.0,7
2023-05-10 21:08:55,l2401-C-8100,l2401-C-8100,236.5,0.0,0.0,0.0,1,89.5,0.0,0,236.5,0.0,0.0,0.0,0.0,0.0,7
2023-05-10 21:08:55,l2401-C-8100,l2401-C-8100,236.5,0.0,0.0,0.0,10,90.0,0.0,0,236.5,0.0,0.0,0.0,0.0,0.0,7
2023-05-10 21:08:56,l2401-C-8100,l2401-C-8100,236.5,0.0,0.0,0.0,1,90.5,0.0,0,236.5,0.0,0.0,0.0,0.0,0.0,7
2023-05-10 21:08:56,l2401-C-8100,l2401-C-8100,236.5,0.0,0.0,0.0,10,91.0,0.0,0,236.5,0.0,0.0,0.0,0.0,0.0,7
2023-05-10 21:08:57,l2401-C-8100,l2401-C-8100,236.5,0.0,0.0,0.0,1,91.5,0.0,0,236.5,0.0,0.0,0.0,0.0,0.0,7
2023-05-10 21:08:57,l2401-C-8100,l2401-C-8100,236.5,0.0,0.0,0.0,10,92.0,0.0,0,236.5,0.0,0.0,0.0,0.0,0.0,7
2023-05-10 21:08:59,l2401-C-8100,l2401-C-8100,236.5,0.0,0.0,0.0,1,92.5,0.0,0,236.5,0.0,0.0,0.0,0.0,0.0,7
2023-05-10 21:08:59,l2401-C-8100,l2401-C-8100,236.5,0.0,0.0,0.0,10,93.0,0.0,0,236.5,0.0,0.0,0.0,0.0,0.0,7
2023-05-10 21:09:00,l2401-C-8100,l2401-C-8100,236.5,0.0,0.0,0.0,1,93.5,0.0,0,236.5,0.0,0.0,0.0,0.0,0.0,7
2023-05-10 21:09:00,l2401-C-8100,l2401-C-8100,236.5,0.0,0.0,0.0,10,94.0,0.0,0,236.5,0.0,0.0,0.0,0.0,0.0,7
2023-05-10 21:09:01,l2401-C-8100,l2401-C-8100,236.5,0.0,0.0,0.0,1,94.5,0.0,0,236.5,0.0,0.0,0.0,0.0,0.0,7
2023-05-10 21:09:01,l2401-C-8100,l2401-C-8100,236.5,0.0,0.0,0.0,10,95.0,0.0,0,236.5,0.0,0.0,0.0,0.0,0.0,7
2023-05-10 21:09:02,l2401-C-8100,l2401-C-8100,236.5,0.0,0.0,0.0,1,95.5,0.0,0,236.5,0.0,0.0,0.0,0.0,0.0,7
2023-05-10 21:09:02,l2401-C-8100,l2401-C-8100,236.5,0.0,0.0,0.0,10,96.0,0.0,0,236.5,0.0,0.0,0.0,0.0,0.0,7
2023-05-10 21:09:03,l2401-C-8100,l2401-C-8100,236.5,0.0,0.0,0.0,1,96.5,0.0,0,236.5,0.0,0.0,0.0,0.0,0.0,7
2023-05-10 21:09:03,l2401-C-8100,l2401-C-8100,236.5,0.0,0.0,0.0,10,97.0,0.0,0,236.5,0.0,0.0,0.0,0.0,0.0,7
2023-05-10 21:09:04,l2401-C-8100,l2401-C-8100,236.5,0.0,0.0,0.0,1,97.5,0.0,0,236.5,0.0,0.0,0.0,0.0,0.0,7
2023-05-10 21:09:04,l2401-C-8100,l2401-C-8100,236.5,0.0,0.0,0.0,10,98.0,0.0,0,236.5,0.0,0.0,0.0,0.0,0.0,7
2023-05-10 21:09:05,l2401-C-8100,l2401-C-8100,236.5,0.0,0.0,0.0,1,98.5,0.0,0,236.5,0.0,0.0,0.0,0.0,0.0,7
2023-05-10 21:09:05,l2401-C-8100,l2401-C-8100,236.5,0.0,0.0,0.0,10,99.0,0.0,0,236.5,0.0,0.0,0.0,0.0,0.0,7
2023-05-10 21:09:06,l2401-C-8100,l2401-C-8100,236.5,0.0,0.0,0.0,1,99.5,0.0,0,236.5,0.0,0.0,0.0,0.0,0.0,7
2023-05-10 21:09:06,l2401-C-8100,l2401-C-8100,236.5,0.0,0.0,0.0,10,100.0,0.0,0,236.5,0.0,0.0,0.0,0.0,0.0,7
2023-05-10 21:09:07,l2401-C-8100,l2401-C-8100,236.5,0.0,0.0,0.0,1,100.5,0.0,0,236.5,0.0,0.0,0.0,0.0,0.0,7
2023-05-10 21:09:07,l2401-C-8100,l2401-C-8100,236.5,0.0,0.0,0.0,10,101.0,0.0,0,236.5,0.0,0.0,0.0,0.0,0.0,7
2023-05-10 21:09:08,l2401-C-8100,l2401-C-8100,236.5,0.0,0.0,0.0,1,101.5,0.0,0,236.5,0.0,0.0,0.0,0.0,0.0,7
2023-05-10 21:09:08,l2401-C-8100,l2401-C-8100,236.5,0.0,0.0,0.0,10,102.0,0.0,0,236.5,0.0,0.0,0.0,0.0,0.0,7
2023-05-10 21:09:10,l2401-C-8100,l2401-C-8100,236.5,0.0,0.0,0.0,1,102.5,0.0,0,236.5,0.0,0.0,0.0,0.0,0.0,7
2023-05-10 21:09:10,l2401-C-8100,l2401-C-8100,236.5,0.0,0.0,0.0,10,103.0,0.0,0,236.5,0.0,0.0,0.0,0.0,0.0,7
2023-05-10 21:09:11,l2401-C-8100,l2401-C-8100,236.5,0.0,0.0,0.0,1,103.5,0.0,0,236.5,0.0,0.0,0.0,0.0,0.0,7
2023-05-10 21:09:11,l2401-C-8100,l2401-C-8100,236.5,0.0,0.0,0.0,10,104.0,0.0,0,236.5,0.0,0.0,0.0,0.0,0.0,7
2023-05-10 21:09:12,l2401-C-8100,l2401-C-8100,236.5,0.0,0.0,0.0,1,104.5,0.0,0,236.5,0.0,0.0,0.0,0.0,0.0,7
2023-05-10 21:09:12,l2401-C-8100,l2401-C-8100,236.5,0.0,0.0,0.0,10,105.0,0.0,0,236.5,0.0,0.0,0.0,0.0,0.0,7
2023-05-10 22:18:54,l2401-C-8100,l2401-C-8100,236.5,0.0,0.0,0.0,1,171.0,198.0,1,236.5,0.0,0.0,0.0,0.0,0.0,7
2023-05-10 22:18:56,l2401-C-8100,l2401-C-8100,236.5,0.0,0.0,0.0,2,171.0,198.0,2,236.5,0.0,0.0,0.0,0.0,0.0,7
2023-05-10 22:19:00,l2401-C-8100,l2401-C-8100,236.5,0.0,0.0,0.0,3,171.0,198.0,3,236.5,0.0,0.0,0.0,0.0,0.0,7
2023-05-10 22:19:05,l2401-C-8100,l2401-C-8100,236.5,0.0,0.0,0.0,2,171.0,198.0,2,236.5,0.0,0.0,0.0,0.0,0.0,7
2023-05-10 22:19:08,l2401-C-8100,l2401-C-8100,236.5,0.0,0.0,0.0,1,171.0,198.0,1,236.5,0.0,0.0,0.0,0.0,0.0,7
2023-05-10 22:19:12,l2401-C-8100,l2401-C-8100,236.5,0.0,0.0,0.0,5,9.0,0.0,0,236.5,0.0,0.0,0.0,0.0,0.0,7
2023-05-10 22:19:12,l2401-C-8100,l2401-C-8100,236.5,0.0,0.0,0.0,1,15.5,0.0,0,236.5,0.0,0.0,0.0,0.0,0.0,7
2023-05-10 22:19:12,l2401-C-8100,l2401-C-8100,236.5,0.0,0.0,0.0,10,16.0,0.0,0,236.5,0.0,0.0,0.0,0.0,0.0,7
2023-05-10 22:19:13,l2401-C-8100,l2401-C-8100,236.5,0.0,0.0,0.0,1,22.5,0.0,0,236.5,0.0,0.0,0.0,0.0,0.0,7
2023-05-10 22:19:13,l2401-C-8100,l2401-C-8100,236.5,0.0,0.0,0.0,10,23.0,0.0,0,236.5,0.0,0.0,0.0,0.0,0.0,7
2023-05-10 22:19:14,l2401-C-8100,l2401-C-8100,236.5,0.0,0.0,0.0,1,29.5,0.0,0,236.5,0.0,0.0,0.0,0.0,0.0,7
2023-05-10 22:19:14,l2401-C-8100,l2401-C-8100,236.5,0.0,0.0,0.0,10,30.0,0.0,0,236.5,0.0,0.0,0.0,0.0,0.0,7
2023-05-10 22:19:15,l2401-C-8100,l2401-C-8100,236.5,0.0,0.0,0.0,1,36.5,0.0,0,236.5,0.0,0.0,0.0,0.0,0.0,7
2023-05-10 22:19:15,l2401-C-8100,l2401-C-8100,236.5,0.0,0.0,0.0,10,37.0,0.0,0,236.5,0.0,0.0,0.0,0.0,0.0,7
2023-05-10 22:19:16,l2401-C-8100,l2401-C-8100,236.5,0.0,0.0,0.0,1,43.5,0.0,0,236.5,0.0,0.0,0.0,0.0,0.0,7
2023-05-10 22:19:16,l2401-C-8100,l2401-C-8100,236.5,0.0,0.0,0.0,10,44.0,0.0,0,236.5,0.0,0.0,0.0,0.0,0.0,7
2023-05-10 22:19:17,l2401-C-8100,l2401-C-8100,236.5,0.0,0.0,0.0,1,50.5,0.0,0,236.5,0.0,0.0,0.0,0.0,0.0,7
2023-05-10 22:19:17,l2401-C-8100,l2401-C-8100,236.5,0.0,0.0,0.0,10,51.0,0.0,0,236.5,0.0,0.0,0.0,0.0,0.0,7
2023-05-10 22:19:18,l2401-C-8100,l2401-C-8100,236.5,0.0,0.0,0.0,1,57.5,0.0,0,236.5,0.0,0.0,0.0,0.0,0.0,7
2023-05-10 22:19:18,l2401-C-8100,l2401-C-8100,236.5,0.0,0.0,0.0,10,58.0,0.0,0,236.5,0.0,0.0,0.0,0.0,0.0,7
2023-05-10 22:19:20,l2401-C-8100,l2401-C-8100,236.5,0.0,0.0,0.0,1,64.5,0.0,0,236.5,0.0,0.0,0.0,0.0,0.0,7
2023-05-10 22:19:20,l2401-C-8100,l2401-C-8100,236.5,0.0,0.0,0.0,10,65.0,0.0,0,236.5,0.0,0.0,0.0,0.0,0.0,7
2023-05-10 22:19:21,l2401-C-8100,l2401-C-8100,236.5,0.0,0.0,0.0,1,71.5,0.0,0,236.5,0.0,0.0,0.0,0.0,0.0,7
2023-05-10 22:19:21,l2401-C-8100,l2401-C-8100,236.5,0.0,0.0,0.0,10,72.0,0.0,0,236.5,0.0,0.0,0.0,0.0,0.0,7
2023-05-10 22:19:22,l2401-C-8100,l2401-C-8100,236.5,0.0,0.0,0.0,1,78.5,0.0,0,236.5,0.0,0.0,0.0,0.0,0.0,7
2023-05-10 22:19:22,l2401-C-8100,l2401-C-8100,236.5,0.0,0.0,0.0,10,79.0,0.0,0,236.5,0.0,0.0,0.0,0.0,0.0,7
2023-05-10 22:19:23,l2401-C-8100,l2401-C-8100,236.5,0.0,0.0,0.0,1,82.5,0.0,0,236.5,0.0,0.0,0.0,0.0,0.0,7
2023-05-10 22:19:23,l2401-C-8100,l2401-C-8100,236.5,0.0,0.0,0.0,10,83.0,0.0,0,236.5,0.0,0.0,0.0,0.0,0.0,7
2023-05-10 22:19:24,l2401-C-8100,l2401-C-8100,236.5,0.0,0.0,0.0,1,83.5,0.0,0,236.5,0.0,0.0,0.0,0.0,0.0,7
2023-05-10 22:19:24,l2401-C-8100,l2401-C-8100,236.5,0.0,0.0,0.0,10,84.0,0.0,0,236.5,0.0,0.0,0.0,0.0,0.0,7
2023-05-10 22:19:25,l2401-C-8100,l2401-C-8100,236.5,0.0,0.0,0.0,1,84.5,0.0,0,236.5,0.0,0.0,0.0,0.0,0.0,7
2023-05-10 22:19:25,l2401-C-8100,l2401-C-8100,236.5,0.0,0.0,0.0,10,85.0,0.0,0,236.5,0.0,0.0,0.0,0.0,0.0,7
2023-05-10 22:19:26,l2401-C-8100,l2401-C-8100,236.5,0.0,0.0,0.0,1,85.5,0.0,0,236.5,0.0,0.0,0.0,0.0,0.0,7
2023-05-10 22:19:26,l2401-C-8100,l2401-C-8100,236.5,0.0,0.0,0.0,10,86.0,0.0,0,236.5,0.0,0.0,0.0,0.0,0.0,7
2023-05-10 22:19:27,l2401-C-8100,l2401-C-8100,236.5,0.0,0.0,0.0,1,86.5,0.0,0,236.5,0.0,0.0,0.0,0.0,0.0,7
2023-05-10 22:19:27,l2401-C-8100,l2401-C-8100,236.5,0.0,0.0,0.0,10,87.0,0.0,0,236.5,0.0,0.0,0.0,0.0,0.0,7
2023-05-10 22:19:28,l2401-C-8100,l2401-C-8100,236.5,0.0,0.0,0.0,1,87.5,0.0,0,236.5,0.0,0.0,0.0,0.0,0.0,7
2023-05-10 22:19:28,l2401-C-8100,l2401-C-8100,236.5,0.0,0.0,0.0,10,88.0,0.0,0,236.5,0.0,0.0,0.0,0.0,0.0,7
2023-05-10 22:19:29,l2401-C-8100,l2401-C-8100,236.5,0.0,0.0,0.0,1,88.5,0.0,0,236.5,0.0,0.0,0.0,0.0,0.0,7
2023-05-10 22:19:29,l2401-C-8100,l2401-C-8100,236.5,0.0,0.0,0.0,10,89.0,0.0,0,236.5,0.0,0.0,0.0,0.0,0.0,7
2023-05-10 22:19:30,l2401-C-8100,l2401-C-8100,236.5,0.0,0.0,0.0,1,89.5,0.0,0,236.5,0.0,0.0,0.0,0.0,0.0,7
2023-05-10 22:19:30,l2401-C-8100,l2401-C-8100,236.5,0.0,0.0,0.0,10,90.0,0.0,0,236.5,0.0,0.0,0.0,0.0,0.0,7
2023-05-10 22:19:31,l2401-C-8100,l2401-C-8100,236.5,0.0,0.0,0.0,1,90.5,0.0,0,236.5,0.0,0.0,0.0,0.0,0.0,7
2023-05-10 22:19:31,l2401-C-8100,l2401-C-8100,236.5,0.0,0.0,0.0,10,91.0,0.0,0,236.5,0.0,0.0,0.0,0.0,0.0,7
2023-05-10 22:19:33,l2401-C-8100,l2401-C-8100,236.5,0.0,0.0,0.0,1,91.5,0.0,0,236.5,0.0,0.0,0.0,0.0,0.0,7
2023-05-10 22:19:33,l2401-C-8100,l2401-C-8100,236.5,0.0,0.0,0.0,10,92.0,0.0,0,236.5,0.0,0.0,0.0,0.0,0.0,7
2023-05-10 22:19:34,l2401-C-8100,l2401-C-8100,236.5,0.0,0.0,0.0,1,92.5,0.0,0,236.5,0.0,0.0,0.0,0.0,0.0,7
2023-05-10 22:19:34,l2401-C-8100,l2401-C-8100,236.5,0.0,0.0,0.0,10,93.0,0.0,0,236.5,0.0,0.0,0.0,0.0,0.0,7
2023-05-10 22:19:35,l2401-C-8100,l2401-C-8100,236.5,0.0,0.0,0.0,1,93.5,0.0,0,236.5,0.0,0.0,0.0,0.0,0.0,7
2023-05-10 22:19:35,l2401-C-8100,l2401-C-8100,236.5,0.0,0.0,0.0,10,94.0,0.0,0,236.5,0.0,0.0,0.0,0.0,0.0,7
2023-05-10 22:19:36,l2401-C-8100,l2401-C-8100,236.5,0.0,0.0,0.0,1,94.5,0.0,0,236.5,0.0,0.0,0.0,0.0,0.0,7
2023-05-10 22:19:36,l2401-C-8100,l2401-C-8100,236.5,0.0,0.0,0.0,10,95.0,0.0,0,236.5,0.0,0.0,0.0,0.0,0.0,7
2023-05-10 22:19:37,l2401-C-8100,l2401-C-8100,236.5,0.0,0.0,0.0,1,95.5,0.0,0,236.5,0.0,0.0,0.0,0.0,0.0,7
2023-05-10 22:19:37,l2401-C-8100,l2401-C-8100,236.5,0.0,0.0,0.0,10,96.0,0.0,0,236.5,0.0,0.0,0.0,0.0,0.0,7
2023-05-10 22:19:38,l2401-C-8100,l2401-C-8100,236.5,0.0,0.0,0.0,1,96.5,0.0,0,236.5,0.0,0.0,0.0,0.0,0.0,7
2023-05-10 22:19:38,l2401-C-8100,l2401-C-8100,236.5,0.0,0.0,0.0,10,97.0,0.0,0,236.5,0.0,0.0,0.0,0.0,0.0,7
2023-05-10 22:19:39,l2401-C-8100,l2401-C-8100,236.5,0.0,0.0,0.0,1,97.5,0.0,0,236.5,0.0,0.0,0.0,0.0,0.0,7
2023-05-10 22:19:39,l2401-C-8100,l2401-C-8100,236.5,0.0,0.0,0.0,10,98.0,0.0,0,236.5,0.0,0.0,0.0,0.0,0.0,7
2023-05-10 22:19:40,l2401-C-8100,l2401-C-8100,236.5,0.0,0.0,0.0,1,98.5,0.0,0,236.5,0.0,0.0,0.0,0.0,0.0,7
2023-05-10 22:19:40,l2401-C-8100,l2401-C-8100,236.5,0.0,0.0,0.0,10,99.0,0.0,0,236.5,0.0,0.0,0.0,0.0,0.0,7
2023-05-10 22:19:42,l2401-C-8100,l2401-C-8100,236.5,0.0,0.0,0.0,1,99.5,0.0,0,236.5,0.0,0.0,0.0,0.0,0.0,7
2023-05-10 22:19:42,l2401-C-8100,l2401-C-8100,236.5,0.0,0.0,0.0,10,100.0,0.0,0,236.5,0.0,0.0,0.0,0.0,0.0,7
2023-05-10 22:19:43,l2401-C-8100,l2401-C-8100,236.5,0.0,0.0,0.0,1,100.5,0.0,0,236.5,0.0,0.0,0.0,0.0,0.0,7
2023-05-10 22:19:43,l2401-C-8100,l2401-C-8100,236.5,0.0,0.0,0.0,10,101.0,0.0,0,236.5,0.0,0.0,0.0,0.0,0.0,7
2023-05-10 22:22:15,l2401-C-8100,l2401-C-8100,236.5,0.0,0.0,0.0,1,101.5,0.0,0,236.5,0.0,0.0,0.0,0.0,0.0,7
2023-05-10 22:22:15,l2401-C-8100,l2401-C-8100,236.5,0.0,0.0,0.0,10,102.0,0.0,0,236.5,0.0,0.0,0.0,0.0,0.0,7
2023-05-10 22:57:32,l2401-C-8100,l2401-C-8100,236.5,0.0,0.0,0.0,1,9.5,0.0,0,236.5,0.0,0.0,0.0,0.0,0.0,7
2023-05-11 09:00:03,l2401-C-8100,l2401-C-8100,236.5,0.0,0.0,0.0,1,3.5,0.0,0,236.5,0.0,0.0,0.0,0.0,0.0,7
2023-05-11 09:00:03,l2401-C-8100,l2401-C-8100,236.5,0.0,0.0,0.0,10,4.0,0.0,0,236.5,0.0,0.0,0.0,0.0,0.0,7
2023-05-11 09:00:47,l2401-C-8100,l2401-C-8100,236.5,0.0,0.0,0.0,1,4.5,0.0,0,236.5,0.0,0.0,0.0,0.0,0.0,7
2023-05-11 09:00:47,l2401-C-8100,l2401-C-8100,236.5,0.0,0.0,0.0,10,5.0,0.0,0,236.5,0.0,0.0,0.0,0.0,0.0,7
2023-05-11 09:01:40,l2401-C-8100,l2401-C-8100,236.5,0.0,0.0,0.0,1,11.5,0.0,0,236.5,0.0,0.0,0.0,0.0,0.0,7
2023-05-11 09:01:40,l2401-C-8100,l2401-C-8100,236.5,0.0,0.0,0.0,10,12.0,0.0,0,236.5,0.0,0.0,0.0,0.0,0.0,7
2023-05-11 09:03:23,l2401-C-8100,l2401-C-8100,236.5,0.0,0.0,0.0,1,12.5,0.0,0,236.5,0.0,0.0,0.0,0.0,0.0,7
2023-05-11 09:03:23,l2401-C-8100,l2401-C-8100,236.5,0.0,0.0,0.0,10,13.0,0.0,0,236.5,0.0,0.0,0.0,0.0,0.0,7
2023-05-11 09:03:45,l2401-C-8100,l2401-C-8100,236.5,0.0,0.0,0.0,1,13.5,0.0,0,236.5,0.0,0.0,0.0,0.0,0.0,7
2023-05-11 09:03:45,l2401-C-8100,l2401-C-8100,236.5,0.0,0.0,0.0,10,14.0,0.0,0,236.5,0.0,0.0,0.0,0.0,0.0,7
2023-05-11 09:03:48,l2401-C-8100,l2401-C-8100,236.5,0.0,0.0,0.0,1,14.5,0.0,0,236.5,0.0,0.0,0.0,0.0,0.0,7
2023-05-11 09:03:48,l2401-C-8100,l2401-C-8100,236.5,0.0,0.0,0.0,10,15.0,0.0,0,236.5,0.0,0.0,0.0,0.0,0.0,7
2023-05-11 09:03:50,l2401-C-8100,l2401-C-8100,236.5,0.0,0.0,0.0,1,15.5,0.0,0,236.5,0.0,0.0,0.0,0.0,0.0,7
2023-05-11 09:03:50,l2401-C-8100,l2401-C-8100,236.5,0.0,0.0,0.0,10,16.0,0.0,0,236.5,0.0,0.0,0.0,0.0,0.0,7
2023-05-11 09:03:52,l2401-C-8100,l2401-C-8100,236.5,0.0,0.0,0.0,1,16.5,0.0,0,236.5,0.0,0.0,0.0,0.0,0.0,7
2023-05-11 09:03:52,l2401-C-8100,l2401-C-8100,236.5,0.0,0.0,0.0,10,17.0,0.0,0,236.5,0.0,0.0,0.0,0.0,0.0,7
2023-05-11 09:03:54,l2401-C-8100,l2401-C-8100,236.5,0.0,0.0,0.0,1,17.5,0.0,0,236.5,0.0,0.0,0.0,0.0,0.0,7
2023-05-11 09:03:54,l2401-C-8100,l2401-C-8100,236.5,0.0,0.0,0.0,10,18.0,0.0,0,236.5,0.0,0.0,0.0,0.0,0.0,7
2023-05-11 09:03:56,l2401-C-8100,l2401-C-8100,236.5,0.0,0.0,0.0,1,18.5,0.0,0,236.5,0.0,0.0,0.0,0.0,0.0,7
2023-05-11 09:03:56,l2401-C-8100,l2401-C-8100,236.5,0.0,0.0,0.0,10,19.0,0.0,0,236.5,0.0,0.0,0.0,0.0,0.0,7
2023-05-11 09:03:58,l2401-C-8100,l2401-C-8100,236.5,0.0,0.0,0.0,1,19.5,0.0,0,236.5,0.0,0.0,0.0,0.0,0.0,7
2023-05-11 09:03:58,l2401-C-8100,l2401-C-8100,236.5,0.0,0.0,0.0,10,20.0,0.0,0,236.5,0.0,0.0,0.0,0.0,0.0,7
2023-05-11 09:04:00,l2401-C-8100,l2401-C-8100,236.5,0.0,0.0,0.0,1,20.5,0.0,0,236.5,0.0,0.0,0.0,0.0,0.0,7
2023-05-11 09:04:00,l2401-C-8100,l2401-C-8100,236.5,0.0,0.0,0.0,10,21.0,0.0,0,236.5,0.0,0.0,0.0,0.0,0.0,7
2023-05-11 09:04:01,l2401-C-8100,l2401-C-8100,236.5,0.0,0.0,0.0,1,21.5,0.0,0,236.5,0.0,0.0,0.0,0.0,0.0,7
2023-05-11 09:04:01,l2401-C-8100,l2401-C-8100,236.5,0.0,0.0,0.0,10,22.0,0.0,0,236.5,0.0,0.0,0.0,0.0,0.0,7
2023-05-11 09:04:03,l2401-C-8100,l2401-C-8100,236.5,0.0,0.0,0.0,1,22.5,0.0,0,236.5,0.0,0.0,0.0,0.0,0.0,7
2023-05-11 09:04:03,l2401-C-8100,l2401-C-8100,236.5,0.0,0.0,0.0,10,23.0,0.0,0,236.5,0.0,0.0,0.0,0.0,0.0,7
2023-05-11 09:04:05,l2401-C-8100,l2401-C-8100,236.5,0.0,0.0,0.0,1,23.5,0.0,0,236.5,0.0,0.0,0.0,0.0,0.0,7
2023-05-11 09:04:05,l2401-C-8100,l2401-C-8100,236.5,0.0,0.0,0.0,10,24.0,0.0,0,236.5,0.0,0.0,0.0,0.0,0.0,7
2023-05-11 09:04:07,l2401-C-8100,l2401-C-8100,236.5,0.0,0.0,0.0,1,24.5,0.0,0,236.5,0.0,0.0,0.0,0.0,0.0,7
2023-05-11 09:04:07,l2401-C-8100,l2401-C-8100,236.5,0.0,0.0,0.0,10,25.0,0.0,0,236.5,0.0,0.0,0.0,0.0,0.0,7
2023-05-11 09:04:08,l2401-C-8100,l2401-C-8100,236.5,0.0,0.0,0.0,1,25.5,0.0,0,236.5,0.0,0.0,0.0,0.0,0.0,7
2023-05-11 09:04:08,l2401-C-8100,l2401-C-8100,236.5,0.0,0.0,0.0,10,26.0,0.0,0,236.5,0.0,0.0,0.0,0.0,0.0,7
2023-05-11 09:04:10,l2401-C-8100,l2401-C-8100,236.5,0.0,0.0,0.0,1,26.5,0.0,0,236.5,0.0,0.0,0.0,0.0,0.0,7
2023-05-11 09:04:10,l2401-C-8100,l2401-C-8100,236.5,0.0,0.0,0.0,10,27.0,0.0,0,236.5,0.0,0.0,0.0,0.0,0.0,7
2023-05-11 09:04:12,l2401-C-8100,l2401-C-8100,236.5,0.0,0.0,0.0,1,33.5,0.0,0,236.5,0.0,0.0,0.0,0.0,0.0,7
2023-05-11 09:04:12,l2401-C-8100,l2401-C-8100,236.5,0.0,0.0,0.0,10,34.0,0.0,0,236.5,0.0,0.0,0.0,0.0,0.0,7
2023-05-11 09:04:13,l2401-C-8100,l2401-C-8100,236.5,0.0,0.0,0.0,1,34.5,0.0,0,236.5,0.0,0.0,0.0,0.0,0.0,7
2023-05-11 09:04:13,l2401-C-8100,l2401-C-8100,236.5,0.0,0.0,0.0,10,35.0,0.0,0,236.5,0.0,0.0,0.0,0.0,0.0,7
2023-05-11 09:04:15,l2401-C-8100,l2401-C-8100,236.5,0.0,0.0,0.0,1,35.5,0.0,0,236.5,0.0,0.0,0.0,0.0,0.0,7
2023-05-11 09:04:15,l2401-C-8100,l2401-C-8100,236.5,0.0,0.0,0.0,10,36.0,0.0,0,236.5,0.0,0.0,0.0,0.0,0.0,7
2023-05-11 09:04:17,l2401-C-8100,l2401-C-8100,236.5,0.0,0.0,0.0,1,36.5,0.0,0,236.5,0.0,0.0,0.0,0.0,0.0,7
2023-05-11 09:04:17,l2401-C-8100,l2401-C-8100,236.5,0.0,0.0,0.0,10,37.0,0.0,0,236.5,0.0,0.0,0.0,0.0,0.0,7
2023-05-11 09:04:18,l2401-C-8100,l2401-C-8100,236.5,0.0,0.0,0.0,1,37.5,0.0,0,236.5,0.0,0.0,0.0,0.0,0.0,7
2023-05-11 09:04:18,l2401-C-8100,l2401-C-8100,236.5,0.0,0.0,0.0,10,38.0,0.0,0,236.5,0.0,0.0,0.0,0.0,0.0,7
2023-05-11 09:04:20,l2401-C-8100,l2401-C-8100,236.5,0.0,0.0,0.0,1,38.5,0.0,0,236.5,0.0,0.0,0.0,0.0,0.0,7
2023-05-11 09:04:20,l2401-C-8100,l2401-C-8100,236.5,0.0,0.0,0.0,10,39.0,0.0,0,236.5,0.0,0.0,0.0,0.0,0.0,7
2023-05-11 09:04:22,l2401-C-8100,l2401-C-8100,236.5,0.0,0.0,0.0,1,39.5,0.0,0,236.5,0.0,0.0,0.0,0.0,0.0,7
2023-05-11 09:04:22,l2401-C-8100,l2401-C-8100,236.5,0.0,0.0,0.0,10,40.0,0.0,0,236.5,0.0,0.0,0.0,0.0,0.0,7
2023-05-11 09:04:24,l2401-C-8100,l2401-C-8100,236.5,0.0,0.0,0.0,1,40.5,0.0,0,236.5,0.0,0.0,0.0,0.0,0.0,7
2023-05-11 09:04:24,l2401-C-8100,l2401-C-8100,236.5,0.0,0.0,0.0,10,41.0,0.0,0,236.5,0.0,0.0,0.0,0.0,0.0,7
2023-05-11 09:04:26,l2401-C-8100,l2401-C-8100,236.5,0.0,0.0,0.0,1,41.5,0.0,0,236.5,0.0,0.0,0.0,0.0,0.0,7
2023-05-11 09:04:26,l2401-C-8100,l2401-C-8100,236.5,0.0,0.0,0.0,10,42.0,0.0,0,236.5,0.0,0.0,0.0,0.0,0.0,7
2023-05-11 09:04:27,l2401-C-8100,l2401-C-8100,236.5,0.0,0.0,0.0,1,42.5,0.0,0,236.5,0.0,0.0,0.0,0.0,0.0,7
2023-05-11 09:04:27,l2401-C-8100,l2401-C-8100,236.5,0.0,0.0,0.0,10,43.0,0.0,0,236.5,0.0,0.0,0.0,0.0,0.0,7
2023-05-11 09:04:29,l2401-C-8100,l2401-C-8100,236.5,0.0,0.0,0.0,1,43.5,0.0,0,236.5,0.0,0.0,0.0,0.0,0.0,7
2023-05-11 09:04:29,l2401-C-8100,l2401-C-8100,236.5,0.0,0.0,0.0,10,44.0,0.0,0,236.5,0.0,0.0,0.0,0.0,0.0,7
2023-05-11 09:04:31,l2401-C-8100,l2401-C-8100,236.5,0.0,0.0,0.0,1,44.5,0.0,0,236.5,0.0,0.0,0.0,0.0,0.0,7
2023-05-11 09:04:31,l2401-C-8100,l2401-C-8100,236.5,0.0,0.0,0.0,10,45.0,0.0,0,236.5,0.0,0.0,0.0,0.0,0.0,7
2023-05-11 09:04:33,l2401-C-8100,l2401-C-8100,236.5,0.0,0.0,0.0,1,45.5,0.0,0,236.5,0.0,0.0,0.0,0.0,0.0,7
2023-05-11 09:04:33,l2401-C-8100,l2401-C-8100,236.5,0.0,0.0,0.0,10,46.0,0.0,0,236.5,0.0,0.0,0.0,0.0,0.0,7
2023-05-11 09:04:35,l2401-C-8100,l2401-C-8100,236.5,0.0,0.0,0.0,1,46.5,0.0,0,236.5,0.0,0.0,0.0,0.0,0.0,7
2023-05-11 09:04:35,l2401-C-8100,l2401-C-8100,236.5,0.0,0.0,0.0,10,47.0,0.0,0,236.5,0.0,0.0,0.0,0.0,0.0,7
2023-05-11 09:04:37,l2401-C-8100,l2401-C-8100,236.5,0.0,0.0,0.0,1,47.5,0.0,0,236.5,0.0,0.0,0.0,0.0,0.0,7
2023-05-11 09:04:37,l2401-C-8100,l2401-C-8100,236.5,0.0,0.0,0.0,10,48.0,0.0,0,236.5,0.0,0.0,0.0,0.0,0.0,7
2023-05-11 09:04:38,l2401-C-8100,l2401-C-8100,236.5,0.0,0.0,0.0,1,48.5,0.0,0,236.5,0.0,0.0,0.0,0.0,0.0,7
2023-05-11 09:04:38,l2401-C-8100,l2401-C-8100,236.5,0.0,0.0,0.0,10,49.0,0.0,0,236.5,0.0,0.0,0.0,0.0,0.0,7
2023-05-11 09:04:40,l2401-C-8100,l2401-C-8100,236.5,0.0,0.0,0.0,1,49.5,0.0,0,236.5,0.0,0.0,0.0,0.0,0.0,7
2023-05-11 09:04:40,l2401-C-8100,l2401-C-8100,236.5,0.0,0.0,0.0,10,50.0,0.0,0,236.5,0.0,0.0,0.0,0.0,0.0,7
2023-05-11 09:04:42,l2401-C-8100,l2401-C-8100,236.5,0.0,0.0,0.0,1,50.5,0.0,0,236.5,0.0,0.0,0.0,0.0,0.0,7
2023-05-11 09:04:42,l2401-C-8100,l2401-C-8100,236.5,0.0,0.0,0.0,10,51.0,0.0,0,236.5,0.0,0.0,0.0,0.0,0.0,7
2023-05-11 09:04:44,l2401-C-8100,l2401-C-8100,236.5,0.0,0.0,0.0,1,51.5,0.0,0,236.5,0.0,0.0,0.0,0.0,0.0,7
2023-05-11 09:04:44,l2401-C-8100,l2401-C-8100,236.5,0.0,0.0,0.0,10,52.0,0.0,0,236.5,0.0,0.0,0.0,0.0,0.0,7
2023-05-11 09:04:46,l2401-C-8100,l2401-C-8100,236.5,0.0,0.0,0.0,1,52.5,0.0,0,236.5,0.0,0.0,0.0,0.0,0.0,7
2023-05-11 09:04:46,l2401-C-8100,l2401-C-8100,236.5,0.0,0.0,0.0,10,53.0,0.0,0,236.5,0.0,0.0,0.0,0.0,0.0,7
2023-05-11 09:04:47,l2401-C-8100,l2401-C-8100,236.5,0.0,0.0,0.0,1,56.5,0.0,0,236.5,0.0,0.0,0.0,0.0,0.0,7
2023-05-11 09:04:47,l2401-C-8100,l2401-C-8100,236.5,0.0,0.0,0.0,10,57.0,0.0,0,236.5,0.0,0.0,0.0,0.0,0.0,7
2023-05-11 09:04:49,l2401-C-8100,l2401-C-8100,236.5,0.0,0.0,0.0,1,57.5,0.0,0,236.5,0.0,0.0,0.0,0.0,0.0,7
2023-05-11 09:04:49,l2401-C-8100,l2401-C-8100,236.5,0.0,0.0,0.0,10,58.0,0.0,0,236.5,0.0,0.0,0.0,0.0,0.0,7
2023-05-11 09:04:50,l2401-C-8100,l2401-C-8100,236.5,0.0,0.0,0.0,1,58.5,0.0,0,236.5,0.0,0.0,0.0,0.0,0.0,7
2023-05-11 09:04:50,l2401-C-8100,l2401-C-8100,236.5,0.0,0.0,0.0,10,59.0,0.0,0,236.5,0.0,0.0,0.0,0.0,0.0,7
2023-05-11 09:04:52,l2401-C-8100,l2401-C-8100,236.5,0.0,0.0,0.0,1,59.5,0.0,0,236.5,0.0,0.0,0.0,0.0,0.0,7
2023-05-11 09:04:52,l2401-C-8100,l2401-C-8100,236.5,0.0,0.0,0.0,10,60.0,0.0,0,236.5,0.0,0.0,0.0,0.0,0.0,7
2023-05-11 09:04:53,l2401-C-8100,l2401-C-8100,236.5,0.0,0.0,0.0,1,60.5,0.0,0,236.5,0.0,0.0,0.0,0.0,0.0,7
2023-05-11 09:04:53,l2401-C-8100,l2401-C-8100,236.5,0.0,0.0,0.0,10,61.0,0.0,0,236.5,0.0,0.0,0.0,0.0,0.0,7
2023-05-11 10:14:32,l2401-C-8100,l2401-C-8100,236.5,0.0,0.0,0.0,1,11.0,0.0,0,236.5,0.0,0.0,0.0,0.0,0.0,7
2023-05-11 10:30:07,l2401-C-8100,l2401-C-8100,236.5,0.0,0.0,0.0,10,11.5,0.0,0,236.5,0.0,0.0,0.0,0.0,0.0,7
2023-05-11 10:30:43,l2401-C-8100,l2401-C-8100,236.5,0.0,0.0,0.0,1,18.0,0.0,0,236.5,0.0,0.0,0.0,0.0,0.0,7
2023-05-11 10:30:43,l2401-C-8100,l2401-C-8100,236.5,0.0,0.0,0.0,10,18.5,0.0,0,236.5,0.0,0.0,0.0,0.0,0.0,7
2023-05-11 10:31:49,l2401-C-8100,l2401-C-8100,236.5,0.0,0.0,0.0,1,19.0,0.0,0,236.5,0.0,0.0,0.0,0.0,0.0,7
2023-05-11 10:31:49,l2401-C-8100,l2401-C-8100,236.5,0.0,0.0,0.0,10,19.5,0.0,0,236.5,0.0,0.0,0.0,0.0,0.0,7
2023-05-11 10:32:09,l2401-C-8100,l2401-C-8100,236.5,0.0,0.0,0.0,1,20.0,0.0,0,236.5,0.0,0.0,0.0,0.0,0.0,7
2023-05-11 10:32:09,l2401-C-8100,l2401-C-8100,236.5,0.0,0.0,0.0,10,20.5,0.0,0,236.5,0.0,0.0,0.0,0.0,0.0,7
2023-05-11 10:32:15,l2401-C-8100,l2401-C-8100,236.5,0.0,0.0,0.0,1,21.0,0.0,0,236.5,0.0,0.0,0.0,0.0,0.0,7
2023-05-11 10:32:15,l2401-C-8100,l2401-C-8100,236.5,0.0,0.0,0.0,10,21.5,0.0,0,236.5,0.0,0.0,0.0,0.0,0.0,7
2023-05-11 10:32:24,l2401-C-8100,l2401-C-8100,236.5,0.0,0.0,0.0,1,22.0,0.0,0,236.5,0.0,0.0,0.0,0.0,0.0,7
2023-05-11 10:32:24,l2401-C-8100,l2401-C-8100,236.5,0.0,0.0,0.0,10,22.5,0.0,0,236.5,0.0,0.0,0.0,0.0,0.0,7
2023-05-11 10:33:15,l2401-C-8100,l2401-C-8100,236.5,0.0,0.0,0.0,1,23.0,0.0,0,236.5,0.0,0.0,0.0,0.0,0.0,7
2023-05-11 10:33:15,l2401-C-8100,l2401-C-8100,236.5,0.0,0.0,0.0,10,23.5,0.0,0,236.5,0.0,0.0,0.0,0.0,0.0,7
2023-05-11 10:33:22,l2401-C-8100,l2401-C-8100,236.5,0.0,0.0,0.0,1,24.0,0.0,0,236.5,0.0,0.0,0.0,0.0,0.0,7
2023-05-11 10:33:22,l2401-C-8100,l2401-C-8100,236.5,0.0,0.0,0.0,10,24.5,0.0,0,236.5,0.0,0.0,0.0,0.0,0.0,7
2023-05-11 10:34:27,l2401-C-8100,l2401-C-8100,236.5,0.0,0.0,0.0,1,25.0,0.0,0,236.5,0.0,0.0,0.0,0.0,0.0,7
2023-05-11 10:34:27,l2401-C-8100,l2401-C-8100,236.5,0.0,0.0,0.0,10,25.5,0.0,0,236.5,0.0,0.0,0.0,0.0,0.0,7
2023-05-11 10:34:34,l2401-C-8100,l2401-C-8100,236.5,0.0,0.0,0.0,1,26.0,0.0,0,236.5,0.0,0.0,0.0,0.0,0.0,7
2023-05-11 10:34:34,l2401-C-8100,l2401-C-8100,236.5,0.0,0.0,0.0,10,26.5,0.0,0,236.5,0.0,0.0,0.0,0.0,0.0,7
2023-05-11 10:35:19,l2401-C-8100,l2401-C-8100,236.5,0.0,0.0,0.0,1,27.0,0.0,0,236.5,0.0,0.0,0.0,0.0,0.0,7
2023-05-11 10:35:19,l2401-C-8100,l2401-C-8100,236.5,0.0,0.0,0.0,10,27.5,0.0,0,236.5,0.0,0.0,0.0,0.0,0.0,7
2023-05-11 10:35:20,l2401-C-8100,l2401-C-8100,236.5,0.0,0.0,0.0,1,28.0,0.0,0,236.5,0.0,0.0,0.0,0.0,0.0,7
2023-05-11 10:35:20,l2401-C-8100,l2401-C-8100,236.5,0.0,0.0,0.0,10,28.5,0.0,0,236.5,0.0,0.0,0.0,0.0,0.0,7
2023-05-11 10:35:22,l2401-C-8100,l2401-C-8100,236.5,0.0,0.0,0.0,1,29.0,0.0,0,236.5,0.0,0.0,0.0,0.0,0.0,7
2023-05-11 10:35:22,l2401-C-8100,l2401-C-8100,236.5,0.0,0.0,0.0,10,29.5,0.0,0,236.5,0.0,0.0,0.0,0.0,0.0,7
2023-05-11 10:35:26,l2401-C-8100,l2401-C-8100,236.5,0.0,0.0,0.0,1,30.0,0.0,0,236.5,0.0,0.0,0.0,0.0,0.0,7
2023-05-11 10:35:26,l2401-C-8100,l2401-C-8100,236.5,0.0,0.0,0.0,10,30.5,0.0,0,236.5,0.0,0.0,0.0,0.0,0.0,7
2023-05-11 10:35:32,l2401-C-8100,l2401-C-8100,236.5,0.0,0.0,0.0,1,31.0,0.0,0,236.5,0.0,0.0,0.0,0.0,0.0,7
2023-05-11 10:35:32,l2401-C-8100,l2401-C-8100,236.5,0.0,0.0,0.0,10,31.5,0.0,0,236.5,0.0,0.0,0.0,0.0,0.0,7
2023-05-11 10:35:35,l2401-C-8100,l2401-C-8100,236.5,0.0,0.0,0.0,1,32.0,0.0,0,236.5,0.0,0.0,0.0,0.0,0.0,7
2023-05-11 10:35:35,l2401-C-8100,l2401-C-8100,236.5,0.0,0.0,0.0,10,32.5,0.0,0,236.5,0.0,0.0,0.0,0.0,0.0,7
2023-05-11 10:35:40,l2401-C-8100,l2401-C-8100,236.5,0.0,0.0,0.0,1,33.0,0.0,0,236.5,0.0,0.0,0.0,0.0,0.0,7
2023-05-11 10:35:40,l2401-C-8100,l2401-C-8100,236.5,0.0,0.0,0.0,10,33.5,0.0,0,236.5,0.0,0.0,0.0,0.0,0.0,7
2023-05-11 10:35:44,l2401-C-8100,l2401-C-8100,236.5,0.0,0.0,0.0,1,34.0,0.0,0,236.5,0.0,0.0,0.0,0.0,0.0,7
2023-05-11 10:35:44,l2401-C-8100,l2401-C-8100,236.5,0.0,0.0,0.0,10,34.5,0.0,0,236.5,0.0,0.0,0.0,0.0,0.0,7
2023-05-11 10:35:48,l2401-C-8100,l2401-C-8100,236.5,0.0,0.0,0.0,1,35.0,0.0,0,236.5,0.0,0.0,0.0,0.0,0.0,7
2023-05-11 10:35:48,l2401-C-8100,l2401-C-8100,236.5,0.0,0.0,0.0,10,35.5,0.0,0,236.5,0.0,0.0,0.0,0.0,0.0,7
2023-05-11 10:35:52,l2401-C-8100,l2401-C-8100,236.5,0.0,0.0,0.0,1,36.0,0.0,0,236.5,0.0,0.0,0.0,0.0,0.0,7
2023-05-11 10:35:52,l2401-C-8100,l2401-C-8100,236.5,0.0,0.0,0.0,10,36.5,0.0,0,236.5,0.0,0.0,0.0,0.0,0.0,7
2023-05-11 10:35:58,l2401-C-8100,l2401-C-8100,236.5,0.0,0.0,0.0,1,37.0,0.0,0,236.5,0.0,0.0,0.0,0.0,0.0,7
2023-05-11 10:35:58,l2401-C-8100,l2401-C-8100,236.5,0.0,0.0,0.0,10,37.5,0.0,0,236.5,0.0,0.0,0.0,0.0,0.0,7
2023-05-11 10:36:01,l2401-C-8100,l2401-C-8100,236.5,0.0,0.0,0.0,1,38.0,0.0,0,236.5,0.0,0.0,0.0,0.0,0.0,7
2023-05-11 10:36:01,l2401-C-8100,l2401-C-8100,236.5,0.0,0.0,0.0,10,38.5,0.0,0,236.5,0.0,0.0,0.0,0.0,0.0,7
2023-05-11 10:36:04,l2401-C-8100,l2401-C-8100,236.5,0.0,0.0,0.0,1,39.0,0.0,0,236.5,0.0,0.0,0.0,0.0,0.0,7
2023-05-11 10:36:04,l2401-C-8100,l2401-C-8100,236.5,0.0,0.0,0.0,10,39.5,0.0,0,236.5,0.0,0.0,0.0,0.0,0.0,7
2023-05-11 10:36:07,l2401-C-8100,l2401-C-8100,236.5,0.0,0.0,0.0,1,40.0,0.0,0,236.5,0.0,0.0,0.0,0.0,0.0,7
2023-05-11 10:36:07,l2401-C-8100,l2401-C-8100,236.5,0.0,0.0,0.0,10,40.5,0.0,0,236.5,0.0,0.0,0.0,0.0,0.0,7
2023-05-11 10:36:10,l2401-C-8100,l2401-C-8100,236.5,0.0,0.0,0.0,1,41.0,0.0,0,236.5,0.0,0.0,0.0,0.0,0.0,7
2023-05-11 10:36:10,l2401-C-8100,l2401-C-8100,236.5,0.0,0.0,0.0,10,41.5,0.0,0,236.5,0.0,0.0,0.0,0.0,0.0,7
2023-05-11 10:36:12,l2401-C-8100,l2401-C-8100,236.5,0.0,0.0,0.0,1,42.0,0.0,0,236.5,0.0,0.0,0.0,0.0,0.0,7
2023-05-11 10:36:12,l2401-C-8100,l2401-C-8100,236.5,0.0,0.0,0.0,10,42.5,0.0,0,236.5,0.0,0.0,0.0,0.0,0.0,7
2023-05-11 10:36:15,l2401-C-8100,l2401-C-8100,236.5,0.0,0.0,0.0,1,43.0,0.0,0,236.5,0.0,0.0,0.0,0.0,0.0,7
2023-05-11 10:36:15,l2401-C-8100,l2401-C-8100,236.5,0.0,0.0,0.0,10,43.5,0.0,0,236.5,0.0,0.0,0.0,0.0,0.0,7
2023-05-11 10:36:17,l2401-C-8100,l2401-C-8100,236.5,0.0,0.0,0.0,1,44.0,0.0,0,236.5,0.0,0.0,0.0,0.0,0.0,7
2023-05-11 10:36:17,l2401-C-8100,l2401-C-8100,236.5,0.0,0.0,0.0,10,44.5,0.0,0,236.5,0.0,0.0,0.0,0.0,0.0,7
2023-05-11 10:36:19,l2401-C-8100,l2401-C-8100,236.5,0.0,0.0,0.0,1,45.0,0.0,0,236.5,0.0,0.0,0.0,0.0,0.0,7
2023-05-11 10:36:19,l2401-C-8100,l2401-C-8100,236.5,0.0,0.0,0.0,10,45.5,0.0,0,236.5,0.0,0.0,0.0,0.0,0.0,7
2023-05-11 10:36:22,l2401-C-8100,l2401-C-8100,236.5,0.0,0.0,0.0,1,46.0,0.0,0,236.5,0.0,0.0,0.0,0.0,0.0,7
2023-05-11 10:36:22,l2401-C-8100,l2401-C-8100,236.5,0.0,0.0,0.0,10,46.5,0.0,0,236.5,0.0,0.0,0.0,0.0,0.0,7
2023-05-11 10:36:25,l2401-C-8100,l2401-C-8100,236.5,0.0,0.0,0.0,1,47.0,0.0,0,236.5,0.0,0.0,0.0,0.0,0.0,7
2023-05-11 10:36:25,l2401-C-8100,l2401-C-8100,236.5,0.0,0.0,0.0,10,47.5,0.0,0,236.5,0.0,0.0,0.0,0.0,0.0,7
2023-05-11 10:36:27,l2401-C-8100,l2401-C-8100,236.5,0.0,0.0,0.0,1,48.0,0.0,0,236.5,0.0,0.0,0.0,0.0,0.0,7
2023-05-11 10:36:27,l2401-C-8100,l2401-C-8100,236.5,0.0,0.0,0.0,10,48.5,0.0,0,236.5,0.0,0.0,0.0,0.0,0.0,7
2023-05-11 10:36:29,l2401-C-8100,l2401-C-8100,236.5,0.0,0.0,0.0,1,49.0,0.0,0,236.5,0.0,0.0,0.0,0.0,0.0,7
2023-05-11 10:36:29,l2401-C-8100,l2401-C-8100,236.5,0.0,0.0,0.0,10,49.5,0.0,0,236.5,0.0,0.0,0.0,0.0,0.0,7
2023-05-11 10:36:31,l2401-C-8100,l2401-C-8100,236.5,0.0,0.0,0.0,1,50.0,0.0,0,236.5,0.0,0.0,0.0,0.0,0.0,7
2023-05-11 10:36:31,l2401-C-8100,l2401-C-8100,236.5,0.0,0.0,0.0,10,50.5,0.0,0,236.5,0.0,0.0,0.0,0.0,0.0,7
2023-05-11 10:36:33,l2401-C-8100,l2401-C-8100,236.5,0.0,0.0,0.0,1,51.0,0.0,0,236.5,0.0,0.0,0.0,0.0,0.0,7
2023-05-11 10:36:33,l2401-C-8100,l2401-C-8100,236.5,0.0,0.0,0.0,10,51.5,0.0,0,236.5,0.0,0.0,0.0,0.0,0.0,7
2023-05-11 10:36:35,l2401-C-8100,l2401-C-8100,236.5,0.0,0.0,0.0,1,52.0,0.0,0,236.5,0.0,0.0,0.0,0.0,0.0,7
2023-05-11 10:36:35,l2401-C-8100,l2401-C-8100,236.5,0.0,0.0,0.0,10,52.5,0.0,0,236.5,0.0,0.0,0.0,0.0,0.0,7
2023-05-11 10:36:36,l2401-C-8100,l2401-C-8100,236.5,0.0,0.0,0.0,1,56.0,0.0,0,236.5,0.0,0.0,0.0,0.0,0.0,7
2023-05-11 10:36:36,l2401-C-8100,l2401-C-8100,236.5,0.0,0.0,0.0,10,56.5,0.0,0,236.5,0.0,0.0,0.0,0.0,0.0,7
2023-05-11 10:36:38,l2401-C-8100,l2401-C-8100,236.5,0.0,0.0,0.0,1,57.0,0.0,0,236.5,0.0,0.0,0.0,0.0,0.0,7
2023-05-11 10:36:38,l2401-C-8100,l2401-C-8100,236.5,0.0,0.0,0.0,10,57.5,0.0,0,236.5,0.0,0.0,0.0,0.0,0.0,7
2023-05-11 10:36:39,l2401-C-8100,l2401-C-8100,236.5,0.0,0.0,0.0,1,58.0,0.0,0,236.5,0.0,0.0,0.0,0.0,0.0,7
2023-05-11 10:36:39,l2401-C-8100,l2401-C-8100,236.5,0.0,0.0,0.0,10,58.5,0.0,0,236.5,0.0,0.0,0.0,0.0,0.0,7
2023-05-11 10:36:41,l2401-C-8100,l2401-C-8100,236.5,0.0,0.0,0.0,1,59.0,0.0,0,236.5,0.0,0.0,0.0,0.0,0.0,7
2023-05-11 10:36:41,l2401-C-8100,l2401-C-8100,236.5,0.0,0.0,0.0,10,59.5,0.0,0,236.5,0.0,0.0,0.0,0.0,0.0,7
2023-05-11 10:36:42,l2401-C-8100,l2401-C-8100,236.5,0.0,0.0,0.0,1,60.0,0.0,0,236.5,0.0,0.0,0.0,0.0,0.0,7
2023-05-11 10:36:42,l2401-C-8100,l2401-C-8100,236.5,0.0,0.0,0.0,10,60.5,0.0,0,236.5,0.0,0.0,0.0,0.0,0.0,7
2023-05-11 10:36:44,l2401-C-8100,l2401-C-8100,236.5,0.0,0.0,0.0,1,61.0,0.0,0,236.5,0.0,0.0,0.0,0.0,0.0,7
2023-05-11 10:36:44,l2401-C-8100,l2401-C-8100,236.5,0.0,0.0,0.0,10,61.5,0.0,0,236.5,0.0,0.0,0.0,0.0,0.0,7
2023-05-11 10:36:45,l2401-C-8100,l2401-C-8100,236.5,0.0,0.0,0.0,1,62.0,0.0,0,236.5,0.0,0.0,0.0,0.0,0.0,7
2023-05-11 10:36:45,l2401-C-8100,l2401-C-8100,236.5,0.0,0.0,0.0,10,62.5,0.0,0,236.5,0.0,0.0,0.0,0.0,0.0,7
2023-05-11 11:04:23,l2401-C-8100,l2401-C-8100,236.5,0.0,0.0,0.0,1,63.0,0.0,0,236.5,0.0,0.0,0.0,0.0,0.0,7
2023-05-11 11:04:23,l2401-C-8100,l2401-C-8100,236.5,0.0,0.0,0.0,10,63.5,0.0,0,236.5,0.0,0.0,0.0,0.0,0.0,7
2023-05-11 11:29:32,l2401-C-8100,l2401-C-8100,236.5,0.0,0.0,0.0,1,11.0,0.0,0,236.5,0.0,0.0,0.0,0.0,0.0,7
2023-05-11 13:30:14,l2401-C-8100,l2401-C-8100,236.5,0.0,0.0,0.0,10,11.5,0.0,0,236.5,0.0,0.0,0.0,0.0,0.0,7
2023-05-11 13:31:07,l2401-C-8100,l2401-C-8100,236.5,0.0,0.0,0.0,1,12.0,0.0,0,236.5,0.0,0.0,0.0,0.0,0.0,7
2023-05-11 13:31:07,l2401-C-8100,l2401-C-8100,236.5,0.0,0.0,0.0,10,12.5,0.0,0,236.5,0.0,0.0,0.0,0.0,0.0,7
2023-05-11 13:32:13,l2401-C-8100,l2401-C-8100,236.5,0.0,0.0,0.0,1,19.0,0.0,0,236.5,0.0,0.0,0.0,0.0,0.0,7
2023-05-11 13:32:13,l2401-C-8100,l2401-C-8100,236.5,0.0,0.0,0.0,10,19.5,0.0,0,236.5,0.0,0.0,0.0,0.0,0.0,7
2023-05-11 13:33:05,l2401-C-8100,l2401-C-8100,236.5,0.0,0.0,0.0,1,20.0,0.0,0,236.5,0.0,0.0,0.0,0.0,0.0,7
2023-05-11 13:33:05,l2401-C-8100,l2401-C-8100,236.5,0.0,0.0,0.0,10,20.5,0.0,0,236.5,0.0,0.0,0.0,0.0,0.0,7
2023-05-11 13:34:52,l2401-C-8100,l2401-C-8100,236.5,0.0,0.0,0.0,1,21.0,0.0,0,236.5,0.0,0.0,0.0,0.0,0.0,7
2023-05-11 13:34:52,l2401-C-8100,l2401-C-8100,236.5,0.0,0.0,0.0,10,21.5,0.0,0,236.5,0.0,0.0,0.0,0.0,0.0,7
2023-05-11 13:35:00,l2401-C-8100,l2401-C-8100,236.5,0.0,0.0,0.0,1,22.0,0.0,0,236.5,0.0,0.0,0.0,0.0,0.0,7
2023-05-11 13:35:00,l2401-C-8100,l2401-C-8100,236.5,0.0,0.0,0.0,10,22.5,0.0,0,236.5,0.0,0.0,0.0,0.0,0.0,7
2023-05-11 13:35:24,l2401-C-8100,l2401-C-8100,236.5,0.0,0.0,0.0,1,23.0,0.0,0,236.5,0.0,0.0,0.0,0.0,0.0,7
2023-05-11 13:35:24,l2401-C-8100,l2401-C-8100,236.5,0.0,0.0,0.0,10,23.5,0.0,0,236.5,0.0,0.0,0.0,0.0,0.0,7
2023-05-11 13:35:38,l2401-C-8100,l2401-C-8100,236.5,0.0,0.0,0.0,1,24.0,0.0,0,236.5,0.0,0.0,0.0,0.0,0.0,7
2023-05-11 13:35:38,l2401-C-8100,l2401-C-8100,236.5,0.0,0.0,0.0,10,24.5,0.0,0,236.5,0.0,0.0,0.0,0.0,0.0,7
2023-05-11 13:35:50,l2401-C-8100,l2401-C-8100,236.5,0.0,0.0,0.0,1,25.0,0.0,0,236.5,0.0,0.0,0.0,0.0,0.0,7
2023-05-11 13:35:50,l2401-C-8100,l2401-C-8100,236.5,0.0,0.0,0.0,10,25.5,0.0,0,236.5,0.0,0.0,0.0,0.0,0.0,7
2023-05-11 13:36:05,l2401-C-8100,l2401-C-8100,236.5,0.0,0.0,0.0,1,26.0,0.0,0,236.5,0.0,0.0,0.0,0.0,0.0,7
2023-05-11 13:36:05,l2401-C-8100,l2401-C-8100,236.5,0.0,0.0,0.0,10,26.5,0.0,0,236.5,0.0,0.0,0.0,0.0,0.0,7
2023-05-11 13:36:55,l2401-C-8100,l2401-C-8100,236.5,0.0,0.0,0.0,1,27.0,0.0,0,236.5,0.0,0.0,0.0,0.0,0.0,7
2023-05-11 13:36:55,l2401-C-8100,l2401-C-8100,236.5,0.0,0.0,0.0,10,27.5,0.0,0,236.5,0.0,0.0,0.0,0.0,0.0,7
2023-05-11 13:37:07,l2401-C-8100,l2401-C-8100,236.5,0.0,0.0,0.0,1,28.0,0.0,0,236.5,0.0,0.0,0.0,0.0,0.0,7
2023-05-11 13:37:07,l2401-C-8100,l2401-C-8100,236.5,0.0,0.0,0.0,10,28.5,0.0,0,236.5,0.0,0.0,0.0,0.0,0.0,7
2023-05-11 13:38:12,l2401-C-8100,l2401-C-8100,236.5,0.0,0.0,0.0,1,29.0,0.0,0,236.5,0.0,0.0,0.0,0.0,0.0,7
2023-05-11 13:38:12,l2401-C-8100,l2401-C-8100,236.5,0.0,0.0,0.0,10,29.5,0.0,0,236.5,0.0,0.0,0.0,0.0,0.0,7
2023-05-11 13:39:12,l2401-C-8100,l2401-C-8100,236.5,0.0,0.0,0.0,1,30.0,0.0,0,236.5,0.0,0.0,0.0,0.0,0.0,7
2023-05-11 13:39:12,l2401-C-8100,l2401-C-8100,236.5,0.0,0.0,0.0,10,30.5,0.0,0,236.5,0.0,0.0,0.0,0.0,0.0,7
2023-05-11 13:39:14,l2401-C-8100,l2401-C-8100,236.5,0.0,0.0,0.0,1,31.0,0.0,0,236.5,0.0,0.0,0.0,0.0,0.0,7
2023-05-11 13:39:14,l2401-C-8100,l2401-C-8100,236.5,0.0,0.0,0.0,10,31.5,0.0,0,236.5,0.0,0.0,0.0,0.0,0.0,7
2023-05-11 13:39:16,l2401-C-8100,l2401-C-8100,236.5,0.0,0.0,0.0,1,32.0,0.0,0,236.5,0.0,0.0,0.0,0.0,0.0,7
2023-05-11 13:39:16,l2401-C-8100,l2401-C-8100,236.5,0.0,0.0,0.0,10,32.5,0.0,0,236.5,0.0,0.0,0.0,0.0,0.0,7
2023-05-11 13:39:17,l2401-C-8100,l2401-C-8100,236.5,0.0,0.0,0.0,1,33.0,0.0,0,236.5,0.0,0.0,0.0,0.0,0.0,7
2023-05-11 13:39:17,l2401-C-8100,l2401-C-8100,236.5,0.0,0.0,0.0,10,33.5,0.0,0,236.5,0.0,0.0,0.0,0.0,0.0,7
2023-05-11 13:39:19,l2401-C-8100,l2401-C-8100,236.5,0.0,0.0,0.0,1,34.0,0.0,0,236.5,0.0,0.0,0.0,0.0,0.0,7
2023-05-11 13:39:19,l2401-C-8100,l2401-C-8100,236.5,0.0,0.0,0.0,10,34.5,0.0,0,236.5,0.0,0.0,0.0,0.0,0.0,7
2023-05-11 13:39:21,l2401-C-8100,l2401-C-8100,236.5,0.0,0.0,0.0,1,35.0,0.0,0,236.5,0.0,0.0,0.0,0.0,0.0,7
2023-05-11 13:39:21,l2401-C-8100,l2401-C-8100,236.5,0.0,0.0,0.0,10,35.5,0.0,0,236.5,0.0,0.0,0.0,0.0,0.0,7
2023-05-11 13:39:23,l2401-C-8100,l2401-C-8100,236.5,0.0,0.0,0.0,1,36.0,0.0,0,236.5,0.0,0.0,0.0,0.0,0.0,7
2023-05-11 13:39:23,l2401-C-8100,l2401-C-8100,236.5,0.0,0.0,0.0,10,36.5,0.0,0,236.5,0.0,0.0,0.0,0.0,0.0,7
2023-05-11 13:39:25,l2401-C-8100,l2401-C-8100,236.5,0.0,0.0,0.0,1,37.0,0.0,0,236.5,0.0,0.0,0.0,0.0,0.0,7
2023-05-11 13:39:25,l2401-C-8100,l2401-C-8100,236.5,0.0,0.0,0.0,10,37.5,0.0,0,236.5,0.0,0.0,0.0,0.0,0.0,7
2023-05-11 13:39:27,l2401-C-8100,l2401-C-8100,236.5,0.0,0.0,0.0,1,38.0,0.0,0,236.5,0.0,0.0,0.0,0.0,0.0,7
2023-05-11 13:39:27,l2401-C-8100,l2401-C-8100,236.5,0.0,0.0,0.0,10,38.5,0.0,0,236.5,0.0,0.0,0.0,0.0,0.0,7
2023-05-11 13:39:28,l2401-C-8100,l2401-C-8100,236.5,0.0,0.0,0.0,1,39.0,0.0,0,236.5,0.0,0.0,0.0,0.0,0.0,7
2023-05-11 13:39:29,l2401-C-8100,l2401-C-8100,236.5,0.0,0.0,0.0,10,39.5,0.0,0,236.5,0.0,0.0,0.0,0.0,0.0,7
2023-05-11 13:39:30,l2401-C-8100,l2401-C-8100,236.5,0.0,0.0,0.0,1,40.0,0.0,0,236.5,0.0,0.0,0.0,0.0,0.0,7
2023-05-11 13:39:31,l2401-C-8100,l2401-C-8100,236.5,0.0,0.0,0.0,10,40.5,0.0,0,236.5,0.0,0.0,0.0,0.0,0.0,7
2023-05-11 13:39:32,l2401-C-8100,l2401-C-8100,236.5,0.0,0.0,0.0,1,41.0,0.0,0,236.5,0.0,0.0,0.0,0.0,0.0,7
2023-05-11 13:39:32,l2401-C-8100,l2401-C-8100,236.5,0.0,0.0,0.0,10,41.5,0.0,0,236.5,0.0,0.0,0.0,0.0,0.0,7
2023-05-11 13:39:34,l2401-C-8100,l2401-C-8100,236.5,0.0,0.0,0.0,1,42.0,0.0,0,236.5,0.0,0.0,0.0,0.0,0.0,7
2023-05-11 13:39:34,l2401-C-8100,l2401-C-8100,236.5,0.0,0.0,0.0,10,42.5,0.0,0,236.5,0.0,0.0,0.0,0.0,0.0,7
2023-05-11 13:39:35,l2401-C-8100,l2401-C-8100,236.5,0.0,0.0,0.0,1,46.0,0.0,0,236.5,0.0,0.0,0.0,0.0,0.0,7
2023-05-11 13:39:35,l2401-C-8100,l2401-C-8100,236.5,0.0,0.0,0.0,10,46.5,0.0,0,236.5,0.0,0.0,0.0,0.0,0.0,7
2023-05-11 13:39:37,l2401-C-8100,l2401-C-8100,236.5,0.0,0.0,0.0,1,47.0,0.0,0,236.5,0.0,0.0,0.0,0.0,0.0,7
2023-05-11 13:39:37,l2401-C-8100,l2401-C-8100,236.5,0.0,0.0,0.0,10,47.5,0.0,0,236.5,0.0,0.0,0.0,0.0,0.0,7
2023-05-11 13:39:38,l2401-C-8100,l2401-C-8100,236.5,0.0,0.0,0.0,1,48.0,0.0,0,236.5,0.0,0.0,0.0,0.0,0.0,7
2023-05-11 13:39:38,l2401-C-8100,l2401-C-8100,236.5,0.0,0.0,0.0,10,48.5,0.0,0,236.5,0.0,0.0,0.0,0.0,0.0,7
2023-05-11 13:39:40,l2401-C-8100,l2401-C-8100,236.5,0.0,0.0,0.0,1,49.0,0.0,0,236.5,0.0,0.0,0.0,0.0,0.0,7
2023-05-11 13:39:40,l2401-C-8100,l2401-C-8100,236.5,0.0,0.0,0.0,10,49.5,0.0,0,236.5,0.0,0.0,0.0,0.0,0.0,7
2023-05-11 13:39:42,l2401-C-8100,l2401-C-8100,236.5,0.0,0.0,0.0,1,50.0,0.0,0,236.5,0.0,0.0,0.0,0.0,0.0,7
2023-05-11 13:39:42,l2401-C-8100,l2401-C-8100,236.5,0.0,0.0,0.0,10,50.5,0.0,0,236.5,0.0,0.0,0.0,0.0,0.0,7
2023-05-11 13:39:43,l2401-C-8100,l2401-C-8100,236.5,0.0,0.0,0.0,1,51.0,0.0,0,236.5,0.0,0.0,0.0,0.0,0.0,7
2023-05-11 13:39:43,l2401-C-8100,l2401-C-8100,236.5,0.0,0.0,0.0,10,51.5,0.0,0,236.5,0.0,0.0,0.0,0.0,0.0,7
2023-05-11 13:39:44,l2401-C-8100,l2401-C-8100,236.5,0.0,0.0,0.0,1,52.0,0.0,0,236.5,0.0,0.0,0.0,0.0,0.0,7
2023-05-11 13:39:44,l2401-C-8100,l2401-C-8100,236.5,0.0,0.0,0.0,10,52.5,0.0,0,236.5,0.0,0.0,0.0,0.0,0.0,7
2023-05-11 13:39:46,l2401-C-8100,l2401-C-8100,236.5,0.0,0.0,0.0,1,53.0,0.0,0,236.5,0.0,0.0,0.0,0.0,0.0,7
2023-05-11 13:39:46,l2401-C-8100,l2401-C-8100,236.5,0.0,0.0,0.0,10,53.5,0.0,0,236.5,0.0,0.0,0.0,0.0,0.0,7
2023-05-11 13:39:47,l2401-C-8100,l2401-C-8100,236.5,0.0,0.0,0.0,1,54.0,0.0,0,236.5,0.0,0.0,0.0,0.0,0.0,7
2023-05-11 13:39:47,l2401-C-8100,l2401-C-8100,236.5,0.0,0.0,0.0,10,54.5,0.0,0,236.5,0.0,0.0,0.0,0.0,0.0,7
2023-05-11 13:39:49,l2401-C-8100,l2401-C-8100,236.5,0.0,0.0,0.0,1,55.0,0.0,0,236.5,0.0,0.0,0.0,0.0,0.0,7
2023-05-11 13:39:49,l2401-C-8100,l2401-C-8100,236.5,0.0,0.0,0.0,10,55.5,0.0,0,236.5,0.0,0.0,0.0,0.0,0.0,7
2023-05-11 13:39:50,l2401-C-8100,l2401-C-8100,236.5,0.0,0.0,0.0,1,56.0,0.0,0,236.5,0.0,0.0,0.0,0.0,0.0,7
2023-05-11 13:39:50,l2401-C-8100,l2401-C-8100,236.5,0.0,0.0,0.0,10,56.5,0.0,0,236.5,0.0,0.0,0.0,0.0,0.0,7
2023-05-11 13:39:52,l2401-C-8100,l2401-C-8100,236.5,0.0,0.0,0.0,1,57.0,0.0,0,236.5,0.0,0.0,0.0,0.0,0.0,7
2023-05-11 13:39:52,l2401-C-8100,l2401-C-8100,236.5,0.0,0.0,0.0,10,57.5,0.0,0,236.5,0.0,0.0,0.0,0.0,0.0,7
2023-05-11 13:39:53,l2401-C-8100,l2401-C-8100,236.5,0.0,0.0,0.0,1,58.0,0.0,0,236.5,0.0,0.0,0.0,0.0,0.0,7
2023-05-11 13:39:53,l2401-C-8100,l2401-C-8100,236.5,0.0,0.0,0.0,10,58.5,0.0,0,236.5,0.0,0.0,0.0,0.0,0.0,7
2023-05-11 13:39:54,l2401-C-8100,l2401-C-8100,236.5,0.0,0.0,0.0,1,59.0,0.0,0,236.5,0.0,0.0,0.0,0.0,0.0,7
2023-05-11 13:39:54,l2401-C-8100,l2401-C-8100,236.5,0.0,0.0,0.0,10,59.5,0.0,0,236.5,0.0,0.0,0.0,0.0,0.0,7
2023-05-11 13:39:55,l2401-C-8100,l2401-C-8100,236.5,0.0,0.0,0.0,1,60.0,0.0,0,236.5,0.0,0.0,0.0,0.0,0.0,7
2023-05-11 13:39:55,l2401-C-8100,l2401-C-8100,236.5,0.0,0.0,0.0,10,60.5,0.0,0,236.5,0.0,0.0,0.0,0.0,0.0,7
2023-05-11 13:39:56,l2401-C-8100,l2401-C-8100,236.5,0.0,0.0,0.0,1,61.0,0.0,0,236.5,0.0,0.0,0.0,0.0,0.0,7
2023-05-11 13:39:56,l2401-C-8100,l2401-C-8100,236.5,0.0,0.0,0.0,10,61.5,0.0,0,236.5,0.0,0.0,0.0,0.0,0.0,7
2023-05-11 13:39:57,l2401-C-8100,l2401-C-8100,236.5,0.0,0.0,0.0,1,62.0,0.0,0,236.5,0.0,0.0,0.0,0.0,0.0,7
2023-05-11 13:39:57,l2401-C-8100,l2401-C-8100,236.5,0.0,0.0,0.0,10,62.5,0.0,0,236.5,0.0,0.0,0.0,0.0,0.0,7
2023-05-11 13:40:02,l2401-C-8100,l2401-C-8100,236.5,0.0,0.0,0.0,1,63.0,0.0,0,236.5,0.0,0.0,0.0,0.0,0.0,7
2023-05-11 13:40:02,l2401-C-8100,l2401-C-8100,236.5,0.0,0.0,0.0,10,63.5,0.0,0,236.5,0.0,0.0,0.0,0.0,0.0,7
2023-05-11 13:40:03,l2401-C-8100,l2401-C-8100,236.5,0.0,0.0,0.0,1,64.0,0.0,0,236.5,0.0,0.0,0.0,0.0,0.0,7
2023-05-11 13:40:03,l2401-C-8100,l2401-C-8100,236.5,0.0,0.0,0.0,10,64.5,0.0,0,236.5,0.0,0.0,0.0,0.0,0.0,7
2023-05-11 13:40:04,l2401-C-8100,l2401-C-8100,236.5,0.0,0.0,0.0,1,65.0,0.0,0,236.5,0.0,0.0,0.0,0.0,0.0,7
2023-05-11 13:40:04,l2401-C-8100,l2401-C-8100,236.5,0.0,0.0,0.0,10,65.5,0.0,0,236.5,0.0,0.0,0.0,0.0,0.0,7
2023-05-11 13:40:05,l2401-C-8100,l2401-C-8100,236.5,0.0,0.0,0.0,1,66.0,0.0,0,236.5,0.0,0.0,0.0,0.0,0.0,7
2023-05-11 13:40:05,l2401-C-8100,l2401-C-8100,236.5,0.0,0.0,0.0,10,66.5,0.0,0,236.5,0.0,0.0,0.0,0.0,0.0,7
2023-05-11 13:40:06,l2401-C-8100,l2401-C-8100,236.5,0.0,0.0,0.0,1,67.0,0.0,0,236.5,0.0,0.0,0.0,0.0,0.0,7
2023-05-11 13:40:06,l2401-C-8100,l2401-C-8100,236.5,0.0,0.0,0.0,10,67.5,0.0,0,236.5,0.0,0.0,0.0,0.0,0.0,7
2023-05-11 13:40:07,l2401-C-8100,l2401-C-8100,236.5,0.0,0.0,0.0,1,68.0,0.0,0,236.5,0.0,0.0,0.0,0.0,0.0,7
2023-05-11 13:40:07,l2401-C-8100,l2401-C-8100,236.5,0.0,0.0,0.0,10,68.5,0.0,0,236.5,0.0,0.0,0.0,0.0,0.0,7
2023-05-11 13:40:08,l2401-C-8100,l2401-C-8100,236.5,0.0,0.0,0.0,1,69.0,0.0,0,236.5,0.0,0.0,0.0,0.0,0.0,7
2023-05-11 13:40:08,l2401-C-8100,l2401-C-8100,236.5,0.0,0.0,0.0,10,69.5,0.0,0,236.5,0.0,0.0,0.0,0.0,0.0,7
2023-05-11 13:40:09,l2401-C-8100,l2401-C-8100,236.5,0.0,0.0,0.0,1,70.0,0.0,0,236.5,0.0,0.0,0.0,0.0,0.0,7
2023-05-11 13:40:09,l2401-C-8100,l2401-C-8100,236.5,0.0,0.0,0.0,10,70.5,0.0,0,236.5,0.0,0.0,0.0,0.0,0.0,7
2023-05-11 13:40:11,l2401-C-8100,l2401-C-8100,236.5,0.0,0.0,0.0,1,71.0,0.0,0,236.5,0.0,0.0,0.0,0.0,0.0,7
2023-05-11 13:40:11,l2401-C-8100,l2401-C-8100,236.5,0.0,0.0,0.0,10,71.5,0.0,0,236.5,0.0,0.0,0.0,0.0,0.0,7
2023-05-11 13:40:12,l2401-C-8100,l2401-C-8100,236.5,0.0,0.0,0.0,1,72.0,0.0,0,236.5,0.0,0.0,0.0,0.0,0.0,7
2023-05-11 13:40:12,l2401-C-8100,l2401-C-8100,236.5,0.0,0.0,0.0,10,72.5,0.0,0,236.5,0.0,0.0,0.0,0.0,0.0,7
2023-05-11 13:40:13,l2401-C-8100,l2401-C-8100,236.5,0.0,0.0,0.0,1,73.0,0.0,0,236.5,0.0,0.0,0.0,0.0,0.0,7
2023-05-11 13:40:13,l2401-C-8100,l2401-C-8100,236.5,0.0,0.0,0.0,10,73.5,0.0,0,236.5,0.0,0.0,0.0,0.0,0.0,7
2023-05-11 13:40:14,l2401-C-8100,l2401-C-8100,236.5,0.0,0.0,0.0,1,74.0,0.0,0,236.5,0.0,0.0,0.0,0.0,0.0,7
2023-05-11 13:40:14,l2401-C-8100,l2401-C-8100,236.5,0.0,0.0,0.0,10,74.5,0.0,0,236.5,0.0,0.0,0.0,0.0,0.0,7
2023-05-11 13:40:15,l2401-C-8100,l2401-C-8100,236.5,0.0,0.0,0.0,1,75.0,0.0,0,236.5,0.0,0.0,0.0,0.0,0.0,7
2023-05-11 13:40:15,l2401-C-8100,l2401-C-8100,236.5,0.0,0.0,0.0,10,75.5,0.0,0,236.5,0.0,0.0,0.0,0.0,0.0,7
2023-05-11 13:40:16,l2401-C-8100,l2401-C-8100,236.5,0.0,0.0,0.0,1,76.0,0.0,0,236.5,0.0,0.0,0.0,0.0,0.0,7
2023-05-11 13:40:16,l2401-C-8100,l2401-C-8100,236.5,0.0,0.0,0.0,10,76.5,0.0,0,236.5,0.0,0.0,0.0,0.0,0.0,7
2023-05-11 13:40:17,l2401-C-8100,l2401-C-8100,236.5,0.0,0.0,0.0,1,77.0,0.0,0,236.5,0.0,0.0,0.0,0.0,0.0,7
2023-05-11 13:40:17,l2401-C-8100,l2401-C-8100,236.5,0.0,0.0,0.0,10,77.5,0.0,0,236.5,0.0,0.0,0.0,0.0,0.0,7
2023-05-11 13:40:18,l2401-C-8100,l2401-C-8100,236.5,0.0,0.0,0.0,1,78.0,0.0,0,236.5,0.0,0.0,0.0,0.0,0.0,7
2023-05-11 13:40:18,l2401-C-8100,l2401-C-8100,236.5,0.0,0.0,0.0,10,78.5,0.0,0,236.5,0.0,0.0,0.0,0.0,0.0,7
2023-05-11 13:40:20,l2401-C-8100,l2401-C-8100,236.5,0.0,0.0,0.0,1,79.0,0.0,0,236.5,0.0,0.0,0.0,0.0,0.0,7
2023-05-11 13:40:20,l2401-C-8100,l2401-C-8100,236.5,0.0,0.0,0.0,10,79.5,0.0,0,236.5,0.0,0.0,0.0,0.0,0.0,7
2023-05-11 13:40:23,l2401-C-8100,l2401-C-8100,236.5,0.0,0.0,0.0,1,80.0,0.0,0,236.5,0.0,0.0,0.0,0.0,0.0,7
2023-05-11 13:40:23,l2401-C-8100,l2401-C-8100,236.5,0.0,0.0,0.0,10,80.5,0.0,0,236.5,0.0,0.0,0.0,0.0,0.0,7
2023-05-11 13:40:36,l2401-C-8100,l2401-C-8100,236.5,0.0,0.0,0.0,1,81.0,0.0,0,236.5,0.0,0.0,0.0,0.0,0.0,7
2023-05-11 13:40:36,l2401-C-8100,l2401-C-8100,236.5,0.0,0.0,0.0,10,81.5,0.0,0,236.5,0.0,0.0,0.0,0.0,0.0,7
2023-05-11 13:41:15,l2401-C-8100,l2401-C-8100,236.5,0.0,0.0,0.0,1,82.0,0.0,0,236.5,0.0,0.0,0.0,0.0,0.0,7
2023-05-11 13:41:15,l2401-C-8100,l2401-C-8100,236.5,0.0,0.0,0.0,10,82.5,0.0,0,236.5,0.0,0.0,0.0,0.0,0.0,7
2023-05-11 13:41:18,l2401-C-8100,l2401-C-8100,236.5,0.0,0.0,0.0,1,83.0,0.0,0,236.5,0.0,0.0,0.0,0.0,0.0,7
2023-05-11 13:41:18,l2401-C-8100,l2401-C-8100,236.5,0.0,0.0,0.0,10,83.5,0.0,0,236.5,0.0,0.0,0.0,0.0,0.0,7
2023-05-11 13:41:21,l2401-C-8100,l2401-C-8100,236.5,0.0,0.0,0.0,1,84.0,0.0,0,236.5,0.0,0.0,0.0,0.0,0.0,7
2023-05-11 13:41:21,l2401-C-8100,l2401-C-8100,236.5,0.0,0.0,0.0,10,84.5,0.0,0,236.5,0.0,0.0,0.0,0.0,0.0,7
2023-05-11 13:41:23,l2401-C-8100,l2401-C-8100,236.5,0.0,0.0,0.0,1,85.0,0.0,0,236.5,0.0,0.0,0.0,0.0,0.0,7
2023-05-11 13:41:23,l2401-C-8100,l2401-C-8100,236.5,0.0,0.0,0.0,10,85.5,0.0,0,236.5,0.0,0.0,0.0,0.0,0.0,7
2023-05-11 13:41:24,l2401-C-8100,l2401-C-8100,236.5,0.0,0.0,0.0,1,86.0,0.0,0,236.5,0.0,0.0,0.0,0.0,0.0,7
2023-05-11 13:41:24,l2401-C-8100,l2401-C-8100,236.5,0.0,0.0,0.0,10,86.5,0.0,0,236.5,0.0,0.0,0.0,0.0,0.0,7
2023-05-11 13:41:25,l2401-C-8100,l2401-C-8100,236.5,0.0,0.0,0.0,1,87.0,0.0,0,236.5,0.0,0.0,0.0,0.0,0.0,7
2023-05-11 13:41:25,l2401-C-8100,l2401-C-8100,236.5,0.0,0.0,0.0,10,87.5,0.0,0,236.5,0.0,0.0,0.0,0.0,0.0,7
2023-05-11 13:41:26,l2401-C-8100,l2401-C-8100,236.5,0.0,0.0,0.0,1,88.0,0.0,0,236.5,0.0,0.0,0.0,0.0,0.0,7
2023-05-11 13:41:26,l2401-C-8100,l2401-C-8100,236.5,0.0,0.0,0.0,10,88.5,0.0,0,236.5,0.0,0.0,0.0,0.0,0.0,7
2023-05-11 13:41:27,l2401-C-8100,l2401-C-8100,236.5,0.0,0.0,0.0,1,89.0,0.0,0,236.5,0.0,0.0,0.0,0.0,0.0,7
2023-05-11 13:41:27,l2401-C-8100,l2401-C-8100,236.5,0.0,0.0,0.0,10,89.5,0.0,0,236.5,0.0,0.0,0.0,0.0,0.0,7
2023-05-11 13:45:11,l2401-C-8100,l2401-C-8100,236.5,0.0,0.0,0.0,1,90.0,0.0,0,236.5,0.0,0.0,0.0,0.0,0.0,7
2023-05-11 13:45:11,l2401-C-8100,l2401-C-8100,236.5,0.0,0.0,0.0,10,90.5,0.0,0,236.5,0.0,0.0,0.0,0.0,0.0,7
2023-05-11 13:56:50,l2401-C-8100,l2401-C-8100,236.5,0.0,0.0,0.0,1,182.5,198.5,1,236.5,0.0,0.0,0.0,0.0,0.0,7
2023-05-11 13:56:53,l2401-C-8100,l2401-C-8100,236.5,0.0,0.0,0.0,1,182.5,192.5,5,236.5,0.0,0.0,0.0,0.0,0.0,7
2023-05-11 13:56:55,l2401-C-8100,l2401-C-8100,236.5,0.0,0.0,0.0,2,182.5,192.5,5,236.5,0.0,0.0,0.0,0.0,0.0,7
2023-05-11 13:57:01,l2401-C-8100,l2401-C-8100,236.5,0.0,0.0,0.0,1,182.5,192.5,5,236.5,0.0,0.0,0.0,0.0,0.0,7
2023-05-11 13:57:04,l2401-C-8100,l2401-C-8100,236.5,0.0,0.0,0.0,1,182.5,192.5,6,236.5,0.0,0.0,0.0,0.0,0.0,7
2023-05-11 13:57:05,l2401-C-8100,l2401-C-8100,236.5,0.0,0.0,0.0,1,182.5,192.5,1,236.5,0.0,0.0,0.0,0.0,0.0,7
2023-05-11 13:57:07,l2401-C-8100,l2401-C-8100,236.5,0.0,0.0,0.0,1,180.0,192.5,1,236.5,0.0,0.0,0.0,0.0,0.0,7
2023-05-11 13:57:14,l2401-C-8100,l2401-C-8100,236.5,0.0,0.0,0.0,1,180.0,195.0,1,236.5,0.0,0.0,0.0,0.0,0.0,7
2023-05-11 13:57:15,l2401-C-8100,l2401-C-8100,236.5,0.0,0.0,0.0,1,12.0,0.0,0,236.5,0.0,0.0,0.0,0.0,0.0,7
2023-05-11 13:57:16,l2401-C-8100,l2401-C-8100,236.5,0.0,0.0,0.0,1,18.5,0.0,0,236.5,0.0,0.0,0.0,0.0,0.0,7
2023-05-11 13:57:17,l2401-C-8100,l2401-C-8100,236.5,0.0,0.0,0.0,10,19.0,0.0,0,236.5,0.0,0.0,0.0,0.0,0.0,7
2023-05-11 13:57:18,l2401-C-8100,l2401-C-8100,236.5,0.0,0.0,0.0,1,19.5,0.0,0,236.5,0.0,0.0,0.0,0.0,0.0,7
2023-05-11 13:57:18,l2401-C-8100,l2401-C-8100,236.5,0.0,0.0,0.0,10,20.0,0.0,0,236.5,0.0,0.0,0.0,0.0,0.0,7
2023-05-11 13:57:19,l2401-C-8100,l2401-C-8100,236.5,0.0,0.0,0.0,1,20.5,0.0,0,236.5,0.0,0.0,0.0,0.0,0.0,7
2023-05-11 13:57:19,l2401-C-8100,l2401-C-8100,236.5,0.0,0.0,0.0,10,21.0,0.0,0,236.5,0.0,0.0,0.0,0.0,0.0,7
2023-05-11 13:57:21,l2401-C-8100,l2401-C-8100,236.5,0.0,0.0,0.0,1,21.5,0.0,0,236.5,0.0,0.0,0.0,0.0,0.0,7
2023-05-11 13:57:21,l2401-C-8100,l2401-C-8100,236.5,0.0,0.0,0.0,10,22.0,0.0,0,236.5,0.0,0.0,0.0,0.0,0.0,7
2023-05-11 13:57:22,l2401-C-8100,l2401-C-8100,236.5,0.0,0.0,0.0,1,22.5,0.0,0,236.5,0.0,0.0,0.0,0.0,0.0,7
2023-05-11 13:57:22,l2401-C-8100,l2401-C-8100,236.5,0.0,0.0,0.0,10,23.0,0.0,0,236.5,0.0,0.0,0.0,0.0,0.0,7
2023-05-11 13:57:24,l2401-C-8100,l2401-C-8100,236.5,0.0,0.0,0.0,1,23.5,0.0,0,236.5,0.0,0.0,0.0,0.0,0.0,7
2023-05-11 13:57:24,l2401-C-8100,l2401-C-8100,236.5,0.0,0.0,0.0,10,24.0,0.0,0,236.5,0.0,0.0,0.0,0.0,0.0,7
2023-05-11 13:57:25,l2401-C-8100,l2401-C-8100,236.5,0.0,0.0,0.0,1,24.5,0.0,0,236.5,0.0,0.0,0.0,0.0,0.0,7
2023-05-11 13:57:25,l2401-C-8100,l2401-C-8100,236.5,0.0,0.0,0.0,10,25.0,0.0,0,236.5,0.0,0.0,0.0,0.0,0.0,7
2023-05-11 13:57:26,l2401-C-8100,l2401-C-8100,236.5,0.0,0.0,0.0,1,25.5,0.0,0,236.5,0.0,0.0,0.0,0.0,0.0,7
2023-05-11 13:57:26,l2401-C-8100,l2401-C-8100,236.5,0.0,0.0,0.0,10,26.0,0.0,0,236.5,0.0,0.0,0.0,0.0,0.0,7
2023-05-11 13:57:28,l2401-C-8100,l2401-C-8100,236.5,0.0,0.0,0.0,1,26.5,0.0,0,236.5,0.0,0.0,0.0,0.0,0.0,7
2023-05-11 13:57:28,l2401-C-8100,l2401-C-8100,236.5,0.0,0.0,0.0,10,27.0,0.0,0,236.5,0.0,0.0,0.0,0.0,0.0,7
2023-05-11 13:57:29,l2401-C-8100,l2401-C-8100,236.5,0.0,0.0,0.0,1,27.5,0.0,0,236.5,0.0,0.0,0.0,0.0,0.0,7
2023-05-11 13:57:30,l2401-C-8100,l2401-C-8100,236.5,0.0,0.0,0.0,10,28.0,0.0,0,236.5,0.0,0.0,0.0,0.0,0.0,7
2023-05-11 13:57:31,l2401-C-8100,l2401-C-8100,236.5,0.0,0.0,0.0,1,28.5,0.0,0,236.5,0.0,0.0,0.0,0.0,0.0,7
2023-05-11 13:57:31,l2401-C-8100,l2401-C-8100,236.5,0.0,0.0,0.0,10,29.0,0.0,0,236.5,0.0,0.0,0.0,0.0,0.0,7
2023-05-11 13:57:32,l2401-C-8100,l2401-C-8100,236.5,0.0,0.0,0.0,1,29.5,0.0,0,236.5,0.0,0.0,0.0,0.0,0.0,7
2023-05-11 13:57:32,l2401-C-8100,l2401-C-8100,236.5,0.0,0.0,0.0,10,30.0,0.0,0,236.5,0.0,0.0,0.0,0.0,0.0,7
2023-05-11 13:57:34,l2401-C-8100,l2401-C-8100,236.5,0.0,0.0,0.0,1,30.5,0.0,0,236.5,0.0,0.0,0.0,0.0,0.0,7
2023-05-11 13:57:34,l2401-C-8100,l2401-C-8100,236.5,0.0,0.0,0.0,10,31.0,0.0,0,236.5,0.0,0.0,0.0,0.0,0.0,7
2023-05-11 13:57:35,l2401-C-8100,l2401-C-8100,236.5,0.0,0.0,0.0,1,31.5,0.0,0,236.5,0.0,0.0,0.0,0.0,0.0,7
2023-05-11 13:57:35,l2401-C-8100,l2401-C-8100,236.5,0.0,0.0,0.0,10,32.0,0.0,0,236.5,0.0,0.0,0.0,0.0,0.0,7
2023-05-11 13:57:37,l2401-C-8100,l2401-C-8100,236.5,0.0,0.0,0.0,1,32.5,0.0,0,236.5,0.0,0.0,0.0,0.0,0.0,7
2023-05-11 13:57:37,l2401-C-8100,l2401-C-8100,236.5,0.0,0.0,0.0,10,33.0,0.0,0,236.5,0.0,0.0,0.0,0.0,0.0,7
2023-05-11 13:57:38,l2401-C-8100,l2401-C-8100,236.5,0.0,0.0,0.0,1,33.5,0.0,0,236.5,0.0,0.0,0.0,0.0,0.0,7
2023-05-11 13:57:38,l2401-C-8100,l2401-C-8100,236.5,0.0,0.0,0.0,10,34.0,0.0,0,236.5,0.0,0.0,0.0,0.0,0.0,7
2023-05-11 13:57:40,l2401-C-8100,l2401-C-8100,236.5,0.0,0.0,0.0,1,34.5,0.0,0,236.5,0.0,0.0,0.0,0.0,0.0,7
2023-05-11 13:57:40,l2401-C-8100,l2401-C-8100,236.5,0.0,0.0,0.0,10,35.0,0.0,0,236.5,0.0,0.0,0.0,0.0,0.0,7
2023-05-11 13:57:41,l2401-C-8100,l2401-C-8100,236.5,0.0,0.0,0.0,1,35.5,0.0,0,236.5,0.0,0.0,0.0,0.0,0.0,7
2023-05-11 13:57:41,l2401-C-8100,l2401-C-8100,236.5,0.0,0.0,0.0,10,36.0,0.0,0,236.5,0.0,0.0,0.0,0.0,0.0,7
2023-05-11 13:57:42,l2401-C-8100,l2401-C-8100,236.5,0.0,0.0,0.0,1,36.5,0.0,0,236.5,0.0,0.0,0.0,0.0,0.0,7
2023-05-11 13:57:42,l2401-C-8100,l2401-C-8100,236.5,0.0,0.0,0.0,10,37.0,0.0,0,236.5,0.0,0.0,0.0,0.0,0.0,7
2023-05-11 13:57:44,l2401-C-8100,l2401-C-8100,236.5,0.0,0.0,0.0,1,40.5,0.0,0,236.5,0.0,0.0,0.0,0.0,0.0,7
2023-05-11 13:57:44,l2401-C-8100,l2401-C-8100,236.5,0.0,0.0,0.0,10,41.0,0.0,0,236.5,0.0,0.0,0.0,0.0,0.0,7
2023-05-11 13:57:45,l2401-C-8100,l2401-C-8100,236.5,0.0,0.0,0.0,1,44.5,0.0,0,236.5,0.0,0.0,0.0,0.0,0.0,7
2023-05-11 13:57:45,l2401-C-8100,l2401-C-8100,236.5,0.0,0.0,0.0,10,45.0,0.0,0,236.5,0.0,0.0,0.0,0.0,0.0,7
2023-05-11 13:57:46,l2401-C-8100,l2401-C-8100,236.5,0.0,0.0,0.0,1,45.5,0.0,0,236.5,0.0,0.0,0.0,0.0,0.0,7
2023-05-11 13:57:46,l2401-C-8100,l2401-C-8100,236.5,0.0,0.0,0.0,10,46.0,0.0,0,236.5,0.0,0.0,0.0,0.0,0.0,7
2023-05-11 13:57:48,l2401-C-8100,l2401-C-8100,236.5,0.0,0.0,0.0,1,46.5,0.0,0,236.5,0.0,0.0,0.0,0.0,0.0,7
2023-05-11 13:57:48,l2401-C-8100,l2401-C-8100,236.5,0.0,0.0,0.0,10,47.0,0.0,0,236.5,0.0,0.0,0.0,0.0,0.0,7
2023-05-11 13:57:49,l2401-C-8100,l2401-C-8100,236.5,0.0,0.0,0.0,1,47.5,0.0,0,236.5,0.0,0.0,0.0,0.0,0.0,7
2023-05-11 13:57:49,l2401-C-8100,l2401-C-8100,236.5,0.0,0.0,0.0,10,48.0,0.0,0,236.5,0.0,0.0,0.0,0.0,0.0,7
2023-05-11 13:57:50,l2401-C-8100,l2401-C-8100,236.5,0.0,0.0,0.0,1,48.5,0.0,0,236.5,0.0,0.0,0.0,0.0,0.0,7
2023-05-11 13:57:50,l2401-C-8100,l2401-C-8100,236.5,0.0,0.0,0.0,10,49.0,0.0,0,236.5,0.0,0.0,0.0,0.0,0.0,7
2023-05-11 13:57:52,l2401-C-8100,l2401-C-8100,236.5,0.0,0.0,0.0,1,49.5,0.0,0,236.5,0.0,0.0,0.0,0.0,0.0,7
2023-05-11 13:57:52,l2401-C-8100,l2401-C-8100,236.5,0.0,0.0,0.0,10,50.0,0.0,0,236.5,0.0,0.0,0.0,0.0,0.0,7
2023-05-11 13:57:54,l2401-C-8100,l2401-C-8100,236.5,0.0,0.0,0.0,1,50.5,0.0,0,236.5,0.0,0.0,0.0,0.0,0.0,7
2023-05-11 13:57:54,l2401-C-8100,l2401-C-8100,236.5,0.0,0.0,0.0,10,51.0,0.0,0,236.5,0.0,0.0,0.0,0.0,0.0,7
2023-05-11 13:57:55,l2401-C-8100,l2401-C-8100,236.5,0.0,0.0,0.0,1,51.5,0.0,0,236.5,0.0,0.0,0.0,0.0,0.0,7
2023-05-11 13:57:55,l2401-C-8100,l2401-C-8100,236.5,0.0,0.0,0.0,10,52.0,0.0,0,236.5,0.0,0.0,0.0,0.0,0.0,7
2023-05-11 13:57:57,l2401-C-8100,l2401-C-8100,236.5,0.0,0.0,0.0,1,52.5,0.0,0,236.5,0.0,0.0,0.0,0.0,0.0,7
2023-05-11 13:57:57,l2401-C-8100,l2401-C-8100,236.5,0.0,0.0,0.0,10,53.0,0.0,0,236.5,0.0,0.0,0.0,0.0,0.0,7
2023-05-11 13:57:59,l2401-C-8100,l2401-C-8100,236.5,0.0,0.0,0.0,1,53.5,0.0,0,236.5,0.0,0.0,0.0,0.0,0.0,7
2023-05-11 13:57:59,l2401-C-8100,l2401-C-8100,236.5,0.0,0.0,0.0,10,54.0,0.0,0,236.5,0.0,0.0,0.0,0.0,0.0,7
2023-05-11 13:58:00,l2401-C-8100,l2401-C-8100,236.5,0.0,0.0,0.0,1,54.5,0.0,0,236.5,0.0,0.0,0.0,0.0,0.0,7
2023-05-11 13:58:00,l2401-C-8100,l2401-C-8100,236.5,0.0,0.0,0.0,10,55.0,0.0,0,236.5,0.0,0.0,0.0,0.0,0.0,7
2023-05-11 13:58:02,l2401-C-8100,l2401-C-8100,236.5,0.0,0.0,0.0,1,55.5,0.0,0,236.5,0.0,0.0,0.0,0.0,0.0,7
2023-05-11 13:58:02,l2401-C-8100,l2401-C-8100,236.5,0.0,0.0,0.0,10,56.0,0.0,0,236.5,0.0,0.0,0.0,0.0,0.0,7
2023-05-11 13:58:03,l2401-C-8100,l2401-C-8100,236.5,0.0,0.0,0.0,1,56.5,0.0,0,236.5,0.0,0.0,0.0,0.0,0.0,7
2023-05-11 13:58:03,l2401-C-8100,l2401-C-8100,236.5,0.0,0.0,0.0,10,57.0,0.0,0,236.5,0.0,0.0,0.0,0.0,0.0,7
2023-05-11 13:58:04,l2401-C-8100,l2401-C-8100,236.5,0.0,0.0,0.0,1,57.5,0.0,0,236.5,0.0,0.0,0.0,0.0,0.0,7
2023-05-11 13:58:04,l2401-C-8100,l2401-C-8100,236.5,0.0,0.0,0.0,10,58.0,0.0,0,236.5,0.0,0.0,0.0,0.0,0.0,7
2023-05-11 13:58:05,l2401-C-8100,l2401-C-8100,236.5,0.0,0.0,0.0,1,58.5,0.0,0,236.5,0.0,0.0,0.0,0.0,0.0,7
2023-05-11 13:58:05,l2401-C-8100,l2401-C-8100,236.5,0.0,0.0,0.0,10,59.0,0.0,0,236.5,0.0,0.0,0.0,0.0,0.0,7
2023-05-11 13:58:07,l2401-C-8100,l2401-C-8100,236.5,0.0,0.0,0.0,1,59.5,0.0,0,236.5,0.0,0.0,0.0,0.0,0.0,7
2023-05-11 13:58:07,l2401-C-8100,l2401-C-8100,236.5,0.0,0.0,0.0,10,60.0,0.0,0,236.5,0.0,0.0,0.0,0.0,0.0,7
2023-05-11 13:58:08,l2401-C-8100,l2401-C-8100,236.5,0.0,0.0,0.0,1,60.5,0.0,0,236.5,0.0,0.0,0.0,0.0,0.0,7
2023-05-11 13:58:08,l2401-C-8100,l2401-C-8100,236.5,0.0,0.0,0.0,10,61.0,0.0,0,236.5,0.0,0.0,0.0,0.0,0.0,7
2023-05-11 13:58:10,l2401-C-8100,l2401-C-8100,236.5,0.0,0.0,0.0,1,61.5,0.0,0,236.5,0.0,0.0,0.0,0.0,0.0,7
2023-05-11 13:58:10,l2401-C-8100,l2401-C-8100,236.5,0.0,0.0,0.0,10,62.0,0.0,0,236.5,0.0,0.0,0.0,0.0,0.0,7
2023-05-11 13:58:11,l2401-C-8100,l2401-C-8100,236.5,0.0,0.0,0.0,1,62.5,0.0,0,236.5,0.0,0.0,0.0,0.0,0.0,7
2023-05-11 13:58:11,l2401-C-8100,l2401-C-8100,236.5,0.0,0.0,0.0,10,63.0,0.0,0,236.5,0.0,0.0,0.0,0.0,0.0,7
2023-05-11 13:58:12,l2401-C-8100,l2401-C-8100,236.5,0.0,0.0,0.0,1,63.5,0.0,0,236.5,0.0,0.0,0.0,0.0,0.0,7
2023-05-11 13:58:12,l2401-C-8100,l2401-C-8100,236.5,0.0,0.0,0.0,10,64.0,0.0,0,236.5,0.0,0.0,0.0,0.0,0.0,7
2023-05-11 13:58:13,l2401-C-8100,l2401-C-8100,236.5,0.0,0.0,0.0,1,64.5,0.0,0,236.5,0.0,0.0,0.0,0.0,0.0,7
2023-05-11 13:58:13,l2401-C-8100,l2401-C-8100,236.5,0.0,0.0,0.0,10,65.0,0.0,0,236.5,0.0,0.0,0.0,0.0,0.0,7
2023-05-11 13:58:14,l2401-C-8100,l2401-C-8100,236.5,0.0,0.0,0.0,1,65.5,0.0,0,236.5,0.0,0.0,0.0,0.0,0.0,7
2023-05-11 13:58:14,l2401-C-8100,l2401-C-8100,236.5,0.0,0.0,0.0,10,66.0,0.0,0,236.5,0.0,0.0,0.0,0.0,0.0,7
2023-05-11 13:58:15,l2401-C-8100,l2401-C-8100,236.5,0.0,0.0,0.0,1,66.5,0.0,0,236.5,0.0,0.0,0.0,0.0,0.0,7
2023-05-11 13:58:15,l2401-C-8100,l2401-C-8100,236.5,0.0,0.0,0.0,10,67.0,0.0,0,236.5,0.0,0.0,0.0,0.0,0.0,7
2023-05-11 13:58:16,l2401-C-8100,l2401-C-8100,236.5,0.0,0.0,0.0,1,67.5,0.0,0,236.5,0.0,0.0,0.0,0.0,0.0,7
2023-05-11 13:58:16,l2401-C-8100,l2401-C-8100,236.5,0.0,0.0,0.0,10,68.0,0.0,0,236.5,0.0,0.0,0.0,0.0,0.0,7
2023-05-11 13:58:17,l2401-C-8100,l2401-C-8100,236.5,0.0,0.0,0.0,1,68.5,0.0,0,236.5,0.0,0.0,0.0,0.0,0.0,7
2023-05-11 13:58:17,l2401-C-8100,l2401-C-8100,236.5,0.0,0.0,0.0,10,69.0,0.0,0,236.5,0.0,0.0,0.0,0.0,0.0,7
2023-05-11 13:58:19,l2401-C-8100,l2401-C-8100,236.5,0.0,0.0,0.0,1,69.5,0.0,0,236.5,0.0,0.0,0.0,0.0,0.0,7
2023-05-11 13:58:19,l2401-C-8100,l2401-C-8100,236.5,0.0,0.0,0.0,10,70.0,0.0,0,236.5,0.0,0.0,0.0,0.0,0.0,7
2023-05-11 13:58:20,l2401-C-8100,l2401-C-8100,236.5,0.0,0.0,0.0,1,70.5,0.0,0,236.5,0.0,0.0,0.0,0.0,0.0,7
2023-05-11 13:58:20,l2401-C-8100,l2401-C-8100,236.5,0.0,0.0,0.0,10,71.0,0.0,0,236.5,0.0,0.0,0.0,0.0,0.0,7
2023-05-11 13:58:21,l2401-C-8100,l2401-C-8100,236.5,0.0,0.0,0.0,1,71.5,0.0,0,236.5,0.0,0.0,0.0,0.0,0.0,7
2023-05-11 13:58:21,l2401-C-8100,l2401-C-8100,236.5,0.0,0.0,0.0,10,72.0,0.0,0,236.5,0.0,0.0,0.0,0.0,0.0,7
2023-05-11 13:58:22,l2401-C-8100,l2401-C-8100,236.5,0.0,0.0,0.0,1,72.5,0.0,0,236.5,0.0,0.0,0.0,0.0,0.0,7
2023-05-11 13:58:22,l2401-C-8100,l2401-C-8100,236.5,0.0,0.0,0.0,10,73.0,0.0,0,236.5,0.0,0.0,0.0,0.0,0.0,7
2023-05-11 13:58:23,l2401-C-8100,l2401-C-8100,236.5,0.0,0.0,0.0,1,73.5,0.0,0,236.5,0.0,0.0,0.0,0.0,0.0,7
2023-05-11 13:58:23,l2401-C-8100,l2401-C-8100,236.5,0.0,0.0,0.0,10,74.0,0.0,0,236.5,0.0,0.0,0.0,0.0,0.0,7
2023-05-11 13:58:24,l2401-C-8100,l2401-C-8100,236.5,0.0,0.0,0.0,1,74.5,0.0,0,236.5,0.0,0.0,0.0,0.0,0.0,7
2023-05-11 13:58:24,l2401-C-8100,l2401-C-8100,236.5,0.0,0.0,0.0,10,75.0,0.0,0,236.5,0.0,0.0,0.0,0.0,0.0,7
2023-05-11 13:58:25,l2401-C-8100,l2401-C-8100,236.5,0.0,0.0,0.0,1,75.5,0.0,0,236.5,0.0,0.0,0.0,0.0,0.0,7
2023-05-11 13:58:25,l2401-C-8100,l2401-C-8100,236.5,0.0,0.0,0.0,10,76.0,0.0,0,236.5,0.0,0.0,0.0,0.0,0.0,7
2023-05-11 13:58:26,l2401-C-8100,l2401-C-8100,236.5,0.0,0.0,0.0,1,76.5,0.0,0,236.5,0.0,0.0,0.0,0.0,0.0,7
2023-05-11 13:58:26,l2401-C-8100,l2401-C-8100,236.5,0.0,0.0,0.0,10,77.0,0.0,0,236.5,0.0,0.0,0.0,0.0,0.0,7
2023-05-11 13:58:27,l2401-C-8100,l2401-C-8100,236.5,0.0,0.0,0.0,1,77.5,0.0,0,236.5,0.0,0.0,0.0,0.0,0.0,7
2023-05-11 13:58:27,l2401-C-8100,l2401-C-8100,236.5,0.0,0.0,0.0,10,78.0,0.0,0,236.5,0.0,0.0,0.0,0.0,0.0,7
2023-05-11 13:58:28,l2401-C-8100,l2401-C-8100,236.5,0.0,0.0,0.0,1,78.5,0.0,0,236.5,0.0,0.0,0.0,0.0,0.0,7
2023-05-11 13:58:28,l2401-C-8100,l2401-C-8100,236.5,0.0,0.0,0.0,10,79.0,0.0,0,236.5,0.0,0.0,0.0,0.0,0.0,7
2023-05-11 13:58:29,l2401-C-8100,l2401-C-8100,236.5,0.0,0.0,0.0,1,79.5,0.0,0,236.5,0.0,0.0,0.0,0.0,0.0,7
2023-05-11 13:58:29,l2401-C-8100,l2401-C-8100,236.5,0.0,0.0,0.0,10,80.0,0.0,0,236.5,0.0,0.0,0.0,0.0,0.0,7
2023-05-11 13:58:30,l2401-C-8100,l2401-C-8100,236.5,0.0,0.0,0.0,1,80.5,0.0,0,236.5,0.0,0.0,0.0,0.0,0.0,7
2023-05-11 13:58:30,l2401-C-8100,l2401-C-8100,236.5,0.0,0.0,0.0,10,81.0,0.0,0,236.5,0.0,0.0,0.0,0.0,0.0,7
2023-05-11 13:58:31,l2401-C-8100,l2401-C-8100,236.5,0.0,0.0,0.0,1,81.5,0.0,0,236.5,0.0,0.0,0.0,0.0,0.0,7
2023-05-11 13:58:31,l2401-C-8100,l2401-C-8100,236.5,0.0,0.0,0.0,10,82.0,0.0,0,236.5,0.0,0.0,0.0,0.0,0.0,7
2023-05-11 13:58:32,l2401-C-8100,l2401-C-8100,236.5,0.0,0.0,0.0,1,82.5,0.0,0,236.5,0.0,0.0,0.0,0.0,0.0,7
2023-05-11 13:58:32,l2401-C-8100,l2401-C-8100,236.5,0.0,0.0,0.0,10,83.0,0.0,0,236.5,0.0,0.0,0.0,0.0,0.0,7
2023-05-11 13:58:33,l2401-C-8100,l2401-C-8100,236.5,0.0,0.0,0.0,1,83.5,0.0,0,236.5,0.0,0.0,0.0,0.0,0.0,7
2023-05-11 13:58:33,l2401-C-8100,l2401-C-8100,236.5,0.0,0.0,0.0,10,84.0,0.0,0,236.5,0.0,0.0,0.0,0.0,0.0,7
2023-05-11 13:58:35,l2401-C-8100,l2401-C-8100,236.5,0.0,0.0,0.0,1,84.5,0.0,0,236.5,0.0,0.0,0.0,0.0,0.0,7
2023-05-11 13:58:35,l2401-C-8100,l2401-C-8100,236.5,0.0,0.0,0.0,10,85.0,0.0,0,236.5,0.0,0.0,0.0,0.0,0.0,7
2023-05-11 13:58:36,l2401-C-8100,l2401-C-8100,236.5,0.0,0.0,0.0,1,85.5,0.0,0,236.5,0.0,0.0,0.0,0.0,0.0,7
2023-05-11 13:58:36,l2401-C-8100,l2401-C-8100,236.5,0.0,0.0,0.0,10,86.0,0.0,0,236.5,0.0,0.0,0.0,0.0,0.0,7
2023-05-11 13:58:37,l2401-C-8100,l2401-C-8100,236.5,0.0,0.0,0.0,1,86.5,0.0,0,236.5,0.0,0.0,0.0,0.0,0.0,7
2023-05-11 13:58:37,l2401-C-8100,l2401-C-8100,236.5,0.0,0.0,0.0,10,87.0,0.0,0,236.5,0.0,0.0,0.0,0.0,0.0,7
2023-05-11 13:58:38,l2401-C-8100,l2401-C-8100,236.5,0.0,0.0,0.0,1,87.5,0.0,0,236.5,0.0,0.0,0.0,0.0,0.0,7
2023-05-11 13:58:38,l2401-C-8100,l2401-C-8100,236.5,0.0,0.0,0.0,10,88.0,0.0,0,236.5,0.0,0.0,0.0,0.0,0.0,7
2023-05-11 13:58:39,l2401-C-8100,l2401-C-8100,236.5,0.0,0.0,0.0,1,88.5,0.0,0,236.5,0.0,0.0,0.0,0.0,0.0,7
2023-05-11 13:58:39,l2401-C-8100,l2401-C-8100,236.5,0.0,0.0,0.0,10,89.0,0.0,0,236.5,0.0,0.0,0.0,0.0,0.0,7
2023-05-11 13:58:40,l2401-C-8100,l2401-C-8100,236.5,0.0,0.0,0.0,1,89.5,0.0,0,236.5,0.0,0.0,0.0,0.0,0.0,7
2023-05-11 13:58:40,l2401-C-8100,l2401-C-8100,236.5,0.0,0.0,0.0,10,90.0,0.0,0,236.5,0.0,0.0,0.0,0.0,0.0,7
2023-05-11 13:58:41,l2401-C-8100,l2401-C-8100,236.5,0.0,0.0,0.0,1,90.5,0.0,0,236.5,0.0,0.0,0.0,0.0,0.0,7
2023-05-11 13:58:41,l2401-C-8100,l2401-C-8100,236.5,0.0,0.0,0.0,10,91.0,0.0,0,236.5,0.0,0.0,0.0,0.0,0.0,7
2023-05-11 13:58:42,l2401-C-8100,l2401-C-8100,236.5,0.0,0.0,0.0,1,91.5,0.0,0,236.5,0.0,0.0,0.0,0.0,0.0,7
2023-05-11 13:58:42,l2401-C-8100,l2401-C-8100,236.5,0.0,0.0,0.0,10,92.0,0.0,0,236.5,0.0,0.0,0.0,0.0,0.0,7
2023-05-11 13:58:43,l2401-C-8100,l2401-C-8100,236.5,0.0,0.0,0.0,1,92.5,0.0,0,236.5,0.0,0.0,0.0,0.0,0.0,7
2023-05-11 13:58:43,l2401-C-8100,l2401-C-8100,236.5,0.0,0.0,0.0,10,93.0,0.0,0,236.5,0.0,0.0,0.0,0.0,0.0,7
2023-05-11 13:58:44,l2401-C-8100,l2401-C-8100,236.5,0.0,0.0,0.0,1,93.5,0.0,0,236.5,0.0,0.0,0.0,0.0,0.0,7
2023-05-11 13:58:44,l2401-C-8100,l2401-C-8100,236.5,0.0,0.0,0.0,10,94.0,0.0,0,236.5,0.0,0.0,0.0,0.0,0.0,7
2023-05-11 13:58:45,l2401-C-8100,l2401-C-8100,236.5,0.0,0.0,0.0,1,94.5,0.0,0,236.5,0.0,0.0,0.0,0.0,0.0,7
2023-05-11 13:58:45,l2401-C-8100,l2401-C-8100,236.5,0.0,0.0,0.0,10,95.0,0.0,0,236.5,0.0,0.0,0.0,0.0,0.0,7
2023-05-11 13:58:46,l2401-C-8100,l2401-C-8100,236.5,0.0,0.0,0.0,1,95.5,0.0,0,236.5,0.0,0.0,0.0,0.0,0.0,7
2023-05-11 13:58:46,l2401-C-8100,l2401-C-8100,236.5,0.0,0.0,0.0,10,96.0,0.0,0,236.5,0.0,0.0,0.0,0.0,0.0,7
2023-05-11 13:58:47,l2401-C-8100,l2401-C-8100,236.5,0.0,0.0,0.0,1,96.5,0.0,0,236.5,0.0,0.0,0.0,0.0,0.0,7
2023-05-11 13:58:47,l2401-C-8100,l2401-C-8100,236.5,0.0,0.0,0.0,10,97.0,0.0,0,236.5,0.0,0.0,0.0,0.0,0.0,7
2023-05-11 13:58:49,l2401-C-8100,l2401-C-8100,236.5,0.0,0.0,0.0,1,97.5,0.0,0,236.5,0.0,0.0,0.0,0.0,0.0,7
2023-05-11 13:58:49,l2401-C-8100,l2401-C-8100,236.5,0.0,0.0,0.0,10,98.0,0.0,0,236.5,0.0,0.0,0.0,0.0,0.0,7
2023-05-11 13:58:50,l2401-C-8100,l2401-C-8100,236.5,0.0,0.0,0.0,1,98.5,0.0,0,236.5,0.0,0.0,0.0,0.0,0.0,7
2023-05-11 13:58:50,l2401-C-8100,l2401-C-8100,236.5,0.0,0.0,0.0,10,99.0,0.0,0,236.5,0.0,0.0,0.0,0.0,0.0,7
2023-05-11 13:58:51,l2401-C-8100,l2401-C-8100,236.5,0.0,0.0,0.0,1,99.5,0.0,0,236.5,0.0,0.0,0.0,0.0,0.0,7
2023-05-11 13:58:51,l2401-C-8100,l2401-C-8100,236.5,0.0,0.0,0.0,10,100.0,0.0,0,236.5,0.0,0.0,0.0,0.0,0.0,7
2023-05-11 13:58:52,l2401-C-8100,l2401-C-8100,236.5,0.0,0.0,0.0,1,100.5,0.0,0,236.5,0.0,0.0,0.0,0.0,0.0,7
2023-05-11 13:58:52,l2401-C-8100,l2401-C-8100,236.5,0.0,0.0,0.0,10,101.0,0.0,0,236.5,0.0,0.0,0.0,0.0,0.0,7
2023-05-11 13:58:53,l2401-C-8100,l2401-C-8100,236.5,0.0,0.0,0.0,1,101.5,0.0,0,236.5,0.0,0.0,0.0,0.0,0.0,7
2023-05-11 13:58:53,l2401-C-8100,l2401-C-8100,236.5,0.0,0.0,0.0,10,102.0,0.0,0,236.5,0.0,0.0,0.0,0.0,0.0,7
2023-05-11 13:58:54,l2401-C-8100,l2401-C-8100,236.5,0.0,0.0,0.0,1,102.5,0.0,0,236.5,0.0,0.0,0.0,0.0,0.0,7
2023-05-11 13:58:54,l2401-C-8100,l2401-C-8100,236.5,0.0,0.0,0.0,10,103.0,0.0,0,236.5,0.0,0.0,0.0,0.0,0.0,7
2023-05-11 13:58:55,l2401-C-8100,l2401-C-8100,236.5,0.0,0.0,0.0,1,103.5,0.0,0,236.5,0.0,0.0,0.0,0.0,0.0,7
2023-05-11 13:58:55,l2401-C-8100,l2401-C-8100,236.5,0.0,0.0,0.0,10,104.0,0.0,0,236.5,0.0,0.0,0.0,0.0,0.0,7
2023-05-11 13:58:56,l2401-C-8100,l2401-C-8100,236.5,0.0,0.0,0.0,1,104.5,0.0,0,236.5,0.0,0.0,0.0,0.0,0.0,7
2023-05-11 13:58:56,l2401-C-8100,l2401-C-8100,236.5,0.0,0.0,0.0,10,105.0,0.0,0,236.5,0.0,0.0,0.0,0.0,0.0,7
2023-05-11 13:58:57,l2401-C-8100,l2401-C-8100,236.5,0.0,0.0,0.0,1,105.5,0.0,0,236.5,0.0,0.0,0.0,0.0,0.0,7
2023-05-11 13:58:57,l2401-C-8100,l2401-C-8100,236.5,0.0,0.0,0.0,10,106.0,0.0,0,236.5,0.0,0.0,0.0,0.0,0.0,7
2023-05-11 13:58:58,l2401-C-8100,l2401-C-8100,236.5,0.0,0.0,0.0,1,106.5,0.0,0,236.5,0.0,0.0,0.0,0.0,0.0,7
2023-05-11 13:58:58,l2401-C-8100,l2401-C-8100,236.5,0.0,0.0,0.0,10,107.0,0.0,0,236.5,0.0,0.0,0.0,0.0,0.0,7
2023-05-11 13:58:59,l2401-C-8100,l2401-C-8100,236.5,0.0,0.0,0.0,1,107.5,0.0,0,236.5,0.0,0.0,0.0,0.0,0.0,7
2023-05-11 13:58:59,l2401-C-8100,l2401-C-8100,236.5,0.0,0.0,0.0,10,108.0,0.0,0,236.5,0.0,0.0,0.0,0.0,0.0,7
2023-05-11 14:56:45,l2401-C-8100,l2401-C-8100,236.5,0.0,0.0,0.0,1,12.0,0.0,0,236.5,0.0,0.0,0.0,0.0,0.0,7
2023-05-11 14:56:46,l2401-C-8100,l2401-C-8100,236.5,0.0,0.0,0.0,1,18.5,0.0,0,236.5,0.0,0.0,0.0,0.0,0.0,7
2023-05-11 14:58:34,l2401-C-8100,l2401-C-8100,236.5,0.0,0.0,0.0,1,19.0,0.0,0,236.5,0.0,0.0,0.0,0.0,0.0,7
2023-05-11 14:58:34,l2401-C-8100,l2401-C-8100,236.5,0.0,0.0,0.0,1,19.5,0.0,0,236.5,0.0,0.0,0.0,0.0,0.0,7
2023-05-11 14:59:02,l2401-C-8100,l2401-C-8100,236.5,0.0,0.0,0.0,10,20.0,0.0,0,236.5,0.0,0.0,0.0,0.0,0.0,7
2023-05-11 14:59:06,l2401-C-8100,l2401-C-8100,236.5,0.0,0.0,0.0,1,20.5,0.0,0,236.5,0.0,0.0,0.0,0.0,0.0,7
2023-05-11 14:59:06,l2401-C-8100,l2401-C-8100,236.5,0.0,0.0,0.0,10,21.0,0.0,0,236.5,0.0,0.0,0.0,0.0,0.0,7
2023-05-11 14:59:09,l2401-C-8100,l2401-C-8100,236.5,0.0,0.0,0.0,1,21.5,0.0,0,236.5,0.0,0.0,0.0,0.0,0.0,7
2023-05-11 14:59:09,l2401-C-8100,l2401-C-8100,236.5,0.0,0.0,0.0,10,22.0,0.0,0,236.5,0.0,0.0,0.0,0.0,0.0,7
2023-05-11 14:59:22,l2401-C-8100,l2401-C-8100,236.5,0.0,0.0,0.0,1,22.5,0.0,0,236.5,0.0,0.0,0.0,0.0,0.0,7
2023-05-11 14:59:22,l2401-C-8100,l2401-C-8100,236.5,0.0,0.0,0.0,10,23.0,0.0,0,236.5,0.0,0.0,0.0,0.0,0.0,7
2023-05-11 14:59:54,l2401-C-8100,l2401-C-8100,236.5,0.0,0.0,0.0,1,22.5,0.0,0,236.5,0.0,0.0,0.0,0.0,0.0,7
2023-05-11 15:01:10,l2401-C-8100,l2401-C-8100,236.5,0.0,0.0,0.0,1,22.5,0.0,0,236.5,0.0,0.0,0.0,0.0,0.0,7
