time,symbol_id,symbol_name,last,trade_volume,trade_amount,open_interest_change,bv1,bp1,ap1,av1,yesterday_close,today_open,today_high,today_low,volume,amount,open_interest
2023-05-10 20:56:28,l2401-C-7900,l2401-C-7900,310.5,0.0,0.0,0.0,1,1.5,0.0,0,310.5,0.0,0.0,0.0,0.0,0.0,4
2023-05-10 21:00:06,l2401-C-7900,l2401-C-7900,310.5,0.0,0.0,0.0,10,2.0,0.0,0,310.5,0.0,0.0,0.0,0.0,0.0,4
2023-05-10 21:00:27,l2401-C-7900,l2401-C-7900,310.5,0.0,0.0,0.0,11,2.0,0.0,0,310.5,0.0,0.0,0.0,0.0,0.0,4
2023-05-10 21:01:39,l2401-C-7900,l2401-C-7900,310.5,0.0,0.0,0.0,1,2.5,0.0,0,310.5,0.0,0.0,0.0,0.0,0.0,4
2023-05-10 21:01:39,l2401-C-7900,l2401-C-7900,310.5,0.0,0.0,0.0,10,3.0,0.0,0,310.5,0.0,0.0,0.0,0.0,0.0,4
2023-05-10 21:02:54,l2401-C-7900,l2401-C-7900,310.5,0.0,0.0,0.0,1,9.5,0.0,0,310.5,0.0,0.0,0.0,0.0,0.0,4
2023-05-10 21:02:54,l2401-C-7900,l2401-C-7900,310.5,0.0,0.0,0.0,10,10.0,0.0,0,310.5,0.0,0.0,0.0,0.0,0.0,4
2023-05-10 21:04:46,l2401-C-7900,l2401-C-7900,310.5,0.0,0.0,0.0,1,10.5,0.0,0,310.5,0.0,0.0,0.0,0.0,0.0,4
2023-05-10 21:04:46,l2401-C-7900,l2401-C-7900,310.5,0.0,0.0,0.0,10,11.0,0.0,0,310.5,0.0,0.0,0.0,0.0,0.0,4
2023-05-10 21:05:12,l2401-C-7900,l2401-C-7900,310.5,0.0,0.0,0.0,1,11.5,0.0,0,310.5,0.0,0.0,0.0,0.0,0.0,4
2023-05-10 21:05:12,l2401-C-7900,l2401-C-7900,310.5,0.0,0.0,0.0,10,12.0,0.0,0,310.5,0.0,0.0,0.0,0.0,0.0,4
2023-05-10 21:06:39,l2401-C-7900,l2401-C-7900,310.5,0.0,0.0,0.0,1,12.5,0.0,0,310.5,0.0,0.0,0.0,0.0,0.0,4
2023-05-10 21:06:39,l2401-C-7900,l2401-C-7900,310.5,0.0,0.0,0.0,10,13.0,0.0,0,310.5,0.0,0.0,0.0,0.0,0.0,4
2023-05-10 21:06:48,l2401-C-7900,l2401-C-7900,310.5,0.0,0.0,0.0,1,13.5,0.0,0,310.5,0.0,0.0,0.0,0.0,0.0,4
2023-05-10 21:06:48,l2401-C-7900,l2401-C-7900,310.5,0.0,0.0,0.0,10,14.0,0.0,0,310.5,0.0,0.0,0.0,0.0,0.0,4
2023-05-10 21:06:54,l2401-C-7900,l2401-C-7900,310.5,0.0,0.0,0.0,1,14.5,0.0,0,310.5,0.0,0.0,0.0,0.0,0.0,4
2023-05-10 21:06:54,l2401-C-7900,l2401-C-7900,310.5,0.0,0.0,0.0,10,15.0,0.0,0,310.5,0.0,0.0,0.0,0.0,0.0,4
2023-05-10 21:07:00,l2401-C-7900,l2401-C-7900,310.5,0.0,0.0,0.0,1,15.5,0.0,0,310.5,0.0,0.0,0.0,0.0,0.0,4
2023-05-10 21:07:00,l2401-C-7900,l2401-C-7900,310.5,0.0,0.0,0.0,10,16.0,0.0,0,310.5,0.0,0.0,0.0,0.0,0.0,4
2023-05-10 21:07:03,l2401-C-7900,l2401-C-7900,310.5,0.0,0.0,0.0,1,16.5,0.0,0,310.5,0.0,0.0,0.0,0.0,0.0,4
2023-05-10 21:07:03,l2401-C-7900,l2401-C-7900,310.5,0.0,0.0,0.0,10,17.0,0.0,0,310.5,0.0,0.0,0.0,0.0,0.0,4
2023-05-10 21:07:06,l2401-C-7900,l2401-C-7900,310.5,0.0,0.0,0.0,1,17.5,0.0,0,310.5,0.0,0.0,0.0,0.0,0.0,4
2023-05-10 21:07:06,l2401-C-7900,l2401-C-7900,310.5,0.0,0.0,0.0,10,18.0,0.0,0,310.5,0.0,0.0,0.0,0.0,0.0,4
2023-05-10 21:07:09,l2401-C-7900,l2401-C-7900,310.5,0.0,0.0,0.0,1,18.5,0.0,0,310.5,0.0,0.0,0.0,0.0,0.0,4
2023-05-10 21:07:09,l2401-C-7900,l2401-C-7900,310.5,0.0,0.0,0.0,10,19.0,0.0,0,310.5,0.0,0.0,0.0,0.0,0.0,4
2023-05-10 21:07:15,l2401-C-7900,l2401-C-7900,310.5,0.0,0.0,0.0,1,19.5,0.0,0,310.5,0.0,0.0,0.0,0.0,0.0,4
2023-05-10 21:07:15,l2401-C-7900,l2401-C-7900,310.5,0.0,0.0,0.0,10,20.0,0.0,0,310.5,0.0,0.0,0.0,0.0,0.0,4
2023-05-10 21:07:17,l2401-C-7900,l2401-C-7900,310.5,0.0,0.0,0.0,1,20.5,0.0,0,310.5,0.0,0.0,0.0,0.0,0.0,4
2023-05-10 21:07:17,l2401-C-7900,l2401-C-7900,310.5,0.0,0.0,0.0,10,21.0,0.0,0,310.5,0.0,0.0,0.0,0.0,0.0,4
2023-05-10 21:07:22,l2401-C-7900,l2401-C-7900,310.5,0.0,0.0,0.0,1,21.5,0.0,0,310.5,0.0,0.0,0.0,0.0,0.0,4
2023-05-10 21:07:22,l2401-C-7900,l2401-C-7900,310.5,0.0,0.0,0.0,10,22.0,0.0,0,310.5,0.0,0.0,0.0,0.0,0.0,4
2023-05-10 21:07:27,l2401-C-7900,l2401-C-7900,310.5,0.0,0.0,0.0,1,22.5,0.0,0,310.5,0.0,0.0,0.0,0.0,0.0,4
2023-05-10 21:07:27,l2401-C-7900,l2401-C-7900,310.5,0.0,0.0,0.0,10,23.0,0.0,0,310.5,0.0,0.0,0.0,0.0,0.0,4
2023-05-10 21:07:30,l2401-C-7900,l2401-C-7900,310.5,0.0,0.0,0.0,1,23.5,0.0,0,310.5,0.0,0.0,0.0,0.0,0.0,4
2023-05-10 21:07:30,l2401-C-7900,l2401-C-7900,310.5,0.0,0.0,0.0,10,24.0,0.0,0,310.5,0.0,0.0,0.0,0.0,0.0,4
2023-05-10 21:07:32,l2401-C-7900,l2401-C-7900,310.5,0.0,0.0,0.0,1,24.5,0.0,0,310.5,0.0,0.0,0.0,0.0,0.0,4
2023-05-10 21:07:32,l2401-C-7900,l2401-C-7900,310.5,0.0,0.0,0.0,10,25.0,0.0,0,310.5,0.0,0.0,0.0,0.0,0.0,4
2023-05-10 21:07:34,l2401-C-7900,l2401-C-7900,310.5,0.0,0.0,0.0,1,25.5,0.0,0,310.5,0.0,0.0,0.0,0.0,0.0,4
2023-05-10 21:07:34,l2401-C-7900,l2401-C-7900,310.5,0.0,0.0,0.0,10,26.0,0.0,0,310.5,0.0,0.0,0.0,0.0,0.0,4
2023-05-10 21:07:36,l2401-C-7900,l2401-C-7900,310.5,0.0,0.0,0.0,1,26.5,0.0,0,310.5,0.0,0.0,0.0,0.0,0.0,4
2023-05-10 21:07:36,l2401-C-7900,l2401-C-7900,310.5,0.0,0.0,0.0,10,27.0,0.0,0,310.5,0.0,0.0,0.0,0.0,0.0,4
2023-05-10 21:07:37,l2401-C-7900,l2401-C-7900,310.5,0.0,0.0,0.0,1,27.5,0.0,0,310.5,0.0,0.0,0.0,0.0,0.0,4
2023-05-10 21:07:37,l2401-C-7900,l2401-C-7900,310.5,0.0,0.0,0.0,10,28.0,0.0,0,310.5,0.0,0.0,0.0,0.0,0.0,4
2023-05-10 21:07:39,l2401-C-7900,l2401-C-7900,310.5,0.0,0.0,0.0,1,28.5,0.0,0,310.5,0.0,0.0,0.0,0.0,0.0,4
2023-05-10 21:07:39,l2401-C-7900,l2401-C-7900,310.5,0.0,0.0,0.0,10,29.0,0.0,0,310.5,0.0,0.0,0.0,0.0,0.0,4
2023-05-10 21:07:41,l2401-C-7900,l2401-C-7900,310.5,0.0,0.0,0.0,1,29.5,0.0,0,310.5,0.0,0.0,0.0,0.0,0.0,4
2023-05-10 21:07:41,l2401-C-7900,l2401-C-7900,310.5,0.0,0.0,0.0,10,30.0,0.0,0,310.5,0.0,0.0,0.0,0.0,0.0,4
2023-05-10 21:07:43,l2401-C-7900,l2401-C-7900,310.5,0.0,0.0,0.0,1,30.5,0.0,0,310.5,0.0,0.0,0.0,0.0,0.0,4
2023-05-10 21:07:43,l2401-C-7900,l2401-C-7900,310.5,0.0,0.0,0.0,10,31.0,0.0,0,310.5,0.0,0.0,0.0,0.0,0.0,4
2023-05-10 21:07:45,l2401-C-7900,l2401-C-7900,310.5,0.0,0.0,0.0,10,32.0,0.0,0,310.5,0.0,0.0,0.0,0.0,0.0,4
2023-05-10 21:07:46,l2401-C-7900,l2401-C-7900,310.5,0.0,0.0,0.0,1,32.5,0.0,0,310.5,0.0,0.0,0.0,0.0,0.0,4
2023-05-10 21:07:46,l2401-C-7900,l2401-C-7900,310.5,0.0,0.0,0.0,10,33.0,0.0,0,310.5,0.0,0.0,0.0,0.0,0.0,4
2023-05-10 21:07:48,l2401-C-7900,l2401-C-7900,310.5,0.0,0.0,0.0,1,33.5,0.0,0,310.5,0.0,0.0,0.0,0.0,0.0,4
2023-05-10 21:07:48,l2401-C-7900,l2401-C-7900,310.5,0.0,0.0,0.0,10,34.0,0.0,0,310.5,0.0,0.0,0.0,0.0,0.0,4
2023-05-10 21:07:50,l2401-C-7900,l2401-C-7900,310.5,0.0,0.0,0.0,1,34.5,0.0,0,310.5,0.0,0.0,0.0,0.0,0.0,4
2023-05-10 21:07:50,l2401-C-7900,l2401-C-7900,310.5,0.0,0.0,0.0,10,35.0,0.0,0,310.5,0.0,0.0,0.0,0.0,0.0,4
2023-05-10 21:07:52,l2401-C-7900,l2401-C-7900,310.5,0.0,0.0,0.0,1,35.5,0.0,0,310.5,0.0,0.0,0.0,0.0,0.0,4
2023-05-10 21:07:52,l2401-C-7900,l2401-C-7900,310.5,0.0,0.0,0.0,10,36.0,0.0,0,310.5,0.0,0.0,0.0,0.0,0.0,4
2023-05-10 21:07:54,l2401-C-7900,l2401-C-7900,310.5,0.0,0.0,0.0,1,36.5,0.0,0,310.5,0.0,0.0,0.0,0.0,0.0,4
2023-05-10 21:07:54,l2401-C-7900,l2401-C-7900,310.5,0.0,0.0,0.0,10,37.0,0.0,0,310.5,0.0,0.0,0.0,0.0,0.0,4
2023-05-10 21:07:55,l2401-C-7900,l2401-C-7900,310.5,0.0,0.0,0.0,1,37.5,0.0,0,310.5,0.0,0.0,0.0,0.0,0.0,4
2023-05-10 21:07:55,l2401-C-7900,l2401-C-7900,310.5,0.0,0.0,0.0,10,38.0,0.0,0,310.5,0.0,0.0,0.0,0.0,0.0,4
2023-05-10 21:07:57,l2401-C-7900,l2401-C-7900,310.5,0.0,0.0,0.0,1,38.5,0.0,0,310.5,0.0,0.0,0.0,0.0,0.0,4
2023-05-10 21:07:57,l2401-C-7900,l2401-C-7900,310.5,0.0,0.0,0.0,10,39.0,0.0,0,310.5,0.0,0.0,0.0,0.0,0.0,4
2023-05-10 21:07:59,l2401-C-7900,l2401-C-7900,310.5,0.0,0.0,0.0,1,39.5,0.0,0,310.5,0.0,0.0,0.0,0.0,0.0,4
2023-05-10 21:07:59,l2401-C-7900,l2401-C-7900,310.5,0.0,0.0,0.0,10,40.0,0.0,0,310.5,0.0,0.0,0.0,0.0,0.0,4
2023-05-10 21:08:01,l2401-C-7900,l2401-C-7900,310.5,0.0,0.0,0.0,1,40.5,0.0,0,310.5,0.0,0.0,0.0,0.0,0.0,4
2023-05-10 21:08:01,l2401-C-7900,l2401-C-7900,310.5,0.0,0.0,0.0,10,41.0,0.0,0,310.5,0.0,0.0,0.0,0.0,0.0,4
2023-05-10 21:08:03,l2401-C-7900,l2401-C-7900,310.5,0.0,0.0,0.0,1,41.5,0.0,0,310.5,0.0,0.0,0.0,0.0,0.0,4
2023-05-10 21:08:03,l2401-C-7900,l2401-C-7900,310.5,0.0,0.0,0.0,10,42.0,0.0,0,310.5,0.0,0.0,0.0,0.0,0.0,4
2023-05-10 21:08:04,l2401-C-7900,l2401-C-7900,310.5,0.0,0.0,0.0,1,48.5,0.0,0,310.5,0.0,0.0,0.0,0.0,0.0,4
2023-05-10 21:08:04,l2401-C-7900,l2401-C-7900,310.5,0.0,0.0,0.0,10,49.0,0.0,0,310.5,0.0,0.0,0.0,0.0,0.0,4
2023-05-10 21:08:06,l2401-C-7900,l2401-C-7900,310.5,0.0,0.0,0.0,1,52.5,0.0,0,310.5,0.0,0.0,0.0,0.0,0.0,4
2023-05-10 21:08:06,l2401-C-7900,l2401-C-7900,310.5,0.0,0.0,0.0,10,53.0,0.0,0,310.5,0.0,0.0,0.0,0.0,0.0,4
2023-05-10 21:08:07,l2401-C-7900,l2401-C-7900,310.5,0.0,0.0,0.0,1,56.5,0.0,0,310.5,0.0,0.0,0.0,0.0,0.0,4
2023-05-10 21:08:07,l2401-C-7900,l2401-C-7900,310.5,0.0,0.0,0.0,10,57.0,0.0,0,310.5,0.0,0.0,0.0,0.0,0.0,4
2023-05-10 21:08:09,l2401-C-7900,l2401-C-7900,310.5,0.0,0.0,0.0,1,57.5,0.0,0,310.5,0.0,0.0,0.0,0.0,0.0,4
2023-05-10 21:08:09,l2401-C-7900,l2401-C-7900,310.5,0.0,0.0,0.0,10,58.0,0.0,0,310.5,0.0,0.0,0.0,0.0,0.0,4
2023-05-10 21:08:11,l2401-C-7900,l2401-C-7900,310.5,0.0,0.0,0.0,1,58.5,0.0,0,310.5,0.0,0.0,0.0,0.0,0.0,4
2023-05-10 21:08:11,l2401-C-7900,l2401-C-7900,310.5,0.0,0.0,0.0,10,59.0,0.0,0,310.5,0.0,0.0,0.0,0.0,0.0,4
2023-05-10 21:08:12,l2401-C-7900,l2401-C-7900,310.5,0.0,0.0,0.0,1,59.5,0.0,0,310.5,0.0,0.0,0.0,0.0,0.0,4
2023-05-10 21:08:12,l2401-C-7900,l2401-C-7900,310.5,0.0,0.0,0.0,10,60.0,0.0,0,310.5,0.0,0.0,0.0,0.0,0.0,4
2023-05-10 21:08:14,l2401-C-7900,l2401-C-7900,310.5,0.0,0.0,0.0,1,60.5,0.0,0,310.5,0.0,0.0,0.0,0.0,0.0,4
2023-05-10 21:08:14,l2401-C-7900,l2401-C-7900,310.5,0.0,0.0,0.0,10,61.0,0.0,0,310.5,0.0,0.0,0.0,0.0,0.0,4
2023-05-10 21:08:16,l2401-C-7900,l2401-C-7900,310.5,0.0,0.0,0.0,1,61.5,0.0,0,310.5,0.0,0.0,0.0,0.0,0.0,4
2023-05-10 21:08:16,l2401-C-7900,l2401-C-7900,310.5,0.0,0.0,0.0,10,62.0,0.0,0,310.5,0.0,0.0,0.0,0.0,0.0,4
2023-05-10 21:08:18,l2401-C-7900,l2401-C-7900,310.5,0.0,0.0,0.0,1,62.5,0.0,0,310.5,0.0,0.0,0.0,0.0,0.0,4
2023-05-10 21:08:18,l2401-C-7900,l2401-C-7900,310.5,0.0,0.0,0.0,10,63.0,0.0,0,310.5,0.0,0.0,0.0,0.0,0.0,4
2023-05-10 21:08:19,l2401-C-7900,l2401-C-7900,310.5,0.0,0.0,0.0,1,63.5,0.0,0,310.5,0.0,0.0,0.0,0.0,0.0,4
2023-05-10 21:08:19,l2401-C-7900,l2401-C-7900,310.5,0.0,0.0,0.0,10,64.0,0.0,0,310.5,0.0,0.0,0.0,0.0,0.0,4
2023-05-10 21:08:21,l2401-C-7900,l2401-C-7900,310.5,0.0,0.0,0.0,1,64.5,0.0,0,310.5,0.0,0.0,0.0,0.0,0.0,4
2023-05-10 21:08:21,l2401-C-7900,l2401-C-7900,310.5,0.0,0.0,0.0,10,65.0,0.0,0,310.5,0.0,0.0,0.0,0.0,0.0,4
2023-05-10 21:08:22,l2401-C-7900,l2401-C-7900,310.5,0.0,0.0,0.0,1,65.5,0.0,0,310.5,0.0,0.0,0.0,0.0,0.0,4
2023-05-10 21:08:22,l2401-C-7900,l2401-C-7900,310.5,0.0,0.0,0.0,10,66.0,0.0,0,310.5,0.0,0.0,0.0,0.0,0.0,4
2023-05-10 21:08:24,l2401-C-7900,l2401-C-7900,310.5,0.0,0.0,0.0,1,66.5,0.0,0,310.5,0.0,0.0,0.0,0.0,0.0,4
2023-05-10 21:08:24,l2401-C-7900,l2401-C-7900,310.5,0.0,0.0,0.0,10,67.0,0.0,0,310.5,0.0,0.0,0.0,0.0,0.0,4
2023-05-10 21:08:26,l2401-C-7900,l2401-C-7900,310.5,0.0,0.0,0.0,1,67.5,0.0,0,310.5,0.0,0.0,0.0,0.0,0.0,4
2023-05-10 21:08:26,l2401-C-7900,l2401-C-7900,310.5,0.0,0.0,0.0,10,68.0,0.0,0,310.5,0.0,0.0,0.0,0.0,0.0,4
2023-05-10 21:08:27,l2401-C-7900,l2401-C-7900,310.5,0.0,0.0,0.0,1,68.5,0.0,0,310.5,0.0,0.0,0.0,0.0,0.0,4
2023-05-10 21:08:27,l2401-C-7900,l2401-C-7900,310.5,0.0,0.0,0.0,10,69.0,0.0,0,310.5,0.0,0.0,0.0,0.0,0.0,4
2023-05-10 21:08:29,l2401-C-7900,l2401-C-7900,310.5,0.0,0.0,0.0,1,69.5,0.0,0,310.5,0.0,0.0,0.0,0.0,0.0,4
2023-05-10 21:08:29,l2401-C-7900,l2401-C-7900,310.5,0.0,0.0,0.0,10,70.0,0.0,0,310.5,0.0,0.0,0.0,0.0,0.0,4
2023-05-10 21:08:30,l2401-C-7900,l2401-C-7900,310.5,0.0,0.0,0.0,1,70.5,0.0,0,310.5,0.0,0.0,0.0,0.0,0.0,4
2023-05-10 21:08:30,l2401-C-7900,l2401-C-7900,310.5,0.0,0.0,0.0,10,71.0,0.0,0,310.5,0.0,0.0,0.0,0.0,0.0,4
2023-05-10 21:08:32,l2401-C-7900,l2401-C-7900,310.5,0.0,0.0,0.0,1,71.5,0.0,0,310.5,0.0,0.0,0.0,0.0,0.0,4
2023-05-10 21:08:32,l2401-C-7900,l2401-C-7900,310.5,0.0,0.0,0.0,10,72.0,0.0,0,310.5,0.0,0.0,0.0,0.0,0.0,4
2023-05-10 21:08:34,l2401-C-7900,l2401-C-7900,310.5,0.0,0.0,0.0,1,72.5,0.0,0,310.5,0.0,0.0,0.0,0.0,0.0,4
2023-05-10 21:08:34,l2401-C-7900,l2401-C-7900,310.5,0.0,0.0,0.0,10,73.0,0.0,0,310.5,0.0,0.0,0.0,0.0,0.0,4
2023-05-10 21:08:35,l2401-C-7900,l2401-C-7900,310.5,0.0,0.0,0.0,1,73.5,0.0,0,310.5,0.0,0.0,0.0,0.0,0.0,4
2023-05-10 21:08:35,l2401-C-7900,l2401-C-7900,310.5,0.0,0.0,0.0,10,74.0,0.0,0,310.5,0.0,0.0,0.0,0.0,0.0,4
2023-05-10 21:08:36,l2401-C-7900,l2401-C-7900,310.5,0.0,0.0,0.0,1,74.5,0.0,0,310.5,0.0,0.0,0.0,0.0,0.0,4
2023-05-10 21:08:36,l2401-C-7900,l2401-C-7900,310.5,0.0,0.0,0.0,10,75.0,0.0,0,310.5,0.0,0.0,0.0,0.0,0.0,4
2023-05-10 21:08:37,l2401-C-7900,l2401-C-7900,310.5,0.0,0.0,0.0,1,75.5,0.0,0,310.5,0.0,0.0,0.0,0.0,0.0,4
2023-05-10 21:08:37,l2401-C-7900,l2401-C-7900,310.5,0.0,0.0,0.0,10,76.0,0.0,0,310.5,0.0,0.0,0.0,0.0,0.0,4
2023-05-10 21:08:38,l2401-C-7900,l2401-C-7900,310.5,0.0,0.0,0.0,1,76.5,0.0,0,310.5,0.0,0.0,0.0,0.0,0.0,4
2023-05-10 21:08:38,l2401-C-7900,l2401-C-7900,310.5,0.0,0.0,0.0,10,77.0,0.0,0,310.5,0.0,0.0,0.0,0.0,0.0,4
2023-05-10 21:08:40,l2401-C-7900,l2401-C-7900,310.5,0.0,0.0,0.0,1,77.5,0.0,0,310.5,0.0,0.0,0.0,0.0,0.0,4
2023-05-10 21:08:40,l2401-C-7900,l2401-C-7900,310.5,0.0,0.0,0.0,10,78.0,0.0,0,310.5,0.0,0.0,0.0,0.0,0.0,4
2023-05-10 21:08:41,l2401-C-7900,l2401-C-7900,310.5,0.0,0.0,0.0,1,78.5,0.0,0,310.5,0.0,0.0,0.0,0.0,0.0,4
2023-05-10 21:08:41,l2401-C-7900,l2401-C-7900,310.5,0.0,0.0,0.0,10,79.0,0.0,0,310.5,0.0,0.0,0.0,0.0,0.0,4
2023-05-10 21:08:42,l2401-C-7900,l2401-C-7900,310.5,0.0,0.0,0.0,1,79.5,0.0,0,310.5,0.0,0.0,0.0,0.0,0.0,4
2023-05-10 21:08:42,l2401-C-7900,l2401-C-7900,310.5,0.0,0.0,0.0,10,80.0,0.0,0,310.5,0.0,0.0,0.0,0.0,0.0,4
2023-05-10 21:08:43,l2401-C-7900,l2401-C-7900,310.5,0.0,0.0,0.0,1,80.5,0.0,0,310.5,0.0,0.0,0.0,0.0,0.0,4
2023-05-10 21:08:43,l2401-C-7900,l2401-C-7900,310.5,0.0,0.0,0.0,10,81.0,0.0,0,310.5,0.0,0.0,0.0,0.0,0.0,4
2023-05-10 21:08:44,l2401-C-7900,l2401-C-7900,310.5,0.0,0.0,0.0,1,81.5,0.0,0,310.5,0.0,0.0,0.0,0.0,0.0,4
2023-05-10 21:08:44,l2401-C-7900,l2401-C-7900,310.5,0.0,0.0,0.0,10,82.0,0.0,0,310.5,0.0,0.0,0.0,0.0,0.0,4
2023-05-10 21:08:45,l2401-C-7900,l2401-C-7900,310.5,0.0,0.0,0.0,1,82.5,0.0,0,310.5,0.0,0.0,0.0,0.0,0.0,4
2023-05-10 21:08:45,l2401-C-7900,l2401-C-7900,310.5,0.0,0.0,0.0,10,83.0,0.0,0,310.5,0.0,0.0,0.0,0.0,0.0,4
2023-05-10 21:08:47,l2401-C-7900,l2401-C-7900,310.5,0.0,0.0,0.0,1,83.5,0.0,0,310.5,0.0,0.0,0.0,0.0,0.0,4
2023-05-10 21:08:47,l2401-C-7900,l2401-C-7900,310.5,0.0,0.0,0.0,10,84.0,0.0,0,310.5,0.0,0.0,0.0,0.0,0.0,4
2023-05-10 21:08:48,l2401-C-7900,l2401-C-7900,310.5,0.0,0.0,0.0,1,84.5,0.0,0,310.5,0.0,0.0,0.0,0.0,0.0,4
2023-05-10 21:08:48,l2401-C-7900,l2401-C-7900,310.5,0.0,0.0,0.0,10,85.0,0.0,0,310.5,0.0,0.0,0.0,0.0,0.0,4
2023-05-10 21:08:49,l2401-C-7900,l2401-C-7900,310.5,0.0,0.0,0.0,1,85.5,0.0,0,310.5,0.0,0.0,0.0,0.0,0.0,4
2023-05-10 21:08:49,l2401-C-7900,l2401-C-7900,310.5,0.0,0.0,0.0,10,86.0,0.0,0,310.5,0.0,0.0,0.0,0.0,0.0,4
2023-05-10 21:08:50,l2401-C-7900,l2401-C-7900,310.5,0.0,0.0,0.0,1,86.5,0.0,0,310.5,0.0,0.0,0.0,0.0,0.0,4
2023-05-10 21:08:50,l2401-C-7900,l2401-C-7900,310.5,0.0,0.0,0.0,10,87.0,0.0,0,310.5,0.0,0.0,0.0,0.0,0.0,4
2023-05-10 21:08:51,l2401-C-7900,l2401-C-7900,310.5,0.0,0.0,0.0,1,87.5,0.0,0,310.5,0.0,0.0,0.0,0.0,0.0,4
2023-05-10 21:08:51,l2401-C-7900,l2401-C-7900,310.5,0.0,0.0,0.0,10,88.0,0.0,0,310.5,0.0,0.0,0.0,0.0,0.0,4
2023-05-10 21:08:53,l2401-C-7900,l2401-C-7900,310.5,0.0,0.0,0.0,1,88.5,0.0,0,310.5,0.0,0.0,0.0,0.0,0.0,4
2023-05-10 21:08:53,l2401-C-7900,l2401-C-7900,310.5,0.0,0.0,0.0,10,89.0,0.0,0,310.5,0.0,0.0,0.0,0.0,0.0,4
2023-05-10 21:08:54,l2401-C-7900,l2401-C-7900,310.5,0.0,0.0,0.0,1,89.5,0.0,0,310.5,0.0,0.0,0.0,0.0,0.0,4
2023-05-10 21:08:54,l2401-C-7900,l2401-C-7900,310.5,0.0,0.0,0.0,10,90.0,0.0,0,310.5,0.0,0.0,0.0,0.0,0.0,4
2023-05-10 21:08:55,l2401-C-7900,l2401-C-7900,310.5,0.0,0.0,0.0,1,90.5,0.0,0,310.5,0.0,0.0,0.0,0.0,0.0,4
2023-05-10 21:08:55,l2401-C-7900,l2401-C-7900,310.5,0.0,0.0,0.0,10,91.0,0.0,0,310.5,0.0,0.0,0.0,0.0,0.0,4
2023-05-10 21:08:56,l2401-C-7900,l2401-C-7900,310.5,0.0,0.0,0.0,1,91.5,0.0,0,310.5,0.0,0.0,0.0,0.0,0.0,4
2023-05-10 21:08:56,l2401-C-7900,l2401-C-7900,310.5,0.0,0.0,0.0,10,92.0,0.0,0,310.5,0.0,0.0,0.0,0.0,0.0,4
2023-05-10 21:08:57,l2401-C-7900,l2401-C-7900,310.5,0.0,0.0,0.0,1,92.5,0.0,0,310.5,0.0,0.0,0.0,0.0,0.0,4
2023-05-10 21:08:57,l2401-C-7900,l2401-C-7900,310.5,0.0,0.0,0.0,10,93.0,0.0,0,310.5,0.0,0.0,0.0,0.0,0.0,4
2023-05-10 21:08:58,l2401-C-7900,l2401-C-7900,310.5,0.0,0.0,0.0,1,93.5,0.0,0,310.5,0.0,0.0,0.0,0.0,0.0,4
2023-05-10 21:08:58,l2401-C-7900,l2401-C-7900,310.5,0.0,0.0,0.0,10,94.0,0.0,0,310.5,0.0,0.0,0.0,0.0,0.0,4
2023-05-10 21:08:59,l2401-C-7900,l2401-C-7900,310.5,0.0,0.0,0.0,1,94.5,0.0,0,310.5,0.0,0.0,0.0,0.0,0.0,4
2023-05-10 21:08:59,l2401-C-7900,l2401-C-7900,310.5,0.0,0.0,0.0,10,95.0,0.0,0,310.5,0.0,0.0,0.0,0.0,0.0,4
2023-05-10 21:09:01,l2401-C-7900,l2401-C-7900,310.5,0.0,0.0,0.0,1,95.5,0.0,0,310.5,0.0,0.0,0.0,0.0,0.0,4
2023-05-10 21:09:01,l2401-C-7900,l2401-C-7900,310.5,0.0,0.0,0.0,10,96.0,0.0,0,310.5,0.0,0.0,0.0,0.0,0.0,4
2023-05-10 21:09:02,l2401-C-7900,l2401-C-7900,310.5,0.0,0.0,0.0,1,96.5,0.0,0,310.5,0.0,0.0,0.0,0.0,0.0,4
2023-05-10 21:09:02,l2401-C-7900,l2401-C-7900,310.5,0.0,0.0,0.0,10,97.0,0.0,0,310.5,0.0,0.0,0.0,0.0,0.0,4
2023-05-10 21:09:03,l2401-C-7900,l2401-C-7900,310.5,0.0,0.0,0.0,1,97.5,0.0,0,310.5,0.0,0.0,0.0,0.0,0.0,4
2023-05-10 21:09:03,l2401-C-7900,l2401-C-7900,310.5,0.0,0.0,0.0,10,98.0,0.0,0,310.5,0.0,0.0,0.0,0.0,0.0,4
2023-05-10 21:09:04,l2401-C-7900,l2401-C-7900,310.5,0.0,0.0,0.0,1,98.5,0.0,0,310.5,0.0,0.0,0.0,0.0,0.0,4
2023-05-10 21:09:04,l2401-C-7900,l2401-C-7900,310.5,0.0,0.0,0.0,10,99.0,0.0,0,310.5,0.0,0.0,0.0,0.0,0.0,4
2023-05-10 21:09:05,l2401-C-7900,l2401-C-7900,310.5,0.0,0.0,0.0,1,99.5,0.0,0,310.5,0.0,0.0,0.0,0.0,0.0,4
2023-05-10 21:09:05,l2401-C-7900,l2401-C-7900,310.5,0.0,0.0,0.0,10,100.0,0.0,0,310.5,0.0,0.0,0.0,0.0,0.0,4
2023-05-10 21:09:06,l2401-C-7900,l2401-C-7900,310.5,0.0,0.0,0.0,1,100.5,0.0,0,310.5,0.0,0.0,0.0,0.0,0.0,4
2023-05-10 21:09:06,l2401-C-7900,l2401-C-7900,310.5,0.0,0.0,0.0,10,101.0,0.0,0,310.5,0.0,0.0,0.0,0.0,0.0,4
2023-05-10 21:09:07,l2401-C-7900,l2401-C-7900,310.5,0.0,0.0,0.0,1,101.5,0.0,0,310.5,0.0,0.0,0.0,0.0,0.0,4
2023-05-10 21:09:07,l2401-C-7900,l2401-C-7900,310.5,0.0,0.0,0.0,10,102.0,0.0,0,310.5,0.0,0.0,0.0,0.0,0.0,4
2023-05-10 21:09:08,l2401-C-7900,l2401-C-7900,310.5,0.0,0.0,0.0,1,102.5,0.0,0,310.5,0.0,0.0,0.0,0.0,0.0,4
2023-05-10 21:09:08,l2401-C-7900,l2401-C-7900,310.5,0.0,0.0,0.0,10,103.0,0.0,0,310.5,0.0,0.0,0.0,0.0,0.0,4
2023-05-10 21:09:09,l2401-C-7900,l2401-C-7900,310.5,0.0,0.0,0.0,1,103.5,0.0,0,310.5,0.0,0.0,0.0,0.0,0.0,4
2023-05-10 21:09:09,l2401-C-7900,l2401-C-7900,310.5,0.0,0.0,0.0,10,104.0,0.0,0,310.5,0.0,0.0,0.0,0.0,0.0,4
2023-05-10 21:09:10,l2401-C-7900,l2401-C-7900,310.5,0.0,0.0,0.0,1,104.5,0.0,0,310.5,0.0,0.0,0.0,0.0,0.0,4
2023-05-10 21:09:10,l2401-C-7900,l2401-C-7900,310.5,0.0,0.0,0.0,10,105.0,0.0,0,310.5,0.0,0.0,0.0,0.0,0.0,4
2023-05-10 21:09:11,l2401-C-7900,l2401-C-7900,310.5,0.0,0.0,0.0,1,105.5,0.0,0,310.5,0.0,0.0,0.0,0.0,0.0,4
2023-05-10 21:09:11,l2401-C-7900,l2401-C-7900,310.5,0.0,0.0,0.0,10,106.0,0.0,0,310.5,0.0,0.0,0.0,0.0,0.0,4
2023-05-10 21:09:12,l2401-C-7900,l2401-C-7900,310.5,0.0,0.0,0.0,1,106.5,0.0,0,310.5,0.0,0.0,0.0,0.0,0.0,4
2023-05-10 21:09:12,l2401-C-7900,l2401-C-7900,310.5,0.0,0.0,0.0,10,107.0,0.0,0,310.5,0.0,0.0,0.0,0.0,0.0,4
2023-05-10 21:09:13,l2401-C-7900,l2401-C-7900,310.5,0.0,0.0,0.0,1,107.5,0.0,0,310.5,0.0,0.0,0.0,0.0,0.0,4
2023-05-10 21:09:13,l2401-C-7900,l2401-C-7900,310.5,0.0,0.0,0.0,10,108.0,0.0,0,310.5,0.0,0.0,0.0,0.0,0.0,4
2023-05-10 21:09:14,l2401-C-7900,l2401-C-7900,310.5,0.0,0.0,0.0,1,108.5,0.0,0,310.5,0.0,0.0,0.0,0.0,0.0,4
2023-05-10 21:09:14,l2401-C-7900,l2401-C-7900,310.5,0.0,0.0,0.0,10,109.0,0.0,0,310.5,0.0,0.0,0.0,0.0,0.0,4
2023-05-10 21:09:16,l2401-C-7900,l2401-C-7900,310.5,0.0,0.0,0.0,1,109.5,0.0,0,310.5,0.0,0.0,0.0,0.0,0.0,4
2023-05-10 21:09:16,l2401-C-7900,l2401-C-7900,310.5,0.0,0.0,0.0,10,110.0,0.0,0,310.5,0.0,0.0,0.0,0.0,0.0,4
2023-05-10 21:09:17,l2401-C-7900,l2401-C-7900,310.5,0.0,0.0,0.0,1,110.5,0.0,0,310.5,0.0,0.0,0.0,0.0,0.0,4
2023-05-10 21:09:17,l2401-C-7900,l2401-C-7900,310.5,0.0,0.0,0.0,10,111.0,0.0,0,310.5,0.0,0.0,0.0,0.0,0.0,4
2023-05-10 21:09:18,l2401-C-7900,l2401-C-7900,310.5,0.0,0.0,0.0,1,111.5,0.0,0,310.5,0.0,0.0,0.0,0.0,0.0,4
2023-05-10 21:09:18,l2401-C-7900,l2401-C-7900,310.5,0.0,0.0,0.0,10,112.0,0.0,0,310.5,0.0,0.0,0.0,0.0,0.0,4
2023-05-10 21:09:19,l2401-C-7900,l2401-C-7900,310.5,0.0,0.0,0.0,1,112.5,0.0,0,310.5,0.0,0.0,0.0,0.0,0.0,4
2023-05-10 21:09:19,l2401-C-7900,l2401-C-7900,310.5,0.0,0.0,0.0,10,113.0,0.0,0,310.5,0.0,0.0,0.0,0.0,0.0,4
2023-05-10 21:09:20,l2401-C-7900,l2401-C-7900,310.5,0.0,0.0,0.0,1,113.5,0.0,0,310.5,0.0,0.0,0.0,0.0,0.0,4
2023-05-10 21:09:20,l2401-C-7900,l2401-C-7900,310.5,0.0,0.0,0.0,10,114.0,0.0,0,310.5,0.0,0.0,0.0,0.0,0.0,4
2023-05-10 21:09:21,l2401-C-7900,l2401-C-7900,310.5,0.0,0.0,0.0,1,114.5,0.0,0,310.5,0.0,0.0,0.0,0.0,0.0,4
2023-05-10 21:09:21,l2401-C-7900,l2401-C-7900,310.5,0.0,0.0,0.0,10,115.0,0.0,0,310.5,0.0,0.0,0.0,0.0,0.0,4
2023-05-10 21:09:22,l2401-C-7900,l2401-C-7900,310.5,0.0,0.0,0.0,1,115.5,0.0,0,310.5,0.0,0.0,0.0,0.0,0.0,4
2023-05-10 21:09:22,l2401-C-7900,l2401-C-7900,310.5,0.0,0.0,0.0,10,116.0,0.0,0,310.5,0.0,0.0,0.0,0.0,0.0,4
2023-05-10 21:09:23,l2401-C-7900,l2401-C-7900,310.5,0.0,0.0,0.0,1,116.5,0.0,0,310.5,0.0,0.0,0.0,0.0,0.0,4
2023-05-10 21:09:23,l2401-C-7900,l2401-C-7900,310.5,0.0,0.0,0.0,10,117.0,0.0,0,310.5,0.0,0.0,0.0,0.0,0.0,4
2023-05-10 21:09:25,l2401-C-7900,l2401-C-7900,310.5,0.0,0.0,0.0,1,117.5,0.0,0,310.5,0.0,0.0,0.0,0.0,0.0,4
2023-05-10 21:09:25,l2401-C-7900,l2401-C-7900,310.5,0.0,0.0,0.0,10,118.0,0.0,0,310.5,0.0,0.0,0.0,0.0,0.0,4
2023-05-10 21:09:26,l2401-C-7900,l2401-C-7900,310.5,0.0,0.0,0.0,1,118.5,0.0,0,310.5,0.0,0.0,0.0,0.0,0.0,4
2023-05-10 21:09:26,l2401-C-7900,l2401-C-7900,310.5,0.0,0.0,0.0,10,119.0,0.0,0,310.5,0.0,0.0,0.0,0.0,0.0,4
2023-05-10 21:09:27,l2401-C-7900,l2401-C-7900,310.5,0.0,0.0,0.0,1,119.5,0.0,0,310.5,0.0,0.0,0.0,0.0,0.0,4
2023-05-10 21:09:27,l2401-C-7900,l2401-C-7900,310.5,0.0,0.0,0.0,10,120.0,0.0,0,310.5,0.0,0.0,0.0,0.0,0.0,4
2023-05-10 21:09:28,l2401-C-7900,l2401-C-7900,310.5,0.0,0.0,0.0,1,120.5,0.0,0,310.5,0.0,0.0,0.0,0.0,0.0,4
2023-05-10 21:09:28,l2401-C-7900,l2401-C-7900,310.5,0.0,0.0,0.0,10,121.0,0.0,0,310.5,0.0,0.0,0.0,0.0,0.0,4
2023-05-10 21:09:29,l2401-C-7900,l2401-C-7900,310.5,0.0,0.0,0.0,1,121.5,0.0,0,310.5,0.0,0.0,0.0,0.0,0.0,4
2023-05-10 21:09:29,l2401-C-7900,l2401-C-7900,310.5,0.0,0.0,0.0,10,122.0,0.0,0,310.5,0.0,0.0,0.0,0.0,0.0,4
2023-05-10 21:09:30,l2401-C-7900,l2401-C-7900,310.5,0.0,0.0,0.0,1,122.5,0.0,0,310.5,0.0,0.0,0.0,0.0,0.0,4
2023-05-10 21:09:30,l2401-C-7900,l2401-C-7900,310.5,0.0,0.0,0.0,10,123.0,0.0,0,310.5,0.0,0.0,0.0,0.0,0.0,4
2023-05-10 21:09:31,l2401-C-7900,l2401-C-7900,310.5,0.0,0.0,0.0,1,123.5,0.0,0,310.5,0.0,0.0,0.0,0.0,0.0,4
2023-05-10 21:09:31,l2401-C-7900,l2401-C-7900,310.5,0.0,0.0,0.0,10,124.0,0.0,0,310.5,0.0,0.0,0.0,0.0,0.0,4
2023-05-10 21:09:32,l2401-C-7900,l2401-C-7900,310.5,0.0,0.0,0.0,1,124.5,0.0,0,310.5,0.0,0.0,0.0,0.0,0.0,4
2023-05-10 21:09:32,l2401-C-7900,l2401-C-7900,310.5,0.0,0.0,0.0,10,125.0,0.0,0,310.5,0.0,0.0,0.0,0.0,0.0,4
2023-05-10 21:09:33,l2401-C-7900,l2401-C-7900,310.5,0.0,0.0,0.0,1,125.5,0.0,0,310.5,0.0,0.0,0.0,0.0,0.0,4
2023-05-10 21:09:33,l2401-C-7900,l2401-C-7900,310.5,0.0,0.0,0.0,10,126.0,0.0,0,310.5,0.0,0.0,0.0,0.0,0.0,4
2023-05-10 21:09:34,l2401-C-7900,l2401-C-7900,310.5,0.0,0.0,0.0,1,126.5,0.0,0,310.5,0.0,0.0,0.0,0.0,0.0,4
2023-05-10 21:09:34,l2401-C-7900,l2401-C-7900,310.5,0.0,0.0,0.0,10,127.0,0.0,0,310.5,0.0,0.0,0.0,0.0,0.0,4
2023-05-10 21:09:35,l2401-C-7900,l2401-C-7900,310.5,0.0,0.0,0.0,1,127.5,0.0,0,310.5,0.0,0.0,0.0,0.0,0.0,4
2023-05-10 21:09:35,l2401-C-7900,l2401-C-7900,310.5,0.0,0.0,0.0,10,128.0,0.0,0,310.5,0.0,0.0,0.0,0.0,0.0,4
2023-05-10 21:09:36,l2401-C-7900,l2401-C-7900,310.5,0.0,0.0,0.0,1,128.5,0.0,0,310.5,0.0,0.0,0.0,0.0,0.0,4
2023-05-10 21:09:36,l2401-C-7900,l2401-C-7900,310.5,0.0,0.0,0.0,10,129.0,0.0,0,310.5,0.0,0.0,0.0,0.0,0.0,4
2023-05-10 21:09:37,l2401-C-7900,l2401-C-7900,310.5,0.0,0.0,0.0,1,129.5,0.0,0,310.5,0.0,0.0,0.0,0.0,0.0,4
2023-05-10 21:09:37,l2401-C-7900,l2401-C-7900,310.5,0.0,0.0,0.0,10,130.0,0.0,0,310.5,0.0,0.0,0.0,0.0,0.0,4
2023-05-10 21:09:38,l2401-C-7900,l2401-C-7900,310.5,0.0,0.0,0.0,1,130.5,0.0,0,310.5,0.0,0.0,0.0,0.0,0.0,4
2023-05-10 21:09:38,l2401-C-7900,l2401-C-7900,310.5,0.0,0.0,0.0,10,131.0,0.0,0,310.5,0.0,0.0,0.0,0.0,0.0,4
2023-05-10 21:09:39,l2401-C-7900,l2401-C-7900,310.5,0.0,0.0,0.0,1,131.5,0.0,0,310.5,0.0,0.0,0.0,0.0,0.0,4
2023-05-10 21:09:39,l2401-C-7900,l2401-C-7900,310.5,0.0,0.0,0.0,10,132.0,0.0,0,310.5,0.0,0.0,0.0,0.0,0.0,4
2023-05-10 21:09:40,l2401-C-7900,l2401-C-7900,310.5,0.0,0.0,0.0,1,132.5,0.0,0,310.5,0.0,0.0,0.0,0.0,0.0,4
2023-05-10 21:09:40,l2401-C-7900,l2401-C-7900,310.5,0.0,0.0,0.0,10,133.0,0.0,0,310.5,0.0,0.0,0.0,0.0,0.0,4
2023-05-10 21:09:41,l2401-C-7900,l2401-C-7900,310.5,0.0,0.0,0.0,1,133.5,0.0,0,310.5,0.0,0.0,0.0,0.0,0.0,4
2023-05-10 21:09:41,l2401-C-7900,l2401-C-7900,310.5,0.0,0.0,0.0,10,134.0,0.0,0,310.5,0.0,0.0,0.0,0.0,0.0,4
2023-05-10 21:09:42,l2401-C-7900,l2401-C-7900,310.5,0.0,0.0,0.0,1,134.5,0.0,0,310.5,0.0,0.0,0.0,0.0,0.0,4
2023-05-10 21:09:42,l2401-C-7900,l2401-C-7900,310.5,0.0,0.0,0.0,10,135.0,0.0,0,310.5,0.0,0.0,0.0,0.0,0.0,4
2023-05-10 21:09:43,l2401-C-7900,l2401-C-7900,310.5,0.0,0.0,0.0,1,135.5,0.0,0,310.5,0.0,0.0,0.0,0.0,0.0,4
2023-05-10 21:09:43,l2401-C-7900,l2401-C-7900,310.5,0.0,0.0,0.0,10,136.0,0.0,0,310.5,0.0,0.0,0.0,0.0,0.0,4
2023-05-10 21:09:44,l2401-C-7900,l2401-C-7900,310.5,0.0,0.0,0.0,1,136.5,0.0,0,310.5,0.0,0.0,0.0,0.0,0.0,4
2023-05-10 21:09:44,l2401-C-7900,l2401-C-7900,310.5,0.0,0.0,0.0,10,137.0,0.0,0,310.5,0.0,0.0,0.0,0.0,0.0,4
2023-05-10 21:09:45,l2401-C-7900,l2401-C-7900,310.5,0.0,0.0,0.0,1,137.5,0.0,0,310.5,0.0,0.0,0.0,0.0,0.0,4
2023-05-10 21:09:45,l2401-C-7900,l2401-C-7900,310.5,0.0,0.0,0.0,10,138.0,0.0,0,310.5,0.0,0.0,0.0,0.0,0.0,4
2023-05-10 21:09:46,l2401-C-7900,l2401-C-7900,310.5,0.0,0.0,0.0,1,138.5,0.0,0,310.5,0.0,0.0,0.0,0.0,0.0,4
2023-05-10 21:09:46,l2401-C-7900,l2401-C-7900,310.5,0.0,0.0,0.0,10,139.0,0.0,0,310.5,0.0,0.0,0.0,0.0,0.0,4
2023-05-10 21:09:47,l2401-C-7900,l2401-C-7900,310.5,0.0,0.0,0.0,1,139.5,0.0,0,310.5,0.0,0.0,0.0,0.0,0.0,4
2023-05-10 21:09:47,l2401-C-7900,l2401-C-7900,310.5,0.0,0.0,0.0,10,140.0,0.0,0,310.5,0.0,0.0,0.0,0.0,0.0,4
2023-05-10 21:09:48,l2401-C-7900,l2401-C-7900,310.5,0.0,0.0,0.0,1,140.5,0.0,0,310.5,0.0,0.0,0.0,0.0,0.0,4
2023-05-10 21:09:48,l2401-C-7900,l2401-C-7900,310.5,0.0,0.0,0.0,10,141.0,0.0,0,310.5,0.0,0.0,0.0,0.0,0.0,4
2023-05-10 21:09:49,l2401-C-7900,l2401-C-7900,310.5,0.0,0.0,0.0,1,141.5,0.0,0,310.5,0.0,0.0,0.0,0.0,0.0,4
2023-05-10 21:09:49,l2401-C-7900,l2401-C-7900,310.5,0.0,0.0,0.0,10,142.0,0.0,0,310.5,0.0,0.0,0.0,0.0,0.0,4
2023-05-10 21:09:50,l2401-C-7900,l2401-C-7900,310.5,0.0,0.0,0.0,1,142.5,0.0,0,310.5,0.0,0.0,0.0,0.0,0.0,4
2023-05-10 21:09:50,l2401-C-7900,l2401-C-7900,310.5,0.0,0.0,0.0,10,143.0,0.0,0,310.5,0.0,0.0,0.0,0.0,0.0,4
2023-05-10 22:18:55,l2401-C-7900,l2401-C-7900,310.5,0.0,0.0,0.0,1,149.5,0.0,0,310.5,0.0,0.0,0.0,0.0,0.0,4
2023-05-10 22:18:55,l2401-C-7900,l2401-C-7900,310.5,0.0,0.0,0.0,10,150.0,0.0,0,310.5,0.0,0.0,0.0,0.0,0.0,4
2023-05-10 22:18:57,l2401-C-7900,l2401-C-7900,310.5,0.0,0.0,0.0,1,156.5,0.0,0,310.5,0.0,0.0,0.0,0.0,0.0,4
2023-05-10 22:18:57,l2401-C-7900,l2401-C-7900,310.5,0.0,0.0,0.0,10,157.0,0.0,0,310.5,0.0,0.0,0.0,0.0,0.0,4
2023-05-10 22:18:59,l2401-C-7900,l2401-C-7900,310.5,0.0,0.0,0.0,1,160.5,0.0,0,310.5,0.0,0.0,0.0,0.0,0.0,4
2023-05-10 22:18:59,l2401-C-7900,l2401-C-7900,310.5,0.0,0.0,0.0,10,161.0,0.0,0,310.5,0.0,0.0,0.0,0.0,0.0,4
2023-05-10 22:19:00,l2401-C-7900,l2401-C-7900,310.5,0.0,0.0,0.0,1,164.5,0.0,0,310.5,0.0,0.0,0.0,0.0,0.0,4
2023-05-10 22:19:00,l2401-C-7900,l2401-C-7900,310.5,0.0,0.0,0.0,10,165.0,0.0,0,310.5,0.0,0.0,0.0,0.0,0.0,4
2023-05-10 22:19:02,l2401-C-7900,l2401-C-7900,310.5,0.0,0.0,0.0,1,165.5,0.0,0,310.5,0.0,0.0,0.0,0.0,0.0,4
2023-05-10 22:19:02,l2401-C-7900,l2401-C-7900,310.5,0.0,0.0,0.0,10,166.0,0.0,0,310.5,0.0,0.0,0.0,0.0,0.0,4
2023-05-10 22:19:03,l2401-C-7900,l2401-C-7900,310.5,0.0,0.0,0.0,1,166.5,0.0,0,310.5,0.0,0.0,0.0,0.0,0.0,4
2023-05-10 22:19:03,l2401-C-7900,l2401-C-7900,310.5,0.0,0.0,0.0,10,167.0,0.0,0,310.5,0.0,0.0,0.0,0.0,0.0,4
2023-05-10 22:19:04,l2401-C-7900,l2401-C-7900,310.5,0.0,0.0,0.0,1,167.5,0.0,0,310.5,0.0,0.0,0.0,0.0,0.0,4
2023-05-10 22:19:04,l2401-C-7900,l2401-C-7900,310.5,0.0,0.0,0.0,10,168.0,0.0,0,310.5,0.0,0.0,0.0,0.0,0.0,4
2023-05-10 22:19:05,l2401-C-7900,l2401-C-7900,310.5,0.0,0.0,0.0,1,168.5,0.0,0,310.5,0.0,0.0,0.0,0.0,0.0,4
2023-05-10 22:19:05,l2401-C-7900,l2401-C-7900,310.5,0.0,0.0,0.0,10,169.0,0.0,0,310.5,0.0,0.0,0.0,0.0,0.0,4
2023-05-10 22:19:06,l2401-C-7900,l2401-C-7900,310.5,0.0,0.0,0.0,1,169.5,0.0,0,310.5,0.0,0.0,0.0,0.0,0.0,4
2023-05-10 22:19:06,l2401-C-7900,l2401-C-7900,310.5,0.0,0.0,0.0,10,170.0,0.0,0,310.5,0.0,0.0,0.0,0.0,0.0,4
2023-05-10 22:57:32,l2401-C-7900,l2401-C-7900,310.5,0.0,0.0,0.0,1,3.5,0.0,0,310.5,0.0,0.0,0.0,0.0,0.0,4
2023-05-11 09:00:16,l2401-C-7900,l2401-C-7900,310.5,0.0,0.0,0.0,10,4.0,0.0,0,310.5,0.0,0.0,0.0,0.0,0.0,4
2023-05-11 09:00:43,l2401-C-7900,l2401-C-7900,310.5,0.0,0.0,0.0,1,4.5,0.0,0,310.5,0.0,0.0,0.0,0.0,0.0,4
2023-05-11 09:00:43,l2401-C-7900,l2401-C-7900,310.5,0.0,0.0,0.0,10,5.0,0.0,0,310.5,0.0,0.0,0.0,0.0,0.0,4
2023-05-11 09:01:40,l2401-C-7900,l2401-C-7900,310.5,0.0,0.0,0.0,1,5.5,0.0,0,310.5,0.0,0.0,0.0,0.0,0.0,4
2023-05-11 09:01:40,l2401-C-7900,l2401-C-7900,310.5,0.0,0.0,0.0,10,6.0,0.0,0,310.5,0.0,0.0,0.0,0.0,0.0,4
2023-05-11 09:01:51,l2401-C-7900,l2401-C-7900,310.5,0.0,0.0,0.0,1,10.0,0.0,0,310.5,0.0,0.0,0.0,0.0,0.0,4
2023-05-11 09:01:51,l2401-C-7900,l2401-C-7900,310.5,0.0,0.0,0.0,10,10.5,0.0,0,310.5,0.0,0.0,0.0,0.0,0.0,4
2023-05-11 09:03:10,l2401-C-7900,l2401-C-7900,310.5,0.0,0.0,0.0,1,11.0,0.0,0,310.5,0.0,0.0,0.0,0.0,0.0,4
2023-05-11 09:03:10,l2401-C-7900,l2401-C-7900,310.5,0.0,0.0,0.0,10,11.5,0.0,0,310.5,0.0,0.0,0.0,0.0,0.0,4
2023-05-11 09:03:44,l2401-C-7900,l2401-C-7900,310.5,0.0,0.0,0.0,1,12.0,0.0,0,310.5,0.0,0.0,0.0,0.0,0.0,4
2023-05-11 09:03:44,l2401-C-7900,l2401-C-7900,310.5,0.0,0.0,0.0,10,12.5,0.0,0,310.5,0.0,0.0,0.0,0.0,0.0,4
2023-05-11 09:03:48,l2401-C-7900,l2401-C-7900,310.5,0.0,0.0,0.0,1,16.0,0.0,0,310.5,0.0,0.0,0.0,0.0,0.0,4
2023-05-11 09:03:48,l2401-C-7900,l2401-C-7900,310.5,0.0,0.0,0.0,10,16.5,0.0,0,310.5,0.0,0.0,0.0,0.0,0.0,4
2023-05-11 09:03:50,l2401-C-7900,l2401-C-7900,310.5,0.0,0.0,0.0,1,17.0,0.0,0,310.5,0.0,0.0,0.0,0.0,0.0,4
2023-05-11 09:03:50,l2401-C-7900,l2401-C-7900,310.5,0.0,0.0,0.0,10,17.5,0.0,0,310.5,0.0,0.0,0.0,0.0,0.0,4
2023-05-11 09:03:52,l2401-C-7900,l2401-C-7900,310.5,0.0,0.0,0.0,1,18.0,0.0,0,310.5,0.0,0.0,0.0,0.0,0.0,4
2023-05-11 09:03:52,l2401-C-7900,l2401-C-7900,310.5,0.0,0.0,0.0,10,18.5,0.0,0,310.5,0.0,0.0,0.0,0.0,0.0,4
2023-05-11 09:03:54,l2401-C-7900,l2401-C-7900,310.5,0.0,0.0,0.0,1,19.0,0.0,0,310.5,0.0,0.0,0.0,0.0,0.0,4
2023-05-11 09:03:54,l2401-C-7900,l2401-C-7900,310.5,0.0,0.0,0.0,10,19.5,0.0,0,310.5,0.0,0.0,0.0,0.0,0.0,4
2023-05-11 09:03:56,l2401-C-7900,l2401-C-7900,310.5,0.0,0.0,0.0,1,20.0,0.0,0,310.5,0.0,0.0,0.0,0.0,0.0,4
2023-05-11 09:03:56,l2401-C-7900,l2401-C-7900,310.5,0.0,0.0,0.0,10,20.5,0.0,0,310.5,0.0,0.0,0.0,0.0,0.0,4
2023-05-11 09:03:57,l2401-C-7900,l2401-C-7900,310.5,0.0,0.0,0.0,1,21.0,0.0,0,310.5,0.0,0.0,0.0,0.0,0.0,4
2023-05-11 09:03:57,l2401-C-7900,l2401-C-7900,310.5,0.0,0.0,0.0,10,21.5,0.0,0,310.5,0.0,0.0,0.0,0.0,0.0,4
2023-05-11 09:03:59,l2401-C-7900,l2401-C-7900,310.5,0.0,0.0,0.0,1,22.0,0.0,0,310.5,0.0,0.0,0.0,0.0,0.0,4
2023-05-11 09:03:59,l2401-C-7900,l2401-C-7900,310.5,0.0,0.0,0.0,10,22.5,0.0,0,310.5,0.0,0.0,0.0,0.0,0.0,4
2023-05-11 09:04:01,l2401-C-7900,l2401-C-7900,310.5,0.0,0.0,0.0,1,23.0,0.0,0,310.5,0.0,0.0,0.0,0.0,0.0,4
2023-05-11 09:04:01,l2401-C-7900,l2401-C-7900,310.5,0.0,0.0,0.0,10,23.5,0.0,0,310.5,0.0,0.0,0.0,0.0,0.0,4
2023-05-11 09:04:03,l2401-C-7900,l2401-C-7900,310.5,0.0,0.0,0.0,1,24.0,0.0,0,310.5,0.0,0.0,0.0,0.0,0.0,4
2023-05-11 09:04:03,l2401-C-7900,l2401-C-7900,310.5,0.0,0.0,0.0,10,24.5,0.0,0,310.5,0.0,0.0,0.0,0.0,0.0,4
2023-05-11 09:04:04,l2401-C-7900,l2401-C-7900,310.5,0.0,0.0,0.0,1,31.0,0.0,0,310.5,0.0,0.0,0.0,0.0,0.0,4
2023-05-11 09:04:04,l2401-C-7900,l2401-C-7900,310.5,0.0,0.0,0.0,10,31.5,0.0,0,310.5,0.0,0.0,0.0,0.0,0.0,4
2023-05-11 09:04:06,l2401-C-7900,l2401-C-7900,310.5,0.0,0.0,0.0,1,32.0,0.0,0,310.5,0.0,0.0,0.0,0.0,0.0,4
2023-05-11 09:04:06,l2401-C-7900,l2401-C-7900,310.5,0.0,0.0,0.0,10,32.5,0.0,0,310.5,0.0,0.0,0.0,0.0,0.0,4
2023-05-11 09:04:08,l2401-C-7900,l2401-C-7900,310.5,0.0,0.0,0.0,1,33.0,0.0,0,310.5,0.0,0.0,0.0,0.0,0.0,4
2023-05-11 09:04:08,l2401-C-7900,l2401-C-7900,310.5,0.0,0.0,0.0,10,33.5,0.0,0,310.5,0.0,0.0,0.0,0.0,0.0,4
2023-05-11 09:04:09,l2401-C-7900,l2401-C-7900,310.5,0.0,0.0,0.0,1,34.0,0.0,0,310.5,0.0,0.0,0.0,0.0,0.0,4
2023-05-11 09:04:09,l2401-C-7900,l2401-C-7900,310.5,0.0,0.0,0.0,10,34.5,0.0,0,310.5,0.0,0.0,0.0,0.0,0.0,4
2023-05-11 09:04:11,l2401-C-7900,l2401-C-7900,310.5,0.0,0.0,0.0,1,35.0,0.0,0,310.5,0.0,0.0,0.0,0.0,0.0,4
2023-05-11 09:04:11,l2401-C-7900,l2401-C-7900,310.5,0.0,0.0,0.0,10,35.5,0.0,0,310.5,0.0,0.0,0.0,0.0,0.0,4
2023-05-11 09:04:13,l2401-C-7900,l2401-C-7900,310.5,0.0,0.0,0.0,1,36.0,0.0,0,310.5,0.0,0.0,0.0,0.0,0.0,4
2023-05-11 09:04:13,l2401-C-7900,l2401-C-7900,310.5,0.0,0.0,0.0,10,36.5,0.0,0,310.5,0.0,0.0,0.0,0.0,0.0,4
2023-05-11 09:04:14,l2401-C-7900,l2401-C-7900,310.5,0.0,0.0,0.0,1,37.0,0.0,0,310.5,0.0,0.0,0.0,0.0,0.0,4
2023-05-11 09:04:14,l2401-C-7900,l2401-C-7900,310.5,0.0,0.0,0.0,10,37.5,0.0,0,310.5,0.0,0.0,0.0,0.0,0.0,4
2023-05-11 09:04:16,l2401-C-7900,l2401-C-7900,310.5,0.0,0.0,0.0,1,38.0,0.0,0,310.5,0.0,0.0,0.0,0.0,0.0,4
2023-05-11 09:04:16,l2401-C-7900,l2401-C-7900,310.5,0.0,0.0,0.0,10,38.5,0.0,0,310.5,0.0,0.0,0.0,0.0,0.0,4
2023-05-11 09:04:17,l2401-C-7900,l2401-C-7900,310.5,0.0,0.0,0.0,1,39.0,0.0,0,310.5,0.0,0.0,0.0,0.0,0.0,4
2023-05-11 09:04:17,l2401-C-7900,l2401-C-7900,310.5,0.0,0.0,0.0,10,39.5,0.0,0,310.5,0.0,0.0,0.0,0.0,0.0,4
2023-05-11 09:04:19,l2401-C-7900,l2401-C-7900,310.5,0.0,0.0,0.0,1,40.0,0.0,0,310.5,0.0,0.0,0.0,0.0,0.0,4
2023-05-11 09:04:19,l2401-C-7900,l2401-C-7900,310.5,0.0,0.0,0.0,10,40.5,0.0,0,310.5,0.0,0.0,0.0,0.0,0.0,4
2023-05-11 09:04:21,l2401-C-7900,l2401-C-7900,310.5,0.0,0.0,0.0,1,41.0,0.0,0,310.5,0.0,0.0,0.0,0.0,0.0,4
2023-05-11 09:04:21,l2401-C-7900,l2401-C-7900,310.5,0.0,0.0,0.0,10,41.5,0.0,0,310.5,0.0,0.0,0.0,0.0,0.0,4
2023-05-11 09:04:23,l2401-C-7900,l2401-C-7900,310.5,0.0,0.0,0.0,1,42.0,0.0,0,310.5,0.0,0.0,0.0,0.0,0.0,4
2023-05-11 09:04:23,l2401-C-7900,l2401-C-7900,310.5,0.0,0.0,0.0,10,42.5,0.0,0,310.5,0.0,0.0,0.0,0.0,0.0,4
2023-05-11 09:04:25,l2401-C-7900,l2401-C-7900,310.5,0.0,0.0,0.0,1,43.0,0.0,0,310.5,0.0,0.0,0.0,0.0,0.0,4
2023-05-11 09:04:25,l2401-C-7900,l2401-C-7900,310.5,0.0,0.0,0.0,10,43.5,0.0,0,310.5,0.0,0.0,0.0,0.0,0.0,4
2023-05-11 09:04:26,l2401-C-7900,l2401-C-7900,310.5,0.0,0.0,0.0,1,44.0,0.0,0,310.5,0.0,0.0,0.0,0.0,0.0,4
2023-05-11 09:04:26,l2401-C-7900,l2401-C-7900,310.5,0.0,0.0,0.0,10,44.5,0.0,0,310.5,0.0,0.0,0.0,0.0,0.0,4
2023-05-11 09:04:28,l2401-C-7900,l2401-C-7900,310.5,0.0,0.0,0.0,1,45.0,0.0,0,310.5,0.0,0.0,0.0,0.0,0.0,4
2023-05-11 09:04:28,l2401-C-7900,l2401-C-7900,310.5,0.0,0.0,0.0,10,45.5,0.0,0,310.5,0.0,0.0,0.0,0.0,0.0,4
2023-05-11 09:04:30,l2401-C-7900,l2401-C-7900,310.5,0.0,0.0,0.0,1,46.0,0.0,0,310.5,0.0,0.0,0.0,0.0,0.0,4
2023-05-11 09:04:30,l2401-C-7900,l2401-C-7900,310.5,0.0,0.0,0.0,10,46.5,0.0,0,310.5,0.0,0.0,0.0,0.0,0.0,4
2023-05-11 09:04:32,l2401-C-7900,l2401-C-7900,310.5,0.0,0.0,0.0,1,47.0,0.0,0,310.5,0.0,0.0,0.0,0.0,0.0,4
2023-05-11 09:04:32,l2401-C-7900,l2401-C-7900,310.5,0.0,0.0,0.0,10,47.5,0.0,0,310.5,0.0,0.0,0.0,0.0,0.0,4
2023-05-11 09:04:34,l2401-C-7900,l2401-C-7900,310.5,0.0,0.0,0.0,1,48.0,0.0,0,310.5,0.0,0.0,0.0,0.0,0.0,4
2023-05-11 09:04:34,l2401-C-7900,l2401-C-7900,310.5,0.0,0.0,0.0,10,48.5,0.0,0,310.5,0.0,0.0,0.0,0.0,0.0,4
2023-05-11 09:04:36,l2401-C-7900,l2401-C-7900,310.5,0.0,0.0,0.0,1,49.0,0.0,0,310.5,0.0,0.0,0.0,0.0,0.0,4
2023-05-11 09:04:36,l2401-C-7900,l2401-C-7900,310.5,0.0,0.0,0.0,10,49.5,0.0,0,310.5,0.0,0.0,0.0,0.0,0.0,4
2023-05-11 09:04:37,l2401-C-7900,l2401-C-7900,310.5,0.0,0.0,0.0,1,50.0,0.0,0,310.5,0.0,0.0,0.0,0.0,0.0,4
2023-05-11 09:04:37,l2401-C-7900,l2401-C-7900,310.5,0.0,0.0,0.0,10,50.5,0.0,0,310.5,0.0,0.0,0.0,0.0,0.0,4
2023-05-11 09:04:39,l2401-C-7900,l2401-C-7900,310.5,0.0,0.0,0.0,1,51.0,0.0,0,310.5,0.0,0.0,0.0,0.0,0.0,4
2023-05-11 09:04:39,l2401-C-7900,l2401-C-7900,310.5,0.0,0.0,0.0,10,51.5,0.0,0,310.5,0.0,0.0,0.0,0.0,0.0,4
2023-05-11 09:04:41,l2401-C-7900,l2401-C-7900,310.5,0.0,0.0,0.0,1,52.0,0.0,0,310.5,0.0,0.0,0.0,0.0,0.0,4
2023-05-11 09:04:41,l2401-C-7900,l2401-C-7900,310.5,0.0,0.0,0.0,10,52.5,0.0,0,310.5,0.0,0.0,0.0,0.0,0.0,4
2023-05-11 09:04:43,l2401-C-7900,l2401-C-7900,310.5,0.0,0.0,0.0,1,53.0,0.0,0,310.5,0.0,0.0,0.0,0.0,0.0,4
2023-05-11 09:04:43,l2401-C-7900,l2401-C-7900,310.5,0.0,0.0,0.0,10,53.5,0.0,0,310.5,0.0,0.0,0.0,0.0,0.0,4
2023-05-11 09:04:45,l2401-C-7900,l2401-C-7900,310.5,0.0,0.0,0.0,1,54.0,0.0,0,310.5,0.0,0.0,0.0,0.0,0.0,4
2023-05-11 09:04:45,l2401-C-7900,l2401-C-7900,310.5,0.0,0.0,0.0,10,54.5,0.0,0,310.5,0.0,0.0,0.0,0.0,0.0,4
2023-05-11 09:04:46,l2401-C-7900,l2401-C-7900,310.5,0.0,0.0,0.0,1,58.0,0.0,0,310.5,0.0,0.0,0.0,0.0,0.0,4
2023-05-11 09:04:46,l2401-C-7900,l2401-C-7900,310.5,0.0,0.0,0.0,10,58.5,0.0,0,310.5,0.0,0.0,0.0,0.0,0.0,4
2023-05-11 09:04:48,l2401-C-7900,l2401-C-7900,310.5,0.0,0.0,0.0,1,59.0,0.0,0,310.5,0.0,0.0,0.0,0.0,0.0,4
2023-05-11 09:04:48,l2401-C-7900,l2401-C-7900,310.5,0.0,0.0,0.0,10,59.5,0.0,0,310.5,0.0,0.0,0.0,0.0,0.0,4
2023-05-11 09:04:50,l2401-C-7900,l2401-C-7900,310.5,0.0,0.0,0.0,1,60.0,0.0,0,310.5,0.0,0.0,0.0,0.0,0.0,4
2023-05-11 09:04:50,l2401-C-7900,l2401-C-7900,310.5,0.0,0.0,0.0,10,60.5,0.0,0,310.5,0.0,0.0,0.0,0.0,0.0,4
2023-05-11 09:04:51,l2401-C-7900,l2401-C-7900,310.5,0.0,0.0,0.0,1,61.0,0.0,0,310.5,0.0,0.0,0.0,0.0,0.0,4
2023-05-11 09:04:51,l2401-C-7900,l2401-C-7900,310.5,0.0,0.0,0.0,10,61.5,0.0,0,310.5,0.0,0.0,0.0,0.0,0.0,4
2023-05-11 09:04:53,l2401-C-7900,l2401-C-7900,310.5,0.0,0.0,0.0,1,62.0,0.0,0,310.5,0.0,0.0,0.0,0.0,0.0,4
2023-05-11 09:04:53,l2401-C-7900,l2401-C-7900,310.5,0.0,0.0,0.0,10,62.5,0.0,0,310.5,0.0,0.0,0.0,0.0,0.0,4
2023-05-11 09:04:54,l2401-C-7900,l2401-C-7900,310.5,0.0,0.0,0.0,1,63.0,0.0,0,310.5,0.0,0.0,0.0,0.0,0.0,4
2023-05-11 09:04:54,l2401-C-7900,l2401-C-7900,310.5,0.0,0.0,0.0,10,63.5,0.0,0,310.5,0.0,0.0,0.0,0.0,0.0,4
2023-05-11 09:04:55,l2401-C-7900,l2401-C-7900,310.5,0.0,0.0,0.0,1,64.0,0.0,0,310.5,0.0,0.0,0.0,0.0,0.0,4
2023-05-11 09:04:55,l2401-C-7900,l2401-C-7900,310.5,0.0,0.0,0.0,10,64.5,0.0,0,310.5,0.0,0.0,0.0,0.0,0.0,4
2023-05-11 09:04:56,l2401-C-7900,l2401-C-7900,310.5,0.0,0.0,0.0,1,65.0,0.0,0,310.5,0.0,0.0,0.0,0.0,0.0,4
2023-05-11 09:04:56,l2401-C-7900,l2401-C-7900,310.5,0.0,0.0,0.0,10,65.5,0.0,0,310.5,0.0,0.0,0.0,0.0,0.0,4
2023-05-11 09:04:57,l2401-C-7900,l2401-C-7900,310.5,0.0,0.0,0.0,1,66.0,0.0,0,310.5,0.0,0.0,0.0,0.0,0.0,4
2023-05-11 09:04:57,l2401-C-7900,l2401-C-7900,310.5,0.0,0.0,0.0,10,66.5,0.0,0,310.5,0.0,0.0,0.0,0.0,0.0,4
2023-05-11 09:04:58,l2401-C-7900,l2401-C-7900,310.5,0.0,0.0,0.0,1,67.0,0.0,0,310.5,0.0,0.0,0.0,0.0,0.0,4
2023-05-11 09:04:58,l2401-C-7900,l2401-C-7900,310.5,0.0,0.0,0.0,10,67.5,0.0,0,310.5,0.0,0.0,0.0,0.0,0.0,4
2023-05-11 09:05:00,l2401-C-7900,l2401-C-7900,310.5,0.0,0.0,0.0,1,68.0,0.0,0,310.5,0.0,0.0,0.0,0.0,0.0,4
2023-05-11 09:05:00,l2401-C-7900,l2401-C-7900,310.5,0.0,0.0,0.0,10,68.5,0.0,0,310.5,0.0,0.0,0.0,0.0,0.0,4
2023-05-11 09:05:01,l2401-C-7900,l2401-C-7900,310.5,0.0,0.0,0.0,1,69.0,0.0,0,310.5,0.0,0.0,0.0,0.0,0.0,4
2023-05-11 09:05:01,l2401-C-7900,l2401-C-7900,310.5,0.0,0.0,0.0,10,69.5,0.0,0,310.5,0.0,0.0,0.0,0.0,0.0,4
2023-05-11 09:05:02,l2401-C-7900,l2401-C-7900,310.5,0.0,0.0,0.0,1,70.0,0.0,0,310.5,0.0,0.0,0.0,0.0,0.0,4
2023-05-11 09:05:02,l2401-C-7900,l2401-C-7900,310.5,0.0,0.0,0.0,10,70.5,0.0,0,310.5,0.0,0.0,0.0,0.0,0.0,4
2023-05-11 09:05:03,l2401-C-7900,l2401-C-7900,310.5,0.0,0.0,0.0,1,71.0,0.0,0,310.5,0.0,0.0,0.0,0.0,0.0,4
2023-05-11 09:05:03,l2401-C-7900,l2401-C-7900,310.5,0.0,0.0,0.0,10,71.5,0.0,0,310.5,0.0,0.0,0.0,0.0,0.0,4
2023-05-11 09:05:05,l2401-C-7900,l2401-C-7900,310.5,0.0,0.0,0.0,1,72.0,0.0,0,310.5,0.0,0.0,0.0,0.0,0.0,4
2023-05-11 09:05:05,l2401-C-7900,l2401-C-7900,310.5,0.0,0.0,0.0,10,72.5,0.0,0,310.5,0.0,0.0,0.0,0.0,0.0,4
2023-05-11 09:05:06,l2401-C-7900,l2401-C-7900,310.5,0.0,0.0,0.0,1,73.0,0.0,0,310.5,0.0,0.0,0.0,0.0,0.0,4
2023-05-11 09:05:06,l2401-C-7900,l2401-C-7900,310.5,0.0,0.0,0.0,10,73.5,0.0,0,310.5,0.0,0.0,0.0,0.0,0.0,4
2023-05-11 09:05:07,l2401-C-7900,l2401-C-7900,310.5,0.0,0.0,0.0,1,74.0,0.0,0,310.5,0.0,0.0,0.0,0.0,0.0,4
2023-05-11 09:05:07,l2401-C-7900,l2401-C-7900,310.5,0.0,0.0,0.0,10,74.5,0.0,0,310.5,0.0,0.0,0.0,0.0,0.0,4
2023-05-11 09:05:09,l2401-C-7900,l2401-C-7900,310.5,0.0,0.0,0.0,1,75.0,0.0,0,310.5,0.0,0.0,0.0,0.0,0.0,4
2023-05-11 09:05:09,l2401-C-7900,l2401-C-7900,310.5,0.0,0.0,0.0,10,75.5,0.0,0,310.5,0.0,0.0,0.0,0.0,0.0,4
2023-05-11 09:05:10,l2401-C-7900,l2401-C-7900,310.5,0.0,0.0,0.0,1,76.0,0.0,0,310.5,0.0,0.0,0.0,0.0,0.0,4
2023-05-11 09:05:10,l2401-C-7900,l2401-C-7900,310.5,0.0,0.0,0.0,10,76.5,0.0,0,310.5,0.0,0.0,0.0,0.0,0.0,4
2023-05-11 09:05:12,l2401-C-7900,l2401-C-7900,310.5,0.0,0.0,0.0,1,77.0,0.0,0,310.5,0.0,0.0,0.0,0.0,0.0,4
2023-05-11 09:05:12,l2401-C-7900,l2401-C-7900,310.5,0.0,0.0,0.0,10,77.5,0.0,0,310.5,0.0,0.0,0.0,0.0,0.0,4
2023-05-11 09:05:13,l2401-C-7900,l2401-C-7900,310.5,0.0,0.0,0.0,1,78.0,0.0,0,310.5,0.0,0.0,0.0,0.0,0.0,4
2023-05-11 09:05:13,l2401-C-7900,l2401-C-7900,310.5,0.0,0.0,0.0,10,78.5,0.0,0,310.5,0.0,0.0,0.0,0.0,0.0,4
2023-05-11 09:05:15,l2401-C-7900,l2401-C-7900,310.5,0.0,0.0,0.0,1,79.0,0.0,0,310.5,0.0,0.0,0.0,0.0,0.0,4
2023-05-11 09:05:15,l2401-C-7900,l2401-C-7900,310.5,0.0,0.0,0.0,10,79.5,0.0,0,310.5,0.0,0.0,0.0,0.0,0.0,4
2023-05-11 09:05:16,l2401-C-7900,l2401-C-7900,310.5,0.0,0.0,0.0,1,80.0,0.0,0,310.5,0.0,0.0,0.0,0.0,0.0,4
2023-05-11 09:05:16,l2401-C-7900,l2401-C-7900,310.5,0.0,0.0,0.0,10,80.5,0.0,0,310.5,0.0,0.0,0.0,0.0,0.0,4
2023-05-11 09:05:17,l2401-C-7900,l2401-C-7900,310.5,0.0,0.0,0.0,1,81.0,0.0,0,310.5,0.0,0.0,0.0,0.0,0.0,4
2023-05-11 09:05:17,l2401-C-7900,l2401-C-7900,310.5,0.0,0.0,0.0,10,81.5,0.0,0,310.5,0.0,0.0,0.0,0.0,0.0,4
2023-05-11 09:05:18,l2401-C-7900,l2401-C-7900,310.5,0.0,0.0,0.0,1,82.0,0.0,0,310.5,0.0,0.0,0.0,0.0,0.0,4
2023-05-11 09:05:18,l2401-C-7900,l2401-C-7900,310.5,0.0,0.0,0.0,10,82.5,0.0,0,310.5,0.0,0.0,0.0,0.0,0.0,4
2023-05-11 09:05:20,l2401-C-7900,l2401-C-7900,310.5,0.0,0.0,0.0,1,83.0,0.0,0,310.5,0.0,0.0,0.0,0.0,0.0,4
2023-05-11 09:05:20,l2401-C-7900,l2401-C-7900,310.5,0.0,0.0,0.0,10,83.5,0.0,0,310.5,0.0,0.0,0.0,0.0,0.0,4
2023-05-11 09:05:21,l2401-C-7900,l2401-C-7900,310.5,0.0,0.0,0.0,1,84.0,0.0,0,310.5,0.0,0.0,0.0,0.0,0.0,4
2023-05-11 09:05:21,l2401-C-7900,l2401-C-7900,310.5,0.0,0.0,0.0,10,84.5,0.0,0,310.5,0.0,0.0,0.0,0.0,0.0,4
2023-05-11 09:05:22,l2401-C-7900,l2401-C-7900,310.5,0.0,0.0,0.0,1,85.0,0.0,0,310.5,0.0,0.0,0.0,0.0,0.0,4
2023-05-11 09:05:23,l2401-C-7900,l2401-C-7900,310.5,0.0,0.0,0.0,10,85.5,0.0,0,310.5,0.0,0.0,0.0,0.0,0.0,4
2023-05-11 09:05:24,l2401-C-7900,l2401-C-7900,310.5,0.0,0.0,0.0,1,86.0,0.0,0,310.5,0.0,0.0,0.0,0.0,0.0,4
2023-05-11 09:05:24,l2401-C-7900,l2401-C-7900,310.5,0.0,0.0,0.0,10,86.5,0.0,0,310.5,0.0,0.0,0.0,0.0,0.0,4
2023-05-11 09:05:25,l2401-C-7900,l2401-C-7900,310.5,0.0,0.0,0.0,1,87.0,0.0,0,310.5,0.0,0.0,0.0,0.0,0.0,4
2023-05-11 09:05:25,l2401-C-7900,l2401-C-7900,310.5,0.0,0.0,0.0,10,87.5,0.0,0,310.5,0.0,0.0,0.0,0.0,0.0,4
2023-05-11 09:05:27,l2401-C-7900,l2401-C-7900,310.5,0.0,0.0,0.0,1,88.0,0.0,0,310.5,0.0,0.0,0.0,0.0,0.0,4
2023-05-11 09:05:27,l2401-C-7900,l2401-C-7900,310.5,0.0,0.0,0.0,10,88.5,0.0,0,310.5,0.0,0.0,0.0,0.0,0.0,4
2023-05-11 09:05:28,l2401-C-7900,l2401-C-7900,310.5,0.0,0.0,0.0,1,89.0,0.0,0,310.5,0.0,0.0,0.0,0.0,0.0,4
2023-05-11 09:05:28,l2401-C-7900,l2401-C-7900,310.5,0.0,0.0,0.0,10,89.5,0.0,0,310.5,0.0,0.0,0.0,0.0,0.0,4
2023-05-11 09:05:30,l2401-C-7900,l2401-C-7900,310.5,0.0,0.0,0.0,1,90.0,0.0,0,310.5,0.0,0.0,0.0,0.0,0.0,4
2023-05-11 09:05:30,l2401-C-7900,l2401-C-7900,310.5,0.0,0.0,0.0,10,90.5,0.0,0,310.5,0.0,0.0,0.0,0.0,0.0,4
2023-05-11 09:05:31,l2401-C-7900,l2401-C-7900,310.5,0.0,0.0,0.0,1,91.0,0.0,0,310.5,0.0,0.0,0.0,0.0,0.0,4
2023-05-11 09:05:31,l2401-C-7900,l2401-C-7900,310.5,0.0,0.0,0.0,10,91.5,0.0,0,310.5,0.0,0.0,0.0,0.0,0.0,4
2023-05-11 09:05:32,l2401-C-7900,l2401-C-7900,310.5,0.0,0.0,0.0,1,92.0,0.0,0,310.5,0.0,0.0,0.0,0.0,0.0,4
2023-05-11 09:05:32,l2401-C-7900,l2401-C-7900,310.5,0.0,0.0,0.0,10,92.5,0.0,0,310.5,0.0,0.0,0.0,0.0,0.0,4
2023-05-11 09:05:34,l2401-C-7900,l2401-C-7900,310.5,0.0,0.0,0.0,1,93.0,0.0,0,310.5,0.0,0.0,0.0,0.0,0.0,4
2023-05-11 09:05:34,l2401-C-7900,l2401-C-7900,310.5,0.0,0.0,0.0,10,93.5,0.0,0,310.5,0.0,0.0,0.0,0.0,0.0,4
2023-05-11 09:05:35,l2401-C-7900,l2401-C-7900,310.5,0.0,0.0,0.0,1,94.0,0.0,0,310.5,0.0,0.0,0.0,0.0,0.0,4
2023-05-11 09:05:35,l2401-C-7900,l2401-C-7900,310.5,0.0,0.0,0.0,10,94.5,0.0,0,310.5,0.0,0.0,0.0,0.0,0.0,4
2023-05-11 09:05:37,l2401-C-7900,l2401-C-7900,310.5,0.0,0.0,0.0,1,95.0,0.0,0,310.5,0.0,0.0,0.0,0.0,0.0,4
2023-05-11 09:05:37,l2401-C-7900,l2401-C-7900,310.5,0.0,0.0,0.0,10,95.5,0.0,0,310.5,0.0,0.0,0.0,0.0,0.0,4
2023-05-11 09:05:38,l2401-C-7900,l2401-C-7900,310.5,0.0,0.0,0.0,1,96.0,0.0,0,310.5,0.0,0.0,0.0,0.0,0.0,4
2023-05-11 09:05:38,l2401-C-7900,l2401-C-7900,310.5,0.0,0.0,0.0,10,96.5,0.0,0,310.5,0.0,0.0,0.0,0.0,0.0,4
2023-05-11 09:05:39,l2401-C-7900,l2401-C-7900,310.5,0.0,0.0,0.0,1,97.0,0.0,0,310.5,0.0,0.0,0.0,0.0,0.0,4
2023-05-11 09:05:39,l2401-C-7900,l2401-C-7900,310.5,0.0,0.0,0.0,10,97.5,0.0,0,310.5,0.0,0.0,0.0,0.0,0.0,4
2023-05-11 09:05:40,l2401-C-7900,l2401-C-7900,310.5,0.0,0.0,0.0,1,98.0,0.0,0,310.5,0.0,0.0,0.0,0.0,0.0,4
2023-05-11 09:05:40,l2401-C-7900,l2401-C-7900,310.5,0.0,0.0,0.0,10,98.5,0.0,0,310.5,0.0,0.0,0.0,0.0,0.0,4
2023-05-11 09:05:41,l2401-C-7900,l2401-C-7900,310.5,0.0,0.0,0.0,1,99.0,0.0,0,310.5,0.0,0.0,0.0,0.0,0.0,4
2023-05-11 09:05:41,l2401-C-7900,l2401-C-7900,310.5,0.0,0.0,0.0,10,99.5,0.0,0,310.5,0.0,0.0,0.0,0.0,0.0,4
2023-05-11 09:05:43,l2401-C-7900,l2401-C-7900,310.5,0.0,0.0,0.0,1,100.0,0.0,0,310.5,0.0,0.0,0.0,0.0,0.0,4
2023-05-11 09:05:43,l2401-C-7900,l2401-C-7900,310.5,0.0,0.0,0.0,10,100.5,0.0,0,310.5,0.0,0.0,0.0,0.0,0.0,4
2023-05-11 09:05:44,l2401-C-7900,l2401-C-7900,310.5,0.0,0.0,0.0,1,101.0,0.0,0,310.5,0.0,0.0,0.0,0.0,0.0,4
2023-05-11 09:05:44,l2401-C-7900,l2401-C-7900,310.5,0.0,0.0,0.0,10,101.5,0.0,0,310.5,0.0,0.0,0.0,0.0,0.0,4
2023-05-11 09:05:45,l2401-C-7900,l2401-C-7900,310.5,0.0,0.0,0.0,1,102.0,0.0,0,310.5,0.0,0.0,0.0,0.0,0.0,4
2023-05-11 09:05:45,l2401-C-7900,l2401-C-7900,310.5,0.0,0.0,0.0,10,102.5,0.0,0,310.5,0.0,0.0,0.0,0.0,0.0,4
2023-05-11 09:05:46,l2401-C-7900,l2401-C-7900,310.5,0.0,0.0,0.0,1,103.0,0.0,0,310.5,0.0,0.0,0.0,0.0,0.0,4
2023-05-11 09:05:46,l2401-C-7900,l2401-C-7900,310.5,0.0,0.0,0.0,10,103.5,0.0,0,310.5,0.0,0.0,0.0,0.0,0.0,4
2023-05-11 09:05:47,l2401-C-7900,l2401-C-7900,310.5,0.0,0.0,0.0,1,104.0,0.0,0,310.5,0.0,0.0,0.0,0.0,0.0,4
2023-05-11 09:05:47,l2401-C-7900,l2401-C-7900,310.5,0.0,0.0,0.0,10,104.5,0.0,0,310.5,0.0,0.0,0.0,0.0,0.0,4
2023-05-11 09:05:48,l2401-C-7900,l2401-C-7900,310.5,0.0,0.0,0.0,1,105.0,0.0,0,310.5,0.0,0.0,0.0,0.0,0.0,4
2023-05-11 09:05:48,l2401-C-7900,l2401-C-7900,310.5,0.0,0.0,0.0,10,105.5,0.0,0,310.5,0.0,0.0,0.0,0.0,0.0,4
2023-05-11 09:05:50,l2401-C-7900,l2401-C-7900,310.5,0.0,0.0,0.0,1,106.0,0.0,0,310.5,0.0,0.0,0.0,0.0,0.0,4
2023-05-11 09:05:50,l2401-C-7900,l2401-C-7900,310.5,0.0,0.0,0.0,10,106.5,0.0,0,310.5,0.0,0.0,0.0,0.0,0.0,4
2023-05-11 09:05:51,l2401-C-7900,l2401-C-7900,310.5,0.0,0.0,0.0,1,107.0,0.0,0,310.5,0.0,0.0,0.0,0.0,0.0,4
2023-05-11 09:05:51,l2401-C-7900,l2401-C-7900,310.5,0.0,0.0,0.0,10,107.5,0.0,0,310.5,0.0,0.0,0.0,0.0,0.0,4
2023-05-11 09:05:53,l2401-C-7900,l2401-C-7900,310.5,0.0,0.0,0.0,1,108.0,0.0,0,310.5,0.0,0.0,0.0,0.0,0.0,4
2023-05-11 09:05:53,l2401-C-7900,l2401-C-7900,310.5,0.0,0.0,0.0,10,108.5,0.0,0,310.5,0.0,0.0,0.0,0.0,0.0,4
2023-05-11 09:05:54,l2401-C-7900,l2401-C-7900,310.5,0.0,0.0,0.0,1,109.0,0.0,0,310.5,0.0,0.0,0.0,0.0,0.0,4
2023-05-11 09:05:54,l2401-C-7900,l2401-C-7900,310.5,0.0,0.0,0.0,10,109.5,0.0,0,310.5,0.0,0.0,0.0,0.0,0.0,4
2023-05-11 09:05:56,l2401-C-7900,l2401-C-7900,310.5,0.0,0.0,0.0,1,110.0,0.0,0,310.5,0.0,0.0,0.0,0.0,0.0,4
2023-05-11 09:05:56,l2401-C-7900,l2401-C-7900,310.5,0.0,0.0,0.0,10,110.5,0.0,0,310.5,0.0,0.0,0.0,0.0,0.0,4
2023-05-11 09:05:57,l2401-C-7900,l2401-C-7900,310.5,0.0,0.0,0.0,1,111.0,0.0,0,310.5,0.0,0.0,0.0,0.0,0.0,4
2023-05-11 09:05:57,l2401-C-7900,l2401-C-7900,310.5,0.0,0.0,0.0,10,111.5,0.0,0,310.5,0.0,0.0,0.0,0.0,0.0,4
2023-05-11 09:05:58,l2401-C-7900,l2401-C-7900,310.5,0.0,0.0,0.0,1,112.0,0.0,0,310.5,0.0,0.0,0.0,0.0,0.0,4
2023-05-11 09:05:58,l2401-C-7900,l2401-C-7900,310.5,0.0,0.0,0.0,10,112.5,0.0,0,310.5,0.0,0.0,0.0,0.0,0.0,4
2023-05-11 09:05:59,l2401-C-7900,l2401-C-7900,310.5,0.0,0.0,0.0,1,113.0,0.0,0,310.5,0.0,0.0,0.0,0.0,0.0,4
2023-05-11 09:05:59,l2401-C-7900,l2401-C-7900,310.5,0.0,0.0,0.0,10,113.5,0.0,0,310.5,0.0,0.0,0.0,0.0,0.0,4
2023-05-11 09:06:00,l2401-C-7900,l2401-C-7900,310.5,0.0,0.0,0.0,1,114.0,0.0,0,310.5,0.0,0.0,0.0,0.0,0.0,4
2023-05-11 09:06:00,l2401-C-7900,l2401-C-7900,310.5,0.0,0.0,0.0,10,114.5,0.0,0,310.5,0.0,0.0,0.0,0.0,0.0,4
2023-05-11 09:06:02,l2401-C-7900,l2401-C-7900,310.5,0.0,0.0,0.0,1,115.0,0.0,0,310.5,0.0,0.0,0.0,0.0,0.0,4
2023-05-11 09:06:02,l2401-C-7900,l2401-C-7900,310.5,0.0,0.0,0.0,10,115.5,0.0,0,310.5,0.0,0.0,0.0,0.0,0.0,4
2023-05-11 09:06:03,l2401-C-7900,l2401-C-7900,310.5,0.0,0.0,0.0,1,116.0,0.0,0,310.5,0.0,0.0,0.0,0.0,0.0,4
2023-05-11 09:06:03,l2401-C-7900,l2401-C-7900,310.5,0.0,0.0,0.0,10,116.5,0.0,0,310.5,0.0,0.0,0.0,0.0,0.0,4
2023-05-11 09:06:05,l2401-C-7900,l2401-C-7900,310.5,0.0,0.0,0.0,1,117.0,0.0,0,310.5,0.0,0.0,0.0,0.0,0.0,4
2023-05-11 09:06:05,l2401-C-7900,l2401-C-7900,310.5,0.0,0.0,0.0,10,117.5,0.0,0,310.5,0.0,0.0,0.0,0.0,0.0,4
2023-05-11 09:06:06,l2401-C-7900,l2401-C-7900,310.5,0.0,0.0,0.0,1,118.0,0.0,0,310.5,0.0,0.0,0.0,0.0,0.0,4
2023-05-11 09:06:06,l2401-C-7900,l2401-C-7900,310.5,0.0,0.0,0.0,10,118.5,0.0,0,310.5,0.0,0.0,0.0,0.0,0.0,4
2023-05-11 09:06:07,l2401-C-7900,l2401-C-7900,310.5,0.0,0.0,0.0,1,119.0,0.0,0,310.5,0.0,0.0,0.0,0.0,0.0,4
2023-05-11 09:06:07,l2401-C-7900,l2401-C-7900,310.5,0.0,0.0,0.0,10,119.5,0.0,0,310.5,0.0,0.0,0.0,0.0,0.0,4
2023-05-11 09:06:08,l2401-C-7900,l2401-C-7900,310.5,0.0,0.0,0.0,1,120.0,0.0,0,310.5,0.0,0.0,0.0,0.0,0.0,4
2023-05-11 09:06:08,l2401-C-7900,l2401-C-7900,310.5,0.0,0.0,0.0,10,120.5,0.0,0,310.5,0.0,0.0,0.0,0.0,0.0,4
2023-05-11 09:06:09,l2401-C-7900,l2401-C-7900,310.5,0.0,0.0,0.0,1,121.0,0.0,0,310.5,0.0,0.0,0.0,0.0,0.0,4
2023-05-11 09:06:09,l2401-C-7900,l2401-C-7900,310.5,0.0,0.0,0.0,10,121.5,0.0,0,310.5,0.0,0.0,0.0,0.0,0.0,4
2023-05-11 09:06:10,l2401-C-7900,l2401-C-7900,310.5,0.0,0.0,0.0,1,122.0,0.0,0,310.5,0.0,0.0,0.0,0.0,0.0,4
2023-05-11 09:06:10,l2401-C-7900,l2401-C-7900,310.5,0.0,0.0,0.0,10,122.5,0.0,0,310.5,0.0,0.0,0.0,0.0,0.0,4
2023-05-11 09:06:11,l2401-C-7900,l2401-C-7900,310.5,0.0,0.0,0.0,1,123.0,0.0,0,310.5,0.0,0.0,0.0,0.0,0.0,4
2023-05-11 09:06:11,l2401-C-7900,l2401-C-7900,310.5,0.0,0.0,0.0,10,123.5,0.0,0,310.5,0.0,0.0,0.0,0.0,0.0,4
2023-05-11 09:13:56,l2401-C-7900,l2401-C-7900,310.5,0.0,0.0,0.0,1,124.0,0.0,0,310.5,0.0,0.0,0.0,0.0,0.0,4
2023-05-11 09:13:56,l2401-C-7900,l2401-C-7900,310.5,0.0,0.0,0.0,10,124.5,0.0,0,310.5,0.0,0.0,0.0,0.0,0.0,4
2023-05-11 10:14:32,l2401-C-7900,l2401-C-7900,310.5,0.0,0.0,0.0,1,12.0,0.0,0,310.5,0.0,0.0,0.0,0.0,0.0,4
2023-05-11 10:30:07,l2401-C-7900,l2401-C-7900,310.5,0.0,0.0,0.0,10,12.5,0.0,0,310.5,0.0,0.0,0.0,0.0,0.0,4
2023-05-11 10:30:25,l2401-C-7900,l2401-C-7900,310.5,0.0,0.0,0.0,1,19.0,0.0,0,310.5,0.0,0.0,0.0,0.0,0.0,4
2023-05-11 10:30:25,l2401-C-7900,l2401-C-7900,310.5,0.0,0.0,0.0,10,19.5,0.0,0,310.5,0.0,0.0,0.0,0.0,0.0,4
2023-05-11 10:31:46,l2401-C-7900,l2401-C-7900,310.5,0.0,0.0,0.0,1,20.0,0.0,0,310.5,0.0,0.0,0.0,0.0,0.0,4
2023-05-11 10:31:46,l2401-C-7900,l2401-C-7900,310.5,0.0,0.0,0.0,10,20.5,0.0,0,310.5,0.0,0.0,0.0,0.0,0.0,4
2023-05-11 10:32:03,l2401-C-7900,l2401-C-7900,310.5,0.0,0.0,0.0,1,21.0,0.0,0,310.5,0.0,0.0,0.0,0.0,0.0,4
2023-05-11 10:32:03,l2401-C-7900,l2401-C-7900,310.5,0.0,0.0,0.0,10,21.5,0.0,0,310.5,0.0,0.0,0.0,0.0,0.0,4
2023-05-11 10:32:14,l2401-C-7900,l2401-C-7900,310.5,0.0,0.0,0.0,1,22.0,0.0,0,310.5,0.0,0.0,0.0,0.0,0.0,4
2023-05-11 10:32:14,l2401-C-7900,l2401-C-7900,310.5,0.0,0.0,0.0,10,22.5,0.0,0,310.5,0.0,0.0,0.0,0.0,0.0,4
2023-05-11 10:32:23,l2401-C-7900,l2401-C-7900,310.5,0.0,0.0,0.0,1,23.0,0.0,0,310.5,0.0,0.0,0.0,0.0,0.0,4
2023-05-11 10:32:23,l2401-C-7900,l2401-C-7900,310.5,0.0,0.0,0.0,10,23.5,0.0,0,310.5,0.0,0.0,0.0,0.0,0.0,4
2023-05-11 10:33:14,l2401-C-7900,l2401-C-7900,310.5,0.0,0.0,0.0,1,24.0,0.0,0,310.5,0.0,0.0,0.0,0.0,0.0,4
2023-05-11 10:33:14,l2401-C-7900,l2401-C-7900,310.5,0.0,0.0,0.0,10,24.5,0.0,0,310.5,0.0,0.0,0.0,0.0,0.0,4
2023-05-11 10:33:20,l2401-C-7900,l2401-C-7900,310.5,0.0,0.0,0.0,1,25.0,0.0,0,310.5,0.0,0.0,0.0,0.0,0.0,4
2023-05-11 10:33:20,l2401-C-7900,l2401-C-7900,310.5,0.0,0.0,0.0,10,25.5,0.0,0,310.5,0.0,0.0,0.0,0.0,0.0,4
2023-05-11 10:33:29,l2401-C-7900,l2401-C-7900,310.5,0.0,0.0,0.0,1,26.0,0.0,0,310.5,0.0,0.0,0.0,0.0,0.0,4
2023-05-11 10:33:29,l2401-C-7900,l2401-C-7900,310.5,0.0,0.0,0.0,10,26.5,0.0,0,310.5,0.0,0.0,0.0,0.0,0.0,4
2023-05-11 10:34:33,l2401-C-7900,l2401-C-7900,310.5,0.0,0.0,0.0,1,27.0,0.0,0,310.5,0.0,0.0,0.0,0.0,0.0,4
2023-05-11 10:34:33,l2401-C-7900,l2401-C-7900,310.5,0.0,0.0,0.0,10,27.5,0.0,0,310.5,0.0,0.0,0.0,0.0,0.0,4
2023-05-11 10:35:18,l2401-C-7900,l2401-C-7900,310.5,0.0,0.0,0.0,1,28.0,0.0,0,310.5,0.0,0.0,0.0,0.0,0.0,4
2023-05-11 10:35:18,l2401-C-7900,l2401-C-7900,310.5,0.0,0.0,0.0,10,28.5,0.0,0,310.5,0.0,0.0,0.0,0.0,0.0,4
2023-05-11 10:35:20,l2401-C-7900,l2401-C-7900,310.5,0.0,0.0,0.0,1,29.0,0.0,0,310.5,0.0,0.0,0.0,0.0,0.0,4
2023-05-11 10:35:20,l2401-C-7900,l2401-C-7900,310.5,0.0,0.0,0.0,10,29.5,0.0,0,310.5,0.0,0.0,0.0,0.0,0.0,4
2023-05-11 10:35:22,l2401-C-7900,l2401-C-7900,310.5,0.0,0.0,0.0,1,30.0,0.0,0,310.5,0.0,0.0,0.0,0.0,0.0,4
2023-05-11 10:35:22,l2401-C-7900,l2401-C-7900,310.5,0.0,0.0,0.0,10,30.5,0.0,0,310.5,0.0,0.0,0.0,0.0,0.0,4
2023-05-11 10:35:25,l2401-C-7900,l2401-C-7900,310.5,0.0,0.0,0.0,1,31.0,0.0,0,310.5,0.0,0.0,0.0,0.0,0.0,4
2023-05-11 10:35:25,l2401-C-7900,l2401-C-7900,310.5,0.0,0.0,0.0,10,31.5,0.0,0,310.5,0.0,0.0,0.0,0.0,0.0,4
2023-05-11 10:35:31,l2401-C-7900,l2401-C-7900,310.5,0.0,0.0,0.0,1,32.0,0.0,0,310.5,0.0,0.0,0.0,0.0,0.0,4
2023-05-11 10:35:31,l2401-C-7900,l2401-C-7900,310.5,0.0,0.0,0.0,10,32.5,0.0,0,310.5,0.0,0.0,0.0,0.0,0.0,4
2023-05-11 10:35:35,l2401-C-7900,l2401-C-7900,310.5,0.0,0.0,0.0,1,33.0,0.0,0,310.5,0.0,0.0,0.0,0.0,0.0,4
2023-05-11 10:35:35,l2401-C-7900,l2401-C-7900,310.5,0.0,0.0,0.0,10,33.5,0.0,0,310.5,0.0,0.0,0.0,0.0,0.0,4
2023-05-11 10:35:39,l2401-C-7900,l2401-C-7900,310.5,0.0,0.0,0.0,1,34.0,0.0,0,310.5,0.0,0.0,0.0,0.0,0.0,4
2023-05-11 10:35:39,l2401-C-7900,l2401-C-7900,310.5,0.0,0.0,0.0,10,34.5,0.0,0,310.5,0.0,0.0,0.0,0.0,0.0,4
2023-05-11 10:35:43,l2401-C-7900,l2401-C-7900,310.5,0.0,0.0,0.0,1,35.0,0.0,0,310.5,0.0,0.0,0.0,0.0,0.0,4
2023-05-11 10:35:43,l2401-C-7900,l2401-C-7900,310.5,0.0,0.0,0.0,10,35.5,0.0,0,310.5,0.0,0.0,0.0,0.0,0.0,4
2023-05-11 10:35:47,l2401-C-7900,l2401-C-7900,310.5,0.0,0.0,0.0,1,36.0,0.0,0,310.5,0.0,0.0,0.0,0.0,0.0,4
2023-05-11 10:35:47,l2401-C-7900,l2401-C-7900,310.5,0.0,0.0,0.0,10,36.5,0.0,0,310.5,0.0,0.0,0.0,0.0,0.0,4
2023-05-11 10:35:51,l2401-C-7900,l2401-C-7900,310.5,0.0,0.0,0.0,1,37.0,0.0,0,310.5,0.0,0.0,0.0,0.0,0.0,4
2023-05-11 10:35:51,l2401-C-7900,l2401-C-7900,310.5,0.0,0.0,0.0,10,37.5,0.0,0,310.5,0.0,0.0,0.0,0.0,0.0,4
2023-05-11 10:35:57,l2401-C-7900,l2401-C-7900,310.5,0.0,0.0,0.0,1,38.0,0.0,0,310.5,0.0,0.0,0.0,0.0,0.0,4
2023-05-11 10:35:57,l2401-C-7900,l2401-C-7900,310.5,0.0,0.0,0.0,10,38.5,0.0,0,310.5,0.0,0.0,0.0,0.0,0.0,4
2023-05-11 10:36:01,l2401-C-7900,l2401-C-7900,310.5,0.0,0.0,0.0,1,39.0,0.0,0,310.5,0.0,0.0,0.0,0.0,0.0,4
2023-05-11 10:36:01,l2401-C-7900,l2401-C-7900,310.5,0.0,0.0,0.0,10,39.5,0.0,0,310.5,0.0,0.0,0.0,0.0,0.0,4
2023-05-11 10:36:04,l2401-C-7900,l2401-C-7900,310.5,0.0,0.0,0.0,1,40.0,0.0,0,310.5,0.0,0.0,0.0,0.0,0.0,4
2023-05-11 10:36:04,l2401-C-7900,l2401-C-7900,310.5,0.0,0.0,0.0,10,40.5,0.0,0,310.5,0.0,0.0,0.0,0.0,0.0,4
2023-05-11 10:36:06,l2401-C-7900,l2401-C-7900,310.5,0.0,0.0,0.0,1,41.0,0.0,0,310.5,0.0,0.0,0.0,0.0,0.0,4
2023-05-11 10:36:06,l2401-C-7900,l2401-C-7900,310.5,0.0,0.0,0.0,10,41.5,0.0,0,310.5,0.0,0.0,0.0,0.0,0.0,4
2023-05-11 10:36:09,l2401-C-7900,l2401-C-7900,310.5,0.0,0.0,0.0,1,42.0,0.0,0,310.5,0.0,0.0,0.0,0.0,0.0,4
2023-05-11 10:36:09,l2401-C-7900,l2401-C-7900,310.5,0.0,0.0,0.0,10,42.5,0.0,0,310.5,0.0,0.0,0.0,0.0,0.0,4
2023-05-11 10:36:11,l2401-C-7900,l2401-C-7900,310.5,0.0,0.0,0.0,1,43.0,0.0,0,310.5,0.0,0.0,0.0,0.0,0.0,4
2023-05-11 10:36:11,l2401-C-7900,l2401-C-7900,310.5,0.0,0.0,0.0,10,43.5,0.0,0,310.5,0.0,0.0,0.0,0.0,0.0,4
2023-05-11 10:36:14,l2401-C-7900,l2401-C-7900,310.5,0.0,0.0,0.0,1,44.0,0.0,0,310.5,0.0,0.0,0.0,0.0,0.0,4
2023-05-11 10:36:14,l2401-C-7900,l2401-C-7900,310.5,0.0,0.0,0.0,10,44.5,0.0,0,310.5,0.0,0.0,0.0,0.0,0.0,4
2023-05-11 10:36:16,l2401-C-7900,l2401-C-7900,310.5,0.0,0.0,0.0,1,45.0,0.0,0,310.5,0.0,0.0,0.0,0.0,0.0,4
2023-05-11 10:36:16,l2401-C-7900,l2401-C-7900,310.5,0.0,0.0,0.0,10,45.5,0.0,0,310.5,0.0,0.0,0.0,0.0,0.0,4
2023-05-11 10:36:19,l2401-C-7900,l2401-C-7900,310.5,0.0,0.0,0.0,1,46.0,0.0,0,310.5,0.0,0.0,0.0,0.0,0.0,4
2023-05-11 10:36:19,l2401-C-7900,l2401-C-7900,310.5,0.0,0.0,0.0,10,46.5,0.0,0,310.5,0.0,0.0,0.0,0.0,0.0,4
2023-05-11 10:36:22,l2401-C-7900,l2401-C-7900,310.5,0.0,0.0,0.0,1,47.0,0.0,0,310.5,0.0,0.0,0.0,0.0,0.0,4
2023-05-11 10:36:22,l2401-C-7900,l2401-C-7900,310.5,0.0,0.0,0.0,10,47.5,0.0,0,310.5,0.0,0.0,0.0,0.0,0.0,4
2023-05-11 10:36:24,l2401-C-7900,l2401-C-7900,310.5,0.0,0.0,0.0,1,48.0,0.0,0,310.5,0.0,0.0,0.0,0.0,0.0,4
2023-05-11 10:36:24,l2401-C-7900,l2401-C-7900,310.5,0.0,0.0,0.0,10,48.5,0.0,0,310.5,0.0,0.0,0.0,0.0,0.0,4
2023-05-11 10:36:27,l2401-C-7900,l2401-C-7900,310.5,0.0,0.0,0.0,1,49.0,0.0,0,310.5,0.0,0.0,0.0,0.0,0.0,4
2023-05-11 10:36:27,l2401-C-7900,l2401-C-7900,310.5,0.0,0.0,0.0,10,49.5,0.0,0,310.5,0.0,0.0,0.0,0.0,0.0,4
2023-05-11 10:36:29,l2401-C-7900,l2401-C-7900,310.5,0.0,0.0,0.0,1,50.0,0.0,0,310.5,0.0,0.0,0.0,0.0,0.0,4
2023-05-11 10:36:29,l2401-C-7900,l2401-C-7900,310.5,0.0,0.0,0.0,10,50.5,0.0,0,310.5,0.0,0.0,0.0,0.0,0.0,4
2023-05-11 10:36:31,l2401-C-7900,l2401-C-7900,310.5,0.0,0.0,0.0,1,51.0,0.0,0,310.5,0.0,0.0,0.0,0.0,0.0,4
2023-05-11 10:36:31,l2401-C-7900,l2401-C-7900,310.5,0.0,0.0,0.0,10,51.5,0.0,0,310.5,0.0,0.0,0.0,0.0,0.0,4
2023-05-11 10:36:32,l2401-C-7900,l2401-C-7900,310.5,0.0,0.0,0.0,1,52.0,0.0,0,310.5,0.0,0.0,0.0,0.0,0.0,4
2023-05-11 10:36:32,l2401-C-7900,l2401-C-7900,310.5,0.0,0.0,0.0,10,52.5,0.0,0,310.5,0.0,0.0,0.0,0.0,0.0,4
2023-05-11 10:36:34,l2401-C-7900,l2401-C-7900,310.5,0.0,0.0,0.0,1,53.0,0.0,0,310.5,0.0,0.0,0.0,0.0,0.0,4
2023-05-11 10:36:34,l2401-C-7900,l2401-C-7900,310.5,0.0,0.0,0.0,10,53.5,0.0,0,310.5,0.0,0.0,0.0,0.0,0.0,4
2023-05-11 10:36:36,l2401-C-7900,l2401-C-7900,310.5,0.0,0.0,0.0,1,57.0,0.0,0,310.5,0.0,0.0,0.0,0.0,0.0,4
2023-05-11 10:36:36,l2401-C-7900,l2401-C-7900,310.5,0.0,0.0,0.0,10,57.5,0.0,0,310.5,0.0,0.0,0.0,0.0,0.0,4
2023-05-11 10:36:38,l2401-C-7900,l2401-C-7900,310.5,0.0,0.0,0.0,1,58.0,0.0,0,310.5,0.0,0.0,0.0,0.0,0.0,4
2023-05-11 10:36:38,l2401-C-7900,l2401-C-7900,310.5,0.0,0.0,0.0,10,58.5,0.0,0,310.5,0.0,0.0,0.0,0.0,0.0,4
2023-05-11 10:36:39,l2401-C-7900,l2401-C-7900,310.5,0.0,0.0,0.0,1,59.0,0.0,0,310.5,0.0,0.0,0.0,0.0,0.0,4
2023-05-11 10:36:39,l2401-C-7900,l2401-C-7900,310.5,0.0,0.0,0.0,10,59.5,0.0,0,310.5,0.0,0.0,0.0,0.0,0.0,4
2023-05-11 10:36:40,l2401-C-7900,l2401-C-7900,310.5,0.0,0.0,0.0,1,60.0,0.0,0,310.5,0.0,0.0,0.0,0.0,0.0,4
2023-05-11 10:36:40,l2401-C-7900,l2401-C-7900,310.5,0.0,0.0,0.0,10,60.5,0.0,0,310.5,0.0,0.0,0.0,0.0,0.0,4
2023-05-11 10:36:42,l2401-C-7900,l2401-C-7900,310.5,0.0,0.0,0.0,1,61.0,0.0,0,310.5,0.0,0.0,0.0,0.0,0.0,4
2023-05-11 10:36:42,l2401-C-7900,l2401-C-7900,310.5,0.0,0.0,0.0,10,61.5,0.0,0,310.5,0.0,0.0,0.0,0.0,0.0,4
2023-05-11 10:36:43,l2401-C-7900,l2401-C-7900,310.5,0.0,0.0,0.0,1,62.0,0.0,0,310.5,0.0,0.0,0.0,0.0,0.0,4
2023-05-11 10:36:43,l2401-C-7900,l2401-C-7900,310.5,0.0,0.0,0.0,10,62.5,0.0,0,310.5,0.0,0.0,0.0,0.0,0.0,4
2023-05-11 10:36:48,l2401-C-7900,l2401-C-7900,310.5,0.0,0.0,0.0,1,63.0,0.0,0,310.5,0.0,0.0,0.0,0.0,0.0,4
2023-05-11 10:36:48,l2401-C-7900,l2401-C-7900,310.5,0.0,0.0,0.0,10,63.5,0.0,0,310.5,0.0,0.0,0.0,0.0,0.0,4
2023-05-11 10:36:49,l2401-C-7900,l2401-C-7900,310.5,0.0,0.0,0.0,1,64.0,0.0,0,310.5,0.0,0.0,0.0,0.0,0.0,4
2023-05-11 10:36:49,l2401-C-7900,l2401-C-7900,310.5,0.0,0.0,0.0,10,64.5,0.0,0,310.5,0.0,0.0,0.0,0.0,0.0,4
2023-05-11 10:36:50,l2401-C-7900,l2401-C-7900,310.5,0.0,0.0,0.0,1,65.0,0.0,0,310.5,0.0,0.0,0.0,0.0,0.0,4
2023-05-11 10:36:50,l2401-C-7900,l2401-C-7900,310.5,0.0,0.0,0.0,10,65.5,0.0,0,310.5,0.0,0.0,0.0,0.0,0.0,4
2023-05-11 10:36:51,l2401-C-7900,l2401-C-7900,310.5,0.0,0.0,0.0,1,66.0,0.0,0,310.5,0.0,0.0,0.0,0.0,0.0,4
2023-05-11 10:36:51,l2401-C-7900,l2401-C-7900,310.5,0.0,0.0,0.0,10,66.5,0.0,0,310.5,0.0,0.0,0.0,0.0,0.0,4
2023-05-11 10:36:52,l2401-C-7900,l2401-C-7900,310.5,0.0,0.0,0.0,1,67.0,0.0,0,310.5,0.0,0.0,0.0,0.0,0.0,4
2023-05-11 10:36:52,l2401-C-7900,l2401-C-7900,310.5,0.0,0.0,0.0,10,67.5,0.0,0,310.5,0.0,0.0,0.0,0.0,0.0,4
2023-05-11 10:36:53,l2401-C-7900,l2401-C-7900,310.5,0.0,0.0,0.0,1,68.0,0.0,0,310.5,0.0,0.0,0.0,0.0,0.0,4
2023-05-11 10:36:53,l2401-C-7900,l2401-C-7900,310.5,0.0,0.0,0.0,10,68.5,0.0,0,310.5,0.0,0.0,0.0,0.0,0.0,4
2023-05-11 10:36:54,l2401-C-7900,l2401-C-7900,310.5,0.0,0.0,0.0,1,69.0,0.0,0,310.5,0.0,0.0,0.0,0.0,0.0,4
2023-05-11 10:36:54,l2401-C-7900,l2401-C-7900,310.5,0.0,0.0,0.0,10,69.5,0.0,0,310.5,0.0,0.0,0.0,0.0,0.0,4
2023-05-11 10:36:55,l2401-C-7900,l2401-C-7900,310.5,0.0,0.0,0.0,1,70.0,0.0,0,310.5,0.0,0.0,0.0,0.0,0.0,4
2023-05-11 10:36:55,l2401-C-7900,l2401-C-7900,310.5,0.0,0.0,0.0,10,70.5,0.0,0,310.5,0.0,0.0,0.0,0.0,0.0,4
2023-05-11 10:36:56,l2401-C-7900,l2401-C-7900,310.5,0.0,0.0,0.0,1,71.0,0.0,0,310.5,0.0,0.0,0.0,0.0,0.0,4
2023-05-11 10:36:56,l2401-C-7900,l2401-C-7900,310.5,0.0,0.0,0.0,10,71.5,0.0,0,310.5,0.0,0.0,0.0,0.0,0.0,4
2023-05-11 10:36:57,l2401-C-7900,l2401-C-7900,310.5,0.0,0.0,0.0,1,72.0,0.0,0,310.5,0.0,0.0,0.0,0.0,0.0,4
2023-05-11 10:36:57,l2401-C-7900,l2401-C-7900,310.5,0.0,0.0,0.0,10,72.5,0.0,0,310.5,0.0,0.0,0.0,0.0,0.0,4
2023-05-11 10:36:58,l2401-C-7900,l2401-C-7900,310.5,0.0,0.0,0.0,1,73.0,0.0,0,310.5,0.0,0.0,0.0,0.0,0.0,4
2023-05-11 10:36:58,l2401-C-7900,l2401-C-7900,310.5,0.0,0.0,0.0,10,73.5,0.0,0,310.5,0.0,0.0,0.0,0.0,0.0,4
2023-05-11 10:37:00,l2401-C-7900,l2401-C-7900,310.5,0.0,0.0,0.0,1,74.0,0.0,0,310.5,0.0,0.0,0.0,0.0,0.0,4
2023-05-11 10:37:00,l2401-C-7900,l2401-C-7900,310.5,0.0,0.0,0.0,10,74.5,0.0,0,310.5,0.0,0.0,0.0,0.0,0.0,4
2023-05-11 10:37:01,l2401-C-7900,l2401-C-7900,310.5,0.0,0.0,0.0,1,75.0,0.0,0,310.5,0.0,0.0,0.0,0.0,0.0,4
2023-05-11 10:37:01,l2401-C-7900,l2401-C-7900,310.5,0.0,0.0,0.0,10,75.5,0.0,0,310.5,0.0,0.0,0.0,0.0,0.0,4
2023-05-11 10:37:02,l2401-C-7900,l2401-C-7900,310.5,0.0,0.0,0.0,1,76.0,0.0,0,310.5,0.0,0.0,0.0,0.0,0.0,4
2023-05-11 10:37:02,l2401-C-7900,l2401-C-7900,310.5,0.0,0.0,0.0,10,76.5,0.0,0,310.5,0.0,0.0,0.0,0.0,0.0,4
2023-05-11 10:37:03,l2401-C-7900,l2401-C-7900,310.5,0.0,0.0,0.0,1,77.0,0.0,0,310.5,0.0,0.0,0.0,0.0,0.0,4
2023-05-11 10:37:03,l2401-C-7900,l2401-C-7900,310.5,0.0,0.0,0.0,10,77.5,0.0,0,310.5,0.0,0.0,0.0,0.0,0.0,4
2023-05-11 10:37:04,l2401-C-7900,l2401-C-7900,310.5,0.0,0.0,0.0,1,78.0,0.0,0,310.5,0.0,0.0,0.0,0.0,0.0,4
2023-05-11 10:37:04,l2401-C-7900,l2401-C-7900,310.5,0.0,0.0,0.0,10,78.5,0.0,0,310.5,0.0,0.0,0.0,0.0,0.0,4
2023-05-11 10:37:05,l2401-C-7900,l2401-C-7900,310.5,0.0,0.0,0.0,1,79.0,0.0,0,310.5,0.0,0.0,0.0,0.0,0.0,4
2023-05-11 10:37:05,l2401-C-7900,l2401-C-7900,310.5,0.0,0.0,0.0,10,79.5,0.0,0,310.5,0.0,0.0,0.0,0.0,0.0,4
2023-05-11 10:37:06,l2401-C-7900,l2401-C-7900,310.5,0.0,0.0,0.0,1,80.0,0.0,0,310.5,0.0,0.0,0.0,0.0,0.0,4
2023-05-11 10:37:06,l2401-C-7900,l2401-C-7900,310.5,0.0,0.0,0.0,10,80.5,0.0,0,310.5,0.0,0.0,0.0,0.0,0.0,4
2023-05-11 10:37:07,l2401-C-7900,l2401-C-7900,310.5,0.0,0.0,0.0,1,81.0,0.0,0,310.5,0.0,0.0,0.0,0.0,0.0,4
2023-05-11 10:37:07,l2401-C-7900,l2401-C-7900,310.5,0.0,0.0,0.0,10,81.5,0.0,0,310.5,0.0,0.0,0.0,0.0,0.0,4
2023-05-11 10:37:08,l2401-C-7900,l2401-C-7900,310.5,0.0,0.0,0.0,1,82.0,0.0,0,310.5,0.0,0.0,0.0,0.0,0.0,4
2023-05-11 10:37:08,l2401-C-7900,l2401-C-7900,310.5,0.0,0.0,0.0,10,82.5,0.0,0,310.5,0.0,0.0,0.0,0.0,0.0,4
2023-05-11 10:37:09,l2401-C-7900,l2401-C-7900,310.5,0.0,0.0,0.0,1,83.0,0.0,0,310.5,0.0,0.0,0.0,0.0,0.0,4
2023-05-11 10:37:09,l2401-C-7900,l2401-C-7900,310.5,0.0,0.0,0.0,10,83.5,0.0,0,310.5,0.0,0.0,0.0,0.0,0.0,4
2023-05-11 10:37:10,l2401-C-7900,l2401-C-7900,310.5,0.0,0.0,0.0,1,84.0,0.0,0,310.5,0.0,0.0,0.0,0.0,0.0,4
2023-05-11 10:37:10,l2401-C-7900,l2401-C-7900,310.5,0.0,0.0,0.0,10,84.5,0.0,0,310.5,0.0,0.0,0.0,0.0,0.0,4
2023-05-11 10:37:11,l2401-C-7900,l2401-C-7900,310.5,0.0,0.0,0.0,1,85.0,0.0,0,310.5,0.0,0.0,0.0,0.0,0.0,4
2023-05-11 10:37:11,l2401-C-7900,l2401-C-7900,310.5,0.0,0.0,0.0,10,85.5,0.0,0,310.5,0.0,0.0,0.0,0.0,0.0,4
2023-05-11 10:37:12,l2401-C-7900,l2401-C-7900,310.5,0.0,0.0,0.0,1,86.0,0.0,0,310.5,0.0,0.0,0.0,0.0,0.0,4
2023-05-11 10:37:12,l2401-C-7900,l2401-C-7900,310.5,0.0,0.0,0.0,10,86.5,0.0,0,310.5,0.0,0.0,0.0,0.0,0.0,4
2023-05-11 10:37:14,l2401-C-7900,l2401-C-7900,310.5,0.0,0.0,0.0,1,87.0,0.0,0,310.5,0.0,0.0,0.0,0.0,0.0,4
2023-05-11 10:37:14,l2401-C-7900,l2401-C-7900,310.5,0.0,0.0,0.0,10,87.5,0.0,0,310.5,0.0,0.0,0.0,0.0,0.0,4
2023-05-11 10:37:15,l2401-C-7900,l2401-C-7900,310.5,0.0,0.0,0.0,1,88.0,0.0,0,310.5,0.0,0.0,0.0,0.0,0.0,4
2023-05-11 10:37:15,l2401-C-7900,l2401-C-7900,310.5,0.0,0.0,0.0,10,88.5,0.0,0,310.5,0.0,0.0,0.0,0.0,0.0,4
2023-05-11 10:37:16,l2401-C-7900,l2401-C-7900,310.5,0.0,0.0,0.0,1,89.0,0.0,0,310.5,0.0,0.0,0.0,0.0,0.0,4
2023-05-11 10:37:16,l2401-C-7900,l2401-C-7900,310.5,0.0,0.0,0.0,10,89.5,0.0,0,310.5,0.0,0.0,0.0,0.0,0.0,4
2023-05-11 10:37:17,l2401-C-7900,l2401-C-7900,310.5,0.0,0.0,0.0,1,90.0,0.0,0,310.5,0.0,0.0,0.0,0.0,0.0,4
2023-05-11 10:37:17,l2401-C-7900,l2401-C-7900,310.5,0.0,0.0,0.0,10,90.5,0.0,0,310.5,0.0,0.0,0.0,0.0,0.0,4
2023-05-11 10:37:18,l2401-C-7900,l2401-C-7900,310.5,0.0,0.0,0.0,1,91.0,0.0,0,310.5,0.0,0.0,0.0,0.0,0.0,4
2023-05-11 10:37:18,l2401-C-7900,l2401-C-7900,310.5,0.0,0.0,0.0,10,91.5,0.0,0,310.5,0.0,0.0,0.0,0.0,0.0,4
2023-05-11 10:37:19,l2401-C-7900,l2401-C-7900,310.5,0.0,0.0,0.0,1,92.0,0.0,0,310.5,0.0,0.0,0.0,0.0,0.0,4
2023-05-11 10:37:19,l2401-C-7900,l2401-C-7900,310.5,0.0,0.0,0.0,10,92.5,0.0,0,310.5,0.0,0.0,0.0,0.0,0.0,4
2023-05-11 10:37:20,l2401-C-7900,l2401-C-7900,310.5,0.0,0.0,0.0,1,93.0,0.0,0,310.5,0.0,0.0,0.0,0.0,0.0,4
2023-05-11 10:37:20,l2401-C-7900,l2401-C-7900,310.5,0.0,0.0,0.0,10,93.5,0.0,0,310.5,0.0,0.0,0.0,0.0,0.0,4
2023-05-11 10:37:21,l2401-C-7900,l2401-C-7900,310.5,0.0,0.0,0.0,1,94.0,0.0,0,310.5,0.0,0.0,0.0,0.0,0.0,4
2023-05-11 10:37:21,l2401-C-7900,l2401-C-7900,310.5,0.0,0.0,0.0,10,94.5,0.0,0,310.5,0.0,0.0,0.0,0.0,0.0,4
2023-05-11 10:37:22,l2401-C-7900,l2401-C-7900,310.5,0.0,0.0,0.0,1,95.0,0.0,0,310.5,0.0,0.0,0.0,0.0,0.0,4
2023-05-11 10:37:22,l2401-C-7900,l2401-C-7900,310.5,0.0,0.0,0.0,10,95.5,0.0,0,310.5,0.0,0.0,0.0,0.0,0.0,4
2023-05-11 10:37:23,l2401-C-7900,l2401-C-7900,310.5,0.0,0.0,0.0,1,96.0,0.0,0,310.5,0.0,0.0,0.0,0.0,0.0,4
2023-05-11 10:37:23,l2401-C-7900,l2401-C-7900,310.5,0.0,0.0,0.0,10,96.5,0.0,0,310.5,0.0,0.0,0.0,0.0,0.0,4
2023-05-11 10:37:24,l2401-C-7900,l2401-C-7900,310.5,0.0,0.0,0.0,1,97.0,0.0,0,310.5,0.0,0.0,0.0,0.0,0.0,4
2023-05-11 10:37:24,l2401-C-7900,l2401-C-7900,310.5,0.0,0.0,0.0,10,97.5,0.0,0,310.5,0.0,0.0,0.0,0.0,0.0,4
2023-05-11 10:37:25,l2401-C-7900,l2401-C-7900,310.5,0.0,0.0,0.0,1,98.0,0.0,0,310.5,0.0,0.0,0.0,0.0,0.0,4
2023-05-11 10:37:25,l2401-C-7900,l2401-C-7900,310.5,0.0,0.0,0.0,10,98.5,0.0,0,310.5,0.0,0.0,0.0,0.0,0.0,4
2023-05-11 10:37:26,l2401-C-7900,l2401-C-7900,310.5,0.0,0.0,0.0,1,99.0,0.0,0,310.5,0.0,0.0,0.0,0.0,0.0,4
2023-05-11 10:37:26,l2401-C-7900,l2401-C-7900,310.5,0.0,0.0,0.0,10,99.5,0.0,0,310.5,0.0,0.0,0.0,0.0,0.0,4
2023-05-11 10:37:27,l2401-C-7900,l2401-C-7900,310.5,0.0,0.0,0.0,1,100.0,0.0,0,310.5,0.0,0.0,0.0,0.0,0.0,4
2023-05-11 10:37:27,l2401-C-7900,l2401-C-7900,310.5,0.0,0.0,0.0,10,100.5,0.0,0,310.5,0.0,0.0,0.0,0.0,0.0,4
2023-05-11 10:37:28,l2401-C-7900,l2401-C-7900,310.5,0.0,0.0,0.0,1,101.0,0.0,0,310.5,0.0,0.0,0.0,0.0,0.0,4
2023-05-11 10:37:28,l2401-C-7900,l2401-C-7900,310.5,0.0,0.0,0.0,10,101.5,0.0,0,310.5,0.0,0.0,0.0,0.0,0.0,4
2023-05-11 10:37:29,l2401-C-7900,l2401-C-7900,310.5,0.0,0.0,0.0,1,102.0,0.0,0,310.5,0.0,0.0,0.0,0.0,0.0,4
2023-05-11 10:37:29,l2401-C-7900,l2401-C-7900,310.5,0.0,0.0,0.0,10,102.5,0.0,0,310.5,0.0,0.0,0.0,0.0,0.0,4
2023-05-11 10:37:30,l2401-C-7900,l2401-C-7900,310.5,0.0,0.0,0.0,1,103.0,0.0,0,310.5,0.0,0.0,0.0,0.0,0.0,4
2023-05-11 10:37:30,l2401-C-7900,l2401-C-7900,310.5,0.0,0.0,0.0,10,103.5,0.0,0,310.5,0.0,0.0,0.0,0.0,0.0,4
2023-05-11 10:37:31,l2401-C-7900,l2401-C-7900,310.5,0.0,0.0,0.0,1,104.0,0.0,0,310.5,0.0,0.0,0.0,0.0,0.0,4
2023-05-11 10:37:31,l2401-C-7900,l2401-C-7900,310.5,0.0,0.0,0.0,10,104.5,0.0,0,310.5,0.0,0.0,0.0,0.0,0.0,4
2023-05-11 10:37:32,l2401-C-7900,l2401-C-7900,310.5,0.0,0.0,0.0,1,105.0,0.0,0,310.5,0.0,0.0,0.0,0.0,0.0,4
2023-05-11 10:37:32,l2401-C-7900,l2401-C-7900,310.5,0.0,0.0,0.0,10,105.5,0.0,0,310.5,0.0,0.0,0.0,0.0,0.0,4
2023-05-11 10:37:33,l2401-C-7900,l2401-C-7900,310.5,0.0,0.0,0.0,1,106.0,0.0,0,310.5,0.0,0.0,0.0,0.0,0.0,4
2023-05-11 10:37:33,l2401-C-7900,l2401-C-7900,310.5,0.0,0.0,0.0,10,106.5,0.0,0,310.5,0.0,0.0,0.0,0.0,0.0,4
2023-05-11 10:37:34,l2401-C-7900,l2401-C-7900,310.5,0.0,0.0,0.0,1,107.0,0.0,0,310.5,0.0,0.0,0.0,0.0,0.0,4
2023-05-11 10:37:34,l2401-C-7900,l2401-C-7900,310.5,0.0,0.0,0.0,10,107.5,0.0,0,310.5,0.0,0.0,0.0,0.0,0.0,4
2023-05-11 10:37:35,l2401-C-7900,l2401-C-7900,310.5,0.0,0.0,0.0,1,108.0,0.0,0,310.5,0.0,0.0,0.0,0.0,0.0,4
2023-05-11 10:37:35,l2401-C-7900,l2401-C-7900,310.5,0.0,0.0,0.0,10,108.5,0.0,0,310.5,0.0,0.0,0.0,0.0,0.0,4
2023-05-11 10:37:36,l2401-C-7900,l2401-C-7900,310.5,0.0,0.0,0.0,1,109.0,0.0,0,310.5,0.0,0.0,0.0,0.0,0.0,4
2023-05-11 10:37:36,l2401-C-7900,l2401-C-7900,310.5,0.0,0.0,0.0,10,109.5,0.0,0,310.5,0.0,0.0,0.0,0.0,0.0,4
2023-05-11 10:37:37,l2401-C-7900,l2401-C-7900,310.5,0.0,0.0,0.0,1,110.0,0.0,0,310.5,0.0,0.0,0.0,0.0,0.0,4
2023-05-11 10:37:37,l2401-C-7900,l2401-C-7900,310.5,0.0,0.0,0.0,10,110.5,0.0,0,310.5,0.0,0.0,0.0,0.0,0.0,4
2023-05-11 10:37:38,l2401-C-7900,l2401-C-7900,310.5,0.0,0.0,0.0,1,111.0,0.0,0,310.5,0.0,0.0,0.0,0.0,0.0,4
2023-05-11 10:37:38,l2401-C-7900,l2401-C-7900,310.5,0.0,0.0,0.0,10,111.5,0.0,0,310.5,0.0,0.0,0.0,0.0,0.0,4
2023-05-11 10:37:39,l2401-C-7900,l2401-C-7900,310.5,0.0,0.0,0.0,1,112.0,0.0,0,310.5,0.0,0.0,0.0,0.0,0.0,4
2023-05-11 10:37:40,l2401-C-7900,l2401-C-7900,310.5,0.0,0.0,0.0,10,112.5,0.0,0,310.5,0.0,0.0,0.0,0.0,0.0,4
2023-05-11 10:37:41,l2401-C-7900,l2401-C-7900,310.5,0.0,0.0,0.0,1,113.0,0.0,0,310.5,0.0,0.0,0.0,0.0,0.0,4
2023-05-11 10:37:41,l2401-C-7900,l2401-C-7900,310.5,0.0,0.0,0.0,10,113.5,0.0,0,310.5,0.0,0.0,0.0,0.0,0.0,4
2023-05-11 10:37:42,l2401-C-7900,l2401-C-7900,310.5,0.0,0.0,0.0,1,114.0,0.0,0,310.5,0.0,0.0,0.0,0.0,0.0,4
2023-05-11 10:37:42,l2401-C-7900,l2401-C-7900,310.5,0.0,0.0,0.0,10,114.5,0.0,0,310.5,0.0,0.0,0.0,0.0,0.0,4
2023-05-11 10:37:43,l2401-C-7900,l2401-C-7900,310.5,0.0,0.0,0.0,1,115.0,0.0,0,310.5,0.0,0.0,0.0,0.0,0.0,4
2023-05-11 10:37:43,l2401-C-7900,l2401-C-7900,310.5,0.0,0.0,0.0,10,115.5,0.0,0,310.5,0.0,0.0,0.0,0.0,0.0,4
2023-05-11 10:37:44,l2401-C-7900,l2401-C-7900,310.5,0.0,0.0,0.0,1,116.0,0.0,0,310.5,0.0,0.0,0.0,0.0,0.0,4
2023-05-11 10:37:44,l2401-C-7900,l2401-C-7900,310.5,0.0,0.0,0.0,10,116.5,0.0,0,310.5,0.0,0.0,0.0,0.0,0.0,4
2023-05-11 10:37:45,l2401-C-7900,l2401-C-7900,310.5,0.0,0.0,0.0,1,117.0,0.0,0,310.5,0.0,0.0,0.0,0.0,0.0,4
2023-05-11 10:37:45,l2401-C-7900,l2401-C-7900,310.5,0.0,0.0,0.0,10,117.5,0.0,0,310.5,0.0,0.0,0.0,0.0,0.0,4
2023-05-11 10:37:46,l2401-C-7900,l2401-C-7900,310.5,0.0,0.0,0.0,1,118.0,0.0,0,310.5,0.0,0.0,0.0,0.0,0.0,4
2023-05-11 10:37:46,l2401-C-7900,l2401-C-7900,310.5,0.0,0.0,0.0,10,118.5,0.0,0,310.5,0.0,0.0,0.0,0.0,0.0,4
2023-05-11 10:37:47,l2401-C-7900,l2401-C-7900,310.5,0.0,0.0,0.0,1,119.0,0.0,0,310.5,0.0,0.0,0.0,0.0,0.0,4
2023-05-11 10:37:47,l2401-C-7900,l2401-C-7900,310.5,0.0,0.0,0.0,10,119.5,0.0,0,310.5,0.0,0.0,0.0,0.0,0.0,4
2023-05-11 10:37:48,l2401-C-7900,l2401-C-7900,310.5,0.0,0.0,0.0,1,120.0,0.0,0,310.5,0.0,0.0,0.0,0.0,0.0,4
2023-05-11 10:37:48,l2401-C-7900,l2401-C-7900,310.5,0.0,0.0,0.0,10,120.5,0.0,0,310.5,0.0,0.0,0.0,0.0,0.0,4
2023-05-11 10:37:49,l2401-C-7900,l2401-C-7900,310.5,0.0,0.0,0.0,1,121.0,0.0,0,310.5,0.0,0.0,0.0,0.0,0.0,4
2023-05-11 10:37:49,l2401-C-7900,l2401-C-7900,310.5,0.0,0.0,0.0,10,121.5,0.0,0,310.5,0.0,0.0,0.0,0.0,0.0,4
2023-05-11 10:37:50,l2401-C-7900,l2401-C-7900,310.5,0.0,0.0,0.0,1,122.0,0.0,0,310.5,0.0,0.0,0.0,0.0,0.0,4
2023-05-11 10:37:50,l2401-C-7900,l2401-C-7900,310.5,0.0,0.0,0.0,10,122.5,0.0,0,310.5,0.0,0.0,0.0,0.0,0.0,4
2023-05-11 10:37:51,l2401-C-7900,l2401-C-7900,310.5,0.0,0.0,0.0,1,123.0,0.0,0,310.5,0.0,0.0,0.0,0.0,0.0,4
2023-05-11 10:37:51,l2401-C-7900,l2401-C-7900,310.5,0.0,0.0,0.0,10,123.5,0.0,0,310.5,0.0,0.0,0.0,0.0,0.0,4
2023-05-11 10:37:53,l2401-C-7900,l2401-C-7900,310.5,0.0,0.0,0.0,1,124.0,0.0,0,310.5,0.0,0.0,0.0,0.0,0.0,4
2023-05-11 10:37:53,l2401-C-7900,l2401-C-7900,310.5,0.0,0.0,0.0,10,124.5,0.0,0,310.5,0.0,0.0,0.0,0.0,0.0,4
2023-05-11 10:54:07,l2401-C-7900,l2401-C-7900,310.5,0.0,0.0,0.0,1,125.0,0.0,0,310.5,0.0,0.0,0.0,0.0,0.0,4
2023-05-11 10:54:07,l2401-C-7900,l2401-C-7900,310.5,0.0,0.0,0.0,10,125.5,0.0,0,310.5,0.0,0.0,0.0,0.0,0.0,4
2023-05-11 11:09:53,l2401-C-7900,l2401-C-7900,310.5,0.0,0.0,0.0,1,126.0,0.0,0,310.5,0.0,0.0,0.0,0.0,0.0,4
2023-05-11 11:09:53,l2401-C-7900,l2401-C-7900,310.5,0.0,0.0,0.0,10,126.5,0.0,0,310.5,0.0,0.0,0.0,0.0,0.0,4
2023-05-11 11:29:32,l2401-C-7900,l2401-C-7900,310.5,0.0,0.0,0.0,1,12.0,0.0,0,310.5,0.0,0.0,0.0,0.0,0.0,4
2023-05-11 13:30:14,l2401-C-7900,l2401-C-7900,310.5,0.0,0.0,0.0,10,12.5,0.0,0,310.5,0.0,0.0,0.0,0.0,0.0,4
2023-05-11 13:31:06,l2401-C-7900,l2401-C-7900,310.5,0.0,0.0,0.0,1,13.0,0.0,0,310.5,0.0,0.0,0.0,0.0,0.0,4
2023-05-11 13:31:06,l2401-C-7900,l2401-C-7900,310.5,0.0,0.0,0.0,10,13.5,0.0,0,310.5,0.0,0.0,0.0,0.0,0.0,4
2023-05-11 13:32:12,l2401-C-7900,l2401-C-7900,310.5,0.0,0.0,0.0,1,20.0,0.0,0,310.5,0.0,0.0,0.0,0.0,0.0,4
2023-05-11 13:32:12,l2401-C-7900,l2401-C-7900,310.5,0.0,0.0,0.0,10,20.5,0.0,0,310.5,0.0,0.0,0.0,0.0,0.0,4
2023-05-11 13:32:23,l2401-C-7900,l2401-C-7900,310.5,0.0,0.0,0.0,1,21.0,0.0,0,310.5,0.0,0.0,0.0,0.0,0.0,4
2023-05-11 13:32:23,l2401-C-7900,l2401-C-7900,310.5,0.0,0.0,0.0,10,21.5,0.0,0,310.5,0.0,0.0,0.0,0.0,0.0,4
2023-05-11 13:34:50,l2401-C-7900,l2401-C-7900,310.5,0.0,0.0,0.0,1,22.0,0.0,0,310.5,0.0,0.0,0.0,0.0,0.0,4
2023-05-11 13:34:50,l2401-C-7900,l2401-C-7900,310.5,0.0,0.0,0.0,10,22.5,0.0,0,310.5,0.0,0.0,0.0,0.0,0.0,4
2023-05-11 13:34:58,l2401-C-7900,l2401-C-7900,310.5,0.0,0.0,0.0,1,23.0,0.0,0,310.5,0.0,0.0,0.0,0.0,0.0,4
2023-05-11 13:34:58,l2401-C-7900,l2401-C-7900,310.5,0.0,0.0,0.0,10,23.5,0.0,0,310.5,0.0,0.0,0.0,0.0,0.0,4
2023-05-11 13:35:24,l2401-C-7900,l2401-C-7900,310.5,0.0,0.0,0.0,1,24.0,0.0,0,310.5,0.0,0.0,0.0,0.0,0.0,4
2023-05-11 13:35:24,l2401-C-7900,l2401-C-7900,310.5,0.0,0.0,0.0,10,24.5,0.0,0,310.5,0.0,0.0,0.0,0.0,0.0,4
2023-05-11 13:35:37,l2401-C-7900,l2401-C-7900,310.5,0.0,0.0,0.0,1,25.0,0.0,0,310.5,0.0,0.0,0.0,0.0,0.0,4
2023-05-11 13:35:37,l2401-C-7900,l2401-C-7900,310.5,0.0,0.0,0.0,10,25.5,0.0,0,310.5,0.0,0.0,0.0,0.0,0.0,4
2023-05-11 13:35:42,l2401-C-7900,l2401-C-7900,310.5,0.0,0.0,0.0,1,26.0,0.0,0,310.5,0.0,0.0,0.0,0.0,0.0,4
2023-05-11 13:35:42,l2401-C-7900,l2401-C-7900,310.5,0.0,0.0,0.0,10,26.5,0.0,0,310.5,0.0,0.0,0.0,0.0,0.0,4
2023-05-11 13:36:03,l2401-C-7900,l2401-C-7900,310.5,0.0,0.0,0.0,1,27.0,0.0,0,310.5,0.0,0.0,0.0,0.0,0.0,4
2023-05-11 13:36:03,l2401-C-7900,l2401-C-7900,310.5,0.0,0.0,0.0,10,27.5,0.0,0,310.5,0.0,0.0,0.0,0.0,0.0,4
2023-05-11 13:36:54,l2401-C-7900,l2401-C-7900,310.5,0.0,0.0,0.0,1,28.0,0.0,0,310.5,0.0,0.0,0.0,0.0,0.0,4
2023-05-11 13:36:55,l2401-C-7900,l2401-C-7900,310.5,0.0,0.0,0.0,10,28.5,0.0,0,310.5,0.0,0.0,0.0,0.0,0.0,4
2023-05-11 13:37:04,l2401-C-7900,l2401-C-7900,310.5,0.0,0.0,0.0,1,29.0,0.0,0,310.5,0.0,0.0,0.0,0.0,0.0,4
2023-05-11 13:37:04,l2401-C-7900,l2401-C-7900,310.5,0.0,0.0,0.0,10,29.5,0.0,0,310.5,0.0,0.0,0.0,0.0,0.0,4
2023-05-11 13:38:09,l2401-C-7900,l2401-C-7900,310.5,0.0,0.0,0.0,1,30.0,0.0,0,310.5,0.0,0.0,0.0,0.0,0.0,4
2023-05-11 13:38:09,l2401-C-7900,l2401-C-7900,310.5,0.0,0.0,0.0,10,30.5,0.0,0,310.5,0.0,0.0,0.0,0.0,0.0,4
2023-05-11 13:39:11,l2401-C-7900,l2401-C-7900,310.5,0.0,0.0,0.0,1,31.0,0.0,0,310.5,0.0,0.0,0.0,0.0,0.0,4
2023-05-11 13:39:11,l2401-C-7900,l2401-C-7900,310.5,0.0,0.0,0.0,10,31.5,0.0,0,310.5,0.0,0.0,0.0,0.0,0.0,4
2023-05-11 13:39:13,l2401-C-7900,l2401-C-7900,310.5,0.0,0.0,0.0,1,32.0,0.0,0,310.5,0.0,0.0,0.0,0.0,0.0,4
2023-05-11 13:39:13,l2401-C-7900,l2401-C-7900,310.5,0.0,0.0,0.0,10,32.5,0.0,0,310.5,0.0,0.0,0.0,0.0,0.0,4
2023-05-11 13:39:15,l2401-C-7900,l2401-C-7900,310.5,0.0,0.0,0.0,1,33.0,0.0,0,310.5,0.0,0.0,0.0,0.0,0.0,4
2023-05-11 13:39:15,l2401-C-7900,l2401-C-7900,310.5,0.0,0.0,0.0,10,33.5,0.0,0,310.5,0.0,0.0,0.0,0.0,0.0,4
2023-05-11 13:39:17,l2401-C-7900,l2401-C-7900,310.5,0.0,0.0,0.0,1,34.0,0.0,0,310.5,0.0,0.0,0.0,0.0,0.0,4
2023-05-11 13:39:17,l2401-C-7900,l2401-C-7900,310.5,0.0,0.0,0.0,10,34.5,0.0,0,310.5,0.0,0.0,0.0,0.0,0.0,4
2023-05-11 13:39:19,l2401-C-7900,l2401-C-7900,310.5,0.0,0.0,0.0,1,35.0,0.0,0,310.5,0.0,0.0,0.0,0.0,0.0,4
2023-05-11 13:39:19,l2401-C-7900,l2401-C-7900,310.5,0.0,0.0,0.0,10,35.5,0.0,0,310.5,0.0,0.0,0.0,0.0,0.0,4
2023-05-11 13:39:21,l2401-C-7900,l2401-C-7900,310.5,0.0,0.0,0.0,1,36.0,0.0,0,310.5,0.0,0.0,0.0,0.0,0.0,4
2023-05-11 13:39:21,l2401-C-7900,l2401-C-7900,310.5,0.0,0.0,0.0,10,36.5,0.0,0,310.5,0.0,0.0,0.0,0.0,0.0,4
2023-05-11 13:39:23,l2401-C-7900,l2401-C-7900,310.5,0.0,0.0,0.0,1,37.0,0.0,0,310.5,0.0,0.0,0.0,0.0,0.0,4
2023-05-11 13:39:23,l2401-C-7900,l2401-C-7900,310.5,0.0,0.0,0.0,10,37.5,0.0,0,310.5,0.0,0.0,0.0,0.0,0.0,4
2023-05-11 13:39:24,l2401-C-7900,l2401-C-7900,310.5,0.0,0.0,0.0,1,38.0,0.0,0,310.5,0.0,0.0,0.0,0.0,0.0,4
2023-05-11 13:39:24,l2401-C-7900,l2401-C-7900,310.5,0.0,0.0,0.0,10,38.5,0.0,0,310.5,0.0,0.0,0.0,0.0,0.0,4
2023-05-11 13:39:26,l2401-C-7900,l2401-C-7900,310.5,0.0,0.0,0.0,1,39.0,0.0,0,310.5,0.0,0.0,0.0,0.0,0.0,4
2023-05-11 13:39:26,l2401-C-7900,l2401-C-7900,310.5,0.0,0.0,0.0,10,39.5,0.0,0,310.5,0.0,0.0,0.0,0.0,0.0,4
2023-05-11 13:39:28,l2401-C-7900,l2401-C-7900,310.5,0.0,0.0,0.0,1,40.0,0.0,0,310.5,0.0,0.0,0.0,0.0,0.0,4
2023-05-11 13:39:28,l2401-C-7900,l2401-C-7900,310.5,0.0,0.0,0.0,10,40.5,0.0,0,310.5,0.0,0.0,0.0,0.0,0.0,4
2023-05-11 13:39:30,l2401-C-7900,l2401-C-7900,310.5,0.0,0.0,0.0,1,41.0,0.0,0,310.5,0.0,0.0,0.0,0.0,0.0,4
2023-05-11 13:39:30,l2401-C-7900,l2401-C-7900,310.5,0.0,0.0,0.0,10,41.5,0.0,0,310.5,0.0,0.0,0.0,0.0,0.0,4
2023-05-11 13:39:31,l2401-C-7900,l2401-C-7900,310.5,0.0,0.0,0.0,1,45.0,0.0,0,310.5,0.0,0.0,0.0,0.0,0.0,4
2023-05-11 13:39:31,l2401-C-7900,l2401-C-7900,310.5,0.0,0.0,0.0,10,45.5,0.0,0,310.5,0.0,0.0,0.0,0.0,0.0,4
2023-05-11 13:39:33,l2401-C-7900,l2401-C-7900,310.5,0.0,0.0,0.0,1,46.0,0.0,0,310.5,0.0,0.0,0.0,0.0,0.0,4
2023-05-11 13:39:33,l2401-C-7900,l2401-C-7900,310.5,0.0,0.0,0.0,10,46.5,0.0,0,310.5,0.0,0.0,0.0,0.0,0.0,4
2023-05-11 13:39:34,l2401-C-7900,l2401-C-7900,310.5,0.0,0.0,0.0,1,47.0,0.0,0,310.5,0.0,0.0,0.0,0.0,0.0,4
2023-05-11 13:39:34,l2401-C-7900,l2401-C-7900,310.5,0.0,0.0,0.0,10,47.5,0.0,0,310.5,0.0,0.0,0.0,0.0,0.0,4
2023-05-11 13:39:36,l2401-C-7900,l2401-C-7900,310.5,0.0,0.0,0.0,1,48.0,0.0,0,310.5,0.0,0.0,0.0,0.0,0.0,4
2023-05-11 13:39:36,l2401-C-7900,l2401-C-7900,310.5,0.0,0.0,0.0,10,48.5,0.0,0,310.5,0.0,0.0,0.0,0.0,0.0,4
2023-05-11 13:39:38,l2401-C-7900,l2401-C-7900,310.5,0.0,0.0,0.0,1,49.0,0.0,0,310.5,0.0,0.0,0.0,0.0,0.0,4
2023-05-11 13:39:38,l2401-C-7900,l2401-C-7900,310.5,0.0,0.0,0.0,10,49.5,0.0,0,310.5,0.0,0.0,0.0,0.0,0.0,4
2023-05-11 13:39:39,l2401-C-7900,l2401-C-7900,310.5,0.0,0.0,0.0,1,50.0,0.0,0,310.5,0.0,0.0,0.0,0.0,0.0,4
2023-05-11 13:39:39,l2401-C-7900,l2401-C-7900,310.5,0.0,0.0,0.0,10,50.5,0.0,0,310.5,0.0,0.0,0.0,0.0,0.0,4
2023-05-11 13:39:41,l2401-C-7900,l2401-C-7900,310.5,0.0,0.0,0.0,1,51.0,0.0,0,310.5,0.0,0.0,0.0,0.0,0.0,4
2023-05-11 13:39:41,l2401-C-7900,l2401-C-7900,310.5,0.0,0.0,0.0,10,51.5,0.0,0,310.5,0.0,0.0,0.0,0.0,0.0,4
2023-05-11 13:39:42,l2401-C-7900,l2401-C-7900,310.5,0.0,0.0,0.0,1,52.0,0.0,0,310.5,0.0,0.0,0.0,0.0,0.0,4
2023-05-11 13:39:42,l2401-C-7900,l2401-C-7900,310.5,0.0,0.0,0.0,10,52.5,0.0,0,310.5,0.0,0.0,0.0,0.0,0.0,4
2023-05-11 13:39:43,l2401-C-7900,l2401-C-7900,310.5,0.0,0.0,0.0,1,53.0,0.0,0,310.5,0.0,0.0,0.0,0.0,0.0,4
2023-05-11 13:39:43,l2401-C-7900,l2401-C-7900,310.5,0.0,0.0,0.0,10,53.5,0.0,0,310.5,0.0,0.0,0.0,0.0,0.0,4
2023-05-11 13:39:45,l2401-C-7900,l2401-C-7900,310.5,0.0,0.0,0.0,1,54.0,0.0,0,310.5,0.0,0.0,0.0,0.0,0.0,4
2023-05-11 13:39:45,l2401-C-7900,l2401-C-7900,310.5,0.0,0.0,0.0,10,54.5,0.0,0,310.5,0.0,0.0,0.0,0.0,0.0,4
2023-05-11 13:39:46,l2401-C-7900,l2401-C-7900,310.5,0.0,0.0,0.0,1,55.0,0.0,0,310.5,0.0,0.0,0.0,0.0,0.0,4
2023-05-11 13:39:46,l2401-C-7900,l2401-C-7900,310.5,0.0,0.0,0.0,10,55.5,0.0,0,310.5,0.0,0.0,0.0,0.0,0.0,4
2023-05-11 13:39:48,l2401-C-7900,l2401-C-7900,310.5,0.0,0.0,0.0,1,56.0,0.0,0,310.5,0.0,0.0,0.0,0.0,0.0,4
2023-05-11 13:39:48,l2401-C-7900,l2401-C-7900,310.5,0.0,0.0,0.0,10,56.5,0.0,0,310.5,0.0,0.0,0.0,0.0,0.0,4
2023-05-11 13:39:49,l2401-C-7900,l2401-C-7900,310.5,0.0,0.0,0.0,1,57.0,0.0,0,310.5,0.0,0.0,0.0,0.0,0.0,4
2023-05-11 13:39:49,l2401-C-7900,l2401-C-7900,310.5,0.0,0.0,0.0,10,57.5,0.0,0,310.5,0.0,0.0,0.0,0.0,0.0,4
2023-05-11 13:39:50,l2401-C-7900,l2401-C-7900,310.5,0.0,0.0,0.0,1,58.0,0.0,0,310.5,0.0,0.0,0.0,0.0,0.0,4
2023-05-11 13:39:50,l2401-C-7900,l2401-C-7900,310.5,0.0,0.0,0.0,10,58.5,0.0,0,310.5,0.0,0.0,0.0,0.0,0.0,4
2023-05-11 13:39:52,l2401-C-7900,l2401-C-7900,310.5,0.0,0.0,0.0,1,59.0,0.0,0,310.5,0.0,0.0,0.0,0.0,0.0,4
2023-05-11 13:39:52,l2401-C-7900,l2401-C-7900,310.5,0.0,0.0,0.0,10,59.5,0.0,0,310.5,0.0,0.0,0.0,0.0,0.0,4
2023-05-11 13:39:53,l2401-C-7900,l2401-C-7900,310.5,0.0,0.0,0.0,1,60.0,0.0,0,310.5,0.0,0.0,0.0,0.0,0.0,4
2023-05-11 13:39:53,l2401-C-7900,l2401-C-7900,310.5,0.0,0.0,0.0,10,60.5,0.0,0,310.5,0.0,0.0,0.0,0.0,0.0,4
2023-05-11 13:39:55,l2401-C-7900,l2401-C-7900,310.5,0.0,0.0,0.0,1,61.0,0.0,0,310.5,0.0,0.0,0.0,0.0,0.0,4
2023-05-11 13:39:55,l2401-C-7900,l2401-C-7900,310.5,0.0,0.0,0.0,10,61.5,0.0,0,310.5,0.0,0.0,0.0,0.0,0.0,4
2023-05-11 13:39:56,l2401-C-7900,l2401-C-7900,310.5,0.0,0.0,0.0,1,62.0,0.0,0,310.5,0.0,0.0,0.0,0.0,0.0,4
2023-05-11 13:39:56,l2401-C-7900,l2401-C-7900,310.5,0.0,0.0,0.0,10,62.5,0.0,0,310.5,0.0,0.0,0.0,0.0,0.0,4
2023-05-11 13:40:01,l2401-C-7900,l2401-C-7900,310.5,0.0,0.0,0.0,1,63.0,0.0,0,310.5,0.0,0.0,0.0,0.0,0.0,4
2023-05-11 13:40:01,l2401-C-7900,l2401-C-7900,310.5,0.0,0.0,0.0,10,63.5,0.0,0,310.5,0.0,0.0,0.0,0.0,0.0,4
2023-05-11 13:40:03,l2401-C-7900,l2401-C-7900,310.5,0.0,0.0,0.0,1,64.0,0.0,0,310.5,0.0,0.0,0.0,0.0,0.0,4
2023-05-11 13:40:03,l2401-C-7900,l2401-C-7900,310.5,0.0,0.0,0.0,10,64.5,0.0,0,310.5,0.0,0.0,0.0,0.0,0.0,4
2023-05-11 13:40:04,l2401-C-7900,l2401-C-7900,310.5,0.0,0.0,0.0,1,65.0,0.0,0,310.5,0.0,0.0,0.0,0.0,0.0,4
2023-05-11 13:40:04,l2401-C-7900,l2401-C-7900,310.5,0.0,0.0,0.0,10,65.5,0.0,0,310.5,0.0,0.0,0.0,0.0,0.0,4
2023-05-11 13:40:05,l2401-C-7900,l2401-C-7900,310.5,0.0,0.0,0.0,1,66.0,0.0,0,310.5,0.0,0.0,0.0,0.0,0.0,4
2023-05-11 13:40:05,l2401-C-7900,l2401-C-7900,310.5,0.0,0.0,0.0,10,66.5,0.0,0,310.5,0.0,0.0,0.0,0.0,0.0,4
2023-05-11 13:40:06,l2401-C-7900,l2401-C-7900,310.5,0.0,0.0,0.0,1,67.0,0.0,0,310.5,0.0,0.0,0.0,0.0,0.0,4
2023-05-11 13:40:06,l2401-C-7900,l2401-C-7900,310.5,0.0,0.0,0.0,10,67.5,0.0,0,310.5,0.0,0.0,0.0,0.0,0.0,4
2023-05-11 13:40:07,l2401-C-7900,l2401-C-7900,310.5,0.0,0.0,0.0,1,68.0,0.0,0,310.5,0.0,0.0,0.0,0.0,0.0,4
2023-05-11 13:40:07,l2401-C-7900,l2401-C-7900,310.5,0.0,0.0,0.0,10,68.5,0.0,0,310.5,0.0,0.0,0.0,0.0,0.0,4
2023-05-11 13:40:08,l2401-C-7900,l2401-C-7900,310.5,0.0,0.0,0.0,1,69.0,0.0,0,310.5,0.0,0.0,0.0,0.0,0.0,4
2023-05-11 13:40:08,l2401-C-7900,l2401-C-7900,310.5,0.0,0.0,0.0,10,69.5,0.0,0,310.5,0.0,0.0,0.0,0.0,0.0,4
2023-05-11 13:40:09,l2401-C-7900,l2401-C-7900,310.5,0.0,0.0,0.0,1,70.0,0.0,0,310.5,0.0,0.0,0.0,0.0,0.0,4
2023-05-11 13:40:09,l2401-C-7900,l2401-C-7900,310.5,0.0,0.0,0.0,10,70.5,0.0,0,310.5,0.0,0.0,0.0,0.0,0.0,4
2023-05-11 13:40:10,l2401-C-7900,l2401-C-7900,310.5,0.0,0.0,0.0,1,71.0,0.0,0,310.5,0.0,0.0,0.0,0.0,0.0,4
2023-05-11 13:40:10,l2401-C-7900,l2401-C-7900,310.5,0.0,0.0,0.0,10,71.5,0.0,0,310.5,0.0,0.0,0.0,0.0,0.0,4
2023-05-11 13:40:11,l2401-C-7900,l2401-C-7900,310.5,0.0,0.0,0.0,1,72.0,0.0,0,310.5,0.0,0.0,0.0,0.0,0.0,4
2023-05-11 13:40:11,l2401-C-7900,l2401-C-7900,310.5,0.0,0.0,0.0,10,72.5,0.0,0,310.5,0.0,0.0,0.0,0.0,0.0,4
2023-05-11 13:56:50,l2401-C-7900,l2401-C-7900,310.5,0.0,0.0,0.0,1,251.5,268.0,1,310.5,0.0,0.0,0.0,0.0,0.0,4
2023-05-11 13:56:55,l2401-C-7900,l2401-C-7900,310.5,0.0,0.0,0.0,2,251.5,268.0,2,310.5,0.0,0.0,0.0,0.0,0.0,4
2023-05-11 13:57:01,l2401-C-7900,l2401-C-7900,310.5,0.0,0.0,0.0,1,251.5,268.0,1,310.5,0.0,0.0,0.0,0.0,0.0,4
2023-05-11 13:57:03,l2401-C-7900,l2401-C-7900,310.5,0.0,0.0,0.0,1,251.5,261.0,5,310.5,0.0,0.0,0.0,0.0,0.0,4
2023-05-11 13:57:04,l2401-C-7900,l2401-C-7900,310.5,0.0,0.0,0.0,1,251.5,261.0,6,310.5,0.0,0.0,0.0,0.0,0.0,4
2023-05-11 13:57:07,l2401-C-7900,l2401-C-7900,310.5,0.0,0.0,0.0,1,249.5,261.0,6,310.5,0.0,0.0,0.0,0.0,0.0,4
2023-05-11 13:57:14,l2401-C-7900,l2401-C-7900,310.5,0.0,0.0,0.0,1,249.5,266.5,1,310.5,0.0,0.0,0.0,0.0,0.0,4
2023-05-11 13:57:15,l2401-C-7900,l2401-C-7900,310.5,0.0,0.0,0.0,1,13.0,0.0,0,310.5,0.0,0.0,0.0,0.0,0.0,4
2023-05-11 13:57:15,l2401-C-7900,l2401-C-7900,310.5,0.0,0.0,0.0,10,13.5,0.0,0,310.5,0.0,0.0,0.0,0.0,0.0,4
2023-05-11 14:13:07,l2401-C-7900,l2401-C-7900,310.5,0.0,0.0,0.0,1,14.0,0.0,0,310.5,0.0,0.0,0.0,0.0,0.0,4
2023-05-11 14:13:07,l2401-C-7900,l2401-C-7900,310.5,0.0,0.0,0.0,10,14.5,0.0,0,310.5,0.0,0.0,0.0,0.0,0.0,4
2023-05-11 14:54:21,l2401-C-7900,l2401-C-7900,310.5,0.0,0.0,0.0,1,15.0,0.0,0,310.5,0.0,0.0,0.0,0.0,0.0,4
2023-05-11 14:54:21,l2401-C-7900,l2401-C-7900,310.5,0.0,0.0,0.0,10,15.5,0.0,0,310.5,0.0,0.0,0.0,0.0,0.0,4
2023-05-11 14:56:45,l2401-C-7900,l2401-C-7900,310.5,0.0,0.0,0.0,1,15.0,0.0,0,310.5,0.0,0.0,0.0,0.0,0.0,4
2023-05-11 14:59:02,l2401-C-7900,l2401-C-7900,310.5,0.0,0.0,0.0,10,15.5,0.0,0,310.5,0.0,0.0,0.0,0.0,0.0,4
2023-05-11 14:59:54,l2401-C-7900,l2401-C-7900,310.5,0.0,0.0,0.0,1,15.0,0.0,0,310.5,0.0,0.0,0.0,0.0,0.0,4
2023-05-11 15:01:10,l2401-C-7900,l2401-C-7900,310.5,0.0,0.0,0.0,1,15.0,0.0,0,310.5,0.0,0.0,0.0,0.0,0.0,4
