time,symbol_id,symbol_name,last,trade_volume,trade_amount,open_interest_change,bv1,bp1,ap1,av1,yesterday_close,today_open,today_high,today_low,volume,amount,open_interest
2023-05-10 09:29:00,IO2312-P-4100,IO2312-P-4100,224.4,0.0,0.0,0.0,1,213.8,266.0,1,224.4,248.2,0.0,0.0,0.0,0.0,237
2023-05-10 09:30:00,IO2312-P-4100,IO2312-P-4100,224.4,0.0,0.0,0.0,1,213.8,265.8,6,224.4,248.2,0.0,0.0,0.0,0.0,237
2023-05-10 09:30:01,IO2312-P-4100,IO2312-P-4100,224.4,0.0,0.0,0.0,1,215.6,260.6,1,224.4,248.2,0.0,0.0,0.0,0.0,237
2023-05-10 09:30:01,IO2312-P-4100,IO2312-P-4100,224.4,0.0,0.0,0.0,6,215.8,260.4,6,224.4,248.2,0.0,0.0,0.0,0.0,237
2023-05-10 09:30:02,IO2312-P-4100,IO2312-P-4100,224.4,0.0,0.0,0.0,6,215.8,260.6,1,224.4,248.2,0.0,0.0,0.0,0.0,237
2023-05-10 09:30:03,IO2312-P-4100,IO2312-P-4100,224.4,0.0,0.0,0.0,1,216.8,261.4,6,224.4,248.2,0.0,0.0,0.0,0.0,237
2023-05-10 09:30:03,IO2312-P-4100,IO2312-P-4100,224.4,0.0,0.0,0.0,1,216.8,261.6,6,224.4,248.2,0.0,0.0,0.0,0.0,237
2023-05-10 09:30:05,IO2312-P-4100,IO2312-P-4100,224.4,0.0,0.0,0.0,1,224.8,261.6,6,224.4,248.2,0.0,0.0,0.0,0.0,237
2023-05-10 09:30:05,IO2312-P-4100,IO2312-P-4100,224.4,0.0,0.0,0.0,1,224.8,261.6,7,224.4,248.2,0.0,0.0,0.0,0.0,237
2023-05-10 09:30:06,IO2312-P-4100,IO2312-P-4100,224.4,0.0,0.0,0.0,1,224.8,261.4,6,224.4,248.2,0.0,0.0,0.0,0.0,237
2023-05-10 09:30:06,IO2312-P-4100,IO2312-P-4100,224.4,0.0,0.0,0.0,1,224.8,260.8,1,224.4,248.2,0.0,0.0,0.0,0.0,237
2023-05-10 09:30:07,IO2312-P-4100,IO2312-P-4100,224.4,0.0,0.0,0.0,1,224.8,260.6,6,224.4,248.2,0.0,0.0,0.0,0.0,237
2023-05-10 09:30:13,IO2312-P-4100,IO2312-P-4100,224.4,0.0,0.0,0.0,1,215.8,260.6,6,224.4,248.2,0.0,0.0,0.0,0.0,237
2023-05-10 09:30:15,IO2312-P-4100,IO2312-P-4100,224.4,0.0,0.0,0.0,6,216.0,260.8,1,224.4,248.2,0.0,0.0,0.0,0.0,237
2023-05-10 09:30:15,IO2312-P-4100,IO2312-P-4100,224.4,0.0,0.0,0.0,6,216.0,260.8,2,224.4,248.2,0.0,0.0,0.0,0.0,237
2023-05-10 09:30:18,IO2312-P-4100,IO2312-P-4100,224.4,0.0,0.0,0.0,1,215.8,260.6,6,224.4,248.2,0.0,0.0,0.0,0.0,237
2023-05-10 09:30:22,IO2312-P-4100,IO2312-P-4100,224.4,0.0,0.0,0.0,6,235.2,246.8,6,224.4,248.2,0.0,0.0,0.0,0.0,237
2023-05-10 09:30:22,IO2312-P-4100,IO2312-P-4100,224.4,0.0,0.0,0.0,6,229.2,246.6,6,224.4,248.2,0.0,0.0,0.0,0.0,237
2023-05-10 09:30:23,IO2312-P-4100,IO2312-P-4100,224.4,0.0,0.0,0.0,1,215.8,260.6,6,224.4,248.2,0.0,0.0,0.0,0.0,237
2023-05-10 09:30:24,IO2312-P-4100,IO2312-P-4100,224.4,0.0,0.0,0.0,1,215.8,260.8,2,224.4,248.2,0.0,0.0,0.0,0.0,237
2023-05-10 09:30:24,IO2312-P-4100,IO2312-P-4100,224.4,0.0,0.0,0.0,1,215.8,260.6,6,224.4,248.2,0.0,0.0,0.0,0.0,237
2023-05-10 09:30:25,IO2312-P-4100,IO2312-P-4100,224.4,0.0,0.0,0.0,6,234.0,244.6,6,224.4,248.2,0.0,0.0,0.0,0.0,237
2023-05-10 09:30:26,IO2312-P-4100,IO2312-P-4100,224.4,0.0,0.0,0.0,6,234.0,244.4,6,224.4,248.2,0.0,0.0,0.0,0.0,237
2023-05-10 09:30:26,IO2312-P-4100,IO2312-P-4100,224.4,0.0,0.0,0.0,6,233.8,244.4,12,224.4,248.2,0.0,0.0,0.0,0.0,237
2023-05-10 09:30:27,IO2312-P-4100,IO2312-P-4100,224.4,0.0,0.0,0.0,6,229.8,244.4,12,224.4,248.2,0.0,0.0,0.0,0.0,237
2023-05-10 09:30:27,IO2312-P-4100,IO2312-P-4100,224.4,0.0,0.0,0.0,6,229.6,244.4,6,224.4,248.2,0.0,0.0,0.0,0.0,237
2023-05-10 09:30:28,IO2312-P-4100,IO2312-P-4100,224.4,0.0,0.0,0.0,6,229.8,244.4,6,224.4,248.2,0.0,0.0,0.0,0.0,237
2023-05-10 09:30:29,IO2312-P-4100,IO2312-P-4100,224.4,0.0,0.0,0.0,6,230.8,244.4,6,224.4,248.2,0.0,0.0,0.0,0.0,237
2023-05-10 09:30:30,IO2312-P-4100,IO2312-P-4100,224.4,0.0,0.0,0.0,3,231.0,244.2,3,224.4,248.2,0.0,0.0,0.0,0.0,237
2023-05-10 09:30:31,IO2312-P-4100,IO2312-P-4100,224.4,0.0,0.0,0.0,3,231.0,244.0,6,224.4,248.2,0.0,0.0,0.0,0.0,237
2023-05-10 09:30:33,IO2312-P-4100,IO2312-P-4100,224.4,0.0,0.0,0.0,6,231.0,244.0,6,224.4,248.2,0.0,0.0,0.0,0.0,237
2023-05-10 09:30:34,IO2312-P-4100,IO2312-P-4100,224.4,0.0,0.0,0.0,6,234.6,244.2,6,224.4,248.2,0.0,0.0,0.0,0.0,237
2023-05-10 09:30:34,IO2312-P-4100,IO2312-P-4100,224.4,0.0,0.0,0.0,12,234.6,244.2,6,224.4,248.2,0.0,0.0,0.0,0.0,237
2023-05-10 09:30:36,IO2312-P-4100,IO2312-P-4100,224.4,0.0,0.0,0.0,6,234.8,244.4,1,224.4,248.2,0.0,0.0,0.0,0.0,237
2023-05-10 09:30:40,IO2312-P-4100,IO2312-P-4100,224.4,0.0,0.0,0.0,6,234.8,244.2,1,224.4,248.2,0.0,0.0,0.0,0.0,237
2023-05-10 09:30:48,IO2312-P-4100,IO2312-P-4100,224.4,0.0,0.0,0.0,6,234.8,244.6,6,224.4,248.2,0.0,0.0,0.0,0.0,237
2023-05-10 09:30:56,IO2312-P-4100,IO2312-P-4100,224.4,0.0,0.0,0.0,6,236.4,244.6,6,224.4,248.2,0.0,0.0,0.0,0.0,237
2023-05-10 09:31:02,IO2312-P-4100,IO2312-P-4100,224.4,0.0,0.0,0.0,6,238.2,244.6,6,224.4,248.2,0.0,0.0,0.0,0.0,237
2023-05-10 09:31:03,IO2312-P-4100,IO2312-P-4100,224.4,0.0,0.0,0.0,12,238.2,244.6,6,224.4,248.2,0.0,0.0,0.0,0.0,237
2023-05-10 09:31:05,IO2312-P-4100,IO2312-P-4100,224.4,0.0,0.0,0.0,6,238.4,244.6,6,224.4,248.2,0.0,0.0,0.0,0.0,237
2023-05-10 09:31:06,IO2312-P-4100,IO2312-P-4100,224.4,0.0,0.0,0.0,6,238.4,244.8,6,224.4,248.2,0.0,0.0,0.0,0.0,237
2023-05-10 09:31:06,IO2312-P-4100,IO2312-P-4100,224.4,0.0,0.0,0.0,6,238.4,245.6,12,224.4,248.2,0.0,0.0,0.0,0.0,237
2023-05-10 09:31:07,IO2312-P-4100,IO2312-P-4100,224.4,0.0,0.0,0.0,6,238.4,245.6,6,224.4,248.2,0.0,0.0,0.0,0.0,237
2023-05-10 09:31:09,IO2312-P-4100,IO2312-P-4100,224.4,0.0,0.0,0.0,6,240.0,245.6,6,224.4,248.2,0.0,0.0,0.0,0.0,237
2023-05-10 09:31:10,IO2312-P-4100,IO2312-P-4100,224.4,0.0,0.0,0.0,12,240.0,245.6,6,224.4,248.2,0.0,0.0,0.0,0.0,237
2023-05-10 09:31:16,IO2312-P-4100,IO2312-P-4100,224.4,0.0,0.0,0.0,6,240.0,245.6,6,224.4,248.2,0.0,0.0,0.0,0.0,237
2023-05-10 09:31:17,IO2312-P-4100,IO2312-P-4100,224.4,0.0,0.0,0.0,6,238.4,245.6,6,224.4,248.2,0.0,0.0,0.0,0.0,237
2023-05-10 09:31:20,IO2312-P-4100,IO2312-P-4100,224.4,0.0,0.0,0.0,6,238.4,245.8,12,224.4,248.2,0.0,0.0,0.0,0.0,237
2023-05-10 09:31:20,IO2312-P-4100,IO2312-P-4100,224.4,0.0,0.0,0.0,6,238.4,246.4,12,224.4,248.2,0.0,0.0,0.0,0.0,237
2023-05-10 09:31:21,IO2312-P-4100,IO2312-P-4100,224.4,0.0,0.0,0.0,6,238.4,246.4,6,224.4,248.2,0.0,0.0,0.0,0.0,237
2023-05-10 09:31:24,IO2312-P-4100,IO2312-P-4100,224.4,0.0,0.0,0.0,6,238.4,247.0,18,224.4,248.2,0.0,0.0,0.0,0.0,237
2023-05-10 09:31:24,IO2312-P-4100,IO2312-P-4100,224.4,0.0,0.0,0.0,6,238.4,247.0,12,224.4,248.2,0.0,0.0,0.0,0.0,237
2023-05-10 09:31:25,IO2312-P-4100,IO2312-P-4100,224.4,0.0,0.0,0.0,6,238.4,247.0,6,224.4,248.2,0.0,0.0,0.0,0.0,237
2023-05-10 09:31:30,IO2312-P-4100,IO2312-P-4100,224.4,0.0,0.0,0.0,6,241.0,247.0,6,224.4,248.2,0.0,0.0,0.0,0.0,237
2023-05-10 09:31:30,IO2312-P-4100,IO2312-P-4100,224.4,0.0,0.0,0.0,12,241.0,247.0,6,224.4,248.2,0.0,0.0,0.0,0.0,237
2023-05-10 09:31:32,IO2312-P-4100,IO2312-P-4100,224.4,0.0,0.0,0.0,12,241.0,247.0,7,224.4,248.2,0.0,0.0,0.0,0.0,237
2023-05-10 09:31:42,IO2312-P-4100,IO2312-P-4100,224.4,0.0,0.0,0.0,12,241.0,246.8,1,224.4,248.2,0.0,0.0,0.0,0.0,237
2023-05-10 09:31:47,IO2312-P-4100,IO2312-P-4100,224.4,0.0,0.0,0.0,6,241.0,246.8,1,224.4,248.2,0.0,0.0,0.0,0.0,237
2023-05-10 09:31:49,IO2312-P-4100,IO2312-P-4100,224.4,0.0,0.0,0.0,15,239.8,246.8,1,224.4,248.2,0.0,0.0,0.0,0.0,237
2023-05-10 09:31:51,IO2312-P-4100,IO2312-P-4100,224.4,0.0,0.0,0.0,12,239.8,246.8,1,224.4,248.2,0.0,0.0,0.0,0.0,237
2023-05-10 09:31:51,IO2312-P-4100,IO2312-P-4100,224.4,0.0,0.0,0.0,6,239.8,246.8,1,224.4,248.2,0.0,0.0,0.0,0.0,237
2023-05-10 09:31:52,IO2312-P-4100,IO2312-P-4100,224.4,0.0,0.0,0.0,6,239.8,246.6,1,224.4,248.2,0.0,0.0,0.0,0.0,237
2023-05-10 09:32:01,IO2312-P-4100,IO2312-P-4100,224.4,0.0,0.0,0.0,12,239.2,246.6,1,224.4,248.2,0.0,0.0,0.0,0.0,237
2023-05-10 09:32:02,IO2312-P-4100,IO2312-P-4100,224.4,0.0,0.0,0.0,6,239.2,246.6,1,224.4,248.2,0.0,0.0,0.0,0.0,237
2023-05-10 09:32:02,IO2312-P-4100,IO2312-P-4100,224.4,0.0,0.0,0.0,6,239.2,246.4,1,224.4,248.2,0.0,0.0,0.0,0.0,237
2023-05-10 09:32:07,IO2312-P-4100,IO2312-P-4100,224.4,0.0,0.0,0.0,6,239.2,247.0,10,224.4,248.2,0.0,0.0,0.0,0.0,237
2023-05-10 09:32:07,IO2312-P-4100,IO2312-P-4100,224.4,0.0,0.0,0.0,6,239.2,247.0,9,224.4,248.2,0.0,0.0,0.0,0.0,237
2023-05-10 09:32:19,IO2312-P-4100,IO2312-P-4100,224.4,0.0,0.0,0.0,6,239.0,247.0,9,224.4,248.2,0.0,0.0,0.0,0.0,237
2023-05-10 09:32:26,IO2312-P-4100,IO2312-P-4100,224.4,0.0,0.0,0.0,9,239.0,247.0,9,224.4,248.2,0.0,0.0,0.0,0.0,237
2023-05-10 09:32:27,IO2312-P-4100,IO2312-P-4100,224.4,0.0,0.0,0.0,9,239.0,247.0,10,224.4,248.2,0.0,0.0,0.0,0.0,237
2023-05-10 09:32:37,IO2312-P-4100,IO2312-P-4100,224.4,0.0,0.0,0.0,9,239.0,246.8,1,224.4,248.2,0.0,0.0,0.0,0.0,237
2023-05-10 09:32:47,IO2312-P-4100,IO2312-P-4100,224.4,0.0,0.0,0.0,9,239.0,246.6,1,224.4,248.2,0.0,0.0,0.0,0.0,237
2023-05-10 09:32:52,IO2312-P-4100,IO2312-P-4100,224.4,0.0,0.0,0.0,1,239.8,246.6,1,224.4,248.2,0.0,0.0,0.0,0.0,237
2023-05-10 09:32:53,IO2312-P-4100,IO2312-P-4100,224.4,0.0,0.0,0.0,9,239.6,246.6,1,224.4,248.2,0.0,0.0,0.0,0.0,237
2023-05-10 09:32:54,IO2312-P-4100,IO2312-P-4100,224.4,0.0,0.0,0.0,6,239.6,246.6,1,224.4,248.2,0.0,0.0,0.0,0.0,237
2023-05-10 09:32:57,IO2312-P-4100,IO2312-P-4100,224.4,0.0,0.0,0.0,21,239.4,245.4,1,224.4,248.2,0.0,0.0,0.0,0.0,237
2023-05-10 09:32:58,IO2312-P-4100,IO2312-P-4100,224.4,0.0,0.0,0.0,15,239.4,245.4,1,224.4,248.2,0.0,0.0,0.0,0.0,237
2023-05-10 09:32:58,IO2312-P-4100,IO2312-P-4100,224.4,0.0,0.0,0.0,15,239.4,245.4,7,224.4,248.2,0.0,0.0,0.0,0.0,237
2023-05-10 09:33:00,IO2312-P-4100,IO2312-P-4100,224.4,0.0,0.0,0.0,9,239.4,245.4,7,224.4,248.2,0.0,0.0,0.0,0.0,237
2023-05-10 09:33:01,IO2312-P-4100,IO2312-P-4100,224.4,0.0,0.0,0.0,18,238.8,245.4,7,224.4,248.2,0.0,0.0,0.0,0.0,237
2023-05-10 09:33:01,IO2312-P-4100,IO2312-P-4100,224.4,0.0,0.0,0.0,12,238.8,245.4,7,224.4,248.2,0.0,0.0,0.0,0.0,237
2023-05-10 09:33:02,IO2312-P-4100,IO2312-P-4100,224.4,0.0,0.0,0.0,9,238.8,245.4,7,224.4,248.2,0.0,0.0,0.0,0.0,237
2023-05-10 09:33:03,IO2312-P-4100,IO2312-P-4100,224.4,0.0,0.0,0.0,9,238.8,244.6,1,224.4,248.2,0.0,0.0,0.0,0.0,237
2023-05-10 09:33:06,IO2312-P-4100,IO2312-P-4100,224.4,0.0,0.0,0.0,1,239.0,244.8,3,224.4,248.2,0.0,0.0,0.0,0.0,237
2023-05-10 09:33:06,IO2312-P-4100,IO2312-P-4100,224.4,0.0,0.0,0.0,1,239.0,245.4,8,224.4,248.2,0.0,0.0,0.0,0.0,237
2023-05-10 09:33:07,IO2312-P-4100,IO2312-P-4100,224.4,0.0,0.0,0.0,6,239.2,245.4,10,224.4,248.2,0.0,0.0,0.0,0.0,237
2023-05-10 09:33:08,IO2312-P-4100,IO2312-P-4100,224.4,0.0,0.0,0.0,1,239.6,245.4,10,224.4,248.2,0.0,0.0,0.0,0.0,237
2023-05-10 09:33:10,IO2312-P-4100,IO2312-P-4100,224.4,0.0,0.0,0.0,9,239.4,245.4,10,224.4,248.2,0.0,0.0,0.0,0.0,237
2023-05-10 09:33:12,IO2312-P-4100,IO2312-P-4100,224.4,0.0,0.0,0.0,3,239.4,245.4,10,224.4,248.2,0.0,0.0,0.0,0.0,237
2023-05-10 09:33:12,IO2312-P-4100,IO2312-P-4100,224.4,0.0,0.0,0.0,6,239.2,244.6,1,224.4,248.2,0.0,0.0,0.0,0.0,237
2023-05-10 09:33:13,IO2312-P-4100,IO2312-P-4100,224.4,0.0,0.0,0.0,30,238.8,244.6,1,224.4,248.2,0.0,0.0,0.0,0.0,237
2023-05-10 09:33:13,IO2312-P-4100,IO2312-P-4100,224.4,0.0,0.0,0.0,21,238.8,244.6,1,224.4,248.2,0.0,0.0,0.0,0.0,237
2023-05-10 09:33:14,IO2312-P-4100,IO2312-P-4100,224.4,0.0,0.0,0.0,18,238.8,244.6,1,224.4,248.2,0.0,0.0,0.0,0.0,237
2023-05-10 09:33:15,IO2312-P-4100,IO2312-P-4100,224.4,0.0,0.0,0.0,12,238.8,244.6,1,224.4,248.2,0.0,0.0,0.0,0.0,237
2023-05-10 09:33:15,IO2312-P-4100,IO2312-P-4100,224.4,0.0,0.0,0.0,6,238.8,244.6,1,224.4,248.2,0.0,0.0,0.0,0.0,237
2023-05-10 09:33:17,IO2312-P-4100,IO2312-P-4100,224.4,0.0,0.0,0.0,9,238.6,244.6,1,224.4,248.2,0.0,0.0,0.0,0.0,237
2023-05-10 09:33:17,IO2312-P-4100,IO2312-P-4100,224.4,0.0,0.0,0.0,30,238.2,244.6,1,224.4,248.2,0.0,0.0,0.0,0.0,237
2023-05-10 09:33:18,IO2312-P-4100,IO2312-P-4100,224.4,0.0,0.0,0.0,18,238.2,244.6,1,224.4,248.2,0.0,0.0,0.0,0.0,237
2023-05-10 09:33:18,IO2312-P-4100,IO2312-P-4100,224.4,0.0,0.0,0.0,12,238.2,244.6,1,224.4,248.2,0.0,0.0,0.0,0.0,237
2023-05-10 09:33:19,IO2312-P-4100,IO2312-P-4100,224.4,0.0,0.0,0.0,6,238.2,244.6,1,224.4,248.2,0.0,0.0,0.0,0.0,237
2023-05-10 09:33:20,IO2312-P-4100,IO2312-P-4100,224.4,0.0,0.0,0.0,27,238.0,244.6,2,224.4,248.2,0.0,0.0,0.0,0.0,237
2023-05-10 09:33:20,IO2312-P-4100,IO2312-P-4100,224.4,0.0,0.0,0.0,27,238.0,243.0,1,224.4,248.2,0.0,0.0,0.0,0.0,237
2023-05-10 09:33:21,IO2312-P-4100,IO2312-P-4100,224.4,0.0,0.0,0.0,18,238.0,243.0,7,224.4,248.2,0.0,0.0,0.0,0.0,237
2023-05-10 09:33:21,IO2312-P-4100,IO2312-P-4100,224.4,0.0,0.0,0.0,12,238.0,243.0,7,224.4,248.2,0.0,0.0,0.0,0.0,237
2023-05-10 09:33:22,IO2312-P-4100,IO2312-P-4100,224.4,0.0,0.0,0.0,6,238.0,243.0,7,224.4,248.2,0.0,0.0,0.0,0.0,237
2023-05-10 09:33:24,IO2312-P-4100,IO2312-P-4100,224.4,0.0,0.0,0.0,15,237.8,243.0,7,224.4,248.2,0.0,0.0,0.0,0.0,237
2023-05-10 09:33:25,IO2312-P-4100,IO2312-P-4100,224.4,0.0,0.0,0.0,6,237.8,243.0,7,224.4,248.2,0.0,0.0,0.0,0.0,237
2023-05-10 09:33:25,IO2312-P-4100,IO2312-P-4100,224.4,0.0,0.0,0.0,36,237.4,243.0,7,224.4,248.2,0.0,0.0,0.0,0.0,237
2023-05-10 09:33:26,IO2312-P-4100,IO2312-P-4100,224.4,0.0,0.0,0.0,27,237.4,243.0,7,224.4,248.2,0.0,0.0,0.0,0.0,237
2023-05-10 09:33:27,IO2312-P-4100,IO2312-P-4100,224.4,0.0,0.0,0.0,24,237.4,243.0,7,224.4,248.2,0.0,0.0,0.0,0.0,237
2023-05-10 09:33:28,IO2312-P-4100,IO2312-P-4100,224.4,0.0,0.0,0.0,21,237.4,243.0,7,224.4,248.2,0.0,0.0,0.0,0.0,237
2023-05-10 09:33:28,IO2312-P-4100,IO2312-P-4100,224.4,0.0,0.0,0.0,21,237.4,242.2,1,224.4,248.2,0.0,0.0,0.0,0.0,237
2023-05-10 09:33:30,IO2312-P-4100,IO2312-P-4100,224.4,0.0,0.0,0.0,18,237.4,242.2,1,224.4,248.2,0.0,0.0,0.0,0.0,237
2023-05-10 09:33:30,IO2312-P-4100,IO2312-P-4100,224.4,0.0,0.0,0.0,12,237.4,242.2,1,224.4,248.2,0.0,0.0,0.0,0.0,237
2023-05-10 09:33:31,IO2312-P-4100,IO2312-P-4100,224.4,0.0,0.0,0.0,6,237.4,242.2,1,224.4,248.2,0.0,0.0,0.0,0.0,237
2023-05-10 09:33:35,IO2312-P-4100,IO2312-P-4100,224.4,0.0,0.0,0.0,6,237.4,242.4,3,224.4,248.2,0.0,0.0,0.0,0.0,237
2023-05-10 09:33:35,IO2312-P-4100,IO2312-P-4100,224.4,0.0,0.0,0.0,6,237.4,242.6,18,224.4,248.2,0.0,0.0,0.0,0.0,237
2023-05-10 09:33:36,IO2312-P-4100,IO2312-P-4100,224.4,0.0,0.0,0.0,6,237.4,242.4,6,224.4,248.2,0.0,0.0,0.0,0.0,237
2023-05-10 09:33:36,IO2312-P-4100,IO2312-P-4100,224.4,0.0,0.0,0.0,6,237.4,242.4,3,224.4,248.2,0.0,0.0,0.0,0.0,237
2023-05-10 09:33:37,IO2312-P-4100,IO2312-P-4100,224.4,0.0,0.0,0.0,6,237.4,242.2,6,224.4,248.2,0.0,0.0,0.0,0.0,237
2023-05-10 09:33:37,IO2312-P-4100,IO2312-P-4100,224.4,0.0,0.0,0.0,6,237.4,242.8,6,224.4,248.2,0.0,0.0,0.0,0.0,237
2023-05-10 09:33:38,IO2312-P-4100,IO2312-P-4100,224.4,0.0,0.0,0.0,6,237.4,242.8,9,224.4,248.2,0.0,0.0,0.0,0.0,237
2023-05-10 09:33:38,IO2312-P-4100,IO2312-P-4100,224.4,0.0,0.0,0.0,6,237.4,242.6,6,224.4,248.2,0.0,0.0,0.0,0.0,237
2023-05-10 09:33:41,IO2312-P-4100,IO2312-P-4100,224.4,0.0,0.0,0.0,1,237.6,242.6,6,224.4,248.2,0.0,0.0,0.0,0.0,237
2023-05-10 09:33:44,IO2312-P-4100,IO2312-P-4100,224.4,0.0,0.0,0.0,6,237.4,242.6,6,224.4,248.2,0.0,0.0,0.0,0.0,237
2023-05-10 09:33:45,IO2312-P-4100,IO2312-P-4100,224.4,0.0,0.0,0.0,7,237.4,242.6,6,224.4,248.2,0.0,0.0,0.0,0.0,237
2023-05-10 09:33:47,IO2312-P-4100,IO2312-P-4100,224.4,0.0,0.0,0.0,1,237.8,242.6,6,224.4,248.2,0.0,0.0,0.0,0.0,237
2023-05-10 09:33:54,IO2312-P-4100,IO2312-P-4100,224.4,0.0,0.0,0.0,1,237.8,242.6,7,224.4,248.2,0.0,0.0,0.0,0.0,237
2023-05-10 09:33:55,IO2312-P-4100,IO2312-P-4100,224.4,0.0,0.0,0.0,1,237.8,242.4,6,224.4,248.2,0.0,0.0,0.0,0.0,237
2023-05-10 09:34:04,IO2312-P-4100,IO2312-P-4100,224.4,0.0,0.0,0.0,6,238.0,242.6,6,224.4,248.2,0.0,0.0,0.0,0.0,237
2023-05-10 09:34:05,IO2312-P-4100,IO2312-P-4100,224.4,0.0,0.0,0.0,1,239.2,242.6,6,224.4,248.2,0.0,0.0,0.0,0.0,237
2023-05-10 09:34:06,IO2312-P-4100,IO2312-P-4100,224.4,0.0,0.0,0.0,1,239.2,243.0,27,224.4,248.2,0.0,0.0,0.0,0.0,237
2023-05-10 09:34:07,IO2312-P-4100,IO2312-P-4100,224.4,0.0,0.0,0.0,1,239.2,243.0,9,224.4,248.2,0.0,0.0,0.0,0.0,237
2023-05-10 09:34:07,IO2312-P-4100,IO2312-P-4100,224.4,0.0,0.0,0.0,31,238.6,242.8,6,224.4,248.2,0.0,0.0,0.0,0.0,237
2023-05-10 09:34:08,IO2312-P-4100,IO2312-P-4100,224.4,0.0,0.0,0.0,25,238.6,242.8,6,224.4,248.2,0.0,0.0,0.0,0.0,237
2023-05-10 09:34:10,IO2312-P-4100,IO2312-P-4100,224.4,0.0,0.0,0.0,1,239.0,242.8,6,224.4,248.2,0.0,0.0,0.0,0.0,237
2023-05-10 09:34:23,IO2312-P-4100,IO2312-P-4100,224.4,0.0,0.0,0.0,1,239.0,243.0,7,224.4,248.2,0.0,0.0,0.0,0.0,237
2023-05-10 09:34:24,IO2312-P-4100,IO2312-P-4100,224.4,0.0,0.0,0.0,1,239.0,243.0,10,224.4,248.2,0.0,0.0,0.0,0.0,237
2023-05-10 09:34:25,IO2312-P-4100,IO2312-P-4100,224.4,0.0,0.0,0.0,1,239.0,243.0,7,224.4,248.2,0.0,0.0,0.0,0.0,237
2023-05-10 09:34:27,IO2312-P-4100,IO2312-P-4100,224.4,0.0,0.0,0.0,1,239.0,242.8,1,224.4,248.2,0.0,0.0,0.0,0.0,237
2023-05-10 09:34:32,IO2312-P-4100,IO2312-P-4100,224.4,0.0,0.0,0.0,1,239.0,243.0,6,224.4,248.2,0.0,0.0,0.0,0.0,237
2023-05-10 09:34:32,IO2312-P-4100,IO2312-P-4100,224.4,0.0,0.0,0.0,1,239.0,243.0,7,224.4,248.2,0.0,0.0,0.0,0.0,237
2023-05-10 09:34:33,IO2312-P-4100,IO2312-P-4100,224.4,0.0,0.0,0.0,6,239.2,243.2,12,224.4,248.2,0.0,0.0,0.0,0.0,237
2023-05-10 09:34:33,IO2312-P-4100,IO2312-P-4100,224.4,0.0,0.0,0.0,1,239.8,243.4,25,224.4,248.2,0.0,0.0,0.0,0.0,237
2023-05-10 09:34:34,IO2312-P-4100,IO2312-P-4100,224.4,0.0,0.0,0.0,1,239.8,243.4,13,224.4,248.2,0.0,0.0,0.0,0.0,237
2023-05-10 09:34:34,IO2312-P-4100,IO2312-P-4100,224.4,0.0,0.0,0.0,1,239.8,243.4,7,224.4,248.2,0.0,0.0,0.0,0.0,237
2023-05-10 09:34:35,IO2312-P-4100,IO2312-P-4100,224.4,0.0,0.0,0.0,1,239.8,243.4,1,224.4,248.2,0.0,0.0,0.0,0.0,237
2023-05-10 09:34:36,IO2312-P-4100,IO2312-P-4100,224.4,0.0,0.0,0.0,12,239.4,243.4,1,224.4,248.2,0.0,0.0,0.0,0.0,237
2023-05-10 09:34:42,IO2312-P-4100,IO2312-P-4100,224.4,0.0,0.0,0.0,12,239.4,243.8,12,224.4,248.2,0.0,0.0,0.0,0.0,237
2023-05-10 09:34:42,IO2312-P-4100,IO2312-P-4100,224.4,0.0,0.0,0.0,12,239.4,243.8,6,224.4,248.2,0.0,0.0,0.0,0.0,237
2023-05-10 09:34:43,IO2312-P-4100,IO2312-P-4100,224.4,0.0,0.0,0.0,12,239.4,243.6,1,224.4,248.2,0.0,0.0,0.0,0.0,237
2023-05-10 09:34:43,IO2312-P-4100,IO2312-P-4100,224.4,0.0,0.0,0.0,13,239.4,243.6,1,224.4,248.2,0.0,0.0,0.0,0.0,237
2023-05-10 09:34:46,IO2312-P-4100,IO2312-P-4100,224.4,0.0,0.0,0.0,13,239.4,244.0,39,224.4,248.2,0.0,0.0,0.0,0.0,237
2023-05-10 09:34:46,IO2312-P-4100,IO2312-P-4100,224.4,0.0,0.0,0.0,13,239.4,244.0,27,224.4,248.2,0.0,0.0,0.0,0.0,237
2023-05-10 09:34:47,IO2312-P-4100,IO2312-P-4100,224.4,0.0,0.0,0.0,13,239.4,244.0,24,224.4,248.2,0.0,0.0,0.0,0.0,237
2023-05-10 09:34:48,IO2312-P-4100,IO2312-P-4100,224.4,0.0,0.0,0.0,13,239.4,244.0,27,224.4,248.2,0.0,0.0,0.0,0.0,237
2023-05-10 09:34:49,IO2312-P-4100,IO2312-P-4100,224.4,0.0,0.0,0.0,12,239.4,244.0,27,224.4,248.2,0.0,0.0,0.0,0.0,237
2023-05-10 09:34:51,IO2312-P-4100,IO2312-P-4100,224.4,0.0,0.0,0.0,6,239.4,243.8,6,224.4,248.2,0.0,0.0,0.0,0.0,237
2023-05-10 09:34:56,IO2312-P-4100,IO2312-P-4100,224.4,0.0,0.0,0.0,3,239.0,243.8,6,224.4,248.2,0.0,0.0,0.0,0.0,237
2023-05-10 09:34:56,IO2312-P-4100,IO2312-P-4100,224.4,0.0,0.0,0.0,25,238.8,243.8,6,224.4,248.2,0.0,0.0,0.0,0.0,237
2023-05-10 09:34:57,IO2312-P-4100,IO2312-P-4100,224.4,0.0,0.0,0.0,7,238.8,243.8,6,224.4,248.2,0.0,0.0,0.0,0.0,237
2023-05-10 09:34:57,IO2312-P-4100,IO2312-P-4100,224.4,0.0,0.0,0.0,1,238.8,243.8,6,224.4,248.2,0.0,0.0,0.0,0.0,237
2023-05-10 09:35:02,IO2312-P-4100,IO2312-P-4100,224.4,0.0,0.0,0.0,7,238.8,243.8,6,224.4,248.2,0.0,0.0,0.0,0.0,237
2023-05-10 09:35:03,IO2312-P-4100,IO2312-P-4100,224.4,0.0,0.0,0.0,6,239.0,244.0,33,224.4,248.2,0.0,0.0,0.0,0.0,237
2023-05-10 09:35:03,IO2312-P-4100,IO2312-P-4100,224.4,0.0,0.0,0.0,9,239.0,244.0,27,224.4,248.2,0.0,0.0,0.0,0.0,237
2023-05-10 09:35:04,IO2312-P-4100,IO2312-P-4100,224.4,0.0,0.0,0.0,1,239.8,243.8,6,224.4,248.2,0.0,0.0,0.0,0.0,237
2023-05-10 09:35:04,IO2312-P-4100,IO2312-P-4100,224.4,0.0,0.0,0.0,7,239.8,243.8,6,224.4,248.2,0.0,0.0,0.0,0.0,237
2023-05-10 09:35:05,IO2312-P-4100,IO2312-P-4100,224.4,0.0,0.0,0.0,1,240.4,244.0,15,224.4,248.2,0.0,0.0,0.0,0.0,237
2023-05-10 09:35:06,IO2312-P-4100,IO2312-P-4100,224.4,0.0,0.0,0.0,1,240.4,244.0,6,224.4,248.2,0.0,0.0,0.0,0.0,237
2023-05-10 09:35:06,IO2312-P-4100,IO2312-P-4100,224.4,0.0,0.0,0.0,1,240.4,244.2,18,224.4,248.2,0.0,0.0,0.0,0.0,237
2023-05-10 09:35:07,IO2312-P-4100,IO2312-P-4100,224.4,0.0,0.0,0.0,6,240.2,244.4,12,224.4,248.2,0.0,0.0,0.0,0.0,237
2023-05-10 09:35:07,IO2312-P-4100,IO2312-P-4100,224.4,0.0,0.0,0.0,48,239.8,244.4,12,224.4,248.2,0.0,0.0,0.0,0.0,237
2023-05-10 09:35:08,IO2312-P-4100,IO2312-P-4100,224.4,0.0,0.0,0.0,18,239.8,244.4,6,224.4,248.2,0.0,0.0,0.0,0.0,237
2023-05-10 09:35:08,IO2312-P-4100,IO2312-P-4100,224.4,0.0,0.0,0.0,12,239.8,244.4,6,224.4,248.2,0.0,0.0,0.0,0.0,237
2023-05-10 09:35:10,IO2312-P-4100,IO2312-P-4100,224.4,0.0,0.0,0.0,6,239.8,244.4,6,224.4,248.2,0.0,0.0,0.0,0.0,237
2023-05-10 09:35:16,IO2312-P-4100,IO2312-P-4100,224.4,0.0,0.0,0.0,1,240.0,244.4,6,224.4,248.2,0.0,0.0,0.0,0.0,237
2023-05-10 09:35:17,IO2312-P-4100,IO2312-P-4100,224.4,0.0,0.0,0.0,7,240.0,244.4,6,224.4,248.2,0.0,0.0,0.0,0.0,237
2023-05-10 09:35:17,IO2312-P-4100,IO2312-P-4100,224.4,0.0,0.0,0.0,1,241.0,244.4,6,224.4,248.2,0.0,0.0,0.0,0.0,237
2023-05-10 09:35:20,IO2312-P-4100,IO2312-P-4100,224.4,0.0,0.0,0.0,1,241.0,244.6,28,224.4,248.2,0.0,0.0,0.0,0.0,237
2023-05-10 09:35:27,IO2312-P-4100,IO2312-P-4100,224.4,0.0,0.0,0.0,1,241.0,244.4,1,224.4,248.2,0.0,0.0,0.0,0.0,237
2023-05-10 09:35:36,IO2312-P-4100,IO2312-P-4100,224.4,0.0,0.0,0.0,1,240.4,244.4,1,224.4,248.2,0.0,0.0,0.0,0.0,237
2023-05-10 09:35:37,IO2312-P-4100,IO2312-P-4100,224.4,0.0,0.0,0.0,1,240.4,244.2,1,224.4,248.2,0.0,0.0,0.0,0.0,237
2023-05-10 09:35:44,IO2312-P-4100,IO2312-P-4100,224.4,0.0,0.0,0.0,1,240.4,244.6,27,224.4,248.2,0.0,0.0,0.0,0.0,237
2023-05-10 09:35:44,IO2312-P-4100,IO2312-P-4100,224.4,0.0,0.0,0.0,1,240.4,244.6,25,224.4,248.2,0.0,0.0,0.0,0.0,237
2023-05-10 09:35:45,IO2312-P-4100,IO2312-P-4100,224.4,0.0,0.0,0.0,1,240.4,244.6,28,224.4,248.2,0.0,0.0,0.0,0.0,237
2023-05-10 09:35:47,IO2312-P-4100,IO2312-P-4100,224.4,0.0,0.0,0.0,1,240.4,244.4,6,224.4,248.2,0.0,0.0,0.0,0.0,237
2023-05-10 09:35:49,IO2312-P-4100,IO2312-P-4100,224.4,0.0,0.0,0.0,1,240.4,244.4,7,224.4,248.2,0.0,0.0,0.0,0.0,237
2023-05-10 09:35:50,IO2312-P-4100,IO2312-P-4100,224.4,0.0,0.0,0.0,1,240.4,244.2,6,224.4,248.2,0.0,0.0,0.0,0.0,237
2023-05-10 09:35:59,IO2312-P-4100,IO2312-P-4100,224.4,0.0,0.0,0.0,12,240.0,244.2,6,224.4,248.2,0.0,0.0,0.0,0.0,237
2023-05-10 09:35:59,IO2312-P-4100,IO2312-P-4100,224.4,0.0,0.0,0.0,18,239.8,244.2,7,224.4,248.2,0.0,0.0,0.0,0.0,237
2023-05-10 09:36:00,IO2312-P-4100,IO2312-P-4100,224.4,0.0,0.0,0.0,6,239.8,244.0,6,224.4,248.2,0.0,0.0,0.0,0.0,237
2023-05-10 09:36:00,IO2312-P-4100,IO2312-P-4100,224.4,0.0,0.0,0.0,6,239.8,244.0,9,224.4,248.2,0.0,0.0,0.0,0.0,237
2023-05-10 09:36:01,IO2312-P-4100,IO2312-P-4100,224.4,0.0,0.0,0.0,24,239.6,243.8,6,224.4,248.2,0.0,0.0,0.0,0.0,237
2023-05-10 09:36:01,IO2312-P-4100,IO2312-P-4100,224.4,0.0,0.0,0.0,12,239.6,243.8,6,224.4,248.2,0.0,0.0,0.0,0.0,237
2023-05-10 09:36:02,IO2312-P-4100,IO2312-P-4100,224.4,0.0,0.0,0.0,19,239.2,243.8,6,224.4,248.2,0.0,0.0,0.0,0.0,237
2023-05-10 09:36:02,IO2312-P-4100,IO2312-P-4100,224.4,0.0,0.0,0.0,7,239.2,243.8,6,224.4,248.2,0.0,0.0,0.0,0.0,237
2023-05-10 09:36:03,IO2312-P-4100,IO2312-P-4100,224.4,0.0,0.0,0.0,1,239.2,243.8,6,224.4,248.2,0.0,0.0,0.0,0.0,237
2023-05-10 09:36:08,IO2312-P-4100,IO2312-P-4100,224.4,0.0,0.0,0.0,24,238.8,243.8,6,224.4,248.2,0.0,0.0,0.0,0.0,237
2023-05-10 09:36:09,IO2312-P-4100,IO2312-P-4100,224.4,0.0,0.0,0.0,12,238.8,243.8,6,224.4,248.2,0.0,0.0,0.0,0.0,237
2023-05-10 09:36:09,IO2312-P-4100,IO2312-P-4100,224.4,0.0,0.0,0.0,25,238.6,243.8,6,224.4,248.2,0.0,0.0,0.0,0.0,237
2023-05-10 09:36:10,IO2312-P-4100,IO2312-P-4100,224.4,0.0,0.0,0.0,19,238.6,243.8,6,224.4,248.2,0.0,0.0,0.0,0.0,237
2023-05-10 09:36:10,IO2312-P-4100,IO2312-P-4100,224.4,0.0,0.0,0.0,13,238.6,243.8,6,224.4,248.2,0.0,0.0,0.0,0.0,237
2023-05-10 09:36:14,IO2312-P-4100,IO2312-P-4100,224.4,0.0,0.0,0.0,13,238.6,243.8,7,224.4,248.2,0.0,0.0,0.0,0.0,237
2023-05-10 09:36:15,IO2312-P-4100,IO2312-P-4100,224.4,0.0,0.0,0.0,13,238.6,243.6,6,224.4,248.2,0.0,0.0,0.0,0.0,237
2023-05-10 09:36:17,IO2312-P-4100,IO2312-P-4100,224.4,0.0,0.0,0.0,12,238.6,243.6,6,224.4,248.2,0.0,0.0,0.0,0.0,237
2023-05-10 09:36:17,IO2312-P-4100,IO2312-P-4100,224.4,0.0,0.0,0.0,6,238.6,243.6,6,224.4,248.2,0.0,0.0,0.0,0.0,237
2023-05-10 09:36:25,IO2312-P-4100,IO2312-P-4100,224.4,0.0,0.0,0.0,7,238.6,243.6,6,224.4,248.2,0.0,0.0,0.0,0.0,237
2023-05-10 09:36:28,IO2312-P-4100,IO2312-P-4100,224.4,0.0,0.0,0.0,1,239.2,243.6,6,224.4,248.2,0.0,0.0,0.0,0.0,237
2023-05-10 09:36:34,IO2312-P-4100,IO2312-P-4100,224.4,0.0,0.0,0.0,1,239.2,243.6,7,224.4,248.2,0.0,0.0,0.0,0.0,237
2023-05-10 09:36:35,IO2312-P-4100,IO2312-P-4100,224.4,0.0,0.0,0.0,1,239.2,243.4,6,224.4,248.2,0.0,0.0,0.0,0.0,237
2023-05-10 09:36:35,IO2312-P-4100,IO2312-P-4100,224.4,0.0,0.0,0.0,1,239.2,243.4,9,224.4,248.2,0.0,0.0,0.0,0.0,237
2023-05-10 09:36:36,IO2312-P-4100,IO2312-P-4100,224.4,0.0,0.0,0.0,1,239.2,243.2,6,224.4,248.2,0.0,0.0,0.0,0.0,237
2023-05-10 09:36:36,IO2312-P-4100,IO2312-P-4100,224.4,0.0,0.0,0.0,3,238.8,243.2,6,224.4,248.2,0.0,0.0,0.0,0.0,237
2023-05-10 09:36:37,IO2312-P-4100,IO2312-P-4100,224.4,0.0,0.0,0.0,25,238.6,243.2,6,224.4,248.2,0.0,0.0,0.0,0.0,237
2023-05-10 09:36:37,IO2312-P-4100,IO2312-P-4100,224.4,0.0,0.0,0.0,7,238.6,243.2,6,224.4,248.2,0.0,0.0,0.0,0.0,237
2023-05-10 09:36:38,IO2312-P-4100,IO2312-P-4100,224.4,0.0,0.0,0.0,9,238.6,243.2,6,224.4,248.2,0.0,0.0,0.0,0.0,237
2023-05-10 09:36:39,IO2312-P-4100,IO2312-P-4100,224.4,0.0,0.0,0.0,6,238.6,243.2,6,224.4,248.2,0.0,0.0,0.0,0.0,237
2023-05-10 09:36:39,IO2312-P-4100,IO2312-P-4100,224.4,0.0,0.0,0.0,6,238.6,243.2,7,224.4,248.2,0.0,0.0,0.0,0.0,237
2023-05-10 09:36:40,IO2312-P-4100,IO2312-P-4100,224.4,0.0,0.0,0.0,6,238.6,243.0,6,224.4,248.2,0.0,0.0,0.0,0.0,237
2023-05-10 09:36:46,IO2312-P-4100,IO2312-P-4100,224.4,0.0,0.0,0.0,7,238.6,243.0,6,224.4,248.2,0.0,0.0,0.0,0.0,237
2023-05-10 09:36:47,IO2312-P-4100,IO2312-P-4100,224.4,0.0,0.0,0.0,10,238.6,243.0,6,224.4,248.2,0.0,0.0,0.0,0.0,237
2023-05-10 09:36:48,IO2312-P-4100,IO2312-P-4100,224.4,0.0,0.0,0.0,13,238.6,243.0,6,224.4,248.2,0.0,0.0,0.0,0.0,237
2023-05-10 09:36:52,IO2312-P-4100,IO2312-P-4100,224.4,0.0,0.0,0.0,1,239.4,243.0,6,224.4,248.2,0.0,0.0,0.0,0.0,237
2023-05-10 09:36:56,IO2312-P-4100,IO2312-P-4100,224.4,0.0,0.0,0.0,1,239.4,243.2,12,224.4,248.2,0.0,0.0,0.0,0.0,237
2023-05-10 09:36:56,IO2312-P-4100,IO2312-P-4100,224.4,0.0,0.0,0.0,1,239.4,243.0,6,224.4,248.2,0.0,0.0,0.0,0.0,237
2023-05-10 09:36:57,IO2312-P-4100,IO2312-P-4100,224.4,0.0,0.0,0.0,1,239.4,243.0,1,224.4,248.2,0.0,0.0,0.0,0.0,237
2023-05-10 09:36:57,IO2312-P-4100,IO2312-P-4100,224.4,0.0,0.0,0.0,1,239.4,242.8,6,224.4,248.2,0.0,0.0,0.0,0.0,237
2023-05-10 09:36:58,IO2312-P-4100,IO2312-P-4100,224.4,0.0,0.0,0.0,1,239.4,243.2,6,224.4,248.2,0.0,0.0,0.0,0.0,237
2023-05-10 09:37:01,IO2312-P-4100,IO2312-P-4100,224.4,0.0,0.0,0.0,6,239.6,243.4,13,224.4,248.2,0.0,0.0,0.0,0.0,237
2023-05-10 09:37:01,IO2312-P-4100,IO2312-P-4100,224.4,0.0,0.0,0.0,1,242.4,243.6,6,224.4,248.2,0.0,0.0,0.0,0.0,237
2023-05-10 09:37:02,IO2312-P-4100,IO2312-P-4100,224.4,0.0,0.0,0.0,6,240.8,243.8,12,224.4,248.2,0.0,0.0,0.0,0.0,237
2023-05-10 09:37:02,IO2312-P-4100,IO2312-P-4100,224.4,0.0,0.0,0.0,6,240.8,244.0,6,224.4,248.2,0.0,0.0,0.0,0.0,237
2023-05-10 09:37:03,IO2312-P-4100,IO2312-P-4100,224.4,0.0,0.0,0.0,6,240.8,244.2,18,224.4,248.2,0.0,0.0,0.0,0.0,237
2023-05-10 09:37:03,IO2312-P-4100,IO2312-P-4100,224.4,0.0,0.0,0.0,6,240.8,244.2,7,224.4,248.2,0.0,0.0,0.0,0.0,237
2023-05-10 09:37:07,IO2312-P-4100,IO2312-P-4100,224.4,0.0,0.0,0.0,6,240.8,244.2,1,224.4,248.2,0.0,0.0,0.0,0.0,237
2023-05-10 09:37:08,IO2312-P-4100,IO2312-P-4100,224.4,0.0,0.0,0.0,1,241.8,244.2,1,224.4,248.2,0.0,0.0,0.0,0.0,237
2023-05-10 09:37:10,IO2312-P-4100,IO2312-P-4100,224.4,0.0,0.0,0.0,1,241.0,244.2,1,224.4,248.2,0.0,0.0,0.0,0.0,237
2023-05-10 09:37:11,IO2312-P-4100,IO2312-P-4100,224.4,0.0,0.0,0.0,1,241.0,244.4,6,224.4,248.2,0.0,0.0,0.0,0.0,237
2023-05-10 09:37:12,IO2312-P-4100,IO2312-P-4100,224.4,0.0,0.0,0.0,6,240.8,244.6,37,224.4,248.2,0.0,0.0,0.0,0.0,237
2023-05-10 09:37:12,IO2312-P-4100,IO2312-P-4100,224.4,0.0,0.0,0.0,6,240.8,244.6,25,224.4,248.2,0.0,0.0,0.0,0.0,237
2023-05-10 09:37:13,IO2312-P-4100,IO2312-P-4100,224.4,0.0,0.0,0.0,6,240.8,244.4,6,224.4,248.2,0.0,0.0,0.0,0.0,237
2023-05-10 09:37:17,IO2312-P-4100,IO2312-P-4100,224.4,0.0,0.0,0.0,1,241.2,244.4,6,224.4,248.2,0.0,0.0,0.0,0.0,237
2023-05-10 09:37:17,IO2312-P-4100,IO2312-P-4100,224.4,0.0,0.0,0.0,1,241.2,244.6,25,224.4,248.2,0.0,0.0,0.0,0.0,237
2023-05-10 09:37:20,IO2312-P-4100,IO2312-P-4100,224.4,0.0,0.0,0.0,1,241.2,244.4,6,224.4,248.2,0.0,0.0,0.0,0.0,237
2023-05-10 09:37:32,IO2312-P-4100,IO2312-P-4100,224.4,0.0,0.0,0.0,1,241.2,244.4,7,224.4,248.2,0.0,0.0,0.0,0.0,237
2023-05-10 09:37:33,IO2312-P-4100,IO2312-P-4100,224.4,0.0,0.0,0.0,1,241.2,244.4,6,224.4,248.2,0.0,0.0,0.0,0.0,237
2023-05-10 09:37:34,IO2312-P-4100,IO2312-P-4100,224.4,0.0,0.0,0.0,1,241.2,244.6,6,224.4,248.2,0.0,0.0,0.0,0.0,237
2023-05-10 09:37:38,IO2312-P-4100,IO2312-P-4100,224.4,0.0,0.0,0.0,1,241.2,244.6,7,224.4,248.2,0.0,0.0,0.0,0.0,237
2023-05-10 09:37:42,IO2312-P-4100,IO2312-P-4100,224.4,0.0,0.0,0.0,6,241.4,244.6,6,224.4,248.2,0.0,0.0,0.0,0.0,237
2023-05-10 09:37:42,IO2312-P-4100,IO2312-P-4100,224.4,0.0,0.0,0.0,1,242.2,244.6,7,224.4,248.2,0.0,0.0,0.0,0.0,237
2023-05-10 09:37:43,IO2312-P-4100,IO2312-P-4100,224.4,0.0,0.0,0.0,1,242.2,244.8,3,224.4,248.2,0.0,0.0,0.0,0.0,237
2023-05-10 09:37:43,IO2312-P-4100,IO2312-P-4100,224.4,0.0,0.0,0.0,1,242.2,245.0,12,224.4,248.2,0.0,0.0,0.0,0.0,237
2023-05-10 09:37:44,IO2312-P-4100,IO2312-P-4100,224.4,0.0,0.0,0.0,1,242.2,245.2,19,224.4,248.2,0.0,0.0,0.0,0.0,237
2023-05-10 09:37:44,IO2312-P-4100,IO2312-P-4100,224.4,0.0,0.0,0.0,1,242.2,245.2,7,224.4,248.2,0.0,0.0,0.0,0.0,237
2023-05-10 09:37:52,IO2312-P-4100,IO2312-P-4100,224.4,0.0,0.0,0.0,1,242.2,245.2,6,224.4,248.2,0.0,0.0,0.0,0.0,237
2023-05-10 09:37:58,IO2312-P-4100,IO2312-P-4100,224.4,0.0,0.0,0.0,6,242.0,245.2,6,224.4,248.2,0.0,0.0,0.0,0.0,237
2023-05-10 09:37:58,IO2312-P-4100,IO2312-P-4100,224.4,0.0,0.0,0.0,1,241.6,245.2,7,224.4,248.2,0.0,0.0,0.0,0.0,237
2023-05-10 09:37:59,IO2312-P-4100,IO2312-P-4100,224.4,0.0,0.0,0.0,1,241.6,245.0,6,224.4,248.2,0.0,0.0,0.0,0.0,237
2023-05-10 09:38:02,IO2312-P-4100,IO2312-P-4100,224.4,0.0,0.0,0.0,12,241.4,245.0,6,224.4,248.2,0.0,0.0,0.0,0.0,237
2023-05-10 09:38:02,IO2312-P-4100,IO2312-P-4100,224.4,0.0,0.0,0.0,30,241.0,245.0,6,224.4,248.2,0.0,0.0,0.0,0.0,237
2023-05-10 09:38:03,IO2312-P-4100,IO2312-P-4100,224.4,0.0,0.0,0.0,12,241.0,245.0,6,224.4,248.2,0.0,0.0,0.0,0.0,237
2023-05-10 09:38:03,IO2312-P-4100,IO2312-P-4100,224.4,0.0,0.0,0.0,6,241.0,245.0,6,224.4,248.2,0.0,0.0,0.0,0.0,237
2023-05-10 09:38:06,IO2312-P-4100,IO2312-P-4100,224.4,0.0,0.0,0.0,18,240.8,245.0,6,224.4,248.2,0.0,0.0,0.0,0.0,237
2023-05-10 09:38:07,IO2312-P-4100,IO2312-P-4100,224.4,0.0,0.0,0.0,12,240.8,245.0,6,224.4,248.2,0.0,0.0,0.0,0.0,237
2023-05-10 09:38:07,IO2312-P-4100,IO2312-P-4100,224.4,0.0,0.0,0.0,1,241.2,245.0,6,224.4,248.2,0.0,0.0,0.0,0.0,237
2023-05-10 09:38:12,IO2312-P-4100,IO2312-P-4100,224.4,0.0,0.0,0.0,6,240.8,245.0,6,224.4,248.2,0.0,0.0,0.0,0.0,237
2023-05-10 09:38:12,IO2312-P-4100,IO2312-P-4100,224.4,0.0,0.0,0.0,30,240.4,245.0,6,224.4,248.2,0.0,0.0,0.0,0.0,237
2023-05-10 09:38:13,IO2312-P-4100,IO2312-P-4100,224.4,0.0,0.0,0.0,12,240.4,245.0,6,224.4,248.2,0.0,0.0,0.0,0.0,237
2023-05-10 09:38:13,IO2312-P-4100,IO2312-P-4100,224.4,0.0,0.0,0.0,24,240.0,244.8,6,224.4,248.2,0.0,0.0,0.0,0.0,237
2023-05-10 09:38:14,IO2312-P-4100,IO2312-P-4100,224.4,0.0,0.0,0.0,7,240.0,244.6,6,224.4,248.2,0.0,0.0,0.0,0.0,237
2023-05-10 09:38:14,IO2312-P-4100,IO2312-P-4100,224.4,0.0,0.0,0.0,1,240.0,244.6,6,224.4,248.2,0.0,0.0,0.0,0.0,237
2023-05-10 09:38:35,IO2312-P-4100,IO2312-P-4100,224.4,0.0,0.0,0.0,1,240.0,244.6,7,224.4,248.2,0.0,0.0,0.0,0.0,237
2023-05-10 09:38:35,IO2312-P-4100,IO2312-P-4100,224.4,0.0,0.0,0.0,1,240.0,244.4,6,224.4,248.2,0.0,0.0,0.0,0.0,237
2023-05-10 09:38:49,IO2312-P-4100,IO2312-P-4100,224.4,0.0,0.0,0.0,1,240.0,244.4,7,224.4,248.2,0.0,0.0,0.0,0.0,237
2023-05-10 09:38:50,IO2312-P-4100,IO2312-P-4100,224.4,0.0,0.0,0.0,1,240.0,244.2,6,224.4,248.2,0.0,0.0,0.0,0.0,237
2023-05-10 09:38:50,IO2312-P-4100,IO2312-P-4100,224.4,0.0,0.0,0.0,1,240.0,244.2,9,224.4,248.2,0.0,0.0,0.0,0.0,237
2023-05-10 09:38:51,IO2312-P-4100,IO2312-P-4100,224.4,0.0,0.0,0.0,1,240.0,244.0,6,224.4,248.2,0.0,0.0,0.0,0.0,237
2023-05-10 09:38:55,IO2312-P-4100,IO2312-P-4100,224.4,0.0,0.0,0.0,6,239.8,244.0,6,224.4,248.2,0.0,0.0,0.0,0.0,237
2023-05-10 09:38:57,IO2312-P-4100,IO2312-P-4100,224.4,0.0,0.0,0.0,1,240.0,244.0,6,224.4,248.2,0.0,0.0,0.0,0.0,237
2023-05-10 09:39:08,IO2312-P-4100,IO2312-P-4100,224.4,0.0,0.0,0.0,36,239.6,244.0,6,224.4,248.2,0.0,0.0,0.0,0.0,237
2023-05-10 09:39:08,IO2312-P-4100,IO2312-P-4100,224.4,0.0,0.0,0.0,18,239.6,244.0,6,224.4,248.2,0.0,0.0,0.0,0.0,237
2023-05-10 09:39:09,IO2312-P-4100,IO2312-P-4100,224.4,0.0,0.0,0.0,12,239.6,244.0,6,224.4,248.2,0.0,0.0,0.0,0.0,237
2023-05-10 09:39:09,IO2312-P-4100,IO2312-P-4100,224.4,0.0,0.0,0.0,24,239.2,243.8,6,224.4,248.2,0.0,0.0,0.0,0.0,237
2023-05-10 09:39:10,IO2312-P-4100,IO2312-P-4100,224.4,0.0,0.0,0.0,6,239.2,243.6,6,224.4,248.2,0.0,0.0,0.0,0.0,237
2023-05-10 09:39:10,IO2312-P-4100,IO2312-P-4100,224.4,0.0,0.0,0.0,42,238.8,243.6,10,224.4,248.2,0.0,0.0,0.0,0.0,237
2023-05-10 09:39:11,IO2312-P-4100,IO2312-P-4100,224.4,0.0,0.0,0.0,6,238.8,243.4,6,224.4,248.2,0.0,0.0,0.0,0.0,237
2023-05-10 09:39:11,IO2312-P-4100,IO2312-P-4100,224.4,0.0,0.0,0.0,55,238.4,243.4,6,224.4,248.2,0.0,0.0,0.0,0.0,237
2023-05-10 09:39:12,IO2312-P-4100,IO2312-P-4100,224.4,0.0,0.0,0.0,1,239.0,243.4,6,224.4,248.2,0.0,0.0,0.0,0.0,237
2023-05-10 09:39:25,IO2312-P-4100,IO2312-P-4100,224.4,0.0,0.0,0.0,1,239.0,243.4,7,224.4,248.2,0.0,0.0,0.0,0.0,237
2023-05-10 09:39:26,IO2312-P-4100,IO2312-P-4100,224.4,0.0,0.0,0.0,1,239.0,243.2,6,224.4,248.2,0.0,0.0,0.0,0.0,237
2023-05-10 09:39:38,IO2312-P-4100,IO2312-P-4100,224.4,0.0,0.0,0.0,6,238.8,243.2,6,224.4,248.2,0.0,0.0,0.0,0.0,237
2023-05-10 09:39:45,IO2312-P-4100,IO2312-P-4100,224.4,0.0,0.0,0.0,6,238.8,243.2,7,224.4,248.2,0.0,0.0,0.0,0.0,237
2023-05-10 09:39:46,IO2312-P-4100,IO2312-P-4100,224.4,0.0,0.0,0.0,6,238.8,243.0,6,224.4,248.2,0.0,0.0,0.0,0.0,237
2023-05-10 09:39:46,IO2312-P-4100,IO2312-P-4100,224.4,0.0,0.0,0.0,6,238.8,243.0,9,224.4,248.2,0.0,0.0,0.0,0.0,237
2023-05-10 09:39:47,IO2312-P-4100,IO2312-P-4100,224.4,0.0,0.0,0.0,7,238.8,242.8,6,224.4,248.2,0.0,0.0,0.0,0.0,237
2023-05-10 09:39:51,IO2312-P-4100,IO2312-P-4100,224.4,0.0,0.0,0.0,7,238.8,242.8,7,224.4,248.2,0.0,0.0,0.0,0.0,237
2023-05-10 09:39:51,IO2312-P-4100,IO2312-P-4100,224.4,0.0,0.0,0.0,7,238.8,242.6,6,224.4,248.2,0.0,0.0,0.0,0.0,237
2023-05-10 09:39:52,IO2312-P-4100,IO2312-P-4100,224.4,0.0,0.0,0.0,1,239.4,242.8,7,224.4,248.2,0.0,0.0,0.0,0.0,237
2023-05-10 09:39:53,IO2312-P-4100,IO2312-P-4100,224.4,0.0,0.0,0.0,1,239.4,243.0,15,224.4,248.2,0.0,0.0,0.0,0.0,237
2023-05-10 09:39:53,IO2312-P-4100,IO2312-P-4100,224.4,0.0,0.0,0.0,1,239.4,243.2,7,224.4,248.2,0.0,0.0,0.0,0.0,237
2023-05-10 09:39:54,IO2312-P-4100,IO2312-P-4100,224.4,0.0,0.0,0.0,1,239.4,243.2,1,224.4,248.2,0.0,0.0,0.0,0.0,237
2023-05-10 09:39:54,IO2312-P-4100,IO2312-P-4100,224.4,0.0,0.0,0.0,12,239.2,243.2,1,224.4,248.2,0.0,0.0,0.0,0.0,237
2023-05-10 09:39:55,IO2312-P-4100,IO2312-P-4100,224.4,0.0,0.0,0.0,12,239.0,243.0,6,224.4,248.2,0.0,0.0,0.0,0.0,237
2023-05-10 09:39:55,IO2312-P-4100,IO2312-P-4100,224.4,0.0,0.0,0.0,6,238.8,243.0,6,224.4,248.2,0.0,0.0,0.0,0.0,237
2023-05-10 09:39:56,IO2312-P-4100,IO2312-P-4100,224.4,0.0,0.0,0.0,30,238.6,243.0,6,224.4,248.2,0.0,0.0,0.0,0.0,237
2023-05-10 09:39:56,IO2312-P-4100,IO2312-P-4100,224.4,0.0,0.0,0.0,12,238.6,243.0,6,224.4,248.2,0.0,0.0,0.0,0.0,237
2023-05-10 09:39:57,IO2312-P-4100,IO2312-P-4100,224.4,0.0,0.0,0.0,1,239.2,243.0,6,224.4,248.2,0.0,0.0,0.0,0.0,237
2023-05-10 09:40:02,IO2312-P-4100,IO2312-P-4100,224.4,0.0,0.0,0.0,1,239.2,243.2,19,224.4,248.2,0.0,0.0,0.0,0.0,237
2023-05-10 09:40:02,IO2312-P-4100,IO2312-P-4100,224.4,0.0,0.0,0.0,1,239.2,243.2,13,224.4,248.2,0.0,0.0,0.0,0.0,237
2023-05-10 09:40:03,IO2312-P-4100,IO2312-P-4100,224.4,0.0,0.0,0.0,1,239.2,243.2,7,224.4,248.2,0.0,0.0,0.0,0.0,237
2023-05-10 09:40:03,IO2312-P-4100,IO2312-P-4100,224.4,0.0,0.0,0.0,7,239.2,243.2,7,224.4,248.2,0.0,0.0,0.0,0.0,237
2023-05-10 09:40:04,IO2312-P-4100,IO2312-P-4100,224.4,0.0,0.0,0.0,1,239.8,243.0,1,224.4,248.2,0.0,0.0,0.0,0.0,237
2023-05-10 09:40:05,IO2312-P-4100,IO2312-P-4100,224.4,0.0,0.0,0.0,1,239.8,243.4,3,224.4,248.2,0.0,0.0,0.0,0.0,237
2023-05-10 09:40:06,IO2312-P-4100,IO2312-P-4100,224.4,0.0,0.0,0.0,1,239.8,243.6,31,224.4,248.2,0.0,0.0,0.0,0.0,237
2023-05-10 09:40:06,IO2312-P-4100,IO2312-P-4100,224.4,0.0,0.0,0.0,1,239.8,243.6,7,224.4,248.2,0.0,0.0,0.0,0.0,237
2023-05-10 09:40:07,IO2312-P-4100,IO2312-P-4100,224.4,0.0,0.0,0.0,1,239.8,243.6,1,224.4,248.2,0.0,0.0,0.0,0.0,237
2023-05-10 09:40:07,IO2312-P-4100,IO2312-P-4100,224.4,0.0,0.0,0.0,6,240.0,243.6,1,224.4,248.2,0.0,0.0,0.0,0.0,237
2023-05-10 09:40:10,IO2312-P-4100,IO2312-P-4100,224.4,0.0,0.0,0.0,6,239.6,243.6,7,224.4,248.2,0.0,0.0,0.0,0.0,237
2023-05-10 09:40:15,IO2312-P-4100,IO2312-P-4100,224.4,0.0,0.0,0.0,6,239.6,243.4,6,224.4,248.2,0.0,0.0,0.0,0.0,237
2023-05-10 09:40:15,IO2312-P-4100,IO2312-P-4100,224.4,0.0,0.0,0.0,6,239.6,243.4,7,224.4,248.2,0.0,0.0,0.0,0.0,237
2023-05-10 09:40:16,IO2312-P-4100,IO2312-P-4100,224.4,0.0,0.0,0.0,6,239.6,243.2,6,224.4,248.2,0.0,0.0,0.0,0.0,237
2023-05-10 09:40:16,IO2312-P-4100,IO2312-P-4100,224.4,0.0,0.0,0.0,6,239.6,243.2,9,224.4,248.2,0.0,0.0,0.0,0.0,237
2023-05-10 09:40:17,IO2312-P-4100,IO2312-P-4100,224.4,0.0,0.0,0.0,7,239.6,243.0,6,224.4,248.2,0.0,0.0,0.0,0.0,237
2023-05-10 09:40:18,IO2312-P-4100,IO2312-P-4100,224.4,0.0,0.0,0.0,1,240.2,243.0,6,224.4,248.2,0.0,0.0,0.0,0.0,237
2023-05-10 09:40:20,IO2312-P-4100,IO2312-P-4100,224.4,0.0,0.0,0.0,1,240.2,243.2,3,224.4,248.2,0.0,0.0,0.0,0.0,237
2023-05-10 09:40:21,IO2312-P-4100,IO2312-P-4100,224.4,0.0,0.0,0.0,1,240.2,243.4,13,224.4,248.2,0.0,0.0,0.0,0.0,237
2023-05-10 09:40:21,IO2312-P-4100,IO2312-P-4100,224.4,0.0,0.0,0.0,1,240.2,243.4,1,224.4,248.2,0.0,0.0,0.0,0.0,237
2023-05-10 09:40:22,IO2312-P-4100,IO2312-P-4100,224.4,0.0,0.0,0.0,6,239.6,243.4,1,224.4,248.2,0.0,0.0,0.0,0.0,237
2023-05-10 09:40:24,IO2312-P-4100,IO2312-P-4100,224.4,0.0,0.0,0.0,1,240.0,243.4,1,224.4,248.2,0.0,0.0,0.0,0.0,237
2023-05-10 09:40:26,IO2312-P-4100,IO2312-P-4100,224.4,0.0,0.0,0.0,1,240.0,243.6,3,224.4,248.2,0.0,0.0,0.0,0.0,237
2023-05-10 09:40:27,IO2312-P-4100,IO2312-P-4100,224.4,0.0,0.0,0.0,7,240.0,243.8,18,224.4,248.2,0.0,0.0,0.0,0.0,237
2023-05-10 09:40:27,IO2312-P-4100,IO2312-P-4100,224.4,0.0,0.0,0.0,6,240.0,244.0,13,224.4,248.2,0.0,0.0,0.0,0.0,237
2023-05-10 09:40:28,IO2312-P-4100,IO2312-P-4100,224.4,0.0,0.0,0.0,6,240.0,244.0,7,224.4,248.2,0.0,0.0,0.0,0.0,237
2023-05-10 09:40:30,IO2312-P-4100,IO2312-P-4100,224.4,0.0,0.0,0.0,6,240.0,244.0,1,224.4,248.2,0.0,0.0,0.0,0.0,237
2023-05-10 09:40:32,IO2312-P-4100,IO2312-P-4100,224.4,0.0,0.0,0.0,6,240.4,244.0,1,224.4,248.2,0.0,0.0,0.0,0.0,237
2023-05-10 09:40:33,IO2312-P-4100,IO2312-P-4100,224.4,0.0,0.0,0.0,1,242.8,244.2,6,224.4,248.2,0.0,0.0,0.0,0.0,237
2023-05-10 09:40:33,IO2312-P-4100,IO2312-P-4100,224.4,0.0,0.0,0.0,1,242.8,244.4,6,224.4,248.2,0.0,0.0,0.0,0.0,237
2023-05-10 09:40:34,IO2312-P-4100,IO2312-P-4100,224.4,0.0,0.0,0.0,1,242.8,244.6,12,224.4,248.2,0.0,0.0,0.0,0.0,237
2023-05-10 09:40:34,IO2312-P-4100,IO2312-P-4100,224.4,0.0,0.0,0.0,1,242.8,244.8,7,224.4,248.2,0.0,0.0,0.0,0.0,237
2023-05-10 09:40:35,IO2312-P-4100,IO2312-P-4100,224.4,0.0,0.0,0.0,1,242.8,244.8,1,224.4,248.2,0.0,0.0,0.0,0.0,237
2023-05-10 09:40:37,IO2312-P-4100,IO2312-P-4100,224.4,0.0,0.0,0.0,1,241.8,244.8,1,224.4,248.2,0.0,0.0,0.0,0.0,237
2023-05-10 09:40:39,IO2312-P-4100,IO2312-P-4100,224.4,0.0,0.0,0.0,6,241.4,244.8,1,224.4,248.2,0.0,0.0,0.0,0.0,237
2023-05-10 09:40:40,IO2312-P-4100,IO2312-P-4100,224.4,0.0,0.0,0.0,18,241.0,244.8,7,224.4,248.2,0.0,0.0,0.0,0.0,237
2023-05-10 09:40:40,IO2312-P-4100,IO2312-P-4100,224.4,0.0,0.0,0.0,6,241.0,244.6,6,224.4,248.2,0.0,0.0,0.0,0.0,237
2023-05-10 09:40:41,IO2312-P-4100,IO2312-P-4100,224.4,0.0,0.0,0.0,7,240.8,244.6,6,224.4,248.2,0.0,0.0,0.0,0.0,237
2023-05-10 09:40:41,IO2312-P-4100,IO2312-P-4100,224.4,0.0,0.0,0.0,1,240.8,244.6,6,224.4,248.2,0.0,0.0,0.0,0.0,237
2023-05-10 09:40:42,IO2312-P-4100,IO2312-P-4100,224.4,0.0,0.0,0.0,18,240.6,244.6,6,224.4,248.2,0.0,0.0,0.0,0.0,237
2023-05-10 09:40:42,IO2312-P-4100,IO2312-P-4100,224.4,0.0,0.0,0.0,6,240.6,244.6,6,224.4,248.2,0.0,0.0,0.0,0.0,237
2023-05-10 09:40:43,IO2312-P-4100,IO2312-P-4100,224.4,0.0,0.0,0.0,18,240.4,244.6,6,224.4,248.2,0.0,0.0,0.0,0.0,237
2023-05-10 09:40:43,IO2312-P-4100,IO2312-P-4100,224.4,0.0,0.0,0.0,6,240.4,244.6,6,224.4,248.2,0.0,0.0,0.0,0.0,237
2023-05-10 09:40:44,IO2312-P-4100,IO2312-P-4100,224.4,0.0,0.0,0.0,36,240.2,244.6,6,224.4,248.2,0.0,0.0,0.0,0.0,237
2023-05-10 09:40:44,IO2312-P-4100,IO2312-P-4100,224.4,0.0,0.0,0.0,18,240.2,244.6,6,224.4,248.2,0.0,0.0,0.0,0.0,237
2023-05-10 09:40:48,IO2312-P-4100,IO2312-P-4100,224.4,0.0,0.0,0.0,1,241.8,244.6,7,224.4,248.2,0.0,0.0,0.0,0.0,237
2023-05-10 09:40:48,IO2312-P-4100,IO2312-P-4100,224.4,0.0,0.0,0.0,1,241.8,244.4,6,224.4,248.2,0.0,0.0,0.0,0.0,237
2023-05-10 09:40:49,IO2312-P-4100,IO2312-P-4100,224.4,0.0,0.0,0.0,1,241.8,244.4,9,224.4,248.2,0.0,0.0,0.0,0.0,237
2023-05-10 09:40:49,IO2312-P-4100,IO2312-P-4100,224.4,0.0,0.0,0.0,1,241.8,244.2,6,224.4,248.2,0.0,0.0,0.0,0.0,237
2023-05-10 09:40:52,IO2312-P-4100,IO2312-P-4100,224.4,0.0,0.0,0.0,1,241.8,244.4,3,224.4,248.2,0.0,0.0,0.0,0.0,237
2023-05-10 09:40:52,IO2312-P-4100,IO2312-P-4100,224.4,0.0,0.0,0.0,1,241.8,244.6,1,224.4,248.2,0.0,0.0,0.0,0.0,237
2023-05-10 09:40:57,IO2312-P-4100,IO2312-P-4100,224.4,0.0,0.0,0.0,1,240.4,244.6,1,224.4,248.2,0.0,0.0,0.0,0.0,237
2023-05-10 09:40:58,IO2312-P-4100,IO2312-P-4100,224.4,0.0,0.0,0.0,1,240.4,244.4,1,224.4,248.2,0.0,0.0,0.0,0.0,237
2023-05-10 09:41:01,IO2312-P-4100,IO2312-P-4100,224.4,0.0,0.0,0.0,6,240.6,244.4,1,224.4,248.2,0.0,0.0,0.0,0.0,237
2023-05-10 09:41:04,IO2312-P-4100,IO2312-P-4100,224.4,0.0,0.0,0.0,1,240.8,244.4,1,224.4,248.2,0.0,0.0,0.0,0.0,237
2023-05-10 09:41:04,IO2312-P-4100,IO2312-P-4100,224.4,0.0,0.0,0.0,1,240.8,244.8,10,224.4,248.2,0.0,0.0,0.0,0.0,237
2023-05-10 09:41:05,IO2312-P-4100,IO2312-P-4100,224.4,0.0,0.0,0.0,7,240.8,244.8,1,224.4,248.2,0.0,0.0,0.0,0.0,237
2023-05-10 09:41:06,IO2312-P-4100,IO2312-P-4100,224.4,0.0,0.0,0.0,6,241.0,245.2,24,224.4,248.2,0.0,0.0,0.0,0.0,237
2023-05-10 09:41:07,IO2312-P-4100,IO2312-P-4100,224.4,0.0,0.0,0.0,1,241.4,245.2,6,224.4,248.2,0.0,0.0,0.0,0.0,237
2023-05-10 09:41:07,IO2312-P-4100,IO2312-P-4100,224.4,0.0,0.0,0.0,19,241.4,245.4,9,224.4,248.2,0.0,0.0,0.0,0.0,237
2023-05-10 09:41:08,IO2312-P-4100,IO2312-P-4100,224.4,0.0,0.0,0.0,25,241.4,245.4,6,224.4,248.2,0.0,0.0,0.0,0.0,237
2023-05-10 09:41:12,IO2312-P-4100,IO2312-P-4100,224.4,0.0,0.0,0.0,1,242.2,245.4,6,224.4,248.2,0.0,0.0,0.0,0.0,237
2023-05-10 09:41:12,IO2312-P-4100,IO2312-P-4100,224.4,0.0,0.0,0.0,1,242.2,245.6,19,224.4,248.2,0.0,0.0,0.0,0.0,237
2023-05-10 09:41:13,IO2312-P-4100,IO2312-P-4100,224.4,0.0,0.0,0.0,1,242.2,245.6,1,224.4,248.2,0.0,0.0,0.0,0.0,237
2023-05-10 09:41:16,IO2312-P-4100,IO2312-P-4100,224.4,0.0,0.0,0.0,1,242.2,245.4,1,224.4,248.2,0.0,0.0,0.0,0.0,237
2023-05-10 09:41:23,IO2312-P-4100,IO2312-P-4100,224.4,0.0,0.0,0.0,31,241.4,245.4,1,224.4,248.2,0.0,0.0,0.0,0.0,237
2023-05-10 09:41:25,IO2312-P-4100,IO2312-P-4100,224.4,0.0,0.0,0.0,1,242.0,245.4,1,224.4,248.2,0.0,0.0,0.0,0.0,237
2023-05-10 09:41:27,IO2312-P-4100,IO2312-P-4100,224.4,0.0,0.0,0.0,1,242.0,245.2,1,224.4,248.2,0.0,0.0,0.0,0.0,237
2023-05-10 09:41:27,IO2312-P-4100,IO2312-P-4100,224.4,0.0,0.0,0.0,24,241.4,245.2,1,224.4,248.2,0.0,0.0,0.0,0.0,237
2023-05-10 09:41:28,IO2312-P-4100,IO2312-P-4100,224.4,0.0,0.0,0.0,18,241.4,245.2,1,224.4,248.2,0.0,0.0,0.0,0.0,237
2023-05-10 09:41:29,IO2312-P-4100,IO2312-P-4100,224.4,0.0,0.0,0.0,12,241.4,245.2,1,224.4,248.2,0.0,0.0,0.0,0.0,237
2023-05-10 09:41:29,IO2312-P-4100,IO2312-P-4100,224.4,0.0,0.0,0.0,6,241.4,245.2,1,224.4,248.2,0.0,0.0,0.0,0.0,237
2023-05-10 09:41:31,IO2312-P-4100,IO2312-P-4100,224.4,0.0,0.0,0.0,1,241.8,245.2,1,224.4,248.2,0.0,0.0,0.0,0.0,237
2023-05-10 09:41:35,IO2312-P-4100,IO2312-P-4100,224.4,0.0,0.0,0.0,6,241.4,245.2,1,224.4,248.2,0.0,0.0,0.0,0.0,237
2023-05-10 09:41:37,IO2312-P-4100,IO2312-P-4100,224.4,0.0,0.0,0.0,6,241.4,245.0,1,224.4,248.2,0.0,0.0,0.0,0.0,237
2023-05-10 09:41:38,IO2312-P-4100,IO2312-P-4100,224.4,0.0,0.0,0.0,1,241.8,245.0,1,224.4,248.2,0.0,0.0,0.0,0.0,237
2023-05-10 09:41:40,IO2312-P-4100,IO2312-P-4100,224.4,0.0,0.0,0.0,6,241.4,245.0,1,224.4,248.2,0.0,0.0,0.0,0.0,237
2023-05-10 09:41:41,IO2312-P-4100,IO2312-P-4100,224.4,0.0,0.0,0.0,6,241.4,245.0,7,224.4,248.2,0.0,0.0,0.0,0.0,237
2023-05-10 09:41:42,IO2312-P-4100,IO2312-P-4100,224.4,0.0,0.0,0.0,30,241.0,245.0,7,224.4,248.2,0.0,0.0,0.0,0.0,237
2023-05-10 09:41:43,IO2312-P-4100,IO2312-P-4100,224.4,0.0,0.0,0.0,6,241.0,244.8,6,224.4,248.2,0.0,0.0,0.0,0.0,237
2023-05-10 09:41:43,IO2312-P-4100,IO2312-P-4100,224.4,0.0,0.0,0.0,36,240.6,244.8,6,224.4,248.2,0.0,0.0,0.0,0.0,237
2023-05-10 09:41:44,IO2312-P-4100,IO2312-P-4100,224.4,0.0,0.0,0.0,12,240.6,244.8,6,224.4,248.2,0.0,0.0,0.0,0.0,237
2023-05-10 09:41:44,IO2312-P-4100,IO2312-P-4100,224.4,0.0,0.0,0.0,13,240.4,244.8,6,224.4,248.2,0.0,0.0,0.0,0.0,237
2023-05-10 09:41:46,IO2312-P-4100,IO2312-P-4100,224.4,0.0,0.0,0.0,1,241.0,244.8,6,224.4,248.2,0.0,0.0,0.0,0.0,237
2023-05-10 09:41:48,IO2312-P-4100,IO2312-P-4100,224.4,0.0,0.0,0.0,1,241.0,245.0,18,224.4,248.2,0.0,0.0,0.0,0.0,237
2023-05-10 09:41:48,IO2312-P-4100,IO2312-P-4100,224.4,0.0,0.0,0.0,1,241.0,245.0,6,224.4,248.2,0.0,0.0,0.0,0.0,237
2023-05-10 09:41:49,IO2312-P-4100,IO2312-P-4100,224.4,0.0,0.0,0.0,7,241.0,245.2,15,224.4,248.2,0.0,0.0,0.0,0.0,237
2023-05-10 09:41:49,IO2312-P-4100,IO2312-P-4100,224.4,0.0,0.0,0.0,1,241.6,245.2,3,224.4,248.2,0.0,0.0,0.0,0.0,237
2023-05-10 09:41:50,IO2312-P-4100,IO2312-P-4100,224.4,0.0,0.0,0.0,7,241.6,245.4,24,224.4,248.2,0.0,0.0,0.0,0.0,237
2023-05-10 09:41:50,IO2312-P-4100,IO2312-P-4100,224.4,0.0,0.0,0.0,7,241.6,245.4,18,224.4,248.2,0.0,0.0,0.0,0.0,237
2023-05-10 09:41:51,IO2312-P-4100,IO2312-P-4100,224.4,0.0,0.0,0.0,1,242.2,245.4,15,224.4,248.2,0.0,0.0,0.0,0.0,237
2023-05-10 09:41:54,IO2312-P-4100,IO2312-P-4100,224.4,0.0,0.0,0.0,1,242.2,245.4,9,224.4,248.2,0.0,0.0,0.0,0.0,237
2023-05-10 09:41:55,IO2312-P-4100,IO2312-P-4100,224.4,0.0,0.0,0.0,1,242.2,245.4,3,224.4,248.2,0.0,0.0,0.0,0.0,237
2023-05-10 09:41:56,IO2312-P-4100,IO2312-P-4100,224.4,0.0,0.0,0.0,1,242.2,245.8,25,224.4,248.2,0.0,0.0,0.0,0.0,237
2023-05-10 09:41:56,IO2312-P-4100,IO2312-P-4100,224.4,0.0,0.0,0.0,1,242.2,245.8,13,224.4,248.2,0.0,0.0,0.0,0.0,237
2023-05-10 09:41:57,IO2312-P-4100,IO2312-P-4100,224.4,0.0,0.0,0.0,1,242.2,245.8,10,224.4,248.2,0.0,0.0,0.0,0.0,237
2023-05-10 09:42:02,IO2312-P-4100,IO2312-P-4100,224.4,0.0,0.0,0.0,1,242.2,245.8,9,224.4,248.2,0.0,0.0,0.0,0.0,237
2023-05-10 09:42:02,IO2312-P-4100,IO2312-P-4100,224.4,0.0,0.0,0.0,13,242.2,245.8,9,224.4,248.2,0.0,0.0,0.0,0.0,237
2023-05-10 09:42:03,IO2312-P-4100,IO2312-P-4100,224.4,0.0,0.0,0.0,1,243.0,245.8,3,224.4,248.2,0.0,0.0,0.0,0.0,237
2023-05-10 09:42:03,IO2312-P-4100,IO2312-P-4100,224.4,0.0,0.0,0.0,7,243.0,246.2,18,224.4,248.2,0.0,0.0,0.0,0.0,237
2023-05-10 09:42:04,IO2312-P-4100,IO2312-P-4100,224.4,0.0,0.0,0.0,7,243.0,246.4,12,224.4,248.2,0.0,0.0,0.0,0.0,237
2023-05-10 09:42:04,IO2312-P-4100,IO2312-P-4100,224.4,0.0,0.0,0.0,7,243.0,246.4,9,224.4,248.2,0.0,0.0,0.0,0.0,237
2023-05-10 09:42:09,IO2312-P-4100,IO2312-P-4100,224.4,0.0,0.0,0.0,1,243.0,246.4,10,224.4,248.2,0.0,0.0,0.0,0.0,237
2023-05-10 09:42:14,IO2312-P-4100,IO2312-P-4100,224.4,0.0,0.0,0.0,1,243.0,246.4,9,224.4,248.2,0.0,0.0,0.0,0.0,237
2023-05-10 09:42:15,IO2312-P-4100,IO2312-P-4100,224.4,0.0,0.0,0.0,1,242.4,246.4,9,224.4,248.2,0.0,0.0,0.0,0.0,237
2023-05-10 09:42:16,IO2312-P-4100,IO2312-P-4100,224.4,0.0,0.0,0.0,1,242.4,246.2,6,224.4,248.2,0.0,0.0,0.0,0.0,237
2023-05-10 09:42:23,IO2312-P-4100,IO2312-P-4100,224.4,0.0,0.0,0.0,1,242.4,246.4,15,224.4,248.2,0.0,0.0,0.0,0.0,237
2023-05-10 09:42:24,IO2312-P-4100,IO2312-P-4100,224.4,0.0,0.0,0.0,1,242.4,246.4,3,224.4,248.2,0.0,0.0,0.0,0.0,237
2023-05-10 09:42:24,IO2312-P-4100,IO2312-P-4100,224.4,0.0,0.0,0.0,1,242.4,246.6,12,224.4,248.2,0.0,0.0,0.0,0.0,237
2023-05-10 09:42:25,IO2312-P-4100,IO2312-P-4100,224.4,0.0,0.0,0.0,1,242.4,246.6,7,224.4,248.2,0.0,0.0,0.0,0.0,237
2023-05-10 09:42:25,IO2312-P-4100,IO2312-P-4100,224.4,0.0,0.0,0.0,1,242.4,246.6,10,224.4,248.2,0.0,0.0,0.0,0.0,237
2023-05-10 09:42:29,IO2312-P-4100,IO2312-P-4100,224.4,0.0,0.0,0.0,1,242.4,246.6,9,224.4,248.2,0.0,0.0,0.0,0.0,237
2023-05-10 09:42:47,IO2312-P-4100,IO2312-P-4100,224.4,0.0,0.0,0.0,1,242.4,246.4,6,224.4,248.2,0.0,0.0,0.0,0.0,237
2023-05-10 09:42:56,IO2312-P-4100,IO2312-P-4100,224.4,0.0,0.0,0.0,1,242.4,246.6,15,224.4,248.2,0.0,0.0,0.0,0.0,237
2023-05-10 09:42:56,IO2312-P-4100,IO2312-P-4100,224.4,0.0,0.0,0.0,1,242.4,246.6,9,224.4,248.2,0.0,0.0,0.0,0.0,237
2023-05-10 09:42:57,IO2312-P-4100,IO2312-P-4100,224.4,0.0,0.0,0.0,1,242.4,246.6,3,224.4,248.2,0.0,0.0,0.0,0.0,237
2023-05-10 09:42:57,IO2312-P-4100,IO2312-P-4100,224.4,0.0,0.0,0.0,1,242.4,246.8,24,224.4,248.2,0.0,0.0,0.0,0.0,237
2023-05-10 09:42:58,IO2312-P-4100,IO2312-P-4100,224.4,0.0,0.0,0.0,1,242.4,246.8,12,224.4,248.2,0.0,0.0,0.0,0.0,237
2023-05-10 09:42:58,IO2312-P-4100,IO2312-P-4100,224.4,0.0,0.0,0.0,1,242.4,246.8,9,224.4,248.2,0.0,0.0,0.0,0.0,237
2023-05-10 09:43:04,IO2312-P-4100,IO2312-P-4100,224.4,0.0,0.0,0.0,6,242.2,246.8,9,224.4,248.2,0.0,0.0,0.0,0.0,237
2023-05-10 09:43:05,IO2312-P-4100,IO2312-P-4100,224.4,0.0,0.0,0.0,7,242.2,246.8,9,224.4,248.2,0.0,0.0,0.0,0.0,237
2023-05-10 09:43:08,IO2312-P-4100,IO2312-P-4100,224.4,0.0,0.0,0.0,6,242.2,246.8,9,224.4,248.2,0.0,0.0,0.0,0.0,237
2023-05-10 09:43:09,IO2312-P-4100,IO2312-P-4100,224.4,0.0,0.0,0.0,6,242.2,246.2,1,224.4,248.2,0.0,0.0,0.0,0.0,237
2023-05-10 09:43:11,IO2312-P-4100,IO2312-P-4100,224.4,0.0,0.0,0.0,24,242.0,246.0,6,224.4,248.2,0.0,0.0,0.0,0.0,237
2023-05-10 09:43:11,IO2312-P-4100,IO2312-P-4100,224.4,0.0,0.0,0.0,6,242.0,246.0,9,224.4,248.2,0.0,0.0,0.0,0.0,237
2023-05-10 09:43:12,IO2312-P-4100,IO2312-P-4100,224.4,0.0,0.0,0.0,42,241.6,246.0,9,224.4,248.2,0.0,0.0,0.0,0.0,237
2023-05-10 09:43:12,IO2312-P-4100,IO2312-P-4100,224.4,0.0,0.0,0.0,18,241.6,246.0,9,224.4,248.2,0.0,0.0,0.0,0.0,237
2023-05-10 09:43:13,IO2312-P-4100,IO2312-P-4100,224.4,0.0,0.0,0.0,12,241.6,246.0,9,224.4,248.2,0.0,0.0,0.0,0.0,237
2023-05-10 09:43:13,IO2312-P-4100,IO2312-P-4100,224.4,0.0,0.0,0.0,6,241.6,246.0,9,224.4,248.2,0.0,0.0,0.0,0.0,237
2023-05-10 09:43:14,IO2312-P-4100,IO2312-P-4100,224.4,0.0,0.0,0.0,6,241.6,245.8,6,224.4,248.2,0.0,0.0,0.0,0.0,237
2023-05-10 09:43:22,IO2312-P-4100,IO2312-P-4100,224.4,0.0,0.0,0.0,6,241.6,245.2,1,224.4,248.2,0.0,0.0,0.0,0.0,237
2023-05-10 09:43:22,IO2312-P-4100,IO2312-P-4100,224.4,0.0,0.0,0.0,6,241.6,245.0,6,224.4,248.2,0.0,0.0,0.0,0.0,237
2023-05-10 09:43:24,IO2312-P-4100,IO2312-P-4100,224.4,0.0,0.0,0.0,7,241.0,245.0,6,224.4,248.2,0.0,0.0,0.0,0.0,237
2023-05-10 09:43:25,IO2312-P-4100,IO2312-P-4100,224.4,0.0,0.0,0.0,1,241.0,245.0,6,224.4,248.2,0.0,0.0,0.0,0.0,237
2023-05-10 09:43:42,IO2312-P-4100,IO2312-P-4100,224.4,0.0,0.0,0.0,7,241.0,245.2,12,224.4,248.2,0.0,0.0,0.0,0.0,237
2023-05-10 09:43:43,IO2312-P-4100,IO2312-P-4100,224.4,0.0,0.0,0.0,1,242.0,245.4,27,224.4,248.2,0.0,0.0,0.0,0.0,237
2023-05-10 09:43:43,IO2312-P-4100,IO2312-P-4100,224.4,0.0,0.0,0.0,1,242.0,245.4,12,224.4,248.2,0.0,0.0,0.0,0.0,237
2023-05-10 09:43:44,IO2312-P-4100,IO2312-P-4100,224.4,0.0,0.0,0.0,1,242.0,245.4,6,224.4,248.2,0.0,0.0,0.0,0.0,237
2023-05-10 09:43:44,IO2312-P-4100,IO2312-P-4100,224.4,0.0,0.0,0.0,1,242.0,245.6,21,224.4,248.2,0.0,0.0,0.0,0.0,237
2023-05-10 09:43:45,IO2312-P-4100,IO2312-P-4100,224.4,0.0,0.0,0.0,1,242.0,245.6,15,224.4,248.2,0.0,0.0,0.0,0.0,237
2023-05-10 09:43:46,IO2312-P-4100,IO2312-P-4100,224.4,0.0,0.0,0.0,1,242.0,245.6,9,224.4,248.2,0.0,0.0,0.0,0.0,237
2023-05-10 09:43:46,IO2312-P-4100,IO2312-P-4100,224.4,0.0,0.0,0.0,1,242.0,245.6,6,224.4,248.2,0.0,0.0,0.0,0.0,237
2023-05-10 09:43:50,IO2312-P-4100,IO2312-P-4100,224.4,0.0,0.0,0.0,1,242.0,245.8,18,224.4,248.2,0.0,0.0,0.0,0.0,237
2023-05-10 09:43:51,IO2312-P-4100,IO2312-P-4100,224.4,0.0,0.0,0.0,1,242.0,245.8,6,224.4,248.2,0.0,0.0,0.0,0.0,237
2023-05-10 09:43:58,IO2312-P-4100,IO2312-P-4100,224.4,0.0,0.0,0.0,1,242.0,245.8,7,224.4,248.2,0.0,0.0,0.0,0.0,237
2023-05-10 09:44:02,IO2312-P-4100,IO2312-P-4100,224.4,0.0,0.0,0.0,1,242.0,245.8,6,224.4,248.2,0.0,0.0,0.0,0.0,237
2023-05-10 09:44:03,IO2312-P-4100,IO2312-P-4100,224.4,0.0,0.0,0.0,7,242.0,245.8,6,224.4,248.2,0.0,0.0,0.0,0.0,237
2023-05-10 09:44:03,IO2312-P-4100,IO2312-P-4100,224.4,0.0,0.0,0.0,1,243.0,246.0,12,224.4,248.2,0.0,0.0,0.0,0.0,237
2023-05-10 09:44:04,IO2312-P-4100,IO2312-P-4100,224.4,0.0,0.0,0.0,1,243.0,246.2,18,224.4,248.2,0.0,0.0,0.0,0.0,237
2023-05-10 09:44:04,IO2312-P-4100,IO2312-P-4100,224.4,0.0,0.0,0.0,1,243.0,246.2,12,224.4,248.2,0.0,0.0,0.0,0.0,237
2023-05-10 09:44:05,IO2312-P-4100,IO2312-P-4100,224.4,0.0,0.0,0.0,1,243.0,246.2,6,224.4,248.2,0.0,0.0,0.0,0.0,237
2023-05-10 09:44:12,IO2312-P-4100,IO2312-P-4100,224.4,0.0,0.0,0.0,1,242.4,246.2,7,224.4,248.2,0.0,0.0,0.0,0.0,237
2023-05-10 09:44:13,IO2312-P-4100,IO2312-P-4100,224.4,0.0,0.0,0.0,1,242.4,246.2,13,224.4,248.2,0.0,0.0,0.0,0.0,237
2023-05-10 09:44:13,IO2312-P-4100,IO2312-P-4100,224.4,0.0,0.0,0.0,1,242.4,246.2,19,224.4,248.2,0.0,0.0,0.0,0.0,237
2023-05-10 09:44:15,IO2312-P-4100,IO2312-P-4100,224.4,0.0,0.0,0.0,1,242.4,246.2,13,224.4,248.2,0.0,0.0,0.0,0.0,237
2023-05-10 09:44:23,IO2312-P-4100,IO2312-P-4100,224.4,0.0,0.0,0.0,1,242.4,246.0,1,224.4,248.2,0.0,0.0,0.0,0.0,237
2023-05-10 09:44:34,IO2312-P-4100,IO2312-P-4100,224.4,0.0,0.0,0.0,1,242.4,246.2,6,224.4,248.2,0.0,0.0,0.0,0.0,237
2023-05-10 09:44:42,IO2312-P-4100,IO2312-P-4100,224.4,0.0,0.0,0.0,12,242.0,246.2,6,224.4,248.2,0.0,0.0,0.0,0.0,237
2023-05-10 09:44:43,IO2312-P-4100,IO2312-P-4100,224.4,0.0,0.0,0.0,12,242.0,246.4,19,224.4,248.2,0.0,0.0,0.0,0.0,237
2023-05-10 09:44:43,IO2312-P-4100,IO2312-P-4100,224.4,0.0,0.0,0.0,12,242.0,246.4,1,224.4,248.2,0.0,0.0,0.0,0.0,237
2023-05-10 09:44:45,IO2312-P-4100,IO2312-P-4100,224.4,0.0,0.0,0.0,12,242.0,246.2,1,224.4,248.2,0.0,0.0,0.0,0.0,237
2023-05-10 09:44:47,IO2312-P-4100,IO2312-P-4100,224.4,0.0,0.0,0.0,1,242.4,246.2,1,224.4,248.2,0.0,0.0,0.0,0.0,237
2023-05-10 09:44:50,IO2312-P-4100,IO2312-P-4100,224.4,0.0,0.0,0.0,1,242.4,246.6,22,224.4,248.2,0.0,0.0,0.0,0.0,237
2023-05-10 09:44:58,IO2312-P-4100,IO2312-P-4100,224.4,0.0,0.0,0.0,1,242.4,246.4,6,224.4,248.2,0.0,0.0,0.0,0.0,237
2023-05-10 09:45:02,IO2312-P-4100,IO2312-P-4100,224.4,0.0,0.0,0.0,1,242.4,246.6,28,224.4,248.2,0.0,0.0,0.0,0.0,237
2023-05-10 09:45:03,IO2312-P-4100,IO2312-P-4100,224.4,0.0,0.0,0.0,1,242.4,246.4,1,224.4,248.2,0.0,0.0,0.0,0.0,237
2023-05-10 09:45:13,IO2312-P-4100,IO2312-P-4100,224.4,0.0,0.0,0.0,1,242.4,246.2,1,224.4,248.2,0.0,0.0,0.0,0.0,237
2023-05-10 09:45:16,IO2312-P-4100,IO2312-P-4100,224.4,0.0,0.0,0.0,6,241.8,246.0,6,224.4,248.2,0.0,0.0,0.0,0.0,237
2023-05-10 09:45:17,IO2312-P-4100,IO2312-P-4100,224.4,0.0,0.0,0.0,30,241.6,246.0,9,224.4,248.2,0.0,0.0,0.0,0.0,237
2023-05-10 09:45:17,IO2312-P-4100,IO2312-P-4100,224.4,0.0,0.0,0.0,12,241.6,245.8,6,224.4,248.2,0.0,0.0,0.0,0.0,237
2023-05-10 09:45:18,IO2312-P-4100,IO2312-P-4100,224.4,0.0,0.0,0.0,6,241.6,245.8,6,224.4,248.2,0.0,0.0,0.0,0.0,237
2023-05-10 09:45:18,IO2312-P-4100,IO2312-P-4100,224.4,0.0,0.0,0.0,18,241.2,245.8,6,224.4,248.2,0.0,0.0,0.0,0.0,237
2023-05-10 09:45:19,IO2312-P-4100,IO2312-P-4100,224.4,0.0,0.0,0.0,12,241.2,245.0,1,224.4,248.2,0.0,0.0,0.0,0.0,237
2023-05-10 09:45:19,IO2312-P-4100,IO2312-P-4100,224.4,0.0,0.0,0.0,6,241.2,245.0,1,224.4,248.2,0.0,0.0,0.0,0.0,237
2023-05-10 09:45:22,IO2312-P-4100,IO2312-P-4100,224.4,0.0,0.0,0.0,6,241.2,245.2,4,224.4,248.2,0.0,0.0,0.0,0.0,237
2023-05-10 09:45:22,IO2312-P-4100,IO2312-P-4100,224.4,0.0,0.0,0.0,6,241.2,245.8,30,224.4,248.2,0.0,0.0,0.0,0.0,237
2023-05-10 09:45:23,IO2312-P-4100,IO2312-P-4100,224.4,0.0,0.0,0.0,6,241.2,245.8,6,224.4,248.2,0.0,0.0,0.0,0.0,237
2023-05-10 09:45:23,IO2312-P-4100,IO2312-P-4100,224.4,0.0,0.0,0.0,1,241.8,245.8,9,224.4,248.2,0.0,0.0,0.0,0.0,237
2023-05-10 09:45:50,IO2312-P-4100,IO2312-P-4100,224.4,0.0,0.0,0.0,7,241.8,245.8,3,224.4,248.2,0.0,0.0,0.0,0.0,237
2023-05-10 09:45:50,IO2312-P-4100,IO2312-P-4100,224.4,0.0,0.0,0.0,7,241.8,246.0,1,224.4,248.2,0.0,0.0,0.0,0.0,237
2023-05-10 09:45:54,IO2312-P-4100,IO2312-P-4100,224.4,0.0,0.0,0.0,7,241.8,245.8,1,224.4,248.2,0.0,0.0,0.0,0.0,237
2023-05-10 09:45:54,IO2312-P-4100,IO2312-P-4100,224.4,0.0,0.0,0.0,1,241.8,245.8,7,224.4,248.2,0.0,0.0,0.0,0.0,237
2023-05-10 09:46:06,IO2312-P-4100,IO2312-P-4100,224.4,0.0,0.0,0.0,6,242.0,246.0,6,224.4,248.2,0.0,0.0,0.0,0.0,237
2023-05-10 09:46:07,IO2312-P-4100,IO2312-P-4100,224.4,0.0,0.0,0.0,6,242.0,246.2,15,224.4,248.2,0.0,0.0,0.0,0.0,237
2023-05-10 09:46:07,IO2312-P-4100,IO2312-P-4100,224.4,0.0,0.0,0.0,1,242.6,246.2,3,224.4,248.2,0.0,0.0,0.0,0.0,237
2023-05-10 09:46:08,IO2312-P-4100,IO2312-P-4100,224.4,0.0,0.0,0.0,1,242.6,246.4,19,224.4,248.2,0.0,0.0,0.0,0.0,237
2023-05-10 09:46:08,IO2312-P-4100,IO2312-P-4100,224.4,0.0,0.0,0.0,1,242.6,246.4,1,224.4,248.2,0.0,0.0,0.0,0.0,237
2023-05-10 09:46:09,IO2312-P-4100,IO2312-P-4100,224.4,0.0,0.0,0.0,1,242.6,246.6,33,224.4,248.2,0.0,0.0,0.0,0.0,237
2023-05-10 09:46:09,IO2312-P-4100,IO2312-P-4100,224.4,0.0,0.0,0.0,1,242.6,246.6,21,224.4,248.2,0.0,0.0,0.0,0.0,237
2023-05-10 09:46:11,IO2312-P-4100,IO2312-P-4100,224.4,0.0,0.0,0.0,1,242.6,246.6,15,224.4,248.2,0.0,0.0,0.0,0.0,237
2023-05-10 09:46:12,IO2312-P-4100,IO2312-P-4100,224.4,0.0,0.0,0.0,1,242.6,246.6,9,224.4,248.2,0.0,0.0,0.0,0.0,237
2023-05-10 09:46:12,IO2312-P-4100,IO2312-P-4100,224.4,0.0,0.0,0.0,1,242.6,246.6,3,224.4,248.2,0.0,0.0,0.0,0.0,237
2023-05-10 09:46:13,IO2312-P-4100,IO2312-P-4100,224.4,0.0,0.0,0.0,1,242.6,246.6,6,224.4,248.2,0.0,0.0,0.0,0.0,237
2023-05-10 09:46:14,IO2312-P-4100,IO2312-P-4100,224.4,0.0,0.0,0.0,1,242.6,246.6,9,224.4,248.2,0.0,0.0,0.0,0.0,237
2023-05-10 09:46:15,IO2312-P-4100,IO2312-P-4100,224.4,0.0,0.0,0.0,1,242.6,246.6,3,224.4,248.2,0.0,0.0,0.0,0.0,237
2023-05-10 09:46:16,IO2312-P-4100,IO2312-P-4100,224.4,0.0,0.0,0.0,1,242.6,246.8,7,224.4,248.2,0.0,0.0,0.0,0.0,237
2023-05-10 09:46:17,IO2312-P-4100,IO2312-P-4100,224.4,0.0,0.0,0.0,1,242.6,246.8,10,224.4,248.2,0.0,0.0,0.0,0.0,237
2023-05-10 09:46:18,IO2312-P-4100,IO2312-P-4100,224.4,0.0,0.0,0.0,1,242.6,246.6,1,224.4,248.2,0.0,0.0,0.0,0.0,237
2023-05-10 09:46:22,IO2312-P-4100,IO2312-P-4100,224.4,0.0,0.0,0.0,1,242.6,246.4,6,224.4,248.2,0.0,0.0,0.0,0.0,237
2023-05-10 09:46:22,IO2312-P-4100,IO2312-P-4100,224.4,0.0,0.0,0.0,18,242.0,246.4,6,224.4,248.2,0.0,0.0,0.0,0.0,237
2023-05-10 09:46:23,IO2312-P-4100,IO2312-P-4100,224.4,0.0,0.0,0.0,6,242.0,246.2,1,224.4,248.2,0.0,0.0,0.0,0.0,237
2023-05-10 09:46:25,IO2312-P-4100,IO2312-P-4100,224.4,0.0,0.0,0.0,30,241.8,246.2,1,224.4,248.2,0.0,0.0,0.0,0.0,237
2023-05-10 09:46:26,IO2312-P-4100,IO2312-P-4100,224.4,0.0,0.0,0.0,18,241.8,246.2,1,224.4,248.2,0.0,0.0,0.0,0.0,237
2023-05-10 09:46:26,IO2312-P-4100,IO2312-P-4100,224.4,0.0,0.0,0.0,6,241.8,246.0,6,224.4,248.2,0.0,0.0,0.0,0.0,237
2023-05-10 09:46:27,IO2312-P-4100,IO2312-P-4100,224.4,0.0,0.0,0.0,42,241.2,246.0,9,224.4,248.2,0.0,0.0,0.0,0.0,237
2023-05-10 09:46:27,IO2312-P-4100,IO2312-P-4100,224.4,0.0,0.0,0.0,12,241.2,245.8,6,224.4,248.2,0.0,0.0,0.0,0.0,237
2023-05-10 09:46:28,IO2312-P-4100,IO2312-P-4100,224.4,0.0,0.0,0.0,19,241.0,245.8,6,224.4,248.2,0.0,0.0,0.0,0.0,237
2023-05-10 09:46:28,IO2312-P-4100,IO2312-P-4100,224.4,0.0,0.0,0.0,1,241.6,245.8,6,224.4,248.2,0.0,0.0,0.0,0.0,237
2023-05-10 09:46:29,IO2312-P-4100,IO2312-P-4100,224.4,0.0,0.0,0.0,1,241.6,246.0,22,224.4,248.2,0.0,0.0,0.0,0.0,237
2023-05-10 09:46:34,IO2312-P-4100,IO2312-P-4100,224.4,0.0,0.0,0.0,1,241.6,246.0,15,224.4,248.2,0.0,0.0,0.0,0.0,237
2023-05-10 09:46:38,IO2312-P-4100,IO2312-P-4100,224.4,0.0,0.0,0.0,6,241.8,246.0,9,224.4,248.2,0.0,0.0,0.0,0.0,237
2023-05-10 09:46:38,IO2312-P-4100,IO2312-P-4100,224.4,0.0,0.0,0.0,1,242.2,246.0,9,224.4,248.2,0.0,0.0,0.0,0.0,237
2023-05-10 09:46:39,IO2312-P-4100,IO2312-P-4100,224.4,0.0,0.0,0.0,1,242.2,246.0,3,224.4,248.2,0.0,0.0,0.0,0.0,237
2023-05-10 09:46:39,IO2312-P-4100,IO2312-P-4100,224.4,0.0,0.0,0.0,1,242.2,246.2,2,224.4,248.2,0.0,0.0,0.0,0.0,237
2023-05-10 09:46:43,IO2312-P-4100,IO2312-P-4100,224.4,0.0,0.0,0.0,6,241.8,246.2,2,224.4,248.2,0.0,0.0,0.0,0.0,237
2023-05-10 09:46:43,IO2312-P-4100,IO2312-P-4100,224.4,0.0,0.0,0.0,24,241.6,246.0,6,224.4,248.2,0.0,0.0,0.0,0.0,237
2023-05-10 09:46:44,IO2312-P-4100,IO2312-P-4100,224.4,0.0,0.0,0.0,6,241.6,246.0,6,224.4,248.2,0.0,0.0,0.0,0.0,237
2023-05-10 09:46:44,IO2312-P-4100,IO2312-P-4100,224.4,0.0,0.0,0.0,25,241.4,246.0,6,224.4,248.2,0.0,0.0,0.0,0.0,237
2023-05-10 09:46:45,IO2312-P-4100,IO2312-P-4100,224.4,0.0,0.0,0.0,19,241.4,246.0,6,224.4,248.2,0.0,0.0,0.0,0.0,237
2023-05-10 09:46:45,IO2312-P-4100,IO2312-P-4100,224.4,0.0,0.0,0.0,13,241.4,246.0,6,224.4,248.2,0.0,0.0,0.0,0.0,237
2023-05-10 09:46:47,IO2312-P-4100,IO2312-P-4100,224.4,0.0,0.0,0.0,7,241.4,246.0,6,224.4,248.2,0.0,0.0,0.0,0.0,237
2023-05-10 09:46:48,IO2312-P-4100,IO2312-P-4100,224.4,0.0,0.0,0.0,1,241.4,246.0,6,224.4,248.2,0.0,0.0,0.0,0.0,237
2023-05-10 09:46:50,IO2312-P-4100,IO2312-P-4100,224.4,0.0,0.0,0.0,1,241.4,246.0,7,224.4,248.2,0.0,0.0,0.0,0.0,237
2023-05-10 09:46:51,IO2312-P-4100,IO2312-P-4100,224.4,0.0,0.0,0.0,1,241.4,245.8,6,224.4,248.2,0.0,0.0,0.0,0.0,237
2023-05-10 09:46:51,IO2312-P-4100,IO2312-P-4100,224.4,0.0,0.0,0.0,1,241.4,245.8,9,224.4,248.2,0.0,0.0,0.0,0.0,237
2023-05-10 09:46:52,IO2312-P-4100,IO2312-P-4100,224.4,0.0,0.0,0.0,1,241.4,245.6,6,224.4,248.2,0.0,0.0,0.0,0.0,237
2023-05-10 09:46:54,IO2312-P-4100,IO2312-P-4100,224.4,0.0,0.0,0.0,1,241.4,245.8,9,224.4,248.2,0.0,0.0,0.0,0.0,237
2023-05-10 09:46:57,IO2312-P-4100,IO2312-P-4100,224.4,0.0,0.0,0.0,12,241.6,245.8,3,224.4,248.2,0.0,0.0,0.0,0.0,237
2023-05-10 09:46:58,IO2312-P-4100,IO2312-P-4100,224.4,0.0,0.0,0.0,1,242.4,246.2,19,224.4,248.2,0.0,0.0,0.0,0.0,237
2023-05-10 09:46:58,IO2312-P-4100,IO2312-P-4100,224.4,0.0,0.0,0.0,1,242.4,246.2,1,224.4,248.2,0.0,0.0,0.0,0.0,237
2023-05-10 09:47:01,IO2312-P-4100,IO2312-P-4100,224.4,0.0,0.0,0.0,1,242.4,246.4,27,224.4,248.2,0.0,0.0,0.0,0.0,237
2023-05-10 09:47:02,IO2312-P-4100,IO2312-P-4100,224.4,0.0,0.0,0.0,1,242.4,246.4,15,224.4,248.2,0.0,0.0,0.0,0.0,237
2023-05-10 09:47:02,IO2312-P-4100,IO2312-P-4100,224.4,0.0,0.0,0.0,1,242.4,246.4,9,224.4,248.2,0.0,0.0,0.0,0.0,237
2023-05-10 09:47:03,IO2312-P-4100,IO2312-P-4100,224.4,0.0,0.0,0.0,1,242.4,246.4,15,224.4,248.2,0.0,0.0,0.0,0.0,237
2023-05-10 09:47:03,IO2312-P-4100,IO2312-P-4100,224.4,0.0,0.0,0.0,1,242.4,246.4,9,224.4,248.2,0.0,0.0,0.0,0.0,237
2023-05-10 09:47:06,IO2312-P-4100,IO2312-P-4100,224.4,0.0,0.0,0.0,1,242.4,246.4,15,224.4,248.2,0.0,0.0,0.0,0.0,237
2023-05-10 09:47:07,IO2312-P-4100,IO2312-P-4100,224.4,0.0,0.0,0.0,1,242.4,246.4,21,224.4,248.2,0.0,0.0,0.0,0.0,237
2023-05-10 09:47:09,IO2312-P-4100,IO2312-P-4100,224.4,0.0,0.0,0.0,1,242.4,246.2,6,224.4,248.2,0.0,0.0,0.0,0.0,237
2023-05-10 09:47:15,IO2312-P-4100,IO2312-P-4100,224.4,0.0,0.0,0.0,1,242.4,246.4,22,224.4,248.2,0.0,0.0,0.0,0.0,237
2023-05-10 09:47:15,IO2312-P-4100,IO2312-P-4100,224.4,0.0,0.0,0.0,1,242.4,246.4,16,224.4,248.2,0.0,0.0,0.0,0.0,237
2023-05-10 09:47:16,IO2312-P-4100,IO2312-P-4100,224.4,0.0,0.0,0.0,1,242.4,246.4,10,224.4,248.2,0.0,0.0,0.0,0.0,237
2023-05-10 09:47:23,IO2312-P-4100,IO2312-P-4100,224.4,0.0,0.0,0.0,1,242.4,246.2,1,224.4,248.2,0.0,0.0,0.0,0.0,237
2023-05-10 09:47:38,IO2312-P-4100,IO2312-P-4100,224.4,0.0,0.0,0.0,1,242.4,246.0,1,224.4,248.2,0.0,0.0,0.0,0.0,237
2023-05-10 09:47:45,IO2312-P-4100,IO2312-P-4100,224.4,0.0,0.0,0.0,1,242.4,246.4,16,224.4,248.2,0.0,0.0,0.0,0.0,237
2023-05-10 09:47:45,IO2312-P-4100,IO2312-P-4100,224.4,0.0,0.0,0.0,1,242.4,246.4,10,224.4,248.2,0.0,0.0,0.0,0.0,237
2023-05-10 09:47:50,IO2312-P-4100,IO2312-P-4100,224.4,0.0,0.0,0.0,6,242.0,246.0,1,224.4,248.2,0.0,0.0,0.0,0.0,237
2023-05-10 09:47:51,IO2312-P-4100,IO2312-P-4100,224.4,0.0,0.0,0.0,1,241.8,246.0,7,224.4,248.2,0.0,0.0,0.0,0.0,237
2023-05-10 09:47:56,IO2312-P-4100,IO2312-P-4100,224.4,0.0,0.0,0.0,12,241.6,246.0,7,224.4,248.2,0.0,0.0,0.0,0.0,237
2023-05-10 09:47:57,IO2312-P-4100,IO2312-P-4100,224.4,0.0,0.0,0.0,6,241.4,246.0,7,224.4,248.2,0.0,0.0,0.0,0.0,237
2023-05-10 09:48:01,IO2312-P-4100,IO2312-P-4100,224.4,0.0,0.0,0.0,1,241.8,246.0,7,224.4,248.2,0.0,0.0,0.0,0.0,237
2023-05-10 09:48:08,IO2312-P-4100,IO2312-P-4100,224.4,0.0,0.0,0.0,6,241.4,246.0,7,224.4,248.2,0.0,0.0,0.0,0.0,237
2023-05-10 09:48:08,IO2312-P-4100,IO2312-P-4100,224.4,0.0,0.0,0.0,37,241.2,245.8,6,224.4,248.2,0.0,0.0,0.0,0.0,237
2023-05-10 09:48:09,IO2312-P-4100,IO2312-P-4100,224.4,0.0,0.0,0.0,13,241.2,245.8,9,224.4,248.2,0.0,0.0,0.0,0.0,237
2023-05-10 09:48:09,IO2312-P-4100,IO2312-P-4100,224.4,0.0,0.0,0.0,7,241.2,245.6,6,224.4,248.2,0.0,0.0,0.0,0.0,237
2023-05-10 09:48:10,IO2312-P-4100,IO2312-P-4100,224.4,0.0,0.0,0.0,6,241.0,245.0,1,224.4,248.2,0.0,0.0,0.0,0.0,237
2023-05-10 09:48:10,IO2312-P-4100,IO2312-P-4100,224.4,0.0,0.0,0.0,30,240.8,244.8,6,224.4,248.2,0.0,0.0,0.0,0.0,237
2023-05-10 09:48:11,IO2312-P-4100,IO2312-P-4100,224.4,0.0,0.0,0.0,12,240.8,244.8,6,224.4,248.2,0.0,0.0,0.0,0.0,237
2023-05-10 09:48:11,IO2312-P-4100,IO2312-P-4100,224.4,0.0,0.0,0.0,7,240.2,244.8,6,224.4,248.2,0.0,0.0,0.0,0.0,237
2023-05-10 09:48:12,IO2312-P-4100,IO2312-P-4100,224.4,0.0,0.0,0.0,36,240.0,243.8,1,224.4,248.2,0.0,0.0,0.0,0.0,237
2023-05-10 09:48:12,IO2312-P-4100,IO2312-P-4100,224.4,0.0,0.0,0.0,12,240.0,243.8,1,224.4,248.2,0.0,0.0,0.0,0.0,237
2023-05-10 09:48:13,IO2312-P-4100,IO2312-P-4100,224.4,0.0,0.0,0.0,25,239.8,243.8,1,224.4,248.2,0.0,0.0,0.0,0.0,237
2023-05-10 09:48:14,IO2312-P-4100,IO2312-P-4100,224.4,0.0,0.0,0.0,6,240.0,243.8,1,224.4,248.2,0.0,0.0,0.0,0.0,237
2023-05-10 09:48:14,IO2312-P-4100,IO2312-P-4100,224.4,0.0,0.0,0.0,1,240.4,243.8,1,224.4,248.2,0.0,0.0,0.0,0.0,237
2023-05-10 09:48:15,IO2312-P-4100,IO2312-P-4100,224.4,0.0,0.0,0.0,7,240.4,243.8,1,224.4,248.2,0.0,0.0,0.0,0.0,237
2023-05-10 09:48:16,IO2312-P-4100,IO2312-P-4100,224.4,0.0,0.0,0.0,7,240.4,244.2,18,224.4,248.2,0.0,0.0,0.0,0.0,237
2023-05-10 09:48:17,IO2312-P-4100,IO2312-P-4100,224.4,0.0,0.0,0.0,7,240.4,244.4,12,224.4,248.2,0.0,0.0,0.0,0.0,237
2023-05-10 09:48:17,IO2312-P-4100,IO2312-P-4100,224.4,0.0,0.0,0.0,7,240.4,244.6,27,224.4,248.2,0.0,0.0,0.0,0.0,237
2023-05-10 09:48:18,IO2312-P-4100,IO2312-P-4100,224.4,0.0,0.0,0.0,6,240.6,244.6,6,224.4,248.2,0.0,0.0,0.0,0.0,237
2023-05-10 09:48:18,IO2312-P-4100,IO2312-P-4100,224.4,0.0,0.0,0.0,1,241.6,244.8,6,224.4,248.2,0.0,0.0,0.0,0.0,237
2023-05-10 09:48:20,IO2312-P-4100,IO2312-P-4100,224.4,0.0,0.0,0.0,1,241.6,245.0,3,224.4,248.2,0.0,0.0,0.0,0.0,237
2023-05-10 09:48:21,IO2312-P-4100,IO2312-P-4100,224.4,0.0,0.0,0.0,1,241.6,245.2,7,224.4,248.2,0.0,0.0,0.0,0.0,237
2023-05-10 09:48:21,IO2312-P-4100,IO2312-P-4100,224.4,0.0,0.0,0.0,1,241.6,245.2,1,224.4,248.2,0.0,0.0,0.0,0.0,237
2023-05-10 09:48:25,IO2312-P-4100,IO2312-P-4100,224.4,0.0,0.0,0.0,1,241.6,245.0,6,224.4,248.2,0.0,0.0,0.0,0.0,237
2023-05-10 09:48:27,IO2312-P-4100,IO2312-P-4100,224.4,0.0,0.0,0.0,1,241.6,245.0,7,224.4,248.2,0.0,0.0,0.0,0.0,237
2023-05-10 09:48:29,IO2312-P-4100,IO2312-P-4100,224.4,0.0,0.0,0.0,1,241.0,245.0,7,224.4,248.2,0.0,0.0,0.0,0.0,237
2023-05-10 09:48:37,IO2312-P-4100,IO2312-P-4100,224.4,0.0,0.0,0.0,1,241.0,244.8,2,224.4,248.2,0.0,0.0,0.0,0.0,237
2023-05-10 09:48:37,IO2312-P-4100,IO2312-P-4100,224.4,0.0,0.0,0.0,1,241.0,244.6,6,224.4,248.2,0.0,0.0,0.0,0.0,237
2023-05-10 09:48:38,IO2312-P-4100,IO2312-P-4100,224.4,0.0,0.0,0.0,1,241.0,244.6,9,224.4,248.2,0.0,0.0,0.0,0.0,237
2023-05-10 09:48:38,IO2312-P-4100,IO2312-P-4100,224.4,0.0,0.0,0.0,1,241.0,244.4,6,224.4,248.2,0.0,0.0,0.0,0.0,237
2023-05-10 09:48:40,IO2312-P-4100,IO2312-P-4100,224.4,0.0,0.0,0.0,1,241.0,244.6,15,224.4,248.2,0.0,0.0,0.0,0.0,237
2023-05-10 09:48:40,IO2312-P-4100,IO2312-P-4100,224.4,0.0,0.0,0.0,1,241.0,244.4,6,224.4,248.2,0.0,0.0,0.0,0.0,237
2023-05-10 09:48:47,IO2312-P-4100,IO2312-P-4100,224.4,0.0,0.0,0.0,1,241.0,244.6,9,224.4,248.2,0.0,0.0,0.0,0.0,237
2023-05-10 09:48:48,IO2312-P-4100,IO2312-P-4100,224.4,0.0,0.0,0.0,1,241.0,244.6,3,224.4,248.2,0.0,0.0,0.0,0.0,237
2023-05-10 09:48:49,IO2312-P-4100,IO2312-P-4100,224.4,0.0,0.0,0.0,1,241.0,244.8,13,224.4,248.2,0.0,0.0,0.0,0.0,237
2023-05-10 09:48:49,IO2312-P-4100,IO2312-P-4100,224.4,0.0,0.0,0.0,1,241.0,245.0,6,224.4,248.2,0.0,0.0,0.0,0.0,237
2023-05-10 09:48:50,IO2312-P-4100,IO2312-P-4100,224.4,0.0,0.0,0.0,1,241.0,245.2,21,224.4,248.2,0.0,0.0,0.0,0.0,237
2023-05-10 09:48:50,IO2312-P-4100,IO2312-P-4100,224.4,0.0,0.0,0.0,1,241.0,245.2,9,224.4,248.2,0.0,0.0,0.0,0.0,237
2023-05-10 09:48:51,IO2312-P-4100,IO2312-P-4100,224.4,0.0,0.0,0.0,6,241.2,245.2,9,224.4,248.2,0.0,0.0,0.0,0.0,237
2023-05-10 09:48:52,IO2312-P-4100,IO2312-P-4100,224.4,0.0,0.0,0.0,1,242.8,245.2,9,224.4,248.2,0.0,0.0,0.0,0.0,237
2023-05-10 09:48:52,IO2312-P-4100,IO2312-P-4100,224.4,0.0,0.0,0.0,1,242.8,245.2,3,224.4,248.2,0.0,0.0,0.0,0.0,237
2023-05-10 09:48:53,IO2312-P-4100,IO2312-P-4100,224.4,0.0,0.0,0.0,1,242.8,245.4,6,224.4,248.2,0.0,0.0,0.0,0.0,237
2023-05-10 09:48:53,IO2312-P-4100,IO2312-P-4100,224.4,0.0,0.0,0.0,1,242.8,245.6,1,224.4,248.2,0.0,0.0,0.0,0.0,237
2023-05-10 09:48:59,IO2312-P-4100,IO2312-P-4100,224.4,0.0,0.0,0.0,1,242.8,245.8,33,224.4,248.2,0.0,0.0,0.0,0.0,237
2023-05-10 09:48:59,IO2312-P-4100,IO2312-P-4100,224.4,0.0,0.0,0.0,1,242.8,245.8,21,224.4,248.2,0.0,0.0,0.0,0.0,237
2023-05-10 09:49:00,IO2312-P-4100,IO2312-P-4100,224.4,0.0,0.0,0.0,1,242.8,245.8,15,224.4,248.2,0.0,0.0,0.0,0.0,237
2023-05-10 09:49:01,IO2312-P-4100,IO2312-P-4100,224.4,0.0,0.0,0.0,1,242.8,245.8,9,224.4,248.2,0.0,0.0,0.0,0.0,237
2023-05-10 09:49:02,IO2312-P-4100,IO2312-P-4100,224.4,0.0,0.0,0.0,1,242.8,245.8,6,224.4,248.2,0.0,0.0,0.0,0.0,237
2023-05-10 09:49:03,IO2312-P-4100,IO2312-P-4100,224.4,0.0,0.0,0.0,1,242.8,245.8,9,224.4,248.2,0.0,0.0,0.0,0.0,237
2023-05-10 09:49:04,IO2312-P-4100,IO2312-P-4100,224.4,0.0,0.0,0.0,1,242.8,245.8,6,224.4,248.2,0.0,0.0,0.0,0.0,237
2023-05-10 09:49:05,IO2312-P-4100,IO2312-P-4100,224.4,0.0,0.0,0.0,1,242.8,245.8,9,224.4,248.2,0.0,0.0,0.0,0.0,237
2023-05-10 09:49:07,IO2312-P-4100,IO2312-P-4100,224.4,0.0,0.0,0.0,1,242.8,245.8,6,224.4,248.2,0.0,0.0,0.0,0.0,237
2023-05-10 09:49:14,IO2312-P-4100,IO2312-P-4100,224.4,0.0,0.0,0.0,19,242.0,245.8,6,224.4,248.2,0.0,0.0,0.0,0.0,237
2023-05-10 09:49:15,IO2312-P-4100,IO2312-P-4100,224.4,0.0,0.0,0.0,13,242.0,245.8,6,224.4,248.2,0.0,0.0,0.0,0.0,237
2023-05-10 09:49:15,IO2312-P-4100,IO2312-P-4100,224.4,0.0,0.0,0.0,7,242.0,245.8,6,224.4,248.2,0.0,0.0,0.0,0.0,237
2023-05-10 09:49:16,IO2312-P-4100,IO2312-P-4100,224.4,0.0,0.0,0.0,1,242.0,245.8,6,224.4,248.2,0.0,0.0,0.0,0.0,237
2023-05-10 09:49:23,IO2312-P-4100,IO2312-P-4100,224.4,0.0,0.0,0.0,7,242.0,245.8,6,224.4,248.2,0.0,0.0,0.0,0.0,237
2023-05-10 09:49:24,IO2312-P-4100,IO2312-P-4100,224.4,0.0,0.0,0.0,1,244.8,245.8,6,224.4,248.2,0.0,0.0,0.0,0.0,237
2023-05-10 09:49:27,IO2312-P-4100,IO2312-P-4100,224.4,0.0,0.0,0.0,12,242.0,245.8,6,224.4,248.2,0.0,0.0,0.0,0.0,237
2023-05-10 09:49:27,IO2312-P-4100,IO2312-P-4100,224.4,0.0,0.0,0.0,12,242.0,246.0,3,224.4,248.2,0.0,0.0,0.0,0.0,237
2023-05-10 09:49:28,IO2312-P-4100,IO2312-P-4100,224.4,0.0,0.0,0.0,12,242.0,246.2,18,224.4,248.2,0.0,0.0,0.0,0.0,237
2023-05-10 09:49:28,IO2312-P-4100,IO2312-P-4100,224.4,0.0,0.0,0.0,6,242.0,246.2,6,224.4,248.2,0.0,0.0,0.0,0.0,237
2023-05-10 09:49:29,IO2312-P-4100,IO2312-P-4100,224.4,0.0,0.0,0.0,1,242.2,246.2,9,224.4,248.2,0.0,0.0,0.0,0.0,237
2023-05-10 09:49:34,IO2312-P-4100,IO2312-P-4100,224.4,0.0,0.0,0.0,1,242.2,246.2,10,224.4,248.2,0.0,0.0,0.0,0.0,237
2023-05-10 09:49:36,IO2312-P-4100,IO2312-P-4100,224.4,0.0,0.0,0.0,13,241.6,246.2,10,224.4,248.2,0.0,0.0,0.0,0.0,237
2023-05-10 09:49:37,IO2312-P-4100,IO2312-P-4100,224.4,0.0,0.0,0.0,1,242.4,246.2,10,224.4,248.2,0.0,0.0,0.0,0.0,237
2023-05-10 09:49:44,IO2312-P-4100,IO2312-P-4100,224.4,0.0,0.0,0.0,1,242.4,246.0,1,224.4,248.2,0.0,0.0,0.0,0.0,237
2023-05-10 09:49:51,IO2312-P-4100,IO2312-P-4100,224.4,0.0,0.0,0.0,1,242.4,245.8,6,224.4,248.2,0.0,0.0,0.0,0.0,237
2023-05-10 09:49:59,IO2312-P-4100,IO2312-P-4100,224.4,0.0,0.0,0.0,1,242.4,245.8,7,224.4,248.2,0.0,0.0,0.0,0.0,237
2023-05-10 09:50:00,IO2312-P-4100,IO2312-P-4100,224.4,0.0,0.0,0.0,1,242.4,245.6,6,224.4,248.2,0.0,0.0,0.0,0.0,237
2023-05-10 09:50:00,IO2312-P-4100,IO2312-P-4100,224.4,0.0,0.0,0.0,1,242.4,245.6,9,224.4,248.2,0.0,0.0,0.0,0.0,237
2023-05-10 09:50:01,IO2312-P-4100,IO2312-P-4100,224.4,0.0,0.0,0.0,24,241.4,245.6,9,224.4,248.2,0.0,0.0,0.0,0.0,237
2023-05-10 09:50:01,IO2312-P-4100,IO2312-P-4100,224.4,0.0,0.0,0.0,12,241.4,245.6,9,224.4,248.2,0.0,0.0,0.0,0.0,237
2023-05-10 09:50:02,IO2312-P-4100,IO2312-P-4100,224.4,0.0,0.0,0.0,30,241.2,245.6,9,224.4,248.2,0.0,0.0,0.0,0.0,237
2023-05-10 09:50:02,IO2312-P-4100,IO2312-P-4100,224.4,0.0,0.0,0.0,18,241.2,245.6,9,224.4,248.2,0.0,0.0,0.0,0.0,237
2023-05-10 09:50:03,IO2312-P-4100,IO2312-P-4100,224.4,0.0,0.0,0.0,12,241.2,245.6,9,224.4,248.2,0.0,0.0,0.0,0.0,237
2023-05-10 09:50:03,IO2312-P-4100,IO2312-P-4100,224.4,0.0,0.0,0.0,6,241.2,245.6,9,224.4,248.2,0.0,0.0,0.0,0.0,237
2023-05-10 09:50:07,IO2312-P-4100,IO2312-P-4100,224.4,0.0,0.0,0.0,1,242.6,245.6,9,224.4,248.2,0.0,0.0,0.0,0.0,237
2023-05-10 09:50:10,IO2312-P-4100,IO2312-P-4100,224.4,0.0,0.0,0.0,6,241.2,245.6,9,224.4,248.2,0.0,0.0,0.0,0.0,237
2023-05-10 09:50:11,IO2312-P-4100,IO2312-P-4100,224.4,0.0,0.0,0.0,1,241.8,245.6,9,224.4,248.2,0.0,0.0,0.0,0.0,237
2023-05-10 09:50:13,IO2312-P-4100,IO2312-P-4100,224.4,0.0,0.0,0.0,6,241.2,245.4,1,224.4,248.2,0.0,0.0,0.0,0.0,237
2023-05-10 09:50:14,IO2312-P-4100,IO2312-P-4100,224.4,0.0,0.0,0.0,30,241.0,245.2,6,224.4,248.2,0.0,0.0,0.0,0.0,237
2023-05-10 09:50:14,IO2312-P-4100,IO2312-P-4100,224.4,0.0,0.0,0.0,12,241.0,245.2,6,224.4,248.2,0.0,0.0,0.0,0.0,237
2023-05-10 09:50:15,IO2312-P-4100,IO2312-P-4100,224.4,0.0,0.0,0.0,7,240.8,245.2,6,224.4,248.2,0.0,0.0,0.0,0.0,237
2023-05-10 09:50:15,IO2312-P-4100,IO2312-P-4100,224.4,0.0,0.0,0.0,1,240.8,245.2,7,224.4,248.2,0.0,0.0,0.0,0.0,237
2023-05-10 09:50:16,IO2312-P-4100,IO2312-P-4100,224.4,0.0,0.0,0.0,1,240.8,245.0,6,224.4,248.2,0.0,0.0,0.0,0.0,237
2023-05-10 09:50:16,IO2312-P-4100,IO2312-P-4100,224.4,0.0,0.0,0.0,1,240.8,245.0,9,224.4,248.2,0.0,0.0,0.0,0.0,237
2023-05-10 09:50:17,IO2312-P-4100,IO2312-P-4100,224.4,0.0,0.0,0.0,1,240.8,244.8,6,224.4,248.2,0.0,0.0,0.0,0.0,237
2023-05-10 09:50:18,IO2312-P-4100,IO2312-P-4100,224.4,0.0,0.0,0.0,1,240.8,244.4,1,224.4,248.2,0.0,0.0,0.0,0.0,237
2023-05-10 09:50:19,IO2312-P-4100,IO2312-P-4100,224.4,0.0,0.0,0.0,12,240.4,244.4,8,224.4,248.2,0.0,0.0,0.0,0.0,237
2023-05-10 09:50:19,IO2312-P-4100,IO2312-P-4100,224.4,0.0,0.0,0.0,25,240.2,244.4,11,224.4,248.2,0.0,0.0,0.0,0.0,237
2023-05-10 09:50:20,IO2312-P-4100,IO2312-P-4100,224.4,0.0,0.0,0.0,13,240.2,244.4,11,224.4,248.2,0.0,0.0,0.0,0.0,237
2023-05-10 09:50:20,IO2312-P-4100,IO2312-P-4100,224.4,0.0,0.0,0.0,1,240.8,244.4,11,224.4,248.2,0.0,0.0,0.0,0.0,237
2023-05-10 09:50:22,IO2312-P-4100,IO2312-P-4100,224.4,0.0,0.0,0.0,25,240.0,244.4,11,224.4,248.2,0.0,0.0,0.0,0.0,237
2023-05-10 09:50:23,IO2312-P-4100,IO2312-P-4100,224.4,0.0,0.0,0.0,19,240.0,244.4,11,224.4,248.2,0.0,0.0,0.0,0.0,237
2023-05-10 09:50:23,IO2312-P-4100,IO2312-P-4100,224.4,0.0,0.0,0.0,13,240.0,244.4,11,224.4,248.2,0.0,0.0,0.0,0.0,237
2023-05-10 09:50:25,IO2312-P-4100,IO2312-P-4100,224.4,0.0,0.0,0.0,7,240.0,244.2,6,224.4,248.2,0.0,0.0,0.0,0.0,237
2023-05-10 09:50:25,IO2312-P-4100,IO2312-P-4100,224.4,0.0,0.0,0.0,1,240.0,244.2,6,224.4,248.2,0.0,0.0,0.0,0.0,237
2023-05-10 09:50:29,IO2312-P-4100,IO2312-P-4100,224.4,0.0,0.0,0.0,1,240.0,244.2,7,224.4,248.2,0.0,0.0,0.0,0.0,237
2023-05-10 09:50:29,IO2312-P-4100,IO2312-P-4100,224.4,0.0,0.0,0.0,1,240.0,244.0,6,224.4,248.2,0.0,0.0,0.0,0.0,237
2023-05-10 09:50:30,IO2312-P-4100,IO2312-P-4100,224.4,0.0,0.0,0.0,1,240.0,243.4,1,224.4,248.2,0.0,0.0,0.0,0.0,237
2023-05-10 09:50:32,IO2312-P-4100,IO2312-P-4100,224.4,0.0,0.0,0.0,1,240.0,243.6,10,224.4,248.2,0.0,0.0,0.0,0.0,237
2023-05-10 09:50:33,IO2312-P-4100,IO2312-P-4100,224.4,0.0,0.0,0.0,1,240.0,243.6,4,224.4,248.2,0.0,0.0,0.0,0.0,237
2023-05-10 09:50:33,IO2312-P-4100,IO2312-P-4100,224.4,0.0,0.0,0.0,1,240.0,243.6,1,224.4,248.2,0.0,0.0,0.0,0.0,237
2023-05-10 09:50:34,IO2312-P-4100,IO2312-P-4100,224.4,0.0,0.0,0.0,1,240.0,244.0,18,224.4,248.2,0.0,0.0,0.0,0.0,237
2023-05-10 09:50:34,IO2312-P-4100,IO2312-P-4100,224.4,0.0,0.0,0.0,1,240.0,243.8,1,224.4,248.2,0.0,0.0,0.0,0.0,237
2023-05-10 09:50:44,IO2312-P-4100,IO2312-P-4100,224.4,0.0,0.0,0.0,1,240.0,243.6,1,224.4,248.2,0.0,0.0,0.0,0.0,237
2023-05-10 09:50:49,IO2312-P-4100,IO2312-P-4100,224.4,0.0,0.0,0.0,1,240.0,244.0,9,224.4,248.2,0.0,0.0,0.0,0.0,237
2023-05-10 09:50:49,IO2312-P-4100,IO2312-P-4100,224.4,0.0,0.0,0.0,7,240.0,243.8,1,224.4,248.2,0.0,0.0,0.0,0.0,237
2023-05-10 09:50:50,IO2312-P-4100,IO2312-P-4100,224.4,0.0,0.0,0.0,1,240.8,243.8,1,224.4,248.2,0.0,0.0,0.0,0.0,237
2023-05-10 09:51:00,IO2312-P-4100,IO2312-P-4100,224.4,0.0,0.0,0.0,1,240.8,243.6,1,224.4,248.2,0.0,0.0,0.0,0.0,237
2023-05-10 09:51:02,IO2312-P-4100,IO2312-P-4100,224.4,0.0,0.0,0.0,1,240.8,244.2,12,224.4,248.2,0.0,0.0,0.0,0.0,237
2023-05-10 09:51:02,IO2312-P-4100,IO2312-P-4100,224.4,0.0,0.0,0.0,1,240.8,244.4,12,224.4,248.2,0.0,0.0,0.0,0.0,237
2023-05-10 09:51:03,IO2312-P-4100,IO2312-P-4100,224.4,0.0,0.0,0.0,7,240.8,244.4,6,224.4,248.2,0.0,0.0,0.0,0.0,237
2023-05-10 09:51:04,IO2312-P-4100,IO2312-P-4100,224.4,0.0,0.0,0.0,7,240.8,244.4,7,224.4,248.2,0.0,0.0,0.0,0.0,237
2023-05-10 09:51:04,IO2312-P-4100,IO2312-P-4100,224.4,0.0,0.0,0.0,1,242.0,244.4,7,224.4,248.2,0.0,0.0,0.0,0.0,237
2023-05-10 09:51:07,IO2312-P-4100,IO2312-P-4100,224.4,0.0,0.0,0.0,1,242.0,244.4,6,224.4,248.2,0.0,0.0,0.0,0.0,237
2023-05-10 09:51:08,IO2312-P-4100,IO2312-P-4100,224.4,0.0,0.0,0.0,1,241.2,244.4,6,224.4,248.2,0.0,0.0,0.0,0.0,237
2023-05-10 09:51:11,IO2312-P-4100,IO2312-P-4100,224.4,0.0,0.0,0.0,13,240.6,244.4,6,224.4,248.2,0.0,0.0,0.0,0.0,237
2023-05-10 09:51:12,IO2312-P-4100,IO2312-P-4100,224.4,0.0,0.0,0.0,7,240.6,244.4,6,224.4,248.2,0.0,0.0,0.0,0.0,237
2023-05-10 09:51:12,IO2312-P-4100,IO2312-P-4100,224.4,0.0,0.0,0.0,1,240.6,244.2,6,224.4,248.2,0.0,0.0,0.0,0.0,237
2023-05-10 09:51:15,IO2312-P-4100,IO2312-P-4100,224.4,0.0,0.0,0.0,36,240.2,244.2,6,224.4,248.2,0.0,0.0,0.0,0.0,237
2023-05-10 09:51:15,IO2312-P-4100,IO2312-P-4100,224.4,0.0,0.0,0.0,18,240.2,244.2,6,224.4,248.2,0.0,0.0,0.0,0.0,237
2023-05-10 09:51:16,IO2312-P-4100,IO2312-P-4100,224.4,0.0,0.0,0.0,6,240.2,244.2,6,224.4,248.2,0.0,0.0,0.0,0.0,237
2023-05-10 09:51:16,IO2312-P-4100,IO2312-P-4100,224.4,0.0,0.0,0.0,48,239.8,244.2,6,224.4,248.2,0.0,0.0,0.0,0.0,237
2023-05-10 09:51:17,IO2312-P-4100,IO2312-P-4100,224.4,0.0,0.0,0.0,12,239.8,243.8,1,224.4,248.2,0.0,0.0,0.0,0.0,237
2023-05-10 09:51:17,IO2312-P-4100,IO2312-P-4100,224.4,0.0,0.0,0.0,7,239.6,243.6,6,224.4,248.2,0.0,0.0,0.0,0.0,237
2023-05-10 09:51:18,IO2312-P-4100,IO2312-P-4100,224.4,0.0,0.0,0.0,1,239.6,243.6,6,224.4,248.2,0.0,0.0,0.0,0.0,237
2023-05-10 09:51:24,IO2312-P-4100,IO2312-P-4100,224.4,0.0,0.0,0.0,6,239.8,243.8,7,224.4,248.2,0.0,0.0,0.0,0.0,237
2023-05-10 09:51:25,IO2312-P-4100,IO2312-P-4100,224.4,0.0,0.0,0.0,1,240.8,243.8,1,224.4,248.2,0.0,0.0,0.0,0.0,237
2023-05-10 09:51:29,IO2312-P-4100,IO2312-P-4100,224.4,0.0,0.0,0.0,1,240.8,243.6,1,224.4,248.2,0.0,0.0,0.0,0.0,237
2023-05-10 09:51:31,IO2312-P-4100,IO2312-P-4100,224.4,0.0,0.0,0.0,1,240.8,244.0,9,224.4,248.2,0.0,0.0,0.0,0.0,237
2023-05-10 09:51:32,IO2312-P-4100,IO2312-P-4100,224.4,0.0,0.0,0.0,1,240.8,244.0,6,224.4,248.2,0.0,0.0,0.0,0.0,237
2023-05-10 09:51:34,IO2312-P-4100,IO2312-P-4100,224.4,0.0,0.0,0.0,1,240.8,243.8,1,224.4,248.2,0.0,0.0,0.0,0.0,237
2023-05-10 09:51:47,IO2312-P-4100,IO2312-P-4100,224.4,0.0,0.0,0.0,1,240.8,243.6,1,224.4,248.2,0.0,0.0,0.0,0.0,237
2023-05-10 09:51:48,IO2312-P-4100,IO2312-P-4100,224.4,0.0,0.0,0.0,1,240.8,244.0,6,224.4,248.2,0.0,0.0,0.0,0.0,237
2023-05-10 09:51:53,IO2312-P-4100,IO2312-P-4100,224.4,0.0,0.0,0.0,1,240.8,244.2,24,224.4,248.2,0.0,0.0,0.0,0.0,237
2023-05-10 09:51:53,IO2312-P-4100,IO2312-P-4100,224.4,0.0,0.0,0.0,1,240.8,244.2,12,224.4,248.2,0.0,0.0,0.0,0.0,237
2023-05-10 09:51:54,IO2312-P-4100,IO2312-P-4100,224.4,0.0,0.0,0.0,1,240.8,244.2,7,224.4,248.2,0.0,0.0,0.0,0.0,237
2023-05-10 09:51:56,IO2312-P-4100,IO2312-P-4100,224.4,0.0,0.0,0.0,1,240.8,244.2,6,224.4,248.2,0.0,0.0,0.0,0.0,237
2023-05-10 09:52:00,IO2312-P-4100,IO2312-P-4100,224.4,0.0,0.0,0.0,7,240.8,244.2,6,224.4,248.2,0.0,0.0,0.0,0.0,237
2023-05-10 09:52:01,IO2312-P-4100,IO2312-P-4100,224.4,0.0,0.0,0.0,1,241.8,244.2,6,224.4,248.2,0.0,0.0,0.0,0.0,237
2023-05-10 09:52:01,IO2312-P-4100,IO2312-P-4100,224.4,0.0,0.0,0.0,1,241.8,244.6,24,224.4,248.2,0.0,0.0,0.0,0.0,237
2023-05-10 09:52:02,IO2312-P-4100,IO2312-P-4100,224.4,0.0,0.0,0.0,1,241.8,244.4,1,224.4,248.2,0.0,0.0,0.0,0.0,237
2023-05-10 09:52:02,IO2312-P-4100,IO2312-P-4100,224.4,0.0,0.0,0.0,1,241.8,244.6,6,224.4,248.2,0.0,0.0,0.0,0.0,237
2023-05-10 09:52:09,IO2312-P-4100,IO2312-P-4100,224.4,0.0,0.0,0.0,1,241.8,244.8,6,224.4,248.2,0.0,0.0,0.0,0.0,237
2023-05-10 09:52:12,IO2312-P-4100,IO2312-P-4100,224.4,0.0,0.0,0.0,6,241.0,244.8,6,224.4,248.2,0.0,0.0,0.0,0.0,237
2023-05-10 09:52:13,IO2312-P-4100,IO2312-P-4100,224.4,0.0,0.0,0.0,1,241.4,244.8,6,224.4,248.2,0.0,0.0,0.0,0.0,237
2023-05-10 09:52:15,IO2312-P-4100,IO2312-P-4100,224.4,0.0,0.0,0.0,7,241.4,244.8,6,224.4,248.2,0.0,0.0,0.0,0.0,237
2023-05-10 09:52:15,IO2312-P-4100,IO2312-P-4100,224.4,0.0,0.0,0.0,1,242.0,244.8,6,224.4,248.2,0.0,0.0,0.0,0.0,237
2023-05-10 09:52:16,IO2312-P-4100,IO2312-P-4100,224.4,0.0,0.0,0.0,1,242.0,245.0,6,224.4,248.2,0.0,0.0,0.0,0.0,237
2023-05-10 09:52:16,IO2312-P-4100,IO2312-P-4100,224.4,0.0,0.0,0.0,1,242.0,245.2,6,224.4,248.2,0.0,0.0,0.0,0.0,237
2023-05-10 09:52:36,IO2312-P-4100,IO2312-P-4100,224.4,0.0,0.0,0.0,18,241.4,245.2,6,224.4,248.2,0.0,0.0,0.0,0.0,237
2023-05-10 09:52:39,IO2312-P-4100,IO2312-P-4100,224.4,0.0,0.0,0.0,18,241.4,244.8,1,224.4,248.2,0.0,0.0,0.0,0.0,237
2023-05-10 09:52:42,IO2312-P-4100,IO2312-P-4100,224.4,0.0,0.0,0.0,1,241.6,244.8,1,224.4,248.2,0.0,0.0,0.0,0.0,237
2023-05-10 09:52:44,IO2312-P-4100,IO2312-P-4100,224.4,0.0,0.0,0.0,18,241.4,244.8,1,224.4,248.2,0.0,0.0,0.0,0.0,237
2023-05-10 09:52:45,IO2312-P-4100,IO2312-P-4100,224.4,0.0,0.0,0.0,19,241.4,244.8,1,224.4,248.2,0.0,0.0,0.0,0.0,237
2023-05-10 09:52:45,IO2312-P-4100,IO2312-P-4100,224.4,0.0,0.0,0.0,13,241.4,244.8,1,224.4,248.2,0.0,0.0,0.0,0.0,237
2023-05-10 09:52:49,IO2312-P-4100,IO2312-P-4100,224.4,0.0,0.0,0.0,1,242.0,245.0,3,224.4,248.2,0.0,0.0,0.0,0.0,237
2023-05-10 09:52:49,IO2312-P-4100,IO2312-P-4100,224.4,0.0,0.0,0.0,1,242.0,245.4,36,224.4,248.2,0.0,0.0,0.0,0.0,237
2023-05-10 09:52:50,IO2312-P-4100,IO2312-P-4100,224.4,0.0,0.0,0.0,1,242.0,245.4,6,224.4,248.2,0.0,0.0,0.0,0.0,237
2023-05-10 09:52:50,IO2312-P-4100,IO2312-P-4100,224.4,0.0,0.0,0.0,1,242.0,245.4,3,224.4,248.2,0.0,0.0,0.0,0.0,237
2023-05-10 09:52:51,IO2312-P-4100,IO2312-P-4100,224.4,0.0,0.0,0.0,1,242.0,245.6,6,224.4,248.2,0.0,0.0,0.0,0.0,237
2023-05-10 09:52:52,IO2312-P-4100,IO2312-P-4100,224.4,0.0,0.0,0.0,1,242.0,245.6,9,224.4,248.2,0.0,0.0,0.0,0.0,237
2023-05-10 09:52:54,IO2312-P-4100,IO2312-P-4100,224.4,0.0,0.0,0.0,7,242.0,245.6,9,224.4,248.2,0.0,0.0,0.0,0.0,237
2023-05-10 09:52:55,IO2312-P-4100,IO2312-P-4100,224.4,0.0,0.0,0.0,13,242.0,245.6,9,224.4,248.2,0.0,0.0,0.0,0.0,237
2023-05-10 09:52:55,IO2312-P-4100,IO2312-P-4100,224.4,0.0,0.0,0.0,19,242.0,245.6,6,224.4,248.2,0.0,0.0,0.0,0.0,237
2023-05-10 09:52:56,IO2312-P-4100,IO2312-P-4100,224.4,0.0,0.0,0.0,19,242.0,245.6,9,224.4,248.2,0.0,0.0,0.0,0.0,237
2023-05-10 09:52:58,IO2312-P-4100,IO2312-P-4100,224.4,0.0,0.0,0.0,19,242.0,245.6,6,224.4,248.2,0.0,0.0,0.0,0.0,237
2023-05-10 09:53:02,IO2312-P-4100,IO2312-P-4100,224.4,0.0,0.0,0.0,1,242.6,245.6,6,224.4,248.2,0.0,0.0,0.0,0.0,237
2023-05-10 09:53:03,IO2312-P-4100,IO2312-P-4100,224.4,0.0,0.0,0.0,1,242.6,245.8,21,224.4,248.2,0.0,0.0,0.0,0.0,237
2023-05-10 09:53:04,IO2312-P-4100,IO2312-P-4100,224.4,0.0,0.0,0.0,1,242.6,245.8,9,224.4,248.2,0.0,0.0,0.0,0.0,237
2023-05-10 09:53:04,IO2312-P-4100,IO2312-P-4100,224.4,0.0,0.0,0.0,1,242.6,245.8,3,224.4,248.2,0.0,0.0,0.0,0.0,237
2023-05-10 09:53:05,IO2312-P-4100,IO2312-P-4100,224.4,0.0,0.0,0.0,1,242.6,246.0,6,224.4,248.2,0.0,0.0,0.0,0.0,237
2023-05-10 09:53:06,IO2312-P-4100,IO2312-P-4100,224.4,0.0,0.0,0.0,1,242.6,246.0,9,224.4,248.2,0.0,0.0,0.0,0.0,237
2023-05-10 09:53:07,IO2312-P-4100,IO2312-P-4100,224.4,0.0,0.0,0.0,7,242.6,246.0,6,224.4,248.2,0.0,0.0,0.0,0.0,237
2023-05-10 09:53:08,IO2312-P-4100,IO2312-P-4100,224.4,0.0,0.0,0.0,7,242.6,246.0,9,224.4,248.2,0.0,0.0,0.0,0.0,237
2023-05-10 09:53:10,IO2312-P-4100,IO2312-P-4100,224.4,0.0,0.0,0.0,7,242.6,246.0,6,224.4,248.2,0.0,0.0,0.0,0.0,237
2023-05-10 09:53:11,IO2312-P-4100,IO2312-P-4100,224.4,0.0,0.0,0.0,7,242.6,246.0,9,224.4,248.2,0.0,0.0,0.0,0.0,237
2023-05-10 09:53:12,IO2312-P-4100,IO2312-P-4100,224.4,0.0,0.0,0.0,6,242.2,246.0,9,224.4,248.2,0.0,0.0,0.0,0.0,237
2023-05-10 09:53:14,IO2312-P-4100,IO2312-P-4100,224.4,0.0,0.0,0.0,6,242.2,245.6,1,224.4,248.2,0.0,0.0,0.0,0.0,237
2023-05-10 09:53:15,IO2312-P-4100,IO2312-P-4100,224.4,0.0,0.0,0.0,24,242.0,245.6,1,224.4,248.2,0.0,0.0,0.0,0.0,237
2023-05-10 09:53:15,IO2312-P-4100,IO2312-P-4100,224.4,0.0,0.0,0.0,12,242.0,245.6,1,224.4,248.2,0.0,0.0,0.0,0.0,237
2023-05-10 09:53:16,IO2312-P-4100,IO2312-P-4100,224.4,0.0,0.0,0.0,6,241.8,245.6,7,224.4,248.2,0.0,0.0,0.0,0.0,237
2023-05-10 09:53:16,IO2312-P-4100,IO2312-P-4100,224.4,0.0,0.0,0.0,18,241.6,245.6,7,224.4,248.2,0.0,0.0,0.0,0.0,237
2023-05-10 09:53:17,IO2312-P-4100,IO2312-P-4100,224.4,0.0,0.0,0.0,6,241.6,245.6,7,224.4,248.2,0.0,0.0,0.0,0.0,237
2023-05-10 09:53:17,IO2312-P-4100,IO2312-P-4100,224.4,0.0,0.0,0.0,19,241.4,245.6,8,224.4,248.2,0.0,0.0,0.0,0.0,237
2023-05-10 09:53:18,IO2312-P-4100,IO2312-P-4100,224.4,0.0,0.0,0.0,7,241.4,245.6,8,224.4,248.2,0.0,0.0,0.0,0.0,237
2023-05-10 09:53:18,IO2312-P-4100,IO2312-P-4100,224.4,0.0,0.0,0.0,1,241.4,245.6,8,224.4,248.2,0.0,0.0,0.0,0.0,237
2023-05-10 09:53:20,IO2312-P-4100,IO2312-P-4100,224.4,0.0,0.0,0.0,6,241.6,245.6,2,224.4,248.2,0.0,0.0,0.0,0.0,237
2023-05-10 09:53:26,IO2312-P-4100,IO2312-P-4100,224.4,0.0,0.0,0.0,1,241.4,245.6,2,224.4,248.2,0.0,0.0,0.0,0.0,237
2023-05-10 09:53:27,IO2312-P-4100,IO2312-P-4100,224.4,0.0,0.0,0.0,1,241.4,245.4,1,224.4,248.2,0.0,0.0,0.0,0.0,237
2023-05-10 09:53:39,IO2312-P-4100,IO2312-P-4100,224.4,0.0,0.0,0.0,1,241.4,245.8,12,224.4,248.2,0.0,0.0,0.0,0.0,237
2023-05-10 09:53:40,IO2312-P-4100,IO2312-P-4100,224.4,0.0,0.0,0.0,1,241.4,245.8,13,224.4,248.2,0.0,0.0,0.0,0.0,237
2023-05-10 09:53:58,IO2312-P-4100,IO2312-P-4100,224.4,0.0,0.0,0.0,1,241.4,245.6,1,224.4,248.2,0.0,0.0,0.0,0.0,237
2023-05-10 09:54:06,IO2312-P-4100,IO2312-P-4100,224.4,0.0,0.0,0.0,6,241.6,246.0,15,224.4,248.2,0.0,0.0,0.0,0.0,237
2023-05-10 09:54:06,IO2312-P-4100,IO2312-P-4100,224.4,0.0,0.0,0.0,1,242.6,246.0,9,224.4,248.2,0.0,0.0,0.0,0.0,237
2023-05-10 09:54:07,IO2312-P-4100,IO2312-P-4100,224.4,0.0,0.0,0.0,1,242.6,245.8,1,224.4,248.2,0.0,0.0,0.0,0.0,237
2023-05-10 09:54:08,IO2312-P-4100,IO2312-P-4100,224.4,0.0,0.0,0.0,1,242.0,245.8,1,224.4,248.2,0.0,0.0,0.0,0.0,237
2023-05-10 09:54:10,IO2312-P-4100,IO2312-P-4100,224.4,0.0,0.0,0.0,1,242.0,245.6,6,224.4,248.2,0.0,0.0,0.0,0.0,237
2023-05-10 09:54:13,IO2312-P-4100,IO2312-P-4100,224.4,0.0,0.0,0.0,1,242.0,245.4,1,224.4,248.2,0.0,0.0,0.0,0.0,237
2023-05-10 09:54:22,IO2312-P-4100,IO2312-P-4100,224.4,0.0,0.0,0.0,1,242.0,245.4,2,224.4,248.2,0.0,0.0,0.0,0.0,237
2023-05-10 09:54:25,IO2312-P-4100,IO2312-P-4100,224.4,0.0,0.0,0.0,1,242.0,245.4,1,224.4,248.2,0.0,0.0,0.0,0.0,237
2023-05-10 09:54:32,IO2312-P-4100,IO2312-P-4100,224.4,0.0,0.0,0.0,1,242.0,245.2,1,224.4,248.2,0.0,0.0,0.0,0.0,237
2023-05-10 09:54:40,IO2312-P-4100,IO2312-P-4100,224.4,0.0,0.0,0.0,1,242.0,245.4,3,224.4,248.2,0.0,0.0,0.0,0.0,237
2023-05-10 09:54:41,IO2312-P-4100,IO2312-P-4100,224.4,0.0,0.0,0.0,1,242.0,245.4,1,224.4,248.2,0.0,0.0,0.0,0.0,237
2023-05-10 09:54:53,IO2312-P-4100,IO2312-P-4100,224.4,0.0,0.0,0.0,1,242.0,245.2,1,224.4,248.2,0.0,0.0,0.0,0.0,237
2023-05-10 09:54:57,IO2312-P-4100,IO2312-P-4100,224.4,0.0,0.0,0.0,1,242.0,245.6,16,224.4,248.2,0.0,0.0,0.0,0.0,237
2023-05-10 09:54:58,IO2312-P-4100,IO2312-P-4100,224.4,0.0,0.0,0.0,1,242.0,245.6,4,224.4,248.2,0.0,0.0,0.0,0.0,237
2023-05-10 09:54:58,IO2312-P-4100,IO2312-P-4100,224.4,0.0,0.0,0.0,1,242.0,245.6,1,224.4,248.2,0.0,0.0,0.0,0.0,237
2023-05-10 09:55:02,IO2312-P-4100,IO2312-P-4100,224.4,0.0,0.0,0.0,6,242.2,245.6,1,224.4,248.2,0.0,0.0,0.0,0.0,237
2023-05-10 09:55:03,IO2312-P-4100,IO2312-P-4100,224.4,0.0,0.0,0.0,1,243.4,245.8,9,224.4,248.2,0.0,0.0,0.0,0.0,237
2023-05-10 09:55:03,IO2312-P-4100,IO2312-P-4100,224.4,0.0,0.0,0.0,1,243.4,245.8,6,224.4,248.2,0.0,0.0,0.0,0.0,237
2023-05-10 09:55:04,IO2312-P-4100,IO2312-P-4100,224.4,0.0,0.0,0.0,1,243.4,246.0,13,224.4,248.2,0.0,0.0,0.0,0.0,237
2023-05-10 09:55:04,IO2312-P-4100,IO2312-P-4100,224.4,0.0,0.0,0.0,1,243.4,246.0,4,224.4,248.2,0.0,0.0,0.0,0.0,237
2023-05-10 09:55:05,IO2312-P-4100,IO2312-P-4100,224.4,0.0,0.0,0.0,1,243.4,246.0,1,224.4,248.2,0.0,0.0,0.0,0.0,237
2023-05-10 09:55:07,IO2312-P-4100,IO2312-P-4100,224.4,0.0,0.0,0.0,1,243.4,246.2,3,224.4,248.2,0.0,0.0,0.0,0.0,237
2023-05-10 09:55:07,IO2312-P-4100,IO2312-P-4100,224.4,0.0,0.0,0.0,1,243.4,246.4,19,224.4,248.2,0.0,0.0,0.0,0.0,237
2023-05-10 09:55:08,IO2312-P-4100,IO2312-P-4100,224.4,0.0,0.0,0.0,1,243.4,246.4,1,224.4,248.2,0.0,0.0,0.0,0.0,237
2023-05-10 09:55:17,IO2312-P-4100,IO2312-P-4100,224.4,0.0,0.0,0.0,1,243.4,246.2,1,224.4,248.2,0.0,0.0,0.0,0.0,237
2023-05-10 09:55:17,IO2312-P-4100,IO2312-P-4100,224.4,0.0,0.0,0.0,36,242.2,246.2,1,224.4,248.2,0.0,0.0,0.0,0.0,237
2023-05-10 09:55:18,IO2312-P-4100,IO2312-P-4100,224.4,0.0,0.0,0.0,1,242.8,246.2,1,224.4,248.2,0.0,0.0,0.0,0.0,237
2023-05-10 09:55:27,IO2312-P-4100,IO2312-P-4100,224.4,0.0,0.0,0.0,1,242.8,246.0,1,224.4,248.2,0.0,0.0,0.0,0.0,237
2023-05-10 09:55:32,IO2312-P-4100,IO2312-P-4100,224.4,0.0,0.0,0.0,1,242.8,246.6,4,224.4,248.2,0.0,0.0,0.0,0.0,237
2023-05-10 09:55:32,IO2312-P-4100,IO2312-P-4100,224.4,0.0,0.0,0.0,1,242.8,246.6,1,224.4,248.2,0.0,0.0,0.0,0.0,237
2023-05-10 09:55:49,IO2312-P-4100,IO2312-P-4100,224.4,0.0,0.0,0.0,1,242.8,246.4,1,224.4,248.2,0.0,0.0,0.0,0.0,237
2023-05-10 09:56:00,IO2312-P-4100,IO2312-P-4100,224.4,0.0,0.0,0.0,1,242.8,246.2,1,224.4,248.2,0.0,0.0,0.0,0.0,237
2023-05-10 09:56:10,IO2312-P-4100,IO2312-P-4100,224.4,0.0,0.0,0.0,1,242.8,246.8,40,224.4,248.2,0.0,0.0,0.0,0.0,237
2023-05-10 09:56:11,IO2312-P-4100,IO2312-P-4100,224.4,0.0,0.0,0.0,1,242.8,246.6,1,224.4,248.2,0.0,0.0,0.0,0.0,237
2023-05-10 09:56:17,IO2312-P-4100,IO2312-P-4100,224.4,0.0,0.0,0.0,1,242.8,246.6,7,224.4,248.2,0.0,0.0,0.0,0.0,237
2023-05-10 09:56:18,IO2312-P-4100,IO2312-P-4100,224.4,0.0,0.0,0.0,1,242.8,246.6,1,224.4,248.2,0.0,0.0,0.0,0.0,237
2023-05-10 09:56:18,IO2312-P-4100,IO2312-P-4100,224.4,0.0,0.0,0.0,1,242.8,246.6,7,224.4,248.2,0.0,0.0,0.0,0.0,237
2023-05-10 09:56:20,IO2312-P-4100,IO2312-P-4100,224.4,0.0,0.0,0.0,1,242.8,246.6,1,224.4,248.2,0.0,0.0,0.0,0.0,237
2023-05-10 09:56:21,IO2312-P-4100,IO2312-P-4100,224.4,0.0,0.0,0.0,1,242.8,246.4,1,224.4,248.2,0.0,0.0,0.0,0.0,237
2023-05-10 09:56:32,IO2312-P-4100,IO2312-P-4100,224.4,0.0,0.0,0.0,1,242.8,246.2,1,224.4,248.2,0.0,0.0,0.0,0.0,237
2023-05-10 09:56:37,IO2312-P-4100,IO2312-P-4100,224.4,0.0,0.0,0.0,1,242.8,246.6,7,224.4,248.2,0.0,0.0,0.0,0.0,237
2023-05-10 09:56:38,IO2312-P-4100,IO2312-P-4100,224.4,0.0,0.0,0.0,1,242.8,246.6,1,224.4,248.2,0.0,0.0,0.0,0.0,237
2023-05-10 09:56:38,IO2312-P-4100,IO2312-P-4100,224.4,0.0,0.0,0.0,1,242.8,246.6,7,224.4,248.2,0.0,0.0,0.0,0.0,237
2023-05-10 09:56:41,IO2312-P-4100,IO2312-P-4100,224.4,0.0,0.0,0.0,1,242.8,246.2,1,224.4,248.2,0.0,0.0,0.0,0.0,237
2023-05-10 09:56:42,IO2312-P-4100,IO2312-P-4100,224.4,0.0,0.0,0.0,1,242.8,246.2,2,224.4,248.2,0.0,0.0,0.0,0.0,237
2023-05-10 09:56:43,IO2312-P-4100,IO2312-P-4100,224.4,0.0,0.0,0.0,1,242.8,246.2,8,224.4,248.2,0.0,0.0,0.0,0.0,237
2023-05-10 09:56:43,IO2312-P-4100,IO2312-P-4100,224.4,0.0,0.0,0.0,1,242.8,246.2,11,224.4,248.2,0.0,0.0,0.0,0.0,237
2023-05-10 09:56:47,IO2312-P-4100,IO2312-P-4100,224.4,0.0,0.0,0.0,1,242.8,246.2,10,224.4,248.2,0.0,0.0,0.0,0.0,237
2023-05-10 09:56:54,IO2312-P-4100,IO2312-P-4100,224.4,0.0,0.0,0.0,1,242.8,246.0,1,224.4,248.2,0.0,0.0,0.0,0.0,237
2023-05-10 09:56:58,IO2312-P-4100,IO2312-P-4100,224.4,0.0,0.0,0.0,1,242.8,246.2,9,224.4,248.2,0.0,0.0,0.0,0.0,237
2023-05-10 09:57:07,IO2312-P-4100,IO2312-P-4100,224.4,0.0,0.0,0.0,24,242.2,246.0,1,224.4,248.2,0.0,0.0,0.0,0.0,237
2023-05-10 09:57:07,IO2312-P-4100,IO2312-P-4100,224.4,0.0,0.0,0.0,12,242.2,246.0,1,224.4,248.2,0.0,0.0,0.0,0.0,237
2023-05-10 09:57:08,IO2312-P-4100,IO2312-P-4100,224.4,0.0,0.0,0.0,13,242.0,246.0,1,224.4,248.2,0.0,0.0,0.0,0.0,237
2023-05-10 09:57:08,IO2312-P-4100,IO2312-P-4100,224.4,0.0,0.0,0.0,7,242.0,246.0,2,224.4,248.2,0.0,0.0,0.0,0.0,237
2023-05-10 09:57:09,IO2312-P-4100,IO2312-P-4100,224.4,0.0,0.0,0.0,1,242.0,246.0,2,224.4,248.2,0.0,0.0,0.0,0.0,237
2023-05-10 09:57:10,IO2312-P-4100,IO2312-P-4100,224.4,0.0,0.0,0.0,24,241.8,245.0,1,224.4,248.2,0.0,0.0,0.0,0.0,237
2023-05-10 09:57:11,IO2312-P-4100,IO2312-P-4100,224.4,0.0,0.0,0.0,12,241.8,245.0,1,224.4,248.2,0.0,0.0,0.0,0.0,237
2023-05-10 09:57:11,IO2312-P-4100,IO2312-P-4100,224.4,0.0,0.0,0.0,6,241.6,245.0,2,224.4,248.2,0.0,0.0,0.0,0.0,237
2023-05-10 09:57:12,IO2312-P-4100,IO2312-P-4100,224.4,0.0,0.0,0.0,31,241.4,245.0,1,224.4,248.2,0.0,0.0,0.0,0.0,237
2023-05-10 09:57:12,IO2312-P-4100,IO2312-P-4100,224.4,0.0,0.0,0.0,13,241.4,245.0,1,224.4,248.2,0.0,0.0,0.0,0.0,237
2023-05-10 09:57:13,IO2312-P-4100,IO2312-P-4100,224.4,0.0,0.0,0.0,7,241.4,245.0,1,224.4,248.2,0.0,0.0,0.0,0.0,237
2023-05-10 09:57:13,IO2312-P-4100,IO2312-P-4100,224.4,0.0,0.0,0.0,1,242.8,245.0,1,224.4,248.2,0.0,0.0,0.0,0.0,237
2023-05-10 09:57:19,IO2312-P-4100,IO2312-P-4100,224.4,0.0,0.0,0.0,1,242.8,245.4,3,224.4,248.2,0.0,0.0,0.0,0.0,237
2023-05-10 09:57:20,IO2312-P-4100,IO2312-P-4100,224.4,0.0,0.0,0.0,1,242.8,245.4,1,224.4,248.2,0.0,0.0,0.0,0.0,237
2023-05-10 09:57:30,IO2312-P-4100,IO2312-P-4100,224.4,0.0,0.0,0.0,1,242.8,245.2,1,224.4,248.2,0.0,0.0,0.0,0.0,237
2023-05-10 09:57:40,IO2312-P-4100,IO2312-P-4100,224.4,0.0,0.0,0.0,1,242.8,245.0,1,224.4,248.2,0.0,0.0,0.0,0.0,237
2023-05-10 09:57:50,IO2312-P-4100,IO2312-P-4100,224.4,0.0,0.0,0.0,1,242.8,244.8,1,224.4,248.2,0.0,0.0,0.0,0.0,237
2023-05-10 09:57:57,IO2312-P-4100,IO2312-P-4100,224.4,0.0,0.0,0.0,1,241.6,244.8,1,224.4,248.2,0.0,0.0,0.0,0.0,237
2023-05-10 09:58:00,IO2312-P-4100,IO2312-P-4100,224.4,0.0,0.0,0.0,1,241.6,244.6,1,224.4,248.2,0.0,0.0,0.0,0.0,237
2023-05-10 09:58:14,IO2312-P-4100,IO2312-P-4100,224.4,0.0,0.0,0.0,1,241.6,244.4,1,224.4,248.2,0.0,0.0,0.0,0.0,237
2023-05-10 09:58:14,IO2312-P-4100,IO2312-P-4100,224.4,0.0,0.0,0.0,1,241.6,245.0,9,224.4,248.2,0.0,0.0,0.0,0.0,237
2023-05-10 09:58:15,IO2312-P-4100,IO2312-P-4100,224.4,0.0,0.0,0.0,1,241.6,244.8,1,224.4,248.2,0.0,0.0,0.0,0.0,237
2023-05-10 09:58:25,IO2312-P-4100,IO2312-P-4100,224.4,0.0,0.0,0.0,1,241.6,244.6,1,224.4,248.2,0.0,0.0,0.0,0.0,237
2023-05-10 09:58:29,IO2312-P-4100,IO2312-P-4100,224.4,0.0,0.0,0.0,1,241.6,244.4,6,224.4,248.2,0.0,0.0,0.0,0.0,237
2023-05-10 09:58:30,IO2312-P-4100,IO2312-P-4100,224.4,0.0,0.0,0.0,1,241.6,244.4,10,224.4,248.2,0.0,0.0,0.0,0.0,237
2023-05-10 09:58:30,IO2312-P-4100,IO2312-P-4100,224.4,0.0,0.0,0.0,1,241.6,244.2,6,224.4,248.2,0.0,0.0,0.0,0.0,237
2023-05-10 09:58:33,IO2312-P-4100,IO2312-P-4100,224.4,0.0,0.0,0.0,1,241.6,244.4,4,224.4,248.2,0.0,0.0,0.0,0.0,237
2023-05-10 09:58:33,IO2312-P-4100,IO2312-P-4100,224.4,0.0,0.0,0.0,1,241.6,244.4,1,224.4,248.2,0.0,0.0,0.0,0.0,237
2023-05-10 09:58:34,IO2312-P-4100,IO2312-P-4100,224.4,0.0,0.0,0.0,1,241.6,244.2,6,224.4,248.2,0.0,0.0,0.0,0.0,237
2023-05-10 09:58:40,IO2312-P-4100,IO2312-P-4100,224.4,0.0,0.0,0.0,1,241.6,244.2,7,224.4,248.2,0.0,0.0,0.0,0.0,237
2023-05-10 09:58:50,IO2312-P-4100,IO2312-P-4100,224.4,0.0,0.0,0.0,1,241.6,244.0,1,224.4,248.2,0.0,0.0,0.0,0.0,237
2023-05-10 09:59:02,IO2312-P-4100,IO2312-P-4100,224.4,0.0,0.0,0.0,1,241.6,243.8,1,224.4,248.2,0.0,0.0,0.0,0.0,237
2023-05-10 09:59:06,IO2312-P-4100,IO2312-P-4100,224.4,0.0,0.0,0.0,1,241.6,244.6,10,224.4,248.2,0.0,0.0,0.0,0.0,237
2023-05-10 09:59:07,IO2312-P-4100,IO2312-P-4100,224.4,0.0,0.0,0.0,1,241.6,244.6,1,224.4,248.2,0.0,0.0,0.0,0.0,237
2023-05-10 09:59:17,IO2312-P-4100,IO2312-P-4100,224.4,0.0,0.0,0.0,1,241.6,244.4,1,224.4,248.2,0.0,0.0,0.0,0.0,237
2023-05-10 09:59:21,IO2312-P-4100,IO2312-P-4100,224.4,0.0,0.0,0.0,1,241.6,244.8,10,224.4,248.2,0.0,0.0,0.0,0.0,237
2023-05-10 09:59:22,IO2312-P-4100,IO2312-P-4100,224.4,0.0,0.0,0.0,1,241.6,244.8,7,224.4,248.2,0.0,0.0,0.0,0.0,237
2023-05-10 09:59:23,IO2312-P-4100,IO2312-P-4100,224.4,0.0,0.0,0.0,1,241.6,244.8,4,224.4,248.2,0.0,0.0,0.0,0.0,237
2023-05-10 09:59:23,IO2312-P-4100,IO2312-P-4100,224.4,0.0,0.0,0.0,1,241.6,244.8,1,224.4,248.2,0.0,0.0,0.0,0.0,237
2023-05-10 09:59:31,IO2312-P-4100,IO2312-P-4100,224.4,0.0,0.0,0.0,1,241.6,244.6,1,224.4,248.2,0.0,0.0,0.0,0.0,237
2023-05-10 09:59:34,IO2312-P-4100,IO2312-P-4100,224.4,0.0,0.0,0.0,1,241.6,244.6,7,224.4,248.2,0.0,0.0,0.0,0.0,237
2023-05-10 09:59:41,IO2312-P-4100,IO2312-P-4100,224.4,0.0,0.0,0.0,1,241.6,244.4,1,224.4,248.2,0.0,0.0,0.0,0.0,237
2023-05-10 09:59:42,IO2312-P-4100,IO2312-P-4100,224.4,0.0,0.0,0.0,1,241.6,244.4,7,224.4,248.2,0.0,0.0,0.0,0.0,237
2023-05-10 09:59:42,IO2312-P-4100,IO2312-P-4100,224.4,0.0,0.0,0.0,1,241.6,244.4,10,224.4,248.2,0.0,0.0,0.0,0.0,237
2023-05-10 09:59:51,IO2312-P-4100,IO2312-P-4100,224.4,0.0,0.0,0.0,1,241.6,244.2,1,224.4,248.2,0.0,0.0,0.0,0.0,237
2023-05-10 10:00:01,IO2312-P-4100,IO2312-P-4100,224.4,0.0,0.0,0.0,1,241.6,244.0,1,224.4,248.2,0.0,0.0,0.0,0.0,237
2023-05-10 10:00:07,IO2312-P-4100,IO2312-P-4100,224.4,0.0,0.0,0.0,6,241.0,244.0,1,224.4,248.2,0.0,0.0,0.0,0.0,237
2023-05-10 10:00:08,IO2312-P-4100,IO2312-P-4100,224.4,0.0,0.0,0.0,42,240.6,244.0,1,224.4,248.2,0.0,0.0,0.0,0.0,237
2023-05-10 10:00:09,IO2312-P-4100,IO2312-P-4100,224.4,0.0,0.0,0.0,6,240.6,243.8,6,224.4,248.2,0.0,0.0,0.0,0.0,237
2023-05-10 10:00:09,IO2312-P-4100,IO2312-P-4100,224.4,0.0,0.0,0.0,1,240.4,243.8,3,224.4,248.2,0.0,0.0,0.0,0.0,237
2023-05-10 10:00:10,IO2312-P-4100,IO2312-P-4100,224.4,0.0,0.0,0.0,1,240.4,243.8,6,224.4,248.2,0.0,0.0,0.0,0.0,237
2023-05-10 10:00:11,IO2312-P-4100,IO2312-P-4100,224.4,0.0,0.0,0.0,1,240.4,243.8,9,224.4,248.2,0.0,0.0,0.0,0.0,237
2023-05-10 10:00:11,IO2312-P-4100,IO2312-P-4100,224.4,0.0,0.0,0.0,1,240.4,243.6,6,224.4,248.2,0.0,0.0,0.0,0.0,237
2023-05-10 10:00:16,IO2312-P-4100,IO2312-P-4100,224.4,0.0,0.0,0.0,1,240.4,243.6,7,224.4,248.2,0.0,0.0,0.0,0.0,237
2023-05-10 10:00:17,IO2312-P-4100,IO2312-P-4100,224.4,0.0,0.0,0.0,1,240.4,243.4,6,224.4,248.2,0.0,0.0,0.0,0.0,237
2023-05-10 10:00:24,IO2312-P-4100,IO2312-P-4100,224.4,0.0,0.0,0.0,1,240.4,243.6,13,224.4,248.2,0.0,0.0,0.0,0.0,237
2023-05-10 10:00:24,IO2312-P-4100,IO2312-P-4100,224.4,0.0,0.0,0.0,1,240.4,243.6,7,224.4,248.2,0.0,0.0,0.0,0.0,237
2023-05-10 10:00:26,IO2312-P-4100,IO2312-P-4100,224.4,0.0,0.0,0.0,1,240.4,243.4,6,224.4,248.2,0.0,0.0,0.0,0.0,237
2023-05-10 10:00:32,IO2312-P-4100,IO2312-P-4100,224.4,0.0,0.0,0.0,12,240.0,243.4,6,224.4,248.2,0.0,0.0,0.0,0.0,237
2023-05-10 10:00:32,IO2312-P-4100,IO2312-P-4100,224.4,0.0,0.0,0.0,18,239.8,243.4,6,224.4,248.2,0.0,0.0,0.0,0.0,237
2023-05-10 10:00:33,IO2312-P-4100,IO2312-P-4100,224.4,0.0,0.0,0.0,6,239.8,243.4,6,224.4,248.2,0.0,0.0,0.0,0.0,237
2023-05-10 10:00:33,IO2312-P-4100,IO2312-P-4100,224.4,0.0,0.0,0.0,19,239.6,243.4,6,224.4,248.2,0.0,0.0,0.0,0.0,237
2023-05-10 10:00:34,IO2312-P-4100,IO2312-P-4100,224.4,0.0,0.0,0.0,7,239.6,243.4,6,224.4,248.2,0.0,0.0,0.0,0.0,237
2023-05-10 10:00:34,IO2312-P-4100,IO2312-P-4100,224.4,0.0,0.0,0.0,1,239.6,243.4,6,224.4,248.2,0.0,0.0,0.0,0.0,237
2023-05-10 10:00:36,IO2312-P-4100,IO2312-P-4100,224.4,0.0,0.0,0.0,1,239.6,243.4,7,224.4,248.2,0.0,0.0,0.0,0.0,237
2023-05-10 10:00:37,IO2312-P-4100,IO2312-P-4100,224.4,0.0,0.0,0.0,1,239.6,243.2,6,224.4,248.2,0.0,0.0,0.0,0.0,237
2023-05-10 10:00:37,IO2312-P-4100,IO2312-P-4100,224.4,0.0,0.0,0.0,1,239.6,243.2,9,224.4,248.2,0.0,0.0,0.0,0.0,237
2023-05-10 10:00:38,IO2312-P-4100,IO2312-P-4100,224.4,0.0,0.0,0.0,1,239.6,243.0,6,224.4,248.2,0.0,0.0,0.0,0.0,237
2023-05-10 10:00:41,IO2312-P-4100,IO2312-P-4100,224.4,0.0,0.0,0.0,1,239.6,243.0,7,224.4,248.2,0.0,0.0,0.0,0.0,237
2023-05-10 10:00:42,IO2312-P-4100,IO2312-P-4100,224.4,0.0,0.0,0.0,1,239.6,242.8,6,224.4,248.2,0.0,0.0,0.0,0.0,237
2023-05-10 10:00:51,IO2312-P-4100,IO2312-P-4100,224.4,0.0,0.0,0.0,1,239.6,242.8,7,224.4,248.2,0.0,0.0,0.0,0.0,237
