time,symbol_id,symbol_name,last,trade_volume,trade_amount,open_interest_change,bv1,bp1,ap1,av1,yesterday_close,today_open,today_high,today_low,volume,amount,open_interest
2023-05-10 09:29:00,IO2312-C-4100,IO2312-C-4100,154.2,0.0,0.0,0.0,1,120.8,159.2,1,154.2,134.6,0.0,0.0,0.0,0.0,215
2023-05-10 09:30:00,IO2312-C-4100,IO2312-C-4100,154.2,0.0,0.0,0.0,6,121.0,159.2,1,154.2,134.6,0.0,0.0,0.0,0.0,215
2023-05-10 09:30:05,IO2312-C-4100,IO2312-C-4100,154.2,0.0,0.0,0.0,7,121.0,159.2,1,154.2,134.6,0.0,0.0,0.0,0.0,215
2023-05-10 09:30:06,IO2312-C-4100,IO2312-C-4100,154.2,0.0,0.0,0.0,6,121.2,159.2,1,154.2,134.6,0.0,0.0,0.0,0.0,215
2023-05-10 09:30:07,IO2312-C-4100,IO2312-C-4100,154.2,0.0,0.0,0.0,1,129.2,159.2,1,154.2,134.6,0.0,0.0,0.0,0.0,215
2023-05-10 09:30:08,IO2312-C-4100,IO2312-C-4100,154.2,0.0,0.0,0.0,6,128.0,159.0,6,154.2,134.6,0.0,0.0,0.0,0.0,215
2023-05-10 09:30:08,IO2312-C-4100,IO2312-C-4100,154.2,0.0,0.0,0.0,6,121.2,159.2,1,154.2,134.6,0.0,0.0,0.0,0.0,215
2023-05-10 09:30:15,IO2312-C-4100,IO2312-C-4100,154.2,0.0,0.0,0.0,7,121.2,159.2,1,154.2,134.6,0.0,0.0,0.0,0.0,215
2023-05-10 09:30:16,IO2312-C-4100,IO2312-C-4100,154.2,0.0,0.0,0.0,9,121.4,159.0,3,154.2,134.6,0.0,0.0,0.0,0.0,215
2023-05-10 09:30:16,IO2312-C-4100,IO2312-C-4100,154.2,0.0,0.0,0.0,6,121.6,159.0,3,154.2,134.6,0.0,0.0,0.0,0.0,215
2023-05-10 09:30:17,IO2312-C-4100,IO2312-C-4100,154.2,0.0,0.0,0.0,3,121.8,159.0,3,154.2,134.6,0.0,0.0,0.0,0.0,215
2023-05-10 09:30:17,IO2312-C-4100,IO2312-C-4100,154.2,0.0,0.0,0.0,6,122.0,159.0,3,154.2,134.6,0.0,0.0,0.0,0.0,215
2023-05-10 09:30:18,IO2312-C-4100,IO2312-C-4100,154.2,0.0,0.0,0.0,3,122.2,159.0,3,154.2,134.6,0.0,0.0,0.0,0.0,215
2023-05-10 09:30:18,IO2312-C-4100,IO2312-C-4100,154.2,0.0,0.0,0.0,6,122.4,159.0,3,154.2,134.6,0.0,0.0,0.0,0.0,215
2023-05-10 09:30:19,IO2312-C-4100,IO2312-C-4100,154.2,0.0,0.0,0.0,3,122.6,159.0,3,154.2,134.6,0.0,0.0,0.0,0.0,215
2023-05-10 09:30:19,IO2312-C-4100,IO2312-C-4100,154.2,0.0,0.0,0.0,6,122.8,159.0,3,154.2,134.6,0.0,0.0,0.0,0.0,215
2023-05-10 09:30:20,IO2312-C-4100,IO2312-C-4100,154.2,0.0,0.0,0.0,3,123.0,159.0,3,154.2,134.6,0.0,0.0,0.0,0.0,215
2023-05-10 09:30:20,IO2312-C-4100,IO2312-C-4100,154.2,0.0,0.0,0.0,6,123.2,159.0,3,154.2,134.6,0.0,0.0,0.0,0.0,215
2023-05-10 09:30:21,IO2312-C-4100,IO2312-C-4100,154.2,0.0,0.0,0.0,3,123.4,159.0,3,154.2,134.6,0.0,0.0,0.0,0.0,215
2023-05-10 09:30:21,IO2312-C-4100,IO2312-C-4100,154.2,0.0,0.0,0.0,6,123.6,159.0,3,154.2,134.6,0.0,0.0,0.0,0.0,215
2023-05-10 09:30:22,IO2312-C-4100,IO2312-C-4100,154.2,0.0,0.0,0.0,6,136.8,147.2,6,154.2,134.6,0.0,0.0,0.0,0.0,215
2023-05-10 09:30:22,IO2312-C-4100,IO2312-C-4100,154.2,0.0,0.0,0.0,3,137.0,163.0,1,154.2,134.6,0.0,0.0,0.0,0.0,215
2023-05-10 09:30:23,IO2312-C-4100,IO2312-C-4100,154.2,0.0,0.0,0.0,6,124.4,162.8,9,154.2,134.6,0.0,0.0,0.0,0.0,215
2023-05-10 09:30:23,IO2312-C-4100,IO2312-C-4100,154.2,0.0,0.0,0.0,3,124.6,162.8,3,154.2,134.6,0.0,0.0,0.0,0.0,215
2023-05-10 09:30:24,IO2312-C-4100,IO2312-C-4100,154.2,0.0,0.0,0.0,3,124.6,162.6,6,154.2,134.6,0.0,0.0,0.0,0.0,215
2023-05-10 09:30:24,IO2312-C-4100,IO2312-C-4100,154.2,0.0,0.0,0.0,3,124.6,162.4,3,154.2,134.6,0.0,0.0,0.0,0.0,215
2023-05-10 09:30:25,IO2312-C-4100,IO2312-C-4100,154.2,0.0,0.0,0.0,3,124.6,162.2,6,154.2,134.6,0.0,0.0,0.0,0.0,215
2023-05-10 09:30:25,IO2312-C-4100,IO2312-C-4100,154.2,0.0,0.0,0.0,6,137.6,147.8,6,154.2,134.6,0.0,0.0,0.0,0.0,215
2023-05-10 09:30:26,IO2312-C-4100,IO2312-C-4100,154.2,0.0,0.0,0.0,12,137.6,147.6,6,154.2,134.6,0.0,0.0,0.0,0.0,215
2023-05-10 09:30:26,IO2312-C-4100,IO2312-C-4100,154.2,0.0,0.0,0.0,6,137.6,147.6,6,154.2,134.6,0.0,0.0,0.0,0.0,215
2023-05-10 09:30:27,IO2312-C-4100,IO2312-C-4100,154.2,0.0,0.0,0.0,6,137.6,147.8,6,154.2,134.6,0.0,0.0,0.0,0.0,215
2023-05-10 09:30:27,IO2312-C-4100,IO2312-C-4100,154.2,0.0,0.0,0.0,6,137.6,147.6,3,154.2,134.6,0.0,0.0,0.0,0.0,215
2023-05-10 09:30:28,IO2312-C-4100,IO2312-C-4100,154.2,0.0,0.0,0.0,6,137.6,147.6,9,154.2,134.6,0.0,0.0,0.0,0.0,215
2023-05-10 09:30:28,IO2312-C-4100,IO2312-C-4100,154.2,0.0,0.0,0.0,6,136.6,147.6,9,154.2,134.6,0.0,0.0,0.0,0.0,215
2023-05-10 09:30:29,IO2312-C-4100,IO2312-C-4100,154.2,0.0,0.0,0.0,6,136.0,147.6,9,154.2,134.6,0.0,0.0,0.0,0.0,215
2023-05-10 09:30:30,IO2312-C-4100,IO2312-C-4100,154.2,0.0,0.0,0.0,9,136.0,147.6,9,154.2,134.6,0.0,0.0,0.0,0.0,215
2023-05-10 09:30:30,IO2312-C-4100,IO2312-C-4100,154.2,0.0,0.0,0.0,3,136.2,147.4,3,154.2,134.6,0.0,0.0,0.0,0.0,215
2023-05-10 09:30:31,IO2312-C-4100,IO2312-C-4100,154.2,0.0,0.0,0.0,6,136.2,147.4,6,154.2,134.6,0.0,0.0,0.0,0.0,215
2023-05-10 09:30:31,IO2312-C-4100,IO2312-C-4100,154.2,0.0,0.0,0.0,3,136.2,147.4,3,154.2,134.6,0.0,0.0,0.0,0.0,215
2023-05-10 09:30:32,IO2312-C-4100,IO2312-C-4100,154.2,0.0,0.0,0.0,3,136.4,147.2,3,154.2,134.6,0.0,0.0,0.0,0.0,215
2023-05-10 09:30:32,IO2312-C-4100,IO2312-C-4100,154.2,0.0,0.0,0.0,6,136.4,147.2,3,154.2,134.6,0.0,0.0,0.0,0.0,215
2023-05-10 09:30:33,IO2312-C-4100,IO2312-C-4100,154.2,0.0,0.0,0.0,3,136.4,147.2,6,154.2,134.6,0.0,0.0,0.0,0.0,215
2023-05-10 09:30:33,IO2312-C-4100,IO2312-C-4100,154.2,0.0,0.0,0.0,3,136.4,147.2,3,154.2,134.6,0.0,0.0,0.0,0.0,215
2023-05-10 09:30:34,IO2312-C-4100,IO2312-C-4100,154.2,0.0,0.0,0.0,9,136.4,146.6,6,154.2,134.6,0.0,0.0,0.0,0.0,215
2023-05-10 09:30:34,IO2312-C-4100,IO2312-C-4100,154.2,0.0,0.0,0.0,6,136.4,146.6,12,154.2,134.6,0.0,0.0,0.0,0.0,215
2023-05-10 09:30:35,IO2312-C-4100,IO2312-C-4100,154.2,0.0,0.0,0.0,9,136.4,146.6,12,154.2,134.6,0.0,0.0,0.0,0.0,215
2023-05-10 09:30:35,IO2312-C-4100,IO2312-C-4100,154.2,0.0,0.0,0.0,6,136.4,146.6,12,154.2,134.6,0.0,0.0,0.0,0.0,215
2023-05-10 09:30:36,IO2312-C-4100,IO2312-C-4100,154.2,0.0,0.0,0.0,6,136.4,146.6,15,154.2,134.6,0.0,0.0,0.0,0.0,215
2023-05-10 09:30:36,IO2312-C-4100,IO2312-C-4100,154.2,0.0,0.0,0.0,6,136.4,146.6,12,154.2,134.6,0.0,0.0,0.0,0.0,215
2023-05-10 09:30:37,IO2312-C-4100,IO2312-C-4100,154.2,0.0,0.0,0.0,9,136.4,146.6,15,154.2,134.6,0.0,0.0,0.0,0.0,215
2023-05-10 09:30:37,IO2312-C-4100,IO2312-C-4100,154.2,0.0,0.0,0.0,6,136.4,146.6,12,154.2,134.6,0.0,0.0,0.0,0.0,215
2023-05-10 09:30:38,IO2312-C-4100,IO2312-C-4100,154.2,0.0,0.0,0.0,6,136.4,146.6,15,154.2,134.6,0.0,0.0,0.0,0.0,215
2023-05-10 09:30:38,IO2312-C-4100,IO2312-C-4100,154.2,0.0,0.0,0.0,6,136.4,146.6,12,154.2,134.6,0.0,0.0,0.0,0.0,215
2023-05-10 09:30:39,IO2312-C-4100,IO2312-C-4100,154.2,0.0,0.0,0.0,6,136.4,146.6,15,154.2,134.6,0.0,0.0,0.0,0.0,215
2023-05-10 09:30:40,IO2312-C-4100,IO2312-C-4100,154.2,0.0,0.0,0.0,6,136.4,146.6,18,154.2,134.6,0.0,0.0,0.0,0.0,215
2023-05-10 09:30:40,IO2312-C-4100,IO2312-C-4100,154.2,0.0,0.0,0.0,6,136.4,146.6,15,154.2,134.6,0.0,0.0,0.0,0.0,215
2023-05-10 09:30:41,IO2312-C-4100,IO2312-C-4100,154.2,0.0,0.0,0.0,6,136.4,146.6,21,154.2,134.6,0.0,0.0,0.0,0.0,215
2023-05-10 09:30:43,IO2312-C-4100,IO2312-C-4100,154.2,0.0,0.0,0.0,6,136.4,146.6,18,154.2,134.6,0.0,0.0,0.0,0.0,215
2023-05-10 09:30:44,IO2312-C-4100,IO2312-C-4100,154.2,0.0,0.0,0.0,9,136.4,146.6,12,154.2,134.6,0.0,0.0,0.0,0.0,215
2023-05-10 09:30:44,IO2312-C-4100,IO2312-C-4100,154.2,0.0,0.0,0.0,6,136.4,146.6,12,154.2,134.6,0.0,0.0,0.0,0.0,215
2023-05-10 09:30:45,IO2312-C-4100,IO2312-C-4100,154.2,0.0,0.0,0.0,9,136.4,146.6,15,154.2,134.6,0.0,0.0,0.0,0.0,215
2023-05-10 09:30:45,IO2312-C-4100,IO2312-C-4100,154.2,0.0,0.0,0.0,6,136.4,146.6,15,154.2,134.6,0.0,0.0,0.0,0.0,215
2023-05-10 09:30:46,IO2312-C-4100,IO2312-C-4100,154.2,0.0,0.0,0.0,9,136.4,146.6,15,154.2,134.6,0.0,0.0,0.0,0.0,215
2023-05-10 09:30:46,IO2312-C-4100,IO2312-C-4100,154.2,0.0,0.0,0.0,6,136.4,146.6,21,154.2,134.6,0.0,0.0,0.0,0.0,215
2023-05-10 09:30:49,IO2312-C-4100,IO2312-C-4100,154.2,0.0,0.0,0.0,2,136.6,146.4,2,154.2,134.6,0.0,0.0,0.0,0.0,215
2023-05-10 09:30:51,IO2312-C-4100,IO2312-C-4100,154.2,0.0,0.0,0.0,2,136.6,146.4,5,154.2,134.6,0.0,0.0,0.0,0.0,215
2023-05-10 09:30:53,IO2312-C-4100,IO2312-C-4100,154.2,0.0,0.0,0.0,2,136.6,146.4,2,154.2,134.6,0.0,0.0,0.0,0.0,215
2023-05-10 09:30:55,IO2312-C-4100,IO2312-C-4100,154.2,0.0,0.0,0.0,2,136.6,146.4,5,154.2,134.6,0.0,0.0,0.0,0.0,215
2023-05-10 09:31:00,IO2312-C-4100,IO2312-C-4100,154.2,0.0,0.0,0.0,8,136.4,146.4,5,154.2,134.6,0.0,0.0,0.0,0.0,215
2023-05-10 09:31:01,IO2312-C-4100,IO2312-C-4100,154.2,0.0,0.0,0.0,6,136.4,146.4,5,154.2,134.6,0.0,0.0,0.0,0.0,215
2023-05-10 09:31:01,IO2312-C-4100,IO2312-C-4100,154.2,0.0,0.0,0.0,12,136.2,145.2,6,154.2,134.6,0.0,0.0,0.0,0.0,215
2023-05-10 09:31:02,IO2312-C-4100,IO2312-C-4100,154.2,0.0,0.0,0.0,6,136.2,145.0,2,154.2,134.6,0.0,0.0,0.0,0.0,215
2023-05-10 09:31:04,IO2312-C-4100,IO2312-C-4100,154.2,0.0,0.0,0.0,6,136.2,145.0,5,154.2,134.6,0.0,0.0,0.0,0.0,215
2023-05-10 09:31:06,IO2312-C-4100,IO2312-C-4100,154.2,0.0,0.0,0.0,18,136.0,145.0,5,154.2,134.6,0.0,0.0,0.0,0.0,215
2023-05-10 09:31:06,IO2312-C-4100,IO2312-C-4100,154.2,0.0,0.0,0.0,12,136.0,145.0,5,154.2,134.6,0.0,0.0,0.0,0.0,215
2023-05-10 09:31:07,IO2312-C-4100,IO2312-C-4100,154.2,0.0,0.0,0.0,6,136.0,145.0,5,154.2,134.6,0.0,0.0,0.0,0.0,215
2023-05-10 09:31:16,IO2312-C-4100,IO2312-C-4100,154.2,0.0,0.0,0.0,6,136.0,145.0,3,154.2,134.6,0.0,0.0,0.0,0.0,215
2023-05-10 09:31:17,IO2312-C-4100,IO2312-C-4100,154.2,0.0,0.0,0.0,6,136.0,144.8,2,154.2,134.6,0.0,0.0,0.0,0.0,215
2023-05-10 09:31:17,IO2312-C-4100,IO2312-C-4100,154.2,0.0,0.0,0.0,6,136.0,144.6,3,154.2,134.6,0.0,0.0,0.0,0.0,215
2023-05-10 09:31:18,IO2312-C-4100,IO2312-C-4100,154.2,0.0,0.0,0.0,6,136.0,144.4,2,154.2,134.6,0.0,0.0,0.0,0.0,215
2023-05-10 09:31:18,IO2312-C-4100,IO2312-C-4100,154.2,0.0,0.0,0.0,6,136.0,144.4,5,154.2,134.6,0.0,0.0,0.0,0.0,215
2023-05-10 09:31:19,IO2312-C-4100,IO2312-C-4100,154.2,0.0,0.0,0.0,6,136.0,144.4,2,154.2,134.6,0.0,0.0,0.0,0.0,215
2023-05-10 09:31:19,IO2312-C-4100,IO2312-C-4100,154.2,0.0,0.0,0.0,6,136.0,144.4,5,154.2,134.6,0.0,0.0,0.0,0.0,215
2023-05-10 09:31:20,IO2312-C-4100,IO2312-C-4100,154.2,0.0,0.0,0.0,6,136.0,144.4,11,154.2,134.6,0.0,0.0,0.0,0.0,215
2023-05-10 09:31:30,IO2312-C-4100,IO2312-C-4100,154.2,0.0,0.0,0.0,6,136.0,143.2,6,154.2,134.6,0.0,0.0,0.0,0.0,215
2023-05-10 09:31:30,IO2312-C-4100,IO2312-C-4100,154.2,0.0,0.0,0.0,6,136.0,143.0,2,154.2,134.6,0.0,0.0,0.0,0.0,215
2023-05-10 09:31:45,IO2312-C-4100,IO2312-C-4100,154.2,0.0,0.0,0.0,6,136.0,143.2,26,154.2,134.6,0.0,0.0,0.0,0.0,215
2023-05-10 09:31:47,IO2312-C-4100,IO2312-C-4100,154.2,0.0,0.0,0.0,6,136.0,143.2,24,154.2,134.6,0.0,0.0,0.0,0.0,215
2023-05-10 09:31:48,IO2312-C-4100,IO2312-C-4100,154.2,0.0,0.0,0.0,9,136.0,143.2,27,154.2,134.6,0.0,0.0,0.0,0.0,215
2023-05-10 09:31:48,IO2312-C-4100,IO2312-C-4100,154.2,0.0,0.0,0.0,9,136.0,143.2,29,154.2,134.6,0.0,0.0,0.0,0.0,215
2023-05-10 09:31:49,IO2312-C-4100,IO2312-C-4100,154.2,0.0,0.0,0.0,9,136.0,143.2,27,154.2,134.6,0.0,0.0,0.0,0.0,215
2023-05-10 09:31:51,IO2312-C-4100,IO2312-C-4100,154.2,0.0,0.0,0.0,9,136.0,143.2,21,154.2,134.6,0.0,0.0,0.0,0.0,215
2023-05-10 09:31:57,IO2312-C-4100,IO2312-C-4100,154.2,0.0,0.0,0.0,9,136.0,143.2,18,154.2,134.6,0.0,0.0,0.0,0.0,215
2023-05-10 09:31:57,IO2312-C-4100,IO2312-C-4100,154.2,0.0,0.0,0.0,9,136.0,143.2,12,154.2,134.6,0.0,0.0,0.0,0.0,215
2023-05-10 09:31:58,IO2312-C-4100,IO2312-C-4100,154.2,0.0,0.0,0.0,9,136.0,143.2,9,154.2,134.6,0.0,0.0,0.0,0.0,215
2023-05-10 09:31:59,IO2312-C-4100,IO2312-C-4100,154.2,0.0,0.0,0.0,9,136.0,143.2,6,154.2,134.6,0.0,0.0,0.0,0.0,215
2023-05-10 09:31:59,IO2312-C-4100,IO2312-C-4100,154.2,0.0,0.0,0.0,9,136.0,144.2,14,154.2,134.6,0.0,0.0,0.0,0.0,215
2023-05-10 09:32:00,IO2312-C-4100,IO2312-C-4100,154.2,0.0,0.0,0.0,9,136.0,144.2,17,154.2,134.6,0.0,0.0,0.0,0.0,215
2023-05-10 09:32:01,IO2312-C-4100,IO2312-C-4100,154.2,0.0,0.0,0.0,11,136.0,144.2,17,154.2,134.6,0.0,0.0,0.0,0.0,215
2023-05-10 09:32:03,IO2312-C-4100,IO2312-C-4100,154.2,0.0,0.0,0.0,9,136.0,144.2,17,154.2,134.6,0.0,0.0,0.0,0.0,215
2023-05-10 09:32:06,IO2312-C-4100,IO2312-C-4100,154.2,0.0,0.0,0.0,9,136.0,144.2,23,154.2,134.6,0.0,0.0,0.0,0.0,215
2023-05-10 09:32:07,IO2312-C-4100,IO2312-C-4100,154.2,0.0,0.0,0.0,9,136.0,144.2,26,154.2,134.6,0.0,0.0,0.0,0.0,215
2023-05-10 09:32:07,IO2312-C-4100,IO2312-C-4100,154.2,0.0,0.0,0.0,9,136.0,144.2,23,154.2,134.6,0.0,0.0,0.0,0.0,215
2023-05-10 09:32:08,IO2312-C-4100,IO2312-C-4100,154.2,0.0,0.0,0.0,10,136.0,144.2,23,154.2,134.6,0.0,0.0,0.0,0.0,215
2023-05-10 09:32:17,IO2312-C-4100,IO2312-C-4100,154.2,0.0,0.0,0.0,10,136.0,144.2,21,154.2,134.6,0.0,0.0,0.0,0.0,215
2023-05-10 09:32:18,IO2312-C-4100,IO2312-C-4100,154.2,0.0,0.0,0.0,12,136.0,144.0,3,154.2,134.6,0.0,0.0,0.0,0.0,215
2023-05-10 09:32:19,IO2312-C-4100,IO2312-C-4100,154.2,0.0,0.0,0.0,1,136.2,144.0,3,154.2,134.6,0.0,0.0,0.0,0.0,215
2023-05-10 09:32:19,IO2312-C-4100,IO2312-C-4100,154.2,0.0,0.0,0.0,2,136.4,144.0,3,154.2,134.6,0.0,0.0,0.0,0.0,215
2023-05-10 09:32:24,IO2312-C-4100,IO2312-C-4100,154.2,0.0,0.0,0.0,3,136.4,144.0,3,154.2,134.6,0.0,0.0,0.0,0.0,215
2023-05-10 09:32:25,IO2312-C-4100,IO2312-C-4100,154.2,0.0,0.0,0.0,2,136.4,144.0,3,154.2,134.6,0.0,0.0,0.0,0.0,215
2023-05-10 09:32:26,IO2312-C-4100,IO2312-C-4100,154.2,0.0,0.0,0.0,2,136.2,144.0,3,154.2,134.6,0.0,0.0,0.0,0.0,215
2023-05-10 09:32:26,IO2312-C-4100,IO2312-C-4100,154.2,0.0,0.0,0.0,23,136.0,144.0,3,154.2,134.6,0.0,0.0,0.0,0.0,215
2023-05-10 09:32:27,IO2312-C-4100,IO2312-C-4100,154.2,0.0,0.0,0.0,17,136.0,144.0,3,154.2,134.6,0.0,0.0,0.0,0.0,215
2023-05-10 09:32:30,IO2312-C-4100,IO2312-C-4100,154.2,0.0,0.0,0.0,20,136.0,144.0,3,154.2,134.6,0.0,0.0,0.0,0.0,215
2023-05-10 09:32:31,IO2312-C-4100,IO2312-C-4100,154.2,0.0,0.0,0.0,17,136.0,144.0,3,154.2,134.6,0.0,0.0,0.0,0.0,215
2023-05-10 09:32:37,IO2312-C-4100,IO2312-C-4100,154.2,0.0,0.0,0.0,18,136.0,144.0,3,154.2,134.6,0.0,0.0,0.0,0.0,215
2023-05-10 09:32:46,IO2312-C-4100,IO2312-C-4100,154.2,0.0,0.0,0.0,15,136.0,144.0,3,154.2,134.6,0.0,0.0,0.0,0.0,215
2023-05-10 09:32:46,IO2312-C-4100,IO2312-C-4100,154.2,0.0,0.0,0.0,17,136.0,144.0,3,154.2,134.6,0.0,0.0,0.0,0.0,215
2023-05-10 09:32:52,IO2312-C-4100,IO2312-C-4100,154.2,0.0,0.0,0.0,17,136.0,142.6,1,154.2,134.6,0.0,0.0,0.0,0.0,215
2023-05-10 09:32:53,IO2312-C-4100,IO2312-C-4100,154.2,0.0,0.0,0.0,20,136.0,142.8,3,154.2,134.6,0.0,0.0,0.0,0.0,215
2023-05-10 09:32:54,IO2312-C-4100,IO2312-C-4100,154.2,0.0,0.0,0.0,20,136.0,144.0,3,154.2,134.6,0.0,0.0,0.0,0.0,215
2023-05-10 09:32:54,IO2312-C-4100,IO2312-C-4100,154.2,0.0,0.0,0.0,20,136.0,143.8,3,154.2,134.6,0.0,0.0,0.0,0.0,215
2023-05-10 09:32:55,IO2312-C-4100,IO2312-C-4100,154.2,0.0,0.0,0.0,17,136.0,143.8,3,154.2,134.6,0.0,0.0,0.0,0.0,215
2023-05-10 09:32:57,IO2312-C-4100,IO2312-C-4100,154.2,0.0,0.0,0.0,1,137.8,143.2,1,154.2,134.6,0.0,0.0,0.0,0.0,215
2023-05-10 09:32:58,IO2312-C-4100,IO2312-C-4100,154.2,0.0,0.0,0.0,1,137.8,143.0,3,154.2,134.6,0.0,0.0,0.0,0.0,215
2023-05-10 09:32:58,IO2312-C-4100,IO2312-C-4100,154.2,0.0,0.0,0.0,7,137.8,143.2,1,154.2,134.6,0.0,0.0,0.0,0.0,215
2023-05-10 09:32:59,IO2312-C-4100,IO2312-C-4100,154.2,0.0,0.0,0.0,7,137.8,143.0,3,154.2,134.6,0.0,0.0,0.0,0.0,215
2023-05-10 09:32:59,IO2312-C-4100,IO2312-C-4100,154.2,0.0,0.0,0.0,7,137.8,143.2,1,154.2,134.6,0.0,0.0,0.0,0.0,215
2023-05-10 09:33:00,IO2312-C-4100,IO2312-C-4100,154.2,0.0,0.0,0.0,1,138.2,143.2,4,154.2,134.6,0.0,0.0,0.0,0.0,215
2023-05-10 09:33:00,IO2312-C-4100,IO2312-C-4100,154.2,0.0,0.0,0.0,1,138.2,143.2,1,154.2,134.6,0.0,0.0,0.0,0.0,215
2023-05-10 09:33:06,IO2312-C-4100,IO2312-C-4100,154.2,0.0,0.0,0.0,3,138.0,143.2,1,154.2,134.6,0.0,0.0,0.0,0.0,215
2023-05-10 09:33:06,IO2312-C-4100,IO2312-C-4100,154.2,0.0,0.0,0.0,6,137.8,143.2,1,154.2,134.6,0.0,0.0,0.0,0.0,215
2023-05-10 09:33:07,IO2312-C-4100,IO2312-C-4100,154.2,0.0,0.0,0.0,9,137.8,143.2,1,154.2,134.6,0.0,0.0,0.0,0.0,215
2023-05-10 09:33:08,IO2312-C-4100,IO2312-C-4100,154.2,0.0,0.0,0.0,9,137.8,143.2,4,154.2,134.6,0.0,0.0,0.0,0.0,215
2023-05-10 09:33:08,IO2312-C-4100,IO2312-C-4100,154.2,0.0,0.0,0.0,9,137.8,143.2,10,154.2,134.6,0.0,0.0,0.0,0.0,215
2023-05-10 09:33:11,IO2312-C-4100,IO2312-C-4100,154.2,0.0,0.0,0.0,1,138.0,143.2,7,154.2,134.6,0.0,0.0,0.0,0.0,215
2023-05-10 09:33:12,IO2312-C-4100,IO2312-C-4100,154.2,0.0,0.0,0.0,1,138.0,143.2,1,154.2,134.6,0.0,0.0,0.0,0.0,215
2023-05-10 09:33:13,IO2312-C-4100,IO2312-C-4100,154.2,0.0,0.0,0.0,1,138.0,143.4,3,154.2,134.6,0.0,0.0,0.0,0.0,215
2023-05-10 09:33:13,IO2312-C-4100,IO2312-C-4100,154.2,0.0,0.0,0.0,1,138.0,143.6,30,154.2,134.6,0.0,0.0,0.0,0.0,215
2023-05-10 09:33:14,IO2312-C-4100,IO2312-C-4100,154.2,0.0,0.0,0.0,1,138.0,143.6,18,154.2,134.6,0.0,0.0,0.0,0.0,215
2023-05-10 09:33:14,IO2312-C-4100,IO2312-C-4100,154.2,0.0,0.0,0.0,2,138.2,143.6,15,154.2,134.6,0.0,0.0,0.0,0.0,215
2023-05-10 09:33:15,IO2312-C-4100,IO2312-C-4100,154.2,0.0,0.0,0.0,1,138.4,143.6,15,154.2,134.6,0.0,0.0,0.0,0.0,215
2023-05-10 09:33:16,IO2312-C-4100,IO2312-C-4100,154.2,0.0,0.0,0.0,2,138.6,143.6,9,154.2,134.6,0.0,0.0,0.0,0.0,215
2023-05-10 09:33:16,IO2312-C-4100,IO2312-C-4100,154.2,0.0,0.0,0.0,1,138.8,143.6,3,154.2,134.6,0.0,0.0,0.0,0.0,215
2023-05-10 09:33:17,IO2312-C-4100,IO2312-C-4100,154.2,0.0,0.0,0.0,7,138.8,143.8,18,154.2,134.6,0.0,0.0,0.0,0.0,215
2023-05-10 09:33:17,IO2312-C-4100,IO2312-C-4100,154.2,0.0,0.0,0.0,7,138.8,143.8,12,154.2,134.6,0.0,0.0,0.0,0.0,215
2023-05-10 09:33:18,IO2312-C-4100,IO2312-C-4100,154.2,0.0,0.0,0.0,2,139.0,143.8,9,154.2,134.6,0.0,0.0,0.0,0.0,215
2023-05-10 09:33:18,IO2312-C-4100,IO2312-C-4100,154.2,0.0,0.0,0.0,2,139.0,143.8,6,154.2,134.6,0.0,0.0,0.0,0.0,215
2023-05-10 09:33:19,IO2312-C-4100,IO2312-C-4100,154.2,0.0,0.0,0.0,1,139.2,143.8,9,154.2,134.6,0.0,0.0,0.0,0.0,215
2023-05-10 09:33:20,IO2312-C-4100,IO2312-C-4100,154.2,0.0,0.0,0.0,2,139.4,143.8,9,154.2,134.6,0.0,0.0,0.0,0.0,215
2023-05-10 09:33:20,IO2312-C-4100,IO2312-C-4100,154.2,0.0,0.0,0.0,2,139.4,143.8,6,154.2,134.6,0.0,0.0,0.0,0.0,215
2023-05-10 09:33:22,IO2312-C-4100,IO2312-C-4100,154.2,0.0,0.0,0.0,1,139.6,143.8,6,154.2,134.6,0.0,0.0,0.0,0.0,215
2023-05-10 09:33:23,IO2312-C-4100,IO2312-C-4100,154.2,0.0,0.0,0.0,7,139.6,144.2,27,154.2,134.6,0.0,0.0,0.0,0.0,215
2023-05-10 09:33:24,IO2312-C-4100,IO2312-C-4100,154.2,0.0,0.0,0.0,7,139.6,144.2,12,154.2,134.6,0.0,0.0,0.0,0.0,215
2023-05-10 09:33:24,IO2312-C-4100,IO2312-C-4100,154.2,0.0,0.0,0.0,7,139.6,144.4,12,154.2,134.6,0.0,0.0,0.0,0.0,215
2023-05-10 09:33:25,IO2312-C-4100,IO2312-C-4100,154.2,0.0,0.0,0.0,7,139.6,144.4,9,154.2,134.6,0.0,0.0,0.0,0.0,215
2023-05-10 09:33:27,IO2312-C-4100,IO2312-C-4100,154.2,0.0,0.0,0.0,1,140.0,144.4,6,154.2,134.6,0.0,0.0,0.0,0.0,215
2023-05-10 09:33:27,IO2312-C-4100,IO2312-C-4100,154.2,0.0,0.0,0.0,7,140.0,144.4,6,154.2,134.6,0.0,0.0,0.0,0.0,215
2023-05-10 09:33:28,IO2312-C-4100,IO2312-C-4100,154.2,0.0,0.0,0.0,7,140.0,144.4,9,154.2,134.6,0.0,0.0,0.0,0.0,215
2023-05-10 09:33:29,IO2312-C-4100,IO2312-C-4100,154.2,0.0,0.0,0.0,1,140.8,144.4,9,154.2,134.6,0.0,0.0,0.0,0.0,215
2023-05-10 09:33:30,IO2312-C-4100,IO2312-C-4100,154.2,0.0,0.0,0.0,1,140.8,144.4,6,154.2,134.6,0.0,0.0,0.0,0.0,215
2023-05-10 09:33:30,IO2312-C-4100,IO2312-C-4100,154.2,0.0,0.0,0.0,3,140.6,144.4,6,154.2,134.6,0.0,0.0,0.0,0.0,215
2023-05-10 09:33:31,IO2312-C-4100,IO2312-C-4100,154.2,0.0,0.0,0.0,6,140.2,144.4,6,154.2,134.6,0.0,0.0,0.0,0.0,215
2023-05-10 09:33:31,IO2312-C-4100,IO2312-C-4100,154.2,0.0,0.0,0.0,8,140.0,144.4,9,154.2,134.6,0.0,0.0,0.0,0.0,215
2023-05-10 09:33:32,IO2312-C-4100,IO2312-C-4100,154.2,0.0,0.0,0.0,9,140.0,144.4,9,154.2,134.6,0.0,0.0,0.0,0.0,215
2023-05-10 09:33:32,IO2312-C-4100,IO2312-C-4100,154.2,0.0,0.0,0.0,1,140.2,144.4,9,154.2,134.6,0.0,0.0,0.0,0.0,215
2023-05-10 09:33:35,IO2312-C-4100,IO2312-C-4100,154.2,0.0,0.0,0.0,9,140.0,144.4,9,154.2,134.6,0.0,0.0,0.0,0.0,215
2023-05-10 09:33:36,IO2312-C-4100,IO2312-C-4100,154.2,0.0,0.0,0.0,9,140.0,144.2,6,154.2,134.6,0.0,0.0,0.0,0.0,215
2023-05-10 09:33:41,IO2312-C-4100,IO2312-C-4100,154.2,0.0,0.0,0.0,9,140.0,144.0,6,154.2,134.6,0.0,0.0,0.0,0.0,215
2023-05-10 09:33:42,IO2312-C-4100,IO2312-C-4100,154.2,0.0,0.0,0.0,6,140.0,143.8,6,154.2,134.6,0.0,0.0,0.0,0.0,215
2023-05-10 09:33:43,IO2312-C-4100,IO2312-C-4100,154.2,0.0,0.0,0.0,24,139.8,143.8,6,154.2,134.6,0.0,0.0,0.0,0.0,215
2023-05-10 09:33:43,IO2312-C-4100,IO2312-C-4100,154.2,0.0,0.0,0.0,12,139.8,143.8,6,154.2,134.6,0.0,0.0,0.0,0.0,215
2023-05-10 09:33:44,IO2312-C-4100,IO2312-C-4100,154.2,0.0,0.0,0.0,9,139.6,143.8,6,154.2,134.6,0.0,0.0,0.0,0.0,215
2023-05-10 09:33:44,IO2312-C-4100,IO2312-C-4100,154.2,0.0,0.0,0.0,3,139.6,143.8,6,154.2,134.6,0.0,0.0,0.0,0.0,215
2023-05-10 09:33:45,IO2312-C-4100,IO2312-C-4100,154.2,0.0,0.0,0.0,31,139.2,143.8,6,154.2,134.6,0.0,0.0,0.0,0.0,215
2023-05-10 09:33:45,IO2312-C-4100,IO2312-C-4100,154.2,0.0,0.0,0.0,13,139.2,143.8,6,154.2,134.6,0.0,0.0,0.0,0.0,215
2023-05-10 09:33:46,IO2312-C-4100,IO2312-C-4100,154.2,0.0,0.0,0.0,10,139.2,143.8,9,154.2,134.6,0.0,0.0,0.0,0.0,215
2023-05-10 09:33:46,IO2312-C-4100,IO2312-C-4100,154.2,0.0,0.0,0.0,4,139.2,143.6,6,154.2,134.6,0.0,0.0,0.0,0.0,215
2023-05-10 09:33:47,IO2312-C-4100,IO2312-C-4100,154.2,0.0,0.0,0.0,1,139.2,143.6,3,154.2,134.6,0.0,0.0,0.0,0.0,215
2023-05-10 09:33:47,IO2312-C-4100,IO2312-C-4100,154.2,0.0,0.0,0.0,13,138.8,143.4,6,154.2,134.6,0.0,0.0,0.0,0.0,215
2023-05-10 09:33:48,IO2312-C-4100,IO2312-C-4100,154.2,0.0,0.0,0.0,16,138.8,143.8,6,154.2,134.6,0.0,0.0,0.0,0.0,215
2023-05-10 09:33:48,IO2312-C-4100,IO2312-C-4100,154.2,0.0,0.0,0.0,16,138.8,143.8,9,154.2,134.6,0.0,0.0,0.0,0.0,215
2023-05-10 09:33:49,IO2312-C-4100,IO2312-C-4100,154.2,0.0,0.0,0.0,16,138.8,143.6,6,154.2,134.6,0.0,0.0,0.0,0.0,215
2023-05-10 09:33:54,IO2312-C-4100,IO2312-C-4100,154.2,0.0,0.0,0.0,1,139.2,143.6,6,154.2,134.6,0.0,0.0,0.0,0.0,215
2023-05-10 09:33:55,IO2312-C-4100,IO2312-C-4100,154.2,0.0,0.0,0.0,15,138.8,143.6,6,154.2,134.6,0.0,0.0,0.0,0.0,215
2023-05-10 09:33:59,IO2312-C-4100,IO2312-C-4100,154.2,0.0,0.0,0.0,15,138.8,143.6,9,154.2,134.6,0.0,0.0,0.0,0.0,215
2023-05-10 09:34:00,IO2312-C-4100,IO2312-C-4100,154.2,0.0,0.0,0.0,15,138.8,143.4,6,154.2,134.6,0.0,0.0,0.0,0.0,215
2023-05-10 09:34:00,IO2312-C-4100,IO2312-C-4100,154.2,0.0,0.0,0.0,15,138.8,143.4,9,154.2,134.6,0.0,0.0,0.0,0.0,215
2023-05-10 09:34:01,IO2312-C-4100,IO2312-C-4100,154.2,0.0,0.0,0.0,15,138.8,143.2,6,154.2,134.6,0.0,0.0,0.0,0.0,215
2023-05-10 09:34:03,IO2312-C-4100,IO2312-C-4100,154.2,0.0,0.0,0.0,15,138.8,143.2,15,154.2,134.6,0.0,0.0,0.0,0.0,215
2023-05-10 09:34:04,IO2312-C-4100,IO2312-C-4100,154.2,0.0,0.0,0.0,15,138.8,143.0,8,154.2,134.6,0.0,0.0,0.0,0.0,215
2023-05-10 09:34:04,IO2312-C-4100,IO2312-C-4100,154.2,0.0,0.0,0.0,15,138.8,142.8,6,154.2,134.6,0.0,0.0,0.0,0.0,215
2023-05-10 09:34:05,IO2312-C-4100,IO2312-C-4100,154.2,0.0,0.0,0.0,15,138.8,142.8,9,154.2,134.6,0.0,0.0,0.0,0.0,215
2023-05-10 09:34:05,IO2312-C-4100,IO2312-C-4100,154.2,0.0,0.0,0.0,12,138.8,142.6,6,154.2,134.6,0.0,0.0,0.0,0.0,215
2023-05-10 09:34:06,IO2312-C-4100,IO2312-C-4100,154.2,0.0,0.0,0.0,6,138.8,142.6,9,154.2,134.6,0.0,0.0,0.0,0.0,215
2023-05-10 09:34:06,IO2312-C-4100,IO2312-C-4100,154.2,0.0,0.0,0.0,6,138.8,142.4,6,154.2,134.6,0.0,0.0,0.0,0.0,215
2023-05-10 09:34:07,IO2312-C-4100,IO2312-C-4100,154.2,0.0,0.0,0.0,6,138.8,142.8,6,154.2,134.6,0.0,0.0,0.0,0.0,215
2023-05-10 09:34:08,IO2312-C-4100,IO2312-C-4100,154.2,0.0,0.0,0.0,6,138.8,142.8,9,154.2,134.6,0.0,0.0,0.0,0.0,215
2023-05-10 09:34:08,IO2312-C-4100,IO2312-C-4100,154.2,0.0,0.0,0.0,6,138.8,142.6,6,154.2,134.6,0.0,0.0,0.0,0.0,215
2023-05-10 09:34:14,IO2312-C-4100,IO2312-C-4100,154.2,0.0,0.0,0.0,6,138.8,142.6,9,154.2,134.6,0.0,0.0,0.0,0.0,215
2023-05-10 09:34:14,IO2312-C-4100,IO2312-C-4100,154.2,0.0,0.0,0.0,6,138.8,142.4,6,154.2,134.6,0.0,0.0,0.0,0.0,215
2023-05-10 09:34:15,IO2312-C-4100,IO2312-C-4100,154.2,0.0,0.0,0.0,6,138.8,142.6,6,154.2,134.6,0.0,0.0,0.0,0.0,215
2023-05-10 09:34:15,IO2312-C-4100,IO2312-C-4100,154.2,0.0,0.0,0.0,6,138.8,142.4,6,154.2,134.6,0.0,0.0,0.0,0.0,215
2023-05-10 09:34:16,IO2312-C-4100,IO2312-C-4100,154.2,0.0,0.0,0.0,6,138.8,142.2,6,154.2,134.6,0.0,0.0,0.0,0.0,215
2023-05-10 09:34:20,IO2312-C-4100,IO2312-C-4100,154.2,0.0,0.0,0.0,6,138.8,142.2,9,154.2,134.6,0.0,0.0,0.0,0.0,215
2023-05-10 09:34:20,IO2312-C-4100,IO2312-C-4100,154.2,0.0,0.0,0.0,6,138.8,142.0,6,154.2,134.6,0.0,0.0,0.0,0.0,215
2023-05-10 09:34:22,IO2312-C-4100,IO2312-C-4100,154.2,0.0,0.0,0.0,6,138.8,142.2,9,154.2,134.6,0.0,0.0,0.0,0.0,215
2023-05-10 09:34:23,IO2312-C-4100,IO2312-C-4100,154.2,0.0,0.0,0.0,6,138.8,142.0,6,154.2,134.6,0.0,0.0,0.0,0.0,215
2023-05-10 09:34:28,IO2312-C-4100,IO2312-C-4100,154.2,0.0,0.0,0.0,9,138.8,142.0,6,154.2,134.6,0.0,0.0,0.0,0.0,215
2023-05-10 09:34:29,IO2312-C-4100,IO2312-C-4100,154.2,0.0,0.0,0.0,6,138.8,142.0,6,154.2,134.6,0.0,0.0,0.0,0.0,215
2023-05-10 09:34:33,IO2312-C-4100,IO2312-C-4100,154.2,0.0,0.0,0.0,6,138.8,142.0,9,154.2,134.6,0.0,0.0,0.0,0.0,215
2023-05-10 09:34:33,IO2312-C-4100,IO2312-C-4100,154.2,0.0,0.0,0.0,6,138.8,141.8,6,154.2,134.6,0.0,0.0,0.0,0.0,215
2023-05-10 09:34:34,IO2312-C-4100,IO2312-C-4100,154.2,0.0,0.0,0.0,6,138.8,141.6,6,154.2,134.6,0.0,0.0,0.0,0.0,215
2023-05-10 09:34:34,IO2312-C-4100,IO2312-C-4100,154.2,0.0,0.0,0.0,6,138.8,141.4,6,154.2,134.6,0.0,0.0,0.0,0.0,215
2023-05-10 09:34:45,IO2312-C-4100,IO2312-C-4100,154.2,0.0,0.0,0.0,27,138.0,141.4,6,154.2,134.6,0.0,0.0,0.0,0.0,215
2023-05-10 09:34:46,IO2312-C-4100,IO2312-C-4100,154.2,0.0,0.0,0.0,15,138.0,141.4,6,154.2,134.6,0.0,0.0,0.0,0.0,215
2023-05-10 09:34:46,IO2312-C-4100,IO2312-C-4100,154.2,0.0,0.0,0.0,6,138.0,141.6,6,154.2,134.6,0.0,0.0,0.0,0.0,215
2023-05-10 09:34:47,IO2312-C-4100,IO2312-C-4100,154.2,0.0,0.0,0.0,12,137.8,141.6,6,154.2,134.6,0.0,0.0,0.0,0.0,215
2023-05-10 09:34:47,IO2312-C-4100,IO2312-C-4100,154.2,0.0,0.0,0.0,9,137.8,141.6,6,154.2,134.6,0.0,0.0,0.0,0.0,215
2023-05-10 09:34:51,IO2312-C-4100,IO2312-C-4100,154.2,0.0,0.0,0.0,1,138.0,141.6,6,154.2,134.6,0.0,0.0,0.0,0.0,215
2023-05-10 09:35:01,IO2312-C-4100,IO2312-C-4100,154.2,0.0,0.0,0.0,9,137.8,141.6,6,154.2,134.6,0.0,0.0,0.0,0.0,215
2023-05-10 09:35:02,IO2312-C-4100,IO2312-C-4100,154.2,0.0,0.0,0.0,6,137.8,141.6,9,154.2,134.6,0.0,0.0,0.0,0.0,215
2023-05-10 09:35:03,IO2312-C-4100,IO2312-C-4100,154.2,0.0,0.0,0.0,6,137.8,141.4,6,154.2,134.6,0.0,0.0,0.0,0.0,215
2023-05-10 09:35:04,IO2312-C-4100,IO2312-C-4100,154.2,0.0,0.0,0.0,6,137.8,141.2,6,154.2,134.6,0.0,0.0,0.0,0.0,215
2023-05-10 09:35:04,IO2312-C-4100,IO2312-C-4100,154.2,0.0,0.0,0.0,6,137.8,141.0,6,154.2,134.6,0.0,0.0,0.0,0.0,215
2023-05-10 09:35:06,IO2312-C-4100,IO2312-C-4100,154.2,0.0,0.0,0.0,6,137.8,141.0,9,154.2,134.6,0.0,0.0,0.0,0.0,215
2023-05-10 09:35:07,IO2312-C-4100,IO2312-C-4100,154.2,0.0,0.0,0.0,6,137.8,140.8,6,154.2,134.6,0.0,0.0,0.0,0.0,215
2023-05-10 09:35:09,IO2312-C-4100,IO2312-C-4100,154.2,0.0,0.0,0.0,6,137.8,141.0,6,154.2,134.6,0.0,0.0,0.0,0.0,215
2023-05-10 09:35:10,IO2312-C-4100,IO2312-C-4100,154.2,0.0,0.0,0.0,7,137.8,141.0,6,154.2,134.6,0.0,0.0,0.0,0.0,215
2023-05-10 09:35:11,IO2312-C-4100,IO2312-C-4100,154.2,0.0,0.0,0.0,10,137.8,141.0,6,154.2,134.6,0.0,0.0,0.0,0.0,215
2023-05-10 09:35:12,IO2312-C-4100,IO2312-C-4100,154.2,0.0,0.0,0.0,6,137.8,141.0,6,154.2,134.6,0.0,0.0,0.0,0.0,215
2023-05-10 09:35:59,IO2312-C-4100,IO2312-C-4100,154.2,0.0,0.0,0.0,7,137.8,141.0,6,154.2,134.6,0.0,0.0,0.0,0.0,215
2023-05-10 09:36:07,IO2312-C-4100,IO2312-C-4100,154.2,0.0,0.0,0.0,7,137.8,141.2,18,154.2,134.6,0.0,0.0,0.0,0.0,215
2023-05-10 09:36:08,IO2312-C-4100,IO2312-C-4100,154.2,0.0,0.0,0.0,7,137.8,141.2,12,154.2,134.6,0.0,0.0,0.0,0.0,215
2023-05-10 09:36:08,IO2312-C-4100,IO2312-C-4100,154.2,0.0,0.0,0.0,1,138.2,141.2,6,154.2,134.6,0.0,0.0,0.0,0.0,215
2023-05-10 09:36:09,IO2312-C-4100,IO2312-C-4100,154.2,0.0,0.0,0.0,1,138.2,141.4,6,154.2,134.6,0.0,0.0,0.0,0.0,215
2023-05-10 09:36:10,IO2312-C-4100,IO2312-C-4100,154.2,0.0,0.0,0.0,7,138.2,141.6,18,154.2,134.6,0.0,0.0,0.0,0.0,215
2023-05-10 09:36:11,IO2312-C-4100,IO2312-C-4100,154.2,0.0,0.0,0.0,7,138.2,141.6,6,154.2,134.6,0.0,0.0,0.0,0.0,215
2023-05-10 09:36:11,IO2312-C-4100,IO2312-C-4100,154.2,0.0,0.0,0.0,7,138.2,141.8,30,154.2,134.6,0.0,0.0,0.0,0.0,215
2023-05-10 09:36:12,IO2312-C-4100,IO2312-C-4100,154.2,0.0,0.0,0.0,7,138.2,141.8,12,154.2,134.6,0.0,0.0,0.0,0.0,215
2023-05-10 09:36:12,IO2312-C-4100,IO2312-C-4100,154.2,0.0,0.0,0.0,1,138.2,141.6,6,154.2,134.6,0.0,0.0,0.0,0.0,215
2023-05-10 09:36:13,IO2312-C-4100,IO2312-C-4100,154.2,0.0,0.0,0.0,1,138.2,141.8,6,154.2,134.6,0.0,0.0,0.0,0.0,215
2023-05-10 09:36:21,IO2312-C-4100,IO2312-C-4100,154.2,0.0,0.0,0.0,6,138.4,142.0,18,154.2,134.6,0.0,0.0,0.0,0.0,215
2023-05-10 09:36:21,IO2312-C-4100,IO2312-C-4100,154.2,0.0,0.0,0.0,1,138.8,142.0,12,154.2,134.6,0.0,0.0,0.0,0.0,215
2023-05-10 09:36:22,IO2312-C-4100,IO2312-C-4100,154.2,0.0,0.0,0.0,7,138.8,142.0,6,154.2,134.6,0.0,0.0,0.0,0.0,215
2023-05-10 09:36:22,IO2312-C-4100,IO2312-C-4100,154.2,0.0,0.0,0.0,10,138.8,142.0,6,154.2,134.6,0.0,0.0,0.0,0.0,215
2023-05-10 09:36:25,IO2312-C-4100,IO2312-C-4100,154.2,0.0,0.0,0.0,10,138.8,141.8,6,154.2,134.6,0.0,0.0,0.0,0.0,215
2023-05-10 09:36:26,IO2312-C-4100,IO2312-C-4100,154.2,0.0,0.0,0.0,7,138.8,141.8,6,154.2,134.6,0.0,0.0,0.0,0.0,215
2023-05-10 09:36:27,IO2312-C-4100,IO2312-C-4100,154.2,0.0,0.0,0.0,9,138.8,141.8,6,154.2,134.6,0.0,0.0,0.0,0.0,215
2023-05-10 09:36:28,IO2312-C-4100,IO2312-C-4100,154.2,0.0,0.0,0.0,6,138.8,141.8,6,154.2,134.6,0.0,0.0,0.0,0.0,215
2023-05-10 09:36:29,IO2312-C-4100,IO2312-C-4100,154.2,0.0,0.0,0.0,3,138.8,141.8,6,154.2,134.6,0.0,0.0,0.0,0.0,215
2023-05-10 09:36:30,IO2312-C-4100,IO2312-C-4100,154.2,0.0,0.0,0.0,6,138.8,141.8,6,154.2,134.6,0.0,0.0,0.0,0.0,215
2023-05-10 09:36:30,IO2312-C-4100,IO2312-C-4100,154.2,0.0,0.0,0.0,12,138.2,141.8,6,154.2,134.6,0.0,0.0,0.0,0.0,215
2023-05-10 09:36:31,IO2312-C-4100,IO2312-C-4100,154.2,0.0,0.0,0.0,3,138.2,141.8,6,154.2,134.6,0.0,0.0,0.0,0.0,215
2023-05-10 09:36:31,IO2312-C-4100,IO2312-C-4100,154.2,0.0,0.0,0.0,12,138.0,141.8,6,154.2,134.6,0.0,0.0,0.0,0.0,215
2023-05-10 09:36:32,IO2312-C-4100,IO2312-C-4100,154.2,0.0,0.0,0.0,24,137.8,141.8,9,154.2,134.6,0.0,0.0,0.0,0.0,215
2023-05-10 09:36:32,IO2312-C-4100,IO2312-C-4100,154.2,0.0,0.0,0.0,15,137.8,141.6,6,154.2,134.6,0.0,0.0,0.0,0.0,215
2023-05-10 09:36:33,IO2312-C-4100,IO2312-C-4100,154.2,0.0,0.0,0.0,12,137.8,141.6,9,154.2,134.6,0.0,0.0,0.0,0.0,215
2023-05-10 09:36:33,IO2312-C-4100,IO2312-C-4100,154.2,0.0,0.0,0.0,6,137.8,141.4,6,154.2,134.6,0.0,0.0,0.0,0.0,215
2023-05-10 09:36:34,IO2312-C-4100,IO2312-C-4100,154.2,0.0,0.0,0.0,1,138.0,141.6,6,154.2,134.6,0.0,0.0,0.0,0.0,215
2023-05-10 09:36:56,IO2312-C-4100,IO2312-C-4100,154.2,0.0,0.0,0.0,9,137.8,141.4,2,154.2,134.6,0.0,0.0,0.0,0.0,215
2023-05-10 09:36:56,IO2312-C-4100,IO2312-C-4100,154.2,0.0,0.0,0.0,9,137.8,141.2,6,154.2,134.6,0.0,0.0,0.0,0.0,215
2023-05-10 09:36:57,IO2312-C-4100,IO2312-C-4100,154.2,0.0,0.0,0.0,9,137.8,141.4,6,154.2,134.6,0.0,0.0,0.0,0.0,215
2023-05-10 09:36:58,IO2312-C-4100,IO2312-C-4100,154.2,0.0,0.0,0.0,6,137.8,141.4,6,154.2,134.6,0.0,0.0,0.0,0.0,215
2023-05-10 09:36:58,IO2312-C-4100,IO2312-C-4100,154.2,0.0,0.0,0.0,6,137.8,141.4,12,154.2,134.6,0.0,0.0,0.0,0.0,215
2023-05-10 09:36:59,IO2312-C-4100,IO2312-C-4100,154.2,0.0,0.0,0.0,6,137.8,141.2,6,154.2,134.6,0.0,0.0,0.0,0.0,215
2023-05-10 09:37:00,IO2312-C-4100,IO2312-C-4100,154.2,0.0,0.0,0.0,6,137.8,141.2,9,154.2,134.6,0.0,0.0,0.0,0.0,215
2023-05-10 09:37:01,IO2312-C-4100,IO2312-C-4100,154.2,0.0,0.0,0.0,6,137.8,141.0,6,154.2,134.6,0.0,0.0,0.0,0.0,215
2023-05-10 09:37:01,IO2312-C-4100,IO2312-C-4100,154.2,0.0,0.0,0.0,6,137.8,140.8,3,154.2,134.6,0.0,0.0,0.0,0.0,215
2023-05-10 09:37:02,IO2312-C-4100,IO2312-C-4100,154.2,0.0,0.0,0.0,6,137.8,140.6,6,154.2,134.6,0.0,0.0,0.0,0.0,215
2023-05-10 09:37:02,IO2312-C-4100,IO2312-C-4100,154.2,0.0,0.0,0.0,1,138.2,140.8,12,154.2,134.6,0.0,0.0,0.0,0.0,215
2023-05-10 09:37:03,IO2312-C-4100,IO2312-C-4100,154.2,0.0,0.0,0.0,1,138.2,140.6,6,154.2,134.6,0.0,0.0,0.0,0.0,215
2023-05-10 09:37:06,IO2312-C-4100,IO2312-C-4100,154.2,0.0,0.0,0.0,1,138.2,140.6,9,154.2,134.6,0.0,0.0,0.0,0.0,215
2023-05-10 09:37:07,IO2312-C-4100,IO2312-C-4100,154.2,0.0,0.0,0.0,6,137.8,140.4,6,154.2,134.6,0.0,0.0,0.0,0.0,215
2023-05-10 09:37:08,IO2312-C-4100,IO2312-C-4100,154.2,0.0,0.0,0.0,6,137.8,140.6,6,154.2,134.6,0.0,0.0,0.0,0.0,215
2023-05-10 09:37:08,IO2312-C-4100,IO2312-C-4100,154.2,0.0,0.0,0.0,6,137.8,140.8,12,154.2,134.6,0.0,0.0,0.0,0.0,215
2023-05-10 09:37:09,IO2312-C-4100,IO2312-C-4100,154.2,0.0,0.0,0.0,6,137.8,140.6,6,154.2,134.6,0.0,0.0,0.0,0.0,215
2023-05-10 09:37:09,IO2312-C-4100,IO2312-C-4100,154.2,0.0,0.0,0.0,6,137.8,140.8,6,154.2,134.6,0.0,0.0,0.0,0.0,215
2023-05-10 09:37:12,IO2312-C-4100,IO2312-C-4100,154.2,0.0,0.0,0.0,1,138.6,140.8,6,154.2,134.6,0.0,0.0,0.0,0.0,215
2023-05-10 09:37:15,IO2312-C-4100,IO2312-C-4100,154.2,0.0,0.0,0.0,1,138.6,141.0,6,154.2,134.6,0.0,0.0,0.0,0.0,215
2023-05-10 09:37:16,IO2312-C-4100,IO2312-C-4100,154.2,0.0,0.0,0.0,1,138.6,141.0,12,154.2,134.6,0.0,0.0,0.0,0.0,215
2023-05-10 09:37:17,IO2312-C-4100,IO2312-C-4100,154.2,0.0,0.0,0.0,6,137.8,140.8,6,154.2,134.6,0.0,0.0,0.0,0.0,215
2023-05-10 09:37:21,IO2312-C-4100,IO2312-C-4100,154.2,0.0,0.0,0.0,9,137.8,140.8,6,154.2,134.6,0.0,0.0,0.0,0.0,215
2023-05-10 09:37:22,IO2312-C-4100,IO2312-C-4100,154.2,0.0,0.0,0.0,6,137.8,140.8,6,154.2,134.6,0.0,0.0,0.0,0.0,215
2023-05-10 09:37:33,IO2312-C-4100,IO2312-C-4100,154.2,0.0,0.0,0.0,6,137.8,140.8,9,154.2,134.6,0.0,0.0,0.0,0.0,215
2023-05-10 09:37:34,IO2312-C-4100,IO2312-C-4100,154.2,0.0,0.0,0.0,6,137.8,140.6,6,154.2,134.6,0.0,0.0,0.0,0.0,215
2023-05-10 09:37:38,IO2312-C-4100,IO2312-C-4100,154.2,0.0,0.0,0.0,6,137.8,140.6,12,154.2,134.6,0.0,0.0,0.0,0.0,215
2023-05-10 09:37:38,IO2312-C-4100,IO2312-C-4100,154.2,0.0,0.0,0.0,6,137.8,140.4,6,154.2,134.6,0.0,0.0,0.0,0.0,215
2023-05-10 09:37:42,IO2312-C-4100,IO2312-C-4100,154.2,0.0,0.0,0.0,18,137.2,140.2,6,154.2,134.6,0.0,0.0,0.0,0.0,215
2023-05-10 09:37:42,IO2312-C-4100,IO2312-C-4100,154.2,0.0,0.0,0.0,12,137.0,140.0,6,154.2,134.6,0.0,0.0,0.0,0.0,215
2023-05-10 09:37:43,IO2312-C-4100,IO2312-C-4100,154.2,0.0,0.0,0.0,33,136.8,140.0,6,154.2,134.6,0.0,0.0,0.0,0.0,215
2023-05-10 09:37:43,IO2312-C-4100,IO2312-C-4100,154.2,0.0,0.0,0.0,18,136.8,140.0,6,154.2,134.6,0.0,0.0,0.0,0.0,215
2023-05-10 09:37:44,IO2312-C-4100,IO2312-C-4100,154.2,0.0,0.0,0.0,12,136.8,140.0,6,154.2,134.6,0.0,0.0,0.0,0.0,215
2023-05-10 09:37:44,IO2312-C-4100,IO2312-C-4100,154.2,0.0,0.0,0.0,6,136.8,140.0,6,154.2,134.6,0.0,0.0,0.0,0.0,215
2023-05-10 09:37:58,IO2312-C-4100,IO2312-C-4100,154.2,0.0,0.0,0.0,9,136.8,140.0,6,154.2,134.6,0.0,0.0,0.0,0.0,215
2023-05-10 09:38:00,IO2312-C-4100,IO2312-C-4100,154.2,0.0,0.0,0.0,10,136.8,140.0,6,154.2,134.6,0.0,0.0,0.0,0.0,215
2023-05-10 09:38:02,IO2312-C-4100,IO2312-C-4100,154.2,0.0,0.0,0.0,1,137.4,140.0,6,154.2,134.6,0.0,0.0,0.0,0.0,215
2023-05-10 09:38:05,IO2312-C-4100,IO2312-C-4100,154.2,0.0,0.0,0.0,1,137.4,140.2,6,154.2,134.6,0.0,0.0,0.0,0.0,215
2023-05-10 09:38:11,IO2312-C-4100,IO2312-C-4100,154.2,0.0,0.0,0.0,1,137.4,140.4,6,154.2,134.6,0.0,0.0,0.0,0.0,215
2023-05-10 09:38:12,IO2312-C-4100,IO2312-C-4100,154.2,0.0,0.0,0.0,1,137.4,140.6,30,154.2,134.6,0.0,0.0,0.0,0.0,215
2023-05-10 09:38:12,IO2312-C-4100,IO2312-C-4100,154.2,0.0,0.0,0.0,1,137.4,140.6,18,154.2,134.6,0.0,0.0,0.0,0.0,215
2023-05-10 09:38:13,IO2312-C-4100,IO2312-C-4100,154.2,0.0,0.0,0.0,1,137.4,140.6,12,154.2,134.6,0.0,0.0,0.0,0.0,215
2023-05-10 09:38:13,IO2312-C-4100,IO2312-C-4100,154.2,0.0,0.0,0.0,1,137.4,140.6,6,154.2,134.6,0.0,0.0,0.0,0.0,215
2023-05-10 09:38:14,IO2312-C-4100,IO2312-C-4100,154.2,0.0,0.0,0.0,7,137.4,140.8,24,154.2,134.6,0.0,0.0,0.0,0.0,215
2023-05-10 09:38:14,IO2312-C-4100,IO2312-C-4100,154.2,0.0,0.0,0.0,1,138.0,140.6,6,154.2,134.6,0.0,0.0,0.0,0.0,215
2023-05-10 09:38:15,IO2312-C-4100,IO2312-C-4100,154.2,0.0,0.0,0.0,7,138.0,140.6,6,154.2,134.6,0.0,0.0,0.0,0.0,215
2023-05-10 09:38:15,IO2312-C-4100,IO2312-C-4100,154.2,0.0,0.0,0.0,6,138.0,140.6,6,154.2,134.6,0.0,0.0,0.0,0.0,215
2023-05-10 09:38:35,IO2312-C-4100,IO2312-C-4100,154.2,0.0,0.0,0.0,7,138.0,140.6,6,154.2,134.6,0.0,0.0,0.0,0.0,215
2023-05-10 09:38:41,IO2312-C-4100,IO2312-C-4100,154.2,0.0,0.0,0.0,6,138.0,140.6,6,154.2,134.6,0.0,0.0,0.0,0.0,215
2023-05-10 09:38:51,IO2312-C-4100,IO2312-C-4100,154.2,0.0,0.0,0.0,1,138.2,140.6,6,154.2,134.6,0.0,0.0,0.0,0.0,215
2023-05-10 09:39:02,IO2312-C-4100,IO2312-C-4100,154.2,0.0,0.0,0.0,6,138.0,140.6,6,154.2,134.6,0.0,0.0,0.0,0.0,215
2023-05-10 09:39:07,IO2312-C-4100,IO2312-C-4100,154.2,0.0,0.0,0.0,1,138.6,140.6,6,154.2,134.6,0.0,0.0,0.0,0.0,215
2023-05-10 09:39:08,IO2312-C-4100,IO2312-C-4100,154.2,0.0,0.0,0.0,1,138.6,140.8,24,154.2,134.6,0.0,0.0,0.0,0.0,215
2023-05-10 09:39:08,IO2312-C-4100,IO2312-C-4100,154.2,0.0,0.0,0.0,1,138.6,140.8,6,154.2,134.6,0.0,0.0,0.0,0.0,215
2023-05-10 09:39:09,IO2312-C-4100,IO2312-C-4100,154.2,0.0,0.0,0.0,1,138.6,141.0,6,154.2,134.6,0.0,0.0,0.0,0.0,215
2023-05-10 09:39:09,IO2312-C-4100,IO2312-C-4100,154.2,0.0,0.0,0.0,1,138.6,141.2,18,154.2,134.6,0.0,0.0,0.0,0.0,215
2023-05-10 09:39:10,IO2312-C-4100,IO2312-C-4100,154.2,0.0,0.0,0.0,1,138.6,141.2,6,154.2,134.6,0.0,0.0,0.0,0.0,215
2023-05-10 09:39:10,IO2312-C-4100,IO2312-C-4100,154.2,0.0,0.0,0.0,1,138.6,141.4,24,154.2,134.6,0.0,0.0,0.0,0.0,215
2023-05-10 09:39:11,IO2312-C-4100,IO2312-C-4100,154.2,0.0,0.0,0.0,1,138.6,141.4,18,154.2,134.6,0.0,0.0,0.0,0.0,215
2023-05-10 09:39:11,IO2312-C-4100,IO2312-C-4100,154.2,0.0,0.0,0.0,1,138.6,141.4,6,154.2,134.6,0.0,0.0,0.0,0.0,215
2023-05-10 09:39:12,IO2312-C-4100,IO2312-C-4100,154.2,0.0,0.0,0.0,1,138.6,141.6,30,154.2,134.6,0.0,0.0,0.0,0.0,215
2023-05-10 09:39:12,IO2312-C-4100,IO2312-C-4100,154.2,0.0,0.0,0.0,1,138.6,141.6,12,154.2,134.6,0.0,0.0,0.0,0.0,215
2023-05-10 09:39:13,IO2312-C-4100,IO2312-C-4100,154.2,0.0,0.0,0.0,1,138.6,141.8,18,154.2,134.6,0.0,0.0,0.0,0.0,215
2023-05-10 09:39:13,IO2312-C-4100,IO2312-C-4100,154.2,0.0,0.0,0.0,1,138.6,141.8,12,154.2,134.6,0.0,0.0,0.0,0.0,215
2023-05-10 09:39:14,IO2312-C-4100,IO2312-C-4100,154.2,0.0,0.0,0.0,1,138.6,141.8,6,154.2,134.6,0.0,0.0,0.0,0.0,215
2023-05-10 09:39:14,IO2312-C-4100,IO2312-C-4100,154.2,0.0,0.0,0.0,1,138.6,142.0,6,154.2,134.6,0.0,0.0,0.0,0.0,215
2023-05-10 09:39:17,IO2312-C-4100,IO2312-C-4100,154.2,0.0,0.0,0.0,1,138.6,142.0,9,154.2,134.6,0.0,0.0,0.0,0.0,215
2023-05-10 09:39:18,IO2312-C-4100,IO2312-C-4100,154.2,0.0,0.0,0.0,1,138.6,141.8,6,154.2,134.6,0.0,0.0,0.0,0.0,215
2023-05-10 09:39:18,IO2312-C-4100,IO2312-C-4100,154.2,0.0,0.0,0.0,1,138.6,142.0,6,154.2,134.6,0.0,0.0,0.0,0.0,215
2023-05-10 09:39:19,IO2312-C-4100,IO2312-C-4100,154.2,0.0,0.0,0.0,1,138.6,142.0,9,154.2,134.6,0.0,0.0,0.0,0.0,215
2023-05-10 09:39:19,IO2312-C-4100,IO2312-C-4100,154.2,0.0,0.0,0.0,1,138.6,141.8,6,154.2,134.6,0.0,0.0,0.0,0.0,215
2023-05-10 09:39:20,IO2312-C-4100,IO2312-C-4100,154.2,0.0,0.0,0.0,1,138.6,141.8,9,154.2,134.6,0.0,0.0,0.0,0.0,215
2023-05-10 09:39:20,IO2312-C-4100,IO2312-C-4100,154.2,0.0,0.0,0.0,1,138.6,141.6,6,154.2,134.6,0.0,0.0,0.0,0.0,215
2023-05-10 09:39:21,IO2312-C-4100,IO2312-C-4100,154.2,0.0,0.0,0.0,1,138.6,141.8,6,154.2,134.6,0.0,0.0,0.0,0.0,215
2023-05-10 09:39:28,IO2312-C-4100,IO2312-C-4100,154.2,0.0,0.0,0.0,1,138.6,141.8,9,154.2,134.6,0.0,0.0,0.0,0.0,215
2023-05-10 09:39:28,IO2312-C-4100,IO2312-C-4100,154.2,0.0,0.0,0.0,1,138.6,141.6,6,154.2,134.6,0.0,0.0,0.0,0.0,215
2023-05-10 09:39:29,IO2312-C-4100,IO2312-C-4100,154.2,0.0,0.0,0.0,1,138.6,141.8,6,154.2,134.6,0.0,0.0,0.0,0.0,215
2023-05-10 09:39:31,IO2312-C-4100,IO2312-C-4100,154.2,0.0,0.0,0.0,24,138.2,141.8,6,154.2,134.6,0.0,0.0,0.0,0.0,215
2023-05-10 09:39:31,IO2312-C-4100,IO2312-C-4100,154.2,0.0,0.0,0.0,6,138.2,141.8,6,154.2,134.6,0.0,0.0,0.0,0.0,215
2023-05-10 09:39:32,IO2312-C-4100,IO2312-C-4100,154.2,0.0,0.0,0.0,21,138.0,141.8,6,154.2,134.6,0.0,0.0,0.0,0.0,215
2023-05-10 09:39:37,IO2312-C-4100,IO2312-C-4100,154.2,0.0,0.0,0.0,1,138.4,141.8,6,154.2,134.6,0.0,0.0,0.0,0.0,215
2023-05-10 09:39:54,IO2312-C-4100,IO2312-C-4100,154.2,0.0,0.0,0.0,1,138.4,141.8,9,154.2,134.6,0.0,0.0,0.0,0.0,215
2023-05-10 09:39:54,IO2312-C-4100,IO2312-C-4100,154.2,0.0,0.0,0.0,1,138.4,141.6,6,154.2,134.6,0.0,0.0,0.0,0.0,215
2023-05-10 09:39:55,IO2312-C-4100,IO2312-C-4100,154.2,0.0,0.0,0.0,1,138.4,141.8,6,154.2,134.6,0.0,0.0,0.0,0.0,215
2023-05-10 09:40:03,IO2312-C-4100,IO2312-C-4100,154.2,0.0,0.0,0.0,1,138.4,141.8,9,154.2,134.6,0.0,0.0,0.0,0.0,215
2023-05-10 09:40:03,IO2312-C-4100,IO2312-C-4100,154.2,0.0,0.0,0.0,1,138.4,141.6,6,154.2,134.6,0.0,0.0,0.0,0.0,215
2023-05-10 09:40:05,IO2312-C-4100,IO2312-C-4100,154.2,0.0,0.0,0.0,21,138.0,141.6,9,154.2,134.6,0.0,0.0,0.0,0.0,215
2023-05-10 09:40:05,IO2312-C-4100,IO2312-C-4100,154.2,0.0,0.0,0.0,21,138.0,141.4,6,154.2,134.6,0.0,0.0,0.0,0.0,215
2023-05-10 09:40:06,IO2312-C-4100,IO2312-C-4100,154.2,0.0,0.0,0.0,18,138.0,141.4,12,154.2,134.6,0.0,0.0,0.0,0.0,215
2023-05-10 09:40:06,IO2312-C-4100,IO2312-C-4100,154.2,0.0,0.0,0.0,12,138.0,141.2,6,154.2,134.6,0.0,0.0,0.0,0.0,215
2023-05-10 09:40:07,IO2312-C-4100,IO2312-C-4100,154.2,0.0,0.0,0.0,1,138.2,141.2,6,154.2,134.6,0.0,0.0,0.0,0.0,215
2023-05-10 09:40:14,IO2312-C-4100,IO2312-C-4100,154.2,0.0,0.0,0.0,1,138.2,141.4,18,154.2,134.6,0.0,0.0,0.0,0.0,215
2023-05-10 09:40:14,IO2312-C-4100,IO2312-C-4100,154.2,0.0,0.0,0.0,1,138.2,141.4,12,154.2,134.6,0.0,0.0,0.0,0.0,215
2023-05-10 09:40:15,IO2312-C-4100,IO2312-C-4100,154.2,0.0,0.0,0.0,1,138.2,141.4,6,154.2,134.6,0.0,0.0,0.0,0.0,215
2023-05-10 09:40:18,IO2312-C-4100,IO2312-C-4100,154.2,0.0,0.0,0.0,9,138.0,141.4,6,154.2,134.6,0.0,0.0,0.0,0.0,215
2023-05-10 09:40:20,IO2312-C-4100,IO2312-C-4100,154.2,0.0,0.0,0.0,6,138.0,141.4,6,154.2,134.6,0.0,0.0,0.0,0.0,215
2023-05-10 09:40:22,IO2312-C-4100,IO2312-C-4100,154.2,0.0,0.0,0.0,1,138.4,141.4,6,154.2,134.6,0.0,0.0,0.0,0.0,215
2023-05-10 09:40:25,IO2312-C-4100,IO2312-C-4100,154.2,0.0,0.0,0.0,1,138.4,141.2,3,154.2,134.6,0.0,0.0,0.0,0.0,215
2023-05-10 09:40:26,IO2312-C-4100,IO2312-C-4100,154.2,0.0,0.0,0.0,6,138.0,141.0,6,154.2,134.6,0.0,0.0,0.0,0.0,215
2023-05-10 09:40:26,IO2312-C-4100,IO2312-C-4100,154.2,0.0,0.0,0.0,6,138.0,141.0,9,154.2,134.6,0.0,0.0,0.0,0.0,215
2023-05-10 09:40:27,IO2312-C-4100,IO2312-C-4100,154.2,0.0,0.0,0.0,6,138.0,140.8,6,154.2,134.6,0.0,0.0,0.0,0.0,215
2023-05-10 09:40:28,IO2312-C-4100,IO2312-C-4100,154.2,0.0,0.0,0.0,1,138.6,140.8,6,154.2,134.6,0.0,0.0,0.0,0.0,215
2023-05-10 09:40:31,IO2312-C-4100,IO2312-C-4100,154.2,0.0,0.0,0.0,7,138.0,140.8,6,154.2,134.6,0.0,0.0,0.0,0.0,215
2023-05-10 09:40:32,IO2312-C-4100,IO2312-C-4100,154.2,0.0,0.0,0.0,6,138.0,140.6,3,154.2,134.6,0.0,0.0,0.0,0.0,215
2023-05-10 09:40:32,IO2312-C-4100,IO2312-C-4100,154.2,0.0,0.0,0.0,6,138.0,140.6,9,154.2,134.6,0.0,0.0,0.0,0.0,215
2023-05-10 09:40:33,IO2312-C-4100,IO2312-C-4100,154.2,0.0,0.0,0.0,6,138.0,140.4,6,154.2,134.6,0.0,0.0,0.0,0.0,215
2023-05-10 09:40:33,IO2312-C-4100,IO2312-C-4100,154.2,0.0,0.0,0.0,6,138.0,140.4,12,154.2,134.6,0.0,0.0,0.0,0.0,215
2023-05-10 09:40:36,IO2312-C-4100,IO2312-C-4100,154.2,0.0,0.0,0.0,6,138.0,140.4,6,154.2,134.6,0.0,0.0,0.0,0.0,215
2023-05-10 09:40:36,IO2312-C-4100,IO2312-C-4100,154.2,0.0,0.0,0.0,6,138.0,140.6,6,154.2,134.6,0.0,0.0,0.0,0.0,215
2023-05-10 09:40:37,IO2312-C-4100,IO2312-C-4100,154.2,0.0,0.0,0.0,6,138.0,140.6,9,154.2,134.6,0.0,0.0,0.0,0.0,215
2023-05-10 09:40:39,IO2312-C-4100,IO2312-C-4100,154.2,0.0,0.0,0.0,6,138.0,140.6,6,154.2,134.6,0.0,0.0,0.0,0.0,215
2023-05-10 09:40:41,IO2312-C-4100,IO2312-C-4100,154.2,0.0,0.0,0.0,9,138.0,140.6,6,154.2,134.6,0.0,0.0,0.0,0.0,215
2023-05-10 09:40:42,IO2312-C-4100,IO2312-C-4100,154.2,0.0,0.0,0.0,6,138.0,140.8,6,154.2,134.6,0.0,0.0,0.0,0.0,215
2023-05-10 09:40:42,IO2312-C-4100,IO2312-C-4100,154.2,0.0,0.0,0.0,1,138.6,140.8,6,154.2,134.6,0.0,0.0,0.0,0.0,215
2023-05-10 09:40:47,IO2312-C-4100,IO2312-C-4100,154.2,0.0,0.0,0.0,6,138.0,140.8,6,154.2,134.6,0.0,0.0,0.0,0.0,215
2023-05-10 09:40:51,IO2312-C-4100,IO2312-C-4100,154.2,0.0,0.0,0.0,6,138.0,140.8,9,154.2,134.6,0.0,0.0,0.0,0.0,215
2023-05-10 09:40:52,IO2312-C-4100,IO2312-C-4100,154.2,0.0,0.0,0.0,6,138.0,140.6,6,154.2,134.6,0.0,0.0,0.0,0.0,215
2023-05-10 09:40:53,IO2312-C-4100,IO2312-C-4100,154.2,0.0,0.0,0.0,6,138.0,140.8,6,154.2,134.6,0.0,0.0,0.0,0.0,215
2023-05-10 09:40:53,IO2312-C-4100,IO2312-C-4100,154.2,0.0,0.0,0.0,6,138.0,140.6,3,154.2,134.6,0.0,0.0,0.0,0.0,215
2023-05-10 09:40:54,IO2312-C-4100,IO2312-C-4100,154.2,0.0,0.0,0.0,6,138.0,140.6,9,154.2,134.6,0.0,0.0,0.0,0.0,215
2023-05-10 09:40:54,IO2312-C-4100,IO2312-C-4100,154.2,0.0,0.0,0.0,6,138.0,140.6,6,154.2,134.6,0.0,0.0,0.0,0.0,215
2023-05-10 09:40:55,IO2312-C-4100,IO2312-C-4100,154.2,0.0,0.0,0.0,6,138.0,140.8,6,154.2,134.6,0.0,0.0,0.0,0.0,215
2023-05-10 09:40:55,IO2312-C-4100,IO2312-C-4100,154.2,0.0,0.0,0.0,6,138.0,140.8,9,154.2,134.6,0.0,0.0,0.0,0.0,215
2023-05-10 09:40:56,IO2312-C-4100,IO2312-C-4100,154.2,0.0,0.0,0.0,6,138.0,140.6,6,154.2,134.6,0.0,0.0,0.0,0.0,215
2023-05-10 09:40:57,IO2312-C-4100,IO2312-C-4100,154.2,0.0,0.0,0.0,7,138.0,140.8,6,154.2,134.6,0.0,0.0,0.0,0.0,215
2023-05-10 09:40:57,IO2312-C-4100,IO2312-C-4100,154.2,0.0,0.0,0.0,7,138.0,140.8,9,154.2,134.6,0.0,0.0,0.0,0.0,215
2023-05-10 09:40:58,IO2312-C-4100,IO2312-C-4100,154.2,0.0,0.0,0.0,7,138.0,140.6,6,154.2,134.6,0.0,0.0,0.0,0.0,215
2023-05-10 09:40:59,IO2312-C-4100,IO2312-C-4100,154.2,0.0,0.0,0.0,7,138.0,140.8,6,154.2,134.6,0.0,0.0,0.0,0.0,215
2023-05-10 09:40:59,IO2312-C-4100,IO2312-C-4100,154.2,0.0,0.0,0.0,7,138.0,140.8,9,154.2,134.6,0.0,0.0,0.0,0.0,215
2023-05-10 09:41:00,IO2312-C-4100,IO2312-C-4100,154.2,0.0,0.0,0.0,7,138.0,140.6,6,154.2,134.6,0.0,0.0,0.0,0.0,215
2023-05-10 09:41:00,IO2312-C-4100,IO2312-C-4100,154.2,0.0,0.0,0.0,7,138.0,140.6,9,154.2,134.6,0.0,0.0,0.0,0.0,215
2023-05-10 09:41:01,IO2312-C-4100,IO2312-C-4100,154.2,0.0,0.0,0.0,7,138.0,140.6,12,154.2,134.6,0.0,0.0,0.0,0.0,215
2023-05-10 09:41:01,IO2312-C-4100,IO2312-C-4100,154.2,0.0,0.0,0.0,6,138.0,140.6,9,154.2,134.6,0.0,0.0,0.0,0.0,215
2023-05-10 09:41:02,IO2312-C-4100,IO2312-C-4100,154.2,0.0,0.0,0.0,7,138.0,140.6,9,154.2,134.6,0.0,0.0,0.0,0.0,215
2023-05-10 09:41:02,IO2312-C-4100,IO2312-C-4100,154.2,0.0,0.0,0.0,7,138.0,140.6,12,154.2,134.6,0.0,0.0,0.0,0.0,215
2023-05-10 09:41:04,IO2312-C-4100,IO2312-C-4100,154.2,0.0,0.0,0.0,7,138.0,140.6,9,154.2,134.6,0.0,0.0,0.0,0.0,215
2023-05-10 09:41:05,IO2312-C-4100,IO2312-C-4100,154.2,0.0,0.0,0.0,1,138.0,140.4,6,154.2,134.6,0.0,0.0,0.0,0.0,215
2023-05-10 09:41:05,IO2312-C-4100,IO2312-C-4100,154.2,0.0,0.0,0.0,1,138.0,140.2,3,154.2,134.6,0.0,0.0,0.0,0.0,215
2023-05-10 09:41:06,IO2312-C-4100,IO2312-C-4100,154.2,0.0,0.0,0.0,25,137.4,140.2,15,154.2,134.6,0.0,0.0,0.0,0.0,215
2023-05-10 09:41:06,IO2312-C-4100,IO2312-C-4100,154.2,0.0,0.0,0.0,1,137.4,140.0,6,154.2,134.6,0.0,0.0,0.0,0.0,215
2023-05-10 09:41:07,IO2312-C-4100,IO2312-C-4100,154.2,0.0,0.0,0.0,1,137.4,140.0,9,154.2,134.6,0.0,0.0,0.0,0.0,215
2023-05-10 09:41:07,IO2312-C-4100,IO2312-C-4100,154.2,0.0,0.0,0.0,1,137.4,139.8,6,154.2,134.6,0.0,0.0,0.0,0.0,215
2023-05-10 09:41:08,IO2312-C-4100,IO2312-C-4100,154.2,0.0,0.0,0.0,1,137.4,140.0,6,154.2,134.6,0.0,0.0,0.0,0.0,215
2023-05-10 09:41:12,IO2312-C-4100,IO2312-C-4100,154.2,0.0,0.0,0.0,6,137.2,140.0,6,154.2,134.6,0.0,0.0,0.0,0.0,215
2023-05-10 09:41:15,IO2312-C-4100,IO2312-C-4100,154.2,0.0,0.0,0.0,7,137.2,140.0,6,154.2,134.6,0.0,0.0,0.0,0.0,215
2023-05-10 09:41:16,IO2312-C-4100,IO2312-C-4100,154.2,0.0,0.0,0.0,6,137.2,140.0,6,154.2,134.6,0.0,0.0,0.0,0.0,215
2023-05-10 09:41:23,IO2312-C-4100,IO2312-C-4100,154.2,0.0,0.0,0.0,1,137.4,140.0,6,154.2,134.6,0.0,0.0,0.0,0.0,215
2023-05-10 09:41:51,IO2312-C-4100,IO2312-C-4100,154.2,0.0,0.0,0.0,6,137.2,140.0,6,154.2,134.6,0.0,0.0,0.0,0.0,215
2023-05-10 09:41:52,IO2312-C-4100,IO2312-C-4100,154.2,0.0,0.0,0.0,6,137.2,140.0,9,154.2,134.6,0.0,0.0,0.0,0.0,215
2023-05-10 09:41:52,IO2312-C-4100,IO2312-C-4100,154.2,0.0,0.0,0.0,6,137.2,139.8,6,154.2,134.6,0.0,0.0,0.0,0.0,215
2023-05-10 09:41:53,IO2312-C-4100,IO2312-C-4100,154.2,0.0,0.0,0.0,6,137.2,140.0,6,154.2,134.6,0.0,0.0,0.0,0.0,215
2023-05-10 09:41:54,IO2312-C-4100,IO2312-C-4100,154.2,0.0,0.0,0.0,6,137.2,140.0,9,154.2,134.6,0.0,0.0,0.0,0.0,215
2023-05-10 09:41:54,IO2312-C-4100,IO2312-C-4100,154.2,0.0,0.0,0.0,6,137.2,139.8,6,154.2,134.6,0.0,0.0,0.0,0.0,215
2023-05-10 09:41:55,IO2312-C-4100,IO2312-C-4100,154.2,0.0,0.0,0.0,6,137.2,140.0,6,154.2,134.6,0.0,0.0,0.0,0.0,215
2023-05-10 09:41:56,IO2312-C-4100,IO2312-C-4100,154.2,0.0,0.0,0.0,6,137.2,140.0,9,154.2,134.6,0.0,0.0,0.0,0.0,215
2023-05-10 09:41:56,IO2312-C-4100,IO2312-C-4100,154.2,0.0,0.0,0.0,6,137.2,139.8,6,154.2,134.6,0.0,0.0,0.0,0.0,215
2023-05-10 09:41:57,IO2312-C-4100,IO2312-C-4100,154.2,0.0,0.0,0.0,6,137.2,140.0,6,154.2,134.6,0.0,0.0,0.0,0.0,215
2023-05-10 09:42:01,IO2312-C-4100,IO2312-C-4100,154.2,0.0,0.0,0.0,6,137.2,140.0,9,154.2,134.6,0.0,0.0,0.0,0.0,215
2023-05-10 09:42:02,IO2312-C-4100,IO2312-C-4100,154.2,0.0,0.0,0.0,6,137.2,139.8,6,154.2,134.6,0.0,0.0,0.0,0.0,215
2023-05-10 09:42:02,IO2312-C-4100,IO2312-C-4100,154.2,0.0,0.0,0.0,6,137.0,139.6,6,154.2,134.6,0.0,0.0,0.0,0.0,215
2023-05-10 09:42:03,IO2312-C-4100,IO2312-C-4100,154.2,0.0,0.0,0.0,12,136.8,139.4,6,154.2,134.6,0.0,0.0,0.0,0.0,215
2023-05-10 09:42:03,IO2312-C-4100,IO2312-C-4100,154.2,0.0,0.0,0.0,6,136.6,139.4,6,154.2,134.6,0.0,0.0,0.0,0.0,215
2023-05-10 09:42:04,IO2312-C-4100,IO2312-C-4100,154.2,0.0,0.0,0.0,18,136.4,139.4,6,154.2,134.6,0.0,0.0,0.0,0.0,215
2023-05-10 09:42:04,IO2312-C-4100,IO2312-C-4100,154.2,0.0,0.0,0.0,18,136.2,139.4,6,154.2,134.6,0.0,0.0,0.0,0.0,215
2023-05-10 09:42:05,IO2312-C-4100,IO2312-C-4100,154.2,0.0,0.0,0.0,6,136.2,139.4,6,154.2,134.6,0.0,0.0,0.0,0.0,215
2023-05-10 09:42:07,IO2312-C-4100,IO2312-C-4100,154.2,0.0,0.0,0.0,1,136.4,139.4,6,154.2,134.6,0.0,0.0,0.0,0.0,215
2023-05-10 09:42:24,IO2312-C-4100,IO2312-C-4100,154.2,0.0,0.0,0.0,1,136.4,139.4,12,154.2,134.6,0.0,0.0,0.0,0.0,215
2023-05-10 09:42:25,IO2312-C-4100,IO2312-C-4100,154.2,0.0,0.0,0.0,1,136.4,139.2,6,154.2,134.6,0.0,0.0,0.0,0.0,215
2023-05-10 09:42:25,IO2312-C-4100,IO2312-C-4100,154.2,0.0,0.0,0.0,1,136.4,139.4,6,154.2,134.6,0.0,0.0,0.0,0.0,215
2023-05-10 09:42:54,IO2312-C-4100,IO2312-C-4100,154.2,0.0,0.0,0.0,6,136.2,139.4,6,154.2,134.6,0.0,0.0,0.0,0.0,215
2023-05-10 09:43:01,IO2312-C-4100,IO2312-C-4100,154.2,0.0,0.0,0.0,6,136.2,139.4,9,154.2,134.6,0.0,0.0,0.0,0.0,215
2023-05-10 09:43:01,IO2312-C-4100,IO2312-C-4100,154.2,0.0,0.0,0.0,6,136.2,139.2,6,154.2,134.6,0.0,0.0,0.0,0.0,215
2023-05-10 09:43:02,IO2312-C-4100,IO2312-C-4100,154.2,0.0,0.0,0.0,1,136.4,139.2,6,154.2,134.6,0.0,0.0,0.0,0.0,215
2023-05-10 09:43:02,IO2312-C-4100,IO2312-C-4100,154.2,0.0,0.0,0.0,1,136.4,139.4,6,154.2,134.6,0.0,0.0,0.0,0.0,215
2023-05-10 09:43:03,IO2312-C-4100,IO2312-C-4100,154.2,0.0,0.0,0.0,1,136.4,139.4,9,154.2,134.6,0.0,0.0,0.0,0.0,215
2023-05-10 09:43:03,IO2312-C-4100,IO2312-C-4100,154.2,0.0,0.0,0.0,1,136.4,139.2,6,154.2,134.6,0.0,0.0,0.0,0.0,215
2023-05-10 09:43:04,IO2312-C-4100,IO2312-C-4100,154.2,0.0,0.0,0.0,1,136.4,139.4,6,154.2,134.6,0.0,0.0,0.0,0.0,215
2023-05-10 09:43:24,IO2312-C-4100,IO2312-C-4100,154.2,0.0,0.0,0.0,1,136.4,139.6,24,154.2,134.6,0.0,0.0,0.0,0.0,215
2023-05-10 09:43:24,IO2312-C-4100,IO2312-C-4100,154.2,0.0,0.0,0.0,7,136.4,139.6,18,154.2,134.6,0.0,0.0,0.0,0.0,215
2023-05-10 09:43:25,IO2312-C-4100,IO2312-C-4100,154.2,0.0,0.0,0.0,1,137.2,139.6,12,154.2,134.6,0.0,0.0,0.0,0.0,215
2023-05-10 09:43:25,IO2312-C-4100,IO2312-C-4100,154.2,0.0,0.0,0.0,7,137.2,139.6,6,154.2,134.6,0.0,0.0,0.0,0.0,215
2023-05-10 09:43:26,IO2312-C-4100,IO2312-C-4100,154.2,0.0,0.0,0.0,7,137.2,139.8,6,154.2,134.6,0.0,0.0,0.0,0.0,215
2023-05-10 09:43:28,IO2312-C-4100,IO2312-C-4100,154.2,0.0,0.0,0.0,10,137.2,139.8,6,154.2,134.6,0.0,0.0,0.0,0.0,215
2023-05-10 09:43:29,IO2312-C-4100,IO2312-C-4100,154.2,0.0,0.0,0.0,7,137.2,139.8,6,154.2,134.6,0.0,0.0,0.0,0.0,215
2023-05-10 09:43:40,IO2312-C-4100,IO2312-C-4100,154.2,0.0,0.0,0.0,6,137.2,139.8,6,154.2,134.6,0.0,0.0,0.0,0.0,215
2023-05-10 09:43:41,IO2312-C-4100,IO2312-C-4100,154.2,0.0,0.0,0.0,19,136.6,139.8,6,154.2,134.6,0.0,0.0,0.0,0.0,215
2023-05-10 09:43:42,IO2312-C-4100,IO2312-C-4100,154.2,0.0,0.0,0.0,1,136.6,139.8,6,154.2,134.6,0.0,0.0,0.0,0.0,215
2023-05-10 09:43:42,IO2312-C-4100,IO2312-C-4100,154.2,0.0,0.0,0.0,1,136.6,139.8,9,154.2,134.6,0.0,0.0,0.0,0.0,215
2023-05-10 09:43:43,IO2312-C-4100,IO2312-C-4100,154.2,0.0,0.0,0.0,1,136.6,139.6,6,154.2,134.6,0.0,0.0,0.0,0.0,215
2023-05-10 09:43:43,IO2312-C-4100,IO2312-C-4100,154.2,0.0,0.0,0.0,1,136.6,139.8,6,154.2,134.6,0.0,0.0,0.0,0.0,215
2023-05-10 09:43:44,IO2312-C-4100,IO2312-C-4100,154.2,0.0,0.0,0.0,1,136.6,139.8,9,154.2,134.6,0.0,0.0,0.0,0.0,215
2023-05-10 09:43:44,IO2312-C-4100,IO2312-C-4100,154.2,0.0,0.0,0.0,1,136.6,139.6,6,154.2,134.6,0.0,0.0,0.0,0.0,215
2023-05-10 09:43:45,IO2312-C-4100,IO2312-C-4100,154.2,0.0,0.0,0.0,1,136.6,139.6,9,154.2,134.6,0.0,0.0,0.0,0.0,215
2023-05-10 09:43:46,IO2312-C-4100,IO2312-C-4100,154.2,0.0,0.0,0.0,1,136.6,139.4,6,154.2,134.6,0.0,0.0,0.0,0.0,215
2023-05-10 09:43:46,IO2312-C-4100,IO2312-C-4100,154.2,0.0,0.0,0.0,1,136.6,139.4,9,154.2,134.6,0.0,0.0,0.0,0.0,215
2023-05-10 09:43:47,IO2312-C-4100,IO2312-C-4100,154.2,0.0,0.0,0.0,1,136.6,139.2,6,154.2,134.6,0.0,0.0,0.0,0.0,215
2023-05-10 09:43:47,IO2312-C-4100,IO2312-C-4100,154.2,0.0,0.0,0.0,24,136.2,139.2,6,154.2,134.6,0.0,0.0,0.0,0.0,215
2023-05-10 09:43:48,IO2312-C-4100,IO2312-C-4100,154.2,0.0,0.0,0.0,12,136.2,139.4,6,154.2,134.6,0.0,0.0,0.0,0.0,215
2023-05-10 09:43:48,IO2312-C-4100,IO2312-C-4100,154.2,0.0,0.0,0.0,6,136.2,139.4,6,154.2,134.6,0.0,0.0,0.0,0.0,215
2023-05-10 09:43:49,IO2312-C-4100,IO2312-C-4100,154.2,0.0,0.0,0.0,6,136.2,139.4,9,154.2,134.6,0.0,0.0,0.0,0.0,215
2023-05-10 09:43:50,IO2312-C-4100,IO2312-C-4100,154.2,0.0,0.0,0.0,6,136.2,139.2,6,154.2,134.6,0.0,0.0,0.0,0.0,215
2023-05-10 09:43:58,IO2312-C-4100,IO2312-C-4100,154.2,0.0,0.0,0.0,1,136.4,139.2,6,154.2,134.6,0.0,0.0,0.0,0.0,215
2023-05-10 09:44:01,IO2312-C-4100,IO2312-C-4100,154.2,0.0,0.0,0.0,9,136.2,139.2,6,154.2,134.6,0.0,0.0,0.0,0.0,215
2023-05-10 09:44:02,IO2312-C-4100,IO2312-C-4100,154.2,0.0,0.0,0.0,6,136.2,139.2,6,154.2,134.6,0.0,0.0,0.0,0.0,215
2023-05-10 09:44:09,IO2312-C-4100,IO2312-C-4100,154.2,0.0,0.0,0.0,6,136.2,139.2,9,154.2,134.6,0.0,0.0,0.0,0.0,215
2023-05-10 09:44:09,IO2312-C-4100,IO2312-C-4100,154.2,0.0,0.0,0.0,6,136.2,139.0,6,154.2,134.6,0.0,0.0,0.0,0.0,215
2023-05-10 09:44:10,IO2312-C-4100,IO2312-C-4100,154.2,0.0,0.0,0.0,6,136.2,139.2,6,154.2,134.6,0.0,0.0,0.0,0.0,215
2023-05-10 09:44:13,IO2312-C-4100,IO2312-C-4100,154.2,0.0,0.0,0.0,7,136.2,139.2,6,154.2,134.6,0.0,0.0,0.0,0.0,215
2023-05-10 09:44:32,IO2312-C-4100,IO2312-C-4100,154.2,0.0,0.0,0.0,6,136.2,139.2,6,154.2,134.6,0.0,0.0,0.0,0.0,215
2023-05-10 09:44:42,IO2312-C-4100,IO2312-C-4100,154.2,0.0,0.0,0.0,1,136.4,139.2,6,154.2,134.6,0.0,0.0,0.0,0.0,215
2023-05-10 09:44:50,IO2312-C-4100,IO2312-C-4100,154.2,0.0,0.0,0.0,6,136.2,139.2,6,154.2,134.6,0.0,0.0,0.0,0.0,215
2023-05-10 09:44:52,IO2312-C-4100,IO2312-C-4100,154.2,0.0,0.0,0.0,7,136.2,139.2,6,154.2,134.6,0.0,0.0,0.0,0.0,215
2023-05-10 09:45:08,IO2312-C-4100,IO2312-C-4100,154.2,0.0,0.0,0.0,6,136.2,139.2,6,154.2,134.6,0.0,0.0,0.0,0.0,215
2023-05-10 09:45:15,IO2312-C-4100,IO2312-C-4100,154.2,0.0,0.0,0.0,1,136.4,139.2,6,154.2,134.6,0.0,0.0,0.0,0.0,215
2023-05-10 09:45:23,IO2312-C-4100,IO2312-C-4100,154.2,0.0,0.0,0.0,4,136.4,139.2,6,154.2,134.6,0.0,0.0,0.0,0.0,215
2023-05-10 09:45:24,IO2312-C-4100,IO2312-C-4100,154.2,0.0,0.0,0.0,1,136.4,139.2,6,154.2,134.6,0.0,0.0,0.0,0.0,215
2023-05-10 09:46:08,IO2312-C-4100,IO2312-C-4100,154.2,0.0,0.0,0.0,6,136.2,139.0,3,154.2,134.6,0.0,0.0,0.0,0.0,215
2023-05-10 09:46:09,IO2312-C-4100,IO2312-C-4100,154.2,0.0,0.0,0.0,6,136.2,138.8,6,154.2,134.6,0.0,0.0,0.0,0.0,215
2023-05-10 09:46:10,IO2312-C-4100,IO2312-C-4100,154.2,0.0,0.0,0.0,6,136.2,139.0,6,154.2,134.6,0.0,0.0,0.0,0.0,215
2023-05-10 09:46:10,IO2312-C-4100,IO2312-C-4100,154.2,0.0,0.0,0.0,6,136.2,139.0,9,154.2,134.6,0.0,0.0,0.0,0.0,215
2023-05-10 09:46:11,IO2312-C-4100,IO2312-C-4100,154.2,0.0,0.0,0.0,6,136.2,138.8,6,154.2,134.6,0.0,0.0,0.0,0.0,215
2023-05-10 09:46:12,IO2312-C-4100,IO2312-C-4100,154.2,0.0,0.0,0.0,1,136.4,139.0,6,154.2,134.6,0.0,0.0,0.0,0.0,215
2023-05-10 09:46:15,IO2312-C-4100,IO2312-C-4100,154.2,0.0,0.0,0.0,6,136.2,139.0,6,154.2,134.6,0.0,0.0,0.0,0.0,215
2023-05-10 09:46:15,IO2312-C-4100,IO2312-C-4100,154.2,0.0,0.0,0.0,6,136.2,139.0,9,154.2,134.6,0.0,0.0,0.0,0.0,215
2023-05-10 09:46:16,IO2312-C-4100,IO2312-C-4100,154.2,0.0,0.0,0.0,6,136.2,138.8,6,154.2,134.6,0.0,0.0,0.0,0.0,215
2023-05-10 09:46:16,IO2312-C-4100,IO2312-C-4100,154.2,0.0,0.0,0.0,6,136.2,139.0,6,154.2,134.6,0.0,0.0,0.0,0.0,215
2023-05-10 09:46:20,IO2312-C-4100,IO2312-C-4100,154.2,0.0,0.0,0.0,7,136.2,139.0,6,154.2,134.6,0.0,0.0,0.0,0.0,215
2023-05-10 09:46:26,IO2312-C-4100,IO2312-C-4100,154.2,0.0,0.0,0.0,1,137.0,139.0,6,154.2,134.6,0.0,0.0,0.0,0.0,215
2023-05-10 09:46:27,IO2312-C-4100,IO2312-C-4100,154.2,0.0,0.0,0.0,1,137.0,139.2,18,154.2,134.6,0.0,0.0,0.0,0.0,215
2023-05-10 09:46:28,IO2312-C-4100,IO2312-C-4100,154.2,0.0,0.0,0.0,1,137.0,139.2,6,154.2,134.6,0.0,0.0,0.0,0.0,215
2023-05-10 09:46:28,IO2312-C-4100,IO2312-C-4100,154.2,0.0,0.0,0.0,1,136.4,139.2,6,154.2,134.6,0.0,0.0,0.0,0.0,215
2023-05-10 09:46:39,IO2312-C-4100,IO2312-C-4100,154.2,0.0,0.0,0.0,15,136.2,139.2,6,154.2,134.6,0.0,0.0,0.0,0.0,215
2023-05-10 09:46:39,IO2312-C-4100,IO2312-C-4100,154.2,0.0,0.0,0.0,6,136.2,139.2,9,154.2,134.6,0.0,0.0,0.0,0.0,215
2023-05-10 09:46:40,IO2312-C-4100,IO2312-C-4100,154.2,0.0,0.0,0.0,6,136.2,139.0,6,154.2,134.6,0.0,0.0,0.0,0.0,215
2023-05-10 09:46:43,IO2312-C-4100,IO2312-C-4100,154.2,0.0,0.0,0.0,7,136.2,139.0,6,154.2,134.6,0.0,0.0,0.0,0.0,215
2023-05-10 09:46:43,IO2312-C-4100,IO2312-C-4100,154.2,0.0,0.0,0.0,1,136.8,139.0,6,154.2,134.6,0.0,0.0,0.0,0.0,215
2023-05-10 09:46:50,IO2312-C-4100,IO2312-C-4100,154.2,0.0,0.0,0.0,1,136.8,139.2,6,154.2,134.6,0.0,0.0,0.0,0.0,215
2023-05-10 09:46:54,IO2312-C-4100,IO2312-C-4100,154.2,0.0,0.0,0.0,7,136.2,139.2,6,154.2,134.6,0.0,0.0,0.0,0.0,215
2023-05-10 09:46:54,IO2312-C-4100,IO2312-C-4100,154.2,0.0,0.0,0.0,7,136.2,139.2,9,154.2,134.6,0.0,0.0,0.0,0.0,215
2023-05-10 09:46:55,IO2312-C-4100,IO2312-C-4100,154.2,0.0,0.0,0.0,7,136.2,139.0,6,154.2,134.6,0.0,0.0,0.0,0.0,215
2023-05-10 09:46:58,IO2312-C-4100,IO2312-C-4100,154.2,0.0,0.0,0.0,7,136.2,139.0,9,154.2,134.6,0.0,0.0,0.0,0.0,215
2023-05-10 09:46:58,IO2312-C-4100,IO2312-C-4100,154.2,0.0,0.0,0.0,7,136.2,138.8,6,154.2,134.6,0.0,0.0,0.0,0.0,215
2023-05-10 09:47:01,IO2312-C-4100,IO2312-C-4100,154.2,0.0,0.0,0.0,6,136.2,138.8,6,154.2,134.6,0.0,0.0,0.0,0.0,215
2023-05-10 09:47:01,IO2312-C-4100,IO2312-C-4100,154.2,0.0,0.0,0.0,6,136.2,138.8,9,154.2,134.6,0.0,0.0,0.0,0.0,215
2023-05-10 09:47:02,IO2312-C-4100,IO2312-C-4100,154.2,0.0,0.0,0.0,30,135.8,138.6,6,154.2,134.6,0.0,0.0,0.0,0.0,215
2023-05-10 09:47:02,IO2312-C-4100,IO2312-C-4100,154.2,0.0,0.0,0.0,6,135.8,138.6,6,154.2,134.6,0.0,0.0,0.0,0.0,215
2023-05-10 09:47:03,IO2312-C-4100,IO2312-C-4100,154.2,0.0,0.0,0.0,10,135.6,138.6,6,154.2,134.6,0.0,0.0,0.0,0.0,215
2023-05-10 09:47:03,IO2312-C-4100,IO2312-C-4100,154.2,0.0,0.0,0.0,1,135.6,138.6,6,154.2,134.6,0.0,0.0,0.0,0.0,215
2023-05-10 09:47:14,IO2312-C-4100,IO2312-C-4100,154.2,0.0,0.0,0.0,1,135.6,138.8,6,154.2,134.6,0.0,0.0,0.0,0.0,215
2023-05-10 09:48:10,IO2312-C-4100,IO2312-C-4100,154.2,0.0,0.0,0.0,7,135.6,139.0,24,154.2,134.6,0.0,0.0,0.0,0.0,215
2023-05-10 09:48:10,IO2312-C-4100,IO2312-C-4100,154.2,0.0,0.0,0.0,13,135.6,139.2,18,154.2,134.6,0.0,0.0,0.0,0.0,215
2023-05-10 09:48:11,IO2312-C-4100,IO2312-C-4100,154.2,0.0,0.0,0.0,1,137.6,139.2,6,154.2,134.6,0.0,0.0,0.0,0.0,215
2023-05-10 09:48:13,IO2312-C-4100,IO2312-C-4100,154.2,0.0,0.0,0.0,1,137.6,139.4,12,154.2,134.6,0.0,0.0,0.0,0.0,215
2023-05-10 09:48:13,IO2312-C-4100,IO2312-C-4100,154.2,0.0,0.0,0.0,1,137.6,139.6,36,154.2,134.6,0.0,0.0,0.0,0.0,215
2023-05-10 09:48:14,IO2312-C-4100,IO2312-C-4100,154.2,0.0,0.0,0.0,1,137.6,139.4,6,154.2,134.6,0.0,0.0,0.0,0.0,215
2023-05-10 09:48:15,IO2312-C-4100,IO2312-C-4100,154.2,0.0,0.0,0.0,1,137.6,139.6,6,154.2,134.6,0.0,0.0,0.0,0.0,215
2023-05-10 09:48:17,IO2312-C-4100,IO2312-C-4100,154.2,0.0,0.0,0.0,6,136.8,139.6,6,154.2,134.6,0.0,0.0,0.0,0.0,215
2023-05-10 09:48:18,IO2312-C-4100,IO2312-C-4100,154.2,0.0,0.0,0.0,6,136.8,139.6,9,154.2,134.6,0.0,0.0,0.0,0.0,215
2023-05-10 09:48:18,IO2312-C-4100,IO2312-C-4100,154.2,0.0,0.0,0.0,6,136.8,139.4,6,154.2,134.6,0.0,0.0,0.0,0.0,215
2023-05-10 09:48:19,IO2312-C-4100,IO2312-C-4100,154.2,0.0,0.0,0.0,6,136.8,139.6,6,154.2,134.6,0.0,0.0,0.0,0.0,215
2023-05-10 09:48:20,IO2312-C-4100,IO2312-C-4100,154.2,0.0,0.0,0.0,6,136.8,139.6,9,154.2,134.6,0.0,0.0,0.0,0.0,215
2023-05-10 09:48:21,IO2312-C-4100,IO2312-C-4100,154.2,0.0,0.0,0.0,6,136.8,139.4,6,154.2,134.6,0.0,0.0,0.0,0.0,215
2023-05-10 09:48:22,IO2312-C-4100,IO2312-C-4100,154.2,0.0,0.0,0.0,6,136.8,139.6,6,154.2,134.6,0.0,0.0,0.0,0.0,215
2023-05-10 09:48:25,IO2312-C-4100,IO2312-C-4100,154.2,0.0,0.0,0.0,1,137.0,139.6,6,154.2,134.6,0.0,0.0,0.0,0.0,215
2023-05-10 09:48:25,IO2312-C-4100,IO2312-C-4100,154.2,0.0,0.0,0.0,1,137.0,139.6,9,154.2,134.6,0.0,0.0,0.0,0.0,215
2023-05-10 09:48:26,IO2312-C-4100,IO2312-C-4100,154.2,0.0,0.0,0.0,1,137.0,139.6,6,154.2,134.6,0.0,0.0,0.0,0.0,215
2023-05-10 09:48:48,IO2312-C-4100,IO2312-C-4100,154.2,0.0,0.0,0.0,1,137.0,139.6,15,154.2,134.6,0.0,0.0,0.0,0.0,215
2023-05-10 09:48:51,IO2312-C-4100,IO2312-C-4100,154.2,0.0,0.0,0.0,6,136.8,139.6,15,154.2,134.6,0.0,0.0,0.0,0.0,215
2023-05-10 09:48:52,IO2312-C-4100,IO2312-C-4100,154.2,0.0,0.0,0.0,6,136.6,139.4,6,154.2,134.6,0.0,0.0,0.0,0.0,215
2023-05-10 09:48:52,IO2312-C-4100,IO2312-C-4100,154.2,0.0,0.0,0.0,7,136.4,139.4,9,154.2,134.6,0.0,0.0,0.0,0.0,215
2023-05-10 09:48:53,IO2312-C-4100,IO2312-C-4100,154.2,0.0,0.0,0.0,1,136.4,139.2,6,154.2,134.6,0.0,0.0,0.0,0.0,215
2023-05-10 09:48:58,IO2312-C-4100,IO2312-C-4100,154.2,0.0,0.0,0.0,1,136.4,139.2,9,154.2,134.6,0.0,0.0,0.0,0.0,215
2023-05-10 09:48:59,IO2312-C-4100,IO2312-C-4100,154.2,0.0,0.0,0.0,1,136.4,139.0,6,154.2,134.6,0.0,0.0,0.0,0.0,215
2023-05-10 09:48:59,IO2312-C-4100,IO2312-C-4100,154.2,0.0,0.0,0.0,1,136.4,139.0,9,154.2,134.6,0.0,0.0,0.0,0.0,215
2023-05-10 09:49:00,IO2312-C-4100,IO2312-C-4100,154.2,0.0,0.0,0.0,6,136.2,139.0,9,154.2,134.6,0.0,0.0,0.0,0.0,215
2023-05-10 09:49:00,IO2312-C-4100,IO2312-C-4100,154.2,0.0,0.0,0.0,12,136.0,138.8,6,154.2,134.6,0.0,0.0,0.0,0.0,215
2023-05-10 09:49:01,IO2312-C-4100,IO2312-C-4100,154.2,0.0,0.0,0.0,25,135.8,138.8,9,154.2,134.6,0.0,0.0,0.0,0.0,215
2023-05-10 09:49:01,IO2312-C-4100,IO2312-C-4100,154.2,0.0,0.0,0.0,13,135.8,138.6,6,154.2,134.6,0.0,0.0,0.0,0.0,215
2023-05-10 09:49:02,IO2312-C-4100,IO2312-C-4100,154.2,0.0,0.0,0.0,7,135.8,138.6,6,154.2,134.6,0.0,0.0,0.0,0.0,215
2023-05-10 09:49:02,IO2312-C-4100,IO2312-C-4100,154.2,0.0,0.0,0.0,1,135.8,138.8,6,154.2,134.6,0.0,0.0,0.0,0.0,215
2023-05-10 09:49:22,IO2312-C-4100,IO2312-C-4100,154.2,0.0,0.0,0.0,12,135.6,138.8,6,154.2,134.6,0.0,0.0,0.0,0.0,215
2023-05-10 09:49:22,IO2312-C-4100,IO2312-C-4100,154.2,0.0,0.0,0.0,27,135.4,138.8,6,154.2,134.6,0.0,0.0,0.0,0.0,215
2023-05-10 09:49:23,IO2312-C-4100,IO2312-C-4100,154.2,0.0,0.0,0.0,21,135.4,138.8,6,154.2,134.6,0.0,0.0,0.0,0.0,215
2023-05-10 09:49:24,IO2312-C-4100,IO2312-C-4100,154.2,0.0,0.0,0.0,18,135.4,138.8,6,154.2,134.6,0.0,0.0,0.0,0.0,215
2023-05-10 09:49:24,IO2312-C-4100,IO2312-C-4100,154.2,0.0,0.0,0.0,12,135.4,138.8,6,154.2,134.6,0.0,0.0,0.0,0.0,215
2023-05-10 09:49:25,IO2312-C-4100,IO2312-C-4100,154.2,0.0,0.0,0.0,9,135.4,138.8,6,154.2,134.6,0.0,0.0,0.0,0.0,215
2023-05-10 09:49:26,IO2312-C-4100,IO2312-C-4100,154.2,0.0,0.0,0.0,9,135.4,138.6,1,154.2,134.6,0.0,0.0,0.0,0.0,215
2023-05-10 09:49:26,IO2312-C-4100,IO2312-C-4100,154.2,0.0,0.0,0.0,9,135.4,138.4,6,154.2,134.6,0.0,0.0,0.0,0.0,215
2023-05-10 09:49:27,IO2312-C-4100,IO2312-C-4100,154.2,0.0,0.0,0.0,1,135.6,138.4,6,154.2,134.6,0.0,0.0,0.0,0.0,215
2023-05-10 09:49:27,IO2312-C-4100,IO2312-C-4100,154.2,0.0,0.0,0.0,1,135.6,138.8,6,154.2,134.6,0.0,0.0,0.0,0.0,215
2023-05-10 09:50:01,IO2312-C-4100,IO2312-C-4100,154.2,0.0,0.0,0.0,9,135.4,138.8,6,154.2,134.6,0.0,0.0,0.0,0.0,215
2023-05-10 09:50:07,IO2312-C-4100,IO2312-C-4100,154.2,0.0,0.0,0.0,1,136.6,138.8,6,154.2,134.6,0.0,0.0,0.0,0.0,215
2023-05-10 09:50:14,IO2312-C-4100,IO2312-C-4100,154.2,0.0,0.0,0.0,1,136.6,139.0,18,154.2,134.6,0.0,0.0,0.0,0.0,215
2023-05-10 09:50:15,IO2312-C-4100,IO2312-C-4100,154.2,0.0,0.0,0.0,1,136.6,139.0,6,154.2,134.6,0.0,0.0,0.0,0.0,215
2023-05-10 09:50:15,IO2312-C-4100,IO2312-C-4100,154.2,0.0,0.0,0.0,1,136.6,139.2,24,154.2,134.6,0.0,0.0,0.0,0.0,215
2023-05-10 09:50:16,IO2312-C-4100,IO2312-C-4100,154.2,0.0,0.0,0.0,1,136.6,139.2,12,154.2,134.6,0.0,0.0,0.0,0.0,215
2023-05-10 09:50:16,IO2312-C-4100,IO2312-C-4100,154.2,0.0,0.0,0.0,1,136.6,139.2,6,154.2,134.6,0.0,0.0,0.0,0.0,215
2023-05-10 09:50:19,IO2312-C-4100,IO2312-C-4100,154.2,0.0,0.0,0.0,1,136.6,139.4,24,154.2,134.6,0.0,0.0,0.0,0.0,215
2023-05-10 09:50:20,IO2312-C-4100,IO2312-C-4100,154.2,0.0,0.0,0.0,1,136.6,139.4,12,154.2,134.6,0.0,0.0,0.0,0.0,215
2023-05-10 09:50:20,IO2312-C-4100,IO2312-C-4100,154.2,0.0,0.0,0.0,1,136.6,139.4,6,154.2,134.6,0.0,0.0,0.0,0.0,215
2023-05-10 09:50:24,IO2312-C-4100,IO2312-C-4100,154.2,0.0,0.0,0.0,1,136.6,139.6,18,154.2,134.6,0.0,0.0,0.0,0.0,215
2023-05-10 09:50:24,IO2312-C-4100,IO2312-C-4100,154.2,0.0,0.0,0.0,1,136.6,139.6,12,154.2,134.6,0.0,0.0,0.0,0.0,215
2023-05-10 09:50:25,IO2312-C-4100,IO2312-C-4100,154.2,0.0,0.0,0.0,1,136.6,139.8,18,154.2,134.6,0.0,0.0,0.0,0.0,215
2023-05-10 09:50:25,IO2312-C-4100,IO2312-C-4100,154.2,0.0,0.0,0.0,1,136.6,139.8,12,154.2,134.6,0.0,0.0,0.0,0.0,215
2023-05-10 09:50:26,IO2312-C-4100,IO2312-C-4100,154.2,0.0,0.0,0.0,1,136.6,139.8,6,154.2,134.6,0.0,0.0,0.0,0.0,215
2023-05-10 09:51:02,IO2312-C-4100,IO2312-C-4100,154.2,0.0,0.0,0.0,1,136.6,139.6,3,154.2,134.6,0.0,0.0,0.0,0.0,215
2023-05-10 09:51:02,IO2312-C-4100,IO2312-C-4100,154.2,0.0,0.0,0.0,1,136.6,139.4,6,154.2,134.6,0.0,0.0,0.0,0.0,215
2023-05-10 09:51:03,IO2312-C-4100,IO2312-C-4100,154.2,0.0,0.0,0.0,1,136.6,139.6,6,154.2,134.6,0.0,0.0,0.0,0.0,215
2023-05-10 09:51:19,IO2312-C-4100,IO2312-C-4100,154.2,0.0,0.0,0.0,1,136.6,139.8,12,154.2,134.6,0.0,0.0,0.0,0.0,215
2023-05-10 09:51:20,IO2312-C-4100,IO2312-C-4100,154.2,0.0,0.0,0.0,1,136.6,140.0,30,154.2,134.6,0.0,0.0,0.0,0.0,215
2023-05-10 09:51:20,IO2312-C-4100,IO2312-C-4100,154.2,0.0,0.0,0.0,1,136.6,140.0,18,154.2,134.6,0.0,0.0,0.0,0.0,215
2023-05-10 09:51:21,IO2312-C-4100,IO2312-C-4100,154.2,0.0,0.0,0.0,1,136.6,140.0,12,154.2,134.6,0.0,0.0,0.0,0.0,215
2023-05-10 09:51:21,IO2312-C-4100,IO2312-C-4100,154.2,0.0,0.0,0.0,1,136.6,140.0,6,154.2,134.6,0.0,0.0,0.0,0.0,215
2023-05-10 09:52:00,IO2312-C-4100,IO2312-C-4100,154.2,0.0,0.0,0.0,1,136.6,140.0,12,154.2,134.6,0.0,0.0,0.0,0.0,215
2023-05-10 09:52:00,IO2312-C-4100,IO2312-C-4100,154.2,0.0,0.0,0.0,1,136.6,139.8,6,154.2,134.6,0.0,0.0,0.0,0.0,215
2023-05-10 09:52:02,IO2312-C-4100,IO2312-C-4100,154.2,0.0,0.0,0.0,1,136.6,139.8,9,154.2,134.6,0.0,0.0,0.0,0.0,215
2023-05-10 09:52:02,IO2312-C-4100,IO2312-C-4100,154.2,0.0,0.0,0.0,1,136.6,139.6,6,154.2,134.6,0.0,0.0,0.0,0.0,215
2023-05-10 09:52:06,IO2312-C-4100,IO2312-C-4100,154.2,0.0,0.0,0.0,1,136.6,139.8,6,154.2,134.6,0.0,0.0,0.0,0.0,215
2023-05-10 09:52:15,IO2312-C-4100,IO2312-C-4100,154.2,0.0,0.0,0.0,1,136.6,139.8,12,154.2,134.6,0.0,0.0,0.0,0.0,215
2023-05-10 09:52:15,IO2312-C-4100,IO2312-C-4100,154.2,0.0,0.0,0.0,1,136.6,139.6,6,154.2,134.6,0.0,0.0,0.0,0.0,215
2023-05-10 09:52:16,IO2312-C-4100,IO2312-C-4100,154.2,0.0,0.0,0.0,1,136.6,139.6,9,154.2,134.6,0.0,0.0,0.0,0.0,215
2023-05-10 09:52:16,IO2312-C-4100,IO2312-C-4100,154.2,0.0,0.0,0.0,1,136.6,139.4,6,154.2,134.6,0.0,0.0,0.0,0.0,215
2023-05-10 09:52:29,IO2312-C-4100,IO2312-C-4100,154.2,0.0,0.0,0.0,1,136.6,139.2,6,154.2,134.6,0.0,0.0,0.0,0.0,215
2023-05-10 09:52:29,IO2312-C-4100,IO2312-C-4100,154.2,0.0,0.0,0.0,1,136.6,139.0,6,154.2,134.6,0.0,0.0,0.0,0.0,215
2023-05-10 09:52:36,IO2312-C-4100,IO2312-C-4100,154.2,0.0,0.0,0.0,1,136.6,139.4,6,154.2,134.6,0.0,0.0,0.0,0.0,215
2023-05-10 09:53:03,IO2312-C-4100,IO2312-C-4100,154.2,0.0,0.0,0.0,1,136.6,139.4,12,154.2,134.6,0.0,0.0,0.0,0.0,215
2023-05-10 09:53:03,IO2312-C-4100,IO2312-C-4100,154.2,0.0,0.0,0.0,1,136.6,139.2,6,154.2,134.6,0.0,0.0,0.0,0.0,215
2023-05-10 09:53:04,IO2312-C-4100,IO2312-C-4100,154.2,0.0,0.0,0.0,1,136.6,139.2,9,154.2,134.6,0.0,0.0,0.0,0.0,215
2023-05-10 09:53:05,IO2312-C-4100,IO2312-C-4100,154.2,0.0,0.0,0.0,1,136.6,139.0,6,154.2,134.6,0.0,0.0,0.0,0.0,215
2023-05-10 09:53:16,IO2312-C-4100,IO2312-C-4100,154.2,0.0,0.0,0.0,1,136.6,139.4,6,154.2,134.6,0.0,0.0,0.0,0.0,215
2023-05-10 09:54:06,IO2312-C-4100,IO2312-C-4100,154.2,0.0,0.0,0.0,1,136.6,139.4,9,154.2,134.6,0.0,0.0,0.0,0.0,215
2023-05-10 09:54:06,IO2312-C-4100,IO2312-C-4100,154.2,0.0,0.0,0.0,1,136.6,139.2,6,154.2,134.6,0.0,0.0,0.0,0.0,215
2023-05-10 09:54:07,IO2312-C-4100,IO2312-C-4100,154.2,0.0,0.0,0.0,1,136.6,139.4,6,154.2,134.6,0.0,0.0,0.0,0.0,215
2023-05-10 09:54:26,IO2312-C-4100,IO2312-C-4100,154.2,0.0,0.0,0.0,1,136.6,139.4,9,154.2,134.6,0.0,0.0,0.0,0.0,215
2023-05-10 09:54:27,IO2312-C-4100,IO2312-C-4100,154.2,0.0,0.0,0.0,1,136.6,139.2,6,154.2,134.6,0.0,0.0,0.0,0.0,215
2023-05-10 09:54:28,IO2312-C-4100,IO2312-C-4100,154.2,0.0,0.0,0.0,1,136.6,139.4,6,154.2,134.6,0.0,0.0,0.0,0.0,215
2023-05-10 09:54:36,IO2312-C-4100,IO2312-C-4100,154.2,0.0,0.0,0.0,1,136.6,139.4,9,154.2,134.6,0.0,0.0,0.0,0.0,215
2023-05-10 09:54:36,IO2312-C-4100,IO2312-C-4100,154.2,0.0,0.0,0.0,1,136.6,139.2,6,154.2,134.6,0.0,0.0,0.0,0.0,215
2023-05-10 09:54:37,IO2312-C-4100,IO2312-C-4100,154.2,0.0,0.0,0.0,1,136.6,139.4,6,154.2,134.6,0.0,0.0,0.0,0.0,215
2023-05-10 09:54:41,IO2312-C-4100,IO2312-C-4100,154.2,0.0,0.0,0.0,1,136.6,139.4,9,154.2,134.6,0.0,0.0,0.0,0.0,215
2023-05-10 09:54:41,IO2312-C-4100,IO2312-C-4100,154.2,0.0,0.0,0.0,1,136.6,139.2,6,154.2,134.6,0.0,0.0,0.0,0.0,215
2023-05-10 09:54:42,IO2312-C-4100,IO2312-C-4100,154.2,0.0,0.0,0.0,1,136.6,139.4,6,154.2,134.6,0.0,0.0,0.0,0.0,215
2023-05-10 09:54:43,IO2312-C-4100,IO2312-C-4100,154.2,0.0,0.0,0.0,1,136.6,139.4,9,154.2,134.6,0.0,0.0,0.0,0.0,215
2023-05-10 09:54:43,IO2312-C-4100,IO2312-C-4100,154.2,0.0,0.0,0.0,1,136.6,139.2,6,154.2,134.6,0.0,0.0,0.0,0.0,215
2023-05-10 09:54:44,IO2312-C-4100,IO2312-C-4100,154.2,0.0,0.0,0.0,1,136.6,139.4,6,154.2,134.6,0.0,0.0,0.0,0.0,215
2023-05-10 09:54:45,IO2312-C-4100,IO2312-C-4100,154.2,0.0,0.0,0.0,1,136.6,139.2,3,154.2,134.6,0.0,0.0,0.0,0.0,215
2023-05-10 09:54:45,IO2312-C-4100,IO2312-C-4100,154.2,0.0,0.0,0.0,1,136.6,139.0,6,154.2,134.6,0.0,0.0,0.0,0.0,215
2023-05-10 09:54:46,IO2312-C-4100,IO2312-C-4100,154.2,0.0,0.0,0.0,1,136.6,139.4,6,154.2,134.6,0.0,0.0,0.0,0.0,215
2023-05-10 09:54:47,IO2312-C-4100,IO2312-C-4100,154.2,0.0,0.0,0.0,1,136.6,139.4,9,154.2,134.6,0.0,0.0,0.0,0.0,215
2023-05-10 09:54:47,IO2312-C-4100,IO2312-C-4100,154.2,0.0,0.0,0.0,1,136.6,139.2,6,154.2,134.6,0.0,0.0,0.0,0.0,215
2023-05-10 09:54:48,IO2312-C-4100,IO2312-C-4100,154.2,0.0,0.0,0.0,1,136.6,139.4,6,154.2,134.6,0.0,0.0,0.0,0.0,215
2023-05-10 09:54:49,IO2312-C-4100,IO2312-C-4100,154.2,0.0,0.0,0.0,1,136.6,139.4,9,154.2,134.6,0.0,0.0,0.0,0.0,215
2023-05-10 09:54:49,IO2312-C-4100,IO2312-C-4100,154.2,0.0,0.0,0.0,1,136.6,139.2,6,154.2,134.6,0.0,0.0,0.0,0.0,215
2023-05-10 09:54:50,IO2312-C-4100,IO2312-C-4100,154.2,0.0,0.0,0.0,1,136.6,139.2,3,154.2,134.6,0.0,0.0,0.0,0.0,215
2023-05-10 09:54:51,IO2312-C-4100,IO2312-C-4100,154.2,0.0,0.0,0.0,1,136.6,139.0,6,154.2,134.6,0.0,0.0,0.0,0.0,215
2023-05-10 09:54:51,IO2312-C-4100,IO2312-C-4100,154.2,0.0,0.0,0.0,1,136.6,139.4,6,154.2,134.6,0.0,0.0,0.0,0.0,215
2023-05-10 09:54:52,IO2312-C-4100,IO2312-C-4100,154.2,0.0,0.0,0.0,1,136.6,139.4,9,154.2,134.6,0.0,0.0,0.0,0.0,215
2023-05-10 09:54:52,IO2312-C-4100,IO2312-C-4100,154.2,0.0,0.0,0.0,1,136.6,139.2,6,154.2,134.6,0.0,0.0,0.0,0.0,215
2023-05-10 09:54:53,IO2312-C-4100,IO2312-C-4100,154.2,0.0,0.0,0.0,1,136.6,139.4,6,154.2,134.6,0.0,0.0,0.0,0.0,215
2023-05-10 09:54:59,IO2312-C-4100,IO2312-C-4100,154.2,0.0,0.0,0.0,1,136.6,139.4,9,154.2,134.6,0.0,0.0,0.0,0.0,215
2023-05-10 09:54:59,IO2312-C-4100,IO2312-C-4100,154.2,0.0,0.0,0.0,1,136.6,139.2,6,154.2,134.6,0.0,0.0,0.0,0.0,215
2023-05-10 09:55:00,IO2312-C-4100,IO2312-C-4100,154.2,0.0,0.0,0.0,1,136.6,139.4,6,154.2,134.6,0.0,0.0,0.0,0.0,215
2023-05-10 09:55:01,IO2312-C-4100,IO2312-C-4100,154.2,0.0,0.0,0.0,1,136.6,139.2,3,154.2,134.6,0.0,0.0,0.0,0.0,215
2023-05-10 09:55:01,IO2312-C-4100,IO2312-C-4100,154.2,0.0,0.0,0.0,1,136.6,139.0,6,154.2,134.6,0.0,0.0,0.0,0.0,215
2023-05-10 09:55:02,IO2312-C-4100,IO2312-C-4100,154.2,0.0,0.0,0.0,1,136.6,139.0,9,154.2,134.6,0.0,0.0,0.0,0.0,215
2023-05-10 09:55:02,IO2312-C-4100,IO2312-C-4100,154.2,0.0,0.0,0.0,1,136.6,138.8,6,154.2,134.6,0.0,0.0,0.0,0.0,215
2023-05-10 09:55:03,IO2312-C-4100,IO2312-C-4100,154.2,0.0,0.0,0.0,1,136.6,139.4,6,154.2,134.6,0.0,0.0,0.0,0.0,215
2023-05-10 09:55:03,IO2312-C-4100,IO2312-C-4100,154.2,0.0,0.0,0.0,1,136.6,139.2,3,154.2,134.6,0.0,0.0,0.0,0.0,215
2023-05-10 09:55:04,IO2312-C-4100,IO2312-C-4100,154.2,0.0,0.0,0.0,1,136.6,139.0,6,154.2,134.6,0.0,0.0,0.0,0.0,215
2023-05-10 09:55:05,IO2312-C-4100,IO2312-C-4100,154.2,0.0,0.0,0.0,1,136.6,139.0,3,154.2,134.6,0.0,0.0,0.0,0.0,215
2023-05-10 09:55:06,IO2312-C-4100,IO2312-C-4100,154.2,0.0,0.0,0.0,1,136.6,138.8,6,154.2,134.6,0.0,0.0,0.0,0.0,215
2023-05-10 09:55:07,IO2312-C-4100,IO2312-C-4100,154.2,0.0,0.0,0.0,1,136.6,139.0,6,154.2,134.6,0.0,0.0,0.0,0.0,215
2023-05-10 09:55:07,IO2312-C-4100,IO2312-C-4100,154.2,0.0,0.0,0.0,1,136.6,139.0,9,154.2,134.6,0.0,0.0,0.0,0.0,215
2023-05-10 09:55:08,IO2312-C-4100,IO2312-C-4100,154.2,0.0,0.0,0.0,1,136.6,138.8,6,154.2,134.6,0.0,0.0,0.0,0.0,215
2023-05-10 09:55:09,IO2312-C-4100,IO2312-C-4100,154.2,0.0,0.0,0.0,1,136.6,139.0,6,154.2,134.6,0.0,0.0,0.0,0.0,215
2023-05-10 09:55:09,IO2312-C-4100,IO2312-C-4100,154.2,0.0,0.0,0.0,1,136.6,139.0,9,154.2,134.6,0.0,0.0,0.0,0.0,215
2023-05-10 09:55:10,IO2312-C-4100,IO2312-C-4100,154.2,0.0,0.0,0.0,1,136.6,138.8,6,154.2,134.6,0.0,0.0,0.0,0.0,215
2023-05-10 09:55:10,IO2312-C-4100,IO2312-C-4100,154.2,0.0,0.0,0.0,1,136.6,139.0,6,154.2,134.6,0.0,0.0,0.0,0.0,215
2023-05-10 09:55:12,IO2312-C-4100,IO2312-C-4100,154.2,0.0,0.0,0.0,1,135.8,139.0,6,154.2,134.6,0.0,0.0,0.0,0.0,215
2023-05-10 09:55:32,IO2312-C-4100,IO2312-C-4100,154.2,0.0,0.0,0.0,1,135.8,138.8,3,154.2,134.6,0.0,0.0,0.0,0.0,215
2023-05-10 09:55:32,IO2312-C-4100,IO2312-C-4100,154.2,0.0,0.0,0.0,1,135.8,138.6,6,154.2,134.6,0.0,0.0,0.0,0.0,215
2023-05-10 09:55:33,IO2312-C-4100,IO2312-C-4100,154.2,0.0,0.0,0.0,1,135.8,138.8,6,154.2,134.6,0.0,0.0,0.0,0.0,215
2023-05-10 09:55:35,IO2312-C-4100,IO2312-C-4100,154.2,0.0,0.0,0.0,1,135.8,138.8,9,154.2,134.6,0.0,0.0,0.0,0.0,215
2023-05-10 09:55:36,IO2312-C-4100,IO2312-C-4100,154.2,0.0,0.0,0.0,1,135.8,138.6,6,154.2,134.6,0.0,0.0,0.0,0.0,215
2023-05-10 09:55:36,IO2312-C-4100,IO2312-C-4100,154.2,0.0,0.0,0.0,1,135.8,138.8,6,154.2,134.6,0.0,0.0,0.0,0.0,215
2023-05-10 09:55:50,IO2312-C-4100,IO2312-C-4100,154.2,0.0,0.0,0.0,1,135.8,138.8,9,154.2,134.6,0.0,0.0,0.0,0.0,215
2023-05-10 09:55:51,IO2312-C-4100,IO2312-C-4100,154.2,0.0,0.0,0.0,1,135.8,138.6,6,154.2,134.6,0.0,0.0,0.0,0.0,215
2023-05-10 09:56:03,IO2312-C-4100,IO2312-C-4100,154.2,0.0,0.0,0.0,1,135.8,138.8,6,154.2,134.6,0.0,0.0,0.0,0.0,215
2023-05-10 09:56:11,IO2312-C-4100,IO2312-C-4100,154.2,0.0,0.0,0.0,1,135.8,138.8,9,154.2,134.6,0.0,0.0,0.0,0.0,215
2023-05-10 09:56:12,IO2312-C-4100,IO2312-C-4100,154.2,0.0,0.0,0.0,1,135.8,138.6,6,154.2,134.6,0.0,0.0,0.0,0.0,215
2023-05-10 09:56:12,IO2312-C-4100,IO2312-C-4100,154.2,0.0,0.0,0.0,1,135.8,138.8,6,154.2,134.6,0.0,0.0,0.0,0.0,215
2023-05-10 09:56:13,IO2312-C-4100,IO2312-C-4100,154.2,0.0,0.0,0.0,1,135.8,138.8,9,154.2,134.6,0.0,0.0,0.0,0.0,215
2023-05-10 09:56:13,IO2312-C-4100,IO2312-C-4100,154.2,0.0,0.0,0.0,1,135.8,138.6,6,154.2,134.6,0.0,0.0,0.0,0.0,215
2023-05-10 09:56:14,IO2312-C-4100,IO2312-C-4100,154.2,0.0,0.0,0.0,1,135.8,138.8,6,154.2,134.6,0.0,0.0,0.0,0.0,215
2023-05-10 09:57:05,IO2312-C-4100,IO2312-C-4100,154.2,0.0,0.0,0.0,4,135.8,138.8,6,154.2,134.6,0.0,0.0,0.0,0.0,215
2023-05-10 09:57:06,IO2312-C-4100,IO2312-C-4100,154.2,0.0,0.0,0.0,1,135.8,138.8,6,154.2,134.6,0.0,0.0,0.0,0.0,215
2023-05-10 09:57:58,IO2312-C-4100,IO2312-C-4100,154.2,0.0,0.0,0.0,1,135.8,139.0,18,154.2,134.6,0.0,0.0,0.0,0.0,215
2023-05-10 09:57:58,IO2312-C-4100,IO2312-C-4100,154.2,0.0,0.0,0.0,1,135.8,139.0,6,154.2,134.6,0.0,0.0,0.0,0.0,215
2023-05-10 09:57:59,IO2312-C-4100,IO2312-C-4100,154.2,0.0,0.0,0.0,1,135.8,139.2,24,154.2,134.6,0.0,0.0,0.0,0.0,215
2023-05-10 09:57:59,IO2312-C-4100,IO2312-C-4100,154.2,0.0,0.0,0.0,1,135.8,139.2,18,154.2,134.6,0.0,0.0,0.0,0.0,215
2023-05-10 09:58:00,IO2312-C-4100,IO2312-C-4100,154.2,0.0,0.0,0.0,10,135.8,139.2,18,154.2,134.6,0.0,0.0,0.0,0.0,215
2023-05-10 09:58:01,IO2312-C-4100,IO2312-C-4100,154.2,0.0,0.0,0.0,1,138.4,139.2,18,154.2,134.6,0.0,0.0,0.0,0.0,215
2023-05-10 09:58:02,IO2312-C-4100,IO2312-C-4100,154.2,0.0,0.0,0.0,1,137.6,139.2,18,154.2,134.6,0.0,0.0,0.0,0.0,215
2023-05-10 09:58:02,IO2312-C-4100,IO2312-C-4100,154.2,0.0,0.0,0.0,1,137.6,139.0,6,154.2,134.6,0.0,0.0,0.0,0.0,215
2023-05-10 09:58:08,IO2312-C-4100,IO2312-C-4100,154.2,0.0,0.0,0.0,1,137.0,139.0,6,154.2,134.6,0.0,0.0,0.0,0.0,215
2023-05-10 09:58:24,IO2312-C-4100,IO2312-C-4100,154.2,0.0,0.0,0.0,1,137.0,139.2,24,154.2,134.6,0.0,0.0,0.0,0.0,215
2023-05-10 09:58:24,IO2312-C-4100,IO2312-C-4100,154.2,0.0,0.0,0.0,1,137.0,139.2,18,154.2,134.6,0.0,0.0,0.0,0.0,215
2023-05-10 09:58:28,IO2312-C-4100,IO2312-C-4100,154.2,0.0,0.0,0.0,1,137.0,139.2,12,154.2,134.6,0.0,0.0,0.0,0.0,215
2023-05-10 09:58:29,IO2312-C-4100,IO2312-C-4100,154.2,0.0,0.0,0.0,1,137.0,139.2,6,154.2,134.6,0.0,0.0,0.0,0.0,215
2023-05-10 09:58:32,IO2312-C-4100,IO2312-C-4100,154.2,0.0,0.0,0.0,1,137.0,139.2,12,154.2,134.6,0.0,0.0,0.0,0.0,215
2023-05-10 09:58:33,IO2312-C-4100,IO2312-C-4100,154.2,0.0,0.0,0.0,1,137.0,139.2,6,154.2,134.6,0.0,0.0,0.0,0.0,215
2023-05-10 09:58:34,IO2312-C-4100,IO2312-C-4100,154.2,0.0,0.0,0.0,1,137.0,139.4,30,154.2,134.6,0.0,0.0,0.0,0.0,215
2023-05-10 09:58:34,IO2312-C-4100,IO2312-C-4100,154.2,0.0,0.0,0.0,1,137.0,139.4,12,154.2,134.6,0.0,0.0,0.0,0.0,215
2023-05-10 09:58:35,IO2312-C-4100,IO2312-C-4100,154.2,0.0,0.0,0.0,1,137.0,139.4,6,154.2,134.6,0.0,0.0,0.0,0.0,215
2023-05-10 09:58:35,IO2312-C-4100,IO2312-C-4100,154.2,0.0,0.0,0.0,1,137.0,139.6,6,154.2,134.6,0.0,0.0,0.0,0.0,215
2023-05-10 09:59:07,IO2312-C-4100,IO2312-C-4100,154.2,0.0,0.0,0.0,1,137.0,139.4,9,154.2,134.6,0.0,0.0,0.0,0.0,215
2023-05-10 09:59:07,IO2312-C-4100,IO2312-C-4100,154.2,0.0,0.0,0.0,1,137.0,139.2,6,154.2,134.6,0.0,0.0,0.0,0.0,215
2023-05-10 09:59:09,IO2312-C-4100,IO2312-C-4100,154.2,0.0,0.0,0.0,1,137.0,139.4,6,154.2,134.6,0.0,0.0,0.0,0.0,215
2023-05-10 09:59:22,IO2312-C-4100,IO2312-C-4100,154.2,0.0,0.0,0.0,1,137.0,139.4,9,154.2,134.6,0.0,0.0,0.0,0.0,215
2023-05-10 09:59:23,IO2312-C-4100,IO2312-C-4100,154.2,0.0,0.0,0.0,1,137.0,139.2,6,154.2,134.6,0.0,0.0,0.0,0.0,215
2023-05-10 09:59:24,IO2312-C-4100,IO2312-C-4100,154.2,0.0,0.0,0.0,1,137.0,139.4,6,154.2,134.6,0.0,0.0,0.0,0.0,215
2023-05-10 09:59:24,IO2312-C-4100,IO2312-C-4100,154.2,0.0,0.0,0.0,1,137.0,139.4,9,154.2,134.6,0.0,0.0,0.0,0.0,215
2023-05-10 09:59:25,IO2312-C-4100,IO2312-C-4100,154.2,0.0,0.0,0.0,1,137.0,139.2,6,154.2,134.6,0.0,0.0,0.0,0.0,215
2023-05-10 09:59:26,IO2312-C-4100,IO2312-C-4100,154.2,0.0,0.0,0.0,1,137.0,139.4,6,154.2,134.6,0.0,0.0,0.0,0.0,215
2023-05-10 09:59:26,IO2312-C-4100,IO2312-C-4100,154.2,0.0,0.0,0.0,1,137.0,139.4,9,154.2,134.6,0.0,0.0,0.0,0.0,215
2023-05-10 09:59:27,IO2312-C-4100,IO2312-C-4100,154.2,0.0,0.0,0.0,1,137.0,139.2,6,154.2,134.6,0.0,0.0,0.0,0.0,215
2023-05-10 09:59:28,IO2312-C-4100,IO2312-C-4100,154.2,0.0,0.0,0.0,1,137.0,139.4,6,154.2,134.6,0.0,0.0,0.0,0.0,215
2023-05-10 09:59:28,IO2312-C-4100,IO2312-C-4100,154.2,0.0,0.0,0.0,1,137.0,139.4,9,154.2,134.6,0.0,0.0,0.0,0.0,215
2023-05-10 09:59:29,IO2312-C-4100,IO2312-C-4100,154.2,0.0,0.0,0.0,1,137.0,139.2,6,154.2,134.6,0.0,0.0,0.0,0.0,215
2023-05-10 09:59:29,IO2312-C-4100,IO2312-C-4100,154.2,0.0,0.0,0.0,1,137.0,139.4,6,154.2,134.6,0.0,0.0,0.0,0.0,215
2023-05-10 10:00:00,IO2312-C-4100,IO2312-C-4100,154.2,0.0,0.0,0.0,1,137.0,139.4,9,154.2,134.6,0.0,0.0,0.0,0.0,215
2023-05-10 10:00:02,IO2312-C-4100,IO2312-C-4100,154.2,0.0,0.0,0.0,1,137.0,139.2,6,154.2,134.6,0.0,0.0,0.0,0.0,215
2023-05-10 10:00:02,IO2312-C-4100,IO2312-C-4100,154.2,0.0,0.0,0.0,1,137.0,139.2,9,154.2,134.6,0.0,0.0,0.0,0.0,215
2023-05-10 10:00:03,IO2312-C-4100,IO2312-C-4100,154.2,0.0,0.0,0.0,1,137.0,139.2,6,154.2,134.6,0.0,0.0,0.0,0.0,215
2023-05-10 10:00:03,IO2312-C-4100,IO2312-C-4100,154.2,0.0,0.0,0.0,1,137.0,139.4,6,154.2,134.6,0.0,0.0,0.0,0.0,215
2023-05-10 10:00:04,IO2312-C-4100,IO2312-C-4100,154.2,0.0,0.0,0.0,1,137.0,139.4,9,154.2,134.6,0.0,0.0,0.0,0.0,215
2023-05-10 10:00:04,IO2312-C-4100,IO2312-C-4100,154.2,0.0,0.0,0.0,1,137.0,139.2,6,154.2,134.6,0.0,0.0,0.0,0.0,215
2023-05-10 10:00:05,IO2312-C-4100,IO2312-C-4100,154.2,0.0,0.0,0.0,1,137.0,139.2,9,154.2,134.6,0.0,0.0,0.0,0.0,215
2023-05-10 10:00:05,IO2312-C-4100,IO2312-C-4100,154.2,0.0,0.0,0.0,1,137.0,139.2,6,154.2,134.6,0.0,0.0,0.0,0.0,215
2023-05-10 10:00:06,IO2312-C-4100,IO2312-C-4100,154.2,0.0,0.0,0.0,1,137.0,139.4,6,154.2,134.6,0.0,0.0,0.0,0.0,215
2023-05-10 10:00:06,IO2312-C-4100,IO2312-C-4100,154.2,0.0,0.0,0.0,1,137.0,139.4,9,154.2,134.6,0.0,0.0,0.0,0.0,215
2023-05-10 10:00:07,IO2312-C-4100,IO2312-C-4100,154.2,0.0,0.0,0.0,1,137.0,139.2,6,154.2,134.6,0.0,0.0,0.0,0.0,215
2023-05-10 10:00:08,IO2312-C-4100,IO2312-C-4100,154.2,0.0,0.0,0.0,1,137.0,139.4,6,154.2,134.6,0.0,0.0,0.0,0.0,215
2023-05-10 10:00:11,IO2312-C-4100,IO2312-C-4100,154.2,0.0,0.0,0.0,1,137.0,139.6,12,154.2,134.6,0.0,0.0,0.0,0.0,215
2023-05-10 10:00:12,IO2312-C-4100,IO2312-C-4100,154.2,0.0,0.0,0.0,1,137.0,139.6,6,154.2,134.6,0.0,0.0,0.0,0.0,215
2023-05-10 10:00:23,IO2312-C-4100,IO2312-C-4100,154.2,0.0,0.0,0.0,1,137.0,139.6,9,154.2,134.6,0.0,0.0,0.0,0.0,215
2023-05-10 10:00:25,IO2312-C-4100,IO2312-C-4100,154.2,0.0,0.0,0.0,1,137.0,139.6,6,154.2,134.6,0.0,0.0,0.0,0.0,215
2023-05-10 10:00:25,IO2312-C-4100,IO2312-C-4100,154.2,0.0,0.0,0.0,1,137.0,139.6,9,154.2,134.6,0.0,0.0,0.0,0.0,215
2023-05-10 10:00:26,IO2312-C-4100,IO2312-C-4100,154.2,0.0,0.0,0.0,1,137.0,139.6,6,154.2,134.6,0.0,0.0,0.0,0.0,215
2023-05-10 10:00:54,IO2312-C-4100,IO2312-C-4100,154.2,0.0,0.0,0.0,1,137.0,139.8,18,154.2,134.6,0.0,0.0,0.0,0.0,215
2023-05-10 10:00:54,IO2312-C-4100,IO2312-C-4100,154.2,0.0,0.0,0.0,1,137.0,139.8,12,154.2,134.6,0.0,0.0,0.0,0.0,215
2023-05-10 10:00:55,IO2312-C-4100,IO2312-C-4100,154.2,0.0,0.0,0.0,1,137.0,139.8,6,154.2,134.6,0.0,0.0,0.0,0.0,215
2023-05-10 10:01:01,IO2312-C-4100,IO2312-C-4100,154.2,0.0,0.0,0.0,1,137.0,139.8,9,154.2,134.6,0.0,0.0,0.0,0.0,215
2023-05-10 10:01:02,IO2312-C-4100,IO2312-C-4100,154.2,0.0,0.0,0.0,1,137.0,139.6,6,154.2,134.6,0.0,0.0,0.0,0.0,215
2023-05-10 10:01:02,IO2312-C-4100,IO2312-C-4100,154.2,0.0,0.0,0.0,1,137.0,139.6,9,154.2,134.6,0.0,0.0,0.0,0.0,215
2023-05-10 10:01:03,IO2312-C-4100,IO2312-C-4100,154.2,0.0,0.0,0.0,1,137.0,139.6,6,154.2,134.6,0.0,0.0,0.0,0.0,215
2023-05-10 10:01:03,IO2312-C-4100,IO2312-C-4100,154.2,0.0,0.0,0.0,1,137.0,139.8,6,154.2,134.6,0.0,0.0,0.0,0.0,215
2023-05-10 10:01:19,IO2312-C-4100,IO2312-C-4100,154.2,0.0,0.0,0.0,1,137.0,139.6,3,154.2,134.6,0.0,0.0,0.0,0.0,215
2023-05-10 10:01:20,IO2312-C-4100,IO2312-C-4100,154.2,0.0,0.0,0.0,1,137.0,139.4,6,154.2,134.6,0.0,0.0,0.0,0.0,215
2023-05-10 10:01:20,IO2312-C-4100,IO2312-C-4100,154.2,0.0,0.0,0.0,1,137.0,139.8,12,154.2,134.6,0.0,0.0,0.0,0.0,215
2023-05-10 10:01:21,IO2312-C-4100,IO2312-C-4100,154.2,0.0,0.0,0.0,1,137.0,139.6,9,154.2,134.6,0.0,0.0,0.0,0.0,215
2023-05-10 10:01:21,IO2312-C-4100,IO2312-C-4100,154.2,0.0,0.0,0.0,1,137.0,139.4,6,154.2,134.6,0.0,0.0,0.0,0.0,215
2023-05-10 10:01:22,IO2312-C-4100,IO2312-C-4100,154.2,0.0,0.0,0.0,1,137.0,139.6,6,154.2,134.6,0.0,0.0,0.0,0.0,215
2023-05-10 10:01:24,IO2312-C-4100,IO2312-C-4100,154.2,0.0,0.0,0.0,1,137.0,139.6,9,154.2,134.6,0.0,0.0,0.0,0.0,215
2023-05-10 10:01:24,IO2312-C-4100,IO2312-C-4100,154.2,0.0,0.0,0.0,1,137.0,139.4,6,154.2,134.6,0.0,0.0,0.0,0.0,215
2023-05-10 10:01:25,IO2312-C-4100,IO2312-C-4100,154.2,0.0,0.0,0.0,1,137.0,139.6,6,154.2,134.6,0.0,0.0,0.0,0.0,215
2023-05-10 10:01:26,IO2312-C-4100,IO2312-C-4100,154.2,0.0,0.0,0.0,1,137.0,139.6,9,154.2,134.6,0.0,0.0,0.0,0.0,215
2023-05-10 10:01:26,IO2312-C-4100,IO2312-C-4100,154.2,0.0,0.0,0.0,1,137.0,139.4,6,154.2,134.6,0.0,0.0,0.0,0.0,215
2023-05-10 10:01:27,IO2312-C-4100,IO2312-C-4100,154.2,0.0,0.0,0.0,1,137.0,139.6,6,154.2,134.6,0.0,0.0,0.0,0.0,215
2023-05-10 10:01:39,IO2312-C-4100,IO2312-C-4100,154.2,0.0,0.0,0.0,1,137.0,139.6,12,154.2,134.6,0.0,0.0,0.0,0.0,215
2023-05-10 10:01:40,IO2312-C-4100,IO2312-C-4100,154.2,0.0,0.0,0.0,1,137.0,139.4,6,154.2,134.6,0.0,0.0,0.0,0.0,215
2023-05-10 10:01:54,IO2312-C-4100,IO2312-C-4100,154.2,0.0,0.0,0.0,1,137.0,139.6,12,154.2,134.6,0.0,0.0,0.0,0.0,215
2023-05-10 10:01:54,IO2312-C-4100,IO2312-C-4100,154.2,0.0,0.0,0.0,1,137.0,139.6,6,154.2,134.6,0.0,0.0,0.0,0.0,215
2023-05-10 10:02:02,IO2312-C-4100,IO2312-C-4100,154.2,0.0,0.0,0.0,1,137.0,139.6,12,154.2,134.6,0.0,0.0,0.0,0.0,215
2023-05-10 10:02:02,IO2312-C-4100,IO2312-C-4100,154.2,0.0,0.0,0.0,1,137.0,139.4,6,154.2,134.6,0.0,0.0,0.0,0.0,215
2023-05-10 10:02:49,IO2312-C-4100,IO2312-C-4100,154.2,0.0,0.0,0.0,1,137.0,139.4,9,154.2,134.6,0.0,0.0,0.0,0.0,215
2023-05-10 10:02:50,IO2312-C-4100,IO2312-C-4100,154.2,0.0,0.0,0.0,1,137.0,139.4,6,154.2,134.6,0.0,0.0,0.0,0.0,215
2023-05-10 10:02:51,IO2312-C-4100,IO2312-C-4100,154.2,0.0,0.0,0.0,1,137.0,139.4,9,154.2,134.6,0.0,0.0,0.0,0.0,215
2023-05-10 10:02:51,IO2312-C-4100,IO2312-C-4100,154.2,0.0,0.0,0.0,1,137.0,139.4,6,154.2,134.6,0.0,0.0,0.0,0.0,215
2023-05-10 10:02:52,IO2312-C-4100,IO2312-C-4100,154.2,0.0,0.0,0.0,1,137.0,139.4,9,154.2,134.6,0.0,0.0,0.0,0.0,215
2023-05-10 10:02:53,IO2312-C-4100,IO2312-C-4100,154.2,0.0,0.0,0.0,1,137.0,139.4,6,154.2,134.6,0.0,0.0,0.0,0.0,215
2023-05-10 10:03:01,IO2312-C-4100,IO2312-C-4100,154.2,0.0,0.0,0.0,1,137.0,139.2,3,154.2,134.6,0.0,0.0,0.0,0.0,215
2023-05-10 10:03:01,IO2312-C-4100,IO2312-C-4100,154.2,0.0,0.0,0.0,1,137.0,139.2,9,154.2,134.6,0.0,0.0,0.0,0.0,215
2023-05-10 10:03:04,IO2312-C-4100,IO2312-C-4100,154.2,0.0,0.0,0.0,1,137.0,139.2,6,154.2,134.6,0.0,0.0,0.0,0.0,215
2023-05-10 10:03:09,IO2312-C-4100,IO2312-C-4100,154.2,0.0,0.0,0.0,1,137.0,139.4,18,154.2,134.6,0.0,0.0,0.0,0.0,215
2023-05-10 10:03:09,IO2312-C-4100,IO2312-C-4100,154.2,0.0,0.0,0.0,1,137.0,139.4,12,154.2,134.6,0.0,0.0,0.0,0.0,215
2023-05-10 10:03:10,IO2312-C-4100,IO2312-C-4100,154.2,0.0,0.0,0.0,1,137.0,139.4,6,154.2,134.6,0.0,0.0,0.0,0.0,215
2023-05-10 10:03:54,IO2312-C-4100,IO2312-C-4100,154.2,0.0,0.0,0.0,1,137.0,139.6,24,154.2,134.6,0.0,0.0,0.0,0.0,215
2023-05-10 10:03:55,IO2312-C-4100,IO2312-C-4100,154.2,0.0,0.0,0.0,1,137.0,139.6,12,154.2,134.6,0.0,0.0,0.0,0.0,215
2023-05-10 10:03:55,IO2312-C-4100,IO2312-C-4100,154.2,0.0,0.0,0.0,1,137.0,139.6,6,154.2,134.6,0.0,0.0,0.0,0.0,215
2023-05-10 10:04:00,IO2312-C-4100,IO2312-C-4100,154.2,0.0,0.0,0.0,1,137.0,139.4,3,154.2,134.6,0.0,0.0,0.0,0.0,215
2023-05-10 10:04:01,IO2312-C-4100,IO2312-C-4100,154.2,0.0,0.0,0.0,1,137.0,139.2,6,154.2,134.6,0.0,0.0,0.0,0.0,215
2023-05-10 10:04:02,IO2312-C-4100,IO2312-C-4100,154.2,0.0,0.0,0.0,1,137.0,139.4,6,154.2,134.6,0.0,0.0,0.0,0.0,215
2023-05-10 10:04:02,IO2312-C-4100,IO2312-C-4100,154.2,0.0,0.0,0.0,1,137.0,139.4,9,154.2,134.6,0.0,0.0,0.0,0.0,215
2023-05-10 10:04:03,IO2312-C-4100,IO2312-C-4100,154.2,0.0,0.0,0.0,1,137.0,139.2,6,154.2,134.6,0.0,0.0,0.0,0.0,215
2023-05-10 10:04:03,IO2312-C-4100,IO2312-C-4100,154.2,0.0,0.0,0.0,1,137.0,139.4,6,154.2,134.6,0.0,0.0,0.0,0.0,215
2023-05-10 10:04:13,IO2312-C-4100,IO2312-C-4100,154.2,0.0,0.0,0.0,1,137.0,139.6,6,154.2,134.6,0.0,0.0,0.0,0.0,215
2023-05-10 10:04:23,IO2312-C-4100,IO2312-C-4100,154.2,0.0,0.0,0.0,1,137.0,139.6,15,154.2,134.6,0.0,0.0,0.0,0.0,215
2023-05-10 10:04:23,IO2312-C-4100,IO2312-C-4100,154.2,0.0,0.0,0.0,1,137.0,139.4,6,154.2,134.6,0.0,0.0,0.0,0.0,215
2023-05-10 10:04:30,IO2312-C-4100,IO2312-C-4100,154.2,0.0,0.0,0.0,1,137.0,139.4,9,154.2,134.6,0.0,0.0,0.0,0.0,215
2023-05-10 10:04:31,IO2312-C-4100,IO2312-C-4100,154.2,0.0,0.0,0.0,1,137.0,139.2,6,154.2,134.6,0.0,0.0,0.0,0.0,215
2023-05-10 10:04:34,IO2312-C-4100,IO2312-C-4100,154.2,0.0,0.0,0.0,1,137.0,139.2,9,154.2,134.6,0.0,0.0,0.0,0.0,215
2023-05-10 10:04:35,IO2312-C-4100,IO2312-C-4100,154.2,0.0,0.0,0.0,1,137.0,139.2,6,154.2,134.6,0.0,0.0,0.0,0.0,215
2023-05-10 10:04:37,IO2312-C-4100,IO2312-C-4100,154.2,0.0,0.0,0.0,1,137.0,139.2,9,154.2,134.6,0.0,0.0,0.0,0.0,215
2023-05-10 10:04:40,IO2312-C-4100,IO2312-C-4100,154.2,0.0,0.0,0.0,1,137.0,139.0,6,154.2,134.6,0.0,0.0,0.0,0.0,215
2023-05-10 10:04:41,IO2312-C-4100,IO2312-C-4100,154.2,0.0,0.0,0.0,1,137.0,139.0,12,154.2,134.6,0.0,0.0,0.0,0.0,215
2023-05-10 10:04:41,IO2312-C-4100,IO2312-C-4100,154.2,0.0,0.0,0.0,1,137.0,138.8,6,154.2,134.6,0.0,0.0,0.0,0.0,215
2023-05-10 10:04:56,IO2312-C-4100,IO2312-C-4100,154.2,0.0,0.0,0.0,1,136.4,138.8,6,154.2,134.6,0.0,0.0,0.0,0.0,215
2023-05-10 10:05:29,IO2312-C-4100,IO2312-C-4100,154.2,0.0,0.0,0.0,1,136.4,139.0,6,154.2,134.6,0.0,0.0,0.0,0.0,215
2023-05-10 10:05:33,IO2312-C-4100,IO2312-C-4100,154.2,0.0,0.0,0.0,1,136.4,139.2,30,154.2,134.6,0.0,0.0,0.0,0.0,215
2023-05-10 10:05:34,IO2312-C-4100,IO2312-C-4100,154.2,0.0,0.0,0.0,1,136.4,139.2,18,154.2,134.6,0.0,0.0,0.0,0.0,215
2023-05-10 10:05:41,IO2312-C-4100,IO2312-C-4100,154.2,0.0,0.0,0.0,1,136.4,139.0,6,154.2,134.6,0.0,0.0,0.0,0.0,215
2023-05-10 10:05:42,IO2312-C-4100,IO2312-C-4100,154.2,0.0,0.0,0.0,1,136.4,139.2,18,154.2,134.6,0.0,0.0,0.0,0.0,215
2023-05-10 10:05:51,IO2312-C-4100,IO2312-C-4100,154.2,0.0,0.0,0.0,1,136.4,139.0,6,154.2,134.6,0.0,0.0,0.0,0.0,215
2023-05-10 10:06:15,IO2312-C-4100,IO2312-C-4100,154.2,0.0,0.0,0.0,1,136.4,139.2,12,154.2,134.6,0.0,0.0,0.0,0.0,215
2023-05-10 10:06:15,IO2312-C-4100,IO2312-C-4100,154.2,0.0,0.0,0.0,1,136.4,139.4,36,154.2,134.6,0.0,0.0,0.0,0.0,215
2023-05-10 10:06:16,IO2312-C-4100,IO2312-C-4100,154.2,0.0,0.0,0.0,1,136.4,139.4,12,154.2,134.6,0.0,0.0,0.0,0.0,215
2023-05-10 10:06:16,IO2312-C-4100,IO2312-C-4100,154.2,0.0,0.0,0.0,1,136.4,139.2,6,154.2,134.6,0.0,0.0,0.0,0.0,215
2023-05-10 10:06:17,IO2312-C-4100,IO2312-C-4100,154.2,0.0,0.0,0.0,1,136.4,139.4,6,154.2,134.6,0.0,0.0,0.0,0.0,215
2023-05-10 10:07:00,IO2312-C-4100,IO2312-C-4100,154.2,0.0,0.0,0.0,1,136.4,139.6,18,154.2,134.6,0.0,0.0,0.0,0.0,215
2023-05-10 10:07:01,IO2312-C-4100,IO2312-C-4100,154.2,0.0,0.0,0.0,1,136.4,139.6,12,154.2,134.6,0.0,0.0,0.0,0.0,215
2023-05-10 10:07:01,IO2312-C-4100,IO2312-C-4100,154.2,0.0,0.0,0.0,1,136.4,139.6,6,154.2,134.6,0.0,0.0,0.0,0.0,215
2023-05-10 10:07:16,IO2312-C-4100,IO2312-C-4100,154.2,0.0,0.0,0.0,1,136.4,139.6,9,154.2,134.6,0.0,0.0,0.0,0.0,215
2023-05-10 10:07:16,IO2312-C-4100,IO2312-C-4100,154.2,0.0,0.0,0.0,1,136.4,139.4,6,154.2,134.6,0.0,0.0,0.0,0.0,215
2023-05-10 10:07:17,IO2312-C-4100,IO2312-C-4100,154.2,0.0,0.0,0.0,1,136.4,139.4,9,154.2,134.6,0.0,0.0,0.0,0.0,215
2023-05-10 10:07:17,IO2312-C-4100,IO2312-C-4100,154.2,0.0,0.0,0.0,1,136.4,139.2,6,154.2,134.6,0.0,0.0,0.0,0.0,215
2023-05-10 10:07:18,IO2312-C-4100,IO2312-C-4100,154.2,0.0,0.0,0.0,1,136.4,139.4,6,154.2,134.6,0.0,0.0,0.0,0.0,215
2023-05-10 10:07:19,IO2312-C-4100,IO2312-C-4100,154.2,0.0,0.0,0.0,1,136.4,139.2,3,154.2,134.6,0.0,0.0,0.0,0.0,215
2023-05-10 10:07:19,IO2312-C-4100,IO2312-C-4100,154.2,0.0,0.0,0.0,1,136.4,139.0,6,154.2,134.6,0.0,0.0,0.0,0.0,215
2023-05-10 10:07:20,IO2312-C-4100,IO2312-C-4100,154.2,0.0,0.0,0.0,1,136.4,139.4,6,154.2,134.6,0.0,0.0,0.0,0.0,215
2023-05-10 10:07:21,IO2312-C-4100,IO2312-C-4100,154.2,0.0,0.0,0.0,1,136.4,139.2,3,154.2,134.6,0.0,0.0,0.0,0.0,215
2023-05-10 10:07:21,IO2312-C-4100,IO2312-C-4100,154.2,0.0,0.0,0.0,1,136.4,139.0,6,154.2,134.6,0.0,0.0,0.0,0.0,215
2023-05-10 10:07:22,IO2312-C-4100,IO2312-C-4100,154.2,0.0,0.0,0.0,1,136.4,139.2,6,154.2,134.6,0.0,0.0,0.0,0.0,215
2023-05-10 10:07:26,IO2312-C-4100,IO2312-C-4100,154.2,0.0,0.0,0.0,1,136.4,139.6,6,154.2,134.6,0.0,0.0,0.0,0.0,215
2023-05-10 10:07:27,IO2312-C-4100,IO2312-C-4100,154.2,0.0,0.0,0.0,1,136.4,139.6,9,154.2,134.6,0.0,0.0,0.0,0.0,215
2023-05-10 10:07:27,IO2312-C-4100,IO2312-C-4100,154.2,0.0,0.0,0.0,1,136.4,139.4,6,154.2,134.6,0.0,0.0,0.0,0.0,215
2023-05-10 10:07:28,IO2312-C-4100,IO2312-C-4100,154.2,0.0,0.0,0.0,1,136.4,139.4,9,154.2,134.6,0.0,0.0,0.0,0.0,215
2023-05-10 10:07:28,IO2312-C-4100,IO2312-C-4100,154.2,0.0,0.0,0.0,1,136.4,139.2,6,154.2,134.6,0.0,0.0,0.0,0.0,215
2023-05-10 10:07:29,IO2312-C-4100,IO2312-C-4100,154.2,0.0,0.0,0.0,1,136.4,139.6,6,154.2,134.6,0.0,0.0,0.0,0.0,215
2023-05-10 10:07:30,IO2312-C-4100,IO2312-C-4100,154.2,0.0,0.0,0.0,1,136.4,139.4,3,154.2,134.6,0.0,0.0,0.0,0.0,215
2023-05-10 10:07:30,IO2312-C-4100,IO2312-C-4100,154.2,0.0,0.0,0.0,1,136.4,139.2,6,154.2,134.6,0.0,0.0,0.0,0.0,215
2023-05-10 10:07:31,IO2312-C-4100,IO2312-C-4100,154.2,0.0,0.0,0.0,1,136.4,139.6,6,154.2,134.6,0.0,0.0,0.0,0.0,215
2023-05-10 10:07:32,IO2312-C-4100,IO2312-C-4100,154.2,0.0,0.0,0.0,1,136.4,139.4,3,154.2,134.6,0.0,0.0,0.0,0.0,215
2023-05-10 10:07:32,IO2312-C-4100,IO2312-C-4100,154.2,0.0,0.0,0.0,1,136.4,139.2,6,154.2,134.6,0.0,0.0,0.0,0.0,215
2023-05-10 10:07:33,IO2312-C-4100,IO2312-C-4100,154.2,0.0,0.0,0.0,1,136.4,139.6,6,154.2,134.6,0.0,0.0,0.0,0.0,215
2023-05-10 10:07:34,IO2312-C-4100,IO2312-C-4100,154.2,0.0,0.0,0.0,1,136.4,139.4,3,154.2,134.6,0.0,0.0,0.0,0.0,215
2023-05-10 10:07:34,IO2312-C-4100,IO2312-C-4100,154.2,0.0,0.0,0.0,1,136.4,139.2,6,154.2,134.6,0.0,0.0,0.0,0.0,215
2023-05-10 10:07:35,IO2312-C-4100,IO2312-C-4100,154.2,0.0,0.0,0.0,1,136.4,139.2,9,154.2,134.6,0.0,0.0,0.0,0.0,215
2023-05-10 10:07:35,IO2312-C-4100,IO2312-C-4100,154.2,0.0,0.0,0.0,1,136.4,139.0,6,154.2,134.6,0.0,0.0,0.0,0.0,215
2023-05-10 10:07:38,IO2312-C-4100,IO2312-C-4100,154.2,0.0,0.0,0.0,1,136.4,139.2,6,154.2,134.6,0.0,0.0,0.0,0.0,215
2023-05-10 10:07:41,IO2312-C-4100,IO2312-C-4100,154.2,0.0,0.0,0.0,1,136.4,139.2,9,154.2,134.6,0.0,0.0,0.0,0.0,215
2023-05-10 10:07:42,IO2312-C-4100,IO2312-C-4100,154.2,0.0,0.0,0.0,1,136.4,139.0,6,154.2,134.6,0.0,0.0,0.0,0.0,215
2023-05-10 10:07:42,IO2312-C-4100,IO2312-C-4100,154.2,0.0,0.0,0.0,1,136.4,139.0,9,154.2,134.6,0.0,0.0,0.0,0.0,215
2023-05-10 10:07:43,IO2312-C-4100,IO2312-C-4100,154.2,0.0,0.0,0.0,1,136.4,138.8,6,154.2,134.6,0.0,0.0,0.0,0.0,215
2023-05-10 10:07:44,IO2312-C-4100,IO2312-C-4100,154.2,0.0,0.0,0.0,1,136.4,139.2,6,154.2,134.6,0.0,0.0,0.0,0.0,215
2023-05-10 10:07:44,IO2312-C-4100,IO2312-C-4100,154.2,0.0,0.0,0.0,1,136.4,139.2,9,154.2,134.6,0.0,0.0,0.0,0.0,215
2023-05-10 10:07:45,IO2312-C-4100,IO2312-C-4100,154.2,0.0,0.0,0.0,1,136.4,139.0,6,154.2,134.6,0.0,0.0,0.0,0.0,215
2023-05-10 10:07:46,IO2312-C-4100,IO2312-C-4100,154.2,0.0,0.0,0.0,1,136.4,139.2,6,154.2,134.6,0.0,0.0,0.0,0.0,215
2023-05-10 10:07:46,IO2312-C-4100,IO2312-C-4100,154.2,0.0,0.0,0.0,1,136.4,139.2,9,154.2,134.6,0.0,0.0,0.0,0.0,215
2023-05-10 10:07:47,IO2312-C-4100,IO2312-C-4100,154.2,0.0,0.0,0.0,1,136.4,139.0,6,154.2,134.6,0.0,0.0,0.0,0.0,215
2023-05-10 10:07:48,IO2312-C-4100,IO2312-C-4100,154.2,0.0,0.0,0.0,1,136.4,139.2,6,154.2,134.6,0.0,0.0,0.0,0.0,215
2023-05-10 10:07:51,IO2312-C-4100,IO2312-C-4100,154.2,0.0,0.0,0.0,1,136.4,139.2,9,154.2,134.6,0.0,0.0,0.0,0.0,215
2023-05-10 10:07:51,IO2312-C-4100,IO2312-C-4100,154.2,0.0,0.0,0.0,1,136.4,139.0,6,154.2,134.6,0.0,0.0,0.0,0.0,215
2023-05-10 10:07:52,IO2312-C-4100,IO2312-C-4100,154.2,0.0,0.0,0.0,1,136.4,139.0,9,154.2,134.6,0.0,0.0,0.0,0.0,215
2023-05-10 10:07:52,IO2312-C-4100,IO2312-C-4100,154.2,0.0,0.0,0.0,1,136.4,138.8,6,154.2,134.6,0.0,0.0,0.0,0.0,215
2023-05-10 10:07:53,IO2312-C-4100,IO2312-C-4100,154.2,0.0,0.0,0.0,1,136.4,139.2,6,154.2,134.6,0.0,0.0,0.0,0.0,215
2023-05-10 10:07:53,IO2312-C-4100,IO2312-C-4100,154.2,0.0,0.0,0.0,1,136.4,139.0,3,154.2,134.6,0.0,0.0,0.0,0.0,215
2023-05-10 10:07:54,IO2312-C-4100,IO2312-C-4100,154.2,0.0,0.0,0.0,1,136.4,138.8,6,154.2,134.6,0.0,0.0,0.0,0.0,215
2023-05-10 10:08:03,IO2312-C-4100,IO2312-C-4100,154.2,0.0,0.0,0.0,1,136.4,138.8,9,154.2,134.6,0.0,0.0,0.0,0.0,215
2023-05-10 10:08:04,IO2312-C-4100,IO2312-C-4100,154.2,0.0,0.0,0.0,1,136.4,138.6,6,154.2,134.6,0.0,0.0,0.0,0.0,215
2023-05-10 10:08:04,IO2312-C-4100,IO2312-C-4100,154.2,0.0,0.0,0.0,1,136.4,138.6,9,154.2,134.6,0.0,0.0,0.0,0.0,215
2023-05-10 10:08:05,IO2312-C-4100,IO2312-C-4100,154.2,0.0,0.0,0.0,1,136.4,138.6,12,154.2,134.6,0.0,0.0,0.0,0.0,215
2023-05-10 10:08:05,IO2312-C-4100,IO2312-C-4100,154.2,0.0,0.0,0.0,1,136.4,138.6,6,154.2,134.6,0.0,0.0,0.0,0.0,215
2023-05-10 10:08:06,IO2312-C-4100,IO2312-C-4100,154.2,0.0,0.0,0.0,1,136.4,138.6,9,154.2,134.6,0.0,0.0,0.0,0.0,215
2023-05-10 10:08:07,IO2312-C-4100,IO2312-C-4100,154.2,0.0,0.0,0.0,1,136.4,138.6,6,154.2,134.6,0.0,0.0,0.0,0.0,215
2023-05-10 10:08:14,IO2312-C-4100,IO2312-C-4100,154.2,0.0,0.0,0.0,1,136.4,138.6,9,154.2,134.6,0.0,0.0,0.0,0.0,215
2023-05-10 10:08:14,IO2312-C-4100,IO2312-C-4100,154.2,0.0,0.0,0.0,1,136.4,138.6,6,154.2,134.6,0.0,0.0,0.0,0.0,215
2023-05-10 10:08:16,IO2312-C-4100,IO2312-C-4100,154.2,0.0,0.0,0.0,13,135.8,138.6,6,154.2,134.6,0.0,0.0,0.0,0.0,215
2023-05-10 10:08:17,IO2312-C-4100,IO2312-C-4100,154.2,0.0,0.0,0.0,7,135.8,138.6,9,154.2,134.6,0.0,0.0,0.0,0.0,215
2023-05-10 10:08:17,IO2312-C-4100,IO2312-C-4100,154.2,0.0,0.0,0.0,1,135.8,138.4,6,154.2,134.6,0.0,0.0,0.0,0.0,215
2023-05-10 10:08:18,IO2312-C-4100,IO2312-C-4100,154.2,0.0,0.0,0.0,1,135.8,138.6,6,154.2,134.6,0.0,0.0,0.0,0.0,215
2023-05-10 10:08:19,IO2312-C-4100,IO2312-C-4100,154.2,0.0,0.0,0.0,1,135.8,138.6,9,154.2,134.6,0.0,0.0,0.0,0.0,215
2023-05-10 10:08:20,IO2312-C-4100,IO2312-C-4100,154.2,0.0,0.0,0.0,1,135.8,138.4,6,154.2,134.6,0.0,0.0,0.0,0.0,215
2023-05-10 10:08:21,IO2312-C-4100,IO2312-C-4100,154.2,0.0,0.0,0.0,1,135.8,138.4,9,154.2,134.6,0.0,0.0,0.0,0.0,215
2023-05-10 10:08:21,IO2312-C-4100,IO2312-C-4100,154.2,0.0,0.0,0.0,1,135.8,138.2,6,154.2,134.6,0.0,0.0,0.0,0.0,215
2023-05-10 10:08:22,IO2312-C-4100,IO2312-C-4100,154.2,0.0,0.0,0.0,1,135.8,138.2,9,154.2,134.6,0.0,0.0,0.0,0.0,215
2023-05-10 10:08:22,IO2312-C-4100,IO2312-C-4100,154.2,0.0,0.0,0.0,1,135.8,138.2,6,154.2,134.6,0.0,0.0,0.0,0.0,215
2023-05-10 10:08:23,IO2312-C-4100,IO2312-C-4100,154.2,0.0,0.0,0.0,1,135.8,138.4,9,154.2,134.6,0.0,0.0,0.0,0.0,215
2023-05-10 10:08:23,IO2312-C-4100,IO2312-C-4100,154.2,0.0,0.0,0.0,1,135.8,138.2,6,154.2,134.6,0.0,0.0,0.0,0.0,215
2023-05-10 10:08:44,IO2312-C-4100,IO2312-C-4100,154.2,0.0,0.0,0.0,1,135.8,138.4,6,154.2,134.6,0.0,0.0,0.0,0.0,215
2023-05-10 10:08:57,IO2312-C-4100,IO2312-C-4100,154.2,0.0,0.0,0.0,1,135.8,138.4,9,154.2,134.6,0.0,0.0,0.0,0.0,215
2023-05-10 10:08:57,IO2312-C-4100,IO2312-C-4100,154.2,0.0,0.0,0.0,1,135.8,138.2,6,154.2,134.6,0.0,0.0,0.0,0.0,215
2023-05-10 10:08:58,IO2312-C-4100,IO2312-C-4100,154.2,0.0,0.0,0.0,1,135.8,138.4,6,154.2,134.6,0.0,0.0,0.0,0.0,215
2023-05-10 10:08:59,IO2312-C-4100,IO2312-C-4100,154.2,0.0,0.0,0.0,1,135.8,138.4,9,154.2,134.6,0.0,0.0,0.0,0.0,215
2023-05-10 10:09:00,IO2312-C-4100,IO2312-C-4100,154.2,0.0,0.0,0.0,1,135.8,138.2,6,154.2,134.6,0.0,0.0,0.0,0.0,215
2023-05-10 10:09:10,IO2312-C-4100,IO2312-C-4100,154.2,0.0,0.0,0.0,1,135.8,138.0,3,154.2,134.6,0.0,0.0,0.0,0.0,215
2023-05-10 10:09:10,IO2312-C-4100,IO2312-C-4100,154.2,0.0,0.0,0.0,1,135.8,138.0,6,154.2,134.6,0.0,0.0,0.0,0.0,215
2023-05-10 10:09:11,IO2312-C-4100,IO2312-C-4100,154.2,0.0,0.0,0.0,1,135.8,138.4,6,154.2,134.6,0.0,0.0,0.0,0.0,215
2023-05-10 10:09:11,IO2312-C-4100,IO2312-C-4100,154.2,0.0,0.0,0.0,1,135.8,138.2,3,154.2,134.6,0.0,0.0,0.0,0.0,215
2023-05-10 10:09:12,IO2312-C-4100,IO2312-C-4100,154.2,0.0,0.0,0.0,1,135.8,138.0,6,154.2,134.6,0.0,0.0,0.0,0.0,215
2023-05-10 10:09:13,IO2312-C-4100,IO2312-C-4100,154.2,0.0,0.0,0.0,1,135.8,138.0,3,154.2,134.6,0.0,0.0,0.0,0.0,215
2023-05-10 10:09:13,IO2312-C-4100,IO2312-C-4100,154.2,0.0,0.0,0.0,1,135.8,138.0,6,154.2,134.6,0.0,0.0,0.0,0.0,215
2023-05-10 10:09:14,IO2312-C-4100,IO2312-C-4100,154.2,0.0,0.0,0.0,1,135.8,138.4,6,154.2,134.6,0.0,0.0,0.0,0.0,215
2023-05-10 10:09:14,IO2312-C-4100,IO2312-C-4100,154.2,0.0,0.0,0.0,1,135.8,138.2,3,154.2,134.6,0.0,0.0,0.0,0.0,215
2023-05-10 10:09:15,IO2312-C-4100,IO2312-C-4100,154.2,0.0,0.0,0.0,1,135.8,138.0,6,154.2,134.6,0.0,0.0,0.0,0.0,215
2023-05-10 10:09:16,IO2312-C-4100,IO2312-C-4100,154.2,0.0,0.0,0.0,1,135.8,138.4,6,154.2,134.6,0.0,0.0,0.0,0.0,215
2023-05-10 10:09:16,IO2312-C-4100,IO2312-C-4100,154.2,0.0,0.0,0.0,1,135.8,138.4,9,154.2,134.6,0.0,0.0,0.0,0.0,215
2023-05-10 10:09:17,IO2312-C-4100,IO2312-C-4100,154.2,0.0,0.0,0.0,1,135.8,138.2,6,154.2,134.6,0.0,0.0,0.0,0.0,215
2023-05-10 10:09:17,IO2312-C-4100,IO2312-C-4100,154.2,0.0,0.0,0.0,1,135.8,138.4,6,154.2,134.6,0.0,0.0,0.0,0.0,215
2023-05-10 10:09:18,IO2312-C-4100,IO2312-C-4100,154.2,0.0,0.0,0.0,1,135.8,138.4,9,154.2,134.6,0.0,0.0,0.0,0.0,215
2023-05-10 10:09:18,IO2312-C-4100,IO2312-C-4100,154.2,0.0,0.0,0.0,1,135.8,138.2,6,154.2,134.6,0.0,0.0,0.0,0.0,215
2023-05-10 10:09:19,IO2312-C-4100,IO2312-C-4100,154.2,0.0,0.0,0.0,1,135.8,138.4,6,154.2,134.6,0.0,0.0,0.0,0.0,215
2023-05-10 10:09:20,IO2312-C-4100,IO2312-C-4100,154.2,0.0,0.0,0.0,1,135.8,138.4,9,154.2,134.6,0.0,0.0,0.0,0.0,215
