time,symbol_id,symbol_name,last,trade_volume,trade_amount,open_interest_change,bv1,bp1,ap1,av1,yesterday_close,today_open,today_high,today_low,volume,amount,open_interest
2023-05-10 09:29:00,IO2312-P-3500,IO2312-P-3500,29.0,0.0,0.0,0.0,1,23.4,35.8,1,29.0,28.6,0.0,0.0,0.0,0.0,299
2023-05-10 09:30:00,IO2312-P-3500,IO2312-P-3500,29.0,0.0,0.0,0.0,1,23.4,35.6,6,29.0,28.6,0.0,0.0,0.0,0.0,299
2023-05-10 09:30:01,IO2312-P-3500,IO2312-P-3500,29.0,0.0,0.0,0.0,1,23.4,33.8,1,29.0,28.6,0.0,0.0,0.0,0.0,299
2023-05-10 09:30:01,IO2312-P-3500,IO2312-P-3500,29.0,0.0,0.0,0.0,6,23.6,33.8,1,29.0,28.6,0.0,0.0,0.0,0.0,299
2023-05-10 09:30:03,IO2312-P-3500,IO2312-P-3500,29.0,0.0,0.0,0.0,6,23.6,34.2,1,29.0,28.6,0.0,0.0,0.0,0.0,299
2023-05-10 09:30:12,IO2312-P-3500,IO2312-P-3500,29.0,0.0,0.0,0.0,3,23.8,34.0,3,29.0,28.6,0.0,0.0,0.0,0.0,299
2023-05-10 09:30:13,IO2312-P-3500,IO2312-P-3500,29.0,0.0,0.0,0.0,6,24.0,34.0,3,29.0,28.6,0.0,0.0,0.0,0.0,299
2023-05-10 09:30:13,IO2312-P-3500,IO2312-P-3500,29.0,0.0,0.0,0.0,3,24.2,34.0,3,29.0,28.6,0.0,0.0,0.0,0.0,299
2023-05-10 09:30:14,IO2312-P-3500,IO2312-P-3500,29.0,0.0,0.0,0.0,6,24.4,34.0,3,29.0,28.6,0.0,0.0,0.0,0.0,299
2023-05-10 09:30:14,IO2312-P-3500,IO2312-P-3500,29.0,0.0,0.0,0.0,3,24.6,34.0,3,29.0,28.6,0.0,0.0,0.0,0.0,299
2023-05-10 09:30:15,IO2312-P-3500,IO2312-P-3500,29.0,0.0,0.0,0.0,6,24.8,34.0,3,29.0,28.6,0.0,0.0,0.0,0.0,299
2023-05-10 09:30:15,IO2312-P-3500,IO2312-P-3500,29.0,0.0,0.0,0.0,3,25.0,34.0,3,29.0,28.6,0.0,0.0,0.0,0.0,299
2023-05-10 09:30:16,IO2312-P-3500,IO2312-P-3500,29.0,0.0,0.0,0.0,6,25.2,33.8,6,29.0,28.6,0.0,0.0,0.0,0.0,299
2023-05-10 09:30:16,IO2312-P-3500,IO2312-P-3500,29.0,0.0,0.0,0.0,3,25.4,33.6,3,29.0,28.6,0.0,0.0,0.0,0.0,299
2023-05-10 09:30:17,IO2312-P-3500,IO2312-P-3500,29.0,0.0,0.0,0.0,6,25.6,33.4,6,29.0,28.6,0.0,0.0,0.0,0.0,299
2023-05-10 09:30:17,IO2312-P-3500,IO2312-P-3500,29.0,0.0,0.0,0.0,3,25.8,33.2,3,29.0,28.6,0.0,0.0,0.0,0.0,299
2023-05-10 09:30:18,IO2312-P-3500,IO2312-P-3500,29.0,0.0,0.0,0.0,9,25.8,33.0,6,29.0,28.6,0.0,0.0,0.0,0.0,299
2023-05-10 09:30:18,IO2312-P-3500,IO2312-P-3500,29.0,0.0,0.0,0.0,9,25.8,32.8,3,29.0,28.6,0.0,0.0,0.0,0.0,299
2023-05-10 09:30:19,IO2312-P-3500,IO2312-P-3500,29.0,0.0,0.0,0.0,6,26.0,32.6,6,29.0,28.6,0.0,0.0,0.0,0.0,299
2023-05-10 09:30:19,IO2312-P-3500,IO2312-P-3500,29.0,0.0,0.0,0.0,3,26.2,32.4,3,29.0,28.6,0.0,0.0,0.0,0.0,299
2023-05-10 09:30:20,IO2312-P-3500,IO2312-P-3500,29.0,0.0,0.0,0.0,6,26.4,32.4,9,29.0,28.6,0.0,0.0,0.0,0.0,299
2023-05-10 09:30:20,IO2312-P-3500,IO2312-P-3500,29.0,0.0,0.0,0.0,9,26.4,32.4,9,29.0,28.6,0.0,0.0,0.0,0.0,299
2023-05-10 09:30:21,IO2312-P-3500,IO2312-P-3500,29.0,0.0,0.0,0.0,6,26.6,32.4,9,29.0,28.6,0.0,0.0,0.0,0.0,299
2023-05-10 09:30:22,IO2312-P-3500,IO2312-P-3500,29.0,0.0,0.0,0.0,6,27.8,31.2,6,29.0,28.6,0.0,0.0,0.0,0.0,299
2023-05-10 09:30:22,IO2312-P-3500,IO2312-P-3500,29.0,0.0,0.0,0.0,6,27.4,31.0,6,29.0,28.6,0.0,0.0,0.0,0.0,299
2023-05-10 09:30:23,IO2312-P-3500,IO2312-P-3500,29.0,0.0,0.0,0.0,6,22.4,34.2,1,29.0,28.6,0.0,0.0,0.0,0.0,299
2023-05-10 09:30:24,IO2312-P-3500,IO2312-P-3500,29.0,0.0,0.0,0.0,3,22.6,33.8,1,29.0,28.6,0.0,0.0,0.0,0.0,299
2023-05-10 09:30:24,IO2312-P-3500,IO2312-P-3500,29.0,0.0,0.0,0.0,3,22.6,33.6,9,29.0,28.6,0.0,0.0,0.0,0.0,299
2023-05-10 09:30:25,IO2312-P-3500,IO2312-P-3500,29.0,0.0,0.0,0.0,3,22.6,33.4,6,29.0,28.6,0.0,0.0,0.0,0.0,299
2023-05-10 09:30:25,IO2312-P-3500,IO2312-P-3500,29.0,0.0,0.0,0.0,6,27.6,30.4,6,29.0,28.6,0.0,0.0,0.0,0.0,299
2023-05-10 09:30:26,IO2312-P-3500,IO2312-P-3500,29.0,0.0,0.0,0.0,6,27.0,30.4,6,29.0,28.6,0.0,0.0,0.0,0.0,299
2023-05-10 09:30:27,IO2312-P-3500,IO2312-P-3500,29.0,0.0,0.0,0.0,6,26.4,30.4,6,29.0,28.6,0.0,0.0,0.0,0.0,299
2023-05-10 09:30:27,IO2312-P-3500,IO2312-P-3500,29.0,0.0,0.0,0.0,6,26.6,30.4,6,29.0,28.6,0.0,0.0,0.0,0.0,299
2023-05-10 09:30:28,IO2312-P-3500,IO2312-P-3500,29.0,0.0,0.0,0.0,9,26.6,30.4,6,29.0,28.6,0.0,0.0,0.0,0.0,299
2023-05-10 09:30:28,IO2312-P-3500,IO2312-P-3500,29.0,0.0,0.0,0.0,6,26.8,30.4,6,29.0,28.6,0.0,0.0,0.0,0.0,299
2023-05-10 09:30:30,IO2312-P-3500,IO2312-P-3500,29.0,0.0,0.0,0.0,3,26.8,30.4,9,29.0,28.6,0.0,0.0,0.0,0.0,299
2023-05-10 09:30:31,IO2312-P-3500,IO2312-P-3500,29.0,0.0,0.0,0.0,6,27.0,30.4,6,29.0,28.6,0.0,0.0,0.0,0.0,299
2023-05-10 09:30:31,IO2312-P-3500,IO2312-P-3500,29.0,0.0,0.0,0.0,9,27.0,30.4,9,29.0,28.6,0.0,0.0,0.0,0.0,299
2023-05-10 09:30:32,IO2312-P-3500,IO2312-P-3500,29.0,0.0,0.0,0.0,6,27.0,30.4,12,29.0,28.6,0.0,0.0,0.0,0.0,299
2023-05-10 09:30:32,IO2312-P-3500,IO2312-P-3500,29.0,0.0,0.0,0.0,9,27.0,30.4,15,29.0,28.6,0.0,0.0,0.0,0.0,299
2023-05-10 09:30:33,IO2312-P-3500,IO2312-P-3500,29.0,0.0,0.0,0.0,12,27.0,30.4,12,29.0,28.6,0.0,0.0,0.0,0.0,299
2023-05-10 09:30:33,IO2312-P-3500,IO2312-P-3500,29.0,0.0,0.0,0.0,6,27.2,30.4,15,29.0,28.6,0.0,0.0,0.0,0.0,299
2023-05-10 09:30:34,IO2312-P-3500,IO2312-P-3500,29.0,0.0,0.0,0.0,6,27.6,30.4,6,29.0,28.6,0.0,0.0,0.0,0.0,299
2023-05-10 09:30:34,IO2312-P-3500,IO2312-P-3500,29.0,0.0,0.0,0.0,9,27.6,30.4,9,29.0,28.6,0.0,0.0,0.0,0.0,299
2023-05-10 09:30:35,IO2312-P-3500,IO2312-P-3500,29.0,0.0,0.0,0.0,6,27.6,30.4,6,29.0,28.6,0.0,0.0,0.0,0.0,299
2023-05-10 09:30:35,IO2312-P-3500,IO2312-P-3500,29.0,0.0,0.0,0.0,9,27.6,30.4,9,29.0,28.6,0.0,0.0,0.0,0.0,299
2023-05-10 09:30:36,IO2312-P-3500,IO2312-P-3500,29.0,0.0,0.0,0.0,6,27.6,30.4,6,29.0,28.6,0.0,0.0,0.0,0.0,299
2023-05-10 09:30:36,IO2312-P-3500,IO2312-P-3500,29.0,0.0,0.0,0.0,9,27.6,30.4,9,29.0,28.6,0.0,0.0,0.0,0.0,299
2023-05-10 09:30:37,IO2312-P-3500,IO2312-P-3500,29.0,0.0,0.0,0.0,6,27.6,30.4,6,29.0,28.6,0.0,0.0,0.0,0.0,299
2023-05-10 09:30:37,IO2312-P-3500,IO2312-P-3500,29.0,0.0,0.0,0.0,9,27.6,30.4,9,29.0,28.6,0.0,0.0,0.0,0.0,299
2023-05-10 09:30:38,IO2312-P-3500,IO2312-P-3500,29.0,0.0,0.0,0.0,6,27.6,30.4,6,29.0,28.6,0.0,0.0,0.0,0.0,299
2023-05-10 09:30:38,IO2312-P-3500,IO2312-P-3500,29.0,0.0,0.0,0.0,9,27.6,30.4,9,29.0,28.6,0.0,0.0,0.0,0.0,299
2023-05-10 09:30:39,IO2312-P-3500,IO2312-P-3500,29.0,0.0,0.0,0.0,6,27.6,30.4,6,29.0,28.6,0.0,0.0,0.0,0.0,299
2023-05-10 09:30:39,IO2312-P-3500,IO2312-P-3500,29.0,0.0,0.0,0.0,9,27.6,30.4,9,29.0,28.6,0.0,0.0,0.0,0.0,299
2023-05-10 09:30:40,IO2312-P-3500,IO2312-P-3500,29.0,0.0,0.0,0.0,6,27.6,30.4,6,29.0,28.6,0.0,0.0,0.0,0.0,299
2023-05-10 09:30:40,IO2312-P-3500,IO2312-P-3500,29.0,0.0,0.0,0.0,9,27.6,30.4,9,29.0,28.6,0.0,0.0,0.0,0.0,299
2023-05-10 09:30:41,IO2312-P-3500,IO2312-P-3500,29.0,0.0,0.0,0.0,12,27.6,30.4,6,29.0,28.6,0.0,0.0,0.0,0.0,299
2023-05-10 09:30:41,IO2312-P-3500,IO2312-P-3500,29.0,0.0,0.0,0.0,15,27.6,30.4,9,29.0,28.6,0.0,0.0,0.0,0.0,299
2023-05-10 09:30:42,IO2312-P-3500,IO2312-P-3500,29.0,0.0,0.0,0.0,12,27.6,30.4,6,29.0,28.6,0.0,0.0,0.0,0.0,299
2023-05-10 09:30:42,IO2312-P-3500,IO2312-P-3500,29.0,0.0,0.0,0.0,12,27.6,30.4,9,29.0,28.6,0.0,0.0,0.0,0.0,299
2023-05-10 09:30:43,IO2312-P-3500,IO2312-P-3500,29.0,0.0,0.0,0.0,12,27.6,30.4,6,29.0,28.6,0.0,0.0,0.0,0.0,299
2023-05-10 09:30:43,IO2312-P-3500,IO2312-P-3500,29.0,0.0,0.0,0.0,12,27.6,30.4,9,29.0,28.6,0.0,0.0,0.0,0.0,299
2023-05-10 09:30:44,IO2312-P-3500,IO2312-P-3500,29.0,0.0,0.0,0.0,12,27.6,30.4,6,29.0,28.6,0.0,0.0,0.0,0.0,299
2023-05-10 09:30:44,IO2312-P-3500,IO2312-P-3500,29.0,0.0,0.0,0.0,12,27.6,30.4,9,29.0,28.6,0.0,0.0,0.0,0.0,299
2023-05-10 09:30:45,IO2312-P-3500,IO2312-P-3500,29.0,0.0,0.0,0.0,12,27.6,30.4,6,29.0,28.6,0.0,0.0,0.0,0.0,299
2023-05-10 09:30:45,IO2312-P-3500,IO2312-P-3500,29.0,0.0,0.0,0.0,12,27.6,30.4,9,29.0,28.6,0.0,0.0,0.0,0.0,299
2023-05-10 09:30:46,IO2312-P-3500,IO2312-P-3500,29.0,0.0,0.0,0.0,12,27.6,30.4,6,29.0,28.6,0.0,0.0,0.0,0.0,299
2023-05-10 09:30:46,IO2312-P-3500,IO2312-P-3500,29.0,0.0,0.0,0.0,12,27.6,30.4,9,29.0,28.6,0.0,0.0,0.0,0.0,299
2023-05-10 09:30:47,IO2312-P-3500,IO2312-P-3500,29.0,0.0,0.0,0.0,12,27.6,30.4,6,29.0,28.6,0.0,0.0,0.0,0.0,299
2023-05-10 09:30:56,IO2312-P-3500,IO2312-P-3500,29.0,0.0,0.0,0.0,18,27.6,30.4,6,29.0,28.6,0.0,0.0,0.0,0.0,299
2023-05-10 09:30:58,IO2312-P-3500,IO2312-P-3500,29.0,0.0,0.0,0.0,6,27.8,30.4,6,29.0,28.6,0.0,0.0,0.0,0.0,299
2023-05-10 09:30:59,IO2312-P-3500,IO2312-P-3500,29.0,0.0,0.0,0.0,6,27.8,30.4,9,29.0,28.6,0.0,0.0,0.0,0.0,299
2023-05-10 09:30:59,IO2312-P-3500,IO2312-P-3500,29.0,0.0,0.0,0.0,6,27.8,30.4,6,29.0,28.6,0.0,0.0,0.0,0.0,299
2023-05-10 09:31:00,IO2312-P-3500,IO2312-P-3500,29.0,0.0,0.0,0.0,6,27.8,30.4,9,29.0,28.6,0.0,0.0,0.0,0.0,299
2023-05-10 09:31:01,IO2312-P-3500,IO2312-P-3500,29.0,0.0,0.0,0.0,6,28.2,30.4,6,29.0,28.6,0.0,0.0,0.0,0.0,299
2023-05-10 09:31:02,IO2312-P-3500,IO2312-P-3500,29.0,0.0,0.0,0.0,12,28.2,30.4,6,29.0,28.6,0.0,0.0,0.0,0.0,299
2023-05-10 09:31:05,IO2312-P-3500,IO2312-P-3500,29.0,0.0,0.0,0.0,12,28.2,30.6,6,29.0,28.6,0.0,0.0,0.0,0.0,299
2023-05-10 09:31:05,IO2312-P-3500,IO2312-P-3500,29.0,0.0,0.0,0.0,18,28.2,30.6,6,29.0,28.6,0.0,0.0,0.0,0.0,299
2023-05-10 09:31:06,IO2312-P-3500,IO2312-P-3500,29.0,0.0,0.0,0.0,24,28.2,30.6,6,29.0,28.6,0.0,0.0,0.0,0.0,299
2023-05-10 09:31:16,IO2312-P-3500,IO2312-P-3500,29.0,0.0,0.0,0.0,18,28.2,30.6,6,29.0,28.6,0.0,0.0,0.0,0.0,299
2023-05-10 09:31:17,IO2312-P-3500,IO2312-P-3500,29.0,0.0,0.0,0.0,12,28.2,30.6,6,29.0,28.6,0.0,0.0,0.0,0.0,299
2023-05-10 09:31:30,IO2312-P-3500,IO2312-P-3500,29.0,0.0,0.0,0.0,6,28.8,30.6,6,29.0,28.6,0.0,0.0,0.0,0.0,299
2023-05-10 09:31:30,IO2312-P-3500,IO2312-P-3500,29.0,0.0,0.0,0.0,12,28.8,31.0,18,29.0,28.6,0.0,0.0,0.0,0.0,299
2023-05-10 09:31:31,IO2312-P-3500,IO2312-P-3500,29.0,0.0,0.0,0.0,12,28.8,31.0,12,29.0,28.6,0.0,0.0,0.0,0.0,299
2023-05-10 09:31:31,IO2312-P-3500,IO2312-P-3500,29.0,0.0,0.0,0.0,12,28.8,31.0,6,29.0,28.6,0.0,0.0,0.0,0.0,299
2023-05-10 09:31:35,IO2312-P-3500,IO2312-P-3500,29.0,0.0,0.0,0.0,12,28.8,31.2,18,29.0,28.6,0.0,0.0,0.0,0.0,299
2023-05-10 09:31:35,IO2312-P-3500,IO2312-P-3500,29.0,0.0,0.0,0.0,12,28.8,31.2,12,29.0,28.6,0.0,0.0,0.0,0.0,299
2023-05-10 09:31:36,IO2312-P-3500,IO2312-P-3500,29.0,0.0,0.0,0.0,12,28.8,31.2,6,29.0,28.6,0.0,0.0,0.0,0.0,299
2023-05-10 09:31:45,IO2312-P-3500,IO2312-P-3500,29.0,0.0,0.0,0.0,6,28.8,31.2,6,29.0,28.6,0.0,0.0,0.0,0.0,299
2023-05-10 09:31:48,IO2312-P-3500,IO2312-P-3500,29.0,0.0,0.0,0.0,6,28.8,31.2,9,29.0,28.6,0.0,0.0,0.0,0.0,299
2023-05-10 09:32:19,IO2312-P-3500,IO2312-P-3500,29.0,0.0,0.0,0.0,15,28.4,31.2,9,29.0,28.6,0.0,0.0,0.0,0.0,299
2023-05-10 09:32:20,IO2312-P-3500,IO2312-P-3500,29.0,0.0,0.0,0.0,6,28.4,31.2,9,29.0,28.6,0.0,0.0,0.0,0.0,299
2023-05-10 09:32:20,IO2312-P-3500,IO2312-P-3500,29.0,0.0,0.0,0.0,33,28.2,31.2,9,29.0,28.6,0.0,0.0,0.0,0.0,299
2023-05-10 09:32:23,IO2312-P-3500,IO2312-P-3500,29.0,0.0,0.0,0.0,33,28.2,31.2,12,29.0,28.6,0.0,0.0,0.0,0.0,299
2023-05-10 09:32:24,IO2312-P-3500,IO2312-P-3500,29.0,0.0,0.0,0.0,33,28.2,31.2,15,29.0,28.6,0.0,0.0,0.0,0.0,299
2023-05-10 09:32:24,IO2312-P-3500,IO2312-P-3500,29.0,0.0,0.0,0.0,33,28.2,31.2,12,29.0,28.6,0.0,0.0,0.0,0.0,299
2023-05-10 09:32:28,IO2312-P-3500,IO2312-P-3500,29.0,0.0,0.0,0.0,39,28.2,31.2,12,29.0,28.6,0.0,0.0,0.0,0.0,299
2023-05-10 09:32:28,IO2312-P-3500,IO2312-P-3500,29.0,0.0,0.0,0.0,33,28.2,31.2,12,29.0,28.6,0.0,0.0,0.0,0.0,299
2023-05-10 09:32:32,IO2312-P-3500,IO2312-P-3500,29.0,0.0,0.0,0.0,39,28.2,31.2,12,29.0,28.6,0.0,0.0,0.0,0.0,299
2023-05-10 09:32:33,IO2312-P-3500,IO2312-P-3500,29.0,0.0,0.0,0.0,33,28.2,31.2,12,29.0,28.6,0.0,0.0,0.0,0.0,299
2023-05-10 09:32:35,IO2312-P-3500,IO2312-P-3500,29.0,0.0,0.0,0.0,33,28.2,31.2,15,29.0,28.6,0.0,0.0,0.0,0.0,299
2023-05-10 09:32:36,IO2312-P-3500,IO2312-P-3500,29.0,0.0,0.0,0.0,39,28.2,31.2,12,29.0,28.6,0.0,0.0,0.0,0.0,299
2023-05-10 09:32:37,IO2312-P-3500,IO2312-P-3500,29.0,0.0,0.0,0.0,36,28.2,31.2,15,29.0,28.6,0.0,0.0,0.0,0.0,299
2023-05-10 09:32:38,IO2312-P-3500,IO2312-P-3500,29.0,0.0,0.0,0.0,33,28.2,31.2,15,29.0,28.6,0.0,0.0,0.0,0.0,299
2023-05-10 09:32:45,IO2312-P-3500,IO2312-P-3500,29.0,0.0,0.0,0.0,39,28.2,31.2,12,29.0,28.6,0.0,0.0,0.0,0.0,299
2023-05-10 09:32:46,IO2312-P-3500,IO2312-P-3500,29.0,0.0,0.0,0.0,42,28.2,31.2,12,29.0,28.6,0.0,0.0,0.0,0.0,299
2023-05-10 09:32:48,IO2312-P-3500,IO2312-P-3500,29.0,0.0,0.0,0.0,39,28.2,31.2,12,29.0,28.6,0.0,0.0,0.0,0.0,299
2023-05-10 09:32:53,IO2312-P-3500,IO2312-P-3500,29.0,0.0,0.0,0.0,33,28.2,31.2,12,29.0,28.6,0.0,0.0,0.0,0.0,299
2023-05-10 09:32:53,IO2312-P-3500,IO2312-P-3500,29.0,0.0,0.0,0.0,33,28.2,31.2,15,29.0,28.6,0.0,0.0,0.0,0.0,299
2023-05-10 09:32:55,IO2312-P-3500,IO2312-P-3500,29.0,0.0,0.0,0.0,33,28.2,31.2,21,29.0,28.6,0.0,0.0,0.0,0.0,299
2023-05-10 09:33:06,IO2312-P-3500,IO2312-P-3500,29.0,0.0,0.0,0.0,33,28.2,31.2,18,29.0,28.6,0.0,0.0,0.0,0.0,299
2023-05-10 09:33:06,IO2312-P-3500,IO2312-P-3500,29.0,0.0,0.0,0.0,33,28.2,31.2,12,29.0,28.6,0.0,0.0,0.0,0.0,299
2023-05-10 09:33:09,IO2312-P-3500,IO2312-P-3500,29.0,0.0,0.0,0.0,36,28.2,31.2,12,29.0,28.6,0.0,0.0,0.0,0.0,299
2023-05-10 09:33:10,IO2312-P-3500,IO2312-P-3500,29.0,0.0,0.0,0.0,33,28.2,31.2,12,29.0,28.6,0.0,0.0,0.0,0.0,299
2023-05-10 09:33:10,IO2312-P-3500,IO2312-P-3500,29.0,0.0,0.0,0.0,33,28.2,31.2,15,29.0,28.6,0.0,0.0,0.0,0.0,299
2023-05-10 09:33:16,IO2312-P-3500,IO2312-P-3500,29.0,0.0,0.0,0.0,6,28.4,31.2,21,29.0,28.6,0.0,0.0,0.0,0.0,299
2023-05-10 09:33:17,IO2312-P-3500,IO2312-P-3500,29.0,0.0,0.0,0.0,6,28.4,31.0,2,29.0,28.6,0.0,0.0,0.0,0.0,299
2023-05-10 09:33:17,IO2312-P-3500,IO2312-P-3500,29.0,0.0,0.0,0.0,6,28.4,31.0,8,29.0,28.6,0.0,0.0,0.0,0.0,299
2023-05-10 09:33:18,IO2312-P-3500,IO2312-P-3500,29.0,0.0,0.0,0.0,6,28.4,31.0,11,29.0,28.6,0.0,0.0,0.0,0.0,299
2023-05-10 09:33:29,IO2312-P-3500,IO2312-P-3500,29.0,0.0,0.0,0.0,21,28.2,31.0,9,29.0,28.6,0.0,0.0,0.0,0.0,299
2023-05-10 09:33:30,IO2312-P-3500,IO2312-P-3500,29.0,0.0,0.0,0.0,21,28.2,31.0,11,29.0,28.6,0.0,0.0,0.0,0.0,299
2023-05-10 09:33:32,IO2312-P-3500,IO2312-P-3500,29.0,0.0,0.0,0.0,24,28.2,31.0,11,29.0,28.6,0.0,0.0,0.0,0.0,299
2023-05-10 09:33:33,IO2312-P-3500,IO2312-P-3500,29.0,0.0,0.0,0.0,21,28.2,31.0,11,29.0,28.6,0.0,0.0,0.0,0.0,299
2023-05-10 09:33:33,IO2312-P-3500,IO2312-P-3500,29.0,0.0,0.0,0.0,24,28.2,31.0,11,29.0,28.6,0.0,0.0,0.0,0.0,299
2023-05-10 09:33:35,IO2312-P-3500,IO2312-P-3500,29.0,0.0,0.0,0.0,24,28.2,31.0,9,29.0,28.6,0.0,0.0,0.0,0.0,299
2023-05-10 09:33:36,IO2312-P-3500,IO2312-P-3500,29.0,0.0,0.0,0.0,30,28.2,30.8,6,29.0,28.6,0.0,0.0,0.0,0.0,299
2023-05-10 09:33:36,IO2312-P-3500,IO2312-P-3500,29.0,0.0,0.0,0.0,30,28.2,30.8,9,29.0,28.6,0.0,0.0,0.0,0.0,299
2023-05-10 09:33:37,IO2312-P-3500,IO2312-P-3500,29.0,0.0,0.0,0.0,6,28.4,30.6,6,29.0,28.6,0.0,0.0,0.0,0.0,299
2023-05-10 09:33:37,IO2312-P-3500,IO2312-P-3500,29.0,0.0,0.0,0.0,9,28.4,30.6,9,29.0,28.6,0.0,0.0,0.0,0.0,299
2023-05-10 09:33:38,IO2312-P-3500,IO2312-P-3500,29.0,0.0,0.0,0.0,6,28.6,30.4,6,29.0,28.6,0.0,0.0,0.0,0.0,299
2023-05-10 09:33:38,IO2312-P-3500,IO2312-P-3500,29.0,0.0,0.0,0.0,9,28.6,30.4,9,29.0,28.6,0.0,0.0,0.0,0.0,299
2023-05-10 09:33:39,IO2312-P-3500,IO2312-P-3500,29.0,0.0,0.0,0.0,9,28.6,30.2,6,29.0,28.6,0.0,0.0,0.0,0.0,299
2023-05-10 09:33:39,IO2312-P-3500,IO2312-P-3500,29.0,0.0,0.0,0.0,9,28.6,30.2,9,29.0,28.6,0.0,0.0,0.0,0.0,299
2023-05-10 09:33:41,IO2312-P-3500,IO2312-P-3500,29.0,0.0,0.0,0.0,6,28.8,30.2,3,29.0,28.6,0.0,0.0,0.0,0.0,299
2023-05-10 09:33:41,IO2312-P-3500,IO2312-P-3500,29.0,0.0,0.0,0.0,9,28.8,30.4,6,29.0,28.6,0.0,0.0,0.0,0.0,299
2023-05-10 09:33:42,IO2312-P-3500,IO2312-P-3500,29.0,0.0,0.0,0.0,9,28.8,30.4,9,29.0,28.6,0.0,0.0,0.0,0.0,299
2023-05-10 09:33:48,IO2312-P-3500,IO2312-P-3500,29.0,0.0,0.0,0.0,6,28.8,30.4,9,29.0,28.6,0.0,0.0,0.0,0.0,299
2023-05-10 09:33:48,IO2312-P-3500,IO2312-P-3500,29.0,0.0,0.0,0.0,12,28.4,30.4,3,29.0,28.6,0.0,0.0,0.0,0.0,299
2023-05-10 09:33:49,IO2312-P-3500,IO2312-P-3500,29.0,0.0,0.0,0.0,6,28.6,30.4,6,29.0,28.6,0.0,0.0,0.0,0.0,299
2023-05-10 09:33:49,IO2312-P-3500,IO2312-P-3500,29.0,0.0,0.0,0.0,9,28.6,30.4,6,29.0,28.6,0.0,0.0,0.0,0.0,299
2023-05-10 09:33:50,IO2312-P-3500,IO2312-P-3500,29.0,0.0,0.0,0.0,9,28.6,30.4,9,29.0,28.6,0.0,0.0,0.0,0.0,299
2023-05-10 09:33:50,IO2312-P-3500,IO2312-P-3500,29.0,0.0,0.0,0.0,9,28.6,30.2,6,29.0,28.6,0.0,0.0,0.0,0.0,299
2023-05-10 09:33:51,IO2312-P-3500,IO2312-P-3500,29.0,0.0,0.0,0.0,9,28.6,30.2,9,29.0,28.6,0.0,0.0,0.0,0.0,299
2023-05-10 09:34:04,IO2312-P-3500,IO2312-P-3500,29.0,0.0,0.0,0.0,6,28.8,30.2,3,29.0,28.6,0.0,0.0,0.0,0.0,299
2023-05-10 09:34:04,IO2312-P-3500,IO2312-P-3500,29.0,0.0,0.0,0.0,9,28.8,30.4,12,29.0,28.6,0.0,0.0,0.0,0.0,299
2023-05-10 09:34:05,IO2312-P-3500,IO2312-P-3500,29.0,0.0,0.0,0.0,9,28.8,30.4,6,29.0,28.6,0.0,0.0,0.0,0.0,299
2023-05-10 09:34:05,IO2312-P-3500,IO2312-P-3500,29.0,0.0,0.0,0.0,3,28.8,30.4,9,29.0,28.6,0.0,0.0,0.0,0.0,299
2023-05-10 09:34:06,IO2312-P-3500,IO2312-P-3500,29.0,0.0,0.0,0.0,6,28.8,30.4,9,29.0,28.6,0.0,0.0,0.0,0.0,299
2023-05-10 09:34:06,IO2312-P-3500,IO2312-P-3500,29.0,0.0,0.0,0.0,6,28.6,30.4,3,29.0,28.6,0.0,0.0,0.0,0.0,299
2023-05-10 09:34:07,IO2312-P-3500,IO2312-P-3500,29.0,0.0,0.0,0.0,9,28.6,30.4,6,29.0,28.6,0.0,0.0,0.0,0.0,299
2023-05-10 09:34:08,IO2312-P-3500,IO2312-P-3500,29.0,0.0,0.0,0.0,9,28.6,30.4,9,29.0,28.6,0.0,0.0,0.0,0.0,299
2023-05-10 09:34:08,IO2312-P-3500,IO2312-P-3500,29.0,0.0,0.0,0.0,9,28.6,30.2,6,29.0,28.6,0.0,0.0,0.0,0.0,299
2023-05-10 09:34:09,IO2312-P-3500,IO2312-P-3500,29.0,0.0,0.0,0.0,9,28.6,30.2,9,29.0,28.6,0.0,0.0,0.0,0.0,299
2023-05-10 09:34:20,IO2312-P-3500,IO2312-P-3500,29.0,0.0,0.0,0.0,6,28.8,30.2,3,29.0,28.6,0.0,0.0,0.0,0.0,299
2023-05-10 09:34:20,IO2312-P-3500,IO2312-P-3500,29.0,0.0,0.0,0.0,9,28.8,30.4,18,29.0,28.6,0.0,0.0,0.0,0.0,299
2023-05-10 09:34:21,IO2312-P-3500,IO2312-P-3500,29.0,0.0,0.0,0.0,9,28.8,30.4,12,29.0,28.6,0.0,0.0,0.0,0.0,299
2023-05-10 09:34:21,IO2312-P-3500,IO2312-P-3500,29.0,0.0,0.0,0.0,9,28.8,30.4,9,29.0,28.6,0.0,0.0,0.0,0.0,299
2023-05-10 09:34:33,IO2312-P-3500,IO2312-P-3500,29.0,0.0,0.0,0.0,6,29.0,30.4,3,29.0,28.6,0.0,0.0,0.0,0.0,299
2023-05-10 09:34:33,IO2312-P-3500,IO2312-P-3500,29.0,0.0,0.0,0.0,9,29.0,30.6,30,29.0,28.6,0.0,0.0,0.0,0.0,299
2023-05-10 09:34:34,IO2312-P-3500,IO2312-P-3500,29.0,0.0,0.0,0.0,9,29.0,30.6,18,29.0,28.6,0.0,0.0,0.0,0.0,299
2023-05-10 09:34:34,IO2312-P-3500,IO2312-P-3500,29.0,0.0,0.0,0.0,9,29.0,30.6,21,29.0,28.6,0.0,0.0,0.0,0.0,299
2023-05-10 09:34:46,IO2312-P-3500,IO2312-P-3500,29.0,0.0,0.0,0.0,9,29.0,30.6,15,29.0,28.6,0.0,0.0,0.0,0.0,299
2023-05-10 09:34:49,IO2312-P-3500,IO2312-P-3500,29.0,0.0,0.0,0.0,3,29.0,30.4,6,29.0,28.6,0.0,0.0,0.0,0.0,299
2023-05-10 09:34:49,IO2312-P-3500,IO2312-P-3500,29.0,0.0,0.0,0.0,12,28.8,30.4,9,29.0,28.6,0.0,0.0,0.0,0.0,299
2023-05-10 09:34:50,IO2312-P-3500,IO2312-P-3500,29.0,0.0,0.0,0.0,15,28.8,30.4,9,29.0,28.6,0.0,0.0,0.0,0.0,299
2023-05-10 09:34:53,IO2312-P-3500,IO2312-P-3500,29.0,0.0,0.0,0.0,9,28.8,30.4,9,29.0,28.6,0.0,0.0,0.0,0.0,299
2023-05-10 09:34:56,IO2312-P-3500,IO2312-P-3500,29.0,0.0,0.0,0.0,3,28.8,30.2,6,29.0,28.6,0.0,0.0,0.0,0.0,299
2023-05-10 09:34:56,IO2312-P-3500,IO2312-P-3500,29.0,0.0,0.0,0.0,18,28.6,30.2,9,29.0,28.6,0.0,0.0,0.0,0.0,299
2023-05-10 09:34:57,IO2312-P-3500,IO2312-P-3500,29.0,0.0,0.0,0.0,12,28.6,30.2,9,29.0,28.6,0.0,0.0,0.0,0.0,299
2023-05-10 09:34:57,IO2312-P-3500,IO2312-P-3500,29.0,0.0,0.0,0.0,6,28.6,30.2,9,29.0,28.6,0.0,0.0,0.0,0.0,299
2023-05-10 09:34:58,IO2312-P-3500,IO2312-P-3500,29.0,0.0,0.0,0.0,6,28.6,30.2,3,29.0,28.6,0.0,0.0,0.0,0.0,299
2023-05-10 09:34:58,IO2312-P-3500,IO2312-P-3500,29.0,0.0,0.0,0.0,6,28.6,30.4,12,29.0,28.6,0.0,0.0,0.0,0.0,299
2023-05-10 09:34:59,IO2312-P-3500,IO2312-P-3500,29.0,0.0,0.0,0.0,6,28.6,30.4,6,29.0,28.6,0.0,0.0,0.0,0.0,299
2023-05-10 09:34:59,IO2312-P-3500,IO2312-P-3500,29.0,0.0,0.0,0.0,6,28.6,30.4,9,29.0,28.6,0.0,0.0,0.0,0.0,299
2023-05-10 09:35:02,IO2312-P-3500,IO2312-P-3500,29.0,0.0,0.0,0.0,9,28.6,30.4,9,29.0,28.6,0.0,0.0,0.0,0.0,299
2023-05-10 09:35:02,IO2312-P-3500,IO2312-P-3500,29.0,0.0,0.0,0.0,6,28.8,30.4,9,29.0,28.6,0.0,0.0,0.0,0.0,299
2023-05-10 09:35:03,IO2312-P-3500,IO2312-P-3500,29.0,0.0,0.0,0.0,12,28.8,30.4,3,29.0,28.6,0.0,0.0,0.0,0.0,299
2023-05-10 09:35:04,IO2312-P-3500,IO2312-P-3500,29.0,0.0,0.0,0.0,12,28.8,30.4,9,29.0,28.6,0.0,0.0,0.0,0.0,299
2023-05-10 09:35:05,IO2312-P-3500,IO2312-P-3500,29.0,0.0,0.0,0.0,6,29.0,30.4,3,29.0,28.6,0.0,0.0,0.0,0.0,299
2023-05-10 09:35:05,IO2312-P-3500,IO2312-P-3500,29.0,0.0,0.0,0.0,6,29.0,30.6,18,29.0,28.6,0.0,0.0,0.0,0.0,299
2023-05-10 09:35:06,IO2312-P-3500,IO2312-P-3500,29.0,0.0,0.0,0.0,6,29.0,30.6,12,29.0,28.6,0.0,0.0,0.0,0.0,299
2023-05-10 09:35:06,IO2312-P-3500,IO2312-P-3500,29.0,0.0,0.0,0.0,6,29.0,30.6,9,29.0,28.6,0.0,0.0,0.0,0.0,299
2023-05-10 09:35:10,IO2312-P-3500,IO2312-P-3500,29.0,0.0,0.0,0.0,12,28.8,30.4,6,29.0,28.6,0.0,0.0,0.0,0.0,299
2023-05-10 09:35:11,IO2312-P-3500,IO2312-P-3500,29.0,0.0,0.0,0.0,12,28.8,30.4,9,29.0,28.6,0.0,0.0,0.0,0.0,299
2023-05-10 09:35:16,IO2312-P-3500,IO2312-P-3500,29.0,0.0,0.0,0.0,15,28.8,30.4,9,29.0,28.6,0.0,0.0,0.0,0.0,299
2023-05-10 09:35:17,IO2312-P-3500,IO2312-P-3500,29.0,0.0,0.0,0.0,6,29.0,30.4,3,29.0,28.6,0.0,0.0,0.0,0.0,299
2023-05-10 09:35:17,IO2312-P-3500,IO2312-P-3500,29.0,0.0,0.0,0.0,15,28.8,30.4,6,29.0,28.6,0.0,0.0,0.0,0.0,299
2023-05-10 09:35:18,IO2312-P-3500,IO2312-P-3500,29.0,0.0,0.0,0.0,6,29.0,30.4,3,29.0,28.6,0.0,0.0,0.0,0.0,299
2023-05-10 09:35:19,IO2312-P-3500,IO2312-P-3500,29.0,0.0,0.0,0.0,6,29.0,30.6,18,29.0,28.6,0.0,0.0,0.0,0.0,299
2023-05-10 09:35:19,IO2312-P-3500,IO2312-P-3500,29.0,0.0,0.0,0.0,6,29.0,30.6,12,29.0,28.6,0.0,0.0,0.0,0.0,299
2023-05-10 09:35:20,IO2312-P-3500,IO2312-P-3500,29.0,0.0,0.0,0.0,6,29.0,30.6,15,29.0,28.6,0.0,0.0,0.0,0.0,299
2023-05-10 09:35:20,IO2312-P-3500,IO2312-P-3500,29.0,0.0,0.0,0.0,6,29.0,30.6,9,29.0,28.6,0.0,0.0,0.0,0.0,299
2023-05-10 09:35:47,IO2312-P-3500,IO2312-P-3500,29.0,0.0,0.0,0.0,21,28.8,30.4,6,29.0,28.6,0.0,0.0,0.0,0.0,299
2023-05-10 09:35:48,IO2312-P-3500,IO2312-P-3500,29.0,0.0,0.0,0.0,21,28.8,30.4,9,29.0,28.6,0.0,0.0,0.0,0.0,299
2023-05-10 09:35:49,IO2312-P-3500,IO2312-P-3500,29.0,0.0,0.0,0.0,18,28.8,30.4,9,29.0,28.6,0.0,0.0,0.0,0.0,299
2023-05-10 09:35:50,IO2312-P-3500,IO2312-P-3500,29.0,0.0,0.0,0.0,21,28.8,30.4,9,29.0,28.6,0.0,0.0,0.0,0.0,299
2023-05-10 09:35:52,IO2312-P-3500,IO2312-P-3500,29.0,0.0,0.0,0.0,18,28.8,30.4,9,29.0,28.6,0.0,0.0,0.0,0.0,299
2023-05-10 09:35:57,IO2312-P-3500,IO2312-P-3500,29.0,0.0,0.0,0.0,12,28.8,30.4,9,29.0,28.6,0.0,0.0,0.0,0.0,299
2023-05-10 09:35:59,IO2312-P-3500,IO2312-P-3500,29.0,0.0,0.0,0.0,6,28.8,30.2,6,29.0,28.6,0.0,0.0,0.0,0.0,299
2023-05-10 09:36:00,IO2312-P-3500,IO2312-P-3500,29.0,0.0,0.0,0.0,6,28.8,30.2,9,29.0,28.6,0.0,0.0,0.0,0.0,299
2023-05-10 09:36:08,IO2312-P-3500,IO2312-P-3500,29.0,0.0,0.0,0.0,6,28.6,30.2,9,29.0,28.6,0.0,0.0,0.0,0.0,299
2023-05-10 09:36:10,IO2312-P-3500,IO2312-P-3500,29.0,0.0,0.0,0.0,33,28.4,30.0,6,29.0,28.6,0.0,0.0,0.0,0.0,299
2023-05-10 09:36:11,IO2312-P-3500,IO2312-P-3500,29.0,0.0,0.0,0.0,15,28.4,30.0,9,29.0,28.6,0.0,0.0,0.0,0.0,299
2023-05-10 09:36:11,IO2312-P-3500,IO2312-P-3500,29.0,0.0,0.0,0.0,12,28.4,30.0,9,29.0,28.6,0.0,0.0,0.0,0.0,299
2023-05-10 09:36:12,IO2312-P-3500,IO2312-P-3500,29.0,0.0,0.0,0.0,6,28.6,30.0,3,29.0,28.6,0.0,0.0,0.0,0.0,299
2023-05-10 09:36:12,IO2312-P-3500,IO2312-P-3500,29.0,0.0,0.0,0.0,9,28.4,30.2,24,29.0,28.6,0.0,0.0,0.0,0.0,299
2023-05-10 09:36:13,IO2312-P-3500,IO2312-P-3500,29.0,0.0,0.0,0.0,6,28.6,30.2,18,29.0,28.6,0.0,0.0,0.0,0.0,299
2023-05-10 09:36:13,IO2312-P-3500,IO2312-P-3500,29.0,0.0,0.0,0.0,6,28.6,30.2,15,29.0,28.6,0.0,0.0,0.0,0.0,299
2023-05-10 09:36:16,IO2312-P-3500,IO2312-P-3500,29.0,0.0,0.0,0.0,9,28.4,30.0,6,29.0,28.6,0.0,0.0,0.0,0.0,299
2023-05-10 09:36:17,IO2312-P-3500,IO2312-P-3500,29.0,0.0,0.0,0.0,9,28.4,30.0,9,29.0,28.6,0.0,0.0,0.0,0.0,299
2023-05-10 09:36:18,IO2312-P-3500,IO2312-P-3500,29.0,0.0,0.0,0.0,6,28.4,30.0,9,29.0,28.6,0.0,0.0,0.0,0.0,299
2023-05-10 09:36:19,IO2312-P-3500,IO2312-P-3500,29.0,0.0,0.0,0.0,33,28.2,29.8,6,29.0,28.6,0.0,0.0,0.0,0.0,299
2023-05-10 09:36:19,IO2312-P-3500,IO2312-P-3500,29.0,0.0,0.0,0.0,33,28.2,29.8,9,29.0,28.6,0.0,0.0,0.0,0.0,299
2023-05-10 09:36:22,IO2312-P-3500,IO2312-P-3500,29.0,0.0,0.0,0.0,30,28.2,29.8,9,29.0,28.6,0.0,0.0,0.0,0.0,299
2023-05-10 09:36:23,IO2312-P-3500,IO2312-P-3500,29.0,0.0,0.0,0.0,33,28.2,29.8,9,29.0,28.6,0.0,0.0,0.0,0.0,299
2023-05-10 09:36:25,IO2312-P-3500,IO2312-P-3500,29.0,0.0,0.0,0.0,6,28.4,29.8,3,29.0,28.6,0.0,0.0,0.0,0.0,299
2023-05-10 09:36:26,IO2312-P-3500,IO2312-P-3500,29.0,0.0,0.0,0.0,9,28.4,30.0,12,29.0,28.6,0.0,0.0,0.0,0.0,299
2023-05-10 09:36:26,IO2312-P-3500,IO2312-P-3500,29.0,0.0,0.0,0.0,9,28.4,30.0,6,29.0,28.6,0.0,0.0,0.0,0.0,299
2023-05-10 09:36:27,IO2312-P-3500,IO2312-P-3500,29.0,0.0,0.0,0.0,6,28.4,30.0,9,29.0,28.6,0.0,0.0,0.0,0.0,299
2023-05-10 09:36:28,IO2312-P-3500,IO2312-P-3500,29.0,0.0,0.0,0.0,9,28.4,30.0,9,29.0,28.6,0.0,0.0,0.0,0.0,299
2023-05-10 09:36:29,IO2312-P-3500,IO2312-P-3500,29.0,0.0,0.0,0.0,6,28.4,30.0,9,29.0,28.6,0.0,0.0,0.0,0.0,299
2023-05-10 09:36:30,IO2312-P-3500,IO2312-P-3500,29.0,0.0,0.0,0.0,6,28.4,30.0,3,29.0,28.6,0.0,0.0,0.0,0.0,299
2023-05-10 09:36:30,IO2312-P-3500,IO2312-P-3500,29.0,0.0,0.0,0.0,9,28.4,30.2,30,29.0,28.6,0.0,0.0,0.0,0.0,299
2023-05-10 09:36:31,IO2312-P-3500,IO2312-P-3500,29.0,0.0,0.0,0.0,6,28.6,30.2,24,29.0,28.6,0.0,0.0,0.0,0.0,299
2023-05-10 09:36:31,IO2312-P-3500,IO2312-P-3500,29.0,0.0,0.0,0.0,6,28.6,30.2,21,29.0,28.6,0.0,0.0,0.0,0.0,299
2023-05-10 09:36:32,IO2312-P-3500,IO2312-P-3500,29.0,0.0,0.0,0.0,9,28.6,30.2,21,29.0,28.6,0.0,0.0,0.0,0.0,299
2023-05-10 09:36:35,IO2312-P-3500,IO2312-P-3500,29.0,0.0,0.0,0.0,6,28.6,30.2,21,29.0,28.6,0.0,0.0,0.0,0.0,299
2023-05-10 09:36:36,IO2312-P-3500,IO2312-P-3500,29.0,0.0,0.0,0.0,6,28.4,30.2,21,29.0,28.6,0.0,0.0,0.0,0.0,299
2023-05-10 09:36:36,IO2312-P-3500,IO2312-P-3500,29.0,0.0,0.0,0.0,9,28.4,30.2,21,29.0,28.6,0.0,0.0,0.0,0.0,299
2023-05-10 09:36:37,IO2312-P-3500,IO2312-P-3500,29.0,0.0,0.0,0.0,6,28.6,30.2,21,29.0,28.6,0.0,0.0,0.0,0.0,299
2023-05-10 09:36:37,IO2312-P-3500,IO2312-P-3500,29.0,0.0,0.0,0.0,9,28.6,30.2,21,29.0,28.6,0.0,0.0,0.0,0.0,299
2023-05-10 09:36:38,IO2312-P-3500,IO2312-P-3500,29.0,0.0,0.0,0.0,6,28.6,30.2,21,29.0,28.6,0.0,0.0,0.0,0.0,299
2023-05-10 09:36:39,IO2312-P-3500,IO2312-P-3500,29.0,0.0,0.0,0.0,6,28.4,30.0,6,29.0,28.6,0.0,0.0,0.0,0.0,299
2023-05-10 09:36:39,IO2312-P-3500,IO2312-P-3500,29.0,0.0,0.0,0.0,9,28.4,30.0,9,29.0,28.6,0.0,0.0,0.0,0.0,299
2023-05-10 09:36:46,IO2312-P-3500,IO2312-P-3500,29.0,0.0,0.0,0.0,6,28.6,30.0,3,29.0,28.6,0.0,0.0,0.0,0.0,299
2023-05-10 09:36:46,IO2312-P-3500,IO2312-P-3500,29.0,0.0,0.0,0.0,6,28.6,30.2,24,29.0,28.6,0.0,0.0,0.0,0.0,299
2023-05-10 09:36:47,IO2312-P-3500,IO2312-P-3500,29.0,0.0,0.0,0.0,3,28.4,30.0,6,29.0,28.6,0.0,0.0,0.0,0.0,299
2023-05-10 09:36:47,IO2312-P-3500,IO2312-P-3500,29.0,0.0,0.0,0.0,6,28.4,30.0,9,29.0,28.6,0.0,0.0,0.0,0.0,299
2023-05-10 09:36:48,IO2312-P-3500,IO2312-P-3500,29.0,0.0,0.0,0.0,6,28.4,30.0,3,29.0,28.6,0.0,0.0,0.0,0.0,299
2023-05-10 09:36:48,IO2312-P-3500,IO2312-P-3500,29.0,0.0,0.0,0.0,9,28.4,30.2,24,29.0,28.6,0.0,0.0,0.0,0.0,299
2023-05-10 09:36:49,IO2312-P-3500,IO2312-P-3500,29.0,0.0,0.0,0.0,6,28.6,30.2,18,29.0,28.6,0.0,0.0,0.0,0.0,299
2023-05-10 09:36:49,IO2312-P-3500,IO2312-P-3500,29.0,0.0,0.0,0.0,9,28.6,30.2,15,29.0,28.6,0.0,0.0,0.0,0.0,299
2023-05-10 09:36:55,IO2312-P-3500,IO2312-P-3500,29.0,0.0,0.0,0.0,6,28.6,30.2,15,29.0,28.6,0.0,0.0,0.0,0.0,299
2023-05-10 09:36:55,IO2312-P-3500,IO2312-P-3500,29.0,0.0,0.0,0.0,6,28.4,30.2,15,29.0,28.6,0.0,0.0,0.0,0.0,299
2023-05-10 09:36:56,IO2312-P-3500,IO2312-P-3500,29.0,0.0,0.0,0.0,9,28.4,30.2,9,29.0,28.6,0.0,0.0,0.0,0.0,299
2023-05-10 09:36:56,IO2312-P-3500,IO2312-P-3500,29.0,0.0,0.0,0.0,6,28.6,30.2,9,29.0,28.6,0.0,0.0,0.0,0.0,299
2023-05-10 09:36:57,IO2312-P-3500,IO2312-P-3500,29.0,0.0,0.0,0.0,9,28.6,30.2,9,29.0,28.6,0.0,0.0,0.0,0.0,299
2023-05-10 09:37:00,IO2312-P-3500,IO2312-P-3500,29.0,0.0,0.0,0.0,6,28.8,30.2,3,29.0,28.6,0.0,0.0,0.0,0.0,299
2023-05-10 09:37:00,IO2312-P-3500,IO2312-P-3500,29.0,0.0,0.0,0.0,12,28.8,30.4,30,29.0,28.6,0.0,0.0,0.0,0.0,299
2023-05-10 09:37:01,IO2312-P-3500,IO2312-P-3500,29.0,0.0,0.0,0.0,12,28.8,30.4,24,29.0,28.6,0.0,0.0,0.0,0.0,299
2023-05-10 09:37:01,IO2312-P-3500,IO2312-P-3500,29.0,0.0,0.0,0.0,15,28.8,30.4,27,29.0,28.6,0.0,0.0,0.0,0.0,299
2023-05-10 09:37:02,IO2312-P-3500,IO2312-P-3500,29.0,0.0,0.0,0.0,21,28.8,30.4,27,29.0,28.6,0.0,0.0,0.0,0.0,299
2023-05-10 09:37:02,IO2312-P-3500,IO2312-P-3500,29.0,0.0,0.0,0.0,6,29.0,30.4,21,29.0,28.6,0.0,0.0,0.0,0.0,299
2023-05-10 09:37:03,IO2312-P-3500,IO2312-P-3500,29.0,0.0,0.0,0.0,6,29.0,30.4,15,29.0,28.6,0.0,0.0,0.0,0.0,299
2023-05-10 09:37:03,IO2312-P-3500,IO2312-P-3500,29.0,0.0,0.0,0.0,6,29.0,30.4,9,29.0,28.6,0.0,0.0,0.0,0.0,299
2023-05-10 09:37:04,IO2312-P-3500,IO2312-P-3500,29.0,0.0,0.0,0.0,6,29.0,30.4,3,29.0,28.6,0.0,0.0,0.0,0.0,299
2023-05-10 09:37:04,IO2312-P-3500,IO2312-P-3500,29.0,0.0,0.0,0.0,6,29.0,30.6,36,29.0,28.6,0.0,0.0,0.0,0.0,299
2023-05-10 09:37:05,IO2312-P-3500,IO2312-P-3500,29.0,0.0,0.0,0.0,6,29.0,30.6,27,29.0,28.6,0.0,0.0,0.0,0.0,299
2023-05-10 09:37:05,IO2312-P-3500,IO2312-P-3500,29.0,0.0,0.0,0.0,6,29.0,30.6,30,29.0,28.6,0.0,0.0,0.0,0.0,299
2023-05-10 09:37:07,IO2312-P-3500,IO2312-P-3500,29.0,0.0,0.0,0.0,9,29.0,30.6,30,29.0,28.6,0.0,0.0,0.0,0.0,299
2023-05-10 09:37:08,IO2312-P-3500,IO2312-P-3500,29.0,0.0,0.0,0.0,6,29.0,30.6,30,29.0,28.6,0.0,0.0,0.0,0.0,299
2023-05-10 09:37:11,IO2312-P-3500,IO2312-P-3500,29.0,0.0,0.0,0.0,6,29.0,30.6,27,29.0,28.6,0.0,0.0,0.0,0.0,299
2023-05-10 09:37:11,IO2312-P-3500,IO2312-P-3500,29.0,0.0,0.0,0.0,6,29.0,30.6,21,29.0,28.6,0.0,0.0,0.0,0.0,299
2023-05-10 09:37:12,IO2312-P-3500,IO2312-P-3500,29.0,0.0,0.0,0.0,6,29.0,30.6,27,29.0,28.6,0.0,0.0,0.0,0.0,299
2023-05-10 09:37:12,IO2312-P-3500,IO2312-P-3500,29.0,0.0,0.0,0.0,6,29.0,30.6,30,29.0,28.6,0.0,0.0,0.0,0.0,299
2023-05-10 09:37:13,IO2312-P-3500,IO2312-P-3500,29.0,0.0,0.0,0.0,6,29.0,30.6,27,29.0,28.6,0.0,0.0,0.0,0.0,299
2023-05-10 09:37:17,IO2312-P-3500,IO2312-P-3500,29.0,0.0,0.0,0.0,6,29.0,30.6,21,29.0,28.6,0.0,0.0,0.0,0.0,299
2023-05-10 09:37:20,IO2312-P-3500,IO2312-P-3500,29.0,0.0,0.0,0.0,6,29.0,30.6,27,29.0,28.6,0.0,0.0,0.0,0.0,299
2023-05-10 09:37:21,IO2312-P-3500,IO2312-P-3500,29.0,0.0,0.0,0.0,6,29.0,30.6,30,29.0,28.6,0.0,0.0,0.0,0.0,299
2023-05-10 09:37:22,IO2312-P-3500,IO2312-P-3500,29.0,0.0,0.0,0.0,6,29.0,30.6,27,29.0,28.6,0.0,0.0,0.0,0.0,299
2023-05-10 09:37:34,IO2312-P-3500,IO2312-P-3500,29.0,0.0,0.0,0.0,6,29.0,30.6,21,29.0,28.6,0.0,0.0,0.0,0.0,299
2023-05-10 09:37:42,IO2312-P-3500,IO2312-P-3500,29.0,0.0,0.0,0.0,6,29.0,30.6,15,29.0,28.6,0.0,0.0,0.0,0.0,299
2023-05-10 09:37:43,IO2312-P-3500,IO2312-P-3500,29.0,0.0,0.0,0.0,9,29.0,30.6,15,29.0,28.6,0.0,0.0,0.0,0.0,299
2023-05-10 09:37:43,IO2312-P-3500,IO2312-P-3500,29.0,0.0,0.0,0.0,6,29.2,30.6,15,29.0,28.6,0.0,0.0,0.0,0.0,299
2023-05-10 09:37:44,IO2312-P-3500,IO2312-P-3500,29.0,0.0,0.0,0.0,6,29.2,30.6,9,29.0,28.6,0.0,0.0,0.0,0.0,299
2023-05-10 09:37:44,IO2312-P-3500,IO2312-P-3500,29.0,0.0,0.0,0.0,6,29.2,30.6,3,29.0,28.6,0.0,0.0,0.0,0.0,299
2023-05-10 09:37:45,IO2312-P-3500,IO2312-P-3500,29.0,0.0,0.0,0.0,6,29.2,30.8,18,29.0,28.6,0.0,0.0,0.0,0.0,299
2023-05-10 09:37:45,IO2312-P-3500,IO2312-P-3500,29.0,0.0,0.0,0.0,6,29.2,30.8,6,29.0,28.6,0.0,0.0,0.0,0.0,299
2023-05-10 09:37:47,IO2312-P-3500,IO2312-P-3500,29.0,0.0,0.0,0.0,6,29.2,30.8,3,29.0,28.6,0.0,0.0,0.0,0.0,299
2023-05-10 09:37:47,IO2312-P-3500,IO2312-P-3500,29.0,0.0,0.0,0.0,9,29.0,30.8,3,29.0,28.6,0.0,0.0,0.0,0.0,299
2023-05-10 09:37:48,IO2312-P-3500,IO2312-P-3500,29.0,0.0,0.0,0.0,6,29.2,31.0,36,29.0,28.6,0.0,0.0,0.0,0.0,299
2023-05-10 09:37:48,IO2312-P-3500,IO2312-P-3500,29.0,0.0,0.0,0.0,6,29.2,30.8,3,29.0,28.6,0.0,0.0,0.0,0.0,299
2023-05-10 09:37:52,IO2312-P-3500,IO2312-P-3500,29.0,0.0,0.0,0.0,6,29.2,31.0,33,29.0,28.6,0.0,0.0,0.0,0.0,299
2023-05-10 09:37:52,IO2312-P-3500,IO2312-P-3500,29.0,0.0,0.0,0.0,6,29.2,31.0,30,29.0,28.6,0.0,0.0,0.0,0.0,299
2023-05-10 09:37:57,IO2312-P-3500,IO2312-P-3500,29.0,0.0,0.0,0.0,6,29.2,30.8,6,29.0,28.6,0.0,0.0,0.0,0.0,299
2023-05-10 09:37:58,IO2312-P-3500,IO2312-P-3500,29.0,0.0,0.0,0.0,6,29.0,30.8,6,29.0,28.6,0.0,0.0,0.0,0.0,299
2023-05-10 09:37:58,IO2312-P-3500,IO2312-P-3500,29.0,0.0,0.0,0.0,6,29.0,30.8,12,29.0,28.6,0.0,0.0,0.0,0.0,299
2023-05-10 09:37:59,IO2312-P-3500,IO2312-P-3500,29.0,0.0,0.0,0.0,6,29.0,30.8,9,29.0,28.6,0.0,0.0,0.0,0.0,299
2023-05-10 09:38:00,IO2312-P-3500,IO2312-P-3500,29.0,0.0,0.0,0.0,6,29.0,30.8,12,29.0,28.6,0.0,0.0,0.0,0.0,299
2023-05-10 09:38:02,IO2312-P-3500,IO2312-P-3500,29.0,0.0,0.0,0.0,6,29.0,30.8,9,29.0,28.6,0.0,0.0,0.0,0.0,299
2023-05-10 09:38:06,IO2312-P-3500,IO2312-P-3500,29.0,0.0,0.0,0.0,36,28.8,30.6,6,29.0,28.6,0.0,0.0,0.0,0.0,299
2023-05-10 09:38:07,IO2312-P-3500,IO2312-P-3500,29.0,0.0,0.0,0.0,24,28.8,30.6,9,29.0,28.6,0.0,0.0,0.0,0.0,299
2023-05-10 09:38:07,IO2312-P-3500,IO2312-P-3500,29.0,0.0,0.0,0.0,24,28.8,30.4,6,29.0,28.6,0.0,0.0,0.0,0.0,299
2023-05-10 09:38:08,IO2312-P-3500,IO2312-P-3500,29.0,0.0,0.0,0.0,24,28.8,30.4,9,29.0,28.6,0.0,0.0,0.0,0.0,299
2023-05-10 09:38:13,IO2312-P-3500,IO2312-P-3500,29.0,0.0,0.0,0.0,18,28.8,30.4,9,29.0,28.6,0.0,0.0,0.0,0.0,299
2023-05-10 09:38:13,IO2312-P-3500,IO2312-P-3500,29.0,0.0,0.0,0.0,6,28.8,30.2,6,29.0,28.6,0.0,0.0,0.0,0.0,299
2023-05-10 09:38:14,IO2312-P-3500,IO2312-P-3500,29.0,0.0,0.0,0.0,6,28.8,30.2,9,29.0,28.6,0.0,0.0,0.0,0.0,299
2023-05-10 09:38:14,IO2312-P-3500,IO2312-P-3500,29.0,0.0,0.0,0.0,12,28.8,30.2,3,29.0,28.6,0.0,0.0,0.0,0.0,299
2023-05-10 09:38:15,IO2312-P-3500,IO2312-P-3500,29.0,0.0,0.0,0.0,12,28.8,30.4,18,29.0,28.6,0.0,0.0,0.0,0.0,299
2023-05-10 09:38:15,IO2312-P-3500,IO2312-P-3500,29.0,0.0,0.0,0.0,12,28.8,30.4,12,29.0,28.6,0.0,0.0,0.0,0.0,299
2023-05-10 09:38:16,IO2312-P-3500,IO2312-P-3500,29.0,0.0,0.0,0.0,6,29.0,30.4,3,29.0,28.6,0.0,0.0,0.0,0.0,299
2023-05-10 09:38:16,IO2312-P-3500,IO2312-P-3500,29.0,0.0,0.0,0.0,6,29.0,30.6,6,29.0,28.6,0.0,0.0,0.0,0.0,299
2023-05-10 09:38:17,IO2312-P-3500,IO2312-P-3500,29.0,0.0,0.0,0.0,12,28.8,30.6,9,29.0,28.6,0.0,0.0,0.0,0.0,299
2023-05-10 09:38:17,IO2312-P-3500,IO2312-P-3500,29.0,0.0,0.0,0.0,6,29.0,30.6,12,29.0,28.6,0.0,0.0,0.0,0.0,299
2023-05-10 09:38:18,IO2312-P-3500,IO2312-P-3500,29.0,0.0,0.0,0.0,12,28.8,30.4,6,29.0,28.6,0.0,0.0,0.0,0.0,299
2023-05-10 09:38:18,IO2312-P-3500,IO2312-P-3500,29.0,0.0,0.0,0.0,12,28.8,30.4,9,29.0,28.6,0.0,0.0,0.0,0.0,299
2023-05-10 09:38:23,IO2312-P-3500,IO2312-P-3500,29.0,0.0,0.0,0.0,15,28.8,30.4,9,29.0,28.6,0.0,0.0,0.0,0.0,299
2023-05-10 09:38:24,IO2312-P-3500,IO2312-P-3500,29.0,0.0,0.0,0.0,12,28.8,30.4,9,29.0,28.6,0.0,0.0,0.0,0.0,299
2023-05-10 09:38:25,IO2312-P-3500,IO2312-P-3500,29.0,0.0,0.0,0.0,15,28.8,30.4,9,29.0,28.6,0.0,0.0,0.0,0.0,299
2023-05-10 09:38:28,IO2312-P-3500,IO2312-P-3500,29.0,0.0,0.0,0.0,12,28.8,30.4,9,29.0,28.6,0.0,0.0,0.0,0.0,299
2023-05-10 09:38:30,IO2312-P-3500,IO2312-P-3500,29.0,0.0,0.0,0.0,15,28.8,30.4,9,29.0,28.6,0.0,0.0,0.0,0.0,299
2023-05-10 09:38:36,IO2312-P-3500,IO2312-P-3500,29.0,0.0,0.0,0.0,12,28.8,30.4,9,29.0,28.6,0.0,0.0,0.0,0.0,299
2023-05-10 09:38:38,IO2312-P-3500,IO2312-P-3500,29.0,0.0,0.0,0.0,15,28.8,30.4,9,29.0,28.6,0.0,0.0,0.0,0.0,299
2023-05-10 09:38:39,IO2312-P-3500,IO2312-P-3500,29.0,0.0,0.0,0.0,12,28.8,30.4,9,29.0,28.6,0.0,0.0,0.0,0.0,299
2023-05-10 09:38:41,IO2312-P-3500,IO2312-P-3500,29.0,0.0,0.0,0.0,15,28.8,30.4,9,29.0,28.6,0.0,0.0,0.0,0.0,299
2023-05-10 09:38:44,IO2312-P-3500,IO2312-P-3500,29.0,0.0,0.0,0.0,12,28.8,30.4,9,29.0,28.6,0.0,0.0,0.0,0.0,299
2023-05-10 09:38:45,IO2312-P-3500,IO2312-P-3500,29.0,0.0,0.0,0.0,15,28.8,30.4,9,29.0,28.6,0.0,0.0,0.0,0.0,299
2023-05-10 09:38:51,IO2312-P-3500,IO2312-P-3500,29.0,0.0,0.0,0.0,12,28.8,30.4,9,29.0,28.6,0.0,0.0,0.0,0.0,299
2023-05-10 09:39:01,IO2312-P-3500,IO2312-P-3500,29.0,0.0,0.0,0.0,15,28.8,30.4,9,29.0,28.6,0.0,0.0,0.0,0.0,299
2023-05-10 09:39:03,IO2312-P-3500,IO2312-P-3500,29.0,0.0,0.0,0.0,12,28.8,30.4,9,29.0,28.6,0.0,0.0,0.0,0.0,299
2023-05-10 09:39:08,IO2312-P-3500,IO2312-P-3500,29.0,0.0,0.0,0.0,6,28.8,30.2,6,29.0,28.6,0.0,0.0,0.0,0.0,299
2023-05-10 09:39:09,IO2312-P-3500,IO2312-P-3500,29.0,0.0,0.0,0.0,6,28.8,30.2,9,29.0,28.6,0.0,0.0,0.0,0.0,299
2023-05-10 09:39:09,IO2312-P-3500,IO2312-P-3500,29.0,0.0,0.0,0.0,6,28.8,30.0,6,29.0,28.6,0.0,0.0,0.0,0.0,299
2023-05-10 09:39:10,IO2312-P-3500,IO2312-P-3500,29.0,0.0,0.0,0.0,18,28.4,30.0,9,29.0,28.6,0.0,0.0,0.0,0.0,299
2023-05-10 09:39:10,IO2312-P-3500,IO2312-P-3500,29.0,0.0,0.0,0.0,15,28.4,30.0,9,29.0,28.6,0.0,0.0,0.0,0.0,299
2023-05-10 09:39:17,IO2312-P-3500,IO2312-P-3500,29.0,0.0,0.0,0.0,6,28.6,30.0,3,29.0,28.6,0.0,0.0,0.0,0.0,299
2023-05-10 09:39:18,IO2312-P-3500,IO2312-P-3500,29.0,0.0,0.0,0.0,6,28.6,30.2,24,29.0,28.6,0.0,0.0,0.0,0.0,299
2023-05-10 09:39:18,IO2312-P-3500,IO2312-P-3500,29.0,0.0,0.0,0.0,6,28.6,30.2,18,29.0,28.6,0.0,0.0,0.0,0.0,299
2023-05-10 09:39:19,IO2312-P-3500,IO2312-P-3500,29.0,0.0,0.0,0.0,6,28.6,30.2,15,29.0,28.6,0.0,0.0,0.0,0.0,299
2023-05-10 09:39:19,IO2312-P-3500,IO2312-P-3500,29.0,0.0,0.0,0.0,9,28.6,30.2,15,29.0,28.6,0.0,0.0,0.0,0.0,299
2023-05-10 09:39:21,IO2312-P-3500,IO2312-P-3500,29.0,0.0,0.0,0.0,6,28.6,30.2,15,29.0,28.6,0.0,0.0,0.0,0.0,299
2023-05-10 09:39:28,IO2312-P-3500,IO2312-P-3500,29.0,0.0,0.0,0.0,9,28.6,30.2,15,29.0,28.6,0.0,0.0,0.0,0.0,299
2023-05-10 09:39:29,IO2312-P-3500,IO2312-P-3500,29.0,0.0,0.0,0.0,6,28.6,30.2,15,29.0,28.6,0.0,0.0,0.0,0.0,299
2023-05-10 09:39:30,IO2312-P-3500,IO2312-P-3500,29.0,0.0,0.0,0.0,6,28.4,30.2,9,29.0,28.6,0.0,0.0,0.0,0.0,299
2023-05-10 09:39:30,IO2312-P-3500,IO2312-P-3500,29.0,0.0,0.0,0.0,9,28.4,30.2,3,29.0,28.6,0.0,0.0,0.0,0.0,299
2023-05-10 09:39:31,IO2312-P-3500,IO2312-P-3500,29.0,0.0,0.0,0.0,6,28.6,30.2,6,29.0,28.6,0.0,0.0,0.0,0.0,299
2023-05-10 09:39:31,IO2312-P-3500,IO2312-P-3500,29.0,0.0,0.0,0.0,3,28.6,30.2,6,29.0,28.6,0.0,0.0,0.0,0.0,299
2023-05-10 09:39:32,IO2312-P-3500,IO2312-P-3500,29.0,0.0,0.0,0.0,6,28.6,30.2,9,29.0,28.6,0.0,0.0,0.0,0.0,299
2023-05-10 09:39:32,IO2312-P-3500,IO2312-P-3500,29.0,0.0,0.0,0.0,6,28.4,30.2,3,29.0,28.6,0.0,0.0,0.0,0.0,299
2023-05-10 09:39:33,IO2312-P-3500,IO2312-P-3500,29.0,0.0,0.0,0.0,9,28.4,30.4,42,29.0,28.6,0.0,0.0,0.0,0.0,299
2023-05-10 09:39:33,IO2312-P-3500,IO2312-P-3500,29.0,0.0,0.0,0.0,6,28.6,30.2,6,29.0,28.6,0.0,0.0,0.0,0.0,299
2023-05-10 09:39:34,IO2312-P-3500,IO2312-P-3500,29.0,0.0,0.0,0.0,6,28.6,30.2,9,29.0,28.6,0.0,0.0,0.0,0.0,299
2023-05-10 09:39:38,IO2312-P-3500,IO2312-P-3500,29.0,0.0,0.0,0.0,6,28.6,30.2,12,29.0,28.6,0.0,0.0,0.0,0.0,299
2023-05-10 09:39:40,IO2312-P-3500,IO2312-P-3500,29.0,0.0,0.0,0.0,6,28.6,30.2,9,29.0,28.6,0.0,0.0,0.0,0.0,299
2023-05-10 09:39:52,IO2312-P-3500,IO2312-P-3500,29.0,0.0,0.0,0.0,9,28.6,30.2,9,29.0,28.6,0.0,0.0,0.0,0.0,299
2023-05-10 09:39:53,IO2312-P-3500,IO2312-P-3500,29.0,0.0,0.0,0.0,6,28.8,30.2,3,29.0,28.6,0.0,0.0,0.0,0.0,299
2023-05-10 09:39:53,IO2312-P-3500,IO2312-P-3500,29.0,0.0,0.0,0.0,12,28.8,30.4,24,29.0,28.6,0.0,0.0,0.0,0.0,299
2023-05-10 09:39:54,IO2312-P-3500,IO2312-P-3500,29.0,0.0,0.0,0.0,12,28.8,30.4,21,29.0,28.6,0.0,0.0,0.0,0.0,299
2023-05-10 09:39:54,IO2312-P-3500,IO2312-P-3500,29.0,0.0,0.0,0.0,12,28.8,30.4,18,29.0,28.6,0.0,0.0,0.0,0.0,299
2023-05-10 09:39:55,IO2312-P-3500,IO2312-P-3500,29.0,0.0,0.0,0.0,6,28.8,30.2,6,29.0,28.6,0.0,0.0,0.0,0.0,299
2023-05-10 09:39:55,IO2312-P-3500,IO2312-P-3500,29.0,0.0,0.0,0.0,6,28.8,30.2,12,29.0,28.6,0.0,0.0,0.0,0.0,299
2023-05-10 09:39:56,IO2312-P-3500,IO2312-P-3500,29.0,0.0,0.0,0.0,6,28.8,30.2,9,29.0,28.6,0.0,0.0,0.0,0.0,299
2023-05-10 09:40:03,IO2312-P-3500,IO2312-P-3500,29.0,0.0,0.0,0.0,12,28.8,30.2,3,29.0,28.6,0.0,0.0,0.0,0.0,299
2023-05-10 09:40:03,IO2312-P-3500,IO2312-P-3500,29.0,0.0,0.0,0.0,12,28.8,30.4,30,29.0,28.6,0.0,0.0,0.0,0.0,299
2023-05-10 09:40:04,IO2312-P-3500,IO2312-P-3500,29.0,0.0,0.0,0.0,12,28.8,30.4,27,29.0,28.6,0.0,0.0,0.0,0.0,299
2023-05-10 09:40:04,IO2312-P-3500,IO2312-P-3500,29.0,0.0,0.0,0.0,12,28.8,30.4,30,29.0,28.6,0.0,0.0,0.0,0.0,299
2023-05-10 09:40:05,IO2312-P-3500,IO2312-P-3500,29.0,0.0,0.0,0.0,12,28.8,30.4,27,29.0,28.6,0.0,0.0,0.0,0.0,299
2023-05-10 09:40:06,IO2312-P-3500,IO2312-P-3500,29.0,0.0,0.0,0.0,6,29.0,30.4,21,29.0,28.6,0.0,0.0,0.0,0.0,299
2023-05-10 09:40:07,IO2312-P-3500,IO2312-P-3500,29.0,0.0,0.0,0.0,12,28.8,30.4,27,29.0,28.6,0.0,0.0,0.0,0.0,299
2023-05-10 09:40:07,IO2312-P-3500,IO2312-P-3500,29.0,0.0,0.0,0.0,6,29.0,30.4,21,29.0,28.6,0.0,0.0,0.0,0.0,299
2023-05-10 09:40:08,IO2312-P-3500,IO2312-P-3500,29.0,0.0,0.0,0.0,6,29.0,30.4,24,29.0,28.6,0.0,0.0,0.0,0.0,299
2023-05-10 09:40:08,IO2312-P-3500,IO2312-P-3500,29.0,0.0,0.0,0.0,6,29.0,30.4,21,29.0,28.6,0.0,0.0,0.0,0.0,299
2023-05-10 09:40:09,IO2312-P-3500,IO2312-P-3500,29.0,0.0,0.0,0.0,6,29.0,30.4,24,29.0,28.6,0.0,0.0,0.0,0.0,299
2023-05-10 09:40:09,IO2312-P-3500,IO2312-P-3500,29.0,0.0,0.0,0.0,12,28.8,30.4,30,29.0,28.6,0.0,0.0,0.0,0.0,299
2023-05-10 09:40:17,IO2312-P-3500,IO2312-P-3500,29.0,0.0,0.0,0.0,12,28.8,30.4,27,29.0,28.6,0.0,0.0,0.0,0.0,299
2023-05-10 09:40:18,IO2312-P-3500,IO2312-P-3500,29.0,0.0,0.0,0.0,6,28.8,30.2,6,29.0,28.6,0.0,0.0,0.0,0.0,299
2023-05-10 09:40:18,IO2312-P-3500,IO2312-P-3500,29.0,0.0,0.0,0.0,6,28.8,30.2,9,29.0,28.6,0.0,0.0,0.0,0.0,299
2023-05-10 09:40:19,IO2312-P-3500,IO2312-P-3500,29.0,0.0,0.0,0.0,12,28.8,30.2,3,29.0,28.6,0.0,0.0,0.0,0.0,299
2023-05-10 09:40:19,IO2312-P-3500,IO2312-P-3500,29.0,0.0,0.0,0.0,12,28.8,30.4,30,29.0,28.6,0.0,0.0,0.0,0.0,299
2023-05-10 09:40:20,IO2312-P-3500,IO2312-P-3500,29.0,0.0,0.0,0.0,12,28.8,30.4,24,29.0,28.6,0.0,0.0,0.0,0.0,299
2023-05-10 09:40:20,IO2312-P-3500,IO2312-P-3500,29.0,0.0,0.0,0.0,12,28.8,30.4,27,29.0,28.6,0.0,0.0,0.0,0.0,299
2023-05-10 09:40:21,IO2312-P-3500,IO2312-P-3500,29.0,0.0,0.0,0.0,12,28.8,30.4,30,29.0,28.6,0.0,0.0,0.0,0.0,299
2023-05-10 09:40:26,IO2312-P-3500,IO2312-P-3500,29.0,0.0,0.0,0.0,15,28.8,30.4,30,29.0,28.6,0.0,0.0,0.0,0.0,299
2023-05-10 09:40:26,IO2312-P-3500,IO2312-P-3500,29.0,0.0,0.0,0.0,6,29.0,30.4,21,29.0,28.6,0.0,0.0,0.0,0.0,299
2023-05-10 09:40:28,IO2312-P-3500,IO2312-P-3500,29.0,0.0,0.0,0.0,6,29.0,30.4,15,29.0,28.6,0.0,0.0,0.0,0.0,299
2023-05-10 09:40:45,IO2312-P-3500,IO2312-P-3500,29.0,0.0,0.0,0.0,24,28.8,30.4,21,29.0,28.6,0.0,0.0,0.0,0.0,299
2023-05-10 09:40:47,IO2312-P-3500,IO2312-P-3500,29.0,0.0,0.0,0.0,27,28.8,30.4,21,29.0,28.6,0.0,0.0,0.0,0.0,299
2023-05-10 09:40:48,IO2312-P-3500,IO2312-P-3500,29.0,0.0,0.0,0.0,6,29.0,30.4,15,29.0,28.6,0.0,0.0,0.0,0.0,299
2023-05-10 09:41:02,IO2312-P-3500,IO2312-P-3500,29.0,0.0,0.0,0.0,9,29.0,30.4,15,29.0,28.6,0.0,0.0,0.0,0.0,299
2023-05-10 09:41:04,IO2312-P-3500,IO2312-P-3500,29.0,0.0,0.0,0.0,6,29.0,30.4,15,29.0,28.6,0.0,0.0,0.0,0.0,299
2023-05-10 09:41:05,IO2312-P-3500,IO2312-P-3500,29.0,0.0,0.0,0.0,9,29.0,30.4,15,29.0,28.6,0.0,0.0,0.0,0.0,299
2023-05-10 09:41:06,IO2312-P-3500,IO2312-P-3500,29.0,0.0,0.0,0.0,6,29.2,30.4,15,29.0,28.6,0.0,0.0,0.0,0.0,299
2023-05-10 09:41:06,IO2312-P-3500,IO2312-P-3500,29.0,0.0,0.0,0.0,6,29.2,30.4,9,29.0,28.6,0.0,0.0,0.0,0.0,299
2023-05-10 09:41:07,IO2312-P-3500,IO2312-P-3500,29.0,0.0,0.0,0.0,6,29.2,30.4,3,29.0,28.6,0.0,0.0,0.0,0.0,299
2023-05-10 09:41:07,IO2312-P-3500,IO2312-P-3500,29.0,0.0,0.0,0.0,6,29.2,30.6,24,29.0,28.6,0.0,0.0,0.0,0.0,299
2023-05-10 09:41:08,IO2312-P-3500,IO2312-P-3500,29.0,0.0,0.0,0.0,6,29.2,30.6,12,29.0,28.6,0.0,0.0,0.0,0.0,299
2023-05-10 09:41:08,IO2312-P-3500,IO2312-P-3500,29.0,0.0,0.0,0.0,6,29.2,30.6,9,29.0,28.6,0.0,0.0,0.0,0.0,299
2023-05-10 09:41:21,IO2312-P-3500,IO2312-P-3500,29.0,0.0,0.0,0.0,9,29.0,30.6,9,29.0,28.6,0.0,0.0,0.0,0.0,299
2023-05-10 09:41:21,IO2312-P-3500,IO2312-P-3500,29.0,0.0,0.0,0.0,6,29.2,30.6,9,29.0,28.6,0.0,0.0,0.0,0.0,299
2023-05-10 09:41:24,IO2312-P-3500,IO2312-P-3500,29.0,0.0,0.0,0.0,6,29.0,30.6,6,29.0,28.6,0.0,0.0,0.0,0.0,299
2023-05-10 09:41:24,IO2312-P-3500,IO2312-P-3500,29.0,0.0,0.0,0.0,6,29.0,30.6,3,29.0,28.6,0.0,0.0,0.0,0.0,299
2023-05-10 09:41:25,IO2312-P-3500,IO2312-P-3500,29.0,0.0,0.0,0.0,6,29.0,30.8,30,29.0,28.6,0.0,0.0,0.0,0.0,299
2023-05-10 09:41:25,IO2312-P-3500,IO2312-P-3500,29.0,0.0,0.0,0.0,6,29.0,30.8,21,29.0,28.6,0.0,0.0,0.0,0.0,299
2023-05-10 09:41:26,IO2312-P-3500,IO2312-P-3500,29.0,0.0,0.0,0.0,9,29.0,30.8,24,29.0,28.6,0.0,0.0,0.0,0.0,299
2023-05-10 09:41:26,IO2312-P-3500,IO2312-P-3500,29.0,0.0,0.0,0.0,6,29.2,30.8,24,29.0,28.6,0.0,0.0,0.0,0.0,299
2023-05-10 09:41:27,IO2312-P-3500,IO2312-P-3500,29.0,0.0,0.0,0.0,6,29.0,30.8,24,29.0,28.6,0.0,0.0,0.0,0.0,299
2023-05-10 09:41:32,IO2312-P-3500,IO2312-P-3500,29.0,0.0,0.0,0.0,9,29.0,30.8,24,29.0,28.6,0.0,0.0,0.0,0.0,299
2023-05-10 09:41:33,IO2312-P-3500,IO2312-P-3500,29.0,0.0,0.0,0.0,6,29.2,30.8,24,29.0,28.6,0.0,0.0,0.0,0.0,299
2023-05-10 09:41:34,IO2312-P-3500,IO2312-P-3500,29.0,0.0,0.0,0.0,6,29.0,30.8,24,29.0,28.6,0.0,0.0,0.0,0.0,299
2023-05-10 09:41:36,IO2312-P-3500,IO2312-P-3500,29.0,0.0,0.0,0.0,6,29.0,30.8,30,29.0,28.6,0.0,0.0,0.0,0.0,299
2023-05-10 09:41:38,IO2312-P-3500,IO2312-P-3500,29.0,0.0,0.0,0.0,6,29.0,30.8,24,29.0,28.6,0.0,0.0,0.0,0.0,299
2023-05-10 09:41:41,IO2312-P-3500,IO2312-P-3500,29.0,0.0,0.0,0.0,6,29.0,30.8,30,29.0,28.6,0.0,0.0,0.0,0.0,299
2023-05-10 09:41:43,IO2312-P-3500,IO2312-P-3500,29.0,0.0,0.0,0.0,6,29.0,30.6,6,29.0,28.6,0.0,0.0,0.0,0.0,299
2023-05-10 09:41:43,IO2312-P-3500,IO2312-P-3500,29.0,0.0,0.0,0.0,6,29.0,30.6,9,29.0,28.6,0.0,0.0,0.0,0.0,299
2023-05-10 09:41:48,IO2312-P-3500,IO2312-P-3500,29.0,0.0,0.0,0.0,6,29.0,30.6,3,29.0,28.6,0.0,0.0,0.0,0.0,299
2023-05-10 09:41:48,IO2312-P-3500,IO2312-P-3500,29.0,0.0,0.0,0.0,6,29.0,30.8,24,29.0,28.6,0.0,0.0,0.0,0.0,299
2023-05-10 09:41:49,IO2312-P-3500,IO2312-P-3500,29.0,0.0,0.0,0.0,6,29.0,30.8,21,29.0,28.6,0.0,0.0,0.0,0.0,299
2023-05-10 09:41:49,IO2312-P-3500,IO2312-P-3500,29.0,0.0,0.0,0.0,6,29.0,30.8,24,29.0,28.6,0.0,0.0,0.0,0.0,299
2023-05-10 09:41:52,IO2312-P-3500,IO2312-P-3500,29.0,0.0,0.0,0.0,6,29.0,30.8,18,29.0,28.6,0.0,0.0,0.0,0.0,299
2023-05-10 09:41:52,IO2312-P-3500,IO2312-P-3500,29.0,0.0,0.0,0.0,6,29.0,30.8,12,29.0,28.6,0.0,0.0,0.0,0.0,299
2023-05-10 09:41:53,IO2312-P-3500,IO2312-P-3500,29.0,0.0,0.0,0.0,9,29.0,30.8,6,29.0,28.6,0.0,0.0,0.0,0.0,299
2023-05-10 09:41:53,IO2312-P-3500,IO2312-P-3500,29.0,0.0,0.0,0.0,6,29.2,30.8,12,29.0,28.6,0.0,0.0,0.0,0.0,299
2023-05-10 09:41:54,IO2312-P-3500,IO2312-P-3500,29.0,0.0,0.0,0.0,6,29.2,30.8,6,29.0,28.6,0.0,0.0,0.0,0.0,299
2023-05-10 09:41:55,IO2312-P-3500,IO2312-P-3500,29.0,0.0,0.0,0.0,9,29.0,30.8,6,29.0,28.6,0.0,0.0,0.0,0.0,299
2023-05-10 09:41:55,IO2312-P-3500,IO2312-P-3500,29.0,0.0,0.0,0.0,6,29.2,30.8,6,29.0,28.6,0.0,0.0,0.0,0.0,299
2023-05-10 09:42:01,IO2312-P-3500,IO2312-P-3500,29.0,0.0,0.0,0.0,6,29.2,30.8,3,29.0,28.6,0.0,0.0,0.0,0.0,299
2023-05-10 09:42:02,IO2312-P-3500,IO2312-P-3500,29.0,0.0,0.0,0.0,6,29.2,31.0,30,29.0,28.6,0.0,0.0,0.0,0.0,299
2023-05-10 09:42:02,IO2312-P-3500,IO2312-P-3500,29.0,0.0,0.0,0.0,6,29.2,31.0,18,29.0,28.6,0.0,0.0,0.0,0.0,299
2023-05-10 09:42:03,IO2312-P-3500,IO2312-P-3500,29.0,0.0,0.0,0.0,9,29.2,31.0,18,29.0,28.6,0.0,0.0,0.0,0.0,299
2023-05-10 09:42:04,IO2312-P-3500,IO2312-P-3500,29.0,0.0,0.0,0.0,6,29.4,31.0,12,29.0,28.6,0.0,0.0,0.0,0.0,299
2023-05-10 09:42:04,IO2312-P-3500,IO2312-P-3500,29.0,0.0,0.0,0.0,12,29.4,31.0,6,29.0,28.6,0.0,0.0,0.0,0.0,299
2023-05-10 09:42:05,IO2312-P-3500,IO2312-P-3500,29.0,0.0,0.0,0.0,6,29.6,31.0,6,29.0,28.6,0.0,0.0,0.0,0.0,299
2023-05-10 09:42:07,IO2312-P-3500,IO2312-P-3500,29.0,0.0,0.0,0.0,12,29.4,31.0,12,29.0,28.6,0.0,0.0,0.0,0.0,299
2023-05-10 09:42:13,IO2312-P-3500,IO2312-P-3500,29.0,0.0,0.0,0.0,6,29.6,31.0,6,29.0,28.6,0.0,0.0,0.0,0.0,299
2023-05-10 09:42:15,IO2312-P-3500,IO2312-P-3500,29.0,0.0,0.0,0.0,12,29.4,31.0,12,29.0,28.6,0.0,0.0,0.0,0.0,299
2023-05-10 09:42:23,IO2312-P-3500,IO2312-P-3500,29.0,0.0,0.0,0.0,12,29.4,30.6,1,29.0,28.6,0.0,0.0,0.0,0.0,299
2023-05-10 09:42:30,IO2312-P-3500,IO2312-P-3500,29.0,0.0,0.0,0.0,6,29.6,30.6,1,29.0,28.6,0.0,0.0,0.0,0.0,299
2023-05-10 09:42:47,IO2312-P-3500,IO2312-P-3500,29.0,0.0,0.0,0.0,12,29.4,30.6,1,29.0,28.6,0.0,0.0,0.0,0.0,299
2023-05-10 09:43:00,IO2312-P-3500,IO2312-P-3500,29.0,0.0,0.0,0.0,6,29.6,30.6,1,29.0,28.6,0.0,0.0,0.0,0.0,299
2023-05-10 09:43:03,IO2312-P-3500,IO2312-P-3500,29.0,0.0,0.0,0.0,12,29.4,30.6,1,29.0,28.6,0.0,0.0,0.0,0.0,299
2023-05-10 09:43:12,IO2312-P-3500,IO2312-P-3500,29.0,0.0,0.0,0.0,6,29.4,30.6,1,29.0,28.6,0.0,0.0,0.0,0.0,299
2023-05-10 09:43:14,IO2312-P-3500,IO2312-P-3500,29.0,0.0,0.0,0.0,6,29.4,30.6,7,29.0,28.6,0.0,0.0,0.0,0.0,299
2023-05-10 09:43:15,IO2312-P-3500,IO2312-P-3500,29.0,0.0,0.0,0.0,6,29.4,30.6,10,29.0,28.6,0.0,0.0,0.0,0.0,299
2023-05-10 09:43:22,IO2312-P-3500,IO2312-P-3500,29.0,0.0,0.0,0.0,6,29.2,30.6,10,29.0,28.6,0.0,0.0,0.0,0.0,299
2023-05-10 09:43:23,IO2312-P-3500,IO2312-P-3500,29.0,0.0,0.0,0.0,18,29.0,30.6,10,29.0,28.6,0.0,0.0,0.0,0.0,299
2023-05-10 09:43:23,IO2312-P-3500,IO2312-P-3500,29.0,0.0,0.0,0.0,6,29.0,30.6,10,29.0,28.6,0.0,0.0,0.0,0.0,299
2023-05-10 09:43:24,IO2312-P-3500,IO2312-P-3500,29.0,0.0,0.0,0.0,45,28.8,30.4,6,29.0,28.6,0.0,0.0,0.0,0.0,299
2023-05-10 09:43:24,IO2312-P-3500,IO2312-P-3500,29.0,0.0,0.0,0.0,33,28.8,30.4,9,29.0,28.6,0.0,0.0,0.0,0.0,299
2023-05-10 09:43:27,IO2312-P-3500,IO2312-P-3500,29.0,0.0,0.0,0.0,6,29.0,30.4,3,29.0,28.6,0.0,0.0,0.0,0.0,299
2023-05-10 09:43:27,IO2312-P-3500,IO2312-P-3500,29.0,0.0,0.0,0.0,6,29.0,30.6,19,29.0,28.6,0.0,0.0,0.0,0.0,299
2023-05-10 09:43:28,IO2312-P-3500,IO2312-P-3500,29.0,0.0,0.0,0.0,33,28.8,30.4,6,29.0,28.6,0.0,0.0,0.0,0.0,299
2023-05-10 09:43:28,IO2312-P-3500,IO2312-P-3500,29.0,0.0,0.0,0.0,33,28.8,30.4,9,29.0,28.6,0.0,0.0,0.0,0.0,299
2023-05-10 09:43:30,IO2312-P-3500,IO2312-P-3500,29.0,0.0,0.0,0.0,6,29.0,30.4,3,29.0,28.6,0.0,0.0,0.0,0.0,299
2023-05-10 09:43:31,IO2312-P-3500,IO2312-P-3500,29.0,0.0,0.0,0.0,6,29.0,30.6,19,29.0,28.6,0.0,0.0,0.0,0.0,299
2023-05-10 09:43:31,IO2312-P-3500,IO2312-P-3500,29.0,0.0,0.0,0.0,9,29.0,30.6,16,29.0,28.6,0.0,0.0,0.0,0.0,299
2023-05-10 09:43:32,IO2312-P-3500,IO2312-P-3500,29.0,0.0,0.0,0.0,9,29.0,30.6,19,29.0,28.6,0.0,0.0,0.0,0.0,299
2023-05-10 09:43:32,IO2312-P-3500,IO2312-P-3500,29.0,0.0,0.0,0.0,6,29.0,30.6,19,29.0,28.6,0.0,0.0,0.0,0.0,299
2023-05-10 09:43:41,IO2312-P-3500,IO2312-P-3500,29.0,0.0,0.0,0.0,9,29.0,30.6,19,29.0,28.6,0.0,0.0,0.0,0.0,299
2023-05-10 09:43:42,IO2312-P-3500,IO2312-P-3500,29.0,0.0,0.0,0.0,6,29.2,30.6,10,29.0,28.6,0.0,0.0,0.0,0.0,299
2023-05-10 09:43:43,IO2312-P-3500,IO2312-P-3500,29.0,0.0,0.0,0.0,9,29.0,30.6,13,29.0,28.6,0.0,0.0,0.0,0.0,299
2023-05-10 09:43:45,IO2312-P-3500,IO2312-P-3500,29.0,0.0,0.0,0.0,6,29.2,30.6,7,29.0,28.6,0.0,0.0,0.0,0.0,299
2023-05-10 09:43:50,IO2312-P-3500,IO2312-P-3500,29.0,0.0,0.0,0.0,9,29.2,30.6,4,29.0,28.6,0.0,0.0,0.0,0.0,299
2023-05-10 09:43:51,IO2312-P-3500,IO2312-P-3500,29.0,0.0,0.0,0.0,6,29.4,30.6,4,29.0,28.6,0.0,0.0,0.0,0.0,299
2023-05-10 09:43:51,IO2312-P-3500,IO2312-P-3500,29.0,0.0,0.0,0.0,12,29.4,30.6,4,29.0,28.6,0.0,0.0,0.0,0.0,299
2023-05-10 09:43:56,IO2312-P-3500,IO2312-P-3500,29.0,0.0,0.0,0.0,6,29.4,30.6,4,29.0,28.6,0.0,0.0,0.0,0.0,299
2023-05-10 09:44:01,IO2312-P-3500,IO2312-P-3500,29.0,0.0,0.0,0.0,6,29.4,30.6,1,29.0,28.6,0.0,0.0,0.0,0.0,299
2023-05-10 09:44:02,IO2312-P-3500,IO2312-P-3500,29.0,0.0,0.0,0.0,12,29.4,30.6,1,29.0,28.6,0.0,0.0,0.0,0.0,299
2023-05-10 09:44:28,IO2312-P-3500,IO2312-P-3500,29.0,0.0,0.0,0.0,6,29.4,30.6,1,29.0,28.6,0.0,0.0,0.0,0.0,299
2023-05-10 09:44:29,IO2312-P-3500,IO2312-P-3500,29.0,0.0,0.0,0.0,9,29.2,30.6,1,29.0,28.6,0.0,0.0,0.0,0.0,299
2023-05-10 09:44:30,IO2312-P-3500,IO2312-P-3500,29.0,0.0,0.0,0.0,6,29.4,30.6,1,29.0,28.6,0.0,0.0,0.0,0.0,299
2023-05-10 09:44:37,IO2312-P-3500,IO2312-P-3500,29.0,0.0,0.0,0.0,9,29.2,30.6,1,29.0,28.6,0.0,0.0,0.0,0.0,299
2023-05-10 09:44:38,IO2312-P-3500,IO2312-P-3500,29.0,0.0,0.0,0.0,6,29.4,30.6,1,29.0,28.6,0.0,0.0,0.0,0.0,299
2023-05-10 09:44:39,IO2312-P-3500,IO2312-P-3500,29.0,0.0,0.0,0.0,9,29.2,30.6,1,29.0,28.6,0.0,0.0,0.0,0.0,299
2023-05-10 09:44:39,IO2312-P-3500,IO2312-P-3500,29.0,0.0,0.0,0.0,6,29.4,30.6,1,29.0,28.6,0.0,0.0,0.0,0.0,299
2023-05-10 09:44:43,IO2312-P-3500,IO2312-P-3500,29.0,0.0,0.0,0.0,6,29.2,30.6,1,29.0,28.6,0.0,0.0,0.0,0.0,299
2023-05-10 09:44:49,IO2312-P-3500,IO2312-P-3500,29.0,0.0,0.0,0.0,9,29.2,30.6,1,29.0,28.6,0.0,0.0,0.0,0.0,299
2023-05-10 09:44:50,IO2312-P-3500,IO2312-P-3500,29.0,0.0,0.0,0.0,6,29.4,30.6,1,29.0,28.6,0.0,0.0,0.0,0.0,299
2023-05-10 09:44:51,IO2312-P-3500,IO2312-P-3500,29.0,0.0,0.0,0.0,9,29.2,30.6,1,29.0,28.6,0.0,0.0,0.0,0.0,299
2023-05-10 09:44:51,IO2312-P-3500,IO2312-P-3500,29.0,0.0,0.0,0.0,6,29.4,30.6,1,29.0,28.6,0.0,0.0,0.0,0.0,299
2023-05-10 09:44:52,IO2312-P-3500,IO2312-P-3500,29.0,0.0,0.0,0.0,6,29.2,30.6,1,29.0,28.6,0.0,0.0,0.0,0.0,299
2023-05-10 09:45:08,IO2312-P-3500,IO2312-P-3500,29.0,0.0,0.0,0.0,9,29.2,30.6,1,29.0,28.6,0.0,0.0,0.0,0.0,299
2023-05-10 09:45:08,IO2312-P-3500,IO2312-P-3500,29.0,0.0,0.0,0.0,6,29.4,30.6,1,29.0,28.6,0.0,0.0,0.0,0.0,299
2023-05-10 09:45:09,IO2312-P-3500,IO2312-P-3500,29.0,0.0,0.0,0.0,9,29.2,30.6,1,29.0,28.6,0.0,0.0,0.0,0.0,299
2023-05-10 09:45:10,IO2312-P-3500,IO2312-P-3500,29.0,0.0,0.0,0.0,6,29.4,30.6,1,29.0,28.6,0.0,0.0,0.0,0.0,299
2023-05-10 09:45:11,IO2312-P-3500,IO2312-P-3500,29.0,0.0,0.0,0.0,9,29.2,30.6,1,29.0,28.6,0.0,0.0,0.0,0.0,299
2023-05-10 09:45:11,IO2312-P-3500,IO2312-P-3500,29.0,0.0,0.0,0.0,6,29.4,30.6,1,29.0,28.6,0.0,0.0,0.0,0.0,299
2023-05-10 09:45:14,IO2312-P-3500,IO2312-P-3500,29.0,0.0,0.0,0.0,6,29.2,30.6,1,29.0,28.6,0.0,0.0,0.0,0.0,299
2023-05-10 09:45:15,IO2312-P-3500,IO2312-P-3500,29.0,0.0,0.0,0.0,9,29.2,30.6,1,29.0,28.6,0.0,0.0,0.0,0.0,299
2023-05-10 09:45:15,IO2312-P-3500,IO2312-P-3500,29.0,0.0,0.0,0.0,6,29.4,30.6,1,29.0,28.6,0.0,0.0,0.0,0.0,299
2023-05-10 09:45:16,IO2312-P-3500,IO2312-P-3500,29.0,0.0,0.0,0.0,6,29.2,30.6,1,29.0,28.6,0.0,0.0,0.0,0.0,299
2023-05-10 09:46:07,IO2312-P-3500,IO2312-P-3500,29.0,0.0,0.0,0.0,9,29.2,30.6,1,29.0,28.6,0.0,0.0,0.0,0.0,299
2023-05-10 09:46:08,IO2312-P-3500,IO2312-P-3500,29.0,0.0,0.0,0.0,6,29.4,30.6,1,29.0,28.6,0.0,0.0,0.0,0.0,299
2023-05-10 09:46:13,IO2312-P-3500,IO2312-P-3500,29.0,0.0,0.0,0.0,9,29.2,30.6,1,29.0,28.6,0.0,0.0,0.0,0.0,299
2023-05-10 09:46:14,IO2312-P-3500,IO2312-P-3500,29.0,0.0,0.0,0.0,6,29.4,30.6,1,29.0,28.6,0.0,0.0,0.0,0.0,299
2023-05-10 09:46:15,IO2312-P-3500,IO2312-P-3500,29.0,0.0,0.0,0.0,9,29.2,30.6,1,29.0,28.6,0.0,0.0,0.0,0.0,299
2023-05-10 09:46:15,IO2312-P-3500,IO2312-P-3500,29.0,0.0,0.0,0.0,6,29.4,30.6,1,29.0,28.6,0.0,0.0,0.0,0.0,299
2023-05-10 09:46:22,IO2312-P-3500,IO2312-P-3500,29.0,0.0,0.0,0.0,9,29.2,30.6,1,29.0,28.6,0.0,0.0,0.0,0.0,299
2023-05-10 09:46:23,IO2312-P-3500,IO2312-P-3500,29.0,0.0,0.0,0.0,6,29.2,30.6,1,29.0,28.6,0.0,0.0,0.0,0.0,299
2023-05-10 09:46:27,IO2312-P-3500,IO2312-P-3500,29.0,0.0,0.0,0.0,21,29.0,30.6,7,29.0,28.6,0.0,0.0,0.0,0.0,299
2023-05-10 09:46:28,IO2312-P-3500,IO2312-P-3500,29.0,0.0,0.0,0.0,9,29.0,30.6,10,29.0,28.6,0.0,0.0,0.0,0.0,299
2023-05-10 09:46:30,IO2312-P-3500,IO2312-P-3500,29.0,0.0,0.0,0.0,6,29.2,30.6,4,29.0,28.6,0.0,0.0,0.0,0.0,299
2023-05-10 09:46:30,IO2312-P-3500,IO2312-P-3500,29.0,0.0,0.0,0.0,6,29.2,30.6,1,29.0,28.6,0.0,0.0,0.0,0.0,299
2023-05-10 09:46:42,IO2312-P-3500,IO2312-P-3500,29.0,0.0,0.0,0.0,9,29.2,30.6,1,29.0,28.6,0.0,0.0,0.0,0.0,299
2023-05-10 09:46:43,IO2312-P-3500,IO2312-P-3500,29.0,0.0,0.0,0.0,6,29.2,30.6,1,29.0,28.6,0.0,0.0,0.0,0.0,299
2023-05-10 09:46:43,IO2312-P-3500,IO2312-P-3500,29.0,0.0,0.0,0.0,6,29.0,30.6,1,29.0,28.6,0.0,0.0,0.0,0.0,299
2023-05-10 09:46:44,IO2312-P-3500,IO2312-P-3500,29.0,0.0,0.0,0.0,9,29.0,30.6,1,29.0,28.6,0.0,0.0,0.0,0.0,299
2023-05-10 09:46:44,IO2312-P-3500,IO2312-P-3500,29.0,0.0,0.0,0.0,9,29.0,30.6,7,29.0,28.6,0.0,0.0,0.0,0.0,299
2023-05-10 09:46:45,IO2312-P-3500,IO2312-P-3500,29.0,0.0,0.0,0.0,6,29.0,30.6,10,29.0,28.6,0.0,0.0,0.0,0.0,299
2023-05-10 09:46:45,IO2312-P-3500,IO2312-P-3500,29.0,0.0,0.0,0.0,6,29.0,30.6,4,29.0,28.6,0.0,0.0,0.0,0.0,299
2023-05-10 09:46:46,IO2312-P-3500,IO2312-P-3500,29.0,0.0,0.0,0.0,6,29.0,30.6,1,29.0,28.6,0.0,0.0,0.0,0.0,299
2023-05-10 09:46:49,IO2312-P-3500,IO2312-P-3500,29.0,0.0,0.0,0.0,6,29.0,30.6,7,29.0,28.6,0.0,0.0,0.0,0.0,299
2023-05-10 09:46:49,IO2312-P-3500,IO2312-P-3500,29.0,0.0,0.0,0.0,6,29.0,30.6,10,29.0,28.6,0.0,0.0,0.0,0.0,299
2023-05-10 09:46:54,IO2312-P-3500,IO2312-P-3500,29.0,0.0,0.0,0.0,6,29.0,30.6,4,29.0,28.6,0.0,0.0,0.0,0.0,299
2023-05-10 09:46:55,IO2312-P-3500,IO2312-P-3500,29.0,0.0,0.0,0.0,6,29.0,30.6,1,29.0,28.6,0.0,0.0,0.0,0.0,299
2023-05-10 09:47:07,IO2312-P-3500,IO2312-P-3500,29.0,0.0,0.0,0.0,6,29.0,30.6,4,29.0,28.6,0.0,0.0,0.0,0.0,299
2023-05-10 09:47:10,IO2312-P-3500,IO2312-P-3500,29.0,0.0,0.0,0.0,6,29.0,30.6,1,29.0,28.6,0.0,0.0,0.0,0.0,299
2023-05-10 09:48:08,IO2312-P-3500,IO2312-P-3500,29.0,0.0,0.0,0.0,6,29.0,30.6,10,29.0,28.6,0.0,0.0,0.0,0.0,299
2023-05-10 09:48:09,IO2312-P-3500,IO2312-P-3500,29.0,0.0,0.0,0.0,6,29.0,30.6,13,29.0,28.6,0.0,0.0,0.0,0.0,299
2023-05-10 09:48:10,IO2312-P-3500,IO2312-P-3500,29.0,0.0,0.0,0.0,42,28.8,30.4,6,29.0,28.6,0.0,0.0,0.0,0.0,299
2023-05-10 09:48:10,IO2312-P-3500,IO2312-P-3500,29.0,0.0,0.0,0.0,36,28.8,30.4,9,29.0,28.6,0.0,0.0,0.0,0.0,299
2023-05-10 09:48:12,IO2312-P-3500,IO2312-P-3500,29.0,0.0,0.0,0.0,30,28.8,30.4,9,29.0,28.6,0.0,0.0,0.0,0.0,299
2023-05-10 09:48:14,IO2312-P-3500,IO2312-P-3500,29.0,0.0,0.0,0.0,6,29.0,30.4,3,29.0,28.6,0.0,0.0,0.0,0.0,299
2023-05-10 09:48:14,IO2312-P-3500,IO2312-P-3500,29.0,0.0,0.0,0.0,6,29.0,30.6,13,29.0,28.6,0.0,0.0,0.0,0.0,299
2023-05-10 09:48:15,IO2312-P-3500,IO2312-P-3500,29.0,0.0,0.0,0.0,6,29.0,30.6,10,29.0,28.6,0.0,0.0,0.0,0.0,299
2023-05-10 09:48:15,IO2312-P-3500,IO2312-P-3500,29.0,0.0,0.0,0.0,6,29.0,30.6,13,29.0,28.6,0.0,0.0,0.0,0.0,299
2023-05-10 09:48:17,IO2312-P-3500,IO2312-P-3500,29.0,0.0,0.0,0.0,6,29.0,30.6,7,29.0,28.6,0.0,0.0,0.0,0.0,299
2023-05-10 09:48:25,IO2312-P-3500,IO2312-P-3500,29.0,0.0,0.0,0.0,6,29.0,30.6,13,29.0,28.6,0.0,0.0,0.0,0.0,299
2023-05-10 09:48:31,IO2312-P-3500,IO2312-P-3500,29.0,0.0,0.0,0.0,30,28.8,30.4,6,29.0,28.6,0.0,0.0,0.0,0.0,299
2023-05-10 09:48:31,IO2312-P-3500,IO2312-P-3500,29.0,0.0,0.0,0.0,30,28.8,30.4,12,29.0,28.6,0.0,0.0,0.0,0.0,299
2023-05-10 09:48:37,IO2312-P-3500,IO2312-P-3500,29.0,0.0,0.0,0.0,24,28.8,30.4,12,29.0,28.6,0.0,0.0,0.0,0.0,299
2023-05-10 09:48:40,IO2312-P-3500,IO2312-P-3500,29.0,0.0,0.0,0.0,24,28.8,30.4,9,29.0,28.6,0.0,0.0,0.0,0.0,299
2023-05-10 09:48:41,IO2312-P-3500,IO2312-P-3500,29.0,0.0,0.0,0.0,24,28.8,30.4,12,29.0,28.6,0.0,0.0,0.0,0.0,299
2023-05-10 09:48:41,IO2312-P-3500,IO2312-P-3500,29.0,0.0,0.0,0.0,24,28.8,30.4,9,29.0,28.6,0.0,0.0,0.0,0.0,299
2023-05-10 09:48:47,IO2312-P-3500,IO2312-P-3500,29.0,0.0,0.0,0.0,6,29.0,30.4,3,29.0,28.6,0.0,0.0,0.0,0.0,299
2023-05-10 09:48:48,IO2312-P-3500,IO2312-P-3500,29.0,0.0,0.0,0.0,6,29.0,30.6,19,29.0,28.6,0.0,0.0,0.0,0.0,299
2023-05-10 09:48:48,IO2312-P-3500,IO2312-P-3500,29.0,0.0,0.0,0.0,6,29.0,30.6,10,29.0,28.6,0.0,0.0,0.0,0.0,299
2023-05-10 09:48:49,IO2312-P-3500,IO2312-P-3500,29.0,0.0,0.0,0.0,6,29.0,30.6,13,29.0,28.6,0.0,0.0,0.0,0.0,299
2023-05-10 09:48:50,IO2312-P-3500,IO2312-P-3500,29.0,0.0,0.0,0.0,6,29.0,30.6,10,29.0,28.6,0.0,0.0,0.0,0.0,299
2023-05-10 09:48:51,IO2312-P-3500,IO2312-P-3500,29.0,0.0,0.0,0.0,6,29.0,30.6,4,29.0,28.6,0.0,0.0,0.0,0.0,299
2023-05-10 09:48:51,IO2312-P-3500,IO2312-P-3500,29.0,0.0,0.0,0.0,6,29.0,30.6,1,29.0,28.6,0.0,0.0,0.0,0.0,299
2023-05-10 09:48:56,IO2312-P-3500,IO2312-P-3500,29.0,0.0,0.0,0.0,6,29.0,30.6,4,29.0,28.6,0.0,0.0,0.0,0.0,299
2023-05-10 09:49:01,IO2312-P-3500,IO2312-P-3500,29.0,0.0,0.0,0.0,6,29.0,30.6,1,29.0,28.6,0.0,0.0,0.0,0.0,299
2023-05-10 09:49:15,IO2312-P-3500,IO2312-P-3500,29.0,0.0,0.0,0.0,6,29.0,30.6,4,29.0,28.6,0.0,0.0,0.0,0.0,299
2023-05-10 09:49:17,IO2312-P-3500,IO2312-P-3500,29.0,0.0,0.0,0.0,6,29.0,30.6,1,29.0,28.6,0.0,0.0,0.0,0.0,299
2023-05-10 09:49:17,IO2312-P-3500,IO2312-P-3500,29.0,0.0,0.0,0.0,6,29.0,30.6,4,29.0,28.6,0.0,0.0,0.0,0.0,299
2023-05-10 09:49:18,IO2312-P-3500,IO2312-P-3500,29.0,0.0,0.0,0.0,6,29.0,30.6,1,29.0,28.6,0.0,0.0,0.0,0.0,299
2023-05-10 09:49:51,IO2312-P-3500,IO2312-P-3500,29.0,0.0,0.0,0.0,6,29.0,30.6,4,29.0,28.6,0.0,0.0,0.0,0.0,299
2023-05-10 09:49:52,IO2312-P-3500,IO2312-P-3500,29.0,0.0,0.0,0.0,6,29.0,30.6,1,29.0,28.6,0.0,0.0,0.0,0.0,299
2023-05-10 09:49:54,IO2312-P-3500,IO2312-P-3500,29.0,0.0,0.0,0.0,6,29.0,30.6,7,29.0,28.6,0.0,0.0,0.0,0.0,299
2023-05-10 09:49:55,IO2312-P-3500,IO2312-P-3500,29.0,0.0,0.0,0.0,6,29.0,30.6,10,29.0,28.6,0.0,0.0,0.0,0.0,299
2023-05-10 09:49:58,IO2312-P-3500,IO2312-P-3500,29.0,0.0,0.0,0.0,6,29.0,30.6,13,29.0,28.6,0.0,0.0,0.0,0.0,299
2023-05-10 09:50:00,IO2312-P-3500,IO2312-P-3500,29.0,0.0,0.0,0.0,6,29.0,30.6,10,29.0,28.6,0.0,0.0,0.0,0.0,299
2023-05-10 09:50:08,IO2312-P-3500,IO2312-P-3500,29.0,0.0,0.0,0.0,6,29.0,30.6,13,29.0,28.6,0.0,0.0,0.0,0.0,299
2023-05-10 09:50:14,IO2312-P-3500,IO2312-P-3500,29.0,0.0,0.0,0.0,30,28.8,30.4,6,29.0,28.6,0.0,0.0,0.0,0.0,299
2023-05-10 09:50:15,IO2312-P-3500,IO2312-P-3500,29.0,0.0,0.0,0.0,24,28.8,30.4,12,29.0,28.6,0.0,0.0,0.0,0.0,299
2023-05-10 09:50:17,IO2312-P-3500,IO2312-P-3500,29.0,0.0,0.0,0.0,24,28.8,30.4,9,29.0,28.6,0.0,0.0,0.0,0.0,299
2023-05-10 09:50:19,IO2312-P-3500,IO2312-P-3500,29.0,0.0,0.0,0.0,24,28.8,30.4,12,29.0,28.6,0.0,0.0,0.0,0.0,299
2023-05-10 09:50:21,IO2312-P-3500,IO2312-P-3500,29.0,0.0,0.0,0.0,24,28.8,30.4,9,29.0,28.6,0.0,0.0,0.0,0.0,299
2023-05-10 09:50:21,IO2312-P-3500,IO2312-P-3500,29.0,0.0,0.0,0.0,24,28.8,30.4,12,29.0,28.6,0.0,0.0,0.0,0.0,299
2023-05-10 09:50:23,IO2312-P-3500,IO2312-P-3500,29.0,0.0,0.0,0.0,18,28.8,30.4,12,29.0,28.6,0.0,0.0,0.0,0.0,299
2023-05-10 09:50:24,IO2312-P-3500,IO2312-P-3500,29.0,0.0,0.0,0.0,12,28.8,30.4,12,29.0,28.6,0.0,0.0,0.0,0.0,299
2023-05-10 09:50:24,IO2312-P-3500,IO2312-P-3500,29.0,0.0,0.0,0.0,6,28.8,30.4,12,29.0,28.6,0.0,0.0,0.0,0.0,299
2023-05-10 09:50:27,IO2312-P-3500,IO2312-P-3500,29.0,0.0,0.0,0.0,30,28.6,30.2,6,29.0,28.6,0.0,0.0,0.0,0.0,299
2023-05-10 09:50:28,IO2312-P-3500,IO2312-P-3500,29.0,0.0,0.0,0.0,18,28.6,30.2,9,29.0,28.6,0.0,0.0,0.0,0.0,299
2023-05-10 09:50:28,IO2312-P-3500,IO2312-P-3500,29.0,0.0,0.0,0.0,12,28.6,30.2,9,29.0,28.6,0.0,0.0,0.0,0.0,299
2023-05-10 09:50:29,IO2312-P-3500,IO2312-P-3500,29.0,0.0,0.0,0.0,6,28.6,30.2,9,29.0,28.6,0.0,0.0,0.0,0.0,299
2023-05-10 09:50:29,IO2312-P-3500,IO2312-P-3500,29.0,0.0,0.0,0.0,6,28.6,30.2,3,29.0,28.6,0.0,0.0,0.0,0.0,299
2023-05-10 09:50:30,IO2312-P-3500,IO2312-P-3500,29.0,0.0,0.0,0.0,6,28.6,30.4,12,29.0,28.6,0.0,0.0,0.0,0.0,299
2023-05-10 09:50:30,IO2312-P-3500,IO2312-P-3500,29.0,0.0,0.0,0.0,6,28.6,30.4,9,29.0,28.6,0.0,0.0,0.0,0.0,299
2023-05-10 09:50:31,IO2312-P-3500,IO2312-P-3500,29.0,0.0,0.0,0.0,6,28.6,30.4,12,29.0,28.6,0.0,0.0,0.0,0.0,299
2023-05-10 09:50:32,IO2312-P-3500,IO2312-P-3500,29.0,0.0,0.0,0.0,6,28.6,30.2,6,29.0,28.6,0.0,0.0,0.0,0.0,299
2023-05-10 09:50:32,IO2312-P-3500,IO2312-P-3500,29.0,0.0,0.0,0.0,6,28.6,30.2,3,29.0,28.6,0.0,0.0,0.0,0.0,299
2023-05-10 09:50:33,IO2312-P-3500,IO2312-P-3500,29.0,0.0,0.0,0.0,6,28.6,30.4,12,29.0,28.6,0.0,0.0,0.0,0.0,299
2023-05-10 09:50:33,IO2312-P-3500,IO2312-P-3500,29.0,0.0,0.0,0.0,6,28.6,30.4,9,29.0,28.6,0.0,0.0,0.0,0.0,299
2023-05-10 09:50:34,IO2312-P-3500,IO2312-P-3500,29.0,0.0,0.0,0.0,6,28.6,30.4,12,29.0,28.6,0.0,0.0,0.0,0.0,299
2023-05-10 09:50:49,IO2312-P-3500,IO2312-P-3500,29.0,0.0,0.0,0.0,6,28.6,30.4,6,29.0,28.6,0.0,0.0,0.0,0.0,299
2023-05-10 09:50:55,IO2312-P-3500,IO2312-P-3500,29.0,0.0,0.0,0.0,6,28.6,30.4,12,29.0,28.6,0.0,0.0,0.0,0.0,299
2023-05-10 09:50:56,IO2312-P-3500,IO2312-P-3500,29.0,0.0,0.0,0.0,6,28.6,30.4,6,29.0,28.6,0.0,0.0,0.0,0.0,299
2023-05-10 09:51:01,IO2312-P-3500,IO2312-P-3500,29.0,0.0,0.0,0.0,9,28.6,30.4,6,29.0,28.6,0.0,0.0,0.0,0.0,299
2023-05-10 09:51:01,IO2312-P-3500,IO2312-P-3500,29.0,0.0,0.0,0.0,6,28.8,30.4,6,29.0,28.6,0.0,0.0,0.0,0.0,299
2023-05-10 09:51:02,IO2312-P-3500,IO2312-P-3500,29.0,0.0,0.0,0.0,12,28.8,30.4,6,29.0,28.6,0.0,0.0,0.0,0.0,299
2023-05-10 09:51:03,IO2312-P-3500,IO2312-P-3500,29.0,0.0,0.0,0.0,6,29.0,30.4,6,29.0,28.6,0.0,0.0,0.0,0.0,299
2023-05-10 09:51:11,IO2312-P-3500,IO2312-P-3500,29.0,0.0,0.0,0.0,12,28.8,30.4,12,29.0,28.6,0.0,0.0,0.0,0.0,299
2023-05-10 09:51:12,IO2312-P-3500,IO2312-P-3500,29.0,0.0,0.0,0.0,6,28.8,30.4,12,29.0,28.6,0.0,0.0,0.0,0.0,299
2023-05-10 09:51:13,IO2312-P-3500,IO2312-P-3500,29.0,0.0,0.0,0.0,9,28.6,30.4,12,29.0,28.6,0.0,0.0,0.0,0.0,299
2023-05-10 09:51:14,IO2312-P-3500,IO2312-P-3500,29.0,0.0,0.0,0.0,6,28.8,30.4,12,29.0,28.6,0.0,0.0,0.0,0.0,299
2023-05-10 09:51:15,IO2312-P-3500,IO2312-P-3500,29.0,0.0,0.0,0.0,6,28.6,30.4,12,29.0,28.6,0.0,0.0,0.0,0.0,299
2023-05-10 09:51:16,IO2312-P-3500,IO2312-P-3500,29.0,0.0,0.0,0.0,30,28.4,30.2,6,29.0,28.6,0.0,0.0,0.0,0.0,299
2023-05-10 09:51:16,IO2312-P-3500,IO2312-P-3500,29.0,0.0,0.0,0.0,30,28.4,30.2,9,29.0,28.6,0.0,0.0,0.0,0.0,299
2023-05-10 09:51:17,IO2312-P-3500,IO2312-P-3500,29.0,0.0,0.0,0.0,30,28.4,30.0,6,29.0,28.6,0.0,0.0,0.0,0.0,299
2023-05-10 09:51:17,IO2312-P-3500,IO2312-P-3500,29.0,0.0,0.0,0.0,30,28.4,30.0,9,29.0,28.6,0.0,0.0,0.0,0.0,299
2023-05-10 09:51:18,IO2312-P-3500,IO2312-P-3500,29.0,0.0,0.0,0.0,33,28.4,30.0,9,29.0,28.6,0.0,0.0,0.0,0.0,299
2023-05-10 09:51:18,IO2312-P-3500,IO2312-P-3500,29.0,0.0,0.0,0.0,6,28.6,30.0,3,29.0,28.6,0.0,0.0,0.0,0.0,299
2023-05-10 09:51:19,IO2312-P-3500,IO2312-P-3500,29.0,0.0,0.0,0.0,6,28.6,30.2,18,29.0,28.6,0.0,0.0,0.0,0.0,299
2023-05-10 09:51:19,IO2312-P-3500,IO2312-P-3500,29.0,0.0,0.0,0.0,6,28.6,30.2,15,29.0,28.6,0.0,0.0,0.0,0.0,299
2023-05-10 09:51:20,IO2312-P-3500,IO2312-P-3500,29.0,0.0,0.0,0.0,6,28.6,30.2,9,29.0,28.6,0.0,0.0,0.0,0.0,299
2023-05-10 09:51:21,IO2312-P-3500,IO2312-P-3500,29.0,0.0,0.0,0.0,6,28.6,30.2,3,29.0,28.6,0.0,0.0,0.0,0.0,299
2023-05-10 09:51:21,IO2312-P-3500,IO2312-P-3500,29.0,0.0,0.0,0.0,6,28.6,30.4,24,29.0,28.6,0.0,0.0,0.0,0.0,299
2023-05-10 09:51:22,IO2312-P-3500,IO2312-P-3500,29.0,0.0,0.0,0.0,6,28.6,30.4,21,29.0,28.6,0.0,0.0,0.0,0.0,299
2023-05-10 09:51:22,IO2312-P-3500,IO2312-P-3500,29.0,0.0,0.0,0.0,6,28.6,30.4,24,29.0,28.6,0.0,0.0,0.0,0.0,299
2023-05-10 09:51:25,IO2312-P-3500,IO2312-P-3500,29.0,0.0,0.0,0.0,6,28.6,30.4,18,29.0,28.6,0.0,0.0,0.0,0.0,299
2023-05-10 09:51:25,IO2312-P-3500,IO2312-P-3500,29.0,0.0,0.0,0.0,9,28.6,30.4,18,29.0,28.6,0.0,0.0,0.0,0.0,299
2023-05-10 09:51:26,IO2312-P-3500,IO2312-P-3500,29.0,0.0,0.0,0.0,6,28.8,30.4,24,29.0,28.6,0.0,0.0,0.0,0.0,299
2023-05-10 09:51:26,IO2312-P-3500,IO2312-P-3500,29.0,0.0,0.0,0.0,6,28.8,30.4,12,29.0,28.6,0.0,0.0,0.0,0.0,299
2023-05-10 09:51:27,IO2312-P-3500,IO2312-P-3500,29.0,0.0,0.0,0.0,6,28.6,30.4,6,29.0,28.6,0.0,0.0,0.0,0.0,299
2023-05-10 09:51:28,IO2312-P-3500,IO2312-P-3500,29.0,0.0,0.0,0.0,9,28.6,30.4,6,29.0,28.6,0.0,0.0,0.0,0.0,299
2023-05-10 09:51:28,IO2312-P-3500,IO2312-P-3500,29.0,0.0,0.0,0.0,6,28.8,30.4,12,29.0,28.6,0.0,0.0,0.0,0.0,299
2023-05-10 09:51:29,IO2312-P-3500,IO2312-P-3500,29.0,0.0,0.0,0.0,6,28.6,30.4,6,29.0,28.6,0.0,0.0,0.0,0.0,299
2023-05-10 09:51:32,IO2312-P-3500,IO2312-P-3500,29.0,0.0,0.0,0.0,9,28.6,30.4,6,29.0,28.6,0.0,0.0,0.0,0.0,299
2023-05-10 09:51:32,IO2312-P-3500,IO2312-P-3500,29.0,0.0,0.0,0.0,6,28.8,30.4,6,29.0,28.6,0.0,0.0,0.0,0.0,299
2023-05-10 09:51:33,IO2312-P-3500,IO2312-P-3500,29.0,0.0,0.0,0.0,6,28.6,30.4,6,29.0,28.6,0.0,0.0,0.0,0.0,299
2023-05-10 09:51:34,IO2312-P-3500,IO2312-P-3500,29.0,0.0,0.0,0.0,9,28.6,30.4,6,29.0,28.6,0.0,0.0,0.0,0.0,299
2023-05-10 09:51:35,IO2312-P-3500,IO2312-P-3500,29.0,0.0,0.0,0.0,6,28.8,30.4,6,29.0,28.6,0.0,0.0,0.0,0.0,299
2023-05-10 09:51:38,IO2312-P-3500,IO2312-P-3500,29.0,0.0,0.0,0.0,6,28.6,30.4,6,29.0,28.6,0.0,0.0,0.0,0.0,299
2023-05-10 09:51:54,IO2312-P-3500,IO2312-P-3500,29.0,0.0,0.0,0.0,9,28.6,30.4,6,29.0,28.6,0.0,0.0,0.0,0.0,299
2023-05-10 09:51:54,IO2312-P-3500,IO2312-P-3500,29.0,0.0,0.0,0.0,6,28.8,30.4,6,29.0,28.6,0.0,0.0,0.0,0.0,299
2023-05-10 09:51:55,IO2312-P-3500,IO2312-P-3500,29.0,0.0,0.0,0.0,6,28.6,30.4,6,29.0,28.6,0.0,0.0,0.0,0.0,299
2023-05-10 09:51:56,IO2312-P-3500,IO2312-P-3500,29.0,0.0,0.0,0.0,9,28.6,30.4,6,29.0,28.6,0.0,0.0,0.0,0.0,299
2023-05-10 09:51:56,IO2312-P-3500,IO2312-P-3500,29.0,0.0,0.0,0.0,6,28.8,30.4,6,29.0,28.6,0.0,0.0,0.0,0.0,299
2023-05-10 09:52:02,IO2312-P-3500,IO2312-P-3500,29.0,0.0,0.0,0.0,9,28.8,30.4,6,29.0,28.6,0.0,0.0,0.0,0.0,299
2023-05-10 09:52:02,IO2312-P-3500,IO2312-P-3500,29.0,0.0,0.0,0.0,6,29.0,30.4,3,29.0,28.6,0.0,0.0,0.0,0.0,299
2023-05-10 09:52:03,IO2312-P-3500,IO2312-P-3500,29.0,0.0,0.0,0.0,6,28.8,30.4,3,29.0,28.6,0.0,0.0,0.0,0.0,299
2023-05-10 09:52:09,IO2312-P-3500,IO2312-P-3500,29.0,0.0,0.0,0.0,6,28.8,30.6,34,29.0,28.6,0.0,0.0,0.0,0.0,299
2023-05-10 09:52:10,IO2312-P-3500,IO2312-P-3500,29.0,0.0,0.0,0.0,6,28.8,30.6,19,29.0,28.6,0.0,0.0,0.0,0.0,299
2023-05-10 09:52:14,IO2312-P-3500,IO2312-P-3500,29.0,0.0,0.0,0.0,9,28.8,30.6,19,29.0,28.6,0.0,0.0,0.0,0.0,299
2023-05-10 09:52:15,IO2312-P-3500,IO2312-P-3500,29.0,0.0,0.0,0.0,6,29.0,30.6,19,29.0,28.6,0.0,0.0,0.0,0.0,299
2023-05-10 09:52:15,IO2312-P-3500,IO2312-P-3500,29.0,0.0,0.0,0.0,6,29.0,30.6,13,29.0,28.6,0.0,0.0,0.0,0.0,299
2023-05-10 09:52:16,IO2312-P-3500,IO2312-P-3500,29.0,0.0,0.0,0.0,6,29.0,30.6,10,29.0,28.6,0.0,0.0,0.0,0.0,299
2023-05-10 09:52:16,IO2312-P-3500,IO2312-P-3500,29.0,0.0,0.0,0.0,6,29.0,30.6,4,29.0,28.6,0.0,0.0,0.0,0.0,299
2023-05-10 09:52:17,IO2312-P-3500,IO2312-P-3500,29.0,0.0,0.0,0.0,6,29.0,30.6,1,29.0,28.6,0.0,0.0,0.0,0.0,299
2023-05-10 09:52:40,IO2312-P-3500,IO2312-P-3500,29.0,0.0,0.0,0.0,6,29.0,30.6,4,29.0,28.6,0.0,0.0,0.0,0.0,299
2023-05-10 09:52:41,IO2312-P-3500,IO2312-P-3500,29.0,0.0,0.0,0.0,6,29.0,30.6,1,29.0,28.6,0.0,0.0,0.0,0.0,299
2023-05-10 09:53:15,IO2312-P-3500,IO2312-P-3500,29.0,0.0,0.0,0.0,6,29.0,30.6,4,29.0,28.6,0.0,0.0,0.0,0.0,299
2023-05-10 09:53:16,IO2312-P-3500,IO2312-P-3500,29.0,0.0,0.0,0.0,6,29.0,30.6,1,29.0,28.6,0.0,0.0,0.0,0.0,299
2023-05-10 09:54:02,IO2312-P-3500,IO2312-P-3500,29.0,0.0,0.0,0.0,6,29.0,30.6,4,29.0,28.6,0.0,0.0,0.0,0.0,299
2023-05-10 09:54:03,IO2312-P-3500,IO2312-P-3500,29.0,0.0,0.0,0.0,6,29.0,30.6,1,29.0,28.6,0.0,0.0,0.0,0.0,299
2023-05-10 09:54:19,IO2312-P-3500,IO2312-P-3500,29.0,0.0,0.0,0.0,6,29.0,30.6,4,29.0,28.6,0.0,0.0,0.0,0.0,299
2023-05-10 09:54:20,IO2312-P-3500,IO2312-P-3500,29.0,0.0,0.0,0.0,6,29.0,30.6,1,29.0,28.6,0.0,0.0,0.0,0.0,299
2023-05-10 09:54:44,IO2312-P-3500,IO2312-P-3500,29.0,0.0,0.0,0.0,6,29.0,30.6,4,29.0,28.6,0.0,0.0,0.0,0.0,299
2023-05-10 09:54:57,IO2312-P-3500,IO2312-P-3500,29.0,0.0,0.0,0.0,6,29.0,30.6,1,29.0,28.6,0.0,0.0,0.0,0.0,299
2023-05-10 09:55:00,IO2312-P-3500,IO2312-P-3500,29.0,0.0,0.0,0.0,6,29.0,30.6,4,29.0,28.6,0.0,0.0,0.0,0.0,299
2023-05-10 09:55:01,IO2312-P-3500,IO2312-P-3500,29.0,0.0,0.0,0.0,6,29.0,30.6,1,29.0,28.6,0.0,0.0,0.0,0.0,299
2023-05-10 09:55:09,IO2312-P-3500,IO2312-P-3500,29.0,0.0,0.0,0.0,9,29.0,30.6,1,29.0,28.6,0.0,0.0,0.0,0.0,299
2023-05-10 09:55:10,IO2312-P-3500,IO2312-P-3500,29.0,0.0,0.0,0.0,6,29.2,30.6,1,29.0,28.6,0.0,0.0,0.0,0.0,299
2023-05-10 09:55:11,IO2312-P-3500,IO2312-P-3500,29.0,0.0,0.0,0.0,9,29.0,30.6,1,29.0,28.6,0.0,0.0,0.0,0.0,299
2023-05-10 09:55:11,IO2312-P-3500,IO2312-P-3500,29.0,0.0,0.0,0.0,6,29.2,30.6,1,29.0,28.6,0.0,0.0,0.0,0.0,299
2023-05-10 09:55:13,IO2312-P-3500,IO2312-P-3500,29.0,0.0,0.0,0.0,6,29.0,30.6,1,29.0,28.6,0.0,0.0,0.0,0.0,299
2023-05-10 09:55:15,IO2312-P-3500,IO2312-P-3500,29.0,0.0,0.0,0.0,9,29.0,30.6,1,29.0,28.6,0.0,0.0,0.0,0.0,299
2023-05-10 09:55:15,IO2312-P-3500,IO2312-P-3500,29.0,0.0,0.0,0.0,6,29.2,30.6,1,29.0,28.6,0.0,0.0,0.0,0.0,299
2023-05-10 09:55:18,IO2312-P-3500,IO2312-P-3500,29.0,0.0,0.0,0.0,6,29.0,30.6,1,29.0,28.6,0.0,0.0,0.0,0.0,299
2023-05-10 09:55:32,IO2312-P-3500,IO2312-P-3500,29.0,0.0,0.0,0.0,9,29.0,30.6,1,29.0,28.6,0.0,0.0,0.0,0.0,299
2023-05-10 09:55:32,IO2312-P-3500,IO2312-P-3500,29.0,0.0,0.0,0.0,6,29.2,30.6,1,29.0,28.6,0.0,0.0,0.0,0.0,299
2023-05-10 09:55:36,IO2312-P-3500,IO2312-P-3500,29.0,0.0,0.0,0.0,9,29.0,30.6,1,29.0,28.6,0.0,0.0,0.0,0.0,299
2023-05-10 09:55:36,IO2312-P-3500,IO2312-P-3500,29.0,0.0,0.0,0.0,6,29.2,30.6,1,29.0,28.6,0.0,0.0,0.0,0.0,299
2023-05-10 09:55:42,IO2312-P-3500,IO2312-P-3500,29.0,0.0,0.0,0.0,9,29.0,30.6,1,29.0,28.6,0.0,0.0,0.0,0.0,299
2023-05-10 09:55:42,IO2312-P-3500,IO2312-P-3500,29.0,0.0,0.0,0.0,6,29.2,30.6,1,29.0,28.6,0.0,0.0,0.0,0.0,299
2023-05-10 09:55:43,IO2312-P-3500,IO2312-P-3500,29.0,0.0,0.0,0.0,6,29.0,30.6,1,29.0,28.6,0.0,0.0,0.0,0.0,299
2023-05-10 09:55:44,IO2312-P-3500,IO2312-P-3500,29.0,0.0,0.0,0.0,9,29.0,30.6,1,29.0,28.6,0.0,0.0,0.0,0.0,299
2023-05-10 09:55:44,IO2312-P-3500,IO2312-P-3500,29.0,0.0,0.0,0.0,6,29.2,30.6,1,29.0,28.6,0.0,0.0,0.0,0.0,299
2023-05-10 09:56:42,IO2312-P-3500,IO2312-P-3500,29.0,0.0,0.0,0.0,6,29.0,30.6,1,29.0,28.6,0.0,0.0,0.0,0.0,299
2023-05-10 09:57:10,IO2312-P-3500,IO2312-P-3500,29.0,0.0,0.0,0.0,6,29.0,30.6,4,29.0,28.6,0.0,0.0,0.0,0.0,299
2023-05-10 09:57:13,IO2312-P-3500,IO2312-P-3500,29.0,0.0,0.0,0.0,6,29.0,30.6,1,29.0,28.6,0.0,0.0,0.0,0.0,299
2023-05-10 09:57:15,IO2312-P-3500,IO2312-P-3500,29.0,0.0,0.0,0.0,6,29.0,30.6,4,29.0,28.6,0.0,0.0,0.0,0.0,299
2023-05-10 09:57:18,IO2312-P-3500,IO2312-P-3500,29.0,0.0,0.0,0.0,6,29.0,30.6,1,29.0,28.6,0.0,0.0,0.0,0.0,299
2023-05-10 09:57:21,IO2312-P-3500,IO2312-P-3500,29.0,0.0,0.0,0.0,6,29.0,30.6,4,29.0,28.6,0.0,0.0,0.0,0.0,299
2023-05-10 09:57:27,IO2312-P-3500,IO2312-P-3500,29.0,0.0,0.0,0.0,6,29.0,30.6,10,29.0,28.6,0.0,0.0,0.0,0.0,299
2023-05-10 09:57:28,IO2312-P-3500,IO2312-P-3500,29.0,0.0,0.0,0.0,6,29.0,30.6,13,29.0,28.6,0.0,0.0,0.0,0.0,299
2023-05-10 09:57:38,IO2312-P-3500,IO2312-P-3500,29.0,0.0,0.0,0.0,6,29.0,30.6,10,29.0,28.6,0.0,0.0,0.0,0.0,299
2023-05-10 09:57:38,IO2312-P-3500,IO2312-P-3500,29.0,0.0,0.0,0.0,6,29.0,30.6,13,29.0,28.6,0.0,0.0,0.0,0.0,299
2023-05-10 09:57:44,IO2312-P-3500,IO2312-P-3500,29.0,0.0,0.0,0.0,6,29.0,30.6,10,29.0,28.6,0.0,0.0,0.0,0.0,299
2023-05-10 09:57:47,IO2312-P-3500,IO2312-P-3500,29.0,0.0,0.0,0.0,6,29.0,30.6,4,29.0,28.6,0.0,0.0,0.0,0.0,299
2023-05-10 09:57:48,IO2312-P-3500,IO2312-P-3500,29.0,0.0,0.0,0.0,6,29.0,30.6,1,29.0,28.6,0.0,0.0,0.0,0.0,299
2023-05-10 09:57:50,IO2312-P-3500,IO2312-P-3500,29.0,0.0,0.0,0.0,6,29.0,30.6,4,29.0,28.6,0.0,0.0,0.0,0.0,299
2023-05-10 09:57:58,IO2312-P-3500,IO2312-P-3500,29.0,0.0,0.0,0.0,6,29.0,30.6,10,29.0,28.6,0.0,0.0,0.0,0.0,299
2023-05-10 09:57:58,IO2312-P-3500,IO2312-P-3500,29.0,0.0,0.0,0.0,6,29.0,30.6,13,29.0,28.6,0.0,0.0,0.0,0.0,299
2023-05-10 09:58:00,IO2312-P-3500,IO2312-P-3500,29.0,0.0,0.0,0.0,24,28.8,30.4,6,29.0,28.6,0.0,0.0,0.0,0.0,299
2023-05-10 09:58:01,IO2312-P-3500,IO2312-P-3500,29.0,0.0,0.0,0.0,24,28.8,30.4,9,29.0,28.6,0.0,0.0,0.0,0.0,299
2023-05-10 09:58:03,IO2312-P-3500,IO2312-P-3500,29.0,0.0,0.0,0.0,6,29.0,30.4,3,29.0,28.6,0.0,0.0,0.0,0.0,299
2023-05-10 09:58:03,IO2312-P-3500,IO2312-P-3500,29.0,0.0,0.0,0.0,6,29.0,30.6,13,29.0,28.6,0.0,0.0,0.0,0.0,299
2023-05-10 09:58:04,IO2312-P-3500,IO2312-P-3500,29.0,0.0,0.0,0.0,6,29.0,30.6,10,29.0,28.6,0.0,0.0,0.0,0.0,299
2023-05-10 09:58:04,IO2312-P-3500,IO2312-P-3500,29.0,0.0,0.0,0.0,6,29.0,30.6,13,29.0,28.6,0.0,0.0,0.0,0.0,299
2023-05-10 09:58:27,IO2312-P-3500,IO2312-P-3500,29.0,0.0,0.0,0.0,6,28.8,30.6,13,29.0,28.6,0.0,0.0,0.0,0.0,299
2023-05-10 09:58:28,IO2312-P-3500,IO2312-P-3500,29.0,0.0,0.0,0.0,6,28.8,30.4,6,29.0,28.6,0.0,0.0,0.0,0.0,299
2023-05-10 09:58:29,IO2312-P-3500,IO2312-P-3500,29.0,0.0,0.0,0.0,6,28.8,30.4,12,29.0,28.6,0.0,0.0,0.0,0.0,299
2023-05-10 09:58:32,IO2312-P-3500,IO2312-P-3500,29.0,0.0,0.0,0.0,6,28.8,30.4,9,29.0,28.6,0.0,0.0,0.0,0.0,299
2023-05-10 09:58:46,IO2312-P-3500,IO2312-P-3500,29.0,0.0,0.0,0.0,6,28.8,30.4,12,29.0,28.6,0.0,0.0,0.0,0.0,299
2023-05-10 09:58:48,IO2312-P-3500,IO2312-P-3500,29.0,0.0,0.0,0.0,6,28.8,30.4,9,29.0,28.6,0.0,0.0,0.0,0.0,299
2023-05-10 09:59:06,IO2312-P-3500,IO2312-P-3500,29.0,0.0,0.0,0.0,6,28.8,30.4,3,29.0,28.6,0.0,0.0,0.0,0.0,299
2023-05-10 09:59:07,IO2312-P-3500,IO2312-P-3500,29.0,0.0,0.0,0.0,6,28.8,30.6,7,29.0,28.6,0.0,0.0,0.0,0.0,299
2023-05-10 09:59:07,IO2312-P-3500,IO2312-P-3500,29.0,0.0,0.0,0.0,6,28.8,30.6,10,29.0,28.6,0.0,0.0,0.0,0.0,299
2023-05-10 09:59:08,IO2312-P-3500,IO2312-P-3500,29.0,0.0,0.0,0.0,6,28.8,30.6,13,29.0,28.6,0.0,0.0,0.0,0.0,299
2023-05-10 09:59:23,IO2312-P-3500,IO2312-P-3500,29.0,0.0,0.0,0.0,6,28.8,30.6,7,29.0,28.6,0.0,0.0,0.0,0.0,299
2023-05-10 09:59:27,IO2312-P-3500,IO2312-P-3500,29.0,0.0,0.0,0.0,6,28.8,30.6,13,29.0,28.6,0.0,0.0,0.0,0.0,299
2023-05-10 09:59:33,IO2312-P-3500,IO2312-P-3500,29.0,0.0,0.0,0.0,6,28.8,30.4,6,29.0,28.6,0.0,0.0,0.0,0.0,299
2023-05-10 09:59:34,IO2312-P-3500,IO2312-P-3500,29.0,0.0,0.0,0.0,6,28.8,30.4,12,29.0,28.6,0.0,0.0,0.0,0.0,299
2023-05-10 09:59:36,IO2312-P-3500,IO2312-P-3500,29.0,0.0,0.0,0.0,24,28.6,30.2,6,29.0,28.6,0.0,0.0,0.0,0.0,299
2023-05-10 09:59:36,IO2312-P-3500,IO2312-P-3500,29.0,0.0,0.0,0.0,12,28.6,30.2,9,29.0,28.6,0.0,0.0,0.0,0.0,299
2023-05-10 09:59:37,IO2312-P-3500,IO2312-P-3500,29.0,0.0,0.0,0.0,6,28.6,30.2,9,29.0,28.6,0.0,0.0,0.0,0.0,299
2023-05-10 09:59:37,IO2312-P-3500,IO2312-P-3500,29.0,0.0,0.0,0.0,6,28.6,30.2,3,29.0,28.6,0.0,0.0,0.0,0.0,299
2023-05-10 09:59:38,IO2312-P-3500,IO2312-P-3500,29.0,0.0,0.0,0.0,6,28.6,30.4,18,29.0,28.6,0.0,0.0,0.0,0.0,299
2023-05-10 09:59:38,IO2312-P-3500,IO2312-P-3500,29.0,0.0,0.0,0.0,6,28.6,30.4,15,29.0,28.6,0.0,0.0,0.0,0.0,299
2023-05-10 09:59:39,IO2312-P-3500,IO2312-P-3500,29.0,0.0,0.0,0.0,6,28.6,30.4,18,29.0,28.6,0.0,0.0,0.0,0.0,299
2023-05-10 09:59:44,IO2312-P-3500,IO2312-P-3500,28.6,6.0,17160.0,6.0,21,28.4,28.6,4,29.0,28.6,28.6,28.6,6.0,17160.0,305
2023-05-10 09:59:44,IO2312-P-3500,IO2312-P-3500,28.6,4.0,11440.0,4.0,15,28.4,29.8,9,29.0,28.6,28.6,28.6,10.0,28600.0,309
2023-05-10 09:59:45,IO2312-P-3500,IO2312-P-3500,28.6,0.0,0.0,0.0,9,28.4,29.8,9,29.0,28.6,28.6,28.6,10.0,28600.0,309
2023-05-10 09:59:45,IO2312-P-3500,IO2312-P-3500,28.6,0.0,0.0,0.0,3,28.4,29.8,9,29.0,28.6,28.6,28.6,10.0,28600.0,309
2023-05-10 09:59:46,IO2312-P-3500,IO2312-P-3500,28.6,0.0,0.0,0.0,30,28.2,29.8,9,29.0,28.6,28.6,28.6,10.0,28600.0,309
2023-05-10 09:59:46,IO2312-P-3500,IO2312-P-3500,28.6,0.0,0.0,0.0,24,28.2,29.8,9,29.0,28.6,28.6,28.6,10.0,28600.0,309
2023-05-10 09:59:47,IO2312-P-3500,IO2312-P-3500,28.6,0.0,0.0,0.0,30,28.2,29.8,9,29.0,28.6,28.6,28.6,10.0,28600.0,309
2023-05-10 09:59:48,IO2312-P-3500,IO2312-P-3500,28.6,0.0,0.0,0.0,27,28.2,29.8,9,29.0,28.6,28.6,28.6,10.0,28600.0,309
2023-05-10 09:59:52,IO2312-P-3500,IO2312-P-3500,28.6,0.0,0.0,0.0,27,28.2,28.4,10,29.0,28.6,28.6,28.6,10.0,28600.0,309
2023-05-10 09:59:52,IO2312-P-3500,IO2312-P-3500,28.4,1.0,2840.0,1.0,27,28.2,28.4,9,29.0,28.6,28.6,28.4,11.0,31440.0,310
2023-05-10 09:59:53,IO2312-P-3500,IO2312-P-3500,28.4,3.0,8520.0,0.0,27,28.2,28.4,6,29.0,28.6,28.6,28.4,14.0,39960.0,310
2023-05-10 09:59:56,IO2312-P-3500,IO2312-P-3500,28.4,3.0,8520.0,0.0,27,28.2,28.4,3,29.0,28.6,28.6,28.4,17.0,48480.0,310
2023-05-10 09:59:56,IO2312-P-3500,IO2312-P-3500,28.4,0.0,0.0,0.0,21,28.2,28.4,3,29.0,28.6,28.6,28.4,17.0,48480.0,310
2023-05-10 10:00:00,IO2312-P-3500,IO2312-P-3500,28.4,0.0,0.0,0.0,27,28.2,28.4,3,29.0,28.6,28.6,28.4,17.0,48480.0,310
2023-05-10 10:00:08,IO2312-P-3500,IO2312-P-3500,28.4,0.0,0.0,0.0,15,28.2,28.4,3,29.0,28.6,28.6,28.4,17.0,48480.0,310
2023-05-10 10:00:09,IO2312-P-3500,IO2312-P-3500,28.4,0.0,0.0,0.0,9,28.2,28.4,3,29.0,28.6,28.6,28.4,17.0,48480.0,310
2023-05-10 10:00:09,IO2312-P-3500,IO2312-P-3500,28.4,0.0,0.0,0.0,3,28.2,28.4,3,29.0,28.6,28.6,28.4,17.0,48480.0,310
2023-05-10 10:00:10,IO2312-P-3500,IO2312-P-3500,28.4,0.0,0.0,0.0,18,28.0,28.4,3,29.0,28.6,28.6,28.4,17.0,48480.0,310
2023-05-10 10:00:10,IO2312-P-3500,IO2312-P-3500,28.4,0.0,0.0,0.0,12,28.0,28.4,3,29.0,28.6,28.6,28.4,17.0,48480.0,310
2023-05-10 10:00:11,IO2312-P-3500,IO2312-P-3500,28.4,0.0,0.0,0.0,3,28.0,28.4,3,29.0,28.6,28.6,28.4,17.0,48480.0,310
2023-05-10 10:00:11,IO2312-P-3500,IO2312-P-3500,28.4,0.0,0.0,0.0,30,27.8,28.4,3,29.0,28.6,28.6,28.4,17.0,48480.0,310
2023-05-10 10:00:12,IO2312-P-3500,IO2312-P-3500,28.4,0.0,0.0,0.0,18,27.8,28.4,3,29.0,28.6,28.6,28.4,17.0,48480.0,310
2023-05-10 10:00:12,IO2312-P-3500,IO2312-P-3500,28.4,0.0,0.0,0.0,12,27.8,28.4,3,29.0,28.6,28.6,28.4,17.0,48480.0,310
2023-05-10 10:00:13,IO2312-P-3500,IO2312-P-3500,28.4,0.0,0.0,0.0,6,27.8,28.4,3,29.0,28.6,28.6,28.4,17.0,48480.0,310
2023-05-10 10:00:14,IO2312-P-3500,IO2312-P-3500,28.4,0.0,0.0,0.0,30,27.6,28.4,3,29.0,28.6,28.6,28.4,17.0,48480.0,310
2023-05-10 10:00:14,IO2312-P-3500,IO2312-P-3500,28.4,0.0,0.0,0.0,33,27.6,28.4,3,29.0,28.6,28.6,28.4,17.0,48480.0,310
2023-05-10 10:00:16,IO2312-P-3500,IO2312-P-3500,28.4,0.0,0.0,0.0,27,27.6,28.4,3,29.0,28.6,28.6,28.4,17.0,48480.0,310
2023-05-10 10:00:17,IO2312-P-3500,IO2312-P-3500,28.4,0.0,0.0,0.0,6,27.8,28.4,3,29.0,28.6,28.6,28.4,17.0,48480.0,310
2023-05-10 10:00:26,IO2312-P-3500,IO2312-P-3500,28.4,0.0,0.0,0.0,24,27.6,28.4,3,29.0,28.6,28.6,28.4,17.0,48480.0,310
2023-05-10 10:00:45,IO2312-P-3500,IO2312-P-3500,28.4,0.0,0.0,0.0,18,27.6,28.4,3,29.0,28.6,28.6,28.4,17.0,48480.0,310
2023-05-10 10:00:56,IO2312-P-3500,IO2312-P-3500,28.4,0.0,0.0,0.0,18,27.6,27.8,3,29.0,28.6,28.6,28.4,17.0,48480.0,310
2023-05-10 10:00:57,IO2312-P-3500,IO2312-P-3500,27.8,3.0,8340.0,3.0,12,27.6,28.6,3,29.0,28.6,28.6,27.8,20.0,56820.0,313
2023-05-10 10:00:57,IO2312-P-3500,IO2312-P-3500,27.8,0.0,0.0,0.0,6,27.6,29.0,30,29.0,28.6,28.6,27.8,20.0,56820.0,313
2023-05-10 10:00:58,IO2312-P-3500,IO2312-P-3500,27.8,0.0,0.0,0.0,12,27.6,29.0,6,29.0,28.6,28.6,27.8,20.0,56820.0,313
2023-05-10 10:00:58,IO2312-P-3500,IO2312-P-3500,27.8,0.0,0.0,0.0,12,27.6,29.0,3,29.0,28.6,28.6,27.8,20.0,56820.0,313
2023-05-10 10:00:59,IO2312-P-3500,IO2312-P-3500,27.8,0.0,0.0,0.0,12,27.6,29.2,24,29.0,28.6,28.6,27.8,20.0,56820.0,313
2023-05-10 10:00:59,IO2312-P-3500,IO2312-P-3500,27.8,0.0,0.0,0.0,12,27.6,29.2,18,29.0,28.6,28.6,27.8,20.0,56820.0,313
2023-05-10 10:01:00,IO2312-P-3500,IO2312-P-3500,27.8,0.0,0.0,0.0,12,27.6,29.2,21,29.0,28.6,28.6,27.8,20.0,56820.0,313
2023-05-10 10:01:01,IO2312-P-3500,IO2312-P-3500,27.8,0.0,0.0,0.0,15,27.6,29.2,21,29.0,28.6,28.6,27.8,20.0,56820.0,313
2023-05-10 10:01:03,IO2312-P-3500,IO2312-P-3500,27.8,0.0,0.0,0.0,12,27.6,29.2,21,29.0,28.6,28.6,27.8,20.0,56820.0,313
2023-05-10 10:01:12,IO2312-P-3500,IO2312-P-3500,27.8,0.0,0.0,0.0,15,27.6,29.2,21,29.0,28.6,28.6,27.8,20.0,56820.0,313
2023-05-10 10:01:14,IO2312-P-3500,IO2312-P-3500,27.8,0.0,0.0,0.0,12,27.6,29.2,21,29.0,28.6,28.6,27.8,20.0,56820.0,313
2023-05-10 10:01:17,IO2312-P-3500,IO2312-P-3500,27.8,0.0,0.0,0.0,15,27.6,29.2,21,29.0,28.6,28.6,27.8,20.0,56820.0,313
2023-05-10 10:01:26,IO2312-P-3500,IO2312-P-3500,27.8,0.0,0.0,0.0,6,27.8,29.2,15,29.0,28.6,28.6,27.8,20.0,56820.0,313
2023-05-10 10:01:30,IO2312-P-3500,IO2312-P-3500,27.8,0.0,0.0,0.0,9,27.6,29.0,6,29.0,28.6,28.6,27.8,20.0,56820.0,313
2023-05-10 10:01:30,IO2312-P-3500,IO2312-P-3500,27.8,0.0,0.0,0.0,9,27.6,29.0,9,29.0,28.6,28.6,27.8,20.0,56820.0,313
2023-05-10 10:01:53,IO2312-P-3500,IO2312-P-3500,27.8,0.0,0.0,0.0,6,27.6,28.8,6,29.0,28.6,28.6,27.8,20.0,56820.0,313
2023-05-10 10:01:54,IO2312-P-3500,IO2312-P-3500,27.8,0.0,0.0,0.0,6,27.6,28.8,9,29.0,28.6,28.6,27.8,20.0,56820.0,313
2023-05-10 10:02:03,IO2312-P-3500,IO2312-P-3500,27.8,0.0,0.0,0.0,9,27.6,28.8,6,29.0,28.6,28.6,27.8,20.0,56820.0,313
2023-05-10 10:02:03,IO2312-P-3500,IO2312-P-3500,27.8,0.0,0.0,0.0,9,27.6,29.0,6,29.0,28.6,28.6,27.8,20.0,56820.0,313
2023-05-10 10:02:04,IO2312-P-3500,IO2312-P-3500,27.8,0.0,0.0,0.0,9,27.6,29.0,9,29.0,28.6,28.6,27.8,20.0,56820.0,313
2023-05-10 10:02:04,IO2312-P-3500,IO2312-P-3500,27.8,0.0,0.0,0.0,9,27.6,28.8,6,29.0,28.6,28.6,27.8,20.0,56820.0,313
2023-05-10 10:02:05,IO2312-P-3500,IO2312-P-3500,27.8,0.0,0.0,0.0,9,27.6,28.8,9,29.0,28.6,28.6,27.8,20.0,56820.0,313
2023-05-10 10:02:05,IO2312-P-3500,IO2312-P-3500,27.8,0.0,0.0,0.0,6,27.6,28.8,9,29.0,28.6,28.6,27.8,20.0,56820.0,313
2023-05-10 10:02:06,IO2312-P-3500,IO2312-P-3500,27.8,0.0,0.0,0.0,6,27.6,28.8,6,29.0,28.6,28.6,27.8,20.0,56820.0,313
2023-05-10 10:02:06,IO2312-P-3500,IO2312-P-3500,27.8,0.0,0.0,0.0,6,27.6,29.0,6,29.0,28.6,28.6,27.8,20.0,56820.0,313
2023-05-10 10:02:07,IO2312-P-3500,IO2312-P-3500,27.8,0.0,0.0,0.0,9,27.6,29.0,9,29.0,28.6,28.6,27.8,20.0,56820.0,313
2023-05-10 10:02:07,IO2312-P-3500,IO2312-P-3500,27.8,0.0,0.0,0.0,9,27.6,28.8,6,29.0,28.6,28.6,27.8,20.0,56820.0,313
2023-05-10 10:02:08,IO2312-P-3500,IO2312-P-3500,27.8,0.0,0.0,0.0,6,27.6,28.8,9,29.0,28.6,28.6,27.8,20.0,56820.0,313
2023-05-10 10:02:10,IO2312-P-3500,IO2312-P-3500,27.8,0.0,0.0,0.0,9,27.6,28.8,6,29.0,28.6,28.6,27.8,20.0,56820.0,313
2023-05-10 10:02:10,IO2312-P-3500,IO2312-P-3500,27.8,0.0,0.0,0.0,9,27.6,29.0,6,29.0,28.6,28.6,27.8,20.0,56820.0,313
2023-05-10 10:02:11,IO2312-P-3500,IO2312-P-3500,27.8,0.0,0.0,0.0,9,27.6,29.0,9,29.0,28.6,28.6,27.8,20.0,56820.0,313
2023-05-10 10:02:11,IO2312-P-3500,IO2312-P-3500,27.8,0.0,0.0,0.0,9,27.6,28.8,6,29.0,28.6,28.6,27.8,20.0,56820.0,313
2023-05-10 10:02:12,IO2312-P-3500,IO2312-P-3500,27.8,0.0,0.0,0.0,9,27.6,28.8,9,29.0,28.6,28.6,27.8,20.0,56820.0,313
2023-05-10 10:02:12,IO2312-P-3500,IO2312-P-3500,27.8,0.0,0.0,0.0,6,27.6,28.8,9,29.0,28.6,28.6,27.8,20.0,56820.0,313
2023-05-10 10:02:15,IO2312-P-3500,IO2312-P-3500,27.8,0.0,0.0,0.0,9,27.6,28.8,6,29.0,28.6,28.6,27.8,20.0,56820.0,313
2023-05-10 10:02:15,IO2312-P-3500,IO2312-P-3500,27.8,0.0,0.0,0.0,9,27.6,29.0,6,29.0,28.6,28.6,27.8,20.0,56820.0,313
2023-05-10 10:02:16,IO2312-P-3500,IO2312-P-3500,27.8,0.0,0.0,0.0,9,27.6,29.0,9,29.0,28.6,28.6,27.8,20.0,56820.0,313
2023-05-10 10:02:16,IO2312-P-3500,IO2312-P-3500,27.8,0.0,0.0,0.0,9,27.6,28.8,6,29.0,28.6,28.6,27.8,20.0,56820.0,313
2023-05-10 10:02:23,IO2312-P-3500,IO2312-P-3500,27.8,0.0,0.0,0.0,6,27.6,28.8,9,29.0,28.6,28.6,27.8,20.0,56820.0,313
2023-05-10 10:02:24,IO2312-P-3500,IO2312-P-3500,27.8,0.0,0.0,0.0,9,27.6,28.8,6,29.0,28.6,28.6,27.8,20.0,56820.0,313
2023-05-10 10:02:25,IO2312-P-3500,IO2312-P-3500,27.8,0.0,0.0,0.0,9,27.6,29.0,6,29.0,28.6,28.6,27.8,20.0,56820.0,313
2023-05-10 10:02:25,IO2312-P-3500,IO2312-P-3500,27.8,0.0,0.0,0.0,9,27.6,29.0,9,29.0,28.6,28.6,27.8,20.0,56820.0,313
2023-05-10 10:02:26,IO2312-P-3500,IO2312-P-3500,27.8,0.0,0.0,0.0,9,27.6,28.8,6,29.0,28.6,28.6,27.8,20.0,56820.0,313
2023-05-10 10:02:29,IO2312-P-3500,IO2312-P-3500,27.8,0.0,0.0,0.0,9,27.6,28.8,9,29.0,28.6,28.6,27.8,20.0,56820.0,313
2023-05-10 10:02:29,IO2312-P-3500,IO2312-P-3500,27.8,0.0,0.0,0.0,6,27.6,28.8,9,29.0,28.6,28.6,27.8,20.0,56820.0,313
2023-05-10 10:02:31,IO2312-P-3500,IO2312-P-3500,27.8,0.0,0.0,0.0,3,27.4,28.8,9,29.0,28.6,28.6,27.8,20.0,56820.0,313
2023-05-10 10:02:31,IO2312-P-3500,IO2312-P-3500,27.8,0.0,0.0,0.0,30,27.2,28.8,9,29.0,28.6,28.6,27.8,20.0,56820.0,313
2023-05-10 10:02:32,IO2312-P-3500,IO2312-P-3500,27.8,0.0,0.0,0.0,12,27.2,28.6,6,29.0,28.6,28.6,27.8,20.0,56820.0,313
2023-05-10 10:02:32,IO2312-P-3500,IO2312-P-3500,27.8,0.0,0.0,0.0,6,27.2,28.6,6,29.0,28.6,28.6,27.8,20.0,56820.0,313
2023-05-10 10:02:37,IO2312-P-3500,IO2312-P-3500,27.8,0.0,0.0,0.0,6,27.2,28.6,9,29.0,28.6,28.6,27.8,20.0,56820.0,313
2023-05-10 10:02:38,IO2312-P-3500,IO2312-P-3500,27.8,0.0,0.0,0.0,3,27.2,28.6,9,29.0,28.6,28.6,27.8,20.0,56820.0,313
2023-05-10 10:02:39,IO2312-P-3500,IO2312-P-3500,27.8,0.0,0.0,0.0,36,27.0,28.6,9,29.0,28.6,28.6,27.8,20.0,56820.0,313
2023-05-10 10:02:39,IO2312-P-3500,IO2312-P-3500,27.8,0.0,0.0,0.0,39,27.0,28.6,9,29.0,28.6,28.6,27.8,20.0,56820.0,313
2023-05-10 10:02:40,IO2312-P-3500,IO2312-P-3500,27.8,0.0,0.0,0.0,42,27.0,28.6,9,29.0,28.6,28.6,27.8,20.0,56820.0,313
2023-05-10 10:02:41,IO2312-P-3500,IO2312-P-3500,27.8,0.0,0.0,0.0,42,27.0,28.6,6,29.0,28.6,28.6,27.8,20.0,56820.0,313
2023-05-10 10:02:41,IO2312-P-3500,IO2312-P-3500,27.8,0.0,0.0,0.0,42,27.0,28.8,6,29.0,28.6,28.6,27.8,20.0,56820.0,313
2023-05-10 10:02:42,IO2312-P-3500,IO2312-P-3500,27.8,0.0,0.0,0.0,36,27.0,28.8,9,29.0,28.6,28.6,27.8,20.0,56820.0,313
2023-05-10 10:02:42,IO2312-P-3500,IO2312-P-3500,27.8,0.0,0.0,0.0,42,27.0,28.6,6,29.0,28.6,28.6,27.8,20.0,56820.0,313
2023-05-10 10:02:43,IO2312-P-3500,IO2312-P-3500,27.8,0.0,0.0,0.0,42,27.0,28.6,9,29.0,28.6,28.6,27.8,20.0,56820.0,313
2023-05-10 10:02:43,IO2312-P-3500,IO2312-P-3500,27.8,0.0,0.0,0.0,42,27.0,28.6,6,29.0,28.6,28.6,27.8,20.0,56820.0,313
2023-05-10 10:02:44,IO2312-P-3500,IO2312-P-3500,27.8,0.0,0.0,0.0,42,27.0,28.8,6,29.0,28.6,28.6,27.8,20.0,56820.0,313
2023-05-10 10:02:44,IO2312-P-3500,IO2312-P-3500,27.8,0.0,0.0,0.0,42,27.0,28.8,9,29.0,28.6,28.6,27.8,20.0,56820.0,313
2023-05-10 10:02:45,IO2312-P-3500,IO2312-P-3500,27.8,0.0,0.0,0.0,42,27.0,28.6,6,29.0,28.6,28.6,27.8,20.0,56820.0,313
2023-05-10 10:02:48,IO2312-P-3500,IO2312-P-3500,27.8,0.0,0.0,0.0,6,27.2,28.8,15,29.0,28.6,28.6,27.8,20.0,56820.0,313
2023-05-10 10:02:48,IO2312-P-3500,IO2312-P-3500,27.8,0.0,0.0,0.0,9,27.2,28.8,9,29.0,28.6,28.6,27.8,20.0,56820.0,313
2023-05-10 10:02:51,IO2312-P-3500,IO2312-P-3500,27.8,0.0,0.0,0.0,9,27.2,28.8,6,29.0,28.6,28.6,27.8,20.0,56820.0,313
2023-05-10 10:02:51,IO2312-P-3500,IO2312-P-3500,27.8,0.0,0.0,0.0,3,27.2,28.8,6,29.0,28.6,28.6,27.8,20.0,56820.0,313
2023-05-10 10:02:52,IO2312-P-3500,IO2312-P-3500,27.8,0.0,0.0,0.0,42,27.0,28.8,9,29.0,28.6,28.6,27.8,20.0,56820.0,313
2023-05-10 10:02:52,IO2312-P-3500,IO2312-P-3500,27.8,0.0,0.0,0.0,6,27.2,28.8,9,29.0,28.6,28.6,27.8,20.0,56820.0,313
2023-05-10 10:02:53,IO2312-P-3500,IO2312-P-3500,27.8,0.0,0.0,0.0,9,27.2,28.8,9,29.0,28.6,28.6,27.8,20.0,56820.0,313
2023-05-10 10:02:59,IO2312-P-3500,IO2312-P-3500,27.8,0.0,0.0,0.0,6,27.4,28.8,3,29.0,28.6,28.6,27.8,20.0,56820.0,313
2023-05-10 10:02:59,IO2312-P-3500,IO2312-P-3500,27.8,0.0,0.0,0.0,9,27.4,29.0,18,29.0,28.6,28.6,27.8,20.0,56820.0,313
2023-05-10 10:03:00,IO2312-P-3500,IO2312-P-3500,27.8,0.0,0.0,0.0,9,27.4,29.0,12,29.0,28.6,28.6,27.8,20.0,56820.0,313
2023-05-10 10:03:00,IO2312-P-3500,IO2312-P-3500,27.8,0.0,0.0,0.0,9,27.4,29.0,15,29.0,28.6,28.6,27.8,20.0,56820.0,313
2023-05-10 10:03:09,IO2312-P-3500,IO2312-P-3500,27.8,0.0,0.0,0.0,3,27.4,28.8,6,29.0,28.6,28.6,27.8,20.0,56820.0,313
2023-05-10 10:03:09,IO2312-P-3500,IO2312-P-3500,27.8,0.0,0.0,0.0,6,27.2,28.8,9,29.0,28.6,28.6,27.8,20.0,56820.0,313
2023-05-10 10:03:10,IO2312-P-3500,IO2312-P-3500,27.8,0.0,0.0,0.0,9,27.2,28.8,9,29.0,28.6,28.6,27.8,20.0,56820.0,313
2023-05-10 10:03:11,IO2312-P-3500,IO2312-P-3500,27.8,0.0,0.0,0.0,3,27.2,28.6,6,29.0,28.6,28.6,27.8,20.0,56820.0,313
2023-05-10 10:03:11,IO2312-P-3500,IO2312-P-3500,27.8,0.0,0.0,0.0,42,27.0,28.6,6,29.0,28.6,28.6,27.8,20.0,56820.0,313
2023-05-10 10:03:12,IO2312-P-3500,IO2312-P-3500,27.8,0.0,0.0,0.0,6,27.2,28.8,15,29.0,28.6,28.6,27.8,20.0,56820.0,313
2023-05-10 10:03:12,IO2312-P-3500,IO2312-P-3500,27.8,0.0,0.0,0.0,9,27.2,28.8,9,29.0,28.6,28.6,27.8,20.0,56820.0,313
2023-05-10 10:03:13,IO2312-P-3500,IO2312-P-3500,27.8,0.0,0.0,0.0,3,27.2,28.6,6,29.0,28.6,28.6,27.8,20.0,56820.0,313
2023-05-10 10:03:13,IO2312-P-3500,IO2312-P-3500,27.8,0.0,0.0,0.0,42,27.0,28.6,9,29.0,28.6,28.6,27.8,20.0,56820.0,313
2023-05-10 10:03:14,IO2312-P-3500,IO2312-P-3500,27.8,0.0,0.0,0.0,39,27.0,28.6,9,29.0,28.6,28.6,27.8,20.0,56820.0,313
2023-05-10 10:03:14,IO2312-P-3500,IO2312-P-3500,27.8,0.0,0.0,0.0,42,27.0,28.6,9,29.0,28.6,28.6,27.8,20.0,56820.0,313
2023-05-10 10:03:15,IO2312-P-3500,IO2312-P-3500,27.8,0.0,0.0,0.0,36,27.0,28.6,9,29.0,28.6,28.6,27.8,20.0,56820.0,313
2023-05-10 10:03:15,IO2312-P-3500,IO2312-P-3500,27.8,0.0,0.0,0.0,6,27.2,28.6,3,29.0,28.6,28.6,27.8,20.0,56820.0,313
2023-05-10 10:03:16,IO2312-P-3500,IO2312-P-3500,27.8,0.0,0.0,0.0,9,27.2,28.8,18,29.0,28.6,28.6,27.8,20.0,56820.0,313
2023-05-10 10:03:16,IO2312-P-3500,IO2312-P-3500,27.8,0.0,0.0,0.0,3,27.2,28.6,6,29.0,28.6,28.6,27.8,20.0,56820.0,313
2023-05-10 10:03:17,IO2312-P-3500,IO2312-P-3500,27.8,0.0,0.0,0.0,30,27.0,28.6,6,29.0,28.6,28.6,27.8,20.0,56820.0,313
2023-05-10 10:03:17,IO2312-P-3500,IO2312-P-3500,27.8,0.0,0.0,0.0,6,27.2,28.8,21,29.0,28.6,28.6,27.8,20.0,56820.0,313
2023-05-10 10:03:18,IO2312-P-3500,IO2312-P-3500,27.8,0.0,0.0,0.0,9,27.2,28.8,15,29.0,28.6,28.6,27.8,20.0,56820.0,313
2023-05-10 10:03:18,IO2312-P-3500,IO2312-P-3500,27.8,0.0,0.0,0.0,3,27.2,28.6,6,29.0,28.6,28.6,27.8,20.0,56820.0,313
2023-05-10 10:03:19,IO2312-P-3500,IO2312-P-3500,27.8,0.0,0.0,0.0,30,27.0,28.6,6,29.0,28.6,28.6,27.8,20.0,56820.0,313
2023-05-10 10:03:19,IO2312-P-3500,IO2312-P-3500,27.8,0.0,0.0,0.0,33,27.0,28.6,6,29.0,28.6,28.6,27.8,20.0,56820.0,313
2023-05-10 10:03:20,IO2312-P-3500,IO2312-P-3500,27.8,0.0,0.0,0.0,36,27.0,28.6,6,29.0,28.6,28.6,27.8,20.0,56820.0,313
2023-05-10 10:03:22,IO2312-P-3500,IO2312-P-3500,27.8,0.0,0.0,0.0,36,27.0,28.6,9,29.0,28.6,28.6,27.8,20.0,56820.0,313
2023-05-10 10:03:26,IO2312-P-3500,IO2312-P-3500,27.8,0.0,0.0,0.0,36,27.0,28.6,6,29.0,28.6,28.6,27.8,20.0,56820.0,313
2023-05-10 10:03:29,IO2312-P-3500,IO2312-P-3500,27.8,0.0,0.0,0.0,36,27.0,28.6,9,29.0,28.6,28.6,27.8,20.0,56820.0,313
2023-05-10 10:03:32,IO2312-P-3500,IO2312-P-3500,27.8,0.0,0.0,0.0,36,27.0,28.6,6,29.0,28.6,28.6,27.8,20.0,56820.0,313
2023-05-10 10:03:33,IO2312-P-3500,IO2312-P-3500,27.8,0.0,0.0,0.0,36,27.0,28.6,9,29.0,28.6,28.6,27.8,20.0,56820.0,313
2023-05-10 10:03:40,IO2312-P-3500,IO2312-P-3500,27.8,0.0,0.0,0.0,33,27.0,28.6,9,29.0,28.6,28.6,27.8,20.0,56820.0,313
2023-05-10 10:04:00,IO2312-P-3500,IO2312-P-3500,27.8,0.0,0.0,0.0,33,27.0,28.6,6,29.0,28.6,28.6,27.8,20.0,56820.0,313
2023-05-10 10:04:00,IO2312-P-3500,IO2312-P-3500,27.8,0.0,0.0,0.0,6,27.2,28.8,18,29.0,28.6,28.6,27.8,20.0,56820.0,313
2023-05-10 10:04:01,IO2312-P-3500,IO2312-P-3500,27.8,0.0,0.0,0.0,9,27.2,28.8,15,29.0,28.6,28.6,27.8,20.0,56820.0,313
2023-05-10 10:04:13,IO2312-P-3500,IO2312-P-3500,27.8,0.0,0.0,0.0,3,27.2,28.6,6,29.0,28.6,28.6,27.8,20.0,56820.0,313
2023-05-10 10:04:13,IO2312-P-3500,IO2312-P-3500,27.8,0.0,0.0,0.0,30,27.0,28.6,9,29.0,28.6,28.6,27.8,20.0,56820.0,313
2023-05-10 10:04:14,IO2312-P-3500,IO2312-P-3500,27.8,0.0,0.0,0.0,33,27.0,28.6,9,29.0,28.6,28.6,27.8,20.0,56820.0,313
2023-05-10 10:04:16,IO2312-P-3500,IO2312-P-3500,27.8,0.0,0.0,0.0,33,27.0,28.6,6,29.0,28.6,28.6,27.8,20.0,56820.0,313
2023-05-10 10:04:19,IO2312-P-3500,IO2312-P-3500,27.8,0.0,0.0,0.0,33,27.0,28.6,9,29.0,28.6,28.6,27.8,20.0,56820.0,313
2023-05-10 10:04:20,IO2312-P-3500,IO2312-P-3500,27.8,0.0,0.0,0.0,33,27.0,28.6,6,29.0,28.6,28.6,27.8,20.0,56820.0,313
2023-05-10 10:04:26,IO2312-P-3500,IO2312-P-3500,27.8,0.0,0.0,0.0,6,27.2,28.8,21,29.0,28.6,28.6,27.8,20.0,56820.0,313
2023-05-10 10:04:26,IO2312-P-3500,IO2312-P-3500,27.8,0.0,0.0,0.0,9,27.2,28.8,15,29.0,28.6,28.6,27.8,20.0,56820.0,313
2023-05-10 10:04:32,IO2312-P-3500,IO2312-P-3500,27.8,0.0,0.0,0.0,9,27.2,28.8,12,29.0,28.6,28.6,27.8,20.0,56820.0,313
2023-05-10 10:04:33,IO2312-P-3500,IO2312-P-3500,27.8,0.0,0.0,0.0,9,27.2,28.8,15,29.0,28.6,28.6,27.8,20.0,56820.0,313
2023-05-10 10:04:34,IO2312-P-3500,IO2312-P-3500,27.8,0.0,0.0,0.0,9,27.2,28.8,12,29.0,28.6,28.6,27.8,20.0,56820.0,313
2023-05-10 10:04:36,IO2312-P-3500,IO2312-P-3500,27.8,0.0,0.0,0.0,9,27.2,28.8,15,29.0,28.6,28.6,27.8,20.0,56820.0,313
2023-05-10 10:04:37,IO2312-P-3500,IO2312-P-3500,27.8,0.0,0.0,0.0,9,27.2,28.8,12,29.0,28.6,28.6,27.8,20.0,56820.0,313
2023-05-10 10:04:38,IO2312-P-3500,IO2312-P-3500,27.8,0.0,0.0,0.0,9,27.2,28.8,15,29.0,28.6,28.6,27.8,20.0,56820.0,313
2023-05-10 10:04:39,IO2312-P-3500,IO2312-P-3500,27.8,0.0,0.0,0.0,9,27.2,28.8,12,29.0,28.6,28.6,27.8,20.0,56820.0,313
2023-05-10 10:04:39,IO2312-P-3500,IO2312-P-3500,27.8,0.0,0.0,0.0,6,27.4,28.8,6,29.0,28.6,28.6,27.8,20.0,56820.0,313
2023-05-10 10:04:40,IO2312-P-3500,IO2312-P-3500,27.8,0.0,0.0,0.0,9,27.4,28.8,6,29.0,28.6,28.6,27.8,20.0,56820.0,313
2023-05-10 10:04:40,IO2312-P-3500,IO2312-P-3500,27.8,0.0,0.0,0.0,9,27.4,28.8,9,29.0,28.6,28.6,27.8,20.0,56820.0,313
2023-05-10 10:04:43,IO2312-P-3500,IO2312-P-3500,27.8,0.0,0.0,0.0,9,27.4,28.8,6,29.0,28.6,28.6,27.8,20.0,56820.0,313
2023-05-10 10:05:09,IO2312-P-3500,IO2312-P-3500,27.8,0.0,0.0,0.0,3,27.4,28.8,12,29.0,28.6,28.6,27.8,20.0,56820.0,313
2023-05-10 10:05:10,IO2312-P-3500,IO2312-P-3500,27.8,0.0,0.0,0.0,6,27.4,28.8,6,29.0,28.6,28.6,27.8,20.0,56820.0,313
2023-05-10 10:05:10,IO2312-P-3500,IO2312-P-3500,27.8,0.0,0.0,0.0,6,27.2,28.8,6,29.0,28.6,28.6,27.8,20.0,56820.0,313
2023-05-10 10:05:11,IO2312-P-3500,IO2312-P-3500,27.8,0.0,0.0,0.0,9,27.2,28.8,6,29.0,28.6,28.6,27.8,20.0,56820.0,313
2023-05-10 10:05:11,IO2312-P-3500,IO2312-P-3500,27.8,0.0,0.0,0.0,6,27.4,28.8,6,29.0,28.6,28.6,27.8,20.0,56820.0,313
2023-05-10 10:05:12,IO2312-P-3500,IO2312-P-3500,27.8,0.0,0.0,0.0,9,27.4,28.8,6,29.0,28.6,28.6,27.8,20.0,56820.0,313
2023-05-10 10:05:20,IO2312-P-3500,IO2312-P-3500,27.8,0.0,0.0,0.0,9,27.4,28.8,9,29.0,28.6,28.6,27.8,20.0,56820.0,313
2023-05-10 10:05:27,IO2312-P-3500,IO2312-P-3500,27.8,0.0,0.0,0.0,3,27.4,28.8,15,29.0,28.6,28.6,27.8,20.0,56820.0,313
2023-05-10 10:05:27,IO2312-P-3500,IO2312-P-3500,27.8,0.0,0.0,0.0,6,27.2,28.8,15,29.0,28.6,28.6,27.8,20.0,56820.0,313
2023-05-10 10:05:28,IO2312-P-3500,IO2312-P-3500,27.8,0.0,0.0,0.0,9,27.2,28.8,15,29.0,28.6,28.6,27.8,20.0,56820.0,313
2023-05-10 10:05:33,IO2312-P-3500,IO2312-P-3500,27.8,0.0,0.0,0.0,3,27.2,28.6,6,29.0,28.6,28.6,27.8,20.0,56820.0,313
2023-05-10 10:05:34,IO2312-P-3500,IO2312-P-3500,27.8,0.0,0.0,0.0,30,27.0,28.6,9,29.0,28.6,28.6,27.8,20.0,56820.0,313
2023-05-10 10:05:35,IO2312-P-3500,IO2312-P-3500,27.8,0.0,0.0,0.0,33,27.0,28.6,9,29.0,28.6,28.6,27.8,20.0,56820.0,313
2023-05-10 10:05:35,IO2312-P-3500,IO2312-P-3500,27.8,0.0,0.0,0.0,6,27.2,28.6,3,29.0,28.6,28.6,27.8,20.0,56820.0,313
2023-05-10 10:05:36,IO2312-P-3500,IO2312-P-3500,27.8,0.0,0.0,0.0,9,27.2,28.8,18,29.0,28.6,28.6,27.8,20.0,56820.0,313
2023-05-10 10:05:36,IO2312-P-3500,IO2312-P-3500,27.8,0.0,0.0,0.0,9,27.2,28.8,12,29.0,28.6,28.6,27.8,20.0,56820.0,313
2023-05-10 10:05:37,IO2312-P-3500,IO2312-P-3500,27.8,0.0,0.0,0.0,9,27.2,28.8,15,29.0,28.6,28.6,27.8,20.0,56820.0,313
2023-05-10 10:06:13,IO2312-P-3500,IO2312-P-3500,27.8,0.0,0.0,0.0,3,27.2,28.6,6,29.0,28.6,28.6,27.8,20.0,56820.0,313
2023-05-10 10:06:13,IO2312-P-3500,IO2312-P-3500,27.8,0.0,0.0,0.0,36,27.0,28.6,9,29.0,28.6,28.6,27.8,20.0,56820.0,313
2023-05-10 10:06:14,IO2312-P-3500,IO2312-P-3500,27.8,0.0,0.0,0.0,39,27.0,28.6,6,29.0,28.6,28.6,27.8,20.0,56820.0,313
2023-05-10 10:06:15,IO2312-P-3500,IO2312-P-3500,27.8,0.0,0.0,0.0,33,27.0,28.6,6,29.0,28.6,28.6,27.8,20.0,56820.0,313
2023-05-10 10:06:15,IO2312-P-3500,IO2312-P-3500,27.8,0.0,0.0,0.0,33,27.0,28.6,9,29.0,28.6,28.6,27.8,20.0,56820.0,313
2023-05-10 10:06:16,IO2312-P-3500,IO2312-P-3500,27.8,0.0,0.0,0.0,39,27.0,28.6,9,29.0,28.6,28.6,27.8,20.0,56820.0,313
2023-05-10 10:06:20,IO2312-P-3500,IO2312-P-3500,27.8,0.0,0.0,0.0,33,27.0,28.6,9,29.0,28.6,28.6,27.8,20.0,56820.0,313
2023-05-10 10:06:50,IO2312-P-3500,IO2312-P-3500,27.8,0.0,0.0,0.0,27,27.0,28.6,9,29.0,28.6,28.6,27.8,20.0,56820.0,313
2023-05-10 10:06:54,IO2312-P-3500,IO2312-P-3500,27.8,0.0,0.0,0.0,21,27.0,28.4,6,29.0,28.6,28.6,27.8,20.0,56820.0,313
2023-05-10 10:06:54,IO2312-P-3500,IO2312-P-3500,27.8,0.0,0.0,0.0,15,27.0,28.4,6,29.0,28.6,28.6,27.8,20.0,56820.0,313
2023-05-10 10:06:55,IO2312-P-3500,IO2312-P-3500,27.8,0.0,0.0,0.0,9,27.0,28.4,6,29.0,28.6,28.6,27.8,20.0,56820.0,313
2023-05-10 10:06:55,IO2312-P-3500,IO2312-P-3500,27.8,0.0,0.0,0.0,3,27.0,28.4,6,29.0,28.6,28.6,27.8,20.0,56820.0,313
2023-05-10 10:06:56,IO2312-P-3500,IO2312-P-3500,27.8,0.0,0.0,0.0,42,26.8,28.4,6,29.0,28.6,28.6,27.8,20.0,56820.0,313
2023-05-10 10:06:56,IO2312-P-3500,IO2312-P-3500,27.8,0.0,0.0,0.0,30,26.8,28.4,6,29.0,28.6,28.6,27.8,20.0,56820.0,313
2023-05-10 10:06:57,IO2312-P-3500,IO2312-P-3500,27.8,0.0,0.0,0.0,33,26.8,28.4,6,29.0,28.6,28.6,27.8,20.0,56820.0,313
2023-05-10 10:07:01,IO2312-P-3500,IO2312-P-3500,27.8,0.0,0.0,0.0,36,26.8,28.4,6,29.0,28.6,28.6,27.8,20.0,56820.0,313
2023-05-10 10:07:05,IO2312-P-3500,IO2312-P-3500,27.8,0.0,0.0,0.0,33,26.8,28.4,6,29.0,28.6,28.6,27.8,20.0,56820.0,313
2023-05-10 10:07:16,IO2312-P-3500,IO2312-P-3500,27.8,0.0,0.0,0.0,6,27.0,28.6,18,29.0,28.6,28.6,27.8,20.0,56820.0,313
2023-05-10 10:07:16,IO2312-P-3500,IO2312-P-3500,27.8,0.0,0.0,0.0,9,27.0,28.6,15,29.0,28.6,28.6,27.8,20.0,56820.0,313
2023-05-10 10:07:28,IO2312-P-3500,IO2312-P-3500,27.8,0.0,0.0,0.0,9,27.0,28.6,12,29.0,28.6,28.6,27.8,20.0,56820.0,313
2023-05-10 10:07:29,IO2312-P-3500,IO2312-P-3500,27.8,0.0,0.0,0.0,9,27.0,28.6,6,29.0,28.6,28.6,27.8,20.0,56820.0,313
2023-05-10 10:07:29,IO2312-P-3500,IO2312-P-3500,27.8,0.0,0.0,0.0,3,27.0,28.6,9,29.0,28.6,28.6,27.8,20.0,56820.0,313
2023-05-10 10:07:30,IO2312-P-3500,IO2312-P-3500,27.8,0.0,0.0,0.0,6,27.0,28.6,9,29.0,28.6,28.6,27.8,20.0,56820.0,313
2023-05-10 10:07:31,IO2312-P-3500,IO2312-P-3500,27.8,0.0,0.0,0.0,9,27.0,28.6,9,29.0,28.6,28.6,27.8,20.0,56820.0,313
2023-05-10 10:07:31,IO2312-P-3500,IO2312-P-3500,27.8,0.0,0.0,0.0,2,28.0,28.6,9,29.0,28.6,28.6,27.8,20.0,56820.0,313
2023-05-10 10:07:32,IO2312-P-3500,IO2312-P-3500,27.8,0.0,0.0,0.0,2,28.0,28.6,6,29.0,28.6,28.6,27.8,20.0,56820.0,313
2023-05-10 10:07:35,IO2312-P-3500,IO2312-P-3500,27.8,0.0,0.0,0.0,2,28.0,28.8,21,29.0,28.6,28.6,27.8,20.0,56820.0,313
2023-05-10 10:07:35,IO2312-P-3500,IO2312-P-3500,27.8,0.0,0.0,0.0,2,28.0,28.8,24,29.0,28.6,28.6,27.8,20.0,56820.0,313
2023-05-10 10:07:36,IO2312-P-3500,IO2312-P-3500,27.8,0.0,0.0,0.0,2,28.0,28.8,21,29.0,28.6,28.6,27.8,20.0,56820.0,313
2023-05-10 10:07:37,IO2312-P-3500,IO2312-P-3500,27.8,0.0,0.0,0.0,2,28.0,28.8,24,29.0,28.6,28.6,27.8,20.0,56820.0,313
2023-05-10 10:07:41,IO2312-P-3500,IO2312-P-3500,27.8,0.0,0.0,0.0,2,28.0,28.8,18,29.0,28.6,28.6,27.8,20.0,56820.0,313
2023-05-10 10:07:46,IO2312-P-3500,IO2312-P-3500,27.8,0.0,0.0,0.0,2,28.0,28.8,21,29.0,28.6,28.6,27.8,20.0,56820.0,313
2023-05-10 10:07:47,IO2312-P-3500,IO2312-P-3500,27.8,0.0,0.0,0.0,2,28.0,28.8,18,29.0,28.6,28.6,27.8,20.0,56820.0,313
