time,symbol_id,symbol_name,last,trade_volume,trade_amount,open_interest_change,bv1,bp1,ap1,av1,yesterday_close,today_open,today_high,today_low,volume,amount,open_interest
2023-05-10 09:29:00,IO2312-C-4000,IO2312-C-4000,187.0,0.0,0.0,0.0,1,157.2,202.0,1,187.0,180.8,0.0,0.0,0.0,0.0,214
2023-05-10 09:30:00,IO2312-C-4000,IO2312-C-4000,187.0,0.0,0.0,0.0,6,157.4,202.0,2,187.0,180.8,0.0,0.0,0.0,0.0,214
2023-05-10 09:30:01,IO2312-C-4000,IO2312-C-4000,187.0,0.0,0.0,0.0,1,161.4,202.0,2,187.0,180.8,0.0,0.0,0.0,0.0,214
2023-05-10 09:30:01,IO2312-C-4000,IO2312-C-4000,187.0,0.0,0.0,0.0,6,161.6,202.0,2,187.0,180.8,0.0,0.0,0.0,0.0,214
2023-05-10 09:30:03,IO2312-C-4000,IO2312-C-4000,187.0,0.0,0.0,0.0,6,160.6,202.0,2,187.0,180.8,0.0,0.0,0.0,0.0,214
2023-05-10 09:30:06,IO2312-C-4000,IO2312-C-4000,187.0,0.0,0.0,0.0,1,161.4,202.0,2,187.0,180.8,0.0,0.0,0.0,0.0,214
2023-05-10 09:30:07,IO2312-C-4000,IO2312-C-4000,187.0,0.0,0.0,0.0,6,161.6,202.0,2,187.0,180.8,0.0,0.0,0.0,0.0,214
2023-05-10 09:30:10,IO2312-C-4000,IO2312-C-4000,187.0,0.0,0.0,0.0,6,161.6,201.8,1,187.0,180.8,0.0,0.0,0.0,0.0,214
2023-05-10 09:30:12,IO2312-C-4000,IO2312-C-4000,187.0,0.0,0.0,0.0,3,161.8,201.6,3,187.0,180.8,0.0,0.0,0.0,0.0,214
2023-05-10 09:30:13,IO2312-C-4000,IO2312-C-4000,187.0,0.0,0.0,0.0,6,162.0,201.6,3,187.0,180.8,0.0,0.0,0.0,0.0,214
2023-05-10 09:30:13,IO2312-C-4000,IO2312-C-4000,187.0,0.0,0.0,0.0,3,162.2,201.6,3,187.0,180.8,0.0,0.0,0.0,0.0,214
2023-05-10 09:30:14,IO2312-C-4000,IO2312-C-4000,187.0,0.0,0.0,0.0,6,162.4,201.6,3,187.0,180.8,0.0,0.0,0.0,0.0,214
2023-05-10 09:30:14,IO2312-C-4000,IO2312-C-4000,187.0,0.0,0.0,0.0,3,162.6,201.6,3,187.0,180.8,0.0,0.0,0.0,0.0,214
2023-05-10 09:30:15,IO2312-C-4000,IO2312-C-4000,187.0,0.0,0.0,0.0,6,162.8,201.6,3,187.0,180.8,0.0,0.0,0.0,0.0,214
2023-05-10 09:30:15,IO2312-C-4000,IO2312-C-4000,187.0,0.0,0.0,0.0,3,163.0,201.6,4,187.0,180.8,0.0,0.0,0.0,0.0,214
2023-05-10 09:30:16,IO2312-C-4000,IO2312-C-4000,187.0,0.0,0.0,0.0,6,163.2,201.6,4,187.0,180.8,0.0,0.0,0.0,0.0,214
2023-05-10 09:30:16,IO2312-C-4000,IO2312-C-4000,187.0,0.0,0.0,0.0,3,163.4,201.6,4,187.0,180.8,0.0,0.0,0.0,0.0,214
2023-05-10 09:30:17,IO2312-C-4000,IO2312-C-4000,187.0,0.0,0.0,0.0,6,163.6,201.6,4,187.0,180.8,0.0,0.0,0.0,0.0,214
2023-05-10 09:30:17,IO2312-C-4000,IO2312-C-4000,187.0,0.0,0.0,0.0,3,163.8,201.6,4,187.0,180.8,0.0,0.0,0.0,0.0,214
2023-05-10 09:30:18,IO2312-C-4000,IO2312-C-4000,187.0,0.0,0.0,0.0,6,164.0,201.6,4,187.0,180.8,0.0,0.0,0.0,0.0,214
2023-05-10 09:30:18,IO2312-C-4000,IO2312-C-4000,187.0,0.0,0.0,0.0,3,164.2,201.6,4,187.0,180.8,0.0,0.0,0.0,0.0,214
2023-05-10 09:30:19,IO2312-C-4000,IO2312-C-4000,187.0,0.0,0.0,0.0,6,164.4,201.6,4,187.0,180.8,0.0,0.0,0.0,0.0,214
2023-05-10 09:30:19,IO2312-C-4000,IO2312-C-4000,187.0,0.0,0.0,0.0,3,164.6,201.6,4,187.0,180.8,0.0,0.0,0.0,0.0,214
2023-05-10 09:30:20,IO2312-C-4000,IO2312-C-4000,187.0,0.0,0.0,0.0,6,164.8,201.6,4,187.0,180.8,0.0,0.0,0.0,0.0,214
2023-05-10 09:30:20,IO2312-C-4000,IO2312-C-4000,187.0,0.0,0.0,0.0,3,165.0,201.6,4,187.0,180.8,0.0,0.0,0.0,0.0,214
2023-05-10 09:30:21,IO2312-C-4000,IO2312-C-4000,187.0,0.0,0.0,0.0,6,165.2,201.6,4,187.0,180.8,0.0,0.0,0.0,0.0,214
2023-05-10 09:30:21,IO2312-C-4000,IO2312-C-4000,187.0,0.0,0.0,0.0,3,165.4,201.6,4,187.0,180.8,0.0,0.0,0.0,0.0,214
2023-05-10 09:30:22,IO2312-C-4000,IO2312-C-4000,187.0,0.0,0.0,0.0,6,178.0,189.2,6,187.0,180.8,0.0,0.0,0.0,0.0,214
2023-05-10 09:30:22,IO2312-C-4000,IO2312-C-4000,187.0,0.0,0.0,0.0,9,178.2,192.2,6,187.0,180.8,0.0,0.0,0.0,0.0,214
2023-05-10 09:30:23,IO2312-C-4000,IO2312-C-4000,187.0,0.0,0.0,0.0,6,178.2,192.0,3,187.0,180.8,0.0,0.0,0.0,0.0,214
2023-05-10 09:30:23,IO2312-C-4000,IO2312-C-4000,187.0,0.0,0.0,0.0,6,161.6,192.0,3,187.0,180.8,0.0,0.0,0.0,0.0,214
2023-05-10 09:30:24,IO2312-C-4000,IO2312-C-4000,187.0,0.0,0.0,0.0,3,161.8,192.0,3,187.0,180.8,0.0,0.0,0.0,0.0,214
2023-05-10 09:30:24,IO2312-C-4000,IO2312-C-4000,187.0,0.0,0.0,0.0,6,162.0,192.0,3,187.0,180.8,0.0,0.0,0.0,0.0,214
2023-05-10 09:30:25,IO2312-C-4000,IO2312-C-4000,187.0,0.0,0.0,0.0,3,162.2,192.0,3,187.0,180.8,0.0,0.0,0.0,0.0,214
2023-05-10 09:30:25,IO2312-C-4000,IO2312-C-4000,187.0,0.0,0.0,0.0,6,178.8,190.0,6,187.0,180.8,0.0,0.0,0.0,0.0,214
2023-05-10 09:30:26,IO2312-C-4000,IO2312-C-4000,187.0,0.0,0.0,0.0,12,178.8,189.8,3,187.0,180.8,0.0,0.0,0.0,0.0,214
2023-05-10 09:30:27,IO2312-C-4000,IO2312-C-4000,187.0,0.0,0.0,0.0,6,178.8,189.8,3,187.0,180.8,0.0,0.0,0.0,0.0,214
2023-05-10 09:30:29,IO2312-C-4000,IO2312-C-4000,187.0,0.0,0.0,0.0,6,177.8,189.8,3,187.0,180.8,0.0,0.0,0.0,0.0,214
2023-05-10 09:30:30,IO2312-C-4000,IO2312-C-4000,187.0,0.0,0.0,0.0,6,176.8,189.8,9,187.0,180.8,0.0,0.0,0.0,0.0,214
2023-05-10 09:30:30,IO2312-C-4000,IO2312-C-4000,187.0,0.0,0.0,0.0,6,177.0,189.6,3,187.0,180.8,0.0,0.0,0.0,0.0,214
2023-05-10 09:30:31,IO2312-C-4000,IO2312-C-4000,187.0,0.0,0.0,0.0,6,177.0,189.4,3,187.0,180.8,0.0,0.0,0.0,0.0,214
2023-05-10 09:30:31,IO2312-C-4000,IO2312-C-4000,187.0,0.0,0.0,0.0,3,177.0,189.4,3,187.0,180.8,0.0,0.0,0.0,0.0,214
2023-05-10 09:30:32,IO2312-C-4000,IO2312-C-4000,187.0,0.0,0.0,0.0,3,177.2,189.2,3,187.0,180.8,0.0,0.0,0.0,0.0,214
2023-05-10 09:30:32,IO2312-C-4000,IO2312-C-4000,187.0,0.0,0.0,0.0,3,177.4,189.0,3,187.0,180.8,0.0,0.0,0.0,0.0,214
2023-05-10 09:30:33,IO2312-C-4000,IO2312-C-4000,187.0,0.0,0.0,0.0,6,176.8,189.0,9,187.0,180.8,0.0,0.0,0.0,0.0,214
2023-05-10 09:30:33,IO2312-C-4000,IO2312-C-4000,187.0,0.0,0.0,0.0,12,177.0,188.8,3,187.0,180.8,0.0,0.0,0.0,0.0,214
2023-05-10 09:30:34,IO2312-C-4000,IO2312-C-4000,187.0,0.0,0.0,0.0,6,177.4,188.6,6,187.0,180.8,0.0,0.0,0.0,0.0,214
2023-05-10 09:30:35,IO2312-C-4000,IO2312-C-4000,187.0,0.0,0.0,0.0,3,177.6,188.4,3,187.0,180.8,0.0,0.0,0.0,0.0,214
2023-05-10 09:30:37,IO2312-C-4000,IO2312-C-4000,187.0,0.0,0.0,0.0,6,177.4,188.6,6,187.0,180.8,0.0,0.0,0.0,0.0,214
2023-05-10 09:30:38,IO2312-C-4000,IO2312-C-4000,187.0,0.0,0.0,0.0,6,177.4,188.6,9,187.0,180.8,0.0,0.0,0.0,0.0,214
2023-05-10 09:30:39,IO2312-C-4000,IO2312-C-4000,187.0,0.0,0.0,0.0,3,177.6,188.4,3,187.0,180.8,0.0,0.0,0.0,0.0,214
2023-05-10 09:30:40,IO2312-C-4000,IO2312-C-4000,187.0,0.0,0.0,0.0,3,177.6,188.2,3,187.0,180.8,0.0,0.0,0.0,0.0,214
2023-05-10 09:30:40,IO2312-C-4000,IO2312-C-4000,187.0,0.0,0.0,0.0,3,177.6,188.2,4,187.0,180.8,0.0,0.0,0.0,0.0,214
2023-05-10 09:30:42,IO2312-C-4000,IO2312-C-4000,187.0,0.0,0.0,0.0,6,177.4,188.2,4,187.0,180.8,0.0,0.0,0.0,0.0,214
2023-05-10 09:30:44,IO2312-C-4000,IO2312-C-4000,187.0,0.0,0.0,0.0,3,177.6,188.0,3,187.0,180.8,0.0,0.0,0.0,0.0,214
2023-05-10 09:30:45,IO2312-C-4000,IO2312-C-4000,187.0,0.0,0.0,0.0,3,177.6,188.0,9,187.0,180.8,0.0,0.0,0.0,0.0,214
2023-05-10 09:30:45,IO2312-C-4000,IO2312-C-4000,187.0,0.0,0.0,0.0,3,177.6,187.8,3,187.0,180.8,0.0,0.0,0.0,0.0,214
2023-05-10 09:30:46,IO2312-C-4000,IO2312-C-4000,187.0,0.0,0.0,0.0,9,177.6,188.0,9,187.0,180.8,0.0,0.0,0.0,0.0,214
2023-05-10 09:30:46,IO2312-C-4000,IO2312-C-4000,187.0,0.0,0.0,0.0,6,177.6,188.0,9,187.0,180.8,0.0,0.0,0.0,0.0,214
2023-05-10 09:30:49,IO2312-C-4000,IO2312-C-4000,187.0,0.0,0.0,0.0,2,177.8,187.8,2,187.0,180.8,0.0,0.0,0.0,0.0,214
2023-05-10 09:30:49,IO2312-C-4000,IO2312-C-4000,187.0,0.0,0.0,0.0,8,177.8,187.8,2,187.0,180.8,0.0,0.0,0.0,0.0,214
2023-05-10 09:30:51,IO2312-C-4000,IO2312-C-4000,187.0,0.0,0.0,0.0,8,177.8,187.8,5,187.0,180.8,0.0,0.0,0.0,0.0,214
2023-05-10 09:30:51,IO2312-C-4000,IO2312-C-4000,187.0,0.0,0.0,0.0,6,177.8,187.8,5,187.0,180.8,0.0,0.0,0.0,0.0,214
2023-05-10 09:30:53,IO2312-C-4000,IO2312-C-4000,187.0,0.0,0.0,0.0,2,178.0,187.8,2,187.0,180.8,0.0,0.0,0.0,0.0,214
2023-05-10 09:30:55,IO2312-C-4000,IO2312-C-4000,187.0,0.0,0.0,0.0,5,178.0,187.8,2,187.0,180.8,0.0,0.0,0.0,0.0,214
2023-05-10 09:30:55,IO2312-C-4000,IO2312-C-4000,187.0,0.0,0.0,0.0,2,178.0,187.8,5,187.0,180.8,0.0,0.0,0.0,0.0,214
2023-05-10 09:30:56,IO2312-C-4000,IO2312-C-4000,187.0,0.0,0.0,0.0,3,178.0,187.8,5,187.0,180.8,0.0,0.0,0.0,0.0,214
2023-05-10 09:30:56,IO2312-C-4000,IO2312-C-4000,187.0,0.0,0.0,0.0,8,177.8,187.8,5,187.0,180.8,0.0,0.0,0.0,0.0,214
2023-05-10 09:30:57,IO2312-C-4000,IO2312-C-4000,187.0,0.0,0.0,0.0,6,177.8,187.8,5,187.0,180.8,0.0,0.0,0.0,0.0,214
2023-05-10 09:30:58,IO2312-C-4000,IO2312-C-4000,187.0,0.0,0.0,0.0,8,177.8,187.8,5,187.0,180.8,0.0,0.0,0.0,0.0,214
2023-05-10 09:31:00,IO2312-C-4000,IO2312-C-4000,187.0,0.0,0.0,0.0,6,177.8,187.8,5,187.0,180.8,0.0,0.0,0.0,0.0,214
2023-05-10 09:31:01,IO2312-C-4000,IO2312-C-4000,187.0,0.0,0.0,0.0,6,177.8,187.0,6,187.0,180.8,0.0,0.0,0.0,0.0,214
2023-05-10 09:31:01,IO2312-C-4000,IO2312-C-4000,187.0,0.0,0.0,0.0,6,177.8,186.8,5,187.0,180.8,0.0,0.0,0.0,0.0,214
2023-05-10 09:31:03,IO2312-C-4000,IO2312-C-4000,187.0,0.0,0.0,0.0,6,178.0,186.8,5,187.0,180.8,0.0,0.0,0.0,0.0,214
2023-05-10 09:31:05,IO2312-C-4000,IO2312-C-4000,187.0,0.0,0.0,0.0,6,177.8,186.8,5,187.0,180.8,0.0,0.0,0.0,0.0,214
2023-05-10 09:31:06,IO2312-C-4000,IO2312-C-4000,187.0,0.0,0.0,0.0,9,177.2,185.4,6,187.0,180.8,0.0,0.0,0.0,0.0,214
2023-05-10 09:31:06,IO2312-C-4000,IO2312-C-4000,187.0,0.0,0.0,0.0,12,177.0,185.2,5,187.0,180.8,0.0,0.0,0.0,0.0,214
2023-05-10 09:31:07,IO2312-C-4000,IO2312-C-4000,187.0,0.0,0.0,0.0,6,177.2,185.2,2,187.0,180.8,0.0,0.0,0.0,0.0,214
2023-05-10 09:31:07,IO2312-C-4000,IO2312-C-4000,187.0,0.0,0.0,0.0,6,177.2,185.2,5,187.0,180.8,0.0,0.0,0.0,0.0,214
2023-05-10 09:31:08,IO2312-C-4000,IO2312-C-4000,187.0,0.0,0.0,0.0,6,177.0,185.2,5,187.0,180.8,0.0,0.0,0.0,0.0,214
2023-05-10 09:31:09,IO2312-C-4000,IO2312-C-4000,187.0,0.0,0.0,0.0,12,176.8,185.2,5,187.0,180.8,0.0,0.0,0.0,0.0,214
2023-05-10 09:31:09,IO2312-C-4000,IO2312-C-4000,187.0,0.0,0.0,0.0,6,176.8,185.2,5,187.0,180.8,0.0,0.0,0.0,0.0,214
2023-05-10 09:31:11,IO2312-C-4000,IO2312-C-4000,187.0,0.0,0.0,0.0,6,176.8,185.2,2,187.0,180.8,0.0,0.0,0.0,0.0,214
2023-05-10 09:31:13,IO2312-C-4000,IO2312-C-4000,187.0,0.0,0.0,0.0,6,176.8,185.2,5,187.0,180.8,0.0,0.0,0.0,0.0,214
2023-05-10 09:31:14,IO2312-C-4000,IO2312-C-4000,187.0,0.0,0.0,0.0,6,176.8,185.2,2,187.0,180.8,0.0,0.0,0.0,0.0,214
2023-05-10 09:31:16,IO2312-C-4000,IO2312-C-4000,187.0,0.0,0.0,0.0,6,176.8,185.4,12,187.0,180.8,0.0,0.0,0.0,0.0,214
2023-05-10 09:31:17,IO2312-C-4000,IO2312-C-4000,187.0,0.0,0.0,0.0,6,176.8,185.2,2,187.0,180.8,0.0,0.0,0.0,0.0,214
2023-05-10 09:31:19,IO2312-C-4000,IO2312-C-4000,187.0,0.0,0.0,0.0,6,176.8,185.2,5,187.0,180.8,0.0,0.0,0.0,0.0,214
2023-05-10 09:31:24,IO2312-C-4000,IO2312-C-4000,187.0,0.0,0.0,0.0,12,176.2,185.2,5,187.0,180.8,0.0,0.0,0.0,0.0,214
2023-05-10 09:31:24,IO2312-C-4000,IO2312-C-4000,187.0,0.0,0.0,0.0,6,176.2,185.2,5,187.0,180.8,0.0,0.0,0.0,0.0,214
2023-05-10 09:31:30,IO2312-C-4000,IO2312-C-4000,187.0,0.0,0.0,0.0,6,176.2,184.0,6,187.0,180.8,0.0,0.0,0.0,0.0,214
2023-05-10 09:31:30,IO2312-C-4000,IO2312-C-4000,187.0,0.0,0.0,0.0,6,176.2,183.8,2,187.0,180.8,0.0,0.0,0.0,0.0,214
2023-05-10 09:31:33,IO2312-C-4000,IO2312-C-4000,187.0,0.0,0.0,0.0,6,176.2,183.8,3,187.0,180.8,0.0,0.0,0.0,0.0,214
2023-05-10 09:31:43,IO2312-C-4000,IO2312-C-4000,187.0,0.0,0.0,0.0,6,176.2,183.8,1,187.0,180.8,0.0,0.0,0.0,0.0,214
2023-05-10 09:31:43,IO2312-C-4000,IO2312-C-4000,187.0,0.0,0.0,0.0,6,176.2,183.6,1,187.0,180.8,0.0,0.0,0.0,0.0,214
2023-05-10 09:31:48,IO2312-C-4000,IO2312-C-4000,187.0,0.0,0.0,0.0,9,176.2,183.6,1,187.0,180.8,0.0,0.0,0.0,0.0,214
2023-05-10 09:31:51,IO2312-C-4000,IO2312-C-4000,187.0,0.0,0.0,0.0,11,176.2,183.6,1,187.0,180.8,0.0,0.0,0.0,0.0,214
2023-05-10 09:31:52,IO2312-C-4000,IO2312-C-4000,187.0,0.0,0.0,0.0,9,176.2,183.6,1,187.0,180.8,0.0,0.0,0.0,0.0,214
2023-05-10 09:31:53,IO2312-C-4000,IO2312-C-4000,187.0,0.0,0.0,0.0,9,176.2,183.4,1,187.0,180.8,0.0,0.0,0.0,0.0,214
2023-05-10 09:31:57,IO2312-C-4000,IO2312-C-4000,187.0,0.0,0.0,0.0,11,176.2,183.4,1,187.0,180.8,0.0,0.0,0.0,0.0,214
2023-05-10 09:32:03,IO2312-C-4000,IO2312-C-4000,187.0,0.0,0.0,0.0,11,176.2,183.2,1,187.0,180.8,0.0,0.0,0.0,0.0,214
2023-05-10 09:32:04,IO2312-C-4000,IO2312-C-4000,187.0,0.0,0.0,0.0,5,176.2,183.2,1,187.0,180.8,0.0,0.0,0.0,0.0,214
2023-05-10 09:32:04,IO2312-C-4000,IO2312-C-4000,187.0,0.0,0.0,0.0,2,176.2,183.2,1,187.0,180.8,0.0,0.0,0.0,0.0,214
2023-05-10 09:32:07,IO2312-C-4000,IO2312-C-4000,187.0,0.0,0.0,0.0,11,176.0,183.2,1,187.0,180.8,0.0,0.0,0.0,0.0,214
2023-05-10 09:32:07,IO2312-C-4000,IO2312-C-4000,187.0,0.0,0.0,0.0,9,176.0,183.2,7,187.0,180.8,0.0,0.0,0.0,0.0,214
2023-05-10 09:32:08,IO2312-C-4000,IO2312-C-4000,187.0,0.0,0.0,0.0,9,176.0,183.2,1,187.0,180.8,0.0,0.0,0.0,0.0,214
2023-05-10 09:32:08,IO2312-C-4000,IO2312-C-4000,187.0,0.0,0.0,0.0,2,176.2,183.2,1,187.0,180.8,0.0,0.0,0.0,0.0,214
2023-05-10 09:32:12,IO2312-C-4000,IO2312-C-4000,187.0,0.0,0.0,0.0,11,176.0,183.2,1,187.0,180.8,0.0,0.0,0.0,0.0,214
2023-05-10 09:32:13,IO2312-C-4000,IO2312-C-4000,187.0,0.0,0.0,0.0,11,176.0,183.0,1,187.0,180.8,0.0,0.0,0.0,0.0,214
2023-05-10 09:32:18,IO2312-C-4000,IO2312-C-4000,187.0,0.0,0.0,0.0,3,176.2,183.0,1,187.0,180.8,0.0,0.0,0.0,0.0,214
2023-05-10 09:32:18,IO2312-C-4000,IO2312-C-4000,187.0,0.0,0.0,0.0,2,176.4,183.0,1,187.0,180.8,0.0,0.0,0.0,0.0,214
2023-05-10 09:32:19,IO2312-C-4000,IO2312-C-4000,187.0,0.0,0.0,0.0,3,176.6,183.8,1,187.0,180.8,0.0,0.0,0.0,0.0,214
2023-05-10 09:32:19,IO2312-C-4000,IO2312-C-4000,187.0,0.0,0.0,0.0,2,176.8,183.8,1,187.0,180.8,0.0,0.0,0.0,0.0,214
2023-05-10 09:32:20,IO2312-C-4000,IO2312-C-4000,187.0,0.0,0.0,0.0,8,176.8,183.8,1,187.0,180.8,0.0,0.0,0.0,0.0,214
2023-05-10 09:32:20,IO2312-C-4000,IO2312-C-4000,187.0,0.0,0.0,0.0,11,176.8,183.8,1,187.0,180.8,0.0,0.0,0.0,0.0,214
2023-05-10 09:32:25,IO2312-C-4000,IO2312-C-4000,187.0,0.0,0.0,0.0,11,176.8,183.8,4,187.0,180.8,0.0,0.0,0.0,0.0,214
2023-05-10 09:32:29,IO2312-C-4000,IO2312-C-4000,187.0,0.0,0.0,0.0,11,176.8,183.6,1,187.0,180.8,0.0,0.0,0.0,0.0,214
2023-05-10 09:32:29,IO2312-C-4000,IO2312-C-4000,187.0,0.0,0.0,0.0,11,176.8,183.6,4,187.0,180.8,0.0,0.0,0.0,0.0,214
2023-05-10 09:32:30,IO2312-C-4000,IO2312-C-4000,187.0,0.0,0.0,0.0,14,176.8,183.6,1,187.0,180.8,0.0,0.0,0.0,0.0,214
2023-05-10 09:32:30,IO2312-C-4000,IO2312-C-4000,187.0,0.0,0.0,0.0,17,176.8,183.6,1,187.0,180.8,0.0,0.0,0.0,0.0,214
2023-05-10 09:32:32,IO2312-C-4000,IO2312-C-4000,187.0,0.0,0.0,0.0,17,176.8,183.4,3,187.0,180.8,0.0,0.0,0.0,0.0,214
2023-05-10 09:32:33,IO2312-C-4000,IO2312-C-4000,187.0,0.0,0.0,0.0,17,176.8,183.6,1,187.0,180.8,0.0,0.0,0.0,0.0,214
2023-05-10 09:32:39,IO2312-C-4000,IO2312-C-4000,187.0,0.0,0.0,0.0,17,176.8,183.4,1,187.0,180.8,0.0,0.0,0.0,0.0,214
2023-05-10 09:32:45,IO2312-C-4000,IO2312-C-4000,187.0,0.0,0.0,0.0,17,176.8,183.4,4,187.0,180.8,0.0,0.0,0.0,0.0,214
2023-05-10 09:32:46,IO2312-C-4000,IO2312-C-4000,187.0,0.0,0.0,0.0,15,176.8,183.4,4,187.0,180.8,0.0,0.0,0.0,0.0,214
2023-05-10 09:32:46,IO2312-C-4000,IO2312-C-4000,187.0,0.0,0.0,0.0,15,176.8,183.4,1,187.0,180.8,0.0,0.0,0.0,0.0,214
2023-05-10 09:32:47,IO2312-C-4000,IO2312-C-4000,187.0,0.0,0.0,0.0,17,176.8,183.4,1,187.0,180.8,0.0,0.0,0.0,0.0,214
2023-05-10 09:32:49,IO2312-C-4000,IO2312-C-4000,187.0,0.0,0.0,0.0,17,176.8,183.2,1,187.0,180.8,0.0,0.0,0.0,0.0,214
2023-05-10 09:32:57,IO2312-C-4000,IO2312-C-4000,187.0,0.0,0.0,0.0,1,178.4,183.2,1,187.0,180.8,0.0,0.0,0.0,0.0,214
2023-05-10 09:32:58,IO2312-C-4000,IO2312-C-4000,187.0,0.0,0.0,0.0,7,178.4,183.2,1,187.0,180.8,0.0,0.0,0.0,0.0,214
2023-05-10 09:33:00,IO2312-C-4000,IO2312-C-4000,187.0,0.0,0.0,0.0,1,178.8,183.6,1,187.0,180.8,0.0,0.0,0.0,0.0,214
2023-05-10 09:33:06,IO2312-C-4000,IO2312-C-4000,187.0,0.0,0.0,0.0,9,178.6,183.6,1,187.0,180.8,0.0,0.0,0.0,0.0,214
2023-05-10 09:33:10,IO2312-C-4000,IO2312-C-4000,187.0,0.0,0.0,0.0,9,178.6,183.8,4,187.0,180.8,0.0,0.0,0.0,0.0,214
2023-05-10 09:33:11,IO2312-C-4000,IO2312-C-4000,187.0,0.0,0.0,0.0,9,178.6,184.0,1,187.0,180.8,0.0,0.0,0.0,0.0,214
2023-05-10 09:33:11,IO2312-C-4000,IO2312-C-4000,187.0,0.0,0.0,0.0,1,178.8,184.0,1,187.0,180.8,0.0,0.0,0.0,0.0,214
2023-05-10 09:33:12,IO2312-C-4000,IO2312-C-4000,187.0,0.0,0.0,0.0,1,178.8,184.2,3,187.0,180.8,0.0,0.0,0.0,0.0,214
2023-05-10 09:33:13,IO2312-C-4000,IO2312-C-4000,187.0,0.0,0.0,0.0,1,178.8,184.4,1,187.0,180.8,0.0,0.0,0.0,0.0,214
2023-05-10 09:33:14,IO2312-C-4000,IO2312-C-4000,187.0,0.0,0.0,0.0,2,179.0,184.4,1,187.0,180.8,0.0,0.0,0.0,0.0,214
2023-05-10 09:33:15,IO2312-C-4000,IO2312-C-4000,187.0,0.0,0.0,0.0,1,179.2,184.4,1,187.0,180.8,0.0,0.0,0.0,0.0,214
2023-05-10 09:33:15,IO2312-C-4000,IO2312-C-4000,187.0,0.0,0.0,0.0,2,179.4,184.4,1,187.0,180.8,0.0,0.0,0.0,0.0,214
2023-05-10 09:33:16,IO2312-C-4000,IO2312-C-4000,187.0,0.0,0.0,0.0,1,179.6,184.4,1,187.0,180.8,0.0,0.0,0.0,0.0,214
2023-05-10 09:33:16,IO2312-C-4000,IO2312-C-4000,187.0,0.0,0.0,0.0,2,179.8,184.4,1,187.0,180.8,0.0,0.0,0.0,0.0,214
2023-05-10 09:33:18,IO2312-C-4000,IO2312-C-4000,187.0,0.0,0.0,0.0,2,179.8,185.0,22,187.0,180.8,0.0,0.0,0.0,0.0,214
2023-05-10 09:33:19,IO2312-C-4000,IO2312-C-4000,187.0,0.0,0.0,0.0,2,179.8,185.0,10,187.0,180.8,0.0,0.0,0.0,0.0,214
2023-05-10 09:33:19,IO2312-C-4000,IO2312-C-4000,187.0,0.0,0.0,0.0,1,180.0,185.0,4,187.0,180.8,0.0,0.0,0.0,0.0,214
2023-05-10 09:33:20,IO2312-C-4000,IO2312-C-4000,187.0,0.0,0.0,0.0,2,180.2,185.0,1,187.0,180.8,0.0,0.0,0.0,0.0,214
2023-05-10 09:33:20,IO2312-C-4000,IO2312-C-4000,187.0,0.0,0.0,0.0,1,180.6,185.0,1,187.0,180.8,0.0,0.0,0.0,0.0,214
2023-05-10 09:33:21,IO2312-C-4000,IO2312-C-4000,187.0,0.0,0.0,0.0,2,180.8,185.0,1,187.0,180.8,0.0,0.0,0.0,0.0,214
2023-05-10 09:33:22,IO2312-C-4000,IO2312-C-4000,187.0,0.0,0.0,0.0,2,180.8,185.4,3,187.0,180.8,0.0,0.0,0.0,0.0,214
2023-05-10 09:33:23,IO2312-C-4000,IO2312-C-4000,187.0,0.0,0.0,0.0,2,180.8,185.6,7,187.0,180.8,0.0,0.0,0.0,0.0,214
2023-05-10 09:33:23,IO2312-C-4000,IO2312-C-4000,187.0,0.0,0.0,0.0,2,180.8,185.6,1,187.0,180.8,0.0,0.0,0.0,0.0,214
2023-05-10 09:33:27,IO2312-C-4000,IO2312-C-4000,187.0,0.0,0.0,0.0,2,180.8,185.8,27,187.0,180.8,0.0,0.0,0.0,0.0,214
2023-05-10 09:33:27,IO2312-C-4000,IO2312-C-4000,187.0,0.0,0.0,0.0,2,180.8,185.8,15,187.0,180.8,0.0,0.0,0.0,0.0,214
2023-05-10 09:33:28,IO2312-C-4000,IO2312-C-4000,187.0,0.0,0.0,0.0,1,181.4,185.8,9,187.0,180.8,0.0,0.0,0.0,0.0,214
2023-05-10 09:33:28,IO2312-C-4000,IO2312-C-4000,187.0,0.0,0.0,0.0,1,181.4,185.8,3,187.0,180.8,0.0,0.0,0.0,0.0,214
2023-05-10 09:33:29,IO2312-C-4000,IO2312-C-4000,187.0,0.0,0.0,0.0,1,181.4,186.2,1,187.0,180.8,0.0,0.0,0.0,0.0,214
2023-05-10 09:33:30,IO2312-C-4000,IO2312-C-4000,187.0,0.0,0.0,0.0,2,181.6,186.2,1,187.0,180.8,0.0,0.0,0.0,0.0,214
2023-05-10 09:33:30,IO2312-C-4000,IO2312-C-4000,187.0,0.0,0.0,0.0,8,181.6,186.2,1,187.0,180.8,0.0,0.0,0.0,0.0,214
2023-05-10 09:33:31,IO2312-C-4000,IO2312-C-4000,187.0,0.0,0.0,0.0,9,181.6,186.2,1,187.0,180.8,0.0,0.0,0.0,0.0,214
2023-05-10 09:33:32,IO2312-C-4000,IO2312-C-4000,187.0,0.0,0.0,0.0,6,181.6,186.2,1,187.0,180.8,0.0,0.0,0.0,0.0,214
2023-05-10 09:33:32,IO2312-C-4000,IO2312-C-4000,187.0,0.0,0.0,0.0,1,181.4,186.2,1,187.0,180.8,0.0,0.0,0.0,0.0,214
2023-05-10 09:33:33,IO2312-C-4000,IO2312-C-4000,187.0,0.0,0.0,0.0,1,181.4,186.4,3,187.0,180.8,0.0,0.0,0.0,0.0,214
2023-05-10 09:33:33,IO2312-C-4000,IO2312-C-4000,187.0,0.0,0.0,0.0,5,181.2,186.4,1,187.0,180.8,0.0,0.0,0.0,0.0,214
2023-05-10 09:33:34,IO2312-C-4000,IO2312-C-4000,187.0,0.0,0.0,0.0,2,181.2,186.4,1,187.0,180.8,0.0,0.0,0.0,0.0,214
2023-05-10 09:33:35,IO2312-C-4000,IO2312-C-4000,187.0,0.0,0.0,0.0,29,181.0,186.4,1,187.0,180.8,0.0,0.0,0.0,0.0,214
2023-05-10 09:33:35,IO2312-C-4000,IO2312-C-4000,187.0,0.0,0.0,0.0,17,181.0,186.4,1,187.0,180.8,0.0,0.0,0.0,0.0,214
2023-05-10 09:33:36,IO2312-C-4000,IO2312-C-4000,187.0,0.0,0.0,0.0,11,181.0,186.2,6,187.0,180.8,0.0,0.0,0.0,0.0,214
2023-05-10 09:33:36,IO2312-C-4000,IO2312-C-4000,187.0,0.0,0.0,0.0,11,181.0,186.2,9,187.0,180.8,0.0,0.0,0.0,0.0,214
2023-05-10 09:33:37,IO2312-C-4000,IO2312-C-4000,187.0,0.0,0.0,0.0,17,181.0,186.0,6,187.0,180.8,0.0,0.0,0.0,0.0,214
2023-05-10 09:33:37,IO2312-C-4000,IO2312-C-4000,187.0,0.0,0.0,0.0,6,181.2,186.0,6,187.0,180.8,0.0,0.0,0.0,0.0,214
2023-05-10 09:33:40,IO2312-C-4000,IO2312-C-4000,187.0,0.0,0.0,0.0,6,181.2,186.0,7,187.0,180.8,0.0,0.0,0.0,0.0,214
2023-05-10 09:33:41,IO2312-C-4000,IO2312-C-4000,187.0,0.0,0.0,0.0,9,181.0,185.8,6,187.0,180.8,0.0,0.0,0.0,0.0,214
2023-05-10 09:33:41,IO2312-C-4000,IO2312-C-4000,187.0,0.0,0.0,0.0,12,180.8,185.8,12,187.0,180.8,0.0,0.0,0.0,0.0,214
2023-05-10 09:33:42,IO2312-C-4000,IO2312-C-4000,187.0,0.0,0.0,0.0,30,180.6,185.6,6,187.0,180.8,0.0,0.0,0.0,0.0,214
2023-05-10 09:33:42,IO2312-C-4000,IO2312-C-4000,187.0,0.0,0.0,0.0,18,180.6,185.6,6,187.0,180.8,0.0,0.0,0.0,0.0,214
2023-05-10 09:33:43,IO2312-C-4000,IO2312-C-4000,187.0,0.0,0.0,0.0,12,180.6,185.6,6,187.0,180.8,0.0,0.0,0.0,0.0,214
2023-05-10 09:33:43,IO2312-C-4000,IO2312-C-4000,187.0,0.0,0.0,0.0,6,180.6,185.6,6,187.0,180.8,0.0,0.0,0.0,0.0,214
2023-05-10 09:33:46,IO2312-C-4000,IO2312-C-4000,187.0,0.0,0.0,0.0,6,180.6,185.4,3,187.0,180.8,0.0,0.0,0.0,0.0,214
2023-05-10 09:33:46,IO2312-C-4000,IO2312-C-4000,187.0,0.0,0.0,0.0,6,180.6,185.2,6,187.0,180.8,0.0,0.0,0.0,0.0,214
2023-05-10 09:33:47,IO2312-C-4000,IO2312-C-4000,187.0,0.0,0.0,0.0,6,180.6,185.2,3,187.0,180.8,0.0,0.0,0.0,0.0,214
2023-05-10 09:33:47,IO2312-C-4000,IO2312-C-4000,187.0,0.0,0.0,0.0,6,180.6,185.0,6,187.0,180.8,0.0,0.0,0.0,0.0,214
2023-05-10 09:33:48,IO2312-C-4000,IO2312-C-4000,187.0,0.0,0.0,0.0,6,180.6,185.6,6,187.0,180.8,0.0,0.0,0.0,0.0,214
2023-05-10 09:33:48,IO2312-C-4000,IO2312-C-4000,187.0,0.0,0.0,0.0,6,180.6,185.4,3,187.0,180.8,0.0,0.0,0.0,0.0,214
2023-05-10 09:33:49,IO2312-C-4000,IO2312-C-4000,187.0,0.0,0.0,0.0,6,180.6,185.2,6,187.0,180.8,0.0,0.0,0.0,0.0,214
2023-05-10 09:33:49,IO2312-C-4000,IO2312-C-4000,187.0,0.0,0.0,0.0,6,180.6,185.2,9,187.0,180.8,0.0,0.0,0.0,0.0,214
2023-05-10 09:33:50,IO2312-C-4000,IO2312-C-4000,187.0,0.0,0.0,0.0,6,180.6,185.0,6,187.0,180.8,0.0,0.0,0.0,0.0,214
2023-05-10 09:33:50,IO2312-C-4000,IO2312-C-4000,187.0,0.0,0.0,0.0,6,180.8,185.0,6,187.0,180.8,0.0,0.0,0.0,0.0,214
2023-05-10 09:33:52,IO2312-C-4000,IO2312-C-4000,187.0,0.0,0.0,0.0,6,180.6,185.0,6,187.0,180.8,0.0,0.0,0.0,0.0,214
2023-05-10 09:33:57,IO2312-C-4000,IO2312-C-4000,187.0,0.0,0.0,0.0,6,180.6,185.0,7,187.0,180.8,0.0,0.0,0.0,0.0,214
2023-05-10 09:33:57,IO2312-C-4000,IO2312-C-4000,187.0,0.0,0.0,0.0,6,180.6,184.8,6,187.0,180.8,0.0,0.0,0.0,0.0,214
2023-05-10 09:33:58,IO2312-C-4000,IO2312-C-4000,187.0,0.0,0.0,0.0,6,180.6,184.8,9,187.0,180.8,0.0,0.0,0.0,0.0,214
2023-05-10 09:33:58,IO2312-C-4000,IO2312-C-4000,187.0,0.0,0.0,0.0,6,180.6,184.6,6,187.0,180.8,0.0,0.0,0.0,0.0,214
2023-05-10 09:34:03,IO2312-C-4000,IO2312-C-4000,187.0,0.0,0.0,0.0,6,180.6,184.4,3,187.0,180.8,0.0,0.0,0.0,0.0,214
2023-05-10 09:34:04,IO2312-C-4000,IO2312-C-4000,187.0,0.0,0.0,0.0,6,180.6,184.2,6,187.0,180.8,0.0,0.0,0.0,0.0,214
2023-05-10 09:34:04,IO2312-C-4000,IO2312-C-4000,187.0,0.0,0.0,0.0,6,180.6,184.2,9,187.0,180.8,0.0,0.0,0.0,0.0,214
2023-05-10 09:34:05,IO2312-C-4000,IO2312-C-4000,187.0,0.0,0.0,0.0,6,180.6,184.0,9,187.0,180.8,0.0,0.0,0.0,0.0,214
2023-05-10 09:34:05,IO2312-C-4000,IO2312-C-4000,187.0,0.0,0.0,0.0,6,180.6,183.8,6,187.0,180.8,0.0,0.0,0.0,0.0,214
2023-05-10 09:34:06,IO2312-C-4000,IO2312-C-4000,187.0,0.0,0.0,0.0,12,180.0,183.8,9,187.0,180.8,0.0,0.0,0.0,0.0,214
2023-05-10 09:34:06,IO2312-C-4000,IO2312-C-4000,187.0,0.0,0.0,0.0,12,179.8,183.6,6,187.0,180.8,0.0,0.0,0.0,0.0,214
2023-05-10 09:34:07,IO2312-C-4000,IO2312-C-4000,187.0,0.0,0.0,0.0,24,179.6,183.6,6,187.0,180.8,0.0,0.0,0.0,0.0,214
2023-05-10 09:34:07,IO2312-C-4000,IO2312-C-4000,187.0,0.0,0.0,0.0,18,179.6,183.6,6,187.0,180.8,0.0,0.0,0.0,0.0,214
2023-05-10 09:34:08,IO2312-C-4000,IO2312-C-4000,187.0,0.0,0.0,0.0,12,179.6,183.6,6,187.0,180.8,0.0,0.0,0.0,0.0,214
2023-05-10 09:34:08,IO2312-C-4000,IO2312-C-4000,187.0,0.0,0.0,0.0,6,179.6,183.6,6,187.0,180.8,0.0,0.0,0.0,0.0,214
2023-05-10 09:34:23,IO2312-C-4000,IO2312-C-4000,187.0,0.0,0.0,0.0,6,179.6,183.6,9,187.0,180.8,0.0,0.0,0.0,0.0,214
2023-05-10 09:34:23,IO2312-C-4000,IO2312-C-4000,187.0,0.0,0.0,0.0,6,179.6,183.4,6,187.0,180.8,0.0,0.0,0.0,0.0,214
2023-05-10 09:34:24,IO2312-C-4000,IO2312-C-4000,187.0,0.0,0.0,0.0,6,179.6,183.6,6,187.0,180.8,0.0,0.0,0.0,0.0,214
2023-05-10 09:34:28,IO2312-C-4000,IO2312-C-4000,187.0,0.0,0.0,0.0,6,179.6,183.6,9,187.0,180.8,0.0,0.0,0.0,0.0,214
2023-05-10 09:34:28,IO2312-C-4000,IO2312-C-4000,187.0,0.0,0.0,0.0,9,179.6,183.4,6,187.0,180.8,0.0,0.0,0.0,0.0,214
2023-05-10 09:34:29,IO2312-C-4000,IO2312-C-4000,187.0,0.0,0.0,0.0,9,179.6,183.4,9,187.0,180.8,0.0,0.0,0.0,0.0,214
2023-05-10 09:34:29,IO2312-C-4000,IO2312-C-4000,187.0,0.0,0.0,0.0,6,179.6,183.2,6,187.0,180.8,0.0,0.0,0.0,0.0,214
2023-05-10 09:34:45,IO2312-C-4000,IO2312-C-4000,187.0,0.0,0.0,0.0,6,179.6,183.2,7,187.0,180.8,0.0,0.0,0.0,0.0,214
2023-05-10 09:34:45,IO2312-C-4000,IO2312-C-4000,187.0,0.0,0.0,0.0,6,179.6,183.0,6,187.0,180.8,0.0,0.0,0.0,0.0,214
2023-05-10 09:34:46,IO2312-C-4000,IO2312-C-4000,187.0,0.0,0.0,0.0,6,179.6,183.0,9,187.0,180.8,0.0,0.0,0.0,0.0,214
2023-05-10 09:34:46,IO2312-C-4000,IO2312-C-4000,187.0,0.0,0.0,0.0,6,179.6,182.8,6,187.0,180.8,0.0,0.0,0.0,0.0,214
2023-05-10 09:34:47,IO2312-C-4000,IO2312-C-4000,187.0,0.0,0.0,0.0,6,179.4,182.8,6,187.0,180.8,0.0,0.0,0.0,0.0,214
2023-05-10 09:34:47,IO2312-C-4000,IO2312-C-4000,187.0,0.0,0.0,0.0,42,179.0,182.8,6,187.0,180.8,0.0,0.0,0.0,0.0,214
2023-05-10 09:34:48,IO2312-C-4000,IO2312-C-4000,187.0,0.0,0.0,0.0,12,179.0,182.8,6,187.0,180.8,0.0,0.0,0.0,0.0,214
2023-05-10 09:34:48,IO2312-C-4000,IO2312-C-4000,187.0,0.0,0.0,0.0,9,178.8,182.8,6,187.0,180.8,0.0,0.0,0.0,0.0,214
2023-05-10 09:34:49,IO2312-C-4000,IO2312-C-4000,187.0,0.0,0.0,0.0,3,178.8,182.8,6,187.0,180.8,0.0,0.0,0.0,0.0,214
2023-05-10 09:34:49,IO2312-C-4000,IO2312-C-4000,187.0,0.0,0.0,0.0,36,178.6,182.8,6,187.0,180.8,0.0,0.0,0.0,0.0,214
2023-05-10 09:34:50,IO2312-C-4000,IO2312-C-4000,187.0,0.0,0.0,0.0,24,178.6,182.8,6,187.0,180.8,0.0,0.0,0.0,0.0,214
2023-05-10 09:34:50,IO2312-C-4000,IO2312-C-4000,187.0,0.0,0.0,0.0,27,178.6,182.8,6,187.0,180.8,0.0,0.0,0.0,0.0,214
2023-05-10 09:34:51,IO2312-C-4000,IO2312-C-4000,187.0,0.0,0.0,0.0,28,178.6,182.8,6,187.0,180.8,0.0,0.0,0.0,0.0,214
2023-05-10 09:34:55,IO2312-C-4000,IO2312-C-4000,187.0,0.0,0.0,0.0,28,178.6,183.0,6,187.0,180.8,0.0,0.0,0.0,0.0,214
2023-05-10 09:34:57,IO2312-C-4000,IO2312-C-4000,187.0,0.0,0.0,0.0,28,178.6,183.0,9,187.0,180.8,0.0,0.0,0.0,0.0,214
2023-05-10 09:34:57,IO2312-C-4000,IO2312-C-4000,187.0,0.0,0.0,0.0,28,178.6,182.8,6,187.0,180.8,0.0,0.0,0.0,0.0,214
2023-05-10 09:35:01,IO2312-C-4000,IO2312-C-4000,187.0,0.0,0.0,0.0,27,178.6,183.0,6,187.0,180.8,0.0,0.0,0.0,0.0,214
2023-05-10 09:35:02,IO2312-C-4000,IO2312-C-4000,187.0,0.0,0.0,0.0,27,178.6,183.0,9,187.0,180.8,0.0,0.0,0.0,0.0,214
2023-05-10 09:35:02,IO2312-C-4000,IO2312-C-4000,187.0,0.0,0.0,0.0,27,178.6,182.8,6,187.0,180.8,0.0,0.0,0.0,0.0,214
2023-05-10 09:35:03,IO2312-C-4000,IO2312-C-4000,187.0,0.0,0.0,0.0,18,178.6,182.8,7,187.0,180.8,0.0,0.0,0.0,0.0,214
2023-05-10 09:35:03,IO2312-C-4000,IO2312-C-4000,187.0,0.0,0.0,0.0,12,178.6,182.6,6,187.0,180.8,0.0,0.0,0.0,0.0,214
2023-05-10 09:35:04,IO2312-C-4000,IO2312-C-4000,187.0,0.0,0.0,0.0,6,178.6,182.6,9,187.0,180.8,0.0,0.0,0.0,0.0,214
2023-05-10 09:35:04,IO2312-C-4000,IO2312-C-4000,187.0,0.0,0.0,0.0,6,178.6,182.4,6,187.0,180.8,0.0,0.0,0.0,0.0,214
2023-05-10 09:35:06,IO2312-C-4000,IO2312-C-4000,187.0,0.0,0.0,0.0,6,178.6,182.4,9,187.0,180.8,0.0,0.0,0.0,0.0,214
2023-05-10 09:35:06,IO2312-C-4000,IO2312-C-4000,187.0,0.0,0.0,0.0,6,178.6,182.2,6,187.0,180.8,0.0,0.0,0.0,0.0,214
2023-05-10 09:35:07,IO2312-C-4000,IO2312-C-4000,187.0,0.0,0.0,0.0,6,178.6,182.2,9,187.0,180.8,0.0,0.0,0.0,0.0,214
2023-05-10 09:35:07,IO2312-C-4000,IO2312-C-4000,187.0,0.0,0.0,0.0,6,178.6,182.0,6,187.0,180.8,0.0,0.0,0.0,0.0,214
2023-05-10 09:35:10,IO2312-C-4000,IO2312-C-4000,187.0,0.0,0.0,0.0,1,178.8,182.0,6,187.0,180.8,0.0,0.0,0.0,0.0,214
2023-05-10 09:35:12,IO2312-C-4000,IO2312-C-4000,187.0,0.0,0.0,0.0,6,178.6,182.0,6,187.0,180.8,0.0,0.0,0.0,0.0,214
2023-05-10 09:35:16,IO2312-C-4000,IO2312-C-4000,187.0,0.0,0.0,0.0,6,178.6,182.0,9,187.0,180.8,0.0,0.0,0.0,0.0,214
2023-05-10 09:35:17,IO2312-C-4000,IO2312-C-4000,187.0,0.0,0.0,0.0,6,178.6,181.8,6,187.0,180.8,0.0,0.0,0.0,0.0,214
2023-05-10 09:35:20,IO2312-C-4000,IO2312-C-4000,187.0,0.0,0.0,0.0,6,178.6,181.8,7,187.0,180.8,0.0,0.0,0.0,0.0,214
2023-05-10 09:35:20,IO2312-C-4000,IO2312-C-4000,187.0,0.0,0.0,0.0,6,178.6,181.6,6,187.0,180.8,0.0,0.0,0.0,0.0,214
2023-05-10 09:35:21,IO2312-C-4000,IO2312-C-4000,187.0,0.0,0.0,0.0,6,178.6,181.6,9,187.0,180.8,0.0,0.0,0.0,0.0,214
2023-05-10 09:35:21,IO2312-C-4000,IO2312-C-4000,187.0,0.0,0.0,0.0,6,178.6,181.4,6,187.0,180.8,0.0,0.0,0.0,0.0,214
2023-05-10 09:35:22,IO2312-C-4000,IO2312-C-4000,187.0,0.0,0.0,0.0,6,178.6,181.6,6,187.0,180.8,0.0,0.0,0.0,0.0,214
2023-05-10 09:35:24,IO2312-C-4000,IO2312-C-4000,187.0,0.0,0.0,0.0,6,178.6,181.6,9,187.0,180.8,0.0,0.0,0.0,0.0,214
2023-05-10 09:35:24,IO2312-C-4000,IO2312-C-4000,187.0,0.0,0.0,0.0,6,178.6,181.4,6,187.0,180.8,0.0,0.0,0.0,0.0,214
2023-05-10 09:35:26,IO2312-C-4000,IO2312-C-4000,187.0,0.0,0.0,0.0,39,177.6,181.4,6,187.0,180.8,0.0,0.0,0.0,0.0,214
2023-05-10 09:35:27,IO2312-C-4000,IO2312-C-4000,187.0,0.0,0.0,0.0,27,177.6,181.4,6,187.0,180.8,0.0,0.0,0.0,0.0,214
2023-05-10 09:35:27,IO2312-C-4000,IO2312-C-4000,187.0,0.0,0.0,0.0,24,177.6,181.4,6,187.0,180.8,0.0,0.0,0.0,0.0,214
2023-05-10 09:35:35,IO2312-C-4000,IO2312-C-4000,187.0,0.0,0.0,0.0,27,177.6,181.4,6,187.0,180.8,0.0,0.0,0.0,0.0,214
2023-05-10 09:35:37,IO2312-C-4000,IO2312-C-4000,187.0,0.0,0.0,0.0,24,177.6,181.4,6,187.0,180.8,0.0,0.0,0.0,0.0,214
2023-05-10 09:35:39,IO2312-C-4000,IO2312-C-4000,187.0,0.0,0.0,0.0,27,177.6,181.4,6,187.0,180.8,0.0,0.0,0.0,0.0,214
2023-05-10 09:35:40,IO2312-C-4000,IO2312-C-4000,187.0,0.0,0.0,0.0,24,177.6,181.4,6,187.0,180.8,0.0,0.0,0.0,0.0,214
2023-05-10 09:35:41,IO2312-C-4000,IO2312-C-4000,187.0,0.0,0.0,0.0,27,177.6,181.4,6,187.0,180.8,0.0,0.0,0.0,0.0,214
2023-05-10 09:35:42,IO2312-C-4000,IO2312-C-4000,187.0,0.0,0.0,0.0,24,177.6,181.4,6,187.0,180.8,0.0,0.0,0.0,0.0,214
2023-05-10 09:35:43,IO2312-C-4000,IO2312-C-4000,187.0,0.0,0.0,0.0,27,177.6,181.4,6,187.0,180.8,0.0,0.0,0.0,0.0,214
2023-05-10 09:35:44,IO2312-C-4000,IO2312-C-4000,187.0,0.0,0.0,0.0,24,177.6,181.4,6,187.0,180.8,0.0,0.0,0.0,0.0,214
2023-05-10 09:35:47,IO2312-C-4000,IO2312-C-4000,187.0,0.0,0.0,0.0,25,177.6,181.4,6,187.0,180.8,0.0,0.0,0.0,0.0,214
2023-05-10 09:35:47,IO2312-C-4000,IO2312-C-4000,187.0,0.0,0.0,0.0,24,177.6,181.4,6,187.0,180.8,0.0,0.0,0.0,0.0,214
2023-05-10 09:35:59,IO2312-C-4000,IO2312-C-4000,187.0,0.0,0.0,0.0,1,177.8,181.4,6,187.0,180.8,0.0,0.0,0.0,0.0,214
2023-05-10 09:35:59,IO2312-C-4000,IO2312-C-4000,187.0,0.0,0.0,0.0,1,177.8,181.6,24,187.0,180.8,0.0,0.0,0.0,0.0,214
2023-05-10 09:36:00,IO2312-C-4000,IO2312-C-4000,187.0,0.0,0.0,0.0,1,177.8,181.6,12,187.0,180.8,0.0,0.0,0.0,0.0,214
2023-05-10 09:36:00,IO2312-C-4000,IO2312-C-4000,187.0,0.0,0.0,0.0,7,177.8,181.8,18,187.0,180.8,0.0,0.0,0.0,0.0,214
2023-05-10 09:36:01,IO2312-C-4000,IO2312-C-4000,187.0,0.0,0.0,0.0,1,178.4,181.8,6,187.0,180.8,0.0,0.0,0.0,0.0,214
2023-05-10 09:36:01,IO2312-C-4000,IO2312-C-4000,187.0,0.0,0.0,0.0,1,178.4,182.0,42,187.0,180.8,0.0,0.0,0.0,0.0,214
2023-05-10 09:36:02,IO2312-C-4000,IO2312-C-4000,187.0,0.0,0.0,0.0,1,178.4,182.0,18,187.0,180.8,0.0,0.0,0.0,0.0,214
2023-05-10 09:36:02,IO2312-C-4000,IO2312-C-4000,187.0,0.0,0.0,0.0,1,178.4,182.0,12,187.0,180.8,0.0,0.0,0.0,0.0,214
2023-05-10 09:36:03,IO2312-C-4000,IO2312-C-4000,187.0,0.0,0.0,0.0,2,178.4,182.0,6,187.0,180.8,0.0,0.0,0.0,0.0,214
2023-05-10 09:36:07,IO2312-C-4000,IO2312-C-4000,187.0,0.0,0.0,0.0,2,178.4,182.2,18,187.0,180.8,0.0,0.0,0.0,0.0,214
2023-05-10 09:36:08,IO2312-C-4000,IO2312-C-4000,187.0,0.0,0.0,0.0,2,178.4,182.2,6,187.0,180.8,0.0,0.0,0.0,0.0,214
2023-05-10 09:36:08,IO2312-C-4000,IO2312-C-4000,187.0,0.0,0.0,0.0,1,178.8,182.4,36,187.0,180.8,0.0,0.0,0.0,0.0,214
2023-05-10 09:36:09,IO2312-C-4000,IO2312-C-4000,187.0,0.0,0.0,0.0,7,178.8,182.4,18,187.0,180.8,0.0,0.0,0.0,0.0,214
2023-05-10 09:36:09,IO2312-C-4000,IO2312-C-4000,187.0,0.0,0.0,0.0,1,179.2,182.4,12,187.0,180.8,0.0,0.0,0.0,0.0,214
2023-05-10 09:36:10,IO2312-C-4000,IO2312-C-4000,187.0,0.0,0.0,0.0,1,179.2,182.6,18,187.0,180.8,0.0,0.0,0.0,0.0,214
2023-05-10 09:36:10,IO2312-C-4000,IO2312-C-4000,187.0,0.0,0.0,0.0,1,179.2,182.6,6,187.0,180.8,0.0,0.0,0.0,0.0,214
2023-05-10 09:36:11,IO2312-C-4000,IO2312-C-4000,187.0,0.0,0.0,0.0,1,179.2,183.0,24,187.0,180.8,0.0,0.0,0.0,0.0,214
2023-05-10 09:36:11,IO2312-C-4000,IO2312-C-4000,187.0,0.0,0.0,0.0,9,179.0,183.0,18,187.0,180.8,0.0,0.0,0.0,0.0,214
2023-05-10 09:36:12,IO2312-C-4000,IO2312-C-4000,187.0,0.0,0.0,0.0,9,179.0,183.0,12,187.0,180.8,0.0,0.0,0.0,0.0,214
2023-05-10 09:36:12,IO2312-C-4000,IO2312-C-4000,187.0,0.0,0.0,0.0,9,179.0,183.0,6,187.0,180.8,0.0,0.0,0.0,0.0,214
2023-05-10 09:36:16,IO2312-C-4000,IO2312-C-4000,187.0,0.0,0.0,0.0,10,179.0,183.0,6,187.0,180.8,0.0,0.0,0.0,0.0,214
2023-05-10 09:36:17,IO2312-C-4000,IO2312-C-4000,187.0,0.0,0.0,0.0,1,179.4,183.0,6,187.0,180.8,0.0,0.0,0.0,0.0,214
2023-05-10 09:36:19,IO2312-C-4000,IO2312-C-4000,187.0,0.0,0.0,0.0,1,179.4,183.2,19,187.0,180.8,0.0,0.0,0.0,0.0,214
2023-05-10 09:36:19,IO2312-C-4000,IO2312-C-4000,187.0,0.0,0.0,0.0,6,179.6,183.2,7,187.0,180.8,0.0,0.0,0.0,0.0,214
2023-05-10 09:36:20,IO2312-C-4000,IO2312-C-4000,187.0,0.0,0.0,0.0,9,179.6,183.2,1,187.0,180.8,0.0,0.0,0.0,0.0,214
2023-05-10 09:36:21,IO2312-C-4000,IO2312-C-4000,187.0,0.0,0.0,0.0,1,179.8,183.2,1,187.0,180.8,0.0,0.0,0.0,0.0,214
2023-05-10 09:36:22,IO2312-C-4000,IO2312-C-4000,187.0,0.0,0.0,0.0,7,179.8,183.2,1,187.0,180.8,0.0,0.0,0.0,0.0,214
2023-05-10 09:36:25,IO2312-C-4000,IO2312-C-4000,187.0,0.0,0.0,0.0,6,179.8,183.2,1,187.0,180.8,0.0,0.0,0.0,0.0,214
2023-05-10 09:36:28,IO2312-C-4000,IO2312-C-4000,187.0,0.0,0.0,0.0,6,179.8,183.0,6,187.0,180.8,0.0,0.0,0.0,0.0,214
2023-05-10 09:36:29,IO2312-C-4000,IO2312-C-4000,187.0,0.0,0.0,0.0,6,180.0,183.0,7,187.0,180.8,0.0,0.0,0.0,0.0,214
2023-05-10 09:36:30,IO2312-C-4000,IO2312-C-4000,187.0,0.0,0.0,0.0,6,179.8,183.0,7,187.0,180.8,0.0,0.0,0.0,0.0,214
2023-05-10 09:36:31,IO2312-C-4000,IO2312-C-4000,187.0,0.0,0.0,0.0,6,179.8,182.8,6,187.0,180.8,0.0,0.0,0.0,0.0,214
2023-05-10 09:36:32,IO2312-C-4000,IO2312-C-4000,187.0,0.0,0.0,0.0,18,179.0,182.8,9,187.0,180.8,0.0,0.0,0.0,0.0,214
2023-05-10 09:36:32,IO2312-C-4000,IO2312-C-4000,187.0,0.0,0.0,0.0,6,179.0,182.6,6,187.0,180.8,0.0,0.0,0.0,0.0,214
2023-05-10 09:36:33,IO2312-C-4000,IO2312-C-4000,187.0,0.0,0.0,0.0,24,178.8,182.6,9,187.0,180.8,0.0,0.0,0.0,0.0,214
2023-05-10 09:36:33,IO2312-C-4000,IO2312-C-4000,187.0,0.0,0.0,0.0,12,178.8,182.4,6,187.0,180.8,0.0,0.0,0.0,0.0,214
2023-05-10 09:36:34,IO2312-C-4000,IO2312-C-4000,187.0,0.0,0.0,0.0,1,179.0,182.4,3,187.0,180.8,0.0,0.0,0.0,0.0,214
2023-05-10 09:36:34,IO2312-C-4000,IO2312-C-4000,187.0,0.0,0.0,0.0,1,179.0,182.2,6,187.0,180.8,0.0,0.0,0.0,0.0,214
2023-05-10 09:36:35,IO2312-C-4000,IO2312-C-4000,187.0,0.0,0.0,0.0,1,179.0,182.4,6,187.0,180.8,0.0,0.0,0.0,0.0,214
2023-05-10 09:36:35,IO2312-C-4000,IO2312-C-4000,187.0,0.0,0.0,0.0,1,179.0,182.6,6,187.0,180.8,0.0,0.0,0.0,0.0,214
2023-05-10 09:36:42,IO2312-C-4000,IO2312-C-4000,187.0,0.0,0.0,0.0,1,179.0,182.8,24,187.0,180.8,0.0,0.0,0.0,0.0,214
2023-05-10 09:36:43,IO2312-C-4000,IO2312-C-4000,187.0,0.0,0.0,0.0,7,179.0,182.8,18,187.0,180.8,0.0,0.0,0.0,0.0,214
2023-05-10 09:36:43,IO2312-C-4000,IO2312-C-4000,187.0,0.0,0.0,0.0,1,179.6,182.8,12,187.0,180.8,0.0,0.0,0.0,0.0,214
2023-05-10 09:36:44,IO2312-C-4000,IO2312-C-4000,187.0,0.0,0.0,0.0,1,179.6,182.8,7,187.0,180.8,0.0,0.0,0.0,0.0,214
2023-05-10 09:36:46,IO2312-C-4000,IO2312-C-4000,187.0,0.0,0.0,0.0,28,179.0,179.6,1,187.0,180.8,0.0,0.0,0.0,0.0,214
2023-05-10 09:36:46,IO2312-C-4000,IO2312-C-4000,180.8,1.0,18080.0,0.0,10,179.0,182.4,6,187.0,180.8,180.8,180.8,1.0,18080.0,214
2023-05-10 09:36:47,IO2312-C-4000,IO2312-C-4000,180.8,0.0,0.0,0.0,1,179.4,182.6,6,187.0,180.8,180.8,180.8,1.0,18080.0,214
2023-05-10 09:36:49,IO2312-C-4000,IO2312-C-4000,180.8,0.0,0.0,0.0,1,179.4,182.6,7,187.0,180.8,180.8,180.8,1.0,18080.0,214
2023-05-10 09:36:49,IO2312-C-4000,IO2312-C-4000,180.8,0.0,0.0,0.0,1,179.4,182.4,6,187.0,180.8,180.8,180.8,1.0,18080.0,214
2023-05-10 09:36:52,IO2312-C-4000,IO2312-C-4000,180.8,0.0,0.0,0.0,12,178.8,182.4,6,187.0,180.8,180.8,180.8,1.0,18080.0,214
2023-05-10 09:36:52,IO2312-C-4000,IO2312-C-4000,180.8,0.0,0.0,0.0,6,178.8,182.4,6,187.0,180.8,180.8,180.8,1.0,18080.0,214
2023-05-10 09:36:55,IO2312-C-4000,IO2312-C-4000,180.8,0.0,0.0,0.0,9,178.8,182.4,6,187.0,180.8,180.8,180.8,1.0,18080.0,214
2023-05-10 09:36:56,IO2312-C-4000,IO2312-C-4000,180.8,0.0,0.0,0.0,6,178.8,182.4,6,187.0,180.8,180.8,180.8,1.0,18080.0,214
2023-05-10 09:36:59,IO2312-C-4000,IO2312-C-4000,180.8,0.0,0.0,0.0,6,178.8,182.4,10,187.0,180.8,180.8,180.8,1.0,18080.0,214
2023-05-10 09:36:59,IO2312-C-4000,IO2312-C-4000,180.8,0.0,0.0,0.0,6,178.8,182.2,6,187.0,180.8,180.8,180.8,1.0,18080.0,214
2023-05-10 09:37:00,IO2312-C-4000,IO2312-C-4000,180.8,0.0,0.0,0.0,6,178.8,182.2,9,187.0,180.8,180.8,180.8,1.0,18080.0,214
2023-05-10 09:37:01,IO2312-C-4000,IO2312-C-4000,180.8,0.0,0.0,0.0,6,178.8,182.0,6,187.0,180.8,180.8,180.8,1.0,18080.0,214
2023-05-10 09:37:01,IO2312-C-4000,IO2312-C-4000,180.8,0.0,0.0,0.0,6,178.8,181.8,3,187.0,180.8,180.8,180.8,1.0,18080.0,214
2023-05-10 09:37:02,IO2312-C-4000,IO2312-C-4000,180.8,0.0,0.0,0.0,6,178.8,181.8,9,187.0,180.8,180.8,180.8,1.0,18080.0,214
2023-05-10 09:37:02,IO2312-C-4000,IO2312-C-4000,180.8,0.0,0.0,0.0,7,178.8,181.8,12,187.0,180.8,180.8,180.8,1.0,18080.0,214
2023-05-10 09:37:05,IO2312-C-4000,IO2312-C-4000,180.8,0.0,0.0,0.0,7,178.8,181.8,9,187.0,180.8,180.8,180.8,1.0,18080.0,214
2023-05-10 09:37:07,IO2312-C-4000,IO2312-C-4000,180.8,0.0,0.0,0.0,6,178.8,181.8,9,187.0,180.8,180.8,180.8,1.0,18080.0,214
2023-05-10 09:37:10,IO2312-C-4000,IO2312-C-4000,180.8,0.0,0.0,0.0,6,178.8,181.8,6,187.0,180.8,180.8,180.8,1.0,18080.0,214
2023-05-10 09:37:10,IO2312-C-4000,IO2312-C-4000,180.8,0.0,0.0,0.0,6,178.8,182.0,6,187.0,180.8,180.8,180.8,1.0,18080.0,214
2023-05-10 09:37:13,IO2312-C-4000,IO2312-C-4000,180.8,0.0,0.0,0.0,1,179.2,182.0,6,187.0,180.8,180.8,180.8,1.0,18080.0,214
2023-05-10 09:37:14,IO2312-C-4000,IO2312-C-4000,180.8,0.0,0.0,0.0,1,179.2,182.0,1,187.0,180.8,180.8,180.8,1.0,18080.0,214
2023-05-10 09:37:15,IO2312-C-4000,IO2312-C-4000,180.8,0.0,0.0,0.0,1,179.2,182.0,7,187.0,180.8,180.8,180.8,1.0,18080.0,214
2023-05-10 09:37:17,IO2312-C-4000,IO2312-C-4000,180.8,0.0,0.0,0.0,6,178.8,182.0,7,187.0,180.8,180.8,180.8,1.0,18080.0,214
2023-05-10 09:37:18,IO2312-C-4000,IO2312-C-4000,180.8,0.0,0.0,0.0,6,178.8,181.8,6,187.0,180.8,180.8,180.8,1.0,18080.0,214
2023-05-10 09:37:18,IO2312-C-4000,IO2312-C-4000,180.8,0.0,0.0,0.0,6,178.8,181.8,9,187.0,180.8,180.8,180.8,1.0,18080.0,214
2023-05-10 09:37:19,IO2312-C-4000,IO2312-C-4000,180.8,0.0,0.0,0.0,6,178.8,181.6,6,187.0,180.8,180.8,180.8,1.0,18080.0,214
2023-05-10 09:37:20,IO2312-C-4000,IO2312-C-4000,180.8,0.0,0.0,0.0,6,178.8,181.8,6,187.0,180.8,180.8,180.8,1.0,18080.0,214
2023-05-10 09:37:34,IO2312-C-4000,IO2312-C-4000,180.8,0.0,0.0,0.0,7,178.4,181.8,6,187.0,180.8,180.8,180.8,1.0,18080.0,214
2023-05-10 09:37:34,IO2312-C-4000,IO2312-C-4000,180.8,0.0,0.0,0.0,18,178.2,181.8,7,187.0,180.8,180.8,180.8,1.0,18080.0,214
2023-05-10 09:37:35,IO2312-C-4000,IO2312-C-4000,180.8,0.0,0.0,0.0,12,178.2,181.6,6,187.0,180.8,180.8,180.8,1.0,18080.0,214
2023-05-10 09:37:35,IO2312-C-4000,IO2312-C-4000,180.8,0.0,0.0,0.0,6,178.4,181.6,9,187.0,180.8,180.8,180.8,1.0,18080.0,214
2023-05-10 09:37:36,IO2312-C-4000,IO2312-C-4000,180.8,0.0,0.0,0.0,6,178.2,181.4,6,187.0,180.8,180.8,180.8,1.0,18080.0,214
2023-05-10 09:37:36,IO2312-C-4000,IO2312-C-4000,180.8,0.0,0.0,0.0,24,177.8,181.4,6,187.0,180.8,180.8,180.8,1.0,18080.0,214
2023-05-10 09:37:37,IO2312-C-4000,IO2312-C-4000,180.8,0.0,0.0,0.0,18,177.8,181.4,6,187.0,180.8,180.8,180.8,1.0,18080.0,214
2023-05-10 09:37:37,IO2312-C-4000,IO2312-C-4000,180.8,0.0,0.0,0.0,12,177.8,181.4,6,187.0,180.8,180.8,180.8,1.0,18080.0,214
2023-05-10 09:37:38,IO2312-C-4000,IO2312-C-4000,180.8,0.0,0.0,0.0,6,177.8,181.4,6,187.0,180.8,180.8,180.8,1.0,18080.0,214
2023-05-10 09:37:42,IO2312-C-4000,IO2312-C-4000,180.8,0.0,0.0,0.0,6,177.8,181.4,10,187.0,180.8,180.8,180.8,1.0,18080.0,214
2023-05-10 09:37:42,IO2312-C-4000,IO2312-C-4000,180.8,0.0,0.0,0.0,6,177.8,181.2,6,187.0,180.8,180.8,180.8,1.0,18080.0,214
2023-05-10 09:37:43,IO2312-C-4000,IO2312-C-4000,180.8,0.0,0.0,0.0,6,177.8,181.2,9,187.0,180.8,180.8,180.8,1.0,18080.0,214
2023-05-10 09:37:43,IO2312-C-4000,IO2312-C-4000,180.8,0.0,0.0,0.0,6,177.8,181.0,6,187.0,180.8,180.8,180.8,1.0,18080.0,214
2023-05-10 09:37:52,IO2312-C-4000,IO2312-C-4000,180.8,0.0,0.0,0.0,6,177.8,181.0,7,187.0,180.8,180.8,180.8,1.0,18080.0,214
2023-05-10 09:37:52,IO2312-C-4000,IO2312-C-4000,180.8,0.0,0.0,0.0,6,177.8,180.8,6,187.0,180.8,180.8,180.8,1.0,18080.0,214
2023-05-10 09:38:01,IO2312-C-4000,IO2312-C-4000,180.8,0.0,0.0,0.0,9,177.8,180.8,6,187.0,180.8,180.8,180.8,1.0,18080.0,214
2023-05-10 09:38:02,IO2312-C-4000,IO2312-C-4000,180.8,0.0,0.0,0.0,10,177.8,180.8,6,187.0,180.8,180.8,180.8,1.0,18080.0,214
2023-05-10 09:38:02,IO2312-C-4000,IO2312-C-4000,180.8,0.0,0.0,0.0,7,177.8,180.8,6,187.0,180.8,180.8,180.8,1.0,18080.0,214
2023-05-10 09:38:04,IO2312-C-4000,IO2312-C-4000,180.8,0.0,0.0,0.0,10,177.8,180.8,6,187.0,180.8,180.8,180.8,1.0,18080.0,214
2023-05-10 09:38:05,IO2312-C-4000,IO2312-C-4000,180.8,0.0,0.0,0.0,1,178.2,180.8,6,187.0,180.8,180.8,180.8,1.0,18080.0,214
2023-05-10 09:38:06,IO2312-C-4000,IO2312-C-4000,180.8,0.0,0.0,0.0,1,178.2,181.2,42,187.0,180.8,180.8,180.8,1.0,18080.0,214
2023-05-10 09:38:07,IO2312-C-4000,IO2312-C-4000,180.8,0.0,0.0,0.0,1,178.2,181.2,12,187.0,180.8,180.8,180.8,1.0,18080.0,214
2023-05-10 09:38:07,IO2312-C-4000,IO2312-C-4000,180.8,0.0,0.0,0.0,6,178.0,181.2,6,187.0,180.8,180.8,180.8,1.0,18080.0,214
2023-05-10 09:38:08,IO2312-C-4000,IO2312-C-4000,180.8,0.0,0.0,0.0,12,178.0,181.2,6,187.0,180.8,180.8,180.8,1.0,18080.0,214
2023-05-10 09:38:11,IO2312-C-4000,IO2312-C-4000,180.8,0.0,0.0,0.0,12,178.0,181.4,25,187.0,180.8,180.8,180.8,1.0,18080.0,214
2023-05-10 09:38:12,IO2312-C-4000,IO2312-C-4000,180.8,0.0,0.0,0.0,12,178.0,181.4,12,187.0,180.8,180.8,180.8,1.0,18080.0,214
2023-05-10 09:38:12,IO2312-C-4000,IO2312-C-4000,180.8,0.0,0.0,0.0,1,178.8,181.6,30,187.0,180.8,180.8,180.8,1.0,18080.0,214
2023-05-10 09:38:13,IO2312-C-4000,IO2312-C-4000,180.8,0.0,0.0,0.0,7,178.8,181.6,12,187.0,180.8,180.8,180.8,1.0,18080.0,214
2023-05-10 09:38:13,IO2312-C-4000,IO2312-C-4000,180.8,0.0,0.0,0.0,7,178.8,181.8,25,187.0,180.8,180.8,180.8,1.0,18080.0,214
2023-05-10 09:38:14,IO2312-C-4000,IO2312-C-4000,180.8,0.0,0.0,0.0,7,178.8,181.8,13,187.0,180.8,180.8,180.8,1.0,18080.0,214
2023-05-10 09:38:14,IO2312-C-4000,IO2312-C-4000,180.8,0.0,0.0,0.0,6,178.8,181.8,13,187.0,180.8,180.8,180.8,1.0,18080.0,214
2023-05-10 09:38:15,IO2312-C-4000,IO2312-C-4000,180.8,0.0,0.0,0.0,6,178.8,181.8,16,187.0,180.8,180.8,180.8,1.0,18080.0,214
2023-05-10 09:38:16,IO2312-C-4000,IO2312-C-4000,180.8,0.0,0.0,0.0,6,178.8,181.8,13,187.0,180.8,180.8,180.8,1.0,18080.0,214
2023-05-10 09:38:18,IO2312-C-4000,IO2312-C-4000,180.8,0.0,0.0,0.0,6,178.8,181.6,6,187.0,180.8,180.8,180.8,1.0,18080.0,214
2023-05-10 09:38:18,IO2312-C-4000,IO2312-C-4000,180.8,0.0,0.0,0.0,27,178.2,181.6,6,187.0,180.8,180.8,180.8,1.0,18080.0,214
2023-05-10 09:38:19,IO2312-C-4000,IO2312-C-4000,180.8,0.0,0.0,0.0,21,178.2,181.6,6,187.0,180.8,180.8,180.8,1.0,18080.0,214
2023-05-10 09:38:22,IO2312-C-4000,IO2312-C-4000,180.8,0.0,0.0,0.0,22,178.2,181.6,6,187.0,180.8,180.8,180.8,1.0,18080.0,214
2023-05-10 09:38:23,IO2312-C-4000,IO2312-C-4000,180.8,0.0,0.0,0.0,19,178.2,181.6,6,187.0,180.8,180.8,180.8,1.0,18080.0,214
2023-05-10 09:38:23,IO2312-C-4000,IO2312-C-4000,180.8,0.0,0.0,0.0,13,178.2,181.6,6,187.0,180.8,180.8,180.8,1.0,18080.0,214
2023-05-10 09:38:27,IO2312-C-4000,IO2312-C-4000,180.8,0.0,0.0,0.0,13,178.2,181.6,7,187.0,180.8,180.8,180.8,1.0,18080.0,214
2023-05-10 09:38:27,IO2312-C-4000,IO2312-C-4000,180.8,0.0,0.0,0.0,13,178.2,181.4,6,187.0,180.8,180.8,180.8,1.0,18080.0,214
2023-05-10 09:38:31,IO2312-C-4000,IO2312-C-4000,180.8,0.0,0.0,0.0,12,178.2,181.4,6,187.0,180.8,180.8,180.8,1.0,18080.0,214
2023-05-10 09:38:32,IO2312-C-4000,IO2312-C-4000,180.8,0.0,0.0,0.0,6,178.2,181.4,6,187.0,180.8,180.8,180.8,1.0,18080.0,214
2023-05-10 09:38:35,IO2312-C-4000,IO2312-C-4000,180.8,0.0,0.0,0.0,1,178.4,181.4,6,187.0,180.8,180.8,180.8,1.0,18080.0,214
2023-05-10 09:38:36,IO2312-C-4000,IO2312-C-4000,180.8,0.0,0.0,0.0,1,178.4,181.6,13,187.0,180.8,180.8,180.8,1.0,18080.0,214
2023-05-10 09:38:37,IO2312-C-4000,IO2312-C-4000,180.8,0.0,0.0,0.0,1,178.4,181.6,7,187.0,180.8,180.8,180.8,1.0,18080.0,214
2023-05-10 09:38:41,IO2312-C-4000,IO2312-C-4000,180.8,0.0,0.0,0.0,6,178.2,181.6,7,187.0,180.8,180.8,180.8,1.0,18080.0,214
2023-05-10 09:38:42,IO2312-C-4000,IO2312-C-4000,180.8,0.0,0.0,0.0,6,178.2,181.4,7,187.0,180.8,180.8,180.8,1.0,18080.0,214
2023-05-10 09:38:42,IO2312-C-4000,IO2312-C-4000,180.8,0.0,0.0,0.0,6,178.0,181.2,6,187.0,180.8,180.8,180.8,1.0,18080.0,214
2023-05-10 09:38:43,IO2312-C-4000,IO2312-C-4000,180.8,0.0,0.0,0.0,1,178.2,181.2,6,187.0,180.8,180.8,180.8,1.0,18080.0,214
2023-05-10 09:38:49,IO2312-C-4000,IO2312-C-4000,180.8,0.0,0.0,0.0,1,178.2,181.4,6,187.0,180.8,180.8,180.8,1.0,18080.0,214
2023-05-10 09:38:53,IO2312-C-4000,IO2312-C-4000,180.8,0.0,0.0,0.0,1,178.2,181.6,12,187.0,180.8,180.8,180.8,1.0,18080.0,214
2023-05-10 09:38:53,IO2312-C-4000,IO2312-C-4000,180.8,0.0,0.0,0.0,1,178.2,181.4,6,187.0,180.8,180.8,180.8,1.0,18080.0,214
2023-05-10 09:38:54,IO2312-C-4000,IO2312-C-4000,180.8,0.0,0.0,0.0,1,178.2,181.6,6,187.0,180.8,180.8,180.8,1.0,18080.0,214
2023-05-10 09:38:59,IO2312-C-4000,IO2312-C-4000,180.8,0.0,0.0,0.0,7,178.2,181.6,6,187.0,180.8,180.8,180.8,1.0,18080.0,214
2023-05-10 09:38:59,IO2312-C-4000,IO2312-C-4000,180.8,0.0,0.0,0.0,1,179.2,181.6,6,187.0,180.8,180.8,180.8,1.0,18080.0,214
2023-05-10 09:39:00,IO2312-C-4000,IO2312-C-4000,180.8,0.0,0.0,0.0,7,179.2,181.6,6,187.0,180.8,180.8,180.8,1.0,18080.0,214
2023-05-10 09:39:01,IO2312-C-4000,IO2312-C-4000,180.8,0.0,0.0,0.0,7,179.2,181.8,30,187.0,180.8,180.8,180.8,1.0,18080.0,214
2023-05-10 09:39:01,IO2312-C-4000,IO2312-C-4000,180.8,0.0,0.0,0.0,6,179.2,181.8,12,187.0,180.8,180.8,180.8,1.0,18080.0,214
2023-05-10 09:39:02,IO2312-C-4000,IO2312-C-4000,180.8,0.0,0.0,0.0,6,179.2,181.8,6,187.0,180.8,180.8,180.8,1.0,18080.0,214
2023-05-10 09:39:02,IO2312-C-4000,IO2312-C-4000,180.8,0.0,0.0,0.0,12,178.4,181.8,6,187.0,180.8,180.8,180.8,1.0,18080.0,214
2023-05-10 09:39:03,IO2312-C-4000,IO2312-C-4000,180.8,0.0,0.0,0.0,6,178.6,181.8,6,187.0,180.8,180.8,180.8,1.0,18080.0,214
2023-05-10 09:39:04,IO2312-C-4000,IO2312-C-4000,180.8,0.0,0.0,0.0,7,178.6,181.8,6,187.0,180.8,180.8,180.8,1.0,18080.0,214
2023-05-10 09:39:04,IO2312-C-4000,IO2312-C-4000,180.8,0.0,0.0,0.0,1,178.6,181.8,6,187.0,180.8,180.8,180.8,1.0,18080.0,214
2023-05-10 09:39:08,IO2312-C-4000,IO2312-C-4000,180.8,0.0,0.0,0.0,1,178.6,182.0,18,187.0,180.8,180.8,180.8,1.0,18080.0,214
2023-05-10 09:39:09,IO2312-C-4000,IO2312-C-4000,180.8,0.0,0.0,0.0,3,178.6,182.0,6,187.0,180.8,180.8,180.8,1.0,18080.0,214
2023-05-10 09:39:09,IO2312-C-4000,IO2312-C-4000,180.8,0.0,0.0,0.0,12,178.8,182.2,30,187.0,180.8,180.8,180.8,1.0,18080.0,214
2023-05-10 09:39:10,IO2312-C-4000,IO2312-C-4000,180.8,0.0,0.0,0.0,1,180.4,182.2,12,187.0,180.8,180.8,180.8,1.0,18080.0,214
2023-05-10 09:39:10,IO2312-C-4000,IO2312-C-4000,180.8,0.0,0.0,0.0,1,180.4,182.6,24,187.0,180.8,180.8,180.8,1.0,18080.0,214
2023-05-10 09:39:11,IO2312-C-4000,IO2312-C-4000,180.8,0.0,0.0,0.0,7,180.4,182.6,6,187.0,180.8,180.8,180.8,1.0,18080.0,214
2023-05-10 09:39:11,IO2312-C-4000,IO2312-C-4000,180.8,0.0,0.0,0.0,1,180.4,182.8,12,187.0,180.8,180.8,180.8,1.0,18080.0,214
2023-05-10 09:39:12,IO2312-C-4000,IO2312-C-4000,180.8,0.0,0.0,0.0,1,179.8,183.0,42,187.0,180.8,180.8,180.8,1.0,18080.0,214
2023-05-10 09:39:12,IO2312-C-4000,IO2312-C-4000,180.8,0.0,0.0,0.0,1,179.8,183.0,18,187.0,180.8,180.8,180.8,1.0,18080.0,214
2023-05-10 09:39:13,IO2312-C-4000,IO2312-C-4000,180.8,0.0,0.0,0.0,1,179.8,183.0,12,187.0,180.8,180.8,180.8,1.0,18080.0,214
2023-05-10 09:39:13,IO2312-C-4000,IO2312-C-4000,180.8,0.0,0.0,0.0,7,179.8,183.2,13,187.0,180.8,180.8,180.8,1.0,18080.0,214
2023-05-10 09:39:14,IO2312-C-4000,IO2312-C-4000,180.8,0.0,0.0,0.0,7,179.8,183.2,7,187.0,180.8,180.8,180.8,1.0,18080.0,214
2023-05-10 09:39:14,IO2312-C-4000,IO2312-C-4000,180.8,0.0,0.0,0.0,7,179.8,183.2,1,187.0,180.8,180.8,180.8,1.0,18080.0,214
2023-05-10 09:39:17,IO2312-C-4000,IO2312-C-4000,180.8,0.0,0.0,0.0,7,179.8,183.0,6,187.0,180.8,180.8,180.8,1.0,18080.0,214
2023-05-10 09:39:18,IO2312-C-4000,IO2312-C-4000,180.8,0.0,0.0,0.0,1,179.8,183.0,6,187.0,180.8,180.8,180.8,1.0,18080.0,214
2023-05-10 09:39:19,IO2312-C-4000,IO2312-C-4000,180.8,0.0,0.0,0.0,6,179.6,183.0,12,187.0,180.8,180.8,180.8,1.0,18080.0,214
2023-05-10 09:39:19,IO2312-C-4000,IO2312-C-4000,180.8,0.0,0.0,0.0,6,179.6,182.8,6,187.0,180.8,180.8,180.8,1.0,18080.0,214
2023-05-10 09:39:20,IO2312-C-4000,IO2312-C-4000,180.8,0.0,0.0,0.0,6,179.6,182.8,9,187.0,180.8,180.8,180.8,1.0,18080.0,214
2023-05-10 09:39:20,IO2312-C-4000,IO2312-C-4000,180.8,0.0,0.0,0.0,6,179.6,182.8,6,187.0,180.8,180.8,180.8,1.0,18080.0,214
2023-05-10 09:39:25,IO2312-C-4000,IO2312-C-4000,180.8,0.0,0.0,0.0,6,179.6,183.0,6,187.0,180.8,180.8,180.8,1.0,18080.0,214
2023-05-10 09:39:25,IO2312-C-4000,IO2312-C-4000,180.8,0.0,0.0,0.0,7,179.6,183.0,6,187.0,180.8,180.8,180.8,1.0,18080.0,214
2023-05-10 09:39:26,IO2312-C-4000,IO2312-C-4000,180.8,0.0,0.0,0.0,6,179.6,183.0,6,187.0,180.8,180.8,180.8,1.0,18080.0,214
2023-05-10 09:39:27,IO2312-C-4000,IO2312-C-4000,180.8,0.0,0.0,0.0,18,179.4,183.0,9,187.0,180.8,180.8,180.8,1.0,18080.0,214
2023-05-10 09:39:27,IO2312-C-4000,IO2312-C-4000,180.8,0.0,0.0,0.0,12,179.4,182.8,6,187.0,180.8,180.8,180.8,1.0,18080.0,214
2023-05-10 09:39:28,IO2312-C-4000,IO2312-C-4000,180.8,0.0,0.0,0.0,6,179.4,182.8,9,187.0,180.8,180.8,180.8,1.0,18080.0,214
2023-05-10 09:39:28,IO2312-C-4000,IO2312-C-4000,180.8,0.0,0.0,0.0,6,179.4,182.6,6,187.0,180.8,180.8,180.8,1.0,18080.0,214
2023-05-10 09:39:37,IO2312-C-4000,IO2312-C-4000,180.8,0.0,0.0,0.0,1,179.6,182.6,6,187.0,180.8,180.8,180.8,1.0,18080.0,214
2023-05-10 09:39:37,IO2312-C-4000,IO2312-C-4000,180.8,0.0,0.0,0.0,1,179.6,182.8,7,187.0,180.8,180.8,180.8,1.0,18080.0,214
2023-05-10 09:39:38,IO2312-C-4000,IO2312-C-4000,180.8,0.0,0.0,0.0,7,179.6,182.8,7,187.0,180.8,180.8,180.8,1.0,18080.0,214
2023-05-10 09:39:38,IO2312-C-4000,IO2312-C-4000,180.8,0.0,0.0,0.0,1,180.0,182.8,7,187.0,180.8,180.8,180.8,1.0,18080.0,214
2023-05-10 09:39:40,IO2312-C-4000,IO2312-C-4000,180.8,0.0,0.0,0.0,6,179.6,182.6,1,187.0,180.8,180.8,180.8,1.0,18080.0,214
2023-05-10 09:39:41,IO2312-C-4000,IO2312-C-4000,180.8,0.0,0.0,0.0,6,179.6,182.6,7,187.0,180.8,180.8,180.8,1.0,18080.0,214
2023-05-10 09:39:47,IO2312-C-4000,IO2312-C-4000,180.8,0.0,0.0,0.0,19,179.4,182.6,7,187.0,180.8,180.8,180.8,1.0,18080.0,214
2023-05-10 09:39:48,IO2312-C-4000,IO2312-C-4000,180.8,0.0,0.0,0.0,7,179.4,182.6,7,187.0,180.8,180.8,180.8,1.0,18080.0,214
2023-05-10 09:39:50,IO2312-C-4000,IO2312-C-4000,180.8,0.0,0.0,0.0,7,179.4,182.4,1,187.0,180.8,180.8,180.8,1.0,18080.0,214
2023-05-10 09:39:51,IO2312-C-4000,IO2312-C-4000,180.8,0.0,0.0,0.0,7,179.4,182.4,7,187.0,180.8,180.8,180.8,1.0,18080.0,214
2023-05-10 09:39:52,IO2312-C-4000,IO2312-C-4000,180.8,0.0,0.0,0.0,6,179.4,182.2,6,187.0,180.8,180.8,180.8,1.0,18080.0,214
2023-05-10 09:39:53,IO2312-C-4000,IO2312-C-4000,180.8,0.0,0.0,0.0,6,179.4,182.4,7,187.0,180.8,180.8,180.8,1.0,18080.0,214
2023-05-10 09:39:55,IO2312-C-4000,IO2312-C-4000,180.8,0.0,0.0,0.0,1,179.6,182.4,1,187.0,180.8,180.8,180.8,1.0,18080.0,214
2023-05-10 09:39:55,IO2312-C-4000,IO2312-C-4000,180.8,0.0,0.0,0.0,1,179.6,182.6,24,187.0,180.8,180.8,180.8,1.0,18080.0,214
2023-05-10 09:39:56,IO2312-C-4000,IO2312-C-4000,180.8,0.0,0.0,0.0,1,179.6,182.6,12,187.0,180.8,180.8,180.8,1.0,18080.0,214
2023-05-10 09:39:56,IO2312-C-4000,IO2312-C-4000,180.8,0.0,0.0,0.0,6,179.4,182.8,18,187.0,180.8,180.8,180.8,1.0,18080.0,214
2023-05-10 09:39:57,IO2312-C-4000,IO2312-C-4000,180.8,0.0,0.0,0.0,6,179.6,182.8,12,187.0,180.8,180.8,180.8,1.0,18080.0,214
2023-05-10 09:39:57,IO2312-C-4000,IO2312-C-4000,180.8,0.0,0.0,0.0,6,179.6,182.8,9,187.0,180.8,180.8,180.8,1.0,18080.0,214
2023-05-10 09:39:58,IO2312-C-4000,IO2312-C-4000,180.8,0.0,0.0,0.0,6,179.4,182.8,6,187.0,180.8,180.8,180.8,1.0,18080.0,214
2023-05-10 09:39:58,IO2312-C-4000,IO2312-C-4000,180.8,0.0,0.0,0.0,6,179.4,183.0,6,187.0,180.8,180.8,180.8,1.0,18080.0,214
2023-05-10 09:39:59,IO2312-C-4000,IO2312-C-4000,180.8,0.0,0.0,0.0,6,179.6,183.0,6,187.0,180.8,180.8,180.8,1.0,18080.0,214
2023-05-10 09:39:59,IO2312-C-4000,IO2312-C-4000,180.8,0.0,0.0,0.0,7,179.4,183.0,6,187.0,180.8,180.8,180.8,1.0,18080.0,214
2023-05-10 09:40:03,IO2312-C-4000,IO2312-C-4000,180.8,0.0,0.0,0.0,6,179.4,183.0,9,187.0,180.8,180.8,180.8,1.0,18080.0,214
2023-05-10 09:40:03,IO2312-C-4000,IO2312-C-4000,180.8,0.0,0.0,0.0,6,179.4,182.8,6,187.0,180.8,180.8,180.8,1.0,18080.0,214
2023-05-10 09:40:04,IO2312-C-4000,IO2312-C-4000,180.8,0.0,0.0,0.0,6,179.4,182.8,9,187.0,180.8,180.8,180.8,1.0,18080.0,214
2023-05-10 09:40:04,IO2312-C-4000,IO2312-C-4000,180.8,0.0,0.0,0.0,6,179.4,182.6,6,187.0,180.8,180.8,180.8,1.0,18080.0,214
2023-05-10 09:40:05,IO2312-C-4000,IO2312-C-4000,180.8,0.0,0.0,0.0,6,179.4,182.6,7,187.0,180.8,180.8,180.8,1.0,18080.0,214
2023-05-10 09:40:05,IO2312-C-4000,IO2312-C-4000,180.8,0.0,0.0,0.0,6,179.4,182.4,3,187.0,180.8,180.8,180.8,1.0,18080.0,214
2023-05-10 09:40:06,IO2312-C-4000,IO2312-C-4000,180.8,0.0,0.0,0.0,6,179.4,182.4,6,187.0,180.8,180.8,180.8,1.0,18080.0,214
2023-05-10 09:40:06,IO2312-C-4000,IO2312-C-4000,180.8,0.0,0.0,0.0,6,179.4,182.4,9,187.0,180.8,180.8,180.8,1.0,18080.0,214
2023-05-10 09:40:07,IO2312-C-4000,IO2312-C-4000,180.8,0.0,0.0,0.0,6,179.4,182.4,12,187.0,180.8,180.8,180.8,1.0,18080.0,214
2023-05-10 09:40:08,IO2312-C-4000,IO2312-C-4000,180.8,0.0,0.0,0.0,6,179.4,182.4,9,187.0,180.8,180.8,180.8,1.0,18080.0,214
2023-05-10 09:40:09,IO2312-C-4000,IO2312-C-4000,180.8,0.0,0.0,0.0,7,179.4,182.4,9,187.0,180.8,180.8,180.8,1.0,18080.0,214
2023-05-10 09:40:10,IO2312-C-4000,IO2312-C-4000,180.8,0.0,0.0,0.0,1,179.8,182.4,10,187.0,180.8,180.8,180.8,1.0,18080.0,214
2023-05-10 09:40:10,IO2312-C-4000,IO2312-C-4000,180.8,0.0,0.0,0.0,1,179.8,182.6,24,187.0,180.8,180.8,180.8,1.0,18080.0,214
2023-05-10 09:40:11,IO2312-C-4000,IO2312-C-4000,180.8,0.0,0.0,0.0,1,179.8,182.6,12,187.0,180.8,180.8,180.8,1.0,18080.0,214
2023-05-10 09:40:11,IO2312-C-4000,IO2312-C-4000,180.8,0.0,0.0,0.0,1,179.8,182.8,43,187.0,180.8,180.8,180.8,1.0,18080.0,214
2023-05-10 09:40:12,IO2312-C-4000,IO2312-C-4000,180.8,0.0,0.0,0.0,1,179.8,182.8,19,187.0,180.8,180.8,180.8,1.0,18080.0,214
2023-05-10 09:40:12,IO2312-C-4000,IO2312-C-4000,180.8,0.0,0.0,0.0,1,179.8,182.8,13,187.0,180.8,180.8,180.8,1.0,18080.0,214
2023-05-10 09:40:17,IO2312-C-4000,IO2312-C-4000,180.8,0.0,0.0,0.0,24,179.4,182.8,13,187.0,180.8,180.8,180.8,1.0,18080.0,214
2023-05-10 09:40:17,IO2312-C-4000,IO2312-C-4000,180.8,0.0,0.0,0.0,18,179.4,182.6,6,187.0,180.8,180.8,180.8,1.0,18080.0,214
2023-05-10 09:40:18,IO2312-C-4000,IO2312-C-4000,180.8,0.0,0.0,0.0,12,179.4,182.6,6,187.0,180.8,180.8,180.8,1.0,18080.0,214
2023-05-10 09:40:18,IO2312-C-4000,IO2312-C-4000,180.8,0.0,0.0,0.0,6,179.4,182.6,6,187.0,180.8,180.8,180.8,1.0,18080.0,214
2023-05-10 09:40:19,IO2312-C-4000,IO2312-C-4000,180.8,0.0,0.0,0.0,6,179.4,182.6,7,187.0,180.8,180.8,180.8,1.0,18080.0,214
2023-05-10 09:40:19,IO2312-C-4000,IO2312-C-4000,180.8,0.0,0.0,0.0,6,179.4,182.4,6,187.0,180.8,180.8,180.8,1.0,18080.0,214
2023-05-10 09:40:20,IO2312-C-4000,IO2312-C-4000,180.8,0.0,0.0,0.0,6,179.4,182.6,7,187.0,180.8,180.8,180.8,1.0,18080.0,214
2023-05-10 09:40:21,IO2312-C-4000,IO2312-C-4000,180.8,0.0,0.0,0.0,6,179.4,182.6,10,187.0,180.8,180.8,180.8,1.0,18080.0,214
2023-05-10 09:40:22,IO2312-C-4000,IO2312-C-4000,180.8,0.0,0.0,0.0,6,179.4,182.4,6,187.0,180.8,180.8,180.8,1.0,18080.0,214
2023-05-10 09:40:23,IO2312-C-4000,IO2312-C-4000,180.8,0.0,0.0,0.0,6,179.4,182.4,9,187.0,180.8,180.8,180.8,1.0,18080.0,214
2023-05-10 09:40:24,IO2312-C-4000,IO2312-C-4000,180.8,0.0,0.0,0.0,6,179.4,182.4,6,187.0,180.8,180.8,180.8,1.0,18080.0,214
2023-05-10 09:40:25,IO2312-C-4000,IO2312-C-4000,180.8,0.0,0.0,0.0,6,179.4,182.4,9,187.0,180.8,180.8,180.8,1.0,18080.0,214
2023-05-10 09:40:26,IO2312-C-4000,IO2312-C-4000,180.8,0.0,0.0,0.0,6,179.4,182.2,3,187.0,180.8,180.8,180.8,1.0,18080.0,214
2023-05-10 09:40:26,IO2312-C-4000,IO2312-C-4000,180.8,0.0,0.0,0.0,6,179.4,182.0,6,187.0,180.8,180.8,180.8,1.0,18080.0,214
2023-05-10 09:40:27,IO2312-C-4000,IO2312-C-4000,180.8,0.0,0.0,0.0,6,179.4,182.0,12,187.0,180.8,180.8,180.8,1.0,18080.0,214
2023-05-10 09:40:27,IO2312-C-4000,IO2312-C-4000,180.8,0.0,0.0,0.0,6,179.4,182.0,6,187.0,180.8,180.8,180.8,1.0,18080.0,214
2023-05-10 09:40:28,IO2312-C-4000,IO2312-C-4000,180.8,0.0,0.0,0.0,6,179.4,182.0,3,187.0,180.8,180.8,180.8,1.0,18080.0,214
2023-05-10 09:40:28,IO2312-C-4000,IO2312-C-4000,180.8,0.0,0.0,0.0,6,179.4,182.2,18,187.0,180.8,180.8,180.8,1.0,18080.0,214
2023-05-10 09:40:29,IO2312-C-4000,IO2312-C-4000,180.8,0.0,0.0,0.0,6,179.4,182.2,15,187.0,180.8,180.8,180.8,1.0,18080.0,214
2023-05-10 09:40:29,IO2312-C-4000,IO2312-C-4000,180.8,0.0,0.0,0.0,1,179.6,182.2,18,187.0,180.8,180.8,180.8,1.0,18080.0,214
2023-05-10 09:40:31,IO2312-C-4000,IO2312-C-4000,180.8,0.0,0.0,0.0,1,179.0,182.2,18,187.0,180.8,180.8,180.8,1.0,18080.0,214
2023-05-10 09:40:31,IO2312-C-4000,IO2312-C-4000,180.8,0.0,0.0,0.0,6,178.8,182.0,6,187.0,180.8,180.8,180.8,1.0,18080.0,214
2023-05-10 09:40:32,IO2312-C-4000,IO2312-C-4000,180.8,0.0,0.0,0.0,42,178.4,181.8,3,187.0,180.8,180.8,180.8,1.0,18080.0,214
2023-05-10 09:40:32,IO2312-C-4000,IO2312-C-4000,180.8,0.0,0.0,0.0,6,178.4,181.6,6,187.0,180.8,180.8,180.8,1.0,18080.0,214
2023-05-10 09:40:33,IO2312-C-4000,IO2312-C-4000,180.8,0.0,0.0,0.0,6,178.0,181.4,3,187.0,180.8,180.8,180.8,1.0,18080.0,214
2023-05-10 09:40:33,IO2312-C-4000,IO2312-C-4000,180.8,0.0,0.0,0.0,30,177.8,181.2,6,187.0,180.8,180.8,180.8,1.0,18080.0,214
2023-05-10 09:40:34,IO2312-C-4000,IO2312-C-4000,180.8,0.0,0.0,0.0,6,178.0,181.2,6,187.0,180.8,180.8,180.8,1.0,18080.0,214
2023-05-10 09:40:37,IO2312-C-4000,IO2312-C-4000,180.8,0.0,0.0,0.0,6,178.0,181.4,6,187.0,180.8,180.8,180.8,1.0,18080.0,214
2023-05-10 09:40:37,IO2312-C-4000,IO2312-C-4000,180.8,0.0,0.0,0.0,6,178.0,181.4,9,187.0,180.8,180.8,180.8,1.0,18080.0,214
2023-05-10 09:40:38,IO2312-C-4000,IO2312-C-4000,180.8,0.0,0.0,0.0,6,178.0,181.2,6,187.0,180.8,180.8,180.8,1.0,18080.0,214
2023-05-10 09:40:39,IO2312-C-4000,IO2312-C-4000,180.8,0.0,0.0,0.0,6,178.0,181.4,6,187.0,180.8,180.8,180.8,1.0,18080.0,214
2023-05-10 09:40:40,IO2312-C-4000,IO2312-C-4000,180.8,0.0,0.0,0.0,7,178.0,181.4,6,187.0,180.8,180.8,180.8,1.0,18080.0,214
2023-05-10 09:40:42,IO2312-C-4000,IO2312-C-4000,180.8,0.0,0.0,0.0,1,179.4,181.4,6,187.0,180.8,180.8,180.8,1.0,18080.0,214
2023-05-10 09:40:43,IO2312-C-4000,IO2312-C-4000,180.8,0.0,0.0,0.0,1,179.4,181.6,18,187.0,180.8,180.8,180.8,1.0,18080.0,214
2023-05-10 09:40:44,IO2312-C-4000,IO2312-C-4000,180.8,0.0,0.0,0.0,1,179.4,181.6,12,187.0,180.8,180.8,180.8,1.0,18080.0,214
2023-05-10 09:40:44,IO2312-C-4000,IO2312-C-4000,180.8,0.0,0.0,0.0,1,179.4,181.6,6,187.0,180.8,180.8,180.8,1.0,18080.0,214
2023-05-10 09:40:45,IO2312-C-4000,IO2312-C-4000,180.8,0.0,0.0,0.0,1,179.4,182.0,36,187.0,180.8,180.8,180.8,1.0,18080.0,214
2023-05-10 09:40:45,IO2312-C-4000,IO2312-C-4000,180.8,0.0,0.0,0.0,1,179.4,182.0,18,187.0,180.8,180.8,180.8,1.0,18080.0,214
2023-05-10 09:40:46,IO2312-C-4000,IO2312-C-4000,180.8,0.0,0.0,0.0,1,179.4,181.8,6,187.0,180.8,180.8,180.8,1.0,18080.0,214
2023-05-10 09:40:47,IO2312-C-4000,IO2312-C-4000,180.8,0.0,0.0,0.0,6,178.8,182.0,6,187.0,180.8,180.8,180.8,1.0,18080.0,214
2023-05-10 09:40:49,IO2312-C-4000,IO2312-C-4000,180.8,0.0,0.0,0.0,6,178.8,182.0,9,187.0,180.8,180.8,180.8,1.0,18080.0,214
2023-05-10 09:40:49,IO2312-C-4000,IO2312-C-4000,180.8,0.0,0.0,0.0,6,178.8,181.8,6,187.0,180.8,180.8,180.8,1.0,18080.0,214
2023-05-10 09:40:50,IO2312-C-4000,IO2312-C-4000,180.8,0.0,0.0,0.0,6,178.8,181.8,9,187.0,180.8,180.8,180.8,1.0,18080.0,214
2023-05-10 09:40:50,IO2312-C-4000,IO2312-C-4000,180.8,0.0,0.0,0.0,6,178.8,181.6,6,187.0,180.8,180.8,180.8,1.0,18080.0,214
2023-05-10 09:40:51,IO2312-C-4000,IO2312-C-4000,180.8,0.0,0.0,0.0,6,178.8,182.0,6,187.0,180.8,180.8,180.8,1.0,18080.0,214
2023-05-10 09:40:51,IO2312-C-4000,IO2312-C-4000,180.8,0.0,0.0,0.0,6,178.8,181.8,3,187.0,180.8,180.8,180.8,1.0,18080.0,214
2023-05-10 09:40:52,IO2312-C-4000,IO2312-C-4000,180.8,0.0,0.0,0.0,6,178.4,181.6,6,187.0,180.8,180.8,180.8,1.0,18080.0,214
2023-05-10 09:40:52,IO2312-C-4000,IO2312-C-4000,180.8,0.0,0.0,0.0,18,178.0,181.6,12,187.0,180.8,180.8,180.8,1.0,18080.0,214
2023-05-10 09:40:53,IO2312-C-4000,IO2312-C-4000,180.8,0.0,0.0,0.0,6,178.0,181.4,6,187.0,180.8,180.8,180.8,1.0,18080.0,214
2023-05-10 09:40:53,IO2312-C-4000,IO2312-C-4000,180.8,0.0,0.0,0.0,6,178.2,181.4,6,187.0,180.8,180.8,180.8,1.0,18080.0,214
2023-05-10 09:40:57,IO2312-C-4000,IO2312-C-4000,180.8,0.0,0.0,0.0,1,178.6,181.4,6,187.0,180.8,180.8,180.8,1.0,18080.0,214
2023-05-10 09:41:01,IO2312-C-4000,IO2312-C-4000,180.8,0.0,0.0,0.0,6,178.2,181.4,9,187.0,180.8,180.8,180.8,1.0,18080.0,214
2023-05-10 09:41:01,IO2312-C-4000,IO2312-C-4000,180.8,0.0,0.0,0.0,7,178.0,181.4,9,187.0,180.8,180.8,180.8,1.0,18080.0,214
2023-05-10 09:41:02,IO2312-C-4000,IO2312-C-4000,180.8,0.0,0.0,0.0,1,178.6,181.2,6,187.0,180.8,180.8,180.8,1.0,18080.0,214
2023-05-10 09:41:02,IO2312-C-4000,IO2312-C-4000,180.8,0.0,0.0,0.0,1,178.6,181.2,3,187.0,180.8,180.8,180.8,1.0,18080.0,214
2023-05-10 09:41:03,IO2312-C-4000,IO2312-C-4000,180.8,0.0,0.0,0.0,1,178.6,181.2,6,187.0,180.8,180.8,180.8,1.0,18080.0,214
2023-05-10 09:41:03,IO2312-C-4000,IO2312-C-4000,180.8,0.0,0.0,0.0,1,178.6,181.4,6,187.0,180.8,180.8,180.8,1.0,18080.0,214
2023-05-10 09:41:04,IO2312-C-4000,IO2312-C-4000,180.8,0.0,0.0,0.0,1,178.6,181.2,3,187.0,180.8,180.8,180.8,1.0,18080.0,214
2023-05-10 09:41:04,IO2312-C-4000,IO2312-C-4000,180.8,0.0,0.0,0.0,1,178.6,181.2,6,187.0,180.8,180.8,180.8,1.0,18080.0,214
2023-05-10 09:41:05,IO2312-C-4000,IO2312-C-4000,180.8,0.0,0.0,0.0,1,178.6,181.2,9,187.0,180.8,180.8,180.8,1.0,18080.0,214
2023-05-10 09:41:05,IO2312-C-4000,IO2312-C-4000,180.8,0.0,0.0,0.0,1,178.0,181.2,9,187.0,180.8,180.8,180.8,1.0,18080.0,214
2023-05-10 09:41:06,IO2312-C-4000,IO2312-C-4000,180.8,0.0,0.0,0.0,1,178.0,181.0,6,187.0,180.8,180.8,180.8,1.0,18080.0,214
2023-05-10 09:41:07,IO2312-C-4000,IO2312-C-4000,180.8,0.0,0.0,0.0,6,177.8,180.8,3,187.0,180.8,180.8,180.8,1.0,18080.0,214
2023-05-10 09:41:07,IO2312-C-4000,IO2312-C-4000,180.8,0.0,0.0,0.0,6,177.8,180.8,9,187.0,180.8,180.8,180.8,1.0,18080.0,214
2023-05-10 09:41:08,IO2312-C-4000,IO2312-C-4000,180.8,0.0,0.0,0.0,6,177.8,180.8,6,187.0,180.8,180.8,180.8,1.0,18080.0,214
2023-05-10 09:41:09,IO2312-C-4000,IO2312-C-4000,180.8,0.0,0.0,0.0,7,177.8,180.8,6,187.0,180.8,180.8,180.8,1.0,18080.0,214
2023-05-10 09:41:10,IO2312-C-4000,IO2312-C-4000,180.8,0.0,0.0,0.0,7,177.8,181.0,9,187.0,180.8,180.8,180.8,1.0,18080.0,214
2023-05-10 09:41:11,IO2312-C-4000,IO2312-C-4000,180.8,0.0,0.0,0.0,7,177.8,181.0,6,187.0,180.8,180.8,180.8,1.0,18080.0,214
2023-05-10 09:41:12,IO2312-C-4000,IO2312-C-4000,180.8,0.0,0.0,0.0,6,177.8,181.0,9,187.0,180.8,180.8,180.8,1.0,18080.0,214
2023-05-10 09:41:17,IO2312-C-4000,IO2312-C-4000,180.8,0.0,0.0,0.0,6,177.8,180.8,6,187.0,180.8,180.8,180.8,1.0,18080.0,214
2023-05-10 09:41:19,IO2312-C-4000,IO2312-C-4000,180.8,0.0,0.0,0.0,6,177.8,181.0,9,187.0,180.8,180.8,180.8,1.0,18080.0,214
2023-05-10 09:41:20,IO2312-C-4000,IO2312-C-4000,180.8,0.0,0.0,0.0,6,177.8,181.0,6,187.0,180.8,180.8,180.8,1.0,18080.0,214
2023-05-10 09:41:21,IO2312-C-4000,IO2312-C-4000,180.8,0.0,0.0,0.0,6,177.8,181.0,9,187.0,180.8,180.8,180.8,1.0,18080.0,214
2023-05-10 09:41:23,IO2312-C-4000,IO2312-C-4000,180.8,0.0,0.0,0.0,6,178.0,181.0,6,187.0,180.8,180.8,180.8,1.0,18080.0,214
2023-05-10 09:41:24,IO2312-C-4000,IO2312-C-4000,180.8,0.0,0.0,0.0,6,178.0,181.2,6,187.0,180.8,180.8,180.8,1.0,18080.0,214
2023-05-10 09:41:30,IO2312-C-4000,IO2312-C-4000,180.8,0.0,0.0,0.0,6,177.8,181.2,6,187.0,180.8,180.8,180.8,1.0,18080.0,214
2023-05-10 09:41:30,IO2312-C-4000,IO2312-C-4000,180.8,0.0,0.0,0.0,6,178.0,181.2,6,187.0,180.8,180.8,180.8,1.0,18080.0,214
2023-05-10 09:41:31,IO2312-C-4000,IO2312-C-4000,180.8,0.0,0.0,0.0,6,177.8,181.2,6,187.0,180.8,180.8,180.8,1.0,18080.0,214
2023-05-10 09:41:35,IO2312-C-4000,IO2312-C-4000,180.8,0.0,0.0,0.0,1,178.0,181.2,7,187.0,180.8,180.8,180.8,1.0,18080.0,214
2023-05-10 09:41:35,IO2312-C-4000,IO2312-C-4000,180.8,0.0,0.0,0.0,1,178.0,181.2,6,187.0,180.8,180.8,180.8,1.0,18080.0,214
2023-05-10 09:41:36,IO2312-C-4000,IO2312-C-4000,180.8,0.0,0.0,0.0,7,178.0,181.2,6,187.0,180.8,180.8,180.8,1.0,18080.0,214
2023-05-10 09:41:38,IO2312-C-4000,IO2312-C-4000,180.8,0.0,0.0,0.0,1,178.0,181.2,7,187.0,180.8,180.8,180.8,1.0,18080.0,214
2023-05-10 09:41:41,IO2312-C-4000,IO2312-C-4000,180.8,0.0,0.0,0.0,1,178.0,181.2,6,187.0,180.8,180.8,180.8,1.0,18080.0,214
2023-05-10 09:41:42,IO2312-C-4000,IO2312-C-4000,180.8,0.0,0.0,0.0,7,178.0,181.2,6,187.0,180.8,180.8,180.8,1.0,18080.0,214
2023-05-10 09:41:43,IO2312-C-4000,IO2312-C-4000,180.8,0.0,0.0,0.0,1,178.8,181.2,6,187.0,180.8,180.8,180.8,1.0,18080.0,214
2023-05-10 09:41:43,IO2312-C-4000,IO2312-C-4000,180.8,0.0,0.0,0.0,7,178.8,181.4,30,187.0,180.8,180.8,180.8,1.0,18080.0,214
2023-05-10 09:41:44,IO2312-C-4000,IO2312-C-4000,180.8,0.0,0.0,0.0,7,178.8,181.4,18,187.0,180.8,180.8,180.8,1.0,18080.0,214
2023-05-10 09:41:44,IO2312-C-4000,IO2312-C-4000,180.8,0.0,0.0,0.0,7,178.8,181.4,12,187.0,180.8,180.8,180.8,1.0,18080.0,214
2023-05-10 09:41:45,IO2312-C-4000,IO2312-C-4000,180.8,0.0,0.0,0.0,7,178.8,181.4,6,187.0,180.8,180.8,180.8,1.0,18080.0,214
2023-05-10 09:41:46,IO2312-C-4000,IO2312-C-4000,180.8,0.0,0.0,0.0,6,178.8,181.4,6,187.0,180.8,180.8,180.8,1.0,18080.0,214
2023-05-10 09:41:47,IO2312-C-4000,IO2312-C-4000,180.8,0.0,0.0,0.0,1,178.2,181.6,36,187.0,180.8,180.8,180.8,1.0,18080.0,214
2023-05-10 09:41:47,IO2312-C-4000,IO2312-C-4000,180.8,0.0,0.0,0.0,3,178.0,181.4,6,187.0,180.8,180.8,180.8,1.0,18080.0,214
2023-05-10 09:41:48,IO2312-C-4000,IO2312-C-4000,180.8,0.0,0.0,0.0,18,177.8,181.2,3,187.0,180.8,180.8,180.8,1.0,18080.0,214
2023-05-10 09:41:48,IO2312-C-4000,IO2312-C-4000,180.8,0.0,0.0,0.0,6,177.8,181.0,6,187.0,180.8,180.8,180.8,1.0,18080.0,214
2023-05-10 09:41:49,IO2312-C-4000,IO2312-C-4000,180.8,0.0,0.0,0.0,6,177.8,181.0,10,187.0,180.8,180.8,180.8,1.0,18080.0,214
2023-05-10 09:41:49,IO2312-C-4000,IO2312-C-4000,180.8,0.0,0.0,0.0,6,177.8,180.8,6,187.0,180.8,180.8,180.8,1.0,18080.0,214
2023-05-10 09:41:54,IO2312-C-4000,IO2312-C-4000,180.8,0.0,0.0,0.0,6,177.8,180.8,9,187.0,180.8,180.8,180.8,1.0,18080.0,214
2023-05-10 09:41:55,IO2312-C-4000,IO2312-C-4000,180.8,0.0,0.0,0.0,6,177.8,180.6,6,187.0,180.8,180.8,180.8,1.0,18080.0,214
2023-05-10 09:41:56,IO2312-C-4000,IO2312-C-4000,180.8,0.0,0.0,0.0,6,177.8,180.8,6,187.0,180.8,180.8,180.8,1.0,18080.0,214
2023-05-10 09:41:56,IO2312-C-4000,IO2312-C-4000,180.8,0.0,0.0,0.0,6,177.8,180.8,9,187.0,180.8,180.8,180.8,1.0,18080.0,214
2023-05-10 09:41:57,IO2312-C-4000,IO2312-C-4000,180.8,0.0,0.0,0.0,6,177.8,180.6,6,187.0,180.8,180.8,180.8,1.0,18080.0,214
2023-05-10 09:41:57,IO2312-C-4000,IO2312-C-4000,180.8,0.0,0.0,0.0,6,177.8,180.8,6,187.0,180.8,180.8,180.8,1.0,18080.0,214
2023-05-10 09:41:58,IO2312-C-4000,IO2312-C-4000,180.8,0.0,0.0,0.0,6,177.8,180.8,9,187.0,180.8,180.8,180.8,1.0,18080.0,214
2023-05-10 09:41:58,IO2312-C-4000,IO2312-C-4000,180.8,0.0,0.0,0.0,6,177.8,180.6,6,187.0,180.8,180.8,180.8,1.0,18080.0,214
2023-05-10 09:41:59,IO2312-C-4000,IO2312-C-4000,180.8,0.0,0.0,0.0,6,177.8,180.8,6,187.0,180.8,180.8,180.8,1.0,18080.0,214
2023-05-10 09:42:01,IO2312-C-4000,IO2312-C-4000,180.8,0.0,0.0,0.0,6,177.8,180.8,9,187.0,180.8,180.8,180.8,1.0,18080.0,214
2023-05-10 09:42:02,IO2312-C-4000,IO2312-C-4000,180.8,0.0,0.0,0.0,6,177.8,180.6,6,187.0,180.8,180.8,180.8,1.0,18080.0,214
2023-05-10 09:42:02,IO2312-C-4000,IO2312-C-4000,180.8,0.0,0.0,0.0,6,177.2,180.6,9,187.0,180.8,180.8,180.8,1.0,18080.0,214
2023-05-10 09:42:03,IO2312-C-4000,IO2312-C-4000,180.8,0.0,0.0,0.0,6,177.0,180.4,9,187.0,180.8,180.8,180.8,1.0,18080.0,214
2023-05-10 09:42:03,IO2312-C-4000,IO2312-C-4000,180.8,0.0,0.0,0.0,18,176.8,180.2,6,187.0,180.8,180.8,180.8,1.0,18080.0,214
2023-05-10 09:42:04,IO2312-C-4000,IO2312-C-4000,180.8,0.0,0.0,0.0,6,177.0,180.2,9,187.0,180.8,180.8,180.8,1.0,18080.0,214
2023-05-10 09:42:04,IO2312-C-4000,IO2312-C-4000,180.8,0.0,0.0,0.0,6,177.0,180.0,6,187.0,180.8,180.8,180.8,1.0,18080.0,214
2023-05-10 09:42:05,IO2312-C-4000,IO2312-C-4000,180.8,0.0,0.0,0.0,6,177.0,180.4,6,187.0,180.8,180.8,180.8,1.0,18080.0,214
2023-05-10 09:42:05,IO2312-C-4000,IO2312-C-4000,180.8,0.0,0.0,0.0,6,177.0,180.4,9,187.0,180.8,180.8,180.8,1.0,18080.0,214
2023-05-10 09:42:06,IO2312-C-4000,IO2312-C-4000,180.8,0.0,0.0,0.0,6,177.0,180.2,6,187.0,180.8,180.8,180.8,1.0,18080.0,214
2023-05-10 09:42:10,IO2312-C-4000,IO2312-C-4000,180.8,0.0,0.0,0.0,6,177.0,180.4,6,187.0,180.8,180.8,180.8,1.0,18080.0,214
2023-05-10 09:42:15,IO2312-C-4000,IO2312-C-4000,180.8,0.0,0.0,0.0,7,177.0,180.4,6,187.0,180.8,180.8,180.8,1.0,18080.0,214
2023-05-10 09:42:23,IO2312-C-4000,IO2312-C-4000,180.8,0.0,0.0,0.0,6,177.0,180.4,6,187.0,180.8,180.8,180.8,1.0,18080.0,214
2023-05-10 09:42:24,IO2312-C-4000,IO2312-C-4000,180.8,0.0,0.0,0.0,6,176.8,180.4,6,187.0,180.8,180.8,180.8,1.0,18080.0,214
2023-05-10 09:42:24,IO2312-C-4000,IO2312-C-4000,180.8,0.0,0.0,0.0,6,176.8,180.4,9,187.0,180.8,180.8,180.8,1.0,18080.0,214
2023-05-10 09:42:25,IO2312-C-4000,IO2312-C-4000,180.8,0.0,0.0,0.0,6,176.8,180.2,6,187.0,180.8,180.8,180.8,1.0,18080.0,214
2023-05-10 09:42:25,IO2312-C-4000,IO2312-C-4000,180.8,0.0,0.0,0.0,6,176.8,180.4,6,187.0,180.8,180.8,180.8,1.0,18080.0,214
2023-05-10 09:42:34,IO2312-C-4000,IO2312-C-4000,180.8,0.0,0.0,0.0,7,176.8,180.4,6,187.0,180.8,180.8,180.8,1.0,18080.0,214
2023-05-10 09:42:47,IO2312-C-4000,IO2312-C-4000,180.8,0.0,0.0,0.0,1,177.2,180.4,6,187.0,180.8,180.8,180.8,1.0,18080.0,214
2023-05-10 09:42:50,IO2312-C-4000,IO2312-C-4000,180.8,0.0,0.0,0.0,6,176.8,180.4,6,187.0,180.8,180.8,180.8,1.0,18080.0,214
2023-05-10 09:42:56,IO2312-C-4000,IO2312-C-4000,180.8,0.0,0.0,0.0,6,176.8,180.4,9,187.0,180.8,180.8,180.8,1.0,18080.0,214
2023-05-10 09:42:56,IO2312-C-4000,IO2312-C-4000,180.8,0.0,0.0,0.0,6,176.8,180.2,6,187.0,180.8,180.8,180.8,1.0,18080.0,214
2023-05-10 09:42:57,IO2312-C-4000,IO2312-C-4000,180.8,0.0,0.0,0.0,6,176.8,180.2,9,187.0,180.8,180.8,180.8,1.0,18080.0,214
2023-05-10 09:42:57,IO2312-C-4000,IO2312-C-4000,180.8,0.0,0.0,0.0,6,177.0,180.0,6,187.0,180.8,180.8,180.8,1.0,18080.0,214
2023-05-10 09:42:58,IO2312-C-4000,IO2312-C-4000,180.8,0.0,0.0,0.0,6,176.8,180.4,6,187.0,180.8,180.8,180.8,1.0,18080.0,214
2023-05-10 09:42:58,IO2312-C-4000,IO2312-C-4000,180.8,0.0,0.0,0.0,6,176.8,180.4,12,187.0,180.8,180.8,180.8,1.0,18080.0,214
2023-05-10 09:42:59,IO2312-C-4000,IO2312-C-4000,180.8,0.0,0.0,0.0,6,176.8,180.2,6,187.0,180.8,180.8,180.8,1.0,18080.0,214
2023-05-10 09:42:59,IO2312-C-4000,IO2312-C-4000,180.8,0.0,0.0,0.0,6,177.0,180.2,6,187.0,180.8,180.8,180.8,1.0,18080.0,214
2023-05-10 09:43:00,IO2312-C-4000,IO2312-C-4000,180.8,0.0,0.0,0.0,6,176.8,180.2,9,187.0,180.8,180.8,180.8,1.0,18080.0,214
2023-05-10 09:43:01,IO2312-C-4000,IO2312-C-4000,180.8,0.0,0.0,0.0,6,176.8,180.0,6,187.0,180.8,180.8,180.8,1.0,18080.0,214
2023-05-10 09:43:01,IO2312-C-4000,IO2312-C-4000,180.8,0.0,0.0,0.0,6,176.8,180.0,9,187.0,180.8,180.8,180.8,1.0,18080.0,214
2023-05-10 09:43:02,IO2312-C-4000,IO2312-C-4000,180.8,0.0,0.0,0.0,7,176.8,179.8,6,187.0,180.8,180.8,180.8,1.0,18080.0,214
2023-05-10 09:43:08,IO2312-C-4000,IO2312-C-4000,180.8,0.0,0.0,0.0,1,177.2,179.8,6,187.0,180.8,180.8,180.8,1.0,18080.0,214
2023-05-10 09:43:08,IO2312-C-4000,IO2312-C-4000,180.8,0.0,0.0,0.0,1,177.2,180.0,15,187.0,180.8,180.8,180.8,1.0,18080.0,214
2023-05-10 09:43:09,IO2312-C-4000,IO2312-C-4000,180.8,0.0,0.0,0.0,1,177.2,180.0,6,187.0,180.8,180.8,180.8,1.0,18080.0,214
2023-05-10 09:43:09,IO2312-C-4000,IO2312-C-4000,180.8,0.0,0.0,0.0,1,177.2,180.2,6,187.0,180.8,180.8,180.8,1.0,18080.0,214
2023-05-10 09:43:24,IO2312-C-4000,IO2312-C-4000,180.8,0.0,0.0,0.0,1,177.2,180.4,24,187.0,180.8,180.8,180.8,1.0,18080.0,214
2023-05-10 09:43:24,IO2312-C-4000,IO2312-C-4000,180.8,0.0,0.0,0.0,1,177.2,180.4,6,187.0,180.8,180.8,180.8,1.0,18080.0,214
2023-05-10 09:43:25,IO2312-C-4000,IO2312-C-4000,180.8,0.0,0.0,0.0,1,177.2,180.6,24,187.0,180.8,180.8,180.8,1.0,18080.0,214
2023-05-10 09:43:25,IO2312-C-4000,IO2312-C-4000,180.8,0.0,0.0,0.0,1,177.2,180.6,12,187.0,180.8,180.8,180.8,1.0,18080.0,214
2023-05-10 09:43:26,IO2312-C-4000,IO2312-C-4000,180.8,0.0,0.0,0.0,1,177.2,180.6,6,187.0,180.8,180.8,180.8,1.0,18080.0,214
2023-05-10 09:43:42,IO2312-C-4000,IO2312-C-4000,180.8,0.0,0.0,0.0,36,176.8,180.6,9,187.0,180.8,180.8,180.8,1.0,18080.0,214
2023-05-10 09:43:43,IO2312-C-4000,IO2312-C-4000,180.8,0.0,0.0,0.0,12,176.8,180.4,6,187.0,180.8,180.8,180.8,1.0,18080.0,214
2023-05-10 09:43:43,IO2312-C-4000,IO2312-C-4000,180.8,0.0,0.0,0.0,6,177.0,180.4,6,187.0,180.8,180.8,180.8,1.0,18080.0,214
2023-05-10 09:43:44,IO2312-C-4000,IO2312-C-4000,180.8,0.0,0.0,0.0,6,177.0,180.4,7,187.0,180.8,180.8,180.8,1.0,18080.0,214
2023-05-10 09:43:44,IO2312-C-4000,IO2312-C-4000,180.8,0.0,0.0,0.0,6,177.0,180.2,6,187.0,180.8,180.8,180.8,1.0,18080.0,214
2023-05-10 09:43:45,IO2312-C-4000,IO2312-C-4000,180.8,0.0,0.0,0.0,9,176.8,180.2,9,187.0,180.8,180.8,180.8,1.0,18080.0,214
2023-05-10 09:43:46,IO2312-C-4000,IO2312-C-4000,180.8,0.0,0.0,0.0,6,176.8,180.0,6,187.0,180.8,180.8,180.8,1.0,18080.0,214
2023-05-10 09:43:47,IO2312-C-4000,IO2312-C-4000,180.8,0.0,0.0,0.0,6,176.8,180.2,6,187.0,180.8,180.8,180.8,1.0,18080.0,214
2023-05-10 09:43:48,IO2312-C-4000,IO2312-C-4000,180.8,0.0,0.0,0.0,6,176.8,180.2,9,187.0,180.8,180.8,180.8,1.0,18080.0,214
2023-05-10 09:43:48,IO2312-C-4000,IO2312-C-4000,180.8,0.0,0.0,0.0,6,176.8,180.0,6,187.0,180.8,180.8,180.8,1.0,18080.0,214
2023-05-10 09:43:49,IO2312-C-4000,IO2312-C-4000,180.8,0.0,0.0,0.0,6,176.8,180.2,6,187.0,180.8,180.8,180.8,1.0,18080.0,214
2023-05-10 09:43:50,IO2312-C-4000,IO2312-C-4000,180.8,0.0,0.0,0.0,6,176.8,180.0,3,187.0,180.8,180.8,180.8,1.0,18080.0,214
2023-05-10 09:43:50,IO2312-C-4000,IO2312-C-4000,180.8,0.0,0.0,0.0,6,176.8,180.0,9,187.0,180.8,180.8,180.8,1.0,18080.0,214
2023-05-10 09:43:51,IO2312-C-4000,IO2312-C-4000,180.8,0.0,0.0,0.0,6,176.8,179.8,6,187.0,180.8,180.8,180.8,1.0,18080.0,214
2023-05-10 09:43:52,IO2312-C-4000,IO2312-C-4000,180.8,0.0,0.0,0.0,6,176.8,180.2,6,187.0,180.8,180.8,180.8,1.0,18080.0,214
2023-05-10 09:43:52,IO2312-C-4000,IO2312-C-4000,180.8,0.0,0.0,0.0,6,176.8,180.0,3,187.0,180.8,180.8,180.8,1.0,18080.0,214
2023-05-10 09:43:53,IO2312-C-4000,IO2312-C-4000,180.8,0.0,0.0,0.0,6,176.8,179.8,6,187.0,180.8,180.8,180.8,1.0,18080.0,214
2023-05-10 09:43:54,IO2312-C-4000,IO2312-C-4000,180.8,0.0,0.0,0.0,6,176.8,180.2,6,187.0,180.8,180.8,180.8,1.0,18080.0,214
2023-05-10 09:43:54,IO2312-C-4000,IO2312-C-4000,180.8,0.0,0.0,0.0,6,176.8,180.0,3,187.0,180.8,180.8,180.8,1.0,18080.0,214
2023-05-10 09:43:55,IO2312-C-4000,IO2312-C-4000,180.8,0.0,0.0,0.0,6,176.8,179.8,6,187.0,180.8,180.8,180.8,1.0,18080.0,214
2023-05-10 09:43:56,IO2312-C-4000,IO2312-C-4000,180.8,0.0,0.0,0.0,6,176.8,180.2,6,187.0,180.8,180.8,180.8,1.0,18080.0,214
2023-05-10 09:43:56,IO2312-C-4000,IO2312-C-4000,180.8,0.0,0.0,0.0,6,176.8,180.2,9,187.0,180.8,180.8,180.8,1.0,18080.0,214
2023-05-10 09:43:57,IO2312-C-4000,IO2312-C-4000,180.8,0.0,0.0,0.0,6,176.8,180.0,6,187.0,180.8,180.8,180.8,1.0,18080.0,214
2023-05-10 09:43:57,IO2312-C-4000,IO2312-C-4000,180.8,0.0,0.0,0.0,6,177.0,180.0,6,187.0,180.8,180.8,180.8,1.0,18080.0,214
2023-05-10 09:43:58,IO2312-C-4000,IO2312-C-4000,180.8,0.0,0.0,0.0,6,177.0,180.2,6,187.0,180.8,180.8,180.8,1.0,18080.0,214
2023-05-10 09:44:02,IO2312-C-4000,IO2312-C-4000,180.8,0.0,0.0,0.0,6,176.8,180.2,9,187.0,180.8,180.8,180.8,1.0,18080.0,214
2023-05-10 09:44:02,IO2312-C-4000,IO2312-C-4000,180.8,0.0,0.0,0.0,6,176.8,180.0,6,187.0,180.8,180.8,180.8,1.0,18080.0,214
2023-05-10 09:44:03,IO2312-C-4000,IO2312-C-4000,180.8,0.0,0.0,0.0,6,176.8,180.0,12,187.0,180.8,180.8,180.8,1.0,18080.0,214
2023-05-10 09:44:03,IO2312-C-4000,IO2312-C-4000,180.8,0.0,0.0,0.0,6,176.8,179.8,6,187.0,180.8,180.8,180.8,1.0,18080.0,214
2023-05-10 09:44:16,IO2312-C-4000,IO2312-C-4000,180.8,0.0,0.0,0.0,6,176.8,180.0,6,187.0,180.8,180.8,180.8,1.0,18080.0,214
2023-05-10 09:44:29,IO2312-C-4000,IO2312-C-4000,180.8,0.0,0.0,0.0,6,176.8,180.0,9,187.0,180.8,180.8,180.8,1.0,18080.0,214
2023-05-10 09:44:30,IO2312-C-4000,IO2312-C-4000,180.8,0.0,0.0,0.0,6,176.8,180.0,6,187.0,180.8,180.8,180.8,1.0,18080.0,214
2023-05-10 09:44:33,IO2312-C-4000,IO2312-C-4000,180.8,0.0,0.0,0.0,6,176.8,180.0,9,187.0,180.8,180.8,180.8,1.0,18080.0,214
2023-05-10 09:44:33,IO2312-C-4000,IO2312-C-4000,180.8,0.0,0.0,0.0,6,176.8,179.8,6,187.0,180.8,180.8,180.8,1.0,18080.0,214
2023-05-10 09:44:34,IO2312-C-4000,IO2312-C-4000,180.8,0.0,0.0,0.0,6,176.8,180.0,6,187.0,180.8,180.8,180.8,1.0,18080.0,214
2023-05-10 09:44:42,IO2312-C-4000,IO2312-C-4000,180.8,0.0,0.0,0.0,7,176.8,180.0,6,187.0,180.8,180.8,180.8,1.0,18080.0,214
2023-05-10 09:44:49,IO2312-C-4000,IO2312-C-4000,180.8,0.0,0.0,0.0,6,176.8,180.0,6,187.0,180.8,180.8,180.8,1.0,18080.0,214
2023-05-10 09:44:59,IO2312-C-4000,IO2312-C-4000,180.8,0.0,0.0,0.0,9,176.8,180.0,6,187.0,180.8,180.8,180.8,1.0,18080.0,214
2023-05-10 09:44:59,IO2312-C-4000,IO2312-C-4000,180.8,0.0,0.0,0.0,6,176.8,180.0,6,187.0,180.8,180.8,180.8,1.0,18080.0,214
2023-05-10 09:45:09,IO2312-C-4000,IO2312-C-4000,180.8,0.0,0.0,0.0,6,176.8,180.0,9,187.0,180.8,180.8,180.8,1.0,18080.0,214
2023-05-10 09:45:09,IO2312-C-4000,IO2312-C-4000,180.8,0.0,0.0,0.0,6,176.8,179.8,6,187.0,180.8,180.8,180.8,1.0,18080.0,214
2023-05-10 09:45:10,IO2312-C-4000,IO2312-C-4000,180.8,0.0,0.0,0.0,6,176.8,180.0,6,187.0,180.8,180.8,180.8,1.0,18080.0,214
2023-05-10 09:45:16,IO2312-C-4000,IO2312-C-4000,180.8,0.0,0.0,0.0,1,177.0,180.0,6,187.0,180.8,180.8,180.8,1.0,18080.0,214
2023-05-10 09:45:17,IO2312-C-4000,IO2312-C-4000,180.8,0.0,0.0,0.0,1,177.0,180.2,24,187.0,180.8,180.8,180.8,1.0,18080.0,214
2023-05-10 09:45:17,IO2312-C-4000,IO2312-C-4000,180.8,0.0,0.0,0.0,1,177.0,180.2,18,187.0,180.8,180.8,180.8,1.0,18080.0,214
2023-05-10 09:45:18,IO2312-C-4000,IO2312-C-4000,180.8,0.0,0.0,0.0,1,177.0,180.2,12,187.0,180.8,180.8,180.8,1.0,18080.0,214
2023-05-10 09:45:18,IO2312-C-4000,IO2312-C-4000,180.8,0.0,0.0,0.0,1,177.0,180.2,6,187.0,180.8,180.8,180.8,1.0,18080.0,214
2023-05-10 09:45:24,IO2312-C-4000,IO2312-C-4000,180.8,0.0,0.0,0.0,7,177.0,180.2,6,187.0,180.8,180.8,180.8,1.0,18080.0,214
2023-05-10 09:45:26,IO2312-C-4000,IO2312-C-4000,180.8,0.0,0.0,0.0,1,177.0,180.2,6,187.0,180.8,180.8,180.8,1.0,18080.0,214
2023-05-10 09:45:30,IO2312-C-4000,IO2312-C-4000,180.8,0.0,0.0,0.0,1,177.0,180.2,9,187.0,180.8,180.8,180.8,1.0,18080.0,214
2023-05-10 09:45:30,IO2312-C-4000,IO2312-C-4000,180.8,0.0,0.0,0.0,1,177.0,180.2,6,187.0,180.8,180.8,180.8,1.0,18080.0,214
2023-05-10 09:45:34,IO2312-C-4000,IO2312-C-4000,180.8,0.0,0.0,0.0,1,177.0,180.2,9,187.0,180.8,180.8,180.8,1.0,18080.0,214
2023-05-10 09:45:38,IO2312-C-4000,IO2312-C-4000,180.8,0.0,0.0,0.0,1,177.0,180.2,6,187.0,180.8,180.8,180.8,1.0,18080.0,214
2023-05-10 09:45:38,IO2312-C-4000,IO2312-C-4000,180.8,0.0,0.0,0.0,1,177.0,180.2,9,187.0,180.8,180.8,180.8,1.0,18080.0,214
2023-05-10 09:45:40,IO2312-C-4000,IO2312-C-4000,180.8,0.0,0.0,0.0,1,177.0,180.2,6,187.0,180.8,180.8,180.8,1.0,18080.0,214
2023-05-10 09:45:50,IO2312-C-4000,IO2312-C-4000,180.8,0.0,0.0,0.0,1,177.0,180.2,9,187.0,180.8,180.8,180.8,1.0,18080.0,214
2023-05-10 09:45:54,IO2312-C-4000,IO2312-C-4000,180.8,0.0,0.0,0.0,1,177.0,180.2,6,187.0,180.8,180.8,180.8,1.0,18080.0,214
2023-05-10 09:46:06,IO2312-C-4000,IO2312-C-4000,180.8,0.0,0.0,0.0,6,176.8,180.2,6,187.0,180.8,180.8,180.8,1.0,18080.0,214
2023-05-10 09:46:07,IO2312-C-4000,IO2312-C-4000,180.8,0.0,0.0,0.0,6,176.8,180.0,3,187.0,180.8,180.8,180.8,1.0,18080.0,214
2023-05-10 09:46:07,IO2312-C-4000,IO2312-C-4000,180.8,0.0,0.0,0.0,6,176.8,180.0,9,187.0,180.8,180.8,180.8,1.0,18080.0,214
2023-05-10 09:46:08,IO2312-C-4000,IO2312-C-4000,180.8,0.0,0.0,0.0,6,176.8,179.8,6,187.0,180.8,180.8,180.8,1.0,18080.0,214
2023-05-10 09:46:08,IO2312-C-4000,IO2312-C-4000,180.8,0.0,0.0,0.0,6,176.8,179.6,3,187.0,180.8,180.8,180.8,1.0,18080.0,214
2023-05-10 09:46:09,IO2312-C-4000,IO2312-C-4000,180.8,0.0,0.0,0.0,6,176.8,179.6,9,187.0,180.8,180.8,180.8,1.0,18080.0,214
2023-05-10 09:46:09,IO2312-C-4000,IO2312-C-4000,180.8,0.0,0.0,0.0,6,176.8,179.6,6,187.0,180.8,180.8,180.8,1.0,18080.0,214
2023-05-10 09:46:10,IO2312-C-4000,IO2312-C-4000,180.8,0.0,0.0,0.0,6,176.8,180.0,6,187.0,180.8,180.8,180.8,1.0,18080.0,214
2023-05-10 09:46:10,IO2312-C-4000,IO2312-C-4000,180.8,0.0,0.0,0.0,6,176.8,179.8,3,187.0,180.8,180.8,180.8,1.0,18080.0,214
2023-05-10 09:46:11,IO2312-C-4000,IO2312-C-4000,180.8,0.0,0.0,0.0,6,176.8,179.6,6,187.0,180.8,180.8,180.8,1.0,18080.0,214
2023-05-10 09:46:11,IO2312-C-4000,IO2312-C-4000,180.8,0.0,0.0,0.0,6,176.4,179.6,6,187.0,180.8,180.8,180.8,1.0,18080.0,214
2023-05-10 09:46:12,IO2312-C-4000,IO2312-C-4000,180.8,0.0,0.0,0.0,1,176.6,180.0,6,187.0,180.8,180.8,180.8,1.0,18080.0,214
2023-05-10 09:46:12,IO2312-C-4000,IO2312-C-4000,180.8,0.0,0.0,0.0,1,176.6,180.0,9,187.0,180.8,180.8,180.8,1.0,18080.0,214
2023-05-10 09:46:13,IO2312-C-4000,IO2312-C-4000,180.8,0.0,0.0,0.0,1,176.6,179.8,6,187.0,180.8,180.8,180.8,1.0,18080.0,214
2023-05-10 09:46:13,IO2312-C-4000,IO2312-C-4000,180.8,0.0,0.0,0.0,1,176.6,180.0,6,187.0,180.8,180.8,180.8,1.0,18080.0,214
2023-05-10 09:46:14,IO2312-C-4000,IO2312-C-4000,180.8,0.0,0.0,0.0,1,176.6,180.0,9,187.0,180.8,180.8,180.8,1.0,18080.0,214
2023-05-10 09:46:14,IO2312-C-4000,IO2312-C-4000,180.8,0.0,0.0,0.0,1,176.6,179.8,6,187.0,180.8,180.8,180.8,1.0,18080.0,214
2023-05-10 09:46:15,IO2312-C-4000,IO2312-C-4000,180.8,0.0,0.0,0.0,6,176.2,179.6,3,187.0,180.8,180.8,180.8,1.0,18080.0,214
2023-05-10 09:46:15,IO2312-C-4000,IO2312-C-4000,180.8,0.0,0.0,0.0,1,176.4,179.4,6,187.0,180.8,180.8,180.8,1.0,18080.0,214
2023-05-10 09:46:16,IO2312-C-4000,IO2312-C-4000,180.8,0.0,0.0,0.0,1,176.4,179.6,6,187.0,180.8,180.8,180.8,1.0,18080.0,214
2023-05-10 09:46:27,IO2312-C-4000,IO2312-C-4000,180.8,0.0,0.0,0.0,6,176.6,179.8,24,187.0,180.8,180.8,180.8,1.0,18080.0,214
2023-05-10 09:46:27,IO2312-C-4000,IO2312-C-4000,180.8,0.0,0.0,0.0,1,177.4,179.8,18,187.0,180.8,180.8,180.8,1.0,18080.0,214
2023-05-10 09:46:28,IO2312-C-4000,IO2312-C-4000,180.8,0.0,0.0,0.0,1,177.4,179.8,12,187.0,180.8,180.8,180.8,1.0,18080.0,214
2023-05-10 09:46:28,IO2312-C-4000,IO2312-C-4000,180.8,0.0,0.0,0.0,1,177.4,180.0,6,187.0,180.8,180.8,180.8,1.0,18080.0,214
2023-05-10 09:46:29,IO2312-C-4000,IO2312-C-4000,180.8,0.0,0.0,0.0,6,177.2,180.2,24,187.0,180.8,180.8,180.8,1.0,18080.0,214
2023-05-10 09:46:29,IO2312-C-4000,IO2312-C-4000,180.8,0.0,0.0,0.0,6,177.2,180.2,18,187.0,180.8,180.8,180.8,1.0,18080.0,214
2023-05-10 09:46:30,IO2312-C-4000,IO2312-C-4000,180.8,0.0,0.0,0.0,6,177.2,180.2,12,187.0,180.8,180.8,180.8,1.0,18080.0,214
2023-05-10 09:46:30,IO2312-C-4000,IO2312-C-4000,180.8,0.0,0.0,0.0,6,177.2,180.2,6,187.0,180.8,180.8,180.8,1.0,18080.0,214
2023-05-10 09:46:38,IO2312-C-4000,IO2312-C-4000,180.8,0.0,0.0,0.0,6,177.2,180.2,9,187.0,180.8,180.8,180.8,1.0,18080.0,214
2023-05-10 09:46:39,IO2312-C-4000,IO2312-C-4000,180.8,0.0,0.0,0.0,12,176.6,180.0,6,187.0,180.8,180.8,180.8,1.0,18080.0,214
2023-05-10 09:46:39,IO2312-C-4000,IO2312-C-4000,180.8,0.0,0.0,0.0,12,176.4,180.0,9,187.0,180.8,180.8,180.8,1.0,18080.0,214
2023-05-10 09:46:40,IO2312-C-4000,IO2312-C-4000,180.8,0.0,0.0,0.0,28,176.2,179.8,6,187.0,180.8,180.8,180.8,1.0,18080.0,214
2023-05-10 09:46:40,IO2312-C-4000,IO2312-C-4000,180.8,0.0,0.0,0.0,16,176.2,179.8,6,187.0,180.8,180.8,180.8,1.0,18080.0,214
2023-05-10 09:46:41,IO2312-C-4000,IO2312-C-4000,180.8,0.0,0.0,0.0,10,176.2,180.0,6,187.0,180.8,180.8,180.8,1.0,18080.0,214
2023-05-10 09:46:41,IO2312-C-4000,IO2312-C-4000,180.8,0.0,0.0,0.0,4,176.2,180.0,9,187.0,180.8,180.8,180.8,1.0,18080.0,214
2023-05-10 09:46:42,IO2312-C-4000,IO2312-C-4000,180.8,0.0,0.0,0.0,1,176.2,179.8,6,187.0,180.8,180.8,180.8,1.0,18080.0,214
2023-05-10 09:46:42,IO2312-C-4000,IO2312-C-4000,180.8,0.0,0.0,0.0,1,176.2,180.0,6,187.0,180.8,180.8,180.8,1.0,18080.0,214
2023-05-10 09:46:55,IO2312-C-4000,IO2312-C-4000,180.8,0.0,0.0,0.0,1,176.2,180.0,9,187.0,180.8,180.8,180.8,1.0,18080.0,214
2023-05-10 09:46:55,IO2312-C-4000,IO2312-C-4000,180.8,0.0,0.0,0.0,1,176.2,179.8,6,187.0,180.8,180.8,180.8,1.0,18080.0,214
2023-05-10 09:46:56,IO2312-C-4000,IO2312-C-4000,180.8,0.0,0.0,0.0,1,176.2,179.8,9,187.0,180.8,180.8,180.8,1.0,18080.0,214
2023-05-10 09:46:56,IO2312-C-4000,IO2312-C-4000,180.8,0.0,0.0,0.0,1,176.2,179.6,6,187.0,180.8,180.8,180.8,1.0,18080.0,214
2023-05-10 09:46:57,IO2312-C-4000,IO2312-C-4000,180.8,0.0,0.0,0.0,1,176.2,179.6,9,187.0,180.8,180.8,180.8,1.0,18080.0,214
2023-05-10 09:46:57,IO2312-C-4000,IO2312-C-4000,180.8,0.0,0.0,0.0,1,176.2,179.4,6,187.0,180.8,180.8,180.8,1.0,18080.0,214
2023-05-10 09:46:58,IO2312-C-4000,IO2312-C-4000,180.8,0.0,0.0,0.0,1,176.2,179.6,6,187.0,180.8,180.8,180.8,1.0,18080.0,214
2023-05-10 09:47:02,IO2312-C-4000,IO2312-C-4000,180.8,0.0,0.0,0.0,1,176.2,179.4,3,187.0,180.8,180.8,180.8,1.0,18080.0,214
2023-05-10 09:47:02,IO2312-C-4000,IO2312-C-4000,180.8,0.0,0.0,0.0,1,176.2,179.4,6,187.0,180.8,180.8,180.8,1.0,18080.0,214
2023-05-10 09:47:03,IO2312-C-4000,IO2312-C-4000,180.8,0.0,0.0,0.0,1,176.2,179.4,9,187.0,180.8,180.8,180.8,1.0,18080.0,214
2023-05-10 09:47:04,IO2312-C-4000,IO2312-C-4000,180.8,0.0,0.0,0.0,1,176.2,179.4,6,187.0,180.8,180.8,180.8,1.0,18080.0,214
2023-05-10 09:47:16,IO2312-C-4000,IO2312-C-4000,180.8,0.0,0.0,0.0,1,176.2,179.8,6,187.0,180.8,180.8,180.8,1.0,18080.0,214
2023-05-10 09:47:24,IO2312-C-4000,IO2312-C-4000,180.8,0.0,0.0,0.0,1,176.2,179.8,12,187.0,180.8,180.8,180.8,1.0,18080.0,214
2023-05-10 09:47:25,IO2312-C-4000,IO2312-C-4000,180.8,0.0,0.0,0.0,1,176.2,179.6,6,187.0,180.8,180.8,180.8,1.0,18080.0,214
2023-05-10 09:47:50,IO2312-C-4000,IO2312-C-4000,180.8,0.0,0.0,0.0,1,176.2,179.8,6,187.0,180.8,180.8,180.8,1.0,18080.0,214
2023-05-10 09:48:09,IO2312-C-4000,IO2312-C-4000,180.8,0.0,0.0,0.0,7,176.2,179.8,6,187.0,180.8,180.8,180.8,1.0,18080.0,214
2023-05-10 09:48:09,IO2312-C-4000,IO2312-C-4000,180.8,0.0,0.0,0.0,1,177.6,179.8,6,187.0,180.8,180.8,180.8,1.0,18080.0,214
2023-05-10 09:48:10,IO2312-C-4000,IO2312-C-4000,180.8,0.0,0.0,0.0,7,177.6,180.0,18,187.0,180.8,180.8,180.8,1.0,18080.0,214
2023-05-10 09:48:10,IO2312-C-4000,IO2312-C-4000,180.8,0.0,0.0,0.0,7,177.6,180.0,6,187.0,180.8,180.8,180.8,1.0,18080.0,214
2023-05-10 09:48:11,IO2312-C-4000,IO2312-C-4000,180.8,0.0,0.0,0.0,1,178.4,180.2,24,187.0,180.8,180.8,180.8,1.0,18080.0,214
2023-05-10 09:48:11,IO2312-C-4000,IO2312-C-4000,180.8,0.0,0.0,0.0,1,178.4,180.2,12,187.0,180.8,180.8,180.8,1.0,18080.0,214
2023-05-10 09:48:12,IO2312-C-4000,IO2312-C-4000,180.8,0.0,0.0,0.0,1,178.4,180.4,30,187.0,180.8,180.8,180.8,1.0,18080.0,214
2023-05-10 09:48:12,IO2312-C-4000,IO2312-C-4000,180.8,0.0,0.0,0.0,1,178.4,180.4,12,187.0,180.8,180.8,180.8,1.0,18080.0,214
2023-05-10 09:48:13,IO2312-C-4000,IO2312-C-4000,180.8,0.0,0.0,0.0,1,178.4,180.6,12,187.0,180.8,180.8,180.8,1.0,18080.0,214
2023-05-10 09:48:13,IO2312-C-4000,IO2312-C-4000,180.8,0.0,0.0,0.0,1,178.4,180.8,30,187.0,180.8,180.8,180.8,1.0,18080.0,214
2023-05-10 09:48:14,IO2312-C-4000,IO2312-C-4000,180.8,0.0,0.0,0.0,1,178.4,180.8,18,187.0,180.8,180.8,180.8,1.0,18080.0,214
2023-05-10 09:48:14,IO2312-C-4000,IO2312-C-4000,180.8,0.0,0.0,0.0,1,178.4,180.8,15,187.0,180.8,180.8,180.8,1.0,18080.0,214
2023-05-10 09:48:17,IO2312-C-4000,IO2312-C-4000,180.8,0.0,0.0,0.0,6,177.6,180.8,15,187.0,180.8,180.8,180.8,1.0,18080.0,214
2023-05-10 09:48:17,IO2312-C-4000,IO2312-C-4000,180.8,0.0,0.0,0.0,6,177.6,180.6,6,187.0,180.8,180.8,180.8,1.0,18080.0,214
2023-05-10 09:48:18,IO2312-C-4000,IO2312-C-4000,180.8,0.0,0.0,0.0,6,177.6,180.4,3,187.0,180.8,180.8,180.8,1.0,18080.0,214
2023-05-10 09:48:19,IO2312-C-4000,IO2312-C-4000,180.8,0.0,0.0,0.0,6,177.6,180.4,6,187.0,180.8,180.8,180.8,1.0,18080.0,214
2023-05-10 09:48:20,IO2312-C-4000,IO2312-C-4000,180.8,0.0,0.0,0.0,6,177.6,180.6,6,187.0,180.8,180.8,180.8,1.0,18080.0,214
2023-05-10 09:48:20,IO2312-C-4000,IO2312-C-4000,180.8,0.0,0.0,0.0,6,177.6,180.4,3,187.0,180.8,180.8,180.8,1.0,18080.0,214
2023-05-10 09:48:21,IO2312-C-4000,IO2312-C-4000,180.8,0.0,0.0,0.0,6,177.6,180.2,6,187.0,180.8,180.8,180.8,1.0,18080.0,214
2023-05-10 09:48:21,IO2312-C-4000,IO2312-C-4000,180.8,0.0,0.0,0.0,6,177.6,180.4,6,187.0,180.8,180.8,180.8,1.0,18080.0,214
2023-05-10 09:48:23,IO2312-C-4000,IO2312-C-4000,180.8,0.0,0.0,0.0,6,177.6,180.4,9,187.0,180.8,180.8,180.8,1.0,18080.0,214
2023-05-10 09:48:23,IO2312-C-4000,IO2312-C-4000,180.8,0.0,0.0,0.0,6,177.6,180.4,6,187.0,180.8,180.8,180.8,1.0,18080.0,214
2023-05-10 09:48:24,IO2312-C-4000,IO2312-C-4000,180.8,0.0,0.0,0.0,6,177.6,180.4,9,187.0,180.8,180.8,180.8,1.0,18080.0,214
2023-05-10 09:48:25,IO2312-C-4000,IO2312-C-4000,180.8,0.0,0.0,0.0,6,177.6,180.4,6,187.0,180.8,180.8,180.8,1.0,18080.0,214
2023-05-10 09:48:25,IO2312-C-4000,IO2312-C-4000,180.8,0.0,0.0,0.0,6,177.6,180.4,3,187.0,180.8,180.8,180.8,1.0,18080.0,214
2023-05-10 09:48:26,IO2312-C-4000,IO2312-C-4000,180.8,0.0,0.0,0.0,6,177.6,180.4,6,187.0,180.8,180.8,180.8,1.0,18080.0,214
2023-05-10 09:48:26,IO2312-C-4000,IO2312-C-4000,180.8,0.0,0.0,0.0,6,177.6,180.6,24,187.0,180.8,180.8,180.8,1.0,18080.0,214
2023-05-10 09:48:27,IO2312-C-4000,IO2312-C-4000,180.8,0.0,0.0,0.0,6,177.6,180.6,12,187.0,180.8,180.8,180.8,1.0,18080.0,214
2023-05-10 09:48:27,IO2312-C-4000,IO2312-C-4000,180.8,0.0,0.0,0.0,6,177.6,180.6,9,187.0,180.8,180.8,180.8,1.0,18080.0,214
2023-05-10 09:48:28,IO2312-C-4000,IO2312-C-4000,180.8,0.0,0.0,0.0,1,177.8,180.6,6,187.0,180.8,180.8,180.8,1.0,18080.0,214
2023-05-10 09:48:29,IO2312-C-4000,IO2312-C-4000,180.8,0.0,0.0,0.0,1,177.8,180.8,24,187.0,180.8,180.8,180.8,1.0,18080.0,214
2023-05-10 09:48:29,IO2312-C-4000,IO2312-C-4000,180.8,0.0,0.0,0.0,1,177.8,180.8,21,187.0,180.8,180.8,180.8,1.0,18080.0,214
2023-05-10 09:48:37,IO2312-C-4000,IO2312-C-4000,180.8,0.0,0.0,0.0,1,177.8,180.8,18,187.0,180.8,180.8,180.8,1.0,18080.0,214
2023-05-10 09:48:38,IO2312-C-4000,IO2312-C-4000,180.8,0.0,0.0,0.0,1,177.8,180.8,12,187.0,180.8,180.8,180.8,1.0,18080.0,214
2023-05-10 09:48:38,IO2312-C-4000,IO2312-C-4000,180.8,0.0,0.0,0.0,1,177.8,180.8,6,187.0,180.8,180.8,180.8,1.0,18080.0,214
2023-05-10 09:48:39,IO2312-C-4000,IO2312-C-4000,180.8,0.0,0.0,0.0,1,177.8,181.0,30,187.0,180.8,180.8,180.8,1.0,18080.0,214
2023-05-10 09:48:39,IO2312-C-4000,IO2312-C-4000,180.8,0.0,0.0,0.0,1,177.8,181.0,18,187.0,180.8,180.8,180.8,1.0,18080.0,214
2023-05-10 09:48:40,IO2312-C-4000,IO2312-C-4000,180.8,0.0,0.0,0.0,1,177.8,181.0,12,187.0,180.8,180.8,180.8,1.0,18080.0,214
2023-05-10 09:48:40,IO2312-C-4000,IO2312-C-4000,180.8,0.0,0.0,0.0,1,177.8,181.0,9,187.0,180.8,180.8,180.8,1.0,18080.0,214
2023-05-10 09:48:42,IO2312-C-4000,IO2312-C-4000,180.8,0.0,0.0,0.0,1,177.8,180.8,6,187.0,180.8,180.8,180.8,1.0,18080.0,214
2023-05-10 09:48:43,IO2312-C-4000,IO2312-C-4000,180.8,0.0,0.0,0.0,1,177.8,181.0,6,187.0,180.8,180.8,180.8,1.0,18080.0,214
2023-05-10 09:48:43,IO2312-C-4000,IO2312-C-4000,180.8,0.0,0.0,0.0,1,177.8,181.0,9,187.0,180.8,180.8,180.8,1.0,18080.0,214
2023-05-10 09:48:44,IO2312-C-4000,IO2312-C-4000,180.8,0.0,0.0,0.0,1,177.8,180.8,6,187.0,180.8,180.8,180.8,1.0,18080.0,214
2023-05-10 09:48:45,IO2312-C-4000,IO2312-C-4000,180.8,0.0,0.0,0.0,1,177.8,181.0,6,187.0,180.8,180.8,180.8,1.0,18080.0,214
2023-05-10 09:48:45,IO2312-C-4000,IO2312-C-4000,180.8,0.0,0.0,0.0,1,177.8,181.0,9,187.0,180.8,180.8,180.8,1.0,18080.0,214
2023-05-10 09:48:46,IO2312-C-4000,IO2312-C-4000,180.8,0.0,0.0,0.0,1,177.8,180.8,6,187.0,180.8,180.8,180.8,1.0,18080.0,214
2023-05-10 09:48:46,IO2312-C-4000,IO2312-C-4000,180.8,0.0,0.0,0.0,1,177.8,180.8,9,187.0,180.8,180.8,180.8,1.0,18080.0,214
2023-05-10 09:48:48,IO2312-C-4000,IO2312-C-4000,180.8,0.0,0.0,0.0,6,177.6,180.8,9,187.0,180.8,180.8,180.8,1.0,18080.0,214
2023-05-10 09:48:49,IO2312-C-4000,IO2312-C-4000,180.8,0.0,0.0,0.0,6,177.6,180.8,12,187.0,180.8,180.8,180.8,1.0,18080.0,214
2023-05-10 09:48:50,IO2312-C-4000,IO2312-C-4000,180.8,0.0,0.0,0.0,6,177.4,180.8,12,187.0,180.8,180.8,180.8,1.0,18080.0,214
2023-05-10 09:48:51,IO2312-C-4000,IO2312-C-4000,180.8,0.0,0.0,0.0,1,177.2,180.6,6,187.0,180.8,180.8,180.8,1.0,18080.0,214
2023-05-10 09:48:51,IO2312-C-4000,IO2312-C-4000,180.8,0.0,0.0,0.0,1,177.2,180.4,3,187.0,180.8,180.8,180.8,1.0,18080.0,214
2023-05-10 09:48:52,IO2312-C-4000,IO2312-C-4000,180.8,0.0,0.0,0.0,6,177.0,180.4,10,187.0,180.8,180.8,180.8,1.0,18080.0,214
2023-05-10 09:48:52,IO2312-C-4000,IO2312-C-4000,180.8,0.0,0.0,0.0,12,176.8,180.2,6,187.0,180.8,180.8,180.8,1.0,18080.0,214
2023-05-10 09:48:53,IO2312-C-4000,IO2312-C-4000,180.8,0.0,0.0,0.0,25,176.6,180.0,3,187.0,180.8,180.8,180.8,1.0,18080.0,214
2023-05-10 09:48:53,IO2312-C-4000,IO2312-C-4000,180.8,0.0,0.0,0.0,19,176.6,179.8,6,187.0,180.8,180.8,180.8,1.0,18080.0,214
2023-05-10 09:48:54,IO2312-C-4000,IO2312-C-4000,180.8,0.0,0.0,0.0,13,176.6,179.8,6,187.0,180.8,180.8,180.8,1.0,18080.0,214
2023-05-10 09:48:56,IO2312-C-4000,IO2312-C-4000,180.8,0.0,0.0,0.0,1,177.0,179.8,6,187.0,180.8,180.8,180.8,1.0,18080.0,214
2023-05-10 09:48:57,IO2312-C-4000,IO2312-C-4000,180.8,0.0,0.0,0.0,1,177.0,180.0,6,187.0,180.8,180.8,180.8,1.0,18080.0,214
2023-05-10 09:48:58,IO2312-C-4000,IO2312-C-4000,180.8,0.0,0.0,0.0,1,177.0,179.8,3,187.0,180.8,180.8,180.8,1.0,18080.0,214
2023-05-10 09:48:59,IO2312-C-4000,IO2312-C-4000,180.8,0.0,0.0,0.0,1,177.0,179.8,10,187.0,180.8,180.8,180.8,1.0,18080.0,214
2023-05-10 09:48:59,IO2312-C-4000,IO2312-C-4000,180.8,0.0,0.0,0.0,12,176.6,179.8,10,187.0,180.8,180.8,180.8,1.0,18080.0,214
2023-05-10 09:49:00,IO2312-C-4000,IO2312-C-4000,180.8,0.0,0.0,0.0,7,176.4,179.8,10,187.0,180.8,180.8,180.8,1.0,18080.0,214
2023-05-10 09:49:00,IO2312-C-4000,IO2312-C-4000,180.8,0.0,0.0,0.0,1,176.4,179.6,6,187.0,180.8,180.8,180.8,1.0,18080.0,214
2023-05-10 09:49:01,IO2312-C-4000,IO2312-C-4000,180.8,0.0,0.0,0.0,12,176.2,179.4,3,187.0,180.8,180.8,180.8,1.0,18080.0,214
2023-05-10 09:49:01,IO2312-C-4000,IO2312-C-4000,180.8,0.0,0.0,0.0,12,176.0,179.4,9,187.0,180.8,180.8,180.8,1.0,18080.0,214
2023-05-10 09:49:02,IO2312-C-4000,IO2312-C-4000,180.8,0.0,0.0,0.0,1,176.2,179.2,6,187.0,180.8,180.8,180.8,1.0,18080.0,214
2023-05-10 09:49:02,IO2312-C-4000,IO2312-C-4000,180.8,0.0,0.0,0.0,1,176.2,179.6,9,187.0,180.8,180.8,180.8,1.0,18080.0,214
2023-05-10 09:49:03,IO2312-C-4000,IO2312-C-4000,180.8,0.0,0.0,0.0,1,176.2,179.4,6,187.0,180.8,180.8,180.8,1.0,18080.0,214
2023-05-10 09:49:03,IO2312-C-4000,IO2312-C-4000,180.8,0.0,0.0,0.0,1,176.2,179.6,6,187.0,180.8,180.8,180.8,1.0,18080.0,214
2023-05-10 09:49:07,IO2312-C-4000,IO2312-C-4000,180.8,0.0,0.0,0.0,1,176.2,179.6,9,187.0,180.8,180.8,180.8,1.0,18080.0,214
2023-05-10 09:49:07,IO2312-C-4000,IO2312-C-4000,180.8,0.0,0.0,0.0,1,176.2,179.4,6,187.0,180.8,180.8,180.8,1.0,18080.0,214
2023-05-10 09:49:20,IO2312-C-4000,IO2312-C-4000,180.8,0.0,0.0,0.0,1,176.2,179.6,6,187.0,180.8,180.8,180.8,1.0,18080.0,214
2023-05-10 09:49:22,IO2312-C-4000,IO2312-C-4000,180.8,0.0,0.0,0.0,6,176.0,179.0,1,187.0,180.8,180.8,180.8,1.0,18080.0,214
2023-05-10 09:49:22,IO2312-C-4000,IO2312-C-4000,180.8,0.0,0.0,0.0,6,176.0,178.8,6,187.0,180.8,180.8,180.8,1.0,18080.0,214
2023-05-10 09:49:23,IO2312-C-4000,IO2312-C-4000,180.8,0.0,0.0,0.0,6,176.0,179.0,19,187.0,180.8,180.8,180.8,1.0,18080.0,214
2023-05-10 09:49:24,IO2312-C-4000,IO2312-C-4000,180.8,0.0,0.0,0.0,6,176.0,179.0,13,187.0,180.8,180.8,180.8,1.0,18080.0,214
2023-05-10 09:49:24,IO2312-C-4000,IO2312-C-4000,180.8,0.0,0.0,0.0,30,175.8,179.0,13,187.0,180.8,180.8,180.8,1.0,18080.0,214
2023-05-10 09:49:25,IO2312-C-4000,IO2312-C-4000,180.8,0.0,0.0,0.0,18,175.8,178.8,6,187.0,180.8,180.8,180.8,1.0,18080.0,214
2023-05-10 09:49:25,IO2312-C-4000,IO2312-C-4000,180.8,0.0,0.0,0.0,12,175.8,178.8,6,187.0,180.8,180.8,180.8,1.0,18080.0,214
2023-05-10 09:49:26,IO2312-C-4000,IO2312-C-4000,180.8,0.0,0.0,0.0,6,175.8,178.8,6,187.0,180.8,180.8,180.8,1.0,18080.0,214
2023-05-10 09:49:28,IO2312-C-4000,IO2312-C-4000,180.8,0.0,0.0,0.0,1,177.4,178.8,6,187.0,180.8,180.8,180.8,1.0,18080.0,214
2023-05-10 09:49:29,IO2312-C-4000,IO2312-C-4000,180.8,0.0,0.0,0.0,1,177.4,179.0,18,187.0,180.8,180.8,180.8,1.0,18080.0,214
2023-05-10 09:49:29,IO2312-C-4000,IO2312-C-4000,180.8,0.0,0.0,0.0,1,177.4,179.0,12,187.0,180.8,180.8,180.8,1.0,18080.0,214
2023-05-10 09:49:30,IO2312-C-4000,IO2312-C-4000,180.8,0.0,0.0,0.0,1,177.4,179.0,6,187.0,180.8,180.8,180.8,1.0,18080.0,214
2023-05-10 09:49:30,IO2312-C-4000,IO2312-C-4000,180.8,0.0,0.0,0.0,1,177.4,179.2,30,187.0,180.8,180.8,180.8,1.0,18080.0,214
2023-05-10 09:49:31,IO2312-C-4000,IO2312-C-4000,180.8,0.0,0.0,0.0,1,177.4,179.2,12,187.0,180.8,180.8,180.8,1.0,18080.0,214
2023-05-10 09:49:31,IO2312-C-4000,IO2312-C-4000,180.8,0.0,0.0,0.0,1,177.4,179.2,6,187.0,180.8,180.8,180.8,1.0,18080.0,214
2023-05-10 09:49:35,IO2312-C-4000,IO2312-C-4000,180.8,0.0,0.0,0.0,1,177.4,179.4,24,187.0,180.8,180.8,180.8,1.0,18080.0,214
2023-05-10 09:49:35,IO2312-C-4000,IO2312-C-4000,180.8,0.0,0.0,0.0,1,177.4,179.4,18,187.0,180.8,180.8,180.8,1.0,18080.0,214
2023-05-10 09:49:36,IO2312-C-4000,IO2312-C-4000,180.8,0.0,0.0,0.0,1,177.4,179.4,12,187.0,180.8,180.8,180.8,1.0,18080.0,214
2023-05-10 09:49:36,IO2312-C-4000,IO2312-C-4000,180.8,0.0,0.0,0.0,1,177.4,179.4,6,187.0,180.8,180.8,180.8,1.0,18080.0,214
2023-05-10 09:49:41,IO2312-C-4000,IO2312-C-4000,180.8,0.0,0.0,0.0,1,176.8,179.4,6,187.0,180.8,180.8,180.8,1.0,18080.0,214
2023-05-10 09:49:42,IO2312-C-4000,IO2312-C-4000,180.8,0.0,0.0,0.0,1,176.2,179.4,6,187.0,180.8,180.8,180.8,1.0,18080.0,214
2023-05-10 09:50:01,IO2312-C-4000,IO2312-C-4000,180.8,0.0,0.0,0.0,9,176.0,179.4,6,187.0,180.8,180.8,180.8,1.0,18080.0,214
2023-05-10 09:50:05,IO2312-C-4000,IO2312-C-4000,180.8,0.0,0.0,0.0,3,176.0,179.4,6,187.0,180.8,180.8,180.8,1.0,18080.0,214
2023-05-10 09:50:06,IO2312-C-4000,IO2312-C-4000,180.8,0.0,0.0,0.0,6,175.8,179.4,6,187.0,180.8,180.8,180.8,1.0,18080.0,214
2023-05-10 09:50:07,IO2312-C-4000,IO2312-C-4000,180.8,0.0,0.0,0.0,1,177.0,179.4,6,187.0,180.8,180.8,180.8,1.0,18080.0,214
2023-05-10 09:50:11,IO2312-C-4000,IO2312-C-4000,180.8,0.0,0.0,0.0,1,177.0,179.6,37,187.0,180.8,180.8,180.8,1.0,18080.0,214
2023-05-10 09:50:11,IO2312-C-4000,IO2312-C-4000,180.8,0.0,0.0,0.0,1,177.0,179.6,18,187.0,180.8,180.8,180.8,1.0,18080.0,214
2023-05-10 09:50:12,IO2312-C-4000,IO2312-C-4000,180.8,0.0,0.0,0.0,1,177.0,179.6,6,187.0,180.8,180.8,180.8,1.0,18080.0,214
2023-05-10 09:50:12,IO2312-C-4000,IO2312-C-4000,180.8,0.0,0.0,0.0,1,177.0,179.8,24,187.0,180.8,180.8,180.8,1.0,18080.0,214
2023-05-10 09:50:13,IO2312-C-4000,IO2312-C-4000,180.8,0.0,0.0,0.0,1,177.0,179.8,18,187.0,180.8,180.8,180.8,1.0,18080.0,214
2023-05-10 09:50:13,IO2312-C-4000,IO2312-C-4000,180.8,0.0,0.0,0.0,1,177.0,179.8,12,187.0,180.8,180.8,180.8,1.0,18080.0,214
2023-05-10 09:50:14,IO2312-C-4000,IO2312-C-4000,180.8,0.0,0.0,0.0,1,177.0,179.8,6,187.0,180.8,180.8,180.8,1.0,18080.0,214
2023-05-10 09:50:14,IO2312-C-4000,IO2312-C-4000,180.8,0.0,0.0,0.0,1,177.0,180.0,36,187.0,180.8,180.8,180.8,1.0,18080.0,214
2023-05-10 09:50:15,IO2312-C-4000,IO2312-C-4000,180.8,0.0,0.0,0.0,1,177.0,180.0,6,187.0,180.8,180.8,180.8,1.0,18080.0,214
2023-05-10 09:50:15,IO2312-C-4000,IO2312-C-4000,180.8,0.0,0.0,0.0,7,177.0,180.2,18,187.0,180.8,180.8,180.8,1.0,18080.0,214
2023-05-10 09:50:16,IO2312-C-4000,IO2312-C-4000,180.8,0.0,0.0,0.0,1,178.4,180.2,12,187.0,180.8,180.8,180.8,1.0,18080.0,214
2023-05-10 09:50:16,IO2312-C-4000,IO2312-C-4000,180.8,0.0,0.0,0.0,1,178.4,180.2,6,187.0,180.8,180.8,180.8,1.0,18080.0,214
2023-05-10 09:50:17,IO2312-C-4000,IO2312-C-4000,180.8,0.0,0.0,0.0,1,178.4,180.4,25,187.0,180.8,180.8,180.8,1.0,18080.0,214
2023-05-10 09:50:17,IO2312-C-4000,IO2312-C-4000,180.8,0.0,0.0,0.0,1,178.4,180.4,12,187.0,180.8,180.8,180.8,1.0,18080.0,214
2023-05-10 09:50:18,IO2312-C-4000,IO2312-C-4000,180.8,0.0,0.0,0.0,1,178.4,180.6,36,187.0,180.8,180.8,180.8,1.0,18080.0,214
2023-05-10 09:50:18,IO2312-C-4000,IO2312-C-4000,180.8,0.0,0.0,0.0,1,178.4,180.6,12,187.0,180.8,180.8,180.8,1.0,18080.0,214
2023-05-10 09:50:19,IO2312-C-4000,IO2312-C-4000,180.8,0.0,0.0,0.0,1,178.4,180.8,24,187.0,180.8,180.8,180.8,1.0,18080.0,214
2023-05-10 09:50:19,IO2312-C-4000,IO2312-C-4000,180.8,0.0,0.0,0.0,1,178.4,180.8,18,187.0,180.8,180.8,180.8,1.0,18080.0,214
2023-05-10 09:50:20,IO2312-C-4000,IO2312-C-4000,180.8,0.0,0.0,0.0,1,178.4,180.8,12,187.0,180.8,180.8,180.8,1.0,18080.0,214
2023-05-10 09:50:20,IO2312-C-4000,IO2312-C-4000,180.8,0.0,0.0,0.0,1,178.4,180.8,6,187.0,180.8,180.8,180.8,1.0,18080.0,214
2023-05-10 09:50:21,IO2312-C-4000,IO2312-C-4000,180.8,0.0,0.0,0.0,1,178.4,181.0,6,187.0,180.8,180.8,180.8,1.0,18080.0,214
