time,symbol_id,symbol_name,last,trade_volume,trade_amount,open_interest_change,bv1,bp1,ap1,av1,yesterday_close,today_open,today_high,today_low,volume,amount,open_interest
2023-05-10 09:29:00,IO2312-P-4000,IO2312-P-4000,156.0,0.0,0.0,0.0,1,161.4,206.8,1,156.0,182.8,0.0,0.0,0.0,0.0,288
2023-05-10 09:30:00,IO2312-P-4000,IO2312-P-4000,156.0,0.0,0.0,0.0,1,161.4,206.6,6,156.0,182.8,0.0,0.0,0.0,0.0,288
2023-05-10 09:30:01,IO2312-P-4000,IO2312-P-4000,156.0,0.0,0.0,0.0,1,161.4,203.8,1,156.0,182.8,0.0,0.0,0.0,0.0,288
2023-05-10 09:30:01,IO2312-P-4000,IO2312-P-4000,156.0,0.0,0.0,0.0,1,161.4,203.6,6,156.0,182.8,0.0,0.0,0.0,0.0,288
2023-05-10 09:30:03,IO2312-P-4000,IO2312-P-4000,156.0,0.0,0.0,0.0,1,161.4,204.6,6,156.0,182.8,0.0,0.0,0.0,0.0,288
2023-05-10 09:30:05,IO2312-P-4000,IO2312-P-4000,156.0,0.0,0.0,0.0,1,161.4,204.6,7,156.0,182.8,0.0,0.0,0.0,0.0,288
2023-05-10 09:30:06,IO2312-P-4000,IO2312-P-4000,156.0,0.0,0.0,0.0,1,161.4,204.4,6,156.0,182.8,0.0,0.0,0.0,0.0,288
2023-05-10 09:30:06,IO2312-P-4000,IO2312-P-4000,156.0,0.0,0.0,0.0,1,161.4,203.8,1,156.0,182.8,0.0,0.0,0.0,0.0,288
2023-05-10 09:30:07,IO2312-P-4000,IO2312-P-4000,156.0,0.0,0.0,0.0,1,161.4,203.6,6,156.0,182.8,0.0,0.0,0.0,0.0,288
2023-05-10 09:30:12,IO2312-P-4000,IO2312-P-4000,156.0,0.0,0.0,0.0,3,161.6,203.4,3,156.0,182.8,0.0,0.0,0.0,0.0,288
2023-05-10 09:30:13,IO2312-P-4000,IO2312-P-4000,156.0,0.0,0.0,0.0,3,161.6,203.2,6,156.0,182.8,0.0,0.0,0.0,0.0,288
2023-05-10 09:30:13,IO2312-P-4000,IO2312-P-4000,156.0,0.0,0.0,0.0,3,161.6,203.0,3,156.0,182.8,0.0,0.0,0.0,0.0,288
2023-05-10 09:30:14,IO2312-P-4000,IO2312-P-4000,156.0,0.0,0.0,0.0,3,161.6,202.8,6,156.0,182.8,0.0,0.0,0.0,0.0,288
2023-05-10 09:30:14,IO2312-P-4000,IO2312-P-4000,156.0,0.0,0.0,0.0,3,161.6,202.6,3,156.0,182.8,0.0,0.0,0.0,0.0,288
2023-05-10 09:30:15,IO2312-P-4000,IO2312-P-4000,156.0,0.0,0.0,0.0,3,161.6,202.4,6,156.0,182.8,0.0,0.0,0.0,0.0,288
2023-05-10 09:30:15,IO2312-P-4000,IO2312-P-4000,156.0,0.0,0.0,0.0,3,161.6,202.2,3,156.0,182.8,0.0,0.0,0.0,0.0,288
2023-05-10 09:30:16,IO2312-P-4000,IO2312-P-4000,156.0,0.0,0.0,0.0,6,161.8,202.0,6,156.0,182.8,0.0,0.0,0.0,0.0,288
2023-05-10 09:30:16,IO2312-P-4000,IO2312-P-4000,156.0,0.0,0.0,0.0,3,162.0,201.8,3,156.0,182.8,0.0,0.0,0.0,0.0,288
2023-05-10 09:30:17,IO2312-P-4000,IO2312-P-4000,156.0,0.0,0.0,0.0,6,162.2,201.6,6,156.0,182.8,0.0,0.0,0.0,0.0,288
2023-05-10 09:30:17,IO2312-P-4000,IO2312-P-4000,156.0,0.0,0.0,0.0,3,162.4,201.4,3,156.0,182.8,0.0,0.0,0.0,0.0,288
2023-05-10 09:30:18,IO2312-P-4000,IO2312-P-4000,156.0,0.0,0.0,0.0,6,162.6,201.2,6,156.0,182.8,0.0,0.0,0.0,0.0,288
2023-05-10 09:30:18,IO2312-P-4000,IO2312-P-4000,156.0,0.0,0.0,0.0,3,162.8,201.0,3,156.0,182.8,0.0,0.0,0.0,0.0,288
2023-05-10 09:30:19,IO2312-P-4000,IO2312-P-4000,156.0,0.0,0.0,0.0,3,162.8,200.8,6,156.0,182.8,0.0,0.0,0.0,0.0,288
2023-05-10 09:30:19,IO2312-P-4000,IO2312-P-4000,156.0,0.0,0.0,0.0,3,162.8,200.6,3,156.0,182.8,0.0,0.0,0.0,0.0,288
2023-05-10 09:30:20,IO2312-P-4000,IO2312-P-4000,156.0,0.0,0.0,0.0,3,162.8,200.4,6,156.0,182.8,0.0,0.0,0.0,0.0,288
2023-05-10 09:30:20,IO2312-P-4000,IO2312-P-4000,156.0,0.0,0.0,0.0,3,162.8,200.2,3,156.0,182.8,0.0,0.0,0.0,0.0,288
2023-05-10 09:30:21,IO2312-P-4000,IO2312-P-4000,156.0,0.0,0.0,0.0,6,163.0,200.2,3,156.0,182.8,0.0,0.0,0.0,0.0,288
2023-05-10 09:30:21,IO2312-P-4000,IO2312-P-4000,156.0,0.0,0.0,0.0,3,163.2,200.2,3,156.0,182.8,0.0,0.0,0.0,0.0,288
2023-05-10 09:30:22,IO2312-P-4000,IO2312-P-4000,156.0,0.0,0.0,0.0,6,178.2,189.0,6,156.0,182.8,0.0,0.0,0.0,0.0,288
2023-05-10 09:30:22,IO2312-P-4000,IO2312-P-4000,156.0,0.0,0.0,0.0,6,174.0,188.8,15,156.0,182.8,0.0,0.0,0.0,0.0,288
2023-05-10 09:30:23,IO2312-P-4000,IO2312-P-4000,156.0,0.0,0.0,0.0,3,174.2,188.8,9,156.0,182.8,0.0,0.0,0.0,0.0,288
2023-05-10 09:30:23,IO2312-P-4000,IO2312-P-4000,156.0,0.0,0.0,0.0,3,174.2,188.8,3,156.0,182.8,0.0,0.0,0.0,0.0,288
2023-05-10 09:30:24,IO2312-P-4000,IO2312-P-4000,156.0,0.0,0.0,0.0,3,174.2,188.6,6,156.0,182.8,0.0,0.0,0.0,0.0,288
2023-05-10 09:30:24,IO2312-P-4000,IO2312-P-4000,156.0,0.0,0.0,0.0,3,174.2,188.4,3,156.0,182.8,0.0,0.0,0.0,0.0,288
2023-05-10 09:30:25,IO2312-P-4000,IO2312-P-4000,156.0,0.0,0.0,0.0,3,174.2,188.2,6,156.0,182.8,0.0,0.0,0.0,0.0,288
2023-05-10 09:30:25,IO2312-P-4000,IO2312-P-4000,156.0,0.0,0.0,0.0,6,177.4,187.8,6,156.0,182.8,0.0,0.0,0.0,0.0,288
2023-05-10 09:30:26,IO2312-P-4000,IO2312-P-4000,156.0,0.0,0.0,0.0,12,177.4,187.6,3,156.0,182.8,0.0,0.0,0.0,0.0,288
2023-05-10 09:30:26,IO2312-P-4000,IO2312-P-4000,156.0,0.0,0.0,0.0,6,177.4,187.6,3,156.0,182.8,0.0,0.0,0.0,0.0,288
2023-05-10 09:30:27,IO2312-P-4000,IO2312-P-4000,156.0,0.0,0.0,0.0,6,173.6,187.6,9,156.0,182.8,0.0,0.0,0.0,0.0,288
2023-05-10 09:30:27,IO2312-P-4000,IO2312-P-4000,156.0,0.0,0.0,0.0,3,173.8,187.6,6,156.0,182.8,0.0,0.0,0.0,0.0,288
2023-05-10 09:30:28,IO2312-P-4000,IO2312-P-4000,156.0,0.0,0.0,0.0,9,173.8,187.8,6,156.0,182.8,0.0,0.0,0.0,0.0,288
2023-05-10 09:30:28,IO2312-P-4000,IO2312-P-4000,156.0,0.0,0.0,0.0,9,173.8,187.6,6,156.0,182.8,0.0,0.0,0.0,0.0,288
2023-05-10 09:30:29,IO2312-P-4000,IO2312-P-4000,156.0,0.0,0.0,0.0,6,174.0,187.6,6,156.0,182.8,0.0,0.0,0.0,0.0,288
2023-05-10 09:30:30,IO2312-P-4000,IO2312-P-4000,156.0,0.0,0.0,0.0,3,174.2,187.6,6,156.0,182.8,0.0,0.0,0.0,0.0,288
2023-05-10 09:30:30,IO2312-P-4000,IO2312-P-4000,156.0,0.0,0.0,0.0,3,174.4,187.4,3,156.0,182.8,0.0,0.0,0.0,0.0,288
2023-05-10 09:30:31,IO2312-P-4000,IO2312-P-4000,156.0,0.0,0.0,0.0,3,174.6,187.2,6,156.0,182.8,0.0,0.0,0.0,0.0,288
2023-05-10 09:30:32,IO2312-P-4000,IO2312-P-4000,156.0,0.0,0.0,0.0,3,174.8,187.0,3,156.0,182.8,0.0,0.0,0.0,0.0,288
2023-05-10 09:30:32,IO2312-P-4000,IO2312-P-4000,156.0,0.0,0.0,0.0,3,175.0,187.0,3,156.0,182.8,0.0,0.0,0.0,0.0,288
2023-05-10 09:30:33,IO2312-P-4000,IO2312-P-4000,156.0,0.0,0.0,0.0,9,175.0,187.0,3,156.0,182.8,0.0,0.0,0.0,0.0,288
2023-05-10 09:30:34,IO2312-P-4000,IO2312-P-4000,156.0,0.0,0.0,0.0,6,177.8,187.0,3,156.0,182.8,0.0,0.0,0.0,0.0,288
2023-05-10 09:30:34,IO2312-P-4000,IO2312-P-4000,156.0,0.0,0.0,0.0,12,177.8,187.4,6,156.0,182.8,0.0,0.0,0.0,0.0,288
2023-05-10 09:30:49,IO2312-P-4000,IO2312-P-4000,156.0,0.0,0.0,0.0,2,178.0,187.4,6,156.0,182.8,0.0,0.0,0.0,0.0,288
2023-05-10 09:30:50,IO2312-P-4000,IO2312-P-4000,156.0,0.0,0.0,0.0,8,178.0,187.8,18,156.0,182.8,0.0,0.0,0.0,0.0,288
2023-05-10 09:30:50,IO2312-P-4000,IO2312-P-4000,156.0,0.0,0.0,0.0,8,178.0,187.8,12,156.0,182.8,0.0,0.0,0.0,0.0,288
2023-05-10 09:30:51,IO2312-P-4000,IO2312-P-4000,156.0,0.0,0.0,0.0,8,178.0,187.8,6,156.0,182.8,0.0,0.0,0.0,0.0,288
2023-05-10 09:30:57,IO2312-P-4000,IO2312-P-4000,156.0,0.0,0.0,0.0,6,179.4,187.8,6,156.0,182.8,0.0,0.0,0.0,0.0,288
2023-05-10 09:30:57,IO2312-P-4000,IO2312-P-4000,156.0,0.0,0.0,0.0,2,179.6,187.8,6,156.0,182.8,0.0,0.0,0.0,0.0,288
2023-05-10 09:31:02,IO2312-P-4000,IO2312-P-4000,156.0,0.0,0.0,0.0,6,181.0,187.8,6,156.0,182.8,0.0,0.0,0.0,0.0,288
2023-05-10 09:31:03,IO2312-P-4000,IO2312-P-4000,156.0,0.0,0.0,0.0,2,181.2,187.8,6,156.0,182.8,0.0,0.0,0.0,0.0,288
2023-05-10 09:31:09,IO2312-P-4000,IO2312-P-4000,156.0,0.0,0.0,0.0,6,182.4,187.8,6,156.0,182.8,0.0,0.0,0.0,0.0,288
2023-05-10 09:31:10,IO2312-P-4000,IO2312-P-4000,156.0,0.0,0.0,0.0,8,182.6,187.8,6,156.0,182.8,0.0,0.0,0.0,0.0,288
2023-05-10 09:31:16,IO2312-P-4000,IO2312-P-4000,156.0,0.0,0.0,0.0,6,182.6,187.8,6,156.0,182.8,0.0,0.0,0.0,0.0,288
2023-05-10 09:31:17,IO2312-P-4000,IO2312-P-4000,156.0,0.0,0.0,0.0,2,182.8,187.8,6,156.0,182.8,0.0,0.0,0.0,0.0,288
2023-05-10 09:31:20,IO2312-P-4000,IO2312-P-4000,156.0,0.0,0.0,0.0,2,182.8,188.6,18,156.0,182.8,0.0,0.0,0.0,0.0,288
2023-05-10 09:31:20,IO2312-P-4000,IO2312-P-4000,156.0,0.0,0.0,0.0,2,182.8,188.6,12,156.0,182.8,0.0,0.0,0.0,0.0,288
2023-05-10 09:31:21,IO2312-P-4000,IO2312-P-4000,156.0,0.0,0.0,0.0,2,182.8,188.6,6,156.0,182.8,0.0,0.0,0.0,0.0,288
2023-05-10 09:31:23,IO2312-P-4000,IO2312-P-4000,156.0,0.0,0.0,0.0,2,182.8,188.8,18,156.0,182.8,0.0,0.0,0.0,0.0,288
2023-05-10 09:31:23,IO2312-P-4000,IO2312-P-4000,156.0,0.0,0.0,0.0,2,182.8,188.8,12,156.0,182.8,0.0,0.0,0.0,0.0,288
2023-05-10 09:31:24,IO2312-P-4000,IO2312-P-4000,156.0,0.0,0.0,0.0,2,182.8,188.8,6,156.0,182.8,0.0,0.0,0.0,0.0,288
2023-05-10 09:31:30,IO2312-P-4000,IO2312-P-4000,156.0,0.0,0.0,0.0,6,183.2,188.8,6,156.0,182.8,0.0,0.0,0.0,0.0,288
2023-05-10 09:31:30,IO2312-P-4000,IO2312-P-4000,156.0,0.0,0.0,0.0,2,183.4,188.8,6,156.0,182.8,0.0,0.0,0.0,0.0,288
2023-05-10 09:31:31,IO2312-P-4000,IO2312-P-4000,156.0,0.0,0.0,0.0,8,183.4,188.8,6,156.0,182.8,0.0,0.0,0.0,0.0,288
2023-05-10 09:31:32,IO2312-P-4000,IO2312-P-4000,156.0,0.0,0.0,0.0,8,183.4,188.8,7,156.0,182.8,0.0,0.0,0.0,0.0,288
2023-05-10 09:31:45,IO2312-P-4000,IO2312-P-4000,156.0,0.0,0.0,0.0,14,183.2,188.8,7,156.0,182.8,0.0,0.0,0.0,0.0,288
2023-05-10 09:31:47,IO2312-P-4000,IO2312-P-4000,156.0,0.0,0.0,0.0,12,183.2,188.8,6,156.0,182.8,0.0,0.0,0.0,0.0,288
2023-05-10 09:31:48,IO2312-P-4000,IO2312-P-4000,156.0,0.0,0.0,0.0,6,183.2,188.8,9,156.0,182.8,0.0,0.0,0.0,0.0,288
2023-05-10 09:31:48,IO2312-P-4000,IO2312-P-4000,156.0,0.0,0.0,0.0,8,183.2,188.8,9,156.0,182.8,0.0,0.0,0.0,0.0,288
2023-05-10 09:31:49,IO2312-P-4000,IO2312-P-4000,156.0,0.0,0.0,0.0,8,182.8,188.8,9,156.0,182.8,0.0,0.0,0.0,0.0,288
2023-05-10 09:31:50,IO2312-P-4000,IO2312-P-4000,156.0,0.0,0.0,0.0,2,182.8,188.8,9,156.0,182.8,0.0,0.0,0.0,0.0,288
2023-05-10 09:31:51,IO2312-P-4000,IO2312-P-4000,156.0,0.0,0.0,0.0,18,182.6,188.8,9,156.0,182.8,0.0,0.0,0.0,0.0,288
2023-05-10 09:31:52,IO2312-P-4000,IO2312-P-4000,156.0,0.0,0.0,0.0,12,182.6,188.8,9,156.0,182.8,0.0,0.0,0.0,0.0,288
2023-05-10 09:31:52,IO2312-P-4000,IO2312-P-4000,156.0,0.0,0.0,0.0,6,182.6,188.8,9,156.0,182.8,0.0,0.0,0.0,0.0,288
2023-05-10 09:32:07,IO2312-P-4000,IO2312-P-4000,156.0,0.0,0.0,0.0,8,182.6,188.8,9,156.0,182.8,0.0,0.0,0.0,0.0,288
2023-05-10 09:32:07,IO2312-P-4000,IO2312-P-4000,156.0,0.0,0.0,0.0,11,182.6,188.8,9,156.0,182.8,0.0,0.0,0.0,0.0,288
2023-05-10 09:32:08,IO2312-P-4000,IO2312-P-4000,156.0,0.0,0.0,0.0,9,182.6,188.8,9,156.0,182.8,0.0,0.0,0.0,0.0,288
2023-05-10 09:32:09,IO2312-P-4000,IO2312-P-4000,156.0,0.0,0.0,0.0,6,182.6,188.8,9,156.0,182.8,0.0,0.0,0.0,0.0,288
2023-05-10 09:32:12,IO2312-P-4000,IO2312-P-4000,156.0,0.0,0.0,0.0,8,182.6,188.8,9,156.0,182.8,0.0,0.0,0.0,0.0,288
2023-05-10 09:32:12,IO2312-P-4000,IO2312-P-4000,156.0,0.0,0.0,0.0,6,182.6,188.8,9,156.0,182.8,0.0,0.0,0.0,0.0,288
2023-05-10 09:32:19,IO2312-P-4000,IO2312-P-4000,156.0,0.0,0.0,0.0,6,182.6,188.6,3,156.0,182.8,0.0,0.0,0.0,0.0,288
2023-05-10 09:32:20,IO2312-P-4000,IO2312-P-4000,156.0,0.0,0.0,0.0,6,182.6,188.8,9,156.0,182.8,0.0,0.0,0.0,0.0,288
2023-05-10 09:32:20,IO2312-P-4000,IO2312-P-4000,156.0,0.0,0.0,0.0,6,182.6,188.8,12,156.0,182.8,0.0,0.0,0.0,0.0,288
2023-05-10 09:32:21,IO2312-P-4000,IO2312-P-4000,156.0,0.0,0.0,0.0,6,182.6,188.8,9,156.0,182.8,0.0,0.0,0.0,0.0,288
2023-05-10 09:32:23,IO2312-P-4000,IO2312-P-4000,156.0,0.0,0.0,0.0,6,182.6,188.6,3,156.0,182.8,0.0,0.0,0.0,0.0,288
2023-05-10 09:32:25,IO2312-P-4000,IO2312-P-4000,156.0,0.0,0.0,0.0,6,182.6,188.8,9,156.0,182.8,0.0,0.0,0.0,0.0,288
2023-05-10 09:32:30,IO2312-P-4000,IO2312-P-4000,156.0,0.0,0.0,0.0,6,182.6,188.6,3,156.0,182.8,0.0,0.0,0.0,0.0,288
2023-05-10 09:32:30,IO2312-P-4000,IO2312-P-4000,156.0,0.0,0.0,0.0,6,182.6,188.8,9,156.0,182.8,0.0,0.0,0.0,0.0,288
2023-05-10 09:32:31,IO2312-P-4000,IO2312-P-4000,156.0,0.0,0.0,0.0,6,182.6,188.8,12,156.0,182.8,0.0,0.0,0.0,0.0,288
2023-05-10 09:32:32,IO2312-P-4000,IO2312-P-4000,156.0,0.0,0.0,0.0,6,182.6,188.8,9,156.0,182.8,0.0,0.0,0.0,0.0,288
2023-05-10 09:32:33,IO2312-P-4000,IO2312-P-4000,156.0,0.0,0.0,0.0,9,182.6,188.8,9,156.0,182.8,0.0,0.0,0.0,0.0,288
2023-05-10 09:32:34,IO2312-P-4000,IO2312-P-4000,156.0,0.0,0.0,0.0,6,182.6,188.8,9,156.0,182.8,0.0,0.0,0.0,0.0,288
2023-05-10 09:32:36,IO2312-P-4000,IO2312-P-4000,156.0,0.0,0.0,0.0,9,182.6,188.8,9,156.0,182.8,0.0,0.0,0.0,0.0,288
2023-05-10 09:32:37,IO2312-P-4000,IO2312-P-4000,156.0,0.0,0.0,0.0,6,182.6,188.8,9,156.0,182.8,0.0,0.0,0.0,0.0,288
2023-05-10 09:32:39,IO2312-P-4000,IO2312-P-4000,156.0,0.0,0.0,0.0,6,182.6,188.8,12,156.0,182.8,0.0,0.0,0.0,0.0,288
2023-05-10 09:32:40,IO2312-P-4000,IO2312-P-4000,156.0,0.0,0.0,0.0,6,182.6,188.8,9,156.0,182.8,0.0,0.0,0.0,0.0,288
2023-05-10 09:32:45,IO2312-P-4000,IO2312-P-4000,156.0,0.0,0.0,0.0,9,182.6,188.8,9,156.0,182.8,0.0,0.0,0.0,0.0,288
2023-05-10 09:32:48,IO2312-P-4000,IO2312-P-4000,156.0,0.0,0.0,0.0,6,182.6,188.8,9,156.0,182.8,0.0,0.0,0.0,0.0,288
2023-05-10 09:32:49,IO2312-P-4000,IO2312-P-4000,156.0,0.0,0.0,0.0,9,182.6,188.8,9,156.0,182.8,0.0,0.0,0.0,0.0,288
2023-05-10 09:32:50,IO2312-P-4000,IO2312-P-4000,156.0,0.0,0.0,0.0,6,182.6,188.8,9,156.0,182.8,0.0,0.0,0.0,0.0,288
2023-05-10 09:32:54,IO2312-P-4000,IO2312-P-4000,156.0,0.0,0.0,0.0,6,182.6,186.4,1,156.0,182.8,0.0,0.0,0.0,0.0,288
2023-05-10 09:33:05,IO2312-P-4000,IO2312-P-4000,156.0,0.0,0.0,0.0,6,182.2,186.4,1,156.0,182.8,0.0,0.0,0.0,0.0,288
2023-05-10 09:33:07,IO2312-P-4000,IO2312-P-4000,156.0,0.0,0.0,0.0,9,182.2,186.4,1,156.0,182.8,0.0,0.0,0.0,0.0,288
2023-05-10 09:33:08,IO2312-P-4000,IO2312-P-4000,156.0,0.0,0.0,0.0,9,182.2,186.6,3,156.0,182.8,0.0,0.0,0.0,0.0,288
2023-05-10 09:33:08,IO2312-P-4000,IO2312-P-4000,156.0,0.0,0.0,0.0,9,182.2,186.8,1,156.0,182.8,0.0,0.0,0.0,0.0,288
2023-05-10 09:33:12,IO2312-P-4000,IO2312-P-4000,156.0,0.0,0.0,0.0,6,182.2,186.8,1,156.0,182.8,0.0,0.0,0.0,0.0,288
2023-05-10 09:33:17,IO2312-P-4000,IO2312-P-4000,156.0,0.0,0.0,0.0,12,182.0,186.8,1,156.0,182.8,0.0,0.0,0.0,0.0,288
2023-05-10 09:33:17,IO2312-P-4000,IO2312-P-4000,156.0,0.0,0.0,0.0,12,181.8,186.8,1,156.0,182.8,0.0,0.0,0.0,0.0,288
2023-05-10 09:33:18,IO2312-P-4000,IO2312-P-4000,156.0,0.0,0.0,0.0,30,181.4,186.8,1,156.0,182.8,0.0,0.0,0.0,0.0,288
2023-05-10 09:33:18,IO2312-P-4000,IO2312-P-4000,156.0,0.0,0.0,0.0,24,181.4,186.8,1,156.0,182.8,0.0,0.0,0.0,0.0,288
2023-05-10 09:33:20,IO2312-P-4000,IO2312-P-4000,156.0,0.0,0.0,0.0,18,181.4,186.8,1,156.0,182.8,0.0,0.0,0.0,0.0,288
2023-05-10 09:33:20,IO2312-P-4000,IO2312-P-4000,156.0,0.0,0.0,0.0,6,181.4,186.6,2,156.0,182.8,0.0,0.0,0.0,0.0,288
2023-05-10 09:33:21,IO2312-P-4000,IO2312-P-4000,156.0,0.0,0.0,0.0,12,181.2,186.6,2,156.0,182.8,0.0,0.0,0.0,0.0,288
2023-05-10 09:33:21,IO2312-P-4000,IO2312-P-4000,156.0,0.0,0.0,0.0,18,181.0,184.6,1,156.0,182.8,0.0,0.0,0.0,0.0,288
2023-05-10 09:33:22,IO2312-P-4000,IO2312-P-4000,156.0,0.0,0.0,0.0,6,181.0,184.6,1,156.0,182.8,0.0,0.0,0.0,0.0,288
2023-05-10 09:33:22,IO2312-P-4000,IO2312-P-4000,156.0,0.0,0.0,0.0,6,181.2,184.6,1,156.0,182.8,0.0,0.0,0.0,0.0,288
2023-05-10 09:33:25,IO2312-P-4000,IO2312-P-4000,156.0,0.0,0.0,0.0,6,181.0,184.6,1,156.0,182.8,0.0,0.0,0.0,0.0,288
2023-05-10 09:33:29,IO2312-P-4000,IO2312-P-4000,156.0,0.0,0.0,0.0,18,180.8,184.6,1,156.0,182.8,0.0,0.0,0.0,0.0,288
2023-05-10 09:33:29,IO2312-P-4000,IO2312-P-4000,156.0,0.0,0.0,0.0,12,180.8,184.6,1,156.0,182.8,0.0,0.0,0.0,0.0,288
2023-05-10 09:33:30,IO2312-P-4000,IO2312-P-4000,156.0,0.0,0.0,0.0,6,180.8,184.6,1,156.0,182.8,0.0,0.0,0.0,0.0,288
2023-05-10 09:33:34,IO2312-P-4000,IO2312-P-4000,156.0,0.0,0.0,0.0,9,180.8,184.6,1,156.0,182.8,0.0,0.0,0.0,0.0,288
2023-05-10 09:33:36,IO2312-P-4000,IO2312-P-4000,156.0,0.0,0.0,0.0,9,180.8,184.4,6,156.0,182.8,0.0,0.0,0.0,0.0,288
2023-05-10 09:33:36,IO2312-P-4000,IO2312-P-4000,156.0,0.0,0.0,0.0,6,181.0,184.0,1,156.0,182.8,0.0,0.0,0.0,0.0,288
2023-05-10 09:33:37,IO2312-P-4000,IO2312-P-4000,156.0,0.0,0.0,0.0,9,180.8,184.0,1,156.0,182.8,0.0,0.0,0.0,0.0,288
2023-05-10 09:33:38,IO2312-P-4000,IO2312-P-4000,156.0,0.0,0.0,0.0,9,180.8,184.4,6,156.0,182.8,0.0,0.0,0.0,0.0,288
2023-05-10 09:33:39,IO2312-P-4000,IO2312-P-4000,156.0,0.0,0.0,0.0,11,180.8,184.2,1,156.0,182.8,0.0,0.0,0.0,0.0,288
2023-05-10 09:33:40,IO2312-P-4000,IO2312-P-4000,156.0,0.0,0.0,0.0,11,180.8,184.4,6,156.0,182.8,0.0,0.0,0.0,0.0,288
2023-05-10 09:33:41,IO2312-P-4000,IO2312-P-4000,156.0,0.0,0.0,0.0,17,180.8,184.8,7,156.0,182.8,0.0,0.0,0.0,0.0,288
2023-05-10 09:33:43,IO2312-P-4000,IO2312-P-4000,156.0,0.0,0.0,0.0,6,181.0,184.8,7,156.0,182.8,0.0,0.0,0.0,0.0,288
2023-05-10 09:33:43,IO2312-P-4000,IO2312-P-4000,156.0,0.0,0.0,0.0,2,181.2,184.8,7,156.0,182.8,0.0,0.0,0.0,0.0,288
2023-05-10 09:33:46,IO2312-P-4000,IO2312-P-4000,156.0,0.0,0.0,0.0,2,181.2,184.4,1,156.0,182.8,0.0,0.0,0.0,0.0,288
2023-05-10 09:33:47,IO2312-P-4000,IO2312-P-4000,156.0,0.0,0.0,0.0,2,181.2,184.8,6,156.0,182.8,0.0,0.0,0.0,0.0,288
2023-05-10 09:33:47,IO2312-P-4000,IO2312-P-4000,156.0,0.0,0.0,0.0,2,181.2,185.0,6,156.0,182.8,0.0,0.0,0.0,0.0,288
2023-05-10 09:33:49,IO2312-P-4000,IO2312-P-4000,156.0,0.0,0.0,0.0,2,181.0,185.0,6,156.0,182.8,0.0,0.0,0.0,0.0,288
2023-05-10 09:33:54,IO2312-P-4000,IO2312-P-4000,156.0,0.0,0.0,0.0,5,180.8,184.8,1,156.0,182.8,0.0,0.0,0.0,0.0,288
2023-05-10 09:33:54,IO2312-P-4000,IO2312-P-4000,156.0,0.0,0.0,0.0,26,180.6,184.6,6,156.0,182.8,0.0,0.0,0.0,0.0,288
2023-05-10 09:33:55,IO2312-P-4000,IO2312-P-4000,156.0,0.0,0.0,0.0,14,180.6,184.6,6,156.0,182.8,0.0,0.0,0.0,0.0,288
2023-05-10 09:33:55,IO2312-P-4000,IO2312-P-4000,156.0,0.0,0.0,0.0,11,180.6,184.6,6,156.0,182.8,0.0,0.0,0.0,0.0,288
2023-05-10 09:33:56,IO2312-P-4000,IO2312-P-4000,156.0,0.0,0.0,0.0,5,180.6,184.6,6,156.0,182.8,0.0,0.0,0.0,0.0,288
2023-05-10 09:33:56,IO2312-P-4000,IO2312-P-4000,156.0,0.0,0.0,0.0,2,180.6,184.6,6,156.0,182.8,0.0,0.0,0.0,0.0,288
2023-05-10 09:34:01,IO2312-P-4000,IO2312-P-4000,156.0,0.0,0.0,0.0,2,180.6,185.0,6,156.0,182.8,0.0,0.0,0.0,0.0,288
2023-05-10 09:34:03,IO2312-P-4000,IO2312-P-4000,156.0,0.0,0.0,0.0,6,180.8,185.2,27,156.0,182.8,0.0,0.0,0.0,0.0,288
2023-05-10 09:34:04,IO2312-P-4000,IO2312-P-4000,156.0,0.0,0.0,0.0,2,181.0,185.2,15,156.0,182.8,0.0,0.0,0.0,0.0,288
2023-05-10 09:34:04,IO2312-P-4000,IO2312-P-4000,156.0,0.0,0.0,0.0,8,181.0,185.0,6,156.0,182.8,0.0,0.0,0.0,0.0,288
2023-05-10 09:34:05,IO2312-P-4000,IO2312-P-4000,156.0,0.0,0.0,0.0,12,181.2,185.4,12,156.0,182.8,0.0,0.0,0.0,0.0,288
2023-05-10 09:34:05,IO2312-P-4000,IO2312-P-4000,156.0,0.0,0.0,0.0,14,181.4,185.6,30,156.0,182.8,0.0,0.0,0.0,0.0,288
2023-05-10 09:34:06,IO2312-P-4000,IO2312-P-4000,156.0,0.0,0.0,0.0,14,181.4,185.4,6,156.0,182.8,0.0,0.0,0.0,0.0,288
2023-05-10 09:34:07,IO2312-P-4000,IO2312-P-4000,156.0,0.0,0.0,0.0,8,181.4,185.4,6,156.0,182.8,0.0,0.0,0.0,0.0,288
2023-05-10 09:34:08,IO2312-P-4000,IO2312-P-4000,156.0,0.0,0.0,0.0,2,181.4,185.4,6,156.0,182.8,0.0,0.0,0.0,0.0,288
2023-05-10 09:34:09,IO2312-P-4000,IO2312-P-4000,156.0,0.0,0.0,0.0,11,181.2,185.4,6,156.0,182.8,0.0,0.0,0.0,0.0,288
2023-05-10 09:34:15,IO2312-P-4000,IO2312-P-4000,156.0,0.0,0.0,0.0,12,181.4,185.4,6,156.0,182.8,0.0,0.0,0.0,0.0,288
2023-05-10 09:34:16,IO2312-P-4000,IO2312-P-4000,156.0,0.0,0.0,0.0,2,181.6,185.4,6,156.0,182.8,0.0,0.0,0.0,0.0,288
2023-05-10 09:34:21,IO2312-P-4000,IO2312-P-4000,156.0,0.0,0.0,0.0,2,181.6,185.6,6,156.0,182.8,0.0,0.0,0.0,0.0,288
2023-05-10 09:34:23,IO2312-P-4000,IO2312-P-4000,156.0,0.0,0.0,0.0,2,181.6,185.6,9,156.0,182.8,0.0,0.0,0.0,0.0,288
2023-05-10 09:34:23,IO2312-P-4000,IO2312-P-4000,156.0,0.0,0.0,0.0,2,181.6,185.4,6,156.0,182.8,0.0,0.0,0.0,0.0,288
2023-05-10 09:34:28,IO2312-P-4000,IO2312-P-4000,156.0,0.0,0.0,0.0,2,181.6,185.6,6,156.0,182.8,0.0,0.0,0.0,0.0,288
2023-05-10 09:34:28,IO2312-P-4000,IO2312-P-4000,156.0,0.0,0.0,0.0,8,181.6,185.6,9,156.0,182.8,0.0,0.0,0.0,0.0,288
2023-05-10 09:34:29,IO2312-P-4000,IO2312-P-4000,156.0,0.0,0.0,0.0,6,181.8,185.6,3,156.0,182.8,0.0,0.0,0.0,0.0,288
2023-05-10 09:34:29,IO2312-P-4000,IO2312-P-4000,156.0,0.0,0.0,0.0,2,182.0,185.8,12,156.0,182.8,0.0,0.0,0.0,0.0,288
2023-05-10 09:34:30,IO2312-P-4000,IO2312-P-4000,156.0,0.0,0.0,0.0,2,182.0,185.8,6,156.0,182.8,0.0,0.0,0.0,0.0,288
2023-05-10 09:34:30,IO2312-P-4000,IO2312-P-4000,156.0,0.0,0.0,0.0,2,182.0,185.8,9,156.0,182.8,0.0,0.0,0.0,0.0,288
2023-05-10 09:34:32,IO2312-P-4000,IO2312-P-4000,156.0,0.0,0.0,0.0,2,182.0,185.8,6,156.0,182.8,0.0,0.0,0.0,0.0,288
2023-05-10 09:34:33,IO2312-P-4000,IO2312-P-4000,156.0,0.0,0.0,0.0,6,182.2,186.0,6,156.0,182.8,0.0,0.0,0.0,0.0,288
2023-05-10 09:34:33,IO2312-P-4000,IO2312-P-4000,156.0,0.0,0.0,0.0,2,182.4,186.2,25,156.0,182.8,0.0,0.0,0.0,0.0,288
2023-05-10 09:34:34,IO2312-P-4000,IO2312-P-4000,156.0,0.0,0.0,0.0,8,182.4,186.2,13,156.0,182.8,0.0,0.0,0.0,0.0,288
2023-05-10 09:34:34,IO2312-P-4000,IO2312-P-4000,156.0,0.0,0.0,0.0,8,182.4,186.2,7,156.0,182.8,0.0,0.0,0.0,0.0,288
2023-05-10 09:34:35,IO2312-P-4000,IO2312-P-4000,156.0,0.0,0.0,0.0,8,182.4,186.2,1,156.0,182.8,0.0,0.0,0.0,0.0,288
2023-05-10 09:34:37,IO2312-P-4000,IO2312-P-4000,156.0,0.0,0.0,0.0,8,182.4,186.4,22,156.0,182.8,0.0,0.0,0.0,0.0,288
2023-05-10 09:34:37,IO2312-P-4000,IO2312-P-4000,156.0,0.0,0.0,0.0,6,182.4,186.0,1,156.0,182.8,0.0,0.0,0.0,0.0,288
2023-05-10 09:34:38,IO2312-P-4000,IO2312-P-4000,156.0,0.0,0.0,0.0,6,182.4,186.2,1,156.0,182.8,0.0,0.0,0.0,0.0,288
2023-05-10 09:34:40,IO2312-P-4000,IO2312-P-4000,156.0,0.0,0.0,0.0,6,182.4,186.4,21,156.0,182.8,0.0,0.0,0.0,0.0,288
2023-05-10 09:34:42,IO2312-P-4000,IO2312-P-4000,156.0,0.0,0.0,0.0,6,182.4,186.4,22,156.0,182.8,0.0,0.0,0.0,0.0,288
2023-05-10 09:34:44,IO2312-P-4000,IO2312-P-4000,156.0,0.0,0.0,0.0,6,182.4,186.4,21,156.0,182.8,0.0,0.0,0.0,0.0,288
2023-05-10 09:34:45,IO2312-P-4000,IO2312-P-4000,156.0,0.0,0.0,0.0,2,182.6,186.4,21,156.0,182.8,0.0,0.0,0.0,0.0,288
2023-05-10 09:34:49,IO2312-P-4000,IO2312-P-4000,156.0,0.0,0.0,0.0,8,182.4,186.4,21,156.0,182.8,0.0,0.0,0.0,0.0,288
2023-05-10 09:34:51,IO2312-P-4000,IO2312-P-4000,156.0,0.0,0.0,0.0,27,182.2,186.2,7,156.0,182.8,0.0,0.0,0.0,0.0,288
2023-05-10 09:34:52,IO2312-P-4000,IO2312-P-4000,156.0,0.0,0.0,0.0,18,182.2,186.0,6,156.0,182.8,0.0,0.0,0.0,0.0,288
2023-05-10 09:34:52,IO2312-P-4000,IO2312-P-4000,156.0,0.0,0.0,0.0,12,182.2,186.0,9,156.0,182.8,0.0,0.0,0.0,0.0,288
2023-05-10 09:34:53,IO2312-P-4000,IO2312-P-4000,156.0,0.0,0.0,0.0,6,182.2,185.8,6,156.0,182.8,0.0,0.0,0.0,0.0,288
2023-05-10 09:34:54,IO2312-P-4000,IO2312-P-4000,156.0,0.0,0.0,0.0,9,182.2,185.8,6,156.0,182.8,0.0,0.0,0.0,0.0,288
2023-05-10 09:34:55,IO2312-P-4000,IO2312-P-4000,156.0,0.0,0.0,0.0,6,182.2,185.8,6,156.0,182.8,0.0,0.0,0.0,0.0,288
2023-05-10 09:35:00,IO2312-P-4000,IO2312-P-4000,156.0,0.0,0.0,0.0,18,182.0,185.8,6,156.0,182.8,0.0,0.0,0.0,0.0,288
2023-05-10 09:35:01,IO2312-P-4000,IO2312-P-4000,156.0,0.0,0.0,0.0,6,182.0,185.8,6,156.0,182.8,0.0,0.0,0.0,0.0,288
2023-05-10 09:35:01,IO2312-P-4000,IO2312-P-4000,156.0,0.0,0.0,0.0,6,181.8,185.8,6,156.0,182.8,0.0,0.0,0.0,0.0,288
2023-05-10 09:35:02,IO2312-P-4000,IO2312-P-4000,156.0,0.0,0.0,0.0,35,181.6,185.8,6,156.0,182.8,0.0,0.0,0.0,0.0,288
2023-05-10 09:35:02,IO2312-P-4000,IO2312-P-4000,156.0,0.0,0.0,0.0,32,181.6,185.8,6,156.0,182.8,0.0,0.0,0.0,0.0,288
2023-05-10 09:35:03,IO2312-P-4000,IO2312-P-4000,156.0,0.0,0.0,0.0,6,181.8,186.0,3,156.0,182.8,0.0,0.0,0.0,0.0,288
2023-05-10 09:35:03,IO2312-P-4000,IO2312-P-4000,156.0,0.0,0.0,0.0,2,182.0,186.2,6,156.0,182.8,0.0,0.0,0.0,0.0,288
2023-05-10 09:35:04,IO2312-P-4000,IO2312-P-4000,156.0,0.0,0.0,0.0,6,182.2,186.2,6,156.0,182.8,0.0,0.0,0.0,0.0,288
2023-05-10 09:35:04,IO2312-P-4000,IO2312-P-4000,156.0,0.0,0.0,0.0,8,182.4,186.2,9,156.0,182.8,0.0,0.0,0.0,0.0,288
2023-05-10 09:35:05,IO2312-P-4000,IO2312-P-4000,156.0,0.0,0.0,0.0,6,182.6,186.2,3,156.0,182.8,0.0,0.0,0.0,0.0,288
2023-05-10 09:35:06,IO2312-P-4000,IO2312-P-4000,156.0,0.0,0.0,0.0,2,182.8,186.4,18,156.0,182.8,0.0,0.0,0.0,0.0,288
2023-05-10 09:35:06,IO2312-P-4000,IO2312-P-4000,156.0,0.0,0.0,0.0,6,183.0,186.6,12,156.0,182.8,0.0,0.0,0.0,0.0,288
2023-05-10 09:35:07,IO2312-P-4000,IO2312-P-4000,156.0,0.0,0.0,0.0,8,183.0,186.8,3,156.0,182.8,0.0,0.0,0.0,0.0,288
2023-05-10 09:35:07,IO2312-P-4000,IO2312-P-4000,156.0,0.0,0.0,0.0,2,182.8,186.6,6,156.0,182.8,0.0,0.0,0.0,0.0,288
2023-05-10 09:35:08,IO2312-P-4000,IO2312-P-4000,156.0,0.0,0.0,0.0,9,182.6,186.8,13,156.0,182.8,0.0,0.0,0.0,0.0,288
2023-05-10 09:35:08,IO2312-P-4000,IO2312-P-4000,156.0,0.0,0.0,0.0,6,182.6,186.6,6,156.0,182.8,0.0,0.0,0.0,0.0,288
2023-05-10 09:35:10,IO2312-P-4000,IO2312-P-4000,156.0,0.0,0.0,0.0,8,182.6,186.6,6,156.0,182.8,0.0,0.0,0.0,0.0,288
2023-05-10 09:35:10,IO2312-P-4000,IO2312-P-4000,156.0,0.0,0.0,0.0,20,182.4,186.2,1,156.0,182.8,0.0,0.0,0.0,0.0,288
2023-05-10 09:35:11,IO2312-P-4000,IO2312-P-4000,156.0,0.0,0.0,0.0,2,182.4,186.0,6,156.0,182.8,0.0,0.0,0.0,0.0,288
2023-05-10 09:35:11,IO2312-P-4000,IO2312-P-4000,156.0,0.0,0.0,0.0,2,182.4,186.0,9,156.0,182.8,0.0,0.0,0.0,0.0,288
2023-05-10 09:35:12,IO2312-P-4000,IO2312-P-4000,156.0,0.0,0.0,0.0,14,182.2,186.0,9,156.0,182.8,0.0,0.0,0.0,0.0,288
2023-05-10 09:35:15,IO2312-P-4000,IO2312-P-4000,156.0,0.0,0.0,0.0,17,182.2,186.0,6,156.0,182.8,0.0,0.0,0.0,0.0,288
2023-05-10 09:35:16,IO2312-P-4000,IO2312-P-4000,156.0,0.0,0.0,0.0,17,182.2,186.2,6,156.0,182.8,0.0,0.0,0.0,0.0,288
2023-05-10 09:35:16,IO2312-P-4000,IO2312-P-4000,156.0,0.0,0.0,0.0,14,182.2,186.2,6,156.0,182.8,0.0,0.0,0.0,0.0,288
2023-05-10 09:35:17,IO2312-P-4000,IO2312-P-4000,156.0,0.0,0.0,0.0,6,182.4,186.4,12,156.0,182.8,0.0,0.0,0.0,0.0,288
2023-05-10 09:35:17,IO2312-P-4000,IO2312-P-4000,156.0,0.0,0.0,0.0,2,182.6,186.4,6,156.0,182.8,0.0,0.0,0.0,0.0,288
2023-05-10 09:35:19,IO2312-P-4000,IO2312-P-4000,156.0,0.0,0.0,0.0,8,182.6,186.4,6,156.0,182.8,0.0,0.0,0.0,0.0,288
2023-05-10 09:35:20,IO2312-P-4000,IO2312-P-4000,156.0,0.0,0.0,0.0,6,182.8,186.6,15,156.0,182.8,0.0,0.0,0.0,0.0,288
2023-05-10 09:35:20,IO2312-P-4000,IO2312-P-4000,156.0,0.0,0.0,0.0,2,183.0,186.6,6,156.0,182.8,0.0,0.0,0.0,0.0,288
2023-05-10 09:35:21,IO2312-P-4000,IO2312-P-4000,156.0,0.0,0.0,0.0,2,183.0,186.8,24,156.0,182.8,0.0,0.0,0.0,0.0,288
2023-05-10 09:35:21,IO2312-P-4000,IO2312-P-4000,156.0,0.0,0.0,0.0,2,183.0,186.8,21,156.0,182.8,0.0,0.0,0.0,0.0,288
2023-05-10 09:35:22,IO2312-P-4000,IO2312-P-4000,156.0,0.0,0.0,0.0,11,182.8,186.8,21,156.0,182.8,0.0,0.0,0.0,0.0,288
2023-05-10 09:35:22,IO2312-P-4000,IO2312-P-4000,156.0,0.0,0.0,0.0,8,182.8,186.8,21,156.0,182.8,0.0,0.0,0.0,0.0,288
2023-05-10 09:35:30,IO2312-P-4000,IO2312-P-4000,156.0,0.0,0.0,0.0,8,182.8,186.8,18,156.0,182.8,0.0,0.0,0.0,0.0,288
2023-05-10 09:35:30,IO2312-P-4000,IO2312-P-4000,156.0,0.0,0.0,0.0,8,182.8,186.8,12,156.0,182.8,0.0,0.0,0.0,0.0,288
2023-05-10 09:35:31,IO2312-P-4000,IO2312-P-4000,156.0,0.0,0.0,0.0,8,182.8,186.8,6,156.0,182.8,0.0,0.0,0.0,0.0,288
2023-05-10 09:35:36,IO2312-P-4000,IO2312-P-4000,182.8,1.0,18280.0,1.0,2,182.8,186.8,6,156.0,182.8,182.8,182.8,1.0,18280.0,289
2023-05-10 09:35:57,IO2312-P-4000,IO2312-P-4000,182.8,0.0,0.0,0.0,26,182.6,186.8,6,156.0,182.8,182.8,182.8,1.0,18280.0,289
2023-05-10 09:35:57,IO2312-P-4000,IO2312-P-4000,182.8,0.0,0.0,0.0,14,182.6,186.8,6,156.0,182.8,182.8,182.8,1.0,18280.0,289
2023-05-10 09:35:58,IO2312-P-4000,IO2312-P-4000,182.8,0.0,0.0,0.0,8,182.6,186.8,6,156.0,182.8,182.8,182.8,1.0,18280.0,289
2023-05-10 09:35:59,IO2312-P-4000,IO2312-P-4000,182.8,0.0,0.0,0.0,6,182.6,186.8,7,156.0,182.8,182.8,182.8,1.0,18280.0,289
2023-05-10 09:36:00,IO2312-P-4000,IO2312-P-4000,182.8,0.0,0.0,0.0,6,182.4,186.6,6,156.0,182.8,182.8,182.8,1.0,18280.0,289
2023-05-10 09:36:00,IO2312-P-4000,IO2312-P-4000,182.8,0.0,0.0,0.0,24,182.2,186.6,9,156.0,182.8,182.8,182.8,1.0,18280.0,289
2023-05-10 09:36:01,IO2312-P-4000,IO2312-P-4000,182.8,0.0,0.0,0.0,12,182.2,186.4,6,156.0,182.8,182.8,182.8,1.0,18280.0,289
2023-05-10 09:36:01,IO2312-P-4000,IO2312-P-4000,182.8,0.0,0.0,0.0,6,182.2,186.4,6,156.0,182.8,182.8,182.8,1.0,18280.0,289
2023-05-10 09:36:02,IO2312-P-4000,IO2312-P-4000,182.8,0.0,0.0,0.0,8,182.2,186.4,6,156.0,182.8,182.8,182.8,1.0,18280.0,289
2023-05-10 09:36:04,IO2312-P-4000,IO2312-P-4000,182.8,0.0,0.0,0.0,6,182.2,186.4,6,156.0,182.8,182.8,182.8,1.0,18280.0,289
2023-05-10 09:36:07,IO2312-P-4000,IO2312-P-4000,182.8,0.0,0.0,0.0,6,182.2,186.4,7,156.0,182.8,182.8,182.8,1.0,18280.0,289
2023-05-10 09:36:07,IO2312-P-4000,IO2312-P-4000,182.8,0.0,0.0,0.0,6,182.2,186.2,6,156.0,182.8,182.8,182.8,1.0,18280.0,289
2023-05-10 09:36:08,IO2312-P-4000,IO2312-P-4000,182.8,0.0,0.0,0.0,6,182.2,186.2,9,156.0,182.8,182.8,182.8,1.0,18280.0,289
2023-05-10 09:36:08,IO2312-P-4000,IO2312-P-4000,182.8,0.0,0.0,0.0,6,182.2,186.0,6,156.0,182.8,182.8,182.8,1.0,18280.0,289
2023-05-10 09:36:09,IO2312-P-4000,IO2312-P-4000,182.8,0.0,0.0,0.0,6,182.2,185.8,1,156.0,182.8,182.8,182.8,1.0,18280.0,289
2023-05-10 09:36:10,IO2312-P-4000,IO2312-P-4000,182.8,0.0,0.0,0.0,6,182.2,185.6,6,156.0,182.8,182.8,182.8,1.0,18280.0,289
2023-05-10 09:36:10,IO2312-P-4000,IO2312-P-4000,182.8,0.0,0.0,0.0,6,182.2,185.6,9,156.0,182.8,182.8,182.8,1.0,18280.0,289
2023-05-10 09:36:11,IO2312-P-4000,IO2312-P-4000,182.8,0.0,0.0,0.0,6,182.2,185.4,6,156.0,182.8,182.8,182.8,1.0,18280.0,289
2023-05-10 09:36:14,IO2312-P-4000,IO2312-P-4000,182.8,0.0,0.0,0.0,38,181.2,185.4,6,156.0,182.8,182.8,182.8,1.0,18280.0,289
2023-05-10 09:36:15,IO2312-P-4000,IO2312-P-4000,182.8,0.0,0.0,0.0,20,181.2,185.4,6,156.0,182.8,182.8,182.8,1.0,18280.0,289
2023-05-10 09:36:15,IO2312-P-4000,IO2312-P-4000,182.8,0.0,0.0,0.0,14,181.2,185.4,6,156.0,182.8,182.8,182.8,1.0,18280.0,289
2023-05-10 09:36:16,IO2312-P-4000,IO2312-P-4000,182.8,0.0,0.0,0.0,12,181.2,185.4,6,156.0,182.8,182.8,182.8,1.0,18280.0,289
2023-05-10 09:36:17,IO2312-P-4000,IO2312-P-4000,182.8,0.0,0.0,0.0,6,181.2,185.4,6,156.0,182.8,182.8,182.8,1.0,18280.0,289
2023-05-10 09:36:22,IO2312-P-4000,IO2312-P-4000,182.8,0.0,0.0,0.0,6,181.2,185.2,1,156.0,182.8,182.8,182.8,1.0,18280.0,289
2023-05-10 09:36:22,IO2312-P-4000,IO2312-P-4000,182.8,0.0,0.0,0.0,6,181.2,185.0,6,156.0,182.8,182.8,182.8,1.0,18280.0,289
2023-05-10 09:36:23,IO2312-P-4000,IO2312-P-4000,182.8,0.0,0.0,0.0,6,181.2,185.0,9,156.0,182.8,182.8,182.8,1.0,18280.0,289
2023-05-10 09:36:23,IO2312-P-4000,IO2312-P-4000,182.8,0.0,0.0,0.0,6,181.2,184.8,6,156.0,182.8,182.8,182.8,1.0,18280.0,289
2023-05-10 09:36:31,IO2312-P-4000,IO2312-P-4000,182.8,0.0,0.0,0.0,9,181.2,185.0,9,156.0,182.8,182.8,182.8,1.0,18280.0,289
2023-05-10 09:36:31,IO2312-P-4000,IO2312-P-4000,182.8,0.0,0.0,0.0,6,181.4,185.0,6,156.0,182.8,182.8,182.8,1.0,18280.0,289
2023-05-10 09:36:32,IO2312-P-4000,IO2312-P-4000,182.8,0.0,0.0,0.0,2,181.6,185.4,6,156.0,182.8,182.8,182.8,1.0,18280.0,289
2023-05-10 09:36:33,IO2312-P-4000,IO2312-P-4000,182.8,0.0,0.0,0.0,3,181.8,185.6,6,156.0,182.8,182.8,182.8,1.0,18280.0,289
2023-05-10 09:36:33,IO2312-P-4000,IO2312-P-4000,182.8,0.0,0.0,0.0,2,181.8,185.6,6,156.0,182.8,182.8,182.8,1.0,18280.0,289
2023-05-10 09:36:34,IO2312-P-4000,IO2312-P-4000,182.8,0.0,0.0,0.0,5,181.6,185.6,6,156.0,182.8,182.8,182.8,1.0,18280.0,289
2023-05-10 09:36:35,IO2312-P-4000,IO2312-P-4000,182.8,0.0,0.0,0.0,2,181.6,185.6,6,156.0,182.8,182.8,182.8,1.0,18280.0,289
2023-05-10 09:36:39,IO2312-P-4000,IO2312-P-4000,182.8,0.0,0.0,0.0,17,181.4,185.6,6,156.0,182.8,182.8,182.8,1.0,18280.0,289
2023-05-10 09:36:39,IO2312-P-4000,IO2312-P-4000,182.8,0.0,0.0,0.0,6,181.4,185.6,6,156.0,182.8,182.8,182.8,1.0,18280.0,289
2023-05-10 09:36:40,IO2312-P-4000,IO2312-P-4000,182.8,0.0,0.0,0.0,24,181.2,185.6,6,156.0,182.8,182.8,182.8,1.0,18280.0,289
2023-05-10 09:36:40,IO2312-P-4000,IO2312-P-4000,182.8,0.0,0.0,0.0,21,181.2,185.6,6,156.0,182.8,182.8,182.8,1.0,18280.0,289
2023-05-10 09:36:42,IO2312-P-4000,IO2312-P-4000,182.8,0.0,0.0,0.0,18,181.2,185.6,6,156.0,182.8,182.8,182.8,1.0,18280.0,289
2023-05-10 09:36:42,IO2312-P-4000,IO2312-P-4000,182.8,0.0,0.0,0.0,12,181.2,185.6,6,156.0,182.8,182.8,182.8,1.0,18280.0,289
2023-05-10 09:36:43,IO2312-P-4000,IO2312-P-4000,182.8,0.0,0.0,0.0,6,181.2,185.6,6,156.0,182.8,182.8,182.8,1.0,18280.0,289
2023-05-10 09:36:46,IO2312-P-4000,IO2312-P-4000,182.8,0.0,0.0,0.0,2,181.4,185.6,6,156.0,182.8,182.8,182.8,1.0,18280.0,289
2023-05-10 09:36:49,IO2312-P-4000,IO2312-P-4000,182.8,0.0,0.0,0.0,5,181.4,185.6,6,156.0,182.8,182.8,182.8,1.0,18280.0,289
2023-05-10 09:36:50,IO2312-P-4000,IO2312-P-4000,182.8,0.0,0.0,0.0,2,181.4,185.6,6,156.0,182.8,182.8,182.8,1.0,18280.0,289
2023-05-10 09:36:56,IO2312-P-4000,IO2312-P-4000,182.8,0.0,0.0,0.0,6,181.6,185.8,15,156.0,182.8,182.8,182.8,1.0,18280.0,289
2023-05-10 09:36:56,IO2312-P-4000,IO2312-P-4000,182.8,0.0,0.0,0.0,2,181.6,185.6,6,156.0,182.8,182.8,182.8,1.0,18280.0,289
2023-05-10 09:36:57,IO2312-P-4000,IO2312-P-4000,182.8,0.0,0.0,0.0,8,181.6,185.6,6,156.0,182.8,182.8,182.8,1.0,18280.0,289
2023-05-10 09:36:58,IO2312-P-4000,IO2312-P-4000,182.8,0.0,0.0,0.0,1,182.4,185.6,6,156.0,182.8,182.8,182.8,1.0,18280.0,289
2023-05-10 09:36:58,IO2312-P-4000,IO2312-P-4000,182.8,0.0,0.0,0.0,7,182.4,185.6,6,156.0,182.8,182.8,182.8,1.0,18280.0,289
2023-05-10 09:36:59,IO2312-P-4000,IO2312-P-4000,182.8,0.0,0.0,0.0,9,182.4,185.8,6,156.0,182.8,182.8,182.8,1.0,18280.0,289
2023-05-10 09:36:59,IO2312-P-4000,IO2312-P-4000,182.8,0.0,0.0,0.0,7,182.4,186.0,6,156.0,182.8,182.8,182.8,1.0,18280.0,289
2023-05-10 09:37:01,IO2312-P-4000,IO2312-P-4000,182.8,0.0,0.0,0.0,6,182.6,186.2,18,156.0,182.8,182.8,182.8,1.0,18280.0,289
2023-05-10 09:37:02,IO2312-P-4000,IO2312-P-4000,182.8,0.0,0.0,0.0,2,182.8,186.4,6,156.0,182.8,182.8,182.8,1.0,18280.0,289
2023-05-10 09:37:02,IO2312-P-4000,IO2312-P-4000,182.8,0.0,0.0,0.0,2,182.8,186.4,1,156.0,182.8,182.8,182.8,1.0,18280.0,289
2023-05-10 09:37:07,IO2312-P-4000,IO2312-P-4000,182.8,0.0,0.0,0.0,1,183.0,186.6,24,156.0,182.8,182.8,182.8,1.0,18280.0,289
2023-05-10 09:37:07,IO2312-P-4000,IO2312-P-4000,182.8,0.0,0.0,0.0,2,183.2,186.6,15,156.0,182.8,182.8,182.8,1.0,18280.0,289
2023-05-10 09:37:08,IO2312-P-4000,IO2312-P-4000,182.8,0.0,0.0,0.0,2,183.2,186.6,12,156.0,182.8,182.8,182.8,1.0,18280.0,289
2023-05-10 09:37:09,IO2312-P-4000,IO2312-P-4000,182.8,0.0,0.0,0.0,2,183.2,186.6,6,156.0,182.8,182.8,182.8,1.0,18280.0,289
2023-05-10 09:37:11,IO2312-P-4000,IO2312-P-4000,182.8,0.0,0.0,0.0,3,183.0,186.6,6,156.0,182.8,182.8,182.8,1.0,18280.0,289
2023-05-10 09:37:11,IO2312-P-4000,IO2312-P-4000,182.8,0.0,0.0,0.0,9,183.0,186.8,9,156.0,182.8,182.8,182.8,1.0,18280.0,289
2023-05-10 09:37:12,IO2312-P-4000,IO2312-P-4000,182.8,0.0,0.0,0.0,8,183.0,186.0,1,156.0,182.8,182.8,182.8,1.0,18280.0,289
2023-05-10 09:37:12,IO2312-P-4000,IO2312-P-4000,182.8,0.0,0.0,0.0,2,183.0,186.0,1,156.0,182.8,182.8,182.8,1.0,18280.0,289
2023-05-10 09:37:13,IO2312-P-4000,IO2312-P-4000,182.8,0.0,0.0,0.0,8,182.8,186.0,1,156.0,182.8,182.8,182.8,1.0,18280.0,289
2023-05-10 09:37:13,IO2312-P-4000,IO2312-P-4000,182.8,0.0,0.0,0.0,2,182.8,186.0,1,156.0,182.8,182.8,182.8,1.0,18280.0,289
2023-05-10 09:37:15,IO2312-P-4000,IO2312-P-4000,182.8,0.0,0.0,0.0,2,182.8,186.2,3,156.0,182.8,182.8,182.8,1.0,18280.0,289
2023-05-10 09:37:15,IO2312-P-4000,IO2312-P-4000,182.8,0.0,0.0,0.0,2,182.8,186.6,7,156.0,182.8,182.8,182.8,1.0,18280.0,289
2023-05-10 09:37:16,IO2312-P-4000,IO2312-P-4000,182.8,0.0,0.0,0.0,8,182.8,186.6,7,156.0,182.8,182.8,182.8,1.0,18280.0,289
2023-05-10 09:37:16,IO2312-P-4000,IO2312-P-4000,182.8,0.0,0.0,0.0,8,182.8,186.6,10,156.0,182.8,182.8,182.8,1.0,18280.0,289
2023-05-10 09:37:17,IO2312-P-4000,IO2312-P-4000,182.8,0.0,0.0,0.0,8,182.8,186.6,9,156.0,182.8,182.8,182.8,1.0,18280.0,289
2023-05-10 09:37:18,IO2312-P-4000,IO2312-P-4000,182.8,0.0,0.0,0.0,11,182.8,186.6,6,156.0,182.8,182.8,182.8,1.0,18280.0,289
2023-05-10 09:37:19,IO2312-P-4000,IO2312-P-4000,182.8,0.0,0.0,0.0,11,182.8,186.8,9,156.0,182.8,182.8,182.8,1.0,18280.0,289
2023-05-10 09:37:19,IO2312-P-4000,IO2312-P-4000,182.8,0.0,0.0,0.0,11,182.8,186.6,6,156.0,182.8,182.8,182.8,1.0,18280.0,289
2023-05-10 09:37:20,IO2312-P-4000,IO2312-P-4000,182.8,0.0,0.0,0.0,2,182.8,186.6,6,156.0,182.8,182.8,182.8,1.0,18280.0,289
2023-05-10 09:37:32,IO2312-P-4000,IO2312-P-4000,182.8,0.0,0.0,0.0,5,182.8,186.6,6,156.0,182.8,182.8,182.8,1.0,18280.0,289
2023-05-10 09:37:33,IO2312-P-4000,IO2312-P-4000,182.8,0.0,0.0,0.0,2,182.8,186.6,6,156.0,182.8,182.8,182.8,1.0,18280.0,289
2023-05-10 09:37:33,IO2312-P-4000,IO2312-P-4000,182.8,0.0,0.0,0.0,12,183.0,186.8,3,156.0,182.8,182.8,182.8,1.0,18280.0,289
2023-05-10 09:37:34,IO2312-P-4000,IO2312-P-4000,182.8,0.0,0.0,0.0,2,183.2,187.0,30,156.0,182.8,182.8,182.8,1.0,18280.0,289
2023-05-10 09:37:34,IO2312-P-4000,IO2312-P-4000,182.8,0.0,0.0,0.0,2,183.2,187.0,12,156.0,182.8,182.8,182.8,1.0,18280.0,289
2023-05-10 09:37:35,IO2312-P-4000,IO2312-P-4000,182.8,0.0,0.0,0.0,2,183.2,187.0,9,156.0,182.8,182.8,182.8,1.0,18280.0,289
2023-05-10 09:37:39,IO2312-P-4000,IO2312-P-4000,182.8,0.0,0.0,0.0,2,183.2,187.0,6,156.0,182.8,182.8,182.8,1.0,18280.0,289
2023-05-10 09:37:40,IO2312-P-4000,IO2312-P-4000,182.8,0.0,0.0,0.0,2,183.2,187.0,9,156.0,182.8,182.8,182.8,1.0,18280.0,289
2023-05-10 09:37:42,IO2312-P-4000,IO2312-P-4000,182.8,0.0,0.0,0.0,6,183.4,187.0,3,156.0,182.8,182.8,182.8,1.0,18280.0,289
2023-05-10 09:37:42,IO2312-P-4000,IO2312-P-4000,182.8,0.0,0.0,0.0,2,183.6,187.4,6,156.0,182.8,182.8,182.8,1.0,18280.0,289
2023-05-10 09:37:43,IO2312-P-4000,IO2312-P-4000,182.8,0.0,0.0,0.0,8,183.6,187.6,30,156.0,182.8,182.8,182.8,1.0,18280.0,289
2023-05-10 09:37:43,IO2312-P-4000,IO2312-P-4000,182.8,0.0,0.0,0.0,8,183.6,187.6,21,156.0,182.8,182.8,182.8,1.0,18280.0,289
2023-05-10 09:37:44,IO2312-P-4000,IO2312-P-4000,182.8,0.0,0.0,0.0,6,183.8,187.6,15,156.0,182.8,182.8,182.8,1.0,18280.0,289
2023-05-10 09:37:45,IO2312-P-4000,IO2312-P-4000,182.8,0.0,0.0,0.0,2,184.0,187.6,9,156.0,182.8,182.8,182.8,1.0,18280.0,289
2023-05-10 09:37:45,IO2312-P-4000,IO2312-P-4000,182.8,0.0,0.0,0.0,8,184.0,187.6,3,156.0,182.8,182.8,182.8,1.0,18280.0,289
2023-05-10 09:37:46,IO2312-P-4000,IO2312-P-4000,182.8,0.0,0.0,0.0,6,184.0,187.8,1,156.0,182.8,182.8,182.8,1.0,18280.0,289
2023-05-10 09:37:46,IO2312-P-4000,IO2312-P-4000,182.8,0.0,0.0,0.0,6,183.8,187.8,1,156.0,182.8,182.8,182.8,1.0,18280.0,289
2023-05-10 09:37:47,IO2312-P-4000,IO2312-P-4000,182.8,0.0,0.0,0.0,2,184.0,187.8,1,156.0,182.8,182.8,182.8,1.0,18280.0,289
2023-05-10 09:37:47,IO2312-P-4000,IO2312-P-4000,182.8,0.0,0.0,0.0,8,184.0,187.8,1,156.0,182.8,182.8,182.8,1.0,18280.0,289
2023-05-10 09:37:50,IO2312-P-4000,IO2312-P-4000,182.8,0.0,0.0,0.0,2,184.0,187.6,6,156.0,182.8,182.8,182.8,1.0,18280.0,289
2023-05-10 09:37:51,IO2312-P-4000,IO2312-P-4000,182.8,0.0,0.0,0.0,2,184.0,187.6,9,156.0,182.8,182.8,182.8,1.0,18280.0,289
2023-05-10 09:37:52,IO2312-P-4000,IO2312-P-4000,182.8,0.0,0.0,0.0,8,184.0,187.6,3,156.0,182.8,182.8,182.8,1.0,18280.0,289
2023-05-10 09:37:52,IO2312-P-4000,IO2312-P-4000,182.8,0.0,0.0,0.0,8,184.0,188.0,36,156.0,182.8,182.8,182.8,1.0,18280.0,289
2023-05-10 09:37:53,IO2312-P-4000,IO2312-P-4000,182.8,0.0,0.0,0.0,8,184.0,188.0,30,156.0,182.8,182.8,182.8,1.0,18280.0,289
2023-05-10 09:37:53,IO2312-P-4000,IO2312-P-4000,182.8,0.0,0.0,0.0,8,184.0,188.0,27,156.0,182.8,182.8,182.8,1.0,18280.0,289
2023-05-10 09:37:57,IO2312-P-4000,IO2312-P-4000,182.8,0.0,0.0,0.0,2,183.6,187.8,6,156.0,182.8,182.8,182.8,1.0,18280.0,289
2023-05-10 09:37:58,IO2312-P-4000,IO2312-P-4000,182.8,0.0,0.0,0.0,2,183.6,187.8,9,156.0,182.8,182.8,182.8,1.0,18280.0,289
2023-05-10 09:37:59,IO2312-P-4000,IO2312-P-4000,182.8,0.0,0.0,0.0,2,183.6,187.6,6,156.0,182.8,182.8,182.8,1.0,18280.0,289
2023-05-10 09:37:59,IO2312-P-4000,IO2312-P-4000,182.8,0.0,0.0,0.0,2,183.6,187.6,3,156.0,182.8,182.8,182.8,1.0,18280.0,289
2023-05-10 09:38:00,IO2312-P-4000,IO2312-P-4000,182.8,0.0,0.0,0.0,2,183.6,187.4,6,156.0,182.8,182.8,182.8,1.0,18280.0,289
2023-05-10 09:38:00,IO2312-P-4000,IO2312-P-4000,182.8,0.0,0.0,0.0,2,183.6,187.8,6,156.0,182.8,182.8,182.8,1.0,18280.0,289
2023-05-10 09:38:01,IO2312-P-4000,IO2312-P-4000,182.8,0.0,0.0,0.0,2,183.6,187.8,9,156.0,182.8,182.8,182.8,1.0,18280.0,289
2023-05-10 09:38:01,IO2312-P-4000,IO2312-P-4000,182.8,0.0,0.0,0.0,2,183.6,187.6,6,156.0,182.8,182.8,182.8,1.0,18280.0,289
2023-05-10 09:38:03,IO2312-P-4000,IO2312-P-4000,182.8,0.0,0.0,0.0,8,183.4,187.6,6,156.0,182.8,182.8,182.8,1.0,18280.0,289
2023-05-10 09:38:05,IO2312-P-4000,IO2312-P-4000,182.8,0.0,0.0,0.0,8,183.4,187.4,1,156.0,182.8,182.8,182.8,1.0,18280.0,289
2023-05-10 09:38:06,IO2312-P-4000,IO2312-P-4000,182.8,0.0,0.0,0.0,6,183.4,187.2,6,156.0,182.8,182.8,182.8,1.0,18280.0,289
2023-05-10 09:38:06,IO2312-P-4000,IO2312-P-4000,182.8,0.0,0.0,0.0,6,183.4,187.2,9,156.0,182.8,182.8,182.8,1.0,18280.0,289
2023-05-10 09:38:07,IO2312-P-4000,IO2312-P-4000,182.8,0.0,0.0,0.0,6,183.4,187.0,6,156.0,182.8,182.8,182.8,1.0,18280.0,289
2023-05-10 09:38:10,IO2312-P-4000,IO2312-P-4000,182.8,0.0,0.0,0.0,6,183.4,187.0,9,156.0,182.8,182.8,182.8,1.0,18280.0,289
2023-05-10 09:38:10,IO2312-P-4000,IO2312-P-4000,182.8,0.0,0.0,0.0,6,183.4,186.8,6,156.0,182.8,182.8,182.8,1.0,18280.0,289
2023-05-10 09:38:11,IO2312-P-4000,IO2312-P-4000,182.8,0.0,0.0,0.0,6,183.4,186.8,3,156.0,182.8,182.8,182.8,1.0,18280.0,289
2023-05-10 09:38:11,IO2312-P-4000,IO2312-P-4000,182.8,0.0,0.0,0.0,30,183.0,186.6,6,156.0,182.8,182.8,182.8,1.0,18280.0,289
2023-05-10 09:38:12,IO2312-P-4000,IO2312-P-4000,182.8,0.0,0.0,0.0,6,183.0,186.6,6,156.0,182.8,182.8,182.8,1.0,18280.0,289
2023-05-10 09:38:12,IO2312-P-4000,IO2312-P-4000,182.8,0.0,0.0,0.0,36,182.4,186.6,12,156.0,182.8,182.8,182.8,1.0,18280.0,289
2023-05-10 09:38:13,IO2312-P-4000,IO2312-P-4000,182.8,0.0,0.0,0.0,12,182.4,186.4,6,156.0,182.8,182.8,182.8,1.0,18280.0,289
2023-05-10 09:38:13,IO2312-P-4000,IO2312-P-4000,182.8,0.0,0.0,0.0,6,182.4,186.4,6,156.0,182.8,182.8,182.8,1.0,18280.0,289
2023-05-10 09:38:15,IO2312-P-4000,IO2312-P-4000,182.8,0.0,0.0,0.0,3,182.6,186.4,6,156.0,182.8,182.8,182.8,1.0,18280.0,289
2023-05-10 09:38:15,IO2312-P-4000,IO2312-P-4000,182.8,0.0,0.0,0.0,2,182.8,186.4,6,156.0,182.8,182.8,182.8,1.0,18280.0,289
2023-05-10 09:38:17,IO2312-P-4000,IO2312-P-4000,182.8,0.0,0.0,0.0,2,182.6,186.4,6,156.0,182.8,182.8,182.8,1.0,18280.0,289
2023-05-10 09:38:19,IO2312-P-4000,IO2312-P-4000,182.8,0.0,0.0,0.0,8,182.4,186.4,6,156.0,182.8,182.8,182.8,1.0,18280.0,289
2023-05-10 09:38:23,IO2312-P-4000,IO2312-P-4000,182.8,0.0,0.0,0.0,9,182.4,186.4,6,156.0,182.8,182.8,182.8,1.0,18280.0,289
2023-05-10 09:38:24,IO2312-P-4000,IO2312-P-4000,182.8,0.0,0.0,0.0,6,182.4,186.4,6,156.0,182.8,182.8,182.8,1.0,18280.0,289
2023-05-10 09:38:24,IO2312-P-4000,IO2312-P-4000,182.8,0.0,0.0,0.0,2,182.6,186.4,6,156.0,182.8,182.8,182.8,1.0,18280.0,289
2023-05-10 09:38:27,IO2312-P-4000,IO2312-P-4000,182.8,0.0,0.0,0.0,11,182.4,186.4,6,156.0,182.8,182.8,182.8,1.0,18280.0,289
2023-05-10 09:38:32,IO2312-P-4000,IO2312-P-4000,182.8,0.0,0.0,0.0,14,182.4,186.4,6,156.0,182.8,182.8,182.8,1.0,18280.0,289
2023-05-10 09:38:32,IO2312-P-4000,IO2312-P-4000,182.8,0.0,0.0,0.0,20,182.4,186.4,6,156.0,182.8,182.8,182.8,1.0,18280.0,289
2023-05-10 09:38:35,IO2312-P-4000,IO2312-P-4000,182.8,0.0,0.0,0.0,17,182.4,186.4,6,156.0,182.8,182.8,182.8,1.0,18280.0,289
2023-05-10 09:38:36,IO2312-P-4000,IO2312-P-4000,182.8,0.0,0.0,0.0,12,182.4,186.4,6,156.0,182.8,182.8,182.8,1.0,18280.0,289
2023-05-10 09:38:36,IO2312-P-4000,IO2312-P-4000,182.8,0.0,0.0,0.0,6,182.4,186.4,6,156.0,182.8,182.8,182.8,1.0,18280.0,289
2023-05-10 09:38:37,IO2312-P-4000,IO2312-P-4000,182.8,0.0,0.0,0.0,2,182.6,186.4,6,156.0,182.8,182.8,182.8,1.0,18280.0,289
2023-05-10 09:38:39,IO2312-P-4000,IO2312-P-4000,182.8,0.0,0.0,0.0,8,182.4,186.4,6,156.0,182.8,182.8,182.8,1.0,18280.0,289
2023-05-10 09:38:46,IO2312-P-4000,IO2312-P-4000,182.8,0.0,0.0,0.0,6,182.6,186.6,9,156.0,182.8,182.8,182.8,1.0,18280.0,289
2023-05-10 09:38:46,IO2312-P-4000,IO2312-P-4000,182.8,0.0,0.0,0.0,2,182.8,186.6,9,156.0,182.8,182.8,182.8,1.0,18280.0,289
2023-05-10 09:38:47,IO2312-P-4000,IO2312-P-4000,182.8,0.0,0.0,0.0,11,182.6,186.6,9,156.0,182.8,182.8,182.8,1.0,18280.0,289
2023-05-10 09:38:47,IO2312-P-4000,IO2312-P-4000,182.8,0.0,0.0,0.0,11,182.6,186.6,6,156.0,182.8,182.8,182.8,1.0,18280.0,289
2023-05-10 09:38:48,IO2312-P-4000,IO2312-P-4000,182.8,0.0,0.0,0.0,11,182.6,186.6,9,156.0,182.8,182.8,182.8,1.0,18280.0,289
2023-05-10 09:38:49,IO2312-P-4000,IO2312-P-4000,182.8,0.0,0.0,0.0,8,182.6,186.6,9,156.0,182.8,182.8,182.8,1.0,18280.0,289
2023-05-10 09:38:51,IO2312-P-4000,IO2312-P-4000,182.8,0.0,0.0,0.0,2,182.6,186.4,6,156.0,182.8,182.8,182.8,1.0,18280.0,289
2023-05-10 09:38:53,IO2312-P-4000,IO2312-P-4000,182.8,0.0,0.0,0.0,23,182.4,186.4,6,156.0,182.8,182.8,182.8,1.0,18280.0,289
2023-05-10 09:38:53,IO2312-P-4000,IO2312-P-4000,182.8,0.0,0.0,0.0,8,182.4,186.4,6,156.0,182.8,182.8,182.8,1.0,18280.0,289
2023-05-10 09:38:54,IO2312-P-4000,IO2312-P-4000,182.8,0.0,0.0,0.0,11,182.4,186.4,6,156.0,182.8,182.8,182.8,1.0,18280.0,289
2023-05-10 09:38:55,IO2312-P-4000,IO2312-P-4000,182.8,0.0,0.0,0.0,8,182.4,186.4,6,156.0,182.8,182.8,182.8,1.0,18280.0,289
2023-05-10 09:38:58,IO2312-P-4000,IO2312-P-4000,182.8,0.0,0.0,0.0,6,182.4,186.4,6,156.0,182.8,182.8,182.8,1.0,18280.0,289
2023-05-10 09:39:01,IO2312-P-4000,IO2312-P-4000,182.8,0.0,0.0,0.0,9,182.4,186.4,6,156.0,182.8,182.8,182.8,1.0,18280.0,289
2023-05-10 09:39:02,IO2312-P-4000,IO2312-P-4000,182.8,0.0,0.0,0.0,11,182.4,186.4,6,156.0,182.8,182.8,182.8,1.0,18280.0,289
2023-05-10 09:39:03,IO2312-P-4000,IO2312-P-4000,182.8,0.0,0.0,0.0,8,182.4,186.4,6,156.0,182.8,182.8,182.8,1.0,18280.0,289
2023-05-10 09:39:03,IO2312-P-4000,IO2312-P-4000,182.8,0.0,0.0,0.0,6,182.4,186.4,6,156.0,182.8,182.8,182.8,1.0,18280.0,289
2023-05-10 09:39:07,IO2312-P-4000,IO2312-P-4000,182.8,0.0,0.0,0.0,6,182.4,186.4,7,156.0,182.8,182.8,182.8,1.0,18280.0,289
2023-05-10 09:39:07,IO2312-P-4000,IO2312-P-4000,182.8,0.0,0.0,0.0,6,182.4,186.2,6,156.0,182.8,182.8,182.8,1.0,18280.0,289
2023-05-10 09:39:08,IO2312-P-4000,IO2312-P-4000,182.8,0.0,0.0,0.0,6,182.4,186.2,9,156.0,182.8,182.8,182.8,1.0,18280.0,289
2023-05-10 09:39:08,IO2312-P-4000,IO2312-P-4000,182.8,0.0,0.0,0.0,6,182.4,186.0,6,156.0,182.8,182.8,182.8,1.0,18280.0,289
2023-05-10 09:39:09,IO2312-P-4000,IO2312-P-4000,182.8,0.0,0.0,0.0,6,182.4,185.4,1,156.0,182.8,182.8,182.8,1.0,18280.0,289
2023-05-10 09:39:09,IO2312-P-4000,IO2312-P-4000,182.8,0.0,0.0,0.0,18,182.0,185.2,6,156.0,182.8,182.8,182.8,1.0,18280.0,289
2023-05-10 09:39:10,IO2312-P-4000,IO2312-P-4000,182.8,0.0,0.0,0.0,6,182.0,185.2,9,156.0,182.8,182.8,182.8,1.0,18280.0,289
2023-05-10 09:39:10,IO2312-P-4000,IO2312-P-4000,182.8,0.0,0.0,0.0,24,181.6,185.0,6,156.0,182.8,182.8,182.8,1.0,18280.0,289
2023-05-10 09:39:11,IO2312-P-4000,IO2312-P-4000,182.8,0.0,0.0,0.0,12,181.6,185.0,6,156.0,182.8,182.8,182.8,1.0,18280.0,289
2023-05-10 09:39:11,IO2312-P-4000,IO2312-P-4000,182.8,0.0,0.0,0.0,6,181.6,185.0,6,156.0,182.8,182.8,182.8,1.0,18280.0,289
2023-05-10 09:39:20,IO2312-P-4000,IO2312-P-4000,182.8,0.0,0.0,0.0,6,181.6,185.2,6,156.0,182.8,182.8,182.8,1.0,18280.0,289
2023-05-10 09:39:20,IO2312-P-4000,IO2312-P-4000,182.8,0.0,0.0,0.0,8,181.6,185.2,6,156.0,182.8,182.8,182.8,1.0,18280.0,289
2023-05-10 09:39:21,IO2312-P-4000,IO2312-P-4000,182.8,0.0,0.0,0.0,6,181.6,185.2,6,156.0,182.8,182.8,182.8,1.0,18280.0,289
2023-05-10 09:39:23,IO2312-P-4000,IO2312-P-4000,182.8,0.0,0.0,0.0,6,181.6,185.2,9,156.0,182.8,182.8,182.8,1.0,18280.0,289
2023-05-10 09:39:24,IO2312-P-4000,IO2312-P-4000,182.8,0.0,0.0,0.0,6,181.6,185.0,6,156.0,182.8,182.8,182.8,1.0,18280.0,289
2023-05-10 09:39:27,IO2312-P-4000,IO2312-P-4000,182.8,0.0,0.0,0.0,8,181.6,185.0,6,156.0,182.8,182.8,182.8,1.0,18280.0,289
2023-05-10 09:39:28,IO2312-P-4000,IO2312-P-4000,182.8,0.0,0.0,0.0,8,181.6,185.2,6,156.0,182.8,182.8,182.8,1.0,18280.0,289
2023-05-10 09:39:31,IO2312-P-4000,IO2312-P-4000,182.8,0.0,0.0,0.0,6,181.6,185.2,6,156.0,182.8,182.8,182.8,1.0,18280.0,289
2023-05-10 09:39:32,IO2312-P-4000,IO2312-P-4000,182.8,0.0,0.0,0.0,6,181.6,185.2,9,156.0,182.8,182.8,182.8,1.0,18280.0,289
2023-05-10 09:39:33,IO2312-P-4000,IO2312-P-4000,182.8,0.0,0.0,0.0,6,181.6,185.0,6,156.0,182.8,182.8,182.8,1.0,18280.0,289
2023-05-10 09:39:34,IO2312-P-4000,IO2312-P-4000,182.8,0.0,0.0,0.0,6,181.6,185.2,6,156.0,182.8,182.8,182.8,1.0,18280.0,289
2023-05-10 09:39:36,IO2312-P-4000,IO2312-P-4000,182.8,0.0,0.0,0.0,6,181.6,185.4,24,156.0,182.8,182.8,182.8,1.0,18280.0,289
2023-05-10 09:39:36,IO2312-P-4000,IO2312-P-4000,182.8,0.0,0.0,0.0,6,181.6,185.4,18,156.0,182.8,182.8,182.8,1.0,18280.0,289
2023-05-10 09:39:37,IO2312-P-4000,IO2312-P-4000,182.8,0.0,0.0,0.0,6,181.6,185.4,13,156.0,182.8,182.8,182.8,1.0,18280.0,289
2023-05-10 09:39:38,IO2312-P-4000,IO2312-P-4000,182.8,0.0,0.0,0.0,6,181.6,185.2,6,156.0,182.8,182.8,182.8,1.0,18280.0,289
2023-05-10 09:39:38,IO2312-P-4000,IO2312-P-4000,182.8,0.0,0.0,0.0,6,181.6,185.0,1,156.0,182.8,182.8,182.8,1.0,18280.0,289
2023-05-10 09:39:39,IO2312-P-4000,IO2312-P-4000,182.8,0.0,0.0,0.0,6,181.6,185.0,7,156.0,182.8,182.8,182.8,1.0,18280.0,289
2023-05-10 09:39:47,IO2312-P-4000,IO2312-P-4000,182.8,0.0,0.0,0.0,6,181.6,185.0,6,156.0,182.8,182.8,182.8,1.0,18280.0,289
2023-05-10 09:39:52,IO2312-P-4000,IO2312-P-4000,182.8,0.0,0.0,0.0,8,181.6,185.2,6,156.0,182.8,182.8,182.8,1.0,18280.0,289
2023-05-10 09:39:52,IO2312-P-4000,IO2312-P-4000,182.8,0.0,0.0,0.0,17,181.6,185.6,46,156.0,182.8,182.8,182.8,1.0,18280.0,289
2023-05-10 09:39:53,IO2312-P-4000,IO2312-P-4000,182.8,0.0,0.0,0.0,6,181.8,185.6,12,156.0,182.8,182.8,182.8,1.0,18280.0,289
2023-05-10 09:39:53,IO2312-P-4000,IO2312-P-4000,182.8,0.0,0.0,0.0,8,182.0,185.8,12,156.0,182.8,182.8,182.8,1.0,18280.0,289
2023-05-10 09:39:54,IO2312-P-4000,IO2312-P-4000,182.8,0.0,0.0,0.0,6,182.0,185.8,4,156.0,182.8,182.8,182.8,1.0,18280.0,289
2023-05-10 09:39:54,IO2312-P-4000,IO2312-P-4000,182.8,0.0,0.0,0.0,15,181.8,185.6,6,156.0,182.8,182.8,182.8,1.0,18280.0,289
2023-05-10 09:39:55,IO2312-P-4000,IO2312-P-4000,182.8,0.0,0.0,0.0,6,181.8,185.2,1,156.0,182.8,182.8,182.8,1.0,18280.0,289
2023-05-10 09:39:55,IO2312-P-4000,IO2312-P-4000,182.8,0.0,0.0,0.0,24,181.6,185.2,7,156.0,182.8,182.8,182.8,1.0,18280.0,289
2023-05-10 09:39:56,IO2312-P-4000,IO2312-P-4000,182.8,0.0,0.0,0.0,18,181.6,185.2,7,156.0,182.8,182.8,182.8,1.0,18280.0,289
2023-05-10 09:39:56,IO2312-P-4000,IO2312-P-4000,182.8,0.0,0.0,0.0,12,181.6,185.2,6,156.0,182.8,182.8,182.8,1.0,18280.0,289
2023-05-10 09:39:57,IO2312-P-4000,IO2312-P-4000,182.8,0.0,0.0,0.0,6,181.6,185.2,6,156.0,182.8,182.8,182.8,1.0,18280.0,289
2023-05-10 09:39:57,IO2312-P-4000,IO2312-P-4000,182.8,0.0,0.0,0.0,9,181.6,185.2,6,156.0,182.8,182.8,182.8,1.0,18280.0,289
2023-05-10 09:39:58,IO2312-P-4000,IO2312-P-4000,182.8,0.0,0.0,0.0,6,181.6,185.2,6,156.0,182.8,182.8,182.8,1.0,18280.0,289
2023-05-10 09:40:02,IO2312-P-4000,IO2312-P-4000,182.8,0.0,0.0,0.0,12,181.6,185.4,9,156.0,182.8,182.8,182.8,1.0,18280.0,289
2023-05-10 09:40:02,IO2312-P-4000,IO2312-P-4000,182.8,0.0,0.0,0.0,12,181.6,185.4,3,156.0,182.8,182.8,182.8,1.0,18280.0,289
2023-05-10 09:40:03,IO2312-P-4000,IO2312-P-4000,182.8,0.0,0.0,0.0,12,181.6,185.6,36,156.0,182.8,182.8,182.8,1.0,18280.0,289
2023-05-10 09:40:03,IO2312-P-4000,IO2312-P-4000,182.8,0.0,0.0,0.0,15,181.6,185.6,24,156.0,182.8,182.8,182.8,1.0,18280.0,289
2023-05-10 09:40:04,IO2312-P-4000,IO2312-P-4000,182.8,0.0,0.0,0.0,15,181.6,185.6,15,156.0,182.8,182.8,182.8,1.0,18280.0,289
2023-05-10 09:40:04,IO2312-P-4000,IO2312-P-4000,182.8,0.0,0.0,0.0,6,181.8,185.6,3,156.0,182.8,182.8,182.8,1.0,18280.0,289
2023-05-10 09:40:05,IO2312-P-4000,IO2312-P-4000,182.8,0.0,0.0,0.0,6,181.8,185.8,18,156.0,182.8,182.8,182.8,1.0,18280.0,289
2023-05-10 09:40:05,IO2312-P-4000,IO2312-P-4000,182.8,0.0,0.0,0.0,8,182.0,186.0,36,156.0,182.8,182.8,182.8,1.0,18280.0,289
2023-05-10 09:40:06,IO2312-P-4000,IO2312-P-4000,182.8,0.0,0.0,0.0,17,182.0,186.0,21,156.0,182.8,182.8,182.8,1.0,18280.0,289
2023-05-10 09:40:06,IO2312-P-4000,IO2312-P-4000,182.8,0.0,0.0,0.0,6,182.2,186.0,9,156.0,182.8,182.8,182.8,1.0,18280.0,289
2023-05-10 09:40:07,IO2312-P-4000,IO2312-P-4000,182.8,0.0,0.0,0.0,6,182.2,186.0,3,156.0,182.8,182.8,182.8,1.0,18280.0,289
2023-05-10 09:40:07,IO2312-P-4000,IO2312-P-4000,182.8,0.0,0.0,0.0,6,182.2,186.2,2,156.0,182.8,182.8,182.8,1.0,18280.0,289
2023-05-10 09:40:08,IO2312-P-4000,IO2312-P-4000,182.8,0.0,0.0,0.0,8,182.2,185.8,1,156.0,182.8,182.8,182.8,1.0,18280.0,289
2023-05-10 09:40:08,IO2312-P-4000,IO2312-P-4000,182.8,0.0,0.0,0.0,6,182.4,185.8,1,156.0,182.8,182.8,182.8,1.0,18280.0,289
2023-05-10 09:40:10,IO2312-P-4000,IO2312-P-4000,182.8,0.0,0.0,0.0,15,182.0,185.8,1,156.0,182.8,182.8,182.8,1.0,18280.0,289
2023-05-10 09:40:10,IO2312-P-4000,IO2312-P-4000,182.8,0.0,0.0,0.0,6,182.0,185.8,1,156.0,182.8,182.8,182.8,1.0,18280.0,289
2023-05-10 09:40:12,IO2312-P-4000,IO2312-P-4000,182.8,0.0,0.0,0.0,6,181.8,185.8,1,156.0,182.8,182.8,182.8,1.0,18280.0,289
2023-05-10 09:40:14,IO2312-P-4000,IO2312-P-4000,182.8,0.0,0.0,0.0,36,181.6,185.6,6,156.0,182.8,182.8,182.8,1.0,18280.0,289
2023-05-10 09:40:14,IO2312-P-4000,IO2312-P-4000,182.8,0.0,0.0,0.0,24,181.6,185.2,1,156.0,182.8,182.8,182.8,1.0,18280.0,289
2023-05-10 09:40:17,IO2312-P-4000,IO2312-P-4000,182.8,0.0,0.0,0.0,24,181.6,185.6,9,156.0,182.8,182.8,182.8,1.0,18280.0,289
2023-05-10 09:40:19,IO2312-P-4000,IO2312-P-4000,182.8,0.0,0.0,0.0,29,181.6,185.6,9,156.0,182.8,182.8,182.8,1.0,18280.0,289
2023-05-10 09:40:20,IO2312-P-4000,IO2312-P-4000,182.8,0.0,0.0,0.0,6,181.8,185.8,6,156.0,182.8,182.8,182.8,1.0,18280.0,289
2023-05-10 09:40:21,IO2312-P-4000,IO2312-P-4000,182.8,0.0,0.0,0.0,13,181.8,186.0,18,156.0,182.8,182.8,182.8,1.0,18280.0,289
2023-05-10 09:40:21,IO2312-P-4000,IO2312-P-4000,182.8,0.0,0.0,0.0,6,182.0,186.0,12,156.0,182.8,182.8,182.8,1.0,18280.0,289
2023-05-10 09:40:22,IO2312-P-4000,IO2312-P-4000,182.8,0.0,0.0,0.0,6,182.0,186.0,7,156.0,182.8,182.8,182.8,1.0,18280.0,289
2023-05-10 09:40:25,IO2312-P-4000,IO2312-P-4000,182.8,0.0,0.0,0.0,9,182.0,186.0,7,156.0,182.8,182.8,182.8,1.0,18280.0,289
2023-05-10 09:40:26,IO2312-P-4000,IO2312-P-4000,182.8,0.0,0.0,0.0,14,182.2,186.2,15,156.0,182.8,182.8,182.8,1.0,18280.0,289
2023-05-10 09:40:26,IO2312-P-4000,IO2312-P-4000,182.8,0.0,0.0,0.0,6,182.4,186.4,13,156.0,182.8,182.8,182.8,1.0,18280.0,289
2023-05-10 09:40:27,IO2312-P-4000,IO2312-P-4000,182.8,0.0,0.0,0.0,11,182.4,186.4,1,156.0,182.8,182.8,182.8,1.0,18280.0,289
2023-05-10 09:40:27,IO2312-P-4000,IO2312-P-4000,182.8,0.0,0.0,0.0,6,182.6,186.4,1,156.0,182.8,182.8,182.8,1.0,18280.0,289
2023-05-10 09:40:28,IO2312-P-4000,IO2312-P-4000,182.8,0.0,0.0,0.0,14,182.6,185.6,1,156.0,182.8,182.8,182.8,1.0,18280.0,289
2023-05-10 09:40:28,IO2312-P-4000,IO2312-P-4000,182.8,0.0,0.0,0.0,6,182.8,185.6,1,156.0,182.8,182.8,182.8,1.0,18280.0,289
2023-05-10 09:40:31,IO2312-P-4000,IO2312-P-4000,182.8,0.0,0.0,0.0,8,182.8,186.2,1,156.0,182.8,182.8,182.8,1.0,18280.0,289
2023-05-10 09:40:31,IO2312-P-4000,IO2312-P-4000,182.8,0.0,0.0,0.0,12,183.0,186.2,1,156.0,182.8,182.8,182.8,1.0,18280.0,289
2023-05-10 09:40:32,IO2312-P-4000,IO2312-P-4000,182.8,0.0,0.0,0.0,1,183.6,186.8,30,156.0,182.8,182.8,182.8,1.0,18280.0,289
2023-05-10 09:40:32,IO2312-P-4000,IO2312-P-4000,182.8,0.0,0.0,0.0,7,183.6,186.8,6,156.0,182.8,182.8,182.8,1.0,18280.0,289
2023-05-10 09:40:33,IO2312-P-4000,IO2312-P-4000,182.8,0.0,0.0,0.0,15,183.6,187.0,3,156.0,182.8,182.8,182.8,1.0,18280.0,289
2023-05-10 09:40:33,IO2312-P-4000,IO2312-P-4000,182.8,0.0,0.0,0.0,15,183.6,187.2,24,156.0,182.8,182.8,182.8,1.0,18280.0,289
2023-05-10 09:40:34,IO2312-P-4000,IO2312-P-4000,182.8,0.0,0.0,0.0,15,183.6,187.2,12,156.0,182.8,182.8,182.8,1.0,18280.0,289
2023-05-10 09:40:34,IO2312-P-4000,IO2312-P-4000,182.8,0.0,0.0,0.0,15,183.6,187.2,3,156.0,182.8,182.8,182.8,1.0,18280.0,289
2023-05-10 09:40:35,IO2312-P-4000,IO2312-P-4000,182.8,0.0,0.0,0.0,15,183.6,187.4,1,156.0,182.8,182.8,182.8,1.0,18280.0,289
2023-05-10 09:40:38,IO2312-P-4000,IO2312-P-4000,182.8,0.0,0.0,0.0,14,183.6,187.4,1,156.0,182.8,182.8,182.8,1.0,18280.0,289
2023-05-10 09:40:39,IO2312-P-4000,IO2312-P-4000,182.8,0.0,0.0,0.0,8,183.6,187.2,6,156.0,182.8,182.8,182.8,1.0,18280.0,289
2023-05-10 09:40:39,IO2312-P-4000,IO2312-P-4000,182.8,0.0,0.0,0.0,8,183.6,187.0,1,156.0,182.8,182.8,182.8,1.0,18280.0,289
2023-05-10 09:40:40,IO2312-P-4000,IO2312-P-4000,182.8,0.0,0.0,0.0,6,183.6,186.8,6,156.0,182.8,182.8,182.8,1.0,18280.0,289
2023-05-10 09:40:40,IO2312-P-4000,IO2312-P-4000,182.8,0.0,0.0,0.0,6,183.6,186.8,9,156.0,182.8,182.8,182.8,1.0,18280.0,289
2023-05-10 09:40:41,IO2312-P-4000,IO2312-P-4000,182.8,0.0,0.0,0.0,6,183.6,186.6,6,156.0,182.8,182.8,182.8,1.0,18280.0,289
2023-05-10 09:40:42,IO2312-P-4000,IO2312-P-4000,182.8,0.0,0.0,0.0,6,183.6,185.8,1,156.0,182.8,182.8,182.8,1.0,18280.0,289
2023-05-10 09:40:43,IO2312-P-4000,IO2312-P-4000,182.8,0.0,0.0,0.0,12,183.2,185.8,1,156.0,182.8,182.8,182.8,1.0,18280.0,289
2023-05-10 09:40:44,IO2312-P-4000,IO2312-P-4000,182.8,0.0,0.0,0.0,24,183.0,185.8,1,156.0,182.8,182.8,182.8,1.0,18280.0,289
2023-05-10 09:40:44,IO2312-P-4000,IO2312-P-4000,182.8,0.0,0.0,0.0,12,183.0,185.8,1,156.0,182.8,182.8,182.8,1.0,18280.0,289
2023-05-10 09:40:45,IO2312-P-4000,IO2312-P-4000,182.8,0.0,0.0,0.0,20,182.6,185.8,1,156.0,182.8,182.8,182.8,1.0,18280.0,289
2023-05-10 09:40:45,IO2312-P-4000,IO2312-P-4000,182.8,0.0,0.0,0.0,12,182.6,185.8,1,156.0,182.8,182.8,182.8,1.0,18280.0,289
2023-05-10 09:40:46,IO2312-P-4000,IO2312-P-4000,182.8,0.0,0.0,0.0,6,182.6,185.8,1,156.0,182.8,182.8,182.8,1.0,18280.0,289
2023-05-10 09:40:47,IO2312-P-4000,IO2312-P-4000,182.8,0.0,0.0,0.0,2,182.8,186.2,9,156.0,182.8,182.8,182.8,1.0,18280.0,289
2023-05-10 09:40:48,IO2312-P-4000,IO2312-P-4000,182.8,0.0,0.0,0.0,3,182.8,186.2,6,156.0,182.8,182.8,182.8,1.0,18280.0,289
2023-05-10 09:40:51,IO2312-P-4000,IO2312-P-4000,182.8,0.0,0.0,0.0,9,182.8,186.4,18,156.0,182.8,182.8,182.8,1.0,18280.0,289
2023-05-10 09:40:51,IO2312-P-4000,IO2312-P-4000,182.8,0.0,0.0,0.0,12,182.8,186.6,3,156.0,182.8,182.8,182.8,1.0,18280.0,289
2023-05-10 09:40:52,IO2312-P-4000,IO2312-P-4000,182.8,0.0,0.0,0.0,12,182.8,186.8,30,156.0,182.8,182.8,182.8,1.0,18280.0,289
2023-05-10 09:40:52,IO2312-P-4000,IO2312-P-4000,182.8,0.0,0.0,0.0,12,182.8,186.8,18,156.0,182.8,182.8,182.8,1.0,18280.0,289
2023-05-10 09:40:53,IO2312-P-4000,IO2312-P-4000,182.8,0.0,0.0,0.0,12,182.8,186.8,12,156.0,182.8,182.8,182.8,1.0,18280.0,289
2023-05-10 09:40:53,IO2312-P-4000,IO2312-P-4000,182.8,0.0,0.0,0.0,12,182.8,186.8,6,156.0,182.8,182.8,182.8,1.0,18280.0,289
2023-05-10 09:40:55,IO2312-P-4000,IO2312-P-4000,182.8,0.0,0.0,0.0,9,182.8,186.8,6,156.0,182.8,182.8,182.8,1.0,18280.0,289
2023-05-10 09:40:57,IO2312-P-4000,IO2312-P-4000,182.8,0.0,0.0,0.0,8,182.8,186.6,1,156.0,182.8,182.8,182.8,1.0,18280.0,289
2023-05-10 09:41:01,IO2312-P-4000,IO2312-P-4000,182.8,0.0,0.0,0.0,8,182.8,186.8,6,156.0,182.8,182.8,182.8,1.0,18280.0,289
2023-05-10 09:41:02,IO2312-P-4000,IO2312-P-4000,182.8,0.0,0.0,0.0,11,182.8,186.8,7,156.0,182.8,182.8,182.8,1.0,18280.0,289
2023-05-10 09:41:02,IO2312-P-4000,IO2312-P-4000,182.8,0.0,0.0,0.0,11,182.8,186.4,1,156.0,182.8,182.8,182.8,1.0,18280.0,289
2023-05-10 09:41:04,IO2312-P-4000,IO2312-P-4000,182.8,0.0,0.0,0.0,6,183.0,186.4,1,156.0,182.8,182.8,182.8,1.0,18280.0,289
2023-05-10 09:41:04,IO2312-P-4000,IO2312-P-4000,182.8,0.0,0.0,0.0,2,183.2,187.0,4,156.0,182.8,182.8,182.8,1.0,18280.0,289
2023-05-10 09:41:05,IO2312-P-4000,IO2312-P-4000,182.8,0.0,0.0,0.0,11,183.2,186.6,1,156.0,182.8,182.8,182.8,1.0,18280.0,289
2023-05-10 09:41:05,IO2312-P-4000,IO2312-P-4000,182.8,0.0,0.0,0.0,6,183.4,186.6,1,156.0,182.8,182.8,182.8,1.0,18280.0,289
2023-05-10 09:41:06,IO2312-P-4000,IO2312-P-4000,182.8,0.0,0.0,0.0,8,183.6,187.2,7,156.0,182.8,182.8,182.8,1.0,18280.0,289
2023-05-10 09:41:06,IO2312-P-4000,IO2312-P-4000,182.8,0.0,0.0,0.0,14,183.6,187.2,1,156.0,182.8,182.8,182.8,1.0,18280.0,289
2023-05-10 09:41:07,IO2312-P-4000,IO2312-P-4000,182.8,0.0,0.0,0.0,29,183.6,187.2,1,156.0,182.8,182.8,182.8,1.0,18280.0,289
2023-05-10 09:41:07,IO2312-P-4000,IO2312-P-4000,182.8,0.0,0.0,0.0,6,183.8,187.2,1,156.0,182.8,182.8,182.8,1.0,18280.0,289
2023-05-10 09:41:08,IO2312-P-4000,IO2312-P-4000,182.8,0.0,0.0,0.0,2,184.0,187.2,1,156.0,182.8,182.8,182.8,1.0,18280.0,289
2023-05-10 09:41:08,IO2312-P-4000,IO2312-P-4000,182.8,0.0,0.0,0.0,8,184.0,187.2,1,156.0,182.8,182.8,182.8,1.0,18280.0,289
2023-05-10 09:41:10,IO2312-P-4000,IO2312-P-4000,182.8,0.0,0.0,0.0,6,184.0,187.2,1,156.0,182.8,182.8,182.8,1.0,18280.0,289
2023-05-10 09:41:12,IO2312-P-4000,IO2312-P-4000,182.8,0.0,0.0,0.0,6,184.0,187.4,3,156.0,182.8,182.8,182.8,1.0,18280.0,289
2023-05-10 09:41:12,IO2312-P-4000,IO2312-P-4000,182.8,0.0,0.0,0.0,6,184.0,187.6,18,156.0,182.8,182.8,182.8,1.0,18280.0,289
2023-05-10 09:41:13,IO2312-P-4000,IO2312-P-4000,182.8,0.0,0.0,0.0,6,184.0,187.8,19,156.0,182.8,182.8,182.8,1.0,18280.0,289
2023-05-10 09:41:13,IO2312-P-4000,IO2312-P-4000,182.8,0.0,0.0,0.0,6,184.0,187.8,10,156.0,182.8,182.8,182.8,1.0,18280.0,289
2023-05-10 09:41:14,IO2312-P-4000,IO2312-P-4000,182.8,0.0,0.0,0.0,8,184.0,187.8,10,156.0,182.8,182.8,182.8,1.0,18280.0,289
2023-05-10 09:41:15,IO2312-P-4000,IO2312-P-4000,182.8,0.0,0.0,0.0,38,183.6,187.6,7,156.0,182.8,182.8,182.8,1.0,18280.0,289
2023-05-10 09:41:15,IO2312-P-4000,IO2312-P-4000,182.8,0.0,0.0,0.0,26,183.6,187.6,7,156.0,182.8,182.8,182.8,1.0,18280.0,289
2023-05-10 09:41:16,IO2312-P-4000,IO2312-P-4000,182.8,0.0,0.0,0.0,26,183.6,187.6,6,156.0,182.8,182.8,182.8,1.0,18280.0,289
2023-05-10 09:41:17,IO2312-P-4000,IO2312-P-4000,182.8,0.0,0.0,0.0,6,183.8,187.8,10,156.0,182.8,182.8,182.8,1.0,18280.0,289
2023-05-10 09:41:17,IO2312-P-4000,IO2312-P-4000,182.8,0.0,0.0,0.0,2,184.0,187.8,10,156.0,182.8,182.8,182.8,1.0,18280.0,289
2023-05-10 09:41:18,IO2312-P-4000,IO2312-P-4000,182.8,0.0,0.0,0.0,8,184.0,187.8,10,156.0,182.8,182.8,182.8,1.0,18280.0,289
2023-05-10 09:41:18,IO2312-P-4000,IO2312-P-4000,182.8,0.0,0.0,0.0,8,184.0,187.8,9,156.0,182.8,182.8,182.8,1.0,18280.0,289
2023-05-10 09:41:19,IO2312-P-4000,IO2312-P-4000,182.8,0.0,0.0,0.0,6,184.0,187.8,9,156.0,182.8,182.8,182.8,1.0,18280.0,289
2023-05-10 09:41:23,IO2312-P-4000,IO2312-P-4000,182.8,0.0,0.0,0.0,6,184.0,187.8,10,156.0,182.8,182.8,182.8,1.0,18280.0,289
2023-05-10 09:41:23,IO2312-P-4000,IO2312-P-4000,182.8,0.0,0.0,0.0,6,184.0,187.4,1,156.0,182.8,182.8,182.8,1.0,18280.0,289
2023-05-10 09:41:24,IO2312-P-4000,IO2312-P-4000,182.8,0.0,0.0,0.0,30,183.6,187.4,1,156.0,182.8,182.8,182.8,1.0,18280.0,289
2023-05-10 09:41:24,IO2312-P-4000,IO2312-P-4000,182.8,0.0,0.0,0.0,24,183.6,187.4,1,156.0,182.8,182.8,182.8,1.0,18280.0,289
2023-05-10 09:41:35,IO2312-P-4000,IO2312-P-4000,182.8,0.0,0.0,0.0,24,183.6,187.4,2,156.0,182.8,182.8,182.8,1.0,18280.0,289
2023-05-10 09:41:38,IO2312-P-4000,IO2312-P-4000,182.8,0.0,0.0,0.0,24,183.6,187.4,1,156.0,182.8,182.8,182.8,1.0,18280.0,289
2023-05-10 09:41:41,IO2312-P-4000,IO2312-P-4000,182.8,0.0,0.0,0.0,18,183.6,187.2,6,156.0,182.8,182.8,182.8,1.0,18280.0,289
2023-05-10 09:41:42,IO2312-P-4000,IO2312-P-4000,182.8,0.0,0.0,0.0,12,183.6,186.8,1,156.0,182.8,182.8,182.8,1.0,18280.0,289
2023-05-10 09:41:42,IO2312-P-4000,IO2312-P-4000,182.8,0.0,0.0,0.0,6,183.6,186.8,1,156.0,182.8,182.8,182.8,1.0,18280.0,289
2023-05-10 09:41:43,IO2312-P-4000,IO2312-P-4000,182.8,0.0,0.0,0.0,18,183.0,186.8,1,156.0,182.8,182.8,182.8,1.0,18280.0,289
2023-05-10 09:41:43,IO2312-P-4000,IO2312-P-4000,182.8,0.0,0.0,0.0,6,183.0,186.6,6,156.0,182.8,182.8,182.8,1.0,18280.0,289
2023-05-10 09:41:44,IO2312-P-4000,IO2312-P-4000,182.8,0.0,0.0,0.0,30,182.8,186.6,9,156.0,182.8,182.8,182.8,1.0,18280.0,289
2023-05-10 09:41:44,IO2312-P-4000,IO2312-P-4000,182.8,0.0,0.0,0.0,12,182.8,186.4,1,156.0,182.8,182.8,182.8,1.0,18280.0,289
2023-05-10 09:41:45,IO2312-P-4000,IO2312-P-4000,182.8,0.0,0.0,0.0,26,182.6,186.4,1,156.0,182.8,182.8,182.8,1.0,18280.0,289
2023-05-10 09:41:45,IO2312-P-4000,IO2312-P-4000,182.8,0.0,0.0,0.0,24,182.6,186.4,1,156.0,182.8,182.8,182.8,1.0,18280.0,289
2023-05-10 09:41:46,IO2312-P-4000,IO2312-P-4000,182.8,0.0,0.0,0.0,27,182.6,186.4,1,156.0,182.8,182.8,182.8,1.0,18280.0,289
2023-05-10 09:41:47,IO2312-P-4000,IO2312-P-4000,182.8,0.0,0.0,0.0,27,182.6,186.6,9,156.0,182.8,182.8,182.8,1.0,18280.0,289
2023-05-10 09:41:48,IO2312-P-4000,IO2312-P-4000,182.8,0.0,0.0,0.0,14,182.8,186.6,3,156.0,182.8,182.8,182.8,1.0,18280.0,289
2023-05-10 09:41:48,IO2312-P-4000,IO2312-P-4000,182.8,0.0,0.0,0.0,15,183.0,186.8,6,156.0,182.8,182.8,182.8,1.0,18280.0,289
2023-05-10 09:41:49,IO2312-P-4000,IO2312-P-4000,182.8,0.0,0.0,0.0,8,183.2,187.2,30,156.0,182.8,182.8,182.8,1.0,18280.0,289
2023-05-10 09:41:49,IO2312-P-4000,IO2312-P-4000,182.8,0.0,0.0,0.0,9,183.4,187.2,9,156.0,182.8,182.8,182.8,1.0,18280.0,289
2023-05-10 09:41:50,IO2312-P-4000,IO2312-P-4000,182.8,0.0,0.0,0.0,6,183.4,187.2,3,156.0,182.8,182.8,182.8,1.0,18280.0,289
2023-05-10 09:41:50,IO2312-P-4000,IO2312-P-4000,182.8,0.0,0.0,0.0,6,183.4,187.4,18,156.0,182.8,182.8,182.8,1.0,18280.0,289
2023-05-10 09:41:51,IO2312-P-4000,IO2312-P-4000,182.8,0.0,0.0,0.0,6,183.4,187.4,6,156.0,182.8,182.8,182.8,1.0,18280.0,289
2023-05-10 09:41:51,IO2312-P-4000,IO2312-P-4000,182.8,0.0,0.0,0.0,6,183.4,187.4,9,156.0,182.8,182.8,182.8,1.0,18280.0,289
2023-05-10 09:41:52,IO2312-P-4000,IO2312-P-4000,182.8,0.0,0.0,0.0,9,183.4,187.4,3,156.0,182.8,182.8,182.8,1.0,18280.0,289
2023-05-10 09:41:52,IO2312-P-4000,IO2312-P-4000,182.8,0.0,0.0,0.0,6,183.6,187.6,31,156.0,182.8,182.8,182.8,1.0,18280.0,289
2023-05-10 09:41:53,IO2312-P-4000,IO2312-P-4000,182.8,0.0,0.0,0.0,12,183.6,187.6,19,156.0,182.8,182.8,182.8,1.0,18280.0,289
2023-05-10 09:41:53,IO2312-P-4000,IO2312-P-4000,182.8,0.0,0.0,0.0,6,183.8,187.6,10,156.0,182.8,182.8,182.8,1.0,18280.0,289
2023-05-10 09:41:54,IO2312-P-4000,IO2312-P-4000,182.8,0.0,0.0,0.0,6,183.8,187.6,3,156.0,182.8,182.8,182.8,1.0,18280.0,289
2023-05-10 09:41:55,IO2312-P-4000,IO2312-P-4000,182.8,0.0,0.0,0.0,6,183.8,187.8,18,156.0,182.8,182.8,182.8,1.0,18280.0,289
2023-05-10 09:41:55,IO2312-P-4000,IO2312-P-4000,182.8,0.0,0.0,0.0,6,183.8,187.8,6,156.0,182.8,182.8,182.8,1.0,18280.0,289
2023-05-10 09:41:56,IO2312-P-4000,IO2312-P-4000,182.8,0.0,0.0,0.0,6,183.8,187.8,9,156.0,182.8,182.8,182.8,1.0,18280.0,289
2023-05-10 09:41:59,IO2312-P-4000,IO2312-P-4000,182.8,0.0,0.0,0.0,6,183.8,187.8,10,156.0,182.8,182.8,182.8,1.0,18280.0,289
2023-05-10 09:42:01,IO2312-P-4000,IO2312-P-4000,182.8,0.0,0.0,0.0,6,183.8,187.8,9,156.0,182.8,182.8,182.8,1.0,18280.0,289
2023-05-10 09:42:01,IO2312-P-4000,IO2312-P-4000,182.8,0.0,0.0,0.0,10,183.8,187.8,3,156.0,182.8,182.8,182.8,1.0,18280.0,289
2023-05-10 09:42:02,IO2312-P-4000,IO2312-P-4000,182.8,0.0,0.0,0.0,8,184.0,188.0,12,156.0,182.8,182.8,182.8,1.0,18280.0,289
2023-05-10 09:42:02,IO2312-P-4000,IO2312-P-4000,182.8,0.0,0.0,0.0,9,184.2,188.2,12,156.0,182.8,182.8,182.8,1.0,18280.0,289
2023-05-10 09:42:03,IO2312-P-4000,IO2312-P-4000,182.8,0.0,0.0,0.0,12,184.4,188.2,3,156.0,182.8,182.8,182.8,1.0,18280.0,289
2023-05-10 09:42:03,IO2312-P-4000,IO2312-P-4000,182.8,0.0,0.0,0.0,6,184.6,188.4,6,156.0,182.8,182.8,182.8,1.0,18280.0,289
2023-05-10 09:42:04,IO2312-P-4000,IO2312-P-4000,182.8,0.0,0.0,0.0,12,184.6,188.6,24,156.0,182.8,182.8,182.8,1.0,18280.0,289
2023-05-10 09:42:04,IO2312-P-4000,IO2312-P-4000,182.8,0.0,0.0,0.0,12,184.6,188.6,27,156.0,182.8,182.8,182.8,1.0,18280.0,289
2023-05-10 09:42:07,IO2312-P-4000,IO2312-P-4000,182.8,0.0,0.0,0.0,12,184.6,188.4,1,156.0,182.8,182.8,182.8,1.0,18280.0,289
2023-05-10 09:42:16,IO2312-P-4000,IO2312-P-4000,182.8,0.0,0.0,0.0,6,184.6,188.2,9,156.0,182.8,182.8,182.8,1.0,18280.0,289
2023-05-10 09:42:17,IO2312-P-4000,IO2312-P-4000,182.8,0.0,0.0,0.0,6,184.6,187.8,1,156.0,182.8,182.8,182.8,1.0,18280.0,289
2023-05-10 09:42:20,IO2312-P-4000,IO2312-P-4000,182.8,0.0,0.0,0.0,6,184.6,188.2,9,156.0,182.8,182.8,182.8,1.0,18280.0,289
2023-05-10 09:42:24,IO2312-P-4000,IO2312-P-4000,182.8,0.0,0.0,0.0,6,184.8,188.2,3,156.0,182.8,182.8,182.8,1.0,18280.0,289
2023-05-10 09:42:24,IO2312-P-4000,IO2312-P-4000,182.8,0.0,0.0,0.0,6,184.8,188.4,7,156.0,182.8,182.8,182.8,1.0,18280.0,289
2023-05-10 09:42:25,IO2312-P-4000,IO2312-P-4000,182.8,0.0,0.0,0.0,6,184.8,188.4,1,156.0,182.8,182.8,182.8,1.0,18280.0,289
2023-05-10 09:42:46,IO2312-P-4000,IO2312-P-4000,182.8,0.0,0.0,0.0,6,184.6,188.4,7,156.0,182.8,182.8,182.8,1.0,18280.0,289
2023-05-10 09:42:47,IO2312-P-4000,IO2312-P-4000,182.8,0.0,0.0,0.0,6,184.6,187.8,1,156.0,182.8,182.8,182.8,1.0,18280.0,289
2023-05-10 09:42:50,IO2312-P-4000,IO2312-P-4000,182.8,0.0,0.0,0.0,6,184.6,188.0,3,156.0,182.8,182.8,182.8,1.0,18280.0,289
2023-05-10 09:42:51,IO2312-P-4000,IO2312-P-4000,182.8,0.0,0.0,0.0,6,184.6,188.0,1,156.0,182.8,182.8,182.8,1.0,18280.0,289
2023-05-10 09:43:00,IO2312-P-4000,IO2312-P-4000,182.8,0.0,0.0,0.0,6,184.8,188.0,1,156.0,182.8,182.8,182.8,1.0,18280.0,289
2023-05-10 09:43:01,IO2312-P-4000,IO2312-P-4000,182.8,0.0,0.0,0.0,6,184.8,188.2,3,156.0,182.8,182.8,182.8,1.0,18280.0,289
2023-05-10 09:43:02,IO2312-P-4000,IO2312-P-4000,182.8,0.0,0.0,0.0,6,184.8,187.6,1,156.0,182.8,182.8,182.8,1.0,18280.0,289
2023-05-10 09:43:05,IO2312-P-4000,IO2312-P-4000,182.8,0.0,0.0,0.0,6,184.6,187.6,1,156.0,182.8,182.8,182.8,1.0,18280.0,289
2023-05-10 09:43:13,IO2312-P-4000,IO2312-P-4000,182.8,0.0,0.0,0.0,30,184.0,187.6,7,156.0,182.8,182.8,182.8,1.0,18280.0,289
2023-05-10 09:43:13,IO2312-P-4000,IO2312-P-4000,182.8,0.0,0.0,0.0,12,184.0,186.4,1,156.0,182.8,182.8,182.8,1.0,18280.0,289
2023-05-10 09:43:14,IO2312-P-4000,IO2312-P-4000,182.8,0.0,0.0,0.0,24,183.6,186.4,1,156.0,182.8,182.8,182.8,1.0,18280.0,289
2023-05-10 09:43:14,IO2312-P-4000,IO2312-P-4000,182.8,0.0,0.0,0.0,18,183.6,186.4,1,156.0,182.8,182.8,182.8,1.0,18280.0,289
2023-05-10 09:43:15,IO2312-P-4000,IO2312-P-4000,182.8,0.0,0.0,0.0,12,183.6,186.4,1,156.0,182.8,182.8,182.8,1.0,18280.0,289
2023-05-10 09:43:15,IO2312-P-4000,IO2312-P-4000,182.8,0.0,0.0,0.0,6,183.6,186.4,1,156.0,182.8,182.8,182.8,1.0,18280.0,289
2023-05-10 09:43:16,IO2312-P-4000,IO2312-P-4000,182.8,0.0,0.0,0.0,9,183.6,186.4,1,156.0,182.8,182.8,182.8,1.0,18280.0,289
2023-05-10 09:43:17,IO2312-P-4000,IO2312-P-4000,182.8,0.0,0.0,0.0,12,183.6,186.4,1,156.0,182.8,182.8,182.8,1.0,18280.0,289
2023-05-10 09:43:18,IO2312-P-4000,IO2312-P-4000,182.8,0.0,0.0,0.0,6,183.6,186.4,1,156.0,182.8,182.8,182.8,1.0,18280.0,289
2023-05-10 09:43:18,IO2312-P-4000,IO2312-P-4000,182.8,0.0,0.0,0.0,9,183.6,186.4,1,156.0,182.8,182.8,182.8,1.0,18280.0,289
2023-05-10 09:43:19,IO2312-P-4000,IO2312-P-4000,182.8,0.0,0.0,0.0,6,183.6,186.4,1,156.0,182.8,182.8,182.8,1.0,18280.0,289
2023-05-10 09:43:40,IO2312-P-4000,IO2312-P-4000,182.8,0.0,0.0,0.0,6,183.6,186.8,12,156.0,182.8,182.8,182.8,1.0,18280.0,289
2023-05-10 09:43:41,IO2312-P-4000,IO2312-P-4000,182.8,0.0,0.0,0.0,6,183.6,186.8,6,156.0,182.8,182.8,182.8,1.0,18280.0,289
2023-05-10 09:43:42,IO2312-P-4000,IO2312-P-4000,182.8,0.0,0.0,0.0,15,183.6,187.0,1,156.0,182.8,182.8,182.8,1.0,18280.0,289
2023-05-10 09:43:43,IO2312-P-4000,IO2312-P-4000,182.8,0.0,0.0,0.0,21,183.6,187.0,1,156.0,182.8,182.8,182.8,1.0,18280.0,289
2023-05-10 09:43:43,IO2312-P-4000,IO2312-P-4000,182.8,0.0,0.0,0.0,27,183.6,187.0,1,156.0,182.8,182.8,182.8,1.0,18280.0,289
2023-05-10 09:43:45,IO2312-P-4000,IO2312-P-4000,182.8,0.0,0.0,0.0,24,183.6,187.0,1,156.0,182.8,182.8,182.8,1.0,18280.0,289
2023-05-10 09:43:46,IO2312-P-4000,IO2312-P-4000,182.8,0.0,0.0,0.0,2,183.8,187.0,1,156.0,182.8,182.8,182.8,1.0,18280.0,289
2023-05-10 09:43:47,IO2312-P-4000,IO2312-P-4000,182.8,0.0,0.0,0.0,2,183.8,187.4,6,156.0,182.8,182.8,182.8,1.0,18280.0,289
2023-05-10 09:43:48,IO2312-P-4000,IO2312-P-4000,182.8,0.0,0.0,0.0,2,183.8,187.6,25,156.0,182.8,182.8,182.8,1.0,18280.0,289
2023-05-10 09:43:48,IO2312-P-4000,IO2312-P-4000,182.8,0.0,0.0,0.0,2,183.8,187.6,19,156.0,182.8,182.8,182.8,1.0,18280.0,289
2023-05-10 09:43:49,IO2312-P-4000,IO2312-P-4000,182.8,0.0,0.0,0.0,2,183.8,187.6,13,156.0,182.8,182.8,182.8,1.0,18280.0,289
2023-05-10 09:43:50,IO2312-P-4000,IO2312-P-4000,182.8,0.0,0.0,0.0,6,184.0,187.6,1,156.0,182.8,182.8,182.8,1.0,18280.0,289
2023-05-10 09:43:50,IO2312-P-4000,IO2312-P-4000,182.8,0.0,0.0,0.0,14,184.0,187.6,1,156.0,182.8,182.8,182.8,1.0,18280.0,289
2023-05-10 09:43:51,IO2312-P-4000,IO2312-P-4000,182.8,0.0,0.0,0.0,11,184.0,187.6,1,156.0,182.8,182.8,182.8,1.0,18280.0,289
2023-05-10 09:43:51,IO2312-P-4000,IO2312-P-4000,182.8,0.0,0.0,0.0,14,184.0,187.6,1,156.0,182.8,182.8,182.8,1.0,18280.0,289
2023-05-10 09:43:52,IO2312-P-4000,IO2312-P-4000,182.8,0.0,0.0,0.0,11,184.0,187.6,1,156.0,182.8,182.8,182.8,1.0,18280.0,289
2023-05-10 09:43:58,IO2312-P-4000,IO2312-P-4000,182.8,0.0,0.0,0.0,8,184.0,187.6,1,156.0,182.8,182.8,182.8,1.0,18280.0,289
2023-05-10 09:44:00,IO2312-P-4000,IO2312-P-4000,182.8,0.0,0.0,0.0,6,184.0,187.6,1,156.0,182.8,182.8,182.8,1.0,18280.0,289
2023-05-10 09:44:01,IO2312-P-4000,IO2312-P-4000,182.8,0.0,0.0,0.0,8,184.0,187.6,1,156.0,182.8,182.8,182.8,1.0,18280.0,289
2023-05-10 09:44:03,IO2312-P-4000,IO2312-P-4000,182.8,0.0,0.0,0.0,11,184.0,187.6,1,156.0,182.8,182.8,182.8,1.0,18280.0,289
2023-05-10 09:44:03,IO2312-P-4000,IO2312-P-4000,182.8,0.0,0.0,0.0,6,184.2,188.0,18,156.0,182.8,182.8,182.8,1.0,18280.0,289
2023-05-10 09:44:04,IO2312-P-4000,IO2312-P-4000,182.8,0.0,0.0,0.0,2,184.4,188.2,7,156.0,182.8,182.8,182.8,1.0,18280.0,289
2023-05-10 09:44:04,IO2312-P-4000,IO2312-P-4000,182.8,0.0,0.0,0.0,8,184.4,188.2,1,156.0,182.8,182.8,182.8,1.0,18280.0,289
2023-05-10 09:44:13,IO2312-P-4000,IO2312-P-4000,182.8,0.0,0.0,0.0,6,184.4,188.2,1,156.0,182.8,182.8,182.8,1.0,18280.0,289
2023-05-10 09:44:14,IO2312-P-4000,IO2312-P-4000,182.8,0.0,0.0,0.0,2,184.2,188.0,6,156.0,182.8,182.8,182.8,1.0,18280.0,289
2023-05-10 09:44:14,IO2312-P-4000,IO2312-P-4000,182.8,0.0,0.0,0.0,2,184.2,187.4,1,156.0,182.8,182.8,182.8,1.0,18280.0,289
2023-05-10 09:44:20,IO2312-P-4000,IO2312-P-4000,182.8,0.0,0.0,0.0,6,184.4,187.4,1,156.0,182.8,182.8,182.8,1.0,18280.0,289
2023-05-10 09:44:21,IO2312-P-4000,IO2312-P-4000,182.8,0.0,0.0,0.0,8,184.4,187.4,1,156.0,182.8,182.8,182.8,1.0,18280.0,289
2023-05-10 09:44:24,IO2312-P-4000,IO2312-P-4000,182.8,0.0,0.0,0.0,6,184.4,187.4,1,156.0,182.8,182.8,182.8,1.0,18280.0,289
2023-05-10 09:44:26,IO2312-P-4000,IO2312-P-4000,182.8,0.0,0.0,0.0,6,184.4,188.0,4,156.0,182.8,182.8,182.8,1.0,18280.0,289
2023-05-10 09:44:26,IO2312-P-4000,IO2312-P-4000,182.8,0.0,0.0,0.0,8,184.4,187.6,1,156.0,182.8,182.8,182.8,1.0,18280.0,289
2023-05-10 09:44:27,IO2312-P-4000,IO2312-P-4000,182.8,0.0,0.0,0.0,6,184.4,187.6,1,156.0,182.8,182.8,182.8,1.0,18280.0,289
2023-05-10 09:44:29,IO2312-P-4000,IO2312-P-4000,182.8,0.0,0.0,0.0,8,184.0,187.6,1,156.0,182.8,182.8,182.8,1.0,18280.0,289
2023-05-10 09:44:29,IO2312-P-4000,IO2312-P-4000,182.8,0.0,0.0,0.0,6,184.2,187.6,1,156.0,182.8,182.8,182.8,1.0,18280.0,289
2023-05-10 09:44:30,IO2312-P-4000,IO2312-P-4000,182.8,0.0,0.0,0.0,2,184.4,187.6,1,156.0,182.8,182.8,182.8,1.0,18280.0,289
2023-05-10 09:44:30,IO2312-P-4000,IO2312-P-4000,182.8,0.0,0.0,0.0,8,184.4,187.6,1,156.0,182.8,182.8,182.8,1.0,18280.0,289
2023-05-10 09:44:37,IO2312-P-4000,IO2312-P-4000,182.8,0.0,0.0,0.0,6,184.4,187.6,1,156.0,182.8,182.8,182.8,1.0,18280.0,289
2023-05-10 09:44:40,IO2312-P-4000,IO2312-P-4000,182.8,0.0,0.0,0.0,8,184.4,187.6,1,156.0,182.8,182.8,182.8,1.0,18280.0,289
2023-05-10 09:44:42,IO2312-P-4000,IO2312-P-4000,182.8,0.0,0.0,0.0,6,184.4,187.6,1,156.0,182.8,182.8,182.8,1.0,18280.0,289
2023-05-10 09:44:43,IO2312-P-4000,IO2312-P-4000,182.8,0.0,0.0,0.0,6,184.2,187.6,1,156.0,182.8,182.8,182.8,1.0,18280.0,289
2023-05-10 09:44:50,IO2312-P-4000,IO2312-P-4000,182.8,0.0,0.0,0.0,9,184.2,187.6,1,156.0,182.8,182.8,182.8,1.0,18280.0,289
2023-05-10 09:44:50,IO2312-P-4000,IO2312-P-4000,182.8,0.0,0.0,0.0,8,184.4,187.6,1,156.0,182.8,182.8,182.8,1.0,18280.0,289
2023-05-10 09:44:51,IO2312-P-4000,IO2312-P-4000,182.8,0.0,0.0,0.0,6,184.4,187.6,1,156.0,182.8,182.8,182.8,1.0,18280.0,289
2023-05-10 09:44:58,IO2312-P-4000,IO2312-P-4000,182.8,0.0,0.0,0.0,8,184.0,187.6,1,156.0,182.8,182.8,182.8,1.0,18280.0,289
2023-05-10 09:45:01,IO2312-P-4000,IO2312-P-4000,182.8,0.0,0.0,0.0,11,184.0,187.6,1,156.0,182.8,182.8,182.8,1.0,18280.0,289
2023-05-10 09:45:02,IO2312-P-4000,IO2312-P-4000,182.8,0.0,0.0,0.0,6,184.2,187.6,1,156.0,182.8,182.8,182.8,1.0,18280.0,289
2023-05-10 09:45:03,IO2312-P-4000,IO2312-P-4000,182.8,0.0,0.0,0.0,8,184.2,187.6,1,156.0,182.8,182.8,182.8,1.0,18280.0,289
2023-05-10 09:45:03,IO2312-P-4000,IO2312-P-4000,182.8,0.0,0.0,0.0,6,184.4,187.6,1,156.0,182.8,182.8,182.8,1.0,18280.0,289
2023-05-10 09:45:04,IO2312-P-4000,IO2312-P-4000,182.8,0.0,0.0,0.0,8,184.0,187.6,1,156.0,182.8,182.8,182.8,1.0,18280.0,289
2023-05-10 09:45:05,IO2312-P-4000,IO2312-P-4000,182.8,0.0,0.0,0.0,6,184.2,187.6,1,156.0,182.8,182.8,182.8,1.0,18280.0,289
2023-05-10 09:45:08,IO2312-P-4000,IO2312-P-4000,182.8,0.0,0.0,0.0,11,184.2,187.6,1,156.0,182.8,182.8,182.8,1.0,18280.0,289
2023-05-10 09:45:09,IO2312-P-4000,IO2312-P-4000,182.8,0.0,0.0,0.0,6,184.4,187.6,1,156.0,182.8,182.8,182.8,1.0,18280.0,289
2023-05-10 09:45:14,IO2312-P-4000,IO2312-P-4000,182.8,0.0,0.0,0.0,8,184.0,187.6,1,156.0,182.8,182.8,182.8,1.0,18280.0,289
2023-05-10 09:45:14,IO2312-P-4000,IO2312-P-4000,182.8,0.0,0.0,0.0,6,184.2,187.6,1,156.0,182.8,182.8,182.8,1.0,18280.0,289
2023-05-10 09:45:16,IO2312-P-4000,IO2312-P-4000,182.8,0.0,0.0,0.0,33,183.8,187.6,1,156.0,182.8,182.8,182.8,1.0,18280.0,289
2023-05-10 09:45:17,IO2312-P-4000,IO2312-P-4000,182.8,0.0,0.0,0.0,12,183.8,187.6,1,156.0,182.8,182.8,182.8,1.0,18280.0,289
2023-05-10 09:45:17,IO2312-P-4000,IO2312-P-4000,182.8,0.0,0.0,0.0,6,183.8,187.6,1,156.0,182.8,182.8,182.8,1.0,18280.0,289
2023-05-10 09:45:23,IO2312-P-4000,IO2312-P-4000,182.8,0.0,0.0,0.0,9,183.8,187.6,1,156.0,182.8,182.8,182.8,1.0,18280.0,289
2023-05-10 09:45:25,IO2312-P-4000,IO2312-P-4000,182.8,0.0,0.0,0.0,6,183.8,187.6,1,156.0,182.8,182.8,182.8,1.0,18280.0,289
2023-05-10 09:45:40,IO2312-P-4000,IO2312-P-4000,182.8,0.0,0.0,0.0,8,183.8,187.6,1,156.0,182.8,182.8,182.8,1.0,18280.0,289
2023-05-10 09:45:41,IO2312-P-4000,IO2312-P-4000,182.8,0.0,0.0,0.0,6,183.8,187.6,1,156.0,182.8,182.8,182.8,1.0,18280.0,289
2023-05-10 09:45:49,IO2312-P-4000,IO2312-P-4000,182.8,0.0,0.0,0.0,8,183.8,187.6,1,156.0,182.8,182.8,182.8,1.0,18280.0,289
2023-05-10 09:45:50,IO2312-P-4000,IO2312-P-4000,182.8,0.0,0.0,0.0,6,184.0,187.6,1,156.0,182.8,182.8,182.8,1.0,18280.0,289
2023-05-10 09:45:50,IO2312-P-4000,IO2312-P-4000,182.8,0.0,0.0,0.0,9,184.0,187.6,1,156.0,182.8,182.8,182.8,1.0,18280.0,289
2023-05-10 09:45:51,IO2312-P-4000,IO2312-P-4000,182.8,0.0,0.0,0.0,6,184.2,187.6,1,156.0,182.8,182.8,182.8,1.0,18280.0,289
2023-05-10 09:45:54,IO2312-P-4000,IO2312-P-4000,182.8,0.0,0.0,0.0,6,183.8,187.6,1,156.0,182.8,182.8,182.8,1.0,18280.0,289
2023-05-10 09:45:58,IO2312-P-4000,IO2312-P-4000,182.8,0.0,0.0,0.0,8,183.8,187.6,1,156.0,182.8,182.8,182.8,1.0,18280.0,289
2023-05-10 09:46:06,IO2312-P-4000,IO2312-P-4000,182.8,0.0,0.0,0.0,6,184.0,187.6,1,156.0,182.8,182.8,182.8,1.0,18280.0,289
2023-05-10 09:46:07,IO2312-P-4000,IO2312-P-4000,182.8,0.0,0.0,0.0,2,184.2,187.6,1,156.0,182.8,182.8,182.8,1.0,18280.0,289
2023-05-10 09:46:07,IO2312-P-4000,IO2312-P-4000,182.8,0.0,0.0,0.0,6,184.4,187.6,1,156.0,182.8,182.8,182.8,1.0,18280.0,289
2023-05-10 09:46:08,IO2312-P-4000,IO2312-P-4000,182.8,0.0,0.0,0.0,9,184.4,187.6,1,156.0,182.8,182.8,182.8,1.0,18280.0,289
2023-05-10 09:46:09,IO2312-P-4000,IO2312-P-4000,182.8,0.0,0.0,0.0,11,184.4,187.6,1,156.0,182.8,182.8,182.8,1.0,18280.0,289
2023-05-10 09:46:10,IO2312-P-4000,IO2312-P-4000,182.8,0.0,0.0,0.0,14,184.4,187.6,1,156.0,182.8,182.8,182.8,1.0,18280.0,289
2023-05-10 09:46:10,IO2312-P-4000,IO2312-P-4000,182.8,0.0,0.0,0.0,20,184.4,187.6,1,156.0,182.8,182.8,182.8,1.0,18280.0,289
2023-05-10 09:46:11,IO2312-P-4000,IO2312-P-4000,182.8,0.0,0.0,0.0,17,184.4,187.6,1,156.0,182.8,182.8,182.8,1.0,18280.0,289
2023-05-10 09:46:11,IO2312-P-4000,IO2312-P-4000,182.8,0.0,0.0,0.0,6,184.6,187.6,1,156.0,182.8,182.8,182.8,1.0,18280.0,289
2023-05-10 09:46:12,IO2312-P-4000,IO2312-P-4000,182.8,0.0,0.0,0.0,12,184.4,187.6,1,156.0,182.8,182.8,182.8,1.0,18280.0,289
2023-05-10 09:46:12,IO2312-P-4000,IO2312-P-4000,182.8,0.0,0.0,0.0,6,184.4,187.6,1,156.0,182.8,182.8,182.8,1.0,18280.0,289
2023-05-10 09:46:15,IO2312-P-4000,IO2312-P-4000,182.8,0.0,0.0,0.0,2,184.6,187.6,1,156.0,182.8,182.8,182.8,1.0,18280.0,289
2023-05-10 09:46:16,IO2312-P-4000,IO2312-P-4000,182.8,0.0,0.0,0.0,6,184.8,187.6,1,156.0,182.8,182.8,182.8,1.0,18280.0,289
2023-05-10 09:46:20,IO2312-P-4000,IO2312-P-4000,182.8,0.0,0.0,0.0,8,184.4,187.6,1,156.0,182.8,182.8,182.8,1.0,18280.0,289
2023-05-10 09:46:20,IO2312-P-4000,IO2312-P-4000,182.8,0.0,0.0,0.0,6,184.6,187.6,1,156.0,182.8,182.8,182.8,1.0,18280.0,289
2023-05-10 09:46:21,IO2312-P-4000,IO2312-P-4000,182.8,0.0,0.0,0.0,8,184.4,187.6,1,156.0,182.8,182.8,182.8,1.0,18280.0,289
2023-05-10 09:46:22,IO2312-P-4000,IO2312-P-4000,182.8,0.0,0.0,0.0,6,184.4,187.6,1,156.0,182.8,182.8,182.8,1.0,18280.0,289
2023-05-10 09:46:25,IO2312-P-4000,IO2312-P-4000,182.8,0.0,0.0,0.0,36,184.0,187.6,1,156.0,182.8,182.8,182.8,1.0,18280.0,289
2023-05-10 09:46:26,IO2312-P-4000,IO2312-P-4000,182.8,0.0,0.0,0.0,18,184.0,187.6,1,156.0,182.8,182.8,182.8,1.0,18280.0,289
2023-05-10 09:46:26,IO2312-P-4000,IO2312-P-4000,182.8,0.0,0.0,0.0,6,184.0,187.6,7,156.0,182.8,182.8,182.8,1.0,18280.0,289
2023-05-10 09:46:27,IO2312-P-4000,IO2312-P-4000,182.8,0.0,0.0,0.0,6,183.8,187.6,10,156.0,182.8,182.8,182.8,1.0,18280.0,289
2023-05-10 09:46:27,IO2312-P-4000,IO2312-P-4000,182.8,0.0,0.0,0.0,44,183.6,186.0,1,156.0,182.8,182.8,182.8,1.0,18280.0,289
2023-05-10 09:46:28,IO2312-P-4000,IO2312-P-4000,182.8,0.0,0.0,0.0,24,183.6,186.0,1,156.0,182.8,182.8,182.8,1.0,18280.0,289
2023-05-10 09:46:28,IO2312-P-4000,IO2312-P-4000,182.8,0.0,0.0,0.0,27,183.6,186.0,1,156.0,182.8,182.8,182.8,1.0,18280.0,289
2023-05-10 09:46:29,IO2312-P-4000,IO2312-P-4000,182.8,0.0,0.0,0.0,29,183.6,186.6,1,156.0,182.8,182.8,182.8,1.0,18280.0,289
2023-05-10 09:46:29,IO2312-P-4000,IO2312-P-4000,182.8,0.0,0.0,0.0,26,183.6,186.6,1,156.0,182.8,182.8,182.8,1.0,18280.0,289
2023-05-10 09:46:30,IO2312-P-4000,IO2312-P-4000,182.8,0.0,0.0,0.0,29,183.6,186.6,1,156.0,182.8,182.8,182.8,1.0,18280.0,289
2023-05-10 09:46:33,IO2312-P-4000,IO2312-P-4000,182.8,0.0,0.0,0.0,27,183.6,186.6,1,156.0,182.8,182.8,182.8,1.0,18280.0,289
2023-05-10 09:46:34,IO2312-P-4000,IO2312-P-4000,182.8,0.0,0.0,0.0,2,183.8,186.6,1,156.0,182.8,182.8,182.8,1.0,18280.0,289
2023-05-10 09:46:34,IO2312-P-4000,IO2312-P-4000,182.8,0.0,0.0,0.0,6,184.0,186.6,1,156.0,182.8,182.8,182.8,1.0,18280.0,289
2023-05-10 09:46:39,IO2312-P-4000,IO2312-P-4000,182.8,0.0,0.0,0.0,9,184.0,186.6,1,156.0,182.8,182.8,182.8,1.0,18280.0,289
2023-05-10 09:46:39,IO2312-P-4000,IO2312-P-4000,182.8,0.0,0.0,0.0,6,184.2,186.6,1,156.0,182.8,182.8,182.8,1.0,18280.0,289
2023-05-10 09:46:43,IO2312-P-4000,IO2312-P-4000,182.8,0.0,0.0,0.0,3,184.0,186.6,1,156.0,182.8,182.8,182.8,1.0,18280.0,289
2023-05-10 09:46:43,IO2312-P-4000,IO2312-P-4000,182.8,0.0,0.0,0.0,8,183.8,186.6,1,156.0,182.8,182.8,182.8,1.0,18280.0,289
2023-05-10 09:46:44,IO2312-P-4000,IO2312-P-4000,182.8,0.0,0.0,0.0,6,183.8,186.6,1,156.0,182.8,182.8,182.8,1.0,18280.0,289
2023-05-10 09:46:47,IO2312-P-4000,IO2312-P-4000,182.8,0.0,0.0,0.0,20,183.6,186.6,1,156.0,182.8,182.8,182.8,1.0,18280.0,289
2023-05-10 09:46:48,IO2312-P-4000,IO2312-P-4000,182.8,0.0,0.0,0.0,14,183.6,186.6,1,156.0,182.8,182.8,182.8,1.0,18280.0,289
2023-05-10 09:46:49,IO2312-P-4000,IO2312-P-4000,182.8,0.0,0.0,0.0,12,183.6,186.6,1,156.0,182.8,182.8,182.8,1.0,18280.0,289
2023-05-10 09:46:49,IO2312-P-4000,IO2312-P-4000,182.8,0.0,0.0,0.0,6,183.6,186.6,1,156.0,182.8,182.8,182.8,1.0,18280.0,289
2023-05-10 09:46:55,IO2312-P-4000,IO2312-P-4000,182.8,0.0,0.0,0.0,11,183.6,186.6,1,156.0,182.8,182.8,182.8,1.0,18280.0,289
2023-05-10 09:46:55,IO2312-P-4000,IO2312-P-4000,182.8,0.0,0.0,0.0,6,183.8,186.6,1,156.0,182.8,182.8,182.8,1.0,18280.0,289
2023-05-10 09:46:56,IO2312-P-4000,IO2312-P-4000,182.8,0.0,0.0,0.0,6,183.8,187.2,1,156.0,182.8,182.8,182.8,1.0,18280.0,289
2023-05-10 09:46:57,IO2312-P-4000,IO2312-P-4000,182.8,0.0,0.0,0.0,11,183.8,187.2,1,156.0,182.8,182.8,182.8,1.0,18280.0,289
2023-05-10 09:46:57,IO2312-P-4000,IO2312-P-4000,182.8,0.0,0.0,0.0,6,184.0,187.2,1,156.0,182.8,182.8,182.8,1.0,18280.0,289
2023-05-10 09:46:58,IO2312-P-4000,IO2312-P-4000,182.8,0.0,0.0,0.0,2,184.2,187.2,1,156.0,182.8,182.8,182.8,1.0,18280.0,289
2023-05-10 09:46:58,IO2312-P-4000,IO2312-P-4000,182.8,0.0,0.0,0.0,8,184.2,187.2,1,156.0,182.8,182.8,182.8,1.0,18280.0,289
2023-05-10 09:46:59,IO2312-P-4000,IO2312-P-4000,182.8,0.0,0.0,0.0,6,184.2,187.2,1,156.0,182.8,182.8,182.8,1.0,18280.0,289
2023-05-10 09:47:02,IO2312-P-4000,IO2312-P-4000,182.8,0.0,0.0,0.0,2,184.4,187.2,1,156.0,182.8,182.8,182.8,1.0,18280.0,289
2023-05-10 09:47:06,IO2312-P-4000,IO2312-P-4000,182.8,0.0,0.0,0.0,8,184.2,187.2,1,156.0,182.8,182.8,182.8,1.0,18280.0,289
2023-05-10 09:47:07,IO2312-P-4000,IO2312-P-4000,182.8,0.0,0.0,0.0,6,184.2,187.2,1,156.0,182.8,182.8,182.8,1.0,18280.0,289
2023-05-10 09:47:08,IO2312-P-4000,IO2312-P-4000,182.8,0.0,0.0,0.0,6,184.0,187.2,1,156.0,182.8,182.8,182.8,1.0,18280.0,289
2023-05-10 09:47:08,IO2312-P-4000,IO2312-P-4000,182.8,0.0,0.0,0.0,26,183.8,187.2,1,156.0,182.8,182.8,182.8,1.0,18280.0,289
2023-05-10 09:47:09,IO2312-P-4000,IO2312-P-4000,182.8,0.0,0.0,0.0,20,183.8,187.2,1,156.0,182.8,182.8,182.8,1.0,18280.0,289
2023-05-10 09:47:09,IO2312-P-4000,IO2312-P-4000,182.8,0.0,0.0,0.0,14,183.8,187.2,1,156.0,182.8,182.8,182.8,1.0,18280.0,289
2023-05-10 09:47:10,IO2312-P-4000,IO2312-P-4000,182.8,0.0,0.0,0.0,17,183.8,187.2,1,156.0,182.8,182.8,182.8,1.0,18280.0,289
2023-05-10 09:47:15,IO2312-P-4000,IO2312-P-4000,182.8,0.0,0.0,0.0,6,184.0,187.2,1,156.0,182.8,182.8,182.8,1.0,18280.0,289
2023-05-10 09:47:15,IO2312-P-4000,IO2312-P-4000,182.8,0.0,0.0,0.0,2,184.2,187.2,1,156.0,182.8,182.8,182.8,1.0,18280.0,289
2023-05-10 09:47:16,IO2312-P-4000,IO2312-P-4000,182.8,0.0,0.0,0.0,8,184.2,187.2,1,156.0,182.8,182.8,182.8,1.0,18280.0,289
2023-05-10 09:47:17,IO2312-P-4000,IO2312-P-4000,182.8,0.0,0.0,0.0,6,184.2,187.2,1,156.0,182.8,182.8,182.8,1.0,18280.0,289
2023-05-10 09:47:18,IO2312-P-4000,IO2312-P-4000,182.8,0.0,0.0,0.0,6,184.0,187.2,1,156.0,182.8,182.8,182.8,1.0,18280.0,289
2023-05-10 09:47:18,IO2312-P-4000,IO2312-P-4000,182.8,0.0,0.0,0.0,8,184.0,187.2,1,156.0,182.8,182.8,182.8,1.0,18280.0,289
2023-05-10 09:47:19,IO2312-P-4000,IO2312-P-4000,182.8,0.0,0.0,0.0,6,184.2,187.2,1,156.0,182.8,182.8,182.8,1.0,18280.0,289
2023-05-10 09:47:25,IO2312-P-4000,IO2312-P-4000,182.8,0.0,0.0,0.0,8,184.2,187.2,1,156.0,182.8,182.8,182.8,1.0,18280.0,289
2023-05-10 09:47:32,IO2312-P-4000,IO2312-P-4000,182.8,0.0,0.0,0.0,11,184.2,187.2,1,156.0,182.8,182.8,182.8,1.0,18280.0,289
2023-05-10 09:47:32,IO2312-P-4000,IO2312-P-4000,182.8,0.0,0.0,0.0,8,184.2,187.2,1,156.0,182.8,182.8,182.8,1.0,18280.0,289
2023-05-10 09:47:36,IO2312-P-4000,IO2312-P-4000,182.8,0.0,0.0,0.0,6,184.2,187.2,1,156.0,182.8,182.8,182.8,1.0,18280.0,289
2023-05-10 09:47:44,IO2312-P-4000,IO2312-P-4000,182.8,0.0,0.0,0.0,6,184.0,187.2,1,156.0,182.8,182.8,182.8,1.0,18280.0,289
2023-05-10 09:47:45,IO2312-P-4000,IO2312-P-4000,182.8,0.0,0.0,0.0,9,184.0,187.2,1,156.0,182.8,182.8,182.8,1.0,18280.0,289
2023-05-10 09:47:46,IO2312-P-4000,IO2312-P-4000,182.8,0.0,0.0,0.0,6,184.2,187.2,1,156.0,182.8,182.8,182.8,1.0,18280.0,289
2023-05-10 09:47:48,IO2312-P-4000,IO2312-P-4000,182.8,0.0,0.0,0.0,6,184.0,187.2,1,156.0,182.8,182.8,182.8,1.0,18280.0,289
2023-05-10 09:47:51,IO2312-P-4000,IO2312-P-4000,182.8,0.0,0.0,0.0,12,183.8,187.2,1,156.0,182.8,182.8,182.8,1.0,18280.0,289
2023-05-10 09:47:51,IO2312-P-4000,IO2312-P-4000,182.8,0.0,0.0,0.0,6,183.8,187.2,1,156.0,182.8,182.8,182.8,1.0,18280.0,289
2023-05-10 09:48:02,IO2312-P-4000,IO2312-P-4000,182.8,0.0,0.0,0.0,9,183.8,187.2,1,156.0,182.8,182.8,182.8,1.0,18280.0,289
2023-05-10 09:48:03,IO2312-P-4000,IO2312-P-4000,182.8,0.0,0.0,0.0,6,183.8,187.2,1,156.0,182.8,182.8,182.8,1.0,18280.0,289
2023-05-10 09:48:03,IO2312-P-4000,IO2312-P-4000,182.8,0.0,0.0,0.0,9,183.8,187.2,1,156.0,182.8,182.8,182.8,1.0,18280.0,289
2023-05-10 09:48:04,IO2312-P-4000,IO2312-P-4000,182.8,0.0,0.0,0.0,6,183.8,187.2,1,156.0,182.8,182.8,182.8,1.0,18280.0,289
2023-05-10 09:48:07,IO2312-P-4000,IO2312-P-4000,182.8,0.0,0.0,0.0,6,183.6,187.2,1,156.0,182.8,182.8,182.8,1.0,18280.0,289
2023-05-10 09:48:09,IO2312-P-4000,IO2312-P-4000,182.8,0.0,0.0,0.0,6,183.6,187.0,6,156.0,182.8,182.8,182.8,1.0,18280.0,289
2023-05-10 09:48:09,IO2312-P-4000,IO2312-P-4000,182.8,0.0,0.0,0.0,6,183.6,185.8,1,156.0,182.8,182.8,182.8,1.0,18280.0,289
2023-05-10 09:48:10,IO2312-P-4000,IO2312-P-4000,182.8,0.0,0.0,0.0,24,183.4,185.8,1,156.0,182.8,182.8,182.8,1.0,18280.0,289
2023-05-10 09:48:10,IO2312-P-4000,IO2312-P-4000,182.8,0.0,0.0,0.0,12,183.4,185.8,1,156.0,182.8,182.8,182.8,1.0,18280.0,289
2023-05-10 09:48:11,IO2312-P-4000,IO2312-P-4000,182.8,0.0,0.0,0.0,30,182.8,185.8,1,156.0,182.8,182.8,182.8,1.0,18280.0,289
2023-05-10 09:48:11,IO2312-P-4000,IO2312-P-4000,182.8,0.0,0.0,0.0,12,182.8,185.8,1,156.0,182.8,182.8,182.8,1.0,18280.0,289
2023-05-10 09:48:12,IO2312-P-4000,IO2312-P-4000,182.8,0.0,0.0,0.0,24,182.6,185.8,1,156.0,182.8,182.8,182.8,1.0,18280.0,289
2023-05-10 09:48:13,IO2312-P-4000,IO2312-P-4000,182.8,0.0,0.0,0.0,27,182.6,185.8,1,156.0,182.8,182.8,182.8,1.0,18280.0,289
2023-05-10 09:48:14,IO2312-P-4000,IO2312-P-4000,182.8,0.0,0.0,0.0,6,182.8,185.8,1,156.0,182.8,182.8,182.8,1.0,18280.0,289
2023-05-10 09:48:14,IO2312-P-4000,IO2312-P-4000,182.8,0.0,0.0,0.0,9,182.8,185.8,1,156.0,182.8,182.8,182.8,1.0,18280.0,289
2023-05-10 09:48:15,IO2312-P-4000,IO2312-P-4000,182.8,0.0,0.0,0.0,6,183.0,185.8,1,156.0,182.8,182.8,182.8,1.0,18280.0,289
2023-05-10 09:48:16,IO2312-P-4000,IO2312-P-4000,182.8,0.0,0.0,0.0,6,182.8,185.8,1,156.0,182.8,182.8,182.8,1.0,18280.0,289
2023-05-10 09:48:16,IO2312-P-4000,IO2312-P-4000,182.8,0.0,0.0,0.0,9,182.8,185.8,1,156.0,182.8,182.8,182.8,1.0,18280.0,289
2023-05-10 09:48:17,IO2312-P-4000,IO2312-P-4000,182.8,0.0,0.0,0.0,6,183.0,186.4,3,156.0,182.8,182.8,182.8,1.0,18280.0,289
2023-05-10 09:48:17,IO2312-P-4000,IO2312-P-4000,182.8,0.0,0.0,0.0,9,183.0,186.4,1,156.0,182.8,182.8,182.8,1.0,18280.0,289
2023-05-10 09:48:18,IO2312-P-4000,IO2312-P-4000,182.8,0.0,0.0,0.0,8,183.2,186.4,1,156.0,182.8,182.8,182.8,1.0,18280.0,289
2023-05-10 09:48:18,IO2312-P-4000,IO2312-P-4000,182.8,0.0,0.0,0.0,6,183.4,186.4,1,156.0,182.8,182.8,182.8,1.0,18280.0,289
2023-05-10 09:48:20,IO2312-P-4000,IO2312-P-4000,182.8,0.0,0.0,0.0,8,183.0,186.4,1,156.0,182.8,182.8,182.8,1.0,18280.0,289
2023-05-10 09:48:20,IO2312-P-4000,IO2312-P-4000,182.8,0.0,0.0,0.0,6,183.2,186.4,1,156.0,182.8,182.8,182.8,1.0,18280.0,289
2023-05-10 09:48:21,IO2312-P-4000,IO2312-P-4000,182.8,0.0,0.0,0.0,11,183.2,186.4,1,156.0,182.8,182.8,182.8,1.0,18280.0,289
2023-05-10 09:48:21,IO2312-P-4000,IO2312-P-4000,182.8,0.0,0.0,0.0,6,183.4,186.4,1,156.0,182.8,182.8,182.8,1.0,18280.0,289
2023-05-10 09:48:28,IO2312-P-4000,IO2312-P-4000,182.8,0.0,0.0,0.0,11,182.8,186.4,1,156.0,182.8,182.8,182.8,1.0,18280.0,289
2023-05-10 09:48:29,IO2312-P-4000,IO2312-P-4000,182.8,0.0,0.0,0.0,8,182.8,186.4,1,156.0,182.8,182.8,182.8,1.0,18280.0,289
2023-05-10 09:48:30,IO2312-P-4000,IO2312-P-4000,182.8,0.0,0.0,0.0,6,182.8,186.4,1,156.0,182.8,182.8,182.8,1.0,18280.0,289
2023-05-10 09:48:39,IO2312-P-4000,IO2312-P-4000,182.8,0.0,0.0,0.0,24,182.6,186.4,7,156.0,182.8,182.8,182.8,1.0,18280.0,289
2023-05-10 09:48:40,IO2312-P-4000,IO2312-P-4000,182.8,0.0,0.0,0.0,18,182.6,185.6,1,156.0,182.8,182.8,182.8,1.0,18280.0,289
2023-05-10 09:48:40,IO2312-P-4000,IO2312-P-4000,182.8,0.0,0.0,0.0,15,182.6,185.6,1,156.0,182.8,182.8,182.8,1.0,18280.0,289
2023-05-10 09:48:43,IO2312-P-4000,IO2312-P-4000,182.8,0.0,0.0,0.0,12,182.6,185.6,1,156.0,182.8,182.8,182.8,1.0,18280.0,289
2023-05-10 09:48:44,IO2312-P-4000,IO2312-P-4000,182.8,0.0,0.0,0.0,9,182.6,185.6,1,156.0,182.8,182.8,182.8,1.0,18280.0,289
2023-05-10 09:48:46,IO2312-P-4000,IO2312-P-4000,182.8,0.0,0.0,0.0,6,182.8,186.2,1,156.0,182.8,182.8,182.8,1.0,18280.0,289
2023-05-10 09:48:47,IO2312-P-4000,IO2312-P-4000,182.8,0.0,0.0,0.0,11,182.8,186.2,1,156.0,182.8,182.8,182.8,1.0,18280.0,289
2023-05-10 09:48:48,IO2312-P-4000,IO2312-P-4000,182.8,0.0,0.0,0.0,12,183.0,186.2,1,156.0,182.8,182.8,182.8,1.0,18280.0,289
2023-05-10 09:48:49,IO2312-P-4000,IO2312-P-4000,182.8,0.0,0.0,0.0,9,183.2,186.6,13,156.0,182.8,182.8,182.8,1.0,18280.0,289
2023-05-10 09:48:49,IO2312-P-4000,IO2312-P-4000,182.8,0.0,0.0,0.0,11,183.2,186.6,1,156.0,182.8,182.8,182.8,1.0,18280.0,289
2023-05-10 09:48:50,IO2312-P-4000,IO2312-P-4000,182.8,0.0,0.0,0.0,12,183.4,186.6,1,156.0,182.8,182.8,182.8,1.0,18280.0,289
2023-05-10 09:48:51,IO2312-P-4000,IO2312-P-4000,182.8,0.0,0.0,0.0,6,183.6,186.6,1,156.0,182.8,182.8,182.8,1.0,18280.0,289
2023-05-10 09:48:51,IO2312-P-4000,IO2312-P-4000,182.8,0.0,0.0,0.0,9,183.6,186.6,1,156.0,182.8,182.8,182.8,1.0,18280.0,289
2023-05-10 09:48:52,IO2312-P-4000,IO2312-P-4000,182.8,0.0,0.0,0.0,15,183.6,187.0,9,156.0,182.8,182.8,182.8,1.0,18280.0,289
2023-05-10 09:48:52,IO2312-P-4000,IO2312-P-4000,182.8,0.0,0.0,0.0,2,183.8,187.2,6,156.0,182.8,182.8,182.8,1.0,18280.0,289
2023-05-10 09:48:53,IO2312-P-4000,IO2312-P-4000,182.8,0.0,0.0,0.0,6,184.0,187.2,1,156.0,182.8,182.8,182.8,1.0,18280.0,289
2023-05-10 09:48:54,IO2312-P-4000,IO2312-P-4000,182.8,0.0,0.0,0.0,6,183.8,187.2,1,156.0,182.8,182.8,182.8,1.0,18280.0,289
2023-05-10 09:48:59,IO2312-P-4000,IO2312-P-4000,182.8,0.0,0.0,0.0,9,183.8,187.2,1,156.0,182.8,182.8,182.8,1.0,18280.0,289
2023-05-10 09:48:59,IO2312-P-4000,IO2312-P-4000,182.8,0.0,0.0,0.0,8,184.0,187.2,1,156.0,182.8,182.8,182.8,1.0,18280.0,289
2023-05-10 09:49:00,IO2312-P-4000,IO2312-P-4000,182.8,0.0,0.0,0.0,6,184.2,187.4,9,156.0,182.8,182.8,182.8,1.0,18280.0,289
2023-05-10 09:49:00,IO2312-P-4000,IO2312-P-4000,182.8,0.0,0.0,0.0,6,184.2,187.4,3,156.0,182.8,182.8,182.8,1.0,18280.0,289
2023-05-10 09:49:01,IO2312-P-4000,IO2312-P-4000,182.8,0.0,0.0,0.0,6,184.2,187.8,13,156.0,182.8,182.8,182.8,1.0,18280.0,289
2023-05-10 09:49:01,IO2312-P-4000,IO2312-P-4000,182.8,0.0,0.0,0.0,11,184.2,187.8,1,156.0,182.8,182.8,182.8,1.0,18280.0,289
2023-05-10 09:49:02,IO2312-P-4000,IO2312-P-4000,182.8,0.0,0.0,0.0,6,184.4,187.8,1,156.0,182.8,182.8,182.8,1.0,18280.0,289
2023-05-10 09:49:03,IO2312-P-4000,IO2312-P-4000,182.8,0.0,0.0,0.0,8,184.0,187.8,1,156.0,182.8,182.8,182.8,1.0,18280.0,289
2023-05-10 09:49:04,IO2312-P-4000,IO2312-P-4000,182.8,0.0,0.0,0.0,6,184.2,187.8,1,156.0,182.8,182.8,182.8,1.0,18280.0,289
2023-05-10 09:49:04,IO2312-P-4000,IO2312-P-4000,182.8,0.0,0.0,0.0,8,184.2,187.8,1,156.0,182.8,182.8,182.8,1.0,18280.0,289
2023-05-10 09:49:07,IO2312-P-4000,IO2312-P-4000,182.8,0.0,0.0,0.0,11,184.2,187.8,1,156.0,182.8,182.8,182.8,1.0,18280.0,289
2023-05-10 09:49:09,IO2312-P-4000,IO2312-P-4000,182.8,0.0,0.0,0.0,8,184.2,187.8,1,156.0,182.8,182.8,182.8,1.0,18280.0,289
2023-05-10 09:49:11,IO2312-P-4000,IO2312-P-4000,182.8,0.0,0.0,0.0,6,184.4,187.8,1,156.0,182.8,182.8,182.8,1.0,18280.0,289
2023-05-10 09:49:15,IO2312-P-4000,IO2312-P-4000,182.8,0.0,0.0,0.0,6,184.0,187.8,1,156.0,182.8,182.8,182.8,1.0,18280.0,289
2023-05-10 09:49:16,IO2312-P-4000,IO2312-P-4000,182.8,0.0,0.0,0.0,6,183.8,187.8,1,156.0,182.8,182.8,182.8,1.0,18280.0,289
2023-05-10 09:49:17,IO2312-P-4000,IO2312-P-4000,182.8,0.0,0.0,0.0,8,183.8,187.8,1,156.0,182.8,182.8,182.8,1.0,18280.0,289
2023-05-10 09:49:18,IO2312-P-4000,IO2312-P-4000,182.8,0.0,0.0,0.0,6,184.0,187.8,1,156.0,182.8,182.8,182.8,1.0,18280.0,289
2023-05-10 09:49:19,IO2312-P-4000,IO2312-P-4000,182.8,0.0,0.0,0.0,2,184.2,187.8,1,156.0,182.8,182.8,182.8,1.0,18280.0,289
2023-05-10 09:49:21,IO2312-P-4000,IO2312-P-4000,182.8,0.0,0.0,0.0,8,184.0,187.8,1,156.0,182.8,182.8,182.8,1.0,18280.0,289
2023-05-10 09:49:22,IO2312-P-4000,IO2312-P-4000,182.8,0.0,0.0,0.0,8,184.0,188.0,9,156.0,182.8,182.8,182.8,1.0,18280.0,289
2023-05-10 09:49:23,IO2312-P-4000,IO2312-P-4000,182.8,0.0,0.0,0.0,1,185.2,188.0,9,156.0,182.8,182.8,182.8,1.0,18280.0,289
2023-05-10 09:49:24,IO2312-P-4000,IO2312-P-4000,182.8,0.0,0.0,0.0,1,185.2,188.0,3,156.0,182.8,182.8,182.8,1.0,18280.0,289
2023-05-10 09:49:25,IO2312-P-4000,IO2312-P-4000,182.8,0.0,0.0,0.0,1,185.2,188.2,12,156.0,182.8,182.8,182.8,1.0,18280.0,289
2023-05-10 09:49:25,IO2312-P-4000,IO2312-P-4000,182.8,0.0,0.0,0.0,1,185.2,188.4,24,156.0,182.8,182.8,182.8,1.0,18280.0,289
2023-05-10 09:49:26,IO2312-P-4000,IO2312-P-4000,182.8,0.0,0.0,0.0,1,185.2,188.4,21,156.0,182.8,182.8,182.8,1.0,18280.0,289
2023-05-10 09:49:27,IO2312-P-4000,IO2312-P-4000,182.8,0.0,0.0,0.0,18,184.2,187.0,1,156.0,182.8,182.8,182.8,1.0,18280.0,289
2023-05-10 09:49:27,IO2312-P-4000,IO2312-P-4000,182.8,0.0,0.0,0.0,6,184.4,187.0,1,156.0,182.8,182.8,182.8,1.0,18280.0,289
2023-05-10 09:49:28,IO2312-P-4000,IO2312-P-4000,182.8,0.0,0.0,0.0,18,184.0,187.0,1,156.0,182.8,182.8,182.8,1.0,18280.0,289
2023-05-10 09:49:29,IO2312-P-4000,IO2312-P-4000,182.8,0.0,0.0,0.0,14,184.0,187.0,1,156.0,182.8,182.8,182.8,1.0,18280.0,289
2023-05-10 09:49:34,IO2312-P-4000,IO2312-P-4000,182.8,0.0,0.0,0.0,12,184.0,187.0,1,156.0,182.8,182.8,182.8,1.0,18280.0,289
2023-05-10 09:49:34,IO2312-P-4000,IO2312-P-4000,182.8,0.0,0.0,0.0,6,184.0,187.0,1,156.0,182.8,182.8,182.8,1.0,18280.0,289
2023-05-10 09:49:36,IO2312-P-4000,IO2312-P-4000,182.8,0.0,0.0,0.0,6,183.8,187.0,1,156.0,182.8,182.8,182.8,1.0,18280.0,289
2023-05-10 09:49:38,IO2312-P-4000,IO2312-P-4000,182.8,0.0,0.0,0.0,8,183.8,187.0,1,156.0,182.8,182.8,182.8,1.0,18280.0,289
2023-05-10 09:49:39,IO2312-P-4000,IO2312-P-4000,182.8,0.0,0.0,0.0,6,184.0,187.0,1,156.0,182.8,182.8,182.8,1.0,18280.0,289
2023-05-10 09:49:42,IO2312-P-4000,IO2312-P-4000,182.8,0.0,0.0,0.0,6,184.0,187.4,3,156.0,182.8,182.8,182.8,1.0,18280.0,289
2023-05-10 09:49:42,IO2312-P-4000,IO2312-P-4000,182.8,0.0,0.0,0.0,1,184.4,188.0,18,156.0,182.8,182.8,182.8,1.0,18280.0,289
2023-05-10 09:49:43,IO2312-P-4000,IO2312-P-4000,182.8,0.0,0.0,0.0,1,184.4,188.0,6,156.0,182.8,182.8,182.8,1.0,18280.0,289
2023-05-10 09:49:43,IO2312-P-4000,IO2312-P-4000,182.8,0.0,0.0,0.0,1,184.4,188.0,9,156.0,182.8,182.8,182.8,1.0,18280.0,289
2023-05-10 09:49:44,IO2312-P-4000,IO2312-P-4000,182.8,0.0,0.0,0.0,1,184.4,188.0,10,156.0,182.8,182.8,182.8,1.0,18280.0,289
2023-05-10 09:49:47,IO2312-P-4000,IO2312-P-4000,182.8,0.0,0.0,0.0,1,184.4,187.6,1,156.0,182.8,182.8,182.8,1.0,18280.0,289
2023-05-10 09:49:51,IO2312-P-4000,IO2312-P-4000,182.8,0.0,0.0,0.0,1,184.4,187.4,6,156.0,182.8,182.8,182.8,1.0,18280.0,289
2023-05-10 09:49:52,IO2312-P-4000,IO2312-P-4000,182.8,0.0,0.0,0.0,1,184.4,187.4,3,156.0,182.8,182.8,182.8,1.0,18280.0,289
2023-05-10 09:49:52,IO2312-P-4000,IO2312-P-4000,182.8,0.0,0.0,0.0,1,184.4,187.6,1,156.0,182.8,182.8,182.8,1.0,18280.0,289
2023-05-10 09:49:53,IO2312-P-4000,IO2312-P-4000,182.8,0.0,0.0,0.0,12,183.8,187.6,1,156.0,182.8,182.8,182.8,1.0,18280.0,289
2023-05-10 09:49:54,IO2312-P-4000,IO2312-P-4000,182.8,0.0,0.0,0.0,30,183.6,187.4,6,156.0,182.8,182.8,182.8,1.0,18280.0,289
2023-05-10 09:49:54,IO2312-P-4000,IO2312-P-4000,182.8,0.0,0.0,0.0,18,183.6,187.4,9,156.0,182.8,182.8,182.8,1.0,18280.0,289
2023-05-10 09:49:55,IO2312-P-4000,IO2312-P-4000,182.8,0.0,0.0,0.0,12,183.6,187.4,9,156.0,182.8,182.8,182.8,1.0,18280.0,289
2023-05-10 09:49:55,IO2312-P-4000,IO2312-P-4000,182.8,0.0,0.0,0.0,6,183.6,187.4,9,156.0,182.8,182.8,182.8,1.0,18280.0,289
2023-05-10 09:49:56,IO2312-P-4000,IO2312-P-4000,182.8,0.0,0.0,0.0,6,183.6,187.2,1,156.0,182.8,182.8,182.8,1.0,18280.0,289
2023-05-10 09:49:59,IO2312-P-4000,IO2312-P-4000,182.8,0.0,0.0,0.0,13,183.4,187.0,6,156.0,182.8,182.8,182.8,1.0,18280.0,289
2023-05-10 09:50:00,IO2312-P-4000,IO2312-P-4000,182.8,0.0,0.0,0.0,7,183.4,187.0,9,156.0,182.8,182.8,182.8,1.0,18280.0,289
2023-05-10 09:50:00,IO2312-P-4000,IO2312-P-4000,182.8,0.0,0.0,0.0,1,183.4,187.0,9,156.0,182.8,182.8,182.8,1.0,18280.0,289
2023-05-10 09:50:01,IO2312-P-4000,IO2312-P-4000,182.8,0.0,0.0,0.0,24,183.2,187.0,9,156.0,182.8,182.8,182.8,1.0,18280.0,289
2023-05-10 09:50:01,IO2312-P-4000,IO2312-P-4000,182.8,0.0,0.0,0.0,12,183.2,187.0,6,156.0,182.8,182.8,182.8,1.0,18280.0,289
2023-05-10 09:50:02,IO2312-P-4000,IO2312-P-4000,182.8,0.0,0.0,0.0,29,183.0,187.0,6,156.0,182.8,182.8,182.8,1.0,18280.0,289
2023-05-10 09:50:02,IO2312-P-4000,IO2312-P-4000,182.8,0.0,0.0,0.0,3,183.2,187.0,6,156.0,182.8,182.8,182.8,1.0,18280.0,289
2023-05-10 09:50:04,IO2312-P-4000,IO2312-P-4000,182.8,0.0,0.0,0.0,3,183.2,186.8,1,156.0,182.8,182.8,182.8,1.0,18280.0,289
2023-05-10 09:50:04,IO2312-P-4000,IO2312-P-4000,182.8,0.0,0.0,0.0,3,183.2,187.0,6,156.0,182.8,182.8,182.8,1.0,18280.0,289
2023-05-10 09:50:05,IO2312-P-4000,IO2312-P-4000,182.8,0.0,0.0,0.0,6,183.4,187.4,22,156.0,182.8,182.8,182.8,1.0,18280.0,289
2023-05-10 09:50:05,IO2312-P-4000,IO2312-P-4000,182.8,0.0,0.0,0.0,14,183.4,187.4,10,156.0,182.8,182.8,182.8,1.0,18280.0,289
2023-05-10 09:50:06,IO2312-P-4000,IO2312-P-4000,182.8,0.0,0.0,0.0,6,183.6,187.4,4,156.0,182.8,182.8,182.8,1.0,18280.0,289
2023-05-10 09:50:06,IO2312-P-4000,IO2312-P-4000,182.8,0.0,0.0,0.0,12,183.6,187.4,1,156.0,182.8,182.8,182.8,1.0,18280.0,289
2023-05-10 09:50:07,IO2312-P-4000,IO2312-P-4000,182.8,0.0,0.0,0.0,13,183.6,187.4,1,156.0,182.8,182.8,182.8,1.0,18280.0,289
2023-05-10 09:50:07,IO2312-P-4000,IO2312-P-4000,182.8,0.0,0.0,0.0,19,183.6,187.4,1,156.0,182.8,182.8,182.8,1.0,18280.0,289
2023-05-10 09:50:10,IO2312-P-4000,IO2312-P-4000,182.8,0.0,0.0,0.0,18,183.6,187.4,1,156.0,182.8,182.8,182.8,1.0,18280.0,289
2023-05-10 09:50:12,IO2312-P-4000,IO2312-P-4000,182.8,0.0,0.0,0.0,12,183.6,187.4,1,156.0,182.8,182.8,182.8,1.0,18280.0,289
2023-05-10 09:50:12,IO2312-P-4000,IO2312-P-4000,182.8,0.0,0.0,0.0,6,183.6,187.4,1,156.0,182.8,182.8,182.8,1.0,18280.0,289
2023-05-10 09:50:13,IO2312-P-4000,IO2312-P-4000,182.8,0.0,0.0,0.0,6,183.2,187.4,4,156.0,182.8,182.8,182.8,1.0,18280.0,289
2023-05-10 09:50:14,IO2312-P-4000,IO2312-P-4000,182.8,0.0,0.0,0.0,24,183.0,187.2,6,156.0,182.8,182.8,182.8,1.0,18280.0,289
