time,symbol_id,symbol_name,last,trade_volume,trade_amount,open_interest_change,bv1,bp1,ap1,av1,yesterday_close,today_open,today_high,today_low,volume,amount,open_interest
2023-05-10 09:29:00,IO2312-C-3800,IO2312-C-3800,326.0,0.0,0.0,0.0,1,258.4,320.8,1,326.0,289.0,0.0,0.0,0.0,0.0,58
2023-05-10 09:30:00,IO2312-C-3800,IO2312-C-3800,326.0,0.0,0.0,0.0,1,266.8,320.8,1,326.0,289.0,0.0,0.0,0.0,0.0,58
2023-05-10 09:30:00,IO2312-C-3800,IO2312-C-3800,326.0,0.0,0.0,0.0,6,267.0,320.8,2,326.0,289.0,0.0,0.0,0.0,0.0,58
2023-05-10 09:30:10,IO2312-C-3800,IO2312-C-3800,326.0,0.0,0.0,0.0,6,267.0,320.6,1,326.0,289.0,0.0,0.0,0.0,0.0,58
2023-05-10 09:30:20,IO2312-C-3800,IO2312-C-3800,326.0,0.0,0.0,0.0,6,267.0,320.4,1,326.0,289.0,0.0,0.0,0.0,0.0,58
2023-05-10 09:30:22,IO2312-C-3800,IO2312-C-3800,326.0,0.0,0.0,0.0,6,287.4,299.6,6,326.0,289.0,0.0,0.0,0.0,0.0,58
2023-05-10 09:30:22,IO2312-C-3800,IO2312-C-3800,326.0,0.0,0.0,0.0,6,284.4,307.0,6,326.0,289.0,0.0,0.0,0.0,0.0,58
2023-05-10 09:30:23,IO2312-C-3800,IO2312-C-3800,326.0,0.0,0.0,0.0,12,267.0,320.4,1,326.0,289.0,0.0,0.0,0.0,0.0,58
2023-05-10 09:30:24,IO2312-C-3800,IO2312-C-3800,326.0,0.0,0.0,0.0,6,267.0,320.4,1,326.0,289.0,0.0,0.0,0.0,0.0,58
2023-05-10 09:30:24,IO2312-C-3800,IO2312-C-3800,326.0,0.0,0.0,0.0,6,267.0,320.2,6,326.0,289.0,0.0,0.0,0.0,0.0,58
2023-05-10 09:30:25,IO2312-C-3800,IO2312-C-3800,326.0,0.0,0.0,0.0,6,288.6,300.8,6,326.0,289.0,0.0,0.0,0.0,0.0,58
2023-05-10 09:30:26,IO2312-C-3800,IO2312-C-3800,326.0,0.0,0.0,0.0,12,288.6,300.8,12,326.0,289.0,0.0,0.0,0.0,0.0,58
2023-05-10 09:30:26,IO2312-C-3800,IO2312-C-3800,326.0,0.0,0.0,0.0,6,288.6,300.8,6,326.0,289.0,0.0,0.0,0.0,0.0,58
2023-05-10 09:30:27,IO2312-C-3800,IO2312-C-3800,326.0,0.0,0.0,0.0,6,284.8,307.4,6,326.0,289.0,0.0,0.0,0.0,0.0,58
2023-05-10 09:30:27,IO2312-C-3800,IO2312-C-3800,326.0,0.0,0.0,0.0,6,283.4,308.2,6,326.0,289.0,0.0,0.0,0.0,0.0,58
2023-05-10 09:30:30,IO2312-C-3800,IO2312-C-3800,326.0,0.0,0.0,0.0,3,283.6,308.0,3,326.0,289.0,0.0,0.0,0.0,0.0,58
2023-05-10 09:30:31,IO2312-C-3800,IO2312-C-3800,326.0,0.0,0.0,0.0,3,283.6,307.8,6,326.0,289.0,0.0,0.0,0.0,0.0,58
2023-05-10 09:30:33,IO2312-C-3800,IO2312-C-3800,326.0,0.0,0.0,0.0,3,283.6,307.8,12,326.0,289.0,0.0,0.0,0.0,0.0,58
2023-05-10 09:30:33,IO2312-C-3800,IO2312-C-3800,326.0,0.0,0.0,0.0,6,283.6,307.6,6,326.0,289.0,0.0,0.0,0.0,0.0,58
2023-05-10 09:30:34,IO2312-C-3800,IO2312-C-3800,326.0,0.0,0.0,0.0,6,287.0,299.2,6,326.0,289.0,0.0,0.0,0.0,0.0,58
2023-05-10 09:30:34,IO2312-C-3800,IO2312-C-3800,326.0,0.0,0.0,0.0,12,287.0,299.2,12,326.0,289.0,0.0,0.0,0.0,0.0,58
2023-05-10 09:30:35,IO2312-C-3800,IO2312-C-3800,326.0,0.0,0.0,0.0,12,287.0,299.2,13,326.0,289.0,0.0,0.0,0.0,0.0,58
2023-05-10 09:30:39,IO2312-C-3800,IO2312-C-3800,326.0,0.0,0.0,0.0,6,287.2,299.2,13,326.0,289.0,0.0,0.0,0.0,0.0,58
2023-05-10 09:30:45,IO2312-C-3800,IO2312-C-3800,326.0,0.0,0.0,0.0,6,287.2,299.0,1,326.0,289.0,0.0,0.0,0.0,0.0,58
2023-05-10 09:30:48,IO2312-C-3800,IO2312-C-3800,326.0,0.0,0.0,0.0,6,287.2,299.2,18,326.0,289.0,0.0,0.0,0.0,0.0,58
2023-05-10 09:30:57,IO2312-C-3800,IO2312-C-3800,326.0,0.0,0.0,0.0,6,287.2,297.6,6,326.0,289.0,0.0,0.0,0.0,0.0,58
2023-05-10 09:31:01,IO2312-C-3800,IO2312-C-3800,326.0,0.0,0.0,0.0,18,287.0,297.6,6,326.0,289.0,0.0,0.0,0.0,0.0,58
2023-05-10 09:31:01,IO2312-C-3800,IO2312-C-3800,326.0,0.0,0.0,0.0,12,287.0,297.6,6,326.0,289.0,0.0,0.0,0.0,0.0,58
2023-05-10 09:31:02,IO2312-C-3800,IO2312-C-3800,326.0,0.0,0.0,0.0,6,287.0,297.6,6,326.0,289.0,0.0,0.0,0.0,0.0,58
2023-05-10 09:31:02,IO2312-C-3800,IO2312-C-3800,326.0,0.0,0.0,0.0,6,287.0,295.8,6,326.0,289.0,0.0,0.0,0.0,0.0,58
2023-05-10 09:31:03,IO2312-C-3800,IO2312-C-3800,326.0,0.0,0.0,0.0,6,287.0,295.8,12,326.0,289.0,0.0,0.0,0.0,0.0,58
2023-05-10 09:31:06,IO2312-C-3800,IO2312-C-3800,326.0,0.0,0.0,0.0,6,285.4,295.8,12,326.0,289.0,0.0,0.0,0.0,0.0,58
2023-05-10 09:31:07,IO2312-C-3800,IO2312-C-3800,326.0,0.0,0.0,0.0,12,284.2,294.0,6,326.0,289.0,0.0,0.0,0.0,0.0,58
2023-05-10 09:31:07,IO2312-C-3800,IO2312-C-3800,326.0,0.0,0.0,0.0,6,284.2,294.0,6,326.0,289.0,0.0,0.0,0.0,0.0,58
2023-05-10 09:31:16,IO2312-C-3800,IO2312-C-3800,326.0,0.0,0.0,0.0,6,284.2,295.8,6,326.0,289.0,0.0,0.0,0.0,0.0,58
2023-05-10 09:31:20,IO2312-C-3800,IO2312-C-3800,326.0,0.0,0.0,0.0,6,283.6,295.8,6,326.0,289.0,0.0,0.0,0.0,0.0,58
2023-05-10 09:31:30,IO2312-C-3800,IO2312-C-3800,326.0,0.0,0.0,0.0,6,283.6,292.4,6,326.0,289.0,0.0,0.0,0.0,0.0,58
2023-05-10 09:31:30,IO2312-C-3800,IO2312-C-3800,326.0,0.0,0.0,0.0,6,283.6,292.4,12,326.0,289.0,0.0,0.0,0.0,0.0,58
2023-05-10 09:31:45,IO2312-C-3800,IO2312-C-3800,326.0,0.0,0.0,0.0,6,283.6,292.4,6,326.0,289.0,0.0,0.0,0.0,0.0,58
2023-05-10 09:31:47,IO2312-C-3800,IO2312-C-3800,326.0,0.0,0.0,0.0,6,283.6,292.4,7,326.0,289.0,0.0,0.0,0.0,0.0,58
2023-05-10 09:31:48,IO2312-C-3800,IO2312-C-3800,326.0,0.0,0.0,0.0,9,283.6,292.4,10,326.0,289.0,0.0,0.0,0.0,0.0,58
2023-05-10 09:31:48,IO2312-C-3800,IO2312-C-3800,326.0,0.0,0.0,0.0,9,283.6,292.4,7,326.0,289.0,0.0,0.0,0.0,0.0,58
2023-05-10 09:31:50,IO2312-C-3800,IO2312-C-3800,326.0,0.0,0.0,0.0,2,283.8,292.4,7,326.0,289.0,0.0,0.0,0.0,0.0,58
2023-05-10 09:31:50,IO2312-C-3800,IO2312-C-3800,326.0,0.0,0.0,0.0,11,283.6,292.4,7,326.0,289.0,0.0,0.0,0.0,0.0,58
2023-05-10 09:31:51,IO2312-C-3800,IO2312-C-3800,326.0,0.0,0.0,0.0,11,283.6,292.4,1,326.0,289.0,0.0,0.0,0.0,0.0,58
2023-05-10 09:31:57,IO2312-C-3800,IO2312-C-3800,326.0,0.0,0.0,0.0,11,283.6,292.2,1,326.0,289.0,0.0,0.0,0.0,0.0,58
2023-05-10 09:31:58,IO2312-C-3800,IO2312-C-3800,326.0,0.0,0.0,0.0,6,283.8,292.6,7,326.0,289.0,0.0,0.0,0.0,0.0,58
2023-05-10 09:31:59,IO2312-C-3800,IO2312-C-3800,326.0,0.0,0.0,0.0,2,284.0,292.6,7,326.0,289.0,0.0,0.0,0.0,0.0,58
2023-05-10 09:32:01,IO2312-C-3800,IO2312-C-3800,326.0,0.0,0.0,0.0,8,284.0,292.6,1,326.0,289.0,0.0,0.0,0.0,0.0,58
2023-05-10 09:32:12,IO2312-C-3800,IO2312-C-3800,326.0,0.0,0.0,0.0,8,284.0,292.4,1,326.0,289.0,0.0,0.0,0.0,0.0,58
2023-05-10 09:32:13,IO2312-C-3800,IO2312-C-3800,326.0,0.0,0.0,0.0,8,284.0,292.8,1,326.0,289.0,0.0,0.0,0.0,0.0,58
2023-05-10 09:32:19,IO2312-C-3800,IO2312-C-3800,326.0,0.0,0.0,0.0,8,284.0,293.0,12,326.0,289.0,0.0,0.0,0.0,0.0,58
2023-05-10 09:32:19,IO2312-C-3800,IO2312-C-3800,326.0,0.0,0.0,0.0,8,284.0,293.6,6,326.0,289.0,0.0,0.0,0.0,0.0,58
2023-05-10 09:32:20,IO2312-C-3800,IO2312-C-3800,326.0,0.0,0.0,0.0,8,284.0,293.8,1,326.0,289.0,0.0,0.0,0.0,0.0,58
2023-05-10 09:32:30,IO2312-C-3800,IO2312-C-3800,326.0,0.0,0.0,0.0,8,284.0,293.6,1,326.0,289.0,0.0,0.0,0.0,0.0,58
2023-05-10 09:32:40,IO2312-C-3800,IO2312-C-3800,326.0,0.0,0.0,0.0,8,284.0,293.4,1,326.0,289.0,0.0,0.0,0.0,0.0,58
2023-05-10 09:32:50,IO2312-C-3800,IO2312-C-3800,326.0,0.0,0.0,0.0,8,284.0,293.2,1,326.0,289.0,0.0,0.0,0.0,0.0,58
2023-05-10 09:32:57,IO2312-C-3800,IO2312-C-3800,326.0,0.0,0.0,0.0,1,286.8,293.2,1,326.0,289.0,0.0,0.0,0.0,0.0,58
2023-05-10 09:32:58,IO2312-C-3800,IO2312-C-3800,326.0,0.0,0.0,0.0,7,286.8,293.2,1,326.0,289.0,0.0,0.0,0.0,0.0,58
2023-05-10 09:33:00,IO2312-C-3800,IO2312-C-3800,326.0,0.0,0.0,0.0,1,287.4,293.0,1,326.0,289.0,0.0,0.0,0.0,0.0,58
2023-05-10 09:33:04,IO2312-C-3800,IO2312-C-3800,326.0,0.0,0.0,0.0,1,287.4,293.4,1,326.0,289.0,0.0,0.0,0.0,0.0,58
2023-05-10 09:33:06,IO2312-C-3800,IO2312-C-3800,326.0,0.0,0.0,0.0,6,287.0,293.4,1,326.0,289.0,0.0,0.0,0.0,0.0,58
2023-05-10 09:33:07,IO2312-C-3800,IO2312-C-3800,326.0,0.0,0.0,0.0,6,286.8,293.4,1,326.0,289.0,0.0,0.0,0.0,0.0,58
2023-05-10 09:33:09,IO2312-C-3800,IO2312-C-3800,326.0,0.0,0.0,0.0,6,286.8,293.2,3,326.0,289.0,0.0,0.0,0.0,0.0,58
2023-05-10 09:33:10,IO2312-C-3800,IO2312-C-3800,326.0,0.0,0.0,0.0,7,286.8,293.4,1,326.0,289.0,0.0,0.0,0.0,0.0,58
2023-05-10 09:33:12,IO2312-C-3800,IO2312-C-3800,326.0,0.0,0.0,0.0,1,287.8,293.8,1,326.0,289.0,0.0,0.0,0.0,0.0,58
2023-05-10 09:33:14,IO2312-C-3800,IO2312-C-3800,326.0,0.0,0.0,0.0,2,288.0,293.8,1,326.0,289.0,0.0,0.0,0.0,0.0,58
2023-05-10 09:33:16,IO2312-C-3800,IO2312-C-3800,326.0,0.0,0.0,0.0,1,288.4,294.2,1,326.0,289.0,0.0,0.0,0.0,0.0,58
2023-05-10 09:33:16,IO2312-C-3800,IO2312-C-3800,326.0,0.0,0.0,0.0,2,288.6,294.2,1,326.0,289.0,0.0,0.0,0.0,0.0,58
2023-05-10 09:33:18,IO2312-C-3800,IO2312-C-3800,326.0,0.0,0.0,0.0,8,288.6,294.2,1,326.0,289.0,0.0,0.0,0.0,0.0,58
2023-05-10 09:33:18,IO2312-C-3800,IO2312-C-3800,326.0,0.0,0.0,0.0,8,288.6,294.8,19,326.0,289.0,0.0,0.0,0.0,0.0,58
2023-05-10 09:33:19,IO2312-C-3800,IO2312-C-3800,326.0,0.0,0.0,0.0,8,288.6,294.8,7,326.0,289.0,0.0,0.0,0.0,0.0,58
2023-05-10 09:33:19,IO2312-C-3800,IO2312-C-3800,326.0,0.0,0.0,0.0,1,289.0,294.8,1,326.0,289.0,0.0,0.0,0.0,0.0,58
2023-05-10 09:33:20,IO2312-C-3800,IO2312-C-3800,326.0,0.0,0.0,0.0,2,289.2,294.8,1,326.0,289.0,0.0,0.0,0.0,0.0,58
2023-05-10 09:33:20,IO2312-C-3800,IO2312-C-3800,326.0,0.0,0.0,0.0,1,289.8,294.8,1,326.0,289.0,0.0,0.0,0.0,0.0,58
2023-05-10 09:33:21,IO2312-C-3800,IO2312-C-3800,326.0,0.0,0.0,0.0,2,290.0,294.8,1,326.0,289.0,0.0,0.0,0.0,0.0,58
2023-05-10 09:33:22,IO2312-C-3800,IO2312-C-3800,326.0,0.0,0.0,0.0,2,290.0,295.6,25,326.0,289.0,0.0,0.0,0.0,0.0,58
2023-05-10 09:33:23,IO2312-C-3800,IO2312-C-3800,326.0,0.0,0.0,0.0,2,290.0,295.6,13,326.0,289.0,0.0,0.0,0.0,0.0,58
2023-05-10 09:33:23,IO2312-C-3800,IO2312-C-3800,326.0,0.0,0.0,0.0,8,290.0,295.6,7,326.0,289.0,0.0,0.0,0.0,0.0,58
2023-05-10 09:33:24,IO2312-C-3800,IO2312-C-3800,326.0,0.0,0.0,0.0,8,290.0,295.6,1,326.0,289.0,0.0,0.0,0.0,0.0,58
2023-05-10 09:33:24,IO2312-C-3800,IO2312-C-3800,326.0,0.0,0.0,0.0,8,290.0,296.0,36,326.0,289.0,0.0,0.0,0.0,0.0,58
2023-05-10 09:33:25,IO2312-C-3800,IO2312-C-3800,326.0,0.0,0.0,0.0,8,290.0,296.0,18,326.0,289.0,0.0,0.0,0.0,0.0,58
2023-05-10 09:33:26,IO2312-C-3800,IO2312-C-3800,326.0,0.0,0.0,0.0,8,290.0,296.0,12,326.0,289.0,0.0,0.0,0.0,0.0,58
2023-05-10 09:33:27,IO2312-C-3800,IO2312-C-3800,326.0,0.0,0.0,0.0,1,290.6,296.0,6,326.0,289.0,0.0,0.0,0.0,0.0,58
2023-05-10 09:33:27,IO2312-C-3800,IO2312-C-3800,326.0,0.0,0.0,0.0,2,290.8,296.4,13,326.0,289.0,0.0,0.0,0.0,0.0,58
2023-05-10 09:33:28,IO2312-C-3800,IO2312-C-3800,326.0,0.0,0.0,0.0,2,290.8,296.4,7,326.0,289.0,0.0,0.0,0.0,0.0,58
2023-05-10 09:33:28,IO2312-C-3800,IO2312-C-3800,326.0,0.0,0.0,0.0,2,290.8,296.4,1,326.0,289.0,0.0,0.0,0.0,0.0,58
2023-05-10 09:33:29,IO2312-C-3800,IO2312-C-3800,326.0,0.0,0.0,0.0,1,290.6,296.4,1,326.0,289.0,0.0,0.0,0.0,0.0,58
2023-05-10 09:33:29,IO2312-C-3800,IO2312-C-3800,326.0,0.0,0.0,0.0,1,291.6,296.4,1,326.0,289.0,0.0,0.0,0.0,0.0,58
2023-05-10 09:33:30,IO2312-C-3800,IO2312-C-3800,326.0,0.0,0.0,0.0,1,291.6,296.8,1,326.0,289.0,0.0,0.0,0.0,0.0,58
2023-05-10 09:33:30,IO2312-C-3800,IO2312-C-3800,326.0,0.0,0.0,0.0,1,291.0,296.8,1,326.0,289.0,0.0,0.0,0.0,0.0,58
2023-05-10 09:33:31,IO2312-C-3800,IO2312-C-3800,326.0,0.0,0.0,0.0,2,291.2,296.8,1,326.0,289.0,0.0,0.0,0.0,0.0,58
2023-05-10 09:33:32,IO2312-C-3800,IO2312-C-3800,326.0,0.0,0.0,0.0,2,290.8,296.8,1,326.0,289.0,0.0,0.0,0.0,0.0,58
2023-05-10 09:33:36,IO2312-C-3800,IO2312-C-3800,326.0,0.0,0.0,0.0,2,290.8,296.6,6,326.0,289.0,0.0,0.0,0.0,0.0,58
2023-05-10 09:33:38,IO2312-C-3800,IO2312-C-3800,326.0,0.0,0.0,0.0,2,290.6,296.6,6,326.0,289.0,0.0,0.0,0.0,0.0,58
2023-05-10 09:33:38,IO2312-C-3800,IO2312-C-3800,326.0,0.0,0.0,0.0,14,290.4,296.6,6,326.0,289.0,0.0,0.0,0.0,0.0,58
2023-05-10 09:33:39,IO2312-C-3800,IO2312-C-3800,326.0,0.0,0.0,0.0,12,290.4,296.6,6,326.0,289.0,0.0,0.0,0.0,0.0,58
2023-05-10 09:33:39,IO2312-C-3800,IO2312-C-3800,326.0,0.0,0.0,0.0,12,290.4,296.6,9,326.0,289.0,0.0,0.0,0.0,0.0,58
2023-05-10 09:33:40,IO2312-C-3800,IO2312-C-3800,326.0,0.0,0.0,0.0,6,290.4,296.4,6,326.0,289.0,0.0,0.0,0.0,0.0,58
2023-05-10 09:33:40,IO2312-C-3800,IO2312-C-3800,326.0,0.0,0.0,0.0,18,290.2,296.4,6,326.0,289.0,0.0,0.0,0.0,0.0,58
2023-05-10 09:33:41,IO2312-C-3800,IO2312-C-3800,326.0,0.0,0.0,0.0,12,290.2,296.4,6,326.0,289.0,0.0,0.0,0.0,0.0,58
2023-05-10 09:33:41,IO2312-C-3800,IO2312-C-3800,326.0,0.0,0.0,0.0,6,290.2,296.2,6,326.0,289.0,0.0,0.0,0.0,0.0,58
2023-05-10 09:33:42,IO2312-C-3800,IO2312-C-3800,326.0,0.0,0.0,0.0,12,290.0,296.0,6,326.0,289.0,0.0,0.0,0.0,0.0,58
2023-05-10 09:33:42,IO2312-C-3800,IO2312-C-3800,326.0,0.0,0.0,0.0,24,289.8,296.0,9,326.0,289.0,0.0,0.0,0.0,0.0,58
2023-05-10 09:33:43,IO2312-C-3800,IO2312-C-3800,326.0,0.0,0.0,0.0,24,289.8,295.8,6,326.0,289.0,0.0,0.0,0.0,0.0,58
2023-05-10 09:33:45,IO2312-C-3800,IO2312-C-3800,326.0,0.0,0.0,0.0,24,289.8,296.0,6,326.0,289.0,0.0,0.0,0.0,0.0,58
2023-05-10 09:33:47,IO2312-C-3800,IO2312-C-3800,326.0,0.0,0.0,0.0,24,289.8,295.8,3,326.0,289.0,0.0,0.0,0.0,0.0,58
2023-05-10 09:33:48,IO2312-C-3800,IO2312-C-3800,326.0,0.0,0.0,0.0,24,289.8,295.6,6,326.0,289.0,0.0,0.0,0.0,0.0,58
2023-05-10 09:33:48,IO2312-C-3800,IO2312-C-3800,326.0,0.0,0.0,0.0,24,289.8,296.0,6,326.0,289.0,0.0,0.0,0.0,0.0,58
2023-05-10 09:33:56,IO2312-C-3800,IO2312-C-3800,326.0,0.0,0.0,0.0,18,289.8,295.8,3,326.0,289.0,0.0,0.0,0.0,0.0,58
2023-05-10 09:33:56,IO2312-C-3800,IO2312-C-3800,326.0,0.0,0.0,0.0,12,289.8,295.6,6,326.0,289.0,0.0,0.0,0.0,0.0,58
2023-05-10 09:33:57,IO2312-C-3800,IO2312-C-3800,326.0,0.0,0.0,0.0,6,289.8,295.6,6,326.0,289.0,0.0,0.0,0.0,0.0,58
2023-05-10 09:33:58,IO2312-C-3800,IO2312-C-3800,326.0,0.0,0.0,0.0,6,289.8,295.8,6,326.0,289.0,0.0,0.0,0.0,0.0,58
2023-05-10 09:34:01,IO2312-C-3800,IO2312-C-3800,326.0,0.0,0.0,0.0,6,289.8,295.8,10,326.0,289.0,0.0,0.0,0.0,0.0,58
2023-05-10 09:34:01,IO2312-C-3800,IO2312-C-3800,326.0,0.0,0.0,0.0,6,289.8,295.6,6,326.0,289.0,0.0,0.0,0.0,0.0,58
2023-05-10 09:34:03,IO2312-C-3800,IO2312-C-3800,326.0,0.0,0.0,0.0,6,289.8,295.2,3,326.0,289.0,0.0,0.0,0.0,0.0,58
2023-05-10 09:34:03,IO2312-C-3800,IO2312-C-3800,326.0,0.0,0.0,0.0,6,289.8,295.0,12,326.0,289.0,0.0,0.0,0.0,0.0,58
2023-05-10 09:34:04,IO2312-C-3800,IO2312-C-3800,326.0,0.0,0.0,0.0,6,289.8,294.8,6,326.0,289.0,0.0,0.0,0.0,0.0,58
2023-05-10 09:34:05,IO2312-C-3800,IO2312-C-3800,326.0,0.0,0.0,0.0,6,289.8,294.4,3,326.0,289.0,0.0,0.0,0.0,0.0,58
2023-05-10 09:34:05,IO2312-C-3800,IO2312-C-3800,326.0,0.0,0.0,0.0,6,289.8,294.2,6,326.0,289.0,0.0,0.0,0.0,0.0,58
2023-05-10 09:34:06,IO2312-C-3800,IO2312-C-3800,326.0,0.0,0.0,0.0,12,289.0,294.0,6,326.0,289.0,0.0,0.0,0.0,0.0,58
2023-05-10 09:34:06,IO2312-C-3800,IO2312-C-3800,326.0,0.0,0.0,0.0,12,288.8,293.8,6,326.0,289.0,0.0,0.0,0.0,0.0,58
2023-05-10 09:34:07,IO2312-C-3800,IO2312-C-3800,326.0,0.0,0.0,0.0,12,288.6,293.8,7,326.0,289.0,0.0,0.0,0.0,0.0,58
2023-05-10 09:34:07,IO2312-C-3800,IO2312-C-3800,326.0,0.0,0.0,0.0,12,288.4,293.6,6,326.0,289.0,0.0,0.0,0.0,0.0,58
2023-05-10 09:34:08,IO2312-C-3800,IO2312-C-3800,326.0,0.0,0.0,0.0,24,288.2,293.6,6,326.0,289.0,0.0,0.0,0.0,0.0,58
2023-05-10 09:34:08,IO2312-C-3800,IO2312-C-3800,326.0,0.0,0.0,0.0,12,288.2,293.6,6,326.0,289.0,0.0,0.0,0.0,0.0,58
2023-05-10 09:34:09,IO2312-C-3800,IO2312-C-3800,326.0,0.0,0.0,0.0,30,288.0,293.6,6,326.0,289.0,0.0,0.0,0.0,0.0,58
2023-05-10 09:34:09,IO2312-C-3800,IO2312-C-3800,326.0,0.0,0.0,0.0,24,288.0,293.6,6,326.0,289.0,0.0,0.0,0.0,0.0,58
2023-05-10 09:34:14,IO2312-C-3800,IO2312-C-3800,326.0,0.0,0.0,0.0,18,288.0,293.6,6,326.0,289.0,0.0,0.0,0.0,0.0,58
2023-05-10 09:34:14,IO2312-C-3800,IO2312-C-3800,326.0,0.0,0.0,0.0,12,288.0,293.6,6,326.0,289.0,0.0,0.0,0.0,0.0,58
2023-05-10 09:34:15,IO2312-C-3800,IO2312-C-3800,326.0,0.0,0.0,0.0,6,288.0,293.6,6,326.0,289.0,0.0,0.0,0.0,0.0,58
2023-05-10 09:34:33,IO2312-C-3800,IO2312-C-3800,326.0,0.0,0.0,0.0,24,287.8,293.6,6,326.0,289.0,0.0,0.0,0.0,0.0,58
2023-05-10 09:34:33,IO2312-C-3800,IO2312-C-3800,326.0,0.0,0.0,0.0,18,287.8,293.6,6,326.0,289.0,0.0,0.0,0.0,0.0,58
2023-05-10 09:34:34,IO2312-C-3800,IO2312-C-3800,326.0,0.0,0.0,0.0,12,287.8,293.6,6,326.0,289.0,0.0,0.0,0.0,0.0,58
2023-05-10 09:34:34,IO2312-C-3800,IO2312-C-3800,326.0,0.0,0.0,0.0,6,287.8,293.6,6,326.0,289.0,0.0,0.0,0.0,0.0,58
2023-05-10 09:34:42,IO2312-C-3800,IO2312-C-3800,326.0,0.0,0.0,0.0,6,287.8,293.6,7,326.0,289.0,0.0,0.0,0.0,0.0,58
2023-05-10 09:34:42,IO2312-C-3800,IO2312-C-3800,326.0,0.0,0.0,0.0,6,287.8,293.4,6,326.0,289.0,0.0,0.0,0.0,0.0,58
2023-05-10 09:34:47,IO2312-C-3800,IO2312-C-3800,326.0,0.0,0.0,0.0,6,287.8,293.4,7,326.0,289.0,0.0,0.0,0.0,0.0,58
2023-05-10 09:34:47,IO2312-C-3800,IO2312-C-3800,326.0,0.0,0.0,0.0,6,287.8,293.2,6,326.0,289.0,0.0,0.0,0.0,0.0,58
2023-05-10 09:34:57,IO2312-C-3800,IO2312-C-3800,326.0,0.0,0.0,0.0,6,287.8,293.2,7,326.0,289.0,0.0,0.0,0.0,0.0,58
2023-05-10 09:34:57,IO2312-C-3800,IO2312-C-3800,326.0,0.0,0.0,0.0,6,287.8,293.0,6,326.0,289.0,0.0,0.0,0.0,0.0,58
2023-05-10 09:35:03,IO2312-C-3800,IO2312-C-3800,326.0,0.0,0.0,0.0,6,287.8,293.0,9,326.0,289.0,0.0,0.0,0.0,0.0,58
2023-05-10 09:35:04,IO2312-C-3800,IO2312-C-3800,326.0,0.0,0.0,0.0,6,287.8,292.8,6,326.0,289.0,0.0,0.0,0.0,0.0,58
2023-05-10 09:35:05,IO2312-C-3800,IO2312-C-3800,326.0,0.0,0.0,0.0,6,287.8,292.6,6,326.0,289.0,0.0,0.0,0.0,0.0,58
2023-05-10 09:35:06,IO2312-C-3800,IO2312-C-3800,326.0,0.0,0.0,0.0,6,287.8,292.4,6,326.0,289.0,0.0,0.0,0.0,0.0,58
2023-05-10 09:35:06,IO2312-C-3800,IO2312-C-3800,326.0,0.0,0.0,0.0,12,287.2,292.4,6,326.0,289.0,0.0,0.0,0.0,0.0,58
2023-05-10 09:35:07,IO2312-C-3800,IO2312-C-3800,326.0,0.0,0.0,0.0,6,287.0,292.4,9,326.0,289.0,0.0,0.0,0.0,0.0,58
2023-05-10 09:35:07,IO2312-C-3800,IO2312-C-3800,326.0,0.0,0.0,0.0,12,286.8,292.2,6,326.0,289.0,0.0,0.0,0.0,0.0,58
2023-05-10 09:35:08,IO2312-C-3800,IO2312-C-3800,326.0,0.0,0.0,0.0,1,286.6,292.2,6,326.0,289.0,0.0,0.0,0.0,0.0,58
2023-05-10 09:35:08,IO2312-C-3800,IO2312-C-3800,326.0,0.0,0.0,0.0,1,286.6,292.4,6,326.0,289.0,0.0,0.0,0.0,0.0,58
2023-05-10 09:35:12,IO2312-C-3800,IO2312-C-3800,326.0,0.0,0.0,0.0,20,286.0,292.4,6,326.0,289.0,0.0,0.0,0.0,0.0,58
2023-05-10 09:35:14,IO2312-C-3800,IO2312-C-3800,326.0,0.0,0.0,0.0,18,286.0,292.4,6,326.0,289.0,0.0,0.0,0.0,0.0,58
2023-05-10 09:35:17,IO2312-C-3800,IO2312-C-3800,326.0,0.0,0.0,0.0,12,286.0,292.4,12,326.0,289.0,0.0,0.0,0.0,0.0,58
2023-05-10 09:35:17,IO2312-C-3800,IO2312-C-3800,326.0,0.0,0.0,0.0,6,286.0,292.2,6,326.0,289.0,0.0,0.0,0.0,0.0,58
2023-05-10 09:35:26,IO2312-C-3800,IO2312-C-3800,326.0,0.0,0.0,0.0,6,286.0,292.2,7,326.0,289.0,0.0,0.0,0.0,0.0,58
2023-05-10 09:35:26,IO2312-C-3800,IO2312-C-3800,326.0,0.0,0.0,0.0,6,286.0,292.0,6,326.0,289.0,0.0,0.0,0.0,0.0,58
2023-05-10 09:35:31,IO2312-C-3800,IO2312-C-3800,326.0,0.0,0.0,0.0,6,286.0,292.0,7,326.0,289.0,0.0,0.0,0.0,0.0,58
2023-05-10 09:35:31,IO2312-C-3800,IO2312-C-3800,326.0,0.0,0.0,0.0,6,286.0,291.8,6,326.0,289.0,0.0,0.0,0.0,0.0,58
2023-05-10 09:35:41,IO2312-C-3800,IO2312-C-3800,326.0,0.0,0.0,0.0,6,286.0,291.8,7,326.0,289.0,0.0,0.0,0.0,0.0,58
2023-05-10 09:35:41,IO2312-C-3800,IO2312-C-3800,326.0,0.0,0.0,0.0,6,286.0,291.6,6,326.0,289.0,0.0,0.0,0.0,0.0,58
2023-05-10 09:35:46,IO2312-C-3800,IO2312-C-3800,326.0,0.0,0.0,0.0,18,285.8,291.6,6,326.0,289.0,0.0,0.0,0.0,0.0,58
2023-05-10 09:35:47,IO2312-C-3800,IO2312-C-3800,326.0,0.0,0.0,0.0,12,285.8,291.6,6,326.0,289.0,0.0,0.0,0.0,0.0,58
2023-05-10 09:35:47,IO2312-C-3800,IO2312-C-3800,326.0,0.0,0.0,0.0,6,285.8,291.6,6,326.0,289.0,0.0,0.0,0.0,0.0,58
2023-05-10 09:35:59,IO2312-C-3800,IO2312-C-3800,326.0,0.0,0.0,0.0,1,286.0,291.6,6,326.0,289.0,0.0,0.0,0.0,0.0,58
2023-05-10 09:35:59,IO2312-C-3800,IO2312-C-3800,326.0,0.0,0.0,0.0,7,286.0,291.6,6,326.0,289.0,0.0,0.0,0.0,0.0,58
2023-05-10 09:36:00,IO2312-C-3800,IO2312-C-3800,326.0,0.0,0.0,0.0,6,286.2,291.8,18,326.0,289.0,0.0,0.0,0.0,0.0,58
2023-05-10 09:36:00,IO2312-C-3800,IO2312-C-3800,326.0,0.0,0.0,0.0,1,286.8,291.8,6,326.0,289.0,0.0,0.0,0.0,0.0,58
2023-05-10 09:36:01,IO2312-C-3800,IO2312-C-3800,326.0,0.0,0.0,0.0,1,286.8,292.0,24,326.0,289.0,0.0,0.0,0.0,0.0,58
2023-05-10 09:36:01,IO2312-C-3800,IO2312-C-3800,326.0,0.0,0.0,0.0,1,286.8,292.0,18,326.0,289.0,0.0,0.0,0.0,0.0,58
2023-05-10 09:36:02,IO2312-C-3800,IO2312-C-3800,326.0,0.0,0.0,0.0,7,286.8,292.0,12,326.0,289.0,0.0,0.0,0.0,0.0,58
2023-05-10 09:36:02,IO2312-C-3800,IO2312-C-3800,326.0,0.0,0.0,0.0,7,286.8,292.0,6,326.0,289.0,0.0,0.0,0.0,0.0,58
2023-05-10 09:36:08,IO2312-C-3800,IO2312-C-3800,326.0,0.0,0.0,0.0,6,287.0,292.2,18,326.0,289.0,0.0,0.0,0.0,0.0,58
2023-05-10 09:36:08,IO2312-C-3800,IO2312-C-3800,326.0,0.0,0.0,0.0,6,287.2,292.2,6,326.0,289.0,0.0,0.0,0.0,0.0,58
2023-05-10 09:36:09,IO2312-C-3800,IO2312-C-3800,326.0,0.0,0.0,0.0,6,287.2,292.4,24,326.0,289.0,0.0,0.0,0.0,0.0,58
2023-05-10 09:36:09,IO2312-C-3800,IO2312-C-3800,326.0,0.0,0.0,0.0,1,287.8,292.4,12,326.0,289.0,0.0,0.0,0.0,0.0,58
2023-05-10 09:36:10,IO2312-C-3800,IO2312-C-3800,326.0,0.0,0.0,0.0,1,287.8,292.6,24,326.0,289.0,0.0,0.0,0.0,0.0,58
2023-05-10 09:36:10,IO2312-C-3800,IO2312-C-3800,326.0,0.0,0.0,0.0,1,287.8,292.6,12,326.0,289.0,0.0,0.0,0.0,0.0,58
2023-05-10 09:36:11,IO2312-C-3800,IO2312-C-3800,326.0,0.0,0.0,0.0,7,287.8,292.8,18,326.0,289.0,0.0,0.0,0.0,0.0,58
2023-05-10 09:36:11,IO2312-C-3800,IO2312-C-3800,326.0,0.0,0.0,0.0,7,287.8,292.8,6,326.0,289.0,0.0,0.0,0.0,0.0,58
2023-05-10 09:36:12,IO2312-C-3800,IO2312-C-3800,326.0,0.0,0.0,0.0,6,287.8,293.0,18,326.0,289.0,0.0,0.0,0.0,0.0,58
2023-05-10 09:36:12,IO2312-C-3800,IO2312-C-3800,326.0,0.0,0.0,0.0,6,287.8,293.0,6,326.0,289.0,0.0,0.0,0.0,0.0,58
2023-05-10 09:36:13,IO2312-C-3800,IO2312-C-3800,326.0,0.0,0.0,0.0,6,287.8,293.2,19,326.0,289.0,0.0,0.0,0.0,0.0,58
2023-05-10 09:36:13,IO2312-C-3800,IO2312-C-3800,326.0,0.0,0.0,0.0,6,287.8,293.2,13,326.0,289.0,0.0,0.0,0.0,0.0,58
2023-05-10 09:36:17,IO2312-C-3800,IO2312-C-3800,326.0,0.0,0.0,0.0,1,288.0,293.2,13,326.0,289.0,0.0,0.0,0.0,0.0,58
2023-05-10 09:36:19,IO2312-C-3800,IO2312-C-3800,326.0,0.0,0.0,0.0,6,288.2,293.2,6,326.0,289.0,0.0,0.0,0.0,0.0,58
2023-05-10 09:36:19,IO2312-C-3800,IO2312-C-3800,326.0,0.0,0.0,0.0,6,288.2,293.4,12,326.0,289.0,0.0,0.0,0.0,0.0,58
2023-05-10 09:36:20,IO2312-C-3800,IO2312-C-3800,326.0,0.0,0.0,0.0,6,288.2,293.6,13,326.0,289.0,0.0,0.0,0.0,0.0,58
2023-05-10 09:36:20,IO2312-C-3800,IO2312-C-3800,326.0,0.0,0.0,0.0,6,288.2,293.6,7,326.0,289.0,0.0,0.0,0.0,0.0,58
2023-05-10 09:36:21,IO2312-C-3800,IO2312-C-3800,326.0,0.0,0.0,0.0,6,288.4,293.6,1,326.0,289.0,0.0,0.0,0.0,0.0,58
2023-05-10 09:36:21,IO2312-C-3800,IO2312-C-3800,326.0,0.0,0.0,0.0,12,288.4,293.6,1,326.0,289.0,0.0,0.0,0.0,0.0,58
2023-05-10 09:36:22,IO2312-C-3800,IO2312-C-3800,326.0,0.0,0.0,0.0,1,288.8,293.6,1,326.0,289.0,0.0,0.0,0.0,0.0,58
2023-05-10 09:36:25,IO2312-C-3800,IO2312-C-3800,326.0,0.0,0.0,0.0,18,288.4,293.6,1,326.0,289.0,0.0,0.0,0.0,0.0,58
2023-05-10 09:36:29,IO2312-C-3800,IO2312-C-3800,326.0,0.0,0.0,0.0,12,288.4,293.4,7,326.0,289.0,0.0,0.0,0.0,0.0,58
2023-05-10 09:36:29,IO2312-C-3800,IO2312-C-3800,326.0,0.0,0.0,0.0,6,288.4,293.4,7,326.0,289.0,0.0,0.0,0.0,0.0,58
2023-05-10 09:36:31,IO2312-C-3800,IO2312-C-3800,326.0,0.0,0.0,0.0,18,288.0,293.2,6,326.0,289.0,0.0,0.0,0.0,0.0,58
2023-05-10 09:36:31,IO2312-C-3800,IO2312-C-3800,326.0,0.0,0.0,0.0,6,288.0,293.2,6,326.0,289.0,0.0,0.0,0.0,0.0,58
2023-05-10 09:36:32,IO2312-C-3800,IO2312-C-3800,326.0,0.0,0.0,0.0,12,287.8,293.2,6,326.0,289.0,0.0,0.0,0.0,0.0,58
2023-05-10 09:36:32,IO2312-C-3800,IO2312-C-3800,326.0,0.0,0.0,0.0,6,287.8,293.2,6,326.0,289.0,0.0,0.0,0.0,0.0,58
2023-05-10 09:36:33,IO2312-C-3800,IO2312-C-3800,326.0,0.0,0.0,0.0,18,287.6,293.2,6,326.0,289.0,0.0,0.0,0.0,0.0,58
2023-05-10 09:36:33,IO2312-C-3800,IO2312-C-3800,326.0,0.0,0.0,0.0,12,287.6,293.2,9,326.0,289.0,0.0,0.0,0.0,0.0,58
2023-05-10 09:36:34,IO2312-C-3800,IO2312-C-3800,326.0,0.0,0.0,0.0,6,287.6,293.0,6,326.0,289.0,0.0,0.0,0.0,0.0,58
2023-05-10 09:36:35,IO2312-C-3800,IO2312-C-3800,326.0,0.0,0.0,0.0,6,287.6,293.2,6,326.0,289.0,0.0,0.0,0.0,0.0,58
2023-05-10 09:36:37,IO2312-C-3800,IO2312-C-3800,326.0,0.0,0.0,0.0,1,287.8,293.2,6,326.0,289.0,0.0,0.0,0.0,0.0,58
2023-05-10 09:36:44,IO2312-C-3800,IO2312-C-3800,326.0,0.0,0.0,0.0,1,287.8,293.2,7,326.0,289.0,0.0,0.0,0.0,0.0,58
2023-05-10 09:36:44,IO2312-C-3800,IO2312-C-3800,326.0,0.0,0.0,0.0,1,287.8,293.0,6,326.0,289.0,0.0,0.0,0.0,0.0,58
2023-05-10 09:36:52,IO2312-C-3800,IO2312-C-3800,326.0,0.0,0.0,0.0,6,287.6,293.0,6,326.0,289.0,0.0,0.0,0.0,0.0,58
2023-05-10 09:36:57,IO2312-C-3800,IO2312-C-3800,326.0,0.0,0.0,0.0,6,287.6,292.8,6,326.0,289.0,0.0,0.0,0.0,0.0,58
2023-05-10 09:36:58,IO2312-C-3800,IO2312-C-3800,326.0,0.0,0.0,0.0,6,287.6,292.6,6,326.0,289.0,0.0,0.0,0.0,0.0,58
2023-05-10 09:37:01,IO2312-C-3800,IO2312-C-3800,326.0,0.0,0.0,0.0,6,287.6,292.6,9,326.0,289.0,0.0,0.0,0.0,0.0,58
2023-05-10 09:37:02,IO2312-C-3800,IO2312-C-3800,326.0,0.0,0.0,0.0,6,287.6,292.4,6,326.0,289.0,0.0,0.0,0.0,0.0,58
2023-05-10 09:37:02,IO2312-C-3800,IO2312-C-3800,326.0,0.0,0.0,0.0,6,287.6,292.6,6,326.0,289.0,0.0,0.0,0.0,0.0,58
2023-05-10 09:37:03,IO2312-C-3800,IO2312-C-3800,326.0,0.0,0.0,0.0,6,287.6,292.2,3,326.0,289.0,0.0,0.0,0.0,0.0,58
2023-05-10 09:37:03,IO2312-C-3800,IO2312-C-3800,326.0,0.0,0.0,0.0,6,287.6,292.0,6,326.0,289.0,0.0,0.0,0.0,0.0,58
2023-05-10 09:37:04,IO2312-C-3800,IO2312-C-3800,326.0,0.0,0.0,0.0,6,287.6,292.0,7,326.0,289.0,0.0,0.0,0.0,0.0,58
2023-05-10 09:37:04,IO2312-C-3800,IO2312-C-3800,326.0,0.0,0.0,0.0,6,287.6,291.8,12,326.0,289.0,0.0,0.0,0.0,0.0,58
2023-05-10 09:37:07,IO2312-C-3800,IO2312-C-3800,326.0,0.0,0.0,0.0,6,287.6,291.6,6,326.0,289.0,0.0,0.0,0.0,0.0,58
2023-05-10 09:37:09,IO2312-C-3800,IO2312-C-3800,326.0,0.0,0.0,0.0,6,287.6,291.6,7,326.0,289.0,0.0,0.0,0.0,0.0,58
2023-05-10 09:37:09,IO2312-C-3800,IO2312-C-3800,326.0,0.0,0.0,0.0,6,287.6,291.4,6,326.0,289.0,0.0,0.0,0.0,0.0,58
2023-05-10 09:37:10,IO2312-C-3800,IO2312-C-3800,326.0,0.0,0.0,0.0,6,287.6,291.6,13,326.0,289.0,0.0,0.0,0.0,0.0,58
2023-05-10 09:37:11,IO2312-C-3800,IO2312-C-3800,326.0,0.0,0.0,0.0,6,287.6,291.6,7,326.0,289.0,0.0,0.0,0.0,0.0,58
2023-05-10 09:37:11,IO2312-C-3800,IO2312-C-3800,326.0,0.0,0.0,0.0,6,287.6,291.4,6,326.0,289.0,0.0,0.0,0.0,0.0,58
2023-05-10 09:37:12,IO2312-C-3800,IO2312-C-3800,326.0,0.0,0.0,0.0,1,288.0,291.4,6,326.0,289.0,0.0,0.0,0.0,0.0,58
2023-05-10 09:37:12,IO2312-C-3800,IO2312-C-3800,326.0,0.0,0.0,0.0,1,288.0,291.6,7,326.0,289.0,0.0,0.0,0.0,0.0,58
2023-05-10 09:37:14,IO2312-C-3800,IO2312-C-3800,326.0,0.0,0.0,0.0,1,288.0,291.6,6,326.0,289.0,0.0,0.0,0.0,0.0,58
2023-05-10 09:37:14,IO2312-C-3800,IO2312-C-3800,326.0,0.0,0.0,0.0,1,288.0,291.8,18,326.0,289.0,0.0,0.0,0.0,0.0,58
2023-05-10 09:37:15,IO2312-C-3800,IO2312-C-3800,326.0,0.0,0.0,0.0,6,287.6,291.8,6,326.0,289.0,0.0,0.0,0.0,0.0,58
2023-05-10 09:37:24,IO2312-C-3800,IO2312-C-3800,326.0,0.0,0.0,0.0,6,287.6,291.8,7,326.0,289.0,0.0,0.0,0.0,0.0,58
2023-05-10 09:37:24,IO2312-C-3800,IO2312-C-3800,326.0,0.0,0.0,0.0,6,287.6,291.6,6,326.0,289.0,0.0,0.0,0.0,0.0,58
2023-05-10 09:37:33,IO2312-C-3800,IO2312-C-3800,326.0,0.0,0.0,0.0,24,286.8,291.6,6,326.0,289.0,0.0,0.0,0.0,0.0,58
2023-05-10 09:37:33,IO2312-C-3800,IO2312-C-3800,326.0,0.0,0.0,0.0,12,286.8,291.6,6,326.0,289.0,0.0,0.0,0.0,0.0,58
2023-05-10 09:37:34,IO2312-C-3800,IO2312-C-3800,326.0,0.0,0.0,0.0,18,286.4,291.6,6,326.0,289.0,0.0,0.0,0.0,0.0,58
2023-05-10 09:37:34,IO2312-C-3800,IO2312-C-3800,326.0,0.0,0.0,0.0,6,286.4,291.6,6,326.0,289.0,0.0,0.0,0.0,0.0,58
2023-05-10 09:37:35,IO2312-C-3800,IO2312-C-3800,326.0,0.0,0.0,0.0,12,286.0,291.6,6,326.0,289.0,0.0,0.0,0.0,0.0,58
2023-05-10 09:37:35,IO2312-C-3800,IO2312-C-3800,326.0,0.0,0.0,0.0,6,286.0,291.6,6,326.0,289.0,0.0,0.0,0.0,0.0,58
2023-05-10 09:37:36,IO2312-C-3800,IO2312-C-3800,326.0,0.0,0.0,0.0,6,286.0,291.4,6,326.0,289.0,0.0,0.0,0.0,0.0,58
2023-05-10 09:37:36,IO2312-C-3800,IO2312-C-3800,326.0,0.0,0.0,0.0,6,286.0,291.2,6,326.0,289.0,0.0,0.0,0.0,0.0,58
2023-05-10 09:37:41,IO2312-C-3800,IO2312-C-3800,326.0,0.0,0.0,0.0,6,285.8,291.2,6,326.0,289.0,0.0,0.0,0.0,0.0,58
2023-05-10 09:37:42,IO2312-C-3800,IO2312-C-3800,326.0,0.0,0.0,0.0,6,285.8,291.0,6,326.0,289.0,0.0,0.0,0.0,0.0,58
2023-05-10 09:37:42,IO2312-C-3800,IO2312-C-3800,326.0,0.0,0.0,0.0,6,285.8,290.8,6,326.0,289.0,0.0,0.0,0.0,0.0,58
2023-05-10 09:37:43,IO2312-C-3800,IO2312-C-3800,326.0,0.0,0.0,0.0,18,285.6,290.8,6,326.0,289.0,0.0,0.0,0.0,0.0,58
2023-05-10 09:37:43,IO2312-C-3800,IO2312-C-3800,326.0,0.0,0.0,0.0,12,285.6,290.8,6,326.0,289.0,0.0,0.0,0.0,0.0,58
2023-05-10 09:37:44,IO2312-C-3800,IO2312-C-3800,326.0,0.0,0.0,0.0,6,285.6,290.8,6,326.0,289.0,0.0,0.0,0.0,0.0,58
2023-05-10 09:37:53,IO2312-C-3800,IO2312-C-3800,326.0,0.0,0.0,0.0,6,285.6,290.8,7,326.0,289.0,0.0,0.0,0.0,0.0,58
2023-05-10 09:37:54,IO2312-C-3800,IO2312-C-3800,326.0,0.0,0.0,0.0,6,285.6,290.6,6,326.0,289.0,0.0,0.0,0.0,0.0,58
2023-05-10 09:37:57,IO2312-C-3800,IO2312-C-3800,326.0,0.0,0.0,0.0,6,285.8,290.6,6,326.0,289.0,0.0,0.0,0.0,0.0,58
2023-05-10 09:38:05,IO2312-C-3800,IO2312-C-3800,326.0,0.0,0.0,0.0,1,286.4,290.6,6,326.0,289.0,0.0,0.0,0.0,0.0,58
2023-05-10 09:38:06,IO2312-C-3800,IO2312-C-3800,326.0,0.0,0.0,0.0,1,286.4,290.8,19,326.0,289.0,0.0,0.0,0.0,0.0,58
2023-05-10 09:38:07,IO2312-C-3800,IO2312-C-3800,326.0,0.0,0.0,0.0,1,286.4,290.8,13,326.0,289.0,0.0,0.0,0.0,0.0,58
2023-05-10 09:38:07,IO2312-C-3800,IO2312-C-3800,326.0,0.0,0.0,0.0,2,286.0,290.8,13,326.0,289.0,0.0,0.0,0.0,0.0,58
2023-05-10 09:38:09,IO2312-C-3800,IO2312-C-3800,326.0,0.0,0.0,0.0,2,286.0,290.8,12,326.0,289.0,0.0,0.0,0.0,0.0,58
2023-05-10 09:38:10,IO2312-C-3800,IO2312-C-3800,326.0,0.0,0.0,0.0,2,286.0,290.8,6,326.0,289.0,0.0,0.0,0.0,0.0,58
2023-05-10 09:38:11,IO2312-C-3800,IO2312-C-3800,326.0,0.0,0.0,0.0,3,286.2,290.8,6,326.0,289.0,0.0,0.0,0.0,0.0,58
2023-05-10 09:38:11,IO2312-C-3800,IO2312-C-3800,326.0,0.0,0.0,0.0,2,286.4,291.0,12,326.0,289.0,0.0,0.0,0.0,0.0,58
2023-05-10 09:38:12,IO2312-C-3800,IO2312-C-3800,326.0,0.0,0.0,0.0,2,286.4,291.2,30,326.0,289.0,0.0,0.0,0.0,0.0,58
2023-05-10 09:38:12,IO2312-C-3800,IO2312-C-3800,326.0,0.0,0.0,0.0,2,286.4,291.2,12,326.0,289.0,0.0,0.0,0.0,0.0,58
2023-05-10 09:38:13,IO2312-C-3800,IO2312-C-3800,326.0,0.0,0.0,0.0,1,287.0,291.4,13,326.0,289.0,0.0,0.0,0.0,0.0,58
2023-05-10 09:38:13,IO2312-C-3800,IO2312-C-3800,326.0,0.0,0.0,0.0,2,287.2,291.4,7,326.0,289.0,0.0,0.0,0.0,0.0,58
2023-05-10 09:38:14,IO2312-C-3800,IO2312-C-3800,326.0,0.0,0.0,0.0,1,287.0,291.4,1,326.0,289.0,0.0,0.0,0.0,0.0,58
2023-05-10 09:38:14,IO2312-C-3800,IO2312-C-3800,326.0,0.0,0.0,0.0,16,286.2,291.4,1,326.0,289.0,0.0,0.0,0.0,0.0,58
2023-05-10 09:38:15,IO2312-C-3800,IO2312-C-3800,326.0,0.0,0.0,0.0,12,286.2,291.2,6,326.0,289.0,0.0,0.0,0.0,0.0,58
2023-05-10 09:38:15,IO2312-C-3800,IO2312-C-3800,326.0,0.0,0.0,0.0,7,286.2,291.2,6,326.0,289.0,0.0,0.0,0.0,0.0,58
2023-05-10 09:38:18,IO2312-C-3800,IO2312-C-3800,326.0,0.0,0.0,0.0,6,286.2,291.2,6,326.0,289.0,0.0,0.0,0.0,0.0,58
2023-05-10 09:38:23,IO2312-C-3800,IO2312-C-3800,326.0,0.0,0.0,0.0,8,286.2,291.2,6,326.0,289.0,0.0,0.0,0.0,0.0,58
2023-05-10 09:38:24,IO2312-C-3800,IO2312-C-3800,326.0,0.0,0.0,0.0,6,286.2,291.2,6,326.0,289.0,0.0,0.0,0.0,0.0,58
2023-05-10 09:38:26,IO2312-C-3800,IO2312-C-3800,326.0,0.0,0.0,0.0,8,286.2,291.2,6,326.0,289.0,0.0,0.0,0.0,0.0,58
2023-05-10 09:38:26,IO2312-C-3800,IO2312-C-3800,326.0,0.0,0.0,0.0,6,286.2,291.2,6,326.0,289.0,0.0,0.0,0.0,0.0,58
2023-05-10 09:38:28,IO2312-C-3800,IO2312-C-3800,326.0,0.0,0.0,0.0,8,286.2,291.2,6,326.0,289.0,0.0,0.0,0.0,0.0,58
2023-05-10 09:38:29,IO2312-C-3800,IO2312-C-3800,326.0,0.0,0.0,0.0,6,286.2,291.2,7,326.0,289.0,0.0,0.0,0.0,0.0,58
2023-05-10 09:38:30,IO2312-C-3800,IO2312-C-3800,326.0,0.0,0.0,0.0,6,286.2,291.0,6,326.0,289.0,0.0,0.0,0.0,0.0,58
2023-05-10 09:38:34,IO2312-C-3800,IO2312-C-3800,326.0,0.0,0.0,0.0,6,286.2,291.0,7,326.0,289.0,0.0,0.0,0.0,0.0,58
2023-05-10 09:38:35,IO2312-C-3800,IO2312-C-3800,326.0,0.0,0.0,0.0,6,286.2,290.8,6,326.0,289.0,0.0,0.0,0.0,0.0,58
2023-05-10 09:38:35,IO2312-C-3800,IO2312-C-3800,326.0,0.0,0.0,0.0,1,286.6,290.8,6,326.0,289.0,0.0,0.0,0.0,0.0,58
2023-05-10 09:38:36,IO2312-C-3800,IO2312-C-3800,326.0,0.0,0.0,0.0,1,286.6,291.0,12,326.0,289.0,0.0,0.0,0.0,0.0,58
2023-05-10 09:38:36,IO2312-C-3800,IO2312-C-3800,326.0,0.0,0.0,0.0,3,286.6,291.0,6,326.0,289.0,0.0,0.0,0.0,0.0,58
2023-05-10 09:38:37,IO2312-C-3800,IO2312-C-3800,326.0,0.0,0.0,0.0,1,286.6,291.2,6,326.0,289.0,0.0,0.0,0.0,0.0,58
2023-05-10 09:38:42,IO2312-C-3800,IO2312-C-3800,326.0,0.0,0.0,0.0,6,286.2,291.2,6,326.0,289.0,0.0,0.0,0.0,0.0,58
2023-05-10 09:38:44,IO2312-C-3800,IO2312-C-3800,326.0,0.0,0.0,0.0,1,286.4,291.2,6,326.0,289.0,0.0,0.0,0.0,0.0,58
2023-05-10 09:38:45,IO2312-C-3800,IO2312-C-3800,326.0,0.0,0.0,0.0,1,286.4,291.2,7,326.0,289.0,0.0,0.0,0.0,0.0,58
2023-05-10 09:38:46,IO2312-C-3800,IO2312-C-3800,326.0,0.0,0.0,0.0,1,286.4,291.0,6,326.0,289.0,0.0,0.0,0.0,0.0,58
2023-05-10 09:38:52,IO2312-C-3800,IO2312-C-3800,326.0,0.0,0.0,0.0,1,286.4,291.2,6,326.0,289.0,0.0,0.0,0.0,0.0,58
2023-05-10 09:38:53,IO2312-C-3800,IO2312-C-3800,326.0,0.0,0.0,0.0,1,286.4,291.4,18,326.0,289.0,0.0,0.0,0.0,0.0,58
2023-05-10 09:38:53,IO2312-C-3800,IO2312-C-3800,326.0,0.0,0.0,0.0,1,286.4,291.4,6,326.0,289.0,0.0,0.0,0.0,0.0,58
2023-05-10 09:38:56,IO2312-C-3800,IO2312-C-3800,326.0,0.0,0.0,0.0,3,286.4,291.4,6,326.0,289.0,0.0,0.0,0.0,0.0,58
2023-05-10 09:38:58,IO2312-C-3800,IO2312-C-3800,326.0,0.0,0.0,0.0,1,287.2,291.4,6,326.0,289.0,0.0,0.0,0.0,0.0,58
2023-05-10 09:39:02,IO2312-C-3800,IO2312-C-3800,326.0,0.0,0.0,0.0,8,286.2,291.4,6,326.0,289.0,0.0,0.0,0.0,0.0,58
2023-05-10 09:39:04,IO2312-C-3800,IO2312-C-3800,326.0,0.0,0.0,0.0,1,286.6,291.4,6,326.0,289.0,0.0,0.0,0.0,0.0,58
2023-05-10 09:39:04,IO2312-C-3800,IO2312-C-3800,326.0,0.0,0.0,0.0,2,286.8,291.4,6,326.0,289.0,0.0,0.0,0.0,0.0,58
2023-05-10 09:39:07,IO2312-C-3800,IO2312-C-3800,326.0,0.0,0.0,0.0,1,287.8,291.4,6,326.0,289.0,0.0,0.0,0.0,0.0,58
2023-05-10 09:39:07,IO2312-C-3800,IO2312-C-3800,326.0,0.0,0.0,0.0,7,287.8,291.4,6,326.0,289.0,0.0,0.0,0.0,0.0,58
2023-05-10 09:39:08,IO2312-C-3800,IO2312-C-3800,326.0,0.0,0.0,0.0,6,288.0,291.6,18,326.0,289.0,0.0,0.0,0.0,0.0,58
2023-05-10 09:39:09,IO2312-C-3800,IO2312-C-3800,326.0,0.0,0.0,0.0,1,289.4,291.6,6,326.0,289.0,0.0,0.0,0.0,0.0,58
2023-05-10 09:39:09,IO2312-C-3800,IO2312-C-3800,326.0,0.0,0.0,0.0,1,289.4,291.8,18,326.0,289.0,0.0,0.0,0.0,0.0,58
2023-05-10 09:39:10,IO2312-C-3800,IO2312-C-3800,326.0,0.0,0.0,0.0,1,289.4,291.8,6,326.0,289.0,0.0,0.0,0.0,0.0,58
2023-05-10 09:39:10,IO2312-C-3800,IO2312-C-3800,326.0,0.0,0.0,0.0,1,289.4,292.4,24,326.0,289.0,0.0,0.0,0.0,0.0,58
2023-05-10 09:39:11,IO2312-C-3800,IO2312-C-3800,326.0,0.0,0.0,0.0,1,289.4,292.4,6,326.0,289.0,0.0,0.0,0.0,0.0,58
2023-05-10 09:39:11,IO2312-C-3800,IO2312-C-3800,326.0,0.0,0.0,0.0,1,289.4,292.6,12,326.0,289.0,0.0,0.0,0.0,0.0,58
2023-05-10 09:39:12,IO2312-C-3800,IO2312-C-3800,326.0,0.0,0.0,0.0,1,288.4,292.8,30,326.0,289.0,0.0,0.0,0.0,0.0,58
2023-05-10 09:39:12,IO2312-C-3800,IO2312-C-3800,326.0,0.0,0.0,0.0,1,288.4,292.8,6,326.0,289.0,0.0,0.0,0.0,0.0,58
2023-05-10 09:39:13,IO2312-C-3800,IO2312-C-3800,326.0,0.0,0.0,0.0,1,288.4,293.2,13,326.0,289.0,0.0,0.0,0.0,0.0,58
2023-05-10 09:39:13,IO2312-C-3800,IO2312-C-3800,326.0,0.0,0.0,0.0,1,288.4,293.2,7,326.0,289.0,0.0,0.0,0.0,0.0,58
2023-05-10 09:39:14,IO2312-C-3800,IO2312-C-3800,326.0,0.0,0.0,0.0,1,288.4,293.2,1,326.0,289.0,0.0,0.0,0.0,0.0,58
2023-05-10 09:39:19,IO2312-C-3800,IO2312-C-3800,326.0,0.0,0.0,0.0,6,288.0,293.2,1,326.0,289.0,0.0,0.0,0.0,0.0,58
2023-05-10 09:39:20,IO2312-C-3800,IO2312-C-3800,326.0,0.0,0.0,0.0,6,288.0,293.0,6,326.0,289.0,0.0,0.0,0.0,0.0,58
2023-05-10 09:39:25,IO2312-C-3800,IO2312-C-3800,326.0,0.0,0.0,0.0,1,288.2,293.0,6,326.0,289.0,0.0,0.0,0.0,0.0,58
2023-05-10 09:39:26,IO2312-C-3800,IO2312-C-3800,326.0,0.0,0.0,0.0,1,288.2,293.0,7,326.0,289.0,0.0,0.0,0.0,0.0,58
2023-05-10 09:39:26,IO2312-C-3800,IO2312-C-3800,326.0,0.0,0.0,0.0,6,288.0,292.8,6,326.0,289.0,0.0,0.0,0.0,0.0,58
2023-05-10 09:39:31,IO2312-C-3800,IO2312-C-3800,326.0,0.0,0.0,0.0,30,287.8,292.8,6,326.0,289.0,0.0,0.0,0.0,0.0,58
2023-05-10 09:39:31,IO2312-C-3800,IO2312-C-3800,326.0,0.0,0.0,0.0,18,287.8,292.8,6,326.0,289.0,0.0,0.0,0.0,0.0,58
2023-05-10 09:39:32,IO2312-C-3800,IO2312-C-3800,326.0,0.0,0.0,0.0,12,287.8,292.8,6,326.0,289.0,0.0,0.0,0.0,0.0,58
2023-05-10 09:39:32,IO2312-C-3800,IO2312-C-3800,326.0,0.0,0.0,0.0,6,287.8,292.8,6,326.0,289.0,0.0,0.0,0.0,0.0,58
2023-05-10 09:39:37,IO2312-C-3800,IO2312-C-3800,326.0,0.0,0.0,0.0,1,288.2,292.8,6,326.0,289.0,0.0,0.0,0.0,0.0,58
2023-05-10 09:39:46,IO2312-C-3800,IO2312-C-3800,326.0,0.0,0.0,0.0,1,288.2,292.8,7,326.0,289.0,0.0,0.0,0.0,0.0,58
2023-05-10 09:39:49,IO2312-C-3800,IO2312-C-3800,326.0,0.0,0.0,0.0,1,288.2,292.6,6,326.0,289.0,0.0,0.0,0.0,0.0,58
2023-05-10 09:39:51,IO2312-C-3800,IO2312-C-3800,326.0,0.0,0.0,0.0,1,288.2,292.6,7,326.0,289.0,0.0,0.0,0.0,0.0,58
2023-05-10 09:39:52,IO2312-C-3800,IO2312-C-3800,326.0,0.0,0.0,0.0,6,287.8,292.6,7,326.0,289.0,0.0,0.0,0.0,0.0,58
2023-05-10 09:39:53,IO2312-C-3800,IO2312-C-3800,326.0,0.0,0.0,0.0,6,287.8,292.4,6,326.0,289.0,0.0,0.0,0.0,0.0,58
2023-05-10 09:39:54,IO2312-C-3800,IO2312-C-3800,326.0,0.0,0.0,0.0,1,288.0,292.4,6,326.0,289.0,0.0,0.0,0.0,0.0,58
2023-05-10 09:39:55,IO2312-C-3800,IO2312-C-3800,326.0,0.0,0.0,0.0,3,288.0,292.6,1,326.0,289.0,0.0,0.0,0.0,0.0,58
2023-05-10 09:39:55,IO2312-C-3800,IO2312-C-3800,326.0,0.0,0.0,0.0,1,288.0,292.8,6,326.0,289.0,0.0,0.0,0.0,0.0,58
2023-05-10 09:39:56,IO2312-C-3800,IO2312-C-3800,326.0,0.0,0.0,0.0,7,288.0,292.8,6,326.0,289.0,0.0,0.0,0.0,0.0,58
2023-05-10 09:39:57,IO2312-C-3800,IO2312-C-3800,326.0,0.0,0.0,0.0,7,288.0,292.8,7,326.0,289.0,0.0,0.0,0.0,0.0,58
2023-05-10 09:39:58,IO2312-C-3800,IO2312-C-3800,326.0,0.0,0.0,0.0,7,288.0,292.6,6,326.0,289.0,0.0,0.0,0.0,0.0,58
2023-05-10 09:40:03,IO2312-C-3800,IO2312-C-3800,326.0,0.0,0.0,0.0,1,288.0,292.6,6,326.0,289.0,0.0,0.0,0.0,0.0,58
2023-05-10 09:40:03,IO2312-C-3800,IO2312-C-3800,326.0,0.0,0.0,0.0,6,287.8,292.6,6,326.0,289.0,0.0,0.0,0.0,0.0,58
2023-05-10 09:40:06,IO2312-C-3800,IO2312-C-3800,326.0,0.0,0.0,0.0,6,287.8,292.4,6,326.0,289.0,0.0,0.0,0.0,0.0,58
2023-05-10 09:40:06,IO2312-C-3800,IO2312-C-3800,326.0,0.0,0.0,0.0,6,287.8,292.2,6,326.0,289.0,0.0,0.0,0.0,0.0,58
2023-05-10 09:40:10,IO2312-C-3800,IO2312-C-3800,326.0,0.0,0.0,0.0,1,288.6,292.2,6,326.0,289.0,0.0,0.0,0.0,0.0,58
2023-05-10 09:40:10,IO2312-C-3800,IO2312-C-3800,326.0,0.0,0.0,0.0,1,288.6,292.4,12,326.0,289.0,0.0,0.0,0.0,0.0,58
2023-05-10 09:40:11,IO2312-C-3800,IO2312-C-3800,326.0,0.0,0.0,0.0,1,288.6,292.4,6,326.0,289.0,0.0,0.0,0.0,0.0,58
2023-05-10 09:40:11,IO2312-C-3800,IO2312-C-3800,326.0,0.0,0.0,0.0,1,288.6,292.6,6,326.0,289.0,0.0,0.0,0.0,0.0,58
2023-05-10 09:40:17,IO2312-C-3800,IO2312-C-3800,326.0,0.0,0.0,0.0,6,288.0,292.6,6,326.0,289.0,0.0,0.0,0.0,0.0,58
2023-05-10 09:40:18,IO2312-C-3800,IO2312-C-3800,326.0,0.0,0.0,0.0,6,288.0,292.6,7,326.0,289.0,0.0,0.0,0.0,0.0,58
2023-05-10 09:40:19,IO2312-C-3800,IO2312-C-3800,326.0,0.0,0.0,0.0,12,287.8,292.4,6,326.0,289.0,0.0,0.0,0.0,0.0,58
2023-05-10 09:40:19,IO2312-C-3800,IO2312-C-3800,326.0,0.0,0.0,0.0,6,287.8,292.4,6,326.0,289.0,0.0,0.0,0.0,0.0,58
2023-05-10 09:40:27,IO2312-C-3800,IO2312-C-3800,326.0,0.0,0.0,0.0,6,287.8,292.2,6,326.0,289.0,0.0,0.0,0.0,0.0,58
2023-05-10 09:40:27,IO2312-C-3800,IO2312-C-3800,326.0,0.0,0.0,0.0,6,287.8,292.2,12,326.0,289.0,0.0,0.0,0.0,0.0,58
2023-05-10 09:40:31,IO2312-C-3800,IO2312-C-3800,326.0,0.0,0.0,0.0,6,287.8,292.0,6,326.0,289.0,0.0,0.0,0.0,0.0,58
2023-05-10 09:40:32,IO2312-C-3800,IO2312-C-3800,326.0,0.0,0.0,0.0,6,287.2,291.2,1,326.0,289.0,0.0,0.0,0.0,0.0,58
2023-05-10 09:40:32,IO2312-C-3800,IO2312-C-3800,326.0,0.0,0.0,0.0,6,287.0,291.2,2,326.0,289.0,0.0,0.0,0.0,0.0,58
2023-05-10 09:40:33,IO2312-C-3800,IO2312-C-3800,326.0,0.0,0.0,0.0,6,286.8,291.0,6,326.0,289.0,0.0,0.0,0.0,0.0,58
2023-05-10 09:40:33,IO2312-C-3800,IO2312-C-3800,326.0,0.0,0.0,0.0,24,286.2,291.0,12,326.0,289.0,0.0,0.0,0.0,0.0,58
2023-05-10 09:40:34,IO2312-C-3800,IO2312-C-3800,326.0,0.0,0.0,0.0,6,286.2,290.8,6,326.0,289.0,0.0,0.0,0.0,0.0,58
2023-05-10 09:40:34,IO2312-C-3800,IO2312-C-3800,326.0,0.0,0.0,0.0,42,285.8,290.8,6,326.0,289.0,0.0,0.0,0.0,0.0,58
2023-05-10 09:40:35,IO2312-C-3800,IO2312-C-3800,326.0,0.0,0.0,0.0,24,285.8,290.8,6,326.0,289.0,0.0,0.0,0.0,0.0,58
2023-05-10 09:40:40,IO2312-C-3800,IO2312-C-3800,326.0,0.0,0.0,0.0,24,285.8,291.0,12,326.0,289.0,0.0,0.0,0.0,0.0,58
2023-05-10 09:40:40,IO2312-C-3800,IO2312-C-3800,326.0,0.0,0.0,0.0,2,286.0,291.0,6,326.0,289.0,0.0,0.0,0.0,0.0,58
2023-05-10 09:40:41,IO2312-C-3800,IO2312-C-3800,326.0,0.0,0.0,0.0,2,286.2,291.0,6,326.0,289.0,0.0,0.0,0.0,0.0,58
2023-05-10 09:40:41,IO2312-C-3800,IO2312-C-3800,326.0,0.0,0.0,0.0,1,286.4,291.0,6,326.0,289.0,0.0,0.0,0.0,0.0,58
2023-05-10 09:40:44,IO2312-C-3800,IO2312-C-3800,326.0,0.0,0.0,0.0,2,286.6,291.0,6,326.0,289.0,0.0,0.0,0.0,0.0,58
2023-05-10 09:40:45,IO2312-C-3800,IO2312-C-3800,326.0,0.0,0.0,0.0,1,288.4,291.2,18,326.0,289.0,0.0,0.0,0.0,0.0,58
2023-05-10 09:40:45,IO2312-C-3800,IO2312-C-3800,326.0,0.0,0.0,0.0,1,288.4,291.2,6,326.0,289.0,0.0,0.0,0.0,0.0,58
2023-05-10 09:40:46,IO2312-C-3800,IO2312-C-3800,326.0,0.0,0.0,0.0,1,288.4,291.4,12,326.0,289.0,0.0,0.0,0.0,0.0,58
2023-05-10 09:40:46,IO2312-C-3800,IO2312-C-3800,326.0,0.0,0.0,0.0,1,288.4,291.4,6,326.0,289.0,0.0,0.0,0.0,0.0,58
2023-05-10 09:40:47,IO2312-C-3800,IO2312-C-3800,326.0,0.0,0.0,0.0,24,286.4,291.4,6,326.0,289.0,0.0,0.0,0.0,0.0,58
2023-05-10 09:40:47,IO2312-C-3800,IO2312-C-3800,326.0,0.0,0.0,0.0,14,286.4,291.4,6,326.0,289.0,0.0,0.0,0.0,0.0,58
2023-05-10 09:40:48,IO2312-C-3800,IO2312-C-3800,326.0,0.0,0.0,0.0,8,286.4,291.4,6,326.0,289.0,0.0,0.0,0.0,0.0,58
2023-05-10 09:40:48,IO2312-C-3800,IO2312-C-3800,326.0,0.0,0.0,0.0,2,286.4,291.4,6,326.0,289.0,0.0,0.0,0.0,0.0,58
2023-05-10 09:40:49,IO2312-C-3800,IO2312-C-3800,326.0,0.0,0.0,0.0,12,286.2,291.4,6,326.0,289.0,0.0,0.0,0.0,0.0,58
2023-05-10 09:40:49,IO2312-C-3800,IO2312-C-3800,326.0,0.0,0.0,0.0,6,286.4,291.4,6,326.0,289.0,0.0,0.0,0.0,0.0,58
2023-05-10 09:40:50,IO2312-C-3800,IO2312-C-3800,326.0,0.0,0.0,0.0,6,286.2,291.4,6,326.0,289.0,0.0,0.0,0.0,0.0,58
2023-05-10 09:40:54,IO2312-C-3800,IO2312-C-3800,326.0,0.0,0.0,0.0,6,286.2,291.4,7,326.0,289.0,0.0,0.0,0.0,0.0,58
2023-05-10 09:40:55,IO2312-C-3800,IO2312-C-3800,326.0,0.0,0.0,0.0,6,286.2,291.2,6,326.0,289.0,0.0,0.0,0.0,0.0,58
2023-05-10 09:40:57,IO2312-C-3800,IO2312-C-3800,326.0,0.0,0.0,0.0,1,286.8,291.2,6,326.0,289.0,0.0,0.0,0.0,0.0,58
2023-05-10 09:41:04,IO2312-C-3800,IO2312-C-3800,326.0,0.0,0.0,0.0,1,286.8,291.2,7,326.0,289.0,0.0,0.0,0.0,0.0,58
2023-05-10 09:41:05,IO2312-C-3800,IO2312-C-3800,326.0,0.0,0.0,0.0,1,286.8,291.0,6,326.0,289.0,0.0,0.0,0.0,0.0,58
2023-05-10 09:41:06,IO2312-C-3800,IO2312-C-3800,326.0,0.0,0.0,0.0,19,285.8,291.0,6,326.0,289.0,0.0,0.0,0.0,0.0,58
2023-05-10 09:41:06,IO2312-C-3800,IO2312-C-3800,326.0,0.0,0.0,0.0,7,285.8,291.0,6,326.0,289.0,0.0,0.0,0.0,0.0,58
2023-05-10 09:41:12,IO2312-C-3800,IO2312-C-3800,326.0,0.0,0.0,0.0,6,285.8,291.0,6,326.0,289.0,0.0,0.0,0.0,0.0,58
2023-05-10 09:41:19,IO2312-C-3800,IO2312-C-3800,326.0,0.0,0.0,0.0,6,285.8,291.0,7,326.0,289.0,0.0,0.0,0.0,0.0,58
2023-05-10 09:41:20,IO2312-C-3800,IO2312-C-3800,326.0,0.0,0.0,0.0,6,285.8,290.8,6,326.0,289.0,0.0,0.0,0.0,0.0,58
2023-05-10 09:41:23,IO2312-C-3800,IO2312-C-3800,326.0,0.0,0.0,0.0,1,286.0,290.8,6,326.0,289.0,0.0,0.0,0.0,0.0,58
2023-05-10 09:41:32,IO2312-C-3800,IO2312-C-3800,326.0,0.0,0.0,0.0,6,285.8,290.8,6,326.0,289.0,0.0,0.0,0.0,0.0,58
2023-05-10 09:41:35,IO2312-C-3800,IO2312-C-3800,326.0,0.0,0.0,0.0,1,286.0,290.8,6,326.0,289.0,0.0,0.0,0.0,0.0,58
2023-05-10 09:41:43,IO2312-C-3800,IO2312-C-3800,326.0,0.0,0.0,0.0,3,286.0,290.8,6,326.0,289.0,0.0,0.0,0.0,0.0,58
2023-05-10 09:41:43,IO2312-C-3800,IO2312-C-3800,326.0,0.0,0.0,0.0,1,286.8,290.8,6,326.0,289.0,0.0,0.0,0.0,0.0,58
2023-05-10 09:41:47,IO2312-C-3800,IO2312-C-3800,326.0,0.0,0.0,0.0,2,286.0,290.8,6,326.0,289.0,0.0,0.0,0.0,0.0,58
2023-05-10 09:41:48,IO2312-C-3800,IO2312-C-3800,326.0,0.0,0.0,0.0,12,285.8,290.8,6,326.0,289.0,0.0,0.0,0.0,0.0,58
2023-05-10 09:41:48,IO2312-C-3800,IO2312-C-3800,326.0,0.0,0.0,0.0,6,285.8,290.6,6,326.0,289.0,0.0,0.0,0.0,0.0,58
2023-05-10 09:41:49,IO2312-C-3800,IO2312-C-3800,326.0,0.0,0.0,0.0,6,285.8,290.4,6,326.0,289.0,0.0,0.0,0.0,0.0,58
2023-05-10 09:42:03,IO2312-C-3800,IO2312-C-3800,326.0,0.0,0.0,0.0,6,285.4,290.4,6,326.0,289.0,0.0,0.0,0.0,0.0,58
2023-05-10 09:42:03,IO2312-C-3800,IO2312-C-3800,326.0,0.0,0.0,0.0,24,285.0,290.4,6,326.0,289.0,0.0,0.0,0.0,0.0,58
2023-05-10 09:42:04,IO2312-C-3800,IO2312-C-3800,326.0,0.0,0.0,0.0,6,285.0,290.2,6,326.0,289.0,0.0,0.0,0.0,0.0,58
2023-05-10 09:42:04,IO2312-C-3800,IO2312-C-3800,326.0,0.0,0.0,0.0,6,284.8,290.0,6,326.0,289.0,0.0,0.0,0.0,0.0,58
2023-05-10 09:42:05,IO2312-C-3800,IO2312-C-3800,326.0,0.0,0.0,0.0,6,284.8,290.0,7,326.0,289.0,0.0,0.0,0.0,0.0,58
2023-05-10 09:42:06,IO2312-C-3800,IO2312-C-3800,326.0,0.0,0.0,0.0,6,284.8,289.8,6,326.0,289.0,0.0,0.0,0.0,0.0,58
2023-05-10 09:42:09,IO2312-C-3800,IO2312-C-3800,326.0,0.0,0.0,0.0,6,284.8,290.0,6,326.0,289.0,0.0,0.0,0.0,0.0,58
2023-05-10 09:42:15,IO2312-C-3800,IO2312-C-3800,326.0,0.0,0.0,0.0,1,285.0,290.0,6,326.0,289.0,0.0,0.0,0.0,0.0,58
2023-05-10 09:42:18,IO2312-C-3800,IO2312-C-3800,326.0,0.0,0.0,0.0,1,285.0,290.4,6,326.0,289.0,0.0,0.0,0.0,0.0,58
2023-05-10 09:42:22,IO2312-C-3800,IO2312-C-3800,326.0,0.0,0.0,0.0,6,284.4,290.4,7,326.0,289.0,0.0,0.0,0.0,0.0,58
2023-05-10 09:42:23,IO2312-C-3800,IO2312-C-3800,326.0,0.0,0.0,0.0,6,284.4,290.2,6,326.0,289.0,0.0,0.0,0.0,0.0,58
2023-05-10 09:42:42,IO2312-C-3800,IO2312-C-3800,326.0,0.0,0.0,0.0,6,284.4,290.2,9,326.0,289.0,0.0,0.0,0.0,0.0,58
2023-05-10 09:42:42,IO2312-C-3800,IO2312-C-3800,326.0,0.0,0.0,0.0,6,284.4,290.0,6,326.0,289.0,0.0,0.0,0.0,0.0,58
2023-05-10 09:42:45,IO2312-C-3800,IO2312-C-3800,326.0,0.0,0.0,0.0,1,284.8,290.0,6,326.0,289.0,0.0,0.0,0.0,0.0,58
2023-05-10 09:42:46,IO2312-C-3800,IO2312-C-3800,326.0,0.0,0.0,0.0,1,284.8,290.2,6,326.0,289.0,0.0,0.0,0.0,0.0,58
2023-05-10 09:42:49,IO2312-C-3800,IO2312-C-3800,326.0,0.0,0.0,0.0,2,285.0,290.2,6,326.0,289.0,0.0,0.0,0.0,0.0,58
2023-05-10 09:42:49,IO2312-C-3800,IO2312-C-3800,326.0,0.0,0.0,0.0,3,284.8,290.2,6,326.0,289.0,0.0,0.0,0.0,0.0,58
2023-05-10 09:42:50,IO2312-C-3800,IO2312-C-3800,326.0,0.0,0.0,0.0,1,284.8,290.2,6,326.0,289.0,0.0,0.0,0.0,0.0,58
2023-05-10 09:42:54,IO2312-C-3800,IO2312-C-3800,326.0,0.0,0.0,0.0,6,284.6,290.2,6,326.0,289.0,0.0,0.0,0.0,0.0,58
2023-05-10 09:43:00,IO2312-C-3800,IO2312-C-3800,326.0,0.0,0.0,0.0,6,284.6,290.2,7,326.0,289.0,0.0,0.0,0.0,0.0,58
2023-05-10 09:43:00,IO2312-C-3800,IO2312-C-3800,326.0,0.0,0.0,0.0,6,284.6,290.0,6,326.0,289.0,0.0,0.0,0.0,0.0,58
2023-05-10 09:43:01,IO2312-C-3800,IO2312-C-3800,326.0,0.0,0.0,0.0,12,284.4,290.0,6,326.0,289.0,0.0,0.0,0.0,0.0,58
2023-05-10 09:43:01,IO2312-C-3800,IO2312-C-3800,326.0,0.0,0.0,0.0,6,284.2,289.8,1,326.0,289.0,0.0,0.0,0.0,0.0,58
2023-05-10 09:43:02,IO2312-C-3800,IO2312-C-3800,326.0,0.0,0.0,0.0,1,284.6,289.6,6,326.0,289.0,0.0,0.0,0.0,0.0,58
2023-05-10 09:43:02,IO2312-C-3800,IO2312-C-3800,326.0,0.0,0.0,0.0,1,284.6,289.8,6,326.0,289.0,0.0,0.0,0.0,0.0,58
2023-05-10 09:43:04,IO2312-C-3800,IO2312-C-3800,326.0,0.0,0.0,0.0,1,284.6,290.0,6,326.0,289.0,0.0,0.0,0.0,0.0,58
2023-05-10 09:43:11,IO2312-C-3800,IO2312-C-3800,326.0,0.0,0.0,0.0,2,284.8,290.0,6,326.0,289.0,0.0,0.0,0.0,0.0,58
2023-05-10 09:43:12,IO2312-C-3800,IO2312-C-3800,326.0,0.0,0.0,0.0,1,286.0,290.0,6,326.0,289.0,0.0,0.0,0.0,0.0,58
2023-05-10 09:43:22,IO2312-C-3800,IO2312-C-3800,326.0,0.0,0.0,0.0,1,286.0,290.2,6,326.0,289.0,0.0,0.0,0.0,0.0,58
2023-05-10 09:43:23,IO2312-C-3800,IO2312-C-3800,326.0,0.0,0.0,0.0,7,286.0,290.2,6,326.0,289.0,0.0,0.0,0.0,0.0,58
2023-05-10 09:43:26,IO2312-C-3800,IO2312-C-3800,326.0,0.0,0.0,0.0,1,286.0,290.2,6,326.0,289.0,0.0,0.0,0.0,0.0,58
2023-05-10 09:43:31,IO2312-C-3800,IO2312-C-3800,326.0,0.0,0.0,0.0,7,286.0,290.2,6,326.0,289.0,0.0,0.0,0.0,0.0,58
2023-05-10 09:43:38,IO2312-C-3800,IO2312-C-3800,326.0,0.0,0.0,0.0,1,286.0,290.2,6,326.0,289.0,0.0,0.0,0.0,0.0,58
2023-05-10 09:43:39,IO2312-C-3800,IO2312-C-3800,326.0,0.0,0.0,0.0,1,286.0,290.4,12,326.0,289.0,0.0,0.0,0.0,0.0,58
2023-05-10 09:43:39,IO2312-C-3800,IO2312-C-3800,326.0,0.0,0.0,0.0,1,286.0,290.4,6,326.0,289.0,0.0,0.0,0.0,0.0,58
2023-05-10 09:43:40,IO2312-C-3800,IO2312-C-3800,326.0,0.0,0.0,0.0,12,285.8,290.4,6,326.0,289.0,0.0,0.0,0.0,0.0,58
2023-05-10 09:43:40,IO2312-C-3800,IO2312-C-3800,326.0,0.0,0.0,0.0,6,285.8,290.4,6,326.0,289.0,0.0,0.0,0.0,0.0,58
2023-05-10 09:43:42,IO2312-C-3800,IO2312-C-3800,326.0,0.0,0.0,0.0,18,285.4,290.4,7,326.0,289.0,0.0,0.0,0.0,0.0,58
2023-05-10 09:43:43,IO2312-C-3800,IO2312-C-3800,326.0,0.0,0.0,0.0,6,285.4,290.2,6,326.0,289.0,0.0,0.0,0.0,0.0,58
2023-05-10 09:43:43,IO2312-C-3800,IO2312-C-3800,326.0,0.0,0.0,0.0,1,285.2,290.2,6,326.0,289.0,0.0,0.0,0.0,0.0,58
2023-05-10 09:43:45,IO2312-C-3800,IO2312-C-3800,326.0,0.0,0.0,0.0,12,285.0,290.2,6,326.0,289.0,0.0,0.0,0.0,0.0,58
2023-05-10 09:43:46,IO2312-C-3800,IO2312-C-3800,326.0,0.0,0.0,0.0,12,284.8,290.2,6,326.0,289.0,0.0,0.0,0.0,0.0,58
2023-05-10 09:43:46,IO2312-C-3800,IO2312-C-3800,326.0,0.0,0.0,0.0,31,284.6,290.2,6,326.0,289.0,0.0,0.0,0.0,0.0,58
2023-05-10 09:43:47,IO2312-C-3800,IO2312-C-3800,326.0,0.0,0.0,0.0,25,284.6,290.2,6,326.0,289.0,0.0,0.0,0.0,0.0,58
2023-05-10 09:43:50,IO2312-C-3800,IO2312-C-3800,326.0,0.0,0.0,0.0,12,284.6,290.2,6,326.0,289.0,0.0,0.0,0.0,0.0,58
2023-05-10 09:43:50,IO2312-C-3800,IO2312-C-3800,326.0,0.0,0.0,0.0,12,284.4,290.2,6,326.0,289.0,0.0,0.0,0.0,0.0,58
2023-05-10 09:43:51,IO2312-C-3800,IO2312-C-3800,326.0,0.0,0.0,0.0,6,284.4,290.2,9,326.0,289.0,0.0,0.0,0.0,0.0,58
2023-05-10 09:43:51,IO2312-C-3800,IO2312-C-3800,326.0,0.0,0.0,0.0,6,284.4,290.0,6,326.0,289.0,0.0,0.0,0.0,0.0,58
2023-05-10 09:44:03,IO2312-C-3800,IO2312-C-3800,326.0,0.0,0.0,0.0,6,284.4,290.0,12,326.0,289.0,0.0,0.0,0.0,0.0,58
2023-05-10 09:44:03,IO2312-C-3800,IO2312-C-3800,326.0,0.0,0.0,0.0,6,284.4,289.8,6,326.0,289.0,0.0,0.0,0.0,0.0,58
2023-05-10 09:44:04,IO2312-C-3800,IO2312-C-3800,326.0,0.0,0.0,0.0,6,284.4,289.6,1,326.0,289.0,0.0,0.0,0.0,0.0,58
2023-05-10 09:44:04,IO2312-C-3800,IO2312-C-3800,326.0,0.0,0.0,0.0,6,284.4,289.4,6,326.0,289.0,0.0,0.0,0.0,0.0,58
2023-05-10 09:44:27,IO2312-C-3800,IO2312-C-3800,326.0,0.0,0.0,0.0,1,284.6,289.4,6,326.0,289.0,0.0,0.0,0.0,0.0,58
2023-05-10 09:44:28,IO2312-C-3800,IO2312-C-3800,326.0,0.0,0.0,0.0,1,284.6,289.8,6,326.0,289.0,0.0,0.0,0.0,0.0,58
2023-05-10 09:44:30,IO2312-C-3800,IO2312-C-3800,326.0,0.0,0.0,0.0,6,284.4,289.8,6,326.0,289.0,0.0,0.0,0.0,0.0,58
2023-05-10 09:44:42,IO2312-C-3800,IO2312-C-3800,326.0,0.0,0.0,0.0,1,284.6,289.8,6,326.0,289.0,0.0,0.0,0.0,0.0,58
2023-05-10 09:44:50,IO2312-C-3800,IO2312-C-3800,326.0,0.0,0.0,0.0,6,284.4,289.8,6,326.0,289.0,0.0,0.0,0.0,0.0,58
2023-05-10 09:44:58,IO2312-C-3800,IO2312-C-3800,326.0,0.0,0.0,0.0,1,284.6,289.8,6,326.0,289.0,0.0,0.0,0.0,0.0,58
2023-05-10 09:45:06,IO2312-C-3800,IO2312-C-3800,326.0,0.0,0.0,0.0,6,284.4,289.8,6,326.0,289.0,0.0,0.0,0.0,0.0,58
2023-05-10 09:45:07,IO2312-C-3800,IO2312-C-3800,326.0,0.0,0.0,0.0,6,284.4,289.8,7,326.0,289.0,0.0,0.0,0.0,0.0,58
2023-05-10 09:45:08,IO2312-C-3800,IO2312-C-3800,326.0,0.0,0.0,0.0,6,284.4,289.6,6,326.0,289.0,0.0,0.0,0.0,0.0,58
2023-05-10 09:45:14,IO2312-C-3800,IO2312-C-3800,326.0,0.0,0.0,0.0,6,284.4,289.8,6,326.0,289.0,0.0,0.0,0.0,0.0,58
2023-05-10 09:45:16,IO2312-C-3800,IO2312-C-3800,326.0,0.0,0.0,0.0,1,285.0,289.8,6,326.0,289.0,0.0,0.0,0.0,0.0,58
2023-05-10 09:45:17,IO2312-C-3800,IO2312-C-3800,326.0,0.0,0.0,0.0,3,285.0,289.8,6,326.0,289.0,0.0,0.0,0.0,0.0,58
2023-05-10 09:45:18,IO2312-C-3800,IO2312-C-3800,326.0,0.0,0.0,0.0,1,286.8,289.8,6,326.0,289.0,0.0,0.0,0.0,0.0,58
2023-05-10 09:45:22,IO2312-C-3800,IO2312-C-3800,326.0,0.0,0.0,0.0,3,285.0,289.8,6,326.0,289.0,0.0,0.0,0.0,0.0,58
2023-05-10 09:45:23,IO2312-C-3800,IO2312-C-3800,326.0,0.0,0.0,0.0,1,285.0,289.8,6,326.0,289.0,0.0,0.0,0.0,0.0,58
2023-05-10 09:45:50,IO2312-C-3800,IO2312-C-3800,326.0,0.0,0.0,0.0,1,285.0,289.8,12,326.0,289.0,0.0,0.0,0.0,0.0,58
2023-05-10 09:45:50,IO2312-C-3800,IO2312-C-3800,326.0,0.0,0.0,0.0,1,285.0,289.6,6,326.0,289.0,0.0,0.0,0.0,0.0,58
2023-05-10 09:45:55,IO2312-C-3800,IO2312-C-3800,326.0,0.0,0.0,0.0,1,285.0,289.8,6,326.0,289.0,0.0,0.0,0.0,0.0,58
2023-05-10 09:46:06,IO2312-C-3800,IO2312-C-3800,326.0,0.0,0.0,0.0,1,285.0,289.8,13,326.0,289.0,0.0,0.0,0.0,0.0,58
2023-05-10 09:46:07,IO2312-C-3800,IO2312-C-3800,326.0,0.0,0.0,0.0,12,284.4,289.6,6,326.0,289.0,0.0,0.0,0.0,0.0,58
2023-05-10 09:46:07,IO2312-C-3800,IO2312-C-3800,326.0,0.0,0.0,0.0,6,284.4,289.6,6,326.0,289.0,0.0,0.0,0.0,0.0,58
2023-05-10 09:46:15,IO2312-C-3800,IO2312-C-3800,326.0,0.0,0.0,0.0,1,289.0,289.6,7,326.0,289.0,0.0,0.0,0.0,0.0,58
2023-05-10 09:46:15,IO2312-C-3800,IO2312-C-3800,289.0,1.0,28900.0,1.0,6,284.4,289.4,6,326.0,289.0,289.0,289.0,1.0,28900.0,59
2023-05-10 09:46:22,IO2312-C-3800,IO2312-C-3800,289.0,0.0,0.0,0.0,6,284.6,289.4,6,326.0,289.0,289.0,289.0,1.0,28900.0,59
2023-05-10 09:46:25,IO2312-C-3800,IO2312-C-3800,289.0,0.0,0.0,0.0,1,285.0,289.4,6,326.0,289.0,289.0,289.0,1.0,28900.0,59
2023-05-10 09:46:27,IO2312-C-3800,IO2312-C-3800,289.0,0.0,0.0,0.0,1,285.0,289.6,6,326.0,289.0,289.0,289.0,1.0,28900.0,59
2023-05-10 09:46:30,IO2312-C-3800,IO2312-C-3800,289.0,0.0,0.0,0.0,1,285.0,289.8,6,326.0,289.0,289.0,289.0,1.0,28900.0,59
2023-05-10 09:46:39,IO2312-C-3800,IO2312-C-3800,289.0,0.0,0.0,0.0,24,284.4,289.8,6,326.0,289.0,289.0,289.0,1.0,28900.0,59
2023-05-10 09:46:39,IO2312-C-3800,IO2312-C-3800,289.0,0.0,0.0,0.0,18,284.4,289.8,6,326.0,289.0,289.0,289.0,1.0,28900.0,59
2023-05-10 09:46:40,IO2312-C-3800,IO2312-C-3800,289.0,0.0,0.0,0.0,12,284.4,289.8,7,326.0,289.0,289.0,289.0,1.0,28900.0,59
2023-05-10 09:46:40,IO2312-C-3800,IO2312-C-3800,289.0,0.0,0.0,0.0,6,284.4,289.6,6,326.0,289.0,289.0,289.0,1.0,28900.0,59
2023-05-10 09:46:43,IO2312-C-3800,IO2312-C-3800,289.0,0.0,0.0,0.0,1,284.6,289.6,6,326.0,289.0,289.0,289.0,1.0,28900.0,59
2023-05-10 09:46:44,IO2312-C-3800,IO2312-C-3800,289.0,0.0,0.0,0.0,1,284.6,289.8,6,326.0,289.0,289.0,289.0,1.0,28900.0,59
2023-05-10 09:46:47,IO2312-C-3800,IO2312-C-3800,289.0,0.0,0.0,0.0,1,284.6,289.8,7,326.0,289.0,289.0,289.0,1.0,28900.0,59
2023-05-10 09:46:47,IO2312-C-3800,IO2312-C-3800,289.0,0.0,0.0,0.0,1,284.6,289.6,6,326.0,289.0,289.0,289.0,1.0,28900.0,59
2023-05-10 09:46:48,IO2312-C-3800,IO2312-C-3800,289.0,0.0,0.0,0.0,1,284.6,289.8,6,326.0,289.0,289.0,289.0,1.0,28900.0,59
2023-05-10 09:47:01,IO2312-C-3800,IO2312-C-3800,289.0,0.0,0.0,0.0,6,284.4,289.8,6,326.0,289.0,289.0,289.0,1.0,28900.0,59
2023-05-10 09:47:03,IO2312-C-3800,IO2312-C-3800,289.0,0.0,0.0,0.0,6,284.4,289.2,1,326.0,289.0,289.0,289.0,1.0,28900.0,59
2023-05-10 09:47:03,IO2312-C-3800,IO2312-C-3800,289.0,0.0,0.0,0.0,6,284.4,289.0,6,326.0,289.0,289.0,289.0,1.0,28900.0,59
2023-05-10 09:47:07,IO2312-C-3800,IO2312-C-3800,289.0,0.0,0.0,0.0,1,284.8,289.0,6,326.0,289.0,289.0,289.0,1.0,28900.0,59
2023-05-10 09:47:15,IO2312-C-3800,IO2312-C-3800,289.0,0.0,0.0,0.0,6,284.4,289.0,6,326.0,289.0,289.0,289.0,1.0,28900.0,59
2023-05-10 09:47:18,IO2312-C-3800,IO2312-C-3800,289.0,0.0,0.0,0.0,1,284.6,289.0,6,326.0,289.0,289.0,289.0,1.0,28900.0,59
2023-05-10 09:47:46,IO2312-C-3800,IO2312-C-3800,289.0,0.0,0.0,0.0,6,284.4,289.0,6,326.0,289.0,289.0,289.0,1.0,28900.0,59
2023-05-10 09:47:47,IO2312-C-3800,IO2312-C-3800,289.0,0.0,0.0,0.0,1,284.6,289.0,6,326.0,289.0,289.0,289.0,1.0,28900.0,59
2023-05-10 09:47:56,IO2312-C-3800,IO2312-C-3800,289.0,0.0,0.0,0.0,7,284.6,289.0,6,326.0,289.0,289.0,289.0,1.0,28900.0,59
2023-05-10 09:47:57,IO2312-C-3800,IO2312-C-3800,289.0,0.0,0.0,0.0,1,285.6,289.0,6,326.0,289.0,289.0,289.0,1.0,28900.0,59
2023-05-10 09:47:58,IO2312-C-3800,IO2312-C-3800,289.0,0.0,0.0,0.0,1,285.6,289.2,18,326.0,289.0,289.0,289.0,1.0,28900.0,59
2023-05-10 09:47:58,IO2312-C-3800,IO2312-C-3800,289.0,0.0,0.0,0.0,1,285.6,289.2,12,326.0,289.0,289.0,289.0,1.0,28900.0,59
2023-05-10 09:47:59,IO2312-C-3800,IO2312-C-3800,289.0,0.0,0.0,0.0,1,285.6,289.2,6,326.0,289.0,289.0,289.0,1.0,28900.0,59
2023-05-10 09:48:11,IO2312-C-3800,IO2312-C-3800,289.0,0.0,0.0,0.0,1,285.6,289.4,12,326.0,289.0,289.0,289.0,1.0,28900.0,59
2023-05-10 09:48:11,IO2312-C-3800,IO2312-C-3800,289.0,0.0,0.0,0.0,1,285.6,289.6,30,326.0,289.0,289.0,289.0,1.0,28900.0,59
2023-05-10 09:48:12,IO2312-C-3800,IO2312-C-3800,289.0,0.0,0.0,0.0,1,285.6,289.6,12,326.0,289.0,289.0,289.0,1.0,28900.0,59
2023-05-10 09:48:12,IO2312-C-3800,IO2312-C-3800,289.0,0.0,0.0,0.0,1,285.6,289.6,6,326.0,289.0,289.0,289.0,1.0,28900.0,59
2023-05-10 09:48:13,IO2312-C-3800,IO2312-C-3800,289.0,0.0,0.0,0.0,1,285.6,289.8,18,326.0,289.0,289.0,289.0,1.0,28900.0,59
2023-05-10 09:48:13,IO2312-C-3800,IO2312-C-3800,289.0,0.0,0.0,0.0,1,285.6,289.8,12,326.0,289.0,289.0,289.0,1.0,28900.0,59
2023-05-10 09:48:14,IO2312-C-3800,IO2312-C-3800,289.0,0.0,0.0,0.0,1,285.6,289.8,6,326.0,289.0,289.0,289.0,1.0,28900.0,59
2023-05-10 09:48:30,IO2312-C-3800,IO2312-C-3800,289.0,0.0,0.0,0.0,1,285.6,290.0,18,326.0,289.0,289.0,289.0,1.0,28900.0,59
2023-05-10 09:48:31,IO2312-C-3800,IO2312-C-3800,289.0,0.0,0.0,0.0,1,285.6,290.0,12,326.0,289.0,289.0,289.0,1.0,28900.0,59
2023-05-10 09:48:31,IO2312-C-3800,IO2312-C-3800,289.0,0.0,0.0,0.0,1,285.6,290.0,6,326.0,289.0,289.0,289.0,1.0,28900.0,59
2023-05-10 09:48:32,IO2312-C-3800,IO2312-C-3800,289.0,0.0,0.0,0.0,1,285.6,290.2,6,326.0,289.0,289.0,289.0,1.0,28900.0,59
2023-05-10 09:48:47,IO2312-C-3800,IO2312-C-3800,289.0,0.0,0.0,0.0,1,285.6,290.2,7,326.0,289.0,289.0,289.0,1.0,28900.0,59
2023-05-10 09:48:47,IO2312-C-3800,IO2312-C-3800,289.0,0.0,0.0,0.0,1,285.6,290.0,6,326.0,289.0,289.0,289.0,1.0,28900.0,59
2023-05-10 09:48:51,IO2312-C-3800,IO2312-C-3800,289.0,0.0,0.0,0.0,12,285.0,290.0,6,326.0,289.0,289.0,289.0,1.0,28900.0,59
2023-05-10 09:48:52,IO2312-C-3800,IO2312-C-3800,289.0,0.0,0.0,0.0,12,284.8,289.8,6,326.0,289.0,289.0,289.0,1.0,28900.0,59
2023-05-10 09:48:52,IO2312-C-3800,IO2312-C-3800,289.0,0.0,0.0,0.0,19,284.6,289.6,6,326.0,289.0,289.0,289.0,1.0,28900.0,59
2023-05-10 09:48:53,IO2312-C-3800,IO2312-C-3800,289.0,0.0,0.0,0.0,7,284.6,289.6,7,326.0,289.0,289.0,289.0,1.0,28900.0,59
2023-05-10 09:48:53,IO2312-C-3800,IO2312-C-3800,289.0,0.0,0.0,0.0,1,284.6,289.4,6,326.0,289.0,289.0,289.0,1.0,28900.0,59
2023-05-10 09:48:59,IO2312-C-3800,IO2312-C-3800,289.0,0.0,0.0,0.0,1,284.6,289.4,7,326.0,289.0,289.0,289.0,1.0,28900.0,59
2023-05-10 09:48:59,IO2312-C-3800,IO2312-C-3800,289.0,0.0,0.0,0.0,1,284.6,289.2,6,326.0,289.0,289.0,289.0,1.0,28900.0,59
2023-05-10 09:49:00,IO2312-C-3800,IO2312-C-3800,289.0,0.0,0.0,0.0,6,284.4,289.0,6,326.0,289.0,289.0,289.0,1.0,28900.0,59
2023-05-10 09:49:01,IO2312-C-3800,IO2312-C-3800,289.0,0.0,0.0,0.0,6,284.4,288.8,6,326.0,289.0,289.0,289.0,1.0,28900.0,59
2023-05-10 09:49:02,IO2312-C-3800,IO2312-C-3800,289.0,0.0,0.0,0.0,6,284.4,288.8,7,326.0,289.0,289.0,289.0,1.0,28900.0,59
2023-05-10 09:49:02,IO2312-C-3800,IO2312-C-3800,289.0,0.0,0.0,0.0,6,284.4,288.6,6,326.0,289.0,289.0,289.0,1.0,28900.0,59
2023-05-10 09:49:03,IO2312-C-3800,IO2312-C-3800,289.0,0.0,0.0,0.0,6,284.4,288.8,13,326.0,289.0,289.0,289.0,1.0,28900.0,59
2023-05-10 09:49:04,IO2312-C-3800,IO2312-C-3800,289.0,0.0,0.0,0.0,6,284.4,288.6,6,326.0,289.0,289.0,289.0,1.0,28900.0,59
2023-05-10 09:49:05,IO2312-C-3800,IO2312-C-3800,289.0,0.0,0.0,0.0,6,284.4,288.8,7,326.0,289.0,289.0,289.0,1.0,28900.0,59
2023-05-10 09:49:12,IO2312-C-3800,IO2312-C-3800,289.0,0.0,0.0,0.0,1,284.8,288.8,7,326.0,289.0,289.0,289.0,1.0,28900.0,59
2023-05-10 09:49:13,IO2312-C-3800,IO2312-C-3800,289.0,0.0,0.0,0.0,1,284.8,288.6,1,326.0,289.0,289.0,289.0,1.0,28900.0,59
2023-05-10 09:49:13,IO2312-C-3800,IO2312-C-3800,289.0,0.0,0.0,0.0,1,284.8,288.6,7,326.0,289.0,289.0,289.0,1.0,28900.0,59
2023-05-10 09:49:14,IO2312-C-3800,IO2312-C-3800,289.0,0.0,0.0,0.0,1,284.8,288.6,6,326.0,289.0,289.0,289.0,1.0,28900.0,59
2023-05-10 09:49:15,IO2312-C-3800,IO2312-C-3800,289.0,0.0,0.0,0.0,1,284.8,288.8,6,326.0,289.0,289.0,289.0,1.0,28900.0,59
2023-05-10 09:49:16,IO2312-C-3800,IO2312-C-3800,289.0,0.0,0.0,0.0,1,284.8,289.0,24,326.0,289.0,289.0,289.0,1.0,28900.0,59
2023-05-10 09:49:16,IO2312-C-3800,IO2312-C-3800,289.0,0.0,0.0,0.0,1,284.8,289.0,18,326.0,289.0,289.0,289.0,1.0,28900.0,59
2023-05-10 09:49:17,IO2312-C-3800,IO2312-C-3800,289.0,0.0,0.0,0.0,1,284.8,289.0,12,326.0,289.0,289.0,289.0,1.0,28900.0,59
2023-05-10 09:49:17,IO2312-C-3800,IO2312-C-3800,289.0,0.0,0.0,0.0,1,284.8,289.0,6,326.0,289.0,289.0,289.0,1.0,28900.0,59
2023-05-10 09:49:18,IO2312-C-3800,IO2312-C-3800,289.0,0.0,0.0,0.0,1,284.8,289.2,30,326.0,289.0,289.0,289.0,1.0,28900.0,59
2023-05-10 09:49:18,IO2312-C-3800,IO2312-C-3800,289.0,0.0,0.0,0.0,6,284.6,289.2,24,326.0,289.0,289.0,289.0,1.0,28900.0,59
2023-05-10 09:49:19,IO2312-C-3800,IO2312-C-3800,289.0,0.0,0.0,0.0,24,284.4,289.0,6,326.0,289.0,289.0,289.0,1.0,28900.0,59
2023-05-10 09:49:19,IO2312-C-3800,IO2312-C-3800,289.0,0.0,0.0,0.0,6,284.4,289.0,6,326.0,289.0,289.0,289.0,1.0,28900.0,59
2023-05-10 09:49:23,IO2312-C-3800,IO2312-C-3800,289.0,0.0,0.0,0.0,6,284.4,287.8,1,326.0,289.0,289.0,289.0,1.0,28900.0,59
2023-05-10 09:49:27,IO2312-C-3800,IO2312-C-3800,289.0,0.0,0.0,0.0,6,284.4,288.2,24,326.0,289.0,289.0,289.0,1.0,28900.0,59
2023-05-10 09:49:27,IO2312-C-3800,IO2312-C-3800,289.0,0.0,0.0,0.0,6,284.4,288.2,12,326.0,289.0,289.0,289.0,1.0,28900.0,59
2023-05-10 09:49:28,IO2312-C-3800,IO2312-C-3800,289.0,0.0,0.0,0.0,1,285.2,288.2,6,326.0,289.0,289.0,289.0,1.0,28900.0,59
2023-05-10 09:49:28,IO2312-C-3800,IO2312-C-3800,289.0,0.0,0.0,0.0,1,285.2,288.4,18,326.0,289.0,289.0,289.0,1.0,28900.0,59
2023-05-10 09:49:29,IO2312-C-3800,IO2312-C-3800,289.0,0.0,0.0,0.0,1,285.2,288.4,12,326.0,289.0,289.0,289.0,1.0,28900.0,59
2023-05-10 09:49:29,IO2312-C-3800,IO2312-C-3800,289.0,0.0,0.0,0.0,1,285.2,288.6,31,326.0,289.0,289.0,289.0,1.0,28900.0,59
2023-05-10 09:49:30,IO2312-C-3800,IO2312-C-3800,289.0,0.0,0.0,0.0,1,285.2,288.6,19,326.0,289.0,289.0,289.0,1.0,28900.0,59
2023-05-10 09:49:30,IO2312-C-3800,IO2312-C-3800,289.0,0.0,0.0,0.0,1,285.2,288.6,13,326.0,289.0,289.0,289.0,1.0,28900.0,59
2023-05-10 09:49:31,IO2312-C-3800,IO2312-C-3800,289.0,0.0,0.0,0.0,1,285.2,288.6,12,326.0,289.0,289.0,289.0,1.0,28900.0,59
2023-05-10 09:49:32,IO2312-C-3800,IO2312-C-3800,289.0,0.0,0.0,0.0,1,285.2,288.6,6,326.0,289.0,289.0,289.0,1.0,28900.0,59
2023-05-10 09:49:32,IO2312-C-3800,IO2312-C-3800,289.0,0.0,0.0,0.0,1,285.2,288.8,6,326.0,289.0,289.0,289.0,1.0,28900.0,59
2023-05-10 09:49:35,IO2312-C-3800,IO2312-C-3800,289.0,0.0,0.0,0.0,1,285.2,289.2,6,326.0,289.0,289.0,289.0,1.0,28900.0,59
2023-05-10 09:49:42,IO2312-C-3800,IO2312-C-3800,289.0,0.0,0.0,0.0,6,284.4,289.2,6,326.0,289.0,289.0,289.0,1.0,28900.0,59
2023-05-10 09:49:45,IO2312-C-3800,IO2312-C-3800,289.0,0.0,0.0,0.0,6,284.4,289.2,7,326.0,289.0,289.0,289.0,1.0,28900.0,59
2023-05-10 09:49:46,IO2312-C-3800,IO2312-C-3800,289.0,0.0,0.0,0.0,6,284.4,289.0,6,326.0,289.0,289.0,289.0,1.0,28900.0,59
2023-05-10 09:49:50,IO2312-C-3800,IO2312-C-3800,289.0,0.0,0.0,0.0,1,284.6,289.0,6,326.0,289.0,289.0,289.0,1.0,28900.0,59
2023-05-10 09:49:51,IO2312-C-3800,IO2312-C-3800,289.0,0.0,0.0,0.0,7,284.6,289.0,6,326.0,289.0,289.0,289.0,1.0,28900.0,59
2023-05-10 09:49:52,IO2312-C-3800,IO2312-C-3800,289.0,0.0,0.0,0.0,1,284.6,289.0,6,326.0,289.0,289.0,289.0,1.0,28900.0,59
2023-05-10 09:49:52,IO2312-C-3800,IO2312-C-3800,289.0,0.0,0.0,0.0,1,284.6,289.0,7,326.0,289.0,289.0,289.0,1.0,28900.0,59
2023-05-10 09:49:53,IO2312-C-3800,IO2312-C-3800,289.0,0.0,0.0,0.0,1,284.6,288.8,6,326.0,289.0,289.0,289.0,1.0,28900.0,59
2023-05-10 09:49:53,IO2312-C-3800,IO2312-C-3800,289.0,0.0,0.0,0.0,7,284.6,288.8,6,326.0,289.0,289.0,289.0,1.0,28900.0,59
2023-05-10 09:49:54,IO2312-C-3800,IO2312-C-3800,289.0,0.0,0.0,0.0,7,284.6,289.0,6,326.0,289.0,289.0,289.0,1.0,28900.0,59
2023-05-10 09:49:59,IO2312-C-3800,IO2312-C-3800,289.0,0.0,0.0,0.0,1,285.4,289.0,6,326.0,289.0,289.0,289.0,1.0,28900.0,59
2023-05-10 09:50:01,IO2312-C-3800,IO2312-C-3800,289.0,0.0,0.0,0.0,12,284.4,289.0,6,326.0,289.0,289.0,289.0,1.0,28900.0,59
2023-05-10 09:50:01,IO2312-C-3800,IO2312-C-3800,289.0,0.0,0.0,0.0,6,284.4,289.0,6,326.0,289.0,289.0,289.0,1.0,28900.0,59
2023-05-10 09:50:02,IO2312-C-3800,IO2312-C-3800,289.0,0.0,0.0,0.0,6,284.4,289.0,7,326.0,289.0,289.0,289.0,1.0,28900.0,59
2023-05-10 09:50:03,IO2312-C-3800,IO2312-C-3800,289.0,0.0,0.0,0.0,6,284.4,288.8,6,326.0,289.0,289.0,289.0,1.0,28900.0,59
2023-05-10 09:50:07,IO2312-C-3800,IO2312-C-3800,289.0,0.0,0.0,0.0,1,284.8,288.8,6,326.0,289.0,289.0,289.0,1.0,28900.0,59
2023-05-10 09:50:15,IO2312-C-3800,IO2312-C-3800,289.0,0.0,0.0,0.0,6,285.0,289.0,6,326.0,289.0,289.0,289.0,1.0,28900.0,59
2023-05-10 09:50:15,IO2312-C-3800,IO2312-C-3800,289.0,0.0,0.0,0.0,8,285.2,289.4,48,326.0,289.0,289.0,289.0,1.0,28900.0,59
2023-05-10 09:50:16,IO2312-C-3800,IO2312-C-3800,289.0,0.0,0.0,0.0,2,285.2,289.4,6,326.0,289.0,289.0,289.0,1.0,28900.0,59
2023-05-10 09:50:16,IO2312-C-3800,IO2312-C-3800,289.0,0.0,0.0,0.0,8,285.2,289.6,18,326.0,289.0,289.0,289.0,1.0,28900.0,59
2023-05-10 09:50:17,IO2312-C-3800,IO2312-C-3800,289.0,0.0,0.0,0.0,1,286.6,289.6,12,326.0,289.0,289.0,289.0,1.0,28900.0,59
2023-05-10 09:50:17,IO2312-C-3800,IO2312-C-3800,289.0,0.0,0.0,0.0,1,286.6,289.6,6,326.0,289.0,289.0,289.0,1.0,28900.0,59
2023-05-10 09:50:18,IO2312-C-3800,IO2312-C-3800,289.0,0.0,0.0,0.0,1,286.6,290.2,6,326.0,289.0,289.0,289.0,1.0,28900.0,59
2023-05-10 09:50:20,IO2312-C-3800,IO2312-C-3800,289.0,0.0,0.0,0.0,1,286.6,290.4,6,326.0,289.0,289.0,289.0,1.0,28900.0,59
2023-05-10 09:50:25,IO2312-C-3800,IO2312-C-3800,289.0,0.0,0.0,0.0,1,286.6,290.6,24,326.0,289.0,289.0,289.0,1.0,28900.0,59
2023-05-10 09:50:26,IO2312-C-3800,IO2312-C-3800,289.0,0.0,0.0,0.0,1,286.6,290.6,18,326.0,289.0,289.0,289.0,1.0,28900.0,59
2023-05-10 09:50:26,IO2312-C-3800,IO2312-C-3800,289.0,0.0,0.0,0.0,1,286.6,290.6,12,326.0,289.0,289.0,289.0,1.0,28900.0,59
2023-05-10 09:50:27,IO2312-C-3800,IO2312-C-3800,289.0,0.0,0.0,0.0,1,286.6,290.6,6,326.0,289.0,289.0,289.0,1.0,28900.0,59
2023-05-10 09:50:30,IO2312-C-3800,IO2312-C-3800,289.0,0.0,0.0,0.0,1,286.6,290.8,30,326.0,289.0,289.0,289.0,1.0,28900.0,59
2023-05-10 09:50:30,IO2312-C-3800,IO2312-C-3800,289.0,0.0,0.0,0.0,1,286.6,290.8,12,326.0,289.0,289.0,289.0,1.0,28900.0,59
2023-05-10 09:50:31,IO2312-C-3800,IO2312-C-3800,289.0,0.0,0.0,0.0,1,286.6,290.8,6,326.0,289.0,289.0,289.0,1.0,28900.0,59
2023-05-10 09:50:32,IO2312-C-3800,IO2312-C-3800,289.0,0.0,0.0,0.0,1,286.6,291.0,6,326.0,289.0,289.0,289.0,1.0,28900.0,59
2023-05-10 09:51:01,IO2312-C-3800,IO2312-C-3800,289.0,0.0,0.0,0.0,6,285.8,291.0,6,326.0,289.0,289.0,289.0,1.0,28900.0,59
2023-05-10 09:51:02,IO2312-C-3800,IO2312-C-3800,289.0,0.0,0.0,0.0,18,285.6,291.0,6,326.0,289.0,289.0,289.0,1.0,28900.0,59
2023-05-10 09:51:02,IO2312-C-3800,IO2312-C-3800,289.0,0.0,0.0,0.0,12,285.4,291.0,6,326.0,289.0,289.0,289.0,1.0,28900.0,59
2023-05-10 09:51:03,IO2312-C-3800,IO2312-C-3800,289.0,0.0,0.0,0.0,18,285.2,291.0,7,326.0,289.0,289.0,289.0,1.0,28900.0,59
2023-05-10 09:51:03,IO2312-C-3800,IO2312-C-3800,289.0,0.0,0.0,0.0,6,285.2,290.8,6,326.0,289.0,289.0,289.0,1.0,28900.0,59
2023-05-10 09:51:04,IO2312-C-3800,IO2312-C-3800,289.0,0.0,0.0,0.0,13,285.0,290.8,6,326.0,289.0,289.0,289.0,1.0,28900.0,59
2023-05-10 09:51:07,IO2312-C-3800,IO2312-C-3800,289.0,0.0,0.0,0.0,1,286.2,290.8,6,326.0,289.0,289.0,289.0,1.0,28900.0,59
2023-05-10 09:51:16,IO2312-C-3800,IO2312-C-3800,289.0,0.0,0.0,0.0,3,286.2,290.8,6,326.0,289.0,289.0,289.0,1.0,28900.0,59
2023-05-10 09:51:16,IO2312-C-3800,IO2312-C-3800,289.0,0.0,0.0,0.0,3,286.2,291.0,6,326.0,289.0,289.0,289.0,1.0,28900.0,59
2023-05-10 09:51:17,IO2312-C-3800,IO2312-C-3800,289.0,0.0,0.0,0.0,1,288.4,291.0,6,326.0,289.0,289.0,289.0,1.0,28900.0,59
2023-05-10 09:51:21,IO2312-C-3800,IO2312-C-3800,289.0,0.0,0.0,0.0,1,288.4,291.2,18,326.0,289.0,289.0,289.0,1.0,28900.0,59
2023-05-10 09:51:21,IO2312-C-3800,IO2312-C-3800,289.0,0.0,0.0,0.0,1,288.4,291.2,13,326.0,289.0,289.0,289.0,1.0,28900.0,59
2023-05-10 09:51:22,IO2312-C-3800,IO2312-C-3800,289.0,0.0,0.0,0.0,1,288.4,291.2,7,326.0,289.0,289.0,289.0,1.0,28900.0,59
2023-05-10 09:51:22,IO2312-C-3800,IO2312-C-3800,289.0,0.0,0.0,0.0,1,287.4,291.2,1,326.0,289.0,289.0,289.0,1.0,28900.0,59
2023-05-10 09:51:24,IO2312-C-3800,IO2312-C-3800,289.0,0.0,0.0,0.0,1,287.4,291.2,7,326.0,289.0,289.0,289.0,1.0,28900.0,59
2023-05-10 09:51:26,IO2312-C-3800,IO2312-C-3800,289.0,0.0,0.0,0.0,1,287.4,291.0,6,326.0,289.0,289.0,289.0,1.0,28900.0,59
2023-05-10 09:51:27,IO2312-C-3800,IO2312-C-3800,289.0,0.0,0.0,0.0,1,287.4,291.2,13,326.0,289.0,289.0,289.0,1.0,28900.0,59
2023-05-10 09:51:27,IO2312-C-3800,IO2312-C-3800,289.0,0.0,0.0,0.0,1,287.4,291.2,7,326.0,289.0,289.0,289.0,1.0,28900.0,59
2023-05-10 09:51:33,IO2312-C-3800,IO2312-C-3800,289.0,0.0,0.0,0.0,1,287.4,291.0,1,326.0,289.0,289.0,289.0,1.0,28900.0,59
2023-05-10 09:51:33,IO2312-C-3800,IO2312-C-3800,289.0,0.0,0.0,0.0,1,287.4,291.0,7,326.0,289.0,289.0,289.0,1.0,28900.0,59
2023-05-10 09:51:34,IO2312-C-3800,IO2312-C-3800,289.0,0.0,0.0,0.0,1,287.4,291.0,6,326.0,289.0,289.0,289.0,1.0,28900.0,59
2023-05-10 09:51:35,IO2312-C-3800,IO2312-C-3800,289.0,0.0,0.0,0.0,1,287.4,291.2,6,326.0,289.0,289.0,289.0,1.0,28900.0,59
2023-05-10 09:51:47,IO2312-C-3800,IO2312-C-3800,289.0,0.0,0.0,0.0,1,287.4,291.4,24,326.0,289.0,289.0,289.0,1.0,28900.0,59
2023-05-10 09:51:48,IO2312-C-3800,IO2312-C-3800,289.0,0.0,0.0,0.0,1,287.4,291.4,18,326.0,289.0,289.0,289.0,1.0,28900.0,59
2023-05-10 09:51:48,IO2312-C-3800,IO2312-C-3800,289.0,0.0,0.0,0.0,1,287.4,291.4,13,326.0,289.0,289.0,289.0,1.0,28900.0,59
2023-05-10 09:51:50,IO2312-C-3800,IO2312-C-3800,289.0,0.0,0.0,0.0,1,287.4,291.2,6,326.0,289.0,289.0,289.0,1.0,28900.0,59
2023-05-10 09:51:53,IO2312-C-3800,IO2312-C-3800,289.0,0.0,0.0,0.0,1,287.4,291.2,12,326.0,289.0,289.0,289.0,1.0,28900.0,59
2023-05-10 09:51:53,IO2312-C-3800,IO2312-C-3800,289.0,0.0,0.0,0.0,6,286.8,291.2,13,326.0,289.0,289.0,289.0,1.0,28900.0,59
2023-05-10 09:51:54,IO2312-C-3800,IO2312-C-3800,289.0,0.0,0.0,0.0,7,286.4,291.2,13,326.0,289.0,289.0,289.0,1.0,28900.0,59
2023-05-10 09:51:54,IO2312-C-3800,IO2312-C-3800,289.0,0.0,0.0,0.0,1,286.4,291.0,6,326.0,289.0,289.0,289.0,1.0,28900.0,59
2023-05-10 09:52:00,IO2312-C-3800,IO2312-C-3800,289.0,0.0,0.0,0.0,1,286.4,290.8,6,326.0,289.0,289.0,289.0,1.0,28900.0,59
2023-05-10 09:52:00,IO2312-C-3800,IO2312-C-3800,289.0,0.0,0.0,0.0,1,286.4,290.6,6,326.0,289.0,289.0,289.0,1.0,28900.0,59
2023-05-10 09:52:01,IO2312-C-3800,IO2312-C-3800,289.0,0.0,0.0,0.0,12,285.8,290.6,7,326.0,289.0,289.0,289.0,1.0,28900.0,59
2023-05-10 09:52:01,IO2312-C-3800,IO2312-C-3800,289.0,0.0,0.0,0.0,12,285.6,290.4,6,326.0,289.0,289.0,289.0,1.0,28900.0,59
2023-05-10 09:52:02,IO2312-C-3800,IO2312-C-3800,289.0,0.0,0.0,0.0,7,285.6,290.4,6,326.0,289.0,289.0,289.0,1.0,28900.0,59
2023-05-10 09:52:10,IO2312-C-3800,IO2312-C-3800,289.0,0.0,0.0,0.0,7,285.6,290.2,1,326.0,289.0,289.0,289.0,1.0,28900.0,59
2023-05-10 09:52:10,IO2312-C-3800,IO2312-C-3800,289.0,0.0,0.0,0.0,6,285.6,290.0,6,326.0,289.0,289.0,289.0,1.0,28900.0,59
2023-05-10 09:52:12,IO2312-C-3800,IO2312-C-3800,289.0,0.0,0.0,0.0,1,286.2,290.0,6,326.0,289.0,289.0,289.0,1.0,28900.0,59
2023-05-10 09:52:12,IO2312-C-3800,IO2312-C-3800,289.0,0.0,0.0,0.0,1,286.2,290.4,6,326.0,289.0,289.0,289.0,1.0,28900.0,59
2023-05-10 09:52:16,IO2312-C-3800,IO2312-C-3800,289.0,0.0,0.0,0.0,1,286.2,290.4,7,326.0,289.0,289.0,289.0,1.0,28900.0,59
2023-05-10 09:52:16,IO2312-C-3800,IO2312-C-3800,289.0,0.0,0.0,0.0,1,286.2,290.2,6,326.0,289.0,289.0,289.0,1.0,28900.0,59
2023-05-10 09:52:17,IO2312-C-3800,IO2312-C-3800,289.0,0.0,0.0,0.0,1,286.2,290.0,6,326.0,289.0,289.0,289.0,1.0,28900.0,59
2023-05-10 09:52:17,IO2312-C-3800,IO2312-C-3800,289.0,0.0,0.0,0.0,1,286.2,289.8,6,326.0,289.0,289.0,289.0,1.0,28900.0,59
2023-05-10 09:52:20,IO2312-C-3800,IO2312-C-3800,289.0,0.0,0.0,0.0,7,285.2,289.8,6,326.0,289.0,289.0,289.0,1.0,28900.0,59
2023-05-10 09:52:21,IO2312-C-3800,IO2312-C-3800,289.0,0.0,0.0,0.0,1,285.2,289.8,6,326.0,289.0,289.0,289.0,1.0,28900.0,59
2023-05-10 09:52:40,IO2312-C-3800,IO2312-C-3800,289.0,0.0,0.0,0.0,3,285.2,289.8,6,326.0,289.0,289.0,289.0,1.0,28900.0,59
2023-05-10 09:52:40,IO2312-C-3800,IO2312-C-3800,289.0,0.0,0.0,0.0,1,287.2,289.8,6,326.0,289.0,289.0,289.0,1.0,28900.0,59
2023-05-10 09:52:42,IO2312-C-3800,IO2312-C-3800,289.0,0.0,0.0,0.0,1,286.2,289.8,6,326.0,289.0,289.0,289.0,1.0,28900.0,59
2023-05-10 09:52:54,IO2312-C-3800,IO2312-C-3800,289.0,0.0,0.0,0.0,1,285.2,289.6,6,326.0,289.0,289.0,289.0,1.0,28900.0,59
2023-05-10 09:52:55,IO2312-C-3800,IO2312-C-3800,289.0,0.0,0.0,0.0,1,285.2,289.4,6,326.0,289.0,289.0,289.0,1.0,28900.0,59
2023-05-10 09:53:04,IO2312-C-3800,IO2312-C-3800,289.0,0.0,0.0,0.0,1,285.2,289.4,7,326.0,289.0,289.0,289.0,1.0,28900.0,59
2023-05-10 09:53:05,IO2312-C-3800,IO2312-C-3800,289.0,0.0,0.0,0.0,1,285.2,289.2,6,326.0,289.0,289.0,289.0,1.0,28900.0,59
2023-05-10 09:53:15,IO2312-C-3800,IO2312-C-3800,289.0,0.0,0.0,0.0,1,285.2,289.4,18,326.0,289.0,289.0,289.0,1.0,28900.0,59
2023-05-10 09:53:15,IO2312-C-3800,IO2312-C-3800,289.0,0.0,0.0,0.0,1,285.2,289.4,12,326.0,289.0,289.0,289.0,1.0,28900.0,59
2023-05-10 09:53:16,IO2312-C-3800,IO2312-C-3800,289.0,0.0,0.0,0.0,1,285.2,289.4,6,326.0,289.0,289.0,289.0,1.0,28900.0,59
2023-05-10 09:53:17,IO2312-C-3800,IO2312-C-3800,289.0,0.0,0.0,0.0,1,285.2,289.6,30,326.0,289.0,289.0,289.0,1.0,28900.0,59
2023-05-10 09:53:18,IO2312-C-3800,IO2312-C-3800,289.0,0.0,0.0,0.0,1,285.2,289.6,18,326.0,289.0,289.0,289.0,1.0,28900.0,59
2023-05-10 09:53:18,IO2312-C-3800,IO2312-C-3800,289.0,0.0,0.0,0.0,1,285.2,289.6,12,326.0,289.0,289.0,289.0,1.0,28900.0,59
2023-05-10 09:53:19,IO2312-C-3800,IO2312-C-3800,289.0,0.0,0.0,0.0,1,285.2,289.6,6,326.0,289.0,289.0,289.0,1.0,28900.0,59
2023-05-10 09:53:19,IO2312-C-3800,IO2312-C-3800,289.0,0.0,0.0,0.0,1,285.2,289.8,6,326.0,289.0,289.0,289.0,1.0,28900.0,59
2023-05-10 09:55:03,IO2312-C-3800,IO2312-C-3800,289.0,0.0,0.0,0.0,1,285.2,289.6,6,326.0,289.0,289.0,289.0,1.0,28900.0,59
2023-05-10 09:55:03,IO2312-C-3800,IO2312-C-3800,289.0,0.0,0.0,0.0,1,285.2,289.4,6,326.0,289.0,289.0,289.0,1.0,28900.0,59
2023-05-10 09:55:05,IO2312-C-3800,IO2312-C-3800,289.0,0.0,0.0,0.0,1,285.2,289.4,7,326.0,289.0,289.0,289.0,1.0,28900.0,59
2023-05-10 09:55:05,IO2312-C-3800,IO2312-C-3800,289.0,0.0,0.0,0.0,1,285.2,289.2,6,326.0,289.0,289.0,289.0,1.0,28900.0,59
2023-05-10 09:55:06,IO2312-C-3800,IO2312-C-3800,289.0,0.0,0.0,0.0,18,284.4,289.2,6,326.0,289.0,289.0,289.0,1.0,28900.0,59
2023-05-10 09:55:06,IO2312-C-3800,IO2312-C-3800,289.0,0.0,0.0,0.0,6,284.4,289.2,6,326.0,289.0,289.0,289.0,1.0,28900.0,59
2023-05-10 09:55:11,IO2312-C-3800,IO2312-C-3800,289.0,0.0,0.0,0.0,6,284.4,289.4,9,326.0,289.0,289.0,289.0,1.0,28900.0,59
2023-05-10 09:55:11,IO2312-C-3800,IO2312-C-3800,289.0,0.0,0.0,0.0,6,284.4,289.2,6,326.0,289.0,289.0,289.0,1.0,28900.0,59
2023-05-10 09:55:12,IO2312-C-3800,IO2312-C-3800,289.0,0.0,0.0,0.0,6,284.4,289.0,1,326.0,289.0,289.0,289.0,1.0,28900.0,59
2023-05-10 09:55:12,IO2312-C-3800,IO2312-C-3800,289.0,0.0,0.0,0.0,6,284.4,288.8,6,326.0,289.0,289.0,289.0,1.0,28900.0,59
2023-05-10 09:55:13,IO2312-C-3800,IO2312-C-3800,289.0,0.0,0.0,0.0,6,284.6,288.8,6,326.0,289.0,289.0,289.0,1.0,28900.0,59
2023-05-10 09:55:13,IO2312-C-3800,IO2312-C-3800,289.0,0.0,0.0,0.0,6,284.4,288.8,6,326.0,289.0,289.0,289.0,1.0,28900.0,59
2023-05-10 09:55:14,IO2312-C-3800,IO2312-C-3800,289.0,0.0,0.0,0.0,6,284.4,289.0,7,326.0,289.0,289.0,289.0,1.0,28900.0,59
2023-05-10 09:55:17,IO2312-C-3800,IO2312-C-3800,289.0,0.0,0.0,0.0,1,285.0,289.0,6,326.0,289.0,289.0,289.0,1.0,28900.0,59
2023-05-10 09:55:17,IO2312-C-3800,IO2312-C-3800,289.0,0.0,0.0,0.0,1,285.0,289.2,6,326.0,289.0,289.0,289.0,1.0,28900.0,59
2023-05-10 09:55:32,IO2312-C-3800,IO2312-C-3800,289.0,0.0,0.0,0.0,6,284.4,289.2,6,326.0,289.0,289.0,289.0,1.0,28900.0,59
2023-05-10 09:55:32,IO2312-C-3800,IO2312-C-3800,289.0,0.0,0.0,0.0,6,284.4,289.2,12,326.0,289.0,289.0,289.0,1.0,28900.0,59
2023-05-10 09:55:33,IO2312-C-3800,IO2312-C-3800,289.0,0.0,0.0,0.0,6,284.4,289.0,6,326.0,289.0,289.0,289.0,1.0,28900.0,59
2023-05-10 09:55:37,IO2312-C-3800,IO2312-C-3800,289.0,0.0,0.0,0.0,6,284.4,289.0,7,326.0,289.0,289.0,289.0,1.0,28900.0,59
2023-05-10 09:55:37,IO2312-C-3800,IO2312-C-3800,289.0,0.0,0.0,0.0,6,284.4,288.8,6,326.0,289.0,289.0,289.0,1.0,28900.0,59
2023-05-10 09:55:40,IO2312-C-3800,IO2312-C-3800,289.0,0.0,0.0,0.0,6,284.4,289.0,6,326.0,289.0,289.0,289.0,1.0,28900.0,59
2023-05-10 09:55:42,IO2312-C-3800,IO2312-C-3800,289.0,0.0,0.0,0.0,1,285.4,289.0,6,326.0,289.0,289.0,289.0,1.0,28900.0,59
2023-05-10 09:55:47,IO2312-C-3800,IO2312-C-3800,289.0,0.0,0.0,0.0,6,284.4,289.0,6,326.0,289.0,289.0,289.0,1.0,28900.0,59
2023-05-10 09:55:48,IO2312-C-3800,IO2312-C-3800,289.0,0.0,0.0,0.0,7,284.0,289.0,6,326.0,289.0,289.0,289.0,1.0,28900.0,59
2023-05-10 09:55:49,IO2312-C-3800,IO2312-C-3800,289.0,0.0,0.0,0.0,1,284.0,289.0,6,326.0,289.0,289.0,289.0,1.0,28900.0,59
2023-05-10 09:56:09,IO2312-C-3800,IO2312-C-3800,289.0,0.0,0.0,0.0,1,284.0,289.0,7,326.0,289.0,289.0,289.0,1.0,28900.0,59
2023-05-10 09:56:09,IO2312-C-3800,IO2312-C-3800,289.0,0.0,0.0,0.0,1,284.0,288.8,6,326.0,289.0,289.0,289.0,1.0,28900.0,59
2023-05-10 09:56:10,IO2312-C-3800,IO2312-C-3800,289.0,0.0,0.0,0.0,1,284.0,288.8,7,326.0,289.0,289.0,289.0,1.0,28900.0,59
2023-05-10 09:56:11,IO2312-C-3800,IO2312-C-3800,289.0,0.0,0.0,0.0,1,284.0,288.6,6,326.0,289.0,289.0,289.0,1.0,28900.0,59
2023-05-10 09:56:14,IO2312-C-3800,IO2312-C-3800,289.0,0.0,0.0,0.0,1,284.0,289.0,6,326.0,289.0,289.0,289.0,1.0,28900.0,59
2023-05-10 09:56:44,IO2312-C-3800,IO2312-C-3800,289.0,0.0,0.0,0.0,3,284.0,289.0,6,326.0,289.0,289.0,289.0,1.0,28900.0,59
2023-05-10 09:56:44,IO2312-C-3800,IO2312-C-3800,289.0,0.0,0.0,0.0,1,285.0,289.0,6,326.0,289.0,289.0,289.0,1.0,28900.0,59
2023-05-10 09:56:58,IO2312-C-3800,IO2312-C-3800,289.0,0.0,0.0,0.0,1,284.0,289.0,6,326.0,289.0,289.0,289.0,1.0,28900.0,59
2023-05-10 09:57:02,IO2312-C-3800,IO2312-C-3800,289.0,0.0,0.0,0.0,1,284.0,288.4,1,326.0,289.0,289.0,289.0,1.0,28900.0,59
2023-05-10 09:57:02,IO2312-C-3800,IO2312-C-3800,289.0,0.0,0.0,0.0,1,284.0,288.4,7,326.0,289.0,289.0,289.0,1.0,28900.0,59
2023-05-10 09:57:07,IO2312-C-3800,IO2312-C-3800,289.0,0.0,0.0,0.0,1,284.0,288.4,6,326.0,289.0,289.0,289.0,1.0,28900.0,59
2023-05-10 09:57:07,IO2312-C-3800,IO2312-C-3800,289.0,0.0,0.0,0.0,1,284.0,288.8,6,326.0,289.0,289.0,289.0,1.0,28900.0,59
2023-05-10 09:57:11,IO2312-C-3800,IO2312-C-3800,289.0,0.0,0.0,0.0,2,284.2,289.0,6,326.0,289.0,289.0,289.0,1.0,28900.0,59
2023-05-10 09:57:12,IO2312-C-3800,IO2312-C-3800,289.0,0.0,0.0,0.0,8,284.2,289.0,6,326.0,289.0,289.0,289.0,1.0,28900.0,59
2023-05-10 09:57:13,IO2312-C-3800,IO2312-C-3800,289.0,0.0,0.0,0.0,1,285.4,289.0,6,326.0,289.0,289.0,289.0,1.0,28900.0,59
2023-05-10 09:58:00,IO2312-C-3800,IO2312-C-3800,289.0,0.0,0.0,0.0,1,285.4,289.4,30,326.0,289.0,289.0,289.0,1.0,28900.0,59
2023-05-10 09:58:01,IO2312-C-3800,IO2312-C-3800,289.0,0.0,0.0,0.0,7,285.4,289.4,6,326.0,289.0,289.0,289.0,1.0,28900.0,59
2023-05-10 09:58:01,IO2312-C-3800,IO2312-C-3800,289.0,0.0,0.0,0.0,1,287.4,289.6,18,326.0,289.0,289.0,289.0,1.0,28900.0,59
2023-05-10 09:58:02,IO2312-C-3800,IO2312-C-3800,289.0,0.0,0.0,0.0,1,286.4,289.6,12,326.0,289.0,289.0,289.0,1.0,28900.0,59
2023-05-10 09:58:02,IO2312-C-3800,IO2312-C-3800,289.0,0.0,0.0,0.0,1,286.4,289.4,6,326.0,289.0,289.0,289.0,1.0,28900.0,59
2023-05-10 09:58:03,IO2312-C-3800,IO2312-C-3800,289.0,0.0,0.0,0.0,1,286.4,289.6,6,326.0,289.0,289.0,289.0,1.0,28900.0,59
2023-05-10 09:58:07,IO2312-C-3800,IO2312-C-3800,289.0,0.0,0.0,0.0,1,286.4,289.8,19,326.0,289.0,289.0,289.0,1.0,28900.0,59
2023-05-10 09:58:08,IO2312-C-3800,IO2312-C-3800,289.0,0.0,0.0,0.0,1,286.4,289.6,6,326.0,289.0,289.0,289.0,1.0,28900.0,59
2023-05-10 09:58:08,IO2312-C-3800,IO2312-C-3800,289.0,0.0,0.0,0.0,1,285.4,289.6,6,326.0,289.0,289.0,289.0,1.0,28900.0,59
2023-05-10 09:58:10,IO2312-C-3800,IO2312-C-3800,289.0,0.0,0.0,0.0,1,285.4,289.6,12,326.0,289.0,289.0,289.0,1.0,28900.0,59
2023-05-10 09:58:24,IO2312-C-3800,IO2312-C-3800,289.0,0.0,0.0,0.0,1,285.4,289.6,6,326.0,289.0,289.0,289.0,1.0,28900.0,59
2023-05-10 09:58:25,IO2312-C-3800,IO2312-C-3800,289.0,0.0,0.0,0.0,1,285.4,289.8,19,326.0,289.0,289.0,289.0,1.0,28900.0,59
2023-05-10 09:58:25,IO2312-C-3800,IO2312-C-3800,289.0,0.0,0.0,0.0,1,285.4,289.8,13,326.0,289.0,289.0,289.0,1.0,28900.0,59
2023-05-10 09:58:26,IO2312-C-3800,IO2312-C-3800,289.0,0.0,0.0,0.0,1,285.4,289.6,1,326.0,289.0,289.0,289.0,1.0,28900.0,59
2023-05-10 09:58:27,IO2312-C-3800,IO2312-C-3800,289.0,0.0,0.0,0.0,1,285.4,289.6,7,326.0,289.0,289.0,289.0,1.0,28900.0,59
2023-05-10 09:58:30,IO2312-C-3800,IO2312-C-3800,289.0,0.0,0.0,0.0,1,285.4,289.6,6,326.0,289.0,289.0,289.0,1.0,28900.0,59
2023-05-10 09:58:31,IO2312-C-3800,IO2312-C-3800,289.0,0.0,0.0,0.0,1,285.4,289.8,6,326.0,289.0,289.0,289.0,1.0,28900.0,59
2023-05-10 09:58:44,IO2312-C-3800,IO2312-C-3800,289.0,0.0,0.0,0.0,1,285.4,290.0,18,326.0,289.0,289.0,289.0,1.0,28900.0,59
2023-05-10 09:58:44,IO2312-C-3800,IO2312-C-3800,289.0,0.0,0.0,0.0,1,285.4,290.0,12,326.0,289.0,289.0,289.0,1.0,28900.0,59
2023-05-10 09:58:45,IO2312-C-3800,IO2312-C-3800,289.0,0.0,0.0,0.0,1,285.4,290.0,6,326.0,289.0,289.0,289.0,1.0,28900.0,59
2023-05-10 09:58:45,IO2312-C-3800,IO2312-C-3800,289.0,0.0,0.0,0.0,1,285.4,290.4,6,326.0,289.0,289.0,289.0,1.0,28900.0,59
2023-05-10 09:59:17,IO2312-C-3800,IO2312-C-3800,289.0,0.0,0.0,0.0,1,285.4,290.4,7,326.0,289.0,289.0,289.0,1.0,28900.0,59
2023-05-10 09:59:18,IO2312-C-3800,IO2312-C-3800,289.0,0.0,0.0,0.0,1,285.4,290.2,6,326.0,289.0,289.0,289.0,1.0,28900.0,59
2023-05-10 09:59:22,IO2312-C-3800,IO2312-C-3800,289.0,0.0,0.0,0.0,1,285.4,290.2,7,326.0,289.0,289.0,289.0,1.0,28900.0,59
2023-05-10 09:59:23,IO2312-C-3800,IO2312-C-3800,289.0,0.0,0.0,0.0,1,285.4,290.0,6,326.0,289.0,289.0,289.0,1.0,28900.0,59
2023-05-10 09:59:32,IO2312-C-3800,IO2312-C-3800,289.0,0.0,0.0,0.0,1,285.4,290.0,7,326.0,289.0,289.0,289.0,1.0,28900.0,59
2023-05-10 09:59:33,IO2312-C-3800,IO2312-C-3800,289.0,0.0,0.0,0.0,1,285.4,289.8,6,326.0,289.0,289.0,289.0,1.0,28900.0,59
2023-05-10 09:59:34,IO2312-C-3800,IO2312-C-3800,289.0,0.0,0.0,0.0,1,285.4,290.0,6,326.0,289.0,289.0,289.0,1.0,28900.0,59
2023-05-10 10:00:01,IO2312-C-3800,IO2312-C-3800,289.0,0.0,0.0,0.0,1,285.4,290.0,12,326.0,289.0,289.0,289.0,1.0,28900.0,59
2023-05-10 10:00:02,IO2312-C-3800,IO2312-C-3800,289.0,0.0,0.0,0.0,1,285.4,289.8,6,326.0,289.0,289.0,289.0,1.0,28900.0,59
2023-05-10 10:00:03,IO2312-C-3800,IO2312-C-3800,289.0,0.0,0.0,0.0,1,285.4,289.8,7,326.0,289.0,289.0,289.0,1.0,28900.0,59
2023-05-10 10:00:04,IO2312-C-3800,IO2312-C-3800,289.0,0.0,0.0,0.0,1,285.4,289.6,6,326.0,289.0,289.0,289.0,1.0,28900.0,59
2023-05-10 10:00:05,IO2312-C-3800,IO2312-C-3800,289.0,0.0,0.0,0.0,1,285.4,289.8,7,326.0,289.0,289.0,289.0,1.0,28900.0,59
2023-05-10 10:00:08,IO2312-C-3800,IO2312-C-3800,289.0,0.0,0.0,0.0,1,285.4,289.8,6,326.0,289.0,289.0,289.0,1.0,28900.0,59
2023-05-10 10:00:09,IO2312-C-3800,IO2312-C-3800,289.0,0.0,0.0,0.0,1,285.4,290.0,6,326.0,289.0,289.0,289.0,1.0,28900.0,59
2023-05-10 10:00:12,IO2312-C-3800,IO2312-C-3800,289.0,0.0,0.0,0.0,2,285.6,290.0,6,326.0,289.0,289.0,289.0,1.0,28900.0,59
2023-05-10 10:00:12,IO2312-C-3800,IO2312-C-3800,289.0,0.0,0.0,0.0,1,288.4,290.2,18,326.0,289.0,289.0,289.0,1.0,28900.0,59
2023-05-10 10:00:13,IO2312-C-3800,IO2312-C-3800,289.0,0.0,0.0,0.0,1,288.4,290.2,12,326.0,289.0,289.0,289.0,1.0,28900.0,59
2023-05-10 10:00:13,IO2312-C-3800,IO2312-C-3800,289.0,0.0,0.0,0.0,1,288.4,290.2,6,326.0,289.0,289.0,289.0,1.0,28900.0,59
2023-05-10 10:00:14,IO2312-C-3800,IO2312-C-3800,289.0,0.0,0.0,0.0,1,288.4,290.4,18,326.0,289.0,289.0,289.0,1.0,28900.0,59
2023-05-10 10:00:14,IO2312-C-3800,IO2312-C-3800,289.0,0.0,0.0,0.0,1,288.4,290.2,6,326.0,289.0,289.0,289.0,1.0,28900.0,59
2023-05-10 10:00:15,IO2312-C-3800,IO2312-C-3800,289.0,0.0,0.0,0.0,1,288.4,290.4,6,326.0,289.0,289.0,289.0,1.0,28900.0,59
2023-05-10 10:00:17,IO2312-C-3800,IO2312-C-3800,289.0,0.0,0.0,0.0,6,285.4,290.4,6,326.0,289.0,289.0,289.0,1.0,28900.0,59
2023-05-10 10:00:18,IO2312-C-3800,IO2312-C-3800,289.0,0.0,0.0,0.0,1,286.2,290.4,6,326.0,289.0,289.0,289.0,1.0,28900.0,59
2023-05-10 10:00:19,IO2312-C-3800,IO2312-C-3800,289.0,0.0,0.0,0.0,1,286.2,290.4,7,326.0,289.0,289.0,289.0,1.0,28900.0,59
2023-05-10 10:00:19,IO2312-C-3800,IO2312-C-3800,289.0,0.0,0.0,0.0,1,286.2,290.2,6,326.0,289.0,289.0,289.0,1.0,28900.0,59
2023-05-10 10:00:24,IO2312-C-3800,IO2312-C-3800,289.0,0.0,0.0,0.0,1,286.2,290.2,7,326.0,289.0,289.0,289.0,1.0,28900.0,59
2023-05-10 10:00:26,IO2312-C-3800,IO2312-C-3800,289.0,0.0,0.0,0.0,1,286.2,290.2,6,326.0,289.0,289.0,289.0,1.0,28900.0,59
2023-05-10 10:00:54,IO2312-C-3800,IO2312-C-3800,289.0,0.0,0.0,0.0,1,286.2,290.4,6,326.0,289.0,289.0,289.0,1.0,28900.0,59
2023-05-10 10:00:54,IO2312-C-3800,IO2312-C-3800,289.0,0.0,0.0,0.0,1,286.2,290.6,18,326.0,289.0,289.0,289.0,1.0,28900.0,59
2023-05-10 10:00:55,IO2312-C-3800,IO2312-C-3800,289.0,0.0,0.0,0.0,1,286.2,290.6,6,326.0,289.0,289.0,289.0,1.0,28900.0,59
2023-05-10 10:00:55,IO2312-C-3800,IO2312-C-3800,289.0,0.0,0.0,0.0,1,286.2,290.8,24,326.0,289.0,289.0,289.0,1.0,28900.0,59
2023-05-10 10:00:56,IO2312-C-3800,IO2312-C-3800,289.0,0.0,0.0,0.0,1,286.2,290.8,12,326.0,289.0,289.0,289.0,1.0,28900.0,59
2023-05-10 10:00:56,IO2312-C-3800,IO2312-C-3800,289.0,0.0,0.0,0.0,1,286.2,291.0,36,326.0,289.0,289.0,289.0,1.0,28900.0,59
2023-05-10 10:00:57,IO2312-C-3800,IO2312-C-3800,289.0,0.0,0.0,0.0,1,286.2,291.0,24,326.0,289.0,289.0,289.0,1.0,28900.0,59
2023-05-10 10:00:58,IO2312-C-3800,IO2312-C-3800,289.0,0.0,0.0,0.0,1,286.2,290.8,6,326.0,289.0,289.0,289.0,1.0,28900.0,59
2023-05-10 10:01:01,IO2312-C-3800,IO2312-C-3800,289.0,0.0,0.0,0.0,1,286.2,290.8,12,326.0,289.0,289.0,289.0,1.0,28900.0,59
2023-05-10 10:01:01,IO2312-C-3800,IO2312-C-3800,289.0,0.0,0.0,0.0,1,286.2,290.6,6,326.0,289.0,289.0,289.0,1.0,28900.0,59
2023-05-10 10:01:09,IO2312-C-3800,IO2312-C-3800,289.0,0.0,0.0,0.0,1,286.2,290.8,6,326.0,289.0,289.0,289.0,1.0,28900.0,59
2023-05-10 10:01:11,IO2312-C-3800,IO2312-C-3800,289.0,0.0,0.0,0.0,1,286.2,290.8,7,326.0,289.0,289.0,289.0,1.0,28900.0,59
2023-05-10 10:01:11,IO2312-C-3800,IO2312-C-3800,289.0,0.0,0.0,0.0,1,286.2,290.6,6,326.0,289.0,289.0,289.0,1.0,28900.0,59
2023-05-10 10:01:21,IO2312-C-3800,IO2312-C-3800,289.0,0.0,0.0,0.0,1,286.2,290.6,7,326.0,289.0,289.0,289.0,1.0,28900.0,59
2023-05-10 10:01:21,IO2312-C-3800,IO2312-C-3800,289.0,0.0,0.0,0.0,1,286.2,290.4,6,326.0,289.0,289.0,289.0,1.0,28900.0,59
2023-05-10 10:01:36,IO2312-C-3800,IO2312-C-3800,289.0,0.0,0.0,0.0,1,286.2,290.4,7,326.0,289.0,289.0,289.0,1.0,28900.0,59
2023-05-10 10:01:40,IO2312-C-3800,IO2312-C-3800,289.0,0.0,0.0,0.0,1,286.2,290.2,6,326.0,289.0,289.0,289.0,1.0,28900.0,59
2023-05-10 10:01:42,IO2312-C-3800,IO2312-C-3800,289.0,0.0,0.0,0.0,1,286.2,290.2,7,326.0,289.0,289.0,289.0,1.0,28900.0,59
2023-05-10 10:01:43,IO2312-C-3800,IO2312-C-3800,289.0,0.0,0.0,0.0,1,286.2,290.0,6,326.0,289.0,289.0,289.0,1.0,28900.0,59
2023-05-10 10:01:44,IO2312-C-3800,IO2312-C-3800,289.0,0.0,0.0,0.0,1,286.2,290.2,6,326.0,289.0,289.0,289.0,1.0,28900.0,59
2023-05-10 10:03:01,IO2312-C-3800,IO2312-C-3800,289.0,0.0,0.0,0.0,1,285.2,290.0,6,326.0,289.0,289.0,289.0,1.0,28900.0,59
2023-05-10 10:03:02,IO2312-C-3800,IO2312-C-3800,289.0,0.0,0.0,0.0,1,285.2,289.8,6,326.0,289.0,289.0,289.0,1.0,28900.0,59
2023-05-10 10:03:02,IO2312-C-3800,IO2312-C-3800,289.0,0.0,0.0,0.0,1,285.2,289.8,7,326.0,289.0,289.0,289.0,1.0,28900.0,59
2023-05-10 10:03:03,IO2312-C-3800,IO2312-C-3800,289.0,0.0,0.0,0.0,1,285.2,289.6,6,326.0,289.0,289.0,289.0,1.0,28900.0,59
2023-05-10 10:03:07,IO2312-C-3800,IO2312-C-3800,289.0,0.0,0.0,0.0,1,285.2,289.6,7,326.0,289.0,289.0,289.0,1.0,28900.0,59
2023-05-10 10:03:08,IO2312-C-3800,IO2312-C-3800,289.0,0.0,0.0,0.0,1,285.2,289.6,6,326.0,289.0,289.0,289.0,1.0,28900.0,59
2023-05-10 10:03:08,IO2312-C-3800,IO2312-C-3800,289.0,0.0,0.0,0.0,1,285.2,289.8,6,326.0,289.0,289.0,289.0,1.0,28900.0,59
2023-05-10 10:03:11,IO2312-C-3800,IO2312-C-3800,289.0,0.0,0.0,0.0,7,285.2,289.8,6,326.0,289.0,289.0,289.0,1.0,28900.0,59
2023-05-10 10:03:11,IO2312-C-3800,IO2312-C-3800,289.0,0.0,0.0,0.0,1,287.0,289.8,6,326.0,289.0,289.0,289.0,1.0,28900.0,59
2023-05-10 10:03:12,IO2312-C-3800,IO2312-C-3800,289.0,0.0,0.0,0.0,1,287.0,290.0,12,326.0,289.0,289.0,289.0,1.0,28900.0,59
2023-05-10 10:03:12,IO2312-C-3800,IO2312-C-3800,289.0,0.0,0.0,0.0,1,287.0,290.0,6,326.0,289.0,289.0,289.0,1.0,28900.0,59
2023-05-10 10:03:13,IO2312-C-3800,IO2312-C-3800,289.0,0.0,0.0,0.0,1,287.0,290.2,6,326.0,289.0,289.0,289.0,1.0,28900.0,59
2023-05-10 10:03:22,IO2312-C-3800,IO2312-C-3800,289.0,0.0,0.0,0.0,1,287.0,290.4,24,326.0,289.0,289.0,289.0,1.0,28900.0,59
2023-05-10 10:03:23,IO2312-C-3800,IO2312-C-3800,289.0,0.0,0.0,0.0,1,287.0,290.4,12,326.0,289.0,289.0,289.0,1.0,28900.0,59
2023-05-10 10:03:23,IO2312-C-3800,IO2312-C-3800,289.0,0.0,0.0,0.0,1,287.0,290.4,6,326.0,289.0,289.0,289.0,1.0,28900.0,59
2023-05-10 10:03:59,IO2312-C-3800,IO2312-C-3800,289.0,0.0,0.0,0.0,1,286.0,290.4,6,326.0,289.0,289.0,289.0,1.0,28900.0,59
2023-05-10 10:04:01,IO2312-C-3800,IO2312-C-3800,289.0,0.0,0.0,0.0,1,286.0,290.2,6,326.0,289.0,289.0,289.0,1.0,28900.0,59
2023-05-10 10:04:01,IO2312-C-3800,IO2312-C-3800,289.0,0.0,0.0,0.0,1,286.0,290.0,6,326.0,289.0,289.0,289.0,1.0,28900.0,59
2023-05-10 10:04:04,IO2312-C-3800,IO2312-C-3800,289.0,0.0,0.0,0.0,1,286.0,290.2,6,326.0,289.0,289.0,289.0,1.0,28900.0,59
2023-05-10 10:04:13,IO2312-C-3800,IO2312-C-3800,289.0,0.0,0.0,0.0,1,286.0,290.4,6,326.0,289.0,289.0,289.0,1.0,28900.0,59
2023-05-10 10:04:24,IO2312-C-3800,IO2312-C-3800,289.0,0.0,0.0,0.0,1,286.0,290.4,7,326.0,289.0,289.0,289.0,1.0,28900.0,59
2023-05-10 10:04:25,IO2312-C-3800,IO2312-C-3800,289.0,0.0,0.0,0.0,1,286.0,290.2,6,326.0,289.0,289.0,289.0,1.0,28900.0,59
2023-05-10 10:04:35,IO2312-C-3800,IO2312-C-3800,289.0,0.0,0.0,0.0,1,286.0,290.0,6,326.0,289.0,289.0,289.0,1.0,28900.0,59
2023-05-10 10:04:35,IO2312-C-3800,IO2312-C-3800,289.0,0.0,0.0,0.0,1,286.0,289.8,6,326.0,289.0,289.0,289.0,1.0,28900.0,59
2023-05-10 10:04:41,IO2312-C-3800,IO2312-C-3800,289.0,0.0,0.0,0.0,14,285.0,289.8,6,326.0,289.0,289.0,289.0,1.0,28900.0,59
2023-05-10 10:04:42,IO2312-C-3800,IO2312-C-3800,289.0,0.0,0.0,0.0,13,285.0,289.8,6,326.0,289.0,289.0,289.0,1.0,28900.0,59
2023-05-10 10:04:51,IO2312-C-3800,IO2312-C-3800,289.0,0.0,0.0,0.0,13,285.0,289.8,7,326.0,289.0,289.0,289.0,1.0,28900.0,59
2023-05-10 10:04:51,IO2312-C-3800,IO2312-C-3800,289.0,0.0,0.0,0.0,13,285.0,289.6,6,326.0,289.0,289.0,289.0,1.0,28900.0,59
2023-05-10 10:05:11,IO2312-C-3800,IO2312-C-3800,289.0,0.0,0.0,0.0,13,285.0,289.6,7,326.0,289.0,289.0,289.0,1.0,28900.0,59
2023-05-10 10:05:11,IO2312-C-3800,IO2312-C-3800,289.0,0.0,0.0,0.0,13,285.0,289.4,6,326.0,289.0,289.0,289.0,1.0,28900.0,59
2023-05-10 10:05:16,IO2312-C-3800,IO2312-C-3800,289.0,0.0,0.0,0.0,13,285.0,289.4,7,326.0,289.0,289.0,289.0,1.0,28900.0,59
2023-05-10 10:05:16,IO2312-C-3800,IO2312-C-3800,289.0,0.0,0.0,0.0,13,285.0,289.2,6,326.0,289.0,289.0,289.0,1.0,28900.0,59
2023-05-10 10:05:20,IO2312-C-3800,IO2312-C-3800,289.0,0.0,0.0,0.0,1,285.8,289.2,6,326.0,289.0,289.0,289.0,1.0,28900.0,59
2023-05-10 10:05:26,IO2312-C-3800,IO2312-C-3800,289.0,0.0,0.0,0.0,1,285.8,289.2,7,326.0,289.0,289.0,289.0,1.0,28900.0,59
2023-05-10 10:05:26,IO2312-C-3800,IO2312-C-3800,289.0,0.0,0.0,0.0,1,285.8,289.0,6,326.0,289.0,289.0,289.0,1.0,28900.0,59
2023-05-10 10:05:28,IO2312-C-3800,IO2312-C-3800,289.0,0.0,0.0,0.0,1,285.8,289.2,6,326.0,289.0,289.0,289.0,1.0,28900.0,59
2023-05-10 10:05:28,IO2312-C-3800,IO2312-C-3800,289.0,0.0,0.0,0.0,1,285.8,289.4,30,326.0,289.0,289.0,289.0,1.0,28900.0,59
2023-05-10 10:05:29,IO2312-C-3800,IO2312-C-3800,289.0,0.0,0.0,0.0,1,285.8,289.4,12,326.0,289.0,289.0,289.0,1.0,28900.0,59
2023-05-10 10:05:29,IO2312-C-3800,IO2312-C-3800,289.0,0.0,0.0,0.0,1,285.8,289.6,19,326.0,289.0,289.0,289.0,1.0,28900.0,59
2023-05-10 10:05:30,IO2312-C-3800,IO2312-C-3800,289.0,0.0,0.0,0.0,1,285.8,289.6,7,326.0,289.0,289.0,289.0,1.0,28900.0,59
2023-05-10 10:05:30,IO2312-C-3800,IO2312-C-3800,289.0,0.0,0.0,0.0,1,285.8,289.6,1,326.0,289.0,289.0,289.0,1.0,28900.0,59
2023-05-10 10:05:32,IO2312-C-3800,IO2312-C-3800,289.0,0.0,0.0,0.0,1,285.8,289.8,30,326.0,289.0,289.0,289.0,1.0,28900.0,59
2023-05-10 10:05:32,IO2312-C-3800,IO2312-C-3800,289.0,0.0,0.0,0.0,1,285.8,289.8,12,326.0,289.0,289.0,289.0,1.0,28900.0,59
2023-05-10 10:05:33,IO2312-C-3800,IO2312-C-3800,289.0,0.0,0.0,0.0,1,285.8,289.8,6,326.0,289.0,289.0,289.0,1.0,28900.0,59
2023-05-10 10:05:33,IO2312-C-3800,IO2312-C-3800,289.0,0.0,0.0,0.0,1,285.8,290.0,19,326.0,289.0,289.0,289.0,1.0,28900.0,59
2023-05-10 10:05:34,IO2312-C-3800,IO2312-C-3800,289.0,0.0,0.0,0.0,1,285.8,290.0,13,326.0,289.0,289.0,289.0,1.0,28900.0,59
2023-05-10 10:05:42,IO2312-C-3800,IO2312-C-3800,289.0,0.0,0.0,0.0,1,285.8,289.8,6,326.0,289.0,289.0,289.0,1.0,28900.0,59
2023-05-10 10:05:48,IO2312-C-3800,IO2312-C-3800,289.0,0.0,0.0,0.0,1,285.8,289.8,7,326.0,289.0,289.0,289.0,1.0,28900.0,59
2023-05-10 10:05:58,IO2312-C-3800,IO2312-C-3800,289.0,0.0,0.0,0.0,1,285.8,289.6,1,326.0,289.0,289.0,289.0,1.0,28900.0,59
2023-05-10 10:05:58,IO2312-C-3800,IO2312-C-3800,289.0,0.0,0.0,0.0,1,285.8,289.6,7,326.0,289.0,289.0,289.0,1.0,28900.0,59
2023-05-10 10:06:13,IO2312-C-3800,IO2312-C-3800,289.0,0.0,0.0,0.0,1,285.8,289.6,1,326.0,289.0,289.0,289.0,1.0,28900.0,59
2023-05-10 10:06:15,IO2312-C-3800,IO2312-C-3800,289.0,0.0,0.0,0.0,1,285.8,289.8,12,326.0,289.0,289.0,289.0,1.0,28900.0,59
2023-05-10 10:06:15,IO2312-C-3800,IO2312-C-3800,289.0,0.0,0.0,0.0,1,285.8,289.8,6,326.0,289.0,289.0,289.0,1.0,28900.0,59
2023-05-10 10:06:16,IO2312-C-3800,IO2312-C-3800,289.0,0.0,0.0,0.0,1,285.8,290.0,18,326.0,289.0,289.0,289.0,1.0,28900.0,59
2023-05-10 10:06:16,IO2312-C-3800,IO2312-C-3800,289.0,0.0,0.0,0.0,1,285.8,290.0,12,326.0,289.0,289.0,289.0,1.0,28900.0,59
2023-05-10 10:06:17,IO2312-C-3800,IO2312-C-3800,289.0,0.0,0.0,0.0,1,285.8,290.0,6,326.0,289.0,289.0,289.0,1.0,28900.0,59
2023-05-10 10:06:54,IO2312-C-3800,IO2312-C-3800,289.0,0.0,0.0,0.0,1,285.8,290.2,24,326.0,289.0,289.0,289.0,1.0,28900.0,59
2023-05-10 10:06:55,IO2312-C-3800,IO2312-C-3800,289.0,0.0,0.0,0.0,1,285.8,290.2,6,326.0,289.0,289.0,289.0,1.0,28900.0,59
2023-05-10 10:06:55,IO2312-C-3800,IO2312-C-3800,289.0,0.0,0.0,0.0,1,285.8,290.4,12,326.0,289.0,289.0,289.0,1.0,28900.0,59
2023-05-10 10:06:56,IO2312-C-3800,IO2312-C-3800,289.0,0.0,0.0,0.0,1,285.8,290.6,42,326.0,289.0,289.0,289.0,1.0,28900.0,59
2023-05-10 10:06:56,IO2312-C-3800,IO2312-C-3800,289.0,0.0,0.0,0.0,1,285.8,290.6,24,326.0,289.0,289.0,289.0,1.0,28900.0,59
2023-05-10 10:06:59,IO2312-C-3800,IO2312-C-3800,289.0,0.0,0.0,0.0,1,285.8,290.6,25,326.0,289.0,289.0,289.0,1.0,28900.0,59
2023-05-10 10:07:01,IO2312-C-3800,IO2312-C-3800,289.0,0.0,0.0,0.0,1,285.8,290.6,18,326.0,289.0,289.0,289.0,1.0,28900.0,59
2023-05-10 10:07:01,IO2312-C-3800,IO2312-C-3800,289.0,0.0,0.0,0.0,1,285.8,290.6,12,326.0,289.0,289.0,289.0,1.0,28900.0,59
2023-05-10 10:07:02,IO2312-C-3800,IO2312-C-3800,289.0,0.0,0.0,0.0,1,285.8,290.6,6,326.0,289.0,289.0,289.0,1.0,28900.0,59
2023-05-10 10:07:02,IO2312-C-3800,IO2312-C-3800,289.0,0.0,0.0,0.0,1,285.8,290.8,7,326.0,289.0,289.0,289.0,1.0,28900.0,59
2023-05-10 10:07:03,IO2312-C-3800,IO2312-C-3800,289.0,0.0,0.0,0.0,1,285.8,290.6,6,326.0,289.0,289.0,289.0,1.0,28900.0,59
2023-05-10 10:07:07,IO2312-C-3800,IO2312-C-3800,289.0,0.0,0.0,0.0,1,285.8,290.6,7,326.0,289.0,289.0,289.0,1.0,28900.0,59
2023-05-10 10:07:15,IO2312-C-3800,IO2312-C-3800,289.0,0.0,0.0,0.0,1,285.8,290.4,6,326.0,289.0,289.0,289.0,1.0,28900.0,59
2023-05-10 10:07:17,IO2312-C-3800,IO2312-C-3800,289.0,0.0,0.0,0.0,1,285.8,290.4,7,326.0,289.0,289.0,289.0,1.0,28900.0,59
2023-05-10 10:07:18,IO2312-C-3800,IO2312-C-3800,289.0,0.0,0.0,0.0,1,285.8,290.2,6,326.0,289.0,289.0,289.0,1.0,28900.0,59
2023-05-10 10:07:32,IO2312-C-3800,IO2312-C-3800,289.0,0.0,0.0,0.0,1,285.8,290.2,7,326.0,289.0,289.0,289.0,1.0,28900.0,59
2023-05-10 10:07:33,IO2312-C-3800,IO2312-C-3800,289.0,0.0,0.0,0.0,1,285.8,290.0,6,326.0,289.0,289.0,289.0,1.0,28900.0,59
2023-05-10 10:07:35,IO2312-C-3800,IO2312-C-3800,289.0,0.0,0.0,0.0,6,285.2,290.0,6,326.0,289.0,289.0,289.0,1.0,28900.0,59
2023-05-10 10:07:35,IO2312-C-3800,IO2312-C-3800,289.0,0.0,0.0,0.0,18,285.0,290.0,7,326.0,289.0,289.0,289.0,1.0,28900.0,59
2023-05-10 10:07:36,IO2312-C-3800,IO2312-C-3800,289.0,0.0,0.0,0.0,12,285.0,289.8,6,326.0,289.0,289.0,289.0,1.0,28900.0,59
2023-05-10 10:07:36,IO2312-C-3800,IO2312-C-3800,289.0,0.0,0.0,0.0,6,285.0,289.8,6,326.0,289.0,289.0,289.0,1.0,28900.0,59
2023-05-10 10:07:37,IO2312-C-3800,IO2312-C-3800,289.0,0.0,0.0,0.0,1,285.6,289.8,6,326.0,289.0,289.0,289.0,1.0,28900.0,59
2023-05-10 10:07:41,IO2312-C-3800,IO2312-C-3800,289.0,0.0,0.0,0.0,1,285.6,289.6,6,326.0,289.0,289.0,289.0,1.0,28900.0,59
2023-05-10 10:07:41,IO2312-C-3800,IO2312-C-3800,289.0,0.0,0.0,0.0,1,285.6,289.6,13,326.0,289.0,289.0,289.0,1.0,28900.0,59
2023-05-10 10:07:42,IO2312-C-3800,IO2312-C-3800,289.0,0.0,0.0,0.0,1,285.6,289.6,19,326.0,289.0,289.0,289.0,1.0,28900.0,59
2023-05-10 10:07:51,IO2312-C-3800,IO2312-C-3800,289.0,0.0,0.0,0.0,1,285.6,289.4,1,326.0,289.0,289.0,289.0,1.0,28900.0,59
2023-05-10 10:07:53,IO2312-C-3800,IO2312-C-3800,289.0,0.0,0.0,0.0,6,285.0,289.4,1,326.0,289.0,289.0,289.0,1.0,28900.0,59
2023-05-10 10:07:54,IO2312-C-3800,IO2312-C-3800,289.0,0.0,0.0,0.0,6,285.0,289.4,7,326.0,289.0,289.0,289.0,1.0,28900.0,59
2023-05-10 10:07:55,IO2312-C-3800,IO2312-C-3800,289.0,0.0,0.0,0.0,6,285.0,289.2,6,326.0,289.0,289.0,289.0,1.0,28900.0,59
2023-05-10 10:07:56,IO2312-C-3800,IO2312-C-3800,289.0,0.0,0.0,0.0,6,285.0,289.2,7,326.0,289.0,289.0,289.0,1.0,28900.0,59
2023-05-10 10:07:57,IO2312-C-3800,IO2312-C-3800,289.0,0.0,0.0,0.0,6,285.0,289.0,6,326.0,289.0,289.0,289.0,1.0,28900.0,59
2023-05-10 10:07:58,IO2312-C-3800,IO2312-C-3800,289.0,0.0,0.0,0.0,19,284.6,289.0,6,326.0,289.0,289.0,289.0,1.0,28900.0,59
2023-05-10 10:07:59,IO2312-C-3800,IO2312-C-3800,289.0,0.0,0.0,0.0,7,284.6,289.0,6,326.0,289.0,289.0,289.0,1.0,28900.0,59
2023-05-10 10:07:59,IO2312-C-3800,IO2312-C-3800,289.0,0.0,0.0,0.0,1,284.6,289.0,6,326.0,289.0,289.0,289.0,1.0,28900.0,59
2023-05-10 10:08:04,IO2312-C-3800,IO2312-C-3800,289.0,0.0,0.0,0.0,1,284.6,288.8,6,326.0,289.0,289.0,289.0,1.0,28900.0,59
2023-05-10 10:08:04,IO2312-C-3800,IO2312-C-3800,289.0,0.0,0.0,0.0,1,284.6,288.8,12,326.0,289.0,289.0,289.0,1.0,28900.0,59
2023-05-10 10:08:05,IO2312-C-3800,IO2312-C-3800,289.0,0.0,0.0,0.0,1,284.6,288.6,6,326.0,289.0,289.0,289.0,1.0,28900.0,59
2023-05-10 10:08:06,IO2312-C-3800,IO2312-C-3800,289.0,0.0,0.0,0.0,1,284.6,288.6,7,326.0,289.0,289.0,289.0,1.0,28900.0,59
2023-05-10 10:08:07,IO2312-C-3800,IO2312-C-3800,289.0,0.0,0.0,0.0,1,284.6,288.4,6,326.0,289.0,289.0,289.0,1.0,28900.0,59
2023-05-10 10:08:20,IO2312-C-3800,IO2312-C-3800,289.0,0.0,0.0,0.0,12,283.6,288.4,6,326.0,289.0,289.0,289.0,1.0,28900.0,59
2023-05-10 10:08:21,IO2312-C-3800,IO2312-C-3800,289.0,0.0,0.0,0.0,1,283.6,288.4,6,326.0,289.0,289.0,289.0,1.0,28900.0,59
2023-05-10 10:08:21,IO2312-C-3800,IO2312-C-3800,289.0,0.0,0.0,0.0,1,283.6,288.4,7,326.0,289.0,289.0,289.0,1.0,28900.0,59
2023-05-10 10:08:22,IO2312-C-3800,IO2312-C-3800,289.0,0.0,0.0,0.0,1,283.6,288.2,6,326.0,289.0,289.0,289.0,1.0,28900.0,59
2023-05-10 10:08:41,IO2312-C-3800,IO2312-C-3800,289.0,0.0,0.0,0.0,1,283.6,288.2,7,326.0,289.0,289.0,289.0,1.0,28900.0,59
2023-05-10 10:08:42,IO2312-C-3800,IO2312-C-3800,289.0,0.0,0.0,0.0,1,283.6,288.0,6,326.0,289.0,289.0,289.0,1.0,28900.0,59
2023-05-10 10:08:46,IO2312-C-3800,IO2312-C-3800,289.0,0.0,0.0,0.0,1,283.6,288.0,1,326.0,289.0,289.0,289.0,1.0,28900.0,59
2023-05-10 10:08:47,IO2312-C-3800,IO2312-C-3800,289.0,0.0,0.0,0.0,1,283.6,288.0,7,326.0,289.0,289.0,289.0,1.0,28900.0,59
2023-05-10 10:08:56,IO2312-C-3800,IO2312-C-3800,289.0,0.0,0.0,0.0,1,283.6,287.8,7,326.0,289.0,289.0,289.0,1.0,28900.0,59
2023-05-10 10:08:57,IO2312-C-3800,IO2312-C-3800,289.0,0.0,0.0,0.0,1,283.6,287.6,6,326.0,289.0,289.0,289.0,1.0,28900.0,59
2023-05-10 10:08:57,IO2312-C-3800,IO2312-C-3800,289.0,0.0,0.0,0.0,1,283.6,287.8,7,326.0,289.0,289.0,289.0,1.0,28900.0,59
2023-05-10 10:09:06,IO2312-C-3800,IO2312-C-3800,289.0,0.0,0.0,0.0,1,283.6,287.6,1,326.0,289.0,289.0,289.0,1.0,28900.0,59
2023-05-10 10:09:07,IO2312-C-3800,IO2312-C-3800,289.0,0.0,0.0,0.0,1,283.6,287.6,7,326.0,289.0,289.0,289.0,1.0,28900.0,59
2023-05-10 10:09:16,IO2312-C-3800,IO2312-C-3800,289.0,0.0,0.0,0.0,1,283.6,287.4,1,326.0,289.0,289.0,289.0,1.0,28900.0,59
2023-05-10 10:09:21,IO2312-C-3800,IO2312-C-3800,289.0,0.0,0.0,0.0,1,283.6,287.4,7,326.0,289.0,289.0,289.0,1.0,28900.0,59
2023-05-10 10:09:26,IO2312-C-3800,IO2312-C-3800,289.0,0.0,0.0,0.0,1,283.6,287.2,1,326.0,289.0,289.0,289.0,1.0,28900.0,59
2023-05-10 10:09:36,IO2312-C-3800,IO2312-C-3800,289.0,0.0,0.0,0.0,1,283.6,287.0,1,326.0,289.0,289.0,289.0,1.0,28900.0,59
2023-05-10 10:09:46,IO2312-C-3800,IO2312-C-3800,289.0,0.0,0.0,0.0,1,283.6,286.8,1,326.0,289.0,289.0,289.0,1.0,28900.0,59
2023-05-10 10:09:55,IO2312-C-3800,IO2312-C-3800,289.0,0.0,0.0,0.0,12,283.0,286.8,7,326.0,289.0,289.0,289.0,1.0,28900.0,59
2023-05-10 10:09:56,IO2312-C-3800,IO2312-C-3800,289.0,0.0,0.0,0.0,6,283.0,286.8,7,326.0,289.0,289.0,289.0,1.0,28900.0,59
2023-05-10 10:09:56,IO2312-C-3800,IO2312-C-3800,289.0,0.0,0.0,0.0,6,283.0,286.6,1,326.0,289.0,289.0,289.0,1.0,28900.0,59
2023-05-10 10:09:59,IO2312-C-3800,IO2312-C-3800,289.0,0.0,0.0,0.0,18,282.8,286.6,1,326.0,289.0,289.0,289.0,1.0,28900.0,59
2023-05-10 10:10:00,IO2312-C-3800,IO2312-C-3800,289.0,0.0,0.0,0.0,6,282.8,286.6,1,326.0,289.0,289.0,289.0,1.0,28900.0,59
2023-05-10 10:10:00,IO2312-C-3800,IO2312-C-3800,289.0,0.0,0.0,0.0,13,282.4,286.6,7,326.0,289.0,289.0,289.0,1.0,28900.0,59
