time,symbol_id,symbol_name,last,trade_volume,trade_amount,open_interest_change,bv1,bp1,ap1,av1,yesterday_close,today_open,today_high,today_low,volume,amount,open_interest
2023-05-10 09:29:00,IO2312-C-3600,IO2312-C-3600,477.4,0.0,0.0,0.0,1,393.2,478.2,1,477.4,428.4,0.0,0.0,0.0,0.0,62
2023-05-10 09:30:00,IO2312-C-3600,IO2312-C-3600,477.4,0.0,0.0,0.0,1,394.0,478.2,1,477.4,428.4,0.0,0.0,0.0,0.0,62
2023-05-10 09:30:01,IO2312-C-3600,IO2312-C-3600,477.4,0.0,0.0,0.0,1,402.4,477.4,1,477.4,428.4,0.0,0.0,0.0,0.0,62
2023-05-10 09:30:01,IO2312-C-3600,IO2312-C-3600,477.4,0.0,0.0,0.0,6,402.6,477.4,1,477.4,428.4,0.0,0.0,0.0,0.0,62
2023-05-10 09:30:03,IO2312-C-3600,IO2312-C-3600,477.4,0.0,0.0,0.0,6,402.6,475.6,1,477.4,428.4,0.0,0.0,0.0,0.0,62
2023-05-10 09:30:03,IO2312-C-3600,IO2312-C-3600,477.4,0.0,0.0,0.0,6,400.8,475.6,1,477.4,428.4,0.0,0.0,0.0,0.0,62
2023-05-10 09:30:06,IO2312-C-3600,IO2312-C-3600,477.4,0.0,0.0,0.0,1,402.2,477.2,1,477.4,428.4,0.0,0.0,0.0,0.0,62
2023-05-10 09:30:07,IO2312-C-3600,IO2312-C-3600,477.4,0.0,0.0,0.0,6,402.4,477.2,1,477.4,428.4,0.0,0.0,0.0,0.0,62
2023-05-10 09:30:22,IO2312-C-3600,IO2312-C-3600,477.4,0.0,0.0,0.0,6,432.4,444.8,6,477.4,428.4,0.0,0.0,0.0,0.0,62
2023-05-10 09:30:22,IO2312-C-3600,IO2312-C-3600,477.4,0.0,0.0,0.0,6,429.2,451.8,6,477.4,428.4,0.0,0.0,0.0,0.0,62
2023-05-10 09:30:23,IO2312-C-3600,IO2312-C-3600,477.4,0.0,0.0,0.0,6,402.4,477.2,1,477.4,428.4,0.0,0.0,0.0,0.0,62
2023-05-10 09:30:24,IO2312-C-3600,IO2312-C-3600,477.4,0.0,0.0,0.0,1,402.2,477.2,1,477.4,428.4,0.0,0.0,0.0,0.0,62
2023-05-10 09:30:24,IO2312-C-3600,IO2312-C-3600,477.4,0.0,0.0,0.0,1,402.2,477.0,6,477.4,428.4,0.0,0.0,0.0,0.0,62
2023-05-10 09:30:25,IO2312-C-3600,IO2312-C-3600,477.4,0.0,0.0,0.0,6,433.8,446.2,6,477.4,428.4,0.0,0.0,0.0,0.0,62
2023-05-10 09:30:26,IO2312-C-3600,IO2312-C-3600,477.4,0.0,0.0,0.0,12,433.8,446.2,6,477.4,428.4,0.0,0.0,0.0,0.0,62
2023-05-10 09:30:26,IO2312-C-3600,IO2312-C-3600,477.4,0.0,0.0,0.0,6,433.8,446.8,6,477.4,428.4,0.0,0.0,0.0,0.0,62
2023-05-10 09:30:27,IO2312-C-3600,IO2312-C-3600,477.4,0.0,0.0,0.0,6,430.6,453.2,6,477.4,428.4,0.0,0.0,0.0,0.0,62
2023-05-10 09:30:27,IO2312-C-3600,IO2312-C-3600,477.4,0.0,0.0,0.0,6,429.4,454.0,6,477.4,428.4,0.0,0.0,0.0,0.0,62
2023-05-10 09:30:28,IO2312-C-3600,IO2312-C-3600,477.4,0.0,0.0,0.0,6,429.2,454.0,6,477.4,428.4,0.0,0.0,0.0,0.0,62
2023-05-10 09:30:30,IO2312-C-3600,IO2312-C-3600,477.4,0.0,0.0,0.0,3,429.6,453.6,3,477.4,428.4,0.0,0.0,0.0,0.0,62
2023-05-10 09:30:31,IO2312-C-3600,IO2312-C-3600,477.4,0.0,0.0,0.0,3,429.6,453.4,6,477.4,428.4,0.0,0.0,0.0,0.0,62
2023-05-10 09:30:33,IO2312-C-3600,IO2312-C-3600,477.4,0.0,0.0,0.0,3,429.6,453.4,12,477.4,428.4,0.0,0.0,0.0,0.0,62
2023-05-10 09:30:33,IO2312-C-3600,IO2312-C-3600,477.4,0.0,0.0,0.0,6,429.4,453.2,6,477.4,428.4,0.0,0.0,0.0,0.0,62
2023-05-10 09:30:34,IO2312-C-3600,IO2312-C-3600,477.4,0.0,0.0,0.0,6,432.0,444.4,6,477.4,428.4,0.0,0.0,0.0,0.0,62
2023-05-10 09:30:39,IO2312-C-3600,IO2312-C-3600,477.4,0.0,0.0,0.0,6,432.2,444.4,6,477.4,428.4,0.0,0.0,0.0,0.0,62
2023-05-10 09:30:39,IO2312-C-3600,IO2312-C-3600,477.4,0.0,0.0,0.0,12,432.2,444.4,6,477.4,428.4,0.0,0.0,0.0,0.0,62
2023-05-10 09:30:51,IO2312-C-3600,IO2312-C-3600,477.4,0.0,0.0,0.0,12,432.2,442.6,6,477.4,428.4,0.0,0.0,0.0,0.0,62
2023-05-10 09:30:56,IO2312-C-3600,IO2312-C-3600,477.4,0.0,0.0,0.0,6,432.2,442.6,6,477.4,428.4,0.0,0.0,0.0,0.0,62
2023-05-10 09:31:01,IO2312-C-3600,IO2312-C-3600,477.4,0.0,0.0,0.0,6,432.2,441.0,6,477.4,428.4,0.0,0.0,0.0,0.0,62
2023-05-10 09:31:01,IO2312-C-3600,IO2312-C-3600,477.4,0.0,0.0,0.0,6,432.2,441.0,12,477.4,428.4,0.0,0.0,0.0,0.0,62
2023-05-10 09:31:02,IO2312-C-3600,IO2312-C-3600,477.4,0.0,0.0,0.0,6,431.2,441.0,12,477.4,428.4,0.0,0.0,0.0,0.0,62
2023-05-10 09:31:03,IO2312-C-3600,IO2312-C-3600,477.4,0.0,0.0,0.0,30,429.2,441.0,12,477.4,428.4,0.0,0.0,0.0,0.0,62
2023-05-10 09:31:03,IO2312-C-3600,IO2312-C-3600,477.4,0.0,0.0,0.0,24,429.2,441.0,12,477.4,428.4,0.0,0.0,0.0,0.0,62
2023-05-10 09:31:05,IO2312-C-3600,IO2312-C-3600,477.4,0.0,0.0,0.0,24,429.2,438.6,6,477.4,428.4,0.0,0.0,0.0,0.0,62
2023-05-10 09:31:05,IO2312-C-3600,IO2312-C-3600,477.4,0.0,0.0,0.0,18,429.2,438.6,6,477.4,428.4,0.0,0.0,0.0,0.0,62
2023-05-10 09:31:06,IO2312-C-3600,IO2312-C-3600,477.4,0.0,0.0,0.0,12,429.2,438.6,6,477.4,428.4,0.0,0.0,0.0,0.0,62
2023-05-10 09:31:06,IO2312-C-3600,IO2312-C-3600,477.4,0.0,0.0,0.0,6,429.2,438.6,6,477.4,428.4,0.0,0.0,0.0,0.0,62
2023-05-10 09:31:16,IO2312-C-3600,IO2312-C-3600,477.4,0.0,0.0,0.0,6,429.2,438.8,6,477.4,428.4,0.0,0.0,0.0,0.0,62
2023-05-10 09:31:23,IO2312-C-3600,IO2312-C-3600,477.4,0.0,0.0,0.0,6,429.2,439.6,12,477.4,428.4,0.0,0.0,0.0,0.0,62
2023-05-10 09:31:23,IO2312-C-3600,IO2312-C-3600,477.4,0.0,0.0,0.0,6,429.2,439.6,6,477.4,428.4,0.0,0.0,0.0,0.0,62
2023-05-10 09:31:24,IO2312-C-3600,IO2312-C-3600,477.4,0.0,0.0,0.0,12,427.0,439.6,6,477.4,428.4,0.0,0.0,0.0,0.0,62
2023-05-10 09:31:24,IO2312-C-3600,IO2312-C-3600,477.4,0.0,0.0,0.0,18,426.2,439.6,6,477.4,428.4,0.0,0.0,0.0,0.0,62
2023-05-10 09:31:25,IO2312-C-3600,IO2312-C-3600,477.4,0.0,0.0,0.0,12,426.2,439.6,6,477.4,428.4,0.0,0.0,0.0,0.0,62
2023-05-10 09:31:25,IO2312-C-3600,IO2312-C-3600,477.4,0.0,0.0,0.0,6,426.2,439.6,6,477.4,428.4,0.0,0.0,0.0,0.0,62
2023-05-10 09:31:30,IO2312-C-3600,IO2312-C-3600,477.4,0.0,0.0,0.0,6,426.2,436.2,6,477.4,428.4,0.0,0.0,0.0,0.0,62
2023-05-10 09:31:43,IO2312-C-3600,IO2312-C-3600,477.4,0.0,0.0,0.0,6,426.2,438.0,6,477.4,428.4,0.0,0.0,0.0,0.0,62
2023-05-10 09:31:48,IO2312-C-3600,IO2312-C-3600,477.4,0.0,0.0,0.0,9,426.2,438.0,9,477.4,428.4,0.0,0.0,0.0,0.0,62
2023-05-10 09:31:51,IO2312-C-3600,IO2312-C-3600,477.4,0.0,0.0,0.0,6,427.4,438.0,3,477.4,428.4,0.0,0.0,0.0,0.0,62
2023-05-10 09:31:52,IO2312-C-3600,IO2312-C-3600,477.4,0.0,0.0,0.0,9,427.4,439.4,6,477.4,428.4,0.0,0.0,0.0,0.0,62
2023-05-10 09:31:52,IO2312-C-3600,IO2312-C-3600,477.4,0.0,0.0,0.0,9,427.4,439.6,6,477.4,428.4,0.0,0.0,0.0,0.0,62
2023-05-10 09:31:53,IO2312-C-3600,IO2312-C-3600,477.4,0.0,0.0,0.0,9,427.4,439.6,9,477.4,428.4,0.0,0.0,0.0,0.0,62
2023-05-10 09:32:19,IO2312-C-3600,IO2312-C-3600,477.4,0.0,0.0,0.0,6,429.2,439.6,6,477.4,428.4,0.0,0.0,0.0,0.0,62
2023-05-10 09:32:19,IO2312-C-3600,IO2312-C-3600,477.4,0.0,0.0,0.0,15,429.2,439.6,6,477.4,428.4,0.0,0.0,0.0,0.0,62
2023-05-10 09:32:20,IO2312-C-3600,IO2312-C-3600,477.4,0.0,0.0,0.0,21,429.2,439.6,6,477.4,428.4,0.0,0.0,0.0,0.0,62
2023-05-10 09:32:53,IO2312-C-3600,IO2312-C-3600,477.4,0.0,0.0,0.0,22,429.2,439.6,6,477.4,428.4,0.0,0.0,0.0,0.0,62
2023-05-10 09:33:00,IO2312-C-3600,IO2312-C-3600,477.4,0.0,0.0,0.0,1,430.2,439.6,6,477.4,428.4,0.0,0.0,0.0,0.0,62
2023-05-10 09:33:06,IO2312-C-3600,IO2312-C-3600,477.4,0.0,0.0,0.0,21,429.2,439.6,6,477.4,428.4,0.0,0.0,0.0,0.0,62
2023-05-10 09:33:10,IO2312-C-3600,IO2312-C-3600,477.4,0.0,0.0,0.0,1,429.6,439.6,6,477.4,428.4,0.0,0.0,0.0,0.0,62
2023-05-10 09:33:14,IO2312-C-3600,IO2312-C-3600,477.4,0.0,0.0,0.0,6,431.0,439.6,6,477.4,428.4,0.0,0.0,0.0,0.0,62
2023-05-10 09:33:14,IO2312-C-3600,IO2312-C-3600,477.4,0.0,0.0,0.0,10,431.0,439.6,6,477.4,428.4,0.0,0.0,0.0,0.0,62
2023-05-10 09:33:16,IO2312-C-3600,IO2312-C-3600,477.4,0.0,0.0,0.0,10,431.0,439.8,21,477.4,428.4,0.0,0.0,0.0,0.0,62
2023-05-10 09:33:16,IO2312-C-3600,IO2312-C-3600,477.4,0.0,0.0,0.0,6,432.6,439.8,21,477.4,428.4,0.0,0.0,0.0,0.0,62
2023-05-10 09:33:17,IO2312-C-3600,IO2312-C-3600,477.4,0.0,0.0,0.0,12,432.6,439.8,18,477.4,428.4,0.0,0.0,0.0,0.0,62
2023-05-10 09:33:17,IO2312-C-3600,IO2312-C-3600,477.4,0.0,0.0,0.0,6,432.8,439.8,6,477.4,428.4,0.0,0.0,0.0,0.0,62
2023-05-10 09:33:18,IO2312-C-3600,IO2312-C-3600,477.4,0.0,0.0,0.0,6,432.8,440.0,6,477.4,428.4,0.0,0.0,0.0,0.0,62
2023-05-10 09:33:20,IO2312-C-3600,IO2312-C-3600,477.4,0.0,0.0,0.0,6,434.4,440.2,18,477.4,428.4,0.0,0.0,0.0,0.0,62
2023-05-10 09:33:21,IO2312-C-3600,IO2312-C-3600,477.4,0.0,0.0,0.0,6,434.4,440.2,6,477.4,428.4,0.0,0.0,0.0,0.0,62
2023-05-10 09:33:21,IO2312-C-3600,IO2312-C-3600,477.4,0.0,0.0,0.0,6,434.4,441.0,30,477.4,428.4,0.0,0.0,0.0,0.0,62
2023-05-10 09:33:22,IO2312-C-3600,IO2312-C-3600,477.4,0.0,0.0,0.0,6,434.4,441.0,18,477.4,428.4,0.0,0.0,0.0,0.0,62
2023-05-10 09:33:22,IO2312-C-3600,IO2312-C-3600,477.4,0.0,0.0,0.0,6,434.4,441.0,12,477.4,428.4,0.0,0.0,0.0,0.0,62
2023-05-10 09:33:23,IO2312-C-3600,IO2312-C-3600,477.4,0.0,0.0,0.0,6,434.4,441.0,6,477.4,428.4,0.0,0.0,0.0,0.0,62
2023-05-10 09:33:28,IO2312-C-3600,IO2312-C-3600,477.4,0.0,0.0,0.0,6,434.6,441.2,15,477.4,428.4,0.0,0.0,0.0,0.0,62
2023-05-10 09:33:29,IO2312-C-3600,IO2312-C-3600,477.4,0.0,0.0,0.0,6,434.6,441.2,6,477.4,428.4,0.0,0.0,0.0,0.0,62
2023-05-10 09:33:29,IO2312-C-3600,IO2312-C-3600,477.4,0.0,0.0,0.0,1,435.2,441.6,6,477.4,428.4,0.0,0.0,0.0,0.0,62
2023-05-10 09:33:30,IO2312-C-3600,IO2312-C-3600,477.4,0.0,0.0,0.0,1,435.2,441.8,3,477.4,428.4,0.0,0.0,0.0,0.0,62
2023-05-10 09:33:30,IO2312-C-3600,IO2312-C-3600,477.4,0.0,0.0,0.0,6,434.6,442.0,24,477.4,428.4,0.0,0.0,0.0,0.0,62
2023-05-10 09:33:31,IO2312-C-3600,IO2312-C-3600,477.4,0.0,0.0,0.0,6,434.6,442.0,18,477.4,428.4,0.0,0.0,0.0,0.0,62
2023-05-10 09:33:31,IO2312-C-3600,IO2312-C-3600,477.4,0.0,0.0,0.0,6,434.6,442.0,21,477.4,428.4,0.0,0.0,0.0,0.0,62
2023-05-10 09:33:32,IO2312-C-3600,IO2312-C-3600,477.4,0.0,0.0,0.0,6,434.6,442.0,18,477.4,428.4,0.0,0.0,0.0,0.0,62
2023-05-10 09:33:36,IO2312-C-3600,IO2312-C-3600,477.4,0.0,0.0,0.0,6,434.8,441.8,6,477.4,428.4,0.0,0.0,0.0,0.0,62
2023-05-10 09:33:39,IO2312-C-3600,IO2312-C-3600,477.4,0.0,0.0,0.0,6,434.8,441.4,3,477.4,428.4,0.0,0.0,0.0,0.0,62
2023-05-10 09:33:40,IO2312-C-3600,IO2312-C-3600,477.4,0.0,0.0,0.0,6,434.8,441.8,6,477.4,428.4,0.0,0.0,0.0,0.0,62
2023-05-10 09:33:41,IO2312-C-3600,IO2312-C-3600,477.4,0.0,0.0,0.0,3,434.2,441.8,9,477.4,428.4,0.0,0.0,0.0,0.0,62
2023-05-10 09:33:42,IO2312-C-3600,IO2312-C-3600,477.4,0.0,0.0,0.0,24,433.8,441.6,6,477.4,428.4,0.0,0.0,0.0,0.0,62
2023-05-10 09:33:42,IO2312-C-3600,IO2312-C-3600,477.4,0.0,0.0,0.0,18,433.8,441.6,6,477.4,428.4,0.0,0.0,0.0,0.0,62
2023-05-10 09:33:43,IO2312-C-3600,IO2312-C-3600,477.4,0.0,0.0,0.0,12,433.8,441.4,6,477.4,428.4,0.0,0.0,0.0,0.0,62
2023-05-10 09:33:43,IO2312-C-3600,IO2312-C-3600,477.4,0.0,0.0,0.0,6,433.8,440.8,3,477.4,428.4,0.0,0.0,0.0,0.0,62
2023-05-10 09:33:44,IO2312-C-3600,IO2312-C-3600,477.4,0.0,0.0,0.0,6,433.8,440.6,6,477.4,428.4,0.0,0.0,0.0,0.0,62
2023-05-10 09:34:03,IO2312-C-3600,IO2312-C-3600,477.4,0.0,0.0,0.0,12,433.6,440.6,6,477.4,428.4,0.0,0.0,0.0,0.0,62
2023-05-10 09:34:04,IO2312-C-3600,IO2312-C-3600,477.4,0.0,0.0,0.0,21,433.2,440.6,6,477.4,428.4,0.0,0.0,0.0,0.0,62
2023-05-10 09:34:04,IO2312-C-3600,IO2312-C-3600,477.4,0.0,0.0,0.0,12,433.2,440.6,6,477.4,428.4,0.0,0.0,0.0,0.0,62
2023-05-10 09:34:05,IO2312-C-3600,IO2312-C-3600,477.4,0.0,0.0,0.0,18,433.0,440.6,6,477.4,428.4,0.0,0.0,0.0,0.0,62
2023-05-10 09:34:05,IO2312-C-3600,IO2312-C-3600,477.4,0.0,0.0,0.0,12,433.0,440.6,6,477.4,428.4,0.0,0.0,0.0,0.0,62
2023-05-10 09:34:06,IO2312-C-3600,IO2312-C-3600,477.4,0.0,0.0,0.0,6,433.0,440.6,6,477.4,428.4,0.0,0.0,0.0,0.0,62
2023-05-10 09:34:07,IO2312-C-3600,IO2312-C-3600,477.4,0.0,0.0,0.0,6,433.2,440.6,6,477.4,428.4,0.0,0.0,0.0,0.0,62
2023-05-10 09:34:13,IO2312-C-3600,IO2312-C-3600,477.4,0.0,0.0,0.0,6,433.0,440.6,6,477.4,428.4,0.0,0.0,0.0,0.0,62
2023-05-10 09:34:33,IO2312-C-3600,IO2312-C-3600,477.4,0.0,0.0,0.0,6,433.0,439.4,6,477.4,428.4,0.0,0.0,0.0,0.0,62
2023-05-10 09:34:33,IO2312-C-3600,IO2312-C-3600,477.4,0.0,0.0,0.0,6,433.0,439.2,6,477.4,428.4,0.0,0.0,0.0,0.0,62
2023-05-10 09:34:47,IO2312-C-3600,IO2312-C-3600,477.4,0.0,0.0,0.0,6,432.8,439.2,6,477.4,428.4,0.0,0.0,0.0,0.0,62
2023-05-10 09:34:47,IO2312-C-3600,IO2312-C-3600,477.4,0.0,0.0,0.0,6,432.4,439.2,6,477.4,428.4,0.0,0.0,0.0,0.0,62
2023-05-10 09:34:48,IO2312-C-3600,IO2312-C-3600,477.4,0.0,0.0,0.0,6,432.2,439.2,6,477.4,428.4,0.0,0.0,0.0,0.0,62
2023-05-10 09:34:48,IO2312-C-3600,IO2312-C-3600,477.4,0.0,0.0,0.0,18,432.0,439.2,6,477.4,428.4,0.0,0.0,0.0,0.0,62
2023-05-10 09:34:49,IO2312-C-3600,IO2312-C-3600,477.4,0.0,0.0,0.0,12,432.0,439.2,6,477.4,428.4,0.0,0.0,0.0,0.0,62
2023-05-10 09:34:49,IO2312-C-3600,IO2312-C-3600,477.4,0.0,0.0,0.0,6,432.0,439.2,6,477.4,428.4,0.0,0.0,0.0,0.0,62
2023-05-10 09:34:50,IO2312-C-3600,IO2312-C-3600,477.4,0.0,0.0,0.0,33,431.6,439.2,6,477.4,428.4,0.0,0.0,0.0,0.0,62
2023-05-10 09:34:50,IO2312-C-3600,IO2312-C-3600,477.4,0.0,0.0,0.0,18,431.6,439.2,6,477.4,428.4,0.0,0.0,0.0,0.0,62
2023-05-10 09:34:51,IO2312-C-3600,IO2312-C-3600,477.4,0.0,0.0,0.0,12,431.6,439.2,6,477.4,428.4,0.0,0.0,0.0,0.0,62
2023-05-10 09:34:51,IO2312-C-3600,IO2312-C-3600,477.4,0.0,0.0,0.0,6,431.6,439.2,6,477.4,428.4,0.0,0.0,0.0,0.0,62
2023-05-10 09:35:02,IO2312-C-3600,IO2312-C-3600,477.4,0.0,0.0,0.0,6,431.4,439.2,6,477.4,428.4,0.0,0.0,0.0,0.0,62
2023-05-10 09:35:02,IO2312-C-3600,IO2312-C-3600,477.4,0.0,0.0,0.0,15,431.2,439.2,6,477.4,428.4,0.0,0.0,0.0,0.0,62
2023-05-10 09:35:03,IO2312-C-3600,IO2312-C-3600,477.4,0.0,0.0,0.0,6,431.2,439.0,6,477.4,428.4,0.0,0.0,0.0,0.0,62
2023-05-10 09:35:03,IO2312-C-3600,IO2312-C-3600,477.4,0.0,0.0,0.0,18,430.4,438.8,6,477.4,428.4,0.0,0.0,0.0,0.0,62
2023-05-10 09:35:04,IO2312-C-3600,IO2312-C-3600,477.4,0.0,0.0,0.0,8,430.4,438.8,6,477.4,428.4,0.0,0.0,0.0,0.0,62
2023-05-10 09:35:04,IO2312-C-3600,IO2312-C-3600,477.4,0.0,0.0,0.0,2,430.4,438.8,6,477.4,428.4,0.0,0.0,0.0,0.0,62
2023-05-10 09:35:05,IO2312-C-3600,IO2312-C-3600,477.4,0.0,0.0,0.0,2,430.4,438.6,6,477.4,428.4,0.0,0.0,0.0,0.0,62
2023-05-10 09:35:05,IO2312-C-3600,IO2312-C-3600,477.4,0.0,0.0,0.0,2,430.4,438.4,6,477.4,428.4,0.0,0.0,0.0,0.0,62
2023-05-10 09:35:06,IO2312-C-3600,IO2312-C-3600,477.4,0.0,0.0,0.0,18,430.2,438.4,9,477.4,428.4,0.0,0.0,0.0,0.0,62
2023-05-10 09:35:06,IO2312-C-3600,IO2312-C-3600,477.4,0.0,0.0,0.0,6,430.2,438.2,6,477.4,428.4,0.0,0.0,0.0,0.0,62
2023-05-10 09:35:07,IO2312-C-3600,IO2312-C-3600,477.4,0.0,0.0,0.0,27,430.0,438.2,6,477.4,428.4,0.0,0.0,0.0,0.0,62
2023-05-10 09:35:07,IO2312-C-3600,IO2312-C-3600,477.4,0.0,0.0,0.0,18,430.0,438.2,6,477.4,428.4,0.0,0.0,0.0,0.0,62
2023-05-10 09:35:08,IO2312-C-3600,IO2312-C-3600,477.4,0.0,0.0,0.0,12,430.0,438.2,6,477.4,428.4,0.0,0.0,0.0,0.0,62
2023-05-10 09:35:08,IO2312-C-3600,IO2312-C-3600,477.4,0.0,0.0,0.0,6,430.0,438.2,6,477.4,428.4,0.0,0.0,0.0,0.0,62
2023-05-10 09:35:31,IO2312-C-3600,IO2312-C-3600,477.4,0.0,0.0,0.0,6,430.0,437.6,6,477.4,428.4,0.0,0.0,0.0,0.0,62
2023-05-10 09:35:32,IO2312-C-3600,IO2312-C-3600,477.4,0.0,0.0,0.0,6,430.0,437.4,6,477.4,428.4,0.0,0.0,0.0,0.0,62
2023-05-10 09:35:32,IO2312-C-3600,IO2312-C-3600,477.4,0.0,0.0,0.0,6,430.0,437.4,9,477.4,428.4,0.0,0.0,0.0,0.0,62
2023-05-10 09:35:33,IO2312-C-3600,IO2312-C-3600,477.4,0.0,0.0,0.0,6,430.0,437.2,6,477.4,428.4,0.0,0.0,0.0,0.0,62
2023-05-10 09:35:48,IO2312-C-3600,IO2312-C-3600,477.4,0.0,0.0,0.0,9,430.0,437.2,6,477.4,428.4,0.0,0.0,0.0,0.0,62
2023-05-10 09:35:49,IO2312-C-3600,IO2312-C-3600,477.4,0.0,0.0,0.0,6,430.0,437.2,6,477.4,428.4,0.0,0.0,0.0,0.0,62
2023-05-10 09:36:00,IO2312-C-3600,IO2312-C-3600,477.4,0.0,0.0,0.0,6,430.2,437.4,9,477.4,428.4,0.0,0.0,0.0,0.0,62
2023-05-10 09:36:00,IO2312-C-3600,IO2312-C-3600,477.4,0.0,0.0,0.0,9,430.2,437.6,24,477.4,428.4,0.0,0.0,0.0,0.0,62
2023-05-10 09:36:01,IO2312-C-3600,IO2312-C-3600,477.4,0.0,0.0,0.0,6,430.4,437.6,18,477.4,428.4,0.0,0.0,0.0,0.0,62
2023-05-10 09:36:01,IO2312-C-3600,IO2312-C-3600,477.4,0.0,0.0,0.0,6,430.4,437.6,12,477.4,428.4,0.0,0.0,0.0,0.0,62
2023-05-10 09:36:02,IO2312-C-3600,IO2312-C-3600,477.4,0.0,0.0,0.0,6,430.6,437.6,6,477.4,428.4,0.0,0.0,0.0,0.0,62
2023-05-10 09:36:09,IO2312-C-3600,IO2312-C-3600,477.4,0.0,0.0,0.0,6,430.8,437.8,12,477.4,428.4,0.0,0.0,0.0,0.0,62
2023-05-10 09:36:10,IO2312-C-3600,IO2312-C-3600,477.4,0.0,0.0,0.0,6,431.0,438.4,18,477.4,428.4,0.0,0.0,0.0,0.0,62
2023-05-10 09:36:10,IO2312-C-3600,IO2312-C-3600,477.4,0.0,0.0,0.0,6,431.2,438.4,6,477.4,428.4,0.0,0.0,0.0,0.0,62
2023-05-10 09:36:11,IO2312-C-3600,IO2312-C-3600,477.4,0.0,0.0,0.0,9,431.2,438.6,36,477.4,428.4,0.0,0.0,0.0,0.0,62
2023-05-10 09:36:11,IO2312-C-3600,IO2312-C-3600,477.4,0.0,0.0,0.0,6,431.4,438.6,18,477.4,428.4,0.0,0.0,0.0,0.0,62
2023-05-10 09:36:12,IO2312-C-3600,IO2312-C-3600,477.4,0.0,0.0,0.0,6,431.4,438.6,6,477.4,428.4,0.0,0.0,0.0,0.0,62
2023-05-10 09:36:12,IO2312-C-3600,IO2312-C-3600,477.4,0.0,0.0,0.0,6,431.4,438.8,30,477.4,428.4,0.0,0.0,0.0,0.0,62
2023-05-10 09:36:13,IO2312-C-3600,IO2312-C-3600,477.4,0.0,0.0,0.0,6,431.4,438.8,24,477.4,428.4,0.0,0.0,0.0,0.0,62
2023-05-10 09:36:17,IO2312-C-3600,IO2312-C-3600,477.4,0.0,0.0,0.0,6,431.6,438.8,18,477.4,428.4,0.0,0.0,0.0,0.0,62
2023-05-10 09:36:18,IO2312-C-3600,IO2312-C-3600,477.4,0.0,0.0,0.0,6,431.8,438.6,6,477.4,428.4,0.0,0.0,0.0,0.0,62
2023-05-10 09:36:19,IO2312-C-3600,IO2312-C-3600,477.4,0.0,0.0,0.0,3,432.2,439.0,24,477.4,428.4,0.0,0.0,0.0,0.0,62
2023-05-10 09:36:19,IO2312-C-3600,IO2312-C-3600,477.4,0.0,0.0,0.0,6,432.4,439.0,12,477.4,428.4,0.0,0.0,0.0,0.0,62
2023-05-10 09:36:20,IO2312-C-3600,IO2312-C-3600,477.4,0.0,0.0,0.0,6,432.4,439.8,24,477.4,428.4,0.0,0.0,0.0,0.0,62
2023-05-10 09:36:20,IO2312-C-3600,IO2312-C-3600,477.4,0.0,0.0,0.0,6,432.4,439.8,18,477.4,428.4,0.0,0.0,0.0,0.0,62
2023-05-10 09:36:21,IO2312-C-3600,IO2312-C-3600,477.4,0.0,0.0,0.0,6,432.4,439.8,12,477.4,428.4,0.0,0.0,0.0,0.0,62
2023-05-10 09:36:21,IO2312-C-3600,IO2312-C-3600,477.4,0.0,0.0,0.0,6,432.4,439.8,6,477.4,428.4,0.0,0.0,0.0,0.0,62
2023-05-10 09:36:26,IO2312-C-3600,IO2312-C-3600,477.4,0.0,0.0,0.0,6,432.4,439.8,9,477.4,428.4,0.0,0.0,0.0,0.0,62
2023-05-10 09:36:27,IO2312-C-3600,IO2312-C-3600,477.4,0.0,0.0,0.0,6,432.4,439.8,6,477.4,428.4,0.0,0.0,0.0,0.0,62
2023-05-10 09:36:30,IO2312-C-3600,IO2312-C-3600,477.4,0.0,0.0,0.0,3,432.2,439.6,6,477.4,428.4,0.0,0.0,0.0,0.0,62
2023-05-10 09:36:31,IO2312-C-3600,IO2312-C-3600,477.4,0.0,0.0,0.0,6,432.0,439.6,6,477.4,428.4,0.0,0.0,0.0,0.0,62
2023-05-10 09:36:31,IO2312-C-3600,IO2312-C-3600,477.4,0.0,0.0,0.0,18,431.8,439.6,6,477.4,428.4,0.0,0.0,0.0,0.0,62
2023-05-10 09:36:32,IO2312-C-3600,IO2312-C-3600,477.4,0.0,0.0,0.0,27,431.6,439.6,6,477.4,428.4,0.0,0.0,0.0,0.0,62
2023-05-10 09:36:32,IO2312-C-3600,IO2312-C-3600,477.4,0.0,0.0,0.0,12,431.6,439.6,6,477.4,428.4,0.0,0.0,0.0,0.0,62
2023-05-10 09:36:33,IO2312-C-3600,IO2312-C-3600,477.4,0.0,0.0,0.0,30,431.2,439.6,6,477.4,428.4,0.0,0.0,0.0,0.0,62
2023-05-10 09:36:33,IO2312-C-3600,IO2312-C-3600,477.4,0.0,0.0,0.0,18,431.2,439.6,6,477.4,428.4,0.0,0.0,0.0,0.0,62
2023-05-10 09:36:34,IO2312-C-3600,IO2312-C-3600,477.4,0.0,0.0,0.0,12,431.2,439.6,6,477.4,428.4,0.0,0.0,0.0,0.0,62
2023-05-10 09:36:34,IO2312-C-3600,IO2312-C-3600,477.4,0.0,0.0,0.0,6,431.2,439.6,6,477.4,428.4,0.0,0.0,0.0,0.0,62
2023-05-10 09:36:35,IO2312-C-3600,IO2312-C-3600,477.4,0.0,0.0,0.0,9,431.2,439.6,6,477.4,428.4,0.0,0.0,0.0,0.0,62
2023-05-10 09:36:36,IO2312-C-3600,IO2312-C-3600,477.4,0.0,0.0,0.0,6,431.2,439.6,6,477.4,428.4,0.0,0.0,0.0,0.0,62
2023-05-10 09:36:37,IO2312-C-3600,IO2312-C-3600,477.4,0.0,0.0,0.0,9,431.2,439.6,6,477.4,428.4,0.0,0.0,0.0,0.0,62
2023-05-10 09:36:42,IO2312-C-3600,IO2312-C-3600,477.4,0.0,0.0,0.0,6,431.4,439.6,6,477.4,428.4,0.0,0.0,0.0,0.0,62
2023-05-10 09:36:47,IO2312-C-3600,IO2312-C-3600,477.4,0.0,0.0,0.0,6,431.4,439.6,12,477.4,428.4,0.0,0.0,0.0,0.0,62
2023-05-10 09:36:48,IO2312-C-3600,IO2312-C-3600,477.4,0.0,0.0,0.0,15,431.2,439.4,6,477.4,428.4,0.0,0.0,0.0,0.0,62
2023-05-10 09:36:49,IO2312-C-3600,IO2312-C-3600,477.4,0.0,0.0,0.0,12,431.2,439.4,6,477.4,428.4,0.0,0.0,0.0,0.0,62
2023-05-10 09:36:50,IO2312-C-3600,IO2312-C-3600,477.4,0.0,0.0,0.0,6,431.2,439.4,6,477.4,428.4,0.0,0.0,0.0,0.0,62
2023-05-10 09:36:56,IO2312-C-3600,IO2312-C-3600,477.4,0.0,0.0,0.0,6,431.2,438.2,6,477.4,428.4,0.0,0.0,0.0,0.0,62
2023-05-10 09:36:56,IO2312-C-3600,IO2312-C-3600,477.4,0.0,0.0,0.0,6,431.2,438.0,6,477.4,428.4,0.0,0.0,0.0,0.0,62
2023-05-10 09:36:57,IO2312-C-3600,IO2312-C-3600,477.4,0.0,0.0,0.0,6,431.2,438.8,6,477.4,428.4,0.0,0.0,0.0,0.0,62
2023-05-10 09:37:01,IO2312-C-3600,IO2312-C-3600,477.4,0.0,0.0,0.0,6,431.2,438.0,6,477.4,428.4,0.0,0.0,0.0,0.0,62
2023-05-10 09:37:02,IO2312-C-3600,IO2312-C-3600,477.4,0.0,0.0,0.0,6,431.2,437.8,6,477.4,428.4,0.0,0.0,0.0,0.0,62
2023-05-10 09:37:41,IO2312-C-3600,IO2312-C-3600,477.4,0.0,0.0,0.0,19,430.4,437.8,6,477.4,428.4,0.0,0.0,0.0,0.0,62
2023-05-10 09:37:42,IO2312-C-3600,IO2312-C-3600,477.4,0.0,0.0,0.0,12,430.0,436.6,6,477.4,428.4,0.0,0.0,0.0,0.0,62
2023-05-10 09:37:42,IO2312-C-3600,IO2312-C-3600,477.4,0.0,0.0,0.0,12,429.8,436.4,9,477.4,428.4,0.0,0.0,0.0,0.0,62
2023-05-10 09:37:43,IO2312-C-3600,IO2312-C-3600,477.4,0.0,0.0,0.0,6,429.6,436.2,6,477.4,428.4,0.0,0.0,0.0,0.0,62
2023-05-10 09:37:43,IO2312-C-3600,IO2312-C-3600,477.4,0.0,0.0,0.0,24,429.2,436.4,6,477.4,428.4,0.0,0.0,0.0,0.0,62
2023-05-10 09:37:44,IO2312-C-3600,IO2312-C-3600,477.4,0.0,0.0,0.0,6,429.2,436.4,9,477.4,428.4,0.0,0.0,0.0,0.0,62
2023-05-10 09:37:44,IO2312-C-3600,IO2312-C-3600,477.4,0.0,0.0,0.0,30,429.0,436.2,6,477.4,428.4,0.0,0.0,0.0,0.0,62
2023-05-10 09:37:45,IO2312-C-3600,IO2312-C-3600,477.4,0.0,0.0,0.0,24,429.0,436.2,6,477.4,428.4,0.0,0.0,0.0,0.0,62
2023-05-10 09:37:52,IO2312-C-3600,IO2312-C-3600,477.4,0.0,0.0,0.0,18,429.0,436.2,6,477.4,428.4,0.0,0.0,0.0,0.0,62
2023-05-10 09:37:52,IO2312-C-3600,IO2312-C-3600,477.4,0.0,0.0,0.0,12,429.0,436.2,6,477.4,428.4,0.0,0.0,0.0,0.0,62
2023-05-10 09:37:53,IO2312-C-3600,IO2312-C-3600,477.4,0.0,0.0,0.0,6,429.0,436.2,6,477.4,428.4,0.0,0.0,0.0,0.0,62
2023-05-10 09:37:55,IO2312-C-3600,IO2312-C-3600,477.4,0.0,0.0,0.0,6,428.4,436.2,6,477.4,428.4,0.0,0.0,0.0,0.0,62
2023-05-10 09:38:02,IO2312-C-3600,IO2312-C-3600,477.4,0.0,0.0,0.0,1,428.6,436.2,6,477.4,428.4,0.0,0.0,0.0,0.0,62
2023-05-10 09:38:06,IO2312-C-3600,IO2312-C-3600,477.4,0.0,0.0,0.0,6,429.0,436.2,6,477.4,428.4,0.0,0.0,0.0,0.0,62
2023-05-10 09:38:07,IO2312-C-3600,IO2312-C-3600,477.4,0.0,0.0,0.0,3,429.4,436.2,6,477.4,428.4,0.0,0.0,0.0,0.0,62
2023-05-10 09:38:07,IO2312-C-3600,IO2312-C-3600,477.4,0.0,0.0,0.0,6,429.0,436.2,6,477.4,428.4,0.0,0.0,0.0,0.0,62
2023-05-10 09:38:08,IO2312-C-3600,IO2312-C-3600,477.4,0.0,0.0,0.0,9,429.0,436.2,6,477.4,428.4,0.0,0.0,0.0,0.0,62
2023-05-10 09:38:09,IO2312-C-3600,IO2312-C-3600,477.4,0.0,0.0,0.0,10,429.0,436.2,6,477.4,428.4,0.0,0.0,0.0,0.0,62
2023-05-10 09:38:10,IO2312-C-3600,IO2312-C-3600,477.4,0.0,0.0,0.0,6,429.2,436.4,18,477.4,428.4,0.0,0.0,0.0,0.0,62
2023-05-10 09:38:10,IO2312-C-3600,IO2312-C-3600,477.4,0.0,0.0,0.0,6,429.2,436.4,6,477.4,428.4,0.0,0.0,0.0,0.0,62
2023-05-10 09:38:11,IO2312-C-3600,IO2312-C-3600,477.4,0.0,0.0,0.0,6,430.2,436.4,6,477.4,428.4,0.0,0.0,0.0,0.0,62
2023-05-10 09:38:12,IO2312-C-3600,IO2312-C-3600,477.4,0.0,0.0,0.0,3,430.6,436.6,36,477.4,428.4,0.0,0.0,0.0,0.0,62
2023-05-10 09:38:12,IO2312-C-3600,IO2312-C-3600,477.4,0.0,0.0,0.0,6,430.4,436.6,18,477.4,428.4,0.0,0.0,0.0,0.0,62
2023-05-10 09:38:13,IO2312-C-3600,IO2312-C-3600,477.4,0.0,0.0,0.0,12,430.4,436.6,12,477.4,428.4,0.0,0.0,0.0,0.0,62
2023-05-10 09:38:13,IO2312-C-3600,IO2312-C-3600,477.4,0.0,0.0,0.0,3,430.8,437.2,36,477.4,428.4,0.0,0.0,0.0,0.0,62
2023-05-10 09:38:14,IO2312-C-3600,IO2312-C-3600,477.4,0.0,0.0,0.0,6,430.6,437.2,30,477.4,428.4,0.0,0.0,0.0,0.0,62
2023-05-10 09:38:15,IO2312-C-3600,IO2312-C-3600,477.4,0.0,0.0,0.0,3,430.6,437.0,6,477.4,428.4,0.0,0.0,0.0,0.0,62
2023-05-10 09:38:15,IO2312-C-3600,IO2312-C-3600,477.4,0.0,0.0,0.0,12,430.4,437.0,6,477.4,428.4,0.0,0.0,0.0,0.0,62
2023-05-10 09:38:16,IO2312-C-3600,IO2312-C-3600,477.4,0.0,0.0,0.0,6,430.4,437.0,6,477.4,428.4,0.0,0.0,0.0,0.0,62
2023-05-10 09:38:32,IO2312-C-3600,IO2312-C-3600,477.4,0.0,0.0,0.0,6,430.4,436.6,3,477.4,428.4,0.0,0.0,0.0,0.0,62
2023-05-10 09:38:32,IO2312-C-3600,IO2312-C-3600,477.4,0.0,0.0,0.0,6,430.4,436.4,6,477.4,428.4,0.0,0.0,0.0,0.0,62
2023-05-10 09:38:36,IO2312-C-3600,IO2312-C-3600,477.4,0.0,0.0,0.0,6,430.4,436.6,6,477.4,428.4,0.0,0.0,0.0,0.0,62
2023-05-10 09:38:36,IO2312-C-3600,IO2312-C-3600,477.4,0.0,0.0,0.0,6,430.4,437.0,6,477.4,428.4,0.0,0.0,0.0,0.0,62
2023-05-10 09:38:47,IO2312-C-3600,IO2312-C-3600,477.4,0.0,0.0,0.0,6,430.4,436.4,3,477.4,428.4,0.0,0.0,0.0,0.0,62
2023-05-10 09:38:47,IO2312-C-3600,IO2312-C-3600,477.4,0.0,0.0,0.0,6,430.4,436.2,6,477.4,428.4,0.0,0.0,0.0,0.0,62
2023-05-10 09:38:53,IO2312-C-3600,IO2312-C-3600,477.4,0.0,0.0,0.0,12,430.4,436.4,12,477.4,428.4,0.0,0.0,0.0,0.0,62
2023-05-10 09:38:53,IO2312-C-3600,IO2312-C-3600,477.4,0.0,0.0,0.0,12,430.4,436.8,24,477.4,428.4,0.0,0.0,0.0,0.0,62
2023-05-10 09:38:54,IO2312-C-3600,IO2312-C-3600,477.4,0.0,0.0,0.0,12,430.4,436.8,18,477.4,428.4,0.0,0.0,0.0,0.0,62
2023-05-10 09:38:54,IO2312-C-3600,IO2312-C-3600,477.4,0.0,0.0,0.0,12,430.4,436.8,12,477.4,428.4,0.0,0.0,0.0,0.0,62
2023-05-10 09:38:55,IO2312-C-3600,IO2312-C-3600,477.4,0.0,0.0,0.0,12,430.4,436.8,6,477.4,428.4,0.0,0.0,0.0,0.0,62
2023-05-10 09:38:55,IO2312-C-3600,IO2312-C-3600,477.4,0.0,0.0,0.0,12,430.4,437.0,6,477.4,428.4,0.0,0.0,0.0,0.0,62
2023-05-10 09:39:00,IO2312-C-3600,IO2312-C-3600,477.4,0.0,0.0,0.0,3,430.6,437.0,6,477.4,428.4,0.0,0.0,0.0,0.0,62
2023-05-10 09:39:01,IO2312-C-3600,IO2312-C-3600,477.4,0.0,0.0,0.0,12,430.4,437.0,6,477.4,428.4,0.0,0.0,0.0,0.0,62
2023-05-10 09:39:04,IO2312-C-3600,IO2312-C-3600,477.4,0.0,0.0,0.0,18,430.4,437.0,6,477.4,428.4,0.0,0.0,0.0,0.0,62
2023-05-10 09:39:08,IO2312-C-3600,IO2312-C-3600,477.4,0.0,0.0,0.0,12,430.6,437.2,42,477.4,428.4,0.0,0.0,0.0,0.0,62
2023-05-10 09:39:09,IO2312-C-3600,IO2312-C-3600,477.4,0.0,0.0,0.0,1,432.0,437.2,24,477.4,428.4,0.0,0.0,0.0,0.0,62
2023-05-10 09:39:09,IO2312-C-3600,IO2312-C-3600,477.4,0.0,0.0,0.0,6,432.2,437.2,12,477.4,428.4,0.0,0.0,0.0,0.0,62
2023-05-10 09:39:10,IO2312-C-3600,IO2312-C-3600,477.4,0.0,0.0,0.0,12,432.2,437.4,6,477.4,428.4,0.0,0.0,0.0,0.0,62
2023-05-10 09:39:10,IO2312-C-3600,IO2312-C-3600,477.4,0.0,0.0,0.0,12,432.2,437.6,18,477.4,428.4,0.0,0.0,0.0,0.0,62
2023-05-10 09:39:11,IO2312-C-3600,IO2312-C-3600,477.4,0.0,0.0,0.0,12,432.2,437.6,6,477.4,428.4,0.0,0.0,0.0,0.0,62
2023-05-10 09:39:11,IO2312-C-3600,IO2312-C-3600,477.4,0.0,0.0,0.0,12,432.2,437.8,24,477.4,428.4,0.0,0.0,0.0,0.0,62
2023-05-10 09:39:12,IO2312-C-3600,IO2312-C-3600,477.4,0.0,0.0,0.0,6,432.4,437.8,18,477.4,428.4,0.0,0.0,0.0,0.0,62
2023-05-10 09:39:12,IO2312-C-3600,IO2312-C-3600,477.4,0.0,0.0,0.0,6,432.4,437.8,6,477.4,428.4,0.0,0.0,0.0,0.0,62
2023-05-10 09:39:13,IO2312-C-3600,IO2312-C-3600,477.4,0.0,0.0,0.0,6,432.4,438.2,18,477.4,428.4,0.0,0.0,0.0,0.0,62
2023-05-10 09:39:13,IO2312-C-3600,IO2312-C-3600,477.4,0.0,0.0,0.0,6,432.4,438.2,6,477.4,428.4,0.0,0.0,0.0,0.0,62
2023-05-10 09:39:14,IO2312-C-3600,IO2312-C-3600,477.4,0.0,0.0,0.0,6,432.4,438.6,30,477.4,428.4,0.0,0.0,0.0,0.0,62
2023-05-10 09:39:14,IO2312-C-3600,IO2312-C-3600,477.4,0.0,0.0,0.0,6,432.4,438.6,18,477.4,428.4,0.0,0.0,0.0,0.0,62
2023-05-10 09:39:15,IO2312-C-3600,IO2312-C-3600,477.4,0.0,0.0,0.0,6,432.4,438.6,12,477.4,428.4,0.0,0.0,0.0,0.0,62
2023-05-10 09:39:15,IO2312-C-3600,IO2312-C-3600,477.4,0.0,0.0,0.0,6,432.4,438.6,6,477.4,428.4,0.0,0.0,0.0,0.0,62
2023-05-10 09:39:19,IO2312-C-3600,IO2312-C-3600,477.4,0.0,0.0,0.0,6,432.4,438.8,3,477.4,428.4,0.0,0.0,0.0,0.0,62
2023-05-10 09:39:19,IO2312-C-3600,IO2312-C-3600,477.4,0.0,0.0,0.0,6,432.4,439.0,24,477.4,428.4,0.0,0.0,0.0,0.0,62
2023-05-10 09:39:20,IO2312-C-3600,IO2312-C-3600,477.4,0.0,0.0,0.0,6,432.4,438.8,6,477.4,428.4,0.0,0.0,0.0,0.0,62
2023-05-10 09:39:20,IO2312-C-3600,IO2312-C-3600,477.4,0.0,0.0,0.0,6,432.4,438.6,3,477.4,428.4,0.0,0.0,0.0,0.0,62
2023-05-10 09:39:21,IO2312-C-3600,IO2312-C-3600,477.4,0.0,0.0,0.0,6,432.4,438.4,6,477.4,428.4,0.0,0.0,0.0,0.0,62
2023-05-10 09:39:25,IO2312-C-3600,IO2312-C-3600,477.4,0.0,0.0,0.0,6,432.4,438.8,6,477.4,428.4,0.0,0.0,0.0,0.0,62
2023-05-10 09:39:27,IO2312-C-3600,IO2312-C-3600,477.4,0.0,0.0,0.0,24,432.0,438.8,6,477.4,428.4,0.0,0.0,0.0,0.0,62
2023-05-10 09:39:28,IO2312-C-3600,IO2312-C-3600,477.4,0.0,0.0,0.0,6,432.2,438.8,6,477.4,428.4,0.0,0.0,0.0,0.0,62
2023-05-10 09:39:28,IO2312-C-3600,IO2312-C-3600,477.4,0.0,0.0,0.0,6,432.2,438.4,3,477.4,428.4,0.0,0.0,0.0,0.0,62
2023-05-10 09:39:29,IO2312-C-3600,IO2312-C-3600,477.4,0.0,0.0,0.0,6,432.2,438.2,6,477.4,428.4,0.0,0.0,0.0,0.0,62
2023-05-10 09:39:39,IO2312-C-3600,IO2312-C-3600,477.4,0.0,0.0,0.0,6,432.2,438.4,6,477.4,428.4,0.0,0.0,0.0,0.0,62
2023-05-10 09:39:42,IO2312-C-3600,IO2312-C-3600,477.4,0.0,0.0,0.0,6,432.2,438.6,6,477.4,428.4,0.0,0.0,0.0,0.0,62
2023-05-10 09:39:43,IO2312-C-3600,IO2312-C-3600,477.4,0.0,0.0,0.0,6,432.2,438.8,6,477.4,428.4,0.0,0.0,0.0,0.0,62
2023-05-10 09:39:52,IO2312-C-3600,IO2312-C-3600,477.4,0.0,0.0,0.0,6,432.2,438.6,3,477.4,428.4,0.0,0.0,0.0,0.0,62
2023-05-10 09:39:52,IO2312-C-3600,IO2312-C-3600,477.4,0.0,0.0,0.0,6,431.8,438.4,6,477.4,428.4,0.0,0.0,0.0,0.0,62
2023-05-10 09:39:53,IO2312-C-3600,IO2312-C-3600,477.4,0.0,0.0,0.0,18,431.6,438.4,6,477.4,428.4,0.0,0.0,0.0,0.0,62
2023-05-10 09:39:53,IO2312-C-3600,IO2312-C-3600,477.4,0.0,0.0,0.0,6,431.6,438.2,6,477.4,428.4,0.0,0.0,0.0,0.0,62
2023-05-10 09:39:54,IO2312-C-3600,IO2312-C-3600,477.4,0.0,0.0,0.0,12,431.4,438.0,6,477.4,428.4,0.0,0.0,0.0,0.0,62
2023-05-10 09:39:54,IO2312-C-3600,IO2312-C-3600,477.4,0.0,0.0,0.0,24,431.2,438.0,6,477.4,428.4,0.0,0.0,0.0,0.0,62
2023-05-10 09:39:55,IO2312-C-3600,IO2312-C-3600,477.4,0.0,0.0,0.0,6,431.4,438.2,6,477.4,428.4,0.0,0.0,0.0,0.0,62
2023-05-10 09:39:55,IO2312-C-3600,IO2312-C-3600,477.4,0.0,0.0,0.0,9,431.6,438.6,24,477.4,428.4,0.0,0.0,0.0,0.0,62
2023-05-10 09:39:56,IO2312-C-3600,IO2312-C-3600,477.4,0.0,0.0,0.0,15,431.6,438.4,6,477.4,428.4,0.0,0.0,0.0,0.0,62
2023-05-10 09:39:56,IO2312-C-3600,IO2312-C-3600,477.4,0.0,0.0,0.0,21,431.6,438.4,6,477.4,428.4,0.0,0.0,0.0,0.0,62
2023-05-10 09:39:57,IO2312-C-3600,IO2312-C-3600,477.4,0.0,0.0,0.0,12,431.6,438.8,6,477.4,428.4,0.0,0.0,0.0,0.0,62
2023-05-10 09:39:57,IO2312-C-3600,IO2312-C-3600,477.4,0.0,0.0,0.0,6,431.6,438.6,3,477.4,428.4,0.0,0.0,0.0,0.0,62
2023-05-10 09:39:58,IO2312-C-3600,IO2312-C-3600,477.4,0.0,0.0,0.0,12,431.6,438.4,6,477.4,428.4,0.0,0.0,0.0,0.0,62
2023-05-10 09:40:02,IO2312-C-3600,IO2312-C-3600,477.4,0.0,0.0,0.0,6,431.6,438.4,6,477.4,428.4,0.0,0.0,0.0,0.0,62
2023-05-10 09:40:04,IO2312-C-3600,IO2312-C-3600,477.4,0.0,0.0,0.0,6,431.4,438.4,6,477.4,428.4,0.0,0.0,0.0,0.0,62
2023-05-10 09:40:06,IO2312-C-3600,IO2312-C-3600,477.4,0.0,0.0,0.0,18,431.2,438.4,6,477.4,428.4,0.0,0.0,0.0,0.0,62
2023-05-10 09:40:07,IO2312-C-3600,IO2312-C-3600,477.4,0.0,0.0,0.0,12,431.2,438.4,6,477.4,428.4,0.0,0.0,0.0,0.0,62
2023-05-10 09:40:07,IO2312-C-3600,IO2312-C-3600,477.4,0.0,0.0,0.0,6,431.2,438.4,6,477.4,428.4,0.0,0.0,0.0,0.0,62
2023-05-10 09:40:11,IO2312-C-3600,IO2312-C-3600,477.4,0.0,0.0,0.0,1,431.8,438.4,6,477.4,428.4,0.0,0.0,0.0,0.0,62
2023-05-10 09:40:17,IO2312-C-3600,IO2312-C-3600,477.4,0.0,0.0,0.0,6,431.2,438.4,6,477.4,428.4,0.0,0.0,0.0,0.0,62
2023-05-10 09:40:26,IO2312-C-3600,IO2312-C-3600,477.4,0.0,0.0,0.0,6,431.2,438.4,12,477.4,428.4,0.0,0.0,0.0,0.0,62
2023-05-10 09:40:27,IO2312-C-3600,IO2312-C-3600,477.4,0.0,0.0,0.0,6,431.2,438.2,6,477.4,428.4,0.0,0.0,0.0,0.0,62
2023-05-10 09:40:31,IO2312-C-3600,IO2312-C-3600,477.4,0.0,0.0,0.0,6,431.2,438.0,6,477.4,428.4,0.0,0.0,0.0,0.0,62
2023-05-10 09:40:32,IO2312-C-3600,IO2312-C-3600,477.4,0.0,0.0,0.0,6,431.2,437.8,6,477.4,428.4,0.0,0.0,0.0,0.0,62
2023-05-10 09:40:32,IO2312-C-3600,IO2312-C-3600,477.4,0.0,0.0,0.0,6,431.2,437.2,6,477.4,428.4,0.0,0.0,0.0,0.0,62
2023-05-10 09:40:33,IO2312-C-3600,IO2312-C-3600,477.4,0.0,0.0,0.0,6,431.2,437.0,6,477.4,428.4,0.0,0.0,0.0,0.0,62
2023-05-10 09:40:34,IO2312-C-3600,IO2312-C-3600,477.4,0.0,0.0,0.0,6,431.2,436.8,6,477.4,428.4,0.0,0.0,0.0,0.0,62
2023-05-10 09:40:34,IO2312-C-3600,IO2312-C-3600,477.4,0.0,0.0,0.0,6,431.2,436.6,6,477.4,428.4,0.0,0.0,0.0,0.0,62
2023-05-10 09:40:35,IO2312-C-3600,IO2312-C-3600,477.4,0.0,0.0,0.0,6,431.2,436.2,3,477.4,428.4,0.0,0.0,0.0,0.0,62
2023-05-10 09:40:35,IO2312-C-3600,IO2312-C-3600,477.4,0.0,0.0,0.0,6,431.2,436.0,6,477.4,428.4,0.0,0.0,0.0,0.0,62
2023-05-10 09:40:36,IO2312-C-3600,IO2312-C-3600,477.4,0.0,0.0,0.0,6,431.2,436.6,6,477.4,428.4,0.0,0.0,0.0,0.0,62
2023-05-10 09:40:36,IO2312-C-3600,IO2312-C-3600,477.4,0.0,0.0,0.0,6,431.2,436.4,3,477.4,428.4,0.0,0.0,0.0,0.0,62
2023-05-10 09:40:37,IO2312-C-3600,IO2312-C-3600,477.4,0.0,0.0,0.0,6,431.2,436.2,6,477.4,428.4,0.0,0.0,0.0,0.0,62
2023-05-10 09:40:40,IO2312-C-3600,IO2312-C-3600,477.4,0.0,0.0,0.0,6,431.2,436.4,15,477.4,428.4,0.0,0.0,0.0,0.0,62
2023-05-10 09:40:40,IO2312-C-3600,IO2312-C-3600,477.4,0.0,0.0,0.0,6,431.2,436.4,12,477.4,428.4,0.0,0.0,0.0,0.0,62
2023-05-10 09:40:41,IO2312-C-3600,IO2312-C-3600,477.4,0.0,0.0,0.0,6,431.2,436.4,6,477.4,428.4,0.0,0.0,0.0,0.0,62
2023-05-10 09:40:41,IO2312-C-3600,IO2312-C-3600,477.4,0.0,0.0,0.0,6,431.2,436.6,6,477.4,428.4,0.0,0.0,0.0,0.0,62
2023-05-10 09:40:44,IO2312-C-3600,IO2312-C-3600,477.4,0.0,0.0,0.0,6,431.4,436.6,6,477.4,428.4,0.0,0.0,0.0,0.0,62
2023-05-10 09:40:44,IO2312-C-3600,IO2312-C-3600,477.4,0.0,0.0,0.0,6,431.4,436.8,24,477.4,428.4,0.0,0.0,0.0,0.0,62
2023-05-10 09:40:45,IO2312-C-3600,IO2312-C-3600,477.4,0.0,0.0,0.0,6,431.4,436.8,18,477.4,428.4,0.0,0.0,0.0,0.0,62
2023-05-10 09:40:45,IO2312-C-3600,IO2312-C-3600,477.4,0.0,0.0,0.0,6,431.4,436.8,12,477.4,428.4,0.0,0.0,0.0,0.0,62
2023-05-10 09:40:46,IO2312-C-3600,IO2312-C-3600,477.4,0.0,0.0,0.0,6,431.4,436.8,6,477.4,428.4,0.0,0.0,0.0,0.0,62
2023-05-10 09:40:46,IO2312-C-3600,IO2312-C-3600,477.4,0.0,0.0,0.0,6,431.4,437.0,6,477.4,428.4,0.0,0.0,0.0,0.0,62
2023-05-10 09:40:48,IO2312-C-3600,IO2312-C-3600,477.4,0.0,0.0,0.0,6,431.2,437.0,6,477.4,428.4,0.0,0.0,0.0,0.0,62
2023-05-10 09:40:52,IO2312-C-3600,IO2312-C-3600,477.4,0.0,0.0,0.0,6,431.2,436.4,3,477.4,428.4,0.0,0.0,0.0,0.0,62
2023-05-10 09:40:53,IO2312-C-3600,IO2312-C-3600,477.4,0.0,0.0,0.0,6,431.2,436.4,9,477.4,428.4,0.0,0.0,0.0,0.0,62
2023-05-10 09:40:55,IO2312-C-3600,IO2312-C-3600,477.4,0.0,0.0,0.0,6,431.2,436.4,6,477.4,428.4,0.0,0.0,0.0,0.0,62
2023-05-10 09:40:56,IO2312-C-3600,IO2312-C-3600,477.4,0.0,0.0,0.0,6,431.2,436.6,18,477.4,428.4,0.0,0.0,0.0,0.0,62
2023-05-10 09:41:05,IO2312-C-3600,IO2312-C-3600,477.4,0.0,0.0,0.0,6,431.0,436.4,6,477.4,428.4,0.0,0.0,0.0,0.0,62
2023-05-10 09:41:05,IO2312-C-3600,IO2312-C-3600,477.4,0.0,0.0,0.0,24,430.4,436.4,6,477.4,428.4,0.0,0.0,0.0,0.0,62
2023-05-10 09:41:06,IO2312-C-3600,IO2312-C-3600,477.4,0.0,0.0,0.0,6,430.4,436.2,6,477.4,428.4,0.0,0.0,0.0,0.0,62
2023-05-10 09:41:06,IO2312-C-3600,IO2312-C-3600,477.4,0.0,0.0,0.0,6,430.2,436.0,6,477.4,428.4,0.0,0.0,0.0,0.0,62
2023-05-10 09:41:07,IO2312-C-3600,IO2312-C-3600,477.4,0.0,0.0,0.0,24,429.8,436.0,6,477.4,428.4,0.0,0.0,0.0,0.0,62
2023-05-10 09:41:07,IO2312-C-3600,IO2312-C-3600,477.4,0.0,0.0,0.0,6,429.8,436.0,6,477.4,428.4,0.0,0.0,0.0,0.0,62
2023-05-10 09:41:08,IO2312-C-3600,IO2312-C-3600,477.4,0.0,0.0,0.0,12,429.4,436.0,9,477.4,428.4,0.0,0.0,0.0,0.0,62
2023-05-10 09:41:08,IO2312-C-3600,IO2312-C-3600,477.4,0.0,0.0,0.0,13,429.0,435.8,6,477.4,428.4,0.0,0.0,0.0,0.0,62
2023-05-10 09:41:09,IO2312-C-3600,IO2312-C-3600,477.4,0.0,0.0,0.0,18,428.8,435.8,6,477.4,428.4,0.0,0.0,0.0,0.0,62
2023-05-10 09:41:09,IO2312-C-3600,IO2312-C-3600,477.4,0.0,0.0,0.0,6,428.8,435.8,6,477.4,428.4,0.0,0.0,0.0,0.0,62
2023-05-10 09:41:36,IO2312-C-3600,IO2312-C-3600,477.4,0.0,0.0,0.0,6,429.0,435.8,6,477.4,428.4,0.0,0.0,0.0,0.0,62
2023-05-10 09:41:42,IO2312-C-3600,IO2312-C-3600,477.4,0.0,0.0,0.0,12,429.0,435.8,6,477.4,428.4,0.0,0.0,0.0,0.0,62
2023-05-10 09:41:42,IO2312-C-3600,IO2312-C-3600,477.4,0.0,0.0,0.0,4,429.4,435.8,6,477.4,428.4,0.0,0.0,0.0,0.0,62
2023-05-10 09:41:43,IO2312-C-3600,IO2312-C-3600,477.4,0.0,0.0,0.0,4,429.4,436.0,24,477.4,428.4,0.0,0.0,0.0,0.0,62
2023-05-10 09:41:44,IO2312-C-3600,IO2312-C-3600,477.4,0.0,0.0,0.0,4,429.4,436.0,12,477.4,428.4,0.0,0.0,0.0,0.0,62
2023-05-10 09:41:44,IO2312-C-3600,IO2312-C-3600,477.4,0.0,0.0,0.0,1,429.4,436.0,6,477.4,428.4,0.0,0.0,0.0,0.0,62
2023-05-10 09:41:45,IO2312-C-3600,IO2312-C-3600,477.4,0.0,0.0,0.0,3,429.6,436.0,6,477.4,428.4,0.0,0.0,0.0,0.0,62
2023-05-10 09:41:46,IO2312-C-3600,IO2312-C-3600,477.4,0.0,0.0,0.0,1,429.4,436.0,6,477.4,428.4,0.0,0.0,0.0,0.0,62
2023-05-10 09:41:47,IO2312-C-3600,IO2312-C-3600,477.4,0.0,0.0,0.0,3,429.4,436.0,6,477.4,428.4,0.0,0.0,0.0,0.0,62
2023-05-10 09:41:48,IO2312-C-3600,IO2312-C-3600,477.4,0.0,0.0,0.0,24,429.0,436.0,6,477.4,428.4,0.0,0.0,0.0,0.0,62
2023-05-10 09:41:49,IO2312-C-3600,IO2312-C-3600,477.4,0.0,0.0,0.0,12,429.0,436.0,9,477.4,428.4,0.0,0.0,0.0,0.0,62
2023-05-10 09:41:49,IO2312-C-3600,IO2312-C-3600,477.4,0.0,0.0,0.0,19,428.8,435.8,6,477.4,428.4,0.0,0.0,0.0,0.0,62
2023-05-10 09:41:50,IO2312-C-3600,IO2312-C-3600,477.4,0.0,0.0,0.0,13,428.8,436.0,6,477.4,428.4,0.0,0.0,0.0,0.0,62
2023-05-10 09:41:50,IO2312-C-3600,IO2312-C-3600,477.4,0.0,0.0,0.0,13,428.8,436.0,9,477.4,428.4,0.0,0.0,0.0,0.0,62
2023-05-10 09:41:51,IO2312-C-3600,IO2312-C-3600,477.4,0.0,0.0,0.0,6,428.8,435.8,6,477.4,428.4,0.0,0.0,0.0,0.0,62
2023-05-10 09:41:51,IO2312-C-3600,IO2312-C-3600,477.4,0.0,0.0,0.0,30,428.6,435.8,6,477.4,428.4,0.0,0.0,0.0,0.0,62
2023-05-10 09:41:52,IO2312-C-3600,IO2312-C-3600,477.4,0.0,0.0,0.0,18,428.6,435.8,6,477.4,428.4,0.0,0.0,0.0,0.0,62
2023-05-10 09:41:52,IO2312-C-3600,IO2312-C-3600,477.4,0.0,0.0,0.0,12,428.6,435.8,6,477.4,428.4,0.0,0.0,0.0,0.0,62
2023-05-10 09:41:53,IO2312-C-3600,IO2312-C-3600,477.4,0.0,0.0,0.0,6,428.6,435.8,6,477.4,428.4,0.0,0.0,0.0,0.0,62
2023-05-10 09:42:03,IO2312-C-3600,IO2312-C-3600,477.4,0.0,0.0,0.0,6,428.6,435.6,6,477.4,428.4,0.0,0.0,0.0,0.0,62
2023-05-10 09:42:04,IO2312-C-3600,IO2312-C-3600,477.4,0.0,0.0,0.0,6,428.6,435.4,6,477.4,428.4,0.0,0.0,0.0,0.0,62
2023-05-10 09:42:09,IO2312-C-3600,IO2312-C-3600,477.4,0.0,0.0,0.0,6,428.6,435.0,3,477.4,428.4,0.0,0.0,0.0,0.0,62
2023-05-10 09:42:09,IO2312-C-3600,IO2312-C-3600,477.4,0.0,0.0,0.0,6,428.6,434.8,6,477.4,428.4,0.0,0.0,0.0,0.0,62
2023-05-10 09:42:24,IO2312-C-3600,IO2312-C-3600,477.4,0.0,0.0,0.0,6,428.6,434.8,12,477.4,428.4,0.0,0.0,0.0,0.0,62
2023-05-10 09:42:25,IO2312-C-3600,IO2312-C-3600,477.4,0.0,0.0,0.0,6,428.6,434.6,6,477.4,428.4,0.0,0.0,0.0,0.0,62
2023-05-10 09:42:27,IO2312-C-3600,IO2312-C-3600,477.4,0.0,0.0,0.0,6,428.6,434.8,6,477.4,428.4,0.0,0.0,0.0,0.0,62
2023-05-10 09:43:12,IO2312-C-3600,IO2312-C-3600,477.4,0.0,0.0,0.0,6,428.8,434.8,6,477.4,428.4,0.0,0.0,0.0,0.0,62
2023-05-10 09:43:24,IO2312-C-3600,IO2312-C-3600,477.4,0.0,0.0,0.0,6,429.0,435.0,12,477.4,428.4,0.0,0.0,0.0,0.0,62
2023-05-10 09:43:24,IO2312-C-3600,IO2312-C-3600,477.4,0.0,0.0,0.0,6,429.2,435.2,18,477.4,428.4,0.0,0.0,0.0,0.0,62
2023-05-10 09:43:25,IO2312-C-3600,IO2312-C-3600,477.4,0.0,0.0,0.0,6,429.2,435.2,12,477.4,428.4,0.0,0.0,0.0,0.0,62
2023-05-10 09:43:25,IO2312-C-3600,IO2312-C-3600,477.4,0.0,0.0,0.0,6,429.2,435.2,6,477.4,428.4,0.0,0.0,0.0,0.0,62
2023-05-10 09:43:27,IO2312-C-3600,IO2312-C-3600,477.4,0.0,0.0,0.0,6,429.0,435.2,6,477.4,428.4,0.0,0.0,0.0,0.0,62
2023-05-10 09:43:28,IO2312-C-3600,IO2312-C-3600,477.4,0.0,0.0,0.0,9,429.0,435.2,6,477.4,428.4,0.0,0.0,0.0,0.0,62
2023-05-10 09:43:29,IO2312-C-3600,IO2312-C-3600,477.4,0.0,0.0,0.0,6,429.0,435.2,6,477.4,428.4,0.0,0.0,0.0,0.0,62
2023-05-10 09:43:42,IO2312-C-3600,IO2312-C-3600,477.4,0.0,0.0,0.0,12,428.8,435.2,6,477.4,428.4,0.0,0.0,0.0,0.0,62
2023-05-10 09:43:43,IO2312-C-3600,IO2312-C-3600,477.4,0.0,0.0,0.0,12,428.6,435.2,6,477.4,428.4,0.0,0.0,0.0,0.0,62
2023-05-10 09:43:43,IO2312-C-3600,IO2312-C-3600,477.4,0.0,0.0,0.0,6,428.6,435.2,6,477.4,428.4,0.0,0.0,0.0,0.0,62
2023-05-10 09:43:47,IO2312-C-3600,IO2312-C-3600,477.4,0.0,0.0,0.0,6,428.6,434.8,3,477.4,428.4,0.0,0.0,0.0,0.0,62
2023-05-10 09:43:48,IO2312-C-3600,IO2312-C-3600,477.4,0.0,0.0,0.0,6,428.6,434.6,6,477.4,428.4,0.0,0.0,0.0,0.0,62
2023-05-10 09:43:50,IO2312-C-3600,IO2312-C-3600,477.4,0.0,0.0,0.0,6,428.6,434.6,12,477.4,428.4,0.0,0.0,0.0,0.0,62
2023-05-10 09:43:51,IO2312-C-3600,IO2312-C-3600,477.4,0.0,0.0,0.0,6,428.6,434.4,6,477.4,428.4,0.0,0.0,0.0,0.0,62
2023-05-10 09:44:01,IO2312-C-3600,IO2312-C-3600,477.4,0.0,0.0,0.0,6,428.6,434.6,6,477.4,428.4,0.0,0.0,0.0,0.0,62
2023-05-10 09:44:03,IO2312-C-3600,IO2312-C-3600,477.4,0.0,0.0,0.0,6,428.6,434.6,12,477.4,428.4,0.0,0.0,0.0,0.0,62
2023-05-10 09:44:03,IO2312-C-3600,IO2312-C-3600,477.4,0.0,0.0,0.0,6,428.6,434.4,6,477.4,428.4,0.0,0.0,0.0,0.0,62
2023-05-10 09:44:07,IO2312-C-3600,IO2312-C-3600,477.4,0.0,0.0,0.0,6,428.6,433.8,3,477.4,428.4,0.0,0.0,0.0,0.0,62
2023-05-10 09:44:07,IO2312-C-3600,IO2312-C-3600,477.4,0.0,0.0,0.0,6,428.6,433.8,9,477.4,428.4,0.0,0.0,0.0,0.0,62
2023-05-10 09:44:08,IO2312-C-3600,IO2312-C-3600,477.4,0.0,0.0,0.0,6,428.6,433.8,6,477.4,428.4,0.0,0.0,0.0,0.0,62
2023-05-10 09:44:08,IO2312-C-3600,IO2312-C-3600,477.4,0.0,0.0,0.0,6,428.6,434.4,6,477.4,428.4,0.0,0.0,0.0,0.0,62
2023-05-10 09:44:09,IO2312-C-3600,IO2312-C-3600,477.4,0.0,0.0,0.0,6,428.6,434.0,3,477.4,428.4,0.0,0.0,0.0,0.0,62
2023-05-10 09:44:09,IO2312-C-3600,IO2312-C-3600,477.4,0.0,0.0,0.0,6,428.6,433.8,6,477.4,428.4,0.0,0.0,0.0,0.0,62
2023-05-10 09:44:13,IO2312-C-3600,IO2312-C-3600,477.4,0.0,0.0,0.0,6,428.6,434.0,21,477.4,428.4,0.0,0.0,0.0,0.0,62
2023-05-10 09:44:13,IO2312-C-3600,IO2312-C-3600,477.4,0.0,0.0,0.0,6,428.6,434.0,12,477.4,428.4,0.0,0.0,0.0,0.0,62
2023-05-10 09:44:14,IO2312-C-3600,IO2312-C-3600,477.4,0.0,0.0,0.0,6,428.6,434.0,6,477.4,428.4,0.0,0.0,0.0,0.0,62
2023-05-10 09:44:14,IO2312-C-3600,IO2312-C-3600,477.4,0.0,0.0,0.0,6,428.6,434.4,6,477.4,428.4,0.0,0.0,0.0,0.0,62
2023-05-10 09:44:34,IO2312-C-3600,IO2312-C-3600,477.4,0.0,0.0,0.0,6,428.6,434.4,12,477.4,428.4,0.0,0.0,0.0,0.0,62
2023-05-10 09:44:34,IO2312-C-3600,IO2312-C-3600,477.4,0.0,0.0,0.0,6,428.6,434.2,6,477.4,428.4,0.0,0.0,0.0,0.0,62
2023-05-10 09:45:09,IO2312-C-3600,IO2312-C-3600,477.4,0.0,0.0,0.0,6,428.6,434.4,6,477.4,428.4,0.0,0.0,0.0,0.0,62
2023-05-10 09:45:09,IO2312-C-3600,IO2312-C-3600,477.4,0.0,0.0,0.0,6,428.6,434.0,3,477.4,428.4,0.0,0.0,0.0,0.0,62
2023-05-10 09:45:10,IO2312-C-3600,IO2312-C-3600,477.4,0.0,0.0,0.0,6,428.6,434.0,9,477.4,428.4,0.0,0.0,0.0,0.0,62
2023-05-10 09:45:10,IO2312-C-3600,IO2312-C-3600,477.4,0.0,0.0,0.0,6,428.6,433.8,6,477.4,428.4,0.0,0.0,0.0,0.0,62
2023-05-10 09:45:11,IO2312-C-3600,IO2312-C-3600,477.4,0.0,0.0,0.0,6,428.6,434.2,6,477.4,428.4,0.0,0.0,0.0,0.0,62
2023-05-10 09:45:18,IO2312-C-3600,IO2312-C-3600,477.4,0.0,0.0,0.0,1,429.6,434.2,6,477.4,428.4,0.0,0.0,0.0,0.0,62
2023-05-10 09:45:22,IO2312-C-3600,IO2312-C-3600,477.4,0.0,0.0,0.0,6,428.8,434.4,6,477.4,428.4,0.0,0.0,0.0,0.0,62
2023-05-10 09:45:23,IO2312-C-3600,IO2312-C-3600,477.4,0.0,0.0,0.0,12,428.6,434.4,6,477.4,428.4,0.0,0.0,0.0,0.0,62
2023-05-10 09:45:31,IO2312-C-3600,IO2312-C-3600,477.4,0.0,0.0,0.0,6,428.6,434.4,6,477.4,428.4,0.0,0.0,0.0,0.0,62
2023-05-10 09:46:08,IO2312-C-3600,IO2312-C-3600,477.4,0.0,0.0,0.0,6,428.6,434.2,6,477.4,428.4,0.0,0.0,0.0,0.0,62
2023-05-10 09:46:08,IO2312-C-3600,IO2312-C-3600,477.4,0.0,0.0,0.0,6,428.6,434.0,6,477.4,428.4,0.0,0.0,0.0,0.0,62
2023-05-10 09:46:26,IO2312-C-3600,IO2312-C-3600,477.4,0.0,0.0,0.0,6,428.8,434.2,6,477.4,428.4,0.0,0.0,0.0,0.0,62
2023-05-10 09:46:27,IO2312-C-3600,IO2312-C-3600,477.4,0.0,0.0,0.0,6,428.8,434.4,12,477.4,428.4,0.0,0.0,0.0,0.0,62
2023-05-10 09:46:27,IO2312-C-3600,IO2312-C-3600,477.4,0.0,0.0,0.0,6,428.8,434.4,6,477.4,428.4,0.0,0.0,0.0,0.0,62
2023-05-10 09:46:33,IO2312-C-3600,IO2312-C-3600,477.4,0.0,0.0,0.0,6,428.6,434.4,6,477.4,428.4,0.0,0.0,0.0,0.0,62
2023-05-10 09:46:57,IO2312-C-3600,IO2312-C-3600,477.4,0.0,0.0,0.0,6,428.6,434.2,6,477.4,428.4,0.0,0.0,0.0,0.0,62
2023-05-10 09:46:58,IO2312-C-3600,IO2312-C-3600,477.4,0.0,0.0,0.0,6,428.6,433.8,3,477.4,428.4,0.0,0.0,0.0,0.0,62
2023-05-10 09:46:58,IO2312-C-3600,IO2312-C-3600,477.4,0.0,0.0,0.0,6,428.6,433.6,6,477.4,428.4,0.0,0.0,0.0,0.0,62
2023-05-10 09:47:08,IO2312-C-3600,IO2312-C-3600,477.4,0.0,0.0,0.0,6,428.8,433.6,6,477.4,428.4,0.0,0.0,0.0,0.0,62
2023-05-10 09:47:08,IO2312-C-3600,IO2312-C-3600,477.4,0.0,0.0,0.0,6,428.8,433.8,12,477.4,428.4,0.0,0.0,0.0,0.0,62
2023-05-10 09:47:09,IO2312-C-3600,IO2312-C-3600,477.4,0.0,0.0,0.0,6,428.6,433.8,6,477.4,428.4,0.0,0.0,0.0,0.0,62
2023-05-10 09:47:10,IO2312-C-3600,IO2312-C-3600,477.4,0.0,0.0,0.0,6,428.6,434.0,36,477.4,428.4,0.0,0.0,0.0,0.0,62
2023-05-10 09:47:10,IO2312-C-3600,IO2312-C-3600,477.4,0.0,0.0,0.0,6,428.6,434.0,24,477.4,428.4,0.0,0.0,0.0,0.0,62
2023-05-10 09:47:12,IO2312-C-3600,IO2312-C-3600,477.4,0.0,0.0,0.0,6,428.6,434.0,18,477.4,428.4,0.0,0.0,0.0,0.0,62
2023-05-10 09:47:13,IO2312-C-3600,IO2312-C-3600,477.4,0.0,0.0,0.0,6,428.6,434.0,12,477.4,428.4,0.0,0.0,0.0,0.0,62
2023-05-10 09:47:13,IO2312-C-3600,IO2312-C-3600,477.4,0.0,0.0,0.0,6,428.6,434.0,6,477.4,428.4,0.0,0.0,0.0,0.0,62
2023-05-10 09:47:15,IO2312-C-3600,IO2312-C-3600,477.4,0.0,0.0,0.0,6,428.6,433.8,3,477.4,428.4,0.0,0.0,0.0,0.0,62
2023-05-10 09:47:16,IO2312-C-3600,IO2312-C-3600,477.4,0.0,0.0,0.0,6,428.6,433.6,6,477.4,428.4,0.0,0.0,0.0,0.0,62
2023-05-10 09:47:22,IO2312-C-3600,IO2312-C-3600,477.4,0.0,0.0,0.0,6,428.6,434.0,6,477.4,428.4,0.0,0.0,0.0,0.0,62
2023-05-10 09:47:24,IO2312-C-3600,IO2312-C-3600,477.4,0.0,0.0,0.0,6,428.6,434.0,9,477.4,428.4,0.0,0.0,0.0,0.0,62
2023-05-10 09:47:24,IO2312-C-3600,IO2312-C-3600,477.4,0.0,0.0,0.0,6,428.6,433.8,6,477.4,428.4,0.0,0.0,0.0,0.0,62
2023-05-10 09:47:49,IO2312-C-3600,IO2312-C-3600,477.4,0.0,0.0,0.0,6,428.8,433.8,6,477.4,428.4,0.0,0.0,0.0,0.0,62
2023-05-10 09:47:50,IO2312-C-3600,IO2312-C-3600,477.4,0.0,0.0,0.0,6,428.6,433.8,6,477.4,428.4,0.0,0.0,0.0,0.0,62
2023-05-10 09:47:55,IO2312-C-3600,IO2312-C-3600,477.4,0.0,0.0,0.0,12,428.6,433.8,6,477.4,428.4,0.0,0.0,0.0,0.0,62
2023-05-10 09:48:08,IO2312-C-3600,IO2312-C-3600,477.4,0.0,0.0,0.0,12,428.6,434.0,12,477.4,428.4,0.0,0.0,0.0,0.0,62
2023-05-10 09:48:09,IO2312-C-3600,IO2312-C-3600,477.4,0.0,0.0,0.0,6,428.8,434.2,30,477.4,428.4,0.0,0.0,0.0,0.0,62
2023-05-10 09:48:09,IO2312-C-3600,IO2312-C-3600,477.4,0.0,0.0,0.0,6,428.8,434.2,12,477.4,428.4,0.0,0.0,0.0,0.0,62
2023-05-10 09:48:10,IO2312-C-3600,IO2312-C-3600,477.4,0.0,0.0,0.0,6,428.8,434.4,6,477.4,428.4,0.0,0.0,0.0,0.0,62
2023-05-10 09:48:10,IO2312-C-3600,IO2312-C-3600,477.4,0.0,0.0,0.0,6,429.0,434.6,12,477.4,428.4,0.0,0.0,0.0,0.0,62
2023-05-10 09:48:11,IO2312-C-3600,IO2312-C-3600,477.4,0.0,0.0,0.0,6,429.0,434.6,6,477.4,428.4,0.0,0.0,0.0,0.0,62
2023-05-10 09:48:11,IO2312-C-3600,IO2312-C-3600,477.4,0.0,0.0,0.0,6,429.0,434.8,30,477.4,428.4,0.0,0.0,0.0,0.0,62
2023-05-10 09:48:12,IO2312-C-3600,IO2312-C-3600,477.4,0.0,0.0,0.0,6,429.2,434.8,18,477.4,428.4,0.0,0.0,0.0,0.0,62
2023-05-10 09:48:12,IO2312-C-3600,IO2312-C-3600,477.4,0.0,0.0,0.0,6,429.2,434.8,12,477.4,428.4,0.0,0.0,0.0,0.0,62
2023-05-10 09:48:13,IO2312-C-3600,IO2312-C-3600,477.4,0.0,0.0,0.0,1,430.2,434.8,6,477.4,428.4,0.0,0.0,0.0,0.0,62
2023-05-10 09:48:13,IO2312-C-3600,IO2312-C-3600,477.4,0.0,0.0,0.0,1,430.2,435.0,24,477.4,428.4,0.0,0.0,0.0,0.0,62
2023-05-10 09:48:14,IO2312-C-3600,IO2312-C-3600,477.4,0.0,0.0,0.0,1,430.2,435.0,18,477.4,428.4,0.0,0.0,0.0,0.0,62
2023-05-10 09:48:14,IO2312-C-3600,IO2312-C-3600,477.4,0.0,0.0,0.0,1,430.2,435.0,12,477.4,428.4,0.0,0.0,0.0,0.0,62
2023-05-10 09:48:15,IO2312-C-3600,IO2312-C-3600,477.4,0.0,0.0,0.0,1,430.2,435.0,6,477.4,428.4,0.0,0.0,0.0,0.0,62
2023-05-10 09:48:15,IO2312-C-3600,IO2312-C-3600,477.4,0.0,0.0,0.0,1,430.2,435.2,24,477.4,428.4,0.0,0.0,0.0,0.0,62
2023-05-10 09:48:16,IO2312-C-3600,IO2312-C-3600,477.4,0.0,0.0,0.0,1,430.2,435.2,18,477.4,428.4,0.0,0.0,0.0,0.0,62
2023-05-10 09:48:16,IO2312-C-3600,IO2312-C-3600,477.4,0.0,0.0,0.0,6,429.2,435.2,18,477.4,428.4,0.0,0.0,0.0,0.0,62
2023-05-10 09:48:17,IO2312-C-3600,IO2312-C-3600,477.4,0.0,0.0,0.0,6,429.2,435.0,6,477.4,428.4,0.0,0.0,0.0,0.0,62
2023-05-10 09:48:18,IO2312-C-3600,IO2312-C-3600,477.4,0.0,0.0,0.0,24,429.0,435.0,6,477.4,428.4,0.0,0.0,0.0,0.0,62
2023-05-10 09:48:18,IO2312-C-3600,IO2312-C-3600,477.4,0.0,0.0,0.0,12,429.0,435.0,6,477.4,428.4,0.0,0.0,0.0,0.0,62
2023-05-10 09:48:19,IO2312-C-3600,IO2312-C-3600,477.4,0.0,0.0,0.0,6,429.0,435.0,6,477.4,428.4,0.0,0.0,0.0,0.0,62
2023-05-10 09:48:39,IO2312-C-3600,IO2312-C-3600,477.4,0.0,0.0,0.0,6,429.2,435.0,6,477.4,428.4,0.0,0.0,0.0,0.0,62
2023-05-10 09:48:47,IO2312-C-3600,IO2312-C-3600,477.4,0.0,0.0,0.0,6,429.0,435.0,6,477.4,428.4,0.0,0.0,0.0,0.0,62
2023-05-10 09:48:48,IO2312-C-3600,IO2312-C-3600,477.4,0.0,0.0,0.0,36,428.6,435.0,6,477.4,428.4,0.0,0.0,0.0,0.0,62
2023-05-10 09:48:48,IO2312-C-3600,IO2312-C-3600,477.4,0.0,0.0,0.0,18,428.6,435.0,6,477.4,428.4,0.0,0.0,0.0,0.0,62
2023-05-10 09:48:49,IO2312-C-3600,IO2312-C-3600,477.4,0.0,0.0,0.0,12,428.6,435.0,6,477.4,428.4,0.0,0.0,0.0,0.0,62
2023-05-10 09:48:49,IO2312-C-3600,IO2312-C-3600,477.4,0.0,0.0,0.0,6,428.6,435.0,6,477.4,428.4,0.0,0.0,0.0,0.0,62
2023-05-10 09:49:00,IO2312-C-3600,IO2312-C-3600,477.4,0.0,0.0,0.0,6,428.6,434.8,6,477.4,428.4,0.0,0.0,0.0,0.0,62
2023-05-10 09:49:01,IO2312-C-3600,IO2312-C-3600,477.4,0.0,0.0,0.0,6,428.6,434.6,6,477.4,428.4,0.0,0.0,0.0,0.0,62
2023-05-10 09:49:03,IO2312-C-3600,IO2312-C-3600,477.4,0.0,0.0,0.0,6,428.6,434.0,3,477.4,428.4,0.0,0.0,0.0,0.0,62
2023-05-10 09:49:03,IO2312-C-3600,IO2312-C-3600,477.4,0.0,0.0,0.0,6,428.6,433.8,6,477.4,428.4,0.0,0.0,0.0,0.0,62
2023-05-10 09:49:16,IO2312-C-3600,IO2312-C-3600,477.4,0.0,0.0,0.0,6,428.8,433.8,6,477.4,428.4,0.0,0.0,0.0,0.0,62
2023-05-10 09:49:16,IO2312-C-3600,IO2312-C-3600,477.4,0.0,0.0,0.0,6,428.8,434.0,24,477.4,428.4,0.0,0.0,0.0,0.0,62
2023-05-10 09:49:17,IO2312-C-3600,IO2312-C-3600,477.4,0.0,0.0,0.0,6,428.8,434.0,18,477.4,428.4,0.0,0.0,0.0,0.0,62
2023-05-10 09:49:17,IO2312-C-3600,IO2312-C-3600,477.4,0.0,0.0,0.0,6,428.8,434.0,12,477.4,428.4,0.0,0.0,0.0,0.0,62
2023-05-10 09:49:18,IO2312-C-3600,IO2312-C-3600,477.4,0.0,0.0,0.0,6,428.8,434.2,6,477.4,428.4,0.0,0.0,0.0,0.0,62
2023-05-10 09:49:18,IO2312-C-3600,IO2312-C-3600,477.4,0.0,0.0,0.0,6,428.8,434.4,6,477.4,428.4,0.0,0.0,0.0,0.0,62
2023-05-10 09:49:19,IO2312-C-3600,IO2312-C-3600,477.4,0.0,0.0,0.0,6,428.6,434.4,6,477.4,428.4,0.0,0.0,0.0,0.0,62
2023-05-10 09:49:19,IO2312-C-3600,IO2312-C-3600,477.4,0.0,0.0,0.0,6,428.6,434.4,12,477.4,428.4,0.0,0.0,0.0,0.0,62
2023-05-10 09:49:20,IO2312-C-3600,IO2312-C-3600,477.4,0.0,0.0,0.0,6,428.6,434.0,3,477.4,428.4,0.0,0.0,0.0,0.0,62
2023-05-10 09:49:20,IO2312-C-3600,IO2312-C-3600,477.4,0.0,0.0,0.0,6,428.6,433.8,6,477.4,428.4,0.0,0.0,0.0,0.0,62
2023-05-10 09:49:35,IO2312-C-3600,IO2312-C-3600,477.4,0.0,0.0,0.0,6,428.6,434.0,27,477.4,428.4,0.0,0.0,0.0,0.0,62
2023-05-10 09:49:35,IO2312-C-3600,IO2312-C-3600,477.4,0.0,0.0,0.0,6,428.6,434.0,21,477.4,428.4,0.0,0.0,0.0,0.0,62
2023-05-10 09:49:36,IO2312-C-3600,IO2312-C-3600,477.4,0.0,0.0,0.0,6,428.6,434.0,18,477.4,428.4,0.0,0.0,0.0,0.0,62
2023-05-10 09:50:00,IO2312-C-3600,IO2312-C-3600,477.4,0.0,0.0,0.0,6,428.6,434.0,12,477.4,428.4,0.0,0.0,0.0,0.0,62
2023-05-10 09:50:01,IO2312-C-3600,IO2312-C-3600,477.4,0.0,0.0,0.0,6,428.6,434.0,6,477.4,428.4,0.0,0.0,0.0,0.0,62
2023-05-10 09:50:14,IO2312-C-3600,IO2312-C-3600,477.4,0.0,0.0,0.0,1,429.4,434.0,6,477.4,428.4,0.0,0.0,0.0,0.0,62
2023-05-10 09:50:14,IO2312-C-3600,IO2312-C-3600,477.4,0.0,0.0,0.0,1,429.4,434.2,18,477.4,428.4,0.0,0.0,0.0,0.0,62
2023-05-10 09:50:15,IO2312-C-3600,IO2312-C-3600,477.4,0.0,0.0,0.0,1,429.4,434.2,6,477.4,428.4,0.0,0.0,0.0,0.0,62
2023-05-10 09:50:15,IO2312-C-3600,IO2312-C-3600,477.4,0.0,0.0,0.0,1,429.4,434.6,30,477.4,428.4,0.0,0.0,0.0,0.0,62
2023-05-10 09:50:16,IO2312-C-3600,IO2312-C-3600,477.4,0.0,0.0,0.0,6,429.6,434.6,12,477.4,428.4,0.0,0.0,0.0,0.0,62
2023-05-10 09:50:16,IO2312-C-3600,IO2312-C-3600,477.4,0.0,0.0,0.0,6,429.6,434.8,30,477.4,428.4,0.0,0.0,0.0,0.0,62
2023-05-10 09:50:17,IO2312-C-3600,IO2312-C-3600,477.4,0.0,0.0,0.0,6,429.6,434.8,12,477.4,428.4,0.0,0.0,0.0,0.0,62
2023-05-10 09:50:17,IO2312-C-3600,IO2312-C-3600,477.4,0.0,0.0,0.0,6,429.6,435.0,12,477.4,428.4,0.0,0.0,0.0,0.0,62
2023-05-10 09:50:18,IO2312-C-3600,IO2312-C-3600,477.4,0.0,0.0,0.0,6,429.6,435.2,24,477.4,428.4,0.0,0.0,0.0,0.0,62
2023-05-10 09:50:18,IO2312-C-3600,IO2312-C-3600,477.4,0.0,0.0,0.0,6,429.6,435.2,18,477.4,428.4,0.0,0.0,0.0,0.0,62
2023-05-10 09:50:19,IO2312-C-3600,IO2312-C-3600,477.4,0.0,0.0,0.0,6,429.6,435.2,12,477.4,428.4,0.0,0.0,0.0,0.0,62
2023-05-10 09:50:19,IO2312-C-3600,IO2312-C-3600,477.4,0.0,0.0,0.0,6,429.6,435.2,6,477.4,428.4,0.0,0.0,0.0,0.0,62
2023-05-10 09:50:20,IO2312-C-3600,IO2312-C-3600,477.4,0.0,0.0,0.0,6,429.6,435.8,6,477.4,428.4,0.0,0.0,0.0,0.0,62
2023-05-10 09:50:23,IO2312-C-3600,IO2312-C-3600,477.4,0.0,0.0,0.0,6,429.8,435.8,6,477.4,428.4,0.0,0.0,0.0,0.0,62
2023-05-10 09:50:24,IO2312-C-3600,IO2312-C-3600,477.4,0.0,0.0,0.0,6,430.0,435.8,6,477.4,428.4,0.0,0.0,0.0,0.0,62
2023-05-10 09:50:29,IO2312-C-3600,IO2312-C-3600,477.4,0.0,0.0,0.0,1,430.8,435.8,6,477.4,428.4,0.0,0.0,0.0,0.0,62
2023-05-10 09:50:31,IO2312-C-3600,IO2312-C-3600,477.4,0.0,0.0,0.0,1,430.8,436.0,30,477.4,428.4,0.0,0.0,0.0,0.0,62
2023-05-10 09:50:31,IO2312-C-3600,IO2312-C-3600,477.4,0.0,0.0,0.0,1,430.8,436.0,18,477.4,428.4,0.0,0.0,0.0,0.0,62
2023-05-10 09:50:32,IO2312-C-3600,IO2312-C-3600,477.4,0.0,0.0,0.0,1,430.8,436.0,12,477.4,428.4,0.0,0.0,0.0,0.0,62
2023-05-10 09:50:32,IO2312-C-3600,IO2312-C-3600,477.4,0.0,0.0,0.0,1,430.8,436.0,6,477.4,428.4,0.0,0.0,0.0,0.0,62
2023-05-10 09:50:37,IO2312-C-3600,IO2312-C-3600,477.4,0.0,0.0,0.0,30,430.0,436.0,6,477.4,428.4,0.0,0.0,0.0,0.0,62
2023-05-10 09:50:37,IO2312-C-3600,IO2312-C-3600,477.4,0.0,0.0,0.0,24,430.0,436.0,6,477.4,428.4,0.0,0.0,0.0,0.0,62
2023-05-10 09:50:48,IO2312-C-3600,IO2312-C-3600,477.4,0.0,0.0,0.0,18,430.0,436.0,6,477.4,428.4,0.0,0.0,0.0,0.0,62
2023-05-10 09:50:48,IO2312-C-3600,IO2312-C-3600,477.4,0.0,0.0,0.0,12,430.0,436.0,6,477.4,428.4,0.0,0.0,0.0,0.0,62
2023-05-10 09:50:49,IO2312-C-3600,IO2312-C-3600,477.4,0.0,0.0,0.0,6,430.0,436.0,6,477.4,428.4,0.0,0.0,0.0,0.0,62
2023-05-10 09:51:00,IO2312-C-3600,IO2312-C-3600,477.4,0.0,0.0,0.0,24,429.8,436.0,6,477.4,428.4,0.0,0.0,0.0,0.0,62
2023-05-10 09:51:01,IO2312-C-3600,IO2312-C-3600,477.4,0.0,0.0,0.0,18,429.8,436.0,6,477.4,428.4,0.0,0.0,0.0,0.0,62
2023-05-10 09:51:01,IO2312-C-3600,IO2312-C-3600,477.4,0.0,0.0,0.0,12,429.8,436.0,6,477.4,428.4,0.0,0.0,0.0,0.0,62
2023-05-10 09:51:02,IO2312-C-3600,IO2312-C-3600,477.4,0.0,0.0,0.0,18,429.4,436.0,6,477.4,428.4,0.0,0.0,0.0,0.0,62
2023-05-10 09:51:02,IO2312-C-3600,IO2312-C-3600,477.4,0.0,0.0,0.0,18,429.2,436.0,6,477.4,428.4,0.0,0.0,0.0,0.0,62
2023-05-10 09:51:03,IO2312-C-3600,IO2312-C-3600,477.4,0.0,0.0,0.0,6,429.2,436.0,12,477.4,428.4,0.0,0.0,0.0,0.0,62
2023-05-10 09:51:03,IO2312-C-3600,IO2312-C-3600,477.4,0.0,0.0,0.0,6,429.2,435.8,6,477.4,428.4,0.0,0.0,0.0,0.0,62
2023-05-10 09:51:11,IO2312-C-3600,IO2312-C-3600,477.4,0.0,0.0,0.0,1,429.8,435.8,6,477.4,428.4,0.0,0.0,0.0,0.0,62
2023-05-10 09:51:12,IO2312-C-3600,IO2312-C-3600,477.4,0.0,0.0,0.0,1,429.8,436.0,6,477.4,428.4,0.0,0.0,0.0,0.0,62
2023-05-10 09:51:16,IO2312-C-3600,IO2312-C-3600,477.4,0.0,0.0,0.0,6,430.0,436.0,6,477.4,428.4,0.0,0.0,0.0,0.0,62
2023-05-10 09:51:16,IO2312-C-3600,IO2312-C-3600,477.4,0.0,0.0,0.0,6,430.2,436.0,6,477.4,428.4,0.0,0.0,0.0,0.0,62
2023-05-10 09:51:18,IO2312-C-3600,IO2312-C-3600,477.4,0.0,0.0,0.0,1,431.0,436.0,6,477.4,428.4,0.0,0.0,0.0,0.0,62
2023-05-10 09:51:24,IO2312-C-3600,IO2312-C-3600,477.4,0.0,0.0,0.0,6,430.2,436.0,6,477.4,428.4,0.0,0.0,0.0,0.0,62
2023-05-10 09:51:57,IO2312-C-3600,IO2312-C-3600,477.4,0.0,0.0,0.0,12,430.0,436.0,6,477.4,428.4,0.0,0.0,0.0,0.0,62
2023-05-10 09:51:57,IO2312-C-3600,IO2312-C-3600,477.4,0.0,0.0,0.0,6,430.0,436.0,6,477.4,428.4,0.0,0.0,0.0,0.0,62
2023-05-10 09:51:58,IO2312-C-3600,IO2312-C-3600,477.4,0.0,0.0,0.0,7,429.6,435.6,3,477.4,428.4,0.0,0.0,0.0,0.0,62
2023-05-10 09:51:59,IO2312-C-3600,IO2312-C-3600,477.4,0.0,0.0,0.0,7,429.6,435.4,6,477.4,428.4,0.0,0.0,0.0,0.0,62
2023-05-10 09:52:00,IO2312-C-3600,IO2312-C-3600,477.4,0.0,0.0,0.0,54,429.2,435.4,6,477.4,428.4,0.0,0.0,0.0,0.0,62
2023-05-10 09:52:00,IO2312-C-3600,IO2312-C-3600,477.4,0.0,0.0,0.0,18,429.2,435.4,6,477.4,428.4,0.0,0.0,0.0,0.0,62
2023-05-10 09:52:01,IO2312-C-3600,IO2312-C-3600,477.4,0.0,0.0,0.0,12,429.2,435.4,6,477.4,428.4,0.0,0.0,0.0,0.0,62
2023-05-10 09:52:14,IO2312-C-3600,IO2312-C-3600,477.4,0.0,0.0,0.0,6,429.2,435.4,6,477.4,428.4,0.0,0.0,0.0,0.0,62
2023-05-10 09:52:20,IO2312-C-3600,IO2312-C-3600,477.4,0.0,0.0,0.0,6,429.2,435.2,6,477.4,428.4,0.0,0.0,0.0,0.0,62
2023-05-10 09:52:21,IO2312-C-3600,IO2312-C-3600,477.4,0.0,0.0,0.0,6,429.2,435.0,6,477.4,428.4,0.0,0.0,0.0,0.0,62
2023-05-10 09:52:24,IO2312-C-3600,IO2312-C-3600,477.4,0.0,0.0,0.0,6,429.2,434.6,3,477.4,428.4,0.0,0.0,0.0,0.0,62
2023-05-10 09:52:24,IO2312-C-3600,IO2312-C-3600,477.4,0.0,0.0,0.0,6,429.2,434.4,6,477.4,428.4,0.0,0.0,0.0,0.0,62
2023-05-10 09:52:29,IO2312-C-3600,IO2312-C-3600,477.4,0.0,0.0,0.0,1,428.6,434.4,6,477.4,428.4,0.0,0.0,0.0,0.0,62
2023-05-10 09:52:40,IO2312-C-3600,IO2312-C-3600,477.4,0.0,0.0,0.0,7,428.6,434.4,6,477.4,428.4,0.0,0.0,0.0,0.0,62
2023-05-10 09:52:54,IO2312-C-3600,IO2312-C-3600,477.4,0.0,0.0,0.0,1,428.6,434.4,6,477.4,428.4,0.0,0.0,0.0,0.0,62
2023-05-10 09:53:02,IO2312-C-3600,IO2312-C-3600,477.4,0.0,0.0,0.0,24,428.0,434.4,6,477.4,428.4,0.0,0.0,0.0,0.0,62
2023-05-10 09:53:04,IO2312-C-3600,IO2312-C-3600,477.4,0.0,0.0,0.0,18,428.0,434.4,6,477.4,428.4,0.0,0.0,0.0,0.0,62
2023-05-10 09:53:05,IO2312-C-3600,IO2312-C-3600,477.4,0.0,0.0,0.0,12,428.0,434.4,6,477.4,428.4,0.0,0.0,0.0,0.0,62
2023-05-10 09:53:05,IO2312-C-3600,IO2312-C-3600,477.4,0.0,0.0,0.0,13,427.8,434.4,6,477.4,428.4,0.0,0.0,0.0,0.0,62
2023-05-10 09:53:06,IO2312-C-3600,IO2312-C-3600,477.4,0.0,0.0,0.0,1,427.8,434.4,6,477.4,428.4,0.0,0.0,0.0,0.0,62
2023-05-10 09:53:06,IO2312-C-3600,IO2312-C-3600,477.4,0.0,0.0,0.0,6,427.6,434.4,6,477.4,428.4,0.0,0.0,0.0,0.0,62
2023-05-10 09:53:14,IO2312-C-3600,IO2312-C-3600,477.4,0.0,0.0,0.0,1,428.4,434.4,6,477.4,428.4,0.0,0.0,0.0,0.0,62
2023-05-10 09:53:30,IO2312-C-3600,IO2312-C-3600,477.4,0.0,0.0,0.0,6,428.2,434.4,6,477.4,428.4,0.0,0.0,0.0,0.0,62
2023-05-10 09:54:00,IO2312-C-3600,IO2312-C-3600,477.4,0.0,0.0,0.0,1,428.8,434.4,6,477.4,428.4,0.0,0.0,0.0,0.0,62
2023-05-10 09:54:05,IO2312-C-3600,IO2312-C-3600,477.4,0.0,0.0,0.0,6,428.2,434.4,6,477.4,428.4,0.0,0.0,0.0,0.0,62
2023-05-10 09:54:13,IO2312-C-3600,IO2312-C-3600,477.4,0.0,0.0,0.0,1,428.8,434.4,6,477.4,428.4,0.0,0.0,0.0,0.0,62
2023-05-10 09:54:23,IO2312-C-3600,IO2312-C-3600,477.4,0.0,0.0,0.0,7,428.8,434.4,6,477.4,428.4,0.0,0.0,0.0,0.0,62
2023-05-10 09:54:26,IO2312-C-3600,IO2312-C-3600,477.4,0.0,0.0,0.0,6,428.2,434.4,6,477.4,428.4,0.0,0.0,0.0,0.0,62
2023-05-10 09:54:27,IO2312-C-3600,IO2312-C-3600,477.4,0.0,0.0,0.0,7,428.2,434.4,6,477.4,428.4,0.0,0.0,0.0,0.0,62
2023-05-10 09:54:35,IO2312-C-3600,IO2312-C-3600,477.4,0.0,0.0,0.0,1,428.2,434.4,6,477.4,428.4,0.0,0.0,0.0,0.0,62
2023-05-10 09:54:36,IO2312-C-3600,IO2312-C-3600,477.4,0.0,0.0,0.0,1,428.2,434.4,9,477.4,428.4,0.0,0.0,0.0,0.0,62
2023-05-10 09:54:37,IO2312-C-3600,IO2312-C-3600,477.4,0.0,0.0,0.0,1,428.2,434.2,6,477.4,428.4,0.0,0.0,0.0,0.0,62
2023-05-10 09:54:37,IO2312-C-3600,IO2312-C-3600,477.4,0.0,0.0,0.0,7,428.2,434.2,6,477.4,428.4,0.0,0.0,0.0,0.0,62
2023-05-10 09:54:41,IO2312-C-3600,IO2312-C-3600,477.4,0.0,0.0,0.0,1,428.2,434.2,6,477.4,428.4,0.0,0.0,0.0,0.0,62
2023-05-10 09:55:01,IO2312-C-3600,IO2312-C-3600,477.4,0.0,0.0,0.0,6,428.0,434.2,6,477.4,428.4,0.0,0.0,0.0,0.0,62
2023-05-10 09:55:02,IO2312-C-3600,IO2312-C-3600,477.4,0.0,0.0,0.0,6,427.8,434.2,6,477.4,428.4,0.0,0.0,0.0,0.0,62
2023-05-10 09:55:03,IO2312-C-3600,IO2312-C-3600,477.4,0.0,0.0,0.0,6,427.6,434.2,6,477.4,428.4,0.0,0.0,0.0,0.0,62
2023-05-10 09:55:03,IO2312-C-3600,IO2312-C-3600,477.4,0.0,0.0,0.0,18,427.4,434.2,6,477.4,428.4,0.0,0.0,0.0,0.0,62
2023-05-10 09:55:04,IO2312-C-3600,IO2312-C-3600,477.4,0.0,0.0,0.0,13,427.4,434.2,6,477.4,428.4,0.0,0.0,0.0,0.0,62
2023-05-10 09:55:06,IO2312-C-3600,IO2312-C-3600,477.4,0.0,0.0,0.0,12,427.4,434.2,6,477.4,428.4,0.0,0.0,0.0,0.0,62
2023-05-10 09:55:06,IO2312-C-3600,IO2312-C-3600,477.4,0.0,0.0,0.0,6,427.4,434.0,6,477.4,428.4,0.0,0.0,0.0,0.0,62
2023-05-10 09:55:07,IO2312-C-3600,IO2312-C-3600,477.4,0.0,0.0,0.0,6,427.4,433.8,6,477.4,428.4,0.0,0.0,0.0,0.0,62
2023-05-10 09:55:09,IO2312-C-3600,IO2312-C-3600,477.4,0.0,0.0,0.0,6,427.4,433.4,3,477.4,428.4,0.0,0.0,0.0,0.0,62
2023-05-10 09:55:10,IO2312-C-3600,IO2312-C-3600,477.4,0.0,0.0,0.0,6,427.4,433.2,6,477.4,428.4,0.0,0.0,0.0,0.0,62
2023-05-10 09:56:50,IO2312-C-3600,IO2312-C-3600,477.4,0.0,0.0,0.0,9,427.4,433.2,6,477.4,428.4,0.0,0.0,0.0,0.0,62
2023-05-10 09:56:52,IO2312-C-3600,IO2312-C-3600,477.4,0.0,0.0,0.0,6,427.4,433.2,6,477.4,428.4,0.0,0.0,0.0,0.0,62
2023-05-10 09:57:08,IO2312-C-3600,IO2312-C-3600,477.4,0.0,0.0,0.0,1,428.6,433.2,6,477.4,428.4,0.0,0.0,0.0,0.0,62
2023-05-10 09:57:11,IO2312-C-3600,IO2312-C-3600,477.4,0.0,0.0,0.0,1,428.6,433.4,24,477.4,428.4,0.0,0.0,0.0,0.0,62
2023-05-10 09:57:11,IO2312-C-3600,IO2312-C-3600,477.4,0.0,0.0,0.0,1,428.6,433.4,12,477.4,428.4,0.0,0.0,0.0,0.0,62
2023-05-10 09:57:12,IO2312-C-3600,IO2312-C-3600,477.4,0.0,0.0,0.0,1,428.6,433.8,18,477.4,428.4,0.0,0.0,0.0,0.0,62
2023-05-10 09:57:12,IO2312-C-3600,IO2312-C-3600,477.4,0.0,0.0,0.0,1,428.6,433.8,6,477.4,428.4,0.0,0.0,0.0,0.0,62
2023-05-10 09:57:13,IO2312-C-3600,IO2312-C-3600,477.4,0.0,0.0,0.0,1,428.6,434.0,24,477.4,428.4,0.0,0.0,0.0,0.0,62
2023-05-10 09:57:13,IO2312-C-3600,IO2312-C-3600,477.4,0.0,0.0,0.0,1,428.6,434.0,18,477.4,428.4,0.0,0.0,0.0,0.0,62
2023-05-10 09:57:14,IO2312-C-3600,IO2312-C-3600,477.4,0.0,0.0,0.0,1,428.6,434.0,12,477.4,428.4,0.0,0.0,0.0,0.0,62
2023-05-10 09:57:14,IO2312-C-3600,IO2312-C-3600,477.4,0.0,0.0,0.0,1,428.6,434.0,6,477.4,428.4,0.0,0.0,0.0,0.0,62
2023-05-10 09:57:15,IO2312-C-3600,IO2312-C-3600,477.4,0.0,0.0,0.0,1,428.6,434.2,6,477.4,428.4,0.0,0.0,0.0,0.0,62
2023-05-10 09:57:19,IO2312-C-3600,IO2312-C-3600,477.4,0.0,0.0,0.0,6,428.0,434.2,6,477.4,428.4,0.0,0.0,0.0,0.0,62
2023-05-10 09:57:55,IO2312-C-3600,IO2312-C-3600,477.4,0.0,0.0,0.0,1,428.6,434.2,6,477.4,428.4,0.0,0.0,0.0,0.0,62
2023-05-10 09:58:01,IO2312-C-3600,IO2312-C-3600,477.4,0.0,0.0,0.0,1,428.6,434.4,24,477.4,428.4,0.0,0.0,0.0,0.0,62
2023-05-10 09:58:01,IO2312-C-3600,IO2312-C-3600,477.4,0.0,0.0,0.0,1,428.6,434.4,12,477.4,428.4,0.0,0.0,0.0,0.0,62
2023-05-10 09:58:02,IO2312-C-3600,IO2312-C-3600,477.4,0.0,0.0,0.0,1,428.6,434.4,6,477.4,428.4,0.0,0.0,0.0,0.0,62
2023-05-10 09:58:09,IO2312-C-3600,IO2312-C-3600,477.4,0.0,0.0,0.0,12,428.2,434.4,6,477.4,428.4,0.0,0.0,0.0,0.0,62
2023-05-10 09:58:10,IO2312-C-3600,IO2312-C-3600,477.4,0.0,0.0,0.0,6,428.2,434.4,6,477.4,428.4,0.0,0.0,0.0,0.0,62
2023-05-10 09:58:25,IO2312-C-3600,IO2312-C-3600,477.4,0.0,0.0,0.0,1,429.0,434.4,6,477.4,428.4,0.0,0.0,0.0,0.0,62
2023-05-10 09:59:07,IO2312-C-3600,IO2312-C-3600,477.4,0.0,0.0,0.0,49,428.0,434.4,6,477.4,428.4,0.0,0.0,0.0,0.0,62
2023-05-10 09:59:07,IO2312-C-3600,IO2312-C-3600,477.4,0.0,0.0,0.0,25,428.0,434.4,6,477.4,428.4,0.0,0.0,0.0,0.0,62
2023-05-10 09:59:12,IO2312-C-3600,IO2312-C-3600,477.4,0.0,0.0,0.0,31,428.0,434.4,6,477.4,428.4,0.0,0.0,0.0,0.0,62
2023-05-10 09:59:21,IO2312-C-3600,IO2312-C-3600,477.4,0.0,0.0,0.0,25,428.0,434.4,6,477.4,428.4,0.0,0.0,0.0,0.0,62
2023-05-10 09:59:22,IO2312-C-3600,IO2312-C-3600,477.4,0.0,0.0,0.0,19,428.0,434.4,6,477.4,428.4,0.0,0.0,0.0,0.0,62
2023-05-10 09:59:23,IO2312-C-3600,IO2312-C-3600,477.4,0.0,0.0,0.0,13,428.0,434.4,6,477.4,428.4,0.0,0.0,0.0,0.0,62
2023-05-10 09:59:30,IO2312-C-3600,IO2312-C-3600,477.4,0.0,0.0,0.0,1,429.2,434.4,6,477.4,428.4,0.0,0.0,0.0,0.0,62
2023-05-10 09:59:33,IO2312-C-3600,IO2312-C-3600,477.4,0.0,0.0,0.0,1,429.2,434.6,18,477.4,428.4,0.0,0.0,0.0,0.0,62
2023-05-10 09:59:34,IO2312-C-3600,IO2312-C-3600,477.4,0.0,0.0,0.0,1,429.2,434.6,6,477.4,428.4,0.0,0.0,0.0,0.0,62
2023-05-10 09:59:34,IO2312-C-3600,IO2312-C-3600,477.4,0.0,0.0,0.0,1,429.2,434.8,12,477.4,428.4,0.0,0.0,0.0,0.0,62
2023-05-10 09:59:35,IO2312-C-3600,IO2312-C-3600,477.4,0.0,0.0,0.0,1,429.2,435.0,36,477.4,428.4,0.0,0.0,0.0,0.0,62
2023-05-10 09:59:35,IO2312-C-3600,IO2312-C-3600,477.4,0.0,0.0,0.0,1,429.2,435.0,18,477.4,428.4,0.0,0.0,0.0,0.0,62
2023-05-10 09:59:45,IO2312-C-3600,IO2312-C-3600,477.4,0.0,0.0,0.0,1,429.2,434.8,6,477.4,428.4,0.0,0.0,0.0,0.0,62
2023-05-10 09:59:56,IO2312-C-3600,IO2312-C-3600,477.4,0.0,0.0,0.0,1,429.2,435.0,12,477.4,428.4,0.0,0.0,0.0,0.0,62
2023-05-10 09:59:57,IO2312-C-3600,IO2312-C-3600,477.4,0.0,0.0,0.0,1,429.2,435.0,6,477.4,428.4,0.0,0.0,0.0,0.0,62
2023-05-10 09:59:59,IO2312-C-3600,IO2312-C-3600,477.4,0.0,0.0,0.0,1,429.2,434.8,6,477.4,428.4,0.0,0.0,0.0,0.0,62
2023-05-10 10:00:16,IO2312-C-3600,IO2312-C-3600,477.4,0.0,0.0,0.0,1,429.2,435.2,36,477.4,428.4,0.0,0.0,0.0,0.0,62
2023-05-10 10:00:17,IO2312-C-3600,IO2312-C-3600,477.4,0.0,0.0,0.0,1,429.2,435.2,6,477.4,428.4,0.0,0.0,0.0,0.0,62
2023-05-10 10:00:17,IO2312-C-3600,IO2312-C-3600,477.4,0.0,0.0,0.0,1,429.2,435.4,24,477.4,428.4,0.0,0.0,0.0,0.0,62
2023-05-10 10:00:18,IO2312-C-3600,IO2312-C-3600,477.4,0.0,0.0,0.0,1,429.2,435.4,12,477.4,428.4,0.0,0.0,0.0,0.0,62
2023-05-10 10:00:18,IO2312-C-3600,IO2312-C-3600,477.4,0.0,0.0,0.0,1,429.2,435.4,6,477.4,428.4,0.0,0.0,0.0,0.0,62
2023-05-10 10:00:24,IO2312-C-3600,IO2312-C-3600,477.4,0.0,0.0,0.0,1,429.2,435.2,6,477.4,428.4,0.0,0.0,0.0,0.0,62
2023-05-10 10:00:26,IO2312-C-3600,IO2312-C-3600,477.4,0.0,0.0,0.0,1,429.2,435.4,6,477.4,428.4,0.0,0.0,0.0,0.0,62
2023-05-10 10:00:28,IO2312-C-3600,IO2312-C-3600,477.4,0.0,0.0,0.0,1,429.2,435.6,30,477.4,428.4,0.0,0.0,0.0,0.0,62
2023-05-10 10:00:28,IO2312-C-3600,IO2312-C-3600,477.4,0.0,0.0,0.0,1,429.2,435.6,24,477.4,428.4,0.0,0.0,0.0,0.0,62
2023-05-10 10:00:47,IO2312-C-3600,IO2312-C-3600,477.4,0.0,0.0,0.0,1,429.2,435.6,18,477.4,428.4,0.0,0.0,0.0,0.0,62
2023-05-10 10:00:47,IO2312-C-3600,IO2312-C-3600,477.4,0.0,0.0,0.0,1,429.2,435.6,12,477.4,428.4,0.0,0.0,0.0,0.0,62
2023-05-10 10:00:48,IO2312-C-3600,IO2312-C-3600,477.4,0.0,0.0,0.0,1,429.2,435.6,6,477.4,428.4,0.0,0.0,0.0,0.0,62
2023-05-10 10:00:48,IO2312-C-3600,IO2312-C-3600,477.4,0.0,0.0,0.0,12,429.4,435.8,30,477.4,428.4,0.0,0.0,0.0,0.0,62
2023-05-10 10:00:49,IO2312-C-3600,IO2312-C-3600,477.4,0.0,0.0,0.0,1,430.4,435.8,12,477.4,428.4,0.0,0.0,0.0,0.0,62
2023-05-10 10:00:49,IO2312-C-3600,IO2312-C-3600,477.4,0.0,0.0,0.0,1,430.4,436.0,18,477.4,428.4,0.0,0.0,0.0,0.0,62
2023-05-10 10:00:50,IO2312-C-3600,IO2312-C-3600,477.4,0.0,0.0,0.0,1,430.4,436.0,6,477.4,428.4,0.0,0.0,0.0,0.0,62
2023-05-10 10:00:50,IO2312-C-3600,IO2312-C-3600,477.4,0.0,0.0,0.0,1,430.4,436.2,36,477.4,428.4,0.0,0.0,0.0,0.0,62
2023-05-10 10:00:51,IO2312-C-3600,IO2312-C-3600,477.4,0.0,0.0,0.0,1,430.4,436.2,30,477.4,428.4,0.0,0.0,0.0,0.0,62
2023-05-10 10:00:51,IO2312-C-3600,IO2312-C-3600,477.4,0.0,0.0,0.0,1,430.4,436.2,24,477.4,428.4,0.0,0.0,0.0,0.0,62
2023-05-10 10:00:53,IO2312-C-3600,IO2312-C-3600,477.4,0.0,0.0,0.0,1,430.4,436.2,18,477.4,428.4,0.0,0.0,0.0,0.0,62
2023-05-10 10:00:54,IO2312-C-3600,IO2312-C-3600,477.4,0.0,0.0,0.0,1,430.4,436.2,12,477.4,428.4,0.0,0.0,0.0,0.0,62
2023-05-10 10:00:54,IO2312-C-3600,IO2312-C-3600,477.4,0.0,0.0,0.0,1,430.4,436.2,6,477.4,428.4,0.0,0.0,0.0,0.0,62
2023-05-10 10:00:59,IO2312-C-3600,IO2312-C-3600,477.4,0.0,0.0,0.0,1,430.4,436.0,6,477.4,428.4,0.0,0.0,0.0,0.0,62
2023-05-10 10:01:02,IO2312-C-3600,IO2312-C-3600,477.4,0.0,0.0,0.0,12,429.6,436.0,6,477.4,428.4,0.0,0.0,0.0,0.0,62
2023-05-10 10:01:02,IO2312-C-3600,IO2312-C-3600,477.4,0.0,0.0,0.0,24,429.4,436.0,6,477.4,428.4,0.0,0.0,0.0,0.0,62
2023-05-10 10:01:19,IO2312-C-3600,IO2312-C-3600,477.4,0.0,0.0,0.0,18,429.4,436.0,6,477.4,428.4,0.0,0.0,0.0,0.0,62
2023-05-10 10:01:20,IO2312-C-3600,IO2312-C-3600,477.4,0.0,0.0,0.0,6,429.4,436.0,6,477.4,428.4,0.0,0.0,0.0,0.0,62
2023-05-10 10:01:20,IO2312-C-3600,IO2312-C-3600,477.4,0.0,0.0,0.0,25,429.0,436.0,6,477.4,428.4,0.0,0.0,0.0,0.0,62
2023-05-10 10:01:21,IO2312-C-3600,IO2312-C-3600,477.4,0.0,0.0,0.0,19,429.0,435.6,3,477.4,428.4,0.0,0.0,0.0,0.0,62
2023-05-10 10:01:21,IO2312-C-3600,IO2312-C-3600,477.4,0.0,0.0,0.0,13,429.0,435.4,6,477.4,428.4,0.0,0.0,0.0,0.0,62
2023-05-10 10:01:31,IO2312-C-3600,IO2312-C-3600,477.4,0.0,0.0,0.0,13,429.0,435.6,9,477.4,428.4,0.0,0.0,0.0,0.0,62
2023-05-10 10:01:32,IO2312-C-3600,IO2312-C-3600,477.4,0.0,0.0,0.0,1,430.4,435.6,6,477.4,428.4,0.0,0.0,0.0,0.0,62
2023-05-10 10:01:32,IO2312-C-3600,IO2312-C-3600,477.4,0.0,0.0,0.0,1,430.4,436.0,6,477.4,428.4,0.0,0.0,0.0,0.0,62
2023-05-10 10:01:33,IO2312-C-3600,IO2312-C-3600,477.4,0.0,0.0,0.0,1,430.4,436.0,9,477.4,428.4,0.0,0.0,0.0,0.0,62
2023-05-10 10:01:33,IO2312-C-3600,IO2312-C-3600,477.4,0.0,0.0,0.0,1,430.4,435.8,6,477.4,428.4,0.0,0.0,0.0,0.0,62
2023-05-10 10:01:54,IO2312-C-3600,IO2312-C-3600,477.4,0.0,0.0,0.0,1,430.4,436.0,6,477.4,428.4,0.0,0.0,0.0,0.0,62
2023-05-10 10:02:08,IO2312-C-3600,IO2312-C-3600,477.4,0.0,0.0,0.0,16,429.0,436.0,6,477.4,428.4,0.0,0.0,0.0,0.0,62
2023-05-10 10:02:09,IO2312-C-3600,IO2312-C-3600,477.4,0.0,0.0,0.0,13,429.0,436.0,6,477.4,428.4,0.0,0.0,0.0,0.0,62
2023-05-10 10:02:29,IO2312-C-3600,IO2312-C-3600,477.4,0.0,0.0,0.0,1,430.2,436.0,6,477.4,428.4,0.0,0.0,0.0,0.0,62
2023-05-10 10:02:50,IO2312-C-3600,IO2312-C-3600,477.4,0.0,0.0,0.0,1,430.2,436.0,9,477.4,428.4,0.0,0.0,0.0,0.0,62
2023-05-10 10:02:50,IO2312-C-3600,IO2312-C-3600,477.4,0.0,0.0,0.0,1,430.2,435.8,6,477.4,428.4,0.0,0.0,0.0,0.0,62
2023-05-10 10:02:58,IO2312-C-3600,IO2312-C-3600,477.4,0.0,0.0,0.0,12,429.0,435.8,6,477.4,428.4,0.0,0.0,0.0,0.0,62
2023-05-10 10:02:58,IO2312-C-3600,IO2312-C-3600,477.4,0.0,0.0,0.0,6,429.0,435.8,6,477.4,428.4,0.0,0.0,0.0,0.0,62
2023-05-10 10:03:01,IO2312-C-3600,IO2312-C-3600,477.4,0.0,0.0,0.0,18,428.8,435.8,6,477.4,428.4,0.0,0.0,0.0,0.0,62
2023-05-10 10:03:01,IO2312-C-3600,IO2312-C-3600,477.4,0.0,0.0,0.0,12,428.8,435.8,6,477.4,428.4,0.0,0.0,0.0,0.0,62
2023-05-10 10:03:02,IO2312-C-3600,IO2312-C-3600,477.4,0.0,0.0,0.0,6,428.8,435.8,6,477.4,428.4,0.0,0.0,0.0,0.0,62
2023-05-10 10:03:09,IO2312-C-3600,IO2312-C-3600,477.4,0.0,0.0,0.0,7,428.8,435.8,6,477.4,428.4,0.0,0.0,0.0,0.0,62
2023-05-10 10:03:11,IO2312-C-3600,IO2312-C-3600,477.4,0.0,0.0,0.0,1,429.8,435.8,6,477.4,428.4,0.0,0.0,0.0,0.0,62
2023-05-10 10:03:13,IO2312-C-3600,IO2312-C-3600,477.4,0.0,0.0,0.0,1,429.8,436.0,30,477.4,428.4,0.0,0.0,0.0,0.0,62
2023-05-10 10:03:13,IO2312-C-3600,IO2312-C-3600,477.4,0.0,0.0,0.0,1,429.8,436.0,18,477.4,428.4,0.0,0.0,0.0,0.0,62
2023-05-10 10:03:14,IO2312-C-3600,IO2312-C-3600,477.4,0.0,0.0,0.0,1,429.8,436.0,12,477.4,428.4,0.0,0.0,0.0,0.0,62
2023-05-10 10:03:14,IO2312-C-3600,IO2312-C-3600,477.4,0.0,0.0,0.0,1,429.8,436.0,6,477.4,428.4,0.0,0.0,0.0,0.0,62
2023-05-10 10:03:59,IO2312-C-3600,IO2312-C-3600,477.4,0.0,0.0,0.0,6,429.4,436.0,6,477.4,428.4,0.0,0.0,0.0,0.0,62
2023-05-10 10:04:01,IO2312-C-3600,IO2312-C-3600,477.4,0.0,0.0,0.0,21,429.2,436.0,6,477.4,428.4,0.0,0.0,0.0,0.0,62
2023-05-10 10:04:01,IO2312-C-3600,IO2312-C-3600,477.4,0.0,0.0,0.0,12,429.2,436.0,6,477.4,428.4,0.0,0.0,0.0,0.0,62
2023-05-10 10:04:02,IO2312-C-3600,IO2312-C-3600,477.4,0.0,0.0,0.0,8,429.0,436.0,6,477.4,428.4,0.0,0.0,0.0,0.0,62
2023-05-10 10:04:02,IO2312-C-3600,IO2312-C-3600,477.4,0.0,0.0,0.0,2,429.0,436.0,6,477.4,428.4,0.0,0.0,0.0,0.0,62
2023-05-10 10:04:03,IO2312-C-3600,IO2312-C-3600,477.4,0.0,0.0,0.0,31,428.8,436.0,6,477.4,428.4,0.0,0.0,0.0,0.0,62
2023-05-10 10:04:03,IO2312-C-3600,IO2312-C-3600,477.4,0.0,0.0,0.0,25,428.8,436.0,6,477.4,428.4,0.0,0.0,0.0,0.0,62
2023-05-10 10:04:05,IO2312-C-3600,IO2312-C-3600,477.4,0.0,0.0,0.0,24,428.8,436.0,6,477.4,428.4,0.0,0.0,0.0,0.0,62
2023-05-10 10:04:12,IO2312-C-3600,IO2312-C-3600,477.4,0.0,0.0,0.0,1,430.0,436.0,6,477.4,428.4,0.0,0.0,0.0,0.0,62
2023-05-10 10:04:18,IO2312-C-3600,IO2312-C-3600,477.4,0.0,0.0,0.0,3,429.6,436.0,6,477.4,428.4,0.0,0.0,0.0,0.0,62
2023-05-10 10:04:18,IO2312-C-3600,IO2312-C-3600,477.4,0.0,0.0,0.0,13,429.0,436.0,6,477.4,428.4,0.0,0.0,0.0,0.0,62
2023-05-10 10:04:19,IO2312-C-3600,IO2312-C-3600,477.4,0.0,0.0,0.0,7,429.0,436.0,6,477.4,428.4,0.0,0.0,0.0,0.0,62
2023-05-10 10:04:19,IO2312-C-3600,IO2312-C-3600,477.4,0.0,0.0,0.0,3,429.2,436.0,6,477.4,428.4,0.0,0.0,0.0,0.0,62
2023-05-10 10:04:20,IO2312-C-3600,IO2312-C-3600,477.4,0.0,0.0,0.0,7,429.0,436.0,6,477.4,428.4,0.0,0.0,0.0,0.0,62
2023-05-10 10:04:26,IO2312-C-3600,IO2312-C-3600,477.4,0.0,0.0,0.0,1,429.0,436.0,6,477.4,428.4,0.0,0.0,0.0,0.0,62
2023-05-10 10:04:37,IO2312-C-3600,IO2312-C-3600,477.4,0.0,0.0,0.0,12,428.8,436.0,6,477.4,428.4,0.0,0.0,0.0,0.0,62
2023-05-10 10:04:37,IO2312-C-3600,IO2312-C-3600,477.4,0.0,0.0,0.0,6,428.8,436.0,6,477.4,428.4,0.0,0.0,0.0,0.0,62
2023-05-10 10:04:38,IO2312-C-3600,IO2312-C-3600,477.4,0.0,0.0,0.0,6,428.8,435.8,6,477.4,428.4,0.0,0.0,0.0,0.0,62
2023-05-10 10:04:38,IO2312-C-3600,IO2312-C-3600,477.4,0.0,0.0,0.0,6,428.8,435.6,6,477.4,428.4,0.0,0.0,0.0,0.0,62
2023-05-10 10:04:44,IO2312-C-3600,IO2312-C-3600,477.4,0.0,0.0,0.0,6,428.8,435.0,3,477.4,428.4,0.0,0.0,0.0,0.0,62
2023-05-10 10:04:44,IO2312-C-3600,IO2312-C-3600,477.4,0.0,0.0,0.0,6,428.8,434.8,6,477.4,428.4,0.0,0.0,0.0,0.0,62
2023-05-10 10:05:11,IO2312-C-3600,IO2312-C-3600,477.4,0.0,0.0,0.0,6,428.8,434.8,12,477.4,428.4,0.0,0.0,0.0,0.0,62
2023-05-10 10:05:11,IO2312-C-3600,IO2312-C-3600,477.4,0.0,0.0,0.0,6,428.8,434.6,6,477.4,428.4,0.0,0.0,0.0,0.0,62
2023-05-10 10:05:28,IO2312-C-3600,IO2312-C-3600,477.4,0.0,0.0,0.0,9,429.0,434.6,6,477.4,428.4,0.0,0.0,0.0,0.0,62
2023-05-10 10:05:29,IO2312-C-3600,IO2312-C-3600,477.4,0.0,0.0,0.0,6,429.2,434.8,6,477.4,428.4,0.0,0.0,0.0,0.0,62
2023-05-10 10:05:29,IO2312-C-3600,IO2312-C-3600,477.4,0.0,0.0,0.0,6,429.2,435.0,30,477.4,428.4,0.0,0.0,0.0,0.0,62
2023-05-10 10:05:30,IO2312-C-3600,IO2312-C-3600,477.4,0.0,0.0,0.0,6,429.2,435.0,24,477.4,428.4,0.0,0.0,0.0,0.0,62
2023-05-10 10:05:32,IO2312-C-3600,IO2312-C-3600,477.4,0.0,0.0,0.0,1,429.4,435.0,24,477.4,428.4,0.0,0.0,0.0,0.0,62
2023-05-10 10:05:32,IO2312-C-3600,IO2312-C-3600,477.4,0.0,0.0,0.0,1,429.4,435.0,18,477.4,428.4,0.0,0.0,0.0,0.0,62
2023-05-10 10:05:33,IO2312-C-3600,IO2312-C-3600,477.4,0.0,0.0,0.0,1,429.4,435.0,12,477.4,428.4,0.0,0.0,0.0,0.0,62
2023-05-10 10:05:33,IO2312-C-3600,IO2312-C-3600,477.4,0.0,0.0,0.0,1,429.4,435.0,6,477.4,428.4,0.0,0.0,0.0,0.0,62
2023-05-10 10:05:34,IO2312-C-3600,IO2312-C-3600,477.4,0.0,0.0,0.0,1,429.4,435.4,6,477.4,428.4,0.0,0.0,0.0,0.0,62
2023-05-10 10:05:57,IO2312-C-3600,IO2312-C-3600,477.4,0.0,0.0,0.0,6,429.2,435.4,6,477.4,428.4,0.0,0.0,0.0,0.0,62
2023-05-10 10:05:58,IO2312-C-3600,IO2312-C-3600,477.4,0.0,0.0,0.0,27,429.0,435.4,6,477.4,428.4,0.0,0.0,0.0,0.0,62
2023-05-10 10:05:58,IO2312-C-3600,IO2312-C-3600,477.4,0.0,0.0,0.0,12,429.0,435.4,6,477.4,428.4,0.0,0.0,0.0,0.0,62
2023-05-10 10:05:59,IO2312-C-3600,IO2312-C-3600,477.4,0.0,0.0,0.0,18,428.8,435.4,6,477.4,428.4,0.0,0.0,0.0,0.0,62
2023-05-10 10:05:59,IO2312-C-3600,IO2312-C-3600,477.4,0.0,0.0,0.0,12,428.8,435.4,6,477.4,428.4,0.0,0.0,0.0,0.0,62
2023-05-10 10:06:00,IO2312-C-3600,IO2312-C-3600,477.4,0.0,0.0,0.0,6,428.8,435.4,6,477.4,428.4,0.0,0.0,0.0,0.0,62
2023-05-10 10:06:08,IO2312-C-3600,IO2312-C-3600,477.4,0.0,0.0,0.0,9,428.8,435.4,6,477.4,428.4,0.0,0.0,0.0,0.0,62
2023-05-10 10:06:09,IO2312-C-3600,IO2312-C-3600,477.4,0.0,0.0,0.0,6,428.8,435.4,6,477.4,428.4,0.0,0.0,0.0,0.0,62
2023-05-10 10:06:10,IO2312-C-3600,IO2312-C-3600,477.4,0.0,0.0,0.0,3,429.0,435.4,6,477.4,428.4,0.0,0.0,0.0,0.0,62
2023-05-10 10:06:12,IO2312-C-3600,IO2312-C-3600,477.4,0.0,0.0,0.0,1,429.6,435.4,6,477.4,428.4,0.0,0.0,0.0,0.0,62
2023-05-10 10:06:15,IO2312-C-3600,IO2312-C-3600,477.4,0.0,0.0,0.0,1,429.6,435.6,30,477.4,428.4,0.0,0.0,0.0,0.0,62
2023-05-10 10:06:15,IO2312-C-3600,IO2312-C-3600,477.4,0.0,0.0,0.0,1,429.6,435.6,12,477.4,428.4,0.0,0.0,0.0,0.0,62
2023-05-10 10:06:16,IO2312-C-3600,IO2312-C-3600,477.4,0.0,0.0,0.0,1,429.6,435.8,24,477.4,428.4,0.0,0.0,0.0,0.0,62
2023-05-10 10:06:16,IO2312-C-3600,IO2312-C-3600,477.4,0.0,0.0,0.0,1,429.6,435.8,18,477.4,428.4,0.0,0.0,0.0,0.0,62
2023-05-10 10:06:18,IO2312-C-3600,IO2312-C-3600,477.4,0.0,0.0,0.0,1,429.6,435.8,12,477.4,428.4,0.0,0.0,0.0,0.0,62
2023-05-10 10:06:18,IO2312-C-3600,IO2312-C-3600,477.4,0.0,0.0,0.0,1,429.6,435.8,6,477.4,428.4,0.0,0.0,0.0,0.0,62
2023-05-10 10:07:01,IO2312-C-3600,IO2312-C-3600,477.4,0.0,0.0,0.0,3,430.0,435.8,6,477.4,428.4,0.0,0.0,0.0,0.0,62
2023-05-10 10:07:03,IO2312-C-3600,IO2312-C-3600,477.4,0.0,0.0,0.0,6,429.8,435.8,6,477.4,428.4,0.0,0.0,0.0,0.0,62
2023-05-10 10:07:04,IO2312-C-3600,IO2312-C-3600,477.4,0.0,0.0,0.0,9,429.8,435.8,6,477.4,428.4,0.0,0.0,0.0,0.0,62
2023-05-10 10:07:05,IO2312-C-3600,IO2312-C-3600,477.4,0.0,0.0,0.0,6,429.8,435.8,6,477.4,428.4,0.0,0.0,0.0,0.0,62
2023-05-10 10:07:12,IO2312-C-3600,IO2312-C-3600,477.4,0.0,0.0,0.0,13,429.6,435.8,6,477.4,428.4,0.0,0.0,0.0,0.0,62
2023-05-10 10:07:13,IO2312-C-3600,IO2312-C-3600,477.4,0.0,0.0,0.0,7,429.6,435.8,6,477.4,428.4,0.0,0.0,0.0,0.0,62
2023-05-10 10:07:16,IO2312-C-3600,IO2312-C-3600,477.4,0.0,0.0,0.0,9,429.4,435.6,6,477.4,428.4,0.0,0.0,0.0,0.0,62
2023-05-10 10:07:16,IO2312-C-3600,IO2312-C-3600,477.4,0.0,0.0,0.0,6,429.4,435.6,6,477.4,428.4,0.0,0.0,0.0,0.0,62
2023-05-10 10:07:32,IO2312-C-3600,IO2312-C-3600,477.4,0.0,0.0,0.0,18,429.2,435.6,6,477.4,428.4,0.0,0.0,0.0,0.0,62
2023-05-10 10:07:33,IO2312-C-3600,IO2312-C-3600,477.4,0.0,0.0,0.0,6,429.2,435.6,6,477.4,428.4,0.0,0.0,0.0,0.0,62
2023-05-10 10:07:33,IO2312-C-3600,IO2312-C-3600,477.4,0.0,0.0,0.0,36,428.8,435.6,6,477.4,428.4,0.0,0.0,0.0,0.0,62
2023-05-10 10:07:34,IO2312-C-3600,IO2312-C-3600,477.4,0.0,0.0,0.0,18,428.8,435.6,6,477.4,428.4,0.0,0.0,0.0,0.0,62
2023-05-10 10:07:34,IO2312-C-3600,IO2312-C-3600,477.4,0.0,0.0,0.0,12,428.8,435.6,6,477.4,428.4,0.0,0.0,0.0,0.0,62
2023-05-10 10:07:35,IO2312-C-3600,IO2312-C-3600,477.4,0.0,0.0,0.0,6,428.8,435.6,6,477.4,428.4,0.0,0.0,0.0,0.0,62
2023-05-10 10:07:41,IO2312-C-3600,IO2312-C-3600,477.4,0.0,0.0,0.0,6,428.8,435.4,6,477.4,428.4,0.0,0.0,0.0,0.0,62
2023-05-10 10:07:42,IO2312-C-3600,IO2312-C-3600,477.4,0.0,0.0,0.0,6,428.8,435.2,6,477.4,428.4,0.0,0.0,0.0,0.0,62
2023-05-10 10:07:54,IO2312-C-3600,IO2312-C-3600,477.4,0.0,0.0,0.0,6,428.8,434.8,3,477.4,428.4,0.0,0.0,0.0,0.0,62
2023-05-10 10:07:55,IO2312-C-3600,IO2312-C-3600,477.4,0.0,0.0,0.0,6,428.8,434.6,6,477.4,428.4,0.0,0.0,0.0,0.0,62
2023-05-10 10:08:21,IO2312-C-3600,IO2312-C-3600,477.4,0.0,0.0,0.0,30,428.2,434.6,6,477.4,428.4,0.0,0.0,0.0,0.0,62
2023-05-10 10:08:21,IO2312-C-3600,IO2312-C-3600,477.4,0.0,0.0,0.0,24,428.2,434.4,6,477.4,428.4,0.0,0.0,0.0,0.0,62
2023-05-10 10:08:22,IO2312-C-3600,IO2312-C-3600,477.4,0.0,0.0,0.0,12,428.2,434.2,6,477.4,428.4,0.0,0.0,0.0,0.0,62
2023-05-10 10:08:22,IO2312-C-3600,IO2312-C-3600,477.4,0.0,0.0,0.0,12,427.4,433.8,3,477.4,428.4,0.0,0.0,0.0,0.0,62
2023-05-10 10:08:23,IO2312-C-3600,IO2312-C-3600,477.4,0.0,0.0,0.0,6,427.2,433.6,6,477.4,428.4,0.0,0.0,0.0,0.0,62
2023-05-10 10:08:23,IO2312-C-3600,IO2312-C-3600,477.4,0.0,0.0,0.0,18,427.0,433.6,6,477.4,428.4,0.0,0.0,0.0,0.0,62
2023-05-10 10:08:24,IO2312-C-3600,IO2312-C-3600,477.4,0.0,0.0,0.0,6,427.0,433.6,6,477.4,428.4,0.0,0.0,0.0,0.0,62
2023-05-10 10:08:24,IO2312-C-3600,IO2312-C-3600,477.4,0.0,0.0,0.0,6,427.2,433.6,6,477.4,428.4,0.0,0.0,0.0,0.0,62
2023-05-10 10:08:25,IO2312-C-3600,IO2312-C-3600,477.4,0.0,0.0,0.0,6,427.0,433.6,6,477.4,428.4,0.0,0.0,0.0,0.0,62
2023-05-10 10:08:29,IO2312-C-3600,IO2312-C-3600,477.4,0.0,0.0,0.0,6,426.8,433.6,6,477.4,428.4,0.0,0.0,0.0,0.0,62
2023-05-10 10:08:45,IO2312-C-3600,IO2312-C-3600,477.4,0.0,0.0,0.0,3,427.0,433.6,6,477.4,428.4,0.0,0.0,0.0,0.0,62
2023-05-10 10:08:47,IO2312-C-3600,IO2312-C-3600,477.4,0.0,0.0,0.0,13,426.8,433.6,6,477.4,428.4,0.0,0.0,0.0,0.0,62
2023-05-10 10:08:48,IO2312-C-3600,IO2312-C-3600,477.4,0.0,0.0,0.0,16,426.8,433.6,6,477.4,428.4,0.0,0.0,0.0,0.0,62
2023-05-10 10:08:53,IO2312-C-3600,IO2312-C-3600,477.4,0.0,0.0,0.0,13,426.8,433.6,6,477.4,428.4,0.0,0.0,0.0,0.0,62
2023-05-10 10:08:54,IO2312-C-3600,IO2312-C-3600,477.4,0.0,0.0,0.0,16,426.8,433.6,6,477.4,428.4,0.0,0.0,0.0,0.0,62
2023-05-10 10:08:56,IO2312-C-3600,IO2312-C-3600,477.4,0.0,0.0,0.0,12,426.8,433.6,6,477.4,428.4,0.0,0.0,0.0,0.0,62
2023-05-10 10:09:09,IO2312-C-3600,IO2312-C-3600,477.4,0.0,0.0,0.0,6,426.8,433.6,6,477.4,428.4,0.0,0.0,0.0,0.0,62
2023-05-10 10:09:10,IO2312-C-3600,IO2312-C-3600,477.4,0.0,0.0,0.0,18,426.6,433.6,6,477.4,428.4,0.0,0.0,0.0,0.0,62
2023-05-10 10:09:10,IO2312-C-3600,IO2312-C-3600,477.4,0.0,0.0,0.0,6,426.6,433.6,6,477.4,428.4,0.0,0.0,0.0,0.0,62
2023-05-10 10:09:11,IO2312-C-3600,IO2312-C-3600,477.4,0.0,0.0,0.0,30,426.4,433.6,6,477.4,428.4,0.0,0.0,0.0,0.0,62
2023-05-10 10:09:11,IO2312-C-3600,IO2312-C-3600,477.4,0.0,0.0,0.0,24,426.4,433.6,6,477.4,428.4,0.0,0.0,0.0,0.0,62
2023-05-10 10:09:56,IO2312-C-3600,IO2312-C-3600,477.4,0.0,0.0,0.0,24,426.4,433.0,3,477.4,428.4,0.0,0.0,0.0,0.0,62
2023-05-10 10:09:57,IO2312-C-3600,IO2312-C-3600,477.4,0.0,0.0,0.0,24,426.4,432.8,6,477.4,428.4,0.0,0.0,0.0,0.0,62
2023-05-10 10:10:01,IO2312-C-3600,IO2312-C-3600,477.4,0.0,0.0,0.0,24,426.4,432.6,6,477.4,428.4,0.0,0.0,0.0,0.0,62
2023-05-10 10:10:02,IO2312-C-3600,IO2312-C-3600,477.4,0.0,0.0,0.0,12,426.4,432.4,6,477.4,428.4,0.0,0.0,0.0,0.0,62
2023-05-10 10:10:02,IO2312-C-3600,IO2312-C-3600,477.4,0.0,0.0,0.0,12,426.2,432.4,6,477.4,428.4,0.0,0.0,0.0,0.0,62
2023-05-10 10:10:03,IO2312-C-3600,IO2312-C-3600,477.4,0.0,0.0,0.0,12,426.0,432.4,6,477.4,428.4,0.0,0.0,0.0,0.0,62
2023-05-10 10:10:03,IO2312-C-3600,IO2312-C-3600,477.4,0.0,0.0,0.0,24,425.8,432.4,6,477.4,428.4,0.0,0.0,0.0,0.0,62
2023-05-10 10:10:04,IO2312-C-3600,IO2312-C-3600,477.4,0.0,0.0,0.0,18,425.8,432.4,6,477.4,428.4,0.0,0.0,0.0,0.0,62
2023-05-10 10:10:04,IO2312-C-3600,IO2312-C-3600,477.4,0.0,0.0,0.0,12,425.8,432.4,6,477.4,428.4,0.0,0.0,0.0,0.0,62
2023-05-10 10:10:05,IO2312-C-3600,IO2312-C-3600,477.4,0.0,0.0,0.0,6,425.8,432.4,6,477.4,428.4,0.0,0.0,0.0,0.0,62
2023-05-10 10:10:07,IO2312-C-3600,IO2312-C-3600,477.4,0.0,0.0,0.0,6,425.8,432.0,3,477.4,428.4,0.0,0.0,0.0,0.0,62
2023-05-10 10:10:08,IO2312-C-3600,IO2312-C-3600,477.4,0.0,0.0,0.0,6,425.8,431.8,6,477.4,428.4,0.0,0.0,0.0,0.0,62
2023-05-10 10:10:15,IO2312-C-3600,IO2312-C-3600,477.4,0.0,0.0,0.0,6,426.0,431.8,6,477.4,428.4,0.0,0.0,0.0,0.0,62
2023-05-10 10:10:25,IO2312-C-3600,IO2312-C-3600,477.4,0.0,0.0,0.0,6,425.8,431.8,6,477.4,428.4,0.0,0.0,0.0,0.0,62
2023-05-10 10:10:33,IO2312-C-3600,IO2312-C-3600,477.4,0.0,0.0,0.0,6,426.0,431.8,6,477.4,428.4,0.0,0.0,0.0,0.0,62
2023-05-10 10:10:50,IO2312-C-3600,IO2312-C-3600,477.4,0.0,0.0,0.0,9,425.8,431.8,6,477.4,428.4,0.0,0.0,0.0,0.0,62
2023-05-10 10:10:50,IO2312-C-3600,IO2312-C-3600,477.4,0.0,0.0,0.0,6,425.8,431.8,6,477.4,428.4,0.0,0.0,0.0,0.0,62
2023-05-10 10:11:49,IO2312-C-3600,IO2312-C-3600,477.4,0.0,0.0,0.0,1,426.6,431.8,6,477.4,428.4,0.0,0.0,0.0,0.0,62
2023-05-10 10:11:50,IO2312-C-3600,IO2312-C-3600,477.4,0.0,0.0,0.0,1,426.6,432.0,18,477.4,428.4,0.0,0.0,0.0,0.0,62
2023-05-10 10:11:51,IO2312-C-3600,IO2312-C-3600,477.4,0.0,0.0,0.0,1,426.6,432.0,12,477.4,428.4,0.0,0.0,0.0,0.0,62
2023-05-10 10:11:51,IO2312-C-3600,IO2312-C-3600,477.4,0.0,0.0,0.0,1,426.6,432.0,6,477.4,428.4,0.0,0.0,0.0,0.0,62
2023-05-10 10:11:52,IO2312-C-3600,IO2312-C-3600,477.4,0.0,0.0,0.0,1,426.6,432.4,6,477.4,428.4,0.0,0.0,0.0,0.0,62
2023-05-10 10:12:00,IO2312-C-3600,IO2312-C-3600,477.4,0.0,0.0,0.0,6,426.0,432.4,6,477.4,428.4,0.0,0.0,0.0,0.0,62
2023-05-10 10:12:31,IO2312-C-3600,IO2312-C-3600,477.4,0.0,0.0,0.0,6,425.8,432.4,6,477.4,428.4,0.0,0.0,0.0,0.0,62
2023-05-10 10:12:58,IO2312-C-3600,IO2312-C-3600,477.4,0.0,0.0,0.0,6,425.8,432.2,3,477.4,428.4,0.0,0.0,0.0,0.0,62
2023-05-10 10:12:59,IO2312-C-3600,IO2312-C-3600,477.4,0.0,0.0,0.0,6,425.8,432.0,6,477.4,428.4,0.0,0.0,0.0,0.0,62
2023-05-10 10:12:59,IO2312-C-3600,IO2312-C-3600,477.4,0.0,0.0,0.0,6,425.8,431.4,6,477.4,428.4,0.0,0.0,0.0,0.0,62
2023-05-10 10:13:00,IO2312-C-3600,IO2312-C-3600,477.4,0.0,0.0,0.0,6,425.8,431.2,6,477.4,428.4,0.0,0.0,0.0,0.0,62
2023-05-10 10:13:00,IO2312-C-3600,IO2312-C-3600,477.4,0.0,0.0,0.0,6,425.4,431.2,6,477.4,428.4,0.0,0.0,0.0,0.0,62
2023-05-10 10:13:01,IO2312-C-3600,IO2312-C-3600,477.4,0.0,0.0,0.0,24,425.2,431.2,6,477.4,428.4,0.0,0.0,0.0,0.0,62
2023-05-10 10:13:01,IO2312-C-3600,IO2312-C-3600,477.4,0.0,0.0,0.0,12,425.2,431.2,9,477.4,428.4,0.0,0.0,0.0,0.0,62
2023-05-10 10:13:02,IO2312-C-3600,IO2312-C-3600,477.4,0.0,0.0,0.0,18,424.8,431.0,6,477.4,428.4,0.0,0.0,0.0,0.0,62
2023-05-10 10:13:02,IO2312-C-3600,IO2312-C-3600,477.4,0.0,0.0,0.0,6,424.8,430.2,6,477.4,428.4,0.0,0.0,0.0,0.0,62
2023-05-10 10:13:03,IO2312-C-3600,IO2312-C-3600,477.4,0.0,0.0,0.0,6,424.6,430.0,6,477.4,428.4,0.0,0.0,0.0,0.0,62
2023-05-10 10:13:03,IO2312-C-3600,IO2312-C-3600,477.4,0.0,0.0,0.0,39,424.2,430.0,6,477.4,428.4,0.0,0.0,0.0,0.0,62
2023-05-10 10:13:04,IO2312-C-3600,IO2312-C-3600,477.4,0.0,0.0,0.0,12,424.2,430.0,6,477.4,428.4,0.0,0.0,0.0,0.0,62
2023-05-10 10:13:04,IO2312-C-3600,IO2312-C-3600,477.4,0.0,0.0,0.0,19,423.6,430.0,6,477.4,428.4,0.0,0.0,0.0,0.0,62
2023-05-10 10:13:05,IO2312-C-3600,IO2312-C-3600,477.4,0.0,0.0,0.0,13,423.6,430.0,6,477.4,428.4,0.0,0.0,0.0,0.0,62
2023-05-10 10:13:07,IO2312-C-3600,IO2312-C-3600,477.4,0.0,0.0,0.0,12,423.6,430.0,6,477.4,428.4,0.0,0.0,0.0,0.0,62
2023-05-10 10:13:08,IO2312-C-3600,IO2312-C-3600,477.4,0.0,0.0,0.0,6,423.6,430.0,6,477.4,428.4,0.0,0.0,0.0,0.0,62
2023-05-10 10:13:31,IO2312-C-3600,IO2312-C-3600,477.4,0.0,0.0,0.0,6,423.0,430.0,6,477.4,428.4,0.0,0.0,0.0,0.0,62
2023-05-10 10:13:47,IO2312-C-3600,IO2312-C-3600,477.4,0.0,0.0,0.0,6,423.0,429.0,6,477.4,428.4,0.0,0.0,0.0,0.0,62
2023-05-10 10:13:48,IO2312-C-3600,IO2312-C-3600,477.4,0.0,0.0,0.0,6,423.0,428.8,6,477.4,428.4,0.0,0.0,0.0,0.0,62
2023-05-10 10:13:51,IO2312-C-3600,IO2312-C-3600,477.4,0.0,0.0,0.0,18,422.8,428.8,6,477.4,428.4,0.0,0.0,0.0,0.0,62
2023-05-10 10:13:51,IO2312-C-3600,IO2312-C-3600,477.4,0.0,0.0,0.0,6,422.8,428.8,6,477.4,428.4,0.0,0.0,0.0,0.0,62
2023-05-10 10:13:52,IO2312-C-3600,IO2312-C-3600,477.4,0.0,0.0,0.0,30,422.6,428.8,6,477.4,428.4,0.0,0.0,0.0,0.0,62
2023-05-10 10:13:52,IO2312-C-3600,IO2312-C-3600,477.4,0.0,0.0,0.0,18,422.6,428.8,6,477.4,428.4,0.0,0.0,0.0,0.0,62
2023-05-10 10:13:53,IO2312-C-3600,IO2312-C-3600,477.4,0.0,0.0,0.0,12,422.6,428.8,6,477.4,428.4,0.0,0.0,0.0,0.0,62
2023-05-10 10:13:53,IO2312-C-3600,IO2312-C-3600,477.4,0.0,0.0,0.0,6,422.6,428.8,6,477.4,428.4,0.0,0.0,0.0,0.0,62
2023-05-10 10:14:12,IO2312-C-3600,IO2312-C-3600,477.4,0.0,0.0,0.0,6,422.8,428.8,6,477.4,428.4,0.0,0.0,0.0,0.0,62
2023-05-10 10:14:24,IO2312-C-3600,IO2312-C-3600,477.4,0.0,0.0,0.0,6,422.6,428.8,6,477.4,428.4,0.0,0.0,0.0,0.0,62
2023-05-10 10:16:00,IO2312-C-3600,IO2312-C-3600,477.4,0.0,0.0,0.0,3,422.8,428.8,6,477.4,428.4,0.0,0.0,0.0,0.0,62
2023-05-10 10:16:00,IO2312-C-3600,IO2312-C-3600,477.4,0.0,0.0,0.0,9,422.8,428.8,6,477.4,428.4,0.0,0.0,0.0,0.0,62
2023-05-10 10:16:01,IO2312-C-3600,IO2312-C-3600,477.4,0.0,0.0,0.0,6,423.0,428.8,6,477.4,428.4,0.0,0.0,0.0,0.0,62
2023-05-10 10:16:03,IO2312-C-3600,IO2312-C-3600,477.4,0.0,0.0,0.0,1,423.8,428.8,6,477.4,428.4,0.0,0.0,0.0,0.0,62
2023-05-10 10:16:06,IO2312-C-3600,IO2312-C-3600,477.4,0.0,0.0,0.0,1,423.8,429.0,24,477.4,428.4,0.0,0.0,0.0,0.0,62
2023-05-10 10:16:06,IO2312-C-3600,IO2312-C-3600,477.4,0.0,0.0,0.0,1,423.8,429.0,12,477.4,428.4,0.0,0.0,0.0,0.0,62
2023-05-10 10:16:07,IO2312-C-3600,IO2312-C-3600,477.4,0.0,0.0,0.0,1,423.8,429.0,6,477.4,428.4,0.0,0.0,0.0,0.0,62
2023-05-10 10:16:07,IO2312-C-3600,IO2312-C-3600,477.4,0.0,0.0,0.0,6,423.0,429.0,6,477.4,428.4,0.0,0.0,0.0,0.0,62
2023-05-10 10:16:32,IO2312-C-3600,IO2312-C-3600,477.4,0.0,0.0,0.0,15,422.8,429.0,6,477.4,428.4,0.0,0.0,0.0,0.0,62
2023-05-10 10:16:33,IO2312-C-3600,IO2312-C-3600,477.4,0.0,0.0,0.0,6,422.8,429.0,6,477.4,428.4,0.0,0.0,0.0,0.0,62
2023-05-10 10:16:33,IO2312-C-3600,IO2312-C-3600,477.4,0.0,0.0,0.0,30,422.6,429.0,6,477.4,428.4,0.0,0.0,0.0,0.0,62
2023-05-10 10:16:34,IO2312-C-3600,IO2312-C-3600,477.4,0.0,0.0,0.0,24,422.6,429.0,6,477.4,428.4,0.0,0.0,0.0,0.0,62
2023-05-10 10:17:11,IO2312-C-3600,IO2312-C-3600,477.4,0.0,0.0,0.0,1,423.4,429.0,6,477.4,428.4,0.0,0.0,0.0,0.0,62
2023-05-10 10:17:21,IO2312-C-3600,IO2312-C-3600,477.4,0.0,0.0,0.0,9,423.2,429.0,6,477.4,428.4,0.0,0.0,0.0,0.0,62
2023-05-10 10:17:22,IO2312-C-3600,IO2312-C-3600,477.4,0.0,0.0,0.0,6,423.2,429.0,6,477.4,428.4,0.0,0.0,0.0,0.0,62
2023-05-10 10:17:39,IO2312-C-3600,IO2312-C-3600,477.4,0.0,0.0,0.0,6,423.0,429.0,6,477.4,428.4,0.0,0.0,0.0,0.0,62
2023-05-10 10:17:39,IO2312-C-3600,IO2312-C-3600,477.4,0.0,0.0,0.0,24,422.6,429.0,6,477.4,428.4,0.0,0.0,0.0,0.0,62
2023-05-10 10:18:11,IO2312-C-3600,IO2312-C-3600,477.4,0.0,0.0,0.0,18,422.6,429.0,6,477.4,428.4,0.0,0.0,0.0,0.0,62
2023-05-10 10:18:12,IO2312-C-3600,IO2312-C-3600,477.4,0.0,0.0,0.0,12,422.6,429.0,6,477.4,428.4,0.0,0.0,0.0,0.0,62
2023-05-10 10:18:12,IO2312-C-3600,IO2312-C-3600,477.4,0.0,0.0,0.0,6,422.6,429.0,6,477.4,428.4,0.0,0.0,0.0,0.0,62
2023-05-10 10:18:16,IO2312-C-3600,IO2312-C-3600,477.4,0.0,0.0,0.0,6,422.6,428.4,3,477.4,428.4,0.0,0.0,0.0,0.0,62
2023-05-10 10:18:17,IO2312-C-3600,IO2312-C-3600,477.4,0.0,0.0,0.0,6,422.6,428.2,6,477.4,428.4,0.0,0.0,0.0,0.0,62
2023-05-10 10:18:38,IO2312-C-3600,IO2312-C-3600,477.4,0.0,0.0,0.0,6,422.6,428.0,6,477.4,428.4,0.0,0.0,0.0,0.0,62
2023-05-10 10:18:38,IO2312-C-3600,IO2312-C-3600,477.4,0.0,0.0,0.0,6,422.6,428.0,12,477.4,428.4,0.0,0.0,0.0,0.0,62
2023-05-10 10:18:58,IO2312-C-3600,IO2312-C-3600,477.4,0.0,0.0,0.0,6,422.6,427.8,6,477.4,428.4,0.0,0.0,0.0,0.0,62
2023-05-10 10:18:59,IO2312-C-3600,IO2312-C-3600,477.4,0.0,0.0,0.0,6,422.6,427.4,3,477.4,428.4,0.0,0.0,0.0,0.0,62
2023-05-10 10:19:00,IO2312-C-3600,IO2312-C-3600,477.4,0.0,0.0,0.0,6,422.6,427.2,6,477.4,428.4,0.0,0.0,0.0,0.0,62
2023-05-10 10:19:09,IO2312-C-3600,IO2312-C-3600,477.4,0.0,0.0,0.0,6,422.6,427.4,12,477.4,428.4,0.0,0.0,0.0,0.0,62
2023-05-10 10:19:09,IO2312-C-3600,IO2312-C-3600,477.4,0.0,0.0,0.0,6,422.6,427.6,42,477.4,428.4,0.0,0.0,0.0,0.0,62
2023-05-10 10:19:10,IO2312-C-3600,IO2312-C-3600,477.4,0.0,0.0,0.0,6,422.6,427.6,24,477.4,428.4,0.0,0.0,0.0,0.0,62
2023-05-10 10:19:10,IO2312-C-3600,IO2312-C-3600,477.4,0.0,0.0,0.0,6,422.6,427.6,30,477.4,428.4,0.0,0.0,0.0,0.0,62
2023-05-10 10:19:11,IO2312-C-3600,IO2312-C-3600,477.4,0.0,0.0,0.0,6,422.6,427.4,6,477.4,428.4,0.0,0.0,0.0,0.0,62
2023-05-10 10:19:11,IO2312-C-3600,IO2312-C-3600,477.4,0.0,0.0,0.0,6,422.6,427.6,24,477.4,428.4,0.0,0.0,0.0,0.0,62
2023-05-10 10:19:12,IO2312-C-3600,IO2312-C-3600,477.4,0.0,0.0,0.0,6,422.6,427.4,6,477.4,428.4,0.0,0.0,0.0,0.0,62
2023-05-10 10:19:18,IO2312-C-3600,IO2312-C-3600,477.4,0.0,0.0,0.0,6,422.6,427.6,30,477.4,428.4,0.0,0.0,0.0,0.0,62
2023-05-10 10:19:19,IO2312-C-3600,IO2312-C-3600,477.4,0.0,0.0,0.0,6,422.6,427.6,18,477.4,428.4,0.0,0.0,0.0,0.0,62
2023-05-10 10:19:19,IO2312-C-3600,IO2312-C-3600,477.4,0.0,0.0,0.0,6,422.6,427.6,12,477.4,428.4,0.0,0.0,0.0,0.0,62
2023-05-10 10:19:20,IO2312-C-3600,IO2312-C-3600,477.4,0.0,0.0,0.0,6,422.6,427.6,6,477.4,428.4,0.0,0.0,0.0,0.0,62
2023-05-10 10:19:20,IO2312-C-3600,IO2312-C-3600,477.4,0.0,0.0,0.0,6,422.6,427.8,30,477.4,428.4,0.0,0.0,0.0,0.0,62
2023-05-10 10:19:21,IO2312-C-3600,IO2312-C-3600,477.4,0.0,0.0,0.0,6,422.6,427.6,6,477.4,428.4,0.0,0.0,0.0,0.0,62
2023-05-10 10:19:21,IO2312-C-3600,IO2312-C-3600,477.4,0.0,0.0,0.0,6,422.6,427.8,24,477.4,428.4,0.0,0.0,0.0,0.0,62
2023-05-10 10:19:22,IO2312-C-3600,IO2312-C-3600,477.4,0.0,0.0,0.0,6,422.6,427.6,6,477.4,428.4,0.0,0.0,0.0,0.0,62
2023-05-10 10:19:23,IO2312-C-3600,IO2312-C-3600,477.4,0.0,0.0,0.0,6,422.6,427.8,24,477.4,428.4,0.0,0.0,0.0,0.0,62
2023-05-10 10:19:52,IO2312-C-3600,IO2312-C-3600,477.4,0.0,0.0,0.0,6,422.6,427.6,6,477.4,428.4,0.0,0.0,0.0,0.0,62
2023-05-10 10:19:52,IO2312-C-3600,IO2312-C-3600,477.4,0.0,0.0,0.0,6,422.6,427.8,24,477.4,428.4,0.0,0.0,0.0,0.0,62
2023-05-10 10:19:54,IO2312-C-3600,IO2312-C-3600,477.4,0.0,0.0,0.0,6,422.6,427.6,6,477.4,428.4,0.0,0.0,0.0,0.0,62
2023-05-10 10:21:44,IO2312-C-3600,IO2312-C-3600,477.4,0.0,0.0,0.0,6,422.6,427.8,30,477.4,428.4,0.0,0.0,0.0,0.0,62
2023-05-10 10:21:44,IO2312-C-3600,IO2312-C-3600,477.4,0.0,0.0,0.0,6,422.6,427.6,6,477.4,428.4,0.0,0.0,0.0,0.0,62
2023-05-10 10:22:19,IO2312-C-3600,IO2312-C-3600,477.4,0.0,0.0,0.0,6,422.8,427.6,6,477.4,428.4,0.0,0.0,0.0,0.0,62
2023-05-10 10:22:19,IO2312-C-3600,IO2312-C-3600,477.4,0.0,0.0,0.0,6,422.8,427.8,24,477.4,428.4,0.0,0.0,0.0,0.0,62
2023-05-10 10:22:20,IO2312-C-3600,IO2312-C-3600,477.4,0.0,0.0,0.0,6,422.6,427.8,12,477.4,428.4,0.0,0.0,0.0,0.0,62
2023-05-10 10:22:20,IO2312-C-3600,IO2312-C-3600,477.4,0.0,0.0,0.0,6,422.6,427.6,6,477.4,428.4,0.0,0.0,0.0,0.0,62
2023-05-10 10:22:21,IO2312-C-3600,IO2312-C-3600,477.4,0.0,0.0,0.0,6,422.6,427.8,6,477.4,428.4,0.0,0.0,0.0,0.0,62
2023-05-10 10:22:28,IO2312-C-3600,IO2312-C-3600,477.4,0.0,0.0,0.0,18,421.8,427.6,6,477.4,428.4,0.0,0.0,0.0,0.0,62
2023-05-10 10:22:28,IO2312-C-3600,IO2312-C-3600,477.4,0.0,0.0,0.0,6,421.8,427.4,6,477.4,428.4,0.0,0.0,0.0,0.0,62
2023-05-10 10:22:29,IO2312-C-3600,IO2312-C-3600,477.4,0.0,0.0,0.0,48,420.8,427.4,6,477.4,428.4,0.0,0.0,0.0,0.0,62
2023-05-10 10:22:29,IO2312-C-3600,IO2312-C-3600,477.4,0.0,0.0,0.0,30,420.8,427.4,6,477.4,428.4,0.0,0.0,0.0,0.0,62
2023-05-10 10:23:04,IO2312-C-3600,IO2312-C-3600,477.4,0.0,0.0,0.0,36,420.8,427.4,6,477.4,428.4,0.0,0.0,0.0,0.0,62
2023-05-10 10:23:04,IO2312-C-3600,IO2312-C-3600,477.4,0.0,0.0,0.0,36,420.8,427.6,6,477.4,428.4,0.0,0.0,0.0,0.0,62
2023-05-10 10:23:14,IO2312-C-3600,IO2312-C-3600,477.4,0.0,0.0,0.0,36,420.8,427.8,6,477.4,428.4,0.0,0.0,0.0,0.0,62
2023-05-10 10:23:17,IO2312-C-3600,IO2312-C-3600,477.4,0.0,0.0,0.0,30,420.8,427.8,12,477.4,428.4,0.0,0.0,0.0,0.0,62
2023-05-10 10:23:18,IO2312-C-3600,IO2312-C-3600,477.4,0.0,0.0,0.0,30,420.8,427.6,6,477.4,428.4,0.0,0.0,0.0,0.0,62
2023-05-10 10:23:30,IO2312-C-3600,IO2312-C-3600,477.4,0.0,0.0,0.0,30,420.8,427.2,6,477.4,428.4,0.0,0.0,0.0,0.0,62
2023-05-10 10:23:30,IO2312-C-3600,IO2312-C-3600,477.4,0.0,0.0,0.0,30,420.8,427.0,9,477.4,428.4,0.0,0.0,0.0,0.0,62
2023-05-10 10:23:31,IO2312-C-3600,IO2312-C-3600,477.4,0.0,0.0,0.0,18,420.8,426.8,6,477.4,428.4,0.0,0.0,0.0,0.0,62
2023-05-10 10:23:31,IO2312-C-3600,IO2312-C-3600,477.4,0.0,0.0,0.0,12,420.8,427.0,6,477.4,428.4,0.0,0.0,0.0,0.0,62
2023-05-10 10:23:32,IO2312-C-3600,IO2312-C-3600,477.4,0.0,0.0,0.0,6,420.8,427.0,6,477.4,428.4,0.0,0.0,0.0,0.0,62
2023-05-10 10:23:42,IO2312-C-3600,IO2312-C-3600,477.4,0.0,0.0,0.0,6,420.8,426.4,3,477.4,428.4,0.0,0.0,0.0,0.0,62
2023-05-10 10:23:42,IO2312-C-3600,IO2312-C-3600,477.4,0.0,0.0,0.0,6,420.4,426.2,6,477.4,428.4,0.0,0.0,0.0,0.0,62
2023-05-10 10:23:53,IO2312-C-3600,IO2312-C-3600,477.4,0.0,0.0,0.0,6,420.2,426.0,6,477.4,428.4,0.0,0.0,0.0,0.0,62
2023-05-10 10:23:53,IO2312-C-3600,IO2312-C-3600,477.4,0.0,0.0,0.0,6,420.2,425.8,6,477.4,428.4,0.0,0.0,0.0,0.0,62
2023-05-10 10:24:06,IO2312-C-3600,IO2312-C-3600,477.4,0.0,0.0,0.0,3,420.6,425.8,6,477.4,428.4,0.0,0.0,0.0,0.0,62
2023-05-10 10:24:07,IO2312-C-3600,IO2312-C-3600,477.4,0.0,0.0,0.0,6,420.8,426.0,18,477.4,428.4,0.0,0.0,0.0,0.0,62
2023-05-10 10:24:07,IO2312-C-3600,IO2312-C-3600,477.4,0.0,0.0,0.0,6,420.8,426.0,6,477.4,428.4,0.0,0.0,0.0,0.0,62
2023-05-10 10:24:08,IO2312-C-3600,IO2312-C-3600,477.4,0.0,0.0,0.0,6,420.8,426.2,24,477.4,428.4,0.0,0.0,0.0,0.0,62
2023-05-10 10:24:08,IO2312-C-3600,IO2312-C-3600,477.4,0.0,0.0,0.0,6,420.8,426.2,18,477.4,428.4,0.0,0.0,0.0,0.0,62
2023-05-10 10:24:14,IO2312-C-3600,IO2312-C-3600,477.4,0.0,0.0,0.0,6,420.8,426.2,12,477.4,428.4,0.0,0.0,0.0,0.0,62
2023-05-10 10:24:15,IO2312-C-3600,IO2312-C-3600,477.4,0.0,0.0,0.0,6,420.8,426.2,6,477.4,428.4,0.0,0.0,0.0,0.0,62
2023-05-10 10:24:15,IO2312-C-3600,IO2312-C-3600,477.4,0.0,0.0,0.0,6,420.8,426.4,30,477.4,428.4,0.0,0.0,0.0,0.0,62
2023-05-10 10:24:16,IO2312-C-3600,IO2312-C-3600,477.4,0.0,0.0,0.0,6,420.8,426.4,18,477.4,428.4,0.0,0.0,0.0,0.0,62
2023-05-10 10:24:22,IO2312-C-3600,IO2312-C-3600,477.4,0.0,0.0,0.0,6,421.0,426.4,12,477.4,428.4,0.0,0.0,0.0,0.0,62
2023-05-10 10:24:22,IO2312-C-3600,IO2312-C-3600,477.4,0.0,0.0,0.0,6,421.0,426.6,30,477.4,428.4,0.0,0.0,0.0,0.0,62
2023-05-10 10:24:23,IO2312-C-3600,IO2312-C-3600,477.4,0.0,0.0,0.0,6,421.0,426.6,18,477.4,428.4,0.0,0.0,0.0,0.0,62
2023-05-10 10:24:25,IO2312-C-3600,IO2312-C-3600,477.4,0.0,0.0,0.0,7,421.0,426.6,18,477.4,428.4,0.0,0.0,0.0,0.0,62
2023-05-10 10:24:26,IO2312-C-3600,IO2312-C-3600,477.4,0.0,0.0,0.0,7,421.0,426.6,12,477.4,428.4,0.0,0.0,0.0,0.0,62
2023-05-10 10:24:27,IO2312-C-3600,IO2312-C-3600,477.4,0.0,0.0,0.0,7,421.0,426.6,6,477.4,428.4,0.0,0.0,0.0,0.0,62
2023-05-10 10:24:27,IO2312-C-3600,IO2312-C-3600,477.4,0.0,0.0,0.0,7,421.0,426.8,6,477.4,428.4,0.0,0.0,0.0,0.0,62
2023-05-10 10:25:07,IO2312-C-3600,IO2312-C-3600,477.4,0.0,0.0,0.0,6,421.0,426.8,6,477.4,428.4,0.0,0.0,0.0,0.0,62
2023-05-10 10:25:07,IO2312-C-3600,IO2312-C-3600,477.4,0.0,0.0,0.0,6,420.8,426.8,6,477.4,428.4,0.0,0.0,0.0,0.0,62
2023-05-10 10:25:29,IO2312-C-3600,IO2312-C-3600,477.4,0.0,0.0,0.0,6,421.0,426.8,6,477.4,428.4,0.0,0.0,0.0,0.0,62
2023-05-10 10:25:30,IO2312-C-3600,IO2312-C-3600,477.4,0.0,0.0,0.0,1,421.4,426.8,6,477.4,428.4,0.0,0.0,0.0,0.0,62
2023-05-10 10:25:31,IO2312-C-3600,IO2312-C-3600,477.4,0.0,0.0,0.0,7,421.4,427.0,18,477.4,428.4,0.0,0.0,0.0,0.0,62
2023-05-10 10:25:31,IO2312-C-3600,IO2312-C-3600,477.4,0.0,0.0,0.0,7,421.4,427.0,12,477.4,428.4,0.0,0.0,0.0,0.0,62
2023-05-10 10:25:32,IO2312-C-3600,IO2312-C-3600,477.4,0.0,0.0,0.0,7,421.4,427.0,6,477.4,428.4,0.0,0.0,0.0,0.0,62
2023-05-10 10:25:37,IO2312-C-3600,IO2312-C-3600,477.4,0.0,0.0,0.0,7,421.4,427.2,24,477.4,428.4,0.0,0.0,0.0,0.0,62
2023-05-10 10:25:38,IO2312-C-3600,IO2312-C-3600,477.4,0.0,0.0,0.0,7,421.4,427.2,12,477.4,428.4,0.0,0.0,0.0,0.0,62
2023-05-10 10:25:38,IO2312-C-3600,IO2312-C-3600,477.4,0.0,0.0,0.0,7,421.4,427.2,6,477.4,428.4,0.0,0.0,0.0,0.0,62
2023-05-10 10:26:01,IO2312-C-3600,IO2312-C-3600,477.4,0.0,0.0,0.0,6,421.4,427.2,6,477.4,428.4,0.0,0.0,0.0,0.0,62
2023-05-10 10:26:05,IO2312-C-3600,IO2312-C-3600,477.4,0.0,0.0,0.0,6,421.2,427.2,6,477.4,428.4,0.0,0.0,0.0,0.0,62
2023-05-10 10:27:23,IO2312-C-3600,IO2312-C-3600,477.4,0.0,0.0,0.0,1,421.8,427.2,6,477.4,428.4,0.0,0.0,0.0,0.0,62
2023-05-10 10:27:25,IO2312-C-3600,IO2312-C-3600,477.4,0.0,0.0,0.0,7,421.8,427.4,18,477.4,428.4,0.0,0.0,0.0,0.0,62
2023-05-10 10:27:25,IO2312-C-3600,IO2312-C-3600,477.4,0.0,0.0,0.0,7,421.8,427.4,6,477.4,428.4,0.0,0.0,0.0,0.0,62
2023-05-10 10:27:26,IO2312-C-3600,IO2312-C-3600,477.4,0.0,0.0,0.0,1,423.0,427.6,30,477.4,428.4,0.0,0.0,0.0,0.0,62
2023-05-10 10:27:26,IO2312-C-3600,IO2312-C-3600,477.4,0.0,0.0,0.0,1,423.0,427.6,12,477.4,428.4,0.0,0.0,0.0,0.0,62
2023-05-10 10:27:27,IO2312-C-3600,IO2312-C-3600,477.4,0.0,0.0,0.0,1,423.0,427.6,6,477.4,428.4,0.0,0.0,0.0,0.0,62
2023-05-10 10:27:30,IO2312-C-3600,IO2312-C-3600,477.4,0.0,0.0,0.0,1,423.0,427.8,24,477.4,428.4,0.0,0.0,0.0,0.0,62
2023-05-10 10:27:30,IO2312-C-3600,IO2312-C-3600,477.4,0.0,0.0,0.0,1,423.0,427.8,18,477.4,428.4,0.0,0.0,0.0,0.0,62
2023-05-10 10:27:31,IO2312-C-3600,IO2312-C-3600,477.4,0.0,0.0,0.0,1,423.0,427.8,6,477.4,428.4,0.0,0.0,0.0,0.0,62
2023-05-10 10:27:31,IO2312-C-3600,IO2312-C-3600,477.4,0.0,0.0,0.0,1,423.0,428.0,42,477.4,428.4,0.0,0.0,0.0,0.0,62
2023-05-10 10:27:32,IO2312-C-3600,IO2312-C-3600,477.4,0.0,0.0,0.0,1,423.0,428.0,24,477.4,428.4,0.0,0.0,0.0,0.0,62
2023-05-10 10:27:56,IO2312-C-3600,IO2312-C-3600,477.4,0.0,0.0,0.0,1,423.0,428.0,18,477.4,428.4,0.0,0.0,0.0,0.0,62
2023-05-10 10:27:56,IO2312-C-3600,IO2312-C-3600,477.4,0.0,0.0,0.0,1,423.0,428.0,6,477.4,428.4,0.0,0.0,0.0,0.0,62
2023-05-10 10:27:57,IO2312-C-3600,IO2312-C-3600,477.4,0.0,0.0,0.0,1,423.0,428.2,24,477.4,428.4,0.0,0.0,0.0,0.0,62
2023-05-10 10:27:57,IO2312-C-3600,IO2312-C-3600,477.4,0.0,0.0,0.0,1,423.0,428.2,18,477.4,428.4,0.0,0.0,0.0,0.0,62
2023-05-10 10:27:58,IO2312-C-3600,IO2312-C-3600,477.4,0.0,0.0,0.0,1,423.0,428.2,12,477.4,428.4,0.0,0.0,0.0,0.0,62
2023-05-10 10:27:58,IO2312-C-3600,IO2312-C-3600,477.4,0.0,0.0,0.0,1,423.0,428.2,6,477.4,428.4,0.0,0.0,0.0,0.0,62
2023-05-10 10:27:59,IO2312-C-3600,IO2312-C-3600,477.4,0.0,0.0,0.0,1,423.0,428.6,6,477.4,428.4,0.0,0.0,0.0,0.0,62
2023-05-10 10:28:32,IO2312-C-3600,IO2312-C-3600,477.4,0.0,0.0,0.0,12,422.4,428.6,6,477.4,428.4,0.0,0.0,0.0,0.0,62
2023-05-10 10:28:32,IO2312-C-3600,IO2312-C-3600,477.4,0.0,0.0,0.0,6,422.4,428.6,6,477.4,428.4,0.0,0.0,0.0,0.0,62
2023-05-10 10:28:34,IO2312-C-3600,IO2312-C-3600,477.4,0.0,0.0,0.0,6,422.0,428.6,6,477.4,428.4,0.0,0.0,0.0,0.0,62
2023-05-10 10:28:34,IO2312-C-3600,IO2312-C-3600,477.4,0.0,0.0,0.0,19,421.8,428.6,6,477.4,428.4,0.0,0.0,0.0,0.0,62
2023-05-10 10:28:35,IO2312-C-3600,IO2312-C-3600,477.4,0.0,0.0,0.0,7,421.8,428.6,6,477.4,428.4,0.0,0.0,0.0,0.0,62
2023-05-10 10:28:35,IO2312-C-3600,IO2312-C-3600,477.4,0.0,0.0,0.0,1,421.8,428.6,6,477.4,428.4,0.0,0.0,0.0,0.0,62
2023-05-10 10:29:04,IO2312-C-3600,IO2312-C-3600,477.4,0.0,0.0,0.0,24,421.6,428.6,6,477.4,428.4,0.0,0.0,0.0,0.0,62
2023-05-10 10:29:06,IO2312-C-3600,IO2312-C-3600,477.4,0.0,0.0,0.0,18,421.6,428.6,6,477.4,428.4,0.0,0.0,0.0,0.0,62
2023-05-10 10:29:07,IO2312-C-3600,IO2312-C-3600,477.4,0.0,0.0,0.0,12,421.6,428.6,6,477.4,428.4,0.0,0.0,0.0,0.0,62
2023-05-10 10:29:07,IO2312-C-3600,IO2312-C-3600,477.4,0.0,0.0,0.0,6,421.6,428.6,6,477.4,428.4,0.0,0.0,0.0,0.0,62
2023-05-10 10:29:08,IO2312-C-3600,IO2312-C-3600,477.4,0.0,0.0,0.0,6,421.6,427.8,6,477.4,428.4,0.0,0.0,0.0,0.0,62
2023-05-10 10:29:09,IO2312-C-3600,IO2312-C-3600,477.4,0.0,0.0,0.0,6,421.6,427.6,6,477.4,428.4,0.0,0.0,0.0,0.0,62
2023-05-10 10:30:01,IO2312-C-3600,IO2312-C-3600,477.4,0.0,0.0,0.0,18,421.0,426.8,6,477.4,428.4,0.0,0.0,0.0,0.0,62
2023-05-10 10:30:01,IO2312-C-3600,IO2312-C-3600,477.4,0.0,0.0,0.0,6,421.0,426.6,6,477.4,428.4,0.0,0.0,0.0,0.0,62
2023-05-10 10:30:02,IO2312-C-3600,IO2312-C-3600,477.4,0.0,0.0,0.0,42,420.6,426.6,6,477.4,428.4,0.0,0.0,0.0,0.0,62
