time,symbol_id,symbol_name,last,trade_volume,trade_amount,open_interest_change,bv1,bp1,ap1,av1,yesterday_close,today_open,today_high,today_low,volume,amount,open_interest
2023-05-10 09:29:00,IO2312-C-4400,IO2312-C-4400,64.4,0.0,0.0,0.0,1,50.0,74.4,1,64.4,59.2,0.0,0.0,0.0,0.0,216
2023-05-10 09:30:00,IO2312-C-4400,IO2312-C-4400,64.4,0.0,0.0,0.0,1,56.2,72.2,1,64.4,59.2,0.0,0.0,0.0,0.0,216
2023-05-10 09:30:00,IO2312-C-4400,IO2312-C-4400,64.4,0.0,0.0,0.0,2,56.2,70.6,1,64.4,59.2,0.0,0.0,0.0,0.0,216
2023-05-10 09:30:01,IO2312-C-4400,IO2312-C-4400,64.4,0.0,0.0,0.0,7,56.2,64.0,1,64.4,59.2,0.0,0.0,0.0,0.0,216
2023-05-10 09:30:01,IO2312-C-4400,IO2312-C-4400,64.4,0.0,0.0,0.0,6,56.4,64.0,1,64.4,59.2,0.0,0.0,0.0,0.0,216
2023-05-10 09:30:05,IO2312-C-4400,IO2312-C-4400,64.4,0.0,0.0,0.0,1,60.8,64.0,1,64.4,59.2,0.0,0.0,0.0,0.0,216
2023-05-10 09:30:07,IO2312-C-4400,IO2312-C-4400,64.4,0.0,0.0,0.0,6,59.6,64.0,1,64.4,59.2,0.0,0.0,0.0,0.0,216
2023-05-10 09:30:08,IO2312-C-4400,IO2312-C-4400,64.4,0.0,0.0,0.0,6,56.4,64.0,1,64.4,59.2,0.0,0.0,0.0,0.0,216
2023-05-10 09:30:12,IO2312-C-4400,IO2312-C-4400,64.4,0.0,0.0,0.0,3,56.6,64.0,1,64.4,59.2,0.0,0.0,0.0,0.0,216
2023-05-10 09:30:13,IO2312-C-4400,IO2312-C-4400,64.4,0.0,0.0,0.0,6,56.8,68.2,1,64.4,59.2,0.0,0.0,0.0,0.0,216
2023-05-10 09:30:13,IO2312-C-4400,IO2312-C-4400,64.4,0.0,0.0,0.0,3,57.0,68.0,3,64.4,59.2,0.0,0.0,0.0,0.0,216
2023-05-10 09:30:14,IO2312-C-4400,IO2312-C-4400,64.4,0.0,0.0,0.0,6,57.2,68.0,3,64.4,59.2,0.0,0.0,0.0,0.0,216
2023-05-10 09:30:14,IO2312-C-4400,IO2312-C-4400,64.4,0.0,0.0,0.0,3,57.4,68.0,3,64.4,59.2,0.0,0.0,0.0,0.0,216
2023-05-10 09:30:15,IO2312-C-4400,IO2312-C-4400,64.4,0.0,0.0,0.0,6,57.6,68.0,3,64.4,59.2,0.0,0.0,0.0,0.0,216
2023-05-10 09:30:15,IO2312-C-4400,IO2312-C-4400,64.4,0.0,0.0,0.0,3,57.8,68.0,3,64.4,59.2,0.0,0.0,0.0,0.0,216
2023-05-10 09:30:16,IO2312-C-4400,IO2312-C-4400,64.4,0.0,0.0,0.0,6,58.0,68.0,3,64.4,59.2,0.0,0.0,0.0,0.0,216
2023-05-10 09:30:16,IO2312-C-4400,IO2312-C-4400,64.4,0.0,0.0,0.0,3,58.2,68.0,3,64.4,59.2,0.0,0.0,0.0,0.0,216
2023-05-10 09:30:17,IO2312-C-4400,IO2312-C-4400,64.4,0.0,0.0,0.0,6,58.4,67.8,6,64.4,59.2,0.0,0.0,0.0,0.0,216
2023-05-10 09:30:17,IO2312-C-4400,IO2312-C-4400,64.4,0.0,0.0,0.0,3,58.6,67.6,3,64.4,59.2,0.0,0.0,0.0,0.0,216
2023-05-10 09:30:18,IO2312-C-4400,IO2312-C-4400,64.4,0.0,0.0,0.0,6,58.8,67.4,6,64.4,59.2,0.0,0.0,0.0,0.0,216
2023-05-10 09:30:18,IO2312-C-4400,IO2312-C-4400,64.4,0.0,0.0,0.0,9,58.8,67.2,3,64.4,59.2,0.0,0.0,0.0,0.0,216
2023-05-10 09:30:19,IO2312-C-4400,IO2312-C-4400,64.4,0.0,0.0,0.0,6,59.0,67.2,3,64.4,59.2,0.0,0.0,0.0,0.0,216
2023-05-10 09:30:20,IO2312-C-4400,IO2312-C-4400,64.4,0.0,0.0,0.0,6,56.4,67.2,3,64.4,59.2,0.0,0.0,0.0,0.0,216
2023-05-10 09:30:20,IO2312-C-4400,IO2312-C-4400,64.4,0.0,0.0,0.0,3,56.6,67.2,3,64.4,59.2,0.0,0.0,0.0,0.0,216
2023-05-10 09:30:21,IO2312-C-4400,IO2312-C-4400,64.4,0.0,0.0,0.0,6,56.8,67.2,3,64.4,59.2,0.0,0.0,0.0,0.0,216
2023-05-10 09:30:21,IO2312-C-4400,IO2312-C-4400,64.4,0.0,0.0,0.0,3,57.0,67.2,3,64.4,59.2,0.0,0.0,0.0,0.0,216
2023-05-10 09:30:22,IO2312-C-4400,IO2312-C-4400,64.4,0.0,0.0,0.0,6,59.6,66.2,6,64.4,59.2,0.0,0.0,0.0,0.0,216
2023-05-10 09:30:22,IO2312-C-4400,IO2312-C-4400,64.4,0.0,0.0,0.0,6,59.6,66.8,6,64.4,59.2,0.0,0.0,0.0,0.0,216
2023-05-10 09:30:23,IO2312-C-4400,IO2312-C-4400,64.4,0.0,0.0,0.0,7,56.2,66.6,3,64.4,59.2,0.0,0.0,0.0,0.0,216
2023-05-10 09:30:24,IO2312-C-4400,IO2312-C-4400,64.4,0.0,0.0,0.0,3,56.4,66.4,6,64.4,59.2,0.0,0.0,0.0,0.0,216
2023-05-10 09:30:25,IO2312-C-4400,IO2312-C-4400,64.4,0.0,0.0,0.0,3,56.4,70.4,6,64.4,59.2,0.0,0.0,0.0,0.0,216
2023-05-10 09:30:25,IO2312-C-4400,IO2312-C-4400,64.4,0.0,0.0,0.0,6,60.0,66.4,6,64.4,59.2,0.0,0.0,0.0,0.0,216
2023-05-10 09:30:26,IO2312-C-4400,IO2312-C-4400,64.4,0.0,0.0,0.0,12,60.0,66.2,6,64.4,59.2,0.0,0.0,0.0,0.0,216
2023-05-10 09:30:26,IO2312-C-4400,IO2312-C-4400,64.4,0.0,0.0,0.0,6,60.0,66.2,12,64.4,59.2,0.0,0.0,0.0,0.0,216
2023-05-10 09:30:27,IO2312-C-4400,IO2312-C-4400,64.4,0.0,0.0,0.0,6,60.0,66.2,6,64.4,59.2,0.0,0.0,0.0,0.0,216
2023-05-10 09:30:27,IO2312-C-4400,IO2312-C-4400,64.4,0.0,0.0,0.0,6,60.0,67.0,6,64.4,59.2,0.0,0.0,0.0,0.0,216
2023-05-10 09:30:28,IO2312-C-4400,IO2312-C-4400,64.4,0.0,0.0,0.0,6,60.0,66.8,3,64.4,59.2,0.0,0.0,0.0,0.0,216
2023-05-10 09:30:28,IO2312-C-4400,IO2312-C-4400,64.4,0.0,0.0,0.0,6,60.0,66.6,6,64.4,59.2,0.0,0.0,0.0,0.0,216
2023-05-10 09:30:29,IO2312-C-4400,IO2312-C-4400,64.4,0.0,0.0,0.0,6,59.0,66.4,3,64.4,59.2,0.0,0.0,0.0,0.0,216
2023-05-10 09:30:29,IO2312-C-4400,IO2312-C-4400,64.4,0.0,0.0,0.0,6,59.0,66.2,12,64.4,59.2,0.0,0.0,0.0,0.0,216
2023-05-10 09:30:30,IO2312-C-4400,IO2312-C-4400,64.4,0.0,0.0,0.0,6,59.0,66.2,6,64.4,59.2,0.0,0.0,0.0,0.0,216
2023-05-10 09:30:30,IO2312-C-4400,IO2312-C-4400,64.4,0.0,0.0,0.0,9,59.0,66.2,9,64.4,59.2,0.0,0.0,0.0,0.0,216
2023-05-10 09:30:31,IO2312-C-4400,IO2312-C-4400,64.4,0.0,0.0,0.0,6,59.0,66.0,6,64.4,59.2,0.0,0.0,0.0,0.0,216
2023-05-10 09:30:31,IO2312-C-4400,IO2312-C-4400,64.4,0.0,0.0,0.0,9,59.0,66.0,3,64.4,59.2,0.0,0.0,0.0,0.0,216
2023-05-10 09:30:32,IO2312-C-4400,IO2312-C-4400,64.4,0.0,0.0,0.0,6,59.0,65.8,6,64.4,59.2,0.0,0.0,0.0,0.0,216
2023-05-10 09:30:32,IO2312-C-4400,IO2312-C-4400,64.4,0.0,0.0,0.0,9,59.0,65.8,3,64.4,59.2,0.0,0.0,0.0,0.0,216
2023-05-10 09:30:33,IO2312-C-4400,IO2312-C-4400,64.4,0.0,0.0,0.0,6,59.0,65.6,6,64.4,59.2,0.0,0.0,0.0,0.0,216
2023-05-10 09:30:33,IO2312-C-4400,IO2312-C-4400,64.4,0.0,0.0,0.0,6,59.2,65.6,9,64.4,59.2,0.0,0.0,0.0,0.0,216
2023-05-10 09:30:34,IO2312-C-4400,IO2312-C-4400,64.4,0.0,0.0,0.0,12,59.2,65.6,6,64.4,59.2,0.0,0.0,0.0,0.0,216
2023-05-10 09:30:34,IO2312-C-4400,IO2312-C-4400,64.4,0.0,0.0,0.0,15,59.2,65.6,9,64.4,59.2,0.0,0.0,0.0,0.0,216
2023-05-10 09:30:35,IO2312-C-4400,IO2312-C-4400,64.4,0.0,0.0,0.0,12,59.2,65.6,6,64.4,59.2,0.0,0.0,0.0,0.0,216
2023-05-10 09:30:35,IO2312-C-4400,IO2312-C-4400,64.4,0.0,0.0,0.0,15,59.2,65.6,9,64.4,59.2,0.0,0.0,0.0,0.0,216
2023-05-10 09:30:36,IO2312-C-4400,IO2312-C-4400,64.4,0.0,0.0,0.0,12,59.2,65.6,6,64.4,59.2,0.0,0.0,0.0,0.0,216
2023-05-10 09:30:36,IO2312-C-4400,IO2312-C-4400,64.4,0.0,0.0,0.0,15,59.2,65.6,9,64.4,59.2,0.0,0.0,0.0,0.0,216
2023-05-10 09:30:37,IO2312-C-4400,IO2312-C-4400,64.4,0.0,0.0,0.0,12,59.2,65.6,6,64.4,59.2,0.0,0.0,0.0,0.0,216
2023-05-10 09:30:37,IO2312-C-4400,IO2312-C-4400,64.4,0.0,0.0,0.0,15,59.2,65.6,9,64.4,59.2,0.0,0.0,0.0,0.0,216
2023-05-10 09:30:38,IO2312-C-4400,IO2312-C-4400,64.4,0.0,0.0,0.0,12,59.2,65.6,6,64.4,59.2,0.0,0.0,0.0,0.0,216
2023-05-10 09:30:38,IO2312-C-4400,IO2312-C-4400,64.4,0.0,0.0,0.0,15,59.2,65.6,9,64.4,59.2,0.0,0.0,0.0,0.0,216
2023-05-10 09:30:39,IO2312-C-4400,IO2312-C-4400,64.4,0.0,0.0,0.0,12,59.2,65.6,6,64.4,59.2,0.0,0.0,0.0,0.0,216
2023-05-10 09:30:39,IO2312-C-4400,IO2312-C-4400,64.4,0.0,0.0,0.0,15,59.2,65.6,9,64.4,59.2,0.0,0.0,0.0,0.0,216
2023-05-10 09:30:40,IO2312-C-4400,IO2312-C-4400,64.4,0.0,0.0,0.0,12,59.2,65.6,6,64.4,59.2,0.0,0.0,0.0,0.0,216
2023-05-10 09:30:40,IO2312-C-4400,IO2312-C-4400,64.4,0.0,0.0,0.0,15,59.2,65.6,9,64.4,59.2,0.0,0.0,0.0,0.0,216
2023-05-10 09:30:41,IO2312-C-4400,IO2312-C-4400,64.4,0.0,0.0,0.0,12,59.2,65.6,15,64.4,59.2,0.0,0.0,0.0,0.0,216
2023-05-10 09:30:41,IO2312-C-4400,IO2312-C-4400,64.4,0.0,0.0,0.0,15,59.2,65.6,21,64.4,59.2,0.0,0.0,0.0,0.0,216
2023-05-10 09:30:42,IO2312-C-4400,IO2312-C-4400,64.4,0.0,0.0,0.0,12,59.2,65.6,18,64.4,59.2,0.0,0.0,0.0,0.0,216
2023-05-10 09:30:42,IO2312-C-4400,IO2312-C-4400,64.4,0.0,0.0,0.0,15,59.2,65.6,12,64.4,59.2,0.0,0.0,0.0,0.0,216
2023-05-10 09:30:43,IO2312-C-4400,IO2312-C-4400,64.4,0.0,0.0,0.0,12,59.2,65.6,6,64.4,59.2,0.0,0.0,0.0,0.0,216
2023-05-10 09:30:43,IO2312-C-4400,IO2312-C-4400,64.4,0.0,0.0,0.0,15,59.2,65.6,6,64.4,59.2,0.0,0.0,0.0,0.0,216
2023-05-10 09:30:44,IO2312-C-4400,IO2312-C-4400,64.4,0.0,0.0,0.0,12,59.2,65.6,6,64.4,59.2,0.0,0.0,0.0,0.0,216
2023-05-10 09:30:44,IO2312-C-4400,IO2312-C-4400,64.4,0.0,0.0,0.0,15,59.2,65.6,6,64.4,59.2,0.0,0.0,0.0,0.0,216
2023-05-10 09:30:45,IO2312-C-4400,IO2312-C-4400,64.4,0.0,0.0,0.0,12,59.2,65.6,6,64.4,59.2,0.0,0.0,0.0,0.0,216
2023-05-10 09:30:45,IO2312-C-4400,IO2312-C-4400,64.4,0.0,0.0,0.0,15,59.2,65.6,12,64.4,59.2,0.0,0.0,0.0,0.0,216
2023-05-10 09:30:46,IO2312-C-4400,IO2312-C-4400,64.4,0.0,0.0,0.0,12,59.2,65.6,12,64.4,59.2,0.0,0.0,0.0,0.0,216
2023-05-10 09:30:46,IO2312-C-4400,IO2312-C-4400,64.4,0.0,0.0,0.0,15,59.2,65.6,12,64.4,59.2,0.0,0.0,0.0,0.0,216
2023-05-10 09:30:47,IO2312-C-4400,IO2312-C-4400,64.4,0.0,0.0,0.0,12,59.2,65.6,12,64.4,59.2,0.0,0.0,0.0,0.0,216
2023-05-10 09:30:58,IO2312-C-4400,IO2312-C-4400,64.4,0.0,0.0,0.0,12,59.2,65.6,6,64.4,59.2,0.0,0.0,0.0,0.0,216
2023-05-10 09:31:00,IO2312-C-4400,IO2312-C-4400,64.4,0.0,0.0,0.0,12,59.2,65.6,12,64.4,59.2,0.0,0.0,0.0,0.0,216
2023-05-10 09:31:00,IO2312-C-4400,IO2312-C-4400,64.4,0.0,0.0,0.0,12,59.2,65.6,15,64.4,59.2,0.0,0.0,0.0,0.0,216
2023-05-10 09:31:01,IO2312-C-4400,IO2312-C-4400,64.4,0.0,0.0,0.0,12,59.2,65.4,6,64.4,59.2,0.0,0.0,0.0,0.0,216
2023-05-10 09:31:01,IO2312-C-4400,IO2312-C-4400,64.4,0.0,0.0,0.0,12,59.2,65.4,9,64.4,59.2,0.0,0.0,0.0,0.0,216
2023-05-10 09:31:02,IO2312-C-4400,IO2312-C-4400,64.4,0.0,0.0,0.0,12,59.2,65.2,6,64.4,59.2,0.0,0.0,0.0,0.0,216
2023-05-10 09:31:02,IO2312-C-4400,IO2312-C-4400,64.4,0.0,0.0,0.0,12,59.2,65.4,6,64.4,59.2,0.0,0.0,0.0,0.0,216
2023-05-10 09:31:04,IO2312-C-4400,IO2312-C-4400,64.4,0.0,0.0,0.0,6,59.2,64.8,6,64.4,59.2,0.0,0.0,0.0,0.0,216
2023-05-10 09:31:05,IO2312-C-4400,IO2312-C-4400,64.4,0.0,0.0,0.0,6,59.2,64.8,15,64.4,59.2,0.0,0.0,0.0,0.0,216
2023-05-10 09:31:05,IO2312-C-4400,IO2312-C-4400,64.4,0.0,0.0,0.0,6,59.2,64.8,18,64.4,59.2,0.0,0.0,0.0,0.0,216
2023-05-10 09:31:13,IO2312-C-4400,IO2312-C-4400,64.4,0.0,0.0,0.0,6,59.2,64.8,24,64.4,59.2,0.0,0.0,0.0,0.0,216
2023-05-10 09:31:14,IO2312-C-4400,IO2312-C-4400,64.4,0.0,0.0,0.0,9,59.2,64.8,24,64.4,59.2,0.0,0.0,0.0,0.0,216
2023-05-10 09:31:14,IO2312-C-4400,IO2312-C-4400,64.4,0.0,0.0,0.0,6,59.2,64.8,24,64.4,59.2,0.0,0.0,0.0,0.0,216
2023-05-10 09:31:15,IO2312-C-4400,IO2312-C-4400,64.4,0.0,0.0,0.0,9,59.2,64.8,24,64.4,59.2,0.0,0.0,0.0,0.0,216
2023-05-10 09:31:15,IO2312-C-4400,IO2312-C-4400,64.4,0.0,0.0,0.0,6,59.2,64.8,24,64.4,59.2,0.0,0.0,0.0,0.0,216
2023-05-10 09:31:16,IO2312-C-4400,IO2312-C-4400,64.4,0.0,0.0,0.0,9,59.2,64.8,24,64.4,59.2,0.0,0.0,0.0,0.0,216
2023-05-10 09:31:16,IO2312-C-4400,IO2312-C-4400,64.4,0.0,0.0,0.0,6,59.2,64.8,18,64.4,59.2,0.0,0.0,0.0,0.0,216
2023-05-10 09:31:17,IO2312-C-4400,IO2312-C-4400,64.4,0.0,0.0,0.0,6,59.2,64.6,6,64.4,59.2,0.0,0.0,0.0,0.0,216
2023-05-10 09:31:18,IO2312-C-4400,IO2312-C-4400,64.4,0.0,0.0,0.0,6,59.2,64.8,18,64.4,59.2,0.0,0.0,0.0,0.0,216
2023-05-10 09:31:19,IO2312-C-4400,IO2312-C-4400,64.4,0.0,0.0,0.0,9,59.2,64.8,18,64.4,59.2,0.0,0.0,0.0,0.0,216
2023-05-10 09:31:19,IO2312-C-4400,IO2312-C-4400,64.4,0.0,0.0,0.0,6,59.2,64.8,18,64.4,59.2,0.0,0.0,0.0,0.0,216
2023-05-10 09:31:20,IO2312-C-4400,IO2312-C-4400,64.4,0.0,0.0,0.0,9,59.2,64.6,3,64.4,59.2,0.0,0.0,0.0,0.0,216
2023-05-10 09:31:20,IO2312-C-4400,IO2312-C-4400,64.4,0.0,0.0,0.0,6,59.2,64.6,9,64.4,59.2,0.0,0.0,0.0,0.0,216
2023-05-10 09:31:21,IO2312-C-4400,IO2312-C-4400,64.4,0.0,0.0,0.0,6,59.2,64.6,6,64.4,59.2,0.0,0.0,0.0,0.0,216
2023-05-10 09:31:21,IO2312-C-4400,IO2312-C-4400,64.4,0.0,0.0,0.0,6,59.2,64.8,18,64.4,59.2,0.0,0.0,0.0,0.0,216
2023-05-10 09:31:22,IO2312-C-4400,IO2312-C-4400,64.4,0.0,0.0,0.0,9,59.2,64.8,21,64.4,59.2,0.0,0.0,0.0,0.0,216
2023-05-10 09:31:22,IO2312-C-4400,IO2312-C-4400,64.4,0.0,0.0,0.0,6,59.2,64.8,21,64.4,59.2,0.0,0.0,0.0,0.0,216
2023-05-10 09:31:23,IO2312-C-4400,IO2312-C-4400,64.4,0.0,0.0,0.0,3,59.2,64.8,21,64.4,59.2,0.0,0.0,0.0,0.0,216
2023-05-10 09:31:23,IO2312-C-4400,IO2312-C-4400,64.4,0.0,0.0,0.0,18,59.0,64.8,21,64.4,59.2,0.0,0.0,0.0,0.0,216
2023-05-10 09:31:24,IO2312-C-4400,IO2312-C-4400,64.4,0.0,0.0,0.0,15,59.0,64.8,27,64.4,59.2,0.0,0.0,0.0,0.0,216
2023-05-10 09:31:24,IO2312-C-4400,IO2312-C-4400,64.4,0.0,0.0,0.0,12,59.0,64.8,27,64.4,59.2,0.0,0.0,0.0,0.0,216
2023-05-10 09:31:25,IO2312-C-4400,IO2312-C-4400,64.4,0.0,0.0,0.0,9,59.0,64.8,27,64.4,59.2,0.0,0.0,0.0,0.0,216
2023-05-10 09:31:25,IO2312-C-4400,IO2312-C-4400,64.4,0.0,0.0,0.0,18,58.6,64.8,27,64.4,59.2,0.0,0.0,0.0,0.0,216
2023-05-10 09:31:26,IO2312-C-4400,IO2312-C-4400,64.4,0.0,0.0,0.0,15,58.6,64.8,27,64.4,59.2,0.0,0.0,0.0,0.0,216
2023-05-10 09:31:26,IO2312-C-4400,IO2312-C-4400,64.4,0.0,0.0,0.0,12,58.6,64.8,27,64.4,59.2,0.0,0.0,0.0,0.0,216
2023-05-10 09:31:27,IO2312-C-4400,IO2312-C-4400,64.4,0.0,0.0,0.0,9,58.6,64.8,27,64.4,59.2,0.0,0.0,0.0,0.0,216
2023-05-10 09:31:27,IO2312-C-4400,IO2312-C-4400,64.4,0.0,0.0,0.0,6,58.6,64.8,27,64.4,59.2,0.0,0.0,0.0,0.0,216
2023-05-10 09:31:28,IO2312-C-4400,IO2312-C-4400,64.4,0.0,0.0,0.0,9,58.6,64.8,27,64.4,59.2,0.0,0.0,0.0,0.0,216
2023-05-10 09:31:28,IO2312-C-4400,IO2312-C-4400,64.4,0.0,0.0,0.0,6,58.6,64.6,6,64.4,59.2,0.0,0.0,0.0,0.0,216
2023-05-10 09:31:30,IO2312-C-4400,IO2312-C-4400,64.4,0.0,0.0,0.0,6,58.6,64.0,6,64.4,59.2,0.0,0.0,0.0,0.0,216
2023-05-10 09:31:30,IO2312-C-4400,IO2312-C-4400,64.4,0.0,0.0,0.0,6,58.6,64.0,12,64.4,59.2,0.0,0.0,0.0,0.0,216
2023-05-10 09:31:48,IO2312-C-4400,IO2312-C-4400,64.4,0.0,0.0,0.0,3,58.6,64.0,12,64.4,59.2,0.0,0.0,0.0,0.0,216
2023-05-10 09:31:48,IO2312-C-4400,IO2312-C-4400,64.4,0.0,0.0,0.0,6,58.4,64.0,12,64.4,59.2,0.0,0.0,0.0,0.0,216
2023-05-10 09:31:49,IO2312-C-4400,IO2312-C-4400,64.4,0.0,0.0,0.0,9,58.4,64.0,12,64.4,59.2,0.0,0.0,0.0,0.0,216
2023-05-10 09:31:51,IO2312-C-4400,IO2312-C-4400,64.4,0.0,0.0,0.0,15,58.4,64.0,6,64.4,59.2,0.0,0.0,0.0,0.0,216
2023-05-10 09:32:08,IO2312-C-4400,IO2312-C-4400,64.4,0.0,0.0,0.0,15,58.4,64.0,9,64.4,59.2,0.0,0.0,0.0,0.0,216
2023-05-10 09:32:09,IO2312-C-4400,IO2312-C-4400,64.4,0.0,0.0,0.0,15,58.4,64.0,6,64.4,59.2,0.0,0.0,0.0,0.0,216
2023-05-10 09:32:19,IO2312-C-4400,IO2312-C-4400,64.4,0.0,0.0,0.0,15,58.4,63.8,3,64.4,59.2,0.0,0.0,0.0,0.0,216
2023-05-10 09:32:19,IO2312-C-4400,IO2312-C-4400,64.4,0.0,0.0,0.0,18,58.4,63.8,6,64.4,59.2,0.0,0.0,0.0,0.0,216
2023-05-10 09:32:20,IO2312-C-4400,IO2312-C-4400,64.4,0.0,0.0,0.0,18,58.4,63.8,3,64.4,59.2,0.0,0.0,0.0,0.0,216
2023-05-10 09:32:21,IO2312-C-4400,IO2312-C-4400,64.4,0.0,0.0,0.0,15,58.4,63.8,3,64.4,59.2,0.0,0.0,0.0,0.0,216
2023-05-10 09:32:30,IO2312-C-4400,IO2312-C-4400,64.4,0.0,0.0,0.0,3,58.6,63.8,3,64.4,59.2,0.0,0.0,0.0,0.0,216
2023-05-10 09:32:30,IO2312-C-4400,IO2312-C-4400,64.4,0.0,0.0,0.0,15,58.4,63.8,3,64.4,59.2,0.0,0.0,0.0,0.0,216
2023-05-10 09:32:31,IO2312-C-4400,IO2312-C-4400,64.4,0.0,0.0,0.0,18,58.4,63.8,3,64.4,59.2,0.0,0.0,0.0,0.0,216
2023-05-10 09:32:32,IO2312-C-4400,IO2312-C-4400,64.4,0.0,0.0,0.0,15,58.4,63.8,3,64.4,59.2,0.0,0.0,0.0,0.0,216
2023-05-10 09:32:34,IO2312-C-4400,IO2312-C-4400,64.4,0.0,0.0,0.0,18,58.4,63.8,3,64.4,59.2,0.0,0.0,0.0,0.0,216
2023-05-10 09:32:36,IO2312-C-4400,IO2312-C-4400,64.4,0.0,0.0,0.0,15,58.4,63.8,3,64.4,59.2,0.0,0.0,0.0,0.0,216
2023-05-10 09:32:37,IO2312-C-4400,IO2312-C-4400,64.4,0.0,0.0,0.0,18,58.4,63.8,3,64.4,59.2,0.0,0.0,0.0,0.0,216
2023-05-10 09:32:40,IO2312-C-4400,IO2312-C-4400,64.4,0.0,0.0,0.0,15,58.4,63.8,3,64.4,59.2,0.0,0.0,0.0,0.0,216
2023-05-10 09:32:46,IO2312-C-4400,IO2312-C-4400,64.4,0.0,0.0,0.0,18,58.4,63.8,3,64.4,59.2,0.0,0.0,0.0,0.0,216
2023-05-10 09:32:54,IO2312-C-4400,IO2312-C-4400,64.4,0.0,0.0,0.0,18,58.4,63.2,1,64.4,59.2,0.0,0.0,0.0,0.0,216
2023-05-10 09:32:57,IO2312-C-4400,IO2312-C-4400,64.4,0.0,0.0,0.0,1,60.0,63.2,1,64.4,59.2,0.0,0.0,0.0,0.0,216
2023-05-10 09:32:58,IO2312-C-4400,IO2312-C-4400,64.4,0.0,0.0,0.0,7,60.0,63.2,1,64.4,59.2,0.0,0.0,0.0,0.0,216
2023-05-10 09:32:59,IO2312-C-4400,IO2312-C-4400,64.4,0.0,0.0,0.0,10,60.0,63.2,1,64.4,59.2,0.0,0.0,0.0,0.0,216
2023-05-10 09:33:02,IO2312-C-4400,IO2312-C-4400,64.4,0.0,0.0,0.0,1,60.4,63.2,1,64.4,59.2,0.0,0.0,0.0,0.0,216
2023-05-10 09:33:03,IO2312-C-4400,IO2312-C-4400,64.4,0.0,0.0,0.0,1,60.4,64.0,6,64.4,59.2,0.0,0.0,0.0,0.0,216
2023-05-10 09:33:04,IO2312-C-4400,IO2312-C-4400,64.4,0.0,0.0,0.0,1,60.4,63.6,1,64.4,59.2,0.0,0.0,0.0,0.0,216
2023-05-10 09:33:06,IO2312-C-4400,IO2312-C-4400,64.4,0.0,0.0,0.0,9,60.2,63.6,1,64.4,59.2,0.0,0.0,0.0,0.0,216
2023-05-10 09:33:07,IO2312-C-4400,IO2312-C-4400,64.4,0.0,0.0,0.0,3,60.2,63.6,1,64.4,59.2,0.0,0.0,0.0,0.0,216
2023-05-10 09:33:07,IO2312-C-4400,IO2312-C-4400,64.4,0.0,0.0,0.0,24,60.0,63.6,1,64.4,59.2,0.0,0.0,0.0,0.0,216
2023-05-10 09:33:08,IO2312-C-4400,IO2312-C-4400,64.4,0.0,0.0,0.0,18,60.0,63.6,4,64.4,59.2,0.0,0.0,0.0,0.0,216
2023-05-10 09:33:08,IO2312-C-4400,IO2312-C-4400,64.4,0.0,0.0,0.0,15,60.0,63.0,1,64.4,59.2,0.0,0.0,0.0,0.0,216
2023-05-10 09:33:11,IO2312-C-4400,IO2312-C-4400,64.4,0.0,0.0,0.0,1,60.2,63.0,1,64.4,59.2,0.0,0.0,0.0,0.0,216
2023-05-10 09:33:11,IO2312-C-4400,IO2312-C-4400,64.4,0.0,0.0,0.0,1,60.2,64.0,6,64.4,59.2,0.0,0.0,0.0,0.0,216
2023-05-10 09:33:12,IO2312-C-4400,IO2312-C-4400,64.4,0.0,0.0,0.0,1,60.2,64.0,9,64.4,59.2,0.0,0.0,0.0,0.0,216
2023-05-10 09:33:12,IO2312-C-4400,IO2312-C-4400,64.4,0.0,0.0,0.0,1,60.2,63.6,1,64.4,59.2,0.0,0.0,0.0,0.0,216
2023-05-10 09:33:17,IO2312-C-4400,IO2312-C-4400,64.4,0.0,0.0,0.0,1,60.2,64.2,42,64.4,59.2,0.0,0.0,0.0,0.0,216
2023-05-10 09:33:18,IO2312-C-4400,IO2312-C-4400,64.4,0.0,0.0,0.0,1,60.2,64.0,1,64.4,59.2,0.0,0.0,0.0,0.0,216
2023-05-10 09:33:27,IO2312-C-4400,IO2312-C-4400,64.4,0.0,0.0,0.0,1,60.2,64.2,12,64.4,59.2,0.0,0.0,0.0,0.0,216
2023-05-10 09:33:28,IO2312-C-4400,IO2312-C-4400,64.4,0.0,0.0,0.0,1,60.2,64.2,6,64.4,59.2,0.0,0.0,0.0,0.0,216
2023-05-10 09:33:34,IO2312-C-4400,IO2312-C-4400,64.4,0.0,0.0,0.0,1,60.2,64.2,9,64.4,59.2,0.0,0.0,0.0,0.0,216
2023-05-10 09:33:35,IO2312-C-4400,IO2312-C-4400,64.4,0.0,0.0,0.0,1,60.2,64.2,10,64.4,59.2,0.0,0.0,0.0,0.0,216
2023-05-10 09:33:36,IO2312-C-4400,IO2312-C-4400,64.4,0.0,0.0,0.0,6,60.4,64.2,16,64.4,59.2,0.0,0.0,0.0,0.0,216
2023-05-10 09:33:36,IO2312-C-4400,IO2312-C-4400,64.4,0.0,0.0,0.0,1,61.0,64.2,16,64.4,59.2,0.0,0.0,0.0,0.0,216
2023-05-10 09:33:37,IO2312-C-4400,IO2312-C-4400,64.4,0.0,0.0,0.0,1,61.0,64.0,6,64.4,59.2,0.0,0.0,0.0,0.0,216
2023-05-10 09:33:39,IO2312-C-4400,IO2312-C-4400,64.4,0.0,0.0,0.0,1,61.0,64.0,9,64.4,59.2,0.0,0.0,0.0,0.0,216
2023-05-10 09:33:40,IO2312-C-4400,IO2312-C-4400,64.4,0.0,0.0,0.0,1,61.0,63.8,6,64.4,59.2,0.0,0.0,0.0,0.0,216
2023-05-10 09:33:41,IO2312-C-4400,IO2312-C-4400,64.4,0.0,0.0,0.0,1,61.0,63.8,10,64.4,59.2,0.0,0.0,0.0,0.0,216
2023-05-10 09:33:42,IO2312-C-4400,IO2312-C-4400,64.4,0.0,0.0,0.0,1,61.0,63.6,6,64.4,59.2,0.0,0.0,0.0,0.0,216
2023-05-10 09:33:47,IO2312-C-4400,IO2312-C-4400,64.4,0.0,0.0,0.0,4,61.0,63.6,6,64.4,59.2,0.0,0.0,0.0,0.0,216
2023-05-10 09:33:48,IO2312-C-4400,IO2312-C-4400,64.4,0.0,0.0,0.0,1,61.0,63.6,6,64.4,59.2,0.0,0.0,0.0,0.0,216
2023-05-10 09:33:49,IO2312-C-4400,IO2312-C-4400,64.4,0.0,0.0,0.0,3,61.2,63.6,6,64.4,59.2,0.0,0.0,0.0,0.0,216
2023-05-10 09:33:50,IO2312-C-4400,IO2312-C-4400,64.4,0.0,0.0,0.0,1,61.0,63.6,6,64.4,59.2,0.0,0.0,0.0,0.0,216
2023-05-10 09:33:51,IO2312-C-4400,IO2312-C-4400,64.4,0.0,0.0,0.0,3,61.2,63.6,6,64.4,59.2,0.0,0.0,0.0,0.0,216
2023-05-10 09:33:52,IO2312-C-4400,IO2312-C-4400,64.4,0.0,0.0,0.0,1,61.0,63.6,6,64.4,59.2,0.0,0.0,0.0,0.0,216
2023-05-10 09:33:52,IO2312-C-4400,IO2312-C-4400,64.4,0.0,0.0,0.0,6,60.8,63.6,6,64.4,59.2,0.0,0.0,0.0,0.0,216
2023-05-10 09:33:53,IO2312-C-4400,IO2312-C-4400,64.4,0.0,0.0,0.0,3,61.0,63.6,6,64.4,59.2,0.0,0.0,0.0,0.0,216
2023-05-10 09:33:54,IO2312-C-4400,IO2312-C-4400,64.4,0.0,0.0,0.0,7,60.8,63.6,6,64.4,59.2,0.0,0.0,0.0,0.0,216
2023-05-10 09:33:55,IO2312-C-4400,IO2312-C-4400,64.4,0.0,0.0,0.0,3,61.2,63.6,6,64.4,59.2,0.0,0.0,0.0,0.0,216
2023-05-10 09:33:56,IO2312-C-4400,IO2312-C-4400,64.4,0.0,0.0,0.0,7,60.8,63.6,6,64.4,59.2,0.0,0.0,0.0,0.0,216
2023-05-10 09:33:57,IO2312-C-4400,IO2312-C-4400,64.4,0.0,0.0,0.0,3,61.0,63.6,6,64.4,59.2,0.0,0.0,0.0,0.0,216
2023-05-10 09:33:59,IO2312-C-4400,IO2312-C-4400,64.4,0.0,0.0,0.0,7,60.8,63.6,6,64.4,59.2,0.0,0.0,0.0,0.0,216
2023-05-10 09:33:59,IO2312-C-4400,IO2312-C-4400,64.4,0.0,0.0,0.0,7,60.8,63.6,9,64.4,59.2,0.0,0.0,0.0,0.0,216
2023-05-10 09:34:00,IO2312-C-4400,IO2312-C-4400,64.4,0.0,0.0,0.0,3,61.0,63.4,7,64.4,59.2,0.0,0.0,0.0,0.0,216
2023-05-10 09:34:00,IO2312-C-4400,IO2312-C-4400,64.4,0.0,0.0,0.0,3,61.0,63.2,6,64.4,59.2,0.0,0.0,0.0,0.0,216
2023-05-10 09:34:03,IO2312-C-4400,IO2312-C-4400,64.4,0.0,0.0,0.0,6,60.8,63.2,6,64.4,59.2,0.0,0.0,0.0,0.0,216
2023-05-10 09:34:04,IO2312-C-4400,IO2312-C-4400,64.4,0.0,0.0,0.0,3,60.8,63.2,6,64.4,59.2,0.0,0.0,0.0,0.0,216
2023-05-10 09:34:05,IO2312-C-4400,IO2312-C-4400,64.4,0.0,0.0,0.0,12,60.4,63.2,9,64.4,59.2,0.0,0.0,0.0,0.0,216
2023-05-10 09:34:05,IO2312-C-4400,IO2312-C-4400,64.4,0.0,0.0,0.0,7,60.2,63.0,6,64.4,59.2,0.0,0.0,0.0,0.0,216
2023-05-10 09:34:06,IO2312-C-4400,IO2312-C-4400,64.4,0.0,0.0,0.0,4,60.2,63.0,6,64.4,59.2,0.0,0.0,0.0,0.0,216
2023-05-10 09:34:06,IO2312-C-4400,IO2312-C-4400,64.4,0.0,0.0,0.0,1,60.2,63.0,6,64.4,59.2,0.0,0.0,0.0,0.0,216
2023-05-10 09:34:16,IO2312-C-4400,IO2312-C-4400,64.4,0.0,0.0,0.0,1,60.2,63.0,9,64.4,59.2,0.0,0.0,0.0,0.0,216
2023-05-10 09:34:16,IO2312-C-4400,IO2312-C-4400,64.4,0.0,0.0,0.0,1,60.2,62.8,6,64.4,59.2,0.0,0.0,0.0,0.0,216
2023-05-10 09:34:17,IO2312-C-4400,IO2312-C-4400,64.4,0.0,0.0,0.0,1,60.2,63.0,6,64.4,59.2,0.0,0.0,0.0,0.0,216
2023-05-10 09:34:19,IO2312-C-4400,IO2312-C-4400,64.4,0.0,0.0,0.0,1,60.2,63.0,7,64.4,59.2,0.0,0.0,0.0,0.0,216
2023-05-10 09:34:19,IO2312-C-4400,IO2312-C-4400,64.4,0.0,0.0,0.0,1,60.2,62.8,6,64.4,59.2,0.0,0.0,0.0,0.0,216
2023-05-10 09:34:28,IO2312-C-4400,IO2312-C-4400,64.4,0.0,0.0,0.0,1,60.2,62.8,9,64.4,59.2,0.0,0.0,0.0,0.0,216
2023-05-10 09:34:29,IO2312-C-4400,IO2312-C-4400,64.4,0.0,0.0,0.0,1,60.2,62.6,6,64.4,59.2,0.0,0.0,0.0,0.0,216
2023-05-10 09:34:31,IO2312-C-4400,IO2312-C-4400,64.4,0.0,0.0,0.0,21,60.0,62.6,6,64.4,59.2,0.0,0.0,0.0,0.0,216
2023-05-10 09:34:32,IO2312-C-4400,IO2312-C-4400,64.4,0.0,0.0,0.0,16,60.0,62.6,6,64.4,59.2,0.0,0.0,0.0,0.0,216
2023-05-10 09:34:32,IO2312-C-4400,IO2312-C-4400,64.4,0.0,0.0,0.0,10,60.0,62.6,6,64.4,59.2,0.0,0.0,0.0,0.0,216
2023-05-10 09:34:33,IO2312-C-4400,IO2312-C-4400,64.4,0.0,0.0,0.0,7,60.0,62.8,12,64.4,59.2,0.0,0.0,0.0,0.0,216
2023-05-10 09:34:33,IO2312-C-4400,IO2312-C-4400,64.4,0.0,0.0,0.0,7,60.0,62.6,6,64.4,59.2,0.0,0.0,0.0,0.0,216
2023-05-10 09:34:34,IO2312-C-4400,IO2312-C-4400,64.4,0.0,0.0,0.0,10,60.0,62.6,6,64.4,59.2,0.0,0.0,0.0,0.0,216
2023-05-10 09:34:45,IO2312-C-4400,IO2312-C-4400,64.4,0.0,0.0,0.0,7,60.0,62.6,6,64.4,59.2,0.0,0.0,0.0,0.0,216
2023-05-10 09:34:45,IO2312-C-4400,IO2312-C-4400,64.4,0.0,0.0,0.0,6,60.0,62.6,6,64.4,59.2,0.0,0.0,0.0,0.0,216
2023-05-10 09:34:46,IO2312-C-4400,IO2312-C-4400,64.4,0.0,0.0,0.0,3,60.4,62.6,6,64.4,59.2,0.0,0.0,0.0,0.0,216
2023-05-10 09:34:46,IO2312-C-4400,IO2312-C-4400,64.4,0.0,0.0,0.0,6,60.0,62.6,6,64.4,59.2,0.0,0.0,0.0,0.0,216
2023-05-10 09:34:47,IO2312-C-4400,IO2312-C-4400,64.4,0.0,0.0,0.0,3,60.4,62.6,6,64.4,59.2,0.0,0.0,0.0,0.0,216
2023-05-10 09:34:50,IO2312-C-4400,IO2312-C-4400,64.4,0.0,0.0,0.0,6,60.0,62.6,6,64.4,59.2,0.0,0.0,0.0,0.0,216
2023-05-10 09:34:51,IO2312-C-4400,IO2312-C-4400,64.4,0.0,0.0,0.0,10,60.0,62.6,6,64.4,59.2,0.0,0.0,0.0,0.0,216
2023-05-10 09:34:51,IO2312-C-4400,IO2312-C-4400,64.4,0.0,0.0,0.0,6,60.2,62.6,6,64.4,59.2,0.0,0.0,0.0,0.0,216
2023-05-10 09:34:53,IO2312-C-4400,IO2312-C-4400,64.4,0.0,0.0,0.0,3,60.2,62.6,6,64.4,59.2,0.0,0.0,0.0,0.0,216
2023-05-10 09:34:53,IO2312-C-4400,IO2312-C-4400,64.4,0.0,0.0,0.0,7,60.0,62.6,6,64.4,59.2,0.0,0.0,0.0,0.0,216
2023-05-10 09:34:54,IO2312-C-4400,IO2312-C-4400,64.4,0.0,0.0,0.0,10,60.0,62.6,6,64.4,59.2,0.0,0.0,0.0,0.0,216
2023-05-10 09:35:02,IO2312-C-4400,IO2312-C-4400,64.4,0.0,0.0,0.0,7,60.0,62.6,6,64.4,59.2,0.0,0.0,0.0,0.0,216
2023-05-10 09:35:03,IO2312-C-4400,IO2312-C-4400,64.4,0.0,0.0,0.0,7,60.0,62.6,9,64.4,59.2,0.0,0.0,0.0,0.0,216
2023-05-10 09:35:03,IO2312-C-4400,IO2312-C-4400,64.4,0.0,0.0,0.0,3,60.2,62.4,6,64.4,59.2,0.0,0.0,0.0,0.0,216
2023-05-10 09:35:04,IO2312-C-4400,IO2312-C-4400,64.4,0.0,0.0,0.0,3,60.2,62.6,12,64.4,59.2,0.0,0.0,0.0,0.0,216
2023-05-10 09:35:05,IO2312-C-4400,IO2312-C-4400,64.4,0.0,0.0,0.0,3,60.2,62.4,6,64.4,59.2,0.0,0.0,0.0,0.0,216
2023-05-10 09:35:06,IO2312-C-4400,IO2312-C-4400,64.4,0.0,0.0,0.0,3,60.2,62.4,9,64.4,59.2,0.0,0.0,0.0,0.0,216
2023-05-10 09:35:06,IO2312-C-4400,IO2312-C-4400,64.4,0.0,0.0,0.0,6,59.8,62.2,6,64.4,59.2,0.0,0.0,0.0,0.0,216
2023-05-10 09:35:07,IO2312-C-4400,IO2312-C-4400,64.4,0.0,0.0,0.0,7,59.6,62.2,6,64.4,59.2,0.0,0.0,0.0,0.0,216
2023-05-10 09:35:07,IO2312-C-4400,IO2312-C-4400,64.4,0.0,0.0,0.0,4,59.6,62.2,6,64.4,59.2,0.0,0.0,0.0,0.0,216
2023-05-10 09:35:08,IO2312-C-4400,IO2312-C-4400,64.4,0.0,0.0,0.0,1,59.6,62.2,6,64.4,59.2,0.0,0.0,0.0,0.0,216
2023-05-10 09:35:20,IO2312-C-4400,IO2312-C-4400,64.4,0.0,0.0,0.0,1,59.6,62.2,9,64.4,59.2,0.0,0.0,0.0,0.0,216
2023-05-10 09:35:20,IO2312-C-4400,IO2312-C-4400,64.4,0.0,0.0,0.0,1,59.6,62.0,6,64.4,59.2,0.0,0.0,0.0,0.0,216
2023-05-10 09:35:21,IO2312-C-4400,IO2312-C-4400,64.4,0.0,0.0,0.0,1,59.6,62.2,6,64.4,59.2,0.0,0.0,0.0,0.0,216
2023-05-10 09:35:24,IO2312-C-4400,IO2312-C-4400,64.4,0.0,0.0,0.0,1,59.6,62.2,9,64.4,59.2,0.0,0.0,0.0,0.0,216
2023-05-10 09:35:25,IO2312-C-4400,IO2312-C-4400,64.4,0.0,0.0,0.0,1,59.6,62.0,6,64.4,59.2,0.0,0.0,0.0,0.0,216
2023-05-10 09:35:26,IO2312-C-4400,IO2312-C-4400,64.4,0.0,0.0,0.0,1,59.6,62.2,6,64.4,59.2,0.0,0.0,0.0,0.0,216
2023-05-10 09:35:26,IO2312-C-4400,IO2312-C-4400,64.4,0.0,0.0,0.0,1,59.6,62.2,9,64.4,59.2,0.0,0.0,0.0,0.0,216
2023-05-10 09:35:27,IO2312-C-4400,IO2312-C-4400,64.4,0.0,0.0,0.0,1,59.6,62.0,6,64.4,59.2,0.0,0.0,0.0,0.0,216
2023-05-10 09:35:28,IO2312-C-4400,IO2312-C-4400,64.4,0.0,0.0,0.0,1,59.6,62.2,6,64.4,59.2,0.0,0.0,0.0,0.0,216
2023-05-10 09:35:28,IO2312-C-4400,IO2312-C-4400,64.4,0.0,0.0,0.0,1,59.6,62.2,9,64.4,59.2,0.0,0.0,0.0,0.0,216
2023-05-10 09:35:29,IO2312-C-4400,IO2312-C-4400,64.4,0.0,0.0,0.0,1,59.6,62.0,6,64.4,59.2,0.0,0.0,0.0,0.0,216
2023-05-10 09:35:30,IO2312-C-4400,IO2312-C-4400,64.4,0.0,0.0,0.0,1,59.6,62.2,12,64.4,59.2,0.0,0.0,0.0,0.0,216
2023-05-10 09:35:30,IO2312-C-4400,IO2312-C-4400,64.4,0.0,0.0,0.0,1,59.6,62.0,6,64.4,59.2,0.0,0.0,0.0,0.0,216
2023-05-10 09:36:00,IO2312-C-4400,IO2312-C-4400,64.4,0.0,0.0,0.0,7,59.6,62.0,6,64.4,59.2,0.0,0.0,0.0,0.0,216
2023-05-10 09:36:00,IO2312-C-4400,IO2312-C-4400,64.4,0.0,0.0,0.0,1,60.2,62.0,6,64.4,59.2,0.0,0.0,0.0,0.0,216
2023-05-10 09:36:01,IO2312-C-4400,IO2312-C-4400,64.4,0.0,0.0,0.0,1,60.2,62.2,6,64.4,59.2,0.0,0.0,0.0,0.0,216
2023-05-10 09:36:03,IO2312-C-4400,IO2312-C-4400,64.4,0.0,0.0,0.0,3,60.4,62.2,6,64.4,59.2,0.0,0.0,0.0,0.0,216
2023-05-10 09:36:05,IO2312-C-4400,IO2312-C-4400,64.4,0.0,0.0,0.0,1,60.2,62.2,6,64.4,59.2,0.0,0.0,0.0,0.0,216
2023-05-10 09:36:19,IO2312-C-4400,IO2312-C-4400,64.4,0.0,0.0,0.0,7,60.2,62.2,6,64.4,59.2,0.0,0.0,0.0,0.0,216
2023-05-10 09:36:19,IO2312-C-4400,IO2312-C-4400,64.4,0.0,0.0,0.0,1,60.6,62.2,6,64.4,59.2,0.0,0.0,0.0,0.0,216
2023-05-10 09:36:21,IO2312-C-4400,IO2312-C-4400,64.4,0.0,0.0,0.0,1,60.6,62.4,24,64.4,59.2,0.0,0.0,0.0,0.0,216
2023-05-10 09:36:21,IO2312-C-4400,IO2312-C-4400,64.4,0.0,0.0,0.0,1,60.6,62.4,18,64.4,59.2,0.0,0.0,0.0,0.0,216
2023-05-10 09:36:25,IO2312-C-4400,IO2312-C-4400,64.4,0.0,0.0,0.0,1,60.6,62.2,6,64.4,59.2,0.0,0.0,0.0,0.0,216
2023-05-10 09:36:30,IO2312-C-4400,IO2312-C-4400,64.4,0.0,0.0,0.0,3,60.4,62.2,6,64.4,59.2,0.0,0.0,0.0,0.0,216
2023-05-10 09:36:31,IO2312-C-4400,IO2312-C-4400,64.4,0.0,0.0,0.0,25,60.0,62.2,6,64.4,59.2,0.0,0.0,0.0,0.0,216
2023-05-10 09:36:31,IO2312-C-4400,IO2312-C-4400,64.4,0.0,0.0,0.0,7,60.0,62.2,6,64.4,59.2,0.0,0.0,0.0,0.0,216
2023-05-10 09:36:32,IO2312-C-4400,IO2312-C-4400,64.4,0.0,0.0,0.0,10,60.0,62.2,6,64.4,59.2,0.0,0.0,0.0,0.0,216
2023-05-10 09:36:33,IO2312-C-4400,IO2312-C-4400,64.4,0.0,0.0,0.0,7,60.0,62.2,6,64.4,59.2,0.0,0.0,0.0,0.0,216
2023-05-10 09:36:34,IO2312-C-4400,IO2312-C-4400,64.4,0.0,0.0,0.0,3,60.4,62.2,6,64.4,59.2,0.0,0.0,0.0,0.0,216
2023-05-10 09:36:35,IO2312-C-4400,IO2312-C-4400,64.4,0.0,0.0,0.0,7,60.0,62.2,6,64.4,59.2,0.0,0.0,0.0,0.0,216
2023-05-10 09:36:36,IO2312-C-4400,IO2312-C-4400,64.4,0.0,0.0,0.0,10,60.0,62.2,6,64.4,59.2,0.0,0.0,0.0,0.0,216
2023-05-10 09:36:37,IO2312-C-4400,IO2312-C-4400,64.4,0.0,0.0,0.0,1,60.4,62.2,6,64.4,59.2,0.0,0.0,0.0,0.0,216
2023-05-10 09:36:38,IO2312-C-4400,IO2312-C-4400,64.4,0.0,0.0,0.0,4,60.4,62.2,6,64.4,59.2,0.0,0.0,0.0,0.0,216
2023-05-10 09:36:38,IO2312-C-4400,IO2312-C-4400,64.4,0.0,0.0,0.0,1,60.4,62.2,6,64.4,59.2,0.0,0.0,0.0,0.0,216
2023-05-10 09:36:47,IO2312-C-4400,IO2312-C-4400,64.4,0.0,0.0,0.0,3,60.6,62.2,6,64.4,59.2,0.0,0.0,0.0,0.0,216
2023-05-10 09:36:49,IO2312-C-4400,IO2312-C-4400,64.4,0.0,0.0,0.0,1,60.4,62.2,6,64.4,59.2,0.0,0.0,0.0,0.0,216
2023-05-10 09:36:50,IO2312-C-4400,IO2312-C-4400,64.4,0.0,0.0,0.0,4,60.4,62.2,6,64.4,59.2,0.0,0.0,0.0,0.0,216
2023-05-10 09:36:51,IO2312-C-4400,IO2312-C-4400,64.4,0.0,0.0,0.0,1,60.4,62.2,6,64.4,59.2,0.0,0.0,0.0,0.0,216
2023-05-10 09:36:52,IO2312-C-4400,IO2312-C-4400,64.4,0.0,0.0,0.0,3,60.6,62.2,6,64.4,59.2,0.0,0.0,0.0,0.0,216
2023-05-10 09:36:52,IO2312-C-4400,IO2312-C-4400,64.4,0.0,0.0,0.0,1,60.4,62.2,6,64.4,59.2,0.0,0.0,0.0,0.0,216
2023-05-10 09:36:53,IO2312-C-4400,IO2312-C-4400,64.4,0.0,0.0,0.0,4,60.4,62.2,6,64.4,59.2,0.0,0.0,0.0,0.0,216
2023-05-10 09:36:54,IO2312-C-4400,IO2312-C-4400,64.4,0.0,0.0,0.0,1,60.4,62.2,6,64.4,59.2,0.0,0.0,0.0,0.0,216
2023-05-10 09:36:56,IO2312-C-4400,IO2312-C-4400,64.4,0.0,0.0,0.0,3,60.2,62.2,6,64.4,59.2,0.0,0.0,0.0,0.0,216
2023-05-10 09:36:56,IO2312-C-4400,IO2312-C-4400,64.4,0.0,0.0,0.0,12,60.0,62.2,6,64.4,59.2,0.0,0.0,0.0,0.0,216
2023-05-10 09:36:57,IO2312-C-4400,IO2312-C-4400,64.4,0.0,0.0,0.0,6,60.0,62.2,6,64.4,59.2,0.0,0.0,0.0,0.0,216
2023-05-10 09:36:57,IO2312-C-4400,IO2312-C-4400,64.4,0.0,0.0,0.0,3,60.2,62.2,6,64.4,59.2,0.0,0.0,0.0,0.0,216
2023-05-10 09:36:59,IO2312-C-4400,IO2312-C-4400,64.4,0.0,0.0,0.0,6,60.0,62.2,6,64.4,59.2,0.0,0.0,0.0,0.0,216
2023-05-10 09:37:00,IO2312-C-4400,IO2312-C-4400,64.4,0.0,0.0,0.0,3,60.2,62.2,6,64.4,59.2,0.0,0.0,0.0,0.0,216
2023-05-10 09:37:01,IO2312-C-4400,IO2312-C-4400,64.4,0.0,0.0,0.0,3,60.2,62.2,9,64.4,59.2,0.0,0.0,0.0,0.0,216
2023-05-10 09:37:01,IO2312-C-4400,IO2312-C-4400,64.4,0.0,0.0,0.0,30,59.6,62.0,6,64.4,59.2,0.0,0.0,0.0,0.0,216
2023-05-10 09:37:02,IO2312-C-4400,IO2312-C-4400,64.4,0.0,0.0,0.0,12,59.4,62.0,6,64.4,59.2,0.0,0.0,0.0,0.0,216
2023-05-10 09:37:02,IO2312-C-4400,IO2312-C-4400,64.4,0.0,0.0,0.0,1,60.2,62.0,9,64.4,59.2,0.0,0.0,0.0,0.0,216
2023-05-10 09:37:03,IO2312-C-4400,IO2312-C-4400,64.4,0.0,0.0,0.0,1,60.2,61.8,6,64.4,59.2,0.0,0.0,0.0,0.0,216
2023-05-10 09:37:03,IO2312-C-4400,IO2312-C-4400,64.4,0.0,0.0,0.0,1,60.2,62.0,6,64.4,59.2,0.0,0.0,0.0,0.0,216
2023-05-10 09:37:07,IO2312-C-4400,IO2312-C-4400,64.4,0.0,0.0,0.0,3,59.8,62.0,6,64.4,59.2,0.0,0.0,0.0,0.0,216
2023-05-10 09:37:07,IO2312-C-4400,IO2312-C-4400,64.4,0.0,0.0,0.0,36,59.2,62.0,6,64.4,59.2,0.0,0.0,0.0,0.0,216
2023-05-10 09:37:08,IO2312-C-4400,IO2312-C-4400,64.4,0.0,0.0,0.0,19,59.2,62.0,6,64.4,59.2,0.0,0.0,0.0,0.0,216
2023-05-10 09:37:08,IO2312-C-4400,IO2312-C-4400,64.4,0.0,0.0,0.0,16,59.2,62.0,6,64.4,59.2,0.0,0.0,0.0,0.0,216
2023-05-10 09:37:13,IO2312-C-4400,IO2312-C-4400,64.4,0.0,0.0,0.0,1,60.4,62.0,6,64.4,59.2,0.0,0.0,0.0,0.0,216
2023-05-10 09:37:13,IO2312-C-4400,IO2312-C-4400,64.4,0.0,0.0,0.0,4,60.4,62.0,6,64.4,59.2,0.0,0.0,0.0,0.0,216
2023-05-10 09:37:14,IO2312-C-4400,IO2312-C-4400,64.4,0.0,0.0,0.0,1,60.4,62.0,6,64.4,59.2,0.0,0.0,0.0,0.0,216
2023-05-10 09:37:17,IO2312-C-4400,IO2312-C-4400,64.4,0.0,0.0,0.0,3,60.2,62.0,6,64.4,59.2,0.0,0.0,0.0,0.0,216
2023-05-10 09:37:17,IO2312-C-4400,IO2312-C-4400,64.4,0.0,0.0,0.0,1,59.6,62.0,6,64.4,59.2,0.0,0.0,0.0,0.0,216
2023-05-10 09:37:39,IO2312-C-4400,IO2312-C-4400,64.4,0.0,0.0,0.0,3,59.8,62.0,6,64.4,59.2,0.0,0.0,0.0,0.0,216
2023-05-10 09:37:40,IO2312-C-4400,IO2312-C-4400,64.4,0.0,0.0,0.0,1,59.6,62.0,9,64.4,59.2,0.0,0.0,0.0,0.0,216
2023-05-10 09:37:40,IO2312-C-4400,IO2312-C-4400,64.4,0.0,0.0,0.0,1,59.6,61.8,6,64.4,59.2,0.0,0.0,0.0,0.0,216
2023-05-10 09:37:41,IO2312-C-4400,IO2312-C-4400,64.4,0.0,0.0,0.0,1,59.6,62.0,6,64.4,59.2,0.0,0.0,0.0,0.0,216
2023-05-10 09:37:42,IO2312-C-4400,IO2312-C-4400,64.4,0.0,0.0,0.0,3,59.8,62.0,9,64.4,59.2,0.0,0.0,0.0,0.0,216
2023-05-10 09:37:43,IO2312-C-4400,IO2312-C-4400,64.4,0.0,0.0,0.0,3,59.8,61.8,6,64.4,59.2,0.0,0.0,0.0,0.0,216
2023-05-10 09:37:43,IO2312-C-4400,IO2312-C-4400,64.4,0.0,0.0,0.0,3,59.8,61.8,9,64.4,59.2,0.0,0.0,0.0,0.0,216
2023-05-10 09:37:44,IO2312-C-4400,IO2312-C-4400,64.4,0.0,0.0,0.0,1,59.6,61.6,6,64.4,59.2,0.0,0.0,0.0,0.0,216
2023-05-10 09:37:45,IO2312-C-4400,IO2312-C-4400,64.4,0.0,0.0,0.0,4,59.6,61.6,6,64.4,59.2,0.0,0.0,0.0,0.0,216
2023-05-10 09:37:45,IO2312-C-4400,IO2312-C-4400,64.4,0.0,0.0,0.0,1,59.6,62.2,6,64.4,59.2,0.0,0.0,0.0,0.0,216
2023-05-10 09:37:46,IO2312-C-4400,IO2312-C-4400,64.4,0.0,0.0,0.0,1,59.6,62.0,3,64.4,59.2,0.0,0.0,0.0,0.0,216
2023-05-10 09:37:46,IO2312-C-4400,IO2312-C-4400,64.4,0.0,0.0,0.0,3,59.8,61.8,6,64.4,59.2,0.0,0.0,0.0,0.0,216
2023-05-10 09:37:48,IO2312-C-4400,IO2312-C-4400,64.4,0.0,0.0,0.0,3,59.8,62.2,6,64.4,59.2,0.0,0.0,0.0,0.0,216
2023-05-10 09:37:48,IO2312-C-4400,IO2312-C-4400,64.4,0.0,0.0,0.0,3,59.8,62.0,3,64.4,59.2,0.0,0.0,0.0,0.0,216
2023-05-10 09:37:49,IO2312-C-4400,IO2312-C-4400,64.4,0.0,0.0,0.0,3,59.8,61.8,6,64.4,59.2,0.0,0.0,0.0,0.0,216
2023-05-10 09:37:50,IO2312-C-4400,IO2312-C-4400,64.4,0.0,0.0,0.0,3,59.8,62.2,6,64.4,59.2,0.0,0.0,0.0,0.0,216
2023-05-10 09:37:50,IO2312-C-4400,IO2312-C-4400,64.4,0.0,0.0,0.0,3,59.8,62.0,3,64.4,59.2,0.0,0.0,0.0,0.0,216
2023-05-10 09:37:51,IO2312-C-4400,IO2312-C-4400,64.4,0.0,0.0,0.0,3,59.8,61.8,6,64.4,59.2,0.0,0.0,0.0,0.0,216
2023-05-10 09:37:51,IO2312-C-4400,IO2312-C-4400,64.4,0.0,0.0,0.0,3,59.8,61.8,9,64.4,59.2,0.0,0.0,0.0,0.0,216
2023-05-10 09:37:52,IO2312-C-4400,IO2312-C-4400,64.4,0.0,0.0,0.0,3,59.8,61.6,6,64.4,59.2,0.0,0.0,0.0,0.0,216
2023-05-10 09:37:53,IO2312-C-4400,IO2312-C-4400,64.4,0.0,0.0,0.0,3,59.8,62.2,6,64.4,59.2,0.0,0.0,0.0,0.0,216
2023-05-10 09:37:54,IO2312-C-4400,IO2312-C-4400,64.4,0.0,0.0,0.0,3,59.8,62.0,3,64.4,59.2,0.0,0.0,0.0,0.0,216
2023-05-10 09:37:54,IO2312-C-4400,IO2312-C-4400,64.4,0.0,0.0,0.0,1,59.6,61.8,6,64.4,59.2,0.0,0.0,0.0,0.0,216
2023-05-10 09:37:55,IO2312-C-4400,IO2312-C-4400,64.4,0.0,0.0,0.0,1,59.6,61.8,9,64.4,59.2,0.0,0.0,0.0,0.0,216
2023-05-10 09:37:55,IO2312-C-4400,IO2312-C-4400,64.4,0.0,0.0,0.0,3,59.8,61.6,6,64.4,59.2,0.0,0.0,0.0,0.0,216
2023-05-10 09:37:57,IO2312-C-4400,IO2312-C-4400,64.4,0.0,0.0,0.0,3,59.8,62.2,6,64.4,59.2,0.0,0.0,0.0,0.0,216
2023-05-10 09:37:57,IO2312-C-4400,IO2312-C-4400,64.4,0.0,0.0,0.0,3,59.8,62.0,3,64.4,59.2,0.0,0.0,0.0,0.0,216
2023-05-10 09:37:58,IO2312-C-4400,IO2312-C-4400,64.4,0.0,0.0,0.0,3,59.8,61.8,6,64.4,59.2,0.0,0.0,0.0,0.0,216
2023-05-10 09:37:58,IO2312-C-4400,IO2312-C-4400,64.4,0.0,0.0,0.0,1,59.6,61.8,6,64.4,59.2,0.0,0.0,0.0,0.0,216
2023-05-10 09:37:59,IO2312-C-4400,IO2312-C-4400,64.4,0.0,0.0,0.0,1,59.6,62.2,6,64.4,59.2,0.0,0.0,0.0,0.0,216
2023-05-10 09:37:59,IO2312-C-4400,IO2312-C-4400,64.4,0.0,0.0,0.0,1,59.6,62.0,3,64.4,59.2,0.0,0.0,0.0,0.0,216
2023-05-10 09:38:00,IO2312-C-4400,IO2312-C-4400,64.4,0.0,0.0,0.0,1,59.6,61.8,6,64.4,59.2,0.0,0.0,0.0,0.0,216
2023-05-10 09:38:01,IO2312-C-4400,IO2312-C-4400,64.4,0.0,0.0,0.0,1,59.6,62.2,6,64.4,59.2,0.0,0.0,0.0,0.0,216
2023-05-10 09:38:02,IO2312-C-4400,IO2312-C-4400,64.4,0.0,0.0,0.0,1,59.6,62.2,9,64.4,59.2,0.0,0.0,0.0,0.0,216
2023-05-10 09:38:02,IO2312-C-4400,IO2312-C-4400,64.4,0.0,0.0,0.0,1,59.6,62.0,6,64.4,59.2,0.0,0.0,0.0,0.0,216
2023-05-10 09:38:03,IO2312-C-4400,IO2312-C-4400,64.4,0.0,0.0,0.0,1,59.6,62.2,6,64.4,59.2,0.0,0.0,0.0,0.0,216
2023-05-10 09:38:04,IO2312-C-4400,IO2312-C-4400,64.4,0.0,0.0,0.0,1,59.6,62.0,3,64.4,59.2,0.0,0.0,0.0,0.0,216
2023-05-10 09:38:04,IO2312-C-4400,IO2312-C-4400,64.4,0.0,0.0,0.0,1,59.6,61.8,6,64.4,59.2,0.0,0.0,0.0,0.0,216
2023-05-10 09:38:05,IO2312-C-4400,IO2312-C-4400,64.4,0.0,0.0,0.0,1,59.6,62.2,6,64.4,59.2,0.0,0.0,0.0,0.0,216
2023-05-10 09:38:05,IO2312-C-4400,IO2312-C-4400,64.4,0.0,0.0,0.0,1,59.6,62.0,3,64.4,59.2,0.0,0.0,0.0,0.0,216
2023-05-10 09:38:06,IO2312-C-4400,IO2312-C-4400,64.4,0.0,0.0,0.0,1,59.6,61.8,6,64.4,59.2,0.0,0.0,0.0,0.0,216
2023-05-10 09:38:06,IO2312-C-4400,IO2312-C-4400,64.4,0.0,0.0,0.0,7,59.6,62.2,6,64.4,59.2,0.0,0.0,0.0,0.0,216
2023-05-10 09:38:07,IO2312-C-4400,IO2312-C-4400,64.4,0.0,0.0,0.0,1,60.0,62.2,9,64.4,59.2,0.0,0.0,0.0,0.0,216
2023-05-10 09:38:07,IO2312-C-4400,IO2312-C-4400,64.4,0.0,0.0,0.0,1,60.0,62.0,6,64.4,59.2,0.0,0.0,0.0,0.0,216
2023-05-10 09:38:10,IO2312-C-4400,IO2312-C-4400,64.4,0.0,0.0,0.0,1,60.0,62.0,9,64.4,59.2,0.0,0.0,0.0,0.0,216
2023-05-10 09:38:11,IO2312-C-4400,IO2312-C-4400,64.4,0.0,0.0,0.0,1,60.0,61.8,6,64.4,59.2,0.0,0.0,0.0,0.0,216
2023-05-10 09:38:11,IO2312-C-4400,IO2312-C-4400,64.4,0.0,0.0,0.0,1,60.0,62.0,6,64.4,59.2,0.0,0.0,0.0,0.0,216
2023-05-10 09:38:13,IO2312-C-4400,IO2312-C-4400,64.4,0.0,0.0,0.0,7,60.0,62.0,6,64.4,59.2,0.0,0.0,0.0,0.0,216
2023-05-10 09:38:14,IO2312-C-4400,IO2312-C-4400,64.4,0.0,0.0,0.0,10,60.0,62.0,6,64.4,59.2,0.0,0.0,0.0,0.0,216
2023-05-10 09:38:14,IO2312-C-4400,IO2312-C-4400,64.4,0.0,0.0,0.0,10,60.0,62.0,9,64.4,59.2,0.0,0.0,0.0,0.0,216
2023-05-10 09:38:15,IO2312-C-4400,IO2312-C-4400,64.4,0.0,0.0,0.0,10,60.0,61.8,6,64.4,59.2,0.0,0.0,0.0,0.0,216
2023-05-10 09:38:15,IO2312-C-4400,IO2312-C-4400,64.4,0.0,0.0,0.0,4,60.0,61.8,6,64.4,59.2,0.0,0.0,0.0,0.0,216
2023-05-10 09:38:16,IO2312-C-4400,IO2312-C-4400,64.4,0.0,0.0,0.0,1,60.0,61.8,6,64.4,59.2,0.0,0.0,0.0,0.0,216
2023-05-10 09:38:16,IO2312-C-4400,IO2312-C-4400,64.4,0.0,0.0,0.0,1,60.0,62.2,6,64.4,59.2,0.0,0.0,0.0,0.0,216
2023-05-10 09:38:17,IO2312-C-4400,IO2312-C-4400,64.4,0.0,0.0,0.0,1,60.0,62.2,9,64.4,59.2,0.0,0.0,0.0,0.0,216
2023-05-10 09:38:17,IO2312-C-4400,IO2312-C-4400,64.4,0.0,0.0,0.0,1,60.0,62.0,6,64.4,59.2,0.0,0.0,0.0,0.0,216
2023-05-10 09:38:18,IO2312-C-4400,IO2312-C-4400,64.4,0.0,0.0,0.0,1,60.0,62.2,6,64.4,59.2,0.0,0.0,0.0,0.0,216
2023-05-10 09:38:19,IO2312-C-4400,IO2312-C-4400,64.4,0.0,0.0,0.0,1,60.0,62.2,9,64.4,59.2,0.0,0.0,0.0,0.0,216
2023-05-10 09:38:19,IO2312-C-4400,IO2312-C-4400,64.4,0.0,0.0,0.0,1,60.0,62.0,6,64.4,59.2,0.0,0.0,0.0,0.0,216
2023-05-10 09:38:20,IO2312-C-4400,IO2312-C-4400,64.4,0.0,0.0,0.0,1,60.0,62.2,6,64.4,59.2,0.0,0.0,0.0,0.0,216
2023-05-10 09:38:21,IO2312-C-4400,IO2312-C-4400,64.4,0.0,0.0,0.0,1,60.0,62.2,9,64.4,59.2,0.0,0.0,0.0,0.0,216
2023-05-10 09:38:21,IO2312-C-4400,IO2312-C-4400,64.4,0.0,0.0,0.0,1,60.0,62.0,6,64.4,59.2,0.0,0.0,0.0,0.0,216
2023-05-10 09:38:22,IO2312-C-4400,IO2312-C-4400,64.4,0.0,0.0,0.0,1,60.0,62.2,6,64.4,59.2,0.0,0.0,0.0,0.0,216
2023-05-10 09:38:23,IO2312-C-4400,IO2312-C-4400,64.4,0.0,0.0,0.0,3,60.2,62.2,6,64.4,59.2,0.0,0.0,0.0,0.0,216
2023-05-10 09:38:23,IO2312-C-4400,IO2312-C-4400,64.4,0.0,0.0,0.0,3,60.2,62.2,9,64.4,59.2,0.0,0.0,0.0,0.0,216
2023-05-10 09:38:24,IO2312-C-4400,IO2312-C-4400,64.4,0.0,0.0,0.0,3,60.2,62.0,6,64.4,59.2,0.0,0.0,0.0,0.0,216
2023-05-10 09:38:25,IO2312-C-4400,IO2312-C-4400,64.4,0.0,0.0,0.0,1,60.0,62.2,6,64.4,59.2,0.0,0.0,0.0,0.0,216
2023-05-10 09:38:25,IO2312-C-4400,IO2312-C-4400,64.4,0.0,0.0,0.0,1,60.0,62.2,9,64.4,59.2,0.0,0.0,0.0,0.0,216
2023-05-10 09:38:26,IO2312-C-4400,IO2312-C-4400,64.4,0.0,0.0,0.0,4,60.0,62.0,6,64.4,59.2,0.0,0.0,0.0,0.0,216
2023-05-10 09:38:27,IO2312-C-4400,IO2312-C-4400,64.4,0.0,0.0,0.0,4,60.0,62.2,6,64.4,59.2,0.0,0.0,0.0,0.0,216
2023-05-10 09:38:28,IO2312-C-4400,IO2312-C-4400,64.4,0.0,0.0,0.0,1,60.0,62.2,6,64.4,59.2,0.0,0.0,0.0,0.0,216
2023-05-10 09:38:29,IO2312-C-4400,IO2312-C-4400,64.4,0.0,0.0,0.0,3,60.2,62.2,6,64.4,59.2,0.0,0.0,0.0,0.0,216
2023-05-10 09:38:29,IO2312-C-4400,IO2312-C-4400,64.4,0.0,0.0,0.0,3,60.2,62.2,9,64.4,59.2,0.0,0.0,0.0,0.0,216
2023-05-10 09:38:30,IO2312-C-4400,IO2312-C-4400,64.4,0.0,0.0,0.0,3,60.2,62.0,6,64.4,59.2,0.0,0.0,0.0,0.0,216
2023-05-10 09:38:30,IO2312-C-4400,IO2312-C-4400,64.4,0.0,0.0,0.0,3,60.2,62.2,6,64.4,59.2,0.0,0.0,0.0,0.0,216
2023-05-10 09:38:31,IO2312-C-4400,IO2312-C-4400,64.4,0.0,0.0,0.0,1,60.0,62.2,9,64.4,59.2,0.0,0.0,0.0,0.0,216
2023-05-10 09:38:31,IO2312-C-4400,IO2312-C-4400,64.4,0.0,0.0,0.0,1,60.0,62.0,6,64.4,59.2,0.0,0.0,0.0,0.0,216
2023-05-10 09:38:32,IO2312-C-4400,IO2312-C-4400,64.4,0.0,0.0,0.0,4,60.0,62.0,6,64.4,59.2,0.0,0.0,0.0,0.0,216
2023-05-10 09:38:32,IO2312-C-4400,IO2312-C-4400,64.4,0.0,0.0,0.0,4,60.0,62.2,6,64.4,59.2,0.0,0.0,0.0,0.0,216
2023-05-10 09:38:33,IO2312-C-4400,IO2312-C-4400,64.4,0.0,0.0,0.0,4,60.0,62.2,9,64.4,59.2,0.0,0.0,0.0,0.0,216
2023-05-10 09:38:33,IO2312-C-4400,IO2312-C-4400,64.4,0.0,0.0,0.0,4,60.0,62.0,6,64.4,59.2,0.0,0.0,0.0,0.0,216
2023-05-10 09:38:34,IO2312-C-4400,IO2312-C-4400,64.4,0.0,0.0,0.0,4,60.0,62.2,6,64.4,59.2,0.0,0.0,0.0,0.0,216
2023-05-10 09:38:36,IO2312-C-4400,IO2312-C-4400,64.4,0.0,0.0,0.0,1,60.0,62.2,6,64.4,59.2,0.0,0.0,0.0,0.0,216
2023-05-10 09:38:38,IO2312-C-4400,IO2312-C-4400,64.4,0.0,0.0,0.0,3,60.2,62.2,6,64.4,59.2,0.0,0.0,0.0,0.0,216
2023-05-10 09:38:41,IO2312-C-4400,IO2312-C-4400,64.4,0.0,0.0,0.0,1,60.0,62.2,9,64.4,59.2,0.0,0.0,0.0,0.0,216
2023-05-10 09:38:42,IO2312-C-4400,IO2312-C-4400,64.4,0.0,0.0,0.0,1,60.0,62.0,6,64.4,59.2,0.0,0.0,0.0,0.0,216
2023-05-10 09:38:42,IO2312-C-4400,IO2312-C-4400,64.4,0.0,0.0,0.0,4,60.0,62.0,6,64.4,59.2,0.0,0.0,0.0,0.0,216
2023-05-10 09:38:43,IO2312-C-4400,IO2312-C-4400,64.4,0.0,0.0,0.0,4,60.0,62.2,6,64.4,59.2,0.0,0.0,0.0,0.0,216
2023-05-10 09:38:43,IO2312-C-4400,IO2312-C-4400,64.4,0.0,0.0,0.0,4,60.0,62.2,9,64.4,59.2,0.0,0.0,0.0,0.0,216
2023-05-10 09:38:44,IO2312-C-4400,IO2312-C-4400,64.4,0.0,0.0,0.0,1,60.0,62.0,6,64.4,59.2,0.0,0.0,0.0,0.0,216
2023-05-10 09:38:45,IO2312-C-4400,IO2312-C-4400,64.4,0.0,0.0,0.0,4,60.0,62.2,6,64.4,59.2,0.0,0.0,0.0,0.0,216
2023-05-10 09:38:46,IO2312-C-4400,IO2312-C-4400,64.4,0.0,0.0,0.0,4,60.0,62.2,9,64.4,59.2,0.0,0.0,0.0,0.0,216
2023-05-10 09:38:46,IO2312-C-4400,IO2312-C-4400,64.4,0.0,0.0,0.0,4,60.0,62.0,6,64.4,59.2,0.0,0.0,0.0,0.0,216
2023-05-10 09:38:47,IO2312-C-4400,IO2312-C-4400,64.4,0.0,0.0,0.0,4,60.0,62.2,6,64.4,59.2,0.0,0.0,0.0,0.0,216
2023-05-10 09:38:48,IO2312-C-4400,IO2312-C-4400,64.4,0.0,0.0,0.0,4,60.0,62.2,9,64.4,59.2,0.0,0.0,0.0,0.0,216
2023-05-10 09:38:48,IO2312-C-4400,IO2312-C-4400,64.4,0.0,0.0,0.0,4,60.0,62.0,6,64.4,59.2,0.0,0.0,0.0,0.0,216
2023-05-10 09:38:49,IO2312-C-4400,IO2312-C-4400,64.4,0.0,0.0,0.0,4,60.0,62.2,6,64.4,59.2,0.0,0.0,0.0,0.0,216
2023-05-10 09:38:50,IO2312-C-4400,IO2312-C-4400,64.4,0.0,0.0,0.0,1,60.0,62.2,6,64.4,59.2,0.0,0.0,0.0,0.0,216
2023-05-10 09:38:51,IO2312-C-4400,IO2312-C-4400,64.4,0.0,0.0,0.0,4,60.0,62.2,6,64.4,59.2,0.0,0.0,0.0,0.0,216
2023-05-10 09:38:51,IO2312-C-4400,IO2312-C-4400,64.4,0.0,0.0,0.0,1,60.0,62.2,6,64.4,59.2,0.0,0.0,0.0,0.0,216
2023-05-10 09:38:52,IO2312-C-4400,IO2312-C-4400,64.4,0.0,0.0,0.0,3,60.2,62.2,6,64.4,59.2,0.0,0.0,0.0,0.0,216
2023-05-10 09:38:54,IO2312-C-4400,IO2312-C-4400,64.4,0.0,0.0,0.0,1,60.4,62.2,6,64.4,59.2,0.0,0.0,0.0,0.0,216
2023-05-10 09:38:56,IO2312-C-4400,IO2312-C-4400,64.4,0.0,0.0,0.0,4,60.4,62.2,6,64.4,59.2,0.0,0.0,0.0,0.0,216
2023-05-10 09:38:57,IO2312-C-4400,IO2312-C-4400,64.4,0.0,0.0,0.0,1,60.4,62.2,6,64.4,59.2,0.0,0.0,0.0,0.0,216
2023-05-10 09:38:58,IO2312-C-4400,IO2312-C-4400,64.4,0.0,0.0,0.0,4,60.4,62.2,6,64.4,59.2,0.0,0.0,0.0,0.0,216
2023-05-10 09:39:00,IO2312-C-4400,IO2312-C-4400,64.4,0.0,0.0,0.0,1,60.4,62.2,6,64.4,59.2,0.0,0.0,0.0,0.0,216
2023-05-10 09:39:02,IO2312-C-4400,IO2312-C-4400,64.4,0.0,0.0,0.0,1,60.4,62.2,9,64.4,59.2,0.0,0.0,0.0,0.0,216
2023-05-10 09:39:02,IO2312-C-4400,IO2312-C-4400,64.4,0.0,0.0,0.0,1,60.4,62.0,6,64.4,59.2,0.0,0.0,0.0,0.0,216
2023-05-10 09:39:03,IO2312-C-4400,IO2312-C-4400,64.4,0.0,0.0,0.0,1,60.4,62.2,6,64.4,59.2,0.0,0.0,0.0,0.0,216
2023-05-10 09:39:05,IO2312-C-4400,IO2312-C-4400,64.4,0.0,0.0,0.0,4,60.4,62.2,6,64.4,59.2,0.0,0.0,0.0,0.0,216
2023-05-10 09:39:08,IO2312-C-4400,IO2312-C-4400,64.4,0.0,0.0,0.0,1,60.4,62.2,6,64.4,59.2,0.0,0.0,0.0,0.0,216
2023-05-10 09:39:19,IO2312-C-4400,IO2312-C-4400,64.4,0.0,0.0,0.0,3,60.6,62.2,6,64.4,59.2,0.0,0.0,0.0,0.0,216
2023-05-10 09:39:24,IO2312-C-4400,IO2312-C-4400,64.4,0.0,0.0,0.0,1,60.4,62.2,6,64.4,59.2,0.0,0.0,0.0,0.0,216
2023-05-10 09:39:28,IO2312-C-4400,IO2312-C-4400,64.4,0.0,0.0,0.0,3,60.6,62.2,6,64.4,59.2,0.0,0.0,0.0,0.0,216
2023-05-10 09:39:28,IO2312-C-4400,IO2312-C-4400,64.4,0.0,0.0,0.0,1,60.4,62.2,6,64.4,59.2,0.0,0.0,0.0,0.0,216
2023-05-10 09:39:29,IO2312-C-4400,IO2312-C-4400,64.4,0.0,0.0,0.0,3,60.6,62.2,6,64.4,59.2,0.0,0.0,0.0,0.0,216
2023-05-10 09:39:31,IO2312-C-4400,IO2312-C-4400,64.4,0.0,0.0,0.0,1,60.4,62.2,6,64.4,59.2,0.0,0.0,0.0,0.0,216
2023-05-10 09:39:33,IO2312-C-4400,IO2312-C-4400,64.4,0.0,0.0,0.0,3,60.6,62.2,6,64.4,59.2,0.0,0.0,0.0,0.0,216
2023-05-10 09:39:39,IO2312-C-4400,IO2312-C-4400,64.4,0.0,0.0,0.0,1,60.4,62.2,6,64.4,59.2,0.0,0.0,0.0,0.0,216
2023-05-10 09:39:51,IO2312-C-4400,IO2312-C-4400,64.4,0.0,0.0,0.0,3,60.6,62.2,6,64.4,59.2,0.0,0.0,0.0,0.0,216
2023-05-10 09:39:52,IO2312-C-4400,IO2312-C-4400,64.4,0.0,0.0,0.0,1,60.4,62.2,6,64.4,59.2,0.0,0.0,0.0,0.0,216
2023-05-10 09:39:53,IO2312-C-4400,IO2312-C-4400,64.4,0.0,0.0,0.0,4,60.4,62.2,6,64.4,59.2,0.0,0.0,0.0,0.0,216
2023-05-10 09:39:54,IO2312-C-4400,IO2312-C-4400,64.4,0.0,0.0,0.0,1,60.4,62.2,6,64.4,59.2,0.0,0.0,0.0,0.0,216
2023-05-10 09:40:03,IO2312-C-4400,IO2312-C-4400,64.4,0.0,0.0,0.0,3,60.6,62.2,6,64.4,59.2,0.0,0.0,0.0,0.0,216
2023-05-10 09:40:04,IO2312-C-4400,IO2312-C-4400,64.4,0.0,0.0,0.0,1,60.4,62.2,6,64.4,59.2,0.0,0.0,0.0,0.0,216
2023-05-10 09:40:05,IO2312-C-4400,IO2312-C-4400,64.4,0.0,0.0,0.0,4,60.4,62.2,6,64.4,59.2,0.0,0.0,0.0,0.0,216
2023-05-10 09:40:07,IO2312-C-4400,IO2312-C-4400,64.4,0.0,0.0,0.0,1,60.4,62.2,6,64.4,59.2,0.0,0.0,0.0,0.0,216
2023-05-10 09:40:09,IO2312-C-4400,IO2312-C-4400,64.4,0.0,0.0,0.0,4,60.4,62.2,6,64.4,59.2,0.0,0.0,0.0,0.0,216
2023-05-10 09:40:11,IO2312-C-4400,IO2312-C-4400,64.4,0.0,0.0,0.0,1,60.4,62.2,6,64.4,59.2,0.0,0.0,0.0,0.0,216
2023-05-10 09:40:12,IO2312-C-4400,IO2312-C-4400,64.4,0.0,0.0,0.0,3,60.6,62.2,6,64.4,59.2,0.0,0.0,0.0,0.0,216
2023-05-10 09:40:14,IO2312-C-4400,IO2312-C-4400,64.4,0.0,0.0,0.0,1,60.4,62.2,6,64.4,59.2,0.0,0.0,0.0,0.0,216
2023-05-10 09:40:15,IO2312-C-4400,IO2312-C-4400,64.4,0.0,0.0,0.0,3,60.6,62.2,6,64.4,59.2,0.0,0.0,0.0,0.0,216
2023-05-10 09:40:18,IO2312-C-4400,IO2312-C-4400,64.4,0.0,0.0,0.0,1,60.4,62.2,6,64.4,59.2,0.0,0.0,0.0,0.0,216
2023-05-10 09:40:19,IO2312-C-4400,IO2312-C-4400,64.4,0.0,0.0,0.0,3,60.6,62.2,6,64.4,59.2,0.0,0.0,0.0,0.0,216
2023-05-10 09:40:20,IO2312-C-4400,IO2312-C-4400,64.4,0.0,0.0,0.0,1,60.4,62.2,6,64.4,59.2,0.0,0.0,0.0,0.0,216
2023-05-10 09:40:21,IO2312-C-4400,IO2312-C-4400,64.4,0.0,0.0,0.0,4,60.4,62.2,6,64.4,59.2,0.0,0.0,0.0,0.0,216
2023-05-10 09:40:21,IO2312-C-4400,IO2312-C-4400,64.4,0.0,0.0,0.0,1,60.4,62.2,6,64.4,59.2,0.0,0.0,0.0,0.0,216
2023-05-10 09:40:22,IO2312-C-4400,IO2312-C-4400,64.4,0.0,0.0,0.0,4,60.4,62.2,6,64.4,59.2,0.0,0.0,0.0,0.0,216
2023-05-10 09:40:24,IO2312-C-4400,IO2312-C-4400,64.4,0.0,0.0,0.0,1,60.4,62.2,6,64.4,59.2,0.0,0.0,0.0,0.0,216
2023-05-10 09:40:25,IO2312-C-4400,IO2312-C-4400,64.4,0.0,0.0,0.0,1,60.4,62.2,9,64.4,59.2,0.0,0.0,0.0,0.0,216
2023-05-10 09:40:26,IO2312-C-4400,IO2312-C-4400,64.4,0.0,0.0,0.0,1,60.4,62.0,6,64.4,59.2,0.0,0.0,0.0,0.0,216
2023-05-10 09:40:26,IO2312-C-4400,IO2312-C-4400,64.4,0.0,0.0,0.0,4,60.4,62.0,9,64.4,59.2,0.0,0.0,0.0,0.0,216
2023-05-10 09:40:27,IO2312-C-4400,IO2312-C-4400,64.4,0.0,0.0,0.0,1,60.4,61.8,6,64.4,59.2,0.0,0.0,0.0,0.0,216
2023-05-10 09:40:27,IO2312-C-4400,IO2312-C-4400,64.4,0.0,0.0,0.0,1,60.4,62.2,6,64.4,59.2,0.0,0.0,0.0,0.0,216
2023-05-10 09:40:28,IO2312-C-4400,IO2312-C-4400,64.4,0.0,0.0,0.0,1,60.4,62.0,3,64.4,59.2,0.0,0.0,0.0,0.0,216
2023-05-10 09:40:28,IO2312-C-4400,IO2312-C-4400,64.4,0.0,0.0,0.0,1,60.4,61.8,6,64.4,59.2,0.0,0.0,0.0,0.0,216
2023-05-10 09:40:29,IO2312-C-4400,IO2312-C-4400,64.4,0.0,0.0,0.0,1,60.4,62.0,6,64.4,59.2,0.0,0.0,0.0,0.0,216
2023-05-10 09:40:31,IO2312-C-4400,IO2312-C-4400,64.4,0.0,0.0,0.0,1,60.4,62.2,6,64.4,59.2,0.0,0.0,0.0,0.0,216
2023-05-10 09:40:31,IO2312-C-4400,IO2312-C-4400,64.4,0.0,0.0,0.0,1,60.4,62.0,3,64.4,59.2,0.0,0.0,0.0,0.0,216
2023-05-10 09:40:32,IO2312-C-4400,IO2312-C-4400,64.4,0.0,0.0,0.0,6,60.0,61.8,6,64.4,59.2,0.0,0.0,0.0,0.0,216
2023-05-10 09:40:32,IO2312-C-4400,IO2312-C-4400,64.4,0.0,0.0,0.0,3,60.0,61.8,6,64.4,59.2,0.0,0.0,0.0,0.0,216
2023-05-10 09:40:33,IO2312-C-4400,IO2312-C-4400,64.4,0.0,0.0,0.0,6,59.8,62.2,6,64.4,59.2,0.0,0.0,0.0,0.0,216
2023-05-10 09:40:34,IO2312-C-4400,IO2312-C-4400,64.4,0.0,0.0,0.0,6,59.6,62.0,3,64.4,59.2,0.0,0.0,0.0,0.0,216
2023-05-10 09:40:34,IO2312-C-4400,IO2312-C-4400,64.4,0.0,0.0,0.0,3,59.8,61.8,6,64.4,59.2,0.0,0.0,0.0,0.0,216
2023-05-10 09:40:35,IO2312-C-4400,IO2312-C-4400,64.4,0.0,0.0,0.0,3,59.8,62.0,6,64.4,59.2,0.0,0.0,0.0,0.0,216
2023-05-10 09:40:36,IO2312-C-4400,IO2312-C-4400,64.4,0.0,0.0,0.0,3,59.8,62.0,9,64.4,59.2,0.0,0.0,0.0,0.0,216
2023-05-10 09:40:36,IO2312-C-4400,IO2312-C-4400,64.4,0.0,0.0,0.0,3,59.8,61.8,6,64.4,59.2,0.0,0.0,0.0,0.0,216
2023-05-10 09:40:37,IO2312-C-4400,IO2312-C-4400,64.4,0.0,0.0,0.0,6,59.4,62.0,6,64.4,59.2,0.0,0.0,0.0,0.0,216
2023-05-10 09:40:38,IO2312-C-4400,IO2312-C-4400,64.4,0.0,0.0,0.0,37,59.2,62.0,9,64.4,59.2,0.0,0.0,0.0,0.0,216
2023-05-10 09:40:38,IO2312-C-4400,IO2312-C-4400,64.4,0.0,0.0,0.0,34,59.2,61.8,6,64.4,59.2,0.0,0.0,0.0,0.0,216
2023-05-10 09:40:39,IO2312-C-4400,IO2312-C-4400,64.4,0.0,0.0,0.0,1,59.6,61.8,6,64.4,59.2,0.0,0.0,0.0,0.0,216
2023-05-10 09:40:39,IO2312-C-4400,IO2312-C-4400,64.4,0.0,0.0,0.0,1,59.6,62.0,6,64.4,59.2,0.0,0.0,0.0,0.0,216
2023-05-10 09:40:49,IO2312-C-4400,IO2312-C-4400,64.4,0.0,0.0,0.0,1,59.6,62.0,9,64.4,59.2,0.0,0.0,0.0,0.0,216
2023-05-10 09:40:50,IO2312-C-4400,IO2312-C-4400,64.4,0.0,0.0,0.0,1,59.6,61.8,6,64.4,59.2,0.0,0.0,0.0,0.0,216
2023-05-10 09:40:51,IO2312-C-4400,IO2312-C-4400,64.4,0.0,0.0,0.0,1,59.6,62.0,6,64.4,59.2,0.0,0.0,0.0,0.0,216
2023-05-10 09:40:51,IO2312-C-4400,IO2312-C-4400,64.4,0.0,0.0,0.0,1,59.6,62.0,9,64.4,59.2,0.0,0.0,0.0,0.0,216
2023-05-10 09:40:52,IO2312-C-4400,IO2312-C-4400,64.4,0.0,0.0,0.0,1,59.6,61.8,6,64.4,59.2,0.0,0.0,0.0,0.0,216
2023-05-10 09:40:53,IO2312-C-4400,IO2312-C-4400,64.4,0.0,0.0,0.0,1,59.6,62.0,6,64.4,59.2,0.0,0.0,0.0,0.0,216
2023-05-10 09:40:53,IO2312-C-4400,IO2312-C-4400,64.4,0.0,0.0,0.0,1,59.6,62.0,9,64.4,59.2,0.0,0.0,0.0,0.0,216
2023-05-10 09:40:54,IO2312-C-4400,IO2312-C-4400,64.4,0.0,0.0,0.0,1,59.6,61.8,6,64.4,59.2,0.0,0.0,0.0,0.0,216
2023-05-10 09:40:55,IO2312-C-4400,IO2312-C-4400,64.4,0.0,0.0,0.0,1,59.6,62.0,6,64.4,59.2,0.0,0.0,0.0,0.0,216
2023-05-10 09:40:55,IO2312-C-4400,IO2312-C-4400,64.4,0.0,0.0,0.0,1,59.6,62.0,9,64.4,59.2,0.0,0.0,0.0,0.0,216
2023-05-10 09:40:56,IO2312-C-4400,IO2312-C-4400,64.4,0.0,0.0,0.0,1,59.6,61.8,6,64.4,59.2,0.0,0.0,0.0,0.0,216
2023-05-10 09:40:57,IO2312-C-4400,IO2312-C-4400,64.4,0.0,0.0,0.0,1,59.6,62.0,6,64.4,59.2,0.0,0.0,0.0,0.0,216
2023-05-10 09:40:57,IO2312-C-4400,IO2312-C-4400,64.4,0.0,0.0,0.0,1,59.6,62.0,9,64.4,59.2,0.0,0.0,0.0,0.0,216
2023-05-10 09:40:58,IO2312-C-4400,IO2312-C-4400,64.4,0.0,0.0,0.0,1,59.6,61.8,6,64.4,59.2,0.0,0.0,0.0,0.0,216
2023-05-10 09:40:59,IO2312-C-4400,IO2312-C-4400,64.4,0.0,0.0,0.0,1,59.6,61.8,3,64.4,59.2,0.0,0.0,0.0,0.0,216
2023-05-10 09:40:59,IO2312-C-4400,IO2312-C-4400,64.4,0.0,0.0,0.0,1,59.6,61.6,6,64.4,59.2,0.0,0.0,0.0,0.0,216
2023-05-10 09:41:00,IO2312-C-4400,IO2312-C-4400,64.4,0.0,0.0,0.0,1,59.6,62.0,6,64.4,59.2,0.0,0.0,0.0,0.0,216
2023-05-10 09:41:00,IO2312-C-4400,IO2312-C-4400,64.4,0.0,0.0,0.0,1,59.6,61.8,3,64.4,59.2,0.0,0.0,0.0,0.0,216
2023-05-10 09:41:01,IO2312-C-4400,IO2312-C-4400,64.4,0.0,0.0,0.0,1,59.6,61.6,6,64.4,59.2,0.0,0.0,0.0,0.0,216
2023-05-10 09:41:02,IO2312-C-4400,IO2312-C-4400,64.4,0.0,0.0,0.0,3,59.8,61.6,6,64.4,59.2,0.0,0.0,0.0,0.0,216
2023-05-10 09:41:02,IO2312-C-4400,IO2312-C-4400,64.4,0.0,0.0,0.0,1,60.0,62.0,6,64.4,59.2,0.0,0.0,0.0,0.0,216
2023-05-10 09:41:03,IO2312-C-4400,IO2312-C-4400,64.4,0.0,0.0,0.0,1,60.0,61.8,3,64.4,59.2,0.0,0.0,0.0,0.0,216
2023-05-10 09:41:03,IO2312-C-4400,IO2312-C-4400,64.4,0.0,0.0,0.0,1,60.0,61.6,6,64.4,59.2,0.0,0.0,0.0,0.0,216
2023-05-10 09:41:04,IO2312-C-4400,IO2312-C-4400,64.4,0.0,0.0,0.0,1,60.0,62.0,6,64.4,59.2,0.0,0.0,0.0,0.0,216
2023-05-10 09:41:05,IO2312-C-4400,IO2312-C-4400,64.4,0.0,0.0,0.0,1,60.0,61.8,3,64.4,59.2,0.0,0.0,0.0,0.0,216
2023-05-10 09:41:05,IO2312-C-4400,IO2312-C-4400,64.4,0.0,0.0,0.0,1,60.0,61.6,6,64.4,59.2,0.0,0.0,0.0,0.0,216
2023-05-10 09:41:06,IO2312-C-4400,IO2312-C-4400,64.4,0.0,0.0,0.0,1,60.0,61.6,9,64.4,59.2,0.0,0.0,0.0,0.0,216
2023-05-10 09:41:06,IO2312-C-4400,IO2312-C-4400,64.4,0.0,0.0,0.0,1,60.0,61.4,6,64.4,59.2,0.0,0.0,0.0,0.0,216
2023-05-10 09:41:08,IO2312-C-4400,IO2312-C-4400,64.4,0.0,0.0,0.0,1,60.0,62.0,6,64.4,59.2,0.0,0.0,0.0,0.0,216
2023-05-10 09:41:08,IO2312-C-4400,IO2312-C-4400,64.4,0.0,0.0,0.0,1,60.0,61.8,3,64.4,59.2,0.0,0.0,0.0,0.0,216
2023-05-10 09:41:09,IO2312-C-4400,IO2312-C-4400,64.4,0.0,0.0,0.0,1,60.0,61.6,6,64.4,59.2,0.0,0.0,0.0,0.0,216
2023-05-10 09:41:10,IO2312-C-4400,IO2312-C-4400,64.4,0.0,0.0,0.0,1,60.0,62.0,6,64.4,59.2,0.0,0.0,0.0,0.0,216
2023-05-10 09:41:10,IO2312-C-4400,IO2312-C-4400,64.4,0.0,0.0,0.0,1,60.0,62.0,9,64.4,59.2,0.0,0.0,0.0,0.0,216
2023-05-10 09:41:11,IO2312-C-4400,IO2312-C-4400,64.4,0.0,0.0,0.0,1,60.0,61.8,6,64.4,59.2,0.0,0.0,0.0,0.0,216
2023-05-10 09:41:11,IO2312-C-4400,IO2312-C-4400,64.4,0.0,0.0,0.0,1,60.0,61.8,9,64.4,59.2,0.0,0.0,0.0,0.0,216
2023-05-10 09:41:12,IO2312-C-4400,IO2312-C-4400,64.4,0.0,0.0,0.0,1,60.0,61.6,6,64.4,59.2,0.0,0.0,0.0,0.0,216
2023-05-10 09:41:12,IO2312-C-4400,IO2312-C-4400,64.4,0.0,0.0,0.0,3,59.6,61.6,6,64.4,59.2,0.0,0.0,0.0,0.0,216
2023-05-10 09:41:13,IO2312-C-4400,IO2312-C-4400,64.4,0.0,0.0,0.0,3,59.6,62.0,6,64.4,59.2,0.0,0.0,0.0,0.0,216
2023-05-10 09:41:13,IO2312-C-4400,IO2312-C-4400,64.4,0.0,0.0,0.0,3,59.6,61.8,3,64.4,59.2,0.0,0.0,0.0,0.0,216
2023-05-10 09:41:14,IO2312-C-4400,IO2312-C-4400,64.4,0.0,0.0,0.0,3,59.6,61.6,6,64.4,59.2,0.0,0.0,0.0,0.0,216
2023-05-10 09:41:15,IO2312-C-4400,IO2312-C-4400,64.4,0.0,0.0,0.0,3,59.6,62.0,6,64.4,59.2,0.0,0.0,0.0,0.0,216
2023-05-10 09:41:15,IO2312-C-4400,IO2312-C-4400,64.4,0.0,0.0,0.0,3,59.6,61.8,3,64.4,59.2,0.0,0.0,0.0,0.0,216
2023-05-10 09:41:16,IO2312-C-4400,IO2312-C-4400,64.4,0.0,0.0,0.0,3,59.6,61.6,6,64.4,59.2,0.0,0.0,0.0,0.0,216
2023-05-10 09:41:17,IO2312-C-4400,IO2312-C-4400,64.4,0.0,0.0,0.0,3,59.6,62.0,6,64.4,59.2,0.0,0.0,0.0,0.0,216
2023-05-10 09:41:17,IO2312-C-4400,IO2312-C-4400,64.4,0.0,0.0,0.0,3,59.6,61.8,3,64.4,59.2,0.0,0.0,0.0,0.0,216
2023-05-10 09:41:18,IO2312-C-4400,IO2312-C-4400,64.4,0.0,0.0,0.0,3,59.6,61.6,6,64.4,59.2,0.0,0.0,0.0,0.0,216
2023-05-10 09:41:19,IO2312-C-4400,IO2312-C-4400,64.4,0.0,0.0,0.0,3,59.6,62.0,6,64.4,59.2,0.0,0.0,0.0,0.0,216
2023-05-10 09:41:19,IO2312-C-4400,IO2312-C-4400,64.4,0.0,0.0,0.0,3,59.6,61.8,3,64.4,59.2,0.0,0.0,0.0,0.0,216
2023-05-10 09:41:20,IO2312-C-4400,IO2312-C-4400,64.4,0.0,0.0,0.0,3,59.6,61.6,6,64.4,59.2,0.0,0.0,0.0,0.0,216
2023-05-10 09:41:21,IO2312-C-4400,IO2312-C-4400,64.4,0.0,0.0,0.0,1,59.4,62.0,6,64.4,59.2,0.0,0.0,0.0,0.0,216
2023-05-10 09:41:21,IO2312-C-4400,IO2312-C-4400,64.4,0.0,0.0,0.0,1,59.4,61.8,3,64.4,59.2,0.0,0.0,0.0,0.0,216
2023-05-10 09:41:22,IO2312-C-4400,IO2312-C-4400,64.4,0.0,0.0,0.0,1,59.4,61.6,6,64.4,59.2,0.0,0.0,0.0,0.0,216
2023-05-10 09:41:23,IO2312-C-4400,IO2312-C-4400,64.4,0.0,0.0,0.0,1,59.4,62.0,6,64.4,59.2,0.0,0.0,0.0,0.0,216
2023-05-10 09:41:23,IO2312-C-4400,IO2312-C-4400,64.4,0.0,0.0,0.0,1,59.4,62.0,9,64.4,59.2,0.0,0.0,0.0,0.0,216
2023-05-10 09:41:24,IO2312-C-4400,IO2312-C-4400,64.4,0.0,0.0,0.0,1,59.4,61.8,6,64.4,59.2,0.0,0.0,0.0,0.0,216
2023-05-10 09:41:25,IO2312-C-4400,IO2312-C-4400,64.4,0.0,0.0,0.0,1,59.4,62.0,6,64.4,59.2,0.0,0.0,0.0,0.0,216
2023-05-10 09:41:25,IO2312-C-4400,IO2312-C-4400,64.4,0.0,0.0,0.0,1,59.4,62.0,9,64.4,59.2,0.0,0.0,0.0,0.0,216
2023-05-10 09:41:26,IO2312-C-4400,IO2312-C-4400,64.4,0.0,0.0,0.0,1,59.4,61.8,6,64.4,59.2,0.0,0.0,0.0,0.0,216
2023-05-10 09:41:27,IO2312-C-4400,IO2312-C-4400,64.4,0.0,0.0,0.0,1,59.4,62.0,6,64.4,59.2,0.0,0.0,0.0,0.0,216
2023-05-10 09:41:27,IO2312-C-4400,IO2312-C-4400,64.4,0.0,0.0,0.0,1,59.4,62.0,9,64.4,59.2,0.0,0.0,0.0,0.0,216
2023-05-10 09:41:28,IO2312-C-4400,IO2312-C-4400,64.4,0.0,0.0,0.0,1,59.4,61.8,6,64.4,59.2,0.0,0.0,0.0,0.0,216
2023-05-10 09:41:29,IO2312-C-4400,IO2312-C-4400,64.4,0.0,0.0,0.0,1,59.4,62.0,6,64.4,59.2,0.0,0.0,0.0,0.0,216
2023-05-10 09:41:29,IO2312-C-4400,IO2312-C-4400,64.4,0.0,0.0,0.0,1,59.4,62.0,9,64.4,59.2,0.0,0.0,0.0,0.0,216
2023-05-10 09:41:30,IO2312-C-4400,IO2312-C-4400,64.4,0.0,0.0,0.0,1,59.4,61.8,6,64.4,59.2,0.0,0.0,0.0,0.0,216
2023-05-10 09:41:31,IO2312-C-4400,IO2312-C-4400,64.4,0.0,0.0,0.0,1,59.4,61.8,3,64.4,59.2,0.0,0.0,0.0,0.0,216
2023-05-10 09:41:31,IO2312-C-4400,IO2312-C-4400,64.4,0.0,0.0,0.0,1,59.4,61.6,6,64.4,59.2,0.0,0.0,0.0,0.0,216
2023-05-10 09:41:32,IO2312-C-4400,IO2312-C-4400,64.4,0.0,0.0,0.0,1,59.4,62.0,6,64.4,59.2,0.0,0.0,0.0,0.0,216
2023-05-10 09:41:33,IO2312-C-4400,IO2312-C-4400,64.4,0.0,0.0,0.0,1,59.4,61.8,3,64.4,59.2,0.0,0.0,0.0,0.0,216
2023-05-10 09:41:33,IO2312-C-4400,IO2312-C-4400,64.4,0.0,0.0,0.0,1,59.4,61.6,6,64.4,59.2,0.0,0.0,0.0,0.0,216
2023-05-10 09:41:34,IO2312-C-4400,IO2312-C-4400,64.4,0.0,0.0,0.0,1,59.4,62.0,6,64.4,59.2,0.0,0.0,0.0,0.0,216
2023-05-10 09:41:34,IO2312-C-4400,IO2312-C-4400,64.4,0.0,0.0,0.0,1,59.4,62.0,9,64.4,59.2,0.0,0.0,0.0,0.0,216
2023-05-10 09:41:35,IO2312-C-4400,IO2312-C-4400,64.4,0.0,0.0,0.0,1,59.4,61.8,6,64.4,59.2,0.0,0.0,0.0,0.0,216
2023-05-10 09:41:36,IO2312-C-4400,IO2312-C-4400,64.4,0.0,0.0,0.0,1,59.4,62.0,6,64.4,59.2,0.0,0.0,0.0,0.0,216
2023-05-10 09:41:36,IO2312-C-4400,IO2312-C-4400,64.4,0.0,0.0,0.0,1,59.4,62.0,9,64.4,59.2,0.0,0.0,0.0,0.0,216
2023-05-10 09:41:37,IO2312-C-4400,IO2312-C-4400,64.4,0.0,0.0,0.0,1,59.4,61.8,6,64.4,59.2,0.0,0.0,0.0,0.0,216
2023-05-10 09:41:38,IO2312-C-4400,IO2312-C-4400,64.4,0.0,0.0,0.0,1,59.4,62.0,6,64.4,59.2,0.0,0.0,0.0,0.0,216
2023-05-10 09:41:38,IO2312-C-4400,IO2312-C-4400,64.4,0.0,0.0,0.0,1,59.4,61.8,3,64.4,59.2,0.0,0.0,0.0,0.0,216
2023-05-10 09:41:39,IO2312-C-4400,IO2312-C-4400,64.4,0.0,0.0,0.0,1,59.4,61.6,6,64.4,59.2,0.0,0.0,0.0,0.0,216
2023-05-10 09:41:39,IO2312-C-4400,IO2312-C-4400,64.4,0.0,0.0,0.0,1,59.4,62.0,6,64.4,59.2,0.0,0.0,0.0,0.0,216
2023-05-10 09:41:40,IO2312-C-4400,IO2312-C-4400,64.4,0.0,0.0,0.0,1,59.4,62.0,9,64.4,59.2,0.0,0.0,0.0,0.0,216
2023-05-10 09:41:40,IO2312-C-4400,IO2312-C-4400,64.4,0.0,0.0,0.0,1,59.4,61.8,6,64.4,59.2,0.0,0.0,0.0,0.0,216
2023-05-10 09:41:41,IO2312-C-4400,IO2312-C-4400,64.4,0.0,0.0,0.0,1,59.4,62.0,6,64.4,59.2,0.0,0.0,0.0,0.0,216
2023-05-10 09:41:42,IO2312-C-4400,IO2312-C-4400,64.4,0.0,0.0,0.0,7,59.4,62.0,6,64.4,59.2,0.0,0.0,0.0,0.0,216
2023-05-10 09:41:43,IO2312-C-4400,IO2312-C-4400,64.4,0.0,0.0,0.0,1,60.2,62.0,6,64.4,59.2,0.0,0.0,0.0,0.0,216
2023-05-10 09:41:43,IO2312-C-4400,IO2312-C-4400,64.4,0.0,0.0,0.0,4,60.2,62.0,6,64.4,59.2,0.0,0.0,0.0,0.0,216
2023-05-10 09:41:44,IO2312-C-4400,IO2312-C-4400,64.4,0.0,0.0,0.0,4,60.2,62.2,6,64.4,59.2,0.0,0.0,0.0,0.0,216
2023-05-10 09:41:44,IO2312-C-4400,IO2312-C-4400,64.4,0.0,0.0,0.0,4,60.2,62.2,9,64.4,59.2,0.0,0.0,0.0,0.0,216
2023-05-10 09:41:45,IO2312-C-4400,IO2312-C-4400,64.4,0.0,0.0,0.0,4,60.2,62.0,6,64.4,59.2,0.0,0.0,0.0,0.0,216
2023-05-10 09:41:46,IO2312-C-4400,IO2312-C-4400,64.4,0.0,0.0,0.0,4,60.2,62.2,6,64.4,59.2,0.0,0.0,0.0,0.0,216
2023-05-10 09:41:46,IO2312-C-4400,IO2312-C-4400,64.4,0.0,0.0,0.0,4,60.2,62.2,9,64.4,59.2,0.0,0.0,0.0,0.0,216
2023-05-10 09:41:47,IO2312-C-4400,IO2312-C-4400,64.4,0.0,0.0,0.0,4,60.2,62.0,6,64.4,59.2,0.0,0.0,0.0,0.0,216
2023-05-10 09:41:47,IO2312-C-4400,IO2312-C-4400,64.4,0.0,0.0,0.0,4,60.2,62.0,9,64.4,59.2,0.0,0.0,0.0,0.0,216
2023-05-10 09:41:48,IO2312-C-4400,IO2312-C-4400,64.4,0.0,0.0,0.0,1,60.2,61.8,6,64.4,59.2,0.0,0.0,0.0,0.0,216
2023-05-10 09:41:48,IO2312-C-4400,IO2312-C-4400,64.4,0.0,0.0,0.0,24,59.2,61.6,3,64.4,59.2,0.0,0.0,0.0,0.0,216
2023-05-10 09:41:49,IO2312-C-4400,IO2312-C-4400,64.4,0.0,0.0,0.0,1,59.6,61.4,6,64.4,59.2,0.0,0.0,0.0,0.0,216
2023-05-10 09:41:50,IO2312-C-4400,IO2312-C-4400,64.4,0.0,0.0,0.0,1,59.6,61.6,6,64.4,59.2,0.0,0.0,0.0,0.0,216
2023-05-10 09:41:51,IO2312-C-4400,IO2312-C-4400,64.4,0.0,0.0,0.0,1,59.6,61.6,9,64.4,59.2,0.0,0.0,0.0,0.0,216
2023-05-10 09:41:51,IO2312-C-4400,IO2312-C-4400,64.4,0.0,0.0,0.0,3,59.8,61.4,6,64.4,59.2,0.0,0.0,0.0,0.0,216
2023-05-10 09:41:52,IO2312-C-4400,IO2312-C-4400,64.4,0.0,0.0,0.0,3,59.8,61.6,6,64.4,59.2,0.0,0.0,0.0,0.0,216
2023-05-10 09:41:53,IO2312-C-4400,IO2312-C-4400,64.4,0.0,0.0,0.0,3,59.8,61.6,9,64.4,59.2,0.0,0.0,0.0,0.0,216
2023-05-10 09:41:53,IO2312-C-4400,IO2312-C-4400,64.4,0.0,0.0,0.0,3,59.8,61.4,6,64.4,59.2,0.0,0.0,0.0,0.0,216
2023-05-10 09:41:54,IO2312-C-4400,IO2312-C-4400,64.4,0.0,0.0,0.0,3,59.8,61.6,6,64.4,59.2,0.0,0.0,0.0,0.0,216
2023-05-10 09:41:55,IO2312-C-4400,IO2312-C-4400,64.4,0.0,0.0,0.0,3,59.8,61.6,9,64.4,59.2,0.0,0.0,0.0,0.0,216
2023-05-10 09:41:55,IO2312-C-4400,IO2312-C-4400,64.4,0.0,0.0,0.0,3,59.8,61.4,6,64.4,59.2,0.0,0.0,0.0,0.0,216
2023-05-10 09:41:56,IO2312-C-4400,IO2312-C-4400,64.4,0.0,0.0,0.0,1,59.6,61.4,6,64.4,59.2,0.0,0.0,0.0,0.0,216
2023-05-10 09:41:56,IO2312-C-4400,IO2312-C-4400,64.4,0.0,0.0,0.0,1,59.6,61.6,6,64.4,59.2,0.0,0.0,0.0,0.0,216
2023-05-10 09:41:57,IO2312-C-4400,IO2312-C-4400,64.4,0.0,0.0,0.0,4,59.6,61.6,6,64.4,59.2,0.0,0.0,0.0,0.0,216
2023-05-10 09:41:57,IO2312-C-4400,IO2312-C-4400,64.4,0.0,0.0,0.0,4,59.6,61.6,9,64.4,59.2,0.0,0.0,0.0,0.0,216
2023-05-10 09:41:58,IO2312-C-4400,IO2312-C-4400,64.4,0.0,0.0,0.0,4,59.6,61.4,6,64.4,59.2,0.0,0.0,0.0,0.0,216
2023-05-10 09:41:58,IO2312-C-4400,IO2312-C-4400,64.4,0.0,0.0,0.0,4,59.6,61.6,6,64.4,59.2,0.0,0.0,0.0,0.0,216
2023-05-10 09:41:59,IO2312-C-4400,IO2312-C-4400,64.4,0.0,0.0,0.0,1,59.6,61.6,6,64.4,59.2,0.0,0.0,0.0,0.0,216
2023-05-10 09:42:00,IO2312-C-4400,IO2312-C-4400,64.4,0.0,0.0,0.0,4,59.6,61.6,6,64.4,59.2,0.0,0.0,0.0,0.0,216
2023-05-10 09:42:02,IO2312-C-4400,IO2312-C-4400,64.4,0.0,0.0,0.0,1,59.6,61.6,9,64.4,59.2,0.0,0.0,0.0,0.0,216
2023-05-10 09:42:03,IO2312-C-4400,IO2312-C-4400,64.4,0.0,0.0,0.0,1,59.6,61.4,6,64.4,59.2,0.0,0.0,0.0,0.0,216
2023-05-10 09:42:04,IO2312-C-4400,IO2312-C-4400,64.4,0.0,0.0,0.0,1,59.6,61.6,6,64.4,59.2,0.0,0.0,0.0,0.0,216
2023-05-10 09:42:04,IO2312-C-4400,IO2312-C-4400,64.4,0.0,0.0,0.0,1,59.6,61.6,9,64.4,59.2,0.0,0.0,0.0,0.0,216
2023-05-10 09:42:05,IO2312-C-4400,IO2312-C-4400,64.4,0.0,0.0,0.0,1,59.6,61.4,6,64.4,59.2,0.0,0.0,0.0,0.0,216
2023-05-10 09:42:06,IO2312-C-4400,IO2312-C-4400,64.4,0.0,0.0,0.0,1,59.6,61.6,6,64.4,59.2,0.0,0.0,0.0,0.0,216
2023-05-10 09:42:06,IO2312-C-4400,IO2312-C-4400,64.4,0.0,0.0,0.0,1,59.6,61.6,9,64.4,59.2,0.0,0.0,0.0,0.0,216
2023-05-10 09:42:07,IO2312-C-4400,IO2312-C-4400,64.4,0.0,0.0,0.0,1,59.6,61.4,6,64.4,59.2,0.0,0.0,0.0,0.0,216
2023-05-10 09:42:08,IO2312-C-4400,IO2312-C-4400,64.4,0.0,0.0,0.0,1,59.6,61.6,6,64.4,59.2,0.0,0.0,0.0,0.0,216
2023-05-10 09:42:08,IO2312-C-4400,IO2312-C-4400,64.4,0.0,0.0,0.0,1,59.6,61.6,9,64.4,59.2,0.0,0.0,0.0,0.0,216
2023-05-10 09:42:09,IO2312-C-4400,IO2312-C-4400,64.4,0.0,0.0,0.0,4,59.6,61.4,6,64.4,59.2,0.0,0.0,0.0,0.0,216
2023-05-10 09:42:09,IO2312-C-4400,IO2312-C-4400,64.4,0.0,0.0,0.0,4,59.6,61.6,6,64.4,59.2,0.0,0.0,0.0,0.0,216
2023-05-10 09:42:11,IO2312-C-4400,IO2312-C-4400,64.4,0.0,0.0,0.0,1,59.6,61.6,9,64.4,59.2,0.0,0.0,0.0,0.0,216
2023-05-10 09:42:12,IO2312-C-4400,IO2312-C-4400,64.4,0.0,0.0,0.0,1,59.6,61.4,6,64.4,59.2,0.0,0.0,0.0,0.0,216
2023-05-10 09:42:13,IO2312-C-4400,IO2312-C-4400,64.4,0.0,0.0,0.0,1,59.6,61.6,6,64.4,59.2,0.0,0.0,0.0,0.0,216
2023-05-10 09:42:13,IO2312-C-4400,IO2312-C-4400,64.4,0.0,0.0,0.0,1,59.6,61.6,9,64.4,59.2,0.0,0.0,0.0,0.0,216
2023-05-10 09:42:14,IO2312-C-4400,IO2312-C-4400,64.4,0.0,0.0,0.0,1,59.6,61.4,6,64.4,59.2,0.0,0.0,0.0,0.0,216
2023-05-10 09:42:15,IO2312-C-4400,IO2312-C-4400,64.4,0.0,0.0,0.0,1,59.6,61.6,6,64.4,59.2,0.0,0.0,0.0,0.0,216
2023-05-10 09:42:15,IO2312-C-4400,IO2312-C-4400,64.4,0.0,0.0,0.0,1,59.6,61.6,9,64.4,59.2,0.0,0.0,0.0,0.0,216
2023-05-10 09:42:16,IO2312-C-4400,IO2312-C-4400,64.4,0.0,0.0,0.0,4,59.6,61.4,6,64.4,59.2,0.0,0.0,0.0,0.0,216
2023-05-10 09:42:16,IO2312-C-4400,IO2312-C-4400,64.4,0.0,0.0,0.0,4,59.6,61.6,6,64.4,59.2,0.0,0.0,0.0,0.0,216
2023-05-10 09:42:17,IO2312-C-4400,IO2312-C-4400,64.4,0.0,0.0,0.0,1,59.6,61.6,6,64.4,59.2,0.0,0.0,0.0,0.0,216
2023-05-10 09:42:18,IO2312-C-4400,IO2312-C-4400,64.4,0.0,0.0,0.0,4,59.6,61.6,6,64.4,59.2,0.0,0.0,0.0,0.0,216
2023-05-10 09:42:23,IO2312-C-4400,IO2312-C-4400,64.4,0.0,0.0,0.0,1,59.6,61.6,9,64.4,59.2,0.0,0.0,0.0,0.0,216
2023-05-10 09:42:23,IO2312-C-4400,IO2312-C-4400,64.4,0.0,0.0,0.0,1,59.6,61.4,6,64.4,59.2,0.0,0.0,0.0,0.0,216
2023-05-10 09:42:24,IO2312-C-4400,IO2312-C-4400,64.4,0.0,0.0,0.0,1,59.6,61.6,6,64.4,59.2,0.0,0.0,0.0,0.0,216
2023-05-10 09:42:25,IO2312-C-4400,IO2312-C-4400,64.4,0.0,0.0,0.0,1,59.6,61.6,9,64.4,59.2,0.0,0.0,0.0,0.0,216
2023-05-10 09:42:25,IO2312-C-4400,IO2312-C-4400,64.4,0.0,0.0,0.0,1,59.6,61.4,6,64.4,59.2,0.0,0.0,0.0,0.0,216
2023-05-10 09:42:26,IO2312-C-4400,IO2312-C-4400,64.4,0.0,0.0,0.0,1,59.6,61.6,6,64.4,59.2,0.0,0.0,0.0,0.0,216
2023-05-10 09:42:27,IO2312-C-4400,IO2312-C-4400,64.4,0.0,0.0,0.0,1,59.6,61.6,9,64.4,59.2,0.0,0.0,0.0,0.0,216
2023-05-10 09:42:27,IO2312-C-4400,IO2312-C-4400,64.4,0.0,0.0,0.0,4,59.6,61.4,6,64.4,59.2,0.0,0.0,0.0,0.0,216
2023-05-10 09:42:28,IO2312-C-4400,IO2312-C-4400,64.4,0.0,0.0,0.0,1,59.6,61.6,6,64.4,59.2,0.0,0.0,0.0,0.0,216
2023-05-10 09:42:29,IO2312-C-4400,IO2312-C-4400,64.4,0.0,0.0,0.0,1,59.6,61.6,9,64.4,59.2,0.0,0.0,0.0,0.0,216
2023-05-10 09:42:29,IO2312-C-4400,IO2312-C-4400,64.4,0.0,0.0,0.0,1,59.6,61.4,6,64.4,59.2,0.0,0.0,0.0,0.0,216
2023-05-10 09:42:30,IO2312-C-4400,IO2312-C-4400,64.4,0.0,0.0,0.0,1,59.6,61.6,6,64.4,59.2,0.0,0.0,0.0,0.0,216
2023-05-10 09:42:31,IO2312-C-4400,IO2312-C-4400,64.4,0.0,0.0,0.0,1,59.6,61.6,9,64.4,59.2,0.0,0.0,0.0,0.0,216
2023-05-10 09:42:31,IO2312-C-4400,IO2312-C-4400,64.4,0.0,0.0,0.0,1,59.6,61.4,6,64.4,59.2,0.0,0.0,0.0,0.0,216
2023-05-10 09:42:32,IO2312-C-4400,IO2312-C-4400,64.4,0.0,0.0,0.0,1,59.6,61.6,6,64.4,59.2,0.0,0.0,0.0,0.0,216
2023-05-10 09:42:33,IO2312-C-4400,IO2312-C-4400,64.4,0.0,0.0,0.0,1,59.6,61.6,9,64.4,59.2,0.0,0.0,0.0,0.0,216
2023-05-10 09:42:33,IO2312-C-4400,IO2312-C-4400,64.4,0.0,0.0,0.0,1,59.6,61.4,6,64.4,59.2,0.0,0.0,0.0,0.0,216
2023-05-10 09:42:34,IO2312-C-4400,IO2312-C-4400,64.4,0.0,0.0,0.0,1,59.6,61.6,6,64.4,59.2,0.0,0.0,0.0,0.0,216
2023-05-10 09:42:35,IO2312-C-4400,IO2312-C-4400,64.4,0.0,0.0,0.0,1,59.6,61.6,9,64.4,59.2,0.0,0.0,0.0,0.0,216
2023-05-10 09:42:35,IO2312-C-4400,IO2312-C-4400,64.4,0.0,0.0,0.0,1,59.6,61.4,6,64.4,59.2,0.0,0.0,0.0,0.0,216
2023-05-10 09:42:36,IO2312-C-4400,IO2312-C-4400,64.4,0.0,0.0,0.0,1,59.6,61.6,6,64.4,59.2,0.0,0.0,0.0,0.0,216
2023-05-10 09:42:37,IO2312-C-4400,IO2312-C-4400,64.4,0.0,0.0,0.0,1,59.6,61.6,9,64.4,59.2,0.0,0.0,0.0,0.0,216
2023-05-10 09:42:37,IO2312-C-4400,IO2312-C-4400,64.4,0.0,0.0,0.0,1,59.6,61.4,6,64.4,59.2,0.0,0.0,0.0,0.0,216
2023-05-10 09:42:38,IO2312-C-4400,IO2312-C-4400,64.4,0.0,0.0,0.0,1,59.6,61.6,6,64.4,59.2,0.0,0.0,0.0,0.0,216
2023-05-10 09:42:39,IO2312-C-4400,IO2312-C-4400,64.4,0.0,0.0,0.0,1,59.6,61.6,9,64.4,59.2,0.0,0.0,0.0,0.0,216
2023-05-10 09:42:39,IO2312-C-4400,IO2312-C-4400,64.4,0.0,0.0,0.0,1,59.6,61.4,6,64.4,59.2,0.0,0.0,0.0,0.0,216
2023-05-10 09:42:40,IO2312-C-4400,IO2312-C-4400,64.4,0.0,0.0,0.0,1,59.6,61.6,6,64.4,59.2,0.0,0.0,0.0,0.0,216
2023-05-10 09:42:41,IO2312-C-4400,IO2312-C-4400,64.4,0.0,0.0,0.0,1,59.6,61.6,9,64.4,59.2,0.0,0.0,0.0,0.0,216
2023-05-10 09:42:41,IO2312-C-4400,IO2312-C-4400,64.4,0.0,0.0,0.0,1,59.6,61.4,6,64.4,59.2,0.0,0.0,0.0,0.0,216
2023-05-10 09:42:42,IO2312-C-4400,IO2312-C-4400,64.4,0.0,0.0,0.0,1,59.6,61.6,6,64.4,59.2,0.0,0.0,0.0,0.0,216
2023-05-10 09:42:43,IO2312-C-4400,IO2312-C-4400,64.4,0.0,0.0,0.0,1,59.6,61.6,9,64.4,59.2,0.0,0.0,0.0,0.0,216
2023-05-10 09:42:43,IO2312-C-4400,IO2312-C-4400,64.4,0.0,0.0,0.0,1,59.6,61.4,6,64.4,59.2,0.0,0.0,0.0,0.0,216
2023-05-10 09:42:44,IO2312-C-4400,IO2312-C-4400,64.4,0.0,0.0,0.0,1,59.6,61.6,6,64.4,59.2,0.0,0.0,0.0,0.0,216
2023-05-10 09:42:45,IO2312-C-4400,IO2312-C-4400,64.4,0.0,0.0,0.0,1,59.6,61.6,9,64.4,59.2,0.0,0.0,0.0,0.0,216
2023-05-10 09:42:45,IO2312-C-4400,IO2312-C-4400,64.4,0.0,0.0,0.0,1,59.6,61.4,6,64.4,59.2,0.0,0.0,0.0,0.0,216
2023-05-10 09:42:46,IO2312-C-4400,IO2312-C-4400,64.4,0.0,0.0,0.0,1,59.6,61.6,6,64.4,59.2,0.0,0.0,0.0,0.0,216
2023-05-10 09:42:46,IO2312-C-4400,IO2312-C-4400,64.4,0.0,0.0,0.0,4,59.6,61.6,6,64.4,59.2,0.0,0.0,0.0,0.0,216
2023-05-10 09:42:49,IO2312-C-4400,IO2312-C-4400,64.4,0.0,0.0,0.0,1,59.6,61.6,6,64.4,59.2,0.0,0.0,0.0,0.0,216
2023-05-10 09:42:50,IO2312-C-4400,IO2312-C-4400,64.4,0.0,0.0,0.0,1,59.6,61.6,9,64.4,59.2,0.0,0.0,0.0,0.0,216
2023-05-10 09:42:50,IO2312-C-4400,IO2312-C-4400,64.4,0.0,0.0,0.0,1,59.6,61.4,6,64.4,59.2,0.0,0.0,0.0,0.0,216
2023-05-10 09:42:51,IO2312-C-4400,IO2312-C-4400,64.4,0.0,0.0,0.0,1,59.6,61.6,6,64.4,59.2,0.0,0.0,0.0,0.0,216
2023-05-10 09:42:52,IO2312-C-4400,IO2312-C-4400,64.4,0.0,0.0,0.0,1,59.6,61.6,9,64.4,59.2,0.0,0.0,0.0,0.0,216
2023-05-10 09:42:52,IO2312-C-4400,IO2312-C-4400,64.4,0.0,0.0,0.0,1,59.6,61.4,6,64.4,59.2,0.0,0.0,0.0,0.0,216
2023-05-10 09:42:53,IO2312-C-4400,IO2312-C-4400,64.4,0.0,0.0,0.0,1,59.6,61.6,6,64.4,59.2,0.0,0.0,0.0,0.0,216
2023-05-10 09:42:54,IO2312-C-4400,IO2312-C-4400,64.4,0.0,0.0,0.0,3,59.4,61.6,9,64.4,59.2,0.0,0.0,0.0,0.0,216
2023-05-10 09:42:54,IO2312-C-4400,IO2312-C-4400,64.4,0.0,0.0,0.0,3,59.4,61.4,6,64.4,59.2,0.0,0.0,0.0,0.0,216
2023-05-10 09:42:55,IO2312-C-4400,IO2312-C-4400,64.4,0.0,0.0,0.0,3,59.4,61.6,6,64.4,59.2,0.0,0.0,0.0,0.0,216
2023-05-10 09:42:56,IO2312-C-4400,IO2312-C-4400,64.4,0.0,0.0,0.0,18,59.2,61.4,3,64.4,59.2,0.0,0.0,0.0,0.0,216
2023-05-10 09:42:56,IO2312-C-4400,IO2312-C-4400,64.4,0.0,0.0,0.0,6,59.2,61.2,6,64.4,59.2,0.0,0.0,0.0,0.0,216
2023-05-10 09:42:57,IO2312-C-4400,IO2312-C-4400,64.4,0.0,0.0,0.0,3,59.4,61.6,6,64.4,59.2,0.0,0.0,0.0,0.0,216
2023-05-10 09:42:57,IO2312-C-4400,IO2312-C-4400,64.4,0.0,0.0,0.0,3,59.4,61.6,9,64.4,59.2,0.0,0.0,0.0,0.0,216
2023-05-10 09:42:58,IO2312-C-4400,IO2312-C-4400,64.4,0.0,0.0,0.0,6,59.2,61.4,6,64.4,59.2,0.0,0.0,0.0,0.0,216
2023-05-10 09:42:59,IO2312-C-4400,IO2312-C-4400,64.4,0.0,0.0,0.0,3,59.4,61.6,6,64.4,59.2,0.0,0.0,0.0,0.0,216
2023-05-10 09:42:59,IO2312-C-4400,IO2312-C-4400,64.4,0.0,0.0,0.0,3,59.4,61.6,9,64.4,59.2,0.0,0.0,0.0,0.0,216
2023-05-10 09:43:00,IO2312-C-4400,IO2312-C-4400,64.4,0.0,0.0,0.0,3,59.4,61.4,6,64.4,59.2,0.0,0.0,0.0,0.0,216
2023-05-10 09:43:00,IO2312-C-4400,IO2312-C-4400,64.4,0.0,0.0,0.0,3,59.4,61.4,9,64.4,59.2,0.0,0.0,0.0,0.0,216
2023-05-10 09:43:01,IO2312-C-4400,IO2312-C-4400,64.4,0.0,0.0,0.0,3,59.4,61.2,6,64.4,59.2,0.0,0.0,0.0,0.0,216
2023-05-10 09:43:01,IO2312-C-4400,IO2312-C-4400,64.4,0.0,0.0,0.0,1,59.0,61.2,6,64.4,59.2,0.0,0.0,0.0,0.0,216
2023-05-10 09:43:02,IO2312-C-4400,IO2312-C-4400,64.4,0.0,0.0,0.0,3,59.2,61.6,6,64.4,59.2,0.0,0.0,0.0,0.0,216
2023-05-10 09:43:03,IO2312-C-4400,IO2312-C-4400,64.4,0.0,0.0,0.0,3,59.2,61.4,3,64.4,59.2,0.0,0.0,0.0,0.0,216
2023-05-10 09:43:03,IO2312-C-4400,IO2312-C-4400,64.4,0.0,0.0,0.0,3,59.2,61.2,6,64.4,59.2,0.0,0.0,0.0,0.0,216
2023-05-10 09:43:04,IO2312-C-4400,IO2312-C-4400,64.4,0.0,0.0,0.0,1,59.0,61.6,6,64.4,59.2,0.0,0.0,0.0,0.0,216
2023-05-10 09:43:05,IO2312-C-4400,IO2312-C-4400,64.4,0.0,0.0,0.0,1,59.0,61.6,9,64.4,59.2,0.0,0.0,0.0,0.0,216
2023-05-10 09:43:05,IO2312-C-4400,IO2312-C-4400,64.4,0.0,0.0,0.0,1,59.0,61.4,6,64.4,59.2,0.0,0.0,0.0,0.0,216
2023-05-10 09:43:06,IO2312-C-4400,IO2312-C-4400,64.4,0.0,0.0,0.0,1,59.0,61.4,9,64.4,59.2,0.0,0.0,0.0,0.0,216
2023-05-10 09:43:06,IO2312-C-4400,IO2312-C-4400,64.4,0.0,0.0,0.0,1,59.0,61.2,6,64.4,59.2,0.0,0.0,0.0,0.0,216
2023-05-10 09:43:07,IO2312-C-4400,IO2312-C-4400,64.4,0.0,0.0,0.0,1,59.0,61.6,6,64.4,59.2,0.0,0.0,0.0,0.0,216
2023-05-10 09:43:08,IO2312-C-4400,IO2312-C-4400,64.4,0.0,0.0,0.0,1,59.0,61.6,9,64.4,59.2,0.0,0.0,0.0,0.0,216
2023-05-10 09:43:08,IO2312-C-4400,IO2312-C-4400,64.4,0.0,0.0,0.0,1,59.0,61.4,6,64.4,59.2,0.0,0.0,0.0,0.0,216
2023-05-10 09:43:09,IO2312-C-4400,IO2312-C-4400,64.4,0.0,0.0,0.0,1,59.0,61.4,9,64.4,59.2,0.0,0.0,0.0,0.0,216
2023-05-10 09:43:09,IO2312-C-4400,IO2312-C-4400,64.4,0.0,0.0,0.0,1,59.0,61.2,6,64.4,59.2,0.0,0.0,0.0,0.0,216
2023-05-10 09:43:10,IO2312-C-4400,IO2312-C-4400,64.4,0.0,0.0,0.0,1,59.0,61.6,6,64.4,59.2,0.0,0.0,0.0,0.0,216
2023-05-10 09:43:10,IO2312-C-4400,IO2312-C-4400,64.4,0.0,0.0,0.0,1,59.0,61.6,9,64.4,59.2,0.0,0.0,0.0,0.0,216
2023-05-10 09:43:11,IO2312-C-4400,IO2312-C-4400,64.4,0.0,0.0,0.0,7,59.0,61.4,6,64.4,59.2,0.0,0.0,0.0,0.0,216
2023-05-10 09:43:11,IO2312-C-4400,IO2312-C-4400,64.4,0.0,0.0,0.0,1,59.6,61.4,6,64.4,59.2,0.0,0.0,0.0,0.0,216
2023-05-10 09:43:12,IO2312-C-4400,IO2312-C-4400,64.4,0.0,0.0,0.0,4,59.6,61.6,6,64.4,59.2,0.0,0.0,0.0,0.0,216
2023-05-10 09:43:13,IO2312-C-4400,IO2312-C-4400,64.4,0.0,0.0,0.0,1,59.6,61.6,6,64.4,59.2,0.0,0.0,0.0,0.0,216
2023-05-10 09:43:14,IO2312-C-4400,IO2312-C-4400,64.4,0.0,0.0,0.0,3,59.8,61.6,6,64.4,59.2,0.0,0.0,0.0,0.0,216
2023-05-10 09:43:16,IO2312-C-4400,IO2312-C-4400,64.4,0.0,0.0,0.0,3,59.8,61.6,9,64.4,59.2,0.0,0.0,0.0,0.0,216
2023-05-10 09:43:16,IO2312-C-4400,IO2312-C-4400,64.4,0.0,0.0,0.0,1,59.6,61.4,6,64.4,59.2,0.0,0.0,0.0,0.0,216
2023-05-10 09:43:17,IO2312-C-4400,IO2312-C-4400,64.4,0.0,0.0,0.0,4,59.6,61.4,6,64.4,59.2,0.0,0.0,0.0,0.0,216
2023-05-10 09:43:19,IO2312-C-4400,IO2312-C-4400,64.4,0.0,0.0,0.0,1,59.6,61.4,6,64.4,59.2,0.0,0.0,0.0,0.0,216
2023-05-10 09:43:20,IO2312-C-4400,IO2312-C-4400,64.4,0.0,0.0,0.0,3,59.8,61.4,6,64.4,59.2,0.0,0.0,0.0,0.0,216
2023-05-10 09:43:21,IO2312-C-4400,IO2312-C-4400,64.4,0.0,0.0,0.0,3,59.8,61.6,6,64.4,59.2,0.0,0.0,0.0,0.0,216
2023-05-10 09:43:24,IO2312-C-4400,IO2312-C-4400,64.4,0.0,0.0,0.0,1,59.6,61.6,6,64.4,59.2,0.0,0.0,0.0,0.0,216
2023-05-10 09:43:25,IO2312-C-4400,IO2312-C-4400,64.4,0.0,0.0,0.0,1,59.6,61.6,9,64.4,59.2,0.0,0.0,0.0,0.0,216
2023-05-10 09:43:25,IO2312-C-4400,IO2312-C-4400,64.4,0.0,0.0,0.0,1,59.6,61.4,6,64.4,59.2,0.0,0.0,0.0,0.0,216
2023-05-10 09:43:26,IO2312-C-4400,IO2312-C-4400,64.4,0.0,0.0,0.0,1,59.6,61.6,6,64.4,59.2,0.0,0.0,0.0,0.0,216
2023-05-10 09:43:27,IO2312-C-4400,IO2312-C-4400,64.4,0.0,0.0,0.0,1,59.6,61.6,9,64.4,59.2,0.0,0.0,0.0,0.0,216
2023-05-10 09:43:27,IO2312-C-4400,IO2312-C-4400,64.4,0.0,0.0,0.0,1,59.6,61.4,6,64.4,59.2,0.0,0.0,0.0,0.0,216
2023-05-10 09:43:28,IO2312-C-4400,IO2312-C-4400,64.4,0.0,0.0,0.0,1,59.6,61.6,6,64.4,59.2,0.0,0.0,0.0,0.0,216
2023-05-10 09:43:29,IO2312-C-4400,IO2312-C-4400,64.4,0.0,0.0,0.0,1,59.6,61.6,9,64.4,59.2,0.0,0.0,0.0,0.0,216
2023-05-10 09:43:29,IO2312-C-4400,IO2312-C-4400,64.4,0.0,0.0,0.0,1,59.6,61.4,6,64.4,59.2,0.0,0.0,0.0,0.0,216
2023-05-10 09:43:30,IO2312-C-4400,IO2312-C-4400,64.4,0.0,0.0,0.0,1,59.6,61.6,6,64.4,59.2,0.0,0.0,0.0,0.0,216
2023-05-10 09:43:31,IO2312-C-4400,IO2312-C-4400,64.4,0.0,0.0,0.0,1,59.6,61.6,9,64.4,59.2,0.0,0.0,0.0,0.0,216
2023-05-10 09:43:31,IO2312-C-4400,IO2312-C-4400,64.4,0.0,0.0,0.0,3,59.8,61.4,6,64.4,59.2,0.0,0.0,0.0,0.0,216
2023-05-10 09:43:32,IO2312-C-4400,IO2312-C-4400,64.4,0.0,0.0,0.0,3,59.8,61.6,6,64.4,59.2,0.0,0.0,0.0,0.0,216
2023-05-10 09:43:33,IO2312-C-4400,IO2312-C-4400,64.4,0.0,0.0,0.0,3,59.8,61.6,9,64.4,59.2,0.0,0.0,0.0,0.0,216
2023-05-10 09:43:33,IO2312-C-4400,IO2312-C-4400,64.4,0.0,0.0,0.0,3,59.8,61.4,6,64.4,59.2,0.0,0.0,0.0,0.0,216
2023-05-10 09:43:34,IO2312-C-4400,IO2312-C-4400,64.4,0.0,0.0,0.0,3,59.8,61.6,6,64.4,59.2,0.0,0.0,0.0,0.0,216
2023-05-10 09:43:35,IO2312-C-4400,IO2312-C-4400,64.4,0.0,0.0,0.0,1,59.6,61.6,9,64.4,59.2,0.0,0.0,0.0,0.0,216
2023-05-10 09:43:36,IO2312-C-4400,IO2312-C-4400,64.4,0.0,0.0,0.0,1,59.6,61.4,6,64.4,59.2,0.0,0.0,0.0,0.0,216
2023-05-10 09:43:37,IO2312-C-4400,IO2312-C-4400,64.4,0.0,0.0,0.0,1,59.6,61.6,6,64.4,59.2,0.0,0.0,0.0,0.0,216
2023-05-10 09:43:37,IO2312-C-4400,IO2312-C-4400,64.4,0.0,0.0,0.0,3,59.8,61.6,9,64.4,59.2,0.0,0.0,0.0,0.0,216
2023-05-10 09:43:38,IO2312-C-4400,IO2312-C-4400,64.4,0.0,0.0,0.0,3,59.8,61.4,6,64.4,59.2,0.0,0.0,0.0,0.0,216
2023-05-10 09:43:39,IO2312-C-4400,IO2312-C-4400,64.4,0.0,0.0,0.0,3,59.8,61.6,6,64.4,59.2,0.0,0.0,0.0,0.0,216
2023-05-10 09:43:39,IO2312-C-4400,IO2312-C-4400,64.4,0.0,0.0,0.0,3,59.8,61.6,9,64.4,59.2,0.0,0.0,0.0,0.0,216
2023-05-10 09:43:40,IO2312-C-4400,IO2312-C-4400,64.4,0.0,0.0,0.0,3,59.8,61.4,6,64.4,59.2,0.0,0.0,0.0,0.0,216
2023-05-10 09:43:41,IO2312-C-4400,IO2312-C-4400,64.4,0.0,0.0,0.0,3,59.8,61.6,6,64.4,59.2,0.0,0.0,0.0,0.0,216
2023-05-10 09:43:41,IO2312-C-4400,IO2312-C-4400,64.4,0.0,0.0,0.0,3,59.8,61.6,9,64.4,59.2,0.0,0.0,0.0,0.0,216
2023-05-10 09:43:42,IO2312-C-4400,IO2312-C-4400,64.4,0.0,0.0,0.0,3,59.8,61.4,6,64.4,59.2,0.0,0.0,0.0,0.0,216
2023-05-10 09:43:42,IO2312-C-4400,IO2312-C-4400,64.4,0.0,0.0,0.0,1,59.6,61.4,6,64.4,59.2,0.0,0.0,0.0,0.0,216
2023-05-10 09:43:43,IO2312-C-4400,IO2312-C-4400,64.4,0.0,0.0,0.0,1,59.6,61.6,6,64.4,59.2,0.0,0.0,0.0,0.0,216
2023-05-10 09:43:43,IO2312-C-4400,IO2312-C-4400,64.4,0.0,0.0,0.0,4,59.6,61.6,9,64.4,59.2,0.0,0.0,0.0,0.0,216
2023-05-10 09:43:44,IO2312-C-4400,IO2312-C-4400,64.4,0.0,0.0,0.0,4,59.6,61.4,6,64.4,59.2,0.0,0.0,0.0,0.0,216
2023-05-10 09:43:44,IO2312-C-4400,IO2312-C-4400,64.4,0.0,0.0,0.0,4,59.6,61.4,9,64.4,59.2,0.0,0.0,0.0,0.0,216
2023-05-10 09:43:45,IO2312-C-4400,IO2312-C-4400,64.4,0.0,0.0,0.0,4,59.6,61.2,6,64.4,59.2,0.0,0.0,0.0,0.0,216
2023-05-10 09:43:46,IO2312-C-4400,IO2312-C-4400,64.4,0.0,0.0,0.0,4,59.6,61.6,6,64.4,59.2,0.0,0.0,0.0,0.0,216
2023-05-10 09:43:47,IO2312-C-4400,IO2312-C-4400,64.4,0.0,0.0,0.0,3,59.6,61.4,3,64.4,59.2,0.0,0.0,0.0,0.0,216
2023-05-10 09:43:47,IO2312-C-4400,IO2312-C-4400,64.4,0.0,0.0,0.0,3,59.6,61.2,6,64.4,59.2,0.0,0.0,0.0,0.0,216
2023-05-10 09:43:48,IO2312-C-4400,IO2312-C-4400,64.4,0.0,0.0,0.0,6,59.4,61.2,6,64.4,59.2,0.0,0.0,0.0,0.0,216
2023-05-10 09:43:48,IO2312-C-4400,IO2312-C-4400,64.4,0.0,0.0,0.0,6,59.2,61.2,6,64.4,59.2,0.0,0.0,0.0,0.0,216
2023-05-10 09:43:49,IO2312-C-4400,IO2312-C-4400,64.4,0.0,0.0,0.0,3,59.4,61.6,6,64.4,59.2,0.0,0.0,0.0,0.0,216
2023-05-10 09:43:49,IO2312-C-4400,IO2312-C-4400,64.4,0.0,0.0,0.0,3,59.4,61.4,3,64.4,59.2,0.0,0.0,0.0,0.0,216
2023-05-10 09:43:50,IO2312-C-4400,IO2312-C-4400,64.4,0.0,0.0,0.0,3,59.4,61.2,6,64.4,59.2,0.0,0.0,0.0,0.0,216
2023-05-10 09:43:51,IO2312-C-4400,IO2312-C-4400,64.4,0.0,0.0,0.0,13,59.0,61.2,6,64.4,59.2,0.0,0.0,0.0,0.0,216
2023-05-10 09:43:51,IO2312-C-4400,IO2312-C-4400,64.4,0.0,0.0,0.0,1,59.0,61.6,6,64.4,59.2,0.0,0.0,0.0,0.0,216
2023-05-10 09:43:52,IO2312-C-4400,IO2312-C-4400,64.4,0.0,0.0,0.0,1,59.0,61.4,3,64.4,59.2,0.0,0.0,0.0,0.0,216
2023-05-10 09:43:52,IO2312-C-4400,IO2312-C-4400,64.4,0.0,0.0,0.0,1,59.0,61.2,6,64.4,59.2,0.0,0.0,0.0,0.0,216
2023-05-10 09:43:53,IO2312-C-4400,IO2312-C-4400,64.4,0.0,0.0,0.0,1,59.0,61.6,6,64.4,59.2,0.0,0.0,0.0,0.0,216
2023-05-10 09:43:54,IO2312-C-4400,IO2312-C-4400,64.4,0.0,0.0,0.0,1,59.0,61.4,3,64.4,59.2,0.0,0.0,0.0,0.0,216
2023-05-10 09:43:54,IO2312-C-4400,IO2312-C-4400,64.4,0.0,0.0,0.0,1,59.0,61.2,6,64.4,59.2,0.0,0.0,0.0,0.0,216
2023-05-10 09:43:55,IO2312-C-4400,IO2312-C-4400,64.4,0.0,0.0,0.0,1,59.0,61.6,6,64.4,59.2,0.0,0.0,0.0,0.0,216
2023-05-10 09:43:56,IO2312-C-4400,IO2312-C-4400,64.4,0.0,0.0,0.0,1,59.0,61.4,3,64.4,59.2,0.0,0.0,0.0,0.0,216
2023-05-10 09:43:56,IO2312-C-4400,IO2312-C-4400,64.4,0.0,0.0,0.0,1,59.0,61.2,6,64.4,59.2,0.0,0.0,0.0,0.0,216
2023-05-10 09:43:57,IO2312-C-4400,IO2312-C-4400,64.4,0.0,0.0,0.0,1,59.0,61.6,6,64.4,59.2,0.0,0.0,0.0,0.0,216
2023-05-10 09:43:58,IO2312-C-4400,IO2312-C-4400,64.4,0.0,0.0,0.0,1,59.0,61.4,3,64.4,59.2,0.0,0.0,0.0,0.0,216
2023-05-10 09:43:58,IO2312-C-4400,IO2312-C-4400,64.4,0.0,0.0,0.0,1,59.0,61.2,6,64.4,59.2,0.0,0.0,0.0,0.0,216
2023-05-10 09:43:59,IO2312-C-4400,IO2312-C-4400,64.4,0.0,0.0,0.0,1,59.0,61.6,6,64.4,59.2,0.0,0.0,0.0,0.0,216
2023-05-10 09:44:00,IO2312-C-4400,IO2312-C-4400,64.4,0.0,0.0,0.0,1,59.0,61.4,3,64.4,59.2,0.0,0.0,0.0,0.0,216
2023-05-10 09:44:00,IO2312-C-4400,IO2312-C-4400,64.4,0.0,0.0,0.0,1,59.0,61.2,6,64.4,59.2,0.0,0.0,0.0,0.0,216
2023-05-10 09:44:01,IO2312-C-4400,IO2312-C-4400,64.4,0.0,0.0,0.0,1,59.0,61.6,6,64.4,59.2,0.0,0.0,0.0,0.0,216
2023-05-10 09:44:01,IO2312-C-4400,IO2312-C-4400,64.4,0.0,0.0,0.0,1,59.0,61.4,3,64.4,59.2,0.0,0.0,0.0,0.0,216
2023-05-10 09:44:02,IO2312-C-4400,IO2312-C-4400,64.4,0.0,0.0,0.0,1,59.0,61.2,6,64.4,59.2,0.0,0.0,0.0,0.0,216
2023-05-10 09:44:03,IO2312-C-4400,IO2312-C-4400,64.4,0.0,0.0,0.0,1,59.0,61.2,3,64.4,59.2,0.0,0.0,0.0,0.0,216
2023-05-10 09:44:03,IO2312-C-4400,IO2312-C-4400,64.4,0.0,0.0,0.0,3,59.2,61.0,6,64.4,59.2,0.0,0.0,0.0,0.0,216
2023-05-10 09:44:05,IO2312-C-4400,IO2312-C-4400,64.4,0.0,0.0,0.0,3,59.2,61.6,6,64.4,59.2,0.0,0.0,0.0,0.0,216
2023-05-10 09:44:05,IO2312-C-4400,IO2312-C-4400,64.4,0.0,0.0,0.0,3,59.2,61.4,3,64.4,59.2,0.0,0.0,0.0,0.0,216
2023-05-10 09:44:06,IO2312-C-4400,IO2312-C-4400,64.4,0.0,0.0,0.0,3,59.2,61.2,6,64.4,59.2,0.0,0.0,0.0,0.0,216
2023-05-10 09:44:07,IO2312-C-4400,IO2312-C-4400,64.4,0.0,0.0,0.0,3,59.2,61.4,1,64.4,59.2,0.0,0.0,0.0,0.0,216
2023-05-10 09:44:07,IO2312-C-4400,IO2312-C-4400,64.4,0.0,0.0,0.0,3,59.2,61.2,6,64.4,59.2,0.0,0.0,0.0,0.0,216
2023-05-10 09:44:08,IO2312-C-4400,IO2312-C-4400,64.4,0.0,0.0,0.0,3,59.2,61.2,9,64.4,59.2,0.0,0.0,0.0,0.0,216
2023-05-10 09:44:08,IO2312-C-4400,IO2312-C-4400,64.4,0.0,0.0,0.0,3,59.2,61.0,6,64.4,59.2,0.0,0.0,0.0,0.0,216
2023-05-10 09:44:13,IO2312-C-4400,IO2312-C-4400,64.4,0.0,0.0,0.0,1,59.0,61.0,6,64.4,59.2,0.0,0.0,0.0,0.0,216
2023-05-10 09:46:07,IO2312-C-4400,IO2312-C-4400,64.4,0.0,0.0,0.0,1,59.0,61.0,9,64.4,59.2,0.0,0.0,0.0,0.0,216
2023-05-10 09:46:08,IO2312-C-4400,IO2312-C-4400,64.4,0.0,0.0,0.0,1,59.0,60.8,6,64.4,59.2,0.0,0.0,0.0,0.0,216
2023-05-10 09:46:08,IO2312-C-4400,IO2312-C-4400,64.4,0.0,0.0,0.0,1,59.0,61.0,6,64.4,59.2,0.0,0.0,0.0,0.0,216
2023-05-10 09:46:10,IO2312-C-4400,IO2312-C-4400,64.4,0.0,0.0,0.0,3,59.2,61.0,6,64.4,59.2,0.0,0.0,0.0,0.0,216
2023-05-10 09:46:13,IO2312-C-4400,IO2312-C-4400,64.4,0.0,0.0,0.0,1,59.0,61.0,6,64.4,59.2,0.0,0.0,0.0,0.0,216
2023-05-10 09:46:15,IO2312-C-4400,IO2312-C-4400,64.4,0.0,0.0,0.0,1,59.0,61.0,9,64.4,59.2,0.0,0.0,0.0,0.0,216
2023-05-10 09:46:15,IO2312-C-4400,IO2312-C-4400,64.4,0.0,0.0,0.0,1,59.0,60.8,6,64.4,59.2,0.0,0.0,0.0,0.0,216
2023-05-10 09:46:16,IO2312-C-4400,IO2312-C-4400,64.4,0.0,0.0,0.0,1,59.0,61.0,6,64.4,59.2,0.0,0.0,0.0,0.0,216
2023-05-10 09:46:56,IO2312-C-4400,IO2312-C-4400,64.4,0.0,0.0,0.0,1,59.0,61.0,9,64.4,59.2,0.0,0.0,0.0,0.0,216
2023-05-10 09:46:56,IO2312-C-4400,IO2312-C-4400,64.4,0.0,0.0,0.0,1,59.0,60.8,6,64.4,59.2,0.0,0.0,0.0,0.0,216
2023-05-10 09:46:57,IO2312-C-4400,IO2312-C-4400,64.4,0.0,0.0,0.0,1,59.0,61.0,6,64.4,59.2,0.0,0.0,0.0,0.0,216
2023-05-10 09:46:58,IO2312-C-4400,IO2312-C-4400,64.4,0.0,0.0,0.0,3,59.2,61.0,9,64.4,59.2,0.0,0.0,0.0,0.0,216
2023-05-10 09:46:58,IO2312-C-4400,IO2312-C-4400,64.4,0.0,0.0,0.0,3,59.2,60.8,6,64.4,59.2,0.0,0.0,0.0,0.0,216
2023-05-10 09:46:59,IO2312-C-4400,IO2312-C-4400,64.4,0.0,0.0,0.0,1,59.0,61.0,6,64.4,59.2,0.0,0.0,0.0,0.0,216
2023-05-10 09:47:00,IO2312-C-4400,IO2312-C-4400,64.4,0.0,0.0,0.0,1,59.0,61.0,9,64.4,59.2,0.0,0.0,0.0,0.0,216
2023-05-10 09:47:00,IO2312-C-4400,IO2312-C-4400,64.4,0.0,0.0,0.0,3,59.2,60.8,6,64.4,59.2,0.0,0.0,0.0,0.0,216
2023-05-10 09:47:02,IO2312-C-4400,IO2312-C-4400,64.4,0.0,0.0,0.0,1,59.0,60.8,6,64.4,59.2,0.0,0.0,0.0,0.0,216
2023-05-10 09:47:03,IO2312-C-4400,IO2312-C-4400,64.4,0.0,0.0,0.0,3,59.2,61.0,6,64.4,59.2,0.0,0.0,0.0,0.0,216
2023-05-10 09:47:03,IO2312-C-4400,IO2312-C-4400,64.4,0.0,0.0,0.0,3,59.2,61.0,9,64.4,59.2,0.0,0.0,0.0,0.0,216
2023-05-10 09:47:04,IO2312-C-4400,IO2312-C-4400,64.4,0.0,0.0,0.0,3,59.2,60.8,6,64.4,59.2,0.0,0.0,0.0,0.0,216
2023-05-10 09:47:05,IO2312-C-4400,IO2312-C-4400,64.4,0.0,0.0,0.0,3,59.2,61.0,6,64.4,59.2,0.0,0.0,0.0,0.0,216
2023-05-10 09:47:05,IO2312-C-4400,IO2312-C-4400,64.4,0.0,0.0,0.0,3,59.2,61.0,9,64.4,59.2,0.0,0.0,0.0,0.0,216
2023-05-10 09:47:06,IO2312-C-4400,IO2312-C-4400,64.4,0.0,0.0,0.0,3,59.2,60.8,6,64.4,59.2,0.0,0.0,0.0,0.0,216
2023-05-10 09:47:06,IO2312-C-4400,IO2312-C-4400,64.4,0.0,0.0,0.0,3,59.2,61.0,6,64.4,59.2,0.0,0.0,0.0,0.0,216
2023-05-10 09:47:07,IO2312-C-4400,IO2312-C-4400,64.4,0.0,0.0,0.0,1,59.0,61.0,6,64.4,59.2,0.0,0.0,0.0,0.0,216
2023-05-10 09:47:13,IO2312-C-4400,IO2312-C-4400,64.4,0.0,0.0,0.0,3,59.2,61.0,6,64.4,59.2,0.0,0.0,0.0,0.0,216
2023-05-10 09:47:17,IO2312-C-4400,IO2312-C-4400,64.4,0.0,0.0,0.0,1,59.0,61.0,6,64.4,59.2,0.0,0.0,0.0,0.0,216
2023-05-10 09:47:24,IO2312-C-4400,IO2312-C-4400,64.4,0.0,0.0,0.0,3,59.2,61.0,6,64.4,59.2,0.0,0.0,0.0,0.0,216
2023-05-10 09:47:36,IO2312-C-4400,IO2312-C-4400,64.4,0.0,0.0,0.0,1,59.0,61.0,6,64.4,59.2,0.0,0.0,0.0,0.0,216
2023-05-10 09:47:37,IO2312-C-4400,IO2312-C-4400,64.4,0.0,0.0,0.0,3,59.2,61.0,6,64.4,59.2,0.0,0.0,0.0,0.0,216
2023-05-10 09:47:50,IO2312-C-4400,IO2312-C-4400,64.4,0.0,0.0,0.0,1,59.0,61.0,6,64.4,59.2,0.0,0.0,0.0,0.0,216
2023-05-10 09:48:37,IO2312-C-4400,IO2312-C-4400,64.4,0.0,0.0,0.0,6,59.2,61.0,6,64.4,59.2,0.0,0.0,0.0,0.0,216
2023-05-10 09:48:38,IO2312-C-4400,IO2312-C-4400,64.4,0.0,0.0,0.0,1,59.8,61.0,6,64.4,59.2,0.0,0.0,0.0,0.0,216
2023-05-10 09:48:38,IO2312-C-4400,IO2312-C-4400,64.4,0.0,0.0,0.0,4,59.8,61.0,6,64.4,59.2,0.0,0.0,0.0,0.0,216
2023-05-10 09:48:47,IO2312-C-4400,IO2312-C-4400,64.4,0.0,0.0,0.0,1,59.8,61.0,6,64.4,59.2,0.0,0.0,0.0,0.0,216
2023-05-10 09:48:51,IO2312-C-4400,IO2312-C-4400,64.4,0.0,0.0,0.0,3,59.4,61.0,6,64.4,59.2,0.0,0.0,0.0,0.0,216
2023-05-10 09:48:59,IO2312-C-4400,IO2312-C-4400,64.4,0.0,0.0,0.0,3,59.4,61.0,9,64.4,59.2,0.0,0.0,0.0,0.0,216
2023-05-10 09:48:59,IO2312-C-4400,IO2312-C-4400,64.4,0.0,0.0,0.0,3,59.4,60.8,6,64.4,59.2,0.0,0.0,0.0,0.0,216
2023-05-10 09:49:00,IO2312-C-4400,IO2312-C-4400,64.4,0.0,0.0,0.0,1,59.2,61.0,6,64.4,59.2,0.0,0.0,0.0,0.0,216
2023-05-10 09:49:01,IO2312-C-4400,IO2312-C-4400,64.4,0.0,0.0,0.0,1,59.2,61.0,9,64.4,59.2,0.0,0.0,0.0,0.0,216
2023-05-10 09:49:01,IO2312-C-4400,IO2312-C-4400,64.4,0.0,0.0,0.0,4,59.2,60.8,6,64.4,59.2,0.0,0.0,0.0,0.0,216
2023-05-10 09:49:02,IO2312-C-4400,IO2312-C-4400,64.4,0.0,0.0,0.0,1,59.2,61.0,6,64.4,59.2,0.0,0.0,0.0,0.0,216
2023-05-10 09:49:03,IO2312-C-4400,IO2312-C-4400,64.4,0.0,0.0,0.0,4,59.2,61.0,6,64.4,59.2,0.0,0.0,0.0,0.0,216
2023-05-10 09:49:07,IO2312-C-4400,IO2312-C-4400,64.4,0.0,0.0,0.0,1,59.2,61.0,6,64.4,59.2,0.0,0.0,0.0,0.0,216
2023-05-10 09:49:08,IO2312-C-4400,IO2312-C-4400,64.4,0.0,0.0,0.0,4,59.2,61.0,6,64.4,59.2,0.0,0.0,0.0,0.0,216
2023-05-10 09:49:14,IO2312-C-4400,IO2312-C-4400,64.4,0.0,0.0,0.0,1,59.2,61.0,6,64.4,59.2,0.0,0.0,0.0,0.0,216
2023-05-10 09:49:15,IO2312-C-4400,IO2312-C-4400,64.4,0.0,0.0,0.0,4,59.2,61.0,6,64.4,59.2,0.0,0.0,0.0,0.0,216
2023-05-10 09:49:15,IO2312-C-4400,IO2312-C-4400,64.4,0.0,0.0,0.0,1,59.2,61.0,6,64.4,59.2,0.0,0.0,0.0,0.0,216
2023-05-10 09:49:16,IO2312-C-4400,IO2312-C-4400,64.4,0.0,0.0,0.0,3,59.4,61.0,6,64.4,59.2,0.0,0.0,0.0,0.0,216
2023-05-10 09:49:19,IO2312-C-4400,IO2312-C-4400,64.4,0.0,0.0,0.0,1,59.2,61.0,6,64.4,59.2,0.0,0.0,0.0,0.0,216
2023-05-10 09:49:20,IO2312-C-4400,IO2312-C-4400,64.4,0.0,0.0,0.0,4,59.2,61.0,6,64.4,59.2,0.0,0.0,0.0,0.0,216
2023-05-10 09:49:22,IO2312-C-4400,IO2312-C-4400,64.4,0.0,0.0,0.0,3,59.2,61.0,6,64.4,59.2,0.0,0.0,0.0,0.0,216
2023-05-10 09:49:24,IO2312-C-4400,IO2312-C-4400,64.4,0.0,0.0,0.0,13,58.6,61.0,10,64.4,59.2,0.0,0.0,0.0,0.0,216
2023-05-10 09:49:24,IO2312-C-4400,IO2312-C-4400,64.4,0.0,0.0,0.0,1,58.6,60.8,6,64.4,59.2,0.0,0.0,0.0,0.0,216
2023-05-10 09:49:27,IO2312-C-4400,IO2312-C-4400,64.4,0.0,0.0,0.0,1,58.6,60.8,3,64.4,59.2,0.0,0.0,0.0,0.0,216
2023-05-10 09:49:28,IO2312-C-4400,IO2312-C-4400,64.4,0.0,0.0,0.0,1,58.6,60.6,6,64.4,59.2,0.0,0.0,0.0,0.0,216
2023-05-10 09:49:28,IO2312-C-4400,IO2312-C-4400,64.4,0.0,0.0,0.0,1,58.6,61.0,6,64.4,59.2,0.0,0.0,0.0,0.0,216
2023-05-10 09:49:29,IO2312-C-4400,IO2312-C-4400,64.4,0.0,0.0,0.0,1,58.6,61.0,9,64.4,59.2,0.0,0.0,0.0,0.0,216
2023-05-10 09:49:29,IO2312-C-4400,IO2312-C-4400,64.4,0.0,0.0,0.0,1,58.6,60.8,6,64.4,59.2,0.0,0.0,0.0,0.0,216
2023-05-10 09:49:30,IO2312-C-4400,IO2312-C-4400,64.4,0.0,0.0,0.0,1,58.6,61.0,6,64.4,59.2,0.0,0.0,0.0,0.0,216
2023-05-10 09:49:31,IO2312-C-4400,IO2312-C-4400,64.4,0.0,0.0,0.0,1,58.6,61.0,9,64.4,59.2,0.0,0.0,0.0,0.0,216
2023-05-10 09:49:31,IO2312-C-4400,IO2312-C-4400,64.4,0.0,0.0,0.0,1,58.6,60.8,6,64.4,59.2,0.0,0.0,0.0,0.0,216
2023-05-10 09:49:32,IO2312-C-4400,IO2312-C-4400,64.4,0.0,0.0,0.0,1,58.6,61.0,6,64.4,59.2,0.0,0.0,0.0,0.0,216
2023-05-10 09:49:33,IO2312-C-4400,IO2312-C-4400,64.4,0.0,0.0,0.0,1,58.6,61.0,9,64.4,59.2,0.0,0.0,0.0,0.0,216
2023-05-10 09:49:33,IO2312-C-4400,IO2312-C-4400,64.4,0.0,0.0,0.0,1,58.6,60.8,6,64.4,59.2,0.0,0.0,0.0,0.0,216
2023-05-10 09:49:34,IO2312-C-4400,IO2312-C-4400,64.4,0.0,0.0,0.0,1,58.6,61.0,6,64.4,59.2,0.0,0.0,0.0,0.0,216
2023-05-10 09:49:37,IO2312-C-4400,IO2312-C-4400,64.4,0.0,0.0,0.0,1,58.6,61.0,9,64.4,59.2,0.0,0.0,0.0,0.0,216
2023-05-10 09:49:38,IO2312-C-4400,IO2312-C-4400,64.4,0.0,0.0,0.0,1,58.6,60.8,6,64.4,59.2,0.0,0.0,0.0,0.0,216
2023-05-10 09:49:39,IO2312-C-4400,IO2312-C-4400,64.4,0.0,0.0,0.0,1,58.6,61.0,6,64.4,59.2,0.0,0.0,0.0,0.0,216
2023-05-10 09:49:39,IO2312-C-4400,IO2312-C-4400,64.4,0.0,0.0,0.0,1,58.6,61.0,9,64.4,59.2,0.0,0.0,0.0,0.0,216
2023-05-10 09:49:40,IO2312-C-4400,IO2312-C-4400,64.4,0.0,0.0,0.0,1,58.6,60.8,6,64.4,59.2,0.0,0.0,0.0,0.0,216
2023-05-10 09:49:41,IO2312-C-4400,IO2312-C-4400,64.4,0.0,0.0,0.0,1,58.6,61.0,6,64.4,59.2,0.0,0.0,0.0,0.0,216
2023-05-10 09:49:41,IO2312-C-4400,IO2312-C-4400,64.4,0.0,0.0,0.0,1,58.6,61.0,9,64.4,59.2,0.0,0.0,0.0,0.0,216
2023-05-10 09:49:42,IO2312-C-4400,IO2312-C-4400,64.4,0.0,0.0,0.0,1,58.6,60.8,6,64.4,59.2,0.0,0.0,0.0,0.0,216
2023-05-10 09:49:43,IO2312-C-4400,IO2312-C-4400,64.4,0.0,0.0,0.0,1,58.6,61.0,6,64.4,59.2,0.0,0.0,0.0,0.0,216
2023-05-10 09:49:43,IO2312-C-4400,IO2312-C-4400,64.4,0.0,0.0,0.0,1,58.6,61.0,9,64.4,59.2,0.0,0.0,0.0,0.0,216
2023-05-10 09:49:44,IO2312-C-4400,IO2312-C-4400,64.4,0.0,0.0,0.0,1,58.6,60.8,6,64.4,59.2,0.0,0.0,0.0,0.0,216
2023-05-10 09:49:45,IO2312-C-4400,IO2312-C-4400,64.4,0.0,0.0,0.0,1,58.6,61.0,6,64.4,59.2,0.0,0.0,0.0,0.0,216
2023-05-10 09:49:45,IO2312-C-4400,IO2312-C-4400,64.4,0.0,0.0,0.0,1,58.6,61.0,9,64.4,59.2,0.0,0.0,0.0,0.0,216
2023-05-10 09:49:46,IO2312-C-4400,IO2312-C-4400,64.4,0.0,0.0,0.0,1,58.6,60.8,6,64.4,59.2,0.0,0.0,0.0,0.0,216
2023-05-10 09:49:47,IO2312-C-4400,IO2312-C-4400,64.4,0.0,0.0,0.0,1,58.6,61.0,6,64.4,59.2,0.0,0.0,0.0,0.0,216
2023-05-10 09:49:48,IO2312-C-4400,IO2312-C-4400,64.4,0.0,0.0,0.0,1,58.6,61.0,9,64.4,59.2,0.0,0.0,0.0,0.0,216
2023-05-10 09:49:48,IO2312-C-4400,IO2312-C-4400,64.4,0.0,0.0,0.0,1,58.6,60.8,6,64.4,59.2,0.0,0.0,0.0,0.0,216
2023-05-10 09:49:49,IO2312-C-4400,IO2312-C-4400,64.4,0.0,0.0,0.0,1,58.6,61.0,6,64.4,59.2,0.0,0.0,0.0,0.0,216
2023-05-10 09:49:50,IO2312-C-4400,IO2312-C-4400,64.4,0.0,0.0,0.0,1,58.6,61.0,9,64.4,59.2,0.0,0.0,0.0,0.0,216
2023-05-10 09:49:50,IO2312-C-4400,IO2312-C-4400,64.4,0.0,0.0,0.0,1,58.6,60.8,6,64.4,59.2,0.0,0.0,0.0,0.0,216
2023-05-10 09:49:51,IO2312-C-4400,IO2312-C-4400,64.4,0.0,0.0,0.0,1,58.6,61.0,6,64.4,59.2,0.0,0.0,0.0,0.0,216
2023-05-10 09:49:52,IO2312-C-4400,IO2312-C-4400,64.4,0.0,0.0,0.0,1,58.6,61.0,9,64.4,59.2,0.0,0.0,0.0,0.0,216
2023-05-10 09:49:52,IO2312-C-4400,IO2312-C-4400,64.4,0.0,0.0,0.0,1,58.6,60.8,6,64.4,59.2,0.0,0.0,0.0,0.0,216
2023-05-10 09:49:53,IO2312-C-4400,IO2312-C-4400,64.4,0.0,0.0,0.0,1,58.6,61.0,6,64.4,59.2,0.0,0.0,0.0,0.0,216
2023-05-10 09:49:55,IO2312-C-4400,IO2312-C-4400,64.4,0.0,0.0,0.0,1,58.6,61.0,9,64.4,59.2,0.0,0.0,0.0,0.0,216
2023-05-10 09:49:55,IO2312-C-4400,IO2312-C-4400,64.4,0.0,0.0,0.0,1,58.6,60.8,6,64.4,59.2,0.0,0.0,0.0,0.0,216
2023-05-10 09:49:56,IO2312-C-4400,IO2312-C-4400,64.4,0.0,0.0,0.0,1,58.6,61.0,6,64.4,59.2,0.0,0.0,0.0,0.0,216
2023-05-10 09:49:57,IO2312-C-4400,IO2312-C-4400,64.4,0.0,0.0,0.0,1,58.6,61.0,9,64.4,59.2,0.0,0.0,0.0,0.0,216
2023-05-10 09:49:57,IO2312-C-4400,IO2312-C-4400,64.4,0.0,0.0,0.0,1,58.6,60.8,6,64.4,59.2,0.0,0.0,0.0,0.0,216
2023-05-10 09:49:58,IO2312-C-4400,IO2312-C-4400,64.4,0.0,0.0,0.0,1,58.6,61.0,6,64.4,59.2,0.0,0.0,0.0,0.0,216
2023-05-10 09:50:00,IO2312-C-4400,IO2312-C-4400,64.4,0.0,0.0,0.0,1,58.6,61.0,9,64.4,59.2,0.0,0.0,0.0,0.0,216
2023-05-10 09:50:01,IO2312-C-4400,IO2312-C-4400,64.4,0.0,0.0,0.0,21,58.4,60.8,6,64.4,59.2,0.0,0.0,0.0,0.0,216
2023-05-10 09:50:02,IO2312-C-4400,IO2312-C-4400,64.4,0.0,0.0,0.0,21,58.4,61.0,6,64.4,59.2,0.0,0.0,0.0,0.0,216
2023-05-10 09:50:02,IO2312-C-4400,IO2312-C-4400,64.4,0.0,0.0,0.0,21,58.4,61.0,9,64.4,59.2,0.0,0.0,0.0,0.0,216
2023-05-10 09:50:03,IO2312-C-4400,IO2312-C-4400,64.4,0.0,0.0,0.0,21,58.4,60.8,6,64.4,59.2,0.0,0.0,0.0,0.0,216
2023-05-10 09:50:04,IO2312-C-4400,IO2312-C-4400,64.4,0.0,0.0,0.0,21,58.4,61.0,6,64.4,59.2,0.0,0.0,0.0,0.0,216
2023-05-10 09:50:04,IO2312-C-4400,IO2312-C-4400,64.4,0.0,0.0,0.0,21,58.4,61.0,9,64.4,59.2,0.0,0.0,0.0,0.0,216
2023-05-10 09:50:05,IO2312-C-4400,IO2312-C-4400,64.4,0.0,0.0,0.0,21,58.4,60.8,6,64.4,59.2,0.0,0.0,0.0,0.0,216
2023-05-10 09:50:06,IO2312-C-4400,IO2312-C-4400,64.4,0.0,0.0,0.0,1,59.4,60.8,3,64.4,59.2,0.0,0.0,0.0,0.0,216
2023-05-10 09:50:06,IO2312-C-4400,IO2312-C-4400,64.4,0.0,0.0,0.0,4,59.4,60.6,6,64.4,59.2,0.0,0.0,0.0,0.0,216
2023-05-10 09:50:08,IO2312-C-4400,IO2312-C-4400,64.4,0.0,0.0,0.0,4,59.4,61.0,6,64.4,59.2,0.0,0.0,0.0,0.0,216
2023-05-10 09:50:08,IO2312-C-4400,IO2312-C-4400,64.4,0.0,0.0,0.0,4,59.4,61.0,9,64.4,59.2,0.0,0.0,0.0,0.0,216
2023-05-10 09:50:09,IO2312-C-4400,IO2312-C-4400,64.4,0.0,0.0,0.0,4,59.4,60.8,6,64.4,59.2,0.0,0.0,0.0,0.0,216
2023-05-10 09:50:10,IO2312-C-4400,IO2312-C-4400,64.4,0.0,0.0,0.0,1,59.4,61.0,6,64.4,59.2,0.0,0.0,0.0,0.0,216
2023-05-10 09:50:10,IO2312-C-4400,IO2312-C-4400,64.4,0.0,0.0,0.0,1,59.4,61.0,9,64.4,59.2,0.0,0.0,0.0,0.0,216
2023-05-10 09:50:11,IO2312-C-4400,IO2312-C-4400,64.4,0.0,0.0,0.0,3,59.6,60.8,6,64.4,59.2,0.0,0.0,0.0,0.0,216
2023-05-10 09:50:14,IO2312-C-4400,IO2312-C-4400,64.4,0.0,0.0,0.0,1,59.4,60.8,6,64.4,59.2,0.0,0.0,0.0,0.0,216
2023-05-10 09:50:16,IO2312-C-4400,IO2312-C-4400,64.4,0.0,0.0,0.0,1,59.4,61.0,6,64.4,59.2,0.0,0.0,0.0,0.0,216
2023-05-10 09:50:23,IO2312-C-4400,IO2312-C-4400,64.4,0.0,0.0,0.0,7,59.4,61.2,24,64.4,59.2,0.0,0.0,0.0,0.0,216
2023-05-10 09:50:23,IO2312-C-4400,IO2312-C-4400,64.4,0.0,0.0,0.0,1,59.8,61.2,18,64.4,59.2,0.0,0.0,0.0,0.0,216
2023-05-10 09:50:24,IO2312-C-4400,IO2312-C-4400,64.4,0.0,0.0,0.0,1,59.8,61.2,12,64.4,59.2,0.0,0.0,0.0,0.0,216
2023-05-10 09:50:24,IO2312-C-4400,IO2312-C-4400,64.4,0.0,0.0,0.0,1,59.8,61.2,6,64.4,59.2,0.0,0.0,0.0,0.0,216
2023-05-10 09:50:26,IO2312-C-4400,IO2312-C-4400,64.4,0.0,0.0,0.0,3,60.0,61.2,6,64.4,59.2,0.0,0.0,0.0,0.0,216
2023-05-10 09:50:29,IO2312-C-4400,IO2312-C-4400,64.4,0.0,0.0,0.0,1,59.8,61.2,6,64.4,59.2,0.0,0.0,0.0,0.0,216
2023-05-10 09:50:30,IO2312-C-4400,IO2312-C-4400,64.4,0.0,0.0,0.0,1,59.8,61.4,42,64.4,59.2,0.0,0.0,0.0,0.0,216
2023-05-10 09:50:30,IO2312-C-4400,IO2312-C-4400,64.4,0.0,0.0,0.0,1,59.8,61.4,24,64.4,59.2,0.0,0.0,0.0,0.0,216
2023-05-10 09:50:33,IO2312-C-4400,IO2312-C-4400,64.4,0.0,0.0,0.0,1,59.8,61.2,6,64.4,59.2,0.0,0.0,0.0,0.0,216
2023-05-10 09:50:34,IO2312-C-4400,IO2312-C-4400,64.4,0.0,0.0,0.0,3,60.0,61.2,6,64.4,59.2,0.0,0.0,0.0,0.0,216
2023-05-10 09:50:37,IO2312-C-4400,IO2312-C-4400,64.4,0.0,0.0,0.0,1,59.8,61.2,6,64.4,59.2,0.0,0.0,0.0,0.0,216
2023-05-10 09:50:42,IO2312-C-4400,IO2312-C-4400,64.4,0.0,0.0,0.0,3,60.0,61.2,6,64.4,59.2,0.0,0.0,0.0,0.0,216
2023-05-10 09:50:49,IO2312-C-4400,IO2312-C-4400,64.4,0.0,0.0,0.0,1,59.8,61.2,6,64.4,59.2,0.0,0.0,0.0,0.0,216
2023-05-10 09:50:50,IO2312-C-4400,IO2312-C-4400,64.4,0.0,0.0,0.0,4,59.8,61.2,6,64.4,59.2,0.0,0.0,0.0,0.0,216
2023-05-10 09:50:52,IO2312-C-4400,IO2312-C-4400,64.4,0.0,0.0,0.0,1,59.8,61.2,6,64.4,59.2,0.0,0.0,0.0,0.0,216
2023-05-10 09:50:53,IO2312-C-4400,IO2312-C-4400,64.4,0.0,0.0,0.0,3,60.0,61.2,6,64.4,59.2,0.0,0.0,0.0,0.0,216
2023-05-10 09:50:55,IO2312-C-4400,IO2312-C-4400,64.4,0.0,0.0,0.0,1,59.8,61.2,6,64.4,59.2,0.0,0.0,0.0,0.0,216
2023-05-10 09:50:56,IO2312-C-4400,IO2312-C-4400,64.4,0.0,0.0,0.0,3,60.0,61.2,6,64.4,59.2,0.0,0.0,0.0,0.0,216
2023-05-10 09:50:57,IO2312-C-4400,IO2312-C-4400,64.4,0.0,0.0,0.0,1,59.8,61.2,6,64.4,59.2,0.0,0.0,0.0,0.0,216
2023-05-10 09:50:58,IO2312-C-4400,IO2312-C-4400,64.4,0.0,0.0,0.0,4,59.8,61.2,6,64.4,59.2,0.0,0.0,0.0,0.0,216
2023-05-10 09:51:01,IO2312-C-4400,IO2312-C-4400,64.4,0.0,0.0,0.0,1,59.8,61.2,6,64.4,59.2,0.0,0.0,0.0,0.0,216
2023-05-10 09:51:04,IO2312-C-4400,IO2312-C-4400,64.4,0.0,0.0,0.0,4,59.8,61.2,6,64.4,59.2,0.0,0.0,0.0,0.0,216
2023-05-10 09:51:05,IO2312-C-4400,IO2312-C-4400,64.4,0.0,0.0,0.0,1,59.8,61.2,6,64.4,59.2,0.0,0.0,0.0,0.0,216
2023-05-10 09:51:12,IO2312-C-4400,IO2312-C-4400,64.4,0.0,0.0,0.0,4,59.8,61.2,6,64.4,59.2,0.0,0.0,0.0,0.0,216
2023-05-10 09:51:12,IO2312-C-4400,IO2312-C-4400,64.4,0.0,0.0,0.0,1,59.8,61.2,6,64.4,59.2,0.0,0.0,0.0,0.0,216
2023-05-10 09:51:13,IO2312-C-4400,IO2312-C-4400,64.4,0.0,0.0,0.0,4,59.8,61.2,6,64.4,59.2,0.0,0.0,0.0,0.0,216
2023-05-10 09:51:14,IO2312-C-4400,IO2312-C-4400,64.4,0.0,0.0,0.0,1,59.8,61.2,6,64.4,59.2,0.0,0.0,0.0,0.0,216
2023-05-10 09:51:22,IO2312-C-4400,IO2312-C-4400,64.4,0.0,0.0,0.0,3,60.0,61.2,6,64.4,59.2,0.0,0.0,0.0,0.0,216
2023-05-10 09:51:24,IO2312-C-4400,IO2312-C-4400,64.4,0.0,0.0,0.0,1,59.8,61.2,6,64.4,59.2,0.0,0.0,0.0,0.0,216
2023-05-10 09:51:25,IO2312-C-4400,IO2312-C-4400,64.4,0.0,0.0,0.0,4,59.8,61.2,6,64.4,59.2,0.0,0.0,0.0,0.0,216
2023-05-10 09:51:25,IO2312-C-4400,IO2312-C-4400,64.4,0.0,0.0,0.0,1,59.8,61.2,6,64.4,59.2,0.0,0.0,0.0,0.0,216
2023-05-10 09:51:26,IO2312-C-4400,IO2312-C-4400,64.4,0.0,0.0,0.0,4,59.8,61.2,6,64.4,59.2,0.0,0.0,0.0,0.0,216
2023-05-10 09:51:28,IO2312-C-4400,IO2312-C-4400,64.4,0.0,0.0,0.0,4,59.8,61.4,30,64.4,59.2,0.0,0.0,0.0,0.0,216
2023-05-10 09:51:29,IO2312-C-4400,IO2312-C-4400,64.4,0.0,0.0,0.0,4,59.8,61.4,24,64.4,59.2,0.0,0.0,0.0,0.0,216
2023-05-10 09:51:31,IO2312-C-4400,IO2312-C-4400,64.4,0.0,0.0,0.0,4,59.8,61.2,6,64.4,59.2,0.0,0.0,0.0,0.0,216
2023-05-10 09:51:35,IO2312-C-4400,IO2312-C-4400,64.4,0.0,0.0,0.0,1,59.8,61.2,6,64.4,59.2,0.0,0.0,0.0,0.0,216
2023-05-10 09:51:38,IO2312-C-4400,IO2312-C-4400,64.4,0.0,0.0,0.0,4,59.8,61.2,6,64.4,59.2,0.0,0.0,0.0,0.0,216
2023-05-10 09:51:39,IO2312-C-4400,IO2312-C-4400,64.4,0.0,0.0,0.0,1,59.8,61.2,6,64.4,59.2,0.0,0.0,0.0,0.0,216
2023-05-10 09:51:40,IO2312-C-4400,IO2312-C-4400,64.4,0.0,0.0,0.0,3,60.0,61.2,6,64.4,59.2,0.0,0.0,0.0,0.0,216
2023-05-10 09:51:41,IO2312-C-4400,IO2312-C-4400,64.4,0.0,0.0,0.0,1,59.8,61.2,6,64.4,59.2,0.0,0.0,0.0,0.0,216
2023-05-10 09:51:42,IO2312-C-4400,IO2312-C-4400,64.4,0.0,0.0,0.0,4,59.8,61.2,6,64.4,59.2,0.0,0.0,0.0,0.0,216
2023-05-10 09:51:43,IO2312-C-4400,IO2312-C-4400,64.4,0.0,0.0,0.0,1,59.8,61.2,6,64.4,59.2,0.0,0.0,0.0,0.0,216
2023-05-10 09:51:44,IO2312-C-4400,IO2312-C-4400,64.4,0.0,0.0,0.0,3,60.0,61.2,6,64.4,59.2,0.0,0.0,0.0,0.0,216
2023-05-10 09:51:46,IO2312-C-4400,IO2312-C-4400,64.4,0.0,0.0,0.0,1,59.8,61.2,6,64.4,59.2,0.0,0.0,0.0,0.0,216
2023-05-10 09:51:47,IO2312-C-4400,IO2312-C-4400,64.4,0.0,0.0,0.0,4,59.8,61.2,6,64.4,59.2,0.0,0.0,0.0,0.0,216
2023-05-10 09:51:48,IO2312-C-4400,IO2312-C-4400,64.4,0.0,0.0,0.0,1,59.8,61.2,6,64.4,59.2,0.0,0.0,0.0,0.0,216
2023-05-10 09:51:49,IO2312-C-4400,IO2312-C-4400,64.4,0.0,0.0,0.0,3,60.0,61.2,6,64.4,59.2,0.0,0.0,0.0,0.0,216
2023-05-10 09:51:51,IO2312-C-4400,IO2312-C-4400,64.4,0.0,0.0,0.0,1,59.8,61.2,6,64.4,59.2,0.0,0.0,0.0,0.0,216
2023-05-10 09:51:52,IO2312-C-4400,IO2312-C-4400,64.4,0.0,0.0,0.0,4,59.8,61.2,6,64.4,59.2,0.0,0.0,0.0,0.0,216
2023-05-10 09:51:58,IO2312-C-4400,IO2312-C-4400,64.4,0.0,0.0,0.0,1,59.8,61.2,6,64.4,59.2,0.0,0.0,0.0,0.0,216
2023-05-10 09:52:00,IO2312-C-4400,IO2312-C-4400,64.4,0.0,0.0,0.0,4,59.8,61.2,6,64.4,59.2,0.0,0.0,0.0,0.0,216
2023-05-10 09:52:01,IO2312-C-4400,IO2312-C-4400,64.4,0.0,0.0,0.0,1,59.8,61.2,6,64.4,59.2,0.0,0.0,0.0,0.0,216
2023-05-10 09:52:10,IO2312-C-4400,IO2312-C-4400,64.4,0.0,0.0,0.0,3,59.6,61.2,6,64.4,59.2,0.0,0.0,0.0,0.0,216
2023-05-10 09:52:12,IO2312-C-4400,IO2312-C-4400,64.4,0.0,0.0,0.0,1,59.6,61.2,6,64.4,59.2,0.0,0.0,0.0,0.0,216
2023-05-10 09:52:27,IO2312-C-4400,IO2312-C-4400,64.4,0.0,0.0,0.0,1,59.6,61.2,9,64.4,59.2,0.0,0.0,0.0,0.0,216
2023-05-10 09:52:28,IO2312-C-4400,IO2312-C-4400,64.4,0.0,0.0,0.0,1,59.6,61.0,6,64.4,59.2,0.0,0.0,0.0,0.0,216
2023-05-10 09:52:28,IO2312-C-4400,IO2312-C-4400,64.4,0.0,0.0,0.0,1,59.6,61.2,6,64.4,59.2,0.0,0.0,0.0,0.0,216
2023-05-10 09:52:35,IO2312-C-4400,IO2312-C-4400,64.4,0.0,0.0,0.0,4,59.6,61.2,6,64.4,59.2,0.0,0.0,0.0,0.0,216
2023-05-10 09:52:36,IO2312-C-4400,IO2312-C-4400,64.4,0.0,0.0,0.0,1,59.6,61.2,6,64.4,59.2,0.0,0.0,0.0,0.0,216
2023-05-10 09:52:39,IO2312-C-4400,IO2312-C-4400,64.4,0.0,0.0,0.0,4,59.6,61.2,6,64.4,59.2,0.0,0.0,0.0,0.0,216
2023-05-10 09:52:39,IO2312-C-4400,IO2312-C-4400,64.4,0.0,0.0,0.0,1,60.0,61.2,6,64.4,59.2,0.0,0.0,0.0,0.0,216
2023-05-10 09:52:54,IO2312-C-4400,IO2312-C-4400,64.4,0.0,0.0,0.0,7,59.4,61.2,6,64.4,59.2,0.0,0.0,0.0,0.0,216
2023-05-10 09:52:55,IO2312-C-4400,IO2312-C-4400,64.4,0.0,0.0,0.0,1,59.4,61.2,6,64.4,59.2,0.0,0.0,0.0,0.0,216
2023-05-10 09:52:57,IO2312-C-4400,IO2312-C-4400,64.4,0.0,0.0,0.0,1,59.4,61.2,9,64.4,59.2,0.0,0.0,0.0,0.0,216
2023-05-10 09:52:57,IO2312-C-4400,IO2312-C-4400,64.4,0.0,0.0,0.0,1,59.4,61.0,6,64.4,59.2,0.0,0.0,0.0,0.0,216
2023-05-10 09:52:58,IO2312-C-4400,IO2312-C-4400,64.4,0.0,0.0,0.0,1,59.4,61.2,6,64.4,59.2,0.0,0.0,0.0,0.0,216
