time,symbol_id,symbol_name,last,trade_volume,trade_amount,open_interest_change,bv1,bp1,ap1,av1,yesterday_close,today_open,today_high,today_low,volume,amount,open_interest
2023-05-10 09:29:00,IO2403-P-3800,IO2403-P-3800,114.8,0.0,0.0,0.0,1,103.6,136.0,1,114.8,120.0,0.0,0.0,0.0,0.0,138
2023-05-10 09:30:00,IO2403-P-3800,IO2403-P-3800,114.8,0.0,0.0,0.0,1,103.6,134.0,2,114.8,120.0,0.0,0.0,0.0,0.0,138
2023-05-10 09:30:00,IO2403-P-3800,IO2403-P-3800,114.8,0.0,0.0,0.0,1,104.2,134.0,3,114.8,120.0,0.0,0.0,0.0,0.0,138
2023-05-10 09:30:01,IO2403-P-3800,IO2403-P-3800,114.8,0.0,0.0,0.0,6,104.4,134.0,3,114.8,120.0,0.0,0.0,0.0,0.0,138
2023-05-10 09:30:02,IO2403-P-3800,IO2403-P-3800,114.8,0.0,0.0,0.0,1,104.6,134.0,3,114.8,120.0,0.0,0.0,0.0,0.0,138
2023-05-10 09:30:02,IO2403-P-3800,IO2403-P-3800,114.8,0.0,0.0,0.0,6,104.8,134.0,3,114.8,120.0,0.0,0.0,0.0,0.0,138
2023-05-10 09:30:08,IO2403-P-3800,IO2403-P-3800,114.8,0.0,0.0,0.0,6,104.8,134.0,2,114.8,120.0,0.0,0.0,0.0,0.0,138
2023-05-10 09:30:10,IO2403-P-3800,IO2403-P-3800,114.8,0.0,0.0,0.0,6,104.8,133.8,1,114.8,120.0,0.0,0.0,0.0,0.0,138
2023-05-10 09:30:12,IO2403-P-3800,IO2403-P-3800,114.8,0.0,0.0,0.0,2,105.0,133.6,2,114.8,120.0,0.0,0.0,0.0,0.0,138
2023-05-10 09:30:13,IO2403-P-3800,IO2403-P-3800,114.8,0.0,0.0,0.0,6,105.2,133.6,2,114.8,120.0,0.0,0.0,0.0,0.0,138
2023-05-10 09:30:13,IO2403-P-3800,IO2403-P-3800,114.8,0.0,0.0,0.0,2,105.4,133.6,2,114.8,120.0,0.0,0.0,0.0,0.0,138
2023-05-10 09:30:14,IO2403-P-3800,IO2403-P-3800,114.8,0.0,0.0,0.0,6,105.6,133.6,2,114.8,120.0,0.0,0.0,0.0,0.0,138
2023-05-10 09:30:14,IO2403-P-3800,IO2403-P-3800,114.8,0.0,0.0,0.0,2,105.8,133.6,2,114.8,120.0,0.0,0.0,0.0,0.0,138
2023-05-10 09:30:15,IO2403-P-3800,IO2403-P-3800,114.8,0.0,0.0,0.0,6,106.0,133.6,2,114.8,120.0,0.0,0.0,0.0,0.0,138
2023-05-10 09:30:15,IO2403-P-3800,IO2403-P-3800,114.8,0.0,0.0,0.0,2,106.2,133.6,3,114.8,120.0,0.0,0.0,0.0,0.0,138
2023-05-10 09:30:16,IO2403-P-3800,IO2403-P-3800,114.8,0.0,0.0,0.0,6,106.4,133.6,9,114.8,120.0,0.0,0.0,0.0,0.0,138
2023-05-10 09:30:16,IO2403-P-3800,IO2403-P-3800,114.8,0.0,0.0,0.0,2,106.6,133.6,9,114.8,120.0,0.0,0.0,0.0,0.0,138
2023-05-10 09:30:17,IO2403-P-3800,IO2403-P-3800,114.8,0.0,0.0,0.0,8,106.6,133.4,6,114.8,120.0,0.0,0.0,0.0,0.0,138
2023-05-10 09:30:17,IO2403-P-3800,IO2403-P-3800,114.8,0.0,0.0,0.0,2,106.6,133.2,2,114.8,120.0,0.0,0.0,0.0,0.0,138
2023-05-10 09:30:18,IO2403-P-3800,IO2403-P-3800,114.8,0.0,0.0,0.0,2,106.6,133.0,6,114.8,120.0,0.0,0.0,0.0,0.0,138
2023-05-10 09:30:18,IO2403-P-3800,IO2403-P-3800,114.8,0.0,0.0,0.0,2,106.6,132.8,2,114.8,120.0,0.0,0.0,0.0,0.0,138
2023-05-10 09:30:19,IO2403-P-3800,IO2403-P-3800,114.8,0.0,0.0,0.0,2,106.6,132.6,6,114.8,120.0,0.0,0.0,0.0,0.0,138
2023-05-10 09:30:19,IO2403-P-3800,IO2403-P-3800,114.8,0.0,0.0,0.0,2,106.6,132.4,2,114.8,120.0,0.0,0.0,0.0,0.0,138
2023-05-10 09:30:20,IO2403-P-3800,IO2403-P-3800,114.8,0.0,0.0,0.0,6,106.8,132.4,2,114.8,120.0,0.0,0.0,0.0,0.0,138
2023-05-10 09:30:20,IO2403-P-3800,IO2403-P-3800,114.8,0.0,0.0,0.0,2,107.0,132.4,2,114.8,120.0,0.0,0.0,0.0,0.0,138
2023-05-10 09:30:21,IO2403-P-3800,IO2403-P-3800,114.8,0.0,0.0,0.0,6,107.2,132.2,6,114.8,120.0,0.0,0.0,0.0,0.0,138
2023-05-10 09:30:21,IO2403-P-3800,IO2403-P-3800,114.8,0.0,0.0,0.0,2,107.4,132.0,2,114.8,120.0,0.0,0.0,0.0,0.0,138
2023-05-10 09:30:22,IO2403-P-3800,IO2403-P-3800,114.8,0.0,0.0,0.0,6,115.0,124.6,6,114.8,120.0,0.0,0.0,0.0,0.0,138
2023-05-10 09:30:22,IO2403-P-3800,IO2403-P-3800,114.8,0.0,0.0,0.0,6,113.0,126.6,6,114.8,120.0,0.0,0.0,0.0,0.0,138
2023-05-10 09:30:23,IO2403-P-3800,IO2403-P-3800,114.8,0.0,0.0,0.0,2,113.2,126.4,2,114.8,120.0,0.0,0.0,0.0,0.0,138
2023-05-10 09:30:23,IO2403-P-3800,IO2403-P-3800,114.8,0.0,0.0,0.0,2,113.2,126.2,6,114.8,120.0,0.0,0.0,0.0,0.0,138
2023-05-10 09:30:24,IO2403-P-3800,IO2403-P-3800,114.8,0.0,0.0,0.0,2,113.2,126.0,2,114.8,120.0,0.0,0.0,0.0,0.0,138
2023-05-10 09:30:24,IO2403-P-3800,IO2403-P-3800,114.8,0.0,0.0,0.0,8,113.2,126.0,2,114.8,120.0,0.0,0.0,0.0,0.0,138
2023-05-10 09:30:25,IO2403-P-3800,IO2403-P-3800,114.8,0.0,0.0,0.0,6,114.4,124.0,6,114.8,120.0,0.0,0.0,0.0,0.0,138
2023-05-10 09:30:26,IO2403-P-3800,IO2403-P-3800,114.8,0.0,0.0,0.0,6,114.2,124.0,6,114.8,120.0,0.0,0.0,0.0,0.0,138
2023-05-10 09:30:26,IO2403-P-3800,IO2403-P-3800,114.8,0.0,0.0,0.0,6,114.4,124.0,6,114.8,120.0,0.0,0.0,0.0,0.0,138
2023-05-10 09:30:27,IO2403-P-3800,IO2403-P-3800,114.8,0.0,0.0,0.0,6,114.4,124.0,12,114.8,120.0,0.0,0.0,0.0,0.0,138
2023-05-10 09:30:29,IO2403-P-3800,IO2403-P-3800,114.8,0.0,0.0,0.0,8,114.4,124.0,12,114.8,120.0,0.0,0.0,0.0,0.0,138
2023-05-10 09:30:30,IO2403-P-3800,IO2403-P-3800,114.8,0.0,0.0,0.0,11,114.4,124.0,15,114.8,120.0,0.0,0.0,0.0,0.0,138
2023-05-10 09:30:31,IO2403-P-3800,IO2403-P-3800,114.8,0.0,0.0,0.0,6,114.4,124.0,12,114.8,120.0,0.0,0.0,0.0,0.0,138
2023-05-10 09:30:31,IO2403-P-3800,IO2403-P-3800,114.8,0.0,0.0,0.0,9,114.4,124.0,15,114.8,120.0,0.0,0.0,0.0,0.0,138
2023-05-10 09:30:32,IO2403-P-3800,IO2403-P-3800,114.8,0.0,0.0,0.0,6,114.4,124.0,12,114.8,120.0,0.0,0.0,0.0,0.0,138
2023-05-10 09:30:32,IO2403-P-3800,IO2403-P-3800,114.8,0.0,0.0,0.0,9,114.4,124.0,15,114.8,120.0,0.0,0.0,0.0,0.0,138
2023-05-10 09:30:33,IO2403-P-3800,IO2403-P-3800,114.8,0.0,0.0,0.0,8,114.4,124.0,12,114.8,120.0,0.0,0.0,0.0,0.0,138
2023-05-10 09:30:33,IO2403-P-3800,IO2403-P-3800,114.8,0.0,0.0,0.0,9,114.6,124.0,12,114.8,120.0,0.0,0.0,0.0,0.0,138
2023-05-10 09:30:34,IO2403-P-3800,IO2403-P-3800,114.8,0.0,0.0,0.0,6,114.6,124.0,12,114.8,120.0,0.0,0.0,0.0,0.0,138
2023-05-10 09:30:34,IO2403-P-3800,IO2403-P-3800,114.8,0.0,0.0,0.0,9,114.6,124.0,12,114.8,120.0,0.0,0.0,0.0,0.0,138
2023-05-10 09:30:35,IO2403-P-3800,IO2403-P-3800,114.8,0.0,0.0,0.0,6,114.6,124.0,12,114.8,120.0,0.0,0.0,0.0,0.0,138
2023-05-10 09:30:36,IO2403-P-3800,IO2403-P-3800,114.8,0.0,0.0,0.0,9,114.6,124.0,12,114.8,120.0,0.0,0.0,0.0,0.0,138
2023-05-10 09:30:37,IO2403-P-3800,IO2403-P-3800,114.8,0.0,0.0,0.0,6,114.6,124.0,12,114.8,120.0,0.0,0.0,0.0,0.0,138
2023-05-10 09:30:37,IO2403-P-3800,IO2403-P-3800,114.8,0.0,0.0,0.0,9,114.6,124.0,12,114.8,120.0,0.0,0.0,0.0,0.0,138
2023-05-10 09:30:38,IO2403-P-3800,IO2403-P-3800,114.8,0.0,0.0,0.0,6,114.6,124.0,12,114.8,120.0,0.0,0.0,0.0,0.0,138
2023-05-10 09:30:39,IO2403-P-3800,IO2403-P-3800,114.8,0.0,0.0,0.0,9,114.6,124.0,12,114.8,120.0,0.0,0.0,0.0,0.0,138
2023-05-10 09:30:40,IO2403-P-3800,IO2403-P-3800,114.8,0.0,0.0,0.0,6,114.6,124.0,12,114.8,120.0,0.0,0.0,0.0,0.0,138
2023-05-10 09:30:40,IO2403-P-3800,IO2403-P-3800,114.8,0.0,0.0,0.0,9,114.6,124.0,13,114.8,120.0,0.0,0.0,0.0,0.0,138
2023-05-10 09:30:41,IO2403-P-3800,IO2403-P-3800,114.8,0.0,0.0,0.0,6,114.6,124.0,13,114.8,120.0,0.0,0.0,0.0,0.0,138
2023-05-10 09:30:41,IO2403-P-3800,IO2403-P-3800,114.8,0.0,0.0,0.0,9,114.6,124.0,13,114.8,120.0,0.0,0.0,0.0,0.0,138
2023-05-10 09:30:42,IO2403-P-3800,IO2403-P-3800,114.8,0.0,0.0,0.0,6,114.6,124.0,13,114.8,120.0,0.0,0.0,0.0,0.0,138
2023-05-10 09:30:42,IO2403-P-3800,IO2403-P-3800,114.8,0.0,0.0,0.0,9,114.6,124.0,13,114.8,120.0,0.0,0.0,0.0,0.0,138
2023-05-10 09:30:43,IO2403-P-3800,IO2403-P-3800,114.8,0.0,0.0,0.0,6,114.6,124.0,13,114.8,120.0,0.0,0.0,0.0,0.0,138
2023-05-10 09:30:44,IO2403-P-3800,IO2403-P-3800,114.8,0.0,0.0,0.0,9,114.6,124.0,13,114.8,120.0,0.0,0.0,0.0,0.0,138
2023-05-10 09:30:44,IO2403-P-3800,IO2403-P-3800,114.8,0.0,0.0,0.0,6,114.6,124.0,13,114.8,120.0,0.0,0.0,0.0,0.0,138
2023-05-10 09:30:45,IO2403-P-3800,IO2403-P-3800,114.8,0.0,0.0,0.0,6,114.6,124.0,16,114.8,120.0,0.0,0.0,0.0,0.0,138
2023-05-10 09:30:45,IO2403-P-3800,IO2403-P-3800,114.8,0.0,0.0,0.0,6,114.6,124.0,13,114.8,120.0,0.0,0.0,0.0,0.0,138
2023-05-10 09:30:46,IO2403-P-3800,IO2403-P-3800,114.8,0.0,0.0,0.0,6,114.6,124.0,16,114.8,120.0,0.0,0.0,0.0,0.0,138
2023-05-10 09:30:46,IO2403-P-3800,IO2403-P-3800,114.8,0.0,0.0,0.0,6,114.6,124.0,19,114.8,120.0,0.0,0.0,0.0,0.0,138
2023-05-10 09:30:48,IO2403-P-3800,IO2403-P-3800,114.8,0.0,0.0,0.0,6,114.6,124.0,18,114.8,120.0,0.0,0.0,0.0,0.0,138
2023-05-10 09:30:49,IO2403-P-3800,IO2403-P-3800,114.8,0.0,0.0,0.0,6,114.6,123.8,2,114.8,120.0,0.0,0.0,0.0,0.0,138
2023-05-10 09:31:00,IO2403-P-3800,IO2403-P-3800,114.8,0.0,0.0,0.0,8,114.6,124.0,20,114.8,120.0,0.0,0.0,0.0,0.0,138
2023-05-10 09:31:01,IO2403-P-3800,IO2403-P-3800,114.8,0.0,0.0,0.0,8,114.6,124.0,18,114.8,120.0,0.0,0.0,0.0,0.0,138
2023-05-10 09:31:01,IO2403-P-3800,IO2403-P-3800,114.8,0.0,0.0,0.0,8,114.6,124.0,12,114.8,120.0,0.0,0.0,0.0,0.0,138
2023-05-10 09:31:02,IO2403-P-3800,IO2403-P-3800,114.8,0.0,0.0,0.0,8,114.6,124.0,6,114.8,120.0,0.0,0.0,0.0,0.0,138
2023-05-10 09:31:05,IO2403-P-3800,IO2403-P-3800,114.8,0.0,0.0,0.0,6,116.0,124.0,6,114.8,120.0,0.0,0.0,0.0,0.0,138
2023-05-10 09:31:06,IO2403-P-3800,IO2403-P-3800,114.8,0.0,0.0,0.0,3,115.4,124.0,6,114.8,120.0,0.0,0.0,0.0,0.0,138
2023-05-10 09:31:06,IO2403-P-3800,IO2403-P-3800,114.8,0.0,0.0,0.0,6,116.0,124.0,6,114.8,120.0,0.0,0.0,0.0,0.0,138
2023-05-10 09:31:07,IO2403-P-3800,IO2403-P-3800,114.8,0.0,0.0,0.0,3,115.2,124.0,6,114.8,120.0,0.0,0.0,0.0,0.0,138
2023-05-10 09:31:07,IO2403-P-3800,IO2403-P-3800,114.8,0.0,0.0,0.0,6,114.6,124.0,6,114.8,120.0,0.0,0.0,0.0,0.0,138
2023-05-10 09:31:08,IO2403-P-3800,IO2403-P-3800,114.8,0.0,0.0,0.0,5,114.8,124.0,6,114.8,120.0,0.0,0.0,0.0,0.0,138
2023-05-10 09:31:08,IO2403-P-3800,IO2403-P-3800,114.8,0.0,0.0,0.0,2,114.8,124.0,6,114.8,120.0,0.0,0.0,0.0,0.0,138
2023-05-10 09:31:09,IO2403-P-3800,IO2403-P-3800,114.8,0.0,0.0,0.0,5,114.8,124.0,6,114.8,120.0,0.0,0.0,0.0,0.0,138
2023-05-10 09:31:10,IO2403-P-3800,IO2403-P-3800,114.8,0.0,0.0,0.0,2,114.8,124.0,6,114.8,120.0,0.0,0.0,0.0,0.0,138
2023-05-10 09:31:10,IO2403-P-3800,IO2403-P-3800,114.8,0.0,0.0,0.0,5,114.8,124.0,6,114.8,120.0,0.0,0.0,0.0,0.0,138
2023-05-10 09:31:11,IO2403-P-3800,IO2403-P-3800,114.8,0.0,0.0,0.0,2,114.8,124.0,6,114.8,120.0,0.0,0.0,0.0,0.0,138
2023-05-10 09:31:11,IO2403-P-3800,IO2403-P-3800,114.8,0.0,0.0,0.0,3,114.8,124.0,6,114.8,120.0,0.0,0.0,0.0,0.0,138
2023-05-10 09:31:12,IO2403-P-3800,IO2403-P-3800,114.8,0.0,0.0,0.0,6,114.6,124.0,6,114.8,120.0,0.0,0.0,0.0,0.0,138
2023-05-10 09:31:12,IO2403-P-3800,IO2403-P-3800,114.8,0.0,0.0,0.0,5,114.8,123.8,2,114.8,120.0,0.0,0.0,0.0,0.0,138
2023-05-10 09:31:13,IO2403-P-3800,IO2403-P-3800,114.8,0.0,0.0,0.0,2,114.8,124.0,8,114.8,120.0,0.0,0.0,0.0,0.0,138
2023-05-10 09:31:13,IO2403-P-3800,IO2403-P-3800,114.8,0.0,0.0,0.0,5,114.8,124.0,8,114.8,120.0,0.0,0.0,0.0,0.0,138
2023-05-10 09:31:14,IO2403-P-3800,IO2403-P-3800,114.8,0.0,0.0,0.0,2,114.8,124.0,8,114.8,120.0,0.0,0.0,0.0,0.0,138
2023-05-10 09:31:14,IO2403-P-3800,IO2403-P-3800,114.8,0.0,0.0,0.0,3,114.8,124.0,8,114.8,120.0,0.0,0.0,0.0,0.0,138
2023-05-10 09:31:15,IO2403-P-3800,IO2403-P-3800,114.8,0.0,0.0,0.0,6,114.6,124.0,8,114.8,120.0,0.0,0.0,0.0,0.0,138
2023-05-10 09:31:15,IO2403-P-3800,IO2403-P-3800,114.8,0.0,0.0,0.0,3,114.8,124.0,8,114.8,120.0,0.0,0.0,0.0,0.0,138
2023-05-10 09:31:18,IO2403-P-3800,IO2403-P-3800,114.8,0.0,0.0,0.0,6,114.6,124.0,8,114.8,120.0,0.0,0.0,0.0,0.0,138
2023-05-10 09:31:18,IO2403-P-3800,IO2403-P-3800,114.8,0.0,0.0,0.0,8,114.6,124.0,8,114.8,120.0,0.0,0.0,0.0,0.0,138
2023-05-10 09:31:20,IO2403-P-3800,IO2403-P-3800,114.8,0.0,0.0,0.0,3,114.8,124.0,6,114.8,120.0,0.0,0.0,0.0,0.0,138
2023-05-10 09:31:20,IO2403-P-3800,IO2403-P-3800,114.8,0.0,0.0,0.0,2,115.0,124.0,6,114.8,120.0,0.0,0.0,0.0,0.0,138
2023-05-10 09:31:22,IO2403-P-3800,IO2403-P-3800,114.8,0.0,0.0,0.0,5,115.0,124.0,6,114.8,120.0,0.0,0.0,0.0,0.0,138
2023-05-10 09:31:22,IO2403-P-3800,IO2403-P-3800,114.8,0.0,0.0,0.0,2,115.0,124.0,6,114.8,120.0,0.0,0.0,0.0,0.0,138
2023-05-10 09:31:23,IO2403-P-3800,IO2403-P-3800,114.8,0.0,0.0,0.0,5,115.0,124.0,6,114.8,120.0,0.0,0.0,0.0,0.0,138
2023-05-10 09:31:23,IO2403-P-3800,IO2403-P-3800,114.8,0.0,0.0,0.0,2,115.0,124.0,6,114.8,120.0,0.0,0.0,0.0,0.0,138
2023-05-10 09:31:24,IO2403-P-3800,IO2403-P-3800,114.8,0.0,0.0,0.0,5,115.0,124.2,6,114.8,120.0,0.0,0.0,0.0,0.0,138
2023-05-10 09:31:24,IO2403-P-3800,IO2403-P-3800,114.8,0.0,0.0,0.0,2,115.0,124.2,6,114.8,120.0,0.0,0.0,0.0,0.0,138
2023-05-10 09:31:25,IO2403-P-3800,IO2403-P-3800,114.8,0.0,0.0,0.0,5,115.0,124.2,6,114.8,120.0,0.0,0.0,0.0,0.0,138
2023-05-10 09:31:25,IO2403-P-3800,IO2403-P-3800,114.8,0.0,0.0,0.0,2,115.0,124.2,8,114.8,120.0,0.0,0.0,0.0,0.0,138
2023-05-10 09:31:26,IO2403-P-3800,IO2403-P-3800,114.8,0.0,0.0,0.0,3,115.2,124.2,8,114.8,120.0,0.0,0.0,0.0,0.0,138
2023-05-10 09:31:29,IO2403-P-3800,IO2403-P-3800,114.8,0.0,0.0,0.0,6,114.6,124.2,8,114.8,120.0,0.0,0.0,0.0,0.0,138
2023-05-10 09:31:29,IO2403-P-3800,IO2403-P-3800,114.8,0.0,0.0,0.0,2,114.8,124.2,8,114.8,120.0,0.0,0.0,0.0,0.0,138
2023-05-10 09:31:30,IO2403-P-3800,IO2403-P-3800,114.8,0.0,0.0,0.0,6,115.2,124.2,8,114.8,120.0,0.0,0.0,0.0,0.0,138
2023-05-10 09:31:30,IO2403-P-3800,IO2403-P-3800,114.8,0.0,0.0,0.0,8,115.2,124.2,8,114.8,120.0,0.0,0.0,0.0,0.0,138
2023-05-10 09:31:31,IO2403-P-3800,IO2403-P-3800,114.8,0.0,0.0,0.0,9,115.2,124.2,8,114.8,120.0,0.0,0.0,0.0,0.0,138
2023-05-10 09:31:31,IO2403-P-3800,IO2403-P-3800,114.8,0.0,0.0,0.0,6,115.2,124.2,8,114.8,120.0,0.0,0.0,0.0,0.0,138
2023-05-10 09:31:32,IO2403-P-3800,IO2403-P-3800,114.8,0.0,0.0,0.0,6,115.2,124.2,9,114.8,120.0,0.0,0.0,0.0,0.0,138
2023-05-10 09:31:33,IO2403-P-3800,IO2403-P-3800,114.8,0.0,0.0,0.0,8,115.2,124.2,9,114.8,120.0,0.0,0.0,0.0,0.0,138
2023-05-10 09:31:36,IO2403-P-3800,IO2403-P-3800,114.8,0.0,0.0,0.0,6,115.2,124.2,9,114.8,120.0,0.0,0.0,0.0,0.0,138
2023-05-10 09:31:38,IO2403-P-3800,IO2403-P-3800,114.8,0.0,0.0,0.0,8,115.2,124.2,9,114.8,120.0,0.0,0.0,0.0,0.0,138
2023-05-10 09:31:39,IO2403-P-3800,IO2403-P-3800,114.8,0.0,0.0,0.0,6,115.2,124.2,9,114.8,120.0,0.0,0.0,0.0,0.0,138
2023-05-10 09:31:42,IO2403-P-3800,IO2403-P-3800,114.8,0.0,0.0,0.0,6,115.2,124.0,1,114.8,120.0,0.0,0.0,0.0,0.0,138
2023-05-10 09:31:43,IO2403-P-3800,IO2403-P-3800,114.8,0.0,0.0,0.0,6,115.2,123.8,2,114.8,120.0,0.0,0.0,0.0,0.0,138
2023-05-10 09:31:47,IO2403-P-3800,IO2403-P-3800,114.8,0.0,0.0,0.0,9,115.2,123.8,5,114.8,120.0,0.0,0.0,0.0,0.0,138
2023-05-10 09:31:48,IO2403-P-3800,IO2403-P-3800,114.8,0.0,0.0,0.0,12,115.2,123.8,5,114.8,120.0,0.0,0.0,0.0,0.0,138
2023-05-10 09:31:54,IO2403-P-3800,IO2403-P-3800,114.8,0.0,0.0,0.0,12,115.2,123.8,3,114.8,120.0,0.0,0.0,0.0,0.0,138
2023-05-10 09:31:57,IO2403-P-3800,IO2403-P-3800,114.8,0.0,0.0,0.0,12,115.2,123.8,5,114.8,120.0,0.0,0.0,0.0,0.0,138
2023-05-10 09:32:04,IO2403-P-3800,IO2403-P-3800,114.8,0.0,0.0,0.0,12,115.2,123.8,3,114.8,120.0,0.0,0.0,0.0,0.0,138
2023-05-10 09:32:25,IO2403-P-3800,IO2403-P-3800,114.8,0.0,0.0,0.0,2,115.4,123.8,3,114.8,120.0,0.0,0.0,0.0,0.0,138
2023-05-10 09:32:26,IO2403-P-3800,IO2403-P-3800,114.8,0.0,0.0,0.0,2,115.4,124.0,18,114.8,120.0,0.0,0.0,0.0,0.0,138
2023-05-10 09:32:26,IO2403-P-3800,IO2403-P-3800,114.8,0.0,0.0,0.0,2,115.4,124.0,24,114.8,120.0,0.0,0.0,0.0,0.0,138
2023-05-10 09:32:29,IO2403-P-3800,IO2403-P-3800,114.8,0.0,0.0,0.0,5,115.4,124.0,24,114.8,120.0,0.0,0.0,0.0,0.0,138
2023-05-10 09:32:47,IO2403-P-3800,IO2403-P-3800,114.8,0.0,0.0,0.0,5,115.4,124.0,25,114.8,120.0,0.0,0.0,0.0,0.0,138
2023-05-10 09:32:54,IO2403-P-3800,IO2403-P-3800,114.8,0.0,0.0,0.0,5,115.4,123.6,1,114.8,120.0,0.0,0.0,0.0,0.0,138
2023-05-10 09:32:54,IO2403-P-3800,IO2403-P-3800,114.8,0.0,0.0,0.0,5,115.4,123.6,4,114.8,120.0,0.0,0.0,0.0,0.0,138
2023-05-10 09:32:55,IO2403-P-3800,IO2403-P-3800,114.8,0.0,0.0,0.0,5,115.4,123.6,2,114.8,120.0,0.0,0.0,0.0,0.0,138
2023-05-10 09:32:56,IO2403-P-3800,IO2403-P-3800,114.8,0.0,0.0,0.0,1,118.4,123.6,2,114.8,120.0,0.0,0.0,0.0,0.0,138
2023-05-10 09:33:04,IO2403-P-3800,IO2403-P-3800,114.8,0.0,0.0,0.0,1,118.4,123.4,1,114.8,120.0,0.0,0.0,0.0,0.0,138
2023-05-10 09:33:13,IO2403-P-3800,IO2403-P-3800,114.8,0.0,0.0,0.0,1,118.4,123.0,1,114.8,120.0,0.0,0.0,0.0,0.0,138
2023-05-10 09:33:14,IO2403-P-3800,IO2403-P-3800,114.8,0.0,0.0,0.0,1,118.4,123.0,2,114.8,120.0,0.0,0.0,0.0,0.0,138
2023-05-10 09:33:16,IO2403-P-3800,IO2403-P-3800,114.8,0.0,0.0,0.0,3,118.2,123.0,2,114.8,120.0,0.0,0.0,0.0,0.0,138
2023-05-10 09:33:16,IO2403-P-3800,IO2403-P-3800,114.8,0.0,0.0,0.0,18,118.0,123.0,2,114.8,120.0,0.0,0.0,0.0,0.0,138
2023-05-10 09:33:17,IO2403-P-3800,IO2403-P-3800,114.8,0.0,0.0,0.0,18,117.8,123.0,2,114.8,120.0,0.0,0.0,0.0,0.0,138
2023-05-10 09:33:17,IO2403-P-3800,IO2403-P-3800,114.8,0.0,0.0,0.0,15,117.8,123.0,2,114.8,120.0,0.0,0.0,0.0,0.0,138
2023-05-10 09:33:18,IO2403-P-3800,IO2403-P-3800,114.8,0.0,0.0,0.0,9,117.8,123.0,2,114.8,120.0,0.0,0.0,0.0,0.0,138
2023-05-10 09:33:18,IO2403-P-3800,IO2403-P-3800,114.8,0.0,0.0,0.0,25,117.6,123.0,2,114.8,120.0,0.0,0.0,0.0,0.0,138
2023-05-10 09:33:19,IO2403-P-3800,IO2403-P-3800,114.8,0.0,0.0,0.0,13,117.6,123.0,2,114.8,120.0,0.0,0.0,0.0,0.0,138
2023-05-10 09:33:19,IO2403-P-3800,IO2403-P-3800,114.8,0.0,0.0,0.0,10,117.6,123.0,2,114.8,120.0,0.0,0.0,0.0,0.0,138
2023-05-10 09:33:20,IO2403-P-3800,IO2403-P-3800,114.8,0.0,0.0,0.0,4,117.6,123.0,2,114.8,120.0,0.0,0.0,0.0,0.0,138
2023-05-10 09:33:20,IO2403-P-3800,IO2403-P-3800,114.8,0.0,0.0,0.0,1,117.6,122.2,1,114.8,120.0,0.0,0.0,0.0,0.0,138
2023-05-10 09:33:21,IO2403-P-3800,IO2403-P-3800,114.8,0.0,0.0,0.0,7,117.6,122.2,7,114.8,120.0,0.0,0.0,0.0,0.0,138
2023-05-10 09:33:21,IO2403-P-3800,IO2403-P-3800,114.8,0.0,0.0,0.0,10,117.6,122.2,7,114.8,120.0,0.0,0.0,0.0,0.0,138
2023-05-10 09:33:24,IO2403-P-3800,IO2403-P-3800,114.8,0.0,0.0,0.0,7,117.6,122.2,7,114.8,120.0,0.0,0.0,0.0,0.0,138
2023-05-10 09:33:25,IO2403-P-3800,IO2403-P-3800,114.8,0.0,0.0,0.0,10,117.6,122.2,7,114.8,120.0,0.0,0.0,0.0,0.0,138
2023-05-10 09:33:25,IO2403-P-3800,IO2403-P-3800,114.8,0.0,0.0,0.0,7,117.6,122.2,7,114.8,120.0,0.0,0.0,0.0,0.0,138
2023-05-10 09:33:27,IO2403-P-3800,IO2403-P-3800,114.8,0.0,0.0,0.0,6,117.6,122.2,7,114.8,120.0,0.0,0.0,0.0,0.0,138
2023-05-10 09:33:29,IO2403-P-3800,IO2403-P-3800,114.8,0.0,0.0,0.0,6,117.6,121.4,1,114.8,120.0,0.0,0.0,0.0,0.0,138
2023-05-10 09:33:35,IO2403-P-3800,IO2403-P-3800,114.8,0.0,0.0,0.0,6,117.6,121.6,3,114.8,120.0,0.0,0.0,0.0,0.0,138
2023-05-10 09:33:35,IO2403-P-3800,IO2403-P-3800,114.8,0.0,0.0,0.0,6,117.6,121.8,12,114.8,120.0,0.0,0.0,0.0,0.0,138
2023-05-10 09:33:36,IO2403-P-3800,IO2403-P-3800,114.8,0.0,0.0,0.0,6,117.8,122.0,6,114.8,120.0,0.0,0.0,0.0,0.0,138
2023-05-10 09:33:36,IO2403-P-3800,IO2403-P-3800,114.8,0.0,0.0,0.0,9,117.8,122.0,3,114.8,120.0,0.0,0.0,0.0,0.0,138
2023-05-10 09:33:37,IO2403-P-3800,IO2403-P-3800,114.8,0.0,0.0,0.0,6,118.0,122.0,6,114.8,120.0,0.0,0.0,0.0,0.0,138
2023-05-10 09:33:37,IO2403-P-3800,IO2403-P-3800,114.8,0.0,0.0,0.0,3,117.8,122.0,6,114.8,120.0,0.0,0.0,0.0,0.0,138
2023-05-10 09:33:38,IO2403-P-3800,IO2403-P-3800,114.8,0.0,0.0,0.0,12,117.6,122.0,9,114.8,120.0,0.0,0.0,0.0,0.0,138
2023-05-10 09:33:38,IO2403-P-3800,IO2403-P-3800,114.8,0.0,0.0,0.0,12,117.6,121.8,6,114.8,120.0,0.0,0.0,0.0,0.0,138
2023-05-10 09:33:39,IO2403-P-3800,IO2403-P-3800,114.8,0.0,0.0,0.0,15,117.6,121.8,6,114.8,120.0,0.0,0.0,0.0,0.0,138
2023-05-10 09:33:41,IO2403-P-3800,IO2403-P-3800,114.8,0.0,0.0,0.0,6,117.8,122.0,9,114.8,120.0,0.0,0.0,0.0,0.0,138
2023-05-10 09:33:43,IO2403-P-3800,IO2403-P-3800,114.8,0.0,0.0,0.0,6,117.8,122.0,3,114.8,120.0,0.0,0.0,0.0,0.0,138
2023-05-10 09:33:43,IO2403-P-3800,IO2403-P-3800,114.8,0.0,0.0,0.0,6,117.8,122.2,31,114.8,120.0,0.0,0.0,0.0,0.0,138
2023-05-10 09:33:44,IO2403-P-3800,IO2403-P-3800,114.8,0.0,0.0,0.0,6,117.8,122.2,19,114.8,120.0,0.0,0.0,0.0,0.0,138
2023-05-10 09:33:44,IO2403-P-3800,IO2403-P-3800,114.8,0.0,0.0,0.0,6,117.8,122.2,16,114.8,120.0,0.0,0.0,0.0,0.0,138
2023-05-10 09:33:49,IO2403-P-3800,IO2403-P-3800,114.8,0.0,0.0,0.0,22,117.6,122.0,6,114.8,120.0,0.0,0.0,0.0,0.0,138
2023-05-10 09:33:49,IO2403-P-3800,IO2403-P-3800,114.8,0.0,0.0,0.0,16,117.6,122.0,6,114.8,120.0,0.0,0.0,0.0,0.0,138
2023-05-10 09:33:50,IO2403-P-3800,IO2403-P-3800,114.8,0.0,0.0,0.0,10,117.6,122.0,6,114.8,120.0,0.0,0.0,0.0,0.0,138
2023-05-10 09:34:03,IO2403-P-3800,IO2403-P-3800,114.8,0.0,0.0,0.0,1,118.2,122.2,15,114.8,120.0,0.0,0.0,0.0,0.0,138
2023-05-10 09:34:04,IO2403-P-3800,IO2403-P-3800,114.8,0.0,0.0,0.0,13,118.2,122.0,6,114.8,120.0,0.0,0.0,0.0,0.0,138
2023-05-10 09:34:04,IO2403-P-3800,IO2403-P-3800,114.8,0.0,0.0,0.0,19,118.2,122.0,6,114.8,120.0,0.0,0.0,0.0,0.0,138
2023-05-10 09:34:05,IO2403-P-3800,IO2403-P-3800,114.8,0.0,0.0,0.0,6,118.4,122.2,21,114.8,120.0,0.0,0.0,0.0,0.0,138
2023-05-10 09:34:05,IO2403-P-3800,IO2403-P-3800,114.8,0.0,0.0,0.0,3,118.6,122.2,21,114.8,120.0,0.0,0.0,0.0,0.0,138
2023-05-10 09:34:06,IO2403-P-3800,IO2403-P-3800,114.8,0.0,0.0,0.0,6,118.6,122.0,6,114.8,120.0,0.0,0.0,0.0,0.0,138
2023-05-10 09:34:06,IO2403-P-3800,IO2403-P-3800,114.8,0.0,0.0,0.0,12,118.6,122.0,6,114.8,120.0,0.0,0.0,0.0,0.0,138
2023-05-10 09:34:14,IO2403-P-3800,IO2403-P-3800,114.8,0.0,0.0,0.0,6,118.8,122.2,12,114.8,120.0,0.0,0.0,0.0,0.0,138
2023-05-10 09:34:14,IO2403-P-3800,IO2403-P-3800,114.8,0.0,0.0,0.0,12,118.8,122.2,6,114.8,120.0,0.0,0.0,0.0,0.0,138
2023-05-10 09:34:15,IO2403-P-3800,IO2403-P-3800,114.8,0.0,0.0,0.0,6,119.0,122.2,12,114.8,120.0,0.0,0.0,0.0,0.0,138
2023-05-10 09:34:15,IO2403-P-3800,IO2403-P-3800,114.8,0.0,0.0,0.0,6,119.0,122.2,6,114.8,120.0,0.0,0.0,0.0,0.0,138
2023-05-10 09:34:29,IO2403-P-3800,IO2403-P-3800,114.8,0.0,0.0,0.0,6,119.0,122.4,24,114.8,120.0,0.0,0.0,0.0,0.0,138
2023-05-10 09:34:29,IO2403-P-3800,IO2403-P-3800,114.8,0.0,0.0,0.0,6,119.0,122.4,6,114.8,120.0,0.0,0.0,0.0,0.0,138
2023-05-10 09:34:30,IO2403-P-3800,IO2403-P-3800,114.8,0.0,0.0,0.0,6,119.0,122.8,21,114.8,120.0,0.0,0.0,0.0,0.0,138
2023-05-10 09:34:30,IO2403-P-3800,IO2403-P-3800,114.8,0.0,0.0,0.0,12,119.0,122.8,18,114.8,120.0,0.0,0.0,0.0,0.0,138
2023-05-10 09:34:31,IO2403-P-3800,IO2403-P-3800,114.8,0.0,0.0,0.0,6,119.2,122.6,6,114.8,120.0,0.0,0.0,0.0,0.0,138
2023-05-10 09:34:33,IO2403-P-3800,IO2403-P-3800,114.8,0.0,0.0,0.0,9,119.2,122.6,6,114.8,120.0,0.0,0.0,0.0,0.0,138
2023-05-10 09:34:34,IO2403-P-3800,IO2403-P-3800,114.8,0.0,0.0,0.0,6,119.4,122.8,9,114.8,120.0,0.0,0.0,0.0,0.0,138
2023-05-10 09:34:34,IO2403-P-3800,IO2403-P-3800,114.8,0.0,0.0,0.0,6,119.2,123.0,30,114.8,120.0,0.0,0.0,0.0,0.0,138
2023-05-10 09:34:35,IO2403-P-3800,IO2403-P-3800,114.8,0.0,0.0,0.0,6,119.2,123.0,18,114.8,120.0,0.0,0.0,0.0,0.0,138
2023-05-10 09:34:35,IO2403-P-3800,IO2403-P-3800,114.8,0.0,0.0,0.0,6,119.2,123.0,15,114.8,120.0,0.0,0.0,0.0,0.0,138
2023-05-10 09:34:36,IO2403-P-3800,IO2403-P-3800,114.8,0.0,0.0,0.0,6,119.2,123.0,12,114.8,120.0,0.0,0.0,0.0,0.0,138
2023-05-10 09:34:37,IO2403-P-3800,IO2403-P-3800,114.8,0.0,0.0,0.0,6,119.2,123.0,6,114.8,120.0,0.0,0.0,0.0,0.0,138
2023-05-10 09:34:37,IO2403-P-3800,IO2403-P-3800,114.8,0.0,0.0,0.0,21,119.0,122.8,3,114.8,120.0,0.0,0.0,0.0,0.0,138
2023-05-10 09:34:38,IO2403-P-3800,IO2403-P-3800,114.8,0.0,0.0,0.0,6,119.2,123.0,6,114.8,120.0,0.0,0.0,0.0,0.0,138
2023-05-10 09:34:38,IO2403-P-3800,IO2403-P-3800,114.8,0.0,0.0,0.0,21,119.0,123.2,6,114.8,120.0,0.0,0.0,0.0,0.0,138
2023-05-10 09:34:39,IO2403-P-3800,IO2403-P-3800,114.8,0.0,0.0,0.0,21,119.0,122.8,3,114.8,120.0,0.0,0.0,0.0,0.0,138
2023-05-10 09:34:39,IO2403-P-3800,IO2403-P-3800,114.8,0.0,0.0,0.0,6,119.2,123.0,6,114.8,120.0,0.0,0.0,0.0,0.0,138
2023-05-10 09:34:40,IO2403-P-3800,IO2403-P-3800,114.8,0.0,0.0,0.0,21,119.0,123.2,6,114.8,120.0,0.0,0.0,0.0,0.0,138
2023-05-10 09:34:40,IO2403-P-3800,IO2403-P-3800,114.8,0.0,0.0,0.0,21,119.0,123.2,9,114.8,120.0,0.0,0.0,0.0,0.0,138
2023-05-10 09:34:41,IO2403-P-3800,IO2403-P-3800,114.8,0.0,0.0,0.0,6,119.2,123.0,6,114.8,120.0,0.0,0.0,0.0,0.0,138
2023-05-10 09:34:41,IO2403-P-3800,IO2403-P-3800,114.8,0.0,0.0,0.0,6,119.2,122.8,3,114.8,120.0,0.0,0.0,0.0,0.0,138
2023-05-10 09:34:42,IO2403-P-3800,IO2403-P-3800,114.8,0.0,0.0,0.0,6,119.2,123.0,6,114.8,120.0,0.0,0.0,0.0,0.0,138
2023-05-10 09:34:43,IO2403-P-3800,IO2403-P-3800,114.8,0.0,0.0,0.0,21,119.0,123.2,6,114.8,120.0,0.0,0.0,0.0,0.0,138
2023-05-10 09:34:43,IO2403-P-3800,IO2403-P-3800,114.8,0.0,0.0,0.0,21,119.0,123.2,9,114.8,120.0,0.0,0.0,0.0,0.0,138
2023-05-10 09:34:44,IO2403-P-3800,IO2403-P-3800,114.8,0.0,0.0,0.0,6,119.2,123.0,6,114.8,120.0,0.0,0.0,0.0,0.0,138
2023-05-10 09:34:45,IO2403-P-3800,IO2403-P-3800,114.8,0.0,0.0,0.0,6,119.2,123.2,3,114.8,120.0,0.0,0.0,0.0,0.0,138
2023-05-10 09:34:46,IO2403-P-3800,IO2403-P-3800,114.8,0.0,0.0,0.0,6,119.2,123.4,30,114.8,120.0,0.0,0.0,0.0,0.0,138
2023-05-10 09:34:47,IO2403-P-3800,IO2403-P-3800,114.8,0.0,0.0,0.0,12,119.2,123.4,24,114.8,120.0,0.0,0.0,0.0,0.0,138
2023-05-10 09:34:47,IO2403-P-3800,IO2403-P-3800,114.8,0.0,0.0,0.0,6,119.4,123.4,33,114.8,120.0,0.0,0.0,0.0,0.0,138
2023-05-10 09:34:48,IO2403-P-3800,IO2403-P-3800,114.8,0.0,0.0,0.0,9,119.4,123.4,33,114.8,120.0,0.0,0.0,0.0,0.0,138
2023-05-10 09:34:48,IO2403-P-3800,IO2403-P-3800,114.8,0.0,0.0,0.0,6,119.6,123.2,6,114.8,120.0,0.0,0.0,0.0,0.0,138
2023-05-10 09:34:49,IO2403-P-3800,IO2403-P-3800,114.8,0.0,0.0,0.0,6,119.6,123.0,3,114.8,120.0,0.0,0.0,0.0,0.0,138
2023-05-10 09:34:49,IO2403-P-3800,IO2403-P-3800,114.8,0.0,0.0,0.0,6,119.4,123.0,3,114.8,120.0,0.0,0.0,0.0,0.0,138
2023-05-10 09:34:50,IO2403-P-3800,IO2403-P-3800,114.8,0.0,0.0,0.0,6,119.4,123.4,30,114.8,120.0,0.0,0.0,0.0,0.0,138
2023-05-10 09:34:50,IO2403-P-3800,IO2403-P-3800,114.8,0.0,0.0,0.0,9,119.4,123.4,30,114.8,120.0,0.0,0.0,0.0,0.0,138
2023-05-10 09:34:51,IO2403-P-3800,IO2403-P-3800,114.8,0.0,0.0,0.0,6,119.6,123.2,6,114.8,120.0,0.0,0.0,0.0,0.0,138
2023-05-10 09:34:51,IO2403-P-3800,IO2403-P-3800,114.8,0.0,0.0,0.0,3,119.4,123.2,6,114.8,120.0,0.0,0.0,0.0,0.0,138
2023-05-10 09:34:52,IO2403-P-3800,IO2403-P-3800,114.8,0.0,0.0,0.0,6,119.2,123.2,6,114.8,120.0,0.0,0.0,0.0,0.0,138
2023-05-10 09:34:52,IO2403-P-3800,IO2403-P-3800,114.8,0.0,0.0,0.0,15,119.0,123.2,6,114.8,120.0,0.0,0.0,0.0,0.0,138
2023-05-10 09:34:53,IO2403-P-3800,IO2403-P-3800,114.8,0.0,0.0,0.0,9,119.0,123.2,6,114.8,120.0,0.0,0.0,0.0,0.0,138
2023-05-10 09:35:03,IO2403-P-3800,IO2403-P-3800,114.8,0.0,0.0,0.0,6,119.2,123.4,21,114.8,120.0,0.0,0.0,0.0,0.0,138
2023-05-10 09:35:04,IO2403-P-3800,IO2403-P-3800,114.8,0.0,0.0,0.0,6,119.4,123.4,15,114.8,120.0,0.0,0.0,0.0,0.0,138
2023-05-10 09:35:04,IO2403-P-3800,IO2403-P-3800,114.8,0.0,0.0,0.0,6,119.6,123.4,9,114.8,120.0,0.0,0.0,0.0,0.0,138
2023-05-10 09:35:05,IO2403-P-3800,IO2403-P-3800,114.8,0.0,0.0,0.0,6,119.6,123.4,3,114.8,120.0,0.0,0.0,0.0,0.0,138
2023-05-10 09:35:06,IO2403-P-3800,IO2403-P-3800,114.8,0.0,0.0,0.0,6,119.6,123.6,18,114.8,120.0,0.0,0.0,0.0,0.0,138
2023-05-10 09:35:06,IO2403-P-3800,IO2403-P-3800,114.8,0.0,0.0,0.0,6,119.6,123.6,12,114.8,120.0,0.0,0.0,0.0,0.0,138
2023-05-10 09:35:07,IO2403-P-3800,IO2403-P-3800,114.8,0.0,0.0,0.0,6,119.6,123.6,9,114.8,120.0,0.0,0.0,0.0,0.0,138
2023-05-10 09:35:09,IO2403-P-3800,IO2403-P-3800,114.8,0.0,0.0,0.0,6,119.6,123.6,6,114.8,120.0,0.0,0.0,0.0,0.0,138
2023-05-10 09:35:10,IO2403-P-3800,IO2403-P-3800,114.8,0.0,0.0,0.0,27,119.4,123.6,6,114.8,120.0,0.0,0.0,0.0,0.0,138
2023-05-10 09:35:17,IO2403-P-3800,IO2403-P-3800,114.8,0.0,0.0,0.0,6,119.6,123.8,39,114.8,120.0,0.0,0.0,0.0,0.0,138
2023-05-10 09:35:17,IO2403-P-3800,IO2403-P-3800,114.8,0.0,0.0,0.0,6,119.6,123.6,6,114.8,120.0,0.0,0.0,0.0,0.0,138
2023-05-10 09:35:18,IO2403-P-3800,IO2403-P-3800,114.8,0.0,0.0,0.0,1,119.6,123.6,6,114.8,120.0,0.0,0.0,0.0,0.0,138
2023-05-10 09:35:19,IO2403-P-3800,IO2403-P-3800,114.8,0.0,0.0,0.0,1,119.6,123.8,6,114.8,120.0,0.0,0.0,0.0,0.0,138
2023-05-10 09:35:19,IO2403-P-3800,IO2403-P-3800,114.8,0.0,0.0,0.0,7,119.6,123.8,6,114.8,120.0,0.0,0.0,0.0,0.0,138
2023-05-10 09:35:31,IO2403-P-3800,IO2403-P-3800,114.8,0.0,0.0,0.0,6,119.8,124.0,30,114.8,120.0,0.0,0.0,0.0,0.0,138
2023-05-10 09:35:32,IO2403-P-3800,IO2403-P-3800,114.8,0.0,0.0,0.0,15,119.8,124.0,24,114.8,120.0,0.0,0.0,0.0,0.0,138
2023-05-10 09:35:32,IO2403-P-3800,IO2403-P-3800,114.8,0.0,0.0,0.0,6,120.0,123.8,6,114.8,120.0,0.0,0.0,0.0,0.0,138
2023-05-10 09:35:49,IO2403-P-3800,IO2403-P-3800,114.8,0.0,0.0,0.0,9,120.0,123.8,6,114.8,120.0,0.0,0.0,0.0,0.0,138
2023-05-10 09:35:57,IO2403-P-3800,IO2403-P-3800,114.8,0.0,0.0,0.0,6,119.8,123.8,6,114.8,120.0,0.0,0.0,0.0,0.0,138
2023-05-10 09:35:57,IO2403-P-3800,IO2403-P-3800,114.8,0.0,0.0,0.0,25,119.6,123.8,6,114.8,120.0,0.0,0.0,0.0,0.0,138
2023-05-10 09:35:58,IO2403-P-3800,IO2403-P-3800,114.8,0.0,0.0,0.0,16,119.6,123.8,6,114.8,120.0,0.0,0.0,0.0,0.0,138
2023-05-10 09:35:59,IO2403-P-3800,IO2403-P-3800,114.8,0.0,0.0,0.0,15,119.6,123.8,6,114.8,120.0,0.0,0.0,0.0,0.0,138
2023-05-10 09:36:00,IO2403-P-3800,IO2403-P-3800,114.8,0.0,0.0,0.0,9,119.6,123.8,6,114.8,120.0,0.0,0.0,0.0,0.0,138
2023-05-10 09:36:00,IO2403-P-3800,IO2403-P-3800,114.8,0.0,0.0,0.0,9,119.6,123.8,9,114.8,120.0,0.0,0.0,0.0,0.0,138
2023-05-10 09:36:01,IO2403-P-3800,IO2403-P-3800,114.8,0.0,0.0,0.0,9,119.6,123.6,6,114.8,120.0,0.0,0.0,0.0,0.0,138
2023-05-10 09:36:13,IO2403-P-3800,IO2403-P-3800,114.8,0.0,0.0,0.0,6,119.6,123.6,6,114.8,120.0,0.0,0.0,0.0,0.0,138
2023-05-10 09:36:14,IO2403-P-3800,IO2403-P-3800,114.8,0.0,0.0,0.0,24,119.4,123.6,6,114.8,120.0,0.0,0.0,0.0,0.0,138
2023-05-10 09:36:17,IO2403-P-3800,IO2403-P-3800,114.8,0.0,0.0,0.0,24,119.4,123.6,7,114.8,120.0,0.0,0.0,0.0,0.0,138
2023-05-10 09:36:17,IO2403-P-3800,IO2403-P-3800,114.8,0.0,0.0,0.0,24,119.4,123.4,6,114.8,120.0,0.0,0.0,0.0,0.0,138
2023-05-10 09:36:18,IO2403-P-3800,IO2403-P-3800,114.8,0.0,0.0,0.0,24,119.4,123.4,9,114.8,120.0,0.0,0.0,0.0,0.0,138
2023-05-10 09:36:18,IO2403-P-3800,IO2403-P-3800,114.8,0.0,0.0,0.0,18,119.4,123.2,6,114.8,120.0,0.0,0.0,0.0,0.0,138
2023-05-10 09:36:19,IO2403-P-3800,IO2403-P-3800,114.8,0.0,0.0,0.0,12,119.4,123.2,12,114.8,120.0,0.0,0.0,0.0,0.0,138
2023-05-10 09:36:19,IO2403-P-3800,IO2403-P-3800,114.8,0.0,0.0,0.0,6,119.4,123.0,6,114.8,120.0,0.0,0.0,0.0,0.0,138
2023-05-10 09:36:20,IO2403-P-3800,IO2403-P-3800,114.8,0.0,0.0,0.0,6,119.2,123.0,9,114.8,120.0,0.0,0.0,0.0,0.0,138
2023-05-10 09:36:20,IO2403-P-3800,IO2403-P-3800,114.8,0.0,0.0,0.0,39,119.0,122.8,6,114.8,120.0,0.0,0.0,0.0,0.0,138
2023-05-10 09:36:21,IO2403-P-3800,IO2403-P-3800,114.8,0.0,0.0,0.0,27,119.0,122.8,6,114.8,120.0,0.0,0.0,0.0,0.0,138
2023-05-10 09:36:21,IO2403-P-3800,IO2403-P-3800,114.8,0.0,0.0,0.0,24,119.0,122.6,3,114.8,120.0,0.0,0.0,0.0,0.0,138
2023-05-10 09:36:22,IO2403-P-3800,IO2403-P-3800,114.8,0.0,0.0,0.0,24,119.0,122.4,6,114.8,120.0,0.0,0.0,0.0,0.0,138
2023-05-10 09:36:22,IO2403-P-3800,IO2403-P-3800,114.8,0.0,0.0,0.0,24,119.0,123.0,6,114.8,120.0,0.0,0.0,0.0,0.0,138
2023-05-10 09:36:23,IO2403-P-3800,IO2403-P-3800,114.8,0.0,0.0,0.0,24,119.0,123.0,9,114.8,120.0,0.0,0.0,0.0,0.0,138
2023-05-10 09:36:23,IO2403-P-3800,IO2403-P-3800,114.8,0.0,0.0,0.0,24,119.0,122.8,6,114.8,120.0,0.0,0.0,0.0,0.0,138
2023-05-10 09:36:25,IO2403-P-3800,IO2403-P-3800,114.8,0.0,0.0,0.0,24,119.0,122.6,3,114.8,120.0,0.0,0.0,0.0,0.0,138
2023-05-10 09:36:26,IO2403-P-3800,IO2403-P-3800,114.8,0.0,0.0,0.0,24,119.0,122.4,6,114.8,120.0,0.0,0.0,0.0,0.0,138
2023-05-10 09:36:26,IO2403-P-3800,IO2403-P-3800,114.8,0.0,0.0,0.0,24,119.0,123.0,6,114.8,120.0,0.0,0.0,0.0,0.0,138
2023-05-10 09:36:27,IO2403-P-3800,IO2403-P-3800,114.8,0.0,0.0,0.0,24,119.0,123.0,9,114.8,120.0,0.0,0.0,0.0,0.0,138
2023-05-10 09:36:27,IO2403-P-3800,IO2403-P-3800,114.8,0.0,0.0,0.0,24,119.0,122.8,6,114.8,120.0,0.0,0.0,0.0,0.0,138
2023-05-10 09:36:28,IO2403-P-3800,IO2403-P-3800,114.8,0.0,0.0,0.0,24,119.0,122.6,3,114.8,120.0,0.0,0.0,0.0,0.0,138
2023-05-10 09:36:28,IO2403-P-3800,IO2403-P-3800,114.8,0.0,0.0,0.0,24,119.0,122.4,6,114.8,120.0,0.0,0.0,0.0,0.0,138
2023-05-10 09:36:29,IO2403-P-3800,IO2403-P-3800,114.8,0.0,0.0,0.0,24,119.0,123.0,6,114.8,120.0,0.0,0.0,0.0,0.0,138
2023-05-10 09:36:29,IO2403-P-3800,IO2403-P-3800,114.8,0.0,0.0,0.0,24,119.0,123.0,9,114.8,120.0,0.0,0.0,0.0,0.0,138
2023-05-10 09:36:30,IO2403-P-3800,IO2403-P-3800,114.8,0.0,0.0,0.0,24,119.0,122.8,6,114.8,120.0,0.0,0.0,0.0,0.0,138
2023-05-10 09:36:31,IO2403-P-3800,IO2403-P-3800,114.8,0.0,0.0,0.0,3,119.2,122.8,6,114.8,120.0,0.0,0.0,0.0,0.0,138
2023-05-10 09:36:32,IO2403-P-3800,IO2403-P-3800,114.8,0.0,0.0,0.0,24,119.0,122.8,6,114.8,120.0,0.0,0.0,0.0,0.0,138
2023-05-10 09:36:33,IO2403-P-3800,IO2403-P-3800,114.8,0.0,0.0,0.0,27,119.0,122.8,6,114.8,120.0,0.0,0.0,0.0,0.0,138
2023-05-10 09:36:34,IO2403-P-3800,IO2403-P-3800,114.8,0.0,0.0,0.0,27,119.0,123.0,6,114.8,120.0,0.0,0.0,0.0,0.0,138
2023-05-10 09:36:35,IO2403-P-3800,IO2403-P-3800,114.8,0.0,0.0,0.0,27,119.0,123.0,9,114.8,120.0,0.0,0.0,0.0,0.0,138
2023-05-10 09:36:35,IO2403-P-3800,IO2403-P-3800,114.8,0.0,0.0,0.0,27,119.0,122.8,6,114.8,120.0,0.0,0.0,0.0,0.0,138
2023-05-10 09:36:37,IO2403-P-3800,IO2403-P-3800,114.8,0.0,0.0,0.0,24,119.0,122.8,6,114.8,120.0,0.0,0.0,0.0,0.0,138
2023-05-10 09:36:38,IO2403-P-3800,IO2403-P-3800,114.8,0.0,0.0,0.0,3,119.2,122.8,6,114.8,120.0,0.0,0.0,0.0,0.0,138
2023-05-10 09:36:38,IO2403-P-3800,IO2403-P-3800,114.8,0.0,0.0,0.0,18,119.0,122.8,6,114.8,120.0,0.0,0.0,0.0,0.0,138
2023-05-10 09:36:39,IO2403-P-3800,IO2403-P-3800,114.8,0.0,0.0,0.0,12,119.0,122.8,6,114.8,120.0,0.0,0.0,0.0,0.0,138
2023-05-10 09:36:39,IO2403-P-3800,IO2403-P-3800,114.8,0.0,0.0,0.0,9,119.0,122.8,6,114.8,120.0,0.0,0.0,0.0,0.0,138
2023-05-10 09:36:42,IO2403-P-3800,IO2403-P-3800,114.8,0.0,0.0,0.0,6,119.0,122.8,6,114.8,120.0,0.0,0.0,0.0,0.0,138
2023-05-10 09:36:42,IO2403-P-3800,IO2403-P-3800,114.8,0.0,0.0,0.0,30,118.8,122.8,6,114.8,120.0,0.0,0.0,0.0,0.0,138
2023-05-10 09:36:43,IO2403-P-3800,IO2403-P-3800,114.8,0.0,0.0,0.0,21,118.8,122.8,6,114.8,120.0,0.0,0.0,0.0,0.0,138
2023-05-10 09:36:49,IO2403-P-3800,IO2403-P-3800,114.8,0.0,0.0,0.0,6,119.0,123.0,21,114.8,120.0,0.0,0.0,0.0,0.0,138
2023-05-10 09:36:56,IO2403-P-3800,IO2403-P-3800,114.8,0.0,0.0,0.0,6,119.0,123.0,15,114.8,120.0,0.0,0.0,0.0,0.0,138
2023-05-10 09:36:57,IO2403-P-3800,IO2403-P-3800,114.8,0.0,0.0,0.0,6,119.0,123.0,12,114.8,120.0,0.0,0.0,0.0,0.0,138
2023-05-10 09:36:59,IO2403-P-3800,IO2403-P-3800,114.8,0.0,0.0,0.0,6,119.0,123.0,6,114.8,120.0,0.0,0.0,0.0,0.0,138
2023-05-10 09:37:00,IO2403-P-3800,IO2403-P-3800,114.8,0.0,0.0,0.0,1,119.4,123.0,6,114.8,120.0,0.0,0.0,0.0,0.0,138
2023-05-10 09:37:00,IO2403-P-3800,IO2403-P-3800,114.8,0.0,0.0,0.0,6,119.6,123.0,12,114.8,120.0,0.0,0.0,0.0,0.0,138
2023-05-10 09:37:01,IO2403-P-3800,IO2403-P-3800,114.8,0.0,0.0,0.0,9,119.6,123.2,6,114.8,120.0,0.0,0.0,0.0,0.0,138
2023-05-10 09:37:01,IO2403-P-3800,IO2403-P-3800,114.8,0.0,0.0,0.0,6,119.8,123.4,33,114.8,120.0,0.0,0.0,0.0,0.0,138
2023-05-10 09:37:02,IO2403-P-3800,IO2403-P-3800,114.8,0.0,0.0,0.0,12,119.8,123.4,12,114.8,120.0,0.0,0.0,0.0,0.0,138
2023-05-10 09:37:02,IO2403-P-3800,IO2403-P-3800,114.8,0.0,0.0,0.0,9,120.0,123.2,6,114.8,120.0,0.0,0.0,0.0,0.0,138
2023-05-10 09:37:03,IO2403-P-3800,IO2403-P-3800,114.8,0.0,0.0,0.0,12,119.8,123.4,6,114.8,120.0,0.0,0.0,0.0,0.0,138
2023-05-10 09:37:03,IO2403-P-3800,IO2403-P-3800,114.8,0.0,0.0,0.0,6,119.8,123.6,6,114.8,120.0,0.0,0.0,0.0,0.0,138
2023-05-10 09:37:04,IO2403-P-3800,IO2403-P-3800,114.8,0.0,0.0,0.0,3,120.0,123.6,6,114.8,120.0,0.0,0.0,0.0,0.0,138
2023-05-10 09:37:05,IO2403-P-3800,IO2403-P-3800,114.8,0.0,0.0,0.0,12,119.6,123.6,6,114.8,120.0,0.0,0.0,0.0,0.0,138
2023-05-10 09:37:06,IO2403-P-3800,IO2403-P-3800,114.8,0.0,0.0,0.0,15,119.6,123.6,6,114.8,120.0,0.0,0.0,0.0,0.0,138
2023-05-10 09:37:07,IO2403-P-3800,IO2403-P-3800,114.8,0.0,0.0,0.0,1,119.8,123.6,6,114.8,120.0,0.0,0.0,0.0,0.0,138
2023-05-10 09:37:11,IO2403-P-3800,IO2403-P-3800,114.8,0.0,0.0,0.0,6,120.0,123.8,33,114.8,120.0,0.0,0.0,0.0,0.0,138
2023-05-10 09:37:12,IO2403-P-3800,IO2403-P-3800,114.8,0.0,0.0,0.0,6,120.0,123.8,21,114.8,120.0,0.0,0.0,0.0,0.0,138
2023-05-10 09:37:12,IO2403-P-3800,IO2403-P-3800,114.8,0.0,0.0,0.0,6,119.8,123.6,6,114.8,120.0,0.0,0.0,0.0,0.0,138
2023-05-10 09:37:13,IO2403-P-3800,IO2403-P-3800,114.8,0.0,0.0,0.0,6,119.8,123.6,9,114.8,120.0,0.0,0.0,0.0,0.0,138
2023-05-10 09:37:14,IO2403-P-3800,IO2403-P-3800,114.8,0.0,0.0,0.0,6,119.8,123.6,6,114.8,120.0,0.0,0.0,0.0,0.0,138
2023-05-10 09:37:18,IO2403-P-3800,IO2403-P-3800,114.8,0.0,0.0,0.0,4,120.0,123.6,6,114.8,120.0,0.0,0.0,0.0,0.0,138
2023-05-10 09:37:20,IO2403-P-3800,IO2403-P-3800,114.8,0.0,0.0,0.0,1,120.0,123.6,6,114.8,120.0,0.0,0.0,0.0,0.0,138
2023-05-10 09:37:21,IO2403-P-3800,IO2403-P-3800,114.8,0.0,0.0,0.0,1,120.0,123.4,3,114.8,120.0,0.0,0.0,0.0,0.0,138
2023-05-10 09:37:22,IO2403-P-3800,IO2403-P-3800,114.8,0.0,0.0,0.0,1,120.0,123.2,6,114.8,120.0,0.0,0.0,0.0,0.0,138
2023-05-10 09:37:22,IO2403-P-3800,IO2403-P-3800,114.8,0.0,0.0,0.0,1,120.0,123.6,6,114.8,120.0,0.0,0.0,0.0,0.0,138
2023-05-10 09:37:42,IO2403-P-3800,IO2403-P-3800,114.8,0.0,0.0,0.0,6,120.2,123.8,15,114.8,120.0,0.0,0.0,0.0,0.0,138
2023-05-10 09:37:42,IO2403-P-3800,IO2403-P-3800,114.8,0.0,0.0,0.0,3,120.4,123.8,6,114.8,120.0,0.0,0.0,0.0,0.0,138
2023-05-10 09:37:43,IO2403-P-3800,IO2403-P-3800,114.8,0.0,0.0,0.0,6,120.6,123.6,6,114.8,120.0,0.0,0.0,0.0,0.0,138
2023-05-10 09:37:43,IO2403-P-3800,IO2403-P-3800,114.8,0.0,0.0,0.0,9,120.4,123.8,6,114.8,120.0,0.0,0.0,0.0,0.0,138
2023-05-10 09:37:48,IO2403-P-3800,IO2403-P-3800,114.8,0.0,0.0,0.0,3,120.4,124.0,6,114.8,120.0,0.0,0.0,0.0,0.0,138
2023-05-10 09:37:50,IO2403-P-3800,IO2403-P-3800,114.8,0.0,0.0,0.0,36,120.2,124.0,6,114.8,120.0,0.0,0.0,0.0,0.0,138
2023-05-10 09:37:51,IO2403-P-3800,IO2403-P-3800,114.8,0.0,0.0,0.0,24,120.2,124.0,6,114.8,120.0,0.0,0.0,0.0,0.0,138
2023-05-10 09:37:51,IO2403-P-3800,IO2403-P-3800,114.8,0.0,0.0,0.0,27,120.2,124.0,6,114.8,120.0,0.0,0.0,0.0,0.0,138
2023-05-10 09:37:52,IO2403-P-3800,IO2403-P-3800,114.8,0.0,0.0,0.0,6,120.4,124.2,18,114.8,120.0,0.0,0.0,0.0,0.0,138
2023-05-10 09:37:52,IO2403-P-3800,IO2403-P-3800,114.8,0.0,0.0,0.0,12,120.4,124.2,6,114.8,120.0,0.0,0.0,0.0,0.0,138
2023-05-10 09:37:53,IO2403-P-3800,IO2403-P-3800,114.8,0.0,0.0,0.0,6,120.6,124.2,6,114.8,120.0,0.0,0.0,0.0,0.0,138
2023-05-10 09:37:53,IO2403-P-3800,IO2403-P-3800,114.8,0.0,0.0,0.0,9,120.6,124.2,6,114.8,120.0,0.0,0.0,0.0,0.0,138
2023-05-10 09:37:57,IO2403-P-3800,IO2403-P-3800,114.8,0.0,0.0,0.0,3,120.6,124.2,6,114.8,120.0,0.0,0.0,0.0,0.0,138
2023-05-10 09:37:58,IO2403-P-3800,IO2403-P-3800,114.8,0.0,0.0,0.0,6,120.4,124.2,6,114.8,120.0,0.0,0.0,0.0,0.0,138
2023-05-10 09:37:58,IO2403-P-3800,IO2403-P-3800,114.8,0.0,0.0,0.0,12,120.2,124.2,6,114.8,120.0,0.0,0.0,0.0,0.0,138
2023-05-10 09:37:59,IO2403-P-3800,IO2403-P-3800,114.8,0.0,0.0,0.0,3,120.4,124.2,6,114.8,120.0,0.0,0.0,0.0,0.0,138
2023-05-10 09:37:59,IO2403-P-3800,IO2403-P-3800,114.8,0.0,0.0,0.0,6,120.2,124.2,6,114.8,120.0,0.0,0.0,0.0,0.0,138
2023-05-10 09:38:00,IO2403-P-3800,IO2403-P-3800,114.8,0.0,0.0,0.0,25,120.0,124.2,6,114.8,120.0,0.0,0.0,0.0,0.0,138
2023-05-10 09:38:00,IO2403-P-3800,IO2403-P-3800,114.8,0.0,0.0,0.0,28,120.0,124.2,6,114.8,120.0,0.0,0.0,0.0,0.0,138
2023-05-10 09:38:06,IO2403-P-3800,IO2403-P-3800,114.8,0.0,0.0,0.0,22,120.0,124.2,6,114.8,120.0,0.0,0.0,0.0,0.0,138
2023-05-10 09:38:08,IO2403-P-3800,IO2403-P-3800,114.8,0.0,0.0,0.0,22,120.0,124.2,12,114.8,120.0,0.0,0.0,0.0,0.0,138
2023-05-10 09:38:09,IO2403-P-3800,IO2403-P-3800,114.8,0.0,0.0,0.0,22,120.0,124.0,6,114.8,120.0,0.0,0.0,0.0,0.0,138
2023-05-10 09:38:09,IO2403-P-3800,IO2403-P-3800,114.8,0.0,0.0,0.0,22,120.0,124.0,9,114.8,120.0,0.0,0.0,0.0,0.0,138
2023-05-10 09:38:10,IO2403-P-3800,IO2403-P-3800,114.8,0.0,0.0,0.0,22,120.0,123.8,6,114.8,120.0,0.0,0.0,0.0,0.0,138
2023-05-10 09:38:12,IO2403-P-3800,IO2403-P-3800,114.8,0.0,0.0,0.0,18,120.0,123.8,6,114.8,120.0,0.0,0.0,0.0,0.0,138
2023-05-10 09:38:13,IO2403-P-3800,IO2403-P-3800,114.8,0.0,0.0,0.0,12,120.0,123.8,6,114.8,120.0,0.0,0.0,0.0,0.0,138
2023-05-10 09:38:13,IO2403-P-3800,IO2403-P-3800,114.8,0.0,0.0,0.0,9,120.0,123.8,6,114.8,120.0,0.0,0.0,0.0,0.0,138
2023-05-10 09:38:14,IO2403-P-3800,IO2403-P-3800,114.8,0.0,0.0,0.0,6,120.0,123.8,6,114.8,120.0,0.0,0.0,0.0,0.0,138
2023-05-10 09:38:14,IO2403-P-3800,IO2403-P-3800,114.8,0.0,0.0,0.0,30,119.8,123.8,6,114.8,120.0,0.0,0.0,0.0,0.0,138
2023-05-10 09:38:15,IO2403-P-3800,IO2403-P-3800,114.8,0.0,0.0,0.0,21,119.8,123.8,6,114.8,120.0,0.0,0.0,0.0,0.0,138
2023-05-10 09:38:23,IO2403-P-3800,IO2403-P-3800,114.8,0.0,0.0,0.0,21,119.8,124.0,6,114.8,120.0,0.0,0.0,0.0,0.0,138
2023-05-10 09:38:56,IO2403-P-3800,IO2403-P-3800,114.8,0.0,0.0,0.0,21,119.8,124.0,9,114.8,120.0,0.0,0.0,0.0,0.0,138
2023-05-10 09:38:56,IO2403-P-3800,IO2403-P-3800,114.8,0.0,0.0,0.0,21,119.8,123.8,6,114.8,120.0,0.0,0.0,0.0,0.0,138
2023-05-10 09:39:02,IO2403-P-3800,IO2403-P-3800,114.8,0.0,0.0,0.0,21,119.8,124.0,6,114.8,120.0,0.0,0.0,0.0,0.0,138
2023-05-10 09:39:05,IO2403-P-3800,IO2403-P-3800,114.8,0.0,0.0,0.0,21,119.8,124.0,9,114.8,120.0,0.0,0.0,0.0,0.0,138
2023-05-10 09:39:05,IO2403-P-3800,IO2403-P-3800,114.8,0.0,0.0,0.0,21,119.8,123.8,6,114.8,120.0,0.0,0.0,0.0,0.0,138
2023-05-10 09:39:08,IO2403-P-3800,IO2403-P-3800,114.8,0.0,0.0,0.0,21,119.8,123.8,7,114.8,120.0,0.0,0.0,0.0,0.0,138
2023-05-10 09:39:08,IO2403-P-3800,IO2403-P-3800,114.8,0.0,0.0,0.0,21,119.8,123.6,6,114.8,120.0,0.0,0.0,0.0,0.0,138
2023-05-10 09:39:09,IO2403-P-3800,IO2403-P-3800,114.8,0.0,0.0,0.0,18,119.8,123.6,6,114.8,120.0,0.0,0.0,0.0,0.0,138
2023-05-10 09:39:09,IO2403-P-3800,IO2403-P-3800,114.8,0.0,0.0,0.0,12,119.8,123.6,15,114.8,120.0,0.0,0.0,0.0,0.0,138
2023-05-10 09:39:10,IO2403-P-3800,IO2403-P-3800,114.8,0.0,0.0,0.0,6,119.8,123.4,6,114.8,120.0,0.0,0.0,0.0,0.0,138
2023-05-10 09:39:10,IO2403-P-3800,IO2403-P-3800,114.8,0.0,0.0,0.0,9,119.6,123.4,6,114.8,120.0,0.0,0.0,0.0,0.0,138
2023-05-10 09:39:11,IO2403-P-3800,IO2403-P-3800,114.8,0.0,0.0,0.0,6,119.6,123.4,6,114.8,120.0,0.0,0.0,0.0,0.0,138
2023-05-10 09:39:11,IO2403-P-3800,IO2403-P-3800,114.8,0.0,0.0,0.0,30,119.4,123.4,6,114.8,120.0,0.0,0.0,0.0,0.0,138
2023-05-10 09:39:12,IO2403-P-3800,IO2403-P-3800,114.8,0.0,0.0,0.0,21,119.4,123.4,6,114.8,120.0,0.0,0.0,0.0,0.0,138
2023-05-10 09:39:55,IO2403-P-3800,IO2403-P-3800,114.8,0.0,0.0,0.0,21,119.4,123.0,1,114.8,120.0,0.0,0.0,0.0,0.0,138
2023-05-10 09:39:56,IO2403-P-3800,IO2403-P-3800,114.8,0.0,0.0,0.0,21,119.4,122.8,6,114.8,120.0,0.0,0.0,0.0,0.0,138
2023-05-10 09:39:56,IO2403-P-3800,IO2403-P-3800,114.8,0.0,0.0,0.0,18,119.4,122.8,6,114.8,120.0,0.0,0.0,0.0,0.0,138
2023-05-10 09:39:57,IO2403-P-3800,IO2403-P-3800,114.8,0.0,0.0,0.0,12,119.4,122.8,6,114.8,120.0,0.0,0.0,0.0,0.0,138
2023-05-10 09:39:57,IO2403-P-3800,IO2403-P-3800,114.8,0.0,0.0,0.0,9,119.4,122.8,6,114.8,120.0,0.0,0.0,0.0,0.0,138
2023-05-10 09:39:59,IO2403-P-3800,IO2403-P-3800,114.8,0.0,0.0,0.0,6,119.4,122.8,6,114.8,120.0,0.0,0.0,0.0,0.0,138
2023-05-10 09:39:59,IO2403-P-3800,IO2403-P-3800,114.8,0.0,0.0,0.0,24,118.8,122.8,6,114.8,120.0,0.0,0.0,0.0,0.0,138
2023-05-10 09:40:00,IO2403-P-3800,IO2403-P-3800,114.8,0.0,0.0,0.0,27,118.8,122.8,9,114.8,120.0,0.0,0.0,0.0,0.0,138
2023-05-10 09:40:00,IO2403-P-3800,IO2403-P-3800,114.8,0.0,0.0,0.0,27,118.8,122.6,6,114.8,120.0,0.0,0.0,0.0,0.0,138
2023-05-10 09:40:05,IO2403-P-3800,IO2403-P-3800,114.8,0.0,0.0,0.0,27,118.8,122.8,6,114.8,120.0,0.0,0.0,0.0,0.0,138
2023-05-10 09:40:05,IO2403-P-3800,IO2403-P-3800,114.8,0.0,0.0,0.0,33,118.8,123.0,6,114.8,120.0,0.0,0.0,0.0,0.0,138
2023-05-10 09:40:10,IO2403-P-3800,IO2403-P-3800,114.8,0.0,0.0,0.0,27,118.8,123.0,6,114.8,120.0,0.0,0.0,0.0,0.0,138
2023-05-10 09:40:18,IO2403-P-3800,IO2403-P-3800,114.8,0.0,0.0,0.0,1,119.2,123.0,6,114.8,120.0,0.0,0.0,0.0,0.0,138
2023-05-10 09:40:26,IO2403-P-3800,IO2403-P-3800,114.8,0.0,0.0,0.0,1,119.2,123.2,6,114.8,120.0,0.0,0.0,0.0,0.0,138
2023-05-10 09:40:26,IO2403-P-3800,IO2403-P-3800,114.8,0.0,0.0,0.0,1,119.2,123.2,3,114.8,120.0,0.0,0.0,0.0,0.0,138
2023-05-10 09:40:27,IO2403-P-3800,IO2403-P-3800,114.8,0.0,0.0,0.0,13,119.2,123.0,6,114.8,120.0,0.0,0.0,0.0,0.0,138
2023-05-10 09:40:27,IO2403-P-3800,IO2403-P-3800,114.8,0.0,0.0,0.0,10,119.2,123.4,6,114.8,120.0,0.0,0.0,0.0,0.0,138
2023-05-10 09:40:28,IO2403-P-3800,IO2403-P-3800,114.8,0.0,0.0,0.0,10,119.2,123.4,9,114.8,120.0,0.0,0.0,0.0,0.0,138
2023-05-10 09:40:28,IO2403-P-3800,IO2403-P-3800,114.8,0.0,0.0,0.0,10,119.2,123.2,6,114.8,120.0,0.0,0.0,0.0,0.0,138
2023-05-10 09:40:29,IO2403-P-3800,IO2403-P-3800,114.8,0.0,0.0,0.0,10,119.2,123.4,6,114.8,120.0,0.0,0.0,0.0,0.0,138
2023-05-10 09:40:32,IO2403-P-3800,IO2403-P-3800,114.8,0.0,0.0,0.0,1,120.6,123.4,6,114.8,120.0,0.0,0.0,0.0,0.0,138
2023-05-10 09:40:32,IO2403-P-3800,IO2403-P-3800,114.8,0.0,0.0,0.0,7,120.6,123.4,6,114.8,120.0,0.0,0.0,0.0,0.0,138
2023-05-10 09:40:34,IO2403-P-3800,IO2403-P-3800,114.8,0.0,0.0,0.0,7,120.6,123.6,6,114.8,120.0,0.0,0.0,0.0,0.0,138
2023-05-10 09:40:39,IO2403-P-3800,IO2403-P-3800,114.8,0.0,0.0,0.0,6,120.6,123.6,6,114.8,120.0,0.0,0.0,0.0,0.0,138
2023-05-10 09:40:40,IO2403-P-3800,IO2403-P-3800,114.8,0.0,0.0,0.0,9,120.2,123.6,6,114.8,120.0,0.0,0.0,0.0,0.0,138
2023-05-10 09:40:40,IO2403-P-3800,IO2403-P-3800,114.8,0.0,0.0,0.0,6,120.2,123.6,6,114.8,120.0,0.0,0.0,0.0,0.0,138
2023-05-10 09:40:41,IO2403-P-3800,IO2403-P-3800,114.8,0.0,0.0,0.0,24,120.0,123.6,6,114.8,120.0,0.0,0.0,0.0,0.0,138
2023-05-10 09:40:41,IO2403-P-3800,IO2403-P-3800,114.8,0.0,0.0,0.0,12,120.0,123.4,3,114.8,120.0,0.0,0.0,0.0,0.0,138
2023-05-10 09:40:42,IO2403-P-3800,IO2403-P-3800,114.8,0.0,0.0,0.0,6,120.0,123.2,6,114.8,120.0,0.0,0.0,0.0,0.0,138
2023-05-10 09:40:42,IO2403-P-3800,IO2403-P-3800,114.8,0.0,0.0,0.0,9,119.8,123.6,6,114.8,120.0,0.0,0.0,0.0,0.0,138
2023-05-10 09:40:44,IO2403-P-3800,IO2403-P-3800,114.8,0.0,0.0,0.0,6,119.8,123.6,6,114.8,120.0,0.0,0.0,0.0,0.0,138
2023-05-10 09:40:44,IO2403-P-3800,IO2403-P-3800,114.8,0.0,0.0,0.0,12,119.6,123.6,6,114.8,120.0,0.0,0.0,0.0,0.0,138
2023-05-10 09:40:45,IO2403-P-3800,IO2403-P-3800,114.8,0.0,0.0,0.0,15,119.6,123.6,6,114.8,120.0,0.0,0.0,0.0,0.0,138
2023-05-10 09:40:49,IO2403-P-3800,IO2403-P-3800,114.8,0.0,0.0,0.0,1,120.2,123.6,6,114.8,120.0,0.0,0.0,0.0,0.0,138
2023-05-10 09:40:50,IO2403-P-3800,IO2403-P-3800,114.8,0.0,0.0,0.0,7,120.2,123.6,6,114.8,120.0,0.0,0.0,0.0,0.0,138
2023-05-10 09:40:57,IO2403-P-3800,IO2403-P-3800,114.8,0.0,0.0,0.0,6,120.2,123.6,6,114.8,120.0,0.0,0.0,0.0,0.0,138
2023-05-10 09:40:57,IO2403-P-3800,IO2403-P-3800,114.8,0.0,0.0,0.0,9,120.0,123.6,6,114.8,120.0,0.0,0.0,0.0,0.0,138
2023-05-10 09:40:58,IO2403-P-3800,IO2403-P-3800,114.8,0.0,0.0,0.0,6,120.0,123.6,6,114.8,120.0,0.0,0.0,0.0,0.0,138
2023-05-10 09:40:58,IO2403-P-3800,IO2403-P-3800,114.8,0.0,0.0,0.0,6,119.6,123.6,6,114.8,120.0,0.0,0.0,0.0,0.0,138
2023-05-10 09:40:59,IO2403-P-3800,IO2403-P-3800,114.8,0.0,0.0,0.0,3,119.6,123.6,6,114.8,120.0,0.0,0.0,0.0,0.0,138
2023-05-10 09:40:59,IO2403-P-3800,IO2403-P-3800,114.8,0.0,0.0,0.0,30,119.4,123.6,6,114.8,120.0,0.0,0.0,0.0,0.0,138
2023-05-10 09:41:00,IO2403-P-3800,IO2403-P-3800,114.8,0.0,0.0,0.0,18,119.4,123.6,6,114.8,120.0,0.0,0.0,0.0,0.0,138
2023-05-10 09:41:00,IO2403-P-3800,IO2403-P-3800,114.8,0.0,0.0,0.0,15,119.4,123.6,6,114.8,120.0,0.0,0.0,0.0,0.0,138
2023-05-10 09:41:01,IO2403-P-3800,IO2403-P-3800,114.8,0.0,0.0,0.0,17,119.4,123.6,6,114.8,120.0,0.0,0.0,0.0,0.0,138
2023-05-10 09:41:05,IO2403-P-3800,IO2403-P-3800,114.8,0.0,0.0,0.0,6,119.6,123.8,24,114.8,120.0,0.0,0.0,0.0,0.0,138
2023-05-10 09:41:05,IO2403-P-3800,IO2403-P-3800,114.8,0.0,0.0,0.0,6,119.8,123.8,18,114.8,120.0,0.0,0.0,0.0,0.0,138
2023-05-10 09:41:06,IO2403-P-3800,IO2403-P-3800,114.8,0.0,0.0,0.0,15,119.8,123.6,6,114.8,120.0,0.0,0.0,0.0,0.0,138
2023-05-10 09:41:06,IO2403-P-3800,IO2403-P-3800,114.8,0.0,0.0,0.0,12,120.0,124.0,31,114.8,120.0,0.0,0.0,0.0,0.0,138
2023-05-10 09:41:07,IO2403-P-3800,IO2403-P-3800,114.8,0.0,0.0,0.0,6,120.2,123.8,6,114.8,120.0,0.0,0.0,0.0,0.0,138
2023-05-10 09:41:07,IO2403-P-3800,IO2403-P-3800,114.8,0.0,0.0,0.0,9,120.2,123.8,6,114.8,120.0,0.0,0.0,0.0,0.0,138
2023-05-10 09:41:08,IO2403-P-3800,IO2403-P-3800,114.8,0.0,0.0,0.0,3,120.2,124.0,6,114.8,120.0,0.0,0.0,0.0,0.0,138
2023-05-10 09:41:09,IO2403-P-3800,IO2403-P-3800,114.8,0.0,0.0,0.0,30,120.0,124.0,6,114.8,120.0,0.0,0.0,0.0,0.0,138
2023-05-10 09:41:10,IO2403-P-3800,IO2403-P-3800,114.8,0.0,0.0,0.0,33,120.0,124.0,6,114.8,120.0,0.0,0.0,0.0,0.0,138
2023-05-10 09:41:23,IO2403-P-3800,IO2403-P-3800,114.8,0.0,0.0,0.0,27,120.0,124.0,6,114.8,120.0,0.0,0.0,0.0,0.0,138
2023-05-10 09:41:24,IO2403-P-3800,IO2403-P-3800,114.8,0.0,0.0,0.0,21,120.0,124.0,6,114.8,120.0,0.0,0.0,0.0,0.0,138
2023-05-10 09:42:02,IO2403-P-3800,IO2403-P-3800,114.8,0.0,0.0,0.0,6,120.2,124.2,33,114.8,120.0,0.0,0.0,0.0,0.0,138
2023-05-10 09:42:02,IO2403-P-3800,IO2403-P-3800,114.8,0.0,0.0,0.0,6,120.4,124.2,18,114.8,120.0,0.0,0.0,0.0,0.0,138
2023-05-10 09:42:03,IO2403-P-3800,IO2403-P-3800,114.8,0.0,0.0,0.0,6,120.6,124.2,6,114.8,120.0,0.0,0.0,0.0,0.0,138
2023-05-10 09:42:03,IO2403-P-3800,IO2403-P-3800,114.8,0.0,0.0,0.0,1,120.8,124.4,12,114.8,120.0,0.0,0.0,0.0,0.0,138
2023-05-10 09:42:04,IO2403-P-3800,IO2403-P-3800,114.8,0.0,0.0,0.0,7,120.8,124.2,6,114.8,120.0,0.0,0.0,0.0,0.0,138
2023-05-10 09:42:04,IO2403-P-3800,IO2403-P-3800,114.8,0.0,0.0,0.0,4,120.8,124.4,6,114.8,120.0,0.0,0.0,0.0,0.0,138
2023-05-10 09:42:05,IO2403-P-3800,IO2403-P-3800,114.8,0.0,0.0,0.0,1,120.8,124.4,6,114.8,120.0,0.0,0.0,0.0,0.0,138
2023-05-10 09:43:02,IO2403-P-3800,IO2403-P-3800,114.8,0.0,0.0,0.0,3,120.6,124.4,6,114.8,120.0,0.0,0.0,0.0,0.0,138
2023-05-10 09:43:03,IO2403-P-3800,IO2403-P-3800,114.8,0.0,0.0,0.0,18,120.4,124.4,6,114.8,120.0,0.0,0.0,0.0,0.0,138
2023-05-10 09:43:04,IO2403-P-3800,IO2403-P-3800,114.8,0.0,0.0,0.0,12,120.4,124.4,6,114.8,120.0,0.0,0.0,0.0,0.0,138
2023-05-10 09:43:04,IO2403-P-3800,IO2403-P-3800,114.8,0.0,0.0,0.0,15,120.4,124.4,6,114.8,120.0,0.0,0.0,0.0,0.0,138
2023-05-10 09:43:09,IO2403-P-3800,IO2403-P-3800,114.8,0.0,0.0,0.0,15,120.4,124.2,1,114.8,120.0,0.0,0.0,0.0,0.0,138
2023-05-10 09:43:09,IO2403-P-3800,IO2403-P-3800,114.8,0.0,0.0,0.0,21,120.4,124.0,6,114.8,120.0,0.0,0.0,0.0,0.0,138
2023-05-10 09:43:11,IO2403-P-3800,IO2403-P-3800,114.8,0.0,0.0,0.0,15,120.4,124.0,6,114.8,120.0,0.0,0.0,0.0,0.0,138
2023-05-10 09:43:11,IO2403-P-3800,IO2403-P-3800,114.8,0.0,0.0,0.0,12,120.4,124.0,6,114.8,120.0,0.0,0.0,0.0,0.0,138
2023-05-10 09:43:12,IO2403-P-3800,IO2403-P-3800,114.8,0.0,0.0,0.0,15,120.4,124.0,6,114.8,120.0,0.0,0.0,0.0,0.0,138
2023-05-10 09:43:15,IO2403-P-3800,IO2403-P-3800,114.8,0.0,0.0,0.0,12,120.4,124.0,6,114.8,120.0,0.0,0.0,0.0,0.0,138
2023-05-10 09:43:16,IO2403-P-3800,IO2403-P-3800,114.8,0.0,0.0,0.0,15,120.4,124.0,6,114.8,120.0,0.0,0.0,0.0,0.0,138
2023-05-10 09:43:16,IO2403-P-3800,IO2403-P-3800,114.8,0.0,0.0,0.0,12,120.4,124.0,6,114.8,120.0,0.0,0.0,0.0,0.0,138
2023-05-10 09:43:17,IO2403-P-3800,IO2403-P-3800,114.8,0.0,0.0,0.0,3,120.6,124.0,6,114.8,120.0,0.0,0.0,0.0,0.0,138
2023-05-10 09:43:19,IO2403-P-3800,IO2403-P-3800,114.8,0.0,0.0,0.0,12,120.4,124.0,6,114.8,120.0,0.0,0.0,0.0,0.0,138
2023-05-10 09:43:20,IO2403-P-3800,IO2403-P-3800,114.8,0.0,0.0,0.0,15,120.4,124.0,6,114.8,120.0,0.0,0.0,0.0,0.0,138
2023-05-10 09:43:20,IO2403-P-3800,IO2403-P-3800,114.8,0.0,0.0,0.0,12,120.4,124.0,6,114.8,120.0,0.0,0.0,0.0,0.0,138
2023-05-10 09:43:24,IO2403-P-3800,IO2403-P-3800,114.8,0.0,0.0,0.0,12,120.4,124.0,9,114.8,120.0,0.0,0.0,0.0,0.0,138
2023-05-10 09:43:24,IO2403-P-3800,IO2403-P-3800,114.8,0.0,0.0,0.0,12,120.4,123.8,6,114.8,120.0,0.0,0.0,0.0,0.0,138
2023-05-10 09:43:32,IO2403-P-3800,IO2403-P-3800,114.8,0.0,0.0,0.0,12,120.4,124.0,6,114.8,120.0,0.0,0.0,0.0,0.0,138
2023-05-10 09:43:32,IO2403-P-3800,IO2403-P-3800,114.8,0.0,0.0,0.0,12,120.4,124.0,9,114.8,120.0,0.0,0.0,0.0,0.0,138
2023-05-10 09:43:33,IO2403-P-3800,IO2403-P-3800,114.8,0.0,0.0,0.0,12,120.4,123.8,6,114.8,120.0,0.0,0.0,0.0,0.0,138
2023-05-10 09:43:33,IO2403-P-3800,IO2403-P-3800,114.8,0.0,0.0,0.0,12,120.4,123.6,3,114.8,120.0,0.0,0.0,0.0,0.0,138
2023-05-10 09:43:34,IO2403-P-3800,IO2403-P-3800,114.8,0.0,0.0,0.0,12,120.4,123.4,6,114.8,120.0,0.0,0.0,0.0,0.0,138
2023-05-10 09:43:43,IO2403-P-3800,IO2403-P-3800,114.8,0.0,0.0,0.0,12,120.4,123.8,6,114.8,120.0,0.0,0.0,0.0,0.0,138
2023-05-10 09:43:51,IO2403-P-3800,IO2403-P-3800,114.8,0.0,0.0,0.0,12,120.4,124.0,6,114.8,120.0,0.0,0.0,0.0,0.0,138
2023-05-10 09:43:58,IO2403-P-3800,IO2403-P-3800,114.8,0.0,0.0,0.0,12,120.4,124.0,9,114.8,120.0,0.0,0.0,0.0,0.0,138
2023-05-10 09:43:59,IO2403-P-3800,IO2403-P-3800,114.8,0.0,0.0,0.0,12,120.4,123.8,6,114.8,120.0,0.0,0.0,0.0,0.0,138
2023-05-10 09:43:59,IO2403-P-3800,IO2403-P-3800,114.8,0.0,0.0,0.0,12,120.4,124.0,6,114.8,120.0,0.0,0.0,0.0,0.0,138
2023-05-10 09:44:00,IO2403-P-3800,IO2403-P-3800,114.8,0.0,0.0,0.0,12,120.4,124.0,9,114.8,120.0,0.0,0.0,0.0,0.0,138
2023-05-10 09:44:00,IO2403-P-3800,IO2403-P-3800,114.8,0.0,0.0,0.0,12,120.4,123.8,6,114.8,120.0,0.0,0.0,0.0,0.0,138
2023-05-10 09:44:01,IO2403-P-3800,IO2403-P-3800,114.8,0.0,0.0,0.0,12,120.4,124.0,6,114.8,120.0,0.0,0.0,0.0,0.0,138
2023-05-10 09:44:01,IO2403-P-3800,IO2403-P-3800,114.8,0.0,0.0,0.0,12,120.4,124.0,9,114.8,120.0,0.0,0.0,0.0,0.0,138
2023-05-10 09:44:02,IO2403-P-3800,IO2403-P-3800,114.8,0.0,0.0,0.0,12,120.4,123.8,6,114.8,120.0,0.0,0.0,0.0,0.0,138
2023-05-10 09:44:02,IO2403-P-3800,IO2403-P-3800,114.8,0.0,0.0,0.0,12,120.4,124.0,6,114.8,120.0,0.0,0.0,0.0,0.0,138
2023-05-10 09:44:13,IO2403-P-3800,IO2403-P-3800,114.8,0.0,0.0,0.0,12,120.4,124.0,9,114.8,120.0,0.0,0.0,0.0,0.0,138
2023-05-10 09:44:14,IO2403-P-3800,IO2403-P-3800,114.8,0.0,0.0,0.0,12,120.4,123.8,6,114.8,120.0,0.0,0.0,0.0,0.0,138
2023-05-10 09:44:16,IO2403-P-3800,IO2403-P-3800,114.8,0.0,0.0,0.0,12,120.4,124.2,6,114.8,120.0,0.0,0.0,0.0,0.0,138
2023-05-10 09:44:28,IO2403-P-3800,IO2403-P-3800,114.8,0.0,0.0,0.0,12,120.4,124.0,3,114.8,120.0,0.0,0.0,0.0,0.0,138
2023-05-10 09:44:28,IO2403-P-3800,IO2403-P-3800,114.8,0.0,0.0,0.0,12,120.4,123.8,6,114.8,120.0,0.0,0.0,0.0,0.0,138
2023-05-10 09:44:29,IO2403-P-3800,IO2403-P-3800,114.8,0.0,0.0,0.0,12,120.4,124.4,6,114.8,120.0,0.0,0.0,0.0,0.0,138
2023-05-10 09:44:29,IO2403-P-3800,IO2403-P-3800,114.8,0.0,0.0,0.0,12,120.4,124.4,9,114.8,120.0,0.0,0.0,0.0,0.0,138
2023-05-10 09:44:30,IO2403-P-3800,IO2403-P-3800,114.8,0.0,0.0,0.0,12,120.4,124.2,6,114.8,120.0,0.0,0.0,0.0,0.0,138
2023-05-10 09:44:43,IO2403-P-3800,IO2403-P-3800,114.8,0.0,0.0,0.0,12,120.4,124.0,3,114.8,120.0,0.0,0.0,0.0,0.0,138
2023-05-10 09:44:43,IO2403-P-3800,IO2403-P-3800,114.8,0.0,0.0,0.0,12,120.4,123.8,6,114.8,120.0,0.0,0.0,0.0,0.0,138
2023-05-10 09:44:50,IO2403-P-3800,IO2403-P-3800,114.8,0.0,0.0,0.0,12,120.4,124.2,6,114.8,120.0,0.0,0.0,0.0,0.0,138
2023-05-10 09:44:58,IO2403-P-3800,IO2403-P-3800,114.8,0.0,0.0,0.0,12,120.4,124.0,3,114.8,120.0,0.0,0.0,0.0,0.0,138
2023-05-10 09:44:59,IO2403-P-3800,IO2403-P-3800,114.8,0.0,0.0,0.0,12,120.4,123.8,6,114.8,120.0,0.0,0.0,0.0,0.0,138
2023-05-10 09:44:59,IO2403-P-3800,IO2403-P-3800,114.8,0.0,0.0,0.0,12,120.4,124.4,6,114.8,120.0,0.0,0.0,0.0,0.0,138
2023-05-10 09:45:00,IO2403-P-3800,IO2403-P-3800,114.8,0.0,0.0,0.0,12,120.4,124.4,9,114.8,120.0,0.0,0.0,0.0,0.0,138
2023-05-10 09:45:00,IO2403-P-3800,IO2403-P-3800,114.8,0.0,0.0,0.0,12,120.4,124.2,6,114.8,120.0,0.0,0.0,0.0,0.0,138
2023-05-10 09:45:01,IO2403-P-3800,IO2403-P-3800,114.8,0.0,0.0,0.0,12,120.4,124.0,3,114.8,120.0,0.0,0.0,0.0,0.0,138
2023-05-10 09:45:01,IO2403-P-3800,IO2403-P-3800,114.8,0.0,0.0,0.0,12,120.4,123.8,6,114.8,120.0,0.0,0.0,0.0,0.0,138
2023-05-10 09:45:02,IO2403-P-3800,IO2403-P-3800,114.8,0.0,0.0,0.0,12,120.4,124.4,6,114.8,120.0,0.0,0.0,0.0,0.0,138
2023-05-10 09:45:02,IO2403-P-3800,IO2403-P-3800,114.8,0.0,0.0,0.0,12,120.4,124.2,3,114.8,120.0,0.0,0.0,0.0,0.0,138
2023-05-10 09:45:03,IO2403-P-3800,IO2403-P-3800,114.8,0.0,0.0,0.0,12,120.4,124.0,6,114.8,120.0,0.0,0.0,0.0,0.0,138
2023-05-10 09:45:03,IO2403-P-3800,IO2403-P-3800,114.8,0.0,0.0,0.0,12,120.4,124.4,6,114.8,120.0,0.0,0.0,0.0,0.0,138
2023-05-10 09:45:04,IO2403-P-3800,IO2403-P-3800,114.8,0.0,0.0,0.0,12,120.4,124.4,9,114.8,120.0,0.0,0.0,0.0,0.0,138
2023-05-10 09:45:04,IO2403-P-3800,IO2403-P-3800,114.8,0.0,0.0,0.0,12,120.4,124.2,6,114.8,120.0,0.0,0.0,0.0,0.0,138
2023-05-10 09:45:14,IO2403-P-3800,IO2403-P-3800,114.8,0.0,0.0,0.0,12,120.4,124.0,3,114.8,120.0,0.0,0.0,0.0,0.0,138
2023-05-10 09:45:15,IO2403-P-3800,IO2403-P-3800,114.8,0.0,0.0,0.0,12,120.4,123.8,6,114.8,120.0,0.0,0.0,0.0,0.0,138
2023-05-10 09:45:15,IO2403-P-3800,IO2403-P-3800,114.8,0.0,0.0,0.0,12,120.4,124.4,6,114.8,120.0,0.0,0.0,0.0,0.0,138
2023-05-10 09:45:16,IO2403-P-3800,IO2403-P-3800,114.8,0.0,0.0,0.0,12,120.4,124.2,2,114.8,120.0,0.0,0.0,0.0,0.0,138
2023-05-10 09:45:16,IO2403-P-3800,IO2403-P-3800,114.8,0.0,0.0,0.0,12,120.4,124.0,6,114.8,120.0,0.0,0.0,0.0,0.0,138
2023-05-10 09:45:17,IO2403-P-3800,IO2403-P-3800,114.8,0.0,0.0,0.0,12,120.4,124.0,11,114.8,120.0,0.0,0.0,0.0,0.0,138
2023-05-10 09:45:17,IO2403-P-3800,IO2403-P-3800,114.8,0.0,0.0,0.0,12,120.4,123.8,6,114.8,120.0,0.0,0.0,0.0,0.0,138
2023-05-10 09:45:18,IO2403-P-3800,IO2403-P-3800,114.8,0.0,0.0,0.0,12,120.4,123.2,1,114.8,120.0,0.0,0.0,0.0,0.0,138
2023-05-10 09:45:19,IO2403-P-3800,IO2403-P-3800,114.8,0.0,0.0,0.0,12,120.4,123.0,6,114.8,120.0,0.0,0.0,0.0,0.0,138
2023-05-10 09:45:23,IO2403-P-3800,IO2403-P-3800,114.8,0.0,0.0,0.0,12,120.4,123.6,6,114.8,120.0,0.0,0.0,0.0,0.0,138
2023-05-10 09:45:51,IO2403-P-3800,IO2403-P-3800,114.8,0.0,0.0,0.0,12,120.4,124.0,6,114.8,120.0,0.0,0.0,0.0,0.0,138
2023-05-10 09:45:54,IO2403-P-3800,IO2403-P-3800,114.8,0.0,0.0,0.0,12,120.4,124.0,8,114.8,120.0,0.0,0.0,0.0,0.0,138
2023-05-10 09:45:54,IO2403-P-3800,IO2403-P-3800,114.8,0.0,0.0,0.0,12,120.4,123.8,6,114.8,120.0,0.0,0.0,0.0,0.0,138
2023-05-10 09:45:55,IO2403-P-3800,IO2403-P-3800,114.8,0.0,0.0,0.0,12,120.4,123.8,9,114.8,120.0,0.0,0.0,0.0,0.0,138
2023-05-10 09:45:55,IO2403-P-3800,IO2403-P-3800,114.8,0.0,0.0,0.0,12,120.4,123.6,6,114.8,120.0,0.0,0.0,0.0,0.0,138
2023-05-10 09:45:56,IO2403-P-3800,IO2403-P-3800,114.8,0.0,0.0,0.0,12,120.4,124.0,6,114.8,120.0,0.0,0.0,0.0,0.0,138
2023-05-10 09:45:56,IO2403-P-3800,IO2403-P-3800,114.8,0.0,0.0,0.0,12,120.4,124.0,9,114.8,120.0,0.0,0.0,0.0,0.0,138
2023-05-10 09:45:57,IO2403-P-3800,IO2403-P-3800,114.8,0.0,0.0,0.0,12,120.4,123.8,6,114.8,120.0,0.0,0.0,0.0,0.0,138
2023-05-10 09:46:09,IO2403-P-3800,IO2403-P-3800,114.8,0.0,0.0,0.0,12,120.4,124.0,6,114.8,120.0,0.0,0.0,0.0,0.0,138
2023-05-10 09:46:22,IO2403-P-3800,IO2403-P-3800,114.8,0.0,0.0,0.0,12,120.4,124.0,9,114.8,120.0,0.0,0.0,0.0,0.0,138
2023-05-10 09:46:23,IO2403-P-3800,IO2403-P-3800,114.8,0.0,0.0,0.0,12,120.4,123.8,6,114.8,120.0,0.0,0.0,0.0,0.0,138
2023-05-10 09:46:26,IO2403-P-3800,IO2403-P-3800,114.8,0.0,0.0,0.0,12,120.4,123.8,8,114.8,120.0,0.0,0.0,0.0,0.0,138
2023-05-10 09:46:26,IO2403-P-3800,IO2403-P-3800,114.8,0.0,0.0,0.0,12,120.4,123.6,9,114.8,120.0,0.0,0.0,0.0,0.0,138
2023-05-10 09:46:27,IO2403-P-3800,IO2403-P-3800,114.8,0.0,0.0,0.0,12,120.4,123.4,6,114.8,120.0,0.0,0.0,0.0,0.0,138
2023-05-10 09:46:30,IO2403-P-3800,IO2403-P-3800,114.8,0.0,0.0,0.0,12,120.4,123.8,6,114.8,120.0,0.0,0.0,0.0,0.0,138
2023-05-10 09:46:50,IO2403-P-3800,IO2403-P-3800,114.8,0.0,0.0,0.0,12,120.4,123.8,8,114.8,120.0,0.0,0.0,0.0,0.0,138
2023-05-10 09:46:50,IO2403-P-3800,IO2403-P-3800,114.8,0.0,0.0,0.0,12,120.4,123.6,6,114.8,120.0,0.0,0.0,0.0,0.0,138
2023-05-10 09:46:51,IO2403-P-3800,IO2403-P-3800,114.8,0.0,0.0,0.0,12,120.4,123.8,6,114.8,120.0,0.0,0.0,0.0,0.0,138
2023-05-10 09:46:59,IO2403-P-3800,IO2403-P-3800,114.8,0.0,0.0,0.0,15,120.4,123.8,6,114.8,120.0,0.0,0.0,0.0,0.0,138
2023-05-10 09:46:59,IO2403-P-3800,IO2403-P-3800,114.8,0.0,0.0,0.0,12,120.4,124.0,6,114.8,120.0,0.0,0.0,0.0,0.0,138
2023-05-10 09:47:07,IO2403-P-3800,IO2403-P-3800,114.8,0.0,0.0,0.0,12,120.4,124.0,9,114.8,120.0,0.0,0.0,0.0,0.0,138
2023-05-10 09:47:07,IO2403-P-3800,IO2403-P-3800,114.8,0.0,0.0,0.0,12,120.4,123.8,6,114.8,120.0,0.0,0.0,0.0,0.0,138
2023-05-10 09:47:16,IO2403-P-3800,IO2403-P-3800,114.8,0.0,0.0,0.0,12,120.4,124.0,6,114.8,120.0,0.0,0.0,0.0,0.0,138
2023-05-10 09:47:17,IO2403-P-3800,IO2403-P-3800,114.8,0.0,0.0,0.0,12,120.4,123.8,3,114.8,120.0,0.0,0.0,0.0,0.0,138
2023-05-10 09:47:18,IO2403-P-3800,IO2403-P-3800,114.8,0.0,0.0,0.0,12,120.4,123.6,6,114.8,120.0,0.0,0.0,0.0,0.0,138
2023-05-10 09:47:18,IO2403-P-3800,IO2403-P-3800,114.8,0.0,0.0,0.0,12,120.4,124.0,6,114.8,120.0,0.0,0.0,0.0,0.0,138
2023-05-10 09:47:19,IO2403-P-3800,IO2403-P-3800,114.8,0.0,0.0,0.0,12,120.4,124.0,8,114.8,120.0,0.0,0.0,0.0,0.0,138
2023-05-10 09:47:19,IO2403-P-3800,IO2403-P-3800,114.8,0.0,0.0,0.0,12,120.4,123.8,6,114.8,120.0,0.0,0.0,0.0,0.0,138
2023-05-10 09:47:20,IO2403-P-3800,IO2403-P-3800,114.8,0.0,0.0,0.0,12,120.4,124.0,6,114.8,120.0,0.0,0.0,0.0,0.0,138
2023-05-10 09:47:50,IO2403-P-3800,IO2403-P-3800,114.8,0.0,0.0,0.0,12,120.4,124.0,8,114.8,120.0,0.0,0.0,0.0,0.0,138
2023-05-10 09:47:50,IO2403-P-3800,IO2403-P-3800,114.8,0.0,0.0,0.0,12,120.4,123.8,6,114.8,120.0,0.0,0.0,0.0,0.0,138
2023-05-10 09:47:51,IO2403-P-3800,IO2403-P-3800,114.8,0.0,0.0,0.0,12,120.4,124.0,6,114.8,120.0,0.0,0.0,0.0,0.0,138
2023-05-10 09:47:52,IO2403-P-3800,IO2403-P-3800,114.8,0.0,0.0,0.0,12,120.4,124.0,8,114.8,120.0,0.0,0.0,0.0,0.0,138
2023-05-10 09:47:52,IO2403-P-3800,IO2403-P-3800,114.8,0.0,0.0,0.0,12,120.4,123.8,6,114.8,120.0,0.0,0.0,0.0,0.0,138
2023-05-10 09:47:53,IO2403-P-3800,IO2403-P-3800,114.8,0.0,0.0,0.0,12,120.4,123.8,3,114.8,120.0,0.0,0.0,0.0,0.0,138
2023-05-10 09:47:54,IO2403-P-3800,IO2403-P-3800,114.8,0.0,0.0,0.0,12,120.4,123.6,6,114.8,120.0,0.0,0.0,0.0,0.0,138
2023-05-10 09:47:54,IO2403-P-3800,IO2403-P-3800,114.8,0.0,0.0,0.0,12,120.4,124.0,6,114.8,120.0,0.0,0.0,0.0,0.0,138
2023-05-10 09:47:55,IO2403-P-3800,IO2403-P-3800,114.8,0.0,0.0,0.0,12,120.4,123.8,2,114.8,120.0,0.0,0.0,0.0,0.0,138
2023-05-10 09:47:55,IO2403-P-3800,IO2403-P-3800,114.8,0.0,0.0,0.0,12,120.4,123.6,6,114.8,120.0,0.0,0.0,0.0,0.0,138
2023-05-10 09:48:07,IO2403-P-3800,IO2403-P-3800,114.8,0.0,0.0,0.0,12,120.4,123.6,9,114.8,120.0,0.0,0.0,0.0,0.0,138
2023-05-10 09:48:08,IO2403-P-3800,IO2403-P-3800,114.8,0.0,0.0,0.0,12,120.4,123.4,7,114.8,120.0,0.0,0.0,0.0,0.0,138
2023-05-10 09:48:08,IO2403-P-3800,IO2403-P-3800,114.8,0.0,0.0,0.0,12,120.4,123.4,1,114.8,120.0,0.0,0.0,0.0,0.0,138
2023-05-10 09:48:09,IO2403-P-3800,IO2403-P-3800,114.8,0.0,0.0,0.0,6,120.4,123.2,6,114.8,120.0,0.0,0.0,0.0,0.0,138
2023-05-10 09:48:09,IO2403-P-3800,IO2403-P-3800,114.8,0.0,0.0,0.0,12,120.0,123.2,6,114.8,120.0,0.0,0.0,0.0,0.0,138
2023-05-10 09:48:10,IO2403-P-3800,IO2403-P-3800,114.8,0.0,0.0,0.0,6,120.0,123.2,6,114.8,120.0,0.0,0.0,0.0,0.0,138
2023-05-10 09:48:10,IO2403-P-3800,IO2403-P-3800,114.8,0.0,0.0,0.0,24,119.8,123.2,6,114.8,120.0,0.0,0.0,0.0,0.0,138
2023-05-10 09:48:11,IO2403-P-3800,IO2403-P-3800,114.8,0.0,0.0,0.0,18,119.8,123.2,6,114.8,120.0,0.0,0.0,0.0,0.0,138
2023-05-10 09:48:11,IO2403-P-3800,IO2403-P-3800,114.8,0.0,0.0,0.0,12,119.8,123.2,6,114.8,120.0,0.0,0.0,0.0,0.0,138
2023-05-10 09:48:12,IO2403-P-3800,IO2403-P-3800,114.8,0.0,0.0,0.0,6,119.8,123.2,6,114.8,120.0,0.0,0.0,0.0,0.0,138
2023-05-10 09:48:12,IO2403-P-3800,IO2403-P-3800,114.8,0.0,0.0,0.0,24,119.6,123.0,3,114.8,120.0,0.0,0.0,0.0,0.0,138
2023-05-10 09:48:13,IO2403-P-3800,IO2403-P-3800,114.8,0.0,0.0,0.0,18,119.6,122.8,6,114.8,120.0,0.0,0.0,0.0,0.0,138
2023-05-10 09:48:13,IO2403-P-3800,IO2403-P-3800,114.8,0.0,0.0,0.0,12,119.6,123.2,6,114.8,120.0,0.0,0.0,0.0,0.0,138
2023-05-10 09:48:14,IO2403-P-3800,IO2403-P-3800,114.8,0.0,0.0,0.0,6,119.6,123.2,6,114.8,120.0,0.0,0.0,0.0,0.0,138
2023-05-10 09:48:14,IO2403-P-3800,IO2403-P-3800,114.8,0.0,0.0,0.0,39,119.4,123.2,6,114.8,120.0,0.0,0.0,0.0,0.0,138
2023-05-10 09:48:15,IO2403-P-3800,IO2403-P-3800,114.8,0.0,0.0,0.0,33,119.4,123.2,6,114.8,120.0,0.0,0.0,0.0,0.0,138
2023-05-10 09:48:16,IO2403-P-3800,IO2403-P-3800,114.8,0.0,0.0,0.0,30,119.4,123.2,6,114.8,120.0,0.0,0.0,0.0,0.0,138
2023-05-10 09:48:17,IO2403-P-3800,IO2403-P-3800,114.8,0.0,0.0,0.0,3,119.6,123.2,6,114.8,120.0,0.0,0.0,0.0,0.0,138
2023-05-10 09:48:17,IO2403-P-3800,IO2403-P-3800,114.8,0.0,0.0,0.0,30,119.4,123.2,6,114.8,120.0,0.0,0.0,0.0,0.0,138
2023-05-10 09:48:18,IO2403-P-3800,IO2403-P-3800,114.8,0.0,0.0,0.0,33,119.4,123.2,6,114.8,120.0,0.0,0.0,0.0,0.0,138
2023-05-10 09:48:20,IO2403-P-3800,IO2403-P-3800,114.8,0.0,0.0,0.0,30,119.4,123.2,6,114.8,120.0,0.0,0.0,0.0,0.0,138
2023-05-10 09:48:29,IO2403-P-3800,IO2403-P-3800,114.8,0.0,0.0,0.0,30,119.4,123.0,3,114.8,120.0,0.0,0.0,0.0,0.0,138
2023-05-10 09:48:30,IO2403-P-3800,IO2403-P-3800,114.8,0.0,0.0,0.0,30,119.4,122.8,6,114.8,120.0,0.0,0.0,0.0,0.0,138
2023-05-10 09:48:38,IO2403-P-3800,IO2403-P-3800,114.8,0.0,0.0,0.0,24,119.4,122.8,6,114.8,120.0,0.0,0.0,0.0,0.0,138
2023-05-10 09:48:49,IO2403-P-3800,IO2403-P-3800,114.8,0.0,0.0,0.0,4,119.6,123.2,6,114.8,120.0,0.0,0.0,0.0,0.0,138
2023-05-10 09:48:50,IO2403-P-3800,IO2403-P-3800,114.8,0.0,0.0,0.0,1,119.6,123.2,6,114.8,120.0,0.0,0.0,0.0,0.0,138
2023-05-10 09:48:51,IO2403-P-3800,IO2403-P-3800,114.8,0.0,0.0,0.0,4,119.6,123.2,6,114.8,120.0,0.0,0.0,0.0,0.0,138
2023-05-10 09:48:52,IO2403-P-3800,IO2403-P-3800,114.8,0.0,0.0,0.0,10,119.6,123.2,6,114.8,120.0,0.0,0.0,0.0,0.0,138
2023-05-10 09:48:57,IO2403-P-3800,IO2403-P-3800,114.8,0.0,0.0,0.0,4,119.6,123.2,6,114.8,120.0,0.0,0.0,0.0,0.0,138
2023-05-10 09:48:59,IO2403-P-3800,IO2403-P-3800,114.8,0.0,0.0,0.0,1,119.6,123.2,6,114.8,120.0,0.0,0.0,0.0,0.0,138
2023-05-10 09:49:00,IO2403-P-3800,IO2403-P-3800,114.8,0.0,0.0,0.0,6,119.8,123.4,21,114.8,120.0,0.0,0.0,0.0,0.0,138
2023-05-10 09:49:01,IO2403-P-3800,IO2403-P-3800,114.8,0.0,0.0,0.0,9,120.0,123.4,15,114.8,120.0,0.0,0.0,0.0,0.0,138
2023-05-10 09:49:01,IO2403-P-3800,IO2403-P-3800,114.8,0.0,0.0,0.0,21,120.0,123.2,6,114.8,120.0,0.0,0.0,0.0,0.0,138
2023-05-10 09:49:02,IO2403-P-3800,IO2403-P-3800,114.8,0.0,0.0,0.0,27,120.0,123.4,6,114.8,120.0,0.0,0.0,0.0,0.0,138
2023-05-10 09:49:03,IO2403-P-3800,IO2403-P-3800,114.8,0.0,0.0,0.0,18,120.0,123.6,6,114.8,120.0,0.0,0.0,0.0,0.0,138
2023-05-10 09:49:03,IO2403-P-3800,IO2403-P-3800,114.8,0.0,0.0,0.0,12,120.0,123.6,6,114.8,120.0,0.0,0.0,0.0,0.0,138
2023-05-10 09:49:04,IO2403-P-3800,IO2403-P-3800,114.8,0.0,0.0,0.0,6,120.0,123.6,6,114.8,120.0,0.0,0.0,0.0,0.0,138
2023-05-10 09:49:04,IO2403-P-3800,IO2403-P-3800,114.8,0.0,0.0,0.0,9,119.8,123.6,6,114.8,120.0,0.0,0.0,0.0,0.0,138
2023-05-10 09:49:06,IO2403-P-3800,IO2403-P-3800,114.8,0.0,0.0,0.0,1,120.4,123.6,6,114.8,120.0,0.0,0.0,0.0,0.0,138
2023-05-10 09:49:06,IO2403-P-3800,IO2403-P-3800,114.8,0.0,0.0,0.0,7,120.4,123.6,6,114.8,120.0,0.0,0.0,0.0,0.0,138
2023-05-10 09:49:14,IO2403-P-3800,IO2403-P-3800,114.8,0.0,0.0,0.0,7,120.4,123.6,9,114.8,120.0,0.0,0.0,0.0,0.0,138
2023-05-10 09:49:15,IO2403-P-3800,IO2403-P-3800,114.8,0.0,0.0,0.0,7,120.4,123.4,6,114.8,120.0,0.0,0.0,0.0,0.0,138
2023-05-10 09:49:15,IO2403-P-3800,IO2403-P-3800,114.8,0.0,0.0,0.0,7,120.4,123.6,6,114.8,120.0,0.0,0.0,0.0,0.0,138
2023-05-10 09:49:16,IO2403-P-3800,IO2403-P-3800,114.8,0.0,0.0,0.0,7,120.4,123.4,3,114.8,120.0,0.0,0.0,0.0,0.0,138
2023-05-10 09:49:16,IO2403-P-3800,IO2403-P-3800,114.8,0.0,0.0,0.0,7,120.4,123.2,6,114.8,120.0,0.0,0.0,0.0,0.0,138
2023-05-10 09:49:17,IO2403-P-3800,IO2403-P-3800,114.8,0.0,0.0,0.0,7,120.4,123.6,6,114.8,120.0,0.0,0.0,0.0,0.0,138
2023-05-10 09:49:17,IO2403-P-3800,IO2403-P-3800,114.8,0.0,0.0,0.0,7,120.4,123.6,9,114.8,120.0,0.0,0.0,0.0,0.0,138
2023-05-10 09:49:18,IO2403-P-3800,IO2403-P-3800,114.8,0.0,0.0,0.0,7,120.4,123.4,6,114.8,120.0,0.0,0.0,0.0,0.0,138
2023-05-10 09:49:20,IO2403-P-3800,IO2403-P-3800,114.8,0.0,0.0,0.0,7,120.4,123.6,6,114.8,120.0,0.0,0.0,0.0,0.0,138
2023-05-10 09:49:36,IO2403-P-3800,IO2403-P-3800,114.8,0.0,0.0,0.0,7,120.4,123.6,9,114.8,120.0,0.0,0.0,0.0,0.0,138
2023-05-10 09:49:36,IO2403-P-3800,IO2403-P-3800,114.8,0.0,0.0,0.0,7,120.4,123.4,6,114.8,120.0,0.0,0.0,0.0,0.0,138
2023-05-10 09:49:37,IO2403-P-3800,IO2403-P-3800,114.8,0.0,0.0,0.0,7,120.4,123.6,6,114.8,120.0,0.0,0.0,0.0,0.0,138
2023-05-10 09:49:39,IO2403-P-3800,IO2403-P-3800,114.8,0.0,0.0,0.0,1,120.4,123.6,6,114.8,120.0,0.0,0.0,0.0,0.0,138
2023-05-10 09:49:51,IO2403-P-3800,IO2403-P-3800,114.8,0.0,0.0,0.0,1,120.4,123.6,8,114.8,120.0,0.0,0.0,0.0,0.0,138
2023-05-10 09:49:52,IO2403-P-3800,IO2403-P-3800,114.8,0.0,0.0,0.0,1,120.4,123.4,6,114.8,120.0,0.0,0.0,0.0,0.0,138
2023-05-10 09:49:52,IO2403-P-3800,IO2403-P-3800,114.8,0.0,0.0,0.0,1,120.4,123.6,6,114.8,120.0,0.0,0.0,0.0,0.0,138
2023-05-10 09:49:54,IO2403-P-3800,IO2403-P-3800,114.8,0.0,0.0,0.0,1,120.4,123.4,3,114.8,120.0,0.0,0.0,0.0,0.0,138
2023-05-10 09:49:55,IO2403-P-3800,IO2403-P-3800,114.8,0.0,0.0,0.0,1,120.4,123.2,6,114.8,120.0,0.0,0.0,0.0,0.0,138
2023-05-10 09:49:55,IO2403-P-3800,IO2403-P-3800,114.8,0.0,0.0,0.0,1,120.4,123.6,6,114.8,120.0,0.0,0.0,0.0,0.0,138
2023-05-10 09:49:56,IO2403-P-3800,IO2403-P-3800,114.8,0.0,0.0,0.0,1,120.4,123.6,9,114.8,120.0,0.0,0.0,0.0,0.0,138
2023-05-10 09:49:56,IO2403-P-3800,IO2403-P-3800,114.8,0.0,0.0,0.0,1,120.4,123.4,6,114.8,120.0,0.0,0.0,0.0,0.0,138
2023-05-10 09:49:57,IO2403-P-3800,IO2403-P-3800,114.8,0.0,0.0,0.0,1,120.4,123.6,6,114.8,120.0,0.0,0.0,0.0,0.0,138
2023-05-10 09:49:57,IO2403-P-3800,IO2403-P-3800,114.8,0.0,0.0,0.0,1,120.4,123.6,9,114.8,120.0,0.0,0.0,0.0,0.0,138
2023-05-10 09:49:58,IO2403-P-3800,IO2403-P-3800,114.8,0.0,0.0,0.0,1,120.4,123.4,6,114.8,120.0,0.0,0.0,0.0,0.0,138
2023-05-10 09:49:59,IO2403-P-3800,IO2403-P-3800,114.8,0.0,0.0,0.0,1,120.4,123.2,3,114.8,120.0,0.0,0.0,0.0,0.0,138
2023-05-10 09:50:00,IO2403-P-3800,IO2403-P-3800,114.8,0.0,0.0,0.0,1,120.4,123.0,6,114.8,120.0,0.0,0.0,0.0,0.0,138
2023-05-10 09:50:00,IO2403-P-3800,IO2403-P-3800,114.8,0.0,0.0,0.0,1,120.4,123.6,6,114.8,120.0,0.0,0.0,0.0,0.0,138
2023-05-10 09:50:01,IO2403-P-3800,IO2403-P-3800,114.8,0.0,0.0,0.0,12,119.8,123.6,9,114.8,120.0,0.0,0.0,0.0,0.0,138
2023-05-10 09:50:01,IO2403-P-3800,IO2403-P-3800,114.8,0.0,0.0,0.0,15,119.6,123.4,6,114.8,120.0,0.0,0.0,0.0,0.0,138
2023-05-10 09:50:02,IO2403-P-3800,IO2403-P-3800,114.8,0.0,0.0,0.0,9,119.6,123.6,6,114.8,120.0,0.0,0.0,0.0,0.0,138
2023-05-10 09:50:02,IO2403-P-3800,IO2403-P-3800,114.8,0.0,0.0,0.0,3,119.6,123.6,9,114.8,120.0,0.0,0.0,0.0,0.0,138
2023-05-10 09:50:03,IO2403-P-3800,IO2403-P-3800,114.8,0.0,0.0,0.0,3,119.6,123.4,6,114.8,120.0,0.0,0.0,0.0,0.0,138
2023-05-10 09:50:03,IO2403-P-3800,IO2403-P-3800,114.8,0.0,0.0,0.0,36,119.4,123.4,6,114.8,120.0,0.0,0.0,0.0,0.0,138
2023-05-10 09:50:04,IO2403-P-3800,IO2403-P-3800,114.8,0.0,0.0,0.0,18,119.4,123.4,6,114.8,120.0,0.0,0.0,0.0,0.0,138
2023-05-10 09:50:04,IO2403-P-3800,IO2403-P-3800,114.8,0.0,0.0,0.0,15,119.4,123.4,6,114.8,120.0,0.0,0.0,0.0,0.0,138
2023-05-10 09:50:06,IO2403-P-3800,IO2403-P-3800,114.8,0.0,0.0,0.0,1,120.2,123.4,6,114.8,120.0,0.0,0.0,0.0,0.0,138
2023-05-10 09:50:13,IO2403-P-3800,IO2403-P-3800,114.8,0.0,0.0,0.0,15,119.4,123.4,6,114.8,120.0,0.0,0.0,0.0,0.0,138
2023-05-10 09:50:13,IO2403-P-3800,IO2403-P-3800,114.8,0.0,0.0,0.0,15,119.4,123.4,8,114.8,120.0,0.0,0.0,0.0,0.0,138
2023-05-10 09:50:14,IO2403-P-3800,IO2403-P-3800,114.8,0.0,0.0,0.0,15,119.4,123.2,6,114.8,120.0,0.0,0.0,0.0,0.0,138
2023-05-10 09:50:14,IO2403-P-3800,IO2403-P-3800,114.8,0.0,0.0,0.0,15,119.4,123.2,11,114.8,120.0,0.0,0.0,0.0,0.0,138
2023-05-10 09:50:15,IO2403-P-3800,IO2403-P-3800,114.8,0.0,0.0,0.0,12,119.4,123.0,6,114.8,120.0,0.0,0.0,0.0,0.0,138
2023-05-10 09:50:15,IO2403-P-3800,IO2403-P-3800,114.8,0.0,0.0,0.0,6,119.4,123.0,6,114.8,120.0,0.0,0.0,0.0,0.0,138
2023-05-10 09:50:16,IO2403-P-3800,IO2403-P-3800,114.8,0.0,0.0,0.0,6,119.4,122.8,3,114.8,120.0,0.0,0.0,0.0,0.0,138
2023-05-10 09:50:16,IO2403-P-3800,IO2403-P-3800,114.8,0.0,0.0,0.0,6,119.4,122.6,6,114.8,120.0,0.0,0.0,0.0,0.0,138
2023-05-10 09:50:17,IO2403-P-3800,IO2403-P-3800,114.8,0.0,0.0,0.0,6,119.4,123.0,6,114.8,120.0,0.0,0.0,0.0,0.0,138
2023-05-10 09:50:17,IO2403-P-3800,IO2403-P-3800,114.8,0.0,0.0,0.0,6,119.4,123.0,9,114.8,120.0,0.0,0.0,0.0,0.0,138
2023-05-10 09:50:18,IO2403-P-3800,IO2403-P-3800,114.8,0.0,0.0,0.0,6,119.4,122.8,6,114.8,120.0,0.0,0.0,0.0,0.0,138
2023-05-10 09:50:23,IO2403-P-3800,IO2403-P-3800,114.8,0.0,0.0,0.0,6,119.4,122.8,8,114.8,120.0,0.0,0.0,0.0,0.0,138
2023-05-10 09:50:23,IO2403-P-3800,IO2403-P-3800,114.8,0.0,0.0,0.0,6,119.4,122.6,6,114.8,120.0,0.0,0.0,0.0,0.0,138
2023-05-10 09:50:24,IO2403-P-3800,IO2403-P-3800,114.8,0.0,0.0,0.0,6,119.4,122.6,3,114.8,120.0,0.0,0.0,0.0,0.0,138
2023-05-10 09:50:25,IO2403-P-3800,IO2403-P-3800,114.8,0.0,0.0,0.0,7,119.0,122.4,6,114.8,120.0,0.0,0.0,0.0,0.0,138
2023-05-10 09:50:25,IO2403-P-3800,IO2403-P-3800,114.8,0.0,0.0,0.0,1,119.0,122.4,6,114.8,120.0,0.0,0.0,0.0,0.0,138
2023-05-10 09:50:49,IO2403-P-3800,IO2403-P-3800,114.8,0.0,0.0,0.0,7,119.0,122.4,6,114.8,120.0,0.0,0.0,0.0,0.0,138
2023-05-10 09:50:50,IO2403-P-3800,IO2403-P-3800,114.8,0.0,0.0,0.0,1,119.0,122.6,6,114.8,120.0,0.0,0.0,0.0,0.0,138
2023-05-10 09:51:00,IO2403-P-3800,IO2403-P-3800,114.8,0.0,0.0,0.0,1,119.0,122.6,7,114.8,120.0,0.0,0.0,0.0,0.0,138
2023-05-10 09:51:00,IO2403-P-3800,IO2403-P-3800,114.8,0.0,0.0,0.0,1,119.0,122.4,6,114.8,120.0,0.0,0.0,0.0,0.0,138
2023-05-10 09:51:02,IO2403-P-3800,IO2403-P-3800,114.8,0.0,0.0,0.0,6,119.2,122.6,6,114.8,120.0,0.0,0.0,0.0,0.0,138
2023-05-10 09:51:02,IO2403-P-3800,IO2403-P-3800,114.8,0.0,0.0,0.0,9,119.2,122.6,6,114.8,120.0,0.0,0.0,0.0,0.0,138
2023-05-10 09:51:03,IO2403-P-3800,IO2403-P-3800,114.8,0.0,0.0,0.0,6,119.4,123.0,18,114.8,120.0,0.0,0.0,0.0,0.0,138
2023-05-10 09:51:03,IO2403-P-3800,IO2403-P-3800,114.8,0.0,0.0,0.0,6,119.2,123.0,6,114.8,120.0,0.0,0.0,0.0,0.0,138
2023-05-10 09:51:04,IO2403-P-3800,IO2403-P-3800,114.8,0.0,0.0,0.0,9,119.2,123.0,1,114.8,120.0,0.0,0.0,0.0,0.0,138
2023-05-10 09:51:04,IO2403-P-3800,IO2403-P-3800,114.8,0.0,0.0,0.0,3,119.2,122.8,6,114.8,120.0,0.0,0.0,0.0,0.0,138
2023-05-10 09:51:05,IO2403-P-3800,IO2403-P-3800,114.8,0.0,0.0,0.0,7,119.0,122.8,6,114.8,120.0,0.0,0.0,0.0,0.0,138
2023-05-10 09:51:06,IO2403-P-3800,IO2403-P-3800,114.8,0.0,0.0,0.0,10,119.0,122.8,6,114.8,120.0,0.0,0.0,0.0,0.0,138
2023-05-10 09:51:12,IO2403-P-3800,IO2403-P-3800,114.8,0.0,0.0,0.0,1,119.0,122.8,6,114.8,120.0,0.0,0.0,0.0,0.0,138
2023-05-10 09:51:12,IO2403-P-3800,IO2403-P-3800,114.8,0.0,0.0,0.0,1,119.0,122.8,8,114.8,120.0,0.0,0.0,0.0,0.0,138
2023-05-10 09:51:13,IO2403-P-3800,IO2403-P-3800,114.8,0.0,0.0,0.0,1,119.0,122.6,6,114.8,120.0,0.0,0.0,0.0,0.0,138
2023-05-10 09:51:15,IO2403-P-3800,IO2403-P-3800,114.8,0.0,0.0,0.0,1,119.0,122.6,8,114.8,120.0,0.0,0.0,0.0,0.0,138
2023-05-10 09:51:16,IO2403-P-3800,IO2403-P-3800,114.8,0.0,0.0,0.0,1,119.0,122.4,6,114.8,120.0,0.0,0.0,0.0,0.0,138
2023-05-10 09:51:24,IO2403-P-3800,IO2403-P-3800,114.8,0.0,0.0,0.0,1,119.0,122.6,6,114.8,120.0,0.0,0.0,0.0,0.0,138
2023-05-10 09:51:29,IO2403-P-3800,IO2403-P-3800,114.8,0.0,0.0,0.0,1,119.0,122.6,8,114.8,120.0,0.0,0.0,0.0,0.0,138
2023-05-10 09:51:30,IO2403-P-3800,IO2403-P-3800,114.8,0.0,0.0,0.0,1,119.0,122.4,6,114.8,120.0,0.0,0.0,0.0,0.0,138
2023-05-10 09:51:30,IO2403-P-3800,IO2403-P-3800,114.8,0.0,0.0,0.0,1,119.0,122.6,6,114.8,120.0,0.0,0.0,0.0,0.0,138
2023-05-10 09:51:41,IO2403-P-3800,IO2403-P-3800,114.8,0.0,0.0,0.0,1,119.0,122.6,7,114.8,120.0,0.0,0.0,0.0,0.0,138
2023-05-10 09:51:41,IO2403-P-3800,IO2403-P-3800,114.8,0.0,0.0,0.0,1,119.0,122.4,6,114.8,120.0,0.0,0.0,0.0,0.0,138
2023-05-10 09:51:53,IO2403-P-3800,IO2403-P-3800,114.8,0.0,0.0,0.0,1,119.0,122.6,6,114.8,120.0,0.0,0.0,0.0,0.0,138
2023-05-10 09:51:59,IO2403-P-3800,IO2403-P-3800,114.8,0.0,0.0,0.0,13,119.0,122.6,6,114.8,120.0,0.0,0.0,0.0,0.0,138
2023-05-10 09:52:00,IO2403-P-3800,IO2403-P-3800,114.8,0.0,0.0,0.0,3,119.2,122.6,6,114.8,120.0,0.0,0.0,0.0,0.0,138
2023-05-10 09:52:01,IO2403-P-3800,IO2403-P-3800,114.8,0.0,0.0,0.0,13,119.0,122.6,6,114.8,120.0,0.0,0.0,0.0,0.0,138
2023-05-10 09:52:02,IO2403-P-3800,IO2403-P-3800,114.8,0.0,0.0,0.0,10,119.0,122.8,7,114.8,120.0,0.0,0.0,0.0,0.0,138
2023-05-10 09:52:02,IO2403-P-3800,IO2403-P-3800,114.8,0.0,0.0,0.0,6,119.2,123.0,6,114.8,120.0,0.0,0.0,0.0,0.0,138
2023-05-10 09:52:04,IO2403-P-3800,IO2403-P-3800,114.8,0.0,0.0,0.0,6,119.2,123.2,37,114.8,120.0,0.0,0.0,0.0,0.0,138
2023-05-10 09:52:05,IO2403-P-3800,IO2403-P-3800,114.8,0.0,0.0,0.0,6,119.2,123.2,19,114.8,120.0,0.0,0.0,0.0,0.0,138
2023-05-10 09:52:05,IO2403-P-3800,IO2403-P-3800,114.8,0.0,0.0,0.0,6,119.2,123.2,16,114.8,120.0,0.0,0.0,0.0,0.0,138
2023-05-10 09:52:10,IO2403-P-3800,IO2403-P-3800,114.8,0.0,0.0,0.0,1,119.8,123.2,16,114.8,120.0,0.0,0.0,0.0,0.0,138
2023-05-10 09:52:10,IO2403-P-3800,IO2403-P-3800,114.8,0.0,0.0,0.0,1,119.8,123.0,6,114.8,120.0,0.0,0.0,0.0,0.0,138
2023-05-10 09:52:12,IO2403-P-3800,IO2403-P-3800,114.8,0.0,0.0,0.0,1,119.8,123.2,6,114.8,120.0,0.0,0.0,0.0,0.0,138
2023-05-10 09:52:15,IO2403-P-3800,IO2403-P-3800,114.8,0.0,0.0,0.0,4,119.8,123.4,24,114.8,120.0,0.0,0.0,0.0,0.0,138
2023-05-10 09:52:15,IO2403-P-3800,IO2403-P-3800,114.8,0.0,0.0,0.0,10,119.8,123.2,6,114.8,120.0,0.0,0.0,0.0,0.0,138
2023-05-10 09:52:16,IO2403-P-3800,IO2403-P-3800,114.8,0.0,0.0,0.0,6,120.0,123.4,18,114.8,120.0,0.0,0.0,0.0,0.0,138
2023-05-10 09:52:17,IO2403-P-3800,IO2403-P-3800,114.8,0.0,0.0,0.0,6,120.0,123.4,12,114.8,120.0,0.0,0.0,0.0,0.0,138
2023-05-10 09:52:17,IO2403-P-3800,IO2403-P-3800,114.8,0.0,0.0,0.0,6,120.0,123.4,6,114.8,120.0,0.0,0.0,0.0,0.0,138
2023-05-10 09:52:19,IO2403-P-3800,IO2403-P-3800,114.8,0.0,0.0,0.0,10,119.8,123.2,6,114.8,120.0,0.0,0.0,0.0,0.0,138
2023-05-10 09:52:19,IO2403-P-3800,IO2403-P-3800,114.8,0.0,0.0,0.0,7,119.8,123.2,6,114.8,120.0,0.0,0.0,0.0,0.0,138
2023-05-10 09:52:20,IO2403-P-3800,IO2403-P-3800,114.8,0.0,0.0,0.0,6,120.0,123.4,6,114.8,120.0,0.0,0.0,0.0,0.0,138
2023-05-10 09:52:35,IO2403-P-3800,IO2403-P-3800,114.8,0.0,0.0,0.0,6,120.0,123.4,9,114.8,120.0,0.0,0.0,0.0,0.0,138
2023-05-10 09:52:36,IO2403-P-3800,IO2403-P-3800,114.8,0.0,0.0,0.0,6,120.0,123.2,6,114.8,120.0,0.0,0.0,0.0,0.0,138
2023-05-10 09:52:39,IO2403-P-3800,IO2403-P-3800,114.8,0.0,0.0,0.0,6,119.8,123.2,2,114.8,120.0,0.0,0.0,0.0,0.0,138
2023-05-10 09:52:41,IO2403-P-3800,IO2403-P-3800,114.8,0.0,0.0,0.0,6,119.8,123.4,15,114.8,120.0,0.0,0.0,0.0,0.0,138
2023-05-10 09:52:42,IO2403-P-3800,IO2403-P-3800,114.8,0.0,0.0,0.0,6,119.8,123.4,17,114.8,120.0,0.0,0.0,0.0,0.0,138
2023-05-10 09:52:43,IO2403-P-3800,IO2403-P-3800,114.8,0.0,0.0,0.0,6,119.8,123.4,14,114.8,120.0,0.0,0.0,0.0,0.0,138
2023-05-10 09:52:44,IO2403-P-3800,IO2403-P-3800,114.8,0.0,0.0,0.0,6,119.8,123.2,3,114.8,120.0,0.0,0.0,0.0,0.0,138
2023-05-10 09:52:45,IO2403-P-3800,IO2403-P-3800,114.8,0.0,0.0,0.0,6,119.8,123.4,12,114.8,120.0,0.0,0.0,0.0,0.0,138
2023-05-10 09:52:45,IO2403-P-3800,IO2403-P-3800,114.8,0.0,0.0,0.0,30,119.6,123.2,8,114.8,120.0,0.0,0.0,0.0,0.0,138
2023-05-10 09:52:46,IO2403-P-3800,IO2403-P-3800,114.8,0.0,0.0,0.0,18,119.6,123.0,6,114.8,120.0,0.0,0.0,0.0,0.0,138
2023-05-10 09:52:46,IO2403-P-3800,IO2403-P-3800,114.8,0.0,0.0,0.0,12,119.6,123.0,6,114.8,120.0,0.0,0.0,0.0,0.0,138
2023-05-10 09:52:47,IO2403-P-3800,IO2403-P-3800,114.8,0.0,0.0,0.0,6,119.6,123.0,6,114.8,120.0,0.0,0.0,0.0,0.0,138
2023-05-10 09:52:47,IO2403-P-3800,IO2403-P-3800,114.8,0.0,0.0,0.0,6,119.4,123.2,9,114.8,120.0,0.0,0.0,0.0,0.0,138
2023-05-10 09:52:48,IO2403-P-3800,IO2403-P-3800,114.8,0.0,0.0,0.0,6,119.4,123.2,6,114.8,120.0,0.0,0.0,0.0,0.0,138
2023-05-10 09:52:49,IO2403-P-3800,IO2403-P-3800,114.8,0.0,0.0,0.0,6,119.4,123.4,9,114.8,120.0,0.0,0.0,0.0,0.0,138
2023-05-10 09:52:55,IO2403-P-3800,IO2403-P-3800,114.8,0.0,0.0,0.0,6,119.4,123.4,6,114.8,120.0,0.0,0.0,0.0,0.0,138
2023-05-10 09:52:56,IO2403-P-3800,IO2403-P-3800,114.8,0.0,0.0,0.0,6,119.4,123.4,9,114.8,120.0,0.0,0.0,0.0,0.0,138
2023-05-10 09:52:57,IO2403-P-3800,IO2403-P-3800,114.8,0.0,0.0,0.0,6,119.4,123.4,6,114.8,120.0,0.0,0.0,0.0,0.0,138
2023-05-10 09:53:04,IO2403-P-3800,IO2403-P-3800,114.8,0.0,0.0,0.0,6,119.6,123.6,34,114.8,120.0,0.0,0.0,0.0,0.0,138
2023-05-10 09:53:05,IO2403-P-3800,IO2403-P-3800,114.8,0.0,0.0,0.0,6,119.8,123.6,16,114.8,120.0,0.0,0.0,0.0,0.0,138
2023-05-10 09:53:05,IO2403-P-3800,IO2403-P-3800,114.8,0.0,0.0,0.0,6,119.8,123.6,7,114.8,120.0,0.0,0.0,0.0,0.0,138
2023-05-10 09:53:06,IO2403-P-3800,IO2403-P-3800,114.8,0.0,0.0,0.0,4,120.0,123.6,1,114.8,120.0,0.0,0.0,0.0,0.0,138
2023-05-10 09:53:06,IO2403-P-3800,IO2403-P-3800,114.8,0.0,0.0,0.0,6,120.2,123.6,7,114.8,120.0,0.0,0.0,0.0,0.0,138
2023-05-10 09:53:12,IO2403-P-3800,IO2403-P-3800,114.8,0.0,0.0,0.0,6,120.2,123.6,9,114.8,120.0,0.0,0.0,0.0,0.0,138
2023-05-10 09:53:13,IO2403-P-3800,IO2403-P-3800,114.8,0.0,0.0,0.0,6,120.2,123.6,7,114.8,120.0,0.0,0.0,0.0,0.0,138
2023-05-10 09:53:13,IO2403-P-3800,IO2403-P-3800,114.8,0.0,0.0,0.0,6,120.2,123.6,9,114.8,120.0,0.0,0.0,0.0,0.0,138
2023-05-10 09:53:14,IO2403-P-3800,IO2403-P-3800,114.8,0.0,0.0,0.0,6,120.2,123.6,12,114.8,120.0,0.0,0.0,0.0,0.0,138
2023-05-10 09:53:15,IO2403-P-3800,IO2403-P-3800,114.8,0.0,0.0,0.0,6,119.8,123.4,6,114.8,120.0,0.0,0.0,0.0,0.0,138
2023-05-10 09:53:15,IO2403-P-3800,IO2403-P-3800,114.8,0.0,0.0,0.0,6,119.8,123.2,2,114.8,120.0,0.0,0.0,0.0,0.0,138
2023-05-10 09:53:16,IO2403-P-3800,IO2403-P-3800,114.8,0.0,0.0,0.0,6,119.6,123.0,6,114.8,120.0,0.0,0.0,0.0,0.0,138
2023-05-10 09:53:16,IO2403-P-3800,IO2403-P-3800,114.8,0.0,0.0,0.0,6,119.4,123.2,6,114.8,120.0,0.0,0.0,0.0,0.0,138
2023-05-10 09:53:17,IO2403-P-3800,IO2403-P-3800,114.8,0.0,0.0,0.0,52,119.2,123.4,6,114.8,120.0,0.0,0.0,0.0,0.0,138
2023-05-10 09:53:17,IO2403-P-3800,IO2403-P-3800,114.8,0.0,0.0,0.0,34,119.2,123.4,11,114.8,120.0,0.0,0.0,0.0,0.0,138
2023-05-10 09:53:18,IO2403-P-3800,IO2403-P-3800,114.8,0.0,0.0,0.0,6,119.4,123.4,3,114.8,120.0,0.0,0.0,0.0,0.0,138
2023-05-10 09:53:18,IO2403-P-3800,IO2403-P-3800,114.8,0.0,0.0,0.0,6,119.4,123.4,5,114.8,120.0,0.0,0.0,0.0,0.0,138
2023-05-10 09:53:19,IO2403-P-3800,IO2403-P-3800,114.8,0.0,0.0,0.0,6,119.4,123.4,2,114.8,120.0,0.0,0.0,0.0,0.0,138
2023-05-10 09:53:20,IO2403-P-3800,IO2403-P-3800,114.8,0.0,0.0,0.0,6,119.4,123.6,4,114.8,120.0,0.0,0.0,0.0,0.0,138
2023-05-10 09:53:20,IO2403-P-3800,IO2403-P-3800,114.8,0.0,0.0,0.0,6,119.4,123.4,2,114.8,120.0,0.0,0.0,0.0,0.0,138
2023-05-10 09:53:22,IO2403-P-3800,IO2403-P-3800,114.8,0.0,0.0,0.0,6,119.4,123.6,4,114.8,120.0,0.0,0.0,0.0,0.0,138
2023-05-10 09:53:22,IO2403-P-3800,IO2403-P-3800,114.8,0.0,0.0,0.0,6,119.4,123.4,2,114.8,120.0,0.0,0.0,0.0,0.0,138
2023-05-10 09:53:27,IO2403-P-3800,IO2403-P-3800,114.8,0.0,0.0,0.0,6,119.4,123.6,4,114.8,120.0,0.0,0.0,0.0,0.0,138
2023-05-10 09:53:28,IO2403-P-3800,IO2403-P-3800,114.8,0.0,0.0,0.0,6,119.4,123.4,2,114.8,120.0,0.0,0.0,0.0,0.0,138
2023-05-10 09:53:28,IO2403-P-3800,IO2403-P-3800,114.8,0.0,0.0,0.0,6,119.4,123.6,1,114.8,120.0,0.0,0.0,0.0,0.0,138
2023-05-10 09:53:29,IO2403-P-3800,IO2403-P-3800,114.8,0.0,0.0,0.0,6,119.4,123.6,3,114.8,120.0,0.0,0.0,0.0,0.0,138
2023-05-10 09:53:31,IO2403-P-3800,IO2403-P-3800,114.8,0.0,0.0,0.0,6,119.4,123.6,1,114.8,120.0,0.0,0.0,0.0,0.0,138
2023-05-10 09:53:31,IO2403-P-3800,IO2403-P-3800,114.8,0.0,0.0,0.0,6,119.4,123.6,3,114.8,120.0,0.0,0.0,0.0,0.0,138
2023-05-10 09:53:38,IO2403-P-3800,IO2403-P-3800,114.8,0.0,0.0,0.0,6,119.4,123.4,6,114.8,120.0,0.0,0.0,0.0,0.0,138
2023-05-10 09:53:39,IO2403-P-3800,IO2403-P-3800,114.8,0.0,0.0,0.0,6,119.4,123.4,9,114.8,120.0,0.0,0.0,0.0,0.0,138
2023-05-10 09:53:42,IO2403-P-3800,IO2403-P-3800,114.8,0.0,0.0,0.0,6,119.4,123.4,11,114.8,120.0,0.0,0.0,0.0,0.0,138
2023-05-10 09:53:58,IO2403-P-3800,IO2403-P-3800,114.8,0.0,0.0,0.0,6,119.4,123.4,9,114.8,120.0,0.0,0.0,0.0,0.0,138
2023-05-10 09:53:58,IO2403-P-3800,IO2403-P-3800,114.8,0.0,0.0,0.0,6,119.4,123.4,11,114.8,120.0,0.0,0.0,0.0,0.0,138
2023-05-10 09:54:04,IO2403-P-3800,IO2403-P-3800,114.8,0.0,0.0,0.0,6,119.4,123.4,9,114.8,120.0,0.0,0.0,0.0,0.0,138
2023-05-10 09:54:10,IO2403-P-3800,IO2403-P-3800,114.8,0.0,0.0,0.0,6,119.4,123.4,11,114.8,120.0,0.0,0.0,0.0,0.0,138
2023-05-10 09:54:21,IO2403-P-3800,IO2403-P-3800,114.8,0.0,0.0,0.0,16,119.2,123.2,6,114.8,120.0,0.0,0.0,0.0,0.0,138
2023-05-10 09:54:21,IO2403-P-3800,IO2403-P-3800,114.8,0.0,0.0,0.0,10,119.2,123.2,8,114.8,120.0,0.0,0.0,0.0,0.0,138
2023-05-10 09:54:22,IO2403-P-3800,IO2403-P-3800,114.8,0.0,0.0,0.0,4,119.2,123.0,6,114.8,120.0,0.0,0.0,0.0,0.0,138
2023-05-10 09:54:22,IO2403-P-3800,IO2403-P-3800,114.8,0.0,0.0,0.0,1,119.2,123.0,3,114.8,120.0,0.0,0.0,0.0,0.0,138
2023-05-10 09:54:23,IO2403-P-3800,IO2403-P-3800,114.8,0.0,0.0,0.0,7,119.2,122.8,6,114.8,120.0,0.0,0.0,0.0,0.0,138
2023-05-10 09:54:23,IO2403-P-3800,IO2403-P-3800,114.8,0.0,0.0,0.0,4,119.2,123.4,6,114.8,120.0,0.0,0.0,0.0,0.0,138
2023-05-10 09:54:24,IO2403-P-3800,IO2403-P-3800,114.8,0.0,0.0,0.0,4,119.2,123.2,3,114.8,120.0,0.0,0.0,0.0,0.0,138
2023-05-10 09:54:24,IO2403-P-3800,IO2403-P-3800,114.8,0.0,0.0,0.0,1,119.2,123.0,6,114.8,120.0,0.0,0.0,0.0,0.0,138
2023-05-10 09:54:25,IO2403-P-3800,IO2403-P-3800,114.8,0.0,0.0,0.0,1,119.2,123.4,6,114.8,120.0,0.0,0.0,0.0,0.0,138
2023-05-10 09:54:25,IO2403-P-3800,IO2403-P-3800,114.8,0.0,0.0,0.0,1,119.2,123.4,11,114.8,120.0,0.0,0.0,0.0,0.0,138
2023-05-10 09:54:26,IO2403-P-3800,IO2403-P-3800,114.8,0.0,0.0,0.0,7,119.2,123.4,9,114.8,120.0,0.0,0.0,0.0,0.0,138
2023-05-10 09:54:26,IO2403-P-3800,IO2403-P-3800,114.8,0.0,0.0,0.0,6,119.4,123.2,6,114.8,120.0,0.0,0.0,0.0,0.0,138
2023-05-10 09:54:27,IO2403-P-3800,IO2403-P-3800,114.8,0.0,0.0,0.0,9,119.4,123.2,6,114.8,120.0,0.0,0.0,0.0,0.0,138
2023-05-10 09:54:29,IO2403-P-3800,IO2403-P-3800,114.8,0.0,0.0,0.0,6,119.4,123.2,6,114.8,120.0,0.0,0.0,0.0,0.0,138
2023-05-10 09:54:36,IO2403-P-3800,IO2403-P-3800,114.8,0.0,0.0,0.0,1,120.0,123.2,6,114.8,120.0,0.0,0.0,0.0,0.0,138
2023-05-10 09:54:40,IO2403-P-3800,IO2403-P-3800,114.8,0.0,0.0,0.0,6,120.2,123.2,6,114.8,120.0,0.0,0.0,0.0,0.0,138
2023-05-10 09:54:41,IO2403-P-3800,IO2403-P-3800,114.8,0.0,0.0,0.0,7,120.0,123.4,6,114.8,120.0,0.0,0.0,0.0,0.0,138
2023-05-10 09:54:54,IO2403-P-3800,IO2403-P-3800,114.8,0.0,0.0,0.0,7,120.0,123.4,9,114.8,120.0,0.0,0.0,0.0,0.0,138
2023-05-10 09:54:55,IO2403-P-3800,IO2403-P-3800,114.8,0.0,0.0,0.0,6,120.2,123.2,6,114.8,120.0,0.0,0.0,0.0,0.0,138
2023-05-10 09:54:59,IO2403-P-3800,IO2403-P-3800,114.8,0.0,0.0,0.0,7,120.0,123.4,6,114.8,120.0,0.0,0.0,0.0,0.0,138
2023-05-10 09:55:03,IO2403-P-3800,IO2403-P-3800,114.8,0.0,0.0,0.0,10,120.0,123.4,6,114.8,120.0,0.0,0.0,0.0,0.0,138
2023-05-10 09:55:04,IO2403-P-3800,IO2403-P-3800,114.8,0.0,0.0,0.0,6,120.2,123.8,57,114.8,120.0,0.0,0.0,0.0,0.0,138
2023-05-10 09:55:05,IO2403-P-3800,IO2403-P-3800,114.8,0.0,0.0,0.0,6,120.2,123.8,18,114.8,120.0,0.0,0.0,0.0,0.0,138
2023-05-10 09:55:05,IO2403-P-3800,IO2403-P-3800,114.8,0.0,0.0,0.0,6,120.2,123.8,6,114.8,120.0,0.0,0.0,0.0,0.0,138
2023-05-10 09:55:17,IO2403-P-3800,IO2403-P-3800,114.8,0.0,0.0,0.0,3,120.4,123.8,6,114.8,120.0,0.0,0.0,0.0,0.0,138
2023-05-10 09:55:17,IO2403-P-3800,IO2403-P-3800,114.8,0.0,0.0,0.0,6,120.2,123.8,9,114.8,120.0,0.0,0.0,0.0,0.0,138
2023-05-10 09:55:18,IO2403-P-3800,IO2403-P-3800,114.8,0.0,0.0,0.0,6,120.2,123.8,6,114.8,120.0,0.0,0.0,0.0,0.0,138
2023-05-10 09:55:31,IO2403-P-3800,IO2403-P-3800,114.8,0.0,0.0,0.0,6,120.2,124.0,21,114.8,120.0,0.0,0.0,0.0,0.0,138
2023-05-10 09:55:32,IO2403-P-3800,IO2403-P-3800,114.8,0.0,0.0,0.0,6,120.4,124.0,15,114.8,120.0,0.0,0.0,0.0,0.0,138
2023-05-10 09:55:32,IO2403-P-3800,IO2403-P-3800,114.8,0.0,0.0,0.0,6,120.6,123.8,6,114.8,120.0,0.0,0.0,0.0,0.0,138
2023-05-10 09:55:33,IO2403-P-3800,IO2403-P-3800,114.8,0.0,0.0,0.0,6,120.2,124.2,51,114.8,120.0,0.0,0.0,0.0,0.0,138
2023-05-10 09:55:34,IO2403-P-3800,IO2403-P-3800,114.8,0.0,0.0,0.0,6,120.2,124.2,33,114.8,120.0,0.0,0.0,0.0,0.0,138
2023-05-10 09:55:37,IO2403-P-3800,IO2403-P-3800,114.8,0.0,0.0,0.0,6,120.2,124.2,27,114.8,120.0,0.0,0.0,0.0,0.0,138
2023-05-10 09:55:40,IO2403-P-3800,IO2403-P-3800,114.8,0.0,0.0,0.0,6,120.2,124.2,28,114.8,120.0,0.0,0.0,0.0,0.0,138
2023-05-10 09:55:45,IO2403-P-3800,IO2403-P-3800,114.8,0.0,0.0,0.0,6,120.2,124.2,27,114.8,120.0,0.0,0.0,0.0,0.0,138
2023-05-10 09:55:48,IO2403-P-3800,IO2403-P-3800,114.8,0.0,0.0,0.0,6,120.2,124.2,21,114.8,120.0,0.0,0.0,0.0,0.0,138
2023-05-10 09:56:07,IO2403-P-3800,IO2403-P-3800,114.8,0.0,0.0,0.0,6,120.2,124.2,23,114.8,120.0,0.0,0.0,0.0,0.0,138
2023-05-10 09:56:10,IO2403-P-3800,IO2403-P-3800,114.8,0.0,0.0,0.0,6,120.2,124.2,21,114.8,120.0,0.0,0.0,0.0,0.0,138
2023-05-10 09:56:41,IO2403-P-3800,IO2403-P-3800,114.8,0.0,0.0,0.0,4,120.0,124.0,6,114.8,120.0,0.0,0.0,0.0,0.0,138
2023-05-10 09:56:42,IO2403-P-3800,IO2403-P-3800,114.8,0.0,0.0,0.0,1,120.0,124.0,6,114.8,120.0,0.0,0.0,0.0,0.0,138
2023-05-10 09:56:45,IO2403-P-3800,IO2403-P-3800,114.8,0.0,0.0,0.0,6,120.2,124.2,28,114.8,120.0,0.0,0.0,0.0,0.0,138
2023-05-10 09:56:45,IO2403-P-3800,IO2403-P-3800,114.8,0.0,0.0,0.0,9,120.2,124.2,28,114.8,120.0,0.0,0.0,0.0,0.0,138
2023-05-10 09:56:46,IO2403-P-3800,IO2403-P-3800,114.8,0.0,0.0,0.0,6,120.4,124.0,6,114.8,120.0,0.0,0.0,0.0,0.0,138
2023-05-10 09:56:50,IO2403-P-3800,IO2403-P-3800,114.8,0.0,0.0,0.0,6,120.4,123.8,3,114.8,120.0,0.0,0.0,0.0,0.0,138
2023-05-10 09:56:51,IO2403-P-3800,IO2403-P-3800,114.8,0.0,0.0,0.0,6,120.2,123.6,6,114.8,120.0,0.0,0.0,0.0,0.0,138
2023-05-10 09:56:51,IO2403-P-3800,IO2403-P-3800,114.8,0.0,0.0,0.0,1,120.0,124.0,6,114.8,120.0,0.0,0.0,0.0,0.0,138
2023-05-10 09:56:52,IO2403-P-3800,IO2403-P-3800,114.8,0.0,0.0,0.0,1,120.0,124.0,9,114.8,120.0,0.0,0.0,0.0,0.0,138
2023-05-10 09:56:52,IO2403-P-3800,IO2403-P-3800,114.8,0.0,0.0,0.0,7,120.0,123.8,6,114.8,120.0,0.0,0.0,0.0,0.0,138
2023-05-10 09:56:53,IO2403-P-3800,IO2403-P-3800,114.8,0.0,0.0,0.0,3,120.2,123.8,6,114.8,120.0,0.0,0.0,0.0,0.0,138
2023-05-10 09:56:53,IO2403-P-3800,IO2403-P-3800,114.8,0.0,0.0,0.0,7,120.0,123.8,6,114.8,120.0,0.0,0.0,0.0,0.0,138
2023-05-10 09:56:54,IO2403-P-3800,IO2403-P-3800,114.8,0.0,0.0,0.0,3,120.2,123.8,6,114.8,120.0,0.0,0.0,0.0,0.0,138
2023-05-10 09:56:55,IO2403-P-3800,IO2403-P-3800,114.8,0.0,0.0,0.0,7,120.0,123.8,6,114.8,120.0,0.0,0.0,0.0,0.0,138
2023-05-10 09:56:56,IO2403-P-3800,IO2403-P-3800,114.8,0.0,0.0,0.0,10,120.0,123.8,6,114.8,120.0,0.0,0.0,0.0,0.0,138
2023-05-10 09:56:58,IO2403-P-3800,IO2403-P-3800,114.8,0.0,0.0,0.0,6,120.2,124.0,3,114.8,120.0,0.0,0.0,0.0,0.0,138
2023-05-10 09:56:59,IO2403-P-3800,IO2403-P-3800,114.8,0.0,0.0,0.0,6,120.2,124.2,24,114.8,120.0,0.0,0.0,0.0,0.0,138
2023-05-10 09:56:59,IO2403-P-3800,IO2403-P-3800,114.8,0.0,0.0,0.0,9,120.2,124.2,26,114.8,120.0,0.0,0.0,0.0,0.0,138
2023-05-10 09:57:00,IO2403-P-3800,IO2403-P-3800,114.8,0.0,0.0,0.0,6,120.4,124.0,6,114.8,120.0,0.0,0.0,0.0,0.0,138
2023-05-10 09:57:01,IO2403-P-3800,IO2403-P-3800,114.8,0.0,0.0,0.0,6,120.4,124.0,8,114.8,120.0,0.0,0.0,0.0,0.0,138
2023-05-10 09:57:02,IO2403-P-3800,IO2403-P-3800,114.8,0.0,0.0,0.0,6,120.4,124.0,6,114.8,120.0,0.0,0.0,0.0,0.0,138
2023-05-10 09:57:08,IO2403-P-3800,IO2403-P-3800,114.8,0.0,0.0,0.0,6,120.4,123.2,1,114.8,120.0,0.0,0.0,0.0,0.0,138
2023-05-10 09:57:11,IO2403-P-3800,IO2403-P-3800,114.8,0.0,0.0,0.0,3,120.2,123.0,6,114.8,120.0,0.0,0.0,0.0,0.0,138
2023-05-10 09:57:11,IO2403-P-3800,IO2403-P-3800,114.8,0.0,0.0,0.0,6,120.0,123.0,6,114.8,120.0,0.0,0.0,0.0,0.0,138
2023-05-10 09:57:12,IO2403-P-3800,IO2403-P-3800,114.8,0.0,0.0,0.0,24,119.8,123.2,1,114.8,120.0,0.0,0.0,0.0,0.0,138
2023-05-10 09:57:12,IO2403-P-3800,IO2403-P-3800,114.8,0.0,0.0,0.0,6,119.8,123.0,6,114.8,120.0,0.0,0.0,0.0,0.0,138
2023-05-10 09:57:13,IO2403-P-3800,IO2403-P-3800,114.8,0.0,0.0,0.0,3,120.0,123.2,1,114.8,120.0,0.0,0.0,0.0,0.0,138
2023-05-10 09:57:13,IO2403-P-3800,IO2403-P-3800,114.8,0.0,0.0,0.0,6,120.2,123.0,6,114.8,120.0,0.0,0.0,0.0,0.0,138
2023-05-10 09:57:14,IO2403-P-3800,IO2403-P-3800,114.8,0.0,0.0,0.0,6,120.0,123.2,7,114.8,120.0,0.0,0.0,0.0,0.0,138
2023-05-10 09:57:16,IO2403-P-3800,IO2403-P-3800,114.8,0.0,0.0,0.0,4,119.8,123.0,6,114.8,120.0,0.0,0.0,0.0,0.0,138
2023-05-10 09:57:18,IO2403-P-3800,IO2403-P-3800,114.8,0.0,0.0,0.0,1,119.8,123.0,6,114.8,120.0,0.0,0.0,0.0,0.0,138
2023-05-10 09:57:19,IO2403-P-3800,IO2403-P-3800,114.8,0.0,0.0,0.0,6,120.0,123.2,7,114.8,120.0,0.0,0.0,0.0,0.0,138
2023-05-10 09:57:19,IO2403-P-3800,IO2403-P-3800,114.8,0.0,0.0,0.0,9,120.0,123.2,7,114.8,120.0,0.0,0.0,0.0,0.0,138
2023-05-10 09:57:20,IO2403-P-3800,IO2403-P-3800,114.8,0.0,0.0,0.0,6,120.2,123.0,6,114.8,120.0,0.0,0.0,0.0,0.0,138
2023-05-10 09:57:27,IO2403-P-3800,IO2403-P-3800,114.8,0.0,0.0,0.0,3,120.0,123.0,6,114.8,120.0,0.0,0.0,0.0,0.0,138
2023-05-10 09:57:28,IO2403-P-3800,IO2403-P-3800,114.8,0.0,0.0,0.0,1,119.8,123.0,6,114.8,120.0,0.0,0.0,0.0,0.0,138
2023-05-10 09:57:38,IO2403-P-3800,IO2403-P-3800,114.8,0.0,0.0,0.0,6,120.0,123.0,6,114.8,120.0,0.0,0.0,0.0,0.0,138
2023-05-10 09:57:44,IO2403-P-3800,IO2403-P-3800,120.0,1.0,12000.0,1.0,6,120.0,123.0,6,114.8,120.0,120.0,120.0,1.0,12000.0,139
2023-05-10 09:57:54,IO2403-P-3800,IO2403-P-3800,120.0,0.0,0.0,0.0,1,119.8,123.0,6,114.8,120.0,120.0,120.0,1.0,12000.0,139
2023-05-10 09:58:00,IO2403-P-3800,IO2403-P-3800,120.0,0.0,0.0,0.0,1,119.8,123.0,8,114.8,120.0,120.0,120.0,1.0,12000.0,139
2023-05-10 09:58:01,IO2403-P-3800,IO2403-P-3800,120.0,0.0,0.0,0.0,1,119.8,122.8,6,114.8,120.0,120.0,120.0,1.0,12000.0,139
2023-05-10 09:58:01,IO2403-P-3800,IO2403-P-3800,120.0,0.0,0.0,0.0,1,119.8,123.0,6,114.8,120.0,120.0,120.0,1.0,12000.0,139
2023-05-10 09:58:29,IO2403-P-3800,IO2403-P-3800,120.0,0.0,0.0,0.0,1,119.8,123.0,8,114.8,120.0,120.0,120.0,1.0,12000.0,139
2023-05-10 09:58:29,IO2403-P-3800,IO2403-P-3800,120.0,0.0,0.0,0.0,1,119.8,122.8,6,114.8,120.0,120.0,120.0,1.0,12000.0,139
2023-05-10 09:58:30,IO2403-P-3800,IO2403-P-3800,120.0,0.0,0.0,0.0,1,119.8,123.0,6,114.8,120.0,120.0,120.0,1.0,12000.0,139
2023-05-10 09:58:45,IO2403-P-3800,IO2403-P-3800,120.0,0.0,0.0,0.0,1,119.8,123.0,7,114.8,120.0,120.0,120.0,1.0,12000.0,139
2023-05-10 09:58:46,IO2403-P-3800,IO2403-P-3800,120.0,0.0,0.0,0.0,1,119.8,122.8,6,114.8,120.0,120.0,120.0,1.0,12000.0,139
2023-05-10 09:59:07,IO2403-P-3800,IO2403-P-3800,120.0,0.0,0.0,0.0,7,119.8,122.8,6,114.8,120.0,120.0,120.0,1.0,12000.0,139
2023-05-10 09:59:07,IO2403-P-3800,IO2403-P-3800,120.0,0.0,0.0,0.0,1,119.8,123.0,6,114.8,120.0,120.0,120.0,1.0,12000.0,139
2023-05-10 09:59:08,IO2403-P-3800,IO2403-P-3800,120.0,0.0,0.0,0.0,1,119.8,123.0,7,114.8,120.0,120.0,120.0,1.0,12000.0,139
2023-05-10 09:59:09,IO2403-P-3800,IO2403-P-3800,120.0,0.0,0.0,0.0,1,119.8,122.8,6,114.8,120.0,120.0,120.0,1.0,12000.0,139
2023-05-10 09:59:22,IO2403-P-3800,IO2403-P-3800,120.0,0.0,0.0,0.0,1,119.8,123.0,6,114.8,120.0,120.0,120.0,1.0,12000.0,139
2023-05-10 09:59:33,IO2403-P-3800,IO2403-P-3800,120.0,0.0,0.0,0.0,1,119.8,123.0,8,114.8,120.0,120.0,120.0,1.0,12000.0,139
2023-05-10 09:59:34,IO2403-P-3800,IO2403-P-3800,120.0,0.0,0.0,0.0,1,119.8,122.8,6,114.8,120.0,120.0,120.0,1.0,12000.0,139
2023-05-10 09:59:35,IO2403-P-3800,IO2403-P-3800,120.0,0.0,0.0,0.0,1,119.8,123.0,6,114.8,120.0,120.0,120.0,1.0,12000.0,139
2023-05-10 09:59:35,IO2403-P-3800,IO2403-P-3800,120.0,0.0,0.0,0.0,1,119.8,123.0,8,114.8,120.0,120.0,120.0,1.0,12000.0,139
2023-05-10 09:59:36,IO2403-P-3800,IO2403-P-3800,120.0,0.0,0.0,0.0,1,119.8,122.8,6,114.8,120.0,120.0,120.0,1.0,12000.0,139
2023-05-10 09:59:37,IO2403-P-3800,IO2403-P-3800,120.0,0.0,0.0,0.0,1,119.8,123.0,6,114.8,120.0,120.0,120.0,1.0,12000.0,139
2023-05-10 09:59:37,IO2403-P-3800,IO2403-P-3800,120.0,0.0,0.0,0.0,1,119.8,123.0,8,114.8,120.0,120.0,120.0,1.0,12000.0,139
2023-05-10 09:59:38,IO2403-P-3800,IO2403-P-3800,120.0,0.0,0.0,0.0,1,119.8,122.8,6,114.8,120.0,120.0,120.0,1.0,12000.0,139
2023-05-10 09:59:38,IO2403-P-3800,IO2403-P-3800,120.0,0.0,0.0,0.0,1,119.8,123.0,6,114.8,120.0,120.0,120.0,1.0,12000.0,139
2023-05-10 09:59:41,IO2403-P-3800,IO2403-P-3800,120.0,0.0,0.0,0.0,1,119.8,123.0,7,114.8,120.0,120.0,120.0,1.0,12000.0,139
2023-05-10 09:59:41,IO2403-P-3800,IO2403-P-3800,120.0,0.0,0.0,0.0,1,119.8,122.8,6,114.8,120.0,120.0,120.0,1.0,12000.0,139
2023-05-10 09:59:56,IO2403-P-3800,IO2403-P-3800,120.0,0.0,0.0,0.0,1,119.8,122.8,7,114.8,120.0,120.0,120.0,1.0,12000.0,139
2023-05-10 09:59:57,IO2403-P-3800,IO2403-P-3800,120.0,0.0,0.0,0.0,1,119.8,122.6,6,114.8,120.0,120.0,120.0,1.0,12000.0,139
2023-05-10 10:00:07,IO2403-P-3800,IO2403-P-3800,120.0,0.0,0.0,0.0,30,119.4,122.6,6,114.8,120.0,120.0,120.0,1.0,12000.0,139
2023-05-10 10:00:08,IO2403-P-3800,IO2403-P-3800,120.0,0.0,0.0,0.0,12,119.4,122.6,6,114.8,120.0,120.0,120.0,1.0,12000.0,139
2023-05-10 10:00:08,IO2403-P-3800,IO2403-P-3800,120.0,0.0,0.0,0.0,21,119.2,122.6,8,114.8,120.0,120.0,120.0,1.0,12000.0,139
2023-05-10 10:00:09,IO2403-P-3800,IO2403-P-3800,120.0,0.0,0.0,0.0,15,119.2,122.6,6,114.8,120.0,120.0,120.0,1.0,12000.0,139
2023-05-10 10:00:09,IO2403-P-3800,IO2403-P-3800,120.0,0.0,0.0,0.0,6,119.2,122.6,6,114.8,120.0,120.0,120.0,1.0,12000.0,139
2023-05-10 10:00:10,IO2403-P-3800,IO2403-P-3800,120.0,0.0,0.0,0.0,24,119.0,122.6,6,114.8,120.0,120.0,120.0,1.0,12000.0,139
2023-05-10 10:00:10,IO2403-P-3800,IO2403-P-3800,120.0,0.0,0.0,0.0,12,119.0,122.6,8,114.8,120.0,120.0,120.0,1.0,12000.0,139
2023-05-10 10:00:11,IO2403-P-3800,IO2403-P-3800,120.0,0.0,0.0,0.0,28,118.8,122.4,6,114.8,120.0,120.0,120.0,1.0,12000.0,139
2023-05-10 10:00:11,IO2403-P-3800,IO2403-P-3800,120.0,0.0,0.0,0.0,16,118.8,122.4,6,114.8,120.0,120.0,120.0,1.0,12000.0,139
2023-05-10 10:00:12,IO2403-P-3800,IO2403-P-3800,120.0,0.0,0.0,0.0,7,118.8,122.6,9,114.8,120.0,120.0,120.0,1.0,12000.0,139
2023-05-10 10:00:12,IO2403-P-3800,IO2403-P-3800,120.0,0.0,0.0,0.0,1,118.8,122.4,6,114.8,120.0,120.0,120.0,1.0,12000.0,139
2023-05-10 10:00:13,IO2403-P-3800,IO2403-P-3800,120.0,0.0,0.0,0.0,4,118.8,122.4,6,114.8,120.0,120.0,120.0,1.0,12000.0,139
2023-05-10 10:00:13,IO2403-P-3800,IO2403-P-3800,120.0,0.0,0.0,0.0,1,118.8,122.4,2,114.8,120.0,120.0,120.0,1.0,12000.0,139
2023-05-10 10:00:14,IO2403-P-3800,IO2403-P-3800,120.0,0.0,0.0,0.0,7,118.8,122.2,6,114.8,120.0,120.0,120.0,1.0,12000.0,139
2023-05-10 10:00:14,IO2403-P-3800,IO2403-P-3800,120.0,0.0,0.0,0.0,4,118.8,122.4,6,114.8,120.0,120.0,120.0,1.0,12000.0,139
2023-05-10 10:00:18,IO2403-P-3800,IO2403-P-3800,120.0,0.0,0.0,0.0,1,118.8,122.4,6,114.8,120.0,120.0,120.0,1.0,12000.0,139
2023-05-10 10:00:19,IO2403-P-3800,IO2403-P-3800,120.0,0.0,0.0,0.0,4,118.8,122.4,6,114.8,120.0,120.0,120.0,1.0,12000.0,139
2023-05-10 10:00:19,IO2403-P-3800,IO2403-P-3800,120.0,0.0,0.0,0.0,1,118.8,122.4,6,114.8,120.0,120.0,120.0,1.0,12000.0,139
2023-05-10 10:00:24,IO2403-P-3800,IO2403-P-3800,120.0,0.0,0.0,0.0,6,119.0,122.6,9,114.8,120.0,120.0,120.0,1.0,12000.0,139
2023-05-10 10:00:24,IO2403-P-3800,IO2403-P-3800,120.0,0.0,0.0,0.0,9,119.0,122.6,6,114.8,120.0,120.0,120.0,1.0,12000.0,139
2023-05-10 10:00:26,IO2403-P-3800,IO2403-P-3800,120.0,0.0,0.0,0.0,3,119.0,122.6,6,114.8,120.0,120.0,120.0,1.0,12000.0,139
2023-05-10 10:00:26,IO2403-P-3800,IO2403-P-3800,120.0,0.0,0.0,0.0,7,118.8,122.6,6,114.8,120.0,120.0,120.0,1.0,12000.0,139
2023-05-10 10:00:27,IO2403-P-3800,IO2403-P-3800,120.0,0.0,0.0,0.0,10,118.8,122.6,6,114.8,120.0,120.0,120.0,1.0,12000.0,139
2023-05-10 10:00:29,IO2403-P-3800,IO2403-P-3800,120.0,0.0,0.0,0.0,7,118.8,122.6,9,114.8,120.0,120.0,120.0,1.0,12000.0,139
2023-05-10 10:00:30,IO2403-P-3800,IO2403-P-3800,120.0,0.0,0.0,0.0,7,118.8,122.4,6,114.8,120.0,120.0,120.0,1.0,12000.0,139
2023-05-10 10:00:31,IO2403-P-3800,IO2403-P-3800,120.0,0.0,0.0,0.0,7,118.8,122.4,8,114.8,120.0,120.0,120.0,1.0,12000.0,139
2023-05-10 10:00:31,IO2403-P-3800,IO2403-P-3800,120.0,0.0,0.0,0.0,7,118.8,122.2,6,114.8,120.0,120.0,120.0,1.0,12000.0,139
2023-05-10 10:00:32,IO2403-P-3800,IO2403-P-3800,120.0,0.0,0.0,0.0,7,118.8,122.4,6,114.8,120.0,120.0,120.0,1.0,12000.0,139
2023-05-10 10:00:41,IO2403-P-3800,IO2403-P-3800,120.0,0.0,0.0,0.0,1,118.8,122.4,6,114.8,120.0,120.0,120.0,1.0,12000.0,139
2023-05-10 10:00:54,IO2403-P-3800,IO2403-P-3800,120.0,0.0,0.0,0.0,1,118.8,122.2,3,114.8,120.0,120.0,120.0,1.0,12000.0,139
2023-05-10 10:00:54,IO2403-P-3800,IO2403-P-3800,120.0,0.0,0.0,0.0,1,118.8,122.0,6,114.8,120.0,120.0,120.0,1.0,12000.0,139
2023-05-10 10:00:55,IO2403-P-3800,IO2403-P-3800,120.0,0.0,0.0,0.0,1,118.8,122.4,6,114.8,120.0,120.0,120.0,1.0,12000.0,139
2023-05-10 10:00:55,IO2403-P-3800,IO2403-P-3800,120.0,0.0,0.0,0.0,1,118.8,122.4,9,114.8,120.0,120.0,120.0,1.0,12000.0,139
2023-05-10 10:00:56,IO2403-P-3800,IO2403-P-3800,120.0,0.0,0.0,0.0,1,118.8,122.2,6,114.8,120.0,120.0,120.0,1.0,12000.0,139
2023-05-10 10:01:01,IO2403-P-3800,IO2403-P-3800,120.0,0.0,0.0,0.0,1,118.8,122.4,6,114.8,120.0,120.0,120.0,1.0,12000.0,139
2023-05-10 10:01:20,IO2403-P-3800,IO2403-P-3800,120.0,0.0,0.0,0.0,6,119.0,122.6,13,114.8,120.0,120.0,120.0,1.0,12000.0,139
2023-05-10 10:01:21,IO2403-P-3800,IO2403-P-3800,120.0,0.0,0.0,0.0,9,119.0,122.6,7,114.8,120.0,120.0,120.0,1.0,12000.0,139
2023-05-10 10:01:21,IO2403-P-3800,IO2403-P-3800,120.0,0.0,0.0,0.0,6,119.2,122.4,6,114.8,120.0,120.0,120.0,1.0,12000.0,139
2023-05-10 10:01:22,IO2403-P-3800,IO2403-P-3800,120.0,0.0,0.0,0.0,3,119.4,122.4,6,114.8,120.0,120.0,120.0,1.0,12000.0,139
2023-05-10 10:01:25,IO2403-P-3800,IO2403-P-3800,120.0,0.0,0.0,0.0,1,118.8,122.6,6,114.8,120.0,120.0,120.0,1.0,12000.0,139
2023-05-10 10:01:34,IO2403-P-3800,IO2403-P-3800,120.0,0.0,0.0,0.0,1,118.8,122.6,9,114.8,120.0,120.0,120.0,1.0,12000.0,139
2023-05-10 10:01:35,IO2403-P-3800,IO2403-P-3800,120.0,0.0,0.0,0.0,1,118.8,122.4,6,114.8,120.0,120.0,120.0,1.0,12000.0,139
2023-05-10 10:01:36,IO2403-P-3800,IO2403-P-3800,120.0,0.0,0.0,0.0,1,118.8,122.6,6,114.8,120.0,120.0,120.0,1.0,12000.0,139
2023-05-10 10:01:36,IO2403-P-3800,IO2403-P-3800,120.0,0.0,0.0,0.0,1,118.8,122.6,8,114.8,120.0,120.0,120.0,1.0,12000.0,139
2023-05-10 10:01:37,IO2403-P-3800,IO2403-P-3800,120.0,0.0,0.0,0.0,1,118.8,122.4,6,114.8,120.0,120.0,120.0,1.0,12000.0,139
2023-05-10 10:01:40,IO2403-P-3800,IO2403-P-3800,120.0,0.0,0.0,0.0,1,118.8,122.6,6,114.8,120.0,120.0,120.0,1.0,12000.0,139
2023-05-10 10:01:42,IO2403-P-3800,IO2403-P-3800,120.0,0.0,0.0,0.0,1,118.8,122.6,8,114.8,120.0,120.0,120.0,1.0,12000.0,139
2023-05-10 10:01:42,IO2403-P-3800,IO2403-P-3800,120.0,0.0,0.0,0.0,1,118.8,122.4,6,114.8,120.0,120.0,120.0,1.0,12000.0,139
2023-05-10 10:01:43,IO2403-P-3800,IO2403-P-3800,120.0,0.0,0.0,0.0,1,118.8,122.6,6,114.8,120.0,120.0,120.0,1.0,12000.0,139
2023-05-10 10:01:53,IO2403-P-3800,IO2403-P-3800,120.0,0.0,0.0,0.0,21,118.6,122.4,2,114.8,120.0,120.0,120.0,1.0,12000.0,139
