time,symbol_id,symbol_name,last,trade_volume,trade_amount,open_interest_change,bv1,bp1,ap1,av1,yesterday_close,today_open,today_high,today_low,volume,amount,open_interest
2023-05-10 09:29:00,IO2403-C-3500,IO2403-C-3500,611.8,0.0,0.0,0.0,1,502.4,607.0,1,611.8,548.0,0.0,0.0,0.0,0.0,53
2023-05-10 09:30:00,IO2403-C-3500,IO2403-C-3500,611.8,0.0,0.0,0.0,1,513.2,607.0,1,611.8,548.0,0.0,0.0,0.0,0.0,53
2023-05-10 09:30:00,IO2403-C-3500,IO2403-C-3500,611.8,0.0,0.0,0.0,2,513.2,606.8,6,611.8,548.0,0.0,0.0,0.0,0.0,53
2023-05-10 09:30:10,IO2403-C-3500,IO2403-C-3500,611.8,0.0,0.0,0.0,1,513.4,606.8,6,611.8,548.0,0.0,0.0,0.0,0.0,53
2023-05-10 09:30:20,IO2403-C-3500,IO2403-C-3500,611.8,0.0,0.0,0.0,1,513.6,606.8,6,611.8,548.0,0.0,0.0,0.0,0.0,53
2023-05-10 09:30:22,IO2403-C-3500,IO2403-C-3500,611.8,0.0,0.0,0.0,6,554.2,567.6,6,611.8,548.0,0.0,0.0,0.0,0.0,53
2023-05-10 09:30:22,IO2403-C-3500,IO2403-C-3500,611.8,0.0,0.0,0.0,6,535.4,580.4,6,611.8,548.0,0.0,0.0,0.0,0.0,53
2023-05-10 09:30:23,IO2403-C-3500,IO2403-C-3500,611.8,0.0,0.0,0.0,1,513.6,607.8,12,611.8,548.0,0.0,0.0,0.0,0.0,53
2023-05-10 09:30:25,IO2403-C-3500,IO2403-C-3500,611.8,0.0,0.0,0.0,6,536.2,586.2,6,611.8,548.0,0.0,0.0,0.0,0.0,53
2023-05-10 09:30:25,IO2403-C-3500,IO2403-C-3500,611.8,0.0,0.0,0.0,6,556.0,569.4,6,611.8,548.0,0.0,0.0,0.0,0.0,53
2023-05-10 09:30:26,IO2403-C-3500,IO2403-C-3500,611.8,0.0,0.0,0.0,6,556.4,569.8,6,611.8,548.0,0.0,0.0,0.0,0.0,53
2023-05-10 09:30:26,IO2403-C-3500,IO2403-C-3500,611.8,0.0,0.0,0.0,6,556.4,569.4,6,611.8,548.0,0.0,0.0,0.0,0.0,53
2023-05-10 09:30:29,IO2403-C-3500,IO2403-C-3500,611.8,0.0,0.0,0.0,6,555.4,567.6,6,611.8,548.0,0.0,0.0,0.0,0.0,53
2023-05-10 09:30:33,IO2403-C-3500,IO2403-C-3500,611.8,0.0,0.0,0.0,6,555.6,567.6,6,611.8,548.0,0.0,0.0,0.0,0.0,53
2023-05-10 09:30:35,IO2403-C-3500,IO2403-C-3500,611.8,0.0,0.0,0.0,7,555.6,567.6,6,611.8,548.0,0.0,0.0,0.0,0.0,53
2023-05-10 09:30:45,IO2403-C-3500,IO2403-C-3500,611.8,0.0,0.0,0.0,1,555.8,567.6,6,611.8,548.0,0.0,0.0,0.0,0.0,53
2023-05-10 09:30:48,IO2403-C-3500,IO2403-C-3500,611.8,0.0,0.0,0.0,6,555.6,567.6,6,611.8,548.0,0.0,0.0,0.0,0.0,53
2023-05-10 09:31:00,IO2403-C-3500,IO2403-C-3500,611.8,0.0,0.0,0.0,6,555.4,567.6,6,611.8,548.0,0.0,0.0,0.0,0.0,53
2023-05-10 09:31:01,IO2403-C-3500,IO2403-C-3500,611.8,0.0,0.0,0.0,12,554.2,567.6,6,611.8,548.0,0.0,0.0,0.0,0.0,53
2023-05-10 09:31:01,IO2403-C-3500,IO2403-C-3500,611.8,0.0,0.0,0.0,12,554.0,567.8,6,611.8,548.0,0.0,0.0,0.0,0.0,53
2023-05-10 09:31:02,IO2403-C-3500,IO2403-C-3500,611.8,0.0,0.0,0.0,12,552.2,567.8,6,611.8,548.0,0.0,0.0,0.0,0.0,53
2023-05-10 09:31:02,IO2403-C-3500,IO2403-C-3500,611.8,0.0,0.0,0.0,6,552.2,567.8,6,611.8,548.0,0.0,0.0,0.0,0.0,53
2023-05-10 09:31:04,IO2403-C-3500,IO2403-C-3500,611.8,0.0,0.0,0.0,6,550.8,569.4,18,611.8,548.0,0.0,0.0,0.0,0.0,53
2023-05-10 09:31:05,IO2403-C-3500,IO2403-C-3500,611.8,0.0,0.0,0.0,6,550.8,569.4,12,611.8,548.0,0.0,0.0,0.0,0.0,53
2023-05-10 09:31:05,IO2403-C-3500,IO2403-C-3500,611.8,0.0,0.0,0.0,6,551.0,564.4,6,611.8,548.0,0.0,0.0,0.0,0.0,53
2023-05-10 09:31:06,IO2403-C-3500,IO2403-C-3500,611.8,0.0,0.0,0.0,18,550.6,564.6,6,611.8,548.0,0.0,0.0,0.0,0.0,53
2023-05-10 09:31:06,IO2403-C-3500,IO2403-C-3500,611.8,0.0,0.0,0.0,12,550.6,564.4,6,611.8,548.0,0.0,0.0,0.0,0.0,53
2023-05-10 09:31:07,IO2403-C-3500,IO2403-C-3500,611.8,0.0,0.0,0.0,6,550.6,564.4,6,611.8,548.0,0.0,0.0,0.0,0.0,53
2023-05-10 09:31:09,IO2403-C-3500,IO2403-C-3500,611.8,0.0,0.0,0.0,12,549.6,564.4,6,611.8,548.0,0.0,0.0,0.0,0.0,53
2023-05-10 09:31:10,IO2403-C-3500,IO2403-C-3500,611.8,0.0,0.0,0.0,12,548.6,564.4,6,611.8,548.0,0.0,0.0,0.0,0.0,53
2023-05-10 09:31:10,IO2403-C-3500,IO2403-C-3500,611.8,0.0,0.0,0.0,6,548.6,564.4,6,611.8,548.0,0.0,0.0,0.0,0.0,53
2023-05-10 09:31:17,IO2403-C-3500,IO2403-C-3500,611.8,0.0,0.0,0.0,6,546.8,564.4,6,611.8,548.0,0.0,0.0,0.0,0.0,53
2023-05-10 09:31:30,IO2403-C-3500,IO2403-C-3500,611.8,0.0,0.0,0.0,6,550.0,563.4,6,611.8,548.0,0.0,0.0,0.0,0.0,53
2023-05-10 09:31:33,IO2403-C-3500,IO2403-C-3500,611.8,0.0,0.0,0.0,7,550.0,563.4,6,611.8,548.0,0.0,0.0,0.0,0.0,53
2023-05-10 09:31:43,IO2403-C-3500,IO2403-C-3500,611.8,0.0,0.0,0.0,1,550.2,563.4,6,611.8,548.0,0.0,0.0,0.0,0.0,53
2023-05-10 09:31:53,IO2403-C-3500,IO2403-C-3500,611.8,0.0,0.0,0.0,1,550.4,562.8,3,611.8,548.0,0.0,0.0,0.0,0.0,53
2023-05-10 09:31:54,IO2403-C-3500,IO2403-C-3500,611.8,0.0,0.0,0.0,1,550.4,563.4,6,611.8,548.0,0.0,0.0,0.0,0.0,53
2023-05-10 09:31:55,IO2403-C-3500,IO2403-C-3500,611.8,0.0,0.0,0.0,1,550.4,563.2,3,611.8,548.0,0.0,0.0,0.0,0.0,53
2023-05-10 09:31:56,IO2403-C-3500,IO2403-C-3500,611.8,0.0,0.0,0.0,1,550.4,563.4,6,611.8,548.0,0.0,0.0,0.0,0.0,53
2023-05-10 09:31:57,IO2403-C-3500,IO2403-C-3500,611.8,0.0,0.0,0.0,1,550.4,563.4,9,611.8,548.0,0.0,0.0,0.0,0.0,53
2023-05-10 09:31:58,IO2403-C-3500,IO2403-C-3500,611.8,0.0,0.0,0.0,1,550.4,563.4,6,611.8,548.0,0.0,0.0,0.0,0.0,53
2023-05-10 09:32:03,IO2403-C-3500,IO2403-C-3500,611.8,0.0,0.0,0.0,1,550.6,563.4,6,611.8,548.0,0.0,0.0,0.0,0.0,53
2023-05-10 09:32:07,IO2403-C-3500,IO2403-C-3500,611.8,0.0,0.0,0.0,1,550.6,562.8,3,611.8,548.0,0.0,0.0,0.0,0.0,53
2023-05-10 09:32:08,IO2403-C-3500,IO2403-C-3500,611.8,0.0,0.0,0.0,1,550.6,563.4,6,611.8,548.0,0.0,0.0,0.0,0.0,53
2023-05-10 09:32:09,IO2403-C-3500,IO2403-C-3500,611.8,0.0,0.0,0.0,1,550.6,562.4,3,611.8,548.0,0.0,0.0,0.0,0.0,53
2023-05-10 09:32:09,IO2403-C-3500,IO2403-C-3500,611.8,0.0,0.0,0.0,1,550.6,563.4,6,611.8,548.0,0.0,0.0,0.0,0.0,53
2023-05-10 09:32:13,IO2403-C-3500,IO2403-C-3500,611.8,0.0,0.0,0.0,1,550.8,563.4,6,611.8,548.0,0.0,0.0,0.0,0.0,53
2023-05-10 09:32:23,IO2403-C-3500,IO2403-C-3500,611.8,0.0,0.0,0.0,1,551.0,563.4,6,611.8,548.0,0.0,0.0,0.0,0.0,53
2023-05-10 09:32:27,IO2403-C-3500,IO2403-C-3500,611.8,0.0,0.0,0.0,1,550.6,563.4,6,611.8,548.0,0.0,0.0,0.0,0.0,53
2023-05-10 09:32:32,IO2403-C-3500,IO2403-C-3500,611.8,0.0,0.0,0.0,1,550.6,563.4,12,611.8,548.0,0.0,0.0,0.0,0.0,53
2023-05-10 09:32:37,IO2403-C-3500,IO2403-C-3500,611.8,0.0,0.0,0.0,1,550.8,562.2,3,611.8,548.0,0.0,0.0,0.0,0.0,53
2023-05-10 09:32:37,IO2403-C-3500,IO2403-C-3500,611.8,0.0,0.0,0.0,1,550.8,563.4,12,611.8,548.0,0.0,0.0,0.0,0.0,53
2023-05-10 09:32:38,IO2403-C-3500,IO2403-C-3500,611.8,0.0,0.0,0.0,1,550.8,563.2,3,611.8,548.0,0.0,0.0,0.0,0.0,53
2023-05-10 09:32:39,IO2403-C-3500,IO2403-C-3500,611.8,0.0,0.0,0.0,1,550.8,563.4,12,611.8,548.0,0.0,0.0,0.0,0.0,53
2023-05-10 09:32:46,IO2403-C-3500,IO2403-C-3500,611.8,0.0,0.0,0.0,1,550.8,562.2,3,611.8,548.0,0.0,0.0,0.0,0.0,53
2023-05-10 09:32:47,IO2403-C-3500,IO2403-C-3500,611.8,0.0,0.0,0.0,1,551.0,563.4,12,611.8,548.0,0.0,0.0,0.0,0.0,53
2023-05-10 09:32:48,IO2403-C-3500,IO2403-C-3500,611.8,0.0,0.0,0.0,1,551.0,563.0,3,611.8,548.0,0.0,0.0,0.0,0.0,53
2023-05-10 09:32:49,IO2403-C-3500,IO2403-C-3500,611.8,0.0,0.0,0.0,1,551.0,563.4,12,611.8,548.0,0.0,0.0,0.0,0.0,53
2023-05-10 09:32:50,IO2403-C-3500,IO2403-C-3500,611.8,0.0,0.0,0.0,1,551.0,563.0,3,611.8,548.0,0.0,0.0,0.0,0.0,53
2023-05-10 09:32:50,IO2403-C-3500,IO2403-C-3500,611.8,0.0,0.0,0.0,1,551.0,563.4,12,611.8,548.0,0.0,0.0,0.0,0.0,53
2023-05-10 09:32:51,IO2403-C-3500,IO2403-C-3500,611.8,0.0,0.0,0.0,1,551.0,563.0,3,611.8,548.0,0.0,0.0,0.0,0.0,53
2023-05-10 09:32:52,IO2403-C-3500,IO2403-C-3500,611.8,0.0,0.0,0.0,1,551.0,561.8,1,611.8,548.0,0.0,0.0,0.0,0.0,53
2023-05-10 09:32:57,IO2403-C-3500,IO2403-C-3500,611.8,0.0,0.0,0.0,1,551.2,561.8,1,611.8,548.0,0.0,0.0,0.0,0.0,53
2023-05-10 09:33:07,IO2403-C-3500,IO2403-C-3500,611.8,0.0,0.0,0.0,1,551.4,561.8,1,611.8,548.0,0.0,0.0,0.0,0.0,53
2023-05-10 09:33:13,IO2403-C-3500,IO2403-C-3500,611.8,0.0,0.0,0.0,1,551.4,563.0,15,611.8,548.0,0.0,0.0,0.0,0.0,53
2023-05-10 09:33:13,IO2403-C-3500,IO2403-C-3500,611.8,0.0,0.0,0.0,1,551.4,563.0,6,611.8,548.0,0.0,0.0,0.0,0.0,53
2023-05-10 09:33:14,IO2403-C-3500,IO2403-C-3500,611.8,0.0,0.0,0.0,1,551.4,563.4,24,611.8,548.0,0.0,0.0,0.0,0.0,53
2023-05-10 09:33:14,IO2403-C-3500,IO2403-C-3500,611.8,0.0,0.0,0.0,1,551.4,563.4,18,611.8,548.0,0.0,0.0,0.0,0.0,53
2023-05-10 09:33:17,IO2403-C-3500,IO2403-C-3500,611.8,0.0,0.0,0.0,1,552.0,563.4,18,611.8,548.0,0.0,0.0,0.0,0.0,53
2023-05-10 09:33:20,IO2403-C-3500,IO2403-C-3500,611.8,0.0,0.0,0.0,6,552.2,563.4,6,611.8,548.0,0.0,0.0,0.0,0.0,53
2023-05-10 09:33:21,IO2403-C-3500,IO2403-C-3500,611.8,0.0,0.0,0.0,6,552.4,563.6,12,611.8,548.0,0.0,0.0,0.0,0.0,53
2023-05-10 09:33:21,IO2403-C-3500,IO2403-C-3500,611.8,0.0,0.0,0.0,6,552.4,563.6,6,611.8,548.0,0.0,0.0,0.0,0.0,53
2023-05-10 09:33:25,IO2403-C-3500,IO2403-C-3500,611.8,0.0,0.0,0.0,1,553.0,563.6,6,611.8,548.0,0.0,0.0,0.0,0.0,53
2023-05-10 09:33:25,IO2403-C-3500,IO2403-C-3500,611.8,0.0,0.0,0.0,2,553.0,563.6,6,611.8,548.0,0.0,0.0,0.0,0.0,53
2023-05-10 09:33:27,IO2403-C-3500,IO2403-C-3500,611.8,0.0,0.0,0.0,1,554.0,563.6,6,611.8,548.0,0.0,0.0,0.0,0.0,53
2023-05-10 09:33:36,IO2403-C-3500,IO2403-C-3500,611.8,0.0,0.0,0.0,1,553.0,563.4,6,611.8,548.0,0.0,0.0,0.0,0.0,53
2023-05-10 09:33:36,IO2403-C-3500,IO2403-C-3500,611.8,0.0,0.0,0.0,1,553.2,563.4,6,611.8,548.0,0.0,0.0,0.0,0.0,53
2023-05-10 09:33:41,IO2403-C-3500,IO2403-C-3500,611.8,0.0,0.0,0.0,4,553.2,563.4,6,611.8,548.0,0.0,0.0,0.0,0.0,53
2023-05-10 09:33:42,IO2403-C-3500,IO2403-C-3500,611.8,0.0,0.0,0.0,9,553.2,563.4,6,611.8,548.0,0.0,0.0,0.0,0.0,53
2023-05-10 09:33:43,IO2403-C-3500,IO2403-C-3500,611.8,0.0,0.0,0.0,5,553.2,563.4,6,611.8,548.0,0.0,0.0,0.0,0.0,53
2023-05-10 09:33:45,IO2403-C-3500,IO2403-C-3500,611.8,0.0,0.0,0.0,4,553.2,563.4,6,611.8,548.0,0.0,0.0,0.0,0.0,53
2023-05-10 09:33:45,IO2403-C-3500,IO2403-C-3500,611.8,0.0,0.0,0.0,1,553.2,563.4,6,611.8,548.0,0.0,0.0,0.0,0.0,53
2023-05-10 09:33:46,IO2403-C-3500,IO2403-C-3500,611.8,0.0,0.0,0.0,1,553.4,563.4,6,611.8,548.0,0.0,0.0,0.0,0.0,53
2023-05-10 09:33:56,IO2403-C-3500,IO2403-C-3500,611.8,0.0,0.0,0.0,1,553.6,563.4,6,611.8,548.0,0.0,0.0,0.0,0.0,53
2023-05-10 09:34:03,IO2403-C-3500,IO2403-C-3500,611.8,0.0,0.0,0.0,1,553.6,562.4,3,611.8,548.0,0.0,0.0,0.0,0.0,53
2023-05-10 09:34:03,IO2403-C-3500,IO2403-C-3500,611.8,0.0,0.0,0.0,1,553.2,562.2,6,611.8,548.0,0.0,0.0,0.0,0.0,53
2023-05-10 09:34:04,IO2403-C-3500,IO2403-C-3500,611.8,0.0,0.0,0.0,6,553.2,563.4,6,611.8,548.0,0.0,0.0,0.0,0.0,53
2023-05-10 09:34:04,IO2403-C-3500,IO2403-C-3500,611.8,0.0,0.0,0.0,18,552.4,562.6,3,611.8,548.0,0.0,0.0,0.0,0.0,53
2023-05-10 09:34:05,IO2403-C-3500,IO2403-C-3500,611.8,0.0,0.0,0.0,13,552.4,562.4,6,611.8,548.0,0.0,0.0,0.0,0.0,53
2023-05-10 09:34:05,IO2403-C-3500,IO2403-C-3500,611.8,0.0,0.0,0.0,13,552.4,562.6,6,611.8,548.0,0.0,0.0,0.0,0.0,53
2023-05-10 09:34:06,IO2403-C-3500,IO2403-C-3500,611.8,0.0,0.0,0.0,12,552.4,562.4,3,611.8,548.0,0.0,0.0,0.0,0.0,53
2023-05-10 09:34:06,IO2403-C-3500,IO2403-C-3500,611.8,0.0,0.0,0.0,12,552.4,562.2,6,611.8,548.0,0.0,0.0,0.0,0.0,53
2023-05-10 09:34:20,IO2403-C-3500,IO2403-C-3500,611.8,0.0,0.0,0.0,12,552.4,561.2,3,611.8,548.0,0.0,0.0,0.0,0.0,53
2023-05-10 09:34:20,IO2403-C-3500,IO2403-C-3500,611.8,0.0,0.0,0.0,12,552.4,561.0,6,611.8,548.0,0.0,0.0,0.0,0.0,53
2023-05-10 09:34:21,IO2403-C-3500,IO2403-C-3500,611.8,0.0,0.0,0.0,12,552.4,562.6,6,611.8,548.0,0.0,0.0,0.0,0.0,53
2023-05-10 09:34:21,IO2403-C-3500,IO2403-C-3500,611.8,0.0,0.0,0.0,12,552.4,561.8,3,611.8,548.0,0.0,0.0,0.0,0.0,53
2023-05-10 09:34:22,IO2403-C-3500,IO2403-C-3500,611.8,0.0,0.0,0.0,12,552.4,561.6,6,611.8,548.0,0.0,0.0,0.0,0.0,53
2023-05-10 09:34:27,IO2403-C-3500,IO2403-C-3500,611.8,0.0,0.0,0.0,13,552.4,561.6,6,611.8,548.0,0.0,0.0,0.0,0.0,53
2023-05-10 09:34:28,IO2403-C-3500,IO2403-C-3500,611.8,0.0,0.0,0.0,7,552.4,561.6,6,611.8,548.0,0.0,0.0,0.0,0.0,53
2023-05-10 09:34:29,IO2403-C-3500,IO2403-C-3500,611.8,0.0,0.0,0.0,7,552.4,561.4,1,611.8,548.0,0.0,0.0,0.0,0.0,53
2023-05-10 09:34:29,IO2403-C-3500,IO2403-C-3500,611.8,0.0,0.0,0.0,7,552.4,561.2,6,611.8,548.0,0.0,0.0,0.0,0.0,53
2023-05-10 09:34:32,IO2403-C-3500,IO2403-C-3500,611.8,0.0,0.0,0.0,6,552.4,561.2,6,611.8,548.0,0.0,0.0,0.0,0.0,53
2023-05-10 09:34:32,IO2403-C-3500,IO2403-C-3500,611.8,0.0,0.0,0.0,18,552.0,561.2,6,611.8,548.0,0.0,0.0,0.0,0.0,53
2023-05-10 09:34:33,IO2403-C-3500,IO2403-C-3500,611.8,0.0,0.0,0.0,12,552.0,560.4,3,611.8,548.0,0.0,0.0,0.0,0.0,53
2023-05-10 09:34:33,IO2403-C-3500,IO2403-C-3500,611.8,0.0,0.0,0.0,6,552.0,560.2,6,611.8,548.0,0.0,0.0,0.0,0.0,53
2023-05-10 09:34:34,IO2403-C-3500,IO2403-C-3500,611.8,0.0,0.0,0.0,13,551.8,561.0,6,611.8,548.0,0.0,0.0,0.0,0.0,53
2023-05-10 09:34:34,IO2403-C-3500,IO2403-C-3500,611.8,0.0,0.0,0.0,13,551.8,560.8,3,611.8,548.0,0.0,0.0,0.0,0.0,53
2023-05-10 09:34:35,IO2403-C-3500,IO2403-C-3500,611.8,0.0,0.0,0.0,13,551.8,560.6,6,611.8,548.0,0.0,0.0,0.0,0.0,53
2023-05-10 09:34:37,IO2403-C-3500,IO2403-C-3500,611.8,0.0,0.0,0.0,12,551.8,560.6,6,611.8,548.0,0.0,0.0,0.0,0.0,53
2023-05-10 09:34:37,IO2403-C-3500,IO2403-C-3500,611.8,0.0,0.0,0.0,6,551.8,560.6,6,611.8,548.0,0.0,0.0,0.0,0.0,53
2023-05-10 09:34:38,IO2403-C-3500,IO2403-C-3500,611.8,0.0,0.0,0.0,18,551.6,560.6,6,611.8,548.0,0.0,0.0,0.0,0.0,53
2023-05-10 09:34:42,IO2403-C-3500,IO2403-C-3500,611.8,0.0,0.0,0.0,19,551.6,560.6,6,611.8,548.0,0.0,0.0,0.0,0.0,53
2023-05-10 09:34:46,IO2403-C-3500,IO2403-C-3500,611.8,0.0,0.0,0.0,18,551.6,560.6,6,611.8,548.0,0.0,0.0,0.0,0.0,53
2023-05-10 09:34:53,IO2403-C-3500,IO2403-C-3500,611.8,0.0,0.0,0.0,18,551.6,561.0,6,611.8,548.0,0.0,0.0,0.0,0.0,53
2023-05-10 09:34:54,IO2403-C-3500,IO2403-C-3500,611.8,0.0,0.0,0.0,18,551.6,560.6,3,611.8,548.0,0.0,0.0,0.0,0.0,53
2023-05-10 09:34:55,IO2403-C-3500,IO2403-C-3500,611.8,0.0,0.0,0.0,18,551.6,560.4,6,611.8,548.0,0.0,0.0,0.0,0.0,53
2023-05-10 09:34:55,IO2403-C-3500,IO2403-C-3500,611.8,0.0,0.0,0.0,18,551.6,561.0,6,611.8,548.0,0.0,0.0,0.0,0.0,53
2023-05-10 09:34:56,IO2403-C-3500,IO2403-C-3500,611.8,0.0,0.0,0.0,19,551.6,561.0,6,611.8,548.0,0.0,0.0,0.0,0.0,53
2023-05-10 09:35:02,IO2403-C-3500,IO2403-C-3500,611.8,0.0,0.0,0.0,18,551.6,561.0,6,611.8,548.0,0.0,0.0,0.0,0.0,53
2023-05-10 09:35:03,IO2403-C-3500,IO2403-C-3500,611.8,0.0,0.0,0.0,18,551.6,560.0,3,611.8,548.0,0.0,0.0,0.0,0.0,53
2023-05-10 09:35:03,IO2403-C-3500,IO2403-C-3500,611.8,0.0,0.0,0.0,18,551.6,559.8,6,611.8,548.0,0.0,0.0,0.0,0.0,53
2023-05-10 09:35:04,IO2403-C-3500,IO2403-C-3500,611.8,0.0,0.0,0.0,18,551.6,560.8,6,611.8,548.0,0.0,0.0,0.0,0.0,53
2023-05-10 09:35:04,IO2403-C-3500,IO2403-C-3500,611.8,0.0,0.0,0.0,18,551.6,559.6,3,611.8,548.0,0.0,0.0,0.0,0.0,53
2023-05-10 09:35:05,IO2403-C-3500,IO2403-C-3500,611.8,0.0,0.0,0.0,18,551.6,559.4,6,611.8,548.0,0.0,0.0,0.0,0.0,53
2023-05-10 09:35:05,IO2403-C-3500,IO2403-C-3500,611.8,0.0,0.0,0.0,18,551.6,559.6,6,611.8,548.0,0.0,0.0,0.0,0.0,53
2023-05-10 09:35:06,IO2403-C-3500,IO2403-C-3500,611.8,0.0,0.0,0.0,18,551.6,559.4,9,611.8,548.0,0.0,0.0,0.0,0.0,53
2023-05-10 09:35:06,IO2403-C-3500,IO2403-C-3500,611.8,0.0,0.0,0.0,18,551.6,559.4,6,611.8,548.0,0.0,0.0,0.0,0.0,53
2023-05-10 09:35:07,IO2403-C-3500,IO2403-C-3500,611.8,0.0,0.0,0.0,18,551.6,559.2,3,611.8,548.0,0.0,0.0,0.0,0.0,53
2023-05-10 09:35:08,IO2403-C-3500,IO2403-C-3500,611.8,0.0,0.0,0.0,19,551.6,559.0,6,611.8,548.0,0.0,0.0,0.0,0.0,53
2023-05-10 09:35:08,IO2403-C-3500,IO2403-C-3500,611.8,0.0,0.0,0.0,19,551.6,559.4,6,611.8,548.0,0.0,0.0,0.0,0.0,53
2023-05-10 09:35:16,IO2403-C-3500,IO2403-C-3500,611.8,0.0,0.0,0.0,18,551.6,559.4,6,611.8,548.0,0.0,0.0,0.0,0.0,53
2023-05-10 09:35:18,IO2403-C-3500,IO2403-C-3500,611.8,0.0,0.0,0.0,12,551.6,559.4,6,611.8,548.0,0.0,0.0,0.0,0.0,53
2023-05-10 09:35:18,IO2403-C-3500,IO2403-C-3500,611.8,0.0,0.0,0.0,6,551.6,559.4,6,611.8,548.0,0.0,0.0,0.0,0.0,53
2023-05-10 09:35:31,IO2403-C-3500,IO2403-C-3500,611.8,0.0,0.0,0.0,19,550.8,559.4,6,611.8,548.0,0.0,0.0,0.0,0.0,53
2023-05-10 09:35:32,IO2403-C-3500,IO2403-C-3500,611.8,0.0,0.0,0.0,13,550.8,559.4,6,611.8,548.0,0.0,0.0,0.0,0.0,53
2023-05-10 09:35:40,IO2403-C-3500,IO2403-C-3500,611.8,0.0,0.0,0.0,6,550.8,559.4,6,611.8,548.0,0.0,0.0,0.0,0.0,53
2023-05-10 09:35:41,IO2403-C-3500,IO2403-C-3500,611.8,0.0,0.0,0.0,13,550.4,559.4,6,611.8,548.0,0.0,0.0,0.0,0.0,53
2023-05-10 09:35:43,IO2403-C-3500,IO2403-C-3500,611.8,0.0,0.0,0.0,13,550.4,559.4,12,611.8,548.0,0.0,0.0,0.0,0.0,53
2023-05-10 09:35:44,IO2403-C-3500,IO2403-C-3500,611.8,0.0,0.0,0.0,12,550.4,559.2,6,611.8,548.0,0.0,0.0,0.0,0.0,53
2023-05-10 09:35:44,IO2403-C-3500,IO2403-C-3500,611.8,0.0,0.0,0.0,6,550.4,559.2,6,611.8,548.0,0.0,0.0,0.0,0.0,53
2023-05-10 09:35:45,IO2403-C-3500,IO2403-C-3500,611.8,0.0,0.0,0.0,13,549.8,559.2,6,611.8,548.0,0.0,0.0,0.0,0.0,53
2023-05-10 09:35:54,IO2403-C-3500,IO2403-C-3500,611.8,0.0,0.0,0.0,1,550.0,559.2,6,611.8,548.0,0.0,0.0,0.0,0.0,53
2023-05-10 09:36:00,IO2403-C-3500,IO2403-C-3500,611.8,0.0,0.0,0.0,1,550.0,559.4,6,611.8,548.0,0.0,0.0,0.0,0.0,53
2023-05-10 09:36:01,IO2403-C-3500,IO2403-C-3500,611.8,0.0,0.0,0.0,2,550.0,559.4,6,611.8,548.0,0.0,0.0,0.0,0.0,53
2023-05-10 09:36:02,IO2403-C-3500,IO2403-C-3500,611.8,0.0,0.0,0.0,1,550.0,559.4,6,611.8,548.0,0.0,0.0,0.0,0.0,53
2023-05-10 09:36:04,IO2403-C-3500,IO2403-C-3500,611.8,0.0,0.0,0.0,1,550.2,559.4,6,611.8,548.0,0.0,0.0,0.0,0.0,53
2023-05-10 09:36:08,IO2403-C-3500,IO2403-C-3500,611.8,0.0,0.0,0.0,7,550.2,559.4,6,611.8,548.0,0.0,0.0,0.0,0.0,53
2023-05-10 09:36:11,IO2403-C-3500,IO2403-C-3500,611.8,0.0,0.0,0.0,1,550.4,559.4,6,611.8,548.0,0.0,0.0,0.0,0.0,53
2023-05-10 09:36:12,IO2403-C-3500,IO2403-C-3500,611.8,0.0,0.0,0.0,9,550.4,559.4,6,611.8,548.0,0.0,0.0,0.0,0.0,53
2023-05-10 09:36:13,IO2403-C-3500,IO2403-C-3500,611.8,0.0,0.0,0.0,6,550.6,559.4,6,611.8,548.0,0.0,0.0,0.0,0.0,53
2023-05-10 09:36:19,IO2403-C-3500,IO2403-C-3500,611.8,0.0,0.0,0.0,1,550.8,559.4,6,611.8,548.0,0.0,0.0,0.0,0.0,53
2023-05-10 09:36:27,IO2403-C-3500,IO2403-C-3500,611.8,0.0,0.0,0.0,7,550.6,559.4,6,611.8,548.0,0.0,0.0,0.0,0.0,53
2023-05-10 09:36:29,IO2403-C-3500,IO2403-C-3500,611.8,0.0,0.0,0.0,1,550.8,559.4,6,611.8,548.0,0.0,0.0,0.0,0.0,53
2023-05-10 09:36:32,IO2403-C-3500,IO2403-C-3500,611.8,0.0,0.0,0.0,21,550.4,559.4,6,611.8,548.0,0.0,0.0,0.0,0.0,53
2023-05-10 09:36:32,IO2403-C-3500,IO2403-C-3500,611.8,0.0,0.0,0.0,12,550.4,559.4,6,611.8,548.0,0.0,0.0,0.0,0.0,53
2023-05-10 09:36:33,IO2403-C-3500,IO2403-C-3500,611.8,0.0,0.0,0.0,6,550.4,559.0,3,611.8,548.0,0.0,0.0,0.0,0.0,53
2023-05-10 09:36:33,IO2403-C-3500,IO2403-C-3500,611.8,0.0,0.0,0.0,12,550.2,558.8,6,611.8,548.0,0.0,0.0,0.0,0.0,53
2023-05-10 09:36:34,IO2403-C-3500,IO2403-C-3500,611.8,0.0,0.0,0.0,6,550.2,558.8,6,611.8,548.0,0.0,0.0,0.0,0.0,53
2023-05-10 09:36:34,IO2403-C-3500,IO2403-C-3500,611.8,0.0,0.0,0.0,18,550.0,558.8,6,611.8,548.0,0.0,0.0,0.0,0.0,53
2023-05-10 09:36:35,IO2403-C-3500,IO2403-C-3500,611.8,0.0,0.0,0.0,12,550.0,558.8,6,611.8,548.0,0.0,0.0,0.0,0.0,53
2023-05-10 09:36:35,IO2403-C-3500,IO2403-C-3500,611.8,0.0,0.0,0.0,6,550.0,558.8,6,611.8,548.0,0.0,0.0,0.0,0.0,53
2023-05-10 09:36:36,IO2403-C-3500,IO2403-C-3500,611.8,0.0,0.0,0.0,25,549.8,559.2,6,611.8,548.0,0.0,0.0,0.0,0.0,53
2023-05-10 09:36:38,IO2403-C-3500,IO2403-C-3500,611.8,0.0,0.0,0.0,31,549.8,559.2,6,611.8,548.0,0.0,0.0,0.0,0.0,53
2023-05-10 09:36:39,IO2403-C-3500,IO2403-C-3500,611.8,0.0,0.0,0.0,1,550.8,559.2,6,611.8,548.0,0.0,0.0,0.0,0.0,53
2023-05-10 09:36:40,IO2403-C-3500,IO2403-C-3500,611.8,0.0,0.0,0.0,7,550.8,559.2,6,611.8,548.0,0.0,0.0,0.0,0.0,53
2023-05-10 09:36:46,IO2403-C-3500,IO2403-C-3500,611.8,0.0,0.0,0.0,6,550.8,559.2,6,611.8,548.0,0.0,0.0,0.0,0.0,53
2023-05-10 09:36:47,IO2403-C-3500,IO2403-C-3500,611.8,0.0,0.0,0.0,1,550.4,559.2,6,611.8,548.0,0.0,0.0,0.0,0.0,53
2023-05-10 09:36:49,IO2403-C-3500,IO2403-C-3500,611.8,0.0,0.0,0.0,1,550.4,559.4,6,611.8,548.0,0.0,0.0,0.0,0.0,53
2023-05-10 09:36:50,IO2403-C-3500,IO2403-C-3500,611.8,0.0,0.0,0.0,1,550.4,559.4,12,611.8,548.0,0.0,0.0,0.0,0.0,53
2023-05-10 09:36:50,IO2403-C-3500,IO2403-C-3500,611.8,0.0,0.0,0.0,1,550.4,559.2,6,611.8,548.0,0.0,0.0,0.0,0.0,53
2023-05-10 09:36:52,IO2403-C-3500,IO2403-C-3500,611.8,0.0,0.0,0.0,6,550.2,559.2,6,611.8,548.0,0.0,0.0,0.0,0.0,53
2023-05-10 09:36:52,IO2403-C-3500,IO2403-C-3500,611.8,0.0,0.0,0.0,7,550.0,559.2,6,611.8,548.0,0.0,0.0,0.0,0.0,53
2023-05-10 09:36:56,IO2403-C-3500,IO2403-C-3500,611.8,0.0,0.0,0.0,6,550.0,559.2,6,611.8,548.0,0.0,0.0,0.0,0.0,53
2023-05-10 09:36:56,IO2403-C-3500,IO2403-C-3500,611.8,0.0,0.0,0.0,1,550.0,559.2,6,611.8,548.0,0.0,0.0,0.0,0.0,53
2023-05-10 09:36:57,IO2403-C-3500,IO2403-C-3500,611.8,0.0,0.0,0.0,1,550.0,559.2,9,611.8,548.0,0.0,0.0,0.0,0.0,53
2023-05-10 09:36:58,IO2403-C-3500,IO2403-C-3500,611.8,0.0,0.0,0.0,1,550.0,559.0,6,611.8,548.0,0.0,0.0,0.0,0.0,53
2023-05-10 09:37:01,IO2403-C-3500,IO2403-C-3500,611.8,0.0,0.0,0.0,24,549.8,558.2,6,611.8,548.0,0.0,0.0,0.0,0.0,53
2023-05-10 09:37:02,IO2403-C-3500,IO2403-C-3500,611.8,0.0,0.0,0.0,18,549.8,557.8,3,611.8,548.0,0.0,0.0,0.0,0.0,53
2023-05-10 09:37:02,IO2403-C-3500,IO2403-C-3500,611.8,0.0,0.0,0.0,18,549.8,557.6,6,611.8,548.0,0.0,0.0,0.0,0.0,53
2023-05-10 09:37:03,IO2403-C-3500,IO2403-C-3500,611.8,0.0,0.0,0.0,18,549.8,558.0,6,611.8,548.0,0.0,0.0,0.0,0.0,53
2023-05-10 09:37:03,IO2403-C-3500,IO2403-C-3500,611.8,0.0,0.0,0.0,18,549.8,557.8,3,611.8,548.0,0.0,0.0,0.0,0.0,53
2023-05-10 09:37:04,IO2403-C-3500,IO2403-C-3500,611.8,0.0,0.0,0.0,18,549.8,557.6,6,611.8,548.0,0.0,0.0,0.0,0.0,53
2023-05-10 09:37:04,IO2403-C-3500,IO2403-C-3500,611.8,0.0,0.0,0.0,18,549.8,557.8,6,611.8,548.0,0.0,0.0,0.0,0.0,53
2023-05-10 09:37:07,IO2403-C-3500,IO2403-C-3500,611.8,0.0,0.0,0.0,19,549.8,557.8,6,611.8,548.0,0.0,0.0,0.0,0.0,53
2023-05-10 09:37:11,IO2403-C-3500,IO2403-C-3500,611.8,0.0,0.0,0.0,18,549.8,557.8,6,611.8,548.0,0.0,0.0,0.0,0.0,53
2023-05-10 09:37:21,IO2403-C-3500,IO2403-C-3500,611.8,0.0,0.0,0.0,19,549.8,557.8,6,611.8,548.0,0.0,0.0,0.0,0.0,53
2023-05-10 09:37:22,IO2403-C-3500,IO2403-C-3500,611.8,0.0,0.0,0.0,19,549.8,558.0,6,611.8,548.0,0.0,0.0,0.0,0.0,53
2023-05-10 09:37:22,IO2403-C-3500,IO2403-C-3500,611.8,0.0,0.0,0.0,18,549.8,558.0,6,611.8,548.0,0.0,0.0,0.0,0.0,53
2023-05-10 09:37:33,IO2403-C-3500,IO2403-C-3500,611.8,0.0,0.0,0.0,18,549.8,558.0,12,611.8,548.0,0.0,0.0,0.0,0.0,53
2023-05-10 09:37:33,IO2403-C-3500,IO2403-C-3500,611.8,0.0,0.0,0.0,18,549.8,557.8,6,611.8,548.0,0.0,0.0,0.0,0.0,53
2023-05-10 09:37:43,IO2403-C-3500,IO2403-C-3500,611.8,0.0,0.0,0.0,18,549.8,557.0,3,611.8,548.0,0.0,0.0,0.0,0.0,53
2023-05-10 09:37:43,IO2403-C-3500,IO2403-C-3500,611.8,0.0,0.0,0.0,18,549.8,556.8,6,611.8,548.0,0.0,0.0,0.0,0.0,53
2023-05-10 09:37:44,IO2403-C-3500,IO2403-C-3500,611.8,0.0,0.0,0.0,18,549.8,556.6,6,611.8,548.0,0.0,0.0,0.0,0.0,53
2023-05-10 09:37:44,IO2403-C-3500,IO2403-C-3500,611.8,0.0,0.0,0.0,12,549.8,556.4,6,611.8,548.0,0.0,0.0,0.0,0.0,53
2023-05-10 09:37:45,IO2403-C-3500,IO2403-C-3500,611.8,0.0,0.0,0.0,6,549.8,556.4,12,611.8,548.0,0.0,0.0,0.0,0.0,53
2023-05-10 09:37:45,IO2403-C-3500,IO2403-C-3500,611.8,0.0,0.0,0.0,6,549.8,556.2,6,611.8,548.0,0.0,0.0,0.0,0.0,53
2023-05-10 09:38:05,IO2403-C-3500,IO2403-C-3500,611.8,0.0,0.0,0.0,12,549.8,556.2,6,611.8,548.0,0.0,0.0,0.0,0.0,53
2023-05-10 09:38:06,IO2403-C-3500,IO2403-C-3500,611.8,0.0,0.0,0.0,6,549.8,556.2,6,611.8,548.0,0.0,0.0,0.0,0.0,53
2023-05-10 09:38:07,IO2403-C-3500,IO2403-C-3500,611.8,0.0,0.0,0.0,12,549.8,556.2,6,611.8,548.0,0.0,0.0,0.0,0.0,53
2023-05-10 09:38:16,IO2403-C-3500,IO2403-C-3500,611.8,0.0,0.0,0.0,6,549.8,556.2,6,611.8,548.0,0.0,0.0,0.0,0.0,53
2023-05-10 09:38:17,IO2403-C-3500,IO2403-C-3500,611.8,0.0,0.0,0.0,12,549.8,556.2,6,611.8,548.0,0.0,0.0,0.0,0.0,53
2023-05-10 09:39:07,IO2403-C-3500,IO2403-C-3500,611.8,0.0,0.0,0.0,13,549.8,556.2,6,611.8,548.0,0.0,0.0,0.0,0.0,53
2023-05-10 09:39:08,IO2403-C-3500,IO2403-C-3500,611.8,0.0,0.0,0.0,6,550.0,556.2,6,611.8,548.0,0.0,0.0,0.0,0.0,53
2023-05-10 09:39:09,IO2403-C-3500,IO2403-C-3500,611.8,0.0,0.0,0.0,6,550.2,556.2,6,611.8,548.0,0.0,0.0,0.0,0.0,53
2023-05-10 09:39:09,IO2403-C-3500,IO2403-C-3500,611.8,0.0,0.0,0.0,1,551.8,556.4,6,611.8,548.0,0.0,0.0,0.0,0.0,53
2023-05-10 09:39:11,IO2403-C-3500,IO2403-C-3500,611.8,0.0,0.0,0.0,1,551.8,557.0,42,611.8,548.0,0.0,0.0,0.0,0.0,53
2023-05-10 09:39:12,IO2403-C-3500,IO2403-C-3500,611.8,0.0,0.0,0.0,13,551.8,557.0,24,611.8,548.0,0.0,0.0,0.0,0.0,53
2023-05-10 09:39:12,IO2403-C-3500,IO2403-C-3500,611.8,0.0,0.0,0.0,19,551.8,557.0,24,611.8,548.0,0.0,0.0,0.0,0.0,53
2023-05-10 09:39:14,IO2403-C-3500,IO2403-C-3500,611.8,0.0,0.0,0.0,19,551.8,556.8,6,611.8,548.0,0.0,0.0,0.0,0.0,53
2023-05-10 09:39:15,IO2403-C-3500,IO2403-C-3500,611.8,0.0,0.0,0.0,18,551.8,556.8,6,611.8,548.0,0.0,0.0,0.0,0.0,53
2023-05-10 09:39:16,IO2403-C-3500,IO2403-C-3500,611.8,0.0,0.0,0.0,12,551.8,556.8,6,611.8,548.0,0.0,0.0,0.0,0.0,53
2023-05-10 09:39:17,IO2403-C-3500,IO2403-C-3500,611.8,0.0,0.0,0.0,6,551.8,557.0,6,611.8,548.0,0.0,0.0,0.0,0.0,53
2023-05-10 09:39:17,IO2403-C-3500,IO2403-C-3500,611.8,0.0,0.0,0.0,18,551.0,557.0,6,611.8,548.0,0.0,0.0,0.0,0.0,53
2023-05-10 09:39:18,IO2403-C-3500,IO2403-C-3500,611.8,0.0,0.0,0.0,18,551.0,557.2,6,611.8,548.0,0.0,0.0,0.0,0.0,53
2023-05-10 09:39:19,IO2403-C-3500,IO2403-C-3500,611.8,0.0,0.0,0.0,18,551.0,557.4,6,611.8,548.0,0.0,0.0,0.0,0.0,53
2023-05-10 09:39:20,IO2403-C-3500,IO2403-C-3500,611.8,0.0,0.0,0.0,18,551.0,557.6,6,611.8,548.0,0.0,0.0,0.0,0.0,53
2023-05-10 09:39:27,IO2403-C-3500,IO2403-C-3500,611.8,0.0,0.0,0.0,12,551.0,557.6,6,611.8,548.0,0.0,0.0,0.0,0.0,53
2023-05-10 09:39:28,IO2403-C-3500,IO2403-C-3500,611.8,0.0,0.0,0.0,6,551.0,557.6,6,611.8,548.0,0.0,0.0,0.0,0.0,53
2023-05-10 09:39:28,IO2403-C-3500,IO2403-C-3500,611.8,0.0,0.0,0.0,18,550.8,557.6,6,611.8,548.0,0.0,0.0,0.0,0.0,53
2023-05-10 09:39:31,IO2403-C-3500,IO2403-C-3500,611.8,0.0,0.0,0.0,18,550.8,557.8,6,611.8,548.0,0.0,0.0,0.0,0.0,53
2023-05-10 09:39:37,IO2403-C-3500,IO2403-C-3500,611.8,0.0,0.0,0.0,19,550.8,557.8,6,611.8,548.0,0.0,0.0,0.0,0.0,53
2023-05-10 09:39:52,IO2403-C-3500,IO2403-C-3500,611.8,0.0,0.0,0.0,18,550.8,557.8,6,611.8,548.0,0.0,0.0,0.0,0.0,53
2023-05-10 09:39:53,IO2403-C-3500,IO2403-C-3500,611.8,0.0,0.0,0.0,12,550.8,557.8,6,611.8,548.0,0.0,0.0,0.0,0.0,53
2023-05-10 09:39:53,IO2403-C-3500,IO2403-C-3500,611.8,0.0,0.0,0.0,6,550.8,557.8,6,611.8,548.0,0.0,0.0,0.0,0.0,53
2023-05-10 09:39:54,IO2403-C-3500,IO2403-C-3500,611.8,0.0,0.0,0.0,31,550.4,557.8,6,611.8,548.0,0.0,0.0,0.0,0.0,53
2023-05-10 09:39:54,IO2403-C-3500,IO2403-C-3500,611.8,0.0,0.0,0.0,18,550.4,557.8,6,611.8,548.0,0.0,0.0,0.0,0.0,53
2023-05-10 09:39:55,IO2403-C-3500,IO2403-C-3500,611.8,0.0,0.0,0.0,12,550.4,557.8,6,611.8,548.0,0.0,0.0,0.0,0.0,53
2023-05-10 09:39:55,IO2403-C-3500,IO2403-C-3500,611.8,0.0,0.0,0.0,1,551.8,557.8,6,611.8,548.0,0.0,0.0,0.0,0.0,53
2023-05-10 09:39:56,IO2403-C-3500,IO2403-C-3500,611.8,0.0,0.0,0.0,6,551.8,557.8,6,611.8,548.0,0.0,0.0,0.0,0.0,53
2023-05-10 09:39:56,IO2403-C-3500,IO2403-C-3500,611.8,0.0,0.0,0.0,13,550.2,557.8,6,611.8,548.0,0.0,0.0,0.0,0.0,53
2023-05-10 09:39:57,IO2403-C-3500,IO2403-C-3500,611.8,0.0,0.0,0.0,14,550.2,557.8,6,611.8,548.0,0.0,0.0,0.0,0.0,53
2023-05-10 09:40:03,IO2403-C-3500,IO2403-C-3500,611.8,0.0,0.0,0.0,13,550.2,557.8,6,611.8,548.0,0.0,0.0,0.0,0.0,53
2023-05-10 09:40:05,IO2403-C-3500,IO2403-C-3500,611.8,0.0,0.0,0.0,12,550.2,557.8,6,611.8,548.0,0.0,0.0,0.0,0.0,53
2023-05-10 09:40:05,IO2403-C-3500,IO2403-C-3500,611.8,0.0,0.0,0.0,6,550.2,557.8,6,611.8,548.0,0.0,0.0,0.0,0.0,53
2023-05-10 09:40:06,IO2403-C-3500,IO2403-C-3500,611.8,0.0,0.0,0.0,30,550.0,557.8,6,611.8,548.0,0.0,0.0,0.0,0.0,53
2023-05-10 09:40:19,IO2403-C-3500,IO2403-C-3500,611.8,0.0,0.0,0.0,24,550.0,557.8,6,611.8,548.0,0.0,0.0,0.0,0.0,53
2023-05-10 09:40:23,IO2403-C-3500,IO2403-C-3500,611.8,0.0,0.0,0.0,25,550.0,557.8,6,611.8,548.0,0.0,0.0,0.0,0.0,53
2023-05-10 09:40:26,IO2403-C-3500,IO2403-C-3500,611.8,0.0,0.0,0.0,18,550.0,557.8,12,611.8,548.0,0.0,0.0,0.0,0.0,53
2023-05-10 09:40:27,IO2403-C-3500,IO2403-C-3500,611.8,0.0,0.0,0.0,18,550.0,557.6,6,611.8,548.0,0.0,0.0,0.0,0.0,53
2023-05-10 09:40:32,IO2403-C-3500,IO2403-C-3500,611.8,0.0,0.0,0.0,12,550.0,557.4,1,611.8,548.0,0.0,0.0,0.0,0.0,53
2023-05-10 09:40:33,IO2403-C-3500,IO2403-C-3500,611.8,0.0,0.0,0.0,6,550.0,557.2,6,611.8,548.0,0.0,0.0,0.0,0.0,53
2023-05-10 09:40:40,IO2403-C-3500,IO2403-C-3500,611.8,0.0,0.0,0.0,7,550.0,557.2,6,611.8,548.0,0.0,0.0,0.0,0.0,53
2023-05-10 09:40:41,IO2403-C-3500,IO2403-C-3500,611.8,0.0,0.0,0.0,13,550.0,557.2,6,611.8,548.0,0.0,0.0,0.0,0.0,53
2023-05-10 09:40:42,IO2403-C-3500,IO2403-C-3500,611.8,0.0,0.0,0.0,19,550.0,557.2,6,611.8,548.0,0.0,0.0,0.0,0.0,53
2023-05-10 09:40:43,IO2403-C-3500,IO2403-C-3500,611.8,0.0,0.0,0.0,19,550.0,557.2,12,611.8,548.0,0.0,0.0,0.0,0.0,53
2023-05-10 09:40:43,IO2403-C-3500,IO2403-C-3500,611.8,0.0,0.0,0.0,19,550.0,557.0,6,611.8,548.0,0.0,0.0,0.0,0.0,53
2023-05-10 09:40:45,IO2403-C-3500,IO2403-C-3500,611.8,0.0,0.0,0.0,18,550.0,557.0,6,611.8,548.0,0.0,0.0,0.0,0.0,53
2023-05-10 09:40:48,IO2403-C-3500,IO2403-C-3500,611.8,0.0,0.0,0.0,12,550.0,557.0,6,611.8,548.0,0.0,0.0,0.0,0.0,53
2023-05-10 09:40:49,IO2403-C-3500,IO2403-C-3500,611.8,0.0,0.0,0.0,6,550.0,557.0,6,611.8,548.0,0.0,0.0,0.0,0.0,53
2023-05-10 09:41:05,IO2403-C-3500,IO2403-C-3500,611.8,0.0,0.0,0.0,6,549.8,557.0,6,611.8,548.0,0.0,0.0,0.0,0.0,53
2023-05-10 09:41:05,IO2403-C-3500,IO2403-C-3500,611.8,0.0,0.0,0.0,18,549.4,557.0,12,611.8,548.0,0.0,0.0,0.0,0.0,53
2023-05-10 09:41:06,IO2403-C-3500,IO2403-C-3500,611.8,0.0,0.0,0.0,12,549.4,556.8,6,611.8,548.0,0.0,0.0,0.0,0.0,53
2023-05-10 09:41:06,IO2403-C-3500,IO2403-C-3500,611.8,0.0,0.0,0.0,6,549.4,556.2,6,611.8,548.0,0.0,0.0,0.0,0.0,53
2023-05-10 09:41:07,IO2403-C-3500,IO2403-C-3500,611.8,0.0,0.0,0.0,18,549.0,556.0,6,611.8,548.0,0.0,0.0,0.0,0.0,53
2023-05-10 09:41:07,IO2403-C-3500,IO2403-C-3500,611.8,0.0,0.0,0.0,12,549.0,556.0,6,611.8,548.0,0.0,0.0,0.0,0.0,53
2023-05-10 09:41:08,IO2403-C-3500,IO2403-C-3500,611.8,0.0,0.0,0.0,6,549.0,556.0,6,611.8,548.0,0.0,0.0,0.0,0.0,53
2023-05-10 09:41:08,IO2403-C-3500,IO2403-C-3500,611.8,0.0,0.0,0.0,18,547.8,556.0,6,611.8,548.0,0.0,0.0,0.0,0.0,53
2023-05-10 09:41:09,IO2403-C-3500,IO2403-C-3500,611.8,0.0,0.0,0.0,19,547.8,556.0,6,611.8,548.0,0.0,0.0,0.0,0.0,53
2023-05-10 09:41:19,IO2403-C-3500,IO2403-C-3500,611.8,0.0,0.0,0.0,1,548.0,556.0,6,611.8,548.0,0.0,0.0,0.0,0.0,53
2023-05-10 09:41:21,IO2403-C-3500,IO2403-C-3500,611.8,0.0,0.0,0.0,18,547.8,556.0,6,611.8,548.0,0.0,0.0,0.0,0.0,53
2023-05-10 09:41:36,IO2403-C-3500,IO2403-C-3500,611.8,0.0,0.0,0.0,19,547.8,556.8,6,611.8,548.0,0.0,0.0,0.0,0.0,53
2023-05-10 09:41:44,IO2403-C-3500,IO2403-C-3500,611.8,0.0,0.0,0.0,1,548.0,556.8,6,611.8,548.0,0.0,0.0,0.0,0.0,53
2023-05-10 09:41:44,IO2403-C-3500,IO2403-C-3500,611.8,0.0,0.0,0.0,4,548.0,556.8,6,611.8,548.0,0.0,0.0,0.0,0.0,53
2023-05-10 09:41:48,IO2403-C-3500,IO2403-C-3500,611.8,0.0,0.0,0.0,4,548.0,555.8,6,611.8,548.0,0.0,0.0,0.0,0.0,53
2023-05-10 09:41:49,IO2403-C-3500,IO2403-C-3500,611.8,0.0,0.0,0.0,1,548.0,555.6,6,611.8,548.0,0.0,0.0,0.0,0.0,53
2023-05-10 09:41:49,IO2403-C-3500,IO2403-C-3500,611.8,0.0,0.0,0.0,19,547.8,555.6,6,611.8,548.0,0.0,0.0,0.0,0.0,53
2023-05-10 09:41:51,IO2403-C-3500,IO2403-C-3500,611.8,0.0,0.0,0.0,12,547.8,555.6,6,611.8,548.0,0.0,0.0,0.0,0.0,53
2023-05-10 09:41:51,IO2403-C-3500,IO2403-C-3500,611.8,0.0,0.0,0.0,6,547.8,555.6,6,611.8,548.0,0.0,0.0,0.0,0.0,53
2023-05-10 09:41:52,IO2403-C-3500,IO2403-C-3500,611.8,0.0,0.0,0.0,18,547.4,555.6,6,611.8,548.0,0.0,0.0,0.0,0.0,53
2023-05-10 09:41:52,IO2403-C-3500,IO2403-C-3500,611.8,0.0,0.0,0.0,12,547.4,555.6,6,611.8,548.0,0.0,0.0,0.0,0.0,53
2023-05-10 09:41:53,IO2403-C-3500,IO2403-C-3500,611.8,0.0,0.0,0.0,6,547.4,555.6,6,611.8,548.0,0.0,0.0,0.0,0.0,53
2023-05-10 09:41:53,IO2403-C-3500,IO2403-C-3500,611.8,0.0,0.0,0.0,24,547.0,555.6,6,611.8,548.0,0.0,0.0,0.0,0.0,53
2023-05-10 09:41:54,IO2403-C-3500,IO2403-C-3500,611.8,0.0,0.0,0.0,18,547.0,555.6,6,611.8,548.0,0.0,0.0,0.0,0.0,53
2023-05-10 09:42:02,IO2403-C-3500,IO2403-C-3500,611.8,0.0,0.0,0.0,12,547.0,555.6,12,611.8,548.0,0.0,0.0,0.0,0.0,53
2023-05-10 09:42:03,IO2403-C-3500,IO2403-C-3500,611.8,0.0,0.0,0.0,6,547.0,555.4,6,611.8,548.0,0.0,0.0,0.0,0.0,53
2023-05-10 09:42:03,IO2403-C-3500,IO2403-C-3500,611.8,0.0,0.0,0.0,18,546.6,555.4,6,611.8,548.0,0.0,0.0,0.0,0.0,53
2023-05-10 09:42:25,IO2403-C-3500,IO2403-C-3500,611.8,0.0,0.0,0.0,19,546.6,555.4,6,611.8,548.0,0.0,0.0,0.0,0.0,53
2023-05-10 09:42:35,IO2403-C-3500,IO2403-C-3500,611.8,0.0,0.0,0.0,1,546.8,555.4,6,611.8,548.0,0.0,0.0,0.0,0.0,53
2023-05-10 09:42:46,IO2403-C-3500,IO2403-C-3500,611.8,0.0,0.0,0.0,1,547.0,555.4,6,611.8,548.0,0.0,0.0,0.0,0.0,53
2023-05-10 09:42:51,IO2403-C-3500,IO2403-C-3500,611.8,0.0,0.0,0.0,19,546.6,555.4,6,611.8,548.0,0.0,0.0,0.0,0.0,53
2023-05-10 09:43:00,IO2403-C-3500,IO2403-C-3500,611.8,0.0,0.0,0.0,18,546.6,555.4,6,611.8,548.0,0.0,0.0,0.0,0.0,53
2023-05-10 09:43:05,IO2403-C-3500,IO2403-C-3500,611.8,0.0,0.0,0.0,19,546.6,555.4,6,611.8,548.0,0.0,0.0,0.0,0.0,53
2023-05-10 09:43:12,IO2403-C-3500,IO2403-C-3500,611.8,0.0,0.0,0.0,1,547.2,555.4,6,611.8,548.0,0.0,0.0,0.0,0.0,53
2023-05-10 09:43:13,IO2403-C-3500,IO2403-C-3500,611.8,0.0,0.0,0.0,7,547.2,555.4,6,611.8,548.0,0.0,0.0,0.0,0.0,53
2023-05-10 09:43:15,IO2403-C-3500,IO2403-C-3500,611.8,0.0,0.0,0.0,8,547.2,555.4,6,611.8,548.0,0.0,0.0,0.0,0.0,53
2023-05-10 09:43:24,IO2403-C-3500,IO2403-C-3500,611.8,0.0,0.0,0.0,6,547.4,555.4,6,611.8,548.0,0.0,0.0,0.0,0.0,53
2023-05-10 09:43:25,IO2403-C-3500,IO2403-C-3500,611.8,0.0,0.0,0.0,6,547.6,555.4,6,611.8,548.0,0.0,0.0,0.0,0.0,53
2023-05-10 09:43:39,IO2403-C-3500,IO2403-C-3500,611.8,0.0,0.0,0.0,7,547.4,555.4,6,611.8,548.0,0.0,0.0,0.0,0.0,53
2023-05-10 09:43:42,IO2403-C-3500,IO2403-C-3500,611.8,0.0,0.0,0.0,18,547.2,555.4,12,611.8,548.0,0.0,0.0,0.0,0.0,53
2023-05-10 09:43:43,IO2403-C-3500,IO2403-C-3500,611.8,0.0,0.0,0.0,12,547.2,555.2,6,611.8,548.0,0.0,0.0,0.0,0.0,53
2023-05-10 09:43:43,IO2403-C-3500,IO2403-C-3500,611.8,0.0,0.0,0.0,6,547.2,555.2,6,611.8,548.0,0.0,0.0,0.0,0.0,53
2023-05-10 09:43:44,IO2403-C-3500,IO2403-C-3500,611.8,0.0,0.0,0.0,30,546.6,555.2,6,611.8,548.0,0.0,0.0,0.0,0.0,53
2023-05-10 09:43:44,IO2403-C-3500,IO2403-C-3500,611.8,0.0,0.0,0.0,24,546.6,555.2,6,611.8,548.0,0.0,0.0,0.0,0.0,53
2023-05-10 09:43:50,IO2403-C-3500,IO2403-C-3500,611.8,0.0,0.0,0.0,18,546.6,555.2,6,611.8,548.0,0.0,0.0,0.0,0.0,53
2023-05-10 09:43:58,IO2403-C-3500,IO2403-C-3500,611.8,0.0,0.0,0.0,19,546.6,555.2,6,611.8,548.0,0.0,0.0,0.0,0.0,53
2023-05-10 09:44:04,IO2403-C-3500,IO2403-C-3500,611.8,0.0,0.0,0.0,18,546.6,555.2,6,611.8,548.0,0.0,0.0,0.0,0.0,53
2023-05-10 09:44:34,IO2403-C-3500,IO2403-C-3500,611.8,0.0,0.0,0.0,18,546.6,555.2,12,611.8,548.0,0.0,0.0,0.0,0.0,53
2023-05-10 09:44:34,IO2403-C-3500,IO2403-C-3500,611.8,0.0,0.0,0.0,18,546.6,555.0,6,611.8,548.0,0.0,0.0,0.0,0.0,53
2023-05-10 09:44:40,IO2403-C-3500,IO2403-C-3500,611.8,0.0,0.0,0.0,19,546.6,555.0,6,611.8,548.0,0.0,0.0,0.0,0.0,53
2023-05-10 09:44:50,IO2403-C-3500,IO2403-C-3500,611.8,0.0,0.0,0.0,18,546.6,555.0,6,611.8,548.0,0.0,0.0,0.0,0.0,53
2023-05-10 09:44:56,IO2403-C-3500,IO2403-C-3500,611.8,0.0,0.0,0.0,19,546.6,555.0,6,611.8,548.0,0.0,0.0,0.0,0.0,53
2023-05-10 09:45:01,IO2403-C-3500,IO2403-C-3500,611.8,0.0,0.0,0.0,18,546.6,555.0,6,611.8,548.0,0.0,0.0,0.0,0.0,53
2023-05-10 09:45:02,IO2403-C-3500,IO2403-C-3500,611.8,0.0,0.0,0.0,19,546.6,555.0,6,611.8,548.0,0.0,0.0,0.0,0.0,53
2023-05-10 09:45:07,IO2403-C-3500,IO2403-C-3500,611.8,0.0,0.0,0.0,18,546.6,555.0,6,611.8,548.0,0.0,0.0,0.0,0.0,53
2023-05-10 09:45:17,IO2403-C-3500,IO2403-C-3500,611.8,0.0,0.0,0.0,18,546.6,555.2,6,611.8,548.0,0.0,0.0,0.0,0.0,53
2023-05-10 09:45:17,IO2403-C-3500,IO2403-C-3500,611.8,0.0,0.0,0.0,1,547.8,555.2,6,611.8,548.0,0.0,0.0,0.0,0.0,53
2023-05-10 09:45:18,IO2403-C-3500,IO2403-C-3500,611.8,0.0,0.0,0.0,7,547.8,555.2,6,611.8,548.0,0.0,0.0,0.0,0.0,53
2023-05-10 09:45:22,IO2403-C-3500,IO2403-C-3500,611.8,0.0,0.0,0.0,6,547.8,555.2,6,611.8,548.0,0.0,0.0,0.0,0.0,53
2023-05-10 09:45:22,IO2403-C-3500,IO2403-C-3500,611.8,0.0,0.0,0.0,19,546.6,555.2,6,611.8,548.0,0.0,0.0,0.0,0.0,53
2023-05-10 09:45:27,IO2403-C-3500,IO2403-C-3500,611.8,0.0,0.0,0.0,1,546.8,555.2,6,611.8,548.0,0.0,0.0,0.0,0.0,53
2023-05-10 09:45:38,IO2403-C-3500,IO2403-C-3500,611.8,0.0,0.0,0.0,1,547.0,555.2,6,611.8,548.0,0.0,0.0,0.0,0.0,53
2023-05-10 09:45:48,IO2403-C-3500,IO2403-C-3500,611.8,0.0,0.0,0.0,1,547.2,555.2,6,611.8,548.0,0.0,0.0,0.0,0.0,53
2023-05-10 09:45:49,IO2403-C-3500,IO2403-C-3500,611.8,0.0,0.0,0.0,18,546.6,555.2,6,611.8,548.0,0.0,0.0,0.0,0.0,53
2023-05-10 09:46:04,IO2403-C-3500,IO2403-C-3500,611.8,0.0,0.0,0.0,19,546.6,555.2,6,611.8,548.0,0.0,0.0,0.0,0.0,53
2023-05-10 09:46:06,IO2403-C-3500,IO2403-C-3500,611.8,0.0,0.0,0.0,18,546.6,555.2,6,611.8,548.0,0.0,0.0,0.0,0.0,53
2023-05-10 09:48:08,IO2403-C-3500,IO2403-C-3500,611.8,0.0,0.0,0.0,1,547.0,555.2,6,611.8,548.0,0.0,0.0,0.0,0.0,53
2023-05-10 09:48:12,IO2403-C-3500,IO2403-C-3500,611.8,0.0,0.0,0.0,8,547.0,555.2,6,611.8,548.0,0.0,0.0,0.0,0.0,53
2023-05-10 09:48:12,IO2403-C-3500,IO2403-C-3500,611.8,0.0,0.0,0.0,1,549.0,555.2,6,611.8,548.0,0.0,0.0,0.0,0.0,53
2023-05-10 09:48:13,IO2403-C-3500,IO2403-C-3500,611.8,0.0,0.0,0.0,7,549.0,555.2,6,611.8,548.0,0.0,0.0,0.0,0.0,53
2023-05-10 09:48:16,IO2403-C-3500,IO2403-C-3500,611.8,0.0,0.0,0.0,6,549.0,555.2,6,611.8,548.0,0.0,0.0,0.0,0.0,53
2023-05-10 09:48:17,IO2403-C-3500,IO2403-C-3500,611.8,0.0,0.0,0.0,9,547.2,555.2,6,611.8,548.0,0.0,0.0,0.0,0.0,53
2023-05-10 09:48:17,IO2403-C-3500,IO2403-C-3500,611.8,0.0,0.0,0.0,6,547.2,555.2,6,611.8,548.0,0.0,0.0,0.0,0.0,53
2023-05-10 09:48:18,IO2403-C-3500,IO2403-C-3500,611.8,0.0,0.0,0.0,13,547.0,555.2,6,611.8,548.0,0.0,0.0,0.0,0.0,53
2023-05-10 09:48:19,IO2403-C-3500,IO2403-C-3500,611.8,0.0,0.0,0.0,12,547.0,555.2,6,611.8,548.0,0.0,0.0,0.0,0.0,53
2023-05-10 09:48:24,IO2403-C-3500,IO2403-C-3500,611.8,0.0,0.0,0.0,13,547.0,555.2,6,611.8,548.0,0.0,0.0,0.0,0.0,53
2023-05-10 09:48:34,IO2403-C-3500,IO2403-C-3500,611.8,0.0,0.0,0.0,1,547.2,555.2,6,611.8,548.0,0.0,0.0,0.0,0.0,53
2023-05-10 09:48:37,IO2403-C-3500,IO2403-C-3500,611.8,0.0,0.0,0.0,1,547.8,555.2,6,611.8,548.0,0.0,0.0,0.0,0.0,53
2023-05-10 09:48:37,IO2403-C-3500,IO2403-C-3500,611.8,0.0,0.0,0.0,7,547.8,555.2,6,611.8,548.0,0.0,0.0,0.0,0.0,53
2023-05-10 09:48:48,IO2403-C-3500,IO2403-C-3500,611.8,0.0,0.0,0.0,6,547.8,555.2,6,611.8,548.0,0.0,0.0,0.0,0.0,53
2023-05-10 09:48:49,IO2403-C-3500,IO2403-C-3500,611.8,0.0,0.0,0.0,6,547.0,555.2,6,611.8,548.0,0.0,0.0,0.0,0.0,53
2023-05-10 09:48:49,IO2403-C-3500,IO2403-C-3500,611.8,0.0,0.0,0.0,6,546.8,555.2,6,611.8,548.0,0.0,0.0,0.0,0.0,53
2023-05-10 09:48:50,IO2403-C-3500,IO2403-C-3500,611.8,0.0,0.0,0.0,24,546.6,555.2,6,611.8,548.0,0.0,0.0,0.0,0.0,53
2023-05-10 09:48:50,IO2403-C-3500,IO2403-C-3500,611.8,0.0,0.0,0.0,18,546.6,555.2,6,611.8,548.0,0.0,0.0,0.0,0.0,53
2023-05-10 09:48:52,IO2403-C-3500,IO2403-C-3500,611.8,0.0,0.0,0.0,18,546.6,555.2,12,611.8,548.0,0.0,0.0,0.0,0.0,53
2023-05-10 09:48:53,IO2403-C-3500,IO2403-C-3500,611.8,0.0,0.0,0.0,18,546.6,555.0,6,611.8,548.0,0.0,0.0,0.0,0.0,53
2023-05-10 09:48:59,IO2403-C-3500,IO2403-C-3500,611.8,0.0,0.0,0.0,19,546.6,555.0,6,611.8,548.0,0.0,0.0,0.0,0.0,53
2023-05-10 09:49:00,IO2403-C-3500,IO2403-C-3500,611.8,0.0,0.0,0.0,18,546.6,555.0,6,611.8,548.0,0.0,0.0,0.0,0.0,53
2023-05-10 09:49:03,IO2403-C-3500,IO2403-C-3500,611.8,0.0,0.0,0.0,6,546.8,555.0,6,611.8,548.0,0.0,0.0,0.0,0.0,53
2023-05-10 09:49:03,IO2403-C-3500,IO2403-C-3500,611.8,0.0,0.0,0.0,18,546.6,555.0,6,611.8,548.0,0.0,0.0,0.0,0.0,53
2023-05-10 09:49:26,IO2403-C-3500,IO2403-C-3500,611.8,0.0,0.0,0.0,18,546.6,553.8,6,611.8,548.0,0.0,0.0,0.0,0.0,53
2023-05-10 09:49:26,IO2403-C-3500,IO2403-C-3500,611.8,0.0,0.0,0.0,18,546.6,553.6,6,611.8,548.0,0.0,0.0,0.0,0.0,53
2023-05-10 09:49:27,IO2403-C-3500,IO2403-C-3500,611.8,0.0,0.0,0.0,12,546.6,553.6,6,611.8,548.0,0.0,0.0,0.0,0.0,53
2023-05-10 09:49:27,IO2403-C-3500,IO2403-C-3500,611.8,0.0,0.0,0.0,6,546.6,553.6,6,611.8,548.0,0.0,0.0,0.0,0.0,53
2023-05-10 09:49:28,IO2403-C-3500,IO2403-C-3500,611.8,0.0,0.0,0.0,12,546.6,553.6,6,611.8,548.0,0.0,0.0,0.0,0.0,53
2023-05-10 09:49:39,IO2403-C-3500,IO2403-C-3500,611.8,0.0,0.0,0.0,6,546.6,553.6,6,611.8,548.0,0.0,0.0,0.0,0.0,53
2023-05-10 09:50:15,IO2403-C-3500,IO2403-C-3500,611.8,0.0,0.0,0.0,1,548.0,553.6,6,611.8,548.0,0.0,0.0,0.0,0.0,53
2023-05-10 09:50:24,IO2403-C-3500,IO2403-C-3500,611.8,0.0,0.0,0.0,1,548.0,553.8,6,611.8,548.0,0.0,0.0,0.0,0.0,53
2023-05-10 09:51:01,IO2403-C-3500,IO2403-C-3500,611.8,0.0,0.0,0.0,7,547.4,553.8,6,611.8,548.0,0.0,0.0,0.0,0.0,53
2023-05-10 09:51:02,IO2403-C-3500,IO2403-C-3500,611.8,0.0,0.0,0.0,18,547.2,553.8,6,611.8,548.0,0.0,0.0,0.0,0.0,53
2023-05-10 09:51:02,IO2403-C-3500,IO2403-C-3500,611.8,0.0,0.0,0.0,6,547.2,553.8,6,611.8,548.0,0.0,0.0,0.0,0.0,53
2023-05-10 09:51:03,IO2403-C-3500,IO2403-C-3500,611.8,0.0,0.0,0.0,6,547.0,553.8,6,611.8,548.0,0.0,0.0,0.0,0.0,53
2023-05-10 09:51:03,IO2403-C-3500,IO2403-C-3500,611.8,0.0,0.0,0.0,13,546.8,553.8,6,611.8,548.0,0.0,0.0,0.0,0.0,53
2023-05-10 09:51:04,IO2403-C-3500,IO2403-C-3500,611.8,0.0,0.0,0.0,8,546.8,553.8,6,611.8,548.0,0.0,0.0,0.0,0.0,53
2023-05-10 09:51:04,IO2403-C-3500,IO2403-C-3500,611.8,0.0,0.0,0.0,2,546.8,553.8,6,611.8,548.0,0.0,0.0,0.0,0.0,53
2023-05-10 09:51:09,IO2403-C-3500,IO2403-C-3500,611.8,0.0,0.0,0.0,1,548.0,553.8,6,611.8,548.0,0.0,0.0,0.0,0.0,53
2023-05-10 09:51:14,IO2403-C-3500,IO2403-C-3500,611.8,0.0,0.0,0.0,1,548.0,554.0,6,611.8,548.0,0.0,0.0,0.0,0.0,53
2023-05-10 09:51:15,IO2403-C-3500,IO2403-C-3500,611.8,0.0,0.0,0.0,1,548.0,554.2,6,611.8,548.0,0.0,0.0,0.0,0.0,53
2023-05-10 09:51:16,IO2403-C-3500,IO2403-C-3500,611.8,0.0,0.0,0.0,1,548.0,554.4,6,611.8,548.0,0.0,0.0,0.0,0.0,53
2023-05-10 09:51:16,IO2403-C-3500,IO2403-C-3500,611.8,0.0,0.0,0.0,7,548.0,554.4,6,611.8,548.0,0.0,0.0,0.0,0.0,53
2023-05-10 09:51:17,IO2403-C-3500,IO2403-C-3500,611.8,0.0,0.0,0.0,1,550.4,554.4,6,611.8,548.0,0.0,0.0,0.0,0.0,53
2023-05-10 09:51:24,IO2403-C-3500,IO2403-C-3500,611.8,0.0,0.0,0.0,1,549.0,554.4,6,611.8,548.0,0.0,0.0,0.0,0.0,53
2023-05-10 09:51:58,IO2403-C-3500,IO2403-C-3500,611.8,0.0,0.0,0.0,6,547.0,554.4,6,611.8,548.0,0.0,0.0,0.0,0.0,53
2023-05-10 09:51:58,IO2403-C-3500,IO2403-C-3500,611.8,0.0,0.0,0.0,1,547.8,554.4,6,611.8,548.0,0.0,0.0,0.0,0.0,53
2023-05-10 09:52:07,IO2403-C-3500,IO2403-C-3500,611.8,0.0,0.0,0.0,7,547.0,554.4,6,611.8,548.0,0.0,0.0,0.0,0.0,53
2023-05-10 09:52:08,IO2403-C-3500,IO2403-C-3500,611.8,0.0,0.0,0.0,1,547.2,554.4,6,611.8,548.0,0.0,0.0,0.0,0.0,53
2023-05-10 09:52:11,IO2403-C-3500,IO2403-C-3500,611.8,0.0,0.0,0.0,6,547.0,554.4,6,611.8,548.0,0.0,0.0,0.0,0.0,53
2023-05-10 09:52:13,IO2403-C-3500,IO2403-C-3500,611.8,0.0,0.0,0.0,1,547.8,554.4,6,611.8,548.0,0.0,0.0,0.0,0.0,53
2023-05-10 09:52:16,IO2403-C-3500,IO2403-C-3500,611.8,0.0,0.0,0.0,1,547.8,554.4,12,611.8,548.0,0.0,0.0,0.0,0.0,53
2023-05-10 09:52:17,IO2403-C-3500,IO2403-C-3500,611.8,0.0,0.0,0.0,1,547.8,554.2,6,611.8,548.0,0.0,0.0,0.0,0.0,53
2023-05-10 09:52:26,IO2403-C-3500,IO2403-C-3500,611.8,0.0,0.0,0.0,6,546.8,554.2,6,611.8,548.0,0.0,0.0,0.0,0.0,53
2023-05-10 09:52:27,IO2403-C-3500,IO2403-C-3500,611.8,0.0,0.0,0.0,18,546.6,554.2,6,611.8,548.0,0.0,0.0,0.0,0.0,53
2023-05-10 09:52:27,IO2403-C-3500,IO2403-C-3500,611.8,0.0,0.0,0.0,12,546.6,554.2,6,611.8,548.0,0.0,0.0,0.0,0.0,53
2023-05-10 09:52:28,IO2403-C-3500,IO2403-C-3500,611.8,0.0,0.0,0.0,6,546.6,554.2,6,611.8,548.0,0.0,0.0,0.0,0.0,53
2023-05-10 09:52:34,IO2403-C-3500,IO2403-C-3500,611.8,0.0,0.0,0.0,1,547.6,554.2,6,611.8,548.0,0.0,0.0,0.0,0.0,53
2023-05-10 09:52:39,IO2403-C-3500,IO2403-C-3500,611.8,0.0,0.0,0.0,1,547.6,554.4,6,611.8,548.0,0.0,0.0,0.0,0.0,53
2023-05-10 09:53:00,IO2403-C-3500,IO2403-C-3500,611.8,0.0,0.0,0.0,1,547.6,554.4,12,611.8,548.0,0.0,0.0,0.0,0.0,53
2023-05-10 09:53:00,IO2403-C-3500,IO2403-C-3500,611.8,0.0,0.0,0.0,1,547.6,554.2,6,611.8,548.0,0.0,0.0,0.0,0.0,53
2023-05-10 09:53:02,IO2403-C-3500,IO2403-C-3500,611.8,0.0,0.0,0.0,1,546.8,554.2,6,611.8,548.0,0.0,0.0,0.0,0.0,53
2023-05-10 09:53:15,IO2403-C-3500,IO2403-C-3500,611.8,0.0,0.0,0.0,1,546.8,554.4,6,611.8,548.0,0.0,0.0,0.0,0.0,53
2023-05-10 09:53:16,IO2403-C-3500,IO2403-C-3500,611.8,0.0,0.0,0.0,2,546.8,554.4,6,611.8,548.0,0.0,0.0,0.0,0.0,53
2023-05-10 09:53:17,IO2403-C-3500,IO2403-C-3500,611.8,0.0,0.0,0.0,1,548.0,554.4,6,611.8,548.0,0.0,0.0,0.0,0.0,53
2023-05-10 09:53:21,IO2403-C-3500,IO2403-C-3500,611.8,0.0,0.0,0.0,2,548.0,554.4,6,611.8,548.0,0.0,0.0,0.0,0.0,53
2023-05-10 09:53:25,IO2403-C-3500,IO2403-C-3500,611.8,0.0,0.0,0.0,1,548.0,554.4,6,611.8,548.0,0.0,0.0,0.0,0.0,53
2023-05-10 09:53:27,IO2403-C-3500,IO2403-C-3500,611.8,0.0,0.0,0.0,1,547.6,554.4,6,611.8,548.0,0.0,0.0,0.0,0.0,53
2023-05-10 09:53:30,IO2403-C-3500,IO2403-C-3500,611.8,0.0,0.0,0.0,1,547.0,554.4,6,611.8,548.0,0.0,0.0,0.0,0.0,53
2023-05-10 09:53:40,IO2403-C-3500,IO2403-C-3500,611.8,0.0,0.0,0.0,1,547.2,554.4,6,611.8,548.0,0.0,0.0,0.0,0.0,53
2023-05-10 09:53:51,IO2403-C-3500,IO2403-C-3500,611.8,0.0,0.0,0.0,1,547.4,554.4,6,611.8,548.0,0.0,0.0,0.0,0.0,53
2023-05-10 09:53:58,IO2403-C-3500,IO2403-C-3500,611.8,0.0,0.0,0.0,1,547.6,554.4,6,611.8,548.0,0.0,0.0,0.0,0.0,53
2023-05-10 09:54:01,IO2403-C-3500,IO2403-C-3500,611.8,0.0,0.0,0.0,2,547.6,554.4,6,611.8,548.0,0.0,0.0,0.0,0.0,53
2023-05-10 09:54:04,IO2403-C-3500,IO2403-C-3500,611.8,0.0,0.0,0.0,1,547.6,554.4,6,611.8,548.0,0.0,0.0,0.0,0.0,53
2023-05-10 09:54:05,IO2403-C-3500,IO2403-C-3500,611.8,0.0,0.0,0.0,1,547.2,554.4,6,611.8,548.0,0.0,0.0,0.0,0.0,53
2023-05-10 09:54:06,IO2403-C-3500,IO2403-C-3500,611.8,0.0,0.0,0.0,25,546.6,554.4,6,611.8,548.0,0.0,0.0,0.0,0.0,53
2023-05-10 09:54:06,IO2403-C-3500,IO2403-C-3500,611.8,0.0,0.0,0.0,14,546.6,554.4,6,611.8,548.0,0.0,0.0,0.0,0.0,53
2023-05-10 09:54:13,IO2403-C-3500,IO2403-C-3500,611.8,0.0,0.0,0.0,1,548.0,554.4,6,611.8,548.0,0.0,0.0,0.0,0.0,53
2023-05-10 09:54:26,IO2403-C-3500,IO2403-C-3500,611.8,0.0,0.0,0.0,1,547.4,554.4,6,611.8,548.0,0.0,0.0,0.0,0.0,53
2023-05-10 09:54:26,IO2403-C-3500,IO2403-C-3500,611.8,0.0,0.0,0.0,6,547.2,554.4,6,611.8,548.0,0.0,0.0,0.0,0.0,53
2023-05-10 09:54:27,IO2403-C-3500,IO2403-C-3500,611.8,0.0,0.0,0.0,12,547.0,554.4,6,611.8,548.0,0.0,0.0,0.0,0.0,53
2023-05-10 09:54:27,IO2403-C-3500,IO2403-C-3500,611.8,0.0,0.0,0.0,8,546.8,554.4,6,611.8,548.0,0.0,0.0,0.0,0.0,53
2023-05-10 09:54:28,IO2403-C-3500,IO2403-C-3500,611.8,0.0,0.0,0.0,2,546.8,554.4,6,611.8,548.0,0.0,0.0,0.0,0.0,53
2023-05-10 09:54:36,IO2403-C-3500,IO2403-C-3500,611.8,0.0,0.0,0.0,1,547.0,554.4,6,611.8,548.0,0.0,0.0,0.0,0.0,53
2023-05-10 09:54:46,IO2403-C-3500,IO2403-C-3500,611.8,0.0,0.0,0.0,1,547.2,554.4,6,611.8,548.0,0.0,0.0,0.0,0.0,53
2023-05-10 09:54:56,IO2403-C-3500,IO2403-C-3500,611.8,0.0,0.0,0.0,1,547.4,554.4,6,611.8,548.0,0.0,0.0,0.0,0.0,53
2023-05-10 09:55:03,IO2403-C-3500,IO2403-C-3500,611.8,0.0,0.0,0.0,2,546.8,554.4,6,611.8,548.0,0.0,0.0,0.0,0.0,53
2023-05-10 09:55:04,IO2403-C-3500,IO2403-C-3500,611.8,0.0,0.0,0.0,1,546.8,554.4,6,611.8,548.0,0.0,0.0,0.0,0.0,53
2023-05-10 09:55:06,IO2403-C-3500,IO2403-C-3500,611.8,0.0,0.0,0.0,24,546.6,554.4,12,611.8,548.0,0.0,0.0,0.0,0.0,53
2023-05-10 09:55:07,IO2403-C-3500,IO2403-C-3500,611.8,0.0,0.0,0.0,12,546.6,554.2,6,611.8,548.0,0.0,0.0,0.0,0.0,53
2023-05-10 09:55:07,IO2403-C-3500,IO2403-C-3500,611.8,0.0,0.0,0.0,6,546.6,554.2,6,611.8,548.0,0.0,0.0,0.0,0.0,53
2023-05-10 09:55:21,IO2403-C-3500,IO2403-C-3500,611.8,0.0,0.0,0.0,7,546.6,554.2,6,611.8,548.0,0.0,0.0,0.0,0.0,53
2023-05-10 09:55:23,IO2403-C-3500,IO2403-C-3500,611.8,0.0,0.0,0.0,7,546.6,554.4,6,611.8,548.0,0.0,0.0,0.0,0.0,53
2023-05-10 09:55:32,IO2403-C-3500,IO2403-C-3500,611.8,0.0,0.0,0.0,6,546.6,554.4,6,611.8,548.0,0.0,0.0,0.0,0.0,53
2023-05-10 09:55:32,IO2403-C-3500,IO2403-C-3500,611.8,0.0,0.0,0.0,6,546.6,554.4,12,611.8,548.0,0.0,0.0,0.0,0.0,53
2023-05-10 09:55:33,IO2403-C-3500,IO2403-C-3500,611.8,0.0,0.0,0.0,6,546.6,554.2,6,611.8,548.0,0.0,0.0,0.0,0.0,53
2023-05-10 09:55:44,IO2403-C-3500,IO2403-C-3500,611.8,0.0,0.0,0.0,1,546.4,554.2,6,611.8,548.0,0.0,0.0,0.0,0.0,53
2023-05-10 09:55:52,IO2403-C-3500,IO2403-C-3500,611.8,0.0,0.0,0.0,1,546.6,554.2,6,611.8,548.0,0.0,0.0,0.0,0.0,53
2023-05-10 09:55:53,IO2403-C-3500,IO2403-C-3500,611.8,0.0,0.0,0.0,18,546.2,554.2,6,611.8,548.0,0.0,0.0,0.0,0.0,53
2023-05-10 09:55:53,IO2403-C-3500,IO2403-C-3500,611.8,0.0,0.0,0.0,6,546.2,554.2,6,611.8,548.0,0.0,0.0,0.0,0.0,53
2023-05-10 09:55:54,IO2403-C-3500,IO2403-C-3500,611.8,0.0,0.0,0.0,1,546.0,554.2,6,611.8,548.0,0.0,0.0,0.0,0.0,53
2023-05-10 09:56:03,IO2403-C-3500,IO2403-C-3500,611.8,0.0,0.0,0.0,1,546.2,554.2,6,611.8,548.0,0.0,0.0,0.0,0.0,53
2023-05-10 09:56:10,IO2403-C-3500,IO2403-C-3500,611.8,0.0,0.0,0.0,24,545.8,554.2,6,611.8,548.0,0.0,0.0,0.0,0.0,53
2023-05-10 09:56:11,IO2403-C-3500,IO2403-C-3500,611.8,0.0,0.0,0.0,12,545.8,554.2,6,611.8,548.0,0.0,0.0,0.0,0.0,53
2023-05-10 09:56:11,IO2403-C-3500,IO2403-C-3500,611.8,0.0,0.0,0.0,6,545.8,554.2,6,611.8,548.0,0.0,0.0,0.0,0.0,53
2023-05-10 09:56:30,IO2403-C-3500,IO2403-C-3500,611.8,0.0,0.0,0.0,7,545.8,554.2,6,611.8,548.0,0.0,0.0,0.0,0.0,53
2023-05-10 09:56:40,IO2403-C-3500,IO2403-C-3500,611.8,0.0,0.0,0.0,1,546.8,554.2,6,611.8,548.0,0.0,0.0,0.0,0.0,53
2023-05-10 09:56:46,IO2403-C-3500,IO2403-C-3500,611.8,0.0,0.0,0.0,2,546.8,554.2,6,611.8,548.0,0.0,0.0,0.0,0.0,53
2023-05-10 09:56:47,IO2403-C-3500,IO2403-C-3500,611.8,0.0,0.0,0.0,1,546.8,554.2,6,611.8,548.0,0.0,0.0,0.0,0.0,53
2023-05-10 09:56:50,IO2403-C-3500,IO2403-C-3500,611.8,0.0,0.0,0.0,1,546.4,554.2,6,611.8,548.0,0.0,0.0,0.0,0.0,53
2023-05-10 09:56:58,IO2403-C-3500,IO2403-C-3500,611.8,0.0,0.0,0.0,1,546.0,554.2,6,611.8,548.0,0.0,0.0,0.0,0.0,53
2023-05-10 09:57:07,IO2403-C-3500,IO2403-C-3500,611.8,0.0,0.0,0.0,1,548.8,554.2,6,611.8,548.0,0.0,0.0,0.0,0.0,53
2023-05-10 09:57:11,IO2403-C-3500,IO2403-C-3500,611.8,0.0,0.0,0.0,1,548.8,554.4,6,611.8,548.0,0.0,0.0,0.0,0.0,53
2023-05-10 09:57:19,IO2403-C-3500,IO2403-C-3500,611.8,0.0,0.0,0.0,1,548.0,554.4,6,611.8,548.0,0.0,0.0,0.0,0.0,53
2023-05-10 09:57:19,IO2403-C-3500,IO2403-C-3500,611.8,0.0,0.0,0.0,1,547.4,554.4,6,611.8,548.0,0.0,0.0,0.0,0.0,53
2023-05-10 09:57:29,IO2403-C-3500,IO2403-C-3500,611.8,0.0,0.0,0.0,2,547.4,554.4,6,611.8,548.0,0.0,0.0,0.0,0.0,53
2023-05-10 09:57:39,IO2403-C-3500,IO2403-C-3500,611.8,0.0,0.0,0.0,1,547.6,554.4,6,611.8,548.0,0.0,0.0,0.0,0.0,53
2023-05-10 09:57:49,IO2403-C-3500,IO2403-C-3500,611.8,0.0,0.0,0.0,1,547.8,554.4,6,611.8,548.0,0.0,0.0,0.0,0.0,53
2023-05-10 09:57:54,IO2403-C-3500,IO2403-C-3500,611.8,0.0,0.0,0.0,1,548.6,554.4,6,611.8,548.0,0.0,0.0,0.0,0.0,53
2023-05-10 09:58:04,IO2403-C-3500,IO2403-C-3500,611.8,0.0,0.0,0.0,1,547.2,554.4,6,611.8,548.0,0.0,0.0,0.0,0.0,53
2023-05-10 09:58:19,IO2403-C-3500,IO2403-C-3500,611.8,0.0,0.0,0.0,2,547.2,554.4,6,611.8,548.0,0.0,0.0,0.0,0.0,53
2023-05-10 09:58:27,IO2403-C-3500,IO2403-C-3500,611.8,0.0,0.0,0.0,1,548.6,554.4,6,611.8,548.0,0.0,0.0,0.0,0.0,53
2023-05-10 09:59:05,IO2403-C-3500,IO2403-C-3500,611.8,0.0,0.0,0.0,1,547.0,554.4,6,611.8,548.0,0.0,0.0,0.0,0.0,53
2023-05-10 09:59:06,IO2403-C-3500,IO2403-C-3500,611.8,0.0,0.0,0.0,2,547.0,554.4,6,611.8,548.0,0.0,0.0,0.0,0.0,53
2023-05-10 09:59:07,IO2403-C-3500,IO2403-C-3500,611.8,0.0,0.0,0.0,1,547.0,554.4,12,611.8,548.0,0.0,0.0,0.0,0.0,53
2023-05-10 09:59:07,IO2403-C-3500,IO2403-C-3500,611.8,0.0,0.0,0.0,1,547.0,554.2,6,611.8,548.0,0.0,0.0,0.0,0.0,53
2023-05-10 09:59:12,IO2403-C-3500,IO2403-C-3500,611.8,0.0,0.0,0.0,2,547.0,554.2,6,611.8,548.0,0.0,0.0,0.0,0.0,53
2023-05-10 09:59:17,IO2403-C-3500,IO2403-C-3500,611.8,0.0,0.0,0.0,2,547.0,554.4,6,611.8,548.0,0.0,0.0,0.0,0.0,53
2023-05-10 09:59:24,IO2403-C-3500,IO2403-C-3500,611.8,0.0,0.0,0.0,1,547.2,554.4,6,611.8,548.0,0.0,0.0,0.0,0.0,53
2023-05-10 09:59:29,IO2403-C-3500,IO2403-C-3500,611.8,0.0,0.0,0.0,1,548.2,554.4,6,611.8,548.0,0.0,0.0,0.0,0.0,53
2023-05-10 09:59:35,IO2403-C-3500,IO2403-C-3500,611.8,0.0,0.0,0.0,1,548.2,554.6,6,611.8,548.0,0.0,0.0,0.0,0.0,53
2023-05-10 09:59:56,IO2403-C-3500,IO2403-C-3500,611.8,0.0,0.0,0.0,2,548.2,554.6,6,611.8,548.0,0.0,0.0,0.0,0.0,53
2023-05-10 10:00:01,IO2403-C-3500,IO2403-C-3500,611.8,0.0,0.0,0.0,1,548.2,554.6,6,611.8,548.0,0.0,0.0,0.0,0.0,53
2023-05-10 10:00:09,IO2403-C-3500,IO2403-C-3500,611.8,0.0,0.0,0.0,7,548.2,554.6,6,611.8,548.0,0.0,0.0,0.0,0.0,53
2023-05-10 10:00:09,IO2403-C-3500,IO2403-C-3500,611.8,0.0,0.0,0.0,6,548.4,554.6,6,611.8,548.0,0.0,0.0,0.0,0.0,53
2023-05-10 10:00:10,IO2403-C-3500,IO2403-C-3500,611.8,0.0,0.0,0.0,1,550.4,554.6,6,611.8,548.0,0.0,0.0,0.0,0.0,53
2023-05-10 10:00:11,IO2403-C-3500,IO2403-C-3500,611.8,0.0,0.0,0.0,1,550.4,554.8,6,611.8,548.0,0.0,0.0,0.0,0.0,53
2023-05-10 10:00:13,IO2403-C-3500,IO2403-C-3500,611.8,0.0,0.0,0.0,1,550.4,555.0,6,611.8,548.0,0.0,0.0,0.0,0.0,53
2023-05-10 10:00:13,IO2403-C-3500,IO2403-C-3500,611.8,0.0,0.0,0.0,1,550.4,555.2,30,611.8,548.0,0.0,0.0,0.0,0.0,53
2023-05-10 10:00:14,IO2403-C-3500,IO2403-C-3500,611.8,0.0,0.0,0.0,1,550.4,555.2,18,611.8,548.0,0.0,0.0,0.0,0.0,53
2023-05-10 10:00:14,IO2403-C-3500,IO2403-C-3500,611.8,0.0,0.0,0.0,1,550.4,555.0,6,611.8,548.0,0.0,0.0,0.0,0.0,53
2023-05-10 10:00:15,IO2403-C-3500,IO2403-C-3500,611.8,0.0,0.0,0.0,1,550.4,555.2,6,611.8,548.0,0.0,0.0,0.0,0.0,53
2023-05-10 10:00:17,IO2403-C-3500,IO2403-C-3500,611.8,0.0,0.0,0.0,24,548.8,555.2,6,611.8,548.0,0.0,0.0,0.0,0.0,53
2023-05-10 10:00:17,IO2403-C-3500,IO2403-C-3500,611.8,0.0,0.0,0.0,13,548.8,555.2,6,611.8,548.0,0.0,0.0,0.0,0.0,53
2023-05-10 10:00:18,IO2403-C-3500,IO2403-C-3500,611.8,0.0,0.0,0.0,7,548.8,555.2,6,611.8,548.0,0.0,0.0,0.0,0.0,53
2023-05-10 10:00:18,IO2403-C-3500,IO2403-C-3500,611.8,0.0,0.0,0.0,1,548.8,555.2,6,611.8,548.0,0.0,0.0,0.0,0.0,53
2023-05-10 10:00:22,IO2403-C-3500,IO2403-C-3500,611.8,0.0,0.0,0.0,1,549.4,555.2,6,611.8,548.0,0.0,0.0,0.0,0.0,53
2023-05-10 10:00:32,IO2403-C-3500,IO2403-C-3500,611.8,0.0,0.0,0.0,1,549.4,555.4,6,611.8,548.0,0.0,0.0,0.0,0.0,53
2023-05-10 10:00:37,IO2403-C-3500,IO2403-C-3500,611.8,0.0,0.0,0.0,2,549.4,555.4,6,611.8,548.0,0.0,0.0,0.0,0.0,53
2023-05-10 10:00:47,IO2403-C-3500,IO2403-C-3500,611.8,0.0,0.0,0.0,1,549.6,555.4,6,611.8,548.0,0.0,0.0,0.0,0.0,53
2023-05-10 10:00:54,IO2403-C-3500,IO2403-C-3500,611.8,0.0,0.0,0.0,7,549.6,555.4,6,611.8,548.0,0.0,0.0,0.0,0.0,53
2023-05-10 10:00:57,IO2403-C-3500,IO2403-C-3500,611.8,0.0,0.0,0.0,1,549.8,555.4,6,611.8,548.0,0.0,0.0,0.0,0.0,53
2023-05-10 10:01:07,IO2403-C-3500,IO2403-C-3500,611.8,0.0,0.0,0.0,1,550.0,555.4,6,611.8,548.0,0.0,0.0,0.0,0.0,53
2023-05-10 10:01:17,IO2403-C-3500,IO2403-C-3500,611.8,0.0,0.0,0.0,1,550.2,555.4,6,611.8,548.0,0.0,0.0,0.0,0.0,53
2023-05-10 10:01:18,IO2403-C-3500,IO2403-C-3500,611.8,0.0,0.0,0.0,1,549.8,555.4,6,611.8,548.0,0.0,0.0,0.0,0.0,53
2023-05-10 10:01:19,IO2403-C-3500,IO2403-C-3500,611.8,0.0,0.0,0.0,14,549.4,555.4,6,611.8,548.0,0.0,0.0,0.0,0.0,53
2023-05-10 10:01:20,IO2403-C-3500,IO2403-C-3500,611.8,0.0,0.0,0.0,7,549.4,555.4,6,611.8,548.0,0.0,0.0,0.0,0.0,53
2023-05-10 10:01:20,IO2403-C-3500,IO2403-C-3500,611.8,0.0,0.0,0.0,1,549.4,555.4,6,611.8,548.0,0.0,0.0,0.0,0.0,53
2023-05-10 10:01:21,IO2403-C-3500,IO2403-C-3500,611.8,0.0,0.0,0.0,1,549.4,555.6,6,611.8,548.0,0.0,0.0,0.0,0.0,53
2023-05-10 10:01:29,IO2403-C-3500,IO2403-C-3500,611.8,0.0,0.0,0.0,1,549.6,555.6,6,611.8,548.0,0.0,0.0,0.0,0.0,53
2023-05-10 10:01:32,IO2403-C-3500,IO2403-C-3500,611.8,0.0,0.0,0.0,2,549.6,555.6,6,611.8,548.0,0.0,0.0,0.0,0.0,53
2023-05-10 10:01:41,IO2403-C-3500,IO2403-C-3500,611.8,0.0,0.0,0.0,1,549.8,555.6,6,611.8,548.0,0.0,0.0,0.0,0.0,53
2023-05-10 10:01:42,IO2403-C-3500,IO2403-C-3500,611.8,0.0,0.0,0.0,1,549.6,555.6,6,611.8,548.0,0.0,0.0,0.0,0.0,53
2023-05-10 10:01:43,IO2403-C-3500,IO2403-C-3500,611.8,0.0,0.0,0.0,1,549.6,555.8,6,611.8,548.0,0.0,0.0,0.0,0.0,53
2023-05-10 10:01:44,IO2403-C-3500,IO2403-C-3500,611.8,0.0,0.0,0.0,1,549.6,556.0,6,611.8,548.0,0.0,0.0,0.0,0.0,53
2023-05-10 10:01:45,IO2403-C-3500,IO2403-C-3500,611.8,0.0,0.0,0.0,1,549.6,556.2,6,611.8,548.0,0.0,0.0,0.0,0.0,53
2023-05-10 10:01:46,IO2403-C-3500,IO2403-C-3500,611.8,0.0,0.0,0.0,1,549.6,556.4,6,611.8,548.0,0.0,0.0,0.0,0.0,53
2023-05-10 10:01:49,IO2403-C-3500,IO2403-C-3500,611.8,0.0,0.0,0.0,2,549.6,556.4,6,611.8,548.0,0.0,0.0,0.0,0.0,53
2023-05-10 10:01:59,IO2403-C-3500,IO2403-C-3500,611.8,0.0,0.0,0.0,1,549.8,556.4,6,611.8,548.0,0.0,0.0,0.0,0.0,53
2023-05-10 10:02:07,IO2403-C-3500,IO2403-C-3500,611.8,0.0,0.0,0.0,1,549.6,556.4,6,611.8,548.0,0.0,0.0,0.0,0.0,53
2023-05-10 10:02:12,IO2403-C-3500,IO2403-C-3500,611.8,0.0,0.0,0.0,1,549.4,556.4,6,611.8,548.0,0.0,0.0,0.0,0.0,53
2023-05-10 10:02:18,IO2403-C-3500,IO2403-C-3500,611.8,0.0,0.0,0.0,1,549.6,556.4,6,611.8,548.0,0.0,0.0,0.0,0.0,53
2023-05-10 10:02:28,IO2403-C-3500,IO2403-C-3500,611.8,0.0,0.0,0.0,1,549.8,556.4,6,611.8,548.0,0.0,0.0,0.0,0.0,53
2023-05-10 10:02:30,IO2403-C-3500,IO2403-C-3500,611.8,0.0,0.0,0.0,1,550.0,556.4,6,611.8,548.0,0.0,0.0,0.0,0.0,53
2023-05-10 10:02:38,IO2403-C-3500,IO2403-C-3500,611.8,0.0,0.0,0.0,2,550.0,556.4,6,611.8,548.0,0.0,0.0,0.0,0.0,53
2023-05-10 10:02:42,IO2403-C-3500,IO2403-C-3500,611.8,0.0,0.0,0.0,1,550.0,556.4,6,611.8,548.0,0.0,0.0,0.0,0.0,53
2023-05-10 10:02:48,IO2403-C-3500,IO2403-C-3500,611.8,0.0,0.0,0.0,1,549.2,556.4,6,611.8,548.0,0.0,0.0,0.0,0.0,53
2023-05-10 10:02:53,IO2403-C-3500,IO2403-C-3500,611.8,0.0,0.0,0.0,1,549.4,556.4,6,611.8,548.0,0.0,0.0,0.0,0.0,53
2023-05-10 10:03:01,IO2403-C-3500,IO2403-C-3500,611.8,0.0,0.0,0.0,1,549.0,556.4,6,611.8,548.0,0.0,0.0,0.0,0.0,53
2023-05-10 10:03:02,IO2403-C-3500,IO2403-C-3500,611.8,0.0,0.0,0.0,24,548.8,556.4,6,611.8,548.0,0.0,0.0,0.0,0.0,53
2023-05-10 10:03:02,IO2403-C-3500,IO2403-C-3500,611.8,0.0,0.0,0.0,12,548.8,556.4,6,611.8,548.0,0.0,0.0,0.0,0.0,53
2023-05-10 10:03:03,IO2403-C-3500,IO2403-C-3500,611.8,0.0,0.0,0.0,6,548.8,556.4,6,611.8,548.0,0.0,0.0,0.0,0.0,53
2023-05-10 10:03:09,IO2403-C-3500,IO2403-C-3500,611.8,0.0,0.0,0.0,14,548.6,556.4,6,611.8,548.0,0.0,0.0,0.0,0.0,53
2023-05-10 10:03:10,IO2403-C-3500,IO2403-C-3500,611.8,0.0,0.0,0.0,6,548.8,556.4,6,611.8,548.0,0.0,0.0,0.0,0.0,53
2023-05-10 10:03:11,IO2403-C-3500,IO2403-C-3500,611.8,0.0,0.0,0.0,1,549.8,556.4,6,611.8,548.0,0.0,0.0,0.0,0.0,53
2023-05-10 10:03:40,IO2403-C-3500,IO2403-C-3500,611.8,0.0,0.0,0.0,2,549.8,556.4,6,611.8,548.0,0.0,0.0,0.0,0.0,53
2023-05-10 10:03:50,IO2403-C-3500,IO2403-C-3500,611.8,0.0,0.0,0.0,1,551.0,556.4,6,611.8,548.0,0.0,0.0,0.0,0.0,53
2023-05-10 10:03:58,IO2403-C-3500,IO2403-C-3500,611.8,0.0,0.0,0.0,1,550.2,556.4,6,611.8,548.0,0.0,0.0,0.0,0.0,53
2023-05-10 10:04:00,IO2403-C-3500,IO2403-C-3500,611.8,0.0,0.0,0.0,1,549.8,556.4,6,611.8,548.0,0.0,0.0,0.0,0.0,53
2023-05-10 10:04:00,IO2403-C-3500,IO2403-C-3500,611.8,0.0,0.0,0.0,1,549.6,556.4,6,611.8,548.0,0.0,0.0,0.0,0.0,53
2023-05-10 10:04:01,IO2403-C-3500,IO2403-C-3500,611.8,0.0,0.0,0.0,2,549.6,556.4,6,611.8,548.0,0.0,0.0,0.0,0.0,53
2023-05-10 10:04:11,IO2403-C-3500,IO2403-C-3500,611.8,0.0,0.0,0.0,1,549.8,556.4,6,611.8,548.0,0.0,0.0,0.0,0.0,53
2023-05-10 10:04:23,IO2403-C-3500,IO2403-C-3500,611.8,0.0,0.0,0.0,1,549.4,556.4,6,611.8,548.0,0.0,0.0,0.0,0.0,53
2023-05-10 10:04:33,IO2403-C-3500,IO2403-C-3500,611.8,0.0,0.0,0.0,1,549.6,556.4,6,611.8,548.0,0.0,0.0,0.0,0.0,53
2023-05-10 10:04:43,IO2403-C-3500,IO2403-C-3500,611.8,0.0,0.0,0.0,1,549.6,556.4,12,611.8,548.0,0.0,0.0,0.0,0.0,53
2023-05-10 10:04:43,IO2403-C-3500,IO2403-C-3500,611.8,0.0,0.0,0.0,1,549.6,556.2,6,611.8,548.0,0.0,0.0,0.0,0.0,53
2023-05-10 10:04:47,IO2403-C-3500,IO2403-C-3500,611.8,0.0,0.0,0.0,13,549.2,556.2,6,611.8,548.0,0.0,0.0,0.0,0.0,53
2023-05-10 10:04:48,IO2403-C-3500,IO2403-C-3500,611.8,0.0,0.0,0.0,7,549.2,556.2,6,611.8,548.0,0.0,0.0,0.0,0.0,53
2023-05-10 10:04:48,IO2403-C-3500,IO2403-C-3500,611.8,0.0,0.0,0.0,1,549.2,556.2,6,611.8,548.0,0.0,0.0,0.0,0.0,53
2023-05-10 10:04:50,IO2403-C-3500,IO2403-C-3500,611.8,0.0,0.0,0.0,18,548.8,556.2,6,611.8,548.0,0.0,0.0,0.0,0.0,53
2023-05-10 10:04:51,IO2403-C-3500,IO2403-C-3500,611.8,0.0,0.0,0.0,12,548.8,556.2,6,611.8,548.0,0.0,0.0,0.0,0.0,53
2023-05-10 10:04:52,IO2403-C-3500,IO2403-C-3500,611.8,0.0,0.0,0.0,6,548.8,556.2,6,611.8,548.0,0.0,0.0,0.0,0.0,53
2023-05-10 10:05:10,IO2403-C-3500,IO2403-C-3500,611.8,0.0,0.0,0.0,7,548.8,556.2,6,611.8,548.0,0.0,0.0,0.0,0.0,53
2023-05-10 10:05:13,IO2403-C-3500,IO2403-C-3500,611.8,0.0,0.0,0.0,6,548.8,556.2,6,611.8,548.0,0.0,0.0,0.0,0.0,53
2023-05-10 10:05:18,IO2403-C-3500,IO2403-C-3500,611.8,0.0,0.0,0.0,7,548.8,556.2,6,611.8,548.0,0.0,0.0,0.0,0.0,53
2023-05-10 10:05:28,IO2403-C-3500,IO2403-C-3500,611.8,0.0,0.0,0.0,1,549.0,556.2,6,611.8,548.0,0.0,0.0,0.0,0.0,53
2023-05-10 10:05:28,IO2403-C-3500,IO2403-C-3500,611.8,0.0,0.0,0.0,1,549.0,556.4,6,611.8,548.0,0.0,0.0,0.0,0.0,53
2023-05-10 10:05:38,IO2403-C-3500,IO2403-C-3500,611.8,0.0,0.0,0.0,1,549.2,556.4,6,611.8,548.0,0.0,0.0,0.0,0.0,53
2023-05-10 10:05:53,IO2403-C-3500,IO2403-C-3500,611.8,0.0,0.0,0.0,8,548.8,556.4,6,611.8,548.0,0.0,0.0,0.0,0.0,53
2023-05-10 10:05:53,IO2403-C-3500,IO2403-C-3500,611.8,0.0,0.0,0.0,7,548.8,556.4,6,611.8,548.0,0.0,0.0,0.0,0.0,53
2023-05-10 10:05:59,IO2403-C-3500,IO2403-C-3500,611.8,0.0,0.0,0.0,6,548.8,556.4,6,611.8,548.0,0.0,0.0,0.0,0.0,53
2023-05-10 10:06:09,IO2403-C-3500,IO2403-C-3500,611.8,0.0,0.0,0.0,7,548.8,556.4,6,611.8,548.0,0.0,0.0,0.0,0.0,53
2023-05-10 10:06:13,IO2403-C-3500,IO2403-C-3500,611.8,0.0,0.0,0.0,1,549.6,556.4,6,611.8,548.0,0.0,0.0,0.0,0.0,53
2023-05-10 10:06:22,IO2403-C-3500,IO2403-C-3500,611.8,0.0,0.0,0.0,7,548.8,556.4,6,611.8,548.0,0.0,0.0,0.0,0.0,53
2023-05-10 10:06:22,IO2403-C-3500,IO2403-C-3500,611.8,0.0,0.0,0.0,1,549.0,556.4,6,611.8,548.0,0.0,0.0,0.0,0.0,53
2023-05-10 10:06:32,IO2403-C-3500,IO2403-C-3500,611.8,0.0,0.0,0.0,1,549.2,556.4,6,611.8,548.0,0.0,0.0,0.0,0.0,53
2023-05-10 10:06:42,IO2403-C-3500,IO2403-C-3500,611.8,0.0,0.0,0.0,1,549.4,556.4,6,611.8,548.0,0.0,0.0,0.0,0.0,53
2023-05-10 10:06:52,IO2403-C-3500,IO2403-C-3500,611.8,0.0,0.0,0.0,1,549.6,556.4,6,611.8,548.0,0.0,0.0,0.0,0.0,53
2023-05-10 10:06:58,IO2403-C-3500,IO2403-C-3500,611.8,0.0,0.0,0.0,2,549.6,556.4,6,611.8,548.0,0.0,0.0,0.0,0.0,53
2023-05-10 10:07:02,IO2403-C-3500,IO2403-C-3500,611.8,0.0,0.0,0.0,1,549.8,556.4,6,611.8,548.0,0.0,0.0,0.0,0.0,53
2023-05-10 10:07:13,IO2403-C-3500,IO2403-C-3500,611.8,0.0,0.0,0.0,1,550.0,556.4,6,611.8,548.0,0.0,0.0,0.0,0.0,53
2023-05-10 10:07:16,IO2403-C-3500,IO2403-C-3500,611.8,0.0,0.0,0.0,1,549.4,556.4,6,611.8,548.0,0.0,0.0,0.0,0.0,53
2023-05-10 10:07:17,IO2403-C-3500,IO2403-C-3500,611.8,0.0,0.0,0.0,1,549.0,556.4,6,611.8,548.0,0.0,0.0,0.0,0.0,53
2023-05-10 10:07:27,IO2403-C-3500,IO2403-C-3500,611.8,0.0,0.0,0.0,1,549.2,556.4,6,611.8,548.0,0.0,0.0,0.0,0.0,53
2023-05-10 10:07:36,IO2403-C-3500,IO2403-C-3500,611.8,0.0,0.0,0.0,6,548.8,556.4,6,611.8,548.0,0.0,0.0,0.0,0.0,53
2023-05-10 10:07:42,IO2403-C-3500,IO2403-C-3500,611.8,0.0,0.0,0.0,6,548.8,556.4,12,611.8,548.0,0.0,0.0,0.0,0.0,53
2023-05-10 10:07:43,IO2403-C-3500,IO2403-C-3500,611.8,0.0,0.0,0.0,6,548.8,556.2,6,611.8,548.0,0.0,0.0,0.0,0.0,53
2023-05-10 10:08:02,IO2403-C-3500,IO2403-C-3500,611.8,0.0,0.0,0.0,13,548.6,556.2,6,611.8,548.0,0.0,0.0,0.0,0.0,53
2023-05-10 10:08:03,IO2403-C-3500,IO2403-C-3500,611.8,0.0,0.0,0.0,7,548.6,556.2,6,611.8,548.0,0.0,0.0,0.0,0.0,53
2023-05-10 10:08:03,IO2403-C-3500,IO2403-C-3500,611.8,0.0,0.0,0.0,1,548.6,556.2,6,611.8,548.0,0.0,0.0,0.0,0.0,53
2023-05-10 10:08:04,IO2403-C-3500,IO2403-C-3500,611.8,0.0,0.0,0.0,12,548.4,556.2,6,611.8,548.0,0.0,0.0,0.0,0.0,53
2023-05-10 10:08:05,IO2403-C-3500,IO2403-C-3500,611.8,0.0,0.0,0.0,7,548.0,556.2,6,611.8,548.0,0.0,0.0,0.0,0.0,53
2023-05-10 10:08:05,IO2403-C-3500,IO2403-C-3500,611.8,0.0,0.0,0.0,1,548.0,556.2,6,611.8,548.0,0.0,0.0,0.0,0.0,53
2023-05-10 10:08:07,IO2403-C-3500,IO2403-C-3500,611.8,0.0,0.0,0.0,24,547.8,556.2,6,611.8,548.0,0.0,0.0,0.0,0.0,53
2023-05-10 10:08:07,IO2403-C-3500,IO2403-C-3500,611.8,0.0,0.0,0.0,12,547.8,556.2,6,611.8,548.0,0.0,0.0,0.0,0.0,53
2023-05-10 10:08:08,IO2403-C-3500,IO2403-C-3500,611.8,0.0,0.0,0.0,6,547.8,556.2,6,611.8,548.0,0.0,0.0,0.0,0.0,53
2023-05-10 10:08:22,IO2403-C-3500,IO2403-C-3500,611.8,0.0,0.0,0.0,6,547.8,556.2,12,611.8,548.0,0.0,0.0,0.0,0.0,53
2023-05-10 10:08:23,IO2403-C-3500,IO2403-C-3500,611.8,0.0,0.0,0.0,6,547.8,556.0,6,611.8,548.0,0.0,0.0,0.0,0.0,53
2023-05-10 10:08:34,IO2403-C-3500,IO2403-C-3500,611.8,0.0,0.0,0.0,6,547.6,556.0,6,611.8,548.0,0.0,0.0,0.0,0.0,53
2023-05-10 10:08:46,IO2403-C-3500,IO2403-C-3500,611.8,0.0,0.0,0.0,7,547.6,556.0,6,611.8,548.0,0.0,0.0,0.0,0.0,53
2023-05-10 10:08:47,IO2403-C-3500,IO2403-C-3500,611.8,0.0,0.0,0.0,6,547.6,556.0,6,611.8,548.0,0.0,0.0,0.0,0.0,53
2023-05-10 10:08:56,IO2403-C-3500,IO2403-C-3500,611.8,0.0,0.0,0.0,18,547.4,556.0,6,611.8,548.0,0.0,0.0,0.0,0.0,53
2023-05-10 10:08:56,IO2403-C-3500,IO2403-C-3500,611.8,0.0,0.0,0.0,6,547.4,556.0,6,611.8,548.0,0.0,0.0,0.0,0.0,53
2023-05-10 10:08:57,IO2403-C-3500,IO2403-C-3500,611.8,0.0,0.0,0.0,1,547.2,556.0,6,611.8,548.0,0.0,0.0,0.0,0.0,53
2023-05-10 10:08:57,IO2403-C-3500,IO2403-C-3500,611.8,0.0,0.0,0.0,18,547.0,556.0,6,611.8,548.0,0.0,0.0,0.0,0.0,53
2023-05-10 10:08:58,IO2403-C-3500,IO2403-C-3500,611.8,0.0,0.0,0.0,6,547.0,556.0,6,611.8,548.0,0.0,0.0,0.0,0.0,53
2023-05-10 10:08:58,IO2403-C-3500,IO2403-C-3500,611.8,0.0,0.0,0.0,36,546.6,556.0,6,611.8,548.0,0.0,0.0,0.0,0.0,53
2023-05-10 10:08:59,IO2403-C-3500,IO2403-C-3500,611.8,0.0,0.0,0.0,30,546.6,556.0,6,611.8,548.0,0.0,0.0,0.0,0.0,53
2023-05-10 10:08:59,IO2403-C-3500,IO2403-C-3500,611.8,0.0,0.0,0.0,24,546.6,556.0,6,611.8,548.0,0.0,0.0,0.0,0.0,53
2023-05-10 10:09:09,IO2403-C-3500,IO2403-C-3500,611.8,0.0,0.0,0.0,18,546.6,556.0,12,611.8,548.0,0.0,0.0,0.0,0.0,53
2023-05-10 10:09:10,IO2403-C-3500,IO2403-C-3500,611.8,0.0,0.0,0.0,18,546.6,555.8,6,611.8,548.0,0.0,0.0,0.0,0.0,53
2023-05-10 10:09:55,IO2403-C-3500,IO2403-C-3500,611.8,0.0,0.0,0.0,6,546.6,554.6,6,611.8,548.0,0.0,0.0,0.0,0.0,53
2023-05-10 10:09:56,IO2403-C-3500,IO2403-C-3500,611.8,0.0,0.0,0.0,18,546.2,554.4,6,611.8,548.0,0.0,0.0,0.0,0.0,53
2023-05-10 10:09:56,IO2403-C-3500,IO2403-C-3500,611.8,0.0,0.0,0.0,6,546.2,554.4,6,611.8,548.0,0.0,0.0,0.0,0.0,53
2023-05-10 10:09:57,IO2403-C-3500,IO2403-C-3500,611.8,0.0,0.0,0.0,30,545.8,554.4,6,611.8,548.0,0.0,0.0,0.0,0.0,53
2023-05-10 10:09:57,IO2403-C-3500,IO2403-C-3500,611.8,0.0,0.0,0.0,18,545.8,554.4,6,611.8,548.0,0.0,0.0,0.0,0.0,53
2023-05-10 10:10:04,IO2403-C-3500,IO2403-C-3500,611.8,0.0,0.0,0.0,12,545.8,554.4,6,611.8,548.0,0.0,0.0,0.0,0.0,53
2023-05-10 10:10:04,IO2403-C-3500,IO2403-C-3500,611.8,0.0,0.0,0.0,6,545.8,554.4,6,611.8,548.0,0.0,0.0,0.0,0.0,53
2023-05-10 10:10:05,IO2403-C-3500,IO2403-C-3500,611.8,0.0,0.0,0.0,6,544.8,554.4,6,611.8,548.0,0.0,0.0,0.0,0.0,53
2023-05-10 10:10:07,IO2403-C-3500,IO2403-C-3500,611.8,0.0,0.0,0.0,6,544.8,554.2,3,611.8,548.0,0.0,0.0,0.0,0.0,53
2023-05-10 10:10:08,IO2403-C-3500,IO2403-C-3500,611.8,0.0,0.0,0.0,6,544.8,554.0,6,611.8,548.0,0.0,0.0,0.0,0.0,53
2023-05-10 10:10:08,IO2403-C-3500,IO2403-C-3500,611.8,0.0,0.0,0.0,6,544.8,554.4,6,611.8,548.0,0.0,0.0,0.0,0.0,53
2023-05-10 10:10:09,IO2403-C-3500,IO2403-C-3500,611.8,0.0,0.0,0.0,6,544.8,554.4,9,611.8,548.0,0.0,0.0,0.0,0.0,53
2023-05-10 10:10:09,IO2403-C-3500,IO2403-C-3500,611.8,0.0,0.0,0.0,6,544.8,554.2,6,611.8,548.0,0.0,0.0,0.0,0.0,53
2023-05-10 10:10:25,IO2403-C-3500,IO2403-C-3500,611.8,0.0,0.0,0.0,7,544.8,554.2,6,611.8,548.0,0.0,0.0,0.0,0.0,53
2023-05-10 10:10:32,IO2403-C-3500,IO2403-C-3500,611.8,0.0,0.0,0.0,1,545.4,554.2,6,611.8,548.0,0.0,0.0,0.0,0.0,53
2023-05-10 10:10:33,IO2403-C-3500,IO2403-C-3500,611.8,0.0,0.0,0.0,2,545.4,554.2,6,611.8,548.0,0.0,0.0,0.0,0.0,53
2023-05-10 10:10:33,IO2403-C-3500,IO2403-C-3500,611.8,0.0,0.0,0.0,2,545.4,554.4,6,611.8,548.0,0.0,0.0,0.0,0.0,53
2023-05-10 10:10:43,IO2403-C-3500,IO2403-C-3500,611.8,0.0,0.0,0.0,1,545.6,554.4,6,611.8,548.0,0.0,0.0,0.0,0.0,53
2023-05-10 10:10:50,IO2403-C-3500,IO2403-C-3500,611.8,0.0,0.0,0.0,1,545.4,554.4,6,611.8,548.0,0.0,0.0,0.0,0.0,53
2023-05-10 10:11:00,IO2403-C-3500,IO2403-C-3500,611.8,0.0,0.0,0.0,2,545.4,554.4,6,611.8,548.0,0.0,0.0,0.0,0.0,53
2023-05-10 10:11:05,IO2403-C-3500,IO2403-C-3500,611.8,0.0,0.0,0.0,1,545.4,554.4,6,611.8,548.0,0.0,0.0,0.0,0.0,53
2023-05-10 10:11:10,IO2403-C-3500,IO2403-C-3500,611.8,0.0,0.0,0.0,1,545.6,554.4,6,611.8,548.0,0.0,0.0,0.0,0.0,53
2023-05-10 10:11:20,IO2403-C-3500,IO2403-C-3500,611.8,0.0,0.0,0.0,1,545.8,554.4,6,611.8,548.0,0.0,0.0,0.0,0.0,53
2023-05-10 10:11:30,IO2403-C-3500,IO2403-C-3500,611.8,0.0,0.0,0.0,1,546.0,554.4,6,611.8,548.0,0.0,0.0,0.0,0.0,53
2023-05-10 10:11:40,IO2403-C-3500,IO2403-C-3500,611.8,0.0,0.0,0.0,1,546.2,554.4,6,611.8,548.0,0.0,0.0,0.0,0.0,53
2023-05-10 10:11:45,IO2403-C-3500,IO2403-C-3500,611.8,0.0,0.0,0.0,1,545.6,554.4,6,611.8,548.0,0.0,0.0,0.0,0.0,53
2023-05-10 10:11:48,IO2403-C-3500,IO2403-C-3500,611.8,0.0,0.0,0.0,1,546.2,554.4,6,611.8,548.0,0.0,0.0,0.0,0.0,53
2023-05-10 10:12:00,IO2403-C-3500,IO2403-C-3500,611.8,0.0,0.0,0.0,2,546.2,554.4,6,611.8,548.0,0.0,0.0,0.0,0.0,53
2023-05-10 10:12:01,IO2403-C-3500,IO2403-C-3500,611.8,0.0,0.0,0.0,1,546.2,554.4,6,611.8,548.0,0.0,0.0,0.0,0.0,53
2023-05-10 10:12:10,IO2403-C-3500,IO2403-C-3500,611.8,0.0,0.0,0.0,1,546.4,554.4,6,611.8,548.0,0.0,0.0,0.0,0.0,53
2023-05-10 10:12:20,IO2403-C-3500,IO2403-C-3500,611.8,0.0,0.0,0.0,1,546.6,554.4,6,611.8,548.0,0.0,0.0,0.0,0.0,53
2023-05-10 10:12:27,IO2403-C-3500,IO2403-C-3500,611.8,0.0,0.0,0.0,1,546.2,554.4,6,611.8,548.0,0.0,0.0,0.0,0.0,53
2023-05-10 10:12:40,IO2403-C-3500,IO2403-C-3500,611.8,0.0,0.0,0.0,1,546.4,554.4,6,611.8,548.0,0.0,0.0,0.0,0.0,53
2023-05-10 10:12:41,IO2403-C-3500,IO2403-C-3500,611.8,0.0,0.0,0.0,7,546.0,554.4,6,611.8,548.0,0.0,0.0,0.0,0.0,53
2023-05-10 10:12:51,IO2403-C-3500,IO2403-C-3500,611.8,0.0,0.0,0.0,1,546.2,554.4,6,611.8,548.0,0.0,0.0,0.0,0.0,53
2023-05-10 10:12:55,IO2403-C-3500,IO2403-C-3500,611.8,0.0,0.0,0.0,1,546.2,553.2,6,611.8,548.0,0.0,0.0,0.0,0.0,53
2023-05-10 10:12:56,IO2403-C-3500,IO2403-C-3500,611.8,0.0,0.0,0.0,1,546.2,553.0,6,611.8,548.0,0.0,0.0,0.0,0.0,53
2023-05-10 10:12:57,IO2403-C-3500,IO2403-C-3500,611.8,0.0,0.0,0.0,13,545.6,553.0,6,611.8,548.0,0.0,0.0,0.0,0.0,53
2023-05-10 10:12:58,IO2403-C-3500,IO2403-C-3500,611.8,0.0,0.0,0.0,7,545.6,553.0,6,611.8,548.0,0.0,0.0,0.0,0.0,53
2023-05-10 10:12:58,IO2403-C-3500,IO2403-C-3500,611.8,0.0,0.0,0.0,1,545.6,553.0,6,611.8,548.0,0.0,0.0,0.0,0.0,53
2023-05-10 10:13:00,IO2403-C-3500,IO2403-C-3500,611.8,0.0,0.0,0.0,1,545.0,553.0,12,611.8,548.0,0.0,0.0,0.0,0.0,53
2023-05-10 10:13:00,IO2403-C-3500,IO2403-C-3500,611.8,0.0,0.0,0.0,1,545.0,552.8,6,611.8,548.0,0.0,0.0,0.0,0.0,53
2023-05-10 10:13:01,IO2403-C-3500,IO2403-C-3500,611.8,0.0,0.0,0.0,18,544.8,551.8,6,611.8,548.0,0.0,0.0,0.0,0.0,53
2023-05-10 10:13:02,IO2403-C-3500,IO2403-C-3500,611.8,0.0,0.0,0.0,6,544.8,551.6,6,611.8,548.0,0.0,0.0,0.0,0.0,53
2023-05-10 10:13:02,IO2403-C-3500,IO2403-C-3500,611.8,0.0,0.0,0.0,19,544.4,551.6,6,611.8,548.0,0.0,0.0,0.0,0.0,53
2023-05-10 10:13:03,IO2403-C-3500,IO2403-C-3500,611.8,0.0,0.0,0.0,7,544.4,551.6,6,611.8,548.0,0.0,0.0,0.0,0.0,53
2023-05-10 10:13:03,IO2403-C-3500,IO2403-C-3500,611.8,0.0,0.0,0.0,1,544.4,551.6,6,611.8,548.0,0.0,0.0,0.0,0.0,53
2023-05-10 10:13:04,IO2403-C-3500,IO2403-C-3500,611.8,0.0,0.0,0.0,19,544.0,551.6,6,611.8,548.0,0.0,0.0,0.0,0.0,53
2023-05-10 10:13:04,IO2403-C-3500,IO2403-C-3500,611.8,0.0,0.0,0.0,7,544.0,551.6,6,611.8,548.0,0.0,0.0,0.0,0.0,53
2023-05-10 10:13:05,IO2403-C-3500,IO2403-C-3500,611.8,0.0,0.0,0.0,1,544.0,551.6,6,611.8,548.0,0.0,0.0,0.0,0.0,53
2023-05-10 10:13:13,IO2403-C-3500,IO2403-C-3500,611.8,0.0,0.0,0.0,18,543.6,551.6,6,611.8,548.0,0.0,0.0,0.0,0.0,53
2023-05-10 10:13:13,IO2403-C-3500,IO2403-C-3500,611.8,0.0,0.0,0.0,6,543.6,551.6,6,611.8,548.0,0.0,0.0,0.0,0.0,53
2023-05-10 10:13:14,IO2403-C-3500,IO2403-C-3500,611.8,0.0,0.0,0.0,18,543.2,551.6,6,611.8,548.0,0.0,0.0,0.0,0.0,53
2023-05-10 10:13:25,IO2403-C-3500,IO2403-C-3500,611.8,0.0,0.0,0.0,12,543.2,551.6,12,611.8,548.0,0.0,0.0,0.0,0.0,53
2023-05-10 10:13:25,IO2403-C-3500,IO2403-C-3500,611.8,0.0,0.0,0.0,6,543.2,551.4,6,611.8,548.0,0.0,0.0,0.0,0.0,53
2023-05-10 10:13:26,IO2403-C-3500,IO2403-C-3500,611.8,0.0,0.0,0.0,7,543.0,550.6,6,611.8,548.0,0.0,0.0,0.0,0.0,53
2023-05-10 10:13:27,IO2403-C-3500,IO2403-C-3500,611.8,0.0,0.0,0.0,1,543.2,550.4,6,611.8,548.0,0.0,0.0,0.0,0.0,53
2023-05-10 10:13:37,IO2403-C-3500,IO2403-C-3500,611.8,0.0,0.0,0.0,1,543.4,550.4,6,611.8,548.0,0.0,0.0,0.0,0.0,53
2023-05-10 10:13:39,IO2403-C-3500,IO2403-C-3500,611.8,0.0,0.0,0.0,1,543.0,550.4,6,611.8,548.0,0.0,0.0,0.0,0.0,53
2023-05-10 10:13:46,IO2403-C-3500,IO2403-C-3500,611.8,0.0,0.0,0.0,19,542.4,550.4,6,611.8,548.0,0.0,0.0,0.0,0.0,53
2023-05-10 10:13:47,IO2403-C-3500,IO2403-C-3500,611.8,0.0,0.0,0.0,7,542.4,550.4,6,611.8,548.0,0.0,0.0,0.0,0.0,53
2023-05-10 10:13:47,IO2403-C-3500,IO2403-C-3500,611.8,0.0,0.0,0.0,1,542.4,550.4,6,611.8,548.0,0.0,0.0,0.0,0.0,53
2023-05-10 10:13:51,IO2403-C-3500,IO2403-C-3500,611.8,0.0,0.0,0.0,12,542.2,550.4,6,611.8,548.0,0.0,0.0,0.0,0.0,53
2023-05-10 10:13:51,IO2403-C-3500,IO2403-C-3500,611.8,0.0,0.0,0.0,6,542.2,550.4,6,611.8,548.0,0.0,0.0,0.0,0.0,53
2023-05-10 10:13:59,IO2403-C-3500,IO2403-C-3500,611.8,0.0,0.0,0.0,6,542.2,550.0,1,611.8,548.0,0.0,0.0,0.0,0.0,53
2023-05-10 10:14:00,IO2403-C-3500,IO2403-C-3500,611.8,0.0,0.0,0.0,6,542.2,549.8,6,611.8,548.0,0.0,0.0,0.0,0.0,53
2023-05-10 10:14:26,IO2403-C-3500,IO2403-C-3500,611.8,0.0,0.0,0.0,6,542.2,549.2,6,611.8,548.0,0.0,0.0,0.0,0.0,53
2023-05-10 10:14:26,IO2403-C-3500,IO2403-C-3500,611.8,0.0,0.0,0.0,6,542.2,549.0,6,611.8,548.0,0.0,0.0,0.0,0.0,53
2023-05-10 10:14:37,IO2403-C-3500,IO2403-C-3500,611.8,0.0,0.0,0.0,6,542.0,549.0,6,611.8,548.0,0.0,0.0,0.0,0.0,53
2023-05-10 10:15:03,IO2403-C-3500,IO2403-C-3500,611.8,0.0,0.0,0.0,19,541.8,549.0,6,611.8,548.0,0.0,0.0,0.0,0.0,53
2023-05-10 10:15:03,IO2403-C-3500,IO2403-C-3500,611.8,0.0,0.0,0.0,7,541.8,549.0,6,611.8,548.0,0.0,0.0,0.0,0.0,53
2023-05-10 10:15:04,IO2403-C-3500,IO2403-C-3500,611.8,0.0,0.0,0.0,1,541.8,549.0,6,611.8,548.0,0.0,0.0,0.0,0.0,53
2023-05-10 10:15:05,IO2403-C-3500,IO2403-C-3500,611.8,0.0,0.0,0.0,1,542.0,549.0,6,611.8,548.0,0.0,0.0,0.0,0.0,53
2023-05-10 10:15:14,IO2403-C-3500,IO2403-C-3500,611.8,0.0,0.0,0.0,7,542.0,549.0,6,611.8,548.0,0.0,0.0,0.0,0.0,53
2023-05-10 10:15:15,IO2403-C-3500,IO2403-C-3500,611.8,0.0,0.0,0.0,1,542.2,549.0,6,611.8,548.0,0.0,0.0,0.0,0.0,53
2023-05-10 10:15:28,IO2403-C-3500,IO2403-C-3500,611.8,0.0,0.0,0.0,6,542.0,549.0,6,611.8,548.0,0.0,0.0,0.0,0.0,53
2023-05-10 10:15:43,IO2403-C-3500,IO2403-C-3500,611.8,0.0,0.0,0.0,7,541.4,549.0,6,611.8,548.0,0.0,0.0,0.0,0.0,53
2023-05-10 10:15:43,IO2403-C-3500,IO2403-C-3500,611.8,0.0,0.0,0.0,1,541.4,549.0,6,611.8,548.0,0.0,0.0,0.0,0.0,53
2023-05-10 10:15:52,IO2403-C-3500,IO2403-C-3500,611.8,0.0,0.0,0.0,1,541.6,549.0,6,611.8,548.0,0.0,0.0,0.0,0.0,53
2023-05-10 10:16:00,IO2403-C-3500,IO2403-C-3500,611.8,0.0,0.0,0.0,7,541.6,549.0,6,611.8,548.0,0.0,0.0,0.0,0.0,53
2023-05-10 10:16:01,IO2403-C-3500,IO2403-C-3500,611.8,0.0,0.0,0.0,6,542.2,549.0,6,611.8,548.0,0.0,0.0,0.0,0.0,53
2023-05-10 10:16:03,IO2403-C-3500,IO2403-C-3500,611.8,0.0,0.0,0.0,1,542.6,549.0,6,611.8,548.0,0.0,0.0,0.0,0.0,53
2023-05-10 10:16:07,IO2403-C-3500,IO2403-C-3500,611.8,0.0,0.0,0.0,6,542.2,549.0,6,611.8,548.0,0.0,0.0,0.0,0.0,53
2023-05-10 10:16:22,IO2403-C-3500,IO2403-C-3500,611.8,0.0,0.0,0.0,7,542.2,549.0,6,611.8,548.0,0.0,0.0,0.0,0.0,53
2023-05-10 10:16:32,IO2403-C-3500,IO2403-C-3500,611.8,0.0,0.0,0.0,1,542.4,549.0,6,611.8,548.0,0.0,0.0,0.0,0.0,53
2023-05-10 10:16:44,IO2403-C-3500,IO2403-C-3500,611.8,0.0,0.0,0.0,1,542.6,549.0,6,611.8,548.0,0.0,0.0,0.0,0.0,53
2023-05-10 10:16:54,IO2403-C-3500,IO2403-C-3500,611.8,0.0,0.0,0.0,1,542.8,549.0,6,611.8,548.0,0.0,0.0,0.0,0.0,53
2023-05-10 10:17:04,IO2403-C-3500,IO2403-C-3500,611.8,0.0,0.0,0.0,1,543.0,549.0,6,611.8,548.0,0.0,0.0,0.0,0.0,53
2023-05-10 10:17:12,IO2403-C-3500,IO2403-C-3500,611.8,0.0,0.0,0.0,1,543.0,549.2,6,611.8,548.0,0.0,0.0,0.0,0.0,53
2023-05-10 10:17:14,IO2403-C-3500,IO2403-C-3500,611.8,0.0,0.0,0.0,1,543.2,549.2,6,611.8,548.0,0.0,0.0,0.0,0.0,53
2023-05-10 10:17:22,IO2403-C-3500,IO2403-C-3500,611.8,0.0,0.0,0.0,1,542.6,549.2,6,611.8,548.0,0.0,0.0,0.0,0.0,53
2023-05-10 10:17:23,IO2403-C-3500,IO2403-C-3500,611.8,0.0,0.0,0.0,1,542.6,549.6,6,611.8,548.0,0.0,0.0,0.0,0.0,53
2023-05-10 10:17:32,IO2403-C-3500,IO2403-C-3500,611.8,0.0,0.0,0.0,1,542.8,549.6,6,611.8,548.0,0.0,0.0,0.0,0.0,53
2023-05-10 10:17:42,IO2403-C-3500,IO2403-C-3500,611.8,0.0,0.0,0.0,1,543.0,549.6,6,611.8,548.0,0.0,0.0,0.0,0.0,53
2023-05-10 10:17:52,IO2403-C-3500,IO2403-C-3500,611.8,0.0,0.0,0.0,1,543.2,549.6,6,611.8,548.0,0.0,0.0,0.0,0.0,53
2023-05-10 10:18:03,IO2403-C-3500,IO2403-C-3500,611.8,0.0,0.0,0.0,1,542.6,549.4,6,611.8,548.0,0.0,0.0,0.0,0.0,53
2023-05-10 10:18:03,IO2403-C-3500,IO2403-C-3500,611.8,0.0,0.0,0.0,1,542.6,549.2,6,611.8,548.0,0.0,0.0,0.0,0.0,53
2023-05-10 10:18:13,IO2403-C-3500,IO2403-C-3500,611.8,0.0,0.0,0.0,1,542.8,549.2,6,611.8,548.0,0.0,0.0,0.0,0.0,53
2023-05-10 10:18:18,IO2403-C-3500,IO2403-C-3500,611.8,0.0,0.0,0.0,1,542.2,549.2,6,611.8,548.0,0.0,0.0,0.0,0.0,53
2023-05-10 10:18:33,IO2403-C-3500,IO2403-C-3500,611.8,0.0,0.0,0.0,18,542.0,549.2,6,611.8,548.0,0.0,0.0,0.0,0.0,53
2023-05-10 10:18:33,IO2403-C-3500,IO2403-C-3500,611.8,0.0,0.0,0.0,6,542.0,549.2,6,611.8,548.0,0.0,0.0,0.0,0.0,53
2023-05-10 10:18:34,IO2403-C-3500,IO2403-C-3500,611.8,0.0,0.0,0.0,1,541.8,549.2,6,611.8,548.0,0.0,0.0,0.0,0.0,53
2023-05-10 10:18:39,IO2403-C-3500,IO2403-C-3500,611.8,0.0,0.0,0.0,24,541.6,549.2,6,611.8,548.0,0.0,0.0,0.0,0.0,53
2023-05-10 10:18:40,IO2403-C-3500,IO2403-C-3500,611.8,0.0,0.0,0.0,12,541.6,549.2,6,611.8,548.0,0.0,0.0,0.0,0.0,53
2023-05-10 10:18:40,IO2403-C-3500,IO2403-C-3500,611.8,0.0,0.0,0.0,6,541.6,549.2,6,611.8,548.0,0.0,0.0,0.0,0.0,53
2023-05-10 10:18:42,IO2403-C-3500,IO2403-C-3500,611.8,0.0,0.0,0.0,6,541.6,549.2,12,611.8,548.0,0.0,0.0,0.0,0.0,53
2023-05-10 10:18:42,IO2403-C-3500,IO2403-C-3500,611.8,0.0,0.0,0.0,6,541.6,549.0,6,611.8,548.0,0.0,0.0,0.0,0.0,53
2023-05-10 10:18:44,IO2403-C-3500,IO2403-C-3500,611.8,0.0,0.0,0.0,7,541.6,549.0,6,611.8,548.0,0.0,0.0,0.0,0.0,53
2023-05-10 10:18:46,IO2403-C-3500,IO2403-C-3500,611.8,0.0,0.0,0.0,6,541.6,549.0,6,611.8,548.0,0.0,0.0,0.0,0.0,53
2023-05-10 10:18:47,IO2403-C-3500,IO2403-C-3500,611.8,0.0,0.0,0.0,12,541.4,549.0,6,611.8,548.0,0.0,0.0,0.0,0.0,53
2023-05-10 10:18:48,IO2403-C-3500,IO2403-C-3500,611.8,0.0,0.0,0.0,6,541.4,549.0,6,611.8,548.0,0.0,0.0,0.0,0.0,53
2023-05-10 10:19:09,IO2403-C-3500,IO2403-C-3500,611.8,0.0,0.0,0.0,7,541.4,549.0,6,611.8,548.0,0.0,0.0,0.0,0.0,53
2023-05-10 10:19:11,IO2403-C-3500,IO2403-C-3500,611.8,0.0,0.0,0.0,6,541.4,549.0,6,611.8,548.0,0.0,0.0,0.0,0.0,53
2023-05-10 10:19:11,IO2403-C-3500,IO2403-C-3500,611.8,0.0,0.0,0.0,7,541.4,549.0,6,611.8,548.0,0.0,0.0,0.0,0.0,53
2023-05-10 10:19:18,IO2403-C-3500,IO2403-C-3500,611.8,0.0,0.0,0.0,6,541.4,549.0,6,611.8,548.0,0.0,0.0,0.0,0.0,53
2023-05-10 10:19:39,IO2403-C-3500,IO2403-C-3500,611.8,0.0,0.0,0.0,7,541.4,549.0,6,611.8,548.0,0.0,0.0,0.0,0.0,53
2023-05-10 10:19:51,IO2403-C-3500,IO2403-C-3500,611.8,0.0,0.0,0.0,1,541.6,549.0,6,611.8,548.0,0.0,0.0,0.0,0.0,53
2023-05-10 10:19:53,IO2403-C-3500,IO2403-C-3500,611.8,0.0,0.0,0.0,6,541.4,549.0,6,611.8,548.0,0.0,0.0,0.0,0.0,53
2023-05-10 10:20:02,IO2403-C-3500,IO2403-C-3500,611.8,0.0,0.0,0.0,7,541.4,549.0,6,611.8,548.0,0.0,0.0,0.0,0.0,53
2023-05-10 10:20:05,IO2403-C-3500,IO2403-C-3500,611.8,0.0,0.0,0.0,6,541.4,549.0,6,611.8,548.0,0.0,0.0,0.0,0.0,53
2023-05-10 10:20:15,IO2403-C-3500,IO2403-C-3500,611.8,0.0,0.0,0.0,7,541.4,549.0,6,611.8,548.0,0.0,0.0,0.0,0.0,53
2023-05-10 10:20:18,IO2403-C-3500,IO2403-C-3500,611.8,0.0,0.0,0.0,7,541.4,549.2,6,611.8,548.0,0.0,0.0,0.0,0.0,53
2023-05-10 10:20:21,IO2403-C-3500,IO2403-C-3500,611.8,0.0,0.0,0.0,6,541.4,549.2,6,611.8,548.0,0.0,0.0,0.0,0.0,53
2023-05-10 10:20:47,IO2403-C-3500,IO2403-C-3500,611.8,0.0,0.0,0.0,7,541.4,549.2,6,611.8,548.0,0.0,0.0,0.0,0.0,53
2023-05-10 10:20:59,IO2403-C-3500,IO2403-C-3500,611.8,0.0,0.0,0.0,6,541.4,549.2,6,611.8,548.0,0.0,0.0,0.0,0.0,53
2023-05-10 10:21:38,IO2403-C-3500,IO2403-C-3500,611.8,0.0,0.0,0.0,7,541.4,549.2,6,611.8,548.0,0.0,0.0,0.0,0.0,53
2023-05-10 10:21:41,IO2403-C-3500,IO2403-C-3500,611.8,0.0,0.0,0.0,7,541.4,549.2,12,611.8,548.0,0.0,0.0,0.0,0.0,53
2023-05-10 10:21:41,IO2403-C-3500,IO2403-C-3500,611.8,0.0,0.0,0.0,6,541.4,549.0,6,611.8,548.0,0.0,0.0,0.0,0.0,53
2023-05-10 10:21:53,IO2403-C-3500,IO2403-C-3500,611.8,0.0,0.0,0.0,18,541.2,549.0,6,611.8,548.0,0.0,0.0,0.0,0.0,53
2023-05-10 10:21:53,IO2403-C-3500,IO2403-C-3500,611.8,0.0,0.0,0.0,6,541.2,549.0,6,611.8,548.0,0.0,0.0,0.0,0.0,53
2023-05-10 10:21:54,IO2403-C-3500,IO2403-C-3500,611.8,0.0,0.0,0.0,24,540.8,549.0,6,611.8,548.0,0.0,0.0,0.0,0.0,53
2023-05-10 10:21:54,IO2403-C-3500,IO2403-C-3500,611.8,0.0,0.0,0.0,18,540.8,549.0,6,611.8,548.0,0.0,0.0,0.0,0.0,53
2023-05-10 10:21:55,IO2403-C-3500,IO2403-C-3500,611.8,0.0,0.0,0.0,12,540.8,549.0,6,611.8,548.0,0.0,0.0,0.0,0.0,53
2023-05-10 10:21:55,IO2403-C-3500,IO2403-C-3500,611.8,0.0,0.0,0.0,6,540.8,549.0,6,611.8,548.0,0.0,0.0,0.0,0.0,53
2023-05-10 10:22:00,IO2403-C-3500,IO2403-C-3500,611.8,0.0,0.0,0.0,18,540.4,548.0,6,611.8,548.0,0.0,0.0,0.0,0.0,53
2023-05-10 10:22:00,IO2403-C-3500,IO2403-C-3500,611.8,0.0,0.0,0.0,18,540.4,547.8,6,611.8,548.0,0.0,0.0,0.0,0.0,53
2023-05-10 10:22:19,IO2403-C-3500,IO2403-C-3500,611.8,0.0,0.0,0.0,6,540.8,547.8,6,611.8,548.0,0.0,0.0,0.0,0.0,53
2023-05-10 10:22:19,IO2403-C-3500,IO2403-C-3500,611.8,0.0,0.0,0.0,6,540.8,548.0,6,611.8,548.0,0.0,0.0,0.0,0.0,53
2023-05-10 10:22:21,IO2403-C-3500,IO2403-C-3500,611.8,0.0,0.0,0.0,6,540.8,548.2,6,611.8,548.0,0.0,0.0,0.0,0.0,53
2023-05-10 10:22:22,IO2403-C-3500,IO2403-C-3500,611.8,0.0,0.0,0.0,6,540.8,548.4,6,611.8,548.0,0.0,0.0,0.0,0.0,53
2023-05-10 10:22:23,IO2403-C-3500,IO2403-C-3500,611.8,0.0,0.0,0.0,6,540.8,548.6,6,611.8,548.0,0.0,0.0,0.0,0.0,53
2023-05-10 10:22:24,IO2403-C-3500,IO2403-C-3500,611.8,0.0,0.0,0.0,6,540.8,548.8,6,611.8,548.0,0.0,0.0,0.0,0.0,53
2023-05-10 10:22:26,IO2403-C-3500,IO2403-C-3500,611.8,0.0,0.0,0.0,24,540.4,548.0,6,611.8,548.0,0.0,0.0,0.0,0.0,53
2023-05-10 10:22:27,IO2403-C-3500,IO2403-C-3500,611.8,0.0,0.0,0.0,24,540.4,547.8,6,611.8,548.0,0.0,0.0,0.0,0.0,53
2023-05-10 10:22:33,IO2403-C-3500,IO2403-C-3500,611.8,0.0,0.0,0.0,18,540.4,547.8,6,611.8,548.0,0.0,0.0,0.0,0.0,53
2023-05-10 10:23:13,IO2403-C-3500,IO2403-C-3500,611.8,0.0,0.0,0.0,12,540.4,547.8,6,611.8,548.0,0.0,0.0,0.0,0.0,53
2023-05-10 10:23:14,IO2403-C-3500,IO2403-C-3500,611.8,0.0,0.0,0.0,6,540.4,547.8,6,611.8,548.0,0.0,0.0,0.0,0.0,53
2023-05-10 10:23:48,IO2403-C-3500,IO2403-C-3500,611.8,0.0,0.0,0.0,18,539.8,547.8,6,611.8,548.0,0.0,0.0,0.0,0.0,53
2023-05-10 10:23:49,IO2403-C-3500,IO2403-C-3500,611.8,0.0,0.0,0.0,6,539.8,547.8,6,611.8,548.0,0.0,0.0,0.0,0.0,53
2023-05-10 10:23:49,IO2403-C-3500,IO2403-C-3500,611.8,0.0,0.0,0.0,36,539.4,547.8,6,611.8,548.0,0.0,0.0,0.0,0.0,53
2023-05-10 10:23:50,IO2403-C-3500,IO2403-C-3500,611.8,0.0,0.0,0.0,18,539.4,547.8,6,611.8,548.0,0.0,0.0,0.0,0.0,53
2023-05-10 10:23:54,IO2403-C-3500,IO2403-C-3500,611.8,0.0,0.0,0.0,18,539.4,547.8,12,611.8,548.0,0.0,0.0,0.0,0.0,53
2023-05-10 10:23:55,IO2403-C-3500,IO2403-C-3500,611.8,0.0,0.0,0.0,18,539.4,547.6,6,611.8,548.0,0.0,0.0,0.0,0.0,53
2023-05-10 10:23:57,IO2403-C-3500,IO2403-C-3500,611.8,0.0,0.0,0.0,12,539.4,546.8,6,611.8,548.0,0.0,0.0,0.0,0.0,53
2023-05-10 10:23:57,IO2403-C-3500,IO2403-C-3500,611.8,0.0,0.0,0.0,6,539.4,546.6,6,611.8,548.0,0.0,0.0,0.0,0.0,53
2023-05-10 10:24:06,IO2403-C-3500,IO2403-C-3500,611.8,0.0,0.0,0.0,6,539.8,546.6,6,611.8,548.0,0.0,0.0,0.0,0.0,53
2023-05-10 10:24:06,IO2403-C-3500,IO2403-C-3500,611.8,0.0,0.0,0.0,6,539.8,547.6,6,611.8,548.0,0.0,0.0,0.0,0.0,53
2023-05-10 10:24:07,IO2403-C-3500,IO2403-C-3500,611.8,0.0,0.0,0.0,7,539.8,547.8,6,611.8,548.0,0.0,0.0,0.0,0.0,53
2023-05-10 10:24:17,IO2403-C-3500,IO2403-C-3500,611.8,0.0,0.0,0.0,1,540.0,547.8,6,611.8,548.0,0.0,0.0,0.0,0.0,53
2023-05-10 10:24:27,IO2403-C-3500,IO2403-C-3500,611.8,0.0,0.0,0.0,1,540.2,547.8,6,611.8,548.0,0.0,0.0,0.0,0.0,53
2023-05-10 10:24:37,IO2403-C-3500,IO2403-C-3500,611.8,0.0,0.0,0.0,1,540.4,547.8,6,611.8,548.0,0.0,0.0,0.0,0.0,53
2023-05-10 10:24:38,IO2403-C-3500,IO2403-C-3500,611.8,0.0,0.0,0.0,1,540.0,547.8,6,611.8,548.0,0.0,0.0,0.0,0.0,53
2023-05-10 10:24:48,IO2403-C-3500,IO2403-C-3500,611.8,0.0,0.0,0.0,1,540.2,547.8,6,611.8,548.0,0.0,0.0,0.0,0.0,53
2023-05-10 10:24:58,IO2403-C-3500,IO2403-C-3500,611.8,0.0,0.0,0.0,1,540.4,547.8,6,611.8,548.0,0.0,0.0,0.0,0.0,53
2023-05-10 10:25:00,IO2403-C-3500,IO2403-C-3500,611.8,0.0,0.0,0.0,7,539.8,547.8,6,611.8,548.0,0.0,0.0,0.0,0.0,53
2023-05-10 10:25:10,IO2403-C-3500,IO2403-C-3500,611.8,0.0,0.0,0.0,1,540.0,547.8,6,611.8,548.0,0.0,0.0,0.0,0.0,53
2023-05-10 10:25:20,IO2403-C-3500,IO2403-C-3500,611.8,0.0,0.0,0.0,1,540.2,547.8,6,611.8,548.0,0.0,0.0,0.0,0.0,53
2023-05-10 10:25:30,IO2403-C-3500,IO2403-C-3500,611.8,0.0,0.0,0.0,1,540.4,547.8,6,611.8,548.0,0.0,0.0,0.0,0.0,53
2023-05-10 10:25:40,IO2403-C-3500,IO2403-C-3500,611.8,0.0,0.0,0.0,1,540.6,547.8,6,611.8,548.0,0.0,0.0,0.0,0.0,53
2023-05-10 10:25:49,IO2403-C-3500,IO2403-C-3500,611.8,0.0,0.0,0.0,1,540.2,547.8,6,611.8,548.0,0.0,0.0,0.0,0.0,53
2023-05-10 10:25:59,IO2403-C-3500,IO2403-C-3500,611.8,0.0,0.0,0.0,1,540.4,547.8,6,611.8,548.0,0.0,0.0,0.0,0.0,53
2023-05-10 10:26:09,IO2403-C-3500,IO2403-C-3500,611.8,0.0,0.0,0.0,1,540.6,547.8,6,611.8,548.0,0.0,0.0,0.0,0.0,53
2023-05-10 10:26:19,IO2403-C-3500,IO2403-C-3500,611.8,0.0,0.0,0.0,1,540.8,547.8,6,611.8,548.0,0.0,0.0,0.0,0.0,53
2023-05-10 10:26:39,IO2403-C-3500,IO2403-C-3500,611.8,0.0,0.0,0.0,1,540.2,547.8,6,611.8,548.0,0.0,0.0,0.0,0.0,53
2023-05-10 10:26:49,IO2403-C-3500,IO2403-C-3500,611.8,0.0,0.0,0.0,2,540.2,547.8,6,611.8,548.0,0.0,0.0,0.0,0.0,53
2023-05-10 10:26:59,IO2403-C-3500,IO2403-C-3500,611.8,0.0,0.0,0.0,1,540.4,547.8,6,611.8,548.0,0.0,0.0,0.0,0.0,53
2023-05-10 10:27:00,IO2403-C-3500,IO2403-C-3500,611.8,0.0,0.0,0.0,1,540.2,547.8,6,611.8,548.0,0.0,0.0,0.0,0.0,53
2023-05-10 10:27:15,IO2403-C-3500,IO2403-C-3500,611.8,0.0,0.0,0.0,2,540.2,547.8,6,611.8,548.0,0.0,0.0,0.0,0.0,53
2023-05-10 10:27:23,IO2403-C-3500,IO2403-C-3500,611.8,0.0,0.0,0.0,6,541.0,547.8,6,611.8,548.0,0.0,0.0,0.0,0.0,53
2023-05-10 10:27:25,IO2403-C-3500,IO2403-C-3500,611.8,0.0,0.0,0.0,1,541.6,547.8,6,611.8,548.0,0.0,0.0,0.0,0.0,53
2023-05-10 10:27:35,IO2403-C-3500,IO2403-C-3500,611.8,0.0,0.0,0.0,2,541.6,547.8,6,611.8,548.0,0.0,0.0,0.0,0.0,53
2023-05-10 10:27:45,IO2403-C-3500,IO2403-C-3500,611.8,0.0,0.0,0.0,1,541.8,547.8,6,611.8,548.0,0.0,0.0,0.0,0.0,53
2023-05-10 10:27:54,IO2403-C-3500,IO2403-C-3500,611.8,0.0,0.0,0.0,6,542.4,547.8,6,611.8,548.0,0.0,0.0,0.0,0.0,53
2023-05-10 10:27:55,IO2403-C-3500,IO2403-C-3500,611.8,0.0,0.0,0.0,7,542.4,547.8,6,611.8,548.0,0.0,0.0,0.0,0.0,53
2023-05-10 10:27:59,IO2403-C-3500,IO2403-C-3500,611.8,0.0,0.0,0.0,6,542.4,547.8,6,611.8,548.0,0.0,0.0,0.0,0.0,53
2023-05-10 10:28:12,IO2403-C-3500,IO2403-C-3500,611.8,0.0,0.0,0.0,6,542.4,548.0,12,611.8,548.0,0.0,0.0,0.0,0.0,53
2023-05-10 10:28:13,IO2403-C-3500,IO2403-C-3500,611.8,0.0,0.0,0.0,6,542.4,547.8,6,611.8,548.0,0.0,0.0,0.0,0.0,53
2023-05-10 10:28:25,IO2403-C-3500,IO2403-C-3500,611.8,0.0,0.0,0.0,6,542.4,548.0,12,611.8,548.0,0.0,0.0,0.0,0.0,53
2023-05-10 10:28:32,IO2403-C-3500,IO2403-C-3500,611.8,0.0,0.0,0.0,6,542.4,547.8,6,611.8,548.0,0.0,0.0,0.0,0.0,53
2023-05-10 10:28:34,IO2403-C-3500,IO2403-C-3500,611.8,0.0,0.0,0.0,1,541.8,547.8,6,611.8,548.0,0.0,0.0,0.0,0.0,53
2023-05-10 10:28:38,IO2403-C-3500,IO2403-C-3500,611.8,0.0,0.0,0.0,12,541.6,547.8,6,611.8,548.0,0.0,0.0,0.0,0.0,53
2023-05-10 10:28:38,IO2403-C-3500,IO2403-C-3500,611.8,0.0,0.0,0.0,7,541.4,547.8,6,611.8,548.0,0.0,0.0,0.0,0.0,53
2023-05-10 10:28:39,IO2403-C-3500,IO2403-C-3500,611.8,0.0,0.0,0.0,1,541.4,547.8,6,611.8,548.0,0.0,0.0,0.0,0.0,53
2023-05-10 10:28:48,IO2403-C-3500,IO2403-C-3500,611.8,0.0,0.0,0.0,1,541.6,547.8,6,611.8,548.0,0.0,0.0,0.0,0.0,53
2023-05-10 10:28:53,IO2403-C-3500,IO2403-C-3500,611.8,0.0,0.0,0.0,25,541.2,547.8,6,611.8,548.0,0.0,0.0,0.0,0.0,53
2023-05-10 10:28:54,IO2403-C-3500,IO2403-C-3500,611.8,0.0,0.0,0.0,19,541.2,547.8,6,611.8,548.0,0.0,0.0,0.0,0.0,53
2023-05-10 10:29:02,IO2403-C-3500,IO2403-C-3500,611.8,0.0,0.0,0.0,18,541.2,547.8,6,611.8,548.0,0.0,0.0,0.0,0.0,53
2023-05-10 10:29:03,IO2403-C-3500,IO2403-C-3500,611.8,0.0,0.0,0.0,12,541.2,547.8,6,611.8,548.0,0.0,0.0,0.0,0.0,53
2023-05-10 10:29:04,IO2403-C-3500,IO2403-C-3500,611.8,0.0,0.0,0.0,6,541.2,547.8,6,611.8,548.0,0.0,0.0,0.0,0.0,53
2023-05-10 10:29:05,IO2403-C-3500,IO2403-C-3500,611.8,0.0,0.0,0.0,6,541.2,547.8,12,611.8,548.0,0.0,0.0,0.0,0.0,53
2023-05-10 10:29:06,IO2403-C-3500,IO2403-C-3500,611.8,0.0,0.0,0.0,6,541.4,547.6,6,611.8,548.0,0.0,0.0,0.0,0.0,53
2023-05-10 10:29:06,IO2403-C-3500,IO2403-C-3500,611.8,0.0,0.0,0.0,6,541.2,547.8,12,611.8,548.0,0.0,0.0,0.0,0.0,53
2023-05-10 10:29:07,IO2403-C-3500,IO2403-C-3500,611.8,0.0,0.0,0.0,6,541.2,547.6,6,611.8,548.0,0.0,0.0,0.0,0.0,53
2023-05-10 10:29:18,IO2403-C-3500,IO2403-C-3500,611.8,0.0,0.0,0.0,6,541.2,547.6,12,611.8,548.0,0.0,0.0,0.0,0.0,53
2023-05-10 10:29:18,IO2403-C-3500,IO2403-C-3500,611.8,0.0,0.0,0.0,6,541.2,547.4,6,611.8,548.0,0.0,0.0,0.0,0.0,53
2023-05-10 10:29:22,IO2403-C-3500,IO2403-C-3500,611.8,0.0,0.0,0.0,18,541.0,547.4,6,611.8,548.0,0.0,0.0,0.0,0.0,53
2023-05-10 10:29:22,IO2403-C-3500,IO2403-C-3500,611.8,0.0,0.0,0.0,12,541.0,547.4,6,611.8,548.0,0.0,0.0,0.0,0.0,53
2023-05-10 10:29:23,IO2403-C-3500,IO2403-C-3500,611.8,0.0,0.0,0.0,6,541.0,547.4,6,611.8,548.0,0.0,0.0,0.0,0.0,53
2023-05-10 10:29:43,IO2403-C-3500,IO2403-C-3500,611.8,0.0,0.0,0.0,12,540.8,547.4,6,611.8,548.0,0.0,0.0,0.0,0.0,53
2023-05-10 10:29:43,IO2403-C-3500,IO2403-C-3500,611.8,0.0,0.0,0.0,12,540.4,547.4,6,611.8,548.0,0.0,0.0,0.0,0.0,53
2023-05-10 10:29:44,IO2403-C-3500,IO2403-C-3500,611.8,0.0,0.0,0.0,18,540.0,547.4,6,611.8,548.0,0.0,0.0,0.0,0.0,53
2023-05-10 10:29:44,IO2403-C-3500,IO2403-C-3500,611.8,0.0,0.0,0.0,12,540.0,547.4,6,611.8,548.0,0.0,0.0,0.0,0.0,53
2023-05-10 10:29:45,IO2403-C-3500,IO2403-C-3500,611.8,0.0,0.0,0.0,6,540.0,547.4,6,611.8,548.0,0.0,0.0,0.0,0.0,53
2023-05-10 10:30:00,IO2403-C-3500,IO2403-C-3500,611.8,0.0,0.0,0.0,18,539.8,547.4,6,611.8,548.0,0.0,0.0,0.0,0.0,53
2023-05-10 10:30:01,IO2403-C-3500,IO2403-C-3500,611.8,0.0,0.0,0.0,12,539.8,547.4,12,611.8,548.0,0.0,0.0,0.0,0.0,53
2023-05-10 10:30:01,IO2403-C-3500,IO2403-C-3500,611.8,0.0,0.0,0.0,6,539.8,547.2,6,611.8,548.0,0.0,0.0,0.0,0.0,53
2023-05-10 10:30:16,IO2403-C-3500,IO2403-C-3500,611.8,0.0,0.0,0.0,6,539.8,547.4,6,611.8,548.0,0.0,0.0,0.0,0.0,53
2023-05-10 10:30:30,IO2403-C-3500,IO2403-C-3500,611.8,0.0,0.0,0.0,6,539.8,547.4,12,611.8,548.0,0.0,0.0,0.0,0.0,53
2023-05-10 10:30:30,IO2403-C-3500,IO2403-C-3500,611.8,0.0,0.0,0.0,6,539.8,547.2,6,611.8,548.0,0.0,0.0,0.0,0.0,53
2023-05-10 10:30:51,IO2403-C-3500,IO2403-C-3500,611.8,0.0,0.0,0.0,6,539.8,547.4,6,611.8,548.0,0.0,0.0,0.0,0.0,53
2023-05-10 10:31:08,IO2403-C-3500,IO2403-C-3500,611.8,0.0,0.0,0.0,6,539.8,547.4,12,611.8,548.0,0.0,0.0,0.0,0.0,53
2023-05-10 10:31:09,IO2403-C-3500,IO2403-C-3500,611.8,0.0,0.0,0.0,6,539.8,547.2,6,611.8,548.0,0.0,0.0,0.0,0.0,53
2023-05-10 10:31:48,IO2403-C-3500,IO2403-C-3500,611.8,0.0,0.0,0.0,6,539.8,547.4,6,611.8,548.0,0.0,0.0,0.0,0.0,53
2023-05-10 10:31:56,IO2403-C-3500,IO2403-C-3500,611.8,0.0,0.0,0.0,7,539.8,547.4,6,611.8,548.0,0.0,0.0,0.0,0.0,53
2023-05-10 10:32:10,IO2403-C-3500,IO2403-C-3500,611.8,0.0,0.0,0.0,1,540.0,547.4,6,611.8,548.0,0.0,0.0,0.0,0.0,53
2023-05-10 10:32:19,IO2403-C-3500,IO2403-C-3500,611.8,0.0,0.0,0.0,6,539.8,547.4,6,611.8,548.0,0.0,0.0,0.0,0.0,53
2023-05-10 10:32:21,IO2403-C-3500,IO2403-C-3500,611.8,0.0,0.0,0.0,6,539.8,547.4,12,611.8,548.0,0.0,0.0,0.0,0.0,53
2023-05-10 10:32:22,IO2403-C-3500,IO2403-C-3500,611.8,0.0,0.0,0.0,6,539.8,547.2,6,611.8,548.0,0.0,0.0,0.0,0.0,53
2023-05-10 10:32:44,IO2403-C-3500,IO2403-C-3500,611.8,0.0,0.0,0.0,7,539.8,547.2,6,611.8,548.0,0.0,0.0,0.0,0.0,53
2023-05-10 10:32:51,IO2403-C-3500,IO2403-C-3500,611.8,0.0,0.0,0.0,6,539.8,547.2,6,611.8,548.0,0.0,0.0,0.0,0.0,53
2023-05-10 10:33:16,IO2403-C-3500,IO2403-C-3500,611.8,0.0,0.0,0.0,6,539.8,547.4,6,611.8,548.0,0.0,0.0,0.0,0.0,53
2023-05-10 10:33:27,IO2403-C-3500,IO2403-C-3500,611.8,0.0,0.0,0.0,7,539.8,547.4,6,611.8,548.0,0.0,0.0,0.0,0.0,53
2023-05-10 10:33:29,IO2403-C-3500,IO2403-C-3500,611.8,0.0,0.0,0.0,6,539.8,547.4,6,611.8,548.0,0.0,0.0,0.0,0.0,53
2023-05-10 10:33:36,IO2403-C-3500,IO2403-C-3500,611.8,0.0,0.0,0.0,7,539.8,547.4,6,611.8,548.0,0.0,0.0,0.0,0.0,53
2023-05-10 10:33:39,IO2403-C-3500,IO2403-C-3500,611.8,0.0,0.0,0.0,6,539.8,547.4,6,611.8,548.0,0.0,0.0,0.0,0.0,53
2023-05-10 10:34:11,IO2403-C-3500,IO2403-C-3500,611.8,0.0,0.0,0.0,12,539.6,547.0,6,611.8,548.0,0.0,0.0,0.0,0.0,53
2023-05-10 10:34:11,IO2403-C-3500,IO2403-C-3500,611.8,0.0,0.0,0.0,12,539.4,546.8,6,611.8,548.0,0.0,0.0,0.0,0.0,53
2023-05-10 10:34:12,IO2403-C-3500,IO2403-C-3500,611.8,0.0,0.0,0.0,25,539.0,546.8,6,611.8,548.0,0.0,0.0,0.0,0.0,53
2023-05-10 10:34:12,IO2403-C-3500,IO2403-C-3500,611.8,0.0,0.0,0.0,19,539.0,546.8,6,611.8,548.0,0.0,0.0,0.0,0.0,53
2023-05-10 10:34:30,IO2403-C-3500,IO2403-C-3500,611.8,0.0,0.0,0.0,18,539.0,546.8,12,611.8,548.0,0.0,0.0,0.0,0.0,53
2023-05-10 10:34:31,IO2403-C-3500,IO2403-C-3500,611.8,0.0,0.0,0.0,18,539.0,546.6,6,611.8,548.0,0.0,0.0,0.0,0.0,53
2023-05-10 10:34:32,IO2403-C-3500,IO2403-C-3500,611.8,0.0,0.0,0.0,19,539.0,546.6,6,611.8,548.0,0.0,0.0,0.0,0.0,53
2023-05-10 10:34:35,IO2403-C-3500,IO2403-C-3500,611.8,0.0,0.0,0.0,18,539.0,546.6,6,611.8,548.0,0.0,0.0,0.0,0.0,53
2023-05-10 10:34:41,IO2403-C-3500,IO2403-C-3500,611.8,0.0,0.0,0.0,18,539.0,546.8,6,611.8,548.0,0.0,0.0,0.0,0.0,53
2023-05-10 10:34:42,IO2403-C-3500,IO2403-C-3500,611.8,0.0,0.0,0.0,19,539.0,546.8,6,611.8,548.0,0.0,0.0,0.0,0.0,53
2023-05-10 10:34:43,IO2403-C-3500,IO2403-C-3500,611.8,0.0,0.0,0.0,1,539.6,546.8,6,611.8,548.0,0.0,0.0,0.0,0.0,53
2023-05-10 10:34:44,IO2403-C-3500,IO2403-C-3500,611.8,0.0,0.0,0.0,19,539.0,546.8,6,611.8,548.0,0.0,0.0,0.0,0.0,53
2023-05-10 10:34:52,IO2403-C-3500,IO2403-C-3500,611.8,0.0,0.0,0.0,1,539.2,546.8,6,611.8,548.0,0.0,0.0,0.0,0.0,53
2023-05-10 10:34:53,IO2403-C-3500,IO2403-C-3500,611.8,0.0,0.0,0.0,18,539.0,546.8,6,611.8,548.0,0.0,0.0,0.0,0.0,53
2023-05-10 10:35:13,IO2403-C-3500,IO2403-C-3500,611.8,0.0,0.0,0.0,19,539.0,546.8,6,611.8,548.0,0.0,0.0,0.0,0.0,53
2023-05-10 10:35:27,IO2403-C-3500,IO2403-C-3500,611.8,0.0,0.0,0.0,18,539.0,546.8,6,611.8,548.0,0.0,0.0,0.0,0.0,53
2023-05-10 10:35:36,IO2403-C-3500,IO2403-C-3500,611.8,0.0,0.0,0.0,19,539.0,546.8,6,611.8,548.0,0.0,0.0,0.0,0.0,53
2023-05-10 10:35:46,IO2403-C-3500,IO2403-C-3500,611.8,0.0,0.0,0.0,1,539.2,546.8,6,611.8,548.0,0.0,0.0,0.0,0.0,53
2023-05-10 10:35:56,IO2403-C-3500,IO2403-C-3500,611.8,0.0,0.0,0.0,1,539.4,546.8,6,611.8,548.0,0.0,0.0,0.0,0.0,53
2023-05-10 10:36:06,IO2403-C-3500,IO2403-C-3500,611.8,0.0,0.0,0.0,1,539.6,546.8,6,611.8,548.0,0.0,0.0,0.0,0.0,53
2023-05-10 10:36:07,IO2403-C-3500,IO2403-C-3500,611.8,0.0,0.0,0.0,1,539.8,546.8,6,611.8,548.0,0.0,0.0,0.0,0.0,53
2023-05-10 10:36:17,IO2403-C-3500,IO2403-C-3500,611.8,0.0,0.0,0.0,25,539.0,546.8,6,611.8,548.0,0.0,0.0,0.0,0.0,53
2023-05-10 10:36:17,IO2403-C-3500,IO2403-C-3500,611.8,0.0,0.0,0.0,19,539.0,546.8,6,611.8,548.0,0.0,0.0,0.0,0.0,53
2023-05-10 10:36:27,IO2403-C-3500,IO2403-C-3500,611.8,0.0,0.0,0.0,1,539.2,546.8,6,611.8,548.0,0.0,0.0,0.0,0.0,53
2023-05-10 10:36:37,IO2403-C-3500,IO2403-C-3500,611.8,0.0,0.0,0.0,1,539.4,546.8,6,611.8,548.0,0.0,0.0,0.0,0.0,53
2023-05-10 10:36:37,IO2403-C-3500,IO2403-C-3500,611.8,0.0,0.0,0.0,6,539.8,546.8,6,611.8,548.0,0.0,0.0,0.0,0.0,53
2023-05-10 10:36:38,IO2403-C-3500,IO2403-C-3500,611.8,0.0,0.0,0.0,6,539.8,547.0,6,611.8,548.0,0.0,0.0,0.0,0.0,53
2023-05-10 10:36:49,IO2403-C-3500,IO2403-C-3500,611.8,0.0,0.0,0.0,1,539.2,547.0,12,611.8,548.0,0.0,0.0,0.0,0.0,53
2023-05-10 10:36:49,IO2403-C-3500,IO2403-C-3500,611.8,0.0,0.0,0.0,1,539.2,546.8,6,611.8,548.0,0.0,0.0,0.0,0.0,53
2023-05-10 10:37:00,IO2403-C-3500,IO2403-C-3500,611.8,0.0,0.0,0.0,1,539.4,546.8,6,611.8,548.0,0.0,0.0,0.0,0.0,53
2023-05-10 10:37:03,IO2403-C-3500,IO2403-C-3500,611.8,0.0,0.0,0.0,24,539.0,546.8,6,611.8,548.0,0.0,0.0,0.0,0.0,53
2023-05-10 10:37:03,IO2403-C-3500,IO2403-C-3500,611.8,0.0,0.0,0.0,18,539.0,546.8,6,611.8,548.0,0.0,0.0,0.0,0.0,53
2023-05-10 10:37:07,IO2403-C-3500,IO2403-C-3500,611.8,0.0,0.0,0.0,12,539.0,546.8,6,611.8,548.0,0.0,0.0,0.0,0.0,53
2023-05-10 10:37:07,IO2403-C-3500,IO2403-C-3500,611.8,0.0,0.0,0.0,6,539.0,546.8,6,611.8,548.0,0.0,0.0,0.0,0.0,53
2023-05-10 10:37:55,IO2403-C-3500,IO2403-C-3500,611.8,0.0,0.0,0.0,7,539.0,546.8,6,611.8,548.0,0.0,0.0,0.0,0.0,53
2023-05-10 10:37:58,IO2403-C-3500,IO2403-C-3500,611.8,0.0,0.0,0.0,1,539.8,546.8,6,611.8,548.0,0.0,0.0,0.0,0.0,53
2023-05-10 10:38:02,IO2403-C-3500,IO2403-C-3500,611.8,0.0,0.0,0.0,7,539.0,546.8,6,611.8,548.0,0.0,0.0,0.0,0.0,53
2023-05-10 10:38:05,IO2403-C-3500,IO2403-C-3500,611.8,0.0,0.0,0.0,1,539.2,546.8,6,611.8,548.0,0.0,0.0,0.0,0.0,53
2023-05-10 10:38:12,IO2403-C-3500,IO2403-C-3500,611.8,0.0,0.0,0.0,6,539.8,546.8,6,611.8,548.0,0.0,0.0,0.0,0.0,53
2023-05-10 10:38:12,IO2403-C-3500,IO2403-C-3500,611.8,0.0,0.0,0.0,6,540.0,546.8,6,611.8,548.0,0.0,0.0,0.0,0.0,53
2023-05-10 10:38:17,IO2403-C-3500,IO2403-C-3500,611.8,0.0,0.0,0.0,7,540.0,546.8,6,611.8,548.0,0.0,0.0,0.0,0.0,53
2023-05-10 10:38:33,IO2403-C-3500,IO2403-C-3500,611.8,0.0,0.0,0.0,6,540.0,546.8,6,611.8,548.0,0.0,0.0,0.0,0.0,53
2023-05-10 10:38:39,IO2403-C-3500,IO2403-C-3500,611.8,0.0,0.0,0.0,12,539.8,546.8,6,611.8,548.0,0.0,0.0,0.0,0.0,53
2023-05-10 10:38:40,IO2403-C-3500,IO2403-C-3500,611.8,0.0,0.0,0.0,6,539.8,546.8,6,611.8,548.0,0.0,0.0,0.0,0.0,53
2023-05-10 10:38:51,IO2403-C-3500,IO2403-C-3500,611.8,0.0,0.0,0.0,12,539.6,546.8,12,611.8,548.0,0.0,0.0,0.0,0.0,53
2023-05-10 10:38:51,IO2403-C-3500,IO2403-C-3500,611.8,0.0,0.0,0.0,12,539.2,546.6,6,611.8,548.0,0.0,0.0,0.0,0.0,53
2023-05-10 10:38:52,IO2403-C-3500,IO2403-C-3500,611.8,0.0,0.0,0.0,25,539.0,546.6,6,611.8,548.0,0.0,0.0,0.0,0.0,53
2023-05-10 10:38:52,IO2403-C-3500,IO2403-C-3500,611.8,0.0,0.0,0.0,19,539.0,546.6,6,611.8,548.0,0.0,0.0,0.0,0.0,53
2023-05-10 10:39:04,IO2403-C-3500,IO2403-C-3500,611.8,0.0,0.0,0.0,18,539.0,546.6,6,611.8,548.0,0.0,0.0,0.0,0.0,53
2023-05-10 10:39:05,IO2403-C-3500,IO2403-C-3500,611.8,0.0,0.0,0.0,12,539.0,546.6,12,611.8,548.0,0.0,0.0,0.0,0.0,53
2023-05-10 10:39:05,IO2403-C-3500,IO2403-C-3500,611.8,0.0,0.0,0.0,6,539.0,546.4,6,611.8,548.0,0.0,0.0,0.0,0.0,53
2023-05-10 10:39:46,IO2403-C-3500,IO2403-C-3500,611.8,0.0,0.0,0.0,7,539.0,546.4,6,611.8,548.0,0.0,0.0,0.0,0.0,53
2023-05-10 10:39:49,IO2403-C-3500,IO2403-C-3500,611.8,0.0,0.0,0.0,6,539.0,546.4,6,611.8,548.0,0.0,0.0,0.0,0.0,53
2023-05-10 10:40:28,IO2403-C-3500,IO2403-C-3500,611.8,0.0,0.0,0.0,6,539.0,546.6,6,611.8,548.0,0.0,0.0,0.0,0.0,53
2023-05-10 10:41:46,IO2403-C-3500,IO2403-C-3500,611.8,0.0,0.0,0.0,7,539.0,546.6,6,611.8,548.0,0.0,0.0,0.0,0.0,53
2023-05-10 10:41:46,IO2403-C-3500,IO2403-C-3500,611.8,0.0,0.0,0.0,1,539.6,546.6,6,611.8,548.0,0.0,0.0,0.0,0.0,53
2023-05-10 10:42:06,IO2403-C-3500,IO2403-C-3500,611.8,0.0,0.0,0.0,6,539.8,546.6,6,611.8,548.0,0.0,0.0,0.0,0.0,53
2023-05-10 10:42:07,IO2403-C-3500,IO2403-C-3500,611.8,0.0,0.0,0.0,6,540.0,546.6,6,611.8,548.0,0.0,0.0,0.0,0.0,53
2023-05-10 10:42:07,IO2403-C-3500,IO2403-C-3500,611.8,0.0,0.0,0.0,6,540.0,546.8,6,611.8,548.0,0.0,0.0,0.0,0.0,53
2023-05-10 10:43:10,IO2403-C-3500,IO2403-C-3500,611.8,0.0,0.0,0.0,7,540.0,546.8,6,611.8,548.0,0.0,0.0,0.0,0.0,53
2023-05-10 10:43:13,IO2403-C-3500,IO2403-C-3500,611.8,0.0,0.0,0.0,1,541.0,546.8,6,611.8,548.0,0.0,0.0,0.0,0.0,53
2023-05-10 10:43:15,IO2403-C-3500,IO2403-C-3500,611.8,0.0,0.0,0.0,1,541.0,547.0,6,611.8,548.0,0.0,0.0,0.0,0.0,53
2023-05-10 10:43:31,IO2403-C-3500,IO2403-C-3500,611.8,0.0,0.0,0.0,1,540.2,547.0,6,611.8,548.0,0.0,0.0,0.0,0.0,53
2023-05-10 10:43:40,IO2403-C-3500,IO2403-C-3500,611.8,0.0,0.0,0.0,6,540.0,547.0,6,611.8,548.0,0.0,0.0,0.0,0.0,53
2023-05-10 10:43:50,IO2403-C-3500,IO2403-C-3500,611.8,0.0,0.0,0.0,7,540.0,547.0,6,611.8,548.0,0.0,0.0,0.0,0.0,53
2023-05-10 10:44:00,IO2403-C-3500,IO2403-C-3500,611.8,0.0,0.0,0.0,1,540.2,547.0,6,611.8,548.0,0.0,0.0,0.0,0.0,53
2023-05-10 10:44:01,IO2403-C-3500,IO2403-C-3500,611.8,0.0,0.0,0.0,1,540.8,547.0,6,611.8,548.0,0.0,0.0,0.0,0.0,53
2023-05-10 10:44:11,IO2403-C-3500,IO2403-C-3500,611.8,0.0,0.0,0.0,6,540.0,547.0,6,611.8,548.0,0.0,0.0,0.0,0.0,53
2023-05-10 10:44:26,IO2403-C-3500,IO2403-C-3500,611.8,0.0,0.0,0.0,7,540.0,547.0,6,611.8,548.0,0.0,0.0,0.0,0.0,53
2023-05-10 10:44:32,IO2403-C-3500,IO2403-C-3500,611.8,0.0,0.0,0.0,6,540.0,547.0,6,611.8,548.0,0.0,0.0,0.0,0.0,53
2023-05-10 10:44:51,IO2403-C-3500,IO2403-C-3500,611.8,0.0,0.0,0.0,18,539.8,547.0,6,611.8,548.0,0.0,0.0,0.0,0.0,53
2023-05-10 10:44:52,IO2403-C-3500,IO2403-C-3500,611.8,0.0,0.0,0.0,6,539.8,547.0,6,611.8,548.0,0.0,0.0,0.0,0.0,53
2023-05-10 10:44:57,IO2403-C-3500,IO2403-C-3500,611.8,0.0,0.0,0.0,12,539.6,547.0,6,611.8,548.0,0.0,0.0,0.0,0.0,53
2023-05-10 10:44:58,IO2403-C-3500,IO2403-C-3500,611.8,0.0,0.0,0.0,18,539.4,547.0,12,611.8,548.0,0.0,0.0,0.0,0.0,53
2023-05-10 10:44:58,IO2403-C-3500,IO2403-C-3500,611.8,0.0,0.0,0.0,12,539.4,547.0,12,611.8,548.0,0.0,0.0,0.0,0.0,53
2023-05-10 10:44:59,IO2403-C-3500,IO2403-C-3500,611.8,0.0,0.0,0.0,6,539.4,546.8,6,611.8,548.0,0.0,0.0,0.0,0.0,53
2023-05-10 10:45:15,IO2403-C-3500,IO2403-C-3500,611.8,0.0,0.0,0.0,6,540.0,547.0,6,611.8,548.0,0.0,0.0,0.0,0.0,53
2023-05-10 10:45:18,IO2403-C-3500,IO2403-C-3500,611.8,0.0,0.0,0.0,7,540.0,547.0,6,611.8,548.0,0.0,0.0,0.0,0.0,53
