time,symbol_id,symbol_name,last,trade_volume,trade_amount,open_interest_change,bv1,bp1,ap1,av1,yesterday_close,today_open,today_high,today_low,volume,amount,open_interest
2023-05-10 09:29:00,IO2403-C-4500,IO2403-C-4500,74.0,0.0,0.0,0.0,1,57.6,74.6,1,74.0,69.2,0.0,0.0,0.0,0.0,266
2023-05-10 09:30:00,IO2403-C-4500,IO2403-C-4500,74.0,0.0,0.0,0.0,1,60.0,74.6,1,74.0,69.2,0.0,0.0,0.0,0.0,266
2023-05-10 09:30:00,IO2403-C-4500,IO2403-C-4500,74.0,0.0,0.0,0.0,6,60.2,74.6,1,74.0,69.2,0.0,0.0,0.0,0.0,266
2023-05-10 09:30:01,IO2403-C-4500,IO2403-C-4500,74.0,0.0,0.0,0.0,7,60.2,74.6,2,74.0,69.2,0.0,0.0,0.0,0.0,266
2023-05-10 09:30:01,IO2403-C-4500,IO2403-C-4500,74.0,0.0,0.0,0.0,6,60.4,74.6,2,74.0,69.2,0.0,0.0,0.0,0.0,266
2023-05-10 09:30:04,IO2403-C-4500,IO2403-C-4500,74.0,0.0,0.0,0.0,6,60.2,74.6,2,74.0,69.2,0.0,0.0,0.0,0.0,266
2023-05-10 09:30:06,IO2403-C-4500,IO2403-C-4500,74.0,0.0,0.0,0.0,7,60.2,74.6,2,74.0,69.2,0.0,0.0,0.0,0.0,266
2023-05-10 09:30:07,IO2403-C-4500,IO2403-C-4500,74.0,0.0,0.0,0.0,6,60.4,74.6,2,74.0,69.2,0.0,0.0,0.0,0.0,266
2023-05-10 09:30:13,IO2403-C-4500,IO2403-C-4500,74.0,0.0,0.0,0.0,6,60.4,74.6,1,74.0,69.2,0.0,0.0,0.0,0.0,266
2023-05-10 09:30:13,IO2403-C-4500,IO2403-C-4500,74.0,0.0,0.0,0.0,2,60.6,74.6,1,74.0,69.2,0.0,0.0,0.0,0.0,266
2023-05-10 09:30:14,IO2403-C-4500,IO2403-C-4500,74.0,0.0,0.0,0.0,6,60.8,74.6,1,74.0,69.2,0.0,0.0,0.0,0.0,266
2023-05-10 09:30:14,IO2403-C-4500,IO2403-C-4500,74.0,0.0,0.0,0.0,2,61.0,74.6,1,74.0,69.2,0.0,0.0,0.0,0.0,266
2023-05-10 09:30:15,IO2403-C-4500,IO2403-C-4500,74.0,0.0,0.0,0.0,6,61.2,74.6,1,74.0,69.2,0.0,0.0,0.0,0.0,266
2023-05-10 09:30:15,IO2403-C-4500,IO2403-C-4500,74.0,0.0,0.0,0.0,2,61.4,74.6,1,74.0,69.2,0.0,0.0,0.0,0.0,266
2023-05-10 09:30:16,IO2403-C-4500,IO2403-C-4500,74.0,0.0,0.0,0.0,6,61.6,74.6,1,74.0,69.2,0.0,0.0,0.0,0.0,266
2023-05-10 09:30:16,IO2403-C-4500,IO2403-C-4500,74.0,0.0,0.0,0.0,2,61.8,74.6,1,74.0,69.2,0.0,0.0,0.0,0.0,266
2023-05-10 09:30:17,IO2403-C-4500,IO2403-C-4500,74.0,0.0,0.0,0.0,6,62.0,74.6,1,74.0,69.2,0.0,0.0,0.0,0.0,266
2023-05-10 09:30:17,IO2403-C-4500,IO2403-C-4500,74.0,0.0,0.0,0.0,2,62.2,74.6,1,74.0,69.2,0.0,0.0,0.0,0.0,266
2023-05-10 09:30:18,IO2403-C-4500,IO2403-C-4500,74.0,0.0,0.0,0.0,6,62.4,74.6,1,74.0,69.2,0.0,0.0,0.0,0.0,266
2023-05-10 09:30:18,IO2403-C-4500,IO2403-C-4500,74.0,0.0,0.0,0.0,2,62.6,74.6,1,74.0,69.2,0.0,0.0,0.0,0.0,266
2023-05-10 09:30:19,IO2403-C-4500,IO2403-C-4500,74.0,0.0,0.0,0.0,6,62.8,74.6,1,74.0,69.2,0.0,0.0,0.0,0.0,266
2023-05-10 09:30:19,IO2403-C-4500,IO2403-C-4500,74.0,0.0,0.0,0.0,2,63.0,74.6,1,74.0,69.2,0.0,0.0,0.0,0.0,266
2023-05-10 09:30:20,IO2403-C-4500,IO2403-C-4500,74.0,0.0,0.0,0.0,6,63.2,74.6,1,74.0,69.2,0.0,0.0,0.0,0.0,266
2023-05-10 09:30:20,IO2403-C-4500,IO2403-C-4500,74.0,0.0,0.0,0.0,2,63.4,74.6,1,74.0,69.2,0.0,0.0,0.0,0.0,266
2023-05-10 09:30:21,IO2403-C-4500,IO2403-C-4500,74.0,0.0,0.0,0.0,6,63.6,74.6,1,74.0,69.2,0.0,0.0,0.0,0.0,266
2023-05-10 09:30:21,IO2403-C-4500,IO2403-C-4500,74.0,0.0,0.0,0.0,2,63.8,74.6,1,74.0,69.2,0.0,0.0,0.0,0.0,266
2023-05-10 09:30:22,IO2403-C-4500,IO2403-C-4500,74.0,0.0,0.0,0.0,6,70.6,74.6,1,74.0,69.2,0.0,0.0,0.0,0.0,266
2023-05-10 09:30:22,IO2403-C-4500,IO2403-C-4500,74.0,0.0,0.0,0.0,6,69.8,74.6,1,74.0,69.2,0.0,0.0,0.0,0.0,266
2023-05-10 09:30:23,IO2403-C-4500,IO2403-C-4500,74.0,0.0,0.0,0.0,8,69.8,74.6,1,74.0,69.2,0.0,0.0,0.0,0.0,266
2023-05-10 09:30:23,IO2403-C-4500,IO2403-C-4500,74.0,0.0,0.0,0.0,2,69.8,74.6,1,74.0,69.2,0.0,0.0,0.0,0.0,266
2023-05-10 09:30:25,IO2403-C-4500,IO2403-C-4500,74.0,0.0,0.0,0.0,6,70.0,74.6,1,74.0,69.2,0.0,0.0,0.0,0.0,266
2023-05-10 09:30:25,IO2403-C-4500,IO2403-C-4500,74.0,0.0,0.0,0.0,6,71.0,74.6,1,74.0,69.2,0.0,0.0,0.0,0.0,266
2023-05-10 09:30:26,IO2403-C-4500,IO2403-C-4500,74.0,0.0,0.0,0.0,6,71.2,74.6,1,74.0,69.2,0.0,0.0,0.0,0.0,266
2023-05-10 09:30:30,IO2403-C-4500,IO2403-C-4500,74.0,0.0,0.0,0.0,3,70.4,74.6,1,74.0,69.2,0.0,0.0,0.0,0.0,266
2023-05-10 09:30:31,IO2403-C-4500,IO2403-C-4500,74.0,0.0,0.0,0.0,6,70.2,74.6,1,74.0,69.2,0.0,0.0,0.0,0.0,266
2023-05-10 09:30:33,IO2403-C-4500,IO2403-C-4500,74.0,0.0,0.0,0.0,6,70.4,74.6,1,74.0,69.2,0.0,0.0,0.0,0.0,266
2023-05-10 09:31:05,IO2403-C-4500,IO2403-C-4500,74.0,0.0,0.0,0.0,6,70.2,74.6,1,74.0,69.2,0.0,0.0,0.0,0.0,266
2023-05-10 09:31:05,IO2403-C-4500,IO2403-C-4500,74.0,0.0,0.0,0.0,12,70.0,74.6,1,74.0,69.2,0.0,0.0,0.0,0.0,266
2023-05-10 09:31:06,IO2403-C-4500,IO2403-C-4500,74.0,0.0,0.0,0.0,6,70.0,74.6,1,74.0,69.2,0.0,0.0,0.0,0.0,266
2023-05-10 09:31:07,IO2403-C-4500,IO2403-C-4500,74.0,0.0,0.0,0.0,18,69.4,74.6,7,74.0,69.2,0.0,0.0,0.0,0.0,266
2023-05-10 09:31:07,IO2403-C-4500,IO2403-C-4500,74.0,0.0,0.0,0.0,12,69.4,74.4,6,74.0,69.2,0.0,0.0,0.0,0.0,266
2023-05-10 09:31:08,IO2403-C-4500,IO2403-C-4500,74.0,0.0,0.0,0.0,9,69.4,74.6,7,74.0,69.2,0.0,0.0,0.0,0.0,266
2023-05-10 09:31:08,IO2403-C-4500,IO2403-C-4500,74.0,0.0,0.0,0.0,6,69.4,74.6,1,74.0,69.2,0.0,0.0,0.0,0.0,266
2023-05-10 09:31:09,IO2403-C-4500,IO2403-C-4500,74.0,0.0,0.0,0.0,9,69.4,74.6,1,74.0,69.2,0.0,0.0,0.0,0.0,266
2023-05-10 09:31:09,IO2403-C-4500,IO2403-C-4500,74.0,0.0,0.0,0.0,6,69.4,74.6,1,74.0,69.2,0.0,0.0,0.0,0.0,266
2023-05-10 09:31:10,IO2403-C-4500,IO2403-C-4500,74.0,0.0,0.0,0.0,9,69.4,74.6,1,74.0,69.2,0.0,0.0,0.0,0.0,266
2023-05-10 09:31:10,IO2403-C-4500,IO2403-C-4500,74.0,0.0,0.0,0.0,6,69.4,74.6,1,74.0,69.2,0.0,0.0,0.0,0.0,266
2023-05-10 09:31:11,IO2403-C-4500,IO2403-C-4500,74.0,0.0,0.0,0.0,9,69.4,74.8,12,74.0,69.2,0.0,0.0,0.0,0.0,266
2023-05-10 09:31:11,IO2403-C-4500,IO2403-C-4500,74.0,0.0,0.0,0.0,6,69.4,74.8,12,74.0,69.2,0.0,0.0,0.0,0.0,266
2023-05-10 09:31:12,IO2403-C-4500,IO2403-C-4500,74.0,0.0,0.0,0.0,9,69.4,74.8,12,74.0,69.2,0.0,0.0,0.0,0.0,266
2023-05-10 09:31:12,IO2403-C-4500,IO2403-C-4500,74.0,0.0,0.0,0.0,6,69.4,74.8,12,74.0,69.2,0.0,0.0,0.0,0.0,266
2023-05-10 09:31:13,IO2403-C-4500,IO2403-C-4500,74.0,0.0,0.0,0.0,9,69.4,74.8,12,74.0,69.2,0.0,0.0,0.0,0.0,266
2023-05-10 09:31:13,IO2403-C-4500,IO2403-C-4500,74.0,0.0,0.0,0.0,6,69.4,74.8,12,74.0,69.2,0.0,0.0,0.0,0.0,266
2023-05-10 09:31:14,IO2403-C-4500,IO2403-C-4500,74.0,0.0,0.0,0.0,9,69.4,74.8,12,74.0,69.2,0.0,0.0,0.0,0.0,266
2023-05-10 09:31:14,IO2403-C-4500,IO2403-C-4500,74.0,0.0,0.0,0.0,6,69.4,74.8,12,74.0,69.2,0.0,0.0,0.0,0.0,266
2023-05-10 09:31:15,IO2403-C-4500,IO2403-C-4500,74.0,0.0,0.0,0.0,9,69.4,74.8,12,74.0,69.2,0.0,0.0,0.0,0.0,266
2023-05-10 09:31:15,IO2403-C-4500,IO2403-C-4500,74.0,0.0,0.0,0.0,6,69.4,74.8,12,74.0,69.2,0.0,0.0,0.0,0.0,266
2023-05-10 09:31:16,IO2403-C-4500,IO2403-C-4500,74.0,0.0,0.0,0.0,9,69.4,74.8,12,74.0,69.2,0.0,0.0,0.0,0.0,266
2023-05-10 09:31:16,IO2403-C-4500,IO2403-C-4500,74.0,0.0,0.0,0.0,6,69.4,74.8,12,74.0,69.2,0.0,0.0,0.0,0.0,266
2023-05-10 09:31:17,IO2403-C-4500,IO2403-C-4500,74.0,0.0,0.0,0.0,9,69.4,74.8,12,74.0,69.2,0.0,0.0,0.0,0.0,266
2023-05-10 09:31:17,IO2403-C-4500,IO2403-C-4500,74.0,0.0,0.0,0.0,6,69.4,74.8,6,74.0,69.2,0.0,0.0,0.0,0.0,266
2023-05-10 09:31:18,IO2403-C-4500,IO2403-C-4500,74.0,0.0,0.0,0.0,9,69.4,74.8,6,74.0,69.2,0.0,0.0,0.0,0.0,266
2023-05-10 09:31:18,IO2403-C-4500,IO2403-C-4500,74.0,0.0,0.0,0.0,6,69.0,74.8,6,74.0,69.2,0.0,0.0,0.0,0.0,266
2023-05-10 09:31:19,IO2403-C-4500,IO2403-C-4500,74.0,0.0,0.0,0.0,9,69.0,74.8,12,74.0,69.2,0.0,0.0,0.0,0.0,266
2023-05-10 09:31:19,IO2403-C-4500,IO2403-C-4500,74.0,0.0,0.0,0.0,6,69.0,74.8,12,74.0,69.2,0.0,0.0,0.0,0.0,266
2023-05-10 09:31:20,IO2403-C-4500,IO2403-C-4500,74.0,0.0,0.0,0.0,3,69.0,74.8,12,74.0,69.2,0.0,0.0,0.0,0.0,266
2023-05-10 09:31:20,IO2403-C-4500,IO2403-C-4500,74.0,0.0,0.0,0.0,12,68.6,74.8,6,74.0,69.2,0.0,0.0,0.0,0.0,266
2023-05-10 09:31:21,IO2403-C-4500,IO2403-C-4500,74.0,0.0,0.0,0.0,2,68.6,74.8,12,74.0,69.2,0.0,0.0,0.0,0.0,266
2023-05-10 09:31:21,IO2403-C-4500,IO2403-C-4500,74.0,0.0,0.0,0.0,2,68.6,74.6,6,74.0,69.2,0.0,0.0,0.0,0.0,266
2023-05-10 09:31:23,IO2403-C-4500,IO2403-C-4500,74.0,0.0,0.0,0.0,14,68.4,73.8,6,74.0,69.2,0.0,0.0,0.0,0.0,266
2023-05-10 09:31:23,IO2403-C-4500,IO2403-C-4500,74.0,0.0,0.0,0.0,8,68.4,73.8,9,74.0,69.2,0.0,0.0,0.0,0.0,266
2023-05-10 09:31:24,IO2403-C-4500,IO2403-C-4500,74.0,0.0,0.0,0.0,2,68.4,73.8,6,74.0,69.2,0.0,0.0,0.0,0.0,266
2023-05-10 09:31:24,IO2403-C-4500,IO2403-C-4500,74.0,0.0,0.0,0.0,2,68.4,73.8,9,74.0,69.2,0.0,0.0,0.0,0.0,266
2023-05-10 09:31:25,IO2403-C-4500,IO2403-C-4500,74.0,0.0,0.0,0.0,2,68.4,73.8,6,74.0,69.2,0.0,0.0,0.0,0.0,266
2023-05-10 09:31:28,IO2403-C-4500,IO2403-C-4500,74.0,0.0,0.0,0.0,14,68.2,73.8,6,74.0,69.2,0.0,0.0,0.0,0.0,266
2023-05-10 09:31:30,IO2403-C-4500,IO2403-C-4500,74.0,0.0,0.0,0.0,6,68.4,73.8,6,74.0,69.2,0.0,0.0,0.0,0.0,266
2023-05-10 09:31:30,IO2403-C-4500,IO2403-C-4500,74.0,0.0,0.0,0.0,8,68.4,73.6,2,74.0,69.2,0.0,0.0,0.0,0.0,266
2023-05-10 09:31:31,IO2403-C-4500,IO2403-C-4500,74.0,0.0,0.0,0.0,6,68.6,73.6,2,74.0,69.2,0.0,0.0,0.0,0.0,266
2023-05-10 09:31:32,IO2403-C-4500,IO2403-C-4500,74.0,0.0,0.0,0.0,2,68.8,73.6,2,74.0,69.2,0.0,0.0,0.0,0.0,266
2023-05-10 09:31:32,IO2403-C-4500,IO2403-C-4500,74.0,0.0,0.0,0.0,8,68.6,73.6,2,74.0,69.2,0.0,0.0,0.0,0.0,266
2023-05-10 09:31:33,IO2403-C-4500,IO2403-C-4500,74.0,0.0,0.0,0.0,6,68.6,73.6,2,74.0,69.2,0.0,0.0,0.0,0.0,266
2023-05-10 09:31:40,IO2403-C-4500,IO2403-C-4500,74.0,0.0,0.0,0.0,12,68.6,73.6,2,74.0,69.2,0.0,0.0,0.0,0.0,266
2023-05-10 09:31:41,IO2403-C-4500,IO2403-C-4500,74.0,0.0,0.0,0.0,8,68.6,73.6,2,74.0,69.2,0.0,0.0,0.0,0.0,266
2023-05-10 09:31:48,IO2403-C-4500,IO2403-C-4500,74.0,0.0,0.0,0.0,11,68.6,73.6,2,74.0,69.2,0.0,0.0,0.0,0.0,266
2023-05-10 09:32:05,IO2403-C-4500,IO2403-C-4500,74.0,0.0,0.0,0.0,9,68.6,73.6,2,74.0,69.2,0.0,0.0,0.0,0.0,266
2023-05-10 09:32:07,IO2403-C-4500,IO2403-C-4500,74.0,0.0,0.0,0.0,3,68.6,73.6,2,74.0,69.2,0.0,0.0,0.0,0.0,266
2023-05-10 09:32:07,IO2403-C-4500,IO2403-C-4500,74.0,0.0,0.0,0.0,12,68.4,73.6,2,74.0,69.2,0.0,0.0,0.0,0.0,266
2023-05-10 09:32:08,IO2403-C-4500,IO2403-C-4500,74.0,0.0,0.0,0.0,8,68.4,73.6,2,74.0,69.2,0.0,0.0,0.0,0.0,266
2023-05-10 09:32:08,IO2403-C-4500,IO2403-C-4500,74.0,0.0,0.0,0.0,11,68.4,73.6,2,74.0,69.2,0.0,0.0,0.0,0.0,266
2023-05-10 09:32:12,IO2403-C-4500,IO2403-C-4500,74.0,0.0,0.0,0.0,9,68.4,73.6,2,74.0,69.2,0.0,0.0,0.0,0.0,266
2023-05-10 09:32:13,IO2403-C-4500,IO2403-C-4500,74.0,0.0,0.0,0.0,2,68.6,73.6,2,74.0,69.2,0.0,0.0,0.0,0.0,266
2023-05-10 09:32:19,IO2403-C-4500,IO2403-C-4500,74.0,0.0,0.0,0.0,2,68.8,73.6,2,74.0,69.2,0.0,0.0,0.0,0.0,266
2023-05-10 09:32:20,IO2403-C-4500,IO2403-C-4500,74.0,0.0,0.0,0.0,5,68.6,73.6,2,74.0,69.2,0.0,0.0,0.0,0.0,266
2023-05-10 09:32:20,IO2403-C-4500,IO2403-C-4500,74.0,0.0,0.0,0.0,2,68.8,73.6,2,74.0,69.2,0.0,0.0,0.0,0.0,266
2023-05-10 09:32:21,IO2403-C-4500,IO2403-C-4500,74.0,0.0,0.0,0.0,5,68.6,73.6,2,74.0,69.2,0.0,0.0,0.0,0.0,266
2023-05-10 09:32:22,IO2403-C-4500,IO2403-C-4500,74.0,0.0,0.0,0.0,2,68.6,73.6,2,74.0,69.2,0.0,0.0,0.0,0.0,266
2023-05-10 09:32:22,IO2403-C-4500,IO2403-C-4500,74.0,0.0,0.0,0.0,4,68.6,73.6,2,74.0,69.2,0.0,0.0,0.0,0.0,266
2023-05-10 09:32:25,IO2403-C-4500,IO2403-C-4500,74.0,0.0,0.0,0.0,11,68.4,73.6,2,74.0,69.2,0.0,0.0,0.0,0.0,266
2023-05-10 09:32:25,IO2403-C-4500,IO2403-C-4500,74.0,0.0,0.0,0.0,13,68.4,73.6,2,74.0,69.2,0.0,0.0,0.0,0.0,266
2023-05-10 09:32:26,IO2403-C-4500,IO2403-C-4500,74.0,0.0,0.0,0.0,11,68.4,73.6,2,74.0,69.2,0.0,0.0,0.0,0.0,266
2023-05-10 09:32:26,IO2403-C-4500,IO2403-C-4500,74.0,0.0,0.0,0.0,9,68.4,73.6,2,74.0,69.2,0.0,0.0,0.0,0.0,266
2023-05-10 09:32:28,IO2403-C-4500,IO2403-C-4500,74.0,0.0,0.0,0.0,11,68.4,73.6,2,74.0,69.2,0.0,0.0,0.0,0.0,266
2023-05-10 09:32:30,IO2403-C-4500,IO2403-C-4500,74.0,0.0,0.0,0.0,13,68.4,73.6,2,74.0,69.2,0.0,0.0,0.0,0.0,266
2023-05-10 09:32:32,IO2403-C-4500,IO2403-C-4500,74.0,0.0,0.0,0.0,11,68.4,73.6,2,74.0,69.2,0.0,0.0,0.0,0.0,266
2023-05-10 09:32:44,IO2403-C-4500,IO2403-C-4500,74.0,0.0,0.0,0.0,13,68.4,73.6,2,74.0,69.2,0.0,0.0,0.0,0.0,266
2023-05-10 09:32:44,IO2403-C-4500,IO2403-C-4500,74.0,0.0,0.0,0.0,11,68.4,73.6,2,74.0,69.2,0.0,0.0,0.0,0.0,266
2023-05-10 09:32:53,IO2403-C-4500,IO2403-C-4500,74.0,0.0,0.0,0.0,13,68.4,73.6,2,74.0,69.2,0.0,0.0,0.0,0.0,266
2023-05-10 09:32:55,IO2403-C-4500,IO2403-C-4500,74.0,0.0,0.0,0.0,11,68.4,73.6,2,74.0,69.2,0.0,0.0,0.0,0.0,266
2023-05-10 09:32:58,IO2403-C-4500,IO2403-C-4500,74.0,0.0,0.0,0.0,13,68.4,73.6,2,74.0,69.2,0.0,0.0,0.0,0.0,266
2023-05-10 09:32:58,IO2403-C-4500,IO2403-C-4500,74.0,0.0,0.0,0.0,1,70.2,73.6,2,74.0,69.2,0.0,0.0,0.0,0.0,266
2023-05-10 09:33:07,IO2403-C-4500,IO2403-C-4500,74.0,0.0,0.0,0.0,1,70.2,73.6,3,74.0,69.2,0.0,0.0,0.0,0.0,266
2023-05-10 09:33:11,IO2403-C-4500,IO2403-C-4500,74.0,0.0,0.0,0.0,1,70.2,73.6,2,74.0,69.2,0.0,0.0,0.0,0.0,266
2023-05-10 09:33:33,IO2403-C-4500,IO2403-C-4500,74.0,0.0,0.0,0.0,7,70.2,73.6,2,74.0,69.2,0.0,0.0,0.0,0.0,266
2023-05-10 09:33:34,IO2403-C-4500,IO2403-C-4500,74.0,0.0,0.0,0.0,1,71.2,73.6,2,74.0,69.2,0.0,0.0,0.0,0.0,266
2023-05-10 09:33:36,IO2403-C-4500,IO2403-C-4500,74.0,0.0,0.0,0.0,1,71.2,73.4,6,74.0,69.2,0.0,0.0,0.0,0.0,266
2023-05-10 09:33:56,IO2403-C-4500,IO2403-C-4500,74.0,0.0,0.0,0.0,3,71.0,73.4,6,74.0,69.2,0.0,0.0,0.0,0.0,266
2023-05-10 09:33:56,IO2403-C-4500,IO2403-C-4500,74.0,0.0,0.0,0.0,18,70.8,73.4,6,74.0,69.2,0.0,0.0,0.0,0.0,266
2023-05-10 09:33:57,IO2403-C-4500,IO2403-C-4500,74.0,0.0,0.0,0.0,6,70.8,73.4,6,74.0,69.2,0.0,0.0,0.0,0.0,266
2023-05-10 09:33:57,IO2403-C-4500,IO2403-C-4500,74.0,0.0,0.0,0.0,3,70.8,73.4,6,74.0,69.2,0.0,0.0,0.0,0.0,266
2023-05-10 09:33:58,IO2403-C-4500,IO2403-C-4500,74.0,0.0,0.0,0.0,1,70.6,73.4,6,74.0,69.2,0.0,0.0,0.0,0.0,266
2023-05-10 09:34:03,IO2403-C-4500,IO2403-C-4500,74.0,0.0,0.0,0.0,1,70.6,73.4,9,74.0,69.2,0.0,0.0,0.0,0.0,266
2023-05-10 09:34:03,IO2403-C-4500,IO2403-C-4500,74.0,0.0,0.0,0.0,1,70.6,73.2,6,74.0,69.2,0.0,0.0,0.0,0.0,266
2023-05-10 09:34:04,IO2403-C-4500,IO2403-C-4500,74.0,0.0,0.0,0.0,13,70.6,73.2,6,74.0,69.2,0.0,0.0,0.0,0.0,266
2023-05-10 09:34:04,IO2403-C-4500,IO2403-C-4500,74.0,0.0,0.0,0.0,16,70.6,73.4,6,74.0,69.2,0.0,0.0,0.0,0.0,266
2023-05-10 09:34:05,IO2403-C-4500,IO2403-C-4500,74.0,0.0,0.0,0.0,1,70.6,73.4,9,74.0,69.2,0.0,0.0,0.0,0.0,266
2023-05-10 09:34:05,IO2403-C-4500,IO2403-C-4500,74.0,0.0,0.0,0.0,7,70.6,73.2,6,74.0,69.2,0.0,0.0,0.0,0.0,266
2023-05-10 09:34:06,IO2403-C-4500,IO2403-C-4500,74.0,0.0,0.0,0.0,10,70.6,73.2,6,74.0,69.2,0.0,0.0,0.0,0.0,266
2023-05-10 09:34:06,IO2403-C-4500,IO2403-C-4500,74.0,0.0,0.0,0.0,10,70.6,73.4,6,74.0,69.2,0.0,0.0,0.0,0.0,266
2023-05-10 09:34:16,IO2403-C-4500,IO2403-C-4500,74.0,0.0,0.0,0.0,7,70.6,73.4,9,74.0,69.2,0.0,0.0,0.0,0.0,266
2023-05-10 09:34:17,IO2403-C-4500,IO2403-C-4500,74.0,0.0,0.0,0.0,7,70.6,73.2,6,74.0,69.2,0.0,0.0,0.0,0.0,266
2023-05-10 09:34:17,IO2403-C-4500,IO2403-C-4500,74.0,0.0,0.0,0.0,10,70.6,73.2,6,74.0,69.2,0.0,0.0,0.0,0.0,266
2023-05-10 09:34:18,IO2403-C-4500,IO2403-C-4500,74.0,0.0,0.0,0.0,10,70.6,73.4,6,74.0,69.2,0.0,0.0,0.0,0.0,266
2023-05-10 09:34:19,IO2403-C-4500,IO2403-C-4500,74.0,0.0,0.0,0.0,10,70.6,73.4,9,74.0,69.2,0.0,0.0,0.0,0.0,266
2023-05-10 09:34:20,IO2403-C-4500,IO2403-C-4500,74.0,0.0,0.0,0.0,7,70.6,73.2,6,74.0,69.2,0.0,0.0,0.0,0.0,266
2023-05-10 09:34:21,IO2403-C-4500,IO2403-C-4500,74.0,0.0,0.0,0.0,7,70.6,73.4,6,74.0,69.2,0.0,0.0,0.0,0.0,266
2023-05-10 09:34:21,IO2403-C-4500,IO2403-C-4500,74.0,0.0,0.0,0.0,7,70.6,73.4,9,74.0,69.2,0.0,0.0,0.0,0.0,266
2023-05-10 09:34:22,IO2403-C-4500,IO2403-C-4500,74.0,0.0,0.0,0.0,7,70.6,73.2,6,74.0,69.2,0.0,0.0,0.0,0.0,266
2023-05-10 09:34:22,IO2403-C-4500,IO2403-C-4500,74.0,0.0,0.0,0.0,6,70.6,73.2,9,74.0,69.2,0.0,0.0,0.0,0.0,266
2023-05-10 09:34:23,IO2403-C-4500,IO2403-C-4500,74.0,0.0,0.0,0.0,27,70.4,73.0,6,74.0,69.2,0.0,0.0,0.0,0.0,266
2023-05-10 09:34:23,IO2403-C-4500,IO2403-C-4500,74.0,0.0,0.0,0.0,15,70.4,73.0,6,74.0,69.2,0.0,0.0,0.0,0.0,266
2023-05-10 09:34:24,IO2403-C-4500,IO2403-C-4500,74.0,0.0,0.0,0.0,15,70.4,73.2,6,74.0,69.2,0.0,0.0,0.0,0.0,266
2023-05-10 09:34:28,IO2403-C-4500,IO2403-C-4500,74.0,0.0,0.0,0.0,12,70.4,73.2,9,74.0,69.2,0.0,0.0,0.0,0.0,266
2023-05-10 09:34:28,IO2403-C-4500,IO2403-C-4500,74.0,0.0,0.0,0.0,6,70.4,73.0,6,74.0,69.2,0.0,0.0,0.0,0.0,266
2023-05-10 09:34:29,IO2403-C-4500,IO2403-C-4500,74.0,0.0,0.0,0.0,3,70.4,73.0,6,74.0,69.2,0.0,0.0,0.0,0.0,266
2023-05-10 09:34:29,IO2403-C-4500,IO2403-C-4500,74.0,0.0,0.0,0.0,6,70.4,73.2,9,74.0,69.2,0.0,0.0,0.0,0.0,266
2023-05-10 09:34:30,IO2403-C-4500,IO2403-C-4500,74.0,0.0,0.0,0.0,25,70.0,73.0,6,74.0,69.2,0.0,0.0,0.0,0.0,266
2023-05-10 09:34:30,IO2403-C-4500,IO2403-C-4500,74.0,0.0,0.0,0.0,28,70.0,73.0,6,74.0,69.2,0.0,0.0,0.0,0.0,266
2023-05-10 09:34:31,IO2403-C-4500,IO2403-C-4500,74.0,0.0,0.0,0.0,22,70.0,73.0,6,74.0,69.2,0.0,0.0,0.0,0.0,266
2023-05-10 09:34:31,IO2403-C-4500,IO2403-C-4500,74.0,0.0,0.0,0.0,22,70.0,73.0,9,74.0,69.2,0.0,0.0,0.0,0.0,266
2023-05-10 09:34:32,IO2403-C-4500,IO2403-C-4500,74.0,0.0,0.0,0.0,22,70.0,72.8,6,74.0,69.2,0.0,0.0,0.0,0.0,266
2023-05-10 09:34:33,IO2403-C-4500,IO2403-C-4500,74.0,0.0,0.0,0.0,16,70.0,72.8,6,74.0,69.2,0.0,0.0,0.0,0.0,266
2023-05-10 09:34:37,IO2403-C-4500,IO2403-C-4500,74.0,0.0,0.0,0.0,6,70.2,72.8,6,74.0,69.2,0.0,0.0,0.0,0.0,266
2023-05-10 09:34:38,IO2403-C-4500,IO2403-C-4500,74.0,0.0,0.0,0.0,15,70.2,72.8,6,74.0,69.2,0.0,0.0,0.0,0.0,266
2023-05-10 09:34:38,IO2403-C-4500,IO2403-C-4500,74.0,0.0,0.0,0.0,15,70.2,73.0,6,74.0,69.2,0.0,0.0,0.0,0.0,266
2023-05-10 09:34:39,IO2403-C-4500,IO2403-C-4500,74.0,0.0,0.0,0.0,9,70.2,73.0,6,74.0,69.2,0.0,0.0,0.0,0.0,266
2023-05-10 09:34:44,IO2403-C-4500,IO2403-C-4500,74.0,0.0,0.0,0.0,6,70.2,73.0,9,74.0,69.2,0.0,0.0,0.0,0.0,266
2023-05-10 09:34:45,IO2403-C-4500,IO2403-C-4500,74.0,0.0,0.0,0.0,13,70.0,72.8,6,74.0,69.2,0.0,0.0,0.0,0.0,266
2023-05-10 09:34:45,IO2403-C-4500,IO2403-C-4500,74.0,0.0,0.0,0.0,16,70.0,72.8,6,74.0,69.2,0.0,0.0,0.0,0.0,266
2023-05-10 09:34:52,IO2403-C-4500,IO2403-C-4500,74.0,0.0,0.0,0.0,18,70.0,72.8,6,74.0,69.2,0.0,0.0,0.0,0.0,266
2023-05-10 09:34:52,IO2403-C-4500,IO2403-C-4500,74.0,0.0,0.0,0.0,16,70.0,73.0,6,74.0,69.2,0.0,0.0,0.0,0.0,266
2023-05-10 09:34:54,IO2403-C-4500,IO2403-C-4500,74.0,0.0,0.0,0.0,16,70.0,73.0,9,74.0,69.2,0.0,0.0,0.0,0.0,266
2023-05-10 09:34:54,IO2403-C-4500,IO2403-C-4500,74.0,0.0,0.0,0.0,16,70.0,72.8,6,74.0,69.2,0.0,0.0,0.0,0.0,266
2023-05-10 09:34:57,IO2403-C-4500,IO2403-C-4500,74.0,0.0,0.0,0.0,16,70.0,73.0,9,74.0,69.2,0.0,0.0,0.0,0.0,266
2023-05-10 09:34:57,IO2403-C-4500,IO2403-C-4500,74.0,0.0,0.0,0.0,16,70.0,72.8,6,74.0,69.2,0.0,0.0,0.0,0.0,266
2023-05-10 09:35:00,IO2403-C-4500,IO2403-C-4500,74.0,0.0,0.0,0.0,16,70.0,73.0,6,74.0,69.2,0.0,0.0,0.0,0.0,266
2023-05-10 09:35:00,IO2403-C-4500,IO2403-C-4500,74.0,0.0,0.0,0.0,18,70.0,73.0,6,74.0,69.2,0.0,0.0,0.0,0.0,266
2023-05-10 09:35:01,IO2403-C-4500,IO2403-C-4500,74.0,0.0,0.0,0.0,16,70.0,73.0,6,74.0,69.2,0.0,0.0,0.0,0.0,266
2023-05-10 09:35:02,IO2403-C-4500,IO2403-C-4500,74.0,0.0,0.0,0.0,16,70.0,73.0,9,74.0,69.2,0.0,0.0,0.0,0.0,266
2023-05-10 09:35:02,IO2403-C-4500,IO2403-C-4500,74.0,0.0,0.0,0.0,16,70.0,72.8,6,74.0,69.2,0.0,0.0,0.0,0.0,266
2023-05-10 09:35:03,IO2403-C-4500,IO2403-C-4500,74.0,0.0,0.0,0.0,13,70.0,72.8,9,74.0,69.2,0.0,0.0,0.0,0.0,266
2023-05-10 09:35:04,IO2403-C-4500,IO2403-C-4500,74.0,0.0,0.0,0.0,13,70.0,72.6,6,74.0,69.2,0.0,0.0,0.0,0.0,266
2023-05-10 09:35:05,IO2403-C-4500,IO2403-C-4500,74.0,0.0,0.0,0.0,7,70.0,72.6,6,74.0,69.2,0.0,0.0,0.0,0.0,266
2023-05-10 09:35:06,IO2403-C-4500,IO2403-C-4500,74.0,0.0,0.0,0.0,7,70.0,72.6,9,74.0,69.2,0.0,0.0,0.0,0.0,266
2023-05-10 09:35:07,IO2403-C-4500,IO2403-C-4500,74.0,0.0,0.0,0.0,7,70.0,72.4,6,74.0,69.2,0.0,0.0,0.0,0.0,266
2023-05-10 09:35:08,IO2403-C-4500,IO2403-C-4500,74.0,0.0,0.0,0.0,7,70.0,72.6,6,74.0,69.2,0.0,0.0,0.0,0.0,266
2023-05-10 09:35:09,IO2403-C-4500,IO2403-C-4500,74.0,0.0,0.0,0.0,7,70.0,72.6,9,74.0,69.2,0.0,0.0,0.0,0.0,266
2023-05-10 09:35:09,IO2403-C-4500,IO2403-C-4500,74.0,0.0,0.0,0.0,7,70.0,72.4,6,74.0,69.2,0.0,0.0,0.0,0.0,266
2023-05-10 09:35:15,IO2403-C-4500,IO2403-C-4500,74.0,0.0,0.0,0.0,7,70.0,72.6,9,74.0,69.2,0.0,0.0,0.0,0.0,266
2023-05-10 09:35:16,IO2403-C-4500,IO2403-C-4500,74.0,0.0,0.0,0.0,7,70.0,72.4,6,74.0,69.2,0.0,0.0,0.0,0.0,266
2023-05-10 09:35:16,IO2403-C-4500,IO2403-C-4500,74.0,0.0,0.0,0.0,7,70.0,72.4,9,74.0,69.2,0.0,0.0,0.0,0.0,266
2023-05-10 09:35:17,IO2403-C-4500,IO2403-C-4500,74.0,0.0,0.0,0.0,6,70.0,72.2,6,74.0,69.2,0.0,0.0,0.0,0.0,266
2023-05-10 09:35:17,IO2403-C-4500,IO2403-C-4500,74.0,0.0,0.0,0.0,6,69.8,72.2,6,74.0,69.2,0.0,0.0,0.0,0.0,266
2023-05-10 09:35:18,IO2403-C-4500,IO2403-C-4500,74.0,0.0,0.0,0.0,30,69.6,72.2,6,74.0,69.2,0.0,0.0,0.0,0.0,266
2023-05-10 09:35:19,IO2403-C-4500,IO2403-C-4500,74.0,0.0,0.0,0.0,30,69.6,72.2,9,74.0,69.2,0.0,0.0,0.0,0.0,266
2023-05-10 09:35:20,IO2403-C-4500,IO2403-C-4500,74.0,0.0,0.0,0.0,30,69.6,72.0,6,74.0,69.2,0.0,0.0,0.0,0.0,266
2023-05-10 09:35:22,IO2403-C-4500,IO2403-C-4500,74.0,0.0,0.0,0.0,30,69.6,72.2,6,74.0,69.2,0.0,0.0,0.0,0.0,266
2023-05-10 09:35:24,IO2403-C-4500,IO2403-C-4500,74.0,0.0,0.0,0.0,30,69.6,72.2,9,74.0,69.2,0.0,0.0,0.0,0.0,266
2023-05-10 09:35:24,IO2403-C-4500,IO2403-C-4500,74.0,0.0,0.0,0.0,24,69.6,72.0,6,74.0,69.2,0.0,0.0,0.0,0.0,266
2023-05-10 09:35:27,IO2403-C-4500,IO2403-C-4500,74.0,0.0,0.0,0.0,24,69.6,72.2,9,74.0,69.2,0.0,0.0,0.0,0.0,266
2023-05-10 09:35:27,IO2403-C-4500,IO2403-C-4500,74.0,0.0,0.0,0.0,24,69.6,72.0,6,74.0,69.2,0.0,0.0,0.0,0.0,266
2023-05-10 09:35:28,IO2403-C-4500,IO2403-C-4500,74.0,0.0,0.0,0.0,18,69.6,72.0,6,74.0,69.2,0.0,0.0,0.0,0.0,266
2023-05-10 09:35:28,IO2403-C-4500,IO2403-C-4500,74.0,0.0,0.0,0.0,12,69.6,72.0,6,74.0,69.2,0.0,0.0,0.0,0.0,266
2023-05-10 09:35:29,IO2403-C-4500,IO2403-C-4500,74.0,0.0,0.0,0.0,6,69.6,72.0,6,74.0,69.2,0.0,0.0,0.0,0.0,266
2023-05-10 09:35:29,IO2403-C-4500,IO2403-C-4500,74.0,0.0,0.0,0.0,24,69.4,72.0,6,74.0,69.2,0.0,0.0,0.0,0.0,266
2023-05-10 09:35:30,IO2403-C-4500,IO2403-C-4500,74.0,0.0,0.0,0.0,18,69.4,72.0,6,74.0,69.2,0.0,0.0,0.0,0.0,266
2023-05-10 09:35:30,IO2403-C-4500,IO2403-C-4500,74.0,0.0,0.0,0.0,12,69.4,72.0,6,74.0,69.2,0.0,0.0,0.0,0.0,266
2023-05-10 09:35:31,IO2403-C-4500,IO2403-C-4500,74.0,0.0,0.0,0.0,6,69.4,72.0,6,74.0,69.2,0.0,0.0,0.0,0.0,266
2023-05-10 09:35:31,IO2403-C-4500,IO2403-C-4500,74.0,0.0,0.0,0.0,42,69.2,72.0,9,74.0,69.2,0.0,0.0,0.0,0.0,266
2023-05-10 09:35:32,IO2403-C-4500,IO2403-C-4500,74.0,0.0,0.0,0.0,45,69.2,71.8,6,74.0,69.2,0.0,0.0,0.0,0.0,266
2023-05-10 09:35:32,IO2403-C-4500,IO2403-C-4500,74.0,0.0,0.0,0.0,47,69.2,71.8,6,74.0,69.2,0.0,0.0,0.0,0.0,266
2023-05-10 09:35:33,IO2403-C-4500,IO2403-C-4500,74.0,0.0,0.0,0.0,36,69.2,72.0,9,74.0,69.2,0.0,0.0,0.0,0.0,266
2023-05-10 09:35:33,IO2403-C-4500,IO2403-C-4500,74.0,0.0,0.0,0.0,44,69.2,71.8,6,74.0,69.2,0.0,0.0,0.0,0.0,266
2023-05-10 09:35:34,IO2403-C-4500,IO2403-C-4500,74.0,0.0,0.0,0.0,42,69.2,71.8,6,74.0,69.2,0.0,0.0,0.0,0.0,266
2023-05-10 09:35:35,IO2403-C-4500,IO2403-C-4500,74.0,0.0,0.0,0.0,44,69.2,71.8,6,74.0,69.2,0.0,0.0,0.0,0.0,266
2023-05-10 09:35:35,IO2403-C-4500,IO2403-C-4500,74.0,0.0,0.0,0.0,47,69.2,71.8,6,74.0,69.2,0.0,0.0,0.0,0.0,266
2023-05-10 09:35:36,IO2403-C-4500,IO2403-C-4500,74.0,0.0,0.0,0.0,41,69.2,72.0,6,74.0,69.2,0.0,0.0,0.0,0.0,266
2023-05-10 09:35:36,IO2403-C-4500,IO2403-C-4500,74.0,0.0,0.0,0.0,39,69.2,72.0,6,74.0,69.2,0.0,0.0,0.0,0.0,266
2023-05-10 09:35:37,IO2403-C-4500,IO2403-C-4500,74.0,0.0,0.0,0.0,36,69.2,72.0,9,74.0,69.2,0.0,0.0,0.0,0.0,266
2023-05-10 09:35:38,IO2403-C-4500,IO2403-C-4500,74.0,0.0,0.0,0.0,42,69.2,71.8,6,74.0,69.2,0.0,0.0,0.0,0.0,266
2023-05-10 09:35:38,IO2403-C-4500,IO2403-C-4500,74.0,0.0,0.0,0.0,6,69.4,72.0,6,74.0,69.2,0.0,0.0,0.0,0.0,266
2023-05-10 09:35:47,IO2403-C-4500,IO2403-C-4500,74.0,0.0,0.0,0.0,6,69.4,72.2,9,74.0,69.2,0.0,0.0,0.0,0.0,266
2023-05-10 09:35:48,IO2403-C-4500,IO2403-C-4500,74.0,0.0,0.0,0.0,15,69.4,72.2,6,74.0,69.2,0.0,0.0,0.0,0.0,266
2023-05-10 09:35:50,IO2403-C-4500,IO2403-C-4500,74.0,0.0,0.0,0.0,12,69.4,72.2,9,74.0,69.2,0.0,0.0,0.0,0.0,266
2023-05-10 09:35:51,IO2403-C-4500,IO2403-C-4500,74.0,0.0,0.0,0.0,12,69.4,72.0,6,74.0,69.2,0.0,0.0,0.0,0.0,266
2023-05-10 09:35:51,IO2403-C-4500,IO2403-C-4500,74.0,0.0,0.0,0.0,6,69.6,72.0,6,74.0,69.2,0.0,0.0,0.0,0.0,266
2023-05-10 09:35:52,IO2403-C-4500,IO2403-C-4500,74.0,0.0,0.0,0.0,6,69.6,72.2,9,74.0,69.2,0.0,0.0,0.0,0.0,266
2023-05-10 09:35:52,IO2403-C-4500,IO2403-C-4500,74.0,0.0,0.0,0.0,9,69.4,72.0,6,74.0,69.2,0.0,0.0,0.0,0.0,266
2023-05-10 09:35:53,IO2403-C-4500,IO2403-C-4500,74.0,0.0,0.0,0.0,15,69.4,72.0,6,74.0,69.2,0.0,0.0,0.0,0.0,266
2023-05-10 09:35:53,IO2403-C-4500,IO2403-C-4500,74.0,0.0,0.0,0.0,9,69.4,72.2,6,74.0,69.2,0.0,0.0,0.0,0.0,266
2023-05-10 09:35:55,IO2403-C-4500,IO2403-C-4500,74.0,0.0,0.0,0.0,15,69.4,72.2,6,74.0,69.2,0.0,0.0,0.0,0.0,266
2023-05-10 09:35:59,IO2403-C-4500,IO2403-C-4500,74.0,0.0,0.0,0.0,6,69.6,72.2,6,74.0,69.2,0.0,0.0,0.0,0.0,266
2023-05-10 09:36:00,IO2403-C-4500,IO2403-C-4500,74.0,0.0,0.0,0.0,1,70.0,72.2,6,74.0,69.2,0.0,0.0,0.0,0.0,266
2023-05-10 09:36:00,IO2403-C-4500,IO2403-C-4500,74.0,0.0,0.0,0.0,7,70.0,72.2,6,74.0,69.2,0.0,0.0,0.0,0.0,266
2023-05-10 09:36:02,IO2403-C-4500,IO2403-C-4500,74.0,0.0,0.0,0.0,7,70.0,72.4,6,74.0,69.2,0.0,0.0,0.0,0.0,266
2023-05-10 09:36:03,IO2403-C-4500,IO2403-C-4500,74.0,0.0,0.0,0.0,7,70.0,72.4,9,74.0,69.2,0.0,0.0,0.0,0.0,266
2023-05-10 09:36:04,IO2403-C-4500,IO2403-C-4500,74.0,0.0,0.0,0.0,7,70.0,72.2,6,74.0,69.2,0.0,0.0,0.0,0.0,266
2023-05-10 09:36:05,IO2403-C-4500,IO2403-C-4500,74.0,0.0,0.0,0.0,7,70.0,72.4,6,74.0,69.2,0.0,0.0,0.0,0.0,266
2023-05-10 09:36:05,IO2403-C-4500,IO2403-C-4500,74.0,0.0,0.0,0.0,7,70.0,72.6,6,74.0,69.2,0.0,0.0,0.0,0.0,266
2023-05-10 09:36:06,IO2403-C-4500,IO2403-C-4500,74.0,0.0,0.0,0.0,7,70.0,72.6,9,74.0,69.2,0.0,0.0,0.0,0.0,266
2023-05-10 09:36:07,IO2403-C-4500,IO2403-C-4500,74.0,0.0,0.0,0.0,7,70.0,72.4,6,74.0,69.2,0.0,0.0,0.0,0.0,266
2023-05-10 09:36:08,IO2403-C-4500,IO2403-C-4500,74.0,0.0,0.0,0.0,6,70.2,72.6,9,74.0,69.2,0.0,0.0,0.0,0.0,266
2023-05-10 09:36:08,IO2403-C-4500,IO2403-C-4500,74.0,0.0,0.0,0.0,6,70.2,72.4,6,74.0,69.2,0.0,0.0,0.0,0.0,266
2023-05-10 09:36:09,IO2403-C-4500,IO2403-C-4500,74.0,0.0,0.0,0.0,6,70.2,72.6,6,74.0,69.2,0.0,0.0,0.0,0.0,266
2023-05-10 09:36:09,IO2403-C-4500,IO2403-C-4500,74.0,0.0,0.0,0.0,12,70.2,72.8,9,74.0,69.2,0.0,0.0,0.0,0.0,266
2023-05-10 09:36:10,IO2403-C-4500,IO2403-C-4500,74.0,0.0,0.0,0.0,12,70.2,72.6,6,74.0,69.2,0.0,0.0,0.0,0.0,266
2023-05-10 09:36:10,IO2403-C-4500,IO2403-C-4500,74.0,0.0,0.0,0.0,12,70.2,72.8,6,74.0,69.2,0.0,0.0,0.0,0.0,266
2023-05-10 09:36:11,IO2403-C-4500,IO2403-C-4500,74.0,0.0,0.0,0.0,15,70.2,72.8,6,74.0,69.2,0.0,0.0,0.0,0.0,266
2023-05-10 09:36:12,IO2403-C-4500,IO2403-C-4500,74.0,0.0,0.0,0.0,12,70.2,72.8,6,74.0,69.2,0.0,0.0,0.0,0.0,266
2023-05-10 09:36:12,IO2403-C-4500,IO2403-C-4500,74.0,0.0,0.0,0.0,12,70.2,72.8,9,74.0,69.2,0.0,0.0,0.0,0.0,266
2023-05-10 09:36:13,IO2403-C-4500,IO2403-C-4500,74.0,0.0,0.0,0.0,6,70.2,72.6,6,74.0,69.2,0.0,0.0,0.0,0.0,266
2023-05-10 09:36:13,IO2403-C-4500,IO2403-C-4500,74.0,0.0,0.0,0.0,3,70.2,72.8,6,74.0,69.2,0.0,0.0,0.0,0.0,266
2023-05-10 09:36:14,IO2403-C-4500,IO2403-C-4500,74.0,0.0,0.0,0.0,6,70.2,72.8,6,74.0,69.2,0.0,0.0,0.0,0.0,266
2023-05-10 09:36:14,IO2403-C-4500,IO2403-C-4500,74.0,0.0,0.0,0.0,7,70.0,72.8,6,74.0,69.2,0.0,0.0,0.0,0.0,266
2023-05-10 09:36:15,IO2403-C-4500,IO2403-C-4500,74.0,0.0,0.0,0.0,10,70.0,72.8,6,74.0,69.2,0.0,0.0,0.0,0.0,266
2023-05-10 09:36:32,IO2403-C-4500,IO2403-C-4500,74.0,0.0,0.0,0.0,7,70.0,72.8,9,74.0,69.2,0.0,0.0,0.0,0.0,266
2023-05-10 09:36:32,IO2403-C-4500,IO2403-C-4500,74.0,0.0,0.0,0.0,7,70.0,72.6,6,74.0,69.2,0.0,0.0,0.0,0.0,266
2023-05-10 09:36:33,IO2403-C-4500,IO2403-C-4500,74.0,0.0,0.0,0.0,7,70.0,72.6,9,74.0,69.2,0.0,0.0,0.0,0.0,266
2023-05-10 09:36:33,IO2403-C-4500,IO2403-C-4500,74.0,0.0,0.0,0.0,7,70.0,72.4,6,74.0,69.2,0.0,0.0,0.0,0.0,266
2023-05-10 09:36:35,IO2403-C-4500,IO2403-C-4500,74.0,0.0,0.0,0.0,7,70.0,72.6,6,74.0,69.2,0.0,0.0,0.0,0.0,266
2023-05-10 09:36:35,IO2403-C-4500,IO2403-C-4500,74.0,0.0,0.0,0.0,10,70.0,72.6,6,74.0,69.2,0.0,0.0,0.0,0.0,266
2023-05-10 09:36:36,IO2403-C-4500,IO2403-C-4500,74.0,0.0,0.0,0.0,7,70.0,72.8,9,74.0,69.2,0.0,0.0,0.0,0.0,266
2023-05-10 09:36:36,IO2403-C-4500,IO2403-C-4500,74.0,0.0,0.0,0.0,7,70.0,72.6,6,74.0,69.2,0.0,0.0,0.0,0.0,266
2023-05-10 09:36:38,IO2403-C-4500,IO2403-C-4500,74.0,0.0,0.0,0.0,10,70.0,72.6,6,74.0,69.2,0.0,0.0,0.0,0.0,266
2023-05-10 09:36:39,IO2403-C-4500,IO2403-C-4500,74.0,0.0,0.0,0.0,10,70.0,72.8,6,74.0,69.2,0.0,0.0,0.0,0.0,266
2023-05-10 09:36:49,IO2403-C-4500,IO2403-C-4500,74.0,0.0,0.0,0.0,7,70.0,72.8,9,74.0,69.2,0.0,0.0,0.0,0.0,266
2023-05-10 09:36:49,IO2403-C-4500,IO2403-C-4500,74.0,0.0,0.0,0.0,7,70.0,72.6,6,74.0,69.2,0.0,0.0,0.0,0.0,266
2023-05-10 09:36:55,IO2403-C-4500,IO2403-C-4500,74.0,0.0,0.0,0.0,10,70.0,72.6,6,74.0,69.2,0.0,0.0,0.0,0.0,266
2023-05-10 09:36:55,IO2403-C-4500,IO2403-C-4500,74.0,0.0,0.0,0.0,10,70.0,72.8,6,74.0,69.2,0.0,0.0,0.0,0.0,266
2023-05-10 09:36:56,IO2403-C-4500,IO2403-C-4500,74.0,0.0,0.0,0.0,9,70.0,72.8,9,74.0,69.2,0.0,0.0,0.0,0.0,266
2023-05-10 09:36:57,IO2403-C-4500,IO2403-C-4500,74.0,0.0,0.0,0.0,7,70.0,72.6,6,74.0,69.2,0.0,0.0,0.0,0.0,266
2023-05-10 09:36:57,IO2403-C-4500,IO2403-C-4500,74.0,0.0,0.0,0.0,7,70.0,72.6,9,74.0,69.2,0.0,0.0,0.0,0.0,266
2023-05-10 09:36:58,IO2403-C-4500,IO2403-C-4500,74.0,0.0,0.0,0.0,7,70.0,72.4,6,74.0,69.2,0.0,0.0,0.0,0.0,266
2023-05-10 09:37:01,IO2403-C-4500,IO2403-C-4500,74.0,0.0,0.0,0.0,6,70.0,72.4,6,74.0,69.2,0.0,0.0,0.0,0.0,266
2023-05-10 09:37:01,IO2403-C-4500,IO2403-C-4500,74.0,0.0,0.0,0.0,24,69.8,72.4,9,74.0,69.2,0.0,0.0,0.0,0.0,266
2023-05-10 09:37:02,IO2403-C-4500,IO2403-C-4500,74.0,0.0,0.0,0.0,18,69.8,72.2,6,74.0,69.2,0.0,0.0,0.0,0.0,266
2023-05-10 09:37:02,IO2403-C-4500,IO2403-C-4500,74.0,0.0,0.0,0.0,1,70.0,72.2,9,74.0,69.2,0.0,0.0,0.0,0.0,266
2023-05-10 09:37:03,IO2403-C-4500,IO2403-C-4500,74.0,0.0,0.0,0.0,1,70.0,72.0,6,74.0,69.2,0.0,0.0,0.0,0.0,266
2023-05-10 09:37:05,IO2403-C-4500,IO2403-C-4500,74.0,0.0,0.0,0.0,1,70.0,72.2,6,74.0,69.2,0.0,0.0,0.0,0.0,266
2023-05-10 09:37:05,IO2403-C-4500,IO2403-C-4500,74.0,0.0,0.0,0.0,7,70.0,72.2,9,74.0,69.2,0.0,0.0,0.0,0.0,266
2023-05-10 09:37:06,IO2403-C-4500,IO2403-C-4500,74.0,0.0,0.0,0.0,7,70.0,72.0,6,74.0,69.2,0.0,0.0,0.0,0.0,266
2023-05-10 09:37:07,IO2403-C-4500,IO2403-C-4500,74.0,0.0,0.0,0.0,6,70.0,72.0,6,74.0,69.2,0.0,0.0,0.0,0.0,266
2023-05-10 09:37:07,IO2403-C-4500,IO2403-C-4500,74.0,0.0,0.0,0.0,12,69.6,72.0,6,74.0,69.2,0.0,0.0,0.0,0.0,266
2023-05-10 09:37:08,IO2403-C-4500,IO2403-C-4500,74.0,0.0,0.0,0.0,6,69.6,72.2,9,74.0,69.2,0.0,0.0,0.0,0.0,266
2023-05-10 09:37:08,IO2403-C-4500,IO2403-C-4500,74.0,0.0,0.0,0.0,38,69.4,72.0,6,74.0,69.2,0.0,0.0,0.0,0.0,266
2023-05-10 09:37:09,IO2403-C-4500,IO2403-C-4500,74.0,0.0,0.0,0.0,26,69.4,72.0,6,74.0,69.2,0.0,0.0,0.0,0.0,266
2023-05-10 09:37:09,IO2403-C-4500,IO2403-C-4500,74.0,0.0,0.0,0.0,2,69.6,72.0,6,74.0,69.2,0.0,0.0,0.0,0.0,266
2023-05-10 09:37:10,IO2403-C-4500,IO2403-C-4500,74.0,0.0,0.0,0.0,4,69.6,72.0,6,74.0,69.2,0.0,0.0,0.0,0.0,266
2023-05-10 09:37:10,IO2403-C-4500,IO2403-C-4500,74.0,0.0,0.0,0.0,4,69.6,72.2,6,74.0,69.2,0.0,0.0,0.0,0.0,266
2023-05-10 09:37:13,IO2403-C-4500,IO2403-C-4500,74.0,0.0,0.0,0.0,1,70.0,72.2,6,74.0,69.2,0.0,0.0,0.0,0.0,266
2023-05-10 09:37:13,IO2403-C-4500,IO2403-C-4500,74.0,0.0,0.0,0.0,7,70.0,72.2,6,74.0,69.2,0.0,0.0,0.0,0.0,266
2023-05-10 09:37:14,IO2403-C-4500,IO2403-C-4500,74.0,0.0,0.0,0.0,7,70.0,72.4,6,74.0,69.2,0.0,0.0,0.0,0.0,266
2023-05-10 09:37:15,IO2403-C-4500,IO2403-C-4500,74.0,0.0,0.0,0.0,7,70.0,72.4,9,74.0,69.2,0.0,0.0,0.0,0.0,266
2023-05-10 09:37:16,IO2403-C-4500,IO2403-C-4500,74.0,0.0,0.0,0.0,7,70.0,72.2,6,74.0,69.2,0.0,0.0,0.0,0.0,266
2023-05-10 09:37:16,IO2403-C-4500,IO2403-C-4500,74.0,0.0,0.0,0.0,7,70.0,72.8,6,74.0,69.2,0.0,0.0,0.0,0.0,266
2023-05-10 09:37:17,IO2403-C-4500,IO2403-C-4500,74.0,0.0,0.0,0.0,7,70.0,72.8,9,74.0,69.2,0.0,0.0,0.0,0.0,266
2023-05-10 09:37:17,IO2403-C-4500,IO2403-C-4500,74.0,0.0,0.0,0.0,6,69.8,72.6,6,74.0,69.2,0.0,0.0,0.0,0.0,266
2023-05-10 09:37:18,IO2403-C-4500,IO2403-C-4500,74.0,0.0,0.0,0.0,23,69.6,72.6,9,74.0,69.2,0.0,0.0,0.0,0.0,266
2023-05-10 09:37:18,IO2403-C-4500,IO2403-C-4500,74.0,0.0,0.0,0.0,11,69.6,72.4,6,74.0,69.2,0.0,0.0,0.0,0.0,266
2023-05-10 09:37:19,IO2403-C-4500,IO2403-C-4500,74.0,0.0,0.0,0.0,10,69.6,72.4,9,74.0,69.2,0.0,0.0,0.0,0.0,266
2023-05-10 09:37:19,IO2403-C-4500,IO2403-C-4500,74.0,0.0,0.0,0.0,10,69.6,72.2,6,74.0,69.2,0.0,0.0,0.0,0.0,266
2023-05-10 09:37:20,IO2403-C-4500,IO2403-C-4500,74.0,0.0,0.0,0.0,19,69.6,72.2,6,74.0,69.2,0.0,0.0,0.0,0.0,266
2023-05-10 09:37:21,IO2403-C-4500,IO2403-C-4500,74.0,0.0,0.0,0.0,13,69.6,72.4,6,74.0,69.2,0.0,0.0,0.0,0.0,266
2023-05-10 09:37:21,IO2403-C-4500,IO2403-C-4500,74.0,0.0,0.0,0.0,10,69.6,72.4,6,74.0,69.2,0.0,0.0,0.0,0.0,266
2023-05-10 09:37:22,IO2403-C-4500,IO2403-C-4500,74.0,0.0,0.0,0.0,10,69.6,72.6,9,74.0,69.2,0.0,0.0,0.0,0.0,266
2023-05-10 09:37:22,IO2403-C-4500,IO2403-C-4500,74.0,0.0,0.0,0.0,13,69.6,72.4,6,74.0,69.2,0.0,0.0,0.0,0.0,266
2023-05-10 09:37:23,IO2403-C-4500,IO2403-C-4500,74.0,0.0,0.0,0.0,10,69.6,72.4,9,74.0,69.2,0.0,0.0,0.0,0.0,266
2023-05-10 09:37:23,IO2403-C-4500,IO2403-C-4500,74.0,0.0,0.0,0.0,10,69.6,72.2,6,74.0,69.2,0.0,0.0,0.0,0.0,266
2023-05-10 09:37:30,IO2403-C-4500,IO2403-C-4500,74.0,0.0,0.0,0.0,10,69.6,72.2,9,74.0,69.2,0.0,0.0,0.0,0.0,266
2023-05-10 09:37:31,IO2403-C-4500,IO2403-C-4500,74.0,0.0,0.0,0.0,10,69.6,72.0,6,74.0,69.2,0.0,0.0,0.0,0.0,266
2023-05-10 09:37:32,IO2403-C-4500,IO2403-C-4500,74.0,0.0,0.0,0.0,8,69.6,72.2,6,74.0,69.2,0.0,0.0,0.0,0.0,266
2023-05-10 09:37:32,IO2403-C-4500,IO2403-C-4500,74.0,0.0,0.0,0.0,6,69.6,72.2,9,74.0,69.2,0.0,0.0,0.0,0.0,266
2023-05-10 09:37:33,IO2403-C-4500,IO2403-C-4500,74.0,0.0,0.0,0.0,26,69.4,72.0,6,74.0,69.2,0.0,0.0,0.0,0.0,266
2023-05-10 09:37:33,IO2403-C-4500,IO2403-C-4500,74.0,0.0,0.0,0.0,28,69.4,72.0,6,74.0,69.2,0.0,0.0,0.0,0.0,266
2023-05-10 09:37:42,IO2403-C-4500,IO2403-C-4500,74.0,0.0,0.0,0.0,28,69.4,72.0,9,74.0,69.2,0.0,0.0,0.0,0.0,266
2023-05-10 09:37:43,IO2403-C-4500,IO2403-C-4500,74.0,0.0,0.0,0.0,28,69.4,71.8,6,74.0,69.2,0.0,0.0,0.0,0.0,266
2023-05-10 09:37:44,IO2403-C-4500,IO2403-C-4500,74.0,0.0,0.0,0.0,26,69.4,71.8,6,74.0,69.2,0.0,0.0,0.0,0.0,266
2023-05-10 09:37:45,IO2403-C-4500,IO2403-C-4500,74.0,0.0,0.0,0.0,28,69.4,71.8,6,74.0,69.2,0.0,0.0,0.0,0.0,266
2023-05-10 09:37:50,IO2403-C-4500,IO2403-C-4500,74.0,0.0,0.0,0.0,28,69.4,71.8,9,74.0,69.2,0.0,0.0,0.0,0.0,266
2023-05-10 09:37:50,IO2403-C-4500,IO2403-C-4500,74.0,0.0,0.0,0.0,28,69.4,71.6,6,74.0,69.2,0.0,0.0,0.0,0.0,266
2023-05-10 09:37:52,IO2403-C-4500,IO2403-C-4500,74.0,0.0,0.0,0.0,28,69.4,71.8,9,74.0,69.2,0.0,0.0,0.0,0.0,266
2023-05-10 09:37:52,IO2403-C-4500,IO2403-C-4500,74.0,0.0,0.0,0.0,28,69.4,71.6,6,74.0,69.2,0.0,0.0,0.0,0.0,266
2023-05-10 09:37:53,IO2403-C-4500,IO2403-C-4500,74.0,0.0,0.0,0.0,28,69.4,71.8,6,74.0,69.2,0.0,0.0,0.0,0.0,266
2023-05-10 09:37:54,IO2403-C-4500,IO2403-C-4500,74.0,0.0,0.0,0.0,28,69.4,71.8,9,74.0,69.2,0.0,0.0,0.0,0.0,266
2023-05-10 09:37:54,IO2403-C-4500,IO2403-C-4500,74.0,0.0,0.0,0.0,28,69.4,71.6,6,74.0,69.2,0.0,0.0,0.0,0.0,266
2023-05-10 09:37:55,IO2403-C-4500,IO2403-C-4500,74.0,0.0,0.0,0.0,28,69.4,71.8,9,74.0,69.2,0.0,0.0,0.0,0.0,266
2023-05-10 09:37:56,IO2403-C-4500,IO2403-C-4500,74.0,0.0,0.0,0.0,28,69.4,71.6,6,74.0,69.2,0.0,0.0,0.0,0.0,266
2023-05-10 09:37:57,IO2403-C-4500,IO2403-C-4500,74.0,0.0,0.0,0.0,28,69.4,71.8,6,74.0,69.2,0.0,0.0,0.0,0.0,266
2023-05-10 09:37:59,IO2403-C-4500,IO2403-C-4500,74.0,0.0,0.0,0.0,28,69.4,72.0,9,74.0,69.2,0.0,0.0,0.0,0.0,266
2023-05-10 09:37:59,IO2403-C-4500,IO2403-C-4500,74.0,0.0,0.0,0.0,28,69.4,71.8,6,74.0,69.2,0.0,0.0,0.0,0.0,266
2023-05-10 09:38:01,IO2403-C-4500,IO2403-C-4500,74.0,0.0,0.0,0.0,31,69.4,72.0,6,74.0,69.2,0.0,0.0,0.0,0.0,266
2023-05-10 09:38:02,IO2403-C-4500,IO2403-C-4500,74.0,0.0,0.0,0.0,31,69.4,72.0,3,74.0,69.2,0.0,0.0,0.0,0.0,266
2023-05-10 09:38:02,IO2403-C-4500,IO2403-C-4500,74.0,0.0,0.0,0.0,6,69.6,71.8,6,74.0,69.2,0.0,0.0,0.0,0.0,266
2023-05-10 09:38:03,IO2403-C-4500,IO2403-C-4500,74.0,0.0,0.0,0.0,6,69.8,72.4,6,74.0,69.2,0.0,0.0,0.0,0.0,266
2023-05-10 09:38:03,IO2403-C-4500,IO2403-C-4500,74.0,0.0,0.0,0.0,12,69.8,72.4,9,74.0,69.2,0.0,0.0,0.0,0.0,266
2023-05-10 09:38:04,IO2403-C-4500,IO2403-C-4500,74.0,0.0,0.0,0.0,6,69.8,72.2,6,74.0,69.2,0.0,0.0,0.0,0.0,266
2023-05-10 09:38:04,IO2403-C-4500,IO2403-C-4500,74.0,0.0,0.0,0.0,8,69.6,72.2,9,74.0,69.2,0.0,0.0,0.0,0.0,266
2023-05-10 09:38:05,IO2403-C-4500,IO2403-C-4500,74.0,0.0,0.0,0.0,10,69.6,72.0,6,74.0,69.2,0.0,0.0,0.0,0.0,266
2023-05-10 09:38:05,IO2403-C-4500,IO2403-C-4500,74.0,0.0,0.0,0.0,10,69.6,72.4,6,74.0,69.2,0.0,0.0,0.0,0.0,266
2023-05-10 09:38:06,IO2403-C-4500,IO2403-C-4500,74.0,0.0,0.0,0.0,10,69.6,72.4,9,74.0,69.2,0.0,0.0,0.0,0.0,266
2023-05-10 09:38:06,IO2403-C-4500,IO2403-C-4500,74.0,0.0,0.0,0.0,16,69.6,72.2,6,74.0,69.2,0.0,0.0,0.0,0.0,266
2023-05-10 09:38:08,IO2403-C-4500,IO2403-C-4500,74.0,0.0,0.0,0.0,19,69.6,72.2,6,74.0,69.2,0.0,0.0,0.0,0.0,266
2023-05-10 09:38:08,IO2403-C-4500,IO2403-C-4500,74.0,0.0,0.0,0.0,16,69.6,72.4,9,74.0,69.2,0.0,0.0,0.0,0.0,266
2023-05-10 09:38:09,IO2403-C-4500,IO2403-C-4500,74.0,0.0,0.0,0.0,10,69.6,72.2,6,74.0,69.2,0.0,0.0,0.0,0.0,266
2023-05-10 09:38:09,IO2403-C-4500,IO2403-C-4500,74.0,0.0,0.0,0.0,13,69.6,72.2,6,74.0,69.2,0.0,0.0,0.0,0.0,266
2023-05-10 09:38:10,IO2403-C-4500,IO2403-C-4500,74.0,0.0,0.0,0.0,13,69.6,72.4,6,74.0,69.2,0.0,0.0,0.0,0.0,266
2023-05-10 09:38:12,IO2403-C-4500,IO2403-C-4500,74.0,0.0,0.0,0.0,6,69.8,72.4,6,74.0,69.2,0.0,0.0,0.0,0.0,266
2023-05-10 09:38:13,IO2403-C-4500,IO2403-C-4500,74.0,0.0,0.0,0.0,2,70.0,72.4,6,74.0,69.2,0.0,0.0,0.0,0.0,266
2023-05-10 09:38:13,IO2403-C-4500,IO2403-C-4500,74.0,0.0,0.0,0.0,8,70.0,72.6,6,74.0,69.2,0.0,0.0,0.0,0.0,266
2023-05-10 09:38:14,IO2403-C-4500,IO2403-C-4500,74.0,0.0,0.0,0.0,6,70.2,72.6,6,74.0,69.2,0.0,0.0,0.0,0.0,266
2023-05-10 09:38:14,IO2403-C-4500,IO2403-C-4500,74.0,0.0,0.0,0.0,12,70.0,72.8,9,74.0,69.2,0.0,0.0,0.0,0.0,266
2023-05-10 09:38:15,IO2403-C-4500,IO2403-C-4500,74.0,0.0,0.0,0.0,6,70.0,72.6,6,74.0,69.2,0.0,0.0,0.0,0.0,266
2023-05-10 09:38:15,IO2403-C-4500,IO2403-C-4500,74.0,0.0,0.0,0.0,25,69.8,72.6,9,74.0,69.2,0.0,0.0,0.0,0.0,266
2023-05-10 09:38:16,IO2403-C-4500,IO2403-C-4500,74.0,0.0,0.0,0.0,13,69.8,72.4,6,74.0,69.2,0.0,0.0,0.0,0.0,266
2023-05-10 09:38:16,IO2403-C-4500,IO2403-C-4500,74.0,0.0,0.0,0.0,19,69.8,72.4,9,74.0,69.2,0.0,0.0,0.0,0.0,266
2023-05-10 09:38:17,IO2403-C-4500,IO2403-C-4500,74.0,0.0,0.0,0.0,19,69.8,72.2,6,74.0,69.2,0.0,0.0,0.0,0.0,266
2023-05-10 09:38:18,IO2403-C-4500,IO2403-C-4500,74.0,0.0,0.0,0.0,19,69.8,72.4,9,74.0,69.2,0.0,0.0,0.0,0.0,266
2023-05-10 09:38:18,IO2403-C-4500,IO2403-C-4500,74.0,0.0,0.0,0.0,19,69.8,72.2,6,74.0,69.2,0.0,0.0,0.0,0.0,266
2023-05-10 09:38:19,IO2403-C-4500,IO2403-C-4500,74.0,0.0,0.0,0.0,19,69.8,72.4,6,74.0,69.2,0.0,0.0,0.0,0.0,266
2023-05-10 09:38:20,IO2403-C-4500,IO2403-C-4500,74.0,0.0,0.0,0.0,21,69.8,72.4,6,74.0,69.2,0.0,0.0,0.0,0.0,266
2023-05-10 09:38:21,IO2403-C-4500,IO2403-C-4500,74.0,0.0,0.0,0.0,15,69.8,72.4,9,74.0,69.2,0.0,0.0,0.0,0.0,266
2023-05-10 09:38:22,IO2403-C-4500,IO2403-C-4500,74.0,0.0,0.0,0.0,13,69.8,72.2,6,74.0,69.2,0.0,0.0,0.0,0.0,266
2023-05-10 09:38:23,IO2403-C-4500,IO2403-C-4500,74.0,0.0,0.0,0.0,15,69.8,72.2,3,74.0,69.2,0.0,0.0,0.0,0.0,266
2023-05-10 09:38:23,IO2403-C-4500,IO2403-C-4500,74.0,0.0,0.0,0.0,15,69.8,72.0,6,74.0,69.2,0.0,0.0,0.0,0.0,266
2023-05-10 09:38:24,IO2403-C-4500,IO2403-C-4500,74.0,0.0,0.0,0.0,15,69.8,72.8,6,74.0,69.2,0.0,0.0,0.0,0.0,266
2023-05-10 09:38:24,IO2403-C-4500,IO2403-C-4500,74.0,0.0,0.0,0.0,13,69.8,72.8,9,74.0,69.2,0.0,0.0,0.0,0.0,266
2023-05-10 09:38:25,IO2403-C-4500,IO2403-C-4500,74.0,0.0,0.0,0.0,13,69.8,72.6,6,74.0,69.2,0.0,0.0,0.0,0.0,266
2023-05-10 09:38:25,IO2403-C-4500,IO2403-C-4500,74.0,0.0,0.0,0.0,13,69.8,72.6,9,74.0,69.2,0.0,0.0,0.0,0.0,266
2023-05-10 09:38:26,IO2403-C-4500,IO2403-C-4500,74.0,0.0,0.0,0.0,13,69.8,72.4,6,74.0,69.2,0.0,0.0,0.0,0.0,266
2023-05-10 09:38:26,IO2403-C-4500,IO2403-C-4500,74.0,0.0,0.0,0.0,13,69.8,72.4,9,74.0,69.2,0.0,0.0,0.0,0.0,266
2023-05-10 09:38:27,IO2403-C-4500,IO2403-C-4500,74.0,0.0,0.0,0.0,13,69.8,72.2,6,74.0,69.2,0.0,0.0,0.0,0.0,266
2023-05-10 09:38:27,IO2403-C-4500,IO2403-C-4500,74.0,0.0,0.0,0.0,13,69.8,72.2,9,74.0,69.2,0.0,0.0,0.0,0.0,266
2023-05-10 09:38:28,IO2403-C-4500,IO2403-C-4500,74.0,0.0,0.0,0.0,17,69.8,72.0,6,74.0,69.2,0.0,0.0,0.0,0.0,266
2023-05-10 09:38:29,IO2403-C-4500,IO2403-C-4500,74.0,0.0,0.0,0.0,15,69.8,72.0,6,74.0,69.2,0.0,0.0,0.0,0.0,266
2023-05-10 09:38:29,IO2403-C-4500,IO2403-C-4500,74.0,0.0,0.0,0.0,13,69.8,72.0,6,74.0,69.2,0.0,0.0,0.0,0.0,266
2023-05-10 09:38:30,IO2403-C-4500,IO2403-C-4500,74.0,0.0,0.0,0.0,15,69.8,72.0,6,74.0,69.2,0.0,0.0,0.0,0.0,266
2023-05-10 09:38:30,IO2403-C-4500,IO2403-C-4500,74.0,0.0,0.0,0.0,13,69.8,72.0,6,74.0,69.2,0.0,0.0,0.0,0.0,266
2023-05-10 09:38:32,IO2403-C-4500,IO2403-C-4500,74.0,0.0,0.0,0.0,13,69.8,72.0,9,74.0,69.2,0.0,0.0,0.0,0.0,266
2023-05-10 09:38:32,IO2403-C-4500,IO2403-C-4500,74.0,0.0,0.0,0.0,13,69.8,71.8,6,74.0,69.2,0.0,0.0,0.0,0.0,266
2023-05-10 09:38:33,IO2403-C-4500,IO2403-C-4500,74.0,0.0,0.0,0.0,13,69.8,71.8,8,74.0,69.2,0.0,0.0,0.0,0.0,266
2023-05-10 09:38:34,IO2403-C-4500,IO2403-C-4500,74.0,0.0,0.0,0.0,13,69.8,71.6,6,74.0,69.2,0.0,0.0,0.0,0.0,266
2023-05-10 09:38:35,IO2403-C-4500,IO2403-C-4500,74.0,0.0,0.0,0.0,21,69.8,71.8,8,74.0,69.2,0.0,0.0,0.0,0.0,266
2023-05-10 09:38:36,IO2403-C-4500,IO2403-C-4500,74.0,0.0,0.0,0.0,6,70.0,71.8,2,74.0,69.2,0.0,0.0,0.0,0.0,266
2023-05-10 09:38:36,IO2403-C-4500,IO2403-C-4500,74.0,0.0,0.0,0.0,12,70.0,71.8,2,74.0,69.2,0.0,0.0,0.0,0.0,266
2023-05-10 09:38:37,IO2403-C-4500,IO2403-C-4500,74.0,0.0,0.0,0.0,6,70.0,71.8,8,74.0,69.2,0.0,0.0,0.0,0.0,266
2023-05-10 09:38:37,IO2403-C-4500,IO2403-C-4500,74.0,0.0,0.0,0.0,21,69.8,71.8,8,74.0,69.2,0.0,0.0,0.0,0.0,266
2023-05-10 09:38:38,IO2403-C-4500,IO2403-C-4500,74.0,0.0,0.0,0.0,19,69.8,71.8,8,74.0,69.2,0.0,0.0,0.0,0.0,266
2023-05-10 09:38:42,IO2403-C-4500,IO2403-C-4500,74.0,0.0,0.0,0.0,13,69.8,71.6,6,74.0,69.2,0.0,0.0,0.0,0.0,266
2023-05-10 09:38:52,IO2403-C-4500,IO2403-C-4500,74.0,0.0,0.0,0.0,6,70.0,71.6,6,74.0,69.2,0.0,0.0,0.0,0.0,266
2023-05-10 09:38:53,IO2403-C-4500,IO2403-C-4500,74.0,0.0,0.0,0.0,12,70.0,71.8,8,74.0,69.2,0.0,0.0,0.0,0.0,266
2023-05-10 09:39:00,IO2403-C-4500,IO2403-C-4500,74.0,0.0,0.0,0.0,6,70.0,71.8,8,74.0,69.2,0.0,0.0,0.0,0.0,266
2023-05-10 09:39:01,IO2403-C-4500,IO2403-C-4500,74.0,0.0,0.0,0.0,19,69.8,71.6,6,74.0,69.2,0.0,0.0,0.0,0.0,266
2023-05-10 09:39:01,IO2403-C-4500,IO2403-C-4500,74.0,0.0,0.0,0.0,25,69.8,71.8,8,74.0,69.2,0.0,0.0,0.0,0.0,266
2023-05-10 09:39:02,IO2403-C-4500,IO2403-C-4500,74.0,0.0,0.0,0.0,19,69.8,71.6,6,74.0,69.2,0.0,0.0,0.0,0.0,266
2023-05-10 09:39:04,IO2403-C-4500,IO2403-C-4500,74.0,0.0,0.0,0.0,25,69.8,71.8,8,74.0,69.2,0.0,0.0,0.0,0.0,266
2023-05-10 09:39:08,IO2403-C-4500,IO2403-C-4500,74.0,0.0,0.0,0.0,6,70.0,71.8,2,74.0,69.2,0.0,0.0,0.0,0.0,266
2023-05-10 09:39:09,IO2403-C-4500,IO2403-C-4500,74.0,0.0,0.0,0.0,14,70.0,71.8,2,74.0,69.2,0.0,0.0,0.0,0.0,266
2023-05-10 09:39:09,IO2403-C-4500,IO2403-C-4500,74.0,0.0,0.0,0.0,6,70.2,71.8,2,74.0,69.2,0.0,0.0,0.0,0.0,266
2023-05-10 09:39:10,IO2403-C-4500,IO2403-C-4500,74.0,0.0,0.0,0.0,18,70.2,71.8,2,74.0,69.2,0.0,0.0,0.0,0.0,266
2023-05-10 09:39:11,IO2403-C-4500,IO2403-C-4500,74.0,0.0,0.0,0.0,1,70.6,71.8,2,74.0,69.2,0.0,0.0,0.0,0.0,266
2023-05-10 09:39:47,IO2403-C-4500,IO2403-C-4500,74.0,0.0,0.0,0.0,7,70.6,71.8,2,74.0,69.2,0.0,0.0,0.0,0.0,266
2023-05-10 09:39:47,IO2403-C-4500,IO2403-C-4500,74.0,0.0,0.0,0.0,1,70.6,71.8,2,74.0,69.2,0.0,0.0,0.0,0.0,266
2023-05-10 09:39:53,IO2403-C-4500,IO2403-C-4500,74.0,0.0,0.0,0.0,1,70.6,71.8,8,74.0,69.2,0.0,0.0,0.0,0.0,266
2023-05-10 09:39:53,IO2403-C-4500,IO2403-C-4500,74.0,0.0,0.0,0.0,1,70.6,71.6,6,74.0,69.2,0.0,0.0,0.0,0.0,266
2023-05-10 09:39:54,IO2403-C-4500,IO2403-C-4500,74.0,0.0,0.0,0.0,1,70.6,71.8,8,74.0,69.2,0.0,0.0,0.0,0.0,266
2023-05-10 09:39:55,IO2403-C-4500,IO2403-C-4500,74.0,0.0,0.0,0.0,1,70.6,71.8,2,74.0,69.2,0.0,0.0,0.0,0.0,266
2023-05-10 09:39:58,IO2403-C-4500,IO2403-C-4500,74.0,0.0,0.0,0.0,1,70.6,71.8,8,74.0,69.2,0.0,0.0,0.0,0.0,266
2023-05-10 09:40:05,IO2403-C-4500,IO2403-C-4500,74.0,0.0,0.0,0.0,24,70.0,71.8,8,74.0,69.2,0.0,0.0,0.0,0.0,266
2023-05-10 09:40:05,IO2403-C-4500,IO2403-C-4500,74.0,0.0,0.0,0.0,12,70.0,71.8,8,74.0,69.2,0.0,0.0,0.0,0.0,266
2023-05-10 09:40:06,IO2403-C-4500,IO2403-C-4500,74.0,0.0,0.0,0.0,24,69.8,71.8,8,74.0,69.2,0.0,0.0,0.0,0.0,266
2023-05-10 09:40:06,IO2403-C-4500,IO2403-C-4500,74.0,0.0,0.0,0.0,12,69.8,71.6,6,74.0,69.2,0.0,0.0,0.0,0.0,266
2023-05-10 09:40:07,IO2403-C-4500,IO2403-C-4500,74.0,0.0,0.0,0.0,6,69.8,71.6,6,74.0,69.2,0.0,0.0,0.0,0.0,266
2023-05-10 09:40:07,IO2403-C-4500,IO2403-C-4500,74.0,0.0,0.0,0.0,39,69.6,71.6,6,74.0,69.2,0.0,0.0,0.0,0.0,266
2023-05-10 09:40:08,IO2403-C-4500,IO2403-C-4500,74.0,0.0,0.0,0.0,27,69.6,71.6,6,74.0,69.2,0.0,0.0,0.0,0.0,266
2023-05-10 09:40:09,IO2403-C-4500,IO2403-C-4500,74.0,0.0,0.0,0.0,6,69.8,71.8,8,74.0,69.2,0.0,0.0,0.0,0.0,266
2023-05-10 09:40:10,IO2403-C-4500,IO2403-C-4500,74.0,0.0,0.0,0.0,12,69.8,71.8,8,74.0,69.2,0.0,0.0,0.0,0.0,266
2023-05-10 09:40:10,IO2403-C-4500,IO2403-C-4500,74.0,0.0,0.0,0.0,14,69.8,71.8,8,74.0,69.2,0.0,0.0,0.0,0.0,266
2023-05-10 09:40:11,IO2403-C-4500,IO2403-C-4500,74.0,0.0,0.0,0.0,17,69.8,71.8,8,74.0,69.2,0.0,0.0,0.0,0.0,266
2023-05-10 09:40:12,IO2403-C-4500,IO2403-C-4500,74.0,0.0,0.0,0.0,19,69.8,71.8,8,74.0,69.2,0.0,0.0,0.0,0.0,266
2023-05-10 09:40:14,IO2403-C-4500,IO2403-C-4500,74.0,0.0,0.0,0.0,17,69.8,71.8,8,74.0,69.2,0.0,0.0,0.0,0.0,266
2023-05-10 09:40:15,IO2403-C-4500,IO2403-C-4500,74.0,0.0,0.0,0.0,6,70.0,71.8,2,74.0,69.2,0.0,0.0,0.0,0.0,266
2023-05-10 09:40:15,IO2403-C-4500,IO2403-C-4500,74.0,0.0,0.0,0.0,12,70.0,71.8,2,74.0,69.2,0.0,0.0,0.0,0.0,266
2023-05-10 09:40:17,IO2403-C-4500,IO2403-C-4500,74.0,0.0,0.0,0.0,6,70.0,71.8,8,74.0,69.2,0.0,0.0,0.0,0.0,266
2023-05-10 09:40:18,IO2403-C-4500,IO2403-C-4500,74.0,0.0,0.0,0.0,14,69.8,71.8,8,74.0,69.2,0.0,0.0,0.0,0.0,266
2023-05-10 09:40:18,IO2403-C-4500,IO2403-C-4500,74.0,0.0,0.0,0.0,17,69.8,71.8,8,74.0,69.2,0.0,0.0,0.0,0.0,266
2023-05-10 09:40:19,IO2403-C-4500,IO2403-C-4500,74.0,0.0,0.0,0.0,9,69.8,71.6,6,74.0,69.2,0.0,0.0,0.0,0.0,266
2023-05-10 09:40:19,IO2403-C-4500,IO2403-C-4500,74.0,0.0,0.0,0.0,6,69.8,71.6,6,74.0,69.2,0.0,0.0,0.0,0.0,266
2023-05-10 09:40:20,IO2403-C-4500,IO2403-C-4500,74.0,0.0,0.0,0.0,39,69.6,71.6,6,74.0,69.2,0.0,0.0,0.0,0.0,266
2023-05-10 09:40:20,IO2403-C-4500,IO2403-C-4500,74.0,0.0,0.0,0.0,38,69.6,71.6,6,74.0,69.2,0.0,0.0,0.0,0.0,266
2023-05-10 09:40:21,IO2403-C-4500,IO2403-C-4500,74.0,0.0,0.0,0.0,35,69.6,71.6,6,74.0,69.2,0.0,0.0,0.0,0.0,266
2023-05-10 09:40:22,IO2403-C-4500,IO2403-C-4500,74.0,0.0,0.0,0.0,29,69.6,71.6,6,74.0,69.2,0.0,0.0,0.0,0.0,266
2023-05-10 09:40:22,IO2403-C-4500,IO2403-C-4500,74.0,0.0,0.0,0.0,32,69.6,71.6,6,74.0,69.2,0.0,0.0,0.0,0.0,266
2023-05-10 09:40:23,IO2403-C-4500,IO2403-C-4500,74.0,0.0,0.0,0.0,26,69.6,71.6,6,74.0,69.2,0.0,0.0,0.0,0.0,266
2023-05-10 09:40:24,IO2403-C-4500,IO2403-C-4500,74.0,0.0,0.0,0.0,23,69.6,71.6,6,74.0,69.2,0.0,0.0,0.0,0.0,266
2023-05-10 09:40:25,IO2403-C-4500,IO2403-C-4500,74.0,0.0,0.0,0.0,21,69.6,71.6,6,74.0,69.2,0.0,0.0,0.0,0.0,266
2023-05-10 09:40:26,IO2403-C-4500,IO2403-C-4500,74.0,0.0,0.0,0.0,19,69.6,71.6,6,74.0,69.2,0.0,0.0,0.0,0.0,266
2023-05-10 09:40:26,IO2403-C-4500,IO2403-C-4500,74.0,0.0,0.0,0.0,16,69.6,71.6,6,74.0,69.2,0.0,0.0,0.0,0.0,266
2023-05-10 09:40:27,IO2403-C-4500,IO2403-C-4500,74.0,0.0,0.0,0.0,7,69.6,71.6,6,74.0,69.2,0.0,0.0,0.0,0.0,266
2023-05-10 09:40:32,IO2403-C-4500,IO2403-C-4500,74.0,0.0,0.0,0.0,6,69.6,71.6,6,74.0,69.2,0.0,0.0,0.0,0.0,266
2023-05-10 09:40:32,IO2403-C-4500,IO2403-C-4500,74.0,0.0,0.0,0.0,6,69.4,71.6,6,74.0,69.2,0.0,0.0,0.0,0.0,266
2023-05-10 09:40:33,IO2403-C-4500,IO2403-C-4500,74.0,0.0,0.0,0.0,32,69.2,71.6,6,74.0,69.2,0.0,0.0,0.0,0.0,266
2023-05-10 09:40:33,IO2403-C-4500,IO2403-C-4500,74.0,0.0,0.0,0.0,26,69.2,71.6,6,74.0,69.2,0.0,0.0,0.0,0.0,266
2023-05-10 09:40:34,IO2403-C-4500,IO2403-C-4500,74.0,0.0,0.0,0.0,28,69.2,71.6,6,74.0,69.2,0.0,0.0,0.0,0.0,266
2023-05-10 09:40:36,IO2403-C-4500,IO2403-C-4500,74.0,0.0,0.0,0.0,22,69.2,71.6,6,74.0,69.2,0.0,0.0,0.0,0.0,266
2023-05-10 09:40:37,IO2403-C-4500,IO2403-C-4500,74.0,0.0,0.0,0.0,28,69.2,71.6,6,74.0,69.2,0.0,0.0,0.0,0.0,266
2023-05-10 09:40:40,IO2403-C-4500,IO2403-C-4500,74.0,0.0,0.0,0.0,31,69.2,71.6,6,74.0,69.2,0.0,0.0,0.0,0.0,266
2023-05-10 09:40:40,IO2403-C-4500,IO2403-C-4500,74.0,0.0,0.0,0.0,28,69.2,71.6,6,74.0,69.2,0.0,0.0,0.0,0.0,266
2023-05-10 09:40:41,IO2403-C-4500,IO2403-C-4500,74.0,0.0,0.0,0.0,6,69.4,71.6,6,74.0,69.2,0.0,0.0,0.0,0.0,266
2023-05-10 09:40:41,IO2403-C-4500,IO2403-C-4500,74.0,0.0,0.0,0.0,2,69.6,71.6,6,74.0,69.2,0.0,0.0,0.0,0.0,266
2023-05-10 09:40:42,IO2403-C-4500,IO2403-C-4500,74.0,0.0,0.0,0.0,1,69.8,71.6,6,74.0,69.2,0.0,0.0,0.0,0.0,266
2023-05-10 09:40:45,IO2403-C-4500,IO2403-C-4500,74.0,0.0,0.0,0.0,7,69.8,71.6,6,74.0,69.2,0.0,0.0,0.0,0.0,266
2023-05-10 09:40:46,IO2403-C-4500,IO2403-C-4500,74.0,0.0,0.0,0.0,1,69.8,71.6,6,74.0,69.2,0.0,0.0,0.0,0.0,266
2023-05-10 09:40:49,IO2403-C-4500,IO2403-C-4500,74.0,0.0,0.0,0.0,20,69.4,71.6,6,74.0,69.2,0.0,0.0,0.0,0.0,266
2023-05-10 09:40:49,IO2403-C-4500,IO2403-C-4500,74.0,0.0,0.0,0.0,8,69.4,71.6,6,74.0,69.2,0.0,0.0,0.0,0.0,266
2023-05-10 09:40:51,IO2403-C-4500,IO2403-C-4500,74.0,0.0,0.0,0.0,6,69.4,71.6,6,74.0,69.2,0.0,0.0,0.0,0.0,266
2023-05-10 09:40:51,IO2403-C-4500,IO2403-C-4500,74.0,0.0,0.0,0.0,35,69.2,71.6,6,74.0,69.2,0.0,0.0,0.0,0.0,266
2023-05-10 09:40:52,IO2403-C-4500,IO2403-C-4500,74.0,0.0,0.0,0.0,31,69.2,71.6,6,74.0,69.2,0.0,0.0,0.0,0.0,266
2023-05-10 09:40:52,IO2403-C-4500,IO2403-C-4500,74.0,0.0,0.0,0.0,28,69.2,71.6,6,74.0,69.2,0.0,0.0,0.0,0.0,266
2023-05-10 09:40:55,IO2403-C-4500,IO2403-C-4500,74.0,0.0,0.0,0.0,31,69.2,71.6,6,74.0,69.2,0.0,0.0,0.0,0.0,266
2023-05-10 09:40:57,IO2403-C-4500,IO2403-C-4500,74.0,0.0,0.0,0.0,1,69.8,71.6,6,74.0,69.2,0.0,0.0,0.0,0.0,266
2023-05-10 09:41:01,IO2403-C-4500,IO2403-C-4500,74.0,0.0,0.0,0.0,7,69.8,71.6,6,74.0,69.2,0.0,0.0,0.0,0.0,266
2023-05-10 09:41:02,IO2403-C-4500,IO2403-C-4500,74.0,0.0,0.0,0.0,1,69.8,71.6,6,74.0,69.2,0.0,0.0,0.0,0.0,266
2023-05-10 09:41:07,IO2403-C-4500,IO2403-C-4500,74.0,0.0,0.0,0.0,1,69.8,71.6,9,74.0,69.2,0.0,0.0,0.0,0.0,266
2023-05-10 09:41:08,IO2403-C-4500,IO2403-C-4500,74.0,0.0,0.0,0.0,1,69.8,71.4,6,74.0,69.2,0.0,0.0,0.0,0.0,266
2023-05-10 09:41:10,IO2403-C-4500,IO2403-C-4500,74.0,0.0,0.0,0.0,1,69.8,71.6,6,74.0,69.2,0.0,0.0,0.0,0.0,266
2023-05-10 09:41:12,IO2403-C-4500,IO2403-C-4500,74.0,0.0,0.0,0.0,26,69.2,71.6,6,74.0,69.2,0.0,0.0,0.0,0.0,266
2023-05-10 09:41:13,IO2403-C-4500,IO2403-C-4500,74.0,0.0,0.0,0.0,20,69.2,71.6,6,74.0,69.2,0.0,0.0,0.0,0.0,266
2023-05-10 09:41:13,IO2403-C-4500,IO2403-C-4500,74.0,0.0,0.0,0.0,2,69.4,71.6,6,74.0,69.2,0.0,0.0,0.0,0.0,266
2023-05-10 09:41:15,IO2403-C-4500,IO2403-C-4500,74.0,0.0,0.0,0.0,8,69.4,71.6,6,74.0,69.2,0.0,0.0,0.0,0.0,266
2023-05-10 09:41:17,IO2403-C-4500,IO2403-C-4500,74.0,0.0,0.0,0.0,6,69.4,71.6,6,74.0,69.2,0.0,0.0,0.0,0.0,266
2023-05-10 09:41:17,IO2403-C-4500,IO2403-C-4500,74.0,0.0,0.0,0.0,14,69.2,71.6,6,74.0,69.2,0.0,0.0,0.0,0.0,266
2023-05-10 09:41:18,IO2403-C-4500,IO2403-C-4500,74.0,0.0,0.0,0.0,2,69.4,71.6,6,74.0,69.2,0.0,0.0,0.0,0.0,266
2023-05-10 09:41:18,IO2403-C-4500,IO2403-C-4500,74.0,0.0,0.0,0.0,8,69.4,71.6,6,74.0,69.2,0.0,0.0,0.0,0.0,266
2023-05-10 09:41:24,IO2403-C-4500,IO2403-C-4500,74.0,0.0,0.0,0.0,10,69.4,71.6,6,74.0,69.2,0.0,0.0,0.0,0.0,266
2023-05-10 09:41:32,IO2403-C-4500,IO2403-C-4500,74.0,0.0,0.0,0.0,8,69.4,71.6,6,74.0,69.2,0.0,0.0,0.0,0.0,266
2023-05-10 09:41:36,IO2403-C-4500,IO2403-C-4500,74.0,0.0,0.0,0.0,10,69.4,71.6,6,74.0,69.2,0.0,0.0,0.0,0.0,266
2023-05-10 09:41:38,IO2403-C-4500,IO2403-C-4500,74.0,0.0,0.0,0.0,6,69.4,71.6,6,74.0,69.2,0.0,0.0,0.0,0.0,266
2023-05-10 09:41:39,IO2403-C-4500,IO2403-C-4500,74.0,0.0,0.0,0.0,2,69.4,71.6,6,74.0,69.2,0.0,0.0,0.0,0.0,266
2023-05-10 09:41:39,IO2403-C-4500,IO2403-C-4500,74.0,0.0,0.0,0.0,10,69.4,71.6,6,74.0,69.2,0.0,0.0,0.0,0.0,266
2023-05-10 09:41:42,IO2403-C-4500,IO2403-C-4500,74.0,0.0,0.0,0.0,13,69.4,71.6,6,74.0,69.2,0.0,0.0,0.0,0.0,266
2023-05-10 09:41:44,IO2403-C-4500,IO2403-C-4500,74.0,0.0,0.0,0.0,1,69.6,71.6,6,74.0,69.2,0.0,0.0,0.0,0.0,266
2023-05-10 09:41:45,IO2403-C-4500,IO2403-C-4500,74.0,0.0,0.0,0.0,11,69.6,71.6,6,74.0,69.2,0.0,0.0,0.0,0.0,266
2023-05-10 09:41:46,IO2403-C-4500,IO2403-C-4500,74.0,0.0,0.0,0.0,9,69.6,71.6,6,74.0,69.2,0.0,0.0,0.0,0.0,266
2023-05-10 09:41:47,IO2403-C-4500,IO2403-C-4500,74.0,0.0,0.0,0.0,7,69.6,71.6,6,74.0,69.2,0.0,0.0,0.0,0.0,266
2023-05-10 09:41:48,IO2403-C-4500,IO2403-C-4500,74.0,0.0,0.0,0.0,1,69.6,71.6,6,74.0,69.2,0.0,0.0,0.0,0.0,266
2023-05-10 09:41:51,IO2403-C-4500,IO2403-C-4500,74.0,0.0,0.0,0.0,7,69.6,71.6,6,74.0,69.2,0.0,0.0,0.0,0.0,266
2023-05-10 09:41:54,IO2403-C-4500,IO2403-C-4500,74.0,0.0,0.0,0.0,1,69.6,71.6,6,74.0,69.2,0.0,0.0,0.0,0.0,266
2023-05-10 09:42:00,IO2403-C-4500,IO2403-C-4500,74.0,0.0,0.0,0.0,7,69.6,71.6,6,74.0,69.2,0.0,0.0,0.0,0.0,266
2023-05-10 09:42:00,IO2403-C-4500,IO2403-C-4500,74.0,0.0,0.0,0.0,1,69.6,71.6,6,74.0,69.2,0.0,0.0,0.0,0.0,266
2023-05-10 09:42:01,IO2403-C-4500,IO2403-C-4500,74.0,0.0,0.0,0.0,1,69.6,71.6,9,74.0,69.2,0.0,0.0,0.0,0.0,266
2023-05-10 09:42:01,IO2403-C-4500,IO2403-C-4500,74.0,0.0,0.0,0.0,1,69.6,71.4,6,74.0,69.2,0.0,0.0,0.0,0.0,266
2023-05-10 09:42:03,IO2403-C-4500,IO2403-C-4500,74.0,0.0,0.0,0.0,6,69.4,71.4,6,74.0,69.2,0.0,0.0,0.0,0.0,266
2023-05-10 09:42:03,IO2403-C-4500,IO2403-C-4500,74.0,0.0,0.0,0.0,24,69.2,71.4,9,74.0,69.2,0.0,0.0,0.0,0.0,266
2023-05-10 09:42:04,IO2403-C-4500,IO2403-C-4500,74.0,0.0,0.0,0.0,12,69.2,71.2,6,74.0,69.2,0.0,0.0,0.0,0.0,266
2023-05-10 09:42:04,IO2403-C-4500,IO2403-C-4500,74.0,0.0,0.0,0.0,6,69.2,71.2,6,74.0,69.2,0.0,0.0,0.0,0.0,266
2023-05-10 09:42:05,IO2403-C-4500,IO2403-C-4500,74.0,0.0,0.0,0.0,14,69.0,71.4,9,74.0,69.2,0.0,0.0,0.0,0.0,266
2023-05-10 09:42:05,IO2403-C-4500,IO2403-C-4500,74.0,0.0,0.0,0.0,16,69.0,71.2,6,74.0,69.2,0.0,0.0,0.0,0.0,266
2023-05-10 09:42:06,IO2403-C-4500,IO2403-C-4500,74.0,0.0,0.0,0.0,16,69.0,71.4,6,74.0,69.2,0.0,0.0,0.0,0.0,266
2023-05-10 09:42:10,IO2403-C-4500,IO2403-C-4500,74.0,0.0,0.0,0.0,16,69.0,71.6,6,74.0,69.2,0.0,0.0,0.0,0.0,266
2023-05-10 09:42:11,IO2403-C-4500,IO2403-C-4500,74.0,0.0,0.0,0.0,16,69.0,71.6,9,74.0,69.2,0.0,0.0,0.0,0.0,266
2023-05-10 09:42:12,IO2403-C-4500,IO2403-C-4500,74.0,0.0,0.0,0.0,16,69.0,71.4,6,74.0,69.2,0.0,0.0,0.0,0.0,266
2023-05-10 09:42:16,IO2403-C-4500,IO2403-C-4500,74.0,0.0,0.0,0.0,16,69.0,71.6,6,74.0,69.2,0.0,0.0,0.0,0.0,266
2023-05-10 09:42:19,IO2403-C-4500,IO2403-C-4500,74.0,0.0,0.0,0.0,16,69.0,71.6,9,74.0,69.2,0.0,0.0,0.0,0.0,266
2023-05-10 09:42:19,IO2403-C-4500,IO2403-C-4500,74.0,0.0,0.0,0.0,16,69.0,71.4,6,74.0,69.2,0.0,0.0,0.0,0.0,266
2023-05-10 09:42:20,IO2403-C-4500,IO2403-C-4500,74.0,0.0,0.0,0.0,16,69.0,71.6,6,74.0,69.2,0.0,0.0,0.0,0.0,266
2023-05-10 09:42:21,IO2403-C-4500,IO2403-C-4500,74.0,0.0,0.0,0.0,16,69.0,71.6,9,74.0,69.2,0.0,0.0,0.0,0.0,266
2023-05-10 09:42:21,IO2403-C-4500,IO2403-C-4500,74.0,0.0,0.0,0.0,16,69.0,71.4,6,74.0,69.2,0.0,0.0,0.0,0.0,266
2023-05-10 09:42:22,IO2403-C-4500,IO2403-C-4500,74.0,0.0,0.0,0.0,16,69.0,71.6,6,74.0,69.2,0.0,0.0,0.0,0.0,266
2023-05-10 09:42:23,IO2403-C-4500,IO2403-C-4500,74.0,0.0,0.0,0.0,16,69.0,71.6,9,74.0,69.2,0.0,0.0,0.0,0.0,266
2023-05-10 09:42:23,IO2403-C-4500,IO2403-C-4500,74.0,0.0,0.0,0.0,16,69.0,71.4,6,74.0,69.2,0.0,0.0,0.0,0.0,266
2023-05-10 09:42:24,IO2403-C-4500,IO2403-C-4500,74.0,0.0,0.0,0.0,10,69.0,71.4,6,74.0,69.2,0.0,0.0,0.0,0.0,266
2023-05-10 09:42:28,IO2403-C-4500,IO2403-C-4500,74.0,0.0,0.0,0.0,10,69.0,71.4,9,74.0,69.2,0.0,0.0,0.0,0.0,266
2023-05-10 09:42:28,IO2403-C-4500,IO2403-C-4500,74.0,0.0,0.0,0.0,10,69.0,71.2,6,74.0,69.2,0.0,0.0,0.0,0.0,266
2023-05-10 09:42:30,IO2403-C-4500,IO2403-C-4500,74.0,0.0,0.0,0.0,10,69.0,71.4,9,74.0,69.2,0.0,0.0,0.0,0.0,266
2023-05-10 09:42:30,IO2403-C-4500,IO2403-C-4500,74.0,0.0,0.0,0.0,10,69.0,71.2,6,74.0,69.2,0.0,0.0,0.0,0.0,266
2023-05-10 09:42:31,IO2403-C-4500,IO2403-C-4500,74.0,0.0,0.0,0.0,10,69.0,71.4,6,74.0,69.2,0.0,0.0,0.0,0.0,266
2023-05-10 09:42:40,IO2403-C-4500,IO2403-C-4500,74.0,0.0,0.0,0.0,10,69.0,71.4,9,74.0,69.2,0.0,0.0,0.0,0.0,266
2023-05-10 09:42:40,IO2403-C-4500,IO2403-C-4500,74.0,0.0,0.0,0.0,10,69.0,71.2,6,74.0,69.2,0.0,0.0,0.0,0.0,266
2023-05-10 09:42:41,IO2403-C-4500,IO2403-C-4500,74.0,0.0,0.0,0.0,10,69.0,71.4,6,74.0,69.2,0.0,0.0,0.0,0.0,266
2023-05-10 09:42:42,IO2403-C-4500,IO2403-C-4500,74.0,0.0,0.0,0.0,10,69.0,71.4,9,74.0,69.2,0.0,0.0,0.0,0.0,266
2023-05-10 09:42:42,IO2403-C-4500,IO2403-C-4500,74.0,0.0,0.0,0.0,10,69.0,71.2,6,74.0,69.2,0.0,0.0,0.0,0.0,266
2023-05-10 09:42:43,IO2403-C-4500,IO2403-C-4500,74.0,0.0,0.0,0.0,10,69.0,71.4,6,74.0,69.2,0.0,0.0,0.0,0.0,266
2023-05-10 09:42:44,IO2403-C-4500,IO2403-C-4500,74.0,0.0,0.0,0.0,10,69.0,71.4,9,74.0,69.2,0.0,0.0,0.0,0.0,266
2023-05-10 09:42:44,IO2403-C-4500,IO2403-C-4500,74.0,0.0,0.0,0.0,10,69.0,71.2,6,74.0,69.2,0.0,0.0,0.0,0.0,266
2023-05-10 09:42:45,IO2403-C-4500,IO2403-C-4500,74.0,0.0,0.0,0.0,10,69.0,71.4,6,74.0,69.2,0.0,0.0,0.0,0.0,266
2023-05-10 09:42:47,IO2403-C-4500,IO2403-C-4500,74.0,0.0,0.0,0.0,16,69.0,71.4,6,74.0,69.2,0.0,0.0,0.0,0.0,266
2023-05-10 09:42:48,IO2403-C-4500,IO2403-C-4500,74.0,0.0,0.0,0.0,16,69.0,71.6,6,74.0,69.2,0.0,0.0,0.0,0.0,266
2023-05-10 09:42:49,IO2403-C-4500,IO2403-C-4500,74.0,0.0,0.0,0.0,16,69.0,71.6,9,74.0,69.2,0.0,0.0,0.0,0.0,266
2023-05-10 09:42:50,IO2403-C-4500,IO2403-C-4500,74.0,0.0,0.0,0.0,16,69.0,71.4,6,74.0,69.2,0.0,0.0,0.0,0.0,266
2023-05-10 09:42:51,IO2403-C-4500,IO2403-C-4500,74.0,0.0,0.0,0.0,16,69.0,71.4,9,74.0,69.2,0.0,0.0,0.0,0.0,266
2023-05-10 09:42:51,IO2403-C-4500,IO2403-C-4500,74.0,0.0,0.0,0.0,6,69.2,71.2,6,74.0,69.2,0.0,0.0,0.0,0.0,266
2023-05-10 09:42:52,IO2403-C-4500,IO2403-C-4500,74.0,0.0,0.0,0.0,14,69.2,71.2,6,74.0,69.2,0.0,0.0,0.0,0.0,266
2023-05-10 09:42:55,IO2403-C-4500,IO2403-C-4500,74.0,0.0,0.0,0.0,12,69.2,71.2,6,74.0,69.2,0.0,0.0,0.0,0.0,266
2023-05-10 09:42:57,IO2403-C-4500,IO2403-C-4500,74.0,0.0,0.0,0.0,6,69.2,71.4,6,74.0,69.2,0.0,0.0,0.0,0.0,266
2023-05-10 09:42:57,IO2403-C-4500,IO2403-C-4500,74.0,0.0,0.0,0.0,14,69.0,71.4,6,74.0,69.2,0.0,0.0,0.0,0.0,266
2023-05-10 09:42:58,IO2403-C-4500,IO2403-C-4500,74.0,0.0,0.0,0.0,6,69.2,71.6,6,74.0,69.2,0.0,0.0,0.0,0.0,266
2023-05-10 09:42:58,IO2403-C-4500,IO2403-C-4500,74.0,0.0,0.0,0.0,12,69.2,71.6,6,74.0,69.2,0.0,0.0,0.0,0.0,266
2023-05-10 09:42:59,IO2403-C-4500,IO2403-C-4500,74.0,0.0,0.0,0.0,12,69.2,71.6,9,74.0,69.2,0.0,0.0,0.0,0.0,266
2023-05-10 09:42:59,IO2403-C-4500,IO2403-C-4500,74.0,0.0,0.0,0.0,6,69.2,71.4,6,74.0,69.2,0.0,0.0,0.0,0.0,266
2023-05-10 09:43:00,IO2403-C-4500,IO2403-C-4500,74.0,0.0,0.0,0.0,14,69.0,71.4,6,74.0,69.2,0.0,0.0,0.0,0.0,266
2023-05-10 09:43:00,IO2403-C-4500,IO2403-C-4500,74.0,0.0,0.0,0.0,12,69.0,71.4,6,74.0,69.2,0.0,0.0,0.0,0.0,266
2023-05-10 09:43:01,IO2403-C-4500,IO2403-C-4500,74.0,0.0,0.0,0.0,6,69.0,71.4,9,74.0,69.2,0.0,0.0,0.0,0.0,266
2023-05-10 09:43:02,IO2403-C-4500,IO2403-C-4500,74.0,0.0,0.0,0.0,14,68.8,71.2,6,74.0,69.2,0.0,0.0,0.0,0.0,266
2023-05-10 09:43:02,IO2403-C-4500,IO2403-C-4500,74.0,0.0,0.0,0.0,16,68.8,71.2,6,74.0,69.2,0.0,0.0,0.0,0.0,266
2023-05-10 09:43:04,IO2403-C-4500,IO2403-C-4500,74.0,0.0,0.0,0.0,16,68.8,71.4,6,74.0,69.2,0.0,0.0,0.0,0.0,266
2023-05-10 09:43:07,IO2403-C-4500,IO2403-C-4500,74.0,0.0,0.0,0.0,16,68.8,71.4,9,74.0,69.2,0.0,0.0,0.0,0.0,266
2023-05-10 09:43:08,IO2403-C-4500,IO2403-C-4500,74.0,0.0,0.0,0.0,16,68.8,71.2,6,74.0,69.2,0.0,0.0,0.0,0.0,266
2023-05-10 09:43:09,IO2403-C-4500,IO2403-C-4500,74.0,0.0,0.0,0.0,16,68.8,71.4,6,74.0,69.2,0.0,0.0,0.0,0.0,266
2023-05-10 09:43:11,IO2403-C-4500,IO2403-C-4500,74.0,0.0,0.0,0.0,19,68.8,71.4,6,74.0,69.2,0.0,0.0,0.0,0.0,266
2023-05-10 09:43:11,IO2403-C-4500,IO2403-C-4500,74.0,0.0,0.0,0.0,19,68.8,71.6,6,74.0,69.2,0.0,0.0,0.0,0.0,266
2023-05-10 09:43:13,IO2403-C-4500,IO2403-C-4500,74.0,0.0,0.0,0.0,25,68.8,71.6,6,74.0,69.2,0.0,0.0,0.0,0.0,266
2023-05-10 09:43:14,IO2403-C-4500,IO2403-C-4500,74.0,0.0,0.0,0.0,6,69.0,71.6,6,74.0,69.2,0.0,0.0,0.0,0.0,266
2023-05-10 09:43:14,IO2403-C-4500,IO2403-C-4500,74.0,0.0,0.0,0.0,4,69.2,71.6,6,74.0,69.2,0.0,0.0,0.0,0.0,266
2023-05-10 09:43:15,IO2403-C-4500,IO2403-C-4500,74.0,0.0,0.0,0.0,8,69.2,71.6,6,74.0,69.2,0.0,0.0,0.0,0.0,266
2023-05-10 09:43:15,IO2403-C-4500,IO2403-C-4500,74.0,0.0,0.0,0.0,6,69.2,71.6,6,74.0,69.2,0.0,0.0,0.0,0.0,266
2023-05-10 09:43:16,IO2403-C-4500,IO2403-C-4500,74.0,0.0,0.0,0.0,11,69.0,71.6,6,74.0,69.2,0.0,0.0,0.0,0.0,266
2023-05-10 09:43:16,IO2403-C-4500,IO2403-C-4500,74.0,0.0,0.0,0.0,10,69.0,71.6,6,74.0,69.2,0.0,0.0,0.0,0.0,266
2023-05-10 09:43:19,IO2403-C-4500,IO2403-C-4500,74.0,0.0,0.0,0.0,13,69.0,71.6,6,74.0,69.2,0.0,0.0,0.0,0.0,266
2023-05-10 09:43:30,IO2403-C-4500,IO2403-C-4500,74.0,0.0,0.0,0.0,11,69.0,71.6,6,74.0,69.2,0.0,0.0,0.0,0.0,266
2023-05-10 09:43:31,IO2403-C-4500,IO2403-C-4500,74.0,0.0,0.0,0.0,9,69.0,71.6,6,74.0,69.2,0.0,0.0,0.0,0.0,266
2023-05-10 09:43:32,IO2403-C-4500,IO2403-C-4500,74.0,0.0,0.0,0.0,11,69.0,71.6,6,74.0,69.2,0.0,0.0,0.0,0.0,266
2023-05-10 09:43:36,IO2403-C-4500,IO2403-C-4500,74.0,0.0,0.0,0.0,9,69.0,71.6,6,74.0,69.2,0.0,0.0,0.0,0.0,266
2023-05-10 09:43:40,IO2403-C-4500,IO2403-C-4500,74.0,0.0,0.0,0.0,6,69.0,71.6,6,74.0,69.2,0.0,0.0,0.0,0.0,266
2023-05-10 09:43:40,IO2403-C-4500,IO2403-C-4500,74.0,0.0,0.0,0.0,18,68.8,71.6,6,74.0,69.2,0.0,0.0,0.0,0.0,266
2023-05-10 09:43:41,IO2403-C-4500,IO2403-C-4500,74.0,0.0,0.0,0.0,23,68.8,71.6,6,74.0,69.2,0.0,0.0,0.0,0.0,266
2023-05-10 09:43:42,IO2403-C-4500,IO2403-C-4500,74.0,0.0,0.0,0.0,21,68.8,71.6,6,74.0,69.2,0.0,0.0,0.0,0.0,266
2023-05-10 09:43:43,IO2403-C-4500,IO2403-C-4500,74.0,0.0,0.0,0.0,6,69.0,71.6,6,74.0,69.2,0.0,0.0,0.0,0.0,266
2023-05-10 09:43:45,IO2403-C-4500,IO2403-C-4500,74.0,0.0,0.0,0.0,9,69.0,71.6,6,74.0,69.2,0.0,0.0,0.0,0.0,266
2023-05-10 09:43:46,IO2403-C-4500,IO2403-C-4500,74.0,0.0,0.0,0.0,18,68.8,71.6,6,74.0,69.2,0.0,0.0,0.0,0.0,266
2023-05-10 09:43:47,IO2403-C-4500,IO2403-C-4500,74.0,0.0,0.0,0.0,21,68.8,71.6,6,74.0,69.2,0.0,0.0,0.0,0.0,266
2023-05-10 09:43:49,IO2403-C-4500,IO2403-C-4500,74.0,0.0,0.0,0.0,18,68.8,71.6,9,74.0,69.2,0.0,0.0,0.0,0.0,266
2023-05-10 09:43:50,IO2403-C-4500,IO2403-C-4500,74.0,0.0,0.0,0.0,12,68.8,71.4,6,74.0,69.2,0.0,0.0,0.0,0.0,266
2023-05-10 09:43:50,IO2403-C-4500,IO2403-C-4500,74.0,0.0,0.0,0.0,6,68.8,71.4,6,74.0,69.2,0.0,0.0,0.0,0.0,266
2023-05-10 09:43:51,IO2403-C-4500,IO2403-C-4500,74.0,0.0,0.0,0.0,28,68.6,71.4,6,74.0,69.2,0.0,0.0,0.0,0.0,266
2023-05-10 09:43:51,IO2403-C-4500,IO2403-C-4500,74.0,0.0,0.0,0.0,22,68.6,71.4,6,74.0,69.2,0.0,0.0,0.0,0.0,266
2023-05-10 09:43:53,IO2403-C-4500,IO2403-C-4500,74.0,0.0,0.0,0.0,24,68.6,71.4,6,74.0,69.2,0.0,0.0,0.0,0.0,266
2023-05-10 09:43:59,IO2403-C-4500,IO2403-C-4500,74.0,0.0,0.0,0.0,2,68.8,71.4,6,74.0,69.2,0.0,0.0,0.0,0.0,266
2023-05-10 09:44:00,IO2403-C-4500,IO2403-C-4500,74.0,0.0,0.0,0.0,4,68.8,71.4,6,74.0,69.2,0.0,0.0,0.0,0.0,266
2023-05-10 09:44:00,IO2403-C-4500,IO2403-C-4500,74.0,0.0,0.0,0.0,7,68.8,71.4,6,74.0,69.2,0.0,0.0,0.0,0.0,266
2023-05-10 09:44:01,IO2403-C-4500,IO2403-C-4500,74.0,0.0,0.0,0.0,3,68.8,71.6,9,74.0,69.2,0.0,0.0,0.0,0.0,266
2023-05-10 09:44:01,IO2403-C-4500,IO2403-C-4500,74.0,0.0,0.0,0.0,21,68.6,71.4,6,74.0,69.2,0.0,0.0,0.0,0.0,266
2023-05-10 09:44:02,IO2403-C-4500,IO2403-C-4500,74.0,0.0,0.0,0.0,23,68.6,71.4,6,74.0,69.2,0.0,0.0,0.0,0.0,266
2023-05-10 09:44:02,IO2403-C-4500,IO2403-C-4500,74.0,0.0,0.0,0.0,26,68.6,71.4,6,74.0,69.2,0.0,0.0,0.0,0.0,266
2023-05-10 09:44:03,IO2403-C-4500,IO2403-C-4500,74.0,0.0,0.0,0.0,19,68.6,71.4,9,74.0,69.2,0.0,0.0,0.0,0.0,266
2023-05-10 09:44:03,IO2403-C-4500,IO2403-C-4500,74.0,0.0,0.0,0.0,13,68.6,71.2,6,74.0,69.2,0.0,0.0,0.0,0.0,266
2023-05-10 09:44:04,IO2403-C-4500,IO2403-C-4500,74.0,0.0,0.0,0.0,16,68.6,71.2,6,74.0,69.2,0.0,0.0,0.0,0.0,266
2023-05-10 09:44:04,IO2403-C-4500,IO2403-C-4500,74.0,0.0,0.0,0.0,16,68.6,71.4,9,74.0,69.2,0.0,0.0,0.0,0.0,266
2023-05-10 09:44:05,IO2403-C-4500,IO2403-C-4500,74.0,0.0,0.0,0.0,13,68.6,71.2,6,74.0,69.2,0.0,0.0,0.0,0.0,266
2023-05-10 09:44:06,IO2403-C-4500,IO2403-C-4500,74.0,0.0,0.0,0.0,15,68.6,71.4,9,74.0,69.2,0.0,0.0,0.0,0.0,266
2023-05-10 09:44:06,IO2403-C-4500,IO2403-C-4500,74.0,0.0,0.0,0.0,18,68.6,71.2,6,74.0,69.2,0.0,0.0,0.0,0.0,266
2023-05-10 09:44:07,IO2403-C-4500,IO2403-C-4500,74.0,0.0,0.0,0.0,15,68.6,71.2,6,74.0,69.2,0.0,0.0,0.0,0.0,266
2023-05-10 09:44:08,IO2403-C-4500,IO2403-C-4500,74.0,0.0,0.0,0.0,13,68.6,71.2,6,74.0,69.2,0.0,0.0,0.0,0.0,266
2023-05-10 09:44:08,IO2403-C-4500,IO2403-C-4500,74.0,0.0,0.0,0.0,16,68.6,71.2,6,74.0,69.2,0.0,0.0,0.0,0.0,266
2023-05-10 09:44:11,IO2403-C-4500,IO2403-C-4500,74.0,0.0,0.0,0.0,13,68.6,71.2,6,74.0,69.2,0.0,0.0,0.0,0.0,266
2023-05-10 09:44:12,IO2403-C-4500,IO2403-C-4500,74.0,0.0,0.0,0.0,16,68.6,71.2,6,74.0,69.2,0.0,0.0,0.0,0.0,266
2023-05-10 09:44:13,IO2403-C-4500,IO2403-C-4500,74.0,0.0,0.0,0.0,18,68.6,71.2,6,74.0,69.2,0.0,0.0,0.0,0.0,266
2023-05-10 09:44:15,IO2403-C-4500,IO2403-C-4500,74.0,0.0,0.0,0.0,16,68.6,71.2,6,74.0,69.2,0.0,0.0,0.0,0.0,266
2023-05-10 09:44:28,IO2403-C-4500,IO2403-C-4500,74.0,0.0,0.0,0.0,18,68.6,71.4,6,74.0,69.2,0.0,0.0,0.0,0.0,266
2023-05-10 09:44:29,IO2403-C-4500,IO2403-C-4500,74.0,0.0,0.0,0.0,16,68.6,71.4,6,74.0,69.2,0.0,0.0,0.0,0.0,266
2023-05-10 09:44:40,IO2403-C-4500,IO2403-C-4500,74.0,0.0,0.0,0.0,13,68.6,71.6,9,74.0,69.2,0.0,0.0,0.0,0.0,266
2023-05-10 09:44:40,IO2403-C-4500,IO2403-C-4500,74.0,0.0,0.0,0.0,13,68.6,71.4,6,74.0,69.2,0.0,0.0,0.0,0.0,266
2023-05-10 09:44:41,IO2403-C-4500,IO2403-C-4500,74.0,0.0,0.0,0.0,16,68.6,71.4,6,74.0,69.2,0.0,0.0,0.0,0.0,266
2023-05-10 09:44:46,IO2403-C-4500,IO2403-C-4500,74.0,0.0,0.0,0.0,13,68.6,71.4,6,74.0,69.2,0.0,0.0,0.0,0.0,266
2023-05-10 09:44:46,IO2403-C-4500,IO2403-C-4500,74.0,0.0,0.0,0.0,13,68.6,71.6,6,74.0,69.2,0.0,0.0,0.0,0.0,266
2023-05-10 09:44:47,IO2403-C-4500,IO2403-C-4500,74.0,0.0,0.0,0.0,16,68.6,71.6,9,74.0,69.2,0.0,0.0,0.0,0.0,266
2023-05-10 09:44:47,IO2403-C-4500,IO2403-C-4500,74.0,0.0,0.0,0.0,16,68.6,71.4,6,74.0,69.2,0.0,0.0,0.0,0.0,266
2023-05-10 09:44:48,IO2403-C-4500,IO2403-C-4500,74.0,0.0,0.0,0.0,18,68.6,71.4,6,74.0,69.2,0.0,0.0,0.0,0.0,266
2023-05-10 09:44:48,IO2403-C-4500,IO2403-C-4500,74.0,0.0,0.0,0.0,16,68.6,71.4,6,74.0,69.2,0.0,0.0,0.0,0.0,266
2023-05-10 09:44:49,IO2403-C-4500,IO2403-C-4500,74.0,0.0,0.0,0.0,13,68.6,71.6,9,74.0,69.2,0.0,0.0,0.0,0.0,266
2023-05-10 09:44:49,IO2403-C-4500,IO2403-C-4500,74.0,0.0,0.0,0.0,13,68.6,71.4,6,74.0,69.2,0.0,0.0,0.0,0.0,266
2023-05-10 09:44:50,IO2403-C-4500,IO2403-C-4500,74.0,0.0,0.0,0.0,16,68.6,71.4,6,74.0,69.2,0.0,0.0,0.0,0.0,266
2023-05-10 09:44:52,IO2403-C-4500,IO2403-C-4500,74.0,0.0,0.0,0.0,18,68.6,71.4,6,74.0,69.2,0.0,0.0,0.0,0.0,266
2023-05-10 09:44:53,IO2403-C-4500,IO2403-C-4500,74.0,0.0,0.0,0.0,15,68.6,71.4,6,74.0,69.2,0.0,0.0,0.0,0.0,266
2023-05-10 09:44:53,IO2403-C-4500,IO2403-C-4500,74.0,0.0,0.0,0.0,15,68.6,71.6,9,74.0,69.2,0.0,0.0,0.0,0.0,266
2023-05-10 09:44:54,IO2403-C-4500,IO2403-C-4500,74.0,0.0,0.0,0.0,18,68.6,71.4,6,74.0,69.2,0.0,0.0,0.0,0.0,266
2023-05-10 09:44:54,IO2403-C-4500,IO2403-C-4500,74.0,0.0,0.0,0.0,15,68.6,71.4,6,74.0,69.2,0.0,0.0,0.0,0.0,266
2023-05-10 09:44:55,IO2403-C-4500,IO2403-C-4500,74.0,0.0,0.0,0.0,15,68.6,71.6,9,74.0,69.2,0.0,0.0,0.0,0.0,266
2023-05-10 09:44:55,IO2403-C-4500,IO2403-C-4500,74.0,0.0,0.0,0.0,18,68.6,71.4,6,74.0,69.2,0.0,0.0,0.0,0.0,266
2023-05-10 09:44:56,IO2403-C-4500,IO2403-C-4500,74.0,0.0,0.0,0.0,15,68.6,71.4,6,74.0,69.2,0.0,0.0,0.0,0.0,266
2023-05-10 09:44:57,IO2403-C-4500,IO2403-C-4500,74.0,0.0,0.0,0.0,3,68.8,71.6,9,74.0,69.2,0.0,0.0,0.0,0.0,266
2023-05-10 09:44:57,IO2403-C-4500,IO2403-C-4500,74.0,0.0,0.0,0.0,13,68.6,71.4,6,74.0,69.2,0.0,0.0,0.0,0.0,266
2023-05-10 09:44:58,IO2403-C-4500,IO2403-C-4500,74.0,0.0,0.0,0.0,15,68.6,71.4,6,74.0,69.2,0.0,0.0,0.0,0.0,266
2023-05-10 09:44:58,IO2403-C-4500,IO2403-C-4500,74.0,0.0,0.0,0.0,18,68.6,71.4,6,74.0,69.2,0.0,0.0,0.0,0.0,266
2023-05-10 09:44:59,IO2403-C-4500,IO2403-C-4500,74.0,0.0,0.0,0.0,16,68.6,71.4,6,74.0,69.2,0.0,0.0,0.0,0.0,266
2023-05-10 09:44:59,IO2403-C-4500,IO2403-C-4500,74.0,0.0,0.0,0.0,16,68.6,71.6,9,74.0,69.2,0.0,0.0,0.0,0.0,266
2023-05-10 09:45:00,IO2403-C-4500,IO2403-C-4500,74.0,0.0,0.0,0.0,18,68.6,71.4,6,74.0,69.2,0.0,0.0,0.0,0.0,266
2023-05-10 09:45:01,IO2403-C-4500,IO2403-C-4500,74.0,0.0,0.0,0.0,16,68.6,71.4,6,74.0,69.2,0.0,0.0,0.0,0.0,266
2023-05-10 09:45:16,IO2403-C-4500,IO2403-C-4500,74.0,0.0,0.0,0.0,13,68.6,71.4,6,74.0,69.2,0.0,0.0,0.0,0.0,266
2023-05-10 09:45:16,IO2403-C-4500,IO2403-C-4500,74.0,0.0,0.0,0.0,13,68.6,71.6,9,74.0,69.2,0.0,0.0,0.0,0.0,266
2023-05-10 09:45:17,IO2403-C-4500,IO2403-C-4500,74.0,0.0,0.0,0.0,16,68.6,71.4,6,74.0,69.2,0.0,0.0,0.0,0.0,266
2023-05-10 09:45:17,IO2403-C-4500,IO2403-C-4500,74.0,0.0,0.0,0.0,18,68.6,71.4,6,74.0,69.2,0.0,0.0,0.0,0.0,266
2023-05-10 09:45:18,IO2403-C-4500,IO2403-C-4500,74.0,0.0,0.0,0.0,18,68.6,71.6,9,74.0,69.2,0.0,0.0,0.0,0.0,266
2023-05-10 09:45:18,IO2403-C-4500,IO2403-C-4500,74.0,0.0,0.0,0.0,18,68.6,71.4,6,74.0,69.2,0.0,0.0,0.0,0.0,266
2023-05-10 09:45:19,IO2403-C-4500,IO2403-C-4500,74.0,0.0,0.0,0.0,18,68.6,71.6,6,74.0,69.2,0.0,0.0,0.0,0.0,266
2023-05-10 09:45:22,IO2403-C-4500,IO2403-C-4500,74.0,0.0,0.0,0.0,18,68.6,71.6,9,74.0,69.2,0.0,0.0,0.0,0.0,266
2023-05-10 09:45:23,IO2403-C-4500,IO2403-C-4500,74.0,0.0,0.0,0.0,16,68.6,71.4,6,74.0,69.2,0.0,0.0,0.0,0.0,266
2023-05-10 09:45:33,IO2403-C-4500,IO2403-C-4500,74.0,0.0,0.0,0.0,16,68.6,71.6,9,74.0,69.2,0.0,0.0,0.0,0.0,266
2023-05-10 09:45:34,IO2403-C-4500,IO2403-C-4500,74.0,0.0,0.0,0.0,16,68.6,71.4,6,74.0,69.2,0.0,0.0,0.0,0.0,266
2023-05-10 09:45:49,IO2403-C-4500,IO2403-C-4500,74.0,0.0,0.0,0.0,18,68.6,71.6,9,74.0,69.2,0.0,0.0,0.0,0.0,266
2023-05-10 09:45:49,IO2403-C-4500,IO2403-C-4500,74.0,0.0,0.0,0.0,16,68.6,71.4,6,74.0,69.2,0.0,0.0,0.0,0.0,266
2023-05-10 09:45:55,IO2403-C-4500,IO2403-C-4500,74.0,0.0,0.0,0.0,18,68.6,71.6,9,74.0,69.2,0.0,0.0,0.0,0.0,266
2023-05-10 09:45:56,IO2403-C-4500,IO2403-C-4500,74.0,0.0,0.0,0.0,16,68.6,71.4,6,74.0,69.2,0.0,0.0,0.0,0.0,266
2023-05-10 09:46:08,IO2403-C-4500,IO2403-C-4500,74.0,0.0,0.0,0.0,13,68.6,71.4,6,74.0,69.2,0.0,0.0,0.0,0.0,266
2023-05-10 09:46:09,IO2403-C-4500,IO2403-C-4500,74.0,0.0,0.0,0.0,16,68.6,71.4,6,74.0,69.2,0.0,0.0,0.0,0.0,266
2023-05-10 09:46:10,IO2403-C-4500,IO2403-C-4500,74.0,0.0,0.0,0.0,13,68.6,71.4,6,74.0,69.2,0.0,0.0,0.0,0.0,266
2023-05-10 09:46:11,IO2403-C-4500,IO2403-C-4500,74.0,0.0,0.0,0.0,16,68.6,71.4,6,74.0,69.2,0.0,0.0,0.0,0.0,266
2023-05-10 09:46:24,IO2403-C-4500,IO2403-C-4500,74.0,0.0,0.0,0.0,13,68.6,71.4,6,74.0,69.2,0.0,0.0,0.0,0.0,266
2023-05-10 09:46:25,IO2403-C-4500,IO2403-C-4500,74.0,0.0,0.0,0.0,16,68.6,71.4,6,74.0,69.2,0.0,0.0,0.0,0.0,266
2023-05-10 09:46:26,IO2403-C-4500,IO2403-C-4500,74.0,0.0,0.0,0.0,22,68.6,71.4,6,74.0,69.2,0.0,0.0,0.0,0.0,266
2023-05-10 09:46:26,IO2403-C-4500,IO2403-C-4500,74.0,0.0,0.0,0.0,24,68.6,71.4,6,74.0,69.2,0.0,0.0,0.0,0.0,266
2023-05-10 09:46:29,IO2403-C-4500,IO2403-C-4500,74.0,0.0,0.0,0.0,22,68.6,71.4,6,74.0,69.2,0.0,0.0,0.0,0.0,266
2023-05-10 09:46:39,IO2403-C-4500,IO2403-C-4500,74.0,0.0,0.0,0.0,19,68.6,71.4,6,74.0,69.2,0.0,0.0,0.0,0.0,266
2023-05-10 09:46:40,IO2403-C-4500,IO2403-C-4500,74.0,0.0,0.0,0.0,13,68.6,71.4,6,74.0,69.2,0.0,0.0,0.0,0.0,266
2023-05-10 09:46:40,IO2403-C-4500,IO2403-C-4500,74.0,0.0,0.0,0.0,3,68.8,71.4,6,74.0,69.2,0.0,0.0,0.0,0.0,266
2023-05-10 09:46:41,IO2403-C-4500,IO2403-C-4500,74.0,0.0,0.0,0.0,13,68.6,71.4,6,74.0,69.2,0.0,0.0,0.0,0.0,266
2023-05-10 09:46:42,IO2403-C-4500,IO2403-C-4500,74.0,0.0,0.0,0.0,16,68.6,71.4,6,74.0,69.2,0.0,0.0,0.0,0.0,266
2023-05-10 09:46:57,IO2403-C-4500,IO2403-C-4500,74.0,0.0,0.0,0.0,13,68.6,71.4,6,74.0,69.2,0.0,0.0,0.0,0.0,266
2023-05-10 09:46:58,IO2403-C-4500,IO2403-C-4500,74.0,0.0,0.0,0.0,16,68.6,71.4,6,74.0,69.2,0.0,0.0,0.0,0.0,266
2023-05-10 09:46:59,IO2403-C-4500,IO2403-C-4500,74.0,0.0,0.0,0.0,22,68.6,71.4,6,74.0,69.2,0.0,0.0,0.0,0.0,266
2023-05-10 09:47:12,IO2403-C-4500,IO2403-C-4500,74.0,0.0,0.0,0.0,19,68.6,71.4,6,74.0,69.2,0.0,0.0,0.0,0.0,266
2023-05-10 09:47:12,IO2403-C-4500,IO2403-C-4500,74.0,0.0,0.0,0.0,13,68.6,71.4,6,74.0,69.2,0.0,0.0,0.0,0.0,266
2023-05-10 09:47:13,IO2403-C-4500,IO2403-C-4500,74.0,0.0,0.0,0.0,16,68.6,71.4,6,74.0,69.2,0.0,0.0,0.0,0.0,266
2023-05-10 09:47:21,IO2403-C-4500,IO2403-C-4500,74.0,0.0,0.0,0.0,13,68.6,71.4,6,74.0,69.2,0.0,0.0,0.0,0.0,266
2023-05-10 09:47:22,IO2403-C-4500,IO2403-C-4500,74.0,0.0,0.0,0.0,16,68.6,71.4,6,74.0,69.2,0.0,0.0,0.0,0.0,266
2023-05-10 09:47:50,IO2403-C-4500,IO2403-C-4500,74.0,0.0,0.0,0.0,13,68.6,71.4,6,74.0,69.2,0.0,0.0,0.0,0.0,266
2023-05-10 09:47:51,IO2403-C-4500,IO2403-C-4500,74.0,0.0,0.0,0.0,16,68.6,71.4,6,74.0,69.2,0.0,0.0,0.0,0.0,266
2023-05-10 09:47:52,IO2403-C-4500,IO2403-C-4500,74.0,0.0,0.0,0.0,22,68.6,71.4,6,74.0,69.2,0.0,0.0,0.0,0.0,266
2023-05-10 09:47:56,IO2403-C-4500,IO2403-C-4500,74.0,0.0,0.0,0.0,24,68.6,71.4,6,74.0,69.2,0.0,0.0,0.0,0.0,266
2023-05-10 09:47:57,IO2403-C-4500,IO2403-C-4500,74.0,0.0,0.0,0.0,22,68.6,71.4,6,74.0,69.2,0.0,0.0,0.0,0.0,266
2023-05-10 09:48:10,IO2403-C-4500,IO2403-C-4500,74.0,0.0,0.0,0.0,24,68.6,71.6,6,74.0,69.2,0.0,0.0,0.0,0.0,266
2023-05-10 09:48:12,IO2403-C-4500,IO2403-C-4500,74.0,0.0,0.0,0.0,30,68.6,71.6,6,74.0,69.2,0.0,0.0,0.0,0.0,266
2023-05-10 09:48:14,IO2403-C-4500,IO2403-C-4500,74.0,0.0,0.0,0.0,28,68.6,71.6,6,74.0,69.2,0.0,0.0,0.0,0.0,266
2023-05-10 09:48:17,IO2403-C-4500,IO2403-C-4500,74.0,0.0,0.0,0.0,22,68.6,71.6,6,74.0,69.2,0.0,0.0,0.0,0.0,266
2023-05-10 09:48:21,IO2403-C-4500,IO2403-C-4500,74.0,0.0,0.0,0.0,22,68.6,71.6,9,74.0,69.2,0.0,0.0,0.0,0.0,266
2023-05-10 09:48:22,IO2403-C-4500,IO2403-C-4500,74.0,0.0,0.0,0.0,22,68.6,71.4,6,74.0,69.2,0.0,0.0,0.0,0.0,266
2023-05-10 09:48:38,IO2403-C-4500,IO2403-C-4500,74.0,0.0,0.0,0.0,24,68.6,71.4,6,74.0,69.2,0.0,0.0,0.0,0.0,266
2023-05-10 09:48:40,IO2403-C-4500,IO2403-C-4500,74.0,0.0,0.0,0.0,22,68.6,71.4,6,74.0,69.2,0.0,0.0,0.0,0.0,266
2023-05-10 09:48:47,IO2403-C-4500,IO2403-C-4500,74.0,0.0,0.0,0.0,19,68.6,71.4,6,74.0,69.2,0.0,0.0,0.0,0.0,266
2023-05-10 09:48:47,IO2403-C-4500,IO2403-C-4500,74.0,0.0,0.0,0.0,13,68.6,71.6,9,74.0,69.2,0.0,0.0,0.0,0.0,266
2023-05-10 09:48:48,IO2403-C-4500,IO2403-C-4500,74.0,0.0,0.0,0.0,16,68.6,71.4,6,74.0,69.2,0.0,0.0,0.0,0.0,266
2023-05-10 09:48:49,IO2403-C-4500,IO2403-C-4500,74.0,0.0,0.0,0.0,13,68.6,71.4,9,74.0,69.2,0.0,0.0,0.0,0.0,266
2023-05-10 09:48:50,IO2403-C-4500,IO2403-C-4500,74.0,0.0,0.0,0.0,13,68.6,71.2,6,74.0,69.2,0.0,0.0,0.0,0.0,266
2023-05-10 09:49:00,IO2403-C-4500,IO2403-C-4500,74.0,0.0,0.0,0.0,13,68.6,71.2,9,74.0,69.2,0.0,0.0,0.0,0.0,266
2023-05-10 09:49:01,IO2403-C-4500,IO2403-C-4500,74.0,0.0,0.0,0.0,13,68.6,71.0,6,74.0,69.2,0.0,0.0,0.0,0.0,266
2023-05-10 09:49:02,IO2403-C-4500,IO2403-C-4500,74.0,0.0,0.0,0.0,13,68.6,71.0,9,74.0,69.2,0.0,0.0,0.0,0.0,266
2023-05-10 09:49:03,IO2403-C-4500,IO2403-C-4500,74.0,0.0,0.0,0.0,13,68.6,70.8,6,74.0,69.2,0.0,0.0,0.0,0.0,266
2023-05-10 09:49:03,IO2403-C-4500,IO2403-C-4500,74.0,0.0,0.0,0.0,13,68.6,71.4,6,74.0,69.2,0.0,0.0,0.0,0.0,266
2023-05-10 09:49:04,IO2403-C-4500,IO2403-C-4500,74.0,0.0,0.0,0.0,13,68.6,71.4,9,74.0,69.2,0.0,0.0,0.0,0.0,266
2023-05-10 09:49:04,IO2403-C-4500,IO2403-C-4500,74.0,0.0,0.0,0.0,13,68.6,71.2,6,74.0,69.2,0.0,0.0,0.0,0.0,266
2023-05-10 09:49:05,IO2403-C-4500,IO2403-C-4500,74.0,0.0,0.0,0.0,13,68.6,71.2,9,74.0,69.2,0.0,0.0,0.0,0.0,266
2023-05-10 09:49:05,IO2403-C-4500,IO2403-C-4500,74.0,0.0,0.0,0.0,13,68.6,71.0,6,74.0,69.2,0.0,0.0,0.0,0.0,266
2023-05-10 09:49:07,IO2403-C-4500,IO2403-C-4500,74.0,0.0,0.0,0.0,13,68.6,71.0,9,74.0,69.2,0.0,0.0,0.0,0.0,266
2023-05-10 09:49:07,IO2403-C-4500,IO2403-C-4500,74.0,0.0,0.0,0.0,13,68.6,70.8,6,74.0,69.2,0.0,0.0,0.0,0.0,266
2023-05-10 09:49:09,IO2403-C-4500,IO2403-C-4500,74.0,0.0,0.0,0.0,13,68.6,71.0,6,74.0,69.2,0.0,0.0,0.0,0.0,266
2023-05-10 09:49:14,IO2403-C-4500,IO2403-C-4500,74.0,0.0,0.0,0.0,13,68.6,71.0,9,74.0,69.2,0.0,0.0,0.0,0.0,266
2023-05-10 09:49:14,IO2403-C-4500,IO2403-C-4500,74.0,0.0,0.0,0.0,13,68.6,70.8,6,74.0,69.2,0.0,0.0,0.0,0.0,266
2023-05-10 09:49:15,IO2403-C-4500,IO2403-C-4500,74.0,0.0,0.0,0.0,13,68.6,71.0,6,74.0,69.2,0.0,0.0,0.0,0.0,266
2023-05-10 09:49:16,IO2403-C-4500,IO2403-C-4500,74.0,0.0,0.0,0.0,13,68.6,71.2,6,74.0,69.2,0.0,0.0,0.0,0.0,266
2023-05-10 09:49:19,IO2403-C-4500,IO2403-C-4500,74.0,0.0,0.0,0.0,13,68.6,71.2,7,74.0,69.2,0.0,0.0,0.0,0.0,266
2023-05-10 09:49:19,IO2403-C-4500,IO2403-C-4500,74.0,0.0,0.0,0.0,13,68.6,71.0,6,74.0,69.2,0.0,0.0,0.0,0.0,266
2023-05-10 09:49:23,IO2403-C-4500,IO2403-C-4500,74.0,0.0,0.0,0.0,7,68.6,71.0,6,74.0,69.2,0.0,0.0,0.0,0.0,266
2023-05-10 09:49:23,IO2403-C-4500,IO2403-C-4500,74.0,0.0,0.0,0.0,1,68.6,71.0,6,74.0,69.2,0.0,0.0,0.0,0.0,266
2023-05-10 09:49:24,IO2403-C-4500,IO2403-C-4500,74.0,0.0,0.0,0.0,1,68.6,71.0,9,74.0,69.2,0.0,0.0,0.0,0.0,266
2023-05-10 09:49:24,IO2403-C-4500,IO2403-C-4500,74.0,0.0,0.0,0.0,1,68.6,70.8,6,74.0,69.2,0.0,0.0,0.0,0.0,266
2023-05-10 09:49:25,IO2403-C-4500,IO2403-C-4500,74.0,0.0,0.0,0.0,1,68.6,71.0,9,74.0,69.2,0.0,0.0,0.0,0.0,266
2023-05-10 09:49:26,IO2403-C-4500,IO2403-C-4500,74.0,0.0,0.0,0.0,1,68.6,70.8,6,74.0,69.2,0.0,0.0,0.0,0.0,266
2023-05-10 09:49:28,IO2403-C-4500,IO2403-C-4500,74.0,0.0,0.0,0.0,7,68.6,71.0,6,74.0,69.2,0.0,0.0,0.0,0.0,266
2023-05-10 09:49:29,IO2403-C-4500,IO2403-C-4500,74.0,0.0,0.0,0.0,7,68.6,71.0,9,74.0,69.2,0.0,0.0,0.0,0.0,266
2023-05-10 09:49:29,IO2403-C-4500,IO2403-C-4500,74.0,0.0,0.0,0.0,7,68.6,70.8,6,74.0,69.2,0.0,0.0,0.0,0.0,266
2023-05-10 09:49:30,IO2403-C-4500,IO2403-C-4500,74.0,0.0,0.0,0.0,7,68.6,71.0,6,74.0,69.2,0.0,0.0,0.0,0.0,266
2023-05-10 09:49:36,IO2403-C-4500,IO2403-C-4500,74.0,0.0,0.0,0.0,7,68.6,71.2,6,74.0,69.2,0.0,0.0,0.0,0.0,266
2023-05-10 09:49:37,IO2403-C-4500,IO2403-C-4500,74.0,0.0,0.0,0.0,7,68.6,71.2,9,74.0,69.2,0.0,0.0,0.0,0.0,266
2023-05-10 09:49:37,IO2403-C-4500,IO2403-C-4500,74.0,0.0,0.0,0.0,7,68.6,71.0,6,74.0,69.2,0.0,0.0,0.0,0.0,266
2023-05-10 09:49:39,IO2403-C-4500,IO2403-C-4500,74.0,0.0,0.0,0.0,1,68.6,71.0,6,74.0,69.2,0.0,0.0,0.0,0.0,266
2023-05-10 09:49:52,IO2403-C-4500,IO2403-C-4500,74.0,0.0,0.0,0.0,1,68.6,71.2,6,74.0,69.2,0.0,0.0,0.0,0.0,266
2023-05-10 09:50:01,IO2403-C-4500,IO2403-C-4500,74.0,0.0,0.0,0.0,3,68.4,71.2,6,74.0,69.2,0.0,0.0,0.0,0.0,266
2023-05-10 09:50:01,IO2403-C-4500,IO2403-C-4500,74.0,0.0,0.0,0.0,38,68.2,71.2,9,74.0,69.2,0.0,0.0,0.0,0.0,266
2023-05-10 09:50:02,IO2403-C-4500,IO2403-C-4500,74.0,0.0,0.0,0.0,26,68.2,71.0,6,74.0,69.2,0.0,0.0,0.0,0.0,266
2023-05-10 09:50:02,IO2403-C-4500,IO2403-C-4500,74.0,0.0,0.0,0.0,29,68.2,71.0,6,74.0,69.2,0.0,0.0,0.0,0.0,266
2023-05-10 09:50:03,IO2403-C-4500,IO2403-C-4500,74.0,0.0,0.0,0.0,26,68.2,71.2,9,74.0,69.2,0.0,0.0,0.0,0.0,266
2023-05-10 09:50:03,IO2403-C-4500,IO2403-C-4500,74.0,0.0,0.0,0.0,24,68.2,71.0,6,74.0,69.2,0.0,0.0,0.0,0.0,266
2023-05-10 09:50:04,IO2403-C-4500,IO2403-C-4500,74.0,0.0,0.0,0.0,3,68.4,71.0,6,74.0,69.2,0.0,0.0,0.0,0.0,266
2023-05-10 09:50:04,IO2403-C-4500,IO2403-C-4500,74.0,0.0,0.0,0.0,24,68.2,71.0,6,74.0,69.2,0.0,0.0,0.0,0.0,266
2023-05-10 09:50:05,IO2403-C-4500,IO2403-C-4500,74.0,0.0,0.0,0.0,3,68.4,71.0,6,74.0,69.2,0.0,0.0,0.0,0.0,266
2023-05-10 09:50:06,IO2403-C-4500,IO2403-C-4500,74.0,0.0,0.0,0.0,1,68.6,71.2,6,74.0,69.2,0.0,0.0,0.0,0.0,266
2023-05-10 09:50:06,IO2403-C-4500,IO2403-C-4500,74.0,0.0,0.0,0.0,1,68.6,71.2,9,74.0,69.2,0.0,0.0,0.0,0.0,266
2023-05-10 09:50:07,IO2403-C-4500,IO2403-C-4500,74.0,0.0,0.0,0.0,1,68.6,71.0,6,74.0,69.2,0.0,0.0,0.0,0.0,266
2023-05-10 09:50:08,IO2403-C-4500,IO2403-C-4500,74.0,0.0,0.0,0.0,1,68.6,71.2,6,74.0,69.2,0.0,0.0,0.0,0.0,266
2023-05-10 09:50:09,IO2403-C-4500,IO2403-C-4500,74.0,0.0,0.0,0.0,1,68.6,71.2,9,74.0,69.2,0.0,0.0,0.0,0.0,266
2023-05-10 09:50:10,IO2403-C-4500,IO2403-C-4500,74.0,0.0,0.0,0.0,1,68.6,71.0,6,74.0,69.2,0.0,0.0,0.0,0.0,266
2023-05-10 09:50:11,IO2403-C-4500,IO2403-C-4500,74.0,0.0,0.0,0.0,1,68.6,71.2,6,74.0,69.2,0.0,0.0,0.0,0.0,266
2023-05-10 09:50:11,IO2403-C-4500,IO2403-C-4500,74.0,0.0,0.0,0.0,4,68.6,71.2,6,74.0,69.2,0.0,0.0,0.0,0.0,266
2023-05-10 09:50:12,IO2403-C-4500,IO2403-C-4500,74.0,0.0,0.0,0.0,1,68.6,71.4,9,74.0,69.2,0.0,0.0,0.0,0.0,266
2023-05-10 09:50:12,IO2403-C-4500,IO2403-C-4500,74.0,0.0,0.0,0.0,1,68.6,71.2,6,74.0,69.2,0.0,0.0,0.0,0.0,266
2023-05-10 09:50:14,IO2403-C-4500,IO2403-C-4500,74.0,0.0,0.0,0.0,1,68.6,71.4,9,74.0,69.2,0.0,0.0,0.0,0.0,266
2023-05-10 09:50:15,IO2403-C-4500,IO2403-C-4500,74.0,0.0,0.0,0.0,1,68.6,71.2,6,74.0,69.2,0.0,0.0,0.0,0.0,266
2023-05-10 09:50:16,IO2403-C-4500,IO2403-C-4500,74.0,0.0,0.0,0.0,7,68.6,71.4,6,74.0,69.2,0.0,0.0,0.0,0.0,266
2023-05-10 09:50:16,IO2403-C-4500,IO2403-C-4500,74.0,0.0,0.0,0.0,10,68.6,71.4,6,74.0,69.2,0.0,0.0,0.0,0.0,266
2023-05-10 09:50:30,IO2403-C-4500,IO2403-C-4500,74.0,0.0,0.0,0.0,1,69.4,71.4,6,74.0,69.2,0.0,0.0,0.0,0.0,266
2023-05-10 09:50:32,IO2403-C-4500,IO2403-C-4500,74.0,0.0,0.0,0.0,1,69.4,71.6,6,74.0,69.2,0.0,0.0,0.0,0.0,266
2023-05-10 09:51:01,IO2403-C-4500,IO2403-C-4500,74.0,0.0,0.0,0.0,1,69.4,71.6,9,74.0,69.2,0.0,0.0,0.0,0.0,266
2023-05-10 09:51:02,IO2403-C-4500,IO2403-C-4500,74.0,0.0,0.0,0.0,1,69.4,71.4,6,74.0,69.2,0.0,0.0,0.0,0.0,266
2023-05-10 09:51:02,IO2403-C-4500,IO2403-C-4500,74.0,0.0,0.0,0.0,1,69.4,71.4,9,74.0,69.2,0.0,0.0,0.0,0.0,266
2023-05-10 09:51:03,IO2403-C-4500,IO2403-C-4500,74.0,0.0,0.0,0.0,1,69.4,71.2,6,74.0,69.2,0.0,0.0,0.0,0.0,266
2023-05-10 09:51:03,IO2403-C-4500,IO2403-C-4500,74.0,0.0,0.0,0.0,1,69.4,71.4,6,74.0,69.2,0.0,0.0,0.0,0.0,266
2023-05-10 09:51:04,IO2403-C-4500,IO2403-C-4500,74.0,0.0,0.0,0.0,1,69.4,71.4,3,74.0,69.2,0.0,0.0,0.0,0.0,266
2023-05-10 09:51:04,IO2403-C-4500,IO2403-C-4500,74.0,0.0,0.0,0.0,1,69.4,71.2,6,74.0,69.2,0.0,0.0,0.0,0.0,266
2023-05-10 09:51:05,IO2403-C-4500,IO2403-C-4500,74.0,0.0,0.0,0.0,1,69.4,71.4,6,74.0,69.2,0.0,0.0,0.0,0.0,266
2023-05-10 09:51:12,IO2403-C-4500,IO2403-C-4500,74.0,0.0,0.0,0.0,1,69.4,71.6,6,74.0,69.2,0.0,0.0,0.0,0.0,266
2023-05-10 09:51:14,IO2403-C-4500,IO2403-C-4500,74.0,0.0,0.0,0.0,1,69.4,71.6,9,74.0,69.2,0.0,0.0,0.0,0.0,266
2023-05-10 09:51:14,IO2403-C-4500,IO2403-C-4500,74.0,0.0,0.0,0.0,1,69.4,71.4,6,74.0,69.2,0.0,0.0,0.0,0.0,266
2023-05-10 09:51:15,IO2403-C-4500,IO2403-C-4500,74.0,0.0,0.0,0.0,1,69.4,71.6,6,74.0,69.2,0.0,0.0,0.0,0.0,266
2023-05-10 09:51:25,IO2403-C-4500,IO2403-C-4500,74.0,0.0,0.0,0.0,1,69.4,71.6,9,74.0,69.2,0.0,0.0,0.0,0.0,266
2023-05-10 09:51:26,IO2403-C-4500,IO2403-C-4500,74.0,0.0,0.0,0.0,1,69.4,71.4,6,74.0,69.2,0.0,0.0,0.0,0.0,266
2023-05-10 09:51:27,IO2403-C-4500,IO2403-C-4500,74.0,0.0,0.0,0.0,1,69.4,71.6,6,74.0,69.2,0.0,0.0,0.0,0.0,266
2023-05-10 09:51:28,IO2403-C-4500,IO2403-C-4500,74.0,0.0,0.0,0.0,1,69.4,71.6,9,74.0,69.2,0.0,0.0,0.0,0.0,266
2023-05-10 09:51:28,IO2403-C-4500,IO2403-C-4500,74.0,0.0,0.0,0.0,1,69.4,71.4,6,74.0,69.2,0.0,0.0,0.0,0.0,266
2023-05-10 09:51:29,IO2403-C-4500,IO2403-C-4500,74.0,0.0,0.0,0.0,1,69.4,71.6,6,74.0,69.2,0.0,0.0,0.0,0.0,266
2023-05-10 09:51:32,IO2403-C-4500,IO2403-C-4500,74.0,0.0,0.0,0.0,1,69.4,71.6,9,74.0,69.2,0.0,0.0,0.0,0.0,266
2023-05-10 09:51:32,IO2403-C-4500,IO2403-C-4500,74.0,0.0,0.0,0.0,1,69.4,71.4,6,74.0,69.2,0.0,0.0,0.0,0.0,266
2023-05-10 09:51:33,IO2403-C-4500,IO2403-C-4500,74.0,0.0,0.0,0.0,1,69.4,71.6,6,74.0,69.2,0.0,0.0,0.0,0.0,266
2023-05-10 09:51:34,IO2403-C-4500,IO2403-C-4500,74.0,0.0,0.0,0.0,1,69.4,71.6,9,74.0,69.2,0.0,0.0,0.0,0.0,266
2023-05-10 09:51:35,IO2403-C-4500,IO2403-C-4500,74.0,0.0,0.0,0.0,1,69.4,71.4,6,74.0,69.2,0.0,0.0,0.0,0.0,266
2023-05-10 09:51:38,IO2403-C-4500,IO2403-C-4500,74.0,0.0,0.0,0.0,1,69.4,71.6,6,74.0,69.2,0.0,0.0,0.0,0.0,266
2023-05-10 09:51:55,IO2403-C-4500,IO2403-C-4500,74.0,0.0,0.0,0.0,1,69.4,71.6,9,74.0,69.2,0.0,0.0,0.0,0.0,266
2023-05-10 09:51:55,IO2403-C-4500,IO2403-C-4500,74.0,0.0,0.0,0.0,1,69.4,71.4,6,74.0,69.2,0.0,0.0,0.0,0.0,266
2023-05-10 09:52:02,IO2403-C-4500,IO2403-C-4500,74.0,0.0,0.0,0.0,1,69.4,71.4,9,74.0,69.2,0.0,0.0,0.0,0.0,266
2023-05-10 09:52:02,IO2403-C-4500,IO2403-C-4500,74.0,0.0,0.0,0.0,1,69.4,71.2,6,74.0,69.2,0.0,0.0,0.0,0.0,266
2023-05-10 09:52:06,IO2403-C-4500,IO2403-C-4500,74.0,0.0,0.0,0.0,1,69.4,71.4,6,74.0,69.2,0.0,0.0,0.0,0.0,266
2023-05-10 09:52:06,IO2403-C-4500,IO2403-C-4500,74.0,0.0,0.0,0.0,1,69.4,71.4,9,74.0,69.2,0.0,0.0,0.0,0.0,266
2023-05-10 09:52:07,IO2403-C-4500,IO2403-C-4500,74.0,0.0,0.0,0.0,1,69.4,71.2,6,74.0,69.2,0.0,0.0,0.0,0.0,266
2023-05-10 09:52:08,IO2403-C-4500,IO2403-C-4500,74.0,0.0,0.0,0.0,1,69.4,71.4,6,74.0,69.2,0.0,0.0,0.0,0.0,266
2023-05-10 09:52:11,IO2403-C-4500,IO2403-C-4500,74.0,0.0,0.0,0.0,1,69.4,71.4,9,74.0,69.2,0.0,0.0,0.0,0.0,266
2023-05-10 09:52:11,IO2403-C-4500,IO2403-C-4500,74.0,0.0,0.0,0.0,1,69.4,71.2,6,74.0,69.2,0.0,0.0,0.0,0.0,266
2023-05-10 09:52:15,IO2403-C-4500,IO2403-C-4500,74.0,0.0,0.0,0.0,1,69.4,71.2,9,74.0,69.2,0.0,0.0,0.0,0.0,266
2023-05-10 09:52:15,IO2403-C-4500,IO2403-C-4500,74.0,0.0,0.0,0.0,1,69.4,71.0,6,74.0,69.2,0.0,0.0,0.0,0.0,266
2023-05-10 09:52:20,IO2403-C-4500,IO2403-C-4500,74.0,0.0,0.0,0.0,1,69.4,71.2,6,74.0,69.2,0.0,0.0,0.0,0.0,266
2023-05-10 09:52:21,IO2403-C-4500,IO2403-C-4500,74.0,0.0,0.0,0.0,1,69.4,71.2,9,74.0,69.2,0.0,0.0,0.0,0.0,266
2023-05-10 09:52:21,IO2403-C-4500,IO2403-C-4500,74.0,0.0,0.0,0.0,1,69.4,71.0,6,74.0,69.2,0.0,0.0,0.0,0.0,266
2023-05-10 09:52:24,IO2403-C-4500,IO2403-C-4500,74.0,0.0,0.0,0.0,1,69.4,71.2,6,74.0,69.2,0.0,0.0,0.0,0.0,266
2023-05-10 09:52:25,IO2403-C-4500,IO2403-C-4500,74.0,0.0,0.0,0.0,1,69.4,71.2,9,74.0,69.2,0.0,0.0,0.0,0.0,266
2023-05-10 09:52:26,IO2403-C-4500,IO2403-C-4500,74.0,0.0,0.0,0.0,1,69.4,71.0,6,74.0,69.2,0.0,0.0,0.0,0.0,266
2023-05-10 09:52:27,IO2403-C-4500,IO2403-C-4500,74.0,0.0,0.0,0.0,1,69.4,71.2,9,74.0,69.2,0.0,0.0,0.0,0.0,266
2023-05-10 09:52:28,IO2403-C-4500,IO2403-C-4500,74.0,0.0,0.0,0.0,1,69.4,71.0,6,74.0,69.2,0.0,0.0,0.0,0.0,266
2023-05-10 09:52:31,IO2403-C-4500,IO2403-C-4500,74.0,0.0,0.0,0.0,1,69.4,71.2,6,74.0,69.2,0.0,0.0,0.0,0.0,266
2023-05-10 09:52:36,IO2403-C-4500,IO2403-C-4500,74.0,0.0,0.0,0.0,1,69.4,71.4,9,74.0,69.2,0.0,0.0,0.0,0.0,266
2023-05-10 09:52:36,IO2403-C-4500,IO2403-C-4500,74.0,0.0,0.0,0.0,1,69.4,71.2,6,74.0,69.2,0.0,0.0,0.0,0.0,266
2023-05-10 09:52:39,IO2403-C-4500,IO2403-C-4500,74.0,0.0,0.0,0.0,1,69.4,71.4,6,74.0,69.2,0.0,0.0,0.0,0.0,266
2023-05-10 09:52:40,IO2403-C-4500,IO2403-C-4500,74.0,0.0,0.0,0.0,1,69.4,71.6,6,74.0,69.2,0.0,0.0,0.0,0.0,266
2023-05-10 09:52:41,IO2403-C-4500,IO2403-C-4500,74.0,0.0,0.0,0.0,1,69.4,71.6,9,74.0,69.2,0.0,0.0,0.0,0.0,266
2023-05-10 09:52:41,IO2403-C-4500,IO2403-C-4500,74.0,0.0,0.0,0.0,1,69.4,71.4,6,74.0,69.2,0.0,0.0,0.0,0.0,266
2023-05-10 09:52:43,IO2403-C-4500,IO2403-C-4500,74.0,0.0,0.0,0.0,1,69.4,71.4,9,74.0,69.2,0.0,0.0,0.0,0.0,266
2023-05-10 09:52:43,IO2403-C-4500,IO2403-C-4500,74.0,0.0,0.0,0.0,1,69.4,71.2,6,74.0,69.2,0.0,0.0,0.0,0.0,266
2023-05-10 09:52:44,IO2403-C-4500,IO2403-C-4500,74.0,0.0,0.0,0.0,1,69.4,71.4,6,74.0,69.2,0.0,0.0,0.0,0.0,266
2023-05-10 09:52:48,IO2403-C-4500,IO2403-C-4500,74.0,0.0,0.0,0.0,1,69.4,71.4,9,74.0,69.2,0.0,0.0,0.0,0.0,266
2023-05-10 09:52:48,IO2403-C-4500,IO2403-C-4500,74.0,0.0,0.0,0.0,1,69.4,71.2,6,74.0,69.2,0.0,0.0,0.0,0.0,266
2023-05-10 09:52:49,IO2403-C-4500,IO2403-C-4500,74.0,0.0,0.0,0.0,1,69.4,71.4,9,74.0,69.2,0.0,0.0,0.0,0.0,266
2023-05-10 09:52:50,IO2403-C-4500,IO2403-C-4500,74.0,0.0,0.0,0.0,1,69.4,71.2,6,74.0,69.2,0.0,0.0,0.0,0.0,266
2023-05-10 09:52:54,IO2403-C-4500,IO2403-C-4500,74.0,0.0,0.0,0.0,1,69.4,71.2,9,74.0,69.2,0.0,0.0,0.0,0.0,266
2023-05-10 09:52:55,IO2403-C-4500,IO2403-C-4500,74.0,0.0,0.0,0.0,1,69.4,71.0,6,74.0,69.2,0.0,0.0,0.0,0.0,266
2023-05-10 09:53:07,IO2403-C-4500,IO2403-C-4500,74.0,0.0,0.0,0.0,1,69.4,71.0,9,74.0,69.2,0.0,0.0,0.0,0.0,266
2023-05-10 09:53:07,IO2403-C-4500,IO2403-C-4500,74.0,0.0,0.0,0.0,1,69.4,70.8,6,74.0,69.2,0.0,0.0,0.0,0.0,266
2023-05-10 09:53:08,IO2403-C-4500,IO2403-C-4500,74.0,0.0,0.0,0.0,1,69.4,71.0,6,74.0,69.2,0.0,0.0,0.0,0.0,266
2023-05-10 09:53:10,IO2403-C-4500,IO2403-C-4500,74.0,0.0,0.0,0.0,1,69.4,71.0,9,74.0,69.2,0.0,0.0,0.0,0.0,266
2023-05-10 09:53:10,IO2403-C-4500,IO2403-C-4500,74.0,0.0,0.0,0.0,1,69.4,70.8,6,74.0,69.2,0.0,0.0,0.0,0.0,266
2023-05-10 09:53:11,IO2403-C-4500,IO2403-C-4500,74.0,0.0,0.0,0.0,1,69.4,71.0,6,74.0,69.2,0.0,0.0,0.0,0.0,266
2023-05-10 09:53:14,IO2403-C-4500,IO2403-C-4500,74.0,0.0,0.0,0.0,1,69.4,71.2,6,74.0,69.2,0.0,0.0,0.0,0.0,266
2023-05-10 09:53:16,IO2403-C-4500,IO2403-C-4500,74.0,0.0,0.0,0.0,1,69.4,71.4,6,74.0,69.2,0.0,0.0,0.0,0.0,266
2023-05-10 09:53:17,IO2403-C-4500,IO2403-C-4500,74.0,0.0,0.0,0.0,1,69.4,71.6,9,74.0,69.2,0.0,0.0,0.0,0.0,266
2023-05-10 09:53:17,IO2403-C-4500,IO2403-C-4500,74.0,0.0,0.0,0.0,1,69.4,71.4,6,74.0,69.2,0.0,0.0,0.0,0.0,266
2023-05-10 09:53:23,IO2403-C-4500,IO2403-C-4500,74.0,0.0,0.0,0.0,1,69.4,71.6,9,74.0,69.2,0.0,0.0,0.0,0.0,266
2023-05-10 09:53:24,IO2403-C-4500,IO2403-C-4500,74.0,0.0,0.0,0.0,1,69.4,71.4,6,74.0,69.2,0.0,0.0,0.0,0.0,266
2023-05-10 09:53:25,IO2403-C-4500,IO2403-C-4500,74.0,0.0,0.0,0.0,1,69.4,71.6,9,74.0,69.2,0.0,0.0,0.0,0.0,266
2023-05-10 09:53:26,IO2403-C-4500,IO2403-C-4500,74.0,0.0,0.0,0.0,1,69.4,71.4,6,74.0,69.2,0.0,0.0,0.0,0.0,266
2023-05-10 09:53:34,IO2403-C-4500,IO2403-C-4500,74.0,0.0,0.0,0.0,1,69.4,71.4,9,74.0,69.2,0.0,0.0,0.0,0.0,266
2023-05-10 09:53:34,IO2403-C-4500,IO2403-C-4500,74.0,0.0,0.0,0.0,1,69.4,71.2,6,74.0,69.2,0.0,0.0,0.0,0.0,266
2023-05-10 09:53:36,IO2403-C-4500,IO2403-C-4500,74.0,0.0,0.0,0.0,1,69.4,71.4,6,74.0,69.2,0.0,0.0,0.0,0.0,266
2023-05-10 09:53:37,IO2403-C-4500,IO2403-C-4500,74.0,0.0,0.0,0.0,1,69.4,71.4,9,74.0,69.2,0.0,0.0,0.0,0.0,266
2023-05-10 09:53:37,IO2403-C-4500,IO2403-C-4500,74.0,0.0,0.0,0.0,1,69.4,71.2,6,74.0,69.2,0.0,0.0,0.0,0.0,266
2023-05-10 09:53:39,IO2403-C-4500,IO2403-C-4500,74.0,0.0,0.0,0.0,1,69.4,71.4,9,74.0,69.2,0.0,0.0,0.0,0.0,266
2023-05-10 09:53:40,IO2403-C-4500,IO2403-C-4500,74.0,0.0,0.0,0.0,1,69.4,71.2,6,74.0,69.2,0.0,0.0,0.0,0.0,266
2023-05-10 09:53:43,IO2403-C-4500,IO2403-C-4500,74.0,0.0,0.0,0.0,1,69.4,71.4,6,74.0,69.2,0.0,0.0,0.0,0.0,266
2023-05-10 09:53:44,IO2403-C-4500,IO2403-C-4500,74.0,0.0,0.0,0.0,1,69.4,71.4,9,74.0,69.2,0.0,0.0,0.0,0.0,266
2023-05-10 09:53:45,IO2403-C-4500,IO2403-C-4500,74.0,0.0,0.0,0.0,1,69.4,71.2,6,74.0,69.2,0.0,0.0,0.0,0.0,266
2023-05-10 09:53:48,IO2403-C-4500,IO2403-C-4500,74.0,0.0,0.0,0.0,1,69.4,71.4,6,74.0,69.2,0.0,0.0,0.0,0.0,266
2023-05-10 09:53:49,IO2403-C-4500,IO2403-C-4500,74.0,0.0,0.0,0.0,1,69.4,71.4,9,74.0,69.2,0.0,0.0,0.0,0.0,266
2023-05-10 09:53:49,IO2403-C-4500,IO2403-C-4500,74.0,0.0,0.0,0.0,1,69.4,71.2,6,74.0,69.2,0.0,0.0,0.0,0.0,266
2023-05-10 09:53:51,IO2403-C-4500,IO2403-C-4500,74.0,0.0,0.0,0.0,1,69.4,71.4,9,74.0,69.2,0.0,0.0,0.0,0.0,266
2023-05-10 09:53:51,IO2403-C-4500,IO2403-C-4500,74.0,0.0,0.0,0.0,1,69.4,71.2,6,74.0,69.2,0.0,0.0,0.0,0.0,266
2023-05-10 09:53:53,IO2403-C-4500,IO2403-C-4500,74.0,0.0,0.0,0.0,1,69.4,71.4,9,74.0,69.2,0.0,0.0,0.0,0.0,266
2023-05-10 09:53:53,IO2403-C-4500,IO2403-C-4500,74.0,0.0,0.0,0.0,1,69.4,71.2,6,74.0,69.2,0.0,0.0,0.0,0.0,266
2023-05-10 09:53:54,IO2403-C-4500,IO2403-C-4500,74.0,0.0,0.0,0.0,1,69.4,71.4,6,74.0,69.2,0.0,0.0,0.0,0.0,266
2023-05-10 09:53:56,IO2403-C-4500,IO2403-C-4500,74.0,0.0,0.0,0.0,1,69.4,71.4,9,74.0,69.2,0.0,0.0,0.0,0.0,266
2023-05-10 09:53:57,IO2403-C-4500,IO2403-C-4500,74.0,0.0,0.0,0.0,1,69.4,71.2,6,74.0,69.2,0.0,0.0,0.0,0.0,266
2023-05-10 09:53:58,IO2403-C-4500,IO2403-C-4500,74.0,0.0,0.0,0.0,1,69.4,71.4,6,74.0,69.2,0.0,0.0,0.0,0.0,266
2023-05-10 09:54:00,IO2403-C-4500,IO2403-C-4500,74.0,0.0,0.0,0.0,1,69.4,71.4,9,74.0,69.2,0.0,0.0,0.0,0.0,266
2023-05-10 09:54:01,IO2403-C-4500,IO2403-C-4500,74.0,0.0,0.0,0.0,1,69.4,71.2,6,74.0,69.2,0.0,0.0,0.0,0.0,266
2023-05-10 09:54:01,IO2403-C-4500,IO2403-C-4500,74.0,0.0,0.0,0.0,1,69.4,71.6,6,74.0,69.2,0.0,0.0,0.0,0.0,266
2023-05-10 09:54:02,IO2403-C-4500,IO2403-C-4500,74.0,0.0,0.0,0.0,1,69.4,71.6,9,74.0,69.2,0.0,0.0,0.0,0.0,266
2023-05-10 09:54:02,IO2403-C-4500,IO2403-C-4500,74.0,0.0,0.0,0.0,1,69.4,71.4,6,74.0,69.2,0.0,0.0,0.0,0.0,266
2023-05-10 09:54:05,IO2403-C-4500,IO2403-C-4500,74.0,0.0,0.0,0.0,1,69.4,71.4,9,74.0,69.2,0.0,0.0,0.0,0.0,266
2023-05-10 09:54:06,IO2403-C-4500,IO2403-C-4500,74.0,0.0,0.0,0.0,1,69.4,71.2,6,74.0,69.2,0.0,0.0,0.0,0.0,266
2023-05-10 09:54:08,IO2403-C-4500,IO2403-C-4500,74.0,0.0,0.0,0.0,1,69.4,71.4,9,74.0,69.2,0.0,0.0,0.0,0.0,266
2023-05-10 09:54:09,IO2403-C-4500,IO2403-C-4500,74.0,0.0,0.0,0.0,1,69.4,71.2,6,74.0,69.2,0.0,0.0,0.0,0.0,266
2023-05-10 09:54:10,IO2403-C-4500,IO2403-C-4500,74.0,0.0,0.0,0.0,1,69.4,71.4,6,74.0,69.2,0.0,0.0,0.0,0.0,266
2023-05-10 09:54:12,IO2403-C-4500,IO2403-C-4500,74.0,0.0,0.0,0.0,1,69.4,71.4,9,74.0,69.2,0.0,0.0,0.0,0.0,266
2023-05-10 09:54:12,IO2403-C-4500,IO2403-C-4500,74.0,0.0,0.0,0.0,1,69.4,71.2,6,74.0,69.2,0.0,0.0,0.0,0.0,266
2023-05-10 09:54:14,IO2403-C-4500,IO2403-C-4500,74.0,0.0,0.0,0.0,1,69.4,71.4,6,74.0,69.2,0.0,0.0,0.0,0.0,266
2023-05-10 09:54:16,IO2403-C-4500,IO2403-C-4500,74.0,0.0,0.0,0.0,1,69.4,71.4,9,74.0,69.2,0.0,0.0,0.0,0.0,266
2023-05-10 09:54:17,IO2403-C-4500,IO2403-C-4500,74.0,0.0,0.0,0.0,1,69.4,71.2,6,74.0,69.2,0.0,0.0,0.0,0.0,266
2023-05-10 09:54:18,IO2403-C-4500,IO2403-C-4500,74.0,0.0,0.0,0.0,1,69.4,71.4,9,74.0,69.2,0.0,0.0,0.0,0.0,266
2023-05-10 09:54:18,IO2403-C-4500,IO2403-C-4500,74.0,0.0,0.0,0.0,1,69.4,71.2,6,74.0,69.2,0.0,0.0,0.0,0.0,266
2023-05-10 09:54:19,IO2403-C-4500,IO2403-C-4500,74.0,0.0,0.0,0.0,1,69.4,71.4,6,74.0,69.2,0.0,0.0,0.0,0.0,266
2023-05-10 09:54:27,IO2403-C-4500,IO2403-C-4500,74.0,0.0,0.0,0.0,1,69.4,71.4,9,74.0,69.2,0.0,0.0,0.0,0.0,266
2023-05-10 09:54:27,IO2403-C-4500,IO2403-C-4500,74.0,0.0,0.0,0.0,1,69.4,71.2,6,74.0,69.2,0.0,0.0,0.0,0.0,266
2023-05-10 09:54:29,IO2403-C-4500,IO2403-C-4500,74.0,0.0,0.0,0.0,1,69.4,71.4,6,74.0,69.2,0.0,0.0,0.0,0.0,266
2023-05-10 09:54:34,IO2403-C-4500,IO2403-C-4500,74.0,0.0,0.0,0.0,1,69.4,71.4,9,74.0,69.2,0.0,0.0,0.0,0.0,266
2023-05-10 09:54:34,IO2403-C-4500,IO2403-C-4500,74.0,0.0,0.0,0.0,1,69.4,71.2,6,74.0,69.2,0.0,0.0,0.0,0.0,266
2023-05-10 09:54:40,IO2403-C-4500,IO2403-C-4500,74.0,0.0,0.0,0.0,1,69.4,71.2,9,74.0,69.2,0.0,0.0,0.0,0.0,266
2023-05-10 09:54:41,IO2403-C-4500,IO2403-C-4500,74.0,0.0,0.0,0.0,1,69.4,71.0,6,74.0,69.2,0.0,0.0,0.0,0.0,266
2023-05-10 09:54:45,IO2403-C-4500,IO2403-C-4500,74.0,0.0,0.0,0.0,1,69.4,71.2,9,74.0,69.2,0.0,0.0,0.0,0.0,266
2023-05-10 09:54:45,IO2403-C-4500,IO2403-C-4500,74.0,0.0,0.0,0.0,1,69.4,71.0,6,74.0,69.2,0.0,0.0,0.0,0.0,266
2023-05-10 09:54:46,IO2403-C-4500,IO2403-C-4500,74.0,0.0,0.0,0.0,1,69.4,71.6,6,74.0,69.2,0.0,0.0,0.0,0.0,266
2023-05-10 09:54:47,IO2403-C-4500,IO2403-C-4500,74.0,0.0,0.0,0.0,1,69.4,71.6,9,74.0,69.2,0.0,0.0,0.0,0.0,266
2023-05-10 09:54:47,IO2403-C-4500,IO2403-C-4500,74.0,0.0,0.0,0.0,1,69.4,71.4,6,74.0,69.2,0.0,0.0,0.0,0.0,266
2023-05-10 09:54:48,IO2403-C-4500,IO2403-C-4500,74.0,0.0,0.0,0.0,1,69.4,71.4,9,74.0,69.2,0.0,0.0,0.0,0.0,266
2023-05-10 09:54:48,IO2403-C-4500,IO2403-C-4500,74.0,0.0,0.0,0.0,1,69.4,71.2,6,74.0,69.2,0.0,0.0,0.0,0.0,266
2023-05-10 09:54:58,IO2403-C-4500,IO2403-C-4500,74.0,0.0,0.0,0.0,1,69.4,71.4,9,74.0,69.2,0.0,0.0,0.0,0.0,266
2023-05-10 09:54:58,IO2403-C-4500,IO2403-C-4500,74.0,0.0,0.0,0.0,1,69.4,71.2,6,74.0,69.2,0.0,0.0,0.0,0.0,266
2023-05-10 09:54:59,IO2403-C-4500,IO2403-C-4500,74.0,0.0,0.0,0.0,1,69.4,71.2,9,74.0,69.2,0.0,0.0,0.0,0.0,266
2023-05-10 09:54:59,IO2403-C-4500,IO2403-C-4500,74.0,0.0,0.0,0.0,1,69.4,71.0,6,74.0,69.2,0.0,0.0,0.0,0.0,266
2023-05-10 09:55:00,IO2403-C-4500,IO2403-C-4500,74.0,0.0,0.0,0.0,1,69.4,71.2,6,74.0,69.2,0.0,0.0,0.0,0.0,266
2023-05-10 09:55:02,IO2403-C-4500,IO2403-C-4500,74.0,0.0,0.0,0.0,1,69.4,71.2,9,74.0,69.2,0.0,0.0,0.0,0.0,266
2023-05-10 09:55:03,IO2403-C-4500,IO2403-C-4500,74.0,0.0,0.0,0.0,1,69.4,71.0,6,74.0,69.2,0.0,0.0,0.0,0.0,266
2023-05-10 09:55:04,IO2403-C-4500,IO2403-C-4500,74.0,0.0,0.0,0.0,6,69.0,71.0,6,74.0,69.2,0.0,0.0,0.0,0.0,266
2023-05-10 09:55:05,IO2403-C-4500,IO2403-C-4500,74.0,0.0,0.0,0.0,6,68.8,71.0,6,74.0,69.2,0.0,0.0,0.0,0.0,266
2023-05-10 09:55:05,IO2403-C-4500,IO2403-C-4500,74.0,0.0,0.0,0.0,24,68.6,71.0,6,74.0,69.2,0.0,0.0,0.0,0.0,266
2023-05-10 09:55:06,IO2403-C-4500,IO2403-C-4500,74.0,0.0,0.0,0.0,12,68.6,71.0,12,74.0,69.2,0.0,0.0,0.0,0.0,266
2023-05-10 09:55:06,IO2403-C-4500,IO2403-C-4500,74.0,0.0,0.0,0.0,7,68.4,70.8,6,74.0,69.2,0.0,0.0,0.0,0.0,266
2023-05-10 09:55:07,IO2403-C-4500,IO2403-C-4500,74.0,0.0,0.0,0.0,1,68.4,70.8,6,74.0,69.2,0.0,0.0,0.0,0.0,266
2023-05-10 09:55:10,IO2403-C-4500,IO2403-C-4500,74.0,0.0,0.0,0.0,4,68.4,70.8,6,74.0,69.2,0.0,0.0,0.0,0.0,266
2023-05-10 09:55:11,IO2403-C-4500,IO2403-C-4500,74.0,0.0,0.0,0.0,1,68.4,70.8,6,74.0,69.2,0.0,0.0,0.0,0.0,266
2023-05-10 09:55:13,IO2403-C-4500,IO2403-C-4500,74.0,0.0,0.0,0.0,6,68.6,71.0,15,74.0,69.2,0.0,0.0,0.0,0.0,266
2023-05-10 09:55:16,IO2403-C-4500,IO2403-C-4500,74.0,0.0,0.0,0.0,6,68.6,71.0,9,74.0,69.2,0.0,0.0,0.0,0.0,266
2023-05-10 09:55:17,IO2403-C-4500,IO2403-C-4500,74.0,0.0,0.0,0.0,6,68.6,71.0,6,74.0,69.2,0.0,0.0,0.0,0.0,266
2023-05-10 09:55:32,IO2403-C-4500,IO2403-C-4500,74.0,0.0,0.0,0.0,6,68.6,71.0,9,74.0,69.2,0.0,0.0,0.0,0.0,266
2023-05-10 09:55:41,IO2403-C-4500,IO2403-C-4500,74.0,0.0,0.0,0.0,6,68.6,71.0,6,74.0,69.2,0.0,0.0,0.0,0.0,266
2023-05-10 09:55:42,IO2403-C-4500,IO2403-C-4500,74.0,0.0,0.0,0.0,6,68.6,71.0,9,74.0,69.2,0.0,0.0,0.0,0.0,266
2023-05-10 09:56:02,IO2403-C-4500,IO2403-C-4500,74.0,0.0,0.0,0.0,6,68.6,71.0,6,74.0,69.2,0.0,0.0,0.0,0.0,266
2023-05-10 09:56:05,IO2403-C-4500,IO2403-C-4500,74.0,0.0,0.0,0.0,6,68.6,71.0,9,74.0,69.2,0.0,0.0,0.0,0.0,266
2023-05-10 09:56:06,IO2403-C-4500,IO2403-C-4500,74.0,0.0,0.0,0.0,6,68.6,71.0,6,74.0,69.2,0.0,0.0,0.0,0.0,266
2023-05-10 09:56:10,IO2403-C-4500,IO2403-C-4500,74.0,0.0,0.0,0.0,6,68.6,71.0,9,74.0,69.2,0.0,0.0,0.0,0.0,266
2023-05-10 09:56:12,IO2403-C-4500,IO2403-C-4500,74.0,0.0,0.0,0.0,6,68.6,71.0,6,74.0,69.2,0.0,0.0,0.0,0.0,266
2023-05-10 09:56:13,IO2403-C-4500,IO2403-C-4500,74.0,0.0,0.0,0.0,6,68.6,71.0,9,74.0,69.2,0.0,0.0,0.0,0.0,266
2023-05-10 09:56:16,IO2403-C-4500,IO2403-C-4500,74.0,0.0,0.0,0.0,6,68.6,71.0,6,74.0,69.2,0.0,0.0,0.0,0.0,266
2023-05-10 09:56:18,IO2403-C-4500,IO2403-C-4500,74.0,0.0,0.0,0.0,6,68.6,71.0,9,74.0,69.2,0.0,0.0,0.0,0.0,266
2023-05-10 09:56:20,IO2403-C-4500,IO2403-C-4500,74.0,0.0,0.0,0.0,6,68.6,71.0,6,74.0,69.2,0.0,0.0,0.0,0.0,266
2023-05-10 09:56:41,IO2403-C-4500,IO2403-C-4500,74.0,0.0,0.0,0.0,6,68.6,71.2,12,74.0,69.2,0.0,0.0,0.0,0.0,266
2023-05-10 09:56:42,IO2403-C-4500,IO2403-C-4500,74.0,0.0,0.0,0.0,6,68.6,71.4,9,74.0,69.2,0.0,0.0,0.0,0.0,266
2023-05-10 09:56:42,IO2403-C-4500,IO2403-C-4500,74.0,0.0,0.0,0.0,6,68.6,71.4,3,74.0,69.2,0.0,0.0,0.0,0.0,266
2023-05-10 09:56:43,IO2403-C-4500,IO2403-C-4500,74.0,0.0,0.0,0.0,9,68.6,71.6,25,74.0,69.2,0.0,0.0,0.0,0.0,266
2023-05-10 09:56:43,IO2403-C-4500,IO2403-C-4500,74.0,0.0,0.0,0.0,6,68.8,71.6,7,74.0,69.2,0.0,0.0,0.0,0.0,266
2023-05-10 09:56:44,IO2403-C-4500,IO2403-C-4500,74.0,0.0,0.0,0.0,6,68.8,71.6,4,74.0,69.2,0.0,0.0,0.0,0.0,266
2023-05-10 09:56:44,IO2403-C-4500,IO2403-C-4500,74.0,0.0,0.0,0.0,6,68.8,71.6,1,74.0,69.2,0.0,0.0,0.0,0.0,266
2023-05-10 09:56:45,IO2403-C-4500,IO2403-C-4500,74.0,0.0,0.0,0.0,9,68.8,71.6,1,74.0,69.2,0.0,0.0,0.0,0.0,266
2023-05-10 09:56:45,IO2403-C-4500,IO2403-C-4500,74.0,0.0,0.0,0.0,6,69.0,71.6,7,74.0,69.2,0.0,0.0,0.0,0.0,266
2023-05-10 09:56:46,IO2403-C-4500,IO2403-C-4500,74.0,0.0,0.0,0.0,6,69.0,71.4,3,74.0,69.2,0.0,0.0,0.0,0.0,266
2023-05-10 09:56:46,IO2403-C-4500,IO2403-C-4500,74.0,0.0,0.0,0.0,9,68.6,71.4,3,74.0,69.2,0.0,0.0,0.0,0.0,266
2023-05-10 09:56:47,IO2403-C-4500,IO2403-C-4500,74.0,0.0,0.0,0.0,6,68.8,71.6,1,74.0,69.2,0.0,0.0,0.0,0.0,266
2023-05-10 09:56:47,IO2403-C-4500,IO2403-C-4500,74.0,0.0,0.0,0.0,9,68.8,71.6,1,74.0,69.2,0.0,0.0,0.0,0.0,266
2023-05-10 09:56:48,IO2403-C-4500,IO2403-C-4500,74.0,0.0,0.0,0.0,6,69.0,71.6,7,74.0,69.2,0.0,0.0,0.0,0.0,266
2023-05-10 09:56:48,IO2403-C-4500,IO2403-C-4500,74.0,0.0,0.0,0.0,6,69.0,71.6,10,74.0,69.2,0.0,0.0,0.0,0.0,266
2023-05-10 09:56:49,IO2403-C-4500,IO2403-C-4500,74.0,0.0,0.0,0.0,6,68.8,71.6,4,74.0,69.2,0.0,0.0,0.0,0.0,266
2023-05-10 09:56:49,IO2403-C-4500,IO2403-C-4500,74.0,0.0,0.0,0.0,9,68.8,71.6,1,74.0,69.2,0.0,0.0,0.0,0.0,266
2023-05-10 09:56:50,IO2403-C-4500,IO2403-C-4500,74.0,0.0,0.0,0.0,6,69.0,71.6,7,74.0,69.2,0.0,0.0,0.0,0.0,266
2023-05-10 09:56:50,IO2403-C-4500,IO2403-C-4500,74.0,0.0,0.0,0.0,6,69.0,71.6,10,74.0,69.2,0.0,0.0,0.0,0.0,266
2023-05-10 09:56:51,IO2403-C-4500,IO2403-C-4500,74.0,0.0,0.0,0.0,6,69.0,71.6,7,74.0,69.2,0.0,0.0,0.0,0.0,266
2023-05-10 09:56:51,IO2403-C-4500,IO2403-C-4500,74.0,0.0,0.0,0.0,6,68.8,71.6,1,74.0,69.2,0.0,0.0,0.0,0.0,266
2023-05-10 09:56:52,IO2403-C-4500,IO2403-C-4500,74.0,0.0,0.0,0.0,9,68.8,71.6,1,74.0,69.2,0.0,0.0,0.0,0.0,266
2023-05-10 09:56:52,IO2403-C-4500,IO2403-C-4500,74.0,0.0,0.0,0.0,6,69.0,71.6,7,74.0,69.2,0.0,0.0,0.0,0.0,266
2023-05-10 09:56:53,IO2403-C-4500,IO2403-C-4500,74.0,0.0,0.0,0.0,6,69.0,71.6,10,74.0,69.2,0.0,0.0,0.0,0.0,266
2023-05-10 09:56:53,IO2403-C-4500,IO2403-C-4500,74.0,0.0,0.0,0.0,6,68.8,71.6,4,74.0,69.2,0.0,0.0,0.0,0.0,266
