time,symbol_id,symbol_name,last,trade_volume,trade_amount,open_interest_change,bv1,bp1,ap1,av1,yesterday_close,today_open,today_high,today_low,volume,amount,open_interest
2023-05-10 20:59:00,cu2311P56000,cu2311P56000,560.0,0.0,0.0,0.0,5,100.0,998.0,1,560.0,660.0,0.0,0.0,0.0,0.0,103
2023-05-10 21:00:12,cu2311P56000,cu2311P56000,560.0,0.0,0.0,0.0,2,102.0,996.0,2,560.0,660.0,0.0,0.0,0.0,0.0,103
2023-05-10 21:02:59,cu2311P56000,cu2311P56000,560.0,0.0,0.0,0.0,1,104.0,996.0,2,560.0,660.0,0.0,0.0,0.0,0.0,103
2023-05-10 21:03:00,cu2311P56000,cu2311P56000,560.0,0.0,0.0,0.0,1,104.0,996.0,2,560.0,660.0,0.0,0.0,0.0,0.0,103
2023-05-10 21:03:00,cu2311P56000,cu2311P56000,560.0,0.0,0.0,0.0,2,106.0,996.0,2,560.0,660.0,0.0,0.0,0.0,0.0,103
2023-05-10 21:08:34,cu2311P56000,cu2311P56000,560.0,0.0,0.0,0.0,2,106.0,996.0,2,560.0,660.0,0.0,0.0,0.0,0.0,103
2023-05-10 21:08:35,cu2311P56000,cu2311P56000,560.0,0.0,0.0,0.0,2,106.0,996.0,2,560.0,660.0,0.0,0.0,0.0,0.0,103
2023-05-10 21:08:38,cu2311P56000,cu2311P56000,560.0,0.0,0.0,0.0,1,564.0,588.0,1,560.0,660.0,0.0,0.0,0.0,0.0,103
2023-05-10 21:08:39,cu2311P56000,cu2311P56000,560.0,0.0,0.0,0.0,1,564.0,588.0,1,560.0,660.0,0.0,0.0,0.0,0.0,103
2023-05-10 21:08:39,cu2311P56000,cu2311P56000,560.0,0.0,0.0,0.0,1,566.0,588.0,1,560.0,660.0,0.0,0.0,0.0,0.0,103
2023-05-10 21:08:46,cu2311P56000,cu2311P56000,560.0,0.0,0.0,0.0,1,566.0,588.0,1,560.0,660.0,0.0,0.0,0.0,0.0,103
2023-05-10 21:08:49,cu2311P56000,cu2311P56000,560.0,0.0,0.0,0.0,1,566.0,590.0,1,560.0,660.0,0.0,0.0,0.0,0.0,103
2023-05-10 21:08:50,cu2311P56000,cu2311P56000,560.0,0.0,0.0,0.0,1,562.0,590.0,1,560.0,660.0,0.0,0.0,0.0,0.0,103
2023-05-10 21:08:50,cu2311P56000,cu2311P56000,560.0,0.0,0.0,0.0,1,104.0,998.0,1,560.0,660.0,0.0,0.0,0.0,0.0,103
2023-05-10 21:08:51,cu2311P56000,cu2311P56000,560.0,0.0,0.0,0.0,2,106.0,996.0,2,560.0,660.0,0.0,0.0,0.0,0.0,103
2023-05-10 21:10:33,cu2311P56000,cu2311P56000,560.0,0.0,0.0,0.0,2,106.0,900.0,1,560.0,660.0,0.0,0.0,0.0,0.0,103
2023-05-10 21:10:33,cu2311P56000,cu2311P56000,560.0,0.0,0.0,0.0,2,106.0,900.0,1,560.0,660.0,0.0,0.0,0.0,0.0,103
2023-05-10 21:10:34,cu2311P56000,cu2311P56000,560.0,0.0,0.0,0.0,2,106.0,898.0,2,560.0,660.0,0.0,0.0,0.0,0.0,103
2023-05-10 21:11:57,cu2311P56000,cu2311P56000,560.0,0.0,0.0,0.0,2,106.0,898.0,2,560.0,660.0,0.0,0.0,0.0,0.0,103
2023-05-10 21:11:59,cu2311P56000,cu2311P56000,560.0,0.0,0.0,0.0,1,566.0,590.0,1,560.0,660.0,0.0,0.0,0.0,0.0,103
2023-05-10 21:11:59,cu2311P56000,cu2311P56000,560.0,0.0,0.0,0.0,1,566.0,590.0,1,560.0,660.0,0.0,0.0,0.0,0.0,103
2023-05-10 21:12:00,cu2311P56000,cu2311P56000,560.0,0.0,0.0,0.0,1,566.0,590.0,2,560.0,660.0,0.0,0.0,0.0,0.0,103
2023-05-10 21:12:02,cu2311P56000,cu2311P56000,560.0,0.0,0.0,0.0,1,568.0,590.0,2,560.0,660.0,0.0,0.0,0.0,0.0,103
2023-05-10 21:12:02,cu2311P56000,cu2311P56000,560.0,0.0,0.0,0.0,2,568.0,590.0,3,560.0,660.0,0.0,0.0,0.0,0.0,103
2023-05-10 21:12:03,cu2311P56000,cu2311P56000,560.0,0.0,0.0,0.0,2,568.0,590.0,3,560.0,660.0,0.0,0.0,0.0,0.0,103
2023-05-10 21:12:04,cu2311P56000,cu2311P56000,560.0,0.0,0.0,0.0,2,568.0,590.0,4,560.0,660.0,0.0,0.0,0.0,0.0,103
2023-05-10 21:12:09,cu2311P56000,cu2311P56000,560.0,0.0,0.0,0.0,2,568.0,590.0,4,560.0,660.0,0.0,0.0,0.0,0.0,103
2023-05-10 21:12:10,cu2311P56000,cu2311P56000,560.0,0.0,0.0,0.0,2,568.0,590.0,3,560.0,660.0,0.0,0.0,0.0,0.0,103
2023-05-10 21:12:11,cu2311P56000,cu2311P56000,560.0,0.0,0.0,0.0,2,568.0,590.0,2,560.0,660.0,0.0,0.0,0.0,0.0,103
2023-05-10 21:12:11,cu2311P56000,cu2311P56000,560.0,0.0,0.0,0.0,2,568.0,590.0,2,560.0,660.0,0.0,0.0,0.0,0.0,103
2023-05-10 21:12:12,cu2311P56000,cu2311P56000,560.0,0.0,0.0,0.0,1,566.0,590.0,1,560.0,660.0,0.0,0.0,0.0,0.0,103
2023-05-10 21:12:14,cu2311P56000,cu2311P56000,560.0,0.0,0.0,0.0,1,518.0,590.0,1,560.0,660.0,0.0,0.0,0.0,0.0,103
2023-05-10 21:12:15,cu2311P56000,cu2311P56000,560.0,0.0,0.0,0.0,1,104.0,900.0,1,560.0,660.0,0.0,0.0,0.0,0.0,103
2023-05-10 21:12:15,cu2311P56000,cu2311P56000,560.0,0.0,0.0,0.0,2,106.0,898.0,2,560.0,660.0,0.0,0.0,0.0,0.0,103
2023-05-10 21:33:12,cu2311P56000,cu2311P56000,560.0,0.0,0.0,0.0,1,108.0,898.0,2,560.0,660.0,0.0,0.0,0.0,0.0,103
2023-05-10 21:33:13,cu2311P56000,cu2311P56000,560.0,0.0,0.0,0.0,1,108.0,898.0,2,560.0,660.0,0.0,0.0,0.0,0.0,103
2023-05-10 21:33:13,cu2311P56000,cu2311P56000,560.0,0.0,0.0,0.0,2,110.0,898.0,2,560.0,660.0,0.0,0.0,0.0,0.0,103
2023-05-10 22:00:32,cu2311P56000,cu2311P56000,560.0,0.0,0.0,0.0,2,110.0,898.0,2,560.0,660.0,0.0,0.0,0.0,0.0,103
2023-05-10 22:01:09,cu2311P56000,cu2311P56000,560.0,0.0,0.0,0.0,1,108.0,900.0,1,560.0,660.0,0.0,0.0,0.0,0.0,103
2023-05-10 22:02:37,cu2311P56000,cu2311P56000,560.0,0.0,0.0,0.0,2,110.0,898.0,2,560.0,660.0,0.0,0.0,0.0,0.0,103
2023-05-10 22:05:56,cu2311P56000,cu2311P56000,560.0,0.0,0.0,0.0,1,112.0,898.0,2,560.0,660.0,0.0,0.0,0.0,0.0,103
2023-05-10 22:05:57,cu2311P56000,cu2311P56000,560.0,0.0,0.0,0.0,1,112.0,898.0,2,560.0,660.0,0.0,0.0,0.0,0.0,103
2023-05-10 22:05:57,cu2311P56000,cu2311P56000,560.0,0.0,0.0,0.0,2,114.0,898.0,2,560.0,660.0,0.0,0.0,0.0,0.0,103
2023-05-10 22:25:44,cu2311P56000,cu2311P56000,560.0,0.0,0.0,0.0,2,114.0,898.0,2,560.0,660.0,0.0,0.0,0.0,0.0,103
2023-05-10 22:40:22,cu2311P56000,cu2311P56000,560.0,0.0,0.0,0.0,1,116.0,898.0,2,560.0,660.0,0.0,0.0,0.0,0.0,103
2023-05-10 22:40:22,cu2311P56000,cu2311P56000,560.0,0.0,0.0,0.0,1,116.0,898.0,2,560.0,660.0,0.0,0.0,0.0,0.0,103
2023-05-10 22:40:23,cu2311P56000,cu2311P56000,560.0,0.0,0.0,0.0,2,118.0,898.0,2,560.0,660.0,0.0,0.0,0.0,0.0,103
2023-05-10 22:49:11,cu2311P56000,cu2311P56000,560.0,0.0,0.0,0.0,2,118.0,898.0,2,560.0,660.0,0.0,0.0,0.0,0.0,103
2023-05-10 22:57:03,cu2311P56000,cu2311P56000,560.0,0.0,0.0,0.0,1,116.0,900.0,1,560.0,660.0,0.0,0.0,0.0,0.0,103
2023-05-10 23:00:07,cu2311P56000,cu2311P56000,560.0,0.0,0.0,0.0,2,118.0,898.0,2,560.0,660.0,0.0,0.0,0.0,0.0,103
2023-05-10 23:10:23,cu2311P56000,cu2311P56000,560.0,0.0,0.0,0.0,1,120.0,898.0,2,560.0,660.0,0.0,0.0,0.0,0.0,103
2023-05-10 23:10:23,cu2311P56000,cu2311P56000,560.0,0.0,0.0,0.0,1,120.0,898.0,2,560.0,660.0,0.0,0.0,0.0,0.0,103
2023-05-10 23:10:24,cu2311P56000,cu2311P56000,560.0,0.0,0.0,0.0,2,122.0,898.0,2,560.0,660.0,0.0,0.0,0.0,0.0,103
2023-05-10 23:17:52,cu2311P56000,cu2311P56000,560.0,0.0,0.0,0.0,2,122.0,800.0,1,560.0,660.0,0.0,0.0,0.0,0.0,103
2023-05-10 23:17:53,cu2311P56000,cu2311P56000,560.0,0.0,0.0,0.0,2,122.0,800.0,1,560.0,660.0,0.0,0.0,0.0,0.0,103
2023-05-10 23:17:53,cu2311P56000,cu2311P56000,560.0,0.0,0.0,0.0,2,122.0,798.0,2,560.0,660.0,0.0,0.0,0.0,0.0,103
2023-05-10 23:18:39,cu2311P56000,cu2311P56000,560.0,0.0,0.0,0.0,1,646.0,684.0,1,560.0,660.0,0.0,0.0,0.0,0.0,103
2023-05-10 23:18:40,cu2311P56000,cu2311P56000,560.0,0.0,0.0,0.0,1,646.0,684.0,1,560.0,660.0,0.0,0.0,0.0,0.0,103
2023-05-10 23:18:41,cu2311P56000,cu2311P56000,560.0,0.0,0.0,0.0,1,672.0,684.0,1,560.0,660.0,0.0,0.0,0.0,0.0,103
2023-05-10 23:18:42,cu2311P56000,cu2311P56000,560.0,0.0,0.0,0.0,1,672.0,684.0,1,560.0,660.0,0.0,0.0,0.0,0.0,103
2023-05-10 23:18:44,cu2311P56000,cu2311P56000,560.0,0.0,0.0,0.0,1,672.0,684.0,1,560.0,660.0,0.0,0.0,0.0,0.0,103
2023-05-10 23:18:45,cu2311P56000,cu2311P56000,560.0,0.0,0.0,0.0,1,672.0,684.0,2,560.0,660.0,0.0,0.0,0.0,0.0,103
2023-05-10 23:18:45,cu2311P56000,cu2311P56000,560.0,0.0,0.0,0.0,1,672.0,684.0,3,560.0,660.0,0.0,0.0,0.0,0.0,103
2023-05-10 23:18:46,cu2311P56000,cu2311P56000,560.0,0.0,0.0,0.0,1,672.0,684.0,3,560.0,660.0,0.0,0.0,0.0,0.0,103
2023-05-10 23:18:47,cu2311P56000,cu2311P56000,560.0,0.0,0.0,0.0,1,672.0,684.0,3,560.0,660.0,0.0,0.0,0.0,0.0,103
2023-05-10 23:18:49,cu2311P56000,cu2311P56000,560.0,0.0,0.0,0.0,1,672.0,682.0,1,560.0,660.0,0.0,0.0,0.0,0.0,103
2023-05-10 23:18:51,cu2311P56000,cu2311P56000,560.0,0.0,0.0,0.0,1,672.0,682.0,1,560.0,660.0,0.0,0.0,0.0,0.0,103
2023-05-10 23:18:51,cu2311P56000,cu2311P56000,560.0,0.0,0.0,0.0,1,672.0,682.0,1,560.0,660.0,0.0,0.0,0.0,0.0,103
2023-05-10 23:18:52,cu2311P56000,cu2311P56000,560.0,0.0,0.0,0.0,4,670.0,682.0,1,560.0,660.0,0.0,0.0,0.0,0.0,103
2023-05-10 23:18:54,cu2311P56000,cu2311P56000,560.0,0.0,0.0,0.0,3,670.0,682.0,1,560.0,660.0,0.0,0.0,0.0,0.0,103
2023-05-10 23:18:55,cu2311P56000,cu2311P56000,560.0,0.0,0.0,0.0,2,670.0,682.0,1,560.0,660.0,0.0,0.0,0.0,0.0,103
2023-05-10 23:18:56,cu2311P56000,cu2311P56000,560.0,0.0,0.0,0.0,2,670.0,682.0,1,560.0,660.0,0.0,0.0,0.0,0.0,103
2023-05-10 23:18:56,cu2311P56000,cu2311P56000,560.0,0.0,0.0,0.0,2,670.0,682.0,1,560.0,660.0,0.0,0.0,0.0,0.0,103
2023-05-10 23:18:58,cu2311P56000,cu2311P56000,560.0,0.0,0.0,0.0,1,670.0,682.0,1,560.0,660.0,0.0,0.0,0.0,0.0,103
2023-05-10 23:19:00,cu2311P56000,cu2311P56000,560.0,0.0,0.0,0.0,1,666.0,684.0,1,560.0,660.0,0.0,0.0,0.0,0.0,103
2023-05-10 23:19:01,cu2311P56000,cu2311P56000,560.0,0.0,0.0,0.0,1,120.0,800.0,1,560.0,660.0,0.0,0.0,0.0,0.0,103
2023-05-10 23:19:02,cu2311P56000,cu2311P56000,560.0,0.0,0.0,0.0,2,122.0,798.0,2,560.0,660.0,0.0,0.0,0.0,0.0,103
2023-05-10 23:35:45,cu2311P56000,cu2311P56000,560.0,0.0,0.0,0.0,2,122.0,798.0,2,560.0,660.0,0.0,0.0,0.0,0.0,103
2023-05-10 23:37:25,cu2311P56000,cu2311P56000,560.0,0.0,0.0,0.0,1,648.0,686.0,1,560.0,660.0,0.0,0.0,0.0,0.0,103
2023-05-10 23:37:25,cu2311P56000,cu2311P56000,560.0,0.0,0.0,0.0,1,648.0,686.0,1,560.0,660.0,0.0,0.0,0.0,0.0,103
2023-05-10 23:37:28,cu2311P56000,cu2311P56000,560.0,0.0,0.0,0.0,1,650.0,686.0,1,560.0,660.0,0.0,0.0,0.0,0.0,103
2023-05-10 23:37:30,cu2311P56000,cu2311P56000,560.0,0.0,0.0,0.0,1,650.0,686.0,2,560.0,660.0,0.0,0.0,0.0,0.0,103
2023-05-10 23:37:31,cu2311P56000,cu2311P56000,560.0,0.0,0.0,0.0,2,650.0,686.0,3,560.0,660.0,0.0,0.0,0.0,0.0,103
2023-05-10 23:37:31,cu2311P56000,cu2311P56000,560.0,0.0,0.0,0.0,3,650.0,686.0,4,560.0,660.0,0.0,0.0,0.0,0.0,103
2023-05-10 23:37:32,cu2311P56000,cu2311P56000,560.0,0.0,0.0,0.0,3,650.0,686.0,4,560.0,660.0,0.0,0.0,0.0,0.0,103
2023-05-10 23:37:33,cu2311P56000,cu2311P56000,560.0,0.0,0.0,0.0,3,650.0,686.0,4,560.0,660.0,0.0,0.0,0.0,0.0,103
2023-05-10 23:37:33,cu2311P56000,cu2311P56000,560.0,0.0,0.0,0.0,3,650.0,686.0,4,560.0,660.0,0.0,0.0,0.0,0.0,103
2023-05-10 23:37:35,cu2311P56000,cu2311P56000,560.0,0.0,0.0,0.0,4,650.0,684.0,1,560.0,660.0,0.0,0.0,0.0,0.0,103
2023-05-10 23:37:37,cu2311P56000,cu2311P56000,560.0,0.0,0.0,0.0,1,652.0,684.0,1,560.0,660.0,0.0,0.0,0.0,0.0,103
2023-05-10 23:37:37,cu2311P56000,cu2311P56000,560.0,0.0,0.0,0.0,1,658.0,682.0,1,560.0,660.0,0.0,0.0,0.0,0.0,103
2023-05-10 23:37:39,cu2311P56000,cu2311P56000,560.0,0.0,0.0,0.0,1,658.0,682.0,1,560.0,660.0,0.0,0.0,0.0,0.0,103
2023-05-10 23:37:41,cu2311P56000,cu2311P56000,560.0,0.0,0.0,0.0,1,658.0,682.0,1,560.0,660.0,0.0,0.0,0.0,0.0,103
2023-05-10 23:37:43,cu2311P56000,cu2311P56000,560.0,0.0,0.0,0.0,1,658.0,682.0,1,560.0,660.0,0.0,0.0,0.0,0.0,103
2023-05-10 23:37:44,cu2311P56000,cu2311P56000,560.0,0.0,0.0,0.0,1,658.0,682.0,1,560.0,660.0,0.0,0.0,0.0,0.0,103
2023-05-10 23:37:44,cu2311P56000,cu2311P56000,560.0,0.0,0.0,0.0,1,658.0,682.0,1,560.0,660.0,0.0,0.0,0.0,0.0,103
2023-05-10 23:37:45,cu2311P56000,cu2311P56000,560.0,0.0,0.0,0.0,1,658.0,682.0,1,560.0,660.0,0.0,0.0,0.0,0.0,103
2023-05-10 23:37:46,cu2311P56000,cu2311P56000,560.0,0.0,0.0,0.0,1,658.0,682.0,1,560.0,660.0,0.0,0.0,0.0,0.0,103
2023-05-10 23:37:47,cu2311P56000,cu2311P56000,560.0,0.0,0.0,0.0,1,658.0,682.0,1,560.0,660.0,0.0,0.0,0.0,0.0,103
2023-05-10 23:37:48,cu2311P56000,cu2311P56000,560.0,0.0,0.0,0.0,1,120.0,800.0,1,560.0,660.0,0.0,0.0,0.0,0.0,103
2023-05-10 23:37:49,cu2311P56000,cu2311P56000,560.0,0.0,0.0,0.0,2,122.0,798.0,2,560.0,660.0,0.0,0.0,0.0,0.0,103
2023-05-10 23:40:23,cu2311P56000,cu2311P56000,560.0,0.0,0.0,0.0,1,124.0,798.0,2,560.0,660.0,0.0,0.0,0.0,0.0,103
2023-05-10 23:40:24,cu2311P56000,cu2311P56000,560.0,0.0,0.0,0.0,1,124.0,798.0,2,560.0,660.0,0.0,0.0,0.0,0.0,103
2023-05-10 23:40:24,cu2311P56000,cu2311P56000,560.0,0.0,0.0,0.0,2,126.0,798.0,2,560.0,660.0,0.0,0.0,0.0,0.0,103
2023-05-10 23:41:07,cu2311P56000,cu2311P56000,560.0,0.0,0.0,0.0,2,126.0,798.0,2,560.0,660.0,0.0,0.0,0.0,0.0,103
2023-05-10 23:52:19,cu2311P56000,cu2311P56000,560.0,0.0,0.0,0.0,1,648.0,686.0,1,560.0,660.0,0.0,0.0,0.0,0.0,103
2023-05-10 23:52:19,cu2311P56000,cu2311P56000,560.0,0.0,0.0,0.0,1,648.0,686.0,1,560.0,660.0,0.0,0.0,0.0,0.0,103
2023-05-10 23:52:22,cu2311P56000,cu2311P56000,560.0,0.0,0.0,0.0,1,650.0,686.0,1,560.0,660.0,0.0,0.0,0.0,0.0,103
2023-05-10 23:52:24,cu2311P56000,cu2311P56000,560.0,0.0,0.0,0.0,1,650.0,686.0,2,560.0,660.0,0.0,0.0,0.0,0.0,103
2023-05-10 23:52:25,cu2311P56000,cu2311P56000,560.0,0.0,0.0,0.0,2,650.0,686.0,3,560.0,660.0,0.0,0.0,0.0,0.0,103
2023-05-10 23:52:25,cu2311P56000,cu2311P56000,560.0,0.0,0.0,0.0,3,650.0,686.0,4,560.0,660.0,0.0,0.0,0.0,0.0,103
2023-05-10 23:52:26,cu2311P56000,cu2311P56000,560.0,0.0,0.0,0.0,1,660.0,684.0,1,560.0,660.0,0.0,0.0,0.0,0.0,103
2023-05-10 23:52:26,cu2311P56000,cu2311P56000,560.0,0.0,0.0,0.0,1,660.0,684.0,1,560.0,660.0,0.0,0.0,0.0,0.0,103
2023-05-10 23:52:27,cu2311P56000,cu2311P56000,560.0,0.0,0.0,0.0,1,660.0,684.0,1,560.0,660.0,0.0,0.0,0.0,0.0,103
2023-05-10 23:52:29,cu2311P56000,cu2311P56000,560.0,0.0,0.0,0.0,1,660.0,684.0,2,560.0,660.0,0.0,0.0,0.0,0.0,103
2023-05-10 23:52:31,cu2311P56000,cu2311P56000,560.0,0.0,0.0,0.0,1,662.0,684.0,2,560.0,660.0,0.0,0.0,0.0,0.0,103
2023-05-10 23:52:35,cu2311P56000,cu2311P56000,560.0,0.0,0.0,0.0,1,662.0,684.0,2,560.0,660.0,0.0,0.0,0.0,0.0,103
2023-05-10 23:52:37,cu2311P56000,cu2311P56000,560.0,0.0,0.0,0.0,1,662.0,684.0,1,560.0,660.0,0.0,0.0,0.0,0.0,103
2023-05-10 23:52:38,cu2311P56000,cu2311P56000,560.0,0.0,0.0,0.0,1,662.0,684.0,1,560.0,660.0,0.0,0.0,0.0,0.0,103
2023-05-10 23:52:39,cu2311P56000,cu2311P56000,560.0,0.0,0.0,0.0,1,662.0,684.0,1,560.0,660.0,0.0,0.0,0.0,0.0,103
2023-05-10 23:52:40,cu2311P56000,cu2311P56000,560.0,0.0,0.0,0.0,1,662.0,686.0,1,560.0,660.0,0.0,0.0,0.0,0.0,103
2023-05-10 23:52:41,cu2311P56000,cu2311P56000,560.0,0.0,0.0,0.0,1,124.0,800.0,1,560.0,660.0,0.0,0.0,0.0,0.0,103
2023-05-10 23:52:42,cu2311P56000,cu2311P56000,560.0,0.0,0.0,0.0,2,126.0,798.0,2,560.0,660.0,0.0,0.0,0.0,0.0,103
2023-05-11 00:10:25,cu2311P56000,cu2311P56000,560.0,0.0,0.0,0.0,1,128.0,798.0,2,560.0,660.0,0.0,0.0,0.0,0.0,103
2023-05-11 00:10:26,cu2311P56000,cu2311P56000,560.0,0.0,0.0,0.0,1,128.0,798.0,2,560.0,660.0,0.0,0.0,0.0,0.0,103
2023-05-11 00:10:26,cu2311P56000,cu2311P56000,560.0,0.0,0.0,0.0,2,130.0,798.0,2,560.0,660.0,0.0,0.0,0.0,0.0,103
2023-05-11 00:10:49,cu2311P56000,cu2311P56000,560.0,0.0,0.0,0.0,2,130.0,798.0,2,560.0,660.0,0.0,0.0,0.0,0.0,103
2023-05-11 00:23:06,cu2311P56000,cu2311P56000,560.0,0.0,0.0,0.0,1,646.0,684.0,1,560.0,660.0,0.0,0.0,0.0,0.0,103
2023-05-11 00:23:07,cu2311P56000,cu2311P56000,560.0,0.0,0.0,0.0,1,646.0,684.0,1,560.0,660.0,0.0,0.0,0.0,0.0,103
2023-05-11 00:23:12,cu2311P56000,cu2311P56000,560.0,0.0,0.0,0.0,1,646.0,684.0,2,560.0,660.0,0.0,0.0,0.0,0.0,103
2023-05-11 00:23:12,cu2311P56000,cu2311P56000,560.0,0.0,0.0,0.0,2,646.0,684.0,3,560.0,660.0,0.0,0.0,0.0,0.0,103
2023-05-11 00:23:13,cu2311P56000,cu2311P56000,560.0,0.0,0.0,0.0,2,646.0,684.0,3,560.0,660.0,0.0,0.0,0.0,0.0,103
2023-05-11 00:23:14,cu2311P56000,cu2311P56000,560.0,0.0,0.0,0.0,3,646.0,684.0,4,560.0,660.0,0.0,0.0,0.0,0.0,103
2023-05-11 00:23:14,cu2311P56000,cu2311P56000,560.0,0.0,0.0,0.0,3,646.0,684.0,4,560.0,660.0,0.0,0.0,0.0,0.0,103
2023-05-11 00:23:16,cu2311P56000,cu2311P56000,560.0,0.0,0.0,0.0,4,646.0,682.0,1,560.0,660.0,0.0,0.0,0.0,0.0,103
2023-05-11 00:23:18,cu2311P56000,cu2311P56000,560.0,0.0,0.0,0.0,1,648.0,682.0,1,560.0,660.0,0.0,0.0,0.0,0.0,103
2023-05-11 00:23:19,cu2311P56000,cu2311P56000,560.0,0.0,0.0,0.0,1,648.0,682.0,1,560.0,660.0,0.0,0.0,0.0,0.0,103
2023-05-11 00:23:20,cu2311P56000,cu2311P56000,560.0,0.0,0.0,0.0,1,666.0,682.0,1,560.0,660.0,0.0,0.0,0.0,0.0,103
2023-05-11 00:23:24,cu2311P56000,cu2311P56000,560.0,0.0,0.0,0.0,1,666.0,682.0,1,560.0,660.0,0.0,0.0,0.0,0.0,103
2023-05-11 00:23:24,cu2311P56000,cu2311P56000,560.0,0.0,0.0,0.0,1,666.0,682.0,1,560.0,660.0,0.0,0.0,0.0,0.0,103
2023-05-11 00:23:25,cu2311P56000,cu2311P56000,560.0,0.0,0.0,0.0,1,666.0,682.0,1,560.0,660.0,0.0,0.0,0.0,0.0,103
2023-05-11 00:23:27,cu2311P56000,cu2311P56000,560.0,0.0,0.0,0.0,1,666.0,682.0,1,560.0,660.0,0.0,0.0,0.0,0.0,103
2023-05-11 00:23:27,cu2311P56000,cu2311P56000,560.0,0.0,0.0,0.0,1,666.0,684.0,1,560.0,660.0,0.0,0.0,0.0,0.0,103
2023-05-11 00:23:29,cu2311P56000,cu2311P56000,560.0,0.0,0.0,0.0,1,666.0,692.0,1,560.0,660.0,0.0,0.0,0.0,0.0,103
2023-05-11 00:23:31,cu2311P56000,cu2311P56000,560.0,0.0,0.0,0.0,1,128.0,800.0,1,560.0,660.0,0.0,0.0,0.0,0.0,103
2023-05-11 00:23:32,cu2311P56000,cu2311P56000,560.0,0.0,0.0,0.0,2,130.0,798.0,2,560.0,660.0,0.0,0.0,0.0,0.0,103
2023-05-11 00:34:48,cu2311P56000,cu2311P56000,560.0,0.0,0.0,0.0,1,640.0,678.0,1,560.0,660.0,0.0,0.0,0.0,0.0,103
2023-05-11 00:34:49,cu2311P56000,cu2311P56000,560.0,0.0,0.0,0.0,1,640.0,678.0,1,560.0,660.0,0.0,0.0,0.0,0.0,103
2023-05-11 00:34:49,cu2311P56000,cu2311P56000,560.0,0.0,0.0,0.0,1,662.0,678.0,1,560.0,660.0,0.0,0.0,0.0,0.0,103
2023-05-11 00:34:50,cu2311P56000,cu2311P56000,560.0,0.0,0.0,0.0,1,662.0,678.0,1,560.0,660.0,0.0,0.0,0.0,0.0,103
2023-05-11 00:34:54,cu2311P56000,cu2311P56000,560.0,0.0,0.0,0.0,1,662.0,678.0,2,560.0,660.0,0.0,0.0,0.0,0.0,103
2023-05-11 00:34:54,cu2311P56000,cu2311P56000,560.0,0.0,0.0,0.0,1,662.0,678.0,2,560.0,660.0,0.0,0.0,0.0,0.0,103
2023-05-11 00:34:55,cu2311P56000,cu2311P56000,560.0,0.0,0.0,0.0,1,662.0,678.0,3,560.0,660.0,0.0,0.0,0.0,0.0,103
2023-05-11 00:34:55,cu2311P56000,cu2311P56000,560.0,0.0,0.0,0.0,1,662.0,678.0,3,560.0,660.0,0.0,0.0,0.0,0.0,103
2023-05-11 00:34:56,cu2311P56000,cu2311P56000,560.0,0.0,0.0,0.0,1,662.0,678.0,3,560.0,660.0,0.0,0.0,0.0,0.0,103
2023-05-11 00:34:58,cu2311P56000,cu2311P56000,560.0,0.0,0.0,0.0,1,662.0,676.0,1,560.0,660.0,0.0,0.0,0.0,0.0,103
2023-05-11 00:35:00,cu2311P56000,cu2311P56000,560.0,0.0,0.0,0.0,1,662.0,676.0,1,560.0,660.0,0.0,0.0,0.0,0.0,103
2023-05-11 00:35:01,cu2311P56000,cu2311P56000,560.0,0.0,0.0,0.0,1,662.0,676.0,1,560.0,660.0,0.0,0.0,0.0,0.0,103
2023-05-11 00:35:05,cu2311P56000,cu2311P56000,560.0,0.0,0.0,0.0,1,662.0,676.0,1,560.0,660.0,0.0,0.0,0.0,0.0,103
2023-05-11 00:35:06,cu2311P56000,cu2311P56000,560.0,0.0,0.0,0.0,1,662.0,676.0,1,560.0,660.0,0.0,0.0,0.0,0.0,103
2023-05-11 00:35:06,cu2311P56000,cu2311P56000,560.0,0.0,0.0,0.0,1,662.0,676.0,1,560.0,660.0,0.0,0.0,0.0,0.0,103
2023-05-11 00:35:07,cu2311P56000,cu2311P56000,560.0,0.0,0.0,0.0,1,662.0,676.0,1,560.0,660.0,0.0,0.0,0.0,0.0,103
2023-05-11 00:35:08,cu2311P56000,cu2311P56000,560.0,0.0,0.0,0.0,1,662.0,676.0,1,560.0,660.0,0.0,0.0,0.0,0.0,103
2023-05-11 00:35:09,cu2311P56000,cu2311P56000,560.0,0.0,0.0,0.0,1,662.0,676.0,1,560.0,660.0,0.0,0.0,0.0,0.0,103
2023-05-11 00:35:09,cu2311P56000,cu2311P56000,560.0,0.0,0.0,0.0,1,662.0,678.0,1,560.0,660.0,0.0,0.0,0.0,0.0,103
2023-05-11 00:35:11,cu2311P56000,cu2311P56000,560.0,0.0,0.0,0.0,1,128.0,800.0,1,560.0,660.0,0.0,0.0,0.0,0.0,103
2023-05-11 00:35:11,cu2311P56000,cu2311P56000,560.0,0.0,0.0,0.0,2,130.0,798.0,2,560.0,660.0,0.0,0.0,0.0,0.0,103
2023-05-11 00:40:39,cu2311P56000,cu2311P56000,560.0,0.0,0.0,0.0,1,132.0,798.0,2,560.0,660.0,0.0,0.0,0.0,0.0,103
2023-05-11 00:40:39,cu2311P56000,cu2311P56000,560.0,0.0,0.0,0.0,1,132.0,798.0,2,560.0,660.0,0.0,0.0,0.0,0.0,103
2023-05-11 00:40:40,cu2311P56000,cu2311P56000,560.0,0.0,0.0,0.0,2,134.0,798.0,2,560.0,660.0,0.0,0.0,0.0,0.0,103
2023-05-11 00:40:58,cu2311P56000,cu2311P56000,560.0,0.0,0.0,0.0,2,134.0,798.0,2,560.0,660.0,0.0,0.0,0.0,0.0,103
2023-05-11 00:55:03,cu2311P56000,cu2311P56000,560.0,0.0,0.0,0.0,1,132.0,800.0,1,560.0,660.0,0.0,0.0,0.0,0.0,103
2023-05-11 09:00:05,cu2311P56000,cu2311P56000,560.0,0.0,0.0,0.0,5,100.0,800.0,1,560.0,660.0,0.0,0.0,0.0,0.0,103
2023-05-11 09:00:06,cu2311P56000,cu2311P56000,560.0,0.0,0.0,0.0,2,102.0,800.0,1,560.0,660.0,0.0,0.0,0.0,0.0,103
2023-05-11 09:02:27,cu2311P56000,cu2311P56000,560.0,0.0,0.0,0.0,1,104.0,800.0,1,560.0,660.0,0.0,0.0,0.0,0.0,103
2023-05-11 09:02:28,cu2311P56000,cu2311P56000,560.0,0.0,0.0,0.0,1,104.0,800.0,1,560.0,660.0,0.0,0.0,0.0,0.0,103
2023-05-11 09:02:28,cu2311P56000,cu2311P56000,560.0,0.0,0.0,0.0,2,106.0,800.0,1,560.0,660.0,0.0,0.0,0.0,0.0,103
2023-05-11 10:04:10,cu2311P56000,cu2311P56000,560.0,0.0,0.0,0.0,1,108.0,800.0,1,560.0,660.0,0.0,0.0,0.0,0.0,103
2023-05-11 10:04:11,cu2311P56000,cu2311P56000,560.0,0.0,0.0,0.0,1,108.0,800.0,1,560.0,660.0,0.0,0.0,0.0,0.0,103
2023-05-11 10:04:11,cu2311P56000,cu2311P56000,560.0,0.0,0.0,0.0,2,110.0,800.0,1,560.0,660.0,0.0,0.0,0.0,0.0,103
2023-05-11 10:05:47,cu2311P56000,cu2311P56000,560.0,0.0,0.0,0.0,2,110.0,800.0,1,560.0,660.0,0.0,0.0,0.0,0.0,103
2023-05-11 10:07:30,cu2311P56000,cu2311P56000,560.0,0.0,0.0,0.0,1,108.0,800.0,1,560.0,660.0,0.0,0.0,0.0,0.0,103
2023-05-11 10:09:37,cu2311P56000,cu2311P56000,560.0,0.0,0.0,0.0,2,110.0,800.0,1,560.0,660.0,0.0,0.0,0.0,0.0,103
2023-05-11 10:14:33,cu2311P56000,cu2311P56000,560.0,0.0,0.0,0.0,1,108.0,800.0,1,560.0,660.0,0.0,0.0,0.0,0.0,103
2023-05-11 10:30:06,cu2311P56000,cu2311P56000,560.0,0.0,0.0,0.0,2,110.0,800.0,1,560.0,660.0,0.0,0.0,0.0,0.0,103
2023-05-11 10:38:35,cu2311P56000,cu2311P56000,560.0,0.0,0.0,0.0,1,112.0,800.0,1,560.0,660.0,0.0,0.0,0.0,0.0,103
2023-05-11 10:38:35,cu2311P56000,cu2311P56000,560.0,0.0,0.0,0.0,1,112.0,800.0,1,560.0,660.0,0.0,0.0,0.0,0.0,103
2023-05-11 10:38:36,cu2311P56000,cu2311P56000,560.0,0.0,0.0,0.0,2,114.0,800.0,1,560.0,660.0,0.0,0.0,0.0,0.0,103
2023-05-11 10:39:15,cu2311P56000,cu2311P56000,560.0,0.0,0.0,0.0,2,114.0,800.0,1,560.0,660.0,0.0,0.0,0.0,0.0,103
2023-05-11 10:39:49,cu2311P56000,cu2311P56000,560.0,0.0,0.0,0.0,1,650.0,660.0,1,560.0,660.0,0.0,0.0,0.0,0.0,103
2023-05-11 10:39:50,cu2311P56000,cu2311P56000,560.0,0.0,0.0,0.0,1,650.0,660.0,1,560.0,660.0,0.0,0.0,0.0,0.0,103
2023-05-11 10:39:55,cu2311P56000,cu2311P56000,560.0,0.0,0.0,0.0,1,650.0,660.0,2,560.0,660.0,0.0,0.0,0.0,0.0,103
2023-05-11 10:39:56,cu2311P56000,cu2311P56000,560.0,0.0,0.0,0.0,1,650.0,660.0,2,560.0,660.0,0.0,0.0,0.0,0.0,103
2023-05-11 10:39:57,cu2311P56000,cu2311P56000,560.0,0.0,0.0,0.0,1,650.0,660.0,2,560.0,660.0,0.0,0.0,0.0,0.0,103
2023-05-11 10:39:58,cu2311P56000,cu2311P56000,560.0,0.0,0.0,0.0,1,650.0,660.0,3,560.0,660.0,0.0,0.0,0.0,0.0,103
2023-05-11 10:39:59,cu2311P56000,cu2311P56000,660.0,1.0,3300.0,-1.0,1,650.0,660.0,3,560.0,660.0,660.0,660.0,1.0,3300.0,102
2023-05-11 10:40:01,cu2311P56000,cu2311P56000,660.0,0.0,0.0,0.0,1,652.0,660.0,3,560.0,660.0,660.0,660.0,1.0,3300.0,102
2023-05-11 10:40:02,cu2311P56000,cu2311P56000,660.0,0.0,0.0,0.0,1,652.0,660.0,3,560.0,660.0,660.0,660.0,1.0,3300.0,102
2023-05-11 10:40:08,cu2311P56000,cu2311P56000,660.0,0.0,0.0,0.0,1,652.0,660.0,2,560.0,660.0,660.0,660.0,1.0,3300.0,102
2023-05-11 10:40:08,cu2311P56000,cu2311P56000,660.0,0.0,0.0,0.0,1,652.0,660.0,2,560.0,660.0,660.0,660.0,1.0,3300.0,102
2023-05-11 10:40:10,cu2311P56000,cu2311P56000,660.0,0.0,0.0,0.0,1,652.0,660.0,1,560.0,660.0,660.0,660.0,1.0,3300.0,102
2023-05-11 10:40:10,cu2311P56000,cu2311P56000,660.0,0.0,0.0,0.0,1,652.0,662.0,1,560.0,660.0,660.0,660.0,1.0,3300.0,102
2023-05-11 10:40:12,cu2311P56000,cu2311P56000,660.0,0.0,0.0,0.0,1,112.0,800.0,1,560.0,660.0,660.0,660.0,1.0,3300.0,102
2023-05-11 10:40:12,cu2311P56000,cu2311P56000,660.0,0.0,0.0,0.0,2,114.0,800.0,1,560.0,660.0,660.0,660.0,1.0,3300.0,102
2023-05-11 10:40:50,cu2311P56000,cu2311P56000,660.0,0.0,0.0,0.0,1,116.0,800.0,1,560.0,660.0,660.0,660.0,1.0,3300.0,102
2023-05-11 10:40:50,cu2311P56000,cu2311P56000,660.0,0.0,0.0,0.0,1,116.0,800.0,1,560.0,660.0,660.0,660.0,1.0,3300.0,102
2023-05-11 10:40:51,cu2311P56000,cu2311P56000,660.0,0.0,0.0,0.0,2,118.0,800.0,1,560.0,660.0,660.0,660.0,1.0,3300.0,102
2023-05-11 10:43:42,cu2311P56000,cu2311P56000,660.0,0.0,0.0,0.0,2,118.0,800.0,1,560.0,660.0,660.0,660.0,1.0,3300.0,102
2023-05-11 11:12:34,cu2311P56000,cu2311P56000,660.0,0.0,0.0,0.0,1,120.0,800.0,1,560.0,660.0,660.0,660.0,1.0,3300.0,102
2023-05-11 11:12:34,cu2311P56000,cu2311P56000,660.0,0.0,0.0,0.0,1,120.0,800.0,1,560.0,660.0,660.0,660.0,1.0,3300.0,102
2023-05-11 11:12:35,cu2311P56000,cu2311P56000,660.0,0.0,0.0,0.0,2,122.0,800.0,1,560.0,660.0,660.0,660.0,1.0,3300.0,102
2023-05-11 11:14:48,cu2311P56000,cu2311P56000,660.0,0.0,0.0,0.0,2,122.0,800.0,1,560.0,660.0,660.0,660.0,1.0,3300.0,102
2023-05-11 11:29:32,cu2311P56000,cu2311P56000,660.0,0.0,0.0,0.0,1,120.0,800.0,1,560.0,660.0,660.0,660.0,1.0,3300.0,102
2023-05-11 11:29:51,cu2311P56000,cu2311P56000,660.0,0.0,0.0,0.0,5,100.0,800.0,1,560.0,660.0,660.0,660.0,1.0,3300.0,102
2023-05-11 13:30:21,cu2311P56000,cu2311P56000,660.0,0.0,0.0,0.0,2,102.0,800.0,1,560.0,660.0,660.0,660.0,1.0,3300.0,102
2023-05-11 13:35:30,cu2311P56000,cu2311P56000,660.0,0.0,0.0,0.0,1,648.0,658.0,1,560.0,660.0,660.0,660.0,1.0,3300.0,102
2023-05-11 13:35:31,cu2311P56000,cu2311P56000,660.0,0.0,0.0,0.0,1,648.0,658.0,1,560.0,660.0,660.0,660.0,1.0,3300.0,102
2023-05-11 13:35:32,cu2311P56000,cu2311P56000,660.0,1.0,3300.0,-1.0,1,648.0,688.0,1,560.0,660.0,660.0,660.0,2.0,6600.0,101
2023-05-11 13:35:36,cu2311P56000,cu2311P56000,660.0,0.0,0.0,0.0,1,648.0,688.0,2,560.0,660.0,660.0,660.0,2.0,6600.0,101
2023-05-11 13:35:36,cu2311P56000,cu2311P56000,660.0,0.0,0.0,0.0,2,648.0,688.0,3,560.0,660.0,660.0,660.0,2.0,6600.0,101
2023-05-11 13:35:37,cu2311P56000,cu2311P56000,660.0,0.0,0.0,0.0,2,648.0,688.0,3,560.0,660.0,660.0,660.0,2.0,6600.0,101
2023-05-11 13:35:37,cu2311P56000,cu2311P56000,660.0,0.0,0.0,0.0,3,648.0,688.0,4,560.0,660.0,660.0,660.0,2.0,6600.0,101
2023-05-11 13:35:38,cu2311P56000,cu2311P56000,660.0,0.0,0.0,0.0,3,648.0,688.0,4,560.0,660.0,660.0,660.0,2.0,6600.0,101
2023-05-11 13:35:40,cu2311P56000,cu2311P56000,660.0,0.0,0.0,0.0,3,648.0,688.0,4,560.0,660.0,660.0,660.0,2.0,6600.0,101
2023-05-11 13:35:40,cu2311P56000,cu2311P56000,660.0,0.0,0.0,0.0,4,648.0,686.0,1,560.0,660.0,660.0,660.0,2.0,6600.0,101
2023-05-11 13:35:42,cu2311P56000,cu2311P56000,660.0,0.0,0.0,0.0,1,650.0,686.0,1,560.0,660.0,660.0,660.0,2.0,6600.0,101
2023-05-11 13:35:42,cu2311P56000,cu2311P56000,660.0,0.0,0.0,0.0,1,650.0,686.0,1,560.0,660.0,660.0,660.0,2.0,6600.0,101
2023-05-11 13:35:43,cu2311P56000,cu2311P56000,660.0,0.0,0.0,0.0,1,650.0,686.0,1,560.0,660.0,660.0,660.0,2.0,6600.0,101
2023-05-11 13:35:48,cu2311P56000,cu2311P56000,660.0,0.0,0.0,0.0,1,650.0,686.0,1,560.0,660.0,660.0,660.0,2.0,6600.0,101
2023-05-11 13:35:49,cu2311P56000,cu2311P56000,660.0,0.0,0.0,0.0,1,650.0,686.0,1,560.0,660.0,660.0,660.0,2.0,6600.0,101
2023-05-11 13:35:49,cu2311P56000,cu2311P56000,660.0,0.0,0.0,0.0,1,650.0,686.0,1,560.0,660.0,660.0,660.0,2.0,6600.0,101
2023-05-11 13:35:51,cu2311P56000,cu2311P56000,660.0,0.0,0.0,0.0,1,650.0,686.0,1,560.0,660.0,660.0,660.0,2.0,6600.0,101
2023-05-11 13:35:51,cu2311P56000,cu2311P56000,660.0,0.0,0.0,0.0,1,650.0,688.0,1,560.0,660.0,660.0,660.0,2.0,6600.0,101
2023-05-11 13:35:52,cu2311P56000,cu2311P56000,660.0,0.0,0.0,0.0,5,100.0,800.0,1,560.0,660.0,660.0,660.0,2.0,6600.0,101
2023-05-11 13:35:53,cu2311P56000,cu2311P56000,660.0,0.0,0.0,0.0,2,102.0,800.0,1,560.0,660.0,660.0,660.0,2.0,6600.0,101
2023-05-11 13:48:44,cu2311P56000,cu2311P56000,660.0,0.0,0.0,0.0,1,646.0,656.0,1,560.0,660.0,660.0,660.0,2.0,6600.0,101
2023-05-11 13:48:44,cu2311P56000,cu2311P56000,660.0,0.0,0.0,0.0,1,646.0,656.0,1,560.0,660.0,660.0,660.0,2.0,6600.0,101
2023-05-11 13:48:49,cu2311P56000,cu2311P56000,660.0,0.0,0.0,0.0,1,646.0,656.0,2,560.0,660.0,660.0,660.0,2.0,6600.0,101
2023-05-11 13:48:51,cu2311P56000,cu2311P56000,660.0,0.0,0.0,0.0,1,646.0,656.0,2,560.0,660.0,660.0,660.0,2.0,6600.0,101
2023-05-11 13:48:51,cu2311P56000,cu2311P56000,660.0,0.0,0.0,0.0,1,646.0,656.0,3,560.0,660.0,660.0,660.0,2.0,6600.0,101
2023-05-11 13:48:52,cu2311P56000,cu2311P56000,660.0,0.0,0.0,0.0,1,646.0,656.0,3,560.0,660.0,660.0,660.0,2.0,6600.0,101
2023-05-11 13:48:52,cu2311P56000,cu2311P56000,660.0,0.0,0.0,0.0,2,646.0,656.0,3,560.0,660.0,660.0,660.0,2.0,6600.0,101
2023-05-11 13:48:54,cu2311P56000,cu2311P56000,660.0,0.0,0.0,0.0,2,646.0,656.0,4,560.0,660.0,660.0,660.0,2.0,6600.0,101
2023-05-11 13:48:56,cu2311P56000,cu2311P56000,660.0,0.0,0.0,0.0,1,648.0,656.0,3,560.0,660.0,660.0,660.0,2.0,6600.0,101
2023-05-11 13:49:02,cu2311P56000,cu2311P56000,660.0,0.0,0.0,0.0,1,648.0,656.0,2,560.0,660.0,660.0,660.0,2.0,6600.0,101
2023-05-11 13:49:02,cu2311P56000,cu2311P56000,660.0,0.0,0.0,0.0,1,648.0,656.0,2,560.0,660.0,660.0,660.0,2.0,6600.0,101
2023-05-11 13:49:03,cu2311P56000,cu2311P56000,660.0,0.0,0.0,0.0,1,648.0,656.0,2,560.0,660.0,660.0,660.0,2.0,6600.0,101
2023-05-11 13:49:03,cu2311P56000,cu2311P56000,660.0,0.0,0.0,0.0,1,648.0,656.0,2,560.0,660.0,660.0,660.0,2.0,6600.0,101
2023-05-11 13:49:04,cu2311P56000,cu2311P56000,660.0,0.0,0.0,0.0,1,648.0,656.0,1,560.0,660.0,660.0,660.0,2.0,6600.0,101
2023-05-11 13:49:05,cu2311P56000,cu2311P56000,660.0,0.0,0.0,0.0,1,648.0,658.0,1,560.0,660.0,660.0,660.0,2.0,6600.0,101
2023-05-11 13:49:06,cu2311P56000,cu2311P56000,660.0,0.0,0.0,0.0,5,100.0,800.0,1,560.0,660.0,660.0,660.0,2.0,6600.0,101
2023-05-11 13:49:07,cu2311P56000,cu2311P56000,660.0,0.0,0.0,0.0,2,102.0,800.0,1,560.0,660.0,660.0,660.0,2.0,6600.0,101
2023-05-11 13:49:52,cu2311P56000,cu2311P56000,660.0,0.0,0.0,0.0,1,646.0,656.0,1,560.0,660.0,660.0,660.0,2.0,6600.0,101
2023-05-11 13:49:53,cu2311P56000,cu2311P56000,660.0,0.0,0.0,0.0,1,646.0,656.0,1,560.0,660.0,660.0,660.0,2.0,6600.0,101
2023-05-11 13:49:58,cu2311P56000,cu2311P56000,660.0,0.0,0.0,0.0,1,646.0,656.0,2,560.0,660.0,660.0,660.0,2.0,6600.0,101
2023-05-11 13:49:58,cu2311P56000,cu2311P56000,660.0,0.0,0.0,0.0,1,646.0,656.0,2,560.0,660.0,660.0,660.0,2.0,6600.0,101
2023-05-11 13:49:59,cu2311P56000,cu2311P56000,660.0,0.0,0.0,0.0,1,646.0,656.0,2,560.0,660.0,660.0,660.0,2.0,6600.0,101
2023-05-11 13:50:00,cu2311P56000,cu2311P56000,660.0,0.0,0.0,0.0,2,646.0,656.0,3,560.0,660.0,660.0,660.0,2.0,6600.0,101
2023-05-11 13:50:00,cu2311P56000,cu2311P56000,660.0,0.0,0.0,0.0,2,646.0,656.0,3,560.0,660.0,660.0,660.0,2.0,6600.0,101
2023-05-11 13:50:02,cu2311P56000,cu2311P56000,660.0,0.0,0.0,0.0,2,646.0,656.0,4,560.0,660.0,660.0,660.0,2.0,6600.0,101
2023-05-11 13:50:03,cu2311P56000,cu2311P56000,660.0,0.0,0.0,0.0,2,646.0,656.0,4,560.0,660.0,660.0,660.0,2.0,6600.0,101
2023-05-11 13:50:04,cu2311P56000,cu2311P56000,660.0,0.0,0.0,0.0,1,648.0,656.0,3,560.0,660.0,660.0,660.0,2.0,6600.0,101
2023-05-11 13:50:10,cu2311P56000,cu2311P56000,660.0,0.0,0.0,0.0,1,648.0,656.0,2,560.0,660.0,660.0,660.0,2.0,6600.0,101
2023-05-11 13:50:10,cu2311P56000,cu2311P56000,660.0,0.0,0.0,0.0,1,648.0,656.0,2,560.0,660.0,660.0,660.0,2.0,6600.0,101
2023-05-11 13:50:11,cu2311P56000,cu2311P56000,660.0,0.0,0.0,0.0,1,648.0,656.0,2,560.0,660.0,660.0,660.0,2.0,6600.0,101
2023-05-11 13:50:11,cu2311P56000,cu2311P56000,660.0,0.0,0.0,0.0,1,648.0,656.0,2,560.0,660.0,660.0,660.0,2.0,6600.0,101
2023-05-11 13:50:13,cu2311P56000,cu2311P56000,660.0,0.0,0.0,0.0,1,648.0,656.0,1,560.0,660.0,660.0,660.0,2.0,6600.0,101
2023-05-11 13:50:13,cu2311P56000,cu2311P56000,660.0,0.0,0.0,0.0,1,648.0,658.0,1,560.0,660.0,660.0,660.0,2.0,6600.0,101
2023-05-11 13:50:14,cu2311P56000,cu2311P56000,660.0,0.0,0.0,0.0,1,648.0,658.0,1,560.0,660.0,660.0,660.0,2.0,6600.0,101
2023-05-11 13:50:15,cu2311P56000,cu2311P56000,660.0,0.0,0.0,0.0,5,100.0,800.0,1,560.0,660.0,660.0,660.0,2.0,6600.0,101
2023-05-11 13:50:15,cu2311P56000,cu2311P56000,660.0,0.0,0.0,0.0,2,102.0,800.0,1,560.0,660.0,660.0,660.0,2.0,6600.0,101
2023-05-11 13:56:18,cu2311P56000,cu2311P56000,660.0,0.0,0.0,0.0,1,104.0,800.0,1,560.0,660.0,660.0,660.0,2.0,6600.0,101
2023-05-11 13:56:18,cu2311P56000,cu2311P56000,660.0,0.0,0.0,0.0,1,104.0,800.0,1,560.0,660.0,660.0,660.0,2.0,6600.0,101
2023-05-11 13:56:19,cu2311P56000,cu2311P56000,660.0,0.0,0.0,0.0,2,106.0,800.0,1,560.0,660.0,660.0,660.0,2.0,6600.0,101
2023-05-11 14:03:44,cu2311P56000,cu2311P56000,660.0,0.0,0.0,0.0,1,656.0,666.0,1,560.0,660.0,660.0,660.0,2.0,6600.0,101
2023-05-11 14:03:44,cu2311P56000,cu2311P56000,660.0,0.0,0.0,0.0,1,656.0,666.0,1,560.0,660.0,660.0,660.0,2.0,6600.0,101
2023-05-11 14:03:49,cu2311P56000,cu2311P56000,660.0,0.0,0.0,0.0,1,656.0,666.0,2,560.0,660.0,660.0,660.0,2.0,6600.0,101
2023-05-11 14:03:50,cu2311P56000,cu2311P56000,660.0,0.0,0.0,0.0,1,656.0,666.0,2,560.0,660.0,660.0,660.0,2.0,6600.0,101
2023-05-11 14:03:51,cu2311P56000,cu2311P56000,660.0,0.0,0.0,0.0,1,656.0,666.0,2,560.0,660.0,660.0,660.0,2.0,6600.0,101
2023-05-11 14:03:51,cu2311P56000,cu2311P56000,660.0,0.0,0.0,0.0,1,656.0,666.0,3,560.0,660.0,660.0,660.0,2.0,6600.0,101
2023-05-11 14:03:52,cu2311P56000,cu2311P56000,660.0,0.0,0.0,0.0,1,656.0,666.0,3,560.0,660.0,660.0,660.0,2.0,6600.0,101
2023-05-11 14:03:54,cu2311P56000,cu2311P56000,660.0,0.0,0.0,0.0,1,656.0,666.0,4,560.0,660.0,660.0,660.0,2.0,6600.0,101
2023-05-11 14:03:54,cu2311P56000,cu2311P56000,660.0,0.0,0.0,0.0,1,656.0,666.0,4,560.0,660.0,660.0,660.0,2.0,6600.0,101
2023-05-11 14:03:56,cu2311P56000,cu2311P56000,660.0,0.0,0.0,0.0,1,658.0,666.0,3,560.0,660.0,660.0,660.0,2.0,6600.0,101
2023-05-11 14:03:56,cu2311P56000,cu2311P56000,660.0,0.0,0.0,0.0,1,658.0,666.0,3,560.0,660.0,660.0,660.0,2.0,6600.0,101
2023-05-11 14:03:57,cu2311P56000,cu2311P56000,666.0,1.0,3330.0,0.0,1,658.0,666.0,2,560.0,660.0,666.0,660.0,3.0,9930.0,101
2023-05-11 14:04:02,cu2311P56000,cu2311P56000,666.0,0.0,0.0,0.0,1,658.0,666.0,1,560.0,660.0,666.0,660.0,3.0,9930.0,101
2023-05-11 14:04:02,cu2311P56000,cu2311P56000,666.0,0.0,0.0,0.0,1,658.0,666.0,1,560.0,660.0,666.0,660.0,3.0,9930.0,101
2023-05-11 14:04:03,cu2311P56000,cu2311P56000,666.0,0.0,0.0,0.0,1,658.0,666.0,1,560.0,660.0,666.0,660.0,3.0,9930.0,101
2023-05-11 14:04:04,cu2311P56000,cu2311P56000,666.0,0.0,0.0,0.0,1,658.0,666.0,1,560.0,660.0,666.0,660.0,3.0,9930.0,101
2023-05-11 14:04:05,cu2311P56000,cu2311P56000,666.0,0.0,0.0,0.0,1,658.0,668.0,1,560.0,660.0,666.0,660.0,3.0,9930.0,101
2023-05-11 14:04:05,cu2311P56000,cu2311P56000,666.0,0.0,0.0,0.0,1,658.0,668.0,1,560.0,660.0,666.0,660.0,3.0,9930.0,101
2023-05-11 14:04:06,cu2311P56000,cu2311P56000,666.0,0.0,0.0,0.0,1,104.0,690.0,1,560.0,660.0,666.0,660.0,3.0,9930.0,101
2023-05-11 14:04:07,cu2311P56000,cu2311P56000,666.0,0.0,0.0,0.0,2,106.0,690.0,1,560.0,660.0,666.0,660.0,3.0,9930.0,101
2023-05-11 14:04:07,cu2311P56000,cu2311P56000,666.0,0.0,0.0,0.0,1,108.0,690.0,1,560.0,660.0,666.0,660.0,3.0,9930.0,101
2023-05-11 14:04:08,cu2311P56000,cu2311P56000,666.0,0.0,0.0,0.0,1,108.0,800.0,1,560.0,660.0,666.0,660.0,3.0,9930.0,101
2023-05-11 14:04:08,cu2311P56000,cu2311P56000,666.0,0.0,0.0,0.0,2,110.0,800.0,1,560.0,660.0,666.0,660.0,3.0,9930.0,101
2023-05-11 14:04:59,cu2311P56000,cu2311P56000,666.0,0.0,0.0,0.0,2,110.0,800.0,1,560.0,660.0,666.0,660.0,3.0,9930.0,101
2023-05-11 14:16:30,cu2311P56000,cu2311P56000,666.0,0.0,0.0,0.0,1,656.0,666.0,1,560.0,660.0,666.0,660.0,3.0,9930.0,101
2023-05-11 14:16:31,cu2311P56000,cu2311P56000,666.0,0.0,0.0,0.0,1,656.0,666.0,1,560.0,660.0,666.0,660.0,3.0,9930.0,101
2023-05-11 14:16:36,cu2311P56000,cu2311P56000,666.0,0.0,0.0,0.0,1,656.0,666.0,2,560.0,660.0,666.0,660.0,3.0,9930.0,101
2023-05-11 14:16:36,cu2311P56000,cu2311P56000,666.0,0.0,0.0,0.0,1,656.0,666.0,2,560.0,660.0,666.0,660.0,3.0,9930.0,101
2023-05-11 14:16:37,cu2311P56000,cu2311P56000,666.0,0.0,0.0,0.0,1,656.0,666.0,2,560.0,660.0,666.0,660.0,3.0,9930.0,101
2023-05-11 14:16:38,cu2311P56000,cu2311P56000,666.0,0.0,0.0,0.0,1,656.0,666.0,3,560.0,660.0,666.0,660.0,3.0,9930.0,101
2023-05-11 14:16:38,cu2311P56000,cu2311P56000,666.0,0.0,0.0,0.0,1,656.0,666.0,3,560.0,660.0,666.0,660.0,3.0,9930.0,101
2023-05-11 14:16:40,cu2311P56000,cu2311P56000,666.0,0.0,0.0,0.0,1,656.0,666.0,4,560.0,660.0,666.0,660.0,3.0,9930.0,101
2023-05-11 14:16:42,cu2311P56000,cu2311P56000,666.0,0.0,0.0,0.0,1,656.0,666.0,4,560.0,660.0,666.0,660.0,3.0,9930.0,101
2023-05-11 14:16:42,cu2311P56000,cu2311P56000,666.0,0.0,0.0,0.0,1,658.0,666.0,3,560.0,660.0,666.0,660.0,3.0,9930.0,101
2023-05-11 14:16:44,cu2311P56000,cu2311P56000,666.0,0.0,0.0,0.0,1,662.0,666.0,3,560.0,660.0,666.0,660.0,3.0,9930.0,101
2023-05-11 14:16:48,cu2311P56000,cu2311P56000,666.0,0.0,0.0,0.0,1,662.0,666.0,2,560.0,660.0,666.0,660.0,3.0,9930.0,101
2023-05-11 14:16:49,cu2311P56000,cu2311P56000,666.0,0.0,0.0,0.0,1,662.0,666.0,2,560.0,660.0,666.0,660.0,3.0,9930.0,101
2023-05-11 14:16:51,cu2311P56000,cu2311P56000,666.0,0.0,0.0,0.0,1,662.0,666.0,1,560.0,660.0,666.0,660.0,3.0,9930.0,101
2023-05-11 14:16:51,cu2311P56000,cu2311P56000,666.0,0.0,0.0,0.0,1,662.0,668.0,1,560.0,660.0,666.0,660.0,3.0,9930.0,101
2023-05-11 14:16:53,cu2311P56000,cu2311P56000,666.0,0.0,0.0,0.0,1,662.0,686.0,1,560.0,660.0,666.0,660.0,3.0,9930.0,101
2023-05-11 14:16:55,cu2311P56000,cu2311P56000,666.0,0.0,0.0,0.0,1,108.0,800.0,1,560.0,660.0,666.0,660.0,3.0,9930.0,101
2023-05-11 14:16:55,cu2311P56000,cu2311P56000,666.0,0.0,0.0,0.0,2,110.0,800.0,1,560.0,660.0,666.0,660.0,3.0,9930.0,101
2023-05-11 14:35:20,cu2311P56000,cu2311P56000,666.0,0.0,0.0,0.0,1,112.0,800.0,1,560.0,660.0,666.0,660.0,3.0,9930.0,101
2023-05-11 14:35:21,cu2311P56000,cu2311P56000,666.0,0.0,0.0,0.0,1,112.0,800.0,1,560.0,660.0,666.0,660.0,3.0,9930.0,101
2023-05-11 14:35:21,cu2311P56000,cu2311P56000,666.0,0.0,0.0,0.0,2,114.0,800.0,1,560.0,660.0,666.0,660.0,3.0,9930.0,101
2023-05-11 14:35:31,cu2311P56000,cu2311P56000,666.0,0.0,0.0,0.0,2,114.0,800.0,1,560.0,660.0,666.0,660.0,3.0,9930.0,101
2023-05-11 14:35:47,cu2311P56000,cu2311P56000,666.0,0.0,0.0,0.0,1,112.0,800.0,1,560.0,660.0,666.0,660.0,3.0,9930.0,101
2023-05-11 14:44:29,cu2311P56000,cu2311P56000,666.0,0.0,0.0,0.0,1,112.0,800.0,1,560.0,660.0,666.0,660.0,3.0,9930.0,101
2023-05-11 14:44:29,cu2311P56000,cu2311P56000,666.0,0.0,0.0,0.0,1,772.0,800.0,1,560.0,660.0,666.0,660.0,3.0,9930.0,101
2023-05-11 14:44:30,cu2311P56000,cu2311P56000,666.0,0.0,0.0,0.0,1,772.0,800.0,1,560.0,660.0,666.0,660.0,3.0,9930.0,101
2023-05-11 14:44:32,cu2311P56000,cu2311P56000,666.0,0.0,0.0,0.0,1,772.0,800.0,1,560.0,660.0,666.0,660.0,3.0,9930.0,101
2023-05-11 14:44:32,cu2311P56000,cu2311P56000,666.0,0.0,0.0,0.0,1,772.0,800.0,2,560.0,660.0,666.0,660.0,3.0,9930.0,101
2023-05-11 14:44:34,cu2311P56000,cu2311P56000,666.0,0.0,0.0,0.0,1,772.0,800.0,2,560.0,660.0,666.0,660.0,3.0,9930.0,101
2023-05-11 14:44:34,cu2311P56000,cu2311P56000,666.0,0.0,0.0,0.0,2,772.0,800.0,3,560.0,660.0,666.0,660.0,3.0,9930.0,101
2023-05-11 14:44:35,cu2311P56000,cu2311P56000,666.0,0.0,0.0,0.0,2,772.0,800.0,3,560.0,660.0,666.0,660.0,3.0,9930.0,101
2023-05-11 14:44:40,cu2311P56000,cu2311P56000,666.0,0.0,0.0,0.0,1,772.0,800.0,3,560.0,660.0,666.0,660.0,3.0,9930.0,101
2023-05-11 14:44:41,cu2311P56000,cu2311P56000,666.0,0.0,0.0,0.0,1,772.0,800.0,3,560.0,660.0,666.0,660.0,3.0,9930.0,101
2023-05-11 14:44:41,cu2311P56000,cu2311P56000,666.0,0.0,0.0,0.0,1,772.0,800.0,3,560.0,660.0,666.0,660.0,3.0,9930.0,101
2023-05-11 14:44:43,cu2311P56000,cu2311P56000,666.0,0.0,0.0,0.0,1,772.0,800.0,2,560.0,660.0,666.0,660.0,3.0,9930.0,101
2023-05-11 14:44:44,cu2311P56000,cu2311P56000,666.0,0.0,0.0,0.0,1,770.0,800.0,1,560.0,660.0,666.0,660.0,3.0,9930.0,101
2023-05-11 14:44:45,cu2311P56000,cu2311P56000,666.0,0.0,0.0,0.0,1,764.0,800.0,1,560.0,660.0,666.0,660.0,3.0,9930.0,101
2023-05-11 14:44:50,cu2311P56000,cu2311P56000,666.0,0.0,0.0,0.0,1,112.0,800.0,1,560.0,660.0,666.0,660.0,3.0,9930.0,101
2023-05-11 14:46:58,cu2311P56000,cu2311P56000,666.0,0.0,0.0,0.0,2,114.0,800.0,1,560.0,660.0,666.0,660.0,3.0,9930.0,101
2023-05-11 14:51:04,cu2311P56000,cu2311P56000,666.0,0.0,0.0,0.0,2,114.0,800.0,1,560.0,660.0,666.0,660.0,3.0,9930.0,101
2023-05-11 14:51:05,cu2311P56000,cu2311P56000,800.0,1.0,4000.0,0.0,2,114.0,802.0,1,560.0,660.0,800.0,660.0,4.0,13930.0,101
2023-05-11 14:51:05,cu2311P56000,cu2311P56000,800.0,0.0,0.0,0.0,1,116.0,802.0,1,560.0,660.0,800.0,660.0,4.0,13930.0,101
2023-05-11 14:51:06,cu2311P56000,cu2311P56000,800.0,0.0,0.0,0.0,1,116.0,802.0,1,560.0,660.0,800.0,660.0,4.0,13930.0,101
2023-05-11 14:51:06,cu2311P56000,cu2311P56000,800.0,0.0,0.0,0.0,2,118.0,802.0,1,560.0,660.0,800.0,660.0,4.0,13930.0,101
2023-05-11 14:51:07,cu2311P56000,cu2311P56000,800.0,0.0,0.0,0.0,1,120.0,802.0,1,560.0,660.0,800.0,660.0,4.0,13930.0,101
2023-05-11 14:51:07,cu2311P56000,cu2311P56000,800.0,0.0,0.0,0.0,1,120.0,802.0,2,560.0,660.0,800.0,660.0,4.0,13930.0,101
2023-05-11 14:51:08,cu2311P56000,cu2311P56000,800.0,0.0,0.0,0.0,2,122.0,802.0,2,560.0,660.0,800.0,660.0,4.0,13930.0,101
2023-05-11 14:51:08,cu2311P56000,cu2311P56000,800.0,0.0,0.0,0.0,1,124.0,802.0,2,560.0,660.0,800.0,660.0,4.0,13930.0,101
2023-05-11 14:51:09,cu2311P56000,cu2311P56000,800.0,0.0,0.0,0.0,1,124.0,802.0,2,560.0,660.0,800.0,660.0,4.0,13930.0,101
2023-05-11 14:51:09,cu2311P56000,cu2311P56000,800.0,0.0,0.0,0.0,2,126.0,802.0,2,560.0,660.0,800.0,660.0,4.0,13930.0,101
2023-05-11 14:51:10,cu2311P56000,cu2311P56000,800.0,0.0,0.0,0.0,1,128.0,802.0,2,560.0,660.0,800.0,660.0,4.0,13930.0,101
2023-05-11 14:51:10,cu2311P56000,cu2311P56000,800.0,0.0,0.0,0.0,1,128.0,802.0,2,560.0,660.0,800.0,660.0,4.0,13930.0,101
2023-05-11 14:51:11,cu2311P56000,cu2311P56000,800.0,0.0,0.0,0.0,2,130.0,802.0,2,560.0,660.0,800.0,660.0,4.0,13930.0,101
2023-05-11 14:51:11,cu2311P56000,cu2311P56000,800.0,0.0,0.0,0.0,1,132.0,802.0,2,560.0,660.0,800.0,660.0,4.0,13930.0,101
2023-05-11 14:51:12,cu2311P56000,cu2311P56000,800.0,0.0,0.0,0.0,1,132.0,802.0,2,560.0,660.0,800.0,660.0,4.0,13930.0,101
2023-05-11 14:51:12,cu2311P56000,cu2311P56000,800.0,0.0,0.0,0.0,2,134.0,802.0,2,560.0,660.0,800.0,660.0,4.0,13930.0,101
2023-05-11 14:51:13,cu2311P56000,cu2311P56000,800.0,0.0,0.0,0.0,1,136.0,802.0,2,560.0,660.0,800.0,660.0,4.0,13930.0,101
2023-05-11 14:51:13,cu2311P56000,cu2311P56000,800.0,0.0,0.0,0.0,1,136.0,802.0,2,560.0,660.0,800.0,660.0,4.0,13930.0,101
2023-05-11 14:51:14,cu2311P56000,cu2311P56000,800.0,0.0,0.0,0.0,2,138.0,802.0,2,560.0,660.0,800.0,660.0,4.0,13930.0,101
2023-05-11 14:51:14,cu2311P56000,cu2311P56000,800.0,0.0,0.0,0.0,1,140.0,802.0,2,560.0,660.0,800.0,660.0,4.0,13930.0,101
2023-05-11 14:51:15,cu2311P56000,cu2311P56000,800.0,0.0,0.0,0.0,1,140.0,802.0,2,560.0,660.0,800.0,660.0,4.0,13930.0,101
2023-05-11 14:51:15,cu2311P56000,cu2311P56000,800.0,0.0,0.0,0.0,2,142.0,802.0,2,560.0,660.0,800.0,660.0,4.0,13930.0,101
2023-05-11 14:51:16,cu2311P56000,cu2311P56000,800.0,0.0,0.0,0.0,1,144.0,802.0,2,560.0,660.0,800.0,660.0,4.0,13930.0,101
2023-05-11 14:51:16,cu2311P56000,cu2311P56000,800.0,0.0,0.0,0.0,1,144.0,802.0,1,560.0,660.0,800.0,660.0,4.0,13930.0,101
2023-05-11 14:51:17,cu2311P56000,cu2311P56000,800.0,0.0,0.0,0.0,2,146.0,802.0,1,560.0,660.0,800.0,660.0,4.0,13930.0,101
2023-05-11 14:51:19,cu2311P56000,cu2311P56000,800.0,0.0,0.0,0.0,2,146.0,900.0,1,560.0,660.0,800.0,660.0,4.0,13930.0,101
2023-05-11 14:51:22,cu2311P56000,cu2311P56000,800.0,0.0,0.0,0.0,2,146.0,900.0,1,560.0,660.0,800.0,660.0,4.0,13930.0,101
2023-05-11 14:51:23,cu2311P56000,cu2311P56000,800.0,0.0,0.0,0.0,2,146.0,900.0,1,560.0,660.0,800.0,660.0,4.0,13930.0,101
2023-05-11 14:51:25,cu2311P56000,cu2311P56000,800.0,0.0,0.0,0.0,2,146.0,900.0,1,560.0,660.0,800.0,660.0,4.0,13930.0,101
2023-05-11 14:51:56,cu2311P56000,cu2311P56000,800.0,0.0,0.0,0.0,1,148.0,900.0,1,560.0,660.0,800.0,660.0,4.0,13930.0,101
2023-05-11 14:51:57,cu2311P56000,cu2311P56000,800.0,0.0,0.0,0.0,1,148.0,900.0,1,560.0,660.0,800.0,660.0,4.0,13930.0,101
2023-05-11 14:51:57,cu2311P56000,cu2311P56000,800.0,0.0,0.0,0.0,2,150.0,900.0,1,560.0,660.0,800.0,660.0,4.0,13930.0,101
2023-05-11 14:52:06,cu2311P56000,cu2311P56000,800.0,0.0,0.0,0.0,2,150.0,900.0,1,560.0,660.0,800.0,660.0,4.0,13930.0,101
2023-05-11 14:52:15,cu2311P56000,cu2311P56000,800.0,0.0,0.0,0.0,1,148.0,900.0,1,560.0,660.0,800.0,660.0,4.0,13930.0,101
2023-05-11 14:55:58,cu2311P56000,cu2311P56000,800.0,0.0,0.0,0.0,1,148.0,998.0,1,560.0,660.0,800.0,660.0,4.0,13930.0,101
2023-05-11 15:18:18,cu2311P56000,cu2311P56000,800.0,0.0,0.0,0.0,1,148.0,998.0,1,560.0,660.0,800.0,660.0,4.0,13930.0,101
