time,symbol_id,symbol_name,last,trade_volume,trade_amount,open_interest_change,bv1,bp1,ap1,av1,yesterday_close,today_open,today_high,today_low,volume,amount,open_interest
2023-05-10 20:59:00,cu2311C68000,cu2311C68000,2876.0,0.0,0.0,0.0,9,2.0,0.0,0,2876.0,0.0,0.0,0.0,0.0,0.0,1
2023-05-10 21:00:12,cu2311C68000,cu2311C68000,2876.0,0.0,0.0,0.0,2,4.0,0.0,0,2876.0,0.0,0.0,0.0,0.0,0.0,1
2023-05-10 21:00:18,cu2311C68000,cu2311C68000,2876.0,0.0,0.0,0.0,1,722.0,0.0,0,2876.0,0.0,0.0,0.0,0.0,0.0,1
2023-05-10 21:00:18,cu2311C68000,cu2311C68000,2876.0,0.0,0.0,0.0,1,722.0,0.0,0,2876.0,0.0,0.0,0.0,0.0,0.0,1
2023-05-10 21:00:19,cu2311C68000,cu2311C68000,2876.0,0.0,0.0,0.0,2,724.0,0.0,0,2876.0,0.0,0.0,0.0,0.0,0.0,1
2023-05-10 21:05:06,cu2311C68000,cu2311C68000,2876.0,0.0,0.0,0.0,2,724.0,0.0,0,2876.0,0.0,0.0,0.0,0.0,0.0,1
2023-05-10 21:07:31,cu2311C68000,cu2311C68000,2876.0,0.0,0.0,0.0,1,726.0,0.0,0,2876.0,0.0,0.0,0.0,0.0,0.0,1
2023-05-10 21:07:32,cu2311C68000,cu2311C68000,2876.0,0.0,0.0,0.0,2,722.0,0.0,0,2876.0,0.0,0.0,0.0,0.0,0.0,1
2023-05-10 21:07:32,cu2311C68000,cu2311C68000,2876.0,0.0,0.0,0.0,2,724.0,0.0,0,2876.0,0.0,0.0,0.0,0.0,0.0,1
2023-05-10 21:07:33,cu2311C68000,cu2311C68000,2876.0,0.0,0.0,0.0,1,726.0,0.0,0,2876.0,0.0,0.0,0.0,0.0,0.0,1
2023-05-10 21:07:33,cu2311C68000,cu2311C68000,2876.0,0.0,0.0,0.0,2,722.0,0.0,0,2876.0,0.0,0.0,0.0,0.0,0.0,1
2023-05-10 21:07:34,cu2311C68000,cu2311C68000,2876.0,0.0,0.0,0.0,2,724.0,0.0,0,2876.0,0.0,0.0,0.0,0.0,0.0,1
2023-05-10 21:07:34,cu2311C68000,cu2311C68000,2876.0,0.0,0.0,0.0,1,726.0,0.0,0,2876.0,0.0,0.0,0.0,0.0,0.0,1
2023-05-10 21:07:35,cu2311C68000,cu2311C68000,2876.0,0.0,0.0,0.0,2,722.0,0.0,0,2876.0,0.0,0.0,0.0,0.0,0.0,1
2023-05-10 21:07:35,cu2311C68000,cu2311C68000,2876.0,0.0,0.0,0.0,2,724.0,0.0,0,2876.0,0.0,0.0,0.0,0.0,0.0,1
2023-05-10 21:07:36,cu2311C68000,cu2311C68000,2876.0,0.0,0.0,0.0,1,726.0,0.0,0,2876.0,0.0,0.0,0.0,0.0,0.0,1
2023-05-10 21:07:36,cu2311C68000,cu2311C68000,2876.0,0.0,0.0,0.0,2,724.0,0.0,0,2876.0,0.0,0.0,0.0,0.0,0.0,1
2023-05-10 21:07:37,cu2311C68000,cu2311C68000,2876.0,0.0,0.0,0.0,2,722.0,0.0,0,2876.0,0.0,0.0,0.0,0.0,0.0,1
2023-05-10 21:07:37,cu2311C68000,cu2311C68000,2876.0,0.0,0.0,0.0,2,724.0,0.0,0,2876.0,0.0,0.0,0.0,0.0,0.0,1
2023-05-10 21:07:38,cu2311C68000,cu2311C68000,2876.0,0.0,0.0,0.0,1,726.0,0.0,0,2876.0,0.0,0.0,0.0,0.0,0.0,1
2023-05-10 21:07:38,cu2311C68000,cu2311C68000,2876.0,0.0,0.0,0.0,2,722.0,0.0,0,2876.0,0.0,0.0,0.0,0.0,0.0,1
2023-05-10 21:07:39,cu2311C68000,cu2311C68000,2876.0,0.0,0.0,0.0,2,724.0,0.0,0,2876.0,0.0,0.0,0.0,0.0,0.0,1
2023-05-10 21:07:39,cu2311C68000,cu2311C68000,2876.0,0.0,0.0,0.0,1,726.0,0.0,0,2876.0,0.0,0.0,0.0,0.0,0.0,1
2023-05-10 21:07:40,cu2311C68000,cu2311C68000,2876.0,0.0,0.0,0.0,2,722.0,0.0,0,2876.0,0.0,0.0,0.0,0.0,0.0,1
2023-05-10 21:07:40,cu2311C68000,cu2311C68000,2876.0,0.0,0.0,0.0,2,724.0,0.0,0,2876.0,0.0,0.0,0.0,0.0,0.0,1
2023-05-10 21:07:41,cu2311C68000,cu2311C68000,2876.0,0.0,0.0,0.0,1,738.0,0.0,0,2876.0,0.0,0.0,0.0,0.0,0.0,1
2023-05-10 21:07:41,cu2311C68000,cu2311C68000,2876.0,0.0,0.0,0.0,2,722.0,0.0,0,2876.0,0.0,0.0,0.0,0.0,0.0,1
2023-05-10 21:07:42,cu2311C68000,cu2311C68000,2876.0,0.0,0.0,0.0,2,724.0,0.0,0,2876.0,0.0,0.0,0.0,0.0,0.0,1
2023-05-10 21:07:42,cu2311C68000,cu2311C68000,2876.0,0.0,0.0,0.0,1,738.0,0.0,0,2876.0,0.0,0.0,0.0,0.0,0.0,1
2023-05-10 21:07:43,cu2311C68000,cu2311C68000,2876.0,0.0,0.0,0.0,2,722.0,0.0,0,2876.0,0.0,0.0,0.0,0.0,0.0,1
2023-05-10 21:07:43,cu2311C68000,cu2311C68000,2876.0,0.0,0.0,0.0,2,724.0,0.0,0,2876.0,0.0,0.0,0.0,0.0,0.0,1
2023-05-10 21:07:44,cu2311C68000,cu2311C68000,2876.0,0.0,0.0,0.0,1,738.0,0.0,0,2876.0,0.0,0.0,0.0,0.0,0.0,1
2023-05-10 21:07:44,cu2311C68000,cu2311C68000,2876.0,0.0,0.0,0.0,2,722.0,0.0,0,2876.0,0.0,0.0,0.0,0.0,0.0,1
2023-05-10 21:07:45,cu2311C68000,cu2311C68000,2876.0,0.0,0.0,0.0,2,724.0,0.0,0,2876.0,0.0,0.0,0.0,0.0,0.0,1
2023-05-10 21:07:45,cu2311C68000,cu2311C68000,2876.0,0.0,0.0,0.0,1,738.0,0.0,0,2876.0,0.0,0.0,0.0,0.0,0.0,1
2023-05-10 21:07:46,cu2311C68000,cu2311C68000,2876.0,0.0,0.0,0.0,2,722.0,0.0,0,2876.0,0.0,0.0,0.0,0.0,0.0,1
2023-05-10 21:07:46,cu2311C68000,cu2311C68000,2876.0,0.0,0.0,0.0,2,724.0,0.0,0,2876.0,0.0,0.0,0.0,0.0,0.0,1
2023-05-10 21:07:47,cu2311C68000,cu2311C68000,2876.0,0.0,0.0,0.0,1,738.0,0.0,0,2876.0,0.0,0.0,0.0,0.0,0.0,1
2023-05-10 21:07:47,cu2311C68000,cu2311C68000,2876.0,0.0,0.0,0.0,2,722.0,0.0,0,2876.0,0.0,0.0,0.0,0.0,0.0,1
2023-05-10 21:07:48,cu2311C68000,cu2311C68000,2876.0,0.0,0.0,0.0,2,724.0,0.0,0,2876.0,0.0,0.0,0.0,0.0,0.0,1
2023-05-10 21:07:48,cu2311C68000,cu2311C68000,2876.0,0.0,0.0,0.0,1,738.0,0.0,0,2876.0,0.0,0.0,0.0,0.0,0.0,1
2023-05-10 21:07:49,cu2311C68000,cu2311C68000,2876.0,0.0,0.0,0.0,2,722.0,0.0,0,2876.0,0.0,0.0,0.0,0.0,0.0,1
2023-05-10 21:07:49,cu2311C68000,cu2311C68000,2876.0,0.0,0.0,0.0,2,724.0,0.0,0,2876.0,0.0,0.0,0.0,0.0,0.0,1
2023-05-10 21:07:51,cu2311C68000,cu2311C68000,2876.0,0.0,0.0,0.0,1,750.0,0.0,0,2876.0,0.0,0.0,0.0,0.0,0.0,1
2023-05-10 21:07:52,cu2311C68000,cu2311C68000,2876.0,0.0,0.0,0.0,2,722.0,0.0,0,2876.0,0.0,0.0,0.0,0.0,0.0,1
2023-05-10 21:07:52,cu2311C68000,cu2311C68000,2876.0,0.0,0.0,0.0,2,724.0,0.0,0,2876.0,0.0,0.0,0.0,0.0,0.0,1
2023-05-10 21:07:54,cu2311C68000,cu2311C68000,2876.0,0.0,0.0,0.0,1,750.0,0.0,0,2876.0,0.0,0.0,0.0,0.0,0.0,1
2023-05-10 21:07:55,cu2311C68000,cu2311C68000,2876.0,0.0,0.0,0.0,2,722.0,0.0,0,2876.0,0.0,0.0,0.0,0.0,0.0,1
2023-05-10 21:07:55,cu2311C68000,cu2311C68000,2876.0,0.0,0.0,0.0,2,724.0,0.0,0,2876.0,0.0,0.0,0.0,0.0,0.0,1
2023-05-10 21:07:57,cu2311C68000,cu2311C68000,2876.0,0.0,0.0,0.0,1,750.0,0.0,0,2876.0,0.0,0.0,0.0,0.0,0.0,1
2023-05-10 21:07:58,cu2311C68000,cu2311C68000,2876.0,0.0,0.0,0.0,2,722.0,0.0,0,2876.0,0.0,0.0,0.0,0.0,0.0,1
2023-05-10 21:07:58,cu2311C68000,cu2311C68000,2876.0,0.0,0.0,0.0,2,724.0,0.0,0,2876.0,0.0,0.0,0.0,0.0,0.0,1
2023-05-10 21:07:59,cu2311C68000,cu2311C68000,2876.0,0.0,0.0,0.0,1,750.0,0.0,0,2876.0,0.0,0.0,0.0,0.0,0.0,1
2023-05-10 21:07:59,cu2311C68000,cu2311C68000,2876.0,0.0,0.0,0.0,2,722.0,0.0,0,2876.0,0.0,0.0,0.0,0.0,0.0,1
2023-05-10 21:08:00,cu2311C68000,cu2311C68000,2876.0,0.0,0.0,0.0,2,724.0,0.0,0,2876.0,0.0,0.0,0.0,0.0,0.0,1
2023-05-10 21:08:00,cu2311C68000,cu2311C68000,2876.0,0.0,0.0,0.0,1,750.0,0.0,0,2876.0,0.0,0.0,0.0,0.0,0.0,1
2023-05-10 21:08:01,cu2311C68000,cu2311C68000,2876.0,0.0,0.0,0.0,2,722.0,0.0,0,2876.0,0.0,0.0,0.0,0.0,0.0,1
2023-05-10 21:08:01,cu2311C68000,cu2311C68000,2876.0,0.0,0.0,0.0,2,724.0,0.0,0,2876.0,0.0,0.0,0.0,0.0,0.0,1
2023-05-10 21:08:02,cu2311C68000,cu2311C68000,2876.0,0.0,0.0,0.0,1,750.0,0.0,0,2876.0,0.0,0.0,0.0,0.0,0.0,1
2023-05-10 21:08:02,cu2311C68000,cu2311C68000,2876.0,0.0,0.0,0.0,2,722.0,0.0,0,2876.0,0.0,0.0,0.0,0.0,0.0,1
2023-05-10 21:08:03,cu2311C68000,cu2311C68000,2876.0,0.0,0.0,0.0,2,724.0,0.0,0,2876.0,0.0,0.0,0.0,0.0,0.0,1
2023-05-10 21:08:03,cu2311C68000,cu2311C68000,2876.0,0.0,0.0,0.0,1,750.0,0.0,0,2876.0,0.0,0.0,0.0,0.0,0.0,1
2023-05-10 21:08:04,cu2311C68000,cu2311C68000,2876.0,0.0,0.0,0.0,2,722.0,0.0,0,2876.0,0.0,0.0,0.0,0.0,0.0,1
2023-05-10 21:08:04,cu2311C68000,cu2311C68000,2876.0,0.0,0.0,0.0,2,724.0,0.0,0,2876.0,0.0,0.0,0.0,0.0,0.0,1
2023-05-10 21:08:06,cu2311C68000,cu2311C68000,2876.0,0.0,0.0,0.0,1,750.0,0.0,0,2876.0,0.0,0.0,0.0,0.0,0.0,1
2023-05-10 21:08:07,cu2311C68000,cu2311C68000,2876.0,0.0,0.0,0.0,2,722.0,0.0,0,2876.0,0.0,0.0,0.0,0.0,0.0,1
2023-05-10 21:08:07,cu2311C68000,cu2311C68000,2876.0,0.0,0.0,0.0,2,724.0,0.0,0,2876.0,0.0,0.0,0.0,0.0,0.0,1
2023-05-10 21:08:08,cu2311C68000,cu2311C68000,2876.0,0.0,0.0,0.0,1,750.0,0.0,0,2876.0,0.0,0.0,0.0,0.0,0.0,1
2023-05-10 21:08:08,cu2311C68000,cu2311C68000,2876.0,0.0,0.0,0.0,2,722.0,0.0,0,2876.0,0.0,0.0,0.0,0.0,0.0,1
2023-05-10 21:08:09,cu2311C68000,cu2311C68000,2876.0,0.0,0.0,0.0,2,724.0,0.0,0,2876.0,0.0,0.0,0.0,0.0,0.0,1
2023-05-10 21:08:09,cu2311C68000,cu2311C68000,2876.0,0.0,0.0,0.0,1,750.0,0.0,0,2876.0,0.0,0.0,0.0,0.0,0.0,1
2023-05-10 21:08:10,cu2311C68000,cu2311C68000,2876.0,0.0,0.0,0.0,2,722.0,0.0,0,2876.0,0.0,0.0,0.0,0.0,0.0,1
2023-05-10 21:08:10,cu2311C68000,cu2311C68000,2876.0,0.0,0.0,0.0,2,724.0,0.0,0,2876.0,0.0,0.0,0.0,0.0,0.0,1
2023-05-10 21:08:11,cu2311C68000,cu2311C68000,2876.0,0.0,0.0,0.0,1,750.0,0.0,0,2876.0,0.0,0.0,0.0,0.0,0.0,1
2023-05-10 21:08:11,cu2311C68000,cu2311C68000,2876.0,0.0,0.0,0.0,2,722.0,0.0,0,2876.0,0.0,0.0,0.0,0.0,0.0,1
2023-05-10 21:08:12,cu2311C68000,cu2311C68000,2876.0,0.0,0.0,0.0,2,724.0,0.0,0,2876.0,0.0,0.0,0.0,0.0,0.0,1
2023-05-10 21:08:12,cu2311C68000,cu2311C68000,2876.0,0.0,0.0,0.0,1,750.0,0.0,0,2876.0,0.0,0.0,0.0,0.0,0.0,1
2023-05-10 21:08:13,cu2311C68000,cu2311C68000,2876.0,0.0,0.0,0.0,2,722.0,0.0,0,2876.0,0.0,0.0,0.0,0.0,0.0,1
2023-05-10 21:08:13,cu2311C68000,cu2311C68000,2876.0,0.0,0.0,0.0,2,724.0,0.0,0,2876.0,0.0,0.0,0.0,0.0,0.0,1
2023-05-10 21:08:14,cu2311C68000,cu2311C68000,2876.0,0.0,0.0,0.0,1,750.0,0.0,0,2876.0,0.0,0.0,0.0,0.0,0.0,1
2023-05-10 21:08:14,cu2311C68000,cu2311C68000,2876.0,0.0,0.0,0.0,2,722.0,0.0,0,2876.0,0.0,0.0,0.0,0.0,0.0,1
2023-05-10 21:08:15,cu2311C68000,cu2311C68000,2876.0,0.0,0.0,0.0,2,724.0,0.0,0,2876.0,0.0,0.0,0.0,0.0,0.0,1
2023-05-10 21:08:15,cu2311C68000,cu2311C68000,2876.0,0.0,0.0,0.0,1,750.0,0.0,0,2876.0,0.0,0.0,0.0,0.0,0.0,1
2023-05-10 21:08:16,cu2311C68000,cu2311C68000,2876.0,0.0,0.0,0.0,2,722.0,0.0,0,2876.0,0.0,0.0,0.0,0.0,0.0,1
2023-05-10 21:08:16,cu2311C68000,cu2311C68000,2876.0,0.0,0.0,0.0,2,724.0,0.0,0,2876.0,0.0,0.0,0.0,0.0,0.0,1
2023-05-10 21:08:17,cu2311C68000,cu2311C68000,2876.0,0.0,0.0,0.0,1,750.0,0.0,0,2876.0,0.0,0.0,0.0,0.0,0.0,1
2023-05-10 21:08:17,cu2311C68000,cu2311C68000,2876.0,0.0,0.0,0.0,2,722.0,0.0,0,2876.0,0.0,0.0,0.0,0.0,0.0,1
2023-05-10 21:08:18,cu2311C68000,cu2311C68000,2876.0,0.0,0.0,0.0,2,724.0,0.0,0,2876.0,0.0,0.0,0.0,0.0,0.0,1
2023-05-10 21:08:18,cu2311C68000,cu2311C68000,2876.0,0.0,0.0,0.0,1,750.0,0.0,0,2876.0,0.0,0.0,0.0,0.0,0.0,1
2023-05-10 21:08:19,cu2311C68000,cu2311C68000,2876.0,0.0,0.0,0.0,2,722.0,0.0,0,2876.0,0.0,0.0,0.0,0.0,0.0,1
2023-05-10 21:08:19,cu2311C68000,cu2311C68000,2876.0,0.0,0.0,0.0,2,724.0,0.0,0,2876.0,0.0,0.0,0.0,0.0,0.0,1
2023-05-10 21:08:20,cu2311C68000,cu2311C68000,2876.0,0.0,0.0,0.0,1,750.0,0.0,0,2876.0,0.0,0.0,0.0,0.0,0.0,1
2023-05-10 21:08:20,cu2311C68000,cu2311C68000,2876.0,0.0,0.0,0.0,2,722.0,0.0,0,2876.0,0.0,0.0,0.0,0.0,0.0,1
2023-05-10 21:08:21,cu2311C68000,cu2311C68000,2876.0,0.0,0.0,0.0,2,724.0,0.0,0,2876.0,0.0,0.0,0.0,0.0,0.0,1
2023-05-10 21:08:21,cu2311C68000,cu2311C68000,2876.0,0.0,0.0,0.0,1,750.0,0.0,0,2876.0,0.0,0.0,0.0,0.0,0.0,1
2023-05-10 21:08:22,cu2311C68000,cu2311C68000,2876.0,0.0,0.0,0.0,1,750.0,0.0,0,2876.0,0.0,0.0,0.0,0.0,0.0,1
2023-05-10 21:08:22,cu2311C68000,cu2311C68000,2876.0,0.0,0.0,0.0,2,752.0,0.0,0,2876.0,0.0,0.0,0.0,0.0,0.0,1
2023-05-10 21:08:23,cu2311C68000,cu2311C68000,2876.0,0.0,0.0,0.0,1,778.0,0.0,0,2876.0,0.0,0.0,0.0,0.0,0.0,1
2023-05-10 21:08:24,cu2311C68000,cu2311C68000,2876.0,0.0,0.0,0.0,2,722.0,0.0,0,2876.0,0.0,0.0,0.0,0.0,0.0,1
2023-05-10 21:08:24,cu2311C68000,cu2311C68000,2876.0,0.0,0.0,0.0,2,724.0,0.0,0,2876.0,0.0,0.0,0.0,0.0,0.0,1
2023-05-10 21:08:25,cu2311C68000,cu2311C68000,2876.0,0.0,0.0,0.0,1,750.0,0.0,0,2876.0,0.0,0.0,0.0,0.0,0.0,1
2023-05-10 21:08:26,cu2311C68000,cu2311C68000,2876.0,0.0,0.0,0.0,2,722.0,0.0,0,2876.0,0.0,0.0,0.0,0.0,0.0,1
2023-05-10 21:08:26,cu2311C68000,cu2311C68000,2876.0,0.0,0.0,0.0,2,724.0,0.0,0,2876.0,0.0,0.0,0.0,0.0,0.0,1
2023-05-10 21:08:27,cu2311C68000,cu2311C68000,2876.0,0.0,0.0,0.0,1,750.0,0.0,0,2876.0,0.0,0.0,0.0,0.0,0.0,1
2023-05-10 21:08:28,cu2311C68000,cu2311C68000,2876.0,0.0,0.0,0.0,2,722.0,0.0,0,2876.0,0.0,0.0,0.0,0.0,0.0,1
2023-05-10 21:08:28,cu2311C68000,cu2311C68000,2876.0,0.0,0.0,0.0,2,724.0,0.0,0,2876.0,0.0,0.0,0.0,0.0,0.0,1
2023-05-10 21:08:29,cu2311C68000,cu2311C68000,2876.0,0.0,0.0,0.0,1,750.0,0.0,0,2876.0,0.0,0.0,0.0,0.0,0.0,1
2023-05-10 21:08:30,cu2311C68000,cu2311C68000,2876.0,0.0,0.0,0.0,2,722.0,0.0,0,2876.0,0.0,0.0,0.0,0.0,0.0,1
2023-05-10 21:08:30,cu2311C68000,cu2311C68000,2876.0,0.0,0.0,0.0,2,724.0,0.0,0,2876.0,0.0,0.0,0.0,0.0,0.0,1
2023-05-10 21:08:31,cu2311C68000,cu2311C68000,2876.0,0.0,0.0,0.0,1,750.0,0.0,0,2876.0,0.0,0.0,0.0,0.0,0.0,1
2023-05-10 21:08:32,cu2311C68000,cu2311C68000,2876.0,0.0,0.0,0.0,2,722.0,0.0,0,2876.0,0.0,0.0,0.0,0.0,0.0,1
2023-05-10 21:08:32,cu2311C68000,cu2311C68000,2876.0,0.0,0.0,0.0,2,724.0,0.0,0,2876.0,0.0,0.0,0.0,0.0,0.0,1
2023-05-10 21:08:33,cu2311C68000,cu2311C68000,2876.0,0.0,0.0,0.0,1,750.0,0.0,0,2876.0,0.0,0.0,0.0,0.0,0.0,1
2023-05-10 21:08:34,cu2311C68000,cu2311C68000,2876.0,0.0,0.0,0.0,2,722.0,0.0,0,2876.0,0.0,0.0,0.0,0.0,0.0,1
2023-05-10 21:08:34,cu2311C68000,cu2311C68000,2876.0,0.0,0.0,0.0,2,724.0,0.0,0,2876.0,0.0,0.0,0.0,0.0,0.0,1
2023-05-10 21:08:35,cu2311C68000,cu2311C68000,2876.0,0.0,0.0,0.0,1,750.0,0.0,0,2876.0,0.0,0.0,0.0,0.0,0.0,1
2023-05-10 21:08:35,cu2311C68000,cu2311C68000,2876.0,0.0,0.0,0.0,2,722.0,0.0,0,2876.0,0.0,0.0,0.0,0.0,0.0,1
2023-05-10 21:08:36,cu2311C68000,cu2311C68000,2876.0,0.0,0.0,0.0,2,724.0,0.0,0,2876.0,0.0,0.0,0.0,0.0,0.0,1
2023-05-10 21:08:36,cu2311C68000,cu2311C68000,2876.0,0.0,0.0,0.0,1,750.0,0.0,0,2876.0,0.0,0.0,0.0,0.0,0.0,1
2023-05-10 21:08:37,cu2311C68000,cu2311C68000,2876.0,0.0,0.0,0.0,2,722.0,0.0,0,2876.0,0.0,0.0,0.0,0.0,0.0,1
2023-05-10 21:08:37,cu2311C68000,cu2311C68000,2876.0,0.0,0.0,0.0,2,724.0,0.0,0,2876.0,0.0,0.0,0.0,0.0,0.0,1
2023-05-10 21:08:40,cu2311C68000,cu2311C68000,2876.0,0.0,0.0,0.0,1,750.0,0.0,0,2876.0,0.0,0.0,0.0,0.0,0.0,1
2023-05-10 21:08:40,cu2311C68000,cu2311C68000,2876.0,0.0,0.0,0.0,1,750.0,0.0,0,2876.0,0.0,0.0,0.0,0.0,0.0,1
2023-05-10 21:08:41,cu2311C68000,cu2311C68000,2876.0,0.0,0.0,0.0,2,752.0,0.0,0,2876.0,0.0,0.0,0.0,0.0,0.0,1
2023-05-10 21:08:41,cu2311C68000,cu2311C68000,2876.0,0.0,0.0,0.0,1,778.0,0.0,0,2876.0,0.0,0.0,0.0,0.0,0.0,1
2023-05-10 21:08:42,cu2311C68000,cu2311C68000,2876.0,0.0,0.0,0.0,1,778.0,0.0,0,2876.0,0.0,0.0,0.0,0.0,0.0,1
2023-05-10 21:08:42,cu2311C68000,cu2311C68000,2876.0,0.0,0.0,0.0,2,780.0,0.0,0,2876.0,0.0,0.0,0.0,0.0,0.0,1
2023-05-10 21:08:43,cu2311C68000,cu2311C68000,2876.0,0.0,0.0,0.0,2,780.0,0.0,0,2876.0,0.0,0.0,0.0,0.0,0.0,1
2023-05-10 21:08:43,cu2311C68000,cu2311C68000,2876.0,0.0,0.0,0.0,1,806.0,0.0,0,2876.0,0.0,0.0,0.0,0.0,0.0,1
2023-05-10 21:08:44,cu2311C68000,cu2311C68000,2876.0,0.0,0.0,0.0,1,806.0,0.0,0,2876.0,0.0,0.0,0.0,0.0,0.0,1
2023-05-10 21:08:44,cu2311C68000,cu2311C68000,2876.0,0.0,0.0,0.0,2,808.0,0.0,0,2876.0,0.0,0.0,0.0,0.0,0.0,1
2023-05-10 21:08:45,cu2311C68000,cu2311C68000,2876.0,0.0,0.0,0.0,1,834.0,0.0,0,2876.0,0.0,0.0,0.0,0.0,0.0,1
2023-05-10 21:08:45,cu2311C68000,cu2311C68000,2876.0,0.0,0.0,0.0,1,834.0,0.0,0,2876.0,0.0,0.0,0.0,0.0,0.0,1
2023-05-10 21:08:46,cu2311C68000,cu2311C68000,2876.0,0.0,0.0,0.0,2,836.0,0.0,0,2876.0,0.0,0.0,0.0,0.0,0.0,1
2023-05-10 21:08:46,cu2311C68000,cu2311C68000,2876.0,0.0,0.0,0.0,1,862.0,0.0,0,2876.0,0.0,0.0,0.0,0.0,0.0,1
2023-05-10 21:08:47,cu2311C68000,cu2311C68000,2876.0,0.0,0.0,0.0,1,862.0,0.0,0,2876.0,0.0,0.0,0.0,0.0,0.0,1
2023-05-10 21:08:47,cu2311C68000,cu2311C68000,2876.0,0.0,0.0,0.0,2,864.0,0.0,0,2876.0,0.0,0.0,0.0,0.0,0.0,1
2023-05-10 21:08:48,cu2311C68000,cu2311C68000,2876.0,0.0,0.0,0.0,1,878.0,0.0,0,2876.0,0.0,0.0,0.0,0.0,0.0,1
2023-05-10 21:08:48,cu2311C68000,cu2311C68000,2876.0,0.0,0.0,0.0,1,878.0,0.0,0,2876.0,0.0,0.0,0.0,0.0,0.0,1
2023-05-10 21:08:49,cu2311C68000,cu2311C68000,2876.0,0.0,0.0,0.0,2,880.0,0.0,0,2876.0,0.0,0.0,0.0,0.0,0.0,1
2023-05-10 21:08:49,cu2311C68000,cu2311C68000,2876.0,0.0,0.0,0.0,1,882.0,0.0,0,2876.0,0.0,0.0,0.0,0.0,0.0,1
2023-05-10 21:08:50,cu2311C68000,cu2311C68000,2876.0,0.0,0.0,0.0,1,882.0,0.0,0,2876.0,0.0,0.0,0.0,0.0,0.0,1
2023-05-10 21:08:50,cu2311C68000,cu2311C68000,2876.0,0.0,0.0,0.0,2,884.0,0.0,0,2876.0,0.0,0.0,0.0,0.0,0.0,1
2023-05-10 21:08:51,cu2311C68000,cu2311C68000,2876.0,0.0,0.0,0.0,1,886.0,0.0,0,2876.0,0.0,0.0,0.0,0.0,0.0,1
2023-05-10 21:08:51,cu2311C68000,cu2311C68000,2876.0,0.0,0.0,0.0,1,886.0,0.0,0,2876.0,0.0,0.0,0.0,0.0,0.0,1
2023-05-10 21:08:52,cu2311C68000,cu2311C68000,2876.0,0.0,0.0,0.0,2,888.0,0.0,0,2876.0,0.0,0.0,0.0,0.0,0.0,1
2023-05-10 21:08:52,cu2311C68000,cu2311C68000,2876.0,0.0,0.0,0.0,1,890.0,0.0,0,2876.0,0.0,0.0,0.0,0.0,0.0,1
2023-05-10 21:08:53,cu2311C68000,cu2311C68000,2876.0,0.0,0.0,0.0,1,890.0,0.0,0,2876.0,0.0,0.0,0.0,0.0,0.0,1
2023-05-10 21:08:53,cu2311C68000,cu2311C68000,2876.0,0.0,0.0,0.0,2,892.0,0.0,0,2876.0,0.0,0.0,0.0,0.0,0.0,1
2023-05-10 21:08:54,cu2311C68000,cu2311C68000,2876.0,0.0,0.0,0.0,1,894.0,0.0,0,2876.0,0.0,0.0,0.0,0.0,0.0,1
2023-05-10 21:08:54,cu2311C68000,cu2311C68000,2876.0,0.0,0.0,0.0,1,894.0,0.0,0,2876.0,0.0,0.0,0.0,0.0,0.0,1
2023-05-10 21:08:55,cu2311C68000,cu2311C68000,2876.0,0.0,0.0,0.0,2,896.0,0.0,0,2876.0,0.0,0.0,0.0,0.0,0.0,1
2023-05-10 21:08:55,cu2311C68000,cu2311C68000,2876.0,0.0,0.0,0.0,1,898.0,0.0,0,2876.0,0.0,0.0,0.0,0.0,0.0,1
2023-05-10 21:08:56,cu2311C68000,cu2311C68000,2876.0,0.0,0.0,0.0,1,898.0,0.0,0,2876.0,0.0,0.0,0.0,0.0,0.0,1
2023-05-10 21:08:56,cu2311C68000,cu2311C68000,2876.0,0.0,0.0,0.0,2,900.0,0.0,0,2876.0,0.0,0.0,0.0,0.0,0.0,1
2023-05-10 21:08:57,cu2311C68000,cu2311C68000,2876.0,0.0,0.0,0.0,2,900.0,0.0,0,2876.0,0.0,0.0,0.0,0.0,0.0,1
2023-05-10 21:10:35,cu2311C68000,cu2311C68000,2876.0,0.0,0.0,0.0,2,900.0,0.0,0,2876.0,0.0,0.0,0.0,0.0,0.0,1
2023-05-10 21:17:02,cu2311C68000,cu2311C68000,2876.0,0.0,0.0,0.0,2,900.0,0.0,0,2876.0,0.0,0.0,0.0,0.0,0.0,1
2023-05-10 21:49:31,cu2311C68000,cu2311C68000,2876.0,0.0,0.0,0.0,1,926.0,0.0,0,2876.0,0.0,0.0,0.0,0.0,0.0,1
2023-05-10 21:49:32,cu2311C68000,cu2311C68000,2876.0,0.0,0.0,0.0,1,926.0,0.0,0,2876.0,0.0,0.0,0.0,0.0,0.0,1
2023-05-10 21:49:32,cu2311C68000,cu2311C68000,2876.0,0.0,0.0,0.0,2,928.0,0.0,0,2876.0,0.0,0.0,0.0,0.0,0.0,1
2023-05-10 21:49:33,cu2311C68000,cu2311C68000,2876.0,0.0,0.0,0.0,1,954.0,0.0,0,2876.0,0.0,0.0,0.0,0.0,0.0,1
2023-05-10 21:49:34,cu2311C68000,cu2311C68000,2876.0,0.0,0.0,0.0,1,954.0,0.0,0,2876.0,0.0,0.0,0.0,0.0,0.0,1
2023-05-10 21:49:34,cu2311C68000,cu2311C68000,2876.0,0.0,0.0,0.0,2,956.0,0.0,0,2876.0,0.0,0.0,0.0,0.0,0.0,1
2023-05-10 21:49:35,cu2311C68000,cu2311C68000,2876.0,0.0,0.0,0.0,1,982.0,0.0,0,2876.0,0.0,0.0,0.0,0.0,0.0,1
2023-05-10 21:49:35,cu2311C68000,cu2311C68000,2876.0,0.0,0.0,0.0,1,982.0,0.0,0,2876.0,0.0,0.0,0.0,0.0,0.0,1
2023-05-10 21:49:36,cu2311C68000,cu2311C68000,2876.0,0.0,0.0,0.0,2,984.0,0.0,0,2876.0,0.0,0.0,0.0,0.0,0.0,1
2023-05-10 21:49:36,cu2311C68000,cu2311C68000,2876.0,0.0,0.0,0.0,2,984.0,0.0,0,2876.0,0.0,0.0,0.0,0.0,0.0,1
2023-05-10 21:49:37,cu2311C68000,cu2311C68000,2876.0,0.0,0.0,0.0,1,1010.0,0.0,0,2876.0,0.0,0.0,0.0,0.0,0.0,1
2023-05-10 21:49:37,cu2311C68000,cu2311C68000,2876.0,0.0,0.0,0.0,2,1012.0,0.0,0,2876.0,0.0,0.0,0.0,0.0,0.0,1
2023-05-10 21:49:38,cu2311C68000,cu2311C68000,2876.0,0.0,0.0,0.0,2,1012.0,0.0,0,2876.0,0.0,0.0,0.0,0.0,0.0,1
2023-05-10 21:49:38,cu2311C68000,cu2311C68000,2876.0,0.0,0.0,0.0,1,1038.0,0.0,0,2876.0,0.0,0.0,0.0,0.0,0.0,1
2023-05-10 21:49:39,cu2311C68000,cu2311C68000,2876.0,0.0,0.0,0.0,1,1038.0,0.0,0,2876.0,0.0,0.0,0.0,0.0,0.0,1
2023-05-10 21:49:39,cu2311C68000,cu2311C68000,2876.0,0.0,0.0,0.0,2,1040.0,0.0,0,2876.0,0.0,0.0,0.0,0.0,0.0,1
2023-05-10 21:49:40,cu2311C68000,cu2311C68000,2876.0,0.0,0.0,0.0,2,1040.0,0.0,0,2876.0,0.0,0.0,0.0,0.0,0.0,1
2023-05-10 21:49:40,cu2311C68000,cu2311C68000,2876.0,0.0,0.0,0.0,1,1066.0,0.0,0,2876.0,0.0,0.0,0.0,0.0,0.0,1
2023-05-10 21:49:41,cu2311C68000,cu2311C68000,2876.0,0.0,0.0,0.0,1,1066.0,0.0,0,2876.0,0.0,0.0,0.0,0.0,0.0,1
2023-05-10 21:49:41,cu2311C68000,cu2311C68000,2876.0,0.0,0.0,0.0,2,1068.0,0.0,0,2876.0,0.0,0.0,0.0,0.0,0.0,1
2023-05-10 21:49:42,cu2311C68000,cu2311C68000,2876.0,0.0,0.0,0.0,1,1082.0,0.0,0,2876.0,0.0,0.0,0.0,0.0,0.0,1
2023-05-10 21:49:43,cu2311C68000,cu2311C68000,2876.0,0.0,0.0,0.0,1,1082.0,0.0,0,2876.0,0.0,0.0,0.0,0.0,0.0,1
2023-05-10 21:49:43,cu2311C68000,cu2311C68000,2876.0,0.0,0.0,0.0,2,1084.0,0.0,0,2876.0,0.0,0.0,0.0,0.0,0.0,1
2023-05-10 21:49:44,cu2311C68000,cu2311C68000,2876.0,0.0,0.0,0.0,2,1084.0,0.0,0,2876.0,0.0,0.0,0.0,0.0,0.0,1
2023-05-10 21:49:44,cu2311C68000,cu2311C68000,2876.0,0.0,0.0,0.0,1,1086.0,0.0,0,2876.0,0.0,0.0,0.0,0.0,0.0,1
2023-05-10 21:49:45,cu2311C68000,cu2311C68000,2876.0,0.0,0.0,0.0,1,1086.0,0.0,0,2876.0,0.0,0.0,0.0,0.0,0.0,1
2023-05-10 21:49:45,cu2311C68000,cu2311C68000,2876.0,0.0,0.0,0.0,2,1088.0,0.0,0,2876.0,0.0,0.0,0.0,0.0,0.0,1
2023-05-10 21:49:46,cu2311C68000,cu2311C68000,2876.0,0.0,0.0,0.0,1,1090.0,0.0,0,2876.0,0.0,0.0,0.0,0.0,0.0,1
2023-05-10 21:49:46,cu2311C68000,cu2311C68000,2876.0,0.0,0.0,0.0,1,1090.0,0.0,0,2876.0,0.0,0.0,0.0,0.0,0.0,1
2023-05-10 21:49:47,cu2311C68000,cu2311C68000,2876.0,0.0,0.0,0.0,2,1092.0,0.0,0,2876.0,0.0,0.0,0.0,0.0,0.0,1
2023-05-10 21:49:47,cu2311C68000,cu2311C68000,2876.0,0.0,0.0,0.0,1,1094.0,0.0,0,2876.0,0.0,0.0,0.0,0.0,0.0,1
2023-05-10 21:49:48,cu2311C68000,cu2311C68000,2876.0,0.0,0.0,0.0,1,1094.0,0.0,0,2876.0,0.0,0.0,0.0,0.0,0.0,1
2023-05-10 21:49:48,cu2311C68000,cu2311C68000,2876.0,0.0,0.0,0.0,2,1096.0,0.0,0,2876.0,0.0,0.0,0.0,0.0,0.0,1
2023-05-10 21:49:49,cu2311C68000,cu2311C68000,2876.0,0.0,0.0,0.0,1,1098.0,0.0,0,2876.0,0.0,0.0,0.0,0.0,0.0,1
2023-05-10 21:49:49,cu2311C68000,cu2311C68000,2876.0,0.0,0.0,0.0,1,1098.0,0.0,0,2876.0,0.0,0.0,0.0,0.0,0.0,1
2023-05-10 21:49:50,cu2311C68000,cu2311C68000,2876.0,0.0,0.0,0.0,2,1100.0,0.0,0,2876.0,0.0,0.0,0.0,0.0,0.0,1
2023-05-10 21:49:50,cu2311C68000,cu2311C68000,2876.0,0.0,0.0,0.0,1,1102.0,0.0,0,2876.0,0.0,0.0,0.0,0.0,0.0,1
2023-05-10 21:49:51,cu2311C68000,cu2311C68000,2876.0,0.0,0.0,0.0,1,1102.0,0.0,0,2876.0,0.0,0.0,0.0,0.0,0.0,1
2023-05-10 21:49:51,cu2311C68000,cu2311C68000,2876.0,0.0,0.0,0.0,2,1104.0,0.0,0,2876.0,0.0,0.0,0.0,0.0,0.0,1
2023-05-10 21:49:52,cu2311C68000,cu2311C68000,2876.0,0.0,0.0,0.0,2,1104.0,0.0,0,2876.0,0.0,0.0,0.0,0.0,0.0,1
2023-05-10 22:01:09,cu2311C68000,cu2311C68000,2876.0,0.0,0.0,0.0,2,722.0,0.0,0,2876.0,0.0,0.0,0.0,0.0,0.0,1
2023-05-10 22:02:37,cu2311C68000,cu2311C68000,2876.0,0.0,0.0,0.0,2,724.0,0.0,0,2876.0,0.0,0.0,0.0,0.0,0.0,1
2023-05-10 22:05:37,cu2311C68000,cu2311C68000,2876.0,0.0,0.0,0.0,1,726.0,0.0,0,2876.0,0.0,0.0,0.0,0.0,0.0,1
2023-05-10 22:05:38,cu2311C68000,cu2311C68000,2876.0,0.0,0.0,0.0,2,722.0,0.0,0,2876.0,0.0,0.0,0.0,0.0,0.0,1
2023-05-10 22:05:38,cu2311C68000,cu2311C68000,2876.0,0.0,0.0,0.0,2,724.0,0.0,0,2876.0,0.0,0.0,0.0,0.0,0.0,1
2023-05-10 22:05:39,cu2311C68000,cu2311C68000,2876.0,0.0,0.0,0.0,1,726.0,0.0,0,2876.0,0.0,0.0,0.0,0.0,0.0,1
2023-05-10 22:05:39,cu2311C68000,cu2311C68000,2876.0,0.0,0.0,0.0,2,722.0,0.0,0,2876.0,0.0,0.0,0.0,0.0,0.0,1
2023-05-10 22:05:40,cu2311C68000,cu2311C68000,2876.0,0.0,0.0,0.0,2,724.0,0.0,0,2876.0,0.0,0.0,0.0,0.0,0.0,1
2023-05-10 22:05:40,cu2311C68000,cu2311C68000,2876.0,0.0,0.0,0.0,1,726.0,0.0,0,2876.0,0.0,0.0,0.0,0.0,0.0,1
2023-05-10 22:05:41,cu2311C68000,cu2311C68000,2876.0,0.0,0.0,0.0,2,722.0,0.0,0,2876.0,0.0,0.0,0.0,0.0,0.0,1
2023-05-10 22:05:41,cu2311C68000,cu2311C68000,2876.0,0.0,0.0,0.0,2,724.0,0.0,0,2876.0,0.0,0.0,0.0,0.0,0.0,1
2023-05-10 22:05:42,cu2311C68000,cu2311C68000,2876.0,0.0,0.0,0.0,1,726.0,0.0,0,2876.0,0.0,0.0,0.0,0.0,0.0,1
2023-05-10 22:05:42,cu2311C68000,cu2311C68000,2876.0,0.0,0.0,0.0,2,722.0,0.0,0,2876.0,0.0,0.0,0.0,0.0,0.0,1
2023-05-10 22:05:43,cu2311C68000,cu2311C68000,2876.0,0.0,0.0,0.0,2,724.0,0.0,0,2876.0,0.0,0.0,0.0,0.0,0.0,1
2023-05-10 22:05:43,cu2311C68000,cu2311C68000,2876.0,0.0,0.0,0.0,1,726.0,0.0,0,2876.0,0.0,0.0,0.0,0.0,0.0,1
2023-05-10 22:05:44,cu2311C68000,cu2311C68000,2876.0,0.0,0.0,0.0,2,722.0,0.0,0,2876.0,0.0,0.0,0.0,0.0,0.0,1
2023-05-10 22:05:44,cu2311C68000,cu2311C68000,2876.0,0.0,0.0,0.0,2,724.0,0.0,0,2876.0,0.0,0.0,0.0,0.0,0.0,1
2023-05-10 22:05:45,cu2311C68000,cu2311C68000,2876.0,0.0,0.0,0.0,1,726.0,0.0,0,2876.0,0.0,0.0,0.0,0.0,0.0,1
2023-05-10 22:05:45,cu2311C68000,cu2311C68000,2876.0,0.0,0.0,0.0,2,722.0,0.0,0,2876.0,0.0,0.0,0.0,0.0,0.0,1
2023-05-10 22:05:46,cu2311C68000,cu2311C68000,2876.0,0.0,0.0,0.0,2,724.0,0.0,0,2876.0,0.0,0.0,0.0,0.0,0.0,1
2023-05-10 22:05:46,cu2311C68000,cu2311C68000,2876.0,0.0,0.0,0.0,1,738.0,0.0,0,2876.0,0.0,0.0,0.0,0.0,0.0,1
2023-05-10 22:05:47,cu2311C68000,cu2311C68000,2876.0,0.0,0.0,0.0,2,722.0,0.0,0,2876.0,0.0,0.0,0.0,0.0,0.0,1
2023-05-10 22:05:47,cu2311C68000,cu2311C68000,2876.0,0.0,0.0,0.0,2,724.0,0.0,0,2876.0,0.0,0.0,0.0,0.0,0.0,1
2023-05-10 22:05:48,cu2311C68000,cu2311C68000,2876.0,0.0,0.0,0.0,1,738.0,0.0,0,2876.0,0.0,0.0,0.0,0.0,0.0,1
2023-05-10 22:05:48,cu2311C68000,cu2311C68000,2876.0,0.0,0.0,0.0,2,722.0,0.0,0,2876.0,0.0,0.0,0.0,0.0,0.0,1
2023-05-10 22:05:49,cu2311C68000,cu2311C68000,2876.0,0.0,0.0,0.0,2,724.0,0.0,0,2876.0,0.0,0.0,0.0,0.0,0.0,1
2023-05-10 22:05:49,cu2311C68000,cu2311C68000,2876.0,0.0,0.0,0.0,1,738.0,0.0,0,2876.0,0.0,0.0,0.0,0.0,0.0,1
2023-05-10 22:05:50,cu2311C68000,cu2311C68000,2876.0,0.0,0.0,0.0,2,722.0,0.0,0,2876.0,0.0,0.0,0.0,0.0,0.0,1
2023-05-10 22:05:50,cu2311C68000,cu2311C68000,2876.0,0.0,0.0,0.0,2,724.0,0.0,0,2876.0,0.0,0.0,0.0,0.0,0.0,1
2023-05-10 22:05:52,cu2311C68000,cu2311C68000,2876.0,0.0,0.0,0.0,1,738.0,0.0,0,2876.0,0.0,0.0,0.0,0.0,0.0,1
2023-05-10 22:05:53,cu2311C68000,cu2311C68000,2876.0,0.0,0.0,0.0,2,722.0,0.0,0,2876.0,0.0,0.0,0.0,0.0,0.0,1
2023-05-10 22:05:53,cu2311C68000,cu2311C68000,2876.0,0.0,0.0,0.0,2,724.0,0.0,0,2876.0,0.0,0.0,0.0,0.0,0.0,1
2023-05-10 22:05:55,cu2311C68000,cu2311C68000,2876.0,0.0,0.0,0.0,1,750.0,0.0,0,2876.0,0.0,0.0,0.0,0.0,0.0,1
2023-05-10 22:05:56,cu2311C68000,cu2311C68000,2876.0,0.0,0.0,0.0,2,722.0,0.0,0,2876.0,0.0,0.0,0.0,0.0,0.0,1
2023-05-10 22:05:56,cu2311C68000,cu2311C68000,2876.0,0.0,0.0,0.0,2,724.0,0.0,0,2876.0,0.0,0.0,0.0,0.0,0.0,1
2023-05-10 22:05:58,cu2311C68000,cu2311C68000,2876.0,0.0,0.0,0.0,1,750.0,0.0,0,2876.0,0.0,0.0,0.0,0.0,0.0,1
2023-05-10 22:05:59,cu2311C68000,cu2311C68000,2876.0,0.0,0.0,0.0,2,722.0,0.0,0,2876.0,0.0,0.0,0.0,0.0,0.0,1
2023-05-10 22:05:59,cu2311C68000,cu2311C68000,2876.0,0.0,0.0,0.0,2,724.0,0.0,0,2876.0,0.0,0.0,0.0,0.0,0.0,1
2023-05-10 22:06:01,cu2311C68000,cu2311C68000,2876.0,0.0,0.0,0.0,1,750.0,0.0,0,2876.0,0.0,0.0,0.0,0.0,0.0,1
2023-05-10 22:06:02,cu2311C68000,cu2311C68000,2876.0,0.0,0.0,0.0,2,722.0,0.0,0,2876.0,0.0,0.0,0.0,0.0,0.0,1
2023-05-10 22:06:02,cu2311C68000,cu2311C68000,2876.0,0.0,0.0,0.0,2,724.0,0.0,0,2876.0,0.0,0.0,0.0,0.0,0.0,1
2023-05-10 22:06:04,cu2311C68000,cu2311C68000,2876.0,0.0,0.0,0.0,1,750.0,0.0,0,2876.0,0.0,0.0,0.0,0.0,0.0,1
2023-05-10 22:06:05,cu2311C68000,cu2311C68000,2876.0,0.0,0.0,0.0,2,722.0,0.0,0,2876.0,0.0,0.0,0.0,0.0,0.0,1
2023-05-10 22:06:05,cu2311C68000,cu2311C68000,2876.0,0.0,0.0,0.0,2,724.0,0.0,0,2876.0,0.0,0.0,0.0,0.0,0.0,1
2023-05-10 22:06:06,cu2311C68000,cu2311C68000,2876.0,0.0,0.0,0.0,1,750.0,0.0,0,2876.0,0.0,0.0,0.0,0.0,0.0,1
2023-05-10 22:06:06,cu2311C68000,cu2311C68000,2876.0,0.0,0.0,0.0,2,722.0,0.0,0,2876.0,0.0,0.0,0.0,0.0,0.0,1
2023-05-10 22:06:07,cu2311C68000,cu2311C68000,2876.0,0.0,0.0,0.0,2,724.0,0.0,0,2876.0,0.0,0.0,0.0,0.0,0.0,1
2023-05-10 22:06:07,cu2311C68000,cu2311C68000,2876.0,0.0,0.0,0.0,1,750.0,0.0,0,2876.0,0.0,0.0,0.0,0.0,0.0,1
2023-05-10 22:06:08,cu2311C68000,cu2311C68000,2876.0,0.0,0.0,0.0,2,722.0,0.0,0,2876.0,0.0,0.0,0.0,0.0,0.0,1
2023-05-10 22:06:08,cu2311C68000,cu2311C68000,2876.0,0.0,0.0,0.0,2,724.0,0.0,0,2876.0,0.0,0.0,0.0,0.0,0.0,1
2023-05-10 22:06:09,cu2311C68000,cu2311C68000,2876.0,0.0,0.0,0.0,1,750.0,0.0,0,2876.0,0.0,0.0,0.0,0.0,0.0,1
2023-05-10 22:06:09,cu2311C68000,cu2311C68000,2876.0,0.0,0.0,0.0,2,722.0,0.0,0,2876.0,0.0,0.0,0.0,0.0,0.0,1
2023-05-10 22:06:10,cu2311C68000,cu2311C68000,2876.0,0.0,0.0,0.0,2,724.0,0.0,0,2876.0,0.0,0.0,0.0,0.0,0.0,1
2023-05-10 22:06:10,cu2311C68000,cu2311C68000,2876.0,0.0,0.0,0.0,1,750.0,0.0,0,2876.0,0.0,0.0,0.0,0.0,0.0,1
2023-05-10 22:06:11,cu2311C68000,cu2311C68000,2876.0,0.0,0.0,0.0,2,724.0,0.0,0,2876.0,0.0,0.0,0.0,0.0,0.0,1
2023-05-10 22:06:11,cu2311C68000,cu2311C68000,2876.0,0.0,0.0,0.0,2,722.0,0.0,0,2876.0,0.0,0.0,0.0,0.0,0.0,1
2023-05-10 22:06:12,cu2311C68000,cu2311C68000,2876.0,0.0,0.0,0.0,2,724.0,0.0,0,2876.0,0.0,0.0,0.0,0.0,0.0,1
2023-05-10 22:06:12,cu2311C68000,cu2311C68000,2876.0,0.0,0.0,0.0,1,750.0,0.0,0,2876.0,0.0,0.0,0.0,0.0,0.0,1
2023-05-10 22:06:13,cu2311C68000,cu2311C68000,2876.0,0.0,0.0,0.0,2,722.0,0.0,0,2876.0,0.0,0.0,0.0,0.0,0.0,1
2023-05-10 22:06:13,cu2311C68000,cu2311C68000,2876.0,0.0,0.0,0.0,2,724.0,0.0,0,2876.0,0.0,0.0,0.0,0.0,0.0,1
2023-05-10 22:06:14,cu2311C68000,cu2311C68000,2876.0,0.0,0.0,0.0,1,750.0,0.0,0,2876.0,0.0,0.0,0.0,0.0,0.0,1
2023-05-10 22:06:14,cu2311C68000,cu2311C68000,2876.0,0.0,0.0,0.0,2,722.0,0.0,0,2876.0,0.0,0.0,0.0,0.0,0.0,1
2023-05-10 22:06:15,cu2311C68000,cu2311C68000,2876.0,0.0,0.0,0.0,2,724.0,0.0,0,2876.0,0.0,0.0,0.0,0.0,0.0,1
2023-05-10 22:06:17,cu2311C68000,cu2311C68000,2876.0,0.0,0.0,0.0,1,750.0,0.0,0,2876.0,0.0,0.0,0.0,0.0,0.0,1
2023-05-10 22:06:17,cu2311C68000,cu2311C68000,2876.0,0.0,0.0,0.0,2,722.0,0.0,0,2876.0,0.0,0.0,0.0,0.0,0.0,1
2023-05-10 22:06:18,cu2311C68000,cu2311C68000,2876.0,0.0,0.0,0.0,2,724.0,0.0,0,2876.0,0.0,0.0,0.0,0.0,0.0,1
2023-05-10 22:06:18,cu2311C68000,cu2311C68000,2876.0,0.0,0.0,0.0,1,750.0,0.0,0,2876.0,0.0,0.0,0.0,0.0,0.0,1
2023-05-10 22:06:19,cu2311C68000,cu2311C68000,2876.0,0.0,0.0,0.0,2,722.0,0.0,0,2876.0,0.0,0.0,0.0,0.0,0.0,1
2023-05-10 22:06:19,cu2311C68000,cu2311C68000,2876.0,0.0,0.0,0.0,2,724.0,0.0,0,2876.0,0.0,0.0,0.0,0.0,0.0,1
2023-05-10 22:06:20,cu2311C68000,cu2311C68000,2876.0,0.0,0.0,0.0,1,750.0,0.0,0,2876.0,0.0,0.0,0.0,0.0,0.0,1
2023-05-10 22:06:20,cu2311C68000,cu2311C68000,2876.0,0.0,0.0,0.0,2,722.0,0.0,0,2876.0,0.0,0.0,0.0,0.0,0.0,1
2023-05-10 22:06:21,cu2311C68000,cu2311C68000,2876.0,0.0,0.0,0.0,2,724.0,0.0,0,2876.0,0.0,0.0,0.0,0.0,0.0,1
2023-05-10 22:06:21,cu2311C68000,cu2311C68000,2876.0,0.0,0.0,0.0,1,750.0,0.0,0,2876.0,0.0,0.0,0.0,0.0,0.0,1
2023-05-10 22:06:22,cu2311C68000,cu2311C68000,2876.0,0.0,0.0,0.0,2,722.0,0.0,0,2876.0,0.0,0.0,0.0,0.0,0.0,1
2023-05-10 22:06:22,cu2311C68000,cu2311C68000,2876.0,0.0,0.0,0.0,2,724.0,0.0,0,2876.0,0.0,0.0,0.0,0.0,0.0,1
2023-05-10 22:06:23,cu2311C68000,cu2311C68000,2876.0,0.0,0.0,0.0,1,750.0,0.0,0,2876.0,0.0,0.0,0.0,0.0,0.0,1
2023-05-10 22:06:23,cu2311C68000,cu2311C68000,2876.0,0.0,0.0,0.0,2,722.0,0.0,0,2876.0,0.0,0.0,0.0,0.0,0.0,1
2023-05-10 22:06:24,cu2311C68000,cu2311C68000,2876.0,0.0,0.0,0.0,2,724.0,0.0,0,2876.0,0.0,0.0,0.0,0.0,0.0,1
2023-05-10 22:06:24,cu2311C68000,cu2311C68000,2876.0,0.0,0.0,0.0,1,750.0,0.0,0,2876.0,0.0,0.0,0.0,0.0,0.0,1
2023-05-10 22:06:25,cu2311C68000,cu2311C68000,2876.0,0.0,0.0,0.0,2,722.0,0.0,0,2876.0,0.0,0.0,0.0,0.0,0.0,1
2023-05-10 22:06:25,cu2311C68000,cu2311C68000,2876.0,0.0,0.0,0.0,2,724.0,0.0,0,2876.0,0.0,0.0,0.0,0.0,0.0,1
2023-05-10 22:06:26,cu2311C68000,cu2311C68000,2876.0,0.0,0.0,0.0,1,750.0,0.0,0,2876.0,0.0,0.0,0.0,0.0,0.0,1
2023-05-10 22:06:26,cu2311C68000,cu2311C68000,2876.0,0.0,0.0,0.0,2,724.0,0.0,0,2876.0,0.0,0.0,0.0,0.0,0.0,1
2023-05-10 22:06:27,cu2311C68000,cu2311C68000,2876.0,0.0,0.0,0.0,2,722.0,0.0,0,2876.0,0.0,0.0,0.0,0.0,0.0,1
2023-05-10 22:06:27,cu2311C68000,cu2311C68000,2876.0,0.0,0.0,0.0,2,724.0,0.0,0,2876.0,0.0,0.0,0.0,0.0,0.0,1
2023-05-10 22:06:28,cu2311C68000,cu2311C68000,2876.0,0.0,0.0,0.0,1,750.0,0.0,0,2876.0,0.0,0.0,0.0,0.0,0.0,1
2023-05-10 22:06:28,cu2311C68000,cu2311C68000,2876.0,0.0,0.0,0.0,2,722.0,0.0,0,2876.0,0.0,0.0,0.0,0.0,0.0,1
2023-05-10 22:06:29,cu2311C68000,cu2311C68000,2876.0,0.0,0.0,0.0,2,724.0,0.0,0,2876.0,0.0,0.0,0.0,0.0,0.0,1
2023-05-10 22:06:29,cu2311C68000,cu2311C68000,2876.0,0.0,0.0,0.0,1,750.0,0.0,0,2876.0,0.0,0.0,0.0,0.0,0.0,1
2023-05-10 22:06:30,cu2311C68000,cu2311C68000,2876.0,0.0,0.0,0.0,2,722.0,0.0,0,2876.0,0.0,0.0,0.0,0.0,0.0,1
2023-05-10 22:06:30,cu2311C68000,cu2311C68000,2876.0,0.0,0.0,0.0,2,724.0,0.0,0,2876.0,0.0,0.0,0.0,0.0,0.0,1
2023-05-10 22:06:31,cu2311C68000,cu2311C68000,2876.0,0.0,0.0,0.0,1,750.0,0.0,0,2876.0,0.0,0.0,0.0,0.0,0.0,1
2023-05-10 22:06:31,cu2311C68000,cu2311C68000,2876.0,0.0,0.0,0.0,2,722.0,0.0,0,2876.0,0.0,0.0,0.0,0.0,0.0,1
2023-05-10 22:06:32,cu2311C68000,cu2311C68000,2876.0,0.0,0.0,0.0,2,724.0,0.0,0,2876.0,0.0,0.0,0.0,0.0,0.0,1
2023-05-10 22:06:32,cu2311C68000,cu2311C68000,2876.0,0.0,0.0,0.0,1,750.0,0.0,0,2876.0,0.0,0.0,0.0,0.0,0.0,1
2023-05-10 22:06:33,cu2311C68000,cu2311C68000,2876.0,0.0,0.0,0.0,2,722.0,0.0,0,2876.0,0.0,0.0,0.0,0.0,0.0,1
2023-05-10 22:06:33,cu2311C68000,cu2311C68000,2876.0,0.0,0.0,0.0,2,724.0,0.0,0,2876.0,0.0,0.0,0.0,0.0,0.0,1
2023-05-10 22:06:34,cu2311C68000,cu2311C68000,2876.0,0.0,0.0,0.0,1,750.0,0.0,0,2876.0,0.0,0.0,0.0,0.0,0.0,1
2023-05-10 22:06:34,cu2311C68000,cu2311C68000,2876.0,0.0,0.0,0.0,2,722.0,0.0,0,2876.0,0.0,0.0,0.0,0.0,0.0,1
2023-05-10 22:06:35,cu2311C68000,cu2311C68000,2876.0,0.0,0.0,0.0,2,724.0,0.0,0,2876.0,0.0,0.0,0.0,0.0,0.0,1
2023-05-10 22:06:35,cu2311C68000,cu2311C68000,2876.0,0.0,0.0,0.0,1,750.0,0.0,0,2876.0,0.0,0.0,0.0,0.0,0.0,1
2023-05-10 22:06:36,cu2311C68000,cu2311C68000,2876.0,0.0,0.0,0.0,2,722.0,0.0,0,2876.0,0.0,0.0,0.0,0.0,0.0,1
2023-05-10 22:06:36,cu2311C68000,cu2311C68000,2876.0,0.0,0.0,0.0,2,724.0,0.0,0,2876.0,0.0,0.0,0.0,0.0,0.0,1
2023-05-10 22:06:37,cu2311C68000,cu2311C68000,2876.0,0.0,0.0,0.0,1,750.0,0.0,0,2876.0,0.0,0.0,0.0,0.0,0.0,1
2023-05-10 22:06:37,cu2311C68000,cu2311C68000,2876.0,0.0,0.0,0.0,2,722.0,0.0,0,2876.0,0.0,0.0,0.0,0.0,0.0,1
2023-05-10 22:06:38,cu2311C68000,cu2311C68000,2876.0,0.0,0.0,0.0,2,724.0,0.0,0,2876.0,0.0,0.0,0.0,0.0,0.0,1
2023-05-10 22:06:38,cu2311C68000,cu2311C68000,2876.0,0.0,0.0,0.0,1,750.0,0.0,0,2876.0,0.0,0.0,0.0,0.0,0.0,1
2023-05-10 22:06:39,cu2311C68000,cu2311C68000,2876.0,0.0,0.0,0.0,2,724.0,0.0,0,2876.0,0.0,0.0,0.0,0.0,0.0,1
2023-05-10 22:06:41,cu2311C68000,cu2311C68000,2876.0,0.0,0.0,0.0,1,750.0,0.0,0,2876.0,0.0,0.0,0.0,0.0,0.0,1
2023-05-10 22:06:41,cu2311C68000,cu2311C68000,2876.0,0.0,0.0,0.0,2,722.0,0.0,0,2876.0,0.0,0.0,0.0,0.0,0.0,1
2023-05-10 22:06:42,cu2311C68000,cu2311C68000,2876.0,0.0,0.0,0.0,2,724.0,0.0,0,2876.0,0.0,0.0,0.0,0.0,0.0,1
2023-05-10 22:06:42,cu2311C68000,cu2311C68000,2876.0,0.0,0.0,0.0,1,750.0,0.0,0,2876.0,0.0,0.0,0.0,0.0,0.0,1
2023-05-10 22:06:43,cu2311C68000,cu2311C68000,2876.0,0.0,0.0,0.0,1,750.0,0.0,0,2876.0,0.0,0.0,0.0,0.0,0.0,1
2023-05-10 22:06:44,cu2311C68000,cu2311C68000,2876.0,0.0,0.0,0.0,2,752.0,0.0,0,2876.0,0.0,0.0,0.0,0.0,0.0,1
2023-05-10 22:06:44,cu2311C68000,cu2311C68000,2876.0,0.0,0.0,0.0,1,778.0,0.0,0,2876.0,0.0,0.0,0.0,0.0,0.0,1
2023-05-10 22:06:45,cu2311C68000,cu2311C68000,2876.0,0.0,0.0,0.0,1,778.0,0.0,0,2876.0,0.0,0.0,0.0,0.0,0.0,1
2023-05-10 22:06:45,cu2311C68000,cu2311C68000,2876.0,0.0,0.0,0.0,2,780.0,0.0,0,2876.0,0.0,0.0,0.0,0.0,0.0,1
2023-05-10 22:06:46,cu2311C68000,cu2311C68000,2876.0,0.0,0.0,0.0,1,806.0,0.0,0,2876.0,0.0,0.0,0.0,0.0,0.0,1
2023-05-10 22:06:47,cu2311C68000,cu2311C68000,2876.0,0.0,0.0,0.0,1,806.0,0.0,0,2876.0,0.0,0.0,0.0,0.0,0.0,1
2023-05-10 22:06:47,cu2311C68000,cu2311C68000,2876.0,0.0,0.0,0.0,2,808.0,0.0,0,2876.0,0.0,0.0,0.0,0.0,0.0,1
2023-05-10 22:06:48,cu2311C68000,cu2311C68000,2876.0,0.0,0.0,0.0,1,834.0,0.0,0,2876.0,0.0,0.0,0.0,0.0,0.0,1
2023-05-10 22:06:48,cu2311C68000,cu2311C68000,2876.0,0.0,0.0,0.0,1,834.0,0.0,0,2876.0,0.0,0.0,0.0,0.0,0.0,1
2023-05-10 22:06:49,cu2311C68000,cu2311C68000,2876.0,0.0,0.0,0.0,2,836.0,0.0,0,2876.0,0.0,0.0,0.0,0.0,0.0,1
2023-05-10 22:06:49,cu2311C68000,cu2311C68000,2876.0,0.0,0.0,0.0,1,862.0,0.0,0,2876.0,0.0,0.0,0.0,0.0,0.0,1
2023-05-10 22:06:50,cu2311C68000,cu2311C68000,2876.0,0.0,0.0,0.0,1,862.0,0.0,0,2876.0,0.0,0.0,0.0,0.0,0.0,1
2023-05-10 22:06:50,cu2311C68000,cu2311C68000,2876.0,0.0,0.0,0.0,2,864.0,0.0,0,2876.0,0.0,0.0,0.0,0.0,0.0,1
2023-05-10 22:06:51,cu2311C68000,cu2311C68000,2876.0,0.0,0.0,0.0,1,878.0,0.0,0,2876.0,0.0,0.0,0.0,0.0,0.0,1
2023-05-10 22:06:51,cu2311C68000,cu2311C68000,2876.0,0.0,0.0,0.0,1,878.0,0.0,0,2876.0,0.0,0.0,0.0,0.0,0.0,1
2023-05-10 22:06:52,cu2311C68000,cu2311C68000,2876.0,0.0,0.0,0.0,2,880.0,0.0,0,2876.0,0.0,0.0,0.0,0.0,0.0,1
2023-05-10 22:06:52,cu2311C68000,cu2311C68000,2876.0,0.0,0.0,0.0,1,882.0,0.0,0,2876.0,0.0,0.0,0.0,0.0,0.0,1
2023-05-10 22:06:53,cu2311C68000,cu2311C68000,2876.0,0.0,0.0,0.0,1,882.0,0.0,0,2876.0,0.0,0.0,0.0,0.0,0.0,1
2023-05-10 22:06:53,cu2311C68000,cu2311C68000,2876.0,0.0,0.0,0.0,2,884.0,0.0,0,2876.0,0.0,0.0,0.0,0.0,0.0,1
2023-05-10 22:06:54,cu2311C68000,cu2311C68000,2876.0,0.0,0.0,0.0,1,886.0,0.0,0,2876.0,0.0,0.0,0.0,0.0,0.0,1
2023-05-10 22:06:54,cu2311C68000,cu2311C68000,2876.0,0.0,0.0,0.0,1,886.0,0.0,0,2876.0,0.0,0.0,0.0,0.0,0.0,1
2023-05-10 22:06:55,cu2311C68000,cu2311C68000,2876.0,0.0,0.0,0.0,2,888.0,0.0,0,2876.0,0.0,0.0,0.0,0.0,0.0,1
2023-05-10 22:06:55,cu2311C68000,cu2311C68000,2876.0,0.0,0.0,0.0,1,890.0,0.0,0,2876.0,0.0,0.0,0.0,0.0,0.0,1
2023-05-10 22:06:57,cu2311C68000,cu2311C68000,2876.0,0.0,0.0,0.0,1,890.0,0.0,0,2876.0,0.0,0.0,0.0,0.0,0.0,1
2023-05-10 22:06:57,cu2311C68000,cu2311C68000,2876.0,0.0,0.0,0.0,2,892.0,0.0,0,2876.0,0.0,0.0,0.0,0.0,0.0,1
2023-05-10 22:06:58,cu2311C68000,cu2311C68000,2876.0,0.0,0.0,0.0,1,894.0,0.0,0,2876.0,0.0,0.0,0.0,0.0,0.0,1
2023-05-10 22:06:58,cu2311C68000,cu2311C68000,2876.0,0.0,0.0,0.0,1,894.0,0.0,0,2876.0,0.0,0.0,0.0,0.0,0.0,1
2023-05-10 22:06:59,cu2311C68000,cu2311C68000,2876.0,0.0,0.0,0.0,2,896.0,0.0,0,2876.0,0.0,0.0,0.0,0.0,0.0,1
2023-05-10 22:06:59,cu2311C68000,cu2311C68000,2876.0,0.0,0.0,0.0,2,896.0,0.0,0,2876.0,0.0,0.0,0.0,0.0,0.0,1
2023-05-10 22:50:02,cu2311C68000,cu2311C68000,2876.0,0.0,0.0,0.0,2,896.0,0.0,0,2876.0,0.0,0.0,0.0,0.0,0.0,1
2023-05-10 22:57:03,cu2311C68000,cu2311C68000,2876.0,0.0,0.0,0.0,2,722.0,0.0,0,2876.0,0.0,0.0,0.0,0.0,0.0,1
2023-05-10 23:00:07,cu2311C68000,cu2311C68000,2876.0,0.0,0.0,0.0,2,724.0,0.0,0,2876.0,0.0,0.0,0.0,0.0,0.0,1
2023-05-11 00:55:03,cu2311C68000,cu2311C68000,2876.0,0.0,0.0,0.0,2,722.0,0.0,0,2876.0,0.0,0.0,0.0,0.0,0.0,1
2023-05-11 00:59:42,cu2311C68000,cu2311C68000,2876.0,0.0,0.0,0.0,1,722.0,0.0,0,2876.0,0.0,0.0,0.0,0.0,0.0,1
2023-05-11 00:59:46,cu2311C68000,cu2311C68000,2876.0,0.0,0.0,0.0,1,12.0,0.0,0,2876.0,0.0,0.0,0.0,0.0,0.0,1
2023-05-11 00:59:46,cu2311C68000,cu2311C68000,2876.0,0.0,0.0,0.0,1,12.0,0.0,0,2876.0,0.0,0.0,0.0,0.0,0.0,1
2023-05-11 09:00:22,cu2311C68000,cu2311C68000,2876.0,0.0,0.0,0.0,1,630.0,0.0,0,2876.0,0.0,0.0,0.0,0.0,0.0,1
2023-05-11 09:00:22,cu2311C68000,cu2311C68000,2876.0,0.0,0.0,0.0,2,632.0,0.0,0,2876.0,0.0,0.0,0.0,0.0,0.0,1
2023-05-11 09:12:38,cu2311C68000,cu2311C68000,2876.0,0.0,0.0,0.0,2,632.0,0.0,0,2876.0,0.0,0.0,0.0,0.0,0.0,1
2023-05-11 09:31:50,cu2311C68000,cu2311C68000,2876.0,0.0,0.0,0.0,2,632.0,0.0,0,2876.0,0.0,0.0,0.0,0.0,0.0,1
2023-05-11 09:33:03,cu2311C68000,cu2311C68000,2876.0,0.0,0.0,0.0,2,632.0,0.0,0,2876.0,0.0,0.0,0.0,0.0,0.0,1
2023-05-11 09:36:44,cu2311C68000,cu2311C68000,2876.0,0.0,0.0,0.0,2,632.0,0.0,0,2876.0,0.0,0.0,0.0,0.0,0.0,1
2023-05-11 10:07:30,cu2311C68000,cu2311C68000,2876.0,0.0,0.0,0.0,1,630.0,0.0,0,2876.0,0.0,0.0,0.0,0.0,0.0,1
2023-05-11 10:09:37,cu2311C68000,cu2311C68000,2876.0,0.0,0.0,0.0,2,632.0,0.0,0,2876.0,0.0,0.0,0.0,0.0,0.0,1
2023-05-11 10:14:33,cu2311C68000,cu2311C68000,2876.0,0.0,0.0,0.0,1,630.0,0.0,0,2876.0,0.0,0.0,0.0,0.0,0.0,1
2023-05-11 10:30:06,cu2311C68000,cu2311C68000,2876.0,0.0,0.0,0.0,2,632.0,0.0,0,2876.0,0.0,0.0,0.0,0.0,0.0,1
2023-05-11 11:29:32,cu2311C68000,cu2311C68000,2876.0,0.0,0.0,0.0,1,630.0,0.0,0,2876.0,0.0,0.0,0.0,0.0,0.0,1
2023-05-11 13:30:21,cu2311C68000,cu2311C68000,2876.0,0.0,0.0,0.0,2,632.0,0.0,0,2876.0,0.0,0.0,0.0,0.0,0.0,1
2023-05-11 13:35:24,cu2311C68000,cu2311C68000,2876.0,0.0,0.0,0.0,1,2436.0,2458.0,1,2876.0,0.0,0.0,0.0,0.0,0.0,1
2023-05-11 13:35:24,cu2311C68000,cu2311C68000,2876.0,0.0,0.0,0.0,1,2436.0,2458.0,1,2876.0,0.0,0.0,0.0,0.0,0.0,1
2023-05-11 13:35:29,cu2311C68000,cu2311C68000,2876.0,0.0,0.0,0.0,1,2436.0,2458.0,1,2876.0,0.0,0.0,0.0,0.0,0.0,1
2023-05-11 13:35:30,cu2311C68000,cu2311C68000,2876.0,0.0,0.0,0.0,1,2436.0,2458.0,1,2876.0,0.0,0.0,0.0,0.0,0.0,1
2023-05-11 13:35:31,cu2311C68000,cu2311C68000,2876.0,0.0,0.0,0.0,1,2436.0,2458.0,1,2876.0,0.0,0.0,0.0,0.0,0.0,1
2023-05-11 13:35:31,cu2311C68000,cu2311C68000,2876.0,0.0,0.0,0.0,2,2436.0,2458.0,1,2876.0,0.0,0.0,0.0,0.0,0.0,1
2023-05-11 13:35:32,cu2311C68000,cu2311C68000,2876.0,0.0,0.0,0.0,2,2436.0,2458.0,1,2876.0,0.0,0.0,0.0,0.0,0.0,1
2023-05-11 13:35:34,cu2311C68000,cu2311C68000,2876.0,0.0,0.0,0.0,2,2436.0,2458.0,1,2876.0,0.0,0.0,0.0,0.0,0.0,1
2023-05-11 13:35:35,cu2311C68000,cu2311C68000,2876.0,0.0,0.0,0.0,1,2436.0,2458.0,1,2876.0,0.0,0.0,0.0,0.0,0.0,1
2023-05-11 13:35:36,cu2311C68000,cu2311C68000,2876.0,0.0,0.0,0.0,2,2436.0,2458.0,1,2876.0,0.0,0.0,0.0,0.0,0.0,1
2023-05-11 13:35:41,cu2311C68000,cu2311C68000,2876.0,0.0,0.0,0.0,2,2436.0,2458.0,1,2876.0,0.0,0.0,0.0,0.0,0.0,1
2023-05-11 13:35:42,cu2311C68000,cu2311C68000,2876.0,0.0,0.0,0.0,1,2436.0,2458.0,1,2876.0,0.0,0.0,0.0,0.0,0.0,1
2023-05-11 13:35:42,cu2311C68000,cu2311C68000,2876.0,0.0,0.0,0.0,1,2436.0,2458.0,1,2876.0,0.0,0.0,0.0,0.0,0.0,1
2023-05-11 13:35:43,cu2311C68000,cu2311C68000,2876.0,0.0,0.0,0.0,1,2436.0,2458.0,1,2876.0,0.0,0.0,0.0,0.0,0.0,1
2023-05-11 13:35:44,cu2311C68000,cu2311C68000,2876.0,0.0,0.0,0.0,1,2436.0,2458.0,1,2876.0,0.0,0.0,0.0,0.0,0.0,1
2023-05-11 13:35:45,cu2311C68000,cu2311C68000,2876.0,0.0,0.0,0.0,1,2436.0,2458.0,1,2876.0,0.0,0.0,0.0,0.0,0.0,1
2023-05-11 13:35:46,cu2311C68000,cu2311C68000,2876.0,0.0,0.0,0.0,1,630.0,0.0,0,2876.0,0.0,0.0,0.0,0.0,0.0,1
2023-05-11 13:35:47,cu2311C68000,cu2311C68000,2876.0,0.0,0.0,0.0,2,632.0,0.0,0,2876.0,0.0,0.0,0.0,0.0,0.0,1
2023-05-11 13:48:38,cu2311C68000,cu2311C68000,2876.0,0.0,0.0,0.0,1,2470.0,2506.0,1,2876.0,0.0,0.0,0.0,0.0,0.0,1
2023-05-11 13:48:38,cu2311C68000,cu2311C68000,2876.0,0.0,0.0,0.0,1,2470.0,2506.0,1,2876.0,0.0,0.0,0.0,0.0,0.0,1
2023-05-11 13:48:43,cu2311C68000,cu2311C68000,2876.0,0.0,0.0,0.0,1,2474.0,2506.0,1,2876.0,0.0,0.0,0.0,0.0,0.0,1
2023-05-11 13:48:44,cu2311C68000,cu2311C68000,2876.0,0.0,0.0,0.0,2,2474.0,2506.0,1,2876.0,0.0,0.0,0.0,0.0,0.0,1
2023-05-11 13:48:44,cu2311C68000,cu2311C68000,2876.0,0.0,0.0,0.0,2,2474.0,2506.0,1,2876.0,0.0,0.0,0.0,0.0,0.0,1
2023-05-11 13:48:45,cu2311C68000,cu2311C68000,2876.0,0.0,0.0,0.0,2,2474.0,2506.0,1,2876.0,0.0,0.0,0.0,0.0,0.0,1
2023-05-11 13:48:46,cu2311C68000,cu2311C68000,2876.0,0.0,0.0,0.0,2,2474.0,2506.0,1,2876.0,0.0,0.0,0.0,0.0,0.0,1
2023-05-11 13:48:48,cu2311C68000,cu2311C68000,2876.0,0.0,0.0,0.0,2,2474.0,2506.0,1,2876.0,0.0,0.0,0.0,0.0,0.0,1
2023-05-11 13:48:50,cu2311C68000,cu2311C68000,2876.0,0.0,0.0,0.0,3,2474.0,2506.0,1,2876.0,0.0,0.0,0.0,0.0,0.0,1
2023-05-11 13:48:54,cu2311C68000,cu2311C68000,2876.0,0.0,0.0,0.0,1,2474.0,2506.0,1,2876.0,0.0,0.0,0.0,0.0,0.0,1
2023-05-11 13:48:56,cu2311C68000,cu2311C68000,2876.0,0.0,0.0,0.0,1,2474.0,2506.0,1,2876.0,0.0,0.0,0.0,0.0,0.0,1
2023-05-11 13:48:56,cu2311C68000,cu2311C68000,2876.0,0.0,0.0,0.0,1,2474.0,2506.0,1,2876.0,0.0,0.0,0.0,0.0,0.0,1
2023-05-11 13:48:57,cu2311C68000,cu2311C68000,2876.0,0.0,0.0,0.0,1,2474.0,2506.0,1,2876.0,0.0,0.0,0.0,0.0,0.0,1
2023-05-11 13:48:58,cu2311C68000,cu2311C68000,2876.0,0.0,0.0,0.0,1,2474.0,2506.0,1,2876.0,0.0,0.0,0.0,0.0,0.0,1
2023-05-11 13:48:59,cu2311C68000,cu2311C68000,2876.0,0.0,0.0,0.0,1,2474.0,2506.0,1,2876.0,0.0,0.0,0.0,0.0,0.0,1
2023-05-11 13:49:00,cu2311C68000,cu2311C68000,2876.0,0.0,0.0,0.0,1,630.0,0.0,0,2876.0,0.0,0.0,0.0,0.0,0.0,1
2023-05-11 13:49:01,cu2311C68000,cu2311C68000,2876.0,0.0,0.0,0.0,2,632.0,0.0,0,2876.0,0.0,0.0,0.0,0.0,0.0,1
2023-05-11 13:49:52,cu2311C68000,cu2311C68000,2876.0,0.0,0.0,0.0,1,2468.0,2504.0,1,2876.0,0.0,0.0,0.0,0.0,0.0,1
2023-05-11 13:49:53,cu2311C68000,cu2311C68000,2876.0,0.0,0.0,0.0,1,2468.0,2504.0,1,2876.0,0.0,0.0,0.0,0.0,0.0,1
2023-05-11 13:49:55,cu2311C68000,cu2311C68000,2876.0,0.0,0.0,0.0,2,2468.0,2504.0,1,2876.0,0.0,0.0,0.0,0.0,0.0,1
2023-05-11 13:49:58,cu2311C68000,cu2311C68000,2876.0,0.0,0.0,0.0,2,2468.0,2504.0,1,2876.0,0.0,0.0,0.0,0.0,0.0,1
2023-05-11 13:49:58,cu2311C68000,cu2311C68000,2876.0,0.0,0.0,0.0,2,2468.0,2504.0,1,2876.0,0.0,0.0,0.0,0.0,0.0,1
2023-05-11 13:49:59,cu2311C68000,cu2311C68000,2876.0,0.0,0.0,0.0,3,2468.0,2504.0,1,2876.0,0.0,0.0,0.0,0.0,0.0,1
2023-05-11 13:49:59,cu2311C68000,cu2311C68000,2876.0,0.0,0.0,0.0,3,2468.0,2504.0,1,2876.0,0.0,0.0,0.0,0.0,0.0,1
2023-05-11 13:50:00,cu2311C68000,cu2311C68000,2876.0,0.0,0.0,0.0,3,2468.0,2504.0,1,2876.0,0.0,0.0,0.0,0.0,0.0,1
2023-05-11 13:50:02,cu2311C68000,cu2311C68000,2876.0,0.0,0.0,0.0,4,2468.0,2504.0,2,2876.0,0.0,0.0,0.0,0.0,0.0,1
2023-05-11 13:50:04,cu2311C68000,cu2311C68000,2876.0,0.0,0.0,0.0,4,2468.0,2504.0,2,2876.0,0.0,0.0,0.0,0.0,0.0,1
2023-05-11 13:50:06,cu2311C68000,cu2311C68000,2876.0,0.0,0.0,0.0,3,2468.0,2504.0,2,2876.0,0.0,0.0,0.0,0.0,0.0,1
2023-05-11 13:50:09,cu2311C68000,cu2311C68000,2876.0,0.0,0.0,0.0,2,2468.0,2504.0,2,2876.0,0.0,0.0,0.0,0.0,0.0,1
2023-05-11 13:50:10,cu2311C68000,cu2311C68000,2876.0,0.0,0.0,0.0,2,2468.0,2504.0,2,2876.0,0.0,0.0,0.0,0.0,0.0,1
2023-05-11 13:50:11,cu2311C68000,cu2311C68000,2876.0,0.0,0.0,0.0,2,2468.0,2504.0,2,2876.0,0.0,0.0,0.0,0.0,0.0,1
2023-05-11 13:50:11,cu2311C68000,cu2311C68000,2876.0,0.0,0.0,0.0,2,2468.0,2504.0,2,2876.0,0.0,0.0,0.0,0.0,0.0,1
2023-05-11 13:50:13,cu2311C68000,cu2311C68000,2876.0,0.0,0.0,0.0,2,2468.0,2504.0,2,2876.0,0.0,0.0,0.0,0.0,0.0,1
2023-05-11 13:50:13,cu2311C68000,cu2311C68000,2876.0,0.0,0.0,0.0,1,2468.0,2504.0,1,2876.0,0.0,0.0,0.0,0.0,0.0,1
2023-05-11 13:50:15,cu2311C68000,cu2311C68000,2876.0,0.0,0.0,0.0,1,630.0,0.0,0,2876.0,0.0,0.0,0.0,0.0,0.0,1
2023-05-11 13:50:15,cu2311C68000,cu2311C68000,2876.0,0.0,0.0,0.0,2,632.0,0.0,0,2876.0,0.0,0.0,0.0,0.0,0.0,1
2023-05-11 13:50:16,cu2311C68000,cu2311C68000,2876.0,0.0,0.0,0.0,1,656.0,0.0,0,2876.0,0.0,0.0,0.0,0.0,0.0,1
2023-05-11 13:50:16,cu2311C68000,cu2311C68000,2876.0,0.0,0.0,0.0,1,656.0,0.0,0,2876.0,0.0,0.0,0.0,0.0,0.0,1
2023-05-11 13:50:17,cu2311C68000,cu2311C68000,2876.0,0.0,0.0,0.0,2,658.0,0.0,0,2876.0,0.0,0.0,0.0,0.0,0.0,1
2023-05-11 13:50:18,cu2311C68000,cu2311C68000,2876.0,0.0,0.0,0.0,2,658.0,0.0,0,2876.0,0.0,0.0,0.0,0.0,0.0,1
2023-05-11 14:03:38,cu2311C68000,cu2311C68000,2876.0,0.0,0.0,0.0,1,2404.0,2440.0,1,2876.0,0.0,0.0,0.0,0.0,0.0,1
2023-05-11 14:03:38,cu2311C68000,cu2311C68000,2876.0,0.0,0.0,0.0,1,2404.0,2440.0,1,2876.0,0.0,0.0,0.0,0.0,0.0,1
2023-05-11 14:03:40,cu2311C68000,cu2311C68000,2876.0,0.0,0.0,0.0,1,2412.0,2440.0,1,2876.0,0.0,0.0,0.0,0.0,0.0,1
2023-05-11 14:03:41,cu2311C68000,cu2311C68000,2876.0,0.0,0.0,0.0,1,2412.0,2440.0,1,2876.0,0.0,0.0,0.0,0.0,0.0,1
2023-05-11 14:03:43,cu2311C68000,cu2311C68000,2876.0,0.0,0.0,0.0,1,2412.0,2440.0,1,2876.0,0.0,0.0,0.0,0.0,0.0,1
2023-05-11 14:03:44,cu2311C68000,cu2311C68000,2876.0,0.0,0.0,0.0,2,2412.0,2440.0,1,2876.0,0.0,0.0,0.0,0.0,0.0,1
2023-05-11 14:03:45,cu2311C68000,cu2311C68000,2876.0,0.0,0.0,0.0,2,2412.0,2440.0,1,2876.0,0.0,0.0,0.0,0.0,0.0,1
2023-05-11 14:03:45,cu2311C68000,cu2311C68000,2876.0,0.0,0.0,0.0,2,2412.0,2440.0,1,2876.0,0.0,0.0,0.0,0.0,0.0,1
2023-05-11 14:03:46,cu2311C68000,cu2311C68000,2876.0,0.0,0.0,0.0,2,2412.0,2440.0,1,2876.0,0.0,0.0,0.0,0.0,0.0,1
2023-05-11 14:03:48,cu2311C68000,cu2311C68000,2876.0,0.0,0.0,0.0,2,2412.0,2440.0,1,2876.0,0.0,0.0,0.0,0.0,0.0,1
2023-05-11 14:03:50,cu2311C68000,cu2311C68000,2876.0,0.0,0.0,0.0,2,2412.0,2440.0,1,2876.0,0.0,0.0,0.0,0.0,0.0,1
2023-05-11 14:03:51,cu2311C68000,cu2311C68000,2876.0,0.0,0.0,0.0,1,2412.0,2440.0,1,2876.0,0.0,0.0,0.0,0.0,0.0,1
2023-05-11 14:03:52,cu2311C68000,cu2311C68000,2876.0,0.0,0.0,0.0,1,2412.0,2440.0,1,2876.0,0.0,0.0,0.0,0.0,0.0,1
2023-05-11 14:03:54,cu2311C68000,cu2311C68000,2876.0,0.0,0.0,0.0,2,2410.0,2440.0,1,2876.0,0.0,0.0,0.0,0.0,0.0,1
2023-05-11 14:03:56,cu2311C68000,cu2311C68000,2876.0,0.0,0.0,0.0,2,2410.0,2440.0,1,2876.0,0.0,0.0,0.0,0.0,0.0,1
2023-05-11 14:03:56,cu2311C68000,cu2311C68000,2876.0,0.0,0.0,0.0,2,2410.0,2440.0,1,2876.0,0.0,0.0,0.0,0.0,0.0,1
2023-05-11 14:03:57,cu2311C68000,cu2311C68000,2876.0,0.0,0.0,0.0,1,2410.0,2440.0,1,2876.0,0.0,0.0,0.0,0.0,0.0,1
2023-05-11 14:03:58,cu2311C68000,cu2311C68000,2876.0,0.0,0.0,0.0,1,2410.0,2440.0,1,2876.0,0.0,0.0,0.0,0.0,0.0,1
2023-05-11 14:03:59,cu2311C68000,cu2311C68000,2876.0,0.0,0.0,0.0,1,2390.0,2440.0,1,2876.0,0.0,0.0,0.0,0.0,0.0,1
2023-05-11 14:04:00,cu2311C68000,cu2311C68000,2876.0,0.0,0.0,0.0,1,630.0,0.0,0,2876.0,0.0,0.0,0.0,0.0,0.0,1
2023-05-11 14:04:01,cu2311C68000,cu2311C68000,2876.0,0.0,0.0,0.0,2,632.0,0.0,0,2876.0,0.0,0.0,0.0,0.0,0.0,1
2023-05-11 14:16:24,cu2311C68000,cu2311C68000,2876.0,0.0,0.0,0.0,1,2402.0,2438.0,1,2876.0,0.0,0.0,0.0,0.0,0.0,1
2023-05-11 14:16:25,cu2311C68000,cu2311C68000,2876.0,0.0,0.0,0.0,1,2402.0,2438.0,1,2876.0,0.0,0.0,0.0,0.0,0.0,1
2023-05-11 14:16:29,cu2311C68000,cu2311C68000,2876.0,0.0,0.0,0.0,1,2418.0,2438.0,1,2876.0,0.0,0.0,0.0,0.0,0.0,1
2023-05-11 14:16:30,cu2311C68000,cu2311C68000,2876.0,0.0,0.0,0.0,1,2418.0,2438.0,1,2876.0,0.0,0.0,0.0,0.0,0.0,1
2023-05-11 14:16:30,cu2311C68000,cu2311C68000,2876.0,0.0,0.0,0.0,1,2418.0,2438.0,1,2876.0,0.0,0.0,0.0,0.0,0.0,1
2023-05-11 14:16:31,cu2311C68000,cu2311C68000,2876.0,0.0,0.0,0.0,2,2418.0,2438.0,1,2876.0,0.0,0.0,0.0,0.0,0.0,1
2023-05-11 14:16:32,cu2311C68000,cu2311C68000,2876.0,0.0,0.0,0.0,2,2418.0,2438.0,1,2876.0,0.0,0.0,0.0,0.0,0.0,1
2023-05-11 14:16:34,cu2311C68000,cu2311C68000,2876.0,0.0,0.0,0.0,2,2418.0,2438.0,1,2876.0,0.0,0.0,0.0,0.0,0.0,1
2023-05-11 14:16:36,cu2311C68000,cu2311C68000,2876.0,0.0,0.0,0.0,3,2418.0,2438.0,2,2876.0,0.0,0.0,0.0,0.0,0.0,1
2023-05-11 14:16:36,cu2311C68000,cu2311C68000,2876.0,0.0,0.0,0.0,3,2418.0,2438.0,1,2876.0,0.0,0.0,0.0,0.0,0.0,1
2023-05-11 14:16:40,cu2311C68000,cu2311C68000,2876.0,0.0,0.0,0.0,2,2418.0,2438.0,1,2876.0,0.0,0.0,0.0,0.0,0.0,1
2023-05-11 14:16:41,cu2311C68000,cu2311C68000,2876.0,0.0,0.0,0.0,1,2418.0,2438.0,1,2876.0,0.0,0.0,0.0,0.0,0.0,1
2023-05-11 14:16:42,cu2311C68000,cu2311C68000,2876.0,0.0,0.0,0.0,1,2418.0,2438.0,1,2876.0,0.0,0.0,0.0,0.0,0.0,1
2023-05-11 14:16:43,cu2311C68000,cu2311C68000,2876.0,0.0,0.0,0.0,1,2418.0,2438.0,1,2876.0,0.0,0.0,0.0,0.0,0.0,1
2023-05-11 14:16:43,cu2311C68000,cu2311C68000,2876.0,0.0,0.0,0.0,1,2418.0,2438.0,1,2876.0,0.0,0.0,0.0,0.0,0.0,1
2023-05-11 14:16:45,cu2311C68000,cu2311C68000,2876.0,0.0,0.0,0.0,1,2418.0,2438.0,1,2876.0,0.0,0.0,0.0,0.0,0.0,1
2023-05-11 14:16:45,cu2311C68000,cu2311C68000,2876.0,0.0,0.0,0.0,1,2418.0,2438.0,1,2876.0,0.0,0.0,0.0,0.0,0.0,1
2023-05-11 14:16:46,cu2311C68000,cu2311C68000,2876.0,0.0,0.0,0.0,1,630.0,0.0,0,2876.0,0.0,0.0,0.0,0.0,0.0,1
2023-05-11 14:16:47,cu2311C68000,cu2311C68000,2876.0,0.0,0.0,0.0,2,632.0,0.0,0,2876.0,0.0,0.0,0.0,0.0,0.0,1
2023-05-11 14:35:47,cu2311C68000,cu2311C68000,2876.0,0.0,0.0,0.0,1,630.0,0.0,0,2876.0,0.0,0.0,0.0,0.0,0.0,1
2023-05-11 14:44:20,cu2311C68000,cu2311C68000,2876.0,0.0,0.0,0.0,1,2174.0,2228.0,1,2876.0,0.0,0.0,0.0,0.0,0.0,1
2023-05-11 14:44:21,cu2311C68000,cu2311C68000,2876.0,0.0,0.0,0.0,1,2174.0,2228.0,1,2876.0,0.0,0.0,0.0,0.0,0.0,1
2023-05-11 14:44:22,cu2311C68000,cu2311C68000,2876.0,0.0,0.0,0.0,1,2174.0,2228.0,1,2876.0,0.0,0.0,0.0,0.0,0.0,1
2023-05-11 14:44:22,cu2311C68000,cu2311C68000,2876.0,0.0,0.0,0.0,1,2174.0,2192.0,1,2876.0,0.0,0.0,0.0,0.0,0.0,1
2023-05-11 14:44:23,cu2311C68000,cu2311C68000,2876.0,0.0,0.0,0.0,1,2174.0,2192.0,1,2876.0,0.0,0.0,0.0,0.0,0.0,1
2023-05-11 14:44:23,cu2311C68000,cu2311C68000,2876.0,0.0,0.0,0.0,1,2174.0,2192.0,1,2876.0,0.0,0.0,0.0,0.0,0.0,1
2023-05-11 14:44:25,cu2311C68000,cu2311C68000,2876.0,0.0,0.0,0.0,1,2174.0,2192.0,1,2876.0,0.0,0.0,0.0,0.0,0.0,1
2023-05-11 14:44:25,cu2311C68000,cu2311C68000,2876.0,0.0,0.0,0.0,2,2174.0,2192.0,1,2876.0,0.0,0.0,0.0,0.0,0.0,1
2023-05-11 14:44:31,cu2311C68000,cu2311C68000,2876.0,0.0,0.0,0.0,1,2174.0,2192.0,1,2876.0,0.0,0.0,0.0,0.0,0.0,1
2023-05-11 14:44:33,cu2311C68000,cu2311C68000,2876.0,0.0,0.0,0.0,1,2174.0,2192.0,1,2876.0,0.0,0.0,0.0,0.0,0.0,1
2023-05-11 14:44:34,cu2311C68000,cu2311C68000,2876.0,0.0,0.0,0.0,1,2174.0,2192.0,1,2876.0,0.0,0.0,0.0,0.0,0.0,1
2023-05-11 14:44:35,cu2311C68000,cu2311C68000,2876.0,0.0,0.0,0.0,1,2174.0,2224.0,1,2876.0,0.0,0.0,0.0,0.0,0.0,1
2023-05-11 14:44:36,cu2311C68000,cu2311C68000,2876.0,0.0,0.0,0.0,1,2174.0,2278.0,1,2876.0,0.0,0.0,0.0,0.0,0.0,1
2023-05-11 14:44:40,cu2311C68000,cu2311C68000,2876.0,0.0,0.0,0.0,1,630.0,0.0,0,2876.0,0.0,0.0,0.0,0.0,0.0,1
2023-05-11 14:44:41,cu2311C68000,cu2311C68000,2876.0,0.0,0.0,0.0,1,656.0,0.0,0,2876.0,0.0,0.0,0.0,0.0,0.0,1
2023-05-11 14:44:43,cu2311C68000,cu2311C68000,2876.0,0.0,0.0,0.0,1,630.0,0.0,0,2876.0,0.0,0.0,0.0,0.0,0.0,1
2023-05-11 14:46:58,cu2311C68000,cu2311C68000,2876.0,0.0,0.0,0.0,2,632.0,0.0,0,2876.0,0.0,0.0,0.0,0.0,0.0,1
2023-05-11 14:52:15,cu2311C68000,cu2311C68000,2876.0,0.0,0.0,0.0,1,630.0,0.0,0,2876.0,0.0,0.0,0.0,0.0,0.0,1
2023-05-11 15:18:18,cu2311C68000,cu2311C68000,2876.0,0.0,0.0,0.0,1,630.0,0.0,0,2876.0,0.0,0.0,0.0,0.0,0.0,1
