time,symbol_id,symbol_name,last,trade_volume,trade_amount,open_interest_change,bv1,bp1,ap1,av1,yesterday_close,today_open,today_high,today_low,volume,amount,open_interest
2023-05-10 20:59:00,cu2312P58000,cu2312P58000,920.0,0.0,0.0,0.0,5,120.0,0.0,0,920.0,1050.0,0.0,0.0,0.0,0.0,6
2023-05-10 21:01:55,cu2312P58000,cu2312P58000,920.0,0.0,0.0,0.0,1,122.0,0.0,0,920.0,1050.0,0.0,0.0,0.0,0.0,6
2023-05-10 21:03:01,cu2312P58000,cu2312P58000,920.0,0.0,0.0,0.0,1,124.0,0.0,0,920.0,1050.0,0.0,0.0,0.0,0.0,6
2023-05-10 21:03:17,cu2312P58000,cu2312P58000,920.0,0.0,0.0,0.0,1,124.0,0.0,0,920.0,1050.0,0.0,0.0,0.0,0.0,6
2023-05-10 21:03:18,cu2312P58000,cu2312P58000,920.0,0.0,0.0,0.0,1,126.0,0.0,0,920.0,1050.0,0.0,0.0,0.0,0.0,6
2023-05-10 21:33:27,cu2312P58000,cu2312P58000,920.0,0.0,0.0,0.0,1,128.0,0.0,0,920.0,1050.0,0.0,0.0,0.0,0.0,6
2023-05-10 21:33:28,cu2312P58000,cu2312P58000,920.0,0.0,0.0,0.0,1,130.0,0.0,0,920.0,1050.0,0.0,0.0,0.0,0.0,6
2023-05-10 21:41:12,cu2312P58000,cu2312P58000,920.0,0.0,0.0,0.0,1,970.0,1022.0,1,920.0,1050.0,0.0,0.0,0.0,0.0,6
2023-05-10 21:41:12,cu2312P58000,cu2312P58000,920.0,0.0,0.0,0.0,2,970.0,1022.0,2,920.0,1050.0,0.0,0.0,0.0,0.0,6
2023-05-10 21:41:13,cu2312P58000,cu2312P58000,920.0,0.0,0.0,0.0,1,1018.0,1022.0,3,920.0,1050.0,0.0,0.0,0.0,0.0,6
2023-05-10 21:41:13,cu2312P58000,cu2312P58000,920.0,0.0,0.0,0.0,1,1018.0,1022.0,3,920.0,1050.0,0.0,0.0,0.0,0.0,6
2023-05-10 21:41:14,cu2312P58000,cu2312P58000,920.0,0.0,0.0,0.0,1,1018.0,1022.0,3,920.0,1050.0,0.0,0.0,0.0,0.0,6
2023-05-10 21:41:16,cu2312P58000,cu2312P58000,920.0,0.0,0.0,0.0,2,1018.0,1022.0,3,920.0,1050.0,0.0,0.0,0.0,0.0,6
2023-05-10 21:41:17,cu2312P58000,cu2312P58000,920.0,0.0,0.0,0.0,2,1018.0,1022.0,3,920.0,1050.0,0.0,0.0,0.0,0.0,6
2023-05-10 21:41:17,cu2312P58000,cu2312P58000,920.0,0.0,0.0,0.0,2,1018.0,1022.0,4,920.0,1050.0,0.0,0.0,0.0,0.0,6
2023-05-10 21:41:23,cu2312P58000,cu2312P58000,920.0,0.0,0.0,0.0,2,1018.0,1022.0,2,920.0,1050.0,0.0,0.0,0.0,0.0,6
2023-05-10 21:41:24,cu2312P58000,cu2312P58000,920.0,0.0,0.0,0.0,1,1018.0,1022.0,1,920.0,1050.0,0.0,0.0,0.0,0.0,6
2023-05-10 21:41:25,cu2312P58000,cu2312P58000,920.0,0.0,0.0,0.0,1,1018.0,1022.0,1,920.0,1050.0,0.0,0.0,0.0,0.0,6
2023-05-10 21:41:26,cu2312P58000,cu2312P58000,920.0,0.0,0.0,0.0,1,990.0,1022.0,1,920.0,1050.0,0.0,0.0,0.0,0.0,6
2023-05-10 21:41:28,cu2312P58000,cu2312P58000,920.0,0.0,0.0,0.0,1,942.0,1022.0,1,920.0,1050.0,0.0,0.0,0.0,0.0,6
2023-05-10 21:41:28,cu2312P58000,cu2312P58000,920.0,0.0,0.0,0.0,1,128.0,0.0,0,920.0,1050.0,0.0,0.0,0.0,0.0,6
2023-05-10 21:41:29,cu2312P58000,cu2312P58000,920.0,0.0,0.0,0.0,1,130.0,0.0,0,920.0,1050.0,0.0,0.0,0.0,0.0,6
2023-05-10 22:00:41,cu2312P58000,cu2312P58000,920.0,0.0,0.0,0.0,1,130.0,0.0,0,920.0,1050.0,0.0,0.0,0.0,0.0,6
2023-05-10 22:07:00,cu2312P58000,cu2312P58000,920.0,0.0,0.0,0.0,1,132.0,0.0,0,920.0,1050.0,0.0,0.0,0.0,0.0,6
2023-05-10 22:07:01,cu2312P58000,cu2312P58000,920.0,0.0,0.0,0.0,1,134.0,0.0,0,920.0,1050.0,0.0,0.0,0.0,0.0,6
2023-05-10 22:25:55,cu2312P58000,cu2312P58000,920.0,0.0,0.0,0.0,1,134.0,0.0,0,920.0,1050.0,0.0,0.0,0.0,0.0,6
2023-05-10 22:40:23,cu2312P58000,cu2312P58000,920.0,0.0,0.0,0.0,1,136.0,0.0,0,920.0,1050.0,0.0,0.0,0.0,0.0,6
2023-05-10 22:40:24,cu2312P58000,cu2312P58000,920.0,0.0,0.0,0.0,1,138.0,0.0,0,920.0,1050.0,0.0,0.0,0.0,0.0,6
2023-05-10 22:49:28,cu2312P58000,cu2312P58000,920.0,0.0,0.0,0.0,1,138.0,0.0,0,920.0,1050.0,0.0,0.0,0.0,0.0,6
2023-05-10 22:57:08,cu2312P58000,cu2312P58000,920.0,0.0,0.0,0.0,1,136.0,0.0,0,920.0,1050.0,0.0,0.0,0.0,0.0,6
2023-05-10 23:03:14,cu2312P58000,cu2312P58000,920.0,0.0,0.0,0.0,1,138.0,0.0,0,920.0,1050.0,0.0,0.0,0.0,0.0,6
2023-05-10 23:10:23,cu2312P58000,cu2312P58000,920.0,0.0,0.0,0.0,1,140.0,0.0,0,920.0,1050.0,0.0,0.0,0.0,0.0,6
2023-05-10 23:10:24,cu2312P58000,cu2312P58000,920.0,0.0,0.0,0.0,1,142.0,0.0,0,920.0,1050.0,0.0,0.0,0.0,0.0,6
2023-05-10 23:35:51,cu2312P58000,cu2312P58000,920.0,0.0,0.0,0.0,1,142.0,0.0,0,920.0,1050.0,0.0,0.0,0.0,0.0,6
2023-05-10 23:40:23,cu2312P58000,cu2312P58000,920.0,0.0,0.0,0.0,1,144.0,0.0,0,920.0,1050.0,0.0,0.0,0.0,0.0,6
2023-05-10 23:40:24,cu2312P58000,cu2312P58000,920.0,0.0,0.0,0.0,1,144.0,0.0,0,920.0,1050.0,0.0,0.0,0.0,0.0,6
2023-05-10 23:40:24,cu2312P58000,cu2312P58000,920.0,0.0,0.0,0.0,1,146.0,0.0,0,920.0,1050.0,0.0,0.0,0.0,0.0,6
2023-05-10 23:41:13,cu2312P58000,cu2312P58000,920.0,0.0,0.0,0.0,1,146.0,0.0,0,920.0,1050.0,0.0,0.0,0.0,0.0,6
2023-05-11 00:10:25,cu2312P58000,cu2312P58000,920.0,0.0,0.0,0.0,1,148.0,0.0,0,920.0,1050.0,0.0,0.0,0.0,0.0,6
2023-05-11 00:10:26,cu2312P58000,cu2312P58000,920.0,0.0,0.0,0.0,1,148.0,0.0,0,920.0,1050.0,0.0,0.0,0.0,0.0,6
2023-05-11 00:10:26,cu2312P58000,cu2312P58000,920.0,0.0,0.0,0.0,1,150.0,0.0,0,920.0,1050.0,0.0,0.0,0.0,0.0,6
2023-05-11 00:10:55,cu2312P58000,cu2312P58000,920.0,0.0,0.0,0.0,1,150.0,0.0,0,920.0,1050.0,0.0,0.0,0.0,0.0,6
2023-05-11 00:32:23,cu2312P58000,cu2312P58000,920.0,0.0,0.0,0.0,1,1018.0,1078.0,1,920.0,1050.0,0.0,0.0,0.0,0.0,6
2023-05-11 00:32:23,cu2312P58000,cu2312P58000,920.0,0.0,0.0,0.0,1,1018.0,1078.0,1,920.0,1050.0,0.0,0.0,0.0,0.0,6
2023-05-11 00:32:28,cu2312P58000,cu2312P58000,920.0,0.0,0.0,0.0,2,1018.0,1078.0,2,920.0,1050.0,0.0,0.0,0.0,0.0,6
2023-05-11 00:32:29,cu2312P58000,cu2312P58000,920.0,0.0,0.0,0.0,1,1064.0,1078.0,4,920.0,1050.0,0.0,0.0,0.0,0.0,6
2023-05-11 00:32:29,cu2312P58000,cu2312P58000,920.0,0.0,0.0,0.0,1,1064.0,1078.0,4,920.0,1050.0,0.0,0.0,0.0,0.0,6
2023-05-11 00:32:31,cu2312P58000,cu2312P58000,1050.0,1.0,5250.0,0.0,1,1060.0,1078.0,4,920.0,1050.0,1050.0,1050.0,1.0,5250.0,6
2023-05-11 00:32:33,cu2312P58000,cu2312P58000,1050.0,0.0,0.0,0.0,1,1060.0,1078.0,4,920.0,1050.0,1050.0,1050.0,1.0,5250.0,6
2023-05-11 00:32:35,cu2312P58000,cu2312P58000,1050.0,0.0,0.0,0.0,1,1060.0,1078.0,4,920.0,1050.0,1050.0,1050.0,1.0,5250.0,6
2023-05-11 00:32:39,cu2312P58000,cu2312P58000,1050.0,0.0,0.0,0.0,1,1060.0,1078.0,3,920.0,1050.0,1050.0,1050.0,1.0,5250.0,6
2023-05-11 00:32:40,cu2312P58000,cu2312P58000,1050.0,0.0,0.0,0.0,2,1058.0,1078.0,3,920.0,1050.0,1050.0,1050.0,1.0,5250.0,6
2023-05-11 00:32:41,cu2312P58000,cu2312P58000,1050.0,0.0,0.0,0.0,2,1058.0,1078.0,2,920.0,1050.0,1050.0,1050.0,1.0,5250.0,6
2023-05-11 00:32:42,cu2312P58000,cu2312P58000,1050.0,0.0,0.0,0.0,1,1058.0,1078.0,2,920.0,1050.0,1050.0,1050.0,1.0,5250.0,6
2023-05-11 00:32:43,cu2312P58000,cu2312P58000,1050.0,0.0,0.0,0.0,1,1058.0,1078.0,1,920.0,1050.0,1050.0,1050.0,1.0,5250.0,6
2023-05-11 00:32:44,cu2312P58000,cu2312P58000,1050.0,0.0,0.0,0.0,1,1044.0,1078.0,1,920.0,1050.0,1050.0,1050.0,1.0,5250.0,6
2023-05-11 00:32:45,cu2312P58000,cu2312P58000,1050.0,0.0,0.0,0.0,1,148.0,0.0,0,920.0,1050.0,1050.0,1050.0,1.0,5250.0,6
2023-05-11 00:32:46,cu2312P58000,cu2312P58000,1050.0,0.0,0.0,0.0,1,150.0,0.0,0,920.0,1050.0,1050.0,1050.0,1.0,5250.0,6
2023-05-11 00:32:46,cu2312P58000,cu2312P58000,1050.0,0.0,0.0,0.0,1,152.0,0.0,0,920.0,1050.0,1050.0,1050.0,1.0,5250.0,6
2023-05-11 00:32:47,cu2312P58000,cu2312P58000,1050.0,0.0,0.0,0.0,1,152.0,0.0,0,920.0,1050.0,1050.0,1050.0,1.0,5250.0,6
2023-05-11 00:32:47,cu2312P58000,cu2312P58000,1050.0,0.0,0.0,0.0,1,154.0,0.0,0,920.0,1050.0,1050.0,1050.0,1.0,5250.0,6
2023-05-11 00:32:48,cu2312P58000,cu2312P58000,1050.0,0.0,0.0,0.0,1,156.0,0.0,0,920.0,1050.0,1050.0,1050.0,1.0,5250.0,6
2023-05-11 00:32:48,cu2312P58000,cu2312P58000,1050.0,0.0,0.0,0.0,1,158.0,0.0,0,920.0,1050.0,1050.0,1050.0,1.0,5250.0,6
2023-05-11 00:32:49,cu2312P58000,cu2312P58000,1050.0,0.0,0.0,0.0,1,160.0,0.0,0,920.0,1050.0,1050.0,1050.0,1.0,5250.0,6
2023-05-11 00:32:49,cu2312P58000,cu2312P58000,1050.0,0.0,0.0,0.0,1,162.0,0.0,0,920.0,1050.0,1050.0,1050.0,1.0,5250.0,6
2023-05-11 00:32:50,cu2312P58000,cu2312P58000,1050.0,0.0,0.0,0.0,1,164.0,0.0,0,920.0,1050.0,1050.0,1050.0,1.0,5250.0,6
2023-05-11 00:32:50,cu2312P58000,cu2312P58000,1050.0,0.0,0.0,0.0,1,166.0,0.0,0,920.0,1050.0,1050.0,1050.0,1.0,5250.0,6
2023-05-11 00:32:51,cu2312P58000,cu2312P58000,1050.0,0.0,0.0,0.0,1,168.0,0.0,0,920.0,1050.0,1050.0,1050.0,1.0,5250.0,6
2023-05-11 00:32:51,cu2312P58000,cu2312P58000,1050.0,0.0,0.0,0.0,1,170.0,0.0,0,920.0,1050.0,1050.0,1050.0,1.0,5250.0,6
2023-05-11 00:32:52,cu2312P58000,cu2312P58000,1050.0,0.0,0.0,0.0,1,172.0,0.0,0,920.0,1050.0,1050.0,1050.0,1.0,5250.0,6
2023-05-11 00:32:52,cu2312P58000,cu2312P58000,1050.0,0.0,0.0,0.0,1,174.0,0.0,0,920.0,1050.0,1050.0,1050.0,1.0,5250.0,6
2023-05-11 00:32:53,cu2312P58000,cu2312P58000,1050.0,0.0,0.0,0.0,1,176.0,0.0,0,920.0,1050.0,1050.0,1050.0,1.0,5250.0,6
2023-05-11 00:32:53,cu2312P58000,cu2312P58000,1050.0,0.0,0.0,0.0,1,178.0,0.0,0,920.0,1050.0,1050.0,1050.0,1.0,5250.0,6
2023-05-11 00:32:54,cu2312P58000,cu2312P58000,1050.0,0.0,0.0,0.0,1,180.0,0.0,0,920.0,1050.0,1050.0,1050.0,1.0,5250.0,6
2023-05-11 00:32:54,cu2312P58000,cu2312P58000,1050.0,0.0,0.0,0.0,1,182.0,0.0,0,920.0,1050.0,1050.0,1050.0,1.0,5250.0,6
2023-05-11 00:32:55,cu2312P58000,cu2312P58000,1050.0,0.0,0.0,0.0,1,184.0,0.0,0,920.0,1050.0,1050.0,1050.0,1.0,5250.0,6
2023-05-11 00:32:55,cu2312P58000,cu2312P58000,1050.0,0.0,0.0,0.0,1,186.0,0.0,0,920.0,1050.0,1050.0,1050.0,1.0,5250.0,6
2023-05-11 00:32:56,cu2312P58000,cu2312P58000,1050.0,0.0,0.0,0.0,1,188.0,0.0,0,920.0,1050.0,1050.0,1050.0,1.0,5250.0,6
2023-05-11 00:32:56,cu2312P58000,cu2312P58000,1050.0,0.0,0.0,0.0,1,190.0,0.0,0,920.0,1050.0,1050.0,1050.0,1.0,5250.0,6
2023-05-11 00:32:57,cu2312P58000,cu2312P58000,1050.0,0.0,0.0,0.0,1,192.0,0.0,0,920.0,1050.0,1050.0,1050.0,1.0,5250.0,6
2023-05-11 00:32:57,cu2312P58000,cu2312P58000,1050.0,0.0,0.0,0.0,1,194.0,0.0,0,920.0,1050.0,1050.0,1050.0,1.0,5250.0,6
2023-05-11 00:32:58,cu2312P58000,cu2312P58000,1050.0,0.0,0.0,0.0,1,196.0,0.0,0,920.0,1050.0,1050.0,1050.0,1.0,5250.0,6
2023-05-11 00:32:58,cu2312P58000,cu2312P58000,1050.0,0.0,0.0,0.0,1,198.0,0.0,0,920.0,1050.0,1050.0,1050.0,1.0,5250.0,6
2023-05-11 00:32:59,cu2312P58000,cu2312P58000,1050.0,0.0,0.0,0.0,1,200.0,0.0,0,920.0,1050.0,1050.0,1050.0,1.0,5250.0,6
2023-05-11 00:32:59,cu2312P58000,cu2312P58000,1050.0,0.0,0.0,0.0,1,202.0,0.0,0,920.0,1050.0,1050.0,1050.0,1.0,5250.0,6
2023-05-11 00:33:00,cu2312P58000,cu2312P58000,1050.0,0.0,0.0,0.0,1,204.0,0.0,0,920.0,1050.0,1050.0,1050.0,1.0,5250.0,6
2023-05-11 00:33:00,cu2312P58000,cu2312P58000,1050.0,0.0,0.0,0.0,1,206.0,0.0,0,920.0,1050.0,1050.0,1050.0,1.0,5250.0,6
2023-05-11 00:33:01,cu2312P58000,cu2312P58000,1050.0,0.0,0.0,0.0,1,208.0,0.0,0,920.0,1050.0,1050.0,1050.0,1.0,5250.0,6
2023-05-11 00:33:01,cu2312P58000,cu2312P58000,1050.0,0.0,0.0,0.0,1,210.0,0.0,0,920.0,1050.0,1050.0,1050.0,1.0,5250.0,6
2023-05-11 00:33:12,cu2312P58000,cu2312P58000,1050.0,0.0,0.0,0.0,1,212.0,0.0,0,920.0,1050.0,1050.0,1050.0,1.0,5250.0,6
2023-05-11 00:33:13,cu2312P58000,cu2312P58000,1050.0,0.0,0.0,0.0,1,214.0,0.0,0,920.0,1050.0,1050.0,1050.0,1.0,5250.0,6
2023-05-11 00:33:24,cu2312P58000,cu2312P58000,1050.0,0.0,0.0,0.0,1,216.0,0.0,0,920.0,1050.0,1050.0,1050.0,1.0,5250.0,6
2023-05-11 00:33:25,cu2312P58000,cu2312P58000,1050.0,0.0,0.0,0.0,1,218.0,0.0,0,920.0,1050.0,1050.0,1050.0,1.0,5250.0,6
2023-05-11 00:33:29,cu2312P58000,cu2312P58000,1050.0,0.0,0.0,0.0,1,1018.0,1078.0,1,920.0,1050.0,1050.0,1050.0,1.0,5250.0,6
2023-05-11 00:33:29,cu2312P58000,cu2312P58000,1050.0,0.0,0.0,0.0,1,1018.0,1078.0,1,920.0,1050.0,1050.0,1050.0,1.0,5250.0,6
2023-05-11 00:33:31,cu2312P58000,cu2312P58000,1050.0,0.0,0.0,0.0,1,1060.0,1078.0,1,920.0,1050.0,1050.0,1050.0,1.0,5250.0,6
2023-05-11 00:33:32,cu2312P58000,cu2312P58000,1050.0,0.0,0.0,0.0,1,1060.0,1078.0,1,920.0,1050.0,1050.0,1050.0,1.0,5250.0,6
2023-05-11 00:33:34,cu2312P58000,cu2312P58000,1050.0,0.0,0.0,0.0,1,1060.0,1078.0,2,920.0,1050.0,1050.0,1050.0,1.0,5250.0,6
2023-05-11 00:33:35,cu2312P58000,cu2312P58000,1050.0,0.0,0.0,0.0,2,1060.0,1078.0,3,920.0,1050.0,1050.0,1050.0,1.0,5250.0,6
2023-05-11 00:33:36,cu2312P58000,cu2312P58000,1050.0,0.0,0.0,0.0,2,1060.0,1078.0,3,920.0,1050.0,1050.0,1050.0,1.0,5250.0,6
2023-05-11 00:33:37,cu2312P58000,cu2312P58000,1050.0,0.0,0.0,0.0,2,1060.0,1078.0,3,920.0,1050.0,1050.0,1050.0,1.0,5250.0,6
2023-05-11 00:33:39,cu2312P58000,cu2312P58000,1050.0,0.0,0.0,0.0,2,1060.0,1078.0,3,920.0,1050.0,1050.0,1050.0,1.0,5250.0,6
2023-05-11 00:33:40,cu2312P58000,cu2312P58000,1050.0,0.0,0.0,0.0,1,1066.0,1078.0,3,920.0,1050.0,1050.0,1050.0,1.0,5250.0,6
2023-05-11 00:33:43,cu2312P58000,cu2312P58000,1050.0,0.0,0.0,0.0,1,1066.0,1078.0,3,920.0,1050.0,1050.0,1050.0,1.0,5250.0,6
2023-05-11 00:33:44,cu2312P58000,cu2312P58000,1050.0,0.0,0.0,0.0,1,1066.0,1078.0,3,920.0,1050.0,1050.0,1050.0,1.0,5250.0,6
2023-05-11 00:33:45,cu2312P58000,cu2312P58000,1050.0,0.0,0.0,0.0,1,1066.0,1078.0,2,920.0,1050.0,1050.0,1050.0,1.0,5250.0,6
2023-05-11 00:33:46,cu2312P58000,cu2312P58000,1050.0,0.0,0.0,0.0,1,1066.0,1078.0,2,920.0,1050.0,1050.0,1050.0,1.0,5250.0,6
2023-05-11 00:33:47,cu2312P58000,cu2312P58000,1050.0,0.0,0.0,0.0,1,1066.0,1078.0,2,920.0,1050.0,1050.0,1050.0,1.0,5250.0,6
2023-05-11 00:33:48,cu2312P58000,cu2312P58000,1050.0,0.0,0.0,0.0,1,1066.0,1078.0,2,920.0,1050.0,1050.0,1050.0,1.0,5250.0,6
2023-05-11 00:33:49,cu2312P58000,cu2312P58000,1050.0,0.0,0.0,0.0,1,1066.0,1078.0,1,920.0,1050.0,1050.0,1050.0,1.0,5250.0,6
2023-05-11 00:33:50,cu2312P58000,cu2312P58000,1050.0,0.0,0.0,0.0,1,1066.0,1078.0,1,920.0,1050.0,1050.0,1050.0,1.0,5250.0,6
2023-05-11 00:33:51,cu2312P58000,cu2312P58000,1050.0,0.0,0.0,0.0,1,1066.0,1098.0,1,920.0,1050.0,1050.0,1050.0,1.0,5250.0,6
2023-05-11 00:33:52,cu2312P58000,cu2312P58000,1050.0,0.0,0.0,0.0,1,1060.0,1098.0,1,920.0,1050.0,1050.0,1050.0,1.0,5250.0,6
2023-05-11 00:33:54,cu2312P58000,cu2312P58000,1050.0,0.0,0.0,0.0,1,216.0,0.0,0,920.0,1050.0,1050.0,1050.0,1.0,5250.0,6
2023-05-11 00:33:54,cu2312P58000,cu2312P58000,1050.0,0.0,0.0,0.0,1,218.0,0.0,0,920.0,1050.0,1050.0,1050.0,1.0,5250.0,6
2023-05-11 00:34:37,cu2312P58000,cu2312P58000,1050.0,0.0,0.0,0.0,1,218.0,0.0,0,920.0,1050.0,1050.0,1050.0,1.0,5250.0,6
2023-05-11 00:34:38,cu2312P58000,cu2312P58000,1050.0,0.0,0.0,0.0,1,218.0,0.0,0,920.0,1050.0,1050.0,1050.0,1.0,5250.0,6
2023-05-11 00:34:39,cu2312P58000,cu2312P58000,1050.0,0.0,0.0,0.0,1,218.0,0.0,0,920.0,1050.0,1050.0,1050.0,1.0,5250.0,6
2023-05-11 00:50:15,cu2312P58000,cu2312P58000,1050.0,0.0,0.0,0.0,1,218.0,0.0,0,920.0,1050.0,1050.0,1050.0,1.0,5250.0,6
2023-05-11 00:57:08,cu2312P58000,cu2312P58000,1050.0,0.0,0.0,0.0,1,216.0,0.0,0,920.0,1050.0,1050.0,1050.0,1.0,5250.0,6
2023-05-11 00:59:45,cu2312P58000,cu2312P58000,1050.0,0.0,0.0,0.0,1,216.0,0.0,0,920.0,1050.0,1050.0,1050.0,1.0,5250.0,6
2023-05-11 09:00:05,cu2312P58000,cu2312P58000,1050.0,0.0,0.0,0.0,5,120.0,0.0,0,920.0,1050.0,1050.0,1050.0,1.0,5250.0,6
2023-05-11 09:01:18,cu2312P58000,cu2312P58000,1050.0,0.0,0.0,0.0,1,122.0,0.0,0,920.0,1050.0,1050.0,1050.0,1.0,5250.0,6
2023-05-11 09:02:26,cu2312P58000,cu2312P58000,1050.0,0.0,0.0,0.0,1,124.0,0.0,0,920.0,1050.0,1050.0,1050.0,1.0,5250.0,6
2023-05-11 09:02:27,cu2312P58000,cu2312P58000,1050.0,0.0,0.0,0.0,1,126.0,0.0,0,920.0,1050.0,1050.0,1050.0,1.0,5250.0,6
2023-05-11 09:27:48,cu2312P58000,cu2312P58000,1050.0,0.0,0.0,0.0,1,144.0,0.0,0,920.0,1050.0,1050.0,1050.0,1.0,5250.0,6
2023-05-11 09:27:49,cu2312P58000,cu2312P58000,1050.0,0.0,0.0,0.0,1,146.0,0.0,0,920.0,1050.0,1050.0,1050.0,1.0,5250.0,6
2023-05-11 09:27:55,cu2312P58000,cu2312P58000,1050.0,0.0,0.0,0.0,2,146.0,0.0,0,920.0,1050.0,1050.0,1050.0,1.0,5250.0,6
2023-05-11 10:04:10,cu2312P58000,cu2312P58000,1050.0,0.0,0.0,0.0,1,148.0,0.0,0,920.0,1050.0,1050.0,1050.0,1.0,5250.0,6
2023-05-11 10:04:11,cu2312P58000,cu2312P58000,1050.0,0.0,0.0,0.0,1,148.0,0.0,0,920.0,1050.0,1050.0,1050.0,1.0,5250.0,6
2023-05-11 10:04:12,cu2312P58000,cu2312P58000,1050.0,0.0,0.0,0.0,1,150.0,0.0,0,920.0,1050.0,1050.0,1050.0,1.0,5250.0,6
2023-05-11 10:06:01,cu2312P58000,cu2312P58000,1050.0,0.0,0.0,0.0,1,150.0,0.0,0,920.0,1050.0,1050.0,1050.0,1.0,5250.0,6
2023-05-11 10:12:11,cu2312P58000,cu2312P58000,1050.0,0.0,0.0,0.0,1,148.0,0.0,0,920.0,1050.0,1050.0,1050.0,1.0,5250.0,6
2023-05-11 10:30:23,cu2312P58000,cu2312P58000,1050.0,0.0,0.0,0.0,1,150.0,0.0,0,920.0,1050.0,1050.0,1050.0,1.0,5250.0,6
2023-05-11 10:38:34,cu2312P58000,cu2312P58000,1050.0,0.0,0.0,0.0,1,152.0,0.0,0,920.0,1050.0,1050.0,1050.0,1.0,5250.0,6
2023-05-11 10:38:34,cu2312P58000,cu2312P58000,1050.0,0.0,0.0,0.0,1,154.0,0.0,0,920.0,1050.0,1050.0,1050.0,1.0,5250.0,6
2023-05-11 10:39:25,cu2312P58000,cu2312P58000,1050.0,0.0,0.0,0.0,1,154.0,0.0,0,920.0,1050.0,1050.0,1050.0,1.0,5250.0,6
2023-05-11 11:12:34,cu2312P58000,cu2312P58000,1050.0,0.0,0.0,0.0,1,156.0,0.0,0,920.0,1050.0,1050.0,1050.0,1.0,5250.0,6
2023-05-11 11:12:34,cu2312P58000,cu2312P58000,1050.0,0.0,0.0,0.0,1,158.0,0.0,0,920.0,1050.0,1050.0,1050.0,1.0,5250.0,6
2023-05-11 11:17:08,cu2312P58000,cu2312P58000,1050.0,0.0,0.0,0.0,1,158.0,0.0,0,920.0,1050.0,1050.0,1050.0,1.0,5250.0,6
2023-05-11 11:27:06,cu2312P58000,cu2312P58000,1050.0,0.0,0.0,0.0,1,156.0,0.0,0,920.0,1050.0,1050.0,1050.0,1.0,5250.0,6
2023-05-11 11:29:51,cu2312P58000,cu2312P58000,1050.0,0.0,0.0,0.0,1,146.0,0.0,0,920.0,1050.0,1050.0,1050.0,1.0,5250.0,6
2023-05-11 13:31:14,cu2312P58000,cu2312P58000,1050.0,0.0,0.0,0.0,1,148.0,0.0,0,920.0,1050.0,1050.0,1050.0,1.0,5250.0,6
2023-05-11 13:35:58,cu2312P58000,cu2312P58000,1050.0,0.0,0.0,0.0,1,1036.0,1054.0,1,920.0,1050.0,1050.0,1050.0,1.0,5250.0,6
2023-05-11 13:35:58,cu2312P58000,cu2312P58000,1054.0,1.0,5270.0,0.0,1,1036.0,0.0,0,920.0,1050.0,1054.0,1050.0,2.0,10520.0,6
2023-05-11 13:36:05,cu2312P58000,cu2312P58000,1054.0,0.0,0.0,0.0,1,1040.0,1092.0,1,920.0,1050.0,1054.0,1050.0,2.0,10520.0,6
2023-05-11 13:36:06,cu2312P58000,cu2312P58000,1054.0,0.0,0.0,0.0,2,1040.0,1092.0,2,920.0,1050.0,1054.0,1050.0,2.0,10520.0,6
2023-05-11 13:36:07,cu2312P58000,cu2312P58000,1054.0,0.0,0.0,0.0,2,1040.0,1092.0,2,920.0,1050.0,1054.0,1050.0,2.0,10520.0,6
2023-05-11 13:36:08,cu2312P58000,cu2312P58000,1054.0,0.0,0.0,0.0,3,1040.0,1092.0,3,920.0,1050.0,1054.0,1050.0,2.0,10520.0,6
2023-05-11 13:36:09,cu2312P58000,cu2312P58000,1054.0,0.0,0.0,0.0,1,1062.0,1092.0,3,920.0,1050.0,1054.0,1050.0,2.0,10520.0,6
2023-05-11 13:36:10,cu2312P58000,cu2312P58000,1054.0,0.0,0.0,0.0,1,1062.0,1092.0,4,920.0,1050.0,1054.0,1050.0,2.0,10520.0,6
2023-05-11 13:36:11,cu2312P58000,cu2312P58000,1054.0,0.0,0.0,0.0,1,1062.0,1092.0,5,920.0,1050.0,1054.0,1050.0,2.0,10520.0,6
2023-05-11 13:36:16,cu2312P58000,cu2312P58000,1054.0,0.0,0.0,0.0,1,1062.0,1092.0,4,920.0,1050.0,1054.0,1050.0,2.0,10520.0,6
2023-05-11 13:36:17,cu2312P58000,cu2312P58000,1054.0,0.0,0.0,0.0,1,1062.0,1092.0,3,920.0,1050.0,1054.0,1050.0,2.0,10520.0,6
2023-05-11 13:36:18,cu2312P58000,cu2312P58000,1054.0,0.0,0.0,0.0,1,1062.0,1092.0,2,920.0,1050.0,1054.0,1050.0,2.0,10520.0,6
2023-05-11 13:36:18,cu2312P58000,cu2312P58000,1054.0,0.0,0.0,0.0,1,1062.0,1092.0,2,920.0,1050.0,1054.0,1050.0,2.0,10520.0,6
2023-05-11 13:36:20,cu2312P58000,cu2312P58000,1054.0,0.0,0.0,0.0,1,1052.0,1092.0,1,920.0,1050.0,1054.0,1050.0,2.0,10520.0,6
2023-05-11 13:36:21,cu2312P58000,cu2312P58000,1054.0,0.0,0.0,0.0,1,1022.0,1092.0,1,920.0,1050.0,1054.0,1050.0,2.0,10520.0,6
2023-05-11 13:36:21,cu2312P58000,cu2312P58000,1054.0,0.0,0.0,0.0,1,146.0,0.0,0,920.0,1050.0,1054.0,1050.0,2.0,10520.0,6
2023-05-11 13:36:22,cu2312P58000,cu2312P58000,1054.0,0.0,0.0,0.0,1,148.0,0.0,0,920.0,1050.0,1054.0,1050.0,2.0,10520.0,6
2023-05-11 13:49:18,cu2312P58000,cu2312P58000,1054.0,0.0,0.0,0.0,1,1024.0,1042.0,1,920.0,1050.0,1054.0,1050.0,2.0,10520.0,6
2023-05-11 13:49:18,cu2312P58000,cu2312P58000,1054.0,0.0,0.0,0.0,1,1024.0,1042.0,1,920.0,1050.0,1054.0,1050.0,2.0,10520.0,6
2023-05-11 13:49:23,cu2312P58000,cu2312P58000,1054.0,0.0,0.0,0.0,1,1024.0,1042.0,1,920.0,1050.0,1054.0,1050.0,2.0,10520.0,6
2023-05-11 13:49:23,cu2312P58000,cu2312P58000,1054.0,0.0,0.0,0.0,2,1024.0,1042.0,3,920.0,1050.0,1054.0,1050.0,2.0,10520.0,6
2023-05-11 13:49:25,cu2312P58000,cu2312P58000,1054.0,0.0,0.0,0.0,1,1026.0,1042.0,3,920.0,1050.0,1054.0,1050.0,2.0,10520.0,6
2023-05-11 13:49:27,cu2312P58000,cu2312P58000,1054.0,0.0,0.0,0.0,1,1040.0,1042.0,3,920.0,1050.0,1054.0,1050.0,2.0,10520.0,6
2023-05-11 13:49:27,cu2312P58000,cu2312P58000,1054.0,0.0,0.0,0.0,1,1040.0,1042.0,3,920.0,1050.0,1054.0,1050.0,2.0,10520.0,6
2023-05-11 13:49:28,cu2312P58000,cu2312P58000,1054.0,0.0,0.0,0.0,1,1040.0,1042.0,3,920.0,1050.0,1054.0,1050.0,2.0,10520.0,6
2023-05-11 13:49:29,cu2312P58000,cu2312P58000,1054.0,0.0,0.0,0.0,1,1040.0,1042.0,4,920.0,1050.0,1054.0,1050.0,2.0,10520.0,6
2023-05-11 13:49:30,cu2312P58000,cu2312P58000,1054.0,0.0,0.0,0.0,1,1040.0,1042.0,3,920.0,1050.0,1054.0,1050.0,2.0,10520.0,6
2023-05-11 13:49:34,cu2312P58000,cu2312P58000,1054.0,0.0,0.0,0.0,1,1040.0,1042.0,2,920.0,1050.0,1054.0,1050.0,2.0,10520.0,6
2023-05-11 13:49:35,cu2312P58000,cu2312P58000,1054.0,0.0,0.0,0.0,1,1040.0,1042.0,2,920.0,1050.0,1054.0,1050.0,2.0,10520.0,6
2023-05-11 13:49:36,cu2312P58000,cu2312P58000,1054.0,0.0,0.0,0.0,1,1040.0,1042.0,2,920.0,1050.0,1054.0,1050.0,2.0,10520.0,6
2023-05-11 13:49:37,cu2312P58000,cu2312P58000,1054.0,0.0,0.0,0.0,1,1040.0,1042.0,2,920.0,1050.0,1054.0,1050.0,2.0,10520.0,6
2023-05-11 13:49:38,cu2312P58000,cu2312P58000,1054.0,0.0,0.0,0.0,2,1038.0,1042.0,2,920.0,1050.0,1054.0,1050.0,2.0,10520.0,6
2023-05-11 13:49:38,cu2312P58000,cu2312P58000,1054.0,0.0,0.0,0.0,2,1038.0,1042.0,1,920.0,1050.0,1054.0,1050.0,2.0,10520.0,6
2023-05-11 13:49:39,cu2312P58000,cu2312P58000,1054.0,0.0,0.0,0.0,1,1038.0,1042.0,1,920.0,1050.0,1054.0,1050.0,2.0,10520.0,6
2023-05-11 13:49:39,cu2312P58000,cu2312P58000,1054.0,0.0,0.0,0.0,1,1038.0,1042.0,1,920.0,1050.0,1054.0,1050.0,2.0,10520.0,6
2023-05-11 13:49:40,cu2312P58000,cu2312P58000,1054.0,0.0,0.0,0.0,1,146.0,0.0,0,920.0,1050.0,1054.0,1050.0,2.0,10520.0,6
2023-05-11 13:49:40,cu2312P58000,cu2312P58000,1054.0,0.0,0.0,0.0,1,148.0,0.0,0,920.0,1050.0,1054.0,1050.0,2.0,10520.0,6
2023-05-11 13:50:22,cu2312P58000,cu2312P58000,1054.0,0.0,0.0,0.0,1,1028.0,1046.0,1,920.0,1050.0,1054.0,1050.0,2.0,10520.0,6
2023-05-11 13:50:23,cu2312P58000,cu2312P58000,1054.0,0.0,0.0,0.0,1,1028.0,1046.0,1,920.0,1050.0,1054.0,1050.0,2.0,10520.0,6
2023-05-11 13:50:28,cu2312P58000,cu2312P58000,1054.0,0.0,0.0,0.0,1,1028.0,1046.0,2,920.0,1050.0,1054.0,1050.0,2.0,10520.0,6
2023-05-11 13:50:28,cu2312P58000,cu2312P58000,1054.0,0.0,0.0,0.0,1,1028.0,1046.0,3,920.0,1050.0,1054.0,1050.0,2.0,10520.0,6
2023-05-11 13:50:29,cu2312P58000,cu2312P58000,1054.0,0.0,0.0,0.0,2,1028.0,1046.0,3,920.0,1050.0,1054.0,1050.0,2.0,10520.0,6
2023-05-11 13:50:30,cu2312P58000,cu2312P58000,1054.0,0.0,0.0,0.0,2,1028.0,1046.0,3,920.0,1050.0,1054.0,1050.0,2.0,10520.0,6
2023-05-11 13:50:32,cu2312P58000,cu2312P58000,1054.0,0.0,0.0,0.0,1,1042.0,1046.0,3,920.0,1050.0,1054.0,1050.0,2.0,10520.0,6
2023-05-11 13:50:32,cu2312P58000,cu2312P58000,1054.0,0.0,0.0,0.0,1,1042.0,1046.0,3,920.0,1050.0,1054.0,1050.0,2.0,10520.0,6
2023-05-11 13:50:33,cu2312P58000,cu2312P58000,1054.0,0.0,0.0,0.0,1,1042.0,1046.0,3,920.0,1050.0,1054.0,1050.0,2.0,10520.0,6
2023-05-11 13:50:34,cu2312P58000,cu2312P58000,1054.0,0.0,0.0,0.0,1,1042.0,1046.0,2,920.0,1050.0,1054.0,1050.0,2.0,10520.0,6
2023-05-11 13:50:38,cu2312P58000,cu2312P58000,1054.0,0.0,0.0,0.0,1,1042.0,1046.0,1,920.0,1050.0,1054.0,1050.0,2.0,10520.0,6
2023-05-11 13:50:40,cu2312P58000,cu2312P58000,1054.0,0.0,0.0,0.0,1,1042.0,1046.0,1,920.0,1050.0,1054.0,1050.0,2.0,10520.0,6
2023-05-11 13:50:40,cu2312P58000,cu2312P58000,1054.0,0.0,0.0,0.0,1,1042.0,1046.0,1,920.0,1050.0,1054.0,1050.0,2.0,10520.0,6
2023-05-11 13:50:41,cu2312P58000,cu2312P58000,1054.0,0.0,0.0,0.0,1,1042.0,1046.0,1,920.0,1050.0,1054.0,1050.0,2.0,10520.0,6
2023-05-11 13:50:43,cu2312P58000,cu2312P58000,1054.0,0.0,0.0,0.0,2,1040.0,1050.0,1,920.0,1050.0,1054.0,1050.0,2.0,10520.0,6
2023-05-11 13:50:43,cu2312P58000,cu2312P58000,1054.0,0.0,0.0,0.0,1,1040.0,1050.0,1,920.0,1050.0,1054.0,1050.0,2.0,10520.0,6
2023-05-11 13:50:44,cu2312P58000,cu2312P58000,1054.0,0.0,0.0,0.0,1,1040.0,1060.0,1,920.0,1050.0,1054.0,1050.0,2.0,10520.0,6
2023-05-11 13:50:45,cu2312P58000,cu2312P58000,1054.0,0.0,0.0,0.0,1,146.0,0.0,0,920.0,1050.0,1054.0,1050.0,2.0,10520.0,6
2023-05-11 13:50:46,cu2312P58000,cu2312P58000,1054.0,0.0,0.0,0.0,1,148.0,0.0,0,920.0,1050.0,1054.0,1050.0,2.0,10520.0,6
2023-05-11 13:56:18,cu2312P58000,cu2312P58000,1054.0,0.0,0.0,0.0,1,150.0,0.0,0,920.0,1050.0,1054.0,1050.0,2.0,10520.0,6
2023-05-11 13:56:19,cu2312P58000,cu2312P58000,1054.0,0.0,0.0,0.0,1,152.0,0.0,0,920.0,1050.0,1054.0,1050.0,2.0,10520.0,6
2023-05-11 14:04:11,cu2312P58000,cu2312P58000,1054.0,0.0,0.0,0.0,1,1042.0,1060.0,1,920.0,1050.0,1054.0,1050.0,2.0,10520.0,6
2023-05-11 14:04:12,cu2312P58000,cu2312P58000,1054.0,0.0,0.0,0.0,1,1042.0,1060.0,1,920.0,1050.0,1054.0,1050.0,2.0,10520.0,6
2023-05-11 14:04:17,cu2312P58000,cu2312P58000,1054.0,0.0,0.0,0.0,1,1042.0,1060.0,1,920.0,1050.0,1054.0,1050.0,2.0,10520.0,6
2023-05-11 14:04:17,cu2312P58000,cu2312P58000,1054.0,0.0,0.0,0.0,2,1042.0,1060.0,2,920.0,1050.0,1054.0,1050.0,2.0,10520.0,6
2023-05-11 14:04:19,cu2312P58000,cu2312P58000,1054.0,0.0,0.0,0.0,1,1044.0,1060.0,2,920.0,1050.0,1054.0,1050.0,2.0,10520.0,6
2023-05-11 14:04:21,cu2312P58000,cu2312P58000,1054.0,0.0,0.0,0.0,1,1044.0,1060.0,2,920.0,1050.0,1054.0,1050.0,2.0,10520.0,6
2023-05-11 14:04:23,cu2312P58000,cu2312P58000,1060.0,1.0,5300.0,-1.0,1,1044.0,1060.0,1,920.0,1050.0,1060.0,1050.0,3.0,15820.0,5
2023-05-11 14:04:23,cu2312P58000,cu2312P58000,1060.0,0.0,0.0,0.0,2,1044.0,1060.0,2,920.0,1050.0,1060.0,1050.0,3.0,15820.0,5
2023-05-11 14:04:27,cu2312P58000,cu2312P58000,1060.0,0.0,0.0,0.0,2,1044.0,1060.0,1,920.0,1050.0,1060.0,1050.0,3.0,15820.0,5
2023-05-11 14:04:29,cu2312P58000,cu2312P58000,1060.0,0.0,0.0,0.0,2,1044.0,1060.0,1,920.0,1050.0,1060.0,1050.0,3.0,15820.0,5
2023-05-11 14:04:30,cu2312P58000,cu2312P58000,1060.0,0.0,0.0,0.0,1,1044.0,1060.0,1,920.0,1050.0,1060.0,1050.0,3.0,15820.0,5
2023-05-11 14:04:32,cu2312P58000,cu2312P58000,1060.0,0.0,0.0,0.0,1,1044.0,1060.0,1,920.0,1050.0,1060.0,1050.0,3.0,15820.0,5
2023-05-11 14:04:32,cu2312P58000,cu2312P58000,1060.0,0.0,0.0,0.0,1,1044.0,1060.0,1,920.0,1050.0,1060.0,1050.0,3.0,15820.0,5
2023-05-11 14:04:34,cu2312P58000,cu2312P58000,1060.0,0.0,0.0,0.0,1,150.0,0.0,0,920.0,1050.0,1060.0,1050.0,3.0,15820.0,5
2023-05-11 14:04:34,cu2312P58000,cu2312P58000,1060.0,0.0,0.0,0.0,1,152.0,0.0,0,920.0,1050.0,1060.0,1050.0,3.0,15820.0,5
2023-05-11 14:05:12,cu2312P58000,cu2312P58000,1060.0,0.0,0.0,0.0,1,154.0,0.0,0,920.0,1050.0,1060.0,1050.0,3.0,15820.0,5
2023-05-11 14:05:13,cu2312P58000,cu2312P58000,1060.0,0.0,0.0,0.0,1,156.0,0.0,0,920.0,1050.0,1060.0,1050.0,3.0,15820.0,5
2023-05-11 14:05:26,cu2312P58000,cu2312P58000,1060.0,0.0,0.0,0.0,1,156.0,0.0,0,920.0,1050.0,1060.0,1050.0,3.0,15820.0,5
2023-05-11 14:26:06,cu2312P58000,cu2312P58000,1060.0,0.0,0.0,0.0,1,1070.0,1088.0,1,920.0,1050.0,1060.0,1050.0,3.0,15820.0,5
2023-05-11 14:26:07,cu2312P58000,cu2312P58000,1060.0,0.0,0.0,0.0,1,1070.0,1088.0,1,920.0,1050.0,1060.0,1050.0,3.0,15820.0,5
2023-05-11 14:26:12,cu2312P58000,cu2312P58000,1060.0,0.0,0.0,0.0,1,1070.0,1088.0,1,920.0,1050.0,1060.0,1050.0,3.0,15820.0,5
2023-05-11 14:26:12,cu2312P58000,cu2312P58000,1060.0,0.0,0.0,0.0,2,1070.0,1088.0,1,920.0,1050.0,1060.0,1050.0,3.0,15820.0,5
2023-05-11 14:26:14,cu2312P58000,cu2312P58000,1060.0,0.0,0.0,0.0,1,1078.0,1088.0,1,920.0,1050.0,1060.0,1050.0,3.0,15820.0,5
2023-05-11 14:26:15,cu2312P58000,cu2312P58000,1060.0,0.0,0.0,0.0,1,1078.0,1088.0,1,920.0,1050.0,1060.0,1050.0,3.0,15820.0,5
2023-05-11 14:26:16,cu2312P58000,cu2312P58000,1088.0,1.0,5440.0,0.0,1,1078.0,1092.0,1,920.0,1050.0,1088.0,1050.0,4.0,21260.0,5
2023-05-11 14:26:16,cu2312P58000,cu2312P58000,1088.0,0.0,0.0,0.0,1,1078.0,1092.0,1,920.0,1050.0,1088.0,1050.0,4.0,21260.0,5
2023-05-11 14:26:18,cu2312P58000,cu2312P58000,1088.0,0.0,0.0,0.0,2,1078.0,1092.0,2,920.0,1050.0,1088.0,1050.0,4.0,21260.0,5
2023-05-11 14:26:22,cu2312P58000,cu2312P58000,1088.0,0.0,0.0,0.0,2,1078.0,1092.0,2,920.0,1050.0,1088.0,1050.0,4.0,21260.0,5
2023-05-11 14:26:24,cu2312P58000,cu2312P58000,1088.0,0.0,0.0,0.0,2,1078.0,1092.0,2,920.0,1050.0,1088.0,1050.0,4.0,21260.0,5
2023-05-11 14:26:25,cu2312P58000,cu2312P58000,1088.0,0.0,0.0,0.0,2,1078.0,1092.0,2,920.0,1050.0,1088.0,1050.0,4.0,21260.0,5
2023-05-11 14:26:25,cu2312P58000,cu2312P58000,1088.0,0.0,0.0,0.0,1,1078.0,1092.0,2,920.0,1050.0,1088.0,1050.0,4.0,21260.0,5
2023-05-11 14:26:26,cu2312P58000,cu2312P58000,1088.0,0.0,0.0,0.0,1,1078.0,1092.0,1,920.0,1050.0,1088.0,1050.0,4.0,21260.0,5
2023-05-11 14:26:27,cu2312P58000,cu2312P58000,1088.0,0.0,0.0,0.0,1,1078.0,1092.0,1,920.0,1050.0,1088.0,1050.0,4.0,21260.0,5
2023-05-11 14:26:27,cu2312P58000,cu2312P58000,1088.0,0.0,0.0,0.0,1,1078.0,1092.0,1,920.0,1050.0,1088.0,1050.0,4.0,21260.0,5
2023-05-11 14:26:29,cu2312P58000,cu2312P58000,1088.0,0.0,0.0,0.0,1,154.0,0.0,0,920.0,1050.0,1088.0,1050.0,4.0,21260.0,5
2023-05-11 14:26:29,cu2312P58000,cu2312P58000,1088.0,0.0,0.0,0.0,1,156.0,0.0,0,920.0,1050.0,1088.0,1050.0,4.0,21260.0,5
2023-05-11 14:35:20,cu2312P58000,cu2312P58000,1088.0,0.0,0.0,0.0,1,158.0,0.0,0,920.0,1050.0,1088.0,1050.0,4.0,21260.0,5
2023-05-11 14:35:21,cu2312P58000,cu2312P58000,1088.0,0.0,0.0,0.0,1,160.0,0.0,0,920.0,1050.0,1088.0,1050.0,4.0,21260.0,5
2023-05-11 14:35:35,cu2312P58000,cu2312P58000,1088.0,0.0,0.0,0.0,1,160.0,0.0,0,920.0,1050.0,1088.0,1050.0,4.0,21260.0,5
2023-05-11 14:44:50,cu2312P58000,cu2312P58000,1088.0,0.0,0.0,0.0,1,1212.0,1252.0,1,920.0,1050.0,1088.0,1050.0,4.0,21260.0,5
2023-05-11 14:44:51,cu2312P58000,cu2312P58000,1088.0,0.0,0.0,0.0,1,1212.0,1252.0,1,920.0,1050.0,1088.0,1050.0,4.0,21260.0,5
2023-05-11 14:44:55,cu2312P58000,cu2312P58000,1088.0,0.0,0.0,0.0,2,1212.0,1252.0,2,920.0,1050.0,1088.0,1050.0,4.0,21260.0,5
2023-05-11 14:44:56,cu2312P58000,cu2312P58000,1088.0,0.0,0.0,0.0,3,1212.0,1252.0,2,920.0,1050.0,1088.0,1050.0,4.0,21260.0,5
2023-05-11 14:44:56,cu2312P58000,cu2312P58000,1088.0,0.0,0.0,0.0,4,1212.0,1252.0,3,920.0,1050.0,1088.0,1050.0,4.0,21260.0,5
2023-05-11 14:44:57,cu2312P58000,cu2312P58000,1088.0,0.0,0.0,0.0,4,1212.0,1252.0,3,920.0,1050.0,1088.0,1050.0,4.0,21260.0,5
2023-05-11 14:44:59,cu2312P58000,cu2312P58000,1088.0,0.0,0.0,0.0,5,1212.0,1252.0,3,920.0,1050.0,1088.0,1050.0,4.0,21260.0,5
2023-05-11 14:45:01,cu2312P58000,cu2312P58000,1088.0,0.0,0.0,0.0,4,1212.0,1252.0,2,920.0,1050.0,1088.0,1050.0,4.0,21260.0,5
2023-05-11 14:45:06,cu2312P58000,cu2312P58000,1088.0,0.0,0.0,0.0,3,1212.0,1252.0,1,920.0,1050.0,1088.0,1050.0,4.0,21260.0,5
2023-05-11 14:45:07,cu2312P58000,cu2312P58000,1088.0,0.0,0.0,0.0,2,1212.0,1254.0,1,920.0,1050.0,1088.0,1050.0,4.0,21260.0,5
2023-05-11 14:45:08,cu2312P58000,cu2312P58000,1088.0,0.0,0.0,0.0,2,1212.0,1254.0,1,920.0,1050.0,1088.0,1050.0,4.0,21260.0,5
2023-05-11 14:45:10,cu2312P58000,cu2312P58000,1088.0,0.0,0.0,0.0,1,1212.0,1266.0,1,920.0,1050.0,1088.0,1050.0,4.0,21260.0,5
2023-05-11 14:45:11,cu2312P58000,cu2312P58000,1088.0,0.0,0.0,0.0,1,158.0,0.0,0,920.0,1050.0,1088.0,1050.0,4.0,21260.0,5
2023-05-11 14:45:11,cu2312P58000,cu2312P58000,1088.0,0.0,0.0,0.0,1,190.0,0.0,0,920.0,1050.0,1088.0,1050.0,4.0,21260.0,5
2023-05-11 14:51:05,cu2312P58000,cu2312P58000,1088.0,0.0,0.0,0.0,1,190.0,0.0,0,920.0,1050.0,1088.0,1050.0,4.0,21260.0,5
2023-05-11 15:18:18,cu2312P58000,cu2312P58000,1088.0,0.0,0.0,0.0,1,190.0,0.0,0,920.0,1050.0,1088.0,1050.0,4.0,21260.0,5
