time,symbol_id,symbol_name,last,trade_volume,trade_amount,open_interest_change,bv1,bp1,ap1,av1,yesterday_close,today_open,today_high,today_low,volume,amount,open_interest
2023-05-11 13:35:29,cu2311P72000,cu2311P72000,6602.0,0.0,0.0,0.0,1,6816.0,6896.0,1,6602.0,0.0,0.0,0.0,0.0,0.0,1
2023-05-11 13:35:35,cu2311P72000,cu2311P72000,6602.0,0.0,0.0,0.0,2,6816.0,6896.0,1,6602.0,0.0,0.0,0.0,0.0,0.0,1
2023-05-11 13:35:35,cu2311P72000,cu2311P72000,6602.0,0.0,0.0,0.0,2,6816.0,6896.0,1,6602.0,0.0,0.0,0.0,0.0,0.0,1
2023-05-11 13:35:36,cu2311P72000,cu2311P72000,6602.0,0.0,0.0,0.0,2,6816.0,6896.0,1,6602.0,0.0,0.0,0.0,0.0,0.0,1
2023-05-11 13:35:36,cu2311P72000,cu2311P72000,6602.0,0.0,0.0,0.0,1,6836.0,6896.0,1,6602.0,0.0,0.0,0.0,0.0,0.0,1
2023-05-11 13:35:37,cu2311P72000,cu2311P72000,6602.0,0.0,0.0,0.0,1,6836.0,6896.0,1,6602.0,0.0,0.0,0.0,0.0,0.0,1
2023-05-11 13:35:39,cu2311P72000,cu2311P72000,6602.0,0.0,0.0,0.0,1,6836.0,6896.0,1,6602.0,0.0,0.0,0.0,0.0,0.0,1
2023-05-11 13:35:41,cu2311P72000,cu2311P72000,6602.0,0.0,0.0,0.0,3,6836.0,6896.0,2,6602.0,0.0,0.0,0.0,0.0,0.0,1
2023-05-11 13:35:41,cu2311P72000,cu2311P72000,6602.0,0.0,0.0,0.0,3,6836.0,6896.0,1,6602.0,0.0,0.0,0.0,0.0,0.0,1
2023-05-11 13:35:47,cu2311P72000,cu2311P72000,6602.0,0.0,0.0,0.0,3,6836.0,6896.0,1,6602.0,0.0,0.0,0.0,0.0,0.0,1
2023-05-11 13:35:47,cu2311P72000,cu2311P72000,6602.0,0.0,0.0,0.0,2,6836.0,6896.0,1,6602.0,0.0,0.0,0.0,0.0,0.0,1
2023-05-11 13:35:48,cu2311P72000,cu2311P72000,6602.0,0.0,0.0,0.0,2,6836.0,6896.0,1,6602.0,0.0,0.0,0.0,0.0,0.0,1
2023-05-11 13:35:50,cu2311P72000,cu2311P72000,6602.0,0.0,0.0,0.0,2,6836.0,6896.0,1,6602.0,0.0,0.0,0.0,0.0,0.0,1
2023-05-11 13:35:50,cu2311P72000,cu2311P72000,6602.0,0.0,0.0,0.0,2,6836.0,6896.0,1,6602.0,0.0,0.0,0.0,0.0,0.0,1
2023-05-11 13:35:51,cu2311P72000,cu2311P72000,6602.0,0.0,0.0,0.0,2,6836.0,6896.0,1,6602.0,0.0,0.0,0.0,0.0,0.0,1
2023-05-11 13:35:51,cu2311P72000,cu2311P72000,6602.0,0.0,0.0,0.0,1,6836.0,6918.0,1,6602.0,0.0,0.0,0.0,0.0,0.0,1
2023-05-11 13:35:52,cu2311P72000,cu2311P72000,6602.0,0.0,0.0,0.0,0,0.0,0.0,0,6602.0,0.0,0.0,0.0,0.0,0.0,1
2023-05-11 13:48:43,cu2311P72000,cu2311P72000,6602.0,0.0,0.0,0.0,1,6762.0,6842.0,1,6602.0,0.0,0.0,0.0,0.0,0.0,1
2023-05-11 13:48:43,cu2311P72000,cu2311P72000,6602.0,0.0,0.0,0.0,1,6762.0,6842.0,1,6602.0,0.0,0.0,0.0,0.0,0.0,1
2023-05-11 13:48:45,cu2311P72000,cu2311P72000,6602.0,0.0,0.0,0.0,1,6776.0,6842.0,1,6602.0,0.0,0.0,0.0,0.0,0.0,1
2023-05-11 13:48:46,cu2311P72000,cu2311P72000,6602.0,0.0,0.0,0.0,1,6776.0,6842.0,1,6602.0,0.0,0.0,0.0,0.0,0.0,1
2023-05-11 13:48:48,cu2311P72000,cu2311P72000,6602.0,0.0,0.0,0.0,2,6776.0,6842.0,1,6602.0,0.0,0.0,0.0,0.0,0.0,1
2023-05-11 13:48:50,cu2311P72000,cu2311P72000,6602.0,0.0,0.0,0.0,2,6776.0,6842.0,1,6602.0,0.0,0.0,0.0,0.0,0.0,1
2023-05-11 13:48:50,cu2311P72000,cu2311P72000,6602.0,0.0,0.0,0.0,1,6790.0,6842.0,1,6602.0,0.0,0.0,0.0,0.0,0.0,1
2023-05-11 13:48:51,cu2311P72000,cu2311P72000,6602.0,0.0,0.0,0.0,1,6790.0,6842.0,1,6602.0,0.0,0.0,0.0,0.0,0.0,1
2023-05-11 13:48:53,cu2311P72000,cu2311P72000,6602.0,0.0,0.0,0.0,1,6790.0,6842.0,1,6602.0,0.0,0.0,0.0,0.0,0.0,1
2023-05-11 13:48:55,cu2311P72000,cu2311P72000,6602.0,0.0,0.0,0.0,2,6790.0,6842.0,1,6602.0,0.0,0.0,0.0,0.0,0.0,1
2023-05-11 13:48:56,cu2311P72000,cu2311P72000,6602.0,0.0,0.0,0.0,2,6790.0,6842.0,1,6602.0,0.0,0.0,0.0,0.0,0.0,1
2023-05-11 13:49:01,cu2311P72000,cu2311P72000,6602.0,0.0,0.0,0.0,2,6790.0,6842.0,1,6602.0,0.0,0.0,0.0,0.0,0.0,1
2023-05-11 13:49:01,cu2311P72000,cu2311P72000,6602.0,0.0,0.0,0.0,1,6790.0,6842.0,1,6602.0,0.0,0.0,0.0,0.0,0.0,1
2023-05-11 13:49:02,cu2311P72000,cu2311P72000,6602.0,0.0,0.0,0.0,1,6790.0,6842.0,1,6602.0,0.0,0.0,0.0,0.0,0.0,1
2023-05-11 13:49:02,cu2311P72000,cu2311P72000,6602.0,0.0,0.0,0.0,1,6790.0,6842.0,1,6602.0,0.0,0.0,0.0,0.0,0.0,1
2023-05-11 13:49:03,cu2311P72000,cu2311P72000,6602.0,0.0,0.0,0.0,1,6790.0,6842.0,1,6602.0,0.0,0.0,0.0,0.0,0.0,1
2023-05-11 13:49:04,cu2311P72000,cu2311P72000,6602.0,0.0,0.0,0.0,1,6790.0,6842.0,1,6602.0,0.0,0.0,0.0,0.0,0.0,1
2023-05-11 13:49:05,cu2311P72000,cu2311P72000,6602.0,0.0,0.0,0.0,0,0.0,0.0,0,6602.0,0.0,0.0,0.0,0.0,0.0,1
2023-05-11 13:49:52,cu2311P72000,cu2311P72000,6602.0,0.0,0.0,0.0,1,6766.0,6846.0,1,6602.0,0.0,0.0,0.0,0.0,0.0,1
2023-05-11 13:49:53,cu2311P72000,cu2311P72000,6602.0,0.0,0.0,0.0,1,6766.0,6846.0,1,6602.0,0.0,0.0,0.0,0.0,0.0,1
2023-05-11 13:49:58,cu2311P72000,cu2311P72000,6602.0,0.0,0.0,0.0,2,6766.0,6846.0,1,6602.0,0.0,0.0,0.0,0.0,0.0,1
2023-05-11 13:49:58,cu2311P72000,cu2311P72000,6602.0,0.0,0.0,0.0,2,6766.0,6846.0,1,6602.0,0.0,0.0,0.0,0.0,0.0,1
2023-05-11 13:49:59,cu2311P72000,cu2311P72000,6602.0,0.0,0.0,0.0,1,6790.0,6846.0,1,6602.0,0.0,0.0,0.0,0.0,0.0,1
2023-05-11 13:50:00,cu2311P72000,cu2311P72000,6602.0,0.0,0.0,0.0,1,6790.0,6846.0,1,6602.0,0.0,0.0,0.0,0.0,0.0,1
2023-05-11 13:50:00,cu2311P72000,cu2311P72000,6602.0,0.0,0.0,0.0,1,6790.0,6846.0,1,6602.0,0.0,0.0,0.0,0.0,0.0,1
2023-05-11 13:50:02,cu2311P72000,cu2311P72000,6602.0,0.0,0.0,0.0,1,6790.0,6846.0,1,6602.0,0.0,0.0,0.0,0.0,0.0,1
2023-05-11 13:50:04,cu2311P72000,cu2311P72000,6602.0,0.0,0.0,0.0,2,6790.0,6846.0,1,6602.0,0.0,0.0,0.0,0.0,0.0,1
2023-05-11 13:50:06,cu2311P72000,cu2311P72000,6602.0,0.0,0.0,0.0,2,6790.0,6846.0,1,6602.0,0.0,0.0,0.0,0.0,0.0,1
2023-05-11 13:50:10,cu2311P72000,cu2311P72000,6602.0,0.0,0.0,0.0,2,6790.0,6846.0,1,6602.0,0.0,0.0,0.0,0.0,0.0,1
2023-05-11 13:50:10,cu2311P72000,cu2311P72000,6602.0,0.0,0.0,0.0,1,6790.0,6846.0,1,6602.0,0.0,0.0,0.0,0.0,0.0,1
2023-05-11 13:50:11,cu2311P72000,cu2311P72000,6602.0,0.0,0.0,0.0,1,6790.0,6846.0,1,6602.0,0.0,0.0,0.0,0.0,0.0,1
2023-05-11 13:50:13,cu2311P72000,cu2311P72000,6602.0,0.0,0.0,0.0,1,6790.0,6846.0,1,6602.0,0.0,0.0,0.0,0.0,0.0,1
2023-05-11 13:50:13,cu2311P72000,cu2311P72000,6602.0,0.0,0.0,0.0,1,6790.0,6846.0,1,6602.0,0.0,0.0,0.0,0.0,0.0,1
2023-05-11 13:50:14,cu2311P72000,cu2311P72000,6602.0,0.0,0.0,0.0,1,6790.0,6846.0,1,6602.0,0.0,0.0,0.0,0.0,0.0,1
2023-05-11 13:50:15,cu2311P72000,cu2311P72000,6602.0,0.0,0.0,0.0,1,6786.0,6868.0,1,6602.0,0.0,0.0,0.0,0.0,0.0,1
2023-05-11 13:50:17,cu2311P72000,cu2311P72000,6602.0,0.0,0.0,0.0,0,0.0,0.0,0,6602.0,0.0,0.0,0.0,0.0,0.0,1
2023-05-11 14:03:43,cu2311P72000,cu2311P72000,6602.0,0.0,0.0,0.0,1,6868.0,6950.0,1,6602.0,0.0,0.0,0.0,0.0,0.0,1
2023-05-11 14:03:43,cu2311P72000,cu2311P72000,6602.0,0.0,0.0,0.0,1,6868.0,6950.0,1,6602.0,0.0,0.0,0.0,0.0,0.0,1
2023-05-11 14:03:48,cu2311P72000,cu2311P72000,6602.0,0.0,0.0,0.0,2,6868.0,6950.0,1,6602.0,0.0,0.0,0.0,0.0,0.0,1
2023-05-11 14:03:49,cu2311P72000,cu2311P72000,6602.0,0.0,0.0,0.0,2,6868.0,6950.0,1,6602.0,0.0,0.0,0.0,0.0,0.0,1
2023-05-11 14:03:50,cu2311P72000,cu2311P72000,6602.0,0.0,0.0,0.0,2,6868.0,6950.0,1,6602.0,0.0,0.0,0.0,0.0,0.0,1
2023-05-11 14:03:50,cu2311P72000,cu2311P72000,6602.0,0.0,0.0,0.0,1,6892.0,6950.0,2,6602.0,0.0,0.0,0.0,0.0,0.0,1
2023-05-11 14:03:51,cu2311P72000,cu2311P72000,6602.0,0.0,0.0,0.0,2,6892.0,6950.0,2,6602.0,0.0,0.0,0.0,0.0,0.0,1
2023-05-11 14:03:53,cu2311P72000,cu2311P72000,6602.0,0.0,0.0,0.0,2,6892.0,6950.0,2,6602.0,0.0,0.0,0.0,0.0,0.0,1
2023-05-11 14:03:55,cu2311P72000,cu2311P72000,6602.0,0.0,0.0,0.0,3,6892.0,6950.0,1,6602.0,0.0,0.0,0.0,0.0,0.0,1
2023-05-11 14:04:01,cu2311P72000,cu2311P72000,6602.0,0.0,0.0,0.0,3,6892.0,6952.0,3,6602.0,0.0,0.0,0.0,0.0,0.0,1
2023-05-11 14:04:01,cu2311P72000,cu2311P72000,6602.0,0.0,0.0,0.0,2,6892.0,6952.0,3,6602.0,0.0,0.0,0.0,0.0,0.0,1
2023-05-11 14:04:02,cu2311P72000,cu2311P72000,6602.0,0.0,0.0,0.0,1,6892.0,6952.0,1,6602.0,0.0,0.0,0.0,0.0,0.0,1
2023-05-11 14:04:02,cu2311P72000,cu2311P72000,6602.0,0.0,0.0,0.0,1,6892.0,6952.0,1,6602.0,0.0,0.0,0.0,0.0,0.0,1
2023-05-11 14:04:03,cu2311P72000,cu2311P72000,6602.0,0.0,0.0,0.0,1,6892.0,6952.0,1,6602.0,0.0,0.0,0.0,0.0,0.0,1
2023-05-11 14:04:04,cu2311P72000,cu2311P72000,6602.0,0.0,0.0,0.0,1,6892.0,6968.0,1,6602.0,0.0,0.0,0.0,0.0,0.0,1
2023-05-11 14:04:04,cu2311P72000,cu2311P72000,6602.0,0.0,0.0,0.0,1,6892.0,6968.0,1,6602.0,0.0,0.0,0.0,0.0,0.0,1
2023-05-11 14:04:05,cu2311P72000,cu2311P72000,6602.0,0.0,0.0,0.0,0,0.0,0.0,0,6602.0,0.0,0.0,0.0,0.0,0.0,1
2023-05-11 14:16:29,cu2311P72000,cu2311P72000,6602.0,0.0,0.0,0.0,1,6868.0,6950.0,1,6602.0,0.0,0.0,0.0,0.0,0.0,1
2023-05-11 14:16:30,cu2311P72000,cu2311P72000,6602.0,0.0,0.0,0.0,1,6868.0,6950.0,1,6602.0,0.0,0.0,0.0,0.0,0.0,1
2023-05-11 14:16:31,cu2311P72000,cu2311P72000,6602.0,0.0,0.0,0.0,1,6904.0,6950.0,1,6602.0,0.0,0.0,0.0,0.0,0.0,1
2023-05-11 14:16:31,cu2311P72000,cu2311P72000,6602.0,0.0,0.0,0.0,1,6904.0,6950.0,1,6602.0,0.0,0.0,0.0,0.0,0.0,1
2023-05-11 14:16:35,cu2311P72000,cu2311P72000,6602.0,0.0,0.0,0.0,1,6904.0,6950.0,1,6602.0,0.0,0.0,0.0,0.0,0.0,1
2023-05-11 14:16:35,cu2311P72000,cu2311P72000,6602.0,0.0,0.0,0.0,1,6904.0,6950.0,1,6602.0,0.0,0.0,0.0,0.0,0.0,1
2023-05-11 14:16:36,cu2311P72000,cu2311P72000,6602.0,0.0,0.0,0.0,1,6904.0,6950.0,1,6602.0,0.0,0.0,0.0,0.0,0.0,1
2023-05-11 14:16:36,cu2311P72000,cu2311P72000,6602.0,0.0,0.0,0.0,1,6904.0,6950.0,1,6602.0,0.0,0.0,0.0,0.0,0.0,1
2023-05-11 14:16:37,cu2311P72000,cu2311P72000,6602.0,0.0,0.0,0.0,1,6904.0,6950.0,1,6602.0,0.0,0.0,0.0,0.0,0.0,1
2023-05-11 14:16:39,cu2311P72000,cu2311P72000,6602.0,0.0,0.0,0.0,1,6904.0,6950.0,1,6602.0,0.0,0.0,0.0,0.0,0.0,1
2023-05-11 14:16:41,cu2311P72000,cu2311P72000,6602.0,0.0,0.0,0.0,2,6904.0,6950.0,1,6602.0,0.0,0.0,0.0,0.0,0.0,1
2023-05-11 14:16:42,cu2311P72000,cu2311P72000,6602.0,0.0,0.0,0.0,1,6904.0,6950.0,1,6602.0,0.0,0.0,0.0,0.0,0.0,1
2023-05-11 14:16:43,cu2311P72000,cu2311P72000,6602.0,0.0,0.0,0.0,1,6904.0,6950.0,1,6602.0,0.0,0.0,0.0,0.0,0.0,1
2023-05-11 14:16:46,cu2311P72000,cu2311P72000,6602.0,0.0,0.0,0.0,1,6904.0,6950.0,1,6602.0,0.0,0.0,0.0,0.0,0.0,1
2023-05-11 14:16:47,cu2311P72000,cu2311P72000,6602.0,0.0,0.0,0.0,1,6904.0,6950.0,1,6602.0,0.0,0.0,0.0,0.0,0.0,1
2023-05-11 14:16:48,cu2311P72000,cu2311P72000,6602.0,0.0,0.0,0.0,1,6904.0,6950.0,1,6602.0,0.0,0.0,0.0,0.0,0.0,1
2023-05-11 14:16:50,cu2311P72000,cu2311P72000,6602.0,0.0,0.0,0.0,1,6904.0,6950.0,1,6602.0,0.0,0.0,0.0,0.0,0.0,1
2023-05-11 14:16:50,cu2311P72000,cu2311P72000,6602.0,0.0,0.0,0.0,1,6904.0,6950.0,1,6602.0,0.0,0.0,0.0,0.0,0.0,1
2023-05-11 14:16:52,cu2311P72000,cu2311P72000,6602.0,0.0,0.0,0.0,0,0.0,0.0,0,6602.0,0.0,0.0,0.0,0.0,0.0,1
2023-05-11 14:44:31,cu2311P72000,cu2311P72000,6602.0,0.0,0.0,0.0,1,7364.0,7454.0,1,6602.0,0.0,0.0,0.0,0.0,0.0,1
2023-05-11 14:44:31,cu2311P72000,cu2311P72000,6602.0,0.0,0.0,0.0,1,7364.0,7454.0,1,6602.0,0.0,0.0,0.0,0.0,0.0,1
2023-05-11 14:44:33,cu2311P72000,cu2311P72000,6602.0,0.0,0.0,0.0,1,7428.0,7454.0,1,6602.0,0.0,0.0,0.0,0.0,0.0,1
2023-05-11 14:44:34,cu2311P72000,cu2311P72000,6602.0,0.0,0.0,0.0,1,7428.0,7454.0,1,6602.0,0.0,0.0,0.0,0.0,0.0,1
2023-05-11 14:44:40,cu2311P72000,cu2311P72000,6602.0,0.0,0.0,0.0,1,7428.0,7454.0,1,6602.0,0.0,0.0,0.0,0.0,0.0,1
2023-05-11 14:44:42,cu2311P72000,cu2311P72000,6602.0,0.0,0.0,0.0,1,7428.0,7464.0,1,6602.0,0.0,0.0,0.0,0.0,0.0,1
2023-05-11 14:44:43,cu2311P72000,cu2311P72000,6602.0,0.0,0.0,0.0,1,7428.0,7464.0,1,6602.0,0.0,0.0,0.0,0.0,0.0,1
2023-05-11 14:44:44,cu2311P72000,cu2311P72000,6602.0,0.0,0.0,0.0,0,0.0,0.0,0,6602.0,0.0,0.0,0.0,0.0,0.0,1
2023-05-11 15:18:18,cu2311P72000,cu2311P72000,6602.0,0.0,0.0,0.0,0,0.0,0.0,0,6602.0,0.0,0.0,0.0,0.0,0.0,1
