time,symbol_id,symbol_name,last,trade_volume,trade_amount,open_interest_change,bv1,bp1,ap1,av1,yesterday_close,today_open,today_high,today_low,volume,amount,open_interest
2023-05-11 13:35:54,cu2312C57000,cu2312C57000,10544.0,0.0,0.0,0.0,1,9924.0,10042.0,1,10544.0,0.0,0.0,0.0,0.0,0.0,0
2023-05-11 13:35:58,cu2312C57000,cu2312C57000,10544.0,0.0,0.0,0.0,1,10008.0,10042.0,1,10544.0,0.0,0.0,0.0,0.0,0.0,0
2023-05-11 13:36:00,cu2312C57000,cu2312C57000,10544.0,0.0,0.0,0.0,1,10008.0,10042.0,2,10544.0,0.0,0.0,0.0,0.0,0.0,0
2023-05-11 13:36:00,cu2312C57000,cu2312C57000,10544.0,0.0,0.0,0.0,1,10008.0,10042.0,2,10544.0,0.0,0.0,0.0,0.0,0.0,0
2023-05-11 13:36:01,cu2312C57000,cu2312C57000,10544.0,0.0,0.0,0.0,1,10008.0,10042.0,2,10544.0,0.0,0.0,0.0,0.0,0.0,0
2023-05-11 13:36:02,cu2312C57000,cu2312C57000,10544.0,0.0,0.0,0.0,1,10008.0,10042.0,2,10544.0,0.0,0.0,0.0,0.0,0.0,0
2023-05-11 13:36:06,cu2312C57000,cu2312C57000,10544.0,0.0,0.0,0.0,1,10008.0,10042.0,1,10544.0,0.0,0.0,0.0,0.0,0.0,0
2023-05-11 13:36:09,cu2312C57000,cu2312C57000,10544.0,0.0,0.0,0.0,1,10006.0,10042.0,1,10544.0,0.0,0.0,0.0,0.0,0.0,0
2023-05-11 13:36:10,cu2312C57000,cu2312C57000,10544.0,0.0,0.0,0.0,1,10006.0,10042.0,1,10544.0,0.0,0.0,0.0,0.0,0.0,0
2023-05-11 13:36:12,cu2312C57000,cu2312C57000,10544.0,0.0,0.0,0.0,1,10006.0,10042.0,1,10544.0,0.0,0.0,0.0,0.0,0.0,0
2023-05-11 13:36:13,cu2312C57000,cu2312C57000,10544.0,0.0,0.0,0.0,1,9962.0,10042.0,1,10544.0,0.0,0.0,0.0,0.0,0.0,0
2023-05-11 13:36:14,cu2312C57000,cu2312C57000,10544.0,0.0,0.0,0.0,1,9752.0,10298.0,1,10544.0,0.0,0.0,0.0,0.0,0.0,0
2023-05-11 13:36:15,cu2312C57000,cu2312C57000,10544.0,0.0,0.0,0.0,0,0.0,0.0,0,10544.0,0.0,0.0,0.0,0.0,0.0,0
2023-05-11 13:49:14,cu2312C57000,cu2312C57000,10544.0,0.0,0.0,0.0,1,10008.0,10128.0,1,10544.0,0.0,0.0,0.0,0.0,0.0,0
2023-05-11 13:49:15,cu2312C57000,cu2312C57000,10544.0,0.0,0.0,0.0,1,10008.0,10128.0,1,10544.0,0.0,0.0,0.0,0.0,0.0,0
2023-05-11 13:49:20,cu2312C57000,cu2312C57000,10544.0,0.0,0.0,0.0,2,10008.0,10128.0,2,10544.0,0.0,0.0,0.0,0.0,0.0,0
2023-05-11 13:49:20,cu2312C57000,cu2312C57000,10544.0,0.0,0.0,0.0,3,10008.0,10128.0,3,10544.0,0.0,0.0,0.0,0.0,0.0,0
2023-05-11 13:49:21,cu2312C57000,cu2312C57000,10544.0,0.0,0.0,0.0,3,10008.0,10128.0,3,10544.0,0.0,0.0,0.0,0.0,0.0,0
2023-05-11 13:49:22,cu2312C57000,cu2312C57000,10544.0,0.0,0.0,0.0,1,10040.0,10128.0,3,10544.0,0.0,0.0,0.0,0.0,0.0,0
2023-05-11 13:49:23,cu2312C57000,cu2312C57000,10544.0,0.0,0.0,0.0,1,10040.0,10128.0,3,10544.0,0.0,0.0,0.0,0.0,0.0,0
2023-05-11 13:49:24,cu2312C57000,cu2312C57000,10544.0,0.0,0.0,0.0,1,10060.0,10128.0,3,10544.0,0.0,0.0,0.0,0.0,0.0,0
2023-05-11 13:49:24,cu2312C57000,cu2312C57000,10544.0,0.0,0.0,0.0,1,10060.0,10128.0,3,10544.0,0.0,0.0,0.0,0.0,0.0,0
2023-05-11 13:49:26,cu2312C57000,cu2312C57000,10544.0,0.0,0.0,0.0,1,10060.0,10128.0,2,10544.0,0.0,0.0,0.0,0.0,0.0,0
2023-05-11 13:49:31,cu2312C57000,cu2312C57000,10544.0,0.0,0.0,0.0,1,10060.0,10128.0,1,10544.0,0.0,0.0,0.0,0.0,0.0,0
2023-05-11 13:49:33,cu2312C57000,cu2312C57000,10544.0,0.0,0.0,0.0,1,10060.0,10128.0,1,10544.0,0.0,0.0,0.0,0.0,0.0,0
2023-05-11 13:49:35,cu2312C57000,cu2312C57000,10544.0,0.0,0.0,0.0,1,10060.0,10144.0,1,10544.0,0.0,0.0,0.0,0.0,0.0,0
2023-05-11 13:49:35,cu2312C57000,cu2312C57000,10544.0,0.0,0.0,0.0,1,9964.0,10198.0,1,10544.0,0.0,0.0,0.0,0.0,0.0,0
2023-05-11 13:49:36,cu2312C57000,cu2312C57000,10544.0,0.0,0.0,0.0,0,0.0,0.0,0,10544.0,0.0,0.0,0.0,0.0,0.0,0
2023-05-11 14:04:08,cu2312C57000,cu2312C57000,10544.0,0.0,0.0,0.0,1,9880.0,9998.0,1,10544.0,0.0,0.0,0.0,0.0,0.0,0
2023-05-11 14:04:09,cu2312C57000,cu2312C57000,10544.0,0.0,0.0,0.0,1,9880.0,9998.0,1,10544.0,0.0,0.0,0.0,0.0,0.0,0
2023-05-11 14:04:14,cu2312C57000,cu2312C57000,10544.0,0.0,0.0,0.0,2,9880.0,9998.0,2,10544.0,0.0,0.0,0.0,0.0,0.0,0
2023-05-11 14:04:14,cu2312C57000,cu2312C57000,10544.0,0.0,0.0,0.0,3,9880.0,9998.0,3,10544.0,0.0,0.0,0.0,0.0,0.0,0
2023-05-11 14:04:15,cu2312C57000,cu2312C57000,10544.0,0.0,0.0,0.0,1,9936.0,9998.0,3,10544.0,0.0,0.0,0.0,0.0,0.0,0
2023-05-11 14:04:16,cu2312C57000,cu2312C57000,10544.0,0.0,0.0,0.0,1,9936.0,9998.0,3,10544.0,0.0,0.0,0.0,0.0,0.0,0
2023-05-11 14:04:16,cu2312C57000,cu2312C57000,10544.0,0.0,0.0,0.0,1,9936.0,9998.0,3,10544.0,0.0,0.0,0.0,0.0,0.0,0
2023-05-11 14:04:18,cu2312C57000,cu2312C57000,10544.0,0.0,0.0,0.0,1,9948.0,9998.0,3,10544.0,0.0,0.0,0.0,0.0,0.0,0
2023-05-11 14:04:19,cu2312C57000,cu2312C57000,10544.0,0.0,0.0,0.0,1,9948.0,9998.0,3,10544.0,0.0,0.0,0.0,0.0,0.0,0
2023-05-11 14:04:20,cu2312C57000,cu2312C57000,10544.0,0.0,0.0,0.0,2,9948.0,9998.0,3,10544.0,0.0,0.0,0.0,0.0,0.0,0
2023-05-11 14:04:24,cu2312C57000,cu2312C57000,10544.0,0.0,0.0,0.0,2,9948.0,9998.0,2,10544.0,0.0,0.0,0.0,0.0,0.0,0
2023-05-11 14:04:26,cu2312C57000,cu2312C57000,10544.0,0.0,0.0,0.0,2,9948.0,9998.0,2,10544.0,0.0,0.0,0.0,0.0,0.0,0
2023-05-11 14:04:27,cu2312C57000,cu2312C57000,10544.0,0.0,0.0,0.0,2,9948.0,9998.0,2,10544.0,0.0,0.0,0.0,0.0,0.0,0
2023-05-11 14:04:29,cu2312C57000,cu2312C57000,10544.0,0.0,0.0,0.0,2,9948.0,9998.0,1,10544.0,0.0,0.0,0.0,0.0,0.0,0
2023-05-11 14:04:29,cu2312C57000,cu2312C57000,10544.0,0.0,0.0,0.0,2,9948.0,9998.0,1,10544.0,0.0,0.0,0.0,0.0,0.0,0
2023-05-11 14:04:30,cu2312C57000,cu2312C57000,10544.0,0.0,0.0,0.0,1,9948.0,9998.0,1,10544.0,0.0,0.0,0.0,0.0,0.0,0
2023-05-11 14:04:30,cu2312C57000,cu2312C57000,10544.0,0.0,0.0,0.0,1,9948.0,9998.0,1,10544.0,0.0,0.0,0.0,0.0,0.0,0
2023-05-11 14:04:31,cu2312C57000,cu2312C57000,10544.0,0.0,0.0,0.0,0,0.0,0.0,0,10544.0,0.0,0.0,0.0,0.0,0.0,0
2023-05-11 14:26:03,cu2312C57000,cu2312C57000,10544.0,0.0,0.0,0.0,1,9686.0,9802.0,1,10544.0,0.0,0.0,0.0,0.0,0.0,0
2023-05-11 14:26:04,cu2312C57000,cu2312C57000,10544.0,0.0,0.0,0.0,1,9686.0,9802.0,1,10544.0,0.0,0.0,0.0,0.0,0.0,0
2023-05-11 14:26:06,cu2312C57000,cu2312C57000,10544.0,0.0,0.0,0.0,1,9776.0,9802.0,1,10544.0,0.0,0.0,0.0,0.0,0.0,0
2023-05-11 14:26:07,cu2312C57000,cu2312C57000,10544.0,0.0,0.0,0.0,1,9776.0,9802.0,1,10544.0,0.0,0.0,0.0,0.0,0.0,0
2023-05-11 14:26:09,cu2312C57000,cu2312C57000,10544.0,0.0,0.0,0.0,1,9776.0,9802.0,1,10544.0,0.0,0.0,0.0,0.0,0.0,0
2023-05-11 14:26:10,cu2312C57000,cu2312C57000,10544.0,0.0,0.0,0.0,1,9776.0,9802.0,1,10544.0,0.0,0.0,0.0,0.0,0.0,0
2023-05-11 14:26:11,cu2312C57000,cu2312C57000,10544.0,0.0,0.0,0.0,1,9776.0,9802.0,1,10544.0,0.0,0.0,0.0,0.0,0.0,0
2023-05-11 14:26:15,cu2312C57000,cu2312C57000,10544.0,0.0,0.0,0.0,1,9776.0,9802.0,1,10544.0,0.0,0.0,0.0,0.0,0.0,0
2023-05-11 14:26:17,cu2312C57000,cu2312C57000,10544.0,0.0,0.0,0.0,1,9774.0,9802.0,1,10544.0,0.0,0.0,0.0,0.0,0.0,0
2023-05-11 14:26:18,cu2312C57000,cu2312C57000,10544.0,0.0,0.0,0.0,1,9774.0,9802.0,1,10544.0,0.0,0.0,0.0,0.0,0.0,0
2023-05-11 14:26:21,cu2312C57000,cu2312C57000,10544.0,0.0,0.0,0.0,1,9774.0,9802.0,1,10544.0,0.0,0.0,0.0,0.0,0.0,0
2023-05-11 14:26:22,cu2312C57000,cu2312C57000,10544.0,0.0,0.0,0.0,1,9774.0,9802.0,1,10544.0,0.0,0.0,0.0,0.0,0.0,0
2023-05-11 14:26:22,cu2312C57000,cu2312C57000,10544.0,0.0,0.0,0.0,1,9756.0,9802.0,1,10544.0,0.0,0.0,0.0,0.0,0.0,0
2023-05-11 14:26:24,cu2312C57000,cu2312C57000,10544.0,0.0,0.0,0.0,1,9756.0,9802.0,1,10544.0,0.0,0.0,0.0,0.0,0.0,0
2023-05-11 14:26:24,cu2312C57000,cu2312C57000,10544.0,0.0,0.0,0.0,1,9756.0,9802.0,1,10544.0,0.0,0.0,0.0,0.0,0.0,0
2023-05-11 14:26:26,cu2312C57000,cu2312C57000,10544.0,0.0,0.0,0.0,0,0.0,0.0,0,10544.0,0.0,0.0,0.0,0.0,0.0,0
2023-05-11 14:44:56,cu2312C57000,cu2312C57000,10544.0,0.0,0.0,0.0,1,9352.0,9450.0,1,10544.0,0.0,0.0,0.0,0.0,0.0,0
2023-05-11 14:44:57,cu2312C57000,cu2312C57000,10544.0,0.0,0.0,0.0,1,9352.0,9450.0,1,10544.0,0.0,0.0,0.0,0.0,0.0,0
2023-05-11 14:44:57,cu2312C57000,cu2312C57000,10544.0,0.0,0.0,0.0,1,9352.0,9450.0,1,10544.0,0.0,0.0,0.0,0.0,0.0,0
2023-05-11 14:45:05,cu2312C57000,cu2312C57000,10544.0,0.0,0.0,0.0,1,9352.0,9450.0,1,10544.0,0.0,0.0,0.0,0.0,0.0,0
2023-05-11 14:45:07,cu2312C57000,cu2312C57000,10544.0,0.0,0.0,0.0,1,9348.0,9454.0,1,10544.0,0.0,0.0,0.0,0.0,0.0,0
2023-05-11 14:45:08,cu2312C57000,cu2312C57000,10544.0,0.0,0.0,0.0,0,0.0,0.0,0,10544.0,0.0,0.0,0.0,0.0,0.0,0
2023-05-11 15:18:18,cu2312C57000,cu2312C57000,10544.0,0.0,0.0,0.0,0,0.0,0.0,0,10544.0,0.0,0.0,0.0,0.0,0.0,0
