time,symbol_id,symbol_name,last,trade_volume,trade_amount,open_interest_change,bv1,bp1,ap1,av1,yesterday_close,today_open,today_high,today_low,volume,amount,open_interest
2023-05-10 20:59:00,cu2311C69000,cu2311C69000,2480.0,0.0,0.0,0.0,9,2.0,0.0,0,2480.0,0.0,0.0,0.0,0.0,0.0,2
2023-05-10 21:00:12,cu2311C69000,cu2311C69000,2480.0,0.0,0.0,0.0,2,4.0,0.0,0,2480.0,0.0,0.0,0.0,0.0,0.0,2
2023-05-10 21:00:18,cu2311C69000,cu2311C69000,2480.0,0.0,0.0,0.0,1,490.0,0.0,0,2480.0,0.0,0.0,0.0,0.0,0.0,2
2023-05-10 21:00:18,cu2311C69000,cu2311C69000,2480.0,0.0,0.0,0.0,1,490.0,0.0,0,2480.0,0.0,0.0,0.0,0.0,0.0,2
2023-05-10 21:00:19,cu2311C69000,cu2311C69000,2480.0,0.0,0.0,0.0,2,492.0,0.0,0,2480.0,0.0,0.0,0.0,0.0,0.0,2
2023-05-10 21:05:06,cu2311C69000,cu2311C69000,2480.0,0.0,0.0,0.0,2,492.0,0.0,0,2480.0,0.0,0.0,0.0,0.0,0.0,2
2023-05-10 21:05:57,cu2311C69000,cu2311C69000,2480.0,0.0,0.0,0.0,1,494.0,0.0,0,2480.0,0.0,0.0,0.0,0.0,0.0,2
2023-05-10 21:05:57,cu2311C69000,cu2311C69000,2480.0,0.0,0.0,0.0,2,490.0,0.0,0,2480.0,0.0,0.0,0.0,0.0,0.0,2
2023-05-10 21:05:58,cu2311C69000,cu2311C69000,2480.0,0.0,0.0,0.0,2,492.0,0.0,0,2480.0,0.0,0.0,0.0,0.0,0.0,2
2023-05-10 21:05:59,cu2311C69000,cu2311C69000,2480.0,0.0,0.0,0.0,1,494.0,0.0,0,2480.0,0.0,0.0,0.0,0.0,0.0,2
2023-05-10 21:05:59,cu2311C69000,cu2311C69000,2480.0,0.0,0.0,0.0,2,490.0,0.0,0,2480.0,0.0,0.0,0.0,0.0,0.0,2
2023-05-10 21:06:00,cu2311C69000,cu2311C69000,2480.0,0.0,0.0,0.0,2,492.0,0.0,0,2480.0,0.0,0.0,0.0,0.0,0.0,2
2023-05-10 21:06:00,cu2311C69000,cu2311C69000,2480.0,0.0,0.0,0.0,1,494.0,0.0,0,2480.0,0.0,0.0,0.0,0.0,0.0,2
2023-05-10 21:06:01,cu2311C69000,cu2311C69000,2480.0,0.0,0.0,0.0,2,490.0,0.0,0,2480.0,0.0,0.0,0.0,0.0,0.0,2
2023-05-10 21:06:01,cu2311C69000,cu2311C69000,2480.0,0.0,0.0,0.0,2,492.0,0.0,0,2480.0,0.0,0.0,0.0,0.0,0.0,2
2023-05-10 21:06:05,cu2311C69000,cu2311C69000,2480.0,0.0,0.0,0.0,1,494.0,0.0,0,2480.0,0.0,0.0,0.0,0.0,0.0,2
2023-05-10 21:06:05,cu2311C69000,cu2311C69000,2480.0,0.0,0.0,0.0,2,490.0,0.0,0,2480.0,0.0,0.0,0.0,0.0,0.0,2
2023-05-10 21:06:06,cu2311C69000,cu2311C69000,2480.0,0.0,0.0,0.0,2,492.0,0.0,0,2480.0,0.0,0.0,0.0,0.0,0.0,2
2023-05-10 21:06:09,cu2311C69000,cu2311C69000,2480.0,0.0,0.0,0.0,1,506.0,0.0,0,2480.0,0.0,0.0,0.0,0.0,0.0,2
2023-05-10 21:06:10,cu2311C69000,cu2311C69000,2480.0,0.0,0.0,0.0,2,490.0,0.0,0,2480.0,0.0,0.0,0.0,0.0,0.0,2
2023-05-10 21:06:10,cu2311C69000,cu2311C69000,2480.0,0.0,0.0,0.0,2,492.0,0.0,0,2480.0,0.0,0.0,0.0,0.0,0.0,2
2023-05-10 21:06:13,cu2311C69000,cu2311C69000,2480.0,0.0,0.0,0.0,1,506.0,0.0,0,2480.0,0.0,0.0,0.0,0.0,0.0,2
2023-05-10 21:06:13,cu2311C69000,cu2311C69000,2480.0,0.0,0.0,0.0,2,490.0,0.0,0,2480.0,0.0,0.0,0.0,0.0,0.0,2
2023-05-10 21:06:14,cu2311C69000,cu2311C69000,2480.0,0.0,0.0,0.0,2,492.0,0.0,0,2480.0,0.0,0.0,0.0,0.0,0.0,2
2023-05-10 21:06:15,cu2311C69000,cu2311C69000,2480.0,0.0,0.0,0.0,1,506.0,0.0,0,2480.0,0.0,0.0,0.0,0.0,0.0,2
2023-05-10 21:06:15,cu2311C69000,cu2311C69000,2480.0,0.0,0.0,0.0,2,490.0,0.0,0,2480.0,0.0,0.0,0.0,0.0,0.0,2
2023-05-10 21:06:16,cu2311C69000,cu2311C69000,2480.0,0.0,0.0,0.0,2,492.0,0.0,0,2480.0,0.0,0.0,0.0,0.0,0.0,2
2023-05-10 21:06:17,cu2311C69000,cu2311C69000,2480.0,0.0,0.0,0.0,1,506.0,0.0,0,2480.0,0.0,0.0,0.0,0.0,0.0,2
2023-05-10 21:06:17,cu2311C69000,cu2311C69000,2480.0,0.0,0.0,0.0,2,490.0,0.0,0,2480.0,0.0,0.0,0.0,0.0,0.0,2
2023-05-10 21:06:18,cu2311C69000,cu2311C69000,2480.0,0.0,0.0,0.0,2,492.0,0.0,0,2480.0,0.0,0.0,0.0,0.0,0.0,2
2023-05-10 21:06:18,cu2311C69000,cu2311C69000,2480.0,0.0,0.0,0.0,1,506.0,0.0,0,2480.0,0.0,0.0,0.0,0.0,0.0,2
2023-05-10 21:06:19,cu2311C69000,cu2311C69000,2480.0,0.0,0.0,0.0,2,490.0,0.0,0,2480.0,0.0,0.0,0.0,0.0,0.0,2
2023-05-10 21:06:19,cu2311C69000,cu2311C69000,2480.0,0.0,0.0,0.0,2,492.0,0.0,0,2480.0,0.0,0.0,0.0,0.0,0.0,2
2023-05-10 21:06:22,cu2311C69000,cu2311C69000,2480.0,0.0,0.0,0.0,1,518.0,0.0,0,2480.0,0.0,0.0,0.0,0.0,0.0,2
2023-05-10 21:06:23,cu2311C69000,cu2311C69000,2480.0,0.0,0.0,0.0,2,490.0,0.0,0,2480.0,0.0,0.0,0.0,0.0,0.0,2
2023-05-10 21:06:23,cu2311C69000,cu2311C69000,2480.0,0.0,0.0,0.0,2,492.0,0.0,0,2480.0,0.0,0.0,0.0,0.0,0.0,2
2023-05-10 21:06:24,cu2311C69000,cu2311C69000,2480.0,0.0,0.0,0.0,1,518.0,0.0,0,2480.0,0.0,0.0,0.0,0.0,0.0,2
2023-05-10 21:06:24,cu2311C69000,cu2311C69000,2480.0,0.0,0.0,0.0,2,490.0,0.0,0,2480.0,0.0,0.0,0.0,0.0,0.0,2
2023-05-10 21:06:25,cu2311C69000,cu2311C69000,2480.0,0.0,0.0,0.0,2,492.0,0.0,0,2480.0,0.0,0.0,0.0,0.0,0.0,2
2023-05-10 21:06:25,cu2311C69000,cu2311C69000,2480.0,0.0,0.0,0.0,1,518.0,0.0,0,2480.0,0.0,0.0,0.0,0.0,0.0,2
2023-05-10 21:06:26,cu2311C69000,cu2311C69000,2480.0,0.0,0.0,0.0,2,490.0,0.0,0,2480.0,0.0,0.0,0.0,0.0,0.0,2
2023-05-10 21:06:26,cu2311C69000,cu2311C69000,2480.0,0.0,0.0,0.0,2,492.0,0.0,0,2480.0,0.0,0.0,0.0,0.0,0.0,2
2023-05-10 21:06:27,cu2311C69000,cu2311C69000,2480.0,0.0,0.0,0.0,1,518.0,0.0,0,2480.0,0.0,0.0,0.0,0.0,0.0,2
2023-05-10 21:06:27,cu2311C69000,cu2311C69000,2480.0,0.0,0.0,0.0,2,490.0,0.0,0,2480.0,0.0,0.0,0.0,0.0,0.0,2
2023-05-10 21:06:28,cu2311C69000,cu2311C69000,2480.0,0.0,0.0,0.0,2,492.0,0.0,0,2480.0,0.0,0.0,0.0,0.0,0.0,2
2023-05-10 21:06:30,cu2311C69000,cu2311C69000,2480.0,0.0,0.0,0.0,1,518.0,0.0,0,2480.0,0.0,0.0,0.0,0.0,0.0,2
2023-05-10 21:06:30,cu2311C69000,cu2311C69000,2480.0,0.0,0.0,0.0,2,490.0,0.0,0,2480.0,0.0,0.0,0.0,0.0,0.0,2
2023-05-10 21:06:31,cu2311C69000,cu2311C69000,2480.0,0.0,0.0,0.0,2,492.0,0.0,0,2480.0,0.0,0.0,0.0,0.0,0.0,2
2023-05-10 21:06:33,cu2311C69000,cu2311C69000,2480.0,0.0,0.0,0.0,1,518.0,0.0,0,2480.0,0.0,0.0,0.0,0.0,0.0,2
2023-05-10 21:06:34,cu2311C69000,cu2311C69000,2480.0,0.0,0.0,0.0,2,490.0,0.0,0,2480.0,0.0,0.0,0.0,0.0,0.0,2
2023-05-10 21:06:34,cu2311C69000,cu2311C69000,2480.0,0.0,0.0,0.0,2,492.0,0.0,0,2480.0,0.0,0.0,0.0,0.0,0.0,2
2023-05-10 21:06:35,cu2311C69000,cu2311C69000,2480.0,0.0,0.0,0.0,1,518.0,0.0,0,2480.0,0.0,0.0,0.0,0.0,0.0,2
2023-05-10 21:06:35,cu2311C69000,cu2311C69000,2480.0,0.0,0.0,0.0,2,490.0,0.0,0,2480.0,0.0,0.0,0.0,0.0,0.0,2
2023-05-10 21:06:36,cu2311C69000,cu2311C69000,2480.0,0.0,0.0,0.0,2,492.0,0.0,0,2480.0,0.0,0.0,0.0,0.0,0.0,2
2023-05-10 21:06:36,cu2311C69000,cu2311C69000,2480.0,0.0,0.0,0.0,1,518.0,0.0,0,2480.0,0.0,0.0,0.0,0.0,0.0,2
2023-05-10 21:06:37,cu2311C69000,cu2311C69000,2480.0,0.0,0.0,0.0,2,490.0,0.0,0,2480.0,0.0,0.0,0.0,0.0,0.0,2
2023-05-10 21:06:37,cu2311C69000,cu2311C69000,2480.0,0.0,0.0,0.0,2,492.0,0.0,0,2480.0,0.0,0.0,0.0,0.0,0.0,2
2023-05-10 21:06:38,cu2311C69000,cu2311C69000,2480.0,0.0,0.0,0.0,1,518.0,0.0,0,2480.0,0.0,0.0,0.0,0.0,0.0,2
2023-05-10 21:06:38,cu2311C69000,cu2311C69000,2480.0,0.0,0.0,0.0,2,490.0,0.0,0,2480.0,0.0,0.0,0.0,0.0,0.0,2
2023-05-10 21:06:39,cu2311C69000,cu2311C69000,2480.0,0.0,0.0,0.0,2,492.0,0.0,0,2480.0,0.0,0.0,0.0,0.0,0.0,2
2023-05-10 21:06:41,cu2311C69000,cu2311C69000,2480.0,0.0,0.0,0.0,1,518.0,0.0,0,2480.0,0.0,0.0,0.0,0.0,0.0,2
2023-05-10 21:06:42,cu2311C69000,cu2311C69000,2480.0,0.0,0.0,0.0,2,490.0,0.0,0,2480.0,0.0,0.0,0.0,0.0,0.0,2
2023-05-10 21:06:42,cu2311C69000,cu2311C69000,2480.0,0.0,0.0,0.0,2,492.0,0.0,0,2480.0,0.0,0.0,0.0,0.0,0.0,2
2023-05-10 21:06:45,cu2311C69000,cu2311C69000,2480.0,0.0,0.0,0.0,1,518.0,0.0,0,2480.0,0.0,0.0,0.0,0.0,0.0,2
2023-05-10 21:06:45,cu2311C69000,cu2311C69000,2480.0,0.0,0.0,0.0,2,490.0,0.0,0,2480.0,0.0,0.0,0.0,0.0,0.0,2
2023-05-10 21:06:46,cu2311C69000,cu2311C69000,2480.0,0.0,0.0,0.0,2,492.0,0.0,0,2480.0,0.0,0.0,0.0,0.0,0.0,2
2023-05-10 21:06:50,cu2311C69000,cu2311C69000,2480.0,0.0,0.0,0.0,1,518.0,0.0,0,2480.0,0.0,0.0,0.0,0.0,0.0,2
2023-05-10 21:06:51,cu2311C69000,cu2311C69000,2480.0,0.0,0.0,0.0,2,490.0,0.0,0,2480.0,0.0,0.0,0.0,0.0,0.0,2
2023-05-10 21:06:51,cu2311C69000,cu2311C69000,2480.0,0.0,0.0,0.0,2,492.0,0.0,0,2480.0,0.0,0.0,0.0,0.0,0.0,2
2023-05-10 21:06:53,cu2311C69000,cu2311C69000,2480.0,0.0,0.0,0.0,1,518.0,0.0,0,2480.0,0.0,0.0,0.0,0.0,0.0,2
2023-05-10 21:06:54,cu2311C69000,cu2311C69000,2480.0,0.0,0.0,0.0,2,490.0,0.0,0,2480.0,0.0,0.0,0.0,0.0,0.0,2
2023-05-10 21:06:54,cu2311C69000,cu2311C69000,2480.0,0.0,0.0,0.0,2,492.0,0.0,0,2480.0,0.0,0.0,0.0,0.0,0.0,2
2023-05-10 21:06:56,cu2311C69000,cu2311C69000,2480.0,0.0,0.0,0.0,1,518.0,0.0,0,2480.0,0.0,0.0,0.0,0.0,0.0,2
2023-05-10 21:06:57,cu2311C69000,cu2311C69000,2480.0,0.0,0.0,0.0,2,490.0,0.0,0,2480.0,0.0,0.0,0.0,0.0,0.0,2
2023-05-10 21:06:57,cu2311C69000,cu2311C69000,2480.0,0.0,0.0,0.0,2,492.0,0.0,0,2480.0,0.0,0.0,0.0,0.0,0.0,2
2023-05-10 21:06:59,cu2311C69000,cu2311C69000,2480.0,0.0,0.0,0.0,1,518.0,0.0,0,2480.0,0.0,0.0,0.0,0.0,0.0,2
2023-05-10 21:07:00,cu2311C69000,cu2311C69000,2480.0,0.0,0.0,0.0,2,490.0,0.0,0,2480.0,0.0,0.0,0.0,0.0,0.0,2
2023-05-10 21:07:00,cu2311C69000,cu2311C69000,2480.0,0.0,0.0,0.0,2,492.0,0.0,0,2480.0,0.0,0.0,0.0,0.0,0.0,2
2023-05-10 21:07:01,cu2311C69000,cu2311C69000,2480.0,0.0,0.0,0.0,1,518.0,0.0,0,2480.0,0.0,0.0,0.0,0.0,0.0,2
2023-05-10 21:07:01,cu2311C69000,cu2311C69000,2480.0,0.0,0.0,0.0,2,490.0,0.0,0,2480.0,0.0,0.0,0.0,0.0,0.0,2
2023-05-10 21:07:02,cu2311C69000,cu2311C69000,2480.0,0.0,0.0,0.0,2,492.0,0.0,0,2480.0,0.0,0.0,0.0,0.0,0.0,2
2023-05-10 21:07:02,cu2311C69000,cu2311C69000,2480.0,0.0,0.0,0.0,1,518.0,0.0,0,2480.0,0.0,0.0,0.0,0.0,0.0,2
2023-05-10 21:07:03,cu2311C69000,cu2311C69000,2480.0,0.0,0.0,0.0,2,490.0,0.0,0,2480.0,0.0,0.0,0.0,0.0,0.0,2
2023-05-10 21:07:03,cu2311C69000,cu2311C69000,2480.0,0.0,0.0,0.0,2,492.0,0.0,0,2480.0,0.0,0.0,0.0,0.0,0.0,2
2023-05-10 21:07:04,cu2311C69000,cu2311C69000,2480.0,0.0,0.0,0.0,1,518.0,0.0,0,2480.0,0.0,0.0,0.0,0.0,0.0,2
2023-05-10 21:07:04,cu2311C69000,cu2311C69000,2480.0,0.0,0.0,0.0,2,490.0,0.0,0,2480.0,0.0,0.0,0.0,0.0,0.0,2
2023-05-10 21:07:05,cu2311C69000,cu2311C69000,2480.0,0.0,0.0,0.0,2,492.0,0.0,0,2480.0,0.0,0.0,0.0,0.0,0.0,2
2023-05-10 21:07:05,cu2311C69000,cu2311C69000,2480.0,0.0,0.0,0.0,1,518.0,0.0,0,2480.0,0.0,0.0,0.0,0.0,0.0,2
2023-05-10 21:07:06,cu2311C69000,cu2311C69000,2480.0,0.0,0.0,0.0,2,490.0,0.0,0,2480.0,0.0,0.0,0.0,0.0,0.0,2
2023-05-10 21:07:06,cu2311C69000,cu2311C69000,2480.0,0.0,0.0,0.0,2,492.0,0.0,0,2480.0,0.0,0.0,0.0,0.0,0.0,2
2023-05-10 21:07:07,cu2311C69000,cu2311C69000,2480.0,0.0,0.0,0.0,1,518.0,0.0,0,2480.0,0.0,0.0,0.0,0.0,0.0,2
2023-05-10 21:07:07,cu2311C69000,cu2311C69000,2480.0,0.0,0.0,0.0,2,490.0,0.0,0,2480.0,0.0,0.0,0.0,0.0,0.0,2
2023-05-10 21:07:08,cu2311C69000,cu2311C69000,2480.0,0.0,0.0,0.0,2,492.0,0.0,0,2480.0,0.0,0.0,0.0,0.0,0.0,2
2023-05-10 21:07:08,cu2311C69000,cu2311C69000,2480.0,0.0,0.0,0.0,1,518.0,0.0,0,2480.0,0.0,0.0,0.0,0.0,0.0,2
2023-05-10 21:07:09,cu2311C69000,cu2311C69000,2480.0,0.0,0.0,0.0,2,520.0,0.0,0,2480.0,0.0,0.0,0.0,0.0,0.0,2
2023-05-10 21:07:09,cu2311C69000,cu2311C69000,2480.0,0.0,0.0,0.0,1,546.0,0.0,0,2480.0,0.0,0.0,0.0,0.0,0.0,2
2023-05-10 21:07:10,cu2311C69000,cu2311C69000,2480.0,0.0,0.0,0.0,2,490.0,0.0,0,2480.0,0.0,0.0,0.0,0.0,0.0,2
2023-05-10 21:07:10,cu2311C69000,cu2311C69000,2480.0,0.0,0.0,0.0,3,492.0,0.0,0,2480.0,0.0,0.0,0.0,0.0,0.0,2
2023-05-10 21:07:11,cu2311C69000,cu2311C69000,2480.0,0.0,0.0,0.0,1,518.0,0.0,0,2480.0,0.0,0.0,0.0,0.0,0.0,2
2023-05-10 21:07:11,cu2311C69000,cu2311C69000,2480.0,0.0,0.0,0.0,2,490.0,0.0,0,2480.0,0.0,0.0,0.0,0.0,0.0,2
2023-05-10 21:07:12,cu2311C69000,cu2311C69000,2480.0,0.0,0.0,0.0,3,492.0,0.0,0,2480.0,0.0,0.0,0.0,0.0,0.0,2
2023-05-10 21:07:12,cu2311C69000,cu2311C69000,2480.0,0.0,0.0,0.0,1,518.0,0.0,0,2480.0,0.0,0.0,0.0,0.0,0.0,2
2023-05-10 21:07:13,cu2311C69000,cu2311C69000,2480.0,0.0,0.0,0.0,2,490.0,0.0,0,2480.0,0.0,0.0,0.0,0.0,0.0,2
2023-05-10 21:07:13,cu2311C69000,cu2311C69000,2480.0,0.0,0.0,0.0,3,492.0,0.0,0,2480.0,0.0,0.0,0.0,0.0,0.0,2
2023-05-10 21:07:14,cu2311C69000,cu2311C69000,2480.0,0.0,0.0,0.0,1,518.0,0.0,0,2480.0,0.0,0.0,0.0,0.0,0.0,2
2023-05-10 21:07:14,cu2311C69000,cu2311C69000,2480.0,0.0,0.0,0.0,2,490.0,0.0,0,2480.0,0.0,0.0,0.0,0.0,0.0,2
2023-05-10 21:07:15,cu2311C69000,cu2311C69000,2480.0,0.0,0.0,0.0,3,492.0,0.0,0,2480.0,0.0,0.0,0.0,0.0,0.0,2
2023-05-10 21:07:15,cu2311C69000,cu2311C69000,2480.0,0.0,0.0,0.0,1,518.0,0.0,0,2480.0,0.0,0.0,0.0,0.0,0.0,2
2023-05-10 21:07:16,cu2311C69000,cu2311C69000,2480.0,0.0,0.0,0.0,2,490.0,0.0,0,2480.0,0.0,0.0,0.0,0.0,0.0,2
2023-05-10 21:07:16,cu2311C69000,cu2311C69000,2480.0,0.0,0.0,0.0,3,492.0,0.0,0,2480.0,0.0,0.0,0.0,0.0,0.0,2
2023-05-10 21:07:17,cu2311C69000,cu2311C69000,2480.0,0.0,0.0,0.0,1,518.0,0.0,0,2480.0,0.0,0.0,0.0,0.0,0.0,2
2023-05-10 21:07:17,cu2311C69000,cu2311C69000,2480.0,0.0,0.0,0.0,2,490.0,0.0,0,2480.0,0.0,0.0,0.0,0.0,0.0,2
2023-05-10 21:07:18,cu2311C69000,cu2311C69000,2480.0,0.0,0.0,0.0,1,504.0,0.0,0,2480.0,0.0,0.0,0.0,0.0,0.0,2
2023-05-10 21:07:18,cu2311C69000,cu2311C69000,2480.0,0.0,0.0,0.0,2,490.0,0.0,0,2480.0,0.0,0.0,0.0,0.0,0.0,2
2023-05-10 21:07:19,cu2311C69000,cu2311C69000,2480.0,0.0,0.0,0.0,2,492.0,0.0,0,2480.0,0.0,0.0,0.0,0.0,0.0,2
2023-05-10 21:07:19,cu2311C69000,cu2311C69000,2480.0,0.0,0.0,0.0,1,506.0,0.0,0,2480.0,0.0,0.0,0.0,0.0,0.0,2
2023-05-10 21:07:20,cu2311C69000,cu2311C69000,2480.0,0.0,0.0,0.0,1,532.0,0.0,0,2480.0,0.0,0.0,0.0,0.0,0.0,2
2023-05-10 21:07:20,cu2311C69000,cu2311C69000,2480.0,0.0,0.0,0.0,2,534.0,0.0,0,2480.0,0.0,0.0,0.0,0.0,0.0,2
2023-05-10 21:07:21,cu2311C69000,cu2311C69000,2480.0,0.0,0.0,0.0,1,560.0,0.0,0,2480.0,0.0,0.0,0.0,0.0,0.0,2
2023-05-10 21:07:22,cu2311C69000,cu2311C69000,2480.0,0.0,0.0,0.0,2,490.0,0.0,0,2480.0,0.0,0.0,0.0,0.0,0.0,2
2023-05-10 21:07:22,cu2311C69000,cu2311C69000,2480.0,0.0,0.0,0.0,2,492.0,0.0,0,2480.0,0.0,0.0,0.0,0.0,0.0,2
2023-05-10 21:07:23,cu2311C69000,cu2311C69000,2480.0,0.0,0.0,0.0,1,518.0,0.0,0,2480.0,0.0,0.0,0.0,0.0,0.0,2
2023-05-10 21:07:23,cu2311C69000,cu2311C69000,2480.0,0.0,0.0,0.0,2,490.0,0.0,0,2480.0,0.0,0.0,0.0,0.0,0.0,2
2023-05-10 21:07:24,cu2311C69000,cu2311C69000,2480.0,0.0,0.0,0.0,1,504.0,0.0,0,2480.0,0.0,0.0,0.0,0.0,0.0,2
2023-05-10 21:07:24,cu2311C69000,cu2311C69000,2480.0,0.0,0.0,0.0,1,530.0,0.0,0,2480.0,0.0,0.0,0.0,0.0,0.0,2
2023-05-10 21:07:25,cu2311C69000,cu2311C69000,2480.0,0.0,0.0,0.0,3,532.0,0.0,0,2480.0,0.0,0.0,0.0,0.0,0.0,2
2023-05-10 21:07:25,cu2311C69000,cu2311C69000,2480.0,0.0,0.0,0.0,2,532.0,0.0,0,2480.0,0.0,0.0,0.0,0.0,0.0,2
2023-05-10 21:07:28,cu2311C69000,cu2311C69000,2480.0,0.0,0.0,0.0,1,534.0,0.0,0,2480.0,0.0,0.0,0.0,0.0,0.0,2
2023-05-10 21:07:28,cu2311C69000,cu2311C69000,2480.0,0.0,0.0,0.0,1,560.0,0.0,0,2480.0,0.0,0.0,0.0,0.0,0.0,2
2023-05-10 21:07:29,cu2311C69000,cu2311C69000,2480.0,0.0,0.0,0.0,2,562.0,0.0,0,2480.0,0.0,0.0,0.0,0.0,0.0,2
2023-05-10 21:07:30,cu2311C69000,cu2311C69000,2480.0,0.0,0.0,0.0,1,588.0,0.0,0,2480.0,0.0,0.0,0.0,0.0,0.0,2
2023-05-10 21:07:30,cu2311C69000,cu2311C69000,2480.0,0.0,0.0,0.0,2,490.0,0.0,0,2480.0,0.0,0.0,0.0,0.0,0.0,2
2023-05-10 21:07:31,cu2311C69000,cu2311C69000,2480.0,0.0,0.0,0.0,1,516.0,0.0,0,2480.0,0.0,0.0,0.0,0.0,0.0,2
2023-05-10 21:07:31,cu2311C69000,cu2311C69000,2480.0,0.0,0.0,0.0,1,542.0,0.0,0,2480.0,0.0,0.0,0.0,0.0,0.0,2
2023-05-10 21:07:32,cu2311C69000,cu2311C69000,2480.0,0.0,0.0,0.0,2,544.0,0.0,0,2480.0,0.0,0.0,0.0,0.0,0.0,2
2023-05-10 21:07:32,cu2311C69000,cu2311C69000,2480.0,0.0,0.0,0.0,1,546.0,0.0,0,2480.0,0.0,0.0,0.0,0.0,0.0,2
2023-05-10 21:07:33,cu2311C69000,cu2311C69000,2480.0,0.0,0.0,0.0,1,572.0,0.0,0,2480.0,0.0,0.0,0.0,0.0,0.0,2
2023-05-10 21:07:33,cu2311C69000,cu2311C69000,2480.0,0.0,0.0,0.0,2,574.0,0.0,0,2480.0,0.0,0.0,0.0,0.0,0.0,2
2023-05-10 21:07:34,cu2311C69000,cu2311C69000,2480.0,0.0,0.0,0.0,1,600.0,0.0,0,2480.0,0.0,0.0,0.0,0.0,0.0,2
2023-05-10 21:07:35,cu2311C69000,cu2311C69000,2480.0,0.0,0.0,0.0,2,490.0,0.0,0,2480.0,0.0,0.0,0.0,0.0,0.0,2
2023-05-10 21:07:35,cu2311C69000,cu2311C69000,2480.0,0.0,0.0,0.0,1,516.0,0.0,0,2480.0,0.0,0.0,0.0,0.0,0.0,2
2023-05-10 21:07:36,cu2311C69000,cu2311C69000,2480.0,0.0,0.0,0.0,1,542.0,0.0,0,2480.0,0.0,0.0,0.0,0.0,0.0,2
2023-05-10 21:07:36,cu2311C69000,cu2311C69000,2480.0,0.0,0.0,0.0,1,544.0,0.0,0,2480.0,0.0,0.0,0.0,0.0,0.0,2
2023-05-10 21:07:37,cu2311C69000,cu2311C69000,2480.0,0.0,0.0,0.0,1,558.0,0.0,0,2480.0,0.0,0.0,0.0,0.0,0.0,2
2023-05-10 21:07:37,cu2311C69000,cu2311C69000,2480.0,0.0,0.0,0.0,2,560.0,0.0,0,2480.0,0.0,0.0,0.0,0.0,0.0,2
2023-05-10 21:07:38,cu2311C69000,cu2311C69000,2480.0,0.0,0.0,0.0,1,586.0,0.0,0,2480.0,0.0,0.0,0.0,0.0,0.0,2
2023-05-10 21:07:38,cu2311C69000,cu2311C69000,2480.0,0.0,0.0,0.0,2,490.0,0.0,0,2480.0,0.0,0.0,0.0,0.0,0.0,2
2023-05-10 21:07:39,cu2311C69000,cu2311C69000,2480.0,0.0,0.0,0.0,2,492.0,0.0,0,2480.0,0.0,0.0,0.0,0.0,0.0,2
2023-05-10 21:07:39,cu2311C69000,cu2311C69000,2480.0,0.0,0.0,0.0,1,518.0,0.0,0,2480.0,0.0,0.0,0.0,0.0,0.0,2
2023-05-10 21:07:40,cu2311C69000,cu2311C69000,2480.0,0.0,0.0,0.0,1,544.0,0.0,0,2480.0,0.0,0.0,0.0,0.0,0.0,2
2023-05-10 21:07:40,cu2311C69000,cu2311C69000,2480.0,0.0,0.0,0.0,2,546.0,0.0,0,2480.0,0.0,0.0,0.0,0.0,0.0,2
2023-05-10 21:07:41,cu2311C69000,cu2311C69000,2480.0,0.0,0.0,0.0,1,572.0,0.0,0,2480.0,0.0,0.0,0.0,0.0,0.0,2
2023-05-10 21:07:41,cu2311C69000,cu2311C69000,2480.0,0.0,0.0,0.0,1,574.0,0.0,0,2480.0,0.0,0.0,0.0,0.0,0.0,2
2023-05-10 21:07:42,cu2311C69000,cu2311C69000,2480.0,0.0,0.0,0.0,2,576.0,0.0,0,2480.0,0.0,0.0,0.0,0.0,0.0,2
2023-05-10 21:07:42,cu2311C69000,cu2311C69000,2480.0,0.0,0.0,0.0,1,602.0,0.0,0,2480.0,0.0,0.0,0.0,0.0,0.0,2
2023-05-10 21:07:43,cu2311C69000,cu2311C69000,2480.0,0.0,0.0,0.0,2,490.0,0.0,0,2480.0,0.0,0.0,0.0,0.0,0.0,2
2023-05-10 21:07:43,cu2311C69000,cu2311C69000,2480.0,0.0,0.0,0.0,2,492.0,0.0,0,2480.0,0.0,0.0,0.0,0.0,0.0,2
2023-05-10 21:07:44,cu2311C69000,cu2311C69000,2480.0,0.0,0.0,0.0,1,518.0,0.0,0,2480.0,0.0,0.0,0.0,0.0,0.0,2
2023-05-10 21:07:44,cu2311C69000,cu2311C69000,2480.0,0.0,0.0,0.0,1,544.0,0.0,0,2480.0,0.0,0.0,0.0,0.0,0.0,2
2023-05-10 21:07:45,cu2311C69000,cu2311C69000,2480.0,0.0,0.0,0.0,2,546.0,0.0,0,2480.0,0.0,0.0,0.0,0.0,0.0,2
2023-05-10 21:07:45,cu2311C69000,cu2311C69000,2480.0,0.0,0.0,0.0,1,572.0,0.0,0,2480.0,0.0,0.0,0.0,0.0,0.0,2
2023-05-10 21:07:46,cu2311C69000,cu2311C69000,2480.0,0.0,0.0,0.0,1,574.0,0.0,0,2480.0,0.0,0.0,0.0,0.0,0.0,2
2023-05-10 21:07:46,cu2311C69000,cu2311C69000,2480.0,0.0,0.0,0.0,2,576.0,0.0,0,2480.0,0.0,0.0,0.0,0.0,0.0,2
2023-05-10 21:07:47,cu2311C69000,cu2311C69000,2480.0,0.0,0.0,0.0,1,602.0,0.0,0,2480.0,0.0,0.0,0.0,0.0,0.0,2
2023-05-10 21:07:47,cu2311C69000,cu2311C69000,2480.0,0.0,0.0,0.0,2,490.0,0.0,0,2480.0,0.0,0.0,0.0,0.0,0.0,2
2023-05-10 21:07:48,cu2311C69000,cu2311C69000,2480.0,0.0,0.0,0.0,2,492.0,0.0,0,2480.0,0.0,0.0,0.0,0.0,0.0,2
2023-05-10 21:07:48,cu2311C69000,cu2311C69000,2480.0,0.0,0.0,0.0,1,518.0,0.0,0,2480.0,0.0,0.0,0.0,0.0,0.0,2
2023-05-10 21:07:49,cu2311C69000,cu2311C69000,2480.0,0.0,0.0,0.0,2,490.0,0.0,0,2480.0,0.0,0.0,0.0,0.0,0.0,2
2023-05-10 21:07:49,cu2311C69000,cu2311C69000,2480.0,0.0,0.0,0.0,2,492.0,0.0,0,2480.0,0.0,0.0,0.0,0.0,0.0,2
2023-05-10 21:07:50,cu2311C69000,cu2311C69000,2480.0,0.0,0.0,0.0,1,518.0,0.0,0,2480.0,0.0,0.0,0.0,0.0,0.0,2
2023-05-10 21:07:51,cu2311C69000,cu2311C69000,2480.0,0.0,0.0,0.0,2,490.0,0.0,0,2480.0,0.0,0.0,0.0,0.0,0.0,2
2023-05-10 21:07:51,cu2311C69000,cu2311C69000,2480.0,0.0,0.0,0.0,1,516.0,0.0,0,2480.0,0.0,0.0,0.0,0.0,0.0,2
2023-05-10 21:07:52,cu2311C69000,cu2311C69000,2480.0,0.0,0.0,0.0,2,490.0,0.0,0,2480.0,0.0,0.0,0.0,0.0,0.0,2
2023-05-10 21:07:52,cu2311C69000,cu2311C69000,2480.0,0.0,0.0,0.0,2,492.0,0.0,0,2480.0,0.0,0.0,0.0,0.0,0.0,2
2023-05-10 21:07:53,cu2311C69000,cu2311C69000,2480.0,0.0,0.0,0.0,1,518.0,0.0,0,2480.0,0.0,0.0,0.0,0.0,0.0,2
2023-05-10 21:07:54,cu2311C69000,cu2311C69000,2480.0,0.0,0.0,0.0,2,490.0,0.0,0,2480.0,0.0,0.0,0.0,0.0,0.0,2
2023-05-10 21:07:54,cu2311C69000,cu2311C69000,2480.0,0.0,0.0,0.0,1,516.0,0.0,0,2480.0,0.0,0.0,0.0,0.0,0.0,2
2023-05-10 21:07:55,cu2311C69000,cu2311C69000,2480.0,0.0,0.0,0.0,1,542.0,0.0,0,2480.0,0.0,0.0,0.0,0.0,0.0,2
2023-05-10 21:07:55,cu2311C69000,cu2311C69000,2480.0,0.0,0.0,0.0,2,544.0,0.0,0,2480.0,0.0,0.0,0.0,0.0,0.0,2
2023-05-10 21:07:56,cu2311C69000,cu2311C69000,2480.0,0.0,0.0,0.0,1,570.0,0.0,0,2480.0,0.0,0.0,0.0,0.0,0.0,2
2023-05-10 21:07:56,cu2311C69000,cu2311C69000,2480.0,0.0,0.0,0.0,1,596.0,0.0,0,2480.0,0.0,0.0,0.0,0.0,0.0,2
2023-05-10 21:07:57,cu2311C69000,cu2311C69000,2480.0,0.0,0.0,0.0,2,598.0,0.0,0,2480.0,0.0,0.0,0.0,0.0,0.0,2
2023-05-10 21:07:57,cu2311C69000,cu2311C69000,2480.0,0.0,0.0,0.0,1,624.0,0.0,0,2480.0,0.0,0.0,0.0,0.0,0.0,2
2023-05-10 21:07:58,cu2311C69000,cu2311C69000,2480.0,0.0,0.0,0.0,2,490.0,0.0,0,2480.0,0.0,0.0,0.0,0.0,0.0,2
2023-05-10 21:07:58,cu2311C69000,cu2311C69000,2480.0,0.0,0.0,0.0,1,516.0,0.0,0,2480.0,0.0,0.0,0.0,0.0,0.0,2
2023-05-10 21:07:59,cu2311C69000,cu2311C69000,2480.0,0.0,0.0,0.0,1,542.0,0.0,0,2480.0,0.0,0.0,0.0,0.0,0.0,2
2023-05-10 21:07:59,cu2311C69000,cu2311C69000,2480.0,0.0,0.0,0.0,1,568.0,0.0,0,2480.0,0.0,0.0,0.0,0.0,0.0,2
2023-05-10 21:08:00,cu2311C69000,cu2311C69000,2480.0,0.0,0.0,0.0,1,594.0,0.0,0,2480.0,0.0,0.0,0.0,0.0,0.0,2
2023-05-10 21:08:00,cu2311C69000,cu2311C69000,2480.0,0.0,0.0,0.0,1,620.0,0.0,0,2480.0,0.0,0.0,0.0,0.0,0.0,2
2023-05-10 21:08:01,cu2311C69000,cu2311C69000,2480.0,0.0,0.0,0.0,1,622.0,0.0,0,2480.0,0.0,0.0,0.0,0.0,0.0,2
2023-05-10 21:08:01,cu2311C69000,cu2311C69000,2480.0,0.0,0.0,0.0,3,624.0,0.0,0,2480.0,0.0,0.0,0.0,0.0,0.0,2
2023-05-10 21:08:02,cu2311C69000,cu2311C69000,2480.0,0.0,0.0,0.0,1,650.0,0.0,0,2480.0,0.0,0.0,0.0,0.0,0.0,2
2023-05-10 21:08:02,cu2311C69000,cu2311C69000,2480.0,0.0,0.0,0.0,2,490.0,0.0,0,2480.0,0.0,0.0,0.0,0.0,0.0,2
2023-05-10 21:08:03,cu2311C69000,cu2311C69000,2480.0,0.0,0.0,0.0,1,516.0,0.0,0,2480.0,0.0,0.0,0.0,0.0,0.0,2
2023-05-10 21:08:03,cu2311C69000,cu2311C69000,2480.0,0.0,0.0,0.0,1,542.0,0.0,0,2480.0,0.0,0.0,0.0,0.0,0.0,2
2023-05-10 21:08:04,cu2311C69000,cu2311C69000,2480.0,0.0,0.0,0.0,1,568.0,0.0,0,2480.0,0.0,0.0,0.0,0.0,0.0,2
2023-05-10 21:08:04,cu2311C69000,cu2311C69000,2480.0,0.0,0.0,0.0,1,594.0,0.0,0,2480.0,0.0,0.0,0.0,0.0,0.0,2
2023-05-10 21:08:05,cu2311C69000,cu2311C69000,2480.0,0.0,0.0,0.0,1,620.0,0.0,0,2480.0,0.0,0.0,0.0,0.0,0.0,2
2023-05-10 21:08:05,cu2311C69000,cu2311C69000,2480.0,0.0,0.0,0.0,1,634.0,0.0,0,2480.0,0.0,0.0,0.0,0.0,0.0,2
2023-05-10 21:08:06,cu2311C69000,cu2311C69000,2480.0,0.0,0.0,0.0,3,636.0,0.0,0,2480.0,0.0,0.0,0.0,0.0,0.0,2
2023-05-10 21:08:06,cu2311C69000,cu2311C69000,2480.0,0.0,0.0,0.0,1,662.0,0.0,0,2480.0,0.0,0.0,0.0,0.0,0.0,2
2023-05-10 21:08:07,cu2311C69000,cu2311C69000,2480.0,0.0,0.0,0.0,2,490.0,0.0,0,2480.0,0.0,0.0,0.0,0.0,0.0,2
2023-05-10 21:08:07,cu2311C69000,cu2311C69000,2480.0,0.0,0.0,0.0,1,516.0,0.0,0,2480.0,0.0,0.0,0.0,0.0,0.0,2
2023-05-10 21:08:08,cu2311C69000,cu2311C69000,2480.0,0.0,0.0,0.0,1,542.0,0.0,0,2480.0,0.0,0.0,0.0,0.0,0.0,2
2023-05-10 21:08:08,cu2311C69000,cu2311C69000,2480.0,0.0,0.0,0.0,1,568.0,0.0,0,2480.0,0.0,0.0,0.0,0.0,0.0,2
2023-05-10 21:08:09,cu2311C69000,cu2311C69000,2480.0,0.0,0.0,0.0,1,594.0,0.0,0,2480.0,0.0,0.0,0.0,0.0,0.0,2
2023-05-10 21:08:09,cu2311C69000,cu2311C69000,2480.0,0.0,0.0,0.0,1,620.0,0.0,0,2480.0,0.0,0.0,0.0,0.0,0.0,2
2023-05-10 21:08:10,cu2311C69000,cu2311C69000,2480.0,0.0,0.0,0.0,1,634.0,0.0,0,2480.0,0.0,0.0,0.0,0.0,0.0,2
2023-05-10 21:08:10,cu2311C69000,cu2311C69000,2480.0,0.0,0.0,0.0,3,636.0,0.0,0,2480.0,0.0,0.0,0.0,0.0,0.0,2
2023-05-10 21:08:11,cu2311C69000,cu2311C69000,2480.0,0.0,0.0,0.0,1,662.0,0.0,0,2480.0,0.0,0.0,0.0,0.0,0.0,2
2023-05-10 21:08:11,cu2311C69000,cu2311C69000,2480.0,0.0,0.0,0.0,2,490.0,0.0,0,2480.0,0.0,0.0,0.0,0.0,0.0,2
2023-05-10 21:08:12,cu2311C69000,cu2311C69000,2480.0,0.0,0.0,0.0,2,492.0,0.0,0,2480.0,0.0,0.0,0.0,0.0,0.0,2
2023-05-10 21:08:12,cu2311C69000,cu2311C69000,2480.0,0.0,0.0,0.0,1,518.0,0.0,0,2480.0,0.0,0.0,0.0,0.0,0.0,2
2023-05-10 21:08:13,cu2311C69000,cu2311C69000,2480.0,0.0,0.0,0.0,1,544.0,0.0,0,2480.0,0.0,0.0,0.0,0.0,0.0,2
2023-05-10 21:08:13,cu2311C69000,cu2311C69000,2480.0,0.0,0.0,0.0,2,546.0,0.0,0,2480.0,0.0,0.0,0.0,0.0,0.0,2
2023-05-10 21:08:14,cu2311C69000,cu2311C69000,2480.0,0.0,0.0,0.0,1,572.0,0.0,0,2480.0,0.0,0.0,0.0,0.0,0.0,2
2023-05-10 21:08:14,cu2311C69000,cu2311C69000,2480.0,0.0,0.0,0.0,1,598.0,0.0,0,2480.0,0.0,0.0,0.0,0.0,0.0,2
2023-05-10 21:08:15,cu2311C69000,cu2311C69000,2480.0,0.0,0.0,0.0,2,600.0,0.0,0,2480.0,0.0,0.0,0.0,0.0,0.0,2
2023-05-10 21:08:15,cu2311C69000,cu2311C69000,2480.0,0.0,0.0,0.0,1,626.0,0.0,0,2480.0,0.0,0.0,0.0,0.0,0.0,2
2023-05-10 21:08:16,cu2311C69000,cu2311C69000,2480.0,0.0,0.0,0.0,1,640.0,0.0,0,2480.0,0.0,0.0,0.0,0.0,0.0,2
2023-05-10 21:08:16,cu2311C69000,cu2311C69000,2480.0,0.0,0.0,0.0,2,642.0,0.0,0,2480.0,0.0,0.0,0.0,0.0,0.0,2
2023-05-10 21:08:17,cu2311C69000,cu2311C69000,2480.0,0.0,0.0,0.0,1,668.0,0.0,0,2480.0,0.0,0.0,0.0,0.0,0.0,2
2023-05-10 21:08:17,cu2311C69000,cu2311C69000,2480.0,0.0,0.0,0.0,1,670.0,0.0,0,2480.0,0.0,0.0,0.0,0.0,0.0,2
2023-05-10 21:08:18,cu2311C69000,cu2311C69000,2480.0,0.0,0.0,0.0,2,672.0,0.0,0,2480.0,0.0,0.0,0.0,0.0,0.0,2
2023-05-10 21:08:18,cu2311C69000,cu2311C69000,2480.0,0.0,0.0,0.0,1,698.0,0.0,0,2480.0,0.0,0.0,0.0,0.0,0.0,2
2023-05-10 21:08:19,cu2311C69000,cu2311C69000,2480.0,0.0,0.0,0.0,2,490.0,0.0,0,2480.0,0.0,0.0,0.0,0.0,0.0,2
2023-05-10 21:08:19,cu2311C69000,cu2311C69000,2480.0,0.0,0.0,0.0,2,492.0,0.0,0,2480.0,0.0,0.0,0.0,0.0,0.0,2
2023-05-10 21:08:20,cu2311C69000,cu2311C69000,2480.0,0.0,0.0,0.0,1,518.0,0.0,0,2480.0,0.0,0.0,0.0,0.0,0.0,2
2023-05-10 21:08:20,cu2311C69000,cu2311C69000,2480.0,0.0,0.0,0.0,1,544.0,0.0,0,2480.0,0.0,0.0,0.0,0.0,0.0,2
2023-05-10 21:08:21,cu2311C69000,cu2311C69000,2480.0,0.0,0.0,0.0,2,546.0,0.0,0,2480.0,0.0,0.0,0.0,0.0,0.0,2
2023-05-10 21:08:21,cu2311C69000,cu2311C69000,2480.0,0.0,0.0,0.0,1,572.0,0.0,0,2480.0,0.0,0.0,0.0,0.0,0.0,2
2023-05-10 21:08:22,cu2311C69000,cu2311C69000,2480.0,0.0,0.0,0.0,1,598.0,0.0,0,2480.0,0.0,0.0,0.0,0.0,0.0,2
2023-05-10 21:08:22,cu2311C69000,cu2311C69000,2480.0,0.0,0.0,0.0,2,600.0,0.0,0,2480.0,0.0,0.0,0.0,0.0,0.0,2
2023-05-10 21:08:23,cu2311C69000,cu2311C69000,2480.0,0.0,0.0,0.0,1,626.0,0.0,0,2480.0,0.0,0.0,0.0,0.0,0.0,2
2023-05-10 21:08:24,cu2311C69000,cu2311C69000,2480.0,0.0,0.0,0.0,1,626.0,0.0,0,2480.0,0.0,0.0,0.0,0.0,0.0,2
2023-05-10 21:08:24,cu2311C69000,cu2311C69000,2480.0,0.0,0.0,0.0,2,628.0,0.0,0,2480.0,0.0,0.0,0.0,0.0,0.0,2
2023-05-10 21:08:25,cu2311C69000,cu2311C69000,2480.0,0.0,0.0,0.0,1,654.0,0.0,0,2480.0,0.0,0.0,0.0,0.0,0.0,2
2023-05-10 21:08:26,cu2311C69000,cu2311C69000,2480.0,0.0,0.0,0.0,1,654.0,0.0,0,2480.0,0.0,0.0,0.0,0.0,0.0,2
2023-05-10 21:08:26,cu2311C69000,cu2311C69000,2480.0,0.0,0.0,0.0,2,656.0,0.0,0,2480.0,0.0,0.0,0.0,0.0,0.0,2
2023-05-10 21:08:27,cu2311C69000,cu2311C69000,2480.0,0.0,0.0,0.0,1,682.0,0.0,0,2480.0,0.0,0.0,0.0,0.0,0.0,2
2023-05-10 21:08:28,cu2311C69000,cu2311C69000,2480.0,0.0,0.0,0.0,1,682.0,0.0,0,2480.0,0.0,0.0,0.0,0.0,0.0,2
2023-05-10 21:08:28,cu2311C69000,cu2311C69000,2480.0,0.0,0.0,0.0,2,684.0,0.0,0,2480.0,0.0,0.0,0.0,0.0,0.0,2
2023-05-10 21:08:30,cu2311C69000,cu2311C69000,2480.0,0.0,0.0,0.0,1,710.0,0.0,0,2480.0,0.0,0.0,0.0,0.0,0.0,2
2023-05-10 21:08:30,cu2311C69000,cu2311C69000,2480.0,0.0,0.0,0.0,2,490.0,0.0,0,2480.0,0.0,0.0,0.0,0.0,0.0,2
2023-05-10 21:08:31,cu2311C69000,cu2311C69000,2480.0,0.0,0.0,0.0,2,492.0,0.0,0,2480.0,0.0,0.0,0.0,0.0,0.0,2
2023-05-10 21:08:32,cu2311C69000,cu2311C69000,2480.0,0.0,0.0,0.0,1,518.0,0.0,0,2480.0,0.0,0.0,0.0,0.0,0.0,2
2023-05-10 21:08:32,cu2311C69000,cu2311C69000,2480.0,0.0,0.0,0.0,2,490.0,0.0,0,2480.0,0.0,0.0,0.0,0.0,0.0,2
2023-05-10 21:08:33,cu2311C69000,cu2311C69000,2480.0,0.0,0.0,0.0,2,492.0,0.0,0,2480.0,0.0,0.0,0.0,0.0,0.0,2
2023-05-10 21:08:33,cu2311C69000,cu2311C69000,2480.0,0.0,0.0,0.0,1,518.0,0.0,0,2480.0,0.0,0.0,0.0,0.0,0.0,2
2023-05-10 21:08:34,cu2311C69000,cu2311C69000,2480.0,0.0,0.0,0.0,2,490.0,0.0,0,2480.0,0.0,0.0,0.0,0.0,0.0,2
2023-05-10 21:08:34,cu2311C69000,cu2311C69000,2480.0,0.0,0.0,0.0,2,492.0,0.0,0,2480.0,0.0,0.0,0.0,0.0,0.0,2
2023-05-10 21:08:35,cu2311C69000,cu2311C69000,2480.0,0.0,0.0,0.0,1,518.0,0.0,0,2480.0,0.0,0.0,0.0,0.0,0.0,2
2023-05-10 21:08:35,cu2311C69000,cu2311C69000,2480.0,0.0,0.0,0.0,1,518.0,0.0,0,2480.0,0.0,0.0,0.0,0.0,0.0,2
2023-05-10 21:08:36,cu2311C69000,cu2311C69000,2480.0,0.0,0.0,0.0,2,520.0,0.0,0,2480.0,0.0,0.0,0.0,0.0,0.0,2
2023-05-10 21:08:36,cu2311C69000,cu2311C69000,2480.0,0.0,0.0,0.0,1,546.0,0.0,0,2480.0,0.0,0.0,0.0,0.0,0.0,2
2023-05-10 21:08:37,cu2311C69000,cu2311C69000,2480.0,0.0,0.0,0.0,1,572.0,0.0,0,2480.0,0.0,0.0,0.0,0.0,0.0,2
2023-05-10 21:08:37,cu2311C69000,cu2311C69000,2480.0,0.0,0.0,0.0,2,574.0,0.0,0,2480.0,0.0,0.0,0.0,0.0,0.0,2
2023-05-10 21:08:40,cu2311C69000,cu2311C69000,2480.0,0.0,0.0,0.0,1,600.0,0.0,0,2480.0,0.0,0.0,0.0,0.0,0.0,2
2023-05-10 21:08:40,cu2311C69000,cu2311C69000,2480.0,0.0,0.0,0.0,1,600.0,0.0,0,2480.0,0.0,0.0,0.0,0.0,0.0,2
2023-05-10 21:08:41,cu2311C69000,cu2311C69000,2480.0,0.0,0.0,0.0,2,602.0,0.0,0,2480.0,0.0,0.0,0.0,0.0,0.0,2
2023-05-10 21:08:41,cu2311C69000,cu2311C69000,2480.0,0.0,0.0,0.0,1,628.0,0.0,0,2480.0,0.0,0.0,0.0,0.0,0.0,2
2023-05-10 21:08:42,cu2311C69000,cu2311C69000,2480.0,0.0,0.0,0.0,1,628.0,0.0,0,2480.0,0.0,0.0,0.0,0.0,0.0,2
2023-05-10 21:08:42,cu2311C69000,cu2311C69000,2480.0,0.0,0.0,0.0,2,630.0,0.0,0,2480.0,0.0,0.0,0.0,0.0,0.0,2
2023-05-10 21:08:43,cu2311C69000,cu2311C69000,2480.0,0.0,0.0,0.0,2,630.0,0.0,0,2480.0,0.0,0.0,0.0,0.0,0.0,2
2023-05-10 21:08:43,cu2311C69000,cu2311C69000,2480.0,0.0,0.0,0.0,1,656.0,0.0,0,2480.0,0.0,0.0,0.0,0.0,0.0,2
2023-05-10 21:08:44,cu2311C69000,cu2311C69000,2480.0,0.0,0.0,0.0,1,656.0,0.0,0,2480.0,0.0,0.0,0.0,0.0,0.0,2
2023-05-10 21:08:44,cu2311C69000,cu2311C69000,2480.0,0.0,0.0,0.0,2,658.0,0.0,0,2480.0,0.0,0.0,0.0,0.0,0.0,2
2023-05-10 21:08:45,cu2311C69000,cu2311C69000,2480.0,0.0,0.0,0.0,1,684.0,0.0,0,2480.0,0.0,0.0,0.0,0.0,0.0,2
2023-05-10 21:08:45,cu2311C69000,cu2311C69000,2480.0,0.0,0.0,0.0,1,684.0,0.0,0,2480.0,0.0,0.0,0.0,0.0,0.0,2
2023-05-10 21:08:46,cu2311C69000,cu2311C69000,2480.0,0.0,0.0,0.0,2,686.0,0.0,0,2480.0,0.0,0.0,0.0,0.0,0.0,2
2023-05-10 21:08:46,cu2311C69000,cu2311C69000,2480.0,0.0,0.0,0.0,1,712.0,0.0,0,2480.0,0.0,0.0,0.0,0.0,0.0,2
2023-05-10 21:08:47,cu2311C69000,cu2311C69000,2480.0,0.0,0.0,0.0,1,712.0,0.0,0,2480.0,0.0,0.0,0.0,0.0,0.0,2
2023-05-10 21:08:47,cu2311C69000,cu2311C69000,2480.0,0.0,0.0,0.0,2,714.0,0.0,0,2480.0,0.0,0.0,0.0,0.0,0.0,2
2023-05-10 21:08:48,cu2311C69000,cu2311C69000,2480.0,0.0,0.0,0.0,1,740.0,0.0,0,2480.0,0.0,0.0,0.0,0.0,0.0,2
2023-05-10 21:08:48,cu2311C69000,cu2311C69000,2480.0,0.0,0.0,0.0,1,740.0,0.0,0,2480.0,0.0,0.0,0.0,0.0,0.0,2
2023-05-10 21:08:49,cu2311C69000,cu2311C69000,2480.0,0.0,0.0,0.0,2,742.0,0.0,0,2480.0,0.0,0.0,0.0,0.0,0.0,2
2023-05-10 21:08:49,cu2311C69000,cu2311C69000,2480.0,0.0,0.0,0.0,1,768.0,0.0,0,2480.0,0.0,0.0,0.0,0.0,0.0,2
2023-05-10 21:08:50,cu2311C69000,cu2311C69000,2480.0,0.0,0.0,0.0,1,768.0,0.0,0,2480.0,0.0,0.0,0.0,0.0,0.0,2
2023-05-10 21:08:50,cu2311C69000,cu2311C69000,2480.0,0.0,0.0,0.0,2,770.0,0.0,0,2480.0,0.0,0.0,0.0,0.0,0.0,2
2023-05-10 21:08:51,cu2311C69000,cu2311C69000,2480.0,0.0,0.0,0.0,1,796.0,0.0,0,2480.0,0.0,0.0,0.0,0.0,0.0,2
2023-05-10 21:08:51,cu2311C69000,cu2311C69000,2480.0,0.0,0.0,0.0,1,796.0,0.0,0,2480.0,0.0,0.0,0.0,0.0,0.0,2
2023-05-10 21:08:52,cu2311C69000,cu2311C69000,2480.0,0.0,0.0,0.0,2,798.0,0.0,0,2480.0,0.0,0.0,0.0,0.0,0.0,2
2023-05-10 21:08:52,cu2311C69000,cu2311C69000,2480.0,0.0,0.0,0.0,1,824.0,0.0,0,2480.0,0.0,0.0,0.0,0.0,0.0,2
2023-05-10 21:08:53,cu2311C69000,cu2311C69000,2480.0,0.0,0.0,0.0,1,824.0,0.0,0,2480.0,0.0,0.0,0.0,0.0,0.0,2
2023-05-10 21:08:53,cu2311C69000,cu2311C69000,2480.0,0.0,0.0,0.0,2,826.0,0.0,0,2480.0,0.0,0.0,0.0,0.0,0.0,2
2023-05-10 21:08:54,cu2311C69000,cu2311C69000,2480.0,0.0,0.0,0.0,1,852.0,0.0,0,2480.0,0.0,0.0,0.0,0.0,0.0,2
2023-05-10 21:08:54,cu2311C69000,cu2311C69000,2480.0,0.0,0.0,0.0,1,852.0,0.0,0,2480.0,0.0,0.0,0.0,0.0,0.0,2
2023-05-10 21:08:55,cu2311C69000,cu2311C69000,2480.0,0.0,0.0,0.0,2,854.0,0.0,0,2480.0,0.0,0.0,0.0,0.0,0.0,2
2023-05-10 21:08:55,cu2311C69000,cu2311C69000,2480.0,0.0,0.0,0.0,1,868.0,0.0,0,2480.0,0.0,0.0,0.0,0.0,0.0,2
2023-05-10 21:08:56,cu2311C69000,cu2311C69000,2480.0,0.0,0.0,0.0,1,868.0,0.0,0,2480.0,0.0,0.0,0.0,0.0,0.0,2
2023-05-10 21:08:56,cu2311C69000,cu2311C69000,2480.0,0.0,0.0,0.0,2,870.0,0.0,0,2480.0,0.0,0.0,0.0,0.0,0.0,2
2023-05-10 21:08:57,cu2311C69000,cu2311C69000,2480.0,0.0,0.0,0.0,1,884.0,0.0,0,2480.0,0.0,0.0,0.0,0.0,0.0,2
2023-05-10 21:08:57,cu2311C69000,cu2311C69000,2480.0,0.0,0.0,0.0,1,884.0,0.0,0,2480.0,0.0,0.0,0.0,0.0,0.0,2
2023-05-10 21:08:58,cu2311C69000,cu2311C69000,2480.0,0.0,0.0,0.0,2,886.0,0.0,0,2480.0,0.0,0.0,0.0,0.0,0.0,2
2023-05-10 21:08:58,cu2311C69000,cu2311C69000,2480.0,0.0,0.0,0.0,1,888.0,0.0,0,2480.0,0.0,0.0,0.0,0.0,0.0,2
2023-05-10 21:08:59,cu2311C69000,cu2311C69000,2480.0,0.0,0.0,0.0,1,888.0,0.0,0,2480.0,0.0,0.0,0.0,0.0,0.0,2
2023-05-10 21:08:59,cu2311C69000,cu2311C69000,2480.0,0.0,0.0,0.0,2,890.0,0.0,0,2480.0,0.0,0.0,0.0,0.0,0.0,2
2023-05-10 21:09:00,cu2311C69000,cu2311C69000,2480.0,0.0,0.0,0.0,1,892.0,0.0,0,2480.0,0.0,0.0,0.0,0.0,0.0,2
2023-05-10 21:09:00,cu2311C69000,cu2311C69000,2480.0,0.0,0.0,0.0,1,892.0,0.0,0,2480.0,0.0,0.0,0.0,0.0,0.0,2
2023-05-10 21:09:01,cu2311C69000,cu2311C69000,2480.0,0.0,0.0,0.0,2,894.0,0.0,0,2480.0,0.0,0.0,0.0,0.0,0.0,2
2023-05-10 21:09:01,cu2311C69000,cu2311C69000,2480.0,0.0,0.0,0.0,1,896.0,0.0,0,2480.0,0.0,0.0,0.0,0.0,0.0,2
2023-05-10 21:09:02,cu2311C69000,cu2311C69000,2480.0,0.0,0.0,0.0,1,896.0,0.0,0,2480.0,0.0,0.0,0.0,0.0,0.0,2
2023-05-10 21:09:02,cu2311C69000,cu2311C69000,2480.0,0.0,0.0,0.0,2,898.0,0.0,0,2480.0,0.0,0.0,0.0,0.0,0.0,2
2023-05-10 21:09:03,cu2311C69000,cu2311C69000,2480.0,0.0,0.0,0.0,2,898.0,0.0,0,2480.0,0.0,0.0,0.0,0.0,0.0,2
2023-05-10 21:10:35,cu2311C69000,cu2311C69000,2480.0,0.0,0.0,0.0,2,898.0,0.0,0,2480.0,0.0,0.0,0.0,0.0,0.0,2
2023-05-10 21:17:02,cu2311C69000,cu2311C69000,2480.0,0.0,0.0,0.0,2,898.0,0.0,0,2480.0,0.0,0.0,0.0,0.0,0.0,2
2023-05-10 21:49:31,cu2311C69000,cu2311C69000,2480.0,0.0,0.0,0.0,1,924.0,0.0,0,2480.0,0.0,0.0,0.0,0.0,0.0,2
2023-05-10 21:49:32,cu2311C69000,cu2311C69000,2480.0,0.0,0.0,0.0,1,924.0,0.0,0,2480.0,0.0,0.0,0.0,0.0,0.0,2
2023-05-10 21:49:32,cu2311C69000,cu2311C69000,2480.0,0.0,0.0,0.0,2,926.0,0.0,0,2480.0,0.0,0.0,0.0,0.0,0.0,2
2023-05-10 21:49:33,cu2311C69000,cu2311C69000,2480.0,0.0,0.0,0.0,2,926.0,0.0,0,2480.0,0.0,0.0,0.0,0.0,0.0,2
2023-05-10 21:49:34,cu2311C69000,cu2311C69000,2480.0,0.0,0.0,0.0,1,952.0,0.0,0,2480.0,0.0,0.0,0.0,0.0,0.0,2
2023-05-10 21:49:34,cu2311C69000,cu2311C69000,2480.0,0.0,0.0,0.0,2,954.0,0.0,0,2480.0,0.0,0.0,0.0,0.0,0.0,2
2023-05-10 21:49:35,cu2311C69000,cu2311C69000,2480.0,0.0,0.0,0.0,1,980.0,0.0,0,2480.0,0.0,0.0,0.0,0.0,0.0,2
2023-05-10 21:49:36,cu2311C69000,cu2311C69000,2480.0,0.0,0.0,0.0,1,980.0,0.0,0,2480.0,0.0,0.0,0.0,0.0,0.0,2
2023-05-10 21:49:36,cu2311C69000,cu2311C69000,2480.0,0.0,0.0,0.0,2,982.0,0.0,0,2480.0,0.0,0.0,0.0,0.0,0.0,2
2023-05-10 21:49:37,cu2311C69000,cu2311C69000,2480.0,0.0,0.0,0.0,2,982.0,0.0,0,2480.0,0.0,0.0,0.0,0.0,0.0,2
2023-05-10 21:49:37,cu2311C69000,cu2311C69000,2480.0,0.0,0.0,0.0,1,1008.0,0.0,0,2480.0,0.0,0.0,0.0,0.0,0.0,2
2023-05-10 21:49:38,cu2311C69000,cu2311C69000,2480.0,0.0,0.0,0.0,1,1008.0,0.0,0,2480.0,0.0,0.0,0.0,0.0,0.0,2
2023-05-10 21:49:38,cu2311C69000,cu2311C69000,2480.0,0.0,0.0,0.0,2,1010.0,0.0,0,2480.0,0.0,0.0,0.0,0.0,0.0,2
2023-05-10 21:49:39,cu2311C69000,cu2311C69000,2480.0,0.0,0.0,0.0,1,1036.0,0.0,0,2480.0,0.0,0.0,0.0,0.0,0.0,2
2023-05-10 21:49:39,cu2311C69000,cu2311C69000,2480.0,0.0,0.0,0.0,1,1036.0,0.0,0,2480.0,0.0,0.0,0.0,0.0,0.0,2
2023-05-10 21:49:40,cu2311C69000,cu2311C69000,2480.0,0.0,0.0,0.0,2,1038.0,0.0,0,2480.0,0.0,0.0,0.0,0.0,0.0,2
2023-05-10 21:49:40,cu2311C69000,cu2311C69000,2480.0,0.0,0.0,0.0,1,1064.0,0.0,0,2480.0,0.0,0.0,0.0,0.0,0.0,2
2023-05-10 21:49:41,cu2311C69000,cu2311C69000,2480.0,0.0,0.0,0.0,1,1064.0,0.0,0,2480.0,0.0,0.0,0.0,0.0,0.0,2
2023-05-10 21:49:41,cu2311C69000,cu2311C69000,2480.0,0.0,0.0,0.0,2,1066.0,0.0,0,2480.0,0.0,0.0,0.0,0.0,0.0,2
2023-05-10 21:49:42,cu2311C69000,cu2311C69000,2480.0,0.0,0.0,0.0,1,1080.0,0.0,0,2480.0,0.0,0.0,0.0,0.0,0.0,2
2023-05-10 21:49:43,cu2311C69000,cu2311C69000,2480.0,0.0,0.0,0.0,1,1080.0,0.0,0,2480.0,0.0,0.0,0.0,0.0,0.0,2
2023-05-10 21:49:43,cu2311C69000,cu2311C69000,2480.0,0.0,0.0,0.0,2,1082.0,0.0,0,2480.0,0.0,0.0,0.0,0.0,0.0,2
2023-05-10 21:49:44,cu2311C69000,cu2311C69000,2480.0,0.0,0.0,0.0,2,1082.0,0.0,0,2480.0,0.0,0.0,0.0,0.0,0.0,2
2023-05-10 21:49:45,cu2311C69000,cu2311C69000,2480.0,0.0,0.0,0.0,1,1096.0,0.0,0,2480.0,0.0,0.0,0.0,0.0,0.0,2
2023-05-10 21:49:45,cu2311C69000,cu2311C69000,2480.0,0.0,0.0,0.0,1,1096.0,0.0,0,2480.0,0.0,0.0,0.0,0.0,0.0,2
2023-05-10 21:49:46,cu2311C69000,cu2311C69000,2480.0,0.0,0.0,0.0,2,1098.0,0.0,0,2480.0,0.0,0.0,0.0,0.0,0.0,2
2023-05-10 21:49:46,cu2311C69000,cu2311C69000,2480.0,0.0,0.0,0.0,1,1100.0,0.0,0,2480.0,0.0,0.0,0.0,0.0,0.0,2
2023-05-10 21:49:47,cu2311C69000,cu2311C69000,2480.0,0.0,0.0,0.0,1,1100.0,0.0,0,2480.0,0.0,0.0,0.0,0.0,0.0,2
2023-05-10 21:49:47,cu2311C69000,cu2311C69000,2480.0,0.0,0.0,0.0,2,1102.0,0.0,0,2480.0,0.0,0.0,0.0,0.0,0.0,2
2023-05-10 21:49:48,cu2311C69000,cu2311C69000,2480.0,0.0,0.0,0.0,1,1104.0,0.0,0,2480.0,0.0,0.0,0.0,0.0,0.0,2
2023-05-10 21:49:48,cu2311C69000,cu2311C69000,2480.0,0.0,0.0,0.0,1,1104.0,0.0,0,2480.0,0.0,0.0,0.0,0.0,0.0,2
2023-05-10 21:49:49,cu2311C69000,cu2311C69000,2480.0,0.0,0.0,0.0,2,1106.0,0.0,0,2480.0,0.0,0.0,0.0,0.0,0.0,2
2023-05-10 22:01:09,cu2311C69000,cu2311C69000,2480.0,0.0,0.0,0.0,2,490.0,0.0,0,2480.0,0.0,0.0,0.0,0.0,0.0,2
2023-05-10 22:02:37,cu2311C69000,cu2311C69000,2480.0,0.0,0.0,0.0,2,492.0,0.0,0,2480.0,0.0,0.0,0.0,0.0,0.0,2
2023-05-10 22:04:04,cu2311C69000,cu2311C69000,2480.0,0.0,0.0,0.0,1,494.0,0.0,0,2480.0,0.0,0.0,0.0,0.0,0.0,2
2023-05-10 22:04:04,cu2311C69000,cu2311C69000,2480.0,0.0,0.0,0.0,2,490.0,0.0,0,2480.0,0.0,0.0,0.0,0.0,0.0,2
2023-05-10 22:04:05,cu2311C69000,cu2311C69000,2480.0,0.0,0.0,0.0,2,492.0,0.0,0,2480.0,0.0,0.0,0.0,0.0,0.0,2
2023-05-10 22:04:05,cu2311C69000,cu2311C69000,2480.0,0.0,0.0,0.0,1,494.0,0.0,0,2480.0,0.0,0.0,0.0,0.0,0.0,2
2023-05-10 22:04:06,cu2311C69000,cu2311C69000,2480.0,0.0,0.0,0.0,2,490.0,0.0,0,2480.0,0.0,0.0,0.0,0.0,0.0,2
2023-05-10 22:04:06,cu2311C69000,cu2311C69000,2480.0,0.0,0.0,0.0,2,492.0,0.0,0,2480.0,0.0,0.0,0.0,0.0,0.0,2
2023-05-10 22:04:07,cu2311C69000,cu2311C69000,2480.0,0.0,0.0,0.0,1,494.0,0.0,0,2480.0,0.0,0.0,0.0,0.0,0.0,2
2023-05-10 22:04:07,cu2311C69000,cu2311C69000,2480.0,0.0,0.0,0.0,2,490.0,0.0,0,2480.0,0.0,0.0,0.0,0.0,0.0,2
2023-05-10 22:04:08,cu2311C69000,cu2311C69000,2480.0,0.0,0.0,0.0,2,492.0,0.0,0,2480.0,0.0,0.0,0.0,0.0,0.0,2
2023-05-10 22:04:10,cu2311C69000,cu2311C69000,2480.0,0.0,0.0,0.0,1,494.0,0.0,0,2480.0,0.0,0.0,0.0,0.0,0.0,2
2023-05-10 22:04:11,cu2311C69000,cu2311C69000,2480.0,0.0,0.0,0.0,2,490.0,0.0,0,2480.0,0.0,0.0,0.0,0.0,0.0,2
2023-05-10 22:04:11,cu2311C69000,cu2311C69000,2480.0,0.0,0.0,0.0,2,492.0,0.0,0,2480.0,0.0,0.0,0.0,0.0,0.0,2
2023-05-10 22:04:13,cu2311C69000,cu2311C69000,2480.0,0.0,0.0,0.0,1,494.0,0.0,0,2480.0,0.0,0.0,0.0,0.0,0.0,2
2023-05-10 22:04:13,cu2311C69000,cu2311C69000,2480.0,0.0,0.0,0.0,2,490.0,0.0,0,2480.0,0.0,0.0,0.0,0.0,0.0,2
2023-05-10 22:04:14,cu2311C69000,cu2311C69000,2480.0,0.0,0.0,0.0,2,492.0,0.0,0,2480.0,0.0,0.0,0.0,0.0,0.0,2
2023-05-10 22:04:14,cu2311C69000,cu2311C69000,2480.0,0.0,0.0,0.0,1,506.0,0.0,0,2480.0,0.0,0.0,0.0,0.0,0.0,2
2023-05-10 22:04:15,cu2311C69000,cu2311C69000,2480.0,0.0,0.0,0.0,2,490.0,0.0,0,2480.0,0.0,0.0,0.0,0.0,0.0,2
2023-05-10 22:04:15,cu2311C69000,cu2311C69000,2480.0,0.0,0.0,0.0,2,492.0,0.0,0,2480.0,0.0,0.0,0.0,0.0,0.0,2
2023-05-10 22:04:18,cu2311C69000,cu2311C69000,2480.0,0.0,0.0,0.0,1,506.0,0.0,0,2480.0,0.0,0.0,0.0,0.0,0.0,2
2023-05-10 22:04:18,cu2311C69000,cu2311C69000,2480.0,0.0,0.0,0.0,2,490.0,0.0,0,2480.0,0.0,0.0,0.0,0.0,0.0,2
2023-05-10 22:04:19,cu2311C69000,cu2311C69000,2480.0,0.0,0.0,0.0,2,492.0,0.0,0,2480.0,0.0,0.0,0.0,0.0,0.0,2
2023-05-10 22:04:21,cu2311C69000,cu2311C69000,2480.0,0.0,0.0,0.0,1,506.0,0.0,0,2480.0,0.0,0.0,0.0,0.0,0.0,2
2023-05-10 22:04:22,cu2311C69000,cu2311C69000,2480.0,0.0,0.0,0.0,2,490.0,0.0,0,2480.0,0.0,0.0,0.0,0.0,0.0,2
2023-05-10 22:04:22,cu2311C69000,cu2311C69000,2480.0,0.0,0.0,0.0,2,492.0,0.0,0,2480.0,0.0,0.0,0.0,0.0,0.0,2
2023-05-10 22:04:25,cu2311C69000,cu2311C69000,2480.0,0.0,0.0,0.0,1,518.0,0.0,0,2480.0,0.0,0.0,0.0,0.0,0.0,2
2023-05-10 22:04:25,cu2311C69000,cu2311C69000,2480.0,0.0,0.0,0.0,2,490.0,0.0,0,2480.0,0.0,0.0,0.0,0.0,0.0,2
2023-05-10 22:04:26,cu2311C69000,cu2311C69000,2480.0,0.0,0.0,0.0,2,492.0,0.0,0,2480.0,0.0,0.0,0.0,0.0,0.0,2
2023-05-10 22:04:28,cu2311C69000,cu2311C69000,2480.0,0.0,0.0,0.0,1,518.0,0.0,0,2480.0,0.0,0.0,0.0,0.0,0.0,2
2023-05-10 22:04:28,cu2311C69000,cu2311C69000,2480.0,0.0,0.0,0.0,2,490.0,0.0,0,2480.0,0.0,0.0,0.0,0.0,0.0,2
2023-05-10 22:04:29,cu2311C69000,cu2311C69000,2480.0,0.0,0.0,0.0,2,492.0,0.0,0,2480.0,0.0,0.0,0.0,0.0,0.0,2
2023-05-10 22:04:30,cu2311C69000,cu2311C69000,2480.0,0.0,0.0,0.0,1,518.0,0.0,0,2480.0,0.0,0.0,0.0,0.0,0.0,2
2023-05-10 22:04:30,cu2311C69000,cu2311C69000,2480.0,0.0,0.0,0.0,2,490.0,0.0,0,2480.0,0.0,0.0,0.0,0.0,0.0,2
2023-05-10 22:04:31,cu2311C69000,cu2311C69000,2480.0,0.0,0.0,0.0,2,492.0,0.0,0,2480.0,0.0,0.0,0.0,0.0,0.0,2
2023-05-10 22:04:33,cu2311C69000,cu2311C69000,2480.0,0.0,0.0,0.0,1,518.0,0.0,0,2480.0,0.0,0.0,0.0,0.0,0.0,2
2023-05-10 22:04:33,cu2311C69000,cu2311C69000,2480.0,0.0,0.0,0.0,2,490.0,0.0,0,2480.0,0.0,0.0,0.0,0.0,0.0,2
2023-05-10 22:04:34,cu2311C69000,cu2311C69000,2480.0,0.0,0.0,0.0,2,492.0,0.0,0,2480.0,0.0,0.0,0.0,0.0,0.0,2
2023-05-10 22:04:35,cu2311C69000,cu2311C69000,2480.0,0.0,0.0,0.0,1,518.0,0.0,0,2480.0,0.0,0.0,0.0,0.0,0.0,2
2023-05-10 22:04:35,cu2311C69000,cu2311C69000,2480.0,0.0,0.0,0.0,2,490.0,0.0,0,2480.0,0.0,0.0,0.0,0.0,0.0,2
2023-05-10 22:04:36,cu2311C69000,cu2311C69000,2480.0,0.0,0.0,0.0,2,492.0,0.0,0,2480.0,0.0,0.0,0.0,0.0,0.0,2
2023-05-10 22:04:38,cu2311C69000,cu2311C69000,2480.0,0.0,0.0,0.0,1,518.0,0.0,0,2480.0,0.0,0.0,0.0,0.0,0.0,2
2023-05-10 22:04:38,cu2311C69000,cu2311C69000,2480.0,0.0,0.0,0.0,2,490.0,0.0,0,2480.0,0.0,0.0,0.0,0.0,0.0,2
2023-05-10 22:04:39,cu2311C69000,cu2311C69000,2480.0,0.0,0.0,0.0,2,492.0,0.0,0,2480.0,0.0,0.0,0.0,0.0,0.0,2
2023-05-10 22:04:41,cu2311C69000,cu2311C69000,2480.0,0.0,0.0,0.0,1,518.0,0.0,0,2480.0,0.0,0.0,0.0,0.0,0.0,2
2023-05-10 22:04:41,cu2311C69000,cu2311C69000,2480.0,0.0,0.0,0.0,2,490.0,0.0,0,2480.0,0.0,0.0,0.0,0.0,0.0,2
2023-05-10 22:04:42,cu2311C69000,cu2311C69000,2480.0,0.0,0.0,0.0,2,492.0,0.0,0,2480.0,0.0,0.0,0.0,0.0,0.0,2
2023-05-10 22:04:44,cu2311C69000,cu2311C69000,2480.0,0.0,0.0,0.0,1,518.0,0.0,0,2480.0,0.0,0.0,0.0,0.0,0.0,2
2023-05-10 22:04:44,cu2311C69000,cu2311C69000,2480.0,0.0,0.0,0.0,2,490.0,0.0,0,2480.0,0.0,0.0,0.0,0.0,0.0,2
2023-05-10 22:04:45,cu2311C69000,cu2311C69000,2480.0,0.0,0.0,0.0,2,492.0,0.0,0,2480.0,0.0,0.0,0.0,0.0,0.0,2
2023-05-10 22:04:46,cu2311C69000,cu2311C69000,2480.0,0.0,0.0,0.0,1,518.0,0.0,0,2480.0,0.0,0.0,0.0,0.0,0.0,2
2023-05-10 22:04:46,cu2311C69000,cu2311C69000,2480.0,0.0,0.0,0.0,2,490.0,0.0,0,2480.0,0.0,0.0,0.0,0.0,0.0,2
2023-05-10 22:04:47,cu2311C69000,cu2311C69000,2480.0,0.0,0.0,0.0,2,492.0,0.0,0,2480.0,0.0,0.0,0.0,0.0,0.0,2
2023-05-10 22:04:47,cu2311C69000,cu2311C69000,2480.0,0.0,0.0,0.0,1,518.0,0.0,0,2480.0,0.0,0.0,0.0,0.0,0.0,2
2023-05-10 22:04:48,cu2311C69000,cu2311C69000,2480.0,0.0,0.0,0.0,2,490.0,0.0,0,2480.0,0.0,0.0,0.0,0.0,0.0,2
2023-05-10 22:04:48,cu2311C69000,cu2311C69000,2480.0,0.0,0.0,0.0,2,492.0,0.0,0,2480.0,0.0,0.0,0.0,0.0,0.0,2
2023-05-10 22:04:51,cu2311C69000,cu2311C69000,2480.0,0.0,0.0,0.0,1,518.0,0.0,0,2480.0,0.0,0.0,0.0,0.0,0.0,2
2023-05-10 22:04:51,cu2311C69000,cu2311C69000,2480.0,0.0,0.0,0.0,2,490.0,0.0,0,2480.0,0.0,0.0,0.0,0.0,0.0,2
2023-05-10 22:04:52,cu2311C69000,cu2311C69000,2480.0,0.0,0.0,0.0,2,492.0,0.0,0,2480.0,0.0,0.0,0.0,0.0,0.0,2
2023-05-10 22:04:52,cu2311C69000,cu2311C69000,2480.0,0.0,0.0,0.0,1,518.0,0.0,0,2480.0,0.0,0.0,0.0,0.0,0.0,2
2023-05-10 22:04:53,cu2311C69000,cu2311C69000,2480.0,0.0,0.0,0.0,2,490.0,0.0,0,2480.0,0.0,0.0,0.0,0.0,0.0,2
2023-05-10 22:04:53,cu2311C69000,cu2311C69000,2480.0,0.0,0.0,0.0,2,492.0,0.0,0,2480.0,0.0,0.0,0.0,0.0,0.0,2
2023-05-10 22:04:55,cu2311C69000,cu2311C69000,2480.0,0.0,0.0,0.0,1,518.0,0.0,0,2480.0,0.0,0.0,0.0,0.0,0.0,2
2023-05-10 22:04:56,cu2311C69000,cu2311C69000,2480.0,0.0,0.0,0.0,2,490.0,0.0,0,2480.0,0.0,0.0,0.0,0.0,0.0,2
2023-05-10 22:04:56,cu2311C69000,cu2311C69000,2480.0,0.0,0.0,0.0,2,492.0,0.0,0,2480.0,0.0,0.0,0.0,0.0,0.0,2
2023-05-10 22:04:58,cu2311C69000,cu2311C69000,2480.0,0.0,0.0,0.0,1,518.0,0.0,0,2480.0,0.0,0.0,0.0,0.0,0.0,2
2023-05-10 22:04:59,cu2311C69000,cu2311C69000,2480.0,0.0,0.0,0.0,2,490.0,0.0,0,2480.0,0.0,0.0,0.0,0.0,0.0,2
2023-05-10 22:04:59,cu2311C69000,cu2311C69000,2480.0,0.0,0.0,0.0,2,492.0,0.0,0,2480.0,0.0,0.0,0.0,0.0,0.0,2
2023-05-10 22:05:01,cu2311C69000,cu2311C69000,2480.0,0.0,0.0,0.0,1,518.0,0.0,0,2480.0,0.0,0.0,0.0,0.0,0.0,2
2023-05-10 22:05:02,cu2311C69000,cu2311C69000,2480.0,0.0,0.0,0.0,2,490.0,0.0,0,2480.0,0.0,0.0,0.0,0.0,0.0,2
2023-05-10 22:05:02,cu2311C69000,cu2311C69000,2480.0,0.0,0.0,0.0,2,492.0,0.0,0,2480.0,0.0,0.0,0.0,0.0,0.0,2
2023-05-10 22:05:04,cu2311C69000,cu2311C69000,2480.0,0.0,0.0,0.0,1,518.0,0.0,0,2480.0,0.0,0.0,0.0,0.0,0.0,2
2023-05-10 22:05:05,cu2311C69000,cu2311C69000,2480.0,0.0,0.0,0.0,2,490.0,0.0,0,2480.0,0.0,0.0,0.0,0.0,0.0,2
2023-05-10 22:05:05,cu2311C69000,cu2311C69000,2480.0,0.0,0.0,0.0,2,492.0,0.0,0,2480.0,0.0,0.0,0.0,0.0,0.0,2
2023-05-10 22:05:06,cu2311C69000,cu2311C69000,2480.0,0.0,0.0,0.0,1,518.0,0.0,0,2480.0,0.0,0.0,0.0,0.0,0.0,2
2023-05-10 22:05:06,cu2311C69000,cu2311C69000,2480.0,0.0,0.0,0.0,2,490.0,0.0,0,2480.0,0.0,0.0,0.0,0.0,0.0,2
2023-05-10 22:05:07,cu2311C69000,cu2311C69000,2480.0,0.0,0.0,0.0,2,492.0,0.0,0,2480.0,0.0,0.0,0.0,0.0,0.0,2
2023-05-10 22:05:07,cu2311C69000,cu2311C69000,2480.0,0.0,0.0,0.0,1,518.0,0.0,0,2480.0,0.0,0.0,0.0,0.0,0.0,2
2023-05-10 22:05:08,cu2311C69000,cu2311C69000,2480.0,0.0,0.0,0.0,2,490.0,0.0,0,2480.0,0.0,0.0,0.0,0.0,0.0,2
2023-05-10 22:05:08,cu2311C69000,cu2311C69000,2480.0,0.0,0.0,0.0,2,492.0,0.0,0,2480.0,0.0,0.0,0.0,0.0,0.0,2
2023-05-10 22:05:09,cu2311C69000,cu2311C69000,2480.0,0.0,0.0,0.0,1,518.0,0.0,0,2480.0,0.0,0.0,0.0,0.0,0.0,2
2023-05-10 22:05:09,cu2311C69000,cu2311C69000,2480.0,0.0,0.0,0.0,2,492.0,0.0,0,2480.0,0.0,0.0,0.0,0.0,0.0,2
2023-05-10 22:05:11,cu2311C69000,cu2311C69000,2480.0,0.0,0.0,0.0,1,518.0,0.0,0,2480.0,0.0,0.0,0.0,0.0,0.0,2
2023-05-10 22:05:12,cu2311C69000,cu2311C69000,2480.0,0.0,0.0,0.0,2,490.0,0.0,0,2480.0,0.0,0.0,0.0,0.0,0.0,2
2023-05-10 22:05:12,cu2311C69000,cu2311C69000,2480.0,0.0,0.0,0.0,2,492.0,0.0,0,2480.0,0.0,0.0,0.0,0.0,0.0,2
2023-05-10 22:05:13,cu2311C69000,cu2311C69000,2480.0,0.0,0.0,0.0,1,518.0,0.0,0,2480.0,0.0,0.0,0.0,0.0,0.0,2
2023-05-10 22:05:13,cu2311C69000,cu2311C69000,2480.0,0.0,0.0,0.0,2,490.0,0.0,0,2480.0,0.0,0.0,0.0,0.0,0.0,2
2023-05-10 22:05:14,cu2311C69000,cu2311C69000,2480.0,0.0,0.0,0.0,2,492.0,0.0,0,2480.0,0.0,0.0,0.0,0.0,0.0,2
2023-05-10 22:05:14,cu2311C69000,cu2311C69000,2480.0,0.0,0.0,0.0,1,518.0,0.0,0,2480.0,0.0,0.0,0.0,0.0,0.0,2
2023-05-10 22:05:15,cu2311C69000,cu2311C69000,2480.0,0.0,0.0,0.0,2,490.0,0.0,0,2480.0,0.0,0.0,0.0,0.0,0.0,2
2023-05-10 22:05:15,cu2311C69000,cu2311C69000,2480.0,0.0,0.0,0.0,2,492.0,0.0,0,2480.0,0.0,0.0,0.0,0.0,0.0,2
2023-05-10 22:05:16,cu2311C69000,cu2311C69000,2480.0,0.0,0.0,0.0,1,518.0,0.0,0,2480.0,0.0,0.0,0.0,0.0,0.0,2
2023-05-10 22:05:16,cu2311C69000,cu2311C69000,2480.0,0.0,0.0,0.0,2,490.0,0.0,0,2480.0,0.0,0.0,0.0,0.0,0.0,2
2023-05-10 22:05:17,cu2311C69000,cu2311C69000,2480.0,0.0,0.0,0.0,2,492.0,0.0,0,2480.0,0.0,0.0,0.0,0.0,0.0,2
2023-05-10 22:05:17,cu2311C69000,cu2311C69000,2480.0,0.0,0.0,0.0,1,518.0,0.0,0,2480.0,0.0,0.0,0.0,0.0,0.0,2
2023-05-10 22:05:18,cu2311C69000,cu2311C69000,2480.0,0.0,0.0,0.0,2,490.0,0.0,0,2480.0,0.0,0.0,0.0,0.0,0.0,2
2023-05-10 22:05:18,cu2311C69000,cu2311C69000,2480.0,0.0,0.0,0.0,2,492.0,0.0,0,2480.0,0.0,0.0,0.0,0.0,0.0,2
2023-05-10 22:05:19,cu2311C69000,cu2311C69000,2480.0,0.0,0.0,0.0,1,518.0,0.0,0,2480.0,0.0,0.0,0.0,0.0,0.0,2
2023-05-10 22:05:19,cu2311C69000,cu2311C69000,2480.0,0.0,0.0,0.0,2,490.0,0.0,0,2480.0,0.0,0.0,0.0,0.0,0.0,2
2023-05-10 22:05:20,cu2311C69000,cu2311C69000,2480.0,0.0,0.0,0.0,2,492.0,0.0,0,2480.0,0.0,0.0,0.0,0.0,0.0,2
2023-05-10 22:05:22,cu2311C69000,cu2311C69000,2480.0,0.0,0.0,0.0,1,518.0,0.0,0,2480.0,0.0,0.0,0.0,0.0,0.0,2
2023-05-10 22:05:22,cu2311C69000,cu2311C69000,2480.0,0.0,0.0,0.0,2,490.0,0.0,0,2480.0,0.0,0.0,0.0,0.0,0.0,2
2023-05-10 22:05:23,cu2311C69000,cu2311C69000,2480.0,0.0,0.0,0.0,2,492.0,0.0,0,2480.0,0.0,0.0,0.0,0.0,0.0,2
2023-05-10 22:05:25,cu2311C69000,cu2311C69000,2480.0,0.0,0.0,0.0,1,518.0,0.0,0,2480.0,0.0,0.0,0.0,0.0,0.0,2
2023-05-10 22:05:25,cu2311C69000,cu2311C69000,2480.0,0.0,0.0,0.0,2,490.0,0.0,0,2480.0,0.0,0.0,0.0,0.0,0.0,2
2023-05-10 22:05:26,cu2311C69000,cu2311C69000,2480.0,0.0,0.0,0.0,2,492.0,0.0,0,2480.0,0.0,0.0,0.0,0.0,0.0,2
2023-05-10 22:05:28,cu2311C69000,cu2311C69000,2480.0,0.0,0.0,0.0,1,518.0,0.0,0,2480.0,0.0,0.0,0.0,0.0,0.0,2
2023-05-10 22:05:28,cu2311C69000,cu2311C69000,2480.0,0.0,0.0,0.0,2,490.0,0.0,0,2480.0,0.0,0.0,0.0,0.0,0.0,2
2023-05-10 22:05:29,cu2311C69000,cu2311C69000,2480.0,0.0,0.0,0.0,2,492.0,0.0,0,2480.0,0.0,0.0,0.0,0.0,0.0,2
2023-05-10 22:05:31,cu2311C69000,cu2311C69000,2480.0,0.0,0.0,0.0,1,518.0,0.0,0,2480.0,0.0,0.0,0.0,0.0,0.0,2
2023-05-10 22:05:31,cu2311C69000,cu2311C69000,2480.0,0.0,0.0,0.0,2,490.0,0.0,0,2480.0,0.0,0.0,0.0,0.0,0.0,2
2023-05-10 22:05:32,cu2311C69000,cu2311C69000,2480.0,0.0,0.0,0.0,2,492.0,0.0,0,2480.0,0.0,0.0,0.0,0.0,0.0,2
2023-05-10 22:05:33,cu2311C69000,cu2311C69000,2480.0,0.0,0.0,0.0,1,518.0,0.0,0,2480.0,0.0,0.0,0.0,0.0,0.0,2
2023-05-10 22:05:33,cu2311C69000,cu2311C69000,2480.0,0.0,0.0,0.0,2,490.0,0.0,0,2480.0,0.0,0.0,0.0,0.0,0.0,2
2023-05-10 22:05:34,cu2311C69000,cu2311C69000,2480.0,0.0,0.0,0.0,2,492.0,0.0,0,2480.0,0.0,0.0,0.0,0.0,0.0,2
2023-05-10 22:05:34,cu2311C69000,cu2311C69000,2480.0,0.0,0.0,0.0,1,518.0,0.0,0,2480.0,0.0,0.0,0.0,0.0,0.0,2
2023-05-10 22:05:35,cu2311C69000,cu2311C69000,2480.0,0.0,0.0,0.0,2,490.0,0.0,0,2480.0,0.0,0.0,0.0,0.0,0.0,2
2023-05-10 22:05:35,cu2311C69000,cu2311C69000,2480.0,0.0,0.0,0.0,2,492.0,0.0,0,2480.0,0.0,0.0,0.0,0.0,0.0,2
2023-05-10 22:05:36,cu2311C69000,cu2311C69000,2480.0,0.0,0.0,0.0,1,518.0,0.0,0,2480.0,0.0,0.0,0.0,0.0,0.0,2
2023-05-10 22:05:36,cu2311C69000,cu2311C69000,2480.0,0.0,0.0,0.0,2,490.0,0.0,0,2480.0,0.0,0.0,0.0,0.0,0.0,2
2023-05-10 22:05:37,cu2311C69000,cu2311C69000,2480.0,0.0,0.0,0.0,2,492.0,0.0,0,2480.0,0.0,0.0,0.0,0.0,0.0,2
2023-05-10 22:05:37,cu2311C69000,cu2311C69000,2480.0,0.0,0.0,0.0,1,518.0,0.0,0,2480.0,0.0,0.0,0.0,0.0,0.0,2
2023-05-10 22:05:38,cu2311C69000,cu2311C69000,2480.0,0.0,0.0,0.0,2,490.0,0.0,0,2480.0,0.0,0.0,0.0,0.0,0.0,2
2023-05-10 22:05:38,cu2311C69000,cu2311C69000,2480.0,0.0,0.0,0.0,2,492.0,0.0,0,2480.0,0.0,0.0,0.0,0.0,0.0,2
2023-05-10 22:05:39,cu2311C69000,cu2311C69000,2480.0,0.0,0.0,0.0,1,518.0,0.0,0,2480.0,0.0,0.0,0.0,0.0,0.0,2
2023-05-10 22:05:39,cu2311C69000,cu2311C69000,2480.0,0.0,0.0,0.0,1,544.0,0.0,0,2480.0,0.0,0.0,0.0,0.0,0.0,2
2023-05-10 22:05:40,cu2311C69000,cu2311C69000,2480.0,0.0,0.0,0.0,2,546.0,0.0,0,2480.0,0.0,0.0,0.0,0.0,0.0,2
2023-05-10 22:05:40,cu2311C69000,cu2311C69000,2480.0,0.0,0.0,0.0,1,572.0,0.0,0,2480.0,0.0,0.0,0.0,0.0,0.0,2
2023-05-10 22:05:41,cu2311C69000,cu2311C69000,2480.0,0.0,0.0,0.0,1,586.0,0.0,0,2480.0,0.0,0.0,0.0,0.0,0.0,2
2023-05-10 22:05:41,cu2311C69000,cu2311C69000,2480.0,0.0,0.0,0.0,2,588.0,0.0,0,2480.0,0.0,0.0,0.0,0.0,0.0,2
2023-05-10 22:05:42,cu2311C69000,cu2311C69000,2480.0,0.0,0.0,0.0,1,614.0,0.0,0,2480.0,0.0,0.0,0.0,0.0,0.0,2
2023-05-10 22:05:42,cu2311C69000,cu2311C69000,2480.0,0.0,0.0,0.0,1,616.0,0.0,0,2480.0,0.0,0.0,0.0,0.0,0.0,2
2023-05-10 22:05:43,cu2311C69000,cu2311C69000,2480.0,0.0,0.0,0.0,2,618.0,0.0,0,2480.0,0.0,0.0,0.0,0.0,0.0,2
2023-05-10 22:05:43,cu2311C69000,cu2311C69000,2480.0,0.0,0.0,0.0,1,644.0,0.0,0,2480.0,0.0,0.0,0.0,0.0,0.0,2
2023-05-10 22:05:44,cu2311C69000,cu2311C69000,2480.0,0.0,0.0,0.0,2,490.0,0.0,0,2480.0,0.0,0.0,0.0,0.0,0.0,2
2023-05-10 22:05:44,cu2311C69000,cu2311C69000,2480.0,0.0,0.0,0.0,2,492.0,0.0,0,2480.0,0.0,0.0,0.0,0.0,0.0,2
2023-05-10 22:05:45,cu2311C69000,cu2311C69000,2480.0,0.0,0.0,0.0,1,518.0,0.0,0,2480.0,0.0,0.0,0.0,0.0,0.0,2
2023-05-10 22:05:45,cu2311C69000,cu2311C69000,2480.0,0.0,0.0,0.0,1,544.0,0.0,0,2480.0,0.0,0.0,0.0,0.0,0.0,2
2023-05-10 22:05:46,cu2311C69000,cu2311C69000,2480.0,0.0,0.0,0.0,2,546.0,0.0,0,2480.0,0.0,0.0,0.0,0.0,0.0,2
2023-05-10 22:05:46,cu2311C69000,cu2311C69000,2480.0,0.0,0.0,0.0,1,572.0,0.0,0,2480.0,0.0,0.0,0.0,0.0,0.0,2
2023-05-10 22:05:47,cu2311C69000,cu2311C69000,2480.0,0.0,0.0,0.0,1,598.0,0.0,0,2480.0,0.0,0.0,0.0,0.0,0.0,2
2023-05-10 22:05:47,cu2311C69000,cu2311C69000,2480.0,0.0,0.0,0.0,2,600.0,0.0,0,2480.0,0.0,0.0,0.0,0.0,0.0,2
2023-05-10 22:05:48,cu2311C69000,cu2311C69000,2480.0,0.0,0.0,0.0,1,626.0,0.0,0,2480.0,0.0,0.0,0.0,0.0,0.0,2
2023-05-10 22:05:48,cu2311C69000,cu2311C69000,2480.0,0.0,0.0,0.0,1,628.0,0.0,0,2480.0,0.0,0.0,0.0,0.0,0.0,2
2023-05-10 22:05:49,cu2311C69000,cu2311C69000,2480.0,0.0,0.0,0.0,2,630.0,0.0,0,2480.0,0.0,0.0,0.0,0.0,0.0,2
2023-05-10 22:05:49,cu2311C69000,cu2311C69000,2480.0,0.0,0.0,0.0,1,656.0,0.0,0,2480.0,0.0,0.0,0.0,0.0,0.0,2
2023-05-10 22:05:50,cu2311C69000,cu2311C69000,2480.0,0.0,0.0,0.0,2,490.0,0.0,0,2480.0,0.0,0.0,0.0,0.0,0.0,2
2023-05-10 22:05:50,cu2311C69000,cu2311C69000,2480.0,0.0,0.0,0.0,2,492.0,0.0,0,2480.0,0.0,0.0,0.0,0.0,0.0,2
2023-05-10 22:05:51,cu2311C69000,cu2311C69000,2480.0,0.0,0.0,0.0,1,518.0,0.0,0,2480.0,0.0,0.0,0.0,0.0,0.0,2
2023-05-10 22:05:52,cu2311C69000,cu2311C69000,2480.0,0.0,0.0,0.0,2,490.0,0.0,0,2480.0,0.0,0.0,0.0,0.0,0.0,2
2023-05-10 22:05:52,cu2311C69000,cu2311C69000,2480.0,0.0,0.0,0.0,1,516.0,0.0,0,2480.0,0.0,0.0,0.0,0.0,0.0,2
2023-05-10 22:05:53,cu2311C69000,cu2311C69000,2480.0,0.0,0.0,0.0,2,490.0,0.0,0,2480.0,0.0,0.0,0.0,0.0,0.0,2
2023-05-10 22:05:53,cu2311C69000,cu2311C69000,2480.0,0.0,0.0,0.0,2,492.0,0.0,0,2480.0,0.0,0.0,0.0,0.0,0.0,2
2023-05-10 22:05:54,cu2311C69000,cu2311C69000,2480.0,0.0,0.0,0.0,1,518.0,0.0,0,2480.0,0.0,0.0,0.0,0.0,0.0,2
2023-05-10 22:05:55,cu2311C69000,cu2311C69000,2480.0,0.0,0.0,0.0,2,490.0,0.0,0,2480.0,0.0,0.0,0.0,0.0,0.0,2
2023-05-10 22:05:55,cu2311C69000,cu2311C69000,2480.0,0.0,0.0,0.0,1,516.0,0.0,0,2480.0,0.0,0.0,0.0,0.0,0.0,2
2023-05-10 22:05:56,cu2311C69000,cu2311C69000,2480.0,0.0,0.0,0.0,2,490.0,0.0,0,2480.0,0.0,0.0,0.0,0.0,0.0,2
2023-05-10 22:05:56,cu2311C69000,cu2311C69000,2480.0,0.0,0.0,0.0,2,492.0,0.0,0,2480.0,0.0,0.0,0.0,0.0,0.0,2
2023-05-10 22:05:57,cu2311C69000,cu2311C69000,2480.0,0.0,0.0,0.0,1,518.0,0.0,0,2480.0,0.0,0.0,0.0,0.0,0.0,2
2023-05-10 22:05:57,cu2311C69000,cu2311C69000,2480.0,0.0,0.0,0.0,1,544.0,0.0,0,2480.0,0.0,0.0,0.0,0.0,0.0,2
2023-05-10 22:05:58,cu2311C69000,cu2311C69000,2480.0,0.0,0.0,0.0,2,546.0,0.0,0,2480.0,0.0,0.0,0.0,0.0,0.0,2
2023-05-10 22:05:58,cu2311C69000,cu2311C69000,2480.0,0.0,0.0,0.0,1,572.0,0.0,0,2480.0,0.0,0.0,0.0,0.0,0.0,2
2023-05-10 22:05:59,cu2311C69000,cu2311C69000,2480.0,0.0,0.0,0.0,2,490.0,0.0,0,2480.0,0.0,0.0,0.0,0.0,0.0,2
2023-05-10 22:05:59,cu2311C69000,cu2311C69000,2480.0,0.0,0.0,0.0,2,492.0,0.0,0,2480.0,0.0,0.0,0.0,0.0,0.0,2
2023-05-10 22:06:00,cu2311C69000,cu2311C69000,2480.0,0.0,0.0,0.0,1,518.0,0.0,0,2480.0,0.0,0.0,0.0,0.0,0.0,2
2023-05-10 22:06:00,cu2311C69000,cu2311C69000,2480.0,0.0,0.0,0.0,1,544.0,0.0,0,2480.0,0.0,0.0,0.0,0.0,0.0,2
2023-05-10 22:06:01,cu2311C69000,cu2311C69000,2480.0,0.0,0.0,0.0,2,546.0,0.0,0,2480.0,0.0,0.0,0.0,0.0,0.0,2
2023-05-10 22:06:01,cu2311C69000,cu2311C69000,2480.0,0.0,0.0,0.0,1,572.0,0.0,0,2480.0,0.0,0.0,0.0,0.0,0.0,2
2023-05-10 22:06:02,cu2311C69000,cu2311C69000,2480.0,0.0,0.0,0.0,2,490.0,0.0,0,2480.0,0.0,0.0,0.0,0.0,0.0,2
2023-05-10 22:06:02,cu2311C69000,cu2311C69000,2480.0,0.0,0.0,0.0,2,492.0,0.0,0,2480.0,0.0,0.0,0.0,0.0,0.0,2
2023-05-10 22:06:03,cu2311C69000,cu2311C69000,2480.0,0.0,0.0,0.0,1,518.0,0.0,0,2480.0,0.0,0.0,0.0,0.0,0.0,2
2023-05-10 22:06:03,cu2311C69000,cu2311C69000,2480.0,0.0,0.0,0.0,1,544.0,0.0,0,2480.0,0.0,0.0,0.0,0.0,0.0,2
2023-05-10 22:06:04,cu2311C69000,cu2311C69000,2480.0,0.0,0.0,0.0,2,546.0,0.0,0,2480.0,0.0,0.0,0.0,0.0,0.0,2
2023-05-10 22:06:04,cu2311C69000,cu2311C69000,2480.0,0.0,0.0,0.0,1,572.0,0.0,0,2480.0,0.0,0.0,0.0,0.0,0.0,2
2023-05-10 22:06:05,cu2311C69000,cu2311C69000,2480.0,0.0,0.0,0.0,1,598.0,0.0,0,2480.0,0.0,0.0,0.0,0.0,0.0,2
2023-05-10 22:06:05,cu2311C69000,cu2311C69000,2480.0,0.0,0.0,0.0,2,600.0,0.0,0,2480.0,0.0,0.0,0.0,0.0,0.0,2
2023-05-10 22:06:06,cu2311C69000,cu2311C69000,2480.0,0.0,0.0,0.0,1,626.0,0.0,0,2480.0,0.0,0.0,0.0,0.0,0.0,2
2023-05-10 22:06:06,cu2311C69000,cu2311C69000,2480.0,0.0,0.0,0.0,1,652.0,0.0,0,2480.0,0.0,0.0,0.0,0.0,0.0,2
2023-05-10 22:06:07,cu2311C69000,cu2311C69000,2480.0,0.0,0.0,0.0,2,654.0,0.0,0,2480.0,0.0,0.0,0.0,0.0,0.0,2
2023-05-10 22:06:07,cu2311C69000,cu2311C69000,2480.0,0.0,0.0,0.0,1,680.0,0.0,0,2480.0,0.0,0.0,0.0,0.0,0.0,2
2023-05-10 22:06:08,cu2311C69000,cu2311C69000,2480.0,0.0,0.0,0.0,1,682.0,0.0,0,2480.0,0.0,0.0,0.0,0.0,0.0,2
2023-05-10 22:06:08,cu2311C69000,cu2311C69000,2480.0,0.0,0.0,0.0,2,684.0,0.0,0,2480.0,0.0,0.0,0.0,0.0,0.0,2
2023-05-10 22:06:09,cu2311C69000,cu2311C69000,2480.0,0.0,0.0,0.0,1,710.0,0.0,0,2480.0,0.0,0.0,0.0,0.0,0.0,2
2023-05-10 22:06:09,cu2311C69000,cu2311C69000,2480.0,0.0,0.0,0.0,2,490.0,0.0,0,2480.0,0.0,0.0,0.0,0.0,0.0,2
2023-05-10 22:06:10,cu2311C69000,cu2311C69000,2480.0,0.0,0.0,0.0,2,492.0,0.0,0,2480.0,0.0,0.0,0.0,0.0,0.0,2
2023-05-10 22:06:10,cu2311C69000,cu2311C69000,2480.0,0.0,0.0,0.0,1,518.0,0.0,0,2480.0,0.0,0.0,0.0,0.0,0.0,2
2023-05-10 22:06:11,cu2311C69000,cu2311C69000,2480.0,0.0,0.0,0.0,1,544.0,0.0,0,2480.0,0.0,0.0,0.0,0.0,0.0,2
2023-05-10 22:06:11,cu2311C69000,cu2311C69000,2480.0,0.0,0.0,0.0,2,490.0,0.0,0,2480.0,0.0,0.0,0.0,0.0,0.0,2
2023-05-10 22:06:12,cu2311C69000,cu2311C69000,2480.0,0.0,0.0,0.0,2,492.0,0.0,0,2480.0,0.0,0.0,0.0,0.0,0.0,2
2023-05-10 22:06:12,cu2311C69000,cu2311C69000,2480.0,0.0,0.0,0.0,1,518.0,0.0,0,2480.0,0.0,0.0,0.0,0.0,0.0,2
2023-05-10 22:06:13,cu2311C69000,cu2311C69000,2480.0,0.0,0.0,0.0,2,490.0,0.0,0,2480.0,0.0,0.0,0.0,0.0,0.0,2
2023-05-10 22:06:13,cu2311C69000,cu2311C69000,2480.0,0.0,0.0,0.0,2,492.0,0.0,0,2480.0,0.0,0.0,0.0,0.0,0.0,2
2023-05-10 22:06:14,cu2311C69000,cu2311C69000,2480.0,0.0,0.0,0.0,1,518.0,0.0,0,2480.0,0.0,0.0,0.0,0.0,0.0,2
2023-05-10 22:06:14,cu2311C69000,cu2311C69000,2480.0,0.0,0.0,0.0,1,544.0,0.0,0,2480.0,0.0,0.0,0.0,0.0,0.0,2
2023-05-10 22:06:15,cu2311C69000,cu2311C69000,2480.0,0.0,0.0,0.0,2,546.0,0.0,0,2480.0,0.0,0.0,0.0,0.0,0.0,2
2023-05-10 22:06:16,cu2311C69000,cu2311C69000,2480.0,0.0,0.0,0.0,1,572.0,0.0,0,2480.0,0.0,0.0,0.0,0.0,0.0,2
2023-05-10 22:06:16,cu2311C69000,cu2311C69000,2480.0,0.0,0.0,0.0,2,490.0,0.0,0,2480.0,0.0,0.0,0.0,0.0,0.0,2
2023-05-10 22:06:17,cu2311C69000,cu2311C69000,2480.0,0.0,0.0,0.0,1,516.0,0.0,0,2480.0,0.0,0.0,0.0,0.0,0.0,2
2023-05-10 22:06:17,cu2311C69000,cu2311C69000,2480.0,0.0,0.0,0.0,2,490.0,0.0,0,2480.0,0.0,0.0,0.0,0.0,0.0,2
2023-05-10 22:06:18,cu2311C69000,cu2311C69000,2480.0,0.0,0.0,0.0,2,492.0,0.0,0,2480.0,0.0,0.0,0.0,0.0,0.0,2
2023-05-10 22:06:18,cu2311C69000,cu2311C69000,2480.0,0.0,0.0,0.0,1,518.0,0.0,0,2480.0,0.0,0.0,0.0,0.0,0.0,2
2023-05-10 22:06:19,cu2311C69000,cu2311C69000,2480.0,0.0,0.0,0.0,1,544.0,0.0,0,2480.0,0.0,0.0,0.0,0.0,0.0,2
2023-05-10 22:06:19,cu2311C69000,cu2311C69000,2480.0,0.0,0.0,0.0,2,546.0,0.0,0,2480.0,0.0,0.0,0.0,0.0,0.0,2
2023-05-10 22:06:20,cu2311C69000,cu2311C69000,2480.0,0.0,0.0,0.0,1,572.0,0.0,0,2480.0,0.0,0.0,0.0,0.0,0.0,2
2023-05-10 22:06:20,cu2311C69000,cu2311C69000,2480.0,0.0,0.0,0.0,1,572.0,0.0,0,2480.0,0.0,0.0,0.0,0.0,0.0,2
2023-05-10 22:06:21,cu2311C69000,cu2311C69000,2480.0,0.0,0.0,0.0,2,574.0,0.0,0,2480.0,0.0,0.0,0.0,0.0,0.0,2
2023-05-10 22:06:21,cu2311C69000,cu2311C69000,2480.0,0.0,0.0,0.0,1,600.0,0.0,0,2480.0,0.0,0.0,0.0,0.0,0.0,2
2023-05-10 22:06:22,cu2311C69000,cu2311C69000,2480.0,0.0,0.0,0.0,1,600.0,0.0,0,2480.0,0.0,0.0,0.0,0.0,0.0,2
2023-05-10 22:06:22,cu2311C69000,cu2311C69000,2480.0,0.0,0.0,0.0,2,602.0,0.0,0,2480.0,0.0,0.0,0.0,0.0,0.0,2
2023-05-10 22:06:23,cu2311C69000,cu2311C69000,2480.0,0.0,0.0,0.0,1,628.0,0.0,0,2480.0,0.0,0.0,0.0,0.0,0.0,2
2023-05-10 22:06:23,cu2311C69000,cu2311C69000,2480.0,0.0,0.0,0.0,1,628.0,0.0,0,2480.0,0.0,0.0,0.0,0.0,0.0,2
2023-05-10 22:06:24,cu2311C69000,cu2311C69000,2480.0,0.0,0.0,0.0,2,630.0,0.0,0,2480.0,0.0,0.0,0.0,0.0,0.0,2
2023-05-10 22:06:24,cu2311C69000,cu2311C69000,2480.0,0.0,0.0,0.0,1,656.0,0.0,0,2480.0,0.0,0.0,0.0,0.0,0.0,2
2023-05-10 22:06:25,cu2311C69000,cu2311C69000,2480.0,0.0,0.0,0.0,1,656.0,0.0,0,2480.0,0.0,0.0,0.0,0.0,0.0,2
2023-05-10 22:06:25,cu2311C69000,cu2311C69000,2480.0,0.0,0.0,0.0,2,658.0,0.0,0,2480.0,0.0,0.0,0.0,0.0,0.0,2
2023-05-10 22:06:26,cu2311C69000,cu2311C69000,2480.0,0.0,0.0,0.0,1,684.0,0.0,0,2480.0,0.0,0.0,0.0,0.0,0.0,2
2023-05-10 22:06:27,cu2311C69000,cu2311C69000,2480.0,0.0,0.0,0.0,1,684.0,0.0,0,2480.0,0.0,0.0,0.0,0.0,0.0,2
2023-05-10 22:06:27,cu2311C69000,cu2311C69000,2480.0,0.0,0.0,0.0,2,686.0,0.0,0,2480.0,0.0,0.0,0.0,0.0,0.0,2
2023-05-10 22:06:28,cu2311C69000,cu2311C69000,2480.0,0.0,0.0,0.0,1,712.0,0.0,0,2480.0,0.0,0.0,0.0,0.0,0.0,2
2023-05-10 22:06:28,cu2311C69000,cu2311C69000,2480.0,0.0,0.0,0.0,1,712.0,0.0,0,2480.0,0.0,0.0,0.0,0.0,0.0,2
2023-05-10 22:06:29,cu2311C69000,cu2311C69000,2480.0,0.0,0.0,0.0,2,714.0,0.0,0,2480.0,0.0,0.0,0.0,0.0,0.0,2
2023-05-10 22:06:29,cu2311C69000,cu2311C69000,2480.0,0.0,0.0,0.0,1,740.0,0.0,0,2480.0,0.0,0.0,0.0,0.0,0.0,2
2023-05-10 22:06:30,cu2311C69000,cu2311C69000,2480.0,0.0,0.0,0.0,2,490.0,0.0,0,2480.0,0.0,0.0,0.0,0.0,0.0,2
2023-05-10 22:06:30,cu2311C69000,cu2311C69000,2480.0,0.0,0.0,0.0,1,516.0,0.0,0,2480.0,0.0,0.0,0.0,0.0,0.0,2
2023-05-10 22:06:31,cu2311C69000,cu2311C69000,2480.0,0.0,0.0,0.0,1,516.0,0.0,0,2480.0,0.0,0.0,0.0,0.0,0.0,2
2023-05-10 22:06:31,cu2311C69000,cu2311C69000,2480.0,0.0,0.0,0.0,2,518.0,0.0,0,2480.0,0.0,0.0,0.0,0.0,0.0,2
2023-05-10 22:06:32,cu2311C69000,cu2311C69000,2480.0,0.0,0.0,0.0,1,544.0,0.0,0,2480.0,0.0,0.0,0.0,0.0,0.0,2
2023-05-10 22:06:32,cu2311C69000,cu2311C69000,2480.0,0.0,0.0,0.0,1,544.0,0.0,0,2480.0,0.0,0.0,0.0,0.0,0.0,2
2023-05-10 22:06:33,cu2311C69000,cu2311C69000,2480.0,0.0,0.0,0.0,2,546.0,0.0,0,2480.0,0.0,0.0,0.0,0.0,0.0,2
2023-05-10 22:06:33,cu2311C69000,cu2311C69000,2480.0,0.0,0.0,0.0,1,572.0,0.0,0,2480.0,0.0,0.0,0.0,0.0,0.0,2
2023-05-10 22:06:34,cu2311C69000,cu2311C69000,2480.0,0.0,0.0,0.0,1,572.0,0.0,0,2480.0,0.0,0.0,0.0,0.0,0.0,2
2023-05-10 22:06:34,cu2311C69000,cu2311C69000,2480.0,0.0,0.0,0.0,2,574.0,0.0,0,2480.0,0.0,0.0,0.0,0.0,0.0,2
2023-05-10 22:06:35,cu2311C69000,cu2311C69000,2480.0,0.0,0.0,0.0,1,600.0,0.0,0,2480.0,0.0,0.0,0.0,0.0,0.0,2
2023-05-10 22:06:35,cu2311C69000,cu2311C69000,2480.0,0.0,0.0,0.0,1,600.0,0.0,0,2480.0,0.0,0.0,0.0,0.0,0.0,2
2023-05-10 22:06:36,cu2311C69000,cu2311C69000,2480.0,0.0,0.0,0.0,2,602.0,0.0,0,2480.0,0.0,0.0,0.0,0.0,0.0,2
2023-05-10 22:06:36,cu2311C69000,cu2311C69000,2480.0,0.0,0.0,0.0,1,628.0,0.0,0,2480.0,0.0,0.0,0.0,0.0,0.0,2
2023-05-10 22:06:37,cu2311C69000,cu2311C69000,2480.0,0.0,0.0,0.0,1,628.0,0.0,0,2480.0,0.0,0.0,0.0,0.0,0.0,2
2023-05-10 22:06:37,cu2311C69000,cu2311C69000,2480.0,0.0,0.0,0.0,2,630.0,0.0,0,2480.0,0.0,0.0,0.0,0.0,0.0,2
2023-05-10 22:06:38,cu2311C69000,cu2311C69000,2480.0,0.0,0.0,0.0,1,656.0,0.0,0,2480.0,0.0,0.0,0.0,0.0,0.0,2
2023-05-10 22:06:38,cu2311C69000,cu2311C69000,2480.0,0.0,0.0,0.0,1,656.0,0.0,0,2480.0,0.0,0.0,0.0,0.0,0.0,2
2023-05-10 22:06:39,cu2311C69000,cu2311C69000,2480.0,0.0,0.0,0.0,2,658.0,0.0,0,2480.0,0.0,0.0,0.0,0.0,0.0,2
2023-05-10 22:06:39,cu2311C69000,cu2311C69000,2480.0,0.0,0.0,0.0,1,684.0,0.0,0,2480.0,0.0,0.0,0.0,0.0,0.0,2
2023-05-10 22:06:40,cu2311C69000,cu2311C69000,2480.0,0.0,0.0,0.0,1,684.0,0.0,0,2480.0,0.0,0.0,0.0,0.0,0.0,2
2023-05-10 22:06:40,cu2311C69000,cu2311C69000,2480.0,0.0,0.0,0.0,2,686.0,0.0,0,2480.0,0.0,0.0,0.0,0.0,0.0,2
2023-05-10 22:06:41,cu2311C69000,cu2311C69000,2480.0,0.0,0.0,0.0,1,712.0,0.0,0,2480.0,0.0,0.0,0.0,0.0,0.0,2
2023-05-10 22:06:41,cu2311C69000,cu2311C69000,2480.0,0.0,0.0,0.0,1,712.0,0.0,0,2480.0,0.0,0.0,0.0,0.0,0.0,2
2023-05-10 22:06:42,cu2311C69000,cu2311C69000,2480.0,0.0,0.0,0.0,2,714.0,0.0,0,2480.0,0.0,0.0,0.0,0.0,0.0,2
2023-05-10 22:06:42,cu2311C69000,cu2311C69000,2480.0,0.0,0.0,0.0,1,740.0,0.0,0,2480.0,0.0,0.0,0.0,0.0,0.0,2
2023-05-10 22:06:43,cu2311C69000,cu2311C69000,2480.0,0.0,0.0,0.0,1,740.0,0.0,0,2480.0,0.0,0.0,0.0,0.0,0.0,2
2023-05-10 22:06:44,cu2311C69000,cu2311C69000,2480.0,0.0,0.0,0.0,2,742.0,0.0,0,2480.0,0.0,0.0,0.0,0.0,0.0,2
2023-05-10 22:06:44,cu2311C69000,cu2311C69000,2480.0,0.0,0.0,0.0,1,768.0,0.0,0,2480.0,0.0,0.0,0.0,0.0,0.0,2
2023-05-10 22:06:45,cu2311C69000,cu2311C69000,2480.0,0.0,0.0,0.0,1,768.0,0.0,0,2480.0,0.0,0.0,0.0,0.0,0.0,2
2023-05-10 22:06:45,cu2311C69000,cu2311C69000,2480.0,0.0,0.0,0.0,2,770.0,0.0,0,2480.0,0.0,0.0,0.0,0.0,0.0,2
2023-05-10 22:06:46,cu2311C69000,cu2311C69000,2480.0,0.0,0.0,0.0,1,796.0,0.0,0,2480.0,0.0,0.0,0.0,0.0,0.0,2
2023-05-10 22:06:47,cu2311C69000,cu2311C69000,2480.0,0.0,0.0,0.0,1,796.0,0.0,0,2480.0,0.0,0.0,0.0,0.0,0.0,2
2023-05-10 22:06:47,cu2311C69000,cu2311C69000,2480.0,0.0,0.0,0.0,2,798.0,0.0,0,2480.0,0.0,0.0,0.0,0.0,0.0,2
2023-05-10 22:06:48,cu2311C69000,cu2311C69000,2480.0,0.0,0.0,0.0,1,824.0,0.0,0,2480.0,0.0,0.0,0.0,0.0,0.0,2
2023-05-10 22:06:48,cu2311C69000,cu2311C69000,2480.0,0.0,0.0,0.0,1,824.0,0.0,0,2480.0,0.0,0.0,0.0,0.0,0.0,2
2023-05-10 22:06:49,cu2311C69000,cu2311C69000,2480.0,0.0,0.0,0.0,2,826.0,0.0,0,2480.0,0.0,0.0,0.0,0.0,0.0,2
2023-05-10 22:06:49,cu2311C69000,cu2311C69000,2480.0,0.0,0.0,0.0,1,852.0,0.0,0,2480.0,0.0,0.0,0.0,0.0,0.0,2
2023-05-10 22:06:50,cu2311C69000,cu2311C69000,2480.0,0.0,0.0,0.0,1,852.0,0.0,0,2480.0,0.0,0.0,0.0,0.0,0.0,2
2023-05-10 22:06:50,cu2311C69000,cu2311C69000,2480.0,0.0,0.0,0.0,2,854.0,0.0,0,2480.0,0.0,0.0,0.0,0.0,0.0,2
2023-05-10 22:06:51,cu2311C69000,cu2311C69000,2480.0,0.0,0.0,0.0,1,868.0,0.0,0,2480.0,0.0,0.0,0.0,0.0,0.0,2
2023-05-10 22:06:51,cu2311C69000,cu2311C69000,2480.0,0.0,0.0,0.0,1,868.0,0.0,0,2480.0,0.0,0.0,0.0,0.0,0.0,2
2023-05-10 22:06:52,cu2311C69000,cu2311C69000,2480.0,0.0,0.0,0.0,2,870.0,0.0,0,2480.0,0.0,0.0,0.0,0.0,0.0,2
2023-05-10 22:06:52,cu2311C69000,cu2311C69000,2480.0,0.0,0.0,0.0,1,884.0,0.0,0,2480.0,0.0,0.0,0.0,0.0,0.0,2
2023-05-10 22:06:53,cu2311C69000,cu2311C69000,2480.0,0.0,0.0,0.0,1,884.0,0.0,0,2480.0,0.0,0.0,0.0,0.0,0.0,2
2023-05-10 22:06:53,cu2311C69000,cu2311C69000,2480.0,0.0,0.0,0.0,2,886.0,0.0,0,2480.0,0.0,0.0,0.0,0.0,0.0,2
2023-05-10 22:06:54,cu2311C69000,cu2311C69000,2480.0,0.0,0.0,0.0,1,888.0,0.0,0,2480.0,0.0,0.0,0.0,0.0,0.0,2
2023-05-10 22:06:54,cu2311C69000,cu2311C69000,2480.0,0.0,0.0,0.0,1,888.0,0.0,0,2480.0,0.0,0.0,0.0,0.0,0.0,2
2023-05-10 22:06:55,cu2311C69000,cu2311C69000,2480.0,0.0,0.0,0.0,2,890.0,0.0,0,2480.0,0.0,0.0,0.0,0.0,0.0,2
2023-05-10 22:06:55,cu2311C69000,cu2311C69000,2480.0,0.0,0.0,0.0,1,892.0,0.0,0,2480.0,0.0,0.0,0.0,0.0,0.0,2
2023-05-10 22:06:57,cu2311C69000,cu2311C69000,2480.0,0.0,0.0,0.0,1,892.0,0.0,0,2480.0,0.0,0.0,0.0,0.0,0.0,2
2023-05-10 22:06:57,cu2311C69000,cu2311C69000,2480.0,0.0,0.0,0.0,2,894.0,0.0,0,2480.0,0.0,0.0,0.0,0.0,0.0,2
2023-05-10 22:06:58,cu2311C69000,cu2311C69000,2480.0,0.0,0.0,0.0,1,896.0,0.0,0,2480.0,0.0,0.0,0.0,0.0,0.0,2
2023-05-10 22:06:58,cu2311C69000,cu2311C69000,2480.0,0.0,0.0,0.0,1,896.0,0.0,0,2480.0,0.0,0.0,0.0,0.0,0.0,2
2023-05-10 22:06:59,cu2311C69000,cu2311C69000,2480.0,0.0,0.0,0.0,2,898.0,0.0,0,2480.0,0.0,0.0,0.0,0.0,0.0,2
2023-05-10 22:06:59,cu2311C69000,cu2311C69000,2480.0,0.0,0.0,0.0,2,898.0,0.0,0,2480.0,0.0,0.0,0.0,0.0,0.0,2
2023-05-10 22:50:02,cu2311C69000,cu2311C69000,2480.0,0.0,0.0,0.0,2,898.0,0.0,0,2480.0,0.0,0.0,0.0,0.0,0.0,2
2023-05-10 22:57:03,cu2311C69000,cu2311C69000,2480.0,0.0,0.0,0.0,2,490.0,0.0,0,2480.0,0.0,0.0,0.0,0.0,0.0,2
2023-05-10 23:00:07,cu2311C69000,cu2311C69000,2480.0,0.0,0.0,0.0,2,492.0,0.0,0,2480.0,0.0,0.0,0.0,0.0,0.0,2
2023-05-10 23:05:40,cu2311C69000,cu2311C69000,2480.0,0.0,0.0,0.0,1,494.0,0.0,0,2480.0,0.0,0.0,0.0,0.0,0.0,2
2023-05-10 23:05:40,cu2311C69000,cu2311C69000,2480.0,0.0,0.0,0.0,2,490.0,0.0,0,2480.0,0.0,0.0,0.0,0.0,0.0,2
2023-05-10 23:05:41,cu2311C69000,cu2311C69000,2480.0,0.0,0.0,0.0,2,492.0,0.0,0,2480.0,0.0,0.0,0.0,0.0,0.0,2
2023-05-10 23:05:42,cu2311C69000,cu2311C69000,2480.0,0.0,0.0,0.0,1,494.0,0.0,0,2480.0,0.0,0.0,0.0,0.0,0.0,2
2023-05-10 23:05:42,cu2311C69000,cu2311C69000,2480.0,0.0,0.0,0.0,2,490.0,0.0,0,2480.0,0.0,0.0,0.0,0.0,0.0,2
2023-05-10 23:05:43,cu2311C69000,cu2311C69000,2480.0,0.0,0.0,0.0,2,492.0,0.0,0,2480.0,0.0,0.0,0.0,0.0,0.0,2
2023-05-10 23:05:44,cu2311C69000,cu2311C69000,2480.0,0.0,0.0,0.0,1,494.0,0.0,0,2480.0,0.0,0.0,0.0,0.0,0.0,2
2023-05-10 23:05:44,cu2311C69000,cu2311C69000,2480.0,0.0,0.0,0.0,2,490.0,0.0,0,2480.0,0.0,0.0,0.0,0.0,0.0,2
2023-05-10 23:05:45,cu2311C69000,cu2311C69000,2480.0,0.0,0.0,0.0,2,492.0,0.0,0,2480.0,0.0,0.0,0.0,0.0,0.0,2
2023-05-10 23:05:46,cu2311C69000,cu2311C69000,2480.0,0.0,0.0,0.0,1,494.0,0.0,0,2480.0,0.0,0.0,0.0,0.0,0.0,2
2023-05-10 23:05:46,cu2311C69000,cu2311C69000,2480.0,0.0,0.0,0.0,2,490.0,0.0,0,2480.0,0.0,0.0,0.0,0.0,0.0,2
2023-05-10 23:05:47,cu2311C69000,cu2311C69000,2480.0,0.0,0.0,0.0,2,492.0,0.0,0,2480.0,0.0,0.0,0.0,0.0,0.0,2
2023-05-10 23:05:47,cu2311C69000,cu2311C69000,2480.0,0.0,0.0,0.0,1,494.0,0.0,0,2480.0,0.0,0.0,0.0,0.0,0.0,2
2023-05-10 23:05:48,cu2311C69000,cu2311C69000,2480.0,0.0,0.0,0.0,2,490.0,0.0,0,2480.0,0.0,0.0,0.0,0.0,0.0,2
2023-05-10 23:05:48,cu2311C69000,cu2311C69000,2480.0,0.0,0.0,0.0,2,492.0,0.0,0,2480.0,0.0,0.0,0.0,0.0,0.0,2
2023-05-10 23:05:49,cu2311C69000,cu2311C69000,2480.0,0.0,0.0,0.0,1,494.0,0.0,0,2480.0,0.0,0.0,0.0,0.0,0.0,2
2023-05-10 23:05:49,cu2311C69000,cu2311C69000,2480.0,0.0,0.0,0.0,2,490.0,0.0,0,2480.0,0.0,0.0,0.0,0.0,0.0,2
2023-05-10 23:05:50,cu2311C69000,cu2311C69000,2480.0,0.0,0.0,0.0,2,492.0,0.0,0,2480.0,0.0,0.0,0.0,0.0,0.0,2
2023-05-10 23:05:52,cu2311C69000,cu2311C69000,2480.0,0.0,0.0,0.0,1,506.0,0.0,0,2480.0,0.0,0.0,0.0,0.0,0.0,2
2023-05-10 23:05:52,cu2311C69000,cu2311C69000,2480.0,0.0,0.0,0.0,2,490.0,0.0,0,2480.0,0.0,0.0,0.0,0.0,0.0,2
2023-05-10 23:05:53,cu2311C69000,cu2311C69000,2480.0,0.0,0.0,0.0,2,492.0,0.0,0,2480.0,0.0,0.0,0.0,0.0,0.0,2
2023-05-10 23:05:55,cu2311C69000,cu2311C69000,2480.0,0.0,0.0,0.0,1,506.0,0.0,0,2480.0,0.0,0.0,0.0,0.0,0.0,2
2023-05-10 23:05:55,cu2311C69000,cu2311C69000,2480.0,0.0,0.0,0.0,2,490.0,0.0,0,2480.0,0.0,0.0,0.0,0.0,0.0,2
2023-05-10 23:05:56,cu2311C69000,cu2311C69000,2480.0,0.0,0.0,0.0,2,492.0,0.0,0,2480.0,0.0,0.0,0.0,0.0,0.0,2
2023-05-10 23:05:56,cu2311C69000,cu2311C69000,2480.0,0.0,0.0,0.0,1,506.0,0.0,0,2480.0,0.0,0.0,0.0,0.0,0.0,2
2023-05-10 23:05:57,cu2311C69000,cu2311C69000,2480.0,0.0,0.0,0.0,2,490.0,0.0,0,2480.0,0.0,0.0,0.0,0.0,0.0,2
2023-05-10 23:05:57,cu2311C69000,cu2311C69000,2480.0,0.0,0.0,0.0,2,492.0,0.0,0,2480.0,0.0,0.0,0.0,0.0,0.0,2
2023-05-10 23:05:58,cu2311C69000,cu2311C69000,2480.0,0.0,0.0,0.0,1,506.0,0.0,0,2480.0,0.0,0.0,0.0,0.0,0.0,2
2023-05-10 23:05:58,cu2311C69000,cu2311C69000,2480.0,0.0,0.0,0.0,2,490.0,0.0,0,2480.0,0.0,0.0,0.0,0.0,0.0,2
2023-05-10 23:05:59,cu2311C69000,cu2311C69000,2480.0,0.0,0.0,0.0,2,492.0,0.0,0,2480.0,0.0,0.0,0.0,0.0,0.0,2
2023-05-10 23:06:00,cu2311C69000,cu2311C69000,2480.0,0.0,0.0,0.0,1,506.0,0.0,0,2480.0,0.0,0.0,0.0,0.0,0.0,2
2023-05-10 23:06:00,cu2311C69000,cu2311C69000,2480.0,0.0,0.0,0.0,2,490.0,0.0,0,2480.0,0.0,0.0,0.0,0.0,0.0,2
2023-05-10 23:06:01,cu2311C69000,cu2311C69000,2480.0,0.0,0.0,0.0,2,492.0,0.0,0,2480.0,0.0,0.0,0.0,0.0,0.0,2
2023-05-10 23:06:03,cu2311C69000,cu2311C69000,2480.0,0.0,0.0,0.0,1,518.0,0.0,0,2480.0,0.0,0.0,0.0,0.0,0.0,2
2023-05-10 23:06:03,cu2311C69000,cu2311C69000,2480.0,0.0,0.0,0.0,2,490.0,0.0,0,2480.0,0.0,0.0,0.0,0.0,0.0,2
2023-05-10 23:06:04,cu2311C69000,cu2311C69000,2480.0,0.0,0.0,0.0,2,492.0,0.0,0,2480.0,0.0,0.0,0.0,0.0,0.0,2
2023-05-10 23:06:06,cu2311C69000,cu2311C69000,2480.0,0.0,0.0,0.0,1,518.0,0.0,0,2480.0,0.0,0.0,0.0,0.0,0.0,2
2023-05-10 23:06:06,cu2311C69000,cu2311C69000,2480.0,0.0,0.0,0.0,2,490.0,0.0,0,2480.0,0.0,0.0,0.0,0.0,0.0,2
2023-05-10 23:06:07,cu2311C69000,cu2311C69000,2480.0,0.0,0.0,0.0,2,492.0,0.0,0,2480.0,0.0,0.0,0.0,0.0,0.0,2
2023-05-10 23:06:07,cu2311C69000,cu2311C69000,2480.0,0.0,0.0,0.0,1,518.0,0.0,0,2480.0,0.0,0.0,0.0,0.0,0.0,2
2023-05-10 23:06:08,cu2311C69000,cu2311C69000,2480.0,0.0,0.0,0.0,2,490.0,0.0,0,2480.0,0.0,0.0,0.0,0.0,0.0,2
2023-05-10 23:06:08,cu2311C69000,cu2311C69000,2480.0,0.0,0.0,0.0,2,492.0,0.0,0,2480.0,0.0,0.0,0.0,0.0,0.0,2
2023-05-10 23:06:09,cu2311C69000,cu2311C69000,2480.0,0.0,0.0,0.0,1,518.0,0.0,0,2480.0,0.0,0.0,0.0,0.0,0.0,2
2023-05-10 23:06:09,cu2311C69000,cu2311C69000,2480.0,0.0,0.0,0.0,2,490.0,0.0,0,2480.0,0.0,0.0,0.0,0.0,0.0,2
2023-05-10 23:06:10,cu2311C69000,cu2311C69000,2480.0,0.0,0.0,0.0,2,492.0,0.0,0,2480.0,0.0,0.0,0.0,0.0,0.0,2
2023-05-10 23:06:10,cu2311C69000,cu2311C69000,2480.0,0.0,0.0,0.0,1,518.0,0.0,0,2480.0,0.0,0.0,0.0,0.0,0.0,2
2023-05-10 23:06:11,cu2311C69000,cu2311C69000,2480.0,0.0,0.0,0.0,2,490.0,0.0,0,2480.0,0.0,0.0,0.0,0.0,0.0,2
2023-05-10 23:06:11,cu2311C69000,cu2311C69000,2480.0,0.0,0.0,0.0,2,492.0,0.0,0,2480.0,0.0,0.0,0.0,0.0,0.0,2
2023-05-10 23:06:12,cu2311C69000,cu2311C69000,2480.0,0.0,0.0,0.0,1,518.0,0.0,0,2480.0,0.0,0.0,0.0,0.0,0.0,2
2023-05-10 23:06:12,cu2311C69000,cu2311C69000,2480.0,0.0,0.0,0.0,2,490.0,0.0,0,2480.0,0.0,0.0,0.0,0.0,0.0,2
2023-05-10 23:06:13,cu2311C69000,cu2311C69000,2480.0,0.0,0.0,0.0,2,492.0,0.0,0,2480.0,0.0,0.0,0.0,0.0,0.0,2
2023-05-10 23:06:13,cu2311C69000,cu2311C69000,2480.0,0.0,0.0,0.0,1,518.0,0.0,0,2480.0,0.0,0.0,0.0,0.0,0.0,2
2023-05-10 23:06:14,cu2311C69000,cu2311C69000,2480.0,0.0,0.0,0.0,2,490.0,0.0,0,2480.0,0.0,0.0,0.0,0.0,0.0,2
2023-05-10 23:06:14,cu2311C69000,cu2311C69000,2480.0,0.0,0.0,0.0,2,492.0,0.0,0,2480.0,0.0,0.0,0.0,0.0,0.0,2
2023-05-10 23:06:15,cu2311C69000,cu2311C69000,2480.0,0.0,0.0,0.0,1,518.0,0.0,0,2480.0,0.0,0.0,0.0,0.0,0.0,2
2023-05-10 23:06:15,cu2311C69000,cu2311C69000,2480.0,0.0,0.0,0.0,2,490.0,0.0,0,2480.0,0.0,0.0,0.0,0.0,0.0,2
2023-05-10 23:06:16,cu2311C69000,cu2311C69000,2480.0,0.0,0.0,0.0,2,492.0,0.0,0,2480.0,0.0,0.0,0.0,0.0,0.0,2
2023-05-10 23:06:16,cu2311C69000,cu2311C69000,2480.0,0.0,0.0,0.0,1,518.0,0.0,0,2480.0,0.0,0.0,0.0,0.0,0.0,2
2023-05-10 23:06:17,cu2311C69000,cu2311C69000,2480.0,0.0,0.0,0.0,2,490.0,0.0,0,2480.0,0.0,0.0,0.0,0.0,0.0,2
2023-05-10 23:06:17,cu2311C69000,cu2311C69000,2480.0,0.0,0.0,0.0,2,492.0,0.0,0,2480.0,0.0,0.0,0.0,0.0,0.0,2
2023-05-10 23:07:22,cu2311C69000,cu2311C69000,2480.0,0.0,0.0,0.0,1,494.0,0.0,0,2480.0,0.0,0.0,0.0,0.0,0.0,2
2023-05-10 23:07:23,cu2311C69000,cu2311C69000,2480.0,0.0,0.0,0.0,2,490.0,0.0,0,2480.0,0.0,0.0,0.0,0.0,0.0,2
2023-05-10 23:07:23,cu2311C69000,cu2311C69000,2480.0,0.0,0.0,0.0,2,492.0,0.0,0,2480.0,0.0,0.0,0.0,0.0,0.0,2
2023-05-10 23:07:24,cu2311C69000,cu2311C69000,2480.0,0.0,0.0,0.0,1,494.0,0.0,0,2480.0,0.0,0.0,0.0,0.0,0.0,2
2023-05-10 23:07:24,cu2311C69000,cu2311C69000,2480.0,0.0,0.0,0.0,2,490.0,0.0,0,2480.0,0.0,0.0,0.0,0.0,0.0,2
2023-05-10 23:07:25,cu2311C69000,cu2311C69000,2480.0,0.0,0.0,0.0,2,492.0,0.0,0,2480.0,0.0,0.0,0.0,0.0,0.0,2
2023-05-10 23:07:25,cu2311C69000,cu2311C69000,2480.0,0.0,0.0,0.0,1,494.0,0.0,0,2480.0,0.0,0.0,0.0,0.0,0.0,2
2023-05-10 23:07:26,cu2311C69000,cu2311C69000,2480.0,0.0,0.0,0.0,2,490.0,0.0,0,2480.0,0.0,0.0,0.0,0.0,0.0,2
2023-05-10 23:07:26,cu2311C69000,cu2311C69000,2480.0,0.0,0.0,0.0,2,492.0,0.0,0,2480.0,0.0,0.0,0.0,0.0,0.0,2
2023-05-10 23:07:28,cu2311C69000,cu2311C69000,2480.0,0.0,0.0,0.0,1,494.0,0.0,0,2480.0,0.0,0.0,0.0,0.0,0.0,2
2023-05-10 23:07:29,cu2311C69000,cu2311C69000,2480.0,0.0,0.0,0.0,2,490.0,0.0,0,2480.0,0.0,0.0,0.0,0.0,0.0,2
2023-05-10 23:07:29,cu2311C69000,cu2311C69000,2480.0,0.0,0.0,0.0,2,492.0,0.0,0,2480.0,0.0,0.0,0.0,0.0,0.0,2
2023-05-10 23:07:31,cu2311C69000,cu2311C69000,2480.0,0.0,0.0,0.0,1,506.0,0.0,0,2480.0,0.0,0.0,0.0,0.0,0.0,2
2023-05-10 23:07:32,cu2311C69000,cu2311C69000,2480.0,0.0,0.0,0.0,2,490.0,0.0,0,2480.0,0.0,0.0,0.0,0.0,0.0,2
2023-05-10 23:07:32,cu2311C69000,cu2311C69000,2480.0,0.0,0.0,0.0,2,492.0,0.0,0,2480.0,0.0,0.0,0.0,0.0,0.0,2
2023-05-10 23:07:33,cu2311C69000,cu2311C69000,2480.0,0.0,0.0,0.0,1,506.0,0.0,0,2480.0,0.0,0.0,0.0,0.0,0.0,2
2023-05-10 23:07:33,cu2311C69000,cu2311C69000,2480.0,0.0,0.0,0.0,2,492.0,0.0,0,2480.0,0.0,0.0,0.0,0.0,0.0,2
2023-05-10 23:07:34,cu2311C69000,cu2311C69000,2480.0,0.0,0.0,0.0,2,490.0,0.0,0,2480.0,0.0,0.0,0.0,0.0,0.0,2
2023-05-10 23:07:34,cu2311C69000,cu2311C69000,2480.0,0.0,0.0,0.0,2,492.0,0.0,0,2480.0,0.0,0.0,0.0,0.0,0.0,2
2023-05-10 23:07:35,cu2311C69000,cu2311C69000,2480.0,0.0,0.0,0.0,1,506.0,0.0,0,2480.0,0.0,0.0,0.0,0.0,0.0,2
2023-05-10 23:07:35,cu2311C69000,cu2311C69000,2480.0,0.0,0.0,0.0,2,490.0,0.0,0,2480.0,0.0,0.0,0.0,0.0,0.0,2
2023-05-10 23:07:36,cu2311C69000,cu2311C69000,2480.0,0.0,0.0,0.0,2,492.0,0.0,0,2480.0,0.0,0.0,0.0,0.0,0.0,2
2023-05-10 23:07:36,cu2311C69000,cu2311C69000,2480.0,0.0,0.0,0.0,1,506.0,0.0,0,2480.0,0.0,0.0,0.0,0.0,0.0,2
2023-05-10 23:07:37,cu2311C69000,cu2311C69000,2480.0,0.0,0.0,0.0,2,490.0,0.0,0,2480.0,0.0,0.0,0.0,0.0,0.0,2
2023-05-10 23:07:37,cu2311C69000,cu2311C69000,2480.0,0.0,0.0,0.0,2,492.0,0.0,0,2480.0,0.0,0.0,0.0,0.0,0.0,2
2023-05-10 23:07:38,cu2311C69000,cu2311C69000,2480.0,0.0,0.0,0.0,1,506.0,0.0,0,2480.0,0.0,0.0,0.0,0.0,0.0,2
2023-05-10 23:07:38,cu2311C69000,cu2311C69000,2480.0,0.0,0.0,0.0,2,490.0,0.0,0,2480.0,0.0,0.0,0.0,0.0,0.0,2
2023-05-10 23:07:39,cu2311C69000,cu2311C69000,2480.0,0.0,0.0,0.0,2,492.0,0.0,0,2480.0,0.0,0.0,0.0,0.0,0.0,2
2023-05-10 23:07:39,cu2311C69000,cu2311C69000,2480.0,0.0,0.0,0.0,1,518.0,0.0,0,2480.0,0.0,0.0,0.0,0.0,0.0,2
2023-05-10 23:07:40,cu2311C69000,cu2311C69000,2480.0,0.0,0.0,0.0,2,490.0,0.0,0,2480.0,0.0,0.0,0.0,0.0,0.0,2
2023-05-10 23:07:40,cu2311C69000,cu2311C69000,2480.0,0.0,0.0,0.0,2,492.0,0.0,0,2480.0,0.0,0.0,0.0,0.0,0.0,2
2023-05-10 23:07:41,cu2311C69000,cu2311C69000,2480.0,0.0,0.0,0.0,1,518.0,0.0,0,2480.0,0.0,0.0,0.0,0.0,0.0,2
2023-05-10 23:07:41,cu2311C69000,cu2311C69000,2480.0,0.0,0.0,0.0,2,490.0,0.0,0,2480.0,0.0,0.0,0.0,0.0,0.0,2
2023-05-10 23:07:42,cu2311C69000,cu2311C69000,2480.0,0.0,0.0,0.0,2,492.0,0.0,0,2480.0,0.0,0.0,0.0,0.0,0.0,2
2023-05-10 23:07:44,cu2311C69000,cu2311C69000,2480.0,0.0,0.0,0.0,1,518.0,0.0,0,2480.0,0.0,0.0,0.0,0.0,0.0,2
2023-05-10 23:07:44,cu2311C69000,cu2311C69000,2480.0,0.0,0.0,0.0,2,490.0,0.0,0,2480.0,0.0,0.0,0.0,0.0,0.0,2
2023-05-10 23:07:45,cu2311C69000,cu2311C69000,2480.0,0.0,0.0,0.0,2,492.0,0.0,0,2480.0,0.0,0.0,0.0,0.0,0.0,2
2023-05-10 23:07:47,cu2311C69000,cu2311C69000,2480.0,0.0,0.0,0.0,1,518.0,0.0,0,2480.0,0.0,0.0,0.0,0.0,0.0,2
2023-05-10 23:07:47,cu2311C69000,cu2311C69000,2480.0,0.0,0.0,0.0,2,490.0,0.0,0,2480.0,0.0,0.0,0.0,0.0,0.0,2
2023-05-10 23:07:48,cu2311C69000,cu2311C69000,2480.0,0.0,0.0,0.0,2,492.0,0.0,0,2480.0,0.0,0.0,0.0,0.0,0.0,2
2023-05-10 23:07:50,cu2311C69000,cu2311C69000,2480.0,0.0,0.0,0.0,1,518.0,0.0,0,2480.0,0.0,0.0,0.0,0.0,0.0,2
2023-05-10 23:07:50,cu2311C69000,cu2311C69000,2480.0,0.0,0.0,0.0,2,490.0,0.0,0,2480.0,0.0,0.0,0.0,0.0,0.0,2
2023-05-10 23:07:51,cu2311C69000,cu2311C69000,2480.0,0.0,0.0,0.0,2,492.0,0.0,0,2480.0,0.0,0.0,0.0,0.0,0.0,2
2023-05-10 23:07:53,cu2311C69000,cu2311C69000,2480.0,0.0,0.0,0.0,1,518.0,0.0,0,2480.0,0.0,0.0,0.0,0.0,0.0,2
2023-05-10 23:07:53,cu2311C69000,cu2311C69000,2480.0,0.0,0.0,0.0,2,490.0,0.0,0,2480.0,0.0,0.0,0.0,0.0,0.0,2
2023-05-10 23:07:54,cu2311C69000,cu2311C69000,2480.0,0.0,0.0,0.0,2,492.0,0.0,0,2480.0,0.0,0.0,0.0,0.0,0.0,2
2023-05-10 23:07:57,cu2311C69000,cu2311C69000,2480.0,0.0,0.0,0.0,1,518.0,0.0,0,2480.0,0.0,0.0,0.0,0.0,0.0,2
2023-05-10 23:07:57,cu2311C69000,cu2311C69000,2480.0,0.0,0.0,0.0,2,490.0,0.0,0,2480.0,0.0,0.0,0.0,0.0,0.0,2
2023-05-10 23:07:58,cu2311C69000,cu2311C69000,2480.0,0.0,0.0,0.0,2,492.0,0.0,0,2480.0,0.0,0.0,0.0,0.0,0.0,2
2023-05-10 23:08:00,cu2311C69000,cu2311C69000,2480.0,0.0,0.0,0.0,1,518.0,0.0,0,2480.0,0.0,0.0,0.0,0.0,0.0,2
2023-05-10 23:08:00,cu2311C69000,cu2311C69000,2480.0,0.0,0.0,0.0,2,490.0,0.0,0,2480.0,0.0,0.0,0.0,0.0,0.0,2
2023-05-10 23:08:01,cu2311C69000,cu2311C69000,2480.0,0.0,0.0,0.0,2,492.0,0.0,0,2480.0,0.0,0.0,0.0,0.0,0.0,2
2023-05-10 23:08:03,cu2311C69000,cu2311C69000,2480.0,0.0,0.0,0.0,1,518.0,0.0,0,2480.0,0.0,0.0,0.0,0.0,0.0,2
2023-05-10 23:08:04,cu2311C69000,cu2311C69000,2480.0,0.0,0.0,0.0,1,518.0,0.0,0,2480.0,0.0,0.0,0.0,0.0,0.0,2
2023-05-10 23:08:04,cu2311C69000,cu2311C69000,2480.0,0.0,0.0,0.0,2,520.0,0.0,0,2480.0,0.0,0.0,0.0,0.0,0.0,2
2023-05-10 23:08:05,cu2311C69000,cu2311C69000,2480.0,0.0,0.0,0.0,1,546.0,0.0,0,2480.0,0.0,0.0,0.0,0.0,0.0,2
2023-05-10 23:08:06,cu2311C69000,cu2311C69000,2480.0,0.0,0.0,0.0,1,546.0,0.0,0,2480.0,0.0,0.0,0.0,0.0,0.0,2
2023-05-10 23:08:06,cu2311C69000,cu2311C69000,2480.0,0.0,0.0,0.0,2,548.0,0.0,0,2480.0,0.0,0.0,0.0,0.0,0.0,2
2023-05-10 23:08:07,cu2311C69000,cu2311C69000,2480.0,0.0,0.0,0.0,1,574.0,0.0,0,2480.0,0.0,0.0,0.0,0.0,0.0,2
2023-05-10 23:08:07,cu2311C69000,cu2311C69000,2480.0,0.0,0.0,0.0,1,574.0,0.0,0,2480.0,0.0,0.0,0.0,0.0,0.0,2
2023-05-10 23:08:08,cu2311C69000,cu2311C69000,2480.0,0.0,0.0,0.0,2,576.0,0.0,0,2480.0,0.0,0.0,0.0,0.0,0.0,2
2023-05-10 23:08:08,cu2311C69000,cu2311C69000,2480.0,0.0,0.0,0.0,1,590.0,0.0,0,2480.0,0.0,0.0,0.0,0.0,0.0,2
2023-05-10 23:08:09,cu2311C69000,cu2311C69000,2480.0,0.0,0.0,0.0,1,590.0,0.0,0,2480.0,0.0,0.0,0.0,0.0,0.0,2
2023-05-10 23:08:09,cu2311C69000,cu2311C69000,2480.0,0.0,0.0,0.0,2,592.0,0.0,0,2480.0,0.0,0.0,0.0,0.0,0.0,2
2023-05-10 23:08:10,cu2311C69000,cu2311C69000,2480.0,0.0,0.0,0.0,1,594.0,0.0,0,2480.0,0.0,0.0,0.0,0.0,0.0,2
2023-05-10 23:08:10,cu2311C69000,cu2311C69000,2480.0,0.0,0.0,0.0,1,594.0,0.0,0,2480.0,0.0,0.0,0.0,0.0,0.0,2
2023-05-10 23:08:11,cu2311C69000,cu2311C69000,2480.0,0.0,0.0,0.0,2,596.0,0.0,0,2480.0,0.0,0.0,0.0,0.0,0.0,2
2023-05-10 23:08:11,cu2311C69000,cu2311C69000,2480.0,0.0,0.0,0.0,1,598.0,0.0,0,2480.0,0.0,0.0,0.0,0.0,0.0,2
2023-05-10 23:08:12,cu2311C69000,cu2311C69000,2480.0,0.0,0.0,0.0,1,598.0,0.0,0,2480.0,0.0,0.0,0.0,0.0,0.0,2
2023-05-10 23:08:12,cu2311C69000,cu2311C69000,2480.0,0.0,0.0,0.0,2,600.0,0.0,0,2480.0,0.0,0.0,0.0,0.0,0.0,2
2023-05-10 23:08:13,cu2311C69000,cu2311C69000,2480.0,0.0,0.0,0.0,1,602.0,0.0,0,2480.0,0.0,0.0,0.0,0.0,0.0,2
2023-05-10 23:08:13,cu2311C69000,cu2311C69000,2480.0,0.0,0.0,0.0,1,602.0,0.0,0,2480.0,0.0,0.0,0.0,0.0,0.0,2
2023-05-10 23:08:14,cu2311C69000,cu2311C69000,2480.0,0.0,0.0,0.0,2,604.0,0.0,0,2480.0,0.0,0.0,0.0,0.0,0.0,2
2023-05-10 23:08:14,cu2311C69000,cu2311C69000,2480.0,0.0,0.0,0.0,2,604.0,0.0,0,2480.0,0.0,0.0,0.0,0.0,0.0,2
2023-05-11 00:55:03,cu2311C69000,cu2311C69000,2480.0,0.0,0.0,0.0,2,490.0,0.0,0,2480.0,0.0,0.0,0.0,0.0,0.0,2
2023-05-11 00:59:42,cu2311C69000,cu2311C69000,2480.0,0.0,0.0,0.0,1,490.0,0.0,0,2480.0,0.0,0.0,0.0,0.0,0.0,2
2023-05-11 00:59:46,cu2311C69000,cu2311C69000,2480.0,0.0,0.0,0.0,1,12.0,0.0,0,2480.0,0.0,0.0,0.0,0.0,0.0,2
2023-05-11 00:59:46,cu2311C69000,cu2311C69000,2480.0,0.0,0.0,0.0,1,12.0,0.0,0,2480.0,0.0,0.0,0.0,0.0,0.0,2
2023-05-11 09:00:22,cu2311C69000,cu2311C69000,2480.0,0.0,0.0,0.0,1,412.0,0.0,0,2480.0,0.0,0.0,0.0,0.0,0.0,2
2023-05-11 09:00:22,cu2311C69000,cu2311C69000,2480.0,0.0,0.0,0.0,2,414.0,0.0,0,2480.0,0.0,0.0,0.0,0.0,0.0,2
2023-05-11 09:12:38,cu2311C69000,cu2311C69000,2480.0,0.0,0.0,0.0,2,414.0,0.0,0,2480.0,0.0,0.0,0.0,0.0,0.0,2
2023-05-11 09:31:50,cu2311C69000,cu2311C69000,2480.0,0.0,0.0,0.0,2,414.0,0.0,0,2480.0,0.0,0.0,0.0,0.0,0.0,2
2023-05-11 09:33:03,cu2311C69000,cu2311C69000,2480.0,0.0,0.0,0.0,2,414.0,0.0,0,2480.0,0.0,0.0,0.0,0.0,0.0,2
2023-05-11 09:36:44,cu2311C69000,cu2311C69000,2480.0,0.0,0.0,0.0,2,414.0,0.0,0,2480.0,0.0,0.0,0.0,0.0,0.0,2
2023-05-11 10:07:30,cu2311C69000,cu2311C69000,2480.0,0.0,0.0,0.0,1,412.0,0.0,0,2480.0,0.0,0.0,0.0,0.0,0.0,2
2023-05-11 10:09:37,cu2311C69000,cu2311C69000,2480.0,0.0,0.0,0.0,2,414.0,0.0,0,2480.0,0.0,0.0,0.0,0.0,0.0,2
2023-05-11 10:11:55,cu2311C69000,cu2311C69000,2480.0,0.0,0.0,0.0,1,416.0,0.0,0,2480.0,0.0,0.0,0.0,0.0,0.0,2
2023-05-11 10:11:55,cu2311C69000,cu2311C69000,2480.0,0.0,0.0,0.0,1,412.0,0.0,0,2480.0,0.0,0.0,0.0,0.0,0.0,2
2023-05-11 10:11:56,cu2311C69000,cu2311C69000,2480.0,0.0,0.0,0.0,2,414.0,0.0,0,2480.0,0.0,0.0,0.0,0.0,0.0,2
2023-05-11 10:11:58,cu2311C69000,cu2311C69000,2480.0,0.0,0.0,0.0,1,416.0,0.0,0,2480.0,0.0,0.0,0.0,0.0,0.0,2
2023-05-11 10:11:59,cu2311C69000,cu2311C69000,2480.0,0.0,0.0,0.0,1,416.0,0.0,0,2480.0,0.0,0.0,0.0,0.0,0.0,2
2023-05-11 10:11:59,cu2311C69000,cu2311C69000,2480.0,0.0,0.0,0.0,2,418.0,0.0,0,2480.0,0.0,0.0,0.0,0.0,0.0,2
2023-05-11 10:12:00,cu2311C69000,cu2311C69000,2480.0,0.0,0.0,0.0,1,420.0,0.0,0,2480.0,0.0,0.0,0.0,0.0,0.0,2
2023-05-11 10:12:00,cu2311C69000,cu2311C69000,2480.0,0.0,0.0,0.0,1,420.0,0.0,0,2480.0,0.0,0.0,0.0,0.0,0.0,2
2023-05-11 10:12:01,cu2311C69000,cu2311C69000,2480.0,0.0,0.0,0.0,2,422.0,0.0,0,2480.0,0.0,0.0,0.0,0.0,0.0,2
2023-05-11 10:12:01,cu2311C69000,cu2311C69000,2480.0,0.0,0.0,0.0,2,422.0,0.0,0,2480.0,0.0,0.0,0.0,0.0,0.0,2
2023-05-11 10:14:33,cu2311C69000,cu2311C69000,2480.0,0.0,0.0,0.0,1,412.0,0.0,0,2480.0,0.0,0.0,0.0,0.0,0.0,2
2023-05-11 10:30:06,cu2311C69000,cu2311C69000,2480.0,0.0,0.0,0.0,2,414.0,0.0,0,2480.0,0.0,0.0,0.0,0.0,0.0,2
2023-05-11 11:29:32,cu2311C69000,cu2311C69000,2480.0,0.0,0.0,0.0,1,412.0,0.0,0,2480.0,0.0,0.0,0.0,0.0,0.0,2
2023-05-11 13:30:21,cu2311C69000,cu2311C69000,2480.0,0.0,0.0,0.0,2,414.0,0.0,0,2480.0,0.0,0.0,0.0,0.0,0.0,2
2023-05-11 13:35:24,cu2311C69000,cu2311C69000,2480.0,0.0,0.0,0.0,1,2030.0,2060.0,1,2480.0,0.0,0.0,0.0,0.0,0.0,2
2023-05-11 13:35:24,cu2311C69000,cu2311C69000,2480.0,0.0,0.0,0.0,1,2030.0,2060.0,1,2480.0,0.0,0.0,0.0,0.0,0.0,2
2023-05-11 13:35:29,cu2311C69000,cu2311C69000,2480.0,0.0,0.0,0.0,1,2034.0,2060.0,1,2480.0,0.0,0.0,0.0,0.0,0.0,2
2023-05-11 13:35:29,cu2311C69000,cu2311C69000,2480.0,0.0,0.0,0.0,1,2034.0,2060.0,1,2480.0,0.0,0.0,0.0,0.0,0.0,2
2023-05-11 13:35:31,cu2311C69000,cu2311C69000,2480.0,0.0,0.0,0.0,1,2034.0,2060.0,1,2480.0,0.0,0.0,0.0,0.0,0.0,2
2023-05-11 13:35:31,cu2311C69000,cu2311C69000,2480.0,0.0,0.0,0.0,1,2036.0,2060.0,1,2480.0,0.0,0.0,0.0,0.0,0.0,2
2023-05-11 13:35:32,cu2311C69000,cu2311C69000,2480.0,0.0,0.0,0.0,1,2036.0,2060.0,1,2480.0,0.0,0.0,0.0,0.0,0.0,2
2023-05-11 13:35:34,cu2311C69000,cu2311C69000,2480.0,0.0,0.0,0.0,1,2036.0,2060.0,1,2480.0,0.0,0.0,0.0,0.0,0.0,2
2023-05-11 13:35:36,cu2311C69000,cu2311C69000,2480.0,0.0,0.0,0.0,2,2036.0,2060.0,1,2480.0,0.0,0.0,0.0,0.0,0.0,2
2023-05-11 13:35:40,cu2311C69000,cu2311C69000,2480.0,0.0,0.0,0.0,2,2036.0,2060.0,1,2480.0,0.0,0.0,0.0,0.0,0.0,2
2023-05-11 13:35:41,cu2311C69000,cu2311C69000,2480.0,0.0,0.0,0.0,2,2036.0,2060.0,1,2480.0,0.0,0.0,0.0,0.0,0.0,2
2023-05-11 13:35:42,cu2311C69000,cu2311C69000,2480.0,0.0,0.0,0.0,2,2036.0,2060.0,1,2480.0,0.0,0.0,0.0,0.0,0.0,2
2023-05-11 13:35:42,cu2311C69000,cu2311C69000,2480.0,0.0,0.0,0.0,1,2036.0,2060.0,1,2480.0,0.0,0.0,0.0,0.0,0.0,2
2023-05-11 13:35:43,cu2311C69000,cu2311C69000,2480.0,0.0,0.0,0.0,1,2036.0,2060.0,1,2480.0,0.0,0.0,0.0,0.0,0.0,2
2023-05-11 13:35:44,cu2311C69000,cu2311C69000,2480.0,0.0,0.0,0.0,1,2036.0,2060.0,1,2480.0,0.0,0.0,0.0,0.0,0.0,2
2023-05-11 13:35:45,cu2311C69000,cu2311C69000,2480.0,0.0,0.0,0.0,1,2036.0,2060.0,1,2480.0,0.0,0.0,0.0,0.0,0.0,2
2023-05-11 13:35:46,cu2311C69000,cu2311C69000,2480.0,0.0,0.0,0.0,1,412.0,0.0,0,2480.0,0.0,0.0,0.0,0.0,0.0,2
2023-05-11 13:35:47,cu2311C69000,cu2311C69000,2480.0,0.0,0.0,0.0,1,438.0,0.0,0,2480.0,0.0,0.0,0.0,0.0,0.0,2
2023-05-11 13:35:49,cu2311C69000,cu2311C69000,2480.0,0.0,0.0,0.0,1,438.0,0.0,0,2480.0,0.0,0.0,0.0,0.0,0.0,2
2023-05-11 13:35:49,cu2311C69000,cu2311C69000,2480.0,0.0,0.0,0.0,2,440.0,0.0,0,2480.0,0.0,0.0,0.0,0.0,0.0,2
2023-05-11 13:35:51,cu2311C69000,cu2311C69000,2480.0,0.0,0.0,0.0,2,440.0,0.0,0,2480.0,0.0,0.0,0.0,0.0,0.0,2
2023-05-11 13:48:38,cu2311C69000,cu2311C69000,2480.0,0.0,0.0,0.0,1,2074.0,2104.0,1,2480.0,0.0,0.0,0.0,0.0,0.0,2
2023-05-11 13:48:38,cu2311C69000,cu2311C69000,2480.0,0.0,0.0,0.0,1,2074.0,2104.0,1,2480.0,0.0,0.0,0.0,0.0,0.0,2
2023-05-11 13:48:43,cu2311C69000,cu2311C69000,2480.0,0.0,0.0,0.0,1,2074.0,2104.0,1,2480.0,0.0,0.0,0.0,0.0,0.0,2
2023-05-11 13:48:44,cu2311C69000,cu2311C69000,2480.0,0.0,0.0,0.0,1,2074.0,2104.0,1,2480.0,0.0,0.0,0.0,0.0,0.0,2
2023-05-11 13:48:45,cu2311C69000,cu2311C69000,2480.0,0.0,0.0,0.0,2,2074.0,2104.0,1,2480.0,0.0,0.0,0.0,0.0,0.0,2
2023-05-11 13:48:45,cu2311C69000,cu2311C69000,2480.0,0.0,0.0,0.0,2,2074.0,2104.0,1,2480.0,0.0,0.0,0.0,0.0,0.0,2
2023-05-11 13:48:46,cu2311C69000,cu2311C69000,2480.0,0.0,0.0,0.0,2,2074.0,2104.0,1,2480.0,0.0,0.0,0.0,0.0,0.0,2
2023-05-11 13:48:48,cu2311C69000,cu2311C69000,2480.0,0.0,0.0,0.0,2,2074.0,2104.0,2,2480.0,0.0,0.0,0.0,0.0,0.0,2
2023-05-11 13:48:50,cu2311C69000,cu2311C69000,2480.0,0.0,0.0,0.0,2,2074.0,2104.0,2,2480.0,0.0,0.0,0.0,0.0,0.0,2
2023-05-11 13:48:56,cu2311C69000,cu2311C69000,2480.0,0.0,0.0,0.0,1,2074.0,2104.0,2,2480.0,0.0,0.0,0.0,0.0,0.0,2
2023-05-11 13:48:56,cu2311C69000,cu2311C69000,2480.0,0.0,0.0,0.0,1,2074.0,2104.0,2,2480.0,0.0,0.0,0.0,0.0,0.0,2
2023-05-11 13:48:57,cu2311C69000,cu2311C69000,2480.0,0.0,0.0,0.0,1,2074.0,2104.0,2,2480.0,0.0,0.0,0.0,0.0,0.0,2
2023-05-11 13:48:58,cu2311C69000,cu2311C69000,2480.0,0.0,0.0,0.0,1,2074.0,2104.0,2,2480.0,0.0,0.0,0.0,0.0,0.0,2
2023-05-11 13:48:59,cu2311C69000,cu2311C69000,2480.0,0.0,0.0,0.0,1,2074.0,2104.0,1,2480.0,0.0,0.0,0.0,0.0,0.0,2
2023-05-11 13:49:00,cu2311C69000,cu2311C69000,2480.0,0.0,0.0,0.0,1,412.0,0.0,0,2480.0,0.0,0.0,0.0,0.0,0.0,2
2023-05-11 13:49:01,cu2311C69000,cu2311C69000,2480.0,0.0,0.0,0.0,2,414.0,0.0,0,2480.0,0.0,0.0,0.0,0.0,0.0,2
2023-05-11 13:49:52,cu2311C69000,cu2311C69000,2480.0,0.0,0.0,0.0,1,2072.0,2102.0,1,2480.0,0.0,0.0,0.0,0.0,0.0,2
2023-05-11 13:49:53,cu2311C69000,cu2311C69000,2480.0,0.0,0.0,0.0,1,2072.0,2102.0,1,2480.0,0.0,0.0,0.0,0.0,0.0,2
2023-05-11 13:49:58,cu2311C69000,cu2311C69000,2480.0,0.0,0.0,0.0,1,2072.0,2102.0,1,2480.0,0.0,0.0,0.0,0.0,0.0,2
2023-05-11 13:49:58,cu2311C69000,cu2311C69000,2480.0,0.0,0.0,0.0,1,2072.0,2102.0,1,2480.0,0.0,0.0,0.0,0.0,0.0,2
2023-05-11 13:49:59,cu2311C69000,cu2311C69000,2480.0,0.0,0.0,0.0,1,2072.0,2102.0,1,2480.0,0.0,0.0,0.0,0.0,0.0,2
2023-05-11 13:50:00,cu2311C69000,cu2311C69000,2480.0,0.0,0.0,0.0,2,2072.0,2102.0,2,2480.0,0.0,0.0,0.0,0.0,0.0,2
2023-05-11 13:50:00,cu2311C69000,cu2311C69000,2480.0,0.0,0.0,0.0,2,2072.0,2102.0,2,2480.0,0.0,0.0,0.0,0.0,0.0,2
2023-05-11 13:50:02,cu2311C69000,cu2311C69000,2480.0,0.0,0.0,0.0,2,2072.0,2102.0,3,2480.0,0.0,0.0,0.0,0.0,0.0,2
2023-05-11 13:50:03,cu2311C69000,cu2311C69000,2480.0,0.0,0.0,0.0,2,2072.0,2102.0,3,2480.0,0.0,0.0,0.0,0.0,0.0,2
2023-05-11 13:50:04,cu2311C69000,cu2311C69000,2480.0,0.0,0.0,0.0,2,2072.0,2102.0,3,2480.0,0.0,0.0,0.0,0.0,0.0,2
2023-05-11 13:50:06,cu2311C69000,cu2311C69000,2480.0,0.0,0.0,0.0,2,2072.0,2102.0,3,2480.0,0.0,0.0,0.0,0.0,0.0,2
2023-05-11 13:50:10,cu2311C69000,cu2311C69000,2480.0,0.0,0.0,0.0,1,2072.0,2102.0,2,2480.0,0.0,0.0,0.0,0.0,0.0,2
2023-05-11 13:50:10,cu2311C69000,cu2311C69000,2480.0,0.0,0.0,0.0,1,2072.0,2102.0,2,2480.0,0.0,0.0,0.0,0.0,0.0,2
2023-05-11 13:50:11,cu2311C69000,cu2311C69000,2480.0,0.0,0.0,0.0,1,2072.0,2102.0,2,2480.0,0.0,0.0,0.0,0.0,0.0,2
2023-05-11 13:50:13,cu2311C69000,cu2311C69000,2480.0,0.0,0.0,0.0,1,2072.0,2102.0,2,2480.0,0.0,0.0,0.0,0.0,0.0,2
2023-05-11 13:50:13,cu2311C69000,cu2311C69000,2480.0,0.0,0.0,0.0,1,2072.0,2102.0,1,2480.0,0.0,0.0,0.0,0.0,0.0,2
2023-05-11 13:50:14,cu2311C69000,cu2311C69000,2480.0,0.0,0.0,0.0,1,2072.0,2102.0,1,2480.0,0.0,0.0,0.0,0.0,0.0,2
2023-05-11 13:50:15,cu2311C69000,cu2311C69000,2480.0,0.0,0.0,0.0,1,2064.0,2118.0,1,2480.0,0.0,0.0,0.0,0.0,0.0,2
2023-05-11 13:50:17,cu2311C69000,cu2311C69000,2480.0,0.0,0.0,0.0,1,412.0,0.0,0,2480.0,0.0,0.0,0.0,0.0,0.0,2
2023-05-11 13:50:18,cu2311C69000,cu2311C69000,2480.0,0.0,0.0,0.0,2,414.0,0.0,0,2480.0,0.0,0.0,0.0,0.0,0.0,2
2023-05-11 14:03:38,cu2311C69000,cu2311C69000,2480.0,0.0,0.0,0.0,1,2016.0,2046.0,1,2480.0,0.0,0.0,0.0,0.0,0.0,2
2023-05-11 14:03:38,cu2311C69000,cu2311C69000,2480.0,0.0,0.0,0.0,1,2016.0,2046.0,1,2480.0,0.0,0.0,0.0,0.0,0.0,2
2023-05-11 14:03:43,cu2311C69000,cu2311C69000,2480.0,0.0,0.0,0.0,1,2016.0,2046.0,1,2480.0,0.0,0.0,0.0,0.0,0.0,2
2023-05-11 14:03:44,cu2311C69000,cu2311C69000,2480.0,0.0,0.0,0.0,2,2016.0,2046.0,1,2480.0,0.0,0.0,0.0,0.0,0.0,2
2023-05-11 14:03:45,cu2311C69000,cu2311C69000,2480.0,0.0,0.0,0.0,2,2016.0,2046.0,1,2480.0,0.0,0.0,0.0,0.0,0.0,2
2023-05-11 14:03:45,cu2311C69000,cu2311C69000,2480.0,0.0,0.0,0.0,2,2016.0,2046.0,1,2480.0,0.0,0.0,0.0,0.0,0.0,2
2023-05-11 14:03:46,cu2311C69000,cu2311C69000,2480.0,0.0,0.0,0.0,2,2016.0,2046.0,1,2480.0,0.0,0.0,0.0,0.0,0.0,2
2023-05-11 14:03:48,cu2311C69000,cu2311C69000,2480.0,0.0,0.0,0.0,2,2016.0,2046.0,2,2480.0,0.0,0.0,0.0,0.0,0.0,2
2023-05-11 14:03:48,cu2311C69000,cu2311C69000,2480.0,0.0,0.0,0.0,2,2016.0,2046.0,2,2480.0,0.0,0.0,0.0,0.0,0.0,2
2023-05-11 14:03:50,cu2311C69000,cu2311C69000,2480.0,0.0,0.0,0.0,1,2016.0,2046.0,2,2480.0,0.0,0.0,0.0,0.0,0.0,2
2023-05-11 14:03:50,cu2311C69000,cu2311C69000,2480.0,0.0,0.0,0.0,1,2016.0,2046.0,2,2480.0,0.0,0.0,0.0,0.0,0.0,2
2023-05-11 14:03:54,cu2311C69000,cu2311C69000,2480.0,0.0,0.0,0.0,2,2014.0,2046.0,2,2480.0,0.0,0.0,0.0,0.0,0.0,2
2023-05-11 14:03:56,cu2311C69000,cu2311C69000,2480.0,0.0,0.0,0.0,2,2014.0,2046.0,2,2480.0,0.0,0.0,0.0,0.0,0.0,2
2023-05-11 14:03:56,cu2311C69000,cu2311C69000,2480.0,0.0,0.0,0.0,2,2014.0,2046.0,2,2480.0,0.0,0.0,0.0,0.0,0.0,2
2023-05-11 14:03:57,cu2311C69000,cu2311C69000,2480.0,0.0,0.0,0.0,1,2014.0,2046.0,2,2480.0,0.0,0.0,0.0,0.0,0.0,2
2023-05-11 14:03:58,cu2311C69000,cu2311C69000,2480.0,0.0,0.0,0.0,1,2014.0,2046.0,2,2480.0,0.0,0.0,0.0,0.0,0.0,2
2023-05-11 14:03:59,cu2311C69000,cu2311C69000,2480.0,0.0,0.0,0.0,1,2002.0,2046.0,1,2480.0,0.0,0.0,0.0,0.0,0.0,2
2023-05-11 14:03:59,cu2311C69000,cu2311C69000,2480.0,0.0,0.0,0.0,1,2000.0,2046.0,1,2480.0,0.0,0.0,0.0,0.0,0.0,2
2023-05-11 14:04:00,cu2311C69000,cu2311C69000,2480.0,0.0,0.0,0.0,1,412.0,0.0,0,2480.0,0.0,0.0,0.0,0.0,0.0,2
2023-05-11 14:04:01,cu2311C69000,cu2311C69000,2480.0,0.0,0.0,0.0,2,414.0,0.0,0,2480.0,0.0,0.0,0.0,0.0,0.0,2
2023-05-11 14:16:24,cu2311C69000,cu2311C69000,2480.0,0.0,0.0,0.0,1,2014.0,2044.0,1,2480.0,0.0,0.0,0.0,0.0,0.0,2
2023-05-11 14:16:25,cu2311C69000,cu2311C69000,2480.0,0.0,0.0,0.0,1,2014.0,2044.0,1,2480.0,0.0,0.0,0.0,0.0,0.0,2
2023-05-11 14:16:26,cu2311C69000,cu2311C69000,2480.0,0.0,0.0,0.0,1,2022.0,2044.0,1,2480.0,0.0,0.0,0.0,0.0,0.0,2
2023-05-11 14:16:26,cu2311C69000,cu2311C69000,2480.0,0.0,0.0,0.0,1,2022.0,2044.0,1,2480.0,0.0,0.0,0.0,0.0,0.0,2
2023-05-11 14:16:30,cu2311C69000,cu2311C69000,2480.0,0.0,0.0,0.0,2,2022.0,2044.0,1,2480.0,0.0,0.0,0.0,0.0,0.0,2
2023-05-11 14:16:30,cu2311C69000,cu2311C69000,2480.0,0.0,0.0,0.0,2,2022.0,2044.0,1,2480.0,0.0,0.0,0.0,0.0,0.0,2
2023-05-11 14:16:31,cu2311C69000,cu2311C69000,2480.0,0.0,0.0,0.0,3,2022.0,2044.0,1,2480.0,0.0,0.0,0.0,0.0,0.0,2
2023-05-11 14:16:31,cu2311C69000,cu2311C69000,2480.0,0.0,0.0,0.0,3,2022.0,2044.0,1,2480.0,0.0,0.0,0.0,0.0,0.0,2
2023-05-11 14:16:32,cu2311C69000,cu2311C69000,2480.0,0.0,0.0,0.0,3,2022.0,2044.0,1,2480.0,0.0,0.0,0.0,0.0,0.0,2
2023-05-11 14:16:34,cu2311C69000,cu2311C69000,2480.0,0.0,0.0,0.0,4,2022.0,2044.0,1,2480.0,0.0,0.0,0.0,0.0,0.0,2
2023-05-11 14:16:36,cu2311C69000,cu2311C69000,2480.0,0.0,0.0,0.0,5,2022.0,2044.0,2,2480.0,0.0,0.0,0.0,0.0,0.0,2
2023-05-11 14:16:36,cu2311C69000,cu2311C69000,2480.0,0.0,0.0,0.0,5,2022.0,2044.0,1,2480.0,0.0,0.0,0.0,0.0,0.0,2
2023-05-11 14:16:37,cu2311C69000,cu2311C69000,2480.0,0.0,0.0,0.0,4,2022.0,2044.0,1,2480.0,0.0,0.0,0.0,0.0,0.0,2
2023-05-11 14:16:38,cu2311C69000,cu2311C69000,2480.0,0.0,0.0,0.0,4,2022.0,2044.0,1,2480.0,0.0,0.0,0.0,0.0,0.0,2
2023-05-11 14:16:41,cu2311C69000,cu2311C69000,2480.0,0.0,0.0,0.0,3,2022.0,2044.0,1,2480.0,0.0,0.0,0.0,0.0,0.0,2
2023-05-11 14:16:41,cu2311C69000,cu2311C69000,2480.0,0.0,0.0,0.0,3,2022.0,2044.0,1,2480.0,0.0,0.0,0.0,0.0,0.0,2
2023-05-11 14:16:42,cu2311C69000,cu2311C69000,2480.0,0.0,0.0,0.0,3,2022.0,2044.0,1,2480.0,0.0,0.0,0.0,0.0,0.0,2
2023-05-11 14:16:43,cu2311C69000,cu2311C69000,2480.0,0.0,0.0,0.0,3,2022.0,2044.0,1,2480.0,0.0,0.0,0.0,0.0,0.0,2
2023-05-11 14:16:43,cu2311C69000,cu2311C69000,2480.0,0.0,0.0,0.0,3,2022.0,2044.0,1,2480.0,0.0,0.0,0.0,0.0,0.0,2
2023-05-11 14:16:45,cu2311C69000,cu2311C69000,2480.0,0.0,0.0,0.0,2,2022.0,2044.0,1,2480.0,0.0,0.0,0.0,0.0,0.0,2
2023-05-11 14:16:45,cu2311C69000,cu2311C69000,2480.0,0.0,0.0,0.0,1,2022.0,2044.0,1,2480.0,0.0,0.0,0.0,0.0,0.0,2
2023-05-11 14:16:46,cu2311C69000,cu2311C69000,2480.0,0.0,0.0,0.0,1,412.0,0.0,0,2480.0,0.0,0.0,0.0,0.0,0.0,2
2023-05-11 14:16:47,cu2311C69000,cu2311C69000,2480.0,0.0,0.0,0.0,2,414.0,0.0,0,2480.0,0.0,0.0,0.0,0.0,0.0,2
2023-05-11 14:35:47,cu2311C69000,cu2311C69000,2480.0,0.0,0.0,0.0,1,412.0,0.0,0,2480.0,0.0,0.0,0.0,0.0,0.0,2
2023-05-11 14:44:22,cu2311C69000,cu2311C69000,2480.0,0.0,0.0,0.0,1,1748.0,1826.0,1,2480.0,0.0,0.0,0.0,0.0,0.0,2
2023-05-11 14:44:23,cu2311C69000,cu2311C69000,2480.0,0.0,0.0,0.0,2,1748.0,1826.0,2,2480.0,0.0,0.0,0.0,0.0,0.0,2
2023-05-11 14:44:25,cu2311C69000,cu2311C69000,2480.0,0.0,0.0,0.0,2,1748.0,1826.0,2,2480.0,0.0,0.0,0.0,0.0,0.0,2
2023-05-11 14:44:25,cu2311C69000,cu2311C69000,2480.0,0.0,0.0,0.0,3,1748.0,1826.0,3,2480.0,0.0,0.0,0.0,0.0,0.0,2
2023-05-11 14:44:27,cu2311C69000,cu2311C69000,2480.0,0.0,0.0,0.0,3,1748.0,1826.0,3,2480.0,0.0,0.0,0.0,0.0,0.0,2
2023-05-11 14:44:28,cu2311C69000,cu2311C69000,2480.0,0.0,0.0,0.0,4,1748.0,1826.0,3,2480.0,0.0,0.0,0.0,0.0,0.0,2
2023-05-11 14:44:28,cu2311C69000,cu2311C69000,2480.0,0.0,0.0,0.0,1,1792.0,1826.0,3,2480.0,0.0,0.0,0.0,0.0,0.0,2
2023-05-11 14:44:34,cu2311C69000,cu2311C69000,2480.0,0.0,0.0,0.0,1,1792.0,1826.0,2,2480.0,0.0,0.0,0.0,0.0,0.0,2
2023-05-11 14:44:35,cu2311C69000,cu2311C69000,2480.0,0.0,0.0,0.0,1,1792.0,1826.0,1,2480.0,0.0,0.0,0.0,0.0,0.0,2
2023-05-11 14:44:36,cu2311C69000,cu2311C69000,2480.0,0.0,0.0,0.0,1,1792.0,1828.0,1,2480.0,0.0,0.0,0.0,0.0,0.0,2
2023-05-11 14:44:38,cu2311C69000,cu2311C69000,2480.0,0.0,0.0,0.0,1,1792.0,1842.0,1,2480.0,0.0,0.0,0.0,0.0,0.0,2
2023-05-11 14:44:39,cu2311C69000,cu2311C69000,2480.0,0.0,0.0,0.0,1,1748.0,1910.0,1,2480.0,0.0,0.0,0.0,0.0,0.0,2
2023-05-11 14:44:43,cu2311C69000,cu2311C69000,2480.0,0.0,0.0,0.0,1,412.0,0.0,0,2480.0,0.0,0.0,0.0,0.0,0.0,2
2023-05-11 14:46:58,cu2311C69000,cu2311C69000,2480.0,0.0,0.0,0.0,2,414.0,0.0,0,2480.0,0.0,0.0,0.0,0.0,0.0,2
2023-05-11 14:52:15,cu2311C69000,cu2311C69000,2480.0,0.0,0.0,0.0,1,412.0,0.0,0,2480.0,0.0,0.0,0.0,0.0,0.0,2
2023-05-11 15:18:18,cu2311C69000,cu2311C69000,2480.0,0.0,0.0,0.0,1,412.0,0.0,0,2480.0,0.0,0.0,0.0,0.0,0.0,2
