time,symbol_id,symbol_name,last,trade_volume,trade_amount,open_interest_change,bv1,bp1,ap1,av1,yesterday_close,today_open,today_high,today_low,volume,amount,open_interest
2023-05-11 13:35:29,cu2311P76000,cu2311P76000,9800.0,0.0,0.0,0.0,1,10108.0,10228.0,1,9800.0,0.0,0.0,0.0,0.0,0.0,2
2023-05-11 13:35:30,cu2311P76000,cu2311P76000,9800.0,0.0,0.0,0.0,1,10134.0,10228.0,1,9800.0,0.0,0.0,0.0,0.0,0.0,2
2023-05-11 13:35:35,cu2311P76000,cu2311P76000,9800.0,0.0,0.0,0.0,2,10134.0,10228.0,1,9800.0,0.0,0.0,0.0,0.0,0.0,2
2023-05-11 13:35:35,cu2311P76000,cu2311P76000,9800.0,0.0,0.0,0.0,2,10134.0,10228.0,1,9800.0,0.0,0.0,0.0,0.0,0.0,2
2023-05-11 13:35:36,cu2311P76000,cu2311P76000,9800.0,0.0,0.0,0.0,2,10134.0,10228.0,1,9800.0,0.0,0.0,0.0,0.0,0.0,2
2023-05-11 13:35:36,cu2311P76000,cu2311P76000,9800.0,0.0,0.0,0.0,1,10144.0,10228.0,1,9800.0,0.0,0.0,0.0,0.0,0.0,2
2023-05-11 13:35:37,cu2311P76000,cu2311P76000,9800.0,0.0,0.0,0.0,1,10144.0,10228.0,1,9800.0,0.0,0.0,0.0,0.0,0.0,2
2023-05-11 13:35:39,cu2311P76000,cu2311P76000,9800.0,0.0,0.0,0.0,1,10144.0,10228.0,1,9800.0,0.0,0.0,0.0,0.0,0.0,2
2023-05-11 13:35:41,cu2311P76000,cu2311P76000,9800.0,0.0,0.0,0.0,1,10144.0,10230.0,3,9800.0,0.0,0.0,0.0,0.0,0.0,2
2023-05-11 13:35:47,cu2311P76000,cu2311P76000,9800.0,0.0,0.0,0.0,1,10144.0,10230.0,3,9800.0,0.0,0.0,0.0,0.0,0.0,2
2023-05-11 13:35:47,cu2311P76000,cu2311P76000,9800.0,0.0,0.0,0.0,1,10142.0,10230.0,3,9800.0,0.0,0.0,0.0,0.0,0.0,2
2023-05-11 13:35:48,cu2311P76000,cu2311P76000,9800.0,0.0,0.0,0.0,1,10142.0,10230.0,1,9800.0,0.0,0.0,0.0,0.0,0.0,2
2023-05-11 13:35:50,cu2311P76000,cu2311P76000,9800.0,0.0,0.0,0.0,1,10142.0,10230.0,1,9800.0,0.0,0.0,0.0,0.0,0.0,2
2023-05-11 13:35:50,cu2311P76000,cu2311P76000,9800.0,0.0,0.0,0.0,1,10066.0,10302.0,1,9800.0,0.0,0.0,0.0,0.0,0.0,2
2023-05-11 13:35:51,cu2311P76000,cu2311P76000,9800.0,0.0,0.0,0.0,0,0.0,0.0,0,9800.0,0.0,0.0,0.0,0.0,0.0,2
2023-05-11 13:48:43,cu2311P76000,cu2311P76000,9800.0,0.0,0.0,0.0,1,10038.0,10158.0,1,9800.0,0.0,0.0,0.0,0.0,0.0,2
2023-05-11 13:48:43,cu2311P76000,cu2311P76000,9800.0,0.0,0.0,0.0,1,10038.0,10158.0,1,9800.0,0.0,0.0,0.0,0.0,0.0,2
2023-05-11 13:48:45,cu2311P76000,cu2311P76000,9800.0,0.0,0.0,0.0,1,10064.0,10158.0,1,9800.0,0.0,0.0,0.0,0.0,0.0,2
2023-05-11 13:48:45,cu2311P76000,cu2311P76000,9800.0,0.0,0.0,0.0,1,10064.0,10158.0,1,9800.0,0.0,0.0,0.0,0.0,0.0,2
2023-05-11 13:48:48,cu2311P76000,cu2311P76000,9800.0,0.0,0.0,0.0,2,10064.0,10158.0,2,9800.0,0.0,0.0,0.0,0.0,0.0,2
2023-05-11 13:48:50,cu2311P76000,cu2311P76000,9800.0,0.0,0.0,0.0,2,10064.0,10158.0,2,9800.0,0.0,0.0,0.0,0.0,0.0,2
2023-05-11 13:48:50,cu2311P76000,cu2311P76000,9800.0,0.0,0.0,0.0,1,10086.0,10158.0,2,9800.0,0.0,0.0,0.0,0.0,0.0,2
2023-05-11 13:48:51,cu2311P76000,cu2311P76000,9800.0,0.0,0.0,0.0,1,10086.0,10158.0,2,9800.0,0.0,0.0,0.0,0.0,0.0,2
2023-05-11 13:48:53,cu2311P76000,cu2311P76000,9800.0,0.0,0.0,0.0,1,10086.0,10158.0,2,9800.0,0.0,0.0,0.0,0.0,0.0,2
2023-05-11 13:48:55,cu2311P76000,cu2311P76000,9800.0,0.0,0.0,0.0,1,10086.0,10158.0,1,9800.0,0.0,0.0,0.0,0.0,0.0,2
2023-05-11 13:48:56,cu2311P76000,cu2311P76000,9800.0,0.0,0.0,0.0,1,10086.0,10158.0,1,9800.0,0.0,0.0,0.0,0.0,0.0,2
2023-05-11 13:49:01,cu2311P76000,cu2311P76000,9800.0,0.0,0.0,0.0,1,10086.0,10158.0,1,9800.0,0.0,0.0,0.0,0.0,0.0,2
2023-05-11 13:49:01,cu2311P76000,cu2311P76000,9800.0,0.0,0.0,0.0,1,10084.0,10158.0,1,9800.0,0.0,0.0,0.0,0.0,0.0,2
2023-05-11 13:49:02,cu2311P76000,cu2311P76000,9800.0,0.0,0.0,0.0,1,10084.0,10158.0,1,9800.0,0.0,0.0,0.0,0.0,0.0,2
2023-05-11 13:49:02,cu2311P76000,cu2311P76000,9800.0,0.0,0.0,0.0,1,10084.0,10158.0,1,9800.0,0.0,0.0,0.0,0.0,0.0,2
2023-05-11 13:49:03,cu2311P76000,cu2311P76000,9800.0,0.0,0.0,0.0,1,10084.0,10160.0,1,9800.0,0.0,0.0,0.0,0.0,0.0,2
2023-05-11 13:49:04,cu2311P76000,cu2311P76000,9800.0,0.0,0.0,0.0,0,0.0,0.0,0,9800.0,0.0,0.0,0.0,0.0,0.0,2
2023-05-11 14:03:43,cu2311P76000,cu2311P76000,9800.0,0.0,0.0,0.0,1,10168.0,10290.0,1,9800.0,0.0,0.0,0.0,0.0,0.0,2
2023-05-11 14:03:43,cu2311P76000,cu2311P76000,9800.0,0.0,0.0,0.0,1,10168.0,10290.0,1,9800.0,0.0,0.0,0.0,0.0,0.0,2
2023-05-11 14:03:48,cu2311P76000,cu2311P76000,9800.0,0.0,0.0,0.0,2,10168.0,10290.0,2,9800.0,0.0,0.0,0.0,0.0,0.0,2
2023-05-11 14:03:49,cu2311P76000,cu2311P76000,9800.0,0.0,0.0,0.0,2,10168.0,10290.0,2,9800.0,0.0,0.0,0.0,0.0,0.0,2
2023-05-11 14:03:50,cu2311P76000,cu2311P76000,9800.0,0.0,0.0,0.0,2,10168.0,10290.0,2,9800.0,0.0,0.0,0.0,0.0,0.0,2
2023-05-11 14:03:50,cu2311P76000,cu2311P76000,9800.0,0.0,0.0,0.0,1,10208.0,10290.0,2,9800.0,0.0,0.0,0.0,0.0,0.0,2
2023-05-11 14:03:51,cu2311P76000,cu2311P76000,9800.0,0.0,0.0,0.0,1,10208.0,10290.0,2,9800.0,0.0,0.0,0.0,0.0,0.0,2
2023-05-11 14:03:52,cu2311P76000,cu2311P76000,9800.0,0.0,0.0,0.0,1,10208.0,10290.0,2,9800.0,0.0,0.0,0.0,0.0,0.0,2
2023-05-11 14:03:53,cu2311P76000,cu2311P76000,9800.0,0.0,0.0,0.0,1,10208.0,10290.0,2,9800.0,0.0,0.0,0.0,0.0,0.0,2
2023-05-11 14:03:55,cu2311P76000,cu2311P76000,9800.0,0.0,0.0,0.0,1,10208.0,10290.0,1,9800.0,0.0,0.0,0.0,0.0,0.0,2
2023-05-11 14:04:01,cu2311P76000,cu2311P76000,9800.0,0.0,0.0,0.0,1,10208.0,10292.0,3,9800.0,0.0,0.0,0.0,0.0,0.0,2
2023-05-11 14:04:01,cu2311P76000,cu2311P76000,9800.0,0.0,0.0,0.0,1,10206.0,10292.0,3,9800.0,0.0,0.0,0.0,0.0,0.0,2
2023-05-11 14:04:02,cu2311P76000,cu2311P76000,9800.0,0.0,0.0,0.0,1,10206.0,10292.0,1,9800.0,0.0,0.0,0.0,0.0,0.0,2
2023-05-11 14:04:02,cu2311P76000,cu2311P76000,9800.0,0.0,0.0,0.0,1,10206.0,10292.0,1,9800.0,0.0,0.0,0.0,0.0,0.0,2
2023-05-11 14:04:03,cu2311P76000,cu2311P76000,9800.0,0.0,0.0,0.0,1,10206.0,10292.0,1,9800.0,0.0,0.0,0.0,0.0,0.0,2
2023-05-11 14:04:04,cu2311P76000,cu2311P76000,9800.0,0.0,0.0,0.0,1,10120.0,10358.0,1,9800.0,0.0,0.0,0.0,0.0,0.0,2
2023-05-11 14:04:04,cu2311P76000,cu2311P76000,9800.0,0.0,0.0,0.0,0,0.0,0.0,0,9800.0,0.0,0.0,0.0,0.0,0.0,2
2023-05-11 14:16:29,cu2311P76000,cu2311P76000,9800.0,0.0,0.0,0.0,1,10168.0,10290.0,1,9800.0,0.0,0.0,0.0,0.0,0.0,2
2023-05-11 14:16:30,cu2311P76000,cu2311P76000,9800.0,0.0,0.0,0.0,1,10168.0,10290.0,1,9800.0,0.0,0.0,0.0,0.0,0.0,2
2023-05-11 14:16:35,cu2311P76000,cu2311P76000,9800.0,0.0,0.0,0.0,2,10168.0,10290.0,2,9800.0,0.0,0.0,0.0,0.0,0.0,2
2023-05-11 14:16:35,cu2311P76000,cu2311P76000,9800.0,0.0,0.0,0.0,1,10208.0,10290.0,2,9800.0,0.0,0.0,0.0,0.0,0.0,2
2023-05-11 14:16:36,cu2311P76000,cu2311P76000,9800.0,0.0,0.0,0.0,1,10208.0,10290.0,2,9800.0,0.0,0.0,0.0,0.0,0.0,2
2023-05-11 14:16:36,cu2311P76000,cu2311P76000,9800.0,0.0,0.0,0.0,1,10208.0,10290.0,3,9800.0,0.0,0.0,0.0,0.0,0.0,2
2023-05-11 14:16:37,cu2311P76000,cu2311P76000,9800.0,0.0,0.0,0.0,1,10208.0,10290.0,3,9800.0,0.0,0.0,0.0,0.0,0.0,2
2023-05-11 14:16:39,cu2311P76000,cu2311P76000,9800.0,0.0,0.0,0.0,1,10208.0,10290.0,4,9800.0,0.0,0.0,0.0,0.0,0.0,2
2023-05-11 14:16:41,cu2311P76000,cu2311P76000,9800.0,0.0,0.0,0.0,1,10208.0,10290.0,3,9800.0,0.0,0.0,0.0,0.0,0.0,2
2023-05-11 14:16:46,cu2311P76000,cu2311P76000,9800.0,0.0,0.0,0.0,2,10206.0,10290.0,3,9800.0,0.0,0.0,0.0,0.0,0.0,2
2023-05-11 14:16:47,cu2311P76000,cu2311P76000,9800.0,0.0,0.0,0.0,2,10206.0,10290.0,3,9800.0,0.0,0.0,0.0,0.0,0.0,2
2023-05-11 14:16:47,cu2311P76000,cu2311P76000,9800.0,0.0,0.0,0.0,2,10206.0,10290.0,2,9800.0,0.0,0.0,0.0,0.0,0.0,2
2023-05-11 14:16:48,cu2311P76000,cu2311P76000,9800.0,0.0,0.0,0.0,1,10206.0,10290.0,2,9800.0,0.0,0.0,0.0,0.0,0.0,2
2023-05-11 14:16:50,cu2311P76000,cu2311P76000,9800.0,0.0,0.0,0.0,1,10206.0,10290.0,1,9800.0,0.0,0.0,0.0,0.0,0.0,2
2023-05-11 14:16:50,cu2311P76000,cu2311P76000,9800.0,0.0,0.0,0.0,0,0.0,0.0,0,9800.0,0.0,0.0,0.0,0.0,0.0,2
2023-05-11 14:44:28,cu2311P76000,cu2311P76000,9800.0,0.0,0.0,0.0,1,10794.0,10894.0,1,9800.0,0.0,0.0,0.0,0.0,0.0,2
2023-05-11 14:44:29,cu2311P76000,cu2311P76000,9800.0,0.0,0.0,0.0,1,10794.0,10894.0,1,9800.0,0.0,0.0,0.0,0.0,0.0,2
2023-05-11 14:44:31,cu2311P76000,cu2311P76000,9800.0,0.0,0.0,0.0,1,10794.0,10894.0,1,9800.0,0.0,0.0,0.0,0.0,0.0,2
2023-05-11 14:44:31,cu2311P76000,cu2311P76000,9800.0,0.0,0.0,0.0,1,10794.0,10894.0,1,9800.0,0.0,0.0,0.0,0.0,0.0,2
2023-05-11 14:44:33,cu2311P76000,cu2311P76000,9800.0,0.0,0.0,0.0,1,10794.0,10894.0,1,9800.0,0.0,0.0,0.0,0.0,0.0,2
2023-05-11 14:44:34,cu2311P76000,cu2311P76000,9800.0,0.0,0.0,0.0,2,10794.0,10894.0,1,9800.0,0.0,0.0,0.0,0.0,0.0,2
2023-05-11 14:44:39,cu2311P76000,cu2311P76000,9800.0,0.0,0.0,0.0,1,10794.0,10896.0,3,9800.0,0.0,0.0,0.0,0.0,0.0,2
2023-05-11 14:44:40,cu2311P76000,cu2311P76000,9800.0,0.0,0.0,0.0,1,10794.0,10896.0,2,9800.0,0.0,0.0,0.0,0.0,0.0,2
2023-05-11 14:44:40,cu2311P76000,cu2311P76000,9800.0,0.0,0.0,0.0,1,10794.0,10896.0,1,9800.0,0.0,0.0,0.0,0.0,0.0,2
2023-05-11 14:44:42,cu2311P76000,cu2311P76000,9800.0,0.0,0.0,0.0,1,10794.0,10896.0,1,9800.0,0.0,0.0,0.0,0.0,0.0,2
2023-05-11 14:44:42,cu2311P76000,cu2311P76000,9800.0,0.0,0.0,0.0,1,10794.0,10912.0,1,9800.0,0.0,0.0,0.0,0.0,0.0,2
2023-05-11 14:44:43,cu2311P76000,cu2311P76000,9800.0,0.0,0.0,0.0,1,10718.0,10970.0,1,9800.0,0.0,0.0,0.0,0.0,0.0,2
2023-05-11 14:44:44,cu2311P76000,cu2311P76000,9800.0,0.0,0.0,0.0,0,0.0,0.0,0,9800.0,0.0,0.0,0.0,0.0,0.0,2
2023-05-11 15:18:18,cu2311P76000,cu2311P76000,9800.0,0.0,0.0,0.0,0,0.0,0.0,0,9800.0,0.0,0.0,0.0,0.0,0.0,2
