time,symbol_id,symbol_name,last,trade_volume,trade_amount,open_interest_change,bv1,bp1,ap1,av1,yesterday_close,today_open,today_high,today_low,volume,amount,open_interest
2023-05-10 21:00:14,cu2312P68000,cu2312P68000,4708.0,0.0,0.0,0.0,1,28.0,0.0,0,4708.0,0.0,0.0,0.0,0.0,0.0,0
2023-05-10 21:00:32,cu2312P68000,cu2312P68000,4708.0,0.0,0.0,0.0,1,1000.0,0.0,0,4708.0,0.0,0.0,0.0,0.0,0.0,0
2023-05-10 21:01:39,cu2312P68000,cu2312P68000,4708.0,0.0,0.0,0.0,2,1000.0,0.0,0,4708.0,0.0,0.0,0.0,0.0,0.0,0
2023-05-10 21:41:13,cu2312P68000,cu2312P68000,4708.0,0.0,0.0,0.0,1,1002.0,0.0,0,4708.0,0.0,0.0,0.0,0.0,0.0,0
2023-05-10 21:41:27,cu2312P68000,cu2312P68000,4708.0,0.0,0.0,0.0,2,1000.0,0.0,0,4708.0,0.0,0.0,0.0,0.0,0.0,0
2023-05-10 21:48:39,cu2312P68000,cu2312P68000,4708.0,0.0,0.0,0.0,1,1032.0,0.0,0,4708.0,0.0,0.0,0.0,0.0,0.0,0
2023-05-10 21:49:00,cu2312P68000,cu2312P68000,4708.0,0.0,0.0,0.0,2,1000.0,0.0,0,4708.0,0.0,0.0,0.0,0.0,0.0,0
2023-05-11 00:32:23,cu2312P68000,cu2312P68000,4708.0,0.0,0.0,0.0,1,1002.0,0.0,0,4708.0,0.0,0.0,0.0,0.0,0.0,0
2023-05-11 00:32:47,cu2312P68000,cu2312P68000,4708.0,0.0,0.0,0.0,2,1000.0,0.0,0,4708.0,0.0,0.0,0.0,0.0,0.0,0
2023-05-11 00:33:29,cu2312P68000,cu2312P68000,4708.0,0.0,0.0,0.0,1,1002.0,0.0,0,4708.0,0.0,0.0,0.0,0.0,0.0,0
2023-05-11 00:33:54,cu2312P68000,cu2312P68000,4708.0,0.0,0.0,0.0,2,1000.0,0.0,0,4708.0,0.0,0.0,0.0,0.0,0.0,0
2023-05-11 00:34:04,cu2312P68000,cu2312P68000,4708.0,0.0,0.0,0.0,1,1032.0,0.0,0,4708.0,0.0,0.0,0.0,0.0,0.0,0
2023-05-11 00:34:27,cu2312P68000,cu2312P68000,4708.0,0.0,0.0,0.0,2,1000.0,0.0,0,4708.0,0.0,0.0,0.0,0.0,0.0,0
2023-05-11 00:59:31,cu2312P68000,cu2312P68000,4708.0,0.0,0.0,0.0,1,1000.0,0.0,0,4708.0,0.0,0.0,0.0,0.0,0.0,0
2023-05-11 00:59:35,cu2312P68000,cu2312P68000,4708.0,0.0,0.0,0.0,1,28.0,0.0,0,4708.0,0.0,0.0,0.0,0.0,0.0,0
2023-05-11 00:59:36,cu2312P68000,cu2312P68000,4708.0,0.0,0.0,0.0,0,0.0,0.0,0,4708.0,0.0,0.0,0.0,0.0,0.0,0
2023-05-11 00:59:36,cu2312P68000,cu2312P68000,4708.0,0.0,0.0,0.0,1,28.0,0.0,0,4708.0,0.0,0.0,0.0,0.0,0.0,0
2023-05-11 00:59:45,cu2312P68000,cu2312P68000,4708.0,0.0,0.0,0.0,0,0.0,0.0,0,4708.0,0.0,0.0,0.0,0.0,0.0,0
2023-05-11 09:00:07,cu2312P68000,cu2312P68000,4708.0,0.0,0.0,0.0,1,28.0,0.0,0,4708.0,0.0,0.0,0.0,0.0,0.0,0
2023-05-11 09:00:51,cu2312P68000,cu2312P68000,4708.0,0.0,0.0,0.0,1,1600.0,0.0,0,4708.0,0.0,0.0,0.0,0.0,0.0,0
2023-05-11 13:35:59,cu2312P68000,cu2312P68000,4708.0,0.0,0.0,0.0,1,1632.0,0.0,0,4708.0,0.0,0.0,0.0,0.0,0.0,0
2023-05-11 13:36:00,cu2312P68000,cu2312P68000,4708.0,0.0,0.0,0.0,1,4484.0,4536.0,1,4708.0,0.0,0.0,0.0,0.0,0.0,0
2023-05-11 13:36:00,cu2312P68000,cu2312P68000,4708.0,0.0,0.0,0.0,1,4484.0,4536.0,1,4708.0,0.0,0.0,0.0,0.0,0.0,0
2023-05-11 13:36:05,cu2312P68000,cu2312P68000,4708.0,0.0,0.0,0.0,2,4484.0,4536.0,1,4708.0,0.0,0.0,0.0,0.0,0.0,0
2023-05-11 13:36:06,cu2312P68000,cu2312P68000,4708.0,0.0,0.0,0.0,3,4484.0,4536.0,1,4708.0,0.0,0.0,0.0,0.0,0.0,0
2023-05-11 13:36:07,cu2312P68000,cu2312P68000,4708.0,0.0,0.0,0.0,3,4484.0,4536.0,1,4708.0,0.0,0.0,0.0,0.0,0.0,0
2023-05-11 13:36:08,cu2312P68000,cu2312P68000,4708.0,0.0,0.0,0.0,3,4484.0,4536.0,1,4708.0,0.0,0.0,0.0,0.0,0.0,0
2023-05-11 13:36:10,cu2312P68000,cu2312P68000,4708.0,0.0,0.0,0.0,4,4484.0,4536.0,1,4708.0,0.0,0.0,0.0,0.0,0.0,0
2023-05-11 13:36:13,cu2312P68000,cu2312P68000,4708.0,0.0,0.0,0.0,1,4490.0,4536.0,1,4708.0,0.0,0.0,0.0,0.0,0.0,0
2023-05-11 13:36:16,cu2312P68000,cu2312P68000,4708.0,0.0,0.0,0.0,1,4490.0,4536.0,1,4708.0,0.0,0.0,0.0,0.0,0.0,0
2023-05-11 13:36:17,cu2312P68000,cu2312P68000,4708.0,0.0,0.0,0.0,1,4490.0,4536.0,1,4708.0,0.0,0.0,0.0,0.0,0.0,0
2023-05-11 13:36:19,cu2312P68000,cu2312P68000,4708.0,0.0,0.0,0.0,1,4490.0,4536.0,1,4708.0,0.0,0.0,0.0,0.0,0.0,0
2023-05-11 13:36:20,cu2312P68000,cu2312P68000,4708.0,0.0,0.0,0.0,1,4490.0,4536.0,1,4708.0,0.0,0.0,0.0,0.0,0.0,0
2023-05-11 13:36:21,cu2312P68000,cu2312P68000,4708.0,0.0,0.0,0.0,1,4490.0,4536.0,1,4708.0,0.0,0.0,0.0,0.0,0.0,0
2023-05-11 13:36:22,cu2312P68000,cu2312P68000,4708.0,0.0,0.0,0.0,1,4490.0,4564.0,1,4708.0,0.0,0.0,0.0,0.0,0.0,0
2023-05-11 13:36:24,cu2312P68000,cu2312P68000,4708.0,0.0,0.0,0.0,1,1600.0,0.0,0,4708.0,0.0,0.0,0.0,0.0,0.0,0
2023-05-11 13:49:19,cu2312P68000,cu2312P68000,4708.0,0.0,0.0,0.0,1,1632.0,0.0,0,4708.0,0.0,0.0,0.0,0.0,0.0,0
2023-05-11 13:49:20,cu2312P68000,cu2312P68000,4708.0,0.0,0.0,0.0,1,4434.0,4486.0,1,4708.0,0.0,0.0,0.0,0.0,0.0,0
2023-05-11 13:49:20,cu2312P68000,cu2312P68000,4708.0,0.0,0.0,0.0,1,4434.0,4486.0,1,4708.0,0.0,0.0,0.0,0.0,0.0,0
2023-05-11 13:49:25,cu2312P68000,cu2312P68000,4708.0,0.0,0.0,0.0,1,4434.0,4486.0,1,4708.0,0.0,0.0,0.0,0.0,0.0,0
2023-05-11 13:49:25,cu2312P68000,cu2312P68000,4708.0,0.0,0.0,0.0,2,4434.0,4486.0,2,4708.0,0.0,0.0,0.0,0.0,0.0,0
2023-05-11 13:49:27,cu2312P68000,cu2312P68000,4708.0,0.0,0.0,0.0,2,4434.0,4486.0,2,4708.0,0.0,0.0,0.0,0.0,0.0,0
2023-05-11 13:49:28,cu2312P68000,cu2312P68000,4708.0,0.0,0.0,0.0,1,4444.0,4486.0,2,4708.0,0.0,0.0,0.0,0.0,0.0,0
2023-05-11 13:49:28,cu2312P68000,cu2312P68000,4708.0,0.0,0.0,0.0,1,4444.0,4486.0,2,4708.0,0.0,0.0,0.0,0.0,0.0,0
2023-05-11 13:49:30,cu2312P68000,cu2312P68000,4708.0,0.0,0.0,0.0,1,4444.0,4486.0,2,4708.0,0.0,0.0,0.0,0.0,0.0,0
2023-05-11 13:49:32,cu2312P68000,cu2312P68000,4708.0,0.0,0.0,0.0,2,4444.0,4486.0,2,4708.0,0.0,0.0,0.0,0.0,0.0,0
2023-05-11 13:49:36,cu2312P68000,cu2312P68000,4708.0,0.0,0.0,0.0,2,4444.0,4486.0,1,4708.0,0.0,0.0,0.0,0.0,0.0,0
2023-05-11 13:49:37,cu2312P68000,cu2312P68000,4708.0,0.0,0.0,0.0,2,4444.0,4486.0,1,4708.0,0.0,0.0,0.0,0.0,0.0,0
2023-05-11 13:49:39,cu2312P68000,cu2312P68000,4708.0,0.0,0.0,0.0,1,4444.0,4486.0,1,4708.0,0.0,0.0,0.0,0.0,0.0,0
2023-05-11 13:49:40,cu2312P68000,cu2312P68000,4708.0,0.0,0.0,0.0,1,4444.0,4486.0,1,4708.0,0.0,0.0,0.0,0.0,0.0,0
2023-05-11 13:49:41,cu2312P68000,cu2312P68000,4708.0,0.0,0.0,0.0,1,4444.0,4486.0,1,4708.0,0.0,0.0,0.0,0.0,0.0,0
2023-05-11 13:49:42,cu2312P68000,cu2312P68000,4708.0,0.0,0.0,0.0,1,1600.0,0.0,0,4708.0,0.0,0.0,0.0,0.0,0.0,0
2023-05-11 13:49:43,cu2312P68000,cu2312P68000,4708.0,0.0,0.0,0.0,1,1632.0,0.0,0,4708.0,0.0,0.0,0.0,0.0,0.0,0
2023-05-11 13:49:44,cu2312P68000,cu2312P68000,4708.0,0.0,0.0,0.0,1,1600.0,0.0,0,4708.0,0.0,0.0,0.0,0.0,0.0,0
2023-05-11 13:50:22,cu2312P68000,cu2312P68000,4708.0,0.0,0.0,0.0,1,4450.0,4502.0,1,4708.0,0.0,0.0,0.0,0.0,0.0,0
2023-05-11 13:50:23,cu2312P68000,cu2312P68000,4708.0,0.0,0.0,0.0,1,4450.0,4502.0,1,4708.0,0.0,0.0,0.0,0.0,0.0,0
2023-05-11 13:50:28,cu2312P68000,cu2312P68000,4708.0,0.0,0.0,0.0,2,4450.0,4502.0,1,4708.0,0.0,0.0,0.0,0.0,0.0,0
2023-05-11 13:50:28,cu2312P68000,cu2312P68000,4708.0,0.0,0.0,0.0,3,4450.0,4502.0,1,4708.0,0.0,0.0,0.0,0.0,0.0,0
2023-05-11 13:50:29,cu2312P68000,cu2312P68000,4708.0,0.0,0.0,0.0,1,4456.0,4502.0,1,4708.0,0.0,0.0,0.0,0.0,0.0,0
2023-05-11 13:50:30,cu2312P68000,cu2312P68000,4708.0,0.0,0.0,0.0,1,4456.0,4502.0,1,4708.0,0.0,0.0,0.0,0.0,0.0,0
2023-05-11 13:50:32,cu2312P68000,cu2312P68000,4708.0,0.0,0.0,0.0,1,4456.0,4502.0,1,4708.0,0.0,0.0,0.0,0.0,0.0,0
2023-05-11 13:50:34,cu2312P68000,cu2312P68000,4708.0,0.0,0.0,0.0,2,4456.0,4504.0,2,4708.0,0.0,0.0,0.0,0.0,0.0,0
2023-05-11 13:50:35,cu2312P68000,cu2312P68000,4708.0,0.0,0.0,0.0,2,4456.0,4504.0,2,4708.0,0.0,0.0,0.0,0.0,0.0,0
2023-05-11 13:50:38,cu2312P68000,cu2312P68000,4708.0,0.0,0.0,0.0,2,4456.0,4504.0,2,4708.0,0.0,0.0,0.0,0.0,0.0,0
2023-05-11 13:50:40,cu2312P68000,cu2312P68000,4708.0,0.0,0.0,0.0,2,4456.0,4504.0,2,4708.0,0.0,0.0,0.0,0.0,0.0,0
2023-05-11 13:50:40,cu2312P68000,cu2312P68000,4708.0,0.0,0.0,0.0,1,4456.0,4504.0,2,4708.0,0.0,0.0,0.0,0.0,0.0,0
2023-05-11 13:50:41,cu2312P68000,cu2312P68000,4708.0,0.0,0.0,0.0,1,4456.0,4504.0,1,4708.0,0.0,0.0,0.0,0.0,0.0,0
2023-05-11 13:50:43,cu2312P68000,cu2312P68000,4708.0,0.0,0.0,0.0,1,4456.0,4504.0,1,4708.0,0.0,0.0,0.0,0.0,0.0,0
2023-05-11 13:50:43,cu2312P68000,cu2312P68000,4708.0,0.0,0.0,0.0,1,4456.0,4530.0,1,4708.0,0.0,0.0,0.0,0.0,0.0,0
2023-05-11 13:50:44,cu2312P68000,cu2312P68000,4708.0,0.0,0.0,0.0,1,4456.0,4536.0,1,4708.0,0.0,0.0,0.0,0.0,0.0,0
2023-05-11 13:50:45,cu2312P68000,cu2312P68000,4708.0,0.0,0.0,0.0,1,1600.0,0.0,0,4708.0,0.0,0.0,0.0,0.0,0.0,0
2023-05-11 14:04:13,cu2312P68000,cu2312P68000,4708.0,0.0,0.0,0.0,1,1632.0,0.0,0,4708.0,0.0,0.0,0.0,0.0,0.0,0
2023-05-11 14:04:13,cu2312P68000,cu2312P68000,4708.0,0.0,0.0,0.0,1,4506.0,4560.0,1,4708.0,0.0,0.0,0.0,0.0,0.0,0
2023-05-11 14:04:14,cu2312P68000,cu2312P68000,4708.0,0.0,0.0,0.0,1,4506.0,4560.0,1,4708.0,0.0,0.0,0.0,0.0,0.0,0
2023-05-11 14:04:19,cu2312P68000,cu2312P68000,4708.0,0.0,0.0,0.0,2,4506.0,4560.0,1,4708.0,0.0,0.0,0.0,0.0,0.0,0
2023-05-11 14:04:19,cu2312P68000,cu2312P68000,4708.0,0.0,0.0,0.0,3,4506.0,4560.0,1,4708.0,0.0,0.0,0.0,0.0,0.0,0
2023-05-11 14:04:20,cu2312P68000,cu2312P68000,4708.0,0.0,0.0,0.0,3,4506.0,4560.0,1,4708.0,0.0,0.0,0.0,0.0,0.0,0
2023-05-11 14:04:21,cu2312P68000,cu2312P68000,4708.0,0.0,0.0,0.0,3,4506.0,4560.0,1,4708.0,0.0,0.0,0.0,0.0,0.0,0
2023-05-11 14:04:23,cu2312P68000,cu2312P68000,4708.0,0.0,0.0,0.0,4,4506.0,4560.0,2,4708.0,0.0,0.0,0.0,0.0,0.0,0
2023-05-11 14:04:25,cu2312P68000,cu2312P68000,4708.0,0.0,0.0,0.0,4,4506.0,4560.0,2,4708.0,0.0,0.0,0.0,0.0,0.0,0
2023-05-11 14:04:26,cu2312P68000,cu2312P68000,4708.0,0.0,0.0,0.0,1,4510.0,4560.0,2,4708.0,0.0,0.0,0.0,0.0,0.0,0
2023-05-11 14:04:29,cu2312P68000,cu2312P68000,4708.0,0.0,0.0,0.0,1,4510.0,4560.0,2,4708.0,0.0,0.0,0.0,0.0,0.0,0
2023-05-11 14:04:31,cu2312P68000,cu2312P68000,4708.0,0.0,0.0,0.0,1,4510.0,4560.0,2,4708.0,0.0,0.0,0.0,0.0,0.0,0
2023-05-11 14:04:32,cu2312P68000,cu2312P68000,4708.0,0.0,0.0,0.0,1,4510.0,4560.0,2,4708.0,0.0,0.0,0.0,0.0,0.0,0
2023-05-11 14:04:34,cu2312P68000,cu2312P68000,4708.0,0.0,0.0,0.0,1,4510.0,4560.0,2,4708.0,0.0,0.0,0.0,0.0,0.0,0
2023-05-11 14:04:34,cu2312P68000,cu2312P68000,4708.0,0.0,0.0,0.0,1,4510.0,4560.0,1,4708.0,0.0,0.0,0.0,0.0,0.0,0
2023-05-11 14:04:36,cu2312P68000,cu2312P68000,4708.0,0.0,0.0,0.0,1,4510.0,4584.0,1,4708.0,0.0,0.0,0.0,0.0,0.0,0
2023-05-11 14:04:37,cu2312P68000,cu2312P68000,4708.0,0.0,0.0,0.0,1,1600.0,0.0,0,4708.0,0.0,0.0,0.0,0.0,0.0,0
2023-05-11 14:04:37,cu2312P68000,cu2312P68000,4708.0,0.0,0.0,0.0,1,1632.0,0.0,0,4708.0,0.0,0.0,0.0,0.0,0.0,0
2023-05-11 14:04:38,cu2312P68000,cu2312P68000,4708.0,0.0,0.0,0.0,1,1600.0,0.0,0,4708.0,0.0,0.0,0.0,0.0,0.0,0
2023-05-11 14:26:08,cu2312P68000,cu2312P68000,4708.0,0.0,0.0,0.0,1,1632.0,0.0,0,4708.0,0.0,0.0,0.0,0.0,0.0,0
2023-05-11 14:26:09,cu2312P68000,cu2312P68000,4708.0,0.0,0.0,0.0,1,4622.0,4676.0,1,4708.0,0.0,0.0,0.0,0.0,0.0,0
2023-05-11 14:26:09,cu2312P68000,cu2312P68000,4708.0,0.0,0.0,0.0,1,4622.0,4676.0,1,4708.0,0.0,0.0,0.0,0.0,0.0,0
2023-05-11 14:26:14,cu2312P68000,cu2312P68000,4708.0,0.0,0.0,0.0,2,4622.0,4676.0,1,4708.0,0.0,0.0,0.0,0.0,0.0,0
2023-05-11 14:26:15,cu2312P68000,cu2312P68000,4708.0,0.0,0.0,0.0,3,4622.0,4676.0,1,4708.0,0.0,0.0,0.0,0.0,0.0,0
2023-05-11 14:26:15,cu2312P68000,cu2312P68000,4708.0,0.0,0.0,0.0,3,4622.0,4676.0,1,4708.0,0.0,0.0,0.0,0.0,0.0,0
2023-05-11 14:26:16,cu2312P68000,cu2312P68000,4708.0,0.0,0.0,0.0,3,4622.0,4676.0,1,4708.0,0.0,0.0,0.0,0.0,0.0,0
2023-05-11 14:26:18,cu2312P68000,cu2312P68000,4708.0,0.0,0.0,0.0,4,4622.0,4676.0,2,4708.0,0.0,0.0,0.0,0.0,0.0,0
2023-05-11 14:26:20,cu2312P68000,cu2312P68000,4708.0,0.0,0.0,0.0,3,4622.0,4676.0,1,4708.0,0.0,0.0,0.0,0.0,0.0,0
2023-05-11 14:26:21,cu2312P68000,cu2312P68000,4708.0,0.0,0.0,0.0,4,4622.0,4676.0,2,4708.0,0.0,0.0,0.0,0.0,0.0,0
2023-05-11 14:26:21,cu2312P68000,cu2312P68000,4708.0,0.0,0.0,0.0,4,4622.0,4676.0,2,4708.0,0.0,0.0,0.0,0.0,0.0,0
2023-05-11 14:26:22,cu2312P68000,cu2312P68000,4708.0,0.0,0.0,0.0,1,4632.0,4676.0,2,4708.0,0.0,0.0,0.0,0.0,0.0,0
2023-05-11 14:26:25,cu2312P68000,cu2312P68000,4708.0,0.0,0.0,0.0,1,4632.0,4676.0,1,4708.0,0.0,0.0,0.0,0.0,0.0,0
2023-05-11 14:26:26,cu2312P68000,cu2312P68000,4708.0,0.0,0.0,0.0,1,4632.0,4676.0,1,4708.0,0.0,0.0,0.0,0.0,0.0,0
2023-05-11 14:26:27,cu2312P68000,cu2312P68000,4708.0,0.0,0.0,0.0,1,4632.0,4676.0,1,4708.0,0.0,0.0,0.0,0.0,0.0,0
2023-05-11 14:26:28,cu2312P68000,cu2312P68000,4708.0,0.0,0.0,0.0,1,4632.0,4676.0,1,4708.0,0.0,0.0,0.0,0.0,0.0,0
2023-05-11 14:26:29,cu2312P68000,cu2312P68000,4708.0,0.0,0.0,0.0,1,4632.0,4676.0,1,4708.0,0.0,0.0,0.0,0.0,0.0,0
2023-05-11 14:26:30,cu2312P68000,cu2312P68000,4708.0,0.0,0.0,0.0,1,4632.0,4676.0,1,4708.0,0.0,0.0,0.0,0.0,0.0,0
2023-05-11 14:26:31,cu2312P68000,cu2312P68000,4708.0,0.0,0.0,0.0,1,4632.0,4706.0,1,4708.0,0.0,0.0,0.0,0.0,0.0,0
2023-05-11 14:26:33,cu2312P68000,cu2312P68000,4708.0,0.0,0.0,0.0,1,1600.0,0.0,0,4708.0,0.0,0.0,0.0,0.0,0.0,0
2023-05-11 14:44:56,cu2312P68000,cu2312P68000,4708.0,0.0,0.0,0.0,1,1632.0,0.0,0,4708.0,0.0,0.0,0.0,0.0,0.0,0
2023-05-11 14:45:02,cu2312P68000,cu2312P68000,4708.0,0.0,0.0,0.0,1,4932.0,4974.0,1,4708.0,0.0,0.0,0.0,0.0,0.0,0
2023-05-11 14:45:02,cu2312P68000,cu2312P68000,4708.0,0.0,0.0,0.0,1,4932.0,4974.0,1,4708.0,0.0,0.0,0.0,0.0,0.0,0
2023-05-11 14:45:03,cu2312P68000,cu2312P68000,4708.0,0.0,0.0,0.0,1,4932.0,4974.0,1,4708.0,0.0,0.0,0.0,0.0,0.0,0
2023-05-11 14:45:11,cu2312P68000,cu2312P68000,4708.0,0.0,0.0,0.0,1,4932.0,4974.0,1,4708.0,0.0,0.0,0.0,0.0,0.0,0
2023-05-11 14:45:13,cu2312P68000,cu2312P68000,4708.0,0.0,0.0,0.0,1,4932.0,5008.0,1,4708.0,0.0,0.0,0.0,0.0,0.0,0
2023-05-11 14:45:13,cu2312P68000,cu2312P68000,4708.0,0.0,0.0,0.0,1,4896.0,5010.0,1,4708.0,0.0,0.0,0.0,0.0,0.0,0
2023-05-11 14:45:14,cu2312P68000,cu2312P68000,4708.0,0.0,0.0,0.0,1,1600.0,0.0,0,4708.0,0.0,0.0,0.0,0.0,0.0,0
2023-05-11 14:45:14,cu2312P68000,cu2312P68000,4708.0,0.0,0.0,0.0,1,1632.0,0.0,0,4708.0,0.0,0.0,0.0,0.0,0.0,0
2023-05-11 14:45:18,cu2312P68000,cu2312P68000,4708.0,0.0,0.0,0.0,1,1600.0,0.0,0,4708.0,0.0,0.0,0.0,0.0,0.0,0
2023-05-11 15:18:18,cu2312P68000,cu2312P68000,4708.0,0.0,0.0,0.0,1,1600.0,0.0,0,4708.0,0.0,0.0,0.0,0.0,0.0,0
