time,symbol_id,symbol_name,last,trade_volume,trade_amount,open_interest_change,bv1,bp1,ap1,av1,yesterday_close,today_open,today_high,today_low,volume,amount,open_interest
2023-05-10 20:59:00,cu2311C77000,cu2311C77000,468.0,0.0,0.0,0.0,101,2.0,0.0,0,468.0,384.0,0.0,0.0,0.0,0.0,6
2023-05-10 21:00:12,cu2311C77000,cu2311C77000,468.0,0.0,0.0,0.0,2,4.0,0.0,0,468.0,384.0,0.0,0.0,0.0,0.0,6
2023-05-10 21:01:51,cu2311C77000,cu2311C77000,468.0,0.0,0.0,0.0,1,30.0,0.0,0,468.0,384.0,0.0,0.0,0.0,0.0,6
2023-05-10 21:01:52,cu2311C77000,cu2311C77000,468.0,0.0,0.0,0.0,1,30.0,0.0,0,468.0,384.0,0.0,0.0,0.0,0.0,6
2023-05-10 21:01:52,cu2311C77000,cu2311C77000,468.0,0.0,0.0,0.0,2,32.0,0.0,0,468.0,384.0,0.0,0.0,0.0,0.0,6
2023-05-10 21:02:08,cu2311C77000,cu2311C77000,468.0,0.0,0.0,0.0,1,46.0,0.0,0,468.0,384.0,0.0,0.0,0.0,0.0,6
2023-05-10 21:02:08,cu2311C77000,cu2311C77000,468.0,0.0,0.0,0.0,1,46.0,0.0,0,468.0,384.0,0.0,0.0,0.0,0.0,6
2023-05-10 21:02:09,cu2311C77000,cu2311C77000,468.0,0.0,0.0,0.0,2,48.0,0.0,0,468.0,384.0,0.0,0.0,0.0,0.0,6
2023-05-10 21:02:21,cu2311C77000,cu2311C77000,468.0,0.0,0.0,0.0,1,50.0,0.0,0,468.0,384.0,0.0,0.0,0.0,0.0,6
2023-05-10 21:02:21,cu2311C77000,cu2311C77000,468.0,0.0,0.0,0.0,1,50.0,0.0,0,468.0,384.0,0.0,0.0,0.0,0.0,6
2023-05-10 21:02:22,cu2311C77000,cu2311C77000,468.0,0.0,0.0,0.0,2,52.0,0.0,0,468.0,384.0,0.0,0.0,0.0,0.0,6
2023-05-10 21:02:30,cu2311C77000,cu2311C77000,468.0,0.0,0.0,0.0,1,54.0,0.0,0,468.0,384.0,0.0,0.0,0.0,0.0,6
2023-05-10 21:02:30,cu2311C77000,cu2311C77000,468.0,0.0,0.0,0.0,1,54.0,0.0,0,468.0,384.0,0.0,0.0,0.0,0.0,6
2023-05-10 21:02:31,cu2311C77000,cu2311C77000,468.0,0.0,0.0,0.0,2,56.0,0.0,0,468.0,384.0,0.0,0.0,0.0,0.0,6
2023-05-10 21:02:43,cu2311C77000,cu2311C77000,468.0,0.0,0.0,0.0,1,58.0,0.0,0,468.0,384.0,0.0,0.0,0.0,0.0,6
2023-05-10 21:02:43,cu2311C77000,cu2311C77000,468.0,0.0,0.0,0.0,1,58.0,0.0,0,468.0,384.0,0.0,0.0,0.0,0.0,6
2023-05-10 21:02:44,cu2311C77000,cu2311C77000,468.0,0.0,0.0,0.0,2,60.0,0.0,0,468.0,384.0,0.0,0.0,0.0,0.0,6
2023-05-10 21:03:30,cu2311C77000,cu2311C77000,468.0,0.0,0.0,0.0,2,60.0,0.0,0,468.0,384.0,0.0,0.0,0.0,0.0,6
2023-05-10 21:03:31,cu2311C77000,cu2311C77000,468.0,0.0,0.0,0.0,1,62.0,0.0,0,468.0,384.0,0.0,0.0,0.0,0.0,6
2023-05-10 21:03:31,cu2311C77000,cu2311C77000,468.0,0.0,0.0,0.0,1,62.0,0.0,0,468.0,384.0,0.0,0.0,0.0,0.0,6
2023-05-10 21:03:32,cu2311C77000,cu2311C77000,468.0,0.0,0.0,0.0,2,64.0,0.0,0,468.0,384.0,0.0,0.0,0.0,0.0,6
2023-05-10 21:03:34,cu2311C77000,cu2311C77000,468.0,0.0,0.0,0.0,2,64.0,0.0,0,468.0,384.0,0.0,0.0,0.0,0.0,6
2023-05-10 21:05:06,cu2311C77000,cu2311C77000,468.0,0.0,0.0,0.0,2,64.0,0.0,0,468.0,384.0,0.0,0.0,0.0,0.0,6
2023-05-10 21:10:36,cu2311C77000,cu2311C77000,468.0,0.0,0.0,0.0,2,64.0,0.0,0,468.0,384.0,0.0,0.0,0.0,0.0,6
2023-05-10 21:17:02,cu2311C77000,cu2311C77000,468.0,0.0,0.0,0.0,2,64.0,0.0,0,468.0,384.0,0.0,0.0,0.0,0.0,6
2023-05-10 21:49:31,cu2311C77000,cu2311C77000,468.0,0.0,0.0,0.0,1,90.0,0.0,0,468.0,384.0,0.0,0.0,0.0,0.0,6
2023-05-10 21:49:31,cu2311C77000,cu2311C77000,468.0,0.0,0.0,0.0,1,90.0,0.0,0,468.0,384.0,0.0,0.0,0.0,0.0,6
2023-05-10 21:49:32,cu2311C77000,cu2311C77000,468.0,0.0,0.0,0.0,2,92.0,0.0,0,468.0,384.0,0.0,0.0,0.0,0.0,6
2023-05-10 21:49:32,cu2311C77000,cu2311C77000,468.0,0.0,0.0,0.0,1,118.0,0.0,0,468.0,384.0,0.0,0.0,0.0,0.0,6
2023-05-10 21:49:33,cu2311C77000,cu2311C77000,468.0,0.0,0.0,0.0,1,118.0,0.0,0,468.0,384.0,0.0,0.0,0.0,0.0,6
2023-05-10 21:49:33,cu2311C77000,cu2311C77000,468.0,0.0,0.0,0.0,2,120.0,0.0,0,468.0,384.0,0.0,0.0,0.0,0.0,6
2023-05-10 21:49:34,cu2311C77000,cu2311C77000,468.0,0.0,0.0,0.0,2,120.0,0.0,0,468.0,384.0,0.0,0.0,0.0,0.0,6
2023-05-10 21:49:34,cu2311C77000,cu2311C77000,468.0,0.0,0.0,0.0,1,146.0,0.0,0,468.0,384.0,0.0,0.0,0.0,0.0,6
2023-05-10 21:49:35,cu2311C77000,cu2311C77000,468.0,0.0,0.0,0.0,1,146.0,0.0,0,468.0,384.0,0.0,0.0,0.0,0.0,6
2023-05-10 21:49:35,cu2311C77000,cu2311C77000,468.0,0.0,0.0,0.0,2,148.0,0.0,0,468.0,384.0,0.0,0.0,0.0,0.0,6
2023-05-10 21:49:36,cu2311C77000,cu2311C77000,468.0,0.0,0.0,0.0,1,174.0,0.0,0,468.0,384.0,0.0,0.0,0.0,0.0,6
2023-05-10 21:49:36,cu2311C77000,cu2311C77000,468.0,0.0,0.0,0.0,1,174.0,0.0,0,468.0,384.0,0.0,0.0,0.0,0.0,6
2023-05-10 21:49:37,cu2311C77000,cu2311C77000,468.0,0.0,0.0,0.0,2,176.0,0.0,0,468.0,384.0,0.0,0.0,0.0,0.0,6
2023-05-10 21:49:37,cu2311C77000,cu2311C77000,468.0,0.0,0.0,0.0,1,202.0,0.0,0,468.0,384.0,0.0,0.0,0.0,0.0,6
2023-05-10 21:49:38,cu2311C77000,cu2311C77000,468.0,0.0,0.0,0.0,1,202.0,0.0,0,468.0,384.0,0.0,0.0,0.0,0.0,6
2023-05-10 21:49:38,cu2311C77000,cu2311C77000,468.0,0.0,0.0,0.0,2,204.0,0.0,0,468.0,384.0,0.0,0.0,0.0,0.0,6
2023-05-10 21:49:39,cu2311C77000,cu2311C77000,468.0,0.0,0.0,0.0,1,230.0,0.0,0,468.0,384.0,0.0,0.0,0.0,0.0,6
2023-05-10 21:49:40,cu2311C77000,cu2311C77000,468.0,0.0,0.0,0.0,1,230.0,0.0,0,468.0,384.0,0.0,0.0,0.0,0.0,6
2023-05-10 21:49:40,cu2311C77000,cu2311C77000,468.0,0.0,0.0,0.0,2,232.0,0.0,0,468.0,384.0,0.0,0.0,0.0,0.0,6
2023-05-10 21:49:41,cu2311C77000,cu2311C77000,468.0,0.0,0.0,0.0,2,232.0,0.0,0,468.0,384.0,0.0,0.0,0.0,0.0,6
2023-05-10 21:49:41,cu2311C77000,cu2311C77000,468.0,0.0,0.0,0.0,1,246.0,0.0,0,468.0,384.0,0.0,0.0,0.0,0.0,6
2023-05-10 21:49:42,cu2311C77000,cu2311C77000,468.0,0.0,0.0,0.0,1,246.0,0.0,0,468.0,384.0,0.0,0.0,0.0,0.0,6
2023-05-10 21:49:42,cu2311C77000,cu2311C77000,468.0,0.0,0.0,0.0,2,248.0,0.0,0,468.0,384.0,0.0,0.0,0.0,0.0,6
2023-05-10 21:49:43,cu2311C77000,cu2311C77000,468.0,0.0,0.0,0.0,1,262.0,0.0,0,468.0,384.0,0.0,0.0,0.0,0.0,6
2023-05-10 21:49:43,cu2311C77000,cu2311C77000,468.0,0.0,0.0,0.0,1,262.0,0.0,0,468.0,384.0,0.0,0.0,0.0,0.0,6
2023-05-10 21:49:44,cu2311C77000,cu2311C77000,468.0,0.0,0.0,0.0,2,264.0,0.0,0,468.0,384.0,0.0,0.0,0.0,0.0,6
2023-05-10 21:49:45,cu2311C77000,cu2311C77000,468.0,0.0,0.0,0.0,2,264.0,0.0,0,468.0,384.0,0.0,0.0,0.0,0.0,6
2023-05-10 21:49:45,cu2311C77000,cu2311C77000,468.0,0.0,0.0,0.0,1,266.0,0.0,0,468.0,384.0,0.0,0.0,0.0,0.0,6
2023-05-10 21:49:46,cu2311C77000,cu2311C77000,468.0,0.0,0.0,0.0,1,266.0,0.0,0,468.0,384.0,0.0,0.0,0.0,0.0,6
2023-05-10 21:49:46,cu2311C77000,cu2311C77000,468.0,0.0,0.0,0.0,2,268.0,0.0,0,468.0,384.0,0.0,0.0,0.0,0.0,6
2023-05-10 21:49:47,cu2311C77000,cu2311C77000,468.0,0.0,0.0,0.0,2,268.0,0.0,0,468.0,384.0,0.0,0.0,0.0,0.0,6
2023-05-10 21:49:47,cu2311C77000,cu2311C77000,468.0,0.0,0.0,0.0,1,270.0,0.0,0,468.0,384.0,0.0,0.0,0.0,0.0,6
2023-05-10 21:49:48,cu2311C77000,cu2311C77000,468.0,0.0,0.0,0.0,1,270.0,0.0,0,468.0,384.0,0.0,0.0,0.0,0.0,6
2023-05-10 21:49:48,cu2311C77000,cu2311C77000,468.0,0.0,0.0,0.0,2,272.0,0.0,0,468.0,384.0,0.0,0.0,0.0,0.0,6
2023-05-10 21:49:49,cu2311C77000,cu2311C77000,468.0,0.0,0.0,0.0,2,272.0,0.0,0,468.0,384.0,0.0,0.0,0.0,0.0,6
2023-05-10 22:01:09,cu2311C77000,cu2311C77000,468.0,0.0,0.0,0.0,2,12.0,0.0,0,468.0,384.0,0.0,0.0,0.0,0.0,6
2023-05-10 22:01:11,cu2311C77000,cu2311C77000,468.0,0.0,0.0,0.0,1,26.0,0.0,0,468.0,384.0,0.0,0.0,0.0,0.0,6
2023-05-10 22:02:37,cu2311C77000,cu2311C77000,468.0,0.0,0.0,0.0,2,28.0,0.0,0,468.0,384.0,0.0,0.0,0.0,0.0,6
2023-05-10 22:02:38,cu2311C77000,cu2311C77000,468.0,0.0,0.0,0.0,1,42.0,0.0,0,468.0,384.0,0.0,0.0,0.0,0.0,6
2023-05-10 22:02:39,cu2311C77000,cu2311C77000,468.0,0.0,0.0,0.0,1,42.0,0.0,0,468.0,384.0,0.0,0.0,0.0,0.0,6
2023-05-10 22:02:39,cu2311C77000,cu2311C77000,468.0,0.0,0.0,0.0,2,44.0,0.0,0,468.0,384.0,0.0,0.0,0.0,0.0,6
2023-05-10 22:02:40,cu2311C77000,cu2311C77000,468.0,0.0,0.0,0.0,1,46.0,0.0,0,468.0,384.0,0.0,0.0,0.0,0.0,6
2023-05-10 22:02:41,cu2311C77000,cu2311C77000,468.0,0.0,0.0,0.0,1,46.0,0.0,0,468.0,384.0,0.0,0.0,0.0,0.0,6
2023-05-10 22:02:41,cu2311C77000,cu2311C77000,468.0,0.0,0.0,0.0,2,48.0,0.0,0,468.0,384.0,0.0,0.0,0.0,0.0,6
2023-05-10 22:02:42,cu2311C77000,cu2311C77000,468.0,0.0,0.0,0.0,1,50.0,0.0,0,468.0,384.0,0.0,0.0,0.0,0.0,6
2023-05-10 22:02:43,cu2311C77000,cu2311C77000,468.0,0.0,0.0,0.0,1,50.0,0.0,0,468.0,384.0,0.0,0.0,0.0,0.0,6
2023-05-10 22:02:43,cu2311C77000,cu2311C77000,468.0,0.0,0.0,0.0,2,52.0,0.0,0,468.0,384.0,0.0,0.0,0.0,0.0,6
2023-05-10 22:02:44,cu2311C77000,cu2311C77000,468.0,0.0,0.0,0.0,1,54.0,0.0,0,468.0,384.0,0.0,0.0,0.0,0.0,6
2023-05-10 22:02:45,cu2311C77000,cu2311C77000,468.0,0.0,0.0,0.0,1,54.0,0.0,0,468.0,384.0,0.0,0.0,0.0,0.0,6
2023-05-10 22:02:45,cu2311C77000,cu2311C77000,468.0,0.0,0.0,0.0,2,56.0,0.0,0,468.0,384.0,0.0,0.0,0.0,0.0,6
2023-05-10 22:02:46,cu2311C77000,cu2311C77000,468.0,0.0,0.0,0.0,1,58.0,0.0,0,468.0,384.0,0.0,0.0,0.0,0.0,6
2023-05-10 22:02:47,cu2311C77000,cu2311C77000,468.0,0.0,0.0,0.0,1,58.0,0.0,0,468.0,384.0,0.0,0.0,0.0,0.0,6
2023-05-10 22:02:47,cu2311C77000,cu2311C77000,468.0,0.0,0.0,0.0,2,60.0,0.0,0,468.0,384.0,0.0,0.0,0.0,0.0,6
2023-05-10 22:02:48,cu2311C77000,cu2311C77000,468.0,0.0,0.0,0.0,2,60.0,0.0,0,468.0,384.0,0.0,0.0,0.0,0.0,6
2023-05-10 22:02:49,cu2311C77000,cu2311C77000,468.0,0.0,0.0,0.0,1,62.0,0.0,0,468.0,384.0,0.0,0.0,0.0,0.0,6
2023-05-10 22:02:49,cu2311C77000,cu2311C77000,468.0,0.0,0.0,0.0,1,62.0,0.0,0,468.0,384.0,0.0,0.0,0.0,0.0,6
2023-05-10 22:02:50,cu2311C77000,cu2311C77000,468.0,0.0,0.0,0.0,2,64.0,0.0,0,468.0,384.0,0.0,0.0,0.0,0.0,6
2023-05-10 22:02:50,cu2311C77000,cu2311C77000,468.0,0.0,0.0,0.0,2,64.0,0.0,0,468.0,384.0,0.0,0.0,0.0,0.0,6
2023-05-10 22:50:02,cu2311C77000,cu2311C77000,468.0,0.0,0.0,0.0,2,64.0,0.0,0,468.0,384.0,0.0,0.0,0.0,0.0,6
2023-05-10 22:57:03,cu2311C77000,cu2311C77000,468.0,0.0,0.0,0.0,1,12.0,0.0,0,468.0,384.0,0.0,0.0,0.0,0.0,6
2023-05-10 23:00:07,cu2311C77000,cu2311C77000,468.0,0.0,0.0,0.0,2,14.0,0.0,0,468.0,384.0,0.0,0.0,0.0,0.0,6
2023-05-10 23:04:32,cu2311C77000,cu2311C77000,468.0,0.0,0.0,0.0,1,28.0,0.0,0,468.0,384.0,0.0,0.0,0.0,0.0,6
2023-05-10 23:04:33,cu2311C77000,cu2311C77000,468.0,0.0,0.0,0.0,1,28.0,0.0,0,468.0,384.0,0.0,0.0,0.0,0.0,6
2023-05-10 23:04:33,cu2311C77000,cu2311C77000,468.0,0.0,0.0,0.0,2,30.0,0.0,0,468.0,384.0,0.0,0.0,0.0,0.0,6
2023-05-10 23:04:35,cu2311C77000,cu2311C77000,468.0,0.0,0.0,0.0,2,30.0,0.0,0,468.0,384.0,0.0,0.0,0.0,0.0,6
2023-05-10 23:04:36,cu2311C77000,cu2311C77000,468.0,0.0,0.0,0.0,1,44.0,0.0,0,468.0,384.0,0.0,0.0,0.0,0.0,6
2023-05-10 23:04:36,cu2311C77000,cu2311C77000,468.0,0.0,0.0,0.0,1,44.0,0.0,0,468.0,384.0,0.0,0.0,0.0,0.0,6
2023-05-10 23:04:37,cu2311C77000,cu2311C77000,468.0,0.0,0.0,0.0,2,46.0,0.0,0,468.0,384.0,0.0,0.0,0.0,0.0,6
2023-05-10 23:04:37,cu2311C77000,cu2311C77000,468.0,0.0,0.0,0.0,1,48.0,0.0,0,468.0,384.0,0.0,0.0,0.0,0.0,6
2023-05-10 23:04:38,cu2311C77000,cu2311C77000,468.0,0.0,0.0,0.0,1,48.0,0.0,0,468.0,384.0,0.0,0.0,0.0,0.0,6
2023-05-10 23:04:38,cu2311C77000,cu2311C77000,468.0,0.0,0.0,0.0,2,50.0,0.0,0,468.0,384.0,0.0,0.0,0.0,0.0,6
2023-05-10 23:04:39,cu2311C77000,cu2311C77000,468.0,0.0,0.0,0.0,1,52.0,0.0,0,468.0,384.0,0.0,0.0,0.0,0.0,6
2023-05-10 23:04:40,cu2311C77000,cu2311C77000,468.0,0.0,0.0,0.0,1,52.0,0.0,0,468.0,384.0,0.0,0.0,0.0,0.0,6
2023-05-10 23:04:40,cu2311C77000,cu2311C77000,468.0,0.0,0.0,0.0,2,54.0,0.0,0,468.0,384.0,0.0,0.0,0.0,0.0,6
2023-05-10 23:04:41,cu2311C77000,cu2311C77000,468.0,0.0,0.0,0.0,1,56.0,0.0,0,468.0,384.0,0.0,0.0,0.0,0.0,6
2023-05-10 23:04:42,cu2311C77000,cu2311C77000,468.0,0.0,0.0,0.0,1,56.0,0.0,0,468.0,384.0,0.0,0.0,0.0,0.0,6
2023-05-10 23:04:42,cu2311C77000,cu2311C77000,468.0,0.0,0.0,0.0,2,58.0,0.0,0,468.0,384.0,0.0,0.0,0.0,0.0,6
2023-05-10 23:04:43,cu2311C77000,cu2311C77000,468.0,0.0,0.0,0.0,1,60.0,0.0,0,468.0,384.0,0.0,0.0,0.0,0.0,6
2023-05-10 23:04:44,cu2311C77000,cu2311C77000,468.0,0.0,0.0,0.0,1,60.0,0.0,0,468.0,384.0,0.0,0.0,0.0,0.0,6
2023-05-10 23:04:44,cu2311C77000,cu2311C77000,468.0,0.0,0.0,0.0,2,62.0,0.0,0,468.0,384.0,0.0,0.0,0.0,0.0,6
2023-05-10 23:04:45,cu2311C77000,cu2311C77000,468.0,0.0,0.0,0.0,2,62.0,0.0,0,468.0,384.0,0.0,0.0,0.0,0.0,6
2023-05-10 23:04:45,cu2311C77000,cu2311C77000,468.0,0.0,0.0,0.0,1,64.0,0.0,0,468.0,384.0,0.0,0.0,0.0,0.0,6
2023-05-10 23:04:46,cu2311C77000,cu2311C77000,468.0,0.0,0.0,0.0,1,64.0,0.0,0,468.0,384.0,0.0,0.0,0.0,0.0,6
2023-05-10 23:04:46,cu2311C77000,cu2311C77000,468.0,0.0,0.0,0.0,2,66.0,0.0,0,468.0,384.0,0.0,0.0,0.0,0.0,6
2023-05-10 23:04:47,cu2311C77000,cu2311C77000,468.0,0.0,0.0,0.0,2,66.0,0.0,0,468.0,384.0,0.0,0.0,0.0,0.0,6
2023-05-10 23:04:47,cu2311C77000,cu2311C77000,468.0,0.0,0.0,0.0,1,68.0,0.0,0,468.0,384.0,0.0,0.0,0.0,0.0,6
2023-05-10 23:04:48,cu2311C77000,cu2311C77000,468.0,0.0,0.0,0.0,1,68.0,0.0,0,468.0,384.0,0.0,0.0,0.0,0.0,6
2023-05-10 23:04:48,cu2311C77000,cu2311C77000,468.0,0.0,0.0,0.0,2,70.0,0.0,0,468.0,384.0,0.0,0.0,0.0,0.0,6
2023-05-10 23:04:49,cu2311C77000,cu2311C77000,468.0,0.0,0.0,0.0,2,70.0,0.0,0,468.0,384.0,0.0,0.0,0.0,0.0,6
2023-05-10 23:04:49,cu2311C77000,cu2311C77000,468.0,0.0,0.0,0.0,1,72.0,0.0,0,468.0,384.0,0.0,0.0,0.0,0.0,6
2023-05-10 23:04:50,cu2311C77000,cu2311C77000,468.0,0.0,0.0,0.0,1,72.0,0.0,0,468.0,384.0,0.0,0.0,0.0,0.0,6
2023-05-10 23:04:50,cu2311C77000,cu2311C77000,468.0,0.0,0.0,0.0,2,74.0,0.0,0,468.0,384.0,0.0,0.0,0.0,0.0,6
2023-05-10 23:04:51,cu2311C77000,cu2311C77000,468.0,0.0,0.0,0.0,1,76.0,0.0,0,468.0,384.0,0.0,0.0,0.0,0.0,6
2023-05-10 23:04:51,cu2311C77000,cu2311C77000,468.0,0.0,0.0,0.0,1,76.0,0.0,0,468.0,384.0,0.0,0.0,0.0,0.0,6
2023-05-10 23:04:52,cu2311C77000,cu2311C77000,468.0,0.0,0.0,0.0,2,78.0,0.0,0,468.0,384.0,0.0,0.0,0.0,0.0,6
2023-05-10 23:04:52,cu2311C77000,cu2311C77000,468.0,0.0,0.0,0.0,1,80.0,0.0,0,468.0,384.0,0.0,0.0,0.0,0.0,6
2023-05-10 23:04:53,cu2311C77000,cu2311C77000,468.0,0.0,0.0,0.0,1,80.0,0.0,0,468.0,384.0,0.0,0.0,0.0,0.0,6
2023-05-10 23:04:53,cu2311C77000,cu2311C77000,468.0,0.0,0.0,0.0,2,82.0,0.0,0,468.0,384.0,0.0,0.0,0.0,0.0,6
2023-05-10 23:04:54,cu2311C77000,cu2311C77000,468.0,0.0,0.0,0.0,2,82.0,0.0,0,468.0,384.0,0.0,0.0,0.0,0.0,6
2023-05-10 23:04:54,cu2311C77000,cu2311C77000,468.0,0.0,0.0,0.0,1,84.0,0.0,0,468.0,384.0,0.0,0.0,0.0,0.0,6
2023-05-10 23:04:56,cu2311C77000,cu2311C77000,468.0,0.0,0.0,0.0,1,84.0,0.0,0,468.0,384.0,0.0,0.0,0.0,0.0,6
2023-05-10 23:04:57,cu2311C77000,cu2311C77000,468.0,0.0,0.0,0.0,2,86.0,0.0,0,468.0,384.0,0.0,0.0,0.0,0.0,6
2023-05-10 23:04:58,cu2311C77000,cu2311C77000,468.0,0.0,0.0,0.0,2,86.0,0.0,0,468.0,384.0,0.0,0.0,0.0,0.0,6
2023-05-10 23:04:58,cu2311C77000,cu2311C77000,468.0,0.0,0.0,0.0,1,88.0,0.0,0,468.0,384.0,0.0,0.0,0.0,0.0,6
2023-05-10 23:04:59,cu2311C77000,cu2311C77000,468.0,0.0,0.0,0.0,1,88.0,0.0,0,468.0,384.0,0.0,0.0,0.0,0.0,6
2023-05-10 23:04:59,cu2311C77000,cu2311C77000,468.0,0.0,0.0,0.0,2,90.0,0.0,0,468.0,384.0,0.0,0.0,0.0,0.0,6
2023-05-10 23:05:00,cu2311C77000,cu2311C77000,468.0,0.0,0.0,0.0,2,90.0,0.0,0,468.0,384.0,0.0,0.0,0.0,0.0,6
2023-05-10 23:05:00,cu2311C77000,cu2311C77000,468.0,0.0,0.0,0.0,1,92.0,0.0,0,468.0,384.0,0.0,0.0,0.0,0.0,6
2023-05-10 23:05:01,cu2311C77000,cu2311C77000,468.0,0.0,0.0,0.0,1,92.0,0.0,0,468.0,384.0,0.0,0.0,0.0,0.0,6
2023-05-10 23:05:01,cu2311C77000,cu2311C77000,468.0,0.0,0.0,0.0,2,94.0,0.0,0,468.0,384.0,0.0,0.0,0.0,0.0,6
2023-05-10 23:05:02,cu2311C77000,cu2311C77000,468.0,0.0,0.0,0.0,1,120.0,0.0,0,468.0,384.0,0.0,0.0,0.0,0.0,6
2023-05-10 23:05:02,cu2311C77000,cu2311C77000,468.0,0.0,0.0,0.0,1,120.0,0.0,0,468.0,384.0,0.0,0.0,0.0,0.0,6
2023-05-10 23:05:03,cu2311C77000,cu2311C77000,468.0,0.0,0.0,0.0,2,122.0,0.0,0,468.0,384.0,0.0,0.0,0.0,0.0,6
2023-05-10 23:05:04,cu2311C77000,cu2311C77000,468.0,0.0,0.0,0.0,1,148.0,0.0,0,468.0,384.0,0.0,0.0,0.0,0.0,6
2023-05-10 23:05:04,cu2311C77000,cu2311C77000,468.0,0.0,0.0,0.0,1,148.0,0.0,0,468.0,384.0,0.0,0.0,0.0,0.0,6
2023-05-10 23:05:05,cu2311C77000,cu2311C77000,468.0,0.0,0.0,0.0,2,150.0,0.0,0,468.0,384.0,0.0,0.0,0.0,0.0,6
2023-05-10 23:05:05,cu2311C77000,cu2311C77000,468.0,0.0,0.0,0.0,2,150.0,0.0,0,468.0,384.0,0.0,0.0,0.0,0.0,6
2023-05-10 23:05:06,cu2311C77000,cu2311C77000,468.0,0.0,0.0,0.0,1,164.0,0.0,0,468.0,384.0,0.0,0.0,0.0,0.0,6
2023-05-10 23:05:06,cu2311C77000,cu2311C77000,468.0,0.0,0.0,0.0,2,166.0,0.0,0,468.0,384.0,0.0,0.0,0.0,0.0,6
2023-05-10 23:05:07,cu2311C77000,cu2311C77000,468.0,0.0,0.0,0.0,2,166.0,0.0,0,468.0,384.0,0.0,0.0,0.0,0.0,6
2023-05-10 23:05:08,cu2311C77000,cu2311C77000,468.0,0.0,0.0,0.0,1,168.0,0.0,0,468.0,384.0,0.0,0.0,0.0,0.0,6
2023-05-10 23:05:08,cu2311C77000,cu2311C77000,468.0,0.0,0.0,0.0,1,168.0,0.0,0,468.0,384.0,0.0,0.0,0.0,0.0,6
2023-05-10 23:05:09,cu2311C77000,cu2311C77000,468.0,0.0,0.0,0.0,2,170.0,0.0,0,468.0,384.0,0.0,0.0,0.0,0.0,6
2023-05-10 23:05:09,cu2311C77000,cu2311C77000,468.0,0.0,0.0,0.0,1,172.0,0.0,0,468.0,384.0,0.0,0.0,0.0,0.0,6
2023-05-10 23:05:10,cu2311C77000,cu2311C77000,468.0,0.0,0.0,0.0,1,172.0,0.0,0,468.0,384.0,0.0,0.0,0.0,0.0,6
2023-05-10 23:05:10,cu2311C77000,cu2311C77000,468.0,0.0,0.0,0.0,2,174.0,0.0,0,468.0,384.0,0.0,0.0,0.0,0.0,6
2023-05-10 23:05:11,cu2311C77000,cu2311C77000,468.0,0.0,0.0,0.0,2,174.0,0.0,0,468.0,384.0,0.0,0.0,0.0,0.0,6
2023-05-10 23:05:11,cu2311C77000,cu2311C77000,468.0,0.0,0.0,0.0,1,176.0,0.0,0,468.0,384.0,0.0,0.0,0.0,0.0,6
2023-05-10 23:05:13,cu2311C77000,cu2311C77000,468.0,0.0,0.0,0.0,1,176.0,0.0,0,468.0,384.0,0.0,0.0,0.0,0.0,6
2023-05-10 23:05:13,cu2311C77000,cu2311C77000,468.0,0.0,0.0,0.0,2,178.0,0.0,0,468.0,384.0,0.0,0.0,0.0,0.0,6
2023-05-10 23:05:15,cu2311C77000,cu2311C77000,468.0,0.0,0.0,0.0,1,180.0,0.0,0,468.0,384.0,0.0,0.0,0.0,0.0,6
2023-05-10 23:05:15,cu2311C77000,cu2311C77000,468.0,0.0,0.0,0.0,1,180.0,0.0,0,468.0,384.0,0.0,0.0,0.0,0.0,6
2023-05-10 23:05:16,cu2311C77000,cu2311C77000,468.0,0.0,0.0,0.0,2,182.0,0.0,0,468.0,384.0,0.0,0.0,0.0,0.0,6
2023-05-10 23:05:16,cu2311C77000,cu2311C77000,468.0,0.0,0.0,0.0,2,182.0,0.0,0,468.0,384.0,0.0,0.0,0.0,0.0,6
2023-05-10 23:05:17,cu2311C77000,cu2311C77000,468.0,0.0,0.0,0.0,1,184.0,0.0,0,468.0,384.0,0.0,0.0,0.0,0.0,6
2023-05-10 23:05:17,cu2311C77000,cu2311C77000,468.0,0.0,0.0,0.0,1,184.0,0.0,0,468.0,384.0,0.0,0.0,0.0,0.0,6
2023-05-10 23:05:18,cu2311C77000,cu2311C77000,468.0,0.0,0.0,0.0,2,186.0,0.0,0,468.0,384.0,0.0,0.0,0.0,0.0,6
2023-05-10 23:05:18,cu2311C77000,cu2311C77000,468.0,0.0,0.0,0.0,1,188.0,0.0,0,468.0,384.0,0.0,0.0,0.0,0.0,6
2023-05-10 23:05:19,cu2311C77000,cu2311C77000,468.0,0.0,0.0,0.0,1,188.0,0.0,0,468.0,384.0,0.0,0.0,0.0,0.0,6
2023-05-10 23:05:19,cu2311C77000,cu2311C77000,468.0,0.0,0.0,0.0,2,190.0,0.0,0,468.0,384.0,0.0,0.0,0.0,0.0,6
2023-05-10 23:05:20,cu2311C77000,cu2311C77000,468.0,0.0,0.0,0.0,1,192.0,0.0,0,468.0,384.0,0.0,0.0,0.0,0.0,6
2023-05-10 23:05:20,cu2311C77000,cu2311C77000,468.0,0.0,0.0,0.0,1,192.0,0.0,0,468.0,384.0,0.0,0.0,0.0,0.0,6
2023-05-10 23:05:21,cu2311C77000,cu2311C77000,468.0,0.0,0.0,0.0,2,194.0,0.0,0,468.0,384.0,0.0,0.0,0.0,0.0,6
2023-05-10 23:05:21,cu2311C77000,cu2311C77000,468.0,0.0,0.0,0.0,1,196.0,0.0,0,468.0,384.0,0.0,0.0,0.0,0.0,6
2023-05-10 23:05:22,cu2311C77000,cu2311C77000,468.0,0.0,0.0,0.0,1,196.0,0.0,0,468.0,384.0,0.0,0.0,0.0,0.0,6
2023-05-10 23:05:22,cu2311C77000,cu2311C77000,468.0,0.0,0.0,0.0,2,198.0,0.0,0,468.0,384.0,0.0,0.0,0.0,0.0,6
2023-05-10 23:05:23,cu2311C77000,cu2311C77000,468.0,0.0,0.0,0.0,1,200.0,0.0,0,468.0,384.0,0.0,0.0,0.0,0.0,6
2023-05-10 23:05:23,cu2311C77000,cu2311C77000,468.0,0.0,0.0,0.0,1,200.0,0.0,0,468.0,384.0,0.0,0.0,0.0,0.0,6
2023-05-10 23:05:24,cu2311C77000,cu2311C77000,468.0,0.0,0.0,0.0,2,202.0,0.0,0,468.0,384.0,0.0,0.0,0.0,0.0,6
2023-05-10 23:05:24,cu2311C77000,cu2311C77000,468.0,0.0,0.0,0.0,1,204.0,0.0,0,468.0,384.0,0.0,0.0,0.0,0.0,6
2023-05-10 23:05:25,cu2311C77000,cu2311C77000,468.0,0.0,0.0,0.0,1,204.0,0.0,0,468.0,384.0,0.0,0.0,0.0,0.0,6
2023-05-10 23:05:25,cu2311C77000,cu2311C77000,468.0,0.0,0.0,0.0,2,206.0,0.0,0,468.0,384.0,0.0,0.0,0.0,0.0,6
2023-05-10 23:05:26,cu2311C77000,cu2311C77000,468.0,0.0,0.0,0.0,1,208.0,0.0,0,468.0,384.0,0.0,0.0,0.0,0.0,6
2023-05-10 23:05:26,cu2311C77000,cu2311C77000,468.0,0.0,0.0,0.0,1,208.0,0.0,0,468.0,384.0,0.0,0.0,0.0,0.0,6
2023-05-10 23:05:27,cu2311C77000,cu2311C77000,468.0,0.0,0.0,0.0,2,210.0,0.0,0,468.0,384.0,0.0,0.0,0.0,0.0,6
2023-05-10 23:05:27,cu2311C77000,cu2311C77000,468.0,0.0,0.0,0.0,1,212.0,0.0,0,468.0,384.0,0.0,0.0,0.0,0.0,6
2023-05-10 23:05:28,cu2311C77000,cu2311C77000,468.0,0.0,0.0,0.0,1,212.0,0.0,0,468.0,384.0,0.0,0.0,0.0,0.0,6
2023-05-10 23:05:28,cu2311C77000,cu2311C77000,468.0,0.0,0.0,0.0,2,214.0,0.0,0,468.0,384.0,0.0,0.0,0.0,0.0,6
2023-05-10 23:05:29,cu2311C77000,cu2311C77000,468.0,0.0,0.0,0.0,1,216.0,0.0,0,468.0,384.0,0.0,0.0,0.0,0.0,6
2023-05-10 23:05:29,cu2311C77000,cu2311C77000,468.0,0.0,0.0,0.0,1,216.0,0.0,0,468.0,384.0,0.0,0.0,0.0,0.0,6
2023-05-10 23:05:30,cu2311C77000,cu2311C77000,468.0,0.0,0.0,0.0,2,218.0,0.0,0,468.0,384.0,0.0,0.0,0.0,0.0,6
2023-05-10 23:05:30,cu2311C77000,cu2311C77000,468.0,0.0,0.0,0.0,2,218.0,0.0,0,468.0,384.0,0.0,0.0,0.0,0.0,6
2023-05-10 23:05:31,cu2311C77000,cu2311C77000,468.0,0.0,0.0,0.0,1,220.0,0.0,0,468.0,384.0,0.0,0.0,0.0,0.0,6
2023-05-10 23:05:31,cu2311C77000,cu2311C77000,468.0,0.0,0.0,0.0,1,220.0,0.0,0,468.0,384.0,0.0,0.0,0.0,0.0,6
2023-05-10 23:05:32,cu2311C77000,cu2311C77000,468.0,0.0,0.0,0.0,2,222.0,0.0,0,468.0,384.0,0.0,0.0,0.0,0.0,6
2023-05-10 23:05:32,cu2311C77000,cu2311C77000,468.0,0.0,0.0,0.0,2,222.0,0.0,0,468.0,384.0,0.0,0.0,0.0,0.0,6
2023-05-10 23:05:56,cu2311C77000,cu2311C77000,468.0,0.0,0.0,0.0,2,222.0,0.0,0,468.0,384.0,0.0,0.0,0.0,0.0,6
2023-05-10 23:17:39,cu2311C77000,cu2311C77000,468.0,0.0,0.0,0.0,1,224.0,0.0,0,468.0,384.0,0.0,0.0,0.0,0.0,6
2023-05-10 23:17:40,cu2311C77000,cu2311C77000,468.0,0.0,0.0,0.0,1,224.0,0.0,0,468.0,384.0,0.0,0.0,0.0,0.0,6
2023-05-10 23:17:40,cu2311C77000,cu2311C77000,468.0,0.0,0.0,0.0,2,226.0,0.0,0,468.0,384.0,0.0,0.0,0.0,0.0,6
2023-05-10 23:17:41,cu2311C77000,cu2311C77000,468.0,0.0,0.0,0.0,1,228.0,0.0,0,468.0,384.0,0.0,0.0,0.0,0.0,6
2023-05-10 23:17:41,cu2311C77000,cu2311C77000,468.0,0.0,0.0,0.0,1,228.0,0.0,0,468.0,384.0,0.0,0.0,0.0,0.0,6
2023-05-10 23:17:42,cu2311C77000,cu2311C77000,468.0,0.0,0.0,0.0,2,230.0,0.0,0,468.0,384.0,0.0,0.0,0.0,0.0,6
2023-05-10 23:17:42,cu2311C77000,cu2311C77000,468.0,0.0,0.0,0.0,2,230.0,0.0,0,468.0,384.0,0.0,0.0,0.0,0.0,6
2023-05-10 23:23:34,cu2311C77000,cu2311C77000,468.0,0.0,0.0,0.0,2,230.0,5272.0,1,468.0,384.0,0.0,0.0,0.0,0.0,6
2023-05-10 23:23:35,cu2311C77000,cu2311C77000,468.0,0.0,0.0,0.0,2,230.0,5270.0,2,468.0,384.0,0.0,0.0,0.0,0.0,6
2023-05-10 23:23:35,cu2311C77000,cu2311C77000,468.0,0.0,0.0,0.0,2,230.0,5270.0,2,468.0,384.0,0.0,0.0,0.0,0.0,6
2023-05-10 23:23:36,cu2311C77000,cu2311C77000,468.0,0.0,0.0,0.0,2,230.0,5248.0,1,468.0,384.0,0.0,0.0,0.0,0.0,6
2023-05-10 23:23:37,cu2311C77000,cu2311C77000,468.0,0.0,0.0,0.0,2,230.0,5248.0,1,468.0,384.0,0.0,0.0,0.0,0.0,6
2023-05-10 23:23:37,cu2311C77000,cu2311C77000,468.0,0.0,0.0,0.0,2,230.0,5246.0,2,468.0,384.0,0.0,0.0,0.0,0.0,6
2023-05-10 23:23:38,cu2311C77000,cu2311C77000,468.0,0.0,0.0,0.0,2,230.0,5224.0,1,468.0,384.0,0.0,0.0,0.0,0.0,6
2023-05-10 23:23:38,cu2311C77000,cu2311C77000,468.0,0.0,0.0,0.0,2,230.0,5224.0,1,468.0,384.0,0.0,0.0,0.0,0.0,6
2023-05-10 23:23:39,cu2311C77000,cu2311C77000,468.0,0.0,0.0,0.0,2,230.0,5222.0,2,468.0,384.0,0.0,0.0,0.0,0.0,6
2023-05-10 23:23:39,cu2311C77000,cu2311C77000,468.0,0.0,0.0,0.0,2,230.0,5222.0,2,468.0,384.0,0.0,0.0,0.0,0.0,6
2023-05-10 23:23:40,cu2311C77000,cu2311C77000,468.0,0.0,0.0,0.0,2,230.0,5200.0,1,468.0,384.0,0.0,0.0,0.0,0.0,6
2023-05-10 23:23:40,cu2311C77000,cu2311C77000,468.0,0.0,0.0,0.0,2,230.0,5200.0,1,468.0,384.0,0.0,0.0,0.0,0.0,6
2023-05-10 23:23:41,cu2311C77000,cu2311C77000,468.0,0.0,0.0,0.0,2,230.0,5198.0,2,468.0,384.0,0.0,0.0,0.0,0.0,6
2023-05-10 23:23:41,cu2311C77000,cu2311C77000,468.0,0.0,0.0,0.0,2,230.0,5198.0,2,468.0,384.0,0.0,0.0,0.0,0.0,6
2023-05-10 23:23:42,cu2311C77000,cu2311C77000,468.0,0.0,0.0,0.0,2,230.0,5176.0,1,468.0,384.0,0.0,0.0,0.0,0.0,6
2023-05-10 23:23:42,cu2311C77000,cu2311C77000,468.0,0.0,0.0,0.0,2,230.0,5176.0,1,468.0,384.0,0.0,0.0,0.0,0.0,6
2023-05-10 23:23:43,cu2311C77000,cu2311C77000,468.0,0.0,0.0,0.0,2,230.0,5174.0,2,468.0,384.0,0.0,0.0,0.0,0.0,6
2023-05-10 23:23:43,cu2311C77000,cu2311C77000,468.0,0.0,0.0,0.0,2,230.0,5152.0,1,468.0,384.0,0.0,0.0,0.0,0.0,6
2023-05-10 23:23:44,cu2311C77000,cu2311C77000,468.0,0.0,0.0,0.0,2,230.0,5152.0,1,468.0,384.0,0.0,0.0,0.0,0.0,6
2023-05-10 23:23:45,cu2311C77000,cu2311C77000,468.0,0.0,0.0,0.0,2,230.0,5150.0,2,468.0,384.0,0.0,0.0,0.0,0.0,6
2023-05-10 23:23:45,cu2311C77000,cu2311C77000,468.0,0.0,0.0,0.0,2,230.0,5128.0,1,468.0,384.0,0.0,0.0,0.0,0.0,6
2023-05-10 23:23:46,cu2311C77000,cu2311C77000,468.0,0.0,0.0,0.0,2,230.0,5128.0,1,468.0,384.0,0.0,0.0,0.0,0.0,6
2023-05-10 23:23:46,cu2311C77000,cu2311C77000,468.0,0.0,0.0,0.0,2,230.0,5126.0,2,468.0,384.0,0.0,0.0,0.0,0.0,6
2023-05-10 23:23:47,cu2311C77000,cu2311C77000,468.0,0.0,0.0,0.0,2,230.0,5104.0,1,468.0,384.0,0.0,0.0,0.0,0.0,6
2023-05-10 23:23:48,cu2311C77000,cu2311C77000,468.0,0.0,0.0,0.0,2,230.0,5104.0,1,468.0,384.0,0.0,0.0,0.0,0.0,6
2023-05-10 23:23:48,cu2311C77000,cu2311C77000,468.0,0.0,0.0,0.0,2,230.0,5102.0,2,468.0,384.0,0.0,0.0,0.0,0.0,6
2023-05-10 23:23:49,cu2311C77000,cu2311C77000,468.0,0.0,0.0,0.0,2,230.0,5080.0,1,468.0,384.0,0.0,0.0,0.0,0.0,6
2023-05-10 23:23:49,cu2311C77000,cu2311C77000,468.0,0.0,0.0,0.0,2,230.0,5080.0,1,468.0,384.0,0.0,0.0,0.0,0.0,6
2023-05-10 23:23:50,cu2311C77000,cu2311C77000,468.0,0.0,0.0,0.0,2,230.0,5078.0,2,468.0,384.0,0.0,0.0,0.0,0.0,6
2023-05-10 23:23:50,cu2311C77000,cu2311C77000,468.0,0.0,0.0,0.0,2,230.0,5056.0,1,468.0,384.0,0.0,0.0,0.0,0.0,6
2023-05-10 23:23:51,cu2311C77000,cu2311C77000,468.0,0.0,0.0,0.0,2,230.0,5056.0,1,468.0,384.0,0.0,0.0,0.0,0.0,6
2023-05-10 23:23:51,cu2311C77000,cu2311C77000,468.0,0.0,0.0,0.0,2,230.0,5054.0,2,468.0,384.0,0.0,0.0,0.0,0.0,6
2023-05-10 23:23:52,cu2311C77000,cu2311C77000,468.0,0.0,0.0,0.0,2,230.0,5054.0,2,468.0,384.0,0.0,0.0,0.0,0.0,6
2023-05-10 23:23:52,cu2311C77000,cu2311C77000,468.0,0.0,0.0,0.0,2,230.0,5032.0,1,468.0,384.0,0.0,0.0,0.0,0.0,6
2023-05-10 23:23:53,cu2311C77000,cu2311C77000,468.0,0.0,0.0,0.0,2,230.0,5032.0,1,468.0,384.0,0.0,0.0,0.0,0.0,6
2023-05-10 23:23:53,cu2311C77000,cu2311C77000,468.0,0.0,0.0,0.0,2,230.0,5030.0,2,468.0,384.0,0.0,0.0,0.0,0.0,6
2023-05-10 23:23:54,cu2311C77000,cu2311C77000,468.0,0.0,0.0,0.0,2,230.0,5030.0,2,468.0,384.0,0.0,0.0,0.0,0.0,6
2023-05-10 23:23:54,cu2311C77000,cu2311C77000,468.0,0.0,0.0,0.0,2,230.0,5008.0,1,468.0,384.0,0.0,0.0,0.0,0.0,6
2023-05-10 23:23:55,cu2311C77000,cu2311C77000,468.0,0.0,0.0,0.0,2,230.0,5008.0,1,468.0,384.0,0.0,0.0,0.0,0.0,6
2023-05-10 23:23:55,cu2311C77000,cu2311C77000,468.0,0.0,0.0,0.0,2,230.0,5006.0,2,468.0,384.0,0.0,0.0,0.0,0.0,6
2023-05-10 23:23:56,cu2311C77000,cu2311C77000,468.0,0.0,0.0,0.0,2,230.0,5006.0,2,468.0,384.0,0.0,0.0,0.0,0.0,6
2023-05-10 23:23:56,cu2311C77000,cu2311C77000,468.0,0.0,0.0,0.0,2,230.0,4984.0,1,468.0,384.0,0.0,0.0,0.0,0.0,6
2023-05-10 23:23:57,cu2311C77000,cu2311C77000,468.0,0.0,0.0,0.0,2,230.0,4984.0,1,468.0,384.0,0.0,0.0,0.0,0.0,6
2023-05-10 23:23:57,cu2311C77000,cu2311C77000,468.0,0.0,0.0,0.0,2,230.0,4982.0,2,468.0,384.0,0.0,0.0,0.0,0.0,6
2023-05-10 23:23:58,cu2311C77000,cu2311C77000,468.0,0.0,0.0,0.0,2,230.0,4982.0,2,468.0,384.0,0.0,0.0,0.0,0.0,6
2023-05-10 23:23:58,cu2311C77000,cu2311C77000,468.0,0.0,0.0,0.0,2,230.0,4960.0,1,468.0,384.0,0.0,0.0,0.0,0.0,6
2023-05-10 23:23:59,cu2311C77000,cu2311C77000,468.0,0.0,0.0,0.0,2,230.0,4960.0,1,468.0,384.0,0.0,0.0,0.0,0.0,6
2023-05-10 23:23:59,cu2311C77000,cu2311C77000,468.0,0.0,0.0,0.0,2,230.0,4958.0,2,468.0,384.0,0.0,0.0,0.0,0.0,6
2023-05-10 23:24:00,cu2311C77000,cu2311C77000,468.0,0.0,0.0,0.0,2,230.0,4958.0,2,468.0,384.0,0.0,0.0,0.0,0.0,6
2023-05-10 23:24:00,cu2311C77000,cu2311C77000,468.0,0.0,0.0,0.0,2,230.0,4936.0,1,468.0,384.0,0.0,0.0,0.0,0.0,6
2023-05-10 23:24:01,cu2311C77000,cu2311C77000,468.0,0.0,0.0,0.0,2,230.0,4936.0,1,468.0,384.0,0.0,0.0,0.0,0.0,6
2023-05-10 23:24:01,cu2311C77000,cu2311C77000,468.0,0.0,0.0,0.0,2,230.0,4934.0,2,468.0,384.0,0.0,0.0,0.0,0.0,6
2023-05-10 23:24:02,cu2311C77000,cu2311C77000,468.0,0.0,0.0,0.0,2,230.0,4934.0,2,468.0,384.0,0.0,0.0,0.0,0.0,6
2023-05-10 23:24:02,cu2311C77000,cu2311C77000,468.0,0.0,0.0,0.0,2,230.0,4912.0,1,468.0,384.0,0.0,0.0,0.0,0.0,6
2023-05-10 23:24:03,cu2311C77000,cu2311C77000,468.0,0.0,0.0,0.0,2,230.0,4912.0,1,468.0,384.0,0.0,0.0,0.0,0.0,6
2023-05-10 23:24:03,cu2311C77000,cu2311C77000,468.0,0.0,0.0,0.0,2,230.0,4910.0,2,468.0,384.0,0.0,0.0,0.0,0.0,6
2023-05-10 23:24:04,cu2311C77000,cu2311C77000,468.0,0.0,0.0,0.0,2,230.0,4888.0,1,468.0,384.0,0.0,0.0,0.0,0.0,6
2023-05-10 23:24:04,cu2311C77000,cu2311C77000,468.0,0.0,0.0,0.0,2,230.0,4888.0,1,468.0,384.0,0.0,0.0,0.0,0.0,6
2023-05-10 23:24:05,cu2311C77000,cu2311C77000,468.0,0.0,0.0,0.0,2,230.0,4886.0,2,468.0,384.0,0.0,0.0,0.0,0.0,6
2023-05-10 23:24:05,cu2311C77000,cu2311C77000,468.0,0.0,0.0,0.0,2,230.0,4864.0,1,468.0,384.0,0.0,0.0,0.0,0.0,6
2023-05-10 23:24:06,cu2311C77000,cu2311C77000,468.0,0.0,0.0,0.0,2,230.0,4864.0,1,468.0,384.0,0.0,0.0,0.0,0.0,6
2023-05-10 23:24:06,cu2311C77000,cu2311C77000,468.0,0.0,0.0,0.0,2,230.0,4862.0,2,468.0,384.0,0.0,0.0,0.0,0.0,6
2023-05-10 23:24:07,cu2311C77000,cu2311C77000,468.0,0.0,0.0,0.0,2,230.0,4840.0,1,468.0,384.0,0.0,0.0,0.0,0.0,6
2023-05-10 23:24:08,cu2311C77000,cu2311C77000,468.0,0.0,0.0,0.0,2,230.0,4840.0,1,468.0,384.0,0.0,0.0,0.0,0.0,6
2023-05-10 23:24:08,cu2311C77000,cu2311C77000,468.0,0.0,0.0,0.0,2,230.0,4838.0,2,468.0,384.0,0.0,0.0,0.0,0.0,6
2023-05-10 23:24:09,cu2311C77000,cu2311C77000,468.0,0.0,0.0,0.0,2,230.0,4816.0,1,468.0,384.0,0.0,0.0,0.0,0.0,6
2023-05-10 23:24:09,cu2311C77000,cu2311C77000,468.0,0.0,0.0,0.0,2,230.0,4816.0,1,468.0,384.0,0.0,0.0,0.0,0.0,6
2023-05-10 23:24:10,cu2311C77000,cu2311C77000,468.0,0.0,0.0,0.0,2,230.0,4814.0,2,468.0,384.0,0.0,0.0,0.0,0.0,6
2023-05-10 23:24:10,cu2311C77000,cu2311C77000,468.0,0.0,0.0,0.0,2,230.0,4792.0,1,468.0,384.0,0.0,0.0,0.0,0.0,6
2023-05-10 23:24:11,cu2311C77000,cu2311C77000,468.0,0.0,0.0,0.0,2,230.0,4792.0,1,468.0,384.0,0.0,0.0,0.0,0.0,6
2023-05-10 23:24:12,cu2311C77000,cu2311C77000,468.0,0.0,0.0,0.0,2,230.0,4790.0,2,468.0,384.0,0.0,0.0,0.0,0.0,6
2023-05-10 23:24:12,cu2311C77000,cu2311C77000,468.0,0.0,0.0,0.0,2,230.0,4768.0,1,468.0,384.0,0.0,0.0,0.0,0.0,6
2023-05-10 23:24:13,cu2311C77000,cu2311C77000,468.0,0.0,0.0,0.0,2,230.0,4768.0,1,468.0,384.0,0.0,0.0,0.0,0.0,6
2023-05-10 23:24:13,cu2311C77000,cu2311C77000,468.0,0.0,0.0,0.0,2,230.0,4766.0,2,468.0,384.0,0.0,0.0,0.0,0.0,6
2023-05-10 23:24:14,cu2311C77000,cu2311C77000,468.0,0.0,0.0,0.0,2,230.0,4744.0,1,468.0,384.0,0.0,0.0,0.0,0.0,6
2023-05-10 23:24:14,cu2311C77000,cu2311C77000,468.0,0.0,0.0,0.0,2,230.0,4744.0,1,468.0,384.0,0.0,0.0,0.0,0.0,6
2023-05-10 23:24:15,cu2311C77000,cu2311C77000,468.0,0.0,0.0,0.0,2,230.0,4742.0,2,468.0,384.0,0.0,0.0,0.0,0.0,6
2023-05-10 23:24:15,cu2311C77000,cu2311C77000,468.0,0.0,0.0,0.0,2,230.0,4720.0,1,468.0,384.0,0.0,0.0,0.0,0.0,6
2023-05-10 23:24:16,cu2311C77000,cu2311C77000,468.0,0.0,0.0,0.0,2,230.0,4720.0,1,468.0,384.0,0.0,0.0,0.0,0.0,6
2023-05-10 23:24:17,cu2311C77000,cu2311C77000,468.0,0.0,0.0,0.0,2,230.0,4718.0,2,468.0,384.0,0.0,0.0,0.0,0.0,6
2023-05-10 23:24:17,cu2311C77000,cu2311C77000,468.0,0.0,0.0,0.0,2,230.0,4718.0,2,468.0,384.0,0.0,0.0,0.0,0.0,6
2023-05-10 23:24:18,cu2311C77000,cu2311C77000,468.0,0.0,0.0,0.0,2,230.0,4696.0,1,468.0,384.0,0.0,0.0,0.0,0.0,6
2023-05-10 23:24:18,cu2311C77000,cu2311C77000,468.0,0.0,0.0,0.0,2,230.0,4696.0,1,468.0,384.0,0.0,0.0,0.0,0.0,6
2023-05-10 23:24:19,cu2311C77000,cu2311C77000,468.0,0.0,0.0,0.0,2,230.0,4694.0,2,468.0,384.0,0.0,0.0,0.0,0.0,6
2023-05-10 23:24:19,cu2311C77000,cu2311C77000,468.0,0.0,0.0,0.0,2,230.0,4694.0,2,468.0,384.0,0.0,0.0,0.0,0.0,6
2023-05-10 23:24:20,cu2311C77000,cu2311C77000,468.0,0.0,0.0,0.0,2,230.0,4672.0,1,468.0,384.0,0.0,0.0,0.0,0.0,6
2023-05-10 23:24:20,cu2311C77000,cu2311C77000,468.0,0.0,0.0,0.0,2,230.0,4672.0,1,468.0,384.0,0.0,0.0,0.0,0.0,6
2023-05-10 23:24:21,cu2311C77000,cu2311C77000,468.0,0.0,0.0,0.0,2,230.0,4670.0,2,468.0,384.0,0.0,0.0,0.0,0.0,6
2023-05-10 23:24:21,cu2311C77000,cu2311C77000,468.0,0.0,0.0,0.0,2,230.0,4648.0,1,468.0,384.0,0.0,0.0,0.0,0.0,6
2023-05-10 23:24:22,cu2311C77000,cu2311C77000,468.0,0.0,0.0,0.0,2,230.0,4648.0,1,468.0,384.0,0.0,0.0,0.0,0.0,6
2023-05-10 23:24:22,cu2311C77000,cu2311C77000,468.0,0.0,0.0,0.0,2,230.0,4646.0,2,468.0,384.0,0.0,0.0,0.0,0.0,6
2023-05-10 23:24:23,cu2311C77000,cu2311C77000,468.0,0.0,0.0,0.0,2,230.0,4624.0,1,468.0,384.0,0.0,0.0,0.0,0.0,6
2023-05-10 23:24:23,cu2311C77000,cu2311C77000,468.0,0.0,0.0,0.0,2,230.0,4624.0,1,468.0,384.0,0.0,0.0,0.0,0.0,6
2023-05-10 23:24:24,cu2311C77000,cu2311C77000,468.0,0.0,0.0,0.0,2,230.0,4622.0,2,468.0,384.0,0.0,0.0,0.0,0.0,6
2023-05-10 23:24:24,cu2311C77000,cu2311C77000,468.0,0.0,0.0,0.0,2,230.0,4622.0,2,468.0,384.0,0.0,0.0,0.0,0.0,6
2023-05-10 23:24:25,cu2311C77000,cu2311C77000,468.0,0.0,0.0,0.0,2,230.0,4600.0,1,468.0,384.0,0.0,0.0,0.0,0.0,6
2023-05-10 23:24:25,cu2311C77000,cu2311C77000,468.0,0.0,0.0,0.0,2,230.0,4600.0,1,468.0,384.0,0.0,0.0,0.0,0.0,6
2023-05-10 23:24:26,cu2311C77000,cu2311C77000,468.0,0.0,0.0,0.0,2,230.0,4598.0,2,468.0,384.0,0.0,0.0,0.0,0.0,6
2023-05-10 23:24:26,cu2311C77000,cu2311C77000,468.0,0.0,0.0,0.0,2,230.0,4598.0,2,468.0,384.0,0.0,0.0,0.0,0.0,6
2023-05-10 23:24:27,cu2311C77000,cu2311C77000,468.0,0.0,0.0,0.0,2,230.0,4576.0,1,468.0,384.0,0.0,0.0,0.0,0.0,6
2023-05-10 23:24:27,cu2311C77000,cu2311C77000,468.0,0.0,0.0,0.0,2,230.0,4576.0,1,468.0,384.0,0.0,0.0,0.0,0.0,6
2023-05-10 23:24:28,cu2311C77000,cu2311C77000,468.0,0.0,0.0,0.0,2,230.0,4574.0,2,468.0,384.0,0.0,0.0,0.0,0.0,6
2023-05-10 23:24:28,cu2311C77000,cu2311C77000,468.0,0.0,0.0,0.0,2,230.0,4552.0,1,468.0,384.0,0.0,0.0,0.0,0.0,6
2023-05-10 23:24:29,cu2311C77000,cu2311C77000,468.0,0.0,0.0,0.0,2,230.0,4552.0,1,468.0,384.0,0.0,0.0,0.0,0.0,6
2023-05-10 23:24:29,cu2311C77000,cu2311C77000,468.0,0.0,0.0,0.0,2,230.0,4550.0,2,468.0,384.0,0.0,0.0,0.0,0.0,6
2023-05-10 23:24:30,cu2311C77000,cu2311C77000,468.0,0.0,0.0,0.0,2,230.0,4528.0,1,468.0,384.0,0.0,0.0,0.0,0.0,6
2023-05-10 23:24:30,cu2311C77000,cu2311C77000,468.0,0.0,0.0,0.0,2,230.0,4528.0,1,468.0,384.0,0.0,0.0,0.0,0.0,6
2023-05-10 23:24:31,cu2311C77000,cu2311C77000,468.0,0.0,0.0,0.0,2,230.0,4526.0,2,468.0,384.0,0.0,0.0,0.0,0.0,6
2023-05-10 23:24:31,cu2311C77000,cu2311C77000,468.0,0.0,0.0,0.0,2,230.0,4504.0,1,468.0,384.0,0.0,0.0,0.0,0.0,6
2023-05-10 23:24:32,cu2311C77000,cu2311C77000,468.0,0.0,0.0,0.0,2,230.0,4504.0,1,468.0,384.0,0.0,0.0,0.0,0.0,6
2023-05-10 23:24:32,cu2311C77000,cu2311C77000,468.0,0.0,0.0,0.0,2,230.0,4502.0,2,468.0,384.0,0.0,0.0,0.0,0.0,6
2023-05-10 23:24:33,cu2311C77000,cu2311C77000,468.0,0.0,0.0,0.0,2,230.0,4480.0,1,468.0,384.0,0.0,0.0,0.0,0.0,6
2023-05-10 23:24:33,cu2311C77000,cu2311C77000,468.0,0.0,0.0,0.0,2,230.0,4480.0,1,468.0,384.0,0.0,0.0,0.0,0.0,6
2023-05-10 23:24:34,cu2311C77000,cu2311C77000,468.0,0.0,0.0,0.0,2,230.0,4478.0,2,468.0,384.0,0.0,0.0,0.0,0.0,6
2023-05-10 23:24:34,cu2311C77000,cu2311C77000,468.0,0.0,0.0,0.0,2,230.0,4456.0,1,468.0,384.0,0.0,0.0,0.0,0.0,6
2023-05-10 23:24:35,cu2311C77000,cu2311C77000,468.0,0.0,0.0,0.0,2,230.0,4456.0,1,468.0,384.0,0.0,0.0,0.0,0.0,6
2023-05-10 23:24:35,cu2311C77000,cu2311C77000,468.0,0.0,0.0,0.0,2,230.0,4454.0,2,468.0,384.0,0.0,0.0,0.0,0.0,6
2023-05-10 23:24:36,cu2311C77000,cu2311C77000,468.0,0.0,0.0,0.0,2,230.0,4432.0,1,468.0,384.0,0.0,0.0,0.0,0.0,6
2023-05-10 23:24:36,cu2311C77000,cu2311C77000,468.0,0.0,0.0,0.0,2,230.0,4432.0,1,468.0,384.0,0.0,0.0,0.0,0.0,6
2023-05-10 23:24:37,cu2311C77000,cu2311C77000,468.0,0.0,0.0,0.0,2,230.0,4430.0,2,468.0,384.0,0.0,0.0,0.0,0.0,6
2023-05-10 23:24:37,cu2311C77000,cu2311C77000,468.0,0.0,0.0,0.0,2,230.0,4408.0,1,468.0,384.0,0.0,0.0,0.0,0.0,6
2023-05-10 23:24:38,cu2311C77000,cu2311C77000,468.0,0.0,0.0,0.0,2,230.0,4408.0,1,468.0,384.0,0.0,0.0,0.0,0.0,6
2023-05-10 23:24:38,cu2311C77000,cu2311C77000,468.0,0.0,0.0,0.0,2,230.0,4406.0,2,468.0,384.0,0.0,0.0,0.0,0.0,6
2023-05-10 23:24:39,cu2311C77000,cu2311C77000,468.0,0.0,0.0,0.0,2,230.0,4384.0,1,468.0,384.0,0.0,0.0,0.0,0.0,6
2023-05-10 23:24:39,cu2311C77000,cu2311C77000,468.0,0.0,0.0,0.0,2,230.0,4384.0,1,468.0,384.0,0.0,0.0,0.0,0.0,6
2023-05-10 23:24:40,cu2311C77000,cu2311C77000,468.0,0.0,0.0,0.0,2,230.0,4382.0,2,468.0,384.0,0.0,0.0,0.0,0.0,6
2023-05-10 23:24:40,cu2311C77000,cu2311C77000,468.0,0.0,0.0,0.0,2,230.0,4360.0,1,468.0,384.0,0.0,0.0,0.0,0.0,6
2023-05-10 23:24:41,cu2311C77000,cu2311C77000,468.0,0.0,0.0,0.0,2,230.0,4360.0,1,468.0,384.0,0.0,0.0,0.0,0.0,6
2023-05-10 23:24:41,cu2311C77000,cu2311C77000,468.0,0.0,0.0,0.0,2,230.0,4358.0,2,468.0,384.0,0.0,0.0,0.0,0.0,6
2023-05-10 23:24:42,cu2311C77000,cu2311C77000,468.0,0.0,0.0,0.0,2,230.0,4336.0,1,468.0,384.0,0.0,0.0,0.0,0.0,6
2023-05-10 23:24:42,cu2311C77000,cu2311C77000,468.0,0.0,0.0,0.0,2,230.0,4336.0,1,468.0,384.0,0.0,0.0,0.0,0.0,6
2023-05-10 23:24:43,cu2311C77000,cu2311C77000,468.0,0.0,0.0,0.0,2,230.0,4334.0,2,468.0,384.0,0.0,0.0,0.0,0.0,6
2023-05-10 23:24:43,cu2311C77000,cu2311C77000,468.0,0.0,0.0,0.0,2,230.0,4312.0,1,468.0,384.0,0.0,0.0,0.0,0.0,6
2023-05-10 23:24:45,cu2311C77000,cu2311C77000,468.0,0.0,0.0,0.0,2,230.0,4312.0,1,468.0,384.0,0.0,0.0,0.0,0.0,6
2023-05-10 23:24:46,cu2311C77000,cu2311C77000,468.0,0.0,0.0,0.0,2,230.0,4310.0,2,468.0,384.0,0.0,0.0,0.0,0.0,6
2023-05-10 23:24:46,cu2311C77000,cu2311C77000,468.0,0.0,0.0,0.0,2,230.0,4288.0,1,468.0,384.0,0.0,0.0,0.0,0.0,6
2023-05-10 23:24:47,cu2311C77000,cu2311C77000,468.0,0.0,0.0,0.0,2,230.0,4288.0,1,468.0,384.0,0.0,0.0,0.0,0.0,6
2023-05-10 23:24:47,cu2311C77000,cu2311C77000,468.0,0.0,0.0,0.0,2,230.0,4286.0,2,468.0,384.0,0.0,0.0,0.0,0.0,6
2023-05-10 23:24:48,cu2311C77000,cu2311C77000,468.0,0.0,0.0,0.0,2,230.0,4286.0,2,468.0,384.0,0.0,0.0,0.0,0.0,6
2023-05-10 23:24:48,cu2311C77000,cu2311C77000,468.0,0.0,0.0,0.0,2,230.0,4264.0,1,468.0,384.0,0.0,0.0,0.0,0.0,6
2023-05-10 23:24:49,cu2311C77000,cu2311C77000,468.0,0.0,0.0,0.0,2,230.0,4264.0,1,468.0,384.0,0.0,0.0,0.0,0.0,6
2023-05-10 23:24:49,cu2311C77000,cu2311C77000,468.0,0.0,0.0,0.0,2,230.0,4262.0,2,468.0,384.0,0.0,0.0,0.0,0.0,6
2023-05-10 23:24:50,cu2311C77000,cu2311C77000,468.0,0.0,0.0,0.0,2,230.0,4262.0,2,468.0,384.0,0.0,0.0,0.0,0.0,6
2023-05-10 23:24:50,cu2311C77000,cu2311C77000,468.0,0.0,0.0,0.0,2,230.0,4240.0,1,468.0,384.0,0.0,0.0,0.0,0.0,6
2023-05-10 23:24:51,cu2311C77000,cu2311C77000,468.0,0.0,0.0,0.0,2,230.0,4240.0,1,468.0,384.0,0.0,0.0,0.0,0.0,6
2023-05-10 23:24:51,cu2311C77000,cu2311C77000,468.0,0.0,0.0,0.0,2,230.0,4238.0,2,468.0,384.0,0.0,0.0,0.0,0.0,6
2023-05-10 23:24:52,cu2311C77000,cu2311C77000,468.0,0.0,0.0,0.0,2,230.0,4238.0,2,468.0,384.0,0.0,0.0,0.0,0.0,6
2023-05-10 23:24:52,cu2311C77000,cu2311C77000,468.0,0.0,0.0,0.0,2,230.0,4216.0,1,468.0,384.0,0.0,0.0,0.0,0.0,6
2023-05-10 23:24:53,cu2311C77000,cu2311C77000,468.0,0.0,0.0,0.0,2,230.0,4216.0,1,468.0,384.0,0.0,0.0,0.0,0.0,6
2023-05-10 23:24:53,cu2311C77000,cu2311C77000,468.0,0.0,0.0,0.0,2,230.0,4214.0,2,468.0,384.0,0.0,0.0,0.0,0.0,6
2023-05-10 23:24:54,cu2311C77000,cu2311C77000,468.0,0.0,0.0,0.0,2,230.0,4214.0,2,468.0,384.0,0.0,0.0,0.0,0.0,6
2023-05-10 23:24:54,cu2311C77000,cu2311C77000,468.0,0.0,0.0,0.0,2,230.0,4192.0,1,468.0,384.0,0.0,0.0,0.0,0.0,6
2023-05-10 23:24:55,cu2311C77000,cu2311C77000,468.0,0.0,0.0,0.0,2,230.0,4192.0,1,468.0,384.0,0.0,0.0,0.0,0.0,6
2023-05-10 23:24:55,cu2311C77000,cu2311C77000,468.0,0.0,0.0,0.0,2,230.0,4190.0,2,468.0,384.0,0.0,0.0,0.0,0.0,6
2023-05-10 23:24:56,cu2311C77000,cu2311C77000,468.0,0.0,0.0,0.0,2,230.0,4190.0,2,468.0,384.0,0.0,0.0,0.0,0.0,6
2023-05-10 23:24:56,cu2311C77000,cu2311C77000,468.0,0.0,0.0,0.0,2,230.0,4168.0,1,468.0,384.0,0.0,0.0,0.0,0.0,6
2023-05-10 23:24:57,cu2311C77000,cu2311C77000,468.0,0.0,0.0,0.0,2,230.0,4168.0,1,468.0,384.0,0.0,0.0,0.0,0.0,6
2023-05-10 23:24:57,cu2311C77000,cu2311C77000,468.0,0.0,0.0,0.0,2,230.0,4166.0,2,468.0,384.0,0.0,0.0,0.0,0.0,6
2023-05-10 23:24:58,cu2311C77000,cu2311C77000,468.0,0.0,0.0,0.0,2,230.0,4166.0,2,468.0,384.0,0.0,0.0,0.0,0.0,6
2023-05-10 23:24:59,cu2311C77000,cu2311C77000,468.0,0.0,0.0,0.0,2,230.0,4144.0,1,468.0,384.0,0.0,0.0,0.0,0.0,6
2023-05-10 23:24:59,cu2311C77000,cu2311C77000,468.0,0.0,0.0,0.0,2,230.0,4144.0,1,468.0,384.0,0.0,0.0,0.0,0.0,6
2023-05-10 23:25:00,cu2311C77000,cu2311C77000,468.0,0.0,0.0,0.0,2,230.0,4142.0,2,468.0,384.0,0.0,0.0,0.0,0.0,6
2023-05-10 23:25:00,cu2311C77000,cu2311C77000,468.0,0.0,0.0,0.0,2,230.0,4142.0,2,468.0,384.0,0.0,0.0,0.0,0.0,6
2023-05-10 23:25:01,cu2311C77000,cu2311C77000,468.0,0.0,0.0,0.0,2,230.0,4120.0,1,468.0,384.0,0.0,0.0,0.0,0.0,6
2023-05-10 23:25:01,cu2311C77000,cu2311C77000,468.0,0.0,0.0,0.0,2,230.0,4120.0,1,468.0,384.0,0.0,0.0,0.0,0.0,6
2023-05-10 23:25:02,cu2311C77000,cu2311C77000,468.0,0.0,0.0,0.0,2,230.0,4118.0,2,468.0,384.0,0.0,0.0,0.0,0.0,6
2023-05-10 23:25:02,cu2311C77000,cu2311C77000,468.0,0.0,0.0,0.0,2,230.0,4118.0,2,468.0,384.0,0.0,0.0,0.0,0.0,6
2023-05-10 23:25:03,cu2311C77000,cu2311C77000,468.0,0.0,0.0,0.0,2,230.0,4096.0,1,468.0,384.0,0.0,0.0,0.0,0.0,6
2023-05-10 23:25:04,cu2311C77000,cu2311C77000,468.0,0.0,0.0,0.0,2,230.0,4096.0,1,468.0,384.0,0.0,0.0,0.0,0.0,6
2023-05-10 23:25:04,cu2311C77000,cu2311C77000,468.0,0.0,0.0,0.0,2,230.0,4094.0,2,468.0,384.0,0.0,0.0,0.0,0.0,6
2023-05-10 23:25:05,cu2311C77000,cu2311C77000,468.0,0.0,0.0,0.0,2,230.0,4094.0,2,468.0,384.0,0.0,0.0,0.0,0.0,6
2023-05-10 23:25:05,cu2311C77000,cu2311C77000,468.0,0.0,0.0,0.0,2,230.0,4072.0,1,468.0,384.0,0.0,0.0,0.0,0.0,6
2023-05-10 23:25:06,cu2311C77000,cu2311C77000,468.0,0.0,0.0,0.0,2,230.0,4072.0,1,468.0,384.0,0.0,0.0,0.0,0.0,6
2023-05-10 23:25:06,cu2311C77000,cu2311C77000,468.0,0.0,0.0,0.0,2,230.0,4070.0,2,468.0,384.0,0.0,0.0,0.0,0.0,6
2023-05-10 23:25:07,cu2311C77000,cu2311C77000,468.0,0.0,0.0,0.0,2,230.0,4048.0,1,468.0,384.0,0.0,0.0,0.0,0.0,6
2023-05-10 23:25:08,cu2311C77000,cu2311C77000,468.0,0.0,0.0,0.0,2,230.0,4048.0,1,468.0,384.0,0.0,0.0,0.0,0.0,6
2023-05-10 23:25:08,cu2311C77000,cu2311C77000,468.0,0.0,0.0,0.0,2,230.0,4046.0,2,468.0,384.0,0.0,0.0,0.0,0.0,6
2023-05-10 23:25:09,cu2311C77000,cu2311C77000,468.0,0.0,0.0,0.0,2,230.0,4046.0,2,468.0,384.0,0.0,0.0,0.0,0.0,6
2023-05-10 23:25:09,cu2311C77000,cu2311C77000,468.0,0.0,0.0,0.0,2,230.0,4024.0,1,468.0,384.0,0.0,0.0,0.0,0.0,6
2023-05-10 23:25:10,cu2311C77000,cu2311C77000,468.0,0.0,0.0,0.0,2,230.0,4024.0,1,468.0,384.0,0.0,0.0,0.0,0.0,6
2023-05-10 23:25:10,cu2311C77000,cu2311C77000,468.0,0.0,0.0,0.0,2,230.0,4022.0,2,468.0,384.0,0.0,0.0,0.0,0.0,6
2023-05-10 23:25:11,cu2311C77000,cu2311C77000,468.0,0.0,0.0,0.0,2,230.0,4022.0,2,468.0,384.0,0.0,0.0,0.0,0.0,6
2023-05-10 23:25:11,cu2311C77000,cu2311C77000,468.0,0.0,0.0,0.0,2,230.0,4000.0,1,468.0,384.0,0.0,0.0,0.0,0.0,6
2023-05-10 23:25:12,cu2311C77000,cu2311C77000,468.0,0.0,0.0,0.0,2,230.0,4000.0,1,468.0,384.0,0.0,0.0,0.0,0.0,6
2023-05-10 23:25:12,cu2311C77000,cu2311C77000,468.0,0.0,0.0,0.0,2,230.0,3998.0,2,468.0,384.0,0.0,0.0,0.0,0.0,6
2023-05-10 23:25:13,cu2311C77000,cu2311C77000,468.0,0.0,0.0,0.0,2,230.0,3998.0,2,468.0,384.0,0.0,0.0,0.0,0.0,6
2023-05-10 23:25:13,cu2311C77000,cu2311C77000,468.0,0.0,0.0,0.0,2,230.0,3976.0,1,468.0,384.0,0.0,0.0,0.0,0.0,6
2023-05-10 23:25:14,cu2311C77000,cu2311C77000,468.0,0.0,0.0,0.0,2,230.0,3976.0,1,468.0,384.0,0.0,0.0,0.0,0.0,6
2023-05-10 23:25:15,cu2311C77000,cu2311C77000,468.0,0.0,0.0,0.0,2,230.0,3974.0,2,468.0,384.0,0.0,0.0,0.0,0.0,6
2023-05-10 23:25:15,cu2311C77000,cu2311C77000,468.0,0.0,0.0,0.0,2,230.0,3974.0,2,468.0,384.0,0.0,0.0,0.0,0.0,6
2023-05-10 23:25:16,cu2311C77000,cu2311C77000,468.0,0.0,0.0,0.0,2,230.0,3952.0,1,468.0,384.0,0.0,0.0,0.0,0.0,6
2023-05-10 23:25:17,cu2311C77000,cu2311C77000,468.0,0.0,0.0,0.0,2,230.0,3952.0,1,468.0,384.0,0.0,0.0,0.0,0.0,6
2023-05-10 23:25:17,cu2311C77000,cu2311C77000,468.0,0.0,0.0,0.0,2,230.0,3950.0,2,468.0,384.0,0.0,0.0,0.0,0.0,6
2023-05-10 23:25:18,cu2311C77000,cu2311C77000,468.0,0.0,0.0,0.0,2,230.0,3950.0,2,468.0,384.0,0.0,0.0,0.0,0.0,6
2023-05-10 23:25:18,cu2311C77000,cu2311C77000,468.0,0.0,0.0,0.0,2,230.0,3928.0,1,468.0,384.0,0.0,0.0,0.0,0.0,6
2023-05-10 23:25:19,cu2311C77000,cu2311C77000,468.0,0.0,0.0,0.0,2,230.0,3928.0,1,468.0,384.0,0.0,0.0,0.0,0.0,6
2023-05-10 23:25:19,cu2311C77000,cu2311C77000,468.0,0.0,0.0,0.0,2,230.0,3926.0,2,468.0,384.0,0.0,0.0,0.0,0.0,6
2023-05-10 23:25:20,cu2311C77000,cu2311C77000,468.0,0.0,0.0,0.0,2,230.0,3926.0,2,468.0,384.0,0.0,0.0,0.0,0.0,6
2023-05-10 23:25:20,cu2311C77000,cu2311C77000,468.0,0.0,0.0,0.0,2,230.0,3904.0,1,468.0,384.0,0.0,0.0,0.0,0.0,6
2023-05-10 23:25:21,cu2311C77000,cu2311C77000,468.0,0.0,0.0,0.0,2,230.0,3904.0,1,468.0,384.0,0.0,0.0,0.0,0.0,6
2023-05-10 23:25:21,cu2311C77000,cu2311C77000,468.0,0.0,0.0,0.0,2,230.0,3902.0,2,468.0,384.0,0.0,0.0,0.0,0.0,6
2023-05-10 23:25:22,cu2311C77000,cu2311C77000,468.0,0.0,0.0,0.0,2,230.0,3880.0,1,468.0,384.0,0.0,0.0,0.0,0.0,6
2023-05-10 23:25:24,cu2311C77000,cu2311C77000,468.0,0.0,0.0,0.0,2,230.0,3880.0,1,468.0,384.0,0.0,0.0,0.0,0.0,6
2023-05-10 23:25:25,cu2311C77000,cu2311C77000,468.0,0.0,0.0,0.0,2,230.0,3878.0,2,468.0,384.0,0.0,0.0,0.0,0.0,6
2023-05-10 23:25:25,cu2311C77000,cu2311C77000,468.0,0.0,0.0,0.0,2,230.0,3878.0,2,468.0,384.0,0.0,0.0,0.0,0.0,6
2023-05-10 23:25:26,cu2311C77000,cu2311C77000,468.0,0.0,0.0,0.0,2,230.0,3856.0,1,468.0,384.0,0.0,0.0,0.0,0.0,6
2023-05-10 23:25:27,cu2311C77000,cu2311C77000,468.0,0.0,0.0,0.0,2,230.0,3856.0,1,468.0,384.0,0.0,0.0,0.0,0.0,6
2023-05-10 23:25:28,cu2311C77000,cu2311C77000,468.0,0.0,0.0,0.0,2,230.0,3854.0,2,468.0,384.0,0.0,0.0,0.0,0.0,6
2023-05-10 23:25:28,cu2311C77000,cu2311C77000,468.0,0.0,0.0,0.0,2,230.0,3854.0,2,468.0,384.0,0.0,0.0,0.0,0.0,6
2023-05-10 23:25:29,cu2311C77000,cu2311C77000,468.0,0.0,0.0,0.0,2,230.0,3832.0,1,468.0,384.0,0.0,0.0,0.0,0.0,6
2023-05-10 23:25:29,cu2311C77000,cu2311C77000,468.0,0.0,0.0,0.0,2,230.0,3832.0,1,468.0,384.0,0.0,0.0,0.0,0.0,6
2023-05-10 23:25:30,cu2311C77000,cu2311C77000,468.0,0.0,0.0,0.0,2,230.0,3830.0,2,468.0,384.0,0.0,0.0,0.0,0.0,6
2023-05-10 23:25:30,cu2311C77000,cu2311C77000,468.0,0.0,0.0,0.0,2,230.0,3830.0,2,468.0,384.0,0.0,0.0,0.0,0.0,6
2023-05-10 23:25:31,cu2311C77000,cu2311C77000,468.0,0.0,0.0,0.0,2,230.0,3808.0,1,468.0,384.0,0.0,0.0,0.0,0.0,6
2023-05-10 23:25:31,cu2311C77000,cu2311C77000,468.0,0.0,0.0,0.0,2,230.0,3808.0,1,468.0,384.0,0.0,0.0,0.0,0.0,6
2023-05-10 23:25:32,cu2311C77000,cu2311C77000,468.0,0.0,0.0,0.0,2,230.0,3806.0,2,468.0,384.0,0.0,0.0,0.0,0.0,6
2023-05-10 23:25:32,cu2311C77000,cu2311C77000,468.0,0.0,0.0,0.0,2,230.0,3806.0,2,468.0,384.0,0.0,0.0,0.0,0.0,6
2023-05-10 23:25:33,cu2311C77000,cu2311C77000,468.0,0.0,0.0,0.0,2,230.0,3784.0,1,468.0,384.0,0.0,0.0,0.0,0.0,6
2023-05-10 23:25:34,cu2311C77000,cu2311C77000,468.0,0.0,0.0,0.0,2,230.0,3784.0,1,468.0,384.0,0.0,0.0,0.0,0.0,6
2023-05-10 23:25:34,cu2311C77000,cu2311C77000,468.0,0.0,0.0,0.0,2,230.0,3782.0,2,468.0,384.0,0.0,0.0,0.0,0.0,6
2023-05-10 23:25:35,cu2311C77000,cu2311C77000,468.0,0.0,0.0,0.0,2,230.0,3782.0,2,468.0,384.0,0.0,0.0,0.0,0.0,6
2023-05-10 23:25:35,cu2311C77000,cu2311C77000,468.0,0.0,0.0,0.0,2,230.0,3760.0,1,468.0,384.0,0.0,0.0,0.0,0.0,6
2023-05-10 23:25:36,cu2311C77000,cu2311C77000,468.0,0.0,0.0,0.0,2,230.0,3760.0,1,468.0,384.0,0.0,0.0,0.0,0.0,6
2023-05-10 23:25:37,cu2311C77000,cu2311C77000,468.0,0.0,0.0,0.0,2,230.0,3758.0,2,468.0,384.0,0.0,0.0,0.0,0.0,6
2023-05-10 23:25:37,cu2311C77000,cu2311C77000,468.0,0.0,0.0,0.0,2,230.0,3736.0,1,468.0,384.0,0.0,0.0,0.0,0.0,6
2023-05-10 23:25:38,cu2311C77000,cu2311C77000,468.0,0.0,0.0,0.0,2,230.0,3736.0,1,468.0,384.0,0.0,0.0,0.0,0.0,6
2023-05-10 23:25:39,cu2311C77000,cu2311C77000,468.0,0.0,0.0,0.0,2,230.0,3734.0,2,468.0,384.0,0.0,0.0,0.0,0.0,6
2023-05-10 23:25:39,cu2311C77000,cu2311C77000,468.0,0.0,0.0,0.0,2,230.0,3712.0,1,468.0,384.0,0.0,0.0,0.0,0.0,6
2023-05-10 23:25:40,cu2311C77000,cu2311C77000,468.0,0.0,0.0,0.0,2,230.0,3712.0,1,468.0,384.0,0.0,0.0,0.0,0.0,6
2023-05-10 23:25:40,cu2311C77000,cu2311C77000,468.0,0.0,0.0,0.0,2,230.0,3710.0,2,468.0,384.0,0.0,0.0,0.0,0.0,6
2023-05-10 23:25:41,cu2311C77000,cu2311C77000,468.0,0.0,0.0,0.0,2,230.0,3688.0,1,468.0,384.0,0.0,0.0,0.0,0.0,6
2023-05-10 23:25:41,cu2311C77000,cu2311C77000,468.0,0.0,0.0,0.0,2,230.0,3688.0,1,468.0,384.0,0.0,0.0,0.0,0.0,6
2023-05-10 23:25:42,cu2311C77000,cu2311C77000,468.0,0.0,0.0,0.0,2,230.0,3686.0,2,468.0,384.0,0.0,0.0,0.0,0.0,6
2023-05-10 23:25:42,cu2311C77000,cu2311C77000,468.0,0.0,0.0,0.0,2,230.0,3664.0,1,468.0,384.0,0.0,0.0,0.0,0.0,6
2023-05-10 23:25:43,cu2311C77000,cu2311C77000,468.0,0.0,0.0,0.0,2,230.0,3664.0,1,468.0,384.0,0.0,0.0,0.0,0.0,6
2023-05-10 23:25:43,cu2311C77000,cu2311C77000,468.0,0.0,0.0,0.0,2,230.0,3662.0,2,468.0,384.0,0.0,0.0,0.0,0.0,6
2023-05-10 23:25:44,cu2311C77000,cu2311C77000,468.0,0.0,0.0,0.0,2,230.0,3662.0,2,468.0,384.0,0.0,0.0,0.0,0.0,6
2023-05-10 23:25:44,cu2311C77000,cu2311C77000,468.0,0.0,0.0,0.0,2,230.0,3640.0,1,468.0,384.0,0.0,0.0,0.0,0.0,6
2023-05-10 23:25:45,cu2311C77000,cu2311C77000,468.0,0.0,0.0,0.0,2,230.0,3640.0,1,468.0,384.0,0.0,0.0,0.0,0.0,6
2023-05-10 23:25:45,cu2311C77000,cu2311C77000,468.0,0.0,0.0,0.0,2,230.0,3638.0,2,468.0,384.0,0.0,0.0,0.0,0.0,6
2023-05-10 23:25:46,cu2311C77000,cu2311C77000,468.0,0.0,0.0,0.0,2,230.0,3638.0,2,468.0,384.0,0.0,0.0,0.0,0.0,6
2023-05-10 23:25:46,cu2311C77000,cu2311C77000,468.0,0.0,0.0,0.0,2,230.0,3616.0,1,468.0,384.0,0.0,0.0,0.0,0.0,6
2023-05-10 23:25:47,cu2311C77000,cu2311C77000,468.0,0.0,0.0,0.0,2,230.0,3616.0,1,468.0,384.0,0.0,0.0,0.0,0.0,6
2023-05-10 23:25:47,cu2311C77000,cu2311C77000,468.0,0.0,0.0,0.0,2,230.0,3614.0,2,468.0,384.0,0.0,0.0,0.0,0.0,6
2023-05-10 23:25:48,cu2311C77000,cu2311C77000,468.0,0.0,0.0,0.0,2,230.0,3614.0,2,468.0,384.0,0.0,0.0,0.0,0.0,6
2023-05-10 23:25:48,cu2311C77000,cu2311C77000,468.0,0.0,0.0,0.0,2,230.0,3592.0,1,468.0,384.0,0.0,0.0,0.0,0.0,6
2023-05-10 23:25:49,cu2311C77000,cu2311C77000,468.0,0.0,0.0,0.0,2,230.0,3592.0,1,468.0,384.0,0.0,0.0,0.0,0.0,6
2023-05-10 23:25:49,cu2311C77000,cu2311C77000,468.0,0.0,0.0,0.0,2,230.0,3590.0,2,468.0,384.0,0.0,0.0,0.0,0.0,6
2023-05-10 23:25:50,cu2311C77000,cu2311C77000,468.0,0.0,0.0,0.0,2,230.0,3590.0,2,468.0,384.0,0.0,0.0,0.0,0.0,6
2023-05-10 23:25:50,cu2311C77000,cu2311C77000,468.0,0.0,0.0,0.0,2,230.0,3568.0,1,468.0,384.0,0.0,0.0,0.0,0.0,6
2023-05-10 23:25:51,cu2311C77000,cu2311C77000,468.0,0.0,0.0,0.0,2,230.0,3568.0,1,468.0,384.0,0.0,0.0,0.0,0.0,6
2023-05-10 23:25:51,cu2311C77000,cu2311C77000,468.0,0.0,0.0,0.0,2,230.0,3566.0,2,468.0,384.0,0.0,0.0,0.0,0.0,6
2023-05-10 23:25:52,cu2311C77000,cu2311C77000,468.0,0.0,0.0,0.0,2,230.0,3566.0,2,468.0,384.0,0.0,0.0,0.0,0.0,6
2023-05-10 23:25:52,cu2311C77000,cu2311C77000,468.0,0.0,0.0,0.0,2,230.0,3544.0,1,468.0,384.0,0.0,0.0,0.0,0.0,6
2023-05-10 23:25:53,cu2311C77000,cu2311C77000,468.0,0.0,0.0,0.0,2,230.0,3544.0,1,468.0,384.0,0.0,0.0,0.0,0.0,6
2023-05-10 23:25:53,cu2311C77000,cu2311C77000,468.0,0.0,0.0,0.0,2,230.0,3542.0,2,468.0,384.0,0.0,0.0,0.0,0.0,6
2023-05-10 23:25:54,cu2311C77000,cu2311C77000,468.0,0.0,0.0,0.0,2,230.0,3542.0,2,468.0,384.0,0.0,0.0,0.0,0.0,6
2023-05-10 23:25:55,cu2311C77000,cu2311C77000,468.0,0.0,0.0,0.0,2,230.0,3520.0,1,468.0,384.0,0.0,0.0,0.0,0.0,6
2023-05-10 23:25:55,cu2311C77000,cu2311C77000,468.0,0.0,0.0,0.0,2,230.0,3520.0,1,468.0,384.0,0.0,0.0,0.0,0.0,6
2023-05-10 23:25:56,cu2311C77000,cu2311C77000,468.0,0.0,0.0,0.0,2,230.0,3518.0,2,468.0,384.0,0.0,0.0,0.0,0.0,6
2023-05-10 23:26:05,cu2311C77000,cu2311C77000,468.0,0.0,0.0,0.0,2,230.0,3518.0,2,468.0,384.0,0.0,0.0,0.0,0.0,6
2023-05-10 23:26:05,cu2311C77000,cu2311C77000,468.0,0.0,0.0,0.0,2,230.0,3496.0,1,468.0,384.0,0.0,0.0,0.0,0.0,6
2023-05-10 23:26:06,cu2311C77000,cu2311C77000,468.0,0.0,0.0,0.0,2,230.0,3496.0,1,468.0,384.0,0.0,0.0,0.0,0.0,6
2023-05-10 23:26:06,cu2311C77000,cu2311C77000,468.0,0.0,0.0,0.0,2,230.0,3494.0,2,468.0,384.0,0.0,0.0,0.0,0.0,6
2023-05-10 23:26:09,cu2311C77000,cu2311C77000,468.0,0.0,0.0,0.0,2,230.0,3494.0,2,468.0,384.0,0.0,0.0,0.0,0.0,6
2023-05-10 23:26:10,cu2311C77000,cu2311C77000,468.0,0.0,0.0,0.0,2,230.0,3472.0,1,468.0,384.0,0.0,0.0,0.0,0.0,6
2023-05-10 23:26:10,cu2311C77000,cu2311C77000,468.0,0.0,0.0,0.0,2,230.0,3472.0,1,468.0,384.0,0.0,0.0,0.0,0.0,6
2023-05-10 23:26:11,cu2311C77000,cu2311C77000,468.0,0.0,0.0,0.0,2,230.0,3470.0,2,468.0,384.0,0.0,0.0,0.0,0.0,6
2023-05-10 23:26:12,cu2311C77000,cu2311C77000,468.0,0.0,0.0,0.0,2,230.0,3470.0,2,468.0,384.0,0.0,0.0,0.0,0.0,6
2023-05-10 23:26:13,cu2311C77000,cu2311C77000,468.0,0.0,0.0,0.0,2,230.0,3448.0,1,468.0,384.0,0.0,0.0,0.0,0.0,6
2023-05-10 23:26:13,cu2311C77000,cu2311C77000,468.0,0.0,0.0,0.0,2,230.0,3448.0,1,468.0,384.0,0.0,0.0,0.0,0.0,6
2023-05-10 23:26:14,cu2311C77000,cu2311C77000,468.0,0.0,0.0,0.0,2,230.0,3446.0,2,468.0,384.0,0.0,0.0,0.0,0.0,6
2023-05-10 23:26:16,cu2311C77000,cu2311C77000,468.0,0.0,0.0,0.0,2,230.0,3446.0,2,468.0,384.0,0.0,0.0,0.0,0.0,6
2023-05-10 23:26:20,cu2311C77000,cu2311C77000,468.0,0.0,0.0,0.0,2,230.0,3424.0,1,468.0,384.0,0.0,0.0,0.0,0.0,6
2023-05-10 23:26:20,cu2311C77000,cu2311C77000,468.0,0.0,0.0,0.0,2,230.0,3424.0,1,468.0,384.0,0.0,0.0,0.0,0.0,6
2023-05-10 23:26:21,cu2311C77000,cu2311C77000,468.0,0.0,0.0,0.0,2,230.0,3422.0,2,468.0,384.0,0.0,0.0,0.0,0.0,6
2023-05-10 23:26:22,cu2311C77000,cu2311C77000,468.0,0.0,0.0,0.0,2,230.0,3422.0,2,468.0,384.0,0.0,0.0,0.0,0.0,6
2023-05-10 23:26:23,cu2311C77000,cu2311C77000,468.0,0.0,0.0,0.0,2,230.0,3400.0,1,468.0,384.0,0.0,0.0,0.0,0.0,6
2023-05-10 23:26:24,cu2311C77000,cu2311C77000,468.0,0.0,0.0,0.0,2,230.0,3400.0,1,468.0,384.0,0.0,0.0,0.0,0.0,6
2023-05-10 23:26:24,cu2311C77000,cu2311C77000,468.0,0.0,0.0,0.0,2,230.0,3398.0,2,468.0,384.0,0.0,0.0,0.0,0.0,6
2023-05-10 23:26:26,cu2311C77000,cu2311C77000,468.0,0.0,0.0,0.0,2,230.0,3398.0,2,468.0,384.0,0.0,0.0,0.0,0.0,6
2023-05-10 23:26:26,cu2311C77000,cu2311C77000,468.0,0.0,0.0,0.0,2,230.0,3376.0,1,468.0,384.0,0.0,0.0,0.0,0.0,6
2023-05-10 23:26:28,cu2311C77000,cu2311C77000,468.0,0.0,0.0,0.0,2,230.0,3376.0,1,468.0,384.0,0.0,0.0,0.0,0.0,6
2023-05-10 23:26:28,cu2311C77000,cu2311C77000,468.0,0.0,0.0,0.0,2,230.0,3374.0,2,468.0,384.0,0.0,0.0,0.0,0.0,6
2023-05-10 23:26:29,cu2311C77000,cu2311C77000,468.0,0.0,0.0,0.0,2,230.0,3374.0,2,468.0,384.0,0.0,0.0,0.0,0.0,6
2023-05-10 23:27:16,cu2311C77000,cu2311C77000,468.0,0.0,0.0,0.0,2,230.0,3352.0,1,468.0,384.0,0.0,0.0,0.0,0.0,6
2023-05-10 23:27:17,cu2311C77000,cu2311C77000,468.0,0.0,0.0,0.0,2,230.0,3352.0,1,468.0,384.0,0.0,0.0,0.0,0.0,6
2023-05-10 23:27:17,cu2311C77000,cu2311C77000,468.0,0.0,0.0,0.0,2,230.0,3350.0,2,468.0,384.0,0.0,0.0,0.0,0.0,6
2023-05-10 23:27:18,cu2311C77000,cu2311C77000,468.0,0.0,0.0,0.0,2,230.0,3328.0,1,468.0,384.0,0.0,0.0,0.0,0.0,6
2023-05-10 23:27:18,cu2311C77000,cu2311C77000,468.0,0.0,0.0,0.0,2,230.0,3328.0,1,468.0,384.0,0.0,0.0,0.0,0.0,6
2023-05-10 23:27:19,cu2311C77000,cu2311C77000,468.0,0.0,0.0,0.0,2,230.0,3326.0,2,468.0,384.0,0.0,0.0,0.0,0.0,6
2023-05-10 23:27:19,cu2311C77000,cu2311C77000,468.0,0.0,0.0,0.0,2,230.0,3304.0,1,468.0,384.0,0.0,0.0,0.0,0.0,6
2023-05-10 23:27:20,cu2311C77000,cu2311C77000,468.0,0.0,0.0,0.0,2,230.0,3304.0,1,468.0,384.0,0.0,0.0,0.0,0.0,6
2023-05-10 23:27:20,cu2311C77000,cu2311C77000,468.0,0.0,0.0,0.0,2,230.0,3302.0,2,468.0,384.0,0.0,0.0,0.0,0.0,6
2023-05-10 23:27:21,cu2311C77000,cu2311C77000,468.0,0.0,0.0,0.0,2,230.0,3280.0,1,468.0,384.0,0.0,0.0,0.0,0.0,6
2023-05-10 23:27:23,cu2311C77000,cu2311C77000,468.0,0.0,0.0,0.0,2,230.0,3280.0,1,468.0,384.0,0.0,0.0,0.0,0.0,6
2023-05-10 23:27:24,cu2311C77000,cu2311C77000,468.0,0.0,0.0,0.0,2,230.0,3278.0,2,468.0,384.0,0.0,0.0,0.0,0.0,6
2023-05-10 23:27:24,cu2311C77000,cu2311C77000,468.0,0.0,0.0,0.0,2,230.0,3278.0,2,468.0,384.0,0.0,0.0,0.0,0.0,6
2023-05-10 23:27:25,cu2311C77000,cu2311C77000,468.0,0.0,0.0,0.0,2,230.0,3256.0,1,468.0,384.0,0.0,0.0,0.0,0.0,6
2023-05-10 23:27:29,cu2311C77000,cu2311C77000,468.0,0.0,0.0,0.0,2,230.0,3256.0,1,468.0,384.0,0.0,0.0,0.0,0.0,6
2023-05-10 23:27:30,cu2311C77000,cu2311C77000,468.0,0.0,0.0,0.0,2,230.0,3254.0,2,468.0,384.0,0.0,0.0,0.0,0.0,6
2023-05-10 23:27:30,cu2311C77000,cu2311C77000,468.0,0.0,0.0,0.0,2,230.0,3254.0,2,468.0,384.0,0.0,0.0,0.0,0.0,6
2023-05-10 23:27:31,cu2311C77000,cu2311C77000,468.0,0.0,0.0,0.0,2,230.0,3232.0,1,468.0,384.0,0.0,0.0,0.0,0.0,6
2023-05-10 23:27:31,cu2311C77000,cu2311C77000,468.0,0.0,0.0,0.0,2,230.0,3232.0,1,468.0,384.0,0.0,0.0,0.0,0.0,6
2023-05-10 23:27:32,cu2311C77000,cu2311C77000,468.0,0.0,0.0,0.0,2,230.0,3230.0,2,468.0,384.0,0.0,0.0,0.0,0.0,6
2023-05-10 23:27:32,cu2311C77000,cu2311C77000,468.0,0.0,0.0,0.0,2,230.0,3208.0,1,468.0,384.0,0.0,0.0,0.0,0.0,6
2023-05-10 23:27:33,cu2311C77000,cu2311C77000,468.0,0.0,0.0,0.0,2,230.0,3208.0,1,468.0,384.0,0.0,0.0,0.0,0.0,6
2023-05-10 23:27:33,cu2311C77000,cu2311C77000,468.0,0.0,0.0,0.0,2,230.0,3206.0,2,468.0,384.0,0.0,0.0,0.0,0.0,6
2023-05-10 23:27:34,cu2311C77000,cu2311C77000,468.0,0.0,0.0,0.0,2,230.0,3184.0,1,468.0,384.0,0.0,0.0,0.0,0.0,6
2023-05-10 23:27:35,cu2311C77000,cu2311C77000,468.0,0.0,0.0,0.0,2,230.0,3184.0,1,468.0,384.0,0.0,0.0,0.0,0.0,6
2023-05-10 23:27:36,cu2311C77000,cu2311C77000,468.0,0.0,0.0,0.0,2,230.0,3182.0,2,468.0,384.0,0.0,0.0,0.0,0.0,6
2023-05-10 23:27:36,cu2311C77000,cu2311C77000,468.0,0.0,0.0,0.0,2,230.0,3160.0,1,468.0,384.0,0.0,0.0,0.0,0.0,6
2023-05-10 23:27:37,cu2311C77000,cu2311C77000,468.0,0.0,0.0,0.0,2,230.0,3160.0,1,468.0,384.0,0.0,0.0,0.0,0.0,6
2023-05-10 23:27:37,cu2311C77000,cu2311C77000,468.0,0.0,0.0,0.0,2,230.0,3158.0,2,468.0,384.0,0.0,0.0,0.0,0.0,6
2023-05-10 23:27:38,cu2311C77000,cu2311C77000,468.0,0.0,0.0,0.0,2,230.0,3136.0,1,468.0,384.0,0.0,0.0,0.0,0.0,6
2023-05-10 23:27:38,cu2311C77000,cu2311C77000,468.0,0.0,0.0,0.0,2,230.0,3136.0,1,468.0,384.0,0.0,0.0,0.0,0.0,6
2023-05-10 23:27:39,cu2311C77000,cu2311C77000,468.0,0.0,0.0,0.0,2,230.0,3134.0,2,468.0,384.0,0.0,0.0,0.0,0.0,6
2023-05-10 23:27:39,cu2311C77000,cu2311C77000,468.0,0.0,0.0,0.0,2,230.0,3112.0,1,468.0,384.0,0.0,0.0,0.0,0.0,6
2023-05-10 23:27:40,cu2311C77000,cu2311C77000,468.0,0.0,0.0,0.0,2,230.0,3112.0,1,468.0,384.0,0.0,0.0,0.0,0.0,6
2023-05-10 23:27:40,cu2311C77000,cu2311C77000,468.0,0.0,0.0,0.0,2,230.0,3110.0,2,468.0,384.0,0.0,0.0,0.0,0.0,6
2023-05-10 23:27:41,cu2311C77000,cu2311C77000,468.0,0.0,0.0,0.0,2,230.0,3110.0,2,468.0,384.0,0.0,0.0,0.0,0.0,6
2023-05-10 23:27:41,cu2311C77000,cu2311C77000,468.0,0.0,0.0,0.0,2,230.0,3088.0,1,468.0,384.0,0.0,0.0,0.0,0.0,6
2023-05-10 23:27:42,cu2311C77000,cu2311C77000,468.0,0.0,0.0,0.0,2,230.0,3088.0,1,468.0,384.0,0.0,0.0,0.0,0.0,6
2023-05-10 23:27:42,cu2311C77000,cu2311C77000,468.0,0.0,0.0,0.0,2,230.0,3086.0,2,468.0,384.0,0.0,0.0,0.0,0.0,6
2023-05-10 23:27:43,cu2311C77000,cu2311C77000,468.0,0.0,0.0,0.0,2,230.0,3086.0,2,468.0,384.0,0.0,0.0,0.0,0.0,6
2023-05-10 23:27:43,cu2311C77000,cu2311C77000,468.0,0.0,0.0,0.0,2,230.0,3064.0,1,468.0,384.0,0.0,0.0,0.0,0.0,6
2023-05-10 23:27:44,cu2311C77000,cu2311C77000,468.0,0.0,0.0,0.0,2,230.0,3064.0,1,468.0,384.0,0.0,0.0,0.0,0.0,6
2023-05-10 23:27:44,cu2311C77000,cu2311C77000,468.0,0.0,0.0,0.0,2,230.0,3062.0,2,468.0,384.0,0.0,0.0,0.0,0.0,6
2023-05-10 23:27:45,cu2311C77000,cu2311C77000,468.0,0.0,0.0,0.0,2,230.0,3062.0,2,468.0,384.0,0.0,0.0,0.0,0.0,6
2023-05-10 23:27:45,cu2311C77000,cu2311C77000,468.0,0.0,0.0,0.0,2,230.0,3040.0,1,468.0,384.0,0.0,0.0,0.0,0.0,6
2023-05-10 23:27:46,cu2311C77000,cu2311C77000,468.0,0.0,0.0,0.0,2,230.0,3040.0,1,468.0,384.0,0.0,0.0,0.0,0.0,6
2023-05-10 23:27:46,cu2311C77000,cu2311C77000,468.0,0.0,0.0,0.0,2,230.0,3038.0,2,468.0,384.0,0.0,0.0,0.0,0.0,6
2023-05-10 23:27:47,cu2311C77000,cu2311C77000,468.0,0.0,0.0,0.0,2,230.0,3038.0,2,468.0,384.0,0.0,0.0,0.0,0.0,6
2023-05-10 23:27:47,cu2311C77000,cu2311C77000,468.0,0.0,0.0,0.0,2,230.0,3016.0,1,468.0,384.0,0.0,0.0,0.0,0.0,6
2023-05-10 23:27:48,cu2311C77000,cu2311C77000,468.0,0.0,0.0,0.0,2,230.0,3016.0,1,468.0,384.0,0.0,0.0,0.0,0.0,6
2023-05-10 23:27:48,cu2311C77000,cu2311C77000,468.0,0.0,0.0,0.0,2,230.0,3014.0,2,468.0,384.0,0.0,0.0,0.0,0.0,6
2023-05-10 23:27:49,cu2311C77000,cu2311C77000,468.0,0.0,0.0,0.0,2,230.0,3014.0,2,468.0,384.0,0.0,0.0,0.0,0.0,6
2023-05-10 23:27:49,cu2311C77000,cu2311C77000,468.0,0.0,0.0,0.0,2,230.0,2992.0,1,468.0,384.0,0.0,0.0,0.0,0.0,6
2023-05-10 23:27:50,cu2311C77000,cu2311C77000,468.0,0.0,0.0,0.0,2,230.0,2992.0,1,468.0,384.0,0.0,0.0,0.0,0.0,6
2023-05-10 23:27:50,cu2311C77000,cu2311C77000,468.0,0.0,0.0,0.0,2,230.0,2990.0,2,468.0,384.0,0.0,0.0,0.0,0.0,6
2023-05-10 23:27:51,cu2311C77000,cu2311C77000,468.0,0.0,0.0,0.0,2,230.0,2968.0,1,468.0,384.0,0.0,0.0,0.0,0.0,6
2023-05-10 23:27:51,cu2311C77000,cu2311C77000,468.0,0.0,0.0,0.0,2,230.0,2968.0,1,468.0,384.0,0.0,0.0,0.0,0.0,6
2023-05-10 23:27:52,cu2311C77000,cu2311C77000,468.0,0.0,0.0,0.0,2,230.0,2966.0,2,468.0,384.0,0.0,0.0,0.0,0.0,6
2023-05-10 23:27:52,cu2311C77000,cu2311C77000,468.0,0.0,0.0,0.0,2,230.0,2944.0,1,468.0,384.0,0.0,0.0,0.0,0.0,6
2023-05-10 23:27:53,cu2311C77000,cu2311C77000,468.0,0.0,0.0,0.0,2,230.0,2944.0,1,468.0,384.0,0.0,0.0,0.0,0.0,6
2023-05-10 23:27:54,cu2311C77000,cu2311C77000,468.0,0.0,0.0,0.0,2,230.0,2942.0,2,468.0,384.0,0.0,0.0,0.0,0.0,6
2023-05-10 23:27:54,cu2311C77000,cu2311C77000,468.0,0.0,0.0,0.0,2,230.0,2920.0,1,468.0,384.0,0.0,0.0,0.0,0.0,6
2023-05-10 23:27:55,cu2311C77000,cu2311C77000,468.0,0.0,0.0,0.0,2,230.0,2920.0,1,468.0,384.0,0.0,0.0,0.0,0.0,6
2023-05-10 23:27:55,cu2311C77000,cu2311C77000,468.0,0.0,0.0,0.0,2,230.0,2918.0,2,468.0,384.0,0.0,0.0,0.0,0.0,6
2023-05-10 23:27:56,cu2311C77000,cu2311C77000,468.0,0.0,0.0,0.0,2,230.0,2896.0,1,468.0,384.0,0.0,0.0,0.0,0.0,6
2023-05-10 23:27:56,cu2311C77000,cu2311C77000,468.0,0.0,0.0,0.0,2,230.0,2896.0,1,468.0,384.0,0.0,0.0,0.0,0.0,6
2023-05-10 23:27:57,cu2311C77000,cu2311C77000,468.0,0.0,0.0,0.0,2,230.0,2894.0,2,468.0,384.0,0.0,0.0,0.0,0.0,6
2023-05-10 23:27:57,cu2311C77000,cu2311C77000,468.0,0.0,0.0,0.0,2,230.0,2872.0,1,468.0,384.0,0.0,0.0,0.0,0.0,6
2023-05-10 23:27:58,cu2311C77000,cu2311C77000,468.0,0.0,0.0,0.0,2,230.0,2872.0,1,468.0,384.0,0.0,0.0,0.0,0.0,6
2023-05-10 23:27:58,cu2311C77000,cu2311C77000,468.0,0.0,0.0,0.0,2,230.0,2870.0,2,468.0,384.0,0.0,0.0,0.0,0.0,6
2023-05-10 23:27:59,cu2311C77000,cu2311C77000,468.0,0.0,0.0,0.0,2,230.0,2848.0,1,468.0,384.0,0.0,0.0,0.0,0.0,6
2023-05-10 23:27:59,cu2311C77000,cu2311C77000,468.0,0.0,0.0,0.0,2,230.0,2848.0,1,468.0,384.0,0.0,0.0,0.0,0.0,6
2023-05-10 23:28:00,cu2311C77000,cu2311C77000,468.0,0.0,0.0,0.0,2,230.0,2846.0,2,468.0,384.0,0.0,0.0,0.0,0.0,6
2023-05-10 23:28:00,cu2311C77000,cu2311C77000,468.0,0.0,0.0,0.0,2,230.0,2824.0,1,468.0,384.0,0.0,0.0,0.0,0.0,6
2023-05-10 23:28:01,cu2311C77000,cu2311C77000,468.0,0.0,0.0,0.0,2,230.0,2824.0,1,468.0,384.0,0.0,0.0,0.0,0.0,6
2023-05-10 23:28:01,cu2311C77000,cu2311C77000,468.0,0.0,0.0,0.0,2,230.0,2822.0,2,468.0,384.0,0.0,0.0,0.0,0.0,6
2023-05-10 23:28:02,cu2311C77000,cu2311C77000,468.0,0.0,0.0,0.0,2,230.0,2800.0,1,468.0,384.0,0.0,0.0,0.0,0.0,6
2023-05-10 23:28:02,cu2311C77000,cu2311C77000,468.0,0.0,0.0,0.0,2,230.0,2800.0,1,468.0,384.0,0.0,0.0,0.0,0.0,6
2023-05-10 23:28:03,cu2311C77000,cu2311C77000,468.0,0.0,0.0,0.0,2,230.0,2798.0,2,468.0,384.0,0.0,0.0,0.0,0.0,6
2023-05-10 23:28:03,cu2311C77000,cu2311C77000,468.0,0.0,0.0,0.0,2,230.0,2798.0,2,468.0,384.0,0.0,0.0,0.0,0.0,6
2023-05-10 23:28:04,cu2311C77000,cu2311C77000,468.0,0.0,0.0,0.0,2,230.0,2776.0,1,468.0,384.0,0.0,0.0,0.0,0.0,6
2023-05-10 23:28:05,cu2311C77000,cu2311C77000,468.0,0.0,0.0,0.0,2,230.0,2776.0,1,468.0,384.0,0.0,0.0,0.0,0.0,6
2023-05-10 23:28:05,cu2311C77000,cu2311C77000,468.0,0.0,0.0,0.0,2,230.0,2774.0,2,468.0,384.0,0.0,0.0,0.0,0.0,6
2023-05-10 23:28:06,cu2311C77000,cu2311C77000,468.0,0.0,0.0,0.0,2,230.0,2752.0,1,468.0,384.0,0.0,0.0,0.0,0.0,6
2023-05-10 23:28:07,cu2311C77000,cu2311C77000,468.0,0.0,0.0,0.0,2,230.0,2752.0,1,468.0,384.0,0.0,0.0,0.0,0.0,6
2023-05-10 23:28:08,cu2311C77000,cu2311C77000,468.0,0.0,0.0,0.0,2,230.0,2750.0,2,468.0,384.0,0.0,0.0,0.0,0.0,6
2023-05-10 23:28:08,cu2311C77000,cu2311C77000,468.0,0.0,0.0,0.0,2,230.0,2750.0,2,468.0,384.0,0.0,0.0,0.0,0.0,6
2023-05-10 23:28:09,cu2311C77000,cu2311C77000,468.0,0.0,0.0,0.0,2,230.0,2728.0,1,468.0,384.0,0.0,0.0,0.0,0.0,6
2023-05-10 23:28:09,cu2311C77000,cu2311C77000,468.0,0.0,0.0,0.0,2,230.0,2728.0,1,468.0,384.0,0.0,0.0,0.0,0.0,6
2023-05-10 23:28:10,cu2311C77000,cu2311C77000,468.0,0.0,0.0,0.0,2,230.0,2726.0,2,468.0,384.0,0.0,0.0,0.0,0.0,6
2023-05-10 23:28:10,cu2311C77000,cu2311C77000,468.0,0.0,0.0,0.0,2,230.0,2726.0,2,468.0,384.0,0.0,0.0,0.0,0.0,6
2023-05-10 23:28:11,cu2311C77000,cu2311C77000,468.0,0.0,0.0,0.0,2,230.0,2704.0,1,468.0,384.0,0.0,0.0,0.0,0.0,6
2023-05-10 23:28:12,cu2311C77000,cu2311C77000,468.0,0.0,0.0,0.0,2,230.0,2704.0,1,468.0,384.0,0.0,0.0,0.0,0.0,6
2023-05-10 23:28:12,cu2311C77000,cu2311C77000,468.0,0.0,0.0,0.0,2,230.0,2702.0,2,468.0,384.0,0.0,0.0,0.0,0.0,6
2023-05-10 23:28:13,cu2311C77000,cu2311C77000,468.0,0.0,0.0,0.0,2,230.0,2680.0,1,468.0,384.0,0.0,0.0,0.0,0.0,6
2023-05-10 23:28:13,cu2311C77000,cu2311C77000,468.0,0.0,0.0,0.0,2,230.0,2680.0,1,468.0,384.0,0.0,0.0,0.0,0.0,6
2023-05-10 23:28:14,cu2311C77000,cu2311C77000,468.0,0.0,0.0,0.0,2,230.0,2678.0,2,468.0,384.0,0.0,0.0,0.0,0.0,6
2023-05-10 23:28:14,cu2311C77000,cu2311C77000,468.0,0.0,0.0,0.0,2,230.0,2678.0,2,468.0,384.0,0.0,0.0,0.0,0.0,6
2023-05-10 23:28:15,cu2311C77000,cu2311C77000,468.0,0.0,0.0,0.0,2,230.0,2656.0,1,468.0,384.0,0.0,0.0,0.0,0.0,6
2023-05-10 23:28:15,cu2311C77000,cu2311C77000,468.0,0.0,0.0,0.0,2,230.0,2656.0,1,468.0,384.0,0.0,0.0,0.0,0.0,6
2023-05-10 23:28:16,cu2311C77000,cu2311C77000,468.0,0.0,0.0,0.0,2,230.0,2654.0,2,468.0,384.0,0.0,0.0,0.0,0.0,6
2023-05-10 23:28:16,cu2311C77000,cu2311C77000,468.0,0.0,0.0,0.0,2,230.0,2654.0,2,468.0,384.0,0.0,0.0,0.0,0.0,6
2023-05-10 23:28:17,cu2311C77000,cu2311C77000,468.0,0.0,0.0,0.0,2,230.0,2632.0,1,468.0,384.0,0.0,0.0,0.0,0.0,6
2023-05-10 23:28:17,cu2311C77000,cu2311C77000,468.0,0.0,0.0,0.0,2,230.0,2632.0,1,468.0,384.0,0.0,0.0,0.0,0.0,6
2023-05-10 23:28:18,cu2311C77000,cu2311C77000,468.0,0.0,0.0,0.0,2,230.0,2630.0,2,468.0,384.0,0.0,0.0,0.0,0.0,6
2023-05-10 23:28:18,cu2311C77000,cu2311C77000,468.0,0.0,0.0,0.0,2,230.0,2630.0,2,468.0,384.0,0.0,0.0,0.0,0.0,6
2023-05-10 23:28:19,cu2311C77000,cu2311C77000,468.0,0.0,0.0,0.0,2,230.0,2608.0,1,468.0,384.0,0.0,0.0,0.0,0.0,6
2023-05-10 23:28:19,cu2311C77000,cu2311C77000,468.0,0.0,0.0,0.0,2,230.0,2608.0,1,468.0,384.0,0.0,0.0,0.0,0.0,6
2023-05-10 23:28:20,cu2311C77000,cu2311C77000,468.0,0.0,0.0,0.0,2,230.0,2606.0,2,468.0,384.0,0.0,0.0,0.0,0.0,6
2023-05-10 23:28:20,cu2311C77000,cu2311C77000,468.0,0.0,0.0,0.0,2,230.0,2584.0,1,468.0,384.0,0.0,0.0,0.0,0.0,6
2023-05-10 23:28:21,cu2311C77000,cu2311C77000,468.0,0.0,0.0,0.0,2,230.0,2584.0,1,468.0,384.0,0.0,0.0,0.0,0.0,6
2023-05-10 23:28:21,cu2311C77000,cu2311C77000,468.0,0.0,0.0,0.0,2,230.0,2582.0,2,468.0,384.0,0.0,0.0,0.0,0.0,6
2023-05-10 23:28:22,cu2311C77000,cu2311C77000,468.0,0.0,0.0,0.0,2,230.0,2560.0,1,468.0,384.0,0.0,0.0,0.0,0.0,6
2023-05-10 23:28:22,cu2311C77000,cu2311C77000,468.0,0.0,0.0,0.0,2,230.0,2560.0,1,468.0,384.0,0.0,0.0,0.0,0.0,6
2023-05-10 23:28:23,cu2311C77000,cu2311C77000,468.0,0.0,0.0,0.0,2,230.0,2558.0,2,468.0,384.0,0.0,0.0,0.0,0.0,6
2023-05-10 23:28:23,cu2311C77000,cu2311C77000,468.0,0.0,0.0,0.0,2,230.0,2536.0,1,468.0,384.0,0.0,0.0,0.0,0.0,6
2023-05-10 23:28:24,cu2311C77000,cu2311C77000,468.0,0.0,0.0,0.0,2,230.0,2536.0,1,468.0,384.0,0.0,0.0,0.0,0.0,6
2023-05-10 23:28:24,cu2311C77000,cu2311C77000,468.0,0.0,0.0,0.0,2,230.0,2534.0,2,468.0,384.0,0.0,0.0,0.0,0.0,6
2023-05-10 23:28:25,cu2311C77000,cu2311C77000,468.0,0.0,0.0,0.0,2,230.0,2512.0,1,468.0,384.0,0.0,0.0,0.0,0.0,6
2023-05-10 23:28:25,cu2311C77000,cu2311C77000,468.0,0.0,0.0,0.0,2,230.0,2512.0,1,468.0,384.0,0.0,0.0,0.0,0.0,6
2023-05-10 23:28:26,cu2311C77000,cu2311C77000,468.0,0.0,0.0,0.0,2,230.0,2510.0,2,468.0,384.0,0.0,0.0,0.0,0.0,6
2023-05-10 23:28:26,cu2311C77000,cu2311C77000,468.0,0.0,0.0,0.0,2,230.0,2488.0,1,468.0,384.0,0.0,0.0,0.0,0.0,6
2023-05-10 23:28:27,cu2311C77000,cu2311C77000,468.0,0.0,0.0,0.0,2,230.0,2488.0,1,468.0,384.0,0.0,0.0,0.0,0.0,6
2023-05-10 23:28:27,cu2311C77000,cu2311C77000,468.0,0.0,0.0,0.0,2,230.0,2486.0,2,468.0,384.0,0.0,0.0,0.0,0.0,6
2023-05-10 23:28:28,cu2311C77000,cu2311C77000,468.0,0.0,0.0,0.0,2,230.0,2464.0,1,468.0,384.0,0.0,0.0,0.0,0.0,6
2023-05-10 23:28:28,cu2311C77000,cu2311C77000,468.0,0.0,0.0,0.0,2,230.0,2464.0,1,468.0,384.0,0.0,0.0,0.0,0.0,6
2023-05-10 23:28:29,cu2311C77000,cu2311C77000,468.0,0.0,0.0,0.0,2,230.0,2462.0,2,468.0,384.0,0.0,0.0,0.0,0.0,6
2023-05-10 23:28:29,cu2311C77000,cu2311C77000,468.0,0.0,0.0,0.0,2,230.0,2440.0,1,468.0,384.0,0.0,0.0,0.0,0.0,6
2023-05-10 23:28:30,cu2311C77000,cu2311C77000,468.0,0.0,0.0,0.0,2,230.0,2440.0,1,468.0,384.0,0.0,0.0,0.0,0.0,6
2023-05-10 23:28:30,cu2311C77000,cu2311C77000,468.0,0.0,0.0,0.0,2,230.0,2438.0,2,468.0,384.0,0.0,0.0,0.0,0.0,6
2023-05-10 23:28:31,cu2311C77000,cu2311C77000,468.0,0.0,0.0,0.0,2,230.0,2438.0,2,468.0,384.0,0.0,0.0,0.0,0.0,6
2023-05-10 23:28:31,cu2311C77000,cu2311C77000,468.0,0.0,0.0,0.0,2,230.0,2416.0,1,468.0,384.0,0.0,0.0,0.0,0.0,6
2023-05-10 23:28:32,cu2311C77000,cu2311C77000,468.0,0.0,0.0,0.0,2,230.0,2416.0,1,468.0,384.0,0.0,0.0,0.0,0.0,6
2023-05-10 23:28:32,cu2311C77000,cu2311C77000,468.0,0.0,0.0,0.0,2,230.0,2414.0,2,468.0,384.0,0.0,0.0,0.0,0.0,6
2023-05-10 23:28:33,cu2311C77000,cu2311C77000,468.0,0.0,0.0,0.0,2,230.0,2414.0,2,468.0,384.0,0.0,0.0,0.0,0.0,6
2023-05-10 23:28:33,cu2311C77000,cu2311C77000,468.0,0.0,0.0,0.0,2,230.0,2392.0,1,468.0,384.0,0.0,0.0,0.0,0.0,6
2023-05-10 23:28:34,cu2311C77000,cu2311C77000,468.0,0.0,0.0,0.0,2,230.0,2392.0,1,468.0,384.0,0.0,0.0,0.0,0.0,6
2023-05-10 23:28:34,cu2311C77000,cu2311C77000,468.0,0.0,0.0,0.0,2,230.0,2390.0,2,468.0,384.0,0.0,0.0,0.0,0.0,6
2023-05-10 23:28:35,cu2311C77000,cu2311C77000,468.0,0.0,0.0,0.0,2,230.0,2390.0,2,468.0,384.0,0.0,0.0,0.0,0.0,6
2023-05-10 23:28:35,cu2311C77000,cu2311C77000,468.0,0.0,0.0,0.0,2,230.0,2368.0,1,468.0,384.0,0.0,0.0,0.0,0.0,6
2023-05-10 23:28:36,cu2311C77000,cu2311C77000,468.0,0.0,0.0,0.0,2,230.0,2368.0,1,468.0,384.0,0.0,0.0,0.0,0.0,6
2023-05-10 23:28:36,cu2311C77000,cu2311C77000,468.0,0.0,0.0,0.0,2,230.0,2366.0,2,468.0,384.0,0.0,0.0,0.0,0.0,6
2023-05-10 23:28:37,cu2311C77000,cu2311C77000,468.0,0.0,0.0,0.0,2,230.0,2366.0,2,468.0,384.0,0.0,0.0,0.0,0.0,6
2023-05-10 23:28:37,cu2311C77000,cu2311C77000,468.0,0.0,0.0,0.0,2,230.0,2344.0,1,468.0,384.0,0.0,0.0,0.0,0.0,6
2023-05-10 23:28:38,cu2311C77000,cu2311C77000,468.0,0.0,0.0,0.0,2,230.0,2344.0,1,468.0,384.0,0.0,0.0,0.0,0.0,6
2023-05-10 23:28:38,cu2311C77000,cu2311C77000,468.0,0.0,0.0,0.0,2,230.0,2342.0,2,468.0,384.0,0.0,0.0,0.0,0.0,6
2023-05-10 23:28:39,cu2311C77000,cu2311C77000,468.0,0.0,0.0,0.0,2,230.0,2342.0,2,468.0,384.0,0.0,0.0,0.0,0.0,6
2023-05-10 23:28:39,cu2311C77000,cu2311C77000,468.0,0.0,0.0,0.0,2,230.0,2320.0,1,468.0,384.0,0.0,0.0,0.0,0.0,6
2023-05-10 23:28:41,cu2311C77000,cu2311C77000,468.0,0.0,0.0,0.0,2,230.0,2320.0,1,468.0,384.0,0.0,0.0,0.0,0.0,6
2023-05-10 23:28:41,cu2311C77000,cu2311C77000,468.0,0.0,0.0,0.0,2,230.0,2318.0,2,468.0,384.0,0.0,0.0,0.0,0.0,6
2023-05-10 23:28:42,cu2311C77000,cu2311C77000,468.0,0.0,0.0,0.0,2,230.0,2296.0,1,468.0,384.0,0.0,0.0,0.0,0.0,6
2023-05-10 23:28:42,cu2311C77000,cu2311C77000,468.0,0.0,0.0,0.0,2,230.0,2296.0,1,468.0,384.0,0.0,0.0,0.0,0.0,6
2023-05-10 23:28:43,cu2311C77000,cu2311C77000,468.0,0.0,0.0,0.0,2,230.0,2294.0,2,468.0,384.0,0.0,0.0,0.0,0.0,6
2023-05-10 23:28:43,cu2311C77000,cu2311C77000,468.0,0.0,0.0,0.0,2,230.0,2272.0,1,468.0,384.0,0.0,0.0,0.0,0.0,6
2023-05-10 23:28:45,cu2311C77000,cu2311C77000,468.0,0.0,0.0,0.0,2,230.0,2272.0,1,468.0,384.0,0.0,0.0,0.0,0.0,6
2023-05-10 23:28:46,cu2311C77000,cu2311C77000,468.0,0.0,0.0,0.0,2,230.0,2270.0,2,468.0,384.0,0.0,0.0,0.0,0.0,6
2023-05-10 23:28:46,cu2311C77000,cu2311C77000,468.0,0.0,0.0,0.0,2,230.0,2270.0,2,468.0,384.0,0.0,0.0,0.0,0.0,6
2023-05-10 23:28:47,cu2311C77000,cu2311C77000,468.0,0.0,0.0,0.0,2,230.0,2248.0,1,468.0,384.0,0.0,0.0,0.0,0.0,6
2023-05-10 23:28:47,cu2311C77000,cu2311C77000,468.0,0.0,0.0,0.0,2,230.0,2248.0,1,468.0,384.0,0.0,0.0,0.0,0.0,6
2023-05-10 23:28:48,cu2311C77000,cu2311C77000,468.0,0.0,0.0,0.0,2,230.0,2246.0,2,468.0,384.0,0.0,0.0,0.0,0.0,6
2023-05-10 23:28:48,cu2311C77000,cu2311C77000,468.0,0.0,0.0,0.0,2,230.0,2246.0,2,468.0,384.0,0.0,0.0,0.0,0.0,6
2023-05-10 23:28:49,cu2311C77000,cu2311C77000,468.0,0.0,0.0,0.0,2,230.0,2224.0,1,468.0,384.0,0.0,0.0,0.0,0.0,6
2023-05-10 23:28:49,cu2311C77000,cu2311C77000,468.0,0.0,0.0,0.0,2,230.0,2224.0,1,468.0,384.0,0.0,0.0,0.0,0.0,6
2023-05-10 23:28:50,cu2311C77000,cu2311C77000,468.0,0.0,0.0,0.0,2,230.0,2222.0,2,468.0,384.0,0.0,0.0,0.0,0.0,6
2023-05-10 23:28:50,cu2311C77000,cu2311C77000,468.0,0.0,0.0,0.0,2,230.0,2222.0,2,468.0,384.0,0.0,0.0,0.0,0.0,6
2023-05-10 23:28:51,cu2311C77000,cu2311C77000,468.0,0.0,0.0,0.0,2,230.0,2200.0,1,468.0,384.0,0.0,0.0,0.0,0.0,6
2023-05-10 23:28:51,cu2311C77000,cu2311C77000,468.0,0.0,0.0,0.0,2,230.0,2200.0,1,468.0,384.0,0.0,0.0,0.0,0.0,6
2023-05-10 23:28:52,cu2311C77000,cu2311C77000,468.0,0.0,0.0,0.0,2,230.0,2198.0,2,468.0,384.0,0.0,0.0,0.0,0.0,6
2023-05-10 23:28:52,cu2311C77000,cu2311C77000,468.0,0.0,0.0,0.0,2,230.0,2198.0,2,468.0,384.0,0.0,0.0,0.0,0.0,6
2023-05-10 23:28:53,cu2311C77000,cu2311C77000,468.0,0.0,0.0,0.0,2,230.0,2176.0,1,468.0,384.0,0.0,0.0,0.0,0.0,6
2023-05-10 23:28:53,cu2311C77000,cu2311C77000,468.0,0.0,0.0,0.0,2,230.0,2176.0,1,468.0,384.0,0.0,0.0,0.0,0.0,6
2023-05-10 23:28:54,cu2311C77000,cu2311C77000,468.0,0.0,0.0,0.0,2,230.0,2174.0,2,468.0,384.0,0.0,0.0,0.0,0.0,6
2023-05-10 23:28:54,cu2311C77000,cu2311C77000,468.0,0.0,0.0,0.0,2,230.0,2174.0,2,468.0,384.0,0.0,0.0,0.0,0.0,6
2023-05-10 23:28:55,cu2311C77000,cu2311C77000,468.0,0.0,0.0,0.0,2,230.0,2152.0,1,468.0,384.0,0.0,0.0,0.0,0.0,6
2023-05-10 23:28:55,cu2311C77000,cu2311C77000,468.0,0.0,0.0,0.0,2,230.0,2152.0,1,468.0,384.0,0.0,0.0,0.0,0.0,6
2023-05-10 23:28:56,cu2311C77000,cu2311C77000,468.0,0.0,0.0,0.0,2,230.0,2150.0,2,468.0,384.0,0.0,0.0,0.0,0.0,6
2023-05-10 23:28:56,cu2311C77000,cu2311C77000,468.0,0.0,0.0,0.0,2,230.0,2128.0,1,468.0,384.0,0.0,0.0,0.0,0.0,6
2023-05-10 23:28:57,cu2311C77000,cu2311C77000,468.0,0.0,0.0,0.0,2,230.0,2128.0,1,468.0,384.0,0.0,0.0,0.0,0.0,6
2023-05-10 23:28:57,cu2311C77000,cu2311C77000,468.0,0.0,0.0,0.0,2,230.0,2126.0,2,468.0,384.0,0.0,0.0,0.0,0.0,6
2023-05-10 23:28:58,cu2311C77000,cu2311C77000,468.0,0.0,0.0,0.0,2,230.0,2104.0,1,468.0,384.0,0.0,0.0,0.0,0.0,6
2023-05-10 23:28:58,cu2311C77000,cu2311C77000,468.0,0.0,0.0,0.0,2,230.0,2104.0,1,468.0,384.0,0.0,0.0,0.0,0.0,6
2023-05-10 23:28:59,cu2311C77000,cu2311C77000,468.0,0.0,0.0,0.0,2,230.0,2102.0,2,468.0,384.0,0.0,0.0,0.0,0.0,6
2023-05-10 23:28:59,cu2311C77000,cu2311C77000,468.0,0.0,0.0,0.0,2,230.0,2080.0,1,468.0,384.0,0.0,0.0,0.0,0.0,6
2023-05-10 23:29:00,cu2311C77000,cu2311C77000,468.0,0.0,0.0,0.0,2,230.0,2080.0,1,468.0,384.0,0.0,0.0,0.0,0.0,6
2023-05-10 23:29:00,cu2311C77000,cu2311C77000,468.0,0.0,0.0,0.0,2,230.0,2078.0,2,468.0,384.0,0.0,0.0,0.0,0.0,6
2023-05-10 23:29:01,cu2311C77000,cu2311C77000,468.0,0.0,0.0,0.0,2,230.0,2056.0,1,468.0,384.0,0.0,0.0,0.0,0.0,6
2023-05-10 23:29:02,cu2311C77000,cu2311C77000,468.0,0.0,0.0,0.0,2,230.0,2056.0,1,468.0,384.0,0.0,0.0,0.0,0.0,6
2023-05-10 23:29:03,cu2311C77000,cu2311C77000,468.0,0.0,0.0,0.0,2,230.0,2054.0,2,468.0,384.0,0.0,0.0,0.0,0.0,6
2023-05-10 23:29:03,cu2311C77000,cu2311C77000,468.0,0.0,0.0,0.0,2,230.0,2032.0,1,468.0,384.0,0.0,0.0,0.0,0.0,6
2023-05-10 23:29:04,cu2311C77000,cu2311C77000,468.0,0.0,0.0,0.0,2,230.0,2032.0,1,468.0,384.0,0.0,0.0,0.0,0.0,6
2023-05-10 23:29:05,cu2311C77000,cu2311C77000,468.0,0.0,0.0,0.0,2,230.0,2030.0,2,468.0,384.0,0.0,0.0,0.0,0.0,6
2023-05-10 23:29:05,cu2311C77000,cu2311C77000,468.0,0.0,0.0,0.0,2,230.0,2008.0,1,468.0,384.0,0.0,0.0,0.0,0.0,6
2023-05-10 23:29:06,cu2311C77000,cu2311C77000,468.0,0.0,0.0,0.0,2,230.0,2008.0,1,468.0,384.0,0.0,0.0,0.0,0.0,6
2023-05-10 23:29:06,cu2311C77000,cu2311C77000,468.0,0.0,0.0,0.0,2,230.0,2006.0,2,468.0,384.0,0.0,0.0,0.0,0.0,6
2023-05-10 23:29:07,cu2311C77000,cu2311C77000,468.0,0.0,0.0,0.0,2,230.0,2006.0,2,468.0,384.0,0.0,0.0,0.0,0.0,6
2023-05-10 23:29:07,cu2311C77000,cu2311C77000,468.0,0.0,0.0,0.0,2,230.0,1984.0,1,468.0,384.0,0.0,0.0,0.0,0.0,6
2023-05-10 23:29:08,cu2311C77000,cu2311C77000,468.0,0.0,0.0,0.0,2,230.0,1984.0,1,468.0,384.0,0.0,0.0,0.0,0.0,6
2023-05-10 23:29:08,cu2311C77000,cu2311C77000,468.0,0.0,0.0,0.0,2,230.0,1982.0,2,468.0,384.0,0.0,0.0,0.0,0.0,6
2023-05-10 23:29:10,cu2311C77000,cu2311C77000,468.0,0.0,0.0,0.0,2,230.0,1960.0,1,468.0,384.0,0.0,0.0,0.0,0.0,6
2023-05-10 23:29:10,cu2311C77000,cu2311C77000,468.0,0.0,0.0,0.0,2,230.0,1960.0,1,468.0,384.0,0.0,0.0,0.0,0.0,6
2023-05-10 23:29:11,cu2311C77000,cu2311C77000,468.0,0.0,0.0,0.0,2,230.0,1958.0,2,468.0,384.0,0.0,0.0,0.0,0.0,6
2023-05-10 23:29:11,cu2311C77000,cu2311C77000,468.0,0.0,0.0,0.0,2,230.0,1936.0,1,468.0,384.0,0.0,0.0,0.0,0.0,6
2023-05-10 23:29:13,cu2311C77000,cu2311C77000,468.0,0.0,0.0,0.0,2,230.0,1936.0,1,468.0,384.0,0.0,0.0,0.0,0.0,6
2023-05-10 23:29:13,cu2311C77000,cu2311C77000,468.0,0.0,0.0,0.0,2,230.0,1934.0,2,468.0,384.0,0.0,0.0,0.0,0.0,6
2023-05-10 23:29:14,cu2311C77000,cu2311C77000,468.0,0.0,0.0,0.0,2,230.0,1934.0,2,468.0,384.0,0.0,0.0,0.0,0.0,6
2023-05-10 23:29:14,cu2311C77000,cu2311C77000,468.0,0.0,0.0,0.0,2,230.0,1912.0,1,468.0,384.0,0.0,0.0,0.0,0.0,6
2023-05-10 23:29:15,cu2311C77000,cu2311C77000,468.0,0.0,0.0,0.0,2,230.0,1912.0,1,468.0,384.0,0.0,0.0,0.0,0.0,6
2023-05-10 23:29:15,cu2311C77000,cu2311C77000,468.0,0.0,0.0,0.0,2,230.0,1910.0,2,468.0,384.0,0.0,0.0,0.0,0.0,6
2023-05-10 23:29:16,cu2311C77000,cu2311C77000,468.0,0.0,0.0,0.0,2,230.0,1888.0,1,468.0,384.0,0.0,0.0,0.0,0.0,6
2023-05-10 23:29:17,cu2311C77000,cu2311C77000,468.0,0.0,0.0,0.0,2,230.0,1888.0,1,468.0,384.0,0.0,0.0,0.0,0.0,6
2023-05-10 23:29:17,cu2311C77000,cu2311C77000,468.0,0.0,0.0,0.0,2,230.0,1886.0,2,468.0,384.0,0.0,0.0,0.0,0.0,6
2023-05-10 23:29:18,cu2311C77000,cu2311C77000,468.0,0.0,0.0,0.0,2,230.0,1864.0,1,468.0,384.0,0.0,0.0,0.0,0.0,6
2023-05-10 23:29:18,cu2311C77000,cu2311C77000,468.0,0.0,0.0,0.0,2,230.0,1864.0,1,468.0,384.0,0.0,0.0,0.0,0.0,6
2023-05-10 23:29:19,cu2311C77000,cu2311C77000,468.0,0.0,0.0,0.0,2,230.0,1862.0,2,468.0,384.0,0.0,0.0,0.0,0.0,6
2023-05-10 23:29:19,cu2311C77000,cu2311C77000,468.0,0.0,0.0,0.0,2,230.0,1840.0,1,468.0,384.0,0.0,0.0,0.0,0.0,6
2023-05-10 23:29:20,cu2311C77000,cu2311C77000,468.0,0.0,0.0,0.0,2,230.0,1840.0,1,468.0,384.0,0.0,0.0,0.0,0.0,6
2023-05-10 23:29:20,cu2311C77000,cu2311C77000,468.0,0.0,0.0,0.0,2,230.0,1838.0,2,468.0,384.0,0.0,0.0,0.0,0.0,6
2023-05-10 23:29:21,cu2311C77000,cu2311C77000,468.0,0.0,0.0,0.0,2,230.0,1816.0,1,468.0,384.0,0.0,0.0,0.0,0.0,6
2023-05-10 23:29:21,cu2311C77000,cu2311C77000,468.0,0.0,0.0,0.0,2,230.0,1816.0,1,468.0,384.0,0.0,0.0,0.0,0.0,6
2023-05-10 23:29:22,cu2311C77000,cu2311C77000,468.0,0.0,0.0,0.0,2,230.0,1814.0,2,468.0,384.0,0.0,0.0,0.0,0.0,6
2023-05-10 23:29:22,cu2311C77000,cu2311C77000,468.0,0.0,0.0,0.0,2,230.0,1792.0,1,468.0,384.0,0.0,0.0,0.0,0.0,6
2023-05-10 23:29:23,cu2311C77000,cu2311C77000,468.0,0.0,0.0,0.0,2,230.0,1792.0,1,468.0,384.0,0.0,0.0,0.0,0.0,6
2023-05-10 23:29:23,cu2311C77000,cu2311C77000,468.0,0.0,0.0,0.0,2,230.0,1790.0,2,468.0,384.0,0.0,0.0,0.0,0.0,6
2023-05-10 23:29:24,cu2311C77000,cu2311C77000,468.0,0.0,0.0,0.0,2,230.0,1768.0,1,468.0,384.0,0.0,0.0,0.0,0.0,6
2023-05-10 23:29:24,cu2311C77000,cu2311C77000,468.0,0.0,0.0,0.0,2,230.0,1768.0,1,468.0,384.0,0.0,0.0,0.0,0.0,6
2023-05-10 23:29:25,cu2311C77000,cu2311C77000,468.0,0.0,0.0,0.0,2,230.0,1766.0,2,468.0,384.0,0.0,0.0,0.0,0.0,6
2023-05-10 23:29:25,cu2311C77000,cu2311C77000,468.0,0.0,0.0,0.0,2,230.0,1744.0,1,468.0,384.0,0.0,0.0,0.0,0.0,6
2023-05-10 23:29:26,cu2311C77000,cu2311C77000,468.0,0.0,0.0,0.0,2,230.0,1744.0,1,468.0,384.0,0.0,0.0,0.0,0.0,6
2023-05-10 23:29:26,cu2311C77000,cu2311C77000,468.0,0.0,0.0,0.0,2,230.0,1742.0,2,468.0,384.0,0.0,0.0,0.0,0.0,6
2023-05-10 23:29:27,cu2311C77000,cu2311C77000,468.0,0.0,0.0,0.0,2,230.0,1720.0,1,468.0,384.0,0.0,0.0,0.0,0.0,6
2023-05-10 23:29:27,cu2311C77000,cu2311C77000,468.0,0.0,0.0,0.0,2,230.0,1720.0,1,468.0,384.0,0.0,0.0,0.0,0.0,6
2023-05-10 23:29:28,cu2311C77000,cu2311C77000,468.0,0.0,0.0,0.0,2,230.0,1718.0,2,468.0,384.0,0.0,0.0,0.0,0.0,6
2023-05-10 23:29:28,cu2311C77000,cu2311C77000,468.0,0.0,0.0,0.0,2,230.0,1718.0,2,468.0,384.0,0.0,0.0,0.0,0.0,6
2023-05-11 00:36:01,cu2311C77000,cu2311C77000,468.0,0.0,0.0,0.0,1,232.0,1718.0,2,468.0,384.0,0.0,0.0,0.0,0.0,6
2023-05-11 00:36:01,cu2311C77000,cu2311C77000,468.0,0.0,0.0,0.0,1,232.0,1718.0,2,468.0,384.0,0.0,0.0,0.0,0.0,6
2023-05-11 00:36:02,cu2311C77000,cu2311C77000,468.0,0.0,0.0,0.0,2,234.0,1718.0,2,468.0,384.0,0.0,0.0,0.0,0.0,6
2023-05-11 00:36:02,cu2311C77000,cu2311C77000,468.0,0.0,0.0,0.0,1,236.0,1718.0,2,468.0,384.0,0.0,0.0,0.0,0.0,6
2023-05-11 00:36:04,cu2311C77000,cu2311C77000,468.0,0.0,0.0,0.0,1,236.0,1718.0,2,468.0,384.0,0.0,0.0,0.0,0.0,6
2023-05-11 00:36:05,cu2311C77000,cu2311C77000,468.0,0.0,0.0,0.0,2,238.0,1718.0,2,468.0,384.0,0.0,0.0,0.0,0.0,6
2023-05-11 00:36:05,cu2311C77000,cu2311C77000,468.0,0.0,0.0,0.0,2,238.0,1718.0,2,468.0,384.0,0.0,0.0,0.0,0.0,6
2023-05-11 00:55:03,cu2311C77000,cu2311C77000,468.0,0.0,0.0,0.0,1,12.0,0.0,0,468.0,384.0,0.0,0.0,0.0,0.0,6
2023-05-11 00:55:03,cu2311C77000,cu2311C77000,468.0,0.0,0.0,0.0,1,26.0,0.0,0,468.0,384.0,0.0,0.0,0.0,0.0,6
2023-05-11 00:57:07,cu2311C77000,cu2311C77000,468.0,0.0,0.0,0.0,1,12.0,0.0,0,468.0,384.0,0.0,0.0,0.0,0.0,6
2023-05-11 00:59:46,cu2311C77000,cu2311C77000,468.0,0.0,0.0,0.0,1,12.0,0.0,0,468.0,384.0,0.0,0.0,0.0,0.0,6
2023-05-11 09:00:32,cu2311C77000,cu2311C77000,468.0,0.0,0.0,0.0,2,14.0,0.0,0,468.0,384.0,0.0,0.0,0.0,0.0,6
2023-05-11 09:01:28,cu2311C77000,cu2311C77000,468.0,0.0,0.0,0.0,1,28.0,0.0,0,468.0,384.0,0.0,0.0,0.0,0.0,6
2023-05-11 09:01:28,cu2311C77000,cu2311C77000,468.0,0.0,0.0,0.0,1,28.0,0.0,0,468.0,384.0,0.0,0.0,0.0,0.0,6
2023-05-11 09:01:29,cu2311C77000,cu2311C77000,468.0,0.0,0.0,0.0,2,30.0,0.0,0,468.0,384.0,0.0,0.0,0.0,0.0,6
2023-05-11 09:01:36,cu2311C77000,cu2311C77000,468.0,0.0,0.0,0.0,2,30.0,0.0,0,468.0,384.0,0.0,0.0,0.0,0.0,6
2023-05-11 09:01:36,cu2311C77000,cu2311C77000,468.0,0.0,0.0,0.0,1,44.0,0.0,0,468.0,384.0,0.0,0.0,0.0,0.0,6
2023-05-11 09:01:37,cu2311C77000,cu2311C77000,468.0,0.0,0.0,0.0,1,44.0,0.0,0,468.0,384.0,0.0,0.0,0.0,0.0,6
2023-05-11 09:01:37,cu2311C77000,cu2311C77000,468.0,0.0,0.0,0.0,2,46.0,0.0,0,468.0,384.0,0.0,0.0,0.0,0.0,6
2023-05-11 09:01:42,cu2311C77000,cu2311C77000,468.0,0.0,0.0,0.0,1,48.0,0.0,0,468.0,384.0,0.0,0.0,0.0,0.0,6
2023-05-11 09:01:42,cu2311C77000,cu2311C77000,468.0,0.0,0.0,0.0,1,48.0,0.0,0,468.0,384.0,0.0,0.0,0.0,0.0,6
2023-05-11 09:01:43,cu2311C77000,cu2311C77000,468.0,0.0,0.0,0.0,2,50.0,0.0,0,468.0,384.0,0.0,0.0,0.0,0.0,6
2023-05-11 09:01:49,cu2311C77000,cu2311C77000,468.0,0.0,0.0,0.0,1,52.0,0.0,0,468.0,384.0,0.0,0.0,0.0,0.0,6
2023-05-11 09:01:50,cu2311C77000,cu2311C77000,468.0,0.0,0.0,0.0,1,52.0,0.0,0,468.0,384.0,0.0,0.0,0.0,0.0,6
2023-05-11 09:01:50,cu2311C77000,cu2311C77000,468.0,0.0,0.0,0.0,2,54.0,0.0,0,468.0,384.0,0.0,0.0,0.0,0.0,6
2023-05-11 09:01:52,cu2311C77000,cu2311C77000,468.0,0.0,0.0,0.0,1,56.0,0.0,0,468.0,384.0,0.0,0.0,0.0,0.0,6
2023-05-11 09:01:52,cu2311C77000,cu2311C77000,468.0,0.0,0.0,0.0,1,56.0,0.0,0,468.0,384.0,0.0,0.0,0.0,0.0,6
2023-05-11 09:01:53,cu2311C77000,cu2311C77000,468.0,0.0,0.0,0.0,2,58.0,0.0,0,468.0,384.0,0.0,0.0,0.0,0.0,6
2023-05-11 09:02:00,cu2311C77000,cu2311C77000,468.0,0.0,0.0,0.0,1,60.0,0.0,0,468.0,384.0,0.0,0.0,0.0,0.0,6
2023-05-11 09:02:01,cu2311C77000,cu2311C77000,468.0,0.0,0.0,0.0,1,60.0,0.0,0,468.0,384.0,0.0,0.0,0.0,0.0,6
2023-05-11 09:02:01,cu2311C77000,cu2311C77000,468.0,0.0,0.0,0.0,2,62.0,0.0,0,468.0,384.0,0.0,0.0,0.0,0.0,6
2023-05-11 09:02:07,cu2311C77000,cu2311C77000,468.0,0.0,0.0,0.0,1,64.0,0.0,0,468.0,384.0,0.0,0.0,0.0,0.0,6
2023-05-11 09:02:07,cu2311C77000,cu2311C77000,468.0,0.0,0.0,0.0,1,64.0,0.0,0,468.0,384.0,0.0,0.0,0.0,0.0,6
2023-05-11 09:02:08,cu2311C77000,cu2311C77000,468.0,0.0,0.0,0.0,2,66.0,0.0,0,468.0,384.0,0.0,0.0,0.0,0.0,6
2023-05-11 09:02:08,cu2311C77000,cu2311C77000,468.0,0.0,0.0,0.0,2,66.0,0.0,0,468.0,384.0,0.0,0.0,0.0,0.0,6
2023-05-11 09:02:09,cu2311C77000,cu2311C77000,468.0,0.0,0.0,0.0,1,68.0,0.0,0,468.0,384.0,0.0,0.0,0.0,0.0,6
2023-05-11 09:02:09,cu2311C77000,cu2311C77000,468.0,0.0,0.0,0.0,1,68.0,0.0,0,468.0,384.0,0.0,0.0,0.0,0.0,6
2023-05-11 09:02:10,cu2311C77000,cu2311C77000,468.0,0.0,0.0,0.0,2,70.0,0.0,0,468.0,384.0,0.0,0.0,0.0,0.0,6
2023-05-11 09:02:10,cu2311C77000,cu2311C77000,468.0,0.0,0.0,0.0,2,70.0,0.0,0,468.0,384.0,0.0,0.0,0.0,0.0,6
2023-05-11 09:02:11,cu2311C77000,cu2311C77000,468.0,0.0,0.0,0.0,1,72.0,0.0,0,468.0,384.0,0.0,0.0,0.0,0.0,6
2023-05-11 09:02:11,cu2311C77000,cu2311C77000,468.0,0.0,0.0,0.0,1,72.0,0.0,0,468.0,384.0,0.0,0.0,0.0,0.0,6
2023-05-11 09:02:12,cu2311C77000,cu2311C77000,468.0,0.0,0.0,0.0,2,74.0,0.0,0,468.0,384.0,0.0,0.0,0.0,0.0,6
2023-05-11 09:02:12,cu2311C77000,cu2311C77000,468.0,0.0,0.0,0.0,2,74.0,0.0,0,468.0,384.0,0.0,0.0,0.0,0.0,6
2023-05-11 09:02:13,cu2311C77000,cu2311C77000,468.0,0.0,0.0,0.0,1,76.0,0.0,0,468.0,384.0,0.0,0.0,0.0,0.0,6
2023-05-11 09:02:13,cu2311C77000,cu2311C77000,468.0,0.0,0.0,0.0,1,76.0,0.0,0,468.0,384.0,0.0,0.0,0.0,0.0,6
2023-05-11 09:02:14,cu2311C77000,cu2311C77000,468.0,0.0,0.0,0.0,2,78.0,0.0,0,468.0,384.0,0.0,0.0,0.0,0.0,6
2023-05-11 09:02:15,cu2311C77000,cu2311C77000,468.0,0.0,0.0,0.0,1,80.0,0.0,0,468.0,384.0,0.0,0.0,0.0,0.0,6
2023-05-11 09:02:15,cu2311C77000,cu2311C77000,468.0,0.0,0.0,0.0,1,80.0,0.0,0,468.0,384.0,0.0,0.0,0.0,0.0,6
2023-05-11 09:02:16,cu2311C77000,cu2311C77000,468.0,0.0,0.0,0.0,2,82.0,0.0,0,468.0,384.0,0.0,0.0,0.0,0.0,6
2023-05-11 09:02:16,cu2311C77000,cu2311C77000,468.0,0.0,0.0,0.0,1,84.0,0.0,0,468.0,384.0,0.0,0.0,0.0,0.0,6
2023-05-11 09:02:17,cu2311C77000,cu2311C77000,468.0,0.0,0.0,0.0,1,84.0,0.0,0,468.0,384.0,0.0,0.0,0.0,0.0,6
2023-05-11 09:02:17,cu2311C77000,cu2311C77000,468.0,0.0,0.0,0.0,2,86.0,0.0,0,468.0,384.0,0.0,0.0,0.0,0.0,6
2023-05-11 09:02:18,cu2311C77000,cu2311C77000,468.0,0.0,0.0,0.0,2,86.0,0.0,0,468.0,384.0,0.0,0.0,0.0,0.0,6
2023-05-11 09:02:18,cu2311C77000,cu2311C77000,468.0,0.0,0.0,0.0,1,88.0,0.0,0,468.0,384.0,0.0,0.0,0.0,0.0,6
2023-05-11 09:02:19,cu2311C77000,cu2311C77000,468.0,0.0,0.0,0.0,1,88.0,0.0,0,468.0,384.0,0.0,0.0,0.0,0.0,6
2023-05-11 09:02:19,cu2311C77000,cu2311C77000,468.0,0.0,0.0,0.0,2,90.0,0.0,0,468.0,384.0,0.0,0.0,0.0,0.0,6
2023-05-11 09:02:21,cu2311C77000,cu2311C77000,468.0,0.0,0.0,0.0,1,92.0,0.0,0,468.0,384.0,0.0,0.0,0.0,0.0,6
2023-05-11 09:02:21,cu2311C77000,cu2311C77000,468.0,0.0,0.0,0.0,1,92.0,0.0,0,468.0,384.0,0.0,0.0,0.0,0.0,6
2023-05-11 09:02:22,cu2311C77000,cu2311C77000,468.0,0.0,0.0,0.0,2,94.0,0.0,0,468.0,384.0,0.0,0.0,0.0,0.0,6
2023-05-11 09:02:22,cu2311C77000,cu2311C77000,468.0,0.0,0.0,0.0,1,96.0,0.0,0,468.0,384.0,0.0,0.0,0.0,0.0,6
2023-05-11 09:02:23,cu2311C77000,cu2311C77000,468.0,0.0,0.0,0.0,1,96.0,0.0,0,468.0,384.0,0.0,0.0,0.0,0.0,6
2023-05-11 09:02:23,cu2311C77000,cu2311C77000,468.0,0.0,0.0,0.0,2,98.0,0.0,0,468.0,384.0,0.0,0.0,0.0,0.0,6
2023-05-11 09:02:24,cu2311C77000,cu2311C77000,468.0,0.0,0.0,0.0,2,98.0,0.0,0,468.0,384.0,0.0,0.0,0.0,0.0,6
2023-05-11 09:02:24,cu2311C77000,cu2311C77000,468.0,0.0,0.0,0.0,1,100.0,0.0,0,468.0,384.0,0.0,0.0,0.0,0.0,6
2023-05-11 09:02:25,cu2311C77000,cu2311C77000,468.0,0.0,0.0,0.0,1,100.0,0.0,0,468.0,384.0,0.0,0.0,0.0,0.0,6
2023-05-11 09:02:25,cu2311C77000,cu2311C77000,468.0,0.0,0.0,0.0,2,102.0,0.0,0,468.0,384.0,0.0,0.0,0.0,0.0,6
2023-05-11 09:02:26,cu2311C77000,cu2311C77000,468.0,0.0,0.0,0.0,2,102.0,0.0,0,468.0,384.0,0.0,0.0,0.0,0.0,6
2023-05-11 09:02:26,cu2311C77000,cu2311C77000,468.0,0.0,0.0,0.0,1,104.0,0.0,0,468.0,384.0,0.0,0.0,0.0,0.0,6
2023-05-11 09:02:27,cu2311C77000,cu2311C77000,468.0,0.0,0.0,0.0,1,104.0,0.0,0,468.0,384.0,0.0,0.0,0.0,0.0,6
2023-05-11 09:02:27,cu2311C77000,cu2311C77000,468.0,0.0,0.0,0.0,2,106.0,0.0,0,468.0,384.0,0.0,0.0,0.0,0.0,6
2023-05-11 09:02:28,cu2311C77000,cu2311C77000,468.0,0.0,0.0,0.0,2,106.0,0.0,0,468.0,384.0,0.0,0.0,0.0,0.0,6
2023-05-11 09:02:29,cu2311C77000,cu2311C77000,468.0,0.0,0.0,0.0,1,108.0,0.0,0,468.0,384.0,0.0,0.0,0.0,0.0,6
2023-05-11 09:02:29,cu2311C77000,cu2311C77000,468.0,0.0,0.0,0.0,1,108.0,0.0,0,468.0,384.0,0.0,0.0,0.0,0.0,6
2023-05-11 09:02:30,cu2311C77000,cu2311C77000,468.0,0.0,0.0,0.0,2,110.0,0.0,0,468.0,384.0,0.0,0.0,0.0,0.0,6
2023-05-11 09:02:31,cu2311C77000,cu2311C77000,468.0,0.0,0.0,0.0,1,112.0,0.0,0,468.0,384.0,0.0,0.0,0.0,0.0,6
2023-05-11 09:02:31,cu2311C77000,cu2311C77000,468.0,0.0,0.0,0.0,1,112.0,0.0,0,468.0,384.0,0.0,0.0,0.0,0.0,6
2023-05-11 09:02:32,cu2311C77000,cu2311C77000,468.0,0.0,0.0,0.0,2,114.0,0.0,0,468.0,384.0,0.0,0.0,0.0,0.0,6
2023-05-11 09:02:32,cu2311C77000,cu2311C77000,468.0,0.0,0.0,0.0,2,114.0,0.0,0,468.0,384.0,0.0,0.0,0.0,0.0,6
2023-05-11 09:02:33,cu2311C77000,cu2311C77000,468.0,0.0,0.0,0.0,1,116.0,0.0,0,468.0,384.0,0.0,0.0,0.0,0.0,6
2023-05-11 09:02:33,cu2311C77000,cu2311C77000,468.0,0.0,0.0,0.0,1,116.0,0.0,0,468.0,384.0,0.0,0.0,0.0,0.0,6
2023-05-11 09:02:34,cu2311C77000,cu2311C77000,468.0,0.0,0.0,0.0,2,118.0,0.0,0,468.0,384.0,0.0,0.0,0.0,0.0,6
2023-05-11 09:02:34,cu2311C77000,cu2311C77000,468.0,0.0,0.0,0.0,2,118.0,0.0,0,468.0,384.0,0.0,0.0,0.0,0.0,6
2023-05-11 09:02:35,cu2311C77000,cu2311C77000,468.0,0.0,0.0,0.0,1,120.0,0.0,0,468.0,384.0,0.0,0.0,0.0,0.0,6
2023-05-11 09:02:35,cu2311C77000,cu2311C77000,468.0,0.0,0.0,0.0,1,120.0,0.0,0,468.0,384.0,0.0,0.0,0.0,0.0,6
2023-05-11 09:02:36,cu2311C77000,cu2311C77000,468.0,0.0,0.0,0.0,2,122.0,0.0,0,468.0,384.0,0.0,0.0,0.0,0.0,6
2023-05-11 09:02:36,cu2311C77000,cu2311C77000,468.0,0.0,0.0,0.0,2,122.0,0.0,0,468.0,384.0,0.0,0.0,0.0,0.0,6
2023-05-11 09:02:37,cu2311C77000,cu2311C77000,468.0,0.0,0.0,0.0,1,124.0,0.0,0,468.0,384.0,0.0,0.0,0.0,0.0,6
2023-05-11 09:02:37,cu2311C77000,cu2311C77000,468.0,0.0,0.0,0.0,1,124.0,0.0,0,468.0,384.0,0.0,0.0,0.0,0.0,6
2023-05-11 09:02:38,cu2311C77000,cu2311C77000,468.0,0.0,0.0,0.0,2,126.0,0.0,0,468.0,384.0,0.0,0.0,0.0,0.0,6
2023-05-11 09:02:39,cu2311C77000,cu2311C77000,468.0,0.0,0.0,0.0,1,128.0,0.0,0,468.0,384.0,0.0,0.0,0.0,0.0,6
2023-05-11 09:02:39,cu2311C77000,cu2311C77000,468.0,0.0,0.0,0.0,1,128.0,0.0,0,468.0,384.0,0.0,0.0,0.0,0.0,6
2023-05-11 09:02:40,cu2311C77000,cu2311C77000,468.0,0.0,0.0,0.0,2,130.0,0.0,0,468.0,384.0,0.0,0.0,0.0,0.0,6
2023-05-11 09:02:40,cu2311C77000,cu2311C77000,468.0,0.0,0.0,0.0,1,132.0,0.0,0,468.0,384.0,0.0,0.0,0.0,0.0,6
2023-05-11 09:02:41,cu2311C77000,cu2311C77000,468.0,0.0,0.0,0.0,1,132.0,0.0,0,468.0,384.0,0.0,0.0,0.0,0.0,6
2023-05-11 09:02:41,cu2311C77000,cu2311C77000,468.0,0.0,0.0,0.0,2,134.0,0.0,0,468.0,384.0,0.0,0.0,0.0,0.0,6
2023-05-11 09:02:42,cu2311C77000,cu2311C77000,468.0,0.0,0.0,0.0,2,134.0,0.0,0,468.0,384.0,0.0,0.0,0.0,0.0,6
2023-05-11 09:02:42,cu2311C77000,cu2311C77000,468.0,0.0,0.0,0.0,1,136.0,0.0,0,468.0,384.0,0.0,0.0,0.0,0.0,6
2023-05-11 09:02:43,cu2311C77000,cu2311C77000,468.0,0.0,0.0,0.0,1,136.0,0.0,0,468.0,384.0,0.0,0.0,0.0,0.0,6
2023-05-11 09:02:43,cu2311C77000,cu2311C77000,468.0,0.0,0.0,0.0,2,138.0,0.0,0,468.0,384.0,0.0,0.0,0.0,0.0,6
2023-05-11 09:02:44,cu2311C77000,cu2311C77000,468.0,0.0,0.0,0.0,2,138.0,0.0,0,468.0,384.0,0.0,0.0,0.0,0.0,6
2023-05-11 09:02:44,cu2311C77000,cu2311C77000,468.0,0.0,0.0,0.0,1,140.0,0.0,0,468.0,384.0,0.0,0.0,0.0,0.0,6
2023-05-11 09:02:45,cu2311C77000,cu2311C77000,468.0,0.0,0.0,0.0,1,140.0,0.0,0,468.0,384.0,0.0,0.0,0.0,0.0,6
2023-05-11 09:02:45,cu2311C77000,cu2311C77000,468.0,0.0,0.0,0.0,2,142.0,0.0,0,468.0,384.0,0.0,0.0,0.0,0.0,6
2023-05-11 09:02:46,cu2311C77000,cu2311C77000,468.0,0.0,0.0,0.0,2,142.0,0.0,0,468.0,384.0,0.0,0.0,0.0,0.0,6
2023-05-11 09:02:47,cu2311C77000,cu2311C77000,468.0,0.0,0.0,0.0,1,144.0,0.0,0,468.0,384.0,0.0,0.0,0.0,0.0,6
2023-05-11 09:02:47,cu2311C77000,cu2311C77000,468.0,0.0,0.0,0.0,1,144.0,0.0,0,468.0,384.0,0.0,0.0,0.0,0.0,6
2023-05-11 09:02:48,cu2311C77000,cu2311C77000,468.0,0.0,0.0,0.0,2,146.0,0.0,0,468.0,384.0,0.0,0.0,0.0,0.0,6
2023-05-11 09:02:48,cu2311C77000,cu2311C77000,468.0,0.0,0.0,0.0,1,148.0,0.0,0,468.0,384.0,0.0,0.0,0.0,0.0,6
2023-05-11 09:02:49,cu2311C77000,cu2311C77000,468.0,0.0,0.0,0.0,1,148.0,0.0,0,468.0,384.0,0.0,0.0,0.0,0.0,6
2023-05-11 09:02:49,cu2311C77000,cu2311C77000,468.0,0.0,0.0,0.0,2,150.0,0.0,0,468.0,384.0,0.0,0.0,0.0,0.0,6
2023-05-11 09:02:50,cu2311C77000,cu2311C77000,468.0,0.0,0.0,0.0,1,152.0,0.0,0,468.0,384.0,0.0,0.0,0.0,0.0,6
2023-05-11 09:02:50,cu2311C77000,cu2311C77000,468.0,0.0,0.0,0.0,1,152.0,0.0,0,468.0,384.0,0.0,0.0,0.0,0.0,6
2023-05-11 09:02:51,cu2311C77000,cu2311C77000,468.0,0.0,0.0,0.0,2,154.0,0.0,0,468.0,384.0,0.0,0.0,0.0,0.0,6
2023-05-11 09:02:51,cu2311C77000,cu2311C77000,468.0,0.0,0.0,0.0,1,156.0,0.0,0,468.0,384.0,0.0,0.0,0.0,0.0,6
2023-05-11 09:02:52,cu2311C77000,cu2311C77000,468.0,0.0,0.0,0.0,1,156.0,0.0,0,468.0,384.0,0.0,0.0,0.0,0.0,6
2023-05-11 09:02:52,cu2311C77000,cu2311C77000,468.0,0.0,0.0,0.0,2,158.0,0.0,0,468.0,384.0,0.0,0.0,0.0,0.0,6
2023-05-11 09:02:53,cu2311C77000,cu2311C77000,468.0,0.0,0.0,0.0,1,160.0,0.0,0,468.0,384.0,0.0,0.0,0.0,0.0,6
2023-05-11 09:02:53,cu2311C77000,cu2311C77000,468.0,0.0,0.0,0.0,1,160.0,0.0,0,468.0,384.0,0.0,0.0,0.0,0.0,6
2023-05-11 09:02:54,cu2311C77000,cu2311C77000,468.0,0.0,0.0,0.0,2,162.0,0.0,0,468.0,384.0,0.0,0.0,0.0,0.0,6
2023-05-11 09:02:54,cu2311C77000,cu2311C77000,468.0,0.0,0.0,0.0,1,164.0,0.0,0,468.0,384.0,0.0,0.0,0.0,0.0,6
2023-05-11 09:02:55,cu2311C77000,cu2311C77000,468.0,0.0,0.0,0.0,1,164.0,0.0,0,468.0,384.0,0.0,0.0,0.0,0.0,6
2023-05-11 09:02:55,cu2311C77000,cu2311C77000,468.0,0.0,0.0,0.0,2,166.0,0.0,0,468.0,384.0,0.0,0.0,0.0,0.0,6
2023-05-11 09:02:56,cu2311C77000,cu2311C77000,468.0,0.0,0.0,0.0,2,166.0,0.0,0,468.0,384.0,0.0,0.0,0.0,0.0,6
2023-05-11 09:02:56,cu2311C77000,cu2311C77000,468.0,0.0,0.0,0.0,1,168.0,0.0,0,468.0,384.0,0.0,0.0,0.0,0.0,6
2023-05-11 09:02:57,cu2311C77000,cu2311C77000,468.0,0.0,0.0,0.0,1,168.0,0.0,0,468.0,384.0,0.0,0.0,0.0,0.0,6
2023-05-11 09:02:57,cu2311C77000,cu2311C77000,468.0,0.0,0.0,0.0,2,170.0,0.0,0,468.0,384.0,0.0,0.0,0.0,0.0,6
2023-05-11 09:02:58,cu2311C77000,cu2311C77000,468.0,0.0,0.0,0.0,1,172.0,0.0,0,468.0,384.0,0.0,0.0,0.0,0.0,6
2023-05-11 09:02:58,cu2311C77000,cu2311C77000,468.0,0.0,0.0,0.0,1,172.0,0.0,0,468.0,384.0,0.0,0.0,0.0,0.0,6
2023-05-11 09:02:59,cu2311C77000,cu2311C77000,468.0,0.0,0.0,0.0,2,174.0,0.0,0,468.0,384.0,0.0,0.0,0.0,0.0,6
2023-05-11 09:02:59,cu2311C77000,cu2311C77000,468.0,0.0,0.0,0.0,2,174.0,0.0,0,468.0,384.0,0.0,0.0,0.0,0.0,6
2023-05-11 09:03:00,cu2311C77000,cu2311C77000,468.0,0.0,0.0,0.0,1,176.0,0.0,0,468.0,384.0,0.0,0.0,0.0,0.0,6
2023-05-11 09:03:01,cu2311C77000,cu2311C77000,468.0,0.0,0.0,0.0,1,176.0,0.0,0,468.0,384.0,0.0,0.0,0.0,0.0,6
2023-05-11 09:03:01,cu2311C77000,cu2311C77000,468.0,0.0,0.0,0.0,2,178.0,0.0,0,468.0,384.0,0.0,0.0,0.0,0.0,6
2023-05-11 09:03:02,cu2311C77000,cu2311C77000,468.0,0.0,0.0,0.0,1,180.0,0.0,0,468.0,384.0,0.0,0.0,0.0,0.0,6
2023-05-11 09:03:02,cu2311C77000,cu2311C77000,468.0,0.0,0.0,0.0,1,180.0,0.0,0,468.0,384.0,0.0,0.0,0.0,0.0,6
2023-05-11 09:03:03,cu2311C77000,cu2311C77000,468.0,0.0,0.0,0.0,2,182.0,0.0,0,468.0,384.0,0.0,0.0,0.0,0.0,6
2023-05-11 09:03:03,cu2311C77000,cu2311C77000,468.0,0.0,0.0,0.0,2,182.0,0.0,0,468.0,384.0,0.0,0.0,0.0,0.0,6
2023-05-11 09:03:04,cu2311C77000,cu2311C77000,468.0,0.0,0.0,0.0,1,184.0,0.0,0,468.0,384.0,0.0,0.0,0.0,0.0,6
2023-05-11 09:03:04,cu2311C77000,cu2311C77000,468.0,0.0,0.0,0.0,1,184.0,0.0,0,468.0,384.0,0.0,0.0,0.0,0.0,6
2023-05-11 09:03:05,cu2311C77000,cu2311C77000,468.0,0.0,0.0,0.0,2,186.0,0.0,0,468.0,384.0,0.0,0.0,0.0,0.0,6
2023-05-11 09:03:05,cu2311C77000,cu2311C77000,468.0,0.0,0.0,0.0,1,188.0,0.0,0,468.0,384.0,0.0,0.0,0.0,0.0,6
2023-05-11 09:03:06,cu2311C77000,cu2311C77000,468.0,0.0,0.0,0.0,1,188.0,0.0,0,468.0,384.0,0.0,0.0,0.0,0.0,6
2023-05-11 09:03:06,cu2311C77000,cu2311C77000,468.0,0.0,0.0,0.0,2,190.0,0.0,0,468.0,384.0,0.0,0.0,0.0,0.0,6
2023-05-11 09:03:07,cu2311C77000,cu2311C77000,468.0,0.0,0.0,0.0,1,192.0,0.0,0,468.0,384.0,0.0,0.0,0.0,0.0,6
2023-05-11 09:03:07,cu2311C77000,cu2311C77000,468.0,0.0,0.0,0.0,1,192.0,0.0,0,468.0,384.0,0.0,0.0,0.0,0.0,6
2023-05-11 09:03:08,cu2311C77000,cu2311C77000,468.0,0.0,0.0,0.0,2,194.0,0.0,0,468.0,384.0,0.0,0.0,0.0,0.0,6
2023-05-11 09:03:08,cu2311C77000,cu2311C77000,468.0,0.0,0.0,0.0,2,194.0,0.0,0,468.0,384.0,0.0,0.0,0.0,0.0,6
2023-05-11 09:03:09,cu2311C77000,cu2311C77000,468.0,0.0,0.0,0.0,1,196.0,0.0,0,468.0,384.0,0.0,0.0,0.0,0.0,6
2023-05-11 09:03:09,cu2311C77000,cu2311C77000,468.0,0.0,0.0,0.0,1,196.0,0.0,0,468.0,384.0,0.0,0.0,0.0,0.0,6
2023-05-11 09:03:10,cu2311C77000,cu2311C77000,468.0,0.0,0.0,0.0,2,198.0,0.0,0,468.0,384.0,0.0,0.0,0.0,0.0,6
2023-05-11 09:03:11,cu2311C77000,cu2311C77000,468.0,0.0,0.0,0.0,1,200.0,0.0,0,468.0,384.0,0.0,0.0,0.0,0.0,6
2023-05-11 09:03:11,cu2311C77000,cu2311C77000,468.0,0.0,0.0,0.0,1,200.0,0.0,0,468.0,384.0,0.0,0.0,0.0,0.0,6
2023-05-11 09:03:12,cu2311C77000,cu2311C77000,468.0,0.0,0.0,0.0,2,202.0,0.0,0,468.0,384.0,0.0,0.0,0.0,0.0,6
2023-05-11 09:03:12,cu2311C77000,cu2311C77000,468.0,0.0,0.0,0.0,1,204.0,0.0,0,468.0,384.0,0.0,0.0,0.0,0.0,6
2023-05-11 09:03:13,cu2311C77000,cu2311C77000,468.0,0.0,0.0,0.0,1,204.0,0.0,0,468.0,384.0,0.0,0.0,0.0,0.0,6
2023-05-11 09:03:13,cu2311C77000,cu2311C77000,468.0,0.0,0.0,0.0,2,206.0,0.0,0,468.0,384.0,0.0,0.0,0.0,0.0,6
2023-05-11 09:03:14,cu2311C77000,cu2311C77000,468.0,0.0,0.0,0.0,2,206.0,0.0,0,468.0,384.0,0.0,0.0,0.0,0.0,6
2023-05-11 09:03:14,cu2311C77000,cu2311C77000,468.0,0.0,0.0,0.0,1,208.0,0.0,0,468.0,384.0,0.0,0.0,0.0,0.0,6
2023-05-11 09:03:15,cu2311C77000,cu2311C77000,468.0,0.0,0.0,0.0,1,208.0,0.0,0,468.0,384.0,0.0,0.0,0.0,0.0,6
2023-05-11 09:03:15,cu2311C77000,cu2311C77000,468.0,0.0,0.0,0.0,2,210.0,0.0,0,468.0,384.0,0.0,0.0,0.0,0.0,6
2023-05-11 09:03:16,cu2311C77000,cu2311C77000,468.0,0.0,0.0,0.0,1,212.0,0.0,0,468.0,384.0,0.0,0.0,0.0,0.0,6
2023-05-11 09:03:16,cu2311C77000,cu2311C77000,468.0,0.0,0.0,0.0,1,212.0,0.0,0,468.0,384.0,0.0,0.0,0.0,0.0,6
2023-05-11 09:03:17,cu2311C77000,cu2311C77000,468.0,0.0,0.0,0.0,2,214.0,0.0,0,468.0,384.0,0.0,0.0,0.0,0.0,6
2023-05-11 09:03:17,cu2311C77000,cu2311C77000,468.0,0.0,0.0,0.0,1,216.0,0.0,0,468.0,384.0,0.0,0.0,0.0,0.0,6
2023-05-11 09:03:18,cu2311C77000,cu2311C77000,468.0,0.0,0.0,0.0,1,216.0,0.0,0,468.0,384.0,0.0,0.0,0.0,0.0,6
2023-05-11 09:03:18,cu2311C77000,cu2311C77000,468.0,0.0,0.0,0.0,2,218.0,0.0,0,468.0,384.0,0.0,0.0,0.0,0.0,6
2023-05-11 09:03:19,cu2311C77000,cu2311C77000,468.0,0.0,0.0,0.0,1,220.0,0.0,0,468.0,384.0,0.0,0.0,0.0,0.0,6
2023-05-11 09:03:19,cu2311C77000,cu2311C77000,468.0,0.0,0.0,0.0,1,220.0,0.0,0,468.0,384.0,0.0,0.0,0.0,0.0,6
2023-05-11 09:03:20,cu2311C77000,cu2311C77000,468.0,0.0,0.0,0.0,2,222.0,0.0,0,468.0,384.0,0.0,0.0,0.0,0.0,6
2023-05-11 09:03:20,cu2311C77000,cu2311C77000,468.0,0.0,0.0,0.0,1,224.0,0.0,0,468.0,384.0,0.0,0.0,0.0,0.0,6
2023-05-11 09:03:21,cu2311C77000,cu2311C77000,468.0,0.0,0.0,0.0,1,224.0,0.0,0,468.0,384.0,0.0,0.0,0.0,0.0,6
2023-05-11 09:03:21,cu2311C77000,cu2311C77000,468.0,0.0,0.0,0.0,2,226.0,0.0,0,468.0,384.0,0.0,0.0,0.0,0.0,6
2023-05-11 09:03:22,cu2311C77000,cu2311C77000,468.0,0.0,0.0,0.0,1,228.0,0.0,0,468.0,384.0,0.0,0.0,0.0,0.0,6
2023-05-11 09:03:23,cu2311C77000,cu2311C77000,468.0,0.0,0.0,0.0,1,228.0,0.0,0,468.0,384.0,0.0,0.0,0.0,0.0,6
2023-05-11 09:03:23,cu2311C77000,cu2311C77000,468.0,0.0,0.0,0.0,2,230.0,0.0,0,468.0,384.0,0.0,0.0,0.0,0.0,6
2023-05-11 09:03:25,cu2311C77000,cu2311C77000,468.0,0.0,0.0,0.0,2,230.0,0.0,0,468.0,384.0,0.0,0.0,0.0,0.0,6
2023-05-11 09:03:25,cu2311C77000,cu2311C77000,468.0,0.0,0.0,0.0,1,232.0,0.0,0,468.0,384.0,0.0,0.0,0.0,0.0,6
2023-05-11 09:03:26,cu2311C77000,cu2311C77000,468.0,0.0,0.0,0.0,1,232.0,0.0,0,468.0,384.0,0.0,0.0,0.0,0.0,6
2023-05-11 09:03:26,cu2311C77000,cu2311C77000,468.0,0.0,0.0,0.0,2,234.0,0.0,0,468.0,384.0,0.0,0.0,0.0,0.0,6
2023-05-11 09:03:28,cu2311C77000,cu2311C77000,468.0,0.0,0.0,0.0,1,236.0,0.0,0,468.0,384.0,0.0,0.0,0.0,0.0,6
2023-05-11 09:03:28,cu2311C77000,cu2311C77000,468.0,0.0,0.0,0.0,1,236.0,0.0,0,468.0,384.0,0.0,0.0,0.0,0.0,6
2023-05-11 09:03:29,cu2311C77000,cu2311C77000,468.0,0.0,0.0,0.0,2,238.0,0.0,0,468.0,384.0,0.0,0.0,0.0,0.0,6
2023-05-11 09:03:29,cu2311C77000,cu2311C77000,468.0,0.0,0.0,0.0,2,238.0,0.0,0,468.0,384.0,0.0,0.0,0.0,0.0,6
2023-05-11 09:06:27,cu2311C77000,cu2311C77000,468.0,0.0,0.0,0.0,2,238.0,0.0,0,468.0,384.0,0.0,0.0,0.0,0.0,6
2023-05-11 09:31:50,cu2311C77000,cu2311C77000,468.0,0.0,0.0,0.0,2,238.0,0.0,0,468.0,384.0,0.0,0.0,0.0,0.0,6
2023-05-11 09:33:03,cu2311C77000,cu2311C77000,468.0,0.0,0.0,0.0,2,238.0,0.0,0,468.0,384.0,0.0,0.0,0.0,0.0,6
2023-05-11 09:36:44,cu2311C77000,cu2311C77000,468.0,0.0,0.0,0.0,2,238.0,0.0,0,468.0,384.0,0.0,0.0,0.0,0.0,6
2023-05-11 10:07:30,cu2311C77000,cu2311C77000,468.0,0.0,0.0,0.0,1,16.0,0.0,0,468.0,384.0,0.0,0.0,0.0,0.0,6
2023-05-11 10:07:30,cu2311C77000,cu2311C77000,468.0,0.0,0.0,0.0,1,30.0,0.0,0,468.0,384.0,0.0,0.0,0.0,0.0,6
2023-05-11 10:09:37,cu2311C77000,cu2311C77000,468.0,0.0,0.0,0.0,2,32.0,0.0,0,468.0,384.0,0.0,0.0,0.0,0.0,6
2023-05-11 10:09:38,cu2311C77000,cu2311C77000,468.0,0.0,0.0,0.0,1,46.0,0.0,0,468.0,384.0,0.0,0.0,0.0,0.0,6
2023-05-11 10:09:39,cu2311C77000,cu2311C77000,468.0,0.0,0.0,0.0,1,46.0,0.0,0,468.0,384.0,0.0,0.0,0.0,0.0,6
2023-05-11 10:09:39,cu2311C77000,cu2311C77000,468.0,0.0,0.0,0.0,2,48.0,0.0,0,468.0,384.0,0.0,0.0,0.0,0.0,6
2023-05-11 10:09:40,cu2311C77000,cu2311C77000,468.0,0.0,0.0,0.0,1,50.0,0.0,0,468.0,384.0,0.0,0.0,0.0,0.0,6
