time,symbol_id,symbol_name,last,trade_volume,trade_amount,open_interest_change,bv1,bp1,ap1,av1,yesterday_close,today_open,today_high,today_low,volume,amount,open_interest
2023-05-09 19:10:58,SR311C6700,白糖2311购6700,311.0,0.0,0.0,-25.0,0,0.0,0.0,0,311.0,304.5,0.0,0.0,0.0,0.0,373
2023-05-09 20:59:00,SR311C6700,白糖2311购6700,311.0,0.0,0.0,0.0,10,62.0,0.0,0,311.0,304.5,0.0,0.0,0.0,0.0,373
2023-05-09 21:00:01,SR311C6700,白糖2311购6700,311.0,0.0,0.0,0.0,2,193.5,465.5,2,311.0,304.5,0.0,0.0,0.0,0.0,373
2023-05-09 21:00:08,SR311C6700,白糖2311购6700,311.0,0.0,0.0,0.0,10,194.0,465.0,10,311.0,304.5,0.0,0.0,0.0,0.0,373
2023-05-09 21:00:09,SR311C6700,白糖2311购6700,311.0,0.0,0.0,0.0,2,228.5,430.5,2,311.0,304.5,0.0,0.0,0.0,0.0,373
2023-05-09 21:00:09,SR311C6700,白糖2311购6700,311.0,0.0,0.0,0.0,10,229.0,430.0,10,311.0,304.5,0.0,0.0,0.0,0.0,373
2023-05-09 21:00:10,SR311C6700,白糖2311购6700,311.0,0.0,0.0,0.0,2,263.5,395.5,2,311.0,304.5,0.0,0.0,0.0,0.0,373
2023-05-09 21:00:10,SR311C6700,白糖2311购6700,311.0,0.0,0.0,0.0,10,264.0,395.0,10,311.0,304.5,0.0,0.0,0.0,0.0,373
2023-05-09 21:00:11,SR311C6700,白糖2311购6700,311.0,0.0,0.0,0.0,2,298.5,360.5,2,311.0,304.5,0.0,0.0,0.0,0.0,373
2023-05-09 21:00:11,SR311C6700,白糖2311购6700,311.0,0.0,0.0,0.0,10,299.0,360.0,10,311.0,304.5,0.0,0.0,0.0,0.0,373
2023-05-09 21:00:12,SR311C6700,白糖2311购6700,311.0,0.0,0.0,0.0,10,300.5,345.0,2,311.0,304.5,0.0,0.0,0.0,0.0,373
2023-05-09 21:00:12,SR311C6700,白糖2311购6700,311.0,0.0,0.0,0.0,10,301.0,345.0,2,311.0,304.5,0.0,0.0,0.0,0.0,373
2023-05-09 21:00:15,SR311C6700,白糖2311购6700,311.0,0.0,0.0,0.0,2,310.5,345.0,2,311.0,304.5,0.0,0.0,0.0,0.0,373
2023-05-09 21:00:29,SR311C6700,白糖2311购6700,311.0,0.0,0.0,0.0,2,191.5,345.0,2,311.0,304.5,0.0,0.0,0.0,0.0,373
2023-05-09 21:00:29,SR311C6700,白糖2311购6700,311.0,0.0,0.0,0.0,2,229.0,345.0,2,311.0,304.5,0.0,0.0,0.0,0.0,373
2023-05-09 21:00:30,SR311C6700,白糖2311购6700,311.0,0.0,0.0,0.0,2,266.5,345.0,2,311.0,304.5,0.0,0.0,0.0,0.0,373
2023-05-09 21:00:30,SR311C6700,白糖2311购6700,311.0,0.0,0.0,0.0,2,304.0,345.0,2,311.0,304.5,0.0,0.0,0.0,0.0,373
2023-05-09 21:00:31,SR311C6700,白糖2311购6700,311.0,0.0,0.0,0.0,10,304.5,345.0,2,311.0,304.5,0.0,0.0,0.0,0.0,373
2023-05-09 21:00:34,SR311C6700,白糖2311购6700,311.0,0.0,0.0,0.0,12,304.0,345.0,2,311.0,304.5,0.0,0.0,0.0,0.0,373
2023-05-09 21:00:34,SR311C6700,白糖2311购6700,311.0,0.0,0.0,0.0,2,304.0,345.0,2,311.0,304.5,0.0,0.0,0.0,0.0,373
2023-05-09 21:00:52,SR311C6700,白糖2311购6700,311.0,0.0,0.0,0.0,2,304.0,344.5,10,311.0,304.5,0.0,0.0,0.0,0.0,373
2023-05-09 21:00:59,SR311C6700,白糖2311购6700,311.0,0.0,0.0,0.0,2,304.0,345.0,2,311.0,304.5,0.0,0.0,0.0,0.0,373
2023-05-09 21:01:02,SR311C6700,白糖2311购6700,311.0,0.0,0.0,0.0,2,304.0,345.0,12,311.0,304.5,0.0,0.0,0.0,0.0,373
2023-05-09 21:01:07,SR311C6700,白糖2311购6700,311.0,0.0,0.0,0.0,2,304.0,344.5,10,311.0,304.5,0.0,0.0,0.0,0.0,373
2023-05-09 21:01:07,SR311C6700,白糖2311购6700,311.0,0.0,0.0,0.0,2,304.0,344.0,10,311.0,304.5,0.0,0.0,0.0,0.0,373
2023-05-09 21:01:09,SR311C6700,白糖2311购6700,311.0,0.0,0.0,0.0,5,317.0,344.0,10,311.0,304.5,0.0,0.0,0.0,0.0,373
2023-05-09 21:01:10,SR311C6700,白糖2311购6700,311.0,0.0,0.0,0.0,5,317.0,326.0,5,311.0,304.5,0.0,0.0,0.0,0.0,373
2023-05-09 21:01:25,SR311C6700,白糖2311购6700,311.0,0.0,0.0,0.0,5,317.0,324.0,5,311.0,304.5,0.0,0.0,0.0,0.0,373
2023-05-09 21:02:58,SR311C6700,白糖2311购6700,311.0,0.0,0.0,0.0,5,317.0,324.0,15,311.0,304.5,0.0,0.0,0.0,0.0,373
2023-05-09 21:03:09,SR311C6700,白糖2311购6700,311.0,0.0,0.0,0.0,5,317.0,324.0,25,311.0,304.5,0.0,0.0,0.0,0.0,373
2023-05-09 21:03:35,SR311C6700,白糖2311购6700,311.0,0.0,0.0,0.0,5,317.0,324.0,15,311.0,304.5,0.0,0.0,0.0,0.0,373
2023-05-09 21:03:36,SR311C6700,白糖2311购6700,311.0,0.0,0.0,0.0,5,319.0,324.0,5,311.0,304.5,0.0,0.0,0.0,0.0,373
2023-05-09 21:03:48,SR311C6700,白糖2311购6700,311.0,0.0,0.0,0.0,5,319.0,324.0,15,311.0,304.5,0.0,0.0,0.0,0.0,373
2023-05-09 21:04:09,SR311C6700,白糖2311购6700,311.0,0.0,0.0,0.0,5,319.0,324.0,5,311.0,304.5,0.0,0.0,0.0,0.0,373
2023-05-09 21:04:12,SR311C6700,白糖2311购6700,311.0,0.0,0.0,0.0,5,319.0,325.0,30,311.0,304.5,0.0,0.0,0.0,0.0,373
2023-05-09 21:04:13,SR311C6700,白糖2311购6700,311.0,0.0,0.0,0.0,5,319.0,325.0,20,311.0,304.5,0.0,0.0,0.0,0.0,373
2023-05-09 21:04:19,SR311C6700,白糖2311购6700,311.0,0.0,0.0,0.0,15,319.0,326.0,25,311.0,304.5,0.0,0.0,0.0,0.0,373
2023-05-09 21:04:19,SR311C6700,白糖2311购6700,311.0,0.0,0.0,0.0,5,319.0,326.0,25,311.0,304.5,0.0,0.0,0.0,0.0,373
2023-05-09 21:04:21,SR311C6700,白糖2311购6700,311.0,0.0,0.0,0.0,5,319.0,325.5,10,311.0,304.5,0.0,0.0,0.0,0.0,373
2023-05-09 21:04:22,SR311C6700,白糖2311购6700,311.0,0.0,0.0,0.0,5,319.0,326.0,25,311.0,304.5,0.0,0.0,0.0,0.0,373
2023-05-09 21:04:26,SR311C6700,白糖2311购6700,311.0,0.0,0.0,0.0,5,319.0,324.5,10,311.0,304.5,0.0,0.0,0.0,0.0,373
2023-05-09 21:04:26,SR311C6700,白糖2311购6700,311.0,0.0,0.0,0.0,5,319.0,324.5,20,311.0,304.5,0.0,0.0,0.0,0.0,373
2023-05-09 21:04:26,SR311C6700,白糖2311购6700,311.0,0.0,0.0,0.0,5,319.0,324.5,10,311.0,304.5,0.0,0.0,0.0,0.0,373
2023-05-09 21:04:27,SR311C6700,白糖2311购6700,311.0,0.0,0.0,0.0,15,319.0,325.5,30,311.0,304.5,0.0,0.0,0.0,0.0,373
2023-05-09 21:04:28,SR311C6700,白糖2311购6700,311.0,0.0,0.0,0.0,15,319.0,325.0,10,311.0,304.5,0.0,0.0,0.0,0.0,373
2023-05-09 21:04:30,SR311C6700,白糖2311购6700,311.0,0.0,0.0,0.0,5,319.0,325.0,20,311.0,304.5,0.0,0.0,0.0,0.0,373
2023-05-09 21:04:31,SR311C6700,白糖2311购6700,311.0,0.0,0.0,0.0,5,319.0,324.5,5,311.0,304.5,0.0,0.0,0.0,0.0,373
2023-05-09 21:04:52,SR311C6700,白糖2311购6700,311.0,0.0,0.0,0.0,5,319.0,323.5,10,311.0,304.5,0.0,0.0,0.0,0.0,373
2023-05-09 21:04:53,SR311C6700,白糖2311购6700,311.0,0.0,0.0,0.0,5,319.0,324.0,30,311.0,304.5,0.0,0.0,0.0,0.0,373
2023-05-09 21:04:55,SR311C6700,白糖2311购6700,311.0,0.0,0.0,0.0,5,319.0,322.5,10,311.0,304.5,0.0,0.0,0.0,0.0,373
2023-05-09 21:04:58,SR311C6700,白糖2311购6700,311.0,0.0,0.0,0.0,15,319.0,323.5,10,311.0,304.5,0.0,0.0,0.0,0.0,373
2023-05-09 21:05:00,SR311C6700,白糖2311购6700,311.0,0.0,0.0,0.0,25,319.0,323.5,10,311.0,304.5,0.0,0.0,0.0,0.0,373
2023-05-09 21:05:04,SR311C6700,白糖2311购6700,311.0,0.0,0.0,0.0,5,319.0,323.5,10,311.0,304.5,0.0,0.0,0.0,0.0,373
2023-05-09 21:05:06,SR311C6700,白糖2311购6700,311.0,0.0,0.0,0.0,15,319.0,323.5,10,311.0,304.5,0.0,0.0,0.0,0.0,373
2023-05-09 21:05:08,SR311C6700,白糖2311购6700,311.0,0.0,0.0,0.0,10,319.5,324.0,20,311.0,304.5,0.0,0.0,0.0,0.0,373
2023-05-09 21:05:08,SR311C6700,白糖2311购6700,311.0,0.0,0.0,0.0,20,319.5,324.0,10,311.0,304.5,0.0,0.0,0.0,0.0,373
2023-05-09 21:05:11,SR311C6700,白糖2311购6700,311.0,0.0,0.0,0.0,10,319.5,323.5,10,311.0,304.5,0.0,0.0,0.0,0.0,373
2023-05-09 21:05:11,SR311C6700,白糖2311购6700,311.0,0.0,0.0,0.0,35,319.0,323.5,10,311.0,304.5,0.0,0.0,0.0,0.0,373
2023-05-09 21:05:11,SR311C6700,白糖2311购6700,311.0,0.0,0.0,0.0,25,319.0,323.5,10,311.0,304.5,0.0,0.0,0.0,0.0,373
2023-05-09 21:05:21,SR311C6700,白糖2311购6700,311.0,0.0,0.0,0.0,10,320.0,324.5,35,311.0,304.5,0.0,0.0,0.0,0.0,373
2023-05-09 21:05:21,SR311C6700,白糖2311购6700,311.0,0.0,0.0,0.0,20,320.0,324.5,15,311.0,304.5,0.0,0.0,0.0,0.0,373
2023-05-09 21:05:22,SR311C6700,白糖2311购6700,311.0,0.0,0.0,0.0,15,321.0,325.0,10,311.0,304.5,0.0,0.0,0.0,0.0,373
2023-05-09 21:05:22,SR311C6700,白糖2311购6700,311.0,0.0,0.0,0.0,10,321.5,326.0,15,311.0,304.5,0.0,0.0,0.0,0.0,373
2023-05-09 21:05:23,SR311C6700,白糖2311购6700,311.0,0.0,0.0,0.0,30,321.5,326.0,5,311.0,304.5,0.0,0.0,0.0,0.0,373
2023-05-09 21:05:24,SR311C6700,白糖2311购6700,311.0,0.0,0.0,0.0,10,321.5,325.5,10,311.0,304.5,0.0,0.0,0.0,0.0,373
2023-05-09 21:05:25,SR311C6700,白糖2311购6700,311.0,0.0,0.0,0.0,25,321.0,325.5,10,311.0,304.5,0.0,0.0,0.0,0.0,373
2023-05-09 21:05:30,SR311C6700,白糖2311购6700,311.0,0.0,0.0,0.0,15,321.0,324.5,10,311.0,304.5,0.0,0.0,0.0,0.0,373
2023-05-09 21:05:31,SR311C6700,白糖2311购6700,311.0,0.0,0.0,0.0,15,321.0,325.5,10,311.0,304.5,0.0,0.0,0.0,0.0,373
2023-05-09 21:05:35,SR311C6700,白糖2311购6700,311.0,0.0,0.0,0.0,5,321.0,325.0,10,311.0,304.5,0.0,0.0,0.0,0.0,373
2023-05-09 21:05:43,SR311C6700,白糖2311购6700,311.0,0.0,0.0,0.0,5,321.0,324.5,10,311.0,304.5,0.0,0.0,0.0,0.0,373
2023-05-09 21:05:48,SR311C6700,白糖2311购6700,311.0,0.0,0.0,0.0,5,321.0,324.0,10,311.0,304.5,0.0,0.0,0.0,0.0,373
2023-05-09 21:05:54,SR311C6700,白糖2311购6700,311.0,0.0,0.0,0.0,5,321.0,324.5,20,311.0,304.5,0.0,0.0,0.0,0.0,373
2023-05-09 21:05:55,SR311C6700,白糖2311购6700,311.0,0.0,0.0,0.0,5,321.0,324.5,10,311.0,304.5,0.0,0.0,0.0,0.0,373
2023-05-09 21:06:03,SR311C6700,白糖2311购6700,311.0,0.0,0.0,0.0,5,321.0,323.5,10,311.0,304.5,0.0,0.0,0.0,0.0,373
2023-05-09 21:06:06,SR311C6700,白糖2311购6700,311.0,0.0,0.0,0.0,5,321.0,324.5,20,311.0,304.5,0.0,0.0,0.0,0.0,373
2023-05-09 21:06:10,SR311C6700,白糖2311购6700,311.0,0.0,0.0,0.0,5,321.0,323.5,10,311.0,304.5,0.0,0.0,0.0,0.0,373
2023-05-09 21:06:21,SR311C6700,白糖2311购6700,311.0,0.0,0.0,0.0,5,321.0,323.0,10,311.0,304.5,0.0,0.0,0.0,0.0,373
2023-05-09 21:06:32,SR311C6700,白糖2311购6700,311.0,0.0,0.0,0.0,5,319.0,323.0,10,311.0,304.5,0.0,0.0,0.0,0.0,373
2023-05-09 21:06:32,SR311C6700,白糖2311购6700,311.0,0.0,0.0,0.0,5,319.0,322.0,10,311.0,304.5,0.0,0.0,0.0,0.0,373
2023-05-09 21:06:54,SR311C6700,白糖2311购6700,311.0,0.0,0.0,0.0,5,319.0,323.0,20,311.0,304.5,0.0,0.0,0.0,0.0,373
2023-05-09 21:06:55,SR311C6700,白糖2311购6700,311.0,0.0,0.0,0.0,5,319.0,322.5,10,311.0,304.5,0.0,0.0,0.0,0.0,373
2023-05-09 21:07:01,SR311C6700,白糖2311购6700,311.0,0.0,0.0,0.0,5,319.0,321.5,10,311.0,304.5,0.0,0.0,0.0,0.0,373
2023-05-09 21:07:06,SR311C6700,白糖2311购6700,311.0,0.0,0.0,0.0,5,319.0,322.5,20,311.0,304.5,0.0,0.0,0.0,0.0,373
2023-05-09 21:07:06,SR311C6700,白糖2311购6700,311.0,0.0,0.0,0.0,5,319.0,323.0,10,311.0,304.5,0.0,0.0,0.0,0.0,373
2023-05-09 21:07:11,SR311C6700,白糖2311购6700,311.0,0.0,0.0,0.0,5,319.0,322.5,10,311.0,304.5,0.0,0.0,0.0,0.0,373
2023-05-09 21:07:12,SR311C6700,白糖2311购6700,311.0,0.0,0.0,0.0,5,319.0,322.5,20,311.0,304.5,0.0,0.0,0.0,0.0,373
2023-05-09 21:07:14,SR311C6700,白糖2311购6700,311.0,0.0,0.0,0.0,5,319.0,322.0,10,311.0,304.5,0.0,0.0,0.0,0.0,373
2023-05-09 21:07:17,SR311C6700,白糖2311购6700,311.0,0.0,0.0,0.0,5,319.0,322.0,20,311.0,304.5,0.0,0.0,0.0,0.0,373
2023-05-09 21:07:18,SR311C6700,白糖2311购6700,311.0,0.0,0.0,0.0,5,319.0,321.0,10,311.0,304.5,0.0,0.0,0.0,0.0,373
2023-05-09 21:07:23,SR311C6700,白糖2311购6700,311.0,0.0,0.0,0.0,30,317.0,321.0,10,311.0,304.5,0.0,0.0,0.0,0.0,373
2023-05-09 21:07:24,SR311C6700,白糖2311购6700,311.0,0.0,0.0,0.0,20,316.0,320.0,10,311.0,304.5,0.0,0.0,0.0,0.0,373
2023-05-09 21:07:24,SR311C6700,白糖2311购6700,311.0,0.0,0.0,0.0,15,316.0,320.0,10,311.0,304.5,0.0,0.0,0.0,0.0,373
2023-05-09 21:07:24,SR311C6700,白糖2311购6700,311.0,0.0,0.0,0.0,25,316.0,321.0,10,311.0,304.5,0.0,0.0,0.0,0.0,373
2023-05-09 21:07:25,SR311C6700,白糖2311购6700,311.0,0.0,0.0,0.0,35,316.0,321.0,10,311.0,304.5,0.0,0.0,0.0,0.0,373
2023-05-09 21:07:27,SR311C6700,白糖2311购6700,311.0,0.0,0.0,0.0,20,317.0,321.0,10,311.0,304.5,0.0,0.0,0.0,0.0,373
2023-05-09 21:07:27,SR311C6700,白糖2311购6700,311.0,0.0,0.0,0.0,45,316.0,321.0,10,311.0,304.5,0.0,0.0,0.0,0.0,373
2023-05-09 21:07:27,SR311C6700,白糖2311购6700,311.0,0.0,0.0,0.0,35,316.0,321.0,10,311.0,304.5,0.0,0.0,0.0,0.0,373
2023-05-09 21:07:29,SR311C6700,白糖2311购6700,311.0,0.0,0.0,0.0,25,316.0,320.0,10,311.0,304.5,0.0,0.0,0.0,0.0,373
2023-05-09 21:07:31,SR311C6700,白糖2311购6700,311.0,0.0,0.0,0.0,5,316.0,319.0,10,311.0,304.5,0.0,0.0,0.0,0.0,373
2023-05-09 21:07:31,SR311C6700,白糖2311购6700,311.0,0.0,0.0,0.0,5,316.0,320.0,10,311.0,304.5,0.0,0.0,0.0,0.0,373
2023-05-09 21:07:32,SR311C6700,白糖2311购6700,311.0,0.0,0.0,0.0,15,316.0,321.0,10,311.0,304.5,0.0,0.0,0.0,0.0,373
2023-05-09 21:07:34,SR311C6700,白糖2311购6700,311.0,0.0,0.0,0.0,10,316.5,321.0,10,311.0,304.5,0.0,0.0,0.0,0.0,373
2023-05-09 21:07:34,SR311C6700,白糖2311购6700,311.0,0.0,0.0,0.0,20,316.5,321.0,10,311.0,304.5,0.0,0.0,0.0,0.0,373
2023-05-09 21:07:38,SR311C6700,白糖2311购6700,311.0,0.0,0.0,0.0,15,317.0,321.5,10,311.0,304.5,0.0,0.0,0.0,0.0,373
2023-05-09 21:07:39,SR311C6700,白糖2311购6700,311.0,0.0,0.0,0.0,25,317.0,321.5,10,311.0,304.5,0.0,0.0,0.0,0.0,373
2023-05-09 21:07:39,SR311C6700,白糖2311购6700,311.0,0.0,0.0,0.0,15,317.0,321.5,10,311.0,304.5,0.0,0.0,0.0,0.0,373
2023-05-09 21:07:41,SR311C6700,白糖2311购6700,311.0,0.0,0.0,0.0,25,317.0,321.5,10,311.0,304.5,0.0,0.0,0.0,0.0,373
2023-05-09 21:07:46,SR311C6700,白糖2311购6700,311.0,0.0,0.0,0.0,10,317.5,321.5,10,311.0,304.5,0.0,0.0,0.0,0.0,373
2023-05-09 21:07:47,SR311C6700,白糖2311购6700,311.0,0.0,0.0,0.0,20,317.5,321.5,10,311.0,304.5,0.0,0.0,0.0,0.0,373
2023-05-09 21:07:48,SR311C6700,白糖2311购6700,311.0,0.0,0.0,0.0,30,317.5,322.5,10,311.0,304.5,0.0,0.0,0.0,0.0,373
2023-05-09 21:07:49,SR311C6700,白糖2311购6700,311.0,0.0,0.0,0.0,5,318.5,322.5,10,311.0,304.5,0.0,0.0,0.0,0.0,373
2023-05-09 21:07:52,SR311C6700,白糖2311购6700,311.0,0.0,0.0,0.0,15,318.5,323.0,10,311.0,304.5,0.0,0.0,0.0,0.0,373
2023-05-09 21:07:53,SR311C6700,白糖2311购6700,311.0,0.0,0.0,0.0,5,319.5,324.0,20,311.0,304.5,0.0,0.0,0.0,0.0,373
2023-05-09 21:08:00,SR311C6700,白糖2311购6700,311.0,0.0,0.0,0.0,10,320.0,324.5,10,311.0,304.5,0.0,0.0,0.0,0.0,373
2023-05-09 21:08:01,SR311C6700,白糖2311购6700,311.0,0.0,0.0,0.0,5,321.0,324.5,10,311.0,304.5,0.0,0.0,0.0,0.0,373
2023-05-09 21:08:01,SR311C6700,白糖2311购6700,311.0,0.0,0.0,0.0,15,321.0,325.5,20,311.0,304.5,0.0,0.0,0.0,0.0,373
2023-05-09 21:08:03,SR311C6700,白糖2311购6700,311.0,0.0,0.0,0.0,15,321.0,324.5,10,311.0,304.5,0.0,0.0,0.0,0.0,373
2023-05-09 21:08:04,SR311C6700,白糖2311购6700,311.0,0.0,0.0,0.0,25,321.0,324.5,10,311.0,304.5,0.0,0.0,0.0,0.0,373
2023-05-09 21:08:07,SR311C6700,白糖2311购6700,311.0,0.0,0.0,0.0,5,321.0,324.5,10,311.0,304.5,0.0,0.0,0.0,0.0,373
2023-05-09 21:08:22,SR311C6700,白糖2311购6700,311.0,0.0,0.0,0.0,5,321.0,325.5,10,311.0,304.5,0.0,0.0,0.0,0.0,373
2023-05-09 21:08:28,SR311C6700,白糖2311购6700,311.0,0.0,0.0,0.0,30,321.5,326.0,10,311.0,304.5,0.0,0.0,0.0,0.0,373
2023-05-09 21:08:28,SR311C6700,白糖2311购6700,311.0,0.0,0.0,0.0,40,321.5,326.0,10,311.0,304.5,0.0,0.0,0.0,0.0,373
2023-05-09 21:08:29,SR311C6700,白糖2311购6700,311.0,0.0,0.0,0.0,30,321.5,326.0,10,311.0,304.5,0.0,0.0,0.0,0.0,373
2023-05-09 21:08:59,SR311C6700,白糖2311购6700,311.0,0.0,0.0,0.0,40,321.5,326.0,10,311.0,304.5,0.0,0.0,0.0,0.0,373
2023-05-09 21:09:08,SR311C6700,白糖2311购6700,311.0,0.0,0.0,0.0,25,321.0,325.5,10,311.0,304.5,0.0,0.0,0.0,0.0,373
2023-05-09 21:09:08,SR311C6700,白糖2311购6700,311.0,0.0,0.0,0.0,15,321.0,325.5,10,311.0,304.5,0.0,0.0,0.0,0.0,373
2023-05-09 21:09:09,SR311C6700,白糖2311购6700,311.0,0.0,0.0,0.0,25,321.0,325.5,10,311.0,304.5,0.0,0.0,0.0,0.0,373
2023-05-09 21:09:10,SR311C6700,白糖2311购6700,311.0,0.0,0.0,0.0,35,321.0,325.5,10,311.0,304.5,0.0,0.0,0.0,0.0,373
2023-05-09 21:09:32,SR311C6700,白糖2311购6700,311.0,0.0,0.0,0.0,25,321.0,325.0,20,311.0,304.5,0.0,0.0,0.0,0.0,373
2023-05-09 21:09:33,SR311C6700,白糖2311购6700,311.0,0.0,0.0,0.0,5,321.0,324.5,10,311.0,304.5,0.0,0.0,0.0,0.0,373
2023-05-09 21:09:36,SR311C6700,白糖2311购6700,311.0,0.0,0.0,0.0,5,321.0,324.5,20,311.0,304.5,0.0,0.0,0.0,0.0,373
2023-05-09 21:09:47,SR311C6700,白糖2311购6700,311.0,0.0,0.0,0.0,5,321.0,325.0,10,311.0,304.5,0.0,0.0,0.0,0.0,373
2023-05-09 21:09:47,SR311C6700,白糖2311购6700,311.0,0.0,0.0,0.0,15,321.0,325.0,10,311.0,304.5,0.0,0.0,0.0,0.0,373
2023-05-09 21:09:52,SR311C6700,白糖2311购6700,311.0,0.0,0.0,0.0,25,321.0,325.0,10,311.0,304.5,0.0,0.0,0.0,0.0,373
2023-05-09 21:09:54,SR311C6700,白糖2311购6700,311.0,0.0,0.0,0.0,25,321.0,324.5,10,311.0,304.5,0.0,0.0,0.0,0.0,373
2023-05-09 21:10:03,SR311C6700,白糖2311购6700,311.0,0.0,0.0,0.0,15,321.0,324.5,10,311.0,304.5,0.0,0.0,0.0,0.0,373
2023-05-09 21:10:03,SR311C6700,白糖2311购6700,311.0,0.0,0.0,0.0,15,321.0,324.5,20,311.0,304.5,0.0,0.0,0.0,0.0,373
2023-05-09 21:10:04,SR311C6700,白糖2311购6700,311.0,0.0,0.0,0.0,25,321.0,324.5,10,311.0,304.5,0.0,0.0,0.0,0.0,373
2023-05-09 21:10:04,SR311C6700,白糖2311购6700,311.0,0.0,0.0,0.0,15,321.0,324.5,10,311.0,304.5,0.0,0.0,0.0,0.0,373
2023-05-09 21:10:04,SR311C6700,白糖2311购6700,311.0,0.0,0.0,0.0,5,321.0,324.5,10,311.0,304.5,0.0,0.0,0.0,0.0,373
2023-05-09 21:10:13,SR311C6700,白糖2311购6700,311.0,0.0,0.0,0.0,5,321.0,324.5,20,311.0,304.5,0.0,0.0,0.0,0.0,373
2023-05-09 21:10:13,SR311C6700,白糖2311购6700,311.0,0.0,0.0,0.0,5,321.0,324.0,10,311.0,304.5,0.0,0.0,0.0,0.0,373
2023-05-09 21:10:57,SR311C6700,白糖2311购6700,311.0,0.0,0.0,0.0,5,321.0,325.0,60,311.0,304.5,0.0,0.0,0.0,0.0,373
2023-05-09 21:10:57,SR311C6700,白糖2311购6700,311.0,0.0,0.0,0.0,5,321.0,325.0,50,311.0,304.5,0.0,0.0,0.0,0.0,373
2023-05-09 21:10:58,SR311C6700,白糖2311购6700,311.0,0.0,0.0,0.0,25,321.0,325.0,20,311.0,304.5,0.0,0.0,0.0,0.0,373
2023-05-09 21:10:59,SR311C6700,白糖2311购6700,311.0,0.0,0.0,0.0,45,321.0,326.0,40,311.0,304.5,0.0,0.0,0.0,0.0,373
2023-05-09 21:10:59,SR311C6700,白糖2311购6700,311.0,0.0,0.0,0.0,45,321.0,326.0,30,311.0,304.5,0.0,0.0,0.0,0.0,373
2023-05-09 21:11:01,SR311C6700,白糖2311购6700,311.0,0.0,0.0,0.0,25,321.0,325.0,10,311.0,304.5,0.0,0.0,0.0,0.0,373
2023-05-09 21:11:01,SR311C6700,白糖2311购6700,311.0,0.0,0.0,0.0,15,321.0,325.0,40,311.0,304.5,0.0,0.0,0.0,0.0,373
2023-05-09 21:11:02,SR311C6700,白糖2311购6700,311.0,0.0,0.0,0.0,5,321.0,325.0,40,311.0,304.5,0.0,0.0,0.0,0.0,373
2023-05-09 21:11:03,SR311C6700,白糖2311购6700,311.0,0.0,0.0,0.0,5,321.0,325.0,30,311.0,304.5,0.0,0.0,0.0,0.0,373
2023-05-09 21:11:03,SR311C6700,白糖2311购6700,311.0,0.0,0.0,0.0,15,321.0,325.0,30,311.0,304.5,0.0,0.0,0.0,0.0,373
2023-05-09 21:11:05,SR311C6700,白糖2311购6700,311.0,0.0,0.0,0.0,25,321.0,325.0,30,311.0,304.5,0.0,0.0,0.0,0.0,373
2023-05-09 21:11:19,SR311C6700,白糖2311购6700,311.0,0.0,0.0,0.0,15,321.0,325.0,30,311.0,304.5,0.0,0.0,0.0,0.0,373
2023-05-09 21:11:28,SR311C6700,白糖2311购6700,311.0,0.0,0.0,0.0,25,321.0,325.0,20,311.0,304.5,0.0,0.0,0.0,0.0,373
2023-05-09 21:11:30,SR311C6700,白糖2311购6700,311.0,0.0,0.0,0.0,25,321.0,324.5,10,311.0,304.5,0.0,0.0,0.0,0.0,373
2023-05-09 21:11:34,SR311C6700,白糖2311购6700,311.0,0.0,0.0,0.0,25,321.0,325.0,20,311.0,304.5,0.0,0.0,0.0,0.0,373
2023-05-09 21:11:39,SR311C6700,白糖2311购6700,311.0,0.0,0.0,0.0,5,321.0,325.0,20,311.0,304.5,0.0,0.0,0.0,0.0,373
2023-05-09 21:11:40,SR311C6700,白糖2311购6700,311.0,0.0,0.0,0.0,5,321.0,325.0,30,311.0,304.5,0.0,0.0,0.0,0.0,373
2023-05-09 21:11:42,SR311C6700,白糖2311购6700,311.0,0.0,0.0,0.0,5,321.0,324.0,10,311.0,304.5,0.0,0.0,0.0,0.0,373
2023-05-09 21:11:48,SR311C6700,白糖2311购6700,311.0,0.0,0.0,0.0,5,321.0,325.0,40,311.0,304.5,0.0,0.0,0.0,0.0,373
2023-05-09 21:11:49,SR311C6700,白糖2311购6700,311.0,0.0,0.0,0.0,5,321.0,325.0,30,311.0,304.5,0.0,0.0,0.0,0.0,373
2023-05-09 21:11:51,SR311C6700,白糖2311购6700,311.0,0.0,0.0,0.0,5,321.0,325.0,20,311.0,304.5,0.0,0.0,0.0,0.0,373
2023-05-09 21:11:57,SR311C6700,白糖2311购6700,311.0,0.0,0.0,0.0,15,321.0,325.0,10,311.0,304.5,0.0,0.0,0.0,0.0,373
2023-05-09 21:12:02,SR311C6700,白糖2311购6700,311.0,0.0,0.0,0.0,20,322.0,326.5,10,311.0,304.5,0.0,0.0,0.0,0.0,373
2023-05-09 21:12:02,SR311C6700,白糖2311购6700,311.0,0.0,0.0,0.0,30,322.0,326.5,10,311.0,304.5,0.0,0.0,0.0,0.0,373
2023-05-09 21:12:04,SR311C6700,白糖2311购6700,311.0,0.0,0.0,0.0,10,322.0,326.0,10,311.0,304.5,0.0,0.0,0.0,0.0,373
2023-05-09 21:12:04,SR311C6700,白糖2311购6700,311.0,0.0,0.0,0.0,10,321.5,326.0,10,311.0,304.5,0.0,0.0,0.0,0.0,373
2023-05-09 21:12:05,SR311C6700,白糖2311购6700,311.0,0.0,0.0,0.0,55,321.0,326.0,10,311.0,304.5,0.0,0.0,0.0,0.0,373
2023-05-09 21:12:11,SR311C6700,白糖2311购6700,311.0,0.0,0.0,0.0,10,322.0,326.5,30,311.0,304.5,0.0,0.0,0.0,0.0,373
2023-05-09 21:12:13,SR311C6700,白糖2311购6700,311.0,0.0,0.0,0.0,10,322.0,326.5,20,311.0,304.5,0.0,0.0,0.0,0.0,373
2023-05-09 21:12:22,SR311C6700,白糖2311购6700,311.0,0.0,0.0,0.0,20,322.0,326.0,10,311.0,304.5,0.0,0.0,0.0,0.0,373
2023-05-09 21:12:22,SR311C6700,白糖2311购6700,311.0,0.0,0.0,0.0,20,322.0,326.5,50,311.0,304.5,0.0,0.0,0.0,0.0,373
2023-05-09 21:12:22,SR311C6700,白糖2311购6700,311.0,0.0,0.0,0.0,20,322.0,326.5,40,311.0,304.5,0.0,0.0,0.0,0.0,373
2023-05-09 21:12:27,SR311C6700,白糖2311购6700,311.0,0.0,0.0,0.0,30,322.0,326.5,40,311.0,304.5,0.0,0.0,0.0,0.0,373
2023-05-09 21:12:34,SR311C6700,白糖2311购6700,311.0,0.0,0.0,0.0,40,322.0,326.5,20,311.0,304.5,0.0,0.0,0.0,0.0,373
2023-05-09 21:12:35,SR311C6700,白糖2311购6700,311.0,0.0,0.0,0.0,5,322.5,326.5,20,311.0,304.5,0.0,0.0,0.0,0.0,373
2023-05-09 21:12:35,SR311C6700,白糖2311购6700,311.0,0.0,0.0,0.0,40,323.0,327.0,5,311.0,304.5,0.0,0.0,0.0,0.0,373
2023-05-09 21:12:36,SR311C6700,白糖2311购6700,311.0,0.0,0.0,0.0,40,323.0,327.5,30,311.0,304.5,0.0,0.0,0.0,0.0,373
2023-05-09 21:12:37,SR311C6700,白糖2311购6700,311.0,0.0,0.0,0.0,10,324.0,327.5,10,311.0,304.5,0.0,0.0,0.0,0.0,373
2023-05-09 21:12:37,SR311C6700,白糖2311购6700,311.0,0.0,0.0,0.0,30,324.0,328.5,20,311.0,304.5,0.0,0.0,0.0,0.0,373
2023-05-09 21:12:38,SR311C6700,白糖2311购6700,311.0,0.0,0.0,0.0,35,324.0,328.5,20,311.0,304.5,0.0,0.0,0.0,0.0,373
2023-05-09 21:12:42,SR311C6700,白糖2311购6700,311.0,0.0,0.0,0.0,10,325.0,329.0,10,311.0,304.5,0.0,0.0,0.0,0.0,373
2023-05-09 21:12:42,SR311C6700,白糖2311购6700,311.0,0.0,0.0,0.0,20,325.0,329.5,40,311.0,304.5,0.0,0.0,0.0,0.0,373
2023-05-09 21:12:42,SR311C6700,白糖2311购6700,311.0,0.0,0.0,0.0,10,325.0,329.0,10,311.0,304.5,0.0,0.0,0.0,0.0,373
2023-05-09 21:12:42,SR311C6700,白糖2311购6700,311.0,0.0,0.0,0.0,20,325.0,329.5,40,311.0,304.5,0.0,0.0,0.0,0.0,373
2023-05-09 21:12:45,SR311C6700,白糖2311购6700,311.0,0.0,0.0,0.0,30,325.0,329.5,20,311.0,304.5,0.0,0.0,0.0,0.0,373
2023-05-09 21:12:48,SR311C6700,白糖2311购6700,311.0,0.0,0.0,0.0,10,326.0,330.5,65,311.0,304.5,0.0,0.0,0.0,0.0,373
2023-05-09 21:12:48,SR311C6700,白糖2311购6700,311.0,0.0,0.0,0.0,30,326.0,330.5,45,311.0,304.5,0.0,0.0,0.0,0.0,373
2023-05-09 21:12:50,SR311C6700,白糖2311购6700,311.0,0.0,0.0,0.0,40,326.0,330.5,25,311.0,304.5,0.0,0.0,0.0,0.0,373
2023-05-09 21:12:51,SR311C6700,白糖2311购6700,311.0,0.0,0.0,0.0,40,326.0,330.5,35,311.0,304.5,0.0,0.0,0.0,0.0,373
2023-05-09 21:12:55,SR311C6700,白糖2311购6700,311.0,0.0,0.0,0.0,5,327.0,330.5,20,311.0,304.5,0.0,0.0,0.0,0.0,373
2023-05-09 21:12:56,SR311C6700,白糖2311购6700,311.0,0.0,0.0,0.0,15,327.0,331.0,30,311.0,304.5,0.0,0.0,0.0,0.0,373
2023-05-09 21:12:56,SR311C6700,白糖2311购6700,311.0,0.0,0.0,0.0,35,327.0,331.5,30,311.0,304.5,0.0,0.0,0.0,0.0,373
2023-05-09 21:12:56,SR311C6700,白糖2311购6700,311.0,0.0,0.0,0.0,35,327.0,331.5,20,311.0,304.5,0.0,0.0,0.0,0.0,373
2023-05-09 21:12:57,SR311C6700,白糖2311购6700,311.0,0.0,0.0,0.0,45,327.0,331.5,10,311.0,304.5,0.0,0.0,0.0,0.0,373
2023-05-09 21:12:58,SR311C6700,白糖2311购6700,311.0,0.0,0.0,0.0,10,328.0,332.0,10,311.0,304.5,0.0,0.0,0.0,0.0,373
2023-05-09 21:12:58,SR311C6700,白糖2311购6700,311.0,0.0,0.0,0.0,40,328.0,332.5,30,311.0,304.5,0.0,0.0,0.0,0.0,373
2023-05-09 21:12:59,SR311C6700,白糖2311购6700,311.0,0.0,0.0,0.0,30,328.0,332.5,30,311.0,304.5,0.0,0.0,0.0,0.0,373
2023-05-09 21:12:59,SR311C6700,白糖2311购6700,311.0,0.0,0.0,0.0,40,328.0,332.5,30,311.0,304.5,0.0,0.0,0.0,0.0,373
2023-05-09 21:13:00,SR311C6700,白糖2311购6700,311.0,0.0,0.0,0.0,10,328.0,331.5,10,311.0,304.5,0.0,0.0,0.0,0.0,373
2023-05-09 21:13:01,SR311C6700,白糖2311购6700,311.0,0.0,0.0,0.0,30,327.5,332.0,10,311.0,304.5,0.0,0.0,0.0,0.0,373
2023-05-09 21:13:02,SR311C6700,白糖2311购6700,311.0,0.0,0.0,0.0,10,328.0,332.5,20,311.0,304.5,0.0,0.0,0.0,0.0,373
2023-05-09 21:13:05,SR311C6700,白糖2311购6700,311.0,0.0,0.0,0.0,30,327.5,332.0,10,311.0,304.5,0.0,0.0,0.0,0.0,373
2023-05-09 21:13:05,SR311C6700,白糖2311购6700,311.0,0.0,0.0,0.0,35,327.0,331.5,20,311.0,304.5,0.0,0.0,0.0,0.0,373
2023-05-09 21:13:07,SR311C6700,白糖2311购6700,311.0,0.0,0.0,0.0,45,327.0,331.5,20,311.0,304.5,0.0,0.0,0.0,0.0,373
2023-05-09 21:13:08,SR311C6700,白糖2311购6700,311.0,0.0,0.0,0.0,10,328.0,332.5,20,311.0,304.5,0.0,0.0,0.0,0.0,373
2023-05-09 21:13:09,SR311C6700,白糖2311购6700,311.0,0.0,0.0,0.0,20,328.0,332.5,20,311.0,304.5,0.0,0.0,0.0,0.0,373
2023-05-09 21:13:11,SR311C6700,白糖2311购6700,311.0,0.0,0.0,0.0,20,328.0,331.5,10,311.0,304.5,0.0,0.0,0.0,0.0,373
2023-05-09 21:13:16,SR311C6700,白糖2311购6700,311.0,0.0,0.0,0.0,30,328.0,332.5,40,311.0,304.5,0.0,0.0,0.0,0.0,373
2023-05-09 21:13:17,SR311C6700,白糖2311购6700,311.0,0.0,0.0,0.0,30,328.0,332.5,30,311.0,304.5,0.0,0.0,0.0,0.0,373
2023-05-09 21:13:28,SR311C6700,白糖2311购6700,311.0,0.0,0.0,0.0,10,329.0,332.5,10,311.0,304.5,0.0,0.0,0.0,0.0,373
2023-05-09 21:13:28,SR311C6700,白糖2311购6700,311.0,0.0,0.0,0.0,20,329.0,332.5,10,311.0,304.5,0.0,0.0,0.0,0.0,373
2023-05-09 21:13:29,SR311C6700,白糖2311购6700,311.0,0.0,0.0,0.0,20,329.0,333.5,35,311.0,304.5,0.0,0.0,0.0,0.0,373
2023-05-09 21:13:30,SR311C6700,白糖2311购6700,311.0,0.0,0.0,0.0,20,329.5,333.5,15,311.0,304.5,0.0,0.0,0.0,0.0,373
2023-05-09 21:13:33,SR311C6700,白糖2311购6700,311.0,0.0,0.0,0.0,20,329.5,333.5,35,311.0,304.5,0.0,0.0,0.0,0.0,373
2023-05-09 21:13:35,SR311C6700,白糖2311购6700,311.0,0.0,0.0,0.0,10,329.5,333.5,45,311.0,304.5,0.0,0.0,0.0,0.0,373
2023-05-09 21:13:35,SR311C6700,白糖2311购6700,311.0,0.0,0.0,0.0,40,329.0,333.5,35,311.0,304.5,0.0,0.0,0.0,0.0,373
2023-05-09 21:13:36,SR311C6700,白糖2311购6700,311.0,0.0,0.0,0.0,30,329.0,333.0,10,311.0,304.5,0.0,0.0,0.0,0.0,373
2023-05-09 21:13:36,SR311C6700,白糖2311购6700,311.0,0.0,0.0,0.0,20,329.0,333.0,10,311.0,304.5,0.0,0.0,0.0,0.0,373
2023-05-09 21:13:41,SR311C6700,白糖2311购6700,311.0,0.0,0.0,0.0,20,329.0,332.5,10,311.0,304.5,0.0,0.0,0.0,0.0,373
2023-05-09 21:13:41,SR311C6700,白糖2311购6700,311.0,0.0,0.0,0.0,30,328.0,331.5,10,311.0,304.5,0.0,0.0,0.0,0.0,373
2023-05-09 21:13:42,SR311C6700,白糖2311购6700,311.0,0.0,0.0,0.0,20,328.0,331.5,10,311.0,304.5,0.0,0.0,0.0,0.0,373
2023-05-09 21:13:52,SR311C6700,白糖2311购6700,311.0,0.0,0.0,0.0,45,327.0,331.5,20,311.0,304.5,0.0,0.0,0.0,0.0,373
2023-05-09 21:13:52,SR311C6700,白糖2311购6700,311.0,0.0,0.0,0.0,35,327.0,331.5,20,311.0,304.5,0.0,0.0,0.0,0.0,373
2023-05-09 21:13:53,SR311C6700,白糖2311购6700,311.0,0.0,0.0,0.0,25,327.0,331.5,20,311.0,304.5,0.0,0.0,0.0,0.0,373
2023-05-09 21:13:54,SR311C6700,白糖2311购6700,311.0,0.0,0.0,0.0,10,327.5,331.5,10,311.0,304.5,0.0,0.0,0.0,0.0,373
2023-05-09 21:14:00,SR311C6700,白糖2311购6700,311.0,0.0,0.0,0.0,20,327.5,332.0,20,311.0,304.5,0.0,0.0,0.0,0.0,373
2023-05-09 21:14:02,SR311C6700,白糖2311购6700,311.0,0.0,0.0,0.0,10,328.5,332.0,10,311.0,304.5,0.0,0.0,0.0,0.0,373
2023-05-09 21:14:07,SR311C6700,白糖2311购6700,311.0,0.0,0.0,0.0,20,328.5,332.0,10,311.0,304.5,0.0,0.0,0.0,0.0,373
2023-05-09 21:14:23,SR311C6700,白糖2311购6700,311.0,0.0,0.0,0.0,10,330.0,333.0,10,311.0,304.5,0.0,0.0,0.0,0.0,373
2023-05-09 21:14:24,SR311C6700,白糖2311购6700,311.0,0.0,0.0,0.0,10,329.0,333.0,10,311.0,304.5,0.0,0.0,0.0,0.0,373
2023-05-09 21:14:24,SR311C6700,白糖2311购6700,311.0,0.0,0.0,0.0,10,329.0,333.5,35,311.0,304.5,0.0,0.0,0.0,0.0,373
2023-05-09 21:14:26,SR311C6700,白糖2311购6700,311.0,0.0,0.0,0.0,20,329.0,333.5,45,311.0,304.5,0.0,0.0,0.0,0.0,373
2023-05-09 21:14:27,SR311C6700,白糖2311购6700,311.0,0.0,0.0,0.0,10,329.0,332.5,10,311.0,304.5,0.0,0.0,0.0,0.0,373
2023-05-09 21:14:27,SR311C6700,白糖2311购6700,311.0,0.0,0.0,0.0,50,328.0,332.5,10,311.0,304.5,0.0,0.0,0.0,0.0,373
2023-05-09 21:14:28,SR311C6700,白糖2311购6700,311.0,0.0,0.0,0.0,10,329.0,332.5,10,311.0,304.5,0.0,0.0,0.0,0.0,373
2023-05-09 21:14:29,SR311C6700,白糖2311购6700,311.0,0.0,0.0,0.0,20,329.0,333.0,10,311.0,304.5,0.0,0.0,0.0,0.0,373
2023-05-09 21:14:31,SR311C6700,白糖2311购6700,311.0,0.0,0.0,0.0,30,329.0,333.0,10,311.0,304.5,0.0,0.0,0.0,0.0,373
2023-05-09 21:14:32,SR311C6700,白糖2311购6700,311.0,0.0,0.0,0.0,20,329.0,333.0,10,311.0,304.5,0.0,0.0,0.0,0.0,373
2023-05-09 21:14:36,SR311C6700,白糖2311购6700,311.0,0.0,0.0,0.0,50,328.0,332.5,10,311.0,304.5,0.0,0.0,0.0,0.0,373
2023-05-09 21:14:36,SR311C6700,白糖2311购6700,311.0,0.0,0.0,0.0,40,328.0,332.5,10,311.0,304.5,0.0,0.0,0.0,0.0,373
2023-05-09 21:14:37,SR311C6700,白糖2311购6700,311.0,0.0,0.0,0.0,30,328.0,332.5,10,311.0,304.5,0.0,0.0,0.0,0.0,373
2023-05-09 21:14:38,SR311C6700,白糖2311购6700,311.0,0.0,0.0,0.0,40,328.0,332.5,10,311.0,304.5,0.0,0.0,0.0,0.0,373
2023-05-09 21:14:41,SR311C6700,白糖2311购6700,311.0,0.0,0.0,0.0,30,328.0,332.5,10,311.0,304.5,0.0,0.0,0.0,0.0,373
2023-05-09 21:14:49,SR311C6700,白糖2311购6700,311.0,0.0,0.0,0.0,10,328.0,331.5,10,311.0,304.5,0.0,0.0,0.0,0.0,373
2023-05-09 21:14:49,SR311C6700,白糖2311购6700,311.0,0.0,0.0,0.0,20,327.5,331.0,10,311.0,304.5,0.0,0.0,0.0,0.0,373
2023-05-09 21:14:56,SR311C6700,白糖2311购6700,311.0,0.0,0.0,0.0,10,327.5,331.0,10,311.0,304.5,0.0,0.0,0.0,0.0,373
2023-05-09 21:14:57,SR311C6700,白糖2311购6700,311.0,0.0,0.0,0.0,20,327.5,331.5,10,311.0,304.5,0.0,0.0,0.0,0.0,373
2023-05-09 21:14:58,SR311C6700,白糖2311购6700,311.0,0.0,0.0,0.0,20,327.5,331.0,10,311.0,304.5,0.0,0.0,0.0,0.0,373
2023-05-09 21:15:14,SR311C6700,白糖2311购6700,311.0,0.0,0.0,0.0,10,327.5,331.0,10,311.0,304.5,0.0,0.0,0.0,0.0,373
2023-05-09 21:15:29,SR311C6700,白糖2311购6700,311.0,0.0,0.0,0.0,20,327.5,331.0,10,311.0,304.5,0.0,0.0,0.0,0.0,373
2023-05-09 21:15:35,SR311C6700,白糖2311购6700,311.0,0.0,0.0,0.0,10,327.5,331.0,10,311.0,304.5,0.0,0.0,0.0,0.0,373
2023-05-09 21:15:56,SR311C6700,白糖2311购6700,311.0,0.0,0.0,0.0,20,327.5,331.0,10,311.0,304.5,0.0,0.0,0.0,0.0,373
2023-05-09 21:15:59,SR311C6700,白糖2311购6700,311.0,0.0,0.0,0.0,10,329.0,332.0,25,311.0,304.5,0.0,0.0,0.0,0.0,373
2023-05-09 21:16:00,SR311C6700,白糖2311购6700,311.0,0.0,0.0,0.0,10,329.0,332.0,15,311.0,304.5,0.0,0.0,0.0,0.0,373
2023-05-09 21:16:01,SR311C6700,白糖2311购6700,311.0,0.0,0.0,0.0,50,328.0,332.0,15,311.0,304.5,0.0,0.0,0.0,0.0,373
2023-05-09 21:16:01,SR311C6700,白糖2311购6700,311.0,0.0,0.0,0.0,10,328.0,331.5,10,311.0,304.5,0.0,0.0,0.0,0.0,373
2023-05-09 21:16:02,SR311C6700,白糖2311购6700,311.0,0.0,0.0,0.0,10,327.5,331.5,10,311.0,304.5,0.0,0.0,0.0,0.0,373
2023-05-09 21:16:02,SR311C6700,白糖2311购6700,311.0,0.0,0.0,0.0,25,327.0,331.5,20,311.0,304.5,0.0,0.0,0.0,0.0,373
2023-05-09 21:16:03,SR311C6700,白糖2311购6700,311.0,0.0,0.0,0.0,15,327.0,330.5,20,311.0,304.5,0.0,0.0,0.0,0.0,373
2023-05-09 21:16:03,SR311C6700,白糖2311购6700,311.0,0.0,0.0,0.0,5,327.0,330.0,10,311.0,304.5,0.0,0.0,0.0,0.0,373
2023-05-09 21:16:04,SR311C6700,白糖2311购6700,311.0,0.0,0.0,0.0,40,326.0,330.0,10,311.0,304.5,0.0,0.0,0.0,0.0,373
2023-05-09 21:16:04,SR311C6700,白糖2311购6700,311.0,0.0,0.0,0.0,30,326.0,330.0,10,311.0,304.5,0.0,0.0,0.0,0.0,373
2023-05-09 21:16:05,SR311C6700,白糖2311购6700,311.0,0.0,0.0,0.0,20,326.0,330.0,10,311.0,304.5,0.0,0.0,0.0,0.0,373
2023-05-09 21:16:08,SR311C6700,白糖2311购6700,311.0,0.0,0.0,0.0,20,326.0,329.5,10,311.0,304.5,0.0,0.0,0.0,0.0,373
2023-05-09 21:16:12,SR311C6700,白糖2311购6700,311.0,0.0,0.0,0.0,20,325.0,328.5,20,311.0,304.5,0.0,0.0,0.0,0.0,373
2023-05-09 21:16:12,SR311C6700,白糖2311购6700,311.0,0.0,0.0,0.0,10,325.0,328.0,10,311.0,304.5,0.0,0.0,0.0,0.0,373
2023-05-09 21:16:13,SR311C6700,白糖2311购6700,311.0,0.0,0.0,0.0,40,324.0,328.0,10,311.0,304.5,0.0,0.0,0.0,0.0,373
2023-05-09 21:16:13,SR311C6700,白糖2311购6700,311.0,0.0,0.0,0.0,10,325.0,328.5,20,311.0,304.5,0.0,0.0,0.0,0.0,373
2023-05-09 21:16:14,SR311C6700,白糖2311购6700,311.0,0.0,0.0,0.0,20,325.0,328.5,10,311.0,304.5,0.0,0.0,0.0,0.0,373
2023-05-09 21:16:16,SR311C6700,白糖2311购6700,311.0,0.0,0.0,0.0,30,325.0,328.5,10,311.0,304.5,0.0,0.0,0.0,0.0,373
2023-05-09 21:16:19,SR311C6700,白糖2311购6700,311.0,0.0,0.0,0.0,20,325.0,328.5,20,311.0,304.5,0.0,0.0,0.0,0.0,373
2023-05-09 21:16:19,SR311C6700,白糖2311购6700,311.0,0.0,0.0,0.0,10,324.5,328.5,20,311.0,304.5,0.0,0.0,0.0,0.0,373
2023-05-09 21:16:20,SR311C6700,白糖2311购6700,311.0,0.0,0.0,0.0,60,324.0,328.5,10,311.0,304.5,0.0,0.0,0.0,0.0,373
2023-05-09 21:16:20,SR311C6700,白糖2311购6700,311.0,0.0,0.0,0.0,40,324.0,328.0,10,311.0,304.5,0.0,0.0,0.0,0.0,373
2023-05-09 21:16:21,SR311C6700,白糖2311购6700,311.0,0.0,0.0,0.0,30,324.0,328.0,20,311.0,304.5,0.0,0.0,0.0,0.0,373
2023-05-09 21:16:22,SR311C6700,白糖2311购6700,311.0,0.0,0.0,0.0,20,324.0,327.5,10,311.0,304.5,0.0,0.0,0.0,0.0,373
2023-05-09 21:16:22,SR311C6700,白糖2311购6700,311.0,0.0,0.0,0.0,10,323.5,327.5,20,311.0,304.5,0.0,0.0,0.0,0.0,373
2023-05-09 21:16:23,SR311C6700,白糖2311购6700,311.0,0.0,0.0,0.0,20,323.5,327.5,20,311.0,304.5,0.0,0.0,0.0,0.0,373
2023-05-09 21:16:26,SR311C6700,白糖2311购6700,311.0,0.0,0.0,0.0,40,323.5,328.0,50,311.0,304.5,0.0,0.0,0.0,0.0,373
2023-05-09 21:16:27,SR311C6700,白糖2311购6700,311.0,0.0,0.0,0.0,40,323.5,328.0,40,311.0,304.5,0.0,0.0,0.0,0.0,373
2023-05-09 21:16:29,SR311C6700,白糖2311购6700,311.0,0.0,0.0,0.0,40,323.5,328.0,30,311.0,304.5,0.0,0.0,0.0,0.0,373
2023-05-09 21:16:30,SR311C6700,白糖2311购6700,311.0,0.0,0.0,0.0,40,323.5,328.0,40,311.0,304.5,0.0,0.0,0.0,0.0,373
2023-05-09 21:16:33,SR311C6700,白糖2311购6700,311.0,0.0,0.0,0.0,30,323.5,327.5,10,311.0,304.5,0.0,0.0,0.0,0.0,373
2023-05-09 21:16:37,SR311C6700,白糖2311购6700,311.0,0.0,0.0,0.0,20,323.5,326.5,10,311.0,304.5,0.0,0.0,0.0,0.0,373
2023-05-09 21:16:37,SR311C6700,白糖2311购6700,311.0,0.0,0.0,0.0,15,323.0,326.5,10,311.0,304.5,0.0,0.0,0.0,0.0,373
2023-05-09 21:16:38,SR311C6700,白糖2311购6700,311.0,0.0,0.0,0.0,25,323.0,326.5,10,311.0,304.5,0.0,0.0,0.0,0.0,373
2023-05-09 21:16:38,SR311C6700,白糖2311购6700,311.0,0.0,0.0,0.0,15,323.0,326.5,20,311.0,304.5,0.0,0.0,0.0,0.0,373
2023-05-09 21:16:48,SR311C6700,白糖2311购6700,311.0,0.0,0.0,0.0,35,323.0,327.0,30,311.0,304.5,0.0,0.0,0.0,0.0,373
2023-05-09 21:16:48,SR311C6700,白糖2311购6700,311.0,0.0,0.0,0.0,25,323.0,327.0,30,311.0,304.5,0.0,0.0,0.0,0.0,373
2023-05-09 21:16:51,SR311C6700,白糖2311购6700,311.0,0.0,0.0,0.0,35,323.0,327.0,20,311.0,304.5,0.0,0.0,0.0,0.0,373
2023-05-09 21:16:54,SR311C6700,白糖2311购6700,311.0,0.0,0.0,0.0,35,323.0,327.0,30,311.0,304.5,0.0,0.0,0.0,0.0,373
2023-05-09 21:17:00,SR311C6700,白糖2311购6700,311.0,0.0,0.0,0.0,35,323.0,327.0,40,311.0,304.5,0.0,0.0,0.0,0.0,373
2023-05-09 21:17:01,SR311C6700,白糖2311购6700,311.0,0.0,0.0,0.0,25,323.0,327.0,50,311.0,304.5,0.0,0.0,0.0,0.0,373
2023-05-09 21:17:02,SR311C6700,白糖2311购6700,311.0,0.0,0.0,0.0,15,323.0,326.0,20,311.0,304.5,0.0,0.0,0.0,0.0,373
2023-05-09 21:17:02,SR311C6700,白糖2311购6700,311.0,0.0,0.0,0.0,30,322.0,325.5,10,311.0,304.5,0.0,0.0,0.0,0.0,373
2023-05-09 21:17:03,SR311C6700,白糖2311购6700,311.0,0.0,0.0,0.0,20,322.0,325.0,20,311.0,304.5,0.0,0.0,0.0,0.0,373
2023-05-09 21:17:03,SR311C6700,白糖2311购6700,311.0,0.0,0.0,0.0,10,321.0,325.0,30,311.0,304.5,0.0,0.0,0.0,0.0,373
2023-05-09 21:17:04,SR311C6700,白糖2311购6700,311.0,0.0,0.0,0.0,20,320.5,325.0,30,311.0,304.5,0.0,0.0,0.0,0.0,373
2023-05-09 21:17:04,SR311C6700,白糖2311购6700,311.0,0.0,0.0,0.0,40,320.5,325.0,30,311.0,304.5,0.0,0.0,0.0,0.0,373
2023-05-09 21:17:04,SR311C6700,白糖2311购6700,311.0,0.0,0.0,0.0,20,320.5,325.0,30,311.0,304.5,0.0,0.0,0.0,0.0,373
2023-05-09 21:17:04,SR311C6700,白糖2311购6700,311.0,0.0,0.0,0.0,40,320.5,325.0,30,311.0,304.5,0.0,0.0,0.0,0.0,373
2023-05-09 21:17:05,SR311C6700,白糖2311购6700,311.0,0.0,0.0,0.0,10,321.0,325.0,20,311.0,304.5,0.0,0.0,0.0,0.0,373
2023-05-09 21:17:09,SR311C6700,白糖2311购6700,311.0,0.0,0.0,0.0,30,321.0,325.5,10,311.0,304.5,0.0,0.0,0.0,0.0,373
2023-05-09 21:17:09,SR311C6700,白糖2311购6700,311.0,0.0,0.0,0.0,10,322.0,326.0,20,311.0,304.5,0.0,0.0,0.0,0.0,373
2023-05-09 21:17:10,SR311C6700,白糖2311购6700,311.0,0.0,0.0,0.0,40,322.0,326.5,15,311.0,304.5,0.0,0.0,0.0,0.0,373
2023-05-09 21:17:10,SR311C6700,白糖2311购6700,311.0,0.0,0.0,0.0,50,322.0,326.5,15,311.0,304.5,0.0,0.0,0.0,0.0,373
2023-05-09 21:17:12,SR311C6700,白糖2311购6700,311.0,0.0,0.0,0.0,40,322.0,326.5,25,311.0,304.5,0.0,0.0,0.0,0.0,373
2023-05-09 21:17:13,SR311C6700,白糖2311购6700,311.0,0.0,0.0,0.0,20,322.0,325.0,10,311.0,304.5,0.0,0.0,0.0,0.0,373
2023-05-09 21:17:13,SR311C6700,白糖2311购6700,311.0,0.0,0.0,0.0,10,321.5,325.0,10,311.0,304.5,0.0,0.0,0.0,0.0,373
2023-05-09 21:17:14,SR311C6700,白糖2311购6700,311.0,0.0,0.0,0.0,20,321.5,325.0,10,311.0,304.5,0.0,0.0,0.0,0.0,373
2023-05-09 21:17:22,SR311C6700,白糖2311购6700,311.0,0.0,0.0,0.0,20,321.5,325.0,20,311.0,304.5,0.0,0.0,0.0,0.0,373
2023-05-09 21:17:28,SR311C6700,白糖2311购6700,311.0,0.0,0.0,0.0,30,321.5,325.0,10,311.0,304.5,0.0,0.0,0.0,0.0,373
2023-05-09 21:17:28,SR311C6700,白糖2311购6700,311.0,0.0,0.0,0.0,10,321.5,325.0,20,311.0,304.5,0.0,0.0,0.0,0.0,373
2023-05-09 21:17:29,SR311C6700,白糖2311购6700,311.0,0.0,0.0,0.0,25,321.0,325.0,20,311.0,304.5,0.0,0.0,0.0,0.0,373
2023-05-09 21:17:29,SR311C6700,白糖2311购6700,311.0,0.0,0.0,0.0,35,321.0,325.0,20,311.0,304.5,0.0,0.0,0.0,0.0,373
2023-05-09 21:17:30,SR311C6700,白糖2311购6700,311.0,0.0,0.0,0.0,25,321.0,324.5,10,311.0,304.5,0.0,0.0,0.0,0.0,373
2023-05-09 21:17:32,SR311C6700,白糖2311购6700,311.0,0.0,0.0,0.0,15,321.0,324.5,20,311.0,304.5,0.0,0.0,0.0,0.0,373
2023-05-09 21:17:33,SR311C6700,白糖2311购6700,311.0,0.0,0.0,0.0,25,321.0,324.5,10,311.0,304.5,0.0,0.0,0.0,0.0,373
2023-05-09 21:18:08,SR311C6700,白糖2311购6700,311.0,0.0,0.0,0.0,10,322.0,325.0,10,311.0,304.5,0.0,0.0,0.0,0.0,373
2023-05-09 21:18:08,SR311C6700,白糖2311购6700,311.0,0.0,0.0,0.0,10,322.0,326.0,20,311.0,304.5,0.0,0.0,0.0,0.0,373
2023-05-09 21:18:09,SR311C6700,白糖2311购6700,311.0,0.0,0.0,0.0,10,322.5,326.5,15,311.0,304.5,0.0,0.0,0.0,0.0,373
2023-05-09 21:18:09,SR311C6700,白糖2311购6700,311.0,0.0,0.0,0.0,20,322.5,326.5,5,311.0,304.5,0.0,0.0,0.0,0.0,373
2023-05-09 21:18:10,SR311C6700,白糖2311购6700,311.0,0.0,0.0,0.0,10,322.5,326.5,15,311.0,304.5,0.0,0.0,0.0,0.0,373
2023-05-09 21:18:11,SR311C6700,白糖2311购6700,311.0,0.0,0.0,0.0,40,322.0,326.0,10,311.0,304.5,0.0,0.0,0.0,0.0,373
2023-05-09 21:18:11,SR311C6700,白糖2311购6700,311.0,0.0,0.0,0.0,30,322.0,326.0,20,311.0,304.5,0.0,0.0,0.0,0.0,373
2023-05-09 21:18:16,SR311C6700,白糖2311购6700,311.0,0.0,0.0,0.0,30,322.0,325.0,10,311.0,304.5,0.0,0.0,0.0,0.0,373
2023-05-09 21:18:18,SR311C6700,白糖2311购6700,311.0,0.0,0.0,0.0,30,322.0,326.0,50,311.0,304.5,0.0,0.0,0.0,0.0,373
2023-05-09 21:18:19,SR311C6700,白糖2311购6700,311.0,0.0,0.0,0.0,30,322.0,326.0,40,311.0,304.5,0.0,0.0,0.0,0.0,373
2023-05-09 21:18:21,SR311C6700,白糖2311购6700,311.0,0.0,0.0,0.0,20,322.0,326.0,50,311.0,304.5,0.0,0.0,0.0,0.0,373
2023-05-09 21:18:21,SR311C6700,白糖2311购6700,311.0,0.0,0.0,0.0,20,322.0,325.5,10,311.0,304.5,0.0,0.0,0.0,0.0,373
2023-05-09 21:18:25,SR311C6700,白糖2311购6700,311.0,0.0,0.0,0.0,30,322.0,325.5,10,311.0,304.5,0.0,0.0,0.0,0.0,373
2023-05-09 21:18:28,SR311C6700,白糖2311购6700,311.0,0.0,0.0,0.0,30,322.0,326.0,30,311.0,304.5,0.0,0.0,0.0,0.0,373
2023-05-09 21:18:37,SR311C6700,白糖2311购6700,311.0,0.0,0.0,0.0,30,322.0,325.5,10,311.0,304.5,0.0,0.0,0.0,0.0,373
2023-05-09 21:18:37,SR311C6700,白糖2311购6700,311.0,0.0,0.0,0.0,20,322.0,325.5,10,311.0,304.5,0.0,0.0,0.0,0.0,373
2023-05-09 21:18:38,SR311C6700,白糖2311购6700,311.0,0.0,0.0,0.0,20,322.0,325.0,10,311.0,304.5,0.0,0.0,0.0,0.0,373
2023-05-09 21:18:45,SR311C6700,白糖2311购6700,311.0,0.0,0.0,0.0,10,321.5,325.0,10,311.0,304.5,0.0,0.0,0.0,0.0,373
2023-05-09 21:18:46,SR311C6700,白糖2311购6700,311.0,0.0,0.0,0.0,45,321.0,325.0,10,311.0,304.5,0.0,0.0,0.0,0.0,373
2023-05-09 21:18:47,SR311C6700,白糖2311购6700,311.0,0.0,0.0,0.0,35,321.0,325.0,20,311.0,304.5,0.0,0.0,0.0,0.0,373
2023-05-09 21:19:03,SR311C6700,白糖2311购6700,311.0,0.0,0.0,0.0,25,321.0,324.0,10,311.0,304.5,0.0,0.0,0.0,0.0,373
2023-05-09 21:19:09,SR311C6700,白糖2311购6700,311.0,0.0,0.0,0.0,15,321.0,324.0,20,311.0,304.5,0.0,0.0,0.0,0.0,373
2023-05-09 21:19:10,SR311C6700,白糖2311购6700,311.0,0.0,0.0,0.0,15,321.0,323.5,10,311.0,304.5,0.0,0.0,0.0,0.0,373
2023-05-09 21:19:12,SR311C6700,白糖2311购6700,311.0,0.0,0.0,0.0,15,321.0,324.0,20,311.0,304.5,0.0,0.0,0.0,0.0,373
2023-05-09 21:19:18,SR311C6700,白糖2311购6700,311.0,0.0,0.0,0.0,5,321.0,324.0,20,311.0,304.5,0.0,0.0,0.0,0.0,373
2023-05-09 21:19:24,SR311C6700,白糖2311购6700,311.0,0.0,0.0,0.0,5,321.0,323.5,10,311.0,304.5,0.0,0.0,0.0,0.0,373
2023-05-09 21:19:25,SR311C6700,白糖2311购6700,311.0,0.0,0.0,0.0,10,320.5,323.5,10,311.0,304.5,0.0,0.0,0.0,0.0,373
2023-05-09 21:19:25,SR311C6700,白糖2311购6700,311.0,0.0,0.0,0.0,25,320.0,323.5,10,311.0,304.5,0.0,0.0,0.0,0.0,373
2023-05-09 21:19:26,SR311C6700,白糖2311购6700,311.0,0.0,0.0,0.0,10,320.5,324.0,20,311.0,304.5,0.0,0.0,0.0,0.0,373
2023-05-09 21:19:26,SR311C6700,白糖2311购6700,311.0,0.0,0.0,0.0,20,320.5,324.0,20,311.0,304.5,0.0,0.0,0.0,0.0,373
2023-05-09 21:19:31,SR311C6700,白糖2311购6700,311.0,0.0,0.0,0.0,20,320.5,323.5,10,311.0,304.5,0.0,0.0,0.0,0.0,373
2023-05-09 21:19:36,SR311C6700,白糖2311购6700,311.0,0.0,0.0,0.0,20,320.5,324.0,10,311.0,304.5,0.0,0.0,0.0,0.0,373
2023-05-09 21:19:36,SR311C6700,白糖2311购6700,311.0,0.0,0.0,0.0,30,320.5,324.0,10,311.0,304.5,0.0,0.0,0.0,0.0,373
2023-05-09 21:19:48,SR311C6700,白糖2311购6700,311.0,0.0,0.0,0.0,30,320.5,324.0,20,311.0,304.5,0.0,0.0,0.0,0.0,373
2023-05-09 21:19:51,SR311C6700,白糖2311购6700,311.0,0.0,0.0,0.0,20,320.5,324.0,20,311.0,304.5,0.0,0.0,0.0,0.0,373
2023-05-09 21:19:56,SR311C6700,白糖2311购6700,311.0,0.0,0.0,0.0,10,320.5,324.0,30,311.0,304.5,0.0,0.0,0.0,0.0,373
2023-05-09 21:19:57,SR311C6700,白糖2311购6700,311.0,0.0,0.0,0.0,10,320.5,324.0,20,311.0,304.5,0.0,0.0,0.0,0.0,373
2023-05-09 21:20:01,SR311C6700,白糖2311购6700,311.0,0.0,0.0,0.0,10,320.5,324.0,30,311.0,304.5,0.0,0.0,0.0,0.0,373
2023-05-09 21:20:02,SR311C6700,白糖2311购6700,311.0,0.0,0.0,0.0,10,320.5,324.0,20,311.0,304.5,0.0,0.0,0.0,0.0,373
2023-05-09 21:20:04,SR311C6700,白糖2311购6700,311.0,0.0,0.0,0.0,10,320.5,323.0,10,311.0,304.5,0.0,0.0,0.0,0.0,373
2023-05-09 21:20:04,SR311C6700,白糖2311购6700,311.0,0.0,0.0,0.0,25,320.0,323.0,10,311.0,304.5,0.0,0.0,0.0,0.0,373
2023-05-09 21:20:05,SR311C6700,白糖2311购6700,311.0,0.0,0.0,0.0,15,320.0,323.0,10,311.0,304.5,0.0,0.0,0.0,0.0,373
2023-05-09 21:20:05,SR311C6700,白糖2311购6700,311.0,0.0,0.0,0.0,5,320.0,322.5,10,311.0,304.5,0.0,0.0,0.0,0.0,373
2023-05-09 21:20:07,SR311C6700,白糖2311购6700,311.0,0.0,0.0,0.0,15,320.0,323.0,10,311.0,304.5,0.0,0.0,0.0,0.0,373
2023-05-09 21:20:08,SR311C6700,白糖2311购6700,311.0,0.0,0.0,0.0,25,320.0,323.0,10,311.0,304.5,0.0,0.0,0.0,0.0,373
2023-05-09 21:20:09,SR311C6700,白糖2311购6700,311.0,0.0,0.0,0.0,35,320.0,324.0,30,311.0,304.5,0.0,0.0,0.0,0.0,373
2023-05-09 21:20:10,SR311C6700,白糖2311购6700,311.0,0.0,0.0,0.0,35,320.0,324.0,20,311.0,304.5,0.0,0.0,0.0,0.0,373
2023-05-09 21:20:31,SR311C6700,白糖2311购6700,311.0,0.0,0.0,0.0,10,321.0,325.0,35,311.0,304.5,0.0,0.0,0.0,0.0,373
2023-05-09 21:20:32,SR311C6700,白糖2311购6700,311.0,0.0,0.0,0.0,20,321.0,325.0,25,311.0,304.5,0.0,0.0,0.0,0.0,373
2023-05-09 21:20:33,SR311C6700,白糖2311购6700,311.0,0.0,0.0,0.0,10,320.5,324.5,10,311.0,304.5,0.0,0.0,0.0,0.0,373
2023-05-09 21:20:34,SR311C6700,白糖2311购6700,311.0,0.0,0.0,0.0,20,320.5,324.5,10,311.0,304.5,0.0,0.0,0.0,0.0,373
2023-05-09 21:20:47,SR311C6700,白糖2311购6700,311.0,0.0,0.0,0.0,10,320.5,324.0,10,311.0,304.5,0.0,0.0,0.0,0.0,373
2023-05-09 21:20:47,SR311C6700,白糖2311购6700,311.0,0.0,0.0,0.0,10,320.5,324.0,20,311.0,304.5,0.0,0.0,0.0,0.0,373
2023-05-09 21:20:48,SR311C6700,白糖2311购6700,311.0,0.0,0.0,0.0,35,320.0,324.0,20,311.0,304.5,0.0,0.0,0.0,0.0,373
2023-05-09 21:20:52,SR311C6700,白糖2311购6700,311.0,0.0,0.0,0.0,35,320.0,323.5,10,311.0,304.5,0.0,0.0,0.0,0.0,373
2023-05-09 21:20:55,SR311C6700,白糖2311购6700,311.0,0.0,0.0,0.0,25,320.0,323.5,20,311.0,304.5,0.0,0.0,0.0,0.0,373
2023-05-09 21:20:56,SR311C6700,白糖2311购6700,311.0,0.0,0.0,0.0,15,320.0,323.5,20,311.0,304.5,0.0,0.0,0.0,0.0,373
2023-05-09 21:20:58,SR311C6700,白糖2311购6700,311.0,0.0,0.0,0.0,5,320.0,323.5,20,311.0,304.5,0.0,0.0,0.0,0.0,373
2023-05-09 21:20:59,SR311C6700,白糖2311购6700,311.0,0.0,0.0,0.0,5,320.0,323.5,10,311.0,304.5,0.0,0.0,0.0,0.0,373
2023-05-09 21:21:00,SR311C6700,白糖2311购6700,311.0,0.0,0.0,0.0,15,320.0,323.5,10,311.0,304.5,0.0,0.0,0.0,0.0,373
2023-05-09 21:21:03,SR311C6700,白糖2311购6700,311.0,0.0,0.0,0.0,10,320.5,323.5,10,311.0,304.5,0.0,0.0,0.0,0.0,373
2023-05-09 21:21:04,SR311C6700,白糖2311购6700,311.0,0.0,0.0,0.0,20,320.5,323.5,10,311.0,304.5,0.0,0.0,0.0,0.0,373
2023-05-09 21:21:07,SR311C6700,白糖2311购6700,311.0,0.0,0.0,0.0,30,320.5,324.0,10,311.0,304.5,0.0,0.0,0.0,0.0,373
2023-05-09 21:21:26,SR311C6700,白糖2311购6700,311.0,0.0,0.0,0.0,10,321.0,324.5,20,311.0,304.5,0.0,0.0,0.0,0.0,373
2023-05-09 21:21:26,SR311C6700,白糖2311购6700,311.0,0.0,0.0,0.0,30,321.0,325.0,15,311.0,304.5,0.0,0.0,0.0,0.0,373
2023-05-09 21:21:31,SR311C6700,白糖2311购6700,311.0,0.0,0.0,0.0,20,321.0,325.0,25,311.0,304.5,0.0,0.0,0.0,0.0,373
2023-05-09 21:21:33,SR311C6700,白糖2311购6700,311.0,0.0,0.0,0.0,10,321.0,325.0,25,311.0,304.5,0.0,0.0,0.0,0.0,373
2023-05-09 21:21:33,SR311C6700,白糖2311购6700,311.0,0.0,0.0,0.0,50,320.5,325.0,25,311.0,304.5,0.0,0.0,0.0,0.0,373
2023-05-09 21:21:39,SR311C6700,白糖2311购6700,311.0,0.0,0.0,0.0,30,321.5,325.0,5,311.0,304.5,0.0,0.0,0.0,0.0,373
2023-05-09 21:21:43,SR311C6700,白糖2311购6700,311.0,0.0,0.0,0.0,45,321.5,326.0,50,311.0,304.5,0.0,0.0,0.0,0.0,373
2023-05-09 21:21:43,SR311C6700,白糖2311购6700,311.0,0.0,0.0,0.0,55,321.5,326.0,40,311.0,304.5,0.0,0.0,0.0,0.0,373
2023-05-09 21:21:44,SR311C6700,白糖2311购6700,311.0,0.0,0.0,0.0,55,321.5,326.0,30,311.0,304.5,0.0,0.0,0.0,0.0,373
2023-05-09 21:21:45,SR311C6700,白糖2311购6700,311.0,0.0,0.0,0.0,55,321.5,326.0,20,311.0,304.5,0.0,0.0,0.0,0.0,373
2023-05-09 21:21:52,SR311C6700,白糖2311购6700,311.0,0.0,0.0,0.0,45,321.5,325.0,10,311.0,304.5,0.0,0.0,0.0,0.0,373
2023-05-09 21:21:54,SR311C6700,白糖2311购6700,311.0,0.0,0.0,0.0,25,321.5,325.0,10,311.0,304.5,0.0,0.0,0.0,0.0,373
2023-05-09 21:21:54,SR311C6700,白糖2311购6700,311.0,0.0,0.0,0.0,5,321.5,325.0,10,311.0,304.5,0.0,0.0,0.0,0.0,373
2023-05-09 21:22:00,SR311C6700,白糖2311购6700,311.0,0.0,0.0,0.0,25,321.5,325.5,30,311.0,304.5,0.0,0.0,0.0,0.0,373
2023-05-09 21:22:00,SR311C6700,白糖2311购6700,311.0,0.0,0.0,0.0,25,321.5,325.5,20,311.0,304.5,0.0,0.0,0.0,0.0,373
2023-05-09 21:22:01,SR311C6700,白糖2311购6700,311.0,0.0,0.0,0.0,35,321.5,325.5,10,311.0,304.5,0.0,0.0,0.0,0.0,373
2023-05-09 21:22:07,SR311C6700,白糖2311购6700,311.0,0.0,0.0,0.0,55,321.5,326.0,30,311.0,304.5,0.0,0.0,0.0,0.0,373
2023-05-09 21:22:08,SR311C6700,白糖2311购6700,311.0,0.0,0.0,0.0,55,321.5,326.0,20,311.0,304.5,0.0,0.0,0.0,0.0,373
2023-05-09 21:22:13,SR311C6700,白糖2311购6700,311.0,0.0,0.0,0.0,45,321.5,325.5,10,311.0,304.5,0.0,0.0,0.0,0.0,373
2023-05-09 21:22:19,SR311C6700,白糖2311购6700,311.0,0.0,0.0,0.0,45,321.5,325.5,20,311.0,304.5,0.0,0.0,0.0,0.0,373
2023-05-09 21:22:22,SR311C6700,白糖2311购6700,311.0,0.0,0.0,0.0,45,321.5,325.5,10,311.0,304.5,0.0,0.0,0.0,0.0,373
2023-05-09 21:22:24,SR311C6700,白糖2311购6700,311.0,0.0,0.0,0.0,55,321.5,326.0,20,311.0,304.5,0.0,0.0,0.0,0.0,373
2023-05-09 21:22:24,SR311C6700,白糖2311购6700,311.0,0.0,0.0,0.0,30,322.5,326.5,25,311.0,304.5,0.0,0.0,0.0,0.0,373
2023-05-09 21:22:25,SR311C6700,白糖2311购6700,311.0,0.0,0.0,0.0,30,322.5,326.5,15,311.0,304.5,0.0,0.0,0.0,0.0,373
2023-05-09 21:22:27,SR311C6700,白糖2311购6700,311.0,0.0,0.0,0.0,75,321.5,326.5,35,311.0,304.5,0.0,0.0,0.0,0.0,373
2023-05-09 21:22:28,SR311C6700,白糖2311购6700,311.0,0.0,0.0,0.0,65,321.5,326.5,35,311.0,304.5,0.0,0.0,0.0,0.0,373
2023-05-09 21:22:28,SR311C6700,白糖2311购6700,311.0,0.0,0.0,0.0,55,321.5,326.5,35,311.0,304.5,0.0,0.0,0.0,0.0,373
2023-05-09 21:22:30,SR311C6700,白糖2311购6700,311.0,0.0,0.0,0.0,10,322.5,326.5,25,311.0,304.5,0.0,0.0,0.0,0.0,373
2023-05-09 21:22:37,SR311C6700,白糖2311购6700,311.0,0.0,0.0,0.0,65,321.5,326.5,35,311.0,304.5,0.0,0.0,0.0,0.0,373
2023-05-09 21:22:37,SR311C6700,白糖2311购6700,311.0,0.0,0.0,0.0,55,321.5,326.5,35,311.0,304.5,0.0,0.0,0.0,0.0,373
2023-05-09 21:22:47,SR311C6700,白糖2311购6700,311.0,0.0,0.0,0.0,20,322.5,326.5,15,311.0,304.5,0.0,0.0,0.0,0.0,373
2023-05-09 21:22:53,SR311C6700,白糖2311购6700,311.0,0.0,0.0,0.0,30,322.5,326.5,5,311.0,304.5,0.0,0.0,0.0,0.0,373
2023-05-09 21:23:06,SR311C6700,白糖2311购6700,311.0,0.0,0.0,0.0,5,323.0,327.0,40,311.0,304.5,0.0,0.0,0.0,0.0,373
2023-05-09 21:23:06,SR311C6700,白糖2311购6700,311.0,0.0,0.0,0.0,15,323.0,327.0,20,311.0,304.5,0.0,0.0,0.0,0.0,373
2023-05-09 21:23:06,SR311C6700,白糖2311购6700,311.0,0.0,0.0,0.0,25,323.0,327.0,10,311.0,304.5,0.0,0.0,0.0,0.0,373
2023-05-09 21:23:10,SR311C6700,白糖2311购6700,311.0,0.0,0.0,0.0,15,323.0,327.0,20,311.0,304.5,0.0,0.0,0.0,0.0,373
2023-05-09 21:23:10,SR311C6700,白糖2311购6700,311.0,0.0,0.0,0.0,25,323.0,327.0,20,311.0,304.5,0.0,0.0,0.0,0.0,373
2023-05-09 21:23:13,SR311C6700,白糖2311购6700,311.0,0.0,0.0,0.0,25,323.0,327.0,30,311.0,304.5,0.0,0.0,0.0,0.0,373
2023-05-09 21:23:15,SR311C6700,白糖2311购6700,311.0,0.0,0.0,0.0,25,323.0,327.0,20,311.0,304.5,0.0,0.0,0.0,0.0,373
2023-05-09 21:23:20,SR311C6700,白糖2311购6700,311.0,0.0,0.0,0.0,35,323.0,327.0,10,311.0,304.5,0.0,0.0,0.0,0.0,373
2023-05-09 21:23:24,SR311C6700,白糖2311购6700,311.0,0.0,0.0,0.0,20,323.5,327.5,10,311.0,304.5,0.0,0.0,0.0,0.0,373
2023-05-09 21:23:36,SR311C6700,白糖2311购6700,311.0,0.0,0.0,0.0,40,323.5,328.0,25,311.0,304.5,0.0,0.0,0.0,0.0,373
2023-05-09 21:23:42,SR311C6700,白糖2311购6700,311.0,0.0,0.0,0.0,40,323.5,328.0,35,311.0,304.5,0.0,0.0,0.0,0.0,373
2023-05-09 21:23:44,SR311C6700,白糖2311购6700,311.0,0.0,0.0,0.0,40,323.5,328.0,25,311.0,304.5,0.0,0.0,0.0,0.0,373
2023-05-09 21:23:44,SR311C6700,白糖2311购6700,311.0,0.0,0.0,0.0,40,323.5,328.0,35,311.0,304.5,0.0,0.0,0.0,0.0,373
2023-05-09 21:23:45,SR311C6700,白糖2311购6700,311.0,0.0,0.0,0.0,30,323.5,327.5,10,311.0,304.5,0.0,0.0,0.0,0.0,373
2023-05-09 21:23:46,SR311C6700,白糖2311购6700,311.0,0.0,0.0,0.0,20,323.5,327.5,20,311.0,304.5,0.0,0.0,0.0,0.0,373
2023-05-09 21:23:53,SR311C6700,白糖2311购6700,311.0,0.0,0.0,0.0,30,323.5,328.0,55,311.0,304.5,0.0,0.0,0.0,0.0,373
2023-05-09 21:24:00,SR311C6700,白糖2311购6700,311.0,0.0,0.0,0.0,30,323.5,328.0,45,311.0,304.5,0.0,0.0,0.0,0.0,373
2023-05-09 21:24:11,SR311C6700,白糖2311购6700,311.0,0.0,0.0,0.0,20,323.5,327.0,20,311.0,304.5,0.0,0.0,0.0,0.0,373
2023-05-09 21:24:21,SR311C6700,白糖2311购6700,311.0,0.0,0.0,0.0,25,323.0,327.0,40,311.0,304.5,0.0,0.0,0.0,0.0,373
2023-05-09 21:24:31,SR311C6700,白糖2311购6700,311.0,0.0,0.0,0.0,35,323.0,327.0,20,311.0,304.5,0.0,0.0,0.0,0.0,373
2023-05-09 21:24:42,SR311C6700,白糖2311购6700,311.0,0.0,0.0,0.0,25,323.0,327.0,30,311.0,304.5,0.0,0.0,0.0,0.0,373
2023-05-09 21:24:43,SR311C6700,白糖2311购6700,311.0,0.0,0.0,0.0,25,323.0,327.0,40,311.0,304.5,0.0,0.0,0.0,0.0,373
2023-05-09 21:24:46,SR311C6700,白糖2311购6700,311.0,0.0,0.0,0.0,25,323.0,326.5,10,311.0,304.5,0.0,0.0,0.0,0.0,373
2023-05-09 21:24:46,SR311C6700,白糖2311购6700,311.0,0.0,0.0,0.0,25,323.0,326.5,20,311.0,304.5,0.0,0.0,0.0,0.0,373
2023-05-09 21:24:59,SR311C6700,白糖2311购6700,311.0,0.0,0.0,0.0,25,323.0,326.5,10,311.0,304.5,0.0,0.0,0.0,0.0,373
2023-05-09 21:25:05,SR311C6700,白糖2311购6700,311.0,0.0,0.0,0.0,10,323.5,327.0,30,311.0,304.5,0.0,0.0,0.0,0.0,373
2023-05-09 21:25:05,SR311C6700,白糖2311购6700,311.0,0.0,0.0,0.0,10,323.5,327.0,20,311.0,304.5,0.0,0.0,0.0,0.0,373
2023-05-09 21:25:18,SR311C6700,白糖2311购6700,311.0,0.0,0.0,0.0,20,323.5,327.0,10,311.0,304.5,0.0,0.0,0.0,0.0,373
2023-05-09 21:25:24,SR311C6700,白糖2311购6700,311.0,0.0,0.0,0.0,25,323.0,327.0,30,311.0,304.5,0.0,0.0,0.0,0.0,373
2023-05-09 21:25:30,SR311C6700,白糖2311购6700,311.0,0.0,0.0,0.0,25,323.0,327.0,20,311.0,304.5,0.0,0.0,0.0,0.0,373
2023-05-09 21:25:48,SR311C6700,白糖2311购6700,311.0,0.0,0.0,0.0,10,323.5,327.0,10,311.0,304.5,0.0,0.0,0.0,0.0,373
2023-05-09 21:25:52,SR311C6700,白糖2311购6700,311.0,0.0,0.0,0.0,10,323.5,328.0,35,311.0,304.5,0.0,0.0,0.0,0.0,373
2023-05-09 21:25:52,SR311C6700,白糖2311购6700,311.0,0.0,0.0,0.0,30,323.5,328.0,35,311.0,304.5,0.0,0.0,0.0,0.0,373
2023-05-09 21:25:57,SR311C6700,白糖2311购6700,311.0,0.0,0.0,0.0,30,323.5,328.0,25,311.0,304.5,0.0,0.0,0.0,0.0,373
2023-05-09 21:26:10,SR311C6700,白糖2311购6700,311.0,0.0,0.0,0.0,20,323.5,327.0,10,311.0,304.5,0.0,0.0,0.0,0.0,373
2023-05-09 21:26:17,SR311C6700,白糖2311购6700,311.0,0.0,0.0,0.0,30,323.5,327.0,10,311.0,304.5,0.0,0.0,0.0,0.0,373
2023-05-09 21:26:22,SR311C6700,白糖2311购6700,311.0,0.0,0.0,0.0,30,323.5,328.0,25,311.0,304.5,0.0,0.0,0.0,0.0,373
2023-05-09 21:26:26,SR311C6700,白糖2311购6700,311.0,0.0,0.0,0.0,30,323.5,328.0,35,311.0,304.5,0.0,0.0,0.0,0.0,373
2023-05-09 21:26:43,SR311C6700,白糖2311购6700,311.0,0.0,0.0,0.0,30,323.5,328.0,45,311.0,304.5,0.0,0.0,0.0,0.0,373
2023-05-09 21:26:43,SR311C6700,白糖2311购6700,311.0,0.0,0.0,0.0,20,323.5,327.0,20,311.0,304.5,0.0,0.0,0.0,0.0,373
2023-05-09 21:26:44,SR311C6700,白糖2311购6700,311.0,0.0,0.0,0.0,10,323.5,327.0,30,311.0,304.5,0.0,0.0,0.0,0.0,373
2023-05-09 21:26:44,SR311C6700,白糖2311购6700,311.0,0.0,0.0,0.0,10,323.5,327.0,40,311.0,304.5,0.0,0.0,0.0,0.0,373
2023-05-09 21:26:45,SR311C6700,白糖2311购6700,311.0,0.0,0.0,0.0,15,323.0,327.0,40,311.0,304.5,0.0,0.0,0.0,0.0,373
2023-05-09 21:26:48,SR311C6700,白糖2311购6700,311.0,0.0,0.0,0.0,15,323.0,326.0,10,311.0,304.5,0.0,0.0,0.0,0.0,373
2023-05-09 21:26:50,SR311C6700,白糖2311购6700,311.0,0.0,0.0,0.0,15,323.0,326.5,10,311.0,304.5,0.0,0.0,0.0,0.0,373
2023-05-09 21:26:51,SR311C6700,白糖2311购6700,311.0,0.0,0.0,0.0,25,323.0,327.0,40,311.0,304.5,0.0,0.0,0.0,0.0,373
2023-05-09 21:27:00,SR311C6700,白糖2311购6700,311.0,0.0,0.0,0.0,25,323.0,327.0,30,311.0,304.5,0.0,0.0,0.0,0.0,373
2023-05-09 21:27:14,SR311C6700,白糖2311购6700,311.0,0.0,0.0,0.0,35,323.0,327.0,20,311.0,304.5,0.0,0.0,0.0,0.0,373
2023-05-09 21:27:16,SR311C6700,白糖2311购6700,311.0,0.0,0.0,0.0,45,323.0,327.0,10,311.0,304.5,0.0,0.0,0.0,0.0,373
2023-05-09 21:27:28,SR311C6700,白糖2311购6700,311.0,0.0,0.0,0.0,35,323.0,327.0,20,311.0,304.5,0.0,0.0,0.0,0.0,373
2023-05-09 21:27:31,SR311C6700,白糖2311购6700,311.0,0.0,0.0,0.0,35,323.0,327.0,30,311.0,304.5,0.0,0.0,0.0,0.0,373
2023-05-09 21:27:42,SR311C6700,白糖2311购6700,311.0,0.0,0.0,0.0,25,323.0,327.0,40,311.0,304.5,0.0,0.0,0.0,0.0,373
2023-05-09 21:27:45,SR311C6700,白糖2311购6700,311.0,0.0,0.0,0.0,25,323.0,326.5,10,311.0,304.5,0.0,0.0,0.0,0.0,373
2023-05-09 21:27:58,SR311C6700,白糖2311购6700,311.0,0.0,0.0,0.0,25,323.0,326.0,10,311.0,304.5,0.0,0.0,0.0,0.0,373
2023-05-09 21:27:58,SR311C6700,白糖2311购6700,311.0,0.0,0.0,0.0,15,323.0,326.0,20,311.0,304.5,0.0,0.0,0.0,0.0,373
2023-05-09 21:28:02,SR311C6700,白糖2311购6700,311.0,0.0,0.0,0.0,15,323.0,326.0,10,311.0,304.5,0.0,0.0,0.0,0.0,373
2023-05-09 21:28:26,SR311C6700,白糖2311购6700,311.0,0.0,0.0,0.0,5,323.0,325.5,10,311.0,304.5,0.0,0.0,0.0,0.0,373
2023-05-09 21:28:37,SR311C6700,白糖2311购6700,311.0,0.0,0.0,0.0,5,323.0,326.0,30,311.0,304.5,0.0,0.0,0.0,0.0,373
2023-05-09 21:28:47,SR311C6700,白糖2311购6700,311.0,0.0,0.0,0.0,5,323.0,326.0,20,311.0,304.5,0.0,0.0,0.0,0.0,373
2023-05-09 21:29:06,SR311C6700,白糖2311购6700,311.0,0.0,0.0,0.0,5,323.0,326.0,30,311.0,304.5,0.0,0.0,0.0,0.0,373
2023-05-09 21:29:12,SR311C6700,白糖2311购6700,311.0,0.0,0.0,0.0,5,323.0,326.0,20,311.0,304.5,0.0,0.0,0.0,0.0,373
2023-05-09 21:29:37,SR311C6700,白糖2311购6700,311.0,0.0,0.0,0.0,5,323.0,326.0,10,311.0,304.5,0.0,0.0,0.0,0.0,373
2023-05-09 21:29:50,SR311C6700,白糖2311购6700,311.0,0.0,0.0,0.0,5,323.0,326.0,30,311.0,304.5,0.0,0.0,0.0,0.0,373
2023-05-09 21:29:51,SR311C6700,白糖2311购6700,311.0,0.0,0.0,0.0,30,322.0,326.0,30,311.0,304.5,0.0,0.0,0.0,0.0,373
2023-05-09 21:29:51,SR311C6700,白糖2311购6700,311.0,0.0,0.0,0.0,20,322.0,326.0,30,311.0,304.5,0.0,0.0,0.0,0.0,373
2023-05-09 21:29:56,SR311C6700,白糖2311购6700,311.0,0.0,0.0,0.0,20,322.0,325.5,10,311.0,304.5,0.0,0.0,0.0,0.0,373
2023-05-09 21:29:57,SR311C6700,白糖2311购6700,311.0,0.0,0.0,0.0,20,322.0,325.5,20,311.0,304.5,0.0,0.0,0.0,0.0,373
2023-05-09 21:30:00,SR311C6700,白糖2311购6700,311.0,0.0,0.0,0.0,20,322.0,325.5,30,311.0,304.5,0.0,0.0,0.0,0.0,373
2023-05-09 21:30:02,SR311C6700,白糖2311购6700,311.0,0.0,0.0,0.0,15,321.5,324.0,10,311.0,304.5,0.0,0.0,0.0,0.0,373
2023-05-09 21:30:07,SR311C6700,白糖2311购6700,311.0,0.0,0.0,0.0,15,321.5,324.0,20,311.0,304.5,0.0,0.0,0.0,0.0,373
2023-05-09 21:30:08,SR311C6700,白糖2311购6700,311.0,0.0,0.0,0.0,10,320.5,324.0,40,311.0,304.5,0.0,0.0,0.0,0.0,373
2023-05-09 21:30:08,SR311C6700,白糖2311购6700,311.0,0.0,0.0,0.0,50,319.5,324.0,30,311.0,304.5,0.0,0.0,0.0,0.0,373
2023-05-09 21:30:09,SR311C6700,白糖2311购6700,311.0,0.0,0.0,0.0,50,319.5,323.5,10,311.0,304.5,0.0,0.0,0.0,0.0,373
2023-05-09 21:30:09,SR311C6700,白糖2311购6700,311.0,0.0,0.0,0.0,30,319.5,323.5,20,311.0,304.5,0.0,0.0,0.0,0.0,373
2023-05-09 21:30:15,SR311C6700,白糖2311购6700,311.0,0.0,0.0,0.0,40,319.5,323.5,10,311.0,304.5,0.0,0.0,0.0,0.0,373
2023-05-09 21:30:18,SR311C6700,白糖2311购6700,311.0,0.0,0.0,0.0,30,319.5,323.0,10,311.0,304.5,0.0,0.0,0.0,0.0,373
2023-05-09 21:30:19,SR311C6700,白糖2311购6700,311.0,0.0,0.0,0.0,20,319.5,322.5,20,311.0,304.5,0.0,0.0,0.0,0.0,373
2023-05-09 21:30:20,SR311C6700,白糖2311购6700,311.0,0.0,0.0,0.0,25,318.5,322.0,10,311.0,304.5,0.0,0.0,0.0,0.0,373
2023-05-09 21:30:21,SR311C6700,白糖2311购6700,311.0,0.0,0.0,0.0,25,318.5,322.5,40,311.0,304.5,0.0,0.0,0.0,0.0,373
2023-05-09 21:30:23,SR311C6700,白糖2311购6700,311.0,0.0,0.0,0.0,25,318.5,322.5,30,311.0,304.5,0.0,0.0,0.0,0.0,373
2023-05-09 21:30:26,SR311C6700,白糖2311购6700,311.0,0.0,0.0,0.0,10,317.5,320.5,10,311.0,304.5,0.0,0.0,0.0,0.0,373
2023-05-09 21:30:26,SR311C6700,白糖2311购6700,311.0,0.0,0.0,0.0,20,317.5,320.5,20,311.0,304.5,0.0,0.0,0.0,0.0,373
2023-05-09 21:30:27,SR311C6700,白糖2311购6700,311.0,0.0,0.0,0.0,40,316.5,320.5,30,311.0,304.5,0.0,0.0,0.0,0.0,373
2023-05-09 21:30:27,SR311C6700,白糖2311购6700,311.0,0.0,0.0,0.0,30,316.5,320.5,40,311.0,304.5,0.0,0.0,0.0,0.0,373
2023-05-09 21:30:32,SR311C6700,白糖2311购6700,311.0,0.0,0.0,0.0,20,316.5,320.5,50,311.0,304.5,0.0,0.0,0.0,0.0,373
2023-05-09 21:30:34,SR311C6700,白糖2311购6700,311.0,0.0,0.0,0.0,10,316.5,320.0,20,311.0,304.5,0.0,0.0,0.0,0.0,373
2023-05-09 21:30:35,SR311C6700,白糖2311购6700,311.0,0.0,0.0,0.0,10,316.0,319.0,10,311.0,304.5,0.0,0.0,0.0,0.0,373
2023-05-09 21:30:35,SR311C6700,白糖2311购6700,311.0,0.0,0.0,0.0,15,315.5,319.0,30,311.0,304.5,0.0,0.0,0.0,0.0,373
2023-05-09 21:30:37,SR311C6700,白糖2311购6700,311.0,0.0,0.0,0.0,15,315.5,319.0,40,311.0,304.5,0.0,0.0,0.0,0.0,373
2023-05-09 21:30:50,SR311C6700,白糖2311购6700,311.0,0.0,0.0,0.0,10,315.5,319.0,40,311.0,304.5,0.0,0.0,0.0,0.0,373
2023-05-09 21:30:50,SR311C6700,白糖2311购6700,311.0,0.0,0.0,0.0,10,315.0,318.0,20,311.0,304.5,0.0,0.0,0.0,0.0,373
2023-05-09 21:30:51,SR311C6700,白糖2311购6700,311.0,0.0,0.0,0.0,20,314.5,317.0,10,311.0,304.5,0.0,0.0,0.0,0.0,373
2023-05-09 21:30:51,SR311C6700,白糖2311购6700,311.0,0.0,0.0,0.0,10,314.0,317.0,20,311.0,304.5,0.0,0.0,0.0,0.0,373
2023-05-09 21:30:52,SR311C6700,白糖2311购6700,311.0,0.0,0.0,0.0,20,314.0,317.0,10,311.0,304.5,0.0,0.0,0.0,0.0,373
2023-05-09 21:30:52,SR311C6700,白糖2311购6700,311.0,0.0,0.0,0.0,20,314.0,318.0,40,311.0,304.5,0.0,0.0,0.0,0.0,373
2023-05-09 21:30:53,SR311C6700,白糖2311购6700,311.0,0.0,0.0,0.0,20,314.0,318.0,30,311.0,304.5,0.0,0.0,0.0,0.0,373
2023-05-09 21:30:56,SR311C6700,白糖2311购6700,311.0,0.0,0.0,0.0,20,314.0,318.0,20,311.0,304.5,0.0,0.0,0.0,0.0,373
2023-05-09 21:30:56,SR311C6700,白糖2311购6700,311.0,0.0,0.0,0.0,30,314.0,318.0,20,311.0,304.5,0.0,0.0,0.0,0.0,373
2023-05-09 21:30:58,SR311C6700,白糖2311购6700,311.0,0.0,0.0,0.0,30,314.0,318.0,30,311.0,304.5,0.0,0.0,0.0,0.0,373
2023-05-09 21:31:04,SR311C6700,白糖2311购6700,311.0,0.0,0.0,0.0,30,314.0,317.0,20,311.0,304.5,0.0,0.0,0.0,0.0,373
2023-05-09 21:31:05,SR311C6700,白糖2311购6700,311.0,0.0,0.0,0.0,30,314.0,318.0,50,311.0,304.5,0.0,0.0,0.0,0.0,373
2023-05-09 21:31:05,SR311C6700,白糖2311购6700,311.0,0.0,0.0,0.0,30,314.0,318.0,40,311.0,304.5,0.0,0.0,0.0,0.0,373
2023-05-09 21:31:06,SR311C6700,白糖2311购6700,311.0,0.0,0.0,0.0,30,314.0,318.0,30,311.0,304.5,0.0,0.0,0.0,0.0,373
2023-05-09 21:31:07,SR311C6700,白糖2311购6700,311.0,0.0,0.0,0.0,30,314.0,317.0,10,311.0,304.5,0.0,0.0,0.0,0.0,373
2023-05-09 21:31:07,SR311C6700,白糖2311购6700,311.0,0.0,0.0,0.0,20,314.0,317.0,20,311.0,304.5,0.0,0.0,0.0,0.0,373
2023-05-09 21:31:10,SR311C6700,白糖2311购6700,311.0,0.0,0.0,0.0,30,314.0,317.0,10,311.0,304.5,0.0,0.0,0.0,0.0,373
2023-05-09 21:31:11,SR311C6700,白糖2311购6700,311.0,0.0,0.0,0.0,30,314.0,318.0,40,311.0,304.5,0.0,0.0,0.0,0.0,373
2023-05-09 21:31:12,SR311C6700,白糖2311购6700,311.0,0.0,0.0,0.0,20,314.0,317.5,10,311.0,304.5,0.0,0.0,0.0,0.0,373
2023-05-09 21:31:12,SR311C6700,白糖2311购6700,311.0,0.0,0.0,0.0,15,313.0,316.5,10,311.0,304.5,0.0,0.0,0.0,0.0,373
2023-05-09 21:31:12,SR311C6700,白糖2311购6700,311.0,0.0,0.0,0.0,25,313.0,316.5,20,311.0,304.5,0.0,0.0,0.0,0.0,373
2023-05-09 21:31:13,SR311C6700,白糖2311购6700,311.0,0.0,0.0,0.0,35,313.0,316.5,20,311.0,304.5,0.0,0.0,0.0,0.0,373
2023-05-09 21:31:17,SR311C6700,白糖2311购6700,311.0,0.0,0.0,0.0,35,313.0,316.5,10,311.0,304.5,0.0,0.0,0.0,0.0,373
2023-05-09 21:31:18,SR311C6700,白糖2311购6700,311.0,0.0,0.0,0.0,30,313.5,317.5,20,311.0,304.5,0.0,0.0,0.0,0.0,373
2023-05-09 21:31:19,SR311C6700,白糖2311购6700,311.0,0.0,0.0,0.0,30,313.5,317.5,10,311.0,304.5,0.0,0.0,0.0,0.0,373
2023-05-09 21:31:21,SR311C6700,白糖2311购6700,311.0,0.0,0.0,0.0,20,313.5,317.0,10,311.0,304.5,0.0,0.0,0.0,0.0,373
2023-05-09 21:31:22,SR311C6700,白糖2311购6700,311.0,0.0,0.0,0.0,20,313.5,317.0,20,311.0,304.5,0.0,0.0,0.0,0.0,373
2023-05-09 21:31:23,SR311C6700,白糖2311购6700,311.0,0.0,0.0,0.0,20,313.5,317.5,40,311.0,304.5,0.0,0.0,0.0,0.0,373
2023-05-09 21:31:23,SR311C6700,白糖2311购6700,311.0,0.0,0.0,0.0,20,313.5,317.5,30,311.0,304.5,0.0,0.0,0.0,0.0,373
2023-05-09 21:31:26,SR311C6700,白糖2311购6700,311.0,0.0,0.0,0.0,20,313.5,317.5,20,311.0,304.5,0.0,0.0,0.0,0.0,373
2023-05-09 21:31:31,SR311C6700,白糖2311购6700,311.0,0.0,0.0,0.0,30,313.5,317.5,10,311.0,304.5,0.0,0.0,0.0,0.0,373
2023-05-09 21:31:34,SR311C6700,白糖2311购6700,311.0,0.0,0.0,0.0,10,314.0,318.0,10,311.0,304.5,0.0,0.0,0.0,0.0,373
2023-05-09 21:31:36,SR311C6700,白糖2311购6700,311.0,0.0,0.0,0.0,40,313.5,317.5,10,311.0,304.5,0.0,0.0,0.0,0.0,373
2023-05-09 21:31:40,SR311C6700,白糖2311购6700,311.0,0.0,0.0,0.0,5,314.5,318.0,10,311.0,304.5,0.0,0.0,0.0,0.0,373
2023-05-09 21:31:40,SR311C6700,白糖2311购6700,311.0,0.0,0.0,0.0,10,315.0,318.5,15,311.0,304.5,0.0,0.0,0.0,0.0,373
2023-05-09 21:31:41,SR311C6700,白糖2311购6700,311.0,0.0,0.0,0.0,10,315.0,318.5,10,311.0,304.5,0.0,0.0,0.0,0.0,373
2023-05-09 21:31:44,SR311C6700,白糖2311购6700,311.0,0.0,0.0,0.0,15,314.5,318.5,10,311.0,304.5,0.0,0.0,0.0,0.0,373
2023-05-09 21:31:44,SR311C6700,白糖2311购6700,311.0,0.0,0.0,0.0,5,314.5,318.5,10,311.0,304.5,0.0,0.0,0.0,0.0,373
2023-05-09 21:32:00,SR311C6700,白糖2311购6700,311.0,0.0,0.0,0.0,10,315.0,319.0,30,311.0,304.5,0.0,0.0,0.0,0.0,373
2023-05-09 21:32:00,SR311C6700,白糖2311购6700,311.0,0.0,0.0,0.0,30,315.0,319.0,20,311.0,304.5,0.0,0.0,0.0,0.0,373
2023-05-09 21:32:10,SR311C6700,白糖2311购6700,311.0,0.0,0.0,0.0,40,315.0,319.0,10,311.0,304.5,0.0,0.0,0.0,0.0,373
2023-05-09 21:32:11,SR311C6700,白糖2311购6700,311.0,0.0,0.0,0.0,20,315.0,318.5,10,311.0,304.5,0.0,0.0,0.0,0.0,373
2023-05-09 21:32:13,SR311C6700,白糖2311购6700,311.0,0.0,0.0,0.0,10,315.0,318.5,10,311.0,304.5,0.0,0.0,0.0,0.0,373
2023-05-09 21:32:13,SR311C6700,白糖2311购6700,311.0,0.0,0.0,0.0,15,314.5,317.5,10,311.0,304.5,0.0,0.0,0.0,0.0,373
2023-05-09 21:32:15,SR311C6700,白糖2311购6700,311.0,0.0,0.0,0.0,25,314.5,317.5,10,311.0,304.5,0.0,0.0,0.0,0.0,373
2023-05-09 21:32:17,SR311C6700,白糖2311购6700,311.0,0.0,0.0,0.0,25,314.5,318.0,10,311.0,304.5,0.0,0.0,0.0,0.0,373
2023-05-09 21:32:31,SR311C6700,白糖2311购6700,311.0,0.0,0.0,0.0,35,314.5,318.0,10,311.0,304.5,0.0,0.0,0.0,0.0,373
2023-05-09 21:32:33,SR311C6700,白糖2311购6700,311.0,0.0,0.0,0.0,45,314.5,318.0,10,311.0,304.5,0.0,0.0,0.0,0.0,373
2023-05-09 21:32:41,SR311C6700,白糖2311购6700,311.0,0.0,0.0,0.0,45,314.5,319.0,30,311.0,304.5,0.0,0.0,0.0,0.0,373
2023-05-09 21:32:42,SR311C6700,白糖2311购6700,311.0,0.0,0.0,0.0,10,315.0,319.0,20,311.0,304.5,0.0,0.0,0.0,0.0,373
2023-05-09 21:32:44,SR311C6700,白糖2311购6700,311.0,0.0,0.0,0.0,20,315.0,319.0,20,311.0,304.5,0.0,0.0,0.0,0.0,373
2023-05-09 21:32:48,SR311C6700,白糖2311购6700,311.0,0.0,0.0,0.0,30,315.0,319.0,20,311.0,304.5,0.0,0.0,0.0,0.0,373
2023-05-09 21:32:49,SR311C6700,白糖2311购6700,311.0,0.0,0.0,0.0,5,316.0,319.5,5,311.0,304.5,0.0,0.0,0.0,0.0,373
2023-05-09 21:32:58,SR311C6700,白糖2311购6700,311.0,0.0,0.0,0.0,25,316.0,319.5,5,311.0,304.5,0.0,0.0,0.0,0.0,373
2023-05-09 21:33:12,SR311C6700,白糖2311购6700,311.0,0.0,0.0,0.0,5,316.0,319.0,20,311.0,304.5,0.0,0.0,0.0,0.0,373
2023-05-09 21:33:27,SR311C6700,白糖2311购6700,311.0,0.0,0.0,0.0,5,316.0,319.0,10,311.0,304.5,0.0,0.0,0.0,0.0,373
2023-05-09 21:33:30,SR311C6700,白糖2311购6700,311.0,0.0,0.0,0.0,5,316.0,319.0,20,311.0,304.5,0.0,0.0,0.0,0.0,373
2023-05-09 21:33:35,SR311C6700,白糖2311购6700,311.0,0.0,0.0,0.0,5,316.0,318.5,10,311.0,304.5,0.0,0.0,0.0,0.0,373
2023-05-09 21:33:37,SR311C6700,白糖2311购6700,311.0,0.0,0.0,0.0,5,316.0,319.0,20,311.0,304.5,0.0,0.0,0.0,0.0,373
2023-05-09 21:33:40,SR311C6700,白糖2311购6700,311.0,0.0,0.0,0.0,5,316.0,319.0,10,311.0,304.5,0.0,0.0,0.0,0.0,373
2023-05-09 21:33:52,SR311C6700,白糖2311购6700,311.0,0.0,0.0,0.0,5,316.0,319.5,15,311.0,304.5,0.0,0.0,0.0,0.0,373
2023-05-09 21:33:53,SR311C6700,白糖2311购6700,311.0,0.0,0.0,0.0,30,316.5,320.0,10,311.0,304.5,0.0,0.0,0.0,0.0,373
2023-05-09 21:33:53,SR311C6700,白糖2311购6700,311.0,0.0,0.0,0.0,30,316.5,320.5,10,311.0,304.5,0.0,0.0,0.0,0.0,373
2023-05-09 21:33:54,SR311C6700,白糖2311购6700,311.0,0.0,0.0,0.0,40,316.5,320.5,10,311.0,304.5,0.0,0.0,0.0,0.0,373
2023-05-09 21:33:54,SR311C6700,白糖2311购6700,311.0,0.0,0.0,0.0,10,317.0,320.5,10,311.0,304.5,0.0,0.0,0.0,0.0,373
2023-05-09 21:34:01,SR311C6700,白糖2311购6700,311.0,0.0,0.0,0.0,50,316.5,320.5,10,311.0,304.5,0.0,0.0,0.0,0.0,373
2023-05-09 21:34:01,SR311C6700,白糖2311购6700,311.0,0.0,0.0,0.0,40,316.5,320.5,10,311.0,304.5,0.0,0.0,0.0,0.0,373
2023-05-09 21:34:02,SR311C6700,白糖2311购6700,311.0,0.0,0.0,0.0,30,316.5,320.5,10,311.0,304.5,0.0,0.0,0.0,0.0,373
2023-05-09 21:34:16,SR311C6700,白糖2311购6700,311.0,0.0,0.0,0.0,30,316.5,321.0,40,311.0,304.5,0.0,0.0,0.0,0.0,373
2023-05-09 21:34:16,SR311C6700,白糖2311购6700,311.0,0.0,0.0,0.0,30,316.5,321.0,30,311.0,304.5,0.0,0.0,0.0,0.0,373
2023-05-09 21:34:17,SR311C6700,白糖2311购6700,311.0,0.0,0.0,0.0,10,317.0,321.0,20,311.0,304.5,0.0,0.0,0.0,0.0,373
2023-05-09 21:34:36,SR311C6700,白糖2311购6700,311.0,0.0,0.0,0.0,20,317.0,321.0,20,311.0,304.5,0.0,0.0,0.0,0.0,373
2023-05-09 21:34:44,SR311C6700,白糖2311购6700,311.0,0.0,0.0,0.0,25,317.5,321.5,5,311.0,304.5,0.0,0.0,0.0,0.0,373
2023-05-09 21:34:45,SR311C6700,白糖2311购6700,311.0,0.0,0.0,0.0,35,317.5,321.5,5,311.0,304.5,0.0,0.0,0.0,0.0,373
2023-05-09 21:34:51,SR311C6700,白糖2311购6700,311.0,0.0,0.0,0.0,25,317.5,321.5,15,311.0,304.5,0.0,0.0,0.0,0.0,373
2023-05-09 21:34:54,SR311C6700,白糖2311购6700,311.0,0.0,0.0,0.0,35,317.5,321.5,5,311.0,304.5,0.0,0.0,0.0,0.0,373
2023-05-09 21:35:23,SR311C6700,白糖2311购6700,311.0,0.0,0.0,0.0,15,317.5,321.0,10,311.0,304.5,0.0,0.0,0.0,0.0,373
2023-05-09 21:35:24,SR311C6700,白糖2311购6700,311.0,0.0,0.0,0.0,5,317.5,321.0,20,311.0,304.5,0.0,0.0,0.0,0.0,373
2023-05-09 21:35:30,SR311C6700,白糖2311购6700,311.0,0.0,0.0,0.0,15,317.5,321.0,10,311.0,304.5,0.0,0.0,0.0,0.0,373
2023-05-09 21:35:30,SR311C6700,白糖2311购6700,311.0,0.0,0.0,0.0,25,317.5,321.0,10,311.0,304.5,0.0,0.0,0.0,0.0,373
2023-05-09 21:35:31,SR311C6700,白糖2311购6700,311.0,0.0,0.0,0.0,5,317.5,321.0,20,311.0,304.5,0.0,0.0,0.0,0.0,373
2023-05-09 21:35:33,SR311C6700,白糖2311购6700,311.0,0.0,0.0,0.0,5,317.5,320.5,10,311.0,304.5,0.0,0.0,0.0,0.0,373
2023-05-09 21:35:34,SR311C6700,白糖2311购6700,311.0,0.0,0.0,0.0,20,316.5,320.0,20,311.0,304.5,0.0,0.0,0.0,0.0,373
2023-05-09 21:35:35,SR311C6700,白糖2311购6700,311.0,0.0,0.0,0.0,30,316.5,320.0,20,311.0,304.5,0.0,0.0,0.0,0.0,373
2023-05-09 21:35:35,SR311C6700,白糖2311购6700,311.0,0.0,0.0,0.0,20,316.5,320.0,20,311.0,304.5,0.0,0.0,0.0,0.0,373
2023-05-09 21:35:38,SR311C6700,白糖2311购6700,311.0,0.0,0.0,0.0,20,316.5,320.0,10,311.0,304.5,0.0,0.0,0.0,0.0,373
2023-05-09 21:35:46,SR311C6700,白糖2311购6700,311.0,0.0,0.0,0.0,45,316.0,320.0,10,311.0,304.5,0.0,0.0,0.0,0.0,373
2023-05-09 21:35:46,SR311C6700,白糖2311购6700,311.0,0.0,0.0,0.0,25,316.0,320.0,10,311.0,304.5,0.0,0.0,0.0,0.0,373
2023-05-09 21:35:52,SR311C6700,白糖2311购6700,311.0,0.0,0.0,0.0,15,316.0,319.5,10,311.0,304.5,0.0,0.0,0.0,0.0,373
2023-05-09 21:35:52,SR311C6700,白糖2311购6700,311.0,0.0,0.0,0.0,5,316.0,319.5,10,311.0,304.5,0.0,0.0,0.0,0.0,373
2023-05-09 21:35:57,SR311C6700,白糖2311购6700,311.0,0.0,0.0,0.0,5,316.0,319.5,30,311.0,304.5,0.0,0.0,0.0,0.0,373
2023-05-09 21:35:58,SR311C6700,白糖2311购6700,311.0,0.0,0.0,0.0,5,316.0,319.0,10,311.0,304.5,0.0,0.0,0.0,0.0,373
2023-05-09 21:35:59,SR311C6700,白糖2311购6700,311.0,0.0,0.0,0.0,20,315.5,319.0,10,311.0,304.5,0.0,0.0,0.0,0.0,373
2023-05-09 21:35:59,SR311C6700,白糖2311购6700,311.0,0.0,0.0,0.0,10,315.0,319.0,20,311.0,304.5,0.0,0.0,0.0,0.0,373
2023-05-09 21:36:00,SR311C6700,白糖2311购6700,311.0,0.0,0.0,0.0,40,314.5,319.0,20,311.0,304.5,0.0,0.0,0.0,0.0,373
2023-05-09 21:36:01,SR311C6700,白糖2311购6700,311.0,0.0,0.0,0.0,10,315.5,319.0,20,311.0,304.5,0.0,0.0,0.0,0.0,373
2023-05-09 21:36:01,SR311C6700,白糖2311购6700,311.0,0.0,0.0,0.0,20,315.5,319.0,10,311.0,304.5,0.0,0.0,0.0,0.0,373
2023-05-09 21:36:04,SR311C6700,白糖2311购6700,311.0,0.0,0.0,0.0,10,316.5,319.5,30,311.0,304.5,0.0,0.0,0.0,0.0,373
2023-05-09 21:36:04,SR311C6700,白糖2311购6700,311.0,0.0,0.0,0.0,10,316.5,319.5,20,311.0,304.5,0.0,0.0,0.0,0.0,373
2023-05-09 21:36:06,SR311C6700,白糖2311购6700,311.0,0.0,0.0,0.0,10,316.0,319.5,20,311.0,304.5,0.0,0.0,0.0,0.0,373
2023-05-09 21:36:06,SR311C6700,白糖2311购6700,311.0,0.0,0.0,0.0,30,315.5,319.5,10,311.0,304.5,0.0,0.0,0.0,0.0,373
2023-05-09 21:36:08,SR311C6700,白糖2311购6700,311.0,0.0,0.0,0.0,20,315.5,319.5,10,311.0,304.5,0.0,0.0,0.0,0.0,373
2023-05-09 21:36:15,SR311C6700,白糖2311购6700,311.0,0.0,0.0,0.0,30,315.5,320.0,35,311.0,304.5,0.0,0.0,0.0,0.0,373
2023-05-09 21:36:17,SR311C6700,白糖2311购6700,311.0,0.0,0.0,0.0,20,315.5,320.0,35,311.0,304.5,0.0,0.0,0.0,0.0,373
2023-05-09 21:36:26,SR311C6700,白糖2311购6700,311.0,0.0,0.0,0.0,30,315.5,320.0,35,311.0,304.5,0.0,0.0,0.0,0.0,373
2023-05-09 21:36:26,SR311C6700,白糖2311购6700,311.0,0.0,0.0,0.0,20,315.5,320.0,35,311.0,304.5,0.0,0.0,0.0,0.0,373
2023-05-09 21:36:31,SR311C6700,白糖2311购6700,311.0,0.0,0.0,0.0,10,315.5,319.5,20,311.0,304.5,0.0,0.0,0.0,0.0,373
2023-05-09 21:36:31,SR311C6700,白糖2311购6700,311.0,0.0,0.0,0.0,30,315.0,319.5,20,311.0,304.5,0.0,0.0,0.0,0.0,373
2023-05-09 21:36:47,SR311C6700,白糖2311购6700,311.0,0.0,0.0,0.0,20,316.0,320.0,25,311.0,304.5,0.0,0.0,0.0,0.0,373
2023-05-09 21:36:50,SR311C6700,白糖2311购6700,311.0,0.0,0.0,0.0,20,315.5,319.5,10,311.0,304.5,0.0,0.0,0.0,0.0,373
2023-05-09 21:36:53,SR311C6700,白糖2311购6700,311.0,0.0,0.0,0.0,10,316.0,320.0,25,311.0,304.5,0.0,0.0,0.0,0.0,373
2023-05-09 21:36:57,SR311C6700,白糖2311购6700,311.0,0.0,0.0,0.0,20,316.0,320.0,25,311.0,304.5,0.0,0.0,0.0,0.0,373
2023-05-09 21:37:01,SR311C6700,白糖2311购6700,311.0,0.0,0.0,0.0,30,316.0,320.0,15,311.0,304.5,0.0,0.0,0.0,0.0,373
2023-05-09 21:37:02,SR311C6700,白糖2311购6700,311.0,0.0,0.0,0.0,35,316.0,320.0,15,311.0,304.5,0.0,0.0,0.0,0.0,373
2023-05-09 21:37:03,SR311C6700,白糖2311购6700,311.0,0.0,0.0,0.0,25,316.0,320.0,15,311.0,304.5,0.0,0.0,0.0,0.0,373
2023-05-09 21:37:38,SR311C6700,白糖2311购6700,311.0,0.0,0.0,0.0,15,316.0,320.0,25,311.0,304.5,0.0,0.0,0.0,0.0,373
2023-05-09 21:37:39,SR311C6700,白糖2311购6700,311.0,0.0,0.0,0.0,5,316.0,320.0,25,311.0,304.5,0.0,0.0,0.0,0.0,373
2023-05-09 21:37:49,SR311C6700,白糖2311购6700,311.0,0.0,0.0,0.0,15,316.0,320.0,15,311.0,304.5,0.0,0.0,0.0,0.0,373
2023-05-09 21:37:51,SR311C6700,白糖2311购6700,311.0,0.0,0.0,0.0,10,316.5,320.5,20,311.0,304.5,0.0,0.0,0.0,0.0,373
2023-05-09 21:37:54,SR311C6700,白糖2311购6700,311.0,0.0,0.0,0.0,20,316.5,320.5,20,311.0,304.5,0.0,0.0,0.0,0.0,373
2023-05-09 21:37:58,SR311C6700,白糖2311购6700,311.0,0.0,0.0,0.0,10,317.0,321.0,10,311.0,304.5,0.0,0.0,0.0,0.0,373
2023-05-09 21:38:00,SR311C6700,白糖2311购6700,311.0,0.0,0.0,0.0,20,317.0,321.0,10,311.0,304.5,0.0,0.0,0.0,0.0,373
2023-05-09 21:38:00,SR311C6700,白糖2311购6700,311.0,0.0,0.0,0.0,40,316.5,321.0,20,311.0,304.5,0.0,0.0,0.0,0.0,373
2023-05-09 21:38:01,SR311C6700,白糖2311购6700,311.0,0.0,0.0,0.0,20,316.5,321.0,30,311.0,304.5,0.0,0.0,0.0,0.0,373
2023-05-09 21:38:04,SR311C6700,白糖2311购6700,311.0,0.0,0.0,0.0,20,316.5,321.0,40,311.0,304.5,0.0,0.0,0.0,0.0,373
2023-05-09 21:38:09,SR311C6700,白糖2311购6700,311.0,0.0,0.0,0.0,20,316.5,321.0,50,311.0,304.5,0.0,0.0,0.0,0.0,373
2023-05-09 21:38:16,SR311C6700,白糖2311购6700,311.0,0.0,0.0,0.0,25,316.0,320.0,10,311.0,304.5,0.0,0.0,0.0,0.0,373
2023-05-09 21:38:17,SR311C6700,白糖2311购6700,311.0,0.0,0.0,0.0,5,316.0,320.0,10,311.0,304.5,0.0,0.0,0.0,0.0,373
2023-05-09 21:38:26,SR311C6700,白糖2311购6700,311.0,0.0,0.0,0.0,5,316.0,320.0,30,311.0,304.5,0.0,0.0,0.0,0.0,373
2023-05-09 21:38:27,SR311C6700,白糖2311购6700,311.0,0.0,0.0,0.0,15,316.0,320.0,20,311.0,304.5,0.0,0.0,0.0,0.0,373
2023-05-09 21:38:32,SR311C6700,白糖2311购6700,311.0,0.0,0.0,0.0,5,316.0,320.0,30,311.0,304.5,0.0,0.0,0.0,0.0,373
2023-05-09 21:38:49,SR311C6700,白糖2311购6700,311.0,0.0,0.0,0.0,5,316.0,319.0,20,311.0,304.5,0.0,0.0,0.0,0.0,373
2023-05-09 21:38:50,SR311C6700,白糖2311购6700,311.0,0.0,0.0,0.0,5,316.0,320.0,50,311.0,304.5,0.0,0.0,0.0,0.0,373
2023-05-09 21:38:51,SR311C6700,白糖2311购6700,311.0,0.0,0.0,0.0,5,316.0,320.0,40,311.0,304.5,0.0,0.0,0.0,0.0,373
2023-05-09 21:38:56,SR311C6700,白糖2311购6700,311.0,0.0,0.0,0.0,5,316.0,319.0,10,311.0,304.5,0.0,0.0,0.0,0.0,373
2023-05-09 21:39:28,SR311C6700,白糖2311购6700,311.0,0.0,0.0,0.0,5,316.0,319.0,30,311.0,304.5,0.0,0.0,0.0,0.0,373
2023-05-09 21:39:28,SR311C6700,白糖2311购6700,311.0,0.0,0.0,0.0,5,316.0,319.0,20,311.0,304.5,0.0,0.0,0.0,0.0,373
2023-05-09 21:39:30,SR311C6700,白糖2311购6700,311.0,0.0,0.0,0.0,45,314.5,318.5,20,311.0,304.5,0.0,0.0,0.0,0.0,373
2023-05-09 21:39:31,SR311C6700,白糖2311购6700,311.0,0.0,0.0,0.0,10,315.0,318.5,30,311.0,304.5,0.0,0.0,0.0,0.0,373
2023-05-09 21:39:31,SR311C6700,白糖2311购6700,311.0,0.0,0.0,0.0,25,314.5,318.5,30,311.0,304.5,0.0,0.0,0.0,0.0,373
2023-05-09 21:39:40,SR311C6700,白糖2311购6700,311.0,0.0,0.0,0.0,5,314.5,317.5,20,311.0,304.5,0.0,0.0,0.0,0.0,373
2023-05-09 21:39:41,SR311C6700,白糖2311购6700,311.0,0.0,0.0,0.0,5,314.5,317.5,10,311.0,304.5,0.0,0.0,0.0,0.0,373
2023-05-09 21:39:41,SR311C6700,白糖2311购6700,311.0,0.0,0.0,0.0,5,314.5,318.5,50,311.0,304.5,0.0,0.0,0.0,0.0,373
2023-05-09 21:40:39,SR311C6700,白糖2311购6700,311.0,0.0,0.0,0.0,15,314.5,318.5,40,311.0,304.5,0.0,0.0,0.0,0.0,373
2023-05-09 21:40:50,SR311C6700,白糖2311购6700,311.0,0.0,0.0,0.0,25,314.5,318.5,30,311.0,304.5,0.0,0.0,0.0,0.0,373
2023-05-09 21:40:51,SR311C6700,白糖2311购6700,311.0,0.0,0.0,0.0,30,315.0,319.5,30,311.0,304.5,0.0,0.0,0.0,0.0,373
2023-05-09 21:40:53,SR311C6700,白糖2311购6700,311.0,0.0,0.0,0.0,40,315.0,319.5,30,311.0,304.5,0.0,0.0,0.0,0.0,373
2023-05-09 21:41:03,SR311C6700,白糖2311购6700,311.0,0.0,0.0,0.0,10,316.0,319.5,30,311.0,304.5,0.0,0.0,0.0,0.0,373
2023-05-09 21:41:03,SR311C6700,白糖2311购6700,311.0,0.0,0.0,0.0,20,316.0,319.5,30,311.0,304.5,0.0,0.0,0.0,0.0,373
2023-05-09 21:41:05,SR311C6700,白糖2311购6700,311.0,0.0,0.0,0.0,10,316.0,319.5,30,311.0,304.5,0.0,0.0,0.0,0.0,373
2023-05-09 21:41:05,SR311C6700,白糖2311购6700,311.0,0.0,0.0,0.0,20,315.5,319.5,30,311.0,304.5,0.0,0.0,0.0,0.0,373
2023-05-09 21:41:18,SR311C6700,白糖2311购6700,311.0,0.0,0.0,0.0,10,315.5,319.5,40,311.0,304.5,0.0,0.0,0.0,0.0,373
2023-05-09 21:41:18,SR311C6700,白糖2311购6700,311.0,0.0,0.0,0.0,20,315.0,319.0,10,311.0,304.5,0.0,0.0,0.0,0.0,373
2023-05-09 21:41:25,SR311C6700,白糖2311购6700,311.0,0.0,0.0,0.0,5,314.5,317.5,10,311.0,304.5,0.0,0.0,0.0,0.0,373
2023-05-09 21:41:26,SR311C6700,白糖2311购6700,311.0,0.0,0.0,0.0,5,314.5,317.0,10,311.0,304.5,0.0,0.0,0.0,0.0,373
2023-05-09 21:41:27,SR311C6700,白糖2311购6700,311.0,0.0,0.0,0.0,40,312.5,316.5,20,311.0,304.5,0.0,0.0,0.0,0.0,373
2023-05-09 21:41:27,SR311C6700,白糖2311购6700,311.0,0.0,0.0,0.0,10,312.5,316.5,30,311.0,304.5,0.0,0.0,0.0,0.0,373
2023-05-09 21:41:28,SR311C6700,白糖2311购6700,311.0,0.0,0.0,0.0,30,312.5,316.5,20,311.0,304.5,0.0,0.0,0.0,0.0,373
2023-05-09 21:41:32,SR311C6700,白糖2311购6700,311.0,0.0,0.0,0.0,30,313.5,317.5,10,311.0,304.5,0.0,0.0,0.0,0.0,373
2023-05-09 21:41:35,SR311C6700,白糖2311购6700,311.0,0.0,0.0,0.0,40,313.5,317.5,10,311.0,304.5,0.0,0.0,0.0,0.0,373
2023-05-09 21:41:39,SR311C6700,白糖2311购6700,311.0,0.0,0.0,0.0,10,314.5,318.5,15,311.0,304.5,0.0,0.0,0.0,0.0,373
2023-05-09 21:41:40,SR311C6700,白糖2311购6700,311.0,0.0,0.0,0.0,20,314.5,318.0,10,311.0,304.5,0.0,0.0,0.0,0.0,373
2023-05-09 21:41:41,SR311C6700,白糖2311购6700,311.0,0.0,0.0,0.0,30,314.5,318.0,10,311.0,304.5,0.0,0.0,0.0,0.0,373
2023-05-09 21:41:58,SR311C6700,白糖2311购6700,311.0,0.0,0.0,0.0,20,314.5,318.0,20,311.0,304.5,0.0,0.0,0.0,0.0,373
2023-05-09 21:42:01,SR311C6700,白糖2311购6700,311.0,0.0,0.0,0.0,20,314.5,318.0,30,311.0,304.5,0.0,0.0,0.0,0.0,373
2023-05-09 21:42:09,SR311C6700,白糖2311购6700,311.0,0.0,0.0,0.0,20,314.5,318.0,20,311.0,304.5,0.0,0.0,0.0,0.0,373
2023-05-09 21:42:10,SR311C6700,白糖2311购6700,311.0,0.0,0.0,0.0,20,314.5,318.5,15,311.0,304.5,0.0,0.0,0.0,0.0,373
2023-05-09 21:42:12,SR311C6700,白糖2311购6700,311.0,0.0,0.0,0.0,20,315.0,318.5,5,311.0,304.5,0.0,0.0,0.0,0.0,373
2023-05-09 21:42:12,SR311C6700,白糖2311购6700,311.0,0.0,0.0,0.0,30,315.0,318.5,5,311.0,304.5,0.0,0.0,0.0,0.0,373
2023-05-09 21:42:16,SR311C6700,白糖2311购6700,311.0,0.0,0.0,0.0,10,315.0,318.5,5,311.0,304.5,0.0,0.0,0.0,0.0,373
2023-05-09 21:42:17,SR311C6700,白糖2311购6700,311.0,0.0,0.0,0.0,20,314.5,318.5,5,311.0,304.5,0.0,0.0,0.0,0.0,373
2023-05-09 21:42:20,SR311C6700,白糖2311购6700,311.0,0.0,0.0,0.0,20,314.5,318.0,10,311.0,304.5,0.0,0.0,0.0,0.0,373
2023-05-09 21:42:20,SR311C6700,白糖2311购6700,311.0,0.0,0.0,0.0,20,314.5,317.5,10,311.0,304.5,0.0,0.0,0.0,0.0,373
2023-05-09 21:42:21,SR311C6700,白糖2311购6700,311.0,0.0,0.0,0.0,20,314.5,318.0,20,311.0,304.5,0.0,0.0,0.0,0.0,373
2023-05-09 21:42:22,SR311C6700,白糖2311购6700,311.0,0.0,0.0,0.0,20,314.5,317.5,10,311.0,304.5,0.0,0.0,0.0,0.0,373
2023-05-09 21:42:22,SR311C6700,白糖2311购6700,311.0,0.0,0.0,0.0,20,314.5,318.0,20,311.0,304.5,0.0,0.0,0.0,0.0,373
2023-05-09 21:42:28,SR311C6700,白糖2311购6700,311.0,0.0,0.0,0.0,20,314.5,318.0,30,311.0,304.5,0.0,0.0,0.0,0.0,373
2023-05-09 21:42:29,SR311C6700,白糖2311购6700,311.0,0.0,0.0,0.0,20,314.5,318.0,40,311.0,304.5,0.0,0.0,0.0,0.0,373
2023-05-09 21:42:33,SR311C6700,白糖2311购6700,311.0,0.0,0.0,0.0,20,314.5,318.0,30,311.0,304.5,0.0,0.0,0.0,0.0,373
2023-05-09 21:42:35,SR311C6700,白糖2311购6700,311.0,0.0,0.0,0.0,20,314.5,318.0,20,311.0,304.5,0.0,0.0,0.0,0.0,373
2023-05-09 21:42:37,SR311C6700,白糖2311购6700,311.0,0.0,0.0,0.0,30,314.5,318.5,15,311.0,304.5,0.0,0.0,0.0,0.0,373
2023-05-09 21:42:42,SR311C6700,白糖2311购6700,311.0,0.0,0.0,0.0,10,315.0,318.5,15,311.0,304.5,0.0,0.0,0.0,0.0,373
2023-05-09 21:42:43,SR311C6700,白糖2311购6700,311.0,0.0,0.0,0.0,20,315.0,318.5,5,311.0,304.5,0.0,0.0,0.0,0.0,373
2023-05-09 21:42:45,SR311C6700,白糖2311购6700,311.0,0.0,0.0,0.0,20,315.0,319.0,20,311.0,304.5,0.0,0.0,0.0,0.0,373
2023-05-09 21:42:46,SR311C6700,白糖2311购6700,311.0,0.0,0.0,0.0,40,315.0,319.0,10,311.0,304.5,0.0,0.0,0.0,0.0,373
2023-05-09 21:42:50,SR311C6700,白糖2311购6700,311.0,0.0,0.0,0.0,10,315.5,319.0,10,311.0,304.5,0.0,0.0,0.0,0.0,373
2023-05-09 21:42:51,SR311C6700,白糖2311购6700,311.0,0.0,0.0,0.0,10,315.5,319.5,10,311.0,304.5,0.0,0.0,0.0,0.0,373
2023-05-09 21:42:54,SR311C6700,白糖2311购6700,311.0,0.0,0.0,0.0,30,315.5,320.0,35,311.0,304.5,0.0,0.0,0.0,0.0,373
2023-05-09 21:42:55,SR311C6700,白糖2311购6700,311.0,0.0,0.0,0.0,10,316.5,320.0,15,311.0,304.5,0.0,0.0,0.0,0.0,373
2023-05-09 21:42:56,SR311C6700,白糖2311购6700,311.0,0.0,0.0,0.0,20,316.5,320.0,15,311.0,304.5,0.0,0.0,0.0,0.0,373
2023-05-09 21:42:56,SR311C6700,白糖2311购6700,311.0,0.0,0.0,0.0,20,316.5,320.0,5,311.0,304.5,0.0,0.0,0.0,0.0,373
2023-05-09 21:42:56,SR311C6700,白糖2311购6700,311.0,0.0,0.0,0.0,20,316.5,320.0,15,311.0,304.5,0.0,0.0,0.0,0.0,373
2023-05-09 21:42:56,SR311C6700,白糖2311购6700,311.0,0.0,0.0,0.0,20,316.5,320.0,5,311.0,304.5,0.0,0.0,0.0,0.0,373
2023-05-09 21:43:01,SR311C6700,白糖2311购6700,311.0,0.0,0.0,0.0,10,316.5,320.0,5,311.0,304.5,0.0,0.0,0.0,0.0,373
2023-05-09 21:43:01,SR311C6700,白糖2311购6700,311.0,0.0,0.0,0.0,45,316.0,320.0,5,311.0,304.5,0.0,0.0,0.0,0.0,373
2023-05-09 21:43:04,SR311C6700,白糖2311购6700,311.0,0.0,0.0,0.0,15,316.0,319.5,20,311.0,304.5,0.0,0.0,0.0,0.0,373
2023-05-09 21:43:05,SR311C6700,白糖2311购6700,311.0,0.0,0.0,0.0,5,316.0,319.5,20,311.0,304.5,0.0,0.0,0.0,0.0,373
2023-05-09 21:43:11,SR311C6700,白糖2311购6700,311.0,0.0,0.0,0.0,5,316.0,318.5,10,311.0,304.5,0.0,0.0,0.0,0.0,373
2023-05-09 21:43:20,SR311C6700,白糖2311购6700,311.0,0.0,0.0,0.0,5,316.0,318.5,20,311.0,304.5,0.0,0.0,0.0,0.0,373
2023-05-09 21:43:22,SR311C6700,白糖2311购6700,311.0,0.0,0.0,0.0,5,316.0,318.5,10,311.0,304.5,0.0,0.0,0.0,0.0,373
2023-05-09 21:43:22,SR311C6700,白糖2311购6700,311.0,0.0,0.0,0.0,5,316.0,319.5,50,311.0,304.5,0.0,0.0,0.0,0.0,373
2023-05-09 21:43:22,SR311C6700,白糖2311购6700,311.0,0.0,0.0,0.0,5,316.0,318.5,10,311.0,304.5,0.0,0.0,0.0,0.0,373
2023-05-09 21:43:22,SR311C6700,白糖2311购6700,311.0,0.0,0.0,0.0,5,316.0,319.5,50,311.0,304.5,0.0,0.0,0.0,0.0,373
2023-05-09 21:43:24,SR311C6700,白糖2311购6700,311.0,0.0,0.0,0.0,5,316.0,319.5,40,311.0,304.5,0.0,0.0,0.0,0.0,373
2023-05-09 21:43:32,SR311C6700,白糖2311购6700,311.0,0.0,0.0,0.0,5,316.0,319.5,50,311.0,304.5,0.0,0.0,0.0,0.0,373
2023-05-09 21:43:32,SR311C6700,白糖2311购6700,311.0,0.0,0.0,0.0,5,316.0,318.0,10,311.0,304.5,0.0,0.0,0.0,0.0,373
2023-05-09 21:43:33,SR311C6700,白糖2311购6700,311.0,0.0,0.0,0.0,5,316.0,318.0,20,311.0,304.5,0.0,0.0,0.0,0.0,373
2023-05-09 21:43:37,SR311C6700,白糖2311购6700,311.0,0.0,0.0,0.0,5,316.0,318.0,10,311.0,304.5,0.0,0.0,0.0,0.0,373
2023-05-09 21:43:37,SR311C6700,白糖2311购6700,311.0,0.0,0.0,0.0,5,316.0,319.0,50,311.0,304.5,0.0,0.0,0.0,0.0,373
2023-05-09 21:43:38,SR311C6700,白糖2311购6700,311.0,0.0,0.0,0.0,5,316.0,319.0,20,311.0,304.5,0.0,0.0,0.0,0.0,373
2023-05-09 21:43:38,SR311C6700,白糖2311购6700,311.0,0.0,0.0,0.0,5,316.0,319.0,10,311.0,304.5,0.0,0.0,0.0,0.0,373
2023-05-09 21:43:48,SR311C6700,白糖2311购6700,311.0,0.0,0.0,0.0,5,316.0,319.0,20,311.0,304.5,0.0,0.0,0.0,0.0,373
2023-05-09 21:44:02,SR311C6700,白糖2311购6700,311.0,0.0,0.0,0.0,10,316.5,320.0,55,311.0,304.5,0.0,0.0,0.0,0.0,373
2023-05-09 21:44:02,SR311C6700,白糖2311购6700,311.0,0.0,0.0,0.0,10,316.5,320.0,45,311.0,304.5,0.0,0.0,0.0,0.0,373
2023-05-09 21:44:04,SR311C6700,白糖2311购6700,311.0,0.0,0.0,0.0,20,316.5,320.0,45,311.0,304.5,0.0,0.0,0.0,0.0,373
2023-05-09 21:44:05,SR311C6700,白糖2311购6700,311.0,0.0,0.0,0.0,30,316.5,320.0,25,311.0,304.5,0.0,0.0,0.0,0.0,373
2023-05-09 21:44:19,SR311C6700,白糖2311购6700,311.0,0.0,0.0,0.0,5,316.0,320.0,45,311.0,304.5,0.0,0.0,0.0,0.0,373
2023-05-09 21:44:20,SR311C6700,白糖2311购6700,311.0,0.0,0.0,0.0,5,316.0,319.5,10,311.0,304.5,0.0,0.0,0.0,0.0,373
2023-05-09 21:44:21,SR311C6700,白糖2311购6700,311.0,0.0,0.0,0.0,5,316.0,319.5,20,311.0,304.5,0.0,0.0,0.0,0.0,373
2023-05-09 21:44:23,SR311C6700,白糖2311购6700,311.0,0.0,0.0,0.0,5,316.0,318.5,10,311.0,304.5,0.0,0.0,0.0,0.0,373
2023-05-09 21:44:24,SR311C6700,白糖2311购6700,311.0,0.0,0.0,0.0,5,316.0,318.5,20,311.0,304.5,0.0,0.0,0.0,0.0,373
2023-05-09 21:44:29,SR311C6700,白糖2311购6700,311.0,0.0,0.0,0.0,5,316.0,319.5,70,311.0,304.5,0.0,0.0,0.0,0.0,373
2023-05-09 21:44:30,SR311C6700,白糖2311购6700,311.0,0.0,0.0,0.0,5,316.0,319.5,60,311.0,304.5,0.0,0.0,0.0,0.0,373
2023-05-09 21:44:30,SR311C6700,白糖2311购6700,311.0,0.0,0.0,0.0,5,316.0,319.5,50,311.0,304.5,0.0,0.0,0.0,0.0,373
2023-05-09 21:44:37,SR311C6700,白糖2311购6700,311.0,0.0,0.0,0.0,5,316.0,319.5,40,311.0,304.5,0.0,0.0,0.0,0.0,373
2023-05-09 21:45:16,SR311C6700,白糖2311购6700,311.0,0.0,0.0,0.0,5,316.0,319.0,20,311.0,304.5,0.0,0.0,0.0,0.0,373
2023-05-09 21:45:20,SR311C6700,白糖2311购6700,311.0,0.0,0.0,0.0,20,315.5,319.0,20,311.0,304.5,0.0,0.0,0.0,0.0,373
2023-05-09 21:45:22,SR311C6700,白糖2311购6700,311.0,0.0,0.0,0.0,20,315.5,318.0,10,311.0,304.5,0.0,0.0,0.0,0.0,373
2023-05-09 21:45:23,SR311C6700,白糖2311购6700,311.0,0.0,0.0,0.0,10,315.0,318.0,20,311.0,304.5,0.0,0.0,0.0,0.0,373
2023-05-09 21:45:24,SR311C6700,白糖2311购6700,311.0,0.0,0.0,0.0,35,314.5,318.0,20,311.0,304.5,0.0,0.0,0.0,0.0,373
2023-05-09 21:45:36,SR311C6700,白糖2311购6700,311.0,0.0,0.0,0.0,45,314.5,318.0,20,311.0,304.5,0.0,0.0,0.0,0.0,373
2023-05-09 21:45:37,SR311C6700,白糖2311购6700,311.0,0.0,0.0,0.0,20,315.5,319.0,30,311.0,304.5,0.0,0.0,0.0,0.0,373
2023-05-09 21:45:37,SR311C6700,白糖2311购6700,311.0,0.0,0.0,0.0,30,315.5,319.0,20,311.0,304.5,0.0,0.0,0.0,0.0,373
2023-05-09 21:45:39,SR311C6700,白糖2311购6700,311.0,0.0,0.0,0.0,10,316.0,319.0,10,311.0,304.5,0.0,0.0,0.0,0.0,373
2023-05-09 21:45:39,SR311C6700,白糖2311购6700,311.0,0.0,0.0,0.0,20,316.0,320.0,25,311.0,304.5,0.0,0.0,0.0,0.0,373
2023-05-09 21:45:46,SR311C6700,白糖2311购6700,311.0,0.0,0.0,0.0,20,315.5,320.0,35,311.0,304.5,0.0,0.0,0.0,0.0,373
2023-05-09 21:45:46,SR311C6700,白糖2311购6700,311.0,0.0,0.0,0.0,30,315.5,320.0,35,311.0,304.5,0.0,0.0,0.0,0.0,373
2023-05-09 21:45:53,SR311C6700,白糖2311购6700,311.0,0.0,0.0,0.0,10,316.0,320.0,25,311.0,304.5,0.0,0.0,0.0,0.0,373
2023-05-09 21:45:56,SR311C6700,白糖2311购6700,311.0,0.0,0.0,0.0,40,315.5,320.0,35,311.0,304.5,0.0,0.0,0.0,0.0,373
2023-05-09 21:46:08,SR311C6700,白糖2311购6700,311.0,0.0,0.0,0.0,30,315.5,319.0,10,311.0,304.5,0.0,0.0,0.0,0.0,373
2023-05-09 21:46:08,SR311C6700,白糖2311购6700,311.0,0.0,0.0,0.0,20,315.5,319.0,20,311.0,304.5,0.0,0.0,0.0,0.0,373
2023-05-09 21:46:11,SR311C6700,白糖2311购6700,311.0,0.0,0.0,0.0,20,315.5,319.0,30,311.0,304.5,0.0,0.0,0.0,0.0,373
2023-05-09 21:46:20,SR311C6700,白糖2311购6700,311.0,0.0,0.0,0.0,30,315.5,319.0,20,311.0,304.5,0.0,0.0,0.0,0.0,373
2023-05-09 21:46:38,SR311C6700,白糖2311购6700,311.0,0.0,0.0,0.0,20,315.5,319.0,20,311.0,304.5,0.0,0.0,0.0,0.0,373
2023-05-09 21:46:40,SR311C6700,白糖2311购6700,311.0,0.0,0.0,0.0,10,315.5,319.0,30,311.0,304.5,0.0,0.0,0.0,0.0,373
2023-05-09 21:46:40,SR311C6700,白糖2311购6700,311.0,0.0,0.0,0.0,10,315.0,319.0,20,311.0,304.5,0.0,0.0,0.0,0.0,373
2023-05-09 21:46:41,SR311C6700,白糖2311购6700,311.0,0.0,0.0,0.0,45,314.5,319.0,20,311.0,304.5,0.0,0.0,0.0,0.0,373
2023-05-09 21:46:42,SR311C6700,白糖2311购6700,311.0,0.0,0.0,0.0,25,314.5,318.0,20,311.0,304.5,0.0,0.0,0.0,0.0,373
2023-05-09 21:46:42,SR311C6700,白糖2311购6700,311.0,0.0,0.0,0.0,15,314.5,318.0,20,311.0,304.5,0.0,0.0,0.0,0.0,373
2023-05-09 21:46:43,SR311C6700,白糖2311购6700,311.0,0.0,0.0,0.0,25,314.5,318.0,20,311.0,304.5,0.0,0.0,0.0,0.0,373
2023-05-09 21:46:48,SR311C6700,白糖2311购6700,311.0,0.0,0.0,0.0,35,314.5,318.0,20,311.0,304.5,0.0,0.0,0.0,0.0,373
2023-05-09 21:47:06,SR311C6700,白糖2311购6700,311.0,0.0,0.0,0.0,25,314.5,318.0,20,311.0,304.5,0.0,0.0,0.0,0.0,373
2023-05-09 21:47:07,SR311C6700,白糖2311购6700,311.0,0.0,0.0,0.0,25,314.5,318.0,30,311.0,304.5,0.0,0.0,0.0,0.0,373
2023-05-09 21:47:07,SR311C6700,白糖2311购6700,311.0,0.0,0.0,0.0,15,314.5,318.0,30,311.0,304.5,0.0,0.0,0.0,0.0,373
2023-05-09 21:47:09,SR311C6700,白糖2311购6700,311.0,0.0,0.0,0.0,10,314.5,317.5,10,311.0,304.5,0.0,0.0,0.0,0.0,373
2023-05-09 21:47:09,SR311C6700,白糖2311购6700,311.0,0.0,0.0,0.0,20,314.0,317.5,20,311.0,304.5,0.0,0.0,0.0,0.0,373
2023-05-09 21:47:12,SR311C6700,白糖2311购6700,311.0,0.0,0.0,0.0,10,313.5,317.5,20,311.0,304.5,0.0,0.0,0.0,0.0,373
2023-05-09 21:47:13,SR311C6700,白糖2311购6700,311.0,0.0,0.0,0.0,10,313.5,317.5,40,311.0,304.5,0.0,0.0,0.0,0.0,373
2023-05-09 21:47:13,SR311C6700,白糖2311购6700,311.0,0.0,0.0,0.0,30,313.0,317.5,40,311.0,304.5,0.0,0.0,0.0,0.0,373
2023-05-09 21:47:13,SR311C6700,白糖2311购6700,311.0,0.0,0.0,0.0,40,313.0,317.5,40,311.0,304.5,0.0,0.0,0.0,0.0,373
2023-05-09 21:47:16,SR311C6700,白糖2311购6700,311.0,0.0,0.0,0.0,40,313.0,316.5,20,311.0,304.5,0.0,0.0,0.0,0.0,373
2023-05-09 21:47:18,SR311C6700,白糖2311购6700,311.0,0.0,0.0,0.0,40,313.0,316.5,30,311.0,304.5,0.0,0.0,0.0,0.0,373
2023-05-09 21:47:18,SR311C6700,白糖2311购6700,311.0,0.0,0.0,0.0,20,313.0,316.5,30,311.0,304.5,0.0,0.0,0.0,0.0,373
2023-05-09 21:47:24,SR311C6700,白糖2311购6700,311.0,0.0,0.0,0.0,10,313.5,316.5,20,311.0,304.5,0.0,0.0,0.0,0.0,373
2023-05-09 21:47:25,SR311C6700,白糖2311购6700,311.0,0.0,0.0,0.0,10,313.5,316.5,30,311.0,304.5,0.0,0.0,0.0,0.0,373
2023-05-09 21:47:28,SR311C6700,白糖2311购6700,311.0,0.0,0.0,0.0,30,313.0,316.5,30,311.0,304.5,0.0,0.0,0.0,0.0,373
2023-05-09 21:47:28,SR311C6700,白糖2311购6700,311.0,0.0,0.0,0.0,20,313.0,316.5,30,311.0,304.5,0.0,0.0,0.0,0.0,373
2023-05-09 21:47:37,SR311C6700,白糖2311购6700,311.0,0.0,0.0,0.0,30,313.0,316.5,10,311.0,304.5,0.0,0.0,0.0,0.0,373
2023-05-09 21:47:38,SR311C6700,白糖2311购6700,311.0,0.0,0.0,0.0,40,313.0,316.5,10,311.0,304.5,0.0,0.0,0.0,0.0,373
2023-05-09 21:47:38,SR311C6700,白糖2311购6700,311.0,0.0,0.0,0.0,40,313.0,317.0,20,311.0,304.5,0.0,0.0,0.0,0.0,373
2023-05-09 21:47:48,SR311C6700,白糖2311购6700,311.0,0.0,0.0,0.0,40,313.0,317.0,30,311.0,304.5,0.0,0.0,0.0,0.0,373
2023-05-09 21:47:49,SR311C6700,白糖2311购6700,311.0,0.0,0.0,0.0,40,313.0,317.0,20,311.0,304.5,0.0,0.0,0.0,0.0,373
2023-05-09 21:47:49,SR311C6700,白糖2311购6700,311.0,0.0,0.0,0.0,40,313.0,317.0,30,311.0,304.5,0.0,0.0,0.0,0.0,373
2023-05-09 21:47:50,SR311C6700,白糖2311购6700,311.0,0.0,0.0,0.0,40,313.0,317.0,20,311.0,304.5,0.0,0.0,0.0,0.0,373
2023-05-09 21:47:52,SR311C6700,白糖2311购6700,311.0,0.0,0.0,0.0,40,313.0,317.0,30,311.0,304.5,0.0,0.0,0.0,0.0,373
2023-05-09 21:47:52,SR311C6700,白糖2311购6700,311.0,0.0,0.0,0.0,40,313.0,317.0,10,311.0,304.5,0.0,0.0,0.0,0.0,373
2023-05-09 21:47:59,SR311C6700,白糖2311购6700,311.0,0.0,0.0,0.0,40,313.0,317.0,20,311.0,304.5,0.0,0.0,0.0,0.0,373
2023-05-09 21:48:00,SR311C6700,白糖2311购6700,311.0,0.0,0.0,0.0,20,313.0,317.0,30,311.0,304.5,0.0,0.0,0.0,0.0,373
2023-05-09 21:48:01,SR311C6700,白糖2311购6700,311.0,0.0,0.0,0.0,20,313.0,316.0,10,311.0,304.5,0.0,0.0,0.0,0.0,373
2023-05-09 21:48:02,SR311C6700,白糖2311购6700,311.0,0.0,0.0,0.0,20,313.0,317.0,30,311.0,304.5,0.0,0.0,0.0,0.0,373
2023-05-09 21:48:02,SR311C6700,白糖2311购6700,311.0,0.0,0.0,0.0,20,313.0,317.0,40,311.0,304.5,0.0,0.0,0.0,0.0,373
2023-05-09 21:48:03,SR311C6700,白糖2311购6700,311.0,0.0,0.0,0.0,20,313.0,317.0,30,311.0,304.5,0.0,0.0,0.0,0.0,373
2023-05-09 21:48:04,SR311C6700,白糖2311购6700,311.0,0.0,0.0,0.0,20,313.0,317.0,40,311.0,304.5,0.0,0.0,0.0,0.0,373
2023-05-09 21:48:23,SR311C6700,白糖2311购6700,311.0,0.0,0.0,0.0,30,313.5,317.0,20,311.0,304.5,0.0,0.0,0.0,0.0,373
2023-05-09 21:48:30,SR311C6700,白糖2311购6700,311.0,0.0,0.0,0.0,30,313.5,317.0,10,311.0,304.5,0.0,0.0,0.0,0.0,373
2023-05-09 21:48:32,SR311C6700,白糖2311购6700,311.0,0.0,0.0,0.0,30,313.5,316.5,10,311.0,304.5,0.0,0.0,0.0,0.0,373
2023-05-09 21:48:34,SR311C6700,白糖2311购6700,311.0,0.0,0.0,0.0,20,313.5,316.5,10,311.0,304.5,0.0,0.0,0.0,0.0,373
2023-05-09 21:48:39,SR311C6700,白糖2311购6700,311.0,0.0,0.0,0.0,30,313.5,317.0,10,311.0,304.5,0.0,0.0,0.0,0.0,373
2023-05-09 21:48:44,SR311C6700,白糖2311购6700,311.0,0.0,0.0,0.0,30,312.5,316.0,10,311.0,304.5,0.0,0.0,0.0,0.0,373
2023-05-09 21:48:45,SR311C6700,白糖2311购6700,311.0,0.0,0.0,0.0,40,312.5,316.0,20,311.0,304.5,0.0,0.0,0.0,0.0,373
2023-05-09 21:48:47,SR311C6700,白糖2311购6700,311.0,0.0,0.0,0.0,20,312.5,316.0,20,311.0,304.5,0.0,0.0,0.0,0.0,373
2023-05-09 21:48:56,SR311C6700,白糖2311购6700,311.0,0.0,0.0,0.0,20,312.5,315.0,10,311.0,304.5,0.0,0.0,0.0,0.0,373
2023-05-09 21:48:56,SR311C6700,白糖2311购6700,311.0,0.0,0.0,0.0,10,312.5,315.0,10,311.0,304.5,0.0,0.0,0.0,0.0,373
2023-05-09 21:48:57,SR311C6700,白糖2311购6700,311.0,0.0,0.0,0.0,25,312.0,315.0,10,311.0,304.5,0.0,0.0,0.0,0.0,373
2023-05-09 21:48:57,SR311C6700,白糖2311购6700,311.0,0.0,0.0,0.0,35,312.0,315.0,10,311.0,304.5,0.0,0.0,0.0,0.0,373
2023-05-09 21:48:59,SR311C6700,白糖2311购6700,311.0,0.0,0.0,0.0,35,312.0,316.0,10,311.0,304.5,0.0,0.0,0.0,0.0,373
2023-05-09 21:49:14,SR311C6700,白糖2311购6700,311.0,0.0,0.0,0.0,35,312.0,316.0,20,311.0,304.5,0.0,0.0,0.0,0.0,373
2023-05-09 21:49:14,SR311C6700,白糖2311购6700,311.0,0.0,0.0,0.0,35,312.0,315.0,10,311.0,304.5,0.0,0.0,0.0,0.0,373
2023-05-09 21:49:19,SR311C6700,白糖2311购6700,311.0,0.0,0.0,0.0,20,312.5,315.0,10,311.0,304.5,0.0,0.0,0.0,0.0,373
2023-05-09 21:49:21,SR311C6700,白糖2311购6700,311.0,0.0,0.0,0.0,20,312.5,316.0,10,311.0,304.5,0.0,0.0,0.0,0.0,373
2023-05-09 21:49:21,SR311C6700,白糖2311购6700,311.0,0.0,0.0,0.0,30,312.5,316.5,30,311.0,304.5,0.0,0.0,0.0,0.0,373
2023-05-09 21:49:31,SR311C6700,白糖2311购6700,311.0,0.0,0.0,0.0,40,312.5,316.5,10,311.0,304.5,0.0,0.0,0.0,0.0,373
2023-05-09 21:49:33,SR311C6700,白糖2311购6700,311.0,0.0,0.0,0.0,30,312.5,316.5,10,311.0,304.5,0.0,0.0,0.0,0.0,373
2023-05-09 21:49:33,SR311C6700,白糖2311购6700,311.0,0.0,0.0,0.0,30,312.5,316.5,20,311.0,304.5,0.0,0.0,0.0,0.0,373
2023-05-09 21:49:34,SR311C6700,白糖2311购6700,311.0,0.0,0.0,0.0,30,312.5,316.5,30,311.0,304.5,0.0,0.0,0.0,0.0,373
2023-05-09 21:49:40,SR311C6700,白糖2311购6700,311.0,0.0,0.0,0.0,30,312.5,316.5,40,311.0,304.5,0.0,0.0,0.0,0.0,373
2023-05-09 21:49:40,SR311C6700,白糖2311购6700,311.0,0.0,0.0,0.0,30,312.5,316.5,50,311.0,304.5,0.0,0.0,0.0,0.0,373
2023-05-09 21:49:44,SR311C6700,白糖2311购6700,311.0,0.0,0.0,0.0,30,312.5,315.0,10,311.0,304.5,0.0,0.0,0.0,0.0,373
2023-05-09 21:49:49,SR311C6700,白糖2311购6700,311.0,0.0,0.0,0.0,30,312.5,315.0,20,311.0,304.5,0.0,0.0,0.0,0.0,373
2023-05-09 21:49:51,SR311C6700,白糖2311购6700,311.0,0.0,0.0,0.0,30,312.5,316.0,10,311.0,304.5,0.0,0.0,0.0,0.0,373
2023-05-09 21:49:53,SR311C6700,白糖2311购6700,311.0,0.0,0.0,0.0,40,312.5,316.0,10,311.0,304.5,0.0,0.0,0.0,0.0,373
2023-05-09 21:50:07,SR311C6700,白糖2311购6700,311.0,0.0,0.0,0.0,40,312.5,317.0,75,311.0,304.5,0.0,0.0,0.0,0.0,373
2023-05-09 21:50:07,SR311C6700,白糖2311购6700,311.0,0.0,0.0,0.0,40,312.5,317.0,65,311.0,304.5,0.0,0.0,0.0,0.0,373
2023-05-09 21:50:10,SR311C6700,白糖2311购6700,311.0,0.0,0.0,0.0,10,313.0,317.0,55,311.0,304.5,0.0,0.0,0.0,0.0,373
2023-05-09 21:50:13,SR311C6700,白糖2311购6700,311.0,0.0,0.0,0.0,20,313.0,317.0,35,311.0,304.5,0.0,0.0,0.0,0.0,373
2023-05-09 21:50:14,SR311C6700,白糖2311购6700,311.0,0.0,0.0,0.0,10,314.0,317.0,25,311.0,304.5,0.0,0.0,0.0,0.0,373
2023-05-09 21:50:15,SR311C6700,白糖2311购6700,311.0,0.0,0.0,0.0,20,314.0,317.0,10,311.0,304.5,0.0,0.0,0.0,0.0,373
2023-05-09 21:50:16,SR311C6700,白糖2311购6700,311.0,0.0,0.0,0.0,30,314.0,318.0,30,311.0,304.5,0.0,0.0,0.0,0.0,373
2023-05-09 21:50:17,SR311C6700,白糖2311购6700,311.0,0.0,0.0,0.0,20,314.5,318.0,20,311.0,304.5,0.0,0.0,0.0,0.0,373
2023-05-09 21:50:18,SR311C6700,白糖2311购6700,311.0,0.0,0.0,0.0,20,314.5,318.0,10,311.0,304.5,0.0,0.0,0.0,0.0,373
2023-05-09 21:50:19,SR311C6700,白糖2311购6700,311.0,0.0,0.0,0.0,20,314.5,318.5,5,311.0,304.5,0.0,0.0,0.0,0.0,373
2023-05-09 21:50:20,SR311C6700,白糖2311购6700,311.0,0.0,0.0,0.0,30,314.5,318.5,5,311.0,304.5,0.0,0.0,0.0,0.0,373
2023-05-09 21:50:21,SR311C6700,白糖2311购6700,311.0,0.0,0.0,0.0,20,314.5,318.5,5,311.0,304.5,0.0,0.0,0.0,0.0,373
2023-05-09 21:50:22,SR311C6700,白糖2311购6700,311.0,0.0,0.0,0.0,10,314.5,318.0,10,311.0,304.5,0.0,0.0,0.0,0.0,373
2023-05-09 21:50:22,SR311C6700,白糖2311购6700,311.0,0.0,0.0,0.0,40,314.0,318.0,10,311.0,304.5,0.0,0.0,0.0,0.0,373
2023-05-09 21:50:23,SR311C6700,白糖2311购6700,311.0,0.0,0.0,0.0,30,314.0,318.0,20,311.0,304.5,0.0,0.0,0.0,0.0,373
2023-05-09 21:50:36,SR311C6700,白糖2311购6700,311.0,0.0,0.0,0.0,20,314.5,318.5,5,311.0,304.5,0.0,0.0,0.0,0.0,373
2023-05-09 21:50:38,SR311C6700,白糖2311购6700,311.0,0.0,0.0,0.0,10,315.0,318.5,5,311.0,304.5,0.0,0.0,0.0,0.0,373
2023-05-09 21:50:41,SR311C6700,白糖2311购6700,311.0,0.0,0.0,0.0,40,314.5,318.5,5,311.0,304.5,0.0,0.0,0.0,0.0,373
2023-05-09 21:50:47,SR311C6700,白糖2311购6700,311.0,0.0,0.0,0.0,10,315.0,318.5,5,311.0,304.5,0.0,0.0,0.0,0.0,373
2023-05-09 21:50:48,SR311C6700,白糖2311购6700,311.0,0.0,0.0,0.0,40,314.5,318.5,5,311.0,304.5,0.0,0.0,0.0,0.0,373
2023-05-09 21:50:58,SR311C6700,白糖2311购6700,311.0,0.0,0.0,0.0,10,315.0,318.5,5,311.0,304.5,0.0,0.0,0.0,0.0,373
2023-05-09 21:50:58,SR311C6700,白糖2311购6700,311.0,0.0,0.0,0.0,10,315.5,318.5,5,311.0,304.5,0.0,0.0,0.0,0.0,373
2023-05-09 21:50:58,SR311C6700,白糖2311购6700,311.0,0.0,0.0,0.0,20,315.5,318.5,5,311.0,304.5,0.0,0.0,0.0,0.0,373
2023-05-09 21:51:02,SR311C6700,白糖2311购6700,311.0,0.0,0.0,0.0,10,315.5,318.5,5,311.0,304.5,0.0,0.0,0.0,0.0,373
2023-05-09 21:51:02,SR311C6700,白糖2311购6700,311.0,0.0,0.0,0.0,20,315.0,318.5,5,311.0,304.5,0.0,0.0,0.0,0.0,373
2023-05-09 21:51:03,SR311C6700,白糖2311购6700,311.0,0.0,0.0,0.0,50,314.5,318.5,5,311.0,304.5,0.0,0.0,0.0,0.0,373
2023-05-09 21:51:03,SR311C6700,白糖2311购6700,311.0,0.0,0.0,0.0,40,314.5,318.5,5,311.0,304.5,0.0,0.0,0.0,0.0,373
2023-05-09 21:51:06,SR311C6700,白糖2311购6700,311.0,0.0,0.0,0.0,30,315.5,318.5,5,311.0,304.5,0.0,0.0,0.0,0.0,373
2023-05-09 21:51:07,SR311C6700,白糖2311购6700,311.0,0.0,0.0,0.0,30,315.5,319.0,10,311.0,304.5,0.0,0.0,0.0,0.0,373
2023-05-09 21:51:07,SR311C6700,白糖2311购6700,311.0,0.0,0.0,0.0,40,315.5,319.0,10,311.0,304.5,0.0,0.0,0.0,0.0,373
2023-05-09 21:51:10,SR311C6700,白糖2311购6700,311.0,0.0,0.0,0.0,40,315.5,320.0,60,311.0,304.5,0.0,0.0,0.0,0.0,373
2023-05-09 21:51:10,SR311C6700,白糖2311购6700,311.0,0.0,0.0,0.0,40,315.5,320.0,50,311.0,304.5,0.0,0.0,0.0,0.0,373
2023-05-09 21:51:17,SR311C6700,白糖2311购6700,311.0,0.0,0.0,0.0,10,316.0,320.0,40,311.0,304.5,0.0,0.0,0.0,0.0,373
2023-05-09 21:51:18,SR311C6700,白糖2311购6700,311.0,0.0,0.0,0.0,10,317.0,320.0,10,311.0,304.5,0.0,0.0,0.0,0.0,373
2023-05-09 21:51:19,SR311C6700,白糖2311购6700,311.0,0.0,0.0,0.0,20,317.0,321.0,40,311.0,304.5,0.0,0.0,0.0,0.0,373
2023-05-09 21:51:19,SR311C6700,白糖2311购6700,311.0,0.0,0.0,0.0,20,317.0,321.0,30,311.0,304.5,0.0,0.0,0.0,0.0,373
2023-05-09 21:51:21,SR311C6700,白糖2311购6700,311.0,0.0,0.0,0.0,20,317.0,321.0,20,311.0,304.5,0.0,0.0,0.0,0.0,373
2023-05-09 21:51:22,SR311C6700,白糖2311购6700,311.0,0.0,0.0,0.0,20,317.0,321.0,30,311.0,304.5,0.0,0.0,0.0,0.0,373
2023-05-09 21:51:23,SR311C6700,白糖2311购6700,311.0,0.0,0.0,0.0,10,317.0,321.0,40,311.0,304.5,0.0,0.0,0.0,0.0,373
2023-05-09 21:51:24,SR311C6700,白糖2311购6700,311.0,0.0,0.0,0.0,45,316.5,321.0,40,311.0,304.5,0.0,0.0,0.0,0.0,373
2023-05-09 21:51:30,SR311C6700,白糖2311购6700,311.0,0.0,0.0,0.0,35,316.5,320.0,20,311.0,304.5,0.0,0.0,0.0,0.0,373
2023-05-09 21:51:40,SR311C6700,白糖2311购6700,311.0,0.0,0.0,0.0,35,316.5,320.0,10,311.0,304.5,0.0,0.0,0.0,0.0,373
2023-05-09 21:51:41,SR311C6700,白糖2311购6700,311.0,0.0,0.0,0.0,45,316.5,320.0,10,311.0,304.5,0.0,0.0,0.0,0.0,373
2023-05-09 21:51:42,SR311C6700,白糖2311购6700,311.0,0.0,0.0,0.0,45,316.5,321.0,40,311.0,304.5,0.0,0.0,0.0,0.0,373
2023-05-09 21:51:42,SR311C6700,白糖2311购6700,311.0,0.0,0.0,0.0,45,316.5,321.0,30,311.0,304.5,0.0,0.0,0.0,0.0,373
2023-05-09 21:51:55,SR311C6700,白糖2311购6700,311.0,0.0,0.0,0.0,35,316.5,320.5,10,311.0,304.5,0.0,0.0,0.0,0.0,373
2023-05-09 21:52:08,SR311C6700,白糖2311购6700,311.0,0.0,0.0,0.0,30,315.5,319.0,10,311.0,304.5,0.0,0.0,0.0,0.0,373
2023-05-09 21:52:09,SR311C6700,白糖2311购6700,311.0,0.0,0.0,0.0,10,315.5,318.5,10,311.0,304.5,0.0,0.0,0.0,0.0,373
2023-05-09 21:52:09,SR311C6700,白糖2311购6700,311.0,0.0,0.0,0.0,5,315.0,318.5,10,311.0,304.5,0.0,0.0,0.0,0.0,373
2023-05-09 21:52:10,SR311C6700,白糖2311购6700,311.0,0.0,0.0,0.0,5,315.0,318.5,20,311.0,304.5,0.0,0.0,0.0,0.0,373
2023-05-09 21:52:12,SR311C6700,白糖2311购6700,311.0,0.0,0.0,0.0,5,315.0,318.5,30,311.0,304.5,0.0,0.0,0.0,0.0,373
2023-05-09 21:52:15,SR311C6700,白糖2311购6700,311.0,0.0,0.0,0.0,5,315.0,317.5,30,311.0,304.5,0.0,0.0,0.0,0.0,373
2023-05-09 21:52:16,SR311C6700,白糖2311购6700,311.0,0.0,0.0,0.0,5,315.0,317.5,20,311.0,304.5,0.0,0.0,0.0,0.0,373
2023-05-09 21:52:19,SR311C6700,白糖2311购6700,311.0,0.0,0.0,0.0,20,313.5,317.5,20,311.0,304.5,0.0,0.0,0.0,0.0,373
2023-05-09 21:52:19,SR311C6700,白糖2311购6700,311.0,0.0,0.0,0.0,20,313.5,317.5,30,311.0,304.5,0.0,0.0,0.0,0.0,373
2023-05-09 21:52:37,SR311C6700,白糖2311购6700,311.0,0.0,0.0,0.0,20,313.5,317.5,40,311.0,304.5,0.0,0.0,0.0,0.0,373
2023-05-09 21:52:43,SR311C6700,白糖2311购6700,311.0,0.0,0.0,0.0,20,313.5,317.5,30,311.0,304.5,0.0,0.0,0.0,0.0,373
2023-05-09 21:52:47,SR311C6700,白糖2311购6700,311.0,0.0,0.0,0.0,20,313.5,317.5,40,311.0,304.5,0.0,0.0,0.0,0.0,373
2023-05-09 21:52:47,SR311C6700,白糖2311购6700,311.0,0.0,0.0,0.0,20,313.5,317.5,30,311.0,304.5,0.0,0.0,0.0,0.0,373
2023-05-09 21:52:49,SR311C6700,白糖2311购6700,311.0,0.0,0.0,0.0,20,313.5,317.5,40,311.0,304.5,0.0,0.0,0.0,0.0,373
2023-05-09 21:52:51,SR311C6700,白糖2311购6700,311.0,0.0,0.0,0.0,20,313.5,317.5,30,311.0,304.5,0.0,0.0,0.0,0.0,373
2023-05-09 21:52:51,SR311C6700,白糖2311购6700,311.0,0.0,0.0,0.0,20,313.5,317.5,40,311.0,304.5,0.0,0.0,0.0,0.0,373
2023-05-09 21:52:52,SR311C6700,白糖2311购6700,311.0,0.0,0.0,0.0,20,313.5,317.5,30,311.0,304.5,0.0,0.0,0.0,0.0,373
2023-05-09 21:52:55,SR311C6700,白糖2311购6700,311.0,0.0,0.0,0.0,20,313.5,317.5,40,311.0,304.5,0.0,0.0,0.0,0.0,373
2023-05-09 21:52:56,SR311C6700,白糖2311购6700,311.0,0.0,0.0,0.0,30,313.5,317.5,40,311.0,304.5,0.0,0.0,0.0,0.0,373
2023-05-09 21:52:59,SR311C6700,白糖2311购6700,311.0,0.0,0.0,0.0,30,313.0,316.5,30,311.0,304.5,0.0,0.0,0.0,0.0,373
2023-05-09 21:53:07,SR311C6700,白糖2311购6700,311.0,0.0,0.0,0.0,20,313.0,316.5,30,311.0,304.5,0.0,0.0,0.0,0.0,373
2023-05-09 21:53:09,SR311C6700,白糖2311购6700,311.0,0.0,0.0,0.0,20,313.0,316.5,40,311.0,304.5,0.0,0.0,0.0,0.0,373
2023-05-09 21:53:09,SR311C6700,白糖2311购6700,311.0,0.0,0.0,0.0,20,313.0,316.5,30,311.0,304.5,0.0,0.0,0.0,0.0,373
2023-05-09 21:53:12,SR311C6700,白糖2311购6700,311.0,0.0,0.0,0.0,20,313.0,316.5,40,311.0,304.5,0.0,0.0,0.0,0.0,373
2023-05-09 21:53:12,SR311C6700,白糖2311购6700,311.0,0.0,0.0,0.0,20,313.0,316.5,30,311.0,304.5,0.0,0.0,0.0,0.0,373
2023-05-09 21:53:12,SR311C6700,白糖2311购6700,311.0,0.0,0.0,0.0,20,313.0,316.5,40,311.0,304.5,0.0,0.0,0.0,0.0,373
2023-05-09 21:53:19,SR311C6700,白糖2311购6700,311.0,0.0,0.0,0.0,20,313.0,316.5,30,311.0,304.5,0.0,0.0,0.0,0.0,373
2023-05-09 21:53:25,SR311C6700,白糖2311购6700,311.0,0.0,0.0,0.0,20,313.0,316.0,10,311.0,304.5,0.0,0.0,0.0,0.0,373
2023-05-09 21:53:32,SR311C6700,白糖2311购6700,311.0,0.0,0.0,0.0,20,313.0,316.5,30,311.0,304.5,0.0,0.0,0.0,0.0,373
2023-05-09 21:53:33,SR311C6700,白糖2311购6700,311.0,0.0,0.0,0.0,20,313.0,316.5,40,311.0,304.5,0.0,0.0,0.0,0.0,373
2023-05-09 21:53:36,SR311C6700,白糖2311购6700,311.0,0.0,0.0,0.0,20,313.0,316.5,30,311.0,304.5,0.0,0.0,0.0,0.0,373
2023-05-09 21:53:36,SR311C6700,白糖2311购6700,311.0,0.0,0.0,0.0,20,313.0,316.5,20,311.0,304.5,0.0,0.0,0.0,0.0,373
2023-05-09 21:53:45,SR311C6700,白糖2311购6700,311.0,0.0,0.0,0.0,30,313.0,316.5,20,311.0,304.5,0.0,0.0,0.0,0.0,373
2023-05-09 21:53:46,SR311C6700,白糖2311购6700,311.0,0.0,0.0,0.0,20,313.0,316.5,10,311.0,304.5,0.0,0.0,0.0,0.0,373
2023-05-09 21:53:52,SR311C6700,白糖2311购6700,311.0,0.0,0.0,0.0,30,313.0,317.5,60,311.0,304.5,0.0,0.0,0.0,0.0,373
2023-05-09 21:53:52,SR311C6700,白糖2311购6700,311.0,0.0,0.0,0.0,10,314.0,317.5,20,311.0,304.5,0.0,0.0,0.0,0.0,373
2023-05-09 21:53:53,SR311C6700,白糖2311购6700,311.0,0.0,0.0,0.0,20,314.0,317.5,20,311.0,304.5,0.0,0.0,0.0,0.0,373
2023-05-09 21:54:09,SR311C6700,白糖2311购6700,311.0,0.0,0.0,0.0,55,314.0,318.5,30,311.0,304.5,0.0,0.0,0.0,0.0,373
2023-05-09 21:54:09,SR311C6700,白糖2311购6700,311.0,0.0,0.0,0.0,45,314.0,318.5,40,311.0,304.5,0.0,0.0,0.0,0.0,373
2023-05-09 21:54:10,SR311C6700,白糖2311购6700,311.0,0.0,0.0,0.0,10,315.0,318.5,30,311.0,304.5,0.0,0.0,0.0,0.0,373
