time,symbol_id,symbol_name,last,trade_volume,trade_amount,open_interest_change,bv1,bp1,ap1,av1,yesterday_close,today_open,today_high,today_low,volume,amount,open_interest
2023-05-09 19:10:58,SR311P6200,白糖2311沽6200,55.0,0.0,0.0,-13.0,0,0.0,0.0,0,55.0,54.5,0.0,0.0,0.0,0.0,358
2023-05-09 20:59:00,SR311P6200,白糖2311沽6200,55.0,0.0,0.0,0.0,19,16.0,0.0,0,55.0,54.5,0.0,0.0,0.0,0.0,358
2023-05-09 21:00:01,SR311P6200,白糖2311沽6200,55.0,0.0,0.0,0.0,11,44.5,0.0,0,55.0,54.5,0.0,0.0,0.0,0.0,358
2023-05-09 21:00:03,SR311P6200,白糖2311沽6200,55.0,0.0,0.0,0.0,11,44.5,190.5,11,55.0,54.5,0.0,0.0,0.0,0.0,358
2023-05-09 21:00:04,SR311P6200,白糖2311沽6200,55.0,0.0,0.0,0.0,11,44.5,190.0,10,55.0,54.5,0.0,0.0,0.0,0.0,358
2023-05-09 21:00:05,SR311P6200,白糖2311沽6200,55.0,0.0,0.0,0.0,11,44.5,155.5,11,55.0,54.5,0.0,0.0,0.0,0.0,358
2023-05-09 21:00:06,SR311P6200,白糖2311沽6200,55.0,0.0,0.0,0.0,11,44.5,155.0,10,55.0,54.5,0.0,0.0,0.0,0.0,358
2023-05-09 21:00:07,SR311P6200,白糖2311沽6200,55.0,0.0,0.0,0.0,11,44.5,120.5,11,55.0,54.5,0.0,0.0,0.0,0.0,358
2023-05-09 21:00:08,SR311P6200,白糖2311沽6200,55.0,0.0,0.0,0.0,11,44.5,120.0,10,55.0,54.5,0.0,0.0,0.0,0.0,358
2023-05-09 21:00:09,SR311P6200,白糖2311沽6200,55.0,0.0,0.0,0.0,11,44.5,85.5,11,55.0,54.5,0.0,0.0,0.0,0.0,358
2023-05-09 21:00:09,SR311P6200,白糖2311沽6200,55.0,0.0,0.0,0.0,11,44.5,85.0,10,55.0,54.5,0.0,0.0,0.0,0.0,358
2023-05-09 21:00:10,SR311P6200,白糖2311沽6200,55.0,0.0,0.0,0.0,11,44.5,62.5,11,55.0,54.5,0.0,0.0,0.0,0.0,358
2023-05-09 21:01:11,SR311P6200,白糖2311沽6200,55.0,0.0,0.0,0.0,7,52.0,56.5,7,55.0,54.5,0.0,0.0,0.0,0.0,358
2023-05-09 21:01:12,SR311P6200,白糖2311沽6200,55.0,0.0,0.0,0.0,7,52.5,56.5,7,55.0,54.5,0.0,0.0,0.0,0.0,358
2023-05-09 21:01:28,SR311P6200,白糖2311沽6200,55.0,0.0,0.0,0.0,7,53.0,56.5,7,55.0,54.5,0.0,0.0,0.0,0.0,358
2023-05-09 21:01:32,SR311P6200,白糖2311沽6200,55.0,0.0,0.0,0.0,7,53.0,56.0,7,55.0,54.5,0.0,0.0,0.0,0.0,358
2023-05-09 21:02:19,SR311P6200,白糖2311沽6200,55.0,0.0,0.0,0.0,7,53.5,56.0,7,55.0,54.5,0.0,0.0,0.0,0.0,358
2023-05-09 21:02:33,SR311P6200,白糖2311沽6200,55.0,0.0,0.0,0.0,7,53.5,56.5,17,55.0,54.5,0.0,0.0,0.0,0.0,358
2023-05-09 21:02:34,SR311P6200,白糖2311沽6200,55.0,0.0,0.0,0.0,7,53.5,56.5,7,55.0,54.5,0.0,0.0,0.0,0.0,358
2023-05-09 21:02:35,SR311P6200,白糖2311沽6200,55.0,0.0,0.0,0.0,7,54.0,56.5,7,55.0,54.5,0.0,0.0,0.0,0.0,358
2023-05-09 21:02:58,SR311P6200,白糖2311沽6200,55.0,0.0,0.0,0.0,7,54.0,56.5,17,55.0,54.5,0.0,0.0,0.0,0.0,358
2023-05-09 21:03:00,SR311P6200,白糖2311沽6200,55.0,0.0,0.0,0.0,7,54.0,56.5,27,55.0,54.5,0.0,0.0,0.0,0.0,358
2023-05-09 21:04:18,SR311P6200,白糖2311沽6200,55.0,0.0,0.0,0.0,7,54.0,56.5,17,55.0,54.5,0.0,0.0,0.0,0.0,358
2023-05-09 21:04:22,SR311P6200,白糖2311沽6200,55.0,0.0,0.0,0.0,7,54.0,56.5,27,55.0,54.5,0.0,0.0,0.0,0.0,358
2023-05-09 21:04:25,SR311P6200,白糖2311沽6200,55.0,0.0,0.0,0.0,17,54.0,56.5,27,55.0,54.5,0.0,0.0,0.0,0.0,358
2023-05-09 21:04:26,SR311P6200,白糖2311沽6200,55.0,0.0,0.0,0.0,27,54.0,56.5,27,55.0,54.5,0.0,0.0,0.0,0.0,358
2023-05-09 21:04:27,SR311P6200,白糖2311沽6200,55.0,0.0,0.0,0.0,7,54.0,56.5,27,55.0,54.5,0.0,0.0,0.0,0.0,358
2023-05-09 21:04:56,SR311P6200,白糖2311沽6200,55.0,0.0,0.0,0.0,10,54.5,56.0,20,55.0,54.5,0.0,0.0,0.0,0.0,358
2023-05-09 21:04:58,SR311P6200,白糖2311沽6200,55.0,0.0,0.0,0.0,10,55.0,56.0,30,55.0,54.5,0.0,0.0,0.0,0.0,358
2023-05-09 21:04:58,SR311P6200,白糖2311沽6200,55.0,0.0,0.0,0.0,10,54.5,56.0,30,55.0,54.5,0.0,0.0,0.0,0.0,358
2023-05-09 21:05:02,SR311P6200,白糖2311沽6200,55.0,0.0,0.0,0.0,10,55.0,56.0,30,55.0,54.5,0.0,0.0,0.0,0.0,358
2023-05-09 21:05:22,SR311P6200,白糖2311沽6200,55.0,0.0,0.0,0.0,10,54.5,56.0,30,55.0,54.5,0.0,0.0,0.0,0.0,358
2023-05-09 21:05:28,SR311P6200,白糖2311沽6200,55.0,0.0,0.0,0.0,27,54.0,56.0,30,55.0,54.5,0.0,0.0,0.0,0.0,358
2023-05-09 21:05:28,SR311P6200,白糖2311沽6200,55.0,0.0,0.0,0.0,10,54.5,56.0,30,55.0,54.5,0.0,0.0,0.0,0.0,358
2023-05-09 21:05:29,SR311P6200,白糖2311沽6200,55.0,0.0,0.0,0.0,17,54.0,56.0,30,55.0,54.5,0.0,0.0,0.0,0.0,358
2023-05-09 21:05:30,SR311P6200,白糖2311沽6200,55.0,0.0,0.0,0.0,27,54.0,56.0,30,55.0,54.5,0.0,0.0,0.0,0.0,358
2023-05-09 21:05:30,SR311P6200,白糖2311沽6200,55.0,0.0,0.0,0.0,10,54.5,56.0,30,55.0,54.5,0.0,0.0,0.0,0.0,358
2023-05-09 21:05:31,SR311P6200,白糖2311沽6200,55.0,0.0,0.0,0.0,27,54.0,55.5,10,55.0,54.5,0.0,0.0,0.0,0.0,358
2023-05-09 21:05:31,SR311P6200,白糖2311沽6200,55.0,0.0,0.0,0.0,17,54.0,55.5,20,55.0,54.5,0.0,0.0,0.0,0.0,358
2023-05-09 21:05:33,SR311P6200,白糖2311沽6200,55.0,0.0,0.0,0.0,17,54.0,55.5,30,55.0,54.5,0.0,0.0,0.0,0.0,358
2023-05-09 21:05:35,SR311P6200,白糖2311沽6200,55.0,0.0,0.0,0.0,10,54.5,55.5,20,55.0,54.5,0.0,0.0,0.0,0.0,358
2023-05-09 21:05:36,SR311P6200,白糖2311沽6200,55.0,0.0,0.0,0.0,17,54.0,55.5,30,55.0,54.5,0.0,0.0,0.0,0.0,358
2023-05-09 21:05:41,SR311P6200,白糖2311沽6200,55.0,0.0,0.0,0.0,17,54.0,55.5,20,55.0,54.5,0.0,0.0,0.0,0.0,358
2023-05-09 21:05:54,SR311P6200,白糖2311沽6200,55.0,0.0,0.0,0.0,17,54.0,55.5,30,55.0,54.5,0.0,0.0,0.0,0.0,358
2023-05-09 21:05:59,SR311P6200,白糖2311沽6200,55.0,0.0,0.0,0.0,17,54.0,55.5,20,55.0,54.5,0.0,0.0,0.0,0.0,358
2023-05-09 21:06:06,SR311P6200,白糖2311沽6200,55.0,0.0,0.0,0.0,17,54.0,55.5,30,55.0,54.5,0.0,0.0,0.0,0.0,358
2023-05-09 21:06:09,SR311P6200,白糖2311沽6200,55.0,0.0,0.0,0.0,17,54.0,55.5,20,55.0,54.5,0.0,0.0,0.0,0.0,358
2023-05-09 21:06:20,SR311P6200,白糖2311沽6200,55.0,0.0,0.0,0.0,7,54.5,55.5,20,55.0,54.5,0.0,0.0,0.0,0.0,358
2023-05-09 21:06:23,SR311P6200,白糖2311沽6200,55.0,0.0,0.0,0.0,7,54.5,55.5,10,55.0,54.5,0.0,0.0,0.0,0.0,358
2023-05-09 21:06:23,SR311P6200,白糖2311沽6200,55.0,0.0,0.0,0.0,7,54.5,56.0,30,55.0,54.5,0.0,0.0,0.0,0.0,358
2023-05-09 21:06:29,SR311P6200,白糖2311沽6200,55.0,0.0,0.0,0.0,17,54.5,56.0,30,55.0,54.5,0.0,0.0,0.0,0.0,358
2023-05-09 21:06:30,SR311P6200,白糖2311沽6200,55.0,0.0,0.0,0.0,7,54.5,56.0,30,55.0,54.5,0.0,0.0,0.0,0.0,358
2023-05-09 21:06:30,SR311P6200,白糖2311沽6200,55.0,0.0,0.0,0.0,17,54.5,56.0,30,55.0,54.5,0.0,0.0,0.0,0.0,358
2023-05-09 21:06:31,SR311P6200,白糖2311沽6200,55.0,0.0,0.0,0.0,7,54.5,56.0,30,55.0,54.5,0.0,0.0,0.0,0.0,358
2023-05-09 21:06:32,SR311P6200,白糖2311沽6200,55.0,0.0,0.0,0.0,17,54.5,56.0,20,55.0,54.5,0.0,0.0,0.0,0.0,358
2023-05-09 21:06:33,SR311P6200,白糖2311沽6200,55.0,0.0,0.0,0.0,7,54.5,56.0,30,55.0,54.5,0.0,0.0,0.0,0.0,358
2023-05-09 21:06:34,SR311P6200,白糖2311沽6200,55.0,0.0,0.0,0.0,17,54.5,56.0,20,55.0,54.5,0.0,0.0,0.0,0.0,358
2023-05-09 21:06:54,SR311P6200,白糖2311沽6200,55.0,0.0,0.0,0.0,17,54.5,56.0,30,55.0,54.5,0.0,0.0,0.0,0.0,358
2023-05-09 21:06:55,SR311P6200,白糖2311沽6200,55.0,0.0,0.0,0.0,17,54.5,56.0,20,55.0,54.5,0.0,0.0,0.0,0.0,358
2023-05-09 21:06:59,SR311P6200,白糖2311沽6200,55.0,0.0,0.0,0.0,17,54.5,56.0,30,55.0,54.5,0.0,0.0,0.0,0.0,358
2023-05-09 21:06:59,SR311P6200,白糖2311沽6200,55.0,0.0,0.0,0.0,17,54.5,56.0,20,55.0,54.5,0.0,0.0,0.0,0.0,358
2023-05-09 21:07:06,SR311P6200,白糖2311沽6200,55.0,0.0,0.0,0.0,17,54.5,56.0,30,55.0,54.5,0.0,0.0,0.0,0.0,358
2023-05-09 21:07:09,SR311P6200,白糖2311沽6200,55.0,0.0,0.0,0.0,17,54.5,56.0,20,55.0,54.5,0.0,0.0,0.0,0.0,358
2023-05-09 21:07:14,SR311P6200,白糖2311沽6200,55.0,0.0,0.0,0.0,10,55.0,56.0,20,55.0,54.5,0.0,0.0,0.0,0.0,358
2023-05-09 21:07:16,SR311P6200,白糖2311沽6200,55.0,0.0,0.0,0.0,10,55.0,56.0,10,55.0,54.5,0.0,0.0,0.0,0.0,358
2023-05-09 21:07:16,SR311P6200,白糖2311沽6200,55.0,0.0,0.0,0.0,10,55.0,56.5,40,55.0,54.5,0.0,0.0,0.0,0.0,358
2023-05-09 21:07:18,SR311P6200,白糖2311沽6200,55.0,0.0,0.0,0.0,17,55.0,56.5,40,55.0,54.5,0.0,0.0,0.0,0.0,358
2023-05-09 21:07:22,SR311P6200,白糖2311沽6200,55.0,0.0,0.0,0.0,7,55.0,56.5,40,55.0,54.5,0.0,0.0,0.0,0.0,358
2023-05-09 21:07:24,SR311P6200,白糖2311沽6200,55.0,0.0,0.0,0.0,17,55.0,56.5,20,55.0,54.5,0.0,0.0,0.0,0.0,358
2023-05-09 21:07:24,SR311P6200,白糖2311沽6200,55.0,0.0,0.0,0.0,7,55.0,56.5,20,55.0,54.5,0.0,0.0,0.0,0.0,358
2023-05-09 21:07:25,SR311P6200,白糖2311沽6200,55.0,0.0,0.0,0.0,17,55.0,56.5,20,55.0,54.5,0.0,0.0,0.0,0.0,358
2023-05-09 21:07:26,SR311P6200,白糖2311沽6200,55.0,0.0,0.0,0.0,7,55.0,56.5,30,55.0,54.5,0.0,0.0,0.0,0.0,358
2023-05-09 21:07:27,SR311P6200,白糖2311沽6200,55.0,0.0,0.0,0.0,17,55.0,56.5,20,55.0,54.5,0.0,0.0,0.0,0.0,358
2023-05-09 21:07:32,SR311P6200,白糖2311沽6200,55.0,0.0,0.0,0.0,17,55.0,56.5,30,55.0,54.5,0.0,0.0,0.0,0.0,358
2023-05-09 21:07:39,SR311P6200,白糖2311沽6200,55.0,0.0,0.0,0.0,17,55.0,56.5,20,55.0,54.5,0.0,0.0,0.0,0.0,358
2023-05-09 21:07:41,SR311P6200,白糖2311沽6200,55.0,0.0,0.0,0.0,17,55.0,56.5,30,55.0,54.5,0.0,0.0,0.0,0.0,358
2023-05-09 21:07:52,SR311P6200,白糖2311沽6200,55.0,0.0,0.0,0.0,7,55.0,56.5,30,55.0,54.5,0.0,0.0,0.0,0.0,358
2023-05-09 21:08:02,SR311P6200,白糖2311沽6200,55.0,0.0,0.0,0.0,7,55.0,56.5,20,55.0,54.5,0.0,0.0,0.0,0.0,358
2023-05-09 21:08:03,SR311P6200,白糖2311沽6200,55.0,0.0,0.0,0.0,7,55.0,56.0,10,55.0,54.5,0.0,0.0,0.0,0.0,358
2023-05-09 21:08:03,SR311P6200,白糖2311沽6200,55.0,0.0,0.0,0.0,7,55.0,56.0,30,55.0,54.5,0.0,0.0,0.0,0.0,358
2023-05-09 21:08:58,SR311P6200,白糖2311沽6200,55.0,0.0,0.0,0.0,7,55.0,56.0,20,55.0,54.5,0.0,0.0,0.0,0.0,358
2023-05-09 21:08:58,SR311P6200,白糖2311沽6200,55.0,0.0,0.0,0.0,7,55.0,56.0,30,55.0,54.5,0.0,0.0,0.0,0.0,358
2023-05-09 21:08:59,SR311P6200,白糖2311沽6200,55.0,0.0,0.0,0.0,7,55.0,56.0,20,55.0,54.5,0.0,0.0,0.0,0.0,358
2023-05-09 21:08:59,SR311P6200,白糖2311沽6200,55.0,0.0,0.0,0.0,7,55.0,56.0,30,55.0,54.5,0.0,0.0,0.0,0.0,358
2023-05-09 21:09:02,SR311P6200,白糖2311沽6200,55.0,0.0,0.0,0.0,7,55.0,56.0,20,55.0,54.5,0.0,0.0,0.0,0.0,358
2023-05-09 21:09:03,SR311P6200,白糖2311沽6200,55.0,0.0,0.0,0.0,7,55.0,56.0,30,55.0,54.5,0.0,0.0,0.0,0.0,358
2023-05-09 21:09:05,SR311P6200,白糖2311沽6200,55.0,0.0,0.0,0.0,7,55.0,56.0,20,55.0,54.5,0.0,0.0,0.0,0.0,358
2023-05-09 21:09:08,SR311P6200,白糖2311沽6200,55.0,0.0,0.0,0.0,7,55.0,56.5,40,55.0,54.5,0.0,0.0,0.0,0.0,358
2023-05-09 21:09:08,SR311P6200,白糖2311沽6200,55.0,0.0,0.0,0.0,17,55.0,56.5,20,55.0,54.5,0.0,0.0,0.0,0.0,358
2023-05-09 21:09:09,SR311P6200,白糖2311沽6200,55.0,0.0,0.0,0.0,27,55.0,56.5,20,55.0,54.5,0.0,0.0,0.0,0.0,358
2023-05-09 21:09:10,SR311P6200,白糖2311沽6200,55.0,0.0,0.0,0.0,37,55.0,56.5,30,55.0,54.5,0.0,0.0,0.0,0.0,358
2023-05-09 21:09:10,SR311P6200,白糖2311沽6200,55.0,0.0,0.0,0.0,27,55.0,56.5,30,55.0,54.5,0.0,0.0,0.0,0.0,358
2023-05-09 21:09:11,SR311P6200,白糖2311沽6200,55.0,0.0,0.0,0.0,37,55.0,56.5,30,55.0,54.5,0.0,0.0,0.0,0.0,358
2023-05-09 21:09:12,SR311P6200,白糖2311沽6200,55.0,0.0,0.0,0.0,27,55.0,56.5,30,55.0,54.5,0.0,0.0,0.0,0.0,358
2023-05-09 21:09:15,SR311P6200,白糖2311沽6200,55.0,0.0,0.0,0.0,17,55.0,56.5,40,55.0,54.5,0.0,0.0,0.0,0.0,358
2023-05-09 21:09:23,SR311P6200,白糖2311沽6200,55.0,0.0,0.0,0.0,27,55.0,56.5,40,55.0,54.5,0.0,0.0,0.0,0.0,358
2023-05-09 21:09:45,SR311P6200,白糖2311沽6200,55.0,0.0,0.0,0.0,17,55.0,56.5,40,55.0,54.5,0.0,0.0,0.0,0.0,358
2023-05-09 21:09:46,SR311P6200,白糖2311沽6200,55.0,0.0,0.0,0.0,27,55.0,56.5,40,55.0,54.5,0.0,0.0,0.0,0.0,358
2023-05-09 21:09:46,SR311P6200,白糖2311沽6200,55.0,0.0,0.0,0.0,17,55.0,56.5,40,55.0,54.5,0.0,0.0,0.0,0.0,358
2023-05-09 21:09:51,SR311P6200,白糖2311沽6200,55.0,0.0,0.0,0.0,27,55.0,56.5,40,55.0,54.5,0.0,0.0,0.0,0.0,358
2023-05-09 21:09:54,SR311P6200,白糖2311沽6200,55.0,0.0,0.0,0.0,17,55.0,56.5,40,55.0,54.5,0.0,0.0,0.0,0.0,358
2023-05-09 21:09:54,SR311P6200,白糖2311沽6200,55.0,0.0,0.0,0.0,27,55.0,56.5,40,55.0,54.5,0.0,0.0,0.0,0.0,358
2023-05-09 21:10:00,SR311P6200,白糖2311沽6200,55.0,0.0,0.0,0.0,17,55.0,56.5,40,55.0,54.5,0.0,0.0,0.0,0.0,358
2023-05-09 21:10:03,SR311P6200,白糖2311沽6200,55.0,0.0,0.0,0.0,27,55.0,56.5,40,55.0,54.5,0.0,0.0,0.0,0.0,358
2023-05-09 21:10:07,SR311P6200,白糖2311沽6200,55.0,0.0,0.0,0.0,17,55.0,56.5,40,55.0,54.5,0.0,0.0,0.0,0.0,358
2023-05-09 21:10:10,SR311P6200,白糖2311沽6200,55.0,0.0,0.0,0.0,27,55.0,56.5,40,55.0,54.5,0.0,0.0,0.0,0.0,358
2023-05-09 21:10:13,SR311P6200,白糖2311沽6200,55.0,0.0,0.0,0.0,37,55.0,56.5,30,55.0,54.5,0.0,0.0,0.0,0.0,358
2023-05-09 21:10:15,SR311P6200,白糖2311沽6200,55.0,0.0,0.0,0.0,47,55.0,56.5,30,55.0,54.5,0.0,0.0,0.0,0.0,358
2023-05-09 21:10:21,SR311P6200,白糖2311沽6200,55.0,0.0,0.0,0.0,37,55.0,56.5,30,55.0,54.5,0.0,0.0,0.0,0.0,358
2023-05-09 21:10:57,SR311P6200,白糖2311沽6200,55.0,0.0,0.0,0.0,27,55.0,56.5,30,55.0,54.5,0.0,0.0,0.0,0.0,358
2023-05-09 21:10:57,SR311P6200,白糖2311沽6200,55.0,0.0,0.0,0.0,17,55.0,56.5,40,55.0,54.5,0.0,0.0,0.0,0.0,358
2023-05-09 21:11:01,SR311P6200,白糖2311沽6200,55.0,0.0,0.0,0.0,37,55.0,56.5,40,55.0,54.5,0.0,0.0,0.0,0.0,358
2023-05-09 21:11:02,SR311P6200,白糖2311沽6200,55.0,0.0,0.0,0.0,27,55.0,56.5,30,55.0,54.5,0.0,0.0,0.0,0.0,358
2023-05-09 21:11:02,SR311P6200,白糖2311沽6200,55.0,0.0,0.0,0.0,37,55.0,56.5,20,55.0,54.5,0.0,0.0,0.0,0.0,358
2023-05-09 21:11:03,SR311P6200,白糖2311沽6200,55.0,0.0,0.0,0.0,27,55.0,56.5,30,55.0,54.5,0.0,0.0,0.0,0.0,358
2023-05-09 21:11:04,SR311P6200,白糖2311沽6200,55.0,0.0,0.0,0.0,27,55.0,56.5,40,55.0,54.5,0.0,0.0,0.0,0.0,358
2023-05-09 21:11:30,SR311P6200,白糖2311沽6200,55.0,0.0,0.0,0.0,27,55.0,56.5,30,55.0,54.5,0.0,0.0,0.0,0.0,358
2023-05-09 21:11:34,SR311P6200,白糖2311沽6200,55.0,0.0,0.0,0.0,27,55.0,56.5,40,55.0,54.5,0.0,0.0,0.0,0.0,358
2023-05-09 21:11:38,SR311P6200,白糖2311沽6200,55.0,0.0,0.0,0.0,37,55.0,56.5,30,55.0,54.5,0.0,0.0,0.0,0.0,358
2023-05-09 21:11:41,SR311P6200,白糖2311沽6200,55.0,0.0,0.0,0.0,27,55.0,56.5,30,55.0,54.5,0.0,0.0,0.0,0.0,358
2023-05-09 21:11:42,SR311P6200,白糖2311沽6200,55.0,0.0,0.0,0.0,37,55.0,56.5,20,55.0,54.5,0.0,0.0,0.0,0.0,358
2023-05-09 21:11:46,SR311P6200,白糖2311沽6200,55.0,0.0,0.0,0.0,37,55.0,56.5,30,55.0,54.5,0.0,0.0,0.0,0.0,358
2023-05-09 21:11:48,SR311P6200,白糖2311沽6200,55.0,0.0,0.0,0.0,27,55.0,56.5,40,55.0,54.5,0.0,0.0,0.0,0.0,358
2023-05-09 21:12:02,SR311P6200,白糖2311沽6200,55.0,0.0,0.0,0.0,17,55.0,56.5,40,55.0,54.5,0.0,0.0,0.0,0.0,358
2023-05-09 21:12:02,SR311P6200,白糖2311沽6200,55.0,0.0,0.0,0.0,17,55.0,56.5,50,55.0,54.5,0.0,0.0,0.0,0.0,358
2023-05-09 21:12:04,SR311P6200,白糖2311沽6200,55.0,0.0,0.0,0.0,17,55.0,56.5,40,55.0,54.5,0.0,0.0,0.0,0.0,358
2023-05-09 21:12:05,SR311P6200,白糖2311沽6200,55.0,0.0,0.0,0.0,27,55.0,56.5,40,55.0,54.5,0.0,0.0,0.0,0.0,358
2023-05-09 21:12:11,SR311P6200,白糖2311沽6200,55.0,0.0,0.0,0.0,17,55.0,56.5,40,55.0,54.5,0.0,0.0,0.0,0.0,358
2023-05-09 21:12:13,SR311P6200,白糖2311沽6200,55.0,0.0,0.0,0.0,17,55.0,56.5,50,55.0,54.5,0.0,0.0,0.0,0.0,358
2023-05-09 21:12:21,SR311P6200,白糖2311沽6200,55.0,0.0,0.0,0.0,27,55.0,56.5,50,55.0,54.5,0.0,0.0,0.0,0.0,358
2023-05-09 21:12:22,SR311P6200,白糖2311沽6200,55.0,0.0,0.0,0.0,17,55.0,56.5,50,55.0,54.5,0.0,0.0,0.0,0.0,358
2023-05-09 21:12:25,SR311P6200,白糖2311沽6200,55.0,0.0,0.0,0.0,17,55.0,56.5,40,55.0,54.5,0.0,0.0,0.0,0.0,358
2023-05-09 21:12:25,SR311P6200,白糖2311沽6200,55.0,0.0,0.0,0.0,17,55.0,56.5,50,55.0,54.5,0.0,0.0,0.0,0.0,358
2023-05-09 21:12:27,SR311P6200,白糖2311沽6200,55.0,0.0,0.0,0.0,17,55.0,56.5,40,55.0,54.5,0.0,0.0,0.0,0.0,358
2023-05-09 21:12:28,SR311P6200,白糖2311沽6200,55.0,0.0,0.0,0.0,27,55.0,56.5,40,55.0,54.5,0.0,0.0,0.0,0.0,358
2023-05-09 21:12:30,SR311P6200,白糖2311沽6200,55.0,0.0,0.0,0.0,17,55.0,56.5,50,55.0,54.5,0.0,0.0,0.0,0.0,358
2023-05-09 21:12:34,SR311P6200,白糖2311沽6200,55.0,0.0,0.0,0.0,17,55.0,56.5,60,55.0,54.5,0.0,0.0,0.0,0.0,358
2023-05-09 21:12:45,SR311P6200,白糖2311沽6200,55.0,0.0,0.0,0.0,10,55.0,56.5,60,55.0,54.5,0.0,0.0,0.0,0.0,358
2023-05-09 21:12:48,SR311P6200,白糖2311沽6200,55.0,0.0,0.0,0.0,10,55.0,56.5,50,55.0,54.5,0.0,0.0,0.0,0.0,358
2023-05-09 21:12:50,SR311P6200,白糖2311沽6200,55.0,0.0,0.0,0.0,10,55.0,56.5,70,55.0,54.5,0.0,0.0,0.0,0.0,358
2023-05-09 21:12:51,SR311P6200,白糖2311沽6200,55.0,0.0,0.0,0.0,10,55.0,56.0,30,55.0,54.5,0.0,0.0,0.0,0.0,358
2023-05-09 21:12:52,SR311P6200,白糖2311沽6200,55.0,0.0,0.0,0.0,17,54.5,56.0,20,55.0,54.5,0.0,0.0,0.0,0.0,358
2023-05-09 21:12:56,SR311P6200,白糖2311沽6200,55.0,0.0,0.0,0.0,17,54.5,56.0,30,55.0,54.5,0.0,0.0,0.0,0.0,358
2023-05-09 21:12:56,SR311P6200,白糖2311沽6200,55.0,0.0,0.0,0.0,17,54.5,56.0,40,55.0,54.5,0.0,0.0,0.0,0.0,358
2023-05-09 21:12:57,SR311P6200,白糖2311沽6200,55.0,0.0,0.0,0.0,17,54.5,56.0,50,55.0,54.5,0.0,0.0,0.0,0.0,358
2023-05-09 21:12:58,SR311P6200,白糖2311沽6200,55.0,0.0,0.0,0.0,10,54.5,56.0,50,55.0,54.5,0.0,0.0,0.0,0.0,358
2023-05-09 21:13:00,SR311P6200,白糖2311沽6200,55.0,0.0,0.0,0.0,10,54.5,56.0,40,55.0,54.5,0.0,0.0,0.0,0.0,358
2023-05-09 21:13:02,SR311P6200,白糖2311沽6200,55.0,0.0,0.0,0.0,10,54.5,56.0,50,55.0,54.5,0.0,0.0,0.0,0.0,358
2023-05-09 21:13:04,SR311P6200,白糖2311沽6200,55.0,0.0,0.0,0.0,10,54.5,56.0,40,55.0,54.5,0.0,0.0,0.0,0.0,358
2023-05-09 21:13:05,SR311P6200,白糖2311沽6200,55.0,0.0,0.0,0.0,10,54.5,56.0,30,55.0,54.5,0.0,0.0,0.0,0.0,358
2023-05-09 21:13:07,SR311P6200,白糖2311沽6200,55.0,0.0,0.0,0.0,10,54.5,56.0,40,55.0,54.5,0.0,0.0,0.0,0.0,358
2023-05-09 21:13:08,SR311P6200,白糖2311沽6200,55.0,0.0,0.0,0.0,10,54.5,56.0,50,55.0,54.5,0.0,0.0,0.0,0.0,358
2023-05-09 21:13:11,SR311P6200,白糖2311沽6200,55.0,0.0,0.0,0.0,10,54.5,56.0,40,55.0,54.5,0.0,0.0,0.0,0.0,358
2023-05-09 21:13:12,SR311P6200,白糖2311沽6200,55.0,0.0,0.0,0.0,10,54.5,56.0,50,55.0,54.5,0.0,0.0,0.0,0.0,358
2023-05-09 21:13:13,SR311P6200,白糖2311沽6200,55.0,0.0,0.0,0.0,10,54.5,56.0,40,55.0,54.5,0.0,0.0,0.0,0.0,358
2023-05-09 21:13:14,SR311P6200,白糖2311沽6200,55.0,0.0,0.0,0.0,10,54.5,56.0,50,55.0,54.5,0.0,0.0,0.0,0.0,358
2023-05-09 21:13:17,SR311P6200,白糖2311沽6200,55.0,0.0,0.0,0.0,10,54.5,56.0,40,55.0,54.5,0.0,0.0,0.0,0.0,358
2023-05-09 21:13:17,SR311P6200,白糖2311沽6200,55.0,0.0,0.0,0.0,10,54.5,56.0,50,55.0,54.5,0.0,0.0,0.0,0.0,358
2023-05-09 21:13:19,SR311P6200,白糖2311沽6200,55.0,0.0,0.0,0.0,10,54.5,56.0,40,55.0,54.5,0.0,0.0,0.0,0.0,358
2023-05-09 21:13:19,SR311P6200,白糖2311沽6200,55.0,0.0,0.0,0.0,10,54.5,56.0,50,55.0,54.5,0.0,0.0,0.0,0.0,358
2023-05-09 21:13:19,SR311P6200,白糖2311沽6200,55.0,0.0,0.0,0.0,10,54.5,56.0,40,55.0,54.5,0.0,0.0,0.0,0.0,358
2023-05-09 21:13:21,SR311P6200,白糖2311沽6200,55.0,0.0,0.0,0.0,10,54.5,56.0,50,55.0,54.5,0.0,0.0,0.0,0.0,358
2023-05-09 21:13:22,SR311P6200,白糖2311沽6200,55.0,0.0,0.0,0.0,10,54.5,56.0,40,55.0,54.5,0.0,0.0,0.0,0.0,358
2023-05-09 21:13:24,SR311P6200,白糖2311沽6200,55.0,0.0,0.0,0.0,10,54.5,56.0,50,55.0,54.5,0.0,0.0,0.0,0.0,358
2023-05-09 21:13:24,SR311P6200,白糖2311沽6200,55.0,0.0,0.0,0.0,10,54.5,56.0,40,55.0,54.5,0.0,0.0,0.0,0.0,358
2023-05-09 21:13:25,SR311P6200,白糖2311沽6200,55.0,0.0,0.0,0.0,10,54.5,56.0,50,55.0,54.5,0.0,0.0,0.0,0.0,358
2023-05-09 21:13:26,SR311P6200,白糖2311沽6200,55.0,0.0,0.0,0.0,10,54.5,56.0,40,55.0,54.5,0.0,0.0,0.0,0.0,358
2023-05-09 21:13:28,SR311P6200,白糖2311沽6200,55.0,0.0,0.0,0.0,10,54.5,56.0,50,55.0,54.5,0.0,0.0,0.0,0.0,358
2023-05-09 21:13:29,SR311P6200,白糖2311沽6200,55.0,0.0,0.0,0.0,10,54.5,56.0,40,55.0,54.5,0.0,0.0,0.0,0.0,358
2023-05-09 21:13:29,SR311P6200,白糖2311沽6200,55.0,0.0,0.0,0.0,10,54.5,56.0,50,55.0,54.5,0.0,0.0,0.0,0.0,358
2023-05-09 21:13:33,SR311P6200,白糖2311沽6200,55.0,0.0,0.0,0.0,10,54.5,56.0,40,55.0,54.5,0.0,0.0,0.0,0.0,358
2023-05-09 21:13:41,SR311P6200,白糖2311沽6200,55.0,0.0,0.0,0.0,20,54.5,56.0,40,55.0,54.5,0.0,0.0,0.0,0.0,358
2023-05-09 21:13:42,SR311P6200,白糖2311沽6200,55.0,0.0,0.0,0.0,10,54.5,56.0,40,55.0,54.5,0.0,0.0,0.0,0.0,358
2023-05-09 21:13:53,SR311P6200,白糖2311沽6200,55.0,0.0,0.0,0.0,10,54.5,56.0,50,55.0,54.5,0.0,0.0,0.0,0.0,358
2023-05-09 21:14:05,SR311P6200,白糖2311沽6200,55.0,0.0,0.0,0.0,10,54.5,56.0,40,55.0,54.5,0.0,0.0,0.0,0.0,358
2023-05-09 21:14:06,SR311P6200,白糖2311沽6200,55.0,0.0,0.0,0.0,10,54.5,56.0,50,55.0,54.5,0.0,0.0,0.0,0.0,358
2023-05-09 21:14:09,SR311P6200,白糖2311沽6200,55.0,0.0,0.0,0.0,10,54.5,56.0,40,55.0,54.5,0.0,0.0,0.0,0.0,358
2023-05-09 21:14:23,SR311P6200,白糖2311沽6200,55.0,0.0,0.0,0.0,10,54.5,56.0,50,55.0,54.5,0.0,0.0,0.0,0.0,358
2023-05-09 21:14:23,SR311P6200,白糖2311沽6200,54.5,2.0,109.0,-2.0,7,54.0,55.5,20,55.0,54.5,54.5,54.5,2.0,109.0,356
2023-05-09 21:14:24,SR311P6200,白糖2311沽6200,54.5,0.0,0.0,0.0,7,54.0,55.5,30,55.0,54.5,54.5,54.5,2.0,109.0,356
2023-05-09 21:14:25,SR311P6200,白糖2311沽6200,54.5,0.0,0.0,0.0,7,54.0,55.5,40,55.0,54.5,54.5,54.5,2.0,109.0,356
2023-05-09 21:14:29,SR311P6200,白糖2311沽6200,54.5,0.0,0.0,0.0,17,54.0,55.5,40,55.0,54.5,54.5,54.5,2.0,109.0,356
2023-05-09 21:14:31,SR311P6200,白糖2311沽6200,54.5,0.0,0.0,0.0,17,54.0,55.5,50,55.0,54.5,54.5,54.5,2.0,109.0,356
2023-05-09 21:14:33,SR311P6200,白糖2311沽6200,54.5,0.0,0.0,0.0,17,54.0,55.5,40,55.0,54.5,54.5,54.5,2.0,109.0,356
2023-05-09 21:14:42,SR311P6200,白糖2311沽6200,54.5,0.0,0.0,0.0,27,54.0,55.5,40,55.0,54.5,54.5,54.5,2.0,109.0,356
2023-05-09 21:14:45,SR311P6200,白糖2311沽6200,54.5,0.0,0.0,0.0,17,54.0,55.5,40,55.0,54.5,54.5,54.5,2.0,109.0,356
2023-05-09 21:14:45,SR311P6200,白糖2311沽6200,54.5,0.0,0.0,0.0,27,54.0,55.5,40,55.0,54.5,54.5,54.5,2.0,109.0,356
2023-05-09 21:14:49,SR311P6200,白糖2311沽6200,54.5,0.0,0.0,0.0,57,54.0,55.5,20,55.0,54.5,54.5,54.5,2.0,109.0,356
2023-05-09 21:14:50,SR311P6200,白糖2311沽6200,54.5,0.0,0.0,0.0,47,54.0,55.5,20,55.0,54.5,54.5,54.5,2.0,109.0,356
2023-05-09 21:14:54,SR311P6200,白糖2311沽6200,54.5,0.0,0.0,0.0,37,54.0,55.5,30,55.0,54.5,54.5,54.5,2.0,109.0,356
2023-05-09 21:14:56,SR311P6200,白糖2311沽6200,54.5,0.0,0.0,0.0,27,54.0,55.5,30,55.0,54.5,54.5,54.5,2.0,109.0,356
2023-05-09 21:14:59,SR311P6200,白糖2311沽6200,54.5,0.0,0.0,0.0,37,54.0,55.5,30,55.0,54.5,54.5,54.5,2.0,109.0,356
2023-05-09 21:15:04,SR311P6200,白糖2311沽6200,54.5,0.0,0.0,0.0,27,54.0,55.5,30,55.0,54.5,54.5,54.5,2.0,109.0,356
2023-05-09 21:15:06,SR311P6200,白糖2311沽6200,54.5,0.0,0.0,0.0,37,54.0,55.5,30,55.0,54.5,54.5,54.5,2.0,109.0,356
2023-05-09 21:15:09,SR311P6200,白糖2311沽6200,54.5,0.0,0.0,0.0,27,54.0,55.5,30,55.0,54.5,54.5,54.5,2.0,109.0,356
2023-05-09 21:15:11,SR311P6200,白糖2311沽6200,54.5,0.0,0.0,0.0,37,54.0,55.5,30,55.0,54.5,54.5,54.5,2.0,109.0,356
2023-05-09 21:15:57,SR311P6200,白糖2311沽6200,54.5,0.0,0.0,0.0,37,54.0,55.5,40,55.0,54.5,54.5,54.5,2.0,109.0,356
2023-05-09 21:15:58,SR311P6200,白糖2311沽6200,54.5,0.0,0.0,0.0,37,54.0,55.5,30,55.0,54.5,54.5,54.5,2.0,109.0,356
2023-05-09 21:15:59,SR311P6200,白糖2311沽6200,54.5,0.0,0.0,0.0,37,54.0,55.5,40,55.0,54.5,54.5,54.5,2.0,109.0,356
2023-05-09 21:16:00,SR311P6200,白糖2311沽6200,54.5,0.0,0.0,0.0,37,54.0,55.5,30,55.0,54.5,54.5,54.5,2.0,109.0,356
2023-05-09 21:16:01,SR311P6200,白糖2311沽6200,54.5,0.0,0.0,0.0,47,54.0,55.5,20,55.0,54.5,54.5,54.5,2.0,109.0,356
2023-05-09 21:16:02,SR311P6200,白糖2311沽6200,54.5,0.0,0.0,0.0,47,54.0,55.5,30,55.0,54.5,54.5,54.5,2.0,109.0,356
2023-05-09 21:16:02,SR311P6200,白糖2311沽6200,54.5,0.0,0.0,0.0,47,54.0,55.5,40,55.0,54.5,54.5,54.5,2.0,109.0,356
2023-05-09 21:16:03,SR311P6200,白糖2311沽6200,54.5,0.0,0.0,0.0,10,54.5,55.5,40,55.0,54.5,54.5,54.5,2.0,109.0,356
2023-05-09 21:16:03,SR311P6200,白糖2311沽6200,54.5,0.0,0.0,0.0,10,54.5,55.5,30,55.0,54.5,54.5,54.5,2.0,109.0,356
2023-05-09 21:16:04,SR311P6200,白糖2311沽6200,54.5,0.0,0.0,0.0,10,54.5,55.5,20,55.0,54.5,54.5,54.5,2.0,109.0,356
2023-05-09 21:16:04,SR311P6200,白糖2311沽6200,54.5,0.0,0.0,0.0,10,54.5,55.5,30,55.0,54.5,54.5,54.5,2.0,109.0,356
2023-05-09 21:16:05,SR311P6200,白糖2311沽6200,54.5,0.0,0.0,0.0,10,54.5,55.5,20,55.0,54.5,54.5,54.5,2.0,109.0,356
2023-05-09 21:16:06,SR311P6200,白糖2311沽6200,54.5,0.0,0.0,0.0,10,54.5,55.5,40,55.0,54.5,54.5,54.5,2.0,109.0,356
2023-05-09 21:16:06,SR311P6200,白糖2311沽6200,55.0,8.0,441.0,0.0,2,55.0,55.5,20,55.0,54.5,55.0,54.5,10.0,550.0,356
2023-05-09 21:16:07,SR311P6200,白糖2311沽6200,55.0,0.0,0.0,0.0,10,54.5,55.5,10,55.0,54.5,55.0,54.5,10.0,550.0,356
2023-05-09 21:16:08,SR311P6200,白糖2311沽6200,55.0,0.0,0.0,0.0,57,54.0,56.0,57,55.0,54.5,55.0,54.5,10.0,550.0,356
2023-05-09 21:16:12,SR311P6200,白糖2311沽6200,55.0,0.0,0.0,0.0,67,54.0,56.0,47,55.0,54.5,55.0,54.5,10.0,550.0,356
2023-05-09 21:16:14,SR311P6200,白糖2311沽6200,55.0,0.0,0.0,0.0,57,54.0,56.0,47,55.0,54.5,55.0,54.5,10.0,550.0,356
2023-05-09 21:16:15,SR311P6200,白糖2311沽6200,55.0,0.0,0.0,0.0,47,54.0,56.0,47,55.0,54.5,55.0,54.5,10.0,550.0,356
2023-05-09 21:16:16,SR311P6200,白糖2311沽6200,55.0,0.0,0.0,0.0,47,54.0,56.0,57,55.0,54.5,55.0,54.5,10.0,550.0,356
2023-05-09 21:16:18,SR311P6200,白糖2311沽6200,55.0,0.0,0.0,0.0,57,54.0,56.0,57,55.0,54.5,55.0,54.5,10.0,550.0,356
2023-05-09 21:16:18,SR311P6200,白糖2311沽6200,55.0,0.0,0.0,0.0,47,54.0,56.0,57,55.0,54.5,55.0,54.5,10.0,550.0,356
2023-05-09 21:16:19,SR311P6200,白糖2311沽6200,55.0,0.0,0.0,0.0,57,54.0,56.0,57,55.0,54.5,55.0,54.5,10.0,550.0,356
2023-05-09 21:16:19,SR311P6200,白糖2311沽6200,55.0,0.0,0.0,0.0,47,54.0,56.0,57,55.0,54.5,55.0,54.5,10.0,550.0,356
2023-05-09 21:16:20,SR311P6200,白糖2311沽6200,55.0,0.0,0.0,0.0,67,54.0,56.0,57,55.0,54.5,55.0,54.5,10.0,550.0,356
2023-05-09 21:16:21,SR311P6200,白糖2311沽6200,55.0,0.0,0.0,0.0,67,54.0,56.0,47,55.0,54.5,55.0,54.5,10.0,550.0,356
2023-05-09 21:16:23,SR311P6200,白糖2311沽6200,55.0,0.0,0.0,0.0,67,54.0,56.0,57,55.0,54.5,55.0,54.5,10.0,550.0,356
2023-05-09 21:16:29,SR311P6200,白糖2311沽6200,55.0,0.0,0.0,0.0,57,54.0,56.0,57,55.0,54.5,55.0,54.5,10.0,550.0,356
2023-05-09 21:16:30,SR311P6200,白糖2311沽6200,55.0,0.0,0.0,0.0,67,54.0,56.0,57,55.0,54.5,55.0,54.5,10.0,550.0,356
2023-05-09 21:16:35,SR311P6200,白糖2311沽6200,55.0,0.0,0.0,0.0,67,54.0,56.0,67,55.0,54.5,55.0,54.5,10.0,550.0,356
2023-05-09 21:16:44,SR311P6200,白糖2311沽6200,55.0,0.0,0.0,0.0,67,54.0,55.5,10,55.0,54.5,55.0,54.5,10.0,550.0,356
2023-05-09 21:16:45,SR311P6200,白糖2311沽6200,55.0,0.0,0.0,0.0,57,54.0,55.5,20,55.0,54.5,55.0,54.5,10.0,550.0,356
2023-05-09 21:16:45,SR311P6200,白糖2311沽6200,55.0,0.0,0.0,0.0,57,54.0,55.0,10,55.0,54.5,55.0,54.5,10.0,550.0,356
2023-05-09 21:16:46,SR311P6200,白糖2311沽6200,55.0,0.0,0.0,0.0,57,54.0,55.0,20,55.0,54.5,55.0,54.5,10.0,550.0,356
2023-05-09 21:16:47,SR311P6200,白糖2311沽6200,55.0,0.0,0.0,0.0,57,54.0,55.5,40,55.0,54.5,55.0,54.5,10.0,550.0,356
2023-05-09 21:16:47,SR311P6200,白糖2311沽6200,55.0,0.0,0.0,0.0,67,54.0,55.5,30,55.0,54.5,55.0,54.5,10.0,550.0,356
2023-05-09 21:16:48,SR311P6200,白糖2311沽6200,55.0,0.0,0.0,0.0,57,54.0,55.0,20,55.0,54.5,55.0,54.5,10.0,550.0,356
2023-05-09 21:16:51,SR311P6200,白糖2311沽6200,55.0,0.0,0.0,0.0,47,54.0,55.0,20,55.0,54.5,55.0,54.5,10.0,550.0,356
2023-05-09 21:16:52,SR311P6200,白糖2311沽6200,55.0,0.0,0.0,0.0,47,54.0,55.5,30,55.0,54.5,55.0,54.5,10.0,550.0,356
2023-05-09 21:16:52,SR311P6200,白糖2311沽6200,55.0,0.0,0.0,0.0,57,54.0,55.5,20,55.0,54.5,55.0,54.5,10.0,550.0,356
2023-05-09 21:17:01,SR311P6200,白糖2311沽6200,55.0,0.0,0.0,0.0,67,54.0,55.5,20,55.0,54.5,55.0,54.5,10.0,550.0,356
2023-05-09 21:17:02,SR311P6200,白糖2311沽6200,55.0,0.0,0.0,0.0,10,54.5,55.5,20,55.0,54.5,55.0,54.5,10.0,550.0,356
2023-05-09 21:17:02,SR311P6200,白糖2311沽6200,55.0,0.0,0.0,0.0,20,54.5,56.0,30,55.0,54.5,55.0,54.5,10.0,550.0,356
2023-05-09 21:17:03,SR311P6200,白糖2311沽6200,55.0,0.0,0.0,0.0,30,54.5,56.0,20,55.0,54.5,55.0,54.5,10.0,550.0,356
2023-05-09 21:17:03,SR311P6200,白糖2311沽6200,55.0,0.0,0.0,0.0,40,54.5,56.0,30,55.0,54.5,55.0,54.5,10.0,550.0,356
2023-05-09 21:17:09,SR311P6200,白糖2311沽6200,55.0,0.0,0.0,0.0,40,54.5,56.0,20,55.0,54.5,55.0,54.5,10.0,550.0,356
2023-05-09 21:17:09,SR311P6200,白糖2311沽6200,55.0,0.0,0.0,0.0,10,55.0,56.0,20,55.0,54.5,55.0,54.5,10.0,550.0,356
2023-05-09 21:17:10,SR311P6200,白糖2311沽6200,55.0,0.0,0.0,0.0,20,54.5,56.5,57,55.0,54.5,55.0,54.5,10.0,550.0,356
2023-05-09 21:17:10,SR311P6200,白糖2311沽6200,55.0,0.0,0.0,0.0,40,54.5,56.5,77,55.0,54.5,55.0,54.5,10.0,550.0,356
2023-05-09 21:17:11,SR311P6200,白糖2311沽6200,55.0,0.0,0.0,0.0,10,55.0,56.5,77,55.0,54.5,55.0,54.5,10.0,550.0,356
2023-05-09 21:17:11,SR311P6200,白糖2311沽6200,55.0,0.0,0.0,0.0,20,55.0,56.5,67,55.0,54.5,55.0,54.5,10.0,550.0,356
2023-05-09 21:17:16,SR311P6200,白糖2311沽6200,55.0,0.0,0.0,0.0,40,55.0,56.5,47,55.0,54.5,55.0,54.5,10.0,550.0,356
2023-05-09 21:17:19,SR311P6200,白糖2311沽6200,55.0,0.0,0.0,0.0,30,55.0,56.5,47,55.0,54.5,55.0,54.5,10.0,550.0,356
2023-05-09 21:17:19,SR311P6200,白糖2311沽6200,55.0,0.0,0.0,0.0,40,55.0,56.5,47,55.0,54.5,55.0,54.5,10.0,550.0,356
2023-05-09 21:17:20,SR311P6200,白糖2311沽6200,55.0,0.0,0.0,0.0,30,55.0,56.5,57,55.0,54.5,55.0,54.5,10.0,550.0,356
2023-05-09 21:17:28,SR311P6200,白糖2311沽6200,55.0,0.0,0.0,0.0,30,55.0,56.0,30,55.0,54.5,55.0,54.5,10.0,550.0,356
2023-05-09 21:17:28,SR311P6200,白糖2311沽6200,55.0,0.0,0.0,0.0,30,55.0,56.0,20,55.0,54.5,55.0,54.5,10.0,550.0,356
2023-05-09 21:17:29,SR311P6200,白糖2311沽6200,55.0,0.0,0.0,0.0,30,55.0,56.0,30,55.0,54.5,55.0,54.5,10.0,550.0,356
2023-05-09 21:17:32,SR311P6200,白糖2311沽6200,55.0,0.0,0.0,0.0,40,55.0,56.0,30,55.0,54.5,55.0,54.5,10.0,550.0,356
2023-05-09 21:17:33,SR311P6200,白糖2311沽6200,55.0,0.0,0.0,0.0,30,55.0,56.0,30,55.0,54.5,55.0,54.5,10.0,550.0,356
2023-05-09 21:17:41,SR311P6200,白糖2311沽6200,55.0,0.0,0.0,0.0,40,55.0,56.0,30,55.0,54.5,55.0,54.5,10.0,550.0,356
2023-05-09 21:17:42,SR311P6200,白糖2311沽6200,55.0,0.0,0.0,0.0,30,55.0,56.0,30,55.0,54.5,55.0,54.5,10.0,550.0,356
2023-05-09 21:17:56,SR311P6200,白糖2311沽6200,55.0,0.0,0.0,0.0,40,55.0,56.0,30,55.0,54.5,55.0,54.5,10.0,550.0,356
2023-05-09 21:18:00,SR311P6200,白糖2311沽6200,55.0,0.0,0.0,0.0,30,55.0,56.0,30,55.0,54.5,55.0,54.5,10.0,550.0,356
2023-05-09 21:18:04,SR311P6200,白糖2311沽6200,55.0,0.0,0.0,0.0,40,55.0,56.0,30,55.0,54.5,55.0,54.5,10.0,550.0,356
2023-05-09 21:18:07,SR311P6200,白糖2311沽6200,55.0,0.0,0.0,0.0,30,55.0,56.0,30,55.0,54.5,55.0,54.5,10.0,550.0,356
2023-05-09 21:18:08,SR311P6200,白糖2311沽6200,55.0,0.0,0.0,0.0,20,55.0,56.0,30,55.0,54.5,55.0,54.5,10.0,550.0,356
2023-05-09 21:18:09,SR311P6200,白糖2311沽6200,55.0,0.0,0.0,0.0,10,55.0,56.0,30,55.0,54.5,55.0,54.5,10.0,550.0,356
2023-05-09 21:18:09,SR311P6200,白糖2311沽6200,55.0,0.0,0.0,0.0,47,54.5,56.0,30,55.0,54.5,55.0,54.5,10.0,550.0,356
2023-05-09 21:18:10,SR311P6200,白糖2311沽6200,55.0,0.0,0.0,0.0,57,54.5,56.0,30,55.0,54.5,55.0,54.5,10.0,550.0,356
2023-05-09 21:18:24,SR311P6200,白糖2311沽6200,55.0,0.0,0.0,0.0,47,54.5,56.0,30,55.0,54.5,55.0,54.5,10.0,550.0,356
2023-05-09 21:18:27,SR311P6200,白糖2311沽6200,55.0,0.0,0.0,0.0,57,54.5,56.0,30,55.0,54.5,55.0,54.5,10.0,550.0,356
2023-05-09 21:18:28,SR311P6200,白糖2311沽6200,55.0,0.0,0.0,0.0,47,54.5,56.0,30,55.0,54.5,55.0,54.5,10.0,550.0,356
2023-05-09 21:18:30,SR311P6200,白糖2311沽6200,55.0,0.0,0.0,0.0,57,54.5,56.0,30,55.0,54.5,55.0,54.5,10.0,550.0,356
2023-05-09 21:19:03,SR311P6200,白糖2311沽6200,55.0,0.0,0.0,0.0,67,54.5,56.0,30,55.0,54.5,55.0,54.5,10.0,550.0,356
2023-05-09 21:19:05,SR311P6200,白糖2311沽6200,55.0,0.0,0.0,0.0,57,54.5,56.0,30,55.0,54.5,55.0,54.5,10.0,550.0,356
2023-05-09 21:19:09,SR311P6200,白糖2311沽6200,55.0,0.0,0.0,0.0,67,54.5,56.0,30,55.0,54.5,55.0,54.5,10.0,550.0,356
2023-05-09 21:19:09,SR311P6200,白糖2311沽6200,55.0,0.0,0.0,0.0,17,55.0,56.0,20,55.0,54.5,55.0,54.5,10.0,550.0,356
2023-05-09 21:19:10,SR311P6200,白糖2311沽6200,55.0,0.0,0.0,0.0,27,55.0,56.5,40,55.0,54.5,55.0,54.5,10.0,550.0,356
2023-05-09 21:19:11,SR311P6200,白糖2311沽6200,55.0,0.0,0.0,0.0,37,55.0,56.5,20,55.0,54.5,55.0,54.5,10.0,550.0,356
2023-05-09 21:19:11,SR311P6200,白糖2311沽6200,55.0,0.0,0.0,0.0,47,55.0,56.5,20,55.0,54.5,55.0,54.5,10.0,550.0,356
2023-05-09 21:19:12,SR311P6200,白糖2311沽6200,55.0,0.0,0.0,0.0,37,55.0,56.5,30,55.0,54.5,55.0,54.5,10.0,550.0,356
2023-05-09 21:19:13,SR311P6200,白糖2311沽6200,55.0,0.0,0.0,0.0,47,55.0,56.5,30,55.0,54.5,55.0,54.5,10.0,550.0,356
2023-05-09 21:19:15,SR311P6200,白糖2311沽6200,55.0,0.0,0.0,0.0,37,55.0,56.5,30,55.0,54.5,55.0,54.5,10.0,550.0,356
2023-05-09 21:19:15,SR311P6200,白糖2311沽6200,55.0,0.0,0.0,0.0,47,55.0,56.5,30,55.0,54.5,55.0,54.5,10.0,550.0,356
2023-05-09 21:19:16,SR311P6200,白糖2311沽6200,55.0,0.0,0.0,0.0,37,55.0,56.5,30,55.0,54.5,55.0,54.5,10.0,550.0,356
2023-05-09 21:19:17,SR311P6200,白糖2311沽6200,55.0,0.0,0.0,0.0,47,55.0,56.5,40,55.0,54.5,55.0,54.5,10.0,550.0,356
2023-05-09 21:19:18,SR311P6200,白糖2311沽6200,55.0,0.0,0.0,0.0,57,55.0,56.5,40,55.0,54.5,55.0,54.5,10.0,550.0,356
2023-05-09 21:19:23,SR311P6200,白糖2311沽6200,55.0,0.0,0.0,0.0,57,55.0,56.5,30,55.0,54.5,55.0,54.5,10.0,550.0,356
2023-05-09 21:19:26,SR311P6200,白糖2311沽6200,55.0,0.0,0.0,0.0,47,55.0,56.5,30,55.0,54.5,55.0,54.5,10.0,550.0,356
2023-05-09 21:19:27,SR311P6200,白糖2311沽6200,55.0,0.0,0.0,0.0,57,55.0,56.5,30,55.0,54.5,55.0,54.5,10.0,550.0,356
2023-05-09 21:20:05,SR311P6200,白糖2311沽6200,55.0,0.0,0.0,0.0,7,55.5,56.5,30,55.0,54.5,55.0,54.5,10.0,550.0,356
2023-05-09 21:20:05,SR311P6200,白糖2311沽6200,55.0,0.0,0.0,0.0,37,55.5,56.5,30,55.0,54.5,55.0,54.5,10.0,550.0,356
2023-05-09 21:20:06,SR311P6200,白糖2311沽6200,55.0,0.0,0.0,0.0,27,55.5,56.5,30,55.0,54.5,55.0,54.5,10.0,550.0,356
2023-05-09 21:20:07,SR311P6200,白糖2311沽6200,55.0,0.0,0.0,0.0,27,55.5,56.5,40,55.0,54.5,55.0,54.5,10.0,550.0,356
2023-05-09 21:20:08,SR311P6200,白糖2311沽6200,55.0,0.0,0.0,0.0,17,55.5,56.5,40,55.0,54.5,55.0,54.5,10.0,550.0,356
2023-05-09 21:20:09,SR311P6200,白糖2311沽6200,55.0,0.0,0.0,0.0,27,55.5,56.5,40,55.0,54.5,55.0,54.5,10.0,550.0,356
2023-05-09 21:20:15,SR311P6200,白糖2311沽6200,55.0,0.0,0.0,0.0,37,55.5,56.5,30,55.0,54.5,55.0,54.5,10.0,550.0,356
2023-05-09 21:20:15,SR311P6200,白糖2311沽6200,55.0,0.0,0.0,0.0,27,55.5,56.5,20,55.0,54.5,55.0,54.5,10.0,550.0,356
2023-05-09 21:20:16,SR311P6200,白糖2311沽6200,55.0,0.0,0.0,0.0,37,55.5,56.5,20,55.0,54.5,55.0,54.5,10.0,550.0,356
2023-05-09 21:20:17,SR311P6200,白糖2311沽6200,55.0,0.0,0.0,0.0,27,55.5,56.5,20,55.0,54.5,55.0,54.5,10.0,550.0,356
2023-05-09 21:20:18,SR311P6200,白糖2311沽6200,55.0,0.0,0.0,0.0,37,55.5,56.5,20,55.0,54.5,55.0,54.5,10.0,550.0,356
2023-05-09 21:20:24,SR311P6200,白糖2311沽6200,55.0,0.0,0.0,0.0,27,55.5,56.5,20,55.0,54.5,55.0,54.5,10.0,550.0,356
2023-05-09 21:20:25,SR311P6200,白糖2311沽6200,55.0,0.0,0.0,0.0,37,55.5,56.5,20,55.0,54.5,55.0,54.5,10.0,550.0,356
2023-05-09 21:20:26,SR311P6200,白糖2311沽6200,55.0,0.0,0.0,0.0,27,55.5,56.5,20,55.0,54.5,55.0,54.5,10.0,550.0,356
2023-05-09 21:20:33,SR311P6200,白糖2311沽6200,55.0,0.0,0.0,0.0,37,55.5,56.5,20,55.0,54.5,55.0,54.5,10.0,550.0,356
2023-05-09 21:20:34,SR311P6200,白糖2311沽6200,55.0,0.0,0.0,0.0,27,55.5,56.5,20,55.0,54.5,55.0,54.5,10.0,550.0,356
2023-05-09 21:20:47,SR311P6200,白糖2311沽6200,55.0,0.0,0.0,0.0,37,55.5,56.5,20,55.0,54.5,55.0,54.5,10.0,550.0,356
2023-05-09 21:20:48,SR311P6200,白糖2311沽6200,55.0,0.0,0.0,0.0,27,55.5,56.5,20,55.0,54.5,55.0,54.5,10.0,550.0,356
2023-05-09 21:20:52,SR311P6200,白糖2311沽6200,55.0,0.0,0.0,0.0,27,55.5,56.5,10,55.0,54.5,55.0,54.5,10.0,550.0,356
2023-05-09 21:20:52,SR311P6200,白糖2311沽6200,55.0,0.0,0.0,0.0,27,55.5,57.0,60,55.0,54.5,55.0,54.5,10.0,550.0,356
2023-05-09 21:20:53,SR311P6200,白糖2311沽6200,55.0,0.0,0.0,0.0,37,55.5,57.0,50,55.0,54.5,55.0,54.5,10.0,550.0,356
2023-05-09 21:21:08,SR311P6200,白糖2311沽6200,55.0,0.0,0.0,0.0,27,55.5,57.0,50,55.0,54.5,55.0,54.5,10.0,550.0,356
2023-05-09 21:21:09,SR311P6200,白糖2311沽6200,55.0,0.0,0.0,0.0,37,55.5,57.0,50,55.0,54.5,55.0,54.5,10.0,550.0,356
2023-05-09 21:21:11,SR311P6200,白糖2311沽6200,55.0,0.0,0.0,0.0,47,55.5,57.0,50,55.0,54.5,55.0,54.5,10.0,550.0,356
2023-05-09 21:21:11,SR311P6200,白糖2311沽6200,55.0,0.0,0.0,0.0,37,55.5,57.0,50,55.0,54.5,55.0,54.5,10.0,550.0,356
2023-05-09 21:21:15,SR311P6200,白糖2311沽6200,55.0,0.0,0.0,0.0,47,55.5,57.0,50,55.0,54.5,55.0,54.5,10.0,550.0,356
2023-05-09 21:21:38,SR311P6200,白糖2311沽6200,55.0,0.0,0.0,0.0,37,55.5,57.0,50,55.0,54.5,55.0,54.5,10.0,550.0,356
2023-05-09 21:21:43,SR311P6200,白糖2311沽6200,55.0,0.0,0.0,0.0,27,55.5,57.0,50,55.0,54.5,55.0,54.5,10.0,550.0,356
2023-05-09 21:21:46,SR311P6200,白糖2311沽6200,55.0,0.0,0.0,0.0,27,55.5,57.0,60,55.0,54.5,55.0,54.5,10.0,550.0,356
2023-05-09 21:21:47,SR311P6200,白糖2311沽6200,55.0,0.0,0.0,0.0,37,55.5,57.0,60,55.0,54.5,55.0,54.5,10.0,550.0,356
2023-05-09 21:21:48,SR311P6200,白糖2311沽6200,55.0,0.0,0.0,0.0,37,55.5,57.0,50,55.0,54.5,55.0,54.5,10.0,550.0,356
2023-05-09 21:21:49,SR311P6200,白糖2311沽6200,55.0,0.0,0.0,0.0,47,55.5,57.0,50,55.0,54.5,55.0,54.5,10.0,550.0,356
2023-05-09 21:22:00,SR311P6200,白糖2311沽6200,55.0,0.0,0.0,0.0,37,55.5,57.0,50,55.0,54.5,55.0,54.5,10.0,550.0,356
2023-05-09 21:22:03,SR311P6200,白糖2311沽6200,55.0,0.0,0.0,0.0,47,55.5,57.0,50,55.0,54.5,55.0,54.5,10.0,550.0,356
2023-05-09 21:22:05,SR311P6200,白糖2311沽6200,55.0,0.0,0.0,0.0,37,55.5,57.0,50,55.0,54.5,55.0,54.5,10.0,550.0,356
2023-05-09 21:22:06,SR311P6200,白糖2311沽6200,55.0,0.0,0.0,0.0,47,55.5,57.0,50,55.0,54.5,55.0,54.5,10.0,550.0,356
2023-05-09 21:22:07,SR311P6200,白糖2311沽6200,55.0,0.0,0.0,0.0,37,55.5,57.0,50,55.0,54.5,55.0,54.5,10.0,550.0,356
2023-05-09 21:22:07,SR311P6200,白糖2311沽6200,55.0,0.0,0.0,0.0,27,55.5,57.0,50,55.0,54.5,55.0,54.5,10.0,550.0,356
2023-05-09 21:22:08,SR311P6200,白糖2311沽6200,55.0,0.0,0.0,0.0,47,55.5,57.0,50,55.0,54.5,55.0,54.5,10.0,550.0,356
2023-05-09 21:22:24,SR311P6200,白糖2311沽6200,55.0,0.0,0.0,0.0,37,55.5,57.0,50,55.0,54.5,55.0,54.5,10.0,550.0,356
2023-05-09 21:22:25,SR311P6200,白糖2311沽6200,55.0,0.0,0.0,0.0,47,55.5,57.0,50,55.0,54.5,55.0,54.5,10.0,550.0,356
2023-05-09 21:22:26,SR311P6200,白糖2311沽6200,55.0,0.0,0.0,0.0,37,55.5,57.0,50,55.0,54.5,55.0,54.5,10.0,550.0,356
2023-05-09 21:22:27,SR311P6200,白糖2311沽6200,55.0,0.0,0.0,0.0,47,55.5,57.0,50,55.0,54.5,55.0,54.5,10.0,550.0,356
2023-05-09 21:22:29,SR311P6200,白糖2311沽6200,55.0,0.0,0.0,0.0,37,55.5,57.0,50,55.0,54.5,55.0,54.5,10.0,550.0,356
2023-05-09 21:22:31,SR311P6200,白糖2311沽6200,55.0,0.0,0.0,0.0,27,55.5,57.0,60,55.0,54.5,55.0,54.5,10.0,550.0,356
2023-05-09 21:22:33,SR311P6200,白糖2311沽6200,55.0,0.0,0.0,0.0,37,55.5,57.0,50,55.0,54.5,55.0,54.5,10.0,550.0,356
2023-05-09 21:22:38,SR311P6200,白糖2311沽6200,55.0,0.0,0.0,0.0,27,55.5,57.0,60,55.0,54.5,55.0,54.5,10.0,550.0,356
2023-05-09 21:22:47,SR311P6200,白糖2311沽6200,55.0,0.0,0.0,0.0,10,55.5,57.0,70,55.0,54.5,55.0,54.5,10.0,550.0,356
2023-05-09 21:23:06,SR311P6200,白糖2311沽6200,55.0,0.0,0.0,0.0,10,55.5,57.0,77,55.0,54.5,55.0,54.5,10.0,550.0,356
2023-05-09 21:23:10,SR311P6200,白糖2311沽6200,55.0,0.0,0.0,0.0,10,55.5,57.0,67,55.0,54.5,55.0,54.5,10.0,550.0,356
2023-05-09 21:23:11,SR311P6200,白糖2311沽6200,55.0,0.0,0.0,0.0,10,55.5,57.0,77,55.0,54.5,55.0,54.5,10.0,550.0,356
2023-05-09 21:23:24,SR311P6200,白糖2311沽6200,55.0,0.0,0.0,0.0,10,55.5,56.5,10,55.0,54.5,55.0,54.5,10.0,550.0,356
2023-05-09 21:23:24,SR311P6200,白糖2311沽6200,55.0,0.0,0.0,0.0,27,55.0,56.5,40,55.0,54.5,55.0,54.5,10.0,550.0,356
2023-05-09 21:23:25,SR311P6200,白糖2311沽6200,55.0,0.0,0.0,0.0,17,55.0,56.5,30,55.0,54.5,55.0,54.5,10.0,550.0,356
2023-05-09 21:23:25,SR311P6200,白糖2311沽6200,55.0,0.0,0.0,0.0,27,55.0,56.5,40,55.0,54.5,55.0,54.5,10.0,550.0,356
2023-05-09 21:23:42,SR311P6200,白糖2311沽6200,55.0,0.0,0.0,0.0,17,55.0,56.5,40,55.0,54.5,55.0,54.5,10.0,550.0,356
2023-05-09 21:23:44,SR311P6200,白糖2311沽6200,55.0,0.0,0.0,0.0,7,55.0,56.5,50,55.0,54.5,55.0,54.5,10.0,550.0,356
2023-05-09 21:23:46,SR311P6200,白糖2311沽6200,55.0,0.0,0.0,0.0,17,55.0,56.5,50,55.0,54.5,55.0,54.5,10.0,550.0,356
2023-05-09 21:23:46,SR311P6200,白糖2311沽6200,55.0,0.0,0.0,0.0,7,55.0,56.5,50,55.0,54.5,55.0,54.5,10.0,550.0,356
2023-05-09 21:24:21,SR311P6200,白糖2311沽6200,55.0,0.0,0.0,0.0,7,55.0,56.5,60,55.0,54.5,55.0,54.5,10.0,550.0,356
2023-05-09 21:24:32,SR311P6200,白糖2311沽6200,55.0,0.0,0.0,0.0,7,55.0,56.5,50,55.0,54.5,55.0,54.5,10.0,550.0,356
2023-05-09 21:24:33,SR311P6200,白糖2311沽6200,55.0,0.0,0.0,0.0,7,55.0,56.5,60,55.0,54.5,55.0,54.5,10.0,550.0,356
2023-05-09 21:24:42,SR311P6200,白糖2311沽6200,55.0,0.0,0.0,0.0,17,55.0,56.5,50,55.0,54.5,55.0,54.5,10.0,550.0,356
2023-05-09 21:24:43,SR311P6200,白糖2311沽6200,55.0,0.0,0.0,0.0,17,55.0,56.5,40,55.0,54.5,55.0,54.5,10.0,550.0,356
2023-05-09 21:24:43,SR311P6200,白糖2311沽6200,55.0,0.0,0.0,0.0,17,55.0,56.5,50,55.0,54.5,55.0,54.5,10.0,550.0,356
2023-05-09 21:24:46,SR311P6200,白糖2311沽6200,55.0,0.0,0.0,0.0,17,55.0,56.5,40,55.0,54.5,55.0,54.5,10.0,550.0,356
2023-05-09 21:24:47,SR311P6200,白糖2311沽6200,55.0,0.0,0.0,0.0,17,55.0,56.5,50,55.0,54.5,55.0,54.5,10.0,550.0,356
2023-05-09 21:24:56,SR311P6200,白糖2311沽6200,55.0,0.0,0.0,0.0,17,55.0,56.5,60,55.0,54.5,55.0,54.5,10.0,550.0,356
2023-05-09 21:24:56,SR311P6200,白糖2311沽6200,55.0,0.0,0.0,0.0,17,55.0,56.5,50,55.0,54.5,55.0,54.5,10.0,550.0,356
2023-05-09 21:24:56,SR311P6200,白糖2311沽6200,55.0,0.0,0.0,0.0,7,55.0,56.5,60,55.0,54.5,55.0,54.5,10.0,550.0,356
2023-05-09 21:24:57,SR311P6200,白糖2311沽6200,55.0,0.0,0.0,0.0,17,55.0,56.5,50,55.0,54.5,55.0,54.5,10.0,550.0,356
2023-05-09 21:24:58,SR311P6200,白糖2311沽6200,55.0,0.0,0.0,0.0,7,55.0,56.5,60,55.0,54.5,55.0,54.5,10.0,550.0,356
2023-05-09 21:25:00,SR311P6200,白糖2311沽6200,55.0,0.0,0.0,0.0,17,55.0,56.5,50,55.0,54.5,55.0,54.5,10.0,550.0,356
2023-05-09 21:25:01,SR311P6200,白糖2311沽6200,55.0,0.0,0.0,0.0,17,55.0,56.5,40,55.0,54.5,55.0,54.5,10.0,550.0,356
2023-05-09 21:25:02,SR311P6200,白糖2311沽6200,55.0,0.0,0.0,0.0,17,55.0,56.5,50,55.0,54.5,55.0,54.5,10.0,550.0,356
2023-05-09 21:25:05,SR311P6200,白糖2311沽6200,55.0,0.0,0.0,0.0,17,55.0,56.5,60,55.0,54.5,55.0,54.5,10.0,550.0,356
2023-05-09 21:25:05,SR311P6200,白糖2311沽6200,55.0,0.0,0.0,0.0,7,55.0,56.5,50,55.0,54.5,55.0,54.5,10.0,550.0,356
2023-05-09 21:25:06,SR311P6200,白糖2311沽6200,55.0,0.0,0.0,0.0,17,55.0,56.5,50,55.0,54.5,55.0,54.5,10.0,550.0,356
2023-05-09 21:25:27,SR311P6200,白糖2311沽6200,55.0,0.0,0.0,0.0,17,55.0,56.5,60,55.0,54.5,55.0,54.5,10.0,550.0,356
2023-05-09 21:25:28,SR311P6200,白糖2311沽6200,55.0,0.0,0.0,0.0,17,55.0,56.5,50,55.0,54.5,55.0,54.5,10.0,550.0,356
2023-05-09 21:25:30,SR311P6200,白糖2311沽6200,55.0,0.0,0.0,0.0,7,55.0,56.5,60,55.0,54.5,55.0,54.5,10.0,550.0,356
2023-05-09 21:25:57,SR311P6200,白糖2311沽6200,55.0,0.0,0.0,0.0,27,54.5,56.5,60,55.0,54.5,55.0,54.5,10.0,550.0,356
2023-05-09 21:25:58,SR311P6200,白糖2311沽6200,55.0,0.0,0.0,0.0,47,54.5,56.5,60,55.0,54.5,55.0,54.5,10.0,550.0,356
2023-05-09 21:26:02,SR311P6200,白糖2311沽6200,55.0,0.0,0.0,0.0,37,54.5,56.5,60,55.0,54.5,55.0,54.5,10.0,550.0,356
2023-05-09 21:26:03,SR311P6200,白糖2311沽6200,55.0,0.0,0.0,0.0,47,54.5,56.5,60,55.0,54.5,55.0,54.5,10.0,550.0,356
2023-05-09 21:26:03,SR311P6200,白糖2311沽6200,55.0,0.0,0.0,0.0,37,54.5,56.5,60,55.0,54.5,55.0,54.5,10.0,550.0,356
2023-05-09 21:26:17,SR311P6200,白糖2311沽6200,55.0,0.0,0.0,0.0,37,54.5,56.0,30,55.0,54.5,55.0,54.5,10.0,550.0,356
2023-05-09 21:26:17,SR311P6200,白糖2311沽6200,55.0,0.0,0.0,0.0,17,54.5,56.0,40,55.0,54.5,55.0,54.5,10.0,550.0,356
2023-05-09 21:26:21,SR311P6200,白糖2311沽6200,55.0,0.0,0.0,0.0,27,54.5,56.0,30,55.0,54.5,55.0,54.5,10.0,550.0,356
2023-05-09 21:26:26,SR311P6200,白糖2311沽6200,55.0,0.0,0.0,0.0,37,54.5,56.0,20,55.0,54.5,55.0,54.5,10.0,550.0,356
2023-05-09 21:26:28,SR311P6200,白糖2311沽6200,55.0,0.0,0.0,0.0,27,54.5,56.0,30,55.0,54.5,55.0,54.5,10.0,550.0,356
2023-05-09 21:26:29,SR311P6200,白糖2311沽6200,55.0,0.0,0.0,0.0,37,54.5,56.0,20,55.0,54.5,55.0,54.5,10.0,550.0,356
2023-05-09 21:26:30,SR311P6200,白糖2311沽6200,55.0,0.0,0.0,0.0,27,54.5,56.0,40,55.0,54.5,55.0,54.5,10.0,550.0,356
2023-05-09 21:26:31,SR311P6200,白糖2311沽6200,55.0,0.0,0.0,0.0,27,54.5,56.0,30,55.0,54.5,55.0,54.5,10.0,550.0,356
2023-05-09 21:26:31,SR311P6200,白糖2311沽6200,55.0,0.0,0.0,0.0,27,54.5,56.0,40,55.0,54.5,55.0,54.5,10.0,550.0,356
2023-05-09 21:26:32,SR311P6200,白糖2311沽6200,55.0,0.0,0.0,0.0,17,54.5,56.0,40,55.0,54.5,55.0,54.5,10.0,550.0,356
2023-05-09 21:26:33,SR311P6200,白糖2311沽6200,55.0,0.0,0.0,0.0,17,54.5,56.0,50,55.0,54.5,55.0,54.5,10.0,550.0,356
2023-05-09 21:26:35,SR311P6200,白糖2311沽6200,55.0,0.0,0.0,0.0,27,54.5,56.0,40,55.0,54.5,55.0,54.5,10.0,550.0,356
2023-05-09 21:26:36,SR311P6200,白糖2311沽6200,55.0,0.0,0.0,0.0,17,54.5,56.0,50,55.0,54.5,55.0,54.5,10.0,550.0,356
2023-05-09 21:26:38,SR311P6200,白糖2311沽6200,55.0,0.0,0.0,0.0,17,54.5,56.0,40,55.0,54.5,55.0,54.5,10.0,550.0,356
2023-05-09 21:26:38,SR311P6200,白糖2311沽6200,55.0,0.0,0.0,0.0,17,54.5,56.0,50,55.0,54.5,55.0,54.5,10.0,550.0,356
2023-05-09 21:26:43,SR311P6200,白糖2311沽6200,55.0,0.0,0.0,0.0,37,54.5,56.0,30,55.0,54.5,55.0,54.5,10.0,550.0,356
2023-05-09 21:26:47,SR311P6200,白糖2311沽6200,55.0,0.0,0.0,0.0,27,54.5,56.0,40,55.0,54.5,55.0,54.5,10.0,550.0,356
2023-05-09 21:26:49,SR311P6200,白糖2311沽6200,55.0,0.0,0.0,0.0,27,54.5,56.0,30,55.0,54.5,55.0,54.5,10.0,550.0,356
2023-05-09 21:26:49,SR311P6200,白糖2311沽6200,55.0,0.0,0.0,0.0,27,54.5,56.0,40,55.0,54.5,55.0,54.5,10.0,550.0,356
2023-05-09 21:26:50,SR311P6200,白糖2311沽6200,55.0,0.0,0.0,0.0,27,54.5,56.0,50,55.0,54.5,55.0,54.5,10.0,550.0,356
2023-05-09 21:26:51,SR311P6200,白糖2311沽6200,55.0,0.0,0.0,0.0,17,54.5,56.0,50,55.0,54.5,55.0,54.5,10.0,550.0,356
2023-05-09 21:27:18,SR311P6200,白糖2311沽6200,55.0,0.0,0.0,0.0,27,54.5,56.0,40,55.0,54.5,55.0,54.5,10.0,550.0,356
2023-05-09 21:27:25,SR311P6200,白糖2311沽6200,55.0,0.0,0.0,0.0,17,54.5,56.0,50,55.0,54.5,55.0,54.5,10.0,550.0,356
2023-05-09 21:27:35,SR311P6200,白糖2311沽6200,55.0,0.0,0.0,0.0,17,54.5,56.0,40,55.0,54.5,55.0,54.5,10.0,550.0,356
2023-05-09 21:27:35,SR311P6200,白糖2311沽6200,55.0,0.0,0.0,0.0,27,54.5,56.0,40,55.0,54.5,55.0,54.5,10.0,550.0,356
2023-05-09 21:28:39,SR311P6200,白糖2311沽6200,55.0,0.0,0.0,0.0,37,54.5,56.0,40,55.0,54.5,55.0,54.5,10.0,550.0,356
2023-05-09 21:28:40,SR311P6200,白糖2311沽6200,55.0,0.0,0.0,0.0,47,54.5,56.0,30,55.0,54.5,55.0,54.5,10.0,550.0,356
2023-05-09 21:28:43,SR311P6200,白糖2311沽6200,55.0,0.0,0.0,0.0,37,54.5,56.0,40,55.0,54.5,55.0,54.5,10.0,550.0,356
2023-05-09 21:28:44,SR311P6200,白糖2311沽6200,55.0,0.0,0.0,0.0,37,54.5,56.0,30,55.0,54.5,55.0,54.5,10.0,550.0,356
2023-05-09 21:28:45,SR311P6200,白糖2311沽6200,55.0,0.0,0.0,0.0,47,54.5,56.0,30,55.0,54.5,55.0,54.5,10.0,550.0,356
2023-05-09 21:28:48,SR311P6200,白糖2311沽6200,55.0,0.0,0.0,0.0,37,54.5,56.0,30,55.0,54.5,55.0,54.5,10.0,550.0,356
2023-05-09 21:28:49,SR311P6200,白糖2311沽6200,55.0,0.0,0.0,0.0,47,54.5,56.0,30,55.0,54.5,55.0,54.5,10.0,550.0,356
2023-05-09 21:28:50,SR311P6200,白糖2311沽6200,55.0,0.0,0.0,0.0,37,54.5,56.0,30,55.0,54.5,55.0,54.5,10.0,550.0,356
2023-05-09 21:28:51,SR311P6200,白糖2311沽6200,55.0,0.0,0.0,0.0,47,54.5,56.0,30,55.0,54.5,55.0,54.5,10.0,550.0,356
2023-05-09 21:28:52,SR311P6200,白糖2311沽6200,55.0,0.0,0.0,0.0,37,54.5,56.0,30,55.0,54.5,55.0,54.5,10.0,550.0,356
2023-05-09 21:28:56,SR311P6200,白糖2311沽6200,55.0,0.0,0.0,0.0,27,54.5,56.0,40,55.0,54.5,55.0,54.5,10.0,550.0,356
2023-05-09 21:28:58,SR311P6200,白糖2311沽6200,55.0,0.0,0.0,0.0,37,54.5,56.0,40,55.0,54.5,55.0,54.5,10.0,550.0,356
2023-05-09 21:28:59,SR311P6200,白糖2311沽6200,55.0,0.0,0.0,0.0,27,54.5,56.0,40,55.0,54.5,55.0,54.5,10.0,550.0,356
2023-05-09 21:29:02,SR311P6200,白糖2311沽6200,55.0,0.0,0.0,0.0,37,54.5,56.0,40,55.0,54.5,55.0,54.5,10.0,550.0,356
2023-05-09 21:29:03,SR311P6200,白糖2311沽6200,55.0,0.0,0.0,0.0,27,54.5,56.0,40,55.0,54.5,55.0,54.5,10.0,550.0,356
2023-05-09 21:29:06,SR311P6200,白糖2311沽6200,55.0,0.0,0.0,0.0,37,54.5,56.0,40,55.0,54.5,55.0,54.5,10.0,550.0,356
2023-05-09 21:29:07,SR311P6200,白糖2311沽6200,55.0,0.0,0.0,0.0,47,54.5,56.0,30,55.0,54.5,55.0,54.5,10.0,550.0,356
2023-05-09 21:29:07,SR311P6200,白糖2311沽6200,55.0,0.0,0.0,0.0,37,54.5,56.0,30,55.0,54.5,55.0,54.5,10.0,550.0,356
2023-05-09 21:29:16,SR311P6200,白糖2311沽6200,55.0,0.0,0.0,0.0,27,54.5,56.0,30,55.0,54.5,55.0,54.5,10.0,550.0,356
2023-05-09 21:29:17,SR311P6200,白糖2311沽6200,55.0,0.0,0.0,0.0,27,54.5,56.0,40,55.0,54.5,55.0,54.5,10.0,550.0,356
2023-05-09 21:29:17,SR311P6200,白糖2311沽6200,55.0,0.0,0.0,0.0,37,54.5,56.0,40,55.0,54.5,55.0,54.5,10.0,550.0,356
2023-05-09 21:29:26,SR311P6200,白糖2311沽6200,55.0,0.0,0.0,0.0,47,54.5,56.0,40,55.0,54.5,55.0,54.5,10.0,550.0,356
2023-05-09 21:29:30,SR311P6200,白糖2311沽6200,55.0,0.0,0.0,0.0,37,54.5,56.0,40,55.0,54.5,55.0,54.5,10.0,550.0,356
2023-05-09 21:29:31,SR311P6200,白糖2311沽6200,55.0,0.0,0.0,0.0,47,54.5,56.0,40,55.0,54.5,55.0,54.5,10.0,550.0,356
2023-05-09 21:29:32,SR311P6200,白糖2311沽6200,55.0,0.0,0.0,0.0,37,54.5,56.0,40,55.0,54.5,55.0,54.5,10.0,550.0,356
2023-05-09 21:29:34,SR311P6200,白糖2311沽6200,55.0,0.0,0.0,0.0,47,54.5,56.0,40,55.0,54.5,55.0,54.5,10.0,550.0,356
2023-05-09 21:29:34,SR311P6200,白糖2311沽6200,55.0,0.0,0.0,0.0,37,54.5,56.0,40,55.0,54.5,55.0,54.5,10.0,550.0,356
2023-05-09 21:29:50,SR311P6200,白糖2311沽6200,55.0,0.0,0.0,0.0,47,54.5,56.0,30,55.0,54.5,55.0,54.5,10.0,550.0,356
2023-05-09 21:29:53,SR311P6200,白糖2311沽6200,55.0,0.0,0.0,0.0,57,54.5,56.0,30,55.0,54.5,55.0,54.5,10.0,550.0,356
2023-05-09 21:29:55,SR311P6200,白糖2311沽6200,55.0,0.0,0.0,0.0,47,54.5,56.0,30,55.0,54.5,55.0,54.5,10.0,550.0,356
2023-05-09 21:29:57,SR311P6200,白糖2311沽6200,55.0,0.0,0.0,0.0,57,54.5,56.0,30,55.0,54.5,55.0,54.5,10.0,550.0,356
2023-05-09 21:29:58,SR311P6200,白糖2311沽6200,55.0,0.0,0.0,0.0,47,54.5,56.0,30,55.0,54.5,55.0,54.5,10.0,550.0,356
2023-05-09 21:30:00,SR311P6200,白糖2311沽6200,55.0,0.0,0.0,0.0,57,54.5,56.0,30,55.0,54.5,55.0,54.5,10.0,550.0,356
2023-05-09 21:30:09,SR311P6200,白糖2311沽6200,55.0,0.0,0.0,0.0,10,55.0,56.0,30,55.0,54.5,55.0,54.5,10.0,550.0,356
2023-05-09 21:30:09,SR311P6200,白糖2311沽6200,55.0,0.0,0.0,0.0,20,55.0,56.0,20,55.0,54.5,55.0,54.5,10.0,550.0,356
2023-05-09 21:30:11,SR311P6200,白糖2311沽6200,55.0,0.0,0.0,0.0,37,55.0,56.0,20,55.0,54.5,55.0,54.5,10.0,550.0,356
2023-05-09 21:30:11,SR311P6200,白糖2311沽6200,55.0,0.0,0.0,0.0,37,55.0,56.0,30,55.0,54.5,55.0,54.5,10.0,550.0,356
2023-05-09 21:30:11,SR311P6200,白糖2311沽6200,55.0,0.0,0.0,0.0,37,55.0,56.0,20,55.0,54.5,55.0,54.5,10.0,550.0,356
2023-05-09 21:30:11,SR311P6200,白糖2311沽6200,55.0,0.0,0.0,0.0,37,55.0,56.0,30,55.0,54.5,55.0,54.5,10.0,550.0,356
2023-05-09 21:30:15,SR311P6200,白糖2311沽6200,55.0,0.0,0.0,0.0,27,55.0,56.0,30,55.0,54.5,55.0,54.5,10.0,550.0,356
2023-05-09 21:30:17,SR311P6200,白糖2311沽6200,55.0,0.0,0.0,0.0,27,55.0,56.0,20,55.0,54.5,55.0,54.5,10.0,550.0,356
2023-05-09 21:30:19,SR311P6200,白糖2311沽6200,55.0,0.0,0.0,0.0,37,55.0,56.5,50,55.0,54.5,55.0,54.5,10.0,550.0,356
2023-05-09 21:30:19,SR311P6200,白糖2311沽6200,55.0,0.0,0.0,0.0,47,55.0,56.5,40,55.0,54.5,55.0,54.5,10.0,550.0,356
2023-05-09 21:30:26,SR311P6200,白糖2311沽6200,55.0,0.0,0.0,0.0,7,55.5,56.5,20,55.0,54.5,55.0,54.5,10.0,550.0,356
2023-05-09 21:30:26,SR311P6200,白糖2311沽6200,55.0,0.0,0.0,0.0,27,55.5,56.5,10,55.0,54.5,55.0,54.5,10.0,550.0,356
2023-05-09 21:30:26,SR311P6200,白糖2311沽6200,55.0,0.0,0.0,0.0,37,55.5,56.5,10,55.0,54.5,55.0,54.5,10.0,550.0,356
2023-05-09 21:30:27,SR311P6200,白糖2311沽6200,55.0,0.0,0.0,0.0,37,55.5,57.0,30,55.0,54.5,55.0,54.5,10.0,550.0,356
2023-05-09 21:30:28,SR311P6200,白糖2311沽6200,55.0,0.0,0.0,0.0,47,55.5,57.0,30,55.0,54.5,55.0,54.5,10.0,550.0,356
2023-05-09 21:30:35,SR311P6200,白糖2311沽6200,55.0,0.0,0.0,0.0,57,55.5,57.0,30,55.0,54.5,55.0,54.5,10.0,550.0,356
2023-05-09 21:30:50,SR311P6200,白糖2311沽6200,55.0,0.0,0.0,0.0,7,56.0,57.0,30,55.0,54.5,55.0,54.5,10.0,550.0,356
2023-05-09 21:30:51,SR311P6200,白糖2311沽6200,55.0,0.0,0.0,0.0,37,56.0,57.0,30,55.0,54.5,55.0,54.5,10.0,550.0,356
2023-05-09 21:30:51,SR311P6200,白糖2311沽6200,55.0,0.0,0.0,0.0,27,56.0,57.0,30,55.0,54.5,55.0,54.5,10.0,550.0,356
2023-05-09 21:30:53,SR311P6200,白糖2311沽6200,55.0,0.0,0.0,0.0,37,56.0,57.0,20,55.0,54.5,55.0,54.5,10.0,550.0,356
2023-05-09 21:30:53,SR311P6200,白糖2311沽6200,55.0,0.0,0.0,0.0,27,56.0,57.0,30,55.0,54.5,55.0,54.5,10.0,550.0,356
2023-05-09 21:30:54,SR311P6200,白糖2311沽6200,55.0,0.0,0.0,0.0,27,56.0,57.0,20,55.0,54.5,55.0,54.5,10.0,550.0,356
2023-05-09 21:30:56,SR311P6200,白糖2311沽6200,55.0,0.0,0.0,0.0,37,56.0,57.0,10,55.0,54.5,55.0,54.5,10.0,550.0,356
2023-05-09 21:30:56,SR311P6200,白糖2311沽6200,55.0,0.0,0.0,0.0,27,56.0,57.5,30,55.0,54.5,55.0,54.5,10.0,550.0,356
2023-05-09 21:30:57,SR311P6200,白糖2311沽6200,55.0,0.0,0.0,0.0,47,56.0,57.5,20,55.0,54.5,55.0,54.5,10.0,550.0,356
2023-05-09 21:30:58,SR311P6200,白糖2311沽6200,55.0,0.0,0.0,0.0,57,56.0,57.5,20,55.0,54.5,55.0,54.5,10.0,550.0,356
2023-05-09 21:31:07,SR311P6200,白糖2311沽6200,55.0,0.0,0.0,0.0,47,56.0,57.5,20,55.0,54.5,55.0,54.5,10.0,550.0,356
2023-05-09 21:31:07,SR311P6200,白糖2311沽6200,55.0,0.0,0.0,0.0,57,56.0,57.5,20,55.0,54.5,55.0,54.5,10.0,550.0,356
2023-05-09 21:31:08,SR311P6200,白糖2311沽6200,55.0,0.0,0.0,0.0,67,56.0,57.5,20,55.0,54.5,55.0,54.5,10.0,550.0,356
2023-05-09 21:31:09,SR311P6200,白糖2311沽6200,55.0,0.0,0.0,0.0,57,56.0,57.5,20,55.0,54.5,55.0,54.5,10.0,550.0,356
2023-05-09 21:31:10,SR311P6200,白糖2311沽6200,55.0,0.0,0.0,0.0,47,56.0,57.5,20,55.0,54.5,55.0,54.5,10.0,550.0,356
2023-05-09 21:31:10,SR311P6200,白糖2311沽6200,55.0,0.0,0.0,0.0,57,56.0,57.5,20,55.0,54.5,55.0,54.5,10.0,550.0,356
2023-05-09 21:31:12,SR311P6200,白糖2311沽6200,55.0,0.0,0.0,0.0,77,56.0,57.5,10,55.0,54.5,55.0,54.5,10.0,550.0,356
2023-05-09 21:31:13,SR311P6200,白糖2311沽6200,55.0,0.0,0.0,0.0,57,56.0,58.0,30,55.0,54.5,55.0,54.5,10.0,550.0,356
2023-05-09 21:31:14,SR311P6200,白糖2311沽6200,55.0,0.0,0.0,0.0,67,56.0,58.0,40,55.0,54.5,55.0,54.5,10.0,550.0,356
2023-05-09 21:31:16,SR311P6200,白糖2311沽6200,55.0,0.0,0.0,0.0,77,56.0,58.0,40,55.0,54.5,55.0,54.5,10.0,550.0,356
2023-05-09 21:31:16,SR311P6200,白糖2311沽6200,55.0,0.0,0.0,0.0,67,56.0,58.0,40,55.0,54.5,55.0,54.5,10.0,550.0,356
2023-05-09 21:31:17,SR311P6200,白糖2311沽6200,55.0,0.0,0.0,0.0,67,56.0,58.0,50,55.0,54.5,55.0,54.5,10.0,550.0,356
2023-05-09 21:31:20,SR311P6200,白糖2311沽6200,55.0,0.0,0.0,0.0,67,56.0,58.0,40,55.0,54.5,55.0,54.5,10.0,550.0,356
2023-05-09 21:31:23,SR311P6200,白糖2311沽6200,55.0,0.0,0.0,0.0,67,56.0,58.0,50,55.0,54.5,55.0,54.5,10.0,550.0,356
2023-05-09 21:31:24,SR311P6200,白糖2311沽6200,55.0,0.0,0.0,0.0,67,56.0,58.0,40,55.0,54.5,55.0,54.5,10.0,550.0,356
2023-05-09 21:31:30,SR311P6200,白糖2311沽6200,55.0,0.0,0.0,0.0,67,56.0,58.0,50,55.0,54.5,55.0,54.5,10.0,550.0,356
2023-05-09 21:31:35,SR311P6200,白糖2311沽6200,55.0,0.0,0.0,0.0,67,56.0,58.0,40,55.0,54.5,55.0,54.5,10.0,550.0,356
2023-05-09 21:31:36,SR311P6200,白糖2311沽6200,55.0,0.0,0.0,0.0,67,56.0,58.0,50,55.0,54.5,55.0,54.5,10.0,550.0,356
2023-05-09 21:31:40,SR311P6200,白糖2311沽6200,55.0,0.0,0.0,0.0,47,56.0,58.0,40,55.0,54.5,55.0,54.5,10.0,550.0,356
2023-05-09 21:31:40,SR311P6200,白糖2311沽6200,55.0,0.0,0.0,0.0,47,56.0,58.0,50,55.0,54.5,55.0,54.5,10.0,550.0,356
2023-05-09 21:31:41,SR311P6200,白糖2311沽6200,55.0,0.0,0.0,0.0,47,56.0,58.0,40,55.0,54.5,55.0,54.5,10.0,550.0,356
2023-05-09 21:31:42,SR311P6200,白糖2311沽6200,55.0,0.0,0.0,0.0,57,56.0,58.0,50,55.0,54.5,55.0,54.5,10.0,550.0,356
2023-05-09 21:31:43,SR311P6200,白糖2311沽6200,55.0,0.0,0.0,0.0,57,56.0,58.0,60,55.0,54.5,55.0,54.5,10.0,550.0,356
2023-05-09 21:31:47,SR311P6200,白糖2311沽6200,55.0,0.0,0.0,0.0,47,56.0,58.0,60,55.0,54.5,55.0,54.5,10.0,550.0,356
2023-05-09 21:31:50,SR311P6200,白糖2311沽6200,55.0,0.0,0.0,0.0,57,56.0,58.0,60,55.0,54.5,55.0,54.5,10.0,550.0,356
2023-05-09 21:31:50,SR311P6200,白糖2311沽6200,55.0,0.0,0.0,0.0,47,56.0,58.0,60,55.0,54.5,55.0,54.5,10.0,550.0,356
2023-05-09 21:31:54,SR311P6200,白糖2311沽6200,55.0,0.0,0.0,0.0,37,56.0,57.5,10,55.0,54.5,55.0,54.5,10.0,550.0,356
2023-05-09 21:31:54,SR311P6200,白糖2311沽6200,55.0,0.0,0.0,0.0,47,56.0,57.5,20,55.0,54.5,55.0,54.5,10.0,550.0,356
2023-05-09 21:31:54,SR311P6200,白糖2311沽6200,55.0,0.0,0.0,0.0,37,56.0,57.5,20,55.0,54.5,55.0,54.5,10.0,550.0,356
2023-05-09 21:32:05,SR311P6200,白糖2311沽6200,55.0,0.0,0.0,0.0,37,56.0,57.5,10,55.0,54.5,55.0,54.5,10.0,550.0,356
2023-05-09 21:32:05,SR311P6200,白糖2311沽6200,55.0,0.0,0.0,0.0,47,56.0,58.0,70,55.0,54.5,55.0,54.5,10.0,550.0,356
2023-05-09 21:32:10,SR311P6200,白糖2311沽6200,55.0,0.0,0.0,0.0,37,56.0,57.5,10,55.0,54.5,55.0,54.5,10.0,550.0,356
2023-05-09 21:32:10,SR311P6200,白糖2311沽6200,55.0,0.0,0.0,0.0,37,56.0,57.5,20,55.0,54.5,55.0,54.5,10.0,550.0,356
2023-05-09 21:32:11,SR311P6200,白糖2311沽6200,55.0,0.0,0.0,0.0,47,56.0,57.5,20,55.0,54.5,55.0,54.5,10.0,550.0,356
2023-05-09 21:32:13,SR311P6200,白糖2311沽6200,55.0,0.0,0.0,0.0,57,56.0,57.5,20,55.0,54.5,55.0,54.5,10.0,550.0,356
2023-05-09 21:32:13,SR311P6200,白糖2311沽6200,55.0,0.0,0.0,0.0,57,56.0,57.5,30,55.0,54.5,55.0,54.5,10.0,550.0,356
2023-05-09 21:32:16,SR311P6200,白糖2311沽6200,55.0,0.0,0.0,0.0,47,56.0,57.5,30,55.0,54.5,55.0,54.5,10.0,550.0,356
2023-05-09 21:32:17,SR311P6200,白糖2311沽6200,55.0,0.0,0.0,0.0,37,56.0,57.5,40,55.0,54.5,55.0,54.5,10.0,550.0,356
2023-05-09 21:32:20,SR311P6200,白糖2311沽6200,55.0,0.0,0.0,0.0,47,56.0,57.5,30,55.0,54.5,55.0,54.5,10.0,550.0,356
2023-05-09 21:32:20,SR311P6200,白糖2311沽6200,55.0,0.0,0.0,0.0,37,56.0,57.5,40,55.0,54.5,55.0,54.5,10.0,550.0,356
2023-05-09 21:32:21,SR311P6200,白糖2311沽6200,55.0,0.0,0.0,0.0,37,56.0,57.5,30,55.0,54.5,55.0,54.5,10.0,550.0,356
2023-05-09 21:32:22,SR311P6200,白糖2311沽6200,55.0,0.0,0.0,0.0,37,56.0,57.5,40,55.0,54.5,55.0,54.5,10.0,550.0,356
2023-05-09 21:32:42,SR311P6200,白糖2311沽6200,55.0,0.0,0.0,0.0,47,56.0,57.5,30,55.0,54.5,55.0,54.5,10.0,550.0,356
2023-05-09 21:32:42,SR311P6200,白糖2311沽6200,55.0,0.0,0.0,0.0,37,56.0,57.5,30,55.0,54.5,55.0,54.5,10.0,550.0,356
2023-05-09 21:32:43,SR311P6200,白糖2311沽6200,55.0,0.0,0.0,0.0,47,56.0,57.5,30,55.0,54.5,55.0,54.5,10.0,550.0,356
2023-05-09 21:32:44,SR311P6200,白糖2311沽6200,55.0,0.0,0.0,0.0,37,56.0,57.5,40,55.0,54.5,55.0,54.5,10.0,550.0,356
2023-05-09 21:32:47,SR311P6200,白糖2311沽6200,55.0,0.0,0.0,0.0,47,56.0,57.5,30,55.0,54.5,55.0,54.5,10.0,550.0,356
2023-05-09 21:32:49,SR311P6200,白糖2311沽6200,55.0,0.0,0.0,0.0,37,56.0,57.5,40,55.0,54.5,55.0,54.5,10.0,550.0,356
2023-05-09 21:32:50,SR311P6200,白糖2311沽6200,55.0,0.0,0.0,0.0,47,56.0,57.5,30,55.0,54.5,55.0,54.5,10.0,550.0,356
2023-05-09 21:32:51,SR311P6200,白糖2311沽6200,55.0,0.0,0.0,0.0,37,56.0,57.5,40,55.0,54.5,55.0,54.5,10.0,550.0,356
2023-05-09 21:33:11,SR311P6200,白糖2311沽6200,55.0,0.0,0.0,0.0,47,56.0,57.5,40,55.0,54.5,55.0,54.5,10.0,550.0,356
2023-05-09 21:33:13,SR311P6200,白糖2311沽6200,55.0,0.0,0.0,0.0,37,56.0,57.5,40,55.0,54.5,55.0,54.5,10.0,550.0,356
2023-05-09 21:33:14,SR311P6200,白糖2311沽6200,55.0,0.0,0.0,0.0,47,56.0,57.5,40,55.0,54.5,55.0,54.5,10.0,550.0,356
2023-05-09 21:33:15,SR311P6200,白糖2311沽6200,55.0,0.0,0.0,0.0,57,56.0,57.5,30,55.0,54.5,55.0,54.5,10.0,550.0,356
2023-05-09 21:33:16,SR311P6200,白糖2311沽6200,55.0,0.0,0.0,0.0,37,56.0,57.5,40,55.0,54.5,55.0,54.5,10.0,550.0,356
2023-05-09 21:33:22,SR311P6200,白糖2311沽6200,55.0,0.0,0.0,0.0,37,56.0,57.5,30,55.0,54.5,55.0,54.5,10.0,550.0,356
2023-05-09 21:33:22,SR311P6200,白糖2311沽6200,55.0,0.0,0.0,0.0,47,56.0,57.5,30,55.0,54.5,55.0,54.5,10.0,550.0,356
2023-05-09 21:33:26,SR311P6200,白糖2311沽6200,55.0,0.0,0.0,0.0,37,56.0,57.5,40,55.0,54.5,55.0,54.5,10.0,550.0,356
2023-05-09 21:33:29,SR311P6200,白糖2311沽6200,55.0,0.0,0.0,0.0,47,56.0,57.5,30,55.0,54.5,55.0,54.5,10.0,550.0,356
2023-05-09 21:33:31,SR311P6200,白糖2311沽6200,55.0,0.0,0.0,0.0,37,56.0,57.5,40,55.0,54.5,55.0,54.5,10.0,550.0,356
2023-05-09 21:33:36,SR311P6200,白糖2311沽6200,55.0,0.0,0.0,0.0,47,56.0,57.5,30,55.0,54.5,55.0,54.5,10.0,550.0,356
2023-05-09 21:33:38,SR311P6200,白糖2311沽6200,55.0,0.0,0.0,0.0,57,56.0,57.5,30,55.0,54.5,55.0,54.5,10.0,550.0,356
2023-05-09 21:33:40,SR311P6200,白糖2311沽6200,55.0,0.0,0.0,0.0,47,56.0,57.5,40,55.0,54.5,55.0,54.5,10.0,550.0,356
2023-05-09 21:33:40,SR311P6200,白糖2311沽6200,55.0,0.0,0.0,0.0,37,56.0,57.5,40,55.0,54.5,55.0,54.5,10.0,550.0,356
2023-05-09 21:33:41,SR311P6200,白糖2311沽6200,55.0,0.0,0.0,0.0,37,56.0,57.5,30,55.0,54.5,55.0,54.5,10.0,550.0,356
2023-05-09 21:33:41,SR311P6200,白糖2311沽6200,55.0,0.0,0.0,0.0,37,56.0,57.5,40,55.0,54.5,55.0,54.5,10.0,550.0,356
2023-05-09 21:33:47,SR311P6200,白糖2311沽6200,55.0,0.0,0.0,0.0,47,56.0,57.5,30,55.0,54.5,55.0,54.5,10.0,550.0,356
2023-05-09 21:33:49,SR311P6200,白糖2311沽6200,55.0,0.0,0.0,0.0,37,56.0,57.5,40,55.0,54.5,55.0,54.5,10.0,550.0,356
2023-05-09 21:33:52,SR311P6200,白糖2311沽6200,55.0,0.0,0.0,0.0,27,56.0,57.5,50,55.0,54.5,55.0,54.5,10.0,550.0,356
2023-05-09 21:33:56,SR311P6200,白糖2311沽6200,55.0,0.0,0.0,0.0,17,56.0,57.5,60,55.0,54.5,55.0,54.5,10.0,550.0,356
2023-05-09 21:33:59,SR311P6200,白糖2311沽6200,55.0,0.0,0.0,0.0,17,56.0,57.5,50,55.0,54.5,55.0,54.5,10.0,550.0,356
2023-05-09 21:34:00,SR311P6200,白糖2311沽6200,55.0,0.0,0.0,0.0,27,56.0,57.5,50,55.0,54.5,55.0,54.5,10.0,550.0,356
2023-05-09 21:34:19,SR311P6200,白糖2311沽6200,55.0,0.0,0.0,0.0,47,56.0,57.0,30,55.0,54.5,55.0,54.5,10.0,550.0,356
2023-05-09 21:34:19,SR311P6200,白糖2311沽6200,55.0,0.0,0.0,0.0,37,56.0,57.0,30,55.0,54.5,55.0,54.5,10.0,550.0,356
2023-05-09 21:34:36,SR311P6200,白糖2311沽6200,55.0,0.0,0.0,0.0,27,56.0,57.0,30,55.0,54.5,55.0,54.5,10.0,550.0,356
2023-05-09 21:34:36,SR311P6200,白糖2311沽6200,55.0,0.0,0.0,0.0,17,56.0,57.0,30,55.0,54.5,55.0,54.5,10.0,550.0,356
2023-05-09 21:34:43,SR311P6200,白糖2311沽6200,55.0,0.0,0.0,0.0,10,56.0,57.0,30,55.0,54.5,55.0,54.5,10.0,550.0,356
2023-05-09 21:35:29,SR311P6200,白糖2311沽6200,55.0,0.0,0.0,0.0,10,56.0,57.0,40,55.0,54.5,55.0,54.5,10.0,550.0,356
2023-05-09 21:35:30,SR311P6200,白糖2311沽6200,55.0,0.0,0.0,0.0,57,55.5,57.0,40,55.0,54.5,55.0,54.5,10.0,550.0,356
2023-05-09 21:35:30,SR311P6200,白糖2311沽6200,55.0,0.0,0.0,0.0,47,55.5,57.0,30,55.0,54.5,55.0,54.5,10.0,550.0,356
2023-05-09 21:35:31,SR311P6200,白糖2311沽6200,55.0,0.0,0.0,0.0,67,55.5,57.0,30,55.0,54.5,55.0,54.5,10.0,550.0,356
2023-05-09 21:35:33,SR311P6200,白糖2311沽6200,55.0,0.0,0.0,0.0,67,55.5,57.0,20,55.0,54.5,55.0,54.5,10.0,550.0,356
2023-05-09 21:35:34,SR311P6200,白糖2311沽6200,55.0,0.0,0.0,0.0,97,55.5,57.0,20,55.0,54.5,55.0,54.5,10.0,550.0,356
2023-05-09 21:35:38,SR311P6200,白糖2311沽6200,55.0,0.0,0.0,0.0,87,55.5,57.0,20,55.0,54.5,55.0,54.5,10.0,550.0,356
2023-05-09 21:35:39,SR311P6200,白糖2311沽6200,55.0,0.0,0.0,0.0,97,55.5,57.0,20,55.0,54.5,55.0,54.5,10.0,550.0,356
2023-05-09 21:35:39,SR311P6200,白糖2311沽6200,55.0,0.0,0.0,0.0,87,55.5,57.0,20,55.0,54.5,55.0,54.5,10.0,550.0,356
2023-05-09 21:35:43,SR311P6200,白糖2311沽6200,55.0,0.0,0.0,0.0,97,55.5,57.0,20,55.0,54.5,55.0,54.5,10.0,550.0,356
2023-05-09 21:35:45,SR311P6200,白糖2311沽6200,55.0,0.0,0.0,0.0,87,55.5,57.0,20,55.0,54.5,55.0,54.5,10.0,550.0,356
2023-05-09 21:35:47,SR311P6200,白糖2311沽6200,55.0,0.0,0.0,0.0,77,55.5,57.0,30,55.0,54.5,55.0,54.5,10.0,550.0,356
2023-05-09 21:35:48,SR311P6200,白糖2311沽6200,55.0,0.0,0.0,0.0,67,55.5,57.0,30,55.0,54.5,55.0,54.5,10.0,550.0,356
2023-05-09 21:35:52,SR311P6200,白糖2311沽6200,55.0,0.0,0.0,0.0,87,55.5,57.0,30,55.0,54.5,55.0,54.5,10.0,550.0,356
2023-05-09 21:35:52,SR311P6200,白糖2311沽6200,55.0,0.0,0.0,0.0,67,55.5,57.0,30,55.0,54.5,55.0,54.5,10.0,550.0,356
2023-05-09 21:35:53,SR311P6200,白糖2311沽6200,55.0,0.0,0.0,0.0,77,55.5,57.0,30,55.0,54.5,55.0,54.5,10.0,550.0,356
2023-05-09 21:35:56,SR311P6200,白糖2311沽6200,55.0,0.0,0.0,0.0,87,55.5,57.0,20,55.0,54.5,55.0,54.5,10.0,550.0,356
2023-05-09 21:35:57,SR311P6200,白糖2311沽6200,55.0,0.0,0.0,0.0,77,55.5,57.0,30,55.0,54.5,55.0,54.5,10.0,550.0,356
2023-05-09 21:35:57,SR311P6200,白糖2311沽6200,55.0,0.0,0.0,0.0,87,55.5,57.0,20,55.0,54.5,55.0,54.5,10.0,550.0,356
2023-05-09 21:35:59,SR311P6200,白糖2311沽6200,55.0,0.0,0.0,0.0,7,56.0,57.0,20,55.0,54.5,55.0,54.5,10.0,550.0,356
2023-05-09 21:35:59,SR311P6200,白糖2311沽6200,55.0,0.0,0.0,0.0,17,56.0,57.0,20,55.0,54.5,55.0,54.5,10.0,550.0,356
2023-05-09 21:36:00,SR311P6200,白糖2311沽6200,55.0,0.0,0.0,0.0,27,56.0,57.0,20,55.0,54.5,55.0,54.5,10.0,550.0,356
2023-05-09 21:36:00,SR311P6200,白糖2311沽6200,55.0,0.0,0.0,0.0,10,56.5,57.0,20,55.0,54.5,55.0,54.5,10.0,550.0,356
2023-05-09 21:36:03,SR311P6200,白糖2311沽6200,57.0,10.0,570.0,0.0,10,56.5,57.5,40,55.0,54.5,57.0,54.5,20.0,1120.0,356
2023-05-09 21:36:03,SR311P6200,白糖2311沽6200,57.0,0.0,0.0,0.0,10,56.5,57.5,30,55.0,54.5,57.0,54.5,20.0,1120.0,356
2023-05-09 21:36:26,SR311P6200,白糖2311沽6200,57.0,0.0,0.0,0.0,20,56.5,57.5,30,55.0,54.5,57.0,54.5,20.0,1120.0,356
2023-05-09 21:36:30,SR311P6200,白糖2311沽6200,57.0,0.0,0.0,0.0,30,56.5,57.5,30,55.0,54.5,57.0,54.5,20.0,1120.0,356
2023-05-09 21:36:36,SR311P6200,白糖2311沽6200,57.0,0.0,0.0,0.0,10,56.5,57.5,30,55.0,54.5,57.0,54.5,20.0,1120.0,356
2023-05-09 21:36:37,SR311P6200,白糖2311沽6200,57.0,0.0,0.0,0.0,20,56.5,57.5,30,55.0,54.5,57.0,54.5,20.0,1120.0,356
2023-05-09 21:36:37,SR311P6200,白糖2311沽6200,57.0,0.0,0.0,0.0,10,56.5,57.5,30,55.0,54.5,57.0,54.5,20.0,1120.0,356
2023-05-09 21:36:38,SR311P6200,白糖2311沽6200,57.0,0.0,0.0,0.0,20,56.5,57.5,30,55.0,54.5,57.0,54.5,20.0,1120.0,356
2023-05-09 21:36:53,SR311P6200,白糖2311沽6200,57.0,0.0,0.0,0.0,10,56.5,57.5,30,55.0,54.5,57.0,54.5,20.0,1120.0,356
2023-05-09 21:36:54,SR311P6200,白糖2311沽6200,57.0,0.0,0.0,0.0,20,56.5,57.5,30,55.0,54.5,57.0,54.5,20.0,1120.0,356
2023-05-09 21:36:57,SR311P6200,白糖2311沽6200,57.0,0.0,0.0,0.0,10,56.5,57.5,30,55.0,54.5,57.0,54.5,20.0,1120.0,356
2023-05-09 21:37:00,SR311P6200,白糖2311沽6200,57.0,0.0,0.0,0.0,57,56.0,57.5,30,55.0,54.5,57.0,54.5,20.0,1120.0,356
2023-05-09 21:37:01,SR311P6200,白糖2311沽6200,57.0,0.0,0.0,0.0,47,56.0,57.5,30,55.0,54.5,57.0,54.5,20.0,1120.0,356
2023-05-09 21:37:02,SR311P6200,白糖2311沽6200,57.0,0.0,0.0,0.0,57,56.0,57.5,30,55.0,54.5,57.0,54.5,20.0,1120.0,356
2023-05-09 21:37:02,SR311P6200,白糖2311沽6200,57.0,0.0,0.0,0.0,47,56.0,57.5,30,55.0,54.5,57.0,54.5,20.0,1120.0,356
2023-05-09 21:37:03,SR311P6200,白糖2311沽6200,57.0,0.0,0.0,0.0,57,56.0,57.5,30,55.0,54.5,57.0,54.5,20.0,1120.0,356
2023-05-09 21:37:05,SR311P6200,白糖2311沽6200,57.0,0.0,0.0,0.0,47,56.0,57.5,30,55.0,54.5,57.0,54.5,20.0,1120.0,356
2023-05-09 21:37:07,SR311P6200,白糖2311沽6200,57.0,0.0,0.0,0.0,57,56.0,57.5,30,55.0,54.5,57.0,54.5,20.0,1120.0,356
2023-05-09 21:37:08,SR311P6200,白糖2311沽6200,57.0,0.0,0.0,0.0,47,56.0,57.5,30,55.0,54.5,57.0,54.5,20.0,1120.0,356
2023-05-09 21:37:13,SR311P6200,白糖2311沽6200,57.0,0.0,0.0,0.0,37,56.0,57.5,30,55.0,54.5,57.0,54.5,20.0,1120.0,356
2023-05-09 21:37:13,SR311P6200,白糖2311沽6200,57.0,0.0,0.0,0.0,47,56.0,57.5,30,55.0,54.5,57.0,54.5,20.0,1120.0,356
2023-05-09 21:37:17,SR311P6200,白糖2311沽6200,57.0,0.0,0.0,0.0,57,56.0,57.5,30,55.0,54.5,57.0,54.5,20.0,1120.0,356
2023-05-09 21:37:17,SR311P6200,白糖2311沽6200,57.0,0.0,0.0,0.0,67,56.0,57.5,30,55.0,54.5,57.0,54.5,20.0,1120.0,356
2023-05-09 21:37:19,SR311P6200,白糖2311沽6200,57.0,0.0,0.0,0.0,57,56.0,57.5,30,55.0,54.5,57.0,54.5,20.0,1120.0,356
2023-05-09 21:37:21,SR311P6200,白糖2311沽6200,57.0,0.0,0.0,0.0,67,56.0,57.5,30,55.0,54.5,57.0,54.5,20.0,1120.0,356
2023-05-09 21:37:24,SR311P6200,白糖2311沽6200,57.0,0.0,0.0,0.0,57,56.0,57.5,30,55.0,54.5,57.0,54.5,20.0,1120.0,356
2023-05-09 21:37:25,SR311P6200,白糖2311沽6200,57.0,0.0,0.0,0.0,47,56.0,57.5,30,55.0,54.5,57.0,54.5,20.0,1120.0,356
2023-05-09 21:37:26,SR311P6200,白糖2311沽6200,57.0,0.0,0.0,0.0,57,56.0,57.5,30,55.0,54.5,57.0,54.5,20.0,1120.0,356
2023-05-09 21:37:27,SR311P6200,白糖2311沽6200,57.0,0.0,0.0,0.0,47,56.0,57.5,30,55.0,54.5,57.0,54.5,20.0,1120.0,356
2023-05-09 21:37:28,SR311P6200,白糖2311沽6200,57.0,0.0,0.0,0.0,57,56.0,57.5,30,55.0,54.5,57.0,54.5,20.0,1120.0,356
2023-05-09 21:37:34,SR311P6200,白糖2311沽6200,57.0,0.0,0.0,0.0,47,56.0,57.5,30,55.0,54.5,57.0,54.5,20.0,1120.0,356
2023-05-09 21:37:38,SR311P6200,白糖2311沽6200,57.0,0.0,0.0,0.0,67,56.0,57.5,30,55.0,54.5,57.0,54.5,20.0,1120.0,356
2023-05-09 21:37:39,SR311P6200,白糖2311沽6200,57.0,0.0,0.0,0.0,57,56.0,57.5,30,55.0,54.5,57.0,54.5,20.0,1120.0,356
2023-05-09 21:37:51,SR311P6200,白糖2311沽6200,57.0,0.0,0.0,0.0,47,56.0,57.5,30,55.0,54.5,57.0,54.5,20.0,1120.0,356
2023-05-09 21:38:00,SR311P6200,白糖2311沽6200,57.0,0.0,0.0,0.0,57,56.0,57.5,30,55.0,54.5,57.0,54.5,20.0,1120.0,356
2023-05-09 21:38:02,SR311P6200,白糖2311沽6200,57.0,0.0,0.0,0.0,47,56.0,57.5,30,55.0,54.5,57.0,54.5,20.0,1120.0,356
2023-05-09 21:38:02,SR311P6200,白糖2311沽6200,57.0,0.0,0.0,0.0,57,56.0,57.5,30,55.0,54.5,57.0,54.5,20.0,1120.0,356
2023-05-09 21:38:06,SR311P6200,白糖2311沽6200,57.0,0.0,0.0,0.0,47,56.0,57.5,30,55.0,54.5,57.0,54.5,20.0,1120.0,356
2023-05-09 21:38:09,SR311P6200,白糖2311沽6200,57.0,0.0,0.0,0.0,57,56.0,57.5,30,55.0,54.5,57.0,54.5,20.0,1120.0,356
2023-05-09 21:38:14,SR311P6200,白糖2311沽6200,57.0,0.0,0.0,0.0,47,56.0,57.5,40,55.0,54.5,57.0,54.5,20.0,1120.0,356
2023-05-09 21:38:16,SR311P6200,白糖2311沽6200,57.0,0.0,0.0,0.0,57,56.0,57.5,30,55.0,54.5,57.0,54.5,20.0,1120.0,356
2023-05-09 21:38:18,SR311P6200,白糖2311沽6200,57.0,0.0,0.0,0.0,47,56.0,57.5,40,55.0,54.5,57.0,54.5,20.0,1120.0,356
2023-05-09 21:38:27,SR311P6200,白糖2311沽6200,57.0,0.0,0.0,0.0,47,56.0,57.5,50,55.0,54.5,57.0,54.5,20.0,1120.0,356
2023-05-09 21:38:28,SR311P6200,白糖2311沽6200,57.0,0.0,0.0,0.0,37,56.0,57.5,50,55.0,54.5,57.0,54.5,20.0,1120.0,356
2023-05-09 21:38:30,SR311P6200,白糖2311沽6200,57.0,0.0,0.0,0.0,47,56.0,57.5,50,55.0,54.5,57.0,54.5,20.0,1120.0,356
2023-05-09 21:38:30,SR311P6200,白糖2311沽6200,57.0,0.0,0.0,0.0,37,56.0,57.5,50,55.0,54.5,57.0,54.5,20.0,1120.0,356
2023-05-09 21:38:31,SR311P6200,白糖2311沽6200,57.0,0.0,0.0,0.0,47,56.0,57.5,50,55.0,54.5,57.0,54.5,20.0,1120.0,356
2023-05-09 21:38:32,SR311P6200,白糖2311沽6200,57.0,0.0,0.0,0.0,57,56.0,57.5,40,55.0,54.5,57.0,54.5,20.0,1120.0,356
2023-05-09 21:38:33,SR311P6200,白糖2311沽6200,57.0,0.0,0.0,0.0,47,56.0,57.5,50,55.0,54.5,57.0,54.5,20.0,1120.0,356
2023-05-09 21:38:33,SR311P6200,白糖2311沽6200,57.0,0.0,0.0,0.0,57,56.0,57.5,50,55.0,54.5,57.0,54.5,20.0,1120.0,356
2023-05-09 21:38:34,SR311P6200,白糖2311沽6200,57.0,0.0,0.0,0.0,47,56.0,57.5,50,55.0,54.5,57.0,54.5,20.0,1120.0,356
2023-05-09 21:38:35,SR311P6200,白糖2311沽6200,57.0,0.0,0.0,0.0,37,56.0,57.5,50,55.0,54.5,57.0,54.5,20.0,1120.0,356
2023-05-09 21:38:46,SR311P6200,白糖2311沽6200,57.0,0.0,0.0,0.0,57,56.0,57.5,40,55.0,54.5,57.0,54.5,20.0,1120.0,356
2023-05-09 21:38:46,SR311P6200,白糖2311沽6200,57.0,0.0,0.0,0.0,47,56.0,57.5,50,55.0,54.5,57.0,54.5,20.0,1120.0,356
2023-05-09 21:38:56,SR311P6200,白糖2311沽6200,57.0,0.0,0.0,0.0,57,56.0,57.5,40,55.0,54.5,57.0,54.5,20.0,1120.0,356
2023-05-09 21:38:56,SR311P6200,白糖2311沽6200,57.0,0.0,0.0,0.0,47,56.0,57.5,40,55.0,54.5,57.0,54.5,20.0,1120.0,356
2023-05-09 21:38:58,SR311P6200,白糖2311沽6200,57.0,0.0,0.0,0.0,47,56.0,57.5,50,55.0,54.5,57.0,54.5,20.0,1120.0,356
2023-05-09 21:38:58,SR311P6200,白糖2311沽6200,57.0,0.0,0.0,0.0,57,56.0,57.5,40,55.0,54.5,57.0,54.5,20.0,1120.0,356
2023-05-09 21:39:00,SR311P6200,白糖2311沽6200,57.0,0.0,0.0,0.0,57,56.0,57.5,50,55.0,54.5,57.0,54.5,20.0,1120.0,356
2023-05-09 21:39:00,SR311P6200,白糖2311沽6200,57.0,0.0,0.0,0.0,37,56.0,57.5,50,55.0,54.5,57.0,54.5,20.0,1120.0,356
2023-05-09 21:39:04,SR311P6200,白糖2311沽6200,57.0,0.0,0.0,0.0,37,56.0,57.5,40,55.0,54.5,57.0,54.5,20.0,1120.0,356
2023-05-09 21:39:04,SR311P6200,白糖2311沽6200,57.0,0.0,0.0,0.0,47,56.0,57.5,50,55.0,54.5,57.0,54.5,20.0,1120.0,356
2023-05-09 21:39:05,SR311P6200,白糖2311沽6200,57.0,0.0,0.0,0.0,47,56.0,57.5,40,55.0,54.5,57.0,54.5,20.0,1120.0,356
2023-05-09 21:39:08,SR311P6200,白糖2311沽6200,57.0,0.0,0.0,0.0,57,56.0,57.5,40,55.0,54.5,57.0,54.5,20.0,1120.0,356
2023-05-09 21:39:09,SR311P6200,白糖2311沽6200,57.0,0.0,0.0,0.0,47,56.0,57.5,40,55.0,54.5,57.0,54.5,20.0,1120.0,356
2023-05-09 21:39:10,SR311P6200,白糖2311沽6200,57.0,0.0,0.0,0.0,57,56.0,57.5,40,55.0,54.5,57.0,54.5,20.0,1120.0,356
2023-05-09 21:39:21,SR311P6200,白糖2311沽6200,57.0,0.0,0.0,0.0,57,56.0,57.5,50,55.0,54.5,57.0,54.5,20.0,1120.0,356
2023-05-09 21:39:21,SR311P6200,白糖2311沽6200,57.0,0.0,0.0,0.0,47,56.0,57.5,50,55.0,54.5,57.0,54.5,20.0,1120.0,356
2023-05-09 21:39:22,SR311P6200,白糖2311沽6200,57.0,0.0,0.0,0.0,57,56.0,57.5,40,55.0,54.5,57.0,54.5,20.0,1120.0,356
2023-05-09 21:39:23,SR311P6200,白糖2311沽6200,57.0,0.0,0.0,0.0,47,56.0,57.5,40,55.0,54.5,57.0,54.5,20.0,1120.0,356
2023-05-09 21:39:23,SR311P6200,白糖2311沽6200,57.0,0.0,0.0,0.0,57,56.0,57.5,40,55.0,54.5,57.0,54.5,20.0,1120.0,356
2023-05-09 21:39:30,SR311P6200,白糖2311沽6200,57.0,0.0,0.0,0.0,67,56.0,57.5,40,55.0,54.5,57.0,54.5,20.0,1120.0,356
2023-05-09 21:39:37,SR311P6200,白糖2311沽6200,57.0,0.0,0.0,0.0,57,56.0,57.5,40,55.0,54.5,57.0,54.5,20.0,1120.0,356
2023-05-09 21:39:40,SR311P6200,白糖2311沽6200,57.0,0.0,0.0,0.0,67,56.0,57.5,40,55.0,54.5,57.0,54.5,20.0,1120.0,356
2023-05-09 21:39:41,SR311P6200,白糖2311沽6200,57.0,0.0,0.0,0.0,57,56.0,57.5,40,55.0,54.5,57.0,54.5,20.0,1120.0,356
2023-05-09 21:39:48,SR311P6200,白糖2311沽6200,57.0,0.0,0.0,0.0,67,56.0,57.5,40,55.0,54.5,57.0,54.5,20.0,1120.0,356
2023-05-09 21:39:48,SR311P6200,白糖2311沽6200,57.0,0.0,0.0,0.0,57,56.0,57.5,40,55.0,54.5,57.0,54.5,20.0,1120.0,356
2023-05-09 21:39:50,SR311P6200,白糖2311沽6200,57.0,0.0,0.0,0.0,67,56.0,57.5,40,55.0,54.5,57.0,54.5,20.0,1120.0,356
2023-05-09 21:39:51,SR311P6200,白糖2311沽6200,57.0,0.0,0.0,0.0,57,56.0,57.5,40,55.0,54.5,57.0,54.5,20.0,1120.0,356
2023-05-09 21:39:57,SR311P6200,白糖2311沽6200,57.0,0.0,0.0,0.0,67,56.0,57.5,40,55.0,54.5,57.0,54.5,20.0,1120.0,356
2023-05-09 21:40:00,SR311P6200,白糖2311沽6200,57.0,0.0,0.0,0.0,67,56.0,57.5,30,55.0,54.5,57.0,54.5,20.0,1120.0,356
2023-05-09 21:40:02,SR311P6200,白糖2311沽6200,57.0,0.0,0.0,0.0,57,56.0,57.5,30,55.0,54.5,57.0,54.5,20.0,1120.0,356
2023-05-09 21:40:03,SR311P6200,白糖2311沽6200,57.0,0.0,0.0,0.0,67,56.0,57.5,30,55.0,54.5,57.0,54.5,20.0,1120.0,356
2023-05-09 21:40:03,SR311P6200,白糖2311沽6200,57.0,0.0,0.0,0.0,57,56.0,57.5,30,55.0,54.5,57.0,54.5,20.0,1120.0,356
2023-05-09 21:40:04,SR311P6200,白糖2311沽6200,57.0,0.0,0.0,0.0,67,56.0,57.5,30,55.0,54.5,57.0,54.5,20.0,1120.0,356
2023-05-09 21:40:08,SR311P6200,白糖2311沽6200,57.0,0.0,0.0,0.0,57,56.0,57.5,30,55.0,54.5,57.0,54.5,20.0,1120.0,356
2023-05-09 21:40:28,SR311P6200,白糖2311沽6200,57.0,0.0,0.0,0.0,67,56.0,57.5,30,55.0,54.5,57.0,54.5,20.0,1120.0,356
2023-05-09 21:40:30,SR311P6200,白糖2311沽6200,57.0,0.0,0.0,0.0,57,56.0,57.5,30,55.0,54.5,57.0,54.5,20.0,1120.0,356
2023-05-09 21:40:50,SR311P6200,白糖2311沽6200,57.0,0.0,0.0,0.0,47,56.0,57.5,30,55.0,54.5,57.0,54.5,20.0,1120.0,356
2023-05-09 21:40:51,SR311P6200,白糖2311沽6200,57.0,0.0,0.0,0.0,37,56.0,57.5,40,55.0,54.5,57.0,54.5,20.0,1120.0,356
2023-05-09 21:40:51,SR311P6200,白糖2311沽6200,57.0,0.0,0.0,0.0,37,56.0,57.5,30,55.0,54.5,57.0,54.5,20.0,1120.0,356
2023-05-09 21:40:52,SR311P6200,白糖2311沽6200,57.0,0.0,0.0,0.0,27,56.0,57.5,40,55.0,54.5,57.0,54.5,20.0,1120.0,356
2023-05-09 21:40:55,SR311P6200,白糖2311沽6200,57.0,0.0,0.0,0.0,27,56.0,57.5,30,55.0,54.5,57.0,54.5,20.0,1120.0,356
2023-05-09 21:40:55,SR311P6200,白糖2311沽6200,57.0,0.0,0.0,0.0,37,56.0,57.5,30,55.0,54.5,57.0,54.5,20.0,1120.0,356
2023-05-09 21:41:07,SR311P6200,白糖2311沽6200,57.0,0.0,0.0,0.0,47,56.0,57.5,30,55.0,54.5,57.0,54.5,20.0,1120.0,356
2023-05-09 21:41:25,SR311P6200,白糖2311沽6200,57.0,0.0,0.0,0.0,67,56.0,57.5,10,55.0,54.5,57.0,54.5,20.0,1120.0,356
2023-05-09 21:41:26,SR311P6200,白糖2311沽6200,57.0,0.0,0.0,0.0,57,56.0,58.0,40,55.0,54.5,57.0,54.5,20.0,1120.0,356
2023-05-09 21:41:27,SR311P6200,白糖2311沽6200,57.0,0.0,0.0,0.0,17,56.5,58.0,30,55.0,54.5,57.0,54.5,20.0,1120.0,356
2023-05-09 21:41:27,SR311P6200,白糖2311沽6200,57.0,0.0,0.0,0.0,37,56.5,58.0,20,55.0,54.5,57.0,54.5,20.0,1120.0,356
2023-05-09 21:41:28,SR311P6200,白糖2311沽6200,57.0,0.0,0.0,0.0,37,56.5,58.5,57,55.0,54.5,57.0,54.5,20.0,1120.0,356
2023-05-09 21:41:29,SR311P6200,白糖2311沽6200,57.0,0.0,0.0,0.0,37,56.5,58.5,67,55.0,54.5,57.0,54.5,20.0,1120.0,356
2023-05-09 21:41:30,SR311P6200,白糖2311沽6200,57.0,0.0,0.0,0.0,27,56.5,58.0,20,55.0,54.5,57.0,54.5,20.0,1120.0,356
2023-05-09 21:41:32,SR311P6200,白糖2311沽6200,57.0,0.0,0.0,0.0,27,56.5,58.0,30,55.0,54.5,57.0,54.5,20.0,1120.0,356
2023-05-09 21:41:34,SR311P6200,白糖2311沽6200,57.0,0.0,0.0,0.0,37,56.5,58.0,40,55.0,54.5,57.0,54.5,20.0,1120.0,356
2023-05-09 21:41:39,SR311P6200,白糖2311沽6200,57.0,0.0,0.0,0.0,17,56.5,58.0,30,55.0,54.5,57.0,54.5,20.0,1120.0,356
2023-05-09 21:41:40,SR311P6200,白糖2311沽6200,57.0,0.0,0.0,0.0,17,56.5,58.0,40,55.0,54.5,57.0,54.5,20.0,1120.0,356
2023-05-09 21:41:40,SR311P6200,白糖2311沽6200,57.0,0.0,0.0,0.0,17,56.5,58.0,50,55.0,54.5,57.0,54.5,20.0,1120.0,356
2023-05-09 21:41:41,SR311P6200,白糖2311沽6200,57.0,0.0,0.0,0.0,17,56.5,58.0,40,55.0,54.5,57.0,54.5,20.0,1120.0,356
2023-05-09 21:41:42,SR311P6200,白糖2311沽6200,57.0,0.0,0.0,0.0,17,56.5,58.0,50,55.0,54.5,57.0,54.5,20.0,1120.0,356
2023-05-09 21:41:43,SR311P6200,白糖2311沽6200,57.0,0.0,0.0,0.0,17,56.5,58.0,60,55.0,54.5,57.0,54.5,20.0,1120.0,356
2023-05-09 21:41:44,SR311P6200,白糖2311沽6200,57.0,0.0,0.0,0.0,27,56.5,58.0,50,55.0,54.5,57.0,54.5,20.0,1120.0,356
2023-05-09 21:41:47,SR311P6200,白糖2311沽6200,57.0,0.0,0.0,0.0,17,56.5,58.0,60,55.0,54.5,57.0,54.5,20.0,1120.0,356
2023-05-09 21:41:47,SR311P6200,白糖2311沽6200,57.0,0.0,0.0,0.0,17,56.5,58.0,50,55.0,54.5,57.0,54.5,20.0,1120.0,356
2023-05-09 21:41:48,SR311P6200,白糖2311沽6200,57.0,0.0,0.0,0.0,27,56.5,58.0,50,55.0,54.5,57.0,54.5,20.0,1120.0,356
2023-05-09 21:41:57,SR311P6200,白糖2311沽6200,57.0,0.0,0.0,0.0,27,56.5,58.0,40,55.0,54.5,57.0,54.5,20.0,1120.0,356
2023-05-09 21:41:57,SR311P6200,白糖2311沽6200,57.0,0.0,0.0,0.0,37,56.5,58.0,40,55.0,54.5,57.0,54.5,20.0,1120.0,356
2023-05-09 21:41:58,SR311P6200,白糖2311沽6200,57.0,0.0,0.0,0.0,27,56.5,58.0,50,55.0,54.5,57.0,54.5,20.0,1120.0,356
2023-05-09 21:42:08,SR311P6200,白糖2311沽6200,57.0,0.0,0.0,0.0,17,56.5,58.0,60,55.0,54.5,57.0,54.5,20.0,1120.0,356
2023-05-09 21:42:09,SR311P6200,白糖2311沽6200,57.0,0.0,0.0,0.0,17,56.5,58.0,50,55.0,54.5,57.0,54.5,20.0,1120.0,356
2023-05-09 21:42:09,SR311P6200,白糖2311沽6200,57.0,0.0,0.0,0.0,17,56.5,58.0,60,55.0,54.5,57.0,54.5,20.0,1120.0,356
2023-05-09 21:42:09,SR311P6200,白糖2311沽6200,57.0,0.0,0.0,0.0,17,56.5,58.0,50,55.0,54.5,57.0,54.5,20.0,1120.0,356
2023-05-09 21:42:09,SR311P6200,白糖2311沽6200,57.0,0.0,0.0,0.0,17,56.5,58.0,60,55.0,54.5,57.0,54.5,20.0,1120.0,356
2023-05-09 21:42:12,SR311P6200,白糖2311沽6200,57.0,0.0,0.0,0.0,17,56.5,58.0,50,55.0,54.5,57.0,54.5,20.0,1120.0,356
2023-05-09 21:42:14,SR311P6200,白糖2311沽6200,57.0,0.0,0.0,0.0,17,56.5,58.0,60,55.0,54.5,57.0,54.5,20.0,1120.0,356
2023-05-09 21:42:14,SR311P6200,白糖2311沽6200,57.0,0.0,0.0,0.0,17,56.5,58.0,50,55.0,54.5,57.0,54.5,20.0,1120.0,356
2023-05-09 21:42:17,SR311P6200,白糖2311沽6200,57.0,0.0,0.0,0.0,27,56.5,58.0,50,55.0,54.5,57.0,54.5,20.0,1120.0,356
2023-05-09 21:42:19,SR311P6200,白糖2311沽6200,57.0,0.0,0.0,0.0,17,56.5,58.0,50,55.0,54.5,57.0,54.5,20.0,1120.0,356
2023-05-09 21:42:20,SR311P6200,白糖2311沽6200,57.0,0.0,0.0,0.0,27,56.5,58.0,50,55.0,54.5,57.0,54.5,20.0,1120.0,356
2023-05-09 21:42:24,SR311P6200,白糖2311沽6200,57.0,0.0,0.0,0.0,17,56.5,58.0,50,55.0,54.5,57.0,54.5,20.0,1120.0,356
2023-05-09 21:42:27,SR311P6200,白糖2311沽6200,57.0,0.0,0.0,0.0,17,56.5,58.0,60,55.0,54.5,57.0,54.5,20.0,1120.0,356
2023-05-09 21:42:27,SR311P6200,白糖2311沽6200,57.0,0.0,0.0,0.0,17,56.5,58.0,50,55.0,54.5,57.0,54.5,20.0,1120.0,356
2023-05-09 21:42:28,SR311P6200,白糖2311沽6200,57.0,0.0,0.0,0.0,27,56.5,58.0,50,55.0,54.5,57.0,54.5,20.0,1120.0,356
2023-05-09 21:42:32,SR311P6200,白糖2311沽6200,57.0,0.0,0.0,0.0,17,56.5,58.0,50,55.0,54.5,57.0,54.5,20.0,1120.0,356
2023-05-09 21:42:33,SR311P6200,白糖2311沽6200,57.0,0.0,0.0,0.0,17,56.5,58.0,60,55.0,54.5,57.0,54.5,20.0,1120.0,356
2023-05-09 21:42:41,SR311P6200,白糖2311沽6200,57.0,0.0,0.0,0.0,17,56.5,57.5,20,55.0,54.5,57.0,54.5,20.0,1120.0,356
2023-05-09 21:42:41,SR311P6200,白糖2311沽6200,57.0,0.0,0.0,0.0,7,56.5,58.0,70,55.0,54.5,57.0,54.5,20.0,1120.0,356
2023-05-09 21:42:42,SR311P6200,白糖2311沽6200,57.0,0.0,0.0,0.0,17,56.5,58.0,60,55.0,54.5,57.0,54.5,20.0,1120.0,356
2023-05-09 21:42:43,SR311P6200,白糖2311沽6200,57.0,0.0,0.0,0.0,10,56.5,57.5,10,55.0,54.5,57.0,54.5,20.0,1120.0,356
2023-05-09 21:42:43,SR311P6200,白糖2311沽6200,57.0,0.0,0.0,0.0,47,56.0,57.5,10,55.0,54.5,57.0,54.5,20.0,1120.0,356
2023-05-09 21:42:44,SR311P6200,白糖2311沽6200,57.0,0.0,0.0,0.0,37,56.0,57.5,10,55.0,54.5,57.0,54.5,20.0,1120.0,356
2023-05-09 21:42:45,SR311P6200,白糖2311沽6200,57.0,0.0,0.0,0.0,37,56.0,57.5,20,55.0,54.5,57.0,54.5,20.0,1120.0,356
2023-05-09 21:42:45,SR311P6200,白糖2311沽6200,57.0,0.0,0.0,0.0,37,56.0,57.5,30,55.0,54.5,57.0,54.5,20.0,1120.0,356
2023-05-09 21:42:46,SR311P6200,白糖2311沽6200,57.0,0.0,0.0,0.0,27,56.0,57.5,40,55.0,54.5,57.0,54.5,20.0,1120.0,356
2023-05-09 21:42:47,SR311P6200,白糖2311沽6200,57.0,0.0,0.0,0.0,37,56.0,57.5,40,55.0,54.5,57.0,54.5,20.0,1120.0,356
2023-05-09 21:42:49,SR311P6200,白糖2311沽6200,57.0,0.0,0.0,0.0,47,56.0,57.5,30,55.0,54.5,57.0,54.5,20.0,1120.0,356
2023-05-09 21:42:52,SR311P6200,白糖2311沽6200,57.0,0.0,0.0,0.0,37,56.0,57.5,40,55.0,54.5,57.0,54.5,20.0,1120.0,356
2023-05-09 21:42:53,SR311P6200,白糖2311沽6200,57.0,0.0,0.0,0.0,47,56.0,57.5,30,55.0,54.5,57.0,54.5,20.0,1120.0,356
2023-05-09 21:42:54,SR311P6200,白糖2311沽6200,57.0,0.0,0.0,0.0,37,56.0,57.5,30,55.0,54.5,57.0,54.5,20.0,1120.0,356
2023-05-09 21:42:56,SR311P6200,白糖2311沽6200,57.0,0.0,0.0,0.0,27,56.0,57.5,40,55.0,54.5,57.0,54.5,20.0,1120.0,356
2023-05-09 21:42:57,SR311P6200,白糖2311沽6200,57.0,0.0,0.0,0.0,27,56.0,57.5,30,55.0,54.5,57.0,54.5,20.0,1120.0,356
2023-05-09 21:42:58,SR311P6200,白糖2311沽6200,57.0,0.0,0.0,0.0,27,56.0,57.5,40,55.0,54.5,57.0,54.5,20.0,1120.0,356
2023-05-09 21:43:01,SR311P6200,白糖2311沽6200,57.0,0.0,0.0,0.0,37,56.0,57.5,30,55.0,54.5,57.0,54.5,20.0,1120.0,356
2023-05-09 21:43:02,SR311P6200,白糖2311沽6200,57.0,0.0,0.0,0.0,27,56.0,57.5,40,55.0,54.5,57.0,54.5,20.0,1120.0,356
2023-05-09 21:43:03,SR311P6200,白糖2311沽6200,57.0,0.0,0.0,0.0,27,56.0,57.5,30,55.0,54.5,57.0,54.5,20.0,1120.0,356
2023-05-09 21:43:03,SR311P6200,白糖2311沽6200,57.0,0.0,0.0,0.0,37,56.0,57.5,40,55.0,54.5,57.0,54.5,20.0,1120.0,356
2023-05-09 21:43:04,SR311P6200,白糖2311沽6200,57.0,0.0,0.0,0.0,37,56.0,57.5,30,55.0,54.5,57.0,54.5,20.0,1120.0,356
2023-05-09 21:43:04,SR311P6200,白糖2311沽6200,57.0,0.0,0.0,0.0,47,56.0,57.5,30,55.0,54.5,57.0,54.5,20.0,1120.0,356
2023-05-09 21:43:04,SR311P6200,白糖2311沽6200,57.0,0.0,0.0,0.0,37,56.0,57.5,30,55.0,54.5,57.0,54.5,20.0,1120.0,356
2023-05-09 21:43:04,SR311P6200,白糖2311沽6200,57.0,0.0,0.0,0.0,47,56.0,57.5,30,55.0,54.5,57.0,54.5,20.0,1120.0,356
2023-05-09 21:43:11,SR311P6200,白糖2311沽6200,57.0,0.0,0.0,0.0,37,56.0,57.5,40,55.0,54.5,57.0,54.5,20.0,1120.0,356
2023-05-09 21:43:12,SR311P6200,白糖2311沽6200,57.0,0.0,0.0,0.0,27,56.0,57.5,40,55.0,54.5,57.0,54.5,20.0,1120.0,356
2023-05-09 21:43:13,SR311P6200,白糖2311沽6200,57.0,0.0,0.0,0.0,37,56.0,57.5,40,55.0,54.5,57.0,54.5,20.0,1120.0,356
2023-05-09 21:43:36,SR311P6200,白糖2311沽6200,57.0,0.0,0.0,0.0,37,56.0,57.5,50,55.0,54.5,57.0,54.5,20.0,1120.0,356
2023-05-09 21:43:38,SR311P6200,白糖2311沽6200,57.0,0.0,0.0,0.0,17,56.0,57.5,40,55.0,54.5,57.0,54.5,20.0,1120.0,356
2023-05-09 21:43:39,SR311P6200,白糖2311沽6200,57.0,0.0,0.0,0.0,27,56.0,57.5,40,55.0,54.5,57.0,54.5,20.0,1120.0,356
2023-05-09 21:43:39,SR311P6200,白糖2311沽6200,57.0,0.0,0.0,0.0,37,56.0,57.5,50,55.0,54.5,57.0,54.5,20.0,1120.0,356
2023-05-09 21:43:43,SR311P6200,白糖2311沽6200,57.0,0.0,0.0,0.0,27,56.0,57.5,50,55.0,54.5,57.0,54.5,20.0,1120.0,356
2023-05-09 21:43:43,SR311P6200,白糖2311沽6200,57.0,0.0,0.0,0.0,37,56.0,57.5,50,55.0,54.5,57.0,54.5,20.0,1120.0,356
2023-05-09 21:43:45,SR311P6200,白糖2311沽6200,57.0,0.0,0.0,0.0,47,56.0,57.5,40,55.0,54.5,57.0,54.5,20.0,1120.0,356
2023-05-09 21:43:46,SR311P6200,白糖2311沽6200,57.0,0.0,0.0,0.0,37,56.0,57.5,50,55.0,54.5,57.0,54.5,20.0,1120.0,356
2023-05-09 21:43:47,SR311P6200,白糖2311沽6200,57.0,0.0,0.0,0.0,37,56.0,57.5,40,55.0,54.5,57.0,54.5,20.0,1120.0,356
2023-05-09 21:43:48,SR311P6200,白糖2311沽6200,57.0,0.0,0.0,0.0,47,56.0,57.5,40,55.0,54.5,57.0,54.5,20.0,1120.0,356
2023-05-09 21:44:02,SR311P6200,白糖2311沽6200,57.0,0.0,0.0,0.0,17,56.0,57.5,40,55.0,54.5,57.0,54.5,20.0,1120.0,356
2023-05-09 21:44:03,SR311P6200,白糖2311沽6200,57.0,0.0,0.0,0.0,17,56.0,57.5,50,55.0,54.5,57.0,54.5,20.0,1120.0,356
2023-05-09 21:44:03,SR311P6200,白糖2311沽6200,57.0,0.0,0.0,0.0,17,56.0,57.5,40,55.0,54.5,57.0,54.5,20.0,1120.0,356
2023-05-09 21:44:03,SR311P6200,白糖2311沽6200,57.0,0.0,0.0,0.0,27,56.0,57.5,50,55.0,54.5,57.0,54.5,20.0,1120.0,356
2023-05-09 21:44:04,SR311P6200,白糖2311沽6200,57.0,0.0,0.0,0.0,37,56.0,57.5,50,55.0,54.5,57.0,54.5,20.0,1120.0,356
2023-05-09 21:44:19,SR311P6200,白糖2311沽6200,57.0,0.0,0.0,0.0,47,56.0,57.5,40,55.0,54.5,57.0,54.5,20.0,1120.0,356
2023-05-09 21:44:31,SR311P6200,白糖2311沽6200,57.0,0.0,0.0,0.0,37,56.0,57.5,50,55.0,54.5,57.0,54.5,20.0,1120.0,356
2023-05-09 21:44:31,SR311P6200,白糖2311沽6200,57.0,0.0,0.0,0.0,37,56.0,57.5,40,55.0,54.5,57.0,54.5,20.0,1120.0,356
2023-05-09 21:44:32,SR311P6200,白糖2311沽6200,57.0,0.0,0.0,0.0,47,56.0,57.5,40,55.0,54.5,57.0,54.5,20.0,1120.0,356
2023-05-09 21:44:34,SR311P6200,白糖2311沽6200,57.0,0.0,0.0,0.0,47,56.0,57.5,50,55.0,54.5,57.0,54.5,20.0,1120.0,356
2023-05-09 21:44:35,SR311P6200,白糖2311沽6200,57.0,0.0,0.0,0.0,37,56.0,57.5,50,55.0,54.5,57.0,54.5,20.0,1120.0,356
2023-05-09 21:44:43,SR311P6200,白糖2311沽6200,57.0,0.0,0.0,0.0,37,56.0,57.5,40,55.0,54.5,57.0,54.5,20.0,1120.0,356
2023-05-09 21:44:43,SR311P6200,白糖2311沽6200,57.0,0.0,0.0,0.0,47,56.0,57.5,40,55.0,54.5,57.0,54.5,20.0,1120.0,356
2023-05-09 21:44:44,SR311P6200,白糖2311沽6200,57.0,0.0,0.0,0.0,47,56.0,57.5,50,55.0,54.5,57.0,54.5,20.0,1120.0,356
2023-05-09 21:44:44,SR311P6200,白糖2311沽6200,57.0,0.0,0.0,0.0,37,56.0,57.5,50,55.0,54.5,57.0,54.5,20.0,1120.0,356
2023-05-09 21:44:46,SR311P6200,白糖2311沽6200,57.0,0.0,0.0,0.0,47,56.0,57.5,40,55.0,54.5,57.0,54.5,20.0,1120.0,356
2023-05-09 21:44:50,SR311P6200,白糖2311沽6200,57.0,0.0,0.0,0.0,37,56.0,57.5,50,55.0,54.5,57.0,54.5,20.0,1120.0,356
2023-05-09 21:44:50,SR311P6200,白糖2311沽6200,57.0,0.0,0.0,0.0,47,56.0,57.5,40,55.0,54.5,57.0,54.5,20.0,1120.0,356
2023-05-09 21:45:34,SR311P6200,白糖2311沽6200,57.0,0.0,0.0,0.0,37,56.0,57.5,50,55.0,54.5,57.0,54.5,20.0,1120.0,356
2023-05-09 21:45:35,SR311P6200,白糖2311沽6200,57.0,0.0,0.0,0.0,47,56.0,57.5,40,55.0,54.5,57.0,54.5,20.0,1120.0,356
2023-05-09 21:45:37,SR311P6200,白糖2311沽6200,57.0,0.0,0.0,0.0,37,56.0,57.5,50,55.0,54.5,57.0,54.5,20.0,1120.0,356
2023-05-09 21:45:39,SR311P6200,白糖2311沽6200,57.0,0.0,0.0,0.0,17,56.0,57.5,50,55.0,54.5,57.0,54.5,20.0,1120.0,356
2023-05-09 21:45:40,SR311P6200,白糖2311沽6200,57.0,0.0,0.0,0.0,27,56.0,57.5,50,55.0,54.5,57.0,54.5,20.0,1120.0,356
2023-05-09 21:45:41,SR311P6200,白糖2311沽6200,57.0,0.0,0.0,0.0,37,56.0,57.5,50,55.0,54.5,57.0,54.5,20.0,1120.0,356
2023-05-09 21:45:46,SR311P6200,白糖2311沽6200,57.0,0.0,0.0,0.0,47,56.0,57.5,40,55.0,54.5,57.0,54.5,20.0,1120.0,356
2023-05-09 21:45:46,SR311P6200,白糖2311沽6200,57.0,0.0,0.0,0.0,37,56.0,57.5,50,55.0,54.5,57.0,54.5,20.0,1120.0,356
2023-05-09 21:45:47,SR311P6200,白糖2311沽6200,57.0,0.0,0.0,0.0,47,56.0,57.5,40,55.0,54.5,57.0,54.5,20.0,1120.0,356
2023-05-09 21:45:49,SR311P6200,白糖2311沽6200,57.0,0.0,0.0,0.0,47,56.0,57.5,50,55.0,54.5,57.0,54.5,20.0,1120.0,356
2023-05-09 21:45:50,SR311P6200,白糖2311沽6200,57.0,0.0,0.0,0.0,37,56.0,57.5,50,55.0,54.5,57.0,54.5,20.0,1120.0,356
2023-05-09 21:45:52,SR311P6200,白糖2311沽6200,57.0,0.0,0.0,0.0,27,56.0,57.5,50,55.0,54.5,57.0,54.5,20.0,1120.0,356
2023-05-09 21:45:54,SR311P6200,白糖2311沽6200,57.0,0.0,0.0,0.0,37,56.0,57.5,50,55.0,54.5,57.0,54.5,20.0,1120.0,356
2023-05-09 21:45:55,SR311P6200,白糖2311沽6200,57.0,0.0,0.0,0.0,37,56.0,57.5,40,55.0,54.5,57.0,54.5,20.0,1120.0,356
2023-05-09 21:45:56,SR311P6200,白糖2311沽6200,57.0,0.0,0.0,0.0,47,56.0,57.5,40,55.0,54.5,57.0,54.5,20.0,1120.0,356
2023-05-09 21:45:58,SR311P6200,白糖2311沽6200,57.0,0.0,0.0,0.0,37,56.0,57.5,40,55.0,54.5,57.0,54.5,20.0,1120.0,356
2023-05-09 21:45:59,SR311P6200,白糖2311沽6200,57.0,0.0,0.0,0.0,47,56.0,57.5,40,55.0,54.5,57.0,54.5,20.0,1120.0,356
2023-05-09 21:45:59,SR311P6200,白糖2311沽6200,57.0,0.0,0.0,0.0,37,56.0,57.5,50,55.0,54.5,57.0,54.5,20.0,1120.0,356
2023-05-09 21:46:00,SR311P6200,白糖2311沽6200,57.0,0.0,0.0,0.0,27,56.0,57.5,50,55.0,54.5,57.0,54.5,20.0,1120.0,356
2023-05-09 21:46:01,SR311P6200,白糖2311沽6200,57.0,0.0,0.0,0.0,37,56.0,57.5,50,55.0,54.5,57.0,54.5,20.0,1120.0,356
2023-05-09 21:46:17,SR311P6200,白糖2311沽6200,57.0,0.0,0.0,0.0,37,56.0,57.5,40,55.0,54.5,57.0,54.5,20.0,1120.0,356
2023-05-09 21:46:18,SR311P6200,白糖2311沽6200,57.0,0.0,0.0,0.0,47,56.0,57.5,40,55.0,54.5,57.0,54.5,20.0,1120.0,356
2023-05-09 21:46:19,SR311P6200,白糖2311沽6200,57.0,0.0,0.0,0.0,47,56.0,57.5,50,55.0,54.5,57.0,54.5,20.0,1120.0,356
2023-05-09 21:46:20,SR311P6200,白糖2311沽6200,57.0,0.0,0.0,0.0,37,56.0,57.5,50,55.0,54.5,57.0,54.5,20.0,1120.0,356
2023-05-09 21:46:21,SR311P6200,白糖2311沽6200,57.0,0.0,0.0,0.0,27,56.0,57.5,50,55.0,54.5,57.0,54.5,20.0,1120.0,356
2023-05-09 21:46:23,SR311P6200,白糖2311沽6200,57.0,0.0,0.0,0.0,47,56.0,57.5,40,55.0,54.5,57.0,54.5,20.0,1120.0,356
2023-05-09 21:46:23,SR311P6200,白糖2311沽6200,57.0,0.0,0.0,0.0,47,56.0,57.5,50,55.0,54.5,57.0,54.5,20.0,1120.0,356
2023-05-09 21:46:24,SR311P6200,白糖2311沽6200,57.0,0.0,0.0,0.0,37,56.0,57.5,50,55.0,54.5,57.0,54.5,20.0,1120.0,356
2023-05-09 21:46:27,SR311P6200,白糖2311沽6200,57.0,0.0,0.0,0.0,27,56.0,57.5,50,55.0,54.5,57.0,54.5,20.0,1120.0,356
2023-05-09 21:46:28,SR311P6200,白糖2311沽6200,57.0,0.0,0.0,0.0,37,56.0,57.5,50,55.0,54.5,57.0,54.5,20.0,1120.0,356
2023-05-09 21:46:33,SR311P6200,白糖2311沽6200,57.0,0.0,0.0,0.0,47,56.0,57.5,50,55.0,54.5,57.0,54.5,20.0,1120.0,356
2023-05-09 21:46:38,SR311P6200,白糖2311沽6200,57.0,0.0,0.0,0.0,47,56.0,57.5,40,55.0,54.5,57.0,54.5,20.0,1120.0,356
2023-05-09 21:47:11,SR311P6200,白糖2311沽6200,57.0,0.0,0.0,0.0,57,56.0,57.5,40,55.0,54.5,57.0,54.5,20.0,1120.0,356
2023-05-09 21:47:13,SR311P6200,白糖2311沽6200,57.0,0.0,0.0,0.0,47,56.0,57.5,40,55.0,54.5,57.0,54.5,20.0,1120.0,356
2023-05-09 21:47:13,SR311P6200,白糖2311沽6200,57.0,0.0,0.0,0.0,57,56.0,57.5,40,55.0,54.5,57.0,54.5,20.0,1120.0,356
2023-05-09 21:47:16,SR311P6200,白糖2311沽6200,57.0,0.0,0.0,0.0,57,56.0,57.5,30,55.0,54.5,57.0,54.5,20.0,1120.0,356
2023-05-09 21:47:16,SR311P6200,白糖2311沽6200,57.0,0.0,0.0,0.0,67,56.0,57.5,20,55.0,54.5,57.0,54.5,20.0,1120.0,356
2023-05-09 21:47:16,SR311P6200,白糖2311沽6200,57.0,0.0,0.0,0.0,67,56.0,57.5,30,55.0,54.5,57.0,54.5,20.0,1120.0,356
2023-05-09 21:47:18,SR311P6200,白糖2311沽6200,57.0,0.0,0.0,0.0,57,56.0,57.5,30,55.0,54.5,57.0,54.5,20.0,1120.0,356
2023-05-09 21:47:18,SR311P6200,白糖2311沽6200,57.0,0.0,0.0,0.0,67,56.0,57.5,30,55.0,54.5,57.0,54.5,20.0,1120.0,356
2023-05-09 21:47:22,SR311P6200,白糖2311沽6200,57.0,0.0,0.0,0.0,57,56.0,57.5,30,55.0,54.5,57.0,54.5,20.0,1120.0,356
2023-05-09 21:47:36,SR311P6200,白糖2311沽6200,57.0,0.0,0.0,0.0,57,56.0,57.5,20,55.0,54.5,57.0,54.5,20.0,1120.0,356
2023-05-09 21:47:38,SR311P6200,白糖2311沽6200,57.0,0.0,0.0,0.0,47,56.0,57.5,30,55.0,54.5,57.0,54.5,20.0,1120.0,356
2023-05-09 21:47:39,SR311P6200,白糖2311沽6200,57.0,0.0,0.0,0.0,57,56.0,57.5,20,55.0,54.5,57.0,54.5,20.0,1120.0,356
2023-05-09 21:48:00,SR311P6200,白糖2311沽6200,57.0,0.0,0.0,0.0,67,56.0,57.5,20,55.0,54.5,57.0,54.5,20.0,1120.0,356
2023-05-09 21:48:01,SR311P6200,白糖2311沽6200,57.0,0.0,0.0,0.0,57,56.0,57.5,20,55.0,54.5,57.0,54.5,20.0,1120.0,356
2023-05-09 21:48:02,SR311P6200,白糖2311沽6200,57.0,0.0,0.0,0.0,67,56.0,57.5,20,55.0,54.5,57.0,54.5,20.0,1120.0,356
2023-05-09 21:48:03,SR311P6200,白糖2311沽6200,57.0,0.0,0.0,0.0,57,56.0,57.5,20,55.0,54.5,57.0,54.5,20.0,1120.0,356
2023-05-09 21:48:03,SR311P6200,白糖2311沽6200,57.0,0.0,0.0,0.0,67,56.0,57.5,20,55.0,54.5,57.0,54.5,20.0,1120.0,356
2023-05-09 21:48:05,SR311P6200,白糖2311沽6200,57.0,0.0,0.0,0.0,57,56.0,57.5,20,55.0,54.5,57.0,54.5,20.0,1120.0,356
2023-05-09 21:48:06,SR311P6200,白糖2311沽6200,57.0,0.0,0.0,0.0,67,56.0,57.5,20,55.0,54.5,57.0,54.5,20.0,1120.0,356
2023-05-09 21:48:06,SR311P6200,白糖2311沽6200,57.0,0.0,0.0,0.0,57,56.0,57.5,20,55.0,54.5,57.0,54.5,20.0,1120.0,356
2023-05-09 21:48:07,SR311P6200,白糖2311沽6200,57.0,0.0,0.0,0.0,67,56.0,57.5,20,55.0,54.5,57.0,54.5,20.0,1120.0,356
2023-05-09 21:48:13,SR311P6200,白糖2311沽6200,57.0,0.0,0.0,0.0,57,56.0,57.5,20,55.0,54.5,57.0,54.5,20.0,1120.0,356
2023-05-09 21:48:33,SR311P6200,白糖2311沽6200,57.0,0.0,0.0,0.0,67,56.0,57.5,20,55.0,54.5,57.0,54.5,20.0,1120.0,356
2023-05-09 21:48:37,SR311P6200,白糖2311沽6200,57.0,0.0,0.0,0.0,57,56.0,57.5,20,55.0,54.5,57.0,54.5,20.0,1120.0,356
2023-05-09 21:48:44,SR311P6200,白糖2311沽6200,57.0,0.0,0.0,0.0,67,56.0,57.5,20,55.0,54.5,57.0,54.5,20.0,1120.0,356
2023-05-09 21:48:45,SR311P6200,白糖2311沽6200,57.0,0.0,0.0,0.0,7,56.5,57.5,20,55.0,54.5,57.0,54.5,20.0,1120.0,356
2023-05-09 21:48:45,SR311P6200,白糖2311沽6200,57.0,0.0,0.0,0.0,27,56.5,57.5,20,55.0,54.5,57.0,54.5,20.0,1120.0,356
2023-05-09 21:48:46,SR311P6200,白糖2311沽6200,57.0,0.0,0.0,0.0,37,56.5,57.5,20,55.0,54.5,57.0,54.5,20.0,1120.0,356
2023-05-09 21:48:49,SR311P6200,白糖2311沽6200,57.0,0.0,0.0,0.0,47,56.5,57.5,20,55.0,54.5,57.0,54.5,20.0,1120.0,356
2023-05-09 21:48:57,SR311P6200,白糖2311沽6200,57.0,0.0,0.0,0.0,37,56.5,57.5,20,55.0,54.5,57.0,54.5,20.0,1120.0,356
2023-05-09 21:48:59,SR311P6200,白糖2311沽6200,57.0,0.0,0.0,0.0,27,56.5,57.5,20,55.0,54.5,57.0,54.5,20.0,1120.0,356
2023-05-09 21:49:00,SR311P6200,白糖2311沽6200,57.0,0.0,0.0,0.0,37,56.5,57.5,20,55.0,54.5,57.0,54.5,20.0,1120.0,356
2023-05-09 21:49:01,SR311P6200,白糖2311沽6200,57.0,0.0,0.0,0.0,27,56.5,57.5,20,55.0,54.5,57.0,54.5,20.0,1120.0,356
2023-05-09 21:49:02,SR311P6200,白糖2311沽6200,57.0,0.0,0.0,0.0,37,56.5,57.5,20,55.0,54.5,57.0,54.5,20.0,1120.0,356
2023-05-09 21:49:03,SR311P6200,白糖2311沽6200,57.0,0.0,0.0,0.0,47,56.5,57.5,20,55.0,54.5,57.0,54.5,20.0,1120.0,356
2023-05-09 21:49:04,SR311P6200,白糖2311沽6200,57.0,0.0,0.0,0.0,27,56.5,57.5,20,55.0,54.5,57.0,54.5,20.0,1120.0,356
2023-05-09 21:49:05,SR311P6200,白糖2311沽6200,57.0,0.0,0.0,0.0,37,56.5,57.5,20,55.0,54.5,57.0,54.5,20.0,1120.0,356
2023-05-09 21:49:11,SR311P6200,白糖2311沽6200,57.0,0.0,0.0,0.0,47,56.5,57.5,20,55.0,54.5,57.0,54.5,20.0,1120.0,356
2023-05-09 21:49:14,SR311P6200,白糖2311沽6200,57.0,0.0,0.0,0.0,47,56.5,57.5,10,55.0,54.5,57.0,54.5,20.0,1120.0,356
2023-05-09 21:49:15,SR311P6200,白糖2311沽6200,57.0,0.0,0.0,0.0,47,56.5,58.0,50,55.0,54.5,57.0,54.5,20.0,1120.0,356
2023-05-09 21:49:15,SR311P6200,白糖2311沽6200,57.0,0.0,0.0,0.0,57,56.5,58.0,50,55.0,54.5,57.0,54.5,20.0,1120.0,356
2023-05-09 21:49:18,SR311P6200,白糖2311沽6200,57.0,0.0,0.0,0.0,47,56.5,58.0,60,55.0,54.5,57.0,54.5,20.0,1120.0,356
2023-05-09 21:49:19,SR311P6200,白糖2311沽6200,57.0,0.0,0.0,0.0,57,56.5,58.0,60,55.0,54.5,57.0,54.5,20.0,1120.0,356
2023-05-09 21:49:19,SR311P6200,白糖2311沽6200,57.0,0.0,0.0,0.0,57,56.5,58.0,50,55.0,54.5,57.0,54.5,20.0,1120.0,356
2023-05-09 21:49:21,SR311P6200,白糖2311沽6200,57.0,0.0,0.0,0.0,47,56.5,58.0,60,55.0,54.5,57.0,54.5,20.0,1120.0,356
2023-05-09 21:49:21,SR311P6200,白糖2311沽6200,57.0,0.0,0.0,0.0,47,56.5,58.0,50,55.0,54.5,57.0,54.5,20.0,1120.0,356
2023-05-09 21:49:21,SR311P6200,白糖2311沽6200,57.0,0.0,0.0,0.0,57,56.5,58.0,50,55.0,54.5,57.0,54.5,20.0,1120.0,356
2023-05-09 21:49:32,SR311P6200,白糖2311沽6200,57.0,0.0,0.0,0.0,67,56.5,58.0,50,55.0,54.5,57.0,54.5,20.0,1120.0,356
2023-05-09 21:49:33,SR311P6200,白糖2311沽6200,57.0,0.0,0.0,0.0,57,56.5,58.0,50,55.0,54.5,57.0,54.5,20.0,1120.0,356
2023-05-09 21:49:33,SR311P6200,白糖2311沽6200,57.0,0.0,0.0,0.0,67,56.5,58.0,50,55.0,54.5,57.0,54.5,20.0,1120.0,356
2023-05-09 21:49:38,SR311P6200,白糖2311沽6200,57.0,0.0,0.0,0.0,57,56.5,58.0,50,55.0,54.5,57.0,54.5,20.0,1120.0,356
2023-05-09 21:50:03,SR311P6200,白糖2311沽6200,57.0,0.0,0.0,0.0,47,56.5,58.0,50,55.0,54.5,57.0,54.5,20.0,1120.0,356
2023-05-09 21:50:05,SR311P6200,白糖2311沽6200,57.0,0.0,0.0,0.0,57,56.5,58.0,50,55.0,54.5,57.0,54.5,20.0,1120.0,356
2023-05-09 21:50:15,SR311P6200,白糖2311沽6200,57.0,0.0,0.0,0.0,47,56.5,58.0,40,55.0,54.5,57.0,54.5,20.0,1120.0,356
2023-05-09 21:50:15,SR311P6200,白糖2311沽6200,57.0,0.0,0.0,0.0,37,56.5,58.0,40,55.0,54.5,57.0,54.5,20.0,1120.0,356
2023-05-09 21:50:16,SR311P6200,白糖2311沽6200,57.0,0.0,0.0,0.0,47,56.5,58.0,50,55.0,54.5,57.0,54.5,20.0,1120.0,356
2023-05-09 21:50:17,SR311P6200,白糖2311沽6200,57.0,0.0,0.0,0.0,37,56.5,58.0,50,55.0,54.5,57.0,54.5,20.0,1120.0,356
2023-05-09 21:50:20,SR311P6200,白糖2311沽6200,57.0,0.0,0.0,0.0,47,56.5,58.0,50,55.0,54.5,57.0,54.5,20.0,1120.0,356
2023-05-09 21:50:21,SR311P6200,白糖2311沽6200,57.0,0.0,0.0,0.0,37,56.5,58.0,50,55.0,54.5,57.0,54.5,20.0,1120.0,356
2023-05-09 21:50:23,SR311P6200,白糖2311沽6200,57.0,0.0,0.0,0.0,27,56.5,58.0,60,55.0,54.5,57.0,54.5,20.0,1120.0,356
2023-05-09 21:50:25,SR311P6200,白糖2311沽6200,57.0,0.0,0.0,0.0,37,56.5,58.0,60,55.0,54.5,57.0,54.5,20.0,1120.0,356
2023-05-09 21:50:25,SR311P6200,白糖2311沽6200,57.0,0.0,0.0,0.0,27,56.5,58.0,60,55.0,54.5,57.0,54.5,20.0,1120.0,356
2023-05-09 21:50:35,SR311P6200,白糖2311沽6200,57.0,0.0,0.0,0.0,37,56.5,58.0,50,55.0,54.5,57.0,54.5,20.0,1120.0,356
2023-05-09 21:50:36,SR311P6200,白糖2311沽6200,57.0,0.0,0.0,0.0,27,56.5,58.0,60,55.0,54.5,57.0,54.5,20.0,1120.0,356
2023-05-09 21:51:06,SR311P6200,白糖2311沽6200,57.0,0.0,0.0,0.0,27,56.5,57.5,30,55.0,54.5,57.0,54.5,20.0,1120.0,356
2023-05-09 21:51:07,SR311P6200,白糖2311沽6200,57.0,0.0,0.0,0.0,17,56.5,57.5,30,55.0,54.5,57.0,54.5,20.0,1120.0,356
2023-05-09 21:51:09,SR311P6200,白糖2311沽6200,57.0,0.0,0.0,0.0,17,56.5,57.5,20,55.0,54.5,57.0,54.5,20.0,1120.0,356
2023-05-09 21:51:10,SR311P6200,白糖2311沽6200,57.0,0.0,0.0,0.0,17,56.5,57.5,30,55.0,54.5,57.0,54.5,20.0,1120.0,356
2023-05-09 21:51:10,SR311P6200,白糖2311沽6200,57.0,0.0,0.0,0.0,17,56.5,57.5,20,55.0,54.5,57.0,54.5,20.0,1120.0,356
2023-05-09 21:51:18,SR311P6200,白糖2311沽6200,57.0,0.0,0.0,0.0,17,56.5,57.5,30,55.0,54.5,57.0,54.5,20.0,1120.0,356
2023-05-09 21:51:19,SR311P6200,白糖2311沽6200,57.0,0.0,0.0,0.0,7,56.5,57.5,20,55.0,54.5,57.0,54.5,20.0,1120.0,356
2023-05-09 21:51:19,SR311P6200,白糖2311沽6200,57.0,0.0,0.0,0.0,7,56.5,57.5,30,55.0,54.5,57.0,54.5,20.0,1120.0,356
2023-05-09 21:51:20,SR311P6200,白糖2311沽6200,57.0,0.0,0.0,0.0,7,56.5,57.5,20,55.0,54.5,57.0,54.5,20.0,1120.0,356
2023-05-09 21:51:21,SR311P6200,白糖2311沽6200,57.0,0.0,0.0,0.0,7,56.5,57.5,40,55.0,54.5,57.0,54.5,20.0,1120.0,356
2023-05-09 21:51:22,SR311P6200,白糖2311沽6200,57.0,0.0,0.0,0.0,7,56.5,57.5,30,55.0,54.5,57.0,54.5,20.0,1120.0,356
2023-05-09 21:51:23,SR311P6200,白糖2311沽6200,57.0,0.0,0.0,0.0,17,56.5,57.5,30,55.0,54.5,57.0,54.5,20.0,1120.0,356
2023-05-09 21:51:25,SR311P6200,白糖2311沽6200,57.0,0.0,0.0,0.0,7,56.5,57.5,30,55.0,54.5,57.0,54.5,20.0,1120.0,356
2023-05-09 21:51:25,SR311P6200,白糖2311沽6200,57.0,0.0,0.0,0.0,17,56.5,57.5,30,55.0,54.5,57.0,54.5,20.0,1120.0,356
2023-05-09 21:51:27,SR311P6200,白糖2311沽6200,57.0,0.0,0.0,0.0,17,56.5,57.5,40,55.0,54.5,57.0,54.5,20.0,1120.0,356
2023-05-09 21:51:28,SR311P6200,白糖2311沽6200,57.0,0.0,0.0,0.0,17,56.5,57.5,30,55.0,54.5,57.0,54.5,20.0,1120.0,356
2023-05-09 21:51:28,SR311P6200,白糖2311沽6200,57.0,0.0,0.0,0.0,17,56.5,57.5,40,55.0,54.5,57.0,54.5,20.0,1120.0,356
2023-05-09 21:51:30,SR311P6200,白糖2311沽6200,57.0,0.0,0.0,0.0,17,56.5,57.5,30,55.0,54.5,57.0,54.5,20.0,1120.0,356
2023-05-09 21:51:37,SR311P6200,白糖2311沽6200,57.0,0.0,0.0,0.0,17,56.5,57.5,40,55.0,54.5,57.0,54.5,20.0,1120.0,356
2023-05-09 21:51:47,SR311P6200,白糖2311沽6200,57.0,0.0,0.0,0.0,17,56.5,57.5,30,55.0,54.5,57.0,54.5,20.0,1120.0,356
2023-05-09 21:51:47,SR311P6200,白糖2311沽6200,57.0,0.0,0.0,0.0,17,56.5,57.5,40,55.0,54.5,57.0,54.5,20.0,1120.0,356
2023-05-09 21:51:48,SR311P6200,白糖2311沽6200,57.0,0.0,0.0,0.0,17,56.5,57.5,30,55.0,54.5,57.0,54.5,20.0,1120.0,356
2023-05-09 21:51:49,SR311P6200,白糖2311沽6200,57.0,0.0,0.0,0.0,17,56.5,57.5,40,55.0,54.5,57.0,54.5,20.0,1120.0,356
2023-05-09 21:51:50,SR311P6200,白糖2311沽6200,57.0,0.0,0.0,0.0,17,56.5,57.5,30,55.0,54.5,57.0,54.5,20.0,1120.0,356
2023-05-09 21:51:54,SR311P6200,白糖2311沽6200,57.0,0.0,0.0,0.0,17,56.5,57.5,40,55.0,54.5,57.0,54.5,20.0,1120.0,356
2023-05-09 21:51:54,SR311P6200,白糖2311沽6200,57.0,0.0,0.0,0.0,17,56.5,57.5,30,55.0,54.5,57.0,54.5,20.0,1120.0,356
2023-05-09 21:52:08,SR311P6200,白糖2311沽6200,57.0,0.0,0.0,0.0,17,56.5,57.5,20,55.0,54.5,57.0,54.5,20.0,1120.0,356
2023-05-09 21:52:09,SR311P6200,白糖2311沽6200,57.0,0.0,0.0,0.0,27,56.5,58.0,30,55.0,54.5,57.0,54.5,20.0,1120.0,356
2023-05-09 21:52:09,SR311P6200,白糖2311沽6200,57.0,0.0,0.0,0.0,37,56.5,58.0,20,55.0,54.5,57.0,54.5,20.0,1120.0,356
2023-05-09 21:52:09,SR311P6200,白糖2311沽6200,57.0,0.0,0.0,0.0,37,56.5,58.0,10,55.0,54.5,57.0,54.5,20.0,1120.0,356
2023-05-09 21:52:11,SR311P6200,白糖2311沽6200,57.0,0.0,0.0,0.0,47,56.5,58.5,40,55.0,54.5,57.0,54.5,20.0,1120.0,356
2023-05-09 21:52:11,SR311P6200,白糖2311沽6200,57.0,0.0,0.0,0.0,47,56.5,58.5,50,55.0,54.5,57.0,54.5,20.0,1120.0,356
2023-05-09 21:52:13,SR311P6200,白糖2311沽6200,57.0,0.0,0.0,0.0,57,56.5,58.5,50,55.0,54.5,57.0,54.5,20.0,1120.0,356
2023-05-09 21:52:13,SR311P6200,白糖2311沽6200,57.0,0.0,0.0,0.0,47,56.5,58.5,60,55.0,54.5,57.0,54.5,20.0,1120.0,356
2023-05-09 21:52:13,SR311P6200,白糖2311沽6200,57.0,0.0,0.0,0.0,67,56.5,58.5,60,55.0,54.5,57.0,54.5,20.0,1120.0,356
2023-05-09 21:52:15,SR311P6200,白糖2311沽6200,57.0,0.0,0.0,0.0,7,57.0,58.5,60,55.0,54.5,57.0,54.5,20.0,1120.0,356
2023-05-09 21:52:15,SR311P6200,白糖2311沽6200,57.0,0.0,0.0,0.0,27,57.0,58.5,50,55.0,54.5,57.0,54.5,20.0,1120.0,356
2023-05-09 21:52:18,SR311P6200,白糖2311沽6200,57.0,0.0,0.0,0.0,27,57.0,58.5,40,55.0,54.5,57.0,54.5,20.0,1120.0,356
2023-05-09 21:52:19,SR311P6200,白糖2311沽6200,57.0,0.0,0.0,0.0,37,57.0,58.5,50,55.0,54.5,57.0,54.5,20.0,1120.0,356
2023-05-09 21:52:19,SR311P6200,白糖2311沽6200,57.0,0.0,0.0,0.0,37,57.0,58.5,40,55.0,54.5,57.0,54.5,20.0,1120.0,356
2023-05-09 21:52:20,SR311P6200,白糖2311沽6200,57.0,0.0,0.0,0.0,37,57.0,58.5,50,55.0,54.5,57.0,54.5,20.0,1120.0,356
2023-05-09 21:52:20,SR311P6200,白糖2311沽6200,57.0,0.0,0.0,0.0,37,57.0,58.5,40,55.0,54.5,57.0,54.5,20.0,1120.0,356
2023-05-09 21:52:21,SR311P6200,白糖2311沽6200,57.0,0.0,0.0,0.0,27,57.0,58.5,50,55.0,54.5,57.0,54.5,20.0,1120.0,356
2023-05-09 21:52:29,SR311P6200,白糖2311沽6200,57.0,0.0,0.0,0.0,17,57.0,58.5,50,55.0,54.5,57.0,54.5,20.0,1120.0,356
2023-05-09 21:52:31,SR311P6200,白糖2311沽6200,57.0,0.0,0.0,0.0,17,57.0,58.5,60,55.0,54.5,57.0,54.5,20.0,1120.0,356
2023-05-09 21:52:33,SR311P6200,白糖2311沽6200,57.0,0.0,0.0,0.0,17,57.0,58.5,50,55.0,54.5,57.0,54.5,20.0,1120.0,356
2023-05-09 21:52:33,SR311P6200,白糖2311沽6200,57.0,0.0,0.0,0.0,17,57.0,58.5,60,55.0,54.5,57.0,54.5,20.0,1120.0,356
2023-05-09 21:52:33,SR311P6200,白糖2311沽6200,57.0,0.0,0.0,0.0,17,57.0,58.5,50,55.0,54.5,57.0,54.5,20.0,1120.0,356
2023-05-09 21:52:37,SR311P6200,白糖2311沽6200,57.0,0.0,0.0,0.0,27,57.0,58.5,50,55.0,54.5,57.0,54.5,20.0,1120.0,356
2023-05-09 21:52:39,SR311P6200,白糖2311沽6200,57.0,0.0,0.0,0.0,17,57.0,58.5,50,55.0,54.5,57.0,54.5,20.0,1120.0,356
2023-05-09 21:52:39,SR311P6200,白糖2311沽6200,57.0,0.0,0.0,0.0,17,57.0,58.5,60,55.0,54.5,57.0,54.5,20.0,1120.0,356
2023-05-09 21:52:42,SR311P6200,白糖2311沽6200,57.0,0.0,0.0,0.0,27,57.0,58.5,50,55.0,54.5,57.0,54.5,20.0,1120.0,356
2023-05-09 21:52:43,SR311P6200,白糖2311沽6200,57.0,0.0,0.0,0.0,17,57.0,58.5,50,55.0,54.5,57.0,54.5,20.0,1120.0,356
2023-05-09 21:52:43,SR311P6200,白糖2311沽6200,57.0,0.0,0.0,0.0,17,57.0,58.5,60,55.0,54.5,57.0,54.5,20.0,1120.0,356
2023-05-09 21:52:54,SR311P6200,白糖2311沽6200,57.0,0.0,0.0,0.0,17,57.0,58.5,70,55.0,54.5,57.0,54.5,20.0,1120.0,356
2023-05-09 21:52:59,SR311P6200,白糖2311沽6200,57.0,0.0,0.0,0.0,27,57.0,58.5,60,55.0,54.5,57.0,54.5,20.0,1120.0,356
2023-05-09 21:52:59,SR311P6200,白糖2311沽6200,57.0,0.0,0.0,0.0,27,57.0,58.5,50,55.0,54.5,57.0,54.5,20.0,1120.0,356
2023-05-09 21:53:00,SR311P6200,白糖2311沽6200,57.0,0.0,0.0,0.0,17,57.0,58.5,70,55.0,54.5,57.0,54.5,20.0,1120.0,356
2023-05-09 21:53:08,SR311P6200,白糖2311沽6200,57.0,0.0,0.0,0.0,27,57.0,58.5,60,55.0,54.5,57.0,54.5,20.0,1120.0,356
2023-05-09 21:53:08,SR311P6200,白糖2311沽6200,57.0,0.0,0.0,0.0,17,57.0,58.5,60,55.0,54.5,57.0,54.5,20.0,1120.0,356
2023-05-09 21:53:09,SR311P6200,白糖2311沽6200,57.0,0.0,0.0,0.0,17,57.0,58.5,70,55.0,54.5,57.0,54.5,20.0,1120.0,356
2023-05-09 21:53:12,SR311P6200,白糖2311沽6200,57.0,0.0,0.0,0.0,17,57.0,58.5,60,55.0,54.5,57.0,54.5,20.0,1120.0,356
