time,symbol_id,symbol_name,last,trade_volume,trade_amount,open_interest_change,bv1,bp1,ap1,av1,yesterday_close,today_open,today_high,today_low,volume,amount,open_interest
2023-05-09 19:10:58,SR311C7300,SR311C7300,118.5,0.0,0.0,-36.0,0,0.0,0.0,0,118.5,122.0,0.0,0.0,0.0,0.0,933
2023-05-09 20:59:00,SR311C7300,SR311C7300,118.5,0.0,0.0,0.0,19,35.0,203.0,1,118.5,122.0,0.0,0.0,0.0,0.0,933
2023-05-09 21:00:03,SR311C7300,SR311C7300,118.5,0.0,0.0,0.0,11,69.5,168.5,11,118.5,122.0,0.0,0.0,0.0,0.0,933
2023-05-09 21:00:04,SR311C7300,SR311C7300,118.5,0.0,0.0,0.0,10,70.0,168.0,10,118.5,122.0,0.0,0.0,0.0,0.0,933
2023-05-09 21:00:05,SR311C7300,SR311C7300,118.5,0.0,0.0,0.0,11,104.5,133.5,11,118.5,122.0,0.0,0.0,0.0,0.0,933
2023-05-09 21:00:06,SR311C7300,SR311C7300,118.5,0.0,0.0,0.0,10,105.0,133.5,11,118.5,122.0,0.0,0.0,0.0,0.0,933
2023-05-09 21:00:06,SR311C7300,SR311C7300,118.5,0.0,0.0,0.0,11,114.0,133.5,11,118.5,122.0,0.0,0.0,0.0,0.0,933
2023-05-09 21:00:12,SR311C7300,SR311C7300,118.5,0.0,0.0,0.0,10,38.0,200.0,10,118.5,122.0,0.0,0.0,0.0,0.0,933
2023-05-09 21:00:12,SR311C7300,SR311C7300,118.5,0.0,0.0,0.0,10,41.5,196.5,10,118.5,122.0,0.0,0.0,0.0,0.0,933
2023-05-09 21:00:13,SR311C7300,SR311C7300,118.5,0.0,0.0,0.0,11,76.0,162.0,11,118.5,122.0,0.0,0.0,0.0,0.0,933
2023-05-09 21:00:13,SR311C7300,SR311C7300,118.5,0.0,0.0,0.0,10,79.5,158.5,10,118.5,122.0,0.0,0.0,0.0,0.0,933
2023-05-09 21:00:14,SR311C7300,SR311C7300,118.5,0.0,0.0,0.0,10,82.5,155.5,10,118.5,122.0,0.0,0.0,0.0,0.0,933
2023-05-09 21:00:14,SR311C7300,SR311C7300,118.5,0.0,0.0,0.0,11,114.5,133.0,11,118.5,122.0,0.0,0.0,0.0,0.0,933
2023-05-09 21:00:14,SR311C7300,SR311C7300,118.5,0.0,0.0,0.0,10,82.5,155.5,10,118.5,122.0,0.0,0.0,0.0,0.0,933
2023-05-09 21:00:14,SR311C7300,SR311C7300,118.5,0.0,0.0,0.0,11,114.5,133.0,11,118.5,122.0,0.0,0.0,0.0,0.0,933
2023-05-09 21:01:10,SR311C7300,SR311C7300,118.5,0.0,0.0,0.0,7,119.0,133.0,11,118.5,122.0,0.0,0.0,0.0,0.0,933
2023-05-09 21:01:11,SR311C7300,SR311C7300,118.5,0.0,0.0,0.0,7,119.0,122.5,7,118.5,122.0,0.0,0.0,0.0,0.0,933
2023-05-09 21:01:17,SR311C7300,SR311C7300,118.5,0.0,0.0,0.0,7,119.0,122.0,7,118.5,122.0,0.0,0.0,0.0,0.0,933
2023-05-09 21:01:28,SR311C7300,SR311C7300,118.5,0.0,0.0,0.0,7,117.5,122.0,7,118.5,122.0,0.0,0.0,0.0,0.0,933
2023-05-09 21:01:29,SR311C7300,SR311C7300,118.5,0.0,0.0,0.0,7,118.5,122.0,7,118.5,122.0,0.0,0.0,0.0,0.0,933
2023-05-09 21:01:32,SR311C7300,SR311C7300,118.5,0.0,0.0,0.0,7,119.0,122.0,7,118.5,122.0,0.0,0.0,0.0,0.0,933
2023-05-09 21:01:46,SR311C7300,SR311C7300,118.5,0.0,0.0,0.0,7,120.0,122.0,7,118.5,122.0,0.0,0.0,0.0,0.0,933
2023-05-09 21:02:12,SR311C7300,SR311C7300,118.5,0.0,0.0,0.0,27,119.0,122.0,7,118.5,122.0,0.0,0.0,0.0,0.0,933
2023-05-09 21:02:12,SR311C7300,SR311C7300,118.5,0.0,0.0,0.0,7,119.0,122.0,7,118.5,122.0,0.0,0.0,0.0,0.0,933
2023-05-09 21:02:12,SR311C7300,SR311C7300,118.5,0.0,0.0,0.0,27,119.0,122.0,7,118.5,122.0,0.0,0.0,0.0,0.0,933
2023-05-09 21:02:12,SR311C7300,SR311C7300,118.5,0.0,0.0,0.0,7,119.0,122.0,7,118.5,122.0,0.0,0.0,0.0,0.0,933
2023-05-09 21:02:23,SR311C7300,SR311C7300,118.5,0.0,0.0,0.0,7,119.0,121.5,7,118.5,122.0,0.0,0.0,0.0,0.0,933
2023-05-09 21:02:50,SR311C7300,SR311C7300,118.5,0.0,0.0,0.0,7,119.5,122.0,7,118.5,122.0,0.0,0.0,0.0,0.0,933
2023-05-09 21:03:46,SR311C7300,SR311C7300,118.5,0.0,0.0,0.0,7,120.0,122.5,7,118.5,122.0,0.0,0.0,0.0,0.0,933
2023-05-09 21:04:13,SR311C7300,SR311C7300,118.5,0.0,0.0,0.0,7,120.0,123.5,30,118.5,122.0,0.0,0.0,0.0,0.0,933
2023-05-09 21:04:13,SR311C7300,SR311C7300,118.5,0.0,0.0,0.0,7,120.5,123.5,30,118.5,122.0,0.0,0.0,0.0,0.0,933
2023-05-09 21:04:18,SR311C7300,SR311C7300,118.5,0.0,0.0,0.0,7,120.5,123.5,20,118.5,122.0,0.0,0.0,0.0,0.0,933
2023-05-09 21:04:20,SR311C7300,SR311C7300,118.5,0.0,0.0,0.0,7,120.5,123.0,1,118.5,122.0,0.0,0.0,0.0,0.0,933
2023-05-09 21:04:21,SR311C7300,SR311C7300,118.5,0.0,0.0,0.0,7,120.5,122.5,1,118.5,122.0,0.0,0.0,0.0,0.0,933
2023-05-09 21:04:22,SR311C7300,SR311C7300,118.5,0.0,0.0,0.0,7,120.5,123.0,1,118.5,122.0,0.0,0.0,0.0,0.0,933
2023-05-09 21:04:26,SR311C7300,SR311C7300,118.5,0.0,0.0,0.0,7,120.5,123.0,8,118.5,122.0,0.0,0.0,0.0,0.0,933
2023-05-09 21:04:31,SR311C7300,SR311C7300,118.5,0.0,0.0,0.0,7,120.0,122.5,7,118.5,122.0,0.0,0.0,0.0,0.0,933
2023-05-09 21:04:32,SR311C7300,SR311C7300,118.5,0.0,0.0,0.0,7,120.0,122.5,17,118.5,122.0,0.0,0.0,0.0,0.0,933
2023-05-09 21:04:32,SR311C7300,SR311C7300,118.5,0.0,0.0,0.0,7,120.0,122.5,27,118.5,122.0,0.0,0.0,0.0,0.0,933
2023-05-09 21:04:34,SR311C7300,SR311C7300,118.5,0.0,0.0,0.0,17,119.5,122.5,27,118.5,122.0,0.0,0.0,0.0,0.0,933
2023-05-09 21:04:34,SR311C7300,SR311C7300,118.5,0.0,0.0,0.0,7,119.5,122.5,27,118.5,122.0,0.0,0.0,0.0,0.0,933
2023-05-09 21:04:36,SR311C7300,SR311C7300,118.5,0.0,0.0,0.0,7,119.5,122.0,7,118.5,122.0,0.0,0.0,0.0,0.0,933
2023-05-09 21:04:59,SR311C7300,SR311C7300,118.5,0.0,0.0,0.0,7,120.0,122.5,17,118.5,122.0,0.0,0.0,0.0,0.0,933
2023-05-09 21:05:02,SR311C7300,SR311C7300,118.5,0.0,0.0,0.0,7,120.0,122.5,27,118.5,122.0,0.0,0.0,0.0,0.0,933
2023-05-09 21:05:04,SR311C7300,SR311C7300,118.5,0.0,0.0,0.0,7,120.0,122.5,37,118.5,122.0,0.0,0.0,0.0,0.0,933
2023-05-09 21:05:22,SR311C7300,SR311C7300,118.5,0.0,0.0,0.0,7,121.0,122.5,10,118.5,122.0,0.0,0.0,0.0,0.0,933
2023-05-09 21:05:23,SR311C7300,SR311C7300,118.5,0.0,0.0,0.0,7,121.0,123.0,1,118.5,122.0,0.0,0.0,0.0,0.0,933
2023-05-09 21:05:24,SR311C7300,SR311C7300,118.5,0.0,0.0,0.0,7,121.0,123.0,11,118.5,122.0,0.0,0.0,0.0,0.0,933
2023-05-09 21:05:24,SR311C7300,SR311C7300,118.5,0.0,0.0,0.0,7,121.0,123.0,21,118.5,122.0,0.0,0.0,0.0,0.0,933
2023-05-09 21:05:24,SR311C7300,SR311C7300,118.5,0.0,0.0,0.0,7,121.0,123.0,11,118.5,122.0,0.0,0.0,0.0,0.0,933
2023-05-09 21:05:24,SR311C7300,SR311C7300,118.5,0.0,0.0,0.0,7,121.0,123.0,21,118.5,122.0,0.0,0.0,0.0,0.0,933
2023-05-09 21:05:31,SR311C7300,SR311C7300,118.5,0.0,0.0,0.0,7,121.0,123.0,11,118.5,122.0,0.0,0.0,0.0,0.0,933
2023-05-09 21:05:31,SR311C7300,SR311C7300,118.5,0.0,0.0,0.0,7,121.0,123.0,1,118.5,122.0,0.0,0.0,0.0,0.0,933
2023-05-09 21:05:31,SR311C7300,SR311C7300,118.5,0.0,0.0,0.0,7,121.0,123.0,11,118.5,122.0,0.0,0.0,0.0,0.0,933
2023-05-09 21:05:31,SR311C7300,SR311C7300,118.5,0.0,0.0,0.0,7,121.0,123.0,1,118.5,122.0,0.0,0.0,0.0,0.0,933
2023-05-09 21:06:20,SR311C7300,SR311C7300,118.5,0.0,0.0,0.0,17,120.5,123.0,8,118.5,122.0,0.0,0.0,0.0,0.0,933
2023-05-09 21:06:20,SR311C7300,SR311C7300,118.5,0.0,0.0,0.0,7,120.5,123.0,8,118.5,122.0,0.0,0.0,0.0,0.0,933
2023-05-09 21:06:20,SR311C7300,SR311C7300,118.5,0.0,0.0,0.0,17,120.5,123.0,8,118.5,122.0,0.0,0.0,0.0,0.0,933
2023-05-09 21:06:20,SR311C7300,SR311C7300,118.5,0.0,0.0,0.0,7,120.5,123.0,8,118.5,122.0,0.0,0.0,0.0,0.0,933
2023-05-09 21:06:32,SR311C7300,SR311C7300,118.5,0.0,0.0,0.0,37,120.0,122.5,7,118.5,122.0,0.0,0.0,0.0,0.0,933
2023-05-09 21:06:39,SR311C7300,SR311C7300,118.5,0.0,0.0,0.0,27,120.0,122.5,7,118.5,122.0,0.0,0.0,0.0,0.0,933
2023-05-09 21:07:02,SR311C7300,SR311C7300,118.5,0.0,0.0,0.0,17,120.0,122.5,7,118.5,122.0,0.0,0.0,0.0,0.0,933
2023-05-09 21:07:02,SR311C7300,SR311C7300,118.5,0.0,0.0,0.0,7,120.0,122.5,7,118.5,122.0,0.0,0.0,0.0,0.0,933
2023-05-09 21:07:08,SR311C7300,SR311C7300,118.5,0.0,0.0,0.0,27,120.0,122.5,7,118.5,122.0,0.0,0.0,0.0,0.0,933
2023-05-09 21:07:11,SR311C7300,SR311C7300,118.5,0.0,0.0,0.0,17,120.0,122.5,7,118.5,122.0,0.0,0.0,0.0,0.0,933
2023-05-09 21:07:11,SR311C7300,SR311C7300,118.5,0.0,0.0,0.0,7,120.0,122.5,7,118.5,122.0,0.0,0.0,0.0,0.0,933
2023-05-09 21:07:13,SR311C7300,SR311C7300,118.5,0.0,0.0,0.0,7,120.0,121.5,10,118.5,122.0,0.0,0.0,0.0,0.0,933
2023-05-09 21:07:15,SR311C7300,SR311C7300,118.5,0.0,0.0,0.0,7,120.0,122.0,27,118.5,122.0,0.0,0.0,0.0,0.0,933
2023-05-09 21:07:18,SR311C7300,SR311C7300,118.5,0.0,0.0,0.0,37,119.5,122.0,27,118.5,122.0,0.0,0.0,0.0,0.0,933
2023-05-09 21:07:18,SR311C7300,SR311C7300,118.5,0.0,0.0,0.0,27,119.5,122.0,17,118.5,122.0,0.0,0.0,0.0,0.0,933
2023-05-09 21:07:23,SR311C7300,SR311C7300,118.5,0.0,0.0,0.0,27,119.5,121.5,7,118.5,122.0,0.0,0.0,0.0,0.0,933
2023-05-09 21:07:23,SR311C7300,SR311C7300,118.5,0.0,0.0,0.0,20,119.5,121.5,7,118.5,122.0,0.0,0.0,0.0,0.0,933
2023-05-09 21:07:27,SR311C7300,SR311C7300,118.5,0.0,0.0,0.0,7,119.0,121.5,17,118.5,122.0,0.0,0.0,0.0,0.0,933
2023-05-09 21:07:28,SR311C7300,SR311C7300,118.5,0.0,0.0,0.0,7,119.0,121.5,27,118.5,122.0,0.0,0.0,0.0,0.0,933
2023-05-09 21:07:29,SR311C7300,SR311C7300,118.5,0.0,0.0,0.0,7,119.0,121.5,37,118.5,122.0,0.0,0.0,0.0,0.0,933
2023-05-09 21:07:31,SR311C7300,SR311C7300,118.5,0.0,0.0,0.0,7,119.0,121.0,7,118.5,122.0,0.0,0.0,0.0,0.0,933
2023-05-09 21:07:38,SR311C7300,SR311C7300,118.5,0.0,0.0,0.0,7,119.0,121.5,27,118.5,122.0,0.0,0.0,0.0,0.0,933
2023-05-09 21:07:39,SR311C7300,SR311C7300,118.5,0.0,0.0,0.0,7,119.5,121.5,27,118.5,122.0,0.0,0.0,0.0,0.0,933
2023-05-09 21:07:46,SR311C7300,SR311C7300,118.5,0.0,0.0,0.0,7,119.5,121.5,20,118.5,122.0,0.0,0.0,0.0,0.0,933
2023-05-09 21:07:50,SR311C7300,SR311C7300,118.5,0.0,0.0,0.0,7,119.5,121.5,10,118.5,122.0,0.0,0.0,0.0,0.0,933
2023-05-09 21:07:51,SR311C7300,SR311C7300,118.5,0.0,0.0,0.0,7,120.0,121.5,10,118.5,122.0,0.0,0.0,0.0,0.0,933
2023-05-09 21:07:52,SR311C7300,SR311C7300,118.5,0.0,0.0,0.0,7,120.0,122.5,47,118.5,122.0,0.0,0.0,0.0,0.0,933
2023-05-09 21:07:53,SR311C7300,SR311C7300,118.5,0.0,0.0,0.0,7,120.5,122.5,37,118.5,122.0,0.0,0.0,0.0,0.0,933
2023-05-09 21:07:53,SR311C7300,SR311C7300,118.5,0.0,0.0,0.0,7,120.5,122.5,27,118.5,122.0,0.0,0.0,0.0,0.0,933
2023-05-09 21:07:56,SR311C7300,SR311C7300,118.5,0.0,0.0,0.0,7,120.5,122.5,17,118.5,122.0,0.0,0.0,0.0,0.0,933
2023-05-09 21:07:58,SR311C7300,SR311C7300,118.5,0.0,0.0,0.0,7,120.5,122.5,27,118.5,122.0,0.0,0.0,0.0,0.0,933
2023-05-09 21:07:59,SR311C7300,SR311C7300,118.5,0.0,0.0,0.0,7,120.5,122.5,20,118.5,122.0,0.0,0.0,0.0,0.0,933
2023-05-09 21:08:01,SR311C7300,SR311C7300,118.5,0.0,0.0,0.0,7,121.0,122.5,10,118.5,122.0,0.0,0.0,0.0,0.0,933
2023-05-09 21:08:02,SR311C7300,SR311C7300,118.5,0.0,0.0,0.0,7,121.0,123.0,1,118.5,122.0,0.0,0.0,0.0,0.0,933
2023-05-09 21:08:28,SR311C7300,SR311C7300,118.5,0.0,0.0,0.0,27,121.0,123.0,1,118.5,122.0,0.0,0.0,0.0,0.0,933
2023-05-09 21:09:03,SR311C7300,SR311C7300,118.5,0.0,0.0,0.0,7,121.5,123.0,1,118.5,122.0,0.0,0.0,0.0,0.0,933
2023-05-09 21:09:07,SR311C7300,SR311C7300,118.5,0.0,0.0,0.0,7,121.5,122.0,10,118.5,122.0,0.0,0.0,0.0,0.0,933
2023-05-09 21:10:02,SR311C7300,SR311C7300,118.5,0.0,0.0,0.0,17,121.0,122.0,10,118.5,122.0,0.0,0.0,0.0,0.0,933
2023-05-09 21:10:03,SR311C7300,SR311C7300,118.5,0.0,0.0,0.0,7,121.0,122.0,10,118.5,122.0,0.0,0.0,0.0,0.0,933
2023-05-09 21:10:59,SR311C7300,SR311C7300,122.0,10.0,1220.0,10.0,7,121.0,122.5,10,118.5,122.0,122.0,122.0,10.0,1220.0,943
2023-05-09 21:11:00,SR311C7300,SR311C7300,122.0,0.0,0.0,0.0,7,121.0,123.0,21,118.5,122.0,122.0,122.0,10.0,1220.0,943
2023-05-09 21:11:00,SR311C7300,SR311C7300,122.0,0.0,0.0,0.0,7,121.0,123.0,31,118.5,122.0,122.0,122.0,10.0,1220.0,943
2023-05-09 21:11:01,SR311C7300,SR311C7300,122.0,0.0,0.0,0.0,7,121.0,123.0,21,118.5,122.0,122.0,122.0,10.0,1220.0,943
2023-05-09 21:12:02,SR311C7300,SR311C7300,122.0,0.0,0.0,0.0,7,121.5,123.0,1,118.5,122.0,122.0,122.0,10.0,1220.0,943
2023-05-09 21:12:27,SR311C7300,SR311C7300,122.0,0.0,0.0,0.0,27,121.5,123.0,1,118.5,122.0,122.0,122.0,10.0,1220.0,943
2023-05-09 21:12:36,SR311C7300,SR311C7300,122.0,0.0,0.0,0.0,37,121.5,123.0,1,118.5,122.0,122.0,122.0,10.0,1220.0,943
2023-05-09 21:12:36,SR311C7300,SR311C7300,123.0,1.0,122.0,0.0,37,121.5,123.5,10,118.5,122.0,123.0,122.0,11.0,1342.0,943
2023-05-09 21:12:36,SR311C7300,SR311C7300,123.0,0.0,0.0,0.0,47,121.5,123.5,10,118.5,122.0,123.0,122.0,11.0,1342.0,943
2023-05-09 21:12:37,SR311C7300,SR311C7300,123.0,0.0,0.0,0.0,47,121.5,124.0,17,118.5,122.0,123.0,122.0,11.0,1342.0,943
2023-05-09 21:12:38,SR311C7300,SR311C7300,123.0,0.0,0.0,0.0,7,122.0,124.0,10,118.5,122.0,123.0,122.0,11.0,1342.0,943
2023-05-09 21:12:38,SR311C7300,SR311C7300,123.0,0.0,0.0,0.0,47,122.0,124.5,20,118.5,122.0,123.0,122.0,11.0,1342.0,943
2023-05-09 21:12:39,SR311C7300,SR311C7300,123.0,0.0,0.0,0.0,47,122.0,124.5,30,118.5,122.0,123.0,122.0,11.0,1342.0,943
2023-05-09 21:12:39,SR311C7300,SR311C7300,123.0,0.0,0.0,0.0,47,122.0,124.5,20,118.5,122.0,123.0,122.0,11.0,1342.0,943
2023-05-09 21:12:41,SR311C7300,SR311C7300,123.0,0.0,0.0,0.0,47,122.0,125.0,58,118.5,122.0,123.0,122.0,11.0,1342.0,943
2023-05-09 21:12:42,SR311C7300,SR311C7300,123.0,0.0,0.0,0.0,47,122.0,125.0,48,118.5,122.0,123.0,122.0,11.0,1342.0,943
2023-05-09 21:12:42,SR311C7300,SR311C7300,123.0,0.0,0.0,0.0,7,122.5,125.0,38,118.5,122.0,123.0,122.0,11.0,1342.0,943
2023-05-09 21:12:42,SR311C7300,SR311C7300,123.0,0.0,0.0,0.0,47,122.0,125.0,48,118.5,122.0,123.0,122.0,11.0,1342.0,943
2023-05-09 21:12:42,SR311C7300,SR311C7300,123.0,0.0,0.0,0.0,7,122.5,125.0,38,118.5,122.0,123.0,122.0,11.0,1342.0,943
2023-05-09 21:12:46,SR311C7300,SR311C7300,123.0,0.0,0.0,0.0,27,122.5,125.0,28,118.5,122.0,123.0,122.0,11.0,1342.0,943
2023-05-09 21:12:46,SR311C7300,SR311C7300,123.0,0.0,0.0,0.0,27,122.5,125.0,18,118.5,122.0,123.0,122.0,11.0,1342.0,943
2023-05-09 21:12:48,SR311C7300,SR311C7300,123.0,0.0,0.0,0.0,7,123.0,125.0,18,118.5,122.0,123.0,122.0,11.0,1342.0,943
2023-05-09 21:12:50,SR311C7300,SR311C7300,123.0,0.0,0.0,0.0,17,123.0,125.0,8,118.5,122.0,123.0,122.0,11.0,1342.0,943
2023-05-09 21:12:50,SR311C7300,SR311C7300,123.0,0.0,0.0,0.0,27,123.0,125.0,1,118.5,122.0,123.0,122.0,11.0,1342.0,943
2023-05-09 21:12:55,SR311C7300,SR311C7300,123.0,0.0,0.0,0.0,7,123.5,125.0,1,118.5,122.0,123.0,122.0,11.0,1342.0,943
2023-05-09 21:12:58,SR311C7300,SR311C7300,125.0,1.0,128.0,0.0,7,124.0,125.5,10,118.5,122.0,125.0,122.0,12.0,1470.0,943
2023-05-09 21:12:59,SR311C7300,SR311C7300,125.0,0.0,0.0,0.0,7,124.0,126.0,1,118.5,122.0,125.0,122.0,12.0,1470.0,943
2023-05-09 21:12:59,SR311C7300,SR311C7300,125.0,0.0,0.0,0.0,7,124.0,126.0,11,118.5,122.0,125.0,122.0,12.0,1470.0,943
2023-05-09 21:13:00,SR311C7300,SR311C7300,125.0,0.0,0.0,0.0,7,124.0,126.0,1,118.5,122.0,125.0,122.0,12.0,1470.0,943
2023-05-09 21:13:15,SR311C7300,SR311C7300,125.0,0.0,0.0,0.0,7,124.0,126.0,11,118.5,122.0,125.0,122.0,12.0,1470.0,943
2023-05-09 21:13:16,SR311C7300,SR311C7300,125.0,0.0,0.0,0.0,20,124.5,126.0,11,118.5,122.0,125.0,122.0,12.0,1470.0,943
2023-05-09 21:13:21,SR311C7300,SR311C7300,125.0,0.0,0.0,0.0,27,124.5,126.0,11,118.5,122.0,125.0,122.0,12.0,1470.0,943
2023-05-09 21:13:22,SR311C7300,SR311C7300,125.0,0.0,0.0,0.0,27,124.5,126.0,1,118.5,122.0,125.0,122.0,12.0,1470.0,943
2023-05-09 21:13:34,SR311C7300,SR311C7300,125.0,0.0,0.0,0.0,17,124.5,126.0,1,118.5,122.0,125.0,122.0,12.0,1470.0,943
2023-05-09 21:13:36,SR311C7300,SR311C7300,125.0,0.0,0.0,0.0,27,124.5,126.0,1,118.5,122.0,125.0,122.0,12.0,1470.0,943
2023-05-09 21:13:41,SR311C7300,SR311C7300,125.0,0.0,0.0,0.0,20,124.5,126.0,1,118.5,122.0,125.0,122.0,12.0,1470.0,943
2023-05-09 21:14:23,SR311C7300,SR311C7300,125.0,0.0,0.0,0.0,10,125.5,126.0,1,118.5,122.0,125.0,122.0,12.0,1470.0,943
2023-05-09 21:14:27,SR311C7300,SR311C7300,125.0,0.0,0.0,0.0,20,125.0,126.0,1,118.5,122.0,125.0,122.0,12.0,1470.0,943
2023-05-09 21:14:28,SR311C7300,SR311C7300,125.0,0.0,0.0,0.0,57,124.5,126.0,1,118.5,122.0,125.0,122.0,12.0,1470.0,943
2023-05-09 21:14:28,SR311C7300,SR311C7300,125.0,0.0,0.0,0.0,47,124.5,126.0,1,118.5,122.0,125.0,122.0,12.0,1470.0,943
2023-05-09 21:14:29,SR311C7300,SR311C7300,125.0,0.0,0.0,0.0,37,124.5,126.0,1,118.5,122.0,125.0,122.0,12.0,1470.0,943
2023-05-09 21:14:36,SR311C7300,SR311C7300,125.0,0.0,0.0,0.0,17,124.5,126.0,1,118.5,122.0,125.0,122.0,12.0,1470.0,943
2023-05-09 21:14:38,SR311C7300,SR311C7300,125.0,0.0,0.0,0.0,27,124.5,126.0,1,118.5,122.0,125.0,122.0,12.0,1470.0,943
2023-05-09 21:14:51,SR311C7300,SR311C7300,125.0,0.0,0.0,0.0,20,124.5,126.0,1,118.5,122.0,125.0,122.0,12.0,1470.0,943
2023-05-09 21:14:54,SR311C7300,SR311C7300,125.0,0.0,0.0,0.0,20,124.5,126.0,11,118.5,122.0,125.0,122.0,12.0,1470.0,943
2023-05-09 21:14:57,SR311C7300,SR311C7300,125.0,0.0,0.0,0.0,20,124.5,126.0,1,118.5,122.0,125.0,122.0,12.0,1470.0,943
2023-05-09 21:15:06,SR311C7300,SR311C7300,125.0,0.0,0.0,0.0,10,124.5,126.0,1,118.5,122.0,125.0,122.0,12.0,1470.0,943
2023-05-09 21:15:06,SR311C7300,SR311C7300,125.0,0.0,0.0,0.0,20,124.5,126.0,1,118.5,122.0,125.0,122.0,12.0,1470.0,943
2023-05-09 21:15:11,SR311C7300,SR311C7300,125.0,0.0,0.0,0.0,20,124.5,125.5,10,118.5,122.0,125.0,122.0,12.0,1470.0,943
2023-05-09 21:15:20,SR311C7300,SR311C7300,125.0,0.0,0.0,0.0,10,124.5,125.5,10,118.5,122.0,125.0,122.0,12.0,1470.0,943
2023-05-09 21:15:22,SR311C7300,SR311C7300,125.0,0.0,0.0,0.0,20,124.5,125.5,10,118.5,122.0,125.0,122.0,12.0,1470.0,943
2023-05-09 21:15:24,SR311C7300,SR311C7300,125.0,0.0,0.0,0.0,10,124.5,125.5,10,118.5,122.0,125.0,122.0,12.0,1470.0,943
2023-05-09 21:15:27,SR311C7300,SR311C7300,125.0,0.0,0.0,0.0,20,124.5,125.5,10,118.5,122.0,125.0,122.0,12.0,1470.0,943
2023-05-09 21:15:29,SR311C7300,SR311C7300,125.0,0.0,0.0,0.0,30,124.5,125.5,10,118.5,122.0,125.0,122.0,12.0,1470.0,943
2023-05-09 21:15:29,SR311C7300,SR311C7300,125.0,0.0,0.0,0.0,20,124.5,125.5,10,118.5,122.0,125.0,122.0,12.0,1470.0,943
2023-05-09 21:15:31,SR311C7300,SR311C7300,125.0,0.0,0.0,0.0,10,124.5,125.5,10,118.5,122.0,125.0,122.0,12.0,1470.0,943
2023-05-09 21:15:34,SR311C7300,SR311C7300,125.0,0.0,0.0,0.0,57,124.0,125.5,10,118.5,122.0,125.0,122.0,12.0,1470.0,943
2023-05-09 21:15:35,SR311C7300,SR311C7300,125.0,0.0,0.0,0.0,47,124.0,125.5,10,118.5,122.0,125.0,122.0,12.0,1470.0,943
2023-05-09 21:15:59,SR311C7300,SR311C7300,125.5,10.0,1258.0,10.0,17,124.5,126.0,11,118.5,122.0,125.5,122.0,22.0,2728.0,953
2023-05-09 21:16:00,SR311C7300,SR311C7300,125.5,0.0,0.0,0.0,17,124.5,126.0,1,118.5,122.0,125.5,122.0,22.0,2728.0,953
2023-05-09 21:16:00,SR311C7300,SR311C7300,125.5,0.0,0.0,0.0,27,124.5,126.0,1,118.5,122.0,125.5,122.0,22.0,2728.0,953
2023-05-09 21:16:01,SR311C7300,SR311C7300,125.5,0.0,0.0,0.0,17,124.5,126.0,1,118.5,122.0,125.5,122.0,22.0,2728.0,953
2023-05-09 21:16:01,SR311C7300,SR311C7300,125.5,0.0,0.0,0.0,37,124.0,126.0,1,118.5,122.0,125.5,122.0,22.0,2728.0,953
2023-05-09 21:16:02,SR311C7300,SR311C7300,125.5,0.0,0.0,0.0,7,124.0,126.0,1,118.5,122.0,125.5,122.0,22.0,2728.0,953
2023-05-09 21:16:03,SR311C7300,SR311C7300,125.5,0.0,0.0,0.0,7,124.0,126.0,8,118.5,122.0,125.5,122.0,22.0,2728.0,953
2023-05-09 21:16:04,SR311C7300,SR311C7300,125.5,0.0,0.0,0.0,47,123.5,126.0,8,118.5,122.0,125.5,122.0,22.0,2728.0,953
2023-05-09 21:16:04,SR311C7300,SR311C7300,125.5,0.0,0.0,0.0,47,123.5,125.5,10,118.5,122.0,125.5,122.0,22.0,2728.0,953
2023-05-09 21:16:05,SR311C7300,SR311C7300,125.5,0.0,0.0,0.0,37,123.5,125.5,10,118.5,122.0,125.5,122.0,22.0,2728.0,953
2023-05-09 21:16:07,SR311C7300,SR311C7300,125.5,0.0,0.0,0.0,37,123.5,125.5,17,118.5,122.0,125.5,122.0,22.0,2728.0,953
2023-05-09 21:16:12,SR311C7300,SR311C7300,125.5,0.0,0.0,0.0,37,123.0,124.5,10,118.5,122.0,125.5,122.0,22.0,2728.0,953
2023-05-09 21:16:13,SR311C7300,SR311C7300,125.5,0.0,0.0,0.0,17,123.0,124.5,10,118.5,122.0,125.5,122.0,22.0,2728.0,953
2023-05-09 21:16:13,SR311C7300,SR311C7300,125.5,0.0,0.0,0.0,17,123.0,124.5,20,118.5,122.0,125.5,122.0,22.0,2728.0,953
2023-05-09 21:16:14,SR311C7300,SR311C7300,125.5,0.0,0.0,0.0,17,123.0,124.5,10,118.5,122.0,125.5,122.0,22.0,2728.0,953
2023-05-09 21:16:19,SR311C7300,SR311C7300,125.5,0.0,0.0,0.0,17,123.0,124.5,20,118.5,122.0,125.5,122.0,22.0,2728.0,953
2023-05-09 21:16:19,SR311C7300,SR311C7300,125.5,0.0,0.0,0.0,17,123.0,124.5,10,118.5,122.0,125.5,122.0,22.0,2728.0,953
2023-05-09 21:16:20,SR311C7300,SR311C7300,125.5,0.0,0.0,0.0,17,123.0,124.5,20,118.5,122.0,125.5,122.0,22.0,2728.0,953
2023-05-09 21:16:21,SR311C7300,SR311C7300,125.5,0.0,0.0,0.0,10,123.0,124.5,20,118.5,122.0,125.5,122.0,22.0,2728.0,953
2023-05-09 21:16:22,SR311C7300,SR311C7300,125.5,0.0,0.0,0.0,50,122.5,124.5,20,118.5,122.0,125.5,122.0,22.0,2728.0,953
2023-05-09 21:16:23,SR311C7300,SR311C7300,125.5,0.0,0.0,0.0,40,122.5,124.5,20,118.5,122.0,125.5,122.0,22.0,2728.0,953
2023-05-09 21:16:26,SR311C7300,SR311C7300,125.5,0.0,0.0,0.0,50,122.5,124.5,20,118.5,122.0,125.5,122.0,22.0,2728.0,953
2023-05-09 21:16:27,SR311C7300,SR311C7300,125.5,0.0,0.0,0.0,40,122.5,124.5,20,118.5,122.0,125.5,122.0,22.0,2728.0,953
2023-05-09 21:16:27,SR311C7300,SR311C7300,125.5,0.0,0.0,0.0,40,122.5,123.5,10,118.5,122.0,125.5,122.0,22.0,2728.0,953
2023-05-09 21:16:30,SR311C7300,SR311C7300,125.5,0.0,0.0,0.0,20,122.5,123.5,20,118.5,122.0,125.5,122.0,22.0,2728.0,953
2023-05-09 21:16:35,SR311C7300,SR311C7300,125.5,0.0,0.0,0.0,10,122.5,123.5,20,118.5,122.0,125.5,122.0,22.0,2728.0,953
2023-05-09 21:16:35,SR311C7300,SR311C7300,125.5,0.0,0.0,0.0,57,122.0,123.5,20,118.5,122.0,125.5,122.0,22.0,2728.0,953
2023-05-09 21:16:37,SR311C7300,SR311C7300,125.5,0.0,0.0,0.0,47,122.0,123.5,20,118.5,122.0,125.5,122.0,22.0,2728.0,953
2023-05-09 21:16:37,SR311C7300,SR311C7300,125.5,0.0,0.0,0.0,37,122.0,123.5,20,118.5,122.0,125.5,122.0,22.0,2728.0,953
2023-05-09 21:16:38,SR311C7300,SR311C7300,125.5,0.0,0.0,0.0,27,122.0,123.5,20,118.5,122.0,125.5,122.0,22.0,2728.0,953
2023-05-09 21:16:39,SR311C7300,SR311C7300,125.5,0.0,0.0,0.0,17,122.0,123.5,20,118.5,122.0,125.5,122.0,22.0,2728.0,953
2023-05-09 21:16:48,SR311C7300,SR311C7300,125.5,0.0,0.0,0.0,17,122.0,123.5,10,118.5,122.0,125.5,122.0,22.0,2728.0,953
2023-05-09 21:16:48,SR311C7300,SR311C7300,125.5,0.0,0.0,0.0,17,122.0,123.5,20,118.5,122.0,125.5,122.0,22.0,2728.0,953
2023-05-09 21:16:49,SR311C7300,SR311C7300,125.5,0.0,0.0,0.0,17,122.0,123.5,10,118.5,122.0,125.5,122.0,22.0,2728.0,953
2023-05-09 21:16:50,SR311C7300,SR311C7300,125.5,0.0,0.0,0.0,27,122.0,123.5,20,118.5,122.0,125.5,122.0,22.0,2728.0,953
2023-05-09 21:16:50,SR311C7300,SR311C7300,125.5,0.0,0.0,0.0,27,122.0,123.5,10,118.5,122.0,125.5,122.0,22.0,2728.0,953
2023-05-09 21:16:54,SR311C7300,SR311C7300,125.5,0.0,0.0,0.0,27,122.0,123.5,20,118.5,122.0,125.5,122.0,22.0,2728.0,953
2023-05-09 21:17:02,SR311C7300,SR311C7300,125.5,0.0,0.0,0.0,17,122.0,122.5,10,118.5,122.0,125.5,122.0,22.0,2728.0,953
2023-05-09 21:17:02,SR311C7300,SR311C7300,125.5,0.0,0.0,0.0,30,121.5,122.5,10,118.5,122.0,125.5,122.0,22.0,2728.0,953
2023-05-09 21:17:03,SR311C7300,SR311C7300,125.5,0.0,0.0,0.0,47,121.0,122.5,10,118.5,122.0,125.5,122.0,22.0,2728.0,953
2023-05-09 21:17:04,SR311C7300,SR311C7300,125.5,0.0,0.0,0.0,67,121.0,122.5,10,118.5,122.0,125.5,122.0,22.0,2728.0,953
2023-05-09 21:17:04,SR311C7300,SR311C7300,125.5,0.0,0.0,0.0,57,121.0,122.5,10,118.5,122.0,125.5,122.0,22.0,2728.0,953
2023-05-09 21:17:04,SR311C7300,SR311C7300,125.5,0.0,0.0,0.0,67,121.0,122.5,10,118.5,122.0,125.5,122.0,22.0,2728.0,953
2023-05-09 21:17:04,SR311C7300,SR311C7300,125.5,0.0,0.0,0.0,57,121.0,122.5,10,118.5,122.0,125.5,122.0,22.0,2728.0,953
2023-05-09 21:17:09,SR311C7300,SR311C7300,125.5,0.0,0.0,0.0,49,121.0,122.5,10,118.5,122.0,125.5,122.0,22.0,2728.0,953
2023-05-09 21:17:10,SR311C7300,SR311C7300,122.5,10.0,1224.0,10.0,37,121.0,123.0,10,118.5,122.0,125.5,122.0,32.0,3952.0,963
2023-05-09 21:17:10,SR311C7300,SR311C7300,122.5,0.0,0.0,0.0,47,121.0,123.0,20,118.5,122.0,125.5,122.0,32.0,3952.0,963
2023-05-09 21:17:11,SR311C7300,SR311C7300,122.5,0.0,0.0,0.0,47,121.0,123.5,37,118.5,122.0,125.5,122.0,32.0,3952.0,963
2023-05-09 21:17:11,SR311C7300,SR311C7300,122.5,0.0,0.0,0.0,47,121.0,123.5,47,118.5,122.0,125.5,122.0,32.0,3952.0,963
2023-05-09 21:17:12,SR311C7300,SR311C7300,122.5,0.0,0.0,0.0,47,121.0,123.5,37,118.5,122.0,125.5,122.0,32.0,3952.0,963
2023-05-09 21:17:16,SR311C7300,SR311C7300,122.5,0.0,0.0,0.0,47,121.0,123.5,27,118.5,122.0,125.5,122.0,32.0,3952.0,963
2023-05-09 21:17:29,SR311C7300,SR311C7300,122.5,0.0,0.0,0.0,37,121.0,123.5,27,118.5,122.0,125.5,122.0,32.0,3952.0,963
2023-05-09 21:17:31,SR311C7300,SR311C7300,122.5,0.0,0.0,0.0,37,121.0,123.0,7,118.5,122.0,125.5,122.0,32.0,3952.0,963
2023-05-09 21:17:54,SR311C7300,SR311C7300,122.5,0.0,0.0,0.0,30,121.0,123.0,7,118.5,122.0,125.5,122.0,32.0,3952.0,963
2023-05-09 21:18:08,SR311C7300,SR311C7300,122.5,0.0,0.0,0.0,47,121.0,123.5,37,118.5,122.0,125.5,122.0,32.0,3952.0,963
2023-05-09 21:18:09,SR311C7300,SR311C7300,122.5,0.0,0.0,0.0,10,121.5,123.5,27,118.5,122.0,125.5,122.0,32.0,3952.0,963
2023-05-09 21:18:09,SR311C7300,SR311C7300,122.5,0.0,0.0,0.0,20,121.5,123.5,27,118.5,122.0,125.5,122.0,32.0,3952.0,963
2023-05-09 21:18:11,SR311C7300,SR311C7300,122.5,0.0,0.0,0.0,10,121.5,123.5,27,118.5,122.0,125.5,122.0,32.0,3952.0,963
2023-05-09 21:18:11,SR311C7300,SR311C7300,122.5,0.0,0.0,0.0,57,121.0,123.5,27,118.5,122.0,125.5,122.0,32.0,3952.0,963
2023-05-09 21:18:12,SR311C7300,SR311C7300,122.5,0.0,0.0,0.0,47,121.0,123.5,27,118.5,122.0,125.5,122.0,32.0,3952.0,963
2023-05-09 21:18:34,SR311C7300,SR311C7300,122.5,0.0,0.0,0.0,47,121.0,123.0,10,118.5,122.0,125.5,122.0,32.0,3952.0,963
2023-05-09 21:18:36,SR311C7300,SR311C7300,122.5,0.0,0.0,0.0,47,121.0,123.0,20,118.5,122.0,125.5,122.0,32.0,3952.0,963
2023-05-09 21:18:41,SR311C7300,SR311C7300,122.5,0.0,0.0,0.0,47,121.0,123.5,57,118.5,122.0,125.5,122.0,32.0,3952.0,963
2023-05-09 21:18:42,SR311C7300,SR311C7300,122.5,0.0,0.0,0.0,47,121.0,123.5,47,118.5,122.0,125.5,122.0,32.0,3952.0,963
2023-05-09 21:19:04,SR311C7300,SR311C7300,122.5,0.0,0.0,0.0,37,121.0,123.5,47,118.5,122.0,125.5,122.0,32.0,3952.0,963
2023-05-09 21:19:09,SR311C7300,SR311C7300,122.5,0.0,0.0,0.0,37,121.0,123.0,7,118.5,122.0,125.5,122.0,32.0,3952.0,963
2023-05-09 21:19:10,SR311C7300,SR311C7300,122.5,0.0,0.0,0.0,20,121.0,123.0,7,118.5,122.0,125.5,122.0,32.0,3952.0,963
2023-05-09 21:19:15,SR311C7300,SR311C7300,122.5,0.0,0.0,0.0,30,121.0,123.0,7,118.5,122.0,125.5,122.0,32.0,3952.0,963
2023-05-09 21:19:23,SR311C7300,SR311C7300,122.5,0.0,0.0,0.0,20,121.0,123.0,7,118.5,122.0,125.5,122.0,32.0,3952.0,963
2023-05-09 21:19:28,SR311C7300,SR311C7300,122.5,0.0,0.0,0.0,30,121.0,123.0,7,118.5,122.0,125.5,122.0,32.0,3952.0,963
2023-05-09 21:19:41,SR311C7300,SR311C7300,122.5,0.0,0.0,0.0,40,121.0,123.0,7,118.5,122.0,125.5,122.0,32.0,3952.0,963
2023-05-09 21:19:49,SR311C7300,SR311C7300,122.5,0.0,0.0,0.0,30,121.0,123.0,7,118.5,122.0,125.5,122.0,32.0,3952.0,963
2023-05-09 21:19:51,SR311C7300,SR311C7300,122.5,0.0,0.0,0.0,20,121.0,123.0,7,118.5,122.0,125.5,122.0,32.0,3952.0,963
2023-05-09 21:20:05,SR311C7300,SR311C7300,122.5,0.0,0.0,0.0,10,121.0,122.5,7,118.5,122.0,125.5,122.0,32.0,3952.0,963
2023-05-09 21:20:05,SR311C7300,SR311C7300,122.5,0.0,0.0,0.0,40,120.5,122.5,7,118.5,122.0,125.5,122.0,32.0,3952.0,963
2023-05-09 21:20:06,SR311C7300,SR311C7300,122.5,0.0,0.0,0.0,30,120.5,122.5,7,118.5,122.0,125.5,122.0,32.0,3952.0,963
2023-05-09 21:20:07,SR311C7300,SR311C7300,122.5,0.0,0.0,0.0,37,120.5,122.5,7,118.5,122.0,125.5,122.0,32.0,3952.0,963
2023-05-09 21:20:08,SR311C7300,SR311C7300,122.5,0.0,0.0,0.0,10,121.0,123.0,37,118.5,122.0,125.5,122.0,32.0,3952.0,963
2023-05-09 21:20:09,SR311C7300,SR311C7300,122.5,0.0,0.0,0.0,20,121.0,123.0,37,118.5,122.0,125.5,122.0,32.0,3952.0,963
2023-05-09 21:20:09,SR311C7300,SR311C7300,122.5,0.0,0.0,0.0,20,121.0,123.0,27,118.5,122.0,125.5,122.0,32.0,3952.0,963
2023-05-09 21:20:15,SR311C7300,SR311C7300,122.5,0.0,0.0,0.0,10,121.0,123.0,27,118.5,122.0,125.5,122.0,32.0,3952.0,963
2023-05-09 21:20:15,SR311C7300,SR311C7300,122.5,0.0,0.0,0.0,57,120.5,123.0,27,118.5,122.0,125.5,122.0,32.0,3952.0,963
2023-05-09 21:20:16,SR311C7300,SR311C7300,122.5,0.0,0.0,0.0,47,120.5,123.0,27,118.5,122.0,125.5,122.0,32.0,3952.0,963
2023-05-09 21:20:24,SR311C7300,SR311C7300,122.5,0.0,0.0,0.0,7,121.0,123.0,27,118.5,122.0,125.5,122.0,32.0,3952.0,963
2023-05-09 21:20:27,SR311C7300,SR311C7300,122.5,0.0,0.0,0.0,17,121.0,123.0,27,118.5,122.0,125.5,122.0,32.0,3952.0,963
2023-05-09 21:20:27,SR311C7300,SR311C7300,122.5,0.0,0.0,0.0,27,121.0,123.0,27,118.5,122.0,125.5,122.0,32.0,3952.0,963
2023-05-09 21:20:31,SR311C7300,SR311C7300,122.5,0.0,0.0,0.0,27,121.0,123.0,10,118.5,122.0,125.5,122.0,32.0,3952.0,963
2023-05-09 21:20:32,SR311C7300,SR311C7300,122.5,0.0,0.0,0.0,37,121.0,123.0,10,118.5,122.0,125.5,122.0,32.0,3952.0,963
2023-05-09 21:20:37,SR311C7300,SR311C7300,122.5,0.0,0.0,0.0,37,121.0,123.5,47,118.5,122.0,125.5,122.0,32.0,3952.0,963
2023-05-09 21:20:38,SR311C7300,SR311C7300,122.5,0.0,0.0,0.0,37,121.0,123.5,37,118.5,122.0,125.5,122.0,32.0,3952.0,963
2023-05-09 21:20:43,SR311C7300,SR311C7300,122.5,0.0,0.0,0.0,27,121.0,123.5,37,118.5,122.0,125.5,122.0,32.0,3952.0,963
2023-05-09 21:20:47,SR311C7300,SR311C7300,122.5,0.0,0.0,0.0,27,121.0,123.5,47,118.5,122.0,125.5,122.0,32.0,3952.0,963
2023-05-09 21:20:55,SR311C7300,SR311C7300,122.5,0.0,0.0,0.0,27,121.0,123.5,67,118.5,122.0,125.5,122.0,32.0,3952.0,963
2023-05-09 21:20:56,SR311C7300,SR311C7300,122.5,0.0,0.0,0.0,27,121.0,123.5,57,118.5,122.0,125.5,122.0,32.0,3952.0,963
2023-05-09 21:21:08,SR311C7300,SR311C7300,122.5,0.0,0.0,0.0,27,121.0,123.5,47,118.5,122.0,125.5,122.0,32.0,3952.0,963
2023-05-09 21:21:12,SR311C7300,SR311C7300,122.5,0.0,0.0,0.0,37,121.0,123.5,47,118.5,122.0,125.5,122.0,32.0,3952.0,963
2023-05-09 21:21:26,SR311C7300,SR311C7300,122.5,0.0,0.0,0.0,37,121.0,123.5,37,118.5,122.0,125.5,122.0,32.0,3952.0,963
2023-05-09 21:21:26,SR311C7300,SR311C7300,122.5,0.0,0.0,0.0,47,121.0,123.5,37,118.5,122.0,125.5,122.0,32.0,3952.0,963
2023-05-09 21:21:38,SR311C7300,SR311C7300,122.5,0.0,0.0,0.0,37,121.0,123.5,37,118.5,122.0,125.5,122.0,32.0,3952.0,963
2023-05-09 21:21:39,SR311C7300,SR311C7300,122.5,0.0,0.0,0.0,7,121.5,123.5,37,118.5,122.0,125.5,122.0,32.0,3952.0,963
2023-05-09 21:21:43,SR311C7300,SR311C7300,122.5,0.0,0.0,0.0,7,121.5,123.5,30,118.5,122.0,125.5,122.0,32.0,3952.0,963
2023-05-09 21:21:46,SR311C7300,SR311C7300,122.5,0.0,0.0,0.0,7,121.5,123.5,40,118.5,122.0,125.5,122.0,32.0,3952.0,963
2023-05-09 21:21:52,SR311C7300,SR311C7300,122.5,0.0,0.0,0.0,7,121.5,123.0,10,118.5,122.0,125.5,122.0,32.0,3952.0,963
2023-05-09 21:21:52,SR311C7300,SR311C7300,122.5,0.0,0.0,0.0,7,121.5,123.0,30,118.5,122.0,125.5,122.0,32.0,3952.0,963
2023-05-09 21:22:07,SR311C7300,SR311C7300,122.5,0.0,0.0,0.0,7,121.5,123.0,20,118.5,122.0,125.5,122.0,32.0,3952.0,963
2023-05-09 21:22:08,SR311C7300,SR311C7300,122.5,0.0,0.0,0.0,7,121.5,123.0,30,118.5,122.0,125.5,122.0,32.0,3952.0,963
2023-05-09 21:22:22,SR311C7300,SR311C7300,122.5,0.0,0.0,0.0,7,121.5,123.0,20,118.5,122.0,125.5,122.0,32.0,3952.0,963
2023-05-09 21:22:24,SR311C7300,SR311C7300,122.5,0.0,0.0,0.0,7,122.0,123.0,20,118.5,122.0,125.5,122.0,32.0,3952.0,963
2023-05-09 21:22:25,SR311C7300,SR311C7300,122.5,0.0,0.0,0.0,7,122.0,123.0,10,118.5,122.0,125.5,122.0,32.0,3952.0,963
2023-05-09 21:22:28,SR311C7300,SR311C7300,123.0,10.0,1235.0,10.0,7,122.0,123.5,50,118.5,122.0,125.5,122.0,42.0,5187.0,973
2023-05-09 21:22:29,SR311C7300,SR311C7300,123.0,0.0,0.0,0.0,7,122.0,123.5,10,118.5,122.0,125.5,122.0,42.0,5187.0,973
2023-05-09 21:22:30,SR311C7300,SR311C7300,123.0,0.0,0.0,0.0,7,122.0,124.0,67,118.5,122.0,125.5,122.0,42.0,5187.0,973
2023-05-09 21:22:30,SR311C7300,SR311C7300,123.0,0.0,0.0,0.0,17,122.0,124.0,67,118.5,122.0,125.5,122.0,42.0,5187.0,973
2023-05-09 21:22:31,SR311C7300,SR311C7300,123.0,0.0,0.0,0.0,27,122.0,124.0,67,118.5,122.0,125.5,122.0,42.0,5187.0,973
2023-05-09 21:22:31,SR311C7300,SR311C7300,123.0,0.0,0.0,0.0,17,122.0,124.0,57,118.5,122.0,125.5,122.0,42.0,5187.0,973
2023-05-09 21:22:32,SR311C7300,SR311C7300,123.0,0.0,0.0,0.0,17,122.0,124.0,47,118.5,122.0,125.5,122.0,42.0,5187.0,973
2023-05-09 21:22:34,SR311C7300,SR311C7300,123.0,0.0,0.0,0.0,27,122.0,124.0,47,118.5,122.0,125.5,122.0,42.0,5187.0,973
2023-05-09 21:22:35,SR311C7300,SR311C7300,123.0,0.0,0.0,0.0,17,122.0,124.0,47,118.5,122.0,125.5,122.0,42.0,5187.0,973
2023-05-09 21:22:44,SR311C7300,SR311C7300,123.0,0.0,0.0,0.0,27,122.0,124.0,47,118.5,122.0,125.5,122.0,42.0,5187.0,973
2023-05-09 21:22:48,SR311C7300,SR311C7300,123.0,0.0,0.0,0.0,27,122.0,124.0,37,118.5,122.0,125.5,122.0,42.0,5187.0,973
2023-05-09 21:22:49,SR311C7300,SR311C7300,123.0,0.0,0.0,0.0,17,122.0,124.0,37,118.5,122.0,125.5,122.0,42.0,5187.0,973
2023-05-09 21:23:06,SR311C7300,SR311C7300,123.0,0.0,0.0,0.0,27,122.0,124.0,37,118.5,122.0,125.5,122.0,42.0,5187.0,973
2023-05-09 21:23:10,SR311C7300,SR311C7300,123.0,0.0,0.0,0.0,17,122.0,124.0,37,118.5,122.0,125.5,122.0,42.0,5187.0,973
2023-05-09 21:23:15,SR311C7300,SR311C7300,123.0,0.0,0.0,0.0,27,122.0,124.0,37,118.5,122.0,125.5,122.0,42.0,5187.0,973
2023-05-09 21:23:16,SR311C7300,SR311C7300,123.0,0.0,0.0,0.0,17,122.0,124.0,37,118.5,122.0,125.5,122.0,42.0,5187.0,973
2023-05-09 21:23:20,SR311C7300,SR311C7300,123.0,0.0,0.0,0.0,27,122.0,124.0,37,118.5,122.0,125.5,122.0,42.0,5187.0,973
2023-05-09 21:23:23,SR311C7300,SR311C7300,123.0,0.0,0.0,0.0,27,122.0,124.0,27,118.5,122.0,125.5,122.0,42.0,5187.0,973
2023-05-09 21:24:00,SR311C7300,SR311C7300,123.0,0.0,0.0,0.0,37,122.0,124.0,27,118.5,122.0,125.5,122.0,42.0,5187.0,973
2023-05-09 21:24:00,SR311C7300,SR311C7300,123.0,0.0,0.0,0.0,27,122.0,124.0,27,118.5,122.0,125.5,122.0,42.0,5187.0,973
2023-05-09 21:24:01,SR311C7300,SR311C7300,123.0,0.0,0.0,0.0,37,122.0,124.0,27,118.5,122.0,125.5,122.0,42.0,5187.0,973
2023-05-09 21:24:05,SR311C7300,SR311C7300,123.0,0.0,0.0,0.0,37,122.0,124.0,37,118.5,122.0,125.5,122.0,42.0,5187.0,973
2023-05-09 21:24:11,SR311C7300,SR311C7300,123.0,0.0,0.0,0.0,27,122.0,124.0,37,118.5,122.0,125.5,122.0,42.0,5187.0,973
2023-05-09 21:24:21,SR311C7300,SR311C7300,123.0,0.0,0.0,0.0,17,122.0,124.0,37,118.5,122.0,125.5,122.0,42.0,5187.0,973
2023-05-09 21:24:21,SR311C7300,SR311C7300,123.0,0.0,0.0,0.0,17,122.0,123.0,10,118.5,122.0,125.5,122.0,42.0,5187.0,973
2023-05-09 21:24:36,SR311C7300,SR311C7300,123.0,0.0,0.0,0.0,17,122.0,123.0,20,118.5,122.0,125.5,122.0,42.0,5187.0,973
2023-05-09 21:24:43,SR311C7300,SR311C7300,123.0,0.0,0.0,0.0,17,122.0,123.0,10,118.5,122.0,125.5,122.0,42.0,5187.0,973
2023-05-09 21:24:46,SR311C7300,SR311C7300,123.0,0.0,0.0,0.0,17,122.0,123.0,20,118.5,122.0,125.5,122.0,42.0,5187.0,973
2023-05-09 21:24:53,SR311C7300,SR311C7300,123.0,0.0,0.0,0.0,10,122.0,123.0,20,118.5,122.0,125.5,122.0,42.0,5187.0,973
2023-05-09 21:24:53,SR311C7300,SR311C7300,123.0,0.0,0.0,0.0,27,121.5,123.0,20,118.5,122.0,125.5,122.0,42.0,5187.0,973
2023-05-09 21:24:54,SR311C7300,SR311C7300,123.0,0.0,0.0,0.0,37,121.5,123.0,20,118.5,122.0,125.5,122.0,42.0,5187.0,973
2023-05-09 21:24:59,SR311C7300,SR311C7300,123.0,0.0,0.0,0.0,27,121.5,123.0,10,118.5,122.0,125.5,122.0,42.0,5187.0,973
2023-05-09 21:24:59,SR311C7300,SR311C7300,123.0,0.0,0.0,0.0,17,121.5,123.0,10,118.5,122.0,125.5,122.0,42.0,5187.0,973
2023-05-09 21:25:00,SR311C7300,SR311C7300,123.0,0.0,0.0,0.0,27,121.5,123.0,20,118.5,122.0,125.5,122.0,42.0,5187.0,973
2023-05-09 21:25:01,SR311C7300,SR311C7300,123.0,0.0,0.0,0.0,27,121.5,123.0,10,118.5,122.0,125.5,122.0,42.0,5187.0,973
2023-05-09 21:25:01,SR311C7300,SR311C7300,123.0,0.0,0.0,0.0,17,121.5,123.0,10,118.5,122.0,125.5,122.0,42.0,5187.0,973
2023-05-09 21:25:05,SR311C7300,SR311C7300,123.0,0.0,0.0,0.0,37,121.5,123.0,10,118.5,122.0,125.5,122.0,42.0,5187.0,973
2023-05-09 21:25:06,SR311C7300,SR311C7300,123.0,0.0,0.0,0.0,45,121.5,123.0,10,118.5,122.0,125.5,122.0,42.0,5187.0,973
2023-05-09 21:25:10,SR311C7300,SR311C7300,123.0,0.0,0.0,0.0,37,121.5,123.0,10,118.5,122.0,125.5,122.0,42.0,5187.0,973
2023-05-09 21:25:24,SR311C7300,SR311C7300,123.0,0.0,0.0,0.0,27,121.5,123.0,10,118.5,122.0,125.5,122.0,42.0,5187.0,973
2023-05-09 21:25:27,SR311C7300,SR311C7300,123.0,0.0,0.0,0.0,37,121.5,123.0,10,118.5,122.0,125.5,122.0,42.0,5187.0,973
2023-05-09 21:25:31,SR311C7300,SR311C7300,123.0,0.0,0.0,0.0,10,122.0,123.0,10,118.5,122.0,125.5,122.0,42.0,5187.0,973
2023-05-09 21:25:31,SR311C7300,SR311C7300,123.0,0.0,0.0,0.0,37,121.5,123.0,10,118.5,122.0,125.5,122.0,42.0,5187.0,973
2023-05-09 21:25:49,SR311C7300,SR311C7300,123.0,0.0,0.0,0.0,10,122.0,123.0,10,118.5,122.0,125.5,122.0,42.0,5187.0,973
2023-05-09 21:25:53,SR311C7300,SR311C7300,123.0,0.0,0.0,0.0,20,122.0,123.0,10,118.5,122.0,125.5,122.0,42.0,5187.0,973
2023-05-09 21:25:57,SR311C7300,SR311C7300,123.0,10.0,1209.0,10.0,37,122.0,124.0,27,118.5,122.0,125.5,122.0,52.0,6396.0,983
2023-05-09 21:25:57,SR311C7300,SR311C7300,123.0,0.0,0.0,0.0,37,122.0,124.0,17,118.5,122.0,125.5,122.0,52.0,6396.0,983
2023-05-09 21:26:04,SR311C7300,SR311C7300,123.0,0.0,0.0,0.0,37,122.0,124.0,27,118.5,122.0,125.5,122.0,52.0,6396.0,983
2023-05-09 21:26:11,SR311C7300,SR311C7300,123.0,0.0,0.0,0.0,27,122.0,124.0,27,118.5,122.0,125.5,122.0,52.0,6396.0,983
2023-05-09 21:26:17,SR311C7300,SR311C7300,123.0,0.0,0.0,0.0,37,122.0,124.0,17,118.5,122.0,125.5,122.0,52.0,6396.0,983
2023-05-09 21:26:17,SR311C7300,SR311C7300,123.0,0.0,0.0,0.0,37,122.0,124.0,7,118.5,122.0,125.5,122.0,52.0,6396.0,983
2023-05-09 21:26:26,SR311C7300,SR311C7300,123.0,0.0,0.0,0.0,27,122.0,124.0,27,118.5,122.0,125.5,122.0,52.0,6396.0,983
2023-05-09 21:26:26,SR311C7300,SR311C7300,123.0,0.0,0.0,0.0,37,122.0,124.0,27,118.5,122.0,125.5,122.0,52.0,6396.0,983
2023-05-09 21:26:27,SR311C7300,SR311C7300,123.0,0.0,0.0,0.0,37,122.0,124.0,17,118.5,122.0,125.5,122.0,52.0,6396.0,983
2023-05-09 21:26:28,SR311C7300,SR311C7300,123.0,0.0,0.0,0.0,37,122.0,124.0,27,118.5,122.0,125.5,122.0,52.0,6396.0,983
2023-05-09 21:26:39,SR311C7300,SR311C7300,123.0,0.0,0.0,0.0,37,122.0,124.0,17,118.5,122.0,125.5,122.0,52.0,6396.0,983
2023-05-09 21:26:43,SR311C7300,SR311C7300,123.0,0.0,0.0,0.0,27,122.0,124.0,27,118.5,122.0,125.5,122.0,52.0,6396.0,983
2023-05-09 21:26:43,SR311C7300,SR311C7300,123.0,0.0,0.0,0.0,20,122.0,124.0,27,118.5,122.0,125.5,122.0,52.0,6396.0,983
2023-05-09 21:26:48,SR311C7300,SR311C7300,123.0,0.0,0.0,0.0,10,122.0,124.0,27,118.5,122.0,125.5,122.0,52.0,6396.0,983
2023-05-09 21:26:49,SR311C7300,SR311C7300,123.0,0.0,0.0,0.0,47,121.5,124.0,17,118.5,122.0,125.5,122.0,52.0,6396.0,983
2023-05-09 21:26:50,SR311C7300,SR311C7300,123.0,0.0,0.0,0.0,57,121.5,124.0,27,118.5,122.0,125.5,122.0,52.0,6396.0,983
2023-05-09 21:27:16,SR311C7300,SR311C7300,123.0,0.0,0.0,0.0,61,121.5,124.0,27,118.5,122.0,125.5,122.0,52.0,6396.0,983
2023-05-09 21:27:22,SR311C7300,SR311C7300,123.0,0.0,0.0,0.0,10,122.0,124.0,27,118.5,122.0,125.5,122.0,52.0,6396.0,983
2023-05-09 21:27:23,SR311C7300,SR311C7300,123.0,0.0,0.0,0.0,61,121.5,124.0,27,118.5,122.0,125.5,122.0,52.0,6396.0,983
2023-05-09 21:27:24,SR311C7300,SR311C7300,123.0,0.0,0.0,0.0,61,121.5,124.0,37,118.5,122.0,125.5,122.0,52.0,6396.0,983
2023-05-09 21:27:28,SR311C7300,SR311C7300,123.0,0.0,0.0,0.0,61,121.5,123.0,10,118.5,122.0,125.5,122.0,52.0,6396.0,983
2023-05-09 21:27:31,SR311C7300,SR311C7300,123.0,0.0,0.0,0.0,57,121.5,123.0,10,118.5,122.0,125.5,122.0,52.0,6396.0,983
2023-05-09 21:27:38,SR311C7300,SR311C7300,123.0,0.0,0.0,0.0,57,121.5,123.0,20,118.5,122.0,125.5,122.0,52.0,6396.0,983
2023-05-09 21:27:39,SR311C7300,SR311C7300,123.0,0.0,0.0,0.0,57,121.5,123.0,10,118.5,122.0,125.5,122.0,52.0,6396.0,983
2023-05-09 21:27:40,SR311C7300,SR311C7300,123.0,0.0,0.0,0.0,57,121.5,123.0,20,118.5,122.0,125.5,122.0,52.0,6396.0,983
2023-05-09 21:27:42,SR311C7300,SR311C7300,123.0,0.0,0.0,0.0,37,121.5,123.0,20,118.5,122.0,125.5,122.0,52.0,6396.0,983
2023-05-09 21:27:58,SR311C7300,SR311C7300,123.0,0.0,0.0,0.0,27,121.5,123.0,20,118.5,122.0,125.5,122.0,52.0,6396.0,983
2023-05-09 21:27:58,SR311C7300,SR311C7300,123.0,0.0,0.0,0.0,17,121.5,123.0,20,118.5,122.0,125.5,122.0,52.0,6396.0,983
2023-05-09 21:28:01,SR311C7300,SR311C7300,123.0,0.0,0.0,0.0,17,121.5,122.5,10,118.5,122.0,125.5,122.0,52.0,6396.0,983
2023-05-09 21:28:42,SR311C7300,SR311C7300,123.0,0.0,0.0,0.0,17,121.5,122.5,20,118.5,122.0,125.5,122.0,52.0,6396.0,983
2023-05-09 21:28:42,SR311C7300,SR311C7300,123.0,0.0,0.0,0.0,17,121.5,122.5,10,118.5,122.0,125.5,122.0,52.0,6396.0,983
2023-05-09 21:28:56,SR311C7300,SR311C7300,123.0,0.0,0.0,0.0,27,121.5,122.5,10,118.5,122.0,125.5,122.0,52.0,6396.0,983
2023-05-09 21:28:58,SR311C7300,SR311C7300,123.0,0.0,0.0,0.0,37,121.5,122.5,10,118.5,122.0,125.5,122.0,52.0,6396.0,983
2023-05-09 21:29:03,SR311C7300,SR311C7300,123.0,0.0,0.0,0.0,27,121.5,122.5,10,118.5,122.0,125.5,122.0,52.0,6396.0,983
2023-05-09 21:29:04,SR311C7300,SR311C7300,123.0,0.0,0.0,0.0,37,121.5,122.5,10,118.5,122.0,125.5,122.0,52.0,6396.0,983
2023-05-09 21:29:04,SR311C7300,SR311C7300,123.0,0.0,0.0,0.0,27,121.5,122.5,10,118.5,122.0,125.5,122.0,52.0,6396.0,983
2023-05-09 21:29:06,SR311C7300,SR311C7300,123.0,0.0,0.0,0.0,17,121.5,122.5,10,118.5,122.0,125.5,122.0,52.0,6396.0,983
2023-05-09 21:29:25,SR311C7300,SR311C7300,123.0,0.0,0.0,0.0,27,121.5,122.5,10,118.5,122.0,125.5,122.0,52.0,6396.0,983
2023-05-09 21:29:43,SR311C7300,SR311C7300,123.0,0.0,0.0,0.0,17,121.5,122.5,20,118.5,122.0,125.5,122.0,52.0,6396.0,983
2023-05-09 21:29:44,SR311C7300,SR311C7300,123.0,0.0,0.0,0.0,17,121.5,122.5,10,118.5,122.0,125.5,122.0,52.0,6396.0,983
2023-05-09 21:29:50,SR311C7300,SR311C7300,123.0,0.0,0.0,0.0,10,121.5,122.5,20,118.5,122.0,125.5,122.0,52.0,6396.0,983
2023-05-09 21:29:50,SR311C7300,SR311C7300,123.0,0.0,0.0,0.0,37,121.0,122.5,20,118.5,122.0,125.5,122.0,52.0,6396.0,983
2023-05-09 21:29:51,SR311C7300,SR311C7300,123.0,0.0,0.0,0.0,27,121.0,122.5,20,118.5,122.0,125.5,122.0,52.0,6396.0,983
2023-05-09 21:29:57,SR311C7300,SR311C7300,123.0,0.0,0.0,0.0,17,121.0,122.5,20,118.5,122.0,125.5,122.0,52.0,6396.0,983
2023-05-09 21:29:58,SR311C7300,SR311C7300,123.0,0.0,0.0,0.0,27,121.0,122.5,20,118.5,122.0,125.5,122.0,52.0,6396.0,983
2023-05-09 21:30:02,SR311C7300,SR311C7300,123.0,0.0,0.0,0.0,10,121.0,121.5,10,118.5,122.0,125.5,122.0,52.0,6396.0,983
2023-05-09 21:30:02,SR311C7300,SR311C7300,123.0,0.0,0.0,0.0,47,120.5,121.5,20,118.5,122.0,125.5,122.0,52.0,6396.0,983
2023-05-09 21:30:03,SR311C7300,SR311C7300,123.0,0.0,0.0,0.0,37,120.5,121.5,20,118.5,122.0,125.5,122.0,52.0,6396.0,983
2023-05-09 21:30:08,SR311C7300,SR311C7300,123.0,0.0,0.0,0.0,37,120.5,121.5,10,118.5,122.0,125.5,122.0,52.0,6396.0,983
2023-05-09 21:30:09,SR311C7300,SR311C7300,123.0,0.0,0.0,0.0,20,120.5,121.5,20,118.5,122.0,125.5,122.0,52.0,6396.0,983
2023-05-09 21:30:15,SR311C7300,SR311C7300,123.0,0.0,0.0,0.0,20,120.5,121.5,10,118.5,122.0,125.5,122.0,52.0,6396.0,983
2023-05-09 21:30:16,SR311C7300,SR311C7300,123.0,0.0,0.0,0.0,20,120.5,121.5,20,118.5,122.0,125.5,122.0,52.0,6396.0,983
2023-05-09 21:30:19,SR311C7300,SR311C7300,123.0,0.0,0.0,0.0,30,120.0,121.5,27,118.5,122.0,125.5,122.0,52.0,6396.0,983
2023-05-09 21:30:19,SR311C7300,SR311C7300,123.0,0.0,0.0,0.0,30,120.0,120.5,10,118.5,122.0,125.5,122.0,52.0,6396.0,983
2023-05-09 21:30:20,SR311C7300,SR311C7300,123.0,0.0,0.0,0.0,10,120.0,120.5,10,118.5,122.0,125.5,122.0,52.0,6396.0,983
2023-05-09 21:30:20,SR311C7300,SR311C7300,123.0,0.0,0.0,0.0,50,119.5,120.5,10,118.5,122.0,125.5,122.0,52.0,6396.0,983
2023-05-09 21:30:21,SR311C7300,SR311C7300,123.0,0.0,0.0,0.0,30,119.5,120.5,10,118.5,122.0,125.5,122.0,52.0,6396.0,983
2023-05-09 21:30:21,SR311C7300,SR311C7300,123.0,0.0,0.0,0.0,20,119.5,120.5,10,118.5,122.0,125.5,122.0,52.0,6396.0,983
2023-05-09 21:30:22,SR311C7300,SR311C7300,123.0,0.0,0.0,0.0,10,119.5,120.5,10,118.5,122.0,125.5,122.0,52.0,6396.0,983
2023-05-09 21:30:23,SR311C7300,SR311C7300,123.0,0.0,0.0,0.0,56,119.0,120.5,10,118.5,122.0,125.5,122.0,52.0,6396.0,983
2023-05-09 21:30:24,SR311C7300,SR311C7300,123.0,0.0,0.0,0.0,36,119.0,120.5,20,118.5,122.0,125.5,122.0,52.0,6396.0,983
2023-05-09 21:30:25,SR311C7300,SR311C7300,123.0,0.0,0.0,0.0,26,119.0,120.5,10,118.5,122.0,125.5,122.0,52.0,6396.0,983
2023-05-09 21:30:25,SR311C7300,SR311C7300,123.0,0.0,0.0,0.0,16,119.0,120.5,20,118.5,122.0,125.5,122.0,52.0,6396.0,983
2023-05-09 21:30:26,SR311C7300,SR311C7300,123.0,0.0,0.0,0.0,10,119.0,119.5,10,118.5,122.0,125.5,122.0,52.0,6396.0,983
2023-05-09 21:30:26,SR311C7300,SR311C7300,123.0,0.0,0.0,0.0,20,118.5,119.5,10,118.5,122.0,125.5,122.0,52.0,6396.0,983
2023-05-09 21:30:27,SR311C7300,SR311C7300,123.0,0.0,0.0,0.0,20,118.5,119.5,20,118.5,122.0,125.5,122.0,52.0,6396.0,983
2023-05-09 21:30:27,SR311C7300,SR311C7300,123.0,0.0,0.0,0.0,56,118.0,119.5,10,118.5,122.0,125.5,122.0,52.0,6396.0,983
2023-05-09 21:30:28,SR311C7300,SR311C7300,123.0,0.0,0.0,0.0,56,118.0,119.5,20,118.5,122.0,125.5,122.0,52.0,6396.0,983
2023-05-09 21:30:28,SR311C7300,SR311C7300,123.0,0.0,0.0,0.0,46,118.0,119.5,20,118.5,122.0,125.5,122.0,52.0,6396.0,983
2023-05-09 21:30:30,SR311C7300,SR311C7300,123.0,0.0,0.0,0.0,36,118.0,119.5,20,118.5,122.0,125.5,122.0,52.0,6396.0,983
2023-05-09 21:30:32,SR311C7300,SR311C7300,123.0,0.0,0.0,0.0,26,118.0,119.5,20,118.5,122.0,125.5,122.0,52.0,6396.0,983
2023-05-09 21:30:32,SR311C7300,SR311C7300,123.0,0.0,0.0,0.0,16,118.0,119.5,20,118.5,122.0,125.5,122.0,52.0,6396.0,983
2023-05-09 21:30:34,SR311C7300,SR311C7300,123.0,0.0,0.0,0.0,46,117.5,119.5,20,118.5,122.0,125.5,122.0,52.0,6396.0,983
2023-05-09 21:30:35,SR311C7300,SR311C7300,123.0,0.0,0.0,0.0,56,117.5,119.5,27,118.5,122.0,125.5,122.0,52.0,6396.0,983
2023-05-09 21:30:35,SR311C7300,SR311C7300,123.0,0.0,0.0,0.0,46,117.5,119.5,27,118.5,122.0,125.5,122.0,52.0,6396.0,983
2023-05-09 21:30:37,SR311C7300,SR311C7300,123.0,0.0,0.0,0.0,36,117.5,119.5,27,118.5,122.0,125.5,122.0,52.0,6396.0,983
2023-05-09 21:30:50,SR311C7300,SR311C7300,123.0,0.0,0.0,0.0,36,117.5,119.0,7,118.5,122.0,125.5,122.0,52.0,6396.0,983
2023-05-09 21:30:50,SR311C7300,SR311C7300,123.0,0.0,0.0,0.0,10,117.5,119.0,7,118.5,122.0,125.5,122.0,52.0,6396.0,983
2023-05-09 21:30:51,SR311C7300,SR311C7300,123.0,0.0,0.0,0.0,36,117.0,118.5,17,118.5,122.0,125.5,122.0,52.0,6396.0,983
2023-05-09 21:30:51,SR311C7300,SR311C7300,123.0,0.0,0.0,0.0,36,117.0,118.5,27,118.5,122.0,125.5,122.0,52.0,6396.0,983
2023-05-09 21:30:51,SR311C7300,SR311C7300,123.0,0.0,0.0,0.0,16,117.0,118.5,17,118.5,122.0,125.5,122.0,52.0,6396.0,983
2023-05-09 21:30:53,SR311C7300,SR311C7300,123.0,0.0,0.0,0.0,16,117.0,118.5,27,118.5,122.0,125.5,122.0,52.0,6396.0,983
2023-05-09 21:30:53,SR311C7300,SR311C7300,123.0,0.0,0.0,0.0,26,117.0,118.5,17,118.5,122.0,125.5,122.0,52.0,6396.0,983
2023-05-09 21:30:54,SR311C7300,SR311C7300,123.0,0.0,0.0,0.0,16,117.0,118.5,27,118.5,122.0,125.5,122.0,52.0,6396.0,983
2023-05-09 21:30:56,SR311C7300,SR311C7300,123.0,0.0,0.0,0.0,16,117.0,118.5,17,118.5,122.0,125.5,122.0,52.0,6396.0,983
2023-05-09 21:30:58,SR311C7300,SR311C7300,123.0,0.0,0.0,0.0,16,117.0,118.5,27,118.5,122.0,125.5,122.0,52.0,6396.0,983
2023-05-09 21:31:07,SR311C7300,SR311C7300,123.0,0.0,0.0,0.0,10,117.0,118.5,27,118.5,122.0,125.5,122.0,52.0,6396.0,983
2023-05-09 21:31:08,SR311C7300,SR311C7300,123.0,0.0,0.0,0.0,60,116.5,118.5,27,118.5,122.0,125.5,122.0,52.0,6396.0,983
2023-05-09 21:31:08,SR311C7300,SR311C7300,123.0,0.0,0.0,0.0,50,116.5,118.5,27,118.5,122.0,125.5,122.0,52.0,6396.0,983
2023-05-09 21:31:12,SR311C7300,SR311C7300,123.0,0.0,0.0,0.0,10,116.5,118.5,17,118.5,122.0,125.5,122.0,52.0,6396.0,983
2023-05-09 21:31:13,SR311C7300,SR311C7300,123.0,0.0,0.0,0.0,53,116.0,118.0,10,118.5,122.0,125.5,122.0,52.0,6396.0,983
2023-05-09 21:31:13,SR311C7300,SR311C7300,123.0,0.0,0.0,0.0,53,116.0,118.0,20,118.5,122.0,125.5,122.0,52.0,6396.0,983
2023-05-09 21:31:15,SR311C7300,SR311C7300,123.0,0.0,0.0,0.0,43,116.0,118.0,20,118.5,122.0,125.5,122.0,52.0,6396.0,983
2023-05-09 21:31:17,SR311C7300,SR311C7300,123.0,0.0,0.0,0.0,17,116.5,118.0,20,118.5,122.0,125.5,122.0,52.0,6396.0,983
2023-05-09 21:31:21,SR311C7300,SR311C7300,123.0,0.0,0.0,0.0,17,116.5,118.0,30,118.5,122.0,125.5,122.0,52.0,6396.0,983
2023-05-09 21:31:29,SR311C7300,SR311C7300,123.0,0.0,0.0,0.0,17,116.5,118.0,20,118.5,122.0,125.5,122.0,52.0,6396.0,983
2023-05-09 21:31:30,SR311C7300,SR311C7300,123.0,0.0,0.0,0.0,27,116.5,118.0,10,118.5,122.0,125.5,122.0,52.0,6396.0,983
2023-05-09 21:31:31,SR311C7300,SR311C7300,123.0,0.0,0.0,0.0,27,116.5,118.5,47,118.5,122.0,125.5,122.0,52.0,6396.0,983
2023-05-09 21:31:32,SR311C7300,SR311C7300,123.0,0.0,0.0,0.0,27,116.5,118.5,37,118.5,122.0,125.5,122.0,52.0,6396.0,983
2023-05-09 21:31:33,SR311C7300,SR311C7300,123.0,0.0,0.0,0.0,33,116.5,118.5,37,118.5,122.0,125.5,122.0,52.0,6396.0,983
2023-05-09 21:31:34,SR311C7300,SR311C7300,123.0,0.0,0.0,0.0,53,116.5,118.5,37,118.5,122.0,125.5,122.0,52.0,6396.0,983
2023-05-09 21:31:37,SR311C7300,SR311C7300,123.0,0.0,0.0,0.0,43,116.5,118.5,37,118.5,122.0,125.5,122.0,52.0,6396.0,983
2023-05-09 21:31:40,SR311C7300,SR311C7300,123.0,0.0,0.0,0.0,7,117.0,118.5,30,118.5,122.0,125.5,122.0,52.0,6396.0,983
2023-05-09 21:31:40,SR311C7300,SR311C7300,123.0,0.0,0.0,0.0,23,117.0,118.5,10,118.5,122.0,125.5,122.0,52.0,6396.0,983
2023-05-09 21:31:41,SR311C7300,SR311C7300,123.0,0.0,0.0,0.0,33,117.0,118.5,10,118.5,122.0,125.5,122.0,52.0,6396.0,983
2023-05-09 21:31:50,SR311C7300,SR311C7300,123.0,0.0,0.0,0.0,17,117.0,118.5,20,118.5,122.0,125.5,122.0,52.0,6396.0,983
2023-05-09 21:31:50,SR311C7300,SR311C7300,123.0,0.0,0.0,0.0,17,117.0,118.5,10,118.5,122.0,125.5,122.0,52.0,6396.0,983
2023-05-09 21:31:58,SR311C7300,SR311C7300,123.0,0.0,0.0,0.0,27,117.0,118.5,10,118.5,122.0,125.5,122.0,52.0,6396.0,983
2023-05-09 21:31:58,SR311C7300,SR311C7300,123.0,0.0,0.0,0.0,17,117.0,118.5,10,118.5,122.0,125.5,122.0,52.0,6396.0,983
2023-05-09 21:31:58,SR311C7300,SR311C7300,123.0,0.0,0.0,0.0,27,117.0,118.5,10,118.5,122.0,125.5,122.0,52.0,6396.0,983
2023-05-09 21:32:00,SR311C7300,SR311C7300,123.0,0.0,0.0,0.0,17,117.0,118.5,10,118.5,122.0,125.5,122.0,52.0,6396.0,983
2023-05-09 21:32:10,SR311C7300,SR311C7300,123.0,0.0,0.0,0.0,7,117.5,118.5,10,118.5,122.0,125.5,122.0,52.0,6396.0,983
2023-05-09 21:32:11,SR311C7300,SR311C7300,123.0,0.0,0.0,0.0,7,117.5,119.0,20,118.5,122.0,125.5,122.0,52.0,6396.0,983
2023-05-09 21:32:13,SR311C7300,SR311C7300,123.0,0.0,0.0,0.0,7,117.5,118.5,10,118.5,122.0,125.5,122.0,52.0,6396.0,983
2023-05-09 21:32:15,SR311C7300,SR311C7300,123.0,0.0,0.0,0.0,37,117.0,118.5,10,118.5,122.0,125.5,122.0,52.0,6396.0,983
2023-05-09 21:32:17,SR311C7300,SR311C7300,123.0,0.0,0.0,0.0,17,117.0,118.5,10,118.5,122.0,125.5,122.0,52.0,6396.0,983
2023-05-09 21:32:43,SR311C7300,SR311C7300,123.0,0.0,0.0,0.0,23,117.0,118.5,10,118.5,122.0,125.5,122.0,52.0,6396.0,983
2023-05-09 21:32:44,SR311C7300,SR311C7300,123.0,0.0,0.0,0.0,33,117.0,118.5,10,118.5,122.0,125.5,122.0,52.0,6396.0,983
2023-05-09 21:32:47,SR311C7300,SR311C7300,123.0,0.0,0.0,0.0,23,117.0,118.5,10,118.5,122.0,125.5,122.0,52.0,6396.0,983
2023-05-09 21:32:48,SR311C7300,SR311C7300,123.0,0.0,0.0,0.0,33,117.0,119.0,30,118.5,122.0,125.5,122.0,52.0,6396.0,983
2023-05-09 21:32:49,SR311C7300,SR311C7300,123.0,0.0,0.0,0.0,33,117.0,119.0,10,118.5,122.0,125.5,122.0,52.0,6396.0,983
2023-05-09 21:32:49,SR311C7300,SR311C7300,123.0,0.0,0.0,0.0,33,117.0,119.0,20,118.5,122.0,125.5,122.0,52.0,6396.0,983
2023-05-09 21:33:06,SR311C7300,SR311C7300,123.0,0.0,0.0,0.0,23,117.0,119.0,20,118.5,122.0,125.5,122.0,52.0,6396.0,983
2023-05-09 21:33:11,SR311C7300,SR311C7300,123.0,0.0,0.0,0.0,23,117.0,118.0,10,118.5,122.0,125.5,122.0,52.0,6396.0,983
2023-05-09 21:33:19,SR311C7300,SR311C7300,123.0,0.0,0.0,0.0,17,117.0,118.0,10,118.5,122.0,125.5,122.0,52.0,6396.0,983
2023-05-09 21:33:27,SR311C7300,SR311C7300,118.0,10.0,1199.0,10.0,17,117.0,118.5,10,118.5,122.0,125.5,118.0,62.0,7595.0,993
2023-05-09 21:33:28,SR311C7300,SR311C7300,118.0,0.0,0.0,0.0,17,117.0,119.0,20,118.5,122.0,125.5,118.0,62.0,7595.0,993
2023-05-09 21:33:28,SR311C7300,SR311C7300,118.0,0.0,0.0,0.0,17,117.0,119.0,30,118.5,122.0,125.5,118.0,62.0,7595.0,993
2023-05-09 21:33:30,SR311C7300,SR311C7300,118.0,0.0,0.0,0.0,17,117.0,119.0,20,118.5,122.0,125.5,118.0,62.0,7595.0,993
2023-05-09 21:33:32,SR311C7300,SR311C7300,118.0,0.0,0.0,0.0,17,117.0,119.0,30,118.5,122.0,125.5,118.0,62.0,7595.0,993
2023-05-09 21:33:33,SR311C7300,SR311C7300,118.0,0.0,0.0,0.0,17,117.0,119.0,40,118.5,122.0,125.5,118.0,62.0,7595.0,993
2023-05-09 21:33:40,SR311C7300,SR311C7300,118.0,0.0,0.0,0.0,17,117.0,119.0,30,118.5,122.0,125.5,118.0,62.0,7595.0,993
2023-05-09 21:33:53,SR311C7300,SR311C7300,118.0,0.0,0.0,0.0,37,117.0,119.0,10,118.5,122.0,125.5,118.0,62.0,7595.0,993
2023-05-09 21:33:54,SR311C7300,SR311C7300,118.0,0.0,0.0,0.0,7,117.5,119.0,10,118.5,122.0,125.5,118.0,62.0,7595.0,993
2023-05-09 21:34:11,SR311C7300,SR311C7300,118.0,0.0,0.0,0.0,7,117.5,119.0,20,118.5,122.0,125.5,118.0,62.0,7595.0,993
2023-05-09 21:34:12,SR311C7300,SR311C7300,118.0,0.0,0.0,0.0,7,117.5,119.0,10,118.5,122.0,125.5,118.0,62.0,7595.0,993
2023-05-09 21:34:36,SR311C7300,SR311C7300,118.0,0.0,0.0,0.0,3,118.0,119.5,47,118.5,122.0,125.5,118.0,62.0,7595.0,993
2023-05-09 21:34:36,SR311C7300,SR311C7300,118.0,0.0,0.0,0.0,3,118.0,119.5,37,118.5,122.0,125.5,118.0,62.0,7595.0,993
2023-05-09 21:34:37,SR311C7300,SR311C7300,118.0,0.0,0.0,0.0,3,118.0,119.5,17,118.5,122.0,125.5,118.0,62.0,7595.0,993
2023-05-09 21:34:37,SR311C7300,SR311C7300,118.0,0.0,0.0,0.0,13,118.0,119.5,10,118.5,122.0,125.5,118.0,62.0,7595.0,993
2023-05-09 21:34:43,SR311C7300,SR311C7300,118.0,0.0,0.0,0.0,23,118.0,119.5,10,118.5,122.0,125.5,118.0,62.0,7595.0,993
2023-05-09 21:34:44,SR311C7300,SR311C7300,118.0,0.0,0.0,0.0,23,118.0,120.0,67,118.5,122.0,125.5,118.0,62.0,7595.0,993
2023-05-09 21:34:45,SR311C7300,SR311C7300,118.0,0.0,0.0,0.0,23,118.0,120.0,57,118.5,122.0,125.5,118.0,62.0,7595.0,993
2023-05-09 21:34:51,SR311C7300,SR311C7300,118.0,0.0,0.0,0.0,13,118.0,120.0,57,118.5,122.0,125.5,118.0,62.0,7595.0,993
2023-05-09 21:34:54,SR311C7300,SR311C7300,118.0,0.0,0.0,0.0,23,118.0,120.0,47,118.5,122.0,125.5,118.0,62.0,7595.0,993
2023-05-09 21:35:01,SR311C7300,SR311C7300,118.0,0.0,0.0,0.0,13,118.0,120.0,47,118.5,122.0,125.5,118.0,62.0,7595.0,993
2023-05-09 21:35:03,SR311C7300,SR311C7300,118.0,0.0,0.0,0.0,23,118.0,120.0,47,118.5,122.0,125.5,118.0,62.0,7595.0,993
2023-05-09 21:35:04,SR311C7300,SR311C7300,118.0,0.0,0.0,0.0,13,118.0,120.0,37,118.5,122.0,125.5,118.0,62.0,7595.0,993
2023-05-09 21:35:04,SR311C7300,SR311C7300,118.0,0.0,0.0,0.0,23,118.0,120.0,37,118.5,122.0,125.5,118.0,62.0,7595.0,993
2023-05-09 21:35:05,SR311C7300,SR311C7300,118.0,0.0,0.0,0.0,23,118.0,120.0,47,118.5,122.0,125.5,118.0,62.0,7595.0,993
2023-05-09 21:35:08,SR311C7300,SR311C7300,118.0,0.0,0.0,0.0,30,118.0,120.0,47,118.5,122.0,125.5,118.0,62.0,7595.0,993
2023-05-09 21:35:13,SR311C7300,SR311C7300,118.0,0.0,0.0,0.0,20,118.0,120.0,47,118.5,122.0,125.5,118.0,62.0,7595.0,993
2023-05-09 21:35:15,SR311C7300,SR311C7300,118.0,0.0,0.0,0.0,30,118.0,120.0,47,118.5,122.0,125.5,118.0,62.0,7595.0,993
2023-05-09 21:35:22,SR311C7300,SR311C7300,118.0,0.0,0.0,0.0,30,118.0,120.0,57,118.5,122.0,125.5,118.0,62.0,7595.0,993
2023-05-09 21:35:23,SR311C7300,SR311C7300,118.0,0.0,0.0,0.0,27,118.0,119.5,10,118.5,122.0,125.5,118.0,62.0,7595.0,993
2023-05-09 21:35:23,SR311C7300,SR311C7300,118.0,0.0,0.0,0.0,17,118.0,119.5,20,118.5,122.0,125.5,118.0,62.0,7595.0,993
2023-05-09 21:35:28,SR311C7300,SR311C7300,118.0,0.0,0.0,0.0,17,118.0,119.5,10,118.5,122.0,125.5,118.0,62.0,7595.0,993
2023-05-09 21:35:29,SR311C7300,SR311C7300,118.0,0.0,0.0,0.0,27,118.0,119.5,10,118.5,122.0,125.5,118.0,62.0,7595.0,993
2023-05-09 21:35:30,SR311C7300,SR311C7300,118.0,0.0,0.0,0.0,17,118.0,119.5,10,118.5,122.0,125.5,118.0,62.0,7595.0,993
2023-05-09 21:35:30,SR311C7300,SR311C7300,118.0,0.0,0.0,0.0,17,118.0,119.5,20,118.5,122.0,125.5,118.0,62.0,7595.0,993
2023-05-09 21:35:34,SR311C7300,SR311C7300,118.0,0.0,0.0,0.0,10,118.0,119.5,20,118.5,122.0,125.5,118.0,62.0,7595.0,993
2023-05-09 21:35:34,SR311C7300,SR311C7300,118.0,0.0,0.0,0.0,27,117.5,118.5,10,118.5,122.0,125.5,118.0,62.0,7595.0,993
2023-05-09 21:35:35,SR311C7300,SR311C7300,118.0,0.0,0.0,0.0,17,117.5,119.0,10,118.5,122.0,125.5,118.0,62.0,7595.0,993
2023-05-09 21:35:37,SR311C7300,SR311C7300,118.0,0.0,0.0,0.0,17,117.5,119.5,57,118.5,122.0,125.5,118.0,62.0,7595.0,993
2023-05-09 21:35:38,SR311C7300,SR311C7300,118.0,0.0,0.0,0.0,27,117.5,119.5,57,118.5,122.0,125.5,118.0,62.0,7595.0,993
2023-05-09 21:35:40,SR311C7300,SR311C7300,118.0,0.0,0.0,0.0,27,117.5,119.5,47,118.5,122.0,125.5,118.0,62.0,7595.0,993
2023-05-09 21:35:44,SR311C7300,SR311C7300,118.0,0.0,0.0,0.0,17,117.5,119.5,47,118.5,122.0,125.5,118.0,62.0,7595.0,993
2023-05-09 21:35:45,SR311C7300,SR311C7300,118.0,0.0,0.0,0.0,27,117.5,119.5,47,118.5,122.0,125.5,118.0,62.0,7595.0,993
2023-05-09 21:35:46,SR311C7300,SR311C7300,118.0,0.0,0.0,0.0,17,117.5,119.5,47,118.5,122.0,125.5,118.0,62.0,7595.0,993
2023-05-09 21:35:52,SR311C7300,SR311C7300,118.0,0.0,0.0,0.0,50,117.0,119.5,47,118.5,122.0,125.5,118.0,62.0,7595.0,993
2023-05-09 21:35:52,SR311C7300,SR311C7300,118.0,0.0,0.0,0.0,60,117.0,119.5,47,118.5,122.0,125.5,118.0,62.0,7595.0,993
2023-05-09 21:35:53,SR311C7300,SR311C7300,118.0,0.0,0.0,0.0,50,117.0,119.5,47,118.5,122.0,125.5,118.0,62.0,7595.0,993
2023-05-09 21:35:56,SR311C7300,SR311C7300,118.0,0.0,0.0,0.0,50,117.0,119.0,7,118.5,122.0,125.5,118.0,62.0,7595.0,993
2023-05-09 21:35:56,SR311C7300,SR311C7300,118.0,0.0,0.0,0.0,50,117.0,119.0,27,118.5,122.0,125.5,118.0,62.0,7595.0,993
2023-05-09 21:35:57,SR311C7300,SR311C7300,118.0,0.0,0.0,0.0,37,117.0,118.5,20,118.5,122.0,125.5,118.0,62.0,7595.0,993
2023-05-09 21:35:59,SR311C7300,SR311C7300,118.0,0.0,0.0,0.0,30,117.0,118.5,20,118.5,122.0,125.5,118.0,62.0,7595.0,993
2023-05-09 21:35:59,SR311C7300,SR311C7300,118.0,0.0,0.0,0.0,20,117.0,118.5,20,118.5,122.0,125.5,118.0,62.0,7595.0,993
2023-05-09 21:36:00,SR311C7300,SR311C7300,118.0,0.0,0.0,0.0,50,116.5,118.5,20,118.5,122.0,125.5,118.0,62.0,7595.0,993
2023-05-09 21:36:00,SR311C7300,SR311C7300,118.0,0.0,0.0,0.0,60,116.5,118.5,20,118.5,122.0,125.5,118.0,62.0,7595.0,993
2023-05-09 21:36:01,SR311C7300,SR311C7300,118.0,0.0,0.0,0.0,50,116.5,118.5,20,118.5,122.0,125.5,118.0,62.0,7595.0,993
2023-05-09 21:36:15,SR311C7300,SR311C7300,118.0,0.0,0.0,0.0,60,116.5,118.5,10,118.5,122.0,125.5,118.0,62.0,7595.0,993
2023-05-09 21:36:53,SR311C7300,SR311C7300,118.0,0.0,0.0,0.0,7,117.0,118.5,10,118.5,122.0,125.5,118.0,62.0,7595.0,993
2023-05-09 21:37:01,SR311C7300,SR311C7300,118.0,0.0,0.0,0.0,7,117.0,119.0,37,118.5,122.0,125.5,118.0,62.0,7595.0,993
2023-05-09 21:37:01,SR311C7300,SR311C7300,118.0,0.0,0.0,0.0,17,117.0,119.0,37,118.5,122.0,125.5,118.0,62.0,7595.0,993
2023-05-09 21:37:02,SR311C7300,SR311C7300,118.0,0.0,0.0,0.0,27,117.0,119.0,7,118.5,122.0,125.5,118.0,62.0,7595.0,993
2023-05-09 21:37:02,SR311C7300,SR311C7300,118.0,0.0,0.0,0.0,3,117.5,119.5,77,118.5,122.0,125.5,118.0,62.0,7595.0,993
2023-05-09 21:37:03,SR311C7300,SR311C7300,118.0,0.0,0.0,0.0,3,117.5,119.5,67,118.5,122.0,125.5,118.0,62.0,7595.0,993
2023-05-09 21:37:17,SR311C7300,SR311C7300,118.0,0.0,0.0,0.0,3,117.5,119.5,77,118.5,122.0,125.5,118.0,62.0,7595.0,993
2023-05-09 21:37:18,SR311C7300,SR311C7300,118.0,0.0,0.0,0.0,40,117.0,119.5,77,118.5,122.0,125.5,118.0,62.0,7595.0,993
2023-05-09 21:37:19,SR311C7300,SR311C7300,118.0,0.0,0.0,0.0,30,117.0,119.5,77,118.5,122.0,125.5,118.0,62.0,7595.0,993
2023-05-09 21:37:37,SR311C7300,SR311C7300,118.0,0.0,0.0,0.0,40,117.0,119.5,77,118.5,122.0,125.5,118.0,62.0,7595.0,993
2023-05-09 21:37:38,SR311C7300,SR311C7300,118.0,0.0,0.0,0.0,30,117.0,119.5,77,118.5,122.0,125.5,118.0,62.0,7595.0,993
2023-05-09 21:37:49,SR311C7300,SR311C7300,118.0,0.0,0.0,0.0,3,117.5,119.5,77,118.5,122.0,125.5,118.0,62.0,7595.0,993
2023-05-09 21:37:51,SR311C7300,SR311C7300,118.0,0.0,0.0,0.0,10,117.5,119.5,57,118.5,122.0,125.5,118.0,62.0,7595.0,993
2023-05-09 21:37:53,SR311C7300,SR311C7300,118.0,0.0,0.0,0.0,20,117.5,119.5,67,118.5,122.0,125.5,118.0,62.0,7595.0,993
2023-05-09 21:37:58,SR311C7300,SR311C7300,118.0,0.0,0.0,0.0,20,117.5,119.5,47,118.5,122.0,125.5,118.0,62.0,7595.0,993
2023-05-09 21:37:58,SR311C7300,SR311C7300,118.0,0.0,0.0,0.0,20,117.5,119.5,37,118.5,122.0,125.5,118.0,62.0,7595.0,993
2023-05-09 21:38:00,SR311C7300,SR311C7300,118.0,0.0,0.0,0.0,20,117.5,119.5,27,118.5,122.0,125.5,118.0,62.0,7595.0,993
2023-05-09 21:38:16,SR311C7300,SR311C7300,118.0,0.0,0.0,0.0,20,117.5,119.5,37,118.5,122.0,125.5,118.0,62.0,7595.0,993
2023-05-09 21:38:26,SR311C7300,SR311C7300,118.0,0.0,0.0,0.0,10,117.5,119.5,47,118.5,122.0,125.5,118.0,62.0,7595.0,993
2023-05-09 21:38:27,SR311C7300,SR311C7300,118.0,0.0,0.0,0.0,20,117.5,119.5,47,118.5,122.0,125.5,118.0,62.0,7595.0,993
2023-05-09 21:38:46,SR311C7300,SR311C7300,118.0,0.0,0.0,0.0,10,117.5,119.5,47,118.5,122.0,125.5,118.0,62.0,7595.0,993
2023-05-09 21:38:49,SR311C7300,SR311C7300,118.0,0.0,0.0,0.0,10,117.5,118.5,10,118.5,122.0,125.5,118.0,62.0,7595.0,993
2023-05-09 21:38:56,SR311C7300,SR311C7300,118.0,0.0,0.0,0.0,7,117.5,118.5,10,118.5,122.0,125.5,118.0,62.0,7595.0,993
2023-05-09 21:39:28,SR311C7300,SR311C7300,118.0,0.0,0.0,0.0,27,117.0,118.5,20,118.5,122.0,125.5,118.0,62.0,7595.0,993
2023-05-09 21:39:29,SR311C7300,SR311C7300,118.0,0.0,0.0,0.0,17,117.0,118.5,20,118.5,122.0,125.5,118.0,62.0,7595.0,993
2023-05-09 21:39:39,SR311C7300,SR311C7300,118.0,0.0,0.0,0.0,10,117.0,118.5,20,118.5,122.0,125.5,118.0,62.0,7595.0,993
2023-05-09 21:39:40,SR311C7300,SR311C7300,118.0,0.0,0.0,0.0,20,117.0,118.5,20,118.5,122.0,125.5,118.0,62.0,7595.0,993
2023-05-09 21:39:41,SR311C7300,SR311C7300,118.0,0.0,0.0,0.0,20,117.0,118.5,10,118.5,122.0,125.5,118.0,62.0,7595.0,993
2023-05-09 21:39:44,SR311C7300,SR311C7300,118.0,0.0,0.0,0.0,20,117.0,118.5,20,118.5,122.0,125.5,118.0,62.0,7595.0,993
2023-05-09 21:39:46,SR311C7300,SR311C7300,118.0,0.0,0.0,0.0,10,117.0,118.5,20,118.5,122.0,125.5,118.0,62.0,7595.0,993
2023-05-09 21:39:46,SR311C7300,SR311C7300,118.0,0.0,0.0,0.0,40,116.5,118.5,20,118.5,122.0,125.5,118.0,62.0,7595.0,993
2023-05-09 21:39:47,SR311C7300,SR311C7300,118.0,0.0,0.0,0.0,50,116.5,118.5,20,118.5,122.0,125.5,118.0,62.0,7595.0,993
2023-05-09 21:39:47,SR311C7300,SR311C7300,118.0,0.0,0.0,0.0,40,116.5,118.5,20,118.5,122.0,125.5,118.0,62.0,7595.0,993
2023-05-09 21:39:54,SR311C7300,SR311C7300,118.0,0.0,0.0,0.0,37,116.5,118.5,20,118.5,122.0,125.5,118.0,62.0,7595.0,993
2023-05-09 21:40:13,SR311C7300,SR311C7300,118.0,0.0,0.0,0.0,40,116.5,118.5,20,118.5,122.0,125.5,118.0,62.0,7595.0,993
2023-05-09 21:40:50,SR311C7300,SR311C7300,118.0,0.0,0.0,0.0,40,116.5,118.5,10,118.5,122.0,125.5,118.0,62.0,7595.0,993
2023-05-09 21:40:51,SR311C7300,SR311C7300,118.0,0.0,0.0,0.0,50,116.5,118.5,10,118.5,122.0,125.5,118.0,62.0,7595.0,993
2023-05-09 21:40:51,SR311C7300,SR311C7300,118.0,0.0,0.0,0.0,60,116.5,118.5,10,118.5,122.0,125.5,118.0,62.0,7595.0,993
2023-05-09 21:40:53,SR311C7300,SR311C7300,118.0,0.0,0.0,0.0,70,116.5,118.5,10,118.5,122.0,125.5,118.0,62.0,7595.0,993
2023-05-09 21:41:02,SR311C7300,SR311C7300,118.0,0.0,0.0,0.0,7,117.0,118.5,10,118.5,122.0,125.5,118.0,62.0,7595.0,993
2023-05-09 21:41:07,SR311C7300,SR311C7300,118.0,0.0,0.0,0.0,7,117.0,118.5,20,118.5,122.0,125.5,118.0,62.0,7595.0,993
2023-05-09 21:41:07,SR311C7300,SR311C7300,118.0,0.0,0.0,0.0,7,117.0,118.5,10,118.5,122.0,125.5,118.0,62.0,7595.0,993
2023-05-09 21:41:08,SR311C7300,SR311C7300,118.0,0.0,0.0,0.0,7,117.0,118.5,20,118.5,122.0,125.5,118.0,62.0,7595.0,993
2023-05-09 21:41:08,SR311C7300,SR311C7300,118.0,0.0,0.0,0.0,7,117.0,118.5,10,118.5,122.0,125.5,118.0,62.0,7595.0,993
2023-05-09 21:41:14,SR311C7300,SR311C7300,118.0,0.0,0.0,0.0,7,117.0,118.5,20,118.5,122.0,125.5,118.0,62.0,7595.0,993
2023-05-09 21:41:25,SR311C7300,SR311C7300,118.0,0.0,0.0,0.0,27,116.5,117.5,10,118.5,122.0,125.5,118.0,62.0,7595.0,993
2023-05-09 21:41:26,SR311C7300,SR311C7300,118.0,0.0,0.0,0.0,17,116.5,117.5,10,118.5,122.0,125.5,118.0,62.0,7595.0,993
2023-05-09 21:41:26,SR311C7300,SR311C7300,118.0,0.0,0.0,0.0,7,116.5,117.5,10,118.5,122.0,125.5,118.0,62.0,7595.0,993
2023-05-09 21:41:28,SR311C7300,SR311C7300,118.0,0.0,0.0,0.0,7,116.5,117.5,20,118.5,122.0,125.5,118.0,62.0,7595.0,993
2023-05-09 21:41:28,SR311C7300,SR311C7300,118.0,0.0,0.0,0.0,7,116.5,117.5,10,118.5,122.0,125.5,118.0,62.0,7595.0,993
2023-05-09 21:41:35,SR311C7300,SR311C7300,118.0,0.0,0.0,0.0,17,116.5,117.5,10,118.5,122.0,125.5,118.0,62.0,7595.0,993
2023-05-09 21:41:36,SR311C7300,SR311C7300,118.0,0.0,0.0,0.0,27,116.5,117.5,10,118.5,122.0,125.5,118.0,62.0,7595.0,993
2023-05-09 21:41:37,SR311C7300,SR311C7300,118.0,0.0,0.0,0.0,17,116.5,117.5,10,118.5,122.0,125.5,118.0,62.0,7595.0,993
2023-05-09 21:41:40,SR311C7300,SR311C7300,117.5,10.0,1153.0,10.0,25,116.5,118.0,10,118.5,122.0,125.5,117.5,72.0,8748.0,1003
2023-05-09 21:41:40,SR311C7300,SR311C7300,117.5,0.0,0.0,0.0,35,116.5,118.0,10,118.5,122.0,125.5,117.5,72.0,8748.0,1003
2023-05-09 21:41:40,SR311C7300,SR311C7300,117.5,0.0,0.0,0.0,45,116.5,118.5,17,118.5,122.0,125.5,117.5,72.0,8748.0,1003
2023-05-09 21:41:41,SR311C7300,SR311C7300,117.5,0.0,0.0,0.0,45,116.5,118.5,27,118.5,122.0,125.5,117.5,72.0,8748.0,1003
2023-05-09 21:41:47,SR311C7300,SR311C7300,117.5,0.0,0.0,0.0,45,116.5,118.0,10,118.5,122.0,125.5,117.5,72.0,8748.0,1003
2023-05-09 21:41:58,SR311C7300,SR311C7300,117.5,0.0,0.0,0.0,37,116.5,118.0,20,118.5,122.0,125.5,117.5,72.0,8748.0,1003
2023-05-09 21:42:07,SR311C7300,SR311C7300,117.5,0.0,0.0,0.0,37,116.5,118.0,10,118.5,122.0,125.5,117.5,72.0,8748.0,1003
2023-05-09 21:42:12,SR311C7300,SR311C7300,117.5,0.0,0.0,0.0,47,116.5,118.0,10,118.5,122.0,125.5,117.5,72.0,8748.0,1003
2023-05-09 21:42:14,SR311C7300,SR311C7300,117.5,0.0,0.0,0.0,37,116.5,118.0,20,118.5,122.0,125.5,117.5,72.0,8748.0,1003
2023-05-09 21:42:16,SR311C7300,SR311C7300,117.5,0.0,0.0,0.0,27,116.5,118.0,20,118.5,122.0,125.5,117.5,72.0,8748.0,1003
2023-05-09 21:42:17,SR311C7300,SR311C7300,117.5,0.0,0.0,0.0,17,116.5,118.0,20,118.5,122.0,125.5,117.5,72.0,8748.0,1003
2023-05-09 21:42:23,SR311C7300,SR311C7300,117.5,0.0,0.0,0.0,27,116.5,118.0,20,118.5,122.0,125.5,117.5,72.0,8748.0,1003
2023-05-09 21:42:24,SR311C7300,SR311C7300,117.5,0.0,0.0,0.0,27,116.5,118.0,10,118.5,122.0,125.5,117.5,72.0,8748.0,1003
2023-05-09 21:42:27,SR311C7300,SR311C7300,117.5,0.0,0.0,0.0,27,116.5,118.0,20,118.5,122.0,125.5,117.5,72.0,8748.0,1003
2023-05-09 21:42:28,SR311C7300,SR311C7300,117.5,0.0,0.0,0.0,17,116.5,118.0,20,118.5,122.0,125.5,117.5,72.0,8748.0,1003
2023-05-09 21:42:33,SR311C7300,SR311C7300,117.5,0.0,0.0,0.0,17,116.5,118.0,10,118.5,122.0,125.5,117.5,72.0,8748.0,1003
2023-05-09 21:42:35,SR311C7300,SR311C7300,117.5,0.0,0.0,0.0,27,116.5,118.0,10,118.5,122.0,125.5,117.5,72.0,8748.0,1003
2023-05-09 21:42:38,SR311C7300,SR311C7300,117.5,0.0,0.0,0.0,17,116.5,118.0,20,118.5,122.0,125.5,117.5,72.0,8748.0,1003
2023-05-09 21:42:41,SR311C7300,SR311C7300,117.5,0.0,0.0,0.0,27,116.5,118.0,20,118.5,122.0,125.5,117.5,72.0,8748.0,1003
2023-05-09 21:42:41,SR311C7300,SR311C7300,117.5,0.0,0.0,0.0,17,116.5,118.0,20,118.5,122.0,125.5,117.5,72.0,8748.0,1003
2023-05-09 21:42:43,SR311C7300,SR311C7300,117.5,0.0,0.0,0.0,27,116.5,118.0,10,118.5,122.0,125.5,117.5,72.0,8748.0,1003
2023-05-09 21:42:44,SR311C7300,SR311C7300,117.5,0.0,0.0,0.0,35,116.5,118.0,10,118.5,122.0,125.5,117.5,72.0,8748.0,1003
2023-05-09 21:42:45,SR311C7300,SR311C7300,117.5,0.0,0.0,0.0,45,116.5,118.0,10,118.5,122.0,125.5,117.5,72.0,8748.0,1003
2023-05-09 21:42:52,SR311C7300,SR311C7300,117.5,0.0,0.0,0.0,55,116.5,118.0,10,118.5,122.0,125.5,117.5,72.0,8748.0,1003
2023-05-09 21:42:54,SR311C7300,SR311C7300,117.5,0.0,0.0,0.0,7,117.0,118.0,10,118.5,122.0,125.5,117.5,72.0,8748.0,1003
2023-05-09 21:42:55,SR311C7300,SR311C7300,117.5,0.0,0.0,0.0,17,117.0,118.0,10,118.5,122.0,125.5,117.5,72.0,8748.0,1003
2023-05-09 21:42:56,SR311C7300,SR311C7300,117.5,0.0,0.0,0.0,17,117.0,118.5,10,118.5,122.0,125.5,117.5,72.0,8748.0,1003
2023-05-09 21:42:57,SR311C7300,SR311C7300,117.5,0.0,0.0,0.0,27,117.0,119.0,37,118.5,122.0,125.5,117.5,72.0,8748.0,1003
2023-05-09 21:43:01,SR311C7300,SR311C7300,117.5,0.0,0.0,0.0,27,117.0,118.0,10,118.5,122.0,125.5,117.5,72.0,8748.0,1003
2023-05-09 21:43:03,SR311C7300,SR311C7300,117.5,0.0,0.0,0.0,17,117.0,118.0,10,118.5,122.0,125.5,117.5,72.0,8748.0,1003
2023-05-09 21:43:04,SR311C7300,SR311C7300,117.5,0.0,0.0,0.0,17,117.0,118.0,20,118.5,122.0,125.5,117.5,72.0,8748.0,1003
2023-05-09 21:43:05,SR311C7300,SR311C7300,117.5,0.0,0.0,0.0,17,117.0,118.0,10,118.5,122.0,125.5,117.5,72.0,8748.0,1003
2023-05-09 21:43:11,SR311C7300,SR311C7300,117.5,0.0,0.0,0.0,10,117.0,118.0,10,118.5,122.0,125.5,117.5,72.0,8748.0,1003
2023-05-09 21:43:11,SR311C7300,SR311C7300,117.5,0.0,0.0,0.0,27,116.5,118.0,10,118.5,122.0,125.5,117.5,72.0,8748.0,1003
2023-05-09 21:43:12,SR311C7300,SR311C7300,117.5,0.0,0.0,0.0,27,116.5,118.0,20,118.5,122.0,125.5,117.5,72.0,8748.0,1003
2023-05-09 21:43:12,SR311C7300,SR311C7300,117.5,0.0,0.0,0.0,17,116.5,118.0,10,118.5,122.0,125.5,117.5,72.0,8748.0,1003
2023-05-09 21:43:22,SR311C7300,SR311C7300,117.5,0.0,0.0,0.0,27,116.5,118.0,10,118.5,122.0,125.5,117.5,72.0,8748.0,1003
2023-05-09 21:43:24,SR311C7300,SR311C7300,117.5,0.0,0.0,0.0,17,116.5,118.0,10,118.5,122.0,125.5,117.5,72.0,8748.0,1003
2023-05-09 21:43:26,SR311C7300,SR311C7300,117.5,0.0,0.0,0.0,27,116.5,118.0,10,118.5,122.0,125.5,117.5,72.0,8748.0,1003
2023-05-09 21:43:32,SR311C7300,SR311C7300,117.5,0.0,0.0,0.0,17,116.5,118.0,10,118.5,122.0,125.5,117.5,72.0,8748.0,1003
2023-05-09 21:43:32,SR311C7300,SR311C7300,117.5,0.0,0.0,0.0,17,116.5,118.0,20,118.5,122.0,125.5,117.5,72.0,8748.0,1003
2023-05-09 21:43:38,SR311C7300,SR311C7300,117.5,0.0,0.0,0.0,35,116.5,118.0,10,118.5,122.0,125.5,117.5,72.0,8748.0,1003
2023-05-09 21:43:44,SR311C7300,SR311C7300,117.5,0.0,0.0,0.0,45,116.5,118.0,10,118.5,122.0,125.5,117.5,72.0,8748.0,1003
2023-05-09 21:43:47,SR311C7300,SR311C7300,117.5,0.0,0.0,0.0,35,116.5,118.0,10,118.5,122.0,125.5,117.5,72.0,8748.0,1003
2023-05-09 21:43:48,SR311C7300,SR311C7300,117.5,0.0,0.0,0.0,45,116.5,118.0,10,118.5,122.0,125.5,117.5,72.0,8748.0,1003
2023-05-09 21:43:50,SR311C7300,SR311C7300,117.5,0.0,0.0,0.0,17,116.5,118.0,10,118.5,122.0,125.5,117.5,72.0,8748.0,1003
2023-05-09 21:44:02,SR311C7300,SR311C7300,117.5,0.0,0.0,0.0,45,116.5,118.0,10,118.5,122.0,125.5,117.5,72.0,8748.0,1003
2023-05-09 21:44:04,SR311C7300,SR311C7300,118.0,10.0,1215.0,10.0,45,116.5,118.5,30,118.5,122.0,125.5,117.5,82.0,9963.0,1013
2023-05-09 21:44:05,SR311C7300,SR311C7300,118.0,0.0,0.0,0.0,45,116.5,118.5,20,118.5,122.0,125.5,117.5,82.0,9963.0,1013
2023-05-09 21:44:05,SR311C7300,SR311C7300,118.0,0.0,0.0,0.0,45,116.5,119.0,77,118.5,122.0,125.5,117.5,82.0,9963.0,1013
2023-05-09 21:44:06,SR311C7300,SR311C7300,118.0,0.0,0.0,0.0,45,116.5,119.0,67,118.5,122.0,125.5,117.5,82.0,9963.0,1013
2023-05-09 21:44:19,SR311C7300,SR311C7300,118.0,0.0,0.0,0.0,35,116.5,119.0,67,118.5,122.0,125.5,117.5,82.0,9963.0,1013
2023-05-09 21:44:20,SR311C7300,SR311C7300,118.0,0.0,0.0,0.0,25,116.5,119.0,67,118.5,122.0,125.5,117.5,82.0,9963.0,1013
2023-05-09 21:44:21,SR311C7300,SR311C7300,118.0,0.0,0.0,0.0,35,116.5,119.0,67,118.5,122.0,125.5,117.5,82.0,9963.0,1013
2023-05-09 21:44:21,SR311C7300,SR311C7300,118.0,0.0,0.0,0.0,25,116.5,119.0,67,118.5,122.0,125.5,117.5,82.0,9963.0,1013
2023-05-09 21:44:24,SR311C7300,SR311C7300,118.0,0.0,0.0,0.0,17,116.5,119.0,57,118.5,122.0,125.5,117.5,82.0,9963.0,1013
2023-05-09 21:44:31,SR311C7300,SR311C7300,118.0,0.0,0.0,0.0,27,116.5,119.0,57,118.5,122.0,125.5,117.5,82.0,9963.0,1013
2023-05-09 21:44:35,SR311C7300,SR311C7300,118.0,0.0,0.0,0.0,37,116.5,119.0,57,118.5,122.0,125.5,117.5,82.0,9963.0,1013
2023-05-09 21:44:37,SR311C7300,SR311C7300,118.0,0.0,0.0,0.0,35,116.5,119.0,57,118.5,122.0,125.5,117.5,82.0,9963.0,1013
2023-05-09 21:44:39,SR311C7300,SR311C7300,118.0,0.0,0.0,0.0,45,116.5,119.0,57,118.5,122.0,125.5,117.5,82.0,9963.0,1013
2023-05-09 21:44:40,SR311C7300,SR311C7300,118.0,0.0,0.0,0.0,35,116.5,118.5,20,118.5,122.0,125.5,117.5,82.0,9963.0,1013
2023-05-09 21:44:43,SR311C7300,SR311C7300,118.0,0.0,0.0,0.0,25,116.5,118.5,20,118.5,122.0,125.5,117.5,82.0,9963.0,1013
2023-05-09 21:44:44,SR311C7300,SR311C7300,118.0,0.0,0.0,0.0,35,116.5,118.5,20,118.5,122.0,125.5,117.5,82.0,9963.0,1013
2023-05-09 21:44:44,SR311C7300,SR311C7300,118.0,0.0,0.0,0.0,25,116.5,117.5,10,118.5,122.0,125.5,117.5,82.0,9963.0,1013
2023-05-09 21:45:09,SR311C7300,SR311C7300,118.0,0.0,0.0,0.0,17,116.5,117.5,10,118.5,122.0,125.5,117.5,82.0,9963.0,1013
2023-05-09 21:45:22,SR311C7300,SR311C7300,118.0,0.0,0.0,0.0,10,116.5,117.5,20,118.5,122.0,125.5,117.5,82.0,9963.0,1013
2023-05-09 21:45:23,SR311C7300,SR311C7300,118.0,0.0,0.0,0.0,50,116.0,117.5,20,118.5,122.0,125.5,117.5,82.0,9963.0,1013
2023-05-09 21:45:24,SR311C7300,SR311C7300,118.0,0.0,0.0,0.0,40,116.0,117.5,20,118.5,122.0,125.5,117.5,82.0,9963.0,1013
2023-05-09 21:45:33,SR311C7300,SR311C7300,118.0,0.0,0.0,0.0,20,116.0,117.5,10,118.5,122.0,125.5,117.5,82.0,9963.0,1013
2023-05-09 21:45:33,SR311C7300,SR311C7300,118.0,0.0,0.0,0.0,75,115.5,117.5,10,118.5,122.0,125.5,117.5,82.0,9963.0,1013
2023-05-09 21:45:34,SR311C7300,SR311C7300,118.0,0.0,0.0,0.0,10,116.0,117.5,10,118.5,122.0,125.5,117.5,82.0,9963.0,1013
2023-05-09 21:45:34,SR311C7300,SR311C7300,118.0,0.0,0.0,0.0,20,116.0,117.5,10,118.5,122.0,125.5,117.5,82.0,9963.0,1013
2023-05-09 21:45:37,SR311C7300,SR311C7300,118.0,0.0,0.0,0.0,37,116.0,117.5,10,118.5,122.0,125.5,117.5,82.0,9963.0,1013
2023-05-09 21:45:39,SR311C7300,SR311C7300,118.0,0.0,0.0,0.0,25,116.5,117.5,10,118.5,122.0,125.5,117.5,82.0,9963.0,1013
2023-05-09 21:45:39,SR311C7300,SR311C7300,118.0,0.0,0.0,0.0,25,116.5,118.0,10,118.5,122.0,125.5,117.5,82.0,9963.0,1013
2023-05-09 21:45:40,SR311C7300,SR311C7300,118.0,0.0,0.0,0.0,25,116.5,118.5,37,118.5,122.0,125.5,117.5,82.0,9963.0,1013
2023-05-09 21:45:41,SR311C7300,SR311C7300,118.0,0.0,0.0,0.0,35,116.5,118.5,47,118.5,122.0,125.5,117.5,82.0,9963.0,1013
2023-05-09 21:45:46,SR311C7300,SR311C7300,118.0,0.0,0.0,0.0,25,116.5,118.5,47,118.5,122.0,125.5,117.5,82.0,9963.0,1013
2023-05-09 21:45:52,SR311C7300,SR311C7300,118.0,0.0,0.0,0.0,35,116.5,118.5,47,118.5,122.0,125.5,117.5,82.0,9963.0,1013
2023-05-09 21:45:53,SR311C7300,SR311C7300,118.0,0.0,0.0,0.0,35,116.5,118.5,37,118.5,122.0,125.5,117.5,82.0,9963.0,1013
2023-05-09 21:46:02,SR311C7300,SR311C7300,118.0,0.0,0.0,0.0,25,116.5,118.5,37,118.5,122.0,125.5,117.5,82.0,9963.0,1013
2023-05-09 21:46:08,SR311C7300,SR311C7300,118.0,0.0,0.0,0.0,15,116.5,118.0,10,118.5,122.0,125.5,117.5,82.0,9963.0,1013
2023-05-09 21:46:08,SR311C7300,SR311C7300,118.0,0.0,0.0,0.0,15,116.5,118.0,20,118.5,122.0,125.5,117.5,82.0,9963.0,1013
2023-05-09 21:46:09,SR311C7300,SR311C7300,118.0,0.0,0.0,0.0,25,116.5,118.0,10,118.5,122.0,125.5,117.5,82.0,9963.0,1013
2023-05-09 21:46:20,SR311C7300,SR311C7300,118.0,0.0,0.0,0.0,15,116.5,118.0,20,118.5,122.0,125.5,117.5,82.0,9963.0,1013
2023-05-09 21:46:21,SR311C7300,SR311C7300,118.0,0.0,0.0,0.0,15,116.5,118.0,10,118.5,122.0,125.5,117.5,82.0,9963.0,1013
2023-05-09 21:46:23,SR311C7300,SR311C7300,118.0,0.0,0.0,0.0,15,116.5,118.0,20,118.5,122.0,125.5,117.5,82.0,9963.0,1013
2023-05-09 21:46:25,SR311C7300,SR311C7300,118.0,0.0,0.0,0.0,25,116.5,118.0,10,118.5,122.0,125.5,117.5,82.0,9963.0,1013
2023-05-09 21:46:30,SR311C7300,SR311C7300,118.0,0.0,0.0,0.0,7,116.5,118.0,20,118.5,122.0,125.5,117.5,82.0,9963.0,1013
2023-05-09 21:46:42,SR311C7300,SR311C7300,118.0,0.0,0.0,0.0,65,116.0,118.0,20,118.5,122.0,125.5,117.5,82.0,9963.0,1013
2023-05-09 21:46:42,SR311C7300,SR311C7300,118.0,0.0,0.0,0.0,55,116.0,118.0,20,118.5,122.0,125.5,117.5,82.0,9963.0,1013
2023-05-09 21:46:48,SR311C7300,SR311C7300,118.0,0.0,0.0,0.0,45,116.0,118.0,20,118.5,122.0,125.5,117.5,82.0,9963.0,1013
2023-05-09 21:46:52,SR311C7300,SR311C7300,118.0,0.0,0.0,0.0,55,116.0,118.0,20,118.5,122.0,125.5,117.5,82.0,9963.0,1013
2023-05-09 21:46:54,SR311C7300,SR311C7300,118.0,0.0,0.0,0.0,45,116.0,118.0,20,118.5,122.0,125.5,117.5,82.0,9963.0,1013
2023-05-09 21:46:56,SR311C7300,SR311C7300,118.0,0.0,0.0,0.0,55,116.0,118.0,20,118.5,122.0,125.5,117.5,82.0,9963.0,1013
2023-05-09 21:47:07,SR311C7300,SR311C7300,118.0,0.0,0.0,0.0,45,116.0,118.0,27,118.5,122.0,125.5,117.5,82.0,9963.0,1013
2023-05-09 21:47:07,SR311C7300,SR311C7300,118.0,0.0,0.0,0.0,35,116.0,118.0,27,118.5,122.0,125.5,117.5,82.0,9963.0,1013
2023-05-09 21:47:07,SR311C7300,SR311C7300,118.0,0.0,0.0,0.0,35,116.0,118.0,37,118.5,122.0,125.5,117.5,82.0,9963.0,1013
2023-05-09 21:47:09,SR311C7300,SR311C7300,118.0,0.0,0.0,0.0,28,116.0,118.0,37,118.5,122.0,125.5,117.5,82.0,9963.0,1013
2023-05-09 21:47:09,SR311C7300,SR311C7300,118.0,0.0,0.0,0.0,75,115.5,117.0,10,118.5,122.0,125.5,117.5,82.0,9963.0,1013
2023-05-09 21:47:10,SR311C7300,SR311C7300,118.0,0.0,0.0,0.0,85,115.5,117.0,20,118.5,122.0,125.5,117.5,82.0,9963.0,1013
2023-05-09 21:47:10,SR311C7300,SR311C7300,118.0,0.0,0.0,0.0,75,115.5,117.0,20,118.5,122.0,125.5,117.5,82.0,9963.0,1013
2023-05-09 21:47:11,SR311C7300,SR311C7300,118.0,0.0,0.0,0.0,65,115.5,117.0,20,118.5,122.0,125.5,117.5,82.0,9963.0,1013
2023-05-09 21:47:11,SR311C7300,SR311C7300,118.0,0.0,0.0,0.0,55,115.5,117.0,20,118.5,122.0,125.5,117.5,82.0,9963.0,1013
2023-05-09 21:47:16,SR311C7300,SR311C7300,118.0,0.0,0.0,0.0,45,115.5,117.0,20,118.5,122.0,125.5,117.5,82.0,9963.0,1013
2023-05-09 21:47:18,SR311C7300,SR311C7300,118.0,0.0,0.0,0.0,35,115.5,117.0,20,118.5,122.0,125.5,117.5,82.0,9963.0,1013
2023-05-09 21:47:24,SR311C7300,SR311C7300,118.0,0.0,0.0,0.0,45,115.5,117.0,20,118.5,122.0,125.5,117.5,82.0,9963.0,1013
2023-05-09 21:47:25,SR311C7300,SR311C7300,118.0,0.0,0.0,0.0,35,115.5,117.0,20,118.5,122.0,125.5,117.5,82.0,9963.0,1013
2023-05-09 21:47:37,SR311C7300,SR311C7300,118.0,0.0,0.0,0.0,55,115.5,117.0,10,118.5,122.0,125.5,117.5,82.0,9963.0,1013
2023-05-09 21:47:38,SR311C7300,SR311C7300,118.0,0.0,0.0,0.0,45,115.5,117.0,10,118.5,122.0,125.5,117.5,82.0,9963.0,1013
2023-05-09 21:47:38,SR311C7300,SR311C7300,118.0,0.0,0.0,0.0,55,115.5,117.0,10,118.5,122.0,125.5,117.5,82.0,9963.0,1013
2023-05-09 21:47:41,SR311C7300,SR311C7300,118.0,0.0,0.0,0.0,45,115.5,117.0,10,118.5,122.0,125.5,117.5,82.0,9963.0,1013
2023-05-09 21:47:42,SR311C7300,SR311C7300,118.0,0.0,0.0,0.0,55,115.5,117.0,10,118.5,122.0,125.5,117.5,82.0,9963.0,1013
2023-05-09 21:47:45,SR311C7300,SR311C7300,118.0,0.0,0.0,0.0,45,115.5,117.0,10,118.5,122.0,125.5,117.5,82.0,9963.0,1013
2023-05-09 21:47:48,SR311C7300,SR311C7300,118.0,0.0,0.0,0.0,45,115.5,117.0,20,118.5,122.0,125.5,117.5,82.0,9963.0,1013
2023-05-09 21:47:49,SR311C7300,SR311C7300,118.0,0.0,0.0,0.0,45,115.5,117.0,10,118.5,122.0,125.5,117.5,82.0,9963.0,1013
2023-05-09 21:47:49,SR311C7300,SR311C7300,118.0,0.0,0.0,0.0,55,115.5,117.0,20,118.5,122.0,125.5,117.5,82.0,9963.0,1013
2023-05-09 21:47:50,SR311C7300,SR311C7300,118.0,0.0,0.0,0.0,55,115.5,117.0,10,118.5,122.0,125.5,117.5,82.0,9963.0,1013
2023-05-09 21:47:52,SR311C7300,SR311C7300,118.0,0.0,0.0,0.0,55,115.5,117.0,20,118.5,122.0,125.5,117.5,82.0,9963.0,1013
2023-05-09 21:47:52,SR311C7300,SR311C7300,118.0,0.0,0.0,0.0,55,115.5,117.0,10,118.5,122.0,125.5,117.5,82.0,9963.0,1013
2023-05-09 21:47:56,SR311C7300,SR311C7300,118.0,0.0,0.0,0.0,55,115.5,117.0,20,118.5,122.0,125.5,117.5,82.0,9963.0,1013
2023-05-09 21:47:58,SR311C7300,SR311C7300,118.0,0.0,0.0,0.0,55,115.5,117.0,10,118.5,122.0,125.5,117.5,82.0,9963.0,1013
2023-05-09 21:47:59,SR311C7300,SR311C7300,118.0,0.0,0.0,0.0,45,115.5,117.0,20,118.5,122.0,125.5,117.5,82.0,9963.0,1013
2023-05-09 21:48:02,SR311C7300,SR311C7300,118.0,0.0,0.0,0.0,17,115.5,117.0,20,118.5,122.0,125.5,117.5,82.0,9963.0,1013
2023-05-09 21:48:02,SR311C7300,SR311C7300,118.0,0.0,0.0,0.0,27,115.5,117.0,10,118.5,122.0,125.5,117.5,82.0,9963.0,1013
2023-05-09 21:48:02,SR311C7300,SR311C7300,118.0,0.0,0.0,0.0,17,115.5,117.0,20,118.5,122.0,125.5,117.5,82.0,9963.0,1013
2023-05-09 21:48:02,SR311C7300,SR311C7300,118.0,0.0,0.0,0.0,27,115.5,117.0,10,118.5,122.0,125.5,117.5,82.0,9963.0,1013
2023-05-09 21:48:02,SR311C7300,SR311C7300,118.0,0.0,0.0,0.0,17,115.5,117.0,20,118.5,122.0,125.5,117.5,82.0,9963.0,1013
2023-05-09 21:48:10,SR311C7300,SR311C7300,118.0,0.0,0.0,0.0,27,115.5,117.0,20,118.5,122.0,125.5,117.5,82.0,9963.0,1013
2023-05-09 21:48:23,SR311C7300,SR311C7300,118.0,0.0,0.0,0.0,37,115.5,117.0,10,118.5,122.0,125.5,117.5,82.0,9963.0,1013
2023-05-09 21:48:34,SR311C7300,SR311C7300,118.0,0.0,0.0,0.0,37,115.5,117.0,20,118.5,122.0,125.5,117.5,82.0,9963.0,1013
2023-05-09 21:48:35,SR311C7300,SR311C7300,118.0,0.0,0.0,0.0,37,115.5,117.0,10,118.5,122.0,125.5,117.5,82.0,9963.0,1013
2023-05-09 21:48:44,SR311C7300,SR311C7300,118.0,0.0,0.0,0.0,17,115.5,117.0,10,118.5,122.0,125.5,117.5,82.0,9963.0,1013
2023-05-09 21:48:45,SR311C7300,SR311C7300,118.0,0.0,0.0,0.0,17,115.5,117.0,20,118.5,122.0,125.5,117.5,82.0,9963.0,1013
2023-05-09 21:48:48,SR311C7300,SR311C7300,118.0,0.0,0.0,0.0,27,115.5,117.0,20,118.5,122.0,125.5,117.5,82.0,9963.0,1013
2023-05-09 21:48:48,SR311C7300,SR311C7300,118.0,0.0,0.0,0.0,17,115.5,117.0,20,118.5,122.0,125.5,117.5,82.0,9963.0,1013
2023-05-09 21:48:50,SR311C7300,SR311C7300,118.0,0.0,0.0,0.0,48,115.0,117.0,20,118.5,122.0,125.5,117.5,82.0,9963.0,1013
2023-05-09 21:48:50,SR311C7300,SR311C7300,118.0,0.0,0.0,0.0,58,115.0,117.0,20,118.5,122.0,125.5,117.5,82.0,9963.0,1013
2023-05-09 21:48:51,SR311C7300,SR311C7300,118.0,0.0,0.0,0.0,48,115.0,117.0,20,118.5,122.0,125.5,117.5,82.0,9963.0,1013
2023-05-09 21:48:55,SR311C7300,SR311C7300,118.0,0.0,0.0,0.0,38,115.0,117.0,20,118.5,122.0,125.5,117.5,82.0,9963.0,1013
2023-05-09 21:48:56,SR311C7300,SR311C7300,118.0,0.0,0.0,0.0,18,115.0,117.0,20,118.5,122.0,125.5,117.5,82.0,9963.0,1013
2023-05-09 21:48:56,SR311C7300,SR311C7300,118.0,0.0,0.0,0.0,28,115.0,117.0,20,118.5,122.0,125.5,117.5,82.0,9963.0,1013
2023-05-09 21:48:59,SR311C7300,SR311C7300,118.0,0.0,0.0,0.0,38,115.0,117.0,20,118.5,122.0,125.5,117.5,82.0,9963.0,1013
2023-05-09 21:49:11,SR311C7300,SR311C7300,118.0,0.0,0.0,0.0,28,115.0,117.0,20,118.5,122.0,125.5,117.5,82.0,9963.0,1013
2023-05-09 21:49:14,SR311C7300,SR311C7300,118.0,0.0,0.0,0.0,10,115.0,117.0,20,118.5,122.0,125.5,117.5,82.0,9963.0,1013
2023-05-09 21:49:15,SR311C7300,SR311C7300,118.0,0.0,0.0,0.0,20,115.0,117.0,20,118.5,122.0,125.5,117.5,82.0,9963.0,1013
2023-05-09 21:49:15,SR311C7300,SR311C7300,118.0,0.0,0.0,0.0,30,115.0,117.0,20,118.5,122.0,125.5,117.5,82.0,9963.0,1013
2023-05-09 21:49:21,SR311C7300,SR311C7300,118.0,0.0,0.0,0.0,48,115.0,117.0,20,118.5,122.0,125.5,117.5,82.0,9963.0,1013
2023-05-09 21:49:22,SR311C7300,SR311C7300,118.0,0.0,0.0,0.0,55,115.0,117.0,20,118.5,122.0,125.5,117.5,82.0,9963.0,1013
2023-05-09 21:49:24,SR311C7300,SR311C7300,118.0,0.0,0.0,0.0,45,115.0,117.0,20,118.5,122.0,125.5,117.5,82.0,9963.0,1013
2023-05-09 21:49:30,SR311C7300,SR311C7300,118.0,0.0,0.0,0.0,35,115.0,117.0,20,118.5,122.0,125.5,117.5,82.0,9963.0,1013
2023-05-09 21:49:43,SR311C7300,SR311C7300,118.0,0.0,0.0,0.0,25,115.0,117.0,20,118.5,122.0,125.5,117.5,82.0,9963.0,1013
2023-05-09 21:49:44,SR311C7300,SR311C7300,118.0,0.0,0.0,0.0,17,115.0,117.0,20,118.5,122.0,125.5,117.5,82.0,9963.0,1013
2023-05-09 21:49:45,SR311C7300,SR311C7300,118.0,0.0,0.0,0.0,27,115.0,117.0,20,118.5,122.0,125.5,117.5,82.0,9963.0,1013
2023-05-09 21:49:56,SR311C7300,SR311C7300,118.0,0.0,0.0,0.0,35,115.0,117.0,20,118.5,122.0,125.5,117.5,82.0,9963.0,1013
2023-05-09 21:50:00,SR311C7300,SR311C7300,118.0,0.0,0.0,0.0,25,115.0,117.0,20,118.5,122.0,125.5,117.5,82.0,9963.0,1013
2023-05-09 21:50:01,SR311C7300,SR311C7300,118.0,0.0,0.0,0.0,35,115.0,117.0,20,118.5,122.0,125.5,117.5,82.0,9963.0,1013
2023-05-09 21:50:11,SR311C7300,SR311C7300,118.0,0.0,0.0,0.0,45,115.0,117.0,20,118.5,122.0,125.5,117.5,82.0,9963.0,1013
2023-05-09 21:50:14,SR311C7300,SR311C7300,118.0,0.0,0.0,0.0,7,115.5,117.0,20,118.5,122.0,125.5,117.5,82.0,9963.0,1013
2023-05-09 21:50:15,SR311C7300,SR311C7300,118.0,0.0,0.0,0.0,17,115.5,117.0,10,118.5,122.0,125.5,117.5,82.0,9963.0,1013
2023-05-09 21:50:15,SR311C7300,SR311C7300,118.0,0.0,0.0,0.0,25,115.5,117.0,10,118.5,122.0,125.5,117.5,82.0,9963.0,1013
2023-05-09 21:50:17,SR311C7300,SR311C7300,118.0,0.0,0.0,0.0,35,115.5,117.0,10,118.5,122.0,125.5,117.5,82.0,9963.0,1013
2023-05-09 21:50:17,SR311C7300,SR311C7300,118.0,0.0,0.0,0.0,45,115.5,117.0,10,118.5,122.0,125.5,117.5,82.0,9963.0,1013
2023-05-09 21:50:17,SR311C7300,SR311C7300,118.0,0.0,0.0,0.0,55,115.5,117.0,10,118.5,122.0,125.5,117.5,82.0,9963.0,1013
2023-05-09 21:50:36,SR311C7300,SR311C7300,118.0,0.0,0.0,0.0,7,116.0,117.0,10,118.5,122.0,125.5,117.5,82.0,9963.0,1013
2023-05-09 21:50:38,SR311C7300,SR311C7300,117.0,10.0,1169.0,10.0,17,116.0,117.5,20,118.5,122.0,125.5,117.0,92.0,11132.0,1023
2023-05-09 21:50:38,SR311C7300,SR311C7300,117.0,0.0,0.0,0.0,17,116.0,117.5,10,118.5,122.0,125.5,117.0,92.0,11132.0,1023
2023-05-09 21:50:39,SR311C7300,SR311C7300,117.0,0.0,0.0,0.0,17,116.0,118.0,20,118.5,122.0,125.5,117.0,92.0,11132.0,1023
2023-05-09 21:50:40,SR311C7300,SR311C7300,117.0,0.0,0.0,0.0,17,116.0,118.0,10,118.5,122.0,125.5,117.0,92.0,11132.0,1023
2023-05-09 21:50:40,SR311C7300,SR311C7300,117.0,0.0,0.0,0.0,27,116.0,118.0,20,118.5,122.0,125.5,117.0,92.0,11132.0,1023
2023-05-09 21:50:43,SR311C7300,SR311C7300,117.0,0.0,0.0,0.0,27,116.0,118.0,30,118.5,122.0,125.5,117.0,92.0,11132.0,1023
2023-05-09 21:50:44,SR311C7300,SR311C7300,117.0,0.0,0.0,0.0,17,116.0,118.0,30,118.5,122.0,125.5,117.0,92.0,11132.0,1023
2023-05-09 21:50:44,SR311C7300,SR311C7300,117.0,0.0,0.0,0.0,17,116.0,118.0,20,118.5,122.0,125.5,117.0,92.0,11132.0,1023
2023-05-09 21:50:47,SR311C7300,SR311C7300,117.0,0.0,0.0,0.0,27,116.0,118.0,20,118.5,122.0,125.5,117.0,92.0,11132.0,1023
2023-05-09 21:50:48,SR311C7300,SR311C7300,117.0,0.0,0.0,0.0,17,116.0,118.0,20,118.5,122.0,125.5,117.0,92.0,11132.0,1023
2023-05-09 21:50:52,SR311C7300,SR311C7300,117.0,0.0,0.0,0.0,27,116.0,118.0,20,118.5,122.0,125.5,117.0,92.0,11132.0,1023
2023-05-09 21:50:55,SR311C7300,SR311C7300,117.0,0.0,0.0,0.0,27,116.0,118.5,47,118.5,122.0,125.5,117.0,92.0,11132.0,1023
2023-05-09 21:50:56,SR311C7300,SR311C7300,117.0,0.0,0.0,0.0,27,116.0,118.5,37,118.5,122.0,125.5,117.0,92.0,11132.0,1023
2023-05-09 21:50:58,SR311C7300,SR311C7300,117.0,0.0,0.0,0.0,37,116.0,118.5,37,118.5,122.0,125.5,117.0,92.0,11132.0,1023
2023-05-09 21:51:00,SR311C7300,SR311C7300,117.0,0.0,0.0,0.0,10,116.5,118.5,37,118.5,122.0,125.5,117.0,92.0,11132.0,1023
2023-05-09 21:51:02,SR311C7300,SR311C7300,117.0,0.0,0.0,0.0,20,116.5,118.5,37,118.5,122.0,125.5,117.0,92.0,11132.0,1023
2023-05-09 21:51:02,SR311C7300,SR311C7300,117.0,0.0,0.0,0.0,10,116.5,118.5,37,118.5,122.0,125.5,117.0,92.0,11132.0,1023
2023-05-09 21:51:02,SR311C7300,SR311C7300,117.0,0.0,0.0,0.0,20,116.5,118.5,37,118.5,122.0,125.5,117.0,92.0,11132.0,1023
2023-05-09 21:51:02,SR311C7300,SR311C7300,117.0,0.0,0.0,0.0,10,116.5,118.5,37,118.5,122.0,125.5,117.0,92.0,11132.0,1023
2023-05-09 21:51:06,SR311C7300,SR311C7300,117.0,0.0,0.0,0.0,20,116.5,118.5,17,118.5,122.0,125.5,117.0,92.0,11132.0,1023
2023-05-09 21:51:07,SR311C7300,SR311C7300,117.0,0.0,0.0,0.0,27,116.5,118.5,7,118.5,122.0,125.5,117.0,92.0,11132.0,1023
2023-05-09 21:51:07,SR311C7300,SR311C7300,117.0,0.0,0.0,0.0,27,116.5,119.0,77,118.5,122.0,125.5,117.0,92.0,11132.0,1023
2023-05-09 21:51:08,SR311C7300,SR311C7300,117.0,0.0,0.0,0.0,27,116.5,119.0,67,118.5,122.0,125.5,117.0,92.0,11132.0,1023
2023-05-09 21:51:18,SR311C7300,SR311C7300,117.0,0.0,0.0,0.0,7,117.0,119.0,67,118.5,122.0,125.5,117.0,92.0,11132.0,1023
2023-05-09 21:51:18,SR311C7300,SR311C7300,117.0,0.0,0.0,0.0,17,117.0,119.0,47,118.5,122.0,125.5,117.0,92.0,11132.0,1023
2023-05-09 21:51:19,SR311C7300,SR311C7300,117.0,0.0,0.0,0.0,27,117.0,119.0,37,118.5,122.0,125.5,117.0,92.0,11132.0,1023
2023-05-09 21:51:20,SR311C7300,SR311C7300,117.0,0.0,0.0,0.0,27,117.0,119.0,10,118.5,122.0,125.5,117.0,92.0,11132.0,1023
2023-05-09 21:51:21,SR311C7300,SR311C7300,117.0,0.0,0.0,0.0,37,117.0,119.0,20,118.5,122.0,125.5,117.0,92.0,11132.0,1023
2023-05-09 21:51:22,SR311C7300,SR311C7300,117.0,0.0,0.0,0.0,37,117.0,119.0,10,118.5,122.0,125.5,117.0,92.0,11132.0,1023
2023-05-09 21:51:22,SR311C7300,SR311C7300,117.0,0.0,0.0,0.0,37,117.0,119.5,50,118.5,122.0,125.5,117.0,92.0,11132.0,1023
2023-05-09 21:51:23,SR311C7300,SR311C7300,117.0,0.0,0.0,0.0,37,117.0,119.5,60,118.5,122.0,125.5,117.0,92.0,11132.0,1023
2023-05-09 21:51:23,SR311C7300,SR311C7300,117.0,0.0,0.0,0.0,37,117.0,119.5,50,118.5,122.0,125.5,117.0,92.0,11132.0,1023
2023-05-09 21:52:08,SR311C7300,SR311C7300,117.0,0.0,0.0,0.0,10,117.0,119.0,7,118.5,122.0,125.5,117.0,92.0,11132.0,1023
2023-05-09 21:52:09,SR311C7300,SR311C7300,117.0,0.0,0.0,0.0,37,116.5,119.0,27,118.5,122.0,125.5,117.0,92.0,11132.0,1023
2023-05-09 21:52:09,SR311C7300,SR311C7300,117.0,0.0,0.0,0.0,47,116.5,118.5,7,118.5,122.0,125.5,117.0,92.0,11132.0,1023
2023-05-09 21:52:10,SR311C7300,SR311C7300,117.0,0.0,0.0,0.0,17,116.5,118.5,17,118.5,122.0,125.5,117.0,92.0,11132.0,1023
2023-05-09 21:52:10,SR311C7300,SR311C7300,117.0,0.0,0.0,0.0,27,116.5,118.5,27,118.5,122.0,125.5,117.0,92.0,11132.0,1023
2023-05-09 21:52:13,SR311C7300,SR311C7300,117.0,0.0,0.0,0.0,17,116.5,118.5,27,118.5,122.0,125.5,117.0,92.0,11132.0,1023
2023-05-09 21:52:13,SR311C7300,SR311C7300,117.0,0.0,0.0,0.0,27,116.5,118.5,27,118.5,122.0,125.5,117.0,92.0,11132.0,1023
2023-05-09 21:52:14,SR311C7300,SR311C7300,117.0,0.0,0.0,0.0,10,116.5,118.5,27,118.5,122.0,125.5,117.0,92.0,11132.0,1023
2023-05-09 21:52:15,SR311C7300,SR311C7300,117.0,0.0,0.0,0.0,10,116.5,118.0,7,118.5,122.0,125.5,117.0,92.0,11132.0,1023
2023-05-09 21:52:15,SR311C7300,SR311C7300,117.0,0.0,0.0,0.0,20,116.5,118.0,7,118.5,122.0,125.5,117.0,92.0,11132.0,1023
2023-05-09 21:52:18,SR311C7300,SR311C7300,117.0,0.0,0.0,0.0,10,116.5,118.0,7,118.5,122.0,125.5,117.0,92.0,11132.0,1023
2023-05-09 21:52:20,SR311C7300,SR311C7300,117.0,0.0,0.0,0.0,10,116.5,118.0,17,118.5,122.0,125.5,117.0,92.0,11132.0,1023
2023-05-09 21:52:20,SR311C7300,SR311C7300,117.0,0.0,0.0,0.0,10,116.5,118.0,27,118.5,122.0,125.5,117.0,92.0,11132.0,1023
2023-05-09 21:52:31,SR311C7300,SR311C7300,117.0,0.0,0.0,0.0,10,116.5,118.0,17,118.5,122.0,125.5,117.0,92.0,11132.0,1023
2023-05-09 21:52:31,SR311C7300,SR311C7300,117.0,0.0,0.0,0.0,20,116.5,118.0,7,118.5,122.0,125.5,117.0,92.0,11132.0,1023
2023-05-09 21:52:35,SR311C7300,SR311C7300,117.0,0.0,0.0,0.0,10,116.5,118.0,7,118.5,122.0,125.5,117.0,92.0,11132.0,1023
2023-05-09 21:52:38,SR311C7300,SR311C7300,117.0,0.0,0.0,0.0,10,116.5,118.0,17,118.5,122.0,125.5,117.0,92.0,11132.0,1023
2023-05-09 21:52:38,SR311C7300,SR311C7300,117.0,0.0,0.0,0.0,10,116.5,118.0,27,118.5,122.0,125.5,117.0,92.0,11132.0,1023
2023-05-09 21:52:44,SR311C7300,SR311C7300,117.0,0.0,0.0,0.0,10,116.5,118.0,7,118.5,122.0,125.5,117.0,92.0,11132.0,1023
2023-05-09 21:52:56,SR311C7300,SR311C7300,117.0,0.0,0.0,0.0,20,116.5,118.0,7,118.5,122.0,125.5,117.0,92.0,11132.0,1023
2023-05-09 21:52:59,SR311C7300,SR311C7300,117.0,0.0,0.0,0.0,30,116.0,118.0,7,118.5,122.0,125.5,117.0,92.0,11132.0,1023
2023-05-09 21:52:59,SR311C7300,SR311C7300,117.0,0.0,0.0,0.0,30,116.0,118.0,17,118.5,122.0,125.5,117.0,92.0,11132.0,1023
2023-05-09 21:53:00,SR311C7300,SR311C7300,117.0,0.0,0.0,0.0,20,116.0,118.0,27,118.5,122.0,125.5,117.0,92.0,11132.0,1023
2023-05-09 21:53:07,SR311C7300,SR311C7300,117.0,0.0,0.0,0.0,10,116.0,118.0,27,118.5,122.0,125.5,117.0,92.0,11132.0,1023
2023-05-09 21:53:08,SR311C7300,SR311C7300,117.0,0.0,0.0,0.0,77,115.5,118.0,27,118.5,122.0,125.5,117.0,92.0,11132.0,1023
2023-05-09 21:53:09,SR311C7300,SR311C7300,117.0,0.0,0.0,0.0,67,115.5,118.0,27,118.5,122.0,125.5,117.0,92.0,11132.0,1023
2023-05-09 21:53:36,SR311C7300,SR311C7300,117.0,0.0,0.0,0.0,10,116.0,118.0,27,118.5,122.0,125.5,117.0,92.0,11132.0,1023
2023-05-09 21:53:36,SR311C7300,SR311C7300,117.0,0.0,0.0,0.0,20,116.0,118.0,27,118.5,122.0,125.5,117.0,92.0,11132.0,1023
2023-05-09 21:53:45,SR311C7300,SR311C7300,117.0,0.0,0.0,0.0,20,116.0,118.0,17,118.5,122.0,125.5,117.0,92.0,11132.0,1023
2023-05-09 21:53:45,SR311C7300,SR311C7300,117.0,0.0,0.0,0.0,20,116.0,118.0,7,118.5,122.0,125.5,117.0,92.0,11132.0,1023
2023-05-09 21:54:01,SR311C7300,SR311C7300,117.0,0.0,0.0,0.0,27,116.0,118.0,7,118.5,122.0,125.5,117.0,92.0,11132.0,1023
2023-05-09 21:54:09,SR311C7300,SR311C7300,117.0,0.0,0.0,0.0,10,117.0,118.5,47,118.5,122.0,125.5,117.0,92.0,11132.0,1023
2023-05-09 21:54:09,SR311C7300,SR311C7300,117.0,0.0,0.0,0.0,10,117.0,118.5,17,118.5,122.0,125.5,117.0,92.0,11132.0,1023
2023-05-09 21:54:10,SR311C7300,SR311C7300,117.0,0.0,0.0,0.0,10,117.0,118.5,7,118.5,122.0,125.5,117.0,92.0,11132.0,1023
2023-05-09 21:54:24,SR311C7300,SR311C7300,117.0,0.0,0.0,0.0,27,116.5,118.5,17,118.5,122.0,125.5,117.0,92.0,11132.0,1023
2023-05-09 21:54:24,SR311C7300,SR311C7300,117.0,0.0,0.0,0.0,17,116.5,118.5,27,118.5,122.0,125.5,117.0,92.0,11132.0,1023
2023-05-09 21:54:25,SR311C7300,SR311C7300,117.0,0.0,0.0,0.0,7,116.5,118.5,27,118.5,122.0,125.5,117.0,92.0,11132.0,1023
2023-05-09 21:54:27,SR311C7300,SR311C7300,117.0,0.0,0.0,0.0,67,116.0,118.5,27,118.5,122.0,125.5,117.0,92.0,11132.0,1023
2023-05-09 21:54:27,SR311C7300,SR311C7300,117.0,0.0,0.0,0.0,57,116.0,118.5,27,118.5,122.0,125.5,117.0,92.0,11132.0,1023
2023-05-09 21:54:28,SR311C7300,SR311C7300,117.0,0.0,0.0,0.0,47,116.0,118.5,27,118.5,122.0,125.5,117.0,92.0,11132.0,1023
2023-05-09 21:54:57,SR311C7300,SR311C7300,117.0,0.0,0.0,0.0,20,116.5,118.5,7,118.5,122.0,125.5,117.0,92.0,11132.0,1023
2023-05-09 21:54:59,SR311C7300,SR311C7300,117.0,0.0,0.0,0.0,10,117.0,118.5,7,118.5,122.0,125.5,117.0,92.0,11132.0,1023
2023-05-09 21:55:00,SR311C7300,SR311C7300,117.0,0.0,0.0,0.0,20,116.5,118.5,27,118.5,122.0,125.5,117.0,92.0,11132.0,1023
2023-05-09 21:55:01,SR311C7300,SR311C7300,117.0,0.0,0.0,0.0,10,116.5,118.5,27,118.5,122.0,125.5,117.0,92.0,11132.0,1023
2023-05-09 21:55:08,SR311C7300,SR311C7300,117.0,0.0,0.0,0.0,20,116.5,118.5,27,118.5,122.0,125.5,117.0,92.0,11132.0,1023
2023-05-09 21:55:09,SR311C7300,SR311C7300,117.0,0.0,0.0,0.0,10,116.5,118.5,27,118.5,122.0,125.5,117.0,92.0,11132.0,1023
2023-05-09 21:55:19,SR311C7300,SR311C7300,117.0,0.0,0.0,0.0,67,116.0,118.5,27,118.5,122.0,125.5,117.0,92.0,11132.0,1023
2023-05-09 21:55:20,SR311C7300,SR311C7300,117.0,0.0,0.0,0.0,57,116.0,118.5,27,118.5,122.0,125.5,117.0,92.0,11132.0,1023
2023-05-09 21:55:21,SR311C7300,SR311C7300,117.0,0.0,0.0,0.0,47,116.0,118.5,37,118.5,122.0,125.5,117.0,92.0,11132.0,1023
2023-05-09 21:55:30,SR311C7300,SR311C7300,117.0,0.0,0.0,0.0,47,116.0,118.5,17,118.5,122.0,125.5,117.0,92.0,11132.0,1023
2023-05-09 21:55:30,SR311C7300,SR311C7300,117.0,0.0,0.0,0.0,47,116.0,118.5,7,118.5,122.0,125.5,117.0,92.0,11132.0,1023
2023-05-09 21:55:53,SR311C7300,SR311C7300,117.0,0.0,0.0,0.0,10,117.0,118.5,7,118.5,122.0,125.5,117.0,92.0,11132.0,1023
2023-05-09 21:55:53,SR311C7300,SR311C7300,117.0,0.0,0.0,0.0,20,117.0,118.5,7,118.5,122.0,125.5,117.0,92.0,11132.0,1023
2023-05-09 21:55:54,SR311C7300,SR311C7300,117.0,0.0,0.0,0.0,10,117.0,118.5,7,118.5,122.0,125.5,117.0,92.0,11132.0,1023
2023-05-09 21:55:56,SR311C7300,SR311C7300,117.0,0.0,0.0,0.0,20,117.0,118.5,7,118.5,122.0,125.5,117.0,92.0,11132.0,1023
2023-05-09 21:55:56,SR311C7300,SR311C7300,117.0,0.0,0.0,0.0,10,117.0,118.5,7,118.5,122.0,125.5,117.0,92.0,11132.0,1023
2023-05-09 21:55:58,SR311C7300,SR311C7300,117.0,0.0,0.0,0.0,20,117.0,118.5,7,118.5,122.0,125.5,117.0,92.0,11132.0,1023
2023-05-09 21:56:02,SR311C7300,SR311C7300,117.0,0.0,0.0,0.0,20,117.0,119.0,57,118.5,122.0,125.5,117.0,92.0,11132.0,1023
2023-05-09 21:56:02,SR311C7300,SR311C7300,117.0,0.0,0.0,0.0,30,117.0,119.0,57,118.5,122.0,125.5,117.0,92.0,11132.0,1023
2023-05-09 21:56:03,SR311C7300,SR311C7300,117.0,0.0,0.0,0.0,30,117.0,119.0,47,118.5,122.0,125.5,117.0,92.0,11132.0,1023
2023-05-09 21:56:05,SR311C7300,SR311C7300,117.0,0.0,0.0,0.0,30,117.0,119.0,57,118.5,122.0,125.5,117.0,92.0,11132.0,1023
2023-05-09 21:56:06,SR311C7300,SR311C7300,117.0,0.0,0.0,0.0,20,117.0,119.0,57,118.5,122.0,125.5,117.0,92.0,11132.0,1023
2023-05-09 21:56:09,SR311C7300,SR311C7300,117.0,0.0,0.0,0.0,27,116.5,118.0,10,118.5,122.0,125.5,117.0,92.0,11132.0,1023
2023-05-09 21:56:10,SR311C7300,SR311C7300,117.0,0.0,0.0,0.0,17,116.5,118.0,10,118.5,122.0,125.5,117.0,92.0,11132.0,1023
2023-05-09 21:56:10,SR311C7300,SR311C7300,117.0,0.0,0.0,0.0,27,116.5,118.0,10,118.5,122.0,125.5,117.0,92.0,11132.0,1023
2023-05-09 21:56:16,SR311C7300,SR311C7300,117.0,0.0,0.0,0.0,17,116.5,118.0,10,118.5,122.0,125.5,117.0,92.0,11132.0,1023
2023-05-09 21:56:17,SR311C7300,SR311C7300,117.0,0.0,0.0,0.0,17,116.5,118.0,20,118.5,122.0,125.5,117.0,92.0,11132.0,1023
2023-05-09 21:56:22,SR311C7300,SR311C7300,117.0,0.0,0.0,0.0,17,116.5,118.0,30,118.5,122.0,125.5,117.0,92.0,11132.0,1023
2023-05-09 21:56:28,SR311C7300,SR311C7300,117.0,0.0,0.0,0.0,17,116.5,118.0,40,118.5,122.0,125.5,117.0,92.0,11132.0,1023
2023-05-09 21:56:29,SR311C7300,SR311C7300,117.0,0.0,0.0,0.0,10,116.5,118.0,40,118.5,122.0,125.5,117.0,92.0,11132.0,1023
2023-05-09 21:56:30,SR311C7300,SR311C7300,117.0,0.0,0.0,0.0,57,116.0,117.5,10,118.5,122.0,125.5,117.0,92.0,11132.0,1023
2023-05-09 21:56:30,SR311C7300,SR311C7300,117.0,0.0,0.0,0.0,57,116.0,118.0,40,118.5,122.0,125.5,117.0,92.0,11132.0,1023
2023-05-09 21:56:31,SR311C7300,SR311C7300,117.0,0.0,0.0,0.0,47,116.0,118.0,50,118.5,122.0,125.5,117.0,92.0,11132.0,1023
2023-05-09 21:56:31,SR311C7300,SR311C7300,117.0,0.0,0.0,0.0,47,116.0,118.0,40,118.5,122.0,125.5,117.0,92.0,11132.0,1023
2023-05-09 21:56:49,SR311C7300,SR311C7300,117.0,0.0,0.0,0.0,47,116.0,118.0,30,118.5,122.0,125.5,117.0,92.0,11132.0,1023
2023-05-09 21:56:55,SR311C7300,SR311C7300,117.0,0.0,0.0,0.0,47,116.0,118.0,20,118.5,122.0,125.5,117.0,92.0,11132.0,1023
2023-05-09 21:57:00,SR311C7300,SR311C7300,117.0,0.0,0.0,0.0,47,116.0,118.0,30,118.5,122.0,125.5,117.0,92.0,11132.0,1023
2023-05-09 21:57:04,SR311C7300,SR311C7300,117.0,0.0,0.0,0.0,47,116.0,118.0,20,118.5,122.0,125.5,117.0,92.0,11132.0,1023
2023-05-09 21:57:11,SR311C7300,SR311C7300,117.0,0.0,0.0,0.0,47,116.0,118.0,30,118.5,122.0,125.5,117.0,92.0,11132.0,1023
2023-05-09 21:57:17,SR311C7300,SR311C7300,117.0,0.0,0.0,0.0,47,116.0,118.0,20,118.5,122.0,125.5,117.0,92.0,11132.0,1023
2023-05-09 21:57:20,SR311C7300,SR311C7300,117.0,0.0,0.0,0.0,47,116.0,118.0,30,118.5,122.0,125.5,117.0,92.0,11132.0,1023
2023-05-09 21:58:00,SR311C7300,SR311C7300,117.0,0.0,0.0,0.0,7,116.5,118.5,37,118.5,122.0,125.5,117.0,92.0,11132.0,1023
2023-05-09 21:58:01,SR311C7300,SR311C7300,117.0,0.0,0.0,0.0,17,116.5,118.5,27,118.5,122.0,125.5,117.0,92.0,11132.0,1023
2023-05-09 21:58:01,SR311C7300,SR311C7300,117.0,0.0,0.0,0.0,10,117.0,119.0,57,118.5,122.0,125.5,117.0,92.0,11132.0,1023
2023-05-09 21:58:02,SR311C7300,SR311C7300,117.0,0.0,0.0,0.0,30,117.0,119.0,67,118.5,122.0,125.5,117.0,92.0,11132.0,1023
2023-05-09 21:58:02,SR311C7300,SR311C7300,117.0,0.0,0.0,0.0,30,117.0,119.0,57,118.5,122.0,125.5,117.0,92.0,11132.0,1023
2023-05-09 21:58:04,SR311C7300,SR311C7300,117.0,0.0,0.0,0.0,20,117.0,119.0,67,118.5,122.0,125.5,117.0,92.0,11132.0,1023
2023-05-09 21:58:05,SR311C7300,SR311C7300,117.0,0.0,0.0,0.0,30,117.0,119.0,57,118.5,122.0,125.5,117.0,92.0,11132.0,1023
2023-05-09 21:58:06,SR311C7300,SR311C7300,117.0,0.0,0.0,0.0,20,117.0,119.0,57,118.5,122.0,125.5,117.0,92.0,11132.0,1023
2023-05-09 21:58:07,SR311C7300,SR311C7300,117.0,0.0,0.0,0.0,30,117.0,119.0,57,118.5,122.0,125.5,117.0,92.0,11132.0,1023
2023-05-09 21:58:08,SR311C7300,SR311C7300,117.0,0.0,0.0,0.0,37,117.0,119.0,57,118.5,122.0,125.5,117.0,92.0,11132.0,1023
2023-05-09 21:58:08,SR311C7300,SR311C7300,117.0,0.0,0.0,0.0,27,117.0,119.0,57,118.5,122.0,125.5,117.0,92.0,11132.0,1023
2023-05-09 21:58:09,SR311C7300,SR311C7300,117.0,0.0,0.0,0.0,37,117.0,119.0,57,118.5,122.0,125.5,117.0,92.0,11132.0,1023
2023-05-09 21:58:10,SR311C7300,SR311C7300,117.0,0.0,0.0,0.0,27,117.0,119.0,57,118.5,122.0,125.5,117.0,92.0,11132.0,1023
2023-05-09 21:58:12,SR311C7300,SR311C7300,117.0,0.0,0.0,0.0,37,117.0,119.0,57,118.5,122.0,125.5,117.0,92.0,11132.0,1023
2023-05-09 21:58:12,SR311C7300,SR311C7300,117.0,0.0,0.0,0.0,27,117.0,119.0,57,118.5,122.0,125.5,117.0,92.0,11132.0,1023
2023-05-09 21:58:13,SR311C7300,SR311C7300,117.0,0.0,0.0,0.0,37,117.0,119.0,57,118.5,122.0,125.5,117.0,92.0,11132.0,1023
2023-05-09 21:58:14,SR311C7300,SR311C7300,117.0,0.0,0.0,0.0,27,117.0,119.0,47,118.5,122.0,125.5,117.0,92.0,11132.0,1023
2023-05-09 21:58:15,SR311C7300,SR311C7300,117.0,0.0,0.0,0.0,37,117.0,119.0,57,118.5,122.0,125.5,117.0,92.0,11132.0,1023
2023-05-09 21:58:17,SR311C7300,SR311C7300,117.0,0.0,0.0,0.0,27,117.0,119.0,57,118.5,122.0,125.5,117.0,92.0,11132.0,1023
2023-05-09 21:58:27,SR311C7300,SR311C7300,117.0,0.0,0.0,0.0,27,117.0,119.0,47,118.5,122.0,125.5,117.0,92.0,11132.0,1023
2023-05-09 21:58:34,SR311C7300,SR311C7300,117.0,0.0,0.0,0.0,27,117.0,119.0,27,118.5,122.0,125.5,117.0,92.0,11132.0,1023
2023-05-09 21:58:35,SR311C7300,SR311C7300,117.0,0.0,0.0,0.0,37,117.0,119.5,77,118.5,122.0,125.5,117.0,92.0,11132.0,1023
2023-05-09 21:58:36,SR311C7300,SR311C7300,117.0,0.0,0.0,0.0,27,117.0,119.5,57,118.5,122.0,125.5,117.0,92.0,11132.0,1023
2023-05-09 21:58:37,SR311C7300,SR311C7300,117.0,0.0,0.0,0.0,37,117.0,119.5,67,118.5,122.0,125.5,117.0,92.0,11132.0,1023
2023-05-09 21:58:39,SR311C7300,SR311C7300,117.0,0.0,0.0,0.0,37,117.0,119.5,57,118.5,122.0,125.5,117.0,92.0,11132.0,1023
2023-05-09 21:58:49,SR311C7300,SR311C7300,117.0,0.0,0.0,0.0,27,117.0,119.0,20,118.5,122.0,125.5,117.0,92.0,11132.0,1023
2023-05-09 21:58:51,SR311C7300,SR311C7300,117.0,0.0,0.0,0.0,37,117.0,119.0,30,118.5,122.0,125.5,117.0,92.0,11132.0,1023
2023-05-09 21:58:52,SR311C7300,SR311C7300,117.0,0.0,0.0,0.0,27,117.0,119.0,30,118.5,122.0,125.5,117.0,92.0,11132.0,1023
2023-05-09 21:58:53,SR311C7300,SR311C7300,117.0,0.0,0.0,0.0,37,117.0,119.0,30,118.5,122.0,125.5,117.0,92.0,11132.0,1023
2023-05-09 21:58:54,SR311C7300,SR311C7300,117.0,0.0,0.0,0.0,27,117.0,119.0,30,118.5,122.0,125.5,117.0,92.0,11132.0,1023
2023-05-09 21:58:56,SR311C7300,SR311C7300,117.0,0.0,0.0,0.0,27,117.0,119.0,40,118.5,122.0,125.5,117.0,92.0,11132.0,1023
2023-05-09 21:58:56,SR311C7300,SR311C7300,117.0,0.0,0.0,0.0,37,117.0,119.0,40,118.5,122.0,125.5,117.0,92.0,11132.0,1023
