time,symbol_id,symbol_name,last,trade_volume,trade_amount,open_interest_change,bv1,bp1,ap1,av1,yesterday_close,today_open,today_high,today_low,volume,amount,open_interest
2023-05-09 19:10:58,SR311P6900,SR311P6900,326.0,0.0,0.0,-11.0,0,0.0,0.0,0,326.0,320.0,0.0,0.0,0.0,0.0,306
2023-05-09 20:59:00,SR311P6900,SR311P6900,326.0,0.0,0.0,0.0,10,65.0,0.0,0,326.0,320.0,0.0,0.0,0.0,0.0,306
2023-05-09 21:00:01,SR311P6900,SR311P6900,326.0,0.0,0.0,0.0,2,183.0,455.5,2,326.0,320.0,0.0,0.0,0.0,0.0,306
2023-05-09 21:00:12,SR311P6900,SR311P6900,326.0,0.0,0.0,0.0,10,186.5,452.0,10,326.0,320.0,0.0,0.0,0.0,0.0,306
2023-05-09 21:00:12,SR311P6900,SR311P6900,326.0,0.0,0.0,0.0,10,189.5,449.0,10,326.0,320.0,0.0,0.0,0.0,0.0,306
2023-05-09 21:00:13,SR311P6900,SR311P6900,326.0,0.0,0.0,0.0,2,224.5,414.0,2,326.0,320.0,0.0,0.0,0.0,0.0,306
2023-05-09 21:00:13,SR311P6900,SR311P6900,326.0,0.0,0.0,0.0,10,228.0,410.5,10,326.0,320.0,0.0,0.0,0.0,0.0,306
2023-05-09 21:00:14,SR311P6900,SR311P6900,326.0,0.0,0.0,0.0,10,231.0,407.5,10,326.0,320.0,0.0,0.0,0.0,0.0,306
2023-05-09 21:00:14,SR311P6900,SR311P6900,326.0,0.0,0.0,0.0,10,268.5,370.0,10,326.0,320.0,0.0,0.0,0.0,0.0,306
2023-05-09 21:00:15,SR311P6900,SR311P6900,326.0,0.0,0.0,0.0,2,303.0,335.5,2,326.0,320.0,0.0,0.0,0.0,0.0,306
2023-05-09 21:01:07,SR311P6900,SR311P6900,326.0,0.0,0.0,0.0,12,303.0,335.5,2,326.0,320.0,0.0,0.0,0.0,0.0,306
2023-05-09 21:01:08,SR311P6900,SR311P6900,326.0,0.0,0.0,0.0,2,303.0,335.5,2,326.0,320.0,0.0,0.0,0.0,0.0,306
2023-05-09 21:01:09,SR311P6900,SR311P6900,326.0,0.0,0.0,0.0,5,321.0,328.5,5,326.0,320.0,0.0,0.0,0.0,0.0,306
2023-05-09 21:01:28,SR311P6900,SR311P6900,326.0,0.0,0.0,0.0,5,323.0,328.5,5,326.0,320.0,0.0,0.0,0.0,0.0,306
2023-05-09 21:02:35,SR311P6900,SR311P6900,326.0,0.0,0.0,0.0,5,324.5,330.5,10,326.0,320.0,0.0,0.0,0.0,0.0,306
2023-05-09 21:02:35,SR311P6900,SR311P6900,326.0,0.0,0.0,0.0,5,324.5,331.5,15,326.0,320.0,0.0,0.0,0.0,0.0,306
2023-05-09 21:02:36,SR311P6900,SR311P6900,326.0,0.0,0.0,0.0,5,324.5,331.5,5,326.0,320.0,0.0,0.0,0.0,0.0,306
2023-05-09 21:02:47,SR311P6900,SR311P6900,326.0,0.0,0.0,0.0,5,324.5,330.0,5,326.0,320.0,0.0,0.0,0.0,0.0,306
2023-05-09 21:02:58,SR311P6900,SR311P6900,326.0,0.0,0.0,0.0,5,324.5,330.0,15,326.0,320.0,0.0,0.0,0.0,0.0,306
2023-05-09 21:03:08,SR311P6900,SR311P6900,326.0,0.0,0.0,0.0,5,324.5,330.0,5,326.0,320.0,0.0,0.0,0.0,0.0,306
2023-05-09 21:03:30,SR311P6900,SR311P6900,326.0,0.0,0.0,0.0,5,324.5,330.0,15,326.0,320.0,0.0,0.0,0.0,0.0,306
2023-05-09 21:03:30,SR311P6900,SR311P6900,326.0,0.0,0.0,0.0,5,324.5,330.0,25,326.0,320.0,0.0,0.0,0.0,0.0,306
2023-05-09 21:03:35,SR311P6900,SR311P6900,326.0,0.0,0.0,0.0,15,323.0,329.5,5,326.0,320.0,0.0,0.0,0.0,0.0,306
2023-05-09 21:03:36,SR311P6900,SR311P6900,326.0,0.0,0.0,0.0,5,323.0,329.5,15,326.0,320.0,0.0,0.0,0.0,0.0,306
2023-05-09 21:03:36,SR311P6900,SR311P6900,326.0,0.0,0.0,0.0,5,323.0,329.5,25,326.0,320.0,0.0,0.0,0.0,0.0,306
2023-05-09 21:04:03,SR311P6900,SR311P6900,326.0,0.0,0.0,0.0,5,323.0,329.5,35,326.0,320.0,0.0,0.0,0.0,0.0,306
2023-05-09 21:04:09,SR311P6900,SR311P6900,326.0,0.0,0.0,0.0,5,323.0,328.5,10,326.0,320.0,0.0,0.0,0.0,0.0,306
2023-05-09 21:04:18,SR311P6900,SR311P6900,326.0,0.0,0.0,0.0,5,323.0,328.0,10,326.0,320.0,0.0,0.0,0.0,0.0,306
2023-05-09 21:04:18,SR311P6900,SR311P6900,326.0,0.0,0.0,0.0,5,323.0,328.0,25,326.0,320.0,0.0,0.0,0.0,0.0,306
2023-05-09 21:04:22,SR311P6900,SR311P6900,326.0,0.0,0.0,0.0,5,323.0,328.0,5,326.0,320.0,0.0,0.0,0.0,0.0,306
2023-05-09 21:04:22,SR311P6900,SR311P6900,326.0,0.0,0.0,0.0,5,323.0,328.0,25,326.0,320.0,0.0,0.0,0.0,0.0,306
2023-05-09 21:04:26,SR311P6900,SR311P6900,326.0,0.0,0.0,0.0,5,323.0,328.0,15,326.0,320.0,0.0,0.0,0.0,0.0,306
2023-05-09 21:04:26,SR311P6900,SR311P6900,326.0,0.0,0.0,0.0,5,323.0,328.0,5,326.0,320.0,0.0,0.0,0.0,0.0,306
2023-05-09 21:04:28,SR311P6900,SR311P6900,326.0,0.0,0.0,0.0,5,323.0,328.0,15,326.0,320.0,0.0,0.0,0.0,0.0,306
2023-05-09 21:04:32,SR311P6900,SR311P6900,326.0,0.0,0.0,0.0,5,323.0,329.5,5,326.0,320.0,0.0,0.0,0.0,0.0,306
2023-05-09 21:04:36,SR311P6900,SR311P6900,326.0,0.0,0.0,0.0,5,324.5,329.5,5,326.0,320.0,0.0,0.0,0.0,0.0,306
2023-05-09 21:04:37,SR311P6900,SR311P6900,326.0,0.0,0.0,0.0,5,324.5,329.5,25,326.0,320.0,0.0,0.0,0.0,0.0,306
2023-05-09 21:04:52,SR311P6900,SR311P6900,326.0,0.0,0.0,0.0,5,324.5,329.5,35,326.0,320.0,0.0,0.0,0.0,0.0,306
2023-05-09 21:04:55,SR311P6900,SR311P6900,326.0,0.0,0.0,0.0,5,324.5,327.5,10,326.0,320.0,0.0,0.0,0.0,0.0,306
2023-05-09 21:04:56,SR311P6900,SR311P6900,326.0,0.0,0.0,0.0,5,324.5,327.5,20,326.0,320.0,0.0,0.0,0.0,0.0,306
2023-05-09 21:04:59,SR311P6900,SR311P6900,326.0,0.0,0.0,0.0,5,324.5,327.0,20,326.0,320.0,0.0,0.0,0.0,0.0,306
2023-05-09 21:04:59,SR311P6900,SR311P6900,326.0,0.0,0.0,0.0,5,323.0,327.0,10,326.0,320.0,0.0,0.0,0.0,0.0,306
2023-05-09 21:05:00,SR311P6900,SR311P6900,326.0,0.0,0.0,0.0,5,323.0,327.0,20,326.0,320.0,0.0,0.0,0.0,0.0,306
2023-05-09 21:05:01,SR311P6900,SR311P6900,326.0,0.0,0.0,0.0,5,323.0,327.0,30,326.0,320.0,0.0,0.0,0.0,0.0,306
2023-05-09 21:05:04,SR311P6900,SR311P6900,326.0,0.0,0.0,0.0,5,323.0,327.0,20,326.0,320.0,0.0,0.0,0.0,0.0,306
2023-05-09 21:05:08,SR311P6900,SR311P6900,326.0,0.0,0.0,0.0,5,323.0,327.0,30,326.0,320.0,0.0,0.0,0.0,0.0,306
2023-05-09 21:05:10,SR311P6900,SR311P6900,326.0,0.0,0.0,0.0,5,323.0,327.0,20,326.0,320.0,0.0,0.0,0.0,0.0,306
2023-05-09 21:05:15,SR311P6900,SR311P6900,326.0,0.0,0.0,0.0,5,323.0,326.5,10,326.0,320.0,0.0,0.0,0.0,0.0,306
2023-05-09 21:05:16,SR311P6900,SR311P6900,326.0,0.0,0.0,0.0,5,323.0,326.5,20,326.0,320.0,0.0,0.0,0.0,0.0,306
2023-05-09 21:05:21,SR311P6900,SR311P6900,326.0,0.0,0.0,0.0,5,323.0,326.5,40,326.0,320.0,0.0,0.0,0.0,0.0,306
2023-05-09 21:05:21,SR311P6900,SR311P6900,326.0,0.0,0.0,0.0,5,323.0,326.0,20,326.0,320.0,0.0,0.0,0.0,0.0,306
2023-05-09 21:05:22,SR311P6900,SR311P6900,326.0,0.0,0.0,0.0,5,323.0,325.0,10,326.0,320.0,0.0,0.0,0.0,0.0,306
2023-05-09 21:05:23,SR311P6900,SR311P6900,326.0,0.0,0.0,0.0,5,323.0,324.5,10,326.0,320.0,0.0,0.0,0.0,0.0,306
2023-05-09 21:05:24,SR311P6900,SR311P6900,326.0,0.0,0.0,0.0,5,323.0,325.0,20,326.0,320.0,0.0,0.0,0.0,0.0,306
2023-05-09 21:05:25,SR311P6900,SR311P6900,326.0,0.0,0.0,0.0,5,323.0,325.5,40,326.0,320.0,0.0,0.0,0.0,0.0,306
2023-05-09 21:05:25,SR311P6900,SR311P6900,326.0,0.0,0.0,0.0,5,323.0,325.5,30,326.0,320.0,0.0,0.0,0.0,0.0,306
2023-05-09 21:05:30,SR311P6900,SR311P6900,326.0,0.0,0.0,0.0,5,323.0,325.5,10,326.0,320.0,0.0,0.0,0.0,0.0,306
2023-05-09 21:05:31,SR311P6900,SR311P6900,326.0,0.0,0.0,0.0,5,323.0,325.5,20,326.0,320.0,0.0,0.0,0.0,0.0,306
2023-05-09 21:05:33,SR311P6900,SR311P6900,326.0,0.0,0.0,0.0,5,323.0,325.5,30,326.0,320.0,0.0,0.0,0.0,0.0,306
2023-05-09 21:05:35,SR311P6900,SR311P6900,326.0,0.0,0.0,0.0,5,323.0,325.5,20,326.0,320.0,0.0,0.0,0.0,0.0,306
2023-05-09 21:05:38,SR311P6900,SR311P6900,326.0,0.0,0.0,0.0,30,321.0,325.5,20,326.0,320.0,0.0,0.0,0.0,0.0,306
2023-05-09 21:05:38,SR311P6900,SR311P6900,326.0,0.0,0.0,0.0,20,321.0,325.5,30,326.0,320.0,0.0,0.0,0.0,0.0,306
2023-05-09 21:05:43,SR311P6900,SR311P6900,326.0,0.0,0.0,0.0,5,321.5,325.5,30,326.0,320.0,0.0,0.0,0.0,0.0,306
2023-05-09 21:05:44,SR311P6900,SR311P6900,326.0,0.0,0.0,0.0,15,321.5,325.5,10,326.0,320.0,0.0,0.0,0.0,0.0,306
2023-05-09 21:05:44,SR311P6900,SR311P6900,326.0,0.0,0.0,0.0,25,321.5,326.0,20,326.0,320.0,0.0,0.0,0.0,0.0,306
2023-05-09 21:05:48,SR311P6900,SR311P6900,326.0,0.0,0.0,0.0,25,321.5,326.0,10,326.0,320.0,0.0,0.0,0.0,0.0,306
2023-05-09 21:05:48,SR311P6900,SR311P6900,326.0,0.0,0.0,0.0,25,321.5,326.5,30,326.0,320.0,0.0,0.0,0.0,0.0,306
2023-05-09 21:06:10,SR311P6900,SR311P6900,326.0,0.0,0.0,0.0,10,322.0,326.5,20,326.0,320.0,0.0,0.0,0.0,0.0,306
2023-05-09 21:06:16,SR311P6900,SR311P6900,326.0,0.0,0.0,0.0,20,322.5,327.0,30,326.0,320.0,0.0,0.0,0.0,0.0,306
2023-05-09 21:06:19,SR311P6900,SR311P6900,326.0,0.0,0.0,0.0,20,322.5,327.0,20,326.0,320.0,0.0,0.0,0.0,0.0,306
2023-05-09 21:06:20,SR311P6900,SR311P6900,326.0,0.0,0.0,0.0,5,323.0,327.0,20,326.0,320.0,0.0,0.0,0.0,0.0,306
2023-05-09 21:06:21,SR311P6900,SR311P6900,326.0,0.0,0.0,0.0,10,323.5,327.0,10,326.0,320.0,0.0,0.0,0.0,0.0,306
2023-05-09 21:06:21,SR311P6900,SR311P6900,326.0,0.0,0.0,0.0,20,323.5,327.5,20,326.0,320.0,0.0,0.0,0.0,0.0,306
2023-05-09 21:06:22,SR311P6900,SR311P6900,326.0,0.0,0.0,0.0,20,323.5,327.5,10,326.0,320.0,0.0,0.0,0.0,0.0,306
2023-05-09 21:06:22,SR311P6900,SR311P6900,326.0,0.0,0.0,0.0,20,323.5,328.0,35,326.0,320.0,0.0,0.0,0.0,0.0,306
2023-05-09 21:06:24,SR311P6900,SR311P6900,326.0,0.0,0.0,0.0,20,323.5,327.5,10,326.0,320.0,0.0,0.0,0.0,0.0,306
2023-05-09 21:06:28,SR311P6900,SR311P6900,326.0,0.0,0.0,0.0,20,323.5,328.0,35,326.0,320.0,0.0,0.0,0.0,0.0,306
2023-05-09 21:06:33,SR311P6900,SR311P6900,326.0,0.0,0.0,0.0,20,324.0,328.0,25,326.0,320.0,0.0,0.0,0.0,0.0,306
2023-05-09 21:06:33,SR311P6900,SR311P6900,326.0,0.0,0.0,0.0,20,324.0,328.0,5,326.0,320.0,0.0,0.0,0.0,0.0,306
2023-05-09 21:06:54,SR311P6900,SR311P6900,326.0,0.0,0.0,0.0,30,323.5,328.0,5,326.0,320.0,0.0,0.0,0.0,0.0,306
2023-05-09 21:07:01,SR311P6900,SR311P6900,326.0,0.0,0.0,0.0,5,324.5,328.5,20,326.0,320.0,0.0,0.0,0.0,0.0,306
2023-05-09 21:07:01,SR311P6900,SR311P6900,326.0,0.0,0.0,0.0,15,324.5,328.5,10,326.0,320.0,0.0,0.0,0.0,0.0,306
2023-05-09 21:07:01,SR311P6900,SR311P6900,326.0,0.0,0.0,0.0,25,324.5,329.0,50,326.0,320.0,0.0,0.0,0.0,0.0,306
2023-05-09 21:07:02,SR311P6900,SR311P6900,326.0,0.0,0.0,0.0,25,324.5,329.0,40,326.0,320.0,0.0,0.0,0.0,0.0,306
2023-05-09 21:07:05,SR311P6900,SR311P6900,326.0,0.0,0.0,0.0,35,324.5,329.0,30,326.0,320.0,0.0,0.0,0.0,0.0,306
2023-05-09 21:07:05,SR311P6900,SR311P6900,326.0,0.0,0.0,0.0,35,324.5,329.0,20,326.0,320.0,0.0,0.0,0.0,0.0,306
2023-05-09 21:07:06,SR311P6900,SR311P6900,326.0,0.0,0.0,0.0,15,324.5,328.5,10,326.0,320.0,0.0,0.0,0.0,0.0,306
2023-05-09 21:07:06,SR311P6900,SR311P6900,326.0,0.0,0.0,0.0,5,324.5,328.5,10,326.0,320.0,0.0,0.0,0.0,0.0,306
2023-05-09 21:07:07,SR311P6900,SR311P6900,326.0,0.0,0.0,0.0,5,324.5,328.5,20,326.0,320.0,0.0,0.0,0.0,0.0,306
2023-05-09 21:07:09,SR311P6900,SR311P6900,326.0,0.0,0.0,0.0,5,324.5,328.5,30,326.0,320.0,0.0,0.0,0.0,0.0,306
2023-05-09 21:07:10,SR311P6900,SR311P6900,326.0,0.0,0.0,0.0,5,324.5,328.5,20,326.0,320.0,0.0,0.0,0.0,0.0,306
2023-05-09 21:07:11,SR311P6900,SR311P6900,326.0,0.0,0.0,0.0,25,324.5,329.0,40,326.0,320.0,0.0,0.0,0.0,0.0,306
2023-05-09 21:07:14,SR311P6900,SR311P6900,326.0,0.0,0.0,0.0,25,324.5,329.0,30,326.0,320.0,0.0,0.0,0.0,0.0,306
2023-05-09 21:07:17,SR311P6900,SR311P6900,326.0,0.0,0.0,0.0,25,324.5,329.0,20,326.0,320.0,0.0,0.0,0.0,0.0,306
2023-05-09 21:07:19,SR311P6900,SR311P6900,326.0,0.0,0.0,0.0,20,325.5,329.5,5,326.0,320.0,0.0,0.0,0.0,0.0,306
2023-05-09 21:07:23,SR311P6900,SR311P6900,326.0,0.0,0.0,0.0,25,325.5,330.0,30,326.0,320.0,0.0,0.0,0.0,0.0,306
2023-05-09 21:07:24,SR311P6900,SR311P6900,326.0,0.0,0.0,0.0,20,326.5,330.5,20,326.0,320.0,0.0,0.0,0.0,0.0,306
2023-05-09 21:07:24,SR311P6900,SR311P6900,326.0,0.0,0.0,0.0,10,326.5,331.0,30,326.0,320.0,0.0,0.0,0.0,0.0,306
2023-05-09 21:07:25,SR311P6900,SR311P6900,326.0,0.0,0.0,0.0,20,326.5,330.5,20,326.0,320.0,0.0,0.0,0.0,0.0,306
2023-05-09 21:07:26,SR311P6900,SR311P6900,326.0,0.0,0.0,0.0,10,326.5,330.5,30,326.0,320.0,0.0,0.0,0.0,0.0,306
2023-05-09 21:07:26,SR311P6900,SR311P6900,326.0,0.0,0.0,0.0,35,325.5,330.5,30,326.0,320.0,0.0,0.0,0.0,0.0,306
2023-05-09 21:07:27,SR311P6900,SR311P6900,326.0,0.0,0.0,0.0,20,326.5,330.5,20,326.0,320.0,0.0,0.0,0.0,0.0,306
2023-05-09 21:07:30,SR311P6900,SR311P6900,326.0,0.0,0.0,0.0,20,326.5,330.5,10,326.0,320.0,0.0,0.0,0.0,0.0,306
2023-05-09 21:07:30,SR311P6900,SR311P6900,326.0,0.0,0.0,0.0,20,326.5,331.0,30,326.0,320.0,0.0,0.0,0.0,0.0,306
2023-05-09 21:07:31,SR311P6900,SR311P6900,326.0,0.0,0.0,0.0,5,327.0,331.0,30,326.0,320.0,0.0,0.0,0.0,0.0,306
2023-05-09 21:07:31,SR311P6900,SR311P6900,326.0,0.0,0.0,0.0,25,327.0,331.5,25,326.0,320.0,0.0,0.0,0.0,0.0,306
2023-05-09 21:07:32,SR311P6900,SR311P6900,326.0,0.0,0.0,0.0,5,327.0,331.0,10,326.0,320.0,0.0,0.0,0.0,0.0,306
2023-05-09 21:07:32,SR311P6900,SR311P6900,326.0,0.0,0.0,0.0,5,327.0,331.0,20,326.0,320.0,0.0,0.0,0.0,0.0,306
2023-05-09 21:07:34,SR311P6900,SR311P6900,326.0,0.0,0.0,0.0,5,327.0,330.5,20,326.0,320.0,0.0,0.0,0.0,0.0,306
2023-05-09 21:07:38,SR311P6900,SR311P6900,326.0,0.0,0.0,0.0,5,327.0,330.0,20,326.0,320.0,0.0,0.0,0.0,0.0,306
2023-05-09 21:07:39,SR311P6900,SR311P6900,326.0,0.0,0.0,0.0,5,325.5,330.0,40,326.0,320.0,0.0,0.0,0.0,0.0,306
2023-05-09 21:07:39,SR311P6900,SR311P6900,326.0,0.0,0.0,0.0,5,325.5,330.0,30,326.0,320.0,0.0,0.0,0.0,0.0,306
2023-05-09 21:07:41,SR311P6900,SR311P6900,326.0,0.0,0.0,0.0,5,325.5,330.0,40,326.0,320.0,0.0,0.0,0.0,0.0,306
2023-05-09 21:07:47,SR311P6900,SR311P6900,326.0,0.0,0.0,0.0,5,325.5,329.0,30,326.0,320.0,0.0,0.0,0.0,0.0,306
2023-05-09 21:07:52,SR311P6900,SR311P6900,326.0,0.0,0.0,0.0,5,325.5,329.0,35,326.0,320.0,0.0,0.0,0.0,0.0,306
2023-05-09 21:07:52,SR311P6900,SR311P6900,326.0,0.0,0.0,0.0,40,323.5,328.5,20,326.0,320.0,0.0,0.0,0.0,0.0,306
2023-05-09 21:07:53,SR311P6900,SR311P6900,326.0,0.0,0.0,0.0,10,323.0,327.5,10,326.0,320.0,0.0,0.0,0.0,0.0,306
2023-05-09 21:07:54,SR311P6900,SR311P6900,326.0,0.0,0.0,0.0,10,323.0,327.5,20,326.0,320.0,0.0,0.0,0.0,0.0,306
2023-05-09 21:07:55,SR311P6900,SR311P6900,326.0,0.0,0.0,0.0,20,323.0,327.5,30,326.0,320.0,0.0,0.0,0.0,0.0,306
2023-05-09 21:08:00,SR311P6900,SR311P6900,326.0,0.0,0.0,0.0,25,322.5,327.0,20,326.0,320.0,0.0,0.0,0.0,0.0,306
2023-05-09 21:08:01,SR311P6900,SR311P6900,326.0,0.0,0.0,0.0,15,322.5,326.5,10,326.0,320.0,0.0,0.0,0.0,0.0,306
2023-05-09 21:08:01,SR311P6900,SR311P6900,326.0,0.0,0.0,0.0,5,322.5,326.5,10,326.0,320.0,0.0,0.0,0.0,0.0,306
2023-05-09 21:08:02,SR311P6900,SR311P6900,326.0,0.0,0.0,0.0,5,322.5,325.5,10,326.0,320.0,0.0,0.0,0.0,0.0,306
2023-05-09 21:08:02,SR311P6900,SR311P6900,326.0,0.0,0.0,0.0,5,322.5,325.5,20,326.0,320.0,0.0,0.0,0.0,0.0,306
2023-05-09 21:08:03,SR311P6900,SR311P6900,326.0,0.0,0.0,0.0,5,322.5,326.5,20,326.0,320.0,0.0,0.0,0.0,0.0,306
2023-05-09 21:08:28,SR311P6900,SR311P6900,326.0,0.0,0.0,0.0,5,322.5,326.0,10,326.0,320.0,0.0,0.0,0.0,0.0,306
2023-05-09 21:08:28,SR311P6900,SR311P6900,326.0,0.0,0.0,0.0,5,322.5,326.0,20,326.0,320.0,0.0,0.0,0.0,0.0,306
2023-05-09 21:08:48,SR311P6900,SR311P6900,326.0,0.0,0.0,0.0,5,322.5,325.5,10,326.0,320.0,0.0,0.0,0.0,0.0,306
2023-05-09 21:08:53,SR311P6900,SR311P6900,326.0,0.0,0.0,0.0,5,322.5,325.5,20,326.0,320.0,0.0,0.0,0.0,0.0,306
2023-05-09 21:09:08,SR311P6900,SR311P6900,326.0,0.0,0.0,0.0,5,322.5,326.0,10,326.0,320.0,0.0,0.0,0.0,0.0,306
2023-05-09 21:09:09,SR311P6900,SR311P6900,326.0,0.0,0.0,0.0,15,322.5,326.0,10,326.0,320.0,0.0,0.0,0.0,0.0,306
2023-05-09 21:09:10,SR311P6900,SR311P6900,326.0,0.0,0.0,0.0,15,322.5,327.0,40,326.0,320.0,0.0,0.0,0.0,0.0,306
2023-05-09 21:09:15,SR311P6900,SR311P6900,326.0,0.0,0.0,0.0,5,322.5,327.0,40,326.0,320.0,0.0,0.0,0.0,0.0,306
2023-05-09 21:09:19,SR311P6900,SR311P6900,326.0,0.0,0.0,0.0,5,322.5,326.0,10,326.0,320.0,0.0,0.0,0.0,0.0,306
2023-05-09 21:09:31,SR311P6900,SR311P6900,326.0,0.0,0.0,0.0,5,322.5,326.5,10,326.0,320.0,0.0,0.0,0.0,0.0,306
2023-05-09 21:09:32,SR311P6900,SR311P6900,326.0,0.0,0.0,0.0,5,322.5,327.0,30,326.0,320.0,0.0,0.0,0.0,0.0,306
2023-05-09 21:09:33,SR311P6900,SR311P6900,326.0,0.0,0.0,0.0,20,323.0,327.0,10,326.0,320.0,0.0,0.0,0.0,0.0,306
2023-05-09 21:09:35,SR311P6900,SR311P6900,326.0,0.0,0.0,0.0,25,322.5,327.0,30,326.0,320.0,0.0,0.0,0.0,0.0,306
2023-05-09 21:09:54,SR311P6900,SR311P6900,326.0,0.0,0.0,0.0,35,322.5,327.0,30,326.0,320.0,0.0,0.0,0.0,0.0,306
2023-05-09 21:10:03,SR311P6900,SR311P6900,326.0,0.0,0.0,0.0,10,323.5,327.0,10,326.0,320.0,0.0,0.0,0.0,0.0,306
2023-05-09 21:10:03,SR311P6900,SR311P6900,326.0,0.0,0.0,0.0,20,323.5,327.5,5,326.0,320.0,0.0,0.0,0.0,0.0,306
2023-05-09 21:10:04,SR311P6900,SR311P6900,326.0,0.0,0.0,0.0,5,324.0,327.5,5,326.0,320.0,0.0,0.0,0.0,0.0,306
2023-05-09 21:10:07,SR311P6900,SR311P6900,326.0,0.0,0.0,0.0,5,324.0,327.0,10,326.0,320.0,0.0,0.0,0.0,0.0,306
2023-05-09 21:10:11,SR311P6900,SR311P6900,326.0,0.0,0.0,0.0,5,324.0,327.5,25,326.0,320.0,0.0,0.0,0.0,0.0,306
2023-05-09 21:10:13,SR311P6900,SR311P6900,326.0,0.0,0.0,0.0,5,324.0,327.5,15,326.0,320.0,0.0,0.0,0.0,0.0,306
2023-05-09 21:10:14,SR311P6900,SR311P6900,326.0,0.0,0.0,0.0,5,324.0,327.5,5,326.0,320.0,0.0,0.0,0.0,0.0,306
2023-05-09 21:10:16,SR311P6900,SR311P6900,326.0,0.0,0.0,0.0,5,324.0,328.0,30,326.0,320.0,0.0,0.0,0.0,0.0,306
2023-05-09 21:10:16,SR311P6900,SR311P6900,326.0,0.0,0.0,0.0,5,324.0,328.0,20,326.0,320.0,0.0,0.0,0.0,0.0,306
2023-05-09 21:10:56,SR311P6900,SR311P6900,326.0,0.0,0.0,0.0,5,324.0,328.5,40,326.0,320.0,0.0,0.0,0.0,0.0,306
2023-05-09 21:10:56,SR311P6900,SR311P6900,326.0,0.0,0.0,0.0,5,324.0,328.0,10,326.0,320.0,0.0,0.0,0.0,0.0,306
2023-05-09 21:10:57,SR311P6900,SR311P6900,326.0,0.0,0.0,0.0,5,324.0,327.0,10,326.0,320.0,0.0,0.0,0.0,0.0,306
2023-05-09 21:10:59,SR311P6900,SR311P6900,326.0,0.0,0.0,0.0,5,324.0,326.5,20,326.0,320.0,0.0,0.0,0.0,0.0,306
2023-05-09 21:11:01,SR311P6900,SR311P6900,326.0,0.0,0.0,0.0,5,324.0,326.5,10,326.0,320.0,0.0,0.0,0.0,0.0,306
2023-05-09 21:11:01,SR311P6900,SR311P6900,326.0,0.0,0.0,0.0,5,324.0,327.0,20,326.0,320.0,0.0,0.0,0.0,0.0,306
2023-05-09 21:11:02,SR311P6900,SR311P6900,326.0,0.0,0.0,0.0,5,324.0,327.5,30,326.0,320.0,0.0,0.0,0.0,0.0,306
2023-05-09 21:11:05,SR311P6900,SR311P6900,326.0,0.0,0.0,0.0,5,324.0,327.0,10,326.0,320.0,0.0,0.0,0.0,0.0,306
2023-05-09 21:11:05,SR311P6900,SR311P6900,326.0,0.0,0.0,0.0,5,324.0,327.0,20,326.0,320.0,0.0,0.0,0.0,0.0,306
2023-05-09 21:11:31,SR311P6900,SR311P6900,326.0,0.0,0.0,0.0,5,324.0,327.5,10,326.0,320.0,0.0,0.0,0.0,0.0,306
2023-05-09 21:11:31,SR311P6900,SR311P6900,326.0,0.0,0.0,0.0,5,324.0,328.0,30,326.0,320.0,0.0,0.0,0.0,0.0,306
2023-05-09 21:11:38,SR311P6900,SR311P6900,326.0,0.0,0.0,0.0,5,324.0,328.0,20,326.0,320.0,0.0,0.0,0.0,0.0,306
2023-05-09 21:11:48,SR311P6900,SR311P6900,326.0,0.0,0.0,0.0,5,324.0,327.0,10,326.0,320.0,0.0,0.0,0.0,0.0,306
2023-05-09 21:11:48,SR311P6900,SR311P6900,326.0,0.0,0.0,0.0,5,324.0,327.0,20,326.0,320.0,0.0,0.0,0.0,0.0,306
2023-05-09 21:11:49,SR311P6900,SR311P6900,326.0,0.0,0.0,0.0,5,324.0,327.0,10,326.0,320.0,0.0,0.0,0.0,0.0,306
2023-05-09 21:11:50,SR311P6900,SR311P6900,326.0,0.0,0.0,0.0,5,324.0,327.0,20,326.0,320.0,0.0,0.0,0.0,0.0,306
2023-05-09 21:12:02,SR311P6900,SR311P6900,326.0,0.0,0.0,0.0,10,323.0,325.0,10,326.0,320.0,0.0,0.0,0.0,0.0,306
2023-05-09 21:12:03,SR311P6900,SR311P6900,326.0,0.0,0.0,0.0,5,322.5,325.0,10,326.0,320.0,0.0,0.0,0.0,0.0,306
2023-05-09 21:12:04,SR311P6900,SR311P6900,326.0,0.0,0.0,0.0,5,322.5,326.0,10,326.0,320.0,0.0,0.0,0.0,0.0,306
2023-05-09 21:12:04,SR311P6900,SR311P6900,326.0,0.0,0.0,0.0,5,322.5,326.5,30,326.0,320.0,0.0,0.0,0.0,0.0,306
2023-05-09 21:12:05,SR311P6900,SR311P6900,326.0,0.0,0.0,0.0,5,322.5,326.5,20,326.0,320.0,0.0,0.0,0.0,0.0,306
2023-05-09 21:12:06,SR311P6900,SR311P6900,326.0,0.0,0.0,0.0,5,322.5,326.5,30,326.0,320.0,0.0,0.0,0.0,0.0,306
2023-05-09 21:12:11,SR311P6900,SR311P6900,326.0,0.0,0.0,0.0,5,322.5,326.0,10,326.0,320.0,0.0,0.0,0.0,0.0,306
2023-05-09 21:12:11,SR311P6900,SR311P6900,326.0,0.0,0.0,0.0,5,322.5,326.0,20,326.0,320.0,0.0,0.0,0.0,0.0,306
2023-05-09 21:12:27,SR311P6900,SR311P6900,326.0,0.0,0.0,0.0,5,322.5,326.0,30,326.0,320.0,0.0,0.0,0.0,0.0,306
2023-05-09 21:12:34,SR311P6900,SR311P6900,326.0,0.0,0.0,0.0,5,322.5,325.5,10,326.0,320.0,0.0,0.0,0.0,0.0,306
2023-05-09 21:12:35,SR311P6900,SR311P6900,326.0,0.0,0.0,0.0,10,322.0,325.5,10,326.0,320.0,0.0,0.0,0.0,0.0,306
2023-05-09 21:12:35,SR311P6900,SR311P6900,326.0,0.0,0.0,0.0,20,321.0,324.5,20,326.0,320.0,0.0,0.0,0.0,0.0,306
2023-05-09 21:12:37,SR311P6900,SR311P6900,326.0,0.0,0.0,0.0,20,320.5,324.5,30,326.0,320.0,0.0,0.0,0.0,0.0,306
2023-05-09 21:12:38,SR311P6900,SR311P6900,326.0,0.0,0.0,0.0,15,320.0,324.0,30,326.0,320.0,0.0,0.0,0.0,0.0,306
2023-05-09 21:12:38,SR311P6900,SR311P6900,326.0,0.0,0.0,0.0,5,320.0,324.0,30,326.0,320.0,0.0,0.0,0.0,0.0,306
2023-05-09 21:12:42,SR311P6900,SR311P6900,326.0,0.0,0.0,0.0,5,320.0,323.0,10,326.0,320.0,0.0,0.0,0.0,0.0,306
2023-05-09 21:12:42,SR311P6900,SR311P6900,326.0,0.0,0.0,0.0,5,320.0,323.0,30,326.0,320.0,0.0,0.0,0.0,0.0,306
2023-05-09 21:12:43,SR311P6900,SR311P6900,326.0,0.0,0.0,0.0,5,320.0,323.0,20,326.0,320.0,0.0,0.0,0.0,0.0,306
2023-05-09 21:12:44,SR311P6900,SR311P6900,326.0,0.0,0.0,0.0,5,320.0,323.0,10,326.0,320.0,0.0,0.0,0.0,0.0,306
2023-05-09 21:12:44,SR311P6900,SR311P6900,326.0,0.0,0.0,0.0,5,320.0,323.0,20,326.0,320.0,0.0,0.0,0.0,0.0,306
2023-05-09 21:12:46,SR311P6900,SR311P6900,326.0,0.0,0.0,0.0,5,320.0,323.0,30,326.0,320.0,0.0,0.0,0.0,0.0,306
2023-05-09 21:12:48,SR311P6900,SR311P6900,326.0,0.0,0.0,0.0,20,319.0,322.0,10,326.0,320.0,0.0,0.0,0.0,0.0,306
2023-05-09 21:12:48,SR311P6900,SR311P6900,326.0,0.0,0.0,0.0,30,318.0,322.0,10,326.0,320.0,0.0,0.0,0.0,0.0,306
2023-05-09 21:12:49,SR311P6900,SR311P6900,326.0,0.0,0.0,0.0,25,318.0,322.0,10,326.0,320.0,0.0,0.0,0.0,0.0,306
2023-05-09 21:12:49,SR311P6900,SR311P6900,326.0,0.0,0.0,0.0,15,318.0,322.0,10,326.0,320.0,0.0,0.0,0.0,0.0,306
2023-05-09 21:12:50,SR311P6900,SR311P6900,326.0,0.0,0.0,0.0,25,318.0,322.0,20,326.0,320.0,0.0,0.0,0.0,0.0,306
2023-05-09 21:12:51,SR311P6900,SR311P6900,326.0,0.0,0.0,0.0,25,318.0,321.5,10,326.0,320.0,0.0,0.0,0.0,0.0,306
2023-05-09 21:12:53,SR311P6900,SR311P6900,326.0,0.0,0.0,0.0,25,318.0,322.0,20,326.0,320.0,0.0,0.0,0.0,0.0,306
2023-05-09 21:12:55,SR311P6900,SR311P6900,326.0,0.0,0.0,0.0,25,318.0,321.5,10,326.0,320.0,0.0,0.0,0.0,0.0,306
2023-05-09 21:12:56,SR311P6900,SR311P6900,326.0,0.0,0.0,0.0,5,318.0,321.0,10,326.0,320.0,0.0,0.0,0.0,0.0,306
2023-05-09 21:12:58,SR311P6900,SR311P6900,326.0,0.0,0.0,0.0,5,318.0,320.0,10,326.0,320.0,0.0,0.0,0.0,0.0,306
2023-05-09 21:13:00,SR311P6900,SR311P6900,320.0,10.0,3200.0,0.0,5,318.0,320.5,20,326.0,320.0,320.0,320.0,10.0,3200.0,306
2023-05-09 21:13:01,SR311P6900,SR311P6900,320.0,0.0,0.0,0.0,5,318.0,320.5,10,326.0,320.0,320.0,320.0,10.0,3200.0,306
2023-05-09 21:13:01,SR311P6900,SR311P6900,320.0,0.0,0.0,0.0,5,318.0,321.0,20,326.0,320.0,320.0,320.0,10.0,3200.0,306
2023-05-09 21:13:02,SR311P6900,SR311P6900,320.0,0.0,0.0,0.0,5,318.0,321.5,55,326.0,320.0,320.0,320.0,10.0,3200.0,306
2023-05-09 21:13:03,SR311P6900,SR311P6900,320.0,0.0,0.0,0.0,5,318.0,321.5,45,326.0,320.0,320.0,320.0,10.0,3200.0,306
2023-05-09 21:13:05,SR311P6900,SR311P6900,320.0,0.0,0.0,0.0,5,318.0,321.5,15,326.0,320.0,320.0,320.0,10.0,3200.0,306
2023-05-09 21:13:06,SR311P6900,SR311P6900,320.0,0.0,0.0,0.0,25,318.0,321.5,5,326.0,320.0,320.0,320.0,10.0,3200.0,306
2023-05-09 21:13:08,SR311P6900,SR311P6900,320.0,0.0,0.0,0.0,5,318.0,321.5,35,326.0,320.0,320.0,320.0,10.0,3200.0,306
2023-05-09 21:13:12,SR311P6900,SR311P6900,320.0,0.0,0.0,0.0,35,318.0,321.5,5,326.0,320.0,320.0,320.0,10.0,3200.0,306
2023-05-09 21:13:15,SR311P6900,SR311P6900,320.0,0.0,0.0,0.0,25,318.0,321.5,5,326.0,320.0,320.0,320.0,10.0,3200.0,306
2023-05-09 21:13:28,SR311P6900,SR311P6900,320.0,0.0,0.0,0.0,15,318.0,321.5,15,326.0,320.0,320.0,320.0,10.0,3200.0,306
2023-05-09 21:13:28,SR311P6900,SR311P6900,320.0,0.0,0.0,0.0,5,318.0,321.5,25,326.0,320.0,320.0,320.0,10.0,3200.0,306
2023-05-09 21:13:29,SR311P6900,SR311P6900,320.0,0.0,0.0,0.0,5,318.0,321.5,45,326.0,320.0,320.0,320.0,10.0,3200.0,306
2023-05-09 21:13:30,SR311P6900,SR311P6900,320.0,0.0,0.0,0.0,5,318.0,321.0,20,326.0,320.0,320.0,320.0,10.0,3200.0,306
2023-05-09 21:13:34,SR311P6900,SR311P6900,320.0,0.0,0.0,0.0,5,318.0,321.0,10,326.0,320.0,320.0,320.0,10.0,3200.0,306
2023-05-09 21:13:35,SR311P6900,SR311P6900,320.0,0.0,0.0,0.0,5,318.0,321.5,35,326.0,320.0,320.0,320.0,10.0,3200.0,306
2023-05-09 21:13:36,SR311P6900,SR311P6900,320.0,0.0,0.0,0.0,15,318.0,321.5,25,326.0,320.0,320.0,320.0,10.0,3200.0,306
2023-05-09 21:13:36,SR311P6900,SR311P6900,320.0,0.0,0.0,0.0,25,318.0,321.5,15,326.0,320.0,320.0,320.0,10.0,3200.0,306
2023-05-09 21:13:39,SR311P6900,SR311P6900,320.0,0.0,0.0,0.0,35,318.0,321.5,15,326.0,320.0,320.0,320.0,10.0,3200.0,306
2023-05-09 21:13:40,SR311P6900,SR311P6900,320.0,0.0,0.0,0.0,35,318.0,321.5,5,326.0,320.0,320.0,320.0,10.0,3200.0,306
2023-05-09 21:13:41,SR311P6900,SR311P6900,320.0,0.0,0.0,0.0,35,318.0,322.0,30,326.0,320.0,320.0,320.0,10.0,3200.0,306
2023-05-09 21:13:41,SR311P6900,SR311P6900,320.0,0.0,0.0,0.0,10,319.0,322.5,20,326.0,320.0,320.0,320.0,10.0,3200.0,306
2023-05-09 21:13:42,SR311P6900,SR311P6900,320.0,0.0,0.0,0.0,20,319.0,322.5,20,326.0,320.0,320.0,320.0,10.0,3200.0,306
2023-05-09 21:13:44,SR311P6900,SR311P6900,320.0,0.0,0.0,0.0,20,319.0,322.5,10,326.0,320.0,320.0,320.0,10.0,3200.0,306
2023-05-09 21:13:51,SR311P6900,SR311P6900,320.0,0.0,0.0,0.0,20,319.0,323.0,35,326.0,320.0,320.0,320.0,10.0,3200.0,306
2023-05-09 21:13:53,SR311P6900,SR311P6900,320.0,0.0,0.0,0.0,5,319.5,323.0,35,326.0,320.0,320.0,320.0,10.0,3200.0,306
2023-05-09 21:13:59,SR311P6900,SR311P6900,320.0,0.0,0.0,0.0,5,319.5,323.0,25,326.0,320.0,320.0,320.0,10.0,3200.0,306
2023-05-09 21:14:02,SR311P6900,SR311P6900,320.0,0.0,0.0,0.0,5,319.5,323.0,15,326.0,320.0,320.0,320.0,10.0,3200.0,306
2023-05-09 21:14:02,SR311P6900,SR311P6900,320.0,0.0,0.0,0.0,5,319.5,323.0,25,326.0,320.0,320.0,320.0,10.0,3200.0,306
2023-05-09 21:14:23,SR311P6900,SR311P6900,320.0,0.0,0.0,0.0,40,318.5,323.0,25,326.0,320.0,320.0,320.0,10.0,3200.0,306
2023-05-09 21:14:23,SR311P6900,SR311P6900,320.0,0.0,0.0,0.0,10,318.5,322.0,10,326.0,320.0,320.0,320.0,10.0,3200.0,306
2023-05-09 21:14:24,SR311P6900,SR311P6900,320.0,0.0,0.0,0.0,5,318.0,322.0,10,326.0,320.0,320.0,320.0,10.0,3200.0,306
2023-05-09 21:14:27,SR311P6900,SR311P6900,320.0,0.0,0.0,0.0,10,318.5,322.0,10,326.0,320.0,320.0,320.0,10.0,3200.0,306
2023-05-09 21:14:27,SR311P6900,SR311P6900,320.0,0.0,0.0,0.0,20,318.5,322.0,10,326.0,320.0,320.0,320.0,10.0,3200.0,306
2023-05-09 21:14:29,SR311P6900,SR311P6900,320.0,0.0,0.0,0.0,10,318.5,322.0,20,326.0,320.0,320.0,320.0,10.0,3200.0,306
2023-05-09 21:14:29,SR311P6900,SR311P6900,320.0,0.0,0.0,0.0,5,318.0,322.0,20,326.0,320.0,320.0,320.0,10.0,3200.0,306
2023-05-09 21:14:32,SR311P6900,SR311P6900,320.0,0.0,0.0,0.0,5,318.0,322.0,30,326.0,320.0,320.0,320.0,10.0,3200.0,306
2023-05-09 21:14:36,SR311P6900,SR311P6900,320.0,0.0,0.0,0.0,5,318.0,322.0,20,326.0,320.0,320.0,320.0,10.0,3200.0,306
2023-05-09 21:14:36,SR311P6900,SR311P6900,320.0,0.0,0.0,0.0,10,318.5,322.5,20,326.0,320.0,320.0,320.0,10.0,3200.0,306
2023-05-09 21:14:37,SR311P6900,SR311P6900,320.0,0.0,0.0,0.0,10,318.5,322.0,10,326.0,320.0,320.0,320.0,10.0,3200.0,306
2023-05-09 21:14:37,SR311P6900,SR311P6900,320.0,0.0,0.0,0.0,15,318.0,322.0,10,326.0,320.0,320.0,320.0,10.0,3200.0,306
2023-05-09 21:14:39,SR311P6900,SR311P6900,320.0,0.0,0.0,0.0,25,318.0,322.0,10,326.0,320.0,320.0,320.0,10.0,3200.0,306
2023-05-09 21:14:40,SR311P6900,SR311P6900,320.0,0.0,0.0,0.0,10,318.5,322.5,10,326.0,320.0,320.0,320.0,10.0,3200.0,306
2023-05-09 21:14:41,SR311P6900,SR311P6900,320.0,0.0,0.0,0.0,10,318.5,323.0,35,326.0,320.0,320.0,320.0,10.0,3200.0,306
2023-05-09 21:14:49,SR311P6900,SR311P6900,320.0,0.0,0.0,0.0,15,319.0,323.0,25,326.0,320.0,320.0,320.0,10.0,3200.0,306
2023-05-09 21:14:49,SR311P6900,SR311P6900,320.0,0.0,0.0,0.0,35,319.0,323.0,15,326.0,320.0,320.0,320.0,10.0,3200.0,306
2023-05-09 21:14:50,SR311P6900,SR311P6900,320.0,0.0,0.0,0.0,25,319.0,323.0,15,326.0,320.0,320.0,320.0,10.0,3200.0,306
2023-05-09 21:14:52,SR311P6900,SR311P6900,320.0,0.0,0.0,0.0,10,319.5,323.0,5,326.0,320.0,320.0,320.0,10.0,3200.0,306
2023-05-09 21:14:53,SR311P6900,SR311P6900,320.0,0.0,0.0,0.0,20,319.5,323.0,5,326.0,320.0,320.0,320.0,10.0,3200.0,306
2023-05-09 21:14:57,SR311P6900,SR311P6900,320.0,0.0,0.0,0.0,10,319.5,323.0,5,326.0,320.0,320.0,320.0,10.0,3200.0,306
2023-05-09 21:15:10,SR311P6900,SR311P6900,320.0,0.0,0.0,0.0,25,319.0,323.0,15,326.0,320.0,320.0,320.0,10.0,3200.0,306
2023-05-09 21:15:59,SR311P6900,SR311P6900,320.0,0.0,0.0,0.0,5,319.0,321.5,10,326.0,320.0,320.0,320.0,10.0,3200.0,306
2023-05-09 21:16:01,SR311P6900,SR311P6900,320.0,0.0,0.0,0.0,5,319.0,322.5,20,326.0,320.0,320.0,320.0,10.0,3200.0,306
2023-05-09 21:16:02,SR311P6900,SR311P6900,320.0,0.0,0.0,0.0,15,319.0,323.0,25,326.0,320.0,320.0,320.0,10.0,3200.0,306
2023-05-09 21:16:02,SR311P6900,SR311P6900,320.0,0.0,0.0,0.0,25,319.0,323.0,15,326.0,320.0,320.0,320.0,10.0,3200.0,306
2023-05-09 21:16:03,SR311P6900,SR311P6900,320.0,0.0,0.0,0.0,35,319.0,323.0,5,326.0,320.0,320.0,320.0,10.0,3200.0,306
2023-05-09 21:16:03,SR311P6900,SR311P6900,320.0,0.0,0.0,0.0,10,320.0,323.0,5,326.0,320.0,320.0,320.0,10.0,3200.0,306
2023-05-09 21:16:04,SR311P6900,SR311P6900,320.0,0.0,0.0,0.0,20,320.0,323.0,5,326.0,320.0,320.0,320.0,10.0,3200.0,306
2023-05-09 21:16:04,SR311P6900,SR311P6900,320.0,0.0,0.0,0.0,30,320.0,323.0,5,326.0,320.0,320.0,320.0,10.0,3200.0,306
2023-05-09 21:16:07,SR311P6900,SR311P6900,320.0,0.0,0.0,0.0,30,320.0,324.5,30,326.0,320.0,320.0,320.0,10.0,3200.0,306
2023-05-09 21:16:08,SR311P6900,SR311P6900,320.0,0.0,0.0,0.0,30,320.0,324.5,20,326.0,320.0,320.0,320.0,10.0,3200.0,306
2023-05-09 21:16:12,SR311P6900,SR311P6900,320.0,0.0,0.0,0.0,20,321.0,325.0,20,326.0,320.0,320.0,320.0,10.0,3200.0,306
2023-05-09 21:16:12,SR311P6900,SR311P6900,320.0,0.0,0.0,0.0,10,321.5,325.0,10,326.0,320.0,320.0,320.0,10.0,3200.0,306
2023-05-09 21:16:13,SR311P6900,SR311P6900,320.0,0.0,0.0,0.0,30,321.0,325.0,20,326.0,320.0,320.0,320.0,10.0,3200.0,306
2023-05-09 21:16:14,SR311P6900,SR311P6900,320.0,0.0,0.0,0.0,20,321.0,325.0,20,326.0,320.0,320.0,320.0,10.0,3200.0,306
2023-05-09 21:16:15,SR311P6900,SR311P6900,320.0,0.0,0.0,0.0,10,321.0,324.5,10,326.0,320.0,320.0,320.0,10.0,3200.0,306
2023-05-09 21:16:15,SR311P6900,SR311P6900,320.0,0.0,0.0,0.0,20,321.0,324.5,30,326.0,320.0,320.0,320.0,10.0,3200.0,306
2023-05-09 21:16:18,SR311P6900,SR311P6900,320.0,0.0,0.0,0.0,20,321.0,324.5,20,326.0,320.0,320.0,320.0,10.0,3200.0,306
2023-05-09 21:16:20,SR311P6900,SR311P6900,320.0,0.0,0.0,0.0,30,321.0,324.5,10,326.0,320.0,320.0,320.0,10.0,3200.0,306
2023-05-09 21:16:21,SR311P6900,SR311P6900,320.0,0.0,0.0,0.0,30,321.0,325.5,45,326.0,320.0,320.0,320.0,10.0,3200.0,306
2023-05-09 21:16:22,SR311P6900,SR311P6900,320.0,0.0,0.0,0.0,10,321.5,325.5,25,326.0,320.0,320.0,320.0,10.0,3200.0,306
2023-05-09 21:16:22,SR311P6900,SR311P6900,320.0,0.0,0.0,0.0,20,321.5,325.5,35,326.0,320.0,320.0,320.0,10.0,3200.0,306
2023-05-09 21:16:25,SR311P6900,SR311P6900,320.0,0.0,0.0,0.0,40,321.0,325.5,35,326.0,320.0,320.0,320.0,10.0,3200.0,306
2023-05-09 21:16:37,SR311P6900,SR311P6900,320.0,0.0,0.0,0.0,10,322.0,325.5,35,326.0,320.0,320.0,320.0,10.0,3200.0,306
2023-05-09 21:16:37,SR311P6900,SR311P6900,320.0,0.0,0.0,0.0,20,322.0,325.5,25,326.0,320.0,320.0,320.0,10.0,3200.0,306
2023-05-09 21:16:38,SR311P6900,SR311P6900,320.0,0.0,0.0,0.0,25,322.0,325.5,25,326.0,320.0,320.0,320.0,10.0,3200.0,306
2023-05-09 21:16:45,SR311P6900,SR311P6900,320.0,0.0,0.0,0.0,35,322.0,325.5,25,326.0,320.0,320.0,320.0,10.0,3200.0,306
2023-05-09 21:16:47,SR311P6900,SR311P6900,320.0,0.0,0.0,0.0,25,322.0,325.5,25,326.0,320.0,320.0,320.0,10.0,3200.0,306
2023-05-09 21:16:48,SR311P6900,SR311P6900,320.0,0.0,0.0,0.0,5,322.0,325.5,35,326.0,320.0,320.0,320.0,10.0,3200.0,306
2023-05-09 21:16:52,SR311P6900,SR311P6900,320.0,0.0,0.0,0.0,5,322.0,325.5,45,326.0,320.0,320.0,320.0,10.0,3200.0,306
2023-05-09 21:17:01,SR311P6900,SR311P6900,320.0,0.0,0.0,0.0,25,322.0,325.5,25,326.0,320.0,320.0,320.0,10.0,3200.0,306
2023-05-09 21:17:02,SR311P6900,SR311P6900,320.0,0.0,0.0,0.0,35,322.0,325.5,10,326.0,320.0,320.0,320.0,10.0,3200.0,306
2023-05-09 21:17:02,SR311P6900,SR311P6900,320.0,0.0,0.0,0.0,20,322.5,326.0,20,326.0,320.0,320.0,320.0,10.0,3200.0,306
2023-05-09 21:17:03,SR311P6900,SR311P6900,320.0,0.0,0.0,0.0,10,323.5,327.0,10,326.0,320.0,320.0,320.0,10.0,3200.0,306
2023-05-09 21:17:03,SR311P6900,SR311P6900,320.0,0.0,0.0,0.0,20,323.5,327.5,10,326.0,320.0,320.0,320.0,10.0,3200.0,306
2023-05-09 21:17:05,SR311P6900,SR311P6900,320.0,0.0,0.0,0.0,20,323.5,327.0,10,326.0,320.0,320.0,320.0,10.0,3200.0,306
2023-05-09 21:17:06,SR311P6900,SR311P6900,320.0,0.0,0.0,0.0,20,323.5,327.0,20,326.0,320.0,320.0,320.0,10.0,3200.0,306
2023-05-09 21:17:09,SR311P6900,SR311P6900,320.0,0.0,0.0,0.0,10,323.5,326.5,10,326.0,320.0,320.0,320.0,10.0,3200.0,306
2023-05-09 21:17:09,SR311P6900,SR311P6900,320.0,0.0,0.0,0.0,10,322.5,326.5,20,326.0,320.0,320.0,320.0,10.0,3200.0,306
2023-05-09 21:17:10,SR311P6900,SR311P6900,320.0,0.0,0.0,0.0,5,322.0,325.5,20,326.0,320.0,320.0,320.0,10.0,3200.0,306
2023-05-09 21:17:10,SR311P6900,SR311P6900,320.0,0.0,0.0,0.0,15,322.0,325.5,20,326.0,320.0,320.0,320.0,10.0,3200.0,306
2023-05-09 21:17:11,SR311P6900,SR311P6900,320.0,0.0,0.0,0.0,25,322.0,325.5,30,326.0,320.0,320.0,320.0,10.0,3200.0,306
2023-05-09 21:17:12,SR311P6900,SR311P6900,320.0,0.0,0.0,0.0,35,322.0,325.5,20,326.0,320.0,320.0,320.0,10.0,3200.0,306
2023-05-09 21:17:13,SR311P6900,SR311P6900,320.0,0.0,0.0,0.0,10,323.0,325.5,10,326.0,320.0,320.0,320.0,10.0,3200.0,306
2023-05-09 21:17:13,SR311P6900,SR311P6900,320.0,0.0,0.0,0.0,10,323.0,326.5,10,326.0,320.0,320.0,320.0,10.0,3200.0,306
2023-05-09 21:17:15,SR311P6900,SR311P6900,320.0,0.0,0.0,0.0,10,323.0,326.5,20,326.0,320.0,320.0,320.0,10.0,3200.0,306
2023-05-09 21:17:16,SR311P6900,SR311P6900,320.0,0.0,0.0,0.0,30,323.0,326.5,20,326.0,320.0,320.0,320.0,10.0,3200.0,306
2023-05-09 21:17:28,SR311P6900,SR311P6900,320.0,0.0,0.0,0.0,20,323.0,326.5,30,326.0,320.0,320.0,320.0,10.0,3200.0,306
2023-05-09 21:17:28,SR311P6900,SR311P6900,320.0,0.0,0.0,0.0,30,323.0,326.5,20,326.0,320.0,320.0,320.0,10.0,3200.0,306
2023-05-09 21:17:30,SR311P6900,SR311P6900,320.0,0.0,0.0,0.0,40,323.0,326.5,10,326.0,320.0,320.0,320.0,10.0,3200.0,306
2023-05-09 21:17:31,SR311P6900,SR311P6900,320.0,0.0,0.0,0.0,20,323.5,327.0,5,326.0,320.0,320.0,320.0,10.0,3200.0,306
2023-05-09 21:17:31,SR311P6900,SR311P6900,320.0,0.0,0.0,0.0,10,324.0,327.0,5,326.0,320.0,320.0,320.0,10.0,3200.0,306
2023-05-09 21:17:32,SR311P6900,SR311P6900,320.0,0.0,0.0,0.0,20,324.0,327.0,5,326.0,320.0,320.0,320.0,10.0,3200.0,306
2023-05-09 21:18:07,SR311P6900,SR311P6900,320.0,0.0,0.0,0.0,35,323.5,327.0,5,326.0,320.0,320.0,320.0,10.0,3200.0,306
2023-05-09 21:18:07,SR311P6900,SR311P6900,320.0,0.0,0.0,0.0,25,323.5,327.0,5,326.0,320.0,320.0,320.0,10.0,3200.0,306
2023-05-09 21:18:08,SR311P6900,SR311P6900,320.0,0.0,0.0,0.0,40,322.5,326.5,20,326.0,320.0,320.0,320.0,10.0,3200.0,306
2023-05-09 21:18:08,SR311P6900,SR311P6900,320.0,0.0,0.0,0.0,10,322.5,326.5,40,326.0,320.0,320.0,320.0,10.0,3200.0,306
2023-05-09 21:18:09,SR311P6900,SR311P6900,320.0,0.0,0.0,0.0,25,322.0,326.0,20,326.0,320.0,320.0,320.0,10.0,3200.0,306
2023-05-09 21:18:09,SR311P6900,SR311P6900,320.0,0.0,0.0,0.0,5,322.0,326.0,20,326.0,320.0,320.0,320.0,10.0,3200.0,306
2023-05-09 21:18:11,SR311P6900,SR311P6900,320.0,0.0,0.0,0.0,5,322.0,326.0,30,326.0,320.0,320.0,320.0,10.0,3200.0,306
2023-05-09 21:18:16,SR311P6900,SR311P6900,320.0,0.0,0.0,0.0,35,322.0,326.0,20,326.0,320.0,320.0,320.0,10.0,3200.0,306
2023-05-09 21:18:21,SR311P6900,SR311P6900,320.0,0.0,0.0,0.0,20,322.5,326.5,30,326.0,320.0,320.0,320.0,10.0,3200.0,306
2023-05-09 21:18:23,SR311P6900,SR311P6900,320.0,0.0,0.0,0.0,10,322.5,326.0,10,326.0,320.0,320.0,320.0,10.0,3200.0,306
2023-05-09 21:18:24,SR311P6900,SR311P6900,320.0,0.0,0.0,0.0,35,322.0,326.0,20,326.0,320.0,320.0,320.0,10.0,3200.0,306
2023-05-09 21:18:38,SR311P6900,SR311P6900,320.0,0.0,0.0,0.0,30,322.5,326.5,30,326.0,320.0,320.0,320.0,10.0,3200.0,306
2023-05-09 21:18:39,SR311P6900,SR311P6900,320.0,0.0,0.0,0.0,40,322.5,326.5,30,326.0,320.0,320.0,320.0,10.0,3200.0,306
2023-05-09 21:19:03,SR311P6900,SR311P6900,320.0,0.0,0.0,0.0,10,323.5,327.0,25,326.0,320.0,320.0,320.0,10.0,3200.0,306
2023-05-09 21:19:09,SR311P6900,SR311P6900,320.0,0.0,0.0,0.0,25,323.5,327.0,15,326.0,320.0,320.0,320.0,10.0,3200.0,306
2023-05-09 21:19:09,SR311P6900,SR311P6900,320.0,0.0,0.0,0.0,10,324.5,327.5,10,326.0,320.0,320.0,320.0,10.0,3200.0,306
2023-05-09 21:19:10,SR311P6900,SR311P6900,320.0,0.0,0.0,0.0,20,324.5,328.0,30,326.0,320.0,320.0,320.0,10.0,3200.0,306
2023-05-09 21:19:11,SR311P6900,SR311P6900,320.0,0.0,0.0,0.0,30,324.5,328.0,20,326.0,320.0,320.0,320.0,10.0,3200.0,306
2023-05-09 21:19:12,SR311P6900,SR311P6900,320.0,0.0,0.0,0.0,20,324.5,328.0,20,326.0,320.0,320.0,320.0,10.0,3200.0,306
2023-05-09 21:19:13,SR311P6900,SR311P6900,320.0,0.0,0.0,0.0,30,324.5,328.0,20,326.0,320.0,320.0,320.0,10.0,3200.0,306
2023-05-09 21:19:14,SR311P6900,SR311P6900,320.0,0.0,0.0,0.0,40,324.5,328.0,20,326.0,320.0,320.0,320.0,10.0,3200.0,306
2023-05-09 21:19:15,SR311P6900,SR311P6900,320.0,0.0,0.0,0.0,30,324.5,328.0,20,326.0,320.0,320.0,320.0,10.0,3200.0,306
2023-05-09 21:19:16,SR311P6900,SR311P6900,320.0,0.0,0.0,0.0,20,324.5,328.0,30,326.0,320.0,320.0,320.0,10.0,3200.0,306
2023-05-09 21:19:17,SR311P6900,SR311P6900,320.0,0.0,0.0,0.0,20,324.0,328.0,30,326.0,320.0,320.0,320.0,10.0,3200.0,306
2023-05-09 21:19:17,SR311P6900,SR311P6900,320.0,0.0,0.0,0.0,55,323.5,328.0,30,326.0,320.0,320.0,320.0,10.0,3200.0,306
2023-05-09 21:19:18,SR311P6900,SR311P6900,320.0,0.0,0.0,0.0,75,323.5,328.0,30,326.0,320.0,320.0,320.0,10.0,3200.0,306
2023-05-09 21:19:19,SR311P6900,SR311P6900,320.0,0.0,0.0,0.0,65,323.5,328.0,30,326.0,320.0,320.0,320.0,10.0,3200.0,306
2023-05-09 21:19:19,SR311P6900,SR311P6900,320.0,0.0,0.0,0.0,10,324.5,328.0,20,326.0,320.0,320.0,320.0,10.0,3200.0,306
2023-05-09 21:19:21,SR311P6900,SR311P6900,320.0,0.0,0.0,0.0,20,324.5,328.0,20,326.0,320.0,320.0,320.0,10.0,3200.0,306
2023-05-09 21:19:21,SR311P6900,SR311P6900,320.0,0.0,0.0,0.0,30,324.5,328.0,20,326.0,320.0,320.0,320.0,10.0,3200.0,306
2023-05-09 21:19:23,SR311P6900,SR311P6900,320.0,0.0,0.0,0.0,30,324.5,328.5,35,326.0,320.0,320.0,320.0,10.0,3200.0,306
2023-05-09 21:19:25,SR311P6900,SR311P6900,320.0,0.0,0.0,0.0,10,325.0,328.5,35,326.0,320.0,320.0,320.0,10.0,3200.0,306
2023-05-09 21:19:26,SR311P6900,SR311P6900,320.0,0.0,0.0,0.0,10,325.0,328.5,25,326.0,320.0,320.0,320.0,10.0,3200.0,306
2023-05-09 21:19:26,SR311P6900,SR311P6900,320.0,0.0,0.0,0.0,30,324.5,328.5,35,326.0,320.0,320.0,320.0,10.0,3200.0,306
2023-05-09 21:19:28,SR311P6900,SR311P6900,320.0,0.0,0.0,0.0,30,324.5,328.5,45,326.0,320.0,320.0,320.0,10.0,3200.0,306
2023-05-09 21:19:29,SR311P6900,SR311P6900,320.0,0.0,0.0,0.0,30,324.5,328.5,35,326.0,320.0,320.0,320.0,10.0,3200.0,306
2023-05-09 21:19:36,SR311P6900,SR311P6900,320.0,0.0,0.0,0.0,20,324.5,328.0,10,326.0,320.0,320.0,320.0,10.0,3200.0,306
2023-05-09 21:19:36,SR311P6900,SR311P6900,320.0,0.0,0.0,0.0,10,324.0,328.0,20,326.0,320.0,320.0,320.0,10.0,3200.0,306
2023-05-09 21:19:37,SR311P6900,SR311P6900,320.0,0.0,0.0,0.0,20,324.0,328.0,20,326.0,320.0,320.0,320.0,10.0,3200.0,306
2023-05-09 21:19:41,SR311P6900,SR311P6900,320.0,0.0,0.0,0.0,20,324.0,328.0,30,326.0,320.0,320.0,320.0,10.0,3200.0,306
2023-05-09 21:19:41,SR311P6900,SR311P6900,320.0,0.0,0.0,0.0,20,324.0,328.0,20,326.0,320.0,320.0,320.0,10.0,3200.0,306
2023-05-09 21:19:47,SR311P6900,SR311P6900,320.0,0.0,0.0,0.0,20,324.5,328.5,45,326.0,320.0,320.0,320.0,10.0,3200.0,306
2023-05-09 21:19:52,SR311P6900,SR311P6900,320.0,0.0,0.0,0.0,30,324.5,328.5,35,326.0,320.0,320.0,320.0,10.0,3200.0,306
2023-05-09 21:20:05,SR311P6900,SR311P6900,320.0,0.0,0.0,0.0,10,325.5,328.5,10,326.0,320.0,320.0,320.0,10.0,3200.0,306
2023-05-09 21:20:05,SR311P6900,SR311P6900,320.0,0.0,0.0,0.0,10,325.5,329.5,40,326.0,320.0,320.0,320.0,10.0,3200.0,306
2023-05-09 21:20:06,SR311P6900,SR311P6900,320.0,0.0,0.0,0.0,10,326.5,329.5,20,326.0,320.0,320.0,320.0,10.0,3200.0,306
2023-05-09 21:20:07,SR311P6900,SR311P6900,320.0,0.0,0.0,0.0,45,325.0,329.0,10,326.0,320.0,320.0,320.0,10.0,3200.0,306
2023-05-09 21:20:07,SR311P6900,SR311P6900,320.0,0.0,0.0,0.0,25,325.0,329.0,20,326.0,320.0,320.0,320.0,10.0,3200.0,306
2023-05-09 21:20:08,SR311P6900,SR311P6900,320.0,0.0,0.0,0.0,25,325.0,329.0,30,326.0,320.0,320.0,320.0,10.0,3200.0,306
2023-05-09 21:20:10,SR311P6900,SR311P6900,320.0,0.0,0.0,0.0,5,325.0,329.0,30,326.0,320.0,320.0,320.0,10.0,3200.0,306
2023-05-09 21:20:15,SR311P6900,SR311P6900,320.0,0.0,0.0,0.0,5,325.0,329.0,20,326.0,320.0,320.0,320.0,10.0,3200.0,306
2023-05-09 21:20:27,SR311P6900,SR311P6900,320.0,0.0,0.0,0.0,5,325.0,329.0,30,326.0,320.0,320.0,320.0,10.0,3200.0,306
2023-05-09 21:20:30,SR311P6900,SR311P6900,320.0,0.0,0.0,0.0,5,325.0,329.0,20,326.0,320.0,320.0,320.0,10.0,3200.0,306
2023-05-09 21:20:31,SR311P6900,SR311P6900,320.0,0.0,0.0,0.0,5,325.0,328.0,10,326.0,320.0,320.0,320.0,10.0,3200.0,306
2023-05-09 21:20:32,SR311P6900,SR311P6900,320.0,0.0,0.0,0.0,5,325.0,328.0,30,326.0,320.0,320.0,320.0,10.0,3200.0,306
2023-05-09 21:20:33,SR311P6900,SR311P6900,320.0,0.0,0.0,0.0,5,325.0,328.0,20,326.0,320.0,320.0,320.0,10.0,3200.0,306
2023-05-09 21:20:34,SR311P6900,SR311P6900,320.0,0.0,0.0,0.0,5,325.0,328.0,30,326.0,320.0,320.0,320.0,10.0,3200.0,306
2023-05-09 21:20:47,SR311P6900,SR311P6900,320.0,0.0,0.0,0.0,5,325.0,328.5,20,326.0,320.0,320.0,320.0,10.0,3200.0,306
2023-05-09 21:20:47,SR311P6900,SR311P6900,320.0,0.0,0.0,0.0,5,325.0,329.0,50,326.0,320.0,320.0,320.0,10.0,3200.0,306
2023-05-09 21:20:48,SR311P6900,SR311P6900,320.0,0.0,0.0,0.0,5,325.0,329.0,30,326.0,320.0,320.0,320.0,10.0,3200.0,306
2023-05-09 21:20:52,SR311P6900,SR311P6900,320.0,0.0,0.0,0.0,10,325.5,329.0,20,326.0,320.0,320.0,320.0,10.0,3200.0,306
2023-05-09 21:20:53,SR311P6900,SR311P6900,320.0,0.0,0.0,0.0,20,325.5,329.0,20,326.0,320.0,320.0,320.0,10.0,3200.0,306
2023-05-09 21:20:54,SR311P6900,SR311P6900,320.0,0.0,0.0,0.0,30,325.5,329.0,20,326.0,320.0,320.0,320.0,10.0,3200.0,306
2023-05-09 21:20:55,SR311P6900,SR311P6900,320.0,0.0,0.0,0.0,30,325.5,329.5,20,326.0,320.0,320.0,320.0,10.0,3200.0,306
2023-05-09 21:21:03,SR311P6900,SR311P6900,320.0,0.0,0.0,0.0,30,325.5,329.5,30,326.0,320.0,320.0,320.0,10.0,3200.0,306
2023-05-09 21:21:05,SR311P6900,SR311P6900,320.0,0.0,0.0,0.0,30,325.5,329.5,20,326.0,320.0,320.0,320.0,10.0,3200.0,306
2023-05-09 21:21:06,SR311P6900,SR311P6900,320.0,0.0,0.0,0.0,10,325.5,329.0,20,326.0,320.0,320.0,320.0,10.0,3200.0,306
2023-05-09 21:21:07,SR311P6900,SR311P6900,320.0,0.0,0.0,0.0,10,325.5,329.0,30,326.0,320.0,320.0,320.0,10.0,3200.0,306
2023-05-09 21:21:10,SR311P6900,SR311P6900,320.0,0.0,0.0,0.0,15,325.0,329.0,40,326.0,320.0,320.0,320.0,10.0,3200.0,306
2023-05-09 21:21:14,SR311P6900,SR311P6900,320.0,0.0,0.0,0.0,5,325.0,328.5,20,326.0,320.0,320.0,320.0,10.0,3200.0,306
2023-05-09 21:21:23,SR311P6900,SR311P6900,320.0,0.0,0.0,0.0,15,325.0,328.5,10,326.0,320.0,320.0,320.0,10.0,3200.0,306
2023-05-09 21:21:24,SR311P6900,SR311P6900,320.0,0.0,0.0,0.0,15,325.0,329.0,30,326.0,320.0,320.0,320.0,10.0,3200.0,306
2023-05-09 21:21:24,SR311P6900,SR311P6900,320.0,0.0,0.0,0.0,15,325.0,329.0,20,326.0,320.0,320.0,320.0,10.0,3200.0,306
2023-05-09 21:21:26,SR311P6900,SR311P6900,320.0,0.0,0.0,0.0,5,325.0,328.5,20,326.0,320.0,320.0,320.0,10.0,3200.0,306
2023-05-09 21:21:26,SR311P6900,SR311P6900,320.0,0.0,0.0,0.0,5,325.0,328.5,40,326.0,320.0,320.0,320.0,10.0,3200.0,306
2023-05-09 21:21:30,SR311P6900,SR311P6900,320.0,0.0,0.0,0.0,5,325.0,328.5,30,326.0,320.0,320.0,320.0,10.0,3200.0,306
2023-05-09 21:21:36,SR311P6900,SR311P6900,320.0,0.0,0.0,0.0,15,325.0,328.5,20,326.0,320.0,320.0,320.0,10.0,3200.0,306
2023-05-09 21:21:39,SR311P6900,SR311P6900,320.0,0.0,0.0,0.0,5,325.0,328.0,20,326.0,320.0,320.0,320.0,10.0,3200.0,306
2023-05-09 21:21:43,SR311P6900,SR311P6900,320.0,0.0,0.0,0.0,5,325.0,328.0,30,326.0,320.0,320.0,320.0,10.0,3200.0,306
2023-05-09 21:21:43,SR311P6900,SR311P6900,320.0,0.0,0.0,0.0,5,325.0,328.0,40,326.0,320.0,320.0,320.0,10.0,3200.0,306
2023-05-09 21:21:52,SR311P6900,SR311P6900,320.0,0.0,0.0,0.0,5,325.0,328.0,30,326.0,320.0,320.0,320.0,10.0,3200.0,306
2023-05-09 21:21:53,SR311P6900,SR311P6900,320.0,0.0,0.0,0.0,5,325.0,328.0,20,326.0,320.0,320.0,320.0,10.0,3200.0,306
2023-05-09 21:21:54,SR311P6900,SR311P6900,320.0,0.0,0.0,0.0,15,325.0,328.0,20,326.0,320.0,320.0,320.0,10.0,3200.0,306
2023-05-09 21:21:55,SR311P6900,SR311P6900,320.0,0.0,0.0,0.0,15,325.0,328.0,10,326.0,320.0,320.0,320.0,10.0,3200.0,306
2023-05-09 21:21:55,SR311P6900,SR311P6900,320.0,0.0,0.0,0.0,25,325.0,328.5,50,326.0,320.0,320.0,320.0,10.0,3200.0,306
2023-05-09 21:21:56,SR311P6900,SR311P6900,320.0,0.0,0.0,0.0,15,325.0,328.5,50,326.0,320.0,320.0,320.0,10.0,3200.0,306
2023-05-09 21:21:57,SR311P6900,SR311P6900,320.0,0.0,0.0,0.0,15,325.0,328.5,40,326.0,320.0,320.0,320.0,10.0,3200.0,306
2023-05-09 21:22:00,SR311P6900,SR311P6900,320.0,0.0,0.0,0.0,5,325.0,328.5,50,326.0,320.0,320.0,320.0,10.0,3200.0,306
2023-05-09 21:22:00,SR311P6900,SR311P6900,320.0,0.0,0.0,0.0,5,325.0,328.0,10,326.0,320.0,320.0,320.0,10.0,3200.0,306
2023-05-09 21:22:07,SR311P6900,SR311P6900,320.0,0.0,0.0,0.0,5,325.0,328.0,30,326.0,320.0,320.0,320.0,10.0,3200.0,306
2023-05-09 21:22:13,SR311P6900,SR311P6900,320.0,0.0,0.0,0.0,5,325.0,328.0,20,326.0,320.0,320.0,320.0,10.0,3200.0,306
2023-05-09 21:22:21,SR311P6900,SR311P6900,320.0,0.0,0.0,0.0,5,325.0,328.0,30,326.0,320.0,320.0,320.0,10.0,3200.0,306
2023-05-09 21:22:24,SR311P6900,SR311P6900,320.0,0.0,0.0,0.0,5,325.0,327.0,30,326.0,320.0,320.0,320.0,10.0,3200.0,306
2023-05-09 21:22:26,SR311P6900,SR311P6900,325.0,1.0,325.5,1.0,4,325.0,327.0,30,326.0,320.0,325.0,320.0,11.0,3525.5,307
2023-05-09 21:22:27,SR311P6900,SR311P6900,325.0,0.0,0.0,0.0,4,325.0,327.0,20,326.0,320.0,325.0,320.0,11.0,3525.5,307
2023-05-09 21:22:28,SR311P6900,SR311P6900,325.0,0.0,0.0,0.0,5,323.5,327.0,30,326.0,320.0,325.0,320.0,11.0,3525.5,307
2023-05-09 21:22:29,SR311P6900,SR311P6900,325.0,0.0,0.0,0.0,10,324.5,327.0,30,326.0,320.0,325.0,320.0,11.0,3525.5,307
2023-05-09 21:22:29,SR311P6900,SR311P6900,325.0,0.0,0.0,0.0,5,323.5,327.0,30,326.0,320.0,325.0,320.0,11.0,3525.5,307
2023-05-09 21:22:35,SR311P6900,SR311P6900,325.0,0.0,0.0,0.0,5,323.5,327.0,20,326.0,320.0,325.0,320.0,11.0,3525.5,307
2023-05-09 21:22:43,SR311P6900,SR311P6900,325.0,0.0,0.0,0.0,5,323.5,327.0,30,326.0,320.0,325.0,320.0,11.0,3525.5,307
2023-05-09 21:22:47,SR311P6900,SR311P6900,325.0,0.0,0.0,0.0,5,323.5,327.0,40,326.0,320.0,325.0,320.0,11.0,3525.5,307
2023-05-09 21:22:48,SR311P6900,SR311P6900,325.0,0.0,0.0,0.0,5,323.5,326.5,10,326.0,320.0,325.0,320.0,11.0,3525.5,307
2023-05-09 21:22:53,SR311P6900,SR311P6900,325.0,0.0,0.0,0.0,5,323.5,326.5,30,326.0,320.0,325.0,320.0,11.0,3525.5,307
2023-05-09 21:23:06,SR311P6900,SR311P6900,325.0,0.0,0.0,0.0,30,322.5,326.5,35,326.0,320.0,325.0,320.0,11.0,3525.5,307
2023-05-09 21:23:06,SR311P6900,SR311P6900,325.0,0.0,0.0,0.0,30,321.5,325.5,10,326.0,320.0,325.0,320.0,11.0,3525.5,307
2023-05-09 21:23:06,SR311P6900,SR311P6900,325.0,0.0,0.0,0.0,20,321.5,325.5,20,326.0,320.0,325.0,320.0,11.0,3525.5,307
2023-05-09 21:23:10,SR311P6900,SR311P6900,325.0,0.0,0.0,0.0,30,321.5,325.5,10,326.0,320.0,325.0,320.0,11.0,3525.5,307
2023-05-09 21:23:10,SR311P6900,SR311P6900,325.0,0.0,0.0,0.0,30,321.5,326.0,20,326.0,320.0,325.0,320.0,11.0,3525.5,307
2023-05-09 21:23:15,SR311P6900,SR311P6900,325.0,0.0,0.0,0.0,20,321.5,325.5,10,326.0,320.0,325.0,320.0,11.0,3525.5,307
2023-05-09 21:23:15,SR311P6900,SR311P6900,325.0,0.0,0.0,0.0,20,321.5,325.5,20,326.0,320.0,325.0,320.0,11.0,3525.5,307
2023-05-09 21:23:24,SR311P6900,SR311P6900,325.0,0.0,0.0,0.0,45,321.0,325.0,20,326.0,320.0,325.0,320.0,11.0,3525.5,307
2023-05-09 21:23:34,SR311P6900,SR311P6900,325.0,0.0,0.0,0.0,35,321.0,325.0,30,326.0,320.0,325.0,320.0,11.0,3525.5,307
2023-05-09 21:23:36,SR311P6900,SR311P6900,325.0,0.0,0.0,0.0,25,321.0,325.0,40,326.0,320.0,325.0,320.0,11.0,3525.5,307
2023-05-09 21:23:42,SR311P6900,SR311P6900,325.0,0.0,0.0,0.0,10,321.5,325.0,30,326.0,320.0,325.0,320.0,11.0,3525.5,307
2023-05-09 21:23:42,SR311P6900,SR311P6900,325.0,0.0,0.0,0.0,20,321.5,325.0,30,326.0,320.0,325.0,320.0,11.0,3525.5,307
2023-05-09 21:23:46,SR311P6900,SR311P6900,325.0,0.0,0.0,0.0,20,321.5,326.0,50,326.0,320.0,325.0,320.0,11.0,3525.5,307
2023-05-09 21:23:46,SR311P6900,SR311P6900,325.0,0.0,0.0,0.0,20,321.5,326.0,40,326.0,320.0,325.0,320.0,11.0,3525.5,307
2023-05-09 21:23:53,SR311P6900,SR311P6900,325.0,0.0,0.0,0.0,20,321.5,325.0,30,326.0,320.0,325.0,320.0,11.0,3525.5,307
2023-05-09 21:24:01,SR311P6900,SR311P6900,325.0,0.0,0.0,0.0,20,321.5,325.0,20,326.0,320.0,325.0,320.0,11.0,3525.5,307
2023-05-09 21:24:11,SR311P6900,SR311P6900,325.0,0.0,0.0,0.0,10,322.0,325.0,10,326.0,320.0,325.0,320.0,11.0,3525.5,307
2023-05-09 21:24:12,SR311P6900,SR311P6900,325.0,0.0,0.0,0.0,20,322.0,326.0,40,326.0,320.0,325.0,320.0,11.0,3525.5,307
2023-05-09 21:24:21,SR311P6900,SR311P6900,325.0,0.0,0.0,0.0,20,322.0,326.0,30,326.0,320.0,325.0,320.0,11.0,3525.5,307
2023-05-09 21:24:31,SR311P6900,SR311P6900,325.0,0.0,0.0,0.0,20,321.5,325.5,20,326.0,320.0,325.0,320.0,11.0,3525.5,307
2023-05-09 21:24:42,SR311P6900,SR311P6900,325.0,0.0,0.0,0.0,10,322.0,325.5,10,326.0,320.0,325.0,320.0,11.0,3525.5,307
2023-05-09 21:24:43,SR311P6900,SR311P6900,325.0,0.0,0.0,0.0,20,322.0,326.0,30,326.0,320.0,325.0,320.0,11.0,3525.5,307
2023-05-09 21:24:46,SR311P6900,SR311P6900,325.0,0.0,0.0,0.0,25,322.0,326.0,30,326.0,320.0,325.0,320.0,11.0,3525.5,307
2023-05-09 21:25:04,SR311P6900,SR311P6900,325.0,0.0,0.0,0.0,15,322.0,326.0,40,326.0,320.0,325.0,320.0,11.0,3525.5,307
2023-05-09 21:25:04,SR311P6900,SR311P6900,325.0,0.0,0.0,0.0,5,322.0,326.0,40,326.0,320.0,325.0,320.0,11.0,3525.5,307
2023-05-09 21:25:05,SR311P6900,SR311P6900,325.0,0.0,0.0,0.0,5,322.0,325.0,10,326.0,320.0,325.0,320.0,11.0,3525.5,307
2023-05-09 21:25:05,SR311P6900,SR311P6900,325.0,0.0,0.0,0.0,5,322.0,325.0,20,326.0,320.0,325.0,320.0,11.0,3525.5,307
2023-05-09 21:25:06,SR311P6900,SR311P6900,325.0,0.0,0.0,0.0,5,322.0,325.0,10,326.0,320.0,325.0,320.0,11.0,3525.5,307
2023-05-09 21:25:08,SR311P6900,SR311P6900,325.0,0.0,0.0,0.0,5,322.0,325.0,20,326.0,320.0,325.0,320.0,11.0,3525.5,307
2023-05-09 21:25:24,SR311P6900,SR311P6900,325.0,0.0,0.0,0.0,5,322.0,326.0,50,326.0,320.0,325.0,320.0,11.0,3525.5,307
2023-05-09 21:25:24,SR311P6900,SR311P6900,325.0,0.0,0.0,0.0,5,322.0,326.0,40,326.0,320.0,325.0,320.0,11.0,3525.5,307
2023-05-09 21:25:49,SR311P6900,SR311P6900,325.0,0.0,0.0,0.0,5,322.0,325.0,30,326.0,320.0,325.0,320.0,11.0,3525.5,307
2023-05-09 21:25:57,SR311P6900,SR311P6900,325.0,0.0,0.0,0.0,15,321.0,324.5,10,326.0,320.0,325.0,320.0,11.0,3525.5,307
2023-05-09 21:26:10,SR311P6900,SR311P6900,325.0,0.0,0.0,0.0,15,321.0,325.0,40,326.0,320.0,325.0,320.0,11.0,3525.5,307
2023-05-09 21:26:11,SR311P6900,SR311P6900,325.0,0.0,0.0,0.0,25,321.0,325.0,40,326.0,320.0,325.0,320.0,11.0,3525.5,307
2023-05-09 21:26:19,SR311P6900,SR311P6900,325.0,0.0,0.0,0.0,15,321.0,325.0,40,326.0,320.0,325.0,320.0,11.0,3525.5,307
2023-05-09 21:26:20,SR311P6900,SR311P6900,325.0,0.0,0.0,0.0,5,321.0,324.5,10,326.0,320.0,325.0,320.0,11.0,3525.5,307
2023-05-09 21:26:26,SR311P6900,SR311P6900,325.0,0.0,0.0,0.0,15,321.0,325.0,50,326.0,320.0,325.0,320.0,11.0,3525.5,307
2023-05-09 21:26:31,SR311P6900,SR311P6900,325.0,0.0,0.0,0.0,25,321.0,325.0,30,326.0,320.0,325.0,320.0,11.0,3525.5,307
2023-05-09 21:26:37,SR311P6900,SR311P6900,325.0,0.0,0.0,0.0,15,321.0,324.5,10,326.0,320.0,325.0,320.0,11.0,3525.5,307
2023-05-09 21:26:43,SR311P6900,SR311P6900,325.0,0.0,0.0,0.0,25,321.0,324.5,20,326.0,320.0,325.0,320.0,11.0,3525.5,307
2023-05-09 21:26:43,SR311P6900,SR311P6900,325.0,0.0,0.0,0.0,35,321.0,325.0,30,326.0,320.0,325.0,320.0,11.0,3525.5,307
2023-05-09 21:26:43,SR311P6900,SR311P6900,325.0,0.0,0.0,0.0,35,321.0,325.0,20,326.0,320.0,325.0,320.0,11.0,3525.5,307
2023-05-09 21:26:45,SR311P6900,SR311P6900,325.0,0.0,0.0,0.0,35,321.0,325.0,10,326.0,320.0,325.0,320.0,11.0,3525.5,307
2023-05-09 21:26:45,SR311P6900,SR311P6900,325.0,0.0,0.0,0.0,45,321.0,325.0,20,326.0,320.0,325.0,320.0,11.0,3525.5,307
2023-05-09 21:26:48,SR311P6900,SR311P6900,325.0,0.0,0.0,0.0,30,322.0,325.0,10,326.0,320.0,325.0,320.0,11.0,3525.5,307
2023-05-09 21:26:49,SR311P6900,SR311P6900,325.0,0.0,0.0,0.0,30,322.0,325.0,20,326.0,320.0,325.0,320.0,11.0,3525.5,307
2023-05-09 21:26:50,SR311P6900,SR311P6900,325.0,0.0,0.0,0.0,30,322.0,325.0,10,326.0,320.0,325.0,320.0,11.0,3525.5,307
2023-05-09 21:26:50,SR311P6900,SR311P6900,325.0,0.0,0.0,0.0,30,322.0,325.0,20,326.0,320.0,325.0,320.0,11.0,3525.5,307
2023-05-09 21:26:51,SR311P6900,SR311P6900,325.0,0.0,0.0,0.0,30,322.0,325.0,10,326.0,320.0,325.0,320.0,11.0,3525.5,307
2023-05-09 21:26:51,SR311P6900,SR311P6900,325.0,0.0,0.0,0.0,30,322.0,325.0,20,326.0,320.0,325.0,320.0,11.0,3525.5,307
2023-05-09 21:26:52,SR311P6900,SR311P6900,325.0,0.0,0.0,0.0,30,322.0,325.0,10,326.0,320.0,325.0,320.0,11.0,3525.5,307
2023-05-09 21:26:55,SR311P6900,SR311P6900,325.0,0.0,0.0,0.0,20,322.0,325.0,20,326.0,320.0,325.0,320.0,11.0,3525.5,307
2023-05-09 21:26:55,SR311P6900,SR311P6900,325.0,0.0,0.0,0.0,10,322.0,325.0,20,326.0,320.0,325.0,320.0,11.0,3525.5,307
2023-05-09 21:26:56,SR311P6900,SR311P6900,325.0,0.0,0.0,0.0,30,321.5,325.0,10,326.0,320.0,325.0,320.0,11.0,3525.5,307
2023-05-09 21:26:57,SR311P6900,SR311P6900,325.0,0.0,0.0,0.0,30,321.5,325.0,20,326.0,320.0,325.0,320.0,11.0,3525.5,307
2023-05-09 21:27:16,SR311P6900,SR311P6900,325.0,0.0,0.0,0.0,35,321.0,325.0,30,326.0,320.0,325.0,320.0,11.0,3525.5,307
2023-05-09 21:27:22,SR311P6900,SR311P6900,325.0,0.0,0.0,0.0,10,321.5,325.0,20,326.0,320.0,325.0,320.0,11.0,3525.5,307
2023-05-09 21:27:23,SR311P6900,SR311P6900,325.0,0.0,0.0,0.0,20,321.5,325.0,20,326.0,320.0,325.0,320.0,11.0,3525.5,307
2023-05-09 21:27:28,SR311P6900,SR311P6900,325.0,0.0,0.0,0.0,10,321.5,325.0,20,326.0,320.0,325.0,320.0,11.0,3525.5,307
2023-05-09 21:27:32,SR311P6900,SR311P6900,325.0,0.0,0.0,0.0,25,321.0,325.0,30,326.0,320.0,325.0,320.0,11.0,3525.5,307
2023-05-09 21:27:46,SR311P6900,SR311P6900,325.0,0.0,0.0,0.0,20,321.5,325.0,20,326.0,320.0,325.0,320.0,11.0,3525.5,307
2023-05-09 21:27:58,SR311P6900,SR311P6900,325.0,0.0,0.0,0.0,40,321.5,325.0,10,326.0,320.0,325.0,320.0,11.0,3525.5,307
2023-05-09 21:27:58,SR311P6900,SR311P6900,325.0,0.0,0.0,0.0,40,321.5,325.5,35,326.0,320.0,325.0,320.0,11.0,3525.5,307
2023-05-09 21:28:03,SR311P6900,SR311P6900,325.0,0.0,0.0,0.0,30,321.5,325.5,45,326.0,320.0,325.0,320.0,11.0,3525.5,307
2023-05-09 21:28:09,SR311P6900,SR311P6900,325.0,0.0,0.0,0.0,40,321.5,325.5,35,326.0,320.0,325.0,320.0,11.0,3525.5,307
2023-05-09 21:28:26,SR311P6900,SR311P6900,325.0,0.0,0.0,0.0,20,322.5,325.5,15,326.0,320.0,325.0,320.0,11.0,3525.5,307
2023-05-09 21:28:26,SR311P6900,SR311P6900,325.0,0.0,0.0,0.0,20,322.5,325.5,5,326.0,320.0,325.0,320.0,11.0,3525.5,307
2023-05-09 21:28:36,SR311P6900,SR311P6900,325.0,0.0,0.0,0.0,20,322.5,325.5,15,326.0,320.0,325.0,320.0,11.0,3525.5,307
2023-05-09 21:28:36,SR311P6900,SR311P6900,325.0,0.0,0.0,0.0,10,322.5,325.5,25,326.0,320.0,325.0,320.0,11.0,3525.5,307
2023-05-09 21:28:37,SR311P6900,SR311P6900,325.0,0.0,0.0,0.0,20,322.0,325.5,25,326.0,320.0,325.0,320.0,11.0,3525.5,307
2023-05-09 21:28:40,SR311P6900,SR311P6900,325.0,0.0,0.0,0.0,30,322.0,325.5,5,326.0,320.0,325.0,320.0,11.0,3525.5,307
2023-05-09 21:28:56,SR311P6900,SR311P6900,325.0,0.0,0.0,0.0,10,322.0,325.5,15,326.0,320.0,325.0,320.0,11.0,3525.5,307
2023-05-09 21:28:56,SR311P6900,SR311P6900,325.0,0.0,0.0,0.0,10,321.5,325.5,35,326.0,320.0,325.0,320.0,11.0,3525.5,307
2023-05-09 21:28:56,SR311P6900,SR311P6900,325.0,0.0,0.0,0.0,45,321.0,325.5,35,326.0,320.0,325.0,320.0,11.0,3525.5,307
2023-05-09 21:29:13,SR311P6900,SR311P6900,325.0,0.0,0.0,0.0,55,321.0,325.5,35,326.0,320.0,325.0,320.0,11.0,3525.5,307
2023-05-09 21:29:16,SR311P6900,SR311P6900,325.0,0.0,0.0,0.0,45,321.0,325.0,10,326.0,320.0,325.0,320.0,11.0,3525.5,307
2023-05-09 21:29:16,SR311P6900,SR311P6900,325.0,0.0,0.0,0.0,45,321.0,325.0,20,326.0,320.0,325.0,320.0,11.0,3525.5,307
2023-05-09 21:29:50,SR311P6900,SR311P6900,325.0,0.0,0.0,0.0,10,321.5,325.0,10,326.0,320.0,325.0,320.0,11.0,3525.5,307
2023-05-09 21:29:50,SR311P6900,SR311P6900,325.0,0.0,0.0,0.0,20,321.5,325.5,35,326.0,320.0,325.0,320.0,11.0,3525.5,307
2023-05-09 21:29:56,SR311P6900,SR311P6900,325.0,0.0,0.0,0.0,10,322.0,325.5,25,326.0,320.0,325.0,320.0,11.0,3525.5,307
2023-05-09 21:29:57,SR311P6900,SR311P6900,325.0,0.0,0.0,0.0,35,322.0,326.0,30,326.0,320.0,325.0,320.0,11.0,3525.5,307
2023-05-09 21:29:58,SR311P6900,SR311P6900,325.0,0.0,0.0,0.0,25,322.0,326.0,30,326.0,320.0,325.0,320.0,11.0,3525.5,307
2023-05-09 21:30:02,SR311P6900,SR311P6900,325.0,0.0,0.0,0.0,30,322.5,326.5,35,326.0,320.0,325.0,320.0,11.0,3525.5,307
2023-05-09 21:30:02,SR311P6900,SR311P6900,325.0,0.0,0.0,0.0,5,323.0,326.5,35,326.0,320.0,325.0,320.0,11.0,3525.5,307
2023-05-09 21:30:03,SR311P6900,SR311P6900,325.0,0.0,0.0,0.0,5,323.0,326.5,15,326.0,320.0,325.0,320.0,11.0,3525.5,307
2023-05-09 21:30:03,SR311P6900,SR311P6900,325.0,0.0,0.0,0.0,15,323.0,326.5,15,326.0,320.0,325.0,320.0,11.0,3525.5,307
2023-05-09 21:30:03,SR311P6900,SR311P6900,325.0,0.0,0.0,0.0,15,323.0,326.5,10,326.0,320.0,325.0,320.0,11.0,3525.5,307
2023-05-09 21:30:05,SR311P6900,SR311P6900,325.0,0.0,0.0,0.0,25,323.0,326.5,20,326.0,320.0,325.0,320.0,11.0,3525.5,307
2023-05-09 21:30:08,SR311P6900,SR311P6900,325.0,0.0,0.0,0.0,10,323.5,326.5,10,326.0,320.0,325.0,320.0,11.0,3525.5,307
2023-05-09 21:30:08,SR311P6900,SR311P6900,325.0,0.0,0.0,0.0,30,323.5,327.5,50,326.0,320.0,325.0,320.0,11.0,3525.5,307
2023-05-09 21:30:09,SR311P6900,SR311P6900,325.0,0.0,0.0,0.0,30,323.5,327.5,40,326.0,320.0,325.0,320.0,11.0,3525.5,307
2023-05-09 21:30:09,SR311P6900,SR311P6900,325.0,0.0,0.0,0.0,20,324.0,327.5,10,326.0,320.0,325.0,320.0,11.0,3525.5,307
2023-05-09 21:30:10,SR311P6900,SR311P6900,325.0,0.0,0.0,0.0,30,324.0,327.5,10,326.0,320.0,325.0,320.0,11.0,3525.5,307
2023-05-09 21:30:10,SR311P6900,SR311P6900,325.0,0.0,0.0,0.0,20,324.0,327.5,10,326.0,320.0,325.0,320.0,11.0,3525.5,307
2023-05-09 21:30:11,SR311P6900,SR311P6900,325.0,0.0,0.0,0.0,35,324.0,327.5,20,326.0,320.0,325.0,320.0,11.0,3525.5,307
2023-05-09 21:30:19,SR311P6900,SR311P6900,325.0,0.0,0.0,0.0,45,324.0,328.0,20,326.0,320.0,325.0,320.0,11.0,3525.5,307
2023-05-09 21:30:19,SR311P6900,SR311P6900,325.0,0.0,0.0,0.0,20,324.5,328.0,10,326.0,320.0,325.0,320.0,11.0,3525.5,307
2023-05-09 21:30:20,SR311P6900,SR311P6900,325.0,0.0,0.0,0.0,10,325.0,328.5,30,326.0,320.0,325.0,320.0,11.0,3525.5,307
2023-05-09 21:30:20,SR311P6900,SR311P6900,325.0,0.0,0.0,0.0,20,325.0,328.5,20,326.0,320.0,325.0,320.0,11.0,3525.5,307
2023-05-09 21:30:21,SR311P6900,SR311P6900,325.0,0.0,0.0,0.0,10,325.0,328.5,20,326.0,320.0,325.0,320.0,11.0,3525.5,307
2023-05-09 21:30:22,SR311P6900,SR311P6900,325.0,0.0,0.0,0.0,20,325.0,328.5,20,326.0,320.0,325.0,320.0,11.0,3525.5,307
2023-05-09 21:30:24,SR311P6900,SR311P6900,325.0,0.0,0.0,0.0,30,325.0,328.5,20,326.0,320.0,325.0,320.0,11.0,3525.5,307
2023-05-09 21:30:25,SR311P6900,SR311P6900,325.0,0.0,0.0,0.0,30,325.0,328.5,10,326.0,320.0,325.0,320.0,11.0,3525.5,307
2023-05-09 21:30:26,SR311P6900,SR311P6900,325.0,0.0,0.0,0.0,10,326.0,329.5,20,326.0,320.0,325.0,320.0,11.0,3525.5,307
2023-05-09 21:30:26,SR311P6900,SR311P6900,325.0,0.0,0.0,0.0,45,325.5,329.5,10,326.0,320.0,325.0,320.0,11.0,3525.5,307
2023-05-09 21:30:27,SR311P6900,SR311P6900,325.0,0.0,0.0,0.0,30,326.0,330.0,10,326.0,320.0,325.0,320.0,11.0,3525.5,307
2023-05-09 21:30:27,SR311P6900,SR311P6900,325.0,0.0,0.0,0.0,10,326.5,330.5,40,326.0,320.0,325.0,320.0,11.0,3525.5,307
2023-05-09 21:30:27,SR311P6900,SR311P6900,325.0,0.0,0.0,0.0,10,326.5,330.5,30,326.0,320.0,325.0,320.0,11.0,3525.5,307
2023-05-09 21:30:28,SR311P6900,SR311P6900,325.0,0.0,0.0,0.0,20,326.5,330.5,30,326.0,320.0,325.0,320.0,11.0,3525.5,307
2023-05-09 21:30:32,SR311P6900,SR311P6900,325.0,0.0,0.0,0.0,10,326.5,330.0,10,326.0,320.0,325.0,320.0,11.0,3525.5,307
2023-05-09 21:30:33,SR311P6900,SR311P6900,325.0,0.0,0.0,0.0,50,326.0,330.0,10,326.0,320.0,325.0,320.0,11.0,3525.5,307
2023-05-09 21:30:35,SR311P6900,SR311P6900,325.0,0.0,0.0,0.0,25,327.0,330.5,20,326.0,320.0,325.0,320.0,11.0,3525.5,307
2023-05-09 21:30:35,SR311P6900,SR311P6900,325.0,0.0,0.0,0.0,45,327.0,330.5,10,326.0,320.0,325.0,320.0,11.0,3525.5,307
2023-05-09 21:30:38,SR311P6900,SR311P6900,325.0,0.0,0.0,0.0,20,327.5,331.0,10,326.0,320.0,325.0,320.0,11.0,3525.5,307
2023-05-09 21:30:39,SR311P6900,SR311P6900,325.0,0.0,0.0,0.0,30,327.5,331.5,35,326.0,320.0,325.0,320.0,11.0,3525.5,307
2023-05-09 21:30:40,SR311P6900,SR311P6900,325.0,0.0,0.0,0.0,10,327.5,331.0,10,326.0,320.0,325.0,320.0,11.0,3525.5,307
2023-05-09 21:30:40,SR311P6900,SR311P6900,325.0,0.0,0.0,0.0,45,327.0,331.0,20,326.0,320.0,325.0,320.0,11.0,3525.5,307
2023-05-09 21:30:43,SR311P6900,SR311P6900,325.0,0.0,0.0,0.0,10,327.5,331.0,10,326.0,320.0,325.0,320.0,11.0,3525.5,307
2023-05-09 21:30:43,SR311P6900,SR311P6900,325.0,0.0,0.0,0.0,20,327.5,331.5,55,326.0,320.0,325.0,320.0,11.0,3525.5,307
2023-05-09 21:30:45,SR311P6900,SR311P6900,325.0,0.0,0.0,0.0,10,327.5,331.0,10,326.0,320.0,325.0,320.0,11.0,3525.5,307
2023-05-09 21:30:45,SR311P6900,SR311P6900,325.0,0.0,0.0,0.0,45,327.0,331.0,20,326.0,320.0,325.0,320.0,11.0,3525.5,307
2023-05-09 21:30:48,SR311P6900,SR311P6900,325.0,0.0,0.0,0.0,20,327.5,331.5,55,326.0,320.0,325.0,320.0,11.0,3525.5,307
2023-05-09 21:30:48,SR311P6900,SR311P6900,325.0,0.0,0.0,0.0,45,327.0,331.0,20,326.0,320.0,325.0,320.0,11.0,3525.5,307
2023-05-09 21:30:50,SR311P6900,SR311P6900,325.0,0.0,0.0,0.0,30,327.5,331.5,35,326.0,320.0,325.0,320.0,11.0,3525.5,307
2023-05-09 21:30:50,SR311P6900,SR311P6900,325.0,0.0,0.0,0.0,40,327.5,331.5,25,326.0,320.0,325.0,320.0,11.0,3525.5,307
2023-05-09 21:30:51,SR311P6900,SR311P6900,325.0,0.0,0.0,0.0,30,328.5,332.5,30,326.0,320.0,325.0,320.0,11.0,3525.5,307
2023-05-09 21:30:51,SR311P6900,SR311P6900,325.0,0.0,0.0,0.0,40,328.5,332.5,30,326.0,320.0,325.0,320.0,11.0,3525.5,307
2023-05-09 21:30:51,SR311P6900,SR311P6900,325.0,0.0,0.0,0.0,40,328.5,332.5,20,326.0,320.0,325.0,320.0,11.0,3525.5,307
2023-05-09 21:30:54,SR311P6900,SR311P6900,325.0,0.0,0.0,0.0,30,328.5,332.0,10,326.0,320.0,325.0,320.0,11.0,3525.5,307
2023-05-09 21:30:57,SR311P6900,SR311P6900,325.0,0.0,0.0,0.0,40,328.5,332.5,20,326.0,320.0,325.0,320.0,11.0,3525.5,307
2023-05-09 21:31:08,SR311P6900,SR311P6900,325.0,0.0,0.0,0.0,50,328.5,333.0,50,326.0,320.0,325.0,320.0,11.0,3525.5,307
2023-05-09 21:31:08,SR311P6900,SR311P6900,325.0,0.0,0.0,0.0,10,329.0,333.0,30,326.0,320.0,325.0,320.0,11.0,3525.5,307
2023-05-09 21:31:09,SR311P6900,SR311P6900,325.0,0.0,0.0,0.0,50,328.5,333.0,30,326.0,320.0,325.0,320.0,11.0,3525.5,307
2023-05-09 21:31:11,SR311P6900,SR311P6900,325.0,0.0,0.0,0.0,40,328.5,333.0,40,326.0,320.0,325.0,320.0,11.0,3525.5,307
2023-05-09 21:31:11,SR311P6900,SR311P6900,325.0,0.0,0.0,0.0,10,329.0,333.0,30,326.0,320.0,325.0,320.0,11.0,3525.5,307
2023-05-09 21:31:12,SR311P6900,SR311P6900,325.0,0.0,0.0,0.0,15,329.5,333.0,10,326.0,320.0,325.0,320.0,11.0,3525.5,307
2023-05-09 21:31:12,SR311P6900,SR311P6900,325.0,0.0,0.0,0.0,15,329.5,333.5,25,326.0,320.0,325.0,320.0,11.0,3525.5,307
2023-05-09 21:31:13,SR311P6900,SR311P6900,325.0,0.0,0.0,0.0,5,329.5,333.0,10,326.0,320.0,325.0,320.0,11.0,3525.5,307
2023-05-09 21:31:14,SR311P6900,SR311P6900,325.0,0.0,0.0,0.0,5,329.5,333.0,20,326.0,320.0,325.0,320.0,11.0,3525.5,307
2023-05-09 21:31:15,SR311P6900,SR311P6900,325.0,0.0,0.0,0.0,5,329.5,333.0,30,326.0,320.0,325.0,320.0,11.0,3525.5,307
2023-05-09 21:31:17,SR311P6900,SR311P6900,325.0,0.0,0.0,0.0,5,329.5,332.5,10,326.0,320.0,325.0,320.0,11.0,3525.5,307
2023-05-09 21:31:17,SR311P6900,SR311P6900,325.0,0.0,0.0,0.0,5,329.5,332.5,20,326.0,320.0,325.0,320.0,11.0,3525.5,307
2023-05-09 21:31:19,SR311P6900,SR311P6900,325.0,0.0,0.0,0.0,5,329.5,332.0,10,326.0,320.0,325.0,320.0,11.0,3525.5,307
2023-05-09 21:31:19,SR311P6900,SR311P6900,325.0,0.0,0.0,0.0,5,329.5,332.0,20,326.0,320.0,325.0,320.0,11.0,3525.5,307
2023-05-09 21:31:20,SR311P6900,SR311P6900,325.0,0.0,0.0,0.0,5,329.5,332.0,10,326.0,320.0,325.0,320.0,11.0,3525.5,307
2023-05-09 21:31:21,SR311P6900,SR311P6900,325.0,0.0,0.0,0.0,5,329.5,332.5,20,326.0,320.0,325.0,320.0,11.0,3525.5,307
2023-05-09 21:31:23,SR311P6900,SR311P6900,325.0,0.0,0.0,0.0,5,329.5,332.0,10,326.0,320.0,325.0,320.0,11.0,3525.5,307
2023-05-09 21:31:31,SR311P6900,SR311P6900,325.0,0.0,0.0,0.0,5,329.5,332.0,20,326.0,320.0,325.0,320.0,11.0,3525.5,307
2023-05-09 21:31:33,SR311P6900,SR311P6900,325.0,0.0,0.0,0.0,5,329.5,332.0,30,326.0,320.0,325.0,320.0,11.0,3525.5,307
2023-05-09 21:31:34,SR311P6900,SR311P6900,325.0,0.0,0.0,0.0,10,328.5,332.0,50,326.0,320.0,325.0,320.0,11.0,3525.5,307
2023-05-09 21:31:34,SR311P6900,SR311P6900,325.0,0.0,0.0,0.0,25,328.0,332.0,50,326.0,320.0,325.0,320.0,11.0,3525.5,307
2023-05-09 21:31:40,SR311P6900,SR311P6900,325.0,0.0,0.0,0.0,15,328.0,331.5,10,326.0,320.0,325.0,320.0,11.0,3525.5,307
2023-05-09 21:31:40,SR311P6900,SR311P6900,325.0,0.0,0.0,0.0,5,328.0,330.5,20,326.0,320.0,325.0,320.0,11.0,3525.5,307
2023-05-09 21:31:42,SR311P6900,SR311P6900,325.0,0.0,0.0,0.0,5,328.0,330.5,30,326.0,320.0,325.0,320.0,11.0,3525.5,307
2023-05-09 21:31:44,SR311P6900,SR311P6900,325.0,0.0,0.0,0.0,5,328.0,331.0,10,326.0,320.0,325.0,320.0,11.0,3525.5,307
2023-05-09 21:31:44,SR311P6900,SR311P6900,325.0,0.0,0.0,0.0,5,328.0,331.5,40,326.0,320.0,325.0,320.0,11.0,3525.5,307
2023-05-09 21:31:46,SR311P6900,SR311P6900,325.0,0.0,0.0,0.0,5,328.0,331.0,20,326.0,320.0,325.0,320.0,11.0,3525.5,307
2023-05-09 21:31:46,SR311P6900,SR311P6900,325.0,0.0,0.0,0.0,5,328.0,331.0,30,326.0,320.0,325.0,320.0,11.0,3525.5,307
2023-05-09 21:31:50,SR311P6900,SR311P6900,325.0,0.0,0.0,0.0,15,328.0,331.0,30,326.0,320.0,325.0,320.0,11.0,3525.5,307
2023-05-09 21:31:58,SR311P6900,SR311P6900,325.0,0.0,0.0,0.0,5,328.0,331.0,30,326.0,320.0,325.0,320.0,11.0,3525.5,307
2023-05-09 21:32:00,SR311P6900,SR311P6900,325.0,0.0,0.0,0.0,5,328.0,330.5,10,326.0,320.0,325.0,320.0,11.0,3525.5,307
2023-05-09 21:32:00,SR311P6900,SR311P6900,325.0,0.0,0.0,0.0,5,328.0,330.5,20,326.0,320.0,325.0,320.0,11.0,3525.5,307
2023-05-09 21:32:10,SR311P6900,SR311P6900,325.0,0.0,0.0,0.0,5,328.0,330.5,30,326.0,320.0,325.0,320.0,11.0,3525.5,307
2023-05-09 21:32:13,SR311P6900,SR311P6900,325.0,0.0,0.0,0.0,5,328.0,330.5,10,326.0,320.0,325.0,320.0,11.0,3525.5,307
2023-05-09 21:32:13,SR311P6900,SR311P6900,325.0,0.0,0.0,0.0,5,328.0,331.5,20,326.0,320.0,325.0,320.0,11.0,3525.5,307
2023-05-09 21:32:13,SR311P6900,SR311P6900,325.0,0.0,0.0,0.0,15,328.0,331.5,20,326.0,320.0,325.0,320.0,11.0,3525.5,307
2023-05-09 21:32:14,SR311P6900,SR311P6900,325.0,0.0,0.0,0.0,25,328.0,331.5,30,326.0,320.0,325.0,320.0,11.0,3525.5,307
2023-05-09 21:32:17,SR311P6900,SR311P6900,325.0,0.0,0.0,0.0,15,328.0,331.5,30,326.0,320.0,325.0,320.0,11.0,3525.5,307
2023-05-09 21:32:21,SR311P6900,SR311P6900,325.0,0.0,0.0,0.0,25,328.0,331.5,30,326.0,320.0,325.0,320.0,11.0,3525.5,307
2023-05-09 21:32:22,SR311P6900,SR311P6900,325.0,0.0,0.0,0.0,15,328.0,331.5,30,326.0,320.0,325.0,320.0,11.0,3525.5,307
2023-05-09 21:32:24,SR311P6900,SR311P6900,325.0,0.0,0.0,0.0,25,328.0,331.5,30,326.0,320.0,325.0,320.0,11.0,3525.5,307
2023-05-09 21:32:25,SR311P6900,SR311P6900,325.0,0.0,0.0,0.0,15,328.0,331.5,30,326.0,320.0,325.0,320.0,11.0,3525.5,307
2023-05-09 21:32:34,SR311P6900,SR311P6900,325.0,0.0,0.0,0.0,15,328.0,330.5,20,326.0,320.0,325.0,320.0,11.0,3525.5,307
2023-05-09 21:32:35,SR311P6900,SR311P6900,325.0,0.0,0.0,0.0,15,328.0,330.5,10,326.0,320.0,325.0,320.0,11.0,3525.5,307
2023-05-09 21:32:38,SR311P6900,SR311P6900,325.0,0.0,0.0,0.0,5,328.0,330.5,20,326.0,320.0,325.0,320.0,11.0,3525.5,307
2023-05-09 21:32:44,SR311P6900,SR311P6900,325.0,0.0,0.0,0.0,40,327.0,330.5,20,326.0,320.0,325.0,320.0,11.0,3525.5,307
2023-05-09 21:32:44,SR311P6900,SR311P6900,325.0,0.0,0.0,0.0,20,327.0,330.5,20,326.0,320.0,325.0,320.0,11.0,3525.5,307
2023-05-09 21:32:45,SR311P6900,SR311P6900,325.0,0.0,0.0,0.0,30,326.5,330.5,30,326.0,320.0,325.0,320.0,11.0,3525.5,307
2023-05-09 21:32:45,SR311P6900,SR311P6900,325.0,0.0,0.0,0.0,20,326.5,330.5,40,326.0,320.0,325.0,320.0,11.0,3525.5,307
2023-05-09 21:32:45,SR311P6900,SR311P6900,325.0,0.0,0.0,0.0,30,326.5,330.5,30,326.0,320.0,325.0,320.0,11.0,3525.5,307
2023-05-09 21:32:45,SR311P6900,SR311P6900,325.0,0.0,0.0,0.0,20,326.5,330.5,40,326.0,320.0,325.0,320.0,11.0,3525.5,307
2023-05-09 21:32:49,SR311P6900,SR311P6900,325.0,0.0,0.0,0.0,10,326.5,329.5,10,326.0,320.0,325.0,320.0,11.0,3525.5,307
2023-05-09 21:32:49,SR311P6900,SR311P6900,325.0,0.0,0.0,0.0,10,326.0,329.5,20,326.0,320.0,325.0,320.0,11.0,3525.5,307
2023-05-09 21:32:50,SR311P6900,SR311P6900,325.0,0.0,0.0,0.0,30,326.0,330.0,20,326.0,320.0,325.0,320.0,11.0,3525.5,307
2023-05-09 21:32:50,SR311P6900,SR311P6900,325.0,0.0,0.0,0.0,20,326.0,330.0,20,326.0,320.0,325.0,320.0,11.0,3525.5,307
2023-05-09 21:32:57,SR311P6900,SR311P6900,325.0,0.0,0.0,0.0,20,326.0,329.5,10,326.0,320.0,325.0,320.0,11.0,3525.5,307
2023-05-09 21:33:12,SR311P6900,SR311P6900,325.0,0.0,0.0,0.0,20,326.0,330.0,20,326.0,320.0,325.0,320.0,11.0,3525.5,307
2023-05-09 21:33:13,SR311P6900,SR311P6900,325.0,0.0,0.0,0.0,10,326.5,330.0,10,326.0,320.0,325.0,320.0,11.0,3525.5,307
2023-05-09 21:33:14,SR311P6900,SR311P6900,325.0,0.0,0.0,0.0,30,326.5,330.5,65,326.0,320.0,325.0,320.0,11.0,3525.5,307
2023-05-09 21:33:19,SR311P6900,SR311P6900,325.0,0.0,0.0,0.0,30,326.5,330.5,55,326.0,320.0,325.0,320.0,11.0,3525.5,307
2023-05-09 21:33:26,SR311P6900,SR311P6900,325.0,0.0,0.0,0.0,20,326.5,330.0,10,326.0,320.0,325.0,320.0,11.0,3525.5,307
2023-05-09 21:33:27,SR311P6900,SR311P6900,325.0,0.0,0.0,0.0,20,326.5,329.5,10,326.0,320.0,325.0,320.0,11.0,3525.5,307
2023-05-09 21:33:27,SR311P6900,SR311P6900,325.0,0.0,0.0,0.0,10,326.0,329.5,20,326.0,320.0,325.0,320.0,11.0,3525.5,307
2023-05-09 21:33:28,SR311P6900,SR311P6900,325.0,0.0,0.0,0.0,20,326.0,329.5,20,326.0,320.0,325.0,320.0,11.0,3525.5,307
2023-05-09 21:33:28,SR311P6900,SR311P6900,325.0,0.0,0.0,0.0,35,325.5,329.5,20,326.0,320.0,325.0,320.0,11.0,3525.5,307
2023-05-09 21:33:28,SR311P6900,SR311P6900,325.0,0.0,0.0,0.0,45,325.5,329.5,20,326.0,320.0,325.0,320.0,11.0,3525.5,307
2023-05-09 21:33:34,SR311P6900,SR311P6900,325.0,0.0,0.0,0.0,55,325.5,330.0,20,326.0,320.0,325.0,320.0,11.0,3525.5,307
2023-05-09 21:33:36,SR311P6900,SR311P6900,325.0,0.0,0.0,0.0,10,326.5,330.0,10,326.0,320.0,325.0,320.0,11.0,3525.5,307
2023-05-09 21:33:36,SR311P6900,SR311P6900,325.0,0.0,0.0,0.0,10,326.5,330.5,55,326.0,320.0,325.0,320.0,11.0,3525.5,307
2023-05-09 21:33:38,SR311P6900,SR311P6900,325.0,0.0,0.0,0.0,20,326.5,330.5,55,326.0,320.0,325.0,320.0,11.0,3525.5,307
2023-05-09 21:33:40,SR311P6900,SR311P6900,325.0,0.0,0.0,0.0,20,326.0,329.5,10,326.0,320.0,325.0,320.0,11.0,3525.5,307
2023-05-09 21:33:41,SR311P6900,SR311P6900,325.0,0.0,0.0,0.0,45,325.5,329.5,10,326.0,320.0,325.0,320.0,11.0,3525.5,307
2023-05-09 21:33:49,SR311P6900,SR311P6900,325.0,0.0,0.0,0.0,10,326.5,330.0,20,326.0,320.0,325.0,320.0,11.0,3525.5,307
2023-05-09 21:33:49,SR311P6900,SR311P6900,325.0,0.0,0.0,0.0,10,326.5,330.5,55,326.0,320.0,325.0,320.0,11.0,3525.5,307
2023-05-09 21:33:52,SR311P6900,SR311P6900,325.0,0.0,0.0,0.0,10,326.0,329.5,10,326.0,320.0,325.0,320.0,11.0,3525.5,307
2023-05-09 21:33:53,SR311P6900,SR311P6900,325.0,0.0,0.0,0.0,35,325.5,329.0,20,326.0,320.0,325.0,320.0,11.0,3525.5,307
2023-05-09 21:33:54,SR311P6900,SR311P6900,325.0,0.0,0.0,0.0,25,325.5,329.0,30,326.0,320.0,325.0,320.0,11.0,3525.5,307
2023-05-09 21:33:54,SR311P6900,SR311P6900,325.0,0.0,0.0,0.0,15,325.5,329.0,30,326.0,320.0,325.0,320.0,11.0,3525.5,307
2023-05-09 21:33:56,SR311P6900,SR311P6900,325.0,0.0,0.0,0.0,15,325.5,328.5,20,326.0,320.0,325.0,320.0,11.0,3525.5,307
2023-05-09 21:34:01,SR311P6900,SR311P6900,325.0,0.0,0.0,0.0,15,325.5,329.0,30,326.0,320.0,325.0,320.0,11.0,3525.5,307
2023-05-09 21:34:11,SR311P6900,SR311P6900,325.0,0.0,0.0,0.0,25,325.5,329.0,30,326.0,320.0,325.0,320.0,11.0,3525.5,307
2023-05-09 21:34:13,SR311P6900,SR311P6900,325.0,0.0,0.0,0.0,15,325.5,329.0,30,326.0,320.0,325.0,320.0,11.0,3525.5,307
2023-05-09 21:34:14,SR311P6900,SR311P6900,325.0,0.0,0.0,0.0,25,325.5,329.0,30,326.0,320.0,325.0,320.0,11.0,3525.5,307
2023-05-09 21:34:16,SR311P6900,SR311P6900,325.0,0.0,0.0,0.0,15,325.5,329.0,30,326.0,320.0,325.0,320.0,11.0,3525.5,307
2023-05-09 21:34:18,SR311P6900,SR311P6900,325.0,0.0,0.0,0.0,15,325.5,328.5,10,326.0,320.0,325.0,320.0,11.0,3525.5,307
2023-05-09 21:34:18,SR311P6900,SR311P6900,325.0,0.0,0.0,0.0,15,325.5,328.5,20,326.0,320.0,325.0,320.0,11.0,3525.5,307
2023-05-09 21:34:28,SR311P6900,SR311P6900,325.0,0.0,0.0,0.0,15,325.5,328.5,10,326.0,320.0,325.0,320.0,11.0,3525.5,307
2023-05-09 21:34:31,SR311P6900,SR311P6900,325.0,0.0,0.0,0.0,15,325.5,329.0,30,326.0,320.0,325.0,320.0,11.0,3525.5,307
2023-05-09 21:34:37,SR311P6900,SR311P6900,325.0,0.0,0.0,0.0,5,325.5,329.0,30,326.0,320.0,325.0,320.0,11.0,3525.5,307
2023-05-09 21:34:41,SR311P6900,SR311P6900,325.0,0.0,0.0,0.0,5,325.5,328.5,10,326.0,320.0,325.0,320.0,11.0,3525.5,307
2023-05-09 21:34:43,SR311P6900,SR311P6900,325.0,0.0,0.0,0.0,5,325.5,328.5,20,326.0,320.0,325.0,320.0,11.0,3525.5,307
2023-05-09 21:34:43,SR311P6900,SR311P6900,325.0,0.0,0.0,0.0,5,325.5,328.5,30,326.0,320.0,325.0,320.0,11.0,3525.5,307
2023-05-09 21:34:44,SR311P6900,SR311P6900,325.0,0.0,0.0,0.0,5,325.5,328.0,10,326.0,320.0,325.0,320.0,11.0,3525.5,307
2023-05-09 21:34:48,SR311P6900,SR311P6900,325.0,0.0,0.0,0.0,5,325.5,328.5,30,326.0,320.0,325.0,320.0,11.0,3525.5,307
2023-05-09 21:34:54,SR311P6900,SR311P6900,325.0,0.0,0.0,0.0,5,325.5,328.0,20,326.0,320.0,325.0,320.0,11.0,3525.5,307
2023-05-09 21:34:58,SR311P6900,SR311P6900,325.0,0.0,0.0,0.0,5,325.5,328.0,10,326.0,320.0,325.0,320.0,11.0,3525.5,307
2023-05-09 21:35:09,SR311P6900,SR311P6900,325.0,0.0,0.0,0.0,5,325.5,328.0,20,326.0,320.0,325.0,320.0,11.0,3525.5,307
2023-05-09 21:35:10,SR311P6900,SR311P6900,325.0,0.0,0.0,0.0,5,325.5,328.0,30,326.0,320.0,325.0,320.0,11.0,3525.5,307
2023-05-09 21:35:22,SR311P6900,SR311P6900,325.0,0.0,0.0,0.0,15,325.5,328.0,30,326.0,320.0,325.0,320.0,11.0,3525.5,307
2023-05-09 21:35:23,SR311P6900,SR311P6900,325.0,0.0,0.0,0.0,15,325.5,328.0,20,326.0,320.0,325.0,320.0,11.0,3525.5,307
2023-05-09 21:35:23,SR311P6900,SR311P6900,325.0,0.0,0.0,0.0,25,325.5,329.0,45,326.0,320.0,325.0,320.0,11.0,3525.5,307
2023-05-09 21:35:24,SR311P6900,SR311P6900,325.0,0.0,0.0,0.0,25,325.5,329.0,35,326.0,320.0,325.0,320.0,11.0,3525.5,307
2023-05-09 21:35:25,SR311P6900,SR311P6900,325.0,0.0,0.0,0.0,15,325.5,329.0,35,326.0,320.0,325.0,320.0,11.0,3525.5,307
2023-05-09 21:35:29,SR311P6900,SR311P6900,325.0,0.0,0.0,0.0,15,325.5,328.5,10,326.0,320.0,325.0,320.0,11.0,3525.5,307
2023-05-09 21:35:31,SR311P6900,SR311P6900,325.0,0.0,0.0,0.0,25,325.5,329.0,45,326.0,320.0,325.0,320.0,11.0,3525.5,307
2023-05-09 21:35:33,SR311P6900,SR311P6900,325.0,0.0,0.0,0.0,35,325.5,329.0,25,326.0,320.0,325.0,320.0,11.0,3525.5,307
2023-05-09 21:35:34,SR311P6900,SR311P6900,325.0,0.0,0.0,0.0,35,325.5,330.0,30,326.0,320.0,325.0,320.0,11.0,3525.5,307
2023-05-09 21:35:34,SR311P6900,SR311P6900,325.0,0.0,0.0,0.0,35,325.5,330.0,20,326.0,320.0,325.0,320.0,11.0,3525.5,307
2023-05-09 21:35:36,SR311P6900,SR311P6900,325.0,0.0,0.0,0.0,10,326.5,330.0,10,326.0,320.0,325.0,320.0,11.0,3525.5,307
2023-05-09 21:35:36,SR311P6900,SR311P6900,325.0,0.0,0.0,0.0,20,326.5,330.0,20,326.0,320.0,325.0,320.0,11.0,3525.5,307
2023-05-09 21:35:52,SR311P6900,SR311P6900,325.0,0.0,0.0,0.0,30,326.5,330.0,20,326.0,320.0,325.0,320.0,11.0,3525.5,307
2023-05-09 21:35:56,SR311P6900,SR311P6900,325.0,0.0,0.0,0.0,35,326.5,330.0,20,326.0,320.0,325.0,320.0,11.0,3525.5,307
2023-05-09 21:35:56,SR311P6900,SR311P6900,325.0,0.0,0.0,0.0,20,327.0,330.5,5,326.0,320.0,325.0,320.0,11.0,3525.5,307
2023-05-09 21:35:59,SR311P6900,SR311P6900,325.0,0.0,0.0,0.0,20,327.0,331.0,40,326.0,320.0,325.0,320.0,11.0,3525.5,307
2023-05-09 21:35:59,SR311P6900,SR311P6900,325.0,0.0,0.0,0.0,20,327.5,331.0,20,326.0,320.0,325.0,320.0,11.0,3525.5,307
2023-05-09 21:36:00,SR311P6900,SR311P6900,325.0,0.0,0.0,0.0,20,327.5,331.0,10,326.0,320.0,325.0,320.0,11.0,3525.5,307
2023-05-09 21:36:00,SR311P6900,SR311P6900,325.0,0.0,0.0,0.0,10,328.0,331.0,10,326.0,320.0,325.0,320.0,11.0,3525.5,307
2023-05-09 21:36:04,SR311P6900,SR311P6900,325.0,0.0,0.0,0.0,40,327.5,331.0,10,326.0,320.0,325.0,320.0,11.0,3525.5,307
2023-05-09 21:36:05,SR311P6900,SR311P6900,325.0,0.0,0.0,0.0,20,327.5,331.0,10,326.0,320.0,325.0,320.0,11.0,3525.5,307
2023-05-09 21:36:14,SR311P6900,SR311P6900,325.0,0.0,0.0,0.0,50,327.0,331.0,10,326.0,320.0,325.0,320.0,11.0,3525.5,307
2023-05-09 21:36:15,SR311P6900,SR311P6900,325.0,0.0,0.0,0.0,20,327.0,331.0,30,326.0,320.0,325.0,320.0,11.0,3525.5,307
2023-05-09 21:36:30,SR311P6900,SR311P6900,325.0,0.0,0.0,0.0,30,327.0,331.0,20,326.0,320.0,325.0,320.0,11.0,3525.5,307
2023-05-09 21:36:47,SR311P6900,SR311P6900,325.0,0.0,0.0,0.0,20,327.0,331.0,30,326.0,320.0,325.0,320.0,11.0,3525.5,307
2023-05-09 21:36:53,SR311P6900,SR311P6900,325.0,0.0,0.0,0.0,5,326.5,330.5,30,326.0,320.0,325.0,320.0,11.0,3525.5,307
2023-05-09 21:36:57,SR311P6900,SR311P6900,325.0,0.0,0.0,0.0,5,326.5,330.0,10,326.0,320.0,325.0,320.0,11.0,3525.5,307
2023-05-09 21:37:51,SR311P6900,SR311P6900,325.0,0.0,0.0,0.0,5,326.5,329.0,10,326.0,320.0,325.0,320.0,11.0,3525.5,307
2023-05-09 21:37:53,SR311P6900,SR311P6900,325.0,0.0,0.0,0.0,5,326.5,329.0,20,326.0,320.0,325.0,320.0,11.0,3525.5,307
2023-05-09 21:38:09,SR311P6900,SR311P6900,325.0,0.0,0.0,0.0,5,326.5,329.5,30,326.0,320.0,325.0,320.0,11.0,3525.5,307
2023-05-09 21:38:16,SR311P6900,SR311P6900,325.0,0.0,0.0,0.0,5,326.5,330.0,20,326.0,320.0,325.0,320.0,11.0,3525.5,307
2023-05-09 21:38:19,SR311P6900,SR311P6900,325.0,0.0,0.0,0.0,5,326.5,330.0,10,326.0,320.0,325.0,320.0,11.0,3525.5,307
2023-05-09 21:38:19,SR311P6900,SR311P6900,325.0,0.0,0.0,0.0,5,326.5,330.5,35,326.0,320.0,325.0,320.0,11.0,3525.5,307
2023-05-09 21:38:27,SR311P6900,SR311P6900,325.0,0.0,0.0,0.0,5,326.5,330.5,45,326.0,320.0,325.0,320.0,11.0,3525.5,307
2023-05-09 21:38:39,SR311P6900,SR311P6900,325.0,0.0,0.0,0.0,15,326.5,330.5,35,326.0,320.0,325.0,320.0,11.0,3525.5,307
2023-05-09 21:38:52,SR311P6900,SR311P6900,325.0,0.0,0.0,0.0,5,326.5,330.5,45,326.0,320.0,325.0,320.0,11.0,3525.5,307
2023-05-09 21:38:58,SR311P6900,SR311P6900,325.0,0.0,0.0,0.0,5,326.5,330.5,55,326.0,320.0,325.0,320.0,11.0,3525.5,307
2023-05-09 21:38:58,SR311P6900,SR311P6900,325.0,0.0,0.0,0.0,5,326.5,330.5,45,326.0,320.0,325.0,320.0,11.0,3525.5,307
2023-05-09 21:39:28,SR311P6900,SR311P6900,325.0,0.0,0.0,0.0,20,327.0,330.5,15,326.0,320.0,325.0,320.0,11.0,3525.5,307
2023-05-09 21:39:28,SR311P6900,SR311P6900,325.0,0.0,0.0,0.0,20,327.0,330.5,10,326.0,320.0,325.0,320.0,11.0,3525.5,307
2023-05-09 21:39:30,SR311P6900,SR311P6900,325.0,0.0,0.0,0.0,10,328.0,331.0,10,326.0,320.0,325.0,320.0,11.0,3525.5,307
2023-05-09 21:39:31,SR311P6900,SR311P6900,325.0,0.0,0.0,0.0,20,328.0,331.5,30,326.0,320.0,325.0,320.0,11.0,3525.5,307
2023-05-09 21:39:31,SR311P6900,SR311P6900,325.0,0.0,0.0,0.0,20,328.0,331.5,20,326.0,320.0,325.0,320.0,11.0,3525.5,307
2023-05-09 21:39:40,SR311P6900,SR311P6900,325.0,0.0,0.0,0.0,20,328.5,332.0,25,326.0,320.0,325.0,320.0,11.0,3525.5,307
2023-05-09 21:39:40,SR311P6900,SR311P6900,325.0,0.0,0.0,0.0,20,328.5,332.0,5,326.0,320.0,325.0,320.0,11.0,3525.5,307
2023-05-09 21:39:41,SR311P6900,SR311P6900,325.0,0.0,0.0,0.0,10,328.5,332.0,25,326.0,320.0,325.0,320.0,11.0,3525.5,307
2023-05-09 21:39:41,SR311P6900,SR311P6900,325.0,0.0,0.0,0.0,55,327.5,332.0,35,326.0,320.0,325.0,320.0,11.0,3525.5,307
2023-05-09 21:39:42,SR311P6900,SR311P6900,325.0,0.0,0.0,0.0,45,327.5,332.0,35,326.0,320.0,325.0,320.0,11.0,3525.5,307
2023-05-09 21:39:43,SR311P6900,SR311P6900,325.0,0.0,0.0,0.0,45,327.5,332.0,25,326.0,320.0,325.0,320.0,11.0,3525.5,307
2023-05-09 21:39:44,SR311P6900,SR311P6900,325.0,0.0,0.0,0.0,25,327.5,332.0,45,326.0,320.0,325.0,320.0,11.0,3525.5,307
2023-05-09 21:40:00,SR311P6900,SR311P6900,325.0,0.0,0.0,0.0,25,327.5,331.5,10,326.0,320.0,325.0,320.0,11.0,3525.5,307
2023-05-09 21:40:01,SR311P6900,SR311P6900,325.0,0.0,0.0,0.0,35,327.5,332.0,45,326.0,320.0,325.0,320.0,11.0,3525.5,307
2023-05-09 21:40:02,SR311P6900,SR311P6900,325.0,0.0,0.0,0.0,35,327.5,332.0,55,326.0,320.0,325.0,320.0,11.0,3525.5,307
2023-05-09 21:40:28,SR311P6900,SR311P6900,325.0,0.0,0.0,0.0,10,328.5,332.0,45,326.0,320.0,325.0,320.0,11.0,3525.5,307
2023-05-09 21:40:33,SR311P6900,SR311P6900,325.0,0.0,0.0,0.0,10,328.0,332.0,55,326.0,320.0,325.0,320.0,11.0,3525.5,307
2023-05-09 21:40:33,SR311P6900,SR311P6900,325.0,0.0,0.0,0.0,35,327.5,332.0,55,326.0,320.0,325.0,320.0,11.0,3525.5,307
2023-05-09 21:40:39,SR311P6900,SR311P6900,325.0,0.0,0.0,0.0,25,327.5,331.5,10,326.0,320.0,325.0,320.0,11.0,3525.5,307
2023-05-09 21:40:51,SR311P6900,SR311P6900,325.0,0.0,0.0,0.0,5,327.5,330.5,10,326.0,320.0,325.0,320.0,11.0,3525.5,307
2023-05-09 21:40:53,SR311P6900,SR311P6900,325.0,0.0,0.0,0.0,5,327.5,330.5,20,326.0,320.0,325.0,320.0,11.0,3525.5,307
2023-05-09 21:41:00,SR311P6900,SR311P6900,325.0,0.0,0.0,0.0,5,327.5,330.5,30,326.0,320.0,325.0,320.0,11.0,3525.5,307
2023-05-09 21:41:03,SR311P6900,SR311P6900,325.0,0.0,0.0,0.0,5,327.5,330.0,10,326.0,320.0,325.0,320.0,11.0,3525.5,307
2023-05-09 21:41:03,SR311P6900,SR311P6900,325.0,0.0,0.0,0.0,5,327.5,330.0,20,326.0,320.0,325.0,320.0,11.0,3525.5,307
2023-05-09 21:41:07,SR311P6900,SR311P6900,325.0,0.0,0.0,0.0,5,327.5,330.0,10,326.0,320.0,325.0,320.0,11.0,3525.5,307
2023-05-09 21:41:07,SR311P6900,SR311P6900,325.0,0.0,0.0,0.0,5,327.5,330.5,30,326.0,320.0,325.0,320.0,11.0,3525.5,307
2023-05-09 21:41:18,SR311P6900,SR311P6900,325.0,0.0,0.0,0.0,5,327.5,330.5,20,326.0,320.0,325.0,320.0,11.0,3525.5,307
2023-05-09 21:41:25,SR311P6900,SR311P6900,325.0,0.0,0.0,0.0,10,328.0,331.5,10,326.0,320.0,325.0,320.0,11.0,3525.5,307
2023-05-09 21:41:26,SR311P6900,SR311P6900,325.0,0.0,0.0,0.0,10,328.5,331.5,10,326.0,320.0,325.0,320.0,11.0,3525.5,307
2023-05-09 21:41:26,SR311P6900,SR311P6900,325.0,0.0,0.0,0.0,20,328.5,332.0,35,326.0,320.0,325.0,320.0,11.0,3525.5,307
2023-05-09 21:41:27,SR311P6900,SR311P6900,325.0,0.0,0.0,0.0,10,329.5,333.0,30,326.0,320.0,325.0,320.0,11.0,3525.5,307
2023-05-09 21:41:27,SR311P6900,SR311P6900,325.0,0.0,0.0,0.0,35,328.5,333.0,40,326.0,320.0,325.0,320.0,11.0,3525.5,307
2023-05-09 21:41:28,SR311P6900,SR311P6900,325.0,0.0,0.0,0.0,45,328.5,333.0,40,326.0,320.0,325.0,320.0,11.0,3525.5,307
2023-05-09 21:41:28,SR311P6900,SR311P6900,325.0,0.0,0.0,0.0,35,328.5,333.0,40,326.0,320.0,325.0,320.0,11.0,3525.5,307
2023-05-09 21:41:30,SR311P6900,SR311P6900,325.0,0.0,0.0,0.0,25,328.5,333.0,40,326.0,320.0,325.0,320.0,11.0,3525.5,307
2023-05-09 21:41:32,SR311P6900,SR311P6900,325.0,0.0,0.0,0.0,5,328.5,332.0,30,326.0,320.0,325.0,320.0,11.0,3525.5,307
2023-05-09 21:41:34,SR311P6900,SR311P6900,325.0,0.0,0.0,0.0,5,328.5,332.0,40,326.0,320.0,325.0,320.0,11.0,3525.5,307
2023-05-09 21:41:39,SR311P6900,SR311P6900,325.0,0.0,0.0,0.0,15,328.5,332.0,30,326.0,320.0,325.0,320.0,11.0,3525.5,307
2023-05-09 21:41:39,SR311P6900,SR311P6900,325.0,0.0,0.0,0.0,5,328.5,331.5,30,326.0,320.0,325.0,320.0,11.0,3525.5,307
2023-05-09 21:41:40,SR311P6900,SR311P6900,325.0,0.0,0.0,0.0,15,327.5,331.5,30,326.0,320.0,325.0,320.0,11.0,3525.5,307
2023-05-09 21:41:40,SR311P6900,SR311P6900,325.0,0.0,0.0,0.0,5,327.5,331.5,30,326.0,320.0,325.0,320.0,11.0,3525.5,307
2023-05-09 21:41:41,SR311P6900,SR311P6900,325.0,0.0,0.0,0.0,5,327.5,331.5,50,326.0,320.0,325.0,320.0,11.0,3525.5,307
2023-05-09 21:41:58,SR311P6900,SR311P6900,325.0,0.0,0.0,0.0,5,327.5,331.5,40,326.0,320.0,325.0,320.0,11.0,3525.5,307
2023-05-09 21:41:59,SR311P6900,SR311P6900,325.0,0.0,0.0,0.0,20,328.0,331.5,30,326.0,320.0,325.0,320.0,11.0,3525.5,307
2023-05-09 21:42:07,SR311P6900,SR311P6900,325.0,0.0,0.0,0.0,10,328.0,331.5,30,326.0,320.0,325.0,320.0,11.0,3525.5,307
2023-05-09 21:42:10,SR311P6900,SR311P6900,325.0,0.0,0.0,0.0,10,328.0,331.5,40,326.0,320.0,325.0,320.0,11.0,3525.5,307
2023-05-09 21:42:11,SR311P6900,SR311P6900,325.0,0.0,0.0,0.0,5,327.5,330.5,10,326.0,320.0,325.0,320.0,11.0,3525.5,307
2023-05-09 21:42:12,SR311P6900,SR311P6900,325.0,0.0,0.0,0.0,5,327.5,330.5,20,326.0,320.0,325.0,320.0,11.0,3525.5,307
2023-05-09 21:42:14,SR311P6900,SR311P6900,325.0,0.0,0.0,0.0,5,327.5,330.5,30,326.0,320.0,325.0,320.0,11.0,3525.5,307
2023-05-09 21:42:20,SR311P6900,SR311P6900,325.0,0.0,0.0,0.0,10,328.0,331.0,20,326.0,320.0,325.0,320.0,11.0,3525.5,307
2023-05-09 21:42:20,SR311P6900,SR311P6900,325.0,0.0,0.0,0.0,10,328.0,331.5,30,326.0,320.0,325.0,320.0,11.0,3525.5,307
2023-05-09 21:42:21,SR311P6900,SR311P6900,325.0,0.0,0.0,0.0,20,328.0,331.5,30,326.0,320.0,325.0,320.0,11.0,3525.5,307
2023-05-09 21:42:26,SR311P6900,SR311P6900,325.0,0.0,0.0,0.0,25,327.5,331.5,40,326.0,320.0,325.0,320.0,11.0,3525.5,307
2023-05-09 21:42:26,SR311P6900,SR311P6900,325.0,0.0,0.0,0.0,35,327.5,331.5,40,326.0,320.0,325.0,320.0,11.0,3525.5,307
2023-05-09 21:42:32,SR311P6900,SR311P6900,325.0,0.0,0.0,0.0,35,327.5,331.5,50,326.0,320.0,325.0,320.0,11.0,3525.5,307
2023-05-09 21:42:35,SR311P6900,SR311P6900,325.0,0.0,0.0,0.0,35,327.5,331.0,10,326.0,320.0,325.0,320.0,11.0,3525.5,307
2023-05-09 21:42:38,SR311P6900,SR311P6900,325.0,0.0,0.0,0.0,35,327.5,331.0,20,326.0,320.0,325.0,320.0,11.0,3525.5,307
2023-05-09 21:42:41,SR311P6900,SR311P6900,325.0,0.0,0.0,0.0,25,327.5,331.0,40,326.0,320.0,325.0,320.0,11.0,3525.5,307
2023-05-09 21:42:42,SR311P6900,SR311P6900,325.0,0.0,0.0,0.0,25,327.5,330.5,10,326.0,320.0,325.0,320.0,11.0,3525.5,307
2023-05-09 21:42:42,SR311P6900,SR311P6900,325.0,0.0,0.0,0.0,15,327.5,330.5,20,326.0,320.0,325.0,320.0,11.0,3525.5,307
2023-05-09 21:42:43,SR311P6900,SR311P6900,325.0,0.0,0.0,0.0,5,327.5,329.5,20,326.0,320.0,325.0,320.0,11.0,3525.5,307
2023-05-09 21:42:44,SR311P6900,SR311P6900,325.0,0.0,0.0,0.0,5,327.5,329.5,30,326.0,320.0,325.0,320.0,11.0,3525.5,307
2023-05-09 21:42:48,SR311P6900,SR311P6900,325.0,0.0,0.0,0.0,50,326.0,329.5,30,326.0,320.0,325.0,320.0,11.0,3525.5,307
2023-05-09 21:42:49,SR311P6900,SR311P6900,325.0,0.0,0.0,0.0,40,326.0,329.5,30,326.0,320.0,325.0,320.0,11.0,3525.5,307
2023-05-09 21:42:51,SR311P6900,SR311P6900,325.0,0.0,0.0,0.0,30,326.0,329.5,30,326.0,320.0,325.0,320.0,11.0,3525.5,307
2023-05-09 21:42:54,SR311P6900,SR311P6900,325.0,0.0,0.0,0.0,20,326.0,329.0,10,326.0,320.0,325.0,320.0,11.0,3525.5,307
2023-05-09 21:42:55,SR311P6900,SR311P6900,325.0,0.0,0.0,0.0,45,325.0,329.0,10,326.0,320.0,325.0,320.0,11.0,3525.5,307
2023-05-09 21:42:55,SR311P6900,SR311P6900,325.0,0.0,0.0,0.0,35,325.0,329.0,20,326.0,320.0,325.0,320.0,11.0,3525.5,307
2023-05-09 21:43:04,SR311P6900,SR311P6900,325.0,0.0,0.0,0.0,10,326.0,329.0,10,326.0,320.0,325.0,320.0,11.0,3525.5,307
2023-05-09 21:43:05,SR311P6900,SR311P6900,325.0,0.0,0.0,0.0,10,326.0,330.0,35,326.0,320.0,325.0,320.0,11.0,3525.5,307
2023-05-09 21:43:07,SR311P6900,SR311P6900,325.0,0.0,0.0,0.0,20,326.0,330.0,45,326.0,320.0,325.0,320.0,11.0,3525.5,307
2023-05-09 21:43:09,SR311P6900,SR311P6900,325.0,0.0,0.0,0.0,20,326.0,330.0,35,326.0,320.0,325.0,320.0,11.0,3525.5,307
2023-05-09 21:43:10,SR311P6900,SR311P6900,325.0,0.0,0.0,0.0,5,326.5,330.0,35,326.0,320.0,325.0,320.0,11.0,3525.5,307
2023-05-09 21:43:32,SR311P6900,SR311P6900,325.0,0.0,0.0,0.0,5,326.5,330.0,25,326.0,320.0,325.0,320.0,11.0,3525.5,307
2023-05-09 21:43:32,SR311P6900,SR311P6900,325.0,0.0,0.0,0.0,5,326.5,330.0,5,326.0,320.0,325.0,320.0,11.0,3525.5,307
2023-05-09 21:43:38,SR311P6900,SR311P6900,325.0,0.0,0.0,0.0,5,326.5,329.5,10,326.0,320.0,325.0,320.0,11.0,3525.5,307
2023-05-09 21:43:38,SR311P6900,SR311P6900,325.0,0.0,0.0,0.0,5,326.5,329.5,30,326.0,320.0,325.0,320.0,11.0,3525.5,307
2023-05-09 21:43:45,SR311P6900,SR311P6900,325.0,0.0,0.0,0.0,5,326.5,329.5,20,326.0,320.0,325.0,320.0,11.0,3525.5,307
2023-05-09 21:43:48,SR311P6900,SR311P6900,325.0,0.0,0.0,0.0,5,326.5,330.0,35,326.0,320.0,325.0,320.0,11.0,3525.5,307
2023-05-09 21:43:50,SR311P6900,SR311P6900,325.0,0.0,0.0,0.0,5,326.5,330.0,25,326.0,320.0,325.0,320.0,11.0,3525.5,307
2023-05-09 21:43:50,SR311P6900,SR311P6900,325.0,0.0,0.0,0.0,5,326.5,330.0,35,326.0,320.0,325.0,320.0,11.0,3525.5,307
2023-05-09 21:44:02,SR311P6900,SR311P6900,325.0,0.0,0.0,0.0,5,326.5,329.0,20,326.0,320.0,325.0,320.0,11.0,3525.5,307
2023-05-09 21:44:04,SR311P6900,SR311P6900,325.0,0.0,0.0,0.0,5,326.5,329.0,30,326.0,320.0,325.0,320.0,11.0,3525.5,307
2023-05-09 21:44:05,SR311P6900,SR311P6900,325.0,0.0,0.0,0.0,5,326.5,328.5,10,326.0,320.0,325.0,320.0,11.0,3525.5,307
2023-05-09 21:44:20,SR311P6900,SR311P6900,325.0,0.0,0.0,0.0,5,326.5,329.0,10,326.0,320.0,325.0,320.0,11.0,3525.5,307
2023-05-09 21:44:20,SR311P6900,SR311P6900,325.0,0.0,0.0,0.0,5,326.5,329.5,40,326.0,320.0,325.0,320.0,11.0,3525.5,307
2023-05-09 21:44:21,SR311P6900,SR311P6900,325.0,0.0,0.0,0.0,5,326.5,329.5,20,326.0,320.0,325.0,320.0,11.0,3525.5,307
2023-05-09 21:44:23,SR311P6900,SR311P6900,325.0,0.0,0.0,0.0,5,326.5,329.5,10,326.0,320.0,325.0,320.0,11.0,3525.5,307
2023-05-09 21:44:24,SR311P6900,SR311P6900,325.0,0.0,0.0,0.0,5,326.5,330.0,35,326.0,320.0,325.0,320.0,11.0,3525.5,307
2023-05-09 21:45:16,SR311P6900,SR311P6900,325.0,0.0,0.0,0.0,5,326.5,330.0,25,326.0,320.0,325.0,320.0,11.0,3525.5,307
2023-05-09 21:45:22,SR311P6900,SR311P6900,325.0,0.0,0.0,0.0,5,326.5,330.0,20,326.0,320.0,325.0,320.0,11.0,3525.5,307
2023-05-09 21:45:23,SR311P6900,SR311P6900,325.0,0.0,0.0,0.0,5,326.5,330.5,20,326.0,320.0,325.0,320.0,11.0,3525.5,307
2023-05-09 21:45:33,SR311P6900,SR311P6900,325.0,0.0,0.0,0.0,10,327.0,330.5,10,326.0,320.0,325.0,320.0,11.0,3525.5,307
2023-05-09 21:45:34,SR311P6900,SR311P6900,325.0,0.0,0.0,0.0,10,327.0,331.0,30,326.0,320.0,325.0,320.0,11.0,3525.5,307
2023-05-09 21:45:34,SR311P6900,SR311P6900,325.0,0.0,0.0,0.0,15,326.5,330.5,20,326.0,320.0,325.0,320.0,11.0,3525.5,307
2023-05-09 21:45:36,SR311P6900,SR311P6900,325.0,0.0,0.0,0.0,15,326.5,330.5,30,326.0,320.0,325.0,320.0,11.0,3525.5,307
2023-05-09 21:45:37,SR311P6900,SR311P6900,325.0,0.0,0.0,0.0,15,326.5,329.5,30,326.0,320.0,325.0,320.0,11.0,3525.5,307
2023-05-09 21:45:39,SR311P6900,SR311P6900,325.0,0.0,0.0,0.0,5,326.5,328.5,10,326.0,320.0,325.0,320.0,11.0,3525.5,307
2023-05-09 21:45:44,SR311P6900,SR311P6900,325.0,0.0,0.0,0.0,5,326.5,329.0,30,326.0,320.0,325.0,320.0,11.0,3525.5,307
2023-05-09 21:45:46,SR311P6900,SR311P6900,325.0,0.0,0.0,0.0,15,326.5,329.5,40,326.0,320.0,325.0,320.0,11.0,3525.5,307
2023-05-09 21:45:46,SR311P6900,SR311P6900,325.0,0.0,0.0,0.0,15,326.5,329.5,30,326.0,320.0,325.0,320.0,11.0,3525.5,307
2023-05-09 21:45:47,SR311P6900,SR311P6900,325.0,0.0,0.0,0.0,5,326.5,329.5,30,326.0,320.0,325.0,320.0,11.0,3525.5,307
2023-05-09 21:45:49,SR311P6900,SR311P6900,325.0,0.0,0.0,0.0,5,326.5,329.5,20,326.0,320.0,325.0,320.0,11.0,3525.5,307
2023-05-09 21:45:53,SR311P6900,SR311P6900,325.0,0.0,0.0,0.0,5,326.5,329.0,20,326.0,320.0,325.0,320.0,11.0,3525.5,307
2023-05-09 21:45:56,SR311P6900,SR311P6900,325.0,0.0,0.0,0.0,5,326.5,329.0,10,326.0,320.0,325.0,320.0,11.0,3525.5,307
2023-05-09 21:46:02,SR311P6900,SR311P6900,325.0,0.0,0.0,0.0,15,326.5,329.0,10,326.0,320.0,325.0,320.0,11.0,3525.5,307
2023-05-09 21:46:03,SR311P6900,SR311P6900,325.0,0.0,0.0,0.0,15,326.5,329.5,30,326.0,320.0,325.0,320.0,11.0,3525.5,307
2023-05-09 21:46:08,SR311P6900,SR311P6900,325.0,0.0,0.0,0.0,25,326.5,330.0,30,326.0,320.0,325.0,320.0,11.0,3525.5,307
2023-05-09 21:46:19,SR311P6900,SR311P6900,325.0,0.0,0.0,0.0,25,326.5,330.0,20,326.0,320.0,325.0,320.0,11.0,3525.5,307
2023-05-09 21:46:20,SR311P6900,SR311P6900,325.0,0.0,0.0,0.0,25,326.5,330.0,30,326.0,320.0,325.0,320.0,11.0,3525.5,307
2023-05-09 21:46:21,SR311P6900,SR311P6900,325.0,0.0,0.0,0.0,15,326.5,330.0,30,326.0,320.0,325.0,320.0,11.0,3525.5,307
2023-05-09 21:46:40,SR311P6900,SR311P6900,325.0,0.0,0.0,0.0,25,326.5,330.0,10,326.0,320.0,325.0,320.0,11.0,3525.5,307
2023-05-09 21:46:42,SR311P6900,SR311P6900,325.0,0.0,0.0,0.0,20,327.0,331.0,30,326.0,320.0,325.0,320.0,11.0,3525.5,307
2023-05-09 21:46:45,SR311P6900,SR311P6900,325.0,0.0,0.0,0.0,30,327.0,331.0,30,326.0,320.0,325.0,320.0,11.0,3525.5,307
2023-05-09 21:46:48,SR311P6900,SR311P6900,325.0,0.0,0.0,0.0,20,327.0,330.0,20,326.0,320.0,325.0,320.0,11.0,3525.5,307
2023-05-09 21:46:51,SR311P6900,SR311P6900,325.0,0.0,0.0,0.0,20,327.0,330.0,10,326.0,320.0,325.0,320.0,11.0,3525.5,307
2023-05-09 21:46:52,SR311P6900,SR311P6900,325.0,0.0,0.0,0.0,30,327.0,330.0,10,326.0,320.0,325.0,320.0,11.0,3525.5,307
2023-05-09 21:47:05,SR311P6900,SR311P6900,325.0,0.0,0.0,0.0,30,327.0,330.5,10,326.0,320.0,325.0,320.0,11.0,3525.5,307
2023-05-09 21:47:06,SR311P6900,SR311P6900,325.0,0.0,0.0,0.0,30,327.0,331.0,40,326.0,320.0,325.0,320.0,11.0,3525.5,307
2023-05-09 21:47:07,SR311P6900,SR311P6900,325.0,0.0,0.0,0.0,50,327.0,331.0,10,326.0,320.0,325.0,320.0,11.0,3525.5,307
2023-05-09 21:47:07,SR311P6900,SR311P6900,325.0,0.0,0.0,0.0,50,327.0,331.5,55,326.0,320.0,325.0,320.0,11.0,3525.5,307
2023-05-09 21:47:08,SR311P6900,SR311P6900,325.0,0.0,0.0,0.0,5,327.5,331.5,55,326.0,320.0,325.0,320.0,11.0,3525.5,307
2023-05-09 21:47:09,SR311P6900,SR311P6900,325.0,0.0,0.0,0.0,5,327.5,331.5,45,326.0,320.0,325.0,320.0,11.0,3525.5,307
2023-05-09 21:47:10,SR311P6900,SR311P6900,325.0,0.0,0.0,0.0,15,327.5,331.5,45,326.0,320.0,325.0,320.0,11.0,3525.5,307
2023-05-09 21:47:11,SR311P6900,SR311P6900,325.0,0.0,0.0,0.0,10,328.0,331.5,35,326.0,320.0,325.0,320.0,11.0,3525.5,307
2023-05-09 21:47:11,SR311P6900,SR311P6900,325.0,0.0,0.0,0.0,20,328.0,331.5,25,326.0,320.0,325.0,320.0,11.0,3525.5,307
2023-05-09 21:47:13,SR311P6900,SR311P6900,325.0,0.0,0.0,0.0,20,328.0,331.5,15,326.0,320.0,325.0,320.0,11.0,3525.5,307
2023-05-09 21:47:16,SR311P6900,SR311P6900,325.0,0.0,0.0,0.0,30,328.0,331.5,5,326.0,320.0,325.0,320.0,11.0,3525.5,307
2023-05-09 21:47:17,SR311P6900,SR311P6900,325.0,0.0,0.0,0.0,30,328.0,332.0,30,326.0,320.0,325.0,320.0,11.0,3525.5,307
2023-05-09 21:47:24,SR311P6900,SR311P6900,325.0,0.0,0.0,0.0,30,328.0,331.5,10,326.0,320.0,325.0,320.0,11.0,3525.5,307
2023-05-09 21:47:26,SR311P6900,SR311P6900,325.0,0.0,0.0,0.0,30,328.0,332.0,40,326.0,320.0,325.0,320.0,11.0,3525.5,307
2023-05-09 21:47:35,SR311P6900,SR311P6900,325.0,0.0,0.0,0.0,30,328.0,331.5,10,326.0,320.0,325.0,320.0,11.0,3525.5,307
2023-05-09 21:47:37,SR311P6900,SR311P6900,325.0,0.0,0.0,0.0,20,328.0,331.5,20,326.0,320.0,325.0,320.0,11.0,3525.5,307
2023-05-09 21:47:38,SR311P6900,SR311P6900,325.0,0.0,0.0,0.0,45,327.5,331.5,30,326.0,320.0,325.0,320.0,11.0,3525.5,307
2023-05-09 21:47:39,SR311P6900,SR311P6900,325.0,0.0,0.0,0.0,45,327.5,331.0,10,326.0,320.0,325.0,320.0,11.0,3525.5,307
2023-05-09 21:47:47,SR311P6900,SR311P6900,325.0,0.0,0.0,0.0,35,327.5,331.0,10,326.0,320.0,325.0,320.0,11.0,3525.5,307
2023-05-09 21:47:52,SR311P6900,SR311P6900,325.0,0.0,0.0,0.0,25,327.5,331.0,10,326.0,320.0,325.0,320.0,11.0,3525.5,307
2023-05-09 21:48:00,SR311P6900,SR311P6900,325.0,0.0,0.0,0.0,20,328.0,331.5,20,326.0,320.0,325.0,320.0,11.0,3525.5,307
2023-05-09 21:48:06,SR311P6900,SR311P6900,325.0,0.0,0.0,0.0,30,328.0,331.5,20,326.0,320.0,325.0,320.0,11.0,3525.5,307
2023-05-09 21:48:23,SR311P6900,SR311P6900,325.0,0.0,0.0,0.0,20,328.0,331.0,10,326.0,320.0,325.0,320.0,11.0,3525.5,307
2023-05-09 21:48:40,SR311P6900,SR311P6900,325.0,0.0,0.0,0.0,10,328.0,331.0,10,326.0,320.0,325.0,320.0,11.0,3525.5,307
2023-05-09 21:48:41,SR311P6900,SR311P6900,325.0,0.0,0.0,0.0,35,327.5,331.0,10,326.0,320.0,325.0,320.0,11.0,3525.5,307
2023-05-09 21:48:42,SR311P6900,SR311P6900,325.0,0.0,0.0,0.0,15,327.5,331.0,30,326.0,320.0,325.0,320.0,11.0,3525.5,307
2023-05-09 21:48:44,SR311P6900,SR311P6900,325.0,0.0,0.0,0.0,35,327.5,331.0,20,326.0,320.0,325.0,320.0,11.0,3525.5,307
2023-05-09 21:48:44,SR311P6900,SR311P6900,325.0,0.0,0.0,0.0,45,327.5,331.5,10,326.0,320.0,325.0,320.0,11.0,3525.5,307
2023-05-09 21:48:45,SR311P6900,SR311P6900,325.0,0.0,0.0,0.0,5,328.5,331.5,10,326.0,320.0,325.0,320.0,11.0,3525.5,307
2023-05-09 21:48:45,SR311P6900,SR311P6900,325.0,0.0,0.0,0.0,25,328.5,332.0,10,326.0,320.0,325.0,320.0,11.0,3525.5,307
2023-05-09 21:48:45,SR311P6900,SR311P6900,325.0,0.0,0.0,0.0,35,328.5,332.0,10,326.0,320.0,325.0,320.0,11.0,3525.5,307
2023-05-09 21:48:48,SR311P6900,SR311P6900,325.0,0.0,0.0,0.0,35,328.5,332.5,20,326.0,320.0,325.0,320.0,11.0,3525.5,307
2023-05-09 21:48:56,SR311P6900,SR311P6900,325.0,0.0,0.0,0.0,45,328.5,332.5,20,326.0,320.0,325.0,320.0,11.0,3525.5,307
2023-05-09 21:48:56,SR311P6900,SR311P6900,325.0,0.0,0.0,0.0,20,329.0,332.5,10,326.0,320.0,325.0,320.0,11.0,3525.5,307
2023-05-09 21:48:57,SR311P6900,SR311P6900,325.0,0.0,0.0,0.0,10,329.0,332.5,10,326.0,320.0,325.0,320.0,11.0,3525.5,307
2023-05-09 21:48:57,SR311P6900,SR311P6900,325.0,0.0,0.0,0.0,55,328.5,332.5,10,326.0,320.0,325.0,320.0,11.0,3525.5,307
2023-05-09 21:48:59,SR311P6900,SR311P6900,325.0,0.0,0.0,0.0,45,328.5,332.5,10,326.0,320.0,325.0,320.0,11.0,3525.5,307
2023-05-09 21:48:59,SR311P6900,SR311P6900,325.0,0.0,0.0,0.0,45,328.5,332.5,20,326.0,320.0,325.0,320.0,11.0,3525.5,307
2023-05-09 21:49:14,SR311P6900,SR311P6900,325.0,0.0,0.0,0.0,10,329.5,332.5,20,326.0,320.0,325.0,320.0,11.0,3525.5,307
2023-05-09 21:49:14,SR311P6900,SR311P6900,325.0,0.0,0.0,0.0,20,329.5,332.5,10,326.0,320.0,325.0,320.0,11.0,3525.5,307
2023-05-09 21:49:17,SR311P6900,SR311P6900,325.0,0.0,0.0,0.0,20,329.5,332.5,20,326.0,320.0,325.0,320.0,11.0,3525.5,307
2023-05-09 21:49:19,SR311P6900,SR311P6900,325.0,0.0,0.0,0.0,20,329.0,332.5,20,326.0,320.0,325.0,320.0,11.0,3525.5,307
2023-05-09 21:49:20,SR311P6900,SR311P6900,325.0,0.0,0.0,0.0,55,328.5,332.5,20,326.0,320.0,325.0,320.0,11.0,3525.5,307
2023-05-09 21:49:21,SR311P6900,SR311P6900,325.0,0.0,0.0,0.0,35,328.5,332.0,10,326.0,320.0,325.0,320.0,11.0,3525.5,307
2023-05-09 21:49:21,SR311P6900,SR311P6900,325.0,0.0,0.0,0.0,35,328.5,332.0,20,326.0,320.0,325.0,320.0,11.0,3525.5,307
2023-05-09 21:49:24,SR311P6900,SR311P6900,325.0,0.0,0.0,0.0,35,328.5,332.5,30,326.0,320.0,325.0,320.0,11.0,3525.5,307
2023-05-09 21:49:31,SR311P6900,SR311P6900,325.0,0.0,0.0,0.0,25,328.5,332.0,10,326.0,320.0,325.0,320.0,11.0,3525.5,307
2023-05-09 21:49:33,SR311P6900,SR311P6900,325.0,0.0,0.0,0.0,35,328.5,332.0,20,326.0,320.0,325.0,320.0,11.0,3525.5,307
2023-05-09 21:49:34,SR311P6900,SR311P6900,325.0,0.0,0.0,0.0,35,328.5,332.5,20,326.0,320.0,325.0,320.0,11.0,3525.5,307
2023-05-09 21:49:45,SR311P6900,SR311P6900,325.0,0.0,0.0,0.0,45,328.5,332.5,20,326.0,320.0,325.0,320.0,11.0,3525.5,307
2023-05-09 21:49:49,SR311P6900,SR311P6900,325.0,0.0,0.0,0.0,55,328.5,332.5,10,326.0,320.0,325.0,320.0,11.0,3525.5,307
2023-05-09 21:49:49,SR311P6900,SR311P6900,325.0,0.0,0.0,0.0,55,328.5,333.0,40,326.0,320.0,325.0,320.0,11.0,3525.5,307
2023-05-09 21:49:51,SR311P6900,SR311P6900,325.0,0.0,0.0,0.0,45,328.5,333.0,40,326.0,320.0,325.0,320.0,11.0,3525.5,307
2023-05-09 21:50:03,SR311P6900,SR311P6900,325.0,0.0,0.0,0.0,35,328.5,332.0,10,326.0,320.0,325.0,320.0,11.0,3525.5,307
2023-05-09 21:50:03,SR311P6900,SR311P6900,325.0,0.0,0.0,0.0,35,328.5,332.0,20,326.0,320.0,325.0,320.0,11.0,3525.5,307
2023-05-09 21:50:07,SR311P6900,SR311P6900,325.0,0.0,0.0,0.0,25,328.5,332.0,30,326.0,320.0,325.0,320.0,11.0,3525.5,307
2023-05-09 21:50:13,SR311P6900,SR311P6900,325.0,0.0,0.0,0.0,15,328.5,332.0,30,326.0,320.0,325.0,320.0,11.0,3525.5,307
2023-05-09 21:50:14,SR311P6900,SR311P6900,325.0,0.0,0.0,0.0,15,328.5,331.0,10,326.0,320.0,325.0,320.0,11.0,3525.5,307
2023-05-09 21:50:15,SR311P6900,SR311P6900,325.0,0.0,0.0,0.0,5,328.5,331.0,10,326.0,320.0,325.0,320.0,11.0,3525.5,307
2023-05-09 21:50:17,SR311P6900,SR311P6900,325.0,0.0,0.0,0.0,5,328.5,331.0,30,326.0,320.0,325.0,320.0,11.0,3525.5,307
2023-05-09 21:50:18,SR311P6900,SR311P6900,325.0,0.0,0.0,0.0,5,328.5,330.5,10,326.0,320.0,325.0,320.0,11.0,3525.5,307
2023-05-09 21:50:18,SR311P6900,SR311P6900,325.0,0.0,0.0,0.0,5,328.5,330.5,20,326.0,320.0,325.0,320.0,11.0,3525.5,307
2023-05-09 21:50:21,SR311P6900,SR311P6900,325.0,0.0,0.0,0.0,5,328.5,330.5,10,326.0,320.0,325.0,320.0,11.0,3525.5,307
2023-05-09 21:50:21,SR311P6900,SR311P6900,325.0,0.0,0.0,0.0,5,328.5,331.0,50,326.0,320.0,325.0,320.0,11.0,3525.5,307
2023-05-09 21:50:23,SR311P6900,SR311P6900,325.0,0.0,0.0,0.0,5,328.5,331.0,40,326.0,320.0,325.0,320.0,11.0,3525.5,307
2023-05-09 21:50:34,SR311P6900,SR311P6900,325.0,0.0,0.0,0.0,5,328.5,330.5,10,326.0,320.0,325.0,320.0,11.0,3525.5,307
2023-05-09 21:50:36,SR311P6900,SR311P6900,325.0,0.0,0.0,0.0,15,327.5,330.5,10,326.0,320.0,325.0,320.0,11.0,3525.5,307
2023-05-09 21:50:36,SR311P6900,SR311P6900,325.0,0.0,0.0,0.0,5,327.5,330.5,10,326.0,320.0,325.0,320.0,11.0,3525.5,307
2023-05-09 21:50:38,SR311P6900,SR311P6900,325.0,0.0,0.0,0.0,5,327.5,329.5,10,326.0,320.0,325.0,320.0,11.0,3525.5,307
2023-05-09 21:50:42,SR311P6900,SR311P6900,325.0,0.0,0.0,0.0,5,327.5,330.0,20,326.0,320.0,325.0,320.0,11.0,3525.5,307
2023-05-09 21:50:44,SR311P6900,SR311P6900,325.0,0.0,0.0,0.0,5,327.5,330.0,10,326.0,320.0,325.0,320.0,11.0,3525.5,307
2023-05-09 21:50:44,SR311P6900,SR311P6900,325.0,0.0,0.0,0.0,5,327.5,330.5,50,326.0,320.0,325.0,320.0,11.0,3525.5,307
2023-05-09 21:50:47,SR311P6900,SR311P6900,325.0,0.0,0.0,0.0,5,327.5,330.0,30,326.0,320.0,325.0,320.0,11.0,3525.5,307
2023-05-09 21:50:48,SR311P6900,SR311P6900,325.0,0.0,0.0,0.0,5,327.5,330.0,10,326.0,320.0,325.0,320.0,11.0,3525.5,307
2023-05-09 21:50:48,SR311P6900,SR311P6900,325.0,0.0,0.0,0.0,5,327.5,330.5,50,326.0,320.0,325.0,320.0,11.0,3525.5,307
2023-05-09 21:50:58,SR311P6900,SR311P6900,325.0,0.0,0.0,0.0,5,327.5,330.0,10,326.0,320.0,325.0,320.0,11.0,3525.5,307
2023-05-09 21:50:58,SR311P6900,SR311P6900,325.0,0.0,0.0,0.0,5,327.5,330.0,20,326.0,320.0,325.0,320.0,11.0,3525.5,307
