time,symbol_id,symbol_name,last,trade_volume,trade_amount,open_interest_change,bv1,bp1,ap1,av1,yesterday_close,today_open,today_high,today_low,volume,amount,open_interest
2023-05-09 19:10:58,SR311P7100,白糖2311沽7100,462.5,0.0,0.0,0.0,0,0.0,0.0,0,462.5,453.0,0.0,0.0,0.0,0.0,225
2023-05-09 20:59:00,SR311P7100,白糖2311沽7100,462.5,0.0,0.0,0.0,10,91.0,0.0,0,462.5,453.0,0.0,0.0,0.0,0.0,225
2023-05-09 21:00:01,SR311P7100,白糖2311沽7100,462.5,0.0,0.0,0.0,2,315.0,587.0,2,462.5,453.0,0.0,0.0,0.0,0.0,225
2023-05-09 21:00:12,SR311P7100,白糖2311沽7100,462.5,0.0,0.0,0.0,10,318.5,583.5,10,462.5,453.0,0.0,0.0,0.0,0.0,225
2023-05-09 21:00:12,SR311P7100,白糖2311沽7100,462.5,0.0,0.0,0.0,10,321.5,580.5,10,462.5,453.0,0.0,0.0,0.0,0.0,225
2023-05-09 21:00:13,SR311P7100,白糖2311沽7100,462.5,0.0,0.0,0.0,2,356.5,545.5,2,462.5,453.0,0.0,0.0,0.0,0.0,225
2023-05-09 21:00:13,SR311P7100,白糖2311沽7100,462.5,0.0,0.0,0.0,10,360.0,542.0,10,462.5,453.0,0.0,0.0,0.0,0.0,225
2023-05-09 21:00:14,SR311P7100,白糖2311沽7100,462.5,0.0,0.0,0.0,10,363.0,539.0,10,462.5,453.0,0.0,0.0,0.0,0.0,225
2023-05-09 21:00:14,SR311P7100,白糖2311沽7100,462.5,0.0,0.0,0.0,10,400.5,501.5,10,462.5,453.0,0.0,0.0,0.0,0.0,225
2023-05-09 21:00:15,SR311P7100,白糖2311沽7100,462.5,0.0,0.0,0.0,2,432.0,469.5,2,462.5,453.0,0.0,0.0,0.0,0.0,225
2023-05-09 21:00:44,SR311P7100,白糖2311沽7100,462.5,0.0,0.0,0.0,10,432.5,469.5,2,462.5,453.0,0.0,0.0,0.0,0.0,225
2023-05-09 21:01:09,SR311P7100,白糖2311沽7100,462.5,0.0,0.0,0.0,5,453.5,462.0,5,462.5,453.0,0.0,0.0,0.0,0.0,225
2023-05-09 21:01:25,SR311P7100,白糖2311沽7100,462.5,0.0,0.0,0.0,5,455.5,462.0,5,462.5,453.0,0.0,0.0,0.0,0.0,225
2023-05-09 21:01:28,SR311P7100,白糖2311沽7100,462.5,0.0,0.0,0.0,5,455.5,469.5,2,462.5,453.0,0.0,0.0,0.0,0.0,225
2023-05-09 21:01:29,SR311P7100,白糖2311沽7100,462.5,0.0,0.0,0.0,5,455.5,464.5,5,462.5,453.0,0.0,0.0,0.0,0.0,225
2023-05-09 21:01:32,SR311P7100,白糖2311沽7100,462.5,0.0,0.0,0.0,5,455.5,463.5,5,462.5,453.0,0.0,0.0,0.0,0.0,225
2023-05-09 21:01:32,SR311P7100,白糖2311沽7100,462.5,0.0,0.0,0.0,5,455.5,461.5,5,462.5,453.0,0.0,0.0,0.0,0.0,225
2023-05-09 21:01:43,SR311P7100,白糖2311沽7100,462.5,0.0,0.0,0.0,5,455.5,461.5,15,462.5,453.0,0.0,0.0,0.0,0.0,225
2023-05-09 21:01:46,SR311P7100,白糖2311沽7100,462.5,0.0,0.0,0.0,5,455.5,461.5,5,462.5,453.0,0.0,0.0,0.0,0.0,225
2023-05-09 21:02:19,SR311P7100,白糖2311沽7100,462.5,0.0,0.0,0.0,5,455.5,463.5,15,462.5,453.0,0.0,0.0,0.0,0.0,225
2023-05-09 21:02:20,SR311P7100,白糖2311沽7100,462.5,0.0,0.0,0.0,5,455.5,463.5,5,462.5,453.0,0.0,0.0,0.0,0.0,225
2023-05-09 21:02:35,SR311P7100,白糖2311沽7100,462.5,0.0,0.0,0.0,5,457.5,463.5,5,462.5,453.0,0.0,0.0,0.0,0.0,225
2023-05-09 21:03:05,SR311P7100,白糖2311沽7100,462.5,0.0,0.0,0.0,15,457.5,463.5,5,462.5,453.0,0.0,0.0,0.0,0.0,225
2023-05-09 21:03:05,SR311P7100,白糖2311沽7100,462.5,0.0,0.0,0.0,25,457.5,463.5,5,462.5,453.0,0.0,0.0,0.0,0.0,225
2023-05-09 21:03:05,SR311P7100,白糖2311沽7100,462.5,0.0,0.0,0.0,15,457.5,463.5,5,462.5,453.0,0.0,0.0,0.0,0.0,225
2023-05-09 21:03:05,SR311P7100,白糖2311沽7100,462.5,0.0,0.0,0.0,25,457.5,463.5,5,462.5,453.0,0.0,0.0,0.0,0.0,225
2023-05-09 21:03:27,SR311P7100,白糖2311沽7100,462.5,0.0,0.0,0.0,15,457.5,463.5,5,462.5,453.0,0.0,0.0,0.0,0.0,225
2023-05-09 21:03:28,SR311P7100,白糖2311沽7100,462.5,0.0,0.0,0.0,5,457.5,463.5,5,462.5,453.0,0.0,0.0,0.0,0.0,225
2023-05-09 21:03:35,SR311P7100,白糖2311沽7100,462.5,0.0,0.0,0.0,10,456.0,463.0,5,462.5,453.0,0.0,0.0,0.0,0.0,225
2023-05-09 21:03:36,SR311P7100,白糖2311沽7100,462.5,0.0,0.0,0.0,5,455.5,463.0,5,462.5,453.0,0.0,0.0,0.0,0.0,225
2023-05-09 21:04:03,SR311P7100,白糖2311沽7100,462.5,0.0,0.0,0.0,5,455.5,462.0,10,462.5,453.0,0.0,0.0,0.0,0.0,225
2023-05-09 21:04:09,SR311P7100,白糖2311沽7100,462.5,0.0,0.0,0.0,5,455.5,461.5,10,462.5,453.0,0.0,0.0,0.0,0.0,225
2023-05-09 21:04:10,SR311P7100,白糖2311沽7100,462.5,0.0,0.0,0.0,5,455.5,461.5,20,462.5,453.0,0.0,0.0,0.0,0.0,225
2023-05-09 21:04:13,SR311P7100,白糖2311沽7100,462.5,0.0,0.0,0.0,5,455.5,461.5,30,462.5,453.0,0.0,0.0,0.0,0.0,225
2023-05-09 21:04:18,SR311P7100,白糖2311沽7100,462.5,0.0,0.0,0.0,5,455.5,460.5,10,462.5,453.0,0.0,0.0,0.0,0.0,225
2023-05-09 21:04:21,SR311P7100,白糖2311沽7100,462.5,0.0,0.0,0.0,5,455.5,461.0,10,462.5,453.0,0.0,0.0,0.0,0.0,225
2023-05-09 21:04:22,SR311P7100,白糖2311沽7100,462.5,0.0,0.0,0.0,5,455.5,460.5,10,462.5,453.0,0.0,0.0,0.0,0.0,225
2023-05-09 21:04:25,SR311P7100,白糖2311沽7100,462.5,0.0,0.0,0.0,5,455.5,461.5,25,462.5,453.0,0.0,0.0,0.0,0.0,225
2023-05-09 21:04:26,SR311P7100,白糖2311沽7100,462.5,0.0,0.0,0.0,5,455.5,461.5,35,462.5,453.0,0.0,0.0,0.0,0.0,225
2023-05-09 21:04:28,SR311P7100,白糖2311沽7100,462.5,0.0,0.0,0.0,5,455.5,461.5,25,462.5,453.0,0.0,0.0,0.0,0.0,225
2023-05-09 21:04:30,SR311P7100,白糖2311沽7100,462.5,0.0,0.0,0.0,5,455.5,461.5,15,462.5,453.0,0.0,0.0,0.0,0.0,225
2023-05-09 21:04:31,SR311P7100,白糖2311沽7100,462.5,0.0,0.0,0.0,5,455.5,461.5,5,462.5,453.0,0.0,0.0,0.0,0.0,225
2023-05-09 21:04:32,SR311P7100,白糖2311沽7100,462.5,0.0,0.0,0.0,5,457.0,463.0,5,462.5,453.0,0.0,0.0,0.0,0.0,225
2023-05-09 21:04:53,SR311P7100,白糖2311沽7100,462.5,0.0,0.0,0.0,5,457.0,463.0,15,462.5,453.0,0.0,0.0,0.0,0.0,225
2023-05-09 21:04:53,SR311P7100,白糖2311沽7100,462.5,0.0,0.0,0.0,5,457.0,463.0,25,462.5,453.0,0.0,0.0,0.0,0.0,225
2023-05-09 21:04:55,SR311P7100,白糖2311沽7100,462.5,0.0,0.0,0.0,5,457.0,461.0,10,462.5,453.0,0.0,0.0,0.0,0.0,225
2023-05-09 21:04:58,SR311P7100,白糖2311沽7100,462.5,0.0,0.0,0.0,5,457.0,460.5,10,462.5,453.0,0.0,0.0,0.0,0.0,225
2023-05-09 21:04:59,SR311P7100,白糖2311沽7100,462.5,0.0,0.0,0.0,5,455.5,460.5,10,462.5,453.0,0.0,0.0,0.0,0.0,225
2023-05-09 21:05:00,SR311P7100,白糖2311沽7100,462.5,0.0,0.0,0.0,5,455.5,459.5,10,462.5,453.0,0.0,0.0,0.0,0.0,225
2023-05-09 21:05:21,SR311P7100,白糖2311沽7100,462.5,0.0,0.0,0.0,5,455.5,459.0,10,462.5,453.0,0.0,0.0,0.0,0.0,225
2023-05-09 21:05:22,SR311P7100,白糖2311沽7100,462.5,0.0,0.0,0.0,20,453.5,458.0,10,462.5,453.0,0.0,0.0,0.0,0.0,225
2023-05-09 21:05:23,SR311P7100,白糖2311沽7100,462.5,0.0,0.0,0.0,5,452.5,458.0,20,462.5,453.0,0.0,0.0,0.0,0.0,225
2023-05-09 21:05:23,SR311P7100,白糖2311沽7100,462.5,0.0,0.0,0.0,5,452.5,457.0,10,462.5,453.0,0.0,0.0,0.0,0.0,225
2023-05-09 21:05:24,SR311P7100,白糖2311沽7100,462.5,0.0,0.0,0.0,15,452.5,458.0,30,462.5,453.0,0.0,0.0,0.0,0.0,225
2023-05-09 21:05:24,SR311P7100,白糖2311沽7100,462.5,0.0,0.0,0.0,25,452.5,458.0,20,462.5,453.0,0.0,0.0,0.0,0.0,225
2023-05-09 21:05:24,SR311P7100,白糖2311沽7100,462.5,0.0,0.0,0.0,15,452.5,458.0,30,462.5,453.0,0.0,0.0,0.0,0.0,225
2023-05-09 21:05:24,SR311P7100,白糖2311沽7100,462.5,0.0,0.0,0.0,25,452.5,458.0,20,462.5,453.0,0.0,0.0,0.0,0.0,225
2023-05-09 21:05:30,SR311P7100,白糖2311沽7100,462.5,0.0,0.0,0.0,10,454.0,458.5,10,462.5,453.0,0.0,0.0,0.0,0.0,225
2023-05-09 21:05:31,SR311P7100,白糖2311沽7100,462.5,0.0,0.0,0.0,10,453.0,458.0,10,462.5,453.0,0.0,0.0,0.0,0.0,225
2023-05-09 21:05:32,SR311P7100,白糖2311沽7100,462.5,0.0,0.0,0.0,20,453.0,458.0,10,462.5,453.0,0.0,0.0,0.0,0.0,225
2023-05-09 21:05:35,SR311P7100,白糖2311沽7100,462.5,0.0,0.0,0.0,10,453.5,458.5,20,462.5,453.0,0.0,0.0,0.0,0.0,225
2023-05-09 21:05:44,SR311P7100,白糖2311沽7100,462.5,0.0,0.0,0.0,20,454.0,459.5,45,462.5,453.0,0.0,0.0,0.0,0.0,225
2023-05-09 21:05:47,SR311P7100,白糖2311沽7100,462.5,0.0,0.0,0.0,25,454.0,459.5,45,462.5,453.0,0.0,0.0,0.0,0.0,225
2023-05-09 21:06:11,SR311P7100,白糖2311沽7100,462.5,0.0,0.0,0.0,20,455.0,459.5,25,462.5,453.0,0.0,0.0,0.0,0.0,225
2023-05-09 21:06:11,SR311P7100,白糖2311沽7100,462.5,0.0,0.0,0.0,20,455.0,459.5,15,462.5,453.0,0.0,0.0,0.0,0.0,225
2023-05-09 21:06:15,SR311P7100,白糖2311沽7100,462.5,0.0,0.0,0.0,30,455.0,459.5,5,462.5,453.0,0.0,0.0,0.0,0.0,225
2023-05-09 21:06:18,SR311P7100,白糖2311沽7100,462.5,0.0,0.0,0.0,30,455.0,460.5,10,462.5,453.0,0.0,0.0,0.0,0.0,225
2023-05-09 21:06:20,SR311P7100,白糖2311沽7100,462.5,0.0,0.0,0.0,5,455.5,460.5,10,462.5,453.0,0.0,0.0,0.0,0.0,225
2023-05-09 21:06:21,SR311P7100,白糖2311沽7100,462.5,0.0,0.0,0.0,10,456.0,461.0,30,462.5,453.0,0.0,0.0,0.0,0.0,225
2023-05-09 21:06:21,SR311P7100,白糖2311沽7100,462.5,0.0,0.0,0.0,20,456.0,461.0,10,462.5,453.0,0.0,0.0,0.0,0.0,225
2023-05-09 21:06:29,SR311P7100,白糖2311沽7100,462.5,0.0,0.0,0.0,10,456.5,461.5,5,462.5,453.0,0.0,0.0,0.0,0.0,225
2023-05-09 21:06:32,SR311P7100,白糖2311沽7100,462.5,0.0,0.0,0.0,10,457.0,461.5,5,462.5,453.0,0.0,0.0,0.0,0.0,225
2023-05-09 21:06:32,SR311P7100,白糖2311沽7100,462.5,0.0,0.0,0.0,20,457.0,461.5,5,462.5,453.0,0.0,0.0,0.0,0.0,225
2023-05-09 21:06:45,SR311P7100,白糖2311沽7100,462.5,0.0,0.0,0.0,25,457.0,461.5,5,462.5,453.0,0.0,0.0,0.0,0.0,225
2023-05-09 21:07:01,SR311P7100,白糖2311沽7100,462.5,0.0,0.0,0.0,25,457.0,462.5,30,462.5,453.0,0.0,0.0,0.0,0.0,225
2023-05-09 21:07:03,SR311P7100,白糖2311沽7100,462.5,0.0,0.0,0.0,20,458.0,462.5,10,462.5,453.0,0.0,0.0,0.0,0.0,225
2023-05-09 21:07:06,SR311P7100,白糖2311沽7100,462.5,0.0,0.0,0.0,25,457.0,462.5,30,462.5,453.0,0.0,0.0,0.0,0.0,225
2023-05-09 21:07:07,SR311P7100,白糖2311沽7100,462.5,0.0,0.0,0.0,15,457.0,462.0,10,462.5,453.0,0.0,0.0,0.0,0.0,225
2023-05-09 21:07:07,SR311P7100,白糖2311沽7100,462.5,0.0,0.0,0.0,5,457.0,462.0,10,462.5,453.0,0.0,0.0,0.0,0.0,225
2023-05-09 21:07:07,SR311P7100,白糖2311沽7100,462.5,0.0,0.0,0.0,15,457.0,462.0,10,462.5,453.0,0.0,0.0,0.0,0.0,225
2023-05-09 21:07:07,SR311P7100,白糖2311沽7100,462.5,0.0,0.0,0.0,5,457.0,462.0,10,462.5,453.0,0.0,0.0,0.0,0.0,225
2023-05-09 21:07:11,SR311P7100,白糖2311沽7100,462.5,0.0,0.0,0.0,15,457.0,462.5,30,462.5,453.0,0.0,0.0,0.0,0.0,225
2023-05-09 21:07:15,SR311P7100,白糖2311沽7100,462.5,0.0,0.0,0.0,20,458.0,462.5,10,462.5,453.0,0.0,0.0,0.0,0.0,225
2023-05-09 21:07:18,SR311P7100,白糖2311沽7100,462.5,0.0,0.0,0.0,10,458.5,463.0,5,462.5,453.0,0.0,0.0,0.0,0.0,225
2023-05-09 21:07:19,SR311P7100,白糖2311沽7100,462.5,0.0,0.0,0.0,20,458.5,463.0,5,462.5,453.0,0.0,0.0,0.0,0.0,225
2023-05-09 21:07:21,SR311P7100,白糖2311沽7100,462.5,0.0,0.0,0.0,10,459.0,463.0,5,462.5,453.0,0.0,0.0,0.0,0.0,225
2023-05-09 21:07:22,SR311P7100,白糖2311沽7100,462.5,0.0,0.0,0.0,20,459.0,463.0,5,462.5,453.0,0.0,0.0,0.0,0.0,225
2023-05-09 21:07:23,SR311P7100,白糖2311沽7100,462.5,0.0,0.0,0.0,20,459.0,464.5,40,462.5,453.0,0.0,0.0,0.0,0.0,225
2023-05-09 21:07:24,SR311P7100,白糖2311沽7100,462.5,0.0,0.0,0.0,10,460.0,464.5,20,462.5,453.0,0.0,0.0,0.0,0.0,225
2023-05-09 21:07:24,SR311P7100,白糖2311沽7100,462.5,0.0,0.0,0.0,10,460.0,464.5,10,462.5,453.0,0.0,0.0,0.0,0.0,225
2023-05-09 21:07:25,SR311P7100,白糖2311沽7100,462.5,0.0,0.0,0.0,20,459.0,464.5,10,462.5,453.0,0.0,0.0,0.0,0.0,225
2023-05-09 21:07:26,SR311P7100,白糖2311沽7100,462.5,0.0,0.0,0.0,10,459.0,464.0,10,462.5,453.0,0.0,0.0,0.0,0.0,225
2023-05-09 21:07:26,SR311P7100,白糖2311沽7100,462.5,0.0,0.0,0.0,45,458.5,464.0,10,462.5,453.0,0.0,0.0,0.0,0.0,225
2023-05-09 21:07:27,SR311P7100,白糖2311沽7100,462.5,0.0,0.0,0.0,20,459.5,464.5,10,462.5,453.0,0.0,0.0,0.0,0.0,225
2023-05-09 21:07:30,SR311P7100,白糖2311沽7100,462.5,0.0,0.0,0.0,5,460.0,464.5,10,462.5,453.0,0.0,0.0,0.0,0.0,225
2023-05-09 21:07:31,SR311P7100,白糖2311沽7100,462.5,0.0,0.0,0.0,20,460.5,466.0,10,462.5,453.0,0.0,0.0,0.0,0.0,225
2023-05-09 21:07:32,SR311P7100,白糖2311沽7100,462.5,0.0,0.0,0.0,15,460.0,465.5,10,462.5,453.0,0.0,0.0,0.0,0.0,225
2023-05-09 21:07:32,SR311P7100,白糖2311沽7100,462.5,0.0,0.0,0.0,5,460.0,464.5,20,462.5,453.0,0.0,0.0,0.0,0.0,225
2023-05-09 21:07:34,SR311P7100,白糖2311沽7100,462.5,0.0,0.0,0.0,5,460.0,464.0,10,462.5,453.0,0.0,0.0,0.0,0.0,225
2023-05-09 21:07:34,SR311P7100,白糖2311沽7100,462.5,0.0,0.0,0.0,5,460.0,464.0,20,462.5,453.0,0.0,0.0,0.0,0.0,225
2023-05-09 21:07:37,SR311P7100,白糖2311沽7100,462.5,0.0,0.0,0.0,5,460.0,464.5,30,462.5,453.0,0.0,0.0,0.0,0.0,225
2023-05-09 21:07:38,SR311P7100,白糖2311沽7100,462.5,0.0,0.0,0.0,5,460.0,464.0,10,462.5,453.0,0.0,0.0,0.0,0.0,225
2023-05-09 21:07:39,SR311P7100,白糖2311沽7100,462.5,0.0,0.0,0.0,5,460.0,464.0,20,462.5,453.0,0.0,0.0,0.0,0.0,225
2023-05-09 21:07:39,SR311P7100,白糖2311沽7100,462.5,0.0,0.0,0.0,5,460.0,464.0,10,462.5,453.0,0.0,0.0,0.0,0.0,225
2023-05-09 21:07:41,SR311P7100,白糖2311沽7100,462.5,0.0,0.0,0.0,5,460.0,464.0,20,462.5,453.0,0.0,0.0,0.0,0.0,225
2023-05-09 21:07:46,SR311P7100,白糖2311沽7100,462.5,0.0,0.0,0.0,15,458.5,464.0,25,462.5,453.0,0.0,0.0,0.0,0.0,225
2023-05-09 21:07:46,SR311P7100,白糖2311沽7100,462.5,0.0,0.0,0.0,5,458.5,462.5,20,462.5,453.0,0.0,0.0,0.0,0.0,225
2023-05-09 21:07:52,SR311P7100,白糖2311沽7100,462.5,0.0,0.0,0.0,20,457.0,462.5,20,462.5,453.0,0.0,0.0,0.0,0.0,225
2023-05-09 21:07:52,SR311P7100,白糖2311沽7100,462.5,0.0,0.0,0.0,10,456.5,461.5,20,462.5,453.0,0.0,0.0,0.0,0.0,225
2023-05-09 21:07:52,SR311P7100,白糖2311沽7100,462.5,0.0,0.0,0.0,10,456.5,460.5,10,462.5,453.0,0.0,0.0,0.0,0.0,225
2023-05-09 21:07:57,SR311P7100,白糖2311沽7100,462.5,0.0,0.0,0.0,5,456.0,460.5,10,462.5,453.0,0.0,0.0,0.0,0.0,225
2023-05-09 21:07:58,SR311P7100,白糖2311沽7100,462.5,0.0,0.0,0.0,15,456.0,461.0,20,462.5,453.0,0.0,0.0,0.0,0.0,225
2023-05-09 21:07:58,SR311P7100,白糖2311沽7100,462.5,0.0,0.0,0.0,5,456.0,461.0,30,462.5,453.0,0.0,0.0,0.0,0.0,225
2023-05-09 21:08:00,SR311P7100,白糖2311沽7100,462.5,0.0,0.0,0.0,5,456.0,460.0,20,462.5,453.0,0.0,0.0,0.0,0.0,225
2023-05-09 21:08:01,SR311P7100,白糖2311沽7100,462.5,0.0,0.0,0.0,5,456.0,459.5,10,462.5,453.0,0.0,0.0,0.0,0.0,225
2023-05-09 21:08:02,SR311P7100,白糖2311沽7100,462.5,0.0,0.0,0.0,10,454.0,458.5,10,462.5,453.0,0.0,0.0,0.0,0.0,225
2023-05-09 21:08:02,SR311P7100,白糖2311沽7100,462.5,0.0,0.0,0.0,25,453.5,458.5,10,462.5,453.0,0.0,0.0,0.0,0.0,225
2023-05-09 21:08:03,SR311P7100,白糖2311沽7100,462.5,0.0,0.0,0.0,20,454.0,459.5,30,462.5,453.0,0.0,0.0,0.0,0.0,225
2023-05-09 21:08:06,SR311P7100,白糖2311沽7100,462.5,0.0,0.0,0.0,10,455.0,459.5,20,462.5,453.0,0.0,0.0,0.0,0.0,225
2023-05-09 21:08:06,SR311P7100,白糖2311沽7100,462.5,0.0,0.0,0.0,10,455.0,459.5,10,462.5,453.0,0.0,0.0,0.0,0.0,225
2023-05-09 21:08:07,SR311P7100,白糖2311沽7100,462.5,0.0,0.0,0.0,20,455.0,460.5,35,462.5,453.0,0.0,0.0,0.0,0.0,225
2023-05-09 21:08:07,SR311P7100,白糖2311沽7100,462.5,0.0,0.0,0.0,30,455.0,460.5,35,462.5,453.0,0.0,0.0,0.0,0.0,225
2023-05-09 21:08:18,SR311P7100,白糖2311沽7100,462.5,0.0,0.0,0.0,20,455.0,460.0,10,462.5,453.0,0.0,0.0,0.0,0.0,225
2023-05-09 21:08:22,SR311P7100,白糖2311沽7100,462.5,0.0,0.0,0.0,10,455.0,459.5,10,462.5,453.0,0.0,0.0,0.0,0.0,225
2023-05-09 21:08:22,SR311P7100,白糖2311沽7100,462.5,0.0,0.0,0.0,20,454.0,459.5,20,462.5,453.0,0.0,0.0,0.0,0.0,225
2023-05-09 21:08:25,SR311P7100,白糖2311沽7100,462.5,0.0,0.0,0.0,45,453.5,459.0,20,462.5,453.0,0.0,0.0,0.0,0.0,225
2023-05-09 21:08:25,SR311P7100,白糖2311沽7100,462.5,0.0,0.0,0.0,35,453.5,459.0,20,462.5,453.0,0.0,0.0,0.0,0.0,225
2023-05-09 21:08:35,SR311P7100,白糖2311沽7100,462.5,0.0,0.0,0.0,25,453.5,458.5,10,462.5,453.0,0.0,0.0,0.0,0.0,225
2023-05-09 21:09:07,SR311P7100,白糖2311沽7100,462.5,0.0,0.0,0.0,5,454.5,459.0,20,462.5,453.0,0.0,0.0,0.0,0.0,225
2023-05-09 21:09:08,SR311P7100,白糖2311沽7100,462.5,0.0,0.0,0.0,5,454.5,459.0,10,462.5,453.0,0.0,0.0,0.0,0.0,225
2023-05-09 21:09:09,SR311P7100,白糖2311沽7100,462.5,0.0,0.0,0.0,15,454.5,459.0,10,462.5,453.0,0.0,0.0,0.0,0.0,225
2023-05-09 21:09:09,SR311P7100,白糖2311沽7100,462.5,0.0,0.0,0.0,25,454.5,459.0,10,462.5,453.0,0.0,0.0,0.0,0.0,225
2023-05-09 21:09:10,SR311P7100,白糖2311沽7100,462.5,0.0,0.0,0.0,35,454.5,459.5,10,462.5,453.0,0.0,0.0,0.0,0.0,225
2023-05-09 21:09:15,SR311P7100,白糖2311沽7100,462.5,0.0,0.0,0.0,25,454.5,459.5,10,462.5,453.0,0.0,0.0,0.0,0.0,225
2023-05-09 21:09:18,SR311P7100,白糖2311沽7100,462.5,0.0,0.0,0.0,25,454.5,459.5,20,462.5,453.0,0.0,0.0,0.0,0.0,225
2023-05-09 21:09:19,SR311P7100,白糖2311沽7100,462.5,0.0,0.0,0.0,5,454.5,459.5,20,462.5,453.0,0.0,0.0,0.0,0.0,225
2023-05-09 21:09:33,SR311P7100,白糖2311沽7100,462.5,0.0,0.0,0.0,30,455.0,460.5,25,462.5,453.0,0.0,0.0,0.0,0.0,225
2023-05-09 21:09:33,SR311P7100,白糖2311沽7100,462.5,0.0,0.0,0.0,30,455.0,460.5,15,462.5,453.0,0.0,0.0,0.0,0.0,225
2023-05-09 21:09:47,SR311P7100,白糖2311沽7100,462.5,0.0,0.0,0.0,35,454.5,459.5,10,462.5,453.0,0.0,0.0,0.0,0.0,225
2023-05-09 21:09:47,SR311P7100,白糖2311沽7100,462.5,0.0,0.0,0.0,25,454.5,459.5,10,462.5,453.0,0.0,0.0,0.0,0.0,225
2023-05-09 21:09:48,SR311P7100,白糖2311沽7100,462.5,0.0,0.0,0.0,5,454.5,459.5,10,462.5,453.0,0.0,0.0,0.0,0.0,225
2023-05-09 21:09:55,SR311P7100,白糖2311沽7100,462.5,0.0,0.0,0.0,30,455.0,460.5,25,462.5,453.0,0.0,0.0,0.0,0.0,225
2023-05-09 21:09:55,SR311P7100,白糖2311沽7100,462.5,0.0,0.0,0.0,30,455.0,460.5,15,462.5,453.0,0.0,0.0,0.0,0.0,225
2023-05-09 21:10:02,SR311P7100,白糖2311沽7100,462.5,0.0,0.0,0.0,5,456.0,460.5,10,462.5,453.0,0.0,0.0,0.0,0.0,225
2023-05-09 21:10:13,SR311P7100,白糖2311沽7100,462.5,0.0,0.0,0.0,25,456.0,461.0,20,462.5,453.0,0.0,0.0,0.0,0.0,225
2023-05-09 21:10:14,SR311P7100,白糖2311沽7100,462.5,0.0,0.0,0.0,25,456.0,461.0,10,462.5,453.0,0.0,0.0,0.0,0.0,225
2023-05-09 21:10:57,SR311P7100,白糖2311沽7100,462.5,0.0,0.0,0.0,5,456.0,460.0,10,462.5,453.0,0.0,0.0,0.0,0.0,225
2023-05-09 21:10:59,SR311P7100,白糖2311沽7100,462.5,0.0,0.0,0.0,5,456.0,460.0,20,462.5,453.0,0.0,0.0,0.0,0.0,225
2023-05-09 21:10:59,SR311P7100,白糖2311沽7100,462.5,0.0,0.0,0.0,5,456.0,459.0,10,462.5,453.0,0.0,0.0,0.0,0.0,225
2023-05-09 21:11:01,SR311P7100,白糖2311沽7100,462.5,0.0,0.0,0.0,5,456.0,459.5,10,462.5,453.0,0.0,0.0,0.0,0.0,225
2023-05-09 21:11:02,SR311P7100,白糖2311沽7100,462.5,0.0,0.0,0.0,5,456.0,461.0,40,462.5,453.0,0.0,0.0,0.0,0.0,225
2023-05-09 21:11:02,SR311P7100,白糖2311沽7100,462.5,0.0,0.0,0.0,5,456.0,461.0,30,462.5,453.0,0.0,0.0,0.0,0.0,225
2023-05-09 21:11:03,SR311P7100,白糖2311沽7100,462.5,0.0,0.0,0.0,5,456.0,461.0,50,462.5,453.0,0.0,0.0,0.0,0.0,225
2023-05-09 21:11:04,SR311P7100,白糖2311沽7100,462.5,0.0,0.0,0.0,5,456.0,460.5,10,462.5,453.0,0.0,0.0,0.0,0.0,225
2023-05-09 21:11:05,SR311P7100,白糖2311沽7100,462.5,0.0,0.0,0.0,5,456.0,459.5,10,462.5,453.0,0.0,0.0,0.0,0.0,225
2023-05-09 21:11:20,SR311P7100,白糖2311沽7100,462.5,0.0,0.0,0.0,5,456.0,460.0,10,462.5,453.0,0.0,0.0,0.0,0.0,225
2023-05-09 21:11:20,SR311P7100,白糖2311沽7100,462.5,0.0,0.0,0.0,5,456.0,460.5,20,462.5,453.0,0.0,0.0,0.0,0.0,225
2023-05-09 21:11:42,SR311P7100,白糖2311沽7100,462.5,0.0,0.0,0.0,35,456.0,461.0,10,462.5,453.0,0.0,0.0,0.0,0.0,225
2023-05-09 21:11:43,SR311P7100,白糖2311沽7100,462.5,0.0,0.0,0.0,35,456.0,461.5,30,462.5,453.0,0.0,0.0,0.0,0.0,225
2023-05-09 21:11:43,SR311P7100,白糖2311沽7100,462.5,0.0,0.0,0.0,35,456.0,461.5,20,462.5,453.0,0.0,0.0,0.0,0.0,225
2023-05-09 21:11:43,SR311P7100,白糖2311沽7100,462.5,0.0,0.0,0.0,35,456.0,461.5,30,462.5,453.0,0.0,0.0,0.0,0.0,225
2023-05-09 21:11:43,SR311P7100,白糖2311沽7100,462.5,0.0,0.0,0.0,35,456.0,461.5,20,462.5,453.0,0.0,0.0,0.0,0.0,225
2023-05-09 21:11:48,SR311P7100,白糖2311沽7100,462.5,0.0,0.0,0.0,5,456.0,460.5,30,462.5,453.0,0.0,0.0,0.0,0.0,225
2023-05-09 21:11:57,SR311P7100,白糖2311沽7100,462.5,0.0,0.0,0.0,5,456.0,459.5,10,462.5,453.0,0.0,0.0,0.0,0.0,225
2023-05-09 21:12:02,SR311P7100,白糖2311沽7100,462.5,0.0,0.0,0.0,5,454.5,458.0,10,462.5,453.0,0.0,0.0,0.0,0.0,225
2023-05-09 21:12:03,SR311P7100,白糖2311沽7100,462.5,0.0,0.0,0.0,5,454.5,458.0,20,462.5,453.0,0.0,0.0,0.0,0.0,225
2023-05-09 21:12:04,SR311P7100,白糖2311沽7100,462.5,0.0,0.0,0.0,5,454.5,458.0,10,462.5,453.0,0.0,0.0,0.0,0.0,225
2023-05-09 21:12:04,SR311P7100,白糖2311沽7100,462.5,0.0,0.0,0.0,5,454.5,459.0,50,462.5,453.0,0.0,0.0,0.0,0.0,225
2023-05-09 21:12:04,SR311P7100,白糖2311沽7100,462.5,0.0,0.0,0.0,5,454.5,459.0,30,462.5,453.0,0.0,0.0,0.0,0.0,225
2023-05-09 21:12:34,SR311P7100,白糖2311沽7100,462.5,0.0,0.0,0.0,5,454.5,458.0,10,462.5,453.0,0.0,0.0,0.0,0.0,225
2023-05-09 21:12:35,SR311P7100,白糖2311沽7100,462.5,0.0,0.0,0.0,20,454.0,458.0,10,462.5,453.0,0.0,0.0,0.0,0.0,225
2023-05-09 21:12:35,SR311P7100,白糖2311沽7100,462.5,0.0,0.0,0.0,30,453.0,457.5,10,462.5,453.0,0.0,0.0,0.0,0.0,225
2023-05-09 21:12:36,SR311P7100,白糖2311沽7100,462.5,0.0,0.0,0.0,20,453.0,457.5,20,462.5,453.0,0.0,0.0,0.0,0.0,225
2023-05-09 21:12:37,SR311P7100,白糖2311沽7100,462.5,0.0,0.0,0.0,10,452.5,456.5,10,462.5,453.0,0.0,0.0,0.0,0.0,225
2023-05-09 21:12:38,SR311P7100,白糖2311沽7100,462.5,0.0,0.0,0.0,25,452.0,456.5,30,462.5,453.0,0.0,0.0,0.0,0.0,225
2023-05-09 21:12:39,SR311P7100,白糖2311沽7100,462.5,0.0,0.0,0.0,5,452.0,456.5,30,462.5,453.0,0.0,0.0,0.0,0.0,225
2023-05-09 21:12:42,SR311P7100,白糖2311沽7100,462.5,0.0,0.0,0.0,5,452.0,455.0,10,462.5,453.0,0.0,0.0,0.0,0.0,225
2023-05-09 21:12:48,SR311P7100,白糖2311沽7100,462.5,0.0,0.0,0.0,10,451.0,454.0,10,462.5,453.0,0.0,0.0,0.0,0.0,225
2023-05-09 21:12:48,SR311P7100,白糖2311沽7100,462.5,0.0,0.0,0.0,10,450.5,454.0,10,462.5,453.0,0.0,0.0,0.0,0.0,225
2023-05-09 21:12:49,SR311P7100,白糖2311沽7100,462.5,0.0,0.0,0.0,25,449.5,454.0,10,462.5,453.0,0.0,0.0,0.0,0.0,225
2023-05-09 21:12:50,SR311P7100,白糖2311沽7100,462.5,0.0,0.0,0.0,10,450.0,454.0,10,462.5,453.0,0.0,0.0,0.0,0.0,225
2023-05-09 21:12:50,SR311P7100,白糖2311沽7100,462.5,0.0,0.0,0.0,25,449.5,454.0,10,462.5,453.0,0.0,0.0,0.0,0.0,225
2023-05-09 21:12:51,SR311P7100,白糖2311沽7100,462.5,0.0,0.0,0.0,5,449.5,453.5,20,462.5,453.0,0.0,0.0,0.0,0.0,225
2023-05-09 21:12:53,SR311P7100,白糖2311沽7100,462.5,0.0,0.0,0.0,15,449.5,453.5,10,462.5,453.0,0.0,0.0,0.0,0.0,225
2023-05-09 21:12:53,SR311P7100,白糖2311沽7100,462.5,0.0,0.0,0.0,25,449.5,454.0,20,462.5,453.0,0.0,0.0,0.0,0.0,225
2023-05-09 21:12:55,SR311P7100,白糖2311沽7100,462.5,0.0,0.0,0.0,15,449.5,454.0,30,462.5,453.0,0.0,0.0,0.0,0.0,225
2023-05-09 21:12:55,SR311P7100,白糖2311沽7100,462.5,0.0,0.0,0.0,15,449.5,453.0,10,462.5,453.0,0.0,0.0,0.0,0.0,225
2023-05-09 21:12:56,SR311P7100,白糖2311沽7100,462.5,0.0,0.0,0.0,5,449.5,453.0,10,462.5,453.0,0.0,0.0,0.0,0.0,225
2023-05-09 21:12:57,SR311P7100,白糖2311沽7100,462.5,0.0,0.0,0.0,5,449.5,452.5,10,462.5,453.0,0.0,0.0,0.0,0.0,225
2023-05-09 21:12:58,SR311P7100,白糖2311沽7100,462.5,0.0,0.0,0.0,10,448.5,452.5,20,462.5,453.0,0.0,0.0,0.0,0.0,225
2023-05-09 21:12:58,SR311P7100,白糖2311沽7100,462.5,0.0,0.0,0.0,10,448.0,451.5,10,462.5,453.0,0.0,0.0,0.0,0.0,225
2023-05-09 21:12:59,SR311P7100,白糖2311沽7100,462.5,0.0,0.0,0.0,25,447.5,451.5,10,462.5,453.0,0.0,0.0,0.0,0.0,225
2023-05-09 21:13:00,SR311P7100,白糖2311沽7100,462.5,0.0,0.0,0.0,5,449.0,452.5,10,462.5,453.0,0.0,0.0,0.0,0.0,225
2023-05-09 21:13:01,SR311P7100,白糖2311沽7100,462.5,0.0,0.0,0.0,5,449.0,452.5,20,462.5,453.0,0.0,0.0,0.0,0.0,225
2023-05-09 21:13:05,SR311P7100,白糖2311沽7100,462.5,0.0,0.0,0.0,5,449.0,453.0,30,462.5,453.0,0.0,0.0,0.0,0.0,225
2023-05-09 21:13:05,SR311P7100,白糖2311沽7100,462.5,0.0,0.0,0.0,5,449.0,453.5,20,462.5,453.0,0.0,0.0,0.0,0.0,225
2023-05-09 21:13:08,SR311P7100,白糖2311沽7100,462.5,0.0,0.0,0.0,5,449.0,453.5,30,462.5,453.0,0.0,0.0,0.0,0.0,225
2023-05-09 21:13:11,SR311P7100,白糖2311沽7100,462.5,0.0,0.0,0.0,5,449.0,453.5,20,462.5,453.0,0.0,0.0,0.0,0.0,225
2023-05-09 21:13:13,SR311P7100,白糖2311沽7100,462.5,0.0,0.0,0.0,10,449.5,453.5,10,462.5,453.0,0.0,0.0,0.0,0.0,225
2023-05-09 21:13:15,SR311P7100,白糖2311沽7100,462.5,0.0,0.0,0.0,20,449.5,453.5,10,462.5,453.0,0.0,0.0,0.0,0.0,225
2023-05-09 21:13:16,SR311P7100,白糖2311沽7100,462.5,0.0,0.0,0.0,5,449.0,453.5,30,462.5,453.0,0.0,0.0,0.0,0.0,225
2023-05-09 21:13:28,SR311P7100,白糖2311沽7100,462.5,0.0,0.0,0.0,5,449.0,453.5,40,462.5,453.0,0.0,0.0,0.0,0.0,225
2023-05-09 21:13:30,SR311P7100,白糖2311沽7100,462.5,0.0,0.0,0.0,5,449.0,453.0,10,462.5,453.0,0.0,0.0,0.0,0.0,225
2023-05-09 21:13:30,SR311P7100,白糖2311沽7100,462.5,0.0,0.0,0.0,5,449.0,452.0,10,462.5,453.0,0.0,0.0,0.0,0.0,225
2023-05-09 21:13:34,SR311P7100,白糖2311沽7100,462.5,0.0,0.0,0.0,5,449.0,452.5,10,462.5,453.0,0.0,0.0,0.0,0.0,225
2023-05-09 21:13:35,SR311P7100,白糖2311沽7100,462.5,0.0,0.0,0.0,5,449.0,453.0,10,462.5,453.0,0.0,0.0,0.0,0.0,225
2023-05-09 21:13:39,SR311P7100,白糖2311沽7100,462.5,0.0,0.0,0.0,5,449.0,453.5,20,462.5,453.0,0.0,0.0,0.0,0.0,225
2023-05-09 21:13:41,SR311P7100,白糖2311沽7100,462.5,0.0,0.0,0.0,5,449.0,453.5,10,462.5,453.0,0.0,0.0,0.0,0.0,225
2023-05-09 21:13:41,SR311P7100,白糖2311沽7100,462.5,0.0,0.0,0.0,5,450.5,454.0,10,462.5,453.0,0.0,0.0,0.0,0.0,225
2023-05-09 21:13:41,SR311P7100,白糖2311沽7100,462.5,0.0,0.0,0.0,5,450.5,454.5,30,462.5,453.0,0.0,0.0,0.0,0.0,225
2023-05-09 21:13:48,SR311P7100,白糖2311沽7100,462.5,0.0,0.0,0.0,5,450.5,454.5,20,462.5,453.0,0.0,0.0,0.0,0.0,225
2023-05-09 21:13:50,SR311P7100,白糖2311沽7100,462.5,0.0,0.0,0.0,15,450.5,454.5,10,462.5,453.0,0.0,0.0,0.0,0.0,225
2023-05-09 21:13:50,SR311P7100,白糖2311沽7100,462.5,0.0,0.0,0.0,15,450.5,455.0,20,462.5,453.0,0.0,0.0,0.0,0.0,225
2023-05-09 21:13:52,SR311P7100,白糖2311沽7100,462.5,0.0,0.0,0.0,25,450.5,455.5,15,462.5,453.0,0.0,0.0,0.0,0.0,225
2023-05-09 21:13:52,SR311P7100,白糖2311沽7100,462.5,0.0,0.0,0.0,25,450.5,455.5,25,462.5,453.0,0.0,0.0,0.0,0.0,225
2023-05-09 21:13:59,SR311P7100,白糖2311沽7100,462.5,0.0,0.0,0.0,25,450.5,455.5,15,462.5,453.0,0.0,0.0,0.0,0.0,225
2023-05-09 21:14:00,SR311P7100,白糖2311沽7100,462.5,0.0,0.0,0.0,15,450.5,455.0,10,462.5,453.0,0.0,0.0,0.0,0.0,225
2023-05-09 21:14:02,SR311P7100,白糖2311沽7100,462.5,0.0,0.0,0.0,5,450.5,454.5,10,462.5,453.0,0.0,0.0,0.0,0.0,225
2023-05-09 21:14:14,SR311P7100,白糖2311沽7100,462.5,0.0,0.0,0.0,25,450.5,455.0,10,462.5,453.0,0.0,0.0,0.0,0.0,225
2023-05-09 21:14:23,SR311P7100,白糖2311沽7100,462.5,0.0,0.0,0.0,15,450.5,454.5,10,462.5,453.0,0.0,0.0,0.0,0.0,225
2023-05-09 21:14:23,SR311P7100,白糖2311沽7100,462.5,0.0,0.0,0.0,5,450.5,453.0,10,462.5,453.0,0.0,0.0,0.0,0.0,225
2023-05-09 21:14:24,SR311P7100,白糖2311沽7100,462.5,0.0,0.0,0.0,5,450.5,453.5,10,462.5,453.0,0.0,0.0,0.0,0.0,225
2023-05-09 21:14:24,SR311P7100,白糖2311沽7100,462.5,0.0,0.0,0.0,5,450.5,453.5,20,462.5,453.0,0.0,0.0,0.0,0.0,225
2023-05-09 21:14:25,SR311P7100,白糖2311沽7100,462.5,0.0,0.0,0.0,5,450.5,453.5,10,462.5,453.0,0.0,0.0,0.0,0.0,225
2023-05-09 21:14:27,SR311P7100,白糖2311沽7100,462.5,0.0,0.0,0.0,5,450.5,454.0,20,462.5,453.0,0.0,0.0,0.0,0.0,225
2023-05-09 21:14:27,SR311P7100,白糖2311沽7100,462.5,0.0,0.0,0.0,5,450.5,454.5,30,462.5,453.0,0.0,0.0,0.0,0.0,225
2023-05-09 21:14:28,SR311P7100,白糖2311沽7100,462.5,0.0,0.0,0.0,5,450.5,454.5,20,462.5,453.0,0.0,0.0,0.0,0.0,225
2023-05-09 21:14:28,SR311P7100,白糖2311沽7100,462.5,0.0,0.0,0.0,5,450.5,454.5,30,462.5,453.0,0.0,0.0,0.0,0.0,225
2023-05-09 21:14:29,SR311P7100,白糖2311沽7100,462.5,0.0,0.0,0.0,5,450.5,453.5,20,462.5,453.0,0.0,0.0,0.0,0.0,225
2023-05-09 21:14:36,SR311P7100,白糖2311沽7100,462.5,0.0,0.0,0.0,5,450.5,453.5,10,462.5,453.0,0.0,0.0,0.0,0.0,225
2023-05-09 21:14:36,SR311P7100,白糖2311沽7100,462.5,0.0,0.0,0.0,5,450.5,454.5,20,462.5,453.0,0.0,0.0,0.0,0.0,225
2023-05-09 21:14:37,SR311P7100,白糖2311沽7100,462.5,0.0,0.0,0.0,5,450.5,454.0,10,462.5,453.0,0.0,0.0,0.0,0.0,225
2023-05-09 21:14:40,SR311P7100,白糖2311沽7100,462.5,0.0,0.0,0.0,5,450.5,454.5,10,462.5,453.0,0.0,0.0,0.0,0.0,225
2023-05-09 21:14:49,SR311P7100,白糖2311沽7100,462.5,0.0,0.0,0.0,5,450.5,455.0,10,462.5,453.0,0.0,0.0,0.0,0.0,225
2023-05-09 21:14:49,SR311P7100,白糖2311沽7100,462.5,0.0,0.0,0.0,10,451.0,455.0,10,462.5,453.0,0.0,0.0,0.0,0.0,225
2023-05-09 21:14:51,SR311P7100,白糖2311沽7100,462.5,0.0,0.0,0.0,20,451.0,455.0,10,462.5,453.0,0.0,0.0,0.0,0.0,225
2023-05-09 21:14:52,SR311P7100,白糖2311沽7100,462.5,0.0,0.0,0.0,30,451.0,455.5,15,462.5,453.0,0.0,0.0,0.0,0.0,225
2023-05-09 21:14:54,SR311P7100,白糖2311沽7100,462.5,0.0,0.0,0.0,10,451.5,456.5,30,462.5,453.0,0.0,0.0,0.0,0.0,225
2023-05-09 21:14:57,SR311P7100,白糖2311沽7100,462.5,0.0,0.0,0.0,25,450.5,455.5,10,462.5,453.0,0.0,0.0,0.0,0.0,225
2023-05-09 21:15:04,SR311P7100,白糖2311沽7100,462.5,0.0,0.0,0.0,20,451.5,456.5,20,462.5,453.0,0.0,0.0,0.0,0.0,225
2023-05-09 21:15:05,SR311P7100,白糖2311沽7100,462.5,0.0,0.0,0.0,10,451.5,455.5,10,462.5,453.0,0.0,0.0,0.0,0.0,225
2023-05-09 21:15:05,SR311P7100,白糖2311沽7100,462.5,0.0,0.0,0.0,25,450.5,455.5,10,462.5,453.0,0.0,0.0,0.0,0.0,225
2023-05-09 21:15:10,SR311P7100,白糖2311沽7100,462.5,0.0,0.0,0.0,25,450.5,455.0,10,462.5,453.0,0.0,0.0,0.0,0.0,225
2023-05-09 21:15:11,SR311P7100,白糖2311沽7100,462.5,0.0,0.0,0.0,35,450.5,455.5,10,462.5,453.0,0.0,0.0,0.0,0.0,225
2023-05-09 21:15:28,SR311P7100,白糖2311沽7100,462.5,0.0,0.0,0.0,5,450.5,454.5,10,462.5,453.0,0.0,0.0,0.0,0.0,225
2023-05-09 21:15:34,SR311P7100,白糖2311沽7100,462.5,0.0,0.0,0.0,35,450.5,455.0,10,462.5,453.0,0.0,0.0,0.0,0.0,225
2023-05-09 21:15:47,SR311P7100,白糖2311沽7100,462.5,0.0,0.0,0.0,25,450.5,455.0,10,462.5,453.0,0.0,0.0,0.0,0.0,225
2023-05-09 21:15:56,SR311P7100,白糖2311沽7100,462.5,0.0,0.0,0.0,15,450.5,454.5,10,462.5,453.0,0.0,0.0,0.0,0.0,225
2023-05-09 21:15:57,SR311P7100,白糖2311沽7100,462.5,0.0,0.0,0.0,5,450.5,454.5,10,462.5,453.0,0.0,0.0,0.0,0.0,225
2023-05-09 21:15:59,SR311P7100,白糖2311沽7100,462.5,0.0,0.0,0.0,5,450.5,453.0,10,462.5,453.0,0.0,0.0,0.0,0.0,225
2023-05-09 21:16:01,SR311P7100,白糖2311沽7100,453.0,10.0,4530.0,10.0,5,450.5,455.0,10,462.5,453.0,453.0,453.0,10.0,4530.0,235
2023-05-09 21:16:02,SR311P7100,白糖2311沽7100,453.0,0.0,0.0,0.0,15,450.5,455.0,10,462.5,453.0,453.0,453.0,10.0,4530.0,235
2023-05-09 21:16:02,SR311P7100,白糖2311沽7100,453.0,0.0,0.0,0.0,25,450.5,455.0,10,462.5,453.0,453.0,453.0,10.0,4530.0,235
2023-05-09 21:16:03,SR311P7100,白糖2311沽7100,453.0,0.0,0.0,0.0,10,451.5,455.5,5,462.5,453.0,453.0,453.0,10.0,4530.0,235
2023-05-09 21:16:04,SR311P7100,白糖2311沽7100,453.0,0.0,0.0,0.0,20,451.5,455.5,5,462.5,453.0,453.0,453.0,10.0,4530.0,235
2023-05-09 21:16:06,SR311P7100,白糖2311沽7100,453.0,0.0,0.0,0.0,30,451.5,455.5,5,462.5,453.0,453.0,453.0,10.0,4530.0,235
2023-05-09 21:16:07,SR311P7100,白糖2311沽7100,453.0,0.0,0.0,0.0,30,451.5,457.0,20,462.5,453.0,453.0,453.0,10.0,4530.0,235
2023-05-09 21:16:07,SR311P7100,白糖2311沽7100,453.0,0.0,0.0,0.0,5,452.0,457.0,10,462.5,453.0,453.0,453.0,10.0,4530.0,235
2023-05-09 21:16:12,SR311P7100,白糖2311沽7100,453.0,0.0,0.0,0.0,5,453.5,457.5,5,462.5,453.0,453.0,453.0,10.0,4530.0,235
2023-05-09 21:16:12,SR311P7100,白糖2311沽7100,453.0,0.0,0.0,0.0,25,453.5,457.5,5,462.5,453.0,453.0,453.0,10.0,4530.0,235
2023-05-09 21:16:13,SR311P7100,白糖2311沽7100,453.0,0.0,0.0,0.0,5,453.5,457.5,5,462.5,453.0,453.0,453.0,10.0,4530.0,235
2023-05-09 21:16:15,SR311P7100,白糖2311沽7100,453.0,0.0,0.0,0.0,5,453.5,457.5,15,462.5,453.0,453.0,453.0,10.0,4530.0,235
2023-05-09 21:16:20,SR311P7100,白糖2311沽7100,453.0,0.0,0.0,0.0,5,453.5,457.5,5,462.5,453.0,453.0,453.0,10.0,4530.0,235
2023-05-09 21:16:21,SR311P7100,白糖2311沽7100,453.0,0.0,0.0,0.0,15,453.5,458.0,30,462.5,453.0,453.0,453.0,10.0,4530.0,235
2023-05-09 21:16:21,SR311P7100,白糖2311沽7100,453.0,0.0,0.0,0.0,15,453.5,458.0,20,462.5,453.0,453.0,453.0,10.0,4530.0,235
2023-05-09 21:16:22,SR311P7100,白糖2311沽7100,453.0,0.0,0.0,0.0,25,453.5,458.0,10,462.5,453.0,453.0,453.0,10.0,4530.0,235
2023-05-09 21:16:25,SR311P7100,白糖2311沽7100,453.0,0.0,0.0,0.0,15,453.5,458.0,10,462.5,453.0,453.0,453.0,10.0,4530.0,235
2023-05-09 21:16:26,SR311P7100,白糖2311沽7100,453.0,0.0,0.0,0.0,15,453.5,458.0,20,462.5,453.0,453.0,453.0,10.0,4530.0,235
2023-05-09 21:16:37,SR311P7100,白糖2311沽7100,453.0,0.0,0.0,0.0,45,453.5,458.0,10,462.5,453.0,453.0,453.0,10.0,4530.0,235
2023-05-09 21:16:37,SR311P7100,白糖2311沽7100,453.0,0.0,0.0,0.0,45,453.5,459.0,15,462.5,453.0,453.0,453.0,10.0,4530.0,235
2023-05-09 21:16:38,SR311P7100,白糖2311沽7100,453.0,0.0,0.0,0.0,55,453.5,459.0,5,462.5,453.0,453.0,453.0,10.0,4530.0,235
2023-05-09 21:16:46,SR311P7100,白糖2311沽7100,453.0,0.0,0.0,0.0,45,453.5,458.5,10,462.5,453.0,453.0,453.0,10.0,4530.0,235
2023-05-09 21:16:48,SR311P7100,白糖2311沽7100,453.0,0.0,0.0,0.0,25,453.5,458.5,20,462.5,453.0,453.0,453.0,10.0,4530.0,235
2023-05-09 21:16:48,SR311P7100,白糖2311沽7100,453.0,0.0,0.0,0.0,25,453.5,458.5,10,462.5,453.0,453.0,453.0,10.0,4530.0,235
2023-05-09 21:16:51,SR311P7100,白糖2311沽7100,453.0,0.0,0.0,0.0,15,453.5,458.5,10,462.5,453.0,453.0,453.0,10.0,4530.0,235
2023-05-09 21:16:55,SR311P7100,白糖2311沽7100,453.0,0.0,0.0,0.0,25,453.5,458.5,10,462.5,453.0,453.0,453.0,10.0,4530.0,235
2023-05-09 21:17:02,SR311P7100,白糖2311沽7100,453.0,0.0,0.0,0.0,10,454.5,459.0,5,462.5,453.0,453.0,453.0,10.0,4530.0,235
2023-05-09 21:17:02,SR311P7100,白糖2311沽7100,453.0,0.0,0.0,0.0,5,455.0,459.5,10,462.5,453.0,453.0,453.0,10.0,4530.0,235
2023-05-09 21:17:03,SR311P7100,白糖2311沽7100,453.0,0.0,0.0,0.0,10,455.5,460.5,10,462.5,453.0,453.0,453.0,10.0,4530.0,235
2023-05-09 21:17:03,SR311P7100,白糖2311沽7100,453.0,0.0,0.0,0.0,20,455.5,461.0,20,462.5,453.0,453.0,453.0,10.0,4530.0,235
2023-05-09 21:17:04,SR311P7100,白糖2311沽7100,453.0,0.0,0.0,0.0,30,455.5,461.0,10,462.5,453.0,453.0,453.0,10.0,4530.0,235
2023-05-09 21:17:09,SR311P7100,白糖2311沽7100,453.0,0.0,0.0,0.0,15,455.0,460.0,30,462.5,453.0,453.0,453.0,10.0,4530.0,235
2023-05-09 21:17:09,SR311P7100,白糖2311沽7100,453.0,0.0,0.0,0.0,5,455.0,459.0,20,462.5,453.0,453.0,453.0,10.0,4530.0,235
2023-05-09 21:17:10,SR311P7100,白糖2311沽7100,453.0,0.0,0.0,0.0,5,455.0,458.5,10,462.5,453.0,453.0,453.0,10.0,4530.0,235
2023-05-09 21:17:11,SR311P7100,白糖2311沽7100,453.0,0.0,0.0,0.0,5,455.0,458.5,20,462.5,453.0,453.0,453.0,10.0,4530.0,235
2023-05-09 21:17:12,SR311P7100,白糖2311沽7100,453.0,0.0,0.0,0.0,5,455.0,458.5,10,462.5,453.0,453.0,453.0,10.0,4530.0,235
2023-05-09 21:17:13,SR311P7100,白糖2311沽7100,453.0,0.0,0.0,0.0,15,455.0,460.0,40,462.5,453.0,453.0,453.0,10.0,4530.0,235
2023-05-09 21:17:13,SR311P7100,白糖2311沽7100,453.0,0.0,0.0,0.0,15,455.0,460.0,30,462.5,453.0,453.0,453.0,10.0,4530.0,235
2023-05-09 21:17:15,SR311P7100,白糖2311沽7100,453.0,0.0,0.0,0.0,15,455.0,460.0,40,462.5,453.0,453.0,453.0,10.0,4530.0,235
2023-05-09 21:17:16,SR311P7100,白糖2311沽7100,453.0,0.0,0.0,0.0,35,455.0,460.0,40,462.5,453.0,453.0,453.0,10.0,4530.0,235
2023-05-09 21:17:28,SR311P7100,白糖2311沽7100,453.0,0.0,0.0,0.0,25,455.0,460.0,30,462.5,453.0,453.0,453.0,10.0,4530.0,235
2023-05-09 21:17:29,SR311P7100,白糖2311沽7100,453.0,0.0,0.0,0.0,35,455.0,460.0,40,462.5,453.0,453.0,453.0,10.0,4530.0,235
2023-05-09 21:17:30,SR311P7100,白糖2311沽7100,453.0,0.0,0.0,0.0,10,456.0,460.0,10,462.5,453.0,453.0,453.0,10.0,4530.0,235
2023-05-09 21:17:31,SR311P7100,白糖2311沽7100,453.0,0.0,0.0,0.0,10,456.0,460.5,5,462.5,453.0,453.0,453.0,10.0,4530.0,235
2023-05-09 21:17:32,SR311P7100,白糖2311沽7100,453.0,0.0,0.0,0.0,10,456.5,460.5,5,462.5,453.0,453.0,453.0,10.0,4530.0,235
2023-05-09 21:17:38,SR311P7100,白糖2311沽7100,453.0,0.0,0.0,0.0,20,456.0,460.5,5,462.5,453.0,453.0,453.0,10.0,4530.0,235
2023-05-09 21:17:54,SR311P7100,白糖2311沽7100,453.0,0.0,0.0,0.0,30,456.0,460.5,5,462.5,453.0,453.0,453.0,10.0,4530.0,235
2023-05-09 21:17:55,SR311P7100,白糖2311沽7100,453.0,0.0,0.0,0.0,10,456.5,460.5,5,462.5,453.0,453.0,453.0,10.0,4530.0,235
2023-05-09 21:18:04,SR311P7100,白糖2311沽7100,453.0,0.0,0.0,0.0,30,456.0,460.5,5,462.5,453.0,453.0,453.0,10.0,4530.0,235
2023-05-09 21:18:06,SR311P7100,白糖2311沽7100,453.0,0.0,0.0,0.0,20,456.0,460.5,5,462.5,453.0,453.0,453.0,10.0,4530.0,235
2023-05-09 21:18:08,SR311P7100,白糖2311沽7100,453.0,0.0,0.0,0.0,10,455.5,459.5,20,462.5,453.0,453.0,453.0,10.0,4530.0,235
2023-05-09 21:18:08,SR311P7100,白糖2311沽7100,453.0,0.0,0.0,0.0,15,455.0,459.0,10,462.5,453.0,453.0,453.0,10.0,4530.0,235
2023-05-09 21:18:09,SR311P7100,白糖2311沽7100,453.0,0.0,0.0,0.0,5,455.0,458.0,10,462.5,453.0,453.0,453.0,10.0,4530.0,235
2023-05-09 21:18:09,SR311P7100,白糖2311沽7100,453.0,0.0,0.0,0.0,5,455.0,458.0,20,462.5,453.0,453.0,453.0,10.0,4530.0,235
2023-05-09 21:18:11,SR311P7100,白糖2311沽7100,453.0,0.0,0.0,0.0,5,455.0,459.0,20,462.5,453.0,453.0,453.0,10.0,4530.0,235
2023-05-09 21:18:15,SR311P7100,白糖2311沽7100,453.0,0.0,0.0,0.0,5,455.0,458.5,10,462.5,453.0,453.0,453.0,10.0,4530.0,235
2023-05-09 21:18:16,SR311P7100,白糖2311沽7100,453.0,0.0,0.0,0.0,5,455.0,459.0,20,462.5,453.0,453.0,453.0,10.0,4530.0,235
2023-05-09 21:18:28,SR311P7100,白糖2311沽7100,453.0,0.0,0.0,0.0,5,455.0,458.5,20,462.5,453.0,453.0,453.0,10.0,4530.0,235
2023-05-09 21:18:29,SR311P7100,白糖2311沽7100,453.0,0.0,0.0,0.0,5,455.0,458.5,30,462.5,453.0,453.0,453.0,10.0,4530.0,235
2023-05-09 21:18:36,SR311P7100,白糖2311沽7100,453.0,0.0,0.0,0.0,5,455.0,458.5,20,462.5,453.0,453.0,453.0,10.0,4530.0,235
2023-05-09 21:18:37,SR311P7100,白糖2311沽7100,453.0,0.0,0.0,0.0,5,455.0,459.0,20,462.5,453.0,453.0,453.0,10.0,4530.0,235
2023-05-09 21:18:38,SR311P7100,白糖2311沽7100,453.0,0.0,0.0,0.0,25,455.0,460.0,20,462.5,453.0,453.0,453.0,10.0,4530.0,235
2023-05-09 21:18:41,SR311P7100,白糖2311沽7100,453.0,0.0,0.0,0.0,15,455.0,460.0,30,462.5,453.0,453.0,453.0,10.0,4530.0,235
2023-05-09 21:18:45,SR311P7100,白糖2311沽7100,453.0,0.0,0.0,0.0,25,455.0,460.0,30,462.5,453.0,453.0,453.0,10.0,4530.0,235
2023-05-09 21:18:50,SR311P7100,白糖2311沽7100,453.0,0.0,0.0,0.0,15,455.0,460.0,30,462.5,453.0,453.0,453.0,10.0,4530.0,235
2023-05-09 21:19:03,SR311P7100,白糖2311沽7100,453.0,0.0,0.0,0.0,10,456.0,460.0,10,462.5,453.0,453.0,453.0,10.0,4530.0,235
2023-05-09 21:19:04,SR311P7100,白糖2311沽7100,453.0,0.0,0.0,0.0,10,456.0,460.5,35,462.5,453.0,453.0,453.0,10.0,4530.0,235
2023-05-09 21:19:05,SR311P7100,白糖2311沽7100,453.0,0.0,0.0,0.0,30,455.5,460.0,10,462.5,453.0,453.0,453.0,10.0,4530.0,235
2023-05-09 21:19:07,SR311P7100,白糖2311沽7100,453.0,0.0,0.0,0.0,40,455.5,460.0,10,462.5,453.0,453.0,453.0,10.0,4530.0,235
2023-05-09 21:19:08,SR311P7100,白糖2311沽7100,453.0,0.0,0.0,0.0,10,456.0,460.5,35,462.5,453.0,453.0,453.0,10.0,4530.0,235
2023-05-09 21:19:09,SR311P7100,白糖2311沽7100,453.0,0.0,0.0,0.0,10,456.0,460.5,25,462.5,453.0,453.0,453.0,10.0,4530.0,235
2023-05-09 21:19:09,SR311P7100,白糖2311沽7100,453.0,0.0,0.0,0.0,10,457.0,460.5,10,462.5,453.0,453.0,453.0,10.0,4530.0,235
2023-05-09 21:19:10,SR311P7100,白糖2311沽7100,453.0,0.0,0.0,0.0,10,457.0,461.5,10,462.5,453.0,453.0,453.0,10.0,4530.0,235
2023-05-09 21:19:16,SR311P7100,白糖2311沽7100,453.0,0.0,0.0,0.0,55,456.5,461.5,20,462.5,453.0,453.0,453.0,10.0,4530.0,235
2023-05-09 21:19:17,SR311P7100,白糖2311沽7100,453.0,0.0,0.0,0.0,45,456.5,461.5,20,462.5,453.0,453.0,453.0,10.0,4530.0,235
2023-05-09 21:19:17,SR311P7100,白糖2311沽7100,453.0,0.0,0.0,0.0,35,456.5,461.5,20,462.5,453.0,453.0,453.0,10.0,4530.0,235
2023-05-09 21:19:22,SR311P7100,白糖2311沽7100,453.0,0.0,0.0,0.0,10,457.0,461.5,10,462.5,453.0,453.0,453.0,10.0,4530.0,235
2023-05-09 21:19:24,SR311P7100,白糖2311沽7100,453.0,0.0,0.0,0.0,10,457.5,462.0,15,462.5,453.0,453.0,453.0,10.0,4530.0,235
2023-05-09 21:19:24,SR311P7100,白糖2311沽7100,453.0,0.0,0.0,0.0,10,457.5,462.0,5,462.5,453.0,453.0,453.0,10.0,4530.0,235
2023-05-09 21:19:25,SR311P7100,白糖2311沽7100,453.0,0.0,0.0,0.0,10,458.0,462.0,5,462.5,453.0,453.0,453.0,10.0,4530.0,235
2023-05-09 21:19:26,SR311P7100,白糖2311沽7100,453.0,0.0,0.0,0.0,20,457.0,461.5,10,462.5,453.0,453.0,453.0,10.0,4530.0,235
2023-05-09 21:19:35,SR311P7100,白糖2311沽7100,453.0,0.0,0.0,0.0,10,457.0,461.5,10,462.5,453.0,453.0,453.0,10.0,4530.0,235
2023-05-09 21:19:36,SR311P7100,白糖2311沽7100,453.0,0.0,0.0,0.0,45,456.5,461.5,20,462.5,453.0,453.0,453.0,10.0,4530.0,235
2023-05-09 21:19:37,SR311P7100,白糖2311沽7100,453.0,0.0,0.0,0.0,35,456.5,461.5,20,462.5,453.0,453.0,453.0,10.0,4530.0,235
2023-05-09 21:19:49,SR311P7100,白糖2311沽7100,453.0,0.0,0.0,0.0,10,457.0,461.5,10,462.5,453.0,453.0,453.0,10.0,4530.0,235
2023-05-09 21:19:56,SR311P7100,白糖2311沽7100,453.0,0.0,0.0,0.0,20,457.5,462.0,15,462.5,453.0,453.0,453.0,10.0,4530.0,235
2023-05-09 21:20:05,SR311P7100,白糖2311沽7100,453.0,0.0,0.0,0.0,5,458.5,462.0,10,462.5,453.0,453.0,453.0,10.0,4530.0,235
2023-05-09 21:20:05,SR311P7100,白糖2311沽7100,453.0,0.0,0.0,0.0,15,458.5,462.5,20,462.5,453.0,453.0,453.0,10.0,4530.0,235
2023-05-09 21:20:06,SR311P7100,白糖2311沽7100,453.0,0.0,0.0,0.0,20,459.0,463.0,10,462.5,453.0,453.0,453.0,10.0,4530.0,235
2023-05-09 21:20:06,SR311P7100,白糖2311沽7100,453.0,0.0,0.0,0.0,35,458.5,463.0,20,462.5,453.0,453.0,453.0,10.0,4530.0,235
2023-05-09 21:20:07,SR311P7100,白糖2311沽7100,453.0,0.0,0.0,0.0,25,458.5,463.0,20,462.5,453.0,453.0,453.0,10.0,4530.0,235
2023-05-09 21:20:08,SR311P7100,白糖2311沽7100,453.0,0.0,0.0,0.0,5,458.5,462.0,10,462.5,453.0,453.0,453.0,10.0,4530.0,235
2023-05-09 21:20:09,SR311P7100,白糖2311沽7100,453.0,0.0,0.0,0.0,5,458.5,462.0,20,462.5,453.0,453.0,453.0,10.0,4530.0,235
2023-05-09 21:20:31,SR311P7100,白糖2311沽7100,453.0,0.0,0.0,0.0,5,458.5,461.0,10,462.5,453.0,453.0,453.0,10.0,4530.0,235
2023-05-09 21:20:32,SR311P7100,白糖2311沽7100,453.0,0.0,0.0,0.0,10,457.0,461.0,10,462.5,453.0,453.0,453.0,10.0,4530.0,235
2023-05-09 21:20:33,SR311P7100,白糖2311沽7100,453.0,0.0,0.0,0.0,10,457.0,461.0,20,462.5,453.0,453.0,453.0,10.0,4530.0,235
2023-05-09 21:20:33,SR311P7100,白糖2311沽7100,453.0,0.0,0.0,0.0,20,457.0,461.5,30,462.5,453.0,453.0,453.0,10.0,4530.0,235
2023-05-09 21:20:34,SR311P7100,白糖2311沽7100,453.0,0.0,0.0,0.0,20,457.0,461.5,20,462.5,453.0,453.0,453.0,10.0,4530.0,235
2023-05-09 21:20:47,SR311P7100,白糖2311沽7100,453.0,0.0,0.0,0.0,30,457.0,461.5,10,462.5,453.0,453.0,453.0,10.0,4530.0,235
2023-05-09 21:20:47,SR311P7100,白糖2311沽7100,453.0,0.0,0.0,0.0,40,457.0,462.0,10,462.5,453.0,453.0,453.0,10.0,4530.0,235
2023-05-09 21:20:48,SR311P7100,白糖2311沽7100,453.0,0.0,0.0,0.0,10,458.0,462.5,25,462.5,453.0,453.0,453.0,10.0,4530.0,235
2023-05-09 21:20:52,SR311P7100,白糖2311沽7100,453.0,0.0,0.0,0.0,20,458.0,462.5,15,462.5,453.0,453.0,453.0,10.0,4530.0,235
2023-05-09 21:20:52,SR311P7100,白糖2311沽7100,453.0,0.0,0.0,0.0,20,458.0,462.5,5,462.5,453.0,453.0,453.0,10.0,4530.0,235
2023-05-09 21:20:56,SR311P7100,白糖2311沽7100,453.0,0.0,0.0,0.0,10,459.0,462.5,5,462.5,453.0,453.0,453.0,10.0,4530.0,235
2023-05-09 21:21:00,SR311P7100,白糖2311沽7100,453.0,0.0,0.0,0.0,20,458.5,462.5,5,462.5,453.0,453.0,453.0,10.0,4530.0,235
2023-05-09 21:21:03,SR311P7100,白糖2311沽7100,453.0,0.0,0.0,0.0,10,458.5,462.5,5,462.5,453.0,453.0,453.0,10.0,4530.0,235
2023-05-09 21:21:06,SR311P7100,白糖2311沽7100,453.0,0.0,0.0,0.0,10,458.0,462.5,15,462.5,453.0,453.0,453.0,10.0,4530.0,235
2023-05-09 21:21:07,SR311P7100,白糖2311沽7100,453.0,0.0,0.0,0.0,25,457.5,462.5,15,462.5,453.0,453.0,453.0,10.0,4530.0,235
2023-05-09 21:21:10,SR311P7100,白糖2311沽7100,453.0,0.0,0.0,0.0,25,457.5,462.5,25,462.5,453.0,453.0,453.0,10.0,4530.0,235
2023-05-09 21:21:12,SR311P7100,白糖2311沽7100,453.0,0.0,0.0,0.0,15,457.5,462.0,20,462.5,453.0,453.0,453.0,10.0,4530.0,235
2023-05-09 21:21:14,SR311P7100,白糖2311沽7100,453.0,0.0,0.0,0.0,5,457.5,461.5,10,462.5,453.0,453.0,453.0,10.0,4530.0,235
2023-05-09 21:21:17,SR311P7100,白糖2311沽7100,453.0,0.0,0.0,0.0,15,457.5,462.0,30,462.5,453.0,453.0,453.0,10.0,4530.0,235
2023-05-09 21:21:26,SR311P7100,白糖2311沽7100,453.0,0.0,0.0,0.0,5,457.5,461.5,10,462.5,453.0,453.0,453.0,10.0,4530.0,235
2023-05-09 21:21:26,SR311P7100,白糖2311沽7100,453.0,0.0,0.0,0.0,5,457.5,461.5,20,462.5,453.0,453.0,453.0,10.0,4530.0,235
2023-05-09 21:21:27,SR311P7100,白糖2311沽7100,453.0,0.0,0.0,0.0,5,457.5,461.5,30,462.5,453.0,453.0,453.0,10.0,4530.0,235
2023-05-09 21:21:29,SR311P7100,白糖2311沽7100,453.0,0.0,0.0,0.0,5,457.5,461.5,40,462.5,453.0,453.0,453.0,10.0,4530.0,235
2023-05-09 21:21:31,SR311P7100,白糖2311沽7100,453.0,0.0,0.0,0.0,5,457.5,461.5,30,462.5,453.0,453.0,453.0,10.0,4530.0,235
2023-05-09 21:21:36,SR311P7100,白糖2311沽7100,453.0,0.0,0.0,0.0,15,457.5,462.0,40,462.5,453.0,453.0,453.0,10.0,4530.0,235
2023-05-09 21:21:38,SR311P7100,白糖2311沽7100,453.0,0.0,0.0,0.0,15,457.5,461.5,10,462.5,453.0,453.0,453.0,10.0,4530.0,235
2023-05-09 21:21:39,SR311P7100,白糖2311沽7100,453.0,0.0,0.0,0.0,5,457.5,460.5,20,462.5,453.0,453.0,453.0,10.0,4530.0,235
2023-05-09 21:21:52,SR311P7100,白糖2311沽7100,453.0,0.0,0.0,0.0,15,457.5,460.5,10,462.5,453.0,453.0,453.0,10.0,4530.0,235
2023-05-09 21:21:54,SR311P7100,白糖2311沽7100,453.0,0.0,0.0,0.0,15,457.5,461.0,20,462.5,453.0,453.0,453.0,10.0,4530.0,235
2023-05-09 21:21:54,SR311P7100,白糖2311沽7100,453.0,0.0,0.0,0.0,15,457.5,461.5,40,462.5,453.0,453.0,453.0,10.0,4530.0,235
2023-05-09 21:21:54,SR311P7100,白糖2311沽7100,453.0,0.0,0.0,0.0,15,457.5,461.5,30,462.5,453.0,453.0,453.0,10.0,4530.0,235
2023-05-09 21:21:55,SR311P7100,白糖2311沽7100,453.0,0.0,0.0,0.0,15,457.5,461.5,20,462.5,453.0,453.0,453.0,10.0,4530.0,235
2023-05-09 21:22:00,SR311P7100,白糖2311沽7100,453.0,0.0,0.0,0.0,5,457.5,461.0,10,462.5,453.0,453.0,453.0,10.0,4530.0,235
2023-05-09 21:22:07,SR311P7100,白糖2311沽7100,453.0,0.0,0.0,0.0,5,457.5,460.5,10,462.5,453.0,453.0,453.0,10.0,4530.0,235
2023-05-09 21:22:07,SR311P7100,白糖2311沽7100,453.0,0.0,0.0,0.0,5,457.5,460.0,10,462.5,453.0,453.0,453.0,10.0,4530.0,235
2023-05-09 21:22:13,SR311P7100,白糖2311沽7100,453.0,0.0,0.0,0.0,5,457.5,460.5,10,462.5,453.0,453.0,453.0,10.0,4530.0,235
2023-05-09 21:22:13,SR311P7100,白糖2311沽7100,453.0,0.0,0.0,0.0,5,457.5,461.0,20,462.5,453.0,453.0,453.0,10.0,4530.0,235
2023-05-09 21:22:22,SR311P7100,白糖2311沽7100,453.0,0.0,0.0,0.0,5,457.5,460.5,10,462.5,453.0,453.0,453.0,10.0,4530.0,235
2023-05-09 21:22:24,SR311P7100,白糖2311沽7100,453.0,0.0,0.0,0.0,5,457.5,460.5,20,462.5,453.0,453.0,453.0,10.0,4530.0,235
2023-05-09 21:22:24,SR311P7100,白糖2311沽7100,453.0,0.0,0.0,0.0,5,457.5,459.5,20,462.5,453.0,453.0,453.0,10.0,4530.0,235
2023-05-09 21:22:27,SR311P7100,白糖2311沽7100,453.0,0.0,0.0,0.0,5,457.5,460.0,40,462.5,453.0,453.0,453.0,10.0,4530.0,235
2023-05-09 21:22:28,SR311P7100,白糖2311沽7100,453.0,0.0,0.0,0.0,5,457.5,460.0,30,462.5,453.0,453.0,453.0,10.0,4530.0,235
2023-05-09 21:22:28,SR311P7100,白糖2311沽7100,453.0,0.0,0.0,0.0,5,456.5,460.0,30,462.5,453.0,453.0,453.0,10.0,4530.0,235
2023-05-09 21:22:28,SR311P7100,白糖2311沽7100,453.0,0.0,0.0,0.0,5,457.5,460.0,30,462.5,453.0,453.0,453.0,10.0,4530.0,235
2023-05-09 21:22:28,SR311P7100,白糖2311沽7100,453.0,0.0,0.0,0.0,5,456.5,460.0,30,462.5,453.0,453.0,453.0,10.0,4530.0,235
2023-05-09 21:22:34,SR311P7100,白糖2311沽7100,453.0,0.0,0.0,0.0,5,456.5,460.0,40,462.5,453.0,453.0,453.0,10.0,4530.0,235
2023-05-09 21:22:38,SR311P7100,白糖2311沽7100,453.0,0.0,0.0,0.0,5,456.5,460.0,30,462.5,453.0,453.0,453.0,10.0,4530.0,235
2023-05-09 21:22:47,SR311P7100,白糖2311沽7100,453.0,0.0,0.0,0.0,10,455.0,459.0,10,462.5,453.0,453.0,453.0,10.0,4530.0,235
2023-05-09 21:22:47,SR311P7100,白糖2311沽7100,453.0,0.0,0.0,0.0,10,455.0,459.0,20,462.5,453.0,453.0,453.0,10.0,4530.0,235
2023-05-09 21:22:53,SR311P7100,白糖2311沽7100,453.0,0.0,0.0,0.0,35,454.0,459.0,30,462.5,453.0,453.0,453.0,10.0,4530.0,235
2023-05-09 21:22:54,SR311P7100,白糖2311沽7100,453.0,0.0,0.0,0.0,25,454.0,459.0,30,462.5,453.0,453.0,453.0,10.0,4530.0,235
2023-05-09 21:23:06,SR311P7100,白糖2311沽7100,453.0,0.0,0.0,0.0,25,454.0,459.0,35,462.5,453.0,453.0,453.0,10.0,4530.0,235
2023-05-09 21:23:06,SR311P7100,白糖2311沽7100,453.0,0.0,0.0,0.0,25,454.0,458.0,10,462.5,453.0,453.0,453.0,10.0,4530.0,235
2023-05-09 21:23:06,SR311P7100,白糖2311沽7100,453.0,0.0,0.0,0.0,25,454.0,458.0,20,462.5,453.0,453.0,453.0,10.0,4530.0,235
2023-05-09 21:23:10,SR311P7100,白糖2311沽7100,453.0,0.0,0.0,0.0,25,454.0,458.0,10,462.5,453.0,453.0,453.0,10.0,4530.0,235
2023-05-09 21:23:20,SR311P7100,白糖2311沽7100,453.0,0.0,0.0,0.0,25,454.0,458.0,20,462.5,453.0,453.0,453.0,10.0,4530.0,235
2023-05-09 21:23:23,SR311P7100,白糖2311沽7100,453.0,0.0,0.0,0.0,15,454.0,458.0,30,462.5,453.0,453.0,453.0,10.0,4530.0,235
2023-05-09 21:23:24,SR311P7100,白糖2311沽7100,453.0,0.0,0.0,0.0,5,454.0,457.5,10,462.5,453.0,453.0,453.0,10.0,4530.0,235
2023-05-09 21:23:28,SR311P7100,白糖2311沽7100,453.0,0.0,0.0,0.0,5,454.0,457.5,20,462.5,453.0,453.0,453.0,10.0,4530.0,235
2023-05-09 21:23:41,SR311P7100,白糖2311沽7100,453.0,0.0,0.0,0.0,5,454.0,457.5,10,462.5,453.0,453.0,453.0,10.0,4530.0,235
2023-05-09 21:23:42,SR311P7100,白糖2311沽7100,453.0,0.0,0.0,0.0,5,454.0,457.5,20,462.5,453.0,453.0,453.0,10.0,4530.0,235
2023-05-09 21:23:45,SR311P7100,白糖2311沽7100,453.0,0.0,0.0,0.0,5,454.0,457.5,10,462.5,453.0,453.0,453.0,10.0,4530.0,235
2023-05-09 21:23:46,SR311P7100,白糖2311沽7100,453.0,0.0,0.0,0.0,5,454.0,458.0,30,462.5,453.0,453.0,453.0,10.0,4530.0,235
2023-05-09 21:24:11,SR311P7100,白糖2311沽7100,453.0,0.0,0.0,0.0,15,454.0,458.0,10,462.5,453.0,453.0,453.0,10.0,4530.0,235
2023-05-09 21:24:12,SR311P7100,白糖2311沽7100,453.0,0.0,0.0,0.0,15,454.0,458.5,10,462.5,453.0,453.0,453.0,10.0,4530.0,235
2023-05-09 21:24:12,SR311P7100,白糖2311沽7100,453.0,0.0,0.0,0.0,15,454.0,459.0,55,462.5,453.0,453.0,453.0,10.0,4530.0,235
2023-05-09 21:24:12,SR311P7100,白糖2311沽7100,453.0,0.0,0.0,0.0,15,454.0,458.5,10,462.5,453.0,453.0,453.0,10.0,4530.0,235
2023-05-09 21:24:12,SR311P7100,白糖2311沽7100,453.0,0.0,0.0,0.0,15,454.0,459.0,55,462.5,453.0,453.0,453.0,10.0,4530.0,235
2023-05-09 21:24:21,SR311P7100,白糖2311沽7100,453.0,0.0,0.0,0.0,15,454.0,459.0,45,462.5,453.0,453.0,453.0,10.0,4530.0,235
2023-05-09 21:24:25,SR311P7100,白糖2311沽7100,453.0,0.0,0.0,0.0,5,454.0,458.0,10,462.5,453.0,453.0,453.0,10.0,4530.0,235
2023-05-09 21:24:31,SR311P7100,白糖2311沽7100,453.0,0.0,0.0,0.0,5,454.0,458.0,30,462.5,453.0,453.0,453.0,10.0,4530.0,235
2023-05-09 21:24:42,SR311P7100,白糖2311沽7100,453.0,0.0,0.0,0.0,15,454.0,458.0,10,462.5,453.0,453.0,453.0,10.0,4530.0,235
2023-05-09 21:24:43,SR311P7100,白糖2311沽7100,453.0,0.0,0.0,0.0,15,454.0,458.5,10,462.5,453.0,453.0,453.0,10.0,4530.0,235
2023-05-09 21:24:43,SR311P7100,白糖2311沽7100,453.0,0.0,0.0,0.0,15,454.0,459.0,45,462.5,453.0,453.0,453.0,10.0,4530.0,235
2023-05-09 21:24:59,SR311P7100,白糖2311沽7100,453.0,0.0,0.0,0.0,5,454.0,458.0,10,462.5,453.0,453.0,453.0,10.0,4530.0,235
2023-05-09 21:25:05,SR311P7100,白糖2311沽7100,453.0,0.0,0.0,0.0,5,454.0,458.0,30,462.5,453.0,453.0,453.0,10.0,4530.0,235
2023-05-09 21:25:57,SR311P7100,白糖2311沽7100,453.0,0.0,0.0,0.0,20,452.5,457.0,20,462.5,453.0,453.0,453.0,10.0,4530.0,235
2023-05-09 21:25:57,SR311P7100,白糖2311沽7100,453.0,0.0,0.0,0.0,15,452.0,457.0,30,462.5,453.0,453.0,453.0,10.0,4530.0,235
2023-05-09 21:26:10,SR311P7100,白糖2311沽7100,453.0,0.0,0.0,0.0,10,453.0,457.0,20,462.5,453.0,453.0,453.0,10.0,4530.0,235
2023-05-09 21:26:10,SR311P7100,白糖2311沽7100,453.0,0.0,0.0,0.0,10,453.0,457.5,40,462.5,453.0,453.0,453.0,10.0,4530.0,235
2023-05-09 21:26:10,SR311P7100,白糖2311沽7100,453.0,0.0,0.0,0.0,10,453.0,457.5,30,462.5,453.0,453.0,453.0,10.0,4530.0,235
2023-05-09 21:26:11,SR311P7100,白糖2311沽7100,453.0,0.0,0.0,0.0,10,453.0,457.5,20,462.5,453.0,453.0,453.0,10.0,4530.0,235
2023-05-09 21:26:12,SR311P7100,白糖2311沽7100,453.0,0.0,0.0,0.0,10,453.5,457.5,10,462.5,453.0,453.0,453.0,10.0,4530.0,235
2023-05-09 21:26:16,SR311P7100,白糖2311沽7100,453.0,0.0,0.0,0.0,30,452.5,457.5,20,462.5,453.0,453.0,453.0,10.0,4530.0,235
2023-05-09 21:26:22,SR311P7100,白糖2311沽7100,453.0,0.0,0.0,0.0,20,452.5,457.5,30,462.5,453.0,453.0,453.0,10.0,4530.0,235
2023-05-09 21:26:31,SR311P7100,白糖2311沽7100,453.0,0.0,0.0,0.0,30,452.5,457.5,20,462.5,453.0,453.0,453.0,10.0,4530.0,235
2023-05-09 21:26:44,SR311P7100,白糖2311沽7100,453.0,0.0,0.0,0.0,10,453.5,457.5,10,462.5,453.0,453.0,453.0,10.0,4530.0,235
2023-05-09 21:26:44,SR311P7100,白糖2311沽7100,453.0,0.0,0.0,0.0,20,453.5,458.0,35,462.5,453.0,453.0,453.0,10.0,4530.0,235
2023-05-09 21:26:47,SR311P7100,白糖2311沽7100,453.0,0.0,0.0,0.0,10,454.0,458.0,25,462.5,453.0,453.0,453.0,10.0,4530.0,235
2023-05-09 21:26:48,SR311P7100,白糖2311沽7100,453.0,0.0,0.0,0.0,10,454.0,458.0,5,462.5,453.0,453.0,453.0,10.0,4530.0,235
2023-05-09 21:27:02,SR311P7100,白糖2311沽7100,453.0,0.0,0.0,0.0,25,453.5,458.0,15,462.5,453.0,453.0,453.0,10.0,4530.0,235
2023-05-09 21:27:02,SR311P7100,白糖2311沽7100,453.0,0.0,0.0,0.0,15,453.5,458.0,25,462.5,453.0,453.0,453.0,10.0,4530.0,235
2023-05-09 21:27:16,SR311P7100,白糖2311沽7100,453.0,0.0,0.0,0.0,5,453.5,457.5,10,462.5,453.0,453.0,453.0,10.0,4530.0,235
2023-05-09 21:27:16,SR311P7100,白糖2311沽7100,453.0,0.0,0.0,0.0,5,453.5,457.5,20,462.5,453.0,453.0,453.0,10.0,4530.0,235
2023-05-09 21:27:22,SR311P7100,白糖2311沽7100,453.0,0.0,0.0,0.0,15,453.5,458.0,35,462.5,453.0,453.0,453.0,10.0,4530.0,235
2023-05-09 21:27:31,SR311P7100,白糖2311沽7100,453.0,0.0,0.0,0.0,5,453.5,457.5,10,462.5,453.0,453.0,453.0,10.0,4530.0,235
2023-05-09 21:27:46,SR311P7100,白糖2311沽7100,453.0,0.0,0.0,0.0,15,453.5,458.0,5,462.5,453.0,453.0,453.0,10.0,4530.0,235
2023-05-09 21:27:54,SR311P7100,白糖2311沽7100,453.0,0.0,0.0,0.0,15,453.5,458.0,15,462.5,453.0,453.0,453.0,10.0,4530.0,235
2023-05-09 21:27:58,SR311P7100,白糖2311沽7100,453.0,0.0,0.0,0.0,25,453.5,458.0,5,462.5,453.0,453.0,453.0,10.0,4530.0,235
2023-05-09 21:28:13,SR311P7100,白糖2311沽7100,453.0,0.0,0.0,0.0,10,454.0,458.0,5,462.5,453.0,453.0,453.0,10.0,4530.0,235
2023-05-09 21:28:26,SR311P7100,白糖2311沽7100,453.0,0.0,0.0,0.0,10,454.0,458.5,30,462.5,453.0,453.0,453.0,10.0,4530.0,235
2023-05-09 21:28:26,SR311P7100,白糖2311沽7100,453.0,0.0,0.0,0.0,10,454.0,458.5,10,462.5,453.0,453.0,453.0,10.0,4530.0,235
2023-05-09 21:28:27,SR311P7100,白糖2311沽7100,453.0,0.0,0.0,0.0,30,454.0,458.5,10,462.5,453.0,453.0,453.0,10.0,4530.0,235
2023-05-09 21:28:35,SR311P7100,白糖2311沽7100,453.0,0.0,0.0,0.0,20,454.0,458.5,10,462.5,453.0,453.0,453.0,10.0,4530.0,235
2023-05-09 21:28:49,SR311P7100,白糖2311沽7100,453.0,0.0,0.0,0.0,10,454.0,458.5,10,462.5,453.0,453.0,453.0,10.0,4530.0,235
2023-05-09 21:28:58,SR311P7100,白糖2311沽7100,453.0,0.0,0.0,0.0,10,454.0,458.0,20,462.5,453.0,453.0,453.0,10.0,4530.0,235
2023-05-09 21:29:06,SR311P7100,白糖2311沽7100,453.0,0.0,0.0,0.0,10,454.0,458.5,20,462.5,453.0,453.0,453.0,10.0,4530.0,235
2023-05-09 21:29:13,SR311P7100,白糖2311沽7100,453.0,0.0,0.0,0.0,20,454.0,458.5,20,462.5,453.0,453.0,453.0,10.0,4530.0,235
2023-05-09 21:29:16,SR311P7100,白糖2311沽7100,453.0,0.0,0.0,0.0,10,454.0,457.5,10,462.5,453.0,453.0,453.0,10.0,4530.0,235
2023-05-09 21:29:18,SR311P7100,白糖2311沽7100,453.0,0.0,0.0,0.0,10,454.0,457.5,20,462.5,453.0,453.0,453.0,10.0,4530.0,235
2023-05-09 21:29:32,SR311P7100,白糖2311沽7100,453.0,0.0,0.0,0.0,10,454.0,457.5,10,462.5,453.0,453.0,453.0,10.0,4530.0,235
2023-05-09 21:29:50,SR311P7100,白糖2311沽7100,453.0,0.0,0.0,0.0,20,454.0,458.0,10,462.5,453.0,453.0,453.0,10.0,4530.0,235
2023-05-09 21:29:55,SR311P7100,白糖2311沽7100,453.0,0.0,0.0,0.0,30,454.0,458.5,20,462.5,453.0,453.0,453.0,10.0,4530.0,235
2023-05-09 21:29:57,SR311P7100,白糖2311沽7100,453.0,0.0,0.0,0.0,10,455.5,458.5,20,462.5,453.0,453.0,453.0,10.0,4530.0,235
2023-05-09 21:30:01,SR311P7100,白糖2311沽7100,453.0,0.0,0.0,0.0,10,455.5,458.5,10,462.5,453.0,453.0,453.0,10.0,4530.0,235
2023-05-09 21:30:02,SR311P7100,白糖2311沽7100,453.0,0.0,0.0,0.0,30,455.5,459.5,20,462.5,453.0,453.0,453.0,10.0,4530.0,235
2023-05-09 21:30:02,SR311P7100,白糖2311沽7100,453.0,0.0,0.0,0.0,30,455.5,459.5,10,462.5,453.0,453.0,453.0,10.0,4530.0,235
2023-05-09 21:30:02,SR311P7100,白糖2311沽7100,453.0,0.0,0.0,0.0,30,455.5,459.5,20,462.5,453.0,453.0,453.0,10.0,4530.0,235
2023-05-09 21:30:02,SR311P7100,白糖2311沽7100,453.0,0.0,0.0,0.0,30,455.5,459.5,10,462.5,453.0,453.0,453.0,10.0,4530.0,235
2023-05-09 21:30:08,SR311P7100,白糖2311沽7100,453.0,0.0,0.0,0.0,10,456.5,460.0,10,462.5,453.0,453.0,453.0,10.0,4530.0,235
2023-05-09 21:30:08,SR311P7100,白糖2311沽7100,453.0,0.0,0.0,0.0,10,456.5,460.5,30,462.5,453.0,453.0,453.0,10.0,4530.0,235
2023-05-09 21:30:09,SR311P7100,白糖2311沽7100,453.0,0.0,0.0,0.0,15,456.5,460.5,10,462.5,453.0,453.0,453.0,10.0,4530.0,235
2023-05-09 21:30:09,SR311P7100,白糖2311沽7100,453.0,0.0,0.0,0.0,15,456.5,461.0,30,462.5,453.0,453.0,453.0,10.0,4530.0,235
2023-05-09 21:30:15,SR311P7100,白糖2311沽7100,453.0,0.0,0.0,0.0,15,456.5,461.0,40,462.5,453.0,453.0,453.0,10.0,4530.0,235
2023-05-09 21:30:19,SR311P7100,白糖2311沽7100,453.0,0.0,0.0,0.0,20,457.0,461.5,20,462.5,453.0,453.0,453.0,10.0,4530.0,235
2023-05-09 21:30:19,SR311P7100,白糖2311沽7100,453.0,0.0,0.0,0.0,20,457.0,462.0,25,462.5,453.0,453.0,453.0,10.0,4530.0,235
2023-05-09 21:30:20,SR311P7100,白糖2311沽7100,453.0,0.0,0.0,0.0,10,458.5,462.0,35,462.5,453.0,453.0,453.0,10.0,4530.0,235
2023-05-09 21:30:20,SR311P7100,白糖2311沽7100,453.0,0.0,0.0,0.0,10,458.5,462.0,25,462.5,453.0,453.0,453.0,10.0,4530.0,235
2023-05-09 21:30:22,SR311P7100,白糖2311沽7100,453.0,0.0,0.0,0.0,10,458.5,462.0,35,462.5,453.0,453.0,453.0,10.0,4530.0,235
2023-05-09 21:30:25,SR311P7100,白糖2311沽7100,453.0,0.0,0.0,0.0,10,458.5,462.0,25,462.5,453.0,453.0,453.0,10.0,4530.0,235
2023-05-09 21:30:26,SR311P7100,白糖2311沽7100,453.0,0.0,0.0,0.0,20,458.5,462.5,10,462.5,453.0,453.0,453.0,10.0,4530.0,235
2023-05-09 21:30:26,SR311P7100,白糖2311沽7100,453.0,0.0,0.0,0.0,30,458.5,463.0,10,462.5,453.0,453.0,453.0,10.0,4530.0,235
2023-05-09 21:30:27,SR311P7100,白糖2311沽7100,453.0,0.0,0.0,0.0,5,459.5,463.5,30,462.5,453.0,453.0,453.0,10.0,4530.0,235
2023-05-09 21:30:27,SR311P7100,白糖2311沽7100,453.0,0.0,0.0,0.0,15,459.5,464.5,50,462.5,453.0,453.0,453.0,10.0,4530.0,235
2023-05-09 21:30:28,SR311P7100,白糖2311沽7100,453.0,0.0,0.0,0.0,5,459.5,463.5,10,462.5,453.0,453.0,453.0,10.0,4530.0,235
2023-05-09 21:30:29,SR311P7100,白糖2311沽7100,453.0,0.0,0.0,0.0,25,459.5,464.0,20,462.5,453.0,453.0,453.0,10.0,4530.0,235
2023-05-09 21:30:30,SR311P7100,白糖2311沽7100,453.0,0.0,0.0,0.0,25,459.5,464.5,40,462.5,453.0,453.0,453.0,10.0,4530.0,235
2023-05-09 21:30:30,SR311P7100,白糖2311沽7100,453.0,0.0,0.0,0.0,35,459.5,464.5,30,462.5,453.0,453.0,453.0,10.0,4530.0,235
2023-05-09 21:30:32,SR311P7100,白糖2311沽7100,453.0,0.0,0.0,0.0,25,459.5,463.5,10,462.5,453.0,453.0,453.0,10.0,4530.0,235
2023-05-09 21:30:32,SR311P7100,白糖2311沽7100,453.0,0.0,0.0,0.0,35,459.5,464.0,10,462.5,453.0,453.0,453.0,10.0,4530.0,235
2023-05-09 21:30:35,SR311P7100,白糖2311沽7100,453.0,0.0,0.0,0.0,10,460.0,464.5,20,462.5,453.0,453.0,453.0,10.0,4530.0,235
2023-05-09 21:30:35,SR311P7100,白糖2311沽7100,453.0,0.0,0.0,0.0,30,460.0,464.5,10,462.5,453.0,453.0,453.0,10.0,4530.0,235
2023-05-09 21:30:36,SR311P7100,白糖2311沽7100,453.0,0.0,0.0,0.0,30,460.0,465.0,10,462.5,453.0,453.0,453.0,10.0,4530.0,235
2023-05-09 21:30:37,SR311P7100,白糖2311沽7100,453.0,0.0,0.0,0.0,40,460.0,465.0,10,462.5,453.0,453.0,453.0,10.0,4530.0,235
2023-05-09 21:30:39,SR311P7100,白糖2311沽7100,453.0,0.0,0.0,0.0,5,461.0,465.0,10,462.5,453.0,453.0,453.0,10.0,4530.0,235
2023-05-09 21:30:48,SR311P7100,白糖2311沽7100,453.0,0.0,0.0,0.0,5,461.0,465.0,20,462.5,453.0,453.0,453.0,10.0,4530.0,235
2023-05-09 21:30:50,SR311P7100,白糖2311沽7100,453.0,0.0,0.0,0.0,15,461.0,465.5,5,462.5,453.0,453.0,453.0,10.0,4530.0,235
2023-05-09 21:30:50,SR311P7100,白糖2311沽7100,453.0,0.0,0.0,0.0,25,461.0,466.0,50,462.5,453.0,453.0,453.0,10.0,4530.0,235
2023-05-09 21:30:51,SR311P7100,白糖2311沽7100,453.0,0.0,0.0,0.0,10,462.0,466.5,10,462.5,453.0,453.0,453.0,10.0,4530.0,235
2023-05-09 21:30:51,SR311P7100,白糖2311沽7100,453.0,0.0,0.0,0.0,10,462.5,467.5,55,462.5,453.0,453.0,453.0,10.0,4530.0,235
2023-05-09 21:30:52,SR311P7100,白糖2311沽7100,453.0,0.0,0.0,0.0,40,461.5,466.5,10,462.5,453.0,453.0,453.0,10.0,4530.0,235
2023-05-09 21:30:53,SR311P7100,白糖2311沽7100,453.0,0.0,0.0,0.0,10,462.5,467.0,20,462.5,453.0,453.0,453.0,10.0,4530.0,235
2023-05-09 21:30:53,SR311P7100,白糖2311沽7100,453.0,0.0,0.0,0.0,40,461.5,466.5,10,462.5,453.0,453.0,453.0,10.0,4530.0,235
2023-05-09 21:30:53,SR311P7100,白糖2311沽7100,453.0,0.0,0.0,0.0,30,461.5,466.5,20,462.5,453.0,453.0,453.0,10.0,4530.0,235
2023-05-09 21:31:00,SR311P7100,白糖2311沽7100,453.0,0.0,0.0,0.0,10,462.0,466.5,10,462.5,453.0,453.0,453.0,10.0,4530.0,235
2023-05-09 21:31:05,SR311P7100,白糖2311沽7100,453.0,0.0,0.0,0.0,20,462.0,466.5,10,462.5,453.0,453.0,453.0,10.0,4530.0,235
2023-05-09 21:31:07,SR311P7100,白糖2311沽7100,453.0,0.0,0.0,0.0,25,462.0,466.5,10,462.5,453.0,453.0,453.0,10.0,4530.0,235
2023-05-09 21:31:08,SR311P7100,白糖2311沽7100,453.0,0.0,0.0,0.0,10,462.5,467.5,45,462.5,453.0,453.0,453.0,10.0,4530.0,235
2023-05-09 21:31:08,SR311P7100,白糖2311沽7100,453.0,0.0,0.0,0.0,10,462.5,467.5,35,462.5,453.0,453.0,453.0,10.0,4530.0,235
2023-05-09 21:31:10,SR311P7100,白糖2311沽7100,453.0,0.0,0.0,0.0,25,462.0,466.5,20,462.5,453.0,453.0,453.0,10.0,4530.0,235
2023-05-09 21:31:12,SR311P7100,白糖2311沽7100,453.0,0.0,0.0,0.0,10,462.5,467.5,45,462.5,453.0,453.0,453.0,10.0,4530.0,235
2023-05-09 21:31:12,SR311P7100,白糖2311沽7100,453.0,0.0,0.0,0.0,5,463.5,467.5,35,462.5,453.0,453.0,453.0,10.0,4530.0,235
2023-05-09 21:31:13,SR311P7100,白糖2311沽7100,453.0,0.0,0.0,0.0,15,463.5,467.5,25,462.5,453.0,453.0,453.0,10.0,4530.0,235
2023-05-09 21:31:14,SR311P7100,白糖2311沽7100,453.0,0.0,0.0,0.0,15,463.5,467.5,35,462.5,453.0,453.0,453.0,10.0,4530.0,235
2023-05-09 21:31:14,SR311P7100,白糖2311沽7100,453.0,0.0,0.0,0.0,5,463.5,467.0,10,462.5,453.0,453.0,453.0,10.0,4530.0,235
2023-05-09 21:31:17,SR311P7100,白糖2311沽7100,453.0,0.0,0.0,0.0,5,463.5,466.0,10,462.5,453.0,453.0,453.0,10.0,4530.0,235
2023-05-09 21:31:21,SR311P7100,白糖2311沽7100,453.0,0.0,0.0,0.0,5,463.5,466.5,20,462.5,453.0,453.0,453.0,10.0,4530.0,235
2023-05-09 21:31:23,SR311P7100,白糖2311沽7100,453.0,0.0,0.0,0.0,5,463.5,466.0,10,462.5,453.0,453.0,453.0,10.0,4530.0,235
2023-05-09 21:31:31,SR311P7100,白糖2311沽7100,453.0,0.0,0.0,0.0,10,462.5,465.5,10,462.5,453.0,453.0,453.0,10.0,4530.0,235
2023-05-09 21:31:32,SR311P7100,白糖2311沽7100,453.0,0.0,0.0,0.0,15,462.0,465.5,10,462.5,453.0,453.0,453.0,10.0,4530.0,235
2023-05-09 21:31:32,SR311P7100,白糖2311沽7100,453.0,0.0,0.0,0.0,25,462.0,465.5,10,462.5,453.0,453.0,453.0,10.0,4530.0,235
2023-05-09 21:31:33,SR311P7100,白糖2311沽7100,453.0,0.0,0.0,0.0,15,462.0,465.5,10,462.5,453.0,453.0,453.0,10.0,4530.0,235
2023-05-09 21:31:33,SR311P7100,白糖2311沽7100,453.0,0.0,0.0,0.0,5,462.0,465.5,10,462.5,453.0,453.0,453.0,10.0,4530.0,235
2023-05-09 21:31:34,SR311P7100,白糖2311沽7100,453.0,0.0,0.0,0.0,5,462.0,465.0,10,462.5,453.0,453.0,453.0,10.0,4530.0,235
2023-05-09 21:31:34,SR311P7100,白糖2311沽7100,453.0,0.0,0.0,0.0,5,462.0,465.0,20,462.5,453.0,453.0,453.0,10.0,4530.0,235
2023-05-09 21:31:34,SR311P7100,白糖2311沽7100,453.0,0.0,0.0,0.0,5,462.0,465.0,10,462.5,453.0,453.0,453.0,10.0,4530.0,235
2023-05-09 21:31:34,SR311P7100,白糖2311沽7100,453.0,0.0,0.0,0.0,5,462.0,465.0,20,462.5,453.0,453.0,453.0,10.0,4530.0,235
2023-05-09 21:31:36,SR311P7100,白糖2311沽7100,453.0,0.0,0.0,0.0,5,462.0,466.0,40,462.5,453.0,453.0,453.0,10.0,4530.0,235
2023-05-09 21:31:36,SR311P7100,白糖2311沽7100,453.0,0.0,0.0,0.0,5,462.0,465.5,10,462.5,453.0,453.0,453.0,10.0,4530.0,235
2023-05-09 21:31:37,SR311P7100,白糖2311沽7100,453.0,0.0,0.0,0.0,5,462.0,465.5,20,462.5,453.0,453.0,453.0,10.0,4530.0,235
2023-05-09 21:31:40,SR311P7100,白糖2311沽7100,453.0,0.0,0.0,0.0,10,461.5,465.5,30,462.5,453.0,453.0,453.0,10.0,4530.0,235
2023-05-09 21:31:40,SR311P7100,白糖2311沽7100,453.0,0.0,0.0,0.0,30,460.0,464.0,10,462.5,453.0,453.0,453.0,10.0,4530.0,235
2023-05-09 21:31:40,SR311P7100,白糖2311沽7100,453.0,0.0,0.0,0.0,20,460.0,464.0,10,462.5,453.0,453.0,453.0,10.0,4530.0,235
2023-05-09 21:31:43,SR311P7100,白糖2311沽7100,453.0,0.0,0.0,0.0,20,460.0,464.5,20,462.5,453.0,453.0,453.0,10.0,4530.0,235
2023-05-09 21:31:44,SR311P7100,白糖2311沽7100,453.0,0.0,0.0,0.0,10,460.5,465.0,50,462.5,453.0,453.0,453.0,10.0,4530.0,235
2023-05-09 21:31:44,SR311P7100,白糖2311沽7100,453.0,0.0,0.0,0.0,10,460.5,465.0,40,462.5,453.0,453.0,453.0,10.0,4530.0,235
2023-05-09 21:31:46,SR311P7100,白糖2311沽7100,453.0,0.0,0.0,0.0,20,460.0,464.5,10,462.5,453.0,453.0,453.0,10.0,4530.0,235
2023-05-09 21:31:51,SR311P7100,白糖2311沽7100,453.0,0.0,0.0,0.0,5,460.5,464.5,10,462.5,453.0,453.0,453.0,10.0,4530.0,235
2023-05-09 21:31:53,SR311P7100,白糖2311沽7100,453.0,0.0,0.0,0.0,15,460.5,465.0,50,462.5,453.0,453.0,453.0,10.0,4530.0,235
2023-05-09 21:31:53,SR311P7100,白糖2311沽7100,453.0,0.0,0.0,0.0,15,460.5,465.0,40,462.5,453.0,453.0,453.0,10.0,4530.0,235
2023-05-09 21:32:00,SR311P7100,白糖2311沽7100,453.0,0.0,0.0,0.0,5,460.5,464.0,10,462.5,453.0,453.0,453.0,10.0,4530.0,235
2023-05-09 21:32:02,SR311P7100,白糖2311沽7100,453.0,0.0,0.0,0.0,5,460.5,464.0,20,462.5,453.0,453.0,453.0,10.0,4530.0,235
2023-05-09 21:32:11,SR311P7100,白糖2311沽7100,453.0,0.0,0.0,0.0,5,460.5,464.0,10,462.5,453.0,453.0,453.0,10.0,4530.0,235
2023-05-09 21:32:13,SR311P7100,白糖2311沽7100,453.0,0.0,0.0,0.0,15,460.5,464.5,10,462.5,453.0,453.0,453.0,10.0,4530.0,235
2023-05-09 21:32:13,SR311P7100,白糖2311沽7100,453.0,0.0,0.0,0.0,15,460.5,465.0,10,462.5,453.0,453.0,453.0,10.0,4530.0,235
2023-05-09 21:32:16,SR311P7100,白糖2311沽7100,453.0,0.0,0.0,0.0,25,460.5,465.0,10,462.5,453.0,453.0,453.0,10.0,4530.0,235
2023-05-09 21:32:23,SR311P7100,白糖2311沽7100,453.0,0.0,0.0,0.0,25,460.5,465.0,20,462.5,453.0,453.0,453.0,10.0,4530.0,235
2023-05-09 21:32:24,SR311P7100,白糖2311沽7100,453.0,0.0,0.0,0.0,35,460.5,465.0,10,462.5,453.0,453.0,453.0,10.0,4530.0,235
2023-05-09 21:32:25,SR311P7100,白糖2311沽7100,453.0,0.0,0.0,0.0,25,460.5,465.0,20,462.5,453.0,453.0,453.0,10.0,4530.0,235
2023-05-09 21:32:34,SR311P7100,白糖2311沽7100,453.0,0.0,0.0,0.0,15,460.5,464.0,20,462.5,453.0,453.0,453.0,10.0,4530.0,235
2023-05-09 21:32:35,SR311P7100,白糖2311沽7100,453.0,0.0,0.0,0.0,15,460.5,464.0,10,462.5,453.0,453.0,453.0,10.0,4530.0,235
2023-05-09 21:32:42,SR311P7100,白糖2311沽7100,453.0,0.0,0.0,0.0,5,460.5,464.0,10,462.5,453.0,453.0,453.0,10.0,4530.0,235
2023-05-09 21:32:42,SR311P7100,白糖2311沽7100,453.0,0.0,0.0,0.0,5,460.5,464.0,20,462.5,453.0,453.0,453.0,10.0,4530.0,235
2023-05-09 21:32:42,SR311P7100,白糖2311沽7100,453.0,0.0,0.0,0.0,5,460.5,464.0,10,462.5,453.0,453.0,453.0,10.0,4530.0,235
2023-05-09 21:32:44,SR311P7100,白糖2311沽7100,453.0,0.0,0.0,0.0,5,460.5,464.0,30,462.5,453.0,453.0,453.0,10.0,4530.0,235
2023-05-09 21:32:49,SR311P7100,白糖2311沽7100,453.0,0.0,0.0,0.0,10,460.0,463.0,10,462.5,453.0,453.0,453.0,10.0,4530.0,235
2023-05-09 21:32:49,SR311P7100,白糖2311沽7100,453.0,0.0,0.0,0.0,35,459.0,463.0,20,462.5,453.0,453.0,453.0,10.0,4530.0,235
2023-05-09 21:32:50,SR311P7100,白糖2311沽7100,453.0,0.0,0.0,0.0,10,459.5,463.0,10,462.5,453.0,453.0,453.0,10.0,4530.0,235
2023-05-09 21:32:50,SR311P7100,白糖2311沽7100,453.0,0.0,0.0,0.0,25,459.0,463.0,10,462.5,453.0,453.0,453.0,10.0,4530.0,235
2023-05-09 21:33:14,SR311P7100,白糖2311沽7100,453.0,0.0,0.0,0.0,35,459.0,463.5,10,462.5,453.0,453.0,453.0,10.0,4530.0,235
2023-05-09 21:33:14,SR311P7100,白糖2311沽7100,453.0,0.0,0.0,0.0,35,459.0,464.0,30,462.5,453.0,453.0,453.0,10.0,4530.0,235
2023-05-09 21:33:16,SR311P7100,白糖2311沽7100,453.0,0.0,0.0,0.0,35,459.0,464.0,20,462.5,453.0,453.0,453.0,10.0,4530.0,235
2023-05-09 21:33:17,SR311P7100,白糖2311沽7100,453.0,0.0,0.0,0.0,25,459.0,464.0,30,462.5,453.0,453.0,453.0,10.0,4530.0,235
2023-05-09 21:33:24,SR311P7100,白糖2311沽7100,453.0,0.0,0.0,0.0,35,459.0,464.0,30,462.5,453.0,453.0,453.0,10.0,4530.0,235
2023-05-09 21:33:27,SR311P7100,白糖2311沽7100,453.0,0.0,0.0,0.0,25,459.0,463.0,20,462.5,453.0,453.0,453.0,10.0,4530.0,235
2023-05-09 21:33:29,SR311P7100,白糖2311沽7100,453.0,0.0,0.0,0.0,35,459.0,463.0,10,462.5,453.0,453.0,453.0,10.0,4530.0,235
2023-05-09 21:33:38,SR311P7100,白糖2311沽7100,453.0,0.0,0.0,0.0,45,459.0,463.0,10,462.5,453.0,453.0,453.0,10.0,4530.0,235
2023-05-09 21:33:44,SR311P7100,白糖2311沽7100,453.0,0.0,0.0,0.0,35,459.0,463.0,10,462.5,453.0,453.0,453.0,10.0,4530.0,235
2023-05-09 21:33:53,SR311P7100,白糖2311沽7100,453.0,0.0,0.0,0.0,15,459.0,462.0,10,462.5,453.0,453.0,453.0,10.0,4530.0,235
2023-05-09 21:33:54,SR311P7100,白糖2311沽7100,453.0,0.0,0.0,0.0,5,459.0,462.0,10,462.5,453.0,453.0,453.0,10.0,4530.0,235
2023-05-09 21:33:54,SR311P7100,白糖2311沽7100,453.0,0.0,0.0,0.0,5,459.0,462.0,20,462.5,453.0,453.0,453.0,10.0,4530.0,235
2023-05-09 21:33:55,SR311P7100,白糖2311沽7100,453.0,0.0,0.0,0.0,5,459.0,461.5,10,462.5,453.0,453.0,453.0,10.0,4530.0,235
2023-05-09 21:33:56,SR311P7100,白糖2311沽7100,453.0,0.0,0.0,0.0,5,459.0,461.5,20,462.5,453.0,453.0,453.0,10.0,4530.0,235
2023-05-09 21:34:01,SR311P7100,白糖2311沽7100,453.0,0.0,0.0,0.0,5,459.0,462.5,50,462.5,453.0,453.0,453.0,10.0,4530.0,235
2023-05-09 21:34:01,SR311P7100,白糖2311沽7100,453.0,0.0,0.0,0.0,5,459.0,462.5,40,462.5,453.0,453.0,453.0,10.0,4530.0,235
2023-05-09 21:34:11,SR311P7100,白糖2311沽7100,453.0,0.0,0.0,0.0,5,459.0,462.5,30,462.5,453.0,453.0,453.0,10.0,4530.0,235
2023-05-09 21:34:12,SR311P7100,白糖2311沽7100,453.0,0.0,0.0,0.0,5,459.0,462.5,40,462.5,453.0,453.0,453.0,10.0,4530.0,235
2023-05-09 21:34:16,SR311P7100,白糖2311沽7100,453.0,0.0,0.0,0.0,5,459.0,462.0,10,462.5,453.0,453.0,453.0,10.0,4530.0,235
2023-05-09 21:34:18,SR311P7100,白糖2311沽7100,453.0,0.0,0.0,0.0,5,459.0,461.0,10,462.5,453.0,453.0,453.0,10.0,4530.0,235
2023-05-09 21:34:28,SR311P7100,白糖2311沽7100,453.0,0.0,0.0,0.0,5,459.0,461.5,10,462.5,453.0,453.0,453.0,10.0,4530.0,235
2023-05-09 21:34:28,SR311P7100,白糖2311沽7100,453.0,0.0,0.0,0.0,5,459.0,462.0,20,462.5,453.0,453.0,453.0,10.0,4530.0,235
2023-05-09 21:34:35,SR311P7100,白糖2311沽7100,453.0,0.0,0.0,0.0,5,459.0,461.5,10,462.5,453.0,453.0,453.0,10.0,4530.0,235
2023-05-09 21:34:36,SR311P7100,白糖2311沽7100,453.0,0.0,0.0,0.0,10,458.0,461.5,10,462.5,453.0,453.0,453.0,10.0,4530.0,235
2023-05-09 21:34:38,SR311P7100,白糖2311沽7100,453.0,0.0,0.0,0.0,20,457.5,461.5,10,462.5,453.0,453.0,453.0,10.0,4530.0,235
2023-05-09 21:34:44,SR311P7100,白糖2311沽7100,453.0,0.0,0.0,0.0,10,457.5,460.5,10,462.5,453.0,453.0,453.0,10.0,4530.0,235
2023-05-09 21:34:44,SR311P7100,白糖2311沽7100,453.0,0.0,0.0,0.0,30,457.0,460.5,10,462.5,453.0,453.0,453.0,10.0,4530.0,235
2023-05-09 21:34:45,SR311P7100,白糖2311沽7100,453.0,0.0,0.0,0.0,20,457.0,460.5,10,462.5,453.0,453.0,453.0,10.0,4530.0,235
2023-05-09 21:34:51,SR311P7100,白糖2311沽7100,453.0,0.0,0.0,0.0,20,457.0,461.5,30,462.5,453.0,453.0,453.0,10.0,4530.0,235
2023-05-09 21:34:51,SR311P7100,白糖2311沽7100,453.0,0.0,0.0,0.0,20,457.0,461.5,20,462.5,453.0,453.0,453.0,10.0,4530.0,235
2023-05-09 21:34:55,SR311P7100,白糖2311沽7100,453.0,0.0,0.0,0.0,25,456.5,461.5,20,462.5,453.0,453.0,453.0,10.0,4530.0,235
2023-05-09 21:34:55,SR311P7100,白糖2311沽7100,453.0,0.0,0.0,0.0,35,456.5,461.5,20,462.5,453.0,453.0,453.0,10.0,4530.0,235
2023-05-09 21:34:56,SR311P7100,白糖2311沽7100,453.0,0.0,0.0,0.0,25,456.5,461.0,20,462.5,453.0,453.0,453.0,10.0,4530.0,235
2023-05-09 21:35:22,SR311P7100,白糖2311沽7100,453.0,0.0,0.0,0.0,25,456.5,461.0,10,462.5,453.0,453.0,453.0,10.0,4530.0,235
2023-05-09 21:35:22,SR311P7100,白糖2311沽7100,453.0,0.0,0.0,0.0,35,456.5,461.5,30,462.5,453.0,453.0,453.0,10.0,4530.0,235
2023-05-09 21:35:23,SR311P7100,白糖2311沽7100,453.0,0.0,0.0,0.0,10,457.5,461.5,10,462.5,453.0,453.0,453.0,10.0,4530.0,235
2023-05-09 21:35:24,SR311P7100,白糖2311沽7100,453.0,0.0,0.0,0.0,20,457.5,462.5,50,462.5,453.0,453.0,453.0,10.0,4530.0,235
2023-05-09 21:35:25,SR311P7100,白糖2311沽7100,453.0,0.0,0.0,0.0,20,457.5,462.5,40,462.5,453.0,453.0,453.0,10.0,4530.0,235
2023-05-09 21:35:28,SR311P7100,白糖2311沽7100,453.0,0.0,0.0,0.0,20,457.5,462.0,10,462.5,453.0,453.0,453.0,10.0,4530.0,235
2023-05-09 21:35:29,SR311P7100,白糖2311沽7100,453.0,0.0,0.0,0.0,20,457.0,461.5,20,462.5,453.0,453.0,453.0,10.0,4530.0,235
2023-05-09 21:35:29,SR311P7100,白糖2311沽7100,453.0,0.0,0.0,0.0,30,457.0,461.5,20,462.5,453.0,453.0,453.0,10.0,4530.0,235
2023-05-09 21:35:31,SR311P7100,白糖2311沽7100,453.0,0.0,0.0,0.0,20,457.5,462.0,10,462.5,453.0,453.0,453.0,10.0,4530.0,235
2023-05-09 21:35:32,SR311P7100,白糖2311沽7100,453.0,0.0,0.0,0.0,20,457.5,462.5,40,462.5,453.0,453.0,453.0,10.0,4530.0,235
2023-05-09 21:35:33,SR311P7100,白糖2311沽7100,453.0,0.0,0.0,0.0,5,458.0,462.5,30,462.5,453.0,453.0,453.0,10.0,4530.0,235
2023-05-09 21:35:33,SR311P7100,白糖2311沽7100,453.0,0.0,0.0,0.0,15,458.0,462.5,30,462.5,453.0,453.0,453.0,10.0,4530.0,235
2023-05-09 21:35:34,SR311P7100,白糖2311沽7100,453.0,0.0,0.0,0.0,20,458.5,463.0,5,462.5,453.0,453.0,453.0,10.0,4530.0,235
2023-05-09 21:35:35,SR311P7100,白糖2311沽7100,453.0,0.0,0.0,0.0,30,458.5,463.0,5,462.5,453.0,453.0,453.0,10.0,4530.0,235
2023-05-09 21:35:36,SR311P7100,白糖2311沽7100,453.0,0.0,0.0,0.0,10,459.5,463.0,5,462.5,453.0,453.0,453.0,10.0,4530.0,235
2023-05-09 21:35:52,SR311P7100,白糖2311沽7100,453.0,0.0,0.0,0.0,15,459.5,464.0,20,462.5,453.0,453.0,453.0,10.0,4530.0,235
2023-05-09 21:35:52,SR311P7100,白糖2311沽7100,453.0,0.0,0.0,0.0,15,459.5,464.0,30,462.5,453.0,453.0,453.0,10.0,4530.0,235
2023-05-09 21:35:53,SR311P7100,白糖2311沽7100,453.0,0.0,0.0,0.0,15,459.5,464.0,20,462.5,453.0,453.0,453.0,10.0,4530.0,235
2023-05-09 21:35:56,SR311P7100,白糖2311沽7100,453.0,0.0,0.0,0.0,10,460.0,464.5,25,462.5,453.0,453.0,453.0,10.0,4530.0,235
2023-05-09 21:35:56,SR311P7100,白糖2311沽7100,453.0,0.0,0.0,0.0,10,460.0,464.5,15,462.5,453.0,453.0,453.0,10.0,4530.0,235
2023-05-09 21:35:59,SR311P7100,白糖2311沽7100,453.0,0.0,0.0,0.0,5,460.5,464.5,10,462.5,453.0,453.0,453.0,10.0,4530.0,235
2023-05-09 21:35:59,SR311P7100,白糖2311沽7100,453.0,0.0,0.0,0.0,5,460.5,465.0,10,462.5,453.0,453.0,453.0,10.0,4530.0,235
2023-05-09 21:36:00,SR311P7100,白糖2311沽7100,453.0,0.0,0.0,0.0,10,461.0,465.5,20,462.5,453.0,453.0,453.0,10.0,4530.0,235
2023-05-09 21:36:02,SR311P7100,白糖2311沽7100,453.0,0.0,0.0,0.0,25,460.5,465.0,10,462.5,453.0,453.0,453.0,10.0,4530.0,235
2023-05-09 21:36:04,SR311P7100,白糖2311沽7100,453.0,0.0,0.0,0.0,25,460.5,465.0,20,462.5,453.0,453.0,453.0,10.0,4530.0,235
2023-05-09 21:36:15,SR311P7100,白糖2311沽7100,453.0,0.0,0.0,0.0,5,460.5,464.0,20,462.5,453.0,453.0,453.0,10.0,4530.0,235
2023-05-09 21:36:30,SR311P7100,白糖2311沽7100,453.0,0.0,0.0,0.0,5,460.5,464.0,10,462.5,453.0,453.0,453.0,10.0,4530.0,235
2023-05-09 21:36:31,SR311P7100,白糖2311沽7100,453.0,0.0,0.0,0.0,5,460.5,464.5,10,462.5,453.0,453.0,453.0,10.0,4530.0,235
2023-05-09 21:36:47,SR311P7100,白糖2311沽7100,453.0,0.0,0.0,0.0,5,460.5,464.0,20,462.5,453.0,453.0,453.0,10.0,4530.0,235
2023-05-09 21:36:53,SR311P7100,白糖2311沽7100,453.0,0.0,0.0,0.0,5,460.5,464.0,30,462.5,453.0,453.0,453.0,10.0,4530.0,235
2023-05-09 21:36:57,SR311P7100,白糖2311沽7100,453.0,0.0,0.0,0.0,5,460.5,463.5,10,462.5,453.0,453.0,453.0,10.0,4530.0,235
2023-05-09 21:37:00,SR311P7100,白糖2311沽7100,453.0,0.0,0.0,0.0,5,460.5,463.0,20,462.5,453.0,453.0,453.0,10.0,4530.0,235
2023-05-09 21:37:02,SR311P7100,白糖2311沽7100,453.0,0.0,0.0,0.0,5,459.5,463.0,20,462.5,453.0,453.0,453.0,10.0,4530.0,235
2023-05-09 21:37:03,SR311P7100,白糖2311沽7100,453.0,0.0,0.0,0.0,5,459.5,463.0,10,462.5,453.0,453.0,453.0,10.0,4530.0,235
2023-05-09 21:37:04,SR311P7100,白糖2311沽7100,453.0,0.0,0.0,0.0,5,459.5,463.5,20,462.5,453.0,453.0,453.0,10.0,4530.0,235
2023-05-09 21:37:37,SR311P7100,白糖2311沽7100,453.0,0.0,0.0,0.0,5,459.5,462.5,10,462.5,453.0,453.0,453.0,10.0,4530.0,235
2023-05-09 21:37:38,SR311P7100,白糖2311沽7100,453.0,0.0,0.0,0.0,5,459.5,463.5,20,462.5,453.0,453.0,453.0,10.0,4530.0,235
2023-05-09 21:37:49,SR311P7100,白糖2311沽7100,453.0,0.0,0.0,0.0,5,459.5,463.0,10,462.5,453.0,453.0,453.0,10.0,4530.0,235
2023-05-09 21:37:51,SR311P7100,白糖2311沽7100,453.0,0.0,0.0,0.0,5,459.5,462.0,10,462.5,453.0,453.0,453.0,10.0,4530.0,235
2023-05-09 21:37:58,SR311P7100,白糖2311沽7100,453.0,0.0,0.0,0.0,10,458.5,462.0,10,462.5,453.0,453.0,453.0,10.0,4530.0,235
2023-05-09 21:37:59,SR311P7100,白糖2311沽7100,453.0,0.0,0.0,0.0,20,458.0,462.0,10,462.5,453.0,453.0,453.0,10.0,4530.0,235
2023-05-09 21:38:08,SR311P7100,白糖2311沽7100,453.0,0.0,0.0,0.0,5,458.5,462.5,10,462.5,453.0,453.0,453.0,10.0,4530.0,235
2023-05-09 21:38:09,SR311P7100,白糖2311沽7100,453.0,0.0,0.0,0.0,5,458.5,463.0,40,462.5,453.0,453.0,453.0,10.0,4530.0,235
2023-05-09 21:38:09,SR311P7100,白糖2311沽7100,453.0,0.0,0.0,0.0,5,458.5,463.0,30,462.5,453.0,453.0,453.0,10.0,4530.0,235
2023-05-09 21:38:10,SR311P7100,白糖2311沽7100,453.0,0.0,0.0,0.0,10,459.0,463.0,20,462.5,453.0,453.0,453.0,10.0,4530.0,235
2023-05-09 21:38:16,SR311P7100,白糖2311沽7100,453.0,0.0,0.0,0.0,10,459.5,463.5,5,462.5,453.0,453.0,453.0,10.0,4530.0,235
2023-05-09 21:38:26,SR311P7100,白糖2311沽7100,453.0,0.0,0.0,0.0,10,459.5,464.0,40,462.5,453.0,453.0,453.0,10.0,4530.0,235
2023-05-09 21:38:26,SR311P7100,白糖2311沽7100,453.0,0.0,0.0,0.0,10,459.5,464.0,20,462.5,453.0,453.0,453.0,10.0,4530.0,235
2023-05-09 21:38:27,SR311P7100,白糖2311沽7100,453.0,0.0,0.0,0.0,30,459.0,463.5,10,462.5,453.0,453.0,453.0,10.0,4530.0,235
2023-05-09 21:38:28,SR311P7100,白糖2311沽7100,453.0,0.0,0.0,0.0,20,459.0,463.5,10,462.5,453.0,453.0,453.0,10.0,4530.0,235
2023-05-09 21:38:29,SR311P7100,白糖2311沽7100,453.0,0.0,0.0,0.0,10,460.0,463.5,10,462.5,453.0,453.0,453.0,10.0,4530.0,235
2023-05-09 21:38:31,SR311P7100,白糖2311沽7100,453.0,0.0,0.0,0.0,10,460.0,464.0,30,462.5,453.0,453.0,453.0,10.0,4530.0,235
2023-05-09 21:38:32,SR311P7100,白糖2311沽7100,453.0,0.0,0.0,0.0,10,460.0,464.0,20,462.5,453.0,453.0,453.0,10.0,4530.0,235
2023-05-09 21:39:00,SR311P7100,白糖2311沽7100,453.0,0.0,0.0,0.0,10,460.0,463.5,10,462.5,453.0,453.0,453.0,10.0,4530.0,235
2023-05-09 21:39:06,SR311P7100,白糖2311沽7100,453.0,0.0,0.0,0.0,10,460.0,464.0,30,462.5,453.0,453.0,453.0,10.0,4530.0,235
2023-05-09 21:39:27,SR311P7100,白糖2311沽7100,453.0,0.0,0.0,0.0,15,460.0,464.0,30,462.5,453.0,453.0,453.0,10.0,4530.0,235
2023-05-09 21:39:28,SR311P7100,白糖2311沽7100,453.0,0.0,0.0,0.0,45,460.0,464.5,20,462.5,453.0,453.0,453.0,10.0,4530.0,235
2023-05-09 21:39:28,SR311P7100,白糖2311沽7100,453.0,0.0,0.0,0.0,45,460.0,464.5,10,462.5,453.0,453.0,453.0,10.0,4530.0,235
2023-05-09 21:39:30,SR311P7100,白糖2311沽7100,453.0,0.0,0.0,0.0,20,461.0,465.0,25,462.5,453.0,453.0,453.0,10.0,4530.0,235
2023-05-09 21:39:39,SR311P7100,白糖2311沽7100,453.0,0.0,0.0,0.0,5,461.5,465.0,20,462.5,453.0,453.0,453.0,10.0,4530.0,235
2023-05-09 21:39:40,SR311P7100,白糖2311沽7100,453.0,0.0,0.0,0.0,10,462.0,465.5,10,462.5,453.0,453.0,453.0,10.0,4530.0,235
2023-05-09 21:39:40,SR311P7100,白糖2311沽7100,453.0,0.0,0.0,0.0,10,462.0,466.0,10,462.5,453.0,453.0,453.0,10.0,4530.0,235
2023-05-09 21:39:41,SR311P7100,白糖2311沽7100,453.0,0.0,0.0,0.0,15,461.5,466.0,10,462.5,453.0,453.0,453.0,10.0,4530.0,235
2023-05-09 21:39:41,SR311P7100,白糖2311沽7100,453.0,0.0,0.0,0.0,5,461.5,466.0,30,462.5,453.0,453.0,453.0,10.0,4530.0,235
2023-05-09 21:39:52,SR311P7100,白糖2311沽7100,453.0,0.0,0.0,0.0,5,461.5,465.0,10,462.5,453.0,453.0,453.0,10.0,4530.0,235
2023-05-09 21:40:02,SR311P7100,白糖2311沽7100,453.0,0.0,0.0,0.0,5,461.5,465.0,20,462.5,453.0,453.0,453.0,10.0,4530.0,235
2023-05-09 21:40:04,SR311P7100,白糖2311沽7100,453.0,0.0,0.0,0.0,5,461.5,466.0,40,462.5,453.0,453.0,453.0,10.0,4530.0,235
2023-05-09 21:40:04,SR311P7100,白糖2311沽7100,453.0,0.0,0.0,0.0,5,461.5,466.0,30,462.5,453.0,453.0,453.0,10.0,4530.0,235
2023-05-09 21:40:04,SR311P7100,白糖2311沽7100,453.0,0.0,0.0,0.0,5,461.5,466.0,40,462.5,453.0,453.0,453.0,10.0,4530.0,235
2023-05-09 21:40:04,SR311P7100,白糖2311沽7100,453.0,0.0,0.0,0.0,5,461.5,466.0,30,462.5,453.0,453.0,453.0,10.0,4530.0,235
2023-05-09 21:40:16,SR311P7100,白糖2311沽7100,453.0,0.0,0.0,0.0,5,461.5,465.5,10,462.5,453.0,453.0,453.0,10.0,4530.0,235
2023-05-09 21:40:51,SR311P7100,白糖2311沽7100,453.0,0.0,0.0,0.0,25,460.0,464.0,10,462.5,453.0,453.0,453.0,10.0,4530.0,235
2023-05-09 21:40:54,SR311P7100,白糖2311沽7100,453.0,0.0,0.0,0.0,15,460.0,464.0,30,462.5,453.0,453.0,453.0,10.0,4530.0,235
2023-05-09 21:41:02,SR311P7100,白糖2311沽7100,453.0,0.0,0.0,0.0,15,460.0,463.5,20,462.5,453.0,453.0,453.0,10.0,4530.0,235
2023-05-09 21:41:03,SR311P7100,白糖2311沽7100,453.0,0.0,0.0,0.0,5,460.0,463.5,20,462.5,453.0,453.0,453.0,10.0,4530.0,235
2023-05-09 21:41:07,SR311P7100,白糖2311沽7100,453.0,0.0,0.0,0.0,5,460.0,463.5,10,462.5,453.0,453.0,453.0,10.0,4530.0,235
2023-05-09 21:41:18,SR311P7100,白糖2311沽7100,453.0,0.0,0.0,0.0,5,460.0,464.0,40,462.5,453.0,453.0,453.0,10.0,4530.0,235
2023-05-09 21:41:18,SR311P7100,白糖2311沽7100,453.0,0.0,0.0,0.0,5,460.0,464.0,30,462.5,453.0,453.0,453.0,10.0,4530.0,235
2023-05-09 21:41:25,SR311P7100,白糖2311沽7100,453.0,0.0,0.0,0.0,5,460.0,464.0,20,462.5,453.0,453.0,453.0,10.0,4530.0,235
2023-05-09 21:41:25,SR311P7100,白糖2311沽7100,453.0,0.0,0.0,0.0,25,461.0,465.0,10,462.5,453.0,453.0,453.0,10.0,4530.0,235
2023-05-09 21:41:26,SR311P7100,白糖2311沽7100,453.0,0.0,0.0,0.0,10,462.0,465.0,10,462.5,453.0,453.0,453.0,10.0,4530.0,235
2023-05-09 21:41:26,SR311P7100,白糖2311沽7100,453.0,0.0,0.0,0.0,10,462.0,466.0,25,462.5,453.0,453.0,453.0,10.0,4530.0,235
2023-05-09 21:41:27,SR311P7100,白糖2311沽7100,453.0,0.0,0.0,0.0,25,462.5,466.0,10,462.5,453.0,453.0,453.0,10.0,4530.0,235
2023-05-09 21:41:27,SR311P7100,白糖2311沽7100,453.0,0.0,0.0,0.0,25,462.5,467.0,25,462.5,453.0,453.0,453.0,10.0,4530.0,235
2023-05-09 21:41:28,SR311P7100,白糖2311沽7100,453.0,0.0,0.0,0.0,35,462.5,467.0,25,462.5,453.0,453.0,453.0,10.0,4530.0,235
2023-05-09 21:41:31,SR311P7100,白糖2311沽7100,453.0,0.0,0.0,0.0,25,462.5,466.5,10,462.5,453.0,453.0,453.0,10.0,4530.0,235
2023-05-09 21:41:32,SR311P7100,白糖2311沽7100,453.0,0.0,0.0,0.0,15,462.5,465.0,10,462.5,453.0,453.0,453.0,10.0,4530.0,235
2023-05-09 21:41:36,SR311P7100,白糖2311沽7100,453.0,0.0,0.0,0.0,15,462.5,466.0,30,462.5,453.0,453.0,453.0,10.0,4530.0,235
2023-05-09 21:41:39,SR311P7100,白糖2311沽7100,453.0,0.0,0.0,0.0,10,462.0,465.0,20,462.5,453.0,453.0,453.0,10.0,4530.0,235
2023-05-09 21:41:40,SR311P7100,白糖2311沽7100,453.0,0.0,0.0,0.0,5,461.0,464.0,10,462.5,453.0,453.0,453.0,10.0,4530.0,235
2023-05-09 21:41:40,SR311P7100,白糖2311沽7100,453.0,0.0,0.0,0.0,15,461.0,464.0,10,462.5,453.0,453.0,453.0,10.0,4530.0,235
2023-05-09 21:41:41,SR311P7100,白糖2311沽7100,453.0,0.0,0.0,0.0,5,461.0,464.0,10,462.5,453.0,453.0,453.0,10.0,4530.0,235
2023-05-09 21:41:49,SR311P7100,白糖2311沽7100,453.0,0.0,0.0,0.0,5,461.0,465.0,40,462.5,453.0,453.0,453.0,10.0,4530.0,235
2023-05-09 21:41:50,SR311P7100,白糖2311沽7100,453.0,0.0,0.0,0.0,5,461.0,465.0,30,462.5,453.0,453.0,453.0,10.0,4530.0,235
2023-05-09 21:41:59,SR311P7100,白糖2311沽7100,453.0,0.0,0.0,0.0,15,461.0,465.0,20,462.5,453.0,453.0,453.0,10.0,4530.0,235
2023-05-09 21:42:01,SR311P7100,白糖2311沽7100,453.0,0.0,0.0,0.0,10,461.5,465.0,20,462.5,453.0,453.0,453.0,10.0,4530.0,235
2023-05-09 21:42:10,SR311P7100,白糖2311沽7100,453.0,0.0,0.0,0.0,25,461.0,465.0,20,462.5,453.0,453.0,453.0,10.0,4530.0,235
2023-05-09 21:42:11,SR311P7100,白糖2311沽7100,453.0,0.0,0.0,0.0,5,461.0,464.0,10,462.5,453.0,453.0,453.0,10.0,4530.0,235
2023-05-09 21:42:12,SR311P7100,白糖2311沽7100,453.0,0.0,0.0,0.0,5,461.0,464.0,20,462.5,453.0,453.0,453.0,10.0,4530.0,235
2023-05-09 21:42:20,SR311P7100,白糖2311沽7100,453.0,0.0,0.0,0.0,15,461.0,465.0,10,462.5,453.0,453.0,453.0,10.0,4530.0,235
2023-05-09 21:42:28,SR311P7100,白糖2311沽7100,453.0,0.0,0.0,0.0,25,461.0,465.0,10,462.5,453.0,453.0,453.0,10.0,4530.0,235
2023-05-09 21:42:29,SR311P7100,白糖2311沽7100,453.0,0.0,0.0,0.0,35,461.0,465.0,10,462.5,453.0,453.0,453.0,10.0,4530.0,235
2023-05-09 21:42:33,SR311P7100,白糖2311沽7100,453.0,0.0,0.0,0.0,25,461.0,465.0,10,462.5,453.0,453.0,453.0,10.0,4530.0,235
2023-05-09 21:42:35,SR311P7100,白糖2311沽7100,453.0,0.0,0.0,0.0,15,461.0,464.5,10,462.5,453.0,453.0,453.0,10.0,4530.0,235
2023-05-09 21:42:37,SR311P7100,白糖2311沽7100,453.0,0.0,0.0,0.0,5,461.0,464.5,10,462.5,453.0,453.0,453.0,10.0,4530.0,235
2023-05-09 21:42:42,SR311P7100,白糖2311沽7100,453.0,0.0,0.0,0.0,5,461.0,463.5,10,462.5,453.0,453.0,453.0,10.0,4530.0,235
2023-05-09 21:42:43,SR311P7100,白糖2311沽7100,453.0,0.0,0.0,0.0,5,461.0,463.0,10,462.5,453.0,453.0,453.0,10.0,4530.0,235
2023-05-09 21:42:44,SR311P7100,白糖2311沽7100,453.0,0.0,0.0,0.0,10,460.5,463.0,10,462.5,453.0,453.0,453.0,10.0,4530.0,235
2023-05-09 21:42:45,SR311P7100,白糖2311沽7100,453.0,0.0,0.0,0.0,30,459.0,463.0,10,462.5,453.0,453.0,453.0,10.0,4530.0,235
2023-05-09 21:42:46,SR311P7100,白糖2311沽7100,453.0,0.0,0.0,0.0,10,460.0,463.0,10,462.5,453.0,453.0,453.0,10.0,4530.0,235
2023-05-09 21:42:46,SR311P7100,白糖2311沽7100,453.0,0.0,0.0,0.0,30,459.0,463.0,10,462.5,453.0,453.0,453.0,10.0,4530.0,235
2023-05-09 21:42:51,SR311P7100,白糖2311沽7100,453.0,0.0,0.0,0.0,20,459.0,463.0,10,462.5,453.0,453.0,453.0,10.0,4530.0,235
2023-05-09 21:42:52,SR311P7100,白糖2311沽7100,453.0,0.0,0.0,0.0,20,459.0,462.0,10,462.5,453.0,453.0,453.0,10.0,4530.0,235
2023-05-09 21:42:54,SR311P7100,白糖2311沽7100,453.0,0.0,0.0,0.0,30,458.5,462.0,10,462.5,453.0,453.0,453.0,10.0,4530.0,235
2023-05-09 21:42:55,SR311P7100,白糖2311沽7100,453.0,0.0,0.0,0.0,15,458.0,462.0,10,462.5,453.0,453.0,453.0,10.0,4530.0,235
2023-05-09 21:42:57,SR311P7100,白糖2311沽7100,453.0,0.0,0.0,0.0,15,458.0,462.0,20,462.5,453.0,453.0,453.0,10.0,4530.0,235
2023-05-09 21:43:01,SR311P7100,白糖2311沽7100,453.0,0.0,0.0,0.0,15,458.0,462.0,10,462.5,453.0,453.0,453.0,10.0,4530.0,235
2023-05-09 21:43:04,SR311P7100,白糖2311沽7100,453.0,0.0,0.0,0.0,10,458.5,463.0,35,462.5,453.0,453.0,453.0,10.0,4530.0,235
2023-05-09 21:43:05,SR311P7100,白糖2311沽7100,453.0,0.0,0.0,0.0,10,458.5,463.0,25,462.5,453.0,453.0,453.0,10.0,4530.0,235
2023-05-09 21:43:09,SR311P7100,白糖2311沽7100,453.0,0.0,0.0,0.0,10,459.5,463.0,20,462.5,453.0,453.0,453.0,10.0,4530.0,235
2023-05-09 21:43:09,SR311P7100,白糖2311沽7100,453.0,0.0,0.0,0.0,10,459.5,463.0,10,462.5,453.0,453.0,453.0,10.0,4530.0,235
2023-05-09 21:43:10,SR311P7100,白糖2311沽7100,453.0,0.0,0.0,0.0,15,459.5,463.0,10,462.5,453.0,453.0,453.0,10.0,4530.0,235
2023-05-09 21:43:25,SR311P7100,白糖2311沽7100,453.0,0.0,0.0,0.0,5,459.5,463.0,10,462.5,453.0,453.0,453.0,10.0,4530.0,235
2023-05-09 21:43:32,SR311P7100,白糖2311沽7100,453.0,0.0,0.0,0.0,25,459.5,463.0,10,462.5,453.0,453.0,453.0,10.0,4530.0,235
2023-05-09 21:43:36,SR311P7100,白糖2311沽7100,453.0,0.0,0.0,0.0,15,459.5,463.0,10,462.5,453.0,453.0,453.0,10.0,4530.0,235
2023-05-09 21:43:38,SR311P7100,白糖2311沽7100,453.0,0.0,0.0,0.0,15,459.5,463.0,20,462.5,453.0,453.0,453.0,10.0,4530.0,235
2023-05-09 21:43:38,SR311P7100,白糖2311沽7100,453.0,0.0,0.0,0.0,5,459.5,463.0,20,462.5,453.0,453.0,453.0,10.0,4530.0,235
2023-05-09 21:43:41,SR311P7100,白糖2311沽7100,453.0,0.0,0.0,0.0,5,459.5,462.5,10,462.5,453.0,453.0,453.0,10.0,4530.0,235
2023-05-09 21:43:48,SR311P7100,白糖2311沽7100,453.0,0.0,0.0,0.0,5,459.5,463.0,20,462.5,453.0,453.0,453.0,10.0,4530.0,235
2023-05-09 21:43:50,SR311P7100,白糖2311沽7100,453.0,0.0,0.0,0.0,5,459.5,463.0,10,462.5,453.0,453.0,453.0,10.0,4530.0,235
2023-05-09 21:44:02,SR311P7100,白糖2311沽7100,453.0,0.0,0.0,0.0,5,459.5,462.0,10,462.5,453.0,453.0,453.0,10.0,4530.0,235
2023-05-09 21:44:05,SR311P7100,白糖2311沽7100,453.0,0.0,0.0,0.0,20,458.5,461.5,20,462.5,453.0,453.0,453.0,10.0,4530.0,235
2023-05-09 21:44:05,SR311P7100,白糖2311沽7100,453.0,0.0,0.0,0.0,10,458.5,461.5,20,462.5,453.0,453.0,453.0,10.0,4530.0,235
2023-05-09 21:44:19,SR311P7100,白糖2311沽7100,453.0,0.0,0.0,0.0,20,458.5,462.0,10,462.5,453.0,453.0,453.0,10.0,4530.0,235
2023-05-09 21:44:20,SR311P7100,白糖2311沽7100,453.0,0.0,0.0,0.0,20,458.5,463.0,30,462.5,453.0,453.0,453.0,10.0,4530.0,235
2023-05-09 21:44:22,SR311P7100,白糖2311沽7100,453.0,0.0,0.0,0.0,10,459.0,463.0,20,462.5,453.0,453.0,453.0,10.0,4530.0,235
2023-05-09 21:44:23,SR311P7100,白糖2311沽7100,453.0,0.0,0.0,0.0,20,459.5,463.0,20,462.5,453.0,453.0,453.0,10.0,4530.0,235
2023-05-09 21:44:24,SR311P7100,白糖2311沽7100,453.0,0.0,0.0,0.0,20,459.5,463.0,10,462.5,453.0,453.0,453.0,10.0,4530.0,235
2023-05-09 21:44:24,SR311P7100,白糖2311沽7100,453.0,0.0,0.0,0.0,10,459.5,463.0,10,462.5,453.0,453.0,453.0,10.0,4530.0,235
2023-05-09 21:44:37,SR311P7100,白糖2311沽7100,453.0,0.0,0.0,0.0,10,459.5,463.0,20,462.5,453.0,453.0,453.0,10.0,4530.0,235
2023-05-09 21:45:16,SR311P7100,白糖2311沽7100,453.0,0.0,0.0,0.0,15,459.5,463.0,20,462.5,453.0,453.0,453.0,10.0,4530.0,235
2023-05-09 21:45:16,SR311P7100,白糖2311沽7100,453.0,0.0,0.0,0.0,15,459.5,463.0,10,462.5,453.0,453.0,453.0,10.0,4530.0,235
2023-05-09 21:45:16,SR311P7100,白糖2311沽7100,453.0,0.0,0.0,0.0,15,459.5,463.5,10,462.5,453.0,453.0,453.0,10.0,4530.0,235
2023-05-09 21:45:23,SR311P7100,白糖2311沽7100,453.0,0.0,0.0,0.0,25,459.5,464.0,15,462.5,453.0,453.0,453.0,10.0,4530.0,235
2023-05-09 21:45:33,SR311P7100,白糖2311沽7100,453.0,0.0,0.0,0.0,10,461.0,464.5,20,462.5,453.0,453.0,453.0,10.0,4530.0,235
2023-05-09 21:45:34,SR311P7100,白糖2311沽7100,453.0,0.0,0.0,0.0,45,459.5,463.5,20,462.5,453.0,453.0,453.0,10.0,4530.0,235
2023-05-09 21:45:34,SR311P7100,白糖2311沽7100,453.0,0.0,0.0,0.0,45,459.5,463.5,30,462.5,453.0,453.0,453.0,10.0,4530.0,235
2023-05-09 21:45:35,SR311P7100,白糖2311沽7100,453.0,0.0,0.0,0.0,35,459.5,463.5,30,462.5,453.0,453.0,453.0,10.0,4530.0,235
2023-05-09 21:45:37,SR311P7100,白糖2311沽7100,453.0,0.0,0.0,0.0,25,459.5,462.5,10,462.5,453.0,453.0,453.0,10.0,4530.0,235
2023-05-09 21:45:39,SR311P7100,白糖2311沽7100,453.0,0.0,0.0,0.0,5,459.5,461.5,10,462.5,453.0,453.0,453.0,10.0,4530.0,235
2023-05-09 21:45:45,SR311P7100,白糖2311沽7100,453.0,0.0,0.0,0.0,5,459.5,462.0,10,462.5,453.0,453.0,453.0,10.0,4530.0,235
2023-05-09 21:45:46,SR311P7100,白糖2311沽7100,453.0,0.0,0.0,0.0,5,459.5,462.5,10,462.5,453.0,453.0,453.0,10.0,4530.0,235
2023-05-09 21:45:53,SR311P7100,白糖2311沽7100,453.0,0.0,0.0,0.0,5,459.5,462.0,20,462.5,453.0,453.0,453.0,10.0,4530.0,235
2023-05-09 21:45:56,SR311P7100,白糖2311沽7100,453.0,0.0,0.0,0.0,5,459.5,462.0,10,462.5,453.0,453.0,453.0,10.0,4530.0,235
2023-05-09 21:45:56,SR311P7100,白糖2311沽7100,453.0,0.0,0.0,0.0,5,459.5,462.5,10,462.5,453.0,453.0,453.0,10.0,4530.0,235
2023-05-09 21:46:08,SR311P7100,白糖2311沽7100,453.0,0.0,0.0,0.0,5,459.5,463.0,10,462.5,453.0,453.0,453.0,10.0,4530.0,235
2023-05-09 21:46:08,SR311P7100,白糖2311沽7100,453.0,0.0,0.0,0.0,5,459.5,463.5,40,462.5,453.0,453.0,453.0,10.0,4530.0,235
2023-05-09 21:46:09,SR311P7100,白糖2311沽7100,453.0,0.0,0.0,0.0,5,459.5,463.5,30,462.5,453.0,453.0,453.0,10.0,4530.0,235
2023-05-09 21:46:11,SR311P7100,白糖2311沽7100,453.0,0.0,0.0,0.0,15,459.5,463.5,30,462.5,453.0,453.0,453.0,10.0,4530.0,235
2023-05-09 21:46:22,SR311P7100,白糖2311沽7100,453.0,0.0,0.0,0.0,15,459.5,463.0,10,462.5,453.0,453.0,453.0,10.0,4530.0,235
2023-05-09 21:46:28,SR311P7100,白糖2311沽7100,453.0,0.0,0.0,0.0,5,459.5,463.0,10,462.5,453.0,453.0,453.0,10.0,4530.0,235
2023-05-09 21:46:40,SR311P7100,白糖2311沽7100,453.0,0.0,0.0,0.0,15,459.5,463.5,10,462.5,453.0,453.0,453.0,10.0,4530.0,235
2023-05-09 21:46:42,SR311P7100,白糖2311沽7100,453.0,0.0,0.0,0.0,25,459.5,464.5,30,462.5,453.0,453.0,453.0,10.0,4530.0,235
2023-05-09 21:46:48,SR311P7100,白糖2311沽7100,453.0,0.0,0.0,0.0,25,459.5,463.5,10,462.5,453.0,453.0,453.0,10.0,4530.0,235
2023-05-09 21:47:05,SR311P7100,白糖2311沽7100,453.0,0.0,0.0,0.0,25,459.5,464.5,30,462.5,453.0,453.0,453.0,10.0,4530.0,235
2023-05-09 21:47:07,SR311P7100,白糖2311沽7100,453.0,0.0,0.0,0.0,10,460.5,464.5,30,462.5,453.0,453.0,453.0,10.0,4530.0,235
2023-05-09 21:47:07,SR311P7100,白糖2311沽7100,453.0,0.0,0.0,0.0,30,460.5,464.5,20,462.5,453.0,453.0,453.0,10.0,4530.0,235
2023-05-09 21:47:09,SR311P7100,白糖2311沽7100,453.0,0.0,0.0,0.0,5,461.0,464.5,10,462.5,453.0,453.0,453.0,10.0,4530.0,235
2023-05-09 21:47:09,SR311P7100,白糖2311沽7100,453.0,0.0,0.0,0.0,5,461.0,465.0,10,462.5,453.0,453.0,453.0,10.0,4530.0,235
2023-05-09 21:47:09,SR311P7100,白糖2311沽7100,453.0,0.0,0.0,0.0,5,461.0,465.5,25,462.5,453.0,453.0,453.0,10.0,4530.0,235
2023-05-09 21:47:13,SR311P7100,白糖2311沽7100,453.0,0.0,0.0,0.0,15,461.0,465.5,25,462.5,453.0,453.0,453.0,10.0,4530.0,235
2023-05-09 21:47:14,SR311P7100,白糖2311沽7100,453.0,0.0,0.0,0.0,10,461.5,465.5,25,462.5,453.0,453.0,453.0,10.0,4530.0,235
2023-05-09 21:47:17,SR311P7100,白糖2311沽7100,453.0,0.0,0.0,0.0,10,461.5,465.5,20,462.5,453.0,453.0,453.0,10.0,4530.0,235
2023-05-09 21:47:18,SR311P7100,白糖2311沽7100,453.0,0.0,0.0,0.0,20,461.5,465.5,20,462.5,453.0,453.0,453.0,10.0,4530.0,235
2023-05-09 21:47:18,SR311P7100,白糖2311沽7100,453.0,0.0,0.0,0.0,30,461.5,465.5,10,462.5,453.0,453.0,453.0,10.0,4530.0,235
2023-05-09 21:47:24,SR311P7100,白糖2311沽7100,453.0,0.0,0.0,0.0,20,461.5,465.5,20,462.5,453.0,453.0,453.0,10.0,4530.0,235
2023-05-09 21:47:28,SR311P7100,白糖2311沽7100,453.0,0.0,0.0,0.0,30,461.5,465.5,10,462.5,453.0,453.0,453.0,10.0,4530.0,235
2023-05-09 21:47:34,SR311P7100,白糖2311沽7100,453.0,0.0,0.0,0.0,20,461.5,465.5,20,462.5,453.0,453.0,453.0,10.0,4530.0,235
2023-05-09 21:47:37,SR311P7100,白糖2311沽7100,453.0,0.0,0.0,0.0,10,461.5,465.5,30,462.5,453.0,453.0,453.0,10.0,4530.0,235
2023-05-09 21:47:38,SR311P7100,白糖2311沽7100,453.0,0.0,0.0,0.0,10,461.5,464.5,10,462.5,453.0,453.0,453.0,10.0,4530.0,235
2023-05-09 21:47:52,SR311P7100,白糖2311沽7100,453.0,0.0,0.0,0.0,25,461.0,464.5,10,462.5,453.0,453.0,453.0,10.0,4530.0,235
2023-05-09 21:47:55,SR311P7100,白糖2311沽7100,453.0,0.0,0.0,0.0,15,461.0,464.5,10,462.5,453.0,453.0,453.0,10.0,4530.0,235
2023-05-09 21:47:59,SR311P7100,白糖2311沽7100,453.0,0.0,0.0,0.0,25,461.0,464.5,10,462.5,453.0,453.0,453.0,10.0,4530.0,235
2023-05-09 21:48:00,SR311P7100,白糖2311沽7100,453.0,0.0,0.0,0.0,25,461.0,465.5,30,462.5,453.0,453.0,453.0,10.0,4530.0,235
2023-05-09 21:48:02,SR311P7100,白糖2311沽7100,453.0,0.0,0.0,0.0,10,462.0,465.5,20,462.5,453.0,453.0,453.0,10.0,4530.0,235
2023-05-09 21:48:05,SR311P7100,白糖2311沽7100,453.0,0.0,0.0,0.0,10,462.0,465.5,10,462.5,453.0,453.0,453.0,10.0,4530.0,235
2023-05-09 21:48:23,SR311P7100,白糖2311沽7100,453.0,0.0,0.0,0.0,25,461.0,465.0,10,462.5,453.0,453.0,453.0,10.0,4530.0,235
2023-05-09 21:48:23,SR311P7100,白糖2311沽7100,453.0,0.0,0.0,0.0,15,461.0,465.0,10,462.5,453.0,453.0,453.0,10.0,4530.0,235
2023-05-09 21:48:41,SR311P7100,白糖2311沽7100,453.0,0.0,0.0,0.0,15,461.0,464.0,10,462.5,453.0,453.0,453.0,10.0,4530.0,235
2023-05-09 21:48:44,SR311P7100,白糖2311沽7100,453.0,0.0,0.0,0.0,15,461.0,465.0,20,462.5,453.0,453.0,453.0,10.0,4530.0,235
2023-05-09 21:48:44,SR311P7100,白糖2311沽7100,453.0,0.0,0.0,0.0,10,462.0,465.0,20,462.5,453.0,453.0,453.0,10.0,4530.0,235
2023-05-09 21:48:44,SR311P7100,白糖2311沽7100,453.0,0.0,0.0,0.0,10,462.0,465.0,10,462.5,453.0,453.0,453.0,10.0,4530.0,235
2023-05-09 21:48:45,SR311P7100,白糖2311沽7100,453.0,0.0,0.0,0.0,20,462.0,466.0,10,462.5,453.0,453.0,453.0,10.0,4530.0,235
2023-05-09 21:48:45,SR311P7100,白糖2311沽7100,453.0,0.0,0.0,0.0,20,462.0,466.0,20,462.5,453.0,453.0,453.0,10.0,4530.0,235
2023-05-09 21:48:46,SR311P7100,白糖2311沽7100,453.0,0.0,0.0,0.0,20,462.0,466.0,10,462.5,453.0,453.0,453.0,10.0,4530.0,235
2023-05-09 21:48:49,SR311P7100,白糖2311沽7100,453.0,0.0,0.0,0.0,5,462.5,466.0,10,462.5,453.0,453.0,453.0,10.0,4530.0,235
2023-05-09 21:48:50,SR311P7100,白糖2311沽7100,453.0,0.0,0.0,0.0,5,462.5,466.5,10,462.5,453.0,453.0,453.0,10.0,4530.0,235
2023-05-09 21:48:50,SR311P7100,白糖2311沽7100,453.0,0.0,0.0,0.0,5,462.5,467.0,30,462.5,453.0,453.0,453.0,10.0,4530.0,235
2023-05-09 21:48:56,SR311P7100,白糖2311沽7100,453.0,0.0,0.0,0.0,10,463.5,467.0,30,462.5,453.0,453.0,453.0,10.0,4530.0,235
2023-05-09 21:48:56,SR311P7100,白糖2311沽7100,453.0,0.0,0.0,0.0,10,463.5,467.0,20,462.5,453.0,453.0,453.0,10.0,4530.0,235
2023-05-09 21:48:59,SR311P7100,白糖2311沽7100,453.0,0.0,0.0,0.0,25,462.5,467.0,20,462.5,453.0,453.0,453.0,10.0,4530.0,235
2023-05-09 21:49:00,SR311P7100,白糖2311沽7100,453.0,0.0,0.0,0.0,15,462.5,467.0,20,462.5,453.0,453.0,453.0,10.0,4530.0,235
2023-05-09 21:49:14,SR311P7100,白糖2311沽7100,453.0,0.0,0.0,0.0,10,463.5,467.0,20,462.5,453.0,453.0,453.0,10.0,4530.0,235
2023-05-09 21:49:19,SR311P7100,白糖2311沽7100,453.0,0.0,0.0,0.0,10,463.5,466.5,10,462.5,453.0,453.0,453.0,10.0,4530.0,235
2023-05-09 21:49:21,SR311P7100,白糖2311沽7100,453.0,0.0,0.0,0.0,10,463.0,465.5,10,462.5,453.0,453.0,453.0,10.0,4530.0,235
2023-05-09 21:49:21,SR311P7100,白糖2311沽7100,453.0,0.0,0.0,0.0,25,462.5,465.5,10,462.5,453.0,453.0,453.0,10.0,4530.0,235
2023-05-09 21:49:22,SR311P7100,白糖2311沽7100,453.0,0.0,0.0,0.0,15,462.5,465.5,10,462.5,453.0,453.0,453.0,10.0,4530.0,235
2023-05-09 21:49:31,SR311P7100,白糖2311沽7100,453.0,0.0,0.0,0.0,15,462.5,465.5,20,462.5,453.0,453.0,453.0,10.0,4530.0,235
2023-05-09 21:49:33,SR311P7100,白糖2311沽7100,453.0,0.0,0.0,0.0,15,462.5,465.5,10,462.5,453.0,453.0,453.0,10.0,4530.0,235
2023-05-09 21:49:33,SR311P7100,白糖2311沽7100,453.0,0.0,0.0,0.0,15,462.5,466.5,20,462.5,453.0,453.0,453.0,10.0,4530.0,235
2023-05-09 21:49:34,SR311P7100,白糖2311沽7100,453.0,0.0,0.0,0.0,15,462.5,466.5,10,462.5,453.0,453.0,453.0,10.0,4530.0,235
2023-05-09 21:49:44,SR311P7100,白糖2311沽7100,453.0,0.0,0.0,0.0,10,463.5,466.5,10,462.5,453.0,453.0,453.0,10.0,4530.0,235
2023-05-09 21:49:51,SR311P7100,白糖2311沽7100,453.0,0.0,0.0,0.0,10,463.0,466.5,10,462.5,453.0,453.0,453.0,10.0,4530.0,235
2023-05-09 21:49:51,SR311P7100,白糖2311沽7100,453.0,0.0,0.0,0.0,15,462.5,466.5,10,462.5,453.0,453.0,453.0,10.0,4530.0,235
2023-05-09 21:49:52,SR311P7100,白糖2311沽7100,453.0,0.0,0.0,0.0,25,462.5,466.5,10,462.5,453.0,453.0,453.0,10.0,4530.0,235
2023-05-09 21:49:52,SR311P7100,白糖2311沽7100,453.0,0.0,0.0,0.0,15,462.5,466.5,10,462.5,453.0,453.0,453.0,10.0,4530.0,235
2023-05-09 21:50:03,SR311P7100,白糖2311沽7100,453.0,0.0,0.0,0.0,15,462.5,466.0,20,462.5,453.0,453.0,453.0,10.0,4530.0,235
2023-05-09 21:50:07,SR311P7100,白糖2311沽7100,453.0,0.0,0.0,0.0,15,462.5,465.0,10,462.5,453.0,453.0,453.0,10.0,4530.0,235
2023-05-09 21:50:14,SR311P7100,白糖2311沽7100,453.0,0.0,0.0,0.0,5,462.5,464.5,10,462.5,453.0,453.0,453.0,10.0,4530.0,235
2023-05-09 21:50:15,SR311P7100,白糖2311沽7100,453.0,0.0,0.0,0.0,10,462.0,464.5,10,462.5,453.0,453.0,453.0,10.0,4530.0,235
2023-05-09 21:50:15,SR311P7100,白糖2311沽7100,453.0,0.0,0.0,0.0,10,461.5,464.5,10,462.5,453.0,453.0,453.0,10.0,4530.0,235
2023-05-09 21:50:16,SR311P7100,白糖2311沽7100,453.0,0.0,0.0,0.0,5,461.0,464.5,10,462.5,453.0,453.0,453.0,10.0,4530.0,235
2023-05-09 21:50:16,SR311P7100,白糖2311沽7100,453.0,0.0,0.0,0.0,5,461.0,464.5,20,462.5,453.0,453.0,453.0,10.0,4530.0,235
2023-05-09 21:50:17,SR311P7100,白糖2311沽7100,453.0,0.0,0.0,0.0,5,461.0,463.5,10,462.5,453.0,453.0,453.0,10.0,4530.0,235
2023-05-09 21:50:21,SR311P7100,白糖2311沽7100,453.0,0.0,0.0,0.0,5,461.0,464.5,30,462.5,453.0,453.0,453.0,10.0,4530.0,235
2023-05-09 21:50:27,SR311P7100,白糖2311沽7100,453.0,0.0,0.0,0.0,5,461.0,464.0,10,462.5,453.0,453.0,453.0,10.0,4530.0,235
2023-05-09 21:50:36,SR311P7100,白糖2311沽7100,453.0,0.0,0.0,0.0,5,461.0,464.0,20,462.5,453.0,453.0,453.0,10.0,4530.0,235
2023-05-09 21:50:36,SR311P7100,白糖2311沽7100,453.0,0.0,0.0,0.0,5,461.0,463.0,10,462.5,453.0,453.0,453.0,10.0,4530.0,235
2023-05-09 21:50:38,SR311P7100,白糖2311沽7100,453.0,0.0,0.0,0.0,5,461.0,462.5,10,462.5,453.0,453.0,453.0,10.0,4530.0,235
2023-05-09 21:50:39,SR311P7100,白糖2311沽7100,453.0,0.0,0.0,0.0,5,461.0,463.0,10,462.5,453.0,453.0,453.0,10.0,4530.0,235
2023-05-09 21:50:41,SR311P7100,白糖2311沽7100,453.0,0.0,0.0,0.0,5,461.0,463.0,20,462.5,453.0,453.0,453.0,10.0,4530.0,235
2023-05-09 21:50:42,SR311P7100,白糖2311沽7100,453.0,0.0,0.0,0.0,5,461.0,463.0,10,462.5,453.0,453.0,453.0,10.0,4530.0,235
2023-05-09 21:50:47,SR311P7100,白糖2311沽7100,453.0,0.0,0.0,0.0,5,461.0,463.0,20,462.5,453.0,453.0,453.0,10.0,4530.0,235
2023-05-09 21:50:48,SR311P7100,白糖2311沽7100,453.0,0.0,0.0,0.0,5,461.0,463.0,10,462.5,453.0,453.0,453.0,10.0,4530.0,235
2023-05-09 21:50:54,SR311P7100,白糖2311沽7100,453.0,0.0,0.0,0.0,5,461.0,464.0,40,462.5,453.0,453.0,453.0,10.0,4530.0,235
2023-05-09 21:50:58,SR311P7100,白糖2311沽7100,453.0,0.0,0.0,0.0,5,461.0,463.5,10,462.5,453.0,453.0,453.0,10.0,4530.0,235
2023-05-09 21:51:06,SR311P7100,白糖2311沽7100,453.0,0.0,0.0,0.0,5,461.0,462.5,10,462.5,453.0,453.0,453.0,10.0,4530.0,235
2023-05-09 21:51:07,SR311P7100,白糖2311沽7100,453.0,0.0,0.0,0.0,10,460.0,462.5,10,462.5,453.0,453.0,453.0,10.0,4530.0,235
2023-05-09 21:51:08,SR311P7100,白糖2311沽7100,453.0,0.0,0.0,0.0,20,459.0,462.5,10,462.5,453.0,453.0,453.0,10.0,4530.0,235
2023-05-09 21:51:09,SR311P7100,白糖2311沽7100,453.0,0.0,0.0,0.0,10,459.5,462.5,10,462.5,453.0,453.0,453.0,10.0,4530.0,235
2023-05-09 21:51:09,SR311P7100,白糖2311沽7100,453.0,0.0,0.0,0.0,20,459.0,462.5,10,462.5,453.0,453.0,453.0,10.0,4530.0,235
2023-05-09 21:51:11,SR311P7100,白糖2311沽7100,453.0,0.0,0.0,0.0,10,459.0,462.5,10,462.5,453.0,453.0,453.0,10.0,4530.0,235
2023-05-09 21:51:18,SR311P7100,白糖2311沽7100,453.0,0.0,0.0,0.0,10,459.0,462.0,10,462.5,453.0,453.0,453.0,10.0,4530.0,235
2023-05-09 21:51:20,SR311P7100,白糖2311沽7100,453.0,0.0,0.0,0.0,10,459.0,462.0,20,462.5,453.0,453.0,453.0,10.0,4530.0,235
2023-05-09 21:51:20,SR311P7100,白糖2311沽7100,453.0,0.0,0.0,0.0,5,458.5,462.0,30,462.5,453.0,453.0,453.0,10.0,4530.0,235
2023-05-09 21:51:23,SR311P7100,白糖2311沽7100,453.0,0.0,0.0,0.0,5,458.5,462.0,10,462.5,453.0,453.0,453.0,10.0,4530.0,235
2023-05-09 21:51:24,SR311P7100,白糖2311沽7100,453.0,0.0,0.0,0.0,5,458.5,462.5,30,462.5,453.0,453.0,453.0,10.0,4530.0,235
2023-05-09 21:51:30,SR311P7100,白糖2311沽7100,453.0,0.0,0.0,0.0,15,458.5,462.5,30,462.5,453.0,453.0,453.0,10.0,4530.0,235
2023-05-09 21:51:31,SR311P7100,白糖2311沽7100,453.0,0.0,0.0,0.0,15,458.5,462.5,10,462.5,453.0,453.0,453.0,10.0,4530.0,235
2023-05-09 21:51:49,SR311P7100,白糖2311沽7100,453.0,0.0,0.0,0.0,15,458.5,462.5,20,462.5,453.0,453.0,453.0,10.0,4530.0,235
2023-05-09 21:51:55,SR311P7100,白糖2311沽7100,453.0,0.0,0.0,0.0,15,458.5,462.5,10,462.5,453.0,453.0,453.0,10.0,4530.0,235
2023-05-09 21:52:08,SR311P7100,白糖2311沽7100,462.5,10.0,4630.0,0.0,25,459.5,463.5,20,462.5,453.0,462.5,453.0,20.0,9160.0,235
2023-05-09 21:52:08,SR311P7100,白糖2311沽7100,462.5,0.0,0.0,0.0,10,460.5,463.5,10,462.5,453.0,462.5,453.0,20.0,9160.0,235
2023-05-09 21:52:09,SR311P7100,白糖2311沽7100,462.5,0.0,0.0,0.0,10,460.5,464.5,10,462.5,453.0,462.5,453.0,20.0,9160.0,235
2023-05-09 21:52:09,SR311P7100,白糖2311沽7100,462.5,0.0,0.0,0.0,25,461.0,465.5,10,462.5,453.0,462.5,453.0,20.0,9160.0,235
2023-05-09 21:52:10,SR311P7100,白糖2311沽7100,462.5,0.0,0.0,0.0,35,461.0,465.5,10,462.5,453.0,462.5,453.0,20.0,9160.0,235
2023-05-09 21:52:13,SR311P7100,白糖2311沽7100,462.5,0.0,0.0,0.0,10,461.5,466.0,10,462.5,453.0,462.5,453.0,20.0,9160.0,235
2023-05-09 21:52:13,SR311P7100,白糖2311沽7100,462.5,0.0,0.0,0.0,10,461.5,466.5,50,462.5,453.0,462.5,453.0,20.0,9160.0,235
2023-05-09 21:52:15,SR311P7100,白糖2311沽7100,462.5,0.0,0.0,0.0,10,462.5,466.5,20,462.5,453.0,462.5,453.0,20.0,9160.0,235
2023-05-09 21:52:16,SR311P7100,白糖2311沽7100,462.5,0.0,0.0,0.0,30,462.0,466.5,30,462.5,453.0,462.5,453.0,20.0,9160.0,235
2023-05-09 21:52:16,SR311P7100,白糖2311沽7100,462.5,0.0,0.0,0.0,20,462.0,466.5,30,462.5,453.0,462.5,453.0,20.0,9160.0,235
2023-05-09 21:52:18,SR311P7100,白糖2311沽7100,462.5,0.0,0.0,0.0,10,462.5,466.5,10,462.5,453.0,462.5,453.0,20.0,9160.0,235
2023-05-09 21:52:19,SR311P7100,白糖2311沽7100,462.5,0.0,0.0,0.0,10,462.5,467.0,15,462.5,453.0,462.5,453.0,20.0,9160.0,235
2023-05-09 21:52:19,SR311P7100,白糖2311沽7100,462.5,0.0,0.0,0.0,10,462.5,467.0,5,462.5,453.0,462.5,453.0,20.0,9160.0,235
2023-05-09 21:52:31,SR311P7100,白糖2311沽7100,462.5,0.0,0.0,0.0,10,462.5,467.0,15,462.5,453.0,462.5,453.0,20.0,9160.0,235
2023-05-09 21:52:31,SR311P7100,白糖2311沽7100,462.5,0.0,0.0,0.0,10,462.0,466.5,10,462.5,453.0,462.5,453.0,20.0,9160.0,235
2023-05-09 21:52:33,SR311P7100,白糖2311沽7100,462.5,0.0,0.0,0.0,10,462.0,466.5,20,462.5,453.0,462.5,453.0,20.0,9160.0,235
2023-05-09 21:52:34,SR311P7100,白糖2311沽7100,462.5,0.0,0.0,0.0,10,462.5,467.0,5,462.5,453.0,462.5,453.0,20.0,9160.0,235
2023-05-09 21:52:37,SR311P7100,白糖2311沽7100,462.5,0.0,0.0,0.0,20,462.5,467.0,5,462.5,453.0,462.5,453.0,20.0,9160.0,235
2023-05-09 21:52:47,SR311P7100,白糖2311沽7100,462.5,0.0,0.0,0.0,10,462.5,467.0,5,462.5,453.0,462.5,453.0,20.0,9160.0,235
2023-05-09 21:52:55,SR311P7100,白糖2311沽7100,462.5,0.0,0.0,0.0,25,462.5,467.0,5,462.5,453.0,462.5,453.0,20.0,9160.0,235
2023-05-09 21:52:59,SR311P7100,白糖2311沽7100,462.5,0.0,0.0,0.0,10,463.5,467.0,5,462.5,453.0,462.5,453.0,20.0,9160.0,235
2023-05-09 21:53:08,SR311P7100,白糖2311沽7100,462.5,0.0,0.0,0.0,20,463.5,468.0,40,462.5,453.0,462.5,453.0,20.0,9160.0,235
