time,symbol_id,symbol_name,last,trade_volume,trade_amount,open_interest_change,bv1,bp1,ap1,av1,yesterday_close,today_open,today_high,today_low,volume,amount,open_interest
2023-05-09 19:10:58,SR401C6700,SR401C6700,328.0,0.0,0.0,0.0,0,0.0,0.0,0,328.0,317.5,0.0,0.0,0.0,0.0,285
2023-05-09 20:59:00,SR401C6700,SR401C6700,328.0,0.0,0.0,0.0,1,39.5,0.0,0,328.0,317.5,0.0,0.0,0.0,0.0,285
2023-05-09 21:00:01,SR401C6700,SR401C6700,328.0,0.0,0.0,0.0,2,180.0,448.5,2,328.0,317.5,0.0,0.0,0.0,0.0,285
2023-05-09 21:00:05,SR401C6700,SR401C6700,328.0,0.0,0.0,0.0,10,180.5,448.0,10,328.0,317.5,0.0,0.0,0.0,0.0,285
2023-05-09 21:00:05,SR401C6700,SR401C6700,328.0,0.0,0.0,0.0,2,215.0,413.5,2,328.0,317.5,0.0,0.0,0.0,0.0,285
2023-05-09 21:00:06,SR401C6700,SR401C6700,328.0,0.0,0.0,0.0,10,215.5,413.5,2,328.0,317.5,0.0,0.0,0.0,0.0,285
2023-05-09 21:00:06,SR401C6700,SR401C6700,328.0,0.0,0.0,0.0,2,250.0,413.5,2,328.0,317.5,0.0,0.0,0.0,0.0,285
2023-05-09 21:00:06,SR401C6700,SR401C6700,328.0,0.0,0.0,0.0,10,215.5,413.5,2,328.0,317.5,0.0,0.0,0.0,0.0,285
2023-05-09 21:00:06,SR401C6700,SR401C6700,328.0,0.0,0.0,0.0,2,250.0,413.5,2,328.0,317.5,0.0,0.0,0.0,0.0,285
2023-05-09 21:00:13,SR401C6700,SR401C6700,328.0,0.0,0.0,0.0,2,179.5,413.5,2,328.0,317.5,0.0,0.0,0.0,0.0,285
2023-05-09 21:00:13,SR401C6700,SR401C6700,328.0,0.0,0.0,0.0,2,214.5,413.5,2,328.0,317.5,0.0,0.0,0.0,0.0,285
2023-05-09 21:00:14,SR401C6700,SR401C6700,328.0,0.0,0.0,0.0,10,215.0,413.5,2,328.0,317.5,0.0,0.0,0.0,0.0,285
2023-05-09 21:00:14,SR401C6700,SR401C6700,328.0,0.0,0.0,0.0,2,249.5,413.5,2,328.0,317.5,0.0,0.0,0.0,0.0,285
2023-05-09 21:00:15,SR401C6700,SR401C6700,328.0,0.0,0.0,0.0,2,278.0,413.5,2,328.0,317.5,0.0,0.0,0.0,0.0,285
2023-05-09 21:00:22,SR401C6700,SR401C6700,328.0,0.0,0.0,0.0,2,180.0,413.5,2,328.0,317.5,0.0,0.0,0.0,0.0,285
2023-05-09 21:00:22,SR401C6700,SR401C6700,328.0,0.0,0.0,0.0,2,215.0,413.5,2,328.0,317.5,0.0,0.0,0.0,0.0,285
2023-05-09 21:00:23,SR401C6700,SR401C6700,328.0,0.0,0.0,0.0,10,215.5,413.5,2,328.0,317.5,0.0,0.0,0.0,0.0,285
2023-05-09 21:00:23,SR401C6700,SR401C6700,328.0,0.0,0.0,0.0,2,250.0,413.5,2,328.0,317.5,0.0,0.0,0.0,0.0,285
2023-05-09 21:00:24,SR401C6700,SR401C6700,328.0,0.0,0.0,0.0,2,277.5,413.5,2,328.0,317.5,0.0,0.0,0.0,0.0,285
2023-05-09 21:00:30,SR401C6700,SR401C6700,328.0,0.0,0.0,0.0,2,180.5,413.5,2,328.0,317.5,0.0,0.0,0.0,0.0,285
2023-05-09 21:00:30,SR401C6700,SR401C6700,328.0,0.0,0.0,0.0,2,215.5,413.5,2,328.0,317.5,0.0,0.0,0.0,0.0,285
2023-05-09 21:00:30,SR401C6700,SR401C6700,328.0,0.0,0.0,0.0,10,216.0,413.5,2,328.0,317.5,0.0,0.0,0.0,0.0,285
2023-05-09 21:00:31,SR401C6700,SR401C6700,328.0,0.0,0.0,0.0,2,250.5,413.5,2,328.0,317.5,0.0,0.0,0.0,0.0,285
2023-05-09 21:00:31,SR401C6700,SR401C6700,328.0,0.0,0.0,0.0,2,278.5,413.5,2,328.0,317.5,0.0,0.0,0.0,0.0,285
2023-05-09 21:00:38,SR401C6700,SR401C6700,328.0,0.0,0.0,0.0,2,177.5,413.5,2,328.0,317.5,0.0,0.0,0.0,0.0,285
2023-05-09 21:00:38,SR401C6700,SR401C6700,328.0,0.0,0.0,0.0,2,212.5,413.5,2,328.0,317.5,0.0,0.0,0.0,0.0,285
2023-05-09 21:00:39,SR401C6700,SR401C6700,328.0,0.0,0.0,0.0,10,213.0,413.5,2,328.0,317.5,0.0,0.0,0.0,0.0,285
2023-05-09 21:00:39,SR401C6700,SR401C6700,328.0,0.0,0.0,0.0,2,247.5,413.5,2,328.0,317.5,0.0,0.0,0.0,0.0,285
2023-05-09 21:00:40,SR401C6700,SR401C6700,328.0,0.0,0.0,0.0,2,275.5,413.5,2,328.0,317.5,0.0,0.0,0.0,0.0,285
2023-05-09 21:00:48,SR401C6700,SR401C6700,328.0,0.0,0.0,0.0,2,175.0,413.5,2,328.0,317.5,0.0,0.0,0.0,0.0,285
2023-05-09 21:00:49,SR401C6700,SR401C6700,328.0,0.0,0.0,0.0,2,210.0,413.5,2,328.0,317.5,0.0,0.0,0.0,0.0,285
2023-05-09 21:00:49,SR401C6700,SR401C6700,328.0,0.0,0.0,0.0,10,210.5,413.5,2,328.0,317.5,0.0,0.0,0.0,0.0,285
2023-05-09 21:00:50,SR401C6700,SR401C6700,328.0,0.0,0.0,0.0,2,245.0,413.5,2,328.0,317.5,0.0,0.0,0.0,0.0,285
2023-05-09 21:00:50,SR401C6700,SR401C6700,328.0,0.0,0.0,0.0,2,272.5,413.5,2,328.0,317.5,0.0,0.0,0.0,0.0,285
2023-05-09 21:01:00,SR401C6700,SR401C6700,328.0,0.0,0.0,0.0,2,176.0,413.5,2,328.0,317.5,0.0,0.0,0.0,0.0,285
2023-05-09 21:01:00,SR401C6700,SR401C6700,328.0,0.0,0.0,0.0,2,211.0,413.5,2,328.0,317.5,0.0,0.0,0.0,0.0,285
2023-05-09 21:01:00,SR401C6700,SR401C6700,328.0,0.0,0.0,0.0,10,211.5,413.5,2,328.0,317.5,0.0,0.0,0.0,0.0,285
2023-05-09 21:01:01,SR401C6700,SR401C6700,328.0,0.0,0.0,0.0,2,246.0,413.5,2,328.0,317.5,0.0,0.0,0.0,0.0,285
2023-05-09 21:01:01,SR401C6700,SR401C6700,328.0,0.0,0.0,0.0,2,274.0,413.5,2,328.0,317.5,0.0,0.0,0.0,0.0,285
2023-05-09 21:01:07,SR401C6700,SR401C6700,328.0,0.0,0.0,0.0,2,172.5,413.5,2,328.0,317.5,0.0,0.0,0.0,0.0,285
2023-05-09 21:01:07,SR401C6700,SR401C6700,328.0,0.0,0.0,0.0,2,207.5,413.5,2,328.0,317.5,0.0,0.0,0.0,0.0,285
2023-05-09 21:01:08,SR401C6700,SR401C6700,328.0,0.0,0.0,0.0,10,208.0,413.5,2,328.0,317.5,0.0,0.0,0.0,0.0,285
2023-05-09 21:01:09,SR401C6700,SR401C6700,328.0,0.0,0.0,0.0,2,265.5,413.5,2,328.0,317.5,0.0,0.0,0.0,0.0,285
2023-05-09 21:01:10,SR401C6700,SR401C6700,328.0,0.0,0.0,0.0,5,302.5,313.5,5,328.0,317.5,0.0,0.0,0.0,0.0,285
2023-05-09 21:01:28,SR401C6700,SR401C6700,328.0,0.0,0.0,0.0,5,302.5,310.5,5,328.0,317.5,0.0,0.0,0.0,0.0,285
2023-05-09 21:01:32,SR401C6700,SR401C6700,328.0,0.0,0.0,0.0,5,302.5,313.5,5,328.0,317.5,0.0,0.0,0.0,0.0,285
2023-05-09 21:02:19,SR401C6700,SR401C6700,328.0,0.0,0.0,0.0,5,302.5,311.0,5,328.0,317.5,0.0,0.0,0.0,0.0,285
2023-05-09 21:04:13,SR401C6700,SR401C6700,328.0,0.0,0.0,0.0,5,305.0,313.5,5,328.0,317.5,0.0,0.0,0.0,0.0,285
2023-05-09 21:06:32,SR401C6700,SR401C6700,328.0,0.0,0.0,0.0,5,305.0,311.5,5,328.0,317.5,0.0,0.0,0.0,0.0,285
2023-05-09 21:07:02,SR401C6700,SR401C6700,328.0,0.0,0.0,0.0,5,302.5,311.5,5,328.0,317.5,0.0,0.0,0.0,0.0,285
2023-05-09 21:07:18,SR401C6700,SR401C6700,328.0,0.0,0.0,0.0,5,302.5,309.5,5,328.0,317.5,0.0,0.0,0.0,0.0,285
2023-05-09 21:07:30,SR401C6700,SR401C6700,328.0,0.0,0.0,0.0,5,299.5,309.5,5,328.0,317.5,0.0,0.0,0.0,0.0,285
2023-05-09 21:07:46,SR401C6700,SR401C6700,328.0,0.0,0.0,0.0,5,302.0,309.5,5,328.0,317.5,0.0,0.0,0.0,0.0,285
2023-05-09 21:08:00,SR401C6700,SR401C6700,328.0,0.0,0.0,0.0,5,302.0,311.5,5,328.0,317.5,0.0,0.0,0.0,0.0,285
2023-05-09 21:08:01,SR401C6700,SR401C6700,328.0,0.0,0.0,0.0,5,304.5,311.5,5,328.0,317.5,0.0,0.0,0.0,0.0,285
2023-05-09 21:12:34,SR401C6700,SR401C6700,328.0,0.0,0.0,0.0,5,306.5,314.0,5,328.0,317.5,0.0,0.0,0.0,0.0,285
2023-05-09 21:12:42,SR401C6700,SR401C6700,328.0,0.0,0.0,0.0,5,308.5,314.0,5,328.0,317.5,0.0,0.0,0.0,0.0,285
2023-05-09 21:12:47,SR401C6700,SR401C6700,328.0,0.0,0.0,0.0,5,308.5,316.5,5,328.0,317.5,0.0,0.0,0.0,0.0,285
2023-05-09 21:12:56,SR401C6700,SR401C6700,328.0,0.0,0.0,0.0,5,310.5,316.5,5,328.0,317.5,0.0,0.0,0.0,0.0,285
2023-05-09 21:12:58,SR401C6700,SR401C6700,328.0,0.0,0.0,0.0,5,310.5,319.5,5,328.0,317.5,0.0,0.0,0.0,0.0,285
2023-05-09 21:13:05,SR401C6700,SR401C6700,328.0,0.0,0.0,0.0,5,310.5,317.5,5,328.0,317.5,0.0,0.0,0.0,0.0,285
2023-05-09 21:14:30,SR401C6700,SR401C6700,317.5,5.0,1587.5,5.0,5,317.5,319.5,5,328.0,317.5,317.5,317.5,5.0,1587.5,290
2023-05-09 21:14:35,SR401C6700,SR401C6700,317.5,5.0,1587.5,5.0,5,310.5,319.5,5,328.0,317.5,317.5,317.5,10.0,3175.0,295
2023-05-09 21:14:35,SR401C6700,SR401C6700,317.5,0.0,0.0,0.0,5,312.5,319.5,5,328.0,317.5,317.5,317.5,10.0,3175.0,295
2023-05-09 21:16:07,SR401C6700,SR401C6700,317.5,0.0,0.0,0.0,5,312.5,318.0,5,328.0,317.5,317.5,317.5,10.0,3175.0,295
2023-05-09 21:16:21,SR401C6700,SR401C6700,317.5,0.0,0.0,0.0,5,310.5,316.5,5,328.0,317.5,317.5,317.5,10.0,3175.0,295
2023-05-09 21:16:51,SR401C6700,SR401C6700,316.5,3.0,952.5,3.0,5,310.5,316.5,2,328.0,317.5,317.5,316.5,13.0,4127.5,298
2023-05-09 21:17:03,SR401C6700,SR401C6700,316.5,0.0,0.0,0.0,5,308.0,315.0,5,328.0,317.5,317.5,316.5,13.0,4127.5,298
2023-05-09 21:17:09,SR401C6700,SR401C6700,316.5,0.0,0.0,0.0,5,309.5,315.0,5,328.0,317.5,317.5,316.5,13.0,4127.5,298
2023-05-09 21:18:09,SR401C6700,SR401C6700,316.5,0.0,0.0,0.0,5,309.5,316.5,2,328.0,317.5,317.5,316.5,13.0,4127.5,298
2023-05-09 21:19:03,SR401C6700,SR401C6700,316.5,0.0,0.0,0.0,5,309.5,315.0,5,328.0,317.5,317.5,316.5,13.0,4127.5,298
2023-05-09 21:19:09,SR401C6700,SR401C6700,316.5,0.0,0.0,0.0,5,308.0,315.0,5,328.0,317.5,317.5,316.5,13.0,4127.5,298
2023-05-09 21:20:05,SR401C6700,SR401C6700,316.5,0.0,0.0,0.0,5,308.0,313.5,5,328.0,317.5,317.5,316.5,13.0,4127.5,298
2023-05-09 21:20:31,SR401C6700,SR401C6700,316.5,0.0,0.0,0.0,5,308.0,315.0,5,328.0,317.5,317.5,316.5,13.0,4127.5,298
2023-05-09 21:21:39,SR401C6700,SR401C6700,316.5,0.0,0.0,0.0,5,309.5,315.0,5,328.0,317.5,317.5,316.5,13.0,4127.5,298
2023-05-09 21:22:24,SR401C6700,SR401C6700,316.5,0.0,0.0,0.0,5,309.5,317.5,5,328.0,317.5,317.5,316.5,13.0,4127.5,298
2023-05-09 21:24:46,SR401C6700,SR401C6700,316.5,0.0,0.0,0.0,5,309.5,315.5,5,328.0,317.5,317.5,316.5,13.0,4127.5,298
2023-05-09 21:25:48,SR401C6700,SR401C6700,316.5,0.0,0.0,0.0,5,309.5,317.5,5,328.0,317.5,317.5,316.5,13.0,4127.5,298
2023-05-09 21:25:57,SR401C6700,SR401C6700,316.5,0.0,0.0,0.0,5,311.0,317.5,5,328.0,317.5,317.5,316.5,13.0,4127.5,298
2023-05-09 21:27:58,SR401C6700,SR401C6700,316.5,0.0,0.0,0.0,5,311.0,316.0,5,328.0,317.5,317.5,316.5,13.0,4127.5,298
2023-05-09 21:29:57,SR401C6700,SR401C6700,316.5,0.0,0.0,0.0,5,309.5,316.0,5,328.0,317.5,317.5,316.5,13.0,4127.5,298
2023-05-09 21:30:07,SR401C6700,SR401C6700,316.5,0.0,0.0,0.0,5,309.5,314.5,5,328.0,317.5,317.5,316.5,13.0,4127.5,298
2023-05-09 21:30:09,SR401C6700,SR401C6700,316.5,0.0,0.0,0.0,5,307.0,314.5,5,328.0,317.5,317.5,316.5,13.0,4127.5,298
2023-05-09 21:30:19,SR401C6700,SR401C6700,316.5,0.0,0.0,0.0,5,307.0,313.0,5,328.0,317.5,317.5,316.5,13.0,4127.5,298
2023-05-09 21:30:26,SR401C6700,SR401C6700,316.5,0.0,0.0,0.0,5,304.5,311.5,5,328.0,317.5,317.5,316.5,13.0,4127.5,298
2023-05-09 21:30:39,SR401C6700,SR401C6700,316.5,0.0,0.0,0.0,5,304.5,310.0,5,328.0,317.5,317.5,316.5,13.0,4127.5,298
2023-05-09 21:30:50,SR401C6700,SR401C6700,316.5,0.0,0.0,0.0,5,302.0,310.0,5,328.0,317.5,317.5,316.5,13.0,4127.5,298
2023-05-09 21:31:07,SR401C6700,SR401C6700,316.5,0.0,0.0,0.0,5,302.0,308.5,5,328.0,317.5,317.5,316.5,13.0,4127.5,298
2023-05-09 21:31:31,SR401C6700,SR401C6700,316.5,0.0,0.0,0.0,5,304.0,308.5,5,328.0,317.5,317.5,316.5,13.0,4127.5,298
2023-05-09 21:31:33,SR401C6700,SR401C6700,316.5,0.0,0.0,0.0,5,304.0,310.0,5,328.0,317.5,317.5,316.5,13.0,4127.5,298
2023-05-09 21:33:52,SR401C6700,SR401C6700,316.5,0.0,0.0,0.0,5,304.0,312.5,5,328.0,317.5,317.5,316.5,13.0,4127.5,298
2023-05-09 21:33:54,SR401C6700,SR401C6700,316.5,0.0,0.0,0.0,5,305.5,312.5,5,328.0,317.5,317.5,316.5,13.0,4127.5,298
2023-05-09 21:35:34,SR401C6700,SR401C6700,316.5,0.0,0.0,0.0,5,305.5,311.0,5,328.0,317.5,317.5,316.5,13.0,4127.5,298
2023-05-09 21:35:52,SR401C6700,SR401C6700,316.5,0.0,0.0,0.0,5,304.0,311.0,5,328.0,317.5,317.5,316.5,13.0,4127.5,298
2023-05-09 21:35:56,SR401C6700,SR401C6700,316.5,0.0,0.0,0.0,5,304.0,309.5,5,328.0,317.5,317.5,316.5,13.0,4127.5,298
2023-05-09 21:37:01,SR401C6700,SR401C6700,316.5,0.0,0.0,0.0,5,304.0,311.0,5,328.0,317.5,317.5,316.5,13.0,4127.5,298
2023-05-09 21:37:58,SR401C6700,SR401C6700,316.5,0.0,0.0,0.0,5,305.5,311.0,5,328.0,317.5,317.5,316.5,13.0,4127.5,298
2023-05-09 21:38:26,SR401C6700,SR401C6700,316.5,0.0,0.0,0.0,5,304.0,311.0,5,328.0,317.5,317.5,316.5,13.0,4127.5,298
2023-05-09 21:39:30,SR401C6700,SR401C6700,316.5,0.0,0.0,0.0,5,304.0,309.5,5,328.0,317.5,317.5,316.5,13.0,4127.5,298
2023-05-09 21:41:25,SR401C6700,SR401C6700,316.5,0.0,0.0,0.0,5,301.5,309.5,5,328.0,317.5,317.5,316.5,13.0,4127.5,298
2023-05-09 21:41:27,SR401C6700,SR401C6700,316.5,0.0,0.0,0.0,5,301.5,308.0,5,328.0,317.5,317.5,316.5,13.0,4127.5,298
2023-05-09 21:42:43,SR401C6700,SR401C6700,316.5,0.0,0.0,0.0,5,303.0,308.0,5,328.0,317.5,317.5,316.5,13.0,4127.5,298
2023-05-09 21:42:51,SR401C6700,SR401C6700,316.5,0.0,0.0,0.0,5,303.0,309.5,5,328.0,317.5,317.5,316.5,13.0,4127.5,298
2023-05-09 21:43:02,SR401C6700,SR401C6700,316.5,0.0,0.0,0.0,5,304.5,309.5,5,328.0,317.5,317.5,316.5,13.0,4127.5,298
2023-05-09 21:43:32,SR401C6700,SR401C6700,316.5,0.0,0.0,0.0,5,303.0,309.5,5,328.0,317.5,317.5,316.5,13.0,4127.5,298
2023-05-09 21:47:05,SR401C6700,SR401C6700,316.5,0.0,0.0,0.0,5,303.0,308.0,5,328.0,317.5,317.5,316.5,13.0,4127.5,298
2023-05-09 21:47:06,SR401C6700,SR401C6700,316.5,0.0,0.0,0.0,5,300.5,308.0,5,328.0,317.5,317.5,316.5,13.0,4127.5,298
2023-05-09 21:48:41,SR401C6700,SR401C6700,316.5,0.0,0.0,0.0,5,302.0,308.0,5,328.0,317.5,317.5,316.5,13.0,4127.5,298
2023-05-09 21:49:05,SR401C6700,SR401C6700,308.0,1.0,303.5,1.0,5,302.0,308.0,4,328.0,317.5,317.5,308.0,14.0,4431.0,299
2023-05-09 21:50:36,SR401C6700,SR401C6700,308.0,0.0,0.0,0.0,5,303.5,309.5,5,328.0,317.5,317.5,308.0,14.0,4431.0,299
2023-05-09 21:51:15,SR401C6700,SR401C6700,309.5,1.0,309.0,1.0,5,303.5,309.5,4,328.0,317.5,317.5,308.0,15.0,4740.0,300
2023-05-09 21:51:18,SR401C6700,SR401C6700,309.5,0.0,0.0,0.0,5,305.5,312.5,5,328.0,317.5,317.5,308.0,15.0,4740.0,300
2023-05-09 21:52:08,SR401C6700,SR401C6700,309.5,0.0,0.0,0.0,5,303.5,311.0,5,328.0,317.5,317.5,308.0,15.0,4740.0,300
2023-05-09 21:52:13,SR401C6700,SR401C6700,309.5,0.0,0.0,0.0,5,303.5,309.5,5,328.0,317.5,317.5,308.0,15.0,4740.0,300
2023-05-09 21:53:07,SR401C6700,SR401C6700,309.5,0.0,0.0,0.0,5,301.0,308.0,5,328.0,317.5,317.5,308.0,15.0,4740.0,300
2023-05-09 21:53:52,SR401C6700,SR401C6700,309.5,0.0,0.0,0.0,5,302.5,308.0,5,328.0,317.5,317.5,308.0,15.0,4740.0,300
2023-05-09 21:54:09,SR401C6700,SR401C6700,309.5,0.0,0.0,0.0,5,302.5,309.5,5,328.0,317.5,317.5,308.0,15.0,4740.0,300
2023-05-09 21:54:13,SR401C6700,SR401C6700,309.5,0.0,0.0,0.0,5,304.5,309.5,5,328.0,317.5,317.5,308.0,15.0,4740.0,300
2023-05-09 21:54:26,SR401C6700,SR401C6700,309.5,0.0,0.0,0.0,5,302.5,309.5,5,328.0,317.5,317.5,308.0,15.0,4740.0,300
2023-05-09 21:55:55,SR401C6700,SR401C6700,309.5,0.0,0.0,0.0,5,304.0,309.5,5,328.0,317.5,317.5,308.0,15.0,4740.0,300
2023-05-09 21:58:07,SR401C6700,SR401C6700,309.5,0.0,0.0,0.0,5,304.0,312.0,5,328.0,317.5,317.5,308.0,15.0,4740.0,300
2023-05-09 21:59:49,SR401C6700,SR401C6700,309.5,0.0,0.0,0.0,5,306.0,312.0,5,328.0,317.5,317.5,308.0,15.0,4740.0,300
2023-05-09 22:01:44,SR401C6700,SR401C6700,309.5,0.0,0.0,0.0,5,304.0,310.5,5,328.0,317.5,317.5,308.0,15.0,4740.0,300
2023-05-09 22:02:06,SR401C6700,SR401C6700,309.5,0.0,0.0,0.0,5,304.0,309.0,5,328.0,317.5,317.5,308.0,15.0,4740.0,300
2023-05-09 22:03:02,SR401C6700,SR401C6700,309.5,0.0,0.0,0.0,5,301.5,309.0,5,328.0,317.5,317.5,308.0,15.0,4740.0,300
2023-05-09 22:03:37,SR401C6700,SR401C6700,309.5,0.0,0.0,0.0,5,301.5,307.5,5,328.0,317.5,317.5,308.0,15.0,4740.0,300
2023-05-09 22:03:44,SR401C6700,SR401C6700,309.5,0.0,0.0,0.0,5,299.0,306.0,5,328.0,317.5,317.5,308.0,15.0,4740.0,300
2023-05-09 22:03:49,SR401C6700,SR401C6700,309.5,0.0,0.0,0.0,5,299.0,304.5,5,328.0,317.5,317.5,308.0,15.0,4740.0,300
2023-05-09 22:03:52,SR401C6700,SR401C6700,309.5,0.0,0.0,0.0,5,296.5,304.5,5,328.0,317.5,317.5,308.0,15.0,4740.0,300
2023-05-09 22:03:52,SR401C6700,SR401C6700,309.5,0.0,0.0,0.0,5,296.5,303.0,5,328.0,317.5,317.5,308.0,15.0,4740.0,300
2023-05-09 22:04:09,SR401C6700,SR401C6700,309.5,0.0,0.0,0.0,5,298.0,303.0,5,328.0,317.5,317.5,308.0,15.0,4740.0,300
2023-05-09 22:04:09,SR401C6700,SR401C6700,309.5,0.0,0.0,0.0,5,298.0,304.5,5,328.0,317.5,317.5,308.0,15.0,4740.0,300
2023-05-09 22:04:20,SR401C6700,SR401C6700,309.5,0.0,0.0,0.0,5,298.0,303.0,5,328.0,317.5,317.5,308.0,15.0,4740.0,300
2023-05-09 22:04:54,SR401C6700,SR401C6700,309.5,0.0,0.0,0.0,5,296.5,303.0,5,328.0,317.5,317.5,308.0,15.0,4740.0,300
2023-05-09 22:05:24,SR401C6700,SR401C6700,309.5,0.0,0.0,0.0,5,298.0,303.0,5,328.0,317.5,317.5,308.0,15.0,4740.0,300
2023-05-09 22:05:35,SR401C6700,SR401C6700,309.5,0.0,0.0,0.0,5,298.0,304.5,5,328.0,317.5,317.5,308.0,15.0,4740.0,300
2023-05-09 22:05:38,SR401C6700,SR401C6700,309.5,0.0,0.0,0.0,5,299.5,307.0,5,328.0,317.5,317.5,308.0,15.0,4740.0,300
2023-05-09 22:05:45,SR401C6700,SR401C6700,309.5,0.0,0.0,0.0,5,299.5,305.5,5,328.0,317.5,317.5,308.0,15.0,4740.0,300
2023-05-09 22:07:38,SR401C6700,SR401C6700,309.5,0.0,0.0,0.0,5,301.0,307.0,5,328.0,317.5,317.5,308.0,15.0,4740.0,300
2023-05-09 22:08:07,SR401C6700,SR401C6700,309.5,0.0,0.0,0.0,5,299.5,305.5,5,328.0,317.5,317.5,308.0,15.0,4740.0,300
2023-05-09 22:09:08,SR401C6700,SR401C6700,309.5,0.0,0.0,0.0,5,301.0,307.0,5,328.0,317.5,317.5,308.0,15.0,4740.0,300
2023-05-09 22:09:51,SR401C6700,SR401C6700,309.5,0.0,0.0,0.0,5,302.5,309.5,5,328.0,317.5,317.5,308.0,15.0,4740.0,300
2023-05-09 22:10:02,SR401C6700,SR401C6700,309.5,0.0,0.0,0.0,5,302.5,308.0,5,328.0,317.5,317.5,308.0,15.0,4740.0,300
2023-05-09 22:10:11,SR401C6700,SR401C6700,309.5,0.0,0.0,0.0,5,301.0,306.5,5,328.0,317.5,317.5,308.0,15.0,4740.0,300
2023-05-09 22:10:13,SR401C6700,SR401C6700,309.5,0.0,0.0,0.0,5,298.5,306.5,5,328.0,317.5,317.5,308.0,15.0,4740.0,300
2023-05-09 22:10:29,SR401C6700,SR401C6700,309.5,0.0,0.0,0.0,5,298.5,304.5,5,328.0,317.5,317.5,308.0,15.0,4740.0,300
2023-05-09 22:11:08,SR401C6700,SR401C6700,309.5,0.0,0.0,0.0,5,300.5,306.5,5,328.0,317.5,317.5,308.0,15.0,4740.0,300
2023-05-09 22:12:18,SR401C6700,SR401C6700,309.5,0.0,0.0,0.0,5,298.5,305.0,5,328.0,317.5,317.5,308.0,15.0,4740.0,300
2023-05-09 22:12:37,SR401C6700,SR401C6700,309.5,0.0,0.0,0.0,5,300.0,305.0,5,328.0,317.5,317.5,308.0,15.0,4740.0,300
2023-05-09 22:12:38,SR401C6700,SR401C6700,309.5,0.0,0.0,0.0,5,300.0,306.5,5,328.0,317.5,317.5,308.0,15.0,4740.0,300
2023-05-09 22:13:07,SR401C6700,SR401C6700,309.5,0.0,0.0,0.0,5,300.0,305.0,5,328.0,317.5,317.5,308.0,15.0,4740.0,300
2023-05-09 22:13:51,SR401C6700,SR401C6700,309.5,0.0,0.0,0.0,5,298.5,305.0,5,328.0,317.5,317.5,308.0,15.0,4740.0,300
2023-05-09 22:15:19,SR401C6700,SR401C6700,309.5,0.0,0.0,0.0,5,298.5,303.5,5,328.0,317.5,317.5,308.0,15.0,4740.0,300
2023-05-09 22:16:03,SR401C6700,SR401C6700,309.5,0.0,0.0,0.0,5,296.0,303.5,5,328.0,317.5,317.5,308.0,15.0,4740.0,300
2023-05-09 22:16:24,SR401C6700,SR401C6700,309.5,0.0,0.0,0.0,5,296.0,302.0,5,328.0,317.5,317.5,308.0,15.0,4740.0,300
2023-05-09 22:17:55,SR401C6700,SR401C6700,309.5,0.0,0.0,0.0,5,296.0,300.5,5,328.0,317.5,317.5,308.0,15.0,4740.0,300
2023-05-09 22:19:08,SR401C6700,SR401C6700,309.5,0.0,0.0,0.0,5,293.5,300.5,5,328.0,317.5,317.5,308.0,15.0,4740.0,300
2023-05-09 22:19:37,SR401C6700,SR401C6700,309.5,0.0,0.0,0.0,5,293.5,299.0,5,328.0,317.5,317.5,308.0,15.0,4740.0,300
2023-05-09 22:19:57,SR401C6700,SR401C6700,309.5,0.0,0.0,0.0,5,291.0,299.0,5,328.0,317.5,317.5,308.0,15.0,4740.0,300
2023-05-09 22:20:00,SR401C6700,SR401C6700,309.5,0.0,0.0,0.0,5,291.0,297.5,5,328.0,317.5,317.5,308.0,15.0,4740.0,300
2023-05-09 22:20:38,SR401C6700,SR401C6700,309.5,0.0,0.0,0.0,5,292.5,297.5,5,328.0,317.5,317.5,308.0,15.0,4740.0,300
2023-05-09 22:20:42,SR401C6700,SR401C6700,309.5,0.0,0.0,0.0,5,292.5,299.0,5,328.0,317.5,317.5,308.0,15.0,4740.0,300
2023-05-09 22:22:26,SR401C6700,SR401C6700,309.5,0.0,0.0,0.0,5,292.5,297.5,5,328.0,317.5,317.5,308.0,15.0,4740.0,300
2023-05-09 22:22:37,SR401C6700,SR401C6700,309.5,0.0,0.0,0.0,5,291.0,297.5,5,328.0,317.5,317.5,308.0,15.0,4740.0,300
2023-05-09 22:22:53,SR401C6700,SR401C6700,309.5,0.0,0.0,0.0,5,291.0,296.0,5,328.0,317.5,317.5,308.0,15.0,4740.0,300
2023-05-09 22:24:38,SR401C6700,SR401C6700,309.5,0.0,0.0,0.0,5,291.0,297.5,5,328.0,317.5,317.5,308.0,15.0,4740.0,300
2023-05-09 22:26:03,SR401C6700,SR401C6700,309.5,0.0,0.0,0.0,5,292.5,297.5,5,328.0,317.5,317.5,308.0,15.0,4740.0,300
2023-05-09 22:26:08,SR401C6700,SR401C6700,309.5,0.0,0.0,0.0,5,292.5,300.0,5,328.0,317.5,317.5,308.0,15.0,4740.0,300
2023-05-09 22:26:34,SR401C6700,SR401C6700,309.5,0.0,0.0,0.0,5,292.5,298.5,5,328.0,317.5,317.5,308.0,15.0,4740.0,300
2023-05-09 22:26:35,SR401C6700,SR401C6700,309.5,0.0,0.0,0.0,5,291.0,297.0,5,328.0,317.5,317.5,308.0,15.0,4740.0,300
2023-05-09 22:27:34,SR401C6700,SR401C6700,309.5,0.0,0.0,0.0,5,288.5,295.5,5,328.0,317.5,317.5,308.0,15.0,4740.0,300
2023-05-09 22:28:27,SR401C6700,SR401C6700,309.5,0.0,0.0,0.0,5,288.5,294.0,5,328.0,317.5,317.5,308.0,15.0,4740.0,300
2023-05-09 22:28:35,SR401C6700,SR401C6700,309.5,0.0,0.0,0.0,5,286.0,292.5,5,328.0,317.5,317.5,308.0,15.0,4740.0,300
2023-05-09 22:30:30,SR401C6700,SR401C6700,309.5,0.0,0.0,0.0,5,287.5,292.5,5,328.0,317.5,317.5,308.0,15.0,4740.0,300
2023-05-09 22:30:34,SR401C6700,SR401C6700,309.5,0.0,0.0,0.0,5,287.5,294.0,5,328.0,317.5,317.5,308.0,15.0,4740.0,300
2023-05-09 22:30:41,SR401C6700,SR401C6700,309.5,0.0,0.0,0.0,5,289.0,294.0,5,328.0,317.5,317.5,308.0,15.0,4740.0,300
2023-05-09 22:31:16,SR401C6700,SR401C6700,309.5,0.0,0.0,0.0,5,289.0,296.5,5,328.0,317.5,317.5,308.0,15.0,4740.0,300
2023-05-09 22:31:32,SR401C6700,SR401C6700,309.5,0.0,0.0,0.0,5,289.0,295.0,5,328.0,317.5,317.5,308.0,15.0,4740.0,300
2023-05-09 22:32:10,SR401C6700,SR401C6700,309.5,0.0,0.0,0.0,5,287.5,293.5,5,328.0,317.5,317.5,308.0,15.0,4740.0,300
2023-05-09 22:32:12,SR401C6700,SR401C6700,309.5,0.0,0.0,0.0,5,285.0,292.0,5,328.0,317.5,317.5,308.0,15.0,4740.0,300
2023-05-09 22:32:19,SR401C6700,SR401C6700,309.5,0.0,0.0,0.0,5,286.5,292.0,5,328.0,317.5,317.5,308.0,15.0,4740.0,300
2023-05-09 22:33:01,SR401C6700,SR401C6700,309.5,0.0,0.0,0.0,5,285.0,290.5,5,328.0,317.5,317.5,308.0,15.0,4740.0,300
2023-05-09 22:33:36,SR401C6700,SR401C6700,309.5,0.0,0.0,0.0,5,285.0,292.0,5,328.0,317.5,317.5,308.0,15.0,4740.0,300
2023-05-09 22:33:37,SR401C6700,SR401C6700,309.5,0.0,0.0,0.0,5,286.5,292.0,5,328.0,317.5,317.5,308.0,15.0,4740.0,300
2023-05-09 22:33:42,SR401C6700,SR401C6700,292.0,1.0,292.0,1.0,5,286.5,292.0,4,328.0,317.5,317.5,292.0,16.0,5032.0,301
2023-05-09 22:33:49,SR401C6700,SR401C6700,292.0,0.0,0.0,0.0,5,286.5,294.5,5,328.0,317.5,317.5,292.0,16.0,5032.0,301
2023-05-09 22:33:58,SR401C6700,SR401C6700,292.0,0.0,0.0,0.0,5,288.0,294.5,5,328.0,317.5,317.5,292.0,16.0,5032.0,301
2023-05-09 22:34:35,SR401C6700,SR401C6700,292.0,0.0,0.0,0.0,5,288.0,292.5,5,328.0,317.5,317.5,292.0,16.0,5032.0,301
2023-05-09 22:35:11,SR401C6700,SR401C6700,292.0,0.0,0.0,0.0,5,288.0,294.5,5,328.0,317.5,317.5,292.0,16.0,5032.0,301
2023-05-09 22:35:37,SR401C6700,SR401C6700,292.0,0.0,0.0,0.0,5,289.5,294.5,5,328.0,317.5,317.5,292.0,16.0,5032.0,301
2023-05-09 22:35:37,SR401C6700,SR401C6700,292.0,0.0,0.0,0.0,5,289.5,297.0,5,328.0,317.5,317.5,292.0,16.0,5032.0,301
2023-05-09 22:35:54,SR401C6700,SR401C6700,292.0,0.0,0.0,0.0,5,291.0,297.0,5,328.0,317.5,317.5,292.0,16.0,5032.0,301
2023-05-09 22:36:19,SR401C6700,SR401C6700,292.0,0.0,0.0,0.0,5,291.0,413.0,10,328.0,317.5,317.5,292.0,16.0,5032.0,301
2023-05-09 22:36:20,SR401C6700,SR401C6700,292.0,0.0,0.0,0.0,5,293.0,407.5,1,328.0,317.5,317.5,292.0,16.0,5032.0,301
2023-05-09 22:36:20,SR401C6700,SR401C6700,292.0,0.0,0.0,0.0,5,293.0,407.0,10,328.0,317.5,317.5,292.0,16.0,5032.0,301
2023-05-09 22:36:21,SR401C6700,SR401C6700,292.0,0.0,0.0,0.0,5,293.0,299.5,5,328.0,317.5,317.5,292.0,16.0,5032.0,301
2023-05-09 22:37:16,SR401C6700,SR401C6700,292.0,0.0,0.0,0.0,5,293.0,298.0,5,328.0,317.5,317.5,292.0,16.0,5032.0,301
2023-05-09 22:37:23,SR401C6700,SR401C6700,292.0,0.0,0.0,0.0,5,291.0,298.0,5,328.0,317.5,317.5,292.0,16.0,5032.0,301
2023-05-09 22:39:12,SR401C6700,SR401C6700,292.0,0.0,0.0,0.0,5,292.5,298.0,5,328.0,317.5,317.5,292.0,16.0,5032.0,301
2023-05-09 22:41:50,SR401C6700,SR401C6700,292.0,0.0,0.0,0.0,5,292.5,299.5,5,328.0,317.5,317.5,292.0,16.0,5032.0,301
2023-05-09 22:42:17,SR401C6700,SR401C6700,292.0,0.0,0.0,0.0,5,292.5,298.0,5,328.0,317.5,317.5,292.0,16.0,5032.0,301
2023-05-09 22:44:27,SR401C6700,SR401C6700,292.0,0.0,0.0,0.0,5,292.5,299.5,5,328.0,317.5,317.5,292.0,16.0,5032.0,301
2023-05-09 22:44:28,SR401C6700,SR401C6700,292.0,0.0,0.0,0.0,5,294.0,299.5,5,328.0,317.5,317.5,292.0,16.0,5032.0,301
2023-05-09 22:44:44,SR401C6700,SR401C6700,292.0,0.0,0.0,0.0,5,292.5,299.5,5,328.0,317.5,317.5,292.0,16.0,5032.0,301
2023-05-09 22:45:22,SR401C6700,SR401C6700,292.0,0.0,0.0,0.0,5,292.5,298.0,5,328.0,317.5,317.5,292.0,16.0,5032.0,301
2023-05-09 22:45:26,SR401C6700,SR401C6700,292.0,0.0,0.0,0.0,5,290.0,298.0,5,328.0,317.5,317.5,292.0,16.0,5032.0,301
2023-05-09 22:46:04,SR401C6700,SR401C6700,292.0,0.0,0.0,0.0,5,290.0,296.5,5,328.0,317.5,317.5,292.0,16.0,5032.0,301
2023-05-09 22:46:58,SR401C6700,SR401C6700,292.0,0.0,0.0,0.0,5,291.5,296.5,5,328.0,317.5,317.5,292.0,16.0,5032.0,301
2023-05-09 22:47:01,SR401C6700,SR401C6700,292.0,0.0,0.0,0.0,5,291.5,298.0,5,328.0,317.5,317.5,292.0,16.0,5032.0,301
2023-05-09 22:49:13,SR401C6700,SR401C6700,292.0,0.0,0.0,0.0,5,291.5,296.0,5,328.0,317.5,317.5,292.0,16.0,5032.0,301
2023-05-09 22:49:16,SR401C6700,SR401C6700,292.0,0.0,0.0,0.0,5,290.0,296.0,5,328.0,317.5,317.5,292.0,16.0,5032.0,301
2023-05-09 22:55:31,SR401C6700,SR401C6700,292.0,0.0,0.0,0.0,5,290.0,298.0,5,328.0,317.5,317.5,292.0,16.0,5032.0,301
2023-05-09 22:56:02,SR401C6700,SR401C6700,292.0,0.0,0.0,0.0,10,168.5,349.5,2,328.0,317.5,317.5,292.0,16.0,5032.0,301
2023-05-09 22:56:02,SR401C6700,SR401C6700,292.0,0.0,0.0,0.0,2,226.0,349.5,2,328.0,317.5,317.5,292.0,16.0,5032.0,301
2023-05-09 22:56:03,SR401C6700,SR401C6700,292.0,0.0,0.0,0.0,2,266.0,349.5,2,328.0,317.5,317.5,292.0,16.0,5032.0,301
2023-05-09 22:56:36,SR401C6700,SR401C6700,292.0,0.0,0.0,0.0,10,169.5,447.5,10,328.0,317.5,317.5,292.0,16.0,5032.0,301
2023-05-09 22:56:36,SR401C6700,SR401C6700,292.0,0.0,0.0,0.0,2,176.0,447.0,1,328.0,317.5,317.5,292.0,16.0,5032.0,301
2023-05-09 22:56:37,SR401C6700,SR401C6700,292.0,0.0,0.0,0.0,10,178.0,442.0,1,328.0,317.5,317.5,292.0,16.0,5032.0,301
2023-05-09 22:56:37,SR401C6700,SR401C6700,292.0,0.0,0.0,0.0,2,184.5,441.5,10,328.0,317.5,317.5,292.0,16.0,5032.0,301
2023-05-09 22:56:38,SR401C6700,SR401C6700,292.0,0.0,0.0,0.0,10,186.5,441.5,10,328.0,317.5,317.5,292.0,16.0,5032.0,301
2023-05-09 22:56:38,SR401C6700,SR401C6700,292.0,0.0,0.0,0.0,2,190.0,441.5,10,328.0,317.5,317.5,292.0,16.0,5032.0,301
2023-05-09 22:56:39,SR401C6700,SR401C6700,292.0,0.0,0.0,0.0,1,191.5,441.5,10,328.0,317.5,317.5,292.0,16.0,5032.0,301
2023-05-09 22:56:39,SR401C6700,SR401C6700,292.0,0.0,0.0,0.0,10,192.0,441.5,10,328.0,317.5,317.5,292.0,16.0,5032.0,301
2023-05-09 22:56:40,SR401C6700,SR401C6700,292.0,0.0,0.0,0.0,2,195.0,441.5,10,328.0,317.5,317.5,292.0,16.0,5032.0,301
2023-05-09 22:56:40,SR401C6700,SR401C6700,292.0,0.0,0.0,0.0,10,195.5,441.5,10,328.0,317.5,317.5,292.0,16.0,5032.0,301
2023-05-09 22:56:41,SR401C6700,SR401C6700,292.0,0.0,0.0,0.0,2,196.0,441.5,10,328.0,317.5,317.5,292.0,16.0,5032.0,301
2023-05-09 22:56:41,SR401C6700,SR401C6700,292.0,0.0,0.0,0.0,10,196.5,441.5,10,328.0,317.5,317.5,292.0,16.0,5032.0,301
2023-05-09 22:56:42,SR401C6700,SR401C6700,292.0,0.0,0.0,0.0,2,197.0,441.5,10,328.0,317.5,317.5,292.0,16.0,5032.0,301
2023-05-09 22:56:42,SR401C6700,SR401C6700,292.0,0.0,0.0,0.0,10,197.5,441.5,10,328.0,317.5,317.5,292.0,16.0,5032.0,301
2023-05-09 22:56:43,SR401C6700,SR401C6700,292.0,0.0,0.0,0.0,2,198.0,441.5,10,328.0,317.5,317.5,292.0,16.0,5032.0,301
2023-05-09 22:56:43,SR401C6700,SR401C6700,292.0,0.0,0.0,0.0,10,198.5,441.5,10,328.0,317.5,317.5,292.0,16.0,5032.0,301
2023-05-09 22:57:35,SR401C6700,SR401C6700,292.0,0.0,0.0,0.0,1,169.0,447.0,1,328.0,317.5,317.5,292.0,16.0,5032.0,301
2023-05-09 22:57:37,SR401C6700,SR401C6700,292.0,0.0,0.0,0.0,1,170.5,447.0,1,328.0,317.5,317.5,292.0,16.0,5032.0,301
2023-05-09 22:57:46,SR401C6700,SR401C6700,292.0,0.0,0.0,0.0,1,170.5,448.0,10,328.0,317.5,317.5,292.0,16.0,5032.0,301
2023-05-09 22:59:55,SR401C6700,SR401C6700,292.0,0.0,0.0,0.0,1,39.5,448.0,10,328.0,317.5,317.5,292.0,16.0,5032.0,301
2023-05-09 22:59:59,SR401C6700,SR401C6700,292.0,0.0,0.0,0.0,1,39.5,0.0,0,328.0,317.5,317.5,292.0,16.0,5032.0,301
2023-05-10 09:00:04,SR401C6700,SR401C6700,292.0,0.0,0.0,0.0,2,162.0,429.0,2,328.0,317.5,317.5,292.0,16.0,5032.0,301
2023-05-10 09:01:09,SR401C6700,SR401C6700,292.0,0.0,0.0,0.0,10,162.5,394.0,2,328.0,317.5,317.5,292.0,16.0,5032.0,301
2023-05-10 09:01:09,SR401C6700,SR401C6700,292.0,0.0,0.0,0.0,2,197.0,393.5,10,328.0,317.5,317.5,292.0,16.0,5032.0,301
2023-05-10 09:01:10,SR401C6700,SR401C6700,292.0,0.0,0.0,0.0,2,232.0,359.0,2,328.0,317.5,317.5,292.0,16.0,5032.0,301
2023-05-10 09:01:10,SR401C6700,SR401C6700,292.0,0.0,0.0,0.0,2,232.0,328.5,2,328.0,317.5,317.5,292.0,16.0,5032.0,301
2023-05-10 09:01:16,SR401C6700,SR401C6700,292.0,0.0,0.0,0.0,10,161.0,393.5,10,328.0,317.5,317.5,292.0,16.0,5032.0,301
2023-05-10 09:01:17,SR401C6700,SR401C6700,292.0,0.0,0.0,0.0,2,195.5,359.0,2,328.0,317.5,317.5,292.0,16.0,5032.0,301
2023-05-10 09:01:17,SR401C6700,SR401C6700,292.0,0.0,0.0,0.0,2,231.5,326.5,2,328.0,317.5,317.5,292.0,16.0,5032.0,301
2023-05-10 09:01:24,SR401C6700,SR401C6700,292.0,0.0,0.0,0.0,5,288.5,298.5,5,328.0,317.5,317.5,292.0,16.0,5032.0,301
2023-05-10 09:01:45,SR401C6700,SR401C6700,292.0,0.0,0.0,0.0,5,288.5,296.0,5,328.0,317.5,317.5,292.0,16.0,5032.0,301
2023-05-10 09:01:54,SR401C6700,SR401C6700,292.0,0.0,0.0,0.0,5,285.0,296.0,5,328.0,317.5,317.5,292.0,16.0,5032.0,301
2023-05-10 09:02:24,SR401C6700,SR401C6700,292.0,0.0,0.0,0.0,5,287.5,296.0,5,328.0,317.5,317.5,292.0,16.0,5032.0,301
2023-05-10 09:03:41,SR401C6700,SR401C6700,292.0,0.0,0.0,0.0,5,289.5,296.0,5,328.0,317.5,317.5,292.0,16.0,5032.0,301
2023-05-10 09:04:03,SR401C6700,SR401C6700,292.0,0.0,0.0,0.0,5,289.5,298.5,5,328.0,317.5,317.5,292.0,16.0,5032.0,301
2023-05-10 09:04:32,SR401C6700,SR401C6700,292.0,0.0,0.0,0.0,5,291.5,298.5,5,328.0,317.5,317.5,292.0,16.0,5032.0,301
2023-05-10 09:05:06,SR401C6700,SR401C6700,292.0,0.0,0.0,0.0,5,289.5,298.5,5,328.0,317.5,317.5,292.0,16.0,5032.0,301
2023-05-10 09:05:21,SR401C6700,SR401C6700,292.0,0.0,0.0,0.0,5,289.5,296.5,5,328.0,317.5,317.5,292.0,16.0,5032.0,301
2023-05-10 09:06:41,SR401C6700,SR401C6700,292.0,0.0,0.0,0.0,5,291.5,296.5,5,328.0,317.5,317.5,292.0,16.0,5032.0,301
2023-05-10 09:06:41,SR401C6700,SR401C6700,292.0,0.0,0.0,0.0,5,291.5,298.5,5,328.0,317.5,317.5,292.0,16.0,5032.0,301
2023-05-10 09:07:20,SR401C6700,SR401C6700,292.0,0.0,0.0,0.0,5,293.5,298.5,5,328.0,317.5,317.5,292.0,16.0,5032.0,301
2023-05-10 09:07:22,SR401C6700,SR401C6700,292.0,0.0,0.0,0.0,5,293.5,301.5,5,328.0,317.5,317.5,292.0,16.0,5032.0,301
2023-05-10 09:07:36,SR401C6700,SR401C6700,292.0,0.0,0.0,0.0,5,295.5,301.5,5,328.0,317.5,317.5,292.0,16.0,5032.0,301
2023-05-10 09:08:17,SR401C6700,SR401C6700,292.0,0.0,0.0,0.0,5,295.5,304.5,5,328.0,317.5,317.5,292.0,16.0,5032.0,301
2023-05-10 09:08:18,SR401C6700,SR401C6700,292.0,0.0,0.0,0.0,5,297.5,304.5,5,328.0,317.5,317.5,292.0,16.0,5032.0,301
2023-05-10 09:08:28,SR401C6700,SR401C6700,292.0,0.0,0.0,0.0,5,299.5,304.5,5,328.0,317.5,317.5,292.0,16.0,5032.0,301
2023-05-10 09:08:31,SR401C6700,SR401C6700,292.0,0.0,0.0,0.0,5,299.5,307.5,5,328.0,317.5,317.5,292.0,16.0,5032.0,301
2023-05-10 09:08:37,SR401C6700,SR401C6700,292.0,0.0,0.0,0.0,5,299.5,305.5,5,328.0,317.5,317.5,292.0,16.0,5032.0,301
2023-05-10 09:09:12,SR401C6700,SR401C6700,292.0,0.0,0.0,0.0,5,299.5,307.5,5,328.0,317.5,317.5,292.0,16.0,5032.0,301
2023-05-10 09:09:59,SR401C6700,SR401C6700,292.0,0.0,0.0,0.0,5,299.5,305.5,5,328.0,317.5,317.5,292.0,16.0,5032.0,301
2023-05-10 09:10:43,SR401C6700,SR401C6700,292.0,0.0,0.0,0.0,5,297.5,305.5,5,328.0,317.5,317.5,292.0,16.0,5032.0,301
2023-05-10 09:10:44,SR401C6700,SR401C6700,292.0,0.0,0.0,0.0,5,297.5,303.5,5,328.0,317.5,317.5,292.0,16.0,5032.0,301
2023-05-10 09:10:58,SR401C6700,SR401C6700,292.0,0.0,0.0,0.0,5,295.0,303.5,5,328.0,317.5,317.5,292.0,16.0,5032.0,301
2023-05-10 09:11:04,SR401C6700,SR401C6700,292.0,0.0,0.0,0.0,5,295.0,301.5,5,328.0,317.5,317.5,292.0,16.0,5032.0,301
2023-05-10 09:12:34,SR401C6700,SR401C6700,292.0,0.0,0.0,0.0,5,292.5,299.5,5,328.0,317.5,317.5,292.0,16.0,5032.0,301
2023-05-10 09:18:23,SR401C6700,SR401C6700,292.0,0.0,0.0,0.0,5,292.5,297.5,5,328.0,317.5,317.5,292.0,16.0,5032.0,301
2023-05-10 09:19:29,SR401C6700,SR401C6700,292.0,0.0,0.0,0.0,5,292.5,299.5,5,328.0,317.5,317.5,292.0,16.0,5032.0,301
2023-05-10 09:27:14,SR401C6700,SR401C6700,292.0,0.0,0.0,0.0,5,292.5,297.5,5,328.0,317.5,317.5,292.0,16.0,5032.0,301
2023-05-10 09:29:46,SR401C6700,SR401C6700,292.0,0.0,0.0,0.0,5,290.0,297.5,5,328.0,317.5,317.5,292.0,16.0,5032.0,301
2023-05-10 09:30:39,SR401C6700,SR401C6700,292.0,0.0,0.0,0.0,5,292.0,297.5,5,328.0,317.5,317.5,292.0,16.0,5032.0,301
2023-05-10 09:31:28,SR401C6700,SR401C6700,292.0,0.0,0.0,0.0,5,290.0,297.5,5,328.0,317.5,317.5,292.0,16.0,5032.0,301
2023-05-10 09:36:03,SR401C6700,SR401C6700,292.0,0.0,0.0,0.0,5,292.0,297.5,5,328.0,317.5,317.5,292.0,16.0,5032.0,301
2023-05-10 09:37:29,SR401C6700,SR401C6700,292.0,0.0,0.0,0.0,5,292.0,299.5,5,328.0,317.5,317.5,292.0,16.0,5032.0,301
2023-05-10 09:40:11,SR401C6700,SR401C6700,292.0,0.0,0.0,0.0,5,294.0,299.5,5,328.0,317.5,317.5,292.0,16.0,5032.0,301
2023-05-10 09:43:55,SR401C6700,SR401C6700,292.0,0.0,0.0,0.0,5,294.0,302.0,5,328.0,317.5,317.5,292.0,16.0,5032.0,301
2023-05-10 09:44:01,SR401C6700,SR401C6700,292.0,0.0,0.0,0.0,5,296.0,302.0,5,328.0,317.5,317.5,292.0,16.0,5032.0,301
2023-05-10 09:44:20,SR401C6700,SR401C6700,292.0,0.0,0.0,0.0,5,296.0,304.5,5,328.0,317.5,317.5,292.0,16.0,5032.0,301
2023-05-10 09:49:01,SR401C6700,SR401C6700,292.0,0.0,0.0,0.0,5,298.0,304.5,5,328.0,317.5,317.5,292.0,16.0,5032.0,301
2023-05-10 09:50:16,SR401C6700,SR401C6700,292.0,0.0,0.0,0.0,5,298.0,307.0,5,328.0,317.5,317.5,292.0,16.0,5032.0,301
2023-05-10 09:52:17,SR401C6700,SR401C6700,292.0,0.0,0.0,0.0,5,298.0,305.0,5,328.0,317.5,317.5,292.0,16.0,5032.0,301
2023-05-10 09:55:55,SR401C6700,SR401C6700,292.0,0.0,0.0,0.0,5,298.0,303.0,5,328.0,317.5,317.5,292.0,16.0,5032.0,301
2023-05-10 09:55:55,SR401C6700,SR401C6700,292.0,0.0,0.0,0.0,5,296.0,303.0,5,328.0,317.5,317.5,292.0,16.0,5032.0,301
2023-05-10 10:06:59,SR401C6700,SR401C6700,292.0,0.0,0.0,0.0,5,298.5,305.0,5,328.0,317.5,317.5,292.0,16.0,5032.0,301
2023-05-10 10:10:04,SR401C6700,SR401C6700,292.0,0.0,0.0,0.0,5,298.5,307.5,5,328.0,317.5,317.5,292.0,16.0,5032.0,301
2023-05-10 10:10:05,SR401C6700,SR401C6700,292.0,0.0,0.0,0.0,5,300.5,307.5,5,328.0,317.5,317.5,292.0,16.0,5032.0,301
2023-05-10 10:10:42,SR401C6700,SR401C6700,292.0,0.0,0.0,0.0,5,300.5,306.5,1,328.0,317.5,317.5,292.0,16.0,5032.0,301
2023-05-10 10:12:54,SR401C6700,SR401C6700,292.0,0.0,0.0,0.0,5,300.5,305.5,5,328.0,317.5,317.5,292.0,16.0,5032.0,301
2023-05-10 10:13:05,SR401C6700,SR401C6700,292.0,0.0,0.0,0.0,5,298.5,305.5,5,328.0,317.5,317.5,292.0,16.0,5032.0,301
2023-05-10 10:14:53,SR401C6700,SR401C6700,292.0,0.0,0.0,0.0,5,295.0,305.5,5,328.0,317.5,317.5,292.0,16.0,5032.0,301
2023-05-10 10:30:07,SR401C6700,SR401C6700,292.0,0.0,0.0,0.0,5,297.0,305.5,5,328.0,317.5,317.5,292.0,16.0,5032.0,301
2023-05-10 10:30:14,SR401C6700,SR401C6700,292.0,0.0,0.0,0.0,5,297.0,303.5,5,328.0,317.5,317.5,292.0,16.0,5032.0,301
2023-05-10 10:31:27,SR401C6700,SR401C6700,292.0,0.0,0.0,0.0,5,297.0,305.5,5,328.0,317.5,317.5,292.0,16.0,5032.0,301
2023-05-10 10:32:08,SR401C6700,SR401C6700,292.0,0.0,0.0,0.0,5,299.0,305.5,5,328.0,317.5,317.5,292.0,16.0,5032.0,301
2023-05-10 10:35:35,SR401C6700,SR401C6700,292.0,0.0,0.0,0.0,5,299.0,308.0,5,328.0,317.5,317.5,292.0,16.0,5032.0,301
2023-05-10 10:35:35,SR401C6700,SR401C6700,292.0,0.0,0.0,0.0,5,301.0,308.0,5,328.0,317.5,317.5,292.0,16.0,5032.0,301
2023-05-10 10:35:35,SR401C6700,SR401C6700,292.0,0.0,0.0,0.0,5,299.0,308.0,5,328.0,317.5,317.5,292.0,16.0,5032.0,301
2023-05-10 10:35:35,SR401C6700,SR401C6700,292.0,0.0,0.0,0.0,5,301.0,308.0,5,328.0,317.5,317.5,292.0,16.0,5032.0,301
2023-05-10 10:39:23,SR401C6700,SR401C6700,292.0,0.0,0.0,0.0,5,299.0,308.0,5,328.0,317.5,317.5,292.0,16.0,5032.0,301
2023-05-10 10:39:31,SR401C6700,SR401C6700,292.0,0.0,0.0,0.0,5,299.0,305.5,5,328.0,317.5,317.5,292.0,16.0,5032.0,301
2023-05-10 10:45:52,SR401C6700,SR401C6700,292.0,0.0,0.0,0.0,5,296.0,303.5,5,328.0,317.5,317.5,292.0,16.0,5032.0,301
2023-05-10 10:52:03,SR401C6700,SR401C6700,292.0,0.0,0.0,0.0,5,296.0,301.5,5,328.0,317.5,317.5,292.0,16.0,5032.0,301
2023-05-10 10:53:16,SR401C6700,SR401C6700,292.0,0.0,0.0,0.0,5,296.0,303.5,5,328.0,317.5,317.5,292.0,16.0,5032.0,301
2023-05-10 10:57:26,SR401C6700,SR401C6700,292.0,0.0,0.0,0.0,5,296.0,301.5,5,328.0,317.5,317.5,292.0,16.0,5032.0,301
2023-05-10 10:57:45,SR401C6700,SR401C6700,292.0,0.0,0.0,0.0,5,293.0,301.5,5,328.0,317.5,317.5,292.0,16.0,5032.0,301
2023-05-10 11:02:35,SR401C6700,SR401C6700,292.0,0.0,0.0,0.0,5,295.0,301.5,5,328.0,317.5,317.5,292.0,16.0,5032.0,301
2023-05-10 11:07:33,SR401C6700,SR401C6700,292.0,0.0,0.0,0.0,5,295.0,303.5,5,328.0,317.5,317.5,292.0,16.0,5032.0,301
2023-05-10 11:07:34,SR401C6700,SR401C6700,292.0,0.0,0.0,0.0,5,297.0,303.5,5,328.0,317.5,317.5,292.0,16.0,5032.0,301
2023-05-10 11:08:09,SR401C6700,SR401C6700,292.0,0.0,0.0,0.0,5,297.0,306.0,5,328.0,317.5,317.5,292.0,16.0,5032.0,301
2023-05-10 11:08:22,SR401C6700,SR401C6700,292.0,0.0,0.0,0.0,5,301.0,306.0,5,328.0,317.5,317.5,292.0,16.0,5032.0,301
2023-05-10 11:08:22,SR401C6700,SR401C6700,292.0,0.0,0.0,0.0,5,301.0,309.0,5,328.0,317.5,317.5,292.0,16.0,5032.0,301
2023-05-10 11:09:03,SR401C6700,SR401C6700,292.0,0.0,0.0,0.0,5,303.0,309.0,5,328.0,317.5,317.5,292.0,16.0,5032.0,301
2023-05-10 11:09:12,SR401C6700,SR401C6700,292.0,0.0,0.0,0.0,5,303.0,311.5,5,328.0,317.5,317.5,292.0,16.0,5032.0,301
2023-05-10 11:09:43,SR401C6700,SR401C6700,292.0,0.0,0.0,0.0,5,305.5,311.5,5,328.0,317.5,317.5,292.0,16.0,5032.0,301
2023-05-10 11:10:01,SR401C6700,SR401C6700,292.0,0.0,0.0,0.0,5,305.5,314.0,5,328.0,317.5,317.5,292.0,16.0,5032.0,301
2023-05-10 11:10:50,SR401C6700,SR401C6700,292.0,0.0,0.0,0.0,5,305.5,312.0,5,328.0,317.5,317.5,292.0,16.0,5032.0,301
2023-05-10 11:12:14,SR401C6700,SR401C6700,292.0,0.0,0.0,0.0,5,305.5,314.0,5,328.0,317.5,317.5,292.0,16.0,5032.0,301
2023-05-10 11:13:35,SR401C6700,SR401C6700,292.0,0.0,0.0,0.0,5,307.5,314.0,5,328.0,317.5,317.5,292.0,16.0,5032.0,301
2023-05-10 11:14:51,SR401C6700,SR401C6700,292.0,0.0,0.0,0.0,5,305.5,314.0,5,328.0,317.5,317.5,292.0,16.0,5032.0,301
2023-05-10 11:15:41,SR401C6700,SR401C6700,292.0,0.0,0.0,0.0,5,305.5,312.0,5,328.0,317.5,317.5,292.0,16.0,5032.0,301
2023-05-10 11:16:04,SR401C6700,SR401C6700,292.0,0.0,0.0,0.0,5,302.5,310.0,5,328.0,317.5,317.5,292.0,16.0,5032.0,301
2023-05-10 11:17:15,SR401C6700,SR401C6700,292.0,0.0,0.0,0.0,5,304.5,310.0,5,328.0,317.5,317.5,292.0,16.0,5032.0,301
2023-05-10 11:18:30,SR401C6700,SR401C6700,292.0,0.0,0.0,0.0,5,304.5,312.0,5,328.0,317.5,317.5,292.0,16.0,5032.0,301
2023-05-10 11:19:58,SR401C6700,SR401C6700,292.0,0.0,0.0,0.0,5,306.5,312.0,5,328.0,317.5,317.5,292.0,16.0,5032.0,301
2023-05-10 11:21:17,SR401C6700,SR401C6700,292.0,0.0,0.0,0.0,5,306.5,314.5,5,328.0,317.5,317.5,292.0,16.0,5032.0,301
2023-05-10 11:22:37,SR401C6700,SR401C6700,292.0,0.0,0.0,0.0,5,308.5,314.5,5,328.0,317.5,317.5,292.0,16.0,5032.0,301
2023-05-10 11:25:20,SR401C6700,SR401C6700,292.0,0.0,0.0,0.0,5,306.5,314.5,5,328.0,317.5,317.5,292.0,16.0,5032.0,301
2023-05-10 11:27:12,SR401C6700,SR401C6700,292.0,0.0,0.0,0.0,5,308.5,314.5,5,328.0,317.5,317.5,292.0,16.0,5032.0,301
2023-05-10 11:29:32,SR401C6700,SR401C6700,292.0,0.0,0.0,0.0,2,166.0,371.0,2,328.0,317.5,317.5,292.0,16.0,5032.0,301
2023-05-10 11:29:32,SR401C6700,SR401C6700,292.0,0.0,0.0,0.0,2,201.0,336.0,2,328.0,317.5,317.5,292.0,16.0,5032.0,301
2023-05-10 11:29:33,SR401C6700,SR401C6700,292.0,0.0,0.0,0.0,10,201.5,336.0,2,328.0,317.5,317.5,292.0,16.0,5032.0,301
2023-05-10 11:29:33,SR401C6700,SR401C6700,292.0,0.0,0.0,0.0,2,201.0,336.0,2,328.0,317.5,317.5,292.0,16.0,5032.0,301
2023-05-10 13:30:02,SR401C6700,SR401C6700,292.0,0.0,0.0,0.0,2,236.0,336.0,2,328.0,317.5,317.5,292.0,16.0,5032.0,301
2023-05-10 13:30:02,SR401C6700,SR401C6700,292.0,0.0,0.0,0.0,10,236.5,336.0,2,328.0,317.5,317.5,292.0,16.0,5032.0,301
2023-05-10 13:30:03,SR401C6700,SR401C6700,292.0,0.0,0.0,0.0,2,271.0,336.0,2,328.0,317.5,317.5,292.0,16.0,5032.0,301
2023-05-10 13:30:09,SR401C6700,SR401C6700,292.0,0.0,0.0,0.0,10,182.5,336.0,2,328.0,317.5,317.5,292.0,16.0,5032.0,301
2023-05-10 13:30:09,SR401C6700,SR401C6700,292.0,0.0,0.0,0.0,2,217.0,336.0,2,328.0,317.5,317.5,292.0,16.0,5032.0,301
2023-05-10 13:30:10,SR401C6700,SR401C6700,292.0,0.0,0.0,0.0,2,252.0,336.0,2,328.0,317.5,317.5,292.0,16.0,5032.0,301
2023-05-10 13:30:18,SR401C6700,SR401C6700,292.0,0.0,0.0,0.0,10,182.5,336.0,2,328.0,317.5,317.5,292.0,16.0,5032.0,301
2023-05-10 13:30:18,SR401C6700,SR401C6700,292.0,0.0,0.0,0.0,2,217.0,336.0,2,328.0,317.5,317.5,292.0,16.0,5032.0,301
2023-05-10 13:30:19,SR401C6700,SR401C6700,292.0,0.0,0.0,0.0,2,252.0,336.0,2,328.0,317.5,317.5,292.0,16.0,5032.0,301
2023-05-10 13:30:25,SR401C6700,SR401C6700,292.0,0.0,0.0,0.0,10,184.0,336.0,2,328.0,317.5,317.5,292.0,16.0,5032.0,301
2023-05-10 13:30:25,SR401C6700,SR401C6700,292.0,0.0,0.0,0.0,2,218.5,336.0,2,328.0,317.5,317.5,292.0,16.0,5032.0,301
2023-05-10 13:30:26,SR401C6700,SR401C6700,292.0,0.0,0.0,0.0,2,253.5,336.0,2,328.0,317.5,317.5,292.0,16.0,5032.0,301
2023-05-10 13:30:32,SR401C6700,SR401C6700,292.0,0.0,0.0,0.0,10,219.5,336.0,2,328.0,317.5,317.5,292.0,16.0,5032.0,301
2023-05-10 13:30:32,SR401C6700,SR401C6700,292.0,0.0,0.0,0.0,2,254.0,336.0,2,328.0,317.5,317.5,292.0,16.0,5032.0,301
2023-05-10 13:30:38,SR401C6700,SR401C6700,292.0,0.0,0.0,0.0,10,219.5,336.0,2,328.0,317.5,317.5,292.0,16.0,5032.0,301
2023-05-10 13:30:38,SR401C6700,SR401C6700,292.0,0.0,0.0,0.0,2,254.0,336.0,2,328.0,317.5,317.5,292.0,16.0,5032.0,301
2023-05-10 13:30:44,SR401C6700,SR401C6700,292.0,0.0,0.0,0.0,10,219.5,336.0,2,328.0,317.5,317.5,292.0,16.0,5032.0,301
2023-05-10 13:30:44,SR401C6700,SR401C6700,292.0,0.0,0.0,0.0,2,254.0,336.0,2,328.0,317.5,317.5,292.0,16.0,5032.0,301
2023-05-10 13:30:54,SR401C6700,SR401C6700,292.0,0.0,0.0,0.0,5,314.5,336.0,2,328.0,317.5,317.5,292.0,16.0,5032.0,301
2023-05-10 13:30:55,SR401C6700,SR401C6700,292.0,0.0,0.0,0.0,5,314.5,320.5,5,328.0,317.5,317.5,292.0,16.0,5032.0,301
2023-05-10 13:31:31,SR401C6700,SR401C6700,292.0,0.0,0.0,0.0,5,314.5,319.0,5,328.0,317.5,317.5,292.0,16.0,5032.0,301
2023-05-10 13:31:38,SR401C6700,SR401C6700,292.0,0.0,0.0,0.0,5,312.0,319.0,5,328.0,317.5,317.5,292.0,16.0,5032.0,301
2023-05-10 13:31:44,SR401C6700,SR401C6700,292.0,0.0,0.0,0.0,5,313.5,319.0,5,328.0,317.5,317.5,292.0,16.0,5032.0,301
2023-05-10 13:32:04,SR401C6700,SR401C6700,292.0,0.0,0.0,0.0,5,312.0,319.0,5,328.0,317.5,317.5,292.0,16.0,5032.0,301
2023-05-10 13:32:04,SR401C6700,SR401C6700,292.0,0.0,0.0,0.0,5,312.0,317.5,5,328.0,317.5,317.5,292.0,16.0,5032.0,301
2023-05-10 13:32:15,SR401C6700,SR401C6700,317.5,2.0,638.0,2.0,5,312.0,317.5,3,328.0,317.5,317.5,292.0,18.0,5670.0,303
2023-05-10 13:32:39,SR401C6700,SR401C6700,317.5,0.0,0.0,0.0,5,312.0,319.0,5,328.0,317.5,317.5,292.0,18.0,5670.0,303
2023-05-10 13:33:03,SR401C6700,SR401C6700,317.5,0.0,0.0,0.0,5,312.0,317.5,5,328.0,317.5,317.5,292.0,18.0,5670.0,303
2023-05-10 13:33:28,SR401C6700,SR401C6700,317.5,0.0,0.0,0.0,5,309.5,317.5,5,328.0,317.5,317.5,292.0,18.0,5670.0,303
2023-05-10 13:33:38,SR401C6700,SR401C6700,317.5,0.0,0.0,0.0,5,311.0,317.5,5,328.0,317.5,317.5,292.0,18.0,5670.0,303
2023-05-10 13:33:51,SR401C6700,SR401C6700,317.5,0.0,0.0,0.0,5,311.0,316.0,5,328.0,317.5,317.5,292.0,18.0,5670.0,303
2023-05-10 13:35:21,SR401C6700,SR401C6700,317.5,0.0,0.0,0.0,5,309.5,316.0,5,328.0,317.5,317.5,292.0,18.0,5670.0,303
2023-05-10 13:35:25,SR401C6700,SR401C6700,317.5,0.0,0.0,0.0,5,309.5,314.5,5,328.0,317.5,317.5,292.0,18.0,5670.0,303
2023-05-10 13:35:48,SR401C6700,SR401C6700,317.5,0.0,0.0,0.0,5,307.0,314.5,5,328.0,317.5,317.5,292.0,18.0,5670.0,303
2023-05-10 13:35:56,SR401C6700,SR401C6700,317.5,0.0,0.0,0.0,5,307.0,313.0,5,328.0,317.5,317.5,292.0,18.0,5670.0,303
2023-05-10 13:36:09,SR401C6700,SR401C6700,317.5,0.0,0.0,0.0,5,307.0,311.5,5,328.0,317.5,317.5,292.0,18.0,5670.0,303
2023-05-10 13:36:30,SR401C6700,SR401C6700,317.5,0.0,0.0,0.0,5,304.5,311.5,5,328.0,317.5,317.5,292.0,18.0,5670.0,303
2023-05-10 13:36:52,SR401C6700,SR401C6700,317.5,0.0,0.0,0.0,5,304.5,309.5,5,328.0,317.5,317.5,292.0,18.0,5670.0,303
2023-05-10 13:36:57,SR401C6700,SR401C6700,317.5,0.0,0.0,0.0,5,302.0,309.5,5,328.0,317.5,317.5,292.0,18.0,5670.0,303
2023-05-10 13:37:04,SR401C6700,SR401C6700,317.5,0.0,0.0,0.0,5,303.5,309.5,5,328.0,317.5,317.5,292.0,18.0,5670.0,303
2023-05-10 13:42:34,SR401C6700,SR401C6700,317.5,0.0,0.0,0.0,5,305.0,309.5,5,328.0,317.5,317.5,292.0,18.0,5670.0,303
2023-05-10 13:42:57,SR401C6700,SR401C6700,317.5,0.0,0.0,0.0,5,305.0,311.5,5,328.0,317.5,317.5,292.0,18.0,5670.0,303
2023-05-10 13:44:25,SR401C6700,SR401C6700,317.5,0.0,0.0,0.0,5,306.5,311.5,5,328.0,317.5,317.5,292.0,18.0,5670.0,303
2023-05-10 13:44:34,SR401C6700,SR401C6700,317.5,0.0,0.0,0.0,5,306.5,314.0,5,328.0,317.5,317.5,292.0,18.0,5670.0,303
2023-05-10 13:44:35,SR401C6700,SR401C6700,317.5,0.0,0.0,0.0,5,308.5,314.0,5,328.0,317.5,317.5,292.0,18.0,5670.0,303
2023-05-10 13:47:04,SR401C6700,SR401C6700,317.5,0.0,0.0,0.0,5,308.5,316.5,5,328.0,317.5,317.5,292.0,18.0,5670.0,303
2023-05-10 13:47:05,SR401C6700,SR401C6700,317.5,0.0,0.0,0.0,5,310.0,316.5,5,328.0,317.5,317.5,292.0,18.0,5670.0,303
2023-05-10 13:47:25,SR401C6700,SR401C6700,317.5,0.0,0.0,0.0,5,310.0,315.0,5,328.0,317.5,317.5,292.0,18.0,5670.0,303
2023-05-10 13:49:21,SR401C6700,SR401C6700,317.5,0.0,0.0,0.0,5,308.5,315.0,5,328.0,317.5,317.5,292.0,18.0,5670.0,303
2023-05-10 13:49:27,SR401C6700,SR401C6700,317.5,0.0,0.0,0.0,5,308.5,313.0,5,328.0,317.5,317.5,292.0,18.0,5670.0,303
2023-05-10 13:49:38,SR401C6700,SR401C6700,317.5,0.0,0.0,0.0,5,306.0,313.0,5,328.0,317.5,317.5,292.0,18.0,5670.0,303
2023-05-10 13:50:16,SR401C6700,SR401C6700,317.5,0.0,0.0,0.0,5,307.5,313.0,5,328.0,317.5,317.5,292.0,18.0,5670.0,303
2023-05-10 13:50:55,SR401C6700,SR401C6700,317.5,0.0,0.0,0.0,5,306.0,313.0,5,328.0,317.5,317.5,292.0,18.0,5670.0,303
2023-05-10 13:51:12,SR401C6700,SR401C6700,317.5,0.0,0.0,0.0,5,306.0,311.5,5,328.0,317.5,317.5,292.0,18.0,5670.0,303
2023-05-10 13:52:06,SR401C6700,SR401C6700,317.5,0.0,0.0,0.0,5,303.5,311.5,5,328.0,317.5,317.5,292.0,18.0,5670.0,303
2023-05-10 13:52:40,SR401C6700,SR401C6700,317.5,0.0,0.0,0.0,5,303.5,309.5,5,328.0,317.5,317.5,292.0,18.0,5670.0,303
2023-05-10 13:55:21,SR401C6700,SR401C6700,317.5,0.0,0.0,0.0,5,305.0,309.5,5,328.0,317.5,317.5,292.0,18.0,5670.0,303
2023-05-10 13:55:22,SR401C6700,SR401C6700,317.5,0.0,0.0,0.0,5,305.0,311.5,5,328.0,317.5,317.5,292.0,18.0,5670.0,303
2023-05-10 13:56:37,SR401C6700,SR401C6700,317.5,0.0,0.0,0.0,5,305.0,310.0,5,328.0,317.5,317.5,292.0,18.0,5670.0,303
2023-05-10 13:57:50,SR401C6700,SR401C6700,317.5,0.0,0.0,0.0,5,303.5,310.0,5,328.0,317.5,317.5,292.0,18.0,5670.0,303
2023-05-10 13:58:02,SR401C6700,SR401C6700,317.5,0.0,0.0,0.0,5,303.5,308.5,5,328.0,317.5,317.5,292.0,18.0,5670.0,303
2023-05-10 13:58:27,SR401C6700,SR401C6700,317.5,0.0,0.0,0.0,5,301.0,308.5,5,328.0,317.5,317.5,292.0,18.0,5670.0,303
2023-05-10 13:59:17,SR401C6700,SR401C6700,317.5,0.0,0.0,0.0,5,298.5,308.5,5,328.0,317.5,317.5,292.0,18.0,5670.0,303
2023-05-10 13:59:28,SR401C6700,SR401C6700,317.5,0.0,0.0,0.0,5,298.5,307.0,5,328.0,317.5,317.5,292.0,18.0,5670.0,303
2023-05-10 13:59:46,SR401C6700,SR401C6700,317.5,0.0,0.0,0.0,5,298.5,304.5,5,328.0,317.5,317.5,292.0,18.0,5670.0,303
2023-05-10 13:59:49,SR401C6700,SR401C6700,317.5,0.0,0.0,0.0,5,296.0,304.5,5,328.0,317.5,317.5,292.0,18.0,5670.0,303
2023-05-10 14:00:01,SR401C6700,SR401C6700,317.5,0.0,0.0,0.0,5,296.0,302.5,5,328.0,317.5,317.5,292.0,18.0,5670.0,303
2023-05-10 14:02:06,SR401C6700,SR401C6700,317.5,0.0,0.0,0.0,5,296.0,300.5,5,328.0,317.5,317.5,292.0,18.0,5670.0,303
2023-05-10 14:02:24,SR401C6700,SR401C6700,317.5,0.0,0.0,0.0,5,293.5,300.5,5,328.0,317.5,317.5,292.0,18.0,5670.0,303
2023-05-10 14:04:12,SR401C6700,SR401C6700,317.5,0.0,0.0,0.0,5,295.0,300.5,5,328.0,317.5,317.5,292.0,18.0,5670.0,303
2023-05-10 14:06:38,SR401C6700,SR401C6700,317.5,0.0,0.0,0.0,5,293.5,300.5,5,328.0,317.5,317.5,292.0,18.0,5670.0,303
2023-05-10 14:07:00,SR401C6700,SR401C6700,317.5,0.0,0.0,0.0,5,295.0,300.5,5,328.0,317.5,317.5,292.0,18.0,5670.0,303
2023-05-10 14:07:19,SR401C6700,SR401C6700,317.5,0.0,0.0,0.0,5,295.0,302.5,5,328.0,317.5,317.5,292.0,18.0,5670.0,303
2023-05-10 14:08:10,SR401C6700,SR401C6700,317.5,0.0,0.0,0.0,5,295.0,300.5,5,328.0,317.5,317.5,292.0,18.0,5670.0,303
2023-05-10 14:10:08,SR401C6700,SR401C6700,317.5,0.0,0.0,0.0,5,296.5,302.5,5,328.0,317.5,317.5,292.0,18.0,5670.0,303
2023-05-10 14:10:30,SR401C6700,SR401C6700,317.5,0.0,0.0,0.0,5,298.0,302.5,5,328.0,317.5,317.5,292.0,18.0,5670.0,303
2023-05-10 14:11:02,SR401C6700,SR401C6700,317.5,0.0,0.0,0.0,5,298.0,304.5,5,328.0,317.5,317.5,292.0,18.0,5670.0,303
2023-05-10 14:15:22,SR401C6700,SR401C6700,317.5,0.0,0.0,0.0,5,299.5,304.5,5,328.0,317.5,317.5,292.0,18.0,5670.0,303
2023-05-10 14:15:30,SR401C6700,SR401C6700,317.5,0.0,0.0,0.0,5,299.5,306.5,5,328.0,317.5,317.5,292.0,18.0,5670.0,303
2023-05-10 14:15:37,SR401C6700,SR401C6700,317.5,0.0,0.0,0.0,5,299.5,305.0,5,328.0,317.5,317.5,292.0,18.0,5670.0,303
2023-05-10 14:16:24,SR401C6700,SR401C6700,317.5,0.0,0.0,0.0,5,298.0,305.0,5,328.0,317.5,317.5,292.0,18.0,5670.0,303
2023-05-10 14:16:27,SR401C6700,SR401C6700,317.5,0.0,0.0,0.0,5,298.0,303.5,5,328.0,317.5,317.5,292.0,18.0,5670.0,303
2023-05-10 14:18:43,SR401C6700,SR401C6700,317.5,0.0,0.0,0.0,5,295.5,303.5,5,328.0,317.5,317.5,292.0,18.0,5670.0,303
2023-05-10 14:19:06,SR401C6700,SR401C6700,317.5,0.0,0.0,0.0,5,295.5,301.5,5,328.0,317.5,317.5,292.0,18.0,5670.0,303
2023-05-10 14:22:44,SR401C6700,SR401C6700,317.5,0.0,0.0,0.0,5,297.0,301.5,5,328.0,317.5,317.5,292.0,18.0,5670.0,303
2023-05-10 14:22:48,SR401C6700,SR401C6700,317.5,0.0,0.0,0.0,5,297.0,303.5,5,328.0,317.5,317.5,292.0,18.0,5670.0,303
2023-05-10 14:25:24,SR401C6700,SR401C6700,317.5,0.0,0.0,0.0,5,298.5,303.5,5,328.0,317.5,317.5,292.0,18.0,5670.0,303
2023-05-10 14:27:27,SR401C6700,SR401C6700,317.5,0.0,0.0,0.0,5,297.0,303.5,5,328.0,317.5,317.5,292.0,18.0,5670.0,303
2023-05-10 14:28:01,SR401C6700,SR401C6700,317.5,0.0,0.0,0.0,5,297.0,302.0,5,328.0,317.5,317.5,292.0,18.0,5670.0,303
2023-05-10 14:30:11,SR401C6700,SR401C6700,317.5,0.0,0.0,0.0,5,297.0,303.5,5,328.0,317.5,317.5,292.0,18.0,5670.0,303
2023-05-10 14:30:26,SR401C6700,SR401C6700,317.5,0.0,0.0,0.0,5,298.5,303.5,5,328.0,317.5,317.5,292.0,18.0,5670.0,303
2023-05-10 14:30:35,SR401C6700,SR401C6700,317.5,0.0,0.0,0.0,5,298.5,306.0,5,328.0,317.5,317.5,292.0,18.0,5670.0,303
2023-05-10 14:31:55,SR401C6700,SR401C6700,317.5,0.0,0.0,0.0,5,300.0,306.0,5,328.0,317.5,317.5,292.0,18.0,5670.0,303
2023-05-10 14:33:47,SR401C6700,SR401C6700,317.5,0.0,0.0,0.0,5,300.0,304.5,5,328.0,317.5,317.5,292.0,18.0,5670.0,303
2023-05-10 14:34:05,SR401C6700,SR401C6700,317.5,0.0,0.0,0.0,5,298.5,304.5,5,328.0,317.5,317.5,292.0,18.0,5670.0,303
2023-05-10 14:35:14,SR401C6700,SR401C6700,317.5,0.0,0.0,0.0,5,300.0,304.5,5,328.0,317.5,317.5,292.0,18.0,5670.0,303
2023-05-10 14:35:15,SR401C6700,SR401C6700,317.5,0.0,0.0,0.0,5,300.0,306.0,5,328.0,317.5,317.5,292.0,18.0,5670.0,303
2023-05-10 14:36:30,SR401C6700,SR401C6700,317.5,0.0,0.0,0.0,5,300.0,308.0,5,328.0,317.5,317.5,292.0,18.0,5670.0,303
2023-05-10 14:37:54,SR401C6700,SR401C6700,317.5,0.0,0.0,0.0,5,302.0,308.0,5,328.0,317.5,317.5,292.0,18.0,5670.0,303
2023-05-10 14:41:59,SR401C6700,SR401C6700,317.5,0.0,0.0,0.0,5,303.5,310.0,5,328.0,317.5,317.5,292.0,18.0,5670.0,303
2023-05-10 14:43:20,SR401C6700,SR401C6700,317.5,0.0,0.0,0.0,5,305.0,310.0,5,328.0,317.5,317.5,292.0,18.0,5670.0,303
2023-05-10 14:43:57,SR401C6700,SR401C6700,317.5,0.0,0.0,0.0,5,305.0,312.0,5,328.0,317.5,317.5,292.0,18.0,5670.0,303
2023-05-10 14:45:28,SR401C6700,SR401C6700,317.5,0.0,0.0,0.0,5,305.0,310.5,5,328.0,317.5,317.5,292.0,18.0,5670.0,303
2023-05-10 14:46:05,SR401C6700,SR401C6700,317.5,0.0,0.0,0.0,5,306.5,312.0,5,328.0,317.5,317.5,292.0,18.0,5670.0,303
2023-05-10 14:46:07,SR401C6700,SR401C6700,317.5,0.0,0.0,0.0,5,306.5,314.0,5,328.0,317.5,317.5,292.0,18.0,5670.0,303
2023-05-10 14:46:08,SR401C6700,SR401C6700,317.5,0.0,0.0,0.0,5,308.0,314.0,5,328.0,317.5,317.5,292.0,18.0,5670.0,303
2023-05-10 14:46:16,SR401C6700,SR401C6700,317.5,0.0,0.0,0.0,5,308.0,314.0,8,328.0,317.5,317.5,292.0,18.0,5670.0,303
2023-05-10 14:46:17,SR401C6700,SR401C6700,317.5,0.0,0.0,0.0,5,309.5,314.0,8,328.0,317.5,317.5,292.0,18.0,5670.0,303
2023-05-10 14:46:22,SR401C6700,SR401C6700,317.5,0.0,0.0,0.0,8,309.5,314.0,8,328.0,317.5,317.5,292.0,18.0,5670.0,303
2023-05-10 14:46:27,SR401C6700,SR401C6700,317.5,0.0,0.0,0.0,11,309.5,314.0,11,328.0,317.5,317.5,292.0,18.0,5670.0,303
2023-05-10 14:46:28,SR401C6700,SR401C6700,317.5,0.0,0.0,0.0,14,309.5,314.0,11,328.0,317.5,317.5,292.0,18.0,5670.0,303
2023-05-10 14:46:30,SR401C6700,SR401C6700,317.5,0.0,0.0,0.0,17,309.5,314.0,14,328.0,317.5,317.5,292.0,18.0,5670.0,303
2023-05-10 14:46:35,SR401C6700,SR401C6700,317.5,0.0,0.0,0.0,14,309.5,314.0,14,328.0,317.5,317.5,292.0,18.0,5670.0,303
2023-05-10 14:46:39,SR401C6700,SR401C6700,317.5,0.0,0.0,0.0,11,309.5,314.0,11,328.0,317.5,317.5,292.0,18.0,5670.0,303
2023-05-10 14:46:40,SR401C6700,SR401C6700,317.5,0.0,0.0,0.0,8,309.5,314.0,8,328.0,317.5,317.5,292.0,18.0,5670.0,303
2023-05-10 14:46:40,SR401C6700,SR401C6700,317.5,0.0,0.0,0.0,5,309.5,314.0,5,328.0,317.5,317.5,292.0,18.0,5670.0,303
2023-05-10 14:47:02,SR401C6700,SR401C6700,317.5,0.0,0.0,0.0,5,309.5,316.5,5,328.0,317.5,317.5,292.0,18.0,5670.0,303
2023-05-10 14:47:22,SR401C6700,SR401C6700,317.5,0.0,0.0,0.0,5,309.5,314.5,5,328.0,317.5,317.5,292.0,18.0,5670.0,303
2023-05-10 14:47:41,SR401C6700,SR401C6700,317.5,0.0,0.0,0.0,5,308.0,314.5,5,328.0,317.5,317.5,292.0,18.0,5670.0,303
2023-05-10 14:47:51,SR401C6700,SR401C6700,317.5,0.0,0.0,0.0,5,308.0,313.0,5,328.0,317.5,317.5,292.0,18.0,5670.0,303
2023-05-10 14:48:39,SR401C6700,SR401C6700,317.5,0.0,0.0,0.0,5,305.5,313.0,5,328.0,317.5,317.5,292.0,18.0,5670.0,303
2023-05-10 14:48:51,SR401C6700,SR401C6700,317.5,0.0,0.0,0.0,5,305.5,311.0,5,328.0,317.5,317.5,292.0,18.0,5670.0,303
2023-05-10 14:49:57,SR401C6700,SR401C6700,317.5,0.0,0.0,0.0,5,303.0,311.0,5,328.0,317.5,317.5,292.0,18.0,5670.0,303
2023-05-10 14:50:27,SR401C6700,SR401C6700,317.5,0.0,0.0,0.0,5,303.0,309.5,5,328.0,317.5,317.5,292.0,18.0,5670.0,303
2023-05-10 14:50:53,SR401C6700,SR401C6700,317.5,0.0,0.0,0.0,5,305.0,309.5,5,328.0,317.5,317.5,292.0,18.0,5670.0,303
2023-05-10 14:52:00,SR401C6700,SR401C6700,317.5,0.0,0.0,0.0,5,303.0,309.5,5,328.0,317.5,317.5,292.0,18.0,5670.0,303
2023-05-10 14:53:00,SR401C6700,SR401C6700,317.5,0.0,0.0,0.0,5,303.0,307.5,5,328.0,317.5,317.5,292.0,18.0,5670.0,303
2023-05-10 14:53:21,SR401C6700,SR401C6700,317.5,0.0,0.0,0.0,5,300.5,307.5,5,328.0,317.5,317.5,292.0,18.0,5670.0,303
2023-05-10 14:54:10,SR401C6700,SR401C6700,317.5,0.0,0.0,0.0,5,302.0,307.5,5,328.0,317.5,317.5,292.0,18.0,5670.0,303
2023-05-10 14:54:47,SR401C6700,SR401C6700,317.5,0.0,0.0,0.0,5,302.0,309.5,5,328.0,317.5,317.5,292.0,18.0,5670.0,303
2023-05-10 14:55:10,SR401C6700,SR401C6700,317.5,0.0,0.0,0.0,5,302.0,308.0,5,328.0,317.5,317.5,292.0,18.0,5670.0,303
2023-05-10 14:55:49,SR401C6700,SR401C6700,317.5,0.0,0.0,0.0,5,304.0,309.5,5,328.0,317.5,317.5,292.0,18.0,5670.0,303
2023-05-10 14:59:02,SR401C6700,SR401C6700,317.5,0.0,0.0,0.0,2,291.0,336.0,2,328.0,317.5,317.5,292.0,18.0,5670.0,303
2023-05-10 14:59:15,SR401C6700,SR401C6700,317.5,0.0,0.0,0.0,2,219.0,336.0,2,328.0,317.5,317.5,292.0,18.0,5670.0,303
2023-05-10 14:59:15,SR401C6700,SR401C6700,317.5,0.0,0.0,0.0,2,219.0,336.0,2,328.0,317.5,317.5,292.0,18.0,5670.0,303
