time,symbol_id,symbol_name,last,trade_volume,trade_amount,open_interest_change,bv1,bp1,ap1,av1,yesterday_close,today_open,today_high,today_low,volume,amount,open_interest
2023-05-09 19:10:58,SR401C6000,SR401C6000,780.5,0.0,0.0,0.0,0,0.0,0.0,0,780.5,0.0,0.0,0.0,0.0,0.0,39
2023-05-09 21:00:08,SR401C6000,SR401C6000,780.5,0.0,0.0,0.0,1,378.5,0.0,0,780.5,0.0,0.0,0.0,0.0,0.0,39
2023-05-09 21:00:08,SR401C6000,SR401C6000,780.5,0.0,0.0,0.0,10,379.0,0.0,0,780.5,0.0,0.0,0.0,0.0,0.0,39
2023-05-09 21:00:08,SR401C6000,SR401C6000,780.5,0.0,0.0,0.0,1,378.5,0.0,0,780.5,0.0,0.0,0.0,0.0,0.0,39
2023-05-09 21:00:08,SR401C6000,SR401C6000,780.5,0.0,0.0,0.0,10,379.0,0.0,0,780.5,0.0,0.0,0.0,0.0,0.0,39
2023-05-09 21:02:02,SR401C6000,SR401C6000,780.5,0.0,0.0,0.0,1,380.5,1182.0,1,780.5,0.0,0.0,0.0,0.0,0.0,39
2023-05-09 21:02:02,SR401C6000,SR401C6000,780.5,0.0,0.0,0.0,10,381.0,1181.5,10,780.5,0.0,0.0,0.0,0.0,0.0,39
2023-05-09 21:02:08,SR401C6000,SR401C6000,780.5,0.0,0.0,0.0,1,382.5,1181.5,10,780.5,0.0,0.0,0.0,0.0,0.0,39
2023-05-09 21:02:08,SR401C6000,SR401C6000,780.5,0.0,0.0,0.0,10,383.0,1181.5,10,780.5,0.0,0.0,0.0,0.0,0.0,39
2023-05-09 21:02:10,SR401C6000,SR401C6000,780.5,0.0,0.0,0.0,1,384.5,1181.5,10,780.5,0.0,0.0,0.0,0.0,0.0,39
2023-05-09 21:02:10,SR401C6000,SR401C6000,780.5,0.0,0.0,0.0,10,385.0,1180.0,1,780.5,0.0,0.0,0.0,0.0,0.0,39
2023-05-09 21:02:11,SR401C6000,SR401C6000,780.5,0.0,0.0,0.0,10,385.0,1179.5,10,780.5,0.0,0.0,0.0,0.0,0.0,39
2023-05-09 21:02:13,SR401C6000,SR401C6000,780.5,0.0,0.0,0.0,1,386.5,1179.5,10,780.5,0.0,0.0,0.0,0.0,0.0,39
2023-05-09 21:02:14,SR401C6000,SR401C6000,780.5,0.0,0.0,0.0,10,387.0,1179.5,10,780.5,0.0,0.0,0.0,0.0,0.0,39
2023-05-09 21:02:17,SR401C6000,SR401C6000,780.5,0.0,0.0,0.0,1,388.5,1178.0,1,780.5,0.0,0.0,0.0,0.0,0.0,39
2023-05-09 21:02:18,SR401C6000,SR401C6000,780.5,0.0,0.0,0.0,10,389.0,1177.5,10,780.5,0.0,0.0,0.0,0.0,0.0,39
2023-05-09 21:02:21,SR401C6000,SR401C6000,780.5,0.0,0.0,0.0,1,390.5,1176.0,1,780.5,0.0,0.0,0.0,0.0,0.0,39
2023-05-09 21:02:22,SR401C6000,SR401C6000,780.5,0.0,0.0,0.0,10,391.0,1175.5,10,780.5,0.0,0.0,0.0,0.0,0.0,39
2023-05-09 21:02:24,SR401C6000,SR401C6000,780.5,0.0,0.0,0.0,1,392.5,1174.0,1,780.5,0.0,0.0,0.0,0.0,0.0,39
2023-05-09 21:02:24,SR401C6000,SR401C6000,780.5,0.0,0.0,0.0,10,393.0,1173.5,10,780.5,0.0,0.0,0.0,0.0,0.0,39
2023-05-09 21:02:24,SR401C6000,SR401C6000,780.5,0.0,0.0,0.0,1,394.5,1172.0,1,780.5,0.0,0.0,0.0,0.0,0.0,39
2023-05-09 21:02:25,SR401C6000,SR401C6000,780.5,0.0,0.0,0.0,10,395.0,1171.5,10,780.5,0.0,0.0,0.0,0.0,0.0,39
2023-05-09 21:02:28,SR401C6000,SR401C6000,780.5,0.0,0.0,0.0,1,396.5,1170.0,1,780.5,0.0,0.0,0.0,0.0,0.0,39
2023-05-09 21:02:28,SR401C6000,SR401C6000,780.5,0.0,0.0,0.0,10,397.0,1169.5,10,780.5,0.0,0.0,0.0,0.0,0.0,39
2023-05-09 21:02:32,SR401C6000,SR401C6000,780.5,0.0,0.0,0.0,1,398.5,1168.0,1,780.5,0.0,0.0,0.0,0.0,0.0,39
2023-05-09 21:02:33,SR401C6000,SR401C6000,780.5,0.0,0.0,0.0,10,399.0,1167.5,10,780.5,0.0,0.0,0.0,0.0,0.0,39
2023-05-09 21:02:33,SR401C6000,SR401C6000,780.5,0.0,0.0,0.0,1,400.5,1166.0,1,780.5,0.0,0.0,0.0,0.0,0.0,39
2023-05-09 21:02:34,SR401C6000,SR401C6000,780.5,0.0,0.0,0.0,10,401.0,1165.5,10,780.5,0.0,0.0,0.0,0.0,0.0,39
2023-05-09 21:02:36,SR401C6000,SR401C6000,780.5,0.0,0.0,0.0,1,402.5,1164.0,1,780.5,0.0,0.0,0.0,0.0,0.0,39
2023-05-09 21:02:37,SR401C6000,SR401C6000,780.5,0.0,0.0,0.0,10,403.0,1163.5,10,780.5,0.0,0.0,0.0,0.0,0.0,39
2023-05-09 21:02:37,SR401C6000,SR401C6000,780.5,0.0,0.0,0.0,1,404.5,1162.0,1,780.5,0.0,0.0,0.0,0.0,0.0,39
2023-05-09 21:02:38,SR401C6000,SR401C6000,780.5,0.0,0.0,0.0,10,405.0,1161.5,10,780.5,0.0,0.0,0.0,0.0,0.0,39
2023-05-09 21:02:40,SR401C6000,SR401C6000,780.5,0.0,0.0,0.0,1,406.5,1160.0,1,780.5,0.0,0.0,0.0,0.0,0.0,39
2023-05-09 21:02:41,SR401C6000,SR401C6000,780.5,0.0,0.0,0.0,10,407.0,1159.5,10,780.5,0.0,0.0,0.0,0.0,0.0,39
2023-05-09 21:02:44,SR401C6000,SR401C6000,780.5,0.0,0.0,0.0,1,408.5,1159.5,10,780.5,0.0,0.0,0.0,0.0,0.0,39
2023-05-09 21:02:45,SR401C6000,SR401C6000,780.5,0.0,0.0,0.0,10,409.0,1159.5,10,780.5,0.0,0.0,0.0,0.0,0.0,39
2023-05-09 21:02:45,SR401C6000,SR401C6000,780.5,0.0,0.0,0.0,1,410.5,1158.0,1,780.5,0.0,0.0,0.0,0.0,0.0,39
2023-05-09 21:02:46,SR401C6000,SR401C6000,780.5,0.0,0.0,0.0,10,411.0,1157.5,10,780.5,0.0,0.0,0.0,0.0,0.0,39
2023-05-09 21:02:48,SR401C6000,SR401C6000,780.5,0.0,0.0,0.0,1,412.5,1156.0,1,780.5,0.0,0.0,0.0,0.0,0.0,39
2023-05-09 21:02:49,SR401C6000,SR401C6000,780.5,0.0,0.0,0.0,10,413.0,1155.5,10,780.5,0.0,0.0,0.0,0.0,0.0,39
2023-05-09 21:02:52,SR401C6000,SR401C6000,780.5,0.0,0.0,0.0,1,414.5,1154.0,1,780.5,0.0,0.0,0.0,0.0,0.0,39
2023-05-09 21:02:53,SR401C6000,SR401C6000,780.5,0.0,0.0,0.0,10,415.0,1153.5,10,780.5,0.0,0.0,0.0,0.0,0.0,39
2023-05-09 21:02:53,SR401C6000,SR401C6000,780.5,0.0,0.0,0.0,1,416.5,1152.0,1,780.5,0.0,0.0,0.0,0.0,0.0,39
2023-05-09 21:02:54,SR401C6000,SR401C6000,780.5,0.0,0.0,0.0,10,417.0,1151.5,10,780.5,0.0,0.0,0.0,0.0,0.0,39
2023-05-09 21:02:54,SR401C6000,SR401C6000,780.5,0.0,0.0,0.0,1,418.5,1150.0,1,780.5,0.0,0.0,0.0,0.0,0.0,39
2023-05-09 21:02:55,SR401C6000,SR401C6000,780.5,0.0,0.0,0.0,10,419.0,1149.5,10,780.5,0.0,0.0,0.0,0.0,0.0,39
2023-05-09 21:02:55,SR401C6000,SR401C6000,780.5,0.0,0.0,0.0,1,420.5,1148.0,1,780.5,0.0,0.0,0.0,0.0,0.0,39
2023-05-09 21:02:56,SR401C6000,SR401C6000,780.5,0.0,0.0,0.0,10,421.0,1147.5,10,780.5,0.0,0.0,0.0,0.0,0.0,39
2023-05-09 21:02:58,SR401C6000,SR401C6000,780.5,0.0,0.0,0.0,1,422.5,1146.0,1,780.5,0.0,0.0,0.0,0.0,0.0,39
2023-05-09 21:02:59,SR401C6000,SR401C6000,780.5,0.0,0.0,0.0,10,423.0,1145.5,10,780.5,0.0,0.0,0.0,0.0,0.0,39
2023-05-09 21:03:03,SR401C6000,SR401C6000,780.5,0.0,0.0,0.0,1,424.5,1144.0,1,780.5,0.0,0.0,0.0,0.0,0.0,39
2023-05-09 21:03:03,SR401C6000,SR401C6000,780.5,0.0,0.0,0.0,10,425.0,1143.5,10,780.5,0.0,0.0,0.0,0.0,0.0,39
2023-05-09 21:03:05,SR401C6000,SR401C6000,780.5,0.0,0.0,0.0,1,426.5,1143.5,10,780.5,0.0,0.0,0.0,0.0,0.0,39
2023-05-09 21:03:06,SR401C6000,SR401C6000,780.5,0.0,0.0,0.0,10,427.0,1143.5,10,780.5,0.0,0.0,0.0,0.0,0.0,39
2023-05-09 21:03:06,SR401C6000,SR401C6000,780.5,0.0,0.0,0.0,1,428.5,1142.0,1,780.5,0.0,0.0,0.0,0.0,0.0,39
2023-05-09 21:03:07,SR401C6000,SR401C6000,780.5,0.0,0.0,0.0,10,429.0,1141.5,10,780.5,0.0,0.0,0.0,0.0,0.0,39
2023-05-09 21:03:11,SR401C6000,SR401C6000,780.5,0.0,0.0,0.0,1,430.5,1140.0,1,780.5,0.0,0.0,0.0,0.0,0.0,39
2023-05-09 21:03:12,SR401C6000,SR401C6000,780.5,0.0,0.0,0.0,10,431.0,1139.5,10,780.5,0.0,0.0,0.0,0.0,0.0,39
2023-05-09 21:03:13,SR401C6000,SR401C6000,780.5,0.0,0.0,0.0,1,432.5,1138.0,1,780.5,0.0,0.0,0.0,0.0,0.0,39
2023-05-09 21:03:14,SR401C6000,SR401C6000,780.5,0.0,0.0,0.0,10,433.0,1137.5,10,780.5,0.0,0.0,0.0,0.0,0.0,39
2023-05-09 21:03:14,SR401C6000,SR401C6000,780.5,0.0,0.0,0.0,1,434.5,1136.0,1,780.5,0.0,0.0,0.0,0.0,0.0,39
2023-05-09 21:03:15,SR401C6000,SR401C6000,780.5,0.0,0.0,0.0,10,435.0,1135.5,10,780.5,0.0,0.0,0.0,0.0,0.0,39
2023-05-09 21:03:17,SR401C6000,SR401C6000,780.5,0.0,0.0,0.0,1,436.5,1135.5,10,780.5,0.0,0.0,0.0,0.0,0.0,39
2023-05-09 21:03:18,SR401C6000,SR401C6000,780.5,0.0,0.0,0.0,10,437.0,1134.0,1,780.5,0.0,0.0,0.0,0.0,0.0,39
2023-05-09 21:03:18,SR401C6000,SR401C6000,780.5,0.0,0.0,0.0,10,437.0,1133.5,10,780.5,0.0,0.0,0.0,0.0,0.0,39
2023-05-09 21:03:21,SR401C6000,SR401C6000,780.5,0.0,0.0,0.0,1,438.5,1132.0,1,780.5,0.0,0.0,0.0,0.0,0.0,39
2023-05-09 21:03:21,SR401C6000,SR401C6000,780.5,0.0,0.0,0.0,10,439.0,1131.5,10,780.5,0.0,0.0,0.0,0.0,0.0,39
2023-05-09 21:03:22,SR401C6000,SR401C6000,780.5,0.0,0.0,0.0,1,440.5,1130.0,1,780.5,0.0,0.0,0.0,0.0,0.0,39
2023-05-09 21:03:22,SR401C6000,SR401C6000,780.5,0.0,0.0,0.0,10,441.0,1129.5,10,780.5,0.0,0.0,0.0,0.0,0.0,39
2023-05-09 21:03:24,SR401C6000,SR401C6000,780.5,0.0,0.0,0.0,1,442.5,1128.0,1,780.5,0.0,0.0,0.0,0.0,0.0,39
2023-05-09 21:03:24,SR401C6000,SR401C6000,780.5,0.0,0.0,0.0,10,443.0,1127.5,10,780.5,0.0,0.0,0.0,0.0,0.0,39
2023-05-09 21:03:25,SR401C6000,SR401C6000,780.5,0.0,0.0,0.0,1,444.5,1127.5,10,780.5,0.0,0.0,0.0,0.0,0.0,39
2023-05-09 21:03:25,SR401C6000,SR401C6000,780.5,0.0,0.0,0.0,10,445.0,1127.5,10,780.5,0.0,0.0,0.0,0.0,0.0,39
2023-05-09 21:03:29,SR401C6000,SR401C6000,780.5,0.0,0.0,0.0,1,446.5,1126.0,1,780.5,0.0,0.0,0.0,0.0,0.0,39
2023-05-09 21:03:29,SR401C6000,SR401C6000,780.5,0.0,0.0,0.0,10,447.0,1125.5,10,780.5,0.0,0.0,0.0,0.0,0.0,39
2023-05-09 21:03:31,SR401C6000,SR401C6000,780.5,0.0,0.0,0.0,1,448.5,1124.0,1,780.5,0.0,0.0,0.0,0.0,0.0,39
2023-05-09 21:03:31,SR401C6000,SR401C6000,780.5,0.0,0.0,0.0,10,449.0,1123.5,10,780.5,0.0,0.0,0.0,0.0,0.0,39
2023-05-09 21:03:33,SR401C6000,SR401C6000,780.5,0.0,0.0,0.0,1,450.5,1122.0,1,780.5,0.0,0.0,0.0,0.0,0.0,39
2023-05-09 21:03:33,SR401C6000,SR401C6000,780.5,0.0,0.0,0.0,10,451.0,1121.5,10,780.5,0.0,0.0,0.0,0.0,0.0,39
2023-05-09 21:03:35,SR401C6000,SR401C6000,780.5,0.0,0.0,0.0,1,452.5,1121.5,10,780.5,0.0,0.0,0.0,0.0,0.0,39
2023-05-09 21:03:35,SR401C6000,SR401C6000,780.5,0.0,0.0,0.0,10,453.0,1120.0,1,780.5,0.0,0.0,0.0,0.0,0.0,39
2023-05-09 21:03:36,SR401C6000,SR401C6000,780.5,0.0,0.0,0.0,10,453.0,1119.5,10,780.5,0.0,0.0,0.0,0.0,0.0,39
2023-05-09 21:03:39,SR401C6000,SR401C6000,780.5,0.0,0.0,0.0,1,454.5,1119.5,10,780.5,0.0,0.0,0.0,0.0,0.0,39
2023-05-09 21:03:40,SR401C6000,SR401C6000,780.5,0.0,0.0,0.0,10,455.0,1119.5,10,780.5,0.0,0.0,0.0,0.0,0.0,39
2023-05-09 21:03:40,SR401C6000,SR401C6000,780.5,0.0,0.0,0.0,1,456.5,1118.0,1,780.5,0.0,0.0,0.0,0.0,0.0,39
2023-05-09 21:03:41,SR401C6000,SR401C6000,780.5,0.0,0.0,0.0,10,457.0,1117.5,10,780.5,0.0,0.0,0.0,0.0,0.0,39
2023-05-09 21:03:43,SR401C6000,SR401C6000,780.5,0.0,0.0,0.0,1,458.5,1116.0,1,780.5,0.0,0.0,0.0,0.0,0.0,39
2023-05-09 21:03:44,SR401C6000,SR401C6000,780.5,0.0,0.0,0.0,10,459.0,1115.5,10,780.5,0.0,0.0,0.0,0.0,0.0,39
2023-05-09 21:03:44,SR401C6000,SR401C6000,780.5,0.0,0.0,0.0,1,460.5,1114.0,1,780.5,0.0,0.0,0.0,0.0,0.0,39
2023-05-09 21:03:45,SR401C6000,SR401C6000,780.5,0.0,0.0,0.0,10,461.0,1113.5,10,780.5,0.0,0.0,0.0,0.0,0.0,39
2023-05-09 21:03:50,SR401C6000,SR401C6000,780.5,0.0,0.0,0.0,1,462.5,1112.0,1,780.5,0.0,0.0,0.0,0.0,0.0,39
2023-05-09 21:03:50,SR401C6000,SR401C6000,780.5,0.0,0.0,0.0,10,463.0,1111.5,10,780.5,0.0,0.0,0.0,0.0,0.0,39
2023-05-09 21:03:52,SR401C6000,SR401C6000,780.5,0.0,0.0,0.0,1,464.5,1110.0,1,780.5,0.0,0.0,0.0,0.0,0.0,39
2023-05-09 21:03:53,SR401C6000,SR401C6000,780.5,0.0,0.0,0.0,10,465.0,1109.5,10,780.5,0.0,0.0,0.0,0.0,0.0,39
2023-05-09 21:03:55,SR401C6000,SR401C6000,780.5,0.0,0.0,0.0,1,466.5,1108.0,1,780.5,0.0,0.0,0.0,0.0,0.0,39
2023-05-09 21:03:55,SR401C6000,SR401C6000,780.5,0.0,0.0,0.0,10,467.0,1107.5,10,780.5,0.0,0.0,0.0,0.0,0.0,39
2023-05-09 21:03:56,SR401C6000,SR401C6000,780.5,0.0,0.0,0.0,1,468.5,1107.5,10,780.5,0.0,0.0,0.0,0.0,0.0,39
2023-05-09 21:03:57,SR401C6000,SR401C6000,780.5,0.0,0.0,0.0,10,469.0,1107.5,10,780.5,0.0,0.0,0.0,0.0,0.0,39
2023-05-09 21:03:57,SR401C6000,SR401C6000,780.5,0.0,0.0,0.0,1,470.5,1106.0,1,780.5,0.0,0.0,0.0,0.0,0.0,39
2023-05-09 21:03:58,SR401C6000,SR401C6000,780.5,0.0,0.0,0.0,10,471.0,1105.5,10,780.5,0.0,0.0,0.0,0.0,0.0,39
2023-05-09 21:04:02,SR401C6000,SR401C6000,780.5,0.0,0.0,0.0,1,472.5,1104.0,1,780.5,0.0,0.0,0.0,0.0,0.0,39
2023-05-09 21:04:02,SR401C6000,SR401C6000,780.5,0.0,0.0,0.0,10,473.0,1103.5,10,780.5,0.0,0.0,0.0,0.0,0.0,39
2023-05-09 21:04:03,SR401C6000,SR401C6000,780.5,0.0,0.0,0.0,1,474.5,1102.0,1,780.5,0.0,0.0,0.0,0.0,0.0,39
2023-05-09 21:04:03,SR401C6000,SR401C6000,780.5,0.0,0.0,0.0,10,475.0,1101.5,10,780.5,0.0,0.0,0.0,0.0,0.0,39
2023-05-09 21:04:07,SR401C6000,SR401C6000,780.5,0.0,0.0,0.0,1,476.5,1100.0,1,780.5,0.0,0.0,0.0,0.0,0.0,39
2023-05-09 21:04:07,SR401C6000,SR401C6000,780.5,0.0,0.0,0.0,10,477.0,1099.5,10,780.5,0.0,0.0,0.0,0.0,0.0,39
2023-05-09 21:04:11,SR401C6000,SR401C6000,780.5,0.0,0.0,0.0,1,478.5,1099.5,10,780.5,0.0,0.0,0.0,0.0,0.0,39
2023-05-09 21:04:12,SR401C6000,SR401C6000,780.5,0.0,0.0,0.0,10,479.0,1099.5,10,780.5,0.0,0.0,0.0,0.0,0.0,39
2023-05-09 21:04:12,SR401C6000,SR401C6000,780.5,0.0,0.0,0.0,1,480.5,1098.0,1,780.5,0.0,0.0,0.0,0.0,0.0,39
2023-05-09 21:04:13,SR401C6000,SR401C6000,780.5,0.0,0.0,0.0,10,481.0,1097.5,10,780.5,0.0,0.0,0.0,0.0,0.0,39
2023-05-09 21:04:13,SR401C6000,SR401C6000,780.5,0.0,0.0,0.0,1,482.5,1096.0,1,780.5,0.0,0.0,0.0,0.0,0.0,39
2023-05-09 21:04:14,SR401C6000,SR401C6000,780.5,0.0,0.0,0.0,10,483.0,1095.5,10,780.5,0.0,0.0,0.0,0.0,0.0,39
2023-05-09 21:04:14,SR401C6000,SR401C6000,780.5,0.0,0.0,0.0,1,484.5,1094.0,1,780.5,0.0,0.0,0.0,0.0,0.0,39
2023-05-09 21:04:15,SR401C6000,SR401C6000,780.5,0.0,0.0,0.0,10,485.0,1093.5,10,780.5,0.0,0.0,0.0,0.0,0.0,39
2023-05-09 21:04:18,SR401C6000,SR401C6000,780.5,0.0,0.0,0.0,1,486.5,1092.0,1,780.5,0.0,0.0,0.0,0.0,0.0,39
2023-05-09 21:04:19,SR401C6000,SR401C6000,780.5,0.0,0.0,0.0,10,487.0,1091.5,10,780.5,0.0,0.0,0.0,0.0,0.0,39
2023-05-09 21:04:20,SR401C6000,SR401C6000,780.5,0.0,0.0,0.0,1,488.5,1090.0,1,780.5,0.0,0.0,0.0,0.0,0.0,39
2023-05-09 21:04:20,SR401C6000,SR401C6000,780.5,0.0,0.0,0.0,10,489.0,1089.5,10,780.5,0.0,0.0,0.0,0.0,0.0,39
2023-05-09 21:04:21,SR401C6000,SR401C6000,780.5,0.0,0.0,0.0,1,490.5,1088.0,1,780.5,0.0,0.0,0.0,0.0,0.0,39
2023-05-09 21:04:21,SR401C6000,SR401C6000,780.5,0.0,0.0,0.0,10,491.0,1087.5,10,780.5,0.0,0.0,0.0,0.0,0.0,39
2023-05-09 21:04:26,SR401C6000,SR401C6000,780.5,0.0,0.0,0.0,1,492.5,1086.0,1,780.5,0.0,0.0,0.0,0.0,0.0,39
2023-05-09 21:04:26,SR401C6000,SR401C6000,780.5,0.0,0.0,0.0,10,493.0,1085.5,10,780.5,0.0,0.0,0.0,0.0,0.0,39
2023-05-09 21:04:27,SR401C6000,SR401C6000,780.5,0.0,0.0,0.0,1,494.5,1084.0,1,780.5,0.0,0.0,0.0,0.0,0.0,39
2023-05-09 21:04:28,SR401C6000,SR401C6000,780.5,0.0,0.0,0.0,10,495.0,1083.5,10,780.5,0.0,0.0,0.0,0.0,0.0,39
2023-05-09 21:04:33,SR401C6000,SR401C6000,780.5,0.0,0.0,0.0,1,496.5,1082.0,1,780.5,0.0,0.0,0.0,0.0,0.0,39
2023-05-09 21:04:33,SR401C6000,SR401C6000,780.5,0.0,0.0,0.0,10,497.0,1081.5,10,780.5,0.0,0.0,0.0,0.0,0.0,39
2023-05-09 21:04:35,SR401C6000,SR401C6000,780.5,0.0,0.0,0.0,1,498.5,1080.0,1,780.5,0.0,0.0,0.0,0.0,0.0,39
2023-05-09 21:04:35,SR401C6000,SR401C6000,780.5,0.0,0.0,0.0,10,499.0,1079.5,10,780.5,0.0,0.0,0.0,0.0,0.0,39
2023-05-09 21:04:38,SR401C6000,SR401C6000,780.5,0.0,0.0,0.0,1,500.5,1078.0,1,780.5,0.0,0.0,0.0,0.0,0.0,39
2023-05-09 21:04:39,SR401C6000,SR401C6000,780.5,0.0,0.0,0.0,10,501.0,1077.5,10,780.5,0.0,0.0,0.0,0.0,0.0,39
2023-05-09 21:04:44,SR401C6000,SR401C6000,780.5,0.0,0.0,0.0,1,502.5,1077.5,10,780.5,0.0,0.0,0.0,0.0,0.0,39
2023-05-09 21:04:44,SR401C6000,SR401C6000,780.5,0.0,0.0,0.0,10,503.0,1077.5,10,780.5,0.0,0.0,0.0,0.0,0.0,39
2023-05-09 21:04:47,SR401C6000,SR401C6000,780.5,0.0,0.0,0.0,1,504.5,1077.5,10,780.5,0.0,0.0,0.0,0.0,0.0,39
2023-05-09 21:04:47,SR401C6000,SR401C6000,780.5,0.0,0.0,0.0,10,505.0,1077.5,10,780.5,0.0,0.0,0.0,0.0,0.0,39
2023-05-09 21:04:48,SR401C6000,SR401C6000,780.5,0.0,0.0,0.0,1,506.5,1076.0,1,780.5,0.0,0.0,0.0,0.0,0.0,39
2023-05-09 21:04:48,SR401C6000,SR401C6000,780.5,0.0,0.0,0.0,10,507.0,1075.5,10,780.5,0.0,0.0,0.0,0.0,0.0,39
2023-05-09 21:04:52,SR401C6000,SR401C6000,780.5,0.0,0.0,0.0,1,508.5,1074.0,1,780.5,0.0,0.0,0.0,0.0,0.0,39
2023-05-09 21:04:52,SR401C6000,SR401C6000,780.5,0.0,0.0,0.0,10,509.0,1073.5,10,780.5,0.0,0.0,0.0,0.0,0.0,39
2023-05-09 21:04:55,SR401C6000,SR401C6000,780.5,0.0,0.0,0.0,1,510.5,1072.0,1,780.5,0.0,0.0,0.0,0.0,0.0,39
2023-05-09 21:04:55,SR401C6000,SR401C6000,780.5,0.0,0.0,0.0,10,511.0,1071.5,10,780.5,0.0,0.0,0.0,0.0,0.0,39
2023-05-09 21:04:57,SR401C6000,SR401C6000,780.5,0.0,0.0,0.0,1,512.5,1070.0,1,780.5,0.0,0.0,0.0,0.0,0.0,39
2023-05-09 21:04:58,SR401C6000,SR401C6000,780.5,0.0,0.0,0.0,10,513.0,1069.5,10,780.5,0.0,0.0,0.0,0.0,0.0,39
2023-05-09 21:04:59,SR401C6000,SR401C6000,780.5,0.0,0.0,0.0,1,514.5,1068.0,1,780.5,0.0,0.0,0.0,0.0,0.0,39
2023-05-09 21:05:00,SR401C6000,SR401C6000,780.5,0.0,0.0,0.0,10,515.0,1067.5,10,780.5,0.0,0.0,0.0,0.0,0.0,39
2023-05-09 21:05:05,SR401C6000,SR401C6000,780.5,0.0,0.0,0.0,1,516.5,1066.0,1,780.5,0.0,0.0,0.0,0.0,0.0,39
2023-05-09 21:05:05,SR401C6000,SR401C6000,780.5,0.0,0.0,0.0,10,517.0,1065.5,10,780.5,0.0,0.0,0.0,0.0,0.0,39
2023-05-09 21:05:06,SR401C6000,SR401C6000,780.5,0.0,0.0,0.0,1,518.5,1064.0,1,780.5,0.0,0.0,0.0,0.0,0.0,39
2023-05-09 21:05:06,SR401C6000,SR401C6000,780.5,0.0,0.0,0.0,10,519.0,1063.5,10,780.5,0.0,0.0,0.0,0.0,0.0,39
2023-05-09 21:05:09,SR401C6000,SR401C6000,780.5,0.0,0.0,0.0,1,520.5,1062.0,1,780.5,0.0,0.0,0.0,0.0,0.0,39
2023-05-09 21:05:09,SR401C6000,SR401C6000,780.5,0.0,0.0,0.0,10,521.0,1061.5,10,780.5,0.0,0.0,0.0,0.0,0.0,39
2023-05-09 21:05:10,SR401C6000,SR401C6000,780.5,0.0,0.0,0.0,1,522.5,1060.0,1,780.5,0.0,0.0,0.0,0.0,0.0,39
2023-05-09 21:05:10,SR401C6000,SR401C6000,780.5,0.0,0.0,0.0,10,523.0,1059.5,10,780.5,0.0,0.0,0.0,0.0,0.0,39
2023-05-09 21:05:13,SR401C6000,SR401C6000,780.5,0.0,0.0,0.0,1,524.5,1058.0,1,780.5,0.0,0.0,0.0,0.0,0.0,39
2023-05-09 21:05:13,SR401C6000,SR401C6000,780.5,0.0,0.0,0.0,10,525.0,1057.5,10,780.5,0.0,0.0,0.0,0.0,0.0,39
2023-05-09 21:05:14,SR401C6000,SR401C6000,780.5,0.0,0.0,0.0,1,526.5,1056.0,1,780.5,0.0,0.0,0.0,0.0,0.0,39
2023-05-09 21:05:14,SR401C6000,SR401C6000,780.5,0.0,0.0,0.0,10,527.0,1055.5,10,780.5,0.0,0.0,0.0,0.0,0.0,39
2023-05-09 21:05:16,SR401C6000,SR401C6000,780.5,0.0,0.0,0.0,1,528.5,1054.0,1,780.5,0.0,0.0,0.0,0.0,0.0,39
2023-05-09 21:05:17,SR401C6000,SR401C6000,780.5,0.0,0.0,0.0,10,529.0,1053.5,10,780.5,0.0,0.0,0.0,0.0,0.0,39
2023-05-09 21:05:19,SR401C6000,SR401C6000,780.5,0.0,0.0,0.0,1,530.5,1052.0,1,780.5,0.0,0.0,0.0,0.0,0.0,39
2023-05-09 21:05:20,SR401C6000,SR401C6000,780.5,0.0,0.0,0.0,10,531.0,1051.5,10,780.5,0.0,0.0,0.0,0.0,0.0,39
2023-05-09 21:05:22,SR401C6000,SR401C6000,780.5,0.0,0.0,0.0,1,532.5,1050.0,1,780.5,0.0,0.0,0.0,0.0,0.0,39
2023-05-09 21:05:23,SR401C6000,SR401C6000,780.5,0.0,0.0,0.0,10,533.0,1049.5,10,780.5,0.0,0.0,0.0,0.0,0.0,39
2023-05-09 21:05:26,SR401C6000,SR401C6000,780.5,0.0,0.0,0.0,1,534.5,1049.5,10,780.5,0.0,0.0,0.0,0.0,0.0,39
2023-05-09 21:05:27,SR401C6000,SR401C6000,780.5,0.0,0.0,0.0,10,535.0,1049.5,10,780.5,0.0,0.0,0.0,0.0,0.0,39
2023-05-09 21:05:27,SR401C6000,SR401C6000,780.5,0.0,0.0,0.0,1,536.5,1048.0,1,780.5,0.0,0.0,0.0,0.0,0.0,39
2023-05-09 21:05:28,SR401C6000,SR401C6000,780.5,0.0,0.0,0.0,10,537.0,1047.5,10,780.5,0.0,0.0,0.0,0.0,0.0,39
2023-05-09 21:05:28,SR401C6000,SR401C6000,780.5,0.0,0.0,0.0,1,538.5,1046.0,1,780.5,0.0,0.0,0.0,0.0,0.0,39
2023-05-09 21:05:29,SR401C6000,SR401C6000,780.5,0.0,0.0,0.0,10,539.0,1045.5,10,780.5,0.0,0.0,0.0,0.0,0.0,39
2023-05-09 21:05:32,SR401C6000,SR401C6000,780.5,0.0,0.0,0.0,1,540.5,1044.0,1,780.5,0.0,0.0,0.0,0.0,0.0,39
2023-05-09 21:05:33,SR401C6000,SR401C6000,780.5,0.0,0.0,0.0,10,541.0,1043.5,10,780.5,0.0,0.0,0.0,0.0,0.0,39
2023-05-09 21:05:33,SR401C6000,SR401C6000,780.5,0.0,0.0,0.0,1,542.5,1042.0,1,780.5,0.0,0.0,0.0,0.0,0.0,39
2023-05-09 21:05:34,SR401C6000,SR401C6000,780.5,0.0,0.0,0.0,10,543.0,1041.5,10,780.5,0.0,0.0,0.0,0.0,0.0,39
2023-05-09 21:05:34,SR401C6000,SR401C6000,780.5,0.0,0.0,0.0,1,544.5,1040.0,1,780.5,0.0,0.0,0.0,0.0,0.0,39
2023-05-09 21:05:35,SR401C6000,SR401C6000,780.5,0.0,0.0,0.0,10,545.0,1039.5,10,780.5,0.0,0.0,0.0,0.0,0.0,39
2023-05-09 21:05:35,SR401C6000,SR401C6000,780.5,0.0,0.0,0.0,1,546.5,1038.0,1,780.5,0.0,0.0,0.0,0.0,0.0,39
2023-05-09 21:05:36,SR401C6000,SR401C6000,780.5,0.0,0.0,0.0,10,547.0,1037.5,10,780.5,0.0,0.0,0.0,0.0,0.0,39
2023-05-09 21:05:37,SR401C6000,SR401C6000,780.5,0.0,0.0,0.0,1,548.5,1036.0,1,780.5,0.0,0.0,0.0,0.0,0.0,39
2023-05-09 21:05:38,SR401C6000,SR401C6000,780.5,0.0,0.0,0.0,10,549.0,1035.5,10,780.5,0.0,0.0,0.0,0.0,0.0,39
2023-05-09 21:05:38,SR401C6000,SR401C6000,780.5,0.0,0.0,0.0,1,550.5,1034.0,1,780.5,0.0,0.0,0.0,0.0,0.0,39
2023-05-09 21:05:39,SR401C6000,SR401C6000,780.5,0.0,0.0,0.0,10,551.0,1033.5,10,780.5,0.0,0.0,0.0,0.0,0.0,39
2023-05-09 21:05:40,SR401C6000,SR401C6000,780.5,0.0,0.0,0.0,1,552.5,1032.0,1,780.5,0.0,0.0,0.0,0.0,0.0,39
2023-05-09 21:05:41,SR401C6000,SR401C6000,780.5,0.0,0.0,0.0,10,553.0,1031.5,10,780.5,0.0,0.0,0.0,0.0,0.0,39
2023-05-09 21:05:41,SR401C6000,SR401C6000,780.5,0.0,0.0,0.0,1,554.5,1031.5,10,780.5,0.0,0.0,0.0,0.0,0.0,39
2023-05-09 21:05:42,SR401C6000,SR401C6000,780.5,0.0,0.0,0.0,10,555.0,1030.0,1,780.5,0.0,0.0,0.0,0.0,0.0,39
2023-05-09 21:05:42,SR401C6000,SR401C6000,780.5,0.0,0.0,0.0,10,555.0,1029.5,10,780.5,0.0,0.0,0.0,0.0,0.0,39
2023-05-09 21:05:43,SR401C6000,SR401C6000,780.5,0.0,0.0,0.0,1,556.5,1028.0,1,780.5,0.0,0.0,0.0,0.0,0.0,39
2023-05-09 21:05:43,SR401C6000,SR401C6000,780.5,0.0,0.0,0.0,10,557.0,1027.5,10,780.5,0.0,0.0,0.0,0.0,0.0,39
2023-05-09 21:05:44,SR401C6000,SR401C6000,780.5,0.0,0.0,0.0,1,558.5,1026.0,1,780.5,0.0,0.0,0.0,0.0,0.0,39
2023-05-09 21:05:44,SR401C6000,SR401C6000,780.5,0.0,0.0,0.0,10,559.0,1025.5,10,780.5,0.0,0.0,0.0,0.0,0.0,39
2023-05-09 21:05:45,SR401C6000,SR401C6000,780.5,0.0,0.0,0.0,1,560.5,1024.0,1,780.5,0.0,0.0,0.0,0.0,0.0,39
2023-05-09 21:05:45,SR401C6000,SR401C6000,780.5,0.0,0.0,0.0,10,561.0,1023.5,10,780.5,0.0,0.0,0.0,0.0,0.0,39
2023-05-09 21:05:46,SR401C6000,SR401C6000,780.5,0.0,0.0,0.0,1,562.5,1022.0,1,780.5,0.0,0.0,0.0,0.0,0.0,39
2023-05-09 21:05:46,SR401C6000,SR401C6000,780.5,0.0,0.0,0.0,10,563.0,1021.5,10,780.5,0.0,0.0,0.0,0.0,0.0,39
2023-05-09 21:05:46,SR401C6000,SR401C6000,780.5,0.0,0.0,0.0,1,562.5,1022.0,1,780.5,0.0,0.0,0.0,0.0,0.0,39
2023-05-09 21:05:46,SR401C6000,SR401C6000,780.5,0.0,0.0,0.0,10,563.0,1021.5,10,780.5,0.0,0.0,0.0,0.0,0.0,39
2023-05-09 21:23:57,SR401C6000,SR401C6000,780.5,0.0,0.0,0.0,1,564.5,1020.0,1,780.5,0.0,0.0,0.0,0.0,0.0,39
2023-05-09 21:23:58,SR401C6000,SR401C6000,780.5,0.0,0.0,0.0,10,565.0,1019.5,10,780.5,0.0,0.0,0.0,0.0,0.0,39
2023-05-09 21:23:58,SR401C6000,SR401C6000,780.5,0.0,0.0,0.0,1,566.5,1018.0,1,780.5,0.0,0.0,0.0,0.0,0.0,39
2023-05-09 21:23:59,SR401C6000,SR401C6000,780.5,0.0,0.0,0.0,10,567.0,1017.5,10,780.5,0.0,0.0,0.0,0.0,0.0,39
2023-05-09 21:23:59,SR401C6000,SR401C6000,780.5,0.0,0.0,0.0,1,568.5,1016.0,1,780.5,0.0,0.0,0.0,0.0,0.0,39
2023-05-09 21:24:00,SR401C6000,SR401C6000,780.5,0.0,0.0,0.0,10,569.0,1015.5,10,780.5,0.0,0.0,0.0,0.0,0.0,39
2023-05-09 21:24:00,SR401C6000,SR401C6000,780.5,0.0,0.0,0.0,1,570.5,1014.0,1,780.5,0.0,0.0,0.0,0.0,0.0,39
2023-05-09 21:24:01,SR401C6000,SR401C6000,780.5,0.0,0.0,0.0,10,571.0,1013.5,10,780.5,0.0,0.0,0.0,0.0,0.0,39
2023-05-09 21:24:01,SR401C6000,SR401C6000,780.5,0.0,0.0,0.0,1,572.5,1012.0,1,780.5,0.0,0.0,0.0,0.0,0.0,39
2023-05-09 21:24:02,SR401C6000,SR401C6000,780.5,0.0,0.0,0.0,10,573.0,1011.5,10,780.5,0.0,0.0,0.0,0.0,0.0,39
2023-05-09 21:43:57,SR401C6000,SR401C6000,780.5,0.0,0.0,0.0,1,574.5,1010.0,1,780.5,0.0,0.0,0.0,0.0,0.0,39
2023-05-09 21:43:58,SR401C6000,SR401C6000,780.5,0.0,0.0,0.0,10,575.0,1009.5,10,780.5,0.0,0.0,0.0,0.0,0.0,39
2023-05-09 21:43:58,SR401C6000,SR401C6000,780.5,0.0,0.0,0.0,1,576.5,1008.0,1,780.5,0.0,0.0,0.0,0.0,0.0,39
2023-05-09 21:43:59,SR401C6000,SR401C6000,780.5,0.0,0.0,0.0,10,577.0,1007.5,10,780.5,0.0,0.0,0.0,0.0,0.0,39
2023-05-09 21:43:59,SR401C6000,SR401C6000,780.5,0.0,0.0,0.0,1,578.5,1006.0,1,780.5,0.0,0.0,0.0,0.0,0.0,39
2023-05-09 21:44:00,SR401C6000,SR401C6000,780.5,0.0,0.0,0.0,10,579.0,1005.5,10,780.5,0.0,0.0,0.0,0.0,0.0,39
2023-05-09 21:44:00,SR401C6000,SR401C6000,780.5,0.0,0.0,0.0,1,580.5,1004.0,1,780.5,0.0,0.0,0.0,0.0,0.0,39
2023-05-09 21:44:01,SR401C6000,SR401C6000,780.5,0.0,0.0,0.0,10,581.0,1003.5,10,780.5,0.0,0.0,0.0,0.0,0.0,39
2023-05-09 21:44:01,SR401C6000,SR401C6000,780.5,0.0,0.0,0.0,1,582.5,1002.0,1,780.5,0.0,0.0,0.0,0.0,0.0,39
2023-05-09 21:44:02,SR401C6000,SR401C6000,780.5,0.0,0.0,0.0,10,583.0,1001.5,10,780.5,0.0,0.0,0.0,0.0,0.0,39
2023-05-09 22:03:54,SR401C6000,SR401C6000,780.5,0.0,0.0,0.0,1,378.5,0.0,0,780.5,0.0,0.0,0.0,0.0,0.0,39
2023-05-09 22:03:56,SR401C6000,SR401C6000,780.5,0.0,0.0,0.0,1,380.0,1182.0,1,780.5,0.0,0.0,0.0,0.0,0.0,39
2023-05-09 22:05:09,SR401C6000,SR401C6000,780.5,0.0,0.0,0.0,10,380.5,1181.5,10,780.5,0.0,0.0,0.0,0.0,0.0,39
2023-05-09 22:05:10,SR401C6000,SR401C6000,780.5,0.0,0.0,0.0,1,382.0,1180.0,1,780.5,0.0,0.0,0.0,0.0,0.0,39
2023-05-09 22:05:10,SR401C6000,SR401C6000,780.5,0.0,0.0,0.0,10,382.5,1179.5,10,780.5,0.0,0.0,0.0,0.0,0.0,39
2023-05-09 22:05:11,SR401C6000,SR401C6000,780.5,0.0,0.0,0.0,1,384.0,1178.0,1,780.5,0.0,0.0,0.0,0.0,0.0,39
2023-05-09 22:05:11,SR401C6000,SR401C6000,780.5,0.0,0.0,0.0,10,384.5,1177.5,10,780.5,0.0,0.0,0.0,0.0,0.0,39
2023-05-09 22:05:13,SR401C6000,SR401C6000,780.5,0.0,0.0,0.0,1,386.0,1176.0,1,780.5,0.0,0.0,0.0,0.0,0.0,39
2023-05-09 22:05:13,SR401C6000,SR401C6000,780.5,0.0,0.0,0.0,10,386.5,1175.5,10,780.5,0.0,0.0,0.0,0.0,0.0,39
2023-05-09 22:05:24,SR401C6000,SR401C6000,780.5,0.0,0.0,0.0,1,378.5,0.0,0,780.5,0.0,0.0,0.0,0.0,0.0,39
2023-05-09 22:13:50,SR401C6000,SR401C6000,780.5,0.0,0.0,0.0,10,379.0,0.0,0,780.5,0.0,0.0,0.0,0.0,0.0,39
2023-05-09 22:23:57,SR401C6000,SR401C6000,780.5,0.0,0.0,0.0,1,380.5,1182.0,1,780.5,0.0,0.0,0.0,0.0,0.0,39
2023-05-09 22:23:58,SR401C6000,SR401C6000,780.5,0.0,0.0,0.0,10,381.0,1181.5,10,780.5,0.0,0.0,0.0,0.0,0.0,39
2023-05-09 22:23:58,SR401C6000,SR401C6000,780.5,0.0,0.0,0.0,1,382.5,1180.0,1,780.5,0.0,0.0,0.0,0.0,0.0,39
2023-05-09 22:23:59,SR401C6000,SR401C6000,780.5,0.0,0.0,0.0,10,383.0,1179.5,10,780.5,0.0,0.0,0.0,0.0,0.0,39
2023-05-09 22:23:59,SR401C6000,SR401C6000,780.5,0.0,0.0,0.0,1,384.5,1178.0,1,780.5,0.0,0.0,0.0,0.0,0.0,39
2023-05-09 22:24:00,SR401C6000,SR401C6000,780.5,0.0,0.0,0.0,10,385.0,1177.5,10,780.5,0.0,0.0,0.0,0.0,0.0,39
2023-05-09 22:24:00,SR401C6000,SR401C6000,780.5,0.0,0.0,0.0,1,386.5,1176.0,1,780.5,0.0,0.0,0.0,0.0,0.0,39
2023-05-09 22:24:01,SR401C6000,SR401C6000,780.5,0.0,0.0,0.0,10,387.0,1175.5,10,780.5,0.0,0.0,0.0,0.0,0.0,39
2023-05-09 22:24:01,SR401C6000,SR401C6000,780.5,0.0,0.0,0.0,1,388.5,1174.0,1,780.5,0.0,0.0,0.0,0.0,0.0,39
2023-05-09 22:24:02,SR401C6000,SR401C6000,780.5,0.0,0.0,0.0,10,389.0,1173.5,10,780.5,0.0,0.0,0.0,0.0,0.0,39
2023-05-09 22:24:02,SR401C6000,SR401C6000,780.5,0.0,0.0,0.0,1,390.5,1172.0,1,780.5,0.0,0.0,0.0,0.0,0.0,39
2023-05-09 22:24:02,SR401C6000,SR401C6000,780.5,0.0,0.0,0.0,10,389.0,1173.5,10,780.5,0.0,0.0,0.0,0.0,0.0,39
2023-05-09 22:24:02,SR401C6000,SR401C6000,780.5,0.0,0.0,0.0,1,390.5,1172.0,1,780.5,0.0,0.0,0.0,0.0,0.0,39
2023-05-09 22:24:03,SR401C6000,SR401C6000,780.5,0.0,0.0,0.0,10,391.0,1171.5,10,780.5,0.0,0.0,0.0,0.0,0.0,39
2023-05-09 22:26:34,SR401C6000,SR401C6000,780.5,0.0,0.0,0.0,1,378.5,0.0,0,780.5,0.0,0.0,0.0,0.0,0.0,39
2023-05-09 22:28:00,SR401C6000,SR401C6000,780.5,0.0,0.0,0.0,10,379.0,0.0,0,780.5,0.0,0.0,0.0,0.0,0.0,39
2023-05-09 22:57:35,SR401C6000,SR401C6000,780.5,0.0,0.0,0.0,1,378.5,0.0,0,780.5,0.0,0.0,0.0,0.0,0.0,39
2023-05-09 22:59:08,SR401C6000,SR401C6000,780.5,0.0,0.0,0.0,0,0.0,0.0,0,780.5,0.0,0.0,0.0,0.0,0.0,39
2023-05-10 09:02:04,SR401C6000,SR401C6000,780.5,0.0,0.0,0.0,10,379.5,1181.5,10,780.5,0.0,0.0,0.0,0.0,0.0,39
2023-05-10 09:02:11,SR401C6000,SR401C6000,780.5,0.0,0.0,0.0,1,381.0,1181.5,10,780.5,0.0,0.0,0.0,0.0,0.0,39
2023-05-10 09:02:12,SR401C6000,SR401C6000,780.5,0.0,0.0,0.0,10,381.5,1180.0,1,780.5,0.0,0.0,0.0,0.0,0.0,39
2023-05-10 09:02:12,SR401C6000,SR401C6000,780.5,0.0,0.0,0.0,10,381.5,1179.5,10,780.5,0.0,0.0,0.0,0.0,0.0,39
2023-05-10 09:02:16,SR401C6000,SR401C6000,780.5,0.0,0.0,0.0,1,383.0,1178.0,1,780.5,0.0,0.0,0.0,0.0,0.0,39
2023-05-10 09:02:16,SR401C6000,SR401C6000,780.5,0.0,0.0,0.0,10,383.5,1177.5,10,780.5,0.0,0.0,0.0,0.0,0.0,39
2023-05-10 09:02:17,SR401C6000,SR401C6000,780.5,0.0,0.0,0.0,1,385.0,1176.0,1,780.5,0.0,0.0,0.0,0.0,0.0,39
2023-05-10 09:02:17,SR401C6000,SR401C6000,780.5,0.0,0.0,0.0,10,385.5,1175.5,10,780.5,0.0,0.0,0.0,0.0,0.0,39
2023-05-10 09:02:18,SR401C6000,SR401C6000,780.5,0.0,0.0,0.0,1,387.0,1174.0,1,780.5,0.0,0.0,0.0,0.0,0.0,39
2023-05-10 09:02:18,SR401C6000,SR401C6000,780.5,0.0,0.0,0.0,10,387.5,1173.5,10,780.5,0.0,0.0,0.0,0.0,0.0,39
2023-05-10 09:02:24,SR401C6000,SR401C6000,780.5,0.0,0.0,0.0,1,389.0,1172.0,1,780.5,0.0,0.0,0.0,0.0,0.0,39
2023-05-10 09:02:24,SR401C6000,SR401C6000,780.5,0.0,0.0,0.0,10,389.5,1171.5,10,780.5,0.0,0.0,0.0,0.0,0.0,39
2023-05-10 09:02:27,SR401C6000,SR401C6000,780.5,0.0,0.0,0.0,1,391.0,1170.0,1,780.5,0.0,0.0,0.0,0.0,0.0,39
2023-05-10 09:02:27,SR401C6000,SR401C6000,780.5,0.0,0.0,0.0,10,391.5,1169.5,10,780.5,0.0,0.0,0.0,0.0,0.0,39
2023-05-10 09:02:31,SR401C6000,SR401C6000,780.5,0.0,0.0,0.0,1,393.0,1168.0,1,780.5,0.0,0.0,0.0,0.0,0.0,39
2023-05-10 09:02:31,SR401C6000,SR401C6000,780.5,0.0,0.0,0.0,10,393.5,1167.5,10,780.5,0.0,0.0,0.0,0.0,0.0,39
2023-05-10 09:02:36,SR401C6000,SR401C6000,780.5,0.0,0.0,0.0,1,395.0,1166.0,1,780.5,0.0,0.0,0.0,0.0,0.0,39
2023-05-10 09:02:36,SR401C6000,SR401C6000,780.5,0.0,0.0,0.0,10,395.5,1165.5,10,780.5,0.0,0.0,0.0,0.0,0.0,39
2023-05-10 09:02:41,SR401C6000,SR401C6000,780.5,0.0,0.0,0.0,1,397.0,1164.0,1,780.5,0.0,0.0,0.0,0.0,0.0,39
2023-05-10 09:02:41,SR401C6000,SR401C6000,780.5,0.0,0.0,0.0,10,397.5,1163.5,10,780.5,0.0,0.0,0.0,0.0,0.0,39
2023-05-10 09:02:45,SR401C6000,SR401C6000,780.5,0.0,0.0,0.0,1,399.0,1163.5,10,780.5,0.0,0.0,0.0,0.0,0.0,39
2023-05-10 09:02:45,SR401C6000,SR401C6000,780.5,0.0,0.0,0.0,10,399.5,1163.5,10,780.5,0.0,0.0,0.0,0.0,0.0,39
2023-05-10 09:02:47,SR401C6000,SR401C6000,780.5,0.0,0.0,0.0,1,401.0,1162.0,1,780.5,0.0,0.0,0.0,0.0,0.0,39
2023-05-10 09:02:47,SR401C6000,SR401C6000,780.5,0.0,0.0,0.0,10,401.5,1161.5,10,780.5,0.0,0.0,0.0,0.0,0.0,39
2023-05-10 09:02:52,SR401C6000,SR401C6000,780.5,0.0,0.0,0.0,1,403.0,1160.0,1,780.5,0.0,0.0,0.0,0.0,0.0,39
2023-05-10 09:02:52,SR401C6000,SR401C6000,780.5,0.0,0.0,0.0,10,403.5,1159.5,10,780.5,0.0,0.0,0.0,0.0,0.0,39
2023-05-10 09:02:56,SR401C6000,SR401C6000,780.5,0.0,0.0,0.0,1,405.0,1158.0,1,780.5,0.0,0.0,0.0,0.0,0.0,39
2023-05-10 09:02:56,SR401C6000,SR401C6000,780.5,0.0,0.0,0.0,10,405.5,1157.5,10,780.5,0.0,0.0,0.0,0.0,0.0,39
2023-05-10 09:02:59,SR401C6000,SR401C6000,780.5,0.0,0.0,0.0,10,405.5,1156.0,1,780.5,0.0,0.0,0.0,0.0,0.0,39
2023-05-10 09:02:59,SR401C6000,SR401C6000,780.5,0.0,0.0,0.0,1,407.0,1155.5,10,780.5,0.0,0.0,0.0,0.0,0.0,39
2023-05-10 09:03:00,SR401C6000,SR401C6000,780.5,0.0,0.0,0.0,10,407.5,1154.0,1,780.5,0.0,0.0,0.0,0.0,0.0,39
2023-05-10 09:03:00,SR401C6000,SR401C6000,780.5,0.0,0.0,0.0,10,407.5,1153.5,10,780.5,0.0,0.0,0.0,0.0,0.0,39
2023-05-10 09:03:02,SR401C6000,SR401C6000,780.5,0.0,0.0,0.0,1,409.0,1153.5,10,780.5,0.0,0.0,0.0,0.0,0.0,39
2023-05-10 09:03:02,SR401C6000,SR401C6000,780.5,0.0,0.0,0.0,10,409.5,1152.0,1,780.5,0.0,0.0,0.0,0.0,0.0,39
2023-05-10 09:03:03,SR401C6000,SR401C6000,780.5,0.0,0.0,0.0,10,409.5,1151.5,10,780.5,0.0,0.0,0.0,0.0,0.0,39
2023-05-10 09:03:05,SR401C6000,SR401C6000,780.5,0.0,0.0,0.0,1,411.0,1150.0,1,780.5,0.0,0.0,0.0,0.0,0.0,39
2023-05-10 09:03:06,SR401C6000,SR401C6000,780.5,0.0,0.0,0.0,10,411.5,1149.5,10,780.5,0.0,0.0,0.0,0.0,0.0,39
2023-05-10 09:03:09,SR401C6000,SR401C6000,780.5,0.0,0.0,0.0,1,413.0,1148.0,1,780.5,0.0,0.0,0.0,0.0,0.0,39
2023-05-10 09:03:10,SR401C6000,SR401C6000,780.5,0.0,0.0,0.0,10,413.5,1147.5,10,780.5,0.0,0.0,0.0,0.0,0.0,39
2023-05-10 09:03:11,SR401C6000,SR401C6000,780.5,0.0,0.0,0.0,1,415.0,1146.0,1,780.5,0.0,0.0,0.0,0.0,0.0,39
2023-05-10 09:03:12,SR401C6000,SR401C6000,780.5,0.0,0.0,0.0,10,415.5,1145.5,10,780.5,0.0,0.0,0.0,0.0,0.0,39
2023-05-10 09:03:17,SR401C6000,SR401C6000,780.5,0.0,0.0,0.0,1,417.0,1145.5,10,780.5,0.0,0.0,0.0,0.0,0.0,39
2023-05-10 09:03:18,SR401C6000,SR401C6000,780.5,0.0,0.0,0.0,10,417.5,1145.5,10,780.5,0.0,0.0,0.0,0.0,0.0,39
2023-05-10 09:03:23,SR401C6000,SR401C6000,780.5,0.0,0.0,0.0,1,419.0,1144.0,1,780.5,0.0,0.0,0.0,0.0,0.0,39
2023-05-10 09:03:24,SR401C6000,SR401C6000,780.5,0.0,0.0,0.0,10,419.5,1143.5,10,780.5,0.0,0.0,0.0,0.0,0.0,39
2023-05-10 09:03:24,SR401C6000,SR401C6000,780.5,0.0,0.0,0.0,1,421.0,1143.5,10,780.5,0.0,0.0,0.0,0.0,0.0,39
2023-05-10 09:03:25,SR401C6000,SR401C6000,780.5,0.0,0.0,0.0,10,421.5,1143.5,10,780.5,0.0,0.0,0.0,0.0,0.0,39
2023-05-10 09:03:25,SR401C6000,SR401C6000,780.5,0.0,0.0,0.0,1,423.0,1143.5,10,780.5,0.0,0.0,0.0,0.0,0.0,39
2023-05-10 09:03:26,SR401C6000,SR401C6000,780.5,0.0,0.0,0.0,10,423.5,1143.5,10,780.5,0.0,0.0,0.0,0.0,0.0,39
2023-05-10 09:03:27,SR401C6000,SR401C6000,780.5,0.0,0.0,0.0,1,425.0,1142.0,1,780.5,0.0,0.0,0.0,0.0,0.0,39
2023-05-10 09:03:28,SR401C6000,SR401C6000,780.5,0.0,0.0,0.0,10,425.5,1141.5,10,780.5,0.0,0.0,0.0,0.0,0.0,39
2023-05-10 09:03:30,SR401C6000,SR401C6000,780.5,0.0,0.0,0.0,1,427.0,1140.0,1,780.5,0.0,0.0,0.0,0.0,0.0,39
2023-05-10 09:03:31,SR401C6000,SR401C6000,780.5,0.0,0.0,0.0,10,427.5,1139.5,10,780.5,0.0,0.0,0.0,0.0,0.0,39
2023-05-10 09:03:33,SR401C6000,SR401C6000,780.5,0.0,0.0,0.0,1,429.0,1138.0,1,780.5,0.0,0.0,0.0,0.0,0.0,39
2023-05-10 09:03:33,SR401C6000,SR401C6000,780.5,0.0,0.0,0.0,10,429.5,1137.5,10,780.5,0.0,0.0,0.0,0.0,0.0,39
2023-05-10 09:03:33,SR401C6000,SR401C6000,780.5,0.0,0.0,0.0,1,431.0,1137.5,10,780.5,0.0,0.0,0.0,0.0,0.0,39
2023-05-10 09:03:34,SR401C6000,SR401C6000,780.5,0.0,0.0,0.0,10,431.5,1137.5,10,780.5,0.0,0.0,0.0,0.0,0.0,39
2023-05-10 09:03:36,SR401C6000,SR401C6000,780.5,0.0,0.0,0.0,1,433.0,1136.0,1,780.5,0.0,0.0,0.0,0.0,0.0,39
2023-05-10 09:03:37,SR401C6000,SR401C6000,780.5,0.0,0.0,0.0,10,433.5,1135.5,10,780.5,0.0,0.0,0.0,0.0,0.0,39
2023-05-10 09:03:40,SR401C6000,SR401C6000,780.5,0.0,0.0,0.0,1,435.0,1135.5,10,780.5,0.0,0.0,0.0,0.0,0.0,39
2023-05-10 09:03:41,SR401C6000,SR401C6000,780.5,0.0,0.0,0.0,10,435.5,1134.0,1,780.5,0.0,0.0,0.0,0.0,0.0,39
2023-05-10 09:03:41,SR401C6000,SR401C6000,780.5,0.0,0.0,0.0,10,435.5,1133.5,10,780.5,0.0,0.0,0.0,0.0,0.0,39
2023-05-10 09:03:43,SR401C6000,SR401C6000,780.5,0.0,0.0,0.0,1,437.0,1132.0,1,780.5,0.0,0.0,0.0,0.0,0.0,39
2023-05-10 09:03:43,SR401C6000,SR401C6000,780.5,0.0,0.0,0.0,10,437.5,1131.5,10,780.5,0.0,0.0,0.0,0.0,0.0,39
2023-05-10 09:03:47,SR401C6000,SR401C6000,780.5,0.0,0.0,0.0,1,439.0,1131.5,10,780.5,0.0,0.0,0.0,0.0,0.0,39
2023-05-10 09:03:47,SR401C6000,SR401C6000,780.5,0.0,0.0,0.0,10,439.5,1131.5,10,780.5,0.0,0.0,0.0,0.0,0.0,39
2023-05-10 09:03:48,SR401C6000,SR401C6000,780.5,0.0,0.0,0.0,1,441.0,1130.0,1,780.5,0.0,0.0,0.0,0.0,0.0,39
2023-05-10 09:03:48,SR401C6000,SR401C6000,780.5,0.0,0.0,0.0,10,441.5,1129.5,10,780.5,0.0,0.0,0.0,0.0,0.0,39
2023-05-10 09:03:50,SR401C6000,SR401C6000,780.5,0.0,0.0,0.0,1,443.0,1128.0,1,780.5,0.0,0.0,0.0,0.0,0.0,39
2023-05-10 09:03:50,SR401C6000,SR401C6000,780.5,0.0,0.0,0.0,10,443.5,1127.5,10,780.5,0.0,0.0,0.0,0.0,0.0,39
2023-05-10 09:03:54,SR401C6000,SR401C6000,780.5,0.0,0.0,0.0,1,445.0,1127.5,10,780.5,0.0,0.0,0.0,0.0,0.0,39
2023-05-10 09:03:54,SR401C6000,SR401C6000,780.5,0.0,0.0,0.0,10,445.5,1127.5,10,780.5,0.0,0.0,0.0,0.0,0.0,39
2023-05-10 09:03:56,SR401C6000,SR401C6000,780.5,0.0,0.0,0.0,1,447.0,1126.0,1,780.5,0.0,0.0,0.0,0.0,0.0,39
2023-05-10 09:03:56,SR401C6000,SR401C6000,780.5,0.0,0.0,0.0,10,447.5,1125.5,10,780.5,0.0,0.0,0.0,0.0,0.0,39
2023-05-10 09:03:57,SR401C6000,SR401C6000,780.5,0.0,0.0,0.0,1,449.0,1124.0,1,780.5,0.0,0.0,0.0,0.0,0.0,39
2023-05-10 09:03:58,SR401C6000,SR401C6000,780.5,0.0,0.0,0.0,10,449.5,1123.5,10,780.5,0.0,0.0,0.0,0.0,0.0,39
2023-05-10 09:03:58,SR401C6000,SR401C6000,780.5,0.0,0.0,0.0,1,451.0,1122.0,1,780.5,0.0,0.0,0.0,0.0,0.0,39
2023-05-10 09:03:59,SR401C6000,SR401C6000,780.5,0.0,0.0,0.0,10,451.5,1121.5,10,780.5,0.0,0.0,0.0,0.0,0.0,39
2023-05-10 09:04:00,SR401C6000,SR401C6000,780.5,0.0,0.0,0.0,1,453.0,1120.0,1,780.5,0.0,0.0,0.0,0.0,0.0,39
2023-05-10 09:04:01,SR401C6000,SR401C6000,780.5,0.0,0.0,0.0,10,453.5,1119.5,10,780.5,0.0,0.0,0.0,0.0,0.0,39
2023-05-10 09:04:02,SR401C6000,SR401C6000,780.5,0.0,0.0,0.0,1,455.0,1118.0,1,780.5,0.0,0.0,0.0,0.0,0.0,39
2023-05-10 09:04:03,SR401C6000,SR401C6000,780.5,0.0,0.0,0.0,10,455.5,1117.5,10,780.5,0.0,0.0,0.0,0.0,0.0,39
2023-05-10 09:04:06,SR401C6000,SR401C6000,780.5,0.0,0.0,0.0,1,457.0,1117.5,10,780.5,0.0,0.0,0.0,0.0,0.0,39
2023-05-10 09:04:07,SR401C6000,SR401C6000,780.5,0.0,0.0,0.0,10,457.5,1117.5,10,780.5,0.0,0.0,0.0,0.0,0.0,39
2023-05-10 09:04:09,SR401C6000,SR401C6000,780.5,0.0,0.0,0.0,1,459.0,1116.0,1,780.5,0.0,0.0,0.0,0.0,0.0,39
2023-05-10 09:04:10,SR401C6000,SR401C6000,780.5,0.0,0.0,0.0,10,459.5,1115.5,10,780.5,0.0,0.0,0.0,0.0,0.0,39
2023-05-10 09:04:15,SR401C6000,SR401C6000,780.5,0.0,0.0,0.0,1,461.0,1114.0,1,780.5,0.0,0.0,0.0,0.0,0.0,39
2023-05-10 09:04:16,SR401C6000,SR401C6000,780.5,0.0,0.0,0.0,10,461.5,1113.5,10,780.5,0.0,0.0,0.0,0.0,0.0,39
2023-05-10 09:04:17,SR401C6000,SR401C6000,780.5,0.0,0.0,0.0,1,463.0,1112.0,1,780.5,0.0,0.0,0.0,0.0,0.0,39
2023-05-10 09:04:18,SR401C6000,SR401C6000,780.5,0.0,0.0,0.0,10,463.5,1111.5,10,780.5,0.0,0.0,0.0,0.0,0.0,39
2023-05-10 09:04:20,SR401C6000,SR401C6000,780.5,0.0,0.0,0.0,1,465.0,1110.0,1,780.5,0.0,0.0,0.0,0.0,0.0,39
2023-05-10 09:04:21,SR401C6000,SR401C6000,780.5,0.0,0.0,0.0,10,465.5,1109.5,10,780.5,0.0,0.0,0.0,0.0,0.0,39
2023-05-10 09:04:22,SR401C6000,SR401C6000,780.5,0.0,0.0,0.0,1,467.0,1108.0,1,780.5,0.0,0.0,0.0,0.0,0.0,39
2023-05-10 09:04:23,SR401C6000,SR401C6000,780.5,0.0,0.0,0.0,10,467.5,1107.5,10,780.5,0.0,0.0,0.0,0.0,0.0,39
2023-05-10 09:04:26,SR401C6000,SR401C6000,780.5,0.0,0.0,0.0,1,469.0,1106.0,1,780.5,0.0,0.0,0.0,0.0,0.0,39
2023-05-10 09:04:27,SR401C6000,SR401C6000,780.5,0.0,0.0,0.0,10,469.5,1105.5,10,780.5,0.0,0.0,0.0,0.0,0.0,39
2023-05-10 09:04:27,SR401C6000,SR401C6000,780.5,0.0,0.0,0.0,1,471.0,1104.0,1,780.5,0.0,0.0,0.0,0.0,0.0,39
2023-05-10 09:04:28,SR401C6000,SR401C6000,780.5,0.0,0.0,0.0,10,471.5,1103.5,10,780.5,0.0,0.0,0.0,0.0,0.0,39
2023-05-10 09:04:32,SR401C6000,SR401C6000,780.5,0.0,0.0,0.0,1,473.0,1102.0,1,780.5,0.0,0.0,0.0,0.0,0.0,39
2023-05-10 09:04:33,SR401C6000,SR401C6000,780.5,0.0,0.0,0.0,10,473.5,1101.5,10,780.5,0.0,0.0,0.0,0.0,0.0,39
2023-05-10 09:04:33,SR401C6000,SR401C6000,780.5,0.0,0.0,0.0,1,475.0,1100.0,1,780.5,0.0,0.0,0.0,0.0,0.0,39
2023-05-10 09:04:34,SR401C6000,SR401C6000,780.5,0.0,0.0,0.0,10,475.5,1099.5,10,780.5,0.0,0.0,0.0,0.0,0.0,39
2023-05-10 09:04:34,SR401C6000,SR401C6000,780.5,0.0,0.0,0.0,1,477.0,1099.5,10,780.5,0.0,0.0,0.0,0.0,0.0,39
2023-05-10 09:04:35,SR401C6000,SR401C6000,780.5,0.0,0.0,0.0,10,477.5,1098.0,1,780.5,0.0,0.0,0.0,0.0,0.0,39
2023-05-10 09:04:35,SR401C6000,SR401C6000,780.5,0.0,0.0,0.0,10,477.5,1097.5,10,780.5,0.0,0.0,0.0,0.0,0.0,39
2023-05-10 09:04:37,SR401C6000,SR401C6000,780.5,0.0,0.0,0.0,1,479.0,1096.0,1,780.5,0.0,0.0,0.0,0.0,0.0,39
2023-05-10 09:04:37,SR401C6000,SR401C6000,780.5,0.0,0.0,0.0,10,479.5,1095.5,10,780.5,0.0,0.0,0.0,0.0,0.0,39
2023-05-10 09:04:43,SR401C6000,SR401C6000,780.5,0.0,0.0,0.0,1,481.0,1094.0,1,780.5,0.0,0.0,0.0,0.0,0.0,39
2023-05-10 09:04:43,SR401C6000,SR401C6000,780.5,0.0,0.0,0.0,10,481.5,1093.5,10,780.5,0.0,0.0,0.0,0.0,0.0,39
2023-05-10 09:04:45,SR401C6000,SR401C6000,780.5,0.0,0.0,0.0,1,483.0,1093.5,10,780.5,0.0,0.0,0.0,0.0,0.0,39
2023-05-10 09:04:45,SR401C6000,SR401C6000,780.5,0.0,0.0,0.0,10,483.5,1093.5,10,780.5,0.0,0.0,0.0,0.0,0.0,39
2023-05-10 09:04:49,SR401C6000,SR401C6000,780.5,0.0,0.0,0.0,1,485.0,1092.0,1,780.5,0.0,0.0,0.0,0.0,0.0,39
2023-05-10 09:04:49,SR401C6000,SR401C6000,780.5,0.0,0.0,0.0,10,485.5,1091.5,10,780.5,0.0,0.0,0.0,0.0,0.0,39
2023-05-10 09:04:54,SR401C6000,SR401C6000,780.5,0.0,0.0,0.0,1,487.0,1090.0,1,780.5,0.0,0.0,0.0,0.0,0.0,39
2023-05-10 09:04:54,SR401C6000,SR401C6000,780.5,0.0,0.0,0.0,10,487.5,1089.5,10,780.5,0.0,0.0,0.0,0.0,0.0,39
2023-05-10 09:04:58,SR401C6000,SR401C6000,780.5,0.0,0.0,0.0,1,489.0,1088.0,1,780.5,0.0,0.0,0.0,0.0,0.0,39
2023-05-10 09:04:58,SR401C6000,SR401C6000,780.5,0.0,0.0,0.0,10,489.5,1087.5,10,780.5,0.0,0.0,0.0,0.0,0.0,39
2023-05-10 09:04:59,SR401C6000,SR401C6000,780.5,0.0,0.0,0.0,1,491.0,1086.0,1,780.5,0.0,0.0,0.0,0.0,0.0,39
2023-05-10 09:04:59,SR401C6000,SR401C6000,780.5,0.0,0.0,0.0,10,491.5,1085.5,10,780.5,0.0,0.0,0.0,0.0,0.0,39
2023-05-10 09:05:04,SR401C6000,SR401C6000,780.5,0.0,0.0,0.0,1,493.0,1084.0,1,780.5,0.0,0.0,0.0,0.0,0.0,39
2023-05-10 09:05:04,SR401C6000,SR401C6000,780.5,0.0,0.0,0.0,10,493.5,1083.5,10,780.5,0.0,0.0,0.0,0.0,0.0,39
2023-05-10 09:05:06,SR401C6000,SR401C6000,780.5,0.0,0.0,0.0,1,495.0,1082.0,1,780.5,0.0,0.0,0.0,0.0,0.0,39
2023-05-10 09:05:06,SR401C6000,SR401C6000,780.5,0.0,0.0,0.0,10,495.5,1081.5,10,780.5,0.0,0.0,0.0,0.0,0.0,39
2023-05-10 09:05:07,SR401C6000,SR401C6000,780.5,0.0,0.0,0.0,1,497.0,1080.0,1,780.5,0.0,0.0,0.0,0.0,0.0,39
2023-05-10 09:05:07,SR401C6000,SR401C6000,780.5,0.0,0.0,0.0,10,497.5,1079.5,10,780.5,0.0,0.0,0.0,0.0,0.0,39
2023-05-10 09:05:07,SR401C6000,SR401C6000,780.5,0.0,0.0,0.0,1,497.0,1080.0,1,780.5,0.0,0.0,0.0,0.0,0.0,39
2023-05-10 09:05:07,SR401C6000,SR401C6000,780.5,0.0,0.0,0.0,10,497.5,1079.5,10,780.5,0.0,0.0,0.0,0.0,0.0,39
2023-05-10 09:05:13,SR401C6000,SR401C6000,780.5,0.0,0.0,0.0,1,499.0,1078.0,1,780.5,0.0,0.0,0.0,0.0,0.0,39
2023-05-10 09:05:14,SR401C6000,SR401C6000,780.5,0.0,0.0,0.0,10,499.5,1077.5,10,780.5,0.0,0.0,0.0,0.0,0.0,39
2023-05-10 09:05:18,SR401C6000,SR401C6000,780.5,0.0,0.0,0.0,1,501.0,1076.0,1,780.5,0.0,0.0,0.0,0.0,0.0,39
2023-05-10 09:05:18,SR401C6000,SR401C6000,780.5,0.0,0.0,0.0,10,501.5,1075.5,10,780.5,0.0,0.0,0.0,0.0,0.0,39
2023-05-10 09:05:24,SR401C6000,SR401C6000,780.5,0.0,0.0,0.0,1,503.0,1074.0,1,780.5,0.0,0.0,0.0,0.0,0.0,39
2023-05-10 09:05:25,SR401C6000,SR401C6000,780.5,0.0,0.0,0.0,10,503.5,1073.5,10,780.5,0.0,0.0,0.0,0.0,0.0,39
2023-05-10 09:05:28,SR401C6000,SR401C6000,780.5,0.0,0.0,0.0,1,505.0,1072.0,1,780.5,0.0,0.0,0.0,0.0,0.0,39
2023-05-10 09:05:29,SR401C6000,SR401C6000,780.5,0.0,0.0,0.0,10,505.5,1071.5,10,780.5,0.0,0.0,0.0,0.0,0.0,39
2023-05-10 09:05:30,SR401C6000,SR401C6000,780.5,0.0,0.0,0.0,10,505.5,1070.0,1,780.5,0.0,0.0,0.0,0.0,0.0,39
2023-05-10 09:05:30,SR401C6000,SR401C6000,780.5,0.0,0.0,0.0,10,505.5,1069.5,10,780.5,0.0,0.0,0.0,0.0,0.0,39
2023-05-10 09:05:31,SR401C6000,SR401C6000,780.5,0.0,0.0,0.0,1,507.0,1068.0,1,780.5,0.0,0.0,0.0,0.0,0.0,39
2023-05-10 09:05:31,SR401C6000,SR401C6000,780.5,0.0,0.0,0.0,10,507.5,1067.5,10,780.5,0.0,0.0,0.0,0.0,0.0,39
2023-05-10 09:05:32,SR401C6000,SR401C6000,780.5,0.0,0.0,0.0,10,507.5,1066.0,1,780.5,0.0,0.0,0.0,0.0,0.0,39
2023-05-10 09:05:32,SR401C6000,SR401C6000,780.5,0.0,0.0,0.0,10,507.5,1065.5,10,780.5,0.0,0.0,0.0,0.0,0.0,39
2023-05-10 09:05:33,SR401C6000,SR401C6000,780.5,0.0,0.0,0.0,1,509.0,1064.0,1,780.5,0.0,0.0,0.0,0.0,0.0,39
2023-05-10 09:05:33,SR401C6000,SR401C6000,780.5,0.0,0.0,0.0,10,509.5,1063.5,10,780.5,0.0,0.0,0.0,0.0,0.0,39
2023-05-10 09:05:35,SR401C6000,SR401C6000,780.5,0.0,0.0,0.0,1,511.0,1062.0,1,780.5,0.0,0.0,0.0,0.0,0.0,39
2023-05-10 09:05:36,SR401C6000,SR401C6000,780.5,0.0,0.0,0.0,10,511.5,1061.5,10,780.5,0.0,0.0,0.0,0.0,0.0,39
2023-05-10 09:05:36,SR401C6000,SR401C6000,780.5,0.0,0.0,0.0,1,513.0,1060.0,1,780.5,0.0,0.0,0.0,0.0,0.0,39
2023-05-10 09:05:37,SR401C6000,SR401C6000,780.5,0.0,0.0,0.0,10,513.5,1059.5,10,780.5,0.0,0.0,0.0,0.0,0.0,39
2023-05-10 09:05:40,SR401C6000,SR401C6000,780.5,0.0,0.0,0.0,1,515.0,1058.0,1,780.5,0.0,0.0,0.0,0.0,0.0,39
2023-05-10 09:05:41,SR401C6000,SR401C6000,780.5,0.0,0.0,0.0,10,515.5,1057.5,10,780.5,0.0,0.0,0.0,0.0,0.0,39
2023-05-10 09:05:47,SR401C6000,SR401C6000,780.5,0.0,0.0,0.0,1,517.0,1056.0,1,780.5,0.0,0.0,0.0,0.0,0.0,39
2023-05-10 09:05:48,SR401C6000,SR401C6000,780.5,0.0,0.0,0.0,10,517.5,1055.5,10,780.5,0.0,0.0,0.0,0.0,0.0,39
2023-05-10 09:05:54,SR401C6000,SR401C6000,780.5,0.0,0.0,0.0,1,519.0,1054.0,1,780.5,0.0,0.0,0.0,0.0,0.0,39
2023-05-10 09:05:55,SR401C6000,SR401C6000,780.5,0.0,0.0,0.0,10,519.5,1053.5,10,780.5,0.0,0.0,0.0,0.0,0.0,39
2023-05-10 09:05:57,SR401C6000,SR401C6000,780.5,0.0,0.0,0.0,1,521.0,1052.0,1,780.5,0.0,0.0,0.0,0.0,0.0,39
2023-05-10 09:05:57,SR401C6000,SR401C6000,780.5,0.0,0.0,0.0,10,521.5,1051.5,10,780.5,0.0,0.0,0.0,0.0,0.0,39
2023-05-10 09:06:00,SR401C6000,SR401C6000,780.5,0.0,0.0,0.0,1,523.0,1050.0,1,780.5,0.0,0.0,0.0,0.0,0.0,39
2023-05-10 09:06:00,SR401C6000,SR401C6000,780.5,0.0,0.0,0.0,10,523.5,1049.5,10,780.5,0.0,0.0,0.0,0.0,0.0,39
2023-05-10 09:06:04,SR401C6000,SR401C6000,780.5,0.0,0.0,0.0,1,525.0,1048.0,1,780.5,0.0,0.0,0.0,0.0,0.0,39
2023-05-10 09:06:05,SR401C6000,SR401C6000,780.5,0.0,0.0,0.0,10,525.5,1047.5,10,780.5,0.0,0.0,0.0,0.0,0.0,39
2023-05-10 09:06:06,SR401C6000,SR401C6000,780.5,0.0,0.0,0.0,1,527.0,1046.0,1,780.5,0.0,0.0,0.0,0.0,0.0,39
2023-05-10 09:06:06,SR401C6000,SR401C6000,780.5,0.0,0.0,0.0,10,527.5,1045.5,10,780.5,0.0,0.0,0.0,0.0,0.0,39
2023-05-10 09:06:08,SR401C6000,SR401C6000,780.5,0.0,0.0,0.0,1,529.0,1044.0,1,780.5,0.0,0.0,0.0,0.0,0.0,39
2023-05-10 09:06:08,SR401C6000,SR401C6000,780.5,0.0,0.0,0.0,10,529.5,1043.5,10,780.5,0.0,0.0,0.0,0.0,0.0,39
2023-05-10 09:06:14,SR401C6000,SR401C6000,780.5,0.0,0.0,0.0,1,531.0,1042.0,1,780.5,0.0,0.0,0.0,0.0,0.0,39
2023-05-10 09:06:14,SR401C6000,SR401C6000,780.5,0.0,0.0,0.0,10,531.5,1041.5,10,780.5,0.0,0.0,0.0,0.0,0.0,39
2023-05-10 09:06:19,SR401C6000,SR401C6000,780.5,0.0,0.0,0.0,1,533.0,1040.0,1,780.5,0.0,0.0,0.0,0.0,0.0,39
2023-05-10 09:06:19,SR401C6000,SR401C6000,780.5,0.0,0.0,0.0,10,533.5,1039.5,10,780.5,0.0,0.0,0.0,0.0,0.0,39
2023-05-10 09:06:22,SR401C6000,SR401C6000,780.5,0.0,0.0,0.0,1,535.0,1038.0,1,780.5,0.0,0.0,0.0,0.0,0.0,39
2023-05-10 09:06:23,SR401C6000,SR401C6000,780.5,0.0,0.0,0.0,10,535.5,1037.5,10,780.5,0.0,0.0,0.0,0.0,0.0,39
2023-05-10 09:06:25,SR401C6000,SR401C6000,780.5,0.0,0.0,0.0,1,537.0,1036.0,1,780.5,0.0,0.0,0.0,0.0,0.0,39
2023-05-10 09:06:25,SR401C6000,SR401C6000,780.5,0.0,0.0,0.0,10,537.5,1035.5,10,780.5,0.0,0.0,0.0,0.0,0.0,39
2023-05-10 09:06:27,SR401C6000,SR401C6000,780.5,0.0,0.0,0.0,1,539.0,1034.0,1,780.5,0.0,0.0,0.0,0.0,0.0,39
2023-05-10 09:06:28,SR401C6000,SR401C6000,780.5,0.0,0.0,0.0,10,539.5,1033.5,10,780.5,0.0,0.0,0.0,0.0,0.0,39
2023-05-10 09:06:28,SR401C6000,SR401C6000,780.5,0.0,0.0,0.0,1,541.0,1032.0,1,780.5,0.0,0.0,0.0,0.0,0.0,39
2023-05-10 09:06:28,SR401C6000,SR401C6000,780.5,0.0,0.0,0.0,10,541.5,1031.5,10,780.5,0.0,0.0,0.0,0.0,0.0,39
2023-05-10 09:06:29,SR401C6000,SR401C6000,780.5,0.0,0.0,0.0,1,543.0,1030.0,1,780.5,0.0,0.0,0.0,0.0,0.0,39
2023-05-10 09:06:29,SR401C6000,SR401C6000,780.5,0.0,0.0,0.0,10,543.5,1029.5,10,780.5,0.0,0.0,0.0,0.0,0.0,39
2023-05-10 09:06:30,SR401C6000,SR401C6000,780.5,0.0,0.0,0.0,1,545.0,1028.0,1,780.5,0.0,0.0,0.0,0.0,0.0,39
2023-05-10 09:06:30,SR401C6000,SR401C6000,780.5,0.0,0.0,0.0,10,545.5,1027.5,10,780.5,0.0,0.0,0.0,0.0,0.0,39
2023-05-10 09:06:31,SR401C6000,SR401C6000,780.5,0.0,0.0,0.0,1,547.0,1026.0,1,780.5,0.0,0.0,0.0,0.0,0.0,39
2023-05-10 09:06:31,SR401C6000,SR401C6000,780.5,0.0,0.0,0.0,10,547.5,1025.5,10,780.5,0.0,0.0,0.0,0.0,0.0,39
2023-05-10 09:06:33,SR401C6000,SR401C6000,780.5,0.0,0.0,0.0,1,549.0,1024.0,1,780.5,0.0,0.0,0.0,0.0,0.0,39
2023-05-10 09:06:33,SR401C6000,SR401C6000,780.5,0.0,0.0,0.0,10,549.5,1023.5,10,780.5,0.0,0.0,0.0,0.0,0.0,39
2023-05-10 09:06:35,SR401C6000,SR401C6000,780.5,0.0,0.0,0.0,1,551.0,1022.0,1,780.5,0.0,0.0,0.0,0.0,0.0,39
2023-05-10 09:06:35,SR401C6000,SR401C6000,780.5,0.0,0.0,0.0,10,551.5,1021.5,10,780.5,0.0,0.0,0.0,0.0,0.0,39
2023-05-10 09:06:36,SR401C6000,SR401C6000,780.5,0.0,0.0,0.0,1,553.0,1020.0,1,780.5,0.0,0.0,0.0,0.0,0.0,39
2023-05-10 09:06:36,SR401C6000,SR401C6000,780.5,0.0,0.0,0.0,10,553.5,1019.5,10,780.5,0.0,0.0,0.0,0.0,0.0,39
2023-05-10 09:06:36,SR401C6000,SR401C6000,780.5,0.0,0.0,0.0,1,553.0,1020.0,1,780.5,0.0,0.0,0.0,0.0,0.0,39
2023-05-10 09:06:36,SR401C6000,SR401C6000,780.5,0.0,0.0,0.0,10,553.5,1019.5,10,780.5,0.0,0.0,0.0,0.0,0.0,39
2023-05-10 09:23:57,SR401C6000,SR401C6000,780.5,0.0,0.0,0.0,1,555.0,1018.0,1,780.5,0.0,0.0,0.0,0.0,0.0,39
2023-05-10 09:23:58,SR401C6000,SR401C6000,780.5,0.0,0.0,0.0,10,555.5,1017.5,10,780.5,0.0,0.0,0.0,0.0,0.0,39
2023-05-10 09:23:58,SR401C6000,SR401C6000,780.5,0.0,0.0,0.0,1,557.0,1016.0,1,780.5,0.0,0.0,0.0,0.0,0.0,39
2023-05-10 09:23:59,SR401C6000,SR401C6000,780.5,0.0,0.0,0.0,10,557.5,1015.5,10,780.5,0.0,0.0,0.0,0.0,0.0,39
2023-05-10 09:23:59,SR401C6000,SR401C6000,780.5,0.0,0.0,0.0,1,559.0,1014.0,1,780.5,0.0,0.0,0.0,0.0,0.0,39
2023-05-10 09:24:00,SR401C6000,SR401C6000,780.5,0.0,0.0,0.0,10,559.5,1013.5,10,780.5,0.0,0.0,0.0,0.0,0.0,39
2023-05-10 09:24:00,SR401C6000,SR401C6000,780.5,0.0,0.0,0.0,1,561.0,1012.0,1,780.5,0.0,0.0,0.0,0.0,0.0,39
2023-05-10 09:24:01,SR401C6000,SR401C6000,780.5,0.0,0.0,0.0,10,561.5,1011.5,10,780.5,0.0,0.0,0.0,0.0,0.0,39
2023-05-10 09:24:01,SR401C6000,SR401C6000,780.5,0.0,0.0,0.0,1,563.0,1010.0,1,780.5,0.0,0.0,0.0,0.0,0.0,39
2023-05-10 09:24:02,SR401C6000,SR401C6000,780.5,0.0,0.0,0.0,10,563.5,1009.5,10,780.5,0.0,0.0,0.0,0.0,0.0,39
2023-05-10 09:43:57,SR401C6000,SR401C6000,780.5,0.0,0.0,0.0,1,565.0,1008.0,1,780.5,0.0,0.0,0.0,0.0,0.0,39
2023-05-10 09:43:58,SR401C6000,SR401C6000,780.5,0.0,0.0,0.0,10,565.5,1007.5,10,780.5,0.0,0.0,0.0,0.0,0.0,39
2023-05-10 09:43:58,SR401C6000,SR401C6000,780.5,0.0,0.0,0.0,1,567.0,1006.0,1,780.5,0.0,0.0,0.0,0.0,0.0,39
2023-05-10 09:43:59,SR401C6000,SR401C6000,780.5,0.0,0.0,0.0,10,567.5,1005.5,10,780.5,0.0,0.0,0.0,0.0,0.0,39
2023-05-10 09:43:59,SR401C6000,SR401C6000,780.5,0.0,0.0,0.0,1,569.0,1004.0,1,780.5,0.0,0.0,0.0,0.0,0.0,39
2023-05-10 09:44:00,SR401C6000,SR401C6000,780.5,0.0,0.0,0.0,10,569.5,1003.5,10,780.5,0.0,0.0,0.0,0.0,0.0,39
2023-05-10 09:44:00,SR401C6000,SR401C6000,780.5,0.0,0.0,0.0,1,571.0,1002.0,1,780.5,0.0,0.0,0.0,0.0,0.0,39
2023-05-10 09:44:01,SR401C6000,SR401C6000,780.5,0.0,0.0,0.0,10,571.5,1001.5,10,780.5,0.0,0.0,0.0,0.0,0.0,39
2023-05-10 09:44:01,SR401C6000,SR401C6000,780.5,0.0,0.0,0.0,1,573.0,1000.0,1,780.5,0.0,0.0,0.0,0.0,0.0,39
2023-05-10 09:44:01,SR401C6000,SR401C6000,780.5,0.0,0.0,0.0,10,571.5,1001.5,10,780.5,0.0,0.0,0.0,0.0,0.0,39
2023-05-10 09:44:02,SR401C6000,SR401C6000,780.5,0.0,0.0,0.0,10,573.5,999.5,10,780.5,0.0,0.0,0.0,0.0,0.0,39
2023-05-10 10:03:57,SR401C6000,SR401C6000,780.5,0.0,0.0,0.0,1,575.0,998.0,1,780.5,0.0,0.0,0.0,0.0,0.0,39
2023-05-10 10:03:58,SR401C6000,SR401C6000,780.5,0.0,0.0,0.0,10,575.5,997.5,10,780.5,0.0,0.0,0.0,0.0,0.0,39
2023-05-10 10:03:58,SR401C6000,SR401C6000,780.5,0.0,0.0,0.0,1,577.0,996.0,1,780.5,0.0,0.0,0.0,0.0,0.0,39
2023-05-10 10:03:59,SR401C6000,SR401C6000,780.5,0.0,0.0,0.0,10,577.5,995.5,10,780.5,0.0,0.0,0.0,0.0,0.0,39
2023-05-10 10:03:59,SR401C6000,SR401C6000,780.5,0.0,0.0,0.0,1,579.0,994.0,1,780.5,0.0,0.0,0.0,0.0,0.0,39
2023-05-10 10:04:00,SR401C6000,SR401C6000,780.5,0.0,0.0,0.0,10,579.5,993.5,10,780.5,0.0,0.0,0.0,0.0,0.0,39
2023-05-10 10:04:00,SR401C6000,SR401C6000,780.5,0.0,0.0,0.0,1,581.0,992.0,1,780.5,0.0,0.0,0.0,0.0,0.0,39
2023-05-10 10:04:01,SR401C6000,SR401C6000,780.5,0.0,0.0,0.0,10,581.5,991.5,10,780.5,0.0,0.0,0.0,0.0,0.0,39
2023-05-10 10:04:01,SR401C6000,SR401C6000,780.5,0.0,0.0,0.0,1,583.0,990.0,1,780.5,0.0,0.0,0.0,0.0,0.0,39
2023-05-10 10:04:02,SR401C6000,SR401C6000,780.5,0.0,0.0,0.0,10,583.5,989.5,10,780.5,0.0,0.0,0.0,0.0,0.0,39
2023-05-10 10:14:33,SR401C6000,SR401C6000,780.5,0.0,0.0,0.0,0,0.0,0.0,0,780.5,0.0,0.0,0.0,0.0,0.0,39
2023-05-10 10:32:02,SR401C6000,SR401C6000,780.5,0.0,0.0,0.0,1,379.0,1182.0,1,780.5,0.0,0.0,0.0,0.0,0.0,39
2023-05-10 10:32:02,SR401C6000,SR401C6000,780.5,0.0,0.0,0.0,10,379.5,1181.5,10,780.5,0.0,0.0,0.0,0.0,0.0,39
2023-05-10 10:32:04,SR401C6000,SR401C6000,780.5,0.0,0.0,0.0,1,381.0,1180.0,1,780.5,0.0,0.0,0.0,0.0,0.0,39
2023-05-10 10:32:04,SR401C6000,SR401C6000,780.5,0.0,0.0,0.0,10,381.5,1179.5,10,780.5,0.0,0.0,0.0,0.0,0.0,39
2023-05-10 10:32:06,SR401C6000,SR401C6000,780.5,0.0,0.0,0.0,1,383.0,1178.0,1,780.5,0.0,0.0,0.0,0.0,0.0,39
2023-05-10 10:32:06,SR401C6000,SR401C6000,780.5,0.0,0.0,0.0,10,383.5,1177.5,10,780.5,0.0,0.0,0.0,0.0,0.0,39
2023-05-10 10:32:09,SR401C6000,SR401C6000,780.5,0.0,0.0,0.0,1,385.0,1177.5,10,780.5,0.0,0.0,0.0,0.0,0.0,39
2023-05-10 10:32:09,SR401C6000,SR401C6000,780.5,0.0,0.0,0.0,10,385.5,1177.5,10,780.5,0.0,0.0,0.0,0.0,0.0,39
2023-05-10 10:32:10,SR401C6000,SR401C6000,780.5,0.0,0.0,0.0,1,387.0,1177.5,10,780.5,0.0,0.0,0.0,0.0,0.0,39
2023-05-10 10:32:10,SR401C6000,SR401C6000,780.5,0.0,0.0,0.0,10,387.5,1176.0,1,780.5,0.0,0.0,0.0,0.0,0.0,39
2023-05-10 10:32:11,SR401C6000,SR401C6000,780.5,0.0,0.0,0.0,1,389.0,1175.5,10,780.5,0.0,0.0,0.0,0.0,0.0,39
2023-05-10 10:32:11,SR401C6000,SR401C6000,780.5,0.0,0.0,0.0,10,389.5,1175.5,10,780.5,0.0,0.0,0.0,0.0,0.0,39
2023-05-10 11:29:33,SR401C6000,SR401C6000,780.5,0.0,0.0,0.0,0,0.0,0.0,0,780.5,0.0,0.0,0.0,0.0,0.0,39
2023-05-10 13:46:24,SR401C6000,SR401C6000,780.5,0.0,0.0,0.0,3,757.0,775.0,3,780.5,0.0,0.0,0.0,0.0,0.0,39
2023-05-10 13:46:26,SR401C6000,SR401C6000,780.5,0.0,0.0,0.0,6,757.0,775.0,3,780.5,0.0,0.0,0.0,0.0,0.0,39
2023-05-10 13:46:29,SR401C6000,SR401C6000,780.5,0.0,0.0,0.0,9,757.0,775.0,6,780.5,0.0,0.0,0.0,0.0,0.0,39
2023-05-10 13:46:34,SR401C6000,SR401C6000,780.5,0.0,0.0,0.0,3,757.5,775.0,6,780.5,0.0,0.0,0.0,0.0,0.0,39
2023-05-10 13:46:35,SR401C6000,SR401C6000,780.5,0.0,0.0,0.0,6,757.5,775.0,9,780.5,0.0,0.0,0.0,0.0,0.0,39
2023-05-10 13:46:37,SR401C6000,SR401C6000,780.5,0.0,0.0,0.0,6,757.5,775.0,6,780.5,0.0,0.0,0.0,0.0,0.0,39
2023-05-10 13:46:37,SR401C6000,SR401C6000,780.5,0.0,0.0,0.0,9,757.5,775.0,6,780.5,0.0,0.0,0.0,0.0,0.0,39
2023-05-10 13:46:38,SR401C6000,SR401C6000,780.5,0.0,0.0,0.0,12,757.5,775.0,9,780.5,0.0,0.0,0.0,0.0,0.0,39
2023-05-10 13:46:41,SR401C6000,SR401C6000,780.5,0.0,0.0,0.0,12,757.5,775.0,6,780.5,0.0,0.0,0.0,0.0,0.0,39
2023-05-10 13:46:45,SR401C6000,SR401C6000,780.5,0.0,0.0,0.0,9,757.5,775.0,6,780.5,0.0,0.0,0.0,0.0,0.0,39
2023-05-10 13:46:48,SR401C6000,SR401C6000,780.5,0.0,0.0,0.0,3,757.5,778.0,3,780.5,0.0,0.0,0.0,0.0,0.0,39
2023-05-10 13:46:49,SR401C6000,SR401C6000,780.5,0.0,0.0,0.0,3,754.5,778.0,3,780.5,0.0,0.0,0.0,0.0,0.0,39
2023-05-10 13:46:50,SR401C6000,SR401C6000,780.5,0.0,0.0,0.0,3,749.5,784.0,3,780.5,0.0,0.0,0.0,0.0,0.0,39
2023-05-10 13:46:50,SR401C6000,SR401C6000,780.5,0.0,0.0,0.0,0,0.0,0.0,0,780.5,0.0,0.0,0.0,0.0,0.0,39
2023-05-10 13:47:26,SR401C6000,SR401C6000,780.5,0.0,0.0,0.0,3,758.0,776.0,3,780.5,0.0,0.0,0.0,0.0,0.0,39
2023-05-10 13:47:27,SR401C6000,SR401C6000,780.5,0.0,0.0,0.0,6,758.0,776.0,3,780.5,0.0,0.0,0.0,0.0,0.0,39
2023-05-10 13:47:31,SR401C6000,SR401C6000,780.5,0.0,0.0,0.0,9,758.0,776.0,6,780.5,0.0,0.0,0.0,0.0,0.0,39
2023-05-10 13:47:37,SR401C6000,SR401C6000,780.5,0.0,0.0,0.0,12,758.0,776.0,9,780.5,0.0,0.0,0.0,0.0,0.0,39
2023-05-10 13:47:39,SR401C6000,SR401C6000,780.5,0.0,0.0,0.0,9,758.0,776.0,6,780.5,0.0,0.0,0.0,0.0,0.0,39
2023-05-10 13:47:40,SR401C6000,SR401C6000,780.5,0.0,0.0,0.0,12,758.0,776.0,9,780.5,0.0,0.0,0.0,0.0,0.0,39
2023-05-10 13:47:43,SR401C6000,SR401C6000,780.5,0.0,0.0,0.0,9,758.0,776.0,6,780.5,0.0,0.0,0.0,0.0,0.0,39
2023-05-10 13:47:50,SR401C6000,SR401C6000,780.5,0.0,0.0,0.0,3,758.0,779.0,3,780.5,0.0,0.0,0.0,0.0,0.0,39
2023-05-10 13:47:51,SR401C6000,SR401C6000,780.5,0.0,0.0,0.0,3,755.0,779.0,3,780.5,0.0,0.0,0.0,0.0,0.0,39
2023-05-10 13:47:52,SR401C6000,SR401C6000,780.5,0.0,0.0,0.0,3,750.0,784.5,3,780.5,0.0,0.0,0.0,0.0,0.0,39
2023-05-10 13:47:52,SR401C6000,SR401C6000,780.5,0.0,0.0,0.0,0,0.0,0.0,0,780.5,0.0,0.0,0.0,0.0,0.0,39
2023-05-10 13:55:44,SR401C6000,SR401C6000,780.5,0.0,0.0,0.0,3,752.0,781.0,3,780.5,0.0,0.0,0.0,0.0,0.0,39
2023-05-10 13:55:44,SR401C6000,SR401C6000,780.5,0.0,0.0,0.0,6,752.0,768.0,3,780.5,0.0,0.0,0.0,0.0,0.0,39
2023-05-10 13:55:44,SR401C6000,SR401C6000,780.5,0.0,0.0,0.0,3,752.0,768.0,3,780.5,0.0,0.0,0.0,0.0,0.0,39
2023-05-10 13:55:45,SR401C6000,SR401C6000,780.5,0.0,0.0,0.0,6,752.0,768.0,3,780.5,0.0,0.0,0.0,0.0,0.0,39
2023-05-10 13:55:49,SR401C6000,SR401C6000,780.5,0.0,0.0,0.0,9,752.0,768.0,6,780.5,0.0,0.0,0.0,0.0,0.0,39
2023-05-10 13:55:49,SR401C6000,SR401C6000,780.5,0.0,0.0,0.0,15,752.0,768.0,9,780.5,0.0,0.0,0.0,0.0,0.0,39
2023-05-10 13:55:52,SR401C6000,SR401C6000,780.5,0.0,0.0,0.0,18,752.0,768.0,12,780.5,0.0,0.0,0.0,0.0,0.0,39
2023-05-10 13:55:55,SR401C6000,SR401C6000,780.5,0.0,0.0,0.0,15,752.0,768.0,12,780.5,0.0,0.0,0.0,0.0,0.0,39
2023-05-10 13:55:56,SR401C6000,SR401C6000,780.5,0.0,0.0,0.0,12,752.0,768.0,12,780.5,0.0,0.0,0.0,0.0,0.0,39
2023-05-10 13:55:57,SR401C6000,SR401C6000,780.5,0.0,0.0,0.0,12,752.0,768.0,9,780.5,0.0,0.0,0.0,0.0,0.0,39
2023-05-10 13:56:01,SR401C6000,SR401C6000,780.5,0.0,0.0,0.0,9,752.0,768.0,6,780.5,0.0,0.0,0.0,0.0,0.0,39
2023-05-10 13:56:01,SR401C6000,SR401C6000,780.5,0.0,0.0,0.0,6,752.0,768.0,6,780.5,0.0,0.0,0.0,0.0,0.0,39
2023-05-10 13:56:02,SR401C6000,SR401C6000,780.5,0.0,0.0,0.0,3,752.0,768.0,3,780.5,0.0,0.0,0.0,0.0,0.0,39
2023-05-10 13:56:02,SR401C6000,SR401C6000,780.5,0.0,0.0,0.0,3,749.0,771.0,3,780.5,0.0,0.0,0.0,0.0,0.0,39
2023-05-10 13:56:04,SR401C6000,SR401C6000,780.5,0.0,0.0,0.0,0,0.0,0.0,0,780.5,0.0,0.0,0.0,0.0,0.0,39
