time,symbol_id,symbol_name,last,trade_volume,trade_amount,open_interest_change,bv1,bp1,ap1,av1,yesterday_close,today_open,today_high,today_low,volume,amount,open_interest
2023-05-09 19:10:58,SR401C6500,SR401C6500,438.0,0.0,0.0,0.0,0,0.0,0.0,0,438.0,0.0,0.0,0.0,0.0,0.0,120
2023-05-09 21:00:01,SR401C6500,SR401C6500,438.0,0.0,0.0,0.0,2,281.5,549.5,2,438.0,0.0,0.0,0.0,0.0,0.0,120
2023-05-09 21:00:04,SR401C6500,SR401C6500,438.0,0.0,0.0,0.0,10,282.0,549.0,10,438.0,0.0,0.0,0.0,0.0,0.0,120
2023-05-09 21:00:05,SR401C6500,SR401C6500,438.0,0.0,0.0,0.0,2,316.5,514.5,2,438.0,0.0,0.0,0.0,0.0,0.0,120
2023-05-09 21:00:06,SR401C6500,SR401C6500,438.0,0.0,0.0,0.0,2,316.5,514.0,10,438.0,0.0,0.0,0.0,0.0,0.0,120
2023-05-09 21:00:06,SR401C6500,SR401C6500,438.0,0.0,0.0,0.0,2,316.5,479.5,2,438.0,0.0,0.0,0.0,0.0,0.0,120
2023-05-09 21:00:07,SR401C6500,SR401C6500,438.0,0.0,0.0,0.0,2,316.5,479.0,10,438.0,0.0,0.0,0.0,0.0,0.0,120
2023-05-09 21:00:08,SR401C6500,SR401C6500,438.0,0.0,0.0,0.0,2,316.5,444.5,2,438.0,0.0,0.0,0.0,0.0,0.0,120
2023-05-09 21:01:10,SR401C6500,SR401C6500,438.0,0.0,0.0,0.0,2,316.5,414.5,5,438.0,0.0,0.0,0.0,0.0,0.0,120
2023-05-09 21:01:12,SR401C6500,SR401C6500,438.0,0.0,0.0,0.0,5,401.0,414.5,5,438.0,0.0,0.0,0.0,0.0,0.0,120
2023-05-09 21:01:28,SR401C6500,SR401C6500,438.0,0.0,0.0,0.0,5,401.0,411.0,5,438.0,0.0,0.0,0.0,0.0,0.0,120
2023-05-09 21:01:32,SR401C6500,SR401C6500,438.0,0.0,0.0,0.0,5,401.0,414.5,5,438.0,0.0,0.0,0.0,0.0,0.0,120
2023-05-09 21:02:19,SR401C6500,SR401C6500,438.0,0.0,0.0,0.0,5,401.0,411.5,5,438.0,0.0,0.0,0.0,0.0,0.0,120
2023-05-09 21:04:10,SR401C6500,SR401C6500,438.0,0.0,0.0,0.0,5,404.0,414.5,5,438.0,0.0,0.0,0.0,0.0,0.0,120
2023-05-09 21:05:23,SR401C6500,SR401C6500,438.0,0.0,0.0,0.0,5,406.5,414.5,5,438.0,0.0,0.0,0.0,0.0,0.0,120
2023-05-09 21:06:28,SR401C6500,SR401C6500,438.0,0.0,0.0,0.0,5,404.0,414.5,5,438.0,0.0,0.0,0.0,0.0,0.0,120
2023-05-09 21:06:38,SR401C6500,SR401C6500,438.0,0.0,0.0,0.0,5,404.0,412.0,5,438.0,0.0,0.0,0.0,0.0,0.0,120
2023-05-09 21:07:14,SR401C6500,SR401C6500,438.0,0.0,0.0,0.0,5,400.5,412.0,5,438.0,0.0,0.0,0.0,0.0,0.0,120
2023-05-09 21:07:22,SR401C6500,SR401C6500,438.0,0.0,0.0,0.0,5,400.5,409.5,5,438.0,0.0,0.0,0.0,0.0,0.0,120
2023-05-09 21:07:59,SR401C6500,SR401C6500,438.0,0.0,0.0,0.0,5,400.5,412.0,5,438.0,0.0,0.0,0.0,0.0,0.0,120
2023-05-09 21:08:00,SR401C6500,SR401C6500,438.0,0.0,0.0,0.0,5,403.5,412.0,5,438.0,0.0,0.0,0.0,0.0,0.0,120
2023-05-09 21:12:02,SR401C6500,SR401C6500,438.0,0.0,0.0,0.0,5,403.5,415.0,5,438.0,0.0,0.0,0.0,0.0,0.0,120
2023-05-09 21:12:34,SR401C6500,SR401C6500,438.0,0.0,0.0,0.0,5,406.0,415.0,5,438.0,0.0,0.0,0.0,0.0,0.0,120
2023-05-09 21:12:42,SR401C6500,SR401C6500,438.0,0.0,0.0,0.0,5,408.5,418.0,5,438.0,0.0,0.0,0.0,0.0,0.0,120
2023-05-09 21:12:55,SR401C6500,SR401C6500,438.0,0.0,0.0,0.0,5,411.0,418.0,5,438.0,0.0,0.0,0.0,0.0,0.0,120
2023-05-09 21:12:56,SR401C6500,SR401C6500,438.0,0.0,0.0,0.0,5,411.0,421.0,5,438.0,0.0,0.0,0.0,0.0,0.0,120
2023-05-09 21:15:59,SR401C6500,SR401C6500,438.0,0.0,0.0,0.0,5,413.5,421.0,5,438.0,0.0,0.0,0.0,0.0,0.0,120
2023-05-09 21:16:07,SR401C6500,SR401C6500,438.0,0.0,0.0,0.0,5,411.0,421.0,5,438.0,0.0,0.0,0.0,0.0,0.0,120
2023-05-09 21:16:07,SR401C6500,SR401C6500,438.0,0.0,0.0,0.0,5,411.0,419.0,5,438.0,0.0,0.0,0.0,0.0,0.0,120
2023-05-09 21:16:07,SR401C6500,SR401C6500,438.0,0.0,0.0,0.0,5,411.0,421.0,5,438.0,0.0,0.0,0.0,0.0,0.0,120
2023-05-09 21:16:07,SR401C6500,SR401C6500,438.0,0.0,0.0,0.0,5,411.0,419.0,5,438.0,0.0,0.0,0.0,0.0,0.0,120
2023-05-09 21:16:32,SR401C6500,SR401C6500,438.0,0.0,0.0,0.0,5,411.0,417.0,5,438.0,0.0,0.0,0.0,0.0,0.0,120
2023-05-09 21:16:37,SR401C6500,SR401C6500,438.0,0.0,0.0,0.0,5,407.5,417.0,5,438.0,0.0,0.0,0.0,0.0,0.0,120
2023-05-09 21:17:03,SR401C6500,SR401C6500,438.0,0.0,0.0,0.0,5,407.5,415.0,5,438.0,0.0,0.0,0.0,0.0,0.0,120
2023-05-09 21:18:09,SR401C6500,SR401C6500,438.0,0.0,0.0,0.0,5,407.5,417.0,5,438.0,0.0,0.0,0.0,0.0,0.0,120
2023-05-09 21:19:03,SR401C6500,SR401C6500,438.0,0.0,0.0,0.0,5,407.5,414.5,5,438.0,0.0,0.0,0.0,0.0,0.0,120
2023-05-09 21:19:10,SR401C6500,SR401C6500,438.0,0.0,0.0,0.0,5,404.5,414.5,5,438.0,0.0,0.0,0.0,0.0,0.0,120
2023-05-09 21:20:31,SR401C6500,SR401C6500,438.0,0.0,0.0,0.0,5,407.0,414.5,5,438.0,0.0,0.0,0.0,0.0,0.0,120
2023-05-09 21:22:24,SR401C6500,SR401C6500,438.0,0.0,0.0,0.0,5,407.0,417.0,5,438.0,0.0,0.0,0.0,0.0,0.0,120
2023-05-09 21:23:06,SR401C6500,SR401C6500,438.0,0.0,0.0,0.0,5,409.5,417.0,5,438.0,0.0,0.0,0.0,0.0,0.0,120
2023-05-09 21:30:02,SR401C6500,SR401C6500,438.0,0.0,0.0,0.0,5,407.0,415.0,5,438.0,0.0,0.0,0.0,0.0,0.0,120
2023-05-09 21:30:19,SR401C6500,SR401C6500,438.0,0.0,0.0,0.0,5,404.0,412.5,5,438.0,0.0,0.0,0.0,0.0,0.0,120
2023-05-09 21:30:29,SR401C6500,SR401C6500,438.0,0.0,0.0,0.0,5,404.0,410.5,5,438.0,0.0,0.0,0.0,0.0,0.0,120
2023-05-09 21:30:36,SR401C6500,SR401C6500,438.0,0.0,0.0,0.0,5,401.0,410.5,5,438.0,0.0,0.0,0.0,0.0,0.0,120
2023-05-09 21:30:50,SR401C6500,SR401C6500,438.0,0.0,0.0,0.0,5,401.0,408.5,5,438.0,0.0,0.0,0.0,0.0,0.0,120
2023-05-09 21:32:00,SR401C6500,SR401C6500,438.0,0.0,0.0,0.0,5,401.0,410.5,5,438.0,0.0,0.0,0.0,0.0,0.0,120
2023-05-09 21:32:49,SR401C6500,SR401C6500,438.0,0.0,0.0,0.0,5,403.5,410.5,5,438.0,0.0,0.0,0.0,0.0,0.0,120
2023-05-09 21:35:52,SR401C6500,SR401C6500,438.0,0.0,0.0,0.0,5,401.0,410.5,5,438.0,0.0,0.0,0.0,0.0,0.0,120
2023-05-09 21:35:56,SR401C6500,SR401C6500,438.0,0.0,0.0,0.0,5,401.0,408.5,5,438.0,0.0,0.0,0.0,0.0,0.0,120
2023-05-09 21:37:01,SR401C6500,SR401C6500,438.0,0.0,0.0,0.0,5,401.0,410.5,5,438.0,0.0,0.0,0.0,0.0,0.0,120
2023-05-09 21:37:37,SR401C6500,SR401C6500,438.0,0.0,0.0,0.0,5,403.5,410.5,5,438.0,0.0,0.0,0.0,0.0,0.0,120
2023-05-09 21:38:26,SR401C6500,SR401C6500,438.0,0.0,0.0,0.0,5,401.0,410.5,5,438.0,0.0,0.0,0.0,0.0,0.0,120
2023-05-09 21:39:30,SR401C6500,SR401C6500,438.0,0.0,0.0,0.0,5,401.0,408.5,5,438.0,0.0,0.0,0.0,0.0,0.0,120
2023-05-09 21:41:27,SR401C6500,SR401C6500,438.0,0.0,0.0,0.0,5,398.0,406.5,5,438.0,0.0,0.0,0.0,0.0,0.0,120
2023-05-09 21:42:11,SR401C6500,SR401C6500,438.0,0.0,0.0,0.0,5,400.5,406.5,5,438.0,0.0,0.0,0.0,0.0,0.0,120
2023-05-09 21:42:43,SR401C6500,SR401C6500,438.0,0.0,0.0,0.0,5,400.5,408.5,5,438.0,0.0,0.0,0.0,0.0,0.0,120
2023-05-09 21:47:06,SR401C6500,SR401C6500,438.0,0.0,0.0,0.0,5,400.5,406.0,5,438.0,0.0,0.0,0.0,0.0,0.0,120
2023-05-09 21:47:09,SR401C6500,SR401C6500,438.0,0.0,0.0,0.0,5,398.0,406.0,5,438.0,0.0,0.0,0.0,0.0,0.0,120
2023-05-09 21:50:15,SR401C6500,SR401C6500,438.0,0.0,0.0,0.0,5,400.5,408.5,5,438.0,0.0,0.0,0.0,0.0,0.0,120
2023-05-09 21:51:18,SR401C6500,SR401C6500,438.0,0.0,0.0,0.0,5,403.0,412.0,5,438.0,0.0,0.0,0.0,0.0,0.0,120
2023-05-09 21:52:08,SR401C6500,SR401C6500,438.0,0.0,0.0,0.0,5,403.0,410.0,5,438.0,0.0,0.0,0.0,0.0,0.0,120
2023-05-09 21:52:09,SR401C6500,SR401C6500,438.0,0.0,0.0,0.0,5,400.5,410.0,5,438.0,0.0,0.0,0.0,0.0,0.0,120
2023-05-09 21:52:15,SR401C6500,SR401C6500,438.0,0.0,0.0,0.0,5,400.5,408.0,5,438.0,0.0,0.0,0.0,0.0,0.0,120
2023-05-09 21:53:18,SR401C6500,SR401C6500,438.0,0.0,0.0,0.0,5,397.5,406.0,5,438.0,0.0,0.0,0.0,0.0,0.0,120
2023-05-09 21:53:52,SR401C6500,SR401C6500,438.0,0.0,0.0,0.0,5,400.0,406.0,5,438.0,0.0,0.0,0.0,0.0,0.0,120
2023-05-09 21:54:08,SR401C6500,SR401C6500,438.0,0.0,0.0,0.0,5,400.0,408.0,5,438.0,0.0,0.0,0.0,0.0,0.0,120
2023-05-09 21:56:00,SR401C6500,SR401C6500,438.0,0.0,0.0,0.0,5,402.0,408.0,5,438.0,0.0,0.0,0.0,0.0,0.0,120
2023-05-09 21:56:05,SR401C6500,SR401C6500,438.0,0.0,0.0,0.0,5,402.0,411.0,5,438.0,0.0,0.0,0.0,0.0,0.0,120
2023-05-09 21:56:09,SR401C6500,SR401C6500,438.0,0.0,0.0,0.0,5,402.0,409.0,5,438.0,0.0,0.0,0.0,0.0,0.0,120
2023-05-09 21:56:29,SR401C6500,SR401C6500,438.0,0.0,0.0,0.0,5,400.0,409.0,5,438.0,0.0,0.0,0.0,0.0,0.0,120
2023-05-09 21:56:30,SR401C6500,SR401C6500,438.0,0.0,0.0,0.0,5,400.0,407.0,5,438.0,0.0,0.0,0.0,0.0,0.0,120
2023-05-09 21:58:01,SR401C6500,SR401C6500,438.0,0.0,0.0,0.0,5,400.0,409.0,5,438.0,0.0,0.0,0.0,0.0,0.0,120
2023-05-09 21:58:03,SR401C6500,SR401C6500,438.0,0.0,0.0,0.0,5,402.5,409.0,5,438.0,0.0,0.0,0.0,0.0,0.0,120
2023-05-09 21:59:49,SR401C6500,SR401C6500,438.0,0.0,0.0,0.0,5,402.5,412.0,5,438.0,0.0,0.0,0.0,0.0,0.0,120
2023-05-09 22:01:09,SR401C6500,SR401C6500,438.0,0.0,0.0,0.0,5,402.5,410.0,5,438.0,0.0,0.0,0.0,0.0,0.0,120
2023-05-09 22:02:06,SR401C6500,SR401C6500,438.0,0.0,0.0,0.0,5,400.0,408.0,5,438.0,0.0,0.0,0.0,0.0,0.0,120
2023-05-09 22:03:37,SR401C6500,SR401C6500,438.0,0.0,0.0,0.0,2,316.5,406.0,5,438.0,0.0,0.0,0.0,0.0,0.0,120
2023-05-09 22:03:38,SR401C6500,SR401C6500,438.0,0.0,0.0,0.0,5,397.0,406.0,5,438.0,0.0,0.0,0.0,0.0,0.0,120
2023-05-09 22:03:44,SR401C6500,SR401C6500,438.0,0.0,0.0,0.0,5,397.0,404.0,5,438.0,0.0,0.0,0.0,0.0,0.0,120
2023-05-09 22:03:49,SR401C6500,SR401C6500,438.0,0.0,0.0,0.0,5,394.0,404.0,5,438.0,0.0,0.0,0.0,0.0,0.0,120
2023-05-09 22:03:50,SR401C6500,SR401C6500,438.0,0.0,0.0,0.0,5,394.0,402.0,5,438.0,0.0,0.0,0.0,0.0,0.0,120
2023-05-09 22:03:53,SR401C6500,SR401C6500,438.0,0.0,0.0,0.0,5,394.0,399.5,5,438.0,0.0,0.0,0.0,0.0,0.0,120
2023-05-09 22:04:09,SR401C6500,SR401C6500,438.0,0.0,0.0,0.0,5,394.0,402.0,5,438.0,0.0,0.0,0.0,0.0,0.0,120
2023-05-09 22:04:48,SR401C6500,SR401C6500,438.0,0.0,0.0,0.0,5,394.0,400.0,5,438.0,0.0,0.0,0.0,0.0,0.0,120
2023-05-09 22:04:54,SR401C6500,SR401C6500,438.0,0.0,0.0,0.0,5,391.0,400.0,5,438.0,0.0,0.0,0.0,0.0,0.0,120
2023-05-09 22:05:19,SR401C6500,SR401C6500,438.0,0.0,0.0,0.0,5,393.0,400.0,5,438.0,0.0,0.0,0.0,0.0,0.0,120
2023-05-09 22:05:24,SR401C6500,SR401C6500,438.0,0.0,0.0,0.0,5,393.0,402.0,5,438.0,0.0,0.0,0.0,0.0,0.0,120
2023-05-09 22:05:35,SR401C6500,SR401C6500,438.0,0.0,0.0,0.0,5,395.0,402.0,5,438.0,0.0,0.0,0.0,0.0,0.0,120
2023-05-09 22:05:38,SR401C6500,SR401C6500,438.0,0.0,0.0,0.0,5,395.0,405.0,5,438.0,0.0,0.0,0.0,0.0,0.0,120
2023-05-09 22:06:30,SR401C6500,SR401C6500,438.0,0.0,0.0,0.0,5,397.0,405.0,5,438.0,0.0,0.0,0.0,0.0,0.0,120
2023-05-09 22:08:12,SR401C6500,SR401C6500,438.0,0.0,0.0,0.0,5,397.0,403.0,5,438.0,0.0,0.0,0.0,0.0,0.0,120
2023-05-09 22:08:13,SR401C6500,SR401C6500,438.0,0.0,0.0,0.0,5,395.0,403.0,5,438.0,0.0,0.0,0.0,0.0,0.0,120
2023-05-09 22:09:08,SR401C6500,SR401C6500,438.0,0.0,0.0,0.0,5,397.5,405.0,5,438.0,0.0,0.0,0.0,0.0,0.0,120
2023-05-09 22:09:11,SR401C6500,SR401C6500,438.0,0.0,0.0,0.0,5,397.5,408.0,5,438.0,0.0,0.0,0.0,0.0,0.0,120
2023-05-09 22:09:17,SR401C6500,SR401C6500,438.0,0.0,0.0,0.0,5,397.5,406.0,5,438.0,0.0,0.0,0.0,0.0,0.0,120
2023-05-09 22:09:49,SR401C6500,SR401C6500,438.0,0.0,0.0,0.0,5,399.5,406.0,5,438.0,0.0,0.0,0.0,0.0,0.0,120
2023-05-09 22:09:51,SR401C6500,SR401C6500,438.0,0.0,0.0,0.0,5,399.5,408.0,5,438.0,0.0,0.0,0.0,0.0,0.0,120
2023-05-09 22:10:09,SR401C6500,SR401C6500,438.0,0.0,0.0,0.0,5,399.5,406.0,5,438.0,0.0,0.0,0.0,0.0,0.0,120
2023-05-09 22:10:11,SR401C6500,SR401C6500,438.0,0.0,0.0,0.0,5,397.5,406.0,5,438.0,0.0,0.0,0.0,0.0,0.0,120
2023-05-09 22:10:12,SR401C6500,SR401C6500,438.0,0.0,0.0,0.0,5,397.5,404.0,5,438.0,0.0,0.0,0.0,0.0,0.0,120
2023-05-09 22:10:29,SR401C6500,SR401C6500,438.0,0.0,0.0,0.0,5,394.5,404.0,5,438.0,0.0,0.0,0.0,0.0,0.0,120
2023-05-09 22:11:05,SR401C6500,SR401C6500,438.0,0.0,0.0,0.0,5,396.5,404.0,5,438.0,0.0,0.0,0.0,0.0,0.0,120
2023-05-09 22:11:08,SR401C6500,SR401C6500,438.0,0.0,0.0,0.0,5,396.5,406.0,5,438.0,0.0,0.0,0.0,0.0,0.0,120
2023-05-09 22:11:09,SR401C6500,SR401C6500,438.0,0.0,0.0,0.0,5,399.0,406.0,5,438.0,0.0,0.0,0.0,0.0,0.0,120
2023-05-09 22:12:10,SR401C6500,SR401C6500,438.0,0.0,0.0,0.0,5,396.5,406.0,5,438.0,0.0,0.0,0.0,0.0,0.0,120
2023-05-09 22:12:15,SR401C6500,SR401C6500,438.0,0.0,0.0,0.0,5,396.5,404.0,5,438.0,0.0,0.0,0.0,0.0,0.0,120
2023-05-09 22:15:19,SR401C6500,SR401C6500,438.0,0.0,0.0,0.0,5,393.0,401.5,5,438.0,0.0,0.0,0.0,0.0,0.0,120
2023-05-09 22:16:25,SR401C6500,SR401C6500,438.0,0.0,0.0,0.0,5,393.0,399.5,5,438.0,0.0,0.0,0.0,0.0,0.0,120
2023-05-09 22:17:54,SR401C6500,SR401C6500,438.0,0.0,0.0,0.0,5,389.5,399.5,5,438.0,0.0,0.0,0.0,0.0,0.0,120
2023-05-09 22:19:14,SR401C6500,SR401C6500,438.0,0.0,0.0,0.0,5,389.5,397.5,5,438.0,0.0,0.0,0.0,0.0,0.0,120
2023-05-09 22:19:47,SR401C6500,SR401C6500,438.0,0.0,0.0,0.0,5,389.5,395.5,5,438.0,0.0,0.0,0.0,0.0,0.0,120
2023-05-09 22:19:57,SR401C6500,SR401C6500,438.0,0.0,0.0,0.0,5,386.5,395.5,5,438.0,0.0,0.0,0.0,0.0,0.0,120
2023-05-09 22:20:39,SR401C6500,SR401C6500,438.0,0.0,0.0,0.0,5,388.5,395.5,5,438.0,0.0,0.0,0.0,0.0,0.0,120
2023-05-09 22:22:28,SR401C6500,SR401C6500,438.0,0.0,0.0,0.0,5,386.5,395.5,5,438.0,0.0,0.0,0.0,0.0,0.0,120
2023-05-09 22:22:37,SR401C6500,SR401C6500,438.0,0.0,0.0,0.0,5,386.5,393.5,5,438.0,0.0,0.0,0.0,0.0,0.0,120
2023-05-09 22:24:40,SR401C6500,SR401C6500,438.0,0.0,0.0,0.0,5,386.5,395.5,5,438.0,0.0,0.0,0.0,0.0,0.0,120
2023-05-09 22:26:03,SR401C6500,SR401C6500,438.0,0.0,0.0,0.0,5,388.5,395.5,5,438.0,0.0,0.0,0.0,0.0,0.0,120
2023-05-09 22:26:35,SR401C6500,SR401C6500,438.0,0.0,0.0,0.0,5,386.5,395.5,5,438.0,0.0,0.0,0.0,0.0,0.0,120
2023-05-09 22:27:08,SR401C6500,SR401C6500,438.0,0.0,0.0,0.0,5,386.5,393.5,5,438.0,0.0,0.0,0.0,0.0,0.0,120
2023-05-09 22:27:58,SR401C6500,SR401C6500,438.0,0.0,0.0,0.0,5,383.5,393.5,5,438.0,0.0,0.0,0.0,0.0,0.0,120
2023-05-09 22:28:21,SR401C6500,SR401C6500,438.0,0.0,0.0,0.0,5,383.5,391.0,5,438.0,0.0,0.0,0.0,0.0,0.0,120
2023-05-09 22:28:35,SR401C6500,SR401C6500,438.0,0.0,0.0,0.0,5,380.0,389.0,5,438.0,0.0,0.0,0.0,0.0,0.0,120
2023-05-09 22:29:02,SR401C6500,SR401C6500,438.0,0.0,0.0,0.0,5,382.0,389.0,5,438.0,0.0,0.0,0.0,0.0,0.0,120
2023-05-09 22:29:20,SR401C6500,SR401C6500,438.0,0.0,0.0,0.0,5,380.0,389.0,5,438.0,0.0,0.0,0.0,0.0,0.0,120
2023-05-09 22:30:00,SR401C6500,SR401C6500,438.0,0.0,0.0,0.0,5,382.0,389.0,5,438.0,0.0,0.0,0.0,0.0,0.0,120
2023-05-09 22:30:35,SR401C6500,SR401C6500,438.0,0.0,0.0,0.0,5,382.0,391.0,5,438.0,0.0,0.0,0.0,0.0,0.0,120
2023-05-09 22:30:37,SR401C6500,SR401C6500,438.0,0.0,0.0,0.0,5,384.0,391.0,5,438.0,0.0,0.0,0.0,0.0,0.0,120
2023-05-09 22:31:19,SR401C6500,SR401C6500,438.0,0.0,0.0,0.0,5,384.0,394.0,5,438.0,0.0,0.0,0.0,0.0,0.0,120
2023-05-09 22:31:31,SR401C6500,SR401C6500,438.0,0.0,0.0,0.0,5,384.0,392.0,5,438.0,0.0,0.0,0.0,0.0,0.0,120
2023-05-09 22:32:10,SR401C6500,SR401C6500,438.0,0.0,0.0,0.0,5,384.0,390.0,5,438.0,0.0,0.0,0.0,0.0,0.0,120
2023-05-09 22:32:10,SR401C6500,SR401C6500,438.0,0.0,0.0,0.0,5,382.0,390.0,5,438.0,0.0,0.0,0.0,0.0,0.0,120
2023-05-09 22:32:12,SR401C6500,SR401C6500,438.0,0.0,0.0,0.0,5,382.0,388.0,5,438.0,0.0,0.0,0.0,0.0,0.0,120
2023-05-09 22:33:00,SR401C6500,SR401C6500,438.0,0.0,0.0,0.0,5,379.0,388.0,5,438.0,0.0,0.0,0.0,0.0,0.0,120
2023-05-09 22:33:01,SR401C6500,SR401C6500,438.0,0.0,0.0,0.0,5,379.0,386.0,5,438.0,0.0,0.0,0.0,0.0,0.0,120
2023-05-09 22:33:35,SR401C6500,SR401C6500,438.0,0.0,0.0,0.0,5,379.0,388.0,5,438.0,0.0,0.0,0.0,0.0,0.0,120
2023-05-09 22:33:36,SR401C6500,SR401C6500,438.0,0.0,0.0,0.0,5,381.0,388.0,5,438.0,0.0,0.0,0.0,0.0,0.0,120
2023-05-09 22:33:49,SR401C6500,SR401C6500,438.0,0.0,0.0,0.0,5,381.0,390.5,5,438.0,0.0,0.0,0.0,0.0,0.0,120
2023-05-09 22:33:58,SR401C6500,SR401C6500,438.0,0.0,0.0,0.0,5,383.0,390.5,5,438.0,0.0,0.0,0.0,0.0,0.0,120
2023-05-09 22:35:37,SR401C6500,SR401C6500,438.0,0.0,0.0,0.0,5,385.0,393.0,5,438.0,0.0,0.0,0.0,0.0,0.0,120
2023-05-09 22:36:19,SR401C6500,SR401C6500,438.0,0.0,0.0,0.0,5,387.0,396.0,5,438.0,0.0,0.0,0.0,0.0,0.0,120
2023-05-09 22:36:20,SR401C6500,SR401C6500,438.0,0.0,0.0,0.0,5,389.0,396.0,5,438.0,0.0,0.0,0.0,0.0,0.0,120
2023-05-09 22:36:58,SR401C6500,SR401C6500,438.0,0.0,0.0,0.0,5,389.0,398.5,5,438.0,0.0,0.0,0.0,0.0,0.0,120
2023-05-09 22:36:59,SR401C6500,SR401C6500,438.0,0.0,0.0,0.0,5,391.0,398.5,5,438.0,0.0,0.0,0.0,0.0,0.0,120
2023-05-09 22:37:14,SR401C6500,SR401C6500,438.0,0.0,0.0,0.0,5,389.0,396.5,5,438.0,0.0,0.0,0.0,0.0,0.0,120
2023-05-09 22:37:23,SR401C6500,SR401C6500,438.0,0.0,0.0,0.0,5,389.0,394.5,5,438.0,0.0,0.0,0.0,0.0,0.0,120
2023-05-09 22:37:25,SR401C6500,SR401C6500,438.0,0.0,0.0,0.0,5,386.0,394.5,5,438.0,0.0,0.0,0.0,0.0,0.0,120
2023-05-09 22:39:12,SR401C6500,SR401C6500,438.0,0.0,0.0,0.0,5,389.0,394.5,5,438.0,0.0,0.0,0.0,0.0,0.0,120
2023-05-09 22:39:13,SR401C6500,SR401C6500,438.0,0.0,0.0,0.0,5,389.0,396.5,5,438.0,0.0,0.0,0.0,0.0,0.0,120
2023-05-09 22:40:52,SR401C6500,SR401C6500,438.0,0.0,0.0,0.0,5,389.0,394.5,5,438.0,0.0,0.0,0.0,0.0,0.0,120
2023-05-09 22:41:00,SR401C6500,SR401C6500,438.0,0.0,0.0,0.0,5,386.0,394.5,5,438.0,0.0,0.0,0.0,0.0,0.0,120
2023-05-09 22:41:06,SR401C6500,SR401C6500,438.0,0.0,0.0,0.0,5,388.0,394.5,5,438.0,0.0,0.0,0.0,0.0,0.0,120
2023-05-09 22:41:20,SR401C6500,SR401C6500,438.0,0.0,0.0,0.0,5,388.0,396.5,5,438.0,0.0,0.0,0.0,0.0,0.0,120
2023-05-09 22:44:27,SR401C6500,SR401C6500,438.0,0.0,0.0,0.0,5,390.0,396.5,5,438.0,0.0,0.0,0.0,0.0,0.0,120
2023-05-09 22:44:28,SR401C6500,SR401C6500,438.0,0.0,0.0,0.0,5,390.0,399.5,5,438.0,0.0,0.0,0.0,0.0,0.0,120
2023-05-09 22:44:47,SR401C6500,SR401C6500,438.0,0.0,0.0,0.0,5,390.0,396.5,5,438.0,0.0,0.0,0.0,0.0,0.0,120
2023-05-09 22:45:22,SR401C6500,SR401C6500,438.0,0.0,0.0,0.0,5,388.0,396.5,5,438.0,0.0,0.0,0.0,0.0,0.0,120
2023-05-09 22:46:03,SR401C6500,SR401C6500,438.0,0.0,0.0,0.0,5,388.0,394.5,5,438.0,0.0,0.0,0.0,0.0,0.0,120
2023-05-09 22:46:05,SR401C6500,SR401C6500,438.0,0.0,0.0,0.0,5,385.0,394.5,5,438.0,0.0,0.0,0.0,0.0,0.0,120
2023-05-09 22:46:57,SR401C6500,SR401C6500,438.0,0.0,0.0,0.0,5,387.5,394.5,5,438.0,0.0,0.0,0.0,0.0,0.0,120
2023-05-09 22:47:36,SR401C6500,SR401C6500,438.0,0.0,0.0,0.0,5,387.5,396.5,5,438.0,0.0,0.0,0.0,0.0,0.0,120
2023-05-09 22:47:59,SR401C6500,SR401C6500,438.0,0.0,0.0,0.0,5,389.5,396.5,5,438.0,0.0,0.0,0.0,0.0,0.0,120
2023-05-09 22:49:08,SR401C6500,SR401C6500,438.0,0.0,0.0,0.0,5,387.5,396.5,5,438.0,0.0,0.0,0.0,0.0,0.0,120
2023-05-09 22:49:11,SR401C6500,SR401C6500,438.0,0.0,0.0,0.0,5,387.5,394.5,5,438.0,0.0,0.0,0.0,0.0,0.0,120
2023-05-09 22:49:19,SR401C6500,SR401C6500,438.0,0.0,0.0,0.0,5,384.5,392.5,5,438.0,0.0,0.0,0.0,0.0,0.0,120
2023-05-09 22:50:01,SR401C6500,SR401C6500,438.0,0.0,0.0,0.0,5,387.0,392.5,5,438.0,0.0,0.0,0.0,0.0,0.0,120
2023-05-09 22:50:41,SR401C6500,SR401C6500,438.0,0.0,0.0,0.0,5,387.0,394.5,5,438.0,0.0,0.0,0.0,0.0,0.0,120
2023-05-09 22:56:02,SR401C6500,SR401C6500,438.0,0.0,0.0,0.0,2,373.5,444.5,2,438.0,0.0,0.0,0.0,0.0,0.0,120
2023-05-09 22:56:36,SR401C6500,SR401C6500,438.0,0.0,0.0,0.0,10,282.5,0.0,0,438.0,0.0,0.0,0.0,0.0,0.0,120
2023-05-09 22:56:38,SR401C6500,SR401C6500,438.0,0.0,0.0,0.0,1,284.0,839.0,10,438.0,0.0,0.0,0.0,0.0,0.0,120
2023-05-09 22:56:39,SR401C6500,SR401C6500,438.0,0.0,0.0,0.0,10,284.5,837.5,1,438.0,0.0,0.0,0.0,0.0,0.0,120
2023-05-09 22:56:39,SR401C6500,SR401C6500,438.0,0.0,0.0,0.0,10,284.5,837.0,10,438.0,0.0,0.0,0.0,0.0,0.0,120
2023-05-09 22:56:43,SR401C6500,SR401C6500,438.0,0.0,0.0,0.0,1,286.0,835.5,1,438.0,0.0,0.0,0.0,0.0,0.0,120
2023-05-09 22:56:43,SR401C6500,SR401C6500,438.0,0.0,0.0,0.0,10,286.5,835.0,10,438.0,0.0,0.0,0.0,0.0,0.0,120
2023-05-09 22:56:44,SR401C6500,SR401C6500,438.0,0.0,0.0,0.0,1,288.0,835.0,10,438.0,0.0,0.0,0.0,0.0,0.0,120
2023-05-09 22:56:44,SR401C6500,SR401C6500,438.0,0.0,0.0,0.0,10,288.5,833.5,1,438.0,0.0,0.0,0.0,0.0,0.0,120
2023-05-09 22:56:44,SR401C6500,SR401C6500,438.0,0.0,0.0,0.0,10,288.5,833.0,10,438.0,0.0,0.0,0.0,0.0,0.0,120
2023-05-09 22:56:45,SR401C6500,SR401C6500,438.0,0.0,0.0,0.0,1,290.0,831.5,1,438.0,0.0,0.0,0.0,0.0,0.0,120
2023-05-09 22:56:45,SR401C6500,SR401C6500,438.0,0.0,0.0,0.0,10,290.5,831.0,10,438.0,0.0,0.0,0.0,0.0,0.0,120
2023-05-09 22:56:47,SR401C6500,SR401C6500,438.0,0.0,0.0,0.0,1,292.0,831.0,10,438.0,0.0,0.0,0.0,0.0,0.0,120
2023-05-09 22:56:48,SR401C6500,SR401C6500,438.0,0.0,0.0,0.0,10,292.5,829.5,1,438.0,0.0,0.0,0.0,0.0,0.0,120
2023-05-09 22:56:48,SR401C6500,SR401C6500,438.0,0.0,0.0,0.0,1,294.0,829.0,10,438.0,0.0,0.0,0.0,0.0,0.0,120
2023-05-09 22:56:49,SR401C6500,SR401C6500,438.0,0.0,0.0,0.0,10,294.5,827.5,1,438.0,0.0,0.0,0.0,0.0,0.0,120
2023-05-09 22:56:49,SR401C6500,SR401C6500,438.0,0.0,0.0,0.0,10,294.5,827.0,10,438.0,0.0,0.0,0.0,0.0,0.0,120
2023-05-09 22:56:50,SR401C6500,SR401C6500,438.0,0.0,0.0,0.0,10,294.5,825.5,1,438.0,0.0,0.0,0.0,0.0,0.0,120
2023-05-09 22:56:50,SR401C6500,SR401C6500,438.0,0.0,0.0,0.0,10,294.5,825.0,10,438.0,0.0,0.0,0.0,0.0,0.0,120
2023-05-09 22:56:51,SR401C6500,SR401C6500,438.0,0.0,0.0,0.0,10,294.5,823.5,1,438.0,0.0,0.0,0.0,0.0,0.0,120
2023-05-09 22:56:51,SR401C6500,SR401C6500,438.0,0.0,0.0,0.0,10,294.5,823.0,10,438.0,0.0,0.0,0.0,0.0,0.0,120
2023-05-09 22:56:54,SR401C6500,SR401C6500,438.0,0.0,0.0,0.0,10,294.5,821.5,1,438.0,0.0,0.0,0.0,0.0,0.0,120
2023-05-09 22:56:54,SR401C6500,SR401C6500,438.0,0.0,0.0,0.0,10,294.5,821.0,10,438.0,0.0,0.0,0.0,0.0,0.0,120
2023-05-09 22:56:57,SR401C6500,SR401C6500,438.0,0.0,0.0,0.0,10,294.5,819.5,1,438.0,0.0,0.0,0.0,0.0,0.0,120
2023-05-09 22:56:57,SR401C6500,SR401C6500,438.0,0.0,0.0,0.0,10,294.5,819.0,10,438.0,0.0,0.0,0.0,0.0,0.0,120
2023-05-09 22:56:59,SR401C6500,SR401C6500,438.0,0.0,0.0,0.0,10,294.5,817.5,1,438.0,0.0,0.0,0.0,0.0,0.0,120
2023-05-09 22:56:59,SR401C6500,SR401C6500,438.0,0.0,0.0,0.0,10,294.5,817.0,10,438.0,0.0,0.0,0.0,0.0,0.0,120
2023-05-09 22:57:03,SR401C6500,SR401C6500,438.0,0.0,0.0,0.0,10,294.5,815.5,1,438.0,0.0,0.0,0.0,0.0,0.0,120
2023-05-09 22:57:03,SR401C6500,SR401C6500,438.0,0.0,0.0,0.0,10,294.5,815.0,10,438.0,0.0,0.0,0.0,0.0,0.0,120
2023-05-09 22:57:06,SR401C6500,SR401C6500,438.0,0.0,0.0,0.0,10,294.5,813.5,1,438.0,0.0,0.0,0.0,0.0,0.0,120
2023-05-09 22:57:06,SR401C6500,SR401C6500,438.0,0.0,0.0,0.0,10,294.5,813.0,10,438.0,0.0,0.0,0.0,0.0,0.0,120
2023-05-09 22:57:07,SR401C6500,SR401C6500,438.0,0.0,0.0,0.0,10,294.5,811.5,1,438.0,0.0,0.0,0.0,0.0,0.0,120
2023-05-09 22:57:07,SR401C6500,SR401C6500,438.0,0.0,0.0,0.0,10,294.5,811.0,10,438.0,0.0,0.0,0.0,0.0,0.0,120
2023-05-09 22:57:11,SR401C6500,SR401C6500,438.0,0.0,0.0,0.0,10,294.5,809.5,1,438.0,0.0,0.0,0.0,0.0,0.0,120
2023-05-09 22:57:11,SR401C6500,SR401C6500,438.0,0.0,0.0,0.0,10,294.5,809.0,10,438.0,0.0,0.0,0.0,0.0,0.0,120
2023-05-09 22:57:12,SR401C6500,SR401C6500,438.0,0.0,0.0,0.0,10,294.5,807.5,1,438.0,0.0,0.0,0.0,0.0,0.0,120
2023-05-09 22:57:12,SR401C6500,SR401C6500,438.0,0.0,0.0,0.0,10,294.5,807.0,10,438.0,0.0,0.0,0.0,0.0,0.0,120
2023-05-09 22:57:16,SR401C6500,SR401C6500,438.0,0.0,0.0,0.0,10,294.5,805.5,1,438.0,0.0,0.0,0.0,0.0,0.0,120
2023-05-09 22:57:16,SR401C6500,SR401C6500,438.0,0.0,0.0,0.0,10,294.5,805.0,10,438.0,0.0,0.0,0.0,0.0,0.0,120
2023-05-09 22:57:18,SR401C6500,SR401C6500,438.0,0.0,0.0,0.0,10,294.5,803.5,1,438.0,0.0,0.0,0.0,0.0,0.0,120
2023-05-09 22:57:18,SR401C6500,SR401C6500,438.0,0.0,0.0,0.0,10,294.5,803.0,10,438.0,0.0,0.0,0.0,0.0,0.0,120
2023-05-09 22:57:22,SR401C6500,SR401C6500,438.0,0.0,0.0,0.0,10,294.5,801.5,1,438.0,0.0,0.0,0.0,0.0,0.0,120
2023-05-09 22:57:22,SR401C6500,SR401C6500,438.0,0.0,0.0,0.0,10,294.5,801.0,10,438.0,0.0,0.0,0.0,0.0,0.0,120
2023-05-09 22:57:25,SR401C6500,SR401C6500,438.0,0.0,0.0,0.0,10,294.5,799.5,1,438.0,0.0,0.0,0.0,0.0,0.0,120
2023-05-09 22:57:25,SR401C6500,SR401C6500,438.0,0.0,0.0,0.0,10,294.5,799.0,10,438.0,0.0,0.0,0.0,0.0,0.0,120
2023-05-09 22:57:26,SR401C6500,SR401C6500,438.0,0.0,0.0,0.0,10,294.5,797.5,1,438.0,0.0,0.0,0.0,0.0,0.0,120
2023-05-09 22:57:26,SR401C6500,SR401C6500,438.0,0.0,0.0,0.0,10,294.5,797.0,10,438.0,0.0,0.0,0.0,0.0,0.0,120
2023-05-09 22:57:27,SR401C6500,SR401C6500,438.0,0.0,0.0,0.0,10,294.5,795.5,1,438.0,0.0,0.0,0.0,0.0,0.0,120
2023-05-09 22:57:27,SR401C6500,SR401C6500,438.0,0.0,0.0,0.0,10,294.5,795.0,10,438.0,0.0,0.0,0.0,0.0,0.0,120
2023-05-09 22:57:28,SR401C6500,SR401C6500,438.0,0.0,0.0,0.0,10,294.5,793.5,1,438.0,0.0,0.0,0.0,0.0,0.0,120
2023-05-09 22:57:28,SR401C6500,SR401C6500,438.0,0.0,0.0,0.0,10,294.5,793.0,10,438.0,0.0,0.0,0.0,0.0,0.0,120
2023-05-09 22:57:31,SR401C6500,SR401C6500,438.0,0.0,0.0,0.0,10,294.5,791.5,1,438.0,0.0,0.0,0.0,0.0,0.0,120
2023-05-09 22:57:31,SR401C6500,SR401C6500,438.0,0.0,0.0,0.0,10,294.5,791.0,10,438.0,0.0,0.0,0.0,0.0,0.0,120
2023-05-09 22:57:32,SR401C6500,SR401C6500,438.0,0.0,0.0,0.0,10,294.5,789.5,1,438.0,0.0,0.0,0.0,0.0,0.0,120
2023-05-09 22:57:32,SR401C6500,SR401C6500,438.0,0.0,0.0,0.0,10,294.5,789.0,10,438.0,0.0,0.0,0.0,0.0,0.0,120
2023-05-09 22:57:35,SR401C6500,SR401C6500,438.0,0.0,0.0,0.0,10,294.5,787.5,1,438.0,0.0,0.0,0.0,0.0,0.0,120
2023-05-09 22:57:35,SR401C6500,SR401C6500,438.0,0.0,0.0,0.0,10,282.0,787.5,1,438.0,0.0,0.0,0.0,0.0,0.0,120
2023-05-09 22:57:37,SR401C6500,SR401C6500,438.0,0.0,0.0,0.0,1,283.5,787.5,1,438.0,0.0,0.0,0.0,0.0,0.0,120
2023-05-09 22:58:00,SR401C6500,SR401C6500,438.0,0.0,0.0,0.0,10,282.0,787.5,1,438.0,0.0,0.0,0.0,0.0,0.0,120
2023-05-09 22:59:54,SR401C6500,SR401C6500,438.0,0.0,0.0,0.0,10,282.0,0.0,0,438.0,0.0,0.0,0.0,0.0,0.0,120
2023-05-09 22:59:59,SR401C6500,SR401C6500,438.0,0.0,0.0,0.0,10,41.0,0.0,0,438.0,0.0,0.0,0.0,0.0,0.0,120
2023-05-10 09:00:04,SR401C6500,SR401C6500,438.0,0.0,0.0,0.0,2,260.0,527.0,2,438.0,0.0,0.0,0.0,0.0,0.0,120
2023-05-10 09:01:13,SR401C6500,SR401C6500,438.0,0.0,0.0,0.0,2,266.5,527.0,2,438.0,0.0,0.0,0.0,0.0,0.0,120
2023-05-10 09:01:13,SR401C6500,SR401C6500,438.0,0.0,0.0,0.0,2,301.0,492.0,2,438.0,0.0,0.0,0.0,0.0,0.0,120
2023-05-10 09:01:14,SR401C6500,SR401C6500,438.0,0.0,0.0,0.0,2,336.0,491.5,10,438.0,0.0,0.0,0.0,0.0,0.0,120
2023-05-10 09:01:14,SR401C6500,SR401C6500,438.0,0.0,0.0,0.0,2,336.0,457.0,2,438.0,0.0,0.0,0.0,0.0,0.0,120
2023-05-10 09:01:15,SR401C6500,SR401C6500,438.0,0.0,0.0,0.0,2,336.0,456.5,10,438.0,0.0,0.0,0.0,0.0,0.0,120
2023-05-10 09:01:24,SR401C6500,SR401C6500,438.0,0.0,0.0,0.0,2,336.0,397.0,5,438.0,0.0,0.0,0.0,0.0,0.0,120
2023-05-10 09:01:25,SR401C6500,SR401C6500,438.0,0.0,0.0,0.0,5,384.0,397.0,5,438.0,0.0,0.0,0.0,0.0,0.0,120
2023-05-10 09:01:45,SR401C6500,SR401C6500,438.0,0.0,0.0,0.0,5,384.0,393.5,5,438.0,0.0,0.0,0.0,0.0,0.0,120
2023-05-10 09:03:45,SR401C6500,SR401C6500,438.0,0.0,0.0,0.0,5,384.0,397.0,5,438.0,0.0,0.0,0.0,0.0,0.0,120
2023-05-10 09:04:03,SR401C6500,SR401C6500,438.0,0.0,0.0,0.0,5,387.5,397.0,5,438.0,0.0,0.0,0.0,0.0,0.0,120
2023-05-10 09:05:21,SR401C6500,SR401C6500,438.0,0.0,0.0,0.0,5,387.5,394.5,5,438.0,0.0,0.0,0.0,0.0,0.0,120
2023-05-10 09:06:41,SR401C6500,SR401C6500,438.0,0.0,0.0,0.0,5,387.5,397.0,5,438.0,0.0,0.0,0.0,0.0,0.0,120
2023-05-10 09:07:12,SR401C6500,SR401C6500,438.0,0.0,0.0,0.0,5,390.0,397.0,5,438.0,0.0,0.0,0.0,0.0,0.0,120
2023-05-10 09:07:22,SR401C6500,SR401C6500,438.0,0.0,0.0,0.0,5,390.0,400.5,5,438.0,0.0,0.0,0.0,0.0,0.0,120
2023-05-10 09:07:36,SR401C6500,SR401C6500,438.0,0.0,0.0,0.0,5,393.0,400.5,5,438.0,0.0,0.0,0.0,0.0,0.0,120
2023-05-10 09:08:17,SR401C6500,SR401C6500,438.0,0.0,0.0,0.0,5,393.0,403.5,5,438.0,0.0,0.0,0.0,0.0,0.0,120
2023-05-10 09:08:18,SR401C6500,SR401C6500,438.0,0.0,0.0,0.0,5,396.0,403.5,5,438.0,0.0,0.0,0.0,0.0,0.0,120
2023-05-10 09:08:27,SR401C6500,SR401C6500,438.0,0.0,0.0,0.0,5,396.0,407.0,5,438.0,0.0,0.0,0.0,0.0,0.0,120
2023-05-10 09:08:43,SR401C6500,SR401C6500,438.0,0.0,0.0,0.0,5,396.0,404.5,5,438.0,0.0,0.0,0.0,0.0,0.0,120
2023-05-10 09:09:00,SR401C6500,SR401C6500,438.0,0.0,0.0,0.0,5,396.0,407.0,5,438.0,0.0,0.0,0.0,0.0,0.0,120
2023-05-10 09:09:01,SR401C6500,SR401C6500,438.0,0.0,0.0,0.0,5,399.0,407.0,5,438.0,0.0,0.0,0.0,0.0,0.0,120
2023-05-10 09:10:29,SR401C6500,SR401C6500,438.0,0.0,0.0,0.0,5,396.0,407.0,5,438.0,0.0,0.0,0.0,0.0,0.0,120
2023-05-10 09:10:43,SR401C6500,SR401C6500,438.0,0.0,0.0,0.0,5,396.0,404.5,5,438.0,0.0,0.0,0.0,0.0,0.0,120
2023-05-10 09:10:58,SR401C6500,SR401C6500,438.0,0.0,0.0,0.0,5,392.5,402.0,5,438.0,0.0,0.0,0.0,0.0,0.0,120
2023-05-10 09:12:01,SR401C6500,SR401C6500,438.0,0.0,0.0,0.0,5,392.5,399.5,5,438.0,0.0,0.0,0.0,0.0,0.0,120
2023-05-10 09:12:31,SR401C6500,SR401C6500,438.0,0.0,0.0,0.0,5,389.0,399.5,5,438.0,0.0,0.0,0.0,0.0,0.0,120
2023-05-10 09:14:14,SR401C6500,SR401C6500,438.0,0.0,0.0,0.0,5,389.0,397.0,5,438.0,0.0,0.0,0.0,0.0,0.0,120
2023-05-10 09:27:47,SR401C6500,SR401C6500,438.0,0.0,0.0,0.0,5,385.5,397.0,5,438.0,0.0,0.0,0.0,0.0,0.0,120
2023-05-10 09:29:57,SR401C6500,SR401C6500,438.0,0.0,0.0,0.0,5,385.5,394.5,5,438.0,0.0,0.0,0.0,0.0,0.0,120
2023-05-10 09:30:33,SR401C6500,SR401C6500,438.0,0.0,0.0,0.0,5,385.5,397.0,5,438.0,0.0,0.0,0.0,0.0,0.0,120
2023-05-10 09:30:39,SR401C6500,SR401C6500,438.0,0.0,0.0,0.0,5,388.0,397.0,5,438.0,0.0,0.0,0.0,0.0,0.0,120
2023-05-10 09:31:17,SR401C6500,SR401C6500,438.0,0.0,0.0,0.0,5,388.0,394.5,5,438.0,0.0,0.0,0.0,0.0,0.0,120
2023-05-10 09:31:28,SR401C6500,SR401C6500,438.0,0.0,0.0,0.0,5,385.5,394.5,5,438.0,0.0,0.0,0.0,0.0,0.0,120
2023-05-10 09:36:03,SR401C6500,SR401C6500,438.0,0.0,0.0,0.0,5,388.0,394.5,5,438.0,0.0,0.0,0.0,0.0,0.0,120
2023-05-10 09:36:04,SR401C6500,SR401C6500,438.0,0.0,0.0,0.0,5,388.0,397.0,5,438.0,0.0,0.0,0.0,0.0,0.0,120
2023-05-10 09:40:11,SR401C6500,SR401C6500,438.0,0.0,0.0,0.0,5,390.5,400.0,5,438.0,0.0,0.0,0.0,0.0,0.0,120
2023-05-10 09:44:01,SR401C6500,SR401C6500,438.0,0.0,0.0,0.0,5,393.0,400.0,5,438.0,0.0,0.0,0.0,0.0,0.0,120
2023-05-10 09:44:19,SR401C6500,SR401C6500,438.0,0.0,0.0,0.0,5,393.0,403.0,5,438.0,0.0,0.0,0.0,0.0,0.0,120
2023-05-10 09:49:56,SR401C6500,SR401C6500,438.0,0.0,0.0,0.0,5,395.5,403.0,5,438.0,0.0,0.0,0.0,0.0,0.0,120
2023-05-10 09:50:13,SR401C6500,SR401C6500,438.0,0.0,0.0,0.0,5,395.5,406.5,5,438.0,0.0,0.0,0.0,0.0,0.0,120
2023-05-10 09:53:09,SR401C6500,SR401C6500,438.0,0.0,0.0,0.0,5,395.5,404.0,5,438.0,0.0,0.0,0.0,0.0,0.0,120
2023-05-10 09:55:55,SR401C6500,SR401C6500,438.0,0.0,0.0,0.0,5,393.0,401.5,5,438.0,0.0,0.0,0.0,0.0,0.0,120
2023-05-10 10:05:48,SR401C6500,SR401C6500,438.0,0.0,0.0,0.0,5,393.0,404.0,5,438.0,0.0,0.0,0.0,0.0,0.0,120
2023-05-10 10:06:59,SR401C6500,SR401C6500,438.0,0.0,0.0,0.0,5,396.0,404.0,5,438.0,0.0,0.0,0.0,0.0,0.0,120
2023-05-10 10:10:04,SR401C6500,SR401C6500,438.0,0.0,0.0,0.0,5,396.0,407.5,5,438.0,0.0,0.0,0.0,0.0,0.0,120
2023-05-10 10:12:57,SR401C6500,SR401C6500,438.0,0.0,0.0,0.0,5,396.0,405.0,5,438.0,0.0,0.0,0.0,0.0,0.0,120
2023-05-10 10:14:53,SR401C6500,SR401C6500,438.0,0.0,0.0,0.0,5,393.0,405.0,5,438.0,0.0,0.0,0.0,0.0,0.0,120
2023-05-10 10:30:14,SR401C6500,SR401C6500,438.0,0.0,0.0,0.0,5,393.0,402.5,5,438.0,0.0,0.0,0.0,0.0,0.0,120
2023-05-10 10:31:25,SR401C6500,SR401C6500,438.0,0.0,0.0,0.0,5,395.5,402.5,5,438.0,0.0,0.0,0.0,0.0,0.0,120
2023-05-10 10:31:27,SR401C6500,SR401C6500,438.0,0.0,0.0,0.0,5,395.5,405.0,5,438.0,0.0,0.0,0.0,0.0,0.0,120
2023-05-10 10:35:18,SR401C6500,SR401C6500,438.0,0.0,0.0,0.0,5,398.0,405.0,5,438.0,0.0,0.0,0.0,0.0,0.0,120
2023-05-10 10:35:35,SR401C6500,SR401C6500,438.0,0.0,0.0,0.0,5,398.0,408.5,5,438.0,0.0,0.0,0.0,0.0,0.0,120
2023-05-10 10:39:31,SR401C6500,SR401C6500,438.0,0.0,0.0,0.0,5,398.0,405.0,5,438.0,0.0,0.0,0.0,0.0,0.0,120
2023-05-10 10:45:11,SR401C6500,SR401C6500,438.0,0.0,0.0,0.0,5,395.5,405.0,5,438.0,0.0,0.0,0.0,0.0,0.0,120
2023-05-10 10:45:53,SR401C6500,SR401C6500,438.0,0.0,0.0,0.0,5,395.5,402.5,5,438.0,0.0,0.0,0.0,0.0,0.0,120
2023-05-10 10:47:47,SR401C6500,SR401C6500,438.0,0.0,0.0,0.0,5,392.0,402.5,5,438.0,0.0,0.0,0.0,0.0,0.0,120
2023-05-10 10:52:05,SR401C6500,SR401C6500,438.0,0.0,0.0,0.0,5,392.0,400.0,5,438.0,0.0,0.0,0.0,0.0,0.0,120
2023-05-10 10:52:36,SR401C6500,SR401C6500,438.0,0.0,0.0,0.0,5,392.0,402.5,5,438.0,0.0,0.0,0.0,0.0,0.0,120
2023-05-10 10:57:57,SR401C6500,SR401C6500,438.0,0.0,0.0,0.0,5,392.0,399.0,5,438.0,0.0,0.0,0.0,0.0,0.0,120
2023-05-10 11:03:00,SR401C6500,SR401C6500,438.0,0.0,0.0,0.0,5,392.0,402.5,5,438.0,0.0,0.0,0.0,0.0,0.0,120
2023-05-10 11:04:33,SR401C6500,SR401C6500,438.0,0.0,0.0,0.0,5,392.0,400.0,5,438.0,0.0,0.0,0.0,0.0,0.0,120
2023-05-10 11:07:33,SR401C6500,SR401C6500,438.0,0.0,0.0,0.0,5,392.0,402.5,5,438.0,0.0,0.0,0.0,0.0,0.0,120
2023-05-10 11:08:03,SR401C6500,SR401C6500,438.0,0.0,0.0,0.0,5,395.0,402.5,5,438.0,0.0,0.0,0.0,0.0,0.0,120
2023-05-10 11:08:09,SR401C6500,SR401C6500,438.0,0.0,0.0,0.0,5,395.0,406.0,5,438.0,0.0,0.0,0.0,0.0,0.0,120
2023-05-10 11:08:22,SR401C6500,SR401C6500,438.0,0.0,0.0,0.0,5,399.0,406.0,5,438.0,0.0,0.0,0.0,0.0,0.0,120
2023-05-10 11:08:22,SR401C6500,SR401C6500,438.0,0.0,0.0,0.0,5,399.0,409.5,5,438.0,0.0,0.0,0.0,0.0,0.0,120
2023-05-10 11:09:07,SR401C6500,SR401C6500,438.0,0.0,0.0,0.0,5,402.0,409.5,5,438.0,0.0,0.0,0.0,0.0,0.0,120
2023-05-10 11:09:32,SR401C6500,SR401C6500,438.0,0.0,0.0,0.0,5,402.0,413.0,5,438.0,0.0,0.0,0.0,0.0,0.0,120
2023-05-10 11:09:43,SR401C6500,SR401C6500,438.0,0.0,0.0,0.0,5,405.0,413.0,5,438.0,0.0,0.0,0.0,0.0,0.0,120
2023-05-10 11:12:42,SR401C6500,SR401C6500,438.0,0.0,0.0,0.0,5,405.0,416.5,5,438.0,0.0,0.0,0.0,0.0,0.0,120
2023-05-10 11:12:56,SR401C6500,SR401C6500,438.0,0.0,0.0,0.0,5,405.0,414.0,5,438.0,0.0,0.0,0.0,0.0,0.0,120
2023-05-10 11:15:50,SR401C6500,SR401C6500,438.0,0.0,0.0,0.0,5,405.0,411.5,5,438.0,0.0,0.0,0.0,0.0,0.0,120
2023-05-10 11:15:54,SR401C6500,SR401C6500,438.0,0.0,0.0,0.0,5,402.0,411.5,5,438.0,0.0,0.0,0.0,0.0,0.0,120
2023-05-10 11:16:11,SR401C6500,SR401C6500,438.0,0.0,0.0,0.0,5,402.0,409.0,5,438.0,0.0,0.0,0.0,0.0,0.0,120
2023-05-10 11:16:30,SR401C6500,SR401C6500,438.0,0.0,0.0,0.0,5,398.5,409.0,5,438.0,0.0,0.0,0.0,0.0,0.0,120
2023-05-10 11:17:10,SR401C6500,SR401C6500,438.0,0.0,0.0,0.0,5,401.0,409.0,5,438.0,0.0,0.0,0.0,0.0,0.0,120
2023-05-10 11:18:30,SR401C6500,SR401C6500,438.0,0.0,0.0,0.0,5,401.0,411.5,5,438.0,0.0,0.0,0.0,0.0,0.0,120
2023-05-10 11:19:02,SR401C6500,SR401C6500,438.0,0.0,0.0,0.0,5,403.5,411.5,5,438.0,0.0,0.0,0.0,0.0,0.0,120
2023-05-10 11:20:31,SR401C6500,SR401C6500,438.0,0.0,0.0,0.0,5,403.5,415.0,5,438.0,0.0,0.0,0.0,0.0,0.0,120
2023-05-10 11:21:52,SR401C6500,SR401C6500,438.0,0.0,0.0,0.0,5,406.0,415.0,5,438.0,0.0,0.0,0.0,0.0,0.0,120
2023-05-10 11:29:32,SR401C6500,SR401C6500,438.0,0.0,0.0,0.0,2,264.0,457.0,2,438.0,0.0,0.0,0.0,0.0,0.0,120
2023-05-10 11:29:32,SR401C6500,SR401C6500,438.0,0.0,0.0,0.0,10,264.5,457.0,2,438.0,0.0,0.0,0.0,0.0,0.0,120
2023-05-10 11:29:32,SR401C6500,SR401C6500,438.0,0.0,0.0,0.0,2,299.0,457.0,2,438.0,0.0,0.0,0.0,0.0,0.0,120
2023-05-10 13:30:02,SR401C6500,SR401C6500,438.0,0.0,0.0,0.0,2,334.0,457.0,2,438.0,0.0,0.0,0.0,0.0,0.0,120
2023-05-10 13:30:02,SR401C6500,SR401C6500,438.0,0.0,0.0,0.0,10,334.5,457.0,2,438.0,0.0,0.0,0.0,0.0,0.0,120
2023-05-10 13:30:03,SR401C6500,SR401C6500,438.0,0.0,0.0,0.0,2,368.5,457.0,2,438.0,0.0,0.0,0.0,0.0,0.0,120
2023-05-10 13:30:09,SR401C6500,SR401C6500,438.0,0.0,0.0,0.0,10,284.0,457.0,2,438.0,0.0,0.0,0.0,0.0,0.0,120
2023-05-10 13:30:09,SR401C6500,SR401C6500,438.0,0.0,0.0,0.0,2,318.5,457.0,2,438.0,0.0,0.0,0.0,0.0,0.0,120
2023-05-10 13:30:10,SR401C6500,SR401C6500,438.0,0.0,0.0,0.0,2,353.5,457.0,2,438.0,0.0,0.0,0.0,0.0,0.0,120
2023-05-10 13:30:18,SR401C6500,SR401C6500,438.0,0.0,0.0,0.0,10,283.5,457.0,2,438.0,0.0,0.0,0.0,0.0,0.0,120
2023-05-10 13:30:18,SR401C6500,SR401C6500,438.0,0.0,0.0,0.0,2,318.0,457.0,2,438.0,0.0,0.0,0.0,0.0,0.0,120
2023-05-10 13:30:19,SR401C6500,SR401C6500,438.0,0.0,0.0,0.0,2,353.0,457.0,2,438.0,0.0,0.0,0.0,0.0,0.0,120
2023-05-10 13:30:25,SR401C6500,SR401C6500,438.0,0.0,0.0,0.0,10,285.0,457.0,2,438.0,0.0,0.0,0.0,0.0,0.0,120
2023-05-10 13:30:25,SR401C6500,SR401C6500,438.0,0.0,0.0,0.0,2,319.5,457.0,2,438.0,0.0,0.0,0.0,0.0,0.0,120
2023-05-10 13:30:26,SR401C6500,SR401C6500,438.0,0.0,0.0,0.0,2,354.5,457.0,2,438.0,0.0,0.0,0.0,0.0,0.0,120
2023-05-10 13:30:32,SR401C6500,SR401C6500,438.0,0.0,0.0,0.0,10,286.0,457.0,2,438.0,0.0,0.0,0.0,0.0,0.0,120
2023-05-10 13:30:32,SR401C6500,SR401C6500,438.0,0.0,0.0,0.0,2,320.5,457.0,2,438.0,0.0,0.0,0.0,0.0,0.0,120
2023-05-10 13:30:33,SR401C6500,SR401C6500,438.0,0.0,0.0,0.0,2,355.5,457.0,2,438.0,0.0,0.0,0.0,0.0,0.0,120
2023-05-10 13:30:39,SR401C6500,SR401C6500,438.0,0.0,0.0,0.0,10,286.5,457.0,2,438.0,0.0,0.0,0.0,0.0,0.0,120
2023-05-10 13:30:39,SR401C6500,SR401C6500,438.0,0.0,0.0,0.0,2,321.0,457.0,2,438.0,0.0,0.0,0.0,0.0,0.0,120
2023-05-10 13:30:40,SR401C6500,SR401C6500,438.0,0.0,0.0,0.0,2,356.0,457.0,2,438.0,0.0,0.0,0.0,0.0,0.0,120
2023-05-10 13:30:46,SR401C6500,SR401C6500,438.0,0.0,0.0,0.0,10,284.5,457.0,2,438.0,0.0,0.0,0.0,0.0,0.0,120
2023-05-10 13:30:46,SR401C6500,SR401C6500,438.0,0.0,0.0,0.0,2,319.0,457.0,2,438.0,0.0,0.0,0.0,0.0,0.0,120
2023-05-10 13:30:47,SR401C6500,SR401C6500,438.0,0.0,0.0,0.0,2,354.0,457.0,2,438.0,0.0,0.0,0.0,0.0,0.0,120
2023-05-10 13:30:55,SR401C6500,SR401C6500,438.0,0.0,0.0,0.0,2,354.0,423.0,5,438.0,0.0,0.0,0.0,0.0,0.0,120
2023-05-10 13:30:56,SR401C6500,SR401C6500,438.0,0.0,0.0,0.0,5,415.0,423.0,5,438.0,0.0,0.0,0.0,0.0,0.0,120
2023-05-10 13:31:29,SR401C6500,SR401C6500,438.0,0.0,0.0,0.0,5,415.0,421.0,5,438.0,0.0,0.0,0.0,0.0,0.0,120
2023-05-10 13:31:38,SR401C6500,SR401C6500,438.0,0.0,0.0,0.0,5,412.0,421.0,5,438.0,0.0,0.0,0.0,0.0,0.0,120
2023-05-10 13:32:08,SR401C6500,SR401C6500,438.0,0.0,0.0,0.0,5,412.0,419.0,5,438.0,0.0,0.0,0.0,0.0,0.0,120
2023-05-10 13:33:22,SR401C6500,SR401C6500,438.0,0.0,0.0,0.0,5,409.0,419.0,5,438.0,0.0,0.0,0.0,0.0,0.0,120
2023-05-10 13:33:51,SR401C6500,SR401C6500,438.0,0.0,0.0,0.0,5,409.0,417.0,5,438.0,0.0,0.0,0.0,0.0,0.0,120
2023-05-10 13:35:30,SR401C6500,SR401C6500,438.0,0.0,0.0,0.0,5,409.0,414.5,5,438.0,0.0,0.0,0.0,0.0,0.0,120
2023-05-10 13:35:45,SR401C6500,SR401C6500,438.0,0.0,0.0,0.0,5,406.0,414.5,5,438.0,0.0,0.0,0.0,0.0,0.0,120
2023-05-10 13:36:04,SR401C6500,SR401C6500,438.0,0.0,0.0,0.0,5,406.0,412.0,5,438.0,0.0,0.0,0.0,0.0,0.0,120
2023-05-10 13:36:30,SR401C6500,SR401C6500,438.0,0.0,0.0,0.0,5,403.0,412.0,5,438.0,0.0,0.0,0.0,0.0,0.0,120
2023-05-10 13:36:49,SR401C6500,SR401C6500,438.0,0.0,0.0,0.0,5,403.0,410.0,5,438.0,0.0,0.0,0.0,0.0,0.0,120
2023-05-10 13:36:54,SR401C6500,SR401C6500,438.0,0.0,0.0,0.0,5,400.0,410.0,5,438.0,0.0,0.0,0.0,0.0,0.0,120
2023-05-10 13:37:26,SR401C6500,SR401C6500,438.0,0.0,0.0,0.0,5,402.0,410.0,5,438.0,0.0,0.0,0.0,0.0,0.0,120
2023-05-10 13:40:54,SR401C6500,SR401C6500,438.0,0.0,0.0,0.0,5,402.0,408.0,5,438.0,0.0,0.0,0.0,0.0,0.0,120
2023-05-10 13:41:20,SR401C6500,SR401C6500,438.0,0.0,0.0,0.0,5,402.0,410.0,5,438.0,0.0,0.0,0.0,0.0,0.0,120
2023-05-10 13:43:32,SR401C6500,SR401C6500,438.0,0.0,0.0,0.0,5,404.5,413.0,5,438.0,0.0,0.0,0.0,0.0,0.0,120
2023-05-10 13:44:34,SR401C6500,SR401C6500,438.0,0.0,0.0,0.0,5,406.5,413.0,5,438.0,0.0,0.0,0.0,0.0,0.0,120
2023-05-10 13:44:35,SR401C6500,SR401C6500,438.0,0.0,0.0,0.0,5,406.5,416.0,5,438.0,0.0,0.0,0.0,0.0,0.0,120
2023-05-10 13:47:01,SR401C6500,SR401C6500,438.0,0.0,0.0,0.0,5,408.5,416.0,5,438.0,0.0,0.0,0.0,0.0,0.0,120
2023-05-10 13:49:22,SR401C6500,SR401C6500,438.0,0.0,0.0,0.0,5,406.5,416.0,5,438.0,0.0,0.0,0.0,0.0,0.0,120
2023-05-10 13:49:27,SR401C6500,SR401C6500,438.0,0.0,0.0,0.0,5,406.5,414.0,5,438.0,0.0,0.0,0.0,0.0,0.0,120
2023-05-10 13:50:55,SR401C6500,SR401C6500,438.0,0.0,0.0,0.0,5,403.0,414.0,5,438.0,0.0,0.0,0.0,0.0,0.0,120
2023-05-10 13:51:12,SR401C6500,SR401C6500,438.0,0.0,0.0,0.0,5,403.0,412.0,5,438.0,0.0,0.0,0.0,0.0,0.0,120
2023-05-10 13:52:40,SR401C6500,SR401C6500,438.0,0.0,0.0,0.0,5,403.0,410.0,5,438.0,0.0,0.0,0.0,0.0,0.0,120
2023-05-10 13:58:14,SR401C6500,SR401C6500,438.0,0.0,0.0,0.0,5,400.0,410.0,5,438.0,0.0,0.0,0.0,0.0,0.0,120
2023-05-10 13:58:14,SR401C6500,SR401C6500,438.0,0.0,0.0,0.0,5,400.0,408.0,5,438.0,0.0,0.0,0.0,0.0,0.0,120
2023-05-10 13:59:04,SR401C6500,SR401C6500,438.0,0.0,0.0,0.0,5,396.5,408.0,5,438.0,0.0,0.0,0.0,0.0,0.0,120
2023-05-10 13:59:33,SR401C6500,SR401C6500,438.0,0.0,0.0,0.0,5,393.0,408.0,5,438.0,0.0,0.0,0.0,0.0,0.0,120
2023-05-10 13:59:46,SR401C6500,SR401C6500,438.0,0.0,0.0,0.0,5,393.0,404.0,5,438.0,0.0,0.0,0.0,0.0,0.0,120
2023-05-10 14:00:01,SR401C6500,SR401C6500,438.0,0.0,0.0,0.0,5,393.0,401.5,5,438.0,0.0,0.0,0.0,0.0,0.0,120
2023-05-10 14:02:02,SR401C6500,SR401C6500,438.0,0.0,0.0,0.0,5,393.0,399.5,5,438.0,0.0,0.0,0.0,0.0,0.0,120
2023-05-10 14:02:21,SR401C6500,SR401C6500,438.0,0.0,0.0,0.0,5,390.0,399.5,5,438.0,0.0,0.0,0.0,0.0,0.0,120
2023-05-10 14:02:24,SR401C6500,SR401C6500,438.0,0.0,0.0,0.0,5,390.0,397.5,5,438.0,0.0,0.0,0.0,0.0,0.0,120
2023-05-10 14:06:53,SR401C6500,SR401C6500,438.0,0.0,0.0,0.0,5,390.0,399.5,5,438.0,0.0,0.0,0.0,0.0,0.0,120
2023-05-10 14:07:03,SR401C6500,SR401C6500,438.0,0.0,0.0,0.0,5,392.5,399.5,5,438.0,0.0,0.0,0.0,0.0,0.0,120
2023-05-10 14:10:08,SR401C6500,SR401C6500,438.0,0.0,0.0,0.0,5,392.5,402.5,5,438.0,0.0,0.0,0.0,0.0,0.0,120
2023-05-10 14:10:18,SR401C6500,SR401C6500,438.0,0.0,0.0,0.0,5,394.5,402.5,5,438.0,0.0,0.0,0.0,0.0,0.0,120
2023-05-10 14:15:10,SR401C6500,SR401C6500,438.0,0.0,0.0,0.0,5,397.0,402.5,5,438.0,0.0,0.0,0.0,0.0,0.0,120
2023-05-10 14:15:23,SR401C6500,SR401C6500,438.0,0.0,0.0,0.0,5,397.0,405.5,5,438.0,0.0,0.0,0.0,0.0,0.0,120
2023-05-10 14:15:47,SR401C6500,SR401C6500,438.0,0.0,0.0,0.0,5,397.0,403.5,5,438.0,0.0,0.0,0.0,0.0,0.0,120
2023-05-10 14:16:27,SR401C6500,SR401C6500,438.0,0.0,0.0,0.0,5,394.5,403.5,5,438.0,0.0,0.0,0.0,0.0,0.0,120
2023-05-10 14:18:15,SR401C6500,SR401C6500,438.0,0.0,0.0,0.0,5,394.5,401.5,5,438.0,0.0,0.0,0.0,0.0,0.0,120
2023-05-10 14:19:01,SR401C6500,SR401C6500,438.0,0.0,0.0,0.0,5,391.5,401.5,5,438.0,0.0,0.0,0.0,0.0,0.0,120
2023-05-10 14:19:41,SR401C6500,SR401C6500,438.0,0.0,0.0,0.0,5,391.5,399.5,5,438.0,0.0,0.0,0.0,0.0,0.0,120
2023-05-10 14:22:44,SR401C6500,SR401C6500,438.0,0.0,0.0,0.0,5,393.5,399.5,5,438.0,0.0,0.0,0.0,0.0,0.0,120
2023-05-10 14:22:50,SR401C6500,SR401C6500,438.0,0.0,0.0,0.0,5,393.5,401.5,5,438.0,0.0,0.0,0.0,0.0,0.0,120
2023-05-10 14:25:25,SR401C6500,SR401C6500,438.0,0.0,0.0,0.0,5,396.0,404.5,5,438.0,0.0,0.0,0.0,0.0,0.0,120
2023-05-10 14:25:39,SR401C6500,SR401C6500,438.0,0.0,0.0,0.0,5,396.0,402.5,5,438.0,0.0,0.0,0.0,0.0,0.0,120
2023-05-10 14:27:27,SR401C6500,SR401C6500,438.0,0.0,0.0,0.0,5,393.5,402.5,5,438.0,0.0,0.0,0.0,0.0,0.0,120
2023-05-10 14:27:58,SR401C6500,SR401C6500,438.0,0.0,0.0,0.0,5,393.5,400.5,5,438.0,0.0,0.0,0.0,0.0,0.0,120
2023-05-10 14:30:22,SR401C6500,SR401C6500,438.0,0.0,0.0,0.0,5,393.5,402.5,5,438.0,0.0,0.0,0.0,0.0,0.0,120
2023-05-10 14:30:26,SR401C6500,SR401C6500,438.0,0.0,0.0,0.0,5,396.0,402.5,5,438.0,0.0,0.0,0.0,0.0,0.0,120
2023-05-10 14:30:36,SR401C6500,SR401C6500,438.0,0.0,0.0,0.0,5,396.0,405.0,5,438.0,0.0,0.0,0.0,0.0,0.0,120
2023-05-10 14:31:30,SR401C6500,SR401C6500,438.0,0.0,0.0,0.0,5,396.0,405.0,8,438.0,0.0,0.0,0.0,0.0,0.0,120
2023-05-10 14:31:41,SR401C6500,SR401C6500,438.0,0.0,0.0,0.0,8,396.0,405.0,11,438.0,0.0,0.0,0.0,0.0,0.0,120
2023-05-10 14:31:42,SR401C6500,SR401C6500,438.0,0.0,0.0,0.0,8,396.0,405.0,8,438.0,0.0,0.0,0.0,0.0,0.0,120
2023-05-10 14:31:44,SR401C6500,SR401C6500,438.0,0.0,0.0,0.0,11,396.0,405.0,11,438.0,0.0,0.0,0.0,0.0,0.0,120
2023-05-10 14:31:44,SR401C6500,SR401C6500,438.0,0.0,0.0,0.0,14,396.0,405.0,11,438.0,0.0,0.0,0.0,0.0,0.0,120
2023-05-10 14:31:54,SR401C6500,SR401C6500,438.0,0.0,0.0,0.0,8,396.0,405.0,5,438.0,0.0,0.0,0.0,0.0,0.0,120
2023-05-10 14:31:56,SR401C6500,SR401C6500,438.0,0.0,0.0,0.0,5,396.0,405.0,5,438.0,0.0,0.0,0.0,0.0,0.0,120
2023-05-10 14:34:05,SR401C6500,SR401C6500,438.0,0.0,0.0,0.0,5,396.0,403.0,5,438.0,0.0,0.0,0.0,0.0,0.0,120
2023-05-10 14:35:15,SR401C6500,SR401C6500,438.0,0.0,0.0,0.0,5,396.0,405.0,5,438.0,0.0,0.0,0.0,0.0,0.0,120
2023-05-10 14:35:18,SR401C6500,SR401C6500,438.0,0.0,0.0,0.0,5,398.5,405.0,5,438.0,0.0,0.0,0.0,0.0,0.0,120
2023-05-10 14:36:30,SR401C6500,SR401C6500,438.0,0.0,0.0,0.0,5,398.5,408.0,5,438.0,0.0,0.0,0.0,0.0,0.0,120
2023-05-10 14:37:54,SR401C6500,SR401C6500,438.0,0.0,0.0,0.0,5,399.5,408.0,5,438.0,0.0,0.0,0.0,0.0,0.0,120
2023-05-10 14:40:11,SR401C6500,SR401C6500,438.0,0.0,0.0,0.0,5,402.0,408.0,5,438.0,0.0,0.0,0.0,0.0,0.0,120
2023-05-10 14:41:59,SR401C6500,SR401C6500,438.0,0.0,0.0,0.0,5,402.0,411.0,5,438.0,0.0,0.0,0.0,0.0,0.0,120
2023-05-10 14:43:48,SR401C6500,SR401C6500,438.0,0.0,0.0,0.0,5,404.0,411.0,5,438.0,0.0,0.0,0.0,0.0,0.0,120
2023-05-10 14:46:05,SR401C6500,SR401C6500,438.0,0.0,0.0,0.0,5,404.0,414.0,5,438.0,0.0,0.0,0.0,0.0,0.0,120
2023-05-10 14:46:07,SR401C6500,SR401C6500,438.0,0.0,0.0,0.0,5,407.0,414.0,5,438.0,0.0,0.0,0.0,0.0,0.0,120
2023-05-10 14:46:09,SR401C6500,SR401C6500,438.0,0.0,0.0,0.0,5,407.0,417.0,5,438.0,0.0,0.0,0.0,0.0,0.0,120
2023-05-10 14:46:16,SR401C6500,SR401C6500,438.0,0.0,0.0,0.0,8,407.0,417.0,5,438.0,0.0,0.0,0.0,0.0,0.0,120
2023-05-10 14:46:17,SR401C6500,SR401C6500,438.0,0.0,0.0,0.0,5,409.5,417.0,5,438.0,0.0,0.0,0.0,0.0,0.0,120
2023-05-10 14:46:22,SR401C6500,SR401C6500,438.0,0.0,0.0,0.0,8,409.5,417.0,5,438.0,0.0,0.0,0.0,0.0,0.0,120
2023-05-10 14:46:27,SR401C6500,SR401C6500,438.0,0.0,0.0,0.0,3,410.5,417.0,5,438.0,0.0,0.0,0.0,0.0,0.0,120
2023-05-10 14:46:27,SR401C6500,SR401C6500,438.0,0.0,0.0,0.0,6,410.5,417.0,8,438.0,0.0,0.0,0.0,0.0,0.0,120
2023-05-10 14:46:30,SR401C6500,SR401C6500,438.0,0.0,0.0,0.0,9,410.5,417.0,11,438.0,0.0,0.0,0.0,0.0,0.0,120
2023-05-10 14:46:38,SR401C6500,SR401C6500,438.0,0.0,0.0,0.0,6,410.5,417.0,11,438.0,0.0,0.0,0.0,0.0,0.0,120
2023-05-10 14:46:40,SR401C6500,SR401C6500,438.0,0.0,0.0,0.0,3,410.5,417.0,8,438.0,0.0,0.0,0.0,0.0,0.0,120
2023-05-10 14:46:40,SR401C6500,SR401C6500,438.0,0.0,0.0,0.0,5,409.5,417.0,5,438.0,0.0,0.0,0.0,0.0,0.0,120
2023-05-10 14:47:37,SR401C6500,SR401C6500,438.0,0.0,0.0,0.0,5,407.0,417.0,5,438.0,0.0,0.0,0.0,0.0,0.0,120
2023-05-10 14:47:50,SR401C6500,SR401C6500,438.0,0.0,0.0,0.0,5,407.0,414.5,5,438.0,0.0,0.0,0.0,0.0,0.0,120
2023-05-10 14:48:50,SR401C6500,SR401C6500,438.0,0.0,0.0,0.0,5,403.5,414.5,5,438.0,0.0,0.0,0.0,0.0,0.0,120
2023-05-10 14:48:51,SR401C6500,SR401C6500,438.0,0.0,0.0,0.0,5,403.5,411.5,5,438.0,0.0,0.0,0.0,0.0,0.0,120
2023-05-10 14:50:02,SR401C6500,SR401C6500,438.0,0.0,0.0,0.0,5,400.5,411.5,5,438.0,0.0,0.0,0.0,0.0,0.0,120
2023-05-10 14:50:03,SR401C6500,SR401C6500,438.0,0.0,0.0,0.0,5,400.5,409.5,5,438.0,0.0,0.0,0.0,0.0,0.0,120
2023-05-10 14:50:41,SR401C6500,SR401C6500,438.0,0.0,0.0,0.0,5,402.5,409.5,5,438.0,0.0,0.0,0.0,0.0,0.0,120
2023-05-10 14:52:52,SR401C6500,SR401C6500,438.0,0.0,0.0,0.0,5,400.5,409.5,5,438.0,0.0,0.0,0.0,0.0,0.0,120
2023-05-10 14:53:00,SR401C6500,SR401C6500,438.0,0.0,0.0,0.0,5,400.5,407.5,5,438.0,0.0,0.0,0.0,0.0,0.0,120
2023-05-10 14:53:23,SR401C6500,SR401C6500,438.0,0.0,0.0,0.0,5,397.5,407.5,5,438.0,0.0,0.0,0.0,0.0,0.0,120
2023-05-10 14:54:10,SR401C6500,SR401C6500,438.0,0.0,0.0,0.0,5,400.0,407.5,5,438.0,0.0,0.0,0.0,0.0,0.0,120
2023-05-10 14:55:49,SR401C6500,SR401C6500,438.0,0.0,0.0,0.0,5,402.0,409.5,5,438.0,0.0,0.0,0.0,0.0,0.0,120
2023-05-10 14:59:02,SR401C6500,SR401C6500,438.0,0.0,0.0,0.0,2,374.0,426.5,2,438.0,0.0,0.0,0.0,0.0,0.0,120
2023-05-10 14:59:15,SR401C6500,SR401C6500,438.0,0.0,0.0,0.0,2,272.0,426.5,2,438.0,0.0,0.0,0.0,0.0,0.0,120
2023-05-10 14:59:55,SR401C6500,SR401C6500,438.0,0.0,0.0,0.0,2,313.0,426.5,2,438.0,0.0,0.0,0.0,0.0,0.0,120
