time,symbol_id,symbol_name,last,trade_volume,trade_amount,open_interest_change,bv1,bp1,ap1,av1,yesterday_close,today_open,today_high,today_low,volume,amount,open_interest
2023-05-09 19:10:58,SR401P5700,SR401P5700,29.5,0.0,0.0,0.0,0,0.0,0.0,0,29.5,0.0,0.0,0.0,0.0,0.0,129
2023-05-09 20:59:00,SR401P5700,SR401P5700,29.5,0.0,0.0,0.0,100,2.0,0.0,0,29.5,0.0,0.0,0.0,0.0,0.0,129
2023-05-09 21:00:00,SR401P5700,SR401P5700,29.5,0.0,0.0,0.0,2,15.5,0.0,0,29.5,0.0,0.0,0.0,0.0,0.0,129
2023-05-09 21:00:03,SR401P5700,SR401P5700,29.5,0.0,0.0,0.0,2,15.5,165.5,2,29.5,0.0,0.0,0.0,0.0,0.0,129
2023-05-09 21:00:56,SR401P5700,SR401P5700,29.5,0.0,0.0,0.0,3,26.5,32.5,3,29.5,0.0,0.0,0.0,0.0,0.0,129
2023-05-09 21:00:58,SR401P5700,SR401P5700,29.5,0.0,0.0,0.0,6,26.5,30.5,3,29.5,0.0,0.0,0.0,0.0,0.0,129
2023-05-09 21:00:59,SR401P5700,SR401P5700,29.5,0.0,0.0,0.0,9,26.5,30.5,3,29.5,0.0,0.0,0.0,0.0,0.0,129
2023-05-09 21:01:01,SR401P5700,SR401P5700,29.5,0.0,0.0,0.0,12,26.5,30.5,3,29.5,0.0,0.0,0.0,0.0,0.0,129
2023-05-09 21:01:01,SR401P5700,SR401P5700,29.5,0.0,0.0,0.0,15,26.5,30.5,3,29.5,0.0,0.0,0.0,0.0,0.0,129
2023-05-09 21:01:02,SR401P5700,SR401P5700,29.5,0.0,0.0,0.0,3,30.0,30.5,3,29.5,0.0,0.0,0.0,0.0,0.0,129
2023-05-09 21:01:10,SR401P5700,SR401P5700,29.5,0.0,0.0,0.0,3,30.0,31.5,3,29.5,0.0,0.0,0.0,0.0,0.0,129
2023-05-09 21:01:11,SR401P5700,SR401P5700,29.5,0.0,0.0,0.0,3,30.0,32.0,12,29.5,0.0,0.0,0.0,0.0,0.0,129
2023-05-09 21:01:13,SR401P5700,SR401P5700,29.5,0.0,0.0,0.0,3,30.0,32.0,9,29.5,0.0,0.0,0.0,0.0,0.0,129
2023-05-09 21:01:13,SR401P5700,SR401P5700,29.5,0.0,0.0,0.0,3,29.0,32.0,6,29.5,0.0,0.0,0.0,0.0,0.0,129
2023-05-09 21:01:13,SR401P5700,SR401P5700,29.5,0.0,0.0,0.0,3,29.0,32.0,3,29.5,0.0,0.0,0.0,0.0,0.0,129
2023-05-09 21:01:16,SR401P5700,SR401P5700,29.5,0.0,0.0,0.0,11,28.0,32.0,3,29.5,0.0,0.0,0.0,0.0,0.0,129
2023-05-09 21:01:17,SR401P5700,SR401P5700,29.5,0.0,0.0,0.0,8,28.0,32.5,3,29.5,0.0,0.0,0.0,0.0,0.0,129
2023-05-09 21:01:17,SR401P5700,SR401P5700,29.5,0.0,0.0,0.0,5,28.0,33.5,3,29.5,0.0,0.0,0.0,0.0,0.0,129
2023-05-09 21:01:18,SR401P5700,SR401P5700,29.5,0.0,0.0,0.0,5,28.0,34.0,5,29.5,0.0,0.0,0.0,0.0,0.0,129
2023-05-09 21:02:07,SR401P5700,SR401P5700,29.5,0.0,0.0,0.0,5,28.5,34.0,5,29.5,0.0,0.0,0.0,0.0,0.0,129
2023-05-09 21:02:29,SR401P5700,SR401P5700,29.5,0.0,0.0,0.0,5,29.0,34.0,5,29.5,0.0,0.0,0.0,0.0,0.0,129
2023-05-09 21:04:55,SR401P5700,SR401P5700,29.5,0.0,0.0,0.0,5,29.0,33.5,5,29.5,0.0,0.0,0.0,0.0,0.0,129
2023-05-09 21:05:49,SR401P5700,SR401P5700,29.5,0.0,0.0,0.0,5,29.5,33.5,5,29.5,0.0,0.0,0.0,0.0,0.0,129
2023-05-09 21:07:23,SR401P5700,SR401P5700,29.5,0.0,0.0,0.0,5,30.0,33.5,5,29.5,0.0,0.0,0.0,0.0,0.0,129
2023-05-09 21:19:24,SR401P5700,SR401P5700,29.5,0.0,0.0,0.0,5,30.5,33.5,5,29.5,0.0,0.0,0.0,0.0,0.0,129
2023-05-09 21:52:08,SR401P5700,SR401P5700,29.5,0.0,0.0,0.0,5,31.0,33.5,5,29.5,0.0,0.0,0.0,0.0,0.0,129
2023-05-09 21:56:09,SR401P5700,SR401P5700,29.5,0.0,0.0,0.0,5,31.0,34.0,5,29.5,0.0,0.0,0.0,0.0,0.0,129
2023-05-09 21:57:44,SR401P5700,SR401P5700,29.5,0.0,0.0,0.0,5,31.5,34.0,5,29.5,0.0,0.0,0.0,0.0,0.0,129
2023-05-09 22:01:00,SR401P5700,SR401P5700,29.5,0.0,0.0,0.0,5,31.5,35.5,5,29.5,0.0,0.0,0.0,0.0,0.0,129
2023-05-09 22:03:29,SR401P5700,SR401P5700,29.5,0.0,0.0,0.0,5,32.0,35.5,5,29.5,0.0,0.0,0.0,0.0,0.0,129
2023-05-09 22:03:53,SR401P5700,SR401P5700,29.5,0.0,0.0,0.0,5,32.5,35.5,5,29.5,0.0,0.0,0.0,0.0,0.0,129
2023-05-09 22:28:39,SR401P5700,SR401P5700,29.5,0.0,0.0,0.0,5,33.0,35.5,5,29.5,0.0,0.0,0.0,0.0,0.0,129
2023-05-09 22:44:44,SR401P5700,SR401P5700,29.5,0.0,0.0,0.0,5,32.5,35.5,5,29.5,0.0,0.0,0.0,0.0,0.0,129
2023-05-09 22:45:18,SR401P5700,SR401P5700,29.5,0.0,0.0,0.0,5,31.0,35.0,5,29.5,0.0,0.0,0.0,0.0,0.0,129
2023-05-09 22:45:21,SR401P5700,SR401P5700,29.5,0.0,0.0,0.0,5,31.5,35.0,5,29.5,0.0,0.0,0.0,0.0,0.0,129
2023-05-09 22:49:02,SR401P5700,SR401P5700,29.5,0.0,0.0,0.0,5,31.5,34.5,5,29.5,0.0,0.0,0.0,0.0,0.0,129
2023-05-09 22:56:02,SR401P5700,SR401P5700,29.5,0.0,0.0,0.0,2,15.5,49.5,2,29.5,0.0,0.0,0.0,0.0,0.0,129
2023-05-09 22:56:02,SR401P5700,SR401P5700,29.5,0.0,0.0,0.0,2,19.5,49.5,2,29.5,0.0,0.0,0.0,0.0,0.0,129
2023-05-09 22:56:36,SR401P5700,SR401P5700,29.5,0.0,0.0,0.0,2,19.5,0.0,0,29.5,0.0,0.0,0.0,0.0,0.0,129
2023-05-09 22:56:39,SR401P5700,SR401P5700,29.5,0.0,0.0,0.0,2,19.5,431.0,1,29.5,0.0,0.0,0.0,0.0,0.0,129
2023-05-09 22:57:10,SR401P5700,SR401P5700,29.5,0.0,0.0,0.0,10,4.0,431.0,1,29.5,0.0,0.0,0.0,0.0,0.0,129
2023-05-09 22:57:11,SR401P5700,SR401P5700,29.5,0.0,0.0,0.0,1,4.5,431.0,1,29.5,0.0,0.0,0.0,0.0,0.0,129
2023-05-09 22:57:13,SR401P5700,SR401P5700,29.5,0.0,0.0,0.0,1,6.0,431.0,1,29.5,0.0,0.0,0.0,0.0,0.0,129
2023-05-09 22:58:00,SR401P5700,SR401P5700,29.5,0.0,0.0,0.0,1,3.5,431.0,1,29.5,0.0,0.0,0.0,0.0,0.0,129
2023-05-09 22:58:59,SR401P5700,SR401P5700,29.5,0.0,0.0,0.0,3,27.0,33.0,3,29.5,0.0,0.0,0.0,0.0,0.0,129
2023-05-09 22:59:02,SR401P5700,SR401P5700,29.5,0.0,0.0,0.0,9,27.5,33.0,3,29.5,0.0,0.0,0.0,0.0,0.0,129
2023-05-09 22:59:03,SR401P5700,SR401P5700,29.5,0.0,0.0,0.0,3,30.5,33.0,3,29.5,0.0,0.0,0.0,0.0,0.0,129
2023-05-09 22:59:03,SR401P5700,SR401P5700,29.5,0.0,0.0,0.0,11,30.5,33.0,3,29.5,0.0,0.0,0.0,0.0,0.0,129
2023-05-09 22:59:10,SR401P5700,SR401P5700,29.5,0.0,0.0,0.0,11,30.5,31.0,3,29.5,0.0,0.0,0.0,0.0,0.0,129
2023-05-09 22:59:14,SR401P5700,SR401P5700,29.5,0.0,0.0,0.0,3,30.5,31.0,3,29.5,0.0,0.0,0.0,0.0,0.0,129
2023-05-09 22:59:16,SR401P5700,SR401P5700,29.5,0.0,0.0,0.0,6,30.0,31.0,3,29.5,0.0,0.0,0.0,0.0,0.0,129
2023-05-09 22:59:18,SR401P5700,SR401P5700,29.5,0.0,0.0,0.0,3,30.0,31.0,3,29.5,0.0,0.0,0.0,0.0,0.0,129
2023-05-09 22:59:20,SR401P5700,SR401P5700,29.5,0.0,0.0,0.0,6,29.5,31.0,3,29.5,0.0,0.0,0.0,0.0,0.0,129
2023-05-09 22:59:20,SR401P5700,SR401P5700,29.5,0.0,0.0,0.0,6,28.0,31.0,3,29.5,0.0,0.0,0.0,0.0,0.0,129
2023-05-09 22:59:21,SR401P5700,SR401P5700,29.5,0.0,0.0,0.0,9,27.5,36.0,3,29.5,0.0,0.0,0.0,0.0,0.0,129
2023-05-09 22:59:21,SR401P5700,SR401P5700,29.5,0.0,0.0,0.0,6,27.5,0.0,0,29.5,0.0,0.0,0.0,0.0,0.0,129
2023-05-09 22:59:22,SR401P5700,SR401P5700,29.5,0.0,0.0,0.0,6,27.5,431.0,1,29.5,0.0,0.0,0.0,0.0,0.0,129
2023-05-09 22:59:45,SR401P5700,SR401P5700,29.5,0.0,0.0,0.0,1,3.5,431.0,1,29.5,0.0,0.0,0.0,0.0,0.0,129
2023-05-09 22:59:55,SR401P5700,SR401P5700,29.5,0.0,0.0,0.0,1,3.5,0.0,0,29.5,0.0,0.0,0.0,0.0,0.0,129
2023-05-10 09:00:03,SR401P5700,SR401P5700,29.5,0.0,0.0,0.0,2,15.5,0.0,0,29.5,0.0,0.0,0.0,0.0,0.0,129
2023-05-10 09:00:05,SR401P5700,SR401P5700,29.5,0.0,0.0,0.0,2,15.5,165.0,2,29.5,0.0,0.0,0.0,0.0,0.0,129
2023-05-10 09:00:13,SR401P5700,SR401P5700,29.5,0.0,0.0,0.0,3,26.5,32.5,3,29.5,0.0,0.0,0.0,0.0,0.0,129
2023-05-10 09:00:16,SR401P5700,SR401P5700,29.5,0.0,0.0,0.0,6,26.5,31.5,3,29.5,0.0,0.0,0.0,0.0,0.0,129
2023-05-10 09:00:17,SR401P5700,SR401P5700,29.5,0.0,0.0,0.0,3,30.5,31.5,3,29.5,0.0,0.0,0.0,0.0,0.0,129
2023-05-10 09:00:18,SR401P5700,SR401P5700,29.5,0.0,0.0,0.0,3,30.5,31.5,6,29.5,0.0,0.0,0.0,0.0,0.0,129
2023-05-10 09:00:21,SR401P5700,SR401P5700,29.5,0.0,0.0,0.0,6,30.5,31.5,9,29.5,0.0,0.0,0.0,0.0,0.0,129
2023-05-10 09:00:25,SR401P5700,SR401P5700,29.5,0.0,0.0,0.0,9,30.5,31.5,12,29.5,0.0,0.0,0.0,0.0,0.0,129
2023-05-10 09:00:25,SR401P5700,SR401P5700,29.5,0.0,0.0,0.0,9,30.5,31.5,15,29.5,0.0,0.0,0.0,0.0,0.0,129
2023-05-10 09:00:28,SR401P5700,SR401P5700,29.5,0.0,0.0,0.0,9,30.5,31.5,12,29.5,0.0,0.0,0.0,0.0,0.0,129
2023-05-10 09:00:30,SR401P5700,SR401P5700,29.5,0.0,0.0,0.0,6,30.5,31.5,6,29.5,0.0,0.0,0.0,0.0,0.0,129
2023-05-10 09:00:34,SR401P5700,SR401P5700,29.5,0.0,0.0,0.0,3,30.5,31.5,3,29.5,0.0,0.0,0.0,0.0,0.0,129
2023-05-10 09:00:35,SR401P5700,SR401P5700,29.5,0.0,0.0,0.0,2,15.5,47.5,2,29.5,0.0,0.0,0.0,0.0,0.0,129
2023-05-10 09:01:15,SR401P5700,SR401P5700,29.5,0.0,0.0,0.0,2,19.5,47.5,2,29.5,0.0,0.0,0.0,0.0,0.0,129
2023-05-10 09:01:23,SR401P5700,SR401P5700,29.5,0.0,0.0,0.0,5,29.0,35.0,5,29.5,0.0,0.0,0.0,0.0,0.0,129
2023-05-10 09:02:05,SR401P5700,SR401P5700,29.5,0.0,0.0,0.0,5,29.0,34.5,5,29.5,0.0,0.0,0.0,0.0,0.0,129
2023-05-10 09:03:09,SR401P5700,SR401P5700,29.5,0.0,0.0,0.0,5,29.5,34.5,5,29.5,0.0,0.0,0.0,0.0,0.0,129
2023-05-10 09:03:41,SR401P5700,SR401P5700,29.5,0.0,0.0,0.0,5,29.5,34.0,5,29.5,0.0,0.0,0.0,0.0,0.0,129
2023-05-10 09:07:20,SR401P5700,SR401P5700,29.5,0.0,0.0,0.0,5,29.5,33.5,5,29.5,0.0,0.0,0.0,0.0,0.0,129
2023-05-10 09:08:57,SR401P5700,SR401P5700,29.5,0.0,0.0,0.0,5,29.5,33.0,5,29.5,0.0,0.0,0.0,0.0,0.0,129
2023-05-10 09:10:04,SR401P5700,SR401P5700,29.5,0.0,0.0,0.0,5,29.5,32.5,5,29.5,0.0,0.0,0.0,0.0,0.0,129
2023-05-10 09:39:55,SR401P5700,SR401P5700,29.5,0.0,0.0,0.0,4,30.0,32.5,5,29.5,0.0,0.0,0.0,0.0,0.0,129
2023-05-10 11:29:32,SR401P5700,SR401P5700,29.5,0.0,0.0,0.0,4,30.0,47.5,2,29.5,0.0,0.0,0.0,0.0,0.0,129
2023-05-10 13:30:54,SR401P5700,SR401P5700,29.5,0.0,0.0,0.0,4,30.0,32.0,5,29.5,0.0,0.0,0.0,0.0,0.0,129
2023-05-10 13:59:06,SR401P5700,SR401P5700,29.5,0.0,0.0,0.0,4,30.0,33.5,5,29.5,0.0,0.0,0.0,0.0,0.0,129
2023-05-10 14:02:03,SR401P5700,SR401P5700,29.5,0.0,0.0,0.0,9,30.0,33.5,5,29.5,0.0,0.0,0.0,0.0,0.0,129
2023-05-10 14:06:49,SR401P5700,SR401P5700,29.5,0.0,0.0,0.0,9,30.0,33.0,5,29.5,0.0,0.0,0.0,0.0,0.0,129
2023-05-10 14:23:26,SR401P5700,SR401P5700,29.5,0.0,0.0,0.0,3,31.0,33.0,5,29.5,0.0,0.0,0.0,0.0,0.0,129
2023-05-10 14:23:50,SR401P5700,SR401P5700,29.5,0.0,0.0,0.0,3,31.0,32.5,5,29.5,0.0,0.0,0.0,0.0,0.0,129
2023-05-10 14:59:02,SR401P5700,SR401P5700,29.5,0.0,0.0,0.0,3,31.0,47.5,2,29.5,0.0,0.0,0.0,0.0,0.0,129
2023-05-10 14:59:06,SR401P5700,SR401P5700,29.5,0.0,0.0,0.0,3,31.0,47.0,1,29.5,0.0,0.0,0.0,0.0,0.0,129
2023-05-10 14:59:12,SR401P5700,SR401P5700,29.5,0.0,0.0,0.0,4,30.0,47.0,1,29.5,0.0,0.0,0.0,0.0,0.0,129
2023-05-10 14:59:46,SR401P5700,SR401P5700,29.5,0.0,0.0,0.0,4,30.0,47.5,2,29.5,0.0,0.0,0.0,0.0,0.0,129
2023-05-10 14:59:56,SR401P5700,SR401P5700,29.5,0.0,0.0,0.0,4,30.0,32.5,3,29.5,0.0,0.0,0.0,0.0,0.0,129
2023-05-10 14:59:57,SR401P5700,SR401P5700,29.5,0.0,0.0,0.0,4,30.0,32.0,3,29.5,0.0,0.0,0.0,0.0,0.0,129
