time,symbol_id,symbol_name,last,trade_volume,trade_amount,open_interest_change,bv1,bp1,ap1,av1,yesterday_close,today_open,today_high,today_low,volume,amount,open_interest
2023-05-09 19:10:58,SR401C7500,SR401C7500,75.0,0.0,0.0,0.0,0,0.0,0.0,0,75.0,80.5,0.0,0.0,0.0,0.0,627
2023-05-09 20:59:00,SR401C7500,SR401C7500,75.0,0.0,0.0,0.0,19,22.0,0.0,0,75.0,80.5,0.0,0.0,0.0,0.0,627
2023-05-09 21:00:04,SR401C7500,SR401C7500,75.0,0.0,0.0,0.0,2,56.5,222.0,2,75.0,80.5,0.0,0.0,0.0,0.0,627
2023-05-09 21:00:09,SR401C7500,SR401C7500,75.0,0.0,0.0,0.0,1,64.0,222.0,2,75.0,80.5,0.0,0.0,0.0,0.0,627
2023-05-09 21:01:11,SR401C7500,SR401C7500,75.0,0.0,0.0,0.0,1,64.0,90.5,5,75.0,80.5,0.0,0.0,0.0,0.0,627
2023-05-09 21:01:12,SR401C7500,SR401C7500,75.0,0.0,0.0,0.0,5,82.0,90.5,5,75.0,80.5,0.0,0.0,0.0,0.0,627
2023-05-09 21:04:14,SR401C7500,SR401C7500,75.0,0.0,0.0,0.0,5,84.0,90.5,5,75.0,80.5,0.0,0.0,0.0,0.0,627
2023-05-09 21:06:32,SR401C7500,SR401C7500,75.0,0.0,0.0,0.0,5,84.0,89.0,5,75.0,80.5,0.0,0.0,0.0,0.0,627
2023-05-09 21:07:16,SR401C7500,SR401C7500,75.0,0.0,0.0,0.0,5,82.0,89.0,5,75.0,80.5,0.0,0.0,0.0,0.0,627
2023-05-09 21:07:30,SR401C7500,SR401C7500,75.0,0.0,0.0,0.0,5,82.0,87.5,5,75.0,80.5,0.0,0.0,0.0,0.0,627
2023-05-09 21:10:30,SR401C7500,SR401C7500,75.0,0.0,0.0,0.0,5,83.5,87.5,5,75.0,80.5,0.0,0.0,0.0,0.0,627
2023-05-09 21:12:02,SR401C7500,SR401C7500,75.0,0.0,0.0,0.0,5,83.5,89.0,5,75.0,80.5,0.0,0.0,0.0,0.0,627
2023-05-09 21:12:47,SR401C7500,SR401C7500,75.0,0.0,0.0,0.0,5,85.0,89.0,5,75.0,80.5,0.0,0.0,0.0,0.0,627
2023-05-09 21:12:55,SR401C7500,SR401C7500,75.0,0.0,0.0,0.0,5,85.0,91.0,5,75.0,80.5,0.0,0.0,0.0,0.0,627
2023-05-09 21:13:21,SR401C7500,SR401C7500,75.0,0.0,0.0,0.0,5,86.5,91.0,5,75.0,80.5,0.0,0.0,0.0,0.0,627
2023-05-09 21:17:02,SR401C7500,SR401C7500,75.0,0.0,0.0,0.0,5,85.0,90.0,5,75.0,80.5,0.0,0.0,0.0,0.0,627
2023-05-09 21:19:10,SR401C7500,SR401C7500,75.0,0.0,0.0,0.0,5,85.0,89.0,5,75.0,80.5,0.0,0.0,0.0,0.0,627
2023-05-09 21:21:43,SR401C7500,SR401C7500,75.0,0.0,0.0,0.0,5,85.0,90.0,5,75.0,80.5,0.0,0.0,0.0,0.0,627
2023-05-09 21:22:24,SR401C7500,SR401C7500,75.0,0.0,0.0,0.0,5,86.0,90.0,5,75.0,80.5,0.0,0.0,0.0,0.0,627
2023-05-09 21:30:03,SR401C7500,SR401C7500,75.0,0.0,0.0,0.0,5,85.0,90.0,5,75.0,80.5,0.0,0.0,0.0,0.0,627
2023-05-09 21:30:07,SR401C7500,SR401C7500,75.0,0.0,0.0,0.0,5,85.0,89.0,5,75.0,80.5,0.0,0.0,0.0,0.0,627
2023-05-09 21:30:20,SR401C7500,SR401C7500,75.0,0.0,0.0,0.0,5,83.5,89.0,5,75.0,80.5,0.0,0.0,0.0,0.0,627
2023-05-09 21:30:25,SR401C7500,SR401C7500,75.0,0.0,0.0,0.0,5,83.5,88.0,5,75.0,80.5,0.0,0.0,0.0,0.0,627
2023-05-09 21:30:38,SR401C7500,SR401C7500,75.0,0.0,0.0,0.0,5,83.5,87.0,5,75.0,80.5,0.0,0.0,0.0,0.0,627
2023-05-09 21:30:50,SR401C7500,SR401C7500,75.0,0.0,0.0,0.0,5,81.5,87.0,5,75.0,80.5,0.0,0.0,0.0,0.0,627
2023-05-09 21:31:33,SR401C7500,SR401C7500,75.0,0.0,0.0,0.0,5,82.5,87.0,5,75.0,80.5,0.0,0.0,0.0,0.0,627
2023-05-09 21:41:27,SR401C7500,SR401C7500,75.0,0.0,0.0,0.0,5,82.5,86.0,5,75.0,80.5,0.0,0.0,0.0,0.0,627
2023-05-09 21:47:06,SR401C7500,SR401C7500,75.0,0.0,0.0,0.0,5,81.5,86.0,5,75.0,80.5,0.0,0.0,0.0,0.0,627
2023-05-09 21:51:12,SR401C7500,SR401C7500,75.0,0.0,0.0,0.0,5,82.5,86.0,5,75.0,80.5,0.0,0.0,0.0,0.0,627
2023-05-09 21:51:20,SR401C7500,SR401C7500,75.0,0.0,0.0,0.0,5,82.5,87.0,5,75.0,80.5,0.0,0.0,0.0,0.0,627
2023-05-09 21:52:18,SR401C7500,SR401C7500,75.0,0.0,0.0,0.0,5,82.5,86.0,5,75.0,80.5,0.0,0.0,0.0,0.0,627
2023-05-09 21:52:21,SR401C7500,SR401C7500,75.0,0.0,0.0,0.0,5,81.5,86.0,5,75.0,80.5,0.0,0.0,0.0,0.0,627
2023-05-09 21:55:59,SR401C7500,SR401C7500,75.0,0.0,0.0,0.0,5,82.5,86.0,5,75.0,80.5,0.0,0.0,0.0,0.0,627
2023-05-09 21:58:07,SR401C7500,SR401C7500,75.0,0.0,0.0,0.0,5,82.5,87.0,5,75.0,80.5,0.0,0.0,0.0,0.0,627
2023-05-09 22:00:04,SR401C7500,SR401C7500,75.0,0.0,0.0,0.0,5,83.5,87.0,5,75.0,80.5,0.0,0.0,0.0,0.0,627
2023-05-09 22:02:06,SR401C7500,SR401C7500,75.0,0.0,0.0,0.0,5,82.5,87.0,5,75.0,80.5,0.0,0.0,0.0,0.0,627
2023-05-09 22:03:38,SR401C7500,SR401C7500,75.0,0.0,0.0,0.0,5,82.5,86.0,5,75.0,80.5,0.0,0.0,0.0,0.0,627
2023-05-09 22:03:39,SR401C7500,SR401C7500,75.0,0.0,0.0,0.0,5,80.5,86.0,5,75.0,80.5,0.0,0.0,0.0,0.0,627
2023-05-09 22:03:49,SR401C7500,SR401C7500,75.0,0.0,0.0,0.0,5,80.5,85.0,5,75.0,80.5,0.0,0.0,0.0,0.0,627
2023-05-09 22:04:55,SR401C7500,SR401C7500,75.0,0.0,0.0,0.0,5,80.5,84.0,5,75.0,80.5,0.0,0.0,0.0,0.0,627
2023-05-09 22:05:38,SR401C7500,SR401C7500,75.0,0.0,0.0,0.0,5,80.5,85.0,5,75.0,80.5,0.0,0.0,0.0,0.0,627
2023-05-09 22:06:57,SR401C7500,SR401C7500,80.5,1.0,80.5,1.0,4,80.5,85.0,5,75.0,80.5,80.5,80.5,1.0,80.5,628
2023-05-09 22:09:42,SR401C7500,SR401C7500,80.5,0.0,0.0,0.0,5,81.5,85.0,5,75.0,80.5,80.5,80.5,1.0,80.5,628
2023-05-09 22:09:49,SR401C7500,SR401C7500,80.5,0.0,0.0,0.0,5,81.5,87.0,5,75.0,80.5,80.5,80.5,1.0,80.5,628
2023-05-09 22:10:11,SR401C7500,SR401C7500,80.5,0.0,0.0,0.0,5,81.5,86.0,5,75.0,80.5,80.5,80.5,1.0,80.5,628
2023-05-09 22:10:13,SR401C7500,SR401C7500,80.5,0.0,0.0,0.0,5,81.5,85.0,5,75.0,80.5,80.5,80.5,1.0,80.5,628
2023-05-09 22:10:29,SR401C7500,SR401C7500,80.5,0.0,0.0,0.0,4,80.5,85.0,5,75.0,80.5,80.5,80.5,1.0,80.5,628
2023-05-09 22:11:16,SR401C7500,SR401C7500,80.5,5.0,402.5,5.0,5,80.0,85.0,5,75.0,80.5,80.5,80.5,6.0,483.0,633
2023-05-09 22:11:27,SR401C7500,SR401C7500,80.0,5.0,402.5,5.0,5,80.5,85.0,5,75.0,80.5,80.5,80.0,11.0,885.5,638
2023-05-09 22:12:22,SR401C7500,SR401C7500,80.0,0.0,0.0,0.0,5,80.5,84.0,5,75.0,80.5,80.5,80.0,11.0,885.5,638
2023-05-09 22:15:44,SR401C7500,SR401C7500,80.0,0.0,0.0,0.0,5,78.5,84.0,5,75.0,80.5,80.5,80.0,11.0,885.5,638
2023-05-09 22:16:09,SR401C7500,SR401C7500,80.0,0.0,0.0,0.0,5,78.5,83.0,5,75.0,80.5,80.5,80.0,11.0,885.5,638
2023-05-09 22:19:25,SR401C7500,SR401C7500,80.0,0.0,0.0,0.0,5,78.5,82.0,5,75.0,80.5,80.5,80.0,11.0,885.5,638
2023-05-09 22:19:47,SR401C7500,SR401C7500,80.0,0.0,0.0,0.0,5,77.0,82.0,5,75.0,80.5,80.5,80.0,11.0,885.5,638
2023-05-09 22:20:00,SR401C7500,SR401C7500,80.0,0.0,0.0,0.0,5,77.0,81.5,5,75.0,80.5,80.5,80.0,11.0,885.5,638
2023-05-09 22:20:00,SR401C7500,SR401C7500,80.0,0.0,0.0,0.0,5,77.0,81.0,5,75.0,80.5,80.5,80.0,11.0,885.5,638
2023-05-09 22:21:27,SR401C7500,SR401C7500,80.0,0.0,0.0,0.0,5,77.5,81.0,5,75.0,80.5,80.5,80.0,11.0,885.5,638
2023-05-09 22:22:38,SR401C7500,SR401C7500,80.0,0.0,0.0,0.0,5,77.5,80.5,5,75.0,80.5,80.5,80.0,11.0,885.5,638
2023-05-09 22:22:40,SR401C7500,SR401C7500,80.0,0.0,0.0,0.0,5,77.0,80.5,5,75.0,80.5,80.5,80.0,11.0,885.5,638
2023-05-09 22:27:28,SR401C7500,SR401C7500,80.0,0.0,0.0,0.0,5,77.0,80.0,5,75.0,80.5,80.5,80.0,11.0,885.5,638
2023-05-09 22:27:34,SR401C7500,SR401C7500,80.0,0.0,0.0,0.0,5,75.5,80.0,5,75.0,80.5,80.5,80.0,11.0,885.5,638
2023-05-09 22:28:21,SR401C7500,SR401C7500,80.0,0.0,0.0,0.0,5,75.5,79.5,5,75.0,80.5,80.5,80.0,11.0,885.5,638
2023-05-09 22:28:32,SR401C7500,SR401C7500,80.0,0.0,0.0,0.0,5,75.5,79.0,5,75.0,80.5,80.5,80.0,11.0,885.5,638
2023-05-09 22:29:14,SR401C7500,SR401C7500,80.0,0.0,0.0,0.0,5,75.5,78.5,5,75.0,80.5,80.5,80.0,11.0,885.5,638
2023-05-09 22:29:19,SR401C7500,SR401C7500,80.0,0.0,0.0,0.0,5,75.0,78.5,5,75.0,80.5,80.5,80.0,11.0,885.5,638
2023-05-09 22:29:43,SR401C7500,SR401C7500,80.0,0.0,0.0,0.0,5,75.0,78.0,5,75.0,80.5,80.5,80.0,11.0,885.5,638
2023-05-09 22:30:31,SR401C7500,SR401C7500,80.0,0.0,0.0,0.0,5,75.0,78.5,5,75.0,80.5,80.5,80.0,11.0,885.5,638
2023-05-09 22:30:39,SR401C7500,SR401C7500,80.0,0.0,0.0,0.0,5,75.5,78.5,5,75.0,80.5,80.5,80.0,11.0,885.5,638
2023-05-09 22:31:05,SR401C7500,SR401C7500,80.0,0.0,0.0,0.0,5,75.5,80.0,5,75.0,80.5,80.5,80.0,11.0,885.5,638
2023-05-09 22:31:20,SR401C7500,SR401C7500,80.0,0.0,0.0,0.0,5,76.0,80.0,5,75.0,80.5,80.5,80.0,11.0,885.5,638
2023-05-09 22:31:32,SR401C7500,SR401C7500,80.0,0.0,0.0,0.0,5,76.0,79.5,5,75.0,80.5,80.5,80.0,11.0,885.5,638
2023-05-09 22:32:09,SR401C7500,SR401C7500,80.0,0.0,0.0,0.0,5,76.0,79.0,5,75.0,80.5,80.5,80.0,11.0,885.5,638
2023-05-09 22:32:10,SR401C7500,SR401C7500,80.0,0.0,0.0,0.0,5,75.5,79.0,5,75.0,80.5,80.5,80.0,11.0,885.5,638
2023-05-09 22:32:11,SR401C7500,SR401C7500,80.0,0.0,0.0,0.0,5,75.5,78.5,5,75.0,80.5,80.5,80.0,11.0,885.5,638
2023-05-09 22:32:12,SR401C7500,SR401C7500,80.0,0.0,0.0,0.0,5,74.0,78.5,5,75.0,80.5,80.5,80.0,11.0,885.5,638
2023-05-09 22:32:13,SR401C7500,SR401C7500,80.0,0.0,0.0,0.0,5,74.5,78.5,5,75.0,80.5,80.5,80.0,11.0,885.5,638
2023-05-09 22:33:01,SR401C7500,SR401C7500,80.0,0.0,0.0,0.0,5,74.5,78.0,5,75.0,80.5,80.5,80.0,11.0,885.5,638
2023-05-09 22:33:43,SR401C7500,SR401C7500,80.0,0.0,0.0,0.0,5,75.0,78.0,5,75.0,80.5,80.5,80.0,11.0,885.5,638
2023-05-09 22:33:58,SR401C7500,SR401C7500,80.0,0.0,0.0,0.0,5,75.0,78.5,5,75.0,80.5,80.5,80.0,11.0,885.5,638
2023-05-09 22:35:20,SR401C7500,SR401C7500,80.0,0.0,0.0,0.0,5,75.5,78.5,5,75.0,80.5,80.5,80.0,11.0,885.5,638
2023-05-09 22:35:35,SR401C7500,SR401C7500,80.0,0.0,0.0,0.0,5,75.5,80.0,5,75.0,80.5,80.5,80.0,11.0,885.5,638
2023-05-09 22:35:37,SR401C7500,SR401C7500,80.0,0.0,0.0,0.0,5,76.0,80.0,5,75.0,80.5,80.5,80.0,11.0,885.5,638
2023-05-09 22:36:16,SR401C7500,SR401C7500,80.0,0.0,0.0,0.0,5,76.5,80.0,5,75.0,80.5,80.5,80.0,11.0,885.5,638
2023-05-09 22:36:19,SR401C7500,SR401C7500,80.0,0.0,0.0,0.0,5,76.5,98.0,2,75.0,80.5,80.5,80.0,11.0,885.5,638
2023-05-09 22:36:21,SR401C7500,SR401C7500,80.0,0.0,0.0,0.0,5,76.5,81.5,5,75.0,80.5,80.5,80.0,11.0,885.5,638
2023-05-09 22:36:21,SR401C7500,SR401C7500,80.0,0.0,0.0,0.0,5,77.0,81.5,5,75.0,80.5,80.5,80.0,11.0,885.5,638
2023-05-09 22:36:38,SR401C7500,SR401C7500,80.0,0.0,0.0,0.0,5,77.5,81.5,5,75.0,80.5,80.5,80.0,11.0,885.5,638
2023-05-09 22:37:14,SR401C7500,SR401C7500,80.0,0.0,0.0,0.0,5,77.5,81.0,5,75.0,80.5,80.5,80.0,11.0,885.5,638
2023-05-09 22:37:23,SR401C7500,SR401C7500,80.0,0.0,0.0,0.0,5,77.5,80.5,5,75.0,80.5,80.5,80.0,11.0,885.5,638
2023-05-09 22:41:00,SR401C7500,SR401C7500,80.0,0.0,0.0,0.0,5,77.0,80.5,5,75.0,80.5,80.5,80.0,11.0,885.5,638
2023-05-09 22:44:44,SR401C7500,SR401C7500,80.0,0.0,0.0,0.0,5,75.5,80.5,5,75.0,80.5,80.5,80.0,11.0,885.5,638
2023-05-09 22:45:18,SR401C7500,SR401C7500,80.0,0.0,0.0,0.0,5,76.0,80.5,5,75.0,80.5,80.5,80.0,11.0,885.5,638
2023-05-09 22:45:21,SR401C7500,SR401C7500,80.0,0.0,0.0,0.0,5,76.0,80.0,5,75.0,80.5,80.5,80.0,11.0,885.5,638
2023-05-09 22:45:40,SR401C7500,SR401C7500,80.0,0.0,0.0,0.0,5,76.0,79.5,5,75.0,80.5,80.5,80.0,11.0,885.5,638
2023-05-09 22:46:01,SR401C7500,SR401C7500,80.0,0.0,0.0,0.0,5,75.5,79.5,5,75.0,80.5,80.5,80.0,11.0,885.5,638
2023-05-09 22:46:06,SR401C7500,SR401C7500,80.0,0.0,0.0,0.0,5,75.5,79.0,5,75.0,80.5,80.5,80.0,11.0,885.5,638
2023-05-09 22:46:16,SR401C7500,SR401C7500,80.0,0.0,0.0,0.0,5,74.0,79.0,5,75.0,80.5,80.5,80.0,11.0,885.5,638
2023-05-09 22:46:39,SR401C7500,SR401C7500,80.0,0.0,0.0,0.0,5,74.5,79.0,5,75.0,80.5,80.5,80.0,11.0,885.5,638
2023-05-09 22:46:52,SR401C7500,SR401C7500,80.0,0.0,0.0,0.0,5,75.0,79.0,5,75.0,80.5,80.5,80.0,11.0,885.5,638
2023-05-09 22:46:58,SR401C7500,SR401C7500,80.0,0.0,0.0,0.0,5,75.5,79.0,5,75.0,80.5,80.5,80.0,11.0,885.5,638
2023-05-09 22:46:59,SR401C7500,SR401C7500,80.0,0.0,0.0,0.0,5,76.0,79.0,5,75.0,80.5,80.5,80.0,11.0,885.5,638
2023-05-09 22:49:11,SR401C7500,SR401C7500,80.0,0.0,0.0,0.0,5,75.5,79.0,5,75.0,80.5,80.5,80.0,11.0,885.5,638
2023-05-09 22:49:16,SR401C7500,SR401C7500,80.0,0.0,0.0,0.0,5,75.5,78.5,5,75.0,80.5,80.5,80.0,11.0,885.5,638
2023-05-09 22:49:16,SR401C7500,SR401C7500,80.0,0.0,0.0,0.0,5,74.0,78.5,5,75.0,80.5,80.5,80.0,11.0,885.5,638
2023-05-09 22:49:17,SR401C7500,SR401C7500,80.0,0.0,0.0,0.0,5,74.5,78.5,5,75.0,80.5,80.5,80.0,11.0,885.5,638
2023-05-09 22:50:41,SR401C7500,SR401C7500,80.0,0.0,0.0,0.0,5,75.0,78.5,5,75.0,80.5,80.5,80.0,11.0,885.5,638
2023-05-09 22:55:35,SR401C7500,SR401C7500,80.0,0.0,0.0,0.0,5,75.0,79.0,5,75.0,80.5,80.5,80.0,11.0,885.5,638
2023-05-09 22:56:02,SR401C7500,SR401C7500,80.0,0.0,0.0,0.0,2,68.5,80.5,5,75.0,80.5,80.5,80.0,11.0,885.5,638
2023-05-09 22:56:36,SR401C7500,SR401C7500,80.0,0.0,0.0,0.0,1,60.0,80.5,5,75.0,80.5,80.5,80.0,11.0,885.5,638
2023-05-10 09:01:25,SR401C7500,SR401C7500,80.0,0.0,0.0,0.0,5,72.5,80.5,5,75.0,80.5,80.5,80.0,11.0,885.5,638
2023-05-10 09:01:28,SR401C7500,SR401C7500,80.0,0.0,0.0,0.0,5,72.5,80.5,10,75.0,80.5,80.5,80.0,11.0,885.5,638
2023-05-10 09:01:36,SR401C7500,SR401C7500,80.0,0.0,0.0,0.0,5,72.5,80.0,5,75.0,80.5,80.5,80.0,11.0,885.5,638
2023-05-10 09:01:45,SR401C7500,SR401C7500,80.0,0.0,0.0,0.0,5,72.5,79.5,5,75.0,80.5,80.5,80.0,11.0,885.5,638
2023-05-10 09:02:23,SR401C7500,SR401C7500,80.0,0.0,0.0,0.0,5,73.0,79.5,5,75.0,80.5,80.5,80.0,11.0,885.5,638
2023-05-10 09:03:05,SR401C7500,SR401C7500,80.0,0.0,0.0,0.0,5,73.5,79.5,5,75.0,80.5,80.5,80.0,11.0,885.5,638
2023-05-10 09:03:41,SR401C7500,SR401C7500,80.0,0.0,0.0,0.0,5,74.0,79.5,5,75.0,80.5,80.5,80.0,11.0,885.5,638
2023-05-10 09:04:03,SR401C7500,SR401C7500,80.0,0.0,0.0,0.0,5,74.5,79.5,5,75.0,80.5,80.5,80.0,11.0,885.5,638
2023-05-10 09:04:32,SR401C7500,SR401C7500,80.0,0.0,0.0,0.0,5,75.0,79.5,5,75.0,80.5,80.5,80.0,11.0,885.5,638
2023-05-10 09:06:41,SR401C7500,SR401C7500,80.0,0.0,0.0,0.0,5,75.5,79.5,5,75.0,80.5,80.5,80.0,11.0,885.5,638
2023-05-10 09:06:59,SR401C7500,SR401C7500,80.0,0.0,0.0,0.0,5,76.0,79.5,5,75.0,80.5,80.5,80.0,11.0,885.5,638
2023-05-10 09:07:12,SR401C7500,SR401C7500,80.0,0.0,0.0,0.0,5,76.0,80.0,5,75.0,80.5,80.5,80.0,11.0,885.5,638
2023-05-10 09:07:20,SR401C7500,SR401C7500,80.0,0.0,0.0,0.0,5,76.5,80.0,5,75.0,80.5,80.5,80.0,11.0,885.5,638
2023-05-10 09:07:33,SR401C7500,SR401C7500,80.0,0.0,0.0,0.0,5,76.5,80.5,5,75.0,80.5,80.5,80.0,11.0,885.5,638
2023-05-10 09:07:34,SR401C7500,SR401C7500,80.0,0.0,0.0,0.0,5,77.0,80.5,5,75.0,80.5,80.5,80.0,11.0,885.5,638
2023-05-10 09:08:21,SR401C7500,SR401C7500,80.0,0.0,0.0,0.0,5,78.0,80.5,5,75.0,80.5,80.5,80.0,11.0,885.5,638
2023-05-10 09:08:34,SR401C7500,SR401C7500,80.5,5.0,402.5,5.0,5,78.0,84.0,5,75.0,80.5,80.5,80.0,16.0,1288.0,643
2023-05-10 09:08:45,SR401C7500,SR401C7500,80.5,0.0,0.0,0.0,5,78.0,83.0,5,75.0,80.5,80.5,80.0,16.0,1288.0,643
2023-05-10 09:11:20,SR401C7500,SR401C7500,80.5,0.0,0.0,0.0,15,78.0,83.0,5,75.0,80.5,80.5,80.0,16.0,1288.0,643
2023-05-10 09:11:21,SR401C7500,SR401C7500,80.5,0.0,0.0,0.0,15,78.0,82.5,5,75.0,80.5,80.5,80.0,16.0,1288.0,643
2023-05-10 09:12:21,SR401C7500,SR401C7500,80.5,0.0,0.0,0.0,15,78.0,82.0,5,75.0,80.5,80.5,80.0,16.0,1288.0,643
2023-05-10 09:14:14,SR401C7500,SR401C7500,80.5,0.0,0.0,0.0,15,78.0,81.5,5,75.0,80.5,80.5,80.0,16.0,1288.0,643
2023-05-10 09:15:36,SR401C7500,SR401C7500,80.5,0.0,0.0,0.0,10,78.0,81.5,5,75.0,80.5,80.5,80.0,16.0,1288.0,643
2023-05-10 09:18:23,SR401C7500,SR401C7500,80.5,0.0,0.0,0.0,10,78.0,81.0,5,75.0,80.5,80.5,80.0,16.0,1288.0,643
2023-05-10 09:37:46,SR401C7500,SR401C7500,80.5,0.0,0.0,0.0,10,78.0,81.5,5,75.0,80.5,80.5,80.0,16.0,1288.0,643
2023-05-10 09:40:11,SR401C7500,SR401C7500,80.5,0.0,0.0,0.0,10,78.0,83.5,5,75.0,80.5,80.5,80.0,16.0,1288.0,643
2023-05-10 09:44:01,SR401C7500,SR401C7500,80.5,0.0,0.0,0.0,5,79.0,83.5,5,75.0,80.5,80.5,80.0,16.0,1288.0,643
2023-05-10 09:50:16,SR401C7500,SR401C7500,80.5,0.0,0.0,0.0,5,79.0,85.5,5,75.0,80.5,80.5,80.0,16.0,1288.0,643
2023-05-10 09:55:02,SR401C7500,SR401C7500,80.5,0.0,0.0,0.0,5,79.0,84.0,5,75.0,80.5,80.5,80.0,16.0,1288.0,643
2023-05-10 10:03:19,SR401C7500,SR401C7500,79.0,1.0,80.5,1.0,4,79.0,84.0,5,75.0,80.5,80.5,79.0,17.0,1368.5,644
2023-05-10 10:58:13,SR401C7500,SR401C7500,79.0,0.0,0.0,0.0,4,79.0,82.5,5,75.0,80.5,80.5,79.0,17.0,1368.5,644
2023-05-10 11:07:34,SR401C7500,SR401C7500,79.0,0.0,0.0,0.0,4,79.0,84.0,5,75.0,80.5,80.5,79.0,17.0,1368.5,644
2023-05-10 11:08:21,SR401C7500,SR401C7500,79.0,0.0,0.0,0.0,5,80.5,84.0,5,75.0,80.5,80.5,79.0,17.0,1368.5,644
2023-05-10 11:08:22,SR401C7500,SR401C7500,79.0,0.0,0.0,0.0,5,80.5,86.0,5,75.0,80.5,80.5,79.0,17.0,1368.5,644
2023-05-10 11:08:59,SR401C7500,SR401C7500,79.0,0.0,0.0,0.0,5,82.0,86.0,5,75.0,80.5,80.5,79.0,17.0,1368.5,644
2023-05-10 11:09:34,SR401C7500,SR401C7500,79.0,0.0,0.0,0.0,5,82.0,88.0,5,75.0,80.5,80.5,79.0,17.0,1368.5,644
2023-05-10 11:10:01,SR401C7500,SR401C7500,79.0,0.0,0.0,0.0,5,83.5,88.0,5,75.0,80.5,80.5,79.0,17.0,1368.5,644
2023-05-10 11:13:46,SR401C7500,SR401C7500,79.0,0.0,0.0,0.0,5,83.5,90.0,5,75.0,80.5,80.5,79.0,17.0,1368.5,644
2023-05-10 11:15:54,SR401C7500,SR401C7500,79.0,0.0,0.0,0.0,5,83.5,88.5,5,75.0,80.5,80.5,79.0,17.0,1368.5,644
2023-05-10 11:20:31,SR401C7500,SR401C7500,79.0,0.0,0.0,0.0,5,85.0,88.5,5,75.0,80.5,80.5,79.0,17.0,1368.5,644
2023-05-10 11:22:11,SR401C7500,SR401C7500,79.0,0.0,0.0,0.0,5,85.0,90.0,5,75.0,80.5,80.5,79.0,17.0,1368.5,644
2023-05-10 11:29:32,SR401C7500,SR401C7500,79.0,0.0,0.0,0.0,5,79.0,98.5,2,75.0,80.5,80.5,79.0,17.0,1368.5,644
2023-05-10 13:30:57,SR401C7500,SR401C7500,79.0,0.0,0.0,0.0,5,87.0,92.0,5,75.0,80.5,80.5,79.0,17.0,1368.5,644
2023-05-10 13:31:27,SR401C7500,SR401C7500,79.0,0.0,0.0,0.0,5,87.0,91.0,5,75.0,80.5,80.5,79.0,17.0,1368.5,644
2023-05-10 13:32:07,SR401C7500,SR401C7500,79.0,0.0,0.0,0.0,5,87.0,90.0,5,75.0,80.5,80.5,79.0,17.0,1368.5,644
2023-05-10 13:32:09,SR401C7500,SR401C7500,79.0,0.0,0.0,0.0,5,85.5,90.0,5,75.0,80.5,80.5,79.0,17.0,1368.5,644
2023-05-10 13:35:21,SR401C7500,SR401C7500,79.0,0.0,0.0,0.0,5,85.5,89.0,5,75.0,80.5,80.5,79.0,17.0,1368.5,644
2023-05-10 13:35:52,SR401C7500,SR401C7500,79.0,0.0,0.0,0.0,5,84.0,89.0,5,75.0,80.5,80.5,79.0,17.0,1368.5,644
2023-05-10 13:36:04,SR401C7500,SR401C7500,79.0,0.0,0.0,0.0,5,84.0,88.0,5,75.0,80.5,80.5,79.0,17.0,1368.5,644
2023-05-10 13:36:52,SR401C7500,SR401C7500,79.0,0.0,0.0,0.0,5,84.0,87.0,5,75.0,80.5,80.5,79.0,17.0,1368.5,644
2023-05-10 13:36:54,SR401C7500,SR401C7500,79.0,0.0,0.0,0.0,5,82.0,87.0,5,75.0,80.5,80.5,79.0,17.0,1368.5,644
2023-05-10 13:38:39,SR401C7500,SR401C7500,79.0,0.0,0.0,0.0,5,82.0,86.0,1,75.0,80.5,80.5,79.0,17.0,1368.5,644
2023-05-10 13:43:32,SR401C7500,SR401C7500,79.0,0.0,0.0,0.0,5,83.0,86.0,1,75.0,80.5,80.5,79.0,17.0,1368.5,644
2023-05-10 13:45:54,SR401C7500,SR401C7500,79.0,0.0,0.0,0.0,5,84.0,86.0,1,75.0,80.5,80.5,79.0,17.0,1368.5,644
2023-05-10 13:49:02,SR401C7500,SR401C7500,86.0,1.0,80.5,0.0,5,84.0,88.0,5,75.0,80.5,86.0,79.0,18.0,1449.0,644
2023-05-10 13:51:14,SR401C7500,SR401C7500,86.0,0.0,0.0,0.0,5,83.0,88.0,5,75.0,80.5,86.0,79.0,18.0,1449.0,644
2023-05-10 13:51:22,SR401C7500,SR401C7500,86.0,0.0,0.0,0.0,5,83.0,87.0,5,75.0,80.5,86.0,79.0,18.0,1449.0,644
2023-05-10 13:53:39,SR401C7500,SR401C7500,86.0,0.0,0.0,0.0,5,81.5,86.0,5,75.0,80.5,86.0,79.0,18.0,1449.0,644
2023-05-10 13:55:21,SR401C7500,SR401C7500,86.0,0.0,0.0,0.0,5,82.5,86.0,5,75.0,80.5,86.0,79.0,18.0,1449.0,644
2023-05-10 13:58:27,SR401C7500,SR401C7500,86.0,0.0,0.0,0.0,5,81.5,86.0,5,75.0,80.5,86.0,79.0,18.0,1449.0,644
2023-05-10 13:59:15,SR401C7500,SR401C7500,86.0,0.0,0.0,0.0,5,80.0,86.0,5,75.0,80.5,86.0,79.0,18.0,1449.0,644
2023-05-10 13:59:42,SR401C7500,SR401C7500,86.0,0.0,0.0,0.0,5,80.0,85.0,5,75.0,80.5,86.0,79.0,18.0,1449.0,644
2023-05-10 13:59:46,SR401C7500,SR401C7500,86.0,0.0,0.0,0.0,5,80.0,84.0,5,75.0,80.5,86.0,79.0,18.0,1449.0,644
2023-05-10 14:00:53,SR401C7500,SR401C7500,86.0,0.0,0.0,0.0,5,79.0,84.0,5,75.0,80.5,86.0,79.0,18.0,1449.0,644
2023-05-10 14:02:02,SR401C7500,SR401C7500,86.0,0.0,0.0,0.0,5,79.0,83.0,5,75.0,80.5,86.0,79.0,18.0,1449.0,644
2023-05-10 14:06:32,SR401C7500,SR401C7500,86.0,0.0,0.0,0.0,5,79.0,82.0,5,75.0,80.5,86.0,79.0,18.0,1449.0,644
2023-05-10 14:11:02,SR401C7500,SR401C7500,86.0,0.0,0.0,0.0,5,79.0,83.0,5,75.0,80.5,86.0,79.0,18.0,1449.0,644
2023-05-10 14:13:19,SR401C7500,SR401C7500,86.0,0.0,0.0,0.0,5,79.5,83.0,5,75.0,80.5,86.0,79.0,18.0,1449.0,644
2023-05-10 14:15:10,SR401C7500,SR401C7500,86.0,0.0,0.0,0.0,5,79.5,84.5,5,75.0,80.5,86.0,79.0,18.0,1449.0,644
2023-05-10 14:16:29,SR401C7500,SR401C7500,86.0,0.0,0.0,0.0,5,79.5,83.5,5,75.0,80.5,86.0,79.0,18.0,1449.0,644
2023-05-10 14:35:17,SR401C7500,SR401C7500,86.0,0.0,0.0,0.0,5,79.5,84.5,5,75.0,80.5,86.0,79.0,18.0,1449.0,644
2023-05-10 14:35:18,SR401C7500,SR401C7500,86.0,0.0,0.0,0.0,5,80.5,84.5,5,75.0,80.5,86.0,79.0,18.0,1449.0,644
2023-05-10 14:44:41,SR401C7500,SR401C7500,86.0,0.0,0.0,0.0,5,80.5,86.0,5,75.0,80.5,86.0,79.0,18.0,1449.0,644
2023-05-10 14:44:57,SR401C7500,SR401C7500,86.0,0.0,0.0,0.0,5,81.5,86.0,5,75.0,80.5,86.0,79.0,18.0,1449.0,644
2023-05-10 14:45:24,SR401C7500,SR401C7500,86.0,0.0,0.0,0.0,5,81.5,85.0,5,75.0,80.5,86.0,79.0,18.0,1449.0,644
2023-05-10 14:46:09,SR401C7500,SR401C7500,86.0,0.0,0.0,0.0,5,81.5,86.0,5,75.0,80.5,86.0,79.0,18.0,1449.0,644
2023-05-10 14:46:57,SR401C7500,SR401C7500,86.0,0.0,0.0,0.0,5,82.5,86.0,5,75.0,80.5,86.0,79.0,18.0,1449.0,644
2023-05-10 14:49:29,SR401C7500,SR401C7500,86.0,0.0,0.0,0.0,5,81.5,86.0,5,75.0,80.5,86.0,79.0,18.0,1449.0,644
2023-05-10 14:49:56,SR401C7500,SR401C7500,86.0,0.0,0.0,0.0,5,81.5,85.0,5,75.0,80.5,86.0,79.0,18.0,1449.0,644
2023-05-10 14:52:54,SR401C7500,SR401C7500,86.0,0.0,0.0,0.0,5,80.0,85.0,5,75.0,80.5,86.0,79.0,18.0,1449.0,644
2023-05-10 14:53:22,SR401C7500,SR401C7500,86.0,0.0,0.0,0.0,5,80.0,84.0,5,75.0,80.5,86.0,79.0,18.0,1449.0,644
2023-05-10 14:53:43,SR401C7500,SR401C7500,86.0,0.0,0.0,0.0,15,80.5,84.0,5,75.0,80.5,86.0,79.0,18.0,1449.0,644
2023-05-10 14:54:06,SR401C7500,SR401C7500,86.0,0.0,0.0,0.0,5,80.0,84.0,5,75.0,80.5,86.0,79.0,18.0,1449.0,644
2023-05-10 14:54:07,SR401C7500,SR401C7500,86.0,0.0,0.0,0.0,15,81.0,84.0,5,75.0,80.5,86.0,79.0,18.0,1449.0,644
2023-05-10 14:55:24,SR401C7500,SR401C7500,86.0,0.0,0.0,0.0,5,80.0,84.0,5,75.0,80.5,86.0,79.0,18.0,1449.0,644
2023-05-10 14:59:02,SR401C7500,SR401C7500,86.0,0.0,0.0,0.0,5,79.0,98.5,2,75.0,80.5,86.0,79.0,18.0,1449.0,644
