time,symbol_id,symbol_name,last,trade_volume,trade_amount,open_interest_change,bv1,bp1,ap1,av1,yesterday_close,today_open,today_high,today_low,volume,amount,open_interest
2023-05-09 19:10:58,SR401P7600,SR401P7600,948.5,0.0,0.0,0.0,0,0.0,0.0,0,948.5,0.0,0.0,0.0,0.0,0.0,0
2023-05-09 21:02:01,SR401P7600,SR401P7600,948.5,0.0,0.0,0.0,1,547.0,1350.0,1,948.5,0.0,0.0,0.0,0.0,0.0,0
2023-05-09 21:02:01,SR401P7600,SR401P7600,948.5,0.0,0.0,0.0,10,547.5,1349.5,10,948.5,0.0,0.0,0.0,0.0,0.0,0
2023-05-09 21:02:08,SR401P7600,SR401P7600,948.5,0.0,0.0,0.0,1,549.0,1348.0,1,948.5,0.0,0.0,0.0,0.0,0.0,0
2023-05-09 21:02:09,SR401P7600,SR401P7600,948.5,0.0,0.0,0.0,10,549.5,1347.5,10,948.5,0.0,0.0,0.0,0.0,0.0,0
2023-05-09 21:02:09,SR401P7600,SR401P7600,948.5,0.0,0.0,0.0,1,551.0,1346.0,1,948.5,0.0,0.0,0.0,0.0,0.0,0
2023-05-09 21:02:10,SR401P7600,SR401P7600,948.5,0.0,0.0,0.0,10,551.5,1345.5,10,948.5,0.0,0.0,0.0,0.0,0.0,0
2023-05-09 21:02:10,SR401P7600,SR401P7600,948.5,0.0,0.0,0.0,1,553.0,1344.0,1,948.5,0.0,0.0,0.0,0.0,0.0,0
2023-05-09 21:02:11,SR401P7600,SR401P7600,948.5,0.0,0.0,0.0,10,553.5,1343.5,10,948.5,0.0,0.0,0.0,0.0,0.0,0
2023-05-09 21:02:14,SR401P7600,SR401P7600,948.5,0.0,0.0,0.0,1,555.0,1342.0,1,948.5,0.0,0.0,0.0,0.0,0.0,0
2023-05-09 21:02:15,SR401P7600,SR401P7600,948.5,0.0,0.0,0.0,10,555.5,1341.5,10,948.5,0.0,0.0,0.0,0.0,0.0,0
2023-05-09 21:02:17,SR401P7600,SR401P7600,948.5,0.0,0.0,0.0,1,557.0,1340.0,1,948.5,0.0,0.0,0.0,0.0,0.0,0
2023-05-09 21:02:18,SR401P7600,SR401P7600,948.5,0.0,0.0,0.0,10,557.5,1339.5,10,948.5,0.0,0.0,0.0,0.0,0.0,0
2023-05-09 21:02:22,SR401P7600,SR401P7600,948.5,0.0,0.0,0.0,1,559.0,1338.0,1,948.5,0.0,0.0,0.0,0.0,0.0,0
2023-05-09 21:02:23,SR401P7600,SR401P7600,948.5,0.0,0.0,0.0,10,559.5,1337.5,10,948.5,0.0,0.0,0.0,0.0,0.0,0
2023-05-09 21:02:25,SR401P7600,SR401P7600,948.5,0.0,0.0,0.0,1,561.0,1337.5,10,948.5,0.0,0.0,0.0,0.0,0.0,0
2023-05-09 21:02:25,SR401P7600,SR401P7600,948.5,0.0,0.0,0.0,10,561.5,1337.5,10,948.5,0.0,0.0,0.0,0.0,0.0,0
2023-05-09 21:02:29,SR401P7600,SR401P7600,948.5,0.0,0.0,0.0,1,563.0,1336.0,1,948.5,0.0,0.0,0.0,0.0,0.0,0
2023-05-09 21:02:29,SR401P7600,SR401P7600,948.5,0.0,0.0,0.0,10,563.5,1335.5,10,948.5,0.0,0.0,0.0,0.0,0.0,0
2023-05-09 21:02:34,SR401P7600,SR401P7600,948.5,0.0,0.0,0.0,1,565.0,1335.5,10,948.5,0.0,0.0,0.0,0.0,0.0,0
2023-05-09 21:02:34,SR401P7600,SR401P7600,948.5,0.0,0.0,0.0,10,565.5,1335.5,10,948.5,0.0,0.0,0.0,0.0,0.0,0
2023-05-09 21:02:38,SR401P7600,SR401P7600,948.5,0.0,0.0,0.0,1,567.0,1334.0,1,948.5,0.0,0.0,0.0,0.0,0.0,0
2023-05-09 21:02:38,SR401P7600,SR401P7600,948.5,0.0,0.0,0.0,10,567.5,1333.5,10,948.5,0.0,0.0,0.0,0.0,0.0,0
2023-05-09 21:02:42,SR401P7600,SR401P7600,948.5,0.0,0.0,0.0,1,569.0,1332.0,1,948.5,0.0,0.0,0.0,0.0,0.0,0
2023-05-09 21:02:42,SR401P7600,SR401P7600,948.5,0.0,0.0,0.0,10,569.5,1331.5,10,948.5,0.0,0.0,0.0,0.0,0.0,0
2023-05-09 21:02:44,SR401P7600,SR401P7600,948.5,0.0,0.0,0.0,1,571.0,1330.0,1,948.5,0.0,0.0,0.0,0.0,0.0,0
2023-05-09 21:02:45,SR401P7600,SR401P7600,948.5,0.0,0.0,0.0,10,571.5,1329.5,10,948.5,0.0,0.0,0.0,0.0,0.0,0
2023-05-09 21:02:45,SR401P7600,SR401P7600,948.5,0.0,0.0,0.0,1,573.0,1328.0,1,948.5,0.0,0.0,0.0,0.0,0.0,0
2023-05-09 21:02:46,SR401P7600,SR401P7600,948.5,0.0,0.0,0.0,10,573.5,1327.5,10,948.5,0.0,0.0,0.0,0.0,0.0,0
2023-05-09 21:02:50,SR401P7600,SR401P7600,948.5,0.0,0.0,0.0,1,575.0,1326.0,1,948.5,0.0,0.0,0.0,0.0,0.0,0
2023-05-09 21:02:50,SR401P7600,SR401P7600,948.5,0.0,0.0,0.0,10,575.5,1325.5,10,948.5,0.0,0.0,0.0,0.0,0.0,0
2023-05-09 21:02:54,SR401P7600,SR401P7600,948.5,0.0,0.0,0.0,1,577.0,1325.5,10,948.5,0.0,0.0,0.0,0.0,0.0,0
2023-05-09 21:02:54,SR401P7600,SR401P7600,948.5,0.0,0.0,0.0,10,577.5,1325.5,10,948.5,0.0,0.0,0.0,0.0,0.0,0
2023-05-09 21:02:56,SR401P7600,SR401P7600,948.5,0.0,0.0,0.0,1,579.0,1324.0,1,948.5,0.0,0.0,0.0,0.0,0.0,0
2023-05-09 21:02:56,SR401P7600,SR401P7600,948.5,0.0,0.0,0.0,10,579.5,1323.5,10,948.5,0.0,0.0,0.0,0.0,0.0,0
2023-05-09 21:02:58,SR401P7600,SR401P7600,948.5,0.0,0.0,0.0,1,581.0,1323.5,10,948.5,0.0,0.0,0.0,0.0,0.0,0
2023-05-09 21:02:59,SR401P7600,SR401P7600,948.5,0.0,0.0,0.0,10,581.5,1323.5,10,948.5,0.0,0.0,0.0,0.0,0.0,0
2023-05-09 21:03:04,SR401P7600,SR401P7600,948.5,0.0,0.0,0.0,1,583.0,1322.0,1,948.5,0.0,0.0,0.0,0.0,0.0,0
2023-05-09 21:03:04,SR401P7600,SR401P7600,948.5,0.0,0.0,0.0,10,583.5,1321.5,10,948.5,0.0,0.0,0.0,0.0,0.0,0
2023-05-09 21:03:05,SR401P7600,SR401P7600,948.5,0.0,0.0,0.0,1,585.0,1320.0,1,948.5,0.0,0.0,0.0,0.0,0.0,0
2023-05-09 21:03:06,SR401P7600,SR401P7600,948.5,0.0,0.0,0.0,10,585.5,1319.5,10,948.5,0.0,0.0,0.0,0.0,0.0,0
2023-05-09 21:03:07,SR401P7600,SR401P7600,948.5,0.0,0.0,0.0,1,587.0,1318.0,1,948.5,0.0,0.0,0.0,0.0,0.0,0
2023-05-09 21:03:07,SR401P7600,SR401P7600,948.5,0.0,0.0,0.0,10,587.5,1317.5,10,948.5,0.0,0.0,0.0,0.0,0.0,0
2023-05-09 21:03:13,SR401P7600,SR401P7600,948.5,0.0,0.0,0.0,1,589.0,1316.0,1,948.5,0.0,0.0,0.0,0.0,0.0,0
2023-05-09 21:03:13,SR401P7600,SR401P7600,948.5,0.0,0.0,0.0,10,589.5,1315.5,10,948.5,0.0,0.0,0.0,0.0,0.0,0
2023-05-09 21:03:13,SR401P7600,SR401P7600,948.5,0.0,0.0,0.0,1,591.0,1314.0,1,948.5,0.0,0.0,0.0,0.0,0.0,0
2023-05-09 21:03:14,SR401P7600,SR401P7600,948.5,0.0,0.0,0.0,10,591.5,1313.5,10,948.5,0.0,0.0,0.0,0.0,0.0,0
2023-05-09 21:03:16,SR401P7600,SR401P7600,948.5,0.0,0.0,0.0,1,593.0,1312.0,1,948.5,0.0,0.0,0.0,0.0,0.0,0
2023-05-09 21:03:16,SR401P7600,SR401P7600,948.5,0.0,0.0,0.0,10,593.5,1311.5,10,948.5,0.0,0.0,0.0,0.0,0.0,0
2023-05-09 21:03:20,SR401P7600,SR401P7600,948.5,0.0,0.0,0.0,1,595.0,1310.0,1,948.5,0.0,0.0,0.0,0.0,0.0,0
2023-05-09 21:03:20,SR401P7600,SR401P7600,948.5,0.0,0.0,0.0,10,595.5,1309.5,10,948.5,0.0,0.0,0.0,0.0,0.0,0
2023-05-09 21:03:23,SR401P7600,SR401P7600,948.5,0.0,0.0,0.0,1,597.0,1308.0,1,948.5,0.0,0.0,0.0,0.0,0.0,0
2023-05-09 21:03:23,SR401P7600,SR401P7600,948.5,0.0,0.0,0.0,10,597.5,1307.5,10,948.5,0.0,0.0,0.0,0.0,0.0,0
2023-05-09 21:03:25,SR401P7600,SR401P7600,948.5,0.0,0.0,0.0,1,599.0,1306.0,1,948.5,0.0,0.0,0.0,0.0,0.0,0
2023-05-09 21:03:26,SR401P7600,SR401P7600,948.5,0.0,0.0,0.0,10,599.5,1305.5,10,948.5,0.0,0.0,0.0,0.0,0.0,0
2023-05-09 21:03:28,SR401P7600,SR401P7600,948.5,0.0,0.0,0.0,1,601.0,1304.0,1,948.5,0.0,0.0,0.0,0.0,0.0,0
2023-05-09 21:03:29,SR401P7600,SR401P7600,948.5,0.0,0.0,0.0,10,601.5,1303.5,10,948.5,0.0,0.0,0.0,0.0,0.0,0
2023-05-09 21:03:35,SR401P7600,SR401P7600,948.5,0.0,0.0,0.0,1,603.0,1302.0,1,948.5,0.0,0.0,0.0,0.0,0.0,0
2023-05-09 21:03:35,SR401P7600,SR401P7600,948.5,0.0,0.0,0.0,10,603.5,1301.5,10,948.5,0.0,0.0,0.0,0.0,0.0,0
2023-05-09 21:03:37,SR401P7600,SR401P7600,948.5,0.0,0.0,0.0,1,605.0,1300.0,1,948.5,0.0,0.0,0.0,0.0,0.0,0
2023-05-09 21:03:37,SR401P7600,SR401P7600,948.5,0.0,0.0,0.0,10,605.5,1299.5,10,948.5,0.0,0.0,0.0,0.0,0.0,0
2023-05-09 21:03:42,SR401P7600,SR401P7600,948.5,0.0,0.0,0.0,1,607.0,1298.0,1,948.5,0.0,0.0,0.0,0.0,0.0,0
2023-05-09 21:03:42,SR401P7600,SR401P7600,948.5,0.0,0.0,0.0,10,607.5,1297.5,10,948.5,0.0,0.0,0.0,0.0,0.0,0
2023-05-09 21:03:46,SR401P7600,SR401P7600,948.5,0.0,0.0,0.0,1,609.0,1296.0,1,948.5,0.0,0.0,0.0,0.0,0.0,0
2023-05-09 21:03:46,SR401P7600,SR401P7600,948.5,0.0,0.0,0.0,10,609.5,1295.5,10,948.5,0.0,0.0,0.0,0.0,0.0,0
2023-05-09 21:03:51,SR401P7600,SR401P7600,948.5,0.0,0.0,0.0,1,611.0,1294.0,1,948.5,0.0,0.0,0.0,0.0,0.0,0
2023-05-09 21:03:51,SR401P7600,SR401P7600,948.5,0.0,0.0,0.0,10,611.5,1293.5,10,948.5,0.0,0.0,0.0,0.0,0.0,0
2023-05-09 21:03:54,SR401P7600,SR401P7600,948.5,0.0,0.0,0.0,1,613.0,1293.5,10,948.5,0.0,0.0,0.0,0.0,0.0,0
2023-05-09 21:03:54,SR401P7600,SR401P7600,948.5,0.0,0.0,0.0,10,613.5,1293.5,10,948.5,0.0,0.0,0.0,0.0,0.0,0
2023-05-09 21:03:59,SR401P7600,SR401P7600,948.5,0.0,0.0,0.0,1,615.0,1292.0,1,948.5,0.0,0.0,0.0,0.0,0.0,0
2023-05-09 21:03:59,SR401P7600,SR401P7600,948.5,0.0,0.0,0.0,10,615.5,1291.5,10,948.5,0.0,0.0,0.0,0.0,0.0,0
2023-05-09 21:04:01,SR401P7600,SR401P7600,948.5,0.0,0.0,0.0,1,617.0,1290.0,1,948.5,0.0,0.0,0.0,0.0,0.0,0
2023-05-09 21:04:02,SR401P7600,SR401P7600,948.5,0.0,0.0,0.0,10,617.5,1289.5,10,948.5,0.0,0.0,0.0,0.0,0.0,0
2023-05-09 21:04:04,SR401P7600,SR401P7600,948.5,0.0,0.0,0.0,1,619.0,1288.0,1,948.5,0.0,0.0,0.0,0.0,0.0,0
2023-05-09 21:04:04,SR401P7600,SR401P7600,948.5,0.0,0.0,0.0,10,619.5,1287.5,10,948.5,0.0,0.0,0.0,0.0,0.0,0
2023-05-09 21:04:05,SR401P7600,SR401P7600,948.5,0.0,0.0,0.0,1,621.0,1286.0,1,948.5,0.0,0.0,0.0,0.0,0.0,0
2023-05-09 21:04:06,SR401P7600,SR401P7600,948.5,0.0,0.0,0.0,10,621.5,1285.5,10,948.5,0.0,0.0,0.0,0.0,0.0,0
2023-05-09 21:04:10,SR401P7600,SR401P7600,948.5,0.0,0.0,0.0,1,623.0,1284.0,1,948.5,0.0,0.0,0.0,0.0,0.0,0
2023-05-09 21:04:11,SR401P7600,SR401P7600,948.5,0.0,0.0,0.0,10,623.5,1283.5,10,948.5,0.0,0.0,0.0,0.0,0.0,0
2023-05-09 21:04:11,SR401P7600,SR401P7600,948.5,0.0,0.0,0.0,1,625.0,1282.0,1,948.5,0.0,0.0,0.0,0.0,0.0,0
2023-05-09 21:04:12,SR401P7600,SR401P7600,948.5,0.0,0.0,0.0,10,625.5,1281.5,10,948.5,0.0,0.0,0.0,0.0,0.0,0
2023-05-09 21:04:16,SR401P7600,SR401P7600,948.5,0.0,0.0,0.0,1,627.0,1280.0,1,948.5,0.0,0.0,0.0,0.0,0.0,0
2023-05-09 21:04:16,SR401P7600,SR401P7600,948.5,0.0,0.0,0.0,10,627.5,1279.5,10,948.5,0.0,0.0,0.0,0.0,0.0,0
2023-05-09 21:04:21,SR401P7600,SR401P7600,948.5,0.0,0.0,0.0,1,629.0,1279.5,10,948.5,0.0,0.0,0.0,0.0,0.0,0
2023-05-09 21:04:21,SR401P7600,SR401P7600,948.5,0.0,0.0,0.0,10,629.5,1279.5,10,948.5,0.0,0.0,0.0,0.0,0.0,0
2023-05-09 21:04:26,SR401P7600,SR401P7600,948.5,0.0,0.0,0.0,1,631.0,1279.5,10,948.5,0.0,0.0,0.0,0.0,0.0,0
2023-05-09 21:04:26,SR401P7600,SR401P7600,948.5,0.0,0.0,0.0,10,631.5,1279.5,10,948.5,0.0,0.0,0.0,0.0,0.0,0
2023-05-09 21:04:26,SR401P7600,SR401P7600,948.5,0.0,0.0,0.0,1,631.0,1279.5,10,948.5,0.0,0.0,0.0,0.0,0.0,0
2023-05-09 21:04:26,SR401P7600,SR401P7600,948.5,0.0,0.0,0.0,10,631.5,1279.5,10,948.5,0.0,0.0,0.0,0.0,0.0,0
2023-05-09 21:04:29,SR401P7600,SR401P7600,948.5,0.0,0.0,0.0,1,633.0,1278.0,1,948.5,0.0,0.0,0.0,0.0,0.0,0
2023-05-09 21:04:29,SR401P7600,SR401P7600,948.5,0.0,0.0,0.0,10,633.5,1277.5,10,948.5,0.0,0.0,0.0,0.0,0.0,0
2023-05-09 21:04:29,SR401P7600,SR401P7600,948.5,0.0,0.0,0.0,1,635.0,1276.0,1,948.5,0.0,0.0,0.0,0.0,0.0,0
2023-05-09 21:04:30,SR401P7600,SR401P7600,948.5,0.0,0.0,0.0,10,635.5,1275.5,10,948.5,0.0,0.0,0.0,0.0,0.0,0
2023-05-09 21:04:30,SR401P7600,SR401P7600,948.5,0.0,0.0,0.0,1,637.0,1274.0,1,948.5,0.0,0.0,0.0,0.0,0.0,0
2023-05-09 21:04:31,SR401P7600,SR401P7600,948.5,0.0,0.0,0.0,10,637.5,1273.5,10,948.5,0.0,0.0,0.0,0.0,0.0,0
2023-05-09 21:04:33,SR401P7600,SR401P7600,948.5,0.0,0.0,0.0,1,639.0,1272.0,1,948.5,0.0,0.0,0.0,0.0,0.0,0
2023-05-09 21:04:34,SR401P7600,SR401P7600,948.5,0.0,0.0,0.0,10,639.5,1271.5,10,948.5,0.0,0.0,0.0,0.0,0.0,0
2023-05-09 21:04:36,SR401P7600,SR401P7600,948.5,0.0,0.0,0.0,1,641.0,1270.0,1,948.5,0.0,0.0,0.0,0.0,0.0,0
2023-05-09 21:04:37,SR401P7600,SR401P7600,948.5,0.0,0.0,0.0,10,641.5,1269.5,10,948.5,0.0,0.0,0.0,0.0,0.0,0
2023-05-09 21:04:40,SR401P7600,SR401P7600,948.5,0.0,0.0,0.0,1,643.0,1268.0,1,948.5,0.0,0.0,0.0,0.0,0.0,0
2023-05-09 21:04:40,SR401P7600,SR401P7600,948.5,0.0,0.0,0.0,10,643.5,1267.5,10,948.5,0.0,0.0,0.0,0.0,0.0,0
2023-05-09 21:04:43,SR401P7600,SR401P7600,948.5,0.0,0.0,0.0,1,645.0,1266.0,1,948.5,0.0,0.0,0.0,0.0,0.0,0
2023-05-09 21:04:44,SR401P7600,SR401P7600,948.5,0.0,0.0,0.0,10,645.5,1265.5,10,948.5,0.0,0.0,0.0,0.0,0.0,0
2023-05-09 21:04:49,SR401P7600,SR401P7600,948.5,0.0,0.0,0.0,1,647.0,1264.0,1,948.5,0.0,0.0,0.0,0.0,0.0,0
2023-05-09 21:04:49,SR401P7600,SR401P7600,948.5,0.0,0.0,0.0,10,647.5,1263.5,10,948.5,0.0,0.0,0.0,0.0,0.0,0
2023-05-09 21:04:50,SR401P7600,SR401P7600,948.5,0.0,0.0,0.0,1,649.0,1262.0,1,948.5,0.0,0.0,0.0,0.0,0.0,0
2023-05-09 21:04:51,SR401P7600,SR401P7600,948.5,0.0,0.0,0.0,10,649.5,1261.5,10,948.5,0.0,0.0,0.0,0.0,0.0,0
2023-05-09 21:04:52,SR401P7600,SR401P7600,948.5,0.0,0.0,0.0,1,651.0,1260.0,1,948.5,0.0,0.0,0.0,0.0,0.0,0
2023-05-09 21:04:53,SR401P7600,SR401P7600,948.5,0.0,0.0,0.0,10,651.5,1259.5,10,948.5,0.0,0.0,0.0,0.0,0.0,0
2023-05-09 21:04:56,SR401P7600,SR401P7600,948.5,0.0,0.0,0.0,1,653.0,1258.0,1,948.5,0.0,0.0,0.0,0.0,0.0,0
2023-05-09 21:04:56,SR401P7600,SR401P7600,948.5,0.0,0.0,0.0,10,653.5,1257.5,10,948.5,0.0,0.0,0.0,0.0,0.0,0
2023-05-09 21:04:56,SR401P7600,SR401P7600,948.5,0.0,0.0,0.0,1,655.0,1256.0,1,948.5,0.0,0.0,0.0,0.0,0.0,0
2023-05-09 21:04:57,SR401P7600,SR401P7600,948.5,0.0,0.0,0.0,10,655.5,1255.5,10,948.5,0.0,0.0,0.0,0.0,0.0,0
2023-05-09 21:04:57,SR401P7600,SR401P7600,948.5,0.0,0.0,0.0,1,657.0,1255.5,10,948.5,0.0,0.0,0.0,0.0,0.0,0
2023-05-09 21:04:58,SR401P7600,SR401P7600,948.5,0.0,0.0,0.0,10,657.5,1255.5,10,948.5,0.0,0.0,0.0,0.0,0.0,0
2023-05-09 21:05:01,SR401P7600,SR401P7600,948.5,0.0,0.0,0.0,1,659.0,1254.0,1,948.5,0.0,0.0,0.0,0.0,0.0,0
2023-05-09 21:05:01,SR401P7600,SR401P7600,948.5,0.0,0.0,0.0,10,659.5,1253.5,10,948.5,0.0,0.0,0.0,0.0,0.0,0
2023-05-09 21:05:05,SR401P7600,SR401P7600,948.5,0.0,0.0,0.0,1,661.0,1253.5,10,948.5,0.0,0.0,0.0,0.0,0.0,0
2023-05-09 21:05:05,SR401P7600,SR401P7600,948.5,0.0,0.0,0.0,10,661.5,1253.5,10,948.5,0.0,0.0,0.0,0.0,0.0,0
2023-05-09 21:05:06,SR401P7600,SR401P7600,948.5,0.0,0.0,0.0,1,663.0,1252.0,1,948.5,0.0,0.0,0.0,0.0,0.0,0
2023-05-09 21:05:06,SR401P7600,SR401P7600,948.5,0.0,0.0,0.0,10,663.5,1251.5,10,948.5,0.0,0.0,0.0,0.0,0.0,0
2023-05-09 21:05:06,SR401P7600,SR401P7600,948.5,0.0,0.0,0.0,1,663.0,1252.0,1,948.5,0.0,0.0,0.0,0.0,0.0,0
2023-05-09 21:05:06,SR401P7600,SR401P7600,948.5,0.0,0.0,0.0,10,663.5,1251.5,10,948.5,0.0,0.0,0.0,0.0,0.0,0
2023-05-09 21:05:09,SR401P7600,SR401P7600,948.5,0.0,0.0,0.0,1,665.0,1251.5,10,948.5,0.0,0.0,0.0,0.0,0.0,0
2023-05-09 21:05:09,SR401P7600,SR401P7600,948.5,0.0,0.0,0.0,10,665.5,1251.5,10,948.5,0.0,0.0,0.0,0.0,0.0,0
2023-05-09 21:05:10,SR401P7600,SR401P7600,948.5,0.0,0.0,0.0,1,667.0,1250.0,1,948.5,0.0,0.0,0.0,0.0,0.0,0
2023-05-09 21:05:10,SR401P7600,SR401P7600,948.5,0.0,0.0,0.0,10,667.5,1249.5,10,948.5,0.0,0.0,0.0,0.0,0.0,0
2023-05-09 21:05:14,SR401P7600,SR401P7600,948.5,0.0,0.0,0.0,1,669.0,1249.5,10,948.5,0.0,0.0,0.0,0.0,0.0,0
2023-05-09 21:05:14,SR401P7600,SR401P7600,948.5,0.0,0.0,0.0,10,669.5,1249.5,10,948.5,0.0,0.0,0.0,0.0,0.0,0
2023-05-09 21:05:17,SR401P7600,SR401P7600,948.5,0.0,0.0,0.0,1,671.0,1248.0,1,948.5,0.0,0.0,0.0,0.0,0.0,0
2023-05-09 21:05:17,SR401P7600,SR401P7600,948.5,0.0,0.0,0.0,10,671.5,1247.5,10,948.5,0.0,0.0,0.0,0.0,0.0,0
2023-05-09 21:05:20,SR401P7600,SR401P7600,948.5,0.0,0.0,0.0,1,673.0,1246.0,1,948.5,0.0,0.0,0.0,0.0,0.0,0
2023-05-09 21:05:20,SR401P7600,SR401P7600,948.5,0.0,0.0,0.0,10,673.5,1245.5,10,948.5,0.0,0.0,0.0,0.0,0.0,0
2023-05-09 21:05:20,SR401P7600,SR401P7600,948.5,0.0,0.0,0.0,10,673.5,1244.0,1,948.5,0.0,0.0,0.0,0.0,0.0,0
2023-05-09 21:05:21,SR401P7600,SR401P7600,948.5,0.0,0.0,0.0,10,673.5,1243.5,10,948.5,0.0,0.0,0.0,0.0,0.0,0
2023-05-09 21:05:23,SR401P7600,SR401P7600,948.5,0.0,0.0,0.0,1,675.0,1242.0,1,948.5,0.0,0.0,0.0,0.0,0.0,0
2023-05-09 21:05:23,SR401P7600,SR401P7600,948.5,0.0,0.0,0.0,10,675.5,1241.5,10,948.5,0.0,0.0,0.0,0.0,0.0,0
2023-05-09 21:05:24,SR401P7600,SR401P7600,948.5,0.0,0.0,0.0,1,677.0,1241.5,10,948.5,0.0,0.0,0.0,0.0,0.0,0
2023-05-09 21:05:24,SR401P7600,SR401P7600,948.5,0.0,0.0,0.0,10,677.5,1241.5,10,948.5,0.0,0.0,0.0,0.0,0.0,0
2023-05-09 21:05:24,SR401P7600,SR401P7600,948.5,0.0,0.0,0.0,1,677.0,1241.5,10,948.5,0.0,0.0,0.0,0.0,0.0,0
2023-05-09 21:05:24,SR401P7600,SR401P7600,948.5,0.0,0.0,0.0,10,677.5,1241.5,10,948.5,0.0,0.0,0.0,0.0,0.0,0
2023-05-09 21:05:26,SR401P7600,SR401P7600,948.5,0.0,0.0,0.0,1,679.0,1240.0,1,948.5,0.0,0.0,0.0,0.0,0.0,0
2023-05-09 21:05:27,SR401P7600,SR401P7600,948.5,0.0,0.0,0.0,10,679.5,1239.5,10,948.5,0.0,0.0,0.0,0.0,0.0,0
2023-05-09 21:05:27,SR401P7600,SR401P7600,948.5,0.0,0.0,0.0,1,681.0,1238.0,1,948.5,0.0,0.0,0.0,0.0,0.0,0
2023-05-09 21:05:27,SR401P7600,SR401P7600,948.5,0.0,0.0,0.0,10,679.5,1239.5,10,948.5,0.0,0.0,0.0,0.0,0.0,0
2023-05-09 21:05:28,SR401P7600,SR401P7600,948.5,0.0,0.0,0.0,10,681.5,1237.5,10,948.5,0.0,0.0,0.0,0.0,0.0,0
2023-05-09 21:05:30,SR401P7600,SR401P7600,948.5,0.0,0.0,0.0,1,683.0,1236.0,1,948.5,0.0,0.0,0.0,0.0,0.0,0
2023-05-09 21:05:30,SR401P7600,SR401P7600,948.5,0.0,0.0,0.0,10,683.5,1235.5,10,948.5,0.0,0.0,0.0,0.0,0.0,0
2023-05-09 21:05:30,SR401P7600,SR401P7600,948.5,0.0,0.0,0.0,1,683.0,1236.0,1,948.5,0.0,0.0,0.0,0.0,0.0,0
2023-05-09 21:05:30,SR401P7600,SR401P7600,948.5,0.0,0.0,0.0,10,683.5,1235.5,10,948.5,0.0,0.0,0.0,0.0,0.0,0
2023-05-09 21:05:33,SR401P7600,SR401P7600,948.5,0.0,0.0,0.0,1,685.0,1234.0,1,948.5,0.0,0.0,0.0,0.0,0.0,0
2023-05-09 21:05:33,SR401P7600,SR401P7600,948.5,0.0,0.0,0.0,10,685.5,1233.5,10,948.5,0.0,0.0,0.0,0.0,0.0,0
2023-05-09 21:05:36,SR401P7600,SR401P7600,948.5,0.0,0.0,0.0,1,687.0,1232.0,1,948.5,0.0,0.0,0.0,0.0,0.0,0
2023-05-09 21:05:36,SR401P7600,SR401P7600,948.5,0.0,0.0,0.0,10,687.5,1231.5,10,948.5,0.0,0.0,0.0,0.0,0.0,0
2023-05-09 21:05:39,SR401P7600,SR401P7600,948.5,0.0,0.0,0.0,1,689.0,1230.0,1,948.5,0.0,0.0,0.0,0.0,0.0,0
2023-05-09 21:05:39,SR401P7600,SR401P7600,948.5,0.0,0.0,0.0,10,689.5,1229.5,10,948.5,0.0,0.0,0.0,0.0,0.0,0
2023-05-09 21:05:42,SR401P7600,SR401P7600,948.5,0.0,0.0,0.0,1,691.0,1228.0,1,948.5,0.0,0.0,0.0,0.0,0.0,0
2023-05-09 21:05:42,SR401P7600,SR401P7600,948.5,0.0,0.0,0.0,10,691.5,1227.5,10,948.5,0.0,0.0,0.0,0.0,0.0,0
2023-05-09 21:05:42,SR401P7600,SR401P7600,948.5,0.0,0.0,0.0,1,691.0,1228.0,1,948.5,0.0,0.0,0.0,0.0,0.0,0
2023-05-09 21:05:42,SR401P7600,SR401P7600,948.5,0.0,0.0,0.0,10,691.5,1227.5,10,948.5,0.0,0.0,0.0,0.0,0.0,0
2023-05-09 21:05:45,SR401P7600,SR401P7600,948.5,0.0,0.0,0.0,1,693.0,1226.0,1,948.5,0.0,0.0,0.0,0.0,0.0,0
2023-05-09 21:05:45,SR401P7600,SR401P7600,948.5,0.0,0.0,0.0,10,693.5,1225.5,10,948.5,0.0,0.0,0.0,0.0,0.0,0
2023-05-09 21:05:46,SR401P7600,SR401P7600,948.5,0.0,0.0,0.0,1,695.0,1225.5,10,948.5,0.0,0.0,0.0,0.0,0.0,0
2023-05-09 21:05:47,SR401P7600,SR401P7600,948.5,0.0,0.0,0.0,10,695.5,1224.0,1,948.5,0.0,0.0,0.0,0.0,0.0,0
2023-05-09 21:05:48,SR401P7600,SR401P7600,948.5,0.0,0.0,0.0,1,697.0,1223.5,10,948.5,0.0,0.0,0.0,0.0,0.0,0
2023-05-09 21:05:48,SR401P7600,SR401P7600,948.5,0.0,0.0,0.0,10,697.5,1222.0,1,948.5,0.0,0.0,0.0,0.0,0.0,0
2023-05-09 21:05:49,SR401P7600,SR401P7600,948.5,0.0,0.0,0.0,10,697.5,1221.5,10,948.5,0.0,0.0,0.0,0.0,0.0,0
2023-05-09 21:05:49,SR401P7600,SR401P7600,948.5,0.0,0.0,0.0,1,699.0,1220.0,1,948.5,0.0,0.0,0.0,0.0,0.0,0
2023-05-09 21:05:50,SR401P7600,SR401P7600,948.5,0.0,0.0,0.0,10,699.5,1219.5,10,948.5,0.0,0.0,0.0,0.0,0.0,0
2023-05-09 21:05:50,SR401P7600,SR401P7600,948.5,0.0,0.0,0.0,1,701.0,1218.0,1,948.5,0.0,0.0,0.0,0.0,0.0,0
2023-05-09 21:05:51,SR401P7600,SR401P7600,948.5,0.0,0.0,0.0,10,701.5,1217.5,10,948.5,0.0,0.0,0.0,0.0,0.0,0
2023-05-09 21:05:52,SR401P7600,SR401P7600,948.5,0.0,0.0,0.0,1,703.0,1216.0,1,948.5,0.0,0.0,0.0,0.0,0.0,0
2023-05-09 21:05:53,SR401P7600,SR401P7600,948.5,0.0,0.0,0.0,10,703.5,1215.5,10,948.5,0.0,0.0,0.0,0.0,0.0,0
2023-05-09 21:05:54,SR401P7600,SR401P7600,948.5,0.0,0.0,0.0,1,705.0,1214.0,1,948.5,0.0,0.0,0.0,0.0,0.0,0
2023-05-09 21:05:55,SR401P7600,SR401P7600,948.5,0.0,0.0,0.0,10,705.5,1213.5,10,948.5,0.0,0.0,0.0,0.0,0.0,0
2023-05-09 21:05:56,SR401P7600,SR401P7600,948.5,0.0,0.0,0.0,1,707.0,1213.5,10,948.5,0.0,0.0,0.0,0.0,0.0,0
2023-05-09 21:05:57,SR401P7600,SR401P7600,948.5,0.0,0.0,0.0,10,707.5,1213.5,10,948.5,0.0,0.0,0.0,0.0,0.0,0
2023-05-09 21:05:57,SR401P7600,SR401P7600,948.5,0.0,0.0,0.0,1,709.0,1212.0,1,948.5,0.0,0.0,0.0,0.0,0.0,0
2023-05-09 21:05:58,SR401P7600,SR401P7600,948.5,0.0,0.0,0.0,10,709.5,1211.5,10,948.5,0.0,0.0,0.0,0.0,0.0,0
2023-05-09 21:05:58,SR401P7600,SR401P7600,948.5,0.0,0.0,0.0,1,711.0,1210.0,1,948.5,0.0,0.0,0.0,0.0,0.0,0
2023-05-09 21:05:59,SR401P7600,SR401P7600,948.5,0.0,0.0,0.0,10,711.5,1209.5,10,948.5,0.0,0.0,0.0,0.0,0.0,0
2023-05-09 21:05:59,SR401P7600,SR401P7600,948.5,0.0,0.0,0.0,1,713.0,1208.0,1,948.5,0.0,0.0,0.0,0.0,0.0,0
2023-05-09 21:06:00,SR401P7600,SR401P7600,948.5,0.0,0.0,0.0,10,713.5,1207.5,10,948.5,0.0,0.0,0.0,0.0,0.0,0
2023-05-09 21:06:01,SR401P7600,SR401P7600,948.5,0.0,0.0,0.0,1,715.0,1206.0,1,948.5,0.0,0.0,0.0,0.0,0.0,0
2023-05-09 21:06:01,SR401P7600,SR401P7600,948.5,0.0,0.0,0.0,10,715.5,1205.5,10,948.5,0.0,0.0,0.0,0.0,0.0,0
2023-05-09 21:06:02,SR401P7600,SR401P7600,948.5,0.0,0.0,0.0,1,717.0,1204.0,1,948.5,0.0,0.0,0.0,0.0,0.0,0
2023-05-09 21:06:03,SR401P7600,SR401P7600,948.5,0.0,0.0,0.0,10,717.5,1203.5,10,948.5,0.0,0.0,0.0,0.0,0.0,0
2023-05-09 21:06:03,SR401P7600,SR401P7600,948.5,0.0,0.0,0.0,1,719.0,1202.0,1,948.5,0.0,0.0,0.0,0.0,0.0,0
2023-05-09 21:06:04,SR401P7600,SR401P7600,948.5,0.0,0.0,0.0,10,719.5,1201.5,10,948.5,0.0,0.0,0.0,0.0,0.0,0
2023-05-09 21:06:04,SR401P7600,SR401P7600,948.5,0.0,0.0,0.0,1,721.0,1200.0,1,948.5,0.0,0.0,0.0,0.0,0.0,0
2023-05-09 21:06:04,SR401P7600,SR401P7600,948.5,0.0,0.0,0.0,10,719.5,1201.5,10,948.5,0.0,0.0,0.0,0.0,0.0,0
2023-05-09 21:06:05,SR401P7600,SR401P7600,948.5,0.0,0.0,0.0,10,721.5,1199.5,10,948.5,0.0,0.0,0.0,0.0,0.0,0
2023-05-09 21:06:05,SR401P7600,SR401P7600,948.5,0.0,0.0,0.0,1,723.0,1198.0,1,948.5,0.0,0.0,0.0,0.0,0.0,0
2023-05-09 21:06:06,SR401P7600,SR401P7600,948.5,0.0,0.0,0.0,10,723.5,1197.5,10,948.5,0.0,0.0,0.0,0.0,0.0,0
2023-05-09 21:06:06,SR401P7600,SR401P7600,948.5,0.0,0.0,0.0,1,725.0,1196.0,1,948.5,0.0,0.0,0.0,0.0,0.0,0
2023-05-09 21:06:06,SR401P7600,SR401P7600,948.5,0.0,0.0,0.0,10,725.5,1195.5,10,948.5,0.0,0.0,0.0,0.0,0.0,0
2023-05-09 21:06:07,SR401P7600,SR401P7600,948.5,0.0,0.0,0.0,1,727.0,1194.0,1,948.5,0.0,0.0,0.0,0.0,0.0,0
2023-05-09 21:06:07,SR401P7600,SR401P7600,948.5,0.0,0.0,0.0,10,727.5,1193.5,10,948.5,0.0,0.0,0.0,0.0,0.0,0
2023-05-09 21:06:08,SR401P7600,SR401P7600,948.5,0.0,0.0,0.0,1,729.0,1192.0,1,948.5,0.0,0.0,0.0,0.0,0.0,0
2023-05-09 21:06:08,SR401P7600,SR401P7600,948.5,0.0,0.0,0.0,10,729.5,1191.5,10,948.5,0.0,0.0,0.0,0.0,0.0,0
2023-05-09 21:06:09,SR401P7600,SR401P7600,948.5,0.0,0.0,0.0,1,731.0,1190.0,1,948.5,0.0,0.0,0.0,0.0,0.0,0
2023-05-09 21:06:09,SR401P7600,SR401P7600,948.5,0.0,0.0,0.0,10,731.5,1189.5,10,948.5,0.0,0.0,0.0,0.0,0.0,0
2023-05-09 21:06:09,SR401P7600,SR401P7600,948.5,0.0,0.0,0.0,1,731.0,1190.0,1,948.5,0.0,0.0,0.0,0.0,0.0,0
2023-05-09 21:06:09,SR401P7600,SR401P7600,948.5,0.0,0.0,0.0,10,731.5,1189.5,10,948.5,0.0,0.0,0.0,0.0,0.0,0
2023-05-09 21:22:05,SR401P7600,SR401P7600,948.5,0.0,0.0,0.0,1,733.0,1188.0,1,948.5,0.0,0.0,0.0,0.0,0.0,0
2023-05-09 21:22:06,SR401P7600,SR401P7600,948.5,0.0,0.0,0.0,10,733.5,1187.5,10,948.5,0.0,0.0,0.0,0.0,0.0,0
2023-05-09 21:22:06,SR401P7600,SR401P7600,948.5,0.0,0.0,0.0,1,735.0,1186.0,1,948.5,0.0,0.0,0.0,0.0,0.0,0
2023-05-09 21:22:07,SR401P7600,SR401P7600,948.5,0.0,0.0,0.0,10,735.5,1185.5,10,948.5,0.0,0.0,0.0,0.0,0.0,0
2023-05-09 21:22:07,SR401P7600,SR401P7600,948.5,0.0,0.0,0.0,1,737.0,1184.0,1,948.5,0.0,0.0,0.0,0.0,0.0,0
2023-05-09 21:22:08,SR401P7600,SR401P7600,948.5,0.0,0.0,0.0,10,737.5,1183.5,10,948.5,0.0,0.0,0.0,0.0,0.0,0
2023-05-09 21:22:08,SR401P7600,SR401P7600,948.5,0.0,0.0,0.0,1,739.0,1182.0,1,948.5,0.0,0.0,0.0,0.0,0.0,0
2023-05-09 21:22:09,SR401P7600,SR401P7600,948.5,0.0,0.0,0.0,10,739.5,1181.5,10,948.5,0.0,0.0,0.0,0.0,0.0,0
2023-05-09 21:22:09,SR401P7600,SR401P7600,948.5,0.0,0.0,0.0,1,741.0,1180.0,1,948.5,0.0,0.0,0.0,0.0,0.0,0
2023-05-09 21:22:10,SR401P7600,SR401P7600,948.5,0.0,0.0,0.0,10,741.5,1179.5,10,948.5,0.0,0.0,0.0,0.0,0.0,0
2023-05-09 21:34:40,SR401P7600,SR401P7600,948.5,0.0,0.0,0.0,3,943.5,1000.0,3,948.5,0.0,0.0,0.0,0.0,0.0,0
2023-05-09 21:34:41,SR401P7600,SR401P7600,948.5,0.0,0.0,0.0,6,943.5,1000.0,6,948.5,0.0,0.0,0.0,0.0,0.0,0
2023-05-09 21:34:42,SR401P7600,SR401P7600,948.5,0.0,0.0,0.0,9,943.5,996.5,3,948.5,0.0,0.0,0.0,0.0,0.0,0
2023-05-09 21:34:43,SR401P7600,SR401P7600,948.5,0.0,0.0,0.0,9,943.5,970.0,3,948.5,0.0,0.0,0.0,0.0,0.0,0
2023-05-09 21:34:44,SR401P7600,SR401P7600,948.5,0.0,0.0,0.0,6,943.5,970.0,3,948.5,0.0,0.0,0.0,0.0,0.0,0
2023-05-09 21:34:44,SR401P7600,SR401P7600,948.5,0.0,0.0,0.0,9,943.5,970.0,3,948.5,0.0,0.0,0.0,0.0,0.0,0
2023-05-09 21:34:45,SR401P7600,SR401P7600,948.5,0.0,0.0,0.0,6,952.0,970.0,6,948.5,0.0,0.0,0.0,0.0,0.0,0
2023-05-09 21:34:46,SR401P7600,SR401P7600,948.5,0.0,0.0,0.0,9,952.0,970.0,6,948.5,0.0,0.0,0.0,0.0,0.0,0
2023-05-09 21:34:50,SR401P7600,SR401P7600,948.5,0.0,0.0,0.0,12,952.0,970.0,9,948.5,0.0,0.0,0.0,0.0,0.0,0
2023-05-09 21:34:53,SR401P7600,SR401P7600,948.5,0.0,0.0,0.0,9,952.0,970.0,9,948.5,0.0,0.0,0.0,0.0,0.0,0
2023-05-09 21:34:54,SR401P7600,SR401P7600,948.5,0.0,0.0,0.0,12,952.0,970.0,9,948.5,0.0,0.0,0.0,0.0,0.0,0
2023-05-09 21:34:55,SR401P7600,SR401P7600,948.5,0.0,0.0,0.0,9,952.0,970.0,9,948.5,0.0,0.0,0.0,0.0,0.0,0
2023-05-09 21:34:56,SR401P7600,SR401P7600,948.5,0.0,0.0,0.0,6,952.0,970.0,6,948.5,0.0,0.0,0.0,0.0,0.0,0
2023-05-09 21:34:57,SR401P7600,SR401P7600,948.5,0.0,0.0,0.0,3,952.0,970.0,3,948.5,0.0,0.0,0.0,0.0,0.0,0
2023-05-09 21:35:00,SR401P7600,SR401P7600,948.5,0.0,0.0,0.0,3,949.0,973.0,3,948.5,0.0,0.0,0.0,0.0,0.0,0
2023-05-09 21:35:02,SR401P7600,SR401P7600,948.5,0.0,0.0,0.0,0,0.0,0.0,0,948.5,0.0,0.0,0.0,0.0,0.0,0
2023-05-09 21:35:02,SR401P7600,SR401P7600,948.5,0.0,0.0,0.0,10,547.5,1349.5,10,948.5,0.0,0.0,0.0,0.0,0.0,0
2023-05-09 21:35:03,SR401P7600,SR401P7600,948.5,0.0,0.0,0.0,1,549.0,1348.0,1,948.5,0.0,0.0,0.0,0.0,0.0,0
2023-05-09 21:35:03,SR401P7600,SR401P7600,948.5,0.0,0.0,0.0,10,549.5,1347.5,10,948.5,0.0,0.0,0.0,0.0,0.0,0
2023-05-09 21:35:04,SR401P7600,SR401P7600,948.5,0.0,0.0,0.0,1,551.0,1346.0,1,948.5,0.0,0.0,0.0,0.0,0.0,0
2023-05-09 21:35:04,SR401P7600,SR401P7600,948.5,0.0,0.0,0.0,10,551.5,1345.5,10,948.5,0.0,0.0,0.0,0.0,0.0,0
2023-05-09 21:35:05,SR401P7600,SR401P7600,948.5,0.0,0.0,0.0,1,553.0,1344.0,1,948.5,0.0,0.0,0.0,0.0,0.0,0
2023-05-09 21:35:05,SR401P7600,SR401P7600,948.5,0.0,0.0,0.0,10,553.5,1343.5,10,948.5,0.0,0.0,0.0,0.0,0.0,0
2023-05-09 21:35:06,SR401P7600,SR401P7600,948.5,0.0,0.0,0.0,1,555.0,1342.0,1,948.5,0.0,0.0,0.0,0.0,0.0,0
2023-05-09 21:35:06,SR401P7600,SR401P7600,948.5,0.0,0.0,0.0,10,555.5,1341.5,10,948.5,0.0,0.0,0.0,0.0,0.0,0
2023-05-09 21:35:06,SR401P7600,SR401P7600,948.5,0.0,0.0,0.0,1,555.0,1342.0,1,948.5,0.0,0.0,0.0,0.0,0.0,0
2023-05-09 21:35:06,SR401P7600,SR401P7600,948.5,0.0,0.0,0.0,10,555.5,1341.5,10,948.5,0.0,0.0,0.0,0.0,0.0,0
2023-05-09 21:40:29,SR401P7600,SR401P7600,948.5,0.0,0.0,0.0,3,958.5,993.0,3,948.5,0.0,0.0,0.0,0.0,0.0,0
2023-05-09 21:40:29,SR401P7600,SR401P7600,948.5,0.0,0.0,0.0,6,958.5,993.0,6,948.5,0.0,0.0,0.0,0.0,0.0,0
2023-05-09 21:40:33,SR401P7600,SR401P7600,948.5,0.0,0.0,0.0,6,958.5,974.5,3,948.5,0.0,0.0,0.0,0.0,0.0,0
2023-05-09 21:40:33,SR401P7600,SR401P7600,948.5,0.0,0.0,0.0,3,958.5,974.5,3,948.5,0.0,0.0,0.0,0.0,0.0,0
2023-05-09 21:40:34,SR401P7600,SR401P7600,948.5,0.0,0.0,0.0,9,958.5,974.5,6,948.5,0.0,0.0,0.0,0.0,0.0,0
2023-05-09 21:40:40,SR401P7600,SR401P7600,948.5,0.0,0.0,0.0,12,958.5,974.5,9,948.5,0.0,0.0,0.0,0.0,0.0,0
2023-05-09 21:40:40,SR401P7600,SR401P7600,948.5,0.0,0.0,0.0,9,958.5,974.5,9,948.5,0.0,0.0,0.0,0.0,0.0,0
2023-05-09 21:40:46,SR401P7600,SR401P7600,948.5,0.0,0.0,0.0,6,958.5,974.5,3,948.5,0.0,0.0,0.0,0.0,0.0,0
2023-05-09 21:40:46,SR401P7600,SR401P7600,948.5,0.0,0.0,0.0,3,958.5,974.5,3,948.5,0.0,0.0,0.0,0.0,0.0,0
2023-05-09 21:40:50,SR401P7600,SR401P7600,948.5,0.0,0.0,0.0,3,955.5,977.5,3,948.5,0.0,0.0,0.0,0.0,0.0,0
2023-05-09 21:40:52,SR401P7600,SR401P7600,948.5,0.0,0.0,0.0,3,944.0,990.0,3,948.5,0.0,0.0,0.0,0.0,0.0,0
2023-05-09 21:40:52,SR401P7600,SR401P7600,948.5,0.0,0.0,0.0,0,0.0,0.0,0,948.5,0.0,0.0,0.0,0.0,0.0,0
2023-05-09 21:52:05,SR401P7600,SR401P7600,948.5,0.0,0.0,0.0,1,547.0,1350.0,1,948.5,0.0,0.0,0.0,0.0,0.0,0
2023-05-09 21:52:05,SR401P7600,SR401P7600,948.5,0.0,0.0,0.0,10,547.5,1349.5,10,948.5,0.0,0.0,0.0,0.0,0.0,0
2023-05-09 21:52:06,SR401P7600,SR401P7600,948.5,0.0,0.0,0.0,1,549.0,1348.0,1,948.5,0.0,0.0,0.0,0.0,0.0,0
2023-05-09 21:52:06,SR401P7600,SR401P7600,948.5,0.0,0.0,0.0,10,549.5,1347.5,10,948.5,0.0,0.0,0.0,0.0,0.0,0
2023-05-09 21:52:07,SR401P7600,SR401P7600,948.5,0.0,0.0,0.0,1,551.0,1346.0,1,948.5,0.0,0.0,0.0,0.0,0.0,0
2023-05-09 21:52:07,SR401P7600,SR401P7600,948.5,0.0,0.0,0.0,10,551.5,1345.5,10,948.5,0.0,0.0,0.0,0.0,0.0,0
2023-05-09 21:52:08,SR401P7600,SR401P7600,948.5,0.0,0.0,0.0,1,553.0,1344.0,1,948.5,0.0,0.0,0.0,0.0,0.0,0
2023-05-09 21:52:09,SR401P7600,SR401P7600,948.5,0.0,0.0,0.0,10,553.5,1343.5,10,948.5,0.0,0.0,0.0,0.0,0.0,0
2023-05-09 21:52:09,SR401P7600,SR401P7600,948.5,0.0,0.0,0.0,10,555.5,1341.5,10,948.5,0.0,0.0,0.0,0.0,0.0,0
2023-05-09 22:03:54,SR401P7600,SR401P7600,948.5,0.0,0.0,0.0,0,0.0,0.0,0,948.5,0.0,0.0,0.0,0.0,0.0,0
2023-05-09 22:03:56,SR401P7600,SR401P7600,948.5,0.0,0.0,0.0,1,547.0,0.0,0,948.5,0.0,0.0,0.0,0.0,0.0,0
2023-05-09 22:03:56,SR401P7600,SR401P7600,948.5,0.0,0.0,0.0,1,547.0,1350.0,1,948.5,0.0,0.0,0.0,0.0,0.0,0
2023-05-09 22:05:09,SR401P7600,SR401P7600,948.5,0.0,0.0,0.0,10,547.5,1349.5,10,948.5,0.0,0.0,0.0,0.0,0.0,0
2023-05-09 22:05:12,SR401P7600,SR401P7600,948.5,0.0,0.0,0.0,1,549.0,1348.0,1,948.5,0.0,0.0,0.0,0.0,0.0,0
2023-05-09 22:05:12,SR401P7600,SR401P7600,948.5,0.0,0.0,0.0,10,549.5,1347.5,10,948.5,0.0,0.0,0.0,0.0,0.0,0
2023-05-09 22:05:14,SR401P7600,SR401P7600,948.5,0.0,0.0,0.0,1,551.0,1346.0,1,948.5,0.0,0.0,0.0,0.0,0.0,0
2023-05-09 22:05:14,SR401P7600,SR401P7600,948.5,0.0,0.0,0.0,10,551.5,1345.5,10,948.5,0.0,0.0,0.0,0.0,0.0,0
2023-05-09 22:05:14,SR401P7600,SR401P7600,948.5,0.0,0.0,0.0,1,551.0,1346.0,1,948.5,0.0,0.0,0.0,0.0,0.0,0
2023-05-09 22:05:16,SR401P7600,SR401P7600,948.5,0.0,0.0,0.0,1,553.0,1344.0,1,948.5,0.0,0.0,0.0,0.0,0.0,0
2023-05-09 22:05:16,SR401P7600,SR401P7600,948.5,0.0,0.0,0.0,10,553.5,1343.5,10,948.5,0.0,0.0,0.0,0.0,0.0,0
2023-05-09 22:05:17,SR401P7600,SR401P7600,948.5,0.0,0.0,0.0,1,555.0,1342.0,1,948.5,0.0,0.0,0.0,0.0,0.0,0
2023-05-09 22:05:17,SR401P7600,SR401P7600,948.5,0.0,0.0,0.0,10,555.5,1341.5,10,948.5,0.0,0.0,0.0,0.0,0.0,0
2023-05-09 22:05:17,SR401P7600,SR401P7600,948.5,0.0,0.0,0.0,1,555.0,1342.0,1,948.5,0.0,0.0,0.0,0.0,0.0,0
2023-05-09 22:05:17,SR401P7600,SR401P7600,948.5,0.0,0.0,0.0,10,555.5,1341.5,10,948.5,0.0,0.0,0.0,0.0,0.0,0
2023-05-09 22:05:24,SR401P7600,SR401P7600,948.5,0.0,0.0,0.0,0,0.0,0.0,0,948.5,0.0,0.0,0.0,0.0,0.0,0
2023-05-10 09:02:00,SR401P7600,SR401P7600,948.5,0.0,0.0,0.0,1,547.0,1350.0,1,948.5,0.0,0.0,0.0,0.0,0.0,0
2023-05-10 09:02:00,SR401P7600,SR401P7600,948.5,0.0,0.0,0.0,10,547.5,1349.5,10,948.5,0.0,0.0,0.0,0.0,0.0,0
2023-05-10 09:02:00,SR401P7600,SR401P7600,948.5,0.0,0.0,0.0,1,547.0,1350.0,1,948.5,0.0,0.0,0.0,0.0,0.0,0
2023-05-10 09:02:00,SR401P7600,SR401P7600,948.5,0.0,0.0,0.0,10,547.5,1349.5,10,948.5,0.0,0.0,0.0,0.0,0.0,0
2023-05-10 09:02:03,SR401P7600,SR401P7600,948.5,0.0,0.0,0.0,1,549.0,1348.0,1,948.5,0.0,0.0,0.0,0.0,0.0,0
2023-05-10 09:02:04,SR401P7600,SR401P7600,948.5,0.0,0.0,0.0,10,549.5,1347.5,10,948.5,0.0,0.0,0.0,0.0,0.0,0
2023-05-10 09:02:05,SR401P7600,SR401P7600,948.5,0.0,0.0,0.0,1,551.0,1346.0,1,948.5,0.0,0.0,0.0,0.0,0.0,0
2023-05-10 09:02:05,SR401P7600,SR401P7600,948.5,0.0,0.0,0.0,10,551.5,1345.5,10,948.5,0.0,0.0,0.0,0.0,0.0,0
2023-05-10 09:02:10,SR401P7600,SR401P7600,948.5,0.0,0.0,0.0,1,553.0,1344.0,1,948.5,0.0,0.0,0.0,0.0,0.0,0
2023-05-10 09:02:10,SR401P7600,SR401P7600,948.5,0.0,0.0,0.0,10,553.5,1343.5,10,948.5,0.0,0.0,0.0,0.0,0.0,0
2023-05-10 09:02:11,SR401P7600,SR401P7600,948.5,0.0,0.0,0.0,1,555.0,1342.0,1,948.5,0.0,0.0,0.0,0.0,0.0,0
2023-05-10 09:02:11,SR401P7600,SR401P7600,948.5,0.0,0.0,0.0,10,555.5,1341.5,10,948.5,0.0,0.0,0.0,0.0,0.0,0
2023-05-10 09:02:12,SR401P7600,SR401P7600,948.5,0.0,0.0,0.0,1,557.0,1341.5,10,948.5,0.0,0.0,0.0,0.0,0.0,0
2023-05-10 09:02:12,SR401P7600,SR401P7600,948.5,0.0,0.0,0.0,10,557.5,1340.0,1,948.5,0.0,0.0,0.0,0.0,0.0,0
2023-05-10 09:02:13,SR401P7600,SR401P7600,948.5,0.0,0.0,0.0,10,557.5,1339.5,10,948.5,0.0,0.0,0.0,0.0,0.0,0
2023-05-10 09:02:15,SR401P7600,SR401P7600,948.5,0.0,0.0,0.0,1,559.0,1338.0,1,948.5,0.0,0.0,0.0,0.0,0.0,0
2023-05-10 09:02:15,SR401P7600,SR401P7600,948.5,0.0,0.0,0.0,10,559.5,1337.5,10,948.5,0.0,0.0,0.0,0.0,0.0,0
2023-05-10 09:02:19,SR401P7600,SR401P7600,948.5,0.0,0.0,0.0,1,561.0,1337.5,10,948.5,0.0,0.0,0.0,0.0,0.0,0
2023-05-10 09:02:19,SR401P7600,SR401P7600,948.5,0.0,0.0,0.0,10,561.5,1336.0,1,948.5,0.0,0.0,0.0,0.0,0.0,0
2023-05-10 09:02:20,SR401P7600,SR401P7600,948.5,0.0,0.0,0.0,10,561.5,1335.5,10,948.5,0.0,0.0,0.0,0.0,0.0,0
2023-05-10 09:02:22,SR401P7600,SR401P7600,948.5,0.0,0.0,0.0,1,563.0,1334.0,1,948.5,0.0,0.0,0.0,0.0,0.0,0
2023-05-10 09:02:22,SR401P7600,SR401P7600,948.5,0.0,0.0,0.0,10,563.5,1333.5,10,948.5,0.0,0.0,0.0,0.0,0.0,0
2023-05-10 09:02:25,SR401P7600,SR401P7600,948.5,0.0,0.0,0.0,1,565.0,1332.0,1,948.5,0.0,0.0,0.0,0.0,0.0,0
2023-05-10 09:02:26,SR401P7600,SR401P7600,948.5,0.0,0.0,0.0,10,565.5,1331.5,10,948.5,0.0,0.0,0.0,0.0,0.0,0
2023-05-10 09:02:28,SR401P7600,SR401P7600,948.5,0.0,0.0,0.0,1,567.0,1330.0,1,948.5,0.0,0.0,0.0,0.0,0.0,0
2023-05-10 09:02:29,SR401P7600,SR401P7600,948.5,0.0,0.0,0.0,10,567.5,1329.5,10,948.5,0.0,0.0,0.0,0.0,0.0,0
2023-05-10 09:02:35,SR401P7600,SR401P7600,948.5,0.0,0.0,0.0,1,569.0,1328.0,1,948.5,0.0,0.0,0.0,0.0,0.0,0
2023-05-10 09:02:35,SR401P7600,SR401P7600,948.5,0.0,0.0,0.0,10,569.5,1327.5,10,948.5,0.0,0.0,0.0,0.0,0.0,0
2023-05-10 09:02:37,SR401P7600,SR401P7600,948.5,0.0,0.0,0.0,1,571.0,1326.0,1,948.5,0.0,0.0,0.0,0.0,0.0,0
2023-05-10 09:02:37,SR401P7600,SR401P7600,948.5,0.0,0.0,0.0,10,571.5,1325.5,10,948.5,0.0,0.0,0.0,0.0,0.0,0
2023-05-10 09:02:42,SR401P7600,SR401P7600,948.5,0.0,0.0,0.0,1,573.0,1324.0,1,948.5,0.0,0.0,0.0,0.0,0.0,0
2023-05-10 09:02:42,SR401P7600,SR401P7600,948.5,0.0,0.0,0.0,10,573.5,1323.5,10,948.5,0.0,0.0,0.0,0.0,0.0,0
2023-05-10 09:02:47,SR401P7600,SR401P7600,948.5,0.0,0.0,0.0,1,575.0,1323.5,10,948.5,0.0,0.0,0.0,0.0,0.0,0
2023-05-10 09:02:47,SR401P7600,SR401P7600,948.5,0.0,0.0,0.0,10,575.5,1323.5,10,948.5,0.0,0.0,0.0,0.0,0.0,0
2023-05-10 09:02:54,SR401P7600,SR401P7600,948.5,0.0,0.0,0.0,1,577.0,1322.0,1,948.5,0.0,0.0,0.0,0.0,0.0,0
2023-05-10 09:02:54,SR401P7600,SR401P7600,948.5,0.0,0.0,0.0,10,577.5,1321.5,10,948.5,0.0,0.0,0.0,0.0,0.0,0
2023-05-10 09:02:55,SR401P7600,SR401P7600,948.5,0.0,0.0,0.0,1,579.0,1320.0,1,948.5,0.0,0.0,0.0,0.0,0.0,0
2023-05-10 09:02:55,SR401P7600,SR401P7600,948.5,0.0,0.0,0.0,10,579.5,1319.5,10,948.5,0.0,0.0,0.0,0.0,0.0,0
2023-05-10 09:03:02,SR401P7600,SR401P7600,948.5,0.0,0.0,0.0,1,581.0,1318.0,1,948.5,0.0,0.0,0.0,0.0,0.0,0
2023-05-10 09:03:02,SR401P7600,SR401P7600,948.5,0.0,0.0,0.0,10,581.5,1317.5,10,948.5,0.0,0.0,0.0,0.0,0.0,0
2023-05-10 09:03:08,SR401P7600,SR401P7600,948.5,0.0,0.0,0.0,1,583.0,1316.0,1,948.5,0.0,0.0,0.0,0.0,0.0,0
2023-05-10 09:03:08,SR401P7600,SR401P7600,948.5,0.0,0.0,0.0,10,583.5,1315.5,10,948.5,0.0,0.0,0.0,0.0,0.0,0
2023-05-10 09:03:13,SR401P7600,SR401P7600,948.5,0.0,0.0,0.0,1,585.0,1314.0,1,948.5,0.0,0.0,0.0,0.0,0.0,0
2023-05-10 09:03:13,SR401P7600,SR401P7600,948.5,0.0,0.0,0.0,10,585.5,1313.5,10,948.5,0.0,0.0,0.0,0.0,0.0,0
2023-05-10 09:03:15,SR401P7600,SR401P7600,948.5,0.0,0.0,0.0,1,587.0,1313.5,10,948.5,0.0,0.0,0.0,0.0,0.0,0
2023-05-10 09:03:15,SR401P7600,SR401P7600,948.5,0.0,0.0,0.0,10,587.5,1312.0,1,948.5,0.0,0.0,0.0,0.0,0.0,0
2023-05-10 09:03:16,SR401P7600,SR401P7600,948.5,0.0,0.0,0.0,10,587.5,1311.5,10,948.5,0.0,0.0,0.0,0.0,0.0,0
2023-05-10 09:03:18,SR401P7600,SR401P7600,948.5,0.0,0.0,0.0,1,589.0,1310.0,1,948.5,0.0,0.0,0.0,0.0,0.0,0
2023-05-10 09:03:18,SR401P7600,SR401P7600,948.5,0.0,0.0,0.0,10,589.5,1309.5,10,948.5,0.0,0.0,0.0,0.0,0.0,0
2023-05-10 09:03:20,SR401P7600,SR401P7600,948.5,0.0,0.0,0.0,1,591.0,1308.0,1,948.5,0.0,0.0,0.0,0.0,0.0,0
2023-05-10 09:03:20,SR401P7600,SR401P7600,948.5,0.0,0.0,0.0,10,591.5,1307.5,10,948.5,0.0,0.0,0.0,0.0,0.0,0
2023-05-10 09:03:22,SR401P7600,SR401P7600,948.5,0.0,0.0,0.0,1,593.0,1306.0,1,948.5,0.0,0.0,0.0,0.0,0.0,0
2023-05-10 09:03:23,SR401P7600,SR401P7600,948.5,0.0,0.0,0.0,10,593.5,1305.5,10,948.5,0.0,0.0,0.0,0.0,0.0,0
2023-05-10 09:03:23,SR401P7600,SR401P7600,948.5,0.0,0.0,0.0,1,595.0,1305.5,10,948.5,0.0,0.0,0.0,0.0,0.0,0
2023-05-10 09:03:24,SR401P7600,SR401P7600,948.5,0.0,0.0,0.0,10,595.5,1304.0,1,948.5,0.0,0.0,0.0,0.0,0.0,0
2023-05-10 09:03:24,SR401P7600,SR401P7600,948.5,0.0,0.0,0.0,10,595.5,1303.5,10,948.5,0.0,0.0,0.0,0.0,0.0,0
2023-05-10 09:03:27,SR401P7600,SR401P7600,948.5,0.0,0.0,0.0,1,597.0,1302.0,1,948.5,0.0,0.0,0.0,0.0,0.0,0
2023-05-10 09:03:27,SR401P7600,SR401P7600,948.5,0.0,0.0,0.0,10,597.5,1301.5,10,948.5,0.0,0.0,0.0,0.0,0.0,0
2023-05-10 09:03:35,SR401P7600,SR401P7600,948.5,0.0,0.0,0.0,1,599.0,1300.0,1,948.5,0.0,0.0,0.0,0.0,0.0,0
2023-05-10 09:03:35,SR401P7600,SR401P7600,948.5,0.0,0.0,0.0,10,599.5,1299.5,10,948.5,0.0,0.0,0.0,0.0,0.0,0
2023-05-10 09:03:39,SR401P7600,SR401P7600,948.5,0.0,0.0,0.0,1,601.0,1299.5,10,948.5,0.0,0.0,0.0,0.0,0.0,0
2023-05-10 09:03:39,SR401P7600,SR401P7600,948.5,0.0,0.0,0.0,10,601.5,1299.5,10,948.5,0.0,0.0,0.0,0.0,0.0,0
2023-05-10 09:03:39,SR401P7600,SR401P7600,948.5,0.0,0.0,0.0,1,601.0,1299.5,10,948.5,0.0,0.0,0.0,0.0,0.0,0
2023-05-10 09:03:39,SR401P7600,SR401P7600,948.5,0.0,0.0,0.0,10,601.5,1299.5,10,948.5,0.0,0.0,0.0,0.0,0.0,0
2023-05-10 09:03:43,SR401P7600,SR401P7600,948.5,0.0,0.0,0.0,1,603.0,1298.0,1,948.5,0.0,0.0,0.0,0.0,0.0,0
2023-05-10 09:03:43,SR401P7600,SR401P7600,948.5,0.0,0.0,0.0,10,603.5,1297.5,10,948.5,0.0,0.0,0.0,0.0,0.0,0
2023-05-10 09:03:48,SR401P7600,SR401P7600,948.5,0.0,0.0,0.0,1,605.0,1296.0,1,948.5,0.0,0.0,0.0,0.0,0.0,0
2023-05-10 09:03:48,SR401P7600,SR401P7600,948.5,0.0,0.0,0.0,10,605.5,1295.5,10,948.5,0.0,0.0,0.0,0.0,0.0,0
2023-05-10 09:03:50,SR401P7600,SR401P7600,948.5,0.0,0.0,0.0,1,607.0,1295.5,10,948.5,0.0,0.0,0.0,0.0,0.0,0
2023-05-10 09:03:50,SR401P7600,SR401P7600,948.5,0.0,0.0,0.0,10,607.5,1295.5,10,948.5,0.0,0.0,0.0,0.0,0.0,0
2023-05-10 09:03:57,SR401P7600,SR401P7600,948.5,0.0,0.0,0.0,1,609.0,1294.0,1,948.5,0.0,0.0,0.0,0.0,0.0,0
2023-05-10 09:03:57,SR401P7600,SR401P7600,948.5,0.0,0.0,0.0,10,609.5,1293.5,10,948.5,0.0,0.0,0.0,0.0,0.0,0
2023-05-10 09:04:02,SR401P7600,SR401P7600,948.5,0.0,0.0,0.0,1,611.0,1293.5,10,948.5,0.0,0.0,0.0,0.0,0.0,0
2023-05-10 09:04:02,SR401P7600,SR401P7600,948.5,0.0,0.0,0.0,10,611.5,1293.5,10,948.5,0.0,0.0,0.0,0.0,0.0,0
2023-05-10 09:04:07,SR401P7600,SR401P7600,948.5,0.0,0.0,0.0,1,613.0,1292.0,1,948.5,0.0,0.0,0.0,0.0,0.0,0
2023-05-10 09:04:07,SR401P7600,SR401P7600,948.5,0.0,0.0,0.0,10,613.5,1291.5,10,948.5,0.0,0.0,0.0,0.0,0.0,0
2023-05-10 09:04:09,SR401P7600,SR401P7600,948.5,0.0,0.0,0.0,1,615.0,1290.0,1,948.5,0.0,0.0,0.0,0.0,0.0,0
2023-05-10 09:04:09,SR401P7600,SR401P7600,948.5,0.0,0.0,0.0,10,615.5,1289.5,10,948.5,0.0,0.0,0.0,0.0,0.0,0
2023-05-10 09:04:11,SR401P7600,SR401P7600,948.5,0.0,0.0,0.0,1,617.0,1288.0,1,948.5,0.0,0.0,0.0,0.0,0.0,0
2023-05-10 09:04:11,SR401P7600,SR401P7600,948.5,0.0,0.0,0.0,10,617.5,1287.5,10,948.5,0.0,0.0,0.0,0.0,0.0,0
2023-05-10 09:04:12,SR401P7600,SR401P7600,948.5,0.0,0.0,0.0,1,619.0,1286.0,1,948.5,0.0,0.0,0.0,0.0,0.0,0
2023-05-10 09:04:12,SR401P7600,SR401P7600,948.5,0.0,0.0,0.0,10,619.5,1285.5,10,948.5,0.0,0.0,0.0,0.0,0.0,0
2023-05-10 09:04:13,SR401P7600,SR401P7600,948.5,0.0,0.0,0.0,1,621.0,1284.0,1,948.5,0.0,0.0,0.0,0.0,0.0,0
2023-05-10 09:04:13,SR401P7600,SR401P7600,948.5,0.0,0.0,0.0,10,621.5,1283.5,10,948.5,0.0,0.0,0.0,0.0,0.0,0
2023-05-10 09:04:18,SR401P7600,SR401P7600,948.5,0.0,0.0,0.0,1,623.0,1282.0,1,948.5,0.0,0.0,0.0,0.0,0.0,0
2023-05-10 09:04:18,SR401P7600,SR401P7600,948.5,0.0,0.0,0.0,10,623.5,1281.5,10,948.5,0.0,0.0,0.0,0.0,0.0,0
2023-05-10 09:04:21,SR401P7600,SR401P7600,948.5,0.0,0.0,0.0,1,625.0,1280.0,1,948.5,0.0,0.0,0.0,0.0,0.0,0
2023-05-10 09:04:21,SR401P7600,SR401P7600,948.5,0.0,0.0,0.0,10,625.5,1279.5,10,948.5,0.0,0.0,0.0,0.0,0.0,0
2023-05-10 09:04:26,SR401P7600,SR401P7600,948.5,0.0,0.0,0.0,1,627.0,1278.0,1,948.5,0.0,0.0,0.0,0.0,0.0,0
2023-05-10 09:04:26,SR401P7600,SR401P7600,948.5,0.0,0.0,0.0,10,627.5,1277.5,10,948.5,0.0,0.0,0.0,0.0,0.0,0
2023-05-10 09:04:30,SR401P7600,SR401P7600,948.5,0.0,0.0,0.0,1,629.0,1276.0,1,948.5,0.0,0.0,0.0,0.0,0.0,0
2023-05-10 09:04:30,SR401P7600,SR401P7600,948.5,0.0,0.0,0.0,10,629.5,1275.5,10,948.5,0.0,0.0,0.0,0.0,0.0,0
2023-05-10 09:04:37,SR401P7600,SR401P7600,948.5,0.0,0.0,0.0,1,631.0,1274.0,1,948.5,0.0,0.0,0.0,0.0,0.0,0
2023-05-10 09:04:38,SR401P7600,SR401P7600,948.5,0.0,0.0,0.0,10,631.5,1273.5,10,948.5,0.0,0.0,0.0,0.0,0.0,0
2023-05-10 09:04:44,SR401P7600,SR401P7600,948.5,0.0,0.0,0.0,1,633.0,1272.0,1,948.5,0.0,0.0,0.0,0.0,0.0,0
2023-05-10 09:04:45,SR401P7600,SR401P7600,948.5,0.0,0.0,0.0,10,633.5,1271.5,10,948.5,0.0,0.0,0.0,0.0,0.0,0
2023-05-10 09:04:48,SR401P7600,SR401P7600,948.5,0.0,0.0,0.0,1,635.0,1270.0,1,948.5,0.0,0.0,0.0,0.0,0.0,0
2023-05-10 09:04:49,SR401P7600,SR401P7600,948.5,0.0,0.0,0.0,10,635.5,1269.5,10,948.5,0.0,0.0,0.0,0.0,0.0,0
2023-05-10 09:04:54,SR401P7600,SR401P7600,948.5,0.0,0.0,0.0,1,637.0,1268.0,1,948.5,0.0,0.0,0.0,0.0,0.0,0
2023-05-10 09:04:54,SR401P7600,SR401P7600,948.5,0.0,0.0,0.0,10,637.5,1267.5,10,948.5,0.0,0.0,0.0,0.0,0.0,0
2023-05-10 09:04:59,SR401P7600,SR401P7600,948.5,0.0,0.0,0.0,1,639.0,1266.0,1,948.5,0.0,0.0,0.0,0.0,0.0,0
2023-05-10 09:04:59,SR401P7600,SR401P7600,948.5,0.0,0.0,0.0,10,639.5,1265.5,10,948.5,0.0,0.0,0.0,0.0,0.0,0
2023-05-10 09:05:05,SR401P7600,SR401P7600,948.5,0.0,0.0,0.0,1,641.0,1264.0,1,948.5,0.0,0.0,0.0,0.0,0.0,0
2023-05-10 09:05:05,SR401P7600,SR401P7600,948.5,0.0,0.0,0.0,10,641.5,1263.5,10,948.5,0.0,0.0,0.0,0.0,0.0,0
2023-05-10 09:05:08,SR401P7600,SR401P7600,948.5,0.0,0.0,0.0,1,643.0,1262.0,1,948.5,0.0,0.0,0.0,0.0,0.0,0
2023-05-10 09:05:09,SR401P7600,SR401P7600,948.5,0.0,0.0,0.0,10,643.5,1261.5,10,948.5,0.0,0.0,0.0,0.0,0.0,0
2023-05-10 09:05:11,SR401P7600,SR401P7600,948.5,0.0,0.0,0.0,1,645.0,1260.0,1,948.5,0.0,0.0,0.0,0.0,0.0,0
2023-05-10 09:05:11,SR401P7600,SR401P7600,948.5,0.0,0.0,0.0,10,645.5,1259.5,10,948.5,0.0,0.0,0.0,0.0,0.0,0
2023-05-10 09:05:15,SR401P7600,SR401P7600,948.5,0.0,0.0,0.0,1,647.0,1258.0,1,948.5,0.0,0.0,0.0,0.0,0.0,0
2023-05-10 09:05:16,SR401P7600,SR401P7600,948.5,0.0,0.0,0.0,10,647.5,1257.5,10,948.5,0.0,0.0,0.0,0.0,0.0,0
2023-05-10 09:05:19,SR401P7600,SR401P7600,948.5,0.0,0.0,0.0,1,649.0,1256.0,1,948.5,0.0,0.0,0.0,0.0,0.0,0
2023-05-10 09:05:20,SR401P7600,SR401P7600,948.5,0.0,0.0,0.0,10,649.5,1255.5,10,948.5,0.0,0.0,0.0,0.0,0.0,0
2023-05-10 09:05:22,SR401P7600,SR401P7600,948.5,0.0,0.0,0.0,1,651.0,1254.0,1,948.5,0.0,0.0,0.0,0.0,0.0,0
2023-05-10 09:05:22,SR401P7600,SR401P7600,948.5,0.0,0.0,0.0,10,651.5,1253.5,10,948.5,0.0,0.0,0.0,0.0,0.0,0
2023-05-10 09:05:24,SR401P7600,SR401P7600,948.5,0.0,0.0,0.0,1,653.0,1253.5,10,948.5,0.0,0.0,0.0,0.0,0.0,0
2023-05-10 09:05:25,SR401P7600,SR401P7600,948.5,0.0,0.0,0.0,10,653.5,1253.5,10,948.5,0.0,0.0,0.0,0.0,0.0,0
2023-05-10 09:05:29,SR401P7600,SR401P7600,948.5,0.0,0.0,0.0,1,655.0,1252.0,1,948.5,0.0,0.0,0.0,0.0,0.0,0
2023-05-10 09:05:30,SR401P7600,SR401P7600,948.5,0.0,0.0,0.0,10,655.5,1251.5,10,948.5,0.0,0.0,0.0,0.0,0.0,0
2023-05-10 09:05:32,SR401P7600,SR401P7600,948.5,0.0,0.0,0.0,1,657.0,1251.5,10,948.5,0.0,0.0,0.0,0.0,0.0,0
2023-05-10 09:05:32,SR401P7600,SR401P7600,948.5,0.0,0.0,0.0,10,657.5,1251.5,10,948.5,0.0,0.0,0.0,0.0,0.0,0
2023-05-10 09:05:33,SR401P7600,SR401P7600,948.5,0.0,0.0,0.0,1,659.0,1250.0,1,948.5,0.0,0.0,0.0,0.0,0.0,0
2023-05-10 09:05:33,SR401P7600,SR401P7600,948.5,0.0,0.0,0.0,10,659.5,1249.5,10,948.5,0.0,0.0,0.0,0.0,0.0,0
2023-05-10 09:05:35,SR401P7600,SR401P7600,948.5,0.0,0.0,0.0,1,661.0,1248.0,1,948.5,0.0,0.0,0.0,0.0,0.0,0
2023-05-10 09:05:36,SR401P7600,SR401P7600,948.5,0.0,0.0,0.0,10,661.5,1247.5,10,948.5,0.0,0.0,0.0,0.0,0.0,0
2023-05-10 09:05:36,SR401P7600,SR401P7600,948.5,0.0,0.0,0.0,1,663.0,1246.0,1,948.5,0.0,0.0,0.0,0.0,0.0,0
2023-05-10 09:05:37,SR401P7600,SR401P7600,948.5,0.0,0.0,0.0,10,663.5,1245.5,10,948.5,0.0,0.0,0.0,0.0,0.0,0
2023-05-10 09:05:41,SR401P7600,SR401P7600,948.5,0.0,0.0,0.0,1,665.0,1244.0,1,948.5,0.0,0.0,0.0,0.0,0.0,0
2023-05-10 09:05:42,SR401P7600,SR401P7600,948.5,0.0,0.0,0.0,10,665.5,1243.5,10,948.5,0.0,0.0,0.0,0.0,0.0,0
2023-05-10 09:05:47,SR401P7600,SR401P7600,948.5,0.0,0.0,0.0,1,667.0,1242.0,1,948.5,0.0,0.0,0.0,0.0,0.0,0
2023-05-10 09:05:48,SR401P7600,SR401P7600,948.5,0.0,0.0,0.0,10,667.5,1241.5,10,948.5,0.0,0.0,0.0,0.0,0.0,0
2023-05-10 09:05:54,SR401P7600,SR401P7600,948.5,0.0,0.0,0.0,1,669.0,1240.0,1,948.5,0.0,0.0,0.0,0.0,0.0,0
2023-05-10 09:05:55,SR401P7600,SR401P7600,948.5,0.0,0.0,0.0,10,669.5,1239.5,10,948.5,0.0,0.0,0.0,0.0,0.0,0
2023-05-10 09:05:57,SR401P7600,SR401P7600,948.5,0.0,0.0,0.0,1,671.0,1239.5,10,948.5,0.0,0.0,0.0,0.0,0.0,0
2023-05-10 09:05:58,SR401P7600,SR401P7600,948.5,0.0,0.0,0.0,10,671.5,1239.5,10,948.5,0.0,0.0,0.0,0.0,0.0,0
2023-05-10 09:06:01,SR401P7600,SR401P7600,948.5,0.0,0.0,0.0,1,673.0,1238.0,1,948.5,0.0,0.0,0.0,0.0,0.0,0
2023-05-10 09:06:01,SR401P7600,SR401P7600,948.5,0.0,0.0,0.0,10,673.5,1237.5,10,948.5,0.0,0.0,0.0,0.0,0.0,0
2023-05-10 09:06:02,SR401P7600,SR401P7600,948.5,0.0,0.0,0.0,1,675.0,1236.0,1,948.5,0.0,0.0,0.0,0.0,0.0,0
2023-05-10 09:06:02,SR401P7600,SR401P7600,948.5,0.0,0.0,0.0,10,675.5,1235.5,10,948.5,0.0,0.0,0.0,0.0,0.0,0
2023-05-10 09:06:05,SR401P7600,SR401P7600,948.5,0.0,0.0,0.0,1,677.0,1234.0,1,948.5,0.0,0.0,0.0,0.0,0.0,0
2023-05-10 09:06:05,SR401P7600,SR401P7600,948.5,0.0,0.0,0.0,10,677.5,1233.5,10,948.5,0.0,0.0,0.0,0.0,0.0,0
2023-05-10 09:06:09,SR401P7600,SR401P7600,948.5,0.0,0.0,0.0,1,679.0,1232.0,1,948.5,0.0,0.0,0.0,0.0,0.0,0
2023-05-10 09:06:09,SR401P7600,SR401P7600,948.5,0.0,0.0,0.0,10,679.5,1231.5,10,948.5,0.0,0.0,0.0,0.0,0.0,0
2023-05-10 09:06:12,SR401P7600,SR401P7600,948.5,0.0,0.0,0.0,1,681.0,1231.5,10,948.5,0.0,0.0,0.0,0.0,0.0,0
2023-05-10 09:06:13,SR401P7600,SR401P7600,948.5,0.0,0.0,0.0,10,681.5,1230.0,1,948.5,0.0,0.0,0.0,0.0,0.0,0
2023-05-10 09:06:13,SR401P7600,SR401P7600,948.5,0.0,0.0,0.0,10,681.5,1229.5,10,948.5,0.0,0.0,0.0,0.0,0.0,0
2023-05-10 09:06:13,SR401P7600,SR401P7600,948.5,0.0,0.0,0.0,10,681.5,1230.0,1,948.5,0.0,0.0,0.0,0.0,0.0,0
2023-05-10 09:06:13,SR401P7600,SR401P7600,948.5,0.0,0.0,0.0,10,681.5,1229.5,10,948.5,0.0,0.0,0.0,0.0,0.0,0
2023-05-10 09:06:15,SR401P7600,SR401P7600,948.5,0.0,0.0,0.0,1,683.0,1229.5,10,948.5,0.0,0.0,0.0,0.0,0.0,0
2023-05-10 09:06:15,SR401P7600,SR401P7600,948.5,0.0,0.0,0.0,10,683.5,1229.5,10,948.5,0.0,0.0,0.0,0.0,0.0,0
2023-05-10 09:06:17,SR401P7600,SR401P7600,948.5,0.0,0.0,0.0,1,685.0,1228.0,1,948.5,0.0,0.0,0.0,0.0,0.0,0
2023-05-10 09:06:18,SR401P7600,SR401P7600,948.5,0.0,0.0,0.0,10,685.5,1227.5,10,948.5,0.0,0.0,0.0,0.0,0.0,0
2023-05-10 09:06:21,SR401P7600,SR401P7600,948.5,0.0,0.0,0.0,1,687.0,1226.0,1,948.5,0.0,0.0,0.0,0.0,0.0,0
2023-05-10 09:06:21,SR401P7600,SR401P7600,948.5,0.0,0.0,0.0,10,687.5,1225.5,10,948.5,0.0,0.0,0.0,0.0,0.0,0
2023-05-10 09:06:23,SR401P7600,SR401P7600,948.5,0.0,0.0,0.0,1,689.0,1224.0,1,948.5,0.0,0.0,0.0,0.0,0.0,0
2023-05-10 09:06:24,SR401P7600,SR401P7600,948.5,0.0,0.0,0.0,10,689.5,1223.5,10,948.5,0.0,0.0,0.0,0.0,0.0,0
2023-05-10 09:06:25,SR401P7600,SR401P7600,948.5,0.0,0.0,0.0,1,691.0,1222.0,1,948.5,0.0,0.0,0.0,0.0,0.0,0
2023-05-10 09:06:26,SR401P7600,SR401P7600,948.5,0.0,0.0,0.0,10,691.5,1221.5,10,948.5,0.0,0.0,0.0,0.0,0.0,0
2023-05-10 09:06:26,SR401P7600,SR401P7600,948.5,0.0,0.0,0.0,1,693.0,1220.0,1,948.5,0.0,0.0,0.0,0.0,0.0,0
2023-05-10 09:06:27,SR401P7600,SR401P7600,948.5,0.0,0.0,0.0,10,693.5,1219.5,10,948.5,0.0,0.0,0.0,0.0,0.0,0
2023-05-10 09:06:27,SR401P7600,SR401P7600,948.5,0.0,0.0,0.0,1,695.0,1218.0,1,948.5,0.0,0.0,0.0,0.0,0.0,0
2023-05-10 09:06:28,SR401P7600,SR401P7600,948.5,0.0,0.0,0.0,10,695.5,1217.5,10,948.5,0.0,0.0,0.0,0.0,0.0,0
2023-05-10 09:06:28,SR401P7600,SR401P7600,948.5,0.0,0.0,0.0,1,697.0,1216.0,1,948.5,0.0,0.0,0.0,0.0,0.0,0
2023-05-10 09:06:29,SR401P7600,SR401P7600,948.5,0.0,0.0,0.0,10,697.5,1215.5,10,948.5,0.0,0.0,0.0,0.0,0.0,0
2023-05-10 09:06:29,SR401P7600,SR401P7600,948.5,0.0,0.0,0.0,1,699.0,1214.0,1,948.5,0.0,0.0,0.0,0.0,0.0,0
2023-05-10 09:06:30,SR401P7600,SR401P7600,948.5,0.0,0.0,0.0,10,699.5,1213.5,10,948.5,0.0,0.0,0.0,0.0,0.0,0
2023-05-10 09:06:30,SR401P7600,SR401P7600,948.5,0.0,0.0,0.0,1,701.0,1213.5,10,948.5,0.0,0.0,0.0,0.0,0.0,0
2023-05-10 09:06:31,SR401P7600,SR401P7600,948.5,0.0,0.0,0.0,10,701.5,1213.5,10,948.5,0.0,0.0,0.0,0.0,0.0,0
2023-05-10 09:06:31,SR401P7600,SR401P7600,948.5,0.0,0.0,0.0,1,703.0,1212.0,1,948.5,0.0,0.0,0.0,0.0,0.0,0
2023-05-10 09:06:32,SR401P7600,SR401P7600,948.5,0.0,0.0,0.0,10,703.5,1211.5,10,948.5,0.0,0.0,0.0,0.0,0.0,0
2023-05-10 09:06:32,SR401P7600,SR401P7600,948.5,0.0,0.0,0.0,1,705.0,1210.0,1,948.5,0.0,0.0,0.0,0.0,0.0,0
2023-05-10 09:06:33,SR401P7600,SR401P7600,948.5,0.0,0.0,0.0,10,705.5,1209.5,10,948.5,0.0,0.0,0.0,0.0,0.0,0
2023-05-10 09:06:35,SR401P7600,SR401P7600,948.5,0.0,0.0,0.0,1,707.0,1208.0,1,948.5,0.0,0.0,0.0,0.0,0.0,0
2023-05-10 09:06:35,SR401P7600,SR401P7600,948.5,0.0,0.0,0.0,10,707.5,1207.5,10,948.5,0.0,0.0,0.0,0.0,0.0,0
2023-05-10 09:06:35,SR401P7600,SR401P7600,948.5,0.0,0.0,0.0,1,709.0,1206.0,1,948.5,0.0,0.0,0.0,0.0,0.0,0
2023-05-10 09:06:36,SR401P7600,SR401P7600,948.5,0.0,0.0,0.0,10,709.5,1205.5,10,948.5,0.0,0.0,0.0,0.0,0.0,0
2023-05-10 09:06:37,SR401P7600,SR401P7600,948.5,0.0,0.0,0.0,1,711.0,1204.0,1,948.5,0.0,0.0,0.0,0.0,0.0,0
2023-05-10 09:06:38,SR401P7600,SR401P7600,948.5,0.0,0.0,0.0,10,711.5,1203.5,10,948.5,0.0,0.0,0.0,0.0,0.0,0
2023-05-10 09:06:38,SR401P7600,SR401P7600,948.5,0.0,0.0,0.0,1,713.0,1203.5,10,948.5,0.0,0.0,0.0,0.0,0.0,0
2023-05-10 09:06:39,SR401P7600,SR401P7600,948.5,0.0,0.0,0.0,10,713.5,1202.0,1,948.5,0.0,0.0,0.0,0.0,0.0,0
2023-05-10 09:06:39,SR401P7600,SR401P7600,948.5,0.0,0.0,0.0,1,715.0,1201.5,10,948.5,0.0,0.0,0.0,0.0,0.0,0
2023-05-10 09:06:40,SR401P7600,SR401P7600,948.5,0.0,0.0,0.0,10,715.5,1200.0,1,948.5,0.0,0.0,0.0,0.0,0.0,0
2023-05-10 09:06:40,SR401P7600,SR401P7600,948.5,0.0,0.0,0.0,1,717.0,1199.5,10,948.5,0.0,0.0,0.0,0.0,0.0,0
2023-05-10 09:06:41,SR401P7600,SR401P7600,948.5,0.0,0.0,0.0,10,717.5,1198.0,1,948.5,0.0,0.0,0.0,0.0,0.0,0
2023-05-10 09:06:41,SR401P7600,SR401P7600,948.5,0.0,0.0,0.0,10,717.5,1197.5,10,948.5,0.0,0.0,0.0,0.0,0.0,0
2023-05-10 09:06:42,SR401P7600,SR401P7600,948.5,0.0,0.0,0.0,1,719.0,1196.0,1,948.5,0.0,0.0,0.0,0.0,0.0,0
2023-05-10 09:06:42,SR401P7600,SR401P7600,948.5,0.0,0.0,0.0,10,719.5,1195.5,10,948.5,0.0,0.0,0.0,0.0,0.0,0
2023-05-10 09:06:43,SR401P7600,SR401P7600,948.5,0.0,0.0,0.0,1,721.0,1194.0,1,948.5,0.0,0.0,0.0,0.0,0.0,0
2023-05-10 09:06:43,SR401P7600,SR401P7600,948.5,0.0,0.0,0.0,10,721.5,1193.5,10,948.5,0.0,0.0,0.0,0.0,0.0,0
2023-05-10 09:06:44,SR401P7600,SR401P7600,948.5,0.0,0.0,0.0,1,723.0,1192.0,1,948.5,0.0,0.0,0.0,0.0,0.0,0
2023-05-10 09:06:44,SR401P7600,SR401P7600,948.5,0.0,0.0,0.0,10,723.5,1191.5,10,948.5,0.0,0.0,0.0,0.0,0.0,0
2023-05-10 09:22:05,SR401P7600,SR401P7600,948.5,0.0,0.0,0.0,1,725.0,1190.0,1,948.5,0.0,0.0,0.0,0.0,0.0,0
2023-05-10 09:22:06,SR401P7600,SR401P7600,948.5,0.0,0.0,0.0,10,725.5,1189.5,10,948.5,0.0,0.0,0.0,0.0,0.0,0
2023-05-10 09:22:06,SR401P7600,SR401P7600,948.5,0.0,0.0,0.0,1,727.0,1188.0,1,948.5,0.0,0.0,0.0,0.0,0.0,0
2023-05-10 09:22:07,SR401P7600,SR401P7600,948.5,0.0,0.0,0.0,10,727.5,1187.5,10,948.5,0.0,0.0,0.0,0.0,0.0,0
2023-05-10 09:22:07,SR401P7600,SR401P7600,948.5,0.0,0.0,0.0,1,729.0,1186.0,1,948.5,0.0,0.0,0.0,0.0,0.0,0
2023-05-10 09:22:08,SR401P7600,SR401P7600,948.5,0.0,0.0,0.0,10,729.5,1185.5,10,948.5,0.0,0.0,0.0,0.0,0.0,0
2023-05-10 09:22:08,SR401P7600,SR401P7600,948.5,0.0,0.0,0.0,1,731.0,1184.0,1,948.5,0.0,0.0,0.0,0.0,0.0,0
2023-05-10 09:22:09,SR401P7600,SR401P7600,948.5,0.0,0.0,0.0,10,731.5,1183.5,10,948.5,0.0,0.0,0.0,0.0,0.0,0
2023-05-10 09:22:09,SR401P7600,SR401P7600,948.5,0.0,0.0,0.0,1,733.0,1182.0,1,948.5,0.0,0.0,0.0,0.0,0.0,0
2023-05-10 09:22:10,SR401P7600,SR401P7600,948.5,0.0,0.0,0.0,10,733.5,1181.5,10,948.5,0.0,0.0,0.0,0.0,0.0,0
2023-05-10 09:40:54,SR401P7600,SR401P7600,948.5,0.0,0.0,0.0,10,733.5,1180.0,1,948.5,0.0,0.0,0.0,0.0,0.0,0
2023-05-10 09:40:54,SR401P7600,SR401P7600,948.5,0.0,0.0,0.0,1,735.0,1178.0,10,948.5,0.0,0.0,0.0,0.0,0.0,0
2023-05-10 09:40:54,SR401P7600,SR401P7600,948.5,0.0,0.0,0.0,10,735.5,1176.5,1,948.5,0.0,0.0,0.0,0.0,0.0,0
2023-05-10 09:40:55,SR401P7600,SR401P7600,948.5,0.0,0.0,0.0,1,737.0,1176.0,10,948.5,0.0,0.0,0.0,0.0,0.0,0
2023-05-10 09:40:55,SR401P7600,SR401P7600,948.5,0.0,0.0,0.0,10,737.5,1174.5,1,948.5,0.0,0.0,0.0,0.0,0.0,0
2023-05-10 09:40:56,SR401P7600,SR401P7600,948.5,0.0,0.0,0.0,1,739.0,1174.0,10,948.5,0.0,0.0,0.0,0.0,0.0,0
2023-05-10 09:40:56,SR401P7600,SR401P7600,948.5,0.0,0.0,0.0,10,739.5,1172.5,1,948.5,0.0,0.0,0.0,0.0,0.0,0
2023-05-10 09:40:57,SR401P7600,SR401P7600,948.5,0.0,0.0,0.0,1,741.0,1172.0,10,948.5,0.0,0.0,0.0,0.0,0.0,0
2023-05-10 09:40:57,SR401P7600,SR401P7600,948.5,0.0,0.0,0.0,10,741.5,1170.5,1,948.5,0.0,0.0,0.0,0.0,0.0,0
2023-05-10 09:40:58,SR401P7600,SR401P7600,948.5,0.0,0.0,0.0,1,743.0,1170.0,10,948.5,0.0,0.0,0.0,0.0,0.0,0
2023-05-10 09:40:58,SR401P7600,SR401P7600,948.5,0.0,0.0,0.0,10,743.5,1170.0,10,948.5,0.0,0.0,0.0,0.0,0.0,0
2023-05-10 09:41:31,SR401P7600,SR401P7600,948.5,0.0,0.0,0.0,10,743.5,1160.0,1,948.5,0.0,0.0,0.0,0.0,0.0,0
2023-05-10 09:41:32,SR401P7600,SR401P7600,948.5,0.0,0.0,0.0,10,743.5,1159.5,10,948.5,0.0,0.0,0.0,0.0,0.0,0
2023-05-10 09:42:16,SR401P7600,SR401P7600,948.5,0.0,0.0,0.0,10,743.5,1150.0,1,948.5,0.0,0.0,0.0,0.0,0.0,0
2023-05-10 09:42:16,SR401P7600,SR401P7600,948.5,0.0,0.0,0.0,10,743.5,1149.5,10,948.5,0.0,0.0,0.0,0.0,0.0,0
2023-05-10 09:42:24,SR401P7600,SR401P7600,948.5,0.0,0.0,0.0,10,743.5,1140.0,1,948.5,0.0,0.0,0.0,0.0,0.0,0
2023-05-10 09:42:25,SR401P7600,SR401P7600,948.5,0.0,0.0,0.0,10,743.5,1139.5,10,948.5,0.0,0.0,0.0,0.0,0.0,0
2023-05-10 09:42:30,SR401P7600,SR401P7600,948.5,0.0,0.0,0.0,10,743.5,1000.0,1,948.5,0.0,0.0,0.0,0.0,0.0,0
2023-05-10 09:52:05,SR401P7600,SR401P7600,948.5,0.0,0.0,0.0,1,745.0,1000.0,1,948.5,0.0,0.0,0.0,0.0,0.0,0
2023-05-10 09:52:06,SR401P7600,SR401P7600,948.5,0.0,0.0,0.0,10,745.5,1000.0,1,948.5,0.0,0.0,0.0,0.0,0.0,0
2023-05-10 09:52:06,SR401P7600,SR401P7600,948.5,0.0,0.0,0.0,1,747.0,1000.0,1,948.5,0.0,0.0,0.0,0.0,0.0,0
2023-05-10 09:52:06,SR401P7600,SR401P7600,948.5,0.0,0.0,0.0,10,747.5,1000.0,1,948.5,0.0,0.0,0.0,0.0,0.0,0
2023-05-10 09:52:07,SR401P7600,SR401P7600,948.5,0.0,0.0,0.0,1,749.0,1000.0,1,948.5,0.0,0.0,0.0,0.0,0.0,0
2023-05-10 09:52:07,SR401P7600,SR401P7600,948.5,0.0,0.0,0.0,10,749.5,1000.0,1,948.5,0.0,0.0,0.0,0.0,0.0,0
2023-05-10 09:52:08,SR401P7600,SR401P7600,948.5,0.0,0.0,0.0,1,751.0,1000.0,1,948.5,0.0,0.0,0.0,0.0,0.0,0
2023-05-10 09:52:08,SR401P7600,SR401P7600,948.5,0.0,0.0,0.0,10,751.5,1000.0,1,948.5,0.0,0.0,0.0,0.0,0.0,0
2023-05-10 09:52:09,SR401P7600,SR401P7600,948.5,0.0,0.0,0.0,1,753.0,1000.0,1,948.5,0.0,0.0,0.0,0.0,0.0,0
2023-05-10 09:52:09,SR401P7600,SR401P7600,948.5,0.0,0.0,0.0,10,753.5,1000.0,1,948.5,0.0,0.0,0.0,0.0,0.0,0
2023-05-10 09:52:10,SR401P7600,SR401P7600,948.5,0.0,0.0,0.0,1,755.0,1000.0,1,948.5,0.0,0.0,0.0,0.0,0.0,0
2023-05-10 09:52:10,SR401P7600,SR401P7600,948.5,0.0,0.0,0.0,10,755.5,1000.0,1,948.5,0.0,0.0,0.0,0.0,0.0,0
2023-05-10 09:52:11,SR401P7600,SR401P7600,948.5,0.0,0.0,0.0,1,757.0,1000.0,1,948.5,0.0,0.0,0.0,0.0,0.0,0
2023-05-10 09:52:11,SR401P7600,SR401P7600,948.5,0.0,0.0,0.0,10,757.5,1000.0,1,948.5,0.0,0.0,0.0,0.0,0.0,0
2023-05-10 09:52:12,SR401P7600,SR401P7600,948.5,0.0,0.0,0.0,1,759.0,1000.0,1,948.5,0.0,0.0,0.0,0.0,0.0,0
2023-05-10 09:52:12,SR401P7600,SR401P7600,948.5,0.0,0.0,0.0,10,759.5,1000.0,1,948.5,0.0,0.0,0.0,0.0,0.0,0
2023-05-10 09:52:13,SR401P7600,SR401P7600,948.5,0.0,0.0,0.0,1,761.0,1000.0,1,948.5,0.0,0.0,0.0,0.0,0.0,0
2023-05-10 09:52:13,SR401P7600,SR401P7600,948.5,0.0,0.0,0.0,10,761.5,1000.0,1,948.5,0.0,0.0,0.0,0.0,0.0,0
2023-05-10 09:52:13,SR401P7600,SR401P7600,948.5,0.0,0.0,0.0,1,761.0,1000.0,1,948.5,0.0,0.0,0.0,0.0,0.0,0
2023-05-10 09:52:13,SR401P7600,SR401P7600,948.5,0.0,0.0,0.0,10,761.5,1000.0,1,948.5,0.0,0.0,0.0,0.0,0.0,0
2023-05-10 09:52:13,SR401P7600,SR401P7600,948.5,0.0,0.0,0.0,1,761.0,1000.0,1,948.5,0.0,0.0,0.0,0.0,0.0,0
2023-05-10 09:52:13,SR401P7600,SR401P7600,948.5,0.0,0.0,0.0,10,761.5,1000.0,1,948.5,0.0,0.0,0.0,0.0,0.0,0
2023-05-10 10:12:05,SR401P7600,SR401P7600,948.5,0.0,0.0,0.0,1,763.0,1000.0,1,948.5,0.0,0.0,0.0,0.0,0.0,0
2023-05-10 10:12:06,SR401P7600,SR401P7600,948.5,0.0,0.0,0.0,10,763.5,1000.0,1,948.5,0.0,0.0,0.0,0.0,0.0,0
2023-05-10 10:12:06,SR401P7600,SR401P7600,948.5,0.0,0.0,0.0,1,765.0,1000.0,1,948.5,0.0,0.0,0.0,0.0,0.0,0
2023-05-10 10:12:07,SR401P7600,SR401P7600,948.5,0.0,0.0,0.0,10,765.5,1000.0,1,948.5,0.0,0.0,0.0,0.0,0.0,0
2023-05-10 10:12:07,SR401P7600,SR401P7600,948.5,0.0,0.0,0.0,1,767.0,1000.0,1,948.5,0.0,0.0,0.0,0.0,0.0,0
2023-05-10 10:12:08,SR401P7600,SR401P7600,948.5,0.0,0.0,0.0,10,767.5,1000.0,1,948.5,0.0,0.0,0.0,0.0,0.0,0
2023-05-10 10:12:08,SR401P7600,SR401P7600,948.5,0.0,0.0,0.0,1,769.0,1000.0,1,948.5,0.0,0.0,0.0,0.0,0.0,0
2023-05-10 10:12:09,SR401P7600,SR401P7600,948.5,0.0,0.0,0.0,10,769.5,1000.0,1,948.5,0.0,0.0,0.0,0.0,0.0,0
2023-05-10 10:12:09,SR401P7600,SR401P7600,948.5,0.0,0.0,0.0,1,771.0,1000.0,1,948.5,0.0,0.0,0.0,0.0,0.0,0
2023-05-10 10:12:10,SR401P7600,SR401P7600,948.5,0.0,0.0,0.0,10,771.5,1000.0,1,948.5,0.0,0.0,0.0,0.0,0.0,0
2023-05-10 10:12:10,SR401P7600,SR401P7600,948.5,0.0,0.0,0.0,1,773.0,1000.0,1,948.5,0.0,0.0,0.0,0.0,0.0,0
2023-05-10 10:12:11,SR401P7600,SR401P7600,948.5,0.0,0.0,0.0,10,773.5,1000.0,1,948.5,0.0,0.0,0.0,0.0,0.0,0
2023-05-10 10:12:11,SR401P7600,SR401P7600,948.5,0.0,0.0,0.0,1,775.0,1000.0,1,948.5,0.0,0.0,0.0,0.0,0.0,0
2023-05-10 10:12:12,SR401P7600,SR401P7600,948.5,0.0,0.0,0.0,10,775.5,1000.0,1,948.5,0.0,0.0,0.0,0.0,0.0,0
2023-05-10 10:12:12,SR401P7600,SR401P7600,948.5,0.0,0.0,0.0,1,777.0,1000.0,1,948.5,0.0,0.0,0.0,0.0,0.0,0
2023-05-10 10:12:13,SR401P7600,SR401P7600,948.5,0.0,0.0,0.0,10,777.5,1000.0,1,948.5,0.0,0.0,0.0,0.0,0.0,0
2023-05-10 10:12:13,SR401P7600,SR401P7600,948.5,0.0,0.0,0.0,1,779.0,1000.0,1,948.5,0.0,0.0,0.0,0.0,0.0,0
2023-05-10 10:12:14,SR401P7600,SR401P7600,948.5,0.0,0.0,0.0,10,779.5,1000.0,1,948.5,0.0,0.0,0.0,0.0,0.0,0
2023-05-10 10:12:14,SR401P7600,SR401P7600,948.5,0.0,0.0,0.0,1,781.0,1000.0,1,948.5,0.0,0.0,0.0,0.0,0.0,0
2023-05-10 10:12:15,SR401P7600,SR401P7600,948.5,0.0,0.0,0.0,10,781.5,1000.0,1,948.5,0.0,0.0,0.0,0.0,0.0,0
2023-05-10 10:14:33,SR401P7600,SR401P7600,948.5,0.0,0.0,0.0,0,0.0,1000.0,1,948.5,0.0,0.0,0.0,0.0,0.0,0
2023-05-10 11:10:40,SR401P7600,SR401P7600,948.5,0.0,0.0,0.0,0,0.0,999.5,10,948.5,0.0,0.0,0.0,0.0,0.0,0
2023-05-10 11:10:49,SR401P7600,SR401P7600,948.5,0.0,0.0,0.0,0,0.0,1000.0,11,948.5,0.0,0.0,0.0,0.0,0.0,0
2023-05-10 11:11:25,SR401P7600,SR401P7600,948.5,0.0,0.0,0.0,0,0.0,1000.0,1,948.5,0.0,0.0,0.0,0.0,0.0,0
2023-05-10 11:11:34,SR401P7600,SR401P7600,948.5,0.0,0.0,0.0,0,0.0,999.5,10,948.5,0.0,0.0,0.0,0.0,0.0,0
2023-05-10 11:11:44,SR401P7600,SR401P7600,948.5,0.0,0.0,0.0,0,0.0,1000.0,1,948.5,0.0,0.0,0.0,0.0,0.0,0
2023-05-10 11:11:44,SR401P7600,SR401P7600,948.5,0.0,0.0,0.0,0,0.0,1000.0,11,948.5,0.0,0.0,0.0,0.0,0.0,0
2023-05-10 11:11:48,SR401P7600,SR401P7600,948.5,0.0,0.0,0.0,0,0.0,1000.0,1,948.5,0.0,0.0,0.0,0.0,0.0,0
2023-05-10 11:14:14,SR401P7600,SR401P7600,948.5,0.0,0.0,0.0,0,0.0,999.5,10,948.5,0.0,0.0,0.0,0.0,0.0,0
2023-05-10 11:14:17,SR401P7600,SR401P7600,948.5,0.0,0.0,0.0,0,0.0,1000.0,11,948.5,0.0,0.0,0.0,0.0,0.0,0
2023-05-10 11:14:51,SR401P7600,SR401P7600,948.5,0.0,0.0,0.0,0,0.0,1000.0,1,948.5,0.0,0.0,0.0,0.0,0.0,0
2023-05-10 11:22:45,SR401P7600,SR401P7600,948.5,0.0,0.0,0.0,0,0.0,999.5,10,948.5,0.0,0.0,0.0,0.0,0.0,0
2023-05-10 11:23:14,SR401P7600,SR401P7600,948.5,0.0,0.0,0.0,0,0.0,1000.0,11,948.5,0.0,0.0,0.0,0.0,0.0,0
2023-05-10 11:23:30,SR401P7600,SR401P7600,948.5,0.0,0.0,0.0,0,0.0,1000.0,1,948.5,0.0,0.0,0.0,0.0,0.0,0
2023-05-10 11:24:25,SR401P7600,SR401P7600,948.5,0.0,0.0,0.0,0,0.0,999.5,10,948.5,0.0,0.0,0.0,0.0,0.0,0
2023-05-10 11:24:35,SR401P7600,SR401P7600,948.5,0.0,0.0,0.0,0,0.0,1000.0,1,948.5,0.0,0.0,0.0,0.0,0.0,0
2023-05-10 11:24:35,SR401P7600,SR401P7600,948.5,0.0,0.0,0.0,0,0.0,1000.0,11,948.5,0.0,0.0,0.0,0.0,0.0,0
2023-05-10 11:24:46,SR401P7600,SR401P7600,948.5,0.0,0.0,0.0,0,0.0,1000.0,1,948.5,0.0,0.0,0.0,0.0,0.0,0
2023-05-10 11:24:55,SR401P7600,SR401P7600,948.5,0.0,0.0,0.0,0,0.0,1000.0,11,948.5,0.0,0.0,0.0,0.0,0.0,0
2023-05-10 11:24:55,SR401P7600,SR401P7600,948.5,0.0,0.0,0.0,0,0.0,1000.0,1,948.5,0.0,0.0,0.0,0.0,0.0,0
2023-05-10 11:26:52,SR401P7600,SR401P7600,948.5,0.0,0.0,0.0,0,0.0,999.5,10,948.5,0.0,0.0,0.0,0.0,0.0,0
2023-05-10 11:29:33,SR401P7600,SR401P7600,948.5,0.0,0.0,0.0,0,0.0,1000.0,1,948.5,0.0,0.0,0.0,0.0,0.0,0
2023-05-10 13:30:01,SR401P7600,SR401P7600,948.5,0.0,0.0,0.0,0,0.0,999.5,10,948.5,0.0,0.0,0.0,0.0,0.0,0
2023-05-10 13:35:50,SR401P7600,SR401P7600,948.5,0.0,0.0,0.0,0,0.0,1000.0,1,948.5,0.0,0.0,0.0,0.0,0.0,0
2023-05-10 13:46:41,SR401P7600,SR401P7600,948.5,0.0,0.0,0.0,3,932.5,960.0,3,948.5,0.0,0.0,0.0,0.0,0.0,0
2023-05-10 13:46:43,SR401P7600,SR401P7600,948.5,0.0,0.0,0.0,6,932.5,960.0,6,948.5,0.0,0.0,0.0,0.0,0.0,0
2023-05-10 13:46:45,SR401P7600,SR401P7600,948.5,0.0,0.0,0.0,3,942.5,960.0,6,948.5,0.0,0.0,0.0,0.0,0.0,0
2023-05-10 13:46:45,SR401P7600,SR401P7600,948.5,0.0,0.0,0.0,3,942.5,960.0,3,948.5,0.0,0.0,0.0,0.0,0.0,0
2023-05-10 13:46:46,SR401P7600,SR401P7600,948.5,0.0,0.0,0.0,6,942.5,960.0,6,948.5,0.0,0.0,0.0,0.0,0.0,0
2023-05-10 13:46:52,SR401P7600,SR401P7600,948.5,0.0,0.0,0.0,9,942.5,960.0,9,948.5,0.0,0.0,0.0,0.0,0.0,0
2023-05-10 13:46:54,SR401P7600,SR401P7600,948.5,0.0,0.0,0.0,9,942.5,960.0,6,948.5,0.0,0.0,0.0,0.0,0.0,0
2023-05-10 13:46:55,SR401P7600,SR401P7600,948.5,0.0,0.0,0.0,12,942.5,960.0,9,948.5,0.0,0.0,0.0,0.0,0.0,0
2023-05-10 13:46:56,SR401P7600,SR401P7600,948.5,0.0,0.0,0.0,9,942.5,960.0,9,948.5,0.0,0.0,0.0,0.0,0.0,0
2023-05-10 13:46:58,SR401P7600,SR401P7600,948.5,0.0,0.0,0.0,6,942.5,960.0,6,948.5,0.0,0.0,0.0,0.0,0.0,0
2023-05-10 13:47:05,SR401P7600,SR401P7600,948.5,0.0,0.0,0.0,6,939.5,963.0,3,948.5,0.0,0.0,0.0,0.0,0.0,0
2023-05-10 13:47:06,SR401P7600,SR401P7600,948.5,0.0,0.0,0.0,3,939.5,963.0,3,948.5,0.0,0.0,0.0,0.0,0.0,0
2023-05-10 13:47:08,SR401P7600,SR401P7600,948.5,0.0,0.0,0.0,0,0.0,1000.0,1,948.5,0.0,0.0,0.0,0.0,0.0,0
2023-05-10 13:56:00,SR401P7600,SR401P7600,948.5,0.0,0.0,0.0,3,947.5,982.0,3,948.5,0.0,0.0,0.0,0.0,0.0,0
2023-05-10 13:56:00,SR401P7600,SR401P7600,948.5,0.0,0.0,0.0,6,947.5,982.0,6,948.5,0.0,0.0,0.0,0.0,0.0,0
2023-05-10 13:56:02,SR401P7600,SR401P7600,948.5,0.0,0.0,0.0,6,947.5,965.0,3,948.5,0.0,0.0,0.0,0.0,0.0,0
2023-05-10 13:56:02,SR401P7600,SR401P7600,948.5,0.0,0.0,0.0,3,947.5,965.0,3,948.5,0.0,0.0,0.0,0.0,0.0,0
2023-05-10 13:56:05,SR401P7600,SR401P7600,948.5,0.0,0.0,0.0,6,947.5,965.0,6,948.5,0.0,0.0,0.0,0.0,0.0,0
2023-05-10 13:56:06,SR401P7600,SR401P7600,948.5,0.0,0.0,0.0,9,947.5,965.0,9,948.5,0.0,0.0,0.0,0.0,0.0,0
2023-05-10 13:56:10,SR401P7600,SR401P7600,948.5,0.0,0.0,0.0,12,947.5,965.0,12,948.5,0.0,0.0,0.0,0.0,0.0,0
2023-05-10 13:56:11,SR401P7600,SR401P7600,948.5,0.0,0.0,0.0,9,947.5,965.0,12,948.5,0.0,0.0,0.0,0.0,0.0,0
2023-05-10 13:56:15,SR401P7600,SR401P7600,948.5,0.0,0.0,0.0,9,947.5,965.0,9,948.5,0.0,0.0,0.0,0.0,0.0,0
2023-05-10 13:56:17,SR401P7600,SR401P7600,948.5,0.0,0.0,0.0,6,947.5,965.0,6,948.5,0.0,0.0,0.0,0.0,0.0,0
2023-05-10 13:56:20,SR401P7600,SR401P7600,948.5,0.0,0.0,0.0,6,944.5,968.0,3,948.5,0.0,0.0,0.0,0.0,0.0,0
2023-05-10 13:56:22,SR401P7600,SR401P7600,948.5,0.0,0.0,0.0,3,944.5,972.0,3,948.5,0.0,0.0,0.0,0.0,0.0,0
2023-05-10 13:56:25,SR401P7600,SR401P7600,948.5,0.0,0.0,0.0,0,0.0,1000.0,1,948.5,0.0,0.0,0.0,0.0,0.0,0
2023-05-10 14:15:51,SR401P7600,SR401P7600,948.5,0.0,0.0,0.0,0,0.0,0.0,0,948.5,0.0,0.0,0.0,0.0,0.0,0
