time,symbol_id,symbol_name,last,trade_volume,trade_amount,open_interest_change,bv1,bp1,ap1,av1,yesterday_close,today_open,today_high,today_low,volume,amount,open_interest
2023-05-09 19:10:58,SR401C7400,SR401C7400,105.5,0.0,0.0,0.0,0,0.0,0.0,0,105.5,0.0,0.0,0.0,0.0,0.0,31
2023-05-09 20:59:00,SR401C7400,SR401C7400,105.5,0.0,0.0,0.0,100,2.0,0.0,0,105.5,0.0,0.0,0.0,0.0,0.0,31
2023-05-09 21:00:03,SR401C7400,SR401C7400,105.5,0.0,0.0,0.0,2,36.5,240.5,2,105.5,0.0,0.0,0.0,0.0,0.0,31
2023-05-09 21:01:11,SR401C7400,SR401C7400,105.5,0.0,0.0,0.0,2,43.0,110.0,5,105.5,0.0,0.0,0.0,0.0,0.0,31
2023-05-09 21:01:11,SR401C7400,SR401C7400,105.5,0.0,0.0,0.0,2,69.0,110.0,5,105.5,0.0,0.0,0.0,0.0,0.0,31
2023-05-09 21:01:12,SR401C7400,SR401C7400,105.5,0.0,0.0,0.0,5,99.0,110.0,5,105.5,0.0,0.0,0.0,0.0,0.0,31
2023-05-09 21:04:13,SR401C7400,SR401C7400,105.5,0.0,0.0,0.0,5,101.5,110.0,5,105.5,0.0,0.0,0.0,0.0,0.0,31
2023-05-09 21:06:32,SR401C7400,SR401C7400,105.5,0.0,0.0,0.0,5,101.5,108.0,5,105.5,0.0,0.0,0.0,0.0,0.0,31
2023-05-09 21:07:23,SR401C7400,SR401C7400,105.5,0.0,0.0,0.0,5,99.0,108.0,5,105.5,0.0,0.0,0.0,0.0,0.0,31
2023-05-09 21:10:09,SR401C7400,SR401C7400,105.5,0.0,0.0,0.0,5,101.0,108.0,5,105.5,0.0,0.0,0.0,0.0,0.0,31
2023-05-09 21:12:42,SR401C7400,SR401C7400,105.5,0.0,0.0,0.0,5,102.5,108.0,5,105.5,0.0,0.0,0.0,0.0,0.0,31
2023-05-09 21:12:55,SR401C7400,SR401C7400,105.5,0.0,0.0,0.0,5,102.5,110.0,5,105.5,0.0,0.0,0.0,0.0,0.0,31
2023-05-09 21:13:00,SR401C7400,SR401C7400,105.5,0.0,0.0,0.0,5,104.0,110.0,5,105.5,0.0,0.0,0.0,0.0,0.0,31
2023-05-09 21:15:28,SR401C7400,SR401C7400,105.5,0.0,0.0,0.0,5,105.5,110.0,5,105.5,0.0,0.0,0.0,0.0,0.0,31
2023-05-09 21:16:33,SR401C7400,SR401C7400,105.5,0.0,0.0,0.0,5,104.0,110.0,5,105.5,0.0,0.0,0.0,0.0,0.0,31
2023-05-09 21:17:03,SR401C7400,SR401C7400,105.5,0.0,0.0,0.0,5,104.0,108.5,5,105.5,0.0,0.0,0.0,0.0,0.0,31
2023-05-09 21:19:10,SR401C7400,SR401C7400,105.5,0.0,0.0,0.0,5,102.0,108.5,5,105.5,0.0,0.0,0.0,0.0,0.0,31
2023-05-09 21:20:32,SR401C7400,SR401C7400,105.5,0.0,0.0,0.0,5,103.5,108.5,5,105.5,0.0,0.0,0.0,0.0,0.0,31
2023-05-09 21:30:19,SR401C7400,SR401C7400,105.5,0.0,0.0,0.0,5,102.0,108.5,5,105.5,0.0,0.0,0.0,0.0,0.0,31
2023-05-09 21:30:20,SR401C7400,SR401C7400,105.5,0.0,0.0,0.0,5,102.0,107.0,5,105.5,0.0,0.0,0.0,0.0,0.0,31
2023-05-09 21:30:35,SR401C7400,SR401C7400,105.5,0.0,0.0,0.0,5,100.0,107.0,5,105.5,0.0,0.0,0.0,0.0,0.0,31
2023-05-09 21:30:39,SR401C7400,SR401C7400,105.5,0.0,0.0,0.0,5,100.0,105.5,5,105.5,0.0,0.0,0.0,0.0,0.0,31
2023-05-09 21:47:06,SR401C7400,SR401C7400,105.5,0.0,0.0,0.0,5,100.0,104.0,5,105.5,0.0,0.0,0.0,0.0,0.0,31
2023-05-09 21:47:09,SR401C7400,SR401C7400,105.5,0.0,0.0,0.0,5,98.0,104.0,5,105.5,0.0,0.0,0.0,0.0,0.0,31
2023-05-09 21:50:36,SR401C7400,SR401C7400,105.5,0.0,0.0,0.0,5,99.5,104.0,5,105.5,0.0,0.0,0.0,0.0,0.0,31
2023-05-09 21:51:12,SR401C7400,SR401C7400,105.5,0.0,0.0,0.0,5,99.5,105.5,5,105.5,0.0,0.0,0.0,0.0,0.0,31
2023-05-09 21:59:40,SR401C7400,SR401C7400,105.5,0.0,0.0,0.0,5,101.0,105.5,5,105.5,0.0,0.0,0.0,0.0,0.0,31
2023-05-09 22:03:02,SR401C7400,SR401C7400,105.5,0.0,0.0,0.0,5,99.5,105.5,5,105.5,0.0,0.0,0.0,0.0,0.0,31
2023-05-09 22:03:39,SR401C7400,SR401C7400,105.5,0.0,0.0,0.0,5,99.5,104.0,5,105.5,0.0,0.0,0.0,0.0,0.0,31
2023-05-09 22:03:48,SR401C7400,SR401C7400,105.5,0.0,0.0,0.0,5,97.5,104.0,5,105.5,0.0,0.0,0.0,0.0,0.0,31
2023-05-09 22:03:53,SR401C7400,SR401C7400,105.5,0.0,0.0,0.0,5,97.5,102.5,5,105.5,0.0,0.0,0.0,0.0,0.0,31
2023-05-09 22:06:31,SR401C7400,SR401C7400,105.5,0.0,0.0,0.0,5,97.5,104.0,5,105.5,0.0,0.0,0.0,0.0,0.0,31
2023-05-09 22:08:15,SR401C7400,SR401C7400,105.5,0.0,0.0,0.0,5,97.5,102.5,5,105.5,0.0,0.0,0.0,0.0,0.0,31
2023-05-09 22:09:11,SR401C7400,SR401C7400,105.5,0.0,0.0,0.0,5,97.5,104.0,5,105.5,0.0,0.0,0.0,0.0,0.0,31
2023-05-09 22:09:38,SR401C7400,SR401C7400,105.5,0.0,0.0,0.0,5,99.0,104.0,5,105.5,0.0,0.0,0.0,0.0,0.0,31
2023-05-09 22:10:31,SR401C7400,SR401C7400,105.5,0.0,0.0,0.0,5,97.5,104.0,5,105.5,0.0,0.0,0.0,0.0,0.0,31
2023-05-09 22:12:18,SR401C7400,SR401C7400,105.5,0.0,0.0,0.0,5,97.5,102.5,5,105.5,0.0,0.0,0.0,0.0,0.0,31
2023-05-09 22:16:09,SR401C7400,SR401C7400,105.5,0.0,0.0,0.0,5,95.0,102.5,5,105.5,0.0,0.0,0.0,0.0,0.0,31
2023-05-09 22:16:24,SR401C7400,SR401C7400,105.5,0.0,0.0,0.0,5,95.0,101.0,5,105.5,0.0,0.0,0.0,0.0,0.0,31
2023-05-09 22:19:47,SR401C7400,SR401C7400,105.5,0.0,0.0,0.0,5,95.0,99.5,5,105.5,0.0,0.0,0.0,0.0,0.0,31
2023-05-09 22:22:26,SR401C7400,SR401C7400,105.5,0.0,0.0,0.0,5,93.0,99.5,5,105.5,0.0,0.0,0.0,0.0,0.0,31
2023-05-09 22:22:53,SR401C7400,SR401C7400,105.5,0.0,0.0,0.0,5,93.0,98.0,5,105.5,0.0,0.0,0.0,0.0,0.0,31
2023-05-09 22:26:30,SR401C7400,SR401C7400,105.5,0.0,0.0,0.0,5,93.0,99.5,5,105.5,0.0,0.0,0.0,0.0,0.0,31
2023-05-09 22:27:15,SR401C7400,SR401C7400,105.5,0.0,0.0,0.0,5,93.0,98.0,5,105.5,0.0,0.0,0.0,0.0,0.0,31
2023-05-09 22:28:32,SR401C7400,SR401C7400,105.5,0.0,0.0,0.0,5,91.0,98.0,5,105.5,0.0,0.0,0.0,0.0,0.0,31
2023-05-09 22:28:35,SR401C7400,SR401C7400,105.5,0.0,0.0,0.0,5,91.0,96.5,5,105.5,0.0,0.0,0.0,0.0,0.0,31
2023-05-09 22:35:37,SR401C7400,SR401C7400,105.5,0.0,0.0,0.0,5,92.5,96.5,5,105.5,0.0,0.0,0.0,0.0,0.0,31
2023-05-09 22:35:45,SR401C7400,SR401C7400,105.5,0.0,0.0,0.0,5,92.5,98.0,5,105.5,0.0,0.0,0.0,0.0,0.0,31
2023-05-09 22:36:37,SR401C7400,SR401C7400,105.5,0.0,0.0,0.0,5,94.0,98.0,5,105.5,0.0,0.0,0.0,0.0,0.0,31
2023-05-09 22:36:58,SR401C7400,SR401C7400,105.5,0.0,0.0,0.0,5,94.0,100.0,5,105.5,0.0,0.0,0.0,0.0,0.0,31
2023-05-09 22:37:17,SR401C7400,SR401C7400,105.5,0.0,0.0,0.0,5,94.0,98.5,5,105.5,0.0,0.0,0.0,0.0,0.0,31
2023-05-09 22:44:46,SR401C7400,SR401C7400,105.5,0.0,0.0,0.0,5,92.5,98.5,5,105.5,0.0,0.0,0.0,0.0,0.0,31
2023-05-09 22:46:04,SR401C7400,SR401C7400,105.5,0.0,0.0,0.0,5,92.5,97.0,5,105.5,0.0,0.0,0.0,0.0,0.0,31
2023-05-09 22:46:09,SR401C7400,SR401C7400,105.5,0.0,0.0,0.0,5,90.5,97.0,5,105.5,0.0,0.0,0.0,0.0,0.0,31
2023-05-09 22:46:58,SR401C7400,SR401C7400,105.5,0.0,0.0,0.0,5,92.0,97.0,5,105.5,0.0,0.0,0.0,0.0,0.0,31
2023-05-09 22:56:02,SR401C7400,SR401C7400,105.5,0.0,0.0,0.0,2,69.0,240.5,2,105.5,0.0,0.0,0.0,0.0,0.0,31
2023-05-09 22:56:02,SR401C7400,SR401C7400,105.5,0.0,0.0,0.0,2,69.0,181.5,2,105.5,0.0,0.0,0.0,0.0,0.0,31
2023-05-09 22:56:04,SR401C7400,SR401C7400,105.5,0.0,0.0,0.0,2,69.0,123.5,2,105.5,0.0,0.0,0.0,0.0,0.0,31
2023-05-09 22:56:36,SR401C7400,SR401C7400,105.5,0.0,0.0,0.0,1,65.0,0.0,0,105.5,0.0,0.0,0.0,0.0,0.0,31
2023-05-09 22:56:39,SR401C7400,SR401C7400,105.5,0.0,0.0,0.0,1,65.0,514.5,1,105.5,0.0,0.0,0.0,0.0,0.0,31
2023-05-09 22:56:43,SR401C7400,SR401C7400,105.5,0.0,0.0,0.0,1,65.0,509.0,1,105.5,0.0,0.0,0.0,0.0,0.0,31
2023-05-09 22:56:44,SR401C7400,SR401C7400,105.5,0.0,0.0,0.0,1,65.0,507.5,1,105.5,0.0,0.0,0.0,0.0,0.0,31
2023-05-09 22:59:55,SR401C7400,SR401C7400,105.5,0.0,0.0,0.0,1,65.0,0.0,0,105.5,0.0,0.0,0.0,0.0,0.0,31
2023-05-10 09:00:04,SR401C7400,SR401C7400,105.5,0.0,0.0,0.0,2,68.0,0.0,0,105.5,0.0,0.0,0.0,0.0,0.0,31
2023-05-10 09:00:05,SR401C7400,SR401C7400,105.5,0.0,0.0,0.0,2,68.0,228.5,2,105.5,0.0,0.0,0.0,0.0,0.0,31
2023-05-10 09:00:59,SR401C7400,SR401C7400,105.5,0.0,0.0,0.0,2,68.0,223.0,1,105.5,0.0,0.0,0.0,0.0,0.0,31
2023-05-10 09:00:59,SR401C7400,SR401C7400,105.5,0.0,0.0,0.0,2,68.0,188.5,2,105.5,0.0,0.0,0.0,0.0,0.0,31
2023-05-10 09:01:25,SR401C7400,SR401C7400,105.5,0.0,0.0,0.0,2,68.0,97.5,5,105.5,0.0,0.0,0.0,0.0,0.0,31
2023-05-10 09:01:26,SR401C7400,SR401C7400,105.5,0.0,0.0,0.0,5,90.5,97.5,5,105.5,0.0,0.0,0.0,0.0,0.0,31
2023-05-10 09:03:31,SR401C7400,SR401C7400,105.5,0.0,0.0,0.0,5,90.5,96.0,5,105.5,0.0,0.0,0.0,0.0,0.0,31
2023-05-10 09:04:03,SR401C7400,SR401C7400,105.5,0.0,0.0,0.0,5,92.0,96.0,5,105.5,0.0,0.0,0.0,0.0,0.0,31
2023-05-10 09:04:32,SR401C7400,SR401C7400,105.5,0.0,0.0,0.0,5,92.0,97.5,5,105.5,0.0,0.0,0.0,0.0,0.0,31
2023-05-10 09:05:21,SR401C7400,SR401C7400,105.5,0.0,0.0,0.0,5,92.0,96.5,5,105.5,0.0,0.0,0.0,0.0,0.0,31
2023-05-10 09:06:41,SR401C7400,SR401C7400,105.5,0.0,0.0,0.0,5,93.0,96.5,5,105.5,0.0,0.0,0.0,0.0,0.0,31
2023-05-10 09:07:12,SR401C7400,SR401C7400,105.5,0.0,0.0,0.0,5,93.0,97.5,5,105.5,0.0,0.0,0.0,0.0,0.0,31
2023-05-10 09:07:22,SR401C7400,SR401C7400,105.5,0.0,0.0,0.0,5,94.0,97.5,5,105.5,0.0,0.0,0.0,0.0,0.0,31
2023-05-10 09:07:34,SR401C7400,SR401C7400,105.5,0.0,0.0,0.0,5,94.0,99.0,5,105.5,0.0,0.0,0.0,0.0,0.0,31
2023-05-10 09:08:10,SR401C7400,SR401C7400,105.5,0.0,0.0,0.0,5,95.0,99.0,5,105.5,0.0,0.0,0.0,0.0,0.0,31
2023-05-10 09:08:21,SR401C7400,SR401C7400,105.5,0.0,0.0,0.0,5,95.0,101.0,5,105.5,0.0,0.0,0.0,0.0,0.0,31
2023-05-10 09:08:25,SR401C7400,SR401C7400,105.5,0.0,0.0,0.0,5,96.0,101.0,5,105.5,0.0,0.0,0.0,0.0,0.0,31
2023-05-10 09:09:01,SR401C7400,SR401C7400,105.5,0.0,0.0,0.0,5,97.0,101.0,5,105.5,0.0,0.0,0.0,0.0,0.0,31
2023-05-10 09:10:45,SR401C7400,SR401C7400,105.5,0.0,0.0,0.0,5,96.0,101.0,5,105.5,0.0,0.0,0.0,0.0,0.0,31
2023-05-10 09:10:57,SR401C7400,SR401C7400,105.5,0.0,0.0,0.0,5,96.0,100.0,5,105.5,0.0,0.0,0.0,0.0,0.0,31
2023-05-10 09:12:30,SR401C7400,SR401C7400,105.5,0.0,0.0,0.0,5,94.5,100.0,5,105.5,0.0,0.0,0.0,0.0,0.0,31
2023-05-10 09:12:34,SR401C7400,SR401C7400,105.5,0.0,0.0,0.0,5,94.5,99.0,5,105.5,0.0,0.0,0.0,0.0,0.0,31
2023-05-10 09:40:11,SR401C7400,SR401C7400,105.5,0.0,0.0,0.0,5,95.5,99.0,5,105.5,0.0,0.0,0.0,0.0,0.0,31
2023-05-10 09:43:55,SR401C7400,SR401C7400,105.5,0.0,0.0,0.0,5,95.5,100.0,5,105.5,0.0,0.0,0.0,0.0,0.0,31
2023-05-10 09:44:01,SR401C7400,SR401C7400,105.5,0.0,0.0,0.0,5,96.5,100.0,5,105.5,0.0,0.0,0.0,0.0,0.0,31
2023-05-10 09:44:20,SR401C7400,SR401C7400,105.5,0.0,0.0,0.0,5,96.5,102.0,5,105.5,0.0,0.0,0.0,0.0,0.0,31
2023-05-10 09:50:16,SR401C7400,SR401C7400,105.5,0.0,0.0,0.0,5,98.0,102.0,5,105.5,0.0,0.0,0.0,0.0,0.0,31
2023-05-10 09:56:17,SR401C7400,SR401C7400,105.5,0.0,0.0,0.0,5,96.5,102.0,5,105.5,0.0,0.0,0.0,0.0,0.0,31
2023-05-10 09:56:37,SR401C7400,SR401C7400,105.5,0.0,0.0,0.0,5,96.5,101.0,5,105.5,0.0,0.0,0.0,0.0,0.0,31
2023-05-10 10:10:04,SR401C7400,SR401C7400,105.5,0.0,0.0,0.0,5,98.0,102.0,5,105.5,0.0,0.0,0.0,0.0,0.0,31
2023-05-10 10:13:38,SR401C7400,SR401C7400,105.5,0.0,0.0,0.0,5,96.5,102.0,5,105.5,0.0,0.0,0.0,0.0,0.0,31
2023-05-10 10:30:13,SR401C7400,SR401C7400,105.5,0.0,0.0,0.0,5,96.5,101.0,5,105.5,0.0,0.0,0.0,0.0,0.0,31
2023-05-10 10:32:33,SR401C7400,SR401C7400,105.5,0.0,0.0,0.0,5,97.5,101.0,5,105.5,0.0,0.0,0.0,0.0,0.0,31
2023-05-10 10:35:35,SR401C7400,SR401C7400,105.5,0.0,0.0,0.0,5,97.5,102.0,5,105.5,0.0,0.0,0.0,0.0,0.0,31
2023-05-10 10:45:52,SR401C7400,SR401C7400,105.5,0.0,0.0,0.0,5,97.5,101.0,5,105.5,0.0,0.0,0.0,0.0,0.0,31
2023-05-10 10:47:44,SR401C7400,SR401C7400,105.5,0.0,0.0,0.0,5,96.5,101.0,5,105.5,0.0,0.0,0.0,0.0,0.0,31
2023-05-10 10:57:57,SR401C7400,SR401C7400,105.5,0.0,0.0,0.0,5,96.5,100.0,5,105.5,0.0,0.0,0.0,0.0,0.0,31
2023-05-10 11:07:34,SR401C7400,SR401C7400,105.5,0.0,0.0,0.0,5,96.5,101.0,5,105.5,0.0,0.0,0.0,0.0,0.0,31
2023-05-10 11:08:13,SR401C7400,SR401C7400,105.5,0.0,0.0,0.0,5,96.5,103.0,5,105.5,0.0,0.0,0.0,0.0,0.0,31
2023-05-10 11:08:21,SR401C7400,SR401C7400,105.5,0.0,0.0,0.0,5,98.0,103.0,5,105.5,0.0,0.0,0.0,0.0,0.0,31
2023-05-10 11:08:22,SR401C7400,SR401C7400,105.5,0.0,0.0,0.0,5,99.0,103.0,5,105.5,0.0,0.0,0.0,0.0,0.0,31
2023-05-10 11:08:59,SR401C7400,SR401C7400,105.5,0.0,0.0,0.0,5,99.0,104.5,5,105.5,0.0,0.0,0.0,0.0,0.0,31
2023-05-10 11:09:03,SR401C7400,SR401C7400,105.5,0.0,0.0,0.0,5,100.0,104.5,5,105.5,0.0,0.0,0.0,0.0,0.0,31
2023-05-10 11:09:43,SR401C7400,SR401C7400,105.5,0.0,0.0,0.0,5,101.5,104.5,5,105.5,0.0,0.0,0.0,0.0,0.0,31
2023-05-10 11:09:43,SR401C7400,SR401C7400,105.5,0.0,0.0,0.0,5,101.5,125.5,2,105.5,0.0,0.0,0.0,0.0,0.0,31
2023-05-10 11:09:44,SR401C7400,SR401C7400,105.5,0.0,0.0,0.0,5,101.5,106.5,5,105.5,0.0,0.0,0.0,0.0,0.0,31
2023-05-10 11:12:13,SR401C7400,SR401C7400,105.5,0.0,0.0,0.0,5,102.5,106.5,5,105.5,0.0,0.0,0.0,0.0,0.0,31
2023-05-10 11:14:26,SR401C7400,SR401C7400,105.5,0.0,0.0,0.0,5,102.5,108.5,5,105.5,0.0,0.0,0.0,0.0,0.0,31
2023-05-10 11:15:05,SR401C7400,SR401C7400,105.5,0.0,0.0,0.0,5,102.5,107.0,5,105.5,0.0,0.0,0.0,0.0,0.0,31
2023-05-10 11:16:04,SR401C7400,SR401C7400,105.5,0.0,0.0,0.0,5,102.5,106.0,5,105.5,0.0,0.0,0.0,0.0,0.0,31
2023-05-10 11:16:11,SR401C7400,SR401C7400,105.5,0.0,0.0,0.0,5,101.5,106.0,5,105.5,0.0,0.0,0.0,0.0,0.0,31
2023-05-10 11:19:03,SR401C7400,SR401C7400,105.5,0.0,0.0,0.0,5,102.5,106.0,5,105.5,0.0,0.0,0.0,0.0,0.0,31
2023-05-10 11:19:35,SR401C7400,SR401C7400,105.5,0.0,0.0,0.0,5,102.5,107.0,5,105.5,0.0,0.0,0.0,0.0,0.0,31
2023-05-10 11:21:46,SR401C7400,SR401C7400,105.5,0.0,0.0,0.0,5,103.5,107.0,5,105.5,0.0,0.0,0.0,0.0,0.0,31
2023-05-10 11:22:50,SR401C7400,SR401C7400,105.5,0.0,0.0,0.0,5,103.5,109.0,5,105.5,0.0,0.0,0.0,0.0,0.0,31
2023-05-10 11:24:43,SR401C7400,SR401C7400,105.5,0.0,0.0,0.0,5,103.5,108.0,5,105.5,0.0,0.0,0.0,0.0,0.0,31
2023-05-10 11:29:32,SR401C7400,SR401C7400,105.5,0.0,0.0,0.0,2,68.0,125.5,2,105.5,0.0,0.0,0.0,0.0,0.0,31
2023-05-10 13:30:56,SR401C7400,SR401C7400,105.5,0.0,0.0,0.0,5,105.5,125.5,2,105.5,0.0,0.0,0.0,0.0,0.0,31
2023-05-10 13:30:57,SR401C7400,SR401C7400,105.5,0.0,0.0,0.0,5,105.5,111.0,5,105.5,0.0,0.0,0.0,0.0,0.0,31
2023-05-10 13:31:39,SR401C7400,SR401C7400,105.5,0.0,0.0,0.0,5,105.5,109.5,5,105.5,0.0,0.0,0.0,0.0,0.0,31
2023-05-10 13:32:05,SR401C7400,SR401C7400,105.5,0.0,0.0,0.0,5,103.5,109.5,5,105.5,0.0,0.0,0.0,0.0,0.0,31
2023-05-10 13:35:20,SR401C7400,SR401C7400,105.5,0.0,0.0,0.0,5,103.5,108.0,5,105.5,0.0,0.0,0.0,0.0,0.0,31
2023-05-10 13:35:56,SR401C7400,SR401C7400,105.5,0.0,0.0,0.0,5,101.5,108.0,5,105.5,0.0,0.0,0.0,0.0,0.0,31
2023-05-10 13:36:08,SR401C7400,SR401C7400,105.5,0.0,0.0,0.0,5,101.5,106.5,5,105.5,0.0,0.0,0.0,0.0,0.0,31
2023-05-10 13:36:57,SR401C7400,SR401C7400,105.5,0.0,0.0,0.0,5,99.5,106.5,5,105.5,0.0,0.0,0.0,0.0,0.0,31
2023-05-10 13:38:05,SR401C7400,SR401C7400,105.5,0.0,0.0,0.0,5,99.5,105.0,5,105.5,0.0,0.0,0.0,0.0,0.0,31
2023-05-10 13:43:33,SR401C7400,SR401C7400,105.5,0.0,0.0,0.0,5,101.0,105.0,5,105.5,0.0,0.0,0.0,0.0,0.0,31
2023-05-10 13:44:34,SR401C7400,SR401C7400,105.5,0.0,0.0,0.0,5,101.0,106.5,5,105.5,0.0,0.0,0.0,0.0,0.0,31
2023-05-10 13:47:04,SR401C7400,SR401C7400,105.5,0.0,0.0,0.0,5,102.5,106.5,5,105.5,0.0,0.0,0.0,0.0,0.0,31
2023-05-10 13:49:47,SR401C7400,SR401C7400,105.5,0.0,0.0,0.0,5,101.0,106.5,5,105.5,0.0,0.0,0.0,0.0,0.0,31
2023-05-10 13:52:40,SR401C7400,SR401C7400,105.5,0.0,0.0,0.0,5,101.0,105.0,5,105.5,0.0,0.0,0.0,0.0,0.0,31
2023-05-10 13:53:38,SR401C7400,SR401C7400,105.5,0.0,0.0,0.0,5,99.0,105.0,5,105.5,0.0,0.0,0.0,0.0,0.0,31
2023-05-10 13:55:36,SR401C7400,SR401C7400,105.5,0.0,0.0,0.0,5,100.5,105.0,5,105.5,0.0,0.0,0.0,0.0,0.0,31
2023-05-10 13:58:14,SR401C7400,SR401C7400,105.5,0.0,0.0,0.0,5,99.0,105.0,5,105.5,0.0,0.0,0.0,0.0,0.0,31
2023-05-10 13:59:17,SR401C7400,SR401C7400,105.5,0.0,0.0,0.0,5,97.0,105.0,5,105.5,0.0,0.0,0.0,0.0,0.0,31
2023-05-10 13:59:21,SR401C7400,SR401C7400,105.5,0.0,0.0,0.0,5,97.0,103.5,5,105.5,0.0,0.0,0.0,0.0,0.0,31
2023-05-10 13:59:46,SR401C7400,SR401C7400,105.5,0.0,0.0,0.0,5,97.0,102.0,5,105.5,0.0,0.0,0.0,0.0,0.0,31
2023-05-10 14:02:22,SR401C7400,SR401C7400,105.5,0.0,0.0,0.0,5,95.0,102.0,5,105.5,0.0,0.0,0.0,0.0,0.0,31
2023-05-10 14:02:23,SR401C7400,SR401C7400,105.5,0.0,0.0,0.0,5,95.0,100.5,5,105.5,0.0,0.0,0.0,0.0,0.0,31
2023-05-10 14:11:02,SR401C7400,SR401C7400,105.5,0.0,0.0,0.0,5,96.5,100.5,5,105.5,0.0,0.0,0.0,0.0,0.0,31
2023-05-10 14:13:19,SR401C7400,SR401C7400,105.5,0.0,0.0,0.0,5,96.5,102.0,5,105.5,0.0,0.0,0.0,0.0,0.0,31
2023-05-10 14:35:17,SR401C7400,SR401C7400,105.5,0.0,0.0,0.0,5,98.0,102.0,5,105.5,0.0,0.0,0.0,0.0,0.0,31
2023-05-10 14:35:32,SR401C7400,SR401C7400,105.5,0.0,0.0,0.0,5,98.0,104.0,5,105.5,0.0,0.0,0.0,0.0,0.0,31
2023-05-10 14:41:16,SR401C7400,SR401C7400,105.5,0.0,0.0,0.0,5,98.0,102.5,5,105.5,0.0,0.0,0.0,0.0,0.0,31
2023-05-10 14:43:55,SR401C7400,SR401C7400,105.5,0.0,0.0,0.0,5,98.0,104.0,5,105.5,0.0,0.0,0.0,0.0,0.0,31
2023-05-10 14:44:57,SR401C7400,SR401C7400,105.5,0.0,0.0,0.0,5,99.5,104.0,5,105.5,0.0,0.0,0.0,0.0,0.0,31
2023-05-10 14:46:16,SR401C7400,SR401C7400,105.5,0.0,0.0,0.0,5,99.5,106.0,5,105.5,0.0,0.0,0.0,0.0,0.0,31
2023-05-10 14:46:57,SR401C7400,SR401C7400,105.5,0.0,0.0,0.0,5,101.0,106.0,5,105.5,0.0,0.0,0.0,0.0,0.0,31
2023-05-10 14:48:50,SR401C7400,SR401C7400,105.5,0.0,0.0,0.0,5,99.5,106.0,5,105.5,0.0,0.0,0.0,0.0,0.0,31
2023-05-10 14:48:51,SR401C7400,SR401C7400,105.5,0.0,0.0,0.0,5,99.5,104.5,5,105.5,0.0,0.0,0.0,0.0,0.0,31
2023-05-10 14:53:00,SR401C7400,SR401C7400,105.5,0.0,0.0,0.0,5,97.5,103.0,5,105.5,0.0,0.0,0.0,0.0,0.0,31
2023-05-10 14:59:02,SR401C7400,SR401C7400,105.5,0.0,0.0,0.0,2,68.0,125.5,2,105.5,0.0,0.0,0.0,0.0,0.0,31
2023-05-10 14:59:02,SR401C7400,SR401C7400,105.5,0.0,0.0,0.0,2,71.5,125.5,2,105.5,0.0,0.0,0.0,0.0,0.0,31
2023-05-10 14:59:03,SR401C7400,SR401C7400,105.5,0.0,0.0,0.0,2,82.5,125.5,2,105.5,0.0,0.0,0.0,0.0,0.0,31
