time,symbol_id,symbol_name,last,trade_volume,trade_amount,open_interest_change,bv1,bp1,ap1,av1,yesterday_close,today_open,today_high,today_low,volume,amount,open_interest
2023-05-09 19:10:58,SR401P6800,SR401P6800,364.0,0.0,0.0,-2.0,0,0.0,0.0,0,364.0,371.0,0.0,0.0,0.0,0.0,68
2023-05-09 20:59:00,SR401P6800,SR401P6800,364.0,0.0,0.0,0.0,2,68.0,0.0,0,364.0,371.0,0.0,0.0,0.0,0.0,68
2023-05-09 21:00:02,SR401P6800,SR401P6800,364.0,0.0,0.0,0.0,2,224.0,492.5,2,364.0,371.0,0.0,0.0,0.0,0.0,68
2023-05-09 21:00:03,SR401P6800,SR401P6800,364.0,0.0,0.0,0.0,10,224.5,492.0,10,364.0,371.0,0.0,0.0,0.0,0.0,68
2023-05-09 21:00:04,SR401P6800,SR401P6800,364.0,0.0,0.0,0.0,2,259.0,457.5,2,364.0,371.0,0.0,0.0,0.0,0.0,68
2023-05-09 21:00:05,SR401P6800,SR401P6800,364.0,0.0,0.0,0.0,10,259.5,457.0,10,364.0,371.0,0.0,0.0,0.0,0.0,68
2023-05-09 21:00:06,SR401P6800,SR401P6800,364.0,0.0,0.0,0.0,2,294.0,422.5,2,364.0,371.0,0.0,0.0,0.0,0.0,68
2023-05-09 21:00:07,SR401P6800,SR401P6800,364.0,0.0,0.0,0.0,10,294.5,422.5,2,364.0,371.0,0.0,0.0,0.0,0.0,68
2023-05-09 21:00:07,SR401P6800,SR401P6800,364.0,0.0,0.0,0.0,2,329.0,422.5,2,364.0,371.0,0.0,0.0,0.0,0.0,68
2023-05-09 21:00:13,SR401P6800,SR401P6800,364.0,0.0,0.0,0.0,2,224.0,422.5,2,364.0,371.0,0.0,0.0,0.0,0.0,68
2023-05-09 21:00:13,SR401P6800,SR401P6800,364.0,0.0,0.0,0.0,2,259.0,422.5,2,364.0,371.0,0.0,0.0,0.0,0.0,68
2023-05-09 21:00:14,SR401P6800,SR401P6800,364.0,0.0,0.0,0.0,10,259.5,422.5,2,364.0,371.0,0.0,0.0,0.0,0.0,68
2023-05-09 21:00:14,SR401P6800,SR401P6800,364.0,0.0,0.0,0.0,2,294.0,422.5,2,364.0,371.0,0.0,0.0,0.0,0.0,68
2023-05-09 21:00:15,SR401P6800,SR401P6800,364.0,0.0,0.0,0.0,2,322.5,422.5,2,364.0,371.0,0.0,0.0,0.0,0.0,68
2023-05-09 21:00:22,SR401P6800,SR401P6800,364.0,0.0,0.0,0.0,2,223.0,422.5,2,364.0,371.0,0.0,0.0,0.0,0.0,68
2023-05-09 21:00:22,SR401P6800,SR401P6800,364.0,0.0,0.0,0.0,2,258.0,422.5,2,364.0,371.0,0.0,0.0,0.0,0.0,68
2023-05-09 21:00:23,SR401P6800,SR401P6800,364.0,0.0,0.0,0.0,10,258.5,422.5,2,364.0,371.0,0.0,0.0,0.0,0.0,68
2023-05-09 21:00:23,SR401P6800,SR401P6800,364.0,0.0,0.0,0.0,2,293.0,422.5,2,364.0,371.0,0.0,0.0,0.0,0.0,68
2023-05-09 21:00:24,SR401P6800,SR401P6800,364.0,0.0,0.0,0.0,2,323.0,422.5,2,364.0,371.0,0.0,0.0,0.0,0.0,68
2023-05-09 21:00:30,SR401P6800,SR401P6800,364.0,0.0,0.0,0.0,2,222.5,422.5,2,364.0,371.0,0.0,0.0,0.0,0.0,68
2023-05-09 21:00:30,SR401P6800,SR401P6800,364.0,0.0,0.0,0.0,2,257.5,422.5,2,364.0,371.0,0.0,0.0,0.0,0.0,68
2023-05-09 21:00:30,SR401P6800,SR401P6800,364.0,0.0,0.0,0.0,10,258.0,422.5,2,364.0,371.0,0.0,0.0,0.0,0.0,68
2023-05-09 21:00:31,SR401P6800,SR401P6800,364.0,0.0,0.0,0.0,2,292.5,422.5,2,364.0,371.0,0.0,0.0,0.0,0.0,68
2023-05-09 21:00:31,SR401P6800,SR401P6800,364.0,0.0,0.0,0.0,2,322.0,422.5,2,364.0,371.0,0.0,0.0,0.0,0.0,68
2023-05-09 21:00:37,SR401P6800,SR401P6800,364.0,0.0,0.0,0.0,2,226.0,422.5,2,364.0,371.0,0.0,0.0,0.0,0.0,68
2023-05-09 21:00:37,SR401P6800,SR401P6800,364.0,0.0,0.0,0.0,2,261.0,422.5,2,364.0,371.0,0.0,0.0,0.0,0.0,68
2023-05-09 21:00:38,SR401P6800,SR401P6800,364.0,0.0,0.0,0.0,10,261.5,422.5,2,364.0,371.0,0.0,0.0,0.0,0.0,68
2023-05-09 21:00:38,SR401P6800,SR401P6800,364.0,0.0,0.0,0.0,2,296.0,422.5,2,364.0,371.0,0.0,0.0,0.0,0.0,68
2023-05-09 21:00:39,SR401P6800,SR401P6800,364.0,0.0,0.0,0.0,2,324.5,422.5,2,364.0,371.0,0.0,0.0,0.0,0.0,68
2023-05-09 21:00:45,SR401P6800,SR401P6800,364.0,0.0,0.0,0.0,10,227.5,422.5,2,364.0,371.0,0.0,0.0,0.0,0.0,68
2023-05-09 21:00:46,SR401P6800,SR401P6800,364.0,0.0,0.0,0.0,2,262.0,422.5,2,364.0,371.0,0.0,0.0,0.0,0.0,68
2023-05-09 21:00:46,SR401P6800,SR401P6800,364.0,0.0,0.0,0.0,2,297.0,422.5,2,364.0,371.0,0.0,0.0,0.0,0.0,68
2023-05-09 21:00:47,SR401P6800,SR401P6800,364.0,0.0,0.0,0.0,10,297.5,422.5,2,364.0,371.0,0.0,0.0,0.0,0.0,68
2023-05-09 21:00:47,SR401P6800,SR401P6800,364.0,0.0,0.0,0.0,2,326.5,422.5,2,364.0,371.0,0.0,0.0,0.0,0.0,68
2023-05-09 21:00:54,SR401P6800,SR401P6800,364.0,0.0,0.0,0.0,2,228.5,422.5,2,364.0,371.0,0.0,0.0,0.0,0.0,68
2023-05-09 21:00:54,SR401P6800,SR401P6800,364.0,0.0,0.0,0.0,2,263.5,422.5,2,364.0,371.0,0.0,0.0,0.0,0.0,68
2023-05-09 21:00:55,SR401P6800,SR401P6800,364.0,0.0,0.0,0.0,10,264.0,422.5,2,364.0,371.0,0.0,0.0,0.0,0.0,68
2023-05-09 21:00:55,SR401P6800,SR401P6800,364.0,0.0,0.0,0.0,2,298.5,422.5,2,364.0,371.0,0.0,0.0,0.0,0.0,68
2023-05-09 21:00:56,SR401P6800,SR401P6800,364.0,0.0,0.0,0.0,2,327.0,422.5,2,364.0,371.0,0.0,0.0,0.0,0.0,68
2023-05-09 21:01:07,SR401P6800,SR401P6800,364.0,0.0,0.0,0.0,2,229.0,422.5,2,364.0,371.0,0.0,0.0,0.0,0.0,68
2023-05-09 21:01:07,SR401P6800,SR401P6800,364.0,0.0,0.0,0.0,2,264.0,422.5,2,364.0,371.0,0.0,0.0,0.0,0.0,68
2023-05-09 21:01:08,SR401P6800,SR401P6800,364.0,0.0,0.0,0.0,10,264.5,422.5,2,364.0,371.0,0.0,0.0,0.0,0.0,68
2023-05-09 21:01:09,SR401P6800,SR401P6800,364.0,0.0,0.0,0.0,2,322.0,422.5,2,364.0,371.0,0.0,0.0,0.0,0.0,68
2023-05-09 21:01:10,SR401P6800,SR401P6800,364.0,0.0,0.0,0.0,5,357.5,422.5,2,364.0,371.0,0.0,0.0,0.0,0.0,68
2023-05-09 21:01:12,SR401P6800,SR401P6800,364.0,0.0,0.0,0.0,5,357.5,369.5,5,364.0,371.0,0.0,0.0,0.0,0.0,68
2023-05-09 21:02:14,SR401P6800,SR401P6800,364.0,0.0,0.0,0.0,5,360.0,369.5,5,364.0,371.0,0.0,0.0,0.0,0.0,68
2023-05-09 21:05:20,SR401P6800,SR401P6800,364.0,0.0,0.0,0.0,5,360.0,367.0,5,364.0,371.0,0.0,0.0,0.0,0.0,68
2023-05-09 21:05:22,SR401P6800,SR401P6800,364.0,0.0,0.0,0.0,5,357.5,367.0,5,364.0,371.0,0.0,0.0,0.0,0.0,68
2023-05-09 21:06:20,SR401P6800,SR401P6800,364.0,0.0,0.0,0.0,5,359.5,367.0,5,364.0,371.0,0.0,0.0,0.0,0.0,68
2023-05-09 21:07:02,SR401P6800,SR401P6800,364.0,0.0,0.0,0.0,5,359.5,369.5,5,364.0,371.0,0.0,0.0,0.0,0.0,68
2023-05-09 21:07:02,SR401P6800,SR401P6800,364.0,0.0,0.0,0.0,5,361.5,369.5,5,364.0,371.0,0.0,0.0,0.0,0.0,68
2023-05-09 21:07:23,SR401P6800,SR401P6800,364.0,0.0,0.0,0.0,5,364.0,373.0,5,364.0,371.0,0.0,0.0,0.0,0.0,68
2023-05-09 21:07:46,SR401P6800,SR401P6800,364.0,0.0,0.0,0.0,5,364.0,370.5,5,364.0,371.0,0.0,0.0,0.0,0.0,68
2023-05-09 21:07:51,SR401P6800,SR401P6800,364.0,0.0,0.0,0.0,5,361.5,370.5,5,364.0,371.0,0.0,0.0,0.0,0.0,68
2023-05-09 21:08:02,SR401P6800,SR401P6800,364.0,0.0,0.0,0.0,5,358.5,368.0,5,364.0,371.0,0.0,0.0,0.0,0.0,68
2023-05-09 21:09:08,SR401P6800,SR401P6800,364.0,0.0,0.0,0.0,5,360.5,368.0,5,364.0,371.0,0.0,0.0,0.0,0.0,68
2023-05-09 21:12:34,SR401P6800,SR401P6800,364.0,0.0,0.0,0.0,5,358.5,368.0,5,364.0,371.0,0.0,0.0,0.0,0.0,68
2023-05-09 21:12:35,SR401P6800,SR401P6800,364.0,0.0,0.0,0.0,5,358.5,365.5,5,364.0,371.0,0.0,0.0,0.0,0.0,68
2023-05-09 21:12:46,SR401P6800,SR401P6800,364.0,0.0,0.0,0.0,5,356.0,365.5,5,364.0,371.0,0.0,0.0,0.0,0.0,68
2023-05-09 21:12:50,SR401P6800,SR401P6800,364.0,0.0,0.0,0.0,5,356.0,363.0,5,364.0,371.0,0.0,0.0,0.0,0.0,68
2023-05-09 21:12:58,SR401P6800,SR401P6800,364.0,0.0,0.0,0.0,5,353.0,363.0,5,364.0,371.0,0.0,0.0,0.0,0.0,68
2023-05-09 21:12:59,SR401P6800,SR401P6800,364.0,0.0,0.0,0.0,5,354.5,363.0,5,364.0,371.0,0.0,0.0,0.0,0.0,68
2023-05-09 21:13:41,SR401P6800,SR401P6800,364.0,0.0,0.0,0.0,5,356.5,363.0,5,364.0,371.0,0.0,0.0,0.0,0.0,68
2023-05-09 21:15:59,SR401P6800,SR401P6800,364.0,0.0,0.0,0.0,5,354.5,363.0,5,364.0,371.0,0.0,0.0,0.0,0.0,68
2023-05-09 21:16:02,SR401P6800,SR401P6800,364.0,0.0,0.0,0.0,5,356.0,363.0,5,364.0,371.0,0.0,0.0,0.0,0.0,68
2023-05-09 21:16:12,SR401P6800,SR401P6800,364.0,0.0,0.0,0.0,5,357.5,363.0,5,364.0,371.0,0.0,0.0,0.0,0.0,68
2023-05-09 21:16:38,SR401P6800,SR401P6800,364.0,0.0,0.0,0.0,5,357.5,365.5,5,364.0,371.0,0.0,0.0,0.0,0.0,68
2023-05-09 21:17:02,SR401P6800,SR401P6800,364.0,0.0,0.0,0.0,5,359.5,365.5,5,364.0,371.0,0.0,0.0,0.0,0.0,68
2023-05-09 21:17:10,SR401P6800,SR401P6800,364.0,0.0,0.0,0.0,5,357.5,365.5,5,364.0,371.0,0.0,0.0,0.0,0.0,68
2023-05-09 21:17:30,SR401P6800,SR401P6800,364.0,0.0,0.0,0.0,5,359.0,365.5,5,364.0,371.0,0.0,0.0,0.0,0.0,68
2023-05-09 21:19:09,SR401P6800,SR401P6800,364.0,0.0,0.0,0.0,5,360.5,368.5,5,364.0,371.0,0.0,0.0,0.0,0.0,68
2023-05-09 21:20:05,SR401P6800,SR401P6800,364.0,0.0,0.0,0.0,5,362.0,368.5,5,364.0,371.0,0.0,0.0,0.0,0.0,68
2023-05-09 21:20:31,SR401P6800,SR401P6800,364.0,0.0,0.0,0.0,5,360.5,368.5,5,364.0,371.0,0.0,0.0,0.0,0.0,68
2023-05-09 21:20:53,SR401P6800,SR401P6800,364.0,0.0,0.0,0.0,5,362.0,368.5,5,364.0,371.0,0.0,0.0,0.0,0.0,68
2023-05-09 21:21:26,SR401P6800,SR401P6800,364.0,0.0,0.0,0.0,5,360.5,368.5,5,364.0,371.0,0.0,0.0,0.0,0.0,68
2023-05-09 21:22:24,SR401P6800,SR401P6800,364.0,0.0,0.0,0.0,5,360.5,366.5,5,364.0,371.0,0.0,0.0,0.0,0.0,68
2023-05-09 21:23:06,SR401P6800,SR401P6800,364.0,0.0,0.0,0.0,5,358.0,366.5,5,364.0,371.0,0.0,0.0,0.0,0.0,68
2023-05-09 21:24:46,SR401P6800,SR401P6800,364.0,0.0,0.0,0.0,5,359.5,366.5,5,364.0,371.0,0.0,0.0,0.0,0.0,68
2023-05-09 21:25:48,SR401P6800,SR401P6800,364.0,0.0,0.0,0.0,5,358.0,366.5,5,364.0,371.0,0.0,0.0,0.0,0.0,68
2023-05-09 21:25:57,SR401P6800,SR401P6800,364.0,0.0,0.0,0.0,5,358.0,364.5,5,364.0,371.0,0.0,0.0,0.0,0.0,68
2023-05-09 21:30:02,SR401P6800,SR401P6800,364.0,0.0,0.0,0.0,5,359.5,364.5,5,364.0,371.0,0.0,0.0,0.0,0.0,68
2023-05-09 21:30:07,SR401P6800,SR401P6800,364.0,0.0,0.0,0.0,5,359.5,366.5,5,364.0,371.0,0.0,0.0,0.0,0.0,68
2023-05-09 21:30:19,SR401P6800,SR401P6800,364.0,0.0,0.0,0.0,5,361.0,366.5,5,364.0,371.0,0.0,0.0,0.0,0.0,68
2023-05-09 21:30:25,SR401P6800,SR401P6800,364.0,0.0,0.0,0.0,5,361.0,369.5,5,364.0,371.0,0.0,0.0,0.0,0.0,68
2023-05-09 21:30:27,SR401P6800,SR401P6800,364.0,0.0,0.0,0.0,5,362.5,369.5,5,364.0,371.0,0.0,0.0,0.0,0.0,68
2023-05-09 21:30:50,SR401P6800,SR401P6800,364.0,0.0,0.0,0.0,5,364.0,369.5,5,364.0,371.0,0.0,0.0,0.0,0.0,68
2023-05-09 21:31:07,SR401P6800,SR401P6800,364.0,0.0,0.0,0.0,5,364.0,372.5,5,364.0,371.0,0.0,0.0,0.0,0.0,68
2023-05-09 21:31:12,SR401P6800,SR401P6800,364.0,0.0,0.0,0.0,5,365.5,372.5,5,364.0,371.0,0.0,0.0,0.0,0.0,68
2023-05-09 21:31:31,SR401P6800,SR401P6800,364.0,0.0,0.0,0.0,5,364.0,370.5,5,364.0,371.0,0.0,0.0,0.0,0.0,68
2023-05-09 21:31:40,SR401P6800,SR401P6800,364.0,0.0,0.0,0.0,5,361.5,370.5,5,364.0,371.0,0.0,0.0,0.0,0.0,68
2023-05-09 21:32:13,SR401P6800,SR401P6800,364.0,0.0,0.0,0.0,5,363.0,370.5,5,364.0,371.0,0.0,0.0,0.0,0.0,68
2023-05-09 21:32:48,SR401P6800,SR401P6800,364.0,0.0,0.0,0.0,5,363.0,368.5,5,364.0,371.0,0.0,0.0,0.0,0.0,68
2023-05-09 21:33:54,SR401P6800,SR401P6800,364.0,0.0,0.0,0.0,5,361.5,368.5,5,364.0,371.0,0.0,0.0,0.0,0.0,68
2023-05-09 21:35:52,SR401P6800,SR401P6800,364.0,0.0,0.0,0.0,5,363.5,368.5,5,364.0,371.0,0.0,0.0,0.0,0.0,68
2023-05-09 21:35:59,SR401P6800,SR401P6800,364.0,0.0,0.0,0.0,5,363.5,370.5,5,364.0,371.0,0.0,0.0,0.0,0.0,68
2023-05-09 21:37:37,SR401P6800,SR401P6800,364.0,0.0,0.0,0.0,5,361.5,370.5,5,364.0,371.0,0.0,0.0,0.0,0.0,68
2023-05-09 21:37:58,SR401P6800,SR401P6800,364.0,0.0,0.0,0.0,5,361.5,368.5,5,364.0,371.0,0.0,0.0,0.0,0.0,68
2023-05-09 21:38:16,SR401P6800,SR401P6800,364.0,0.0,0.0,0.0,5,363.0,368.5,5,364.0,371.0,0.0,0.0,0.0,0.0,68
2023-05-09 21:39:30,SR401P6800,SR401P6800,364.0,0.0,0.0,0.0,5,363.0,370.5,5,364.0,371.0,0.0,0.0,0.0,0.0,68
2023-05-09 21:39:39,SR401P6800,SR401P6800,364.0,0.0,0.0,0.0,5,364.5,370.5,5,364.0,371.0,0.0,0.0,0.0,0.0,68
2023-05-09 21:41:27,SR401P6800,SR401P6800,364.0,0.0,0.0,0.0,5,364.5,373.5,5,364.0,371.0,0.0,0.0,0.0,0.0,68
2023-05-09 21:41:39,SR401P6800,SR401P6800,364.0,0.0,0.0,0.0,5,364.5,371.0,5,364.0,371.0,0.0,0.0,0.0,0.0,68
2023-05-09 21:42:51,SR401P6800,SR401P6800,364.0,0.0,0.0,0.0,5,363.0,371.0,5,364.0,371.0,0.0,0.0,0.0,0.0,68
2023-05-09 21:42:56,SR401P6800,SR401P6800,364.0,0.0,0.0,0.0,5,363.0,369.0,5,364.0,371.0,0.0,0.0,0.0,0.0,68
2023-05-09 21:47:05,SR401P6800,SR401P6800,364.0,0.0,0.0,0.0,5,364.5,371.0,5,364.0,371.0,0.0,0.0,0.0,0.0,68
2023-05-09 21:48:56,SR401P6800,SR401P6800,364.0,0.0,0.0,0.0,5,366.0,371.0,5,364.0,371.0,0.0,0.0,0.0,0.0,68
2023-05-09 21:49:14,SR401P6800,SR401P6800,364.0,0.0,0.0,0.0,5,366.0,374.0,5,364.0,371.0,0.0,0.0,0.0,0.0,68
2023-05-09 21:49:31,SR401P6800,SR401P6800,364.0,0.0,0.0,0.0,5,366.0,372.0,5,364.0,371.0,0.0,0.0,0.0,0.0,68
2023-05-09 21:50:14,SR401P6800,SR401P6800,364.0,0.0,0.0,0.0,5,364.5,372.0,5,364.0,371.0,0.0,0.0,0.0,0.0,68
2023-05-09 21:50:17,SR401P6800,SR401P6800,364.0,0.0,0.0,0.0,5,364.5,370.0,5,364.0,371.0,0.0,0.0,0.0,0.0,68
2023-05-09 21:50:38,SR401P6800,SR401P6800,364.0,0.0,0.0,0.0,5,362.5,370.0,5,364.0,371.0,0.0,0.0,0.0,0.0,68
2023-05-09 21:52:08,SR401P6800,SR401P6800,364.0,0.0,0.0,0.0,5,364.0,370.0,5,364.0,371.0,0.0,0.0,0.0,0.0,68
2023-05-09 21:52:20,SR401P6800,SR401P6800,364.0,0.0,0.0,0.0,5,365.5,372.0,5,364.0,371.0,0.0,0.0,0.0,0.0,68
2023-05-09 21:55:53,SR401P6800,SR401P6800,364.0,0.0,0.0,0.0,5,365.5,371.0,1,364.0,371.0,0.0,0.0,0.0,0.0,68
2023-05-09 21:55:56,SR401P6800,SR401P6800,364.0,0.0,0.0,0.0,5,364.0,371.0,1,364.0,371.0,0.0,0.0,0.0,0.0,68
2023-05-09 21:56:20,SR401P6800,SR401P6800,364.0,0.0,0.0,0.0,5,365.5,371.0,1,364.0,371.0,0.0,0.0,0.0,0.0,68
2023-05-09 21:59:49,SR401P6800,SR401P6800,364.0,0.0,0.0,0.0,5,364.0,371.0,1,364.0,371.0,0.0,0.0,0.0,0.0,68
2023-05-09 22:01:44,SR401P6800,SR401P6800,364.0,0.0,0.0,0.0,5,365.5,371.0,1,364.0,371.0,0.0,0.0,0.0,0.0,68
2023-05-09 22:03:29,SR401P6800,SR401P6800,364.0,0.0,0.0,0.0,5,367.0,371.0,1,364.0,371.0,0.0,0.0,0.0,0.0,68
2023-05-09 22:03:39,SR401P6800,SR401P6800,371.0,1.0,371.0,0.0,5,367.0,393.5,2,364.0,371.0,371.0,371.0,1.0,371.0,68
2023-05-09 22:03:39,SR401P6800,SR401P6800,371.0,0.0,0.0,0.0,5,368.5,375.5,5,364.0,371.0,371.0,371.0,1.0,371.0,68
2023-05-09 22:03:39,SR401P6800,SR401P6800,371.0,0.0,0.0,0.0,5,367.0,393.5,2,364.0,371.0,371.0,371.0,1.0,371.0,68
2023-05-09 22:03:39,SR401P6800,SR401P6800,371.0,0.0,0.0,0.0,5,368.5,375.5,5,364.0,371.0,371.0,371.0,1.0,371.0,68
2023-05-09 22:03:48,SR401P6800,SR401P6800,371.0,0.0,0.0,0.0,5,370.0,375.5,5,364.0,371.0,371.0,371.0,1.0,371.0,68
2023-05-09 22:03:50,SR401P6800,SR401P6800,371.0,0.0,0.0,0.0,5,370.0,378.5,5,364.0,371.0,371.0,371.0,1.0,371.0,68
2023-05-09 22:03:51,SR401P6800,SR401P6800,371.0,0.0,0.0,0.0,5,371.5,378.5,5,364.0,371.0,371.0,371.0,1.0,371.0,68
2023-05-09 22:03:53,SR401P6800,SR401P6800,371.0,0.0,0.0,0.0,5,373.0,378.5,5,364.0,371.0,371.0,371.0,1.0,371.0,68
2023-05-09 22:03:58,SR401P6800,SR401P6800,371.0,0.0,0.0,0.0,5,371.5,378.5,5,364.0,371.0,371.0,371.0,1.0,371.0,68
2023-05-09 22:04:55,SR401P6800,SR401P6800,371.0,0.0,0.0,0.0,5,373.0,378.5,5,364.0,371.0,371.0,371.0,1.0,371.0,68
2023-05-09 22:05:20,SR401P6800,SR401P6800,371.0,0.0,0.0,0.0,5,371.5,378.5,5,364.0,371.0,371.0,371.0,1.0,371.0,68
2023-05-09 22:05:36,SR401P6800,SR401P6800,371.0,0.0,0.0,0.0,5,369.5,376.5,5,364.0,371.0,371.0,371.0,1.0,371.0,68
2023-05-09 22:07:24,SR401P6800,SR401P6800,371.0,0.0,0.0,0.0,5,367.0,374.5,5,364.0,371.0,371.0,371.0,1.0,371.0,68
2023-05-09 22:08:05,SR401P6800,SR401P6800,371.0,0.0,0.0,0.0,5,368.5,374.5,5,364.0,371.0,371.0,371.0,1.0,371.0,68
2023-05-09 22:08:13,SR401P6800,SR401P6800,371.0,0.0,0.0,0.0,5,370.0,376.5,5,364.0,371.0,371.0,371.0,1.0,371.0,68
2023-05-09 22:09:03,SR401P6800,SR401P6800,371.0,0.0,0.0,0.0,5,368.5,376.5,5,364.0,371.0,371.0,371.0,1.0,371.0,68
2023-05-09 22:09:06,SR401P6800,SR401P6800,371.0,0.0,0.0,0.0,5,368.5,374.5,5,364.0,371.0,371.0,371.0,1.0,371.0,68
2023-05-09 22:09:08,SR401P6800,SR401P6800,371.0,0.0,0.0,0.0,5,366.5,374.5,5,364.0,371.0,371.0,371.0,1.0,371.0,68
2023-05-09 22:09:11,SR401P6800,SR401P6800,371.0,0.0,0.0,0.0,5,366.5,372.5,5,364.0,371.0,371.0,371.0,1.0,371.0,68
2023-05-09 22:10:11,SR401P6800,SR401P6800,371.0,0.0,0.0,0.0,5,368.0,374.5,5,364.0,371.0,371.0,371.0,1.0,371.0,68
2023-05-09 22:11:08,SR401P6800,SR401P6800,371.0,0.0,0.0,0.0,5,366.5,374.5,5,364.0,371.0,371.0,371.0,1.0,371.0,68
2023-05-09 22:11:09,SR401P6800,SR401P6800,371.0,0.0,0.0,0.0,5,366.5,372.5,5,364.0,371.0,371.0,371.0,1.0,371.0,68
2023-05-09 22:12:15,SR401P6800,SR401P6800,371.0,0.0,0.0,0.0,5,368.0,374.5,5,364.0,371.0,371.0,371.0,1.0,371.0,68
2023-05-09 22:12:38,SR401P6800,SR401P6800,371.0,0.0,0.0,0.0,5,366.5,374.5,5,364.0,371.0,371.0,371.0,1.0,371.0,68
2023-05-09 22:12:50,SR401P6800,SR401P6800,371.0,0.0,0.0,0.0,5,368.0,374.5,5,364.0,371.0,371.0,371.0,1.0,371.0,68
2023-05-09 22:16:09,SR401P6800,SR401P6800,371.0,0.0,0.0,0.0,5,369.5,374.5,5,364.0,371.0,371.0,371.0,1.0,371.0,68
2023-05-09 22:16:25,SR401P6800,SR401P6800,371.0,0.0,0.0,0.0,5,369.5,377.5,5,364.0,371.0,371.0,371.0,1.0,371.0,68
2023-05-09 22:16:38,SR401P6800,SR401P6800,371.0,0.0,0.0,0.0,5,369.5,375.5,5,364.0,371.0,371.0,371.0,1.0,371.0,68
2023-05-09 22:17:54,SR401P6800,SR401P6800,371.0,0.0,0.0,0.0,5,371.5,377.5,5,364.0,371.0,371.0,371.0,1.0,371.0,68
2023-05-09 22:18:41,SR401P6800,SR401P6800,371.0,0.0,0.0,0.0,5,369.5,377.5,5,364.0,371.0,371.0,371.0,1.0,371.0,68
2023-05-09 22:19:08,SR401P6800,SR401P6800,371.0,0.0,0.0,0.0,5,371.0,377.5,5,364.0,371.0,371.0,371.0,1.0,371.0,68
2023-05-09 22:19:28,SR401P6800,SR401P6800,371.0,0.0,0.0,0.0,5,372.5,377.5,5,364.0,371.0,371.0,371.0,1.0,371.0,68
2023-05-09 22:19:54,SR401P6800,SR401P6800,371.0,0.0,0.0,0.0,5,372.5,380.5,5,364.0,371.0,371.0,371.0,1.0,371.0,68
2023-05-09 22:20:00,SR401P6800,SR401P6800,371.0,0.0,0.0,0.0,5,374.0,380.5,5,364.0,371.0,371.0,371.0,1.0,371.0,68
2023-05-09 22:20:42,SR401P6800,SR401P6800,371.0,0.0,0.0,0.0,5,372.5,380.5,5,364.0,371.0,371.0,371.0,1.0,371.0,68
2023-05-09 22:20:53,SR401P6800,SR401P6800,371.0,0.0,0.0,0.0,5,372.5,378.5,5,364.0,371.0,371.0,371.0,1.0,371.0,68
2023-05-09 22:21:20,SR401P6800,SR401P6800,371.0,0.0,0.0,0.0,5,374.0,380.5,5,364.0,371.0,371.0,371.0,1.0,371.0,68
2023-05-09 22:21:39,SR401P6800,SR401P6800,371.0,0.0,0.0,0.0,5,372.5,380.5,5,364.0,371.0,371.0,371.0,1.0,371.0,68
2023-05-09 22:21:44,SR401P6800,SR401P6800,371.0,0.0,0.0,0.0,5,372.5,378.5,5,364.0,371.0,371.0,371.0,1.0,371.0,68
2023-05-09 22:22:26,SR401P6800,SR401P6800,371.0,0.0,0.0,0.0,5,372.5,380.5,5,364.0,371.0,371.0,371.0,1.0,371.0,68
2023-05-09 22:22:27,SR401P6800,SR401P6800,371.0,0.0,0.0,0.0,5,374.0,380.5,5,364.0,371.0,371.0,371.0,1.0,371.0,68
2023-05-09 22:25:12,SR401P6800,SR401P6800,371.0,0.0,0.0,0.0,5,372.5,380.5,5,364.0,371.0,371.0,371.0,1.0,371.0,68
2023-05-09 22:25:31,SR401P6800,SR401P6800,371.0,0.0,0.0,0.0,5,372.5,378.5,5,364.0,371.0,371.0,371.0,1.0,371.0,68
2023-05-09 22:26:09,SR401P6800,SR401P6800,371.0,0.0,0.0,0.0,5,370.5,378.5,5,364.0,371.0,371.0,371.0,1.0,371.0,68
2023-05-09 22:26:34,SR401P6800,SR401P6800,371.0,0.0,0.0,0.0,5,372.0,378.5,5,364.0,371.0,371.0,371.0,1.0,371.0,68
2023-05-09 22:27:08,SR401P6800,SR401P6800,371.0,0.0,0.0,0.0,5,373.5,378.5,5,364.0,371.0,371.0,371.0,1.0,371.0,68
2023-05-09 22:27:15,SR401P6800,SR401P6800,371.0,0.0,0.0,0.0,5,373.5,380.5,5,364.0,371.0,371.0,371.0,1.0,371.0,68
2023-05-09 22:28:21,SR401P6800,SR401P6800,371.0,0.0,0.0,0.0,5,375.5,383.5,5,364.0,371.0,371.0,371.0,1.0,371.0,68
2023-05-09 22:28:35,SR401P6800,SR401P6800,371.0,0.0,0.0,0.0,5,377.0,383.5,5,364.0,371.0,371.0,371.0,1.0,371.0,68
2023-05-09 22:30:00,SR401P6800,SR401P6800,371.0,0.0,0.0,0.0,5,375.5,383.5,5,364.0,371.0,371.0,371.0,1.0,371.0,68
2023-05-09 22:30:20,SR401P6800,SR401P6800,371.0,0.0,0.0,0.0,5,377.0,383.5,5,364.0,371.0,371.0,371.0,1.0,371.0,68
2023-05-09 22:30:35,SR401P6800,SR401P6800,371.0,0.0,0.0,0.0,5,375.5,381.5,5,364.0,371.0,371.0,371.0,1.0,371.0,68
2023-05-09 22:30:41,SR401P6800,SR401P6800,371.0,0.0,0.0,0.0,5,373.0,381.5,5,364.0,371.0,371.0,371.0,1.0,371.0,68
2023-05-09 22:30:48,SR401P6800,SR401P6800,371.0,0.0,0.0,0.0,5,374.5,381.5,5,364.0,371.0,371.0,371.0,1.0,371.0,68
2023-05-09 22:31:20,SR401P6800,SR401P6800,371.0,0.0,0.0,0.0,5,373.0,381.5,5,364.0,371.0,371.0,371.0,1.0,371.0,68
2023-05-09 22:31:40,SR401P6800,SR401P6800,371.0,0.0,0.0,0.0,5,374.5,381.5,5,364.0,371.0,371.0,371.0,1.0,371.0,68
2023-05-09 22:32:10,SR401P6800,SR401P6800,371.0,0.0,0.0,0.0,5,376.0,381.5,5,364.0,371.0,371.0,371.0,1.0,371.0,68
2023-05-09 22:33:00,SR401P6800,SR401P6800,371.0,0.0,0.0,0.0,5,376.0,383.5,5,364.0,371.0,371.0,371.0,1.0,371.0,68
2023-05-09 22:33:01,SR401P6800,SR401P6800,371.0,0.0,0.0,0.0,5,377.5,383.5,5,364.0,371.0,371.0,371.0,1.0,371.0,68
2023-05-09 22:33:37,SR401P6800,SR401P6800,371.0,0.0,0.0,0.0,5,376.0,383.5,5,364.0,371.0,371.0,371.0,1.0,371.0,68
2023-05-09 22:33:58,SR401P6800,SR401P6800,371.0,0.0,0.0,0.0,5,376.0,381.5,5,364.0,371.0,371.0,371.0,1.0,371.0,68
2023-05-09 22:33:59,SR401P6800,SR401P6800,371.0,0.0,0.0,0.0,5,374.0,381.5,5,364.0,371.0,371.0,371.0,1.0,371.0,68
2023-05-09 22:34:32,SR401P6800,SR401P6800,371.0,0.0,0.0,0.0,5,375.5,381.5,5,364.0,371.0,371.0,371.0,1.0,371.0,68
2023-05-09 22:35:20,SR401P6800,SR401P6800,371.0,0.0,0.0,0.0,5,374.0,381.5,5,364.0,371.0,371.0,371.0,1.0,371.0,68
2023-05-09 22:35:37,SR401P6800,SR401P6800,371.0,0.0,0.0,0.0,5,371.5,379.5,5,364.0,371.0,371.0,371.0,1.0,371.0,68
2023-05-09 22:36:19,SR401P6800,SR401P6800,371.0,0.0,0.0,0.0,2,234.5,377.5,5,364.0,371.0,371.0,371.0,1.0,371.0,68
2023-05-09 22:36:19,SR401P6800,SR401P6800,371.0,0.0,0.0,0.0,2,293.5,377.5,5,364.0,371.0,371.0,371.0,1.0,371.0,68
2023-05-09 22:36:20,SR401P6800,SR401P6800,371.0,0.0,0.0,0.0,5,368.0,377.5,5,364.0,371.0,371.0,371.0,1.0,371.0,68
2023-05-09 22:36:21,SR401P6800,SR401P6800,371.0,0.0,0.0,0.0,5,368.0,375.5,5,364.0,371.0,371.0,371.0,1.0,371.0,68
2023-05-09 22:37:15,SR401P6800,SR401P6800,371.0,0.0,0.0,0.0,5,369.5,375.5,5,364.0,371.0,371.0,371.0,1.0,371.0,68
2023-05-09 22:37:25,SR401P6800,SR401P6800,371.0,0.0,0.0,0.0,5,371.0,375.5,5,364.0,371.0,371.0,371.0,1.0,371.0,68
2023-05-09 22:37:30,SR401P6800,SR401P6800,371.0,0.0,0.0,0.0,5,371.0,377.5,5,364.0,371.0,371.0,371.0,1.0,371.0,68
2023-05-09 22:39:12,SR401P6800,SR401P6800,371.0,0.0,0.0,0.0,5,369.5,377.5,5,364.0,371.0,371.0,371.0,1.0,371.0,68
2023-05-09 22:39:12,SR401P6800,SR401P6800,371.0,0.0,0.0,0.0,5,369.5,375.5,5,364.0,371.0,371.0,371.0,1.0,371.0,68
2023-05-09 22:40:53,SR401P6800,SR401P6800,371.0,0.0,0.0,0.0,5,369.5,377.5,5,364.0,371.0,371.0,371.0,1.0,371.0,68
2023-05-09 22:41:00,SR401P6800,SR401P6800,371.0,0.0,0.0,0.0,5,371.0,377.5,5,364.0,371.0,371.0,371.0,1.0,371.0,68
2023-05-09 22:41:10,SR401P6800,SR401P6800,371.0,0.0,0.0,0.0,5,369.5,377.5,5,364.0,371.0,371.0,371.0,1.0,371.0,68
2023-05-09 22:42:17,SR401P6800,SR401P6800,371.0,0.0,0.0,0.0,5,371.0,377.5,5,364.0,371.0,371.0,371.0,1.0,371.0,68
2023-05-09 22:42:45,SR401P6800,SR401P6800,371.0,0.0,0.0,0.0,5,369.5,377.5,5,364.0,371.0,371.0,371.0,1.0,371.0,68
2023-05-09 22:42:59,SR401P6800,SR401P6800,371.0,0.0,0.0,0.0,5,369.5,375.5,5,364.0,371.0,371.0,371.0,1.0,371.0,68
2023-05-09 22:44:27,SR401P6800,SR401P6800,371.0,0.0,0.0,0.0,5,367.0,375.5,5,364.0,371.0,371.0,371.0,1.0,371.0,68
2023-05-09 22:44:28,SR401P6800,SR401P6800,371.0,0.0,0.0,0.0,5,367.0,373.5,5,364.0,371.0,371.0,371.0,1.0,371.0,68
2023-05-09 22:45:08,SR401P6800,SR401P6800,371.0,0.0,0.0,0.0,5,364.5,373.5,5,364.0,371.0,371.0,371.0,1.0,371.0,68
2023-05-09 22:45:18,SR401P6800,SR401P6800,371.0,0.0,0.0,0.0,5,364.5,371.5,5,364.0,371.0,371.0,371.0,1.0,371.0,68
2023-05-09 22:46:05,SR401P6800,SR401P6800,371.0,0.0,0.0,0.0,5,364.5,373.5,5,364.0,371.0,371.0,371.0,1.0,371.0,68
2023-05-09 22:46:06,SR401P6800,SR401P6800,371.0,0.0,0.0,0.0,5,366.5,373.5,5,364.0,371.0,371.0,371.0,1.0,371.0,68
2023-05-09 22:48:02,SR401P6800,SR401P6800,371.0,0.0,0.0,0.0,5,364.5,371.5,5,364.0,371.0,371.0,371.0,1.0,371.0,68
2023-05-09 22:49:16,SR401P6800,SR401P6800,371.0,0.0,0.0,0.0,5,366.0,371.5,5,364.0,371.0,371.0,371.0,1.0,371.0,68
2023-05-09 22:49:19,SR401P6800,SR401P6800,371.0,0.0,0.0,0.0,5,366.0,373.5,5,364.0,371.0,371.0,371.0,1.0,371.0,68
2023-05-09 22:50:41,SR401P6800,SR401P6800,371.0,0.0,0.0,0.0,5,366.0,371.5,5,364.0,371.0,371.0,371.0,1.0,371.0,68
2023-05-09 22:50:55,SR401P6800,SR401P6800,371.0,0.0,0.0,0.0,5,364.5,371.5,5,364.0,371.0,371.0,371.0,1.0,371.0,68
2023-05-09 22:52:52,SR401P6800,SR401P6800,371.0,0.0,0.0,0.0,5,366.0,371.5,5,364.0,371.0,371.0,371.0,1.0,371.0,68
2023-05-09 22:54:08,SR401P6800,SR401P6800,371.0,0.0,0.0,0.0,5,364.5,371.5,5,364.0,371.0,371.0,371.0,1.0,371.0,68
2023-05-09 22:56:02,SR401P6800,SR401P6800,371.0,0.0,0.0,0.0,2,352.5,393.5,2,364.0,371.0,371.0,371.0,1.0,371.0,68
2023-05-09 22:56:36,SR401P6800,SR401P6800,371.0,0.0,0.0,0.0,10,119.5,0.0,0,364.0,371.0,371.0,371.0,1.0,371.0,68
2023-05-09 22:56:36,SR401P6800,SR401P6800,371.0,0.0,0.0,0.0,2,127.5,0.0,0,364.0,371.0,371.0,371.0,1.0,371.0,68
2023-05-09 22:56:36,SR401P6800,SR401P6800,371.0,0.0,0.0,0.0,10,128.0,0.0,0,364.0,371.0,371.0,371.0,1.0,371.0,68
2023-05-09 22:56:38,SR401P6800,SR401P6800,371.0,0.0,0.0,0.0,2,136.0,0.0,0,364.0,371.0,371.0,371.0,1.0,371.0,68
2023-05-09 22:56:39,SR401P6800,SR401P6800,371.0,0.0,0.0,0.0,10,136.5,0.0,0,364.0,371.0,371.0,371.0,1.0,371.0,68
2023-05-09 22:56:40,SR401P6800,SR401P6800,371.0,0.0,0.0,0.0,2,144.5,0.0,0,364.0,371.0,371.0,371.0,1.0,371.0,68
2023-05-09 22:56:40,SR401P6800,SR401P6800,371.0,0.0,0.0,0.0,10,145.0,771.0,10,364.0,371.0,371.0,371.0,1.0,371.0,68
2023-05-09 22:56:41,SR401P6800,SR401P6800,371.0,0.0,0.0,0.0,10,145.0,770.0,10,364.0,371.0,371.0,371.0,1.0,371.0,68
2023-05-09 22:56:41,SR401P6800,SR401P6800,371.0,0.0,0.0,0.0,1,146.5,768.5,1,364.0,371.0,371.0,371.0,1.0,371.0,68
2023-05-09 22:56:42,SR401P6800,SR401P6800,371.0,0.0,0.0,0.0,2,154.5,768.0,10,364.0,371.0,371.0,371.0,1.0,371.0,68
2023-05-09 22:56:42,SR401P6800,SR401P6800,371.0,0.0,0.0,0.0,10,155.0,768.0,10,364.0,371.0,371.0,371.0,1.0,371.0,68
2023-05-09 22:56:43,SR401P6800,SR401P6800,371.0,0.0,0.0,0.0,1,156.5,768.0,10,364.0,371.0,371.0,371.0,1.0,371.0,68
2023-05-09 22:56:43,SR401P6800,SR401P6800,371.0,0.0,0.0,0.0,10,157.0,768.0,10,364.0,371.0,371.0,371.0,1.0,371.0,68
2023-05-09 22:56:44,SR401P6800,SR401P6800,371.0,0.0,0.0,0.0,2,165.0,768.0,10,364.0,371.0,371.0,371.0,1.0,371.0,68
2023-05-09 22:56:44,SR401P6800,SR401P6800,371.0,0.0,0.0,0.0,1,166.5,766.5,1,364.0,371.0,371.0,371.0,1.0,371.0,68
2023-05-09 22:56:45,SR401P6800,SR401P6800,371.0,0.0,0.0,0.0,2,174.5,766.0,10,364.0,371.0,371.0,371.0,1.0,371.0,68
2023-05-09 22:56:45,SR401P6800,SR401P6800,371.0,0.0,0.0,0.0,10,175.0,766.0,10,364.0,371.0,371.0,371.0,1.0,371.0,68
2023-05-09 22:56:46,SR401P6800,SR401P6800,371.0,0.0,0.0,0.0,2,183.0,766.0,10,364.0,371.0,371.0,371.0,1.0,371.0,68
2023-05-09 22:56:46,SR401P6800,SR401P6800,371.0,0.0,0.0,0.0,10,183.5,766.0,10,364.0,371.0,371.0,371.0,1.0,371.0,68
2023-05-09 22:56:47,SR401P6800,SR401P6800,371.0,0.0,0.0,0.0,1,185.0,764.5,1,364.0,371.0,371.0,371.0,1.0,371.0,68
2023-05-09 22:56:47,SR401P6800,SR401P6800,371.0,0.0,0.0,0.0,2,191.5,764.0,10,364.0,371.0,371.0,371.0,1.0,371.0,68
2023-05-09 22:56:48,SR401P6800,SR401P6800,371.0,0.0,0.0,0.0,1,193.0,762.5,1,364.0,371.0,371.0,371.0,1.0,371.0,68
2023-05-09 22:56:48,SR401P6800,SR401P6800,371.0,0.0,0.0,0.0,10,193.5,762.0,10,364.0,371.0,371.0,371.0,1.0,371.0,68
2023-05-09 22:56:49,SR401P6800,SR401P6800,371.0,0.0,0.0,0.0,2,201.0,760.5,1,364.0,371.0,371.0,371.0,1.0,371.0,68
2023-05-09 22:56:49,SR401P6800,SR401P6800,371.0,0.0,0.0,0.0,10,201.5,760.0,10,364.0,371.0,371.0,371.0,1.0,371.0,68
2023-05-09 22:56:50,SR401P6800,SR401P6800,371.0,0.0,0.0,0.0,2,209.5,758.5,1,364.0,371.0,371.0,371.0,1.0,371.0,68
2023-05-09 22:56:50,SR401P6800,SR401P6800,371.0,0.0,0.0,0.0,10,210.0,758.0,10,364.0,371.0,371.0,371.0,1.0,371.0,68
2023-05-09 22:56:51,SR401P6800,SR401P6800,371.0,0.0,0.0,0.0,1,211.5,756.5,1,364.0,371.0,371.0,371.0,1.0,371.0,68
2023-05-09 22:56:51,SR401P6800,SR401P6800,371.0,0.0,0.0,0.0,2,218.0,756.0,10,364.0,371.0,371.0,371.0,1.0,371.0,68
2023-05-09 22:56:52,SR401P6800,SR401P6800,371.0,0.0,0.0,0.0,10,218.5,756.0,10,364.0,371.0,371.0,371.0,1.0,371.0,68
2023-05-09 22:56:52,SR401P6800,SR401P6800,371.0,0.0,0.0,0.0,1,220.0,754.5,1,364.0,371.0,371.0,371.0,1.0,371.0,68
2023-05-09 22:56:52,SR401P6800,SR401P6800,371.0,0.0,0.0,0.0,2,226.5,754.0,10,364.0,371.0,371.0,371.0,1.0,371.0,68
2023-05-09 22:56:53,SR401P6800,SR401P6800,371.0,0.0,0.0,0.0,10,227.0,754.0,10,364.0,371.0,371.0,371.0,1.0,371.0,68
2023-05-09 22:56:54,SR401P6800,SR401P6800,371.0,0.0,0.0,0.0,2,235.0,752.5,1,364.0,371.0,371.0,371.0,1.0,371.0,68
2023-05-09 22:56:54,SR401P6800,SR401P6800,371.0,0.0,0.0,0.0,10,235.5,752.0,10,364.0,371.0,371.0,371.0,1.0,371.0,68
2023-05-09 22:56:55,SR401P6800,SR401P6800,371.0,0.0,0.0,0.0,2,243.5,752.0,10,364.0,371.0,371.0,371.0,1.0,371.0,68
2023-05-09 22:56:55,SR401P6800,SR401P6800,371.0,0.0,0.0,0.0,1,245.0,750.5,1,364.0,371.0,371.0,371.0,1.0,371.0,68
2023-05-09 22:56:56,SR401P6800,SR401P6800,371.0,0.0,0.0,0.0,10,245.5,750.0,10,364.0,371.0,371.0,371.0,1.0,371.0,68
2023-05-09 22:56:56,SR401P6800,SR401P6800,371.0,0.0,0.0,0.0,2,253.5,750.0,10,364.0,371.0,371.0,371.0,1.0,371.0,68
2023-05-09 22:56:57,SR401P6800,SR401P6800,371.0,0.0,0.0,0.0,10,255.5,748.5,1,364.0,371.0,371.0,371.0,1.0,371.0,68
2023-05-09 22:56:57,SR401P6800,SR401P6800,371.0,0.0,0.0,0.0,2,263.5,748.0,10,364.0,371.0,371.0,371.0,1.0,371.0,68
2023-05-09 22:56:58,SR401P6800,SR401P6800,371.0,0.0,0.0,0.0,10,264.0,748.0,10,364.0,371.0,371.0,371.0,1.0,371.0,68
2023-05-09 22:56:58,SR401P6800,SR401P6800,371.0,0.0,0.0,0.0,2,272.0,746.5,1,364.0,371.0,371.0,371.0,1.0,371.0,68
2023-05-09 22:56:59,SR401P6800,SR401P6800,371.0,0.0,0.0,0.0,10,272.5,746.0,10,364.0,371.0,371.0,371.0,1.0,371.0,68
2023-05-09 22:56:59,SR401P6800,SR401P6800,371.0,0.0,0.0,0.0,2,280.5,744.5,1,364.0,371.0,371.0,371.0,1.0,371.0,68
2023-05-09 22:57:00,SR401P6800,SR401P6800,371.0,0.0,0.0,0.0,10,281.0,744.0,10,364.0,371.0,371.0,371.0,1.0,371.0,68
2023-05-09 22:57:00,SR401P6800,SR401P6800,371.0,0.0,0.0,0.0,10,281.0,742.5,1,364.0,371.0,371.0,371.0,1.0,371.0,68
2023-05-09 22:57:01,SR401P6800,SR401P6800,371.0,0.0,0.0,0.0,2,289.0,742.0,10,364.0,371.0,371.0,371.0,1.0,371.0,68
2023-05-09 22:57:01,SR401P6800,SR401P6800,371.0,0.0,0.0,0.0,10,289.5,740.5,1,364.0,371.0,371.0,371.0,1.0,371.0,68
2023-05-09 22:57:02,SR401P6800,SR401P6800,371.0,0.0,0.0,0.0,2,297.5,740.0,10,364.0,371.0,371.0,371.0,1.0,371.0,68
2023-05-09 22:57:02,SR401P6800,SR401P6800,371.0,0.0,0.0,0.0,10,298.0,740.0,10,364.0,371.0,371.0,371.0,1.0,371.0,68
2023-05-09 22:57:03,SR401P6800,SR401P6800,371.0,0.0,0.0,0.0,10,298.0,738.5,1,364.0,371.0,371.0,371.0,1.0,371.0,68
2023-05-09 22:57:03,SR401P6800,SR401P6800,371.0,0.0,0.0,0.0,10,298.0,738.0,10,364.0,371.0,371.0,371.0,1.0,371.0,68
2023-05-09 22:57:06,SR401P6800,SR401P6800,371.0,0.0,0.0,0.0,10,298.0,736.5,1,364.0,371.0,371.0,371.0,1.0,371.0,68
2023-05-09 22:57:06,SR401P6800,SR401P6800,371.0,0.0,0.0,0.0,10,298.0,736.0,10,364.0,371.0,371.0,371.0,1.0,371.0,68
2023-05-09 22:57:07,SR401P6800,SR401P6800,371.0,0.0,0.0,0.0,10,298.0,734.5,1,364.0,371.0,371.0,371.0,1.0,371.0,68
2023-05-09 22:57:07,SR401P6800,SR401P6800,371.0,0.0,0.0,0.0,10,298.0,734.0,10,364.0,371.0,371.0,371.0,1.0,371.0,68
2023-05-09 22:57:13,SR401P6800,SR401P6800,371.0,0.0,0.0,0.0,10,298.0,732.5,1,364.0,371.0,371.0,371.0,1.0,371.0,68
2023-05-09 22:57:13,SR401P6800,SR401P6800,371.0,0.0,0.0,0.0,10,298.0,732.0,10,364.0,371.0,371.0,371.0,1.0,371.0,68
2023-05-09 22:57:17,SR401P6800,SR401P6800,371.0,0.0,0.0,0.0,10,298.0,730.5,1,364.0,371.0,371.0,371.0,1.0,371.0,68
2023-05-09 22:57:17,SR401P6800,SR401P6800,371.0,0.0,0.0,0.0,10,298.0,730.0,10,364.0,371.0,371.0,371.0,1.0,371.0,68
2023-05-09 22:57:19,SR401P6800,SR401P6800,371.0,0.0,0.0,0.0,10,298.0,728.5,1,364.0,371.0,371.0,371.0,1.0,371.0,68
2023-05-09 22:57:19,SR401P6800,SR401P6800,371.0,0.0,0.0,0.0,10,298.0,728.0,10,364.0,371.0,371.0,371.0,1.0,371.0,68
2023-05-09 22:57:21,SR401P6800,SR401P6800,371.0,0.0,0.0,0.0,10,298.0,726.5,1,364.0,371.0,371.0,371.0,1.0,371.0,68
2023-05-09 22:57:21,SR401P6800,SR401P6800,371.0,0.0,0.0,0.0,10,298.0,726.0,10,364.0,371.0,371.0,371.0,1.0,371.0,68
2023-05-09 22:57:22,SR401P6800,SR401P6800,371.0,0.0,0.0,0.0,10,298.0,724.5,1,364.0,371.0,371.0,371.0,1.0,371.0,68
2023-05-09 22:57:22,SR401P6800,SR401P6800,371.0,0.0,0.0,0.0,10,298.0,724.0,10,364.0,371.0,371.0,371.0,1.0,371.0,68
2023-05-09 22:57:26,SR401P6800,SR401P6800,371.0,0.0,0.0,0.0,10,298.0,722.5,1,364.0,371.0,371.0,371.0,1.0,371.0,68
2023-05-09 22:57:26,SR401P6800,SR401P6800,371.0,0.0,0.0,0.0,10,298.0,722.0,10,364.0,371.0,371.0,371.0,1.0,371.0,68
2023-05-09 22:57:27,SR401P6800,SR401P6800,371.0,0.0,0.0,0.0,10,298.0,720.5,1,364.0,371.0,371.0,371.0,1.0,371.0,68
2023-05-09 22:57:27,SR401P6800,SR401P6800,371.0,0.0,0.0,0.0,10,298.0,720.0,10,364.0,371.0,371.0,371.0,1.0,371.0,68
2023-05-09 22:57:28,SR401P6800,SR401P6800,371.0,0.0,0.0,0.0,10,298.0,718.5,1,364.0,371.0,371.0,371.0,1.0,371.0,68
2023-05-09 22:57:28,SR401P6800,SR401P6800,371.0,0.0,0.0,0.0,10,298.0,718.0,10,364.0,371.0,371.0,371.0,1.0,371.0,68
2023-05-09 22:57:29,SR401P6800,SR401P6800,371.0,0.0,0.0,0.0,10,298.0,716.5,1,364.0,371.0,371.0,371.0,1.0,371.0,68
2023-05-09 22:57:29,SR401P6800,SR401P6800,371.0,0.0,0.0,0.0,10,298.0,716.0,10,364.0,371.0,371.0,371.0,1.0,371.0,68
2023-05-09 22:57:30,SR401P6800,SR401P6800,371.0,0.0,0.0,0.0,10,298.0,714.5,1,364.0,371.0,371.0,371.0,1.0,371.0,68
2023-05-09 22:57:30,SR401P6800,SR401P6800,371.0,0.0,0.0,0.0,10,298.0,714.0,10,364.0,371.0,371.0,371.0,1.0,371.0,68
2023-05-09 22:57:31,SR401P6800,SR401P6800,371.0,0.0,0.0,0.0,10,298.0,712.5,1,364.0,371.0,371.0,371.0,1.0,371.0,68
2023-05-09 22:57:31,SR401P6800,SR401P6800,371.0,0.0,0.0,0.0,10,298.0,712.0,10,364.0,371.0,371.0,371.0,1.0,371.0,68
2023-05-09 22:57:32,SR401P6800,SR401P6800,371.0,0.0,0.0,0.0,10,298.0,710.5,1,364.0,371.0,371.0,371.0,1.0,371.0,68
2023-05-09 22:57:32,SR401P6800,SR401P6800,371.0,0.0,0.0,0.0,10,298.0,710.0,10,364.0,371.0,371.0,371.0,1.0,371.0,68
2023-05-09 22:57:35,SR401P6800,SR401P6800,371.0,0.0,0.0,0.0,10,298.0,708.5,1,364.0,371.0,371.0,371.0,1.0,371.0,68
2023-05-09 22:57:35,SR401P6800,SR401P6800,371.0,0.0,0.0,0.0,1,120.0,708.5,1,364.0,371.0,371.0,371.0,1.0,371.0,68
2023-05-09 22:57:37,SR401P6800,SR401P6800,371.0,0.0,0.0,0.0,1,121.5,708.5,1,364.0,371.0,371.0,371.0,1.0,371.0,68
2023-05-09 22:59:55,SR401P6800,SR401P6800,371.0,0.0,0.0,0.0,1,120.0,770.5,1,364.0,371.0,371.0,371.0,1.0,371.0,68
2023-05-10 09:00:02,SR401P6800,SR401P6800,371.0,0.0,0.0,0.0,2,228.0,770.5,1,364.0,371.0,371.0,371.0,1.0,371.0,68
2023-05-10 09:00:04,SR401P6800,SR401P6800,371.0,0.0,0.0,0.0,2,228.0,498.5,2,364.0,371.0,371.0,371.0,1.0,371.0,68
2023-05-10 09:00:24,SR401P6800,SR401P6800,371.0,0.0,0.0,0.0,2,263.0,498.5,2,364.0,371.0,371.0,371.0,1.0,371.0,68
2023-05-10 09:01:13,SR401P6800,SR401P6800,371.0,0.0,0.0,0.0,2,305.5,498.0,10,364.0,371.0,371.0,371.0,1.0,371.0,68
2023-05-10 09:01:14,SR401P6800,SR401P6800,371.0,0.0,0.0,0.0,2,305.5,463.5,2,364.0,371.0,371.0,371.0,1.0,371.0,68
2023-05-10 09:01:14,SR401P6800,SR401P6800,371.0,0.0,0.0,0.0,2,305.5,428.5,2,364.0,371.0,371.0,371.0,1.0,371.0,68
2023-05-10 09:01:23,SR401P6800,SR401P6800,371.0,0.0,0.0,0.0,2,306.0,428.5,2,364.0,371.0,371.0,371.0,1.0,371.0,68
2023-05-10 09:01:23,SR401P6800,SR401P6800,371.0,0.0,0.0,0.0,2,343.5,428.5,2,364.0,371.0,371.0,371.0,1.0,371.0,68
2023-05-10 09:01:24,SR401P6800,SR401P6800,371.0,0.0,0.0,0.0,5,363.5,428.5,2,364.0,371.0,371.0,371.0,1.0,371.0,68
2023-05-10 09:01:25,SR401P6800,SR401P6800,371.0,0.0,0.0,0.0,5,363.5,372.0,5,364.0,371.0,371.0,371.0,1.0,371.0,68
2023-05-10 09:01:36,SR401P6800,SR401P6800,371.0,0.0,0.0,0.0,5,365.5,372.0,5,364.0,371.0,371.0,371.0,1.0,371.0,68
2023-05-10 09:02:42,SR401P6800,SR401P6800,371.0,0.0,0.0,0.0,5,363.5,372.0,5,364.0,371.0,371.0,371.0,1.0,371.0,68
2023-05-10 09:03:38,SR401P6800,SR401P6800,371.0,0.0,0.0,0.0,5,363.5,370.0,5,364.0,371.0,371.0,371.0,1.0,371.0,68
2023-05-10 09:04:54,SR401P6800,SR401P6800,371.0,0.0,0.0,0.0,5,365.0,370.0,5,364.0,371.0,371.0,371.0,1.0,371.0,68
2023-05-10 09:06:41,SR401P6800,SR401P6800,371.0,0.0,0.0,0.0,5,363.5,370.0,5,364.0,371.0,371.0,371.0,1.0,371.0,68
2023-05-10 09:06:59,SR401P6800,SR401P6800,371.0,0.0,0.0,0.0,5,363.5,368.0,5,364.0,371.0,371.0,371.0,1.0,371.0,68
2023-05-10 09:07:12,SR401P6800,SR401P6800,371.0,0.0,0.0,0.0,5,361.0,368.0,5,364.0,371.0,371.0,371.0,1.0,371.0,68
2023-05-10 09:07:22,SR401P6800,SR401P6800,371.0,0.0,0.0,0.0,5,361.0,366.5,5,364.0,371.0,371.0,371.0,1.0,371.0,68
2023-05-10 09:07:34,SR401P6800,SR401P6800,371.0,0.0,0.0,0.0,5,359.0,365.0,5,364.0,371.0,371.0,371.0,1.0,371.0,68
2023-05-10 09:08:16,SR401P6800,SR401P6800,371.0,0.0,0.0,0.0,5,359.0,363.5,5,364.0,371.0,371.0,371.0,1.0,371.0,68
2023-05-10 09:08:17,SR401P6800,SR401P6800,371.0,0.0,0.0,0.0,5,357.0,363.5,5,364.0,371.0,371.0,371.0,1.0,371.0,68
2023-05-10 09:08:25,SR401P6800,SR401P6800,371.0,0.0,0.0,0.0,5,357.0,361.5,5,364.0,371.0,371.0,371.0,1.0,371.0,68
2023-05-10 09:08:28,SR401P6800,SR401P6800,371.0,0.0,0.0,0.0,5,355.0,361.5,5,364.0,371.0,371.0,371.0,1.0,371.0,68
2023-05-10 09:08:38,SR401P6800,SR401P6800,371.0,0.0,0.0,0.0,5,356.5,361.5,5,364.0,371.0,371.0,371.0,1.0,371.0,68
2023-05-10 09:08:59,SR401P6800,SR401P6800,371.0,0.0,0.0,0.0,5,355.0,361.5,5,364.0,371.0,371.0,371.0,1.0,371.0,68
2023-05-10 09:09:01,SR401P6800,SR401P6800,371.0,0.0,0.0,0.0,5,355.0,359.5,5,364.0,371.0,371.0,371.0,1.0,371.0,68
2023-05-10 09:10:00,SR401P6800,SR401P6800,371.0,0.0,0.0,0.0,5,355.0,361.5,5,364.0,371.0,371.0,371.0,1.0,371.0,68
2023-05-10 09:10:26,SR401P6800,SR401P6800,371.0,0.0,0.0,0.0,5,356.5,361.5,5,364.0,371.0,371.0,371.0,1.0,371.0,68
2023-05-10 09:10:45,SR401P6800,SR401P6800,371.0,0.0,0.0,0.0,5,356.5,364.0,5,364.0,371.0,371.0,371.0,1.0,371.0,68
2023-05-10 09:10:56,SR401P6800,SR401P6800,371.0,0.0,0.0,0.0,5,358.0,364.0,5,364.0,371.0,371.0,371.0,1.0,371.0,68
2023-05-10 09:11:04,SR401P6800,SR401P6800,371.0,0.0,0.0,0.0,5,359.5,364.0,5,364.0,371.0,371.0,371.0,1.0,371.0,68
2023-05-10 09:12:00,SR401P6800,SR401P6800,371.0,0.0,0.0,0.0,5,359.5,366.5,5,364.0,371.0,371.0,371.0,1.0,371.0,68
2023-05-10 09:12:01,SR401P6800,SR401P6800,371.0,0.0,0.0,0.0,5,361.0,366.5,5,364.0,371.0,371.0,371.0,1.0,371.0,68
2023-05-10 09:13:22,SR401P6800,SR401P6800,371.0,0.0,0.0,0.0,5,362.5,369.0,5,364.0,371.0,371.0,371.0,1.0,371.0,68
2023-05-10 09:15:13,SR401P6800,SR401P6800,371.0,0.0,0.0,0.0,5,364.0,369.0,5,364.0,371.0,371.0,371.0,1.0,371.0,68
2023-05-10 09:15:52,SR401P6800,SR401P6800,371.0,0.0,0.0,0.0,5,362.5,369.0,5,364.0,371.0,371.0,371.0,1.0,371.0,68
2023-05-10 09:16:50,SR401P6800,SR401P6800,371.0,0.0,0.0,0.0,5,364.0,369.0,5,364.0,371.0,371.0,371.0,1.0,371.0,68
2023-05-10 09:18:30,SR401P6800,SR401P6800,371.0,0.0,0.0,0.0,5,365.5,371.5,5,364.0,371.0,371.0,371.0,1.0,371.0,68
2023-05-10 09:18:45,SR401P6800,SR401P6800,371.0,0.0,0.0,0.0,5,364.0,371.5,5,364.0,371.0,371.0,371.0,1.0,371.0,68
2023-05-10 09:18:55,SR401P6800,SR401P6800,371.0,0.0,0.0,0.0,5,364.0,370.0,5,364.0,371.0,371.0,371.0,1.0,371.0,68
2023-05-10 09:19:32,SR401P6800,SR401P6800,371.0,0.0,0.0,0.0,5,364.0,368.5,5,364.0,371.0,371.0,371.0,1.0,371.0,68
2023-05-10 09:19:32,SR401P6800,SR401P6800,371.0,0.0,0.0,0.0,5,362.0,368.5,5,364.0,371.0,371.0,371.0,1.0,371.0,68
2023-05-10 09:20:03,SR401P6800,SR401P6800,371.0,0.0,0.0,0.0,5,363.5,368.5,5,364.0,371.0,371.0,371.0,1.0,371.0,68
2023-05-10 09:21:44,SR401P6800,SR401P6800,371.0,0.0,0.0,0.0,5,365.0,370.0,5,364.0,371.0,371.0,371.0,1.0,371.0,68
2023-05-10 09:27:10,SR401P6800,SR401P6800,371.0,0.0,0.0,0.0,5,365.0,372.5,5,364.0,371.0,371.0,371.0,1.0,371.0,68
2023-05-10 09:27:14,SR401P6800,SR401P6800,371.0,0.0,0.0,0.0,5,366.5,372.5,5,364.0,371.0,371.0,371.0,1.0,371.0,68
2023-05-10 09:31:17,SR401P6800,SR401P6800,371.0,0.0,0.0,0.0,5,368.0,372.5,5,364.0,371.0,371.0,371.0,1.0,371.0,68
2023-05-10 09:31:28,SR401P6800,SR401P6800,371.0,0.0,0.0,0.0,5,368.0,375.0,5,364.0,371.0,371.0,371.0,1.0,371.0,68
2023-05-10 09:32:07,SR401P6800,SR401P6800,371.0,0.0,0.0,0.0,5,368.0,373.5,5,364.0,371.0,371.0,371.0,1.0,371.0,68
2023-05-10 09:36:03,SR401P6800,SR401P6800,371.0,0.0,0.0,0.0,5,366.5,372.0,5,364.0,371.0,371.0,371.0,1.0,371.0,68
2023-05-10 09:37:29,SR401P6800,SR401P6800,371.0,0.0,0.0,0.0,5,364.5,372.0,5,364.0,371.0,371.0,371.0,1.0,371.0,68
2023-05-10 09:37:30,SR401P6800,SR401P6800,371.0,0.0,0.0,0.0,5,364.5,370.5,5,364.0,371.0,371.0,371.0,1.0,371.0,68
2023-05-10 09:43:55,SR401P6800,SR401P6800,371.0,0.0,0.0,0.0,5,362.5,368.5,5,364.0,371.0,371.0,371.0,1.0,371.0,68
2023-05-10 09:44:19,SR401P6800,SR401P6800,371.0,0.0,0.0,0.0,5,362.5,367.0,5,364.0,371.0,371.0,371.0,1.0,371.0,68
2023-05-10 09:44:20,SR401P6800,SR401P6800,371.0,0.0,0.0,0.0,5,360.5,367.0,5,364.0,371.0,371.0,371.0,1.0,371.0,68
2023-05-10 09:45:18,SR401P6800,SR401P6800,371.0,0.0,0.0,0.0,5,361.5,367.0,5,364.0,371.0,371.0,371.0,1.0,371.0,68
2023-05-10 09:49:56,SR401P6800,SR401P6800,371.0,0.0,0.0,0.0,5,360.5,365.5,5,364.0,371.0,371.0,371.0,1.0,371.0,68
2023-05-10 09:50:16,SR401P6800,SR401P6800,371.0,0.0,0.0,0.0,5,358.5,365.5,5,364.0,371.0,371.0,371.0,1.0,371.0,68
2023-05-10 09:51:39,SR401P6800,SR401P6800,371.0,0.0,0.0,0.0,5,360.0,365.5,5,364.0,371.0,371.0,371.0,1.0,371.0,68
2023-05-10 09:53:09,SR401P6800,SR401P6800,371.0,0.0,0.0,0.0,5,361.0,365.5,5,364.0,371.0,371.0,371.0,1.0,371.0,68
2023-05-10 09:53:23,SR401P6800,SR401P6800,371.0,0.0,0.0,0.0,5,361.0,367.0,5,364.0,371.0,371.0,371.0,1.0,371.0,68
2023-05-10 09:53:55,SR401P6800,SR401P6800,371.0,0.0,0.0,0.0,5,362.5,367.0,5,364.0,371.0,371.0,371.0,1.0,371.0,68
2023-05-10 09:56:37,SR401P6800,SR401P6800,371.0,0.0,0.0,0.0,5,363.5,369.5,5,364.0,371.0,371.0,371.0,1.0,371.0,68
2023-05-10 10:00:21,SR401P6800,SR401P6800,371.0,0.0,0.0,0.0,5,363.5,368.0,5,364.0,371.0,371.0,371.0,1.0,371.0,68
2023-05-10 10:00:39,SR401P6800,SR401P6800,371.0,0.0,0.0,0.0,5,362.5,368.0,5,364.0,371.0,371.0,371.0,1.0,371.0,68
2023-05-10 10:01:57,SR401P6800,SR401P6800,371.0,0.0,0.0,0.0,5,360.5,368.0,5,364.0,371.0,371.0,371.0,1.0,371.0,68
2023-05-10 10:02:18,SR401P6800,SR401P6800,371.0,0.0,0.0,0.0,5,360.5,366.5,5,364.0,371.0,371.0,371.0,1.0,371.0,68
2023-05-10 10:05:48,SR401P6800,SR401P6800,371.0,0.0,0.0,0.0,5,360.5,364.5,5,364.0,371.0,371.0,371.0,1.0,371.0,68
2023-05-10 10:05:48,SR401P6800,SR401P6800,371.0,0.0,0.0,0.0,5,358.5,364.5,5,364.0,371.0,371.0,371.0,1.0,371.0,68
2023-05-10 10:07:49,SR401P6800,SR401P6800,371.0,0.0,0.0,0.0,5,360.0,364.5,5,364.0,371.0,371.0,371.0,1.0,371.0,68
2023-05-10 10:09:04,SR401P6800,SR401P6800,371.0,0.0,0.0,0.0,5,358.5,364.5,5,364.0,371.0,371.0,371.0,1.0,371.0,68
2023-05-10 10:10:03,SR401P6800,SR401P6800,371.0,0.0,0.0,0.0,5,358.5,363.0,5,364.0,371.0,371.0,371.0,1.0,371.0,68
2023-05-10 10:10:04,SR401P6800,SR401P6800,371.0,0.0,0.0,0.0,5,356.5,363.0,5,364.0,371.0,371.0,371.0,1.0,371.0,68
2023-05-10 10:10:26,SR401P6800,SR401P6800,371.0,0.0,0.0,0.0,5,357.5,363.0,5,364.0,371.0,371.0,371.0,1.0,371.0,68
2023-05-10 10:13:15,SR401P6800,SR401P6800,371.0,0.0,0.0,0.0,5,358.5,363.0,5,364.0,371.0,371.0,371.0,1.0,371.0,68
2023-05-10 10:13:30,SR401P6800,SR401P6800,371.0,0.0,0.0,0.0,5,359.5,364.5,5,364.0,371.0,371.0,371.0,1.0,371.0,68
2023-05-10 10:31:26,SR401P6800,SR401P6800,371.0,0.0,0.0,0.0,5,358.5,364.5,5,364.0,371.0,371.0,371.0,1.0,371.0,68
2023-05-10 10:32:33,SR401P6800,SR401P6800,371.0,0.0,0.0,0.0,5,356.5,362.5,5,364.0,371.0,371.0,371.0,1.0,371.0,68
2023-05-10 10:32:39,SR401P6800,SR401P6800,371.0,0.0,0.0,0.0,5,357.5,362.5,5,364.0,371.0,371.0,371.0,1.0,371.0,68
2023-05-10 10:35:35,SR401P6800,SR401P6800,371.0,0.0,0.0,0.0,5,356.5,362.5,5,364.0,371.0,371.0,371.0,1.0,371.0,68
2023-05-10 10:39:26,SR401P6800,SR401P6800,371.0,0.0,0.0,0.0,5,357.5,362.5,5,364.0,371.0,371.0,371.0,1.0,371.0,68
2023-05-10 10:39:27,SR401P6800,SR401P6800,371.0,0.0,0.0,0.0,5,357.5,364.5,5,364.0,371.0,371.0,371.0,1.0,371.0,68
2023-05-10 10:39:40,SR401P6800,SR401P6800,371.0,0.0,0.0,0.0,5,358.5,364.5,5,364.0,371.0,371.0,371.0,1.0,371.0,68
2023-05-10 10:45:12,SR401P6800,SR401P6800,371.0,0.0,0.0,0.0,5,359.5,364.5,5,364.0,371.0,371.0,371.0,1.0,371.0,68
2023-05-10 10:45:53,SR401P6800,SR401P6800,371.0,0.0,0.0,0.0,5,360.5,364.5,5,364.0,371.0,371.0,371.0,1.0,371.0,68
2023-05-10 10:46:06,SR401P6800,SR401P6800,371.0,0.0,0.0,0.0,5,360.5,367.0,5,364.0,371.0,371.0,371.0,1.0,371.0,68
2023-05-10 10:46:56,SR401P6800,SR401P6800,371.0,0.0,0.0,0.0,5,360.5,365.5,5,364.0,371.0,371.0,371.0,1.0,371.0,68
2023-05-10 10:51:41,SR401P6800,SR401P6800,371.0,0.0,0.0,0.0,5,362.0,365.5,5,364.0,371.0,371.0,371.0,1.0,371.0,68
2023-05-10 10:51:58,SR401P6800,SR401P6800,371.0,0.0,0.0,0.0,5,362.0,367.0,5,364.0,371.0,371.0,371.0,1.0,371.0,68
2023-05-10 10:52:36,SR401P6800,SR401P6800,371.0,0.0,0.0,0.0,5,360.5,367.0,5,364.0,371.0,371.0,371.0,1.0,371.0,68
2023-05-10 10:56:56,SR401P6800,SR401P6800,371.0,0.0,0.0,0.0,5,362.5,367.0,5,364.0,371.0,371.0,371.0,1.0,371.0,68
2023-05-10 10:57:42,SR401P6800,SR401P6800,371.0,0.0,0.0,0.0,5,362.5,369.5,5,364.0,371.0,371.0,371.0,1.0,371.0,68
2023-05-10 10:57:57,SR401P6800,SR401P6800,371.0,0.0,0.0,0.0,5,364.0,369.5,5,364.0,371.0,371.0,371.0,1.0,371.0,68
2023-05-10 11:02:35,SR401P6800,SR401P6800,371.0,0.0,0.0,0.0,5,362.5,369.5,5,364.0,371.0,371.0,371.0,1.0,371.0,68
2023-05-10 11:03:00,SR401P6800,SR401P6800,371.0,0.0,0.0,0.0,5,362.5,367.5,5,364.0,371.0,371.0,371.0,1.0,371.0,68
2023-05-10 11:07:35,SR401P6800,SR401P6800,371.0,0.0,0.0,0.0,5,360.5,367.5,5,364.0,371.0,371.0,371.0,1.0,371.0,68
2023-05-10 11:08:20,SR401P6800,SR401P6800,371.0,0.0,0.0,0.0,5,358.5,367.5,5,364.0,371.0,371.0,371.0,1.0,371.0,68
2023-05-10 11:08:21,SR401P6800,SR401P6800,371.0,0.0,0.0,0.0,5,358.5,364.5,5,364.0,371.0,371.0,371.0,1.0,371.0,68
2023-05-10 11:08:22,SR401P6800,SR401P6800,371.0,0.0,0.0,0.0,2,286.0,362.5,5,364.0,371.0,371.0,371.0,1.0,371.0,68
2023-05-10 11:08:23,SR401P6800,SR401P6800,371.0,0.0,0.0,0.0,2,343.0,362.5,5,364.0,371.0,371.0,371.0,1.0,371.0,68
2023-05-10 11:08:23,SR401P6800,SR401P6800,371.0,0.0,0.0,0.0,5,356.0,362.5,5,364.0,371.0,371.0,371.0,1.0,371.0,68
2023-05-10 11:08:27,SR401P6800,SR401P6800,371.0,0.0,0.0,0.0,5,357.0,362.5,5,364.0,371.0,371.0,371.0,1.0,371.0,68
2023-05-10 11:08:48,SR401P6800,SR401P6800,371.0,0.0,0.0,0.0,5,358.0,362.5,5,364.0,371.0,371.0,371.0,1.0,371.0,68
2023-05-10 11:09:12,SR401P6800,SR401P6800,371.0,0.0,0.0,0.0,5,357.0,362.5,5,364.0,371.0,371.0,371.0,1.0,371.0,68
2023-05-10 11:09:34,SR401P6800,SR401P6800,371.0,0.0,0.0,0.0,5,355.0,362.5,5,364.0,371.0,371.0,371.0,1.0,371.0,68
2023-05-10 11:09:43,SR401P6800,SR401P6800,371.0,0.0,0.0,0.0,5,355.0,360.0,5,364.0,371.0,371.0,371.0,1.0,371.0,68
2023-05-10 11:10:07,SR401P6800,SR401P6800,371.0,0.0,0.0,0.0,5,356.0,360.0,5,364.0,371.0,371.0,371.0,1.0,371.0,68
2023-05-10 11:10:08,SR401P6800,SR401P6800,371.0,0.0,0.0,0.0,5,356.0,362.5,5,364.0,371.0,371.0,371.0,1.0,371.0,68
2023-05-10 11:11:34,SR401P6800,SR401P6800,371.0,0.0,0.0,0.0,5,356.0,360.5,5,364.0,371.0,371.0,371.0,1.0,371.0,68
2023-05-10 11:11:55,SR401P6800,SR401P6800,371.0,0.0,0.0,0.0,5,356.0,362.5,5,364.0,371.0,371.0,371.0,1.0,371.0,68
2023-05-10 11:12:12,SR401P6800,SR401P6800,371.0,0.0,0.0,0.0,5,356.0,361.0,5,364.0,371.0,371.0,371.0,1.0,371.0,68
2023-05-10 11:13:12,SR401P6800,SR401P6800,371.0,0.0,0.0,0.0,5,355.0,361.0,5,364.0,371.0,371.0,371.0,1.0,371.0,68
2023-05-10 11:14:16,SR401P6800,SR401P6800,371.0,0.0,0.0,0.0,5,356.5,361.0,5,364.0,371.0,371.0,371.0,1.0,371.0,68
2023-05-10 11:14:51,SR401P6800,SR401P6800,371.0,0.0,0.0,0.0,5,356.5,362.5,5,364.0,371.0,371.0,371.0,1.0,371.0,68
2023-05-10 11:15:16,SR401P6800,SR401P6800,371.0,0.0,0.0,0.0,5,358.0,362.5,5,364.0,371.0,371.0,371.0,1.0,371.0,68
2023-05-10 11:15:44,SR401P6800,SR401P6800,371.0,0.0,0.0,0.0,5,358.0,365.0,5,364.0,371.0,371.0,371.0,1.0,371.0,68
2023-05-10 11:15:50,SR401P6800,SR401P6800,371.0,0.0,0.0,0.0,5,359.0,365.0,5,364.0,371.0,371.0,371.0,1.0,371.0,68
2023-05-10 11:15:59,SR401P6800,SR401P6800,371.0,0.0,0.0,0.0,5,360.0,365.0,5,364.0,371.0,371.0,371.0,1.0,371.0,68
2023-05-10 11:16:09,SR401P6800,SR401P6800,371.0,0.0,0.0,0.0,5,360.0,367.5,5,364.0,371.0,371.0,371.0,1.0,371.0,68
2023-05-10 11:16:11,SR401P6800,SR401P6800,371.0,0.0,0.0,0.0,5,361.5,367.5,5,364.0,371.0,371.0,371.0,1.0,371.0,68
2023-05-10 11:17:10,SR401P6800,SR401P6800,371.0,0.0,0.0,0.0,5,361.5,366.0,5,364.0,371.0,371.0,371.0,1.0,371.0,68
2023-05-10 11:17:10,SR401P6800,SR401P6800,371.0,0.0,0.0,0.0,5,360.0,366.0,5,364.0,371.0,371.0,371.0,1.0,371.0,68
2023-05-10 11:17:23,SR401P6800,SR401P6800,371.0,0.0,0.0,0.0,5,361.0,366.0,5,364.0,371.0,371.0,371.0,1.0,371.0,68
2023-05-10 11:18:13,SR401P6800,SR401P6800,371.0,0.0,0.0,0.0,5,360.0,366.0,5,364.0,371.0,371.0,371.0,1.0,371.0,68
2023-05-10 11:18:30,SR401P6800,SR401P6800,371.0,0.0,0.0,0.0,5,360.0,364.5,5,364.0,371.0,371.0,371.0,1.0,371.0,68
2023-05-10 11:19:02,SR401P6800,SR401P6800,371.0,0.0,0.0,0.0,5,358.0,364.5,5,364.0,371.0,371.0,371.0,1.0,371.0,68
2023-05-10 11:19:32,SR401P6800,SR401P6800,371.0,0.0,0.0,0.0,5,359.0,364.5,5,364.0,371.0,371.0,371.0,1.0,371.0,68
2023-05-10 11:20:02,SR401P6800,SR401P6800,371.0,0.0,0.0,0.0,5,358.0,364.5,5,364.0,371.0,371.0,371.0,1.0,371.0,68
2023-05-10 11:20:23,SR401P6800,SR401P6800,371.0,0.0,0.0,0.0,5,359.5,364.5,5,364.0,371.0,371.0,371.0,1.0,371.0,68
2023-05-10 11:21:16,SR401P6800,SR401P6800,371.0,0.0,0.0,0.0,5,358.0,364.5,5,364.0,371.0,371.0,371.0,1.0,371.0,68
2023-05-10 11:21:45,SR401P6800,SR401P6800,371.0,0.0,0.0,0.0,5,358.0,363.0,5,364.0,371.0,371.0,371.0,1.0,371.0,68
2023-05-10 11:22:50,SR401P6800,SR401P6800,371.0,0.0,0.0,0.0,5,356.0,363.0,5,364.0,371.0,371.0,371.0,1.0,371.0,68
2023-05-10 11:22:56,SR401P6800,SR401P6800,371.0,0.0,0.0,0.0,5,356.0,361.5,5,364.0,371.0,371.0,371.0,1.0,371.0,68
2023-05-10 11:23:14,SR401P6800,SR401P6800,371.0,0.0,0.0,0.0,5,357.5,361.5,5,364.0,371.0,371.0,371.0,1.0,371.0,68
2023-05-10 11:23:30,SR401P6800,SR401P6800,371.0,0.0,0.0,0.0,5,357.5,363.0,5,364.0,371.0,371.0,371.0,1.0,371.0,68
2023-05-10 11:26:54,SR401P6800,SR401P6800,371.0,0.0,0.0,0.0,5,356.0,363.0,5,364.0,371.0,371.0,371.0,1.0,371.0,68
2023-05-10 11:27:12,SR401P6800,SR401P6800,371.0,0.0,0.0,0.0,5,356.0,360.5,5,364.0,371.0,371.0,371.0,1.0,371.0,68
2023-05-10 11:29:32,SR401P6800,SR401P6800,371.0,0.0,0.0,0.0,2,263.0,498.5,2,364.0,371.0,371.0,371.0,1.0,371.0,68
2023-05-10 11:29:32,SR401P6800,SR401P6800,371.0,0.0,0.0,0.0,2,298.0,463.5,2,364.0,371.0,371.0,371.0,1.0,371.0,68
2023-05-10 11:29:33,SR401P6800,SR401P6800,371.0,0.0,0.0,0.0,2,298.0,463.0,10,364.0,371.0,371.0,371.0,1.0,371.0,68
2023-05-10 11:29:33,SR401P6800,SR401P6800,371.0,0.0,0.0,0.0,2,298.0,463.5,2,364.0,371.0,371.0,371.0,1.0,371.0,68
2023-05-10 11:29:39,SR401P6800,SR401P6800,371.0,0.0,0.0,0.0,2,224.0,463.5,2,364.0,371.0,371.0,371.0,1.0,371.0,68
2023-05-10 13:30:02,SR401P6800,SR401P6800,371.0,0.0,0.0,0.0,2,259.0,428.5,2,364.0,371.0,371.0,371.0,1.0,371.0,68
2023-05-10 13:30:02,SR401P6800,SR401P6800,371.0,0.0,0.0,0.0,10,259.5,428.0,10,364.0,371.0,371.0,371.0,1.0,371.0,68
2023-05-10 13:30:03,SR401P6800,SR401P6800,371.0,0.0,0.0,0.0,2,294.0,393.5,2,364.0,371.0,371.0,371.0,1.0,371.0,68
2023-05-10 13:30:09,SR401P6800,SR401P6800,371.0,0.0,0.0,0.0,10,219.5,487.0,10,364.0,371.0,371.0,371.0,1.0,371.0,68
2023-05-10 13:30:09,SR401P6800,SR401P6800,371.0,0.0,0.0,0.0,2,254.0,452.5,2,364.0,371.0,371.0,371.0,1.0,371.0,68
2023-05-10 13:30:10,SR401P6800,SR401P6800,371.0,0.0,0.0,0.0,2,289.0,417.5,2,364.0,371.0,371.0,371.0,1.0,371.0,68
2023-05-10 13:30:10,SR401P6800,SR401P6800,371.0,0.0,0.0,0.0,2,289.0,417.0,10,364.0,371.0,371.0,371.0,1.0,371.0,68
2023-05-10 13:30:10,SR401P6800,SR401P6800,371.0,0.0,0.0,0.0,2,289.0,389.0,2,364.0,371.0,371.0,371.0,1.0,371.0,68
2023-05-10 13:30:18,SR401P6800,SR401P6800,371.0,0.0,0.0,0.0,10,220.0,487.5,10,364.0,371.0,371.0,371.0,1.0,371.0,68
2023-05-10 13:30:18,SR401P6800,SR401P6800,371.0,0.0,0.0,0.0,2,254.5,453.0,2,364.0,371.0,371.0,371.0,1.0,371.0,68
2023-05-10 13:30:19,SR401P6800,SR401P6800,371.0,0.0,0.0,0.0,2,289.5,418.0,2,364.0,371.0,371.0,371.0,1.0,371.0,68
2023-05-10 13:30:20,SR401P6800,SR401P6800,371.0,0.0,0.0,0.0,2,289.5,417.5,10,364.0,371.0,371.0,371.0,1.0,371.0,68
2023-05-10 13:30:20,SR401P6800,SR401P6800,371.0,0.0,0.0,0.0,2,289.5,383.0,2,364.0,371.0,371.0,371.0,1.0,371.0,68
2023-05-10 13:30:25,SR401P6800,SR401P6800,371.0,0.0,0.0,0.0,10,218.5,383.0,2,364.0,371.0,371.0,371.0,1.0,371.0,68
2023-05-10 13:30:26,SR401P6800,SR401P6800,371.0,0.0,0.0,0.0,2,253.0,486.0,10,364.0,371.0,371.0,371.0,1.0,371.0,68
2023-05-10 13:30:26,SR401P6800,SR401P6800,371.0,0.0,0.0,0.0,2,288.0,451.5,2,364.0,371.0,371.0,371.0,1.0,371.0,68
2023-05-10 13:30:27,SR401P6800,SR401P6800,371.0,0.0,0.0,0.0,2,288.0,416.5,2,364.0,371.0,371.0,371.0,1.0,371.0,68
2023-05-10 13:30:27,SR401P6800,SR401P6800,371.0,0.0,0.0,0.0,2,288.0,416.0,10,364.0,371.0,371.0,371.0,1.0,371.0,68
2023-05-10 13:30:27,SR401P6800,SR401P6800,371.0,0.0,0.0,0.0,2,288.0,381.5,2,364.0,371.0,371.0,371.0,1.0,371.0,68
2023-05-10 13:30:32,SR401P6800,SR401P6800,371.0,0.0,0.0,0.0,10,254.0,381.5,2,364.0,371.0,371.0,371.0,1.0,371.0,68
2023-05-10 13:30:32,SR401P6800,SR401P6800,371.0,0.0,0.0,0.0,2,288.5,381.5,2,364.0,371.0,371.0,371.0,1.0,371.0,68
2023-05-10 13:30:33,SR401P6800,SR401P6800,371.0,0.0,0.0,0.0,2,288.5,485.0,10,364.0,371.0,371.0,371.0,1.0,371.0,68
2023-05-10 13:30:33,SR401P6800,SR401P6800,371.0,0.0,0.0,0.0,2,288.5,450.5,2,364.0,371.0,371.0,371.0,1.0,371.0,68
2023-05-10 13:30:34,SR401P6800,SR401P6800,371.0,0.0,0.0,0.0,2,288.5,415.5,2,364.0,371.0,371.0,371.0,1.0,371.0,68
2023-05-10 13:30:35,SR401P6800,SR401P6800,371.0,0.0,0.0,0.0,2,288.5,415.0,10,364.0,371.0,371.0,371.0,1.0,371.0,68
2023-05-10 13:30:35,SR401P6800,SR401P6800,371.0,0.0,0.0,0.0,2,288.5,380.5,2,364.0,371.0,371.0,371.0,1.0,371.0,68
2023-05-10 13:30:38,SR401P6800,SR401P6800,371.0,0.0,0.0,0.0,10,254.0,380.5,2,364.0,371.0,371.0,371.0,1.0,371.0,68
2023-05-10 13:30:38,SR401P6800,SR401P6800,371.0,0.0,0.0,0.0,2,288.5,380.5,2,364.0,371.0,371.0,371.0,1.0,371.0,68
2023-05-10 13:30:42,SR401P6800,SR401P6800,371.0,0.0,0.0,0.0,2,288.5,485.5,10,364.0,371.0,371.0,371.0,1.0,371.0,68
2023-05-10 13:30:42,SR401P6800,SR401P6800,371.0,0.0,0.0,0.0,2,288.5,451.0,2,364.0,371.0,371.0,371.0,1.0,371.0,68
2023-05-10 13:30:43,SR401P6800,SR401P6800,371.0,0.0,0.0,0.0,2,288.5,416.0,2,364.0,371.0,371.0,371.0,1.0,371.0,68
2023-05-10 13:30:44,SR401P6800,SR401P6800,371.0,0.0,0.0,0.0,2,288.5,415.5,10,364.0,371.0,371.0,371.0,1.0,371.0,68
2023-05-10 13:30:44,SR401P6800,SR401P6800,371.0,0.0,0.0,0.0,10,254.0,381.0,2,364.0,371.0,371.0,371.0,1.0,371.0,68
2023-05-10 13:30:44,SR401P6800,SR401P6800,371.0,0.0,0.0,0.0,2,288.5,381.0,2,364.0,371.0,371.0,371.0,1.0,371.0,68
2023-05-10 13:30:55,SR401P6800,SR401P6800,371.0,0.0,0.0,0.0,5,349.5,381.0,2,364.0,371.0,371.0,371.0,1.0,371.0,68
2023-05-10 13:30:56,SR401P6800,SR401P6800,371.0,0.0,0.0,0.0,5,349.5,356.0,5,364.0,371.0,371.0,371.0,1.0,371.0,68
2023-05-10 13:32:00,SR401P6800,SR401P6800,371.0,0.0,0.0,0.0,5,351.0,356.0,5,364.0,371.0,371.0,371.0,1.0,371.0,68
2023-05-10 13:32:36,SR401P6800,SR401P6800,371.0,0.0,0.0,0.0,5,351.0,359.0,5,364.0,371.0,371.0,371.0,1.0,371.0,68
2023-05-10 13:33:06,SR401P6800,SR401P6800,371.0,0.0,0.0,0.0,5,352.5,359.0,5,364.0,371.0,371.0,371.0,1.0,371.0,68
2023-05-10 13:33:50,SR401P6800,SR401P6800,371.0,0.0,0.0,0.0,5,354.0,359.0,5,364.0,371.0,371.0,371.0,1.0,371.0,68
2023-05-10 13:34:24,SR401P6800,SR401P6800,371.0,0.0,0.0,0.0,5,352.5,359.0,5,364.0,371.0,371.0,371.0,1.0,371.0,68
2023-05-10 13:35:17,SR401P6800,SR401P6800,371.0,0.0,0.0,0.0,5,354.0,359.0,5,364.0,371.0,371.0,371.0,1.0,371.0,68
2023-05-10 13:35:25,SR401P6800,SR401P6800,371.0,0.0,0.0,0.0,5,354.0,361.5,5,364.0,371.0,371.0,371.0,1.0,371.0,68
2023-05-10 13:35:53,SR401P6800,SR401P6800,371.0,0.0,0.0,0.0,5,355.5,361.5,5,364.0,371.0,371.0,371.0,1.0,371.0,68
2023-05-10 13:36:07,SR401P6800,SR401P6800,371.0,0.0,0.0,0.0,5,357.0,361.5,5,364.0,371.0,371.0,371.0,1.0,371.0,68
2023-05-10 13:36:30,SR401P6800,SR401P6800,371.0,0.0,0.0,0.0,5,357.0,364.5,5,364.0,371.0,371.0,371.0,1.0,371.0,68
2023-05-10 13:36:52,SR401P6800,SR401P6800,371.0,0.0,0.0,0.0,5,359.0,364.5,5,364.0,371.0,371.0,371.0,1.0,371.0,68
2023-05-10 13:37:26,SR401P6800,SR401P6800,371.0,0.0,0.0,0.0,5,357.0,364.5,5,364.0,371.0,371.0,371.0,1.0,371.0,68
2023-05-10 13:39:15,SR401P6800,SR401P6800,371.0,0.0,0.0,0.0,5,357.0,362.5,5,364.0,371.0,371.0,371.0,1.0,371.0,68
2023-05-10 13:42:50,SR401P6800,SR401P6800,371.0,0.0,0.0,0.0,5,355.0,362.5,5,364.0,371.0,371.0,371.0,1.0,371.0,68
2023-05-10 13:44:25,SR401P6800,SR401P6800,371.0,0.0,0.0,0.0,5,355.0,360.5,5,364.0,371.0,371.0,371.0,1.0,371.0,68
2023-05-10 13:44:34,SR401P6800,SR401P6800,371.0,0.0,0.0,0.0,5,353.0,360.5,5,364.0,371.0,371.0,371.0,1.0,371.0,68
2023-05-10 13:45:08,SR401P6800,SR401P6800,371.0,0.0,0.0,0.0,5,353.0,358.5,5,364.0,371.0,371.0,371.0,1.0,371.0,68
2023-05-10 13:47:02,SR401P6800,SR401P6800,371.0,0.0,0.0,0.0,5,351.0,358.5,5,364.0,371.0,371.0,371.0,1.0,371.0,68
2023-05-10 13:48:15,SR401P6800,SR401P6800,371.0,0.0,0.0,0.0,5,352.5,358.5,5,364.0,371.0,371.0,371.0,1.0,371.0,68
2023-05-10 13:49:27,SR401P6800,SR401P6800,371.0,0.0,0.0,0.0,5,354.0,358.5,5,364.0,371.0,371.0,371.0,1.0,371.0,68
2023-05-10 13:49:28,SR401P6800,SR401P6800,371.0,0.0,0.0,0.0,5,354.0,360.5,5,364.0,371.0,371.0,371.0,1.0,371.0,68
2023-05-10 13:51:12,SR401P6800,SR401P6800,371.0,0.0,0.0,0.0,5,355.5,360.5,5,364.0,371.0,371.0,371.0,1.0,371.0,68
2023-05-10 13:52:19,SR401P6800,SR401P6800,371.0,0.0,0.0,0.0,5,355.5,363.5,5,364.0,371.0,371.0,371.0,1.0,371.0,68
2023-05-10 13:53:39,SR401P6800,SR401P6800,371.0,0.0,0.0,0.0,5,357.5,363.5,5,364.0,371.0,371.0,371.0,1.0,371.0,68
2023-05-10 13:54:57,SR401P6800,SR401P6800,371.0,0.0,0.0,0.0,5,355.5,363.5,5,364.0,371.0,371.0,371.0,1.0,371.0,68
2023-05-10 13:55:21,SR401P6800,SR401P6800,371.0,0.0,0.0,0.0,5,355.5,361.5,5,364.0,371.0,371.0,371.0,1.0,371.0,68
2023-05-10 13:57:50,SR401P6800,SR401P6800,371.0,0.0,0.0,0.0,5,355.5,363.5,5,364.0,371.0,371.0,371.0,1.0,371.0,68
2023-05-10 13:57:53,SR401P6800,SR401P6800,371.0,0.0,0.0,0.0,5,357.0,363.5,5,364.0,371.0,371.0,371.0,1.0,371.0,68
2023-05-10 13:58:25,SR401P6800,SR401P6800,371.0,0.0,0.0,0.0,5,358.5,363.5,5,364.0,371.0,371.0,371.0,1.0,371.0,68
2023-05-10 13:58:42,SR401P6800,SR401P6800,371.0,0.0,0.0,0.0,5,358.5,366.5,5,364.0,371.0,371.0,371.0,1.0,371.0,68
2023-05-10 13:59:22,SR401P6800,SR401P6800,371.0,0.0,0.0,0.0,5,358.5,369.5,5,364.0,371.0,371.0,371.0,1.0,371.0,68
2023-05-10 13:59:47,SR401P6800,SR401P6800,371.0,0.0,0.0,0.0,5,362.0,369.5,5,364.0,371.0,371.0,371.0,1.0,371.0,68
2023-05-10 14:00:46,SR401P6800,SR401P6800,371.0,0.0,0.0,0.0,5,364.0,369.5,5,364.0,371.0,371.0,371.0,1.0,371.0,68
2023-05-10 14:02:05,SR401P6800,SR401P6800,371.0,0.0,0.0,0.0,5,364.0,372.5,5,364.0,371.0,371.0,371.0,1.0,371.0,68
2023-05-10 14:02:06,SR401P6800,SR401P6800,371.0,0.0,0.0,0.0,5,365.5,372.5,5,364.0,371.0,371.0,371.0,1.0,371.0,68
2023-05-10 14:06:46,SR401P6800,SR401P6800,371.0,0.0,0.0,0.0,5,364.0,372.5,5,364.0,371.0,371.0,371.0,1.0,371.0,68
2023-05-10 14:06:49,SR401P6800,SR401P6800,371.0,0.0,0.0,0.0,5,364.0,370.5,5,364.0,371.0,371.0,371.0,1.0,371.0,68
2023-05-10 14:07:17,SR401P6800,SR401P6800,371.0,0.0,0.0,0.0,5,361.5,370.5,5,364.0,371.0,371.0,371.0,1.0,371.0,68
2023-05-10 14:08:10,SR401P6800,SR401P6800,371.0,0.0,0.0,0.0,5,364.0,370.5,5,364.0,371.0,371.0,371.0,1.0,371.0,68
2023-05-10 14:09:22,SR401P6800,SR401P6800,371.0,0.0,0.0,0.0,5,361.5,370.5,5,364.0,371.0,371.0,371.0,1.0,371.0,68
2023-05-10 14:09:23,SR401P6800,SR401P6800,371.0,0.0,0.0,0.0,5,361.5,368.5,5,364.0,371.0,371.0,371.0,1.0,371.0,68
2023-05-10 14:10:25,SR401P6800,SR401P6800,371.0,0.0,0.0,0.0,5,359.5,366.5,5,364.0,371.0,371.0,371.0,1.0,371.0,68
2023-05-10 14:12:55,SR401P6800,SR401P6800,371.0,0.0,0.0,0.0,5,361.0,366.5,5,364.0,371.0,371.0,371.0,1.0,371.0,68
2023-05-10 14:15:23,SR401P6800,SR401P6800,371.0,0.0,0.0,0.0,5,359.5,366.5,5,364.0,371.0,371.0,371.0,1.0,371.0,68
2023-05-10 14:16:05,SR401P6800,SR401P6800,371.0,0.0,0.0,0.0,5,361.0,366.5,5,364.0,371.0,371.0,371.0,1.0,371.0,68
2023-05-10 14:18:15,SR401P6800,SR401P6800,371.0,0.0,0.0,0.0,5,362.5,366.5,5,364.0,371.0,371.0,371.0,1.0,371.0,68
2023-05-10 14:18:16,SR401P6800,SR401P6800,371.0,0.0,0.0,0.0,5,362.5,368.5,5,364.0,371.0,371.0,371.0,1.0,371.0,68
2023-05-10 14:19:09,SR401P6800,SR401P6800,371.0,0.0,0.0,0.0,5,362.5,372.0,5,364.0,371.0,371.0,371.0,1.0,371.0,68
2023-05-10 14:19:41,SR401P6800,SR401P6800,371.0,0.0,0.0,0.0,5,364.5,372.0,5,364.0,371.0,371.0,371.0,1.0,371.0,68
2023-05-10 14:20:43,SR401P6800,SR401P6800,371.0,0.0,0.0,0.0,5,364.5,370.0,5,364.0,371.0,371.0,371.0,1.0,371.0,68
2023-05-10 14:20:49,SR401P6800,SR401P6800,371.0,0.0,0.0,0.0,5,362.5,370.0,5,364.0,371.0,371.0,371.0,1.0,371.0,68
2023-05-10 14:23:50,SR401P6800,SR401P6800,371.0,0.0,0.0,0.0,5,362.5,368.0,5,364.0,371.0,371.0,371.0,1.0,371.0,68
2023-05-10 14:24:17,SR401P6800,SR401P6800,371.0,0.0,0.0,0.0,5,360.5,368.0,5,364.0,371.0,371.0,371.0,1.0,371.0,68
2023-05-10 14:24:59,SR401P6800,SR401P6800,371.0,0.0,0.0,0.0,5,362.0,368.0,5,364.0,371.0,371.0,371.0,1.0,371.0,68
2023-05-10 14:25:25,SR401P6800,SR401P6800,371.0,0.0,0.0,0.0,5,360.5,368.0,5,364.0,371.0,371.0,371.0,1.0,371.0,68
2023-05-10 14:27:55,SR401P6800,SR401P6800,371.0,0.0,0.0,0.0,5,362.0,368.0,5,364.0,371.0,371.0,371.0,1.0,371.0,68
2023-05-10 14:30:23,SR401P6800,SR401P6800,371.0,0.0,0.0,0.0,5,360.5,368.0,5,364.0,371.0,371.0,371.0,1.0,371.0,68
2023-05-10 14:30:34,SR401P6800,SR401P6800,371.0,0.0,0.0,0.0,5,360.5,366.0,5,364.0,371.0,371.0,371.0,1.0,371.0,68
2023-05-10 14:30:35,SR401P6800,SR401P6800,371.0,0.0,0.0,0.0,5,358.5,366.0,5,364.0,371.0,371.0,371.0,1.0,371.0,68
2023-05-10 14:33:19,SR401P6800,SR401P6800,371.0,0.0,0.0,0.0,5,360.0,366.0,5,364.0,371.0,371.0,371.0,1.0,371.0,68
2023-05-10 14:35:25,SR401P6800,SR401P6800,371.0,0.0,0.0,0.0,5,358.5,366.0,5,364.0,371.0,371.0,371.0,1.0,371.0,68
2023-05-10 14:37:39,SR401P6800,SR401P6800,371.0,0.0,0.0,0.0,5,356.0,366.0,5,364.0,371.0,371.0,371.0,1.0,371.0,68
2023-05-10 14:37:54,SR401P6800,SR401P6800,371.0,0.0,0.0,0.0,5,356.0,363.5,5,364.0,371.0,371.0,371.0,1.0,371.0,68
2023-05-10 14:38:33,SR401P6800,SR401P6800,371.0,0.0,0.0,0.0,5,357.5,363.5,5,364.0,371.0,371.0,371.0,1.0,371.0,68
2023-05-10 14:38:56,SR401P6800,SR401P6800,371.0,0.0,0.0,0.0,5,356.0,363.5,5,364.0,371.0,371.0,371.0,1.0,371.0,68
2023-05-10 14:39:02,SR401P6800,SR401P6800,371.0,0.0,0.0,0.0,5,356.0,361.5,5,364.0,371.0,371.0,371.0,1.0,371.0,68
2023-05-10 14:39:38,SR401P6800,SR401P6800,371.0,0.0,0.0,0.0,5,354.0,361.5,5,364.0,371.0,371.0,371.0,1.0,371.0,68
2023-05-10 14:43:00,SR401P6800,SR401P6800,371.0,0.0,0.0,0.0,5,354.0,359.5,5,364.0,371.0,371.0,371.0,1.0,371.0,68
2023-05-10 14:43:20,SR401P6800,SR401P6800,371.0,0.0,0.0,0.0,5,352.0,359.5,5,364.0,371.0,371.0,371.0,1.0,371.0,68
2023-05-10 14:44:26,SR401P6800,SR401P6800,371.0,0.0,0.0,0.0,5,353.5,359.5,5,364.0,371.0,371.0,371.0,1.0,371.0,68
2023-05-10 14:46:06,SR401P6800,SR401P6800,371.0,0.0,0.0,0.0,5,352.0,359.5,5,364.0,371.0,371.0,371.0,1.0,371.0,68
2023-05-10 14:46:07,SR401P6800,SR401P6800,371.0,0.0,0.0,0.0,5,352.0,357.5,5,364.0,371.0,371.0,371.0,1.0,371.0,68
2023-05-10 14:46:09,SR401P6800,SR401P6800,371.0,0.0,0.0,0.0,5,349.5,357.5,5,364.0,371.0,371.0,371.0,1.0,371.0,68
2023-05-10 14:46:47,SR401P6800,SR401P6800,371.0,0.0,0.0,0.0,5,351.0,357.5,5,364.0,371.0,371.0,371.0,1.0,371.0,68
2023-05-10 14:47:48,SR401P6800,SR401P6800,371.0,0.0,0.0,0.0,5,351.0,359.5,5,364.0,371.0,371.0,371.0,1.0,371.0,68
2023-05-10 14:47:50,SR401P6800,SR401P6800,371.0,0.0,0.0,0.0,5,353.0,359.5,5,364.0,371.0,371.0,371.0,1.0,371.0,68
2023-05-10 14:48:51,SR401P6800,SR401P6800,371.0,0.0,0.0,0.0,5,355.0,359.5,5,364.0,371.0,371.0,371.0,1.0,371.0,68
2023-05-10 14:49:11,SR401P6800,SR401P6800,371.0,0.0,0.0,0.0,5,355.0,362.5,5,364.0,371.0,371.0,371.0,1.0,371.0,68
2023-05-10 14:49:56,SR401P6800,SR401P6800,371.0,0.0,0.0,0.0,5,356.5,362.5,5,364.0,371.0,371.0,371.0,1.0,371.0,68
2023-05-10 14:51:40,SR401P6800,SR401P6800,371.0,0.0,0.0,0.0,5,358.0,362.5,5,364.0,371.0,371.0,371.0,1.0,371.0,68
2023-05-10 14:52:48,SR401P6800,SR401P6800,371.0,0.0,0.0,0.0,5,358.0,365.5,5,364.0,371.0,371.0,371.0,1.0,371.0,68
2023-05-10 14:53:21,SR401P6800,SR401P6800,371.0,0.0,0.0,0.0,5,359.5,365.5,5,364.0,371.0,371.0,371.0,1.0,371.0,68
2023-05-10 14:55:49,SR401P6800,SR401P6800,371.0,0.0,0.0,0.0,5,358.0,365.5,5,364.0,371.0,371.0,371.0,1.0,371.0,68
2023-05-10 14:59:02,SR401P6800,SR401P6800,371.0,0.0,0.0,0.0,2,276.5,495.5,2,364.0,371.0,371.0,371.0,1.0,371.0,68
2023-05-10 14:59:02,SR401P6800,SR401P6800,371.0,0.0,0.0,0.0,2,334.5,437.5,2,364.0,371.0,371.0,371.0,1.0,371.0,68
2023-05-10 14:59:02,SR401P6800,SR401P6800,371.0,0.0,0.0,0.0,2,334.5,437.0,10,364.0,371.0,371.0,371.0,1.0,371.0,68
2023-05-10 14:59:03,SR401P6800,SR401P6800,371.0,0.0,0.0,0.0,2,334.5,437.5,2,364.0,371.0,371.0,371.0,1.0,371.0,68
2023-05-10 14:59:15,SR401P6800,SR401P6800,371.0,0.0,0.0,0.0,2,253.5,437.5,2,364.0,371.0,371.0,371.0,1.0,371.0,68
2023-05-10 14:59:20,SR401P6800,SR401P6800,371.0,0.0,0.0,0.0,2,253.5,494.5,2,364.0,371.0,371.0,371.0,1.0,371.0,68
