time,symbol_id,symbol_name,last,trade_volume,trade_amount,open_interest_change,bv1,bp1,ap1,av1,yesterday_close,today_open,today_high,today_low,volume,amount,open_interest
2023-05-09 19:10:58,SR401P6400,SR401P6400,168.0,0.0,0.0,-2.0,0,0.0,0.0,0,168.0,166.0,0.0,0.0,0.0,0.0,89
2023-05-09 20:59:00,SR401P6400,SR401P6400,168.0,0.0,0.0,0.0,19,49.0,0.0,0,168.0,166.0,0.0,0.0,0.0,0.0,89
2023-05-09 21:00:02,SR401P6400,SR401P6400,168.0,0.0,0.0,0.0,2,83.5,299.0,2,168.0,166.0,0.0,0.0,0.0,0.0,89
2023-05-09 21:00:03,SR401P6400,SR401P6400,168.0,0.0,0.0,0.0,10,84.0,298.5,10,168.0,166.0,0.0,0.0,0.0,0.0,89
2023-05-09 21:00:04,SR401P6400,SR401P6400,168.0,0.0,0.0,0.0,2,118.5,264.0,2,168.0,166.0,0.0,0.0,0.0,0.0,89
2023-05-09 21:00:05,SR401P6400,SR401P6400,168.0,0.0,0.0,0.0,2,118.5,263.5,10,168.0,166.0,0.0,0.0,0.0,0.0,89
2023-05-09 21:00:06,SR401P6400,SR401P6400,168.0,0.0,0.0,0.0,2,118.5,229.0,2,168.0,166.0,0.0,0.0,0.0,0.0,89
2023-05-09 21:00:07,SR401P6400,SR401P6400,168.0,0.0,0.0,0.0,2,118.5,229.0,12,168.0,166.0,0.0,0.0,0.0,0.0,89
2023-05-09 21:00:07,SR401P6400,SR401P6400,168.0,0.0,0.0,0.0,2,118.5,197.0,2,168.0,166.0,0.0,0.0,0.0,0.0,89
2023-05-09 21:00:11,SR401P6400,SR401P6400,168.0,0.0,0.0,0.0,10,84.0,197.0,2,168.0,166.0,0.0,0.0,0.0,0.0,89
2023-05-09 21:00:11,SR401P6400,SR401P6400,168.0,0.0,0.0,0.0,2,118.5,197.0,2,168.0,166.0,0.0,0.0,0.0,0.0,89
2023-05-09 21:00:17,SR401P6400,SR401P6400,168.0,0.0,0.0,0.0,2,83.5,197.0,2,168.0,166.0,0.0,0.0,0.0,0.0,89
2023-05-09 21:00:17,SR401P6400,SR401P6400,168.0,0.0,0.0,0.0,2,118.5,197.0,2,168.0,166.0,0.0,0.0,0.0,0.0,89
2023-05-09 21:00:24,SR401P6400,SR401P6400,168.0,0.0,0.0,0.0,2,83.5,197.0,2,168.0,166.0,0.0,0.0,0.0,0.0,89
2023-05-09 21:00:24,SR401P6400,SR401P6400,168.0,0.0,0.0,0.0,2,118.5,197.0,2,168.0,166.0,0.0,0.0,0.0,0.0,89
2023-05-09 21:00:33,SR401P6400,SR401P6400,168.0,0.0,0.0,0.0,2,83.5,197.0,2,168.0,166.0,0.0,0.0,0.0,0.0,89
2023-05-09 21:00:33,SR401P6400,SR401P6400,168.0,0.0,0.0,0.0,2,118.5,197.0,2,168.0,166.0,0.0,0.0,0.0,0.0,89
2023-05-09 21:00:40,SR401P6400,SR401P6400,168.0,0.0,0.0,0.0,10,84.0,197.0,2,168.0,166.0,0.0,0.0,0.0,0.0,89
2023-05-09 21:00:40,SR401P6400,SR401P6400,168.0,0.0,0.0,0.0,2,118.5,197.0,2,168.0,166.0,0.0,0.0,0.0,0.0,89
2023-05-09 21:00:49,SR401P6400,SR401P6400,168.0,0.0,0.0,0.0,2,83.5,197.0,2,168.0,166.0,0.0,0.0,0.0,0.0,89
2023-05-09 21:00:49,SR401P6400,SR401P6400,168.0,0.0,0.0,0.0,2,118.5,197.0,2,168.0,166.0,0.0,0.0,0.0,0.0,89
2023-05-09 21:01:00,SR401P6400,SR401P6400,168.0,0.0,0.0,0.0,2,83.5,197.0,2,168.0,166.0,0.0,0.0,0.0,0.0,89
2023-05-09 21:01:00,SR401P6400,SR401P6400,168.0,0.0,0.0,0.0,2,118.5,197.0,2,168.0,166.0,0.0,0.0,0.0,0.0,89
2023-05-09 21:01:07,SR401P6400,SR401P6400,168.0,0.0,0.0,0.0,2,83.5,197.0,2,168.0,166.0,0.0,0.0,0.0,0.0,89
2023-05-09 21:01:07,SR401P6400,SR401P6400,168.0,0.0,0.0,0.0,2,118.5,197.0,2,168.0,166.0,0.0,0.0,0.0,0.0,89
2023-05-09 21:01:11,SR401P6400,SR401P6400,168.0,0.0,0.0,0.0,5,160.5,174.0,5,168.0,166.0,0.0,0.0,0.0,0.0,89
2023-05-09 21:06:21,SR401P6400,SR401P6400,168.0,0.0,0.0,0.0,5,163.5,174.0,5,168.0,166.0,0.0,0.0,0.0,0.0,89
2023-05-09 21:12:36,SR401P6400,SR401P6400,168.0,0.0,0.0,0.0,5,163.5,171.5,5,168.0,166.0,0.0,0.0,0.0,0.0,89
2023-05-09 21:12:58,SR401P6400,SR401P6400,168.0,0.0,0.0,0.0,5,160.5,171.5,5,168.0,166.0,0.0,0.0,0.0,0.0,89
2023-05-09 21:14:06,SR401P6400,SR401P6400,168.0,0.0,0.0,0.0,7,160.5,171.5,5,168.0,166.0,0.0,0.0,0.0,0.0,89
2023-05-09 21:14:59,SR401P6400,SR401P6400,168.0,0.0,0.0,0.0,5,160.5,171.5,5,168.0,166.0,0.0,0.0,0.0,0.0,89
2023-05-09 21:15:58,SR401P6400,SR401P6400,168.0,0.0,0.0,0.0,5,160.5,169.5,5,168.0,166.0,0.0,0.0,0.0,0.0,89
2023-05-09 21:16:37,SR401P6400,SR401P6400,168.0,0.0,0.0,0.0,5,162.5,169.5,5,168.0,166.0,0.0,0.0,0.0,0.0,89
2023-05-09 21:17:03,SR401P6400,SR401P6400,168.0,0.0,0.0,0.0,5,162.5,171.5,5,168.0,166.0,0.0,0.0,0.0,0.0,89
2023-05-09 21:19:24,SR401P6400,SR401P6400,168.0,0.0,0.0,0.0,5,164.5,171.5,5,168.0,166.0,0.0,0.0,0.0,0.0,89
2023-05-09 21:30:38,SR401P6400,SR401P6400,168.0,0.0,0.0,0.0,5,164.5,174.5,5,168.0,166.0,0.0,0.0,0.0,0.0,89
2023-05-09 21:31:07,SR401P6400,SR401P6400,168.0,0.0,0.0,0.0,5,166.5,174.5,5,168.0,166.0,0.0,0.0,0.0,0.0,89
2023-05-09 22:03:02,SR401P6400,SR401P6400,168.0,0.0,0.0,0.0,5,168.5,174.5,5,168.0,166.0,0.0,0.0,0.0,0.0,89
2023-05-09 22:03:29,SR401P6400,SR401P6400,168.0,0.0,0.0,0.0,5,168.5,177.5,5,168.0,166.0,0.0,0.0,0.0,0.0,89
2023-05-09 22:03:49,SR401P6400,SR401P6400,168.0,0.0,0.0,0.0,5,171.0,177.5,5,168.0,166.0,0.0,0.0,0.0,0.0,89
2023-05-09 22:03:52,SR401P6400,SR401P6400,168.0,0.0,0.0,0.0,5,171.0,180.5,5,168.0,166.0,0.0,0.0,0.0,0.0,89
2023-05-09 22:06:29,SR401P6400,SR401P6400,168.0,0.0,0.0,0.0,5,171.0,178.5,5,168.0,166.0,0.0,0.0,0.0,0.0,89
2023-05-09 22:09:11,SR401P6400,SR401P6400,168.0,0.0,0.0,0.0,5,168.5,178.5,5,168.0,166.0,0.0,0.0,0.0,0.0,89
2023-05-09 22:16:27,SR401P6400,SR401P6400,168.0,0.0,0.0,0.0,5,171.0,178.5,5,168.0,166.0,0.0,0.0,0.0,0.0,89
2023-05-09 22:22:54,SR401P6400,SR401P6400,168.0,0.0,0.0,0.0,5,171.0,180.5,5,168.0,166.0,0.0,0.0,0.0,0.0,89
2023-05-09 22:23:48,SR401P6400,SR401P6400,168.0,0.0,0.0,0.0,5,173.0,180.5,5,168.0,166.0,0.0,0.0,0.0,0.0,89
2023-05-09 22:28:36,SR401P6400,SR401P6400,168.0,0.0,0.0,0.0,5,173.0,197.0,2,168.0,166.0,0.0,0.0,0.0,0.0,89
2023-05-09 22:28:36,SR401P6400,SR401P6400,168.0,0.0,0.0,0.0,5,173.0,183.0,5,168.0,166.0,0.0,0.0,0.0,0.0,89
2023-05-09 22:30:41,SR401P6400,SR401P6400,168.0,0.0,0.0,0.0,5,173.0,180.5,5,168.0,166.0,0.0,0.0,0.0,0.0,89
2023-05-09 22:36:19,SR401P6400,SR401P6400,168.0,0.0,0.0,0.0,5,171.0,178.5,5,168.0,166.0,0.0,0.0,0.0,0.0,89
2023-05-09 22:36:58,SR401P6400,SR401P6400,168.0,0.0,0.0,0.0,5,168.0,178.5,5,168.0,166.0,0.0,0.0,0.0,0.0,89
2023-05-09 22:37:23,SR401P6400,SR401P6400,168.0,0.0,0.0,0.0,5,170.0,178.5,5,168.0,166.0,0.0,0.0,0.0,0.0,89
2023-05-09 22:44:44,SR401P6400,SR401P6400,168.0,0.0,0.0,0.0,5,168.0,178.5,5,168.0,166.0,0.0,0.0,0.0,0.0,89
2023-05-09 22:44:47,SR401P6400,SR401P6400,168.0,0.0,0.0,0.0,5,168.0,176.0,5,168.0,166.0,0.0,0.0,0.0,0.0,89
2023-05-09 22:50:41,SR401P6400,SR401P6400,168.0,0.0,0.0,0.0,5,168.0,174.0,5,168.0,166.0,0.0,0.0,0.0,0.0,89
2023-05-09 22:50:55,SR401P6400,SR401P6400,168.0,0.0,0.0,0.0,2,166.0,174.0,5,168.0,166.0,0.0,0.0,0.0,0.0,89
2023-05-09 22:56:02,SR401P6400,SR401P6400,168.0,0.0,0.0,0.0,2,166.0,197.0,2,168.0,166.0,0.0,0.0,0.0,0.0,89
2023-05-09 22:56:36,SR401P6400,SR401P6400,168.0,0.0,0.0,0.0,2,166.0,0.0,0,168.0,166.0,0.0,0.0,0.0,0.0,89
2023-05-09 22:56:40,SR401P6400,SR401P6400,168.0,0.0,0.0,0.0,2,166.0,581.5,1,168.0,166.0,0.0,0.0,0.0,0.0,89
2023-05-09 22:56:40,SR401P6400,SR401P6400,168.0,0.0,0.0,0.0,2,166.0,581.0,10,168.0,166.0,0.0,0.0,0.0,0.0,89
2023-05-09 22:56:41,SR401P6400,SR401P6400,168.0,0.0,0.0,0.0,2,166.0,579.5,1,168.0,166.0,0.0,0.0,0.0,0.0,89
2023-05-09 22:56:41,SR401P6400,SR401P6400,168.0,0.0,0.0,0.0,2,166.0,579.0,10,168.0,166.0,0.0,0.0,0.0,0.0,89
2023-05-09 22:56:44,SR401P6400,SR401P6400,168.0,0.0,0.0,0.0,2,166.0,577.5,1,168.0,166.0,0.0,0.0,0.0,0.0,89
2023-05-09 22:56:44,SR401P6400,SR401P6400,168.0,0.0,0.0,0.0,2,166.0,577.0,10,168.0,166.0,0.0,0.0,0.0,0.0,89
2023-05-09 22:56:45,SR401P6400,SR401P6400,168.0,0.0,0.0,0.0,2,166.0,575.5,1,168.0,166.0,0.0,0.0,0.0,0.0,89
2023-05-09 22:56:45,SR401P6400,SR401P6400,168.0,0.0,0.0,0.0,2,166.0,575.0,10,168.0,166.0,0.0,0.0,0.0,0.0,89
2023-05-09 22:56:52,SR401P6400,SR401P6400,168.0,0.0,0.0,0.0,2,166.0,573.5,1,168.0,166.0,0.0,0.0,0.0,0.0,89
2023-05-09 22:56:52,SR401P6400,SR401P6400,168.0,0.0,0.0,0.0,2,166.0,573.0,10,168.0,166.0,0.0,0.0,0.0,0.0,89
2023-05-09 22:56:54,SR401P6400,SR401P6400,168.0,0.0,0.0,0.0,2,166.0,571.5,1,168.0,166.0,0.0,0.0,0.0,0.0,89
2023-05-09 22:56:54,SR401P6400,SR401P6400,168.0,0.0,0.0,0.0,2,166.0,571.0,10,168.0,166.0,0.0,0.0,0.0,0.0,89
2023-05-09 22:56:55,SR401P6400,SR401P6400,168.0,0.0,0.0,0.0,2,166.0,569.5,1,168.0,166.0,0.0,0.0,0.0,0.0,89
2023-05-09 22:56:55,SR401P6400,SR401P6400,168.0,0.0,0.0,0.0,2,166.0,569.0,10,168.0,166.0,0.0,0.0,0.0,0.0,89
2023-05-09 22:56:57,SR401P6400,SR401P6400,168.0,0.0,0.0,0.0,2,166.0,567.5,1,168.0,166.0,0.0,0.0,0.0,0.0,89
2023-05-09 22:56:57,SR401P6400,SR401P6400,168.0,0.0,0.0,0.0,2,166.0,567.0,10,168.0,166.0,0.0,0.0,0.0,0.0,89
2023-05-09 22:56:58,SR401P6400,SR401P6400,168.0,0.0,0.0,0.0,2,166.0,565.5,1,168.0,166.0,0.0,0.0,0.0,0.0,89
2023-05-09 22:56:58,SR401P6400,SR401P6400,168.0,0.0,0.0,0.0,2,166.0,565.0,10,168.0,166.0,0.0,0.0,0.0,0.0,89
2023-05-09 22:56:59,SR401P6400,SR401P6400,168.0,0.0,0.0,0.0,2,166.0,563.5,1,168.0,166.0,0.0,0.0,0.0,0.0,89
2023-05-09 22:56:59,SR401P6400,SR401P6400,168.0,0.0,0.0,0.0,2,166.0,563.0,10,168.0,166.0,0.0,0.0,0.0,0.0,89
2023-05-09 22:57:00,SR401P6400,SR401P6400,168.0,0.0,0.0,0.0,2,166.0,561.5,1,168.0,166.0,0.0,0.0,0.0,0.0,89
2023-05-09 22:57:00,SR401P6400,SR401P6400,168.0,0.0,0.0,0.0,2,166.0,561.0,10,168.0,166.0,0.0,0.0,0.0,0.0,89
2023-05-09 22:57:01,SR401P6400,SR401P6400,168.0,0.0,0.0,0.0,2,166.0,559.5,1,168.0,166.0,0.0,0.0,0.0,0.0,89
2023-05-09 22:57:02,SR401P6400,SR401P6400,168.0,0.0,0.0,0.0,2,166.0,559.0,10,168.0,166.0,0.0,0.0,0.0,0.0,89
2023-05-09 22:57:04,SR401P6400,SR401P6400,168.0,0.0,0.0,0.0,2,166.0,557.5,1,168.0,166.0,0.0,0.0,0.0,0.0,89
2023-05-09 22:57:05,SR401P6400,SR401P6400,168.0,0.0,0.0,0.0,2,166.0,557.0,10,168.0,166.0,0.0,0.0,0.0,0.0,89
2023-05-09 22:57:07,SR401P6400,SR401P6400,168.0,0.0,0.0,0.0,2,166.0,555.5,1,168.0,166.0,0.0,0.0,0.0,0.0,89
2023-05-09 22:57:07,SR401P6400,SR401P6400,168.0,0.0,0.0,0.0,2,166.0,555.0,10,168.0,166.0,0.0,0.0,0.0,0.0,89
2023-05-09 22:57:08,SR401P6400,SR401P6400,168.0,0.0,0.0,0.0,2,166.0,553.5,1,168.0,166.0,0.0,0.0,0.0,0.0,89
2023-05-09 22:57:09,SR401P6400,SR401P6400,168.0,0.0,0.0,0.0,2,166.0,553.0,10,168.0,166.0,0.0,0.0,0.0,0.0,89
2023-05-09 22:57:09,SR401P6400,SR401P6400,168.0,0.0,0.0,0.0,2,166.0,551.5,1,168.0,166.0,0.0,0.0,0.0,0.0,89
2023-05-09 22:57:09,SR401P6400,SR401P6400,168.0,0.0,0.0,0.0,2,166.0,551.0,10,168.0,166.0,0.0,0.0,0.0,0.0,89
2023-05-09 22:57:14,SR401P6400,SR401P6400,168.0,0.0,0.0,0.0,2,166.0,549.5,1,168.0,166.0,0.0,0.0,0.0,0.0,89
2023-05-09 22:57:15,SR401P6400,SR401P6400,168.0,0.0,0.0,0.0,2,166.0,549.0,10,168.0,166.0,0.0,0.0,0.0,0.0,89
2023-05-09 22:57:17,SR401P6400,SR401P6400,168.0,0.0,0.0,0.0,2,166.0,547.5,1,168.0,166.0,0.0,0.0,0.0,0.0,89
2023-05-09 22:57:18,SR401P6400,SR401P6400,168.0,0.0,0.0,0.0,2,166.0,547.0,10,168.0,166.0,0.0,0.0,0.0,0.0,89
2023-05-09 22:57:19,SR401P6400,SR401P6400,168.0,0.0,0.0,0.0,2,166.0,545.5,1,168.0,166.0,0.0,0.0,0.0,0.0,89
2023-05-09 22:57:19,SR401P6400,SR401P6400,168.0,0.0,0.0,0.0,2,166.0,545.0,10,168.0,166.0,0.0,0.0,0.0,0.0,89
2023-05-09 22:57:20,SR401P6400,SR401P6400,168.0,0.0,0.0,0.0,2,166.0,543.5,1,168.0,166.0,0.0,0.0,0.0,0.0,89
2023-05-09 22:57:20,SR401P6400,SR401P6400,168.0,0.0,0.0,0.0,2,166.0,543.0,10,168.0,166.0,0.0,0.0,0.0,0.0,89
2023-05-09 22:57:23,SR401P6400,SR401P6400,168.0,0.0,0.0,0.0,2,166.0,541.5,1,168.0,166.0,0.0,0.0,0.0,0.0,89
2023-05-09 22:57:23,SR401P6400,SR401P6400,168.0,0.0,0.0,0.0,2,166.0,541.0,10,168.0,166.0,0.0,0.0,0.0,0.0,89
2023-05-09 22:57:24,SR401P6400,SR401P6400,168.0,0.0,0.0,0.0,2,166.0,539.5,1,168.0,166.0,0.0,0.0,0.0,0.0,89
2023-05-09 22:57:24,SR401P6400,SR401P6400,168.0,0.0,0.0,0.0,2,166.0,539.0,10,168.0,166.0,0.0,0.0,0.0,0.0,89
2023-05-09 22:57:27,SR401P6400,SR401P6400,168.0,0.0,0.0,0.0,2,166.0,537.5,1,168.0,166.0,0.0,0.0,0.0,0.0,89
2023-05-09 22:57:27,SR401P6400,SR401P6400,168.0,0.0,0.0,0.0,2,166.0,537.0,10,168.0,166.0,0.0,0.0,0.0,0.0,89
2023-05-09 22:57:28,SR401P6400,SR401P6400,168.0,0.0,0.0,0.0,2,166.0,535.5,1,168.0,166.0,0.0,0.0,0.0,0.0,89
2023-05-09 22:57:28,SR401P6400,SR401P6400,168.0,0.0,0.0,0.0,2,166.0,535.0,10,168.0,166.0,0.0,0.0,0.0,0.0,89
2023-05-09 22:57:30,SR401P6400,SR401P6400,168.0,0.0,0.0,0.0,2,166.0,533.5,1,168.0,166.0,0.0,0.0,0.0,0.0,89
2023-05-09 22:57:31,SR401P6400,SR401P6400,168.0,0.0,0.0,0.0,2,166.0,533.0,10,168.0,166.0,0.0,0.0,0.0,0.0,89
2023-05-09 22:57:33,SR401P6400,SR401P6400,168.0,0.0,0.0,0.0,2,166.0,531.5,1,168.0,166.0,0.0,0.0,0.0,0.0,89
2023-05-09 22:57:33,SR401P6400,SR401P6400,168.0,0.0,0.0,0.0,2,166.0,531.0,10,168.0,166.0,0.0,0.0,0.0,0.0,89
2023-05-09 22:57:35,SR401P6400,SR401P6400,168.0,0.0,0.0,0.0,2,166.0,0.0,0,168.0,166.0,0.0,0.0,0.0,0.0,89
2023-05-09 22:57:37,SR401P6400,SR401P6400,168.0,0.0,0.0,0.0,2,166.0,581.5,1,168.0,166.0,0.0,0.0,0.0,0.0,89
2023-05-09 22:59:55,SR401P6400,SR401P6400,168.0,0.0,0.0,0.0,2,166.0,0.0,0,168.0,166.0,0.0,0.0,0.0,0.0,89
2023-05-10 09:00:00,SR401P6400,SR401P6400,168.0,0.0,0.0,0.0,2,166.0,300.0,2,168.0,166.0,0.0,0.0,0.0,0.0,89
2023-05-10 09:01:25,SR401P6400,SR401P6400,168.0,0.0,0.0,0.0,2,166.0,174.5,5,168.0,166.0,0.0,0.0,0.0,0.0,89
2023-05-10 09:03:41,SR401P6400,SR401P6400,168.0,0.0,0.0,0.0,2,166.0,172.5,5,168.0,166.0,0.0,0.0,0.0,0.0,89
2023-05-10 09:07:20,SR401P6400,SR401P6400,168.0,0.0,0.0,0.0,2,166.0,170.5,5,168.0,166.0,0.0,0.0,0.0,0.0,89
2023-05-10 09:08:15,SR401P6400,SR401P6400,168.0,0.0,0.0,0.0,2,166.0,168.5,5,168.0,166.0,0.0,0.0,0.0,0.0,89
2023-05-10 09:08:17,SR401P6400,SR401P6400,166.0,2.0,332.0,2.0,5,161.5,168.5,5,168.0,166.0,166.0,166.0,2.0,332.0,91
2023-05-10 09:12:00,SR401P6400,SR401P6400,166.0,0.0,0.0,0.0,5,163.5,168.5,5,168.0,166.0,166.0,166.0,2.0,332.0,91
2023-05-10 09:12:30,SR401P6400,SR401P6400,166.0,0.0,0.0,0.0,5,163.5,170.5,5,168.0,166.0,166.0,166.0,2.0,332.0,91
2023-05-10 09:15:13,SR401P6400,SR401P6400,166.0,0.0,0.0,0.0,5,165.0,170.5,5,168.0,166.0,166.0,166.0,2.0,332.0,91
2023-05-10 09:16:52,SR401P6400,SR401P6400,166.0,0.0,0.0,0.0,5,165.0,173.0,5,168.0,166.0,166.0,166.0,2.0,332.0,91
2023-05-10 09:19:32,SR401P6400,SR401P6400,166.0,0.0,0.0,0.0,5,165.0,171.5,5,168.0,166.0,166.0,166.0,2.0,332.0,91
2023-05-10 09:21:55,SR401P6400,SR401P6400,166.0,0.0,0.0,0.0,5,166.5,171.5,5,168.0,166.0,166.0,166.0,2.0,332.0,91
2023-05-10 09:27:14,SR401P6400,SR401P6400,166.0,0.0,0.0,0.0,5,166.5,173.0,5,168.0,166.0,166.0,166.0,2.0,332.0,91
2023-05-10 09:31:17,SR401P6400,SR401P6400,166.0,0.0,0.0,0.0,5,168.0,173.0,5,168.0,166.0,166.0,166.0,2.0,332.0,91
2023-05-10 09:31:27,SR401P6400,SR401P6400,166.0,0.0,0.0,0.0,5,168.0,175.5,5,168.0,166.0,166.0,166.0,2.0,332.0,91
2023-05-10 09:36:03,SR401P6400,SR401P6400,166.0,0.0,0.0,0.0,5,168.0,173.5,5,168.0,166.0,166.0,166.0,2.0,332.0,91
2023-05-10 09:38:12,SR401P6400,SR401P6400,166.0,0.0,0.0,0.0,5,166.5,173.5,5,168.0,166.0,166.0,166.0,2.0,332.0,91
2023-05-10 09:43:55,SR401P6400,SR401P6400,166.0,0.0,0.0,0.0,5,166.5,172.0,5,168.0,166.0,166.0,166.0,2.0,332.0,91
2023-05-10 09:44:19,SR401P6400,SR401P6400,166.0,0.0,0.0,0.0,5,164.0,172.0,5,168.0,166.0,166.0,166.0,2.0,332.0,91
2023-05-10 09:49:56,SR401P6400,SR401P6400,166.0,0.0,0.0,0.0,5,164.0,170.5,5,168.0,166.0,166.0,166.0,2.0,332.0,91
2023-05-10 09:56:48,SR401P6400,SR401P6400,166.0,0.0,0.0,0.0,5,166.0,170.5,5,168.0,166.0,166.0,166.0,2.0,332.0,91
2023-05-10 09:56:48,SR401P6400,SR401P6400,166.0,0.0,0.0,0.0,5,166.0,172.0,5,168.0,166.0,166.0,166.0,2.0,332.0,91
2023-05-10 10:02:19,SR401P6400,SR401P6400,166.0,0.0,0.0,0.0,5,164.0,172.0,5,168.0,166.0,166.0,166.0,2.0,332.0,91
2023-05-10 10:02:21,SR401P6400,SR401P6400,166.0,0.0,0.0,0.0,5,164.0,170.5,5,168.0,166.0,166.0,166.0,2.0,332.0,91
2023-05-10 10:09:05,SR401P6400,SR401P6400,166.0,0.0,0.0,0.0,5,164.0,169.0,5,168.0,166.0,166.0,166.0,2.0,332.0,91
2023-05-10 10:09:38,SR401P6400,SR401P6400,166.0,0.0,0.0,0.0,5,161.5,169.0,5,168.0,166.0,166.0,166.0,2.0,332.0,91
2023-05-10 10:13:34,SR401P6400,SR401P6400,166.0,0.0,0.0,0.0,5,163.0,169.0,5,168.0,166.0,166.0,166.0,2.0,332.0,91
2023-05-10 10:36:57,SR401P6400,SR401P6400,166.0,0.0,0.0,0.0,5,161.5,169.0,5,168.0,166.0,166.0,166.0,2.0,332.0,91
2023-05-10 10:45:24,SR401P6400,SR401P6400,166.0,0.0,0.0,0.0,5,163.5,169.0,5,168.0,166.0,166.0,166.0,2.0,332.0,91
2023-05-10 10:51:58,SR401P6400,SR401P6400,166.0,0.0,0.0,0.0,5,163.5,170.5,5,168.0,166.0,166.0,166.0,2.0,332.0,91
2023-05-10 10:57:57,SR401P6400,SR401P6400,166.0,0.0,0.0,0.0,5,165.5,170.5,5,168.0,166.0,166.0,166.0,2.0,332.0,91
2023-05-10 10:58:07,SR401P6400,SR401P6400,166.0,0.0,0.0,0.0,5,165.5,173.0,5,168.0,166.0,166.0,166.0,2.0,332.0,91
2023-05-10 11:03:00,SR401P6400,SR401P6400,166.0,0.0,0.0,0.0,5,165.5,171.5,5,168.0,166.0,166.0,166.0,2.0,332.0,91
2023-05-10 11:08:13,SR401P6400,SR401P6400,166.0,0.0,0.0,0.0,5,163.5,171.5,5,168.0,166.0,166.0,166.0,2.0,332.0,91
2023-05-10 11:08:21,SR401P6400,SR401P6400,166.0,0.0,0.0,0.0,5,163.5,170.0,5,168.0,166.0,166.0,166.0,2.0,332.0,91
2023-05-10 11:09:34,SR401P6400,SR401P6400,166.0,0.0,0.0,0.0,5,161.0,170.0,5,168.0,166.0,166.0,166.0,2.0,332.0,91
2023-05-10 11:09:43,SR401P6400,SR401P6400,166.0,0.0,0.0,0.0,5,161.0,168.0,5,168.0,166.0,166.0,166.0,2.0,332.0,91
2023-05-10 11:15:16,SR401P6400,SR401P6400,166.0,0.0,0.0,0.0,5,163.0,168.0,5,168.0,166.0,166.0,166.0,2.0,332.0,91
2023-05-10 11:15:44,SR401P6400,SR401P6400,166.0,0.0,0.0,0.0,5,163.0,170.0,5,168.0,166.0,166.0,166.0,2.0,332.0,91
2023-05-10 11:16:07,SR401P6400,SR401P6400,166.0,0.0,0.0,0.0,5,164.5,170.0,5,168.0,166.0,166.0,166.0,2.0,332.0,91
2023-05-10 11:16:30,SR401P6400,SR401P6400,166.0,0.0,0.0,0.0,5,164.5,172.5,5,168.0,166.0,166.0,166.0,2.0,332.0,91
2023-05-10 11:17:10,SR401P6400,SR401P6400,166.0,0.0,0.0,0.0,5,164.5,171.0,5,168.0,166.0,166.0,166.0,2.0,332.0,91
2023-05-10 11:20:02,SR401P6400,SR401P6400,166.0,0.0,0.0,0.0,5,164.5,169.5,5,168.0,166.0,166.0,166.0,2.0,332.0,91
2023-05-10 11:21:52,SR401P6400,SR401P6400,166.0,0.0,0.0,0.0,5,163.0,169.5,5,168.0,166.0,166.0,166.0,2.0,332.0,91
2023-05-10 11:29:32,SR401P6400,SR401P6400,166.0,0.0,0.0,0.0,2,106.5,184.5,5,168.0,166.0,166.0,166.0,2.0,332.0,91
2023-05-10 11:29:35,SR401P6400,SR401P6400,166.0,0.0,0.0,0.0,2,83.5,184.5,5,168.0,166.0,166.0,166.0,2.0,332.0,91
2023-05-10 13:30:02,SR401P6400,SR401P6400,166.0,0.0,0.0,0.0,2,118.5,184.5,5,168.0,166.0,166.0,166.0,2.0,332.0,91
2023-05-10 13:30:09,SR401P6400,SR401P6400,166.0,0.0,0.0,0.0,10,84.0,184.5,5,168.0,166.0,166.0,166.0,2.0,332.0,91
2023-05-10 13:30:09,SR401P6400,SR401P6400,166.0,0.0,0.0,0.0,2,118.5,184.5,5,168.0,166.0,166.0,166.0,2.0,332.0,91
2023-05-10 13:30:15,SR401P6400,SR401P6400,166.0,0.0,0.0,0.0,10,84.0,184.5,5,168.0,166.0,166.0,166.0,2.0,332.0,91
2023-05-10 13:30:15,SR401P6400,SR401P6400,166.0,0.0,0.0,0.0,2,118.5,184.5,5,168.0,166.0,166.0,166.0,2.0,332.0,91
2023-05-10 13:30:21,SR401P6400,SR401P6400,166.0,0.0,0.0,0.0,10,84.0,184.5,5,168.0,166.0,166.0,166.0,2.0,332.0,91
2023-05-10 13:30:21,SR401P6400,SR401P6400,166.0,0.0,0.0,0.0,2,118.5,184.5,5,168.0,166.0,166.0,166.0,2.0,332.0,91
2023-05-10 13:30:27,SR401P6400,SR401P6400,166.0,0.0,0.0,0.0,10,84.0,184.5,5,168.0,166.0,166.0,166.0,2.0,332.0,91
2023-05-10 13:30:27,SR401P6400,SR401P6400,166.0,0.0,0.0,0.0,2,118.5,184.5,5,168.0,166.0,166.0,166.0,2.0,332.0,91
2023-05-10 13:30:55,SR401P6400,SR401P6400,166.0,0.0,0.0,0.0,5,158.0,166.5,5,168.0,166.0,166.0,166.0,2.0,332.0,91
2023-05-10 13:33:46,SR401P6400,SR401P6400,166.0,0.0,0.0,0.0,5,160.0,166.5,5,168.0,166.0,166.0,166.0,2.0,332.0,91
2023-05-10 13:35:24,SR401P6400,SR401P6400,166.0,0.0,0.0,0.0,5,160.0,169.5,5,168.0,166.0,166.0,166.0,2.0,332.0,91
2023-05-10 13:36:07,SR401P6400,SR401P6400,166.0,0.0,0.0,0.0,5,162.0,169.5,5,168.0,166.0,166.0,166.0,2.0,332.0,91
2023-05-10 13:44:35,SR401P6400,SR401P6400,166.0,0.0,0.0,0.0,5,160.0,167.5,5,168.0,166.0,166.0,166.0,2.0,332.0,91
2023-05-10 13:54:00,SR401P6400,SR401P6400,166.0,0.0,0.0,0.0,5,160.0,169.5,5,168.0,166.0,166.0,166.0,2.0,332.0,91
2023-05-10 13:57:53,SR401P6400,SR401P6400,166.0,0.0,0.0,0.0,5,162.0,169.5,5,168.0,166.0,166.0,166.0,2.0,332.0,91
2023-05-10 13:59:04,SR401P6400,SR401P6400,166.0,0.0,0.0,0.0,5,162.0,172.5,5,168.0,166.0,166.0,166.0,2.0,332.0,91
2023-05-10 13:59:46,SR401P6400,SR401P6400,166.0,0.0,0.0,0.0,5,165.0,172.5,5,168.0,166.0,166.0,166.0,2.0,332.0,91
2023-05-10 14:02:06,SR401P6400,SR401P6400,166.0,0.0,0.0,0.0,5,167.0,175.5,5,168.0,166.0,166.0,166.0,2.0,332.0,91
2023-05-10 14:07:03,SR401P6400,SR401P6400,166.0,0.0,0.0,0.0,5,167.0,173.5,5,168.0,166.0,166.0,166.0,2.0,332.0,91
2023-05-10 14:09:24,SR401P6400,SR401P6400,166.0,0.0,0.0,0.0,5,165.0,173.5,5,168.0,166.0,166.0,166.0,2.0,332.0,91
2023-05-10 14:10:25,SR401P6400,SR401P6400,166.0,0.0,0.0,0.0,5,165.0,171.5,5,168.0,166.0,166.0,166.0,2.0,332.0,91
2023-05-10 14:19:09,SR401P6400,SR401P6400,166.0,0.0,0.0,0.0,5,165.0,173.5,5,168.0,166.0,166.0,166.0,2.0,332.0,91
2023-05-10 14:24:20,SR401P6400,SR401P6400,166.0,0.0,0.0,0.0,5,165.0,171.5,5,168.0,166.0,166.0,166.0,2.0,332.0,91
2023-05-10 14:30:35,SR401P6400,SR401P6400,166.0,0.0,0.0,0.0,5,162.0,171.5,5,168.0,166.0,166.0,166.0,2.0,332.0,91
2023-05-10 14:37:54,SR401P6400,SR401P6400,166.0,0.0,0.0,0.0,5,162.0,168.5,5,168.0,166.0,166.0,166.0,2.0,332.0,91
2023-05-10 14:43:00,SR401P6400,SR401P6400,166.0,0.0,0.0,0.0,5,159.0,168.5,5,168.0,166.0,166.0,166.0,2.0,332.0,91
2023-05-10 14:46:08,SR401P6400,SR401P6400,166.0,0.0,0.0,0.0,5,159.0,166.5,5,168.0,166.0,166.0,166.0,2.0,332.0,91
2023-05-10 14:49:11,SR401P6400,SR401P6400,166.0,0.0,0.0,0.0,5,159.0,168.5,5,168.0,166.0,166.0,166.0,2.0,332.0,91
2023-05-10 14:49:32,SR401P6400,SR401P6400,166.0,0.0,0.0,0.0,5,161.0,168.5,5,168.0,166.0,166.0,166.0,2.0,332.0,91
2023-05-10 14:53:00,SR401P6400,SR401P6400,166.0,0.0,0.0,0.0,5,161.0,171.5,5,168.0,166.0,166.0,166.0,2.0,332.0,91
2023-05-10 14:53:00,SR401P6400,SR401P6400,166.0,0.0,0.0,0.0,5,163.5,171.5,5,168.0,166.0,166.0,166.0,2.0,332.0,91
2023-05-10 14:59:02,SR401P6400,SR401P6400,166.0,0.0,0.0,0.0,2,118.5,184.5,5,168.0,166.0,166.0,166.0,2.0,332.0,91
2023-05-10 14:59:02,SR401P6400,SR401P6400,166.0,0.0,0.0,0.0,2,122.5,184.5,5,168.0,166.0,166.0,166.0,2.0,332.0,91
2023-05-10 14:59:03,SR401P6400,SR401P6400,166.0,0.0,0.0,0.0,2,139.5,184.5,5,168.0,166.0,166.0,166.0,2.0,332.0,91
2023-05-10 14:59:20,SR401P6400,SR401P6400,166.0,0.0,0.0,0.0,2,119.0,184.5,5,168.0,166.0,166.0,166.0,2.0,332.0,91
2023-05-10 14:59:20,SR401P6400,SR401P6400,166.0,0.0,0.0,0.0,2,119.0,184.5,5,168.0,166.0,166.0,166.0,2.0,332.0,91
