time,symbol_id,symbol_name,last,trade_volume,trade_amount,open_interest_change,bv1,bp1,ap1,av1,yesterday_close,today_open,today_high,today_low,volume,amount,open_interest
2023-05-09 21:00:01,bc2311,bc2311,59630.0,0.0,0.0,0.0,1,51300.0,67950.0,1,59630.0,0.0,0.0,0.0,0.0,0.0,0
2023-05-09 21:00:06,bc2311,bc2311,59630.0,0.0,0.0,0.0,1,57860.0,60600.0,1,59630.0,0.0,0.0,0.0,0.0,0.0,0
2023-05-09 21:00:07,bc2311,bc2311,59630.0,0.0,0.0,0.0,1,57860.0,60580.0,1,59630.0,0.0,0.0,0.0,0.0,0.0,0
2023-05-09 21:00:16,bc2311,bc2311,59630.0,0.0,0.0,0.0,1,57870.0,60580.0,1,59630.0,0.0,0.0,0.0,0.0,0.0,0
2023-05-09 21:00:17,bc2311,bc2311,59630.0,0.0,0.0,0.0,1,58070.0,60410.0,1,59630.0,0.0,0.0,0.0,0.0,0.0,0
2023-05-09 21:00:18,bc2311,bc2311,59630.0,0.0,0.0,0.0,1,58070.0,60410.0,1,59630.0,0.0,0.0,0.0,0.0,0.0,0
2023-05-09 21:00:24,bc2311,bc2311,59630.0,0.0,0.0,0.0,1,58080.0,60410.0,1,59630.0,0.0,0.0,0.0,0.0,0.0,0
2023-05-09 21:00:25,bc2311,bc2311,59630.0,0.0,0.0,0.0,1,58070.0,60410.0,1,59630.0,0.0,0.0,0.0,0.0,0.0,0
2023-05-09 21:00:25,bc2311,bc2311,59630.0,0.0,0.0,0.0,1,58080.0,60410.0,1,59630.0,0.0,0.0,0.0,0.0,0.0,0
2023-05-09 21:00:30,bc2311,bc2311,59630.0,0.0,0.0,0.0,1,58070.0,60410.0,1,59630.0,0.0,0.0,0.0,0.0,0.0,0
2023-05-09 21:00:30,bc2311,bc2311,59630.0,0.0,0.0,0.0,1,58080.0,60410.0,1,59630.0,0.0,0.0,0.0,0.0,0.0,0
2023-05-09 21:00:56,bc2311,bc2311,59630.0,0.0,0.0,0.0,1,58080.0,60410.0,1,59630.0,0.0,0.0,0.0,0.0,0.0,0
2023-05-09 21:01:00,bc2311,bc2311,59630.0,0.0,0.0,0.0,1,58090.0,60410.0,1,59630.0,0.0,0.0,0.0,0.0,0.0,0
2023-05-09 21:01:00,bc2311,bc2311,59630.0,0.0,0.0,0.0,1,58100.0,60410.0,1,59630.0,0.0,0.0,0.0,0.0,0.0,0
2023-05-09 21:01:06,bc2311,bc2311,59630.0,0.0,0.0,0.0,1,58100.0,60400.0,1,59630.0,0.0,0.0,0.0,0.0,0.0,0
2023-05-09 21:01:39,bc2311,bc2311,59630.0,0.0,0.0,0.0,1,58100.0,60400.0,1,59630.0,0.0,0.0,0.0,0.0,0.0,0
2023-05-09 21:01:43,bc2311,bc2311,59630.0,0.0,0.0,0.0,1,58110.0,60400.0,1,59630.0,0.0,0.0,0.0,0.0,0.0,0
2023-05-09 21:01:43,bc2311,bc2311,59630.0,0.0,0.0,0.0,1,58120.0,60400.0,1,59630.0,0.0,0.0,0.0,0.0,0.0,0
2023-05-09 21:02:22,bc2311,bc2311,59630.0,0.0,0.0,0.0,1,58120.0,60400.0,1,59630.0,0.0,0.0,0.0,0.0,0.0,0
2023-05-09 21:02:25,bc2311,bc2311,59630.0,0.0,0.0,0.0,1,58130.0,60400.0,1,59630.0,0.0,0.0,0.0,0.0,0.0,0
2023-05-09 21:02:26,bc2311,bc2311,59630.0,0.0,0.0,0.0,1,58140.0,60400.0,1,59630.0,0.0,0.0,0.0,0.0,0.0,0
2023-05-09 21:03:05,bc2311,bc2311,59630.0,0.0,0.0,0.0,1,58140.0,60400.0,1,59630.0,0.0,0.0,0.0,0.0,0.0,0
2023-05-09 21:03:09,bc2311,bc2311,59630.0,0.0,0.0,0.0,1,58150.0,60400.0,1,59630.0,0.0,0.0,0.0,0.0,0.0,0
2023-05-09 21:03:10,bc2311,bc2311,59630.0,0.0,0.0,0.0,1,58160.0,60400.0,1,59630.0,0.0,0.0,0.0,0.0,0.0,0
2023-05-09 21:03:49,bc2311,bc2311,59630.0,0.0,0.0,0.0,1,58160.0,60400.0,1,59630.0,0.0,0.0,0.0,0.0,0.0,0
2023-05-09 21:03:53,bc2311,bc2311,59630.0,0.0,0.0,0.0,1,58170.0,60400.0,1,59630.0,0.0,0.0,0.0,0.0,0.0,0
2023-05-09 21:03:53,bc2311,bc2311,59630.0,0.0,0.0,0.0,1,58180.0,60400.0,1,59630.0,0.0,0.0,0.0,0.0,0.0,0
2023-05-09 21:04:32,bc2311,bc2311,59630.0,0.0,0.0,0.0,1,58180.0,60400.0,1,59630.0,0.0,0.0,0.0,0.0,0.0,0
2023-05-09 21:04:35,bc2311,bc2311,59630.0,0.0,0.0,0.0,1,58190.0,60400.0,1,59630.0,0.0,0.0,0.0,0.0,0.0,0
2023-05-09 21:04:36,bc2311,bc2311,59630.0,0.0,0.0,0.0,1,58200.0,60400.0,1,59630.0,0.0,0.0,0.0,0.0,0.0,0
2023-05-09 21:05:14,bc2311,bc2311,59630.0,0.0,0.0,0.0,1,58200.0,60400.0,1,59630.0,0.0,0.0,0.0,0.0,0.0,0
2023-05-09 21:05:17,bc2311,bc2311,59630.0,0.0,0.0,0.0,1,58210.0,60400.0,1,59630.0,0.0,0.0,0.0,0.0,0.0,0
2023-05-09 21:05:18,bc2311,bc2311,59630.0,0.0,0.0,0.0,1,58220.0,60400.0,1,59630.0,0.0,0.0,0.0,0.0,0.0,0
2023-05-09 21:05:56,bc2311,bc2311,59630.0,0.0,0.0,0.0,1,58220.0,60400.0,1,59630.0,0.0,0.0,0.0,0.0,0.0,0
2023-05-09 21:06:03,bc2311,bc2311,59630.0,0.0,0.0,0.0,1,58230.0,60400.0,1,59630.0,0.0,0.0,0.0,0.0,0.0,0
2023-05-09 21:06:03,bc2311,bc2311,59630.0,0.0,0.0,0.0,1,58240.0,60400.0,1,59630.0,0.0,0.0,0.0,0.0,0.0,0
2023-05-09 21:06:08,bc2311,bc2311,59630.0,0.0,0.0,0.0,1,58240.0,60410.0,1,59630.0,0.0,0.0,0.0,0.0,0.0,0
2023-05-09 21:06:11,bc2311,bc2311,59630.0,0.0,0.0,0.0,1,58240.0,60410.0,2,59630.0,0.0,0.0,0.0,0.0,0.0,0
2023-05-09 21:06:43,bc2311,bc2311,59630.0,0.0,0.0,0.0,1,58240.0,60410.0,2,59630.0,0.0,0.0,0.0,0.0,0.0,0
2023-05-09 21:06:46,bc2311,bc2311,59630.0,0.0,0.0,0.0,1,58250.0,60410.0,2,59630.0,0.0,0.0,0.0,0.0,0.0,0
2023-05-09 21:06:46,bc2311,bc2311,59630.0,0.0,0.0,0.0,1,58260.0,60410.0,2,59630.0,0.0,0.0,0.0,0.0,0.0,0
2023-05-09 21:07:04,bc2311,bc2311,59630.0,0.0,0.0,0.0,1,58260.0,60410.0,2,59630.0,0.0,0.0,0.0,0.0,0.0,0
2023-05-09 21:07:29,bc2311,bc2311,59630.0,0.0,0.0,0.0,1,58260.0,60400.0,1,59630.0,0.0,0.0,0.0,0.0,0.0,0
2023-05-09 21:07:29,bc2311,bc2311,59630.0,0.0,0.0,0.0,1,58260.0,60390.0,1,59630.0,0.0,0.0,0.0,0.0,0.0,0
2023-05-09 21:07:39,bc2311,bc2311,59630.0,0.0,0.0,0.0,1,58260.0,60390.0,1,59630.0,0.0,0.0,0.0,0.0,0.0,0
2023-05-09 21:08:12,bc2311,bc2311,59630.0,0.0,0.0,0.0,1,58270.0,60390.0,1,59630.0,0.0,0.0,0.0,0.0,0.0,0
2023-05-09 21:08:12,bc2311,bc2311,59630.0,0.0,0.0,0.0,1,58270.0,60390.0,1,59630.0,0.0,0.0,0.0,0.0,0.0,0
2023-05-09 21:08:13,bc2311,bc2311,59630.0,0.0,0.0,0.0,1,58280.0,60390.0,1,59630.0,0.0,0.0,0.0,0.0,0.0,0
2023-05-09 21:08:51,bc2311,bc2311,59630.0,0.0,0.0,0.0,1,58280.0,60390.0,1,59630.0,0.0,0.0,0.0,0.0,0.0,0
2023-05-09 21:08:54,bc2311,bc2311,59630.0,0.0,0.0,0.0,1,58290.0,60390.0,1,59630.0,0.0,0.0,0.0,0.0,0.0,0
2023-05-09 21:08:55,bc2311,bc2311,59630.0,0.0,0.0,0.0,1,58300.0,60390.0,1,59630.0,0.0,0.0,0.0,0.0,0.0,0
2023-05-09 21:09:34,bc2311,bc2311,59630.0,0.0,0.0,0.0,1,58300.0,60390.0,1,59630.0,0.0,0.0,0.0,0.0,0.0,0
2023-05-09 21:09:38,bc2311,bc2311,59630.0,0.0,0.0,0.0,1,58310.0,60390.0,1,59630.0,0.0,0.0,0.0,0.0,0.0,0
2023-05-09 21:09:38,bc2311,bc2311,59630.0,0.0,0.0,0.0,1,58320.0,60390.0,1,59630.0,0.0,0.0,0.0,0.0,0.0,0
2023-05-09 21:10:17,bc2311,bc2311,59630.0,0.0,0.0,0.0,1,58320.0,60390.0,1,59630.0,0.0,0.0,0.0,0.0,0.0,0
2023-05-09 21:10:20,bc2311,bc2311,59630.0,0.0,0.0,0.0,1,58330.0,60390.0,1,59630.0,0.0,0.0,0.0,0.0,0.0,0
2023-05-09 21:10:21,bc2311,bc2311,59630.0,0.0,0.0,0.0,1,58340.0,60390.0,1,59630.0,0.0,0.0,0.0,0.0,0.0,0
2023-05-09 21:10:59,bc2311,bc2311,59630.0,0.0,0.0,0.0,1,58340.0,60390.0,1,59630.0,0.0,0.0,0.0,0.0,0.0,0
2023-05-09 21:11:04,bc2311,bc2311,59630.0,0.0,0.0,0.0,1,58350.0,60390.0,1,59630.0,0.0,0.0,0.0,0.0,0.0,0
2023-05-09 21:11:05,bc2311,bc2311,59630.0,0.0,0.0,0.0,1,58360.0,60390.0,1,59630.0,0.0,0.0,0.0,0.0,0.0,0
2023-05-09 21:11:44,bc2311,bc2311,59630.0,0.0,0.0,0.0,1,58360.0,60390.0,1,59630.0,0.0,0.0,0.0,0.0,0.0,0
2023-05-09 21:11:48,bc2311,bc2311,59630.0,0.0,0.0,0.0,1,58370.0,60390.0,1,59630.0,0.0,0.0,0.0,0.0,0.0,0
2023-05-09 21:11:48,bc2311,bc2311,59630.0,0.0,0.0,0.0,1,58380.0,60390.0,1,59630.0,0.0,0.0,0.0,0.0,0.0,0
2023-05-09 21:11:51,bc2311,bc2311,59630.0,0.0,0.0,0.0,1,58380.0,60410.0,1,59630.0,0.0,0.0,0.0,0.0,0.0,0
2023-05-09 21:11:52,bc2311,bc2311,59630.0,0.0,0.0,0.0,1,58380.0,60410.0,1,59630.0,0.0,0.0,0.0,0.0,0.0,0
2023-05-09 21:12:27,bc2311,bc2311,59630.0,0.0,0.0,0.0,1,58380.0,60410.0,1,59630.0,0.0,0.0,0.0,0.0,0.0,0
2023-05-09 21:12:30,bc2311,bc2311,59630.0,0.0,0.0,0.0,1,58390.0,60410.0,1,59630.0,0.0,0.0,0.0,0.0,0.0,0
2023-05-09 21:12:31,bc2311,bc2311,59630.0,0.0,0.0,0.0,1,58390.0,60410.0,1,59630.0,0.0,0.0,0.0,0.0,0.0,0
2023-05-09 21:17:30,bc2311,bc2311,59630.0,0.0,0.0,0.0,1,58070.0,60410.0,1,59630.0,0.0,0.0,0.0,0.0,0.0,0
2023-05-09 21:17:31,bc2311,bc2311,59630.0,0.0,0.0,0.0,1,58080.0,60410.0,1,59630.0,0.0,0.0,0.0,0.0,0.0,0
2023-05-09 21:18:09,bc2311,bc2311,59630.0,0.0,0.0,0.0,1,58090.0,60410.0,1,59630.0,0.0,0.0,0.0,0.0,0.0,0
2023-05-09 21:18:09,bc2311,bc2311,59630.0,0.0,0.0,0.0,1,58100.0,60410.0,1,59630.0,0.0,0.0,0.0,0.0,0.0,0
2023-05-09 21:18:47,bc2311,bc2311,59630.0,0.0,0.0,0.0,1,58100.0,60410.0,1,59630.0,0.0,0.0,0.0,0.0,0.0,0
2023-05-09 21:18:51,bc2311,bc2311,59630.0,0.0,0.0,0.0,1,58110.0,60410.0,1,59630.0,0.0,0.0,0.0,0.0,0.0,0
2023-05-09 21:18:51,bc2311,bc2311,59630.0,0.0,0.0,0.0,1,58120.0,60410.0,1,59630.0,0.0,0.0,0.0,0.0,0.0,0
2023-05-09 21:19:30,bc2311,bc2311,59630.0,0.0,0.0,0.0,1,58120.0,60410.0,1,59630.0,0.0,0.0,0.0,0.0,0.0,0
2023-05-09 21:19:33,bc2311,bc2311,59630.0,0.0,0.0,0.0,1,58130.0,60410.0,1,59630.0,0.0,0.0,0.0,0.0,0.0,0
2023-05-09 21:19:34,bc2311,bc2311,59630.0,0.0,0.0,0.0,1,58140.0,60410.0,1,59630.0,0.0,0.0,0.0,0.0,0.0,0
2023-05-09 21:20:12,bc2311,bc2311,59630.0,0.0,0.0,0.0,1,58140.0,60410.0,1,59630.0,0.0,0.0,0.0,0.0,0.0,0
2023-05-09 21:20:15,bc2311,bc2311,59630.0,0.0,0.0,0.0,1,58150.0,60410.0,1,59630.0,0.0,0.0,0.0,0.0,0.0,0
2023-05-09 21:20:16,bc2311,bc2311,59630.0,0.0,0.0,0.0,1,58160.0,60410.0,1,59630.0,0.0,0.0,0.0,0.0,0.0,0
2023-05-09 21:20:54,bc2311,bc2311,59630.0,0.0,0.0,0.0,1,58160.0,60410.0,1,59630.0,0.0,0.0,0.0,0.0,0.0,0
2023-05-09 21:20:57,bc2311,bc2311,59630.0,0.0,0.0,0.0,1,58170.0,60410.0,1,59630.0,0.0,0.0,0.0,0.0,0.0,0
2023-05-09 21:20:57,bc2311,bc2311,59630.0,0.0,0.0,0.0,1,58180.0,60410.0,1,59630.0,0.0,0.0,0.0,0.0,0.0,0
2023-05-09 21:21:36,bc2311,bc2311,59630.0,0.0,0.0,0.0,1,58180.0,60410.0,1,59630.0,0.0,0.0,0.0,0.0,0.0,0
2023-05-09 21:21:39,bc2311,bc2311,59630.0,0.0,0.0,0.0,1,58190.0,60410.0,1,59630.0,0.0,0.0,0.0,0.0,0.0,0
2023-05-09 21:21:39,bc2311,bc2311,59630.0,0.0,0.0,0.0,1,58200.0,60410.0,1,59630.0,0.0,0.0,0.0,0.0,0.0,0
2023-05-09 21:22:18,bc2311,bc2311,59630.0,0.0,0.0,0.0,1,58200.0,60410.0,1,59630.0,0.0,0.0,0.0,0.0,0.0,0
2023-05-09 21:22:22,bc2311,bc2311,59630.0,0.0,0.0,0.0,1,58210.0,60410.0,1,59630.0,0.0,0.0,0.0,0.0,0.0,0
2023-05-09 21:22:22,bc2311,bc2311,59630.0,0.0,0.0,0.0,1,58220.0,60410.0,1,59630.0,0.0,0.0,0.0,0.0,0.0,0
2023-05-09 21:23:01,bc2311,bc2311,59630.0,0.0,0.0,0.0,1,58220.0,60410.0,1,59630.0,0.0,0.0,0.0,0.0,0.0,0
2023-05-09 21:23:04,bc2311,bc2311,59630.0,0.0,0.0,0.0,1,58230.0,60410.0,1,59630.0,0.0,0.0,0.0,0.0,0.0,0
2023-05-09 21:23:05,bc2311,bc2311,59630.0,0.0,0.0,0.0,1,58240.0,60410.0,1,59630.0,0.0,0.0,0.0,0.0,0.0,0
2023-05-09 21:23:43,bc2311,bc2311,59630.0,0.0,0.0,0.0,1,58240.0,60410.0,1,59630.0,0.0,0.0,0.0,0.0,0.0,0
2023-05-09 21:23:47,bc2311,bc2311,59630.0,0.0,0.0,0.0,1,58250.0,60410.0,1,59630.0,0.0,0.0,0.0,0.0,0.0,0
2023-05-09 21:23:47,bc2311,bc2311,59630.0,0.0,0.0,0.0,1,58260.0,60410.0,1,59630.0,0.0,0.0,0.0,0.0,0.0,0
2023-05-09 21:24:26,bc2311,bc2311,59630.0,0.0,0.0,0.0,1,58260.0,60410.0,1,59630.0,0.0,0.0,0.0,0.0,0.0,0
2023-05-09 21:24:29,bc2311,bc2311,59630.0,0.0,0.0,0.0,1,58270.0,60410.0,1,59630.0,0.0,0.0,0.0,0.0,0.0,0
2023-05-09 21:24:29,bc2311,bc2311,59630.0,0.0,0.0,0.0,1,58280.0,60410.0,1,59630.0,0.0,0.0,0.0,0.0,0.0,0
2023-05-09 21:24:59,bc2311,bc2311,59630.0,0.0,0.0,0.0,1,58280.0,60410.0,1,59630.0,0.0,0.0,0.0,0.0,0.0,0
2023-05-09 21:25:11,bc2311,bc2311,59630.0,0.0,0.0,0.0,1,58280.0,60400.0,1,59630.0,0.0,0.0,0.0,0.0,0.0,0
2023-05-09 21:25:55,bc2311,bc2311,59630.0,0.0,0.0,0.0,1,58280.0,60410.0,1,59630.0,0.0,0.0,0.0,0.0,0.0,0
2023-05-09 21:26:34,bc2311,bc2311,59630.0,0.0,0.0,0.0,1,58290.0,60410.0,1,59630.0,0.0,0.0,0.0,0.0,0.0,0
2023-05-09 21:26:34,bc2311,bc2311,59630.0,0.0,0.0,0.0,1,58300.0,60410.0,1,59630.0,0.0,0.0,0.0,0.0,0.0,0
2023-05-09 21:27:13,bc2311,bc2311,59630.0,0.0,0.0,0.0,1,58300.0,60410.0,1,59630.0,0.0,0.0,0.0,0.0,0.0,0
2023-05-09 21:27:16,bc2311,bc2311,59630.0,0.0,0.0,0.0,1,58310.0,60410.0,1,59630.0,0.0,0.0,0.0,0.0,0.0,0
2023-05-09 21:27:17,bc2311,bc2311,59630.0,0.0,0.0,0.0,1,58320.0,60410.0,1,59630.0,0.0,0.0,0.0,0.0,0.0,0
2023-05-09 21:27:49,bc2311,bc2311,59630.0,0.0,0.0,0.0,1,58320.0,60410.0,1,59630.0,0.0,0.0,0.0,0.0,0.0,0
2023-05-09 21:27:58,bc2311,bc2311,59630.0,0.0,0.0,0.0,1,58320.0,60400.0,1,59630.0,0.0,0.0,0.0,0.0,0.0,0
2023-05-09 21:33:00,bc2311,bc2311,59630.0,0.0,0.0,0.0,1,58320.0,60410.0,1,59630.0,0.0,0.0,0.0,0.0,0.0,0
2023-05-09 21:33:41,bc2311,bc2311,59630.0,0.0,0.0,0.0,1,58320.0,60400.0,1,59630.0,0.0,0.0,0.0,0.0,0.0,0
2023-05-09 21:35:02,bc2311,bc2311,59630.0,0.0,0.0,0.0,1,58320.0,60410.0,1,59630.0,0.0,0.0,0.0,0.0,0.0,0
2023-05-09 21:35:05,bc2311,bc2311,59630.0,0.0,0.0,0.0,1,58330.0,60410.0,1,59630.0,0.0,0.0,0.0,0.0,0.0,0
2023-05-09 21:35:06,bc2311,bc2311,59630.0,0.0,0.0,0.0,1,58340.0,60410.0,1,59630.0,0.0,0.0,0.0,0.0,0.0,0
2023-05-09 21:35:44,bc2311,bc2311,59630.0,0.0,0.0,0.0,1,58340.0,60410.0,1,59630.0,0.0,0.0,0.0,0.0,0.0,0
2023-05-09 21:35:47,bc2311,bc2311,59630.0,0.0,0.0,0.0,1,58350.0,60410.0,1,59630.0,0.0,0.0,0.0,0.0,0.0,0
2023-05-09 21:35:48,bc2311,bc2311,59630.0,0.0,0.0,0.0,1,58360.0,60410.0,1,59630.0,0.0,0.0,0.0,0.0,0.0,0
2023-05-09 21:35:53,bc2311,bc2311,59630.0,0.0,0.0,0.0,1,58360.0,60410.0,1,59630.0,0.0,0.0,0.0,0.0,0.0,0
2023-05-09 21:36:30,bc2311,bc2311,59630.0,0.0,0.0,0.0,1,58360.0,60400.0,1,59630.0,0.0,0.0,0.0,0.0,0.0,0
2023-05-09 21:41:30,bc2311,bc2311,59630.0,0.0,0.0,0.0,1,58360.0,60410.0,1,59630.0,0.0,0.0,0.0,0.0,0.0,0
2023-05-09 21:42:07,bc2311,bc2311,59630.0,0.0,0.0,0.0,1,58360.0,60400.0,1,59630.0,0.0,0.0,0.0,0.0,0.0,0
2023-05-09 21:43:02,bc2311,bc2311,59630.0,0.0,0.0,0.0,1,58360.0,60410.0,1,59630.0,0.0,0.0,0.0,0.0,0.0,0
2023-05-09 21:43:31,bc2311,bc2311,59630.0,0.0,0.0,0.0,1,58360.0,60400.0,1,59630.0,0.0,0.0,0.0,0.0,0.0,0
2023-05-09 21:43:46,bc2311,bc2311,59630.0,0.0,0.0,0.0,1,58360.0,60410.0,1,59630.0,0.0,0.0,0.0,0.0,0.0,0
2023-05-09 21:44:15,bc2311,bc2311,59630.0,0.0,0.0,0.0,1,58370.0,60410.0,1,59630.0,0.0,0.0,0.0,0.0,0.0,0
2023-05-09 21:44:15,bc2311,bc2311,59630.0,0.0,0.0,0.0,1,58380.0,60410.0,1,59630.0,0.0,0.0,0.0,0.0,0.0,0
2023-05-09 21:44:39,bc2311,bc2311,59630.0,0.0,0.0,0.0,1,58380.0,60410.0,1,59630.0,0.0,0.0,0.0,0.0,0.0,0
2023-05-09 21:44:58,bc2311,bc2311,59630.0,0.0,0.0,0.0,1,58390.0,60410.0,1,59630.0,0.0,0.0,0.0,0.0,0.0,0
2023-05-09 21:44:58,bc2311,bc2311,59630.0,0.0,0.0,0.0,1,58390.0,60410.0,1,59630.0,0.0,0.0,0.0,0.0,0.0,0
2023-05-09 21:45:35,bc2311,bc2311,59630.0,0.0,0.0,0.0,1,58070.0,60410.0,1,59630.0,0.0,0.0,0.0,0.0,0.0,0
2023-05-09 21:45:35,bc2311,bc2311,59630.0,0.0,0.0,0.0,1,58080.0,60410.0,1,59630.0,0.0,0.0,0.0,0.0,0.0,0
2023-05-09 21:45:41,bc2311,bc2311,59630.0,0.0,0.0,0.0,1,58090.0,60410.0,1,59630.0,0.0,0.0,0.0,0.0,0.0,0
2023-05-09 21:45:41,bc2311,bc2311,59630.0,0.0,0.0,0.0,1,58100.0,60410.0,1,59630.0,0.0,0.0,0.0,0.0,0.0,0
2023-05-09 21:46:20,bc2311,bc2311,59630.0,0.0,0.0,0.0,1,58100.0,60410.0,1,59630.0,0.0,0.0,0.0,0.0,0.0,0
2023-05-09 21:46:23,bc2311,bc2311,59630.0,0.0,0.0,0.0,1,58110.0,60410.0,1,59630.0,0.0,0.0,0.0,0.0,0.0,0
2023-05-09 21:46:24,bc2311,bc2311,59630.0,0.0,0.0,0.0,1,58120.0,60410.0,1,59630.0,0.0,0.0,0.0,0.0,0.0,0
2023-05-09 21:47:03,bc2311,bc2311,59630.0,0.0,0.0,0.0,1,58120.0,60410.0,1,59630.0,0.0,0.0,0.0,0.0,0.0,0
2023-05-09 21:47:06,bc2311,bc2311,59630.0,0.0,0.0,0.0,1,58130.0,60410.0,1,59630.0,0.0,0.0,0.0,0.0,0.0,0
2023-05-09 21:47:07,bc2311,bc2311,59630.0,0.0,0.0,0.0,1,58140.0,60410.0,1,59630.0,0.0,0.0,0.0,0.0,0.0,0
2023-05-09 21:47:46,bc2311,bc2311,59630.0,0.0,0.0,0.0,1,58140.0,60410.0,1,59630.0,0.0,0.0,0.0,0.0,0.0,0
2023-05-09 21:47:50,bc2311,bc2311,59630.0,0.0,0.0,0.0,1,58150.0,60410.0,1,59630.0,0.0,0.0,0.0,0.0,0.0,0
2023-05-09 21:47:51,bc2311,bc2311,59630.0,0.0,0.0,0.0,1,58160.0,60410.0,1,59630.0,0.0,0.0,0.0,0.0,0.0,0
2023-05-09 21:48:15,bc2311,bc2311,59630.0,0.0,0.0,0.0,1,58160.0,60410.0,1,59630.0,0.0,0.0,0.0,0.0,0.0,0
2023-05-09 21:48:16,bc2311,bc2311,59630.0,0.0,0.0,0.0,1,58160.0,60410.0,1,59630.0,0.0,0.0,0.0,0.0,0.0,0
2023-05-09 21:48:30,bc2311,bc2311,59630.0,0.0,0.0,0.0,1,58160.0,60410.0,1,59630.0,0.0,0.0,0.0,0.0,0.0,0
2023-05-09 21:48:34,bc2311,bc2311,59630.0,0.0,0.0,0.0,1,58170.0,60410.0,1,59630.0,0.0,0.0,0.0,0.0,0.0,0
2023-05-09 21:48:35,bc2311,bc2311,59630.0,0.0,0.0,0.0,1,58180.0,60410.0,1,59630.0,0.0,0.0,0.0,0.0,0.0,0
2023-05-09 21:49:14,bc2311,bc2311,59630.0,0.0,0.0,0.0,1,58180.0,60410.0,1,59630.0,0.0,0.0,0.0,0.0,0.0,0
2023-05-09 21:49:18,bc2311,bc2311,59630.0,0.0,0.0,0.0,1,58190.0,60410.0,1,59630.0,0.0,0.0,0.0,0.0,0.0,0
2023-05-09 21:49:19,bc2311,bc2311,59630.0,0.0,0.0,0.0,1,58200.0,60410.0,1,59630.0,0.0,0.0,0.0,0.0,0.0,0
2023-05-09 21:49:58,bc2311,bc2311,59630.0,0.0,0.0,0.0,1,58200.0,60410.0,1,59630.0,0.0,0.0,0.0,0.0,0.0,0
2023-05-09 21:50:01,bc2311,bc2311,59630.0,0.0,0.0,0.0,1,58210.0,60410.0,1,59630.0,0.0,0.0,0.0,0.0,0.0,0
2023-05-09 21:50:02,bc2311,bc2311,59630.0,0.0,0.0,0.0,1,58220.0,60410.0,1,59630.0,0.0,0.0,0.0,0.0,0.0,0
2023-05-09 21:50:41,bc2311,bc2311,59630.0,0.0,0.0,0.0,1,58220.0,60410.0,1,59630.0,0.0,0.0,0.0,0.0,0.0,0
2023-05-09 21:50:44,bc2311,bc2311,59630.0,0.0,0.0,0.0,1,58230.0,60410.0,1,59630.0,0.0,0.0,0.0,0.0,0.0,0
2023-05-09 21:50:45,bc2311,bc2311,59630.0,0.0,0.0,0.0,1,58240.0,60410.0,1,59630.0,0.0,0.0,0.0,0.0,0.0,0
2023-05-09 21:51:24,bc2311,bc2311,59630.0,0.0,0.0,0.0,1,58240.0,60410.0,1,59630.0,0.0,0.0,0.0,0.0,0.0,0
2023-05-09 21:51:28,bc2311,bc2311,59630.0,0.0,0.0,0.0,1,58250.0,60410.0,1,59630.0,0.0,0.0,0.0,0.0,0.0,0
2023-05-09 21:51:28,bc2311,bc2311,59630.0,0.0,0.0,0.0,1,58260.0,60410.0,1,59630.0,0.0,0.0,0.0,0.0,0.0,0
2023-05-09 21:52:08,bc2311,bc2311,59630.0,0.0,0.0,0.0,1,58260.0,60410.0,1,59630.0,0.0,0.0,0.0,0.0,0.0,0
2023-05-09 21:52:12,bc2311,bc2311,59630.0,0.0,0.0,0.0,1,58270.0,60410.0,1,59630.0,0.0,0.0,0.0,0.0,0.0,0
2023-05-09 21:52:12,bc2311,bc2311,59630.0,0.0,0.0,0.0,1,58280.0,60410.0,1,59630.0,0.0,0.0,0.0,0.0,0.0,0
2023-05-09 21:52:51,bc2311,bc2311,59630.0,0.0,0.0,0.0,1,58280.0,60410.0,1,59630.0,0.0,0.0,0.0,0.0,0.0,0
2023-05-09 21:52:54,bc2311,bc2311,59630.0,0.0,0.0,0.0,1,58290.0,60410.0,1,59630.0,0.0,0.0,0.0,0.0,0.0,0
2023-05-09 21:52:55,bc2311,bc2311,59630.0,0.0,0.0,0.0,1,58300.0,60410.0,1,59630.0,0.0,0.0,0.0,0.0,0.0,0
2023-05-09 21:53:33,bc2311,bc2311,59630.0,0.0,0.0,0.0,1,58300.0,60410.0,1,59630.0,0.0,0.0,0.0,0.0,0.0,0
2023-05-09 21:53:37,bc2311,bc2311,59630.0,0.0,0.0,0.0,1,58310.0,60410.0,1,59630.0,0.0,0.0,0.0,0.0,0.0,0
2023-05-09 21:53:37,bc2311,bc2311,59630.0,0.0,0.0,0.0,1,58320.0,60410.0,1,59630.0,0.0,0.0,0.0,0.0,0.0,0
2023-05-09 21:54:15,bc2311,bc2311,59630.0,0.0,0.0,0.0,1,58320.0,60410.0,1,59630.0,0.0,0.0,0.0,0.0,0.0,0
2023-05-09 21:54:19,bc2311,bc2311,59630.0,0.0,0.0,0.0,1,58330.0,60410.0,1,59630.0,0.0,0.0,0.0,0.0,0.0,0
2023-05-09 21:54:19,bc2311,bc2311,59630.0,0.0,0.0,0.0,1,58340.0,60410.0,1,59630.0,0.0,0.0,0.0,0.0,0.0,0
2023-05-09 21:54:58,bc2311,bc2311,59630.0,0.0,0.0,0.0,1,58340.0,60410.0,1,59630.0,0.0,0.0,0.0,0.0,0.0,0
2023-05-09 21:55:01,bc2311,bc2311,59630.0,0.0,0.0,0.0,1,58350.0,60410.0,1,59630.0,0.0,0.0,0.0,0.0,0.0,0
2023-05-09 21:55:02,bc2311,bc2311,59630.0,0.0,0.0,0.0,1,58360.0,60410.0,1,59630.0,0.0,0.0,0.0,0.0,0.0,0
2023-05-09 21:55:40,bc2311,bc2311,59630.0,0.0,0.0,0.0,1,58360.0,60410.0,1,59630.0,0.0,0.0,0.0,0.0,0.0,0
2023-05-09 21:55:44,bc2311,bc2311,59630.0,0.0,0.0,0.0,1,58370.0,60410.0,1,59630.0,0.0,0.0,0.0,0.0,0.0,0
2023-05-09 21:55:44,bc2311,bc2311,59630.0,0.0,0.0,0.0,1,58380.0,60410.0,1,59630.0,0.0,0.0,0.0,0.0,0.0,0
2023-05-09 21:56:16,bc2311,bc2311,59630.0,0.0,0.0,0.0,1,58380.0,60410.0,1,59630.0,0.0,0.0,0.0,0.0,0.0,0
2023-05-09 21:56:27,bc2311,bc2311,59630.0,0.0,0.0,0.0,1,58380.0,60400.0,1,59630.0,0.0,0.0,0.0,0.0,0.0,0
2023-05-09 21:58:04,bc2311,bc2311,59630.0,0.0,0.0,0.0,1,58380.0,60410.0,1,59630.0,0.0,0.0,0.0,0.0,0.0,0
2023-05-09 21:58:34,bc2311,bc2311,59630.0,0.0,0.0,0.0,1,58390.0,60410.0,1,59630.0,0.0,0.0,0.0,0.0,0.0,0
2023-05-09 21:58:35,bc2311,bc2311,59630.0,0.0,0.0,0.0,1,58390.0,60410.0,1,59630.0,0.0,0.0,0.0,0.0,0.0,0
2023-05-09 21:59:27,bc2311,bc2311,59630.0,0.0,0.0,0.0,1,58070.0,60410.0,1,59630.0,0.0,0.0,0.0,0.0,0.0,0
2023-05-09 21:59:28,bc2311,bc2311,59630.0,0.0,0.0,0.0,1,58080.0,60410.0,1,59630.0,0.0,0.0,0.0,0.0,0.0,0
2023-05-09 21:59:59,bc2311,bc2311,59630.0,0.0,0.0,0.0,1,58090.0,60410.0,1,59630.0,0.0,0.0,0.0,0.0,0.0,0
2023-05-09 22:00:00,bc2311,bc2311,59630.0,0.0,0.0,0.0,1,58100.0,60410.0,1,59630.0,0.0,0.0,0.0,0.0,0.0,0
2023-05-09 22:00:38,bc2311,bc2311,59630.0,0.0,0.0,0.0,1,58100.0,60410.0,1,59630.0,0.0,0.0,0.0,0.0,0.0,0
2023-05-09 22:00:46,bc2311,bc2311,59630.0,0.0,0.0,0.0,1,58110.0,60410.0,1,59630.0,0.0,0.0,0.0,0.0,0.0,0
2023-05-09 22:00:46,bc2311,bc2311,59630.0,0.0,0.0,0.0,1,58120.0,60410.0,1,59630.0,0.0,0.0,0.0,0.0,0.0,0
2023-05-09 22:01:25,bc2311,bc2311,59630.0,0.0,0.0,0.0,1,58120.0,60410.0,1,59630.0,0.0,0.0,0.0,0.0,0.0,0
2023-05-09 22:01:28,bc2311,bc2311,59630.0,0.0,0.0,0.0,1,58130.0,60410.0,1,59630.0,0.0,0.0,0.0,0.0,0.0,0
2023-05-09 22:01:29,bc2311,bc2311,59630.0,0.0,0.0,0.0,1,58140.0,60410.0,1,59630.0,0.0,0.0,0.0,0.0,0.0,0
2023-05-09 22:02:07,bc2311,bc2311,59630.0,0.0,0.0,0.0,1,58140.0,60410.0,1,59630.0,0.0,0.0,0.0,0.0,0.0,0
2023-05-09 22:02:11,bc2311,bc2311,59630.0,0.0,0.0,0.0,1,58150.0,60410.0,1,59630.0,0.0,0.0,0.0,0.0,0.0,0
2023-05-09 22:02:11,bc2311,bc2311,59630.0,0.0,0.0,0.0,1,58160.0,60410.0,1,59630.0,0.0,0.0,0.0,0.0,0.0,0
2023-05-09 22:02:50,bc2311,bc2311,59630.0,0.0,0.0,0.0,1,58160.0,60410.0,1,59630.0,0.0,0.0,0.0,0.0,0.0,0
2023-05-09 22:02:54,bc2311,bc2311,59630.0,0.0,0.0,0.0,1,58170.0,60410.0,1,59630.0,0.0,0.0,0.0,0.0,0.0,0
2023-05-09 22:02:55,bc2311,bc2311,59630.0,0.0,0.0,0.0,1,58180.0,60410.0,1,59630.0,0.0,0.0,0.0,0.0,0.0,0
2023-05-09 22:03:34,bc2311,bc2311,59630.0,0.0,0.0,0.0,1,58180.0,60410.0,1,59630.0,0.0,0.0,0.0,0.0,0.0,0
2023-05-09 22:03:37,bc2311,bc2311,59630.0,0.0,0.0,0.0,1,58190.0,60410.0,1,59630.0,0.0,0.0,0.0,0.0,0.0,0
2023-05-09 22:03:38,bc2311,bc2311,59630.0,0.0,0.0,0.0,1,58200.0,60410.0,1,59630.0,0.0,0.0,0.0,0.0,0.0,0
2023-05-09 22:04:07,bc2311,bc2311,59630.0,0.0,0.0,0.0,1,58200.0,60410.0,1,59630.0,0.0,0.0,0.0,0.0,0.0,0
2023-05-09 22:04:20,bc2311,bc2311,59630.0,0.0,0.0,0.0,1,58200.0,60400.0,1,59630.0,0.0,0.0,0.0,0.0,0.0,0
2023-05-09 22:05:07,bc2311,bc2311,59630.0,0.0,0.0,0.0,1,58200.0,60410.0,1,59630.0,0.0,0.0,0.0,0.0,0.0,0
2023-05-09 22:05:47,bc2311,bc2311,59630.0,0.0,0.0,0.0,1,58210.0,60410.0,1,59630.0,0.0,0.0,0.0,0.0,0.0,0
2023-05-09 22:05:47,bc2311,bc2311,59630.0,0.0,0.0,0.0,1,58220.0,60410.0,1,59630.0,0.0,0.0,0.0,0.0,0.0,0
2023-05-09 22:06:00,bc2311,bc2311,59630.0,0.0,0.0,0.0,1,58220.0,60410.0,1,59630.0,0.0,0.0,0.0,0.0,0.0,0
2023-05-09 22:06:30,bc2311,bc2311,59630.0,0.0,0.0,0.0,1,58220.0,60400.0,1,59630.0,0.0,0.0,0.0,0.0,0.0,0
2023-05-09 22:11:30,bc2311,bc2311,59630.0,0.0,0.0,0.0,1,58220.0,60410.0,1,59630.0,0.0,0.0,0.0,0.0,0.0,0
2023-05-09 22:12:07,bc2311,bc2311,59630.0,0.0,0.0,0.0,1,58220.0,60400.0,1,59630.0,0.0,0.0,0.0,0.0,0.0,0
2023-05-09 22:17:07,bc2311,bc2311,59630.0,0.0,0.0,0.0,1,58220.0,60410.0,1,59630.0,0.0,0.0,0.0,0.0,0.0,0
2023-05-09 22:17:47,bc2311,bc2311,59630.0,0.0,0.0,0.0,1,58220.0,60400.0,1,59630.0,0.0,0.0,0.0,0.0,0.0,0
2023-05-09 22:22:47,bc2311,bc2311,59630.0,0.0,0.0,0.0,1,58220.0,60410.0,1,59630.0,0.0,0.0,0.0,0.0,0.0,0
2023-05-09 22:23:21,bc2311,bc2311,59630.0,0.0,0.0,0.0,1,58220.0,60400.0,1,59630.0,0.0,0.0,0.0,0.0,0.0,0
2023-05-09 22:23:42,bc2311,bc2311,59630.0,0.0,0.0,0.0,1,58220.0,60390.0,1,59630.0,0.0,0.0,0.0,0.0,0.0,0
2023-05-09 22:24:19,bc2311,bc2311,59630.0,0.0,0.0,0.0,1,58220.0,60390.0,1,59630.0,0.0,0.0,0.0,0.0,0.0,0
2023-05-09 22:24:46,bc2311,bc2311,59630.0,0.0,0.0,0.0,1,58220.0,60380.0,1,59630.0,0.0,0.0,0.0,0.0,0.0,0
2023-05-09 22:29:46,bc2311,bc2311,59630.0,0.0,0.0,0.0,1,58220.0,60390.0,1,59630.0,0.0,0.0,0.0,0.0,0.0,0
2023-05-09 22:29:46,bc2311,bc2311,59630.0,0.0,0.0,0.0,1,58220.0,60410.0,1,59630.0,0.0,0.0,0.0,0.0,0.0,0
2023-05-09 22:29:51,bc2311,bc2311,59630.0,0.0,0.0,0.0,1,58220.0,60410.0,1,59630.0,0.0,0.0,0.0,0.0,0.0,0
2023-05-09 22:30:11,bc2311,bc2311,59630.0,0.0,0.0,0.0,1,58220.0,60400.0,1,59630.0,0.0,0.0,0.0,0.0,0.0,0
2023-05-09 22:30:21,bc2311,bc2311,59630.0,0.0,0.0,0.0,1,58220.0,60390.0,1,59630.0,0.0,0.0,0.0,0.0,0.0,0
2023-05-09 22:31:02,bc2311,bc2311,59630.0,0.0,0.0,0.0,1,58220.0,60380.0,1,59630.0,0.0,0.0,0.0,0.0,0.0,0
2023-05-09 22:31:41,bc2311,bc2311,59630.0,0.0,0.0,0.0,1,58220.0,60380.0,1,59630.0,0.0,0.0,0.0,0.0,0.0,0
2023-05-09 22:31:45,bc2311,bc2311,59630.0,0.0,0.0,0.0,1,58220.0,60370.0,1,59630.0,0.0,0.0,0.0,0.0,0.0,0
2023-05-09 22:32:11,bc2311,bc2311,59630.0,0.0,0.0,0.0,1,58220.0,60370.0,1,59630.0,0.0,0.0,0.0,0.0,0.0,0
2023-05-09 22:32:12,bc2311,bc2311,59630.0,0.0,0.0,0.0,1,58220.0,60360.0,1,59630.0,0.0,0.0,0.0,0.0,0.0,0
2023-05-09 22:32:49,bc2311,bc2311,59630.0,0.0,0.0,0.0,1,58220.0,60360.0,1,59630.0,0.0,0.0,0.0,0.0,0.0,0
2023-05-09 22:33:11,bc2311,bc2311,59630.0,0.0,0.0,0.0,1,58220.0,60350.0,1,59630.0,0.0,0.0,0.0,0.0,0.0,0
2023-05-09 22:35:43,bc2311,bc2311,59630.0,0.0,0.0,0.0,1,58220.0,60360.0,1,59630.0,0.0,0.0,0.0,0.0,0.0,0
2023-05-09 22:35:59,bc2311,bc2311,59630.0,0.0,0.0,0.0,1,58230.0,60360.0,1,59630.0,0.0,0.0,0.0,0.0,0.0,0
2023-05-09 22:35:59,bc2311,bc2311,59630.0,0.0,0.0,0.0,1,58240.0,60360.0,1,59630.0,0.0,0.0,0.0,0.0,0.0,0
2023-05-09 22:36:38,bc2311,bc2311,59630.0,0.0,0.0,0.0,1,58240.0,60360.0,1,59630.0,0.0,0.0,0.0,0.0,0.0,0
2023-05-09 22:36:41,bc2311,bc2311,59630.0,0.0,0.0,0.0,1,58250.0,60360.0,1,59630.0,0.0,0.0,0.0,0.0,0.0,0
2023-05-09 22:36:42,bc2311,bc2311,59630.0,0.0,0.0,0.0,1,58260.0,60360.0,1,59630.0,0.0,0.0,0.0,0.0,0.0,0
2023-05-09 22:36:49,bc2311,bc2311,59630.0,0.0,0.0,0.0,1,58260.0,60360.0,1,59630.0,0.0,0.0,0.0,0.0,0.0,0
2023-05-09 22:37:14,bc2311,bc2311,59630.0,0.0,0.0,0.0,1,58260.0,60410.0,1,59630.0,0.0,0.0,0.0,0.0,0.0,0
2023-05-09 22:37:16,bc2311,bc2311,59630.0,0.0,0.0,0.0,1,58260.0,60410.0,1,59630.0,0.0,0.0,0.0,0.0,0.0,0
2023-05-09 22:37:23,bc2311,bc2311,59630.0,0.0,0.0,0.0,1,58260.0,60400.0,1,59630.0,0.0,0.0,0.0,0.0,0.0,0
2023-05-09 22:39:12,bc2311,bc2311,59630.0,0.0,0.0,0.0,1,58260.0,60410.0,1,59630.0,0.0,0.0,0.0,0.0,0.0,0
2023-05-09 22:39:28,bc2311,bc2311,59630.0,0.0,0.0,0.0,1,58270.0,60410.0,1,59630.0,0.0,0.0,0.0,0.0,0.0,0
2023-05-09 22:39:28,bc2311,bc2311,59630.0,0.0,0.0,0.0,1,58280.0,60410.0,1,59630.0,0.0,0.0,0.0,0.0,0.0,0
2023-05-09 22:40:07,bc2311,bc2311,59630.0,0.0,0.0,0.0,1,58280.0,60410.0,1,59630.0,0.0,0.0,0.0,0.0,0.0,0
2023-05-09 22:40:10,bc2311,bc2311,59630.0,0.0,0.0,0.0,1,58290.0,60410.0,1,59630.0,0.0,0.0,0.0,0.0,0.0,0
2023-05-09 22:40:11,bc2311,bc2311,59630.0,0.0,0.0,0.0,1,58300.0,60410.0,1,59630.0,0.0,0.0,0.0,0.0,0.0,0
2023-05-09 22:40:15,bc2311,bc2311,59630.0,0.0,0.0,0.0,1,58300.0,60410.0,1,59630.0,0.0,0.0,0.0,0.0,0.0,0
2023-05-09 22:40:52,bc2311,bc2311,59630.0,0.0,0.0,0.0,1,58300.0,60400.0,1,59630.0,0.0,0.0,0.0,0.0,0.0,0
2023-05-09 22:41:06,bc2311,bc2311,59630.0,0.0,0.0,0.0,1,58300.0,60410.0,1,59630.0,0.0,0.0,0.0,0.0,0.0,0
2023-05-09 22:41:34,bc2311,bc2311,59630.0,0.0,0.0,0.0,1,58310.0,60410.0,1,59630.0,0.0,0.0,0.0,0.0,0.0,0
2023-05-09 22:41:34,bc2311,bc2311,59630.0,0.0,0.0,0.0,1,58320.0,60410.0,1,59630.0,0.0,0.0,0.0,0.0,0.0,0
2023-05-09 22:42:12,bc2311,bc2311,59630.0,0.0,0.0,0.0,1,58320.0,60410.0,1,59630.0,0.0,0.0,0.0,0.0,0.0,0
2023-05-09 22:42:15,bc2311,bc2311,59630.0,0.0,0.0,0.0,1,58330.0,60410.0,1,59630.0,0.0,0.0,0.0,0.0,0.0,0
2023-05-09 22:42:16,bc2311,bc2311,59630.0,0.0,0.0,0.0,1,58340.0,60410.0,1,59630.0,0.0,0.0,0.0,0.0,0.0,0
2023-05-09 22:42:54,bc2311,bc2311,59630.0,0.0,0.0,0.0,1,58340.0,60410.0,1,59630.0,0.0,0.0,0.0,0.0,0.0,0
2023-05-09 22:42:58,bc2311,bc2311,59630.0,0.0,0.0,0.0,1,58340.0,60400.0,1,59630.0,0.0,0.0,0.0,0.0,0.0,0
2023-05-09 22:43:48,bc2311,bc2311,59630.0,0.0,0.0,0.0,1,58340.0,60410.0,1,59630.0,0.0,0.0,0.0,0.0,0.0,0
2023-05-09 22:44:22,bc2311,bc2311,59630.0,0.0,0.0,0.0,1,58350.0,60410.0,1,59630.0,0.0,0.0,0.0,0.0,0.0,0
2023-05-09 22:44:22,bc2311,bc2311,59630.0,0.0,0.0,0.0,1,58360.0,60410.0,1,59630.0,0.0,0.0,0.0,0.0,0.0,0
2023-05-09 22:45:02,bc2311,bc2311,59630.0,0.0,0.0,0.0,1,58360.0,60410.0,1,59630.0,0.0,0.0,0.0,0.0,0.0,0
2023-05-09 22:45:05,bc2311,bc2311,59630.0,0.0,0.0,0.0,1,58370.0,60410.0,1,59630.0,0.0,0.0,0.0,0.0,0.0,0
2023-05-09 22:45:05,bc2311,bc2311,59630.0,0.0,0.0,0.0,1,58380.0,60410.0,1,59630.0,0.0,0.0,0.0,0.0,0.0,0
2023-05-09 22:45:23,bc2311,bc2311,59630.0,0.0,0.0,0.0,1,58380.0,60410.0,1,59630.0,0.0,0.0,0.0,0.0,0.0,0
2023-05-09 22:45:48,bc2311,bc2311,59630.0,0.0,0.0,0.0,1,58380.0,60400.0,1,59630.0,0.0,0.0,0.0,0.0,0.0,0
2023-05-09 22:50:48,bc2311,bc2311,59630.0,0.0,0.0,0.0,1,58380.0,60410.0,1,59630.0,0.0,0.0,0.0,0.0,0.0,0
2023-05-09 22:51:25,bc2311,bc2311,59630.0,0.0,0.0,0.0,1,58380.0,60400.0,1,59630.0,0.0,0.0,0.0,0.0,0.0,0
2023-05-09 22:56:24,bc2311,bc2311,59630.0,0.0,0.0,0.0,1,58380.0,60410.0,1,59630.0,0.0,0.0,0.0,0.0,0.0,0
2023-05-09 22:56:58,bc2311,bc2311,59630.0,0.0,0.0,0.0,1,58380.0,60400.0,1,59630.0,0.0,0.0,0.0,0.0,0.0,0
2023-05-09 22:59:12,bc2311,bc2311,59630.0,0.0,0.0,0.0,1,58070.0,60400.0,1,59630.0,0.0,0.0,0.0,0.0,0.0,0
2023-05-09 22:59:13,bc2311,bc2311,59630.0,0.0,0.0,0.0,1,58070.0,60410.0,1,59630.0,0.0,0.0,0.0,0.0,0.0,0
2023-05-09 22:59:46,bc2311,bc2311,59630.0,0.0,0.0,0.0,1,58080.0,60410.0,1,59630.0,0.0,0.0,0.0,0.0,0.0,0
2023-05-09 23:04:46,bc2311,bc2311,59630.0,0.0,0.0,0.0,1,58070.0,60410.0,1,59630.0,0.0,0.0,0.0,0.0,0.0,0
2023-05-09 23:05:12,bc2311,bc2311,59630.0,0.0,0.0,0.0,1,58080.0,60410.0,1,59630.0,0.0,0.0,0.0,0.0,0.0,0
2023-05-09 23:10:12,bc2311,bc2311,59630.0,0.0,0.0,0.0,1,58070.0,60410.0,1,59630.0,0.0,0.0,0.0,0.0,0.0,0
2023-05-09 23:10:40,bc2311,bc2311,59630.0,0.0,0.0,0.0,1,58080.0,60410.0,1,59630.0,0.0,0.0,0.0,0.0,0.0,0
2023-05-09 23:14:28,bc2311,bc2311,59630.0,0.0,0.0,0.0,1,58080.0,60400.0,1,59630.0,0.0,0.0,0.0,0.0,0.0,0
2023-05-09 23:15:41,bc2311,bc2311,59630.0,0.0,0.0,0.0,1,58070.0,60400.0,1,59630.0,0.0,0.0,0.0,0.0,0.0,0
2023-05-09 23:16:08,bc2311,bc2311,59630.0,0.0,0.0,0.0,1,58080.0,60400.0,1,59630.0,0.0,0.0,0.0,0.0,0.0,0
2023-05-09 23:19:29,bc2311,bc2311,59630.0,0.0,0.0,0.0,1,58080.0,60410.0,1,59630.0,0.0,0.0,0.0,0.0,0.0,0
2023-05-09 23:19:33,bc2311,bc2311,59630.0,0.0,0.0,0.0,1,58080.0,60410.0,1,59630.0,0.0,0.0,0.0,0.0,0.0,0
2023-05-09 23:21:08,bc2311,bc2311,59630.0,0.0,0.0,0.0,1,58070.0,60410.0,1,59630.0,0.0,0.0,0.0,0.0,0.0,0
2023-05-09 23:21:36,bc2311,bc2311,59630.0,0.0,0.0,0.0,1,58080.0,60410.0,1,59630.0,0.0,0.0,0.0,0.0,0.0,0
2023-05-09 23:26:37,bc2311,bc2311,59630.0,0.0,0.0,0.0,1,58070.0,60410.0,1,59630.0,0.0,0.0,0.0,0.0,0.0,0
2023-05-09 23:27:05,bc2311,bc2311,59630.0,0.0,0.0,0.0,1,58080.0,60410.0,1,59630.0,0.0,0.0,0.0,0.0,0.0,0
2023-05-09 23:27:36,bc2311,bc2311,59630.0,0.0,0.0,0.0,1,58070.0,60410.0,1,59630.0,0.0,0.0,0.0,0.0,0.0,0
2023-05-09 23:27:47,bc2311,bc2311,59630.0,0.0,0.0,0.0,1,58070.0,60400.0,1,59630.0,0.0,0.0,0.0,0.0,0.0,0
2023-05-09 23:32:47,bc2311,bc2311,59630.0,0.0,0.0,0.0,1,58070.0,60410.0,1,59630.0,0.0,0.0,0.0,0.0,0.0,0
2023-05-09 23:33:18,bc2311,bc2311,59630.0,0.0,0.0,0.0,1,58070.0,60400.0,1,59630.0,0.0,0.0,0.0,0.0,0.0,0
2023-05-09 23:38:18,bc2311,bc2311,59630.0,0.0,0.0,0.0,1,58070.0,60410.0,1,59630.0,0.0,0.0,0.0,0.0,0.0,0
2023-05-09 23:38:57,bc2311,bc2311,59630.0,0.0,0.0,0.0,1,58070.0,60400.0,1,59630.0,0.0,0.0,0.0,0.0,0.0,0
2023-05-09 23:40:58,bc2311,bc2311,59630.0,0.0,0.0,0.0,1,58070.0,60410.0,1,59630.0,0.0,0.0,0.0,0.0,0.0,0
2023-05-09 23:41:00,bc2311,bc2311,59630.0,0.0,0.0,0.0,1,58080.0,60410.0,1,59630.0,0.0,0.0,0.0,0.0,0.0,0
2023-05-09 23:46:00,bc2311,bc2311,59630.0,0.0,0.0,0.0,1,58070.0,60410.0,1,59630.0,0.0,0.0,0.0,0.0,0.0,0
2023-05-09 23:46:03,bc2311,bc2311,59630.0,0.0,0.0,0.0,1,58080.0,60410.0,1,59630.0,0.0,0.0,0.0,0.0,0.0,0
2023-05-09 23:51:04,bc2311,bc2311,59630.0,0.0,0.0,0.0,1,58070.0,60410.0,1,59630.0,0.0,0.0,0.0,0.0,0.0,0
2023-05-09 23:51:34,bc2311,bc2311,59630.0,0.0,0.0,0.0,1,58080.0,60410.0,1,59630.0,0.0,0.0,0.0,0.0,0.0,0
2023-05-09 23:56:35,bc2311,bc2311,59630.0,0.0,0.0,0.0,1,58070.0,60410.0,1,59630.0,0.0,0.0,0.0,0.0,0.0,0
2023-05-09 23:56:36,bc2311,bc2311,59630.0,0.0,0.0,0.0,1,58080.0,60410.0,1,59630.0,0.0,0.0,0.0,0.0,0.0,0
2023-05-09 23:59:43,bc2311,bc2311,59630.0,0.0,0.0,0.0,1,58070.0,60410.0,1,59630.0,0.0,0.0,0.0,0.0,0.0,0
2023-05-10 00:00:15,bc2311,bc2311,59630.0,0.0,0.0,0.0,1,58080.0,60410.0,1,59630.0,0.0,0.0,0.0,0.0,0.0,0
2023-05-10 00:05:14,bc2311,bc2311,59630.0,0.0,0.0,0.0,1,58070.0,60410.0,1,59630.0,0.0,0.0,0.0,0.0,0.0,0
2023-05-10 00:05:16,bc2311,bc2311,59630.0,0.0,0.0,0.0,1,58080.0,60410.0,1,59630.0,0.0,0.0,0.0,0.0,0.0,0
2023-05-10 00:10:17,bc2311,bc2311,59630.0,0.0,0.0,0.0,1,58070.0,60410.0,1,59630.0,0.0,0.0,0.0,0.0,0.0,0
2023-05-10 00:10:45,bc2311,bc2311,59630.0,0.0,0.0,0.0,1,58080.0,60410.0,1,59630.0,0.0,0.0,0.0,0.0,0.0,0
2023-05-10 00:15:45,bc2311,bc2311,59630.0,0.0,0.0,0.0,1,58070.0,60410.0,1,59630.0,0.0,0.0,0.0,0.0,0.0,0
2023-05-10 00:15:55,bc2311,bc2311,59630.0,0.0,0.0,0.0,1,58080.0,60410.0,1,59630.0,0.0,0.0,0.0,0.0,0.0,0
2023-05-10 00:20:55,bc2311,bc2311,59630.0,0.0,0.0,0.0,1,58070.0,60410.0,1,59630.0,0.0,0.0,0.0,0.0,0.0,0
2023-05-10 00:21:15,bc2311,bc2311,59630.0,0.0,0.0,0.0,1,58080.0,60410.0,1,59630.0,0.0,0.0,0.0,0.0,0.0,0
2023-05-10 00:26:16,bc2311,bc2311,59630.0,0.0,0.0,0.0,1,58070.0,60410.0,1,59630.0,0.0,0.0,0.0,0.0,0.0,0
2023-05-10 00:26:29,bc2311,bc2311,59630.0,0.0,0.0,0.0,1,58070.0,60400.0,1,59630.0,0.0,0.0,0.0,0.0,0.0,0
2023-05-10 00:31:29,bc2311,bc2311,59630.0,0.0,0.0,0.0,1,58070.0,60410.0,1,59630.0,0.0,0.0,0.0,0.0,0.0,0
2023-05-10 00:32:05,bc2311,bc2311,59630.0,0.0,0.0,0.0,1,58070.0,60400.0,1,59630.0,0.0,0.0,0.0,0.0,0.0,0
2023-05-10 00:32:54,bc2311,bc2311,59630.0,0.0,0.0,0.0,1,58070.0,60410.0,1,59630.0,0.0,0.0,0.0,0.0,0.0,0
2023-05-10 00:33:27,bc2311,bc2311,59630.0,0.0,0.0,0.0,1,58070.0,60400.0,1,59630.0,0.0,0.0,0.0,0.0,0.0,0
2023-05-10 00:38:28,bc2311,bc2311,59630.0,0.0,0.0,0.0,1,58070.0,60410.0,1,59630.0,0.0,0.0,0.0,0.0,0.0,0
2023-05-10 00:38:56,bc2311,bc2311,59630.0,0.0,0.0,0.0,1,58070.0,60400.0,1,59630.0,0.0,0.0,0.0,0.0,0.0,0
2023-05-10 00:43:56,bc2311,bc2311,59630.0,0.0,0.0,0.0,1,58070.0,60410.0,1,59630.0,0.0,0.0,0.0,0.0,0.0,0
2023-05-10 00:44:00,bc2311,bc2311,59630.0,0.0,0.0,0.0,1,58070.0,60400.0,1,59630.0,0.0,0.0,0.0,0.0,0.0,0
2023-05-10 00:49:00,bc2311,bc2311,59630.0,0.0,0.0,0.0,1,58070.0,60410.0,1,59630.0,0.0,0.0,0.0,0.0,0.0,0
2023-05-10 00:49:27,bc2311,bc2311,59630.0,0.0,0.0,0.0,1,58070.0,60400.0,1,59630.0,0.0,0.0,0.0,0.0,0.0,0
2023-05-10 00:54:27,bc2311,bc2311,59630.0,0.0,0.0,0.0,1,58070.0,60410.0,1,59630.0,0.0,0.0,0.0,0.0,0.0,0
2023-05-10 00:54:54,bc2311,bc2311,59630.0,0.0,0.0,0.0,1,58070.0,60400.0,1,59630.0,0.0,0.0,0.0,0.0,0.0,0
2023-05-10 00:55:33,bc2311,bc2311,59630.0,0.0,0.0,0.0,1,58070.0,60410.0,1,59630.0,0.0,0.0,0.0,0.0,0.0,0
2023-05-10 00:55:37,bc2311,bc2311,59630.0,0.0,0.0,0.0,1,58080.0,60410.0,1,59630.0,0.0,0.0,0.0,0.0,0.0,0
2023-05-10 00:59:44,bc2311,bc2311,59630.0,0.0,0.0,0.0,1,58070.0,60410.0,1,59630.0,0.0,0.0,0.0,0.0,0.0,0
2023-05-10 00:59:45,bc2311,bc2311,59630.0,0.0,0.0,0.0,1,58070.0,60410.0,1,59630.0,0.0,0.0,0.0,0.0,0.0,0
2023-05-10 00:59:52,bc2311,bc2311,59630.0,0.0,0.0,0.0,1,58070.0,60410.0,1,59630.0,0.0,0.0,0.0,0.0,0.0,0
2023-05-10 00:59:55,bc2311,bc2311,59630.0,0.0,0.0,0.0,0,0.0,0.0,0,59630.0,0.0,0.0,0.0,0.0,0.0,0
2023-05-10 09:00:01,bc2311,bc2311,59630.0,0.0,0.0,0.0,1,51300.0,67950.0,1,59630.0,0.0,0.0,0.0,0.0,0.0,0
2023-05-10 09:00:09,bc2311,bc2311,59630.0,0.0,0.0,0.0,1,57980.0,60720.0,1,59630.0,0.0,0.0,0.0,0.0,0.0,0
2023-05-10 09:00:09,bc2311,bc2311,59630.0,0.0,0.0,0.0,1,57980.0,60700.0,1,59630.0,0.0,0.0,0.0,0.0,0.0,0
2023-05-10 09:00:14,bc2311,bc2311,59630.0,0.0,0.0,0.0,1,57980.0,60690.0,1,59630.0,0.0,0.0,0.0,0.0,0.0,0
2023-05-10 09:00:15,bc2311,bc2311,59630.0,0.0,0.0,0.0,1,57980.0,60670.0,1,59630.0,0.0,0.0,0.0,0.0,0.0,0
2023-05-10 09:00:18,bc2311,bc2311,59630.0,0.0,0.0,0.0,1,58200.0,60540.0,1,59630.0,0.0,0.0,0.0,0.0,0.0,0
2023-05-10 09:00:23,bc2311,bc2311,59630.0,0.0,0.0,0.0,1,58200.0,60540.0,1,59630.0,0.0,0.0,0.0,0.0,0.0,0
2023-05-10 09:00:57,bc2311,bc2311,59630.0,0.0,0.0,0.0,1,58210.0,60540.0,1,59630.0,0.0,0.0,0.0,0.0,0.0,0
2023-05-10 09:00:58,bc2311,bc2311,59630.0,0.0,0.0,0.0,2,58210.0,60540.0,1,59630.0,0.0,0.0,0.0,0.0,0.0,0
2023-05-10 09:05:54,bc2311,bc2311,59630.0,0.0,0.0,0.0,2,58210.0,60540.0,1,59630.0,0.0,0.0,0.0,0.0,0.0,0
2023-05-10 09:05:54,bc2311,bc2311,59630.0,0.0,0.0,0.0,2,58210.0,60540.0,1,59630.0,0.0,0.0,0.0,0.0,0.0,0
2023-05-10 09:05:57,bc2311,bc2311,59630.0,0.0,0.0,0.0,1,58210.0,60540.0,1,59630.0,0.0,0.0,0.0,0.0,0.0,0
2023-05-10 09:06:36,bc2311,bc2311,59630.0,0.0,0.0,0.0,1,58220.0,60540.0,1,59630.0,0.0,0.0,0.0,0.0,0.0,0
2023-05-10 09:06:36,bc2311,bc2311,59630.0,0.0,0.0,0.0,1,58230.0,60540.0,1,59630.0,0.0,0.0,0.0,0.0,0.0,0
2023-05-10 09:07:15,bc2311,bc2311,59630.0,0.0,0.0,0.0,1,58230.0,60540.0,1,59630.0,0.0,0.0,0.0,0.0,0.0,0
2023-05-10 09:07:20,bc2311,bc2311,59630.0,0.0,0.0,0.0,1,58240.0,60540.0,1,59630.0,0.0,0.0,0.0,0.0,0.0,0
2023-05-10 09:07:20,bc2311,bc2311,59630.0,0.0,0.0,0.0,1,58250.0,60540.0,1,59630.0,0.0,0.0,0.0,0.0,0.0,0
2023-05-10 09:07:59,bc2311,bc2311,59630.0,0.0,0.0,0.0,1,58250.0,60540.0,1,59630.0,0.0,0.0,0.0,0.0,0.0,0
2023-05-10 09:08:02,bc2311,bc2311,59630.0,0.0,0.0,0.0,1,58260.0,60540.0,1,59630.0,0.0,0.0,0.0,0.0,0.0,0
2023-05-10 09:08:02,bc2311,bc2311,59630.0,0.0,0.0,0.0,1,58270.0,60540.0,1,59630.0,0.0,0.0,0.0,0.0,0.0,0
2023-05-10 09:08:40,bc2311,bc2311,59630.0,0.0,0.0,0.0,1,58270.0,60540.0,1,59630.0,0.0,0.0,0.0,0.0,0.0,0
2023-05-10 09:08:44,bc2311,bc2311,59630.0,0.0,0.0,0.0,1,58280.0,60540.0,1,59630.0,0.0,0.0,0.0,0.0,0.0,0
2023-05-10 09:08:44,bc2311,bc2311,59630.0,0.0,0.0,0.0,1,58290.0,60540.0,1,59630.0,0.0,0.0,0.0,0.0,0.0,0
2023-05-10 09:09:22,bc2311,bc2311,59630.0,0.0,0.0,0.0,1,58290.0,60540.0,1,59630.0,0.0,0.0,0.0,0.0,0.0,0
2023-05-10 09:09:26,bc2311,bc2311,59630.0,0.0,0.0,0.0,1,58300.0,60540.0,1,59630.0,0.0,0.0,0.0,0.0,0.0,0
2023-05-10 09:09:27,bc2311,bc2311,59630.0,0.0,0.0,0.0,1,58310.0,60540.0,1,59630.0,0.0,0.0,0.0,0.0,0.0,0
2023-05-10 09:10:04,bc2311,bc2311,59630.0,0.0,0.0,0.0,1,58310.0,60540.0,1,59630.0,0.0,0.0,0.0,0.0,0.0,0
2023-05-10 09:10:08,bc2311,bc2311,59630.0,0.0,0.0,0.0,1,58320.0,60540.0,1,59630.0,0.0,0.0,0.0,0.0,0.0,0
2023-05-10 09:10:09,bc2311,bc2311,59630.0,0.0,0.0,0.0,1,58330.0,60540.0,1,59630.0,0.0,0.0,0.0,0.0,0.0,0
2023-05-10 09:10:24,bc2311,bc2311,59630.0,0.0,0.0,0.0,1,58330.0,60540.0,1,59630.0,0.0,0.0,0.0,0.0,0.0,0
2023-05-10 09:10:49,bc2311,bc2311,59630.0,0.0,0.0,0.0,1,58330.0,60530.0,1,59630.0,0.0,0.0,0.0,0.0,0.0,0
2023-05-10 09:10:58,bc2311,bc2311,59630.0,0.0,0.0,0.0,1,58330.0,60530.0,1,59630.0,0.0,0.0,0.0,0.0,0.0,0
2023-05-10 09:10:58,bc2311,bc2311,59630.0,0.0,0.0,0.0,1,58330.0,60530.0,1,59630.0,0.0,0.0,0.0,0.0,0.0,0
2023-05-10 09:15:49,bc2311,bc2311,59630.0,0.0,0.0,0.0,1,58330.0,60540.0,1,59630.0,0.0,0.0,0.0,0.0,0.0,0
2023-05-10 09:16:22,bc2311,bc2311,59630.0,0.0,0.0,0.0,1,58330.0,60530.0,1,59630.0,0.0,0.0,0.0,0.0,0.0,0
2023-05-10 09:21:21,bc2311,bc2311,59630.0,0.0,0.0,0.0,1,58330.0,60540.0,1,59630.0,0.0,0.0,0.0,0.0,0.0,0
2023-05-10 09:21:57,bc2311,bc2311,59630.0,0.0,0.0,0.0,1,58330.0,60530.0,1,59630.0,0.0,0.0,0.0,0.0,0.0,0
2023-05-10 09:26:57,bc2311,bc2311,59630.0,0.0,0.0,0.0,1,58330.0,60540.0,1,59630.0,0.0,0.0,0.0,0.0,0.0,0
2023-05-10 09:27:32,bc2311,bc2311,59630.0,0.0,0.0,0.0,1,58330.0,60530.0,1,59630.0,0.0,0.0,0.0,0.0,0.0,0
2023-05-10 09:31:13,bc2311,bc2311,59630.0,0.0,0.0,0.0,1,58330.0,60530.0,1,59630.0,0.0,0.0,0.0,0.0,0.0,0
2023-05-10 09:31:18,bc2311,bc2311,59630.0,0.0,0.0,0.0,1,58330.0,60530.0,1,59630.0,0.0,0.0,0.0,0.0,0.0,0
2023-05-10 09:31:20,bc2311,bc2311,59630.0,0.0,0.0,0.0,1,58330.0,60530.0,1,59630.0,0.0,0.0,0.0,0.0,0.0,0
2023-05-10 09:32:32,bc2311,bc2311,59630.0,0.0,0.0,0.0,1,58330.0,60540.0,1,59630.0,0.0,0.0,0.0,0.0,0.0,0
2023-05-10 09:33:08,bc2311,bc2311,59630.0,0.0,0.0,0.0,1,58330.0,60530.0,1,59630.0,0.0,0.0,0.0,0.0,0.0,0
2023-05-10 09:38:08,bc2311,bc2311,59630.0,0.0,0.0,0.0,1,58330.0,60540.0,1,59630.0,0.0,0.0,0.0,0.0,0.0,0
2023-05-10 09:38:43,bc2311,bc2311,59630.0,0.0,0.0,0.0,1,58330.0,60530.0,1,59630.0,0.0,0.0,0.0,0.0,0.0,0
2023-05-10 09:43:43,bc2311,bc2311,59630.0,0.0,0.0,0.0,1,58330.0,60540.0,1,59630.0,0.0,0.0,0.0,0.0,0.0,0
2023-05-10 09:44:20,bc2311,bc2311,59630.0,0.0,0.0,0.0,1,58330.0,60530.0,1,59630.0,0.0,0.0,0.0,0.0,0.0,0
2023-05-10 09:48:09,bc2311,bc2311,59630.0,0.0,0.0,0.0,1,58330.0,60540.0,1,59630.0,0.0,0.0,0.0,0.0,0.0,0
2023-05-10 09:48:32,bc2311,bc2311,59630.0,0.0,0.0,0.0,1,58340.0,60540.0,1,59630.0,0.0,0.0,0.0,0.0,0.0,0
2023-05-10 09:48:32,bc2311,bc2311,59630.0,0.0,0.0,0.0,1,58350.0,60540.0,1,59630.0,0.0,0.0,0.0,0.0,0.0,0
2023-05-10 09:48:34,bc2311,bc2311,59630.0,0.0,0.0,0.0,1,58350.0,60540.0,1,59630.0,0.0,0.0,0.0,0.0,0.0,0
2023-05-10 09:49:14,bc2311,bc2311,59630.0,0.0,0.0,0.0,1,58350.0,60530.0,1,59630.0,0.0,0.0,0.0,0.0,0.0,0
2023-05-10 09:50:14,bc2311,bc2311,59630.0,0.0,0.0,0.0,1,58350.0,60540.0,1,59630.0,0.0,0.0,0.0,0.0,0.0,0
2023-05-10 09:50:38,bc2311,bc2311,59630.0,0.0,0.0,0.0,1,58360.0,60540.0,1,59630.0,0.0,0.0,0.0,0.0,0.0,0
2023-05-10 09:50:38,bc2311,bc2311,59630.0,0.0,0.0,0.0,1,58370.0,60540.0,1,59630.0,0.0,0.0,0.0,0.0,0.0,0
2023-05-10 09:50:50,bc2311,bc2311,59630.0,0.0,0.0,0.0,1,58370.0,60540.0,1,59630.0,0.0,0.0,0.0,0.0,0.0,0
2023-05-10 09:51:20,bc2311,bc2311,59630.0,0.0,0.0,0.0,1,58380.0,60540.0,1,59630.0,0.0,0.0,0.0,0.0,0.0,0
2023-05-10 09:51:21,bc2311,bc2311,59630.0,0.0,0.0,0.0,1,58390.0,60540.0,1,59630.0,0.0,0.0,0.0,0.0,0.0,0
2023-05-10 09:51:27,bc2311,bc2311,59630.0,0.0,0.0,0.0,1,58390.0,60540.0,1,59630.0,0.0,0.0,0.0,0.0,0.0,0
2023-05-10 09:52:03,bc2311,bc2311,59630.0,0.0,0.0,0.0,1,58390.0,60530.0,1,59630.0,0.0,0.0,0.0,0.0,0.0,0
2023-05-10 09:57:03,bc2311,bc2311,59630.0,0.0,0.0,0.0,1,58390.0,60540.0,1,59630.0,0.0,0.0,0.0,0.0,0.0,0
2023-05-10 09:57:38,bc2311,bc2311,59630.0,0.0,0.0,0.0,1,58390.0,60530.0,1,59630.0,0.0,0.0,0.0,0.0,0.0,0
2023-05-10 09:58:29,bc2311,bc2311,59630.0,0.0,0.0,0.0,1,58390.0,60520.0,1,59630.0,0.0,0.0,0.0,0.0,0.0,0
2023-05-10 09:59:07,bc2311,bc2311,59630.0,0.0,0.0,0.0,1,58390.0,60520.0,1,59630.0,0.0,0.0,0.0,0.0,0.0,0
2023-05-10 09:59:45,bc2311,bc2311,59630.0,0.0,0.0,0.0,1,58390.0,60510.0,1,59630.0,0.0,0.0,0.0,0.0,0.0,0
2023-05-10 10:02:31,bc2311,bc2311,59630.0,0.0,0.0,0.0,1,58390.0,60520.0,1,59630.0,0.0,0.0,0.0,0.0,0.0,0
2023-05-10 10:02:33,bc2311,bc2311,59630.0,0.0,0.0,0.0,1,58400.0,60520.0,1,59630.0,0.0,0.0,0.0,0.0,0.0,0
2023-05-10 10:02:34,bc2311,bc2311,59630.0,0.0,0.0,0.0,1,58410.0,60520.0,1,59630.0,0.0,0.0,0.0,0.0,0.0,0
2023-05-10 10:02:36,bc2311,bc2311,59630.0,0.0,0.0,0.0,1,58410.0,60520.0,1,59630.0,0.0,0.0,0.0,0.0,0.0,0
2023-05-10 10:03:16,bc2311,bc2311,59630.0,0.0,0.0,0.0,1,58420.0,60520.0,1,59630.0,0.0,0.0,0.0,0.0,0.0,0
2023-05-10 10:03:16,bc2311,bc2311,59630.0,0.0,0.0,0.0,1,58430.0,60520.0,1,59630.0,0.0,0.0,0.0,0.0,0.0,0
2023-05-10 10:03:32,bc2311,bc2311,59630.0,0.0,0.0,0.0,1,58430.0,60540.0,1,59630.0,0.0,0.0,0.0,0.0,0.0,0
2023-05-10 10:03:35,bc2311,bc2311,59630.0,0.0,0.0,0.0,1,58430.0,60540.0,1,59630.0,0.0,0.0,0.0,0.0,0.0,0
2023-05-10 10:03:41,bc2311,bc2311,59630.0,0.0,0.0,0.0,1,58430.0,60540.0,1,59630.0,0.0,0.0,0.0,0.0,0.0,0
2023-05-10 10:03:58,bc2311,bc2311,59630.0,0.0,0.0,0.0,1,58430.0,60530.0,1,59630.0,0.0,0.0,0.0,0.0,0.0,0
2023-05-10 10:07:01,bc2311,bc2311,59630.0,0.0,0.0,0.0,1,58430.0,60540.0,1,59630.0,0.0,0.0,0.0,0.0,0.0,0
2023-05-10 10:07:30,bc2311,bc2311,59630.0,0.0,0.0,0.0,1,58440.0,60540.0,1,59630.0,0.0,0.0,0.0,0.0,0.0,0
2023-05-10 10:07:31,bc2311,bc2311,59630.0,0.0,0.0,0.0,1,58450.0,60540.0,1,59630.0,0.0,0.0,0.0,0.0,0.0,0
2023-05-10 10:07:37,bc2311,bc2311,59630.0,0.0,0.0,0.0,1,58450.0,60540.0,1,59630.0,0.0,0.0,0.0,0.0,0.0,0
2023-05-10 10:08:13,bc2311,bc2311,59630.0,0.0,0.0,0.0,1,58450.0,60530.0,1,59630.0,0.0,0.0,0.0,0.0,0.0,0
2023-05-10 10:09:29,bc2311,bc2311,59630.0,0.0,0.0,0.0,1,58450.0,60540.0,1,59630.0,0.0,0.0,0.0,0.0,0.0,0
2023-05-10 10:09:37,bc2311,bc2311,59630.0,0.0,0.0,0.0,1,58450.0,60530.0,1,59630.0,0.0,0.0,0.0,0.0,0.0,0
2023-05-10 10:10:50,bc2311,bc2311,59630.0,0.0,0.0,0.0,1,58450.0,60540.0,1,59630.0,0.0,0.0,0.0,0.0,0.0,0
2023-05-10 10:11:01,bc2311,bc2311,59630.0,0.0,0.0,0.0,1,58460.0,60540.0,1,59630.0,0.0,0.0,0.0,0.0,0.0,0
2023-05-10 10:11:01,bc2311,bc2311,59630.0,0.0,0.0,0.0,1,58470.0,60540.0,1,59630.0,0.0,0.0,0.0,0.0,0.0,0
2023-05-10 10:11:15,bc2311,bc2311,59630.0,0.0,0.0,0.0,1,58470.0,60540.0,1,59630.0,0.0,0.0,0.0,0.0,0.0,0
2023-05-10 10:11:43,bc2311,bc2311,59630.0,0.0,0.0,0.0,1,58470.0,60530.0,1,59630.0,0.0,0.0,0.0,0.0,0.0,0
2023-05-10 10:14:18,bc2311,bc2311,59630.0,0.0,0.0,0.0,1,58470.0,60530.0,1,59630.0,0.0,0.0,0.0,0.0,0.0,0
2023-05-10 10:14:22,bc2311,bc2311,59630.0,0.0,0.0,0.0,1,58470.0,60530.0,1,59630.0,0.0,0.0,0.0,0.0,0.0,0
2023-05-10 10:14:45,bc2311,bc2311,59630.0,0.0,0.0,0.0,1,58470.0,60530.0,1,59630.0,0.0,0.0,0.0,0.0,0.0,0
2023-05-10 10:30:02,bc2311,bc2311,59630.0,0.0,0.0,0.0,1,58470.0,60530.0,1,59630.0,0.0,0.0,0.0,0.0,0.0,0
2023-05-10 10:30:09,bc2311,bc2311,59630.0,0.0,0.0,0.0,1,58470.0,60530.0,1,59630.0,0.0,0.0,0.0,0.0,0.0,0
2023-05-10 10:30:14,bc2311,bc2311,59630.0,0.0,0.0,0.0,1,58470.0,60600.0,1,59630.0,0.0,0.0,0.0,0.0,0.0,0
2023-05-10 10:30:18,bc2311,bc2311,59630.0,0.0,0.0,0.0,1,58470.0,60550.0,1,59630.0,0.0,0.0,0.0,0.0,0.0,0
2023-05-10 10:30:52,bc2311,bc2311,59630.0,0.0,0.0,0.0,1,58470.0,60540.0,1,59630.0,0.0,0.0,0.0,0.0,0.0,0
2023-05-10 10:35:51,bc2311,bc2311,59630.0,0.0,0.0,0.0,1,58470.0,60550.0,1,59630.0,0.0,0.0,0.0,0.0,0.0,0
2023-05-10 10:36:05,bc2311,bc2311,59630.0,0.0,0.0,0.0,1,58470.0,60540.0,1,59630.0,0.0,0.0,0.0,0.0,0.0,0
2023-05-10 10:41:05,bc2311,bc2311,59630.0,0.0,0.0,0.0,1,58470.0,60550.0,1,59630.0,0.0,0.0,0.0,0.0,0.0,0
2023-05-10 10:41:42,bc2311,bc2311,59630.0,0.0,0.0,0.0,1,58470.0,60540.0,1,59630.0,0.0,0.0,0.0,0.0,0.0,0
2023-05-10 10:42:43,bc2311,bc2311,59630.0,0.0,0.0,0.0,1,58470.0,60550.0,1,59630.0,0.0,0.0,0.0,0.0,0.0,0
2023-05-10 10:43:07,bc2311,bc2311,59630.0,0.0,0.0,0.0,1,58470.0,60540.0,1,59630.0,0.0,0.0,0.0,0.0,0.0,0
2023-05-10 10:43:14,bc2311,bc2311,59630.0,0.0,0.0,0.0,1,58470.0,60550.0,1,59630.0,0.0,0.0,0.0,0.0,0.0,0
2023-05-10 10:43:51,bc2311,bc2311,59630.0,0.0,0.0,0.0,1,58480.0,60550.0,1,59630.0,0.0,0.0,0.0,0.0,0.0,0
2023-05-10 10:43:51,bc2311,bc2311,59630.0,0.0,0.0,0.0,1,58490.0,60550.0,1,59630.0,0.0,0.0,0.0,0.0,0.0,0
2023-05-10 10:44:30,bc2311,bc2311,59630.0,0.0,0.0,0.0,1,58490.0,60550.0,1,59630.0,0.0,0.0,0.0,0.0,0.0,0
2023-05-10 10:44:33,bc2311,bc2311,59630.0,0.0,0.0,0.0,1,58500.0,60550.0,1,59630.0,0.0,0.0,0.0,0.0,0.0,0
2023-05-10 10:44:34,bc2311,bc2311,59630.0,0.0,0.0,0.0,1,58510.0,60550.0,1,59630.0,0.0,0.0,0.0,0.0,0.0,0
2023-05-10 10:45:04,bc2311,bc2311,59630.0,0.0,0.0,0.0,1,58510.0,60550.0,1,59630.0,0.0,0.0,0.0,0.0,0.0,0
2023-05-10 10:45:17,bc2311,bc2311,59630.0,0.0,0.0,0.0,1,58520.0,60550.0,1,59630.0,0.0,0.0,0.0,0.0,0.0,0
2023-05-10 10:45:17,bc2311,bc2311,59630.0,0.0,0.0,0.0,1,58530.0,60550.0,1,59630.0,0.0,0.0,0.0,0.0,0.0,0
2023-05-10 10:45:30,bc2311,bc2311,59630.0,0.0,0.0,0.0,1,58530.0,60550.0,1,59630.0,0.0,0.0,0.0,0.0,0.0,0
2023-05-10 10:45:59,bc2311,bc2311,59630.0,0.0,0.0,0.0,1,58530.0,60540.0,1,59630.0,0.0,0.0,0.0,0.0,0.0,0
2023-05-10 10:50:59,bc2311,bc2311,59630.0,0.0,0.0,0.0,1,58530.0,60550.0,1,59630.0,0.0,0.0,0.0,0.0,0.0,0
2023-05-10 10:51:30,bc2311,bc2311,59630.0,0.0,0.0,0.0,1,58530.0,60540.0,1,59630.0,0.0,0.0,0.0,0.0,0.0,0
2023-05-10 10:56:31,bc2311,bc2311,59630.0,0.0,0.0,0.0,1,58530.0,60550.0,1,59630.0,0.0,0.0,0.0,0.0,0.0,0
2023-05-10 10:57:02,bc2311,bc2311,59630.0,0.0,0.0,0.0,1,58530.0,60540.0,1,59630.0,0.0,0.0,0.0,0.0,0.0,0
2023-05-10 10:57:58,bc2311,bc2311,59630.0,0.0,0.0,0.0,1,58220.0,60540.0,1,59630.0,0.0,0.0,0.0,0.0,0.0,0
2023-05-10 10:58:00,bc2311,bc2311,59630.0,0.0,0.0,0.0,1,58230.0,60530.0,1,59630.0,0.0,0.0,0.0,0.0,0.0,0
2023-05-10 10:58:26,bc2311,bc2311,59630.0,0.0,0.0,0.0,1,58240.0,60530.0,1,59630.0,0.0,0.0,0.0,0.0,0.0,0
2023-05-10 10:58:27,bc2311,bc2311,59630.0,0.0,0.0,0.0,1,58250.0,60530.0,1,59630.0,0.0,0.0,0.0,0.0,0.0,0
2023-05-10 10:59:05,bc2311,bc2311,59630.0,0.0,0.0,0.0,1,58250.0,60530.0,1,59630.0,0.0,0.0,0.0,0.0,0.0,0
2023-05-10 10:59:09,bc2311,bc2311,59630.0,0.0,0.0,0.0,1,58260.0,60530.0,1,59630.0,0.0,0.0,0.0,0.0,0.0,0
2023-05-10 10:59:10,bc2311,bc2311,59630.0,0.0,0.0,0.0,1,58270.0,60530.0,1,59630.0,0.0,0.0,0.0,0.0,0.0,0
2023-05-10 10:59:49,bc2311,bc2311,59630.0,0.0,0.0,0.0,1,58270.0,60530.0,1,59630.0,0.0,0.0,0.0,0.0,0.0,0
2023-05-10 10:59:52,bc2311,bc2311,59630.0,0.0,0.0,0.0,1,58280.0,60530.0,1,59630.0,0.0,0.0,0.0,0.0,0.0,0
2023-05-10 10:59:52,bc2311,bc2311,59630.0,0.0,0.0,0.0,1,58290.0,60530.0,1,59630.0,0.0,0.0,0.0,0.0,0.0,0
2023-05-10 11:00:32,bc2311,bc2311,59630.0,0.0,0.0,0.0,1,58290.0,60530.0,1,59630.0,0.0,0.0,0.0,0.0,0.0,0
2023-05-10 11:00:35,bc2311,bc2311,59630.0,0.0,0.0,0.0,1,58300.0,60530.0,1,59630.0,0.0,0.0,0.0,0.0,0.0,0
2023-05-10 11:00:36,bc2311,bc2311,59630.0,0.0,0.0,0.0,1,58310.0,60530.0,1,59630.0,0.0,0.0,0.0,0.0,0.0,0
2023-05-10 11:01:14,bc2311,bc2311,59630.0,0.0,0.0,0.0,1,58310.0,60530.0,1,59630.0,0.0,0.0,0.0,0.0,0.0,0
2023-05-10 11:01:18,bc2311,bc2311,59630.0,0.0,0.0,0.0,1,58320.0,60530.0,1,59630.0,0.0,0.0,0.0,0.0,0.0,0
2023-05-10 11:01:18,bc2311,bc2311,59630.0,0.0,0.0,0.0,1,58330.0,60530.0,1,59630.0,0.0,0.0,0.0,0.0,0.0,0
2023-05-10 11:01:57,bc2311,bc2311,59630.0,0.0,0.0,0.0,1,58330.0,60530.0,1,59630.0,0.0,0.0,0.0,0.0,0.0,0
2023-05-10 11:02:00,bc2311,bc2311,59630.0,0.0,0.0,0.0,1,58340.0,60530.0,1,59630.0,0.0,0.0,0.0,0.0,0.0,0
2023-05-10 11:02:01,bc2311,bc2311,59630.0,0.0,0.0,0.0,1,58350.0,60530.0,1,59630.0,0.0,0.0,0.0,0.0,0.0,0
2023-05-10 11:02:40,bc2311,bc2311,59630.0,0.0,0.0,0.0,1,58350.0,60530.0,1,59630.0,0.0,0.0,0.0,0.0,0.0,0
2023-05-10 11:02:42,bc2311,bc2311,59630.0,0.0,0.0,0.0,1,58360.0,60530.0,1,59630.0,0.0,0.0,0.0,0.0,0.0,0
2023-05-10 11:02:43,bc2311,bc2311,59630.0,0.0,0.0,0.0,1,58370.0,60530.0,1,59630.0,0.0,0.0,0.0,0.0,0.0,0
2023-05-10 11:03:21,bc2311,bc2311,59630.0,0.0,0.0,0.0,1,58370.0,60530.0,1,59630.0,0.0,0.0,0.0,0.0,0.0,0
2023-05-10 11:03:24,bc2311,bc2311,59630.0,0.0,0.0,0.0,1,58380.0,60530.0,1,59630.0,0.0,0.0,0.0,0.0,0.0,0
2023-05-10 11:03:25,bc2311,bc2311,59630.0,0.0,0.0,0.0,1,58390.0,60530.0,1,59630.0,0.0,0.0,0.0,0.0,0.0,0
2023-05-10 11:04:03,bc2311,bc2311,59630.0,0.0,0.0,0.0,1,58390.0,60530.0,1,59630.0,0.0,0.0,0.0,0.0,0.0,0
2023-05-10 11:04:06,bc2311,bc2311,59630.0,0.0,0.0,0.0,1,58400.0,60530.0,1,59630.0,0.0,0.0,0.0,0.0,0.0,0
2023-05-10 11:04:07,bc2311,bc2311,59630.0,0.0,0.0,0.0,1,58410.0,60530.0,1,59630.0,0.0,0.0,0.0,0.0,0.0,0
2023-05-10 11:04:45,bc2311,bc2311,59630.0,0.0,0.0,0.0,1,58410.0,60530.0,1,59630.0,0.0,0.0,0.0,0.0,0.0,0
2023-05-10 11:04:48,bc2311,bc2311,59630.0,0.0,0.0,0.0,1,58420.0,60530.0,1,59630.0,0.0,0.0,0.0,0.0,0.0,0
2023-05-10 11:04:49,bc2311,bc2311,59630.0,0.0,0.0,0.0,1,58430.0,60530.0,1,59630.0,0.0,0.0,0.0,0.0,0.0,0
2023-05-10 11:05:27,bc2311,bc2311,59630.0,0.0,0.0,0.0,1,58430.0,60530.0,1,59630.0,0.0,0.0,0.0,0.0,0.0,0
2023-05-10 11:05:30,bc2311,bc2311,59630.0,0.0,0.0,0.0,1,58440.0,60530.0,1,59630.0,0.0,0.0,0.0,0.0,0.0,0
2023-05-10 11:05:31,bc2311,bc2311,59630.0,0.0,0.0,0.0,1,58450.0,60530.0,1,59630.0,0.0,0.0,0.0,0.0,0.0,0
2023-05-10 11:06:10,bc2311,bc2311,59630.0,0.0,0.0,0.0,1,58450.0,60530.0,1,59630.0,0.0,0.0,0.0,0.0,0.0,0
2023-05-10 11:06:13,bc2311,bc2311,59630.0,0.0,0.0,0.0,1,58460.0,60530.0,1,59630.0,0.0,0.0,0.0,0.0,0.0,0
2023-05-10 11:06:13,bc2311,bc2311,59630.0,0.0,0.0,0.0,1,58470.0,60530.0,1,59630.0,0.0,0.0,0.0,0.0,0.0,0
2023-05-10 11:06:15,bc2311,bc2311,59630.0,0.0,0.0,0.0,1,58470.0,60530.0,1,59630.0,0.0,0.0,0.0,0.0,0.0,0
2023-05-10 11:06:54,bc2311,bc2311,59630.0,0.0,0.0,0.0,1,58470.0,60520.0,1,59630.0,0.0,0.0,0.0,0.0,0.0,0
2023-05-10 11:06:55,bc2311,bc2311,59630.0,0.0,0.0,0.0,1,58470.0,60510.0,1,59630.0,0.0,0.0,0.0,0.0,0.0,0
2023-05-10 11:07:34,bc2311,bc2311,59630.0,0.0,0.0,0.0,1,58470.0,60510.0,1,59630.0,0.0,0.0,0.0,0.0,0.0,0
2023-05-10 11:07:38,bc2311,bc2311,59630.0,0.0,0.0,0.0,1,58470.0,60500.0,1,59630.0,0.0,0.0,0.0,0.0,0.0,0
2023-05-10 11:07:39,bc2311,bc2311,59630.0,0.0,0.0,0.0,1,58470.0,60490.0,1,59630.0,0.0,0.0,0.0,0.0,0.0,0
2023-05-10 11:08:18,bc2311,bc2311,59630.0,0.0,0.0,0.0,1,58470.0,60490.0,1,59630.0,0.0,0.0,0.0,0.0,0.0,0
2023-05-10 11:08:21,bc2311,bc2311,59630.0,0.0,0.0,0.0,1,58470.0,60480.0,1,59630.0,0.0,0.0,0.0,0.0,0.0,0
2023-05-10 11:08:22,bc2311,bc2311,59630.0,0.0,0.0,0.0,1,58470.0,60470.0,1,59630.0,0.0,0.0,0.0,0.0,0.0,0
2023-05-10 11:09:01,bc2311,bc2311,59630.0,0.0,0.0,0.0,1,58470.0,60470.0,1,59630.0,0.0,0.0,0.0,0.0,0.0,0
2023-05-10 11:09:05,bc2311,bc2311,59630.0,0.0,0.0,0.0,1,58470.0,60460.0,1,59630.0,0.0,0.0,0.0,0.0,0.0,0
2023-05-10 11:09:05,bc2311,bc2311,59630.0,0.0,0.0,0.0,1,58470.0,60450.0,1,59630.0,0.0,0.0,0.0,0.0,0.0,0
2023-05-10 11:09:10,bc2311,bc2311,59630.0,0.0,0.0,0.0,1,58470.0,60450.0,1,59630.0,0.0,0.0,0.0,0.0,0.0,0
2023-05-10 11:09:48,bc2311,bc2311,59630.0,0.0,0.0,0.0,1,58480.0,60450.0,1,59630.0,0.0,0.0,0.0,0.0,0.0,0
2023-05-10 11:09:49,bc2311,bc2311,59630.0,0.0,0.0,0.0,1,58490.0,60450.0,1,59630.0,0.0,0.0,0.0,0.0,0.0,0
2023-05-10 11:10:28,bc2311,bc2311,59630.0,0.0,0.0,0.0,1,58490.0,60450.0,1,59630.0,0.0,0.0,0.0,0.0,0.0,0
2023-05-10 11:10:31,bc2311,bc2311,59630.0,0.0,0.0,0.0,1,58500.0,60450.0,1,59630.0,0.0,0.0,0.0,0.0,0.0,0
2023-05-10 11:10:31,bc2311,bc2311,59630.0,0.0,0.0,0.0,1,58510.0,60450.0,1,59630.0,0.0,0.0,0.0,0.0,0.0,0
2023-05-10 11:11:11,bc2311,bc2311,59630.0,0.0,0.0,0.0,1,58510.0,60450.0,1,59630.0,0.0,0.0,0.0,0.0,0.0,0
2023-05-10 11:11:14,bc2311,bc2311,59630.0,0.0,0.0,0.0,1,58520.0,60450.0,1,59630.0,0.0,0.0,0.0,0.0,0.0,0
2023-05-10 11:11:15,bc2311,bc2311,59630.0,0.0,0.0,0.0,1,58530.0,60450.0,1,59630.0,0.0,0.0,0.0,0.0,0.0,0
2023-05-10 11:11:51,bc2311,bc2311,59630.0,0.0,0.0,0.0,1,58530.0,60450.0,1,59630.0,0.0,0.0,0.0,0.0,0.0,0
2023-05-10 11:11:58,bc2311,bc2311,59630.0,0.0,0.0,0.0,1,58530.0,60440.0,1,59630.0,0.0,0.0,0.0,0.0,0.0,0
2023-05-10 11:11:58,bc2311,bc2311,59630.0,0.0,0.0,0.0,1,58530.0,60430.0,1,59630.0,0.0,0.0,0.0,0.0,0.0,0
2023-05-10 11:12:37,bc2311,bc2311,59630.0,0.0,0.0,0.0,1,58530.0,60430.0,1,59630.0,0.0,0.0,0.0,0.0,0.0,0
2023-05-10 11:12:40,bc2311,bc2311,59630.0,0.0,0.0,0.0,1,58540.0,60430.0,1,59630.0,0.0,0.0,0.0,0.0,0.0,0
2023-05-10 11:12:41,bc2311,bc2311,59630.0,0.0,0.0,0.0,1,58550.0,60430.0,1,59630.0,0.0,0.0,0.0,0.0,0.0,0
2023-05-10 11:13:19,bc2311,bc2311,59630.0,0.0,0.0,0.0,1,58550.0,60430.0,1,59630.0,0.0,0.0,0.0,0.0,0.0,0
2023-05-10 11:13:22,bc2311,bc2311,59630.0,0.0,0.0,0.0,1,58550.0,60420.0,1,59630.0,0.0,0.0,0.0,0.0,0.0,0
2023-05-10 11:13:22,bc2311,bc2311,59630.0,0.0,0.0,0.0,1,58550.0,60410.0,1,59630.0,0.0,0.0,0.0,0.0,0.0,0
2023-05-10 11:13:28,bc2311,bc2311,59630.0,0.0,0.0,0.0,1,58550.0,60410.0,1,59630.0,0.0,0.0,0.0,0.0,0.0,0
2023-05-10 11:14:04,bc2311,bc2311,59630.0,0.0,0.0,0.0,1,58560.0,60410.0,1,59630.0,0.0,0.0,0.0,0.0,0.0,0
2023-05-10 11:14:04,bc2311,bc2311,59630.0,0.0,0.0,0.0,1,58570.0,60410.0,1,59630.0,0.0,0.0,0.0,0.0,0.0,0
2023-05-10 11:14:42,bc2311,bc2311,59630.0,0.0,0.0,0.0,1,58570.0,60410.0,1,59630.0,0.0,0.0,0.0,0.0,0.0,0
2023-05-10 11:14:46,bc2311,bc2311,59630.0,0.0,0.0,0.0,1,58570.0,60400.0,1,59630.0,0.0,0.0,0.0,0.0,0.0,0
2023-05-10 11:14:47,bc2311,bc2311,59630.0,0.0,0.0,0.0,1,58570.0,60390.0,1,59630.0,0.0,0.0,0.0,0.0,0.0,0
2023-05-10 11:15:25,bc2311,bc2311,59630.0,0.0,0.0,0.0,1,58570.0,60390.0,1,59630.0,0.0,0.0,0.0,0.0,0.0,0
2023-05-10 11:15:29,bc2311,bc2311,59630.0,0.0,0.0,0.0,1,58570.0,60380.0,1,59630.0,0.0,0.0,0.0,0.0,0.0,0
2023-05-10 11:15:29,bc2311,bc2311,59630.0,0.0,0.0,0.0,1,58570.0,60370.0,1,59630.0,0.0,0.0,0.0,0.0,0.0,0
2023-05-10 11:16:08,bc2311,bc2311,59630.0,0.0,0.0,0.0,1,58570.0,60370.0,1,59630.0,0.0,0.0,0.0,0.0,0.0,0
2023-05-10 11:16:11,bc2311,bc2311,59630.0,0.0,0.0,0.0,1,58570.0,60360.0,1,59630.0,0.0,0.0,0.0,0.0,0.0,0
2023-05-10 11:16:11,bc2311,bc2311,59630.0,0.0,0.0,0.0,1,58570.0,60350.0,1,59630.0,0.0,0.0,0.0,0.0,0.0,0
2023-05-10 11:16:38,bc2311,bc2311,59630.0,0.0,0.0,0.0,1,58570.0,60350.0,1,59630.0,0.0,0.0,0.0,0.0,0.0,0
2023-05-10 11:16:54,bc2311,bc2311,59630.0,0.0,0.0,0.0,1,58580.0,60350.0,1,59630.0,0.0,0.0,0.0,0.0,0.0,0
2023-05-10 11:16:55,bc2311,bc2311,59630.0,0.0,0.0,0.0,1,58590.0,60350.0,1,59630.0,0.0,0.0,0.0,0.0,0.0,0
2023-05-10 11:16:56,bc2311,bc2311,59630.0,0.0,0.0,0.0,1,58590.0,60350.0,1,59630.0,0.0,0.0,0.0,0.0,0.0,0
2023-05-10 11:17:36,bc2311,bc2311,59630.0,0.0,0.0,0.0,1,58590.0,60340.0,1,59630.0,0.0,0.0,0.0,0.0,0.0,0
2023-05-10 11:17:36,bc2311,bc2311,59630.0,0.0,0.0,0.0,1,58590.0,60330.0,1,59630.0,0.0,0.0,0.0,0.0,0.0,0
2023-05-10 11:18:15,bc2311,bc2311,59630.0,0.0,0.0,0.0,1,58590.0,60330.0,1,59630.0,0.0,0.0,0.0,0.0,0.0,0
2023-05-10 11:18:19,bc2311,bc2311,59630.0,0.0,0.0,0.0,1,58590.0,60320.0,1,59630.0,0.0,0.0,0.0,0.0,0.0,0
2023-05-10 11:18:19,bc2311,bc2311,59630.0,0.0,0.0,0.0,1,58590.0,60310.0,1,59630.0,0.0,0.0,0.0,0.0,0.0,0
2023-05-10 11:18:58,bc2311,bc2311,59630.0,0.0,0.0,0.0,1,58590.0,60310.0,1,59630.0,0.0,0.0,0.0,0.0,0.0,0
2023-05-10 11:19:01,bc2311,bc2311,59630.0,0.0,0.0,0.0,1,58590.0,60300.0,1,59630.0,0.0,0.0,0.0,0.0,0.0,0
2023-05-10 11:19:02,bc2311,bc2311,59630.0,0.0,0.0,0.0,1,58590.0,60300.0,1,59630.0,0.0,0.0,0.0,0.0,0.0,0
2023-05-10 11:21:24,bc2311,bc2311,59630.0,0.0,0.0,0.0,1,58590.0,60300.0,1,59630.0,0.0,0.0,0.0,0.0,0.0,0
2023-05-10 11:21:25,bc2311,bc2311,59630.0,0.0,0.0,0.0,1,58590.0,60300.0,1,59630.0,0.0,0.0,0.0,0.0,0.0,0
2023-05-10 11:24:01,bc2311,bc2311,59630.0,0.0,0.0,0.0,1,58590.0,60550.0,1,59630.0,0.0,0.0,0.0,0.0,0.0,0
2023-05-10 11:24:02,bc2311,bc2311,59630.0,0.0,0.0,0.0,1,58590.0,60530.0,1,59630.0,0.0,0.0,0.0,0.0,0.0,0
2023-05-10 11:24:02,bc2311,bc2311,59630.0,0.0,0.0,0.0,1,58590.0,60520.0,1,59630.0,0.0,0.0,0.0,0.0,0.0,0
2023-05-10 11:24:03,bc2311,bc2311,59630.0,0.0,0.0,0.0,1,58590.0,60500.0,1,59630.0,0.0,0.0,0.0,0.0,0.0,0
2023-05-10 11:24:03,bc2311,bc2311,59630.0,0.0,0.0,0.0,1,58590.0,60490.0,1,59630.0,0.0,0.0,0.0,0.0,0.0,0
2023-05-10 11:24:36,bc2311,bc2311,59630.0,0.0,0.0,0.0,1,58590.0,60480.0,1,59630.0,0.0,0.0,0.0,0.0,0.0,0
2023-05-10 11:24:37,bc2311,bc2311,59630.0,0.0,0.0,0.0,1,58590.0,60470.0,1,59630.0,0.0,0.0,0.0,0.0,0.0,0
2023-05-10 11:25:15,bc2311,bc2311,59630.0,0.0,0.0,0.0,1,58590.0,60470.0,1,59630.0,0.0,0.0,0.0,0.0,0.0,0
2023-05-10 11:25:18,bc2311,bc2311,59630.0,0.0,0.0,0.0,1,58590.0,60460.0,1,59630.0,0.0,0.0,0.0,0.0,0.0,0
2023-05-10 11:25:18,bc2311,bc2311,59630.0,0.0,0.0,0.0,1,58590.0,60450.0,1,59630.0,0.0,0.0,0.0,0.0,0.0,0
2023-05-10 11:25:57,bc2311,bc2311,59630.0,0.0,0.0,0.0,1,58590.0,60450.0,1,59630.0,0.0,0.0,0.0,0.0,0.0,0
2023-05-10 11:26:02,bc2311,bc2311,59630.0,0.0,0.0,0.0,1,58590.0,60440.0,1,59630.0,0.0,0.0,0.0,0.0,0.0,0
2023-05-10 11:26:02,bc2311,bc2311,59630.0,0.0,0.0,0.0,1,58590.0,60430.0,1,59630.0,0.0,0.0,0.0,0.0,0.0,0
2023-05-10 11:26:40,bc2311,bc2311,59630.0,0.0,0.0,0.0,1,58590.0,60430.0,1,59630.0,0.0,0.0,0.0,0.0,0.0,0
2023-05-10 11:26:44,bc2311,bc2311,59630.0,0.0,0.0,0.0,1,58590.0,60420.0,1,59630.0,0.0,0.0,0.0,0.0,0.0,0
2023-05-10 11:26:44,bc2311,bc2311,59630.0,0.0,0.0,0.0,1,58590.0,60410.0,1,59630.0,0.0,0.0,0.0,0.0,0.0,0
2023-05-10 11:27:23,bc2311,bc2311,59630.0,0.0,0.0,0.0,1,58590.0,60410.0,1,59630.0,0.0,0.0,0.0,0.0,0.0,0
2023-05-10 11:27:26,bc2311,bc2311,59630.0,0.0,0.0,0.0,1,58590.0,60400.0,1,59630.0,0.0,0.0,0.0,0.0,0.0,0
2023-05-10 11:27:26,bc2311,bc2311,59630.0,0.0,0.0,0.0,1,58590.0,60390.0,1,59630.0,0.0,0.0,0.0,0.0,0.0,0
2023-05-10 11:28:05,bc2311,bc2311,59630.0,0.0,0.0,0.0,1,58590.0,60390.0,1,59630.0,0.0,0.0,0.0,0.0,0.0,0
2023-05-10 11:28:08,bc2311,bc2311,59630.0,0.0,0.0,0.0,1,58590.0,60380.0,1,59630.0,0.0,0.0,0.0,0.0,0.0,0
2023-05-10 11:28:08,bc2311,bc2311,59630.0,0.0,0.0,0.0,1,58590.0,60370.0,1,59630.0,0.0,0.0,0.0,0.0,0.0,0
2023-05-10 11:28:46,bc2311,bc2311,59630.0,0.0,0.0,0.0,1,58590.0,60370.0,1,59630.0,0.0,0.0,0.0,0.0,0.0,0
2023-05-10 11:28:50,bc2311,bc2311,59630.0,0.0,0.0,0.0,1,58590.0,60360.0,1,59630.0,0.0,0.0,0.0,0.0,0.0,0
2023-05-10 11:28:51,bc2311,bc2311,59630.0,0.0,0.0,0.0,1,58590.0,60350.0,1,59630.0,0.0,0.0,0.0,0.0,0.0,0
2023-05-10 11:29:16,bc2311,bc2311,59630.0,0.0,0.0,0.0,1,58590.0,60350.0,1,59630.0,0.0,0.0,0.0,0.0,0.0,0
2023-05-10 11:29:20,bc2311,bc2311,59630.0,0.0,0.0,0.0,1,58590.0,60350.0,1,59630.0,0.0,0.0,0.0,0.0,0.0,0
2023-05-10 11:29:29,bc2311,bc2311,59630.0,0.0,0.0,0.0,1,58590.0,60350.0,1,59630.0,0.0,0.0,0.0,0.0,0.0,0
2023-05-10 11:29:32,bc2311,bc2311,59630.0,0.0,0.0,0.0,1,58590.0,60340.0,1,59630.0,0.0,0.0,0.0,0.0,0.0,0
2023-05-10 11:29:33,bc2311,bc2311,59630.0,0.0,0.0,0.0,1,58590.0,60330.0,1,59630.0,0.0,0.0,0.0,0.0,0.0,0
2023-05-10 11:29:44,bc2311,bc2311,59630.0,0.0,0.0,0.0,1,58590.0,60330.0,1,59630.0,0.0,0.0,0.0,0.0,0.0,0
2023-05-10 11:29:46,bc2311,bc2311,59630.0,0.0,0.0,0.0,1,58590.0,60330.0,1,59630.0,0.0,0.0,0.0,0.0,0.0,0
2023-05-10 13:30:02,bc2311,bc2311,59630.0,0.0,0.0,0.0,1,58590.0,60330.0,1,59630.0,0.0,0.0,0.0,0.0,0.0,0
2023-05-10 13:30:08,bc2311,bc2311,59630.0,0.0,0.0,0.0,1,58590.0,60330.0,1,59630.0,0.0,0.0,0.0,0.0,0.0,0
2023-05-10 13:30:14,bc2311,bc2311,59630.0,0.0,0.0,0.0,1,58590.0,60320.0,1,59630.0,0.0,0.0,0.0,0.0,0.0,0
2023-05-10 13:30:18,bc2311,bc2311,59630.0,0.0,0.0,0.0,1,58590.0,60310.0,1,59630.0,0.0,0.0,0.0,0.0,0.0,0
2023-05-10 13:30:55,bc2311,bc2311,59630.0,0.0,0.0,0.0,1,58590.0,60310.0,1,59630.0,0.0,0.0,0.0,0.0,0.0,0
2023-05-10 13:30:57,bc2311,bc2311,59630.0,0.0,0.0,0.0,1,58590.0,60300.0,1,59630.0,0.0,0.0,0.0,0.0,0.0,0
2023-05-10 13:31:07,bc2311,bc2311,59630.0,0.0,0.0,0.0,1,58590.0,60300.0,1,59630.0,0.0,0.0,0.0,0.0,0.0,0
2023-05-10 13:35:59,bc2311,bc2311,59630.0,0.0,0.0,0.0,1,58590.0,60410.0,1,59630.0,0.0,0.0,0.0,0.0,0.0,0
2023-05-10 13:36:00,bc2311,bc2311,59630.0,0.0,0.0,0.0,1,58590.0,60390.0,1,59630.0,0.0,0.0,0.0,0.0,0.0,0
2023-05-10 13:36:00,bc2311,bc2311,59630.0,0.0,0.0,0.0,1,58590.0,60380.0,1,59630.0,0.0,0.0,0.0,0.0,0.0,0
2023-05-10 13:36:39,bc2311,bc2311,59630.0,0.0,0.0,0.0,1,58590.0,60370.0,1,59630.0,0.0,0.0,0.0,0.0,0.0,0
2023-05-10 13:36:39,bc2311,bc2311,59630.0,0.0,0.0,0.0,1,58590.0,60360.0,1,59630.0,0.0,0.0,0.0,0.0,0.0,0
2023-05-10 13:37:18,bc2311,bc2311,59630.0,0.0,0.0,0.0,1,58590.0,60360.0,1,59630.0,0.0,0.0,0.0,0.0,0.0,0
2023-05-10 13:37:21,bc2311,bc2311,59630.0,0.0,0.0,0.0,1,58590.0,60350.0,1,59630.0,0.0,0.0,0.0,0.0,0.0,0
2023-05-10 13:37:21,bc2311,bc2311,59630.0,0.0,0.0,0.0,1,58590.0,60340.0,1,59630.0,0.0,0.0,0.0,0.0,0.0,0
2023-05-10 13:37:59,bc2311,bc2311,59630.0,0.0,0.0,0.0,1,58590.0,60340.0,1,59630.0,0.0,0.0,0.0,0.0,0.0,0
2023-05-10 13:38:02,bc2311,bc2311,59630.0,0.0,0.0,0.0,1,58590.0,60330.0,1,59630.0,0.0,0.0,0.0,0.0,0.0,0
2023-05-10 13:38:03,bc2311,bc2311,59630.0,0.0,0.0,0.0,1,58590.0,60320.0,1,59630.0,0.0,0.0,0.0,0.0,0.0,0
2023-05-10 13:38:40,bc2311,bc2311,59630.0,0.0,0.0,0.0,1,58590.0,60320.0,1,59630.0,0.0,0.0,0.0,0.0,0.0,0
2023-05-10 13:38:43,bc2311,bc2311,59630.0,0.0,0.0,0.0,1,58590.0,60310.0,1,59630.0,0.0,0.0,0.0,0.0,0.0,0
2023-05-10 13:38:44,bc2311,bc2311,59630.0,0.0,0.0,0.0,1,58590.0,60300.0,1,59630.0,0.0,0.0,0.0,0.0,0.0,0
2023-05-10 13:39:21,bc2311,bc2311,59630.0,0.0,0.0,0.0,1,58590.0,60300.0,1,59630.0,0.0,0.0,0.0,0.0,0.0,0
2023-05-10 13:39:24,bc2311,bc2311,59630.0,0.0,0.0,0.0,1,58590.0,60290.0,1,59630.0,0.0,0.0,0.0,0.0,0.0,0
2023-05-10 13:39:25,bc2311,bc2311,59630.0,0.0,0.0,0.0,1,58590.0,60290.0,1,59630.0,0.0,0.0,0.0,0.0,0.0,0
2023-05-10 13:43:35,bc2311,bc2311,59630.0,0.0,0.0,0.0,1,58070.0,60290.0,1,59630.0,0.0,0.0,0.0,0.0,0.0,0
2023-05-10 13:43:39,bc2311,bc2311,59630.0,0.0,0.0,0.0,1,58070.0,60390.0,1,59630.0,0.0,0.0,0.0,0.0,0.0,0
2023-05-10 13:43:39,bc2311,bc2311,59630.0,0.0,0.0,0.0,1,58070.0,60410.0,1,59630.0,0.0,0.0,0.0,0.0,0.0,0
2023-05-10 13:43:41,bc2311,bc2311,59630.0,0.0,0.0,0.0,1,58080.0,60410.0,1,59630.0,0.0,0.0,0.0,0.0,0.0,0
2023-05-10 13:43:41,bc2311,bc2311,59630.0,0.0,0.0,0.0,1,58080.0,60400.0,1,59630.0,0.0,0.0,0.0,0.0,0.0,0
2023-05-10 13:44:18,bc2311,bc2311,59630.0,0.0,0.0,0.0,1,58090.0,60400.0,1,59630.0,0.0,0.0,0.0,0.0,0.0,0
2023-05-10 13:44:19,bc2311,bc2311,59630.0,0.0,0.0,0.0,1,58100.0,60400.0,1,59630.0,0.0,0.0,0.0,0.0,0.0,0
2023-05-10 13:44:58,bc2311,bc2311,59630.0,0.0,0.0,0.0,1,58100.0,60400.0,1,59630.0,0.0,0.0,0.0,0.0,0.0,0
2023-05-10 13:45:01,bc2311,bc2311,59630.0,0.0,0.0,0.0,1,58110.0,60400.0,1,59630.0,0.0,0.0,0.0,0.0,0.0,0
2023-05-10 13:45:01,bc2311,bc2311,59630.0,0.0,0.0,0.0,1,58120.0,60400.0,1,59630.0,0.0,0.0,0.0,0.0,0.0,0
2023-05-10 13:45:40,bc2311,bc2311,59630.0,0.0,0.0,0.0,1,58120.0,60400.0,1,59630.0,0.0,0.0,0.0,0.0,0.0,0
2023-05-10 13:45:43,bc2311,bc2311,59630.0,0.0,0.0,0.0,1,58130.0,60400.0,1,59630.0,0.0,0.0,0.0,0.0,0.0,0
2023-05-10 13:45:43,bc2311,bc2311,59630.0,0.0,0.0,0.0,1,58140.0,60400.0,1,59630.0,0.0,0.0,0.0,0.0,0.0,0
2023-05-10 13:46:21,bc2311,bc2311,59630.0,0.0,0.0,0.0,1,58140.0,60400.0,1,59630.0,0.0,0.0,0.0,0.0,0.0,0
2023-05-10 13:46:24,bc2311,bc2311,59630.0,0.0,0.0,0.0,1,58150.0,60400.0,1,59630.0,0.0,0.0,0.0,0.0,0.0,0
2023-05-10 13:46:24,bc2311,bc2311,59630.0,0.0,0.0,0.0,1,58160.0,60400.0,1,59630.0,0.0,0.0,0.0,0.0,0.0,0
2023-05-10 13:47:03,bc2311,bc2311,59630.0,0.0,0.0,0.0,1,58160.0,60400.0,1,59630.0,0.0,0.0,0.0,0.0,0.0,0
2023-05-10 13:47:06,bc2311,bc2311,59630.0,0.0,0.0,0.0,1,58170.0,60400.0,1,59630.0,0.0,0.0,0.0,0.0,0.0,0
2023-05-10 13:47:06,bc2311,bc2311,59630.0,0.0,0.0,0.0,1,58180.0,60400.0,1,59630.0,0.0,0.0,0.0,0.0,0.0,0
2023-05-10 13:47:45,bc2311,bc2311,59630.0,0.0,0.0,0.0,1,58180.0,60400.0,1,59630.0,0.0,0.0,0.0,0.0,0.0,0
2023-05-10 13:47:48,bc2311,bc2311,59630.0,0.0,0.0,0.0,1,58190.0,60400.0,1,59630.0,0.0,0.0,0.0,0.0,0.0,0
2023-05-10 13:47:49,bc2311,bc2311,59630.0,0.0,0.0,0.0,1,58200.0,60400.0,1,59630.0,0.0,0.0,0.0,0.0,0.0,0
2023-05-10 13:48:27,bc2311,bc2311,59630.0,0.0,0.0,0.0,1,58200.0,60400.0,1,59630.0,0.0,0.0,0.0,0.0,0.0,0
2023-05-10 13:48:30,bc2311,bc2311,59630.0,0.0,0.0,0.0,1,58210.0,60400.0,1,59630.0,0.0,0.0,0.0,0.0,0.0,0
2023-05-10 13:48:31,bc2311,bc2311,59630.0,0.0,0.0,0.0,1,58220.0,60400.0,1,59630.0,0.0,0.0,0.0,0.0,0.0,0
2023-05-10 13:49:09,bc2311,bc2311,59630.0,0.0,0.0,0.0,1,58220.0,60400.0,1,59630.0,0.0,0.0,0.0,0.0,0.0,0
2023-05-10 13:49:12,bc2311,bc2311,59630.0,0.0,0.0,0.0,1,58230.0,60400.0,1,59630.0,0.0,0.0,0.0,0.0,0.0,0
2023-05-10 13:49:12,bc2311,bc2311,59630.0,0.0,0.0,0.0,1,58240.0,60400.0,1,59630.0,0.0,0.0,0.0,0.0,0.0,0
2023-05-10 13:49:51,bc2311,bc2311,59630.0,0.0,0.0,0.0,1,58240.0,60400.0,1,59630.0,0.0,0.0,0.0,0.0,0.0,0
2023-05-10 13:49:54,bc2311,bc2311,59630.0,0.0,0.0,0.0,1,58250.0,60400.0,1,59630.0,0.0,0.0,0.0,0.0,0.0,0
2023-05-10 13:49:55,bc2311,bc2311,59630.0,0.0,0.0,0.0,1,58260.0,60400.0,1,59630.0,0.0,0.0,0.0,0.0,0.0,0
2023-05-10 13:50:33,bc2311,bc2311,59630.0,0.0,0.0,0.0,1,58260.0,60400.0,1,59630.0,0.0,0.0,0.0,0.0,0.0,0
2023-05-10 13:50:36,bc2311,bc2311,59630.0,0.0,0.0,0.0,1,58270.0,60400.0,1,59630.0,0.0,0.0,0.0,0.0,0.0,0
2023-05-10 13:50:37,bc2311,bc2311,59630.0,0.0,0.0,0.0,1,58280.0,60400.0,1,59630.0,0.0,0.0,0.0,0.0,0.0,0
2023-05-10 13:51:15,bc2311,bc2311,59630.0,0.0,0.0,0.0,1,58280.0,60400.0,1,59630.0,0.0,0.0,0.0,0.0,0.0,0
2023-05-10 13:51:17,bc2311,bc2311,59630.0,0.0,0.0,0.0,1,58290.0,60400.0,1,59630.0,0.0,0.0,0.0,0.0,0.0,0
2023-05-10 13:51:18,bc2311,bc2311,59630.0,0.0,0.0,0.0,1,58300.0,60400.0,1,59630.0,0.0,0.0,0.0,0.0,0.0,0
2023-05-10 13:51:56,bc2311,bc2311,59630.0,0.0,0.0,0.0,1,58300.0,60400.0,1,59630.0,0.0,0.0,0.0,0.0,0.0,0
2023-05-10 13:52:00,bc2311,bc2311,59630.0,0.0,0.0,0.0,1,58310.0,60400.0,1,59630.0,0.0,0.0,0.0,0.0,0.0,0
2023-05-10 13:52:00,bc2311,bc2311,59630.0,0.0,0.0,0.0,1,58320.0,60400.0,1,59630.0,0.0,0.0,0.0,0.0,0.0,0
2023-05-10 13:52:38,bc2311,bc2311,59630.0,0.0,0.0,0.0,1,58320.0,60400.0,1,59630.0,0.0,0.0,0.0,0.0,0.0,0
2023-05-10 13:52:41,bc2311,bc2311,59630.0,0.0,0.0,0.0,1,58330.0,60400.0,1,59630.0,0.0,0.0,0.0,0.0,0.0,0
2023-05-10 13:52:41,bc2311,bc2311,59630.0,0.0,0.0,0.0,1,58340.0,60400.0,1,59630.0,0.0,0.0,0.0,0.0,0.0,0
2023-05-10 13:53:19,bc2311,bc2311,59630.0,0.0,0.0,0.0,1,58340.0,60400.0,1,59630.0,0.0,0.0,0.0,0.0,0.0,0
2023-05-10 13:53:22,bc2311,bc2311,59630.0,0.0,0.0,0.0,1,58350.0,60400.0,1,59630.0,0.0,0.0,0.0,0.0,0.0,0
2023-05-10 13:53:23,bc2311,bc2311,59630.0,0.0,0.0,0.0,1,58360.0,60400.0,1,59630.0,0.0,0.0,0.0,0.0,0.0,0
2023-05-10 13:54:01,bc2311,bc2311,59630.0,0.0,0.0,0.0,1,58360.0,60400.0,1,59630.0,0.0,0.0,0.0,0.0,0.0,0
2023-05-10 13:54:06,bc2311,bc2311,59630.0,0.0,0.0,0.0,1,58370.0,60400.0,1,59630.0,0.0,0.0,0.0,0.0,0.0,0
2023-05-10 13:54:06,bc2311,bc2311,59630.0,0.0,0.0,0.0,1,58380.0,60400.0,1,59630.0,0.0,0.0,0.0,0.0,0.0,0
2023-05-10 13:54:44,bc2311,bc2311,59630.0,0.0,0.0,0.0,1,58380.0,60400.0,1,59630.0,0.0,0.0,0.0,0.0,0.0,0
2023-05-10 13:54:48,bc2311,bc2311,59630.0,0.0,0.0,0.0,1,58390.0,60400.0,1,59630.0,0.0,0.0,0.0,0.0,0.0,0
2023-05-10 13:54:48,bc2311,bc2311,59630.0,0.0,0.0,0.0,1,58390.0,60400.0,1,59630.0,0.0,0.0,0.0,0.0,0.0,0
2023-05-10 13:59:47,bc2311,bc2311,59630.0,0.0,0.0,0.0,1,58070.0,60400.0,1,59630.0,0.0,0.0,0.0,0.0,0.0,0
2023-05-10 13:59:48,bc2311,bc2311,59630.0,0.0,0.0,0.0,1,58080.0,60400.0,1,59630.0,0.0,0.0,0.0,0.0,0.0,0
2023-05-10 14:00:26,bc2311,bc2311,59630.0,0.0,0.0,0.0,1,58090.0,60400.0,1,59630.0,0.0,0.0,0.0,0.0,0.0,0
2023-05-10 14:00:27,bc2311,bc2311,59630.0,0.0,0.0,0.0,1,58100.0,60400.0,1,59630.0,0.0,0.0,0.0,0.0,0.0,0
2023-05-10 14:01:06,bc2311,bc2311,59630.0,0.0,0.0,0.0,1,58100.0,60400.0,1,59630.0,0.0,0.0,0.0,0.0,0.0,0
2023-05-10 14:01:09,bc2311,bc2311,59630.0,0.0,0.0,0.0,1,58110.0,60400.0,1,59630.0,0.0,0.0,0.0,0.0,0.0,0
2023-05-10 14:01:10,bc2311,bc2311,59630.0,0.0,0.0,0.0,1,58120.0,60400.0,1,59630.0,0.0,0.0,0.0,0.0,0.0,0
2023-05-10 14:01:48,bc2311,bc2311,59630.0,0.0,0.0,0.0,1,58120.0,60400.0,1,59630.0,0.0,0.0,0.0,0.0,0.0,0
2023-05-10 14:01:53,bc2311,bc2311,59630.0,0.0,0.0,0.0,1,58130.0,60400.0,1,59630.0,0.0,0.0,0.0,0.0,0.0,0
2023-05-10 14:01:54,bc2311,bc2311,59630.0,0.0,0.0,0.0,1,58140.0,60400.0,1,59630.0,0.0,0.0,0.0,0.0,0.0,0
2023-05-10 14:02:32,bc2311,bc2311,59630.0,0.0,0.0,0.0,1,58140.0,60400.0,1,59630.0,0.0,0.0,0.0,0.0,0.0,0
2023-05-10 14:02:35,bc2311,bc2311,59630.0,0.0,0.0,0.0,1,58150.0,60400.0,1,59630.0,0.0,0.0,0.0,0.0,0.0,0
2023-05-10 14:02:36,bc2311,bc2311,59630.0,0.0,0.0,0.0,1,58160.0,60400.0,1,59630.0,0.0,0.0,0.0,0.0,0.0,0
2023-05-10 14:03:14,bc2311,bc2311,59630.0,0.0,0.0,0.0,1,58160.0,60400.0,1,59630.0,0.0,0.0,0.0,0.0,0.0,0
2023-05-10 14:03:18,bc2311,bc2311,59630.0,0.0,0.0,0.0,1,58170.0,60400.0,1,59630.0,0.0,0.0,0.0,0.0,0.0,0
2023-05-10 14:03:18,bc2311,bc2311,59630.0,0.0,0.0,0.0,1,58180.0,60400.0,1,59630.0,0.0,0.0,0.0,0.0,0.0,0
2023-05-10 14:03:56,bc2311,bc2311,59630.0,0.0,0.0,0.0,1,58180.0,60400.0,1,59630.0,0.0,0.0,0.0,0.0,0.0,0
2023-05-10 14:04:00,bc2311,bc2311,59630.0,0.0,0.0,0.0,1,58190.0,60400.0,1,59630.0,0.0,0.0,0.0,0.0,0.0,0
2023-05-10 14:04:00,bc2311,bc2311,59630.0,0.0,0.0,0.0,1,58200.0,60400.0,1,59630.0,0.0,0.0,0.0,0.0,0.0,0
2023-05-10 14:04:38,bc2311,bc2311,59630.0,0.0,0.0,0.0,1,58200.0,60400.0,1,59630.0,0.0,0.0,0.0,0.0,0.0,0
2023-05-10 14:04:41,bc2311,bc2311,59630.0,0.0,0.0,0.0,1,58210.0,60400.0,1,59630.0,0.0,0.0,0.0,0.0,0.0,0
2023-05-10 14:04:41,bc2311,bc2311,59630.0,0.0,0.0,0.0,1,58220.0,60400.0,1,59630.0,0.0,0.0,0.0,0.0,0.0,0
2023-05-10 14:05:19,bc2311,bc2311,59630.0,0.0,0.0,0.0,1,58220.0,60400.0,1,59630.0,0.0,0.0,0.0,0.0,0.0,0
2023-05-10 14:05:22,bc2311,bc2311,59630.0,0.0,0.0,0.0,1,58230.0,60400.0,1,59630.0,0.0,0.0,0.0,0.0,0.0,0
2023-05-10 14:05:23,bc2311,bc2311,59630.0,0.0,0.0,0.0,1,58240.0,60400.0,1,59630.0,0.0,0.0,0.0,0.0,0.0,0
2023-05-10 14:06:01,bc2311,bc2311,59630.0,0.0,0.0,0.0,1,58240.0,60400.0,1,59630.0,0.0,0.0,0.0,0.0,0.0,0
2023-05-10 14:06:04,bc2311,bc2311,59630.0,0.0,0.0,0.0,1,58250.0,60400.0,1,59630.0,0.0,0.0,0.0,0.0,0.0,0
2023-05-10 14:06:05,bc2311,bc2311,59630.0,0.0,0.0,0.0,1,58260.0,60400.0,1,59630.0,0.0,0.0,0.0,0.0,0.0,0
2023-05-10 14:06:44,bc2311,bc2311,59630.0,0.0,0.0,0.0,1,58260.0,60400.0,1,59630.0,0.0,0.0,0.0,0.0,0.0,0
2023-05-10 14:06:47,bc2311,bc2311,59630.0,0.0,0.0,0.0,1,58270.0,60400.0,1,59630.0,0.0,0.0,0.0,0.0,0.0,0
2023-05-10 14:06:48,bc2311,bc2311,59630.0,0.0,0.0,0.0,1,58280.0,60400.0,1,59630.0,0.0,0.0,0.0,0.0,0.0,0
2023-05-10 14:07:27,bc2311,bc2311,59630.0,0.0,0.0,0.0,1,58280.0,60400.0,1,59630.0,0.0,0.0,0.0,0.0,0.0,0
2023-05-10 14:07:31,bc2311,bc2311,59630.0,0.0,0.0,0.0,1,58290.0,60400.0,1,59630.0,0.0,0.0,0.0,0.0,0.0,0
2023-05-10 14:07:31,bc2311,bc2311,59630.0,0.0,0.0,0.0,1,58300.0,60400.0,1,59630.0,0.0,0.0,0.0,0.0,0.0,0
2023-05-10 14:07:34,bc2311,bc2311,59630.0,0.0,0.0,0.0,1,58300.0,60400.0,1,59630.0,0.0,0.0,0.0,0.0,0.0,0
2023-05-10 14:08:12,bc2311,bc2311,59630.0,0.0,0.0,0.0,1,58300.0,60390.0,1,59630.0,0.0,0.0,0.0,0.0,0.0,0
2023-05-10 14:08:13,bc2311,bc2311,59630.0,0.0,0.0,0.0,1,58300.0,60380.0,1,59630.0,0.0,0.0,0.0,0.0,0.0,0
2023-05-10 14:08:51,bc2311,bc2311,59630.0,0.0,0.0,0.0,1,58300.0,60380.0,1,59630.0,0.0,0.0,0.0,0.0,0.0,0
2023-05-10 14:08:55,bc2311,bc2311,59630.0,0.0,0.0,0.0,1,58310.0,60380.0,1,59630.0,0.0,0.0,0.0,0.0,0.0,0
2023-05-10 14:08:55,bc2311,bc2311,59630.0,0.0,0.0,0.0,1,58320.0,60380.0,1,59630.0,0.0,0.0,0.0,0.0,0.0,0
2023-05-10 14:08:58,bc2311,bc2311,59630.0,0.0,0.0,0.0,1,58320.0,60380.0,1,59630.0,0.0,0.0,0.0,0.0,0.0,0
2023-05-10 14:09:36,bc2311,bc2311,59630.0,0.0,0.0,0.0,1,58320.0,60370.0,1,59630.0,0.0,0.0,0.0,0.0,0.0,0
2023-05-10 14:09:36,bc2311,bc2311,59630.0,0.0,0.0,0.0,1,58320.0,60360.0,1,59630.0,0.0,0.0,0.0,0.0,0.0,0
2023-05-10 14:10:14,bc2311,bc2311,59630.0,0.0,0.0,0.0,1,58320.0,60360.0,1,59630.0,0.0,0.0,0.0,0.0,0.0,0
2023-05-10 14:10:17,bc2311,bc2311,59630.0,0.0,0.0,0.0,1,58320.0,60350.0,1,59630.0,0.0,0.0,0.0,0.0,0.0,0
2023-05-10 14:10:18,bc2311,bc2311,59630.0,0.0,0.0,0.0,1,58320.0,60340.0,1,59630.0,0.0,0.0,0.0,0.0,0.0,0
2023-05-10 14:10:22,bc2311,bc2311,59630.0,0.0,0.0,0.0,1,58320.0,60340.0,1,59630.0,0.0,0.0,0.0,0.0,0.0,0
2023-05-10 14:10:59,bc2311,bc2311,59630.0,0.0,0.0,0.0,1,58330.0,60340.0,1,59630.0,0.0,0.0,0.0,0.0,0.0,0
2023-05-10 14:11:00,bc2311,bc2311,59630.0,0.0,0.0,0.0,1,58340.0,60340.0,1,59630.0,0.0,0.0,0.0,0.0,0.0,0
2023-05-10 14:11:05,bc2311,bc2311,59630.0,0.0,0.0,0.0,1,58340.0,60340.0,1,59630.0,0.0,0.0,0.0,0.0,0.0,0
2023-05-10 14:11:41,bc2311,bc2311,59630.0,0.0,0.0,0.0,1,58340.0,60330.0,1,59630.0,0.0,0.0,0.0,0.0,0.0,0
2023-05-10 14:11:41,bc2311,bc2311,59630.0,0.0,0.0,0.0,1,58340.0,60320.0,1,59630.0,0.0,0.0,0.0,0.0,0.0,0
2023-05-10 14:11:56,bc2311,bc2311,59630.0,0.0,0.0,0.0,1,58340.0,60320.0,1,59630.0,0.0,0.0,0.0,0.0,0.0,0
2023-05-10 14:12:23,bc2311,bc2311,59630.0,0.0,0.0,0.0,1,58350.0,60320.0,1,59630.0,0.0,0.0,0.0,0.0,0.0,0
2023-05-10 14:12:23,bc2311,bc2311,59630.0,0.0,0.0,0.0,1,58360.0,60320.0,1,59630.0,0.0,0.0,0.0,0.0,0.0,0
2023-05-10 14:13:02,bc2311,bc2311,59630.0,0.0,0.0,0.0,1,58360.0,60320.0,1,59630.0,0.0,0.0,0.0,0.0,0.0,0
2023-05-10 14:13:05,bc2311,bc2311,59630.0,0.0,0.0,0.0,1,58360.0,60310.0,1,59630.0,0.0,0.0,0.0,0.0,0.0,0
2023-05-10 14:13:06,bc2311,bc2311,59630.0,0.0,0.0,0.0,1,58360.0,60300.0,1,59630.0,0.0,0.0,0.0,0.0,0.0,0
2023-05-10 14:13:44,bc2311,bc2311,59630.0,0.0,0.0,0.0,1,58360.0,60300.0,1,59630.0,0.0,0.0,0.0,0.0,0.0,0
2023-05-10 14:13:48,bc2311,bc2311,59630.0,0.0,0.0,0.0,1,58370.0,60300.0,1,59630.0,0.0,0.0,0.0,0.0,0.0,0
2023-05-10 14:13:49,bc2311,bc2311,59630.0,0.0,0.0,0.0,1,58380.0,60300.0,1,59630.0,0.0,0.0,0.0,0.0,0.0,0
2023-05-10 14:14:18,bc2311,bc2311,59630.0,0.0,0.0,0.0,1,58380.0,60300.0,1,59630.0,0.0,0.0,0.0,0.0,0.0,0
2023-05-10 14:14:30,bc2311,bc2311,59630.0,0.0,0.0,0.0,1,58380.0,60290.0,1,59630.0,0.0,0.0,0.0,0.0,0.0,0
2023-05-10 14:14:30,bc2311,bc2311,59630.0,0.0,0.0,0.0,1,58380.0,60280.0,1,59630.0,0.0,0.0,0.0,0.0,0.0,0
2023-05-10 14:15:08,bc2311,bc2311,59630.0,0.0,0.0,0.0,1,58380.0,60280.0,1,59630.0,0.0,0.0,0.0,0.0,0.0,0
2023-05-10 14:15:12,bc2311,bc2311,59630.0,0.0,0.0,0.0,1,58380.0,60270.0,1,59630.0,0.0,0.0,0.0,0.0,0.0,0
2023-05-10 14:15:12,bc2311,bc2311,59630.0,0.0,0.0,0.0,1,58380.0,60260.0,1,59630.0,0.0,0.0,0.0,0.0,0.0,0
2023-05-10 14:15:16,bc2311,bc2311,59630.0,0.0,0.0,0.0,1,58380.0,60260.0,1,59630.0,0.0,0.0,0.0,0.0,0.0,0
2023-05-10 14:15:54,bc2311,bc2311,59630.0,0.0,0.0,0.0,1,58390.0,60260.0,1,59630.0,0.0,0.0,0.0,0.0,0.0,0
2023-05-10 14:15:54,bc2311,bc2311,59630.0,0.0,0.0,0.0,1,58390.0,60260.0,1,59630.0,0.0,0.0,0.0,0.0,0.0,0
2023-05-10 14:19:16,bc2311,bc2311,59630.0,0.0,0.0,0.0,1,58070.0,60260.0,1,59630.0,0.0,0.0,0.0,0.0,0.0,0
2023-05-10 14:19:16,bc2311,bc2311,59630.0,0.0,0.0,0.0,1,58080.0,60260.0,1,59630.0,0.0,0.0,0.0,0.0,0.0,0
2023-05-10 14:19:26,bc2311,bc2311,59630.0,0.0,0.0,0.0,1,58090.0,60260.0,1,59630.0,0.0,0.0,0.0,0.0,0.0,0
2023-05-10 14:19:27,bc2311,bc2311,59630.0,0.0,0.0,0.0,1,58100.0,60260.0,1,59630.0,0.0,0.0,0.0,0.0,0.0,0
2023-05-10 14:20:05,bc2311,bc2311,59630.0,0.0,0.0,0.0,1,58100.0,60260.0,1,59630.0,0.0,0.0,0.0,0.0,0.0,0
2023-05-10 14:20:08,bc2311,bc2311,59630.0,0.0,0.0,0.0,1,58110.0,60260.0,1,59630.0,0.0,0.0,0.0,0.0,0.0,0
2023-05-10 14:20:09,bc2311,bc2311,59630.0,0.0,0.0,0.0,1,58120.0,60260.0,1,59630.0,0.0,0.0,0.0,0.0,0.0,0
2023-05-10 14:20:48,bc2311,bc2311,59630.0,0.0,0.0,0.0,1,58120.0,60260.0,1,59630.0,0.0,0.0,0.0,0.0,0.0,0
2023-05-10 14:20:51,bc2311,bc2311,59630.0,0.0,0.0,0.0,1,58130.0,60260.0,1,59630.0,0.0,0.0,0.0,0.0,0.0,0
2023-05-10 14:20:51,bc2311,bc2311,59630.0,0.0,0.0,0.0,1,58140.0,60260.0,1,59630.0,0.0,0.0,0.0,0.0,0.0,0
2023-05-10 14:21:30,bc2311,bc2311,59630.0,0.0,0.0,0.0,1,58140.0,60260.0,1,59630.0,0.0,0.0,0.0,0.0,0.0,0
2023-05-10 14:21:35,bc2311,bc2311,59630.0,0.0,0.0,0.0,1,58150.0,60260.0,1,59630.0,0.0,0.0,0.0,0.0,0.0,0
2023-05-10 14:21:35,bc2311,bc2311,59630.0,0.0,0.0,0.0,1,58160.0,60260.0,1,59630.0,0.0,0.0,0.0,0.0,0.0,0
2023-05-10 14:22:14,bc2311,bc2311,59630.0,0.0,0.0,0.0,1,58160.0,60260.0,1,59630.0,0.0,0.0,0.0,0.0,0.0,0
2023-05-10 14:22:17,bc2311,bc2311,59630.0,0.0,0.0,0.0,1,58170.0,60260.0,1,59630.0,0.0,0.0,0.0,0.0,0.0,0
2023-05-10 14:22:18,bc2311,bc2311,59630.0,0.0,0.0,0.0,1,58180.0,60260.0,1,59630.0,0.0,0.0,0.0,0.0,0.0,0
2023-05-10 14:22:57,bc2311,bc2311,59630.0,0.0,0.0,0.0,1,58180.0,60260.0,1,59630.0,0.0,0.0,0.0,0.0,0.0,0
2023-05-10 14:23:01,bc2311,bc2311,59630.0,0.0,0.0,0.0,1,58190.0,60260.0,1,59630.0,0.0,0.0,0.0,0.0,0.0,0
2023-05-10 14:23:02,bc2311,bc2311,59630.0,0.0,0.0,0.0,1,58200.0,60260.0,1,59630.0,0.0,0.0,0.0,0.0,0.0,0
2023-05-10 14:23:40,bc2311,bc2311,59630.0,0.0,0.0,0.0,1,58200.0,60260.0,1,59630.0,0.0,0.0,0.0,0.0,0.0,0
2023-05-10 14:23:43,bc2311,bc2311,59630.0,0.0,0.0,0.0,1,58210.0,60260.0,1,59630.0,0.0,0.0,0.0,0.0,0.0,0
2023-05-10 14:23:44,bc2311,bc2311,59630.0,0.0,0.0,0.0,1,58220.0,60260.0,1,59630.0,0.0,0.0,0.0,0.0,0.0,0
2023-05-10 14:24:22,bc2311,bc2311,59630.0,0.0,0.0,0.0,1,58220.0,60260.0,1,59630.0,0.0,0.0,0.0,0.0,0.0,0
2023-05-10 14:24:25,bc2311,bc2311,59630.0,0.0,0.0,0.0,1,58230.0,60260.0,1,59630.0,0.0,0.0,0.0,0.0,0.0,0
2023-05-10 14:24:25,bc2311,bc2311,59630.0,0.0,0.0,0.0,1,58240.0,60260.0,1,59630.0,0.0,0.0,0.0,0.0,0.0,0
2023-05-10 14:25:04,bc2311,bc2311,59630.0,0.0,0.0,0.0,1,58240.0,60260.0,1,59630.0,0.0,0.0,0.0,0.0,0.0,0
2023-05-10 14:25:07,bc2311,bc2311,59630.0,0.0,0.0,0.0,1,58250.0,60260.0,1,59630.0,0.0,0.0,0.0,0.0,0.0,0
2023-05-10 14:25:08,bc2311,bc2311,59630.0,0.0,0.0,0.0,1,58260.0,60260.0,1,59630.0,0.0,0.0,0.0,0.0,0.0,0
2023-05-10 14:25:46,bc2311,bc2311,59630.0,0.0,0.0,0.0,1,58260.0,60260.0,1,59630.0,0.0,0.0,0.0,0.0,0.0,0
2023-05-10 14:25:49,bc2311,bc2311,59630.0,0.0,0.0,0.0,1,58260.0,60250.0,1,59630.0,0.0,0.0,0.0,0.0,0.0,0
2023-05-10 14:25:50,bc2311,bc2311,59630.0,0.0,0.0,0.0,1,58260.0,60240.0,1,59630.0,0.0,0.0,0.0,0.0,0.0,0
2023-05-10 14:26:28,bc2311,bc2311,59630.0,0.0,0.0,0.0,1,58260.0,60240.0,1,59630.0,0.0,0.0,0.0,0.0,0.0,0
2023-05-10 14:26:31,bc2311,bc2311,59630.0,0.0,0.0,0.0,1,58270.0,60240.0,1,59630.0,0.0,0.0,0.0,0.0,0.0,0
2023-05-10 14:26:31,bc2311,bc2311,59630.0,0.0,0.0,0.0,1,58280.0,60240.0,1,59630.0,0.0,0.0,0.0,0.0,0.0,0
2023-05-10 14:27:09,bc2311,bc2311,59630.0,0.0,0.0,0.0,1,58280.0,60240.0,1,59630.0,0.0,0.0,0.0,0.0,0.0,0
2023-05-10 14:27:12,bc2311,bc2311,59630.0,0.0,0.0,0.0,1,58280.0,60230.0,1,59630.0,0.0,0.0,0.0,0.0,0.0,0
2023-05-10 14:27:13,bc2311,bc2311,59630.0,0.0,0.0,0.0,1,58280.0,60220.0,1,59630.0,0.0,0.0,0.0,0.0,0.0,0
2023-05-10 14:27:16,bc2311,bc2311,59630.0,0.0,0.0,0.0,1,58280.0,60220.0,1,59630.0,0.0,0.0,0.0,0.0,0.0,0
2023-05-10 14:27:54,bc2311,bc2311,59630.0,0.0,0.0,0.0,1,58290.0,60220.0,1,59630.0,0.0,0.0,0.0,0.0,0.0,0
2023-05-10 14:27:54,bc2311,bc2311,59630.0,0.0,0.0,0.0,1,58300.0,60220.0,1,59630.0,0.0,0.0,0.0,0.0,0.0,0
2023-05-10 14:28:06,bc2311,bc2311,59630.0,0.0,0.0,0.0,1,58300.0,60220.0,1,59630.0,0.0,0.0,0.0,0.0,0.0,0
2023-05-10 14:28:35,bc2311,bc2311,59630.0,0.0,0.0,0.0,1,58300.0,60210.0,1,59630.0,0.0,0.0,0.0,0.0,0.0,0
2023-05-10 14:28:36,bc2311,bc2311,59630.0,0.0,0.0,0.0,1,58300.0,60200.0,1,59630.0,0.0,0.0,0.0,0.0,0.0,0
2023-05-10 14:29:14,bc2311,bc2311,59630.0,0.0,0.0,0.0,1,58300.0,60200.0,1,59630.0,0.0,0.0,0.0,0.0,0.0,0
2023-05-10 14:29:20,bc2311,bc2311,59630.0,0.0,0.0,0.0,1,58300.0,60190.0,1,59630.0,0.0,0.0,0.0,0.0,0.0,0
2023-05-10 14:29:20,bc2311,bc2311,59630.0,0.0,0.0,0.0,1,58300.0,60180.0,1,59630.0,0.0,0.0,0.0,0.0,0.0,0
2023-05-10 14:29:59,bc2311,bc2311,59630.0,0.0,0.0,0.0,1,58300.0,60180.0,1,59630.0,0.0,0.0,0.0,0.0,0.0,0
2023-05-10 14:30:04,bc2311,bc2311,59630.0,0.0,0.0,0.0,1,58300.0,60170.0,1,59630.0,0.0,0.0,0.0,0.0,0.0,0
2023-05-10 14:30:04,bc2311,bc2311,59630.0,0.0,0.0,0.0,1,58300.0,60160.0,1,59630.0,0.0,0.0,0.0,0.0,0.0,0
2023-05-10 14:30:40,bc2311,bc2311,59630.0,0.0,0.0,0.0,1,58300.0,60160.0,1,59630.0,0.0,0.0,0.0,0.0,0.0,0
2023-05-10 14:30:47,bc2311,bc2311,59630.0,0.0,0.0,0.0,1,58310.0,60160.0,1,59630.0,0.0,0.0,0.0,0.0,0.0,0
2023-05-10 14:30:48,bc2311,bc2311,59630.0,0.0,0.0,0.0,1,58320.0,60160.0,1,59630.0,0.0,0.0,0.0,0.0,0.0,0
2023-05-10 14:31:27,bc2311,bc2311,59630.0,0.0,0.0,0.0,1,58320.0,60160.0,1,59630.0,0.0,0.0,0.0,0.0,0.0,0
2023-05-10 14:31:30,bc2311,bc2311,59630.0,0.0,0.0,0.0,1,58330.0,60160.0,1,59630.0,0.0,0.0,0.0,0.0,0.0,0
2023-05-10 14:31:31,bc2311,bc2311,59630.0,0.0,0.0,0.0,1,58340.0,60160.0,1,59630.0,0.0,0.0,0.0,0.0,0.0,0
2023-05-10 14:32:09,bc2311,bc2311,59630.0,0.0,0.0,0.0,1,58340.0,60160.0,1,59630.0,0.0,0.0,0.0,0.0,0.0,0
2023-05-10 14:32:13,bc2311,bc2311,59630.0,0.0,0.0,0.0,1,58350.0,60160.0,1,59630.0,0.0,0.0,0.0,0.0,0.0,0
2023-05-10 14:32:14,bc2311,bc2311,59630.0,0.0,0.0,0.0,1,58360.0,60160.0,1,59630.0,0.0,0.0,0.0,0.0,0.0,0
2023-05-10 14:32:18,bc2311,bc2311,59630.0,0.0,0.0,0.0,1,58360.0,60160.0,1,59630.0,0.0,0.0,0.0,0.0,0.0,0
2023-05-10 14:32:56,bc2311,bc2311,59630.0,0.0,0.0,0.0,1,58360.0,60150.0,1,59630.0,0.0,0.0,0.0,0.0,0.0,0
2023-05-10 14:32:57,bc2311,bc2311,59630.0,0.0,0.0,0.0,1,58360.0,60140.0,1,59630.0,0.0,0.0,0.0,0.0,0.0,0
2023-05-10 14:33:36,bc2311,bc2311,59630.0,0.0,0.0,0.0,1,58360.0,60140.0,1,59630.0,0.0,0.0,0.0,0.0,0.0,0
2023-05-10 14:33:39,bc2311,bc2311,59630.0,0.0,0.0,0.0,1,58360.0,60130.0,1,59630.0,0.0,0.0,0.0,0.0,0.0,0
2023-05-10 14:33:39,bc2311,bc2311,59630.0,0.0,0.0,0.0,1,58360.0,60120.0,1,59630.0,0.0,0.0,0.0,0.0,0.0,0
2023-05-10 14:33:47,bc2311,bc2311,59630.0,0.0,0.0,0.0,1,58360.0,60120.0,1,59630.0,0.0,0.0,0.0,0.0,0.0,0
2023-05-10 14:34:21,bc2311,bc2311,59630.0,0.0,0.0,0.0,1,58370.0,60120.0,1,59630.0,0.0,0.0,0.0,0.0,0.0,0
2023-05-10 14:34:21,bc2311,bc2311,59630.0,0.0,0.0,0.0,1,58380.0,60120.0,1,59630.0,0.0,0.0,0.0,0.0,0.0,0
2023-05-10 14:35:00,bc2311,bc2311,59630.0,0.0,0.0,0.0,1,58380.0,60120.0,1,59630.0,0.0,0.0,0.0,0.0,0.0,0
2023-05-10 14:35:03,bc2311,bc2311,59630.0,0.0,0.0,0.0,1,58390.0,60120.0,1,59630.0,0.0,0.0,0.0,0.0,0.0,0
2023-05-10 14:35:04,bc2311,bc2311,59630.0,0.0,0.0,0.0,1,58390.0,60120.0,1,59630.0,0.0,0.0,0.0,0.0,0.0,0
2023-05-10 14:40:04,bc2311,bc2311,59630.0,0.0,0.0,0.0,1,58070.0,60120.0,1,59630.0,0.0,0.0,0.0,0.0,0.0,0
2023-05-10 14:40:05,bc2311,bc2311,59630.0,0.0,0.0,0.0,1,58080.0,60120.0,1,59630.0,0.0,0.0,0.0,0.0,0.0,0
2023-05-10 14:40:40,bc2311,bc2311,59630.0,0.0,0.0,0.0,1,58090.0,60120.0,1,59630.0,0.0,0.0,0.0,0.0,0.0,0
2023-05-10 14:40:40,bc2311,bc2311,59630.0,0.0,0.0,0.0,1,58100.0,60120.0,1,59630.0,0.0,0.0,0.0,0.0,0.0,0
2023-05-10 14:41:19,bc2311,bc2311,59630.0,0.0,0.0,0.0,1,58100.0,60120.0,1,59630.0,0.0,0.0,0.0,0.0,0.0,0
2023-05-10 14:41:22,bc2311,bc2311,59630.0,0.0,0.0,0.0,1,58110.0,60120.0,1,59630.0,0.0,0.0,0.0,0.0,0.0,0
2023-05-10 14:41:22,bc2311,bc2311,59630.0,0.0,0.0,0.0,1,58120.0,60120.0,1,59630.0,0.0,0.0,0.0,0.0,0.0,0
2023-05-10 14:42:02,bc2311,bc2311,59630.0,0.0,0.0,0.0,1,58120.0,60120.0,1,59630.0,0.0,0.0,0.0,0.0,0.0,0
2023-05-10 14:42:05,bc2311,bc2311,59630.0,0.0,0.0,0.0,1,58130.0,60120.0,1,59630.0,0.0,0.0,0.0,0.0,0.0,0
2023-05-10 14:42:05,bc2311,bc2311,59630.0,0.0,0.0,0.0,1,58140.0,60120.0,1,59630.0,0.0,0.0,0.0,0.0,0.0,0
2023-05-10 14:42:45,bc2311,bc2311,59630.0,0.0,0.0,0.0,1,58140.0,60120.0,1,59630.0,0.0,0.0,0.0,0.0,0.0,0
2023-05-10 14:42:48,bc2311,bc2311,59630.0,0.0,0.0,0.0,1,58150.0,60120.0,1,59630.0,0.0,0.0,0.0,0.0,0.0,0
2023-05-10 14:42:49,bc2311,bc2311,59630.0,0.0,0.0,0.0,1,58170.0,60120.0,1,59630.0,0.0,0.0,0.0,0.0,0.0,0
2023-05-10 14:43:28,bc2311,bc2311,59630.0,0.0,0.0,0.0,1,58170.0,60120.0,1,59630.0,0.0,0.0,0.0,0.0,0.0,0
2023-05-10 14:43:32,bc2311,bc2311,59630.0,0.0,0.0,0.0,1,58180.0,60120.0,1,59630.0,0.0,0.0,0.0,0.0,0.0,0
2023-05-10 14:43:32,bc2311,bc2311,59630.0,0.0,0.0,0.0,1,58200.0,60120.0,1,59630.0,0.0,0.0,0.0,0.0,0.0,0
2023-05-10 14:44:10,bc2311,bc2311,59630.0,0.0,0.0,0.0,1,58200.0,60120.0,1,59630.0,0.0,0.0,0.0,0.0,0.0,0
2023-05-10 14:44:13,bc2311,bc2311,59630.0,0.0,0.0,0.0,1,58210.0,60120.0,1,59630.0,0.0,0.0,0.0,0.0,0.0,0
2023-05-10 14:44:14,bc2311,bc2311,59630.0,0.0,0.0,0.0,1,58230.0,60120.0,1,59630.0,0.0,0.0,0.0,0.0,0.0,0
2023-05-10 14:44:52,bc2311,bc2311,59630.0,0.0,0.0,0.0,1,58230.0,60120.0,1,59630.0,0.0,0.0,0.0,0.0,0.0,0
2023-05-10 14:44:56,bc2311,bc2311,59630.0,0.0,0.0,0.0,1,58240.0,60120.0,1,59630.0,0.0,0.0,0.0,0.0,0.0,0
2023-05-10 14:44:56,bc2311,bc2311,59630.0,0.0,0.0,0.0,1,58260.0,60120.0,1,59630.0,0.0,0.0,0.0,0.0,0.0,0
2023-05-10 14:45:34,bc2311,bc2311,59630.0,0.0,0.0,0.0,1,58260.0,60120.0,1,59630.0,0.0,0.0,0.0,0.0,0.0,0
2023-05-10 14:45:38,bc2311,bc2311,59630.0,0.0,0.0,0.0,1,58270.0,60120.0,1,59630.0,0.0,0.0,0.0,0.0,0.0,0
2023-05-10 14:45:38,bc2311,bc2311,59630.0,0.0,0.0,0.0,1,58290.0,60120.0,1,59630.0,0.0,0.0,0.0,0.0,0.0,0
2023-05-10 14:45:41,bc2311,bc2311,59630.0,0.0,0.0,0.0,1,58290.0,60120.0,1,59630.0,0.0,0.0,0.0,0.0,0.0,0
2023-05-10 14:45:41,bc2311,bc2311,59630.0,0.0,0.0,0.0,1,58290.0,60120.0,1,59630.0,0.0,0.0,0.0,0.0,0.0,0
2023-05-10 14:46:17,bc2311,bc2311,59630.0,0.0,0.0,0.0,1,58290.0,60120.0,1,59630.0,0.0,0.0,0.0,0.0,0.0,0
2023-05-10 14:46:20,bc2311,bc2311,59630.0,0.0,0.0,0.0,1,58300.0,60120.0,1,59630.0,0.0,0.0,0.0,0.0,0.0,0
2023-05-10 14:46:20,bc2311,bc2311,59630.0,0.0,0.0,0.0,1,58320.0,60120.0,1,59630.0,0.0,0.0,0.0,0.0,0.0,0
2023-05-10 14:46:58,bc2311,bc2311,59630.0,0.0,0.0,0.0,1,58320.0,60120.0,1,59630.0,0.0,0.0,0.0,0.0,0.0,0
2023-05-10 14:47:02,bc2311,bc2311,59630.0,0.0,0.0,0.0,1,58330.0,60120.0,1,59630.0,0.0,0.0,0.0,0.0,0.0,0
2023-05-10 14:47:02,bc2311,bc2311,59630.0,0.0,0.0,0.0,1,58350.0,60120.0,1,59630.0,0.0,0.0,0.0,0.0,0.0,0
2023-05-10 14:47:41,bc2311,bc2311,59630.0,0.0,0.0,0.0,1,58350.0,60120.0,1,59630.0,0.0,0.0,0.0,0.0,0.0,0
2023-05-10 14:47:44,bc2311,bc2311,59630.0,0.0,0.0,0.0,1,58360.0,60120.0,1,59630.0,0.0,0.0,0.0,0.0,0.0,0
2023-05-10 14:47:44,bc2311,bc2311,59630.0,0.0,0.0,0.0,1,58380.0,60120.0,1,59630.0,0.0,0.0,0.0,0.0,0.0,0
2023-05-10 14:48:23,bc2311,bc2311,59630.0,0.0,0.0,0.0,1,58380.0,60120.0,1,59630.0,0.0,0.0,0.0,0.0,0.0,0
2023-05-10 14:48:26,bc2311,bc2311,59630.0,0.0,0.0,0.0,1,58390.0,60120.0,1,59630.0,0.0,0.0,0.0,0.0,0.0,0
2023-05-10 14:48:27,bc2311,bc2311,59630.0,0.0,0.0,0.0,1,58390.0,60120.0,1,59630.0,0.0,0.0,0.0,0.0,0.0,0
2023-05-10 14:53:26,bc2311,bc2311,59630.0,0.0,0.0,0.0,1,58070.0,60120.0,1,59630.0,0.0,0.0,0.0,0.0,0.0,0
2023-05-10 14:53:27,bc2311,bc2311,59630.0,0.0,0.0,0.0,1,58090.0,60120.0,1,59630.0,0.0,0.0,0.0,0.0,0.0,0
2023-05-10 14:54:00,bc2311,bc2311,59630.0,0.0,0.0,0.0,1,58100.0,60120.0,1,59630.0,0.0,0.0,0.0,0.0,0.0,0
2023-05-10 14:54:00,bc2311,bc2311,59630.0,0.0,0.0,0.0,1,58120.0,60120.0,1,59630.0,0.0,0.0,0.0,0.0,0.0,0
2023-05-10 14:54:38,bc2311,bc2311,59630.0,0.0,0.0,0.0,1,58120.0,60120.0,1,59630.0,0.0,0.0,0.0,0.0,0.0,0
2023-05-10 14:54:42,bc2311,bc2311,59630.0,0.0,0.0,0.0,1,58130.0,60120.0,1,59630.0,0.0,0.0,0.0,0.0,0.0,0
2023-05-10 14:54:43,bc2311,bc2311,59630.0,0.0,0.0,0.0,1,58150.0,60120.0,1,59630.0,0.0,0.0,0.0,0.0,0.0,0
2023-05-10 14:55:20,bc2311,bc2311,59630.0,0.0,0.0,0.0,1,58150.0,60120.0,1,59630.0,0.0,0.0,0.0,0.0,0.0,0
2023-05-10 14:55:23,bc2311,bc2311,59630.0,0.0,0.0,0.0,1,58160.0,60120.0,1,59630.0,0.0,0.0,0.0,0.0,0.0,0
2023-05-10 14:55:24,bc2311,bc2311,59630.0,0.0,0.0,0.0,1,58180.0,60120.0,1,59630.0,0.0,0.0,0.0,0.0,0.0,0
2023-05-10 14:56:01,bc2311,bc2311,59630.0,0.0,0.0,0.0,1,58180.0,60120.0,1,59630.0,0.0,0.0,0.0,0.0,0.0,0
2023-05-10 14:56:05,bc2311,bc2311,59630.0,0.0,0.0,0.0,1,58190.0,60120.0,1,59630.0,0.0,0.0,0.0,0.0,0.0,0
2023-05-10 14:56:06,bc2311,bc2311,59630.0,0.0,0.0,0.0,1,58210.0,60120.0,1,59630.0,0.0,0.0,0.0,0.0,0.0,0
2023-05-10 14:56:43,bc2311,bc2311,59630.0,0.0,0.0,0.0,1,58210.0,60120.0,1,59630.0,0.0,0.0,0.0,0.0,0.0,0
2023-05-10 14:56:47,bc2311,bc2311,59630.0,0.0,0.0,0.0,1,58220.0,60120.0,1,59630.0,0.0,0.0,0.0,0.0,0.0,0
2023-05-10 14:56:48,bc2311,bc2311,59630.0,0.0,0.0,0.0,1,58240.0,60120.0,1,59630.0,0.0,0.0,0.0,0.0,0.0,0
2023-05-10 14:57:25,bc2311,bc2311,59630.0,0.0,0.0,0.0,1,58240.0,60120.0,1,59630.0,0.0,0.0,0.0,0.0,0.0,0
2023-05-10 14:57:29,bc2311,bc2311,59630.0,0.0,0.0,0.0,1,58250.0,60120.0,1,59630.0,0.0,0.0,0.0,0.0,0.0,0
2023-05-10 14:57:30,bc2311,bc2311,59630.0,0.0,0.0,0.0,1,58270.0,60120.0,1,59630.0,0.0,0.0,0.0,0.0,0.0,0
2023-05-10 14:58:07,bc2311,bc2311,59630.0,0.0,0.0,0.0,1,58270.0,60120.0,1,59630.0,0.0,0.0,0.0,0.0,0.0,0
2023-05-10 14:58:12,bc2311,bc2311,59630.0,0.0,0.0,0.0,1,58280.0,60120.0,1,59630.0,0.0,0.0,0.0,0.0,0.0,0
2023-05-10 14:58:12,bc2311,bc2311,59630.0,0.0,0.0,0.0,1,58300.0,60120.0,1,59630.0,0.0,0.0,0.0,0.0,0.0,0
2023-05-10 14:58:50,bc2311,bc2311,59630.0,0.0,0.0,0.0,1,58300.0,60120.0,1,59630.0,0.0,0.0,0.0,0.0,0.0,0
2023-05-10 14:58:53,bc2311,bc2311,59630.0,0.0,0.0,0.0,1,58310.0,60120.0,1,59630.0,0.0,0.0,0.0,0.0,0.0,0
2023-05-10 14:58:54,bc2311,bc2311,59630.0,0.0,0.0,0.0,1,58330.0,60120.0,1,59630.0,0.0,0.0,0.0,0.0,0.0,0
2023-05-10 14:59:33,bc2311,bc2311,59630.0,0.0,0.0,0.0,1,58330.0,60120.0,1,59630.0,0.0,0.0,0.0,0.0,0.0,0
2023-05-10 14:59:36,bc2311,bc2311,59630.0,0.0,0.0,0.0,1,58340.0,60120.0,1,59630.0,0.0,0.0,0.0,0.0,0.0,0
2023-05-10 14:59:37,bc2311,bc2311,59630.0,0.0,0.0,0.0,1,58360.0,60120.0,1,59630.0,0.0,0.0,0.0,0.0,0.0,0
2023-05-10 14:59:44,bc2311,bc2311,59630.0,0.0,0.0,0.0,1,58360.0,60120.0,1,59630.0,0.0,0.0,0.0,0.0,0.0,0
2023-05-10 14:59:45,bc2311,bc2311,59630.0,0.0,0.0,0.0,1,58360.0,60120.0,1,59630.0,0.0,0.0,0.0,0.0,0.0,0
2023-05-10 15:00:00,bc2311,bc2311,59630.0,0.0,0.0,0.0,1,58360.0,60120.0,1,59630.0,0.0,0.0,0.0,0.0,0.0,0
