time,symbol_id,symbol_name,last,trade_volume,trade_amount,open_interest_change,bv1,bp1,ap1,av1,yesterday_close,today_open,today_high,today_low,volume,amount,open_interest
2023-05-10 20:59:00,ag2312P4150,ag2312P4150,15.0,0.0,0.0,0.0,1,1.5,0.0,0,15.0,15.5,0.0,0.0,0.0,0.0,114
2023-05-10 21:00:00,ag2312P4150,ag2312P4150,15.0,0.0,0.0,0.0,2,7.5,0.0,0,15.0,15.5,0.0,0.0,0.0,0.0,114
2023-05-10 21:00:03,ag2312P4150,ag2312P4150,15.0,0.0,0.0,0.0,2,7.5,133.0,2,15.0,15.5,0.0,0.0,0.0,0.0,114
2023-05-10 21:00:13,ag2312P4150,ag2312P4150,15.0,0.0,0.0,0.0,2,8.0,132.5,2,15.0,15.5,0.0,0.0,0.0,0.0,114
2023-05-10 21:00:15,ag2312P4150,ag2312P4150,15.0,0.0,0.0,0.0,2,8.0,104.0,2,15.0,15.5,0.0,0.0,0.0,0.0,114
2023-05-10 21:00:16,ag2312P4150,ag2312P4150,15.0,0.0,0.0,0.0,2,8.0,104.0,2,15.0,15.5,0.0,0.0,0.0,0.0,114
2023-05-10 21:00:16,ag2312P4150,ag2312P4150,15.0,0.0,0.0,0.0,2,8.0,103.5,2,15.0,15.5,0.0,0.0,0.0,0.0,114
2023-05-10 21:00:20,ag2312P4150,ag2312P4150,15.0,0.0,0.0,0.0,2,8.0,75.0,2,15.0,15.5,0.0,0.0,0.0,0.0,114
2023-05-10 21:00:20,ag2312P4150,ag2312P4150,15.0,0.0,0.0,0.0,2,8.0,75.0,2,15.0,15.5,0.0,0.0,0.0,0.0,114
2023-05-10 21:00:21,ag2312P4150,ag2312P4150,15.0,0.0,0.0,0.0,2,8.0,74.5,2,15.0,15.5,0.0,0.0,0.0,0.0,114
2023-05-10 21:00:22,ag2312P4150,ag2312P4150,15.0,0.0,0.0,0.0,2,8.0,46.0,2,15.0,15.5,0.0,0.0,0.0,0.0,114
2023-05-10 21:00:22,ag2312P4150,ag2312P4150,15.0,0.0,0.0,0.0,2,8.0,46.0,2,15.0,15.5,0.0,0.0,0.0,0.0,114
2023-05-10 21:00:23,ag2312P4150,ag2312P4150,15.0,0.0,0.0,0.0,2,8.0,45.5,2,15.0,15.5,0.0,0.0,0.0,0.0,114
2023-05-10 21:00:23,ag2312P4150,ag2312P4150,15.0,0.0,0.0,0.0,2,8.0,28.0,2,15.0,15.5,0.0,0.0,0.0,0.0,114
2023-05-10 21:00:24,ag2312P4150,ag2312P4150,15.0,0.0,0.0,0.0,2,8.0,28.0,2,15.0,15.5,0.0,0.0,0.0,0.0,114
2023-05-10 21:00:24,ag2312P4150,ag2312P4150,15.0,0.0,0.0,0.0,2,8.0,27.5,2,15.0,15.5,0.0,0.0,0.0,0.0,114
2023-05-10 21:00:50,ag2312P4150,ag2312P4150,15.0,0.0,0.0,0.0,2,8.0,27.5,2,15.0,15.5,0.0,0.0,0.0,0.0,114
2023-05-10 21:00:51,ag2312P4150,ag2312P4150,15.0,0.0,0.0,0.0,2,8.0,27.5,2,15.0,15.5,0.0,0.0,0.0,0.0,114
2023-05-10 21:01:11,ag2312P4150,ag2312P4150,15.0,0.0,0.0,0.0,1,14.0,18.0,1,15.0,15.5,0.0,0.0,0.0,0.0,114
2023-05-10 21:01:11,ag2312P4150,ag2312P4150,15.0,0.0,0.0,0.0,1,14.0,18.0,1,15.0,15.5,0.0,0.0,0.0,0.0,114
2023-05-10 21:02:48,ag2312P4150,ag2312P4150,15.0,0.0,0.0,0.0,1,14.5,18.0,1,15.0,15.5,0.0,0.0,0.0,0.0,114
2023-05-10 21:04:44,ag2312P4150,ag2312P4150,15.0,0.0,0.0,0.0,1,14.5,17.5,1,15.0,15.5,0.0,0.0,0.0,0.0,114
2023-05-10 21:16:38,ag2312P4150,ag2312P4150,15.0,0.0,0.0,0.0,1,14.5,17.5,1,15.0,15.5,0.0,0.0,0.0,0.0,114
2023-05-10 21:18:45,ag2312P4150,ag2312P4150,15.0,0.0,0.0,0.0,1,14.5,17.5,1,15.0,15.5,0.0,0.0,0.0,0.0,114
2023-05-10 21:19:56,ag2312P4150,ag2312P4150,15.0,0.0,0.0,0.0,1,14.5,17.5,1,15.0,15.5,0.0,0.0,0.0,0.0,114
2023-05-10 21:20:41,ag2312P4150,ag2312P4150,15.0,0.0,0.0,0.0,1,14.5,17.5,1,15.0,15.5,0.0,0.0,0.0,0.0,114
2023-05-10 21:21:27,ag2312P4150,ag2312P4150,15.0,0.0,0.0,0.0,1,14.5,17.5,1,15.0,15.5,0.0,0.0,0.0,0.0,114
2023-05-10 21:32:45,ag2312P4150,ag2312P4150,15.0,0.0,0.0,0.0,1,15.0,17.5,1,15.0,15.5,0.0,0.0,0.0,0.0,114
2023-05-10 22:04:15,ag2312P4150,ag2312P4150,15.0,0.0,0.0,0.0,1,15.5,17.5,1,15.0,15.5,0.0,0.0,0.0,0.0,114
2023-05-10 22:04:15,ag2312P4150,ag2312P4150,15.0,0.0,0.0,0.0,1,15.5,18.0,1,15.0,15.5,0.0,0.0,0.0,0.0,114
2023-05-10 22:34:13,ag2312P4150,ag2312P4150,15.0,0.0,0.0,0.0,1,16.0,18.0,1,15.0,15.5,0.0,0.0,0.0,0.0,114
2023-05-10 22:38:46,ag2312P4150,ag2312P4150,15.0,0.0,0.0,0.0,1,16.0,18.5,1,15.0,15.5,0.0,0.0,0.0,0.0,114
2023-05-10 22:48:12,ag2312P4150,ag2312P4150,15.0,0.0,0.0,0.0,1,16.0,18.5,1,15.0,15.5,0.0,0.0,0.0,0.0,114
2023-05-10 22:48:41,ag2312P4150,ag2312P4150,15.0,0.0,0.0,0.0,1,16.0,18.5,1,15.0,15.5,0.0,0.0,0.0,0.0,114
2023-05-10 22:49:09,ag2312P4150,ag2312P4150,15.0,0.0,0.0,0.0,1,16.0,18.5,1,15.0,15.5,0.0,0.0,0.0,0.0,114
2023-05-10 22:50:17,ag2312P4150,ag2312P4150,15.0,0.0,0.0,0.0,1,16.0,18.5,1,15.0,15.5,0.0,0.0,0.0,0.0,114
2023-05-10 22:50:32,ag2312P4150,ag2312P4150,15.0,0.0,0.0,0.0,1,16.5,18.5,1,15.0,15.5,0.0,0.0,0.0,0.0,114
2023-05-10 22:52:00,ag2312P4150,ag2312P4150,15.0,0.0,0.0,0.0,1,16.5,19.0,1,15.0,15.5,0.0,0.0,0.0,0.0,114
2023-05-10 22:52:33,ag2312P4150,ag2312P4150,15.0,0.0,0.0,0.0,1,16.5,19.0,1,15.0,15.5,0.0,0.0,0.0,0.0,114
2023-05-10 23:01:22,ag2312P4150,ag2312P4150,15.0,0.0,0.0,0.0,1,3.5,28.0,1,15.0,15.5,0.0,0.0,0.0,0.0,114
2023-05-10 23:01:23,ag2312P4150,ag2312P4150,15.0,0.0,0.0,0.0,2,4.0,27.5,2,15.0,15.5,0.0,0.0,0.0,0.0,114
2023-05-10 23:01:24,ag2312P4150,ag2312P4150,15.0,0.0,0.0,0.0,1,9.5,27.5,2,15.0,15.5,0.0,0.0,0.0,0.0,114
2023-05-10 23:01:25,ag2312P4150,ag2312P4150,15.0,0.0,0.0,0.0,1,9.5,27.5,2,15.0,15.5,0.0,0.0,0.0,0.0,114
2023-05-10 23:01:25,ag2312P4150,ag2312P4150,15.0,0.0,0.0,0.0,2,10.0,27.5,2,15.0,15.5,0.0,0.0,0.0,0.0,114
2023-05-10 23:06:59,ag2312P4150,ag2312P4150,15.0,0.0,0.0,0.0,1,15.0,15.5,1,15.0,15.5,0.0,0.0,0.0,0.0,114
2023-05-10 23:07:00,ag2312P4150,ag2312P4150,15.5,1.0,232.5,0.0,1,15.0,28.0,1,15.0,15.5,15.5,15.5,1.0,232.5,114
2023-05-10 23:07:00,ag2312P4150,ag2312P4150,15.5,0.0,0.0,0.0,1,15.0,15.5,1,15.0,15.5,15.5,15.5,1.0,232.5,114
2023-05-10 23:07:01,ag2312P4150,ag2312P4150,15.5,1.0,232.5,1.0,1,15.0,28.0,1,15.0,15.5,15.5,15.5,2.0,465.0,115
2023-05-10 23:07:01,ag2312P4150,ag2312P4150,15.5,0.0,0.0,0.0,1,15.0,27.5,2,15.0,15.5,15.5,15.5,2.0,465.0,115
2023-05-10 23:07:02,ag2312P4150,ag2312P4150,15.5,0.0,0.0,0.0,1,15.5,17.0,1,15.0,15.5,15.5,15.5,2.0,465.0,115
2023-05-10 23:07:03,ag2312P4150,ag2312P4150,15.5,0.0,0.0,0.0,1,15.5,17.0,1,15.0,15.5,15.5,15.5,2.0,465.0,115
2023-05-10 23:07:04,ag2312P4150,ag2312P4150,15.5,0.0,0.0,0.0,1,16.5,17.0,1,15.0,15.5,15.5,15.5,2.0,465.0,115
2023-05-10 23:07:04,ag2312P4150,ag2312P4150,15.5,0.0,0.0,0.0,1,16.5,17.0,1,15.0,15.5,15.5,15.5,2.0,465.0,115
2023-05-10 23:07:06,ag2312P4150,ag2312P4150,15.5,0.0,0.0,0.0,1,16.5,17.0,2,15.0,15.5,15.5,15.5,2.0,465.0,115
2023-05-10 23:07:06,ag2312P4150,ag2312P4150,15.5,0.0,0.0,0.0,2,16.5,17.0,2,15.0,15.5,15.5,15.5,2.0,465.0,115
2023-05-10 23:07:07,ag2312P4150,ag2312P4150,15.5,0.0,0.0,0.0,2,16.5,17.0,3,15.0,15.5,15.5,15.5,2.0,465.0,115
2023-05-10 23:07:10,ag2312P4150,ag2312P4150,15.5,0.0,0.0,0.0,2,16.5,17.0,3,15.0,15.5,15.5,15.5,2.0,465.0,115
2023-05-10 23:07:13,ag2312P4150,ag2312P4150,15.5,0.0,0.0,0.0,2,16.5,17.0,2,15.0,15.5,15.5,15.5,2.0,465.0,115
2023-05-10 23:07:15,ag2312P4150,ag2312P4150,15.5,0.0,0.0,0.0,1,16.5,17.0,2,15.0,15.5,15.5,15.5,2.0,465.0,115
2023-05-10 23:07:16,ag2312P4150,ag2312P4150,15.5,0.0,0.0,0.0,1,16.5,17.0,2,15.0,15.5,15.5,15.5,2.0,465.0,115
2023-05-10 23:07:16,ag2312P4150,ag2312P4150,15.5,0.0,0.0,0.0,1,16.5,17.0,2,15.0,15.5,15.5,15.5,2.0,465.0,115
2023-05-10 23:07:17,ag2312P4150,ag2312P4150,15.5,0.0,0.0,0.0,1,14.0,17.0,1,15.0,15.5,15.5,15.5,2.0,465.0,115
2023-05-10 23:07:17,ag2312P4150,ag2312P4150,17.0,1.0,255.0,0.0,1,9.5,28.0,1,15.0,15.5,17.0,15.5,3.0,720.0,115
2023-05-10 23:07:18,ag2312P4150,ag2312P4150,17.0,0.0,0.0,0.0,4,10.0,27.5,2,15.0,15.5,17.0,15.5,3.0,720.0,115
2023-05-10 23:07:57,ag2312P4150,ag2312P4150,17.0,0.0,0.0,0.0,1,15.5,27.5,2,15.0,15.5,17.0,15.5,3.0,720.0,115
2023-05-10 23:07:58,ag2312P4150,ag2312P4150,17.0,0.0,0.0,0.0,1,15.5,27.5,2,15.0,15.5,17.0,15.5,3.0,720.0,115
2023-05-10 23:08:03,ag2312P4150,ag2312P4150,15.5,1.0,232.5,1.0,1,9.5,27.5,2,15.0,15.5,17.0,15.5,4.0,952.5,116
2023-05-10 23:08:04,ag2312P4150,ag2312P4150,15.5,0.0,0.0,0.0,4,10.0,27.5,2,15.0,15.5,17.0,15.5,4.0,952.5,116
2023-05-10 23:08:05,ag2312P4150,ag2312P4150,15.5,0.0,0.0,0.0,1,15.5,17.0,1,15.0,15.5,17.0,15.5,4.0,952.5,116
2023-05-10 23:08:06,ag2312P4150,ag2312P4150,15.5,0.0,0.0,0.0,1,15.5,17.0,1,15.0,15.5,17.0,15.5,4.0,952.5,116
2023-05-10 23:08:07,ag2312P4150,ag2312P4150,15.5,0.0,0.0,0.0,1,16.5,17.0,1,15.0,15.5,17.0,15.5,4.0,952.5,116
2023-05-10 23:08:07,ag2312P4150,ag2312P4150,15.5,0.0,0.0,0.0,1,16.5,17.0,1,15.0,15.5,17.0,15.5,4.0,952.5,116
2023-05-10 23:08:09,ag2312P4150,ag2312P4150,15.5,0.0,0.0,0.0,1,16.5,17.0,2,15.0,15.5,17.0,15.5,4.0,952.5,116
2023-05-10 23:08:10,ag2312P4150,ag2312P4150,15.5,0.0,0.0,0.0,1,16.5,17.0,3,15.0,15.5,17.0,15.5,4.0,952.5,116
2023-05-10 23:08:12,ag2312P4150,ag2312P4150,15.5,1.0,232.5,0.0,1,16.5,17.0,4,15.0,15.5,17.0,15.5,5.0,1185.0,116
2023-05-10 23:08:13,ag2312P4150,ag2312P4150,16.5,1.0,247.5,-1.0,1,16.0,17.0,3,15.0,15.5,17.0,15.5,6.0,1432.5,115
2023-05-10 23:08:16,ag2312P4150,ag2312P4150,16.5,0.0,0.0,0.0,1,16.0,17.0,2,15.0,15.5,17.0,15.5,6.0,1432.5,115
2023-05-10 23:08:18,ag2312P4150,ag2312P4150,16.5,0.0,0.0,0.0,1,16.0,17.0,2,15.0,15.5,17.0,15.5,6.0,1432.5,115
2023-05-10 23:08:19,ag2312P4150,ag2312P4150,16.5,0.0,0.0,0.0,1,16.0,17.0,2,15.0,15.5,17.0,15.5,6.0,1432.5,115
2023-05-10 23:08:19,ag2312P4150,ag2312P4150,16.5,0.0,0.0,0.0,1,16.0,17.0,2,15.0,15.5,17.0,15.5,6.0,1432.5,115
2023-05-10 23:08:20,ag2312P4150,ag2312P4150,16.5,0.0,0.0,0.0,1,15.0,17.0,1,15.0,15.5,17.0,15.5,6.0,1432.5,115
2023-05-10 23:08:23,ag2312P4150,ag2312P4150,16.5,0.0,0.0,0.0,1,14.0,17.0,1,15.0,15.5,17.0,15.5,6.0,1432.5,115
2023-05-10 23:08:24,ag2312P4150,ag2312P4150,16.5,0.0,0.0,0.0,1,9.5,28.0,1,15.0,15.5,17.0,15.5,6.0,1432.5,115
2023-05-10 23:08:24,ag2312P4150,ag2312P4150,16.5,0.0,0.0,0.0,4,10.0,27.5,2,15.0,15.5,17.0,15.5,6.0,1432.5,115
2023-05-10 23:09:11,ag2312P4150,ag2312P4150,16.5,0.0,0.0,0.0,1,15.5,27.5,2,15.0,15.5,17.0,15.5,6.0,1432.5,115
2023-05-10 23:09:11,ag2312P4150,ag2312P4150,16.5,0.0,0.0,0.0,1,15.5,27.5,2,15.0,15.5,17.0,15.5,6.0,1432.5,115
2023-05-10 23:09:17,ag2312P4150,ag2312P4150,15.5,1.0,232.5,1.0,1,9.5,27.5,2,15.0,15.5,17.0,15.5,7.0,1665.0,116
2023-05-10 23:09:17,ag2312P4150,ag2312P4150,15.5,0.0,0.0,0.0,4,10.0,27.5,2,15.0,15.5,17.0,15.5,7.0,1665.0,116
2023-05-10 23:09:19,ag2312P4150,ag2312P4150,15.5,0.0,0.0,0.0,1,15.5,17.0,1,15.0,15.5,17.0,15.5,7.0,1665.0,116
2023-05-10 23:09:20,ag2312P4150,ag2312P4150,15.5,0.0,0.0,0.0,1,16.5,17.0,1,15.0,15.5,17.0,15.5,7.0,1665.0,116
2023-05-10 23:09:20,ag2312P4150,ag2312P4150,15.5,0.0,0.0,0.0,1,16.5,17.0,1,15.0,15.5,17.0,15.5,7.0,1665.0,116
2023-05-10 23:09:22,ag2312P4150,ag2312P4150,16.0,1.0,240.0,0.0,1,15.5,17.0,1,15.0,15.5,17.0,15.5,8.0,1905.0,116
2023-05-10 23:09:23,ag2312P4150,ag2312P4150,16.0,0.0,0.0,0.0,1,15.5,17.0,2,15.0,15.5,17.0,15.5,8.0,1905.0,116
2023-05-10 23:09:23,ag2312P4150,ag2312P4150,16.0,0.0,0.0,0.0,1,15.5,16.0,1,15.0,15.5,17.0,15.5,8.0,1905.0,116
2023-05-10 23:09:24,ag2312P4150,ag2312P4150,16.5,2.0,487.5,0.0,1,15.5,16.0,1,15.0,15.5,17.0,15.5,10.0,2392.5,116
2023-05-10 23:09:24,ag2312P4150,ag2312P4150,16.0,1.0,240.0,1.0,1,15.5,17.0,2,15.0,15.5,17.0,15.5,11.0,2632.5,117
2023-05-10 23:09:26,ag2312P4150,ag2312P4150,16.0,0.0,0.0,0.0,2,15.5,17.0,3,15.0,15.5,17.0,15.5,11.0,2632.5,117
2023-05-10 23:09:30,ag2312P4150,ag2312P4150,16.0,0.0,0.0,0.0,1,15.5,17.0,2,15.0,15.5,17.0,15.5,11.0,2632.5,117
2023-05-10 23:09:31,ag2312P4150,ag2312P4150,16.0,0.0,0.0,0.0,1,15.5,17.0,2,15.0,15.5,17.0,15.5,11.0,2632.5,117
2023-05-10 23:09:32,ag2312P4150,ag2312P4150,16.0,0.0,0.0,0.0,1,15.5,17.0,2,15.0,15.5,17.0,15.5,11.0,2632.5,117
2023-05-10 23:09:33,ag2312P4150,ag2312P4150,16.0,0.0,0.0,0.0,1,15.5,17.0,2,15.0,15.5,17.0,15.5,11.0,2632.5,117
2023-05-10 23:09:36,ag2312P4150,ag2312P4150,16.0,0.0,0.0,0.0,1,14.0,17.0,1,15.0,15.5,17.0,15.5,11.0,2632.5,117
2023-05-10 23:09:37,ag2312P4150,ag2312P4150,16.0,0.0,0.0,0.0,1,9.5,28.0,1,15.0,15.5,17.0,15.5,11.0,2632.5,117
2023-05-10 23:09:37,ag2312P4150,ag2312P4150,16.0,0.0,0.0,0.0,4,10.0,27.5,2,15.0,15.5,17.0,15.5,11.0,2632.5,117
2023-05-10 23:10:20,ag2312P4150,ag2312P4150,16.0,0.0,0.0,0.0,2,15.5,27.5,2,15.0,15.5,17.0,15.5,11.0,2632.5,117
2023-05-10 23:10:20,ag2312P4150,ag2312P4150,16.0,0.0,0.0,0.0,2,15.5,27.5,2,15.0,15.5,17.0,15.5,11.0,2632.5,117
2023-05-10 23:10:27,ag2312P4150,ag2312P4150,16.0,0.0,0.0,0.0,2,15.5,16.0,1,15.0,15.5,17.0,15.5,11.0,2632.5,117
2023-05-10 23:10:27,ag2312P4150,ag2312P4150,16.0,1.0,240.0,1.0,2,15.5,28.0,1,15.0,15.5,17.0,15.5,12.0,2872.5,118
2023-05-10 23:10:28,ag2312P4150,ag2312P4150,16.0,0.0,0.0,0.0,3,15.5,27.5,2,15.0,15.5,17.0,15.5,12.0,2872.5,118
2023-05-10 23:10:28,ag2312P4150,ag2312P4150,16.0,0.0,0.0,0.0,1,16.0,17.0,1,15.0,15.5,17.0,15.5,12.0,2872.5,118
2023-05-10 23:10:29,ag2312P4150,ag2312P4150,16.0,0.0,0.0,0.0,1,16.0,17.0,1,15.0,15.5,17.0,15.5,12.0,2872.5,118
2023-05-10 23:10:30,ag2312P4150,ag2312P4150,16.0,0.0,0.0,0.0,1,16.5,17.0,1,15.0,15.5,17.0,15.5,12.0,2872.5,118
2023-05-10 23:10:30,ag2312P4150,ag2312P4150,16.0,0.0,0.0,0.0,1,16.5,17.0,1,15.0,15.5,17.0,15.5,12.0,2872.5,118
2023-05-10 23:10:32,ag2312P4150,ag2312P4150,16.0,0.0,0.0,0.0,1,16.5,17.0,2,15.0,15.5,17.0,15.5,12.0,2872.5,118
2023-05-10 23:10:33,ag2312P4150,ag2312P4150,16.0,0.0,0.0,0.0,1,16.5,17.0,3,15.0,15.5,17.0,15.5,12.0,2872.5,118
2023-05-10 23:10:35,ag2312P4150,ag2312P4150,16.0,0.0,0.0,0.0,1,16.5,17.0,4,15.0,15.5,17.0,15.5,12.0,2872.5,118
2023-05-10 23:10:37,ag2312P4150,ag2312P4150,16.0,1.0,240.0,0.0,3,16.0,17.0,4,15.0,15.5,17.0,15.5,13.0,3112.5,118
2023-05-10 23:10:39,ag2312P4150,ag2312P4150,16.0,0.0,0.0,0.0,2,16.0,17.0,3,15.0,15.5,17.0,15.5,13.0,3112.5,118
2023-05-10 23:10:41,ag2312P4150,ag2312P4150,16.0,0.0,0.0,0.0,2,16.0,17.0,3,15.0,15.5,17.0,15.5,13.0,3112.5,118
2023-05-10 23:10:42,ag2312P4150,ag2312P4150,16.0,0.0,0.0,0.0,2,16.0,17.0,3,15.0,15.5,17.0,15.5,13.0,3112.5,118
2023-05-10 23:10:43,ag2312P4150,ag2312P4150,16.0,0.0,0.0,0.0,1,16.0,17.0,2,15.0,15.5,17.0,15.5,13.0,3112.5,118
2023-05-10 23:10:46,ag2312P4150,ag2312P4150,16.0,0.0,0.0,0.0,2,15.5,17.0,1,15.0,15.5,17.0,15.5,13.0,3112.5,118
2023-05-10 23:10:47,ag2312P4150,ag2312P4150,16.0,0.0,0.0,0.0,2,15.5,28.0,1,15.0,15.5,17.0,15.5,13.0,3112.5,118
2023-05-10 23:10:47,ag2312P4150,ag2312P4150,16.0,0.0,0.0,0.0,2,15.5,27.5,2,15.0,15.5,17.0,15.5,13.0,3112.5,118
2023-05-10 23:10:48,ag2312P4150,ag2312P4150,16.0,0.0,0.0,0.0,2,15.5,27.5,2,15.0,15.5,17.0,15.5,13.0,3112.5,118
2023-05-10 23:11:06,ag2312P4150,ag2312P4150,16.0,0.0,0.0,0.0,1,11.0,27.5,2,15.0,15.5,17.0,15.5,13.0,3112.5,118
2023-05-10 23:11:07,ag2312P4150,ag2312P4150,16.0,0.0,0.0,0.0,2,11.5,27.5,2,15.0,15.5,17.0,15.5,13.0,3112.5,118
2023-05-10 23:11:24,ag2312P4150,ag2312P4150,16.0,0.0,0.0,0.0,1,12.0,27.5,2,15.0,15.5,17.0,15.5,13.0,3112.5,118
2023-05-10 23:11:24,ag2312P4150,ag2312P4150,16.0,0.0,0.0,0.0,1,12.0,27.5,2,15.0,15.5,17.0,15.5,13.0,3112.5,118
2023-05-10 23:11:37,ag2312P4150,ag2312P4150,16.0,0.0,0.0,0.0,1,16.0,27.5,2,15.0,15.5,17.0,15.5,13.0,3112.5,118
2023-05-10 23:11:42,ag2312P4150,ag2312P4150,16.0,1.0,240.0,0.0,1,15.5,27.5,2,15.0,15.5,17.0,15.5,14.0,3352.5,118
2023-05-10 23:11:43,ag2312P4150,ag2312P4150,16.0,0.0,0.0,0.0,1,15.5,16.0,1,15.0,15.5,17.0,15.5,14.0,3352.5,118
2023-05-10 23:11:44,ag2312P4150,ag2312P4150,16.0,1.0,240.0,1.0,1,15.5,28.0,1,15.0,15.5,17.0,15.5,15.0,3592.5,119
2023-05-10 23:11:44,ag2312P4150,ag2312P4150,16.0,0.0,0.0,0.0,1,15.5,17.0,1,15.0,15.5,17.0,15.5,15.0,3592.5,119
2023-05-10 23:11:45,ag2312P4150,ag2312P4150,16.0,0.0,0.0,0.0,1,15.5,17.0,1,15.0,15.5,17.0,15.5,15.0,3592.5,119
2023-05-10 23:11:45,ag2312P4150,ag2312P4150,16.0,0.0,0.0,0.0,1,16.0,17.0,2,15.0,15.5,17.0,15.5,15.0,3592.5,119
2023-05-10 23:11:46,ag2312P4150,ag2312P4150,16.0,0.0,0.0,0.0,1,16.0,17.0,2,15.0,15.5,17.0,15.5,15.0,3592.5,119
2023-05-10 23:11:47,ag2312P4150,ag2312P4150,16.0,0.0,0.0,0.0,1,16.5,17.0,2,15.0,15.5,17.0,15.5,15.0,3592.5,119
2023-05-10 23:11:48,ag2312P4150,ag2312P4150,16.0,0.0,0.0,0.0,1,16.5,17.0,3,15.0,15.5,17.0,15.5,15.0,3592.5,119
2023-05-10 23:11:50,ag2312P4150,ag2312P4150,16.0,0.0,0.0,0.0,1,16.5,17.0,4,15.0,15.5,17.0,15.5,15.0,3592.5,119
2023-05-10 23:11:52,ag2312P4150,ag2312P4150,16.0,0.0,0.0,0.0,1,16.5,17.0,5,15.0,15.5,17.0,15.5,15.0,3592.5,119
2023-05-10 23:11:53,ag2312P4150,ag2312P4150,16.5,1.0,247.5,0.0,3,16.0,17.0,4,15.0,15.5,17.0,15.5,16.0,3840.0,119
2023-05-10 23:11:56,ag2312P4150,ag2312P4150,16.5,0.0,0.0,0.0,2,16.0,17.0,3,15.0,15.5,17.0,15.5,16.0,3840.0,119
2023-05-10 23:11:58,ag2312P4150,ag2312P4150,16.5,0.0,0.0,0.0,2,16.0,17.0,3,15.0,15.5,17.0,15.5,16.0,3840.0,119
2023-05-10 23:11:58,ag2312P4150,ag2312P4150,16.5,0.0,0.0,0.0,2,16.0,17.0,3,15.0,15.5,17.0,15.5,16.0,3840.0,119
2023-05-10 23:11:59,ag2312P4150,ag2312P4150,16.5,0.0,0.0,0.0,2,16.0,17.0,3,15.0,15.5,17.0,15.5,16.0,3840.0,119
2023-05-10 23:12:00,ag2312P4150,ag2312P4150,16.5,0.0,0.0,0.0,1,16.0,17.0,2,15.0,15.5,17.0,15.5,16.0,3840.0,119
2023-05-10 23:12:03,ag2312P4150,ag2312P4150,16.5,0.0,0.0,0.0,1,12.0,28.0,1,15.0,15.5,17.0,15.5,16.0,3840.0,119
2023-05-10 23:12:03,ag2312P4150,ag2312P4150,16.5,0.0,0.0,0.0,1,12.0,27.5,2,15.0,15.5,17.0,15.5,16.0,3840.0,119
2023-05-10 23:13:02,ag2312P4150,ag2312P4150,16.5,0.0,0.0,0.0,1,16.0,27.5,2,15.0,15.5,17.0,15.5,16.0,3840.0,119
2023-05-10 23:13:04,ag2312P4150,ag2312P4150,16.5,0.0,0.0,0.0,2,16.0,27.5,2,15.0,15.5,17.0,15.5,16.0,3840.0,119
2023-05-10 23:13:08,ag2312P4150,ag2312P4150,16.5,0.0,0.0,0.0,1,16.0,27.5,2,15.0,15.5,17.0,15.5,16.0,3840.0,119
2023-05-10 23:13:09,ag2312P4150,ag2312P4150,16.0,1.0,240.0,1.0,1,12.0,27.5,2,15.0,15.5,17.0,15.5,17.0,4080.0,120
2023-05-10 23:13:11,ag2312P4150,ag2312P4150,16.0,0.0,0.0,0.0,1,16.0,17.0,2,15.0,15.5,17.0,15.5,17.0,4080.0,120
2023-05-10 23:13:12,ag2312P4150,ag2312P4150,16.0,0.0,0.0,0.0,1,16.5,17.0,2,15.0,15.5,17.0,15.5,17.0,4080.0,120
2023-05-10 23:13:12,ag2312P4150,ag2312P4150,16.0,0.0,0.0,0.0,1,16.5,17.0,2,15.0,15.5,17.0,15.5,17.0,4080.0,120
2023-05-10 23:13:13,ag2312P4150,ag2312P4150,16.0,0.0,0.0,0.0,1,16.5,17.0,2,15.0,15.5,17.0,15.5,17.0,4080.0,120
2023-05-10 23:13:15,ag2312P4150,ag2312P4150,16.0,0.0,0.0,0.0,1,16.5,17.0,3,15.0,15.5,17.0,15.5,17.0,4080.0,120
2023-05-10 23:13:16,ag2312P4150,ag2312P4150,16.0,1.0,240.0,0.0,2,16.0,17.0,4,15.0,15.5,17.0,15.5,18.0,4320.0,120
2023-05-10 23:13:18,ag2312P4150,ag2312P4150,16.0,0.0,0.0,0.0,3,16.0,17.0,5,15.0,15.5,17.0,15.5,18.0,4320.0,120
2023-05-10 23:13:22,ag2312P4150,ag2312P4150,16.0,0.0,0.0,0.0,2,16.0,17.0,4,15.0,15.5,17.0,15.5,18.0,4320.0,120
2023-05-10 23:13:23,ag2312P4150,ag2312P4150,16.0,0.0,0.0,0.0,2,16.0,17.0,4,15.0,15.5,17.0,15.5,18.0,4320.0,120
2023-05-10 23:13:24,ag2312P4150,ag2312P4150,16.0,0.0,0.0,0.0,2,16.0,17.0,4,15.0,15.5,17.0,15.5,18.0,4320.0,120
2023-05-10 23:13:25,ag2312P4150,ag2312P4150,16.0,0.0,0.0,0.0,1,16.0,17.0,3,15.0,15.5,17.0,15.5,18.0,4320.0,120
2023-05-10 23:13:26,ag2312P4150,ag2312P4150,16.0,0.0,0.0,0.0,1,15.0,17.0,2,15.0,15.5,17.0,15.5,18.0,4320.0,120
2023-05-10 23:13:27,ag2312P4150,ag2312P4150,16.0,0.0,0.0,0.0,1,14.0,17.0,2,15.0,15.5,17.0,15.5,18.0,4320.0,120
2023-05-10 23:13:30,ag2312P4150,ag2312P4150,16.0,0.0,0.0,0.0,1,12.0,17.0,1,15.0,15.5,17.0,15.5,18.0,4320.0,120
2023-05-10 23:13:40,ag2312P4150,ag2312P4150,16.0,0.0,0.0,0.0,1,12.0,28.0,1,15.0,15.5,17.0,15.5,18.0,4320.0,120
2023-05-10 23:13:41,ag2312P4150,ag2312P4150,16.0,0.0,0.0,0.0,1,12.0,27.5,2,15.0,15.5,17.0,15.5,18.0,4320.0,120
2023-05-10 23:13:44,ag2312P4150,ag2312P4150,16.0,0.0,0.0,0.0,1,15.5,27.5,2,15.0,15.5,17.0,15.5,18.0,4320.0,120
2023-05-10 23:13:51,ag2312P4150,ag2312P4150,16.0,0.0,0.0,0.0,1,15.5,27.5,2,15.0,15.5,17.0,15.5,18.0,4320.0,120
2023-05-10 23:13:54,ag2312P4150,ag2312P4150,16.0,0.0,0.0,0.0,1,15.5,17.5,1,15.0,15.5,17.0,15.5,18.0,4320.0,120
2023-05-10 23:13:54,ag2312P4150,ag2312P4150,16.0,0.0,0.0,0.0,1,15.5,17.5,1,15.0,15.5,17.0,15.5,18.0,4320.0,120
2023-05-10 23:13:55,ag2312P4150,ag2312P4150,16.0,0.0,0.0,0.0,2,15.5,17.5,1,15.0,15.5,17.0,15.5,18.0,4320.0,120
2023-05-10 23:13:56,ag2312P4150,ag2312P4150,16.0,0.0,0.0,0.0,1,15.5,17.5,1,15.0,15.5,17.0,15.5,18.0,4320.0,120
2023-05-10 23:14:04,ag2312P4150,ag2312P4150,16.0,0.0,0.0,0.0,1,15.5,17.0,1,15.0,15.5,17.0,15.5,18.0,4320.0,120
2023-05-10 23:14:27,ag2312P4150,ag2312P4150,16.0,0.0,0.0,0.0,1,15.5,17.5,1,15.0,15.5,17.0,15.5,18.0,4320.0,120
2023-05-10 23:14:47,ag2312P4150,ag2312P4150,16.0,0.0,0.0,0.0,1,15.5,16.5,1,15.0,15.5,17.0,15.5,18.0,4320.0,120
2023-05-10 23:14:52,ag2312P4150,ag2312P4150,16.0,0.0,0.0,0.0,1,15.5,17.0,1,15.0,15.5,17.0,15.5,18.0,4320.0,120
2023-05-10 23:15:06,ag2312P4150,ag2312P4150,16.0,0.0,0.0,0.0,1,15.0,17.0,1,15.0,15.5,17.0,15.5,18.0,4320.0,120
2023-05-10 23:15:59,ag2312P4150,ag2312P4150,16.0,0.0,0.0,0.0,1,15.0,17.0,2,15.0,15.5,17.0,15.5,18.0,4320.0,120
2023-05-10 23:25:54,ag2312P4150,ag2312P4150,16.0,0.0,0.0,0.0,1,11.0,17.0,1,15.0,15.5,17.0,15.5,18.0,4320.0,120
2023-05-10 23:25:55,ag2312P4150,ag2312P4150,16.0,0.0,0.0,0.0,3,11.0,17.0,1,15.0,15.5,17.0,15.5,18.0,4320.0,120
2023-05-10 23:26:28,ag2312P4150,ag2312P4150,16.0,0.0,0.0,0.0,2,11.0,17.0,1,15.0,15.5,17.0,15.5,18.0,4320.0,120
2023-05-10 23:27:08,ag2312P4150,ag2312P4150,16.0,0.0,0.0,0.0,2,11.0,17.0,1,15.0,15.5,17.0,15.5,18.0,4320.0,120
2023-05-10 23:27:09,ag2312P4150,ag2312P4150,16.0,0.0,0.0,0.0,1,15.0,17.0,1,15.0,15.5,17.0,15.5,18.0,4320.0,120
2023-05-10 23:27:10,ag2312P4150,ag2312P4150,16.0,0.0,0.0,0.0,1,15.0,17.0,1,15.0,15.5,17.0,15.5,18.0,4320.0,120
2023-05-10 23:27:11,ag2312P4150,ag2312P4150,16.0,0.0,0.0,0.0,1,15.0,17.0,1,15.0,15.5,17.0,15.5,18.0,4320.0,120
2023-05-10 23:31:36,ag2312P4150,ag2312P4150,16.0,0.0,0.0,0.0,1,9.5,17.0,1,15.0,15.5,17.0,15.5,18.0,4320.0,120
2023-05-10 23:31:37,ag2312P4150,ag2312P4150,16.0,0.0,0.0,0.0,2,10.0,17.0,1,15.0,15.5,17.0,15.5,18.0,4320.0,120
2023-05-10 23:31:40,ag2312P4150,ag2312P4150,16.0,0.0,0.0,0.0,2,10.0,17.0,1,15.0,15.5,17.0,15.5,18.0,4320.0,120
2023-05-10 23:50:15,ag2312P4150,ag2312P4150,16.0,0.0,0.0,0.0,3,10.0,17.0,1,15.0,15.5,17.0,15.5,18.0,4320.0,120
2023-05-10 23:52:05,ag2312P4150,ag2312P4150,16.0,0.0,0.0,0.0,3,10.0,0.0,0,15.0,15.5,17.0,15.5,18.0,4320.0,120
2023-05-10 23:52:06,ag2312P4150,ag2312P4150,16.0,0.0,0.0,0.0,3,10.0,532.0,1,15.0,15.5,17.0,15.5,18.0,4320.0,120
2023-05-10 23:52:06,ag2312P4150,ag2312P4150,16.0,0.0,0.0,0.0,3,10.0,531.5,3,15.0,15.5,17.0,15.5,18.0,4320.0,120
2023-05-10 23:52:07,ag2312P4150,ag2312P4150,16.0,0.0,0.0,0.0,3,10.0,526.5,1,15.0,15.5,17.0,15.5,18.0,4320.0,120
2023-05-10 23:52:07,ag2312P4150,ag2312P4150,16.0,0.0,0.0,0.0,3,10.0,525.0,1,15.0,15.5,17.0,15.5,18.0,4320.0,120
2023-05-10 23:52:08,ag2312P4150,ag2312P4150,16.0,0.0,0.0,0.0,3,10.0,524.5,2,15.0,15.5,17.0,15.5,18.0,4320.0,120
2023-05-10 23:52:08,ag2312P4150,ag2312P4150,16.0,0.0,0.0,0.0,3,10.0,523.0,1,15.0,15.5,17.0,15.5,18.0,4320.0,120
2023-05-10 23:52:09,ag2312P4150,ag2312P4150,16.0,0.0,0.0,0.0,3,10.0,523.0,1,15.0,15.5,17.0,15.5,18.0,4320.0,120
2023-05-10 23:52:09,ag2312P4150,ag2312P4150,16.0,0.0,0.0,0.0,3,10.0,522.5,2,15.0,15.5,17.0,15.5,18.0,4320.0,120
2023-05-10 23:52:10,ag2312P4150,ag2312P4150,16.0,0.0,0.0,0.0,3,10.0,517.5,1,15.0,15.5,17.0,15.5,18.0,4320.0,120
2023-05-10 23:52:10,ag2312P4150,ag2312P4150,16.0,0.0,0.0,0.0,3,10.0,516.0,1,15.0,15.5,17.0,15.5,18.0,4320.0,120
2023-05-10 23:52:11,ag2312P4150,ag2312P4150,16.0,0.0,0.0,0.0,3,10.0,515.5,2,15.0,15.5,17.0,15.5,18.0,4320.0,120
2023-05-10 23:52:11,ag2312P4150,ag2312P4150,16.0,0.0,0.0,0.0,3,10.0,515.5,2,15.0,15.5,17.0,15.5,18.0,4320.0,120
2023-05-10 23:52:12,ag2312P4150,ag2312P4150,16.0,0.0,0.0,0.0,3,10.0,514.0,1,15.0,15.5,17.0,15.5,18.0,4320.0,120
2023-05-10 23:52:12,ag2312P4150,ag2312P4150,16.0,0.0,0.0,0.0,3,10.0,510.0,1,15.0,15.5,17.0,15.5,18.0,4320.0,120
2023-05-10 23:52:13,ag2312P4150,ag2312P4150,16.0,0.0,0.0,0.0,3,10.0,508.5,1,15.0,15.5,17.0,15.5,18.0,4320.0,120
2023-05-10 23:52:13,ag2312P4150,ag2312P4150,16.0,0.0,0.0,0.0,3,10.0,508.5,1,15.0,15.5,17.0,15.5,18.0,4320.0,120
2023-05-10 23:52:14,ag2312P4150,ag2312P4150,16.0,0.0,0.0,0.0,3,10.0,508.0,2,15.0,15.5,17.0,15.5,18.0,4320.0,120
2023-05-10 23:52:14,ag2312P4150,ag2312P4150,16.0,0.0,0.0,0.0,3,10.0,18.0,1,15.0,15.5,17.0,15.5,18.0,4320.0,120
2023-05-10 23:52:15,ag2312P4150,ag2312P4150,16.0,0.0,0.0,0.0,3,10.0,18.0,1,15.0,15.5,17.0,15.5,18.0,4320.0,120
2023-05-10 23:52:16,ag2312P4150,ag2312P4150,16.0,0.0,0.0,0.0,3,10.0,18.0,1,15.0,15.5,17.0,15.5,18.0,4320.0,120
2023-05-10 23:52:17,ag2312P4150,ag2312P4150,16.0,0.0,0.0,0.0,1,14.5,15.5,1,15.0,15.5,17.0,15.5,18.0,4320.0,120
2023-05-10 23:52:17,ag2312P4150,ag2312P4150,16.0,0.0,0.0,0.0,1,14.5,15.5,1,15.0,15.5,17.0,15.5,18.0,4320.0,120
2023-05-10 23:52:19,ag2312P4150,ag2312P4150,16.0,0.0,0.0,0.0,2,14.5,15.5,1,15.0,15.5,17.0,15.5,18.0,4320.0,120
2023-05-10 23:52:20,ag2312P4150,ag2312P4150,16.0,0.0,0.0,0.0,2,14.5,15.5,1,15.0,15.5,17.0,15.5,18.0,4320.0,120
2023-05-10 23:52:21,ag2312P4150,ag2312P4150,15.5,1.0,232.5,0.0,2,14.5,16.0,1,15.0,15.5,17.0,15.5,19.0,4552.5,120
2023-05-10 23:52:23,ag2312P4150,ag2312P4150,15.5,0.0,0.0,0.0,1,15.5,16.0,1,15.0,15.5,17.0,15.5,19.0,4552.5,120
2023-05-10 23:52:26,ag2312P4150,ag2312P4150,15.5,0.0,0.0,0.0,1,15.5,16.0,2,15.0,15.5,17.0,15.5,19.0,4552.5,120
2023-05-10 23:52:28,ag2312P4150,ag2312P4150,15.5,0.0,0.0,0.0,1,15.5,16.0,2,15.0,15.5,17.0,15.5,19.0,4552.5,120
2023-05-10 23:52:28,ag2312P4150,ag2312P4150,15.5,0.0,0.0,0.0,1,15.5,16.0,3,15.0,15.5,17.0,15.5,19.0,4552.5,120
2023-05-10 23:52:31,ag2312P4150,ag2312P4150,15.5,0.0,0.0,0.0,1,15.5,16.0,3,15.0,15.5,17.0,15.5,19.0,4552.5,120
2023-05-10 23:52:31,ag2312P4150,ag2312P4150,15.5,0.0,0.0,0.0,1,15.5,16.0,2,15.0,15.5,17.0,15.5,19.0,4552.5,120
2023-05-10 23:52:32,ag2312P4150,ag2312P4150,15.5,0.0,0.0,0.0,1,15.5,16.0,2,15.0,15.5,17.0,15.5,19.0,4552.5,120
2023-05-10 23:52:32,ag2312P4150,ag2312P4150,15.5,0.0,0.0,0.0,1,15.5,16.0,2,15.0,15.5,17.0,15.5,19.0,4552.5,120
2023-05-10 23:52:34,ag2312P4150,ag2312P4150,15.5,0.0,0.0,0.0,2,15.0,16.0,2,15.0,15.5,17.0,15.5,19.0,4552.5,120
2023-05-10 23:52:35,ag2312P4150,ag2312P4150,15.5,0.0,0.0,0.0,2,15.0,16.0,2,15.0,15.5,17.0,15.5,19.0,4552.5,120
2023-05-10 23:52:36,ag2312P4150,ag2312P4150,15.5,0.0,0.0,0.0,1,15.0,16.0,1,15.0,15.5,17.0,15.5,19.0,4552.5,120
2023-05-10 23:52:39,ag2312P4150,ag2312P4150,15.5,0.0,0.0,0.0,1,10.0,17.0,1,15.0,15.5,17.0,15.5,19.0,4552.5,120
2023-05-10 23:52:39,ag2312P4150,ag2312P4150,15.5,0.0,0.0,0.0,2,10.5,17.0,1,15.0,15.5,17.0,15.5,19.0,4552.5,120
2023-05-10 23:52:55,ag2312P4150,ag2312P4150,15.5,0.0,0.0,0.0,2,10.5,17.0,1,15.0,15.5,17.0,15.5,19.0,4552.5,120
2023-05-10 23:53:19,ag2312P4150,ag2312P4150,17.0,1.0,255.0,0.0,2,10.5,507.5,1,15.0,15.5,17.0,15.5,20.0,4807.5,120
2023-05-10 23:53:20,ag2312P4150,ag2312P4150,17.0,0.0,0.0,0.0,2,10.5,506.0,1,15.0,15.5,17.0,15.5,20.0,4807.5,120
2023-05-10 23:53:20,ag2312P4150,ag2312P4150,17.0,0.0,0.0,0.0,2,10.5,505.5,1,15.0,15.5,17.0,15.5,20.0,4807.5,120
2023-05-10 23:53:21,ag2312P4150,ag2312P4150,17.0,0.0,0.0,0.0,2,10.5,502.0,1,15.0,15.5,17.0,15.5,20.0,4807.5,120
2023-05-10 23:53:21,ag2312P4150,ag2312P4150,17.0,0.0,0.0,0.0,2,10.5,500.5,1,15.0,15.5,17.0,15.5,20.0,4807.5,120
2023-05-10 23:53:22,ag2312P4150,ag2312P4150,17.0,0.0,0.0,0.0,2,10.5,500.0,3,15.0,15.5,17.0,15.5,20.0,4807.5,120
2023-05-10 23:53:22,ag2312P4150,ag2312P4150,17.0,0.0,0.0,0.0,2,10.5,498.5,1,15.0,15.5,17.0,15.5,20.0,4807.5,120
2023-05-10 23:53:23,ag2312P4150,ag2312P4150,17.0,0.0,0.0,0.0,2,10.5,498.0,1,15.0,15.5,17.0,15.5,20.0,4807.5,120
2023-05-10 23:53:23,ag2312P4150,ag2312P4150,17.0,0.0,0.0,0.0,2,10.5,496.5,1,15.0,15.5,17.0,15.5,20.0,4807.5,120
2023-05-10 23:53:24,ag2312P4150,ag2312P4150,17.0,0.0,0.0,0.0,2,10.5,493.0,1,15.0,15.5,17.0,15.5,20.0,4807.5,120
2023-05-10 23:53:24,ag2312P4150,ag2312P4150,17.0,0.0,0.0,0.0,2,10.5,491.5,1,15.0,15.5,17.0,15.5,20.0,4807.5,120
2023-05-10 23:53:25,ag2312P4150,ag2312P4150,17.0,0.0,0.0,0.0,2,10.5,491.0,1,15.0,15.5,17.0,15.5,20.0,4807.5,120
2023-05-10 23:53:25,ag2312P4150,ag2312P4150,17.0,0.0,0.0,0.0,2,10.5,490.5,2,15.0,15.5,17.0,15.5,20.0,4807.5,120
2023-05-10 23:53:26,ag2312P4150,ag2312P4150,17.0,0.0,0.0,0.0,2,10.5,489.0,1,15.0,15.5,17.0,15.5,20.0,4807.5,120
2023-05-10 23:53:26,ag2312P4150,ag2312P4150,17.0,0.0,0.0,0.0,2,10.5,488.5,1,15.0,15.5,17.0,15.5,20.0,4807.5,120
2023-05-10 23:53:27,ag2312P4150,ag2312P4150,17.0,0.0,0.0,0.0,2,10.5,485.0,1,15.0,15.5,17.0,15.5,20.0,4807.5,120
2023-05-10 23:53:27,ag2312P4150,ag2312P4150,17.0,0.0,0.0,0.0,2,10.5,483.5,1,15.0,15.5,17.0,15.5,20.0,4807.5,120
2023-05-10 23:53:28,ag2312P4150,ag2312P4150,17.0,0.0,0.0,0.0,2,10.5,483.0,3,15.0,15.5,17.0,15.5,20.0,4807.5,120
2023-05-10 23:53:28,ag2312P4150,ag2312P4150,17.0,0.0,0.0,0.0,2,10.5,481.5,1,15.0,15.5,17.0,15.5,20.0,4807.5,120
2023-05-10 23:53:29,ag2312P4150,ag2312P4150,17.0,0.0,0.0,0.0,2,10.5,481.0,1,15.0,15.5,17.0,15.5,20.0,4807.5,120
2023-05-10 23:53:29,ag2312P4150,ag2312P4150,17.0,0.0,0.0,0.0,2,10.5,479.5,1,15.0,15.5,17.0,15.5,20.0,4807.5,120
2023-05-10 23:53:30,ag2312P4150,ag2312P4150,17.0,0.0,0.0,0.0,2,10.5,476.0,1,15.0,15.5,17.0,15.5,20.0,4807.5,120
2023-05-10 23:53:30,ag2312P4150,ag2312P4150,17.0,0.0,0.0,0.0,2,10.5,474.5,1,15.0,15.5,17.0,15.5,20.0,4807.5,120
2023-05-10 23:53:31,ag2312P4150,ag2312P4150,17.0,0.0,0.0,0.0,2,10.5,474.0,1,15.0,15.5,17.0,15.5,20.0,4807.5,120
2023-05-10 23:53:31,ag2312P4150,ag2312P4150,17.0,0.0,0.0,0.0,2,10.5,473.5,2,15.0,15.5,17.0,15.5,20.0,4807.5,120
2023-05-10 23:53:32,ag2312P4150,ag2312P4150,17.0,0.0,0.0,0.0,2,10.5,472.0,1,15.0,15.5,17.0,15.5,20.0,4807.5,120
2023-05-10 23:53:32,ag2312P4150,ag2312P4150,17.0,0.0,0.0,0.0,2,10.5,468.5,1,15.0,15.5,17.0,15.5,20.0,4807.5,120
2023-05-10 23:53:33,ag2312P4150,ag2312P4150,17.0,0.0,0.0,0.0,2,10.5,467.0,1,15.0,15.5,17.0,15.5,20.0,4807.5,120
2023-05-10 23:53:33,ag2312P4150,ag2312P4150,17.0,0.0,0.0,0.0,2,10.5,466.5,1,15.0,15.5,17.0,15.5,20.0,4807.5,120
2023-05-10 23:53:34,ag2312P4150,ag2312P4150,17.0,0.0,0.0,0.0,2,10.5,465.0,1,15.0,15.5,17.0,15.5,20.0,4807.5,120
2023-05-10 23:53:34,ag2312P4150,ag2312P4150,17.0,0.0,0.0,0.0,2,10.5,464.5,1,15.0,15.5,17.0,15.5,20.0,4807.5,120
2023-05-10 23:53:35,ag2312P4150,ag2312P4150,17.0,0.0,0.0,0.0,2,10.5,463.0,1,15.0,15.5,17.0,15.5,20.0,4807.5,120
2023-05-10 23:53:35,ag2312P4150,ag2312P4150,17.0,0.0,0.0,0.0,2,10.5,459.5,1,15.0,15.5,17.0,15.5,20.0,4807.5,120
2023-05-10 23:53:36,ag2312P4150,ag2312P4150,17.0,0.0,0.0,0.0,2,10.5,458.0,1,15.0,15.5,17.0,15.5,20.0,4807.5,120
2023-05-10 23:53:36,ag2312P4150,ag2312P4150,17.0,0.0,0.0,0.0,2,10.5,457.5,1,15.0,15.5,17.0,15.5,20.0,4807.5,120
2023-05-10 23:53:37,ag2312P4150,ag2312P4150,17.0,0.0,0.0,0.0,2,10.5,456.0,1,15.0,15.5,17.0,15.5,20.0,4807.5,120
2023-05-10 23:53:37,ag2312P4150,ag2312P4150,17.0,0.0,0.0,0.0,2,10.5,455.5,1,15.0,15.5,17.0,15.5,20.0,4807.5,120
2023-05-10 23:53:38,ag2312P4150,ag2312P4150,17.0,0.0,0.0,0.0,2,10.5,454.0,1,15.0,15.5,17.0,15.5,20.0,4807.5,120
2023-05-10 23:53:38,ag2312P4150,ag2312P4150,17.0,0.0,0.0,0.0,2,10.5,453.5,1,15.0,15.5,17.0,15.5,20.0,4807.5,120
2023-05-10 23:53:39,ag2312P4150,ag2312P4150,17.0,0.0,0.0,0.0,2,10.5,450.0,1,15.0,15.5,17.0,15.5,20.0,4807.5,120
2023-05-10 23:53:39,ag2312P4150,ag2312P4150,17.0,0.0,0.0,0.0,2,10.5,448.5,1,15.0,15.5,17.0,15.5,20.0,4807.5,120
2023-05-10 23:53:40,ag2312P4150,ag2312P4150,17.0,0.0,0.0,0.0,2,10.5,448.0,3,15.0,15.5,17.0,15.5,20.0,4807.5,120
2023-05-10 23:53:40,ag2312P4150,ag2312P4150,17.0,0.0,0.0,0.0,2,10.5,446.5,1,15.0,15.5,17.0,15.5,20.0,4807.5,120
2023-05-10 23:53:41,ag2312P4150,ag2312P4150,17.0,0.0,0.0,0.0,2,10.5,446.0,1,15.0,15.5,17.0,15.5,20.0,4807.5,120
2023-05-10 23:53:41,ag2312P4150,ag2312P4150,17.0,0.0,0.0,0.0,2,10.5,445.5,2,15.0,15.5,17.0,15.5,20.0,4807.5,120
2023-05-10 23:53:42,ag2312P4150,ag2312P4150,17.0,0.0,0.0,0.0,2,10.5,444.0,1,15.0,15.5,17.0,15.5,20.0,4807.5,120
2023-05-10 23:53:42,ag2312P4150,ag2312P4150,17.0,0.0,0.0,0.0,2,10.5,440.5,1,15.0,15.5,17.0,15.5,20.0,4807.5,120
2023-05-10 23:53:43,ag2312P4150,ag2312P4150,17.0,0.0,0.0,0.0,2,10.5,439.0,1,15.0,15.5,17.0,15.5,20.0,4807.5,120
2023-05-10 23:53:43,ag2312P4150,ag2312P4150,17.0,0.0,0.0,0.0,2,10.5,438.5,1,15.0,15.5,17.0,15.5,20.0,4807.5,120
2023-05-10 23:53:44,ag2312P4150,ag2312P4150,17.0,0.0,0.0,0.0,2,10.5,437.0,1,15.0,15.5,17.0,15.5,20.0,4807.5,120
2023-05-10 23:53:44,ag2312P4150,ag2312P4150,17.0,0.0,0.0,0.0,2,10.5,436.5,1,15.0,15.5,17.0,15.5,20.0,4807.5,120
2023-05-10 23:53:45,ag2312P4150,ag2312P4150,17.0,0.0,0.0,0.0,2,10.5,435.0,1,15.0,15.5,17.0,15.5,20.0,4807.5,120
2023-05-10 23:53:45,ag2312P4150,ag2312P4150,17.0,0.0,0.0,0.0,2,10.5,431.0,1,15.0,15.5,17.0,15.5,20.0,4807.5,120
2023-05-10 23:53:46,ag2312P4150,ag2312P4150,17.0,0.0,0.0,0.0,2,10.5,429.5,1,15.0,15.5,17.0,15.5,20.0,4807.5,120
2023-05-10 23:53:46,ag2312P4150,ag2312P4150,17.0,0.0,0.0,0.0,2,10.5,429.0,1,15.0,15.5,17.0,15.5,20.0,4807.5,120
2023-05-10 23:53:47,ag2312P4150,ag2312P4150,17.0,0.0,0.0,0.0,2,10.5,427.5,1,15.0,15.5,17.0,15.5,20.0,4807.5,120
2023-05-10 23:53:47,ag2312P4150,ag2312P4150,17.0,0.0,0.0,0.0,2,10.5,427.0,1,15.0,15.5,17.0,15.5,20.0,4807.5,120
2023-05-10 23:53:48,ag2312P4150,ag2312P4150,17.0,0.0,0.0,0.0,2,10.5,422.0,1,15.0,15.5,17.0,15.5,20.0,4807.5,120
2023-05-10 23:53:48,ag2312P4150,ag2312P4150,17.0,0.0,0.0,0.0,2,10.5,420.5,1,15.0,15.5,17.0,15.5,20.0,4807.5,120
2023-05-10 23:53:49,ag2312P4150,ag2312P4150,17.0,0.0,0.0,0.0,2,10.5,420.0,3,15.0,15.5,17.0,15.5,20.0,4807.5,120
2023-05-10 23:53:49,ag2312P4150,ag2312P4150,17.0,0.0,0.0,0.0,2,10.5,420.0,3,15.0,15.5,17.0,15.5,20.0,4807.5,120
2023-05-10 23:53:50,ag2312P4150,ag2312P4150,17.0,0.0,0.0,0.0,2,10.5,418.5,1,15.0,15.5,17.0,15.5,20.0,4807.5,120
2023-05-10 23:53:50,ag2312P4150,ag2312P4150,17.0,0.0,0.0,0.0,2,10.5,414.5,1,15.0,15.5,17.0,15.5,20.0,4807.5,120
2023-05-10 23:53:51,ag2312P4150,ag2312P4150,17.0,0.0,0.0,0.0,2,10.5,413.0,1,15.0,15.5,17.0,15.5,20.0,4807.5,120
2023-05-10 23:53:51,ag2312P4150,ag2312P4150,17.0,0.0,0.0,0.0,2,10.5,413.0,1,15.0,15.5,17.0,15.5,20.0,4807.5,120
2023-05-10 23:53:52,ag2312P4150,ag2312P4150,17.0,0.0,0.0,0.0,2,10.5,412.5,2,15.0,15.5,17.0,15.5,20.0,4807.5,120
2023-05-10 23:53:52,ag2312P4150,ag2312P4150,17.0,0.0,0.0,0.0,2,10.5,411.0,1,15.0,15.5,17.0,15.5,20.0,4807.5,120
2023-05-10 23:53:53,ag2312P4150,ag2312P4150,17.0,0.0,0.0,0.0,2,10.5,411.0,1,15.0,15.5,17.0,15.5,20.0,4807.5,120
2023-05-10 23:53:53,ag2312P4150,ag2312P4150,17.0,0.0,0.0,0.0,2,10.5,410.5,2,15.0,15.5,17.0,15.5,20.0,4807.5,120
2023-05-10 23:53:54,ag2312P4150,ag2312P4150,17.0,0.0,0.0,0.0,2,10.5,409.0,1,15.0,15.5,17.0,15.5,20.0,4807.5,120
2023-05-10 23:53:54,ag2312P4150,ag2312P4150,17.0,0.0,0.0,0.0,2,10.5,405.5,1,15.0,15.5,17.0,15.5,20.0,4807.5,120
2023-05-10 23:53:55,ag2312P4150,ag2312P4150,17.0,0.0,0.0,0.0,2,10.5,404.0,1,15.0,15.5,17.0,15.5,20.0,4807.5,120
2023-05-10 23:53:55,ag2312P4150,ag2312P4150,17.0,0.0,0.0,0.0,2,10.5,404.0,1,15.0,15.5,17.0,15.5,20.0,4807.5,120
2023-05-10 23:53:56,ag2312P4150,ag2312P4150,17.0,0.0,0.0,0.0,2,10.5,403.5,2,15.0,15.5,17.0,15.5,20.0,4807.5,120
2023-05-10 23:53:56,ag2312P4150,ag2312P4150,17.0,0.0,0.0,0.0,2,10.5,402.0,1,15.0,15.5,17.0,15.5,20.0,4807.5,120
2023-05-10 23:53:57,ag2312P4150,ag2312P4150,17.0,0.0,0.0,0.0,2,10.5,402.0,1,15.0,15.5,17.0,15.5,20.0,4807.5,120
2023-05-10 23:53:57,ag2312P4150,ag2312P4150,17.0,0.0,0.0,0.0,2,10.5,398.0,1,15.0,15.5,17.0,15.5,20.0,4807.5,120
2023-05-10 23:53:58,ag2312P4150,ag2312P4150,17.0,0.0,0.0,0.0,2,10.5,396.5,1,15.0,15.5,17.0,15.5,20.0,4807.5,120
2023-05-10 23:53:58,ag2312P4150,ag2312P4150,17.0,0.0,0.0,0.0,2,10.5,396.0,2,15.0,15.5,17.0,15.5,20.0,4807.5,120
2023-05-10 23:53:59,ag2312P4150,ag2312P4150,17.0,0.0,0.0,0.0,2,10.5,394.5,1,15.0,15.5,17.0,15.5,20.0,4807.5,120
2023-05-10 23:53:59,ag2312P4150,ag2312P4150,17.0,0.0,0.0,0.0,2,10.5,394.5,1,15.0,15.5,17.0,15.5,20.0,4807.5,120
2023-05-10 23:54:00,ag2312P4150,ag2312P4150,17.0,0.0,0.0,0.0,2,10.5,389.0,1,15.0,15.5,17.0,15.5,20.0,4807.5,120
2023-05-10 23:54:00,ag2312P4150,ag2312P4150,17.0,0.0,0.0,0.0,2,10.5,387.5,1,15.0,15.5,17.0,15.5,20.0,4807.5,120
2023-05-10 23:54:01,ag2312P4150,ag2312P4150,17.0,0.0,0.0,0.0,2,10.5,387.0,2,15.0,15.5,17.0,15.5,20.0,4807.5,120
2023-05-10 23:54:01,ag2312P4150,ag2312P4150,17.0,0.0,0.0,0.0,2,10.5,385.5,1,15.0,15.5,17.0,15.5,20.0,4807.5,120
2023-05-10 23:54:02,ag2312P4150,ag2312P4150,17.0,0.0,0.0,0.0,2,10.5,385.5,1,15.0,15.5,17.0,15.5,20.0,4807.5,120
2023-05-10 23:54:02,ag2312P4150,ag2312P4150,17.0,0.0,0.0,0.0,2,10.5,385.0,2,15.0,15.5,17.0,15.5,20.0,4807.5,120
2023-05-10 23:54:03,ag2312P4150,ag2312P4150,17.0,0.0,0.0,0.0,2,10.5,380.0,1,15.0,15.5,17.0,15.5,20.0,4807.5,120
2023-05-10 23:54:03,ag2312P4150,ag2312P4150,17.0,0.0,0.0,0.0,2,10.5,378.5,1,15.0,15.5,17.0,15.5,20.0,4807.5,120
2023-05-10 23:54:04,ag2312P4150,ag2312P4150,17.0,0.0,0.0,0.0,2,10.5,378.0,2,15.0,15.5,17.0,15.5,20.0,4807.5,120
2023-05-10 23:54:04,ag2312P4150,ag2312P4150,17.0,0.0,0.0,0.0,2,10.5,376.5,1,15.0,15.5,17.0,15.5,20.0,4807.5,120
2023-05-10 23:54:05,ag2312P4150,ag2312P4150,17.0,0.0,0.0,0.0,2,10.5,376.5,1,15.0,15.5,17.0,15.5,20.0,4807.5,120
2023-05-10 23:54:05,ag2312P4150,ag2312P4150,17.0,0.0,0.0,0.0,2,10.5,376.0,2,15.0,15.5,17.0,15.5,20.0,4807.5,120
2023-05-10 23:54:06,ag2312P4150,ag2312P4150,17.0,0.0,0.0,0.0,2,10.5,371.0,1,15.0,15.5,17.0,15.5,20.0,4807.5,120
2023-05-10 23:54:06,ag2312P4150,ag2312P4150,17.0,0.0,0.0,0.0,2,10.5,369.5,1,15.0,15.5,17.0,15.5,20.0,4807.5,120
2023-05-10 23:54:07,ag2312P4150,ag2312P4150,17.0,0.0,0.0,0.0,2,10.5,369.0,2,15.0,15.5,17.0,15.5,20.0,4807.5,120
2023-05-10 23:54:07,ag2312P4150,ag2312P4150,17.0,0.0,0.0,0.0,2,10.5,367.5,1,15.0,15.5,17.0,15.5,20.0,4807.5,120
2023-05-10 23:54:08,ag2312P4150,ag2312P4150,17.0,0.0,0.0,0.0,2,10.5,367.5,1,15.0,15.5,17.0,15.5,20.0,4807.5,120
2023-05-10 23:54:08,ag2312P4150,ag2312P4150,17.0,0.0,0.0,0.0,2,10.5,367.0,2,15.0,15.5,17.0,15.5,20.0,4807.5,120
2023-05-10 23:54:09,ag2312P4150,ag2312P4150,17.0,0.0,0.0,0.0,2,10.5,362.0,1,15.0,15.5,17.0,15.5,20.0,4807.5,120
2023-05-10 23:54:09,ag2312P4150,ag2312P4150,17.0,0.0,0.0,0.0,2,10.5,360.5,1,15.0,15.5,17.0,15.5,20.0,4807.5,120
2023-05-10 23:54:10,ag2312P4150,ag2312P4150,17.0,0.0,0.0,0.0,2,10.5,360.0,2,15.0,15.5,17.0,15.5,20.0,4807.5,120
2023-05-10 23:54:10,ag2312P4150,ag2312P4150,17.0,0.0,0.0,0.0,2,10.5,358.5,1,15.0,15.5,17.0,15.5,20.0,4807.5,120
2023-05-10 23:54:11,ag2312P4150,ag2312P4150,17.0,0.0,0.0,0.0,2,10.5,358.5,1,15.0,15.5,17.0,15.5,20.0,4807.5,120
2023-05-10 23:54:11,ag2312P4150,ag2312P4150,17.0,0.0,0.0,0.0,2,10.5,358.0,2,15.0,15.5,17.0,15.5,20.0,4807.5,120
2023-05-10 23:54:12,ag2312P4150,ag2312P4150,17.0,0.0,0.0,0.0,2,10.5,353.0,1,15.0,15.5,17.0,15.5,20.0,4807.5,120
2023-05-10 23:54:12,ag2312P4150,ag2312P4150,17.0,0.0,0.0,0.0,2,10.5,351.5,1,15.0,15.5,17.0,15.5,20.0,4807.5,120
2023-05-10 23:54:13,ag2312P4150,ag2312P4150,17.0,0.0,0.0,0.0,2,10.5,351.0,2,15.0,15.5,17.0,15.5,20.0,4807.5,120
2023-05-10 23:54:13,ag2312P4150,ag2312P4150,17.0,0.0,0.0,0.0,2,10.5,349.5,1,15.0,15.5,17.0,15.5,20.0,4807.5,120
2023-05-10 23:54:14,ag2312P4150,ag2312P4150,17.0,0.0,0.0,0.0,2,10.5,349.5,1,15.0,15.5,17.0,15.5,20.0,4807.5,120
2023-05-10 23:54:14,ag2312P4150,ag2312P4150,17.0,0.0,0.0,0.0,2,10.5,349.0,2,15.0,15.5,17.0,15.5,20.0,4807.5,120
2023-05-10 23:54:15,ag2312P4150,ag2312P4150,17.0,0.0,0.0,0.0,2,10.5,344.0,1,15.0,15.5,17.0,15.5,20.0,4807.5,120
2023-05-10 23:54:15,ag2312P4150,ag2312P4150,17.0,0.0,0.0,0.0,2,10.5,342.5,1,15.0,15.5,17.0,15.5,20.0,4807.5,120
2023-05-10 23:54:16,ag2312P4150,ag2312P4150,17.0,0.0,0.0,0.0,2,10.5,342.0,2,15.0,15.5,17.0,15.5,20.0,4807.5,120
2023-05-10 23:54:16,ag2312P4150,ag2312P4150,17.0,0.0,0.0,0.0,2,10.5,340.5,1,15.0,15.5,17.0,15.5,20.0,4807.5,120
2023-05-10 23:54:17,ag2312P4150,ag2312P4150,17.0,0.0,0.0,0.0,2,10.5,340.5,1,15.0,15.5,17.0,15.5,20.0,4807.5,120
2023-05-10 23:54:17,ag2312P4150,ag2312P4150,17.0,0.0,0.0,0.0,2,10.5,335.0,1,15.0,15.5,17.0,15.5,20.0,4807.5,120
2023-05-10 23:54:18,ag2312P4150,ag2312P4150,17.0,0.0,0.0,0.0,2,10.5,333.5,1,15.0,15.5,17.0,15.5,20.0,4807.5,120
2023-05-10 23:54:18,ag2312P4150,ag2312P4150,17.0,0.0,0.0,0.0,2,10.5,333.0,2,15.0,15.5,17.0,15.5,20.0,4807.5,120
2023-05-10 23:54:19,ag2312P4150,ag2312P4150,17.0,0.0,0.0,0.0,2,10.5,331.5,1,15.0,15.5,17.0,15.5,20.0,4807.5,120
2023-05-10 23:54:19,ag2312P4150,ag2312P4150,17.0,0.0,0.0,0.0,2,10.5,331.5,1,15.0,15.5,17.0,15.5,20.0,4807.5,120
2023-05-10 23:54:20,ag2312P4150,ag2312P4150,17.0,0.0,0.0,0.0,2,10.5,331.0,3,15.0,15.5,17.0,15.5,20.0,4807.5,120
2023-05-10 23:54:20,ag2312P4150,ag2312P4150,17.0,0.0,0.0,0.0,2,10.5,329.5,1,15.0,15.5,17.0,15.5,20.0,4807.5,120
2023-05-10 23:54:21,ag2312P4150,ag2312P4150,17.0,0.0,0.0,0.0,2,10.5,326.0,1,15.0,15.5,17.0,15.5,20.0,4807.5,120
2023-05-10 23:54:21,ag2312P4150,ag2312P4150,17.0,0.0,0.0,0.0,2,10.5,324.5,1,15.0,15.5,17.0,15.5,20.0,4807.5,120
2023-05-10 23:54:22,ag2312P4150,ag2312P4150,17.0,0.0,0.0,0.0,2,10.5,324.5,1,15.0,15.5,17.0,15.5,20.0,4807.5,120
2023-05-10 23:54:22,ag2312P4150,ag2312P4150,17.0,0.0,0.0,0.0,2,10.5,324.0,2,15.0,15.5,17.0,15.5,20.0,4807.5,120
2023-05-10 23:54:23,ag2312P4150,ag2312P4150,17.0,0.0,0.0,0.0,2,10.5,322.5,1,15.0,15.5,17.0,15.5,20.0,4807.5,120
2023-05-10 23:54:23,ag2312P4150,ag2312P4150,17.0,0.0,0.0,0.0,2,10.5,318.5,1,15.0,15.5,17.0,15.5,20.0,4807.5,120
2023-05-10 23:54:24,ag2312P4150,ag2312P4150,17.0,0.0,0.0,0.0,2,10.5,317.0,1,15.0,15.5,17.0,15.5,20.0,4807.5,120
2023-05-10 23:54:24,ag2312P4150,ag2312P4150,17.0,0.0,0.0,0.0,2,10.5,317.0,1,15.0,15.5,17.0,15.5,20.0,4807.5,120
2023-05-10 23:54:25,ag2312P4150,ag2312P4150,17.0,0.0,0.0,0.0,2,10.5,316.5,2,15.0,15.5,17.0,15.5,20.0,4807.5,120
2023-05-10 23:54:25,ag2312P4150,ag2312P4150,17.0,0.0,0.0,0.0,2,10.5,315.0,1,15.0,15.5,17.0,15.5,20.0,4807.5,120
2023-05-10 23:54:26,ag2312P4150,ag2312P4150,17.0,0.0,0.0,0.0,2,10.5,315.0,1,15.0,15.5,17.0,15.5,20.0,4807.5,120
2023-05-10 23:54:26,ag2312P4150,ag2312P4150,17.0,0.0,0.0,0.0,2,10.5,314.5,2,15.0,15.5,17.0,15.5,20.0,4807.5,120
2023-05-10 23:54:27,ag2312P4150,ag2312P4150,17.0,0.0,0.0,0.0,2,10.5,309.5,1,15.0,15.5,17.0,15.5,20.0,4807.5,120
2023-05-10 23:54:27,ag2312P4150,ag2312P4150,17.0,0.0,0.0,0.0,2,10.5,308.0,1,15.0,15.5,17.0,15.5,20.0,4807.5,120
2023-05-10 23:54:28,ag2312P4150,ag2312P4150,17.0,0.0,0.0,0.0,2,10.5,307.5,2,15.0,15.5,17.0,15.5,20.0,4807.5,120
2023-05-10 23:54:28,ag2312P4150,ag2312P4150,17.0,0.0,0.0,0.0,2,10.5,306.0,1,15.0,15.5,17.0,15.5,20.0,4807.5,120
2023-05-10 23:54:29,ag2312P4150,ag2312P4150,17.0,0.0,0.0,0.0,2,10.5,306.0,1,15.0,15.5,17.0,15.5,20.0,4807.5,120
2023-05-10 23:54:29,ag2312P4150,ag2312P4150,17.0,0.0,0.0,0.0,2,10.5,300.5,1,15.0,15.5,17.0,15.5,20.0,4807.5,120
2023-05-10 23:54:30,ag2312P4150,ag2312P4150,17.0,0.0,0.0,0.0,2,10.5,299.0,1,15.0,15.5,17.0,15.5,20.0,4807.5,120
2023-05-10 23:54:30,ag2312P4150,ag2312P4150,17.0,0.0,0.0,0.0,2,10.5,298.5,2,15.0,15.5,17.0,15.5,20.0,4807.5,120
2023-05-10 23:54:31,ag2312P4150,ag2312P4150,17.0,0.0,0.0,0.0,2,10.5,297.0,1,15.0,15.5,17.0,15.5,20.0,4807.5,120
2023-05-10 23:54:31,ag2312P4150,ag2312P4150,17.0,0.0,0.0,0.0,2,10.5,297.0,1,15.0,15.5,17.0,15.5,20.0,4807.5,120
2023-05-10 23:54:32,ag2312P4150,ag2312P4150,17.0,0.0,0.0,0.0,2,10.5,293.0,1,15.0,15.5,17.0,15.5,20.0,4807.5,120
2023-05-10 23:54:32,ag2312P4150,ag2312P4150,17.0,0.0,0.0,0.0,2,10.5,291.5,1,15.0,15.5,17.0,15.5,20.0,4807.5,120
2023-05-10 23:54:33,ag2312P4150,ag2312P4150,17.0,0.0,0.0,0.0,2,10.5,291.0,2,15.0,15.5,17.0,15.5,20.0,4807.5,120
2023-05-10 23:54:33,ag2312P4150,ag2312P4150,17.0,0.0,0.0,0.0,2,10.5,289.5,1,15.0,15.5,17.0,15.5,20.0,4807.5,120
2023-05-10 23:54:34,ag2312P4150,ag2312P4150,17.0,0.0,0.0,0.0,2,10.5,289.5,1,15.0,15.5,17.0,15.5,20.0,4807.5,120
2023-05-10 23:54:34,ag2312P4150,ag2312P4150,17.0,0.0,0.0,0.0,2,10.5,289.0,2,15.0,15.5,17.0,15.5,20.0,4807.5,120
2023-05-10 23:54:35,ag2312P4150,ag2312P4150,17.0,0.0,0.0,0.0,2,10.5,287.5,1,15.0,15.5,17.0,15.5,20.0,4807.5,120
2023-05-10 23:54:35,ag2312P4150,ag2312P4150,17.0,0.0,0.0,0.0,2,10.5,287.5,1,15.0,15.5,17.0,15.5,20.0,4807.5,120
2023-05-10 23:54:36,ag2312P4150,ag2312P4150,17.0,0.0,0.0,0.0,2,10.5,283.5,1,15.0,15.5,17.0,15.5,20.0,4807.5,120
2023-05-10 23:54:36,ag2312P4150,ag2312P4150,17.0,0.0,0.0,0.0,2,10.5,282.0,1,15.0,15.5,17.0,15.5,20.0,4807.5,120
2023-05-10 23:54:37,ag2312P4150,ag2312P4150,17.0,0.0,0.0,0.0,2,10.5,281.5,2,15.0,15.5,17.0,15.5,20.0,4807.5,120
2023-05-10 23:54:37,ag2312P4150,ag2312P4150,17.0,0.0,0.0,0.0,2,10.5,280.0,1,15.0,15.5,17.0,15.5,20.0,4807.5,120
2023-05-10 23:54:38,ag2312P4150,ag2312P4150,17.0,0.0,0.0,0.0,2,10.5,280.0,1,15.0,15.5,17.0,15.5,20.0,4807.5,120
2023-05-10 23:54:38,ag2312P4150,ag2312P4150,17.0,0.0,0.0,0.0,2,10.5,276.0,1,15.0,15.5,17.0,15.5,20.0,4807.5,120
2023-05-10 23:54:39,ag2312P4150,ag2312P4150,17.0,0.0,0.0,0.0,2,10.5,274.5,1,15.0,15.5,17.0,15.5,20.0,4807.5,120
2023-05-10 23:54:39,ag2312P4150,ag2312P4150,17.0,0.0,0.0,0.0,2,10.5,274.0,2,15.0,15.5,17.0,15.5,20.0,4807.5,120
2023-05-10 23:54:40,ag2312P4150,ag2312P4150,17.0,0.0,0.0,0.0,2,10.5,272.5,1,15.0,15.5,17.0,15.5,20.0,4807.5,120
2023-05-10 23:54:40,ag2312P4150,ag2312P4150,17.0,0.0,0.0,0.0,2,10.5,272.5,1,15.0,15.5,17.0,15.5,20.0,4807.5,120
2023-05-10 23:54:41,ag2312P4150,ag2312P4150,17.0,0.0,0.0,0.0,2,10.5,267.0,1,15.0,15.5,17.0,15.5,20.0,4807.5,120
2023-05-10 23:54:41,ag2312P4150,ag2312P4150,17.0,0.0,0.0,0.0,2,10.5,265.5,1,15.0,15.5,17.0,15.5,20.0,4807.5,120
2023-05-10 23:54:42,ag2312P4150,ag2312P4150,17.0,0.0,0.0,0.0,2,10.5,265.0,2,15.0,15.5,17.0,15.5,20.0,4807.5,120
2023-05-10 23:54:42,ag2312P4150,ag2312P4150,17.0,0.0,0.0,0.0,2,10.5,263.5,1,15.0,15.5,17.0,15.5,20.0,4807.5,120
2023-05-10 23:54:43,ag2312P4150,ag2312P4150,17.0,0.0,0.0,0.0,2,10.5,263.5,1,15.0,15.5,17.0,15.5,20.0,4807.5,120
2023-05-10 23:54:43,ag2312P4150,ag2312P4150,17.0,0.0,0.0,0.0,2,10.5,263.0,2,15.0,15.5,17.0,15.5,20.0,4807.5,120
2023-05-10 23:54:44,ag2312P4150,ag2312P4150,17.0,0.0,0.0,0.0,2,10.5,258.0,1,15.0,15.5,17.0,15.5,20.0,4807.5,120
2023-05-10 23:54:44,ag2312P4150,ag2312P4150,17.0,0.0,0.0,0.0,2,10.5,256.5,1,15.0,15.5,17.0,15.5,20.0,4807.5,120
2023-05-10 23:54:45,ag2312P4150,ag2312P4150,17.0,0.0,0.0,0.0,2,10.5,256.0,2,15.0,15.5,17.0,15.5,20.0,4807.5,120
2023-05-10 23:54:45,ag2312P4150,ag2312P4150,17.0,0.0,0.0,0.0,2,10.5,254.5,1,15.0,15.5,17.0,15.5,20.0,4807.5,120
2023-05-10 23:54:46,ag2312P4150,ag2312P4150,17.0,0.0,0.0,0.0,2,10.5,254.5,1,15.0,15.5,17.0,15.5,20.0,4807.5,120
2023-05-10 23:54:46,ag2312P4150,ag2312P4150,17.0,0.0,0.0,0.0,2,10.5,254.0,2,15.0,15.5,17.0,15.5,20.0,4807.5,120
2023-05-10 23:54:47,ag2312P4150,ag2312P4150,17.0,0.0,0.0,0.0,2,10.5,249.0,1,15.0,15.5,17.0,15.5,20.0,4807.5,120
2023-05-10 23:54:47,ag2312P4150,ag2312P4150,17.0,0.0,0.0,0.0,2,10.5,247.5,1,15.0,15.5,17.0,15.5,20.0,4807.5,120
2023-05-10 23:54:48,ag2312P4150,ag2312P4150,17.0,0.0,0.0,0.0,2,10.5,247.0,2,15.0,15.5,17.0,15.5,20.0,4807.5,120
2023-05-10 23:54:48,ag2312P4150,ag2312P4150,17.0,0.0,0.0,0.0,2,10.5,245.5,1,15.0,15.5,17.0,15.5,20.0,4807.5,120
2023-05-10 23:54:49,ag2312P4150,ag2312P4150,17.0,0.0,0.0,0.0,2,10.5,245.5,1,15.0,15.5,17.0,15.5,20.0,4807.5,120
2023-05-10 23:54:49,ag2312P4150,ag2312P4150,17.0,0.0,0.0,0.0,2,10.5,245.0,2,15.0,15.5,17.0,15.5,20.0,4807.5,120
2023-05-10 23:54:50,ag2312P4150,ag2312P4150,17.0,0.0,0.0,0.0,2,10.5,243.5,1,15.0,15.5,17.0,15.5,20.0,4807.5,120
2023-05-10 23:54:50,ag2312P4150,ag2312P4150,17.0,0.0,0.0,0.0,2,10.5,243.5,1,15.0,15.5,17.0,15.5,20.0,4807.5,120
2023-05-10 23:54:51,ag2312P4150,ag2312P4150,17.0,0.0,0.0,0.0,2,10.5,238.0,1,15.0,15.5,17.0,15.5,20.0,4807.5,120
2023-05-10 23:54:51,ag2312P4150,ag2312P4150,17.0,0.0,0.0,0.0,2,10.5,236.5,1,15.0,15.5,17.0,15.5,20.0,4807.5,120
2023-05-10 23:54:52,ag2312P4150,ag2312P4150,17.0,0.0,0.0,0.0,2,10.5,236.0,2,15.0,15.5,17.0,15.5,20.0,4807.5,120
2023-05-10 23:54:52,ag2312P4150,ag2312P4150,17.0,0.0,0.0,0.0,2,10.5,234.5,1,15.0,15.5,17.0,15.5,20.0,4807.5,120
2023-05-10 23:54:53,ag2312P4150,ag2312P4150,17.0,0.0,0.0,0.0,2,10.5,234.5,1,15.0,15.5,17.0,15.5,20.0,4807.5,120
2023-05-10 23:54:53,ag2312P4150,ag2312P4150,17.0,0.0,0.0,0.0,2,10.5,230.5,1,15.0,15.5,17.0,15.5,20.0,4807.5,120
2023-05-10 23:54:54,ag2312P4150,ag2312P4150,17.0,0.0,0.0,0.0,2,10.5,229.0,1,15.0,15.5,17.0,15.5,20.0,4807.5,120
2023-05-10 23:54:54,ag2312P4150,ag2312P4150,17.0,0.0,0.0,0.0,2,10.5,228.5,2,15.0,15.5,17.0,15.5,20.0,4807.5,120
2023-05-10 23:54:55,ag2312P4150,ag2312P4150,17.0,0.0,0.0,0.0,2,10.5,227.0,1,15.0,15.5,17.0,15.5,20.0,4807.5,120
2023-05-10 23:54:55,ag2312P4150,ag2312P4150,17.0,0.0,0.0,0.0,2,10.5,227.0,1,15.0,15.5,17.0,15.5,20.0,4807.5,120
2023-05-10 23:54:56,ag2312P4150,ag2312P4150,17.0,0.0,0.0,0.0,2,10.5,223.0,1,15.0,15.5,17.0,15.5,20.0,4807.5,120
2023-05-10 23:54:56,ag2312P4150,ag2312P4150,17.0,0.0,0.0,0.0,2,10.5,221.5,1,15.0,15.5,17.0,15.5,20.0,4807.5,120
2023-05-10 23:54:57,ag2312P4150,ag2312P4150,17.0,0.0,0.0,0.0,2,10.5,221.0,2,15.0,15.5,17.0,15.5,20.0,4807.5,120
2023-05-10 23:54:57,ag2312P4150,ag2312P4150,17.0,0.0,0.0,0.0,2,10.5,219.5,1,15.0,15.5,17.0,15.5,20.0,4807.5,120
2023-05-10 23:54:58,ag2312P4150,ag2312P4150,17.0,0.0,0.0,0.0,2,10.5,219.5,1,15.0,15.5,17.0,15.5,20.0,4807.5,120
2023-05-10 23:54:58,ag2312P4150,ag2312P4150,17.0,0.0,0.0,0.0,2,10.5,215.5,1,15.0,15.5,17.0,15.5,20.0,4807.5,120
2023-05-10 23:54:59,ag2312P4150,ag2312P4150,17.0,0.0,0.0,0.0,2,10.5,214.0,1,15.0,15.5,17.0,15.5,20.0,4807.5,120
2023-05-10 23:54:59,ag2312P4150,ag2312P4150,17.0,0.0,0.0,0.0,2,10.5,213.5,2,15.0,15.5,17.0,15.5,20.0,4807.5,120
2023-05-10 23:55:00,ag2312P4150,ag2312P4150,17.0,0.0,0.0,0.0,2,10.5,212.0,1,15.0,15.5,17.0,15.5,20.0,4807.5,120
2023-05-10 23:55:00,ag2312P4150,ag2312P4150,17.0,0.0,0.0,0.0,2,10.5,212.0,1,15.0,15.5,17.0,15.5,20.0,4807.5,120
2023-05-10 23:55:01,ag2312P4150,ag2312P4150,17.0,0.0,0.0,0.0,2,10.5,211.5,2,15.0,15.5,17.0,15.5,20.0,4807.5,120
2023-05-10 23:55:01,ag2312P4150,ag2312P4150,17.0,0.0,0.0,0.0,2,10.5,206.5,1,15.0,15.5,17.0,15.5,20.0,4807.5,120
2023-05-10 23:55:02,ag2312P4150,ag2312P4150,17.0,0.0,0.0,0.0,2,10.5,205.0,1,15.0,15.5,17.0,15.5,20.0,4807.5,120
2023-05-10 23:55:02,ag2312P4150,ag2312P4150,17.0,0.0,0.0,0.0,2,10.5,204.5,2,15.0,15.5,17.0,15.5,20.0,4807.5,120
2023-05-10 23:55:03,ag2312P4150,ag2312P4150,17.0,0.0,0.0,0.0,2,10.5,203.0,1,15.0,15.5,17.0,15.5,20.0,4807.5,120
2023-05-10 23:55:03,ag2312P4150,ag2312P4150,17.0,0.0,0.0,0.0,2,10.5,203.0,1,15.0,15.5,17.0,15.5,20.0,4807.5,120
2023-05-10 23:55:04,ag2312P4150,ag2312P4150,17.0,0.0,0.0,0.0,2,10.5,199.0,1,15.0,15.5,17.0,15.5,20.0,4807.5,120
2023-05-10 23:55:04,ag2312P4150,ag2312P4150,17.0,0.0,0.0,0.0,2,10.5,197.5,1,15.0,15.5,17.0,15.5,20.0,4807.5,120
2023-05-10 23:55:05,ag2312P4150,ag2312P4150,17.0,0.0,0.0,0.0,2,10.5,197.0,2,15.0,15.5,17.0,15.5,20.0,4807.5,120
2023-05-10 23:55:05,ag2312P4150,ag2312P4150,17.0,0.0,0.0,0.0,2,10.5,195.5,1,15.0,15.5,17.0,15.5,20.0,4807.5,120
2023-05-10 23:55:06,ag2312P4150,ag2312P4150,17.0,0.0,0.0,0.0,2,10.5,195.5,1,15.0,15.5,17.0,15.5,20.0,4807.5,120
2023-05-10 23:55:06,ag2312P4150,ag2312P4150,17.0,0.0,0.0,0.0,2,10.5,195.0,2,15.0,15.5,17.0,15.5,20.0,4807.5,120
2023-05-10 23:55:07,ag2312P4150,ag2312P4150,17.0,0.0,0.0,0.0,2,10.5,193.5,1,15.0,15.5,17.0,15.5,20.0,4807.5,120
2023-05-10 23:55:07,ag2312P4150,ag2312P4150,17.0,0.0,0.0,0.0,2,10.5,193.5,1,15.0,15.5,17.0,15.5,20.0,4807.5,120
2023-05-10 23:55:08,ag2312P4150,ag2312P4150,17.0,0.0,0.0,0.0,2,10.5,189.5,1,15.0,15.5,17.0,15.5,20.0,4807.5,120
2023-05-10 23:55:08,ag2312P4150,ag2312P4150,17.0,0.0,0.0,0.0,2,10.5,188.0,1,15.0,15.5,17.0,15.5,20.0,4807.5,120
2023-05-10 23:55:09,ag2312P4150,ag2312P4150,17.0,0.0,0.0,0.0,2,10.5,187.5,2,15.0,15.5,17.0,15.5,20.0,4807.5,120
2023-05-10 23:55:09,ag2312P4150,ag2312P4150,17.0,0.0,0.0,0.0,2,10.5,186.0,1,15.0,15.5,17.0,15.5,20.0,4807.5,120
2023-05-10 23:55:10,ag2312P4150,ag2312P4150,17.0,0.0,0.0,0.0,2,10.5,186.0,1,15.0,15.5,17.0,15.5,20.0,4807.5,120
2023-05-10 23:55:10,ag2312P4150,ag2312P4150,17.0,0.0,0.0,0.0,2,10.5,185.5,2,15.0,15.5,17.0,15.5,20.0,4807.5,120
2023-05-10 23:55:11,ag2312P4150,ag2312P4150,17.0,0.0,0.0,0.0,2,10.5,184.0,1,15.0,15.5,17.0,15.5,20.0,4807.5,120
2023-05-10 23:55:11,ag2312P4150,ag2312P4150,17.0,0.0,0.0,0.0,2,10.5,180.0,1,15.0,15.5,17.0,15.5,20.0,4807.5,120
2023-05-10 23:55:12,ag2312P4150,ag2312P4150,17.0,0.0,0.0,0.0,2,10.5,178.5,1,15.0,15.5,17.0,15.5,20.0,4807.5,120
2023-05-10 23:55:12,ag2312P4150,ag2312P4150,17.0,0.0,0.0,0.0,2,10.5,178.5,1,15.0,15.5,17.0,15.5,20.0,4807.5,120
2023-05-10 23:55:13,ag2312P4150,ag2312P4150,17.0,0.0,0.0,0.0,2,10.5,178.0,2,15.0,15.5,17.0,15.5,20.0,4807.5,120
2023-05-10 23:55:13,ag2312P4150,ag2312P4150,17.0,0.0,0.0,0.0,2,10.5,176.5,1,15.0,15.5,17.0,15.5,20.0,4807.5,120
2023-05-10 23:55:14,ag2312P4150,ag2312P4150,17.0,0.0,0.0,0.0,2,10.5,173.0,1,15.0,15.5,17.0,15.5,20.0,4807.5,120
2023-05-10 23:55:14,ag2312P4150,ag2312P4150,17.0,0.0,0.0,0.0,2,10.5,171.5,1,15.0,15.5,17.0,15.5,20.0,4807.5,120
2023-05-10 23:55:15,ag2312P4150,ag2312P4150,17.0,0.0,0.0,0.0,2,10.5,171.5,1,15.0,15.5,17.0,15.5,20.0,4807.5,120
2023-05-10 23:55:15,ag2312P4150,ag2312P4150,17.0,0.0,0.0,0.0,2,10.5,171.0,2,15.0,15.5,17.0,15.5,20.0,4807.5,120
2023-05-10 23:55:16,ag2312P4150,ag2312P4150,17.0,0.0,0.0,0.0,2,10.5,169.5,1,15.0,15.5,17.0,15.5,20.0,4807.5,120
2023-05-10 23:55:16,ag2312P4150,ag2312P4150,17.0,0.0,0.0,0.0,2,10.5,165.5,1,15.0,15.5,17.0,15.5,20.0,4807.5,120
2023-05-10 23:55:17,ag2312P4150,ag2312P4150,17.0,0.0,0.0,0.0,2,10.5,164.0,1,15.0,15.5,17.0,15.5,20.0,4807.5,120
2023-05-10 23:55:17,ag2312P4150,ag2312P4150,17.0,0.0,0.0,0.0,2,10.5,164.0,1,15.0,15.5,17.0,15.5,20.0,4807.5,120
2023-05-10 23:55:18,ag2312P4150,ag2312P4150,17.0,0.0,0.0,0.0,2,10.5,163.5,2,15.0,15.5,17.0,15.5,20.0,4807.5,120
2023-05-10 23:55:18,ag2312P4150,ag2312P4150,17.0,0.0,0.0,0.0,2,10.5,162.0,1,15.0,15.5,17.0,15.5,20.0,4807.5,120
2023-05-10 23:55:19,ag2312P4150,ag2312P4150,17.0,0.0,0.0,0.0,2,10.5,162.0,1,15.0,15.5,17.0,15.5,20.0,4807.5,120
2023-05-10 23:55:19,ag2312P4150,ag2312P4150,17.0,0.0,0.0,0.0,2,10.5,156.5,1,15.0,15.5,17.0,15.5,20.0,4807.5,120
2023-05-10 23:55:20,ag2312P4150,ag2312P4150,17.0,0.0,0.0,0.0,2,10.5,155.0,1,15.0,15.5,17.0,15.5,20.0,4807.5,120
2023-05-10 23:55:20,ag2312P4150,ag2312P4150,17.0,0.0,0.0,0.0,2,10.5,154.5,2,15.0,15.5,17.0,15.5,20.0,4807.5,120
2023-05-10 23:55:21,ag2312P4150,ag2312P4150,17.0,0.0,0.0,0.0,2,10.5,153.0,1,15.0,15.5,17.0,15.5,20.0,4807.5,120
2023-05-10 23:55:21,ag2312P4150,ag2312P4150,17.0,0.0,0.0,0.0,2,10.5,153.0,1,15.0,15.5,17.0,15.5,20.0,4807.5,120
2023-05-10 23:55:22,ag2312P4150,ag2312P4150,17.0,0.0,0.0,0.0,2,10.5,147.5,1,15.0,15.5,17.0,15.5,20.0,4807.5,120
2023-05-10 23:55:22,ag2312P4150,ag2312P4150,17.0,0.0,0.0,0.0,2,10.5,146.0,1,15.0,15.5,17.0,15.5,20.0,4807.5,120
2023-05-10 23:55:23,ag2312P4150,ag2312P4150,17.0,0.0,0.0,0.0,2,10.5,145.5,2,15.0,15.5,17.0,15.5,20.0,4807.5,120
2023-05-10 23:55:23,ag2312P4150,ag2312P4150,17.0,0.0,0.0,0.0,2,10.5,144.0,1,15.0,15.5,17.0,15.5,20.0,4807.5,120
2023-05-10 23:55:24,ag2312P4150,ag2312P4150,17.0,0.0,0.0,0.0,2,10.5,144.0,1,15.0,15.5,17.0,15.5,20.0,4807.5,120
2023-05-10 23:55:24,ag2312P4150,ag2312P4150,17.0,0.0,0.0,0.0,2,10.5,143.5,2,15.0,15.5,17.0,15.5,20.0,4807.5,120
2023-05-10 23:55:25,ag2312P4150,ag2312P4150,17.0,0.0,0.0,0.0,2,10.5,142.0,1,15.0,15.5,17.0,15.5,20.0,4807.5,120
2023-05-10 23:55:25,ag2312P4150,ag2312P4150,17.0,0.0,0.0,0.0,2,10.5,142.0,1,15.0,15.5,17.0,15.5,20.0,4807.5,120
2023-05-10 23:55:26,ag2312P4150,ag2312P4150,17.0,0.0,0.0,0.0,2,10.5,138.0,1,15.0,15.5,17.0,15.5,20.0,4807.5,120
2023-05-10 23:55:26,ag2312P4150,ag2312P4150,17.0,0.0,0.0,0.0,2,10.5,136.5,1,15.0,15.5,17.0,15.5,20.0,4807.5,120
2023-05-10 23:55:27,ag2312P4150,ag2312P4150,17.0,0.0,0.0,0.0,2,10.5,136.0,2,15.0,15.5,17.0,15.5,20.0,4807.5,120
2023-05-10 23:55:27,ag2312P4150,ag2312P4150,17.0,0.0,0.0,0.0,2,10.5,134.5,1,15.0,15.5,17.0,15.5,20.0,4807.5,120
2023-05-10 23:55:28,ag2312P4150,ag2312P4150,17.0,0.0,0.0,0.0,2,10.5,134.5,1,15.0,15.5,17.0,15.5,20.0,4807.5,120
2023-05-10 23:55:28,ag2312P4150,ag2312P4150,17.0,0.0,0.0,0.0,2,10.5,129.0,1,15.0,15.5,17.0,15.5,20.0,4807.5,120
2023-05-10 23:55:29,ag2312P4150,ag2312P4150,17.0,0.0,0.0,0.0,2,10.5,127.5,1,15.0,15.5,17.0,15.5,20.0,4807.5,120
2023-05-10 23:55:29,ag2312P4150,ag2312P4150,17.0,0.0,0.0,0.0,2,10.5,127.0,2,15.0,15.5,17.0,15.5,20.0,4807.5,120
2023-05-10 23:55:30,ag2312P4150,ag2312P4150,17.0,0.0,0.0,0.0,2,10.5,125.5,1,15.0,15.5,17.0,15.5,20.0,4807.5,120
2023-05-10 23:55:30,ag2312P4150,ag2312P4150,17.0,0.0,0.0,0.0,2,10.5,125.5,1,15.0,15.5,17.0,15.5,20.0,4807.5,120
2023-05-10 23:55:31,ag2312P4150,ag2312P4150,17.0,0.0,0.0,0.0,1,15.5,120.0,1,15.0,15.5,17.0,15.5,20.0,4807.5,120
2023-05-10 23:55:31,ag2312P4150,ag2312P4150,17.0,0.0,0.0,0.0,1,15.5,118.5,1,15.0,15.5,17.0,15.5,20.0,4807.5,120
2023-05-10 23:55:32,ag2312P4150,ag2312P4150,17.0,0.0,0.0,0.0,1,15.5,118.0,2,15.0,15.5,17.0,15.5,20.0,4807.5,120
2023-05-10 23:55:32,ag2312P4150,ag2312P4150,17.0,0.0,0.0,0.0,1,15.5,116.5,1,15.0,15.5,17.0,15.5,20.0,4807.5,120
2023-05-10 23:55:33,ag2312P4150,ag2312P4150,17.0,0.0,0.0,0.0,1,15.5,116.5,1,15.0,15.5,17.0,15.5,20.0,4807.5,120
2023-05-10 23:55:33,ag2312P4150,ag2312P4150,17.0,0.0,0.0,0.0,1,15.5,112.5,1,15.0,15.5,17.0,15.5,20.0,4807.5,120
2023-05-10 23:55:34,ag2312P4150,ag2312P4150,17.0,0.0,0.0,0.0,1,15.5,111.0,1,15.0,15.5,17.0,15.5,20.0,4807.5,120
2023-05-10 23:55:34,ag2312P4150,ag2312P4150,17.0,0.0,0.0,0.0,1,15.5,110.5,2,15.0,15.5,17.0,15.5,20.0,4807.5,120
2023-05-10 23:55:35,ag2312P4150,ag2312P4150,17.0,0.0,0.0,0.0,1,15.5,109.0,1,15.0,15.5,17.0,15.5,20.0,4807.5,120
2023-05-10 23:55:35,ag2312P4150,ag2312P4150,17.0,0.0,0.0,0.0,1,15.5,109.0,1,15.0,15.5,17.0,15.5,20.0,4807.5,120
2023-05-10 23:55:36,ag2312P4150,ag2312P4150,17.0,0.0,0.0,0.0,1,15.5,108.5,2,15.0,15.5,17.0,15.5,20.0,4807.5,120
2023-05-10 23:55:36,ag2312P4150,ag2312P4150,17.0,0.0,0.0,0.0,1,15.5,103.5,1,15.0,15.5,17.0,15.5,20.0,4807.5,120
2023-05-10 23:55:37,ag2312P4150,ag2312P4150,15.5,1.0,232.5,1.0,1,10.0,102.0,1,15.0,15.5,17.0,15.5,21.0,5040.0,121
2023-05-10 23:55:37,ag2312P4150,ag2312P4150,15.5,0.0,0.0,0.0,2,10.5,101.5,3,15.0,15.5,17.0,15.5,21.0,5040.0,121
2023-05-10 23:55:38,ag2312P4150,ag2312P4150,15.5,0.0,0.0,0.0,2,10.5,100.0,1,15.0,15.5,17.0,15.5,21.0,5040.0,121
2023-05-10 23:55:38,ag2312P4150,ag2312P4150,15.5,0.0,0.0,0.0,1,15.5,16.5,1,15.0,15.5,17.0,15.5,21.0,5040.0,121
2023-05-10 23:55:39,ag2312P4150,ag2312P4150,15.5,0.0,0.0,0.0,1,15.5,16.5,1,15.0,15.5,17.0,15.5,21.0,5040.0,121
2023-05-10 23:55:40,ag2312P4150,ag2312P4150,15.5,0.0,0.0,0.0,2,15.5,16.5,2,15.0,15.5,17.0,15.5,21.0,5040.0,121
2023-05-10 23:55:40,ag2312P4150,ag2312P4150,15.5,0.0,0.0,0.0,2,15.5,16.5,2,15.0,15.5,17.0,15.5,21.0,5040.0,121
2023-05-10 23:55:41,ag2312P4150,ag2312P4150,15.5,1.0,232.5,0.0,1,15.5,16.5,2,15.0,15.5,17.0,15.5,22.0,5272.5,121
2023-05-10 23:55:42,ag2312P4150,ag2312P4150,15.5,0.0,0.0,0.0,1,15.5,16.5,3,15.0,15.5,17.0,15.5,22.0,5272.5,121
2023-05-10 23:55:43,ag2312P4150,ag2312P4150,15.5,0.0,0.0,0.0,1,15.5,16.0,1,15.0,15.5,17.0,15.5,22.0,5272.5,121
2023-05-10 23:55:45,ag2312P4150,ag2312P4150,15.5,0.0,0.0,0.0,1,15.5,16.0,2,15.0,15.5,17.0,15.5,22.0,5272.5,121
2023-05-10 23:55:48,ag2312P4150,ag2312P4150,15.5,0.0,0.0,0.0,1,15.5,16.0,2,15.0,15.5,17.0,15.5,22.0,5272.5,121
2023-05-10 23:55:49,ag2312P4150,ag2312P4150,15.5,0.0,0.0,0.0,1,15.5,16.0,2,15.0,15.5,17.0,15.5,22.0,5272.5,121
2023-05-10 23:55:51,ag2312P4150,ag2312P4150,15.5,0.0,0.0,0.0,2,15.0,16.0,2,15.0,15.5,17.0,15.5,22.0,5272.5,121
2023-05-10 23:55:52,ag2312P4150,ag2312P4150,15.5,0.0,0.0,0.0,2,15.0,16.0,2,15.0,15.5,17.0,15.5,22.0,5272.5,121
2023-05-10 23:55:53,ag2312P4150,ag2312P4150,15.5,0.0,0.0,0.0,1,15.0,16.0,1,15.0,15.5,17.0,15.5,22.0,5272.5,121
2023-05-10 23:55:56,ag2312P4150,ag2312P4150,15.5,0.0,0.0,0.0,1,14.5,16.5,1,15.0,15.5,17.0,15.5,22.0,5272.5,121
2023-05-10 23:55:56,ag2312P4150,ag2312P4150,15.5,0.0,0.0,0.0,1,10.0,17.0,1,15.0,15.5,17.0,15.5,22.0,5272.5,121
2023-05-10 23:55:57,ag2312P4150,ag2312P4150,15.5,0.0,0.0,0.0,2,10.5,17.0,1,15.0,15.5,17.0,15.5,22.0,5272.5,121
2023-05-11 00:04:29,ag2312P4150,ag2312P4150,15.5,0.0,0.0,0.0,1,10.0,17.0,1,15.0,15.5,17.0,15.5,22.0,5272.5,121
2023-05-11 00:23:03,ag2312P4150,ag2312P4150,15.5,0.0,0.0,0.0,1,10.0,99.5,1,15.0,15.5,17.0,15.5,22.0,5272.5,121
2023-05-11 00:23:03,ag2312P4150,ag2312P4150,15.5,0.0,0.0,0.0,1,10.0,98.0,1,15.0,15.5,17.0,15.5,22.0,5272.5,121
2023-05-11 00:23:04,ag2312P4150,ag2312P4150,15.5,0.0,0.0,0.0,1,10.0,94.0,1,15.0,15.5,17.0,15.5,22.0,5272.5,121
2023-05-11 00:23:04,ag2312P4150,ag2312P4150,15.5,0.0,0.0,0.0,1,10.0,92.5,1,15.0,15.5,17.0,15.5,22.0,5272.5,121
2023-05-11 00:23:05,ag2312P4150,ag2312P4150,15.5,0.0,0.0,0.0,1,10.0,92.5,1,15.0,15.5,17.0,15.5,22.0,5272.5,121
2023-05-11 00:23:05,ag2312P4150,ag2312P4150,15.5,0.0,0.0,0.0,1,10.0,92.0,2,15.0,15.5,17.0,15.5,22.0,5272.5,121
2023-05-11 00:23:06,ag2312P4150,ag2312P4150,15.5,0.0,0.0,0.0,1,10.0,90.5,1,15.0,15.5,17.0,15.5,22.0,5272.5,121
2023-05-11 00:23:06,ag2312P4150,ag2312P4150,15.5,0.0,0.0,0.0,1,10.0,90.5,1,15.0,15.5,17.0,15.5,22.0,5272.5,121
2023-05-11 00:23:07,ag2312P4150,ag2312P4150,15.5,0.0,0.0,0.0,1,10.0,85.0,1,15.0,15.5,17.0,15.5,22.0,5272.5,121
2023-05-11 00:23:07,ag2312P4150,ag2312P4150,15.5,0.0,0.0,0.0,1,10.0,83.5,1,15.0,15.5,17.0,15.5,22.0,5272.5,121
2023-05-11 00:23:08,ag2312P4150,ag2312P4150,15.5,0.0,0.0,0.0,1,10.0,83.5,1,15.0,15.5,17.0,15.5,22.0,5272.5,121
2023-05-11 00:23:08,ag2312P4150,ag2312P4150,15.5,0.0,0.0,0.0,1,10.0,83.0,2,15.0,15.5,17.0,15.5,22.0,5272.5,121
2023-05-11 00:23:09,ag2312P4150,ag2312P4150,15.5,0.0,0.0,0.0,1,10.0,81.5,1,15.0,15.5,17.0,15.5,22.0,5272.5,121
2023-05-11 00:23:09,ag2312P4150,ag2312P4150,15.5,0.0,0.0,0.0,1,10.0,77.5,1,15.0,15.5,17.0,15.5,22.0,5272.5,121
2023-05-11 00:23:10,ag2312P4150,ag2312P4150,15.5,0.0,0.0,0.0,1,10.0,76.0,1,15.0,15.5,17.0,15.5,22.0,5272.5,121
2023-05-11 00:23:10,ag2312P4150,ag2312P4150,15.5,0.0,0.0,0.0,1,10.0,76.0,1,15.0,15.5,17.0,15.5,22.0,5272.5,121
2023-05-11 00:23:11,ag2312P4150,ag2312P4150,15.5,0.0,0.0,0.0,1,10.0,75.5,2,15.0,15.5,17.0,15.5,22.0,5272.5,121
2023-05-11 00:23:11,ag2312P4150,ag2312P4150,15.5,0.0,0.0,0.0,1,10.0,75.5,2,15.0,15.5,17.0,15.5,22.0,5272.5,121
2023-05-11 00:23:12,ag2312P4150,ag2312P4150,15.5,0.0,0.0,0.0,1,10.0,70.0,1,15.0,15.5,17.0,15.5,22.0,5272.5,121
2023-05-11 00:23:13,ag2312P4150,ag2312P4150,15.5,0.0,0.0,0.0,1,10.0,70.0,1,15.0,15.5,17.0,15.5,22.0,5272.5,121
2023-05-11 00:23:13,ag2312P4150,ag2312P4150,15.5,0.0,0.0,0.0,1,10.0,69.5,2,15.0,15.5,17.0,15.5,22.0,5272.5,121
2023-05-11 00:23:14,ag2312P4150,ag2312P4150,15.5,0.0,0.0,0.0,1,10.0,69.5,2,15.0,15.5,17.0,15.5,22.0,5272.5,121
2023-05-11 00:23:15,ag2312P4150,ag2312P4150,15.5,0.0,0.0,0.0,1,10.0,64.0,1,15.0,15.5,17.0,15.5,22.0,5272.5,121
2023-05-11 00:23:16,ag2312P4150,ag2312P4150,15.5,0.0,0.0,0.0,1,10.0,64.0,1,15.0,15.5,17.0,15.5,22.0,5272.5,121
2023-05-11 00:23:16,ag2312P4150,ag2312P4150,15.5,0.0,0.0,0.0,1,10.0,63.5,2,15.0,15.5,17.0,15.5,22.0,5272.5,121
2023-05-11 00:23:17,ag2312P4150,ag2312P4150,15.5,0.0,0.0,0.0,1,10.0,63.5,2,15.0,15.5,17.0,15.5,22.0,5272.5,121
2023-05-11 00:23:18,ag2312P4150,ag2312P4150,15.5,0.0,0.0,0.0,1,10.0,58.0,1,15.0,15.5,17.0,15.5,22.0,5272.5,121
2023-05-11 00:23:18,ag2312P4150,ag2312P4150,15.5,0.0,0.0,0.0,1,10.0,58.0,1,15.0,15.5,17.0,15.5,22.0,5272.5,121
2023-05-11 00:23:19,ag2312P4150,ag2312P4150,15.5,0.0,0.0,0.0,1,10.0,57.5,2,15.0,15.5,17.0,15.5,22.0,5272.5,121
2023-05-11 00:23:20,ag2312P4150,ag2312P4150,15.5,0.0,0.0,0.0,1,10.0,57.5,2,15.0,15.5,17.0,15.5,22.0,5272.5,121
2023-05-11 00:23:21,ag2312P4150,ag2312P4150,15.5,0.0,0.0,0.0,1,10.0,52.0,1,15.0,15.5,17.0,15.5,22.0,5272.5,121
2023-05-11 00:23:21,ag2312P4150,ag2312P4150,15.5,0.0,0.0,0.0,1,10.0,52.0,1,15.0,15.5,17.0,15.5,22.0,5272.5,121
2023-05-11 00:23:22,ag2312P4150,ag2312P4150,15.5,0.0,0.0,0.0,1,10.0,51.5,2,15.0,15.5,17.0,15.5,22.0,5272.5,121
2023-05-11 00:23:23,ag2312P4150,ag2312P4150,15.5,0.0,0.0,0.0,1,10.0,51.5,2,15.0,15.5,17.0,15.5,22.0,5272.5,121
2023-05-11 00:23:24,ag2312P4150,ag2312P4150,15.5,0.0,0.0,0.0,1,10.0,46.0,1,15.0,15.5,17.0,15.5,22.0,5272.5,121
2023-05-11 00:23:24,ag2312P4150,ag2312P4150,15.5,0.0,0.0,0.0,1,10.0,46.0,1,15.0,15.5,17.0,15.5,22.0,5272.5,121
2023-05-11 00:23:25,ag2312P4150,ag2312P4150,15.5,0.0,0.0,0.0,1,10.0,45.5,2,15.0,15.5,17.0,15.5,22.0,5272.5,121
2023-05-11 00:23:26,ag2312P4150,ag2312P4150,15.5,0.0,0.0,0.0,1,10.0,45.5,2,15.0,15.5,17.0,15.5,22.0,5272.5,121
2023-05-11 00:23:27,ag2312P4150,ag2312P4150,15.5,0.0,0.0,0.0,1,10.0,42.5,1,15.0,15.5,17.0,15.5,22.0,5272.5,121
2023-05-11 00:23:28,ag2312P4150,ag2312P4150,15.5,0.0,0.0,0.0,1,10.0,42.5,1,15.0,15.5,17.0,15.5,22.0,5272.5,121
2023-05-11 00:23:28,ag2312P4150,ag2312P4150,15.5,0.0,0.0,0.0,1,10.0,42.0,2,15.0,15.5,17.0,15.5,22.0,5272.5,121
2023-05-11 00:23:29,ag2312P4150,ag2312P4150,15.5,0.0,0.0,0.0,1,10.0,42.0,2,15.0,15.5,17.0,15.5,22.0,5272.5,121
2023-05-11 00:23:30,ag2312P4150,ag2312P4150,15.5,0.0,0.0,0.0,1,10.0,41.5,1,15.0,15.5,17.0,15.5,22.0,5272.5,121
2023-05-11 00:23:31,ag2312P4150,ag2312P4150,15.5,0.0,0.0,0.0,1,10.0,41.5,1,15.0,15.5,17.0,15.5,22.0,5272.5,121
2023-05-11 00:23:31,ag2312P4150,ag2312P4150,15.5,0.0,0.0,0.0,1,10.0,41.0,2,15.0,15.5,17.0,15.5,22.0,5272.5,121
2023-05-11 00:23:32,ag2312P4150,ag2312P4150,15.5,0.0,0.0,0.0,1,10.0,41.0,2,15.0,15.5,17.0,15.5,22.0,5272.5,121
2023-05-11 00:23:33,ag2312P4150,ag2312P4150,15.5,0.0,0.0,0.0,1,10.0,40.5,1,15.0,15.5,17.0,15.5,22.0,5272.5,121
2023-05-11 00:23:34,ag2312P4150,ag2312P4150,15.5,0.0,0.0,0.0,1,10.0,40.5,1,15.0,15.5,17.0,15.5,22.0,5272.5,121
2023-05-11 00:23:34,ag2312P4150,ag2312P4150,15.5,0.0,0.0,0.0,1,10.0,40.0,2,15.0,15.5,17.0,15.5,22.0,5272.5,121
2023-05-11 00:23:35,ag2312P4150,ag2312P4150,15.5,0.0,0.0,0.0,1,10.0,40.0,2,15.0,15.5,17.0,15.5,22.0,5272.5,121
2023-05-11 00:24:49,ag2312P4150,ag2312P4150,15.5,0.0,0.0,0.0,1,10.0,17.0,1,15.0,15.5,17.0,15.5,22.0,5272.5,121
2023-05-11 00:24:49,ag2312P4150,ag2312P4150,15.5,0.0,0.0,0.0,1,10.0,17.0,1,15.0,15.5,17.0,15.5,22.0,5272.5,121
2023-05-11 00:24:52,ag2312P4150,ag2312P4150,15.5,0.0,0.0,0.0,2,10.0,17.0,2,15.0,15.5,17.0,15.5,22.0,5272.5,121
2023-05-11 00:24:55,ag2312P4150,ag2312P4150,15.5,0.0,0.0,0.0,1,14.5,16.5,1,15.0,15.5,17.0,15.5,22.0,5272.5,121
2023-05-11 00:24:57,ag2312P4150,ag2312P4150,14.5,1.0,217.5,-1.0,1,13.0,17.0,2,15.0,15.5,17.0,14.5,23.0,5490.0,120
2023-05-11 00:24:59,ag2312P4150,ag2312P4150,15.0,1.0,225.0,0.0,1,14.5,16.0,1,15.0,15.5,17.0,14.5,24.0,5715.0,120
2023-05-11 00:25:01,ag2312P4150,ag2312P4150,15.0,0.0,0.0,0.0,1,14.5,16.0,1,15.0,15.5,17.0,14.5,24.0,5715.0,120
2023-05-11 00:25:04,ag2312P4150,ag2312P4150,15.0,0.0,0.0,0.0,2,14.5,16.0,2,15.0,15.5,17.0,14.5,24.0,5715.0,120
2023-05-11 00:25:07,ag2312P4150,ag2312P4150,15.0,0.0,0.0,0.0,2,14.5,16.0,2,15.0,15.5,17.0,14.5,24.0,5715.0,120
2023-05-11 00:25:08,ag2312P4150,ag2312P4150,15.0,0.0,0.0,0.0,2,14.5,16.0,2,15.0,15.5,17.0,14.5,24.0,5715.0,120
2023-05-11 00:25:10,ag2312P4150,ag2312P4150,15.0,0.0,0.0,0.0,1,14.5,16.0,1,15.0,15.5,17.0,14.5,24.0,5715.0,120
2023-05-11 00:25:10,ag2312P4150,ag2312P4150,15.0,0.0,0.0,0.0,1,14.5,16.0,1,15.0,15.5,17.0,14.5,24.0,5715.0,120
2023-05-11 00:25:11,ag2312P4150,ag2312P4150,15.0,0.0,0.0,0.0,1,14.5,16.0,1,15.0,15.5,17.0,14.5,24.0,5715.0,120
2023-05-11 00:25:14,ag2312P4150,ag2312P4150,15.0,0.0,0.0,0.0,1,10.0,17.0,1,15.0,15.5,17.0,14.5,24.0,5715.0,120
2023-05-11 00:29:15,ag2312P4150,ag2312P4150,15.0,0.0,0.0,0.0,1,10.0,97.5,1,15.0,15.5,17.0,14.5,24.0,5715.0,120
2023-05-11 00:29:15,ag2312P4150,ag2312P4150,15.0,0.0,0.0,0.0,1,10.0,96.0,1,15.0,15.5,17.0,14.5,24.0,5715.0,120
2023-05-11 00:29:16,ag2312P4150,ag2312P4150,15.0,0.0,0.0,0.0,1,10.0,92.0,1,15.0,15.5,17.0,14.5,24.0,5715.0,120
2023-05-11 00:29:16,ag2312P4150,ag2312P4150,15.0,0.0,0.0,0.0,1,10.0,90.5,1,15.0,15.5,17.0,14.5,24.0,5715.0,120
2023-05-11 00:29:17,ag2312P4150,ag2312P4150,15.0,0.0,0.0,0.0,1,10.0,90.5,1,15.0,15.5,17.0,14.5,24.0,5715.0,120
2023-05-11 00:29:17,ag2312P4150,ag2312P4150,15.0,0.0,0.0,0.0,1,10.0,90.0,2,15.0,15.5,17.0,14.5,24.0,5715.0,120
2023-05-11 00:29:18,ag2312P4150,ag2312P4150,15.0,0.0,0.0,0.0,1,10.0,88.5,1,15.0,15.5,17.0,14.5,24.0,5715.0,120
2023-05-11 00:29:18,ag2312P4150,ag2312P4150,15.0,0.0,0.0,0.0,1,10.0,88.5,1,15.0,15.5,17.0,14.5,24.0,5715.0,120
2023-05-11 00:29:19,ag2312P4150,ag2312P4150,15.0,0.0,0.0,0.0,1,10.0,88.0,2,15.0,15.5,17.0,14.5,24.0,5715.0,120
2023-05-11 00:29:19,ag2312P4150,ag2312P4150,15.0,0.0,0.0,0.0,1,10.0,83.0,1,15.0,15.5,17.0,14.5,24.0,5715.0,120
2023-05-11 00:29:20,ag2312P4150,ag2312P4150,15.0,0.0,0.0,0.0,1,10.0,81.5,1,15.0,15.5,17.0,14.5,24.0,5715.0,120
2023-05-11 00:29:20,ag2312P4150,ag2312P4150,15.0,0.0,0.0,0.0,1,10.0,81.0,2,15.0,15.5,17.0,14.5,24.0,5715.0,120
2023-05-11 00:29:21,ag2312P4150,ag2312P4150,15.0,0.0,0.0,0.0,1,10.0,79.5,1,15.0,15.5,17.0,14.5,24.0,5715.0,120
2023-05-11 00:29:21,ag2312P4150,ag2312P4150,15.0,0.0,0.0,0.0,1,10.0,79.5,1,15.0,15.5,17.0,14.5,24.0,5715.0,120
2023-05-11 00:29:22,ag2312P4150,ag2312P4150,15.0,0.0,0.0,0.0,1,10.0,79.0,2,15.0,15.5,17.0,14.5,24.0,5715.0,120
2023-05-11 00:29:22,ag2312P4150,ag2312P4150,15.0,0.0,0.0,0.0,1,10.0,77.5,1,15.0,15.5,17.0,14.5,24.0,5715.0,120
2023-05-11 00:29:23,ag2312P4150,ag2312P4150,15.0,0.0,0.0,0.0,1,10.0,74.0,1,15.0,15.5,17.0,14.5,24.0,5715.0,120
2023-05-11 00:29:23,ag2312P4150,ag2312P4150,15.0,0.0,0.0,0.0,1,10.0,73.5,2,15.0,15.5,17.0,14.5,24.0,5715.0,120
2023-05-11 00:29:24,ag2312P4150,ag2312P4150,15.0,0.0,0.0,0.0,1,10.0,73.5,2,15.0,15.5,17.0,14.5,24.0,5715.0,120
2023-05-11 00:29:25,ag2312P4150,ag2312P4150,15.0,0.0,0.0,0.0,1,10.0,68.0,1,15.0,15.5,17.0,14.5,24.0,5715.0,120
2023-05-11 00:29:26,ag2312P4150,ag2312P4150,15.0,0.0,0.0,0.0,1,10.0,68.0,1,15.0,15.5,17.0,14.5,24.0,5715.0,120
2023-05-11 00:29:26,ag2312P4150,ag2312P4150,15.0,0.0,0.0,0.0,1,10.0,67.5,2,15.0,15.5,17.0,14.5,24.0,5715.0,120
2023-05-11 00:29:28,ag2312P4150,ag2312P4150,15.0,0.0,0.0,0.0,1,10.0,67.5,2,15.0,15.5,17.0,14.5,24.0,5715.0,120
2023-05-11 00:29:28,ag2312P4150,ag2312P4150,15.0,0.0,0.0,0.0,1,10.0,16.0,1,15.0,15.5,17.0,14.5,24.0,5715.0,120
2023-05-11 00:29:29,ag2312P4150,ag2312P4150,15.0,0.0,0.0,0.0,1,10.0,16.0,1,15.0,15.5,17.0,14.5,24.0,5715.0,120
2023-05-11 00:29:30,ag2312P4150,ag2312P4150,15.0,0.0,0.0,0.0,1,10.0,16.0,1,15.0,15.5,17.0,14.5,24.0,5715.0,120
2023-05-11 00:29:30,ag2312P4150,ag2312P4150,15.0,0.0,0.0,0.0,1,14.5,15.5,1,15.0,15.5,17.0,14.5,24.0,5715.0,120
2023-05-11 00:29:34,ag2312P4150,ag2312P4150,15.0,0.0,0.0,0.0,1,14.5,15.5,1,15.0,15.5,17.0,14.5,24.0,5715.0,120
2023-05-11 00:29:34,ag2312P4150,ag2312P4150,15.0,0.0,0.0,0.0,1,14.5,15.5,1,15.0,15.5,17.0,14.5,24.0,5715.0,120
2023-05-11 00:29:35,ag2312P4150,ag2312P4150,14.5,1.0,217.5,-1.0,1,14.0,15.5,1,15.0,15.5,17.0,14.5,25.0,5932.5,119
2023-05-11 00:29:37,ag2312P4150,ag2312P4150,14.5,0.0,0.0,0.0,1,15.0,15.5,1,15.0,15.5,17.0,14.5,25.0,5932.5,119
2023-05-11 00:29:37,ag2312P4150,ag2312P4150,14.5,0.0,0.0,0.0,1,15.0,15.5,1,15.0,15.5,17.0,14.5,25.0,5932.5,119
2023-05-11 00:29:42,ag2312P4150,ag2312P4150,15.0,1.0,225.0,0.0,2,14.0,15.5,1,15.0,15.5,17.0,14.5,26.0,6157.5,119
2023-05-11 00:29:42,ag2312P4150,ag2312P4150,15.0,0.0,0.0,0.0,3,14.0,15.5,1,15.0,15.5,17.0,14.5,26.0,6157.5,119
2023-05-11 00:29:46,ag2312P4150,ag2312P4150,15.0,0.0,0.0,0.0,2,14.0,15.5,1,15.0,15.5,17.0,14.5,26.0,6157.5,119
2023-05-11 00:29:48,ag2312P4150,ag2312P4150,15.0,0.0,0.0,0.0,2,14.0,15.5,1,15.0,15.5,17.0,14.5,26.0,6157.5,119
2023-05-11 00:29:49,ag2312P4150,ag2312P4150,15.0,0.0,0.0,0.0,2,14.0,15.5,1,15.0,15.5,17.0,14.5,26.0,6157.5,119
2023-05-11 00:29:53,ag2312P4150,ag2312P4150,15.0,0.0,0.0,0.0,1,10.0,16.0,1,15.0,15.5,17.0,14.5,26.0,6157.5,119
2023-05-11 00:30:03,ag2312P4150,ag2312P4150,15.0,0.0,0.0,0.0,1,10.0,95.5,1,15.0,15.5,17.0,14.5,26.0,6157.5,119
2023-05-11 00:30:04,ag2312P4150,ag2312P4150,15.0,0.0,0.0,0.0,1,10.0,94.0,1,15.0,15.5,17.0,14.5,26.0,6157.5,119
2023-05-11 00:30:04,ag2312P4150,ag2312P4150,15.0,0.0,0.0,0.0,1,10.0,90.0,1,15.0,15.5,17.0,14.5,26.0,6157.5,119
2023-05-11 00:30:05,ag2312P4150,ag2312P4150,15.0,0.0,0.0,0.0,1,10.0,88.5,1,15.0,15.5,17.0,14.5,26.0,6157.5,119
2023-05-11 00:30:05,ag2312P4150,ag2312P4150,15.0,0.0,0.0,0.0,1,10.0,88.0,1,15.0,15.5,17.0,14.5,26.0,6157.5,119
2023-05-11 00:30:06,ag2312P4150,ag2312P4150,15.0,0.0,0.0,0.0,1,10.0,86.5,1,15.0,15.5,17.0,14.5,26.0,6157.5,119
2023-05-11 00:30:06,ag2312P4150,ag2312P4150,15.0,0.0,0.0,0.0,1,10.0,86.0,1,15.0,15.5,17.0,14.5,26.0,6157.5,119
2023-05-11 00:30:07,ag2312P4150,ag2312P4150,15.0,0.0,0.0,0.0,1,10.0,84.5,1,15.0,15.5,17.0,14.5,26.0,6157.5,119
2023-05-11 00:30:07,ag2312P4150,ag2312P4150,15.0,0.0,0.0,0.0,1,10.0,81.0,1,15.0,15.5,17.0,14.5,26.0,6157.5,119
2023-05-11 00:30:08,ag2312P4150,ag2312P4150,15.0,0.0,0.0,0.0,1,10.0,79.5,1,15.0,15.5,17.0,14.5,26.0,6157.5,119
2023-05-11 00:30:08,ag2312P4150,ag2312P4150,15.0,0.0,0.0,0.0,1,10.0,79.0,1,15.0,15.5,17.0,14.5,26.0,6157.5,119
2023-05-11 00:30:09,ag2312P4150,ag2312P4150,15.0,0.0,0.0,0.0,1,10.0,77.5,1,15.0,15.5,17.0,14.5,26.0,6157.5,119
2023-05-11 00:30:09,ag2312P4150,ag2312P4150,15.0,0.0,0.0,0.0,1,10.0,77.0,1,15.0,15.5,17.0,14.5,26.0,6157.5,119
2023-05-11 00:30:10,ag2312P4150,ag2312P4150,15.0,0.0,0.0,0.0,1,10.0,73.5,1,15.0,15.5,17.0,14.5,26.0,6157.5,119
2023-05-11 00:30:10,ag2312P4150,ag2312P4150,15.0,0.0,0.0,0.0,1,10.0,73.0,1,15.0,15.5,17.0,14.5,26.0,6157.5,119
2023-05-11 00:30:11,ag2312P4150,ag2312P4150,15.0,0.0,0.0,0.0,1,10.0,72.5,2,15.0,15.5,17.0,14.5,26.0,6157.5,119
2023-05-11 00:30:11,ag2312P4150,ag2312P4150,15.0,0.0,0.0,0.0,1,10.0,72.0,1,15.0,15.5,17.0,14.5,26.0,6157.5,119
2023-05-11 00:30:12,ag2312P4150,ag2312P4150,15.0,0.0,0.0,0.0,1,10.0,72.0,1,15.0,15.5,17.0,14.5,26.0,6157.5,119
2023-05-11 00:30:12,ag2312P4150,ag2312P4150,15.0,0.0,0.0,0.0,1,10.0,66.5,1,15.0,15.5,17.0,14.5,26.0,6157.5,119
2023-05-11 00:30:13,ag2312P4150,ag2312P4150,15.0,0.0,0.0,0.0,1,10.0,66.5,1,15.0,15.5,17.0,14.5,26.0,6157.5,119
2023-05-11 00:30:13,ag2312P4150,ag2312P4150,15.0,0.0,0.0,0.0,1,10.0,66.0,2,15.0,15.5,17.0,14.5,26.0,6157.5,119
2023-05-11 00:30:14,ag2312P4150,ag2312P4150,15.0,0.0,0.0,0.0,1,10.0,66.0,2,15.0,15.5,17.0,14.5,26.0,6157.5,119
2023-05-11 00:30:15,ag2312P4150,ag2312P4150,15.0,0.0,0.0,0.0,1,10.0,60.5,1,15.0,15.5,17.0,14.5,26.0,6157.5,119
2023-05-11 00:30:16,ag2312P4150,ag2312P4150,15.0,0.0,0.0,0.0,1,10.0,60.5,1,15.0,15.5,17.0,14.5,26.0,6157.5,119
2023-05-11 00:30:16,ag2312P4150,ag2312P4150,15.0,0.0,0.0,0.0,1,10.0,60.0,2,15.0,15.5,17.0,14.5,26.0,6157.5,119
2023-05-11 00:30:17,ag2312P4150,ag2312P4150,15.0,0.0,0.0,0.0,1,10.0,60.0,2,15.0,15.5,17.0,14.5,26.0,6157.5,119
2023-05-11 00:30:18,ag2312P4150,ag2312P4150,15.0,0.0,0.0,0.0,1,10.0,54.5,1,15.0,15.5,17.0,14.5,26.0,6157.5,119
2023-05-11 00:30:19,ag2312P4150,ag2312P4150,15.0,0.0,0.0,0.0,1,10.0,54.5,1,15.0,15.5,17.0,14.5,26.0,6157.5,119
2023-05-11 00:30:19,ag2312P4150,ag2312P4150,15.0,0.0,0.0,0.0,1,10.0,54.0,2,15.0,15.5,17.0,14.5,26.0,6157.5,119
2023-05-11 00:30:20,ag2312P4150,ag2312P4150,15.0,0.0,0.0,0.0,1,10.0,54.0,2,15.0,15.5,17.0,14.5,26.0,6157.5,119
2023-05-11 00:30:21,ag2312P4150,ag2312P4150,15.0,0.0,0.0,0.0,1,10.0,53.5,1,15.0,15.5,17.0,14.5,26.0,6157.5,119
2023-05-11 00:30:21,ag2312P4150,ag2312P4150,15.0,0.0,0.0,0.0,1,10.0,48.5,1,15.0,15.5,17.0,14.5,26.0,6157.5,119
2023-05-11 00:30:22,ag2312P4150,ag2312P4150,15.0,0.0,0.0,0.0,1,10.0,48.0,2,15.0,15.5,17.0,14.5,26.0,6157.5,119
2023-05-11 00:30:24,ag2312P4150,ag2312P4150,15.0,0.0,0.0,0.0,1,10.0,48.0,2,15.0,15.5,17.0,14.5,26.0,6157.5,119
2023-05-11 00:30:24,ag2312P4150,ag2312P4150,15.0,0.0,0.0,0.0,1,10.0,42.5,1,15.0,15.5,17.0,14.5,26.0,6157.5,119
2023-05-11 00:30:25,ag2312P4150,ag2312P4150,15.0,0.0,0.0,0.0,1,10.0,42.5,1,15.0,15.5,17.0,14.5,26.0,6157.5,119
2023-05-11 00:30:25,ag2312P4150,ag2312P4150,15.0,0.0,0.0,0.0,1,10.0,42.0,2,15.0,15.5,17.0,14.5,26.0,6157.5,119
2023-05-11 00:30:26,ag2312P4150,ag2312P4150,15.0,0.0,0.0,0.0,1,10.0,42.0,2,15.0,15.5,17.0,14.5,26.0,6157.5,119
2023-05-11 00:30:27,ag2312P4150,ag2312P4150,15.0,0.0,0.0,0.0,1,10.0,39.0,1,15.0,15.5,17.0,14.5,26.0,6157.5,119
2023-05-11 00:30:28,ag2312P4150,ag2312P4150,15.0,0.0,0.0,0.0,1,10.0,39.0,1,15.0,15.5,17.0,14.5,26.0,6157.5,119
2023-05-11 00:30:28,ag2312P4150,ag2312P4150,15.0,0.0,0.0,0.0,1,10.0,38.5,2,15.0,15.5,17.0,14.5,26.0,6157.5,119
2023-05-11 00:30:29,ag2312P4150,ag2312P4150,15.0,0.0,0.0,0.0,1,10.0,38.5,2,15.0,15.5,17.0,14.5,26.0,6157.5,119
2023-05-11 00:30:30,ag2312P4150,ag2312P4150,15.0,0.0,0.0,0.0,1,10.0,38.0,1,15.0,15.5,17.0,14.5,26.0,6157.5,119
2023-05-11 00:30:31,ag2312P4150,ag2312P4150,15.0,0.0,0.0,0.0,1,10.0,38.0,2,15.0,15.5,17.0,14.5,26.0,6157.5,119
2023-05-11 00:30:31,ag2312P4150,ag2312P4150,15.0,0.0,0.0,0.0,1,10.0,37.5,2,15.0,15.5,17.0,14.5,26.0,6157.5,119
2023-05-11 00:30:32,ag2312P4150,ag2312P4150,15.0,0.0,0.0,0.0,1,10.0,37.5,2,15.0,15.5,17.0,14.5,26.0,6157.5,119
2023-05-11 00:30:33,ag2312P4150,ag2312P4150,15.0,0.0,0.0,0.0,1,10.0,37.0,1,15.0,15.5,17.0,14.5,26.0,6157.5,119
2023-05-11 00:30:34,ag2312P4150,ag2312P4150,15.0,0.0,0.0,0.0,1,10.0,37.0,1,15.0,15.5,17.0,14.5,26.0,6157.5,119
2023-05-11 00:30:34,ag2312P4150,ag2312P4150,15.0,0.0,0.0,0.0,1,10.0,36.5,2,15.0,15.5,17.0,14.5,26.0,6157.5,119
2023-05-11 00:30:36,ag2312P4150,ag2312P4150,15.0,0.0,0.0,0.0,1,10.0,36.5,2,15.0,15.5,17.0,14.5,26.0,6157.5,119
2023-05-11 00:30:37,ag2312P4150,ag2312P4150,15.0,0.0,0.0,0.0,1,10.0,36.0,1,15.0,15.5,17.0,14.5,26.0,6157.5,119
2023-05-11 00:30:37,ag2312P4150,ag2312P4150,15.0,0.0,0.0,0.0,1,10.0,36.0,1,15.0,15.5,17.0,14.5,26.0,6157.5,119
2023-05-11 00:30:38,ag2312P4150,ag2312P4150,15.0,0.0,0.0,0.0,1,10.0,35.5,2,15.0,15.5,17.0,14.5,26.0,6157.5,119
2023-05-11 00:30:39,ag2312P4150,ag2312P4150,15.0,0.0,0.0,0.0,1,10.0,35.5,2,15.0,15.5,17.0,14.5,26.0,6157.5,119
2023-05-11 00:30:40,ag2312P4150,ag2312P4150,15.0,0.0,0.0,0.0,1,10.0,35.0,1,15.0,15.5,17.0,14.5,26.0,6157.5,119
2023-05-11 00:30:40,ag2312P4150,ag2312P4150,15.0,0.0,0.0,0.0,1,10.0,35.0,1,15.0,15.5,17.0,14.5,26.0,6157.5,119
2023-05-11 00:30:41,ag2312P4150,ag2312P4150,15.0,0.0,0.0,0.0,1,10.0,34.5,3,15.0,15.5,17.0,14.5,26.0,6157.5,119
2023-05-11 00:30:42,ag2312P4150,ag2312P4150,15.0,0.0,0.0,0.0,1,10.0,34.5,3,15.0,15.5,17.0,14.5,26.0,6157.5,119
2023-05-11 00:30:42,ag2312P4150,ag2312P4150,15.0,0.0,0.0,0.0,1,10.0,34.0,1,15.0,15.5,17.0,14.5,26.0,6157.5,119
2023-05-11 00:30:43,ag2312P4150,ag2312P4150,15.0,0.0,0.0,0.0,1,10.0,34.0,1,15.0,15.5,17.0,14.5,26.0,6157.5,119
2023-05-11 00:30:43,ag2312P4150,ag2312P4150,15.0,0.0,0.0,0.0,1,10.0,33.5,2,15.0,15.5,17.0,14.5,26.0,6157.5,119
2023-05-11 00:30:44,ag2312P4150,ag2312P4150,15.0,0.0,0.0,0.0,1,10.0,33.5,2,15.0,15.5,17.0,14.5,26.0,6157.5,119
2023-05-11 00:30:57,ag2312P4150,ag2312P4150,15.0,0.0,0.0,0.0,1,14.5,33.5,2,15.0,15.5,17.0,14.5,26.0,6157.5,119
2023-05-11 00:31:00,ag2312P4150,ag2312P4150,15.0,0.0,0.0,0.0,2,14.5,15.5,1,15.0,15.5,17.0,14.5,26.0,6157.5,119
2023-05-11 00:31:00,ag2312P4150,ag2312P4150,15.0,0.0,0.0,0.0,2,14.5,15.5,1,15.0,15.5,17.0,14.5,26.0,6157.5,119
2023-05-11 00:31:03,ag2312P4150,ag2312P4150,15.0,0.0,0.0,0.0,2,14.5,15.5,1,15.0,15.5,17.0,14.5,26.0,6157.5,119
2023-05-11 00:31:04,ag2312P4150,ag2312P4150,15.0,0.0,0.0,0.0,2,14.5,15.5,1,15.0,15.5,17.0,14.5,26.0,6157.5,119
2023-05-11 00:31:05,ag2312P4150,ag2312P4150,14.5,1.0,217.5,0.0,1,14.5,15.5,1,15.0,15.5,17.0,14.5,27.0,6375.0,119
2023-05-11 00:31:07,ag2312P4150,ag2312P4150,14.5,0.0,0.0,0.0,1,15.0,15.5,1,15.0,15.5,17.0,14.5,27.0,6375.0,119
2023-05-11 00:31:09,ag2312P4150,ag2312P4150,14.5,0.0,0.0,0.0,1,15.0,15.5,2,15.0,15.5,17.0,14.5,27.0,6375.0,119
2023-05-11 00:31:11,ag2312P4150,ag2312P4150,15.0,1.0,225.0,0.0,1,14.5,15.5,2,15.0,15.5,17.0,14.5,28.0,6600.0,119
2023-05-11 00:31:13,ag2312P4150,ag2312P4150,15.0,0.0,0.0,0.0,1,14.5,15.0,1,15.0,15.5,17.0,14.5,28.0,6600.0,119
2023-05-11 00:31:16,ag2312P4150,ag2312P4150,15.0,0.0,0.0,0.0,1,14.5,15.0,1,15.0,15.5,17.0,14.5,28.0,6600.0,119
2023-05-11 00:31:16,ag2312P4150,ag2312P4150,15.0,0.0,0.0,0.0,1,14.5,15.5,1,15.0,15.5,17.0,14.5,28.0,6600.0,119
2023-05-11 00:31:18,ag2312P4150,ag2312P4150,15.0,0.0,0.0,0.0,1,14.5,15.5,1,15.0,15.5,17.0,14.5,28.0,6600.0,119
2023-05-11 00:31:19,ag2312P4150,ag2312P4150,15.0,0.0,0.0,0.0,1,14.5,15.5,1,15.0,15.5,17.0,14.5,28.0,6600.0,119
2023-05-11 00:31:22,ag2312P4150,ag2312P4150,15.0,0.0,0.0,0.0,1,10.0,34.5,1,15.0,15.5,17.0,14.5,28.0,6600.0,119
2023-05-11 00:31:23,ag2312P4150,ag2312P4150,15.0,0.0,0.0,0.0,1,10.0,34.0,2,15.0,15.5,17.0,14.5,28.0,6600.0,119
2023-05-11 00:31:23,ag2312P4150,ag2312P4150,15.0,0.0,0.0,0.0,1,10.0,33.5,1,15.0,15.5,17.0,14.5,28.0,6600.0,119
2023-05-11 00:31:24,ag2312P4150,ag2312P4150,15.0,0.0,0.0,0.0,1,10.0,33.5,1,15.0,15.5,17.0,14.5,28.0,6600.0,119
2023-05-11 00:31:24,ag2312P4150,ag2312P4150,15.0,0.0,0.0,0.0,1,10.0,33.0,2,15.0,15.5,17.0,14.5,28.0,6600.0,119
2023-05-11 00:31:25,ag2312P4150,ag2312P4150,15.0,0.0,0.0,0.0,1,10.0,32.5,1,15.0,15.5,17.0,14.5,28.0,6600.0,119
2023-05-11 00:31:25,ag2312P4150,ag2312P4150,15.0,0.0,0.0,0.0,1,10.0,32.5,1,15.0,15.5,17.0,14.5,28.0,6600.0,119
2023-05-11 00:31:26,ag2312P4150,ag2312P4150,15.0,0.0,0.0,0.0,1,10.0,32.0,2,15.0,15.5,17.0,14.5,28.0,6600.0,119
2023-05-11 00:31:26,ag2312P4150,ag2312P4150,15.0,0.0,0.0,0.0,1,10.0,31.5,1,15.0,15.5,17.0,14.5,28.0,6600.0,119
2023-05-11 00:31:27,ag2312P4150,ag2312P4150,15.0,0.0,0.0,0.0,1,10.0,31.5,1,15.0,15.5,17.0,14.5,28.0,6600.0,119
2023-05-11 00:31:27,ag2312P4150,ag2312P4150,15.0,0.0,0.0,0.0,1,10.0,31.0,2,15.0,15.5,17.0,14.5,28.0,6600.0,119
2023-05-11 00:31:28,ag2312P4150,ag2312P4150,15.0,0.0,0.0,0.0,1,10.0,30.5,1,15.0,15.5,17.0,14.5,28.0,6600.0,119
2023-05-11 00:31:28,ag2312P4150,ag2312P4150,15.0,0.0,0.0,0.0,1,10.0,30.5,1,15.0,15.5,17.0,14.5,28.0,6600.0,119
2023-05-11 00:31:29,ag2312P4150,ag2312P4150,15.0,0.0,0.0,0.0,1,10.0,30.0,2,15.0,15.5,17.0,14.5,28.0,6600.0,119
2023-05-11 00:31:29,ag2312P4150,ag2312P4150,15.0,0.0,0.0,0.0,1,10.0,29.5,1,15.0,15.5,17.0,14.5,28.0,6600.0,119
2023-05-11 00:31:30,ag2312P4150,ag2312P4150,15.0,0.0,0.0,0.0,1,10.0,29.5,1,15.0,15.5,17.0,14.5,28.0,6600.0,119
2023-05-11 00:31:30,ag2312P4150,ag2312P4150,15.0,0.0,0.0,0.0,1,10.0,29.0,2,15.0,15.5,17.0,14.5,28.0,6600.0,119
2023-05-11 00:31:31,ag2312P4150,ag2312P4150,15.0,0.0,0.0,0.0,1,10.0,28.5,1,15.0,15.5,17.0,14.5,28.0,6600.0,119
2023-05-11 00:31:31,ag2312P4150,ag2312P4150,15.0,0.0,0.0,0.0,1,10.0,28.5,1,15.0,15.5,17.0,14.5,28.0,6600.0,119
2023-05-11 00:31:32,ag2312P4150,ag2312P4150,15.0,0.0,0.0,0.0,1,10.0,28.0,2,15.0,15.5,17.0,14.5,28.0,6600.0,119
2023-05-11 00:31:32,ag2312P4150,ag2312P4150,15.0,0.0,0.0,0.0,1,10.0,27.5,1,15.0,15.5,17.0,14.5,28.0,6600.0,119
2023-05-11 00:31:33,ag2312P4150,ag2312P4150,15.0,0.0,0.0,0.0,1,10.0,27.5,1,15.0,15.5,17.0,14.5,28.0,6600.0,119
2023-05-11 00:31:33,ag2312P4150,ag2312P4150,15.0,0.0,0.0,0.0,1,10.0,27.0,2,15.0,15.5,17.0,14.5,28.0,6600.0,119
2023-05-11 00:32:13,ag2312P4150,ag2312P4150,15.0,0.0,0.0,0.0,1,14.5,15.5,1,15.0,15.5,17.0,14.5,28.0,6600.0,119
2023-05-11 00:32:14,ag2312P4150,ag2312P4150,15.0,0.0,0.0,0.0,1,14.5,15.5,1,15.0,15.5,17.0,14.5,28.0,6600.0,119
2023-05-11 00:32:16,ag2312P4150,ag2312P4150,15.0,0.0,0.0,0.0,1,14.5,15.5,1,15.0,15.5,17.0,14.5,28.0,6600.0,119
2023-05-11 00:32:17,ag2312P4150,ag2312P4150,15.0,0.0,0.0,0.0,1,14.5,15.5,1,15.0,15.5,17.0,14.5,28.0,6600.0,119
2023-05-11 00:32:18,ag2312P4150,ag2312P4150,14.5,1.0,217.5,-1.0,1,14.0,15.0,2,15.0,15.5,17.0,14.5,29.0,6817.5,118
2023-05-11 00:32:20,ag2312P4150,ag2312P4150,15.0,1.0,225.0,0.0,1,14.0,15.0,1,15.0,15.5,17.0,14.5,30.0,7042.5,118
2023-05-11 00:32:25,ag2312P4150,ag2312P4150,15.0,0.0,0.0,0.0,2,14.0,15.0,2,15.0,15.5,17.0,14.5,30.0,7042.5,118
2023-05-11 00:32:27,ag2312P4150,ag2312P4150,15.0,0.0,0.0,0.0,3,14.0,15.0,3,15.0,15.5,17.0,14.5,30.0,7042.5,118
2023-05-11 00:32:28,ag2312P4150,ag2312P4150,15.0,0.0,0.0,0.0,3,14.0,15.0,2,15.0,15.5,17.0,14.5,30.0,7042.5,118
2023-05-11 00:32:29,ag2312P4150,ag2312P4150,15.0,0.0,0.0,0.0,2,14.0,15.0,2,15.0,15.5,17.0,14.5,30.0,7042.5,118
2023-05-11 00:32:29,ag2312P4150,ag2312P4150,15.0,0.0,0.0,0.0,2,14.0,15.0,2,15.0,15.5,17.0,14.5,30.0,7042.5,118
2023-05-11 00:32:31,ag2312P4150,ag2312P4150,15.0,0.0,0.0,0.0,2,14.0,15.0,2,15.0,15.5,17.0,14.5,30.0,7042.5,118
2023-05-11 00:32:32,ag2312P4150,ag2312P4150,15.0,0.0,0.0,0.0,2,14.0,15.0,2,15.0,15.5,17.0,14.5,30.0,7042.5,118
2023-05-11 00:32:36,ag2312P4150,ag2312P4150,15.0,0.0,0.0,0.0,1,14.0,15.0,1,15.0,15.5,17.0,14.5,30.0,7042.5,118
2023-05-11 00:32:38,ag2312P4150,ag2312P4150,15.0,0.0,0.0,0.0,1,10.0,27.5,1,15.0,15.5,17.0,14.5,30.0,7042.5,118
2023-05-11 00:32:38,ag2312P4150,ag2312P4150,15.0,0.0,0.0,0.0,1,10.0,27.0,2,15.0,15.5,17.0,14.5,30.0,7042.5,118
2023-05-11 00:33:49,ag2312P4150,ag2312P4150,15.0,0.0,0.0,0.0,1,14.5,27.0,2,15.0,15.5,17.0,14.5,30.0,7042.5,118
2023-05-11 00:33:52,ag2312P4150,ag2312P4150,15.0,0.0,0.0,0.0,2,14.5,15.5,1,15.0,15.5,17.0,14.5,30.0,7042.5,118
2023-05-11 00:33:53,ag2312P4150,ag2312P4150,15.0,0.0,0.0,0.0,2,14.5,15.5,1,15.0,15.5,17.0,14.5,30.0,7042.5,118
2023-05-11 00:33:55,ag2312P4150,ag2312P4150,15.0,0.0,0.0,0.0,2,14.5,15.0,1,15.0,15.5,17.0,14.5,30.0,7042.5,118
2023-05-11 00:33:55,ag2312P4150,ag2312P4150,15.0,0.0,0.0,0.0,2,14.5,15.0,1,15.0,15.5,17.0,14.5,30.0,7042.5,118
2023-05-11 00:33:56,ag2312P4150,ag2312P4150,15.0,0.0,0.0,0.0,2,14.5,15.0,2,15.0,15.5,17.0,14.5,30.0,7042.5,118
2023-05-11 00:33:57,ag2312P4150,ag2312P4150,14.5,1.0,217.5,0.0,1,14.5,15.0,2,15.0,15.5,17.0,14.5,31.0,7260.0,118
2023-05-11 00:33:59,ag2312P4150,ag2312P4150,14.5,0.0,0.0,0.0,2,14.5,15.0,2,15.0,15.5,17.0,14.5,31.0,7260.0,118
2023-05-11 00:33:59,ag2312P4150,ag2312P4150,14.5,0.0,0.0,0.0,2,14.5,15.0,2,15.0,15.5,17.0,14.5,31.0,7260.0,118
2023-05-11 00:34:04,ag2312P4150,ag2312P4150,14.5,0.0,0.0,0.0,2,14.5,15.0,3,15.0,15.5,17.0,14.5,31.0,7260.0,118
2023-05-11 00:34:06,ag2312P4150,ag2312P4150,14.5,0.0,0.0,0.0,2,14.5,15.0,2,15.0,15.5,17.0,14.5,31.0,7260.0,118
2023-05-11 00:34:07,ag2312P4150,ag2312P4150,14.5,0.0,0.0,0.0,2,14.5,15.0,2,15.0,15.5,17.0,14.5,31.0,7260.0,118
2023-05-11 00:34:08,ag2312P4150,ag2312P4150,14.5,0.0,0.0,0.0,2,14.5,15.0,2,15.0,15.5,17.0,14.5,31.0,7260.0,118
2023-05-11 00:34:10,ag2312P4150,ag2312P4150,14.5,0.0,0.0,0.0,1,14.5,15.0,2,15.0,15.5,17.0,14.5,31.0,7260.0,118
2023-05-11 00:34:11,ag2312P4150,ag2312P4150,14.5,0.0,0.0,0.0,1,14.5,15.0,1,15.0,15.5,17.0,14.5,31.0,7260.0,118
2023-05-11 00:34:11,ag2312P4150,ag2312P4150,14.5,0.0,0.0,0.0,1,14.5,15.0,1,15.0,15.5,17.0,14.5,31.0,7260.0,118
2023-05-11 00:34:15,ag2312P4150,ag2312P4150,14.5,0.0,0.0,0.0,1,10.0,27.5,1,15.0,15.5,17.0,14.5,31.0,7260.0,118
2023-05-11 00:34:15,ag2312P4150,ag2312P4150,14.5,0.0,0.0,0.0,1,10.0,27.0,2,15.0,15.5,17.0,14.5,31.0,7260.0,118
2023-05-11 00:35:03,ag2312P4150,ag2312P4150,14.5,0.0,0.0,0.0,1,10.0,15.0,2,15.0,15.5,17.0,14.5,31.0,7260.0,118
2023-05-11 00:35:04,ag2312P4150,ag2312P4150,14.5,0.0,0.0,0.0,1,10.0,15.0,2,15.0,15.5,17.0,14.5,31.0,7260.0,118
2023-05-11 00:35:07,ag2312P4150,ag2312P4150,14.5,0.0,0.0,0.0,2,10.0,15.0,3,15.0,15.5,17.0,14.5,31.0,7260.0,118
2023-05-11 00:35:10,ag2312P4150,ag2312P4150,14.5,0.0,0.0,0.0,1,14.5,15.0,3,15.0,15.5,17.0,14.5,31.0,7260.0,118
2023-05-11 00:35:12,ag2312P4150,ag2312P4150,14.5,0.0,0.0,0.0,1,14.5,15.0,4,15.0,15.5,17.0,14.5,31.0,7260.0,118
2023-05-11 00:35:12,ag2312P4150,ag2312P4150,14.5,1.0,217.5,-1.0,1,14.0,15.0,4,15.0,15.5,17.0,14.5,32.0,7477.5,117
2023-05-11 00:35:13,ag2312P4150,ag2312P4150,14.5,0.0,0.0,0.0,1,14.5,15.0,4,15.0,15.5,17.0,14.5,32.0,7477.5,117
2023-05-11 00:35:14,ag2312P4150,ag2312P4150,14.5,0.0,0.0,0.0,1,14.5,15.0,5,15.0,15.5,17.0,14.5,32.0,7477.5,117
2023-05-11 00:35:19,ag2312P4150,ag2312P4150,14.5,0.0,0.0,0.0,2,14.5,15.0,6,15.0,15.5,17.0,14.5,32.0,7477.5,117
2023-05-11 00:35:22,ag2312P4150,ag2312P4150,14.5,0.0,0.0,0.0,2,14.5,15.0,5,15.0,15.5,17.0,14.5,32.0,7477.5,117
2023-05-11 00:35:23,ag2312P4150,ag2312P4150,14.5,0.0,0.0,0.0,2,14.5,15.0,4,15.0,15.5,17.0,14.5,32.0,7477.5,117
2023-05-11 00:35:23,ag2312P4150,ag2312P4150,14.5,0.0,0.0,0.0,2,14.5,15.0,4,15.0,15.5,17.0,14.5,32.0,7477.5,117
2023-05-11 00:35:24,ag2312P4150,ag2312P4150,14.5,0.0,0.0,0.0,1,14.5,15.0,4,15.0,15.5,17.0,14.5,32.0,7477.5,117
2023-05-11 00:35:24,ag2312P4150,ag2312P4150,14.5,0.0,0.0,0.0,1,14.5,15.0,4,15.0,15.5,17.0,14.5,32.0,7477.5,117
2023-05-11 00:35:26,ag2312P4150,ag2312P4150,14.5,0.0,0.0,0.0,1,14.5,15.0,3,15.0,15.5,17.0,14.5,32.0,7477.5,117
2023-05-11 00:35:29,ag2312P4150,ag2312P4150,14.5,0.0,0.0,0.0,1,10.0,15.0,2,15.0,15.5,17.0,14.5,32.0,7477.5,117
2023-05-11 00:36:07,ag2312P4150,ag2312P4150,15.0,1.0,225.0,0.0,1,10.0,15.0,1,15.0,15.5,17.0,14.5,33.0,7702.5,117
2023-05-11 00:37:36,ag2312P4150,ag2312P4150,15.0,0.0,0.0,0.0,1,10.0,27.5,1,15.0,15.5,17.0,14.5,33.0,7702.5,117
2023-05-11 00:37:37,ag2312P4150,ag2312P4150,15.0,0.0,0.0,0.0,1,10.0,27.0,2,15.0,15.5,17.0,14.5,33.0,7702.5,117
2023-05-11 00:37:45,ag2312P4150,ag2312P4150,15.0,0.0,0.0,0.0,1,10.0,15.0,1,15.0,15.5,17.0,14.5,33.0,7702.5,117
2023-05-11 00:37:46,ag2312P4150,ag2312P4150,15.0,0.0,0.0,0.0,1,10.0,15.0,1,15.0,15.5,17.0,14.5,33.0,7702.5,117
2023-05-11 00:37:49,ag2312P4150,ag2312P4150,15.0,0.0,0.0,0.0,1,14.5,15.0,2,15.0,15.5,17.0,14.5,33.0,7702.5,117
2023-05-11 00:37:52,ag2312P4150,ag2312P4150,15.0,0.0,0.0,0.0,1,14.5,15.0,2,15.0,15.5,17.0,14.5,33.0,7702.5,117
2023-05-11 00:37:53,ag2312P4150,ag2312P4150,15.0,0.0,0.0,0.0,1,14.5,15.0,2,15.0,15.5,17.0,14.5,33.0,7702.5,117
2023-05-11 00:37:54,ag2312P4150,ag2312P4150,14.5,1.0,217.5,-1.0,1,14.0,15.0,2,15.0,15.5,17.0,14.5,34.0,7920.0,116
2023-05-11 00:37:55,ag2312P4150,ag2312P4150,14.5,0.0,0.0,0.0,1,14.5,15.0,2,15.0,15.5,17.0,14.5,34.0,7920.0,116
2023-05-11 00:37:56,ag2312P4150,ag2312P4150,14.5,0.0,0.0,0.0,1,14.5,15.0,2,15.0,15.5,17.0,14.5,34.0,7920.0,116
2023-05-11 00:38:01,ag2312P4150,ag2312P4150,14.5,0.0,0.0,0.0,2,14.5,15.0,3,15.0,15.5,17.0,14.5,34.0,7920.0,116
2023-05-11 00:38:02,ag2312P4150,ag2312P4150,14.5,0.0,0.0,0.0,2,14.5,15.0,4,15.0,15.5,17.0,14.5,34.0,7920.0,116
2023-05-11 00:38:04,ag2312P4150,ag2312P4150,14.5,0.0,0.0,0.0,2,14.5,15.0,3,15.0,15.5,17.0,14.5,34.0,7920.0,116
2023-05-11 00:38:04,ag2312P4150,ag2312P4150,14.5,0.0,0.0,0.0,2,14.5,15.0,3,15.0,15.5,17.0,14.5,34.0,7920.0,116
2023-05-11 00:38:05,ag2312P4150,ag2312P4150,14.5,0.0,0.0,0.0,2,14.5,15.0,3,15.0,15.5,17.0,14.5,34.0,7920.0,116
2023-05-11 00:38:05,ag2312P4150,ag2312P4150,14.5,0.0,0.0,0.0,2,14.5,15.0,3,15.0,15.5,17.0,14.5,34.0,7920.0,116
2023-05-11 00:38:06,ag2312P4150,ag2312P4150,14.5,0.0,0.0,0.0,1,14.5,15.0,3,15.0,15.5,17.0,14.5,34.0,7920.0,116
2023-05-11 00:38:08,ag2312P4150,ag2312P4150,14.5,0.0,0.0,0.0,1,14.5,15.0,3,15.0,15.5,17.0,14.5,34.0,7920.0,116
2023-05-11 00:38:11,ag2312P4150,ag2312P4150,14.5,0.0,0.0,0.0,1,14.0,15.0,2,15.0,15.5,17.0,14.5,34.0,7920.0,116
2023-05-11 00:38:13,ag2312P4150,ag2312P4150,14.5,0.0,0.0,0.0,1,10.0,15.0,1,15.0,15.5,17.0,14.5,34.0,7920.0,116
2023-05-11 00:38:24,ag2312P4150,ag2312P4150,14.5,0.0,0.0,0.0,1,10.0,27.5,1,15.0,15.5,17.0,14.5,34.0,7920.0,116
2023-05-11 00:38:24,ag2312P4150,ag2312P4150,14.5,0.0,0.0,0.0,1,10.0,27.0,2,15.0,15.5,17.0,14.5,34.0,7920.0,116
2023-05-11 00:39:14,ag2312P4150,ag2312P4150,14.5,0.0,0.0,0.0,1,10.0,15.0,1,15.0,15.5,17.0,14.5,34.0,7920.0,116
2023-05-11 00:39:15,ag2312P4150,ag2312P4150,14.5,0.0,0.0,0.0,1,10.0,15.0,1,15.0,15.5,17.0,14.5,34.0,7920.0,116
2023-05-11 00:39:18,ag2312P4150,ag2312P4150,14.5,0.0,0.0,0.0,1,14.5,15.0,2,15.0,15.5,17.0,14.5,34.0,7920.0,116
2023-05-11 00:39:19,ag2312P4150,ag2312P4150,15.0,1.0,225.0,0.0,1,14.5,15.0,1,15.0,15.5,17.0,14.5,35.0,8145.0,116
2023-05-11 00:39:21,ag2312P4150,ag2312P4150,15.0,1.0,225.0,1.0,1,14.5,15.5,1,15.0,15.5,17.0,14.5,36.0,8370.0,117
2023-05-11 00:39:23,ag2312P4150,ag2312P4150,14.5,1.0,217.5,-1.0,1,14.0,15.5,1,15.0,15.5,17.0,14.5,37.0,8587.5,116
2023-05-11 00:39:24,ag2312P4150,ag2312P4150,14.5,0.0,0.0,0.0,1,14.5,15.5,2,15.0,15.5,17.0,14.5,37.0,8587.5,116
2023-05-11 00:39:24,ag2312P4150,ag2312P4150,14.5,0.0,0.0,0.0,1,14.5,15.5,2,15.0,15.5,17.0,14.5,37.0,8587.5,116
2023-05-11 00:39:26,ag2312P4150,ag2312P4150,14.5,0.0,0.0,0.0,1,14.5,15.0,1,15.0,15.5,17.0,14.5,37.0,8587.5,116
2023-05-11 00:39:28,ag2312P4150,ag2312P4150,15.0,1.0,225.0,0.0,2,15.0,15.5,2,15.0,15.5,17.0,14.5,38.0,8812.5,116
2023-05-11 00:39:30,ag2312P4150,ag2312P4150,15.0,0.0,0.0,0.0,2,15.0,15.5,2,15.0,15.5,17.0,14.5,38.0,8812.5,116
2023-05-11 00:39:33,ag2312P4150,ag2312P4150,15.0,0.0,0.0,0.0,2,15.0,15.5,2,15.0,15.5,17.0,14.5,38.0,8812.5,116
2023-05-11 00:39:34,ag2312P4150,ag2312P4150,15.0,0.0,0.0,0.0,2,15.0,15.5,2,15.0,15.5,17.0,14.5,38.0,8812.5,116
2023-05-11 00:39:35,ag2312P4150,ag2312P4150,15.0,0.0,0.0,0.0,2,15.0,15.5,1,15.0,15.5,17.0,14.5,38.0,8812.5,116
2023-05-11 00:39:35,ag2312P4150,ag2312P4150,15.0,0.0,0.0,0.0,2,15.0,15.5,1,15.0,15.5,17.0,14.5,38.0,8812.5,116
2023-05-11 00:39:36,ag2312P4150,ag2312P4150,15.0,0.0,0.0,0.0,2,15.0,15.5,1,15.0,15.5,17.0,14.5,38.0,8812.5,116
2023-05-11 00:39:37,ag2312P4150,ag2312P4150,15.0,0.0,0.0,0.0,2,15.0,15.5,1,15.0,15.5,17.0,14.5,38.0,8812.5,116
2023-05-11 00:39:40,ag2312P4150,ag2312P4150,15.0,0.0,0.0,0.0,2,15.0,27.5,1,15.0,15.5,17.0,14.5,38.0,8812.5,116
2023-05-11 00:39:41,ag2312P4150,ag2312P4150,15.0,0.0,0.0,0.0,1,10.0,27.0,2,15.0,15.5,17.0,14.5,38.0,8812.5,116
2023-05-11 00:40:27,ag2312P4150,ag2312P4150,15.0,0.0,0.0,0.0,1,14.5,27.0,2,15.0,15.5,17.0,14.5,38.0,8812.5,116
2023-05-11 00:40:31,ag2312P4150,ag2312P4150,15.0,0.0,0.0,0.0,2,14.5,15.5,1,15.0,15.5,17.0,14.5,38.0,8812.5,116
2023-05-11 00:40:31,ag2312P4150,ag2312P4150,15.0,0.0,0.0,0.0,2,14.5,15.5,1,15.0,15.5,17.0,14.5,38.0,8812.5,116
2023-05-11 00:40:34,ag2312P4150,ag2312P4150,15.0,0.0,0.0,0.0,2,14.5,15.5,1,15.0,15.5,17.0,14.5,38.0,8812.5,116
2023-05-11 00:40:35,ag2312P4150,ag2312P4150,15.0,0.0,0.0,0.0,2,14.5,15.5,1,15.0,15.5,17.0,14.5,38.0,8812.5,116
2023-05-11 00:40:36,ag2312P4150,ag2312P4150,14.5,1.0,217.5,0.0,1,14.5,15.5,1,15.0,15.5,17.0,14.5,39.0,9030.0,116
2023-05-11 00:40:38,ag2312P4150,ag2312P4150,14.5,0.0,0.0,0.0,2,14.5,15.0,1,15.0,15.5,17.0,14.5,39.0,9030.0,116
2023-05-11 00:40:39,ag2312P4150,ag2312P4150,14.5,0.0,0.0,0.0,2,14.5,15.0,2,15.0,15.5,17.0,14.5,39.0,9030.0,116
2023-05-11 00:40:43,ag2312P4150,ag2312P4150,14.5,0.0,0.0,0.0,2,14.5,15.0,3,15.0,15.5,17.0,14.5,39.0,9030.0,116
2023-05-11 00:40:47,ag2312P4150,ag2312P4150,14.5,0.0,0.0,0.0,2,14.5,15.0,3,15.0,15.5,17.0,14.5,39.0,9030.0,116
2023-05-11 00:40:47,ag2312P4150,ag2312P4150,14.5,0.0,0.0,0.0,2,14.5,15.0,3,15.0,15.5,17.0,14.5,39.0,9030.0,116
2023-05-11 00:40:49,ag2312P4150,ag2312P4150,14.5,0.0,0.0,0.0,1,14.5,15.0,3,15.0,15.5,17.0,14.5,39.0,9030.0,116
2023-05-11 00:40:50,ag2312P4150,ag2312P4150,14.5,0.0,0.0,0.0,1,14.5,15.0,3,15.0,15.5,17.0,14.5,39.0,9030.0,116
2023-05-11 00:40:50,ag2312P4150,ag2312P4150,14.5,0.0,0.0,0.0,1,14.5,15.0,2,15.0,15.5,17.0,14.5,39.0,9030.0,116
2023-05-11 00:40:53,ag2312P4150,ag2312P4150,14.5,0.0,0.0,0.0,1,10.0,15.0,1,15.0,15.5,17.0,14.5,39.0,9030.0,116
2023-05-11 00:40:58,ag2312P4150,ag2312P4150,14.5,0.0,0.0,0.0,1,10.0,27.5,1,15.0,15.5,17.0,14.5,39.0,9030.0,116
2023-05-11 00:40:58,ag2312P4150,ag2312P4150,14.5,0.0,0.0,0.0,1,10.0,27.0,2,15.0,15.5,17.0,14.5,39.0,9030.0,116
2023-05-11 00:41:47,ag2312P4150,ag2312P4150,14.5,0.0,0.0,0.0,1,14.5,15.5,1,15.0,15.5,17.0,14.5,39.0,9030.0,116
2023-05-11 00:41:47,ag2312P4150,ag2312P4150,14.5,0.0,0.0,0.0,1,14.5,15.5,1,15.0,15.5,17.0,14.5,39.0,9030.0,116
2023-05-11 00:41:50,ag2312P4150,ag2312P4150,14.5,0.0,0.0,0.0,1,14.5,15.0,1,15.0,15.5,17.0,14.5,39.0,9030.0,116
2023-05-11 00:41:50,ag2312P4150,ag2312P4150,14.5,0.0,0.0,0.0,1,14.5,15.0,2,15.0,15.5,17.0,14.5,39.0,9030.0,116
2023-05-11 00:41:51,ag2312P4150,ag2312P4150,14.5,0.0,0.0,0.0,1,14.5,15.0,2,15.0,15.5,17.0,14.5,39.0,9030.0,116
2023-05-11 00:41:52,ag2312P4150,ag2312P4150,14.5,1.0,217.5,-1.0,3,14.0,15.0,3,15.0,15.5,17.0,14.5,40.0,9247.5,115
2023-05-11 00:41:53,ag2312P4150,ag2312P4150,14.5,0.0,0.0,0.0,1,14.5,15.0,2,15.0,15.5,17.0,14.5,40.0,9247.5,115
2023-05-11 00:41:53,ag2312P4150,ag2312P4150,15.0,1.0,225.0,0.0,1,14.5,15.0,1,15.0,15.5,17.0,14.5,41.0,9472.5,115
2023-05-11 00:41:54,ag2312P4150,ag2312P4150,15.0,0.0,0.0,0.0,1,14.5,15.0,1,15.0,15.5,17.0,14.5,41.0,9472.5,115
2023-05-11 00:41:59,ag2312P4150,ag2312P4150,15.0,0.0,0.0,0.0,2,14.5,15.0,2,15.0,15.5,17.0,14.5,41.0,9472.5,115
2023-05-11 00:42:03,ag2312P4150,ag2312P4150,15.0,0.0,0.0,0.0,2,14.5,15.0,2,15.0,15.5,17.0,14.5,41.0,9472.5,115
2023-05-11 00:42:03,ag2312P4150,ag2312P4150,15.0,0.0,0.0,0.0,2,14.5,15.0,1,15.0,15.5,17.0,14.5,41.0,9472.5,115
2023-05-11 00:42:04,ag2312P4150,ag2312P4150,15.0,0.0,0.0,0.0,1,14.5,15.0,1,15.0,15.5,17.0,14.5,41.0,9472.5,115
2023-05-11 00:42:06,ag2312P4150,ag2312P4150,15.0,0.0,0.0,0.0,1,14.5,15.0,1,15.0,15.5,17.0,14.5,41.0,9472.5,115
2023-05-11 00:42:09,ag2312P4150,ag2312P4150,15.0,0.0,0.0,0.0,1,10.0,27.5,1,15.0,15.5,17.0,14.5,41.0,9472.5,115
2023-05-11 00:42:10,ag2312P4150,ag2312P4150,15.0,0.0,0.0,0.0,1,10.0,27.0,2,15.0,15.5,17.0,14.5,41.0,9472.5,115
2023-05-11 00:43:51,ag2312P4150,ag2312P4150,15.0,0.0,0.0,0.0,1,14.5,27.0,2,15.0,15.5,17.0,14.5,41.0,9472.5,115
2023-05-11 00:43:54,ag2312P4150,ag2312P4150,15.0,0.0,0.0,0.0,2,14.5,15.5,1,15.0,15.5,17.0,14.5,41.0,9472.5,115
2023-05-11 00:43:55,ag2312P4150,ag2312P4150,15.0,0.0,0.0,0.0,2,14.5,15.5,1,15.0,15.5,17.0,14.5,41.0,9472.5,115
2023-05-11 00:43:58,ag2312P4150,ag2312P4150,15.0,0.0,0.0,0.0,2,14.5,15.5,1,15.0,15.5,17.0,14.5,41.0,9472.5,115
2023-05-11 00:43:58,ag2312P4150,ag2312P4150,15.0,0.0,0.0,0.0,2,14.5,15.5,1,15.0,15.5,17.0,14.5,41.0,9472.5,115
2023-05-11 00:43:59,ag2312P4150,ag2312P4150,14.5,1.0,217.5,0.0,1,14.5,15.5,1,15.0,15.5,17.0,14.5,42.0,9690.0,115
2023-05-11 00:44:00,ag2312P4150,ag2312P4150,14.5,0.0,0.0,0.0,1,14.5,15.0,1,15.0,15.5,17.0,14.5,42.0,9690.0,115
2023-05-11 00:44:00,ag2312P4150,ag2312P4150,14.5,0.0,0.0,0.0,1,14.5,15.0,2,15.0,15.5,17.0,14.5,42.0,9690.0,115
2023-05-11 00:44:01,ag2312P4150,ag2312P4150,14.5,0.0,0.0,0.0,2,14.5,15.0,2,15.0,15.5,17.0,14.5,42.0,9690.0,115
2023-05-11 00:44:01,ag2312P4150,ag2312P4150,14.5,0.0,0.0,0.0,2,14.5,15.0,2,15.0,15.5,17.0,14.5,42.0,9690.0,115
2023-05-11 00:44:06,ag2312P4150,ag2312P4150,14.5,0.0,0.0,0.0,2,14.5,15.0,3,15.0,15.5,17.0,14.5,42.0,9690.0,115
2023-05-11 00:44:10,ag2312P4150,ag2312P4150,14.5,0.0,0.0,0.0,2,14.5,15.0,3,15.0,15.5,17.0,14.5,42.0,9690.0,115
2023-05-11 00:44:11,ag2312P4150,ag2312P4150,14.5,0.0,0.0,0.0,2,14.5,15.0,2,15.0,15.5,17.0,14.5,42.0,9690.0,115
2023-05-11 00:44:12,ag2312P4150,ag2312P4150,14.5,0.0,0.0,0.0,1,14.5,15.0,2,15.0,15.5,17.0,14.5,42.0,9690.0,115
2023-05-11 00:44:13,ag2312P4150,ag2312P4150,14.5,0.0,0.0,0.0,1,14.5,15.0,2,15.0,15.5,17.0,14.5,42.0,9690.0,115
2023-05-11 00:44:17,ag2312P4150,ag2312P4150,14.5,0.0,0.0,0.0,1,10.0,15.0,1,15.0,15.5,17.0,14.5,42.0,9690.0,115
2023-05-11 00:45:13,ag2312P4150,ag2312P4150,14.5,0.0,0.0,0.0,1,10.0,27.5,1,15.0,15.5,17.0,14.5,42.0,9690.0,115
2023-05-11 00:45:13,ag2312P4150,ag2312P4150,14.5,0.0,0.0,0.0,1,10.0,27.0,2,15.0,15.5,17.0,14.5,42.0,9690.0,115
2023-05-11 00:45:22,ag2312P4150,ag2312P4150,14.5,0.0,0.0,0.0,1,10.0,15.0,1,15.0,15.5,17.0,14.5,42.0,9690.0,115
2023-05-11 00:45:23,ag2312P4150,ag2312P4150,14.5,0.0,0.0,0.0,1,10.0,15.0,1,15.0,15.5,17.0,14.5,42.0,9690.0,115
2023-05-11 00:45:25,ag2312P4150,ag2312P4150,14.5,0.0,0.0,0.0,1,14.5,15.0,1,15.0,15.5,17.0,14.5,42.0,9690.0,115
2023-05-11 00:45:28,ag2312P4150,ag2312P4150,14.5,0.0,0.0,0.0,1,14.5,15.0,1,15.0,15.5,17.0,14.5,42.0,9690.0,115
2023-05-11 00:45:29,ag2312P4150,ag2312P4150,14.5,0.0,0.0,0.0,1,14.5,15.0,1,15.0,15.5,17.0,14.5,42.0,9690.0,115
2023-05-11 00:45:30,ag2312P4150,ag2312P4150,14.5,1.0,217.5,-1.0,1,14.0,15.0,1,15.0,15.5,17.0,14.5,43.0,9907.5,114
2023-05-11 00:45:32,ag2312P4150,ag2312P4150,14.5,0.0,0.0,0.0,1,14.5,15.0,1,15.0,15.5,17.0,14.5,43.0,9907.5,114
2023-05-11 00:45:36,ag2312P4150,ag2312P4150,14.5,0.0,0.0,0.0,1,14.5,15.0,2,15.0,15.5,17.0,14.5,43.0,9907.5,114
2023-05-11 00:45:37,ag2312P4150,ag2312P4150,14.5,0.0,0.0,0.0,2,14.5,15.0,3,15.0,15.5,17.0,14.5,43.0,9907.5,114
2023-05-11 00:45:40,ag2312P4150,ag2312P4150,14.5,0.0,0.0,0.0,2,14.5,15.0,3,15.0,15.5,17.0,14.5,43.0,9907.5,114
2023-05-11 00:45:41,ag2312P4150,ag2312P4150,14.5,0.0,0.0,0.0,2,14.5,15.0,3,15.0,15.5,17.0,14.5,43.0,9907.5,114
2023-05-11 00:45:41,ag2312P4150,ag2312P4150,14.5,0.0,0.0,0.0,2,14.5,15.0,3,15.0,15.5,17.0,14.5,43.0,9907.5,114
2023-05-11 00:45:43,ag2312P4150,ag2312P4150,14.5,0.0,0.0,0.0,1,14.5,15.0,3,15.0,15.5,17.0,14.5,43.0,9907.5,114
2023-05-11 00:45:44,ag2312P4150,ag2312P4150,14.5,0.0,0.0,0.0,1,14.5,15.0,3,15.0,15.5,17.0,14.5,43.0,9907.5,114
2023-05-11 00:45:47,ag2312P4150,ag2312P4150,14.5,0.0,0.0,0.0,1,10.0,15.0,1,15.0,15.5,17.0,14.5,43.0,9907.5,114
2023-05-11 00:46:45,ag2312P4150,ag2312P4150,14.5,0.0,0.0,0.0,1,10.0,27.5,1,15.0,15.5,17.0,14.5,43.0,9907.5,114
2023-05-11 00:46:45,ag2312P4150,ag2312P4150,14.5,0.0,0.0,0.0,1,10.0,27.0,2,15.0,15.5,17.0,14.5,43.0,9907.5,114
2023-05-11 00:46:54,ag2312P4150,ag2312P4150,14.5,0.0,0.0,0.0,1,10.0,15.0,1,15.0,15.5,17.0,14.5,43.0,9907.5,114
2023-05-11 00:46:55,ag2312P4150,ag2312P4150,14.5,0.0,0.0,0.0,1,10.0,15.0,1,15.0,15.5,17.0,14.5,43.0,9907.5,114
2023-05-11 00:46:56,ag2312P4150,ag2312P4150,14.5,0.0,0.0,0.0,1,14.5,15.0,1,15.0,15.5,17.0,14.5,43.0,9907.5,114
2023-05-11 00:46:58,ag2312P4150,ag2312P4150,14.5,0.0,0.0,0.0,1,14.5,15.0,2,15.0,15.5,17.0,14.5,43.0,9907.5,114
2023-05-11 00:46:58,ag2312P4150,ag2312P4150,14.5,0.0,0.0,0.0,1,14.5,15.0,2,15.0,15.5,17.0,14.5,43.0,9907.5,114
2023-05-11 00:47:00,ag2312P4150,ag2312P4150,14.5,0.0,0.0,0.0,1,14.5,15.0,2,15.0,15.5,17.0,14.5,43.0,9907.5,114
2023-05-11 00:47:01,ag2312P4150,ag2312P4150,14.5,1.0,217.5,-1.0,2,14.0,15.0,2,15.0,15.5,17.0,14.5,44.0,10125.0,113
2023-05-11 00:47:02,ag2312P4150,ag2312P4150,14.5,0.0,0.0,0.0,1,14.0,15.0,1,15.0,15.5,17.0,14.5,44.0,10125.0,113
2023-05-11 00:47:03,ag2312P4150,ag2312P4150,14.5,0.0,0.0,0.0,1,14.5,15.0,1,15.0,15.5,17.0,14.5,44.0,10125.0,113
2023-05-11 00:47:03,ag2312P4150,ag2312P4150,14.5,0.0,0.0,0.0,1,14.5,15.0,1,15.0,15.5,17.0,14.5,44.0,10125.0,113
2023-05-11 00:47:05,ag2312P4150,ag2312P4150,14.5,0.0,0.0,0.0,1,14.5,15.0,2,15.0,15.5,17.0,14.5,44.0,10125.0,113
