time,symbol_id,symbol_name,last,trade_volume,trade_amount,open_interest_change,bv1,bp1,ap1,av1,yesterday_close,today_open,today_high,today_low,volume,amount,open_interest
2023-05-10 20:59:00,ag2312C5900,ag2312C5900,372.0,0.0,0.0,0.0,1,39.5,0.0,0,372.0,350.0,0.0,0.0,0.0,0.0,37
2023-05-10 21:00:01,ag2312C5900,ag2312C5900,372.0,0.0,0.0,0.0,2,270.0,503.5,2,372.0,350.0,0.0,0.0,0.0,0.0,37
2023-05-10 21:00:13,ag2312C5900,ag2312C5900,372.0,0.0,0.0,0.0,2,270.5,503.0,2,372.0,350.0,0.0,0.0,0.0,0.0,37
2023-05-10 21:00:14,ag2312C5900,ag2312C5900,372.0,0.0,0.0,0.0,2,299.0,474.5,2,372.0,350.0,0.0,0.0,0.0,0.0,37
2023-05-10 21:00:15,ag2312C5900,ag2312C5900,372.0,0.0,0.0,0.0,2,299.0,474.5,2,372.0,350.0,0.0,0.0,0.0,0.0,37
2023-05-10 21:00:15,ag2312C5900,ag2312C5900,372.0,0.0,0.0,0.0,2,299.5,474.0,2,372.0,350.0,0.0,0.0,0.0,0.0,37
2023-05-10 21:00:16,ag2312C5900,ag2312C5900,372.0,0.0,0.0,0.0,2,328.0,445.5,2,372.0,350.0,0.0,0.0,0.0,0.0,37
2023-05-10 21:00:17,ag2312C5900,ag2312C5900,372.0,0.0,0.0,0.0,2,328.0,445.5,2,372.0,350.0,0.0,0.0,0.0,0.0,37
2023-05-10 21:00:17,ag2312C5900,ag2312C5900,372.0,0.0,0.0,0.0,2,328.5,445.0,2,372.0,350.0,0.0,0.0,0.0,0.0,37
2023-05-10 21:00:18,ag2312C5900,ag2312C5900,372.0,0.0,0.0,0.0,2,357.0,416.5,2,372.0,350.0,0.0,0.0,0.0,0.0,37
2023-05-10 21:00:19,ag2312C5900,ag2312C5900,372.0,0.0,0.0,0.0,2,357.0,416.5,2,372.0,350.0,0.0,0.0,0.0,0.0,37
2023-05-10 21:00:19,ag2312C5900,ag2312C5900,372.0,0.0,0.0,0.0,2,357.5,416.5,2,372.0,350.0,0.0,0.0,0.0,0.0,37
2023-05-10 21:00:20,ag2312C5900,ag2312C5900,372.0,0.0,0.0,0.0,2,370.0,416.5,2,372.0,350.0,0.0,0.0,0.0,0.0,37
2023-05-10 21:00:20,ag2312C5900,ag2312C5900,372.0,0.0,0.0,0.0,2,370.0,416.5,2,372.0,350.0,0.0,0.0,0.0,0.0,37
2023-05-10 21:00:26,ag2312C5900,ag2312C5900,372.0,0.0,0.0,0.0,2,271.0,416.5,2,372.0,350.0,0.0,0.0,0.0,0.0,37
2023-05-10 21:00:27,ag2312C5900,ag2312C5900,372.0,0.0,0.0,0.0,2,271.5,416.5,2,372.0,350.0,0.0,0.0,0.0,0.0,37
2023-05-10 21:00:27,ag2312C5900,ag2312C5900,372.0,0.0,0.0,0.0,2,300.0,416.5,2,372.0,350.0,0.0,0.0,0.0,0.0,37
2023-05-10 21:00:28,ag2312C5900,ag2312C5900,372.0,0.0,0.0,0.0,2,300.0,416.5,2,372.0,350.0,0.0,0.0,0.0,0.0,37
2023-05-10 21:00:28,ag2312C5900,ag2312C5900,372.0,0.0,0.0,0.0,2,300.5,416.5,2,372.0,350.0,0.0,0.0,0.0,0.0,37
2023-05-10 21:00:29,ag2312C5900,ag2312C5900,372.0,0.0,0.0,0.0,2,329.0,416.5,2,372.0,350.0,0.0,0.0,0.0,0.0,37
2023-05-10 21:00:29,ag2312C5900,ag2312C5900,372.0,0.0,0.0,0.0,2,329.0,416.5,2,372.0,350.0,0.0,0.0,0.0,0.0,37
2023-05-10 21:00:30,ag2312C5900,ag2312C5900,372.0,0.0,0.0,0.0,2,329.5,416.5,2,372.0,350.0,0.0,0.0,0.0,0.0,37
2023-05-10 21:00:30,ag2312C5900,ag2312C5900,372.0,0.0,0.0,0.0,2,358.0,416.5,2,372.0,350.0,0.0,0.0,0.0,0.0,37
2023-05-10 21:00:31,ag2312C5900,ag2312C5900,372.0,0.0,0.0,0.0,2,358.0,416.5,2,372.0,350.0,0.0,0.0,0.0,0.0,37
2023-05-10 21:00:31,ag2312C5900,ag2312C5900,372.0,0.0,0.0,0.0,2,358.5,416.5,2,372.0,350.0,0.0,0.0,0.0,0.0,37
2023-05-10 21:00:50,ag2312C5900,ag2312C5900,372.0,0.0,0.0,0.0,1,368.0,0.0,0,372.0,350.0,0.0,0.0,0.0,0.0,37
2023-05-10 21:00:51,ag2312C5900,ag2312C5900,372.0,0.0,0.0,0.0,1,368.0,0.0,0,372.0,350.0,0.0,0.0,0.0,0.0,37
2023-05-10 21:00:52,ag2312C5900,ag2312C5900,372.0,0.0,0.0,0.0,1,368.0,503.5,1,372.0,350.0,0.0,0.0,0.0,0.0,37
2023-05-10 21:00:52,ag2312C5900,ag2312C5900,372.0,0.0,0.0,0.0,1,368.0,503.0,2,372.0,350.0,0.0,0.0,0.0,0.0,37
2023-05-10 21:00:53,ag2312C5900,ag2312C5900,372.0,0.0,0.0,0.0,1,368.0,474.5,1,372.0,350.0,0.0,0.0,0.0,0.0,37
2023-05-10 21:00:53,ag2312C5900,ag2312C5900,372.0,0.0,0.0,0.0,1,368.0,474.5,1,372.0,350.0,0.0,0.0,0.0,0.0,37
2023-05-10 21:00:54,ag2312C5900,ag2312C5900,372.0,0.0,0.0,0.0,1,368.0,474.0,2,372.0,350.0,0.0,0.0,0.0,0.0,37
2023-05-10 21:00:54,ag2312C5900,ag2312C5900,372.0,0.0,0.0,0.0,1,368.0,445.5,1,372.0,350.0,0.0,0.0,0.0,0.0,37
2023-05-10 21:00:55,ag2312C5900,ag2312C5900,372.0,0.0,0.0,0.0,1,368.0,445.5,1,372.0,350.0,0.0,0.0,0.0,0.0,37
2023-05-10 21:00:55,ag2312C5900,ag2312C5900,372.0,0.0,0.0,0.0,1,368.0,445.0,2,372.0,350.0,0.0,0.0,0.0,0.0,37
2023-05-10 21:00:56,ag2312C5900,ag2312C5900,372.0,0.0,0.0,0.0,1,368.0,416.5,1,372.0,350.0,0.0,0.0,0.0,0.0,37
2023-05-10 21:00:56,ag2312C5900,ag2312C5900,372.0,0.0,0.0,0.0,1,368.0,416.5,1,372.0,350.0,0.0,0.0,0.0,0.0,37
2023-05-10 21:00:57,ag2312C5900,ag2312C5900,372.0,0.0,0.0,0.0,1,270.5,416.5,1,372.0,350.0,0.0,0.0,0.0,0.0,37
2023-05-10 21:00:57,ag2312C5900,ag2312C5900,372.0,0.0,0.0,0.0,2,271.0,416.5,1,372.0,350.0,0.0,0.0,0.0,0.0,37
2023-05-10 21:00:58,ag2312C5900,ag2312C5900,372.0,0.0,0.0,0.0,1,299.5,416.5,1,372.0,350.0,0.0,0.0,0.0,0.0,37
2023-05-10 21:00:58,ag2312C5900,ag2312C5900,372.0,0.0,0.0,0.0,1,299.5,416.5,1,372.0,350.0,0.0,0.0,0.0,0.0,37
2023-05-10 21:00:59,ag2312C5900,ag2312C5900,372.0,0.0,0.0,0.0,2,300.0,416.5,1,372.0,350.0,0.0,0.0,0.0,0.0,37
2023-05-10 21:00:59,ag2312C5900,ag2312C5900,372.0,0.0,0.0,0.0,1,328.5,416.5,1,372.0,350.0,0.0,0.0,0.0,0.0,37
2023-05-10 21:01:00,ag2312C5900,ag2312C5900,372.0,0.0,0.0,0.0,1,328.5,416.5,1,372.0,350.0,0.0,0.0,0.0,0.0,37
2023-05-10 21:01:00,ag2312C5900,ag2312C5900,372.0,0.0,0.0,0.0,2,329.0,416.5,1,372.0,350.0,0.0,0.0,0.0,0.0,37
2023-05-10 21:01:01,ag2312C5900,ag2312C5900,372.0,0.0,0.0,0.0,1,357.5,416.5,1,372.0,350.0,0.0,0.0,0.0,0.0,37
2023-05-10 21:01:01,ag2312C5900,ag2312C5900,372.0,0.0,0.0,0.0,1,357.5,416.5,1,372.0,350.0,0.0,0.0,0.0,0.0,37
2023-05-10 21:01:02,ag2312C5900,ag2312C5900,372.0,0.0,0.0,0.0,2,358.0,416.5,1,372.0,350.0,0.0,0.0,0.0,0.0,37
2023-05-10 21:01:09,ag2312C5900,ag2312C5900,372.0,0.0,0.0,0.0,2,358.0,391.0,1,372.0,350.0,0.0,0.0,0.0,0.0,37
2023-05-10 21:01:10,ag2312C5900,ag2312C5900,372.0,0.0,0.0,0.0,1,384.5,391.0,1,372.0,350.0,0.0,0.0,0.0,0.0,37
2023-05-10 21:01:10,ag2312C5900,ag2312C5900,372.0,0.0,0.0,0.0,1,384.5,391.0,1,372.0,350.0,0.0,0.0,0.0,0.0,37
2023-05-10 21:01:15,ag2312C5900,ag2312C5900,372.0,0.0,0.0,0.0,1,385.5,392.5,1,372.0,350.0,0.0,0.0,0.0,0.0,37
2023-05-10 21:01:28,ag2312C5900,ag2312C5900,372.0,0.0,0.0,0.0,1,385.5,391.5,1,372.0,350.0,0.0,0.0,0.0,0.0,37
2023-05-10 21:01:30,ag2312C5900,ag2312C5900,372.0,0.0,0.0,0.0,1,384.5,391.5,1,372.0,350.0,0.0,0.0,0.0,0.0,37
2023-05-10 21:01:40,ag2312C5900,ag2312C5900,372.0,0.0,0.0,0.0,1,385.5,391.5,1,372.0,350.0,0.0,0.0,0.0,0.0,37
2023-05-10 21:01:53,ag2312C5900,ag2312C5900,372.0,0.0,0.0,0.0,1,384.5,391.5,1,372.0,350.0,0.0,0.0,0.0,0.0,37
2023-05-10 21:02:15,ag2312C5900,ag2312C5900,372.0,0.0,0.0,0.0,1,385.5,391.5,1,372.0,350.0,0.0,0.0,0.0,0.0,37
2023-05-10 21:02:20,ag2312C5900,ag2312C5900,372.0,0.0,0.0,0.0,1,386.0,391.5,1,372.0,350.0,0.0,0.0,0.0,0.0,37
2023-05-10 21:02:25,ag2312C5900,ag2312C5900,372.0,0.0,0.0,0.0,1,385.5,391.5,1,372.0,350.0,0.0,0.0,0.0,0.0,37
2023-05-10 21:02:31,ag2312C5900,ag2312C5900,372.0,0.0,0.0,0.0,1,386.5,391.5,1,372.0,350.0,0.0,0.0,0.0,0.0,37
2023-05-10 21:02:33,ag2312C5900,ag2312C5900,372.0,0.0,0.0,0.0,1,385.5,391.5,1,372.0,350.0,0.0,0.0,0.0,0.0,37
2023-05-10 21:02:34,ag2312C5900,ag2312C5900,372.0,0.0,0.0,0.0,1,386.0,391.5,1,372.0,350.0,0.0,0.0,0.0,0.0,37
2023-05-10 21:02:56,ag2312C5900,ag2312C5900,372.0,0.0,0.0,0.0,1,385.5,391.5,1,372.0,350.0,0.0,0.0,0.0,0.0,37
2023-05-10 21:03:02,ag2312C5900,ag2312C5900,372.0,0.0,0.0,0.0,1,386.0,391.5,1,372.0,350.0,0.0,0.0,0.0,0.0,37
2023-05-10 21:03:03,ag2312C5900,ag2312C5900,372.0,0.0,0.0,0.0,1,386.5,392.5,1,372.0,350.0,0.0,0.0,0.0,0.0,37
2023-05-10 21:03:06,ag2312C5900,ag2312C5900,372.0,0.0,0.0,0.0,1,386.5,392.5,1,372.0,350.0,0.0,0.0,0.0,0.0,37
2023-05-10 21:03:06,ag2312C5900,ag2312C5900,372.0,0.0,0.0,0.0,1,386.5,392.5,1,372.0,350.0,0.0,0.0,0.0,0.0,37
2023-05-10 21:03:14,ag2312C5900,ag2312C5900,372.0,0.0,0.0,0.0,1,387.0,392.5,1,372.0,350.0,0.0,0.0,0.0,0.0,37
2023-05-10 21:03:22,ag2312C5900,ag2312C5900,372.0,0.0,0.0,0.0,1,387.0,392.5,1,372.0,350.0,0.0,0.0,0.0,0.0,37
2023-05-10 21:03:23,ag2312C5900,ag2312C5900,372.0,0.0,0.0,0.0,1,387.0,392.5,1,372.0,350.0,0.0,0.0,0.0,0.0,37
2023-05-10 21:03:32,ag2312C5900,ag2312C5900,372.0,0.0,0.0,0.0,1,387.5,392.5,1,372.0,350.0,0.0,0.0,0.0,0.0,37
2023-05-10 21:03:32,ag2312C5900,ag2312C5900,372.0,0.0,0.0,0.0,1,387.5,394.0,1,372.0,350.0,0.0,0.0,0.0,0.0,37
2023-05-10 21:03:34,ag2312C5900,ag2312C5900,372.0,0.0,0.0,0.0,1,388.5,394.0,1,372.0,350.0,0.0,0.0,0.0,0.0,37
2023-05-10 21:03:55,ag2312C5900,ag2312C5900,372.0,0.0,0.0,0.0,1,387.5,394.0,1,372.0,350.0,0.0,0.0,0.0,0.0,37
2023-05-10 21:04:00,ag2312C5900,ag2312C5900,372.0,0.0,0.0,0.0,1,388.0,394.0,1,372.0,350.0,0.0,0.0,0.0,0.0,37
2023-05-10 21:04:01,ag2312C5900,ag2312C5900,372.0,0.0,0.0,0.0,1,388.5,394.0,1,372.0,350.0,0.0,0.0,0.0,0.0,37
2023-05-10 21:04:03,ag2312C5900,ag2312C5900,372.0,0.0,0.0,0.0,1,389.0,416.5,1,372.0,350.0,0.0,0.0,0.0,0.0,37
2023-05-10 21:04:04,ag2312C5900,ag2312C5900,372.0,0.0,0.0,0.0,1,389.0,395.5,1,372.0,350.0,0.0,0.0,0.0,0.0,37
2023-05-10 21:04:06,ag2312C5900,ag2312C5900,372.0,0.0,0.0,0.0,1,390.0,395.5,1,372.0,350.0,0.0,0.0,0.0,0.0,37
2023-05-10 21:04:10,ag2312C5900,ag2312C5900,372.0,0.0,0.0,0.0,1,389.0,395.5,1,372.0,350.0,0.0,0.0,0.0,0.0,37
2023-05-10 21:04:15,ag2312C5900,ag2312C5900,372.0,0.0,0.0,0.0,1,389.0,394.5,1,372.0,350.0,0.0,0.0,0.0,0.0,37
2023-05-10 21:04:22,ag2312C5900,ag2312C5900,372.0,0.0,0.0,0.0,1,389.5,395.5,1,372.0,350.0,0.0,0.0,0.0,0.0,37
2023-05-10 21:04:31,ag2312C5900,ag2312C5900,372.0,0.0,0.0,0.0,1,390.0,395.5,1,372.0,350.0,0.0,0.0,0.0,0.0,37
2023-05-10 21:04:41,ag2312C5900,ag2312C5900,372.0,0.0,0.0,0.0,1,390.0,397.0,1,372.0,350.0,0.0,0.0,0.0,0.0,37
2023-05-10 21:04:42,ag2312C5900,ag2312C5900,372.0,0.0,0.0,0.0,1,390.5,397.0,1,372.0,350.0,0.0,0.0,0.0,0.0,37
2023-05-10 21:04:57,ag2312C5900,ag2312C5900,372.0,0.0,0.0,0.0,1,390.5,396.0,1,372.0,350.0,0.0,0.0,0.0,0.0,37
2023-05-10 21:04:58,ag2312C5900,ag2312C5900,372.0,0.0,0.0,0.0,1,390.0,396.0,1,372.0,350.0,0.0,0.0,0.0,0.0,37
2023-05-10 21:05:02,ag2312C5900,ag2312C5900,372.0,0.0,0.0,0.0,1,388.5,395.0,1,372.0,350.0,0.0,0.0,0.0,0.0,37
2023-05-10 21:05:09,ag2312C5900,ag2312C5900,372.0,0.0,0.0,0.0,1,388.5,394.0,1,372.0,350.0,0.0,0.0,0.0,0.0,37
2023-05-10 21:05:12,ag2312C5900,ag2312C5900,372.0,0.0,0.0,0.0,1,389.0,394.0,1,372.0,350.0,0.0,0.0,0.0,0.0,37
2023-05-10 21:05:16,ag2312C5900,ag2312C5900,372.0,0.0,0.0,0.0,1,389.0,395.0,1,372.0,350.0,0.0,0.0,0.0,0.0,37
2023-05-10 21:05:22,ag2312C5900,ag2312C5900,372.0,0.0,0.0,0.0,1,389.5,395.0,1,372.0,350.0,0.0,0.0,0.0,0.0,37
2023-05-10 21:05:32,ag2312C5900,ag2312C5900,372.0,0.0,0.0,0.0,1,390.5,395.0,1,372.0,350.0,0.0,0.0,0.0,0.0,37
2023-05-10 21:05:33,ag2312C5900,ag2312C5900,372.0,0.0,0.0,0.0,1,390.5,395.5,1,372.0,350.0,0.0,0.0,0.0,0.0,37
2023-05-10 21:05:35,ag2312C5900,ag2312C5900,372.0,0.0,0.0,0.0,1,389.5,395.5,1,372.0,350.0,0.0,0.0,0.0,0.0,37
2023-05-10 21:05:36,ag2312C5900,ag2312C5900,372.0,0.0,0.0,0.0,1,390.0,395.5,1,372.0,350.0,0.0,0.0,0.0,0.0,37
2023-05-10 21:05:37,ag2312C5900,ag2312C5900,372.0,0.0,0.0,0.0,1,390.5,395.5,1,372.0,350.0,0.0,0.0,0.0,0.0,37
2023-05-10 21:05:42,ag2312C5900,ag2312C5900,372.0,0.0,0.0,0.0,1,390.5,396.5,1,372.0,350.0,0.0,0.0,0.0,0.0,37
2023-05-10 21:05:47,ag2312C5900,ag2312C5900,372.0,0.0,0.0,0.0,1,390.5,396.0,1,372.0,350.0,0.0,0.0,0.0,0.0,37
2023-05-10 21:05:53,ag2312C5900,ag2312C5900,372.0,0.0,0.0,0.0,1,390.0,396.0,1,372.0,350.0,0.0,0.0,0.0,0.0,37
2023-05-10 21:05:57,ag2312C5900,ag2312C5900,372.0,0.0,0.0,0.0,1,390.0,395.5,1,372.0,350.0,0.0,0.0,0.0,0.0,37
2023-05-10 21:06:00,ag2312C5900,ag2312C5900,372.0,0.0,0.0,0.0,1,390.5,395.5,1,372.0,350.0,0.0,0.0,0.0,0.0,37
2023-05-10 21:06:08,ag2312C5900,ag2312C5900,372.0,0.0,0.0,0.0,1,390.0,395.5,1,372.0,350.0,0.0,0.0,0.0,0.0,37
2023-05-10 21:06:09,ag2312C5900,ag2312C5900,372.0,0.0,0.0,0.0,1,389.0,395.5,1,372.0,350.0,0.0,0.0,0.0,0.0,37
2023-05-10 21:06:10,ag2312C5900,ag2312C5900,372.0,0.0,0.0,0.0,1,389.0,394.5,1,372.0,350.0,0.0,0.0,0.0,0.0,37
2023-05-10 21:06:45,ag2312C5900,ag2312C5900,372.0,0.0,0.0,0.0,1,388.0,394.5,1,372.0,350.0,0.0,0.0,0.0,0.0,37
2023-05-10 21:06:50,ag2312C5900,ag2312C5900,372.0,0.0,0.0,0.0,1,388.0,393.5,1,372.0,350.0,0.0,0.0,0.0,0.0,37
2023-05-10 21:06:57,ag2312C5900,ag2312C5900,372.0,0.0,0.0,0.0,1,373.5,392.5,1,372.0,350.0,0.0,0.0,0.0,0.0,37
2023-05-10 21:06:58,ag2312C5900,ag2312C5900,372.0,0.0,0.0,0.0,1,387.0,392.5,1,372.0,350.0,0.0,0.0,0.0,0.0,37
2023-05-10 21:07:04,ag2312C5900,ag2312C5900,372.0,0.0,0.0,0.0,1,387.5,392.5,1,372.0,350.0,0.0,0.0,0.0,0.0,37
2023-05-10 21:07:21,ag2312C5900,ag2312C5900,372.0,0.0,0.0,0.0,1,373.5,392.5,1,372.0,350.0,0.0,0.0,0.0,0.0,37
2023-05-10 21:07:22,ag2312C5900,ag2312C5900,372.0,0.0,0.0,0.0,1,386.0,392.5,1,372.0,350.0,0.0,0.0,0.0,0.0,37
2023-05-10 21:07:25,ag2312C5900,ag2312C5900,372.0,0.0,0.0,0.0,1,386.0,391.5,1,372.0,350.0,0.0,0.0,0.0,0.0,37
2023-05-10 21:07:38,ag2312C5900,ag2312C5900,372.0,0.0,0.0,0.0,1,385.0,390.5,1,372.0,350.0,0.0,0.0,0.0,0.0,37
2023-05-10 21:07:53,ag2312C5900,ag2312C5900,372.0,0.0,0.0,0.0,1,384.0,390.5,1,372.0,350.0,0.0,0.0,0.0,0.0,37
2023-05-10 21:07:54,ag2312C5900,ag2312C5900,372.0,0.0,0.0,0.0,1,384.0,389.5,1,372.0,350.0,0.0,0.0,0.0,0.0,37
2023-05-10 21:07:57,ag2312C5900,ag2312C5900,372.0,0.0,0.0,0.0,1,384.5,389.5,1,372.0,350.0,0.0,0.0,0.0,0.0,37
2023-05-10 21:08:03,ag2312C5900,ag2312C5900,372.0,0.0,0.0,0.0,1,384.0,389.5,1,372.0,350.0,0.0,0.0,0.0,0.0,37
2023-05-10 21:08:11,ag2312C5900,ag2312C5900,372.0,0.0,0.0,0.0,1,373.5,389.5,1,372.0,350.0,0.0,0.0,0.0,0.0,37
2023-05-10 21:08:12,ag2312C5900,ag2312C5900,372.0,0.0,0.0,0.0,1,383.5,389.5,1,372.0,350.0,0.0,0.0,0.0,0.0,37
2023-05-10 21:08:14,ag2312C5900,ag2312C5900,372.0,0.0,0.0,0.0,1,383.5,388.5,1,372.0,350.0,0.0,0.0,0.0,0.0,37
2023-05-10 21:08:14,ag2312C5900,ag2312C5900,372.0,0.0,0.0,0.0,1,373.5,388.5,1,372.0,350.0,0.0,0.0,0.0,0.0,37
2023-05-10 21:08:15,ag2312C5900,ag2312C5900,372.0,0.0,0.0,0.0,1,382.0,388.5,1,372.0,350.0,0.0,0.0,0.0,0.0,37
2023-05-10 21:08:16,ag2312C5900,ag2312C5900,372.0,0.0,0.0,0.0,1,382.5,388.5,1,372.0,350.0,0.0,0.0,0.0,0.0,37
2023-05-10 21:08:23,ag2312C5900,ag2312C5900,372.0,0.0,0.0,0.0,1,382.5,387.5,1,372.0,350.0,0.0,0.0,0.0,0.0,37
2023-05-10 21:08:29,ag2312C5900,ag2312C5900,372.0,0.0,0.0,0.0,1,373.5,387.5,1,372.0,350.0,0.0,0.0,0.0,0.0,37
2023-05-10 21:08:30,ag2312C5900,ag2312C5900,372.0,0.0,0.0,0.0,1,381.0,387.5,1,372.0,350.0,0.0,0.0,0.0,0.0,37
2023-05-10 21:08:31,ag2312C5900,ag2312C5900,372.0,0.0,0.0,0.0,1,381.0,386.5,1,372.0,350.0,0.0,0.0,0.0,0.0,37
2023-05-10 21:08:35,ag2312C5900,ag2312C5900,372.0,0.0,0.0,0.0,1,381.5,386.5,1,372.0,350.0,0.0,0.0,0.0,0.0,37
2023-05-10 21:08:36,ag2312C5900,ag2312C5900,372.0,0.0,0.0,0.0,1,381.0,386.5,1,372.0,350.0,0.0,0.0,0.0,0.0,37
2023-05-10 21:08:40,ag2312C5900,ag2312C5900,372.0,0.0,0.0,0.0,1,380.0,386.5,1,372.0,350.0,0.0,0.0,0.0,0.0,37
2023-05-10 21:08:42,ag2312C5900,ag2312C5900,372.0,0.0,0.0,0.0,1,380.0,385.5,1,372.0,350.0,0.0,0.0,0.0,0.0,37
2023-05-10 21:08:46,ag2312C5900,ag2312C5900,372.0,0.0,0.0,0.0,1,378.5,384.0,1,372.0,350.0,0.0,0.0,0.0,0.0,37
2023-05-10 21:08:49,ag2312C5900,ag2312C5900,372.0,0.0,0.0,0.0,1,379.0,384.0,1,372.0,350.0,0.0,0.0,0.0,0.0,37
2023-05-10 21:08:59,ag2312C5900,ag2312C5900,372.0,0.0,0.0,0.0,1,379.5,385.5,1,372.0,350.0,0.0,0.0,0.0,0.0,37
2023-05-10 21:09:01,ag2312C5900,ag2312C5900,372.0,0.0,0.0,0.0,1,380.5,385.5,1,372.0,350.0,0.0,0.0,0.0,0.0,37
2023-05-10 21:09:08,ag2312C5900,ag2312C5900,372.0,0.0,0.0,0.0,1,379.5,385.5,1,372.0,350.0,0.0,0.0,0.0,0.0,37
2023-05-10 21:09:13,ag2312C5900,ag2312C5900,372.0,0.0,0.0,0.0,1,379.5,384.5,1,372.0,350.0,0.0,0.0,0.0,0.0,37
2023-05-10 21:09:14,ag2312C5900,ag2312C5900,372.0,0.0,0.0,0.0,1,378.5,384.5,1,372.0,350.0,0.0,0.0,0.0,0.0,37
2023-05-10 21:09:17,ag2312C5900,ag2312C5900,372.0,0.0,0.0,0.0,1,379.0,384.5,1,372.0,350.0,0.0,0.0,0.0,0.0,37
2023-05-10 21:09:43,ag2312C5900,ag2312C5900,372.0,0.0,0.0,0.0,1,379.5,384.5,1,372.0,350.0,0.0,0.0,0.0,0.0,37
2023-05-10 21:09:45,ag2312C5900,ag2312C5900,372.0,0.0,0.0,0.0,1,380.0,385.5,1,372.0,350.0,0.0,0.0,0.0,0.0,37
2023-05-10 21:09:50,ag2312C5900,ag2312C5900,372.0,0.0,0.0,0.0,1,379.5,385.5,1,372.0,350.0,0.0,0.0,0.0,0.0,37
2023-05-10 21:09:50,ag2312C5900,ag2312C5900,372.0,0.0,0.0,0.0,1,379.5,384.5,1,372.0,350.0,0.0,0.0,0.0,0.0,37
2023-05-10 21:09:53,ag2312C5900,ag2312C5900,372.0,0.0,0.0,0.0,1,378.5,384.5,1,372.0,350.0,0.0,0.0,0.0,0.0,37
2023-05-10 21:09:56,ag2312C5900,ag2312C5900,372.0,0.0,0.0,0.0,1,378.5,383.5,1,372.0,350.0,0.0,0.0,0.0,0.0,37
2023-05-10 21:09:57,ag2312C5900,ag2312C5900,372.0,0.0,0.0,0.0,1,377.5,383.5,1,372.0,350.0,0.0,0.0,0.0,0.0,37
2023-05-10 21:09:59,ag2312C5900,ag2312C5900,372.0,0.0,0.0,0.0,1,378.0,383.5,1,372.0,350.0,0.0,0.0,0.0,0.0,37
2023-05-10 21:10:09,ag2312C5900,ag2312C5900,372.0,0.0,0.0,0.0,1,378.5,383.5,1,372.0,350.0,0.0,0.0,0.0,0.0,37
2023-05-10 21:10:10,ag2312C5900,ag2312C5900,372.0,0.0,0.0,0.0,1,379.0,383.5,1,372.0,350.0,0.0,0.0,0.0,0.0,37
2023-05-10 21:10:16,ag2312C5900,ag2312C5900,372.0,0.0,0.0,0.0,1,378.5,383.5,1,372.0,350.0,0.0,0.0,0.0,0.0,37
2023-05-10 21:10:19,ag2312C5900,ag2312C5900,372.0,0.0,0.0,0.0,1,379.0,383.5,1,372.0,350.0,0.0,0.0,0.0,0.0,37
2023-05-10 21:10:21,ag2312C5900,ag2312C5900,372.0,0.0,0.0,0.0,1,379.5,384.5,1,372.0,350.0,0.0,0.0,0.0,0.0,37
2023-05-10 21:10:43,ag2312C5900,ag2312C5900,372.0,0.0,0.0,0.0,1,380.0,384.5,1,372.0,350.0,0.0,0.0,0.0,0.0,37
2023-05-10 21:10:45,ag2312C5900,ag2312C5900,372.0,0.0,0.0,0.0,1,380.0,385.5,1,372.0,350.0,0.0,0.0,0.0,0.0,37
2023-05-10 21:10:48,ag2312C5900,ag2312C5900,372.0,0.0,0.0,0.0,1,380.5,385.5,1,372.0,350.0,0.0,0.0,0.0,0.0,37
2023-05-10 21:11:03,ag2312C5900,ag2312C5900,372.0,0.0,0.0,0.0,1,381.0,385.5,1,372.0,350.0,0.0,0.0,0.0,0.0,37
2023-05-10 21:11:04,ag2312C5900,ag2312C5900,372.0,0.0,0.0,0.0,1,381.0,386.5,1,372.0,350.0,0.0,0.0,0.0,0.0,37
2023-05-10 21:11:05,ag2312C5900,ag2312C5900,372.0,0.0,0.0,0.0,1,381.5,386.5,1,372.0,350.0,0.0,0.0,0.0,0.0,37
2023-05-10 21:11:40,ag2312C5900,ag2312C5900,372.0,0.0,0.0,0.0,1,381.0,386.0,1,372.0,350.0,0.0,0.0,0.0,0.0,37
2023-05-10 21:11:45,ag2312C5900,ag2312C5900,372.0,0.0,0.0,0.0,1,381.0,385.5,1,372.0,350.0,0.0,0.0,0.0,0.0,37
2023-05-10 21:11:46,ag2312C5900,ag2312C5900,372.0,0.0,0.0,0.0,1,379.5,385.0,1,372.0,350.0,0.0,0.0,0.0,0.0,37
2023-05-10 21:11:47,ag2312C5900,ag2312C5900,372.0,0.0,0.0,0.0,1,373.5,385.0,1,372.0,350.0,0.0,0.0,0.0,0.0,37
2023-05-10 21:11:48,ag2312C5900,ag2312C5900,372.0,0.0,0.0,0.0,1,378.5,384.0,1,372.0,350.0,0.0,0.0,0.0,0.0,37
2023-05-10 21:11:49,ag2312C5900,ag2312C5900,372.0,0.0,0.0,0.0,1,379.0,384.0,1,372.0,350.0,0.0,0.0,0.0,0.0,37
2023-05-10 21:11:52,ag2312C5900,ag2312C5900,372.0,0.0,0.0,0.0,1,379.5,384.0,1,372.0,350.0,0.0,0.0,0.0,0.0,37
2023-05-10 21:11:59,ag2312C5900,ag2312C5900,372.0,0.0,0.0,0.0,1,380.0,385.0,1,372.0,350.0,0.0,0.0,0.0,0.0,37
2023-05-10 21:12:00,ag2312C5900,ag2312C5900,372.0,0.0,0.0,0.0,1,380.5,385.0,1,372.0,350.0,0.0,0.0,0.0,0.0,37
2023-05-10 21:12:13,ag2312C5900,ag2312C5900,372.0,0.0,0.0,0.0,1,381.0,386.5,1,372.0,350.0,0.0,0.0,0.0,0.0,37
2023-05-10 21:12:16,ag2312C5900,ag2312C5900,372.0,0.0,0.0,0.0,1,381.0,386.0,1,372.0,350.0,0.0,0.0,0.0,0.0,37
2023-05-10 21:12:20,ag2312C5900,ag2312C5900,372.0,0.0,0.0,0.0,1,380.5,386.0,1,372.0,350.0,0.0,0.0,0.0,0.0,37
2023-05-10 21:12:30,ag2312C5900,ag2312C5900,372.0,0.0,0.0,0.0,1,380.5,385.5,1,372.0,350.0,0.0,0.0,0.0,0.0,37
2023-05-10 21:12:43,ag2312C5900,ag2312C5900,372.0,0.0,0.0,0.0,1,379.5,385.5,1,372.0,350.0,0.0,0.0,0.0,0.0,37
2023-05-10 21:12:44,ag2312C5900,ag2312C5900,372.0,0.0,0.0,0.0,1,379.5,385.0,1,372.0,350.0,0.0,0.0,0.0,0.0,37
2023-05-10 21:12:50,ag2312C5900,ag2312C5900,372.0,0.0,0.0,0.0,1,380.0,385.0,1,372.0,350.0,0.0,0.0,0.0,0.0,37
2023-05-10 21:12:51,ag2312C5900,ag2312C5900,372.0,0.0,0.0,0.0,1,380.5,385.0,1,372.0,350.0,0.0,0.0,0.0,0.0,37
2023-05-10 21:12:57,ag2312C5900,ag2312C5900,372.0,0.0,0.0,0.0,1,380.0,385.0,1,372.0,350.0,0.0,0.0,0.0,0.0,37
2023-05-10 21:13:01,ag2312C5900,ag2312C5900,372.0,0.0,0.0,0.0,1,380.5,385.0,1,372.0,350.0,0.0,0.0,0.0,0.0,37
2023-05-10 21:13:31,ag2312C5900,ag2312C5900,372.0,0.0,0.0,0.0,1,380.0,385.0,1,372.0,350.0,0.0,0.0,0.0,0.0,37
2023-05-10 21:14:39,ag2312C5900,ag2312C5900,372.0,0.0,0.0,0.0,1,379.0,384.5,1,372.0,350.0,0.0,0.0,0.0,0.0,37
2023-05-10 21:14:48,ag2312C5900,ag2312C5900,372.0,0.0,0.0,0.0,1,379.0,384.0,1,372.0,350.0,0.0,0.0,0.0,0.0,37
2023-05-10 21:14:52,ag2312C5900,ag2312C5900,372.0,0.0,0.0,0.0,1,378.0,384.0,1,372.0,350.0,0.0,0.0,0.0,0.0,37
2023-05-10 21:14:55,ag2312C5900,ag2312C5900,372.0,0.0,0.0,0.0,1,378.0,383.5,1,372.0,350.0,0.0,0.0,0.0,0.0,37
2023-05-10 21:14:57,ag2312C5900,ag2312C5900,372.0,0.0,0.0,0.0,1,378.5,383.5,1,372.0,350.0,0.0,0.0,0.0,0.0,37
2023-05-10 21:14:58,ag2312C5900,ag2312C5900,372.0,0.0,0.0,0.0,1,379.0,383.5,1,372.0,350.0,0.0,0.0,0.0,0.0,37
2023-05-10 21:15:01,ag2312C5900,ag2312C5900,372.0,0.0,0.0,0.0,1,378.5,383.5,1,372.0,350.0,0.0,0.0,0.0,0.0,37
2023-05-10 21:15:04,ag2312C5900,ag2312C5900,372.0,0.0,0.0,0.0,1,379.0,383.5,1,372.0,350.0,0.0,0.0,0.0,0.0,37
2023-05-10 21:15:09,ag2312C5900,ag2312C5900,372.0,0.0,0.0,0.0,1,378.5,383.5,1,372.0,350.0,0.0,0.0,0.0,0.0,37
2023-05-10 21:15:16,ag2312C5900,ag2312C5900,372.0,0.0,0.0,0.0,1,378.5,383.0,1,372.0,350.0,0.0,0.0,0.0,0.0,37
2023-05-10 21:15:17,ag2312C5900,ag2312C5900,372.0,0.0,0.0,0.0,1,377.5,383.0,1,372.0,350.0,0.0,0.0,0.0,0.0,37
2023-05-10 21:15:18,ag2312C5900,ag2312C5900,372.0,0.0,0.0,0.0,1,378.0,383.0,1,372.0,350.0,0.0,0.0,0.0,0.0,37
2023-05-10 21:15:19,ag2312C5900,ag2312C5900,372.0,0.0,0.0,0.0,1,378.5,383.0,1,372.0,350.0,0.0,0.0,0.0,0.0,37
2023-05-10 21:15:25,ag2312C5900,ag2312C5900,372.0,0.0,0.0,0.0,1,379.0,383.0,1,372.0,350.0,0.0,0.0,0.0,0.0,37
2023-05-10 21:15:28,ag2312C5900,ag2312C5900,372.0,0.0,0.0,0.0,1,378.5,383.0,1,372.0,350.0,0.0,0.0,0.0,0.0,37
2023-05-10 21:15:39,ag2312C5900,ag2312C5900,372.0,0.0,0.0,0.0,1,378.5,382.5,1,372.0,350.0,0.0,0.0,0.0,0.0,37
2023-05-10 21:15:39,ag2312C5900,ag2312C5900,372.0,0.0,0.0,0.0,1,377.5,382.5,1,372.0,350.0,0.0,0.0,0.0,0.0,37
2023-05-10 21:15:40,ag2312C5900,ag2312C5900,372.0,0.0,0.0,0.0,1,373.5,382.5,1,372.0,350.0,0.0,0.0,0.0,0.0,37
2023-05-10 21:15:42,ag2312C5900,ag2312C5900,372.0,0.0,0.0,0.0,1,377.0,382.0,1,372.0,350.0,0.0,0.0,0.0,0.0,37
2023-05-10 21:15:46,ag2312C5900,ag2312C5900,372.0,0.0,0.0,0.0,1,377.5,382.0,1,372.0,350.0,0.0,0.0,0.0,0.0,37
2023-05-10 21:15:49,ag2312C5900,ag2312C5900,372.0,0.0,0.0,0.0,1,377.0,382.0,1,372.0,350.0,0.0,0.0,0.0,0.0,37
2023-05-10 21:15:50,ag2312C5900,ag2312C5900,372.0,0.0,0.0,0.0,1,377.0,381.5,1,372.0,350.0,0.0,0.0,0.0,0.0,37
2023-05-10 21:15:50,ag2312C5900,ag2312C5900,372.0,0.0,0.0,0.0,1,373.5,381.0,1,372.0,350.0,0.0,0.0,0.0,0.0,37
2023-05-10 21:15:51,ag2312C5900,ag2312C5900,372.0,0.0,0.0,0.0,1,373.5,380.0,1,372.0,350.0,0.0,0.0,0.0,0.0,37
2023-05-10 21:15:52,ag2312C5900,ag2312C5900,372.0,0.0,0.0,0.0,1,375.5,380.0,1,372.0,350.0,0.0,0.0,0.0,0.0,37
2023-05-10 21:15:55,ag2312C5900,ag2312C5900,372.0,0.0,0.0,0.0,1,376.0,380.0,1,372.0,350.0,0.0,0.0,0.0,0.0,37
2023-05-10 21:15:55,ag2312C5900,ag2312C5900,372.0,0.0,0.0,0.0,1,376.0,381.0,1,372.0,350.0,0.0,0.0,0.0,0.0,37
2023-05-10 21:15:57,ag2312C5900,ag2312C5900,372.0,0.0,0.0,0.0,1,376.0,381.0,1,372.0,350.0,0.0,0.0,0.0,0.0,37
2023-05-10 21:16:03,ag2312C5900,ag2312C5900,372.0,0.0,0.0,0.0,1,376.5,381.0,1,372.0,350.0,0.0,0.0,0.0,0.0,37
2023-05-10 21:16:04,ag2312C5900,ag2312C5900,372.0,0.0,0.0,0.0,1,377.0,381.0,1,372.0,350.0,0.0,0.0,0.0,0.0,37
2023-05-10 21:16:05,ag2312C5900,ag2312C5900,372.0,0.0,0.0,0.0,1,377.0,416.5,1,372.0,350.0,0.0,0.0,0.0,0.0,37
2023-05-10 21:16:05,ag2312C5900,ag2312C5900,372.0,0.0,0.0,0.0,1,377.0,382.0,1,372.0,350.0,0.0,0.0,0.0,0.0,37
2023-05-10 21:16:06,ag2312C5900,ag2312C5900,372.0,0.0,0.0,0.0,1,377.0,382.0,1,372.0,350.0,0.0,0.0,0.0,0.0,37
2023-05-10 21:16:07,ag2312C5900,ag2312C5900,372.0,0.0,0.0,0.0,1,377.0,382.0,1,372.0,350.0,0.0,0.0,0.0,0.0,37
2023-05-10 21:16:09,ag2312C5900,ag2312C5900,372.0,0.0,0.0,0.0,1,377.5,382.0,1,372.0,350.0,0.0,0.0,0.0,0.0,37
2023-05-10 21:16:17,ag2312C5900,ag2312C5900,372.0,0.0,0.0,0.0,1,377.0,382.0,1,372.0,350.0,0.0,0.0,0.0,0.0,37
2023-05-10 21:16:19,ag2312C5900,ag2312C5900,372.0,0.0,0.0,0.0,1,377.0,381.5,1,372.0,350.0,0.0,0.0,0.0,0.0,37
2023-05-10 21:16:19,ag2312C5900,ag2312C5900,372.0,0.0,0.0,0.0,1,376.0,381.5,1,372.0,350.0,0.0,0.0,0.0,0.0,37
2023-05-10 21:16:21,ag2312C5900,ag2312C5900,372.0,0.0,0.0,0.0,1,376.5,381.5,1,372.0,350.0,0.0,0.0,0.0,0.0,37
2023-05-10 21:16:22,ag2312C5900,ag2312C5900,372.0,0.0,0.0,0.0,1,376.5,381.5,1,372.0,350.0,0.0,0.0,0.0,0.0,37
2023-05-10 21:16:23,ag2312C5900,ag2312C5900,372.0,0.0,0.0,0.0,1,377.0,381.5,1,372.0,350.0,0.0,0.0,0.0,0.0,37
2023-05-10 21:16:38,ag2312C5900,ag2312C5900,372.0,0.0,0.0,0.0,1,376.5,381.5,1,372.0,350.0,0.0,0.0,0.0,0.0,37
2023-05-10 21:16:47,ag2312C5900,ag2312C5900,372.0,0.0,0.0,0.0,1,376.5,381.0,1,372.0,350.0,0.0,0.0,0.0,0.0,37
2023-05-10 21:16:58,ag2312C5900,ag2312C5900,372.0,0.0,0.0,0.0,1,377.0,381.0,1,372.0,350.0,0.0,0.0,0.0,0.0,37
2023-05-10 21:17:03,ag2312C5900,ag2312C5900,372.0,0.0,0.0,0.0,1,376.5,381.0,1,372.0,350.0,0.0,0.0,0.0,0.0,37
2023-05-10 21:17:07,ag2312C5900,ag2312C5900,372.0,0.0,0.0,0.0,1,375.5,381.0,1,372.0,350.0,0.0,0.0,0.0,0.0,37
2023-05-10 21:17:08,ag2312C5900,ag2312C5900,372.0,0.0,0.0,0.0,1,375.5,380.5,1,372.0,350.0,0.0,0.0,0.0,0.0,37
2023-05-10 21:17:09,ag2312C5900,ag2312C5900,372.0,0.0,0.0,0.0,1,376.0,380.5,1,372.0,350.0,0.0,0.0,0.0,0.0,37
2023-05-10 21:17:12,ag2312C5900,ag2312C5900,372.0,0.0,0.0,0.0,1,375.5,380.5,1,372.0,350.0,0.0,0.0,0.0,0.0,37
2023-05-10 21:17:13,ag2312C5900,ag2312C5900,372.0,0.0,0.0,0.0,1,375.5,380.0,1,372.0,350.0,0.0,0.0,0.0,0.0,37
2023-05-10 21:17:14,ag2312C5900,ag2312C5900,372.0,0.0,0.0,0.0,1,374.5,380.0,1,372.0,350.0,0.0,0.0,0.0,0.0,37
2023-05-10 21:17:16,ag2312C5900,ag2312C5900,372.0,0.0,0.0,0.0,1,374.5,379.5,1,372.0,350.0,0.0,0.0,0.0,0.0,37
2023-05-10 21:17:23,ag2312C5900,ag2312C5900,372.0,0.0,0.0,0.0,1,365.0,379.0,1,372.0,350.0,0.0,0.0,0.0,0.0,37
2023-05-10 21:17:24,ag2312C5900,ag2312C5900,372.0,0.0,0.0,0.0,1,373.5,379.0,1,372.0,350.0,0.0,0.0,0.0,0.0,37
2023-05-10 21:17:25,ag2312C5900,ag2312C5900,372.0,0.0,0.0,0.0,1,374.0,379.0,1,372.0,350.0,0.0,0.0,0.0,0.0,37
2023-05-10 21:17:31,ag2312C5900,ag2312C5900,372.0,0.0,0.0,0.0,1,374.5,379.0,1,372.0,350.0,0.0,0.0,0.0,0.0,37
2023-05-10 21:17:35,ag2312C5900,ag2312C5900,372.0,0.0,0.0,0.0,1,375.0,379.0,1,372.0,350.0,0.0,0.0,0.0,0.0,37
2023-05-10 21:17:48,ag2312C5900,ag2312C5900,372.0,0.0,0.0,0.0,1,375.5,379.5,1,372.0,350.0,0.0,0.0,0.0,0.0,37
2023-05-10 21:17:54,ag2312C5900,ag2312C5900,372.0,0.0,0.0,0.0,1,374.0,379.5,1,372.0,350.0,0.0,0.0,0.0,0.0,37
2023-05-10 21:18:02,ag2312C5900,ag2312C5900,372.0,0.0,0.0,0.0,1,374.5,379.5,1,372.0,350.0,0.0,0.0,0.0,0.0,37
2023-05-10 21:18:02,ag2312C5900,ag2312C5900,372.0,0.0,0.0,0.0,1,375.0,379.5,1,372.0,350.0,0.0,0.0,0.0,0.0,37
2023-05-10 21:18:03,ag2312C5900,ag2312C5900,372.0,0.0,0.0,0.0,1,375.5,394.5,1,372.0,350.0,0.0,0.0,0.0,0.0,37
2023-05-10 21:18:04,ag2312C5900,ag2312C5900,372.0,0.0,0.0,0.0,1,375.5,381.0,1,372.0,350.0,0.0,0.0,0.0,0.0,37
2023-05-10 21:18:05,ag2312C5900,ag2312C5900,372.0,0.0,0.0,0.0,1,375.5,380.5,1,372.0,350.0,0.0,0.0,0.0,0.0,37
2023-05-10 21:18:06,ag2312C5900,ag2312C5900,372.0,0.0,0.0,0.0,1,375.5,380.0,1,372.0,350.0,0.0,0.0,0.0,0.0,37
2023-05-10 21:18:08,ag2312C5900,ag2312C5900,372.0,0.0,0.0,0.0,1,375.0,379.5,1,372.0,350.0,0.0,0.0,0.0,0.0,37
2023-05-10 21:18:12,ag2312C5900,ag2312C5900,372.0,0.0,0.0,0.0,1,375.5,379.5,1,372.0,350.0,0.0,0.0,0.0,0.0,37
2023-05-10 21:18:19,ag2312C5900,ag2312C5900,372.0,0.0,0.0,0.0,1,375.5,380.0,1,372.0,350.0,0.0,0.0,0.0,0.0,37
2023-05-10 21:18:20,ag2312C5900,ag2312C5900,372.0,0.0,0.0,0.0,1,376.0,380.0,1,372.0,350.0,0.0,0.0,0.0,0.0,37
2023-05-10 21:18:26,ag2312C5900,ag2312C5900,372.0,0.0,0.0,0.0,1,375.5,380.0,1,372.0,350.0,0.0,0.0,0.0,0.0,37
2023-05-10 21:18:37,ag2312C5900,ag2312C5900,372.0,0.0,0.0,0.0,1,376.0,380.0,1,372.0,350.0,0.0,0.0,0.0,0.0,37
2023-05-10 21:18:37,ag2312C5900,ag2312C5900,372.0,0.0,0.0,0.0,1,376.0,394.5,1,372.0,350.0,0.0,0.0,0.0,0.0,37
2023-05-10 21:18:38,ag2312C5900,ag2312C5900,372.0,0.0,0.0,0.0,1,376.0,381.0,1,372.0,350.0,0.0,0.0,0.0,0.0,37
2023-05-10 21:18:41,ag2312C5900,ag2312C5900,372.0,0.0,0.0,0.0,1,376.5,381.0,1,372.0,350.0,0.0,0.0,0.0,0.0,37
2023-05-10 21:18:44,ag2312C5900,ag2312C5900,372.0,0.0,0.0,0.0,1,377.0,381.0,1,372.0,350.0,0.0,0.0,0.0,0.0,37
2023-05-10 21:18:45,ag2312C5900,ag2312C5900,372.0,0.0,0.0,0.0,1,377.0,382.0,1,372.0,350.0,0.0,0.0,0.0,0.0,37
2023-05-10 21:18:55,ag2312C5900,ag2312C5900,372.0,0.0,0.0,0.0,1,377.0,381.5,1,372.0,350.0,0.0,0.0,0.0,0.0,37
2023-05-10 21:19:08,ag2312C5900,ag2312C5900,372.0,0.0,0.0,0.0,1,377.5,381.5,1,372.0,350.0,0.0,0.0,0.0,0.0,37
2023-05-10 21:19:36,ag2312C5900,ag2312C5900,372.0,0.0,0.0,0.0,1,377.0,381.5,1,372.0,350.0,0.0,0.0,0.0,0.0,37
2023-05-10 21:19:45,ag2312C5900,ag2312C5900,372.0,0.0,0.0,0.0,1,377.5,382.0,1,372.0,350.0,0.0,0.0,0.0,0.0,37
2023-05-10 21:20:07,ag2312C5900,ag2312C5900,372.0,0.0,0.0,0.0,1,377.0,381.5,1,372.0,350.0,0.0,0.0,0.0,0.0,37
2023-05-10 21:20:11,ag2312C5900,ag2312C5900,372.0,0.0,0.0,0.0,1,377.0,382.0,1,372.0,350.0,0.0,0.0,0.0,0.0,37
2023-05-10 21:20:12,ag2312C5900,ag2312C5900,372.0,0.0,0.0,0.0,1,378.0,382.0,1,372.0,350.0,0.0,0.0,0.0,0.0,37
2023-05-10 21:20:21,ag2312C5900,ag2312C5900,372.0,0.0,0.0,0.0,1,377.0,382.0,1,372.0,350.0,0.0,0.0,0.0,0.0,37
2023-05-10 21:20:22,ag2312C5900,ag2312C5900,372.0,0.0,0.0,0.0,1,377.5,382.0,1,372.0,350.0,0.0,0.0,0.0,0.0,37
2023-05-10 21:20:25,ag2312C5900,ag2312C5900,372.0,0.0,0.0,0.0,1,378.0,382.0,1,372.0,350.0,0.0,0.0,0.0,0.0,37
2023-05-10 21:20:28,ag2312C5900,ag2312C5900,372.0,0.0,0.0,0.0,1,378.0,383.0,1,372.0,350.0,0.0,0.0,0.0,0.0,37
2023-05-10 21:20:48,ag2312C5900,ag2312C5900,372.0,0.0,0.0,0.0,1,378.5,383.0,1,372.0,350.0,0.0,0.0,0.0,0.0,37
2023-05-10 21:20:49,ag2312C5900,ag2312C5900,372.0,0.0,0.0,0.0,1,379.0,383.0,1,372.0,350.0,0.0,0.0,0.0,0.0,37
2023-05-10 21:20:50,ag2312C5900,ag2312C5900,372.0,0.0,0.0,0.0,1,379.5,394.5,1,372.0,350.0,0.0,0.0,0.0,0.0,37
2023-05-10 21:20:51,ag2312C5900,ag2312C5900,372.0,0.0,0.0,0.0,1,379.5,384.5,1,372.0,350.0,0.0,0.0,0.0,0.0,37
2023-05-10 21:21:01,ag2312C5900,ag2312C5900,372.0,0.0,0.0,0.0,1,379.5,384.0,1,372.0,350.0,0.0,0.0,0.0,0.0,37
2023-05-10 21:21:07,ag2312C5900,ag2312C5900,372.0,0.0,0.0,0.0,1,379.0,383.5,1,372.0,350.0,0.0,0.0,0.0,0.0,37
2023-05-10 21:21:13,ag2312C5900,ag2312C5900,372.0,0.0,0.0,0.0,1,380.0,394.5,1,372.0,350.0,0.0,0.0,0.0,0.0,37
2023-05-10 21:21:14,ag2312C5900,ag2312C5900,372.0,0.0,0.0,0.0,1,380.0,385.0,1,372.0,350.0,0.0,0.0,0.0,0.0,37
2023-05-10 21:21:33,ag2312C5900,ag2312C5900,372.0,0.0,0.0,0.0,1,380.0,384.5,1,372.0,350.0,0.0,0.0,0.0,0.0,37
2023-05-10 21:21:34,ag2312C5900,ag2312C5900,372.0,0.0,0.0,0.0,1,379.0,384.5,1,372.0,350.0,0.0,0.0,0.0,0.0,37
2023-05-10 21:21:35,ag2312C5900,ag2312C5900,372.0,0.0,0.0,0.0,1,379.5,384.5,1,372.0,350.0,0.0,0.0,0.0,0.0,37
2023-05-10 21:21:36,ag2312C5900,ag2312C5900,372.0,0.0,0.0,0.0,1,380.0,384.5,1,372.0,350.0,0.0,0.0,0.0,0.0,37
2023-05-10 21:21:46,ag2312C5900,ag2312C5900,372.0,0.0,0.0,0.0,1,379.5,384.5,1,372.0,350.0,0.0,0.0,0.0,0.0,37
2023-05-10 21:21:51,ag2312C5900,ag2312C5900,372.0,0.0,0.0,0.0,1,380.0,384.5,1,372.0,350.0,0.0,0.0,0.0,0.0,37
2023-05-10 21:21:58,ag2312C5900,ag2312C5900,372.0,0.0,0.0,0.0,1,379.5,384.5,1,372.0,350.0,0.0,0.0,0.0,0.0,37
2023-05-10 21:22:02,ag2312C5900,ag2312C5900,372.0,0.0,0.0,0.0,1,379.5,384.0,1,372.0,350.0,0.0,0.0,0.0,0.0,37
2023-05-10 21:22:14,ag2312C5900,ag2312C5900,372.0,0.0,0.0,0.0,1,378.0,384.0,1,372.0,350.0,0.0,0.0,0.0,0.0,37
2023-05-10 21:22:14,ag2312C5900,ag2312C5900,372.0,0.0,0.0,0.0,1,378.0,383.5,1,372.0,350.0,0.0,0.0,0.0,0.0,37
2023-05-10 21:22:15,ag2312C5900,ag2312C5900,372.0,0.0,0.0,0.0,1,378.5,383.5,1,372.0,350.0,0.0,0.0,0.0,0.0,37
2023-05-10 21:22:20,ag2312C5900,ag2312C5900,372.0,0.0,0.0,0.0,1,378.5,383.0,1,372.0,350.0,0.0,0.0,0.0,0.0,37
2023-05-10 21:22:30,ag2312C5900,ag2312C5900,372.0,0.0,0.0,0.0,1,379.0,383.0,1,372.0,350.0,0.0,0.0,0.0,0.0,37
2023-05-10 21:22:32,ag2312C5900,ag2312C5900,372.0,0.0,0.0,0.0,1,379.5,383.5,1,372.0,350.0,0.0,0.0,0.0,0.0,37
2023-05-10 21:22:40,ag2312C5900,ag2312C5900,372.0,0.0,0.0,0.0,1,379.0,383.5,1,372.0,350.0,0.0,0.0,0.0,0.0,37
2023-05-10 21:22:43,ag2312C5900,ag2312C5900,372.0,0.0,0.0,0.0,1,365.0,383.0,1,372.0,350.0,0.0,0.0,0.0,0.0,37
2023-05-10 21:22:44,ag2312C5900,ag2312C5900,372.0,0.0,0.0,0.0,1,377.5,383.0,1,372.0,350.0,0.0,0.0,0.0,0.0,37
2023-05-10 21:22:44,ag2312C5900,ag2312C5900,372.0,0.0,0.0,0.0,1,378.0,383.0,1,372.0,350.0,0.0,0.0,0.0,0.0,37
2023-05-10 21:22:54,ag2312C5900,ag2312C5900,372.0,0.0,0.0,0.0,1,378.0,382.5,1,372.0,350.0,0.0,0.0,0.0,0.0,37
2023-05-10 21:23:06,ag2312C5900,ag2312C5900,372.0,0.0,0.0,0.0,1,365.0,382.5,1,372.0,350.0,0.0,0.0,0.0,0.0,37
2023-05-10 21:23:06,ag2312C5900,ag2312C5900,372.0,0.0,0.0,0.0,1,376.5,382.5,1,372.0,350.0,0.0,0.0,0.0,0.0,37
2023-05-10 21:23:07,ag2312C5900,ag2312C5900,372.0,0.0,0.0,0.0,1,376.5,381.5,1,372.0,350.0,0.0,0.0,0.0,0.0,37
2023-05-10 21:23:14,ag2312C5900,ag2312C5900,372.0,0.0,0.0,0.0,1,377.0,381.5,1,372.0,350.0,0.0,0.0,0.0,0.0,37
2023-05-10 21:23:15,ag2312C5900,ag2312C5900,372.0,0.0,0.0,0.0,1,376.5,381.5,1,372.0,350.0,0.0,0.0,0.0,0.0,37
2023-05-10 21:23:24,ag2312C5900,ag2312C5900,372.0,0.0,0.0,0.0,1,377.0,381.5,1,372.0,350.0,0.0,0.0,0.0,0.0,37
2023-05-10 21:23:34,ag2312C5900,ag2312C5900,372.0,0.0,0.0,0.0,1,376.5,381.0,1,372.0,350.0,0.0,0.0,0.0,0.0,37
2023-05-10 21:23:46,ag2312C5900,ag2312C5900,372.0,0.0,0.0,0.0,1,377.0,381.0,1,372.0,350.0,0.0,0.0,0.0,0.0,37
2023-05-10 21:24:29,ag2312C5900,ag2312C5900,372.0,0.0,0.0,0.0,1,377.5,381.5,1,372.0,350.0,0.0,0.0,0.0,0.0,37
2023-05-10 21:24:36,ag2312C5900,ag2312C5900,372.0,0.0,0.0,0.0,1,377.5,383.0,1,372.0,350.0,0.0,0.0,0.0,0.0,37
2023-05-10 21:24:39,ag2312C5900,ag2312C5900,372.0,0.0,0.0,0.0,1,378.0,383.0,1,372.0,350.0,0.0,0.0,0.0,0.0,37
2023-05-10 21:24:41,ag2312C5900,ag2312C5900,372.0,0.0,0.0,0.0,1,378.0,382.5,1,372.0,350.0,0.0,0.0,0.0,0.0,37
2023-05-10 21:24:51,ag2312C5900,ag2312C5900,372.0,0.0,0.0,0.0,1,378.0,382.0,1,372.0,350.0,0.0,0.0,0.0,0.0,37
2023-05-10 21:24:51,ag2312C5900,ag2312C5900,372.0,0.0,0.0,0.0,1,377.5,382.0,1,372.0,350.0,0.0,0.0,0.0,0.0,37
2023-05-10 21:25:03,ag2312C5900,ag2312C5900,372.0,0.0,0.0,0.0,1,376.5,382.0,1,372.0,350.0,0.0,0.0,0.0,0.0,37
2023-05-10 21:25:05,ag2312C5900,ag2312C5900,372.0,0.0,0.0,0.0,1,377.0,382.0,1,372.0,350.0,0.0,0.0,0.0,0.0,37
2023-05-10 21:25:26,ag2312C5900,ag2312C5900,372.0,0.0,0.0,0.0,1,377.5,382.0,1,372.0,350.0,0.0,0.0,0.0,0.0,37
2023-05-10 21:25:43,ag2312C5900,ag2312C5900,372.0,0.0,0.0,0.0,1,377.0,381.5,1,372.0,350.0,0.0,0.0,0.0,0.0,37
2023-05-10 21:25:59,ag2312C5900,ag2312C5900,372.0,0.0,0.0,0.0,1,377.5,381.5,1,372.0,350.0,0.0,0.0,0.0,0.0,37
2023-05-10 21:26:13,ag2312C5900,ag2312C5900,372.0,0.0,0.0,0.0,1,377.0,381.5,1,372.0,350.0,0.0,0.0,0.0,0.0,37
2023-05-10 21:26:52,ag2312C5900,ag2312C5900,372.0,0.0,0.0,0.0,1,376.0,381.5,1,372.0,350.0,0.0,0.0,0.0,0.0,37
2023-05-10 21:26:55,ag2312C5900,ag2312C5900,372.0,0.0,0.0,0.0,1,376.0,381.0,1,372.0,350.0,0.0,0.0,0.0,0.0,37
2023-05-10 21:26:56,ag2312C5900,ag2312C5900,372.0,0.0,0.0,0.0,1,365.0,381.0,1,372.0,350.0,0.0,0.0,0.0,0.0,37
2023-05-10 21:26:58,ag2312C5900,ag2312C5900,372.0,0.0,0.0,0.0,1,375.5,381.0,1,372.0,350.0,0.0,0.0,0.0,0.0,37
2023-05-10 21:27:00,ag2312C5900,ag2312C5900,372.0,0.0,0.0,0.0,1,375.5,380.5,1,372.0,350.0,0.0,0.0,0.0,0.0,37
2023-05-10 21:27:07,ag2312C5900,ag2312C5900,372.0,0.0,0.0,0.0,1,376.0,380.5,1,372.0,350.0,0.0,0.0,0.0,0.0,37
2023-05-10 21:27:11,ag2312C5900,ag2312C5900,372.0,0.0,0.0,0.0,1,375.5,380.5,1,372.0,350.0,0.0,0.0,0.0,0.0,37
2023-05-10 21:27:37,ag2312C5900,ag2312C5900,372.0,0.0,0.0,0.0,1,375.5,380.0,1,372.0,350.0,0.0,0.0,0.0,0.0,37
2023-05-10 21:27:38,ag2312C5900,ag2312C5900,372.0,0.0,0.0,0.0,1,374.5,379.5,1,372.0,350.0,0.0,0.0,0.0,0.0,37
2023-05-10 21:27:44,ag2312C5900,ag2312C5900,372.0,0.0,0.0,0.0,1,375.0,379.5,1,372.0,350.0,0.0,0.0,0.0,0.0,37
2023-05-10 21:27:51,ag2312C5900,ag2312C5900,372.0,0.0,0.0,0.0,1,375.5,379.5,1,372.0,350.0,0.0,0.0,0.0,0.0,37
2023-05-10 21:27:55,ag2312C5900,ag2312C5900,372.0,0.0,0.0,0.0,1,376.0,380.0,1,372.0,350.0,0.0,0.0,0.0,0.0,37
2023-05-10 21:28:21,ag2312C5900,ag2312C5900,372.0,0.0,0.0,0.0,1,375.5,380.0,1,372.0,350.0,0.0,0.0,0.0,0.0,37
2023-05-10 21:28:23,ag2312C5900,ag2312C5900,372.0,0.0,0.0,0.0,1,374.5,380.0,1,372.0,350.0,0.0,0.0,0.0,0.0,37
2023-05-10 21:28:24,ag2312C5900,ag2312C5900,372.0,0.0,0.0,0.0,1,375.0,380.0,1,372.0,350.0,0.0,0.0,0.0,0.0,37
2023-05-10 21:28:25,ag2312C5900,ag2312C5900,372.0,0.0,0.0,0.0,1,375.5,380.0,1,372.0,350.0,0.0,0.0,0.0,0.0,37
2023-05-10 21:28:32,ag2312C5900,ag2312C5900,372.0,0.0,0.0,0.0,1,376.0,380.0,1,372.0,350.0,0.0,0.0,0.0,0.0,37
2023-05-10 21:28:47,ag2312C5900,ag2312C5900,372.0,0.0,0.0,0.0,1,375.5,380.0,1,372.0,350.0,0.0,0.0,0.0,0.0,37
2023-05-10 21:29:51,ag2312C5900,ag2312C5900,372.0,0.0,0.0,0.0,1,376.0,380.0,1,372.0,350.0,0.0,0.0,0.0,0.0,37
2023-05-10 21:29:53,ag2312C5900,ag2312C5900,372.0,0.0,0.0,0.0,1,375.5,380.0,1,372.0,350.0,0.0,0.0,0.0,0.0,37
2023-05-10 21:29:58,ag2312C5900,ag2312C5900,372.0,0.0,0.0,0.0,1,374.5,379.5,1,372.0,350.0,0.0,0.0,0.0,0.0,37
2023-05-10 21:30:01,ag2312C5900,ag2312C5900,372.0,0.0,0.0,0.0,1,375.0,379.5,1,372.0,350.0,0.0,0.0,0.0,0.0,37
2023-05-10 21:30:06,ag2312C5900,ag2312C5900,372.0,0.0,0.0,0.0,1,374.5,379.0,1,372.0,350.0,0.0,0.0,0.0,0.0,37
2023-05-10 21:30:15,ag2312C5900,ag2312C5900,372.0,0.0,0.0,0.0,1,365.0,378.5,1,372.0,350.0,0.0,0.0,0.0,0.0,37
2023-05-10 21:30:15,ag2312C5900,ag2312C5900,372.0,0.0,0.0,0.0,1,373.5,378.5,1,372.0,350.0,0.0,0.0,0.0,0.0,37
2023-05-10 21:30:17,ag2312C5900,ag2312C5900,372.0,0.0,0.0,0.0,1,374.0,378.5,1,372.0,350.0,0.0,0.0,0.0,0.0,37
2023-05-10 21:30:19,ag2312C5900,ag2312C5900,372.0,0.0,0.0,0.0,1,374.5,378.5,1,372.0,350.0,0.0,0.0,0.0,0.0,37
2023-05-10 21:30:23,ag2312C5900,ag2312C5900,372.0,0.0,0.0,0.0,1,374.0,378.5,1,372.0,350.0,0.0,0.0,0.0,0.0,37
2023-05-10 21:30:25,ag2312C5900,ag2312C5900,372.0,0.0,0.0,0.0,1,365.0,378.0,1,372.0,350.0,0.0,0.0,0.0,0.0,37
2023-05-10 21:30:26,ag2312C5900,ag2312C5900,372.0,0.0,0.0,0.0,1,365.0,377.0,1,372.0,350.0,0.0,0.0,0.0,0.0,37
2023-05-10 21:30:27,ag2312C5900,ag2312C5900,372.0,0.0,0.0,0.0,1,372.5,377.0,1,372.0,350.0,0.0,0.0,0.0,0.0,37
2023-05-10 21:30:35,ag2312C5900,ag2312C5900,372.0,0.0,0.0,0.0,1,371.5,377.0,1,372.0,350.0,0.0,0.0,0.0,0.0,37
2023-05-10 21:30:35,ag2312C5900,ag2312C5900,372.0,0.0,0.0,0.0,1,372.0,377.0,1,372.0,350.0,0.0,0.0,0.0,0.0,37
2023-05-10 21:30:36,ag2312C5900,ag2312C5900,372.0,0.0,0.0,0.0,1,372.5,377.0,1,372.0,350.0,0.0,0.0,0.0,0.0,37
2023-05-10 21:30:38,ag2312C5900,ag2312C5900,372.0,0.0,0.0,0.0,1,373.0,377.0,1,372.0,350.0,0.0,0.0,0.0,0.0,37
2023-05-10 21:30:39,ag2312C5900,ag2312C5900,372.0,0.0,0.0,0.0,1,373.0,378.0,1,372.0,350.0,0.0,0.0,0.0,0.0,37
2023-05-10 21:30:42,ag2312C5900,ag2312C5900,372.0,0.0,0.0,0.0,1,373.5,378.0,1,372.0,350.0,0.0,0.0,0.0,0.0,37
2023-05-10 21:30:48,ag2312C5900,ag2312C5900,372.0,0.0,0.0,0.0,1,373.0,378.0,1,372.0,350.0,0.0,0.0,0.0,0.0,37
2023-05-10 21:30:54,ag2312C5900,ag2312C5900,372.0,0.0,0.0,0.0,1,373.5,378.0,1,372.0,350.0,0.0,0.0,0.0,0.0,37
2023-05-10 21:30:59,ag2312C5900,ag2312C5900,372.0,0.0,0.0,0.0,1,374.0,378.0,1,372.0,350.0,0.0,0.0,0.0,0.0,37
2023-05-10 21:30:59,ag2312C5900,ag2312C5900,372.0,0.0,0.0,0.0,1,374.0,394.5,1,372.0,350.0,0.0,0.0,0.0,0.0,37
2023-05-10 21:31:00,ag2312C5900,ag2312C5900,372.0,0.0,0.0,0.0,1,374.0,379.0,1,372.0,350.0,0.0,0.0,0.0,0.0,37
2023-05-10 21:31:01,ag2312C5900,ag2312C5900,372.0,0.0,0.0,0.0,1,374.5,379.0,1,372.0,350.0,0.0,0.0,0.0,0.0,37
2023-05-10 21:31:03,ag2312C5900,ag2312C5900,372.0,0.0,0.0,0.0,1,374.0,378.5,1,372.0,350.0,0.0,0.0,0.0,0.0,37
2023-05-10 21:31:06,ag2312C5900,ag2312C5900,372.0,0.0,0.0,0.0,1,374.5,378.5,1,372.0,350.0,0.0,0.0,0.0,0.0,37
2023-05-10 21:31:21,ag2312C5900,ag2312C5900,372.0,0.0,0.0,0.0,1,374.0,378.5,1,372.0,350.0,0.0,0.0,0.0,0.0,37
2023-05-10 21:31:26,ag2312C5900,ag2312C5900,372.0,0.0,0.0,0.0,1,373.0,378.5,1,372.0,350.0,0.0,0.0,0.0,0.0,37
2023-05-10 21:31:27,ag2312C5900,ag2312C5900,372.0,0.0,0.0,0.0,1,373.5,378.5,1,372.0,350.0,0.0,0.0,0.0,0.0,37
2023-05-10 21:31:46,ag2312C5900,ag2312C5900,372.0,0.0,0.0,0.0,1,373.5,378.0,1,372.0,350.0,0.0,0.0,0.0,0.0,37
2023-05-10 21:31:49,ag2312C5900,ag2312C5900,372.0,0.0,0.0,0.0,1,373.0,378.0,1,372.0,350.0,0.0,0.0,0.0,0.0,37
2023-05-10 21:31:50,ag2312C5900,ag2312C5900,372.0,0.0,0.0,0.0,1,365.0,378.0,1,372.0,350.0,0.0,0.0,0.0,0.0,37
2023-05-10 21:31:50,ag2312C5900,ag2312C5900,372.0,0.0,0.0,0.0,1,372.0,376.5,1,372.0,350.0,0.0,0.0,0.0,0.0,37
2023-05-10 21:31:57,ag2312C5900,ag2312C5900,372.0,0.0,0.0,0.0,1,372.5,376.5,1,372.0,350.0,0.0,0.0,0.0,0.0,37
2023-05-10 21:31:58,ag2312C5900,ag2312C5900,372.0,0.0,0.0,0.0,1,372.5,378.0,1,372.0,350.0,0.0,0.0,0.0,0.0,37
2023-05-10 21:31:59,ag2312C5900,ag2312C5900,372.0,0.0,0.0,0.0,1,372.5,377.5,1,372.0,350.0,0.0,0.0,0.0,0.0,37
2023-05-10 21:32:00,ag2312C5900,ag2312C5900,372.0,0.0,0.0,0.0,1,372.5,376.5,1,372.0,350.0,0.0,0.0,0.0,0.0,37
2023-05-10 21:32:00,ag2312C5900,ag2312C5900,372.0,0.0,0.0,0.0,1,372.0,376.5,1,372.0,350.0,0.0,0.0,0.0,0.0,37
2023-05-10 21:32:01,ag2312C5900,ag2312C5900,372.0,0.0,0.0,0.0,1,371.0,376.5,1,372.0,350.0,0.0,0.0,0.0,0.0,37
2023-05-10 21:32:02,ag2312C5900,ag2312C5900,372.0,0.0,0.0,0.0,1,371.0,375.5,1,372.0,350.0,0.0,0.0,0.0,0.0,37
2023-05-10 21:32:03,ag2312C5900,ag2312C5900,372.0,0.0,0.0,0.0,1,371.5,375.5,1,372.0,350.0,0.0,0.0,0.0,0.0,37
2023-05-10 21:32:09,ag2312C5900,ag2312C5900,372.0,0.0,0.0,0.0,1,371.0,375.5,1,372.0,350.0,0.0,0.0,0.0,0.0,37
2023-05-10 21:32:17,ag2312C5900,ag2312C5900,372.0,0.0,0.0,0.0,1,371.0,376.5,1,372.0,350.0,0.0,0.0,0.0,0.0,37
2023-05-10 21:32:18,ag2312C5900,ag2312C5900,372.0,0.0,0.0,0.0,1,372.0,376.5,1,372.0,350.0,0.0,0.0,0.0,0.0,37
2023-05-10 21:32:22,ag2312C5900,ag2312C5900,372.0,0.0,0.0,0.0,1,372.5,376.5,1,372.0,350.0,0.0,0.0,0.0,0.0,37
2023-05-10 21:32:26,ag2312C5900,ag2312C5900,372.0,0.0,0.0,0.0,1,372.0,376.5,1,372.0,350.0,0.0,0.0,0.0,0.0,37
2023-05-10 21:32:34,ag2312C5900,ag2312C5900,372.0,0.0,0.0,0.0,1,371.0,376.5,1,372.0,350.0,0.0,0.0,0.0,0.0,37
2023-05-10 21:32:35,ag2312C5900,ag2312C5900,372.0,0.0,0.0,0.0,1,371.0,375.5,1,372.0,350.0,0.0,0.0,0.0,0.0,37
2023-05-10 21:32:38,ag2312C5900,ag2312C5900,372.0,0.0,0.0,0.0,1,371.5,375.5,1,372.0,350.0,0.0,0.0,0.0,0.0,37
2023-05-10 21:32:43,ag2312C5900,ag2312C5900,372.0,0.0,0.0,0.0,1,365.0,375.5,1,372.0,350.0,0.0,0.0,0.0,0.0,37
2023-05-10 21:32:44,ag2312C5900,ag2312C5900,372.0,0.0,0.0,0.0,1,370.0,375.5,1,372.0,350.0,0.0,0.0,0.0,0.0,37
2023-05-10 21:32:45,ag2312C5900,ag2312C5900,372.0,0.0,0.0,0.0,1,370.5,375.5,1,372.0,350.0,0.0,0.0,0.0,0.0,37
2023-05-10 21:32:50,ag2312C5900,ag2312C5900,372.0,0.0,0.0,0.0,1,371.0,375.5,1,372.0,350.0,0.0,0.0,0.0,0.0,37
2023-05-10 21:32:59,ag2312C5900,ag2312C5900,372.0,0.0,0.0,0.0,1,370.5,375.0,1,372.0,350.0,0.0,0.0,0.0,0.0,37
2023-05-10 21:33:01,ag2312C5900,ag2312C5900,372.0,0.0,0.0,0.0,1,369.5,374.5,1,372.0,350.0,0.0,0.0,0.0,0.0,37
2023-05-10 21:33:03,ag2312C5900,ag2312C5900,372.0,0.0,0.0,0.0,1,370.0,374.5,1,372.0,350.0,0.0,0.0,0.0,0.0,37
2023-05-10 21:33:04,ag2312C5900,ag2312C5900,372.0,0.0,0.0,0.0,1,370.5,374.5,1,372.0,350.0,0.0,0.0,0.0,0.0,37
2023-05-10 21:33:07,ag2312C5900,ag2312C5900,372.0,0.0,0.0,0.0,1,371.0,375.0,1,372.0,350.0,0.0,0.0,0.0,0.0,37
2023-05-10 21:33:08,ag2312C5900,ag2312C5900,372.0,0.0,0.0,0.0,1,371.0,394.5,1,372.0,350.0,0.0,0.0,0.0,0.0,37
2023-05-10 21:33:08,ag2312C5900,ag2312C5900,372.0,0.0,0.0,0.0,1,371.0,376.0,1,372.0,350.0,0.0,0.0,0.0,0.0,37
2023-05-10 21:33:09,ag2312C5900,ag2312C5900,372.0,0.0,0.0,0.0,1,371.0,375.5,1,372.0,350.0,0.0,0.0,0.0,0.0,37
2023-05-10 21:33:15,ag2312C5900,ag2312C5900,372.0,0.0,0.0,0.0,1,370.5,375.5,1,372.0,350.0,0.0,0.0,0.0,0.0,37
2023-05-10 21:33:20,ag2312C5900,ag2312C5900,372.0,0.0,0.0,0.0,1,371.0,375.5,1,372.0,350.0,0.0,0.0,0.0,0.0,37
2023-05-10 21:33:21,ag2312C5900,ag2312C5900,372.0,0.0,0.0,0.0,1,371.5,375.5,1,372.0,350.0,0.0,0.0,0.0,0.0,37
2023-05-10 21:33:24,ag2312C5900,ag2312C5900,372.0,0.0,0.0,0.0,1,371.5,376.0,1,372.0,350.0,0.0,0.0,0.0,0.0,37
2023-05-10 21:33:29,ag2312C5900,ag2312C5900,372.0,0.0,0.0,0.0,1,372.0,377.0,1,372.0,350.0,0.0,0.0,0.0,0.0,37
2023-05-10 21:33:32,ag2312C5900,ag2312C5900,372.0,0.0,0.0,0.0,1,372.5,377.0,1,372.0,350.0,0.0,0.0,0.0,0.0,37
2023-05-10 21:33:47,ag2312C5900,ag2312C5900,372.0,0.0,0.0,0.0,1,373.0,377.0,1,372.0,350.0,0.0,0.0,0.0,0.0,37
2023-05-10 21:33:57,ag2312C5900,ag2312C5900,372.0,0.0,0.0,0.0,1,372.5,377.0,1,372.0,350.0,0.0,0.0,0.0,0.0,37
2023-05-10 21:34:05,ag2312C5900,ag2312C5900,372.0,0.0,0.0,0.0,1,373.0,377.0,1,372.0,350.0,0.0,0.0,0.0,0.0,37
2023-05-10 21:34:26,ag2312C5900,ag2312C5900,372.0,0.0,0.0,0.0,1,373.0,378.0,1,372.0,350.0,0.0,0.0,0.0,0.0,37
2023-05-10 21:34:27,ag2312C5900,ag2312C5900,372.0,0.0,0.0,0.0,1,373.5,378.0,1,372.0,350.0,0.0,0.0,0.0,0.0,37
2023-05-10 21:34:41,ag2312C5900,ag2312C5900,372.0,0.0,0.0,0.0,1,373.0,377.5,1,372.0,350.0,0.0,0.0,0.0,0.0,37
2023-05-10 21:34:53,ag2312C5900,ag2312C5900,372.0,0.0,0.0,0.0,1,372.0,377.5,1,372.0,350.0,0.0,0.0,0.0,0.0,37
2023-05-10 21:34:54,ag2312C5900,ag2312C5900,372.0,0.0,0.0,0.0,1,372.0,376.5,1,372.0,350.0,0.0,0.0,0.0,0.0,37
2023-05-10 21:35:00,ag2312C5900,ag2312C5900,372.0,0.0,0.0,0.0,1,371.0,376.5,1,372.0,350.0,0.0,0.0,0.0,0.0,37
2023-05-10 21:35:01,ag2312C5900,ag2312C5900,372.0,0.0,0.0,0.0,1,371.0,376.0,1,372.0,350.0,0.0,0.0,0.0,0.0,37
2023-05-10 21:35:13,ag2312C5900,ag2312C5900,372.0,0.0,0.0,0.0,1,371.5,376.0,1,372.0,350.0,0.0,0.0,0.0,0.0,37
2023-05-10 21:35:15,ag2312C5900,ag2312C5900,372.0,0.0,0.0,0.0,1,372.0,376.0,1,372.0,350.0,0.0,0.0,0.0,0.0,37
2023-05-10 21:35:22,ag2312C5900,ag2312C5900,372.0,0.0,0.0,0.0,1,371.5,376.0,1,372.0,350.0,0.0,0.0,0.0,0.0,37
2023-05-10 21:35:26,ag2312C5900,ag2312C5900,372.0,0.0,0.0,0.0,1,372.0,376.0,1,372.0,350.0,0.0,0.0,0.0,0.0,37
2023-05-10 21:35:26,ag2312C5900,ag2312C5900,372.0,0.0,0.0,0.0,1,372.5,376.5,1,372.0,350.0,0.0,0.0,0.0,0.0,37
2023-05-10 21:35:27,ag2312C5900,ag2312C5900,372.0,0.0,0.0,0.0,1,372.5,394.5,1,372.0,350.0,0.0,0.0,0.0,0.0,37
2023-05-10 21:35:27,ag2312C5900,ag2312C5900,372.0,0.0,0.0,0.0,1,372.5,378.0,1,372.0,350.0,0.0,0.0,0.0,0.0,37
2023-05-10 21:35:28,ag2312C5900,ag2312C5900,372.0,0.0,0.0,0.0,1,373.0,378.0,1,372.0,350.0,0.0,0.0,0.0,0.0,37
2023-05-10 21:35:29,ag2312C5900,ag2312C5900,372.0,0.0,0.0,0.0,1,373.0,377.5,1,372.0,350.0,0.0,0.0,0.0,0.0,37
2023-05-10 21:35:31,ag2312C5900,ag2312C5900,372.0,0.0,0.0,0.0,1,365.0,376.5,1,372.0,350.0,0.0,0.0,0.0,0.0,37
2023-05-10 21:35:32,ag2312C5900,ag2312C5900,372.0,0.0,0.0,0.0,1,371.5,376.5,1,372.0,350.0,0.0,0.0,0.0,0.0,37
2023-05-10 21:35:34,ag2312C5900,ag2312C5900,372.0,0.0,0.0,0.0,1,372.0,376.5,1,372.0,350.0,0.0,0.0,0.0,0.0,37
2023-05-10 21:35:35,ag2312C5900,ag2312C5900,372.0,0.0,0.0,0.0,1,372.5,376.5,1,372.0,350.0,0.0,0.0,0.0,0.0,37
2023-05-10 21:35:36,ag2312C5900,ag2312C5900,372.0,0.0,0.0,0.0,1,372.5,377.0,1,372.0,350.0,0.0,0.0,0.0,0.0,37
2023-05-10 21:35:36,ag2312C5900,ag2312C5900,372.0,0.0,0.0,0.0,1,373.0,377.0,1,372.0,350.0,0.0,0.0,0.0,0.0,37
2023-05-10 21:35:45,ag2312C5900,ag2312C5900,372.0,0.0,0.0,0.0,1,373.0,378.5,1,372.0,350.0,0.0,0.0,0.0,0.0,37
2023-05-10 21:35:47,ag2312C5900,ag2312C5900,372.0,0.0,0.0,0.0,1,373.5,378.5,1,372.0,350.0,0.0,0.0,0.0,0.0,37
2023-05-10 21:35:53,ag2312C5900,ag2312C5900,372.0,0.0,0.0,0.0,1,373.5,378.0,1,372.0,350.0,0.0,0.0,0.0,0.0,37
2023-05-10 21:35:56,ag2312C5900,ag2312C5900,372.0,0.0,0.0,0.0,1,374.0,378.0,1,372.0,350.0,0.0,0.0,0.0,0.0,37
2023-05-10 21:36:08,ag2312C5900,ag2312C5900,372.0,0.0,0.0,0.0,1,374.0,394.5,1,372.0,350.0,0.0,0.0,0.0,0.0,37
2023-05-10 21:36:09,ag2312C5900,ag2312C5900,372.0,0.0,0.0,0.0,1,374.0,380.0,1,372.0,350.0,0.0,0.0,0.0,0.0,37
2023-05-10 21:36:10,ag2312C5900,ag2312C5900,372.0,0.0,0.0,0.0,1,375.5,380.0,1,372.0,350.0,0.0,0.0,0.0,0.0,37
2023-05-10 21:36:11,ag2312C5900,ag2312C5900,372.0,0.0,0.0,0.0,1,374.5,380.0,1,372.0,350.0,0.0,0.0,0.0,0.0,37
2023-05-10 21:36:13,ag2312C5900,ag2312C5900,372.0,0.0,0.0,0.0,1,375.0,380.0,1,372.0,350.0,0.0,0.0,0.0,0.0,37
2023-05-10 21:36:13,ag2312C5900,ag2312C5900,372.0,0.0,0.0,0.0,1,375.5,380.0,1,372.0,350.0,0.0,0.0,0.0,0.0,37
2023-05-10 21:36:17,ag2312C5900,ag2312C5900,372.0,0.0,0.0,0.0,1,375.0,379.5,1,372.0,350.0,0.0,0.0,0.0,0.0,37
2023-05-10 21:36:24,ag2312C5900,ag2312C5900,372.0,0.0,0.0,0.0,1,374.0,379.5,1,372.0,350.0,0.0,0.0,0.0,0.0,37
2023-05-10 21:36:25,ag2312C5900,ag2312C5900,372.0,0.0,0.0,0.0,1,374.5,379.5,1,372.0,350.0,0.0,0.0,0.0,0.0,37
2023-05-10 21:36:29,ag2312C5900,ag2312C5900,372.0,0.0,0.0,0.0,1,375.0,379.5,1,372.0,350.0,0.0,0.0,0.0,0.0,37
2023-05-10 21:36:36,ag2312C5900,ag2312C5900,372.0,0.0,0.0,0.0,1,375.5,379.5,1,372.0,350.0,0.0,0.0,0.0,0.0,37
2023-05-10 21:36:50,ag2312C5900,ag2312C5900,372.0,0.0,0.0,0.0,1,376.0,380.0,1,372.0,350.0,0.0,0.0,0.0,0.0,37
2023-05-10 21:36:51,ag2312C5900,ag2312C5900,372.0,0.0,0.0,0.0,1,376.0,394.5,1,372.0,350.0,0.0,0.0,0.0,0.0,37
2023-05-10 21:36:52,ag2312C5900,ag2312C5900,372.0,0.0,0.0,0.0,1,376.0,381.0,1,372.0,350.0,0.0,0.0,0.0,0.0,37
2023-05-10 21:36:57,ag2312C5900,ag2312C5900,372.0,0.0,0.0,0.0,1,376.5,394.5,1,372.0,350.0,0.0,0.0,0.0,0.0,37
2023-05-10 21:36:58,ag2312C5900,ag2312C5900,372.0,0.0,0.0,0.0,1,376.5,381.0,1,372.0,350.0,0.0,0.0,0.0,0.0,37
2023-05-10 21:37:01,ag2312C5900,ag2312C5900,372.0,0.0,0.0,0.0,1,376.0,381.0,1,372.0,350.0,0.0,0.0,0.0,0.0,37
2023-05-10 21:37:06,ag2312C5900,ag2312C5900,372.0,0.0,0.0,0.0,1,376.5,381.0,1,372.0,350.0,0.0,0.0,0.0,0.0,37
2023-05-10 21:37:22,ag2312C5900,ag2312C5900,372.0,0.0,0.0,0.0,1,377.0,381.0,1,372.0,350.0,0.0,0.0,0.0,0.0,37
2023-05-10 21:37:27,ag2312C5900,ag2312C5900,372.0,0.0,0.0,0.0,1,377.5,382.0,1,372.0,350.0,0.0,0.0,0.0,0.0,37
2023-05-10 21:37:28,ag2312C5900,ag2312C5900,372.0,0.0,0.0,0.0,1,377.5,394.5,1,372.0,350.0,0.0,0.0,0.0,0.0,37
2023-05-10 21:37:29,ag2312C5900,ag2312C5900,372.0,0.0,0.0,0.0,1,378.5,383.5,1,372.0,350.0,0.0,0.0,0.0,0.0,37
2023-05-10 21:37:31,ag2312C5900,ag2312C5900,372.0,0.0,0.0,0.0,1,377.5,383.0,1,372.0,350.0,0.0,0.0,0.0,0.0,37
2023-05-10 21:37:32,ag2312C5900,ag2312C5900,372.0,0.0,0.0,0.0,1,377.5,382.0,1,372.0,350.0,0.0,0.0,0.0,0.0,37
2023-05-10 21:37:36,ag2312C5900,ag2312C5900,372.0,0.0,0.0,0.0,1,378.0,382.0,1,372.0,350.0,0.0,0.0,0.0,0.0,37
2023-05-10 21:37:36,ag2312C5900,ag2312C5900,372.0,0.0,0.0,0.0,1,378.5,383.0,1,372.0,350.0,0.0,0.0,0.0,0.0,37
2023-05-10 21:37:42,ag2312C5900,ag2312C5900,372.0,0.0,0.0,0.0,1,378.0,382.5,1,372.0,350.0,0.0,0.0,0.0,0.0,37
2023-05-10 21:37:43,ag2312C5900,ag2312C5900,372.0,0.0,0.0,0.0,1,365.0,382.5,1,372.0,350.0,0.0,0.0,0.0,0.0,37
2023-05-10 21:37:44,ag2312C5900,ag2312C5900,372.0,0.0,0.0,0.0,1,376.5,381.5,1,372.0,350.0,0.0,0.0,0.0,0.0,37
2023-05-10 21:37:46,ag2312C5900,ag2312C5900,372.0,0.0,0.0,0.0,1,377.0,381.5,1,372.0,350.0,0.0,0.0,0.0,0.0,37
2023-05-10 21:37:54,ag2312C5900,ag2312C5900,372.0,0.0,0.0,0.0,1,377.5,381.5,1,372.0,350.0,0.0,0.0,0.0,0.0,37
2023-05-10 21:38:01,ag2312C5900,ag2312C5900,372.0,0.0,0.0,0.0,1,378.0,382.5,1,372.0,350.0,0.0,0.0,0.0,0.0,37
2023-05-10 21:38:02,ag2312C5900,ag2312C5900,372.0,0.0,0.0,0.0,1,377.5,382.0,1,372.0,350.0,0.0,0.0,0.0,0.0,37
2023-05-10 21:38:05,ag2312C5900,ag2312C5900,372.0,0.0,0.0,0.0,1,376.5,381.5,1,372.0,350.0,0.0,0.0,0.0,0.0,37
2023-05-10 21:38:09,ag2312C5900,ag2312C5900,372.0,0.0,0.0,0.0,1,376.5,381.0,1,372.0,350.0,0.0,0.0,0.0,0.0,37
2023-05-10 21:38:16,ag2312C5900,ag2312C5900,372.0,0.0,0.0,0.0,1,375.5,381.0,1,372.0,350.0,0.0,0.0,0.0,0.0,37
2023-05-10 21:38:20,ag2312C5900,ag2312C5900,372.0,0.0,0.0,0.0,1,375.5,380.5,1,372.0,350.0,0.0,0.0,0.0,0.0,37
2023-05-10 21:38:23,ag2312C5900,ag2312C5900,372.0,0.0,0.0,0.0,1,376.0,380.5,1,372.0,350.0,0.0,0.0,0.0,0.0,37
2023-05-10 21:38:25,ag2312C5900,ag2312C5900,372.0,0.0,0.0,0.0,1,376.5,380.5,1,372.0,350.0,0.0,0.0,0.0,0.0,37
2023-05-10 21:38:41,ag2312C5900,ag2312C5900,372.0,0.0,0.0,0.0,1,376.0,380.5,1,372.0,350.0,0.0,0.0,0.0,0.0,37
2023-05-10 21:38:58,ag2312C5900,ag2312C5900,372.0,0.0,0.0,0.0,1,375.0,380.0,1,372.0,350.0,0.0,0.0,0.0,0.0,37
2023-05-10 21:39:00,ag2312C5900,ag2312C5900,372.0,0.0,0.0,0.0,1,375.0,379.0,1,372.0,350.0,0.0,0.0,0.0,0.0,37
2023-05-10 21:39:02,ag2312C5900,ag2312C5900,372.0,0.0,0.0,0.0,1,374.0,379.0,1,372.0,350.0,0.0,0.0,0.0,0.0,37
2023-05-10 21:39:14,ag2312C5900,ag2312C5900,372.0,0.0,0.0,0.0,1,374.5,379.0,1,372.0,350.0,0.0,0.0,0.0,0.0,37
2023-05-10 21:39:18,ag2312C5900,ag2312C5900,372.0,0.0,0.0,0.0,1,374.0,378.5,1,372.0,350.0,0.0,0.0,0.0,0.0,37
2023-05-10 21:39:23,ag2312C5900,ag2312C5900,372.0,0.0,0.0,0.0,1,373.0,378.5,1,372.0,350.0,0.0,0.0,0.0,0.0,37
2023-05-10 21:39:24,ag2312C5900,ag2312C5900,372.0,0.0,0.0,0.0,1,373.5,378.5,1,372.0,350.0,0.0,0.0,0.0,0.0,37
2023-05-10 21:39:36,ag2312C5900,ag2312C5900,372.0,0.0,0.0,0.0,1,373.5,377.5,1,372.0,350.0,0.0,0.0,0.0,0.0,37
2023-05-10 21:39:43,ag2312C5900,ag2312C5900,372.0,0.0,0.0,0.0,1,373.0,377.5,1,372.0,350.0,0.0,0.0,0.0,0.0,37
2023-05-10 21:39:52,ag2312C5900,ag2312C5900,372.0,0.0,0.0,0.0,1,372.0,377.5,1,372.0,350.0,0.0,0.0,0.0,0.0,37
2023-05-10 21:39:52,ag2312C5900,ag2312C5900,372.0,0.0,0.0,0.0,1,372.0,377.0,1,372.0,350.0,0.0,0.0,0.0,0.0,37
2023-05-10 21:39:58,ag2312C5900,ag2312C5900,372.0,0.0,0.0,0.0,1,365.0,376.5,1,372.0,350.0,0.0,0.0,0.0,0.0,37
2023-05-10 21:39:59,ag2312C5900,ag2312C5900,372.0,0.0,0.0,0.0,1,372.0,376.5,1,372.0,350.0,0.0,0.0,0.0,0.0,37
2023-05-10 21:40:01,ag2312C5900,ag2312C5900,372.0,0.0,0.0,0.0,1,365.0,376.5,1,372.0,350.0,0.0,0.0,0.0,0.0,37
2023-05-10 21:40:02,ag2312C5900,ag2312C5900,372.0,0.0,0.0,0.0,1,371.0,376.5,1,372.0,350.0,0.0,0.0,0.0,0.0,37
2023-05-10 21:40:02,ag2312C5900,ag2312C5900,372.0,0.0,0.0,0.0,1,371.0,376.0,1,372.0,350.0,0.0,0.0,0.0,0.0,37
2023-05-10 21:40:03,ag2312C5900,ag2312C5900,372.0,0.0,0.0,0.0,1,365.0,375.5,1,372.0,350.0,0.0,0.0,0.0,0.0,37
2023-05-10 21:40:04,ag2312C5900,ag2312C5900,372.0,0.0,0.0,0.0,1,369.5,375.5,1,372.0,350.0,0.0,0.0,0.0,0.0,37
2023-05-10 21:40:05,ag2312C5900,ag2312C5900,372.0,0.0,0.0,0.0,1,370.0,375.5,1,372.0,350.0,0.0,0.0,0.0,0.0,37
2023-05-10 21:40:08,ag2312C5900,ag2312C5900,372.0,0.0,0.0,0.0,1,370.0,374.5,1,372.0,350.0,0.0,0.0,0.0,0.0,37
2023-05-10 21:40:13,ag2312C5900,ag2312C5900,372.0,0.0,0.0,0.0,1,370.5,374.5,1,372.0,350.0,0.0,0.0,0.0,0.0,37
2023-05-10 21:40:26,ag2312C5900,ag2312C5900,372.0,0.0,0.0,0.0,1,371.0,375.5,1,372.0,350.0,0.0,0.0,0.0,0.0,37
2023-05-10 21:40:33,ag2312C5900,ag2312C5900,372.0,0.0,0.0,0.0,1,371.5,375.5,1,372.0,350.0,0.0,0.0,0.0,0.0,37
2023-05-10 21:40:43,ag2312C5900,ag2312C5900,372.0,0.0,0.0,0.0,1,372.0,376.5,1,372.0,350.0,0.0,0.0,0.0,0.0,37
2023-05-10 21:40:56,ag2312C5900,ag2312C5900,372.0,0.0,0.0,0.0,1,372.5,376.5,1,372.0,350.0,0.0,0.0,0.0,0.0,37
2023-05-10 21:40:57,ag2312C5900,ag2312C5900,372.0,0.0,0.0,0.0,1,372.5,377.5,1,372.0,350.0,0.0,0.0,0.0,0.0,37
2023-05-10 21:41:01,ag2312C5900,ag2312C5900,372.0,0.0,0.0,0.0,1,372.0,377.0,1,372.0,350.0,0.0,0.0,0.0,0.0,37
2023-05-10 21:41:02,ag2312C5900,ag2312C5900,372.0,0.0,0.0,0.0,1,372.0,376.5,1,372.0,350.0,0.0,0.0,0.0,0.0,37
2023-05-10 21:41:04,ag2312C5900,ag2312C5900,372.0,0.0,0.0,0.0,1,371.0,376.5,1,372.0,350.0,0.0,0.0,0.0,0.0,37
2023-05-10 21:41:04,ag2312C5900,ag2312C5900,372.0,0.0,0.0,0.0,1,371.5,376.5,1,372.0,350.0,0.0,0.0,0.0,0.0,37
2023-05-10 21:41:13,ag2312C5900,ag2312C5900,372.0,0.0,0.0,0.0,1,371.5,376.0,1,372.0,350.0,0.0,0.0,0.0,0.0,37
2023-05-10 21:41:13,ag2312C5900,ag2312C5900,372.0,0.0,0.0,0.0,1,371.0,376.0,1,372.0,350.0,0.0,0.0,0.0,0.0,37
2023-05-10 21:41:21,ag2312C5900,ag2312C5900,372.0,0.0,0.0,0.0,1,371.5,376.0,1,372.0,350.0,0.0,0.0,0.0,0.0,37
2023-05-10 21:41:26,ag2312C5900,ag2312C5900,372.0,0.0,0.0,0.0,1,371.0,375.5,1,372.0,350.0,0.0,0.0,0.0,0.0,37
2023-05-10 21:41:33,ag2312C5900,ag2312C5900,372.0,0.0,0.0,0.0,1,370.0,375.5,1,372.0,350.0,0.0,0.0,0.0,0.0,37
2023-05-10 21:41:36,ag2312C5900,ag2312C5900,372.0,0.0,0.0,0.0,1,370.5,375.5,1,372.0,350.0,0.0,0.0,0.0,0.0,37
2023-05-10 21:41:52,ag2312C5900,ag2312C5900,372.0,0.0,0.0,0.0,1,370.0,374.5,1,372.0,350.0,0.0,0.0,0.0,0.0,37
2023-05-10 21:41:57,ag2312C5900,ag2312C5900,372.0,0.0,0.0,0.0,1,369.0,374.5,1,372.0,350.0,0.0,0.0,0.0,0.0,37
2023-05-10 21:41:58,ag2312C5900,ag2312C5900,372.0,0.0,0.0,0.0,1,369.0,374.0,1,372.0,350.0,0.0,0.0,0.0,0.0,37
2023-05-10 21:42:01,ag2312C5900,ag2312C5900,372.0,0.0,0.0,0.0,1,365.0,372.5,1,372.0,350.0,0.0,0.0,0.0,0.0,37
2023-05-10 21:42:02,ag2312C5900,ag2312C5900,372.0,0.0,0.0,0.0,1,367.0,372.5,1,372.0,350.0,0.0,0.0,0.0,0.0,37
2023-05-10 21:42:03,ag2312C5900,ag2312C5900,372.0,0.0,0.0,0.0,1,367.5,372.5,1,372.0,350.0,0.0,0.0,0.0,0.0,37
2023-05-10 21:42:04,ag2312C5900,ag2312C5900,372.0,0.0,0.0,0.0,1,368.0,372.5,1,372.0,350.0,0.0,0.0,0.0,0.0,37
2023-05-10 21:42:09,ag2312C5900,ag2312C5900,372.0,0.0,0.0,0.0,1,367.5,372.0,1,372.0,350.0,0.0,0.0,0.0,0.0,37
2023-05-10 21:42:13,ag2312C5900,ag2312C5900,372.0,0.0,0.0,0.0,1,366.5,371.5,1,372.0,350.0,0.0,0.0,0.0,0.0,37
2023-05-10 21:42:14,ag2312C5900,ag2312C5900,372.0,0.0,0.0,0.0,1,365.5,370.0,1,372.0,350.0,0.0,0.0,0.0,0.0,37
2023-05-10 21:42:15,ag2312C5900,ag2312C5900,372.0,0.0,0.0,0.0,1,365.5,370.0,1,372.0,350.0,0.0,0.0,0.0,0.0,37
2023-05-10 21:42:17,ag2312C5900,ag2312C5900,372.0,0.0,0.0,0.0,1,366.5,371.5,1,372.0,350.0,0.0,0.0,0.0,0.0,37
2023-05-10 21:42:17,ag2312C5900,ag2312C5900,372.0,0.0,0.0,0.0,1,366.5,371.0,1,372.0,350.0,0.0,0.0,0.0,0.0,37
2023-05-10 21:42:22,ag2312C5900,ag2312C5900,372.0,0.0,0.0,0.0,1,367.0,371.0,1,372.0,350.0,0.0,0.0,0.0,0.0,37
2023-05-10 21:42:24,ag2312C5900,ag2312C5900,372.0,0.0,0.0,0.0,1,367.0,371.5,1,372.0,350.0,0.0,0.0,0.0,0.0,37
2023-05-10 21:42:26,ag2312C5900,ag2312C5900,372.0,0.0,0.0,0.0,1,367.5,371.5,1,372.0,350.0,0.0,0.0,0.0,0.0,37
2023-05-10 21:42:27,ag2312C5900,ag2312C5900,372.0,0.0,0.0,0.0,1,367.5,372.5,1,372.0,350.0,0.0,0.0,0.0,0.0,37
2023-05-10 21:42:30,ag2312C5900,ag2312C5900,372.0,0.0,0.0,0.0,1,367.0,372.0,1,372.0,350.0,0.0,0.0,0.0,0.0,37
2023-05-10 21:42:33,ag2312C5900,ag2312C5900,372.0,0.0,0.0,0.0,1,367.0,371.5,1,372.0,350.0,0.0,0.0,0.0,0.0,37
2023-05-10 21:42:34,ag2312C5900,ag2312C5900,372.0,0.0,0.0,0.0,1,366.0,371.5,1,372.0,350.0,0.0,0.0,0.0,0.0,37
2023-05-10 21:42:36,ag2312C5900,ag2312C5900,372.0,0.0,0.0,0.0,1,366.5,371.5,1,372.0,350.0,0.0,0.0,0.0,0.0,37
2023-05-10 21:42:44,ag2312C5900,ag2312C5900,372.0,0.0,0.0,0.0,1,366.5,371.0,1,372.0,350.0,0.0,0.0,0.0,0.0,37
2023-05-10 21:42:45,ag2312C5900,ag2312C5900,372.0,0.0,0.0,0.0,1,366.0,371.0,1,372.0,350.0,0.0,0.0,0.0,0.0,37
2023-05-10 21:42:46,ag2312C5900,ag2312C5900,372.0,0.0,0.0,0.0,1,366.0,370.5,1,372.0,350.0,0.0,0.0,0.0,0.0,37
2023-05-10 21:42:53,ag2312C5900,ag2312C5900,372.0,0.0,0.0,0.0,1,366.5,370.5,1,372.0,350.0,0.0,0.0,0.0,0.0,37
2023-05-10 21:42:54,ag2312C5900,ag2312C5900,372.0,0.0,0.0,0.0,1,366.5,371.0,1,372.0,350.0,0.0,0.0,0.0,0.0,37
2023-05-10 21:42:54,ag2312C5900,ag2312C5900,372.0,0.0,0.0,0.0,1,367.0,371.0,1,372.0,350.0,0.0,0.0,0.0,0.0,37
2023-05-10 21:43:04,ag2312C5900,ag2312C5900,372.0,0.0,0.0,0.0,1,366.5,371.0,1,372.0,350.0,0.0,0.0,0.0,0.0,37
2023-05-10 21:43:05,ag2312C5900,ag2312C5900,372.0,0.0,0.0,0.0,1,357.0,371.0,1,372.0,350.0,0.0,0.0,0.0,0.0,37
2023-05-10 21:43:05,ag2312C5900,ag2312C5900,372.0,0.0,0.0,0.0,1,365.5,371.0,1,372.0,350.0,0.0,0.0,0.0,0.0,37
2023-05-10 21:43:08,ag2312C5900,ag2312C5900,372.0,0.0,0.0,0.0,1,365.5,370.5,1,372.0,350.0,0.0,0.0,0.0,0.0,37
2023-05-10 21:43:09,ag2312C5900,ag2312C5900,372.0,0.0,0.0,0.0,1,366.0,370.5,1,372.0,350.0,0.0,0.0,0.0,0.0,37
2023-05-10 21:43:11,ag2312C5900,ag2312C5900,372.0,0.0,0.0,0.0,1,366.5,370.5,1,372.0,350.0,0.0,0.0,0.0,0.0,37
2023-05-10 21:43:13,ag2312C5900,ag2312C5900,372.0,0.0,0.0,0.0,1,367.0,370.5,1,372.0,350.0,0.0,0.0,0.0,0.0,37
2023-05-10 21:43:14,ag2312C5900,ag2312C5900,372.0,0.0,0.0,0.0,1,367.0,371.0,1,372.0,350.0,0.0,0.0,0.0,0.0,37
2023-05-10 21:43:20,ag2312C5900,ag2312C5900,372.0,0.0,0.0,0.0,1,367.0,372.0,1,372.0,350.0,0.0,0.0,0.0,0.0,37
2023-05-10 21:43:21,ag2312C5900,ag2312C5900,372.0,0.0,0.0,0.0,1,367.5,372.0,1,372.0,350.0,0.0,0.0,0.0,0.0,37
2023-05-10 21:43:23,ag2312C5900,ag2312C5900,372.0,0.0,0.0,0.0,1,368.0,372.0,1,372.0,350.0,0.0,0.0,0.0,0.0,37
2023-05-10 21:43:24,ag2312C5900,ag2312C5900,372.0,0.0,0.0,0.0,1,368.0,384.0,1,372.0,350.0,0.0,0.0,0.0,0.0,37
2023-05-10 21:43:24,ag2312C5900,ag2312C5900,372.0,0.0,0.0,0.0,1,368.0,373.0,1,372.0,350.0,0.0,0.0,0.0,0.0,37
2023-05-10 21:43:27,ag2312C5900,ag2312C5900,372.0,0.0,0.0,0.0,1,368.5,373.0,1,372.0,350.0,0.0,0.0,0.0,0.0,37
2023-05-10 21:43:51,ag2312C5900,ag2312C5900,372.0,0.0,0.0,0.0,1,369.0,373.0,1,372.0,350.0,0.0,0.0,0.0,0.0,37
2023-05-10 21:43:52,ag2312C5900,ag2312C5900,372.0,0.0,0.0,0.0,1,369.0,384.0,1,372.0,350.0,0.0,0.0,0.0,0.0,37
2023-05-10 21:43:52,ag2312C5900,ag2312C5900,372.0,0.0,0.0,0.0,1,369.0,374.0,1,372.0,350.0,0.0,0.0,0.0,0.0,37
2023-05-10 21:43:55,ag2312C5900,ag2312C5900,372.0,0.0,0.0,0.0,1,369.0,374.0,1,372.0,350.0,0.0,0.0,0.0,0.0,37
2023-05-10 21:43:59,ag2312C5900,ag2312C5900,372.0,0.0,0.0,0.0,1,369.5,374.0,1,372.0,350.0,0.0,0.0,0.0,0.0,37
2023-05-10 21:44:02,ag2312C5900,ag2312C5900,372.0,0.0,0.0,0.0,1,370.0,384.0,1,372.0,350.0,0.0,0.0,0.0,0.0,37
2023-05-10 21:44:03,ag2312C5900,ag2312C5900,372.0,0.0,0.0,0.0,1,370.0,375.0,1,372.0,350.0,0.0,0.0,0.0,0.0,37
2023-05-10 21:44:05,ag2312C5900,ag2312C5900,372.0,0.0,0.0,0.0,1,370.5,375.0,1,372.0,350.0,0.0,0.0,0.0,0.0,37
2023-05-10 21:44:17,ag2312C5900,ag2312C5900,372.0,0.0,0.0,0.0,1,370.0,374.5,1,372.0,350.0,0.0,0.0,0.0,0.0,37
2023-05-10 21:44:28,ag2312C5900,ag2312C5900,372.0,0.0,0.0,0.0,1,370.5,374.5,1,372.0,350.0,0.0,0.0,0.0,0.0,37
2023-05-10 21:44:37,ag2312C5900,ag2312C5900,372.0,0.0,0.0,0.0,1,370.0,374.5,1,372.0,350.0,0.0,0.0,0.0,0.0,37
2023-05-10 21:44:55,ag2312C5900,ag2312C5900,372.0,0.0,0.0,0.0,1,370.5,374.5,1,372.0,350.0,0.0,0.0,0.0,0.0,37
2023-05-10 21:45:12,ag2312C5900,ag2312C5900,372.0,0.0,0.0,0.0,1,370.5,375.0,1,372.0,350.0,0.0,0.0,0.0,0.0,37
2023-05-10 21:45:13,ag2312C5900,ag2312C5900,372.0,0.0,0.0,0.0,1,370.5,384.0,1,372.0,350.0,0.0,0.0,0.0,0.0,37
2023-05-10 21:45:13,ag2312C5900,ag2312C5900,372.0,0.0,0.0,0.0,1,371.0,376.0,1,372.0,350.0,0.0,0.0,0.0,0.0,37
2023-05-10 21:45:14,ag2312C5900,ag2312C5900,372.0,0.0,0.0,0.0,1,371.5,376.0,1,372.0,350.0,0.0,0.0,0.0,0.0,37
2023-05-10 21:45:15,ag2312C5900,ag2312C5900,372.0,0.0,0.0,0.0,1,371.5,384.0,1,372.0,350.0,0.0,0.0,0.0,0.0,37
2023-05-10 21:45:16,ag2312C5900,ag2312C5900,372.0,0.0,0.0,0.0,1,372.0,384.0,1,372.0,350.0,0.0,0.0,0.0,0.0,37
2023-05-10 21:45:17,ag2312C5900,ag2312C5900,372.0,0.0,0.0,0.0,1,372.5,377.0,1,372.0,350.0,0.0,0.0,0.0,0.0,37
2023-05-10 21:45:20,ag2312C5900,ag2312C5900,372.0,0.0,0.0,0.0,1,372.0,377.0,1,372.0,350.0,0.0,0.0,0.0,0.0,37
2023-05-10 21:45:25,ag2312C5900,ag2312C5900,372.0,0.0,0.0,0.0,1,372.5,377.0,1,372.0,350.0,0.0,0.0,0.0,0.0,37
2023-05-10 21:45:30,ag2312C5900,ag2312C5900,372.0,0.0,0.0,0.0,1,372.5,376.5,1,372.0,350.0,0.0,0.0,0.0,0.0,37
2023-05-10 21:45:31,ag2312C5900,ag2312C5900,372.0,0.0,0.0,0.0,1,372.0,376.5,1,372.0,350.0,0.0,0.0,0.0,0.0,37
2023-05-10 21:45:43,ag2312C5900,ag2312C5900,372.0,0.0,0.0,0.0,1,371.0,376.5,1,372.0,350.0,0.0,0.0,0.0,0.0,37
2023-05-10 21:45:44,ag2312C5900,ag2312C5900,372.0,0.0,0.0,0.0,1,372.0,376.5,1,372.0,350.0,0.0,0.0,0.0,0.0,37
2023-05-10 21:46:03,ag2312C5900,ag2312C5900,372.0,0.0,0.0,0.0,1,371.5,376.5,1,372.0,350.0,0.0,0.0,0.0,0.0,37
2023-05-10 21:46:03,ag2312C5900,ag2312C5900,372.0,0.0,0.0,0.0,1,357.0,376.5,1,372.0,350.0,0.0,0.0,0.0,0.0,37
2023-05-10 21:46:04,ag2312C5900,ag2312C5900,372.0,0.0,0.0,0.0,1,357.0,376.0,1,372.0,350.0,0.0,0.0,0.0,0.0,37
2023-05-10 21:46:05,ag2312C5900,ag2312C5900,372.0,0.0,0.0,0.0,1,371.0,376.0,1,372.0,350.0,0.0,0.0,0.0,0.0,37
2023-05-10 21:46:11,ag2312C5900,ag2312C5900,372.0,0.0,0.0,0.0,1,371.0,376.5,1,372.0,350.0,0.0,0.0,0.0,0.0,37
2023-05-10 21:46:12,ag2312C5900,ag2312C5900,372.0,0.0,0.0,0.0,1,372.5,376.5,1,372.0,350.0,0.0,0.0,0.0,0.0,37
2023-05-10 21:46:22,ag2312C5900,ag2312C5900,372.0,0.0,0.0,0.0,1,372.5,384.0,1,372.0,350.0,0.0,0.0,0.0,0.0,37
2023-05-10 21:46:23,ag2312C5900,ag2312C5900,372.0,0.0,0.0,0.0,1,372.5,377.5,1,372.0,350.0,0.0,0.0,0.0,0.0,37
2023-05-10 21:46:28,ag2312C5900,ag2312C5900,372.0,0.0,0.0,0.0,1,372.5,377.5,1,372.0,350.0,0.0,0.0,0.0,0.0,37
2023-05-10 21:46:30,ag2312C5900,ag2312C5900,372.0,0.0,0.0,0.0,1,373.0,377.5,1,372.0,350.0,0.0,0.0,0.0,0.0,37
2023-05-10 21:46:32,ag2312C5900,ag2312C5900,372.0,0.0,0.0,0.0,1,373.0,378.5,1,372.0,350.0,0.0,0.0,0.0,0.0,37
2023-05-10 21:46:33,ag2312C5900,ag2312C5900,372.0,0.0,0.0,0.0,1,374.0,378.5,1,372.0,350.0,0.0,0.0,0.0,0.0,37
2023-05-10 21:46:34,ag2312C5900,ag2312C5900,372.0,0.0,0.0,0.0,1,373.0,378.5,1,372.0,350.0,0.0,0.0,0.0,0.0,37
2023-05-10 21:46:35,ag2312C5900,ag2312C5900,372.0,0.0,0.0,0.0,1,374.0,378.5,1,372.0,350.0,0.0,0.0,0.0,0.0,37
2023-05-10 21:46:45,ag2312C5900,ag2312C5900,372.0,0.0,0.0,0.0,1,374.5,378.5,1,372.0,350.0,0.0,0.0,0.0,0.0,37
2023-05-10 21:46:47,ag2312C5900,ag2312C5900,372.0,0.0,0.0,0.0,1,375.0,384.0,1,372.0,350.0,0.0,0.0,0.0,0.0,37
2023-05-10 21:46:48,ag2312C5900,ag2312C5900,372.0,0.0,0.0,0.0,1,375.0,380.0,1,372.0,350.0,0.0,0.0,0.0,0.0,37
2023-05-10 21:46:50,ag2312C5900,ag2312C5900,372.0,0.0,0.0,0.0,1,374.5,380.0,1,372.0,350.0,0.0,0.0,0.0,0.0,37
2023-05-10 21:46:51,ag2312C5900,ag2312C5900,372.0,0.0,0.0,0.0,1,374.5,379.5,1,372.0,350.0,0.0,0.0,0.0,0.0,37
2023-05-10 21:46:53,ag2312C5900,ag2312C5900,372.0,0.0,0.0,0.0,1,374.5,379.0,1,372.0,350.0,0.0,0.0,0.0,0.0,37
2023-05-10 21:47:01,ag2312C5900,ag2312C5900,372.0,0.0,0.0,0.0,1,373.5,379.0,1,372.0,350.0,0.0,0.0,0.0,0.0,37
2023-05-10 21:47:01,ag2312C5900,ag2312C5900,372.0,0.0,0.0,0.0,1,373.5,378.5,1,372.0,350.0,0.0,0.0,0.0,0.0,37
2023-05-10 21:47:05,ag2312C5900,ag2312C5900,372.0,0.0,0.0,0.0,1,374.5,378.5,1,372.0,350.0,0.0,0.0,0.0,0.0,37
2023-05-10 21:47:06,ag2312C5900,ag2312C5900,372.0,0.0,0.0,0.0,1,374.5,379.0,1,372.0,350.0,0.0,0.0,0.0,0.0,37
2023-05-10 21:47:06,ag2312C5900,ag2312C5900,372.0,0.0,0.0,0.0,1,374.5,384.0,1,372.0,350.0,0.0,0.0,0.0,0.0,37
2023-05-10 21:47:07,ag2312C5900,ag2312C5900,372.0,0.0,0.0,0.0,1,375.5,380.5,1,372.0,350.0,0.0,0.0,0.0,0.0,37
2023-05-10 21:47:08,ag2312C5900,ag2312C5900,372.0,0.0,0.0,0.0,1,375.5,380.0,1,372.0,350.0,0.0,0.0,0.0,0.0,37
2023-05-10 21:47:10,ag2312C5900,ag2312C5900,372.0,0.0,0.0,0.0,1,374.5,380.0,1,372.0,350.0,0.0,0.0,0.0,0.0,37
2023-05-10 21:47:12,ag2312C5900,ag2312C5900,372.0,0.0,0.0,0.0,1,375.0,380.0,1,372.0,350.0,0.0,0.0,0.0,0.0,37
2023-05-10 21:47:31,ag2312C5900,ag2312C5900,372.0,0.0,0.0,0.0,1,375.5,380.0,1,372.0,350.0,0.0,0.0,0.0,0.0,37
2023-05-10 21:47:44,ag2312C5900,ag2312C5900,372.0,0.0,0.0,0.0,1,375.0,379.5,1,372.0,350.0,0.0,0.0,0.0,0.0,37
2023-05-10 21:47:52,ag2312C5900,ag2312C5900,372.0,0.0,0.0,0.0,1,375.5,379.5,1,372.0,350.0,0.0,0.0,0.0,0.0,37
2023-05-10 21:48:05,ag2312C5900,ag2312C5900,372.0,0.0,0.0,0.0,1,375.0,379.5,1,372.0,350.0,0.0,0.0,0.0,0.0,37
2023-05-10 21:48:13,ag2312C5900,ag2312C5900,372.0,0.0,0.0,0.0,1,375.5,380.0,1,372.0,350.0,0.0,0.0,0.0,0.0,37
2023-05-10 21:48:16,ag2312C5900,ag2312C5900,372.0,0.0,0.0,0.0,1,376.0,380.0,1,372.0,350.0,0.0,0.0,0.0,0.0,37
2023-05-10 21:48:22,ag2312C5900,ag2312C5900,372.0,0.0,0.0,0.0,1,375.5,380.0,1,372.0,350.0,0.0,0.0,0.0,0.0,37
2023-05-10 21:48:24,ag2312C5900,ag2312C5900,372.0,0.0,0.0,0.0,1,376.0,380.0,1,372.0,350.0,0.0,0.0,0.0,0.0,37
2023-05-10 21:48:25,ag2312C5900,ag2312C5900,372.0,0.0,0.0,0.0,1,376.0,384.0,1,372.0,350.0,0.0,0.0,0.0,0.0,37
2023-05-10 21:48:26,ag2312C5900,ag2312C5900,372.0,0.0,0.0,0.0,1,376.5,381.5,1,372.0,350.0,0.0,0.0,0.0,0.0,37
2023-05-10 21:48:28,ag2312C5900,ag2312C5900,372.0,0.0,0.0,0.0,1,376.5,381.0,1,372.0,350.0,0.0,0.0,0.0,0.0,37
2023-05-10 21:48:30,ag2312C5900,ag2312C5900,372.0,0.0,0.0,0.0,1,376.0,381.0,1,372.0,350.0,0.0,0.0,0.0,0.0,37
2023-05-10 21:48:37,ag2312C5900,ag2312C5900,372.0,0.0,0.0,0.0,1,376.0,381.0,1,372.0,350.0,0.0,0.0,0.0,0.0,37
2023-05-10 21:48:37,ag2312C5900,ag2312C5900,372.0,0.0,0.0,0.0,1,376.0,380.0,1,372.0,350.0,0.0,0.0,0.0,0.0,37
2023-05-10 21:48:38,ag2312C5900,ag2312C5900,372.0,0.0,0.0,0.0,1,357.0,380.0,1,372.0,350.0,0.0,0.0,0.0,0.0,37
2023-05-10 21:48:38,ag2312C5900,ag2312C5900,372.0,0.0,0.0,0.0,1,375.0,380.0,1,372.0,350.0,0.0,0.0,0.0,0.0,37
2023-05-10 21:48:39,ag2312C5900,ag2312C5900,372.0,0.0,0.0,0.0,1,375.5,380.0,1,372.0,350.0,0.0,0.0,0.0,0.0,37
2023-05-10 21:48:41,ag2312C5900,ag2312C5900,372.0,0.0,0.0,0.0,1,375.5,380.0,1,372.0,350.0,0.0,0.0,0.0,0.0,37
2023-05-10 21:48:46,ag2312C5900,ag2312C5900,372.0,0.0,0.0,0.0,1,375.0,380.0,1,372.0,350.0,0.0,0.0,0.0,0.0,37
2023-05-10 21:48:49,ag2312C5900,ag2312C5900,372.0,0.0,0.0,0.0,1,375.0,379.5,1,372.0,350.0,0.0,0.0,0.0,0.0,37
2023-05-10 21:48:50,ag2312C5900,ag2312C5900,372.0,0.0,0.0,0.0,1,366.0,379.5,1,372.0,350.0,0.0,0.0,0.0,0.0,37
2023-05-10 21:48:51,ag2312C5900,ag2312C5900,372.0,0.0,0.0,0.0,1,374.0,379.5,1,372.0,350.0,0.0,0.0,0.0,0.0,37
2023-05-10 21:48:52,ag2312C5900,ag2312C5900,372.0,0.0,0.0,0.0,1,374.0,379.0,1,372.0,350.0,0.0,0.0,0.0,0.0,37
2023-05-10 21:49:11,ag2312C5900,ag2312C5900,372.0,0.0,0.0,0.0,1,374.0,378.5,1,372.0,350.0,0.0,0.0,0.0,0.0,37
2023-05-10 21:49:18,ag2312C5900,ag2312C5900,372.0,0.0,0.0,0.0,1,366.0,378.5,1,372.0,350.0,0.0,0.0,0.0,0.0,37
2023-05-10 21:49:19,ag2312C5900,ag2312C5900,372.0,0.0,0.0,0.0,1,373.0,378.5,1,372.0,350.0,0.0,0.0,0.0,0.0,37
2023-05-10 21:49:19,ag2312C5900,ag2312C5900,372.0,0.0,0.0,0.0,1,373.0,378.0,1,372.0,350.0,0.0,0.0,0.0,0.0,37
2023-05-10 21:49:22,ag2312C5900,ag2312C5900,372.0,0.0,0.0,0.0,1,373.0,377.5,1,372.0,350.0,0.0,0.0,0.0,0.0,37
2023-05-10 21:49:23,ag2312C5900,ag2312C5900,372.0,0.0,0.0,0.0,1,372.0,377.5,1,372.0,350.0,0.0,0.0,0.0,0.0,37
2023-05-10 21:49:25,ag2312C5900,ag2312C5900,372.0,0.0,0.0,0.0,1,372.5,377.5,1,372.0,350.0,0.0,0.0,0.0,0.0,37
2023-05-10 21:49:28,ag2312C5900,ag2312C5900,372.0,0.0,0.0,0.0,1,372.5,377.5,1,372.0,350.0,0.0,0.0,0.0,0.0,37
2023-05-10 21:49:28,ag2312C5900,ag2312C5900,372.0,0.0,0.0,0.0,1,373.0,377.5,1,372.0,350.0,0.0,0.0,0.0,0.0,37
2023-05-10 21:49:44,ag2312C5900,ag2312C5900,372.0,0.0,0.0,0.0,1,372.5,377.5,1,372.0,350.0,0.0,0.0,0.0,0.0,37
2023-05-10 21:49:48,ag2312C5900,ag2312C5900,372.0,0.0,0.0,0.0,1,372.5,377.0,1,372.0,350.0,0.0,0.0,0.0,0.0,37
2023-05-10 21:49:58,ag2312C5900,ag2312C5900,372.0,0.0,0.0,0.0,1,371.5,377.0,1,372.0,350.0,0.0,0.0,0.0,0.0,37
2023-05-10 21:50:01,ag2312C5900,ag2312C5900,372.0,0.0,0.0,0.0,1,371.5,376.5,1,372.0,350.0,0.0,0.0,0.0,0.0,37
2023-05-10 21:50:02,ag2312C5900,ag2312C5900,372.0,0.0,0.0,0.0,1,372.5,376.5,1,372.0,350.0,0.0,0.0,0.0,0.0,37
2023-05-10 21:50:04,ag2312C5900,ag2312C5900,372.0,0.0,0.0,0.0,1,372.0,376.5,1,372.0,350.0,0.0,0.0,0.0,0.0,37
2023-05-10 21:50:12,ag2312C5900,ag2312C5900,372.0,0.0,0.0,0.0,1,372.5,376.5,1,372.0,350.0,0.0,0.0,0.0,0.0,37
2023-05-10 21:50:13,ag2312C5900,ag2312C5900,372.0,0.0,0.0,0.0,1,373.0,377.0,1,372.0,350.0,0.0,0.0,0.0,0.0,37
2023-05-10 21:50:19,ag2312C5900,ag2312C5900,372.0,0.0,0.0,0.0,1,372.5,377.0,1,372.0,350.0,0.0,0.0,0.0,0.0,37
2023-05-10 21:50:23,ag2312C5900,ag2312C5900,372.0,0.0,0.0,0.0,1,371.5,377.0,1,372.0,350.0,0.0,0.0,0.0,0.0,37
2023-05-10 21:50:27,ag2312C5900,ag2312C5900,372.0,0.0,0.0,0.0,1,372.0,377.0,1,372.0,350.0,0.0,0.0,0.0,0.0,37
2023-05-10 21:50:28,ag2312C5900,ag2312C5900,372.0,0.0,0.0,0.0,1,372.5,377.0,1,372.0,350.0,0.0,0.0,0.0,0.0,37
2023-05-10 21:50:31,ag2312C5900,ag2312C5900,372.0,0.0,0.0,0.0,1,373.0,377.0,1,372.0,350.0,0.0,0.0,0.0,0.0,37
2023-05-10 21:50:38,ag2312C5900,ag2312C5900,372.0,0.0,0.0,0.0,1,373.0,378.5,1,372.0,350.0,0.0,0.0,0.0,0.0,37
2023-05-10 21:50:40,ag2312C5900,ag2312C5900,372.0,0.0,0.0,0.0,1,373.5,378.5,1,372.0,350.0,0.0,0.0,0.0,0.0,37
2023-05-10 21:50:49,ag2312C5900,ag2312C5900,372.0,0.0,0.0,0.0,1,374.0,378.5,1,372.0,350.0,0.0,0.0,0.0,0.0,37
2023-05-10 21:50:50,ag2312C5900,ag2312C5900,372.0,0.0,0.0,0.0,1,374.0,378.5,1,372.0,350.0,0.0,0.0,0.0,0.0,37
2023-05-10 21:50:51,ag2312C5900,ag2312C5900,372.0,0.0,0.0,0.0,1,374.5,378.5,1,372.0,350.0,0.0,0.0,0.0,0.0,37
2023-05-10 21:50:53,ag2312C5900,ag2312C5900,372.0,0.0,0.0,0.0,1,374.5,379.5,1,372.0,350.0,0.0,0.0,0.0,0.0,37
2023-05-10 21:50:55,ag2312C5900,ag2312C5900,372.0,0.0,0.0,0.0,1,375.0,379.5,1,372.0,350.0,0.0,0.0,0.0,0.0,37
2023-05-10 21:51:18,ag2312C5900,ag2312C5900,372.0,0.0,0.0,0.0,1,374.5,379.0,1,372.0,350.0,0.0,0.0,0.0,0.0,37
2023-05-10 21:51:35,ag2312C5900,ag2312C5900,372.0,0.0,0.0,0.0,1,373.5,379.0,1,372.0,350.0,0.0,0.0,0.0,0.0,37
2023-05-10 21:51:37,ag2312C5900,ag2312C5900,372.0,0.0,0.0,0.0,1,374.0,379.0,1,372.0,350.0,0.0,0.0,0.0,0.0,37
2023-05-10 21:51:50,ag2312C5900,ag2312C5900,372.0,0.0,0.0,0.0,1,374.0,378.5,1,372.0,350.0,0.0,0.0,0.0,0.0,37
2023-05-10 21:51:50,ag2312C5900,ag2312C5900,372.0,0.0,0.0,0.0,1,373.5,378.5,1,372.0,350.0,0.0,0.0,0.0,0.0,37
2023-05-10 21:51:55,ag2312C5900,ag2312C5900,372.0,0.0,0.0,0.0,1,374.0,378.5,1,372.0,350.0,0.0,0.0,0.0,0.0,37
2023-05-10 21:52:40,ag2312C5900,ag2312C5900,372.0,0.0,0.0,0.0,1,373.5,378.5,1,372.0,350.0,0.0,0.0,0.0,0.0,37
2023-05-10 21:52:49,ag2312C5900,ag2312C5900,372.0,0.0,0.0,0.0,1,366.0,378.0,1,372.0,350.0,0.0,0.0,0.0,0.0,37
2023-05-10 21:52:51,ag2312C5900,ag2312C5900,372.0,0.0,0.0,0.0,1,372.5,377.0,1,372.0,350.0,0.0,0.0,0.0,0.0,37
2023-05-10 21:52:59,ag2312C5900,ag2312C5900,372.0,0.0,0.0,0.0,1,371.5,377.0,1,372.0,350.0,0.0,0.0,0.0,0.0,37
2023-05-10 21:53:00,ag2312C5900,ag2312C5900,372.0,0.0,0.0,0.0,1,372.0,377.0,1,372.0,350.0,0.0,0.0,0.0,0.0,37
2023-05-10 21:53:08,ag2312C5900,ag2312C5900,372.0,0.0,0.0,0.0,1,372.0,376.5,1,372.0,350.0,0.0,0.0,0.0,0.0,37
2023-05-10 21:53:09,ag2312C5900,ag2312C5900,372.0,0.0,0.0,0.0,1,371.5,376.5,1,372.0,350.0,0.0,0.0,0.0,0.0,37
2023-05-10 21:53:16,ag2312C5900,ag2312C5900,372.0,0.0,0.0,0.0,1,372.0,376.5,1,372.0,350.0,0.0,0.0,0.0,0.0,37
2023-05-10 21:53:24,ag2312C5900,ag2312C5900,372.0,0.0,0.0,0.0,1,372.5,377.0,1,372.0,350.0,0.0,0.0,0.0,0.0,37
2023-05-10 21:53:25,ag2312C5900,ag2312C5900,372.0,0.0,0.0,0.0,1,372.5,384.0,1,372.0,350.0,0.0,0.0,0.0,0.0,37
2023-05-10 21:53:26,ag2312C5900,ag2312C5900,372.0,0.0,0.0,0.0,1,373.0,378.0,1,372.0,350.0,0.0,0.0,0.0,0.0,37
2023-05-10 21:53:37,ag2312C5900,ag2312C5900,372.0,0.0,0.0,0.0,1,373.5,378.0,1,372.0,350.0,0.0,0.0,0.0,0.0,37
2023-05-10 21:54:10,ag2312C5900,ag2312C5900,372.0,0.0,0.0,0.0,1,366.0,377.5,1,372.0,350.0,0.0,0.0,0.0,0.0,37
2023-05-10 21:54:11,ag2312C5900,ag2312C5900,372.0,0.0,0.0,0.0,1,372.0,377.5,1,372.0,350.0,0.0,0.0,0.0,0.0,37
2023-05-10 21:54:12,ag2312C5900,ag2312C5900,372.0,0.0,0.0,0.0,1,372.0,377.0,1,372.0,350.0,0.0,0.0,0.0,0.0,37
2023-05-10 21:54:20,ag2312C5900,ag2312C5900,372.0,0.0,0.0,0.0,1,372.0,376.5,1,372.0,350.0,0.0,0.0,0.0,0.0,37
2023-05-10 21:54:29,ag2312C5900,ag2312C5900,372.0,0.0,0.0,0.0,1,372.5,377.0,1,372.0,350.0,0.0,0.0,0.0,0.0,37
2023-05-10 21:54:38,ag2312C5900,ag2312C5900,372.0,0.0,0.0,0.0,1,372.0,376.5,1,372.0,350.0,0.0,0.0,0.0,0.0,37
2023-05-10 21:54:56,ag2312C5900,ag2312C5900,372.0,0.0,0.0,0.0,1,372.5,376.5,1,372.0,350.0,0.0,0.0,0.0,0.0,37
2023-05-10 21:54:57,ag2312C5900,ag2312C5900,372.0,0.0,0.0,0.0,1,372.5,377.0,1,372.0,350.0,0.0,0.0,0.0,0.0,37
2023-05-10 21:54:59,ag2312C5900,ag2312C5900,372.0,0.0,0.0,0.0,1,373.0,377.0,1,372.0,350.0,0.0,0.0,0.0,0.0,37
2023-05-10 21:55:07,ag2312C5900,ag2312C5900,372.0,0.0,0.0,0.0,1,372.5,377.0,1,372.0,350.0,0.0,0.0,0.0,0.0,37
2023-05-10 21:55:07,ag2312C5900,ag2312C5900,372.0,0.0,0.0,0.0,1,371.5,376.5,1,372.0,350.0,0.0,0.0,0.0,0.0,37
2023-05-10 21:55:18,ag2312C5900,ag2312C5900,372.0,0.0,0.0,0.0,1,372.0,376.5,1,372.0,350.0,0.0,0.0,0.0,0.0,37
2023-05-10 21:55:42,ag2312C5900,ag2312C5900,372.0,0.0,0.0,0.0,1,372.5,376.5,1,372.0,350.0,0.0,0.0,0.0,0.0,37
2023-05-10 21:55:45,ag2312C5900,ag2312C5900,372.0,0.0,0.0,0.0,1,372.5,377.0,1,372.0,350.0,0.0,0.0,0.0,0.0,37
2023-05-10 21:55:52,ag2312C5900,ag2312C5900,372.0,0.0,0.0,0.0,1,373.0,377.0,1,372.0,350.0,0.0,0.0,0.0,0.0,37
2023-05-10 21:55:55,ag2312C5900,ag2312C5900,372.0,0.0,0.0,0.0,1,372.5,377.0,1,372.0,350.0,0.0,0.0,0.0,0.0,37
2023-05-10 21:56:03,ag2312C5900,ag2312C5900,372.0,0.0,0.0,0.0,1,371.5,377.0,1,372.0,350.0,0.0,0.0,0.0,0.0,37
2023-05-10 21:56:04,ag2312C5900,ag2312C5900,372.0,0.0,0.0,0.0,1,372.0,377.0,1,372.0,350.0,0.0,0.0,0.0,0.0,37
2023-05-10 21:56:14,ag2312C5900,ag2312C5900,372.0,0.0,0.0,0.0,1,372.5,377.0,1,372.0,350.0,0.0,0.0,0.0,0.0,37
2023-05-10 21:56:20,ag2312C5900,ag2312C5900,372.0,0.0,0.0,0.0,1,373.0,377.0,1,372.0,350.0,0.0,0.0,0.0,0.0,37
2023-05-10 21:56:22,ag2312C5900,ag2312C5900,372.0,0.0,0.0,0.0,1,373.0,378.0,1,372.0,350.0,0.0,0.0,0.0,0.0,37
2023-05-10 21:56:32,ag2312C5900,ag2312C5900,372.0,0.0,0.0,0.0,1,373.0,377.5,1,372.0,350.0,0.0,0.0,0.0,0.0,37
2023-05-10 21:56:44,ag2312C5900,ag2312C5900,372.0,0.0,0.0,0.0,1,372.5,377.5,1,372.0,350.0,0.0,0.0,0.0,0.0,37
2023-05-10 21:56:45,ag2312C5900,ag2312C5900,372.0,0.0,0.0,0.0,1,373.0,377.5,1,372.0,350.0,0.0,0.0,0.0,0.0,37
2023-05-10 21:57:08,ag2312C5900,ag2312C5900,372.0,0.0,0.0,0.0,1,372.5,377.5,1,372.0,350.0,0.0,0.0,0.0,0.0,37
2023-05-10 21:57:20,ag2312C5900,ag2312C5900,372.0,0.0,0.0,0.0,1,373.0,377.5,1,372.0,350.0,0.0,0.0,0.0,0.0,37
2023-05-10 21:57:26,ag2312C5900,ag2312C5900,372.0,0.0,0.0,0.0,1,372.5,377.5,1,372.0,350.0,0.0,0.0,0.0,0.0,37
2023-05-10 21:57:29,ag2312C5900,ag2312C5900,372.0,0.0,0.0,0.0,1,366.0,377.0,1,372.0,350.0,0.0,0.0,0.0,0.0,37
2023-05-10 21:57:30,ag2312C5900,ag2312C5900,372.0,0.0,0.0,0.0,1,371.5,377.0,1,372.0,350.0,0.0,0.0,0.0,0.0,37
2023-05-10 21:57:38,ag2312C5900,ag2312C5900,372.0,0.0,0.0,0.0,1,372.0,377.0,1,372.0,350.0,0.0,0.0,0.0,0.0,37
2023-05-10 21:57:44,ag2312C5900,ag2312C5900,372.0,0.0,0.0,0.0,1,372.0,376.5,1,372.0,350.0,0.0,0.0,0.0,0.0,37
2023-05-10 21:57:57,ag2312C5900,ag2312C5900,372.0,0.0,0.0,0.0,1,371.5,376.5,1,372.0,350.0,0.0,0.0,0.0,0.0,37
2023-05-10 21:58:04,ag2312C5900,ag2312C5900,372.0,0.0,0.0,0.0,1,372.0,376.5,1,372.0,350.0,0.0,0.0,0.0,0.0,37
2023-05-10 21:58:07,ag2312C5900,ag2312C5900,372.0,0.0,0.0,0.0,1,372.5,376.5,1,372.0,350.0,0.0,0.0,0.0,0.0,37
2023-05-10 21:58:30,ag2312C5900,ag2312C5900,372.0,0.0,0.0,0.0,1,372.0,376.5,1,372.0,350.0,0.0,0.0,0.0,0.0,37
2023-05-10 21:58:50,ag2312C5900,ag2312C5900,372.0,0.0,0.0,0.0,1,372.0,376.0,1,372.0,350.0,0.0,0.0,0.0,0.0,37
2023-05-10 21:58:51,ag2312C5900,ag2312C5900,372.0,0.0,0.0,0.0,1,371.0,376.0,1,372.0,350.0,0.0,0.0,0.0,0.0,37
2023-05-10 21:59:21,ag2312C5900,ag2312C5900,372.0,0.0,0.0,0.0,1,371.0,375.5,1,372.0,350.0,0.0,0.0,0.0,0.0,37
2023-05-10 21:59:21,ag2312C5900,ag2312C5900,372.0,0.0,0.0,0.0,1,366.0,375.5,1,372.0,350.0,0.0,0.0,0.0,0.0,37
2023-05-10 21:59:22,ag2312C5900,ag2312C5900,372.0,0.0,0.0,0.0,1,369.5,375.5,1,372.0,350.0,0.0,0.0,0.0,0.0,37
2023-05-10 21:59:23,ag2312C5900,ag2312C5900,372.0,0.0,0.0,0.0,1,370.0,375.5,1,372.0,350.0,0.0,0.0,0.0,0.0,37
2023-05-10 21:59:23,ag2312C5900,ag2312C5900,372.0,0.0,0.0,0.0,1,370.0,375.0,1,372.0,350.0,0.0,0.0,0.0,0.0,37
2023-05-10 21:59:26,ag2312C5900,ag2312C5900,372.0,0.0,0.0,0.0,1,370.5,375.0,1,372.0,350.0,0.0,0.0,0.0,0.0,37
2023-05-10 21:59:37,ag2312C5900,ag2312C5900,372.0,0.0,0.0,0.0,1,371.0,375.0,1,372.0,350.0,0.0,0.0,0.0,0.0,37
2023-05-10 21:59:40,ag2312C5900,ag2312C5900,372.0,0.0,0.0,0.0,1,371.0,375.5,1,372.0,350.0,0.0,0.0,0.0,0.0,37
2023-05-10 22:00:01,ag2312C5900,ag2312C5900,372.0,0.0,0.0,0.0,1,370.5,375.0,1,372.0,350.0,0.0,0.0,0.0,0.0,37
2023-05-10 22:00:02,ag2312C5900,ag2312C5900,372.0,0.0,0.0,0.0,1,369.5,375.0,1,372.0,350.0,0.0,0.0,0.0,0.0,37
2023-05-10 22:00:05,ag2312C5900,ag2312C5900,372.0,0.0,0.0,0.0,1,369.5,374.0,1,372.0,350.0,0.0,0.0,0.0,0.0,37
2023-05-10 22:00:06,ag2312C5900,ag2312C5900,372.0,0.0,0.0,0.0,1,368.5,373.5,1,372.0,350.0,0.0,0.0,0.0,0.0,37
2023-05-10 22:00:08,ag2312C5900,ag2312C5900,372.0,0.0,0.0,0.0,1,369.0,373.5,1,372.0,350.0,0.0,0.0,0.0,0.0,37
2023-05-10 22:00:24,ag2312C5900,ag2312C5900,372.0,0.0,0.0,0.0,1,368.5,373.5,1,372.0,350.0,0.0,0.0,0.0,0.0,37
2023-05-10 22:00:24,ag2312C5900,ag2312C5900,372.0,0.0,0.0,0.0,1,368.5,373.0,1,372.0,350.0,0.0,0.0,0.0,0.0,37
2023-05-10 22:00:25,ag2312C5900,ag2312C5900,372.0,0.0,0.0,0.0,1,366.0,373.0,1,372.0,350.0,0.0,0.0,0.0,0.0,37
2023-05-10 22:00:25,ag2312C5900,ag2312C5900,372.0,0.0,0.0,0.0,1,367.5,373.0,1,372.0,350.0,0.0,0.0,0.0,0.0,37
2023-05-10 22:00:26,ag2312C5900,ag2312C5900,372.0,0.0,0.0,0.0,1,368.0,373.0,1,372.0,350.0,0.0,0.0,0.0,0.0,37
2023-05-10 22:00:38,ag2312C5900,ag2312C5900,372.0,0.0,0.0,0.0,1,368.5,373.0,1,372.0,350.0,0.0,0.0,0.0,0.0,37
2023-05-10 22:00:50,ag2312C5900,ag2312C5900,372.0,0.0,0.0,0.0,1,368.0,373.0,1,372.0,350.0,0.0,0.0,0.0,0.0,37
2023-05-10 22:00:51,ag2312C5900,ag2312C5900,372.0,0.0,0.0,0.0,1,368.0,372.5,1,372.0,350.0,0.0,0.0,0.0,0.0,37
2023-05-10 22:01:00,ag2312C5900,ag2312C5900,372.0,0.0,0.0,0.0,1,367.0,372.5,1,372.0,350.0,0.0,0.0,0.0,0.0,37
2023-05-10 22:01:01,ag2312C5900,ag2312C5900,372.0,0.0,0.0,0.0,1,367.0,372.0,1,372.0,350.0,0.0,0.0,0.0,0.0,37
2023-05-10 22:01:05,ag2312C5900,ag2312C5900,372.0,0.0,0.0,0.0,1,367.5,372.0,1,372.0,350.0,0.0,0.0,0.0,0.0,37
2023-05-10 22:01:07,ag2312C5900,ag2312C5900,372.0,0.0,0.0,0.0,1,368.0,372.0,1,372.0,350.0,0.0,0.0,0.0,0.0,37
2023-05-10 22:01:07,ag2312C5900,ag2312C5900,372.0,0.0,0.0,0.0,1,368.0,372.5,1,372.0,350.0,0.0,0.0,0.0,0.0,37
2023-05-10 22:01:08,ag2312C5900,ag2312C5900,372.0,0.0,0.0,0.0,1,368.5,372.5,1,372.0,350.0,0.0,0.0,0.0,0.0,37
2023-05-10 22:01:08,ag2312C5900,ag2312C5900,372.0,0.0,0.0,0.0,1,368.5,384.0,1,372.0,350.0,0.0,0.0,0.0,0.0,37
2023-05-10 22:01:09,ag2312C5900,ag2312C5900,372.0,0.0,0.0,0.0,1,369.0,374.0,1,372.0,350.0,0.0,0.0,0.0,0.0,37
2023-05-10 22:01:11,ag2312C5900,ag2312C5900,372.0,0.0,0.0,0.0,1,369.0,373.5,1,372.0,350.0,0.0,0.0,0.0,0.0,37
2023-05-10 22:01:15,ag2312C5900,ag2312C5900,372.0,0.0,0.0,0.0,1,369.5,373.5,1,372.0,350.0,0.0,0.0,0.0,0.0,37
2023-05-10 22:01:17,ag2312C5900,ag2312C5900,372.0,0.0,0.0,0.0,1,369.5,374.0,1,372.0,350.0,0.0,0.0,0.0,0.0,37
2023-05-10 22:01:22,ag2312C5900,ag2312C5900,372.0,0.0,0.0,0.0,1,370.0,374.0,1,372.0,350.0,0.0,0.0,0.0,0.0,37
2023-05-10 22:01:35,ag2312C5900,ag2312C5900,372.0,0.0,0.0,0.0,1,370.0,375.5,1,372.0,350.0,0.0,0.0,0.0,0.0,37
2023-05-10 22:01:36,ag2312C5900,ag2312C5900,372.0,0.0,0.0,0.0,1,370.5,375.5,1,372.0,350.0,0.0,0.0,0.0,0.0,37
2023-05-10 22:01:38,ag2312C5900,ag2312C5900,372.0,0.0,0.0,0.0,1,370.5,375.0,1,372.0,350.0,0.0,0.0,0.0,0.0,37
2023-05-10 22:01:47,ag2312C5900,ag2312C5900,372.0,0.0,0.0,0.0,1,370.0,375.0,1,372.0,350.0,0.0,0.0,0.0,0.0,37
2023-05-10 22:01:48,ag2312C5900,ag2312C5900,372.0,0.0,0.0,0.0,1,370.0,374.5,1,372.0,350.0,0.0,0.0,0.0,0.0,37
2023-05-10 22:01:55,ag2312C5900,ag2312C5900,372.0,0.0,0.0,0.0,1,369.0,374.0,1,372.0,350.0,0.0,0.0,0.0,0.0,37
2023-05-10 22:02:01,ag2312C5900,ag2312C5900,372.0,0.0,0.0,0.0,1,369.0,373.5,1,372.0,350.0,0.0,0.0,0.0,0.0,37
2023-05-10 22:02:12,ag2312C5900,ag2312C5900,372.0,0.0,0.0,0.0,1,368.0,373.0,1,372.0,350.0,0.0,0.0,0.0,0.0,37
2023-05-10 22:02:15,ag2312C5900,ag2312C5900,372.0,0.0,0.0,0.0,1,368.5,373.0,1,372.0,350.0,0.0,0.0,0.0,0.0,37
2023-05-10 22:02:16,ag2312C5900,ag2312C5900,372.0,0.0,0.0,0.0,1,369.0,373.0,1,372.0,350.0,0.0,0.0,0.0,0.0,37
2023-05-10 22:02:16,ag2312C5900,ag2312C5900,372.0,0.0,0.0,0.0,1,369.5,373.5,1,372.0,350.0,0.0,0.0,0.0,0.0,37
2023-05-10 22:02:22,ag2312C5900,ag2312C5900,372.0,0.0,0.0,0.0,1,369.5,384.0,1,372.0,350.0,0.0,0.0,0.0,0.0,37
2023-05-10 22:02:23,ag2312C5900,ag2312C5900,372.0,0.0,0.0,0.0,1,370.0,375.0,1,372.0,350.0,0.0,0.0,0.0,0.0,37
2023-05-10 22:02:39,ag2312C5900,ag2312C5900,372.0,0.0,0.0,0.0,1,370.0,374.5,1,372.0,350.0,0.0,0.0,0.0,0.0,37
2023-05-10 22:02:57,ag2312C5900,ag2312C5900,372.0,0.0,0.0,0.0,1,370.0,374.5,1,372.0,350.0,0.0,0.0,0.0,0.0,37
2023-05-10 22:03:21,ag2312C5900,ag2312C5900,372.0,0.0,0.0,0.0,1,369.0,374.5,1,372.0,350.0,0.0,0.0,0.0,0.0,37
2023-05-10 22:03:28,ag2312C5900,ag2312C5900,372.0,0.0,0.0,0.0,1,369.5,374.5,1,372.0,350.0,0.0,0.0,0.0,0.0,37
2023-05-10 22:03:32,ag2312C5900,ag2312C5900,372.0,0.0,0.0,0.0,1,369.5,374.5,1,372.0,350.0,0.0,0.0,0.0,0.0,37
2023-05-10 22:03:32,ag2312C5900,ag2312C5900,372.0,0.0,0.0,0.0,1,369.0,373.5,1,372.0,350.0,0.0,0.0,0.0,0.0,37
2023-05-10 22:03:44,ag2312C5900,ag2312C5900,372.0,0.0,0.0,0.0,1,369.5,373.5,1,372.0,350.0,0.0,0.0,0.0,0.0,37
2023-05-10 22:03:46,ag2312C5900,ag2312C5900,372.0,0.0,0.0,0.0,1,369.5,374.5,1,372.0,350.0,0.0,0.0,0.0,0.0,37
2023-05-10 22:03:56,ag2312C5900,ag2312C5900,372.0,0.0,0.0,0.0,1,369.5,374.0,1,372.0,350.0,0.0,0.0,0.0,0.0,37
2023-05-10 22:03:57,ag2312C5900,ag2312C5900,372.0,0.0,0.0,0.0,1,369.0,374.0,1,372.0,350.0,0.0,0.0,0.0,0.0,37
2023-05-10 22:04:01,ag2312C5900,ag2312C5900,372.0,0.0,0.0,0.0,1,369.5,374.0,1,372.0,350.0,0.0,0.0,0.0,0.0,37
2023-05-10 22:04:04,ag2312C5900,ag2312C5900,372.0,0.0,0.0,0.0,1,369.0,374.0,1,372.0,350.0,0.0,0.0,0.0,0.0,37
2023-05-10 22:04:05,ag2312C5900,ag2312C5900,372.0,0.0,0.0,0.0,1,369.0,373.5,1,372.0,350.0,0.0,0.0,0.0,0.0,37
2023-05-10 22:04:05,ag2312C5900,ag2312C5900,372.0,0.0,0.0,0.0,1,366.0,373.5,1,372.0,350.0,0.0,0.0,0.0,0.0,37
2023-05-10 22:04:06,ag2312C5900,ag2312C5900,372.0,0.0,0.0,0.0,1,368.0,373.0,1,372.0,350.0,0.0,0.0,0.0,0.0,37
2023-05-10 22:04:06,ag2312C5900,ag2312C5900,372.0,0.0,0.0,0.0,1,366.0,373.0,1,372.0,350.0,0.0,0.0,0.0,0.0,37
2023-05-10 22:04:07,ag2312C5900,ag2312C5900,372.0,0.0,0.0,0.0,1,367.0,372.0,1,372.0,350.0,0.0,0.0,0.0,0.0,37
2023-05-10 22:04:08,ag2312C5900,ag2312C5900,372.0,0.0,0.0,0.0,1,367.5,372.0,1,372.0,350.0,0.0,0.0,0.0,0.0,37
2023-05-10 22:04:14,ag2312C5900,ag2312C5900,372.0,0.0,0.0,0.0,1,368.0,372.0,1,372.0,350.0,0.0,0.0,0.0,0.0,37
2023-05-10 22:04:15,ag2312C5900,ag2312C5900,372.0,0.0,0.0,0.0,1,368.5,373.0,1,372.0,350.0,0.0,0.0,0.0,0.0,37
2023-05-10 22:04:17,ag2312C5900,ag2312C5900,372.0,0.0,0.0,0.0,1,368.5,373.0,1,372.0,350.0,0.0,0.0,0.0,0.0,37
2023-05-10 22:04:18,ag2312C5900,ag2312C5900,372.0,0.0,0.0,0.0,1,368.5,384.0,1,372.0,350.0,0.0,0.0,0.0,0.0,37
2023-05-10 22:04:19,ag2312C5900,ag2312C5900,372.0,0.0,0.0,0.0,1,369.0,374.0,1,372.0,350.0,0.0,0.0,0.0,0.0,37
2023-05-10 22:04:20,ag2312C5900,ag2312C5900,372.0,0.0,0.0,0.0,1,369.0,374.0,1,372.0,350.0,0.0,0.0,0.0,0.0,37
2023-05-10 22:04:27,ag2312C5900,ag2312C5900,372.0,0.0,0.0,0.0,1,369.5,374.0,1,372.0,350.0,0.0,0.0,0.0,0.0,37
2023-05-10 22:04:42,ag2312C5900,ag2312C5900,372.0,0.0,0.0,0.0,1,369.5,374.0,1,372.0,350.0,0.0,0.0,0.0,0.0,37
2023-05-10 22:04:44,ag2312C5900,ag2312C5900,372.0,0.0,0.0,0.0,1,369.5,375.5,1,372.0,350.0,0.0,0.0,0.0,0.0,37
2023-05-10 22:04:48,ag2312C5900,ag2312C5900,372.0,0.0,0.0,0.0,1,370.5,375.5,1,372.0,350.0,0.0,0.0,0.0,0.0,37
2023-05-10 22:04:50,ag2312C5900,ag2312C5900,372.0,0.0,0.0,0.0,1,370.5,375.0,1,372.0,350.0,0.0,0.0,0.0,0.0,37
2023-05-10 22:04:52,ag2312C5900,ag2312C5900,372.0,0.0,0.0,0.0,1,369.5,375.0,1,372.0,350.0,0.0,0.0,0.0,0.0,37
2023-05-10 22:04:59,ag2312C5900,ag2312C5900,372.0,0.0,0.0,0.0,1,370.0,375.0,1,372.0,350.0,0.0,0.0,0.0,0.0,37
2023-05-10 22:04:59,ag2312C5900,ag2312C5900,372.0,0.0,0.0,0.0,1,370.5,375.0,1,372.0,350.0,0.0,0.0,0.0,0.0,37
2023-05-10 22:05:12,ag2312C5900,ag2312C5900,372.0,0.0,0.0,0.0,1,370.0,375.0,1,372.0,350.0,0.0,0.0,0.0,0.0,37
2023-05-10 22:05:18,ag2312C5900,ag2312C5900,372.0,0.0,0.0,0.0,1,370.5,375.0,1,372.0,350.0,0.0,0.0,0.0,0.0,37
2023-05-10 22:05:26,ag2312C5900,ag2312C5900,372.0,0.0,0.0,0.0,1,371.0,375.0,1,372.0,350.0,0.0,0.0,0.0,0.0,37
2023-05-10 22:05:37,ag2312C5900,ag2312C5900,372.0,0.0,0.0,0.0,1,370.5,375.0,1,372.0,350.0,0.0,0.0,0.0,0.0,37
2023-05-10 22:05:43,ag2312C5900,ag2312C5900,372.0,0.0,0.0,0.0,1,371.0,375.5,1,372.0,350.0,0.0,0.0,0.0,0.0,37
2023-05-10 22:05:45,ag2312C5900,ag2312C5900,372.0,0.0,0.0,0.0,1,371.5,376.5,1,372.0,350.0,0.0,0.0,0.0,0.0,37
2023-05-10 22:05:56,ag2312C5900,ag2312C5900,372.0,0.0,0.0,0.0,1,372.0,376.5,1,372.0,350.0,0.0,0.0,0.0,0.0,37
2023-05-10 22:06:11,ag2312C5900,ag2312C5900,372.0,0.0,0.0,0.0,1,372.5,377.5,1,372.0,350.0,0.0,0.0,0.0,0.0,37
2023-05-10 22:06:14,ag2312C5900,ag2312C5900,372.0,0.0,0.0,0.0,1,372.5,377.5,1,372.0,350.0,0.0,0.0,0.0,0.0,37
2023-05-10 22:06:15,ag2312C5900,ag2312C5900,372.0,0.0,0.0,0.0,1,373.0,377.5,1,372.0,350.0,0.0,0.0,0.0,0.0,37
2023-05-10 22:06:28,ag2312C5900,ag2312C5900,372.0,0.0,0.0,0.0,1,372.5,377.0,1,372.0,350.0,0.0,0.0,0.0,0.0,37
2023-05-10 22:06:31,ag2312C5900,ag2312C5900,372.0,0.0,0.0,0.0,1,371.5,377.0,1,372.0,350.0,0.0,0.0,0.0,0.0,37
2023-05-10 22:06:31,ag2312C5900,ag2312C5900,372.0,0.0,0.0,0.0,1,372.0,377.0,1,372.0,350.0,0.0,0.0,0.0,0.0,37
2023-05-10 22:06:45,ag2312C5900,ag2312C5900,372.0,0.0,0.0,0.0,1,372.5,377.0,1,372.0,350.0,0.0,0.0,0.0,0.0,37
2023-05-10 22:07:02,ag2312C5900,ag2312C5900,372.0,0.0,0.0,0.0,1,372.5,377.0,1,372.0,350.0,0.0,0.0,0.0,0.0,37
2023-05-10 22:07:03,ag2312C5900,ag2312C5900,372.0,0.0,0.0,0.0,1,372.0,376.5,1,372.0,350.0,0.0,0.0,0.0,0.0,37
2023-05-10 22:07:26,ag2312C5900,ag2312C5900,372.0,0.0,0.0,0.0,1,371.0,376.0,1,372.0,350.0,0.0,0.0,0.0,0.0,37
2023-05-10 22:07:29,ag2312C5900,ag2312C5900,372.0,0.0,0.0,0.0,1,371.0,375.5,1,372.0,350.0,0.0,0.0,0.0,0.0,37
2023-05-10 22:07:47,ag2312C5900,ag2312C5900,372.0,0.0,0.0,0.0,1,371.5,375.5,1,372.0,350.0,0.0,0.0,0.0,0.0,37
2023-05-10 22:07:54,ag2312C5900,ag2312C5900,372.0,0.0,0.0,0.0,1,371.5,376.0,1,372.0,350.0,0.0,0.0,0.0,0.0,37
2023-05-10 22:07:55,ag2312C5900,ag2312C5900,372.0,0.0,0.0,0.0,1,372.0,376.0,1,372.0,350.0,0.0,0.0,0.0,0.0,37
2023-05-10 22:07:55,ag2312C5900,ag2312C5900,372.0,0.0,0.0,0.0,1,372.0,384.0,1,372.0,350.0,0.0,0.0,0.0,0.0,37
2023-05-10 22:07:56,ag2312C5900,ag2312C5900,372.0,0.0,0.0,0.0,1,372.5,377.5,1,372.0,350.0,0.0,0.0,0.0,0.0,37
2023-05-10 22:08:06,ag2312C5900,ag2312C5900,372.0,0.0,0.0,0.0,1,373.0,377.5,1,372.0,350.0,0.0,0.0,0.0,0.0,37
2023-05-10 22:08:16,ag2312C5900,ag2312C5900,372.0,0.0,0.0,0.0,1,373.5,377.5,1,372.0,350.0,0.0,0.0,0.0,0.0,37
2023-05-10 22:08:18,ag2312C5900,ag2312C5900,372.0,0.0,0.0,0.0,1,373.0,377.5,1,372.0,350.0,0.0,0.0,0.0,0.0,37
2023-05-10 22:08:37,ag2312C5900,ag2312C5900,372.0,0.0,0.0,0.0,1,373.0,384.0,1,372.0,350.0,0.0,0.0,0.0,0.0,37
2023-05-10 22:08:38,ag2312C5900,ag2312C5900,372.0,0.0,0.0,0.0,1,374.0,379.0,1,372.0,350.0,0.0,0.0,0.0,0.0,37
2023-05-10 22:08:44,ag2312C5900,ag2312C5900,372.0,0.0,0.0,0.0,1,374.0,378.5,1,372.0,350.0,0.0,0.0,0.0,0.0,37
2023-05-10 22:08:58,ag2312C5900,ag2312C5900,372.0,0.0,0.0,0.0,1,373.0,378.0,1,372.0,350.0,0.0,0.0,0.0,0.0,37
2023-05-10 22:08:59,ag2312C5900,ag2312C5900,372.0,0.0,0.0,0.0,1,373.0,377.5,1,372.0,350.0,0.0,0.0,0.0,0.0,37
2023-05-10 22:09:00,ag2312C5900,ag2312C5900,372.0,0.0,0.0,0.0,1,372.0,377.5,1,372.0,350.0,0.0,0.0,0.0,0.0,37
2023-05-10 22:09:01,ag2312C5900,ag2312C5900,372.0,0.0,0.0,0.0,1,372.0,377.0,1,372.0,350.0,0.0,0.0,0.0,0.0,37
2023-05-10 22:09:02,ag2312C5900,ag2312C5900,372.0,0.0,0.0,0.0,1,372.0,377.0,1,372.0,350.0,0.0,0.0,0.0,0.0,37
2023-05-10 22:09:12,ag2312C5900,ag2312C5900,372.0,0.0,0.0,0.0,1,366.0,376.5,1,372.0,350.0,0.0,0.0,0.0,0.0,37
2023-05-10 22:09:14,ag2312C5900,ag2312C5900,372.0,0.0,0.0,0.0,1,371.0,376.5,1,372.0,350.0,0.0,0.0,0.0,0.0,37
2023-05-10 22:09:33,ag2312C5900,ag2312C5900,372.0,0.0,0.0,0.0,1,371.5,376.5,1,372.0,350.0,0.0,0.0,0.0,0.0,37
2023-05-10 22:09:51,ag2312C5900,ag2312C5900,372.0,0.0,0.0,0.0,1,371.0,376.5,1,372.0,350.0,0.0,0.0,0.0,0.0,37
2023-05-10 22:09:52,ag2312C5900,ag2312C5900,372.0,0.0,0.0,0.0,1,371.0,375.5,1,372.0,350.0,0.0,0.0,0.0,0.0,37
2023-05-10 22:09:54,ag2312C5900,ag2312C5900,372.0,0.0,0.0,0.0,1,370.0,375.5,1,372.0,350.0,0.0,0.0,0.0,0.0,37
2023-05-10 22:10:01,ag2312C5900,ag2312C5900,372.0,0.0,0.0,0.0,1,370.0,375.5,1,372.0,350.0,0.0,0.0,0.0,0.0,37
2023-05-10 22:10:02,ag2312C5900,ag2312C5900,372.0,0.0,0.0,0.0,1,370.0,374.0,1,372.0,350.0,0.0,0.0,0.0,0.0,37
2023-05-10 22:10:05,ag2312C5900,ag2312C5900,372.0,0.0,0.0,0.0,1,369.0,374.0,1,372.0,350.0,0.0,0.0,0.0,0.0,37
2023-05-10 22:10:07,ag2312C5900,ag2312C5900,372.0,0.0,0.0,0.0,1,369.5,374.0,1,372.0,350.0,0.0,0.0,0.0,0.0,37
2023-05-10 22:10:37,ag2312C5900,ag2312C5900,372.0,0.0,0.0,0.0,1,370.0,374.0,1,372.0,350.0,0.0,0.0,0.0,0.0,37
2023-05-10 22:10:42,ag2312C5900,ag2312C5900,372.0,0.0,0.0,0.0,1,370.0,375.5,1,372.0,350.0,0.0,0.0,0.0,0.0,37
2023-05-10 22:10:44,ag2312C5900,ag2312C5900,372.0,0.0,0.0,0.0,1,370.0,375.0,1,372.0,350.0,0.0,0.0,0.0,0.0,37
2023-05-10 22:10:48,ag2312C5900,ag2312C5900,372.0,0.0,0.0,0.0,1,370.0,374.5,1,372.0,350.0,0.0,0.0,0.0,0.0,37
2023-05-10 22:10:56,ag2312C5900,ag2312C5900,372.0,0.0,0.0,0.0,1,369.5,374.0,1,372.0,350.0,0.0,0.0,0.0,0.0,37
2023-05-10 22:10:59,ag2312C5900,ag2312C5900,372.0,0.0,0.0,0.0,1,368.5,374.0,1,372.0,350.0,0.0,0.0,0.0,0.0,37
2023-05-10 22:11:03,ag2312C5900,ag2312C5900,372.0,0.0,0.0,0.0,1,369.0,374.0,1,372.0,350.0,0.0,0.0,0.0,0.0,37
2023-05-10 22:11:15,ag2312C5900,ag2312C5900,372.0,0.0,0.0,0.0,1,369.5,374.0,1,372.0,350.0,0.0,0.0,0.0,0.0,37
2023-05-10 22:11:28,ag2312C5900,ag2312C5900,372.0,0.0,0.0,0.0,1,370.0,374.0,1,372.0,350.0,0.0,0.0,0.0,0.0,37
2023-05-10 22:11:30,ag2312C5900,ag2312C5900,372.0,0.0,0.0,0.0,1,370.5,374.5,1,372.0,350.0,0.0,0.0,0.0,0.0,37
2023-05-10 22:11:31,ag2312C5900,ag2312C5900,372.0,0.0,0.0,0.0,1,370.5,375.5,1,372.0,350.0,0.0,0.0,0.0,0.0,37
2023-05-10 22:11:45,ag2312C5900,ag2312C5900,372.0,0.0,0.0,0.0,1,371.0,375.5,1,372.0,350.0,0.0,0.0,0.0,0.0,37
2023-05-10 22:11:54,ag2312C5900,ag2312C5900,372.0,0.0,0.0,0.0,1,370.5,375.5,1,372.0,350.0,0.0,0.0,0.0,0.0,37
2023-05-10 22:11:57,ag2312C5900,ag2312C5900,372.0,0.0,0.0,0.0,1,370.5,375.0,1,372.0,350.0,0.0,0.0,0.0,0.0,37
2023-05-10 22:11:58,ag2312C5900,ag2312C5900,372.0,0.0,0.0,0.0,1,369.5,375.0,1,372.0,350.0,0.0,0.0,0.0,0.0,37
2023-05-10 22:12:01,ag2312C5900,ag2312C5900,372.0,0.0,0.0,0.0,1,370.0,375.0,1,372.0,350.0,0.0,0.0,0.0,0.0,37
2023-05-10 22:12:05,ag2312C5900,ag2312C5900,372.0,0.0,0.0,0.0,1,369.5,374.5,1,372.0,350.0,0.0,0.0,0.0,0.0,37
2023-05-10 22:12:06,ag2312C5900,ag2312C5900,372.0,0.0,0.0,0.0,1,369.5,373.5,1,372.0,350.0,0.0,0.0,0.0,0.0,37
2023-05-10 22:12:12,ag2312C5900,ag2312C5900,372.0,0.0,0.0,0.0,1,368.5,373.5,1,372.0,350.0,0.0,0.0,0.0,0.0,37
2023-05-10 22:12:17,ag2312C5900,ag2312C5900,372.0,0.0,0.0,0.0,1,369.0,373.5,1,372.0,350.0,0.0,0.0,0.0,0.0,37
2023-05-10 22:13:04,ag2312C5900,ag2312C5900,372.0,0.0,0.0,0.0,1,368.5,373.5,1,372.0,350.0,0.0,0.0,0.0,0.0,37
2023-05-10 22:13:15,ag2312C5900,ag2312C5900,372.0,0.0,0.0,0.0,1,369.0,373.5,1,372.0,350.0,0.0,0.0,0.0,0.0,37
2023-05-10 22:13:19,ag2312C5900,ag2312C5900,372.0,0.0,0.0,0.0,1,369.5,373.5,1,372.0,350.0,0.0,0.0,0.0,0.0,37
2023-05-10 22:13:25,ag2312C5900,ag2312C5900,372.0,0.0,0.0,0.0,1,369.5,374.5,1,372.0,350.0,0.0,0.0,0.0,0.0,37
2023-05-10 22:13:26,ag2312C5900,ag2312C5900,372.0,0.0,0.0,0.0,1,370.0,374.5,1,372.0,350.0,0.0,0.0,0.0,0.0,37
2023-05-10 22:13:30,ag2312C5900,ag2312C5900,372.0,0.0,0.0,0.0,1,370.5,374.5,1,372.0,350.0,0.0,0.0,0.0,0.0,37
2023-05-10 22:13:46,ag2312C5900,ag2312C5900,372.0,0.0,0.0,0.0,1,370.5,376.0,1,372.0,350.0,0.0,0.0,0.0,0.0,37
2023-05-10 22:13:55,ag2312C5900,ag2312C5900,372.0,0.0,0.0,0.0,1,371.0,376.0,1,372.0,350.0,0.0,0.0,0.0,0.0,37
2023-05-10 22:14:00,ag2312C5900,ag2312C5900,372.0,0.0,0.0,0.0,1,371.5,376.0,1,372.0,350.0,0.0,0.0,0.0,0.0,37
2023-05-10 22:14:18,ag2312C5900,ag2312C5900,372.0,0.0,0.0,0.0,1,371.0,376.0,1,372.0,350.0,0.0,0.0,0.0,0.0,37
2023-05-10 22:14:33,ag2312C5900,ag2312C5900,372.0,0.0,0.0,0.0,1,371.0,375.5,1,372.0,350.0,0.0,0.0,0.0,0.0,37
2023-05-10 22:14:42,ag2312C5900,ag2312C5900,372.0,0.0,0.0,0.0,1,370.0,375.5,1,372.0,350.0,0.0,0.0,0.0,0.0,37
2023-05-10 22:14:43,ag2312C5900,ag2312C5900,372.0,0.0,0.0,0.0,1,370.0,375.0,1,372.0,350.0,0.0,0.0,0.0,0.0,37
2023-05-10 22:14:53,ag2312C5900,ag2312C5900,372.0,0.0,0.0,0.0,1,370.0,374.5,1,372.0,350.0,0.0,0.0,0.0,0.0,37
2023-05-10 22:15:01,ag2312C5900,ag2312C5900,372.0,0.0,0.0,0.0,1,369.0,374.5,1,372.0,350.0,0.0,0.0,0.0,0.0,37
2023-05-10 22:15:05,ag2312C5900,ag2312C5900,372.0,0.0,0.0,0.0,1,369.0,374.0,1,372.0,350.0,0.0,0.0,0.0,0.0,37
2023-05-10 22:15:13,ag2312C5900,ag2312C5900,372.0,0.0,0.0,0.0,1,369.5,374.0,1,372.0,350.0,0.0,0.0,0.0,0.0,37
2023-05-10 22:16:00,ag2312C5900,ag2312C5900,372.0,0.0,0.0,0.0,1,366.0,373.5,1,372.0,350.0,0.0,0.0,0.0,0.0,37
2023-05-10 22:16:01,ag2312C5900,ag2312C5900,372.0,0.0,0.0,0.0,1,368.0,373.5,1,372.0,350.0,0.0,0.0,0.0,0.0,37
2023-05-10 22:16:02,ag2312C5900,ag2312C5900,372.0,0.0,0.0,0.0,1,368.0,373.0,1,372.0,350.0,0.0,0.0,0.0,0.0,37
2023-05-10 22:16:03,ag2312C5900,ag2312C5900,372.0,0.0,0.0,0.0,1,366.0,373.0,1,372.0,350.0,0.0,0.0,0.0,0.0,37
2023-05-10 22:16:04,ag2312C5900,ag2312C5900,372.0,0.0,0.0,0.0,1,357.5,373.0,1,372.0,350.0,0.0,0.0,0.0,0.0,37
2023-05-10 22:16:04,ag2312C5900,ag2312C5900,372.0,0.0,0.0,0.0,1,366.5,371.5,1,372.0,350.0,0.0,0.0,0.0,0.0,37
2023-05-10 22:16:05,ag2312C5900,ag2312C5900,372.0,0.0,0.0,0.0,1,367.0,371.5,1,372.0,350.0,0.0,0.0,0.0,0.0,37
2023-05-10 22:16:19,ag2312C5900,ag2312C5900,372.0,0.0,0.0,0.0,1,367.5,371.5,1,372.0,350.0,0.0,0.0,0.0,0.0,37
2023-05-10 22:16:20,ag2312C5900,ag2312C5900,372.0,0.0,0.0,0.0,1,367.5,373.0,1,372.0,350.0,0.0,0.0,0.0,0.0,37
2023-05-10 22:16:21,ag2312C5900,ag2312C5900,372.0,0.0,0.0,0.0,1,368.0,373.0,1,372.0,350.0,0.0,0.0,0.0,0.0,37
2023-05-10 22:16:23,ag2312C5900,ag2312C5900,372.0,0.0,0.0,0.0,1,368.0,372.5,1,372.0,350.0,0.0,0.0,0.0,0.0,37
2023-05-10 22:16:27,ag2312C5900,ag2312C5900,372.0,0.0,0.0,0.0,1,368.5,373.0,1,372.0,350.0,0.0,0.0,0.0,0.0,37
2023-05-10 22:16:55,ag2312C5900,ag2312C5900,372.0,0.0,0.0,0.0,1,369.0,373.0,1,372.0,350.0,0.0,0.0,0.0,0.0,37
2023-05-10 22:17:08,ag2312C5900,ag2312C5900,372.0,0.0,0.0,0.0,1,369.5,374.5,1,372.0,350.0,0.0,0.0,0.0,0.0,37
2023-05-10 22:17:12,ag2312C5900,ag2312C5900,372.0,0.0,0.0,0.0,1,369.5,374.0,1,372.0,350.0,0.0,0.0,0.0,0.0,37
2023-05-10 22:17:13,ag2312C5900,ag2312C5900,372.0,0.0,0.0,0.0,1,369.0,373.5,1,372.0,350.0,0.0,0.0,0.0,0.0,37
2023-05-10 22:17:18,ag2312C5900,ag2312C5900,372.0,0.0,0.0,0.0,1,369.0,374.0,1,372.0,350.0,0.0,0.0,0.0,0.0,37
2023-05-10 22:17:19,ag2312C5900,ag2312C5900,372.0,0.0,0.0,0.0,1,370.0,374.0,1,372.0,350.0,0.0,0.0,0.0,0.0,37
2023-05-10 22:17:25,ag2312C5900,ag2312C5900,372.0,0.0,0.0,0.0,1,370.5,384.0,1,372.0,350.0,0.0,0.0,0.0,0.0,37
2023-05-10 22:17:26,ag2312C5900,ag2312C5900,372.0,0.0,0.0,0.0,1,370.5,376.0,1,372.0,350.0,0.0,0.0,0.0,0.0,37
2023-05-10 22:17:27,ag2312C5900,ag2312C5900,372.0,0.0,0.0,0.0,1,371.5,376.0,1,372.0,350.0,0.0,0.0,0.0,0.0,37
2023-05-10 22:17:37,ag2312C5900,ag2312C5900,372.0,0.0,0.0,0.0,1,370.5,376.0,1,372.0,350.0,0.0,0.0,0.0,0.0,37
2023-05-10 22:17:43,ag2312C5900,ag2312C5900,372.0,0.0,0.0,0.0,1,370.5,375.5,1,372.0,350.0,0.0,0.0,0.0,0.0,37
2023-05-10 22:17:45,ag2312C5900,ag2312C5900,372.0,0.0,0.0,0.0,1,370.5,374.5,1,372.0,350.0,0.0,0.0,0.0,0.0,37
2023-05-10 22:17:53,ag2312C5900,ag2312C5900,372.0,0.0,0.0,0.0,1,371.0,375.5,1,372.0,350.0,0.0,0.0,0.0,0.0,37
2023-05-10 22:18:05,ag2312C5900,ag2312C5900,372.0,0.0,0.0,0.0,1,371.0,375.0,1,372.0,350.0,0.0,0.0,0.0,0.0,37
2023-05-10 22:18:05,ag2312C5900,ag2312C5900,372.0,0.0,0.0,0.0,1,357.5,375.0,1,372.0,350.0,0.0,0.0,0.0,0.0,37
2023-05-10 22:18:06,ag2312C5900,ag2312C5900,372.0,0.0,0.0,0.0,1,370.0,375.0,1,372.0,350.0,0.0,0.0,0.0,0.0,37
2023-05-10 22:18:08,ag2312C5900,ag2312C5900,372.0,0.0,0.0,0.0,1,370.5,375.0,1,372.0,350.0,0.0,0.0,0.0,0.0,37
2023-05-10 22:18:11,ag2312C5900,ag2312C5900,372.0,0.0,0.0,0.0,1,371.0,375.0,1,372.0,350.0,0.0,0.0,0.0,0.0,37
2023-05-10 22:18:22,ag2312C5900,ag2312C5900,372.0,0.0,0.0,0.0,1,371.5,375.5,1,372.0,350.0,0.0,0.0,0.0,0.0,37
2023-05-10 22:18:27,ag2312C5900,ag2312C5900,372.0,0.0,0.0,0.0,1,371.0,375.5,1,372.0,350.0,0.0,0.0,0.0,0.0,37
2023-05-10 22:18:38,ag2312C5900,ag2312C5900,372.0,0.0,0.0,0.0,1,357.5,375.5,1,372.0,350.0,0.0,0.0,0.0,0.0,37
2023-05-10 22:18:39,ag2312C5900,ag2312C5900,372.0,0.0,0.0,0.0,1,357.5,375.0,1,372.0,350.0,0.0,0.0,0.0,0.0,37
2023-05-10 22:18:39,ag2312C5900,ag2312C5900,372.0,0.0,0.0,0.0,1,370.0,375.0,1,372.0,350.0,0.0,0.0,0.0,0.0,37
2023-05-10 22:18:43,ag2312C5900,ag2312C5900,372.0,0.0,0.0,0.0,1,370.5,375.0,1,372.0,350.0,0.0,0.0,0.0,0.0,37
2023-05-10 22:18:49,ag2312C5900,ag2312C5900,372.0,0.0,0.0,0.0,1,371.0,375.0,1,372.0,350.0,0.0,0.0,0.0,0.0,37
2023-05-10 22:18:55,ag2312C5900,ag2312C5900,372.0,0.0,0.0,0.0,1,370.5,375.0,1,372.0,350.0,0.0,0.0,0.0,0.0,37
2023-05-10 22:18:57,ag2312C5900,ag2312C5900,372.0,0.0,0.0,0.0,1,357.5,375.0,1,372.0,350.0,0.0,0.0,0.0,0.0,37
2023-05-10 22:18:58,ag2312C5900,ag2312C5900,372.0,0.0,0.0,0.0,1,370.0,375.0,1,372.0,350.0,0.0,0.0,0.0,0.0,37
2023-05-10 22:19:18,ag2312C5900,ag2312C5900,372.0,0.0,0.0,0.0,1,370.0,375.0,1,372.0,350.0,0.0,0.0,0.0,0.0,37
2023-05-10 22:19:21,ag2312C5900,ag2312C5900,372.0,0.0,0.0,0.0,1,370.5,375.0,1,372.0,350.0,0.0,0.0,0.0,0.0,37
2023-05-10 22:19:36,ag2312C5900,ag2312C5900,372.0,0.0,0.0,0.0,1,370.0,375.0,1,372.0,350.0,0.0,0.0,0.0,0.0,37
2023-05-10 22:19:39,ag2312C5900,ag2312C5900,372.0,0.0,0.0,0.0,1,370.0,374.0,1,372.0,350.0,0.0,0.0,0.0,0.0,37
2023-05-10 22:19:50,ag2312C5900,ag2312C5900,372.0,0.0,0.0,0.0,1,369.0,374.0,1,372.0,350.0,0.0,0.0,0.0,0.0,37
2023-05-10 22:19:51,ag2312C5900,ag2312C5900,372.0,0.0,0.0,0.0,1,369.0,373.5,1,372.0,350.0,0.0,0.0,0.0,0.0,37
2023-05-10 22:19:57,ag2312C5900,ag2312C5900,372.0,0.0,0.0,0.0,1,369.5,373.5,1,372.0,350.0,0.0,0.0,0.0,0.0,37
2023-05-10 22:19:59,ag2312C5900,ag2312C5900,372.0,0.0,0.0,0.0,1,370.0,374.0,1,372.0,350.0,0.0,0.0,0.0,0.0,37
2023-05-10 22:20:04,ag2312C5900,ag2312C5900,372.0,0.0,0.0,0.0,1,370.5,375.0,1,372.0,350.0,0.0,0.0,0.0,0.0,37
2023-05-10 22:20:06,ag2312C5900,ag2312C5900,372.0,0.0,0.0,0.0,1,371.0,375.0,1,372.0,350.0,0.0,0.0,0.0,0.0,37
