time,symbol_id,symbol_name,last,trade_volume,trade_amount,open_interest_change,bv1,bp1,ap1,av1,yesterday_close,today_open,today_high,today_low,volume,amount,open_interest
2023-05-10 20:59:00,ag2312P4800,ag2312P4800,75.0,0.0,0.0,0.0,1,1.5,0.0,0,75.0,64.5,0.0,0.0,0.0,0.0,20
2023-05-10 21:00:02,ag2312P4800,ag2312P4800,75.0,0.0,0.0,0.0,2,30.0,0.0,0,75.0,64.5,0.0,0.0,0.0,0.0,20
2023-05-10 21:00:03,ag2312P4800,ag2312P4800,75.0,0.0,0.0,0.0,2,30.0,177.5,2,75.0,64.5,0.0,0.0,0.0,0.0,20
2023-05-10 21:00:13,ag2312P4800,ag2312P4800,75.0,0.0,0.0,0.0,2,30.5,177.0,2,75.0,64.5,0.0,0.0,0.0,0.0,20
2023-05-10 21:00:13,ag2312P4800,ag2312P4800,75.0,0.0,0.0,0.0,2,51.0,177.0,2,75.0,64.5,0.0,0.0,0.0,0.0,20
2023-05-10 21:00:14,ag2312P4800,ag2312P4800,75.0,0.0,0.0,0.0,2,51.0,177.0,2,75.0,64.5,0.0,0.0,0.0,0.0,20
2023-05-10 21:00:17,ag2312P4800,ag2312P4800,75.0,0.0,0.0,0.0,2,51.0,148.5,2,75.0,64.5,0.0,0.0,0.0,0.0,20
2023-05-10 21:00:18,ag2312P4800,ag2312P4800,75.0,0.0,0.0,0.0,2,51.0,148.5,2,75.0,64.5,0.0,0.0,0.0,0.0,20
2023-05-10 21:00:18,ag2312P4800,ag2312P4800,75.0,0.0,0.0,0.0,2,51.0,148.0,2,75.0,64.5,0.0,0.0,0.0,0.0,20
2023-05-10 21:00:20,ag2312P4800,ag2312P4800,75.0,0.0,0.0,0.0,2,30.0,119.5,2,75.0,64.5,0.0,0.0,0.0,0.0,20
2023-05-10 21:00:20,ag2312P4800,ag2312P4800,75.0,0.0,0.0,0.0,2,30.5,119.5,2,75.0,64.5,0.0,0.0,0.0,0.0,20
2023-05-10 21:00:21,ag2312P4800,ag2312P4800,75.0,0.0,0.0,0.0,2,49.5,119.0,2,75.0,64.5,0.0,0.0,0.0,0.0,20
2023-05-10 21:00:21,ag2312P4800,ag2312P4800,75.0,0.0,0.0,0.0,2,49.5,90.5,2,75.0,64.5,0.0,0.0,0.0,0.0,20
2023-05-10 21:00:22,ag2312P4800,ag2312P4800,75.0,0.0,0.0,0.0,2,50.0,90.5,2,75.0,64.5,0.0,0.0,0.0,0.0,20
2023-05-10 21:00:22,ag2312P4800,ag2312P4800,75.0,0.0,0.0,0.0,2,50.0,90.0,2,75.0,64.5,0.0,0.0,0.0,0.0,20
2023-05-10 21:00:23,ag2312P4800,ag2312P4800,75.0,0.0,0.0,0.0,2,50.0,75.0,2,75.0,64.5,0.0,0.0,0.0,0.0,20
2023-05-10 21:00:23,ag2312P4800,ag2312P4800,75.0,0.0,0.0,0.0,2,50.0,75.0,2,75.0,64.5,0.0,0.0,0.0,0.0,20
2023-05-10 21:00:34,ag2312P4800,ag2312P4800,75.0,0.0,0.0,0.0,2,49.5,75.0,2,75.0,64.5,0.0,0.0,0.0,0.0,20
2023-05-10 21:00:35,ag2312P4800,ag2312P4800,75.0,0.0,0.0,0.0,4,49.5,75.0,2,75.0,64.5,0.0,0.0,0.0,0.0,20
2023-05-10 21:00:50,ag2312P4800,ag2312P4800,75.0,0.0,0.0,0.0,2,49.5,0.0,0,75.0,64.5,0.0,0.0,0.0,0.0,20
2023-05-10 21:00:51,ag2312P4800,ag2312P4800,75.0,0.0,0.0,0.0,3,49.5,0.0,0,75.0,64.5,0.0,0.0,0.0,0.0,20
2023-05-10 21:00:54,ag2312P4800,ag2312P4800,75.0,0.0,0.0,0.0,3,49.5,177.5,1,75.0,64.5,0.0,0.0,0.0,0.0,20
2023-05-10 21:00:54,ag2312P4800,ag2312P4800,75.0,0.0,0.0,0.0,3,49.5,177.0,2,75.0,64.5,0.0,0.0,0.0,0.0,20
2023-05-10 21:00:55,ag2312P4800,ag2312P4800,75.0,0.0,0.0,0.0,3,49.5,148.5,1,75.0,64.5,0.0,0.0,0.0,0.0,20
2023-05-10 21:00:55,ag2312P4800,ag2312P4800,75.0,0.0,0.0,0.0,3,49.5,148.5,1,75.0,64.5,0.0,0.0,0.0,0.0,20
2023-05-10 21:00:56,ag2312P4800,ag2312P4800,75.0,0.0,0.0,0.0,3,49.5,148.0,2,75.0,64.5,0.0,0.0,0.0,0.0,20
2023-05-10 21:00:56,ag2312P4800,ag2312P4800,75.0,0.0,0.0,0.0,3,49.5,119.5,1,75.0,64.5,0.0,0.0,0.0,0.0,20
2023-05-10 21:00:57,ag2312P4800,ag2312P4800,75.0,0.0,0.0,0.0,3,49.5,119.5,1,75.0,64.5,0.0,0.0,0.0,0.0,20
2023-05-10 21:00:57,ag2312P4800,ag2312P4800,75.0,0.0,0.0,0.0,3,49.5,119.0,2,75.0,64.5,0.0,0.0,0.0,0.0,20
2023-05-10 21:00:58,ag2312P4800,ag2312P4800,75.0,0.0,0.0,0.0,3,49.5,90.5,1,75.0,64.5,0.0,0.0,0.0,0.0,20
2023-05-10 21:00:58,ag2312P4800,ag2312P4800,75.0,0.0,0.0,0.0,3,49.5,90.5,1,75.0,64.5,0.0,0.0,0.0,0.0,20
2023-05-10 21:00:59,ag2312P4800,ag2312P4800,75.0,0.0,0.0,0.0,3,49.5,90.0,2,75.0,64.5,0.0,0.0,0.0,0.0,20
2023-05-10 21:00:59,ag2312P4800,ag2312P4800,75.0,0.0,0.0,0.0,3,49.5,75.5,1,75.0,64.5,0.0,0.0,0.0,0.0,20
2023-05-10 21:01:00,ag2312P4800,ag2312P4800,75.0,0.0,0.0,0.0,3,49.5,75.5,1,75.0,64.5,0.0,0.0,0.0,0.0,20
2023-05-10 21:01:08,ag2312P4800,ag2312P4800,75.0,0.0,0.0,0.0,3,49.5,63.5,1,75.0,64.5,0.0,0.0,0.0,0.0,20
2023-05-10 21:01:12,ag2312P4800,ag2312P4800,75.0,0.0,0.0,0.0,1,59.0,63.5,1,75.0,64.5,0.0,0.0,0.0,0.0,20
2023-05-10 21:01:12,ag2312P4800,ag2312P4800,75.0,0.0,0.0,0.0,1,59.0,63.5,1,75.0,64.5,0.0,0.0,0.0,0.0,20
2023-05-10 21:01:23,ag2312P4800,ag2312P4800,75.0,0.0,0.0,0.0,1,59.5,63.5,1,75.0,64.5,0.0,0.0,0.0,0.0,20
2023-05-10 21:02:48,ag2312P4800,ag2312P4800,75.0,0.0,0.0,0.0,1,60.0,63.5,1,75.0,64.5,0.0,0.0,0.0,0.0,20
2023-05-10 21:03:13,ag2312P4800,ag2312P4800,75.0,0.0,0.0,0.0,1,60.0,63.0,1,75.0,64.5,0.0,0.0,0.0,0.0,20
2023-05-10 21:03:22,ag2312P4800,ag2312P4800,75.0,0.0,0.0,0.0,1,59.5,63.0,1,75.0,64.5,0.0,0.0,0.0,0.0,20
2023-05-10 21:04:05,ag2312P4800,ag2312P4800,75.0,0.0,0.0,0.0,1,49.5,63.0,1,75.0,64.5,0.0,0.0,0.0,0.0,20
2023-05-10 21:04:05,ag2312P4800,ag2312P4800,75.0,0.0,0.0,0.0,2,50.0,63.0,1,75.0,64.5,0.0,0.0,0.0,0.0,20
2023-05-10 21:04:06,ag2312P4800,ag2312P4800,75.0,0.0,0.0,0.0,2,50.0,62.5,1,75.0,64.5,0.0,0.0,0.0,0.0,20
2023-05-10 21:04:07,ag2312P4800,ag2312P4800,75.0,0.0,0.0,0.0,1,59.0,62.5,1,75.0,64.5,0.0,0.0,0.0,0.0,20
2023-05-10 21:04:07,ag2312P4800,ag2312P4800,75.0,0.0,0.0,0.0,1,59.0,62.5,1,75.0,64.5,0.0,0.0,0.0,0.0,20
2023-05-10 21:04:45,ag2312P4800,ag2312P4800,75.0,0.0,0.0,0.0,1,59.0,62.5,1,75.0,64.5,0.0,0.0,0.0,0.0,20
2023-05-10 21:05:20,ag2312P4800,ag2312P4800,75.0,0.0,0.0,0.0,1,59.0,62.0,1,75.0,64.5,0.0,0.0,0.0,0.0,20
2023-05-10 21:06:35,ag2312P4800,ag2312P4800,75.0,0.0,0.0,0.0,1,59.0,62.0,1,75.0,64.5,0.0,0.0,0.0,0.0,20
2023-05-10 21:07:30,ag2312P4800,ag2312P4800,75.0,0.0,0.0,0.0,1,59.5,62.0,1,75.0,64.5,0.0,0.0,0.0,0.0,20
2023-05-10 21:07:57,ag2312P4800,ag2312P4800,75.0,0.0,0.0,0.0,1,59.5,62.5,1,75.0,64.5,0.0,0.0,0.0,0.0,20
2023-05-10 21:08:31,ag2312P4800,ag2312P4800,75.0,0.0,0.0,0.0,1,60.0,62.5,1,75.0,64.5,0.0,0.0,0.0,0.0,20
2023-05-10 21:08:46,ag2312P4800,ag2312P4800,75.0,0.0,0.0,0.0,1,60.0,75.5,1,75.0,64.5,0.0,0.0,0.0,0.0,20
2023-05-10 21:08:48,ag2312P4800,ag2312P4800,75.0,0.0,0.0,0.0,1,60.0,63.5,1,75.0,64.5,0.0,0.0,0.0,0.0,20
2023-05-10 21:09:01,ag2312P4800,ag2312P4800,75.0,0.0,0.0,0.0,1,60.0,63.0,1,75.0,64.5,0.0,0.0,0.0,0.0,20
2023-05-10 21:09:14,ag2312P4800,ag2312P4800,75.0,0.0,0.0,0.0,1,60.5,63.0,1,75.0,64.5,0.0,0.0,0.0,0.0,20
2023-05-10 21:09:31,ag2312P4800,ag2312P4800,75.0,0.0,0.0,0.0,1,60.0,63.0,1,75.0,64.5,0.0,0.0,0.0,0.0,20
2023-05-10 21:09:57,ag2312P4800,ag2312P4800,75.0,0.0,0.0,0.0,1,60.5,63.0,1,75.0,64.5,0.0,0.0,0.0,0.0,20
2023-05-10 21:10:15,ag2312P4800,ag2312P4800,75.0,0.0,0.0,0.0,1,60.5,63.0,1,75.0,64.5,0.0,0.0,0.0,0.0,20
2023-05-10 21:10:53,ag2312P4800,ag2312P4800,75.0,0.0,0.0,0.0,1,60.0,63.0,1,75.0,64.5,0.0,0.0,0.0,0.0,20
2023-05-10 21:14:03,ag2312P4800,ag2312P4800,75.0,0.0,0.0,0.0,1,60.5,63.0,1,75.0,64.5,0.0,0.0,0.0,0.0,20
2023-05-10 21:14:55,ag2312P4800,ag2312P4800,75.0,0.0,0.0,0.0,1,60.5,63.5,1,75.0,64.5,0.0,0.0,0.0,0.0,20
2023-05-10 21:15:18,ag2312P4800,ag2312P4800,75.0,0.0,0.0,0.0,1,61.0,63.5,1,75.0,64.5,0.0,0.0,0.0,0.0,20
2023-05-10 21:16:38,ag2312P4800,ag2312P4800,75.0,0.0,0.0,0.0,1,61.0,63.5,1,75.0,64.5,0.0,0.0,0.0,0.0,20
2023-05-10 21:17:16,ag2312P4800,ag2312P4800,75.0,0.0,0.0,0.0,1,61.5,63.5,1,75.0,64.5,0.0,0.0,0.0,0.0,20
2023-05-10 21:17:17,ag2312P4800,ag2312P4800,75.0,0.0,0.0,0.0,1,61.5,64.5,1,75.0,64.5,0.0,0.0,0.0,0.0,20
2023-05-10 21:17:31,ag2312P4800,ag2312P4800,75.0,0.0,0.0,0.0,1,61.5,64.0,1,75.0,64.5,0.0,0.0,0.0,0.0,20
2023-05-10 21:18:03,ag2312P4800,ag2312P4800,75.0,0.0,0.0,0.0,1,61.0,64.0,1,75.0,64.5,0.0,0.0,0.0,0.0,20
2023-05-10 21:18:41,ag2312P4800,ag2312P4800,75.0,0.0,0.0,0.0,1,61.0,63.5,1,75.0,64.5,0.0,0.0,0.0,0.0,20
2023-05-10 21:18:45,ag2312P4800,ag2312P4800,75.0,0.0,0.0,0.0,1,61.0,63.5,1,75.0,64.5,0.0,0.0,0.0,0.0,20
2023-05-10 21:19:18,ag2312P4800,ag2312P4800,75.0,0.0,0.0,0.0,1,60.5,63.5,1,75.0,64.5,0.0,0.0,0.0,0.0,20
2023-05-10 21:20:39,ag2312P4800,ag2312P4800,75.0,0.0,0.0,0.0,1,60.5,63.0,1,75.0,64.5,0.0,0.0,0.0,0.0,20
2023-05-10 21:21:13,ag2312P4800,ag2312P4800,75.0,0.0,0.0,0.0,1,49.5,63.0,1,75.0,64.5,0.0,0.0,0.0,0.0,20
2023-05-10 21:21:14,ag2312P4800,ag2312P4800,75.0,0.0,0.0,0.0,4,50.0,63.0,1,75.0,64.5,0.0,0.0,0.0,0.0,20
2023-05-10 21:21:14,ag2312P4800,ag2312P4800,75.0,0.0,0.0,0.0,1,54.5,63.0,1,75.0,64.5,0.0,0.0,0.0,0.0,20
2023-05-10 21:21:15,ag2312P4800,ag2312P4800,75.0,0.0,0.0,0.0,1,54.5,63.0,1,75.0,64.5,0.0,0.0,0.0,0.0,20
2023-05-10 21:21:17,ag2312P4800,ag2312P4800,75.0,0.0,0.0,0.0,1,60.0,63.0,1,75.0,64.5,0.0,0.0,0.0,0.0,20
2023-05-10 21:21:27,ag2312P4800,ag2312P4800,75.0,0.0,0.0,0.0,1,60.0,63.0,1,75.0,64.5,0.0,0.0,0.0,0.0,20
2023-05-10 21:22:13,ag2312P4800,ag2312P4800,75.0,0.0,0.0,0.0,1,60.5,63.0,1,75.0,64.5,0.0,0.0,0.0,0.0,20
2023-05-10 21:23:08,ag2312P4800,ag2312P4800,75.0,0.0,0.0,0.0,1,61.0,63.0,1,75.0,64.5,0.0,0.0,0.0,0.0,20
2023-05-10 21:23:12,ag2312P4800,ag2312P4800,75.0,0.0,0.0,0.0,1,61.0,63.5,1,75.0,64.5,0.0,0.0,0.0,0.0,20
2023-05-10 21:27:37,ag2312P4800,ag2312P4800,75.0,0.0,0.0,0.0,1,61.5,63.5,1,75.0,64.5,0.0,0.0,0.0,0.0,20
2023-05-10 21:27:39,ag2312P4800,ag2312P4800,75.0,0.0,0.0,0.0,1,61.5,75.5,1,75.0,64.5,0.0,0.0,0.0,0.0,20
2023-05-10 21:27:39,ag2312P4800,ag2312P4800,75.0,0.0,0.0,0.0,1,61.5,64.5,1,75.0,64.5,0.0,0.0,0.0,0.0,20
2023-05-10 21:27:45,ag2312P4800,ag2312P4800,75.0,0.0,0.0,0.0,1,61.5,64.0,1,75.0,64.5,0.0,0.0,0.0,0.0,20
2023-05-10 21:36:07,ag2312P4800,ag2312P4800,75.0,0.0,0.0,0.0,1,61.0,64.0,1,75.0,64.5,0.0,0.0,0.0,0.0,20
2023-05-10 21:36:14,ag2312P4800,ag2312P4800,75.0,0.0,0.0,0.0,1,61.0,63.5,1,75.0,64.5,0.0,0.0,0.0,0.0,20
2023-05-10 21:36:57,ag2312P4800,ag2312P4800,75.0,0.0,0.0,0.0,1,54.5,63.5,1,75.0,64.5,0.0,0.0,0.0,0.0,20
2023-05-10 21:36:58,ag2312P4800,ag2312P4800,75.0,0.0,0.0,0.0,1,60.5,63.5,1,75.0,64.5,0.0,0.0,0.0,0.0,20
2023-05-10 21:37:30,ag2312P4800,ag2312P4800,75.0,0.0,0.0,0.0,1,60.5,63.0,1,75.0,64.5,0.0,0.0,0.0,0.0,20
2023-05-10 21:39:02,ag2312P4800,ag2312P4800,75.0,0.0,0.0,0.0,1,61.0,63.0,1,75.0,64.5,0.0,0.0,0.0,0.0,20
2023-05-10 21:39:43,ag2312P4800,ag2312P4800,75.0,0.0,0.0,0.0,1,61.0,63.5,1,75.0,64.5,0.0,0.0,0.0,0.0,20
2023-05-10 21:40:11,ag2312P4800,ag2312P4800,75.0,0.0,0.0,0.0,1,61.5,63.5,1,75.0,64.5,0.0,0.0,0.0,0.0,20
2023-05-10 21:40:33,ag2312P4800,ag2312P4800,75.0,0.0,0.0,0.0,1,61.0,63.5,1,75.0,64.5,0.0,0.0,0.0,0.0,20
2023-05-10 21:42:05,ag2312P4800,ag2312P4800,75.0,0.0,0.0,0.0,1,61.5,64.5,1,75.0,64.5,0.0,0.0,0.0,0.0,20
2023-05-10 21:42:10,ag2312P4800,ag2312P4800,75.0,0.0,0.0,0.0,1,62.0,64.5,1,75.0,64.5,0.0,0.0,0.0,0.0,20
2023-05-10 21:44:00,ag2312P4800,ag2312P4800,75.0,0.0,0.0,0.0,1,61.5,64.5,1,75.0,64.5,0.0,0.0,0.0,0.0,20
2023-05-10 21:44:06,ag2312P4800,ag2312P4800,75.0,0.0,0.0,0.0,1,61.5,64.0,1,75.0,64.5,0.0,0.0,0.0,0.0,20
2023-05-10 21:46:30,ag2312P4800,ag2312P4800,75.0,0.0,0.0,0.0,1,61.0,64.0,1,75.0,64.5,0.0,0.0,0.0,0.0,20
2023-05-10 21:46:35,ag2312P4800,ag2312P4800,75.0,0.0,0.0,0.0,1,61.0,63.5,1,75.0,64.5,0.0,0.0,0.0,0.0,20
2023-05-10 21:46:46,ag2312P4800,ag2312P4800,75.0,0.0,0.0,0.0,1,54.5,63.5,1,75.0,64.5,0.0,0.0,0.0,0.0,20
2023-05-10 21:46:47,ag2312P4800,ag2312P4800,75.0,0.0,0.0,0.0,1,60.5,63.5,1,75.0,64.5,0.0,0.0,0.0,0.0,20
2023-05-10 21:47:12,ag2312P4800,ag2312P4800,75.0,0.0,0.0,0.0,1,60.5,63.0,1,75.0,64.5,0.0,0.0,0.0,0.0,20
2023-05-10 21:48:25,ag2312P4800,ag2312P4800,75.0,0.0,0.0,0.0,1,60.0,63.0,1,75.0,64.5,0.0,0.0,0.0,0.0,20
2023-05-10 21:48:50,ag2312P4800,ag2312P4800,75.0,0.0,0.0,0.0,1,60.5,63.0,1,75.0,64.5,0.0,0.0,0.0,0.0,20
2023-05-10 21:50:07,ag2312P4800,ag2312P4800,75.0,0.0,0.0,0.0,1,61.0,63.0,1,75.0,64.5,0.0,0.0,0.0,0.0,20
2023-05-10 21:50:10,ag2312P4800,ag2312P4800,75.0,0.0,0.0,0.0,1,61.0,63.5,1,75.0,64.5,0.0,0.0,0.0,0.0,20
2023-05-10 21:51:00,ag2312P4800,ag2312P4800,75.0,0.0,0.0,0.0,1,60.5,63.5,1,75.0,64.5,0.0,0.0,0.0,0.0,20
2023-05-10 21:51:18,ag2312P4800,ag2312P4800,75.0,0.0,0.0,0.0,1,61.0,63.5,1,75.0,64.5,0.0,0.0,0.0,0.0,20
2023-05-10 21:57:31,ag2312P4800,ag2312P4800,75.0,0.0,0.0,0.0,1,61.5,63.5,1,75.0,64.5,0.0,0.0,0.0,0.0,20
2023-05-10 21:58:30,ag2312P4800,ag2312P4800,75.0,0.0,0.0,0.0,1,61.5,64.5,1,75.0,64.5,0.0,0.0,0.0,0.0,20
2023-05-10 21:58:32,ag2312P4800,ag2312P4800,75.0,0.0,0.0,0.0,1,61.5,64.0,1,75.0,64.5,0.0,0.0,0.0,0.0,20
2023-05-10 22:00:04,ag2312P4800,ag2312P4800,75.0,0.0,0.0,0.0,1,62.0,64.0,1,75.0,64.5,0.0,0.0,0.0,0.0,20
2023-05-10 22:00:05,ag2312P4800,ag2312P4800,75.0,0.0,0.0,0.0,1,62.0,64.5,1,75.0,64.5,0.0,0.0,0.0,0.0,20
2023-05-10 22:00:28,ag2312P4800,ag2312P4800,75.0,0.0,0.0,0.0,1,62.5,64.5,1,75.0,64.5,0.0,0.0,0.0,0.0,20
2023-05-10 22:01:00,ag2312P4800,ag2312P4800,75.0,0.0,0.0,0.0,1,62.5,75.5,1,75.0,64.5,0.0,0.0,0.0,0.0,20
2023-05-10 22:01:01,ag2312P4800,ag2312P4800,75.0,0.0,0.0,0.0,1,62.5,65.5,1,75.0,64.5,0.0,0.0,0.0,0.0,20
2023-05-10 22:01:07,ag2312P4800,ag2312P4800,75.0,0.0,0.0,0.0,1,62.5,65.0,1,75.0,64.5,0.0,0.0,0.0,0.0,20
2023-05-10 22:03:29,ag2312P4800,ag2312P4800,75.0,0.0,0.0,0.0,1,62.0,65.0,1,75.0,64.5,0.0,0.0,0.0,0.0,20
2023-05-10 22:04:04,ag2312P4800,ag2312P4800,75.0,0.0,0.0,0.0,1,62.0,64.5,1,75.0,64.5,0.0,0.0,0.0,0.0,20
2023-05-10 22:04:12,ag2312P4800,ag2312P4800,64.5,1.0,967.5,0.0,1,64.5,65.0,1,75.0,64.5,64.5,64.5,1.0,967.5,20
2023-05-10 22:04:13,ag2312P4800,ag2312P4800,64.5,1.0,967.5,-1.0,1,62.5,65.0,1,75.0,64.5,64.5,64.5,2.0,1935.0,19
2023-05-10 22:04:15,ag2312P4800,ag2312P4800,64.5,0.0,0.0,0.0,1,62.5,75.5,1,75.0,64.5,64.5,64.5,2.0,1935.0,19
2023-05-10 22:04:16,ag2312P4800,ag2312P4800,64.5,0.0,0.0,0.0,1,62.5,66.0,1,75.0,64.5,64.5,64.5,2.0,1935.0,19
2023-05-10 22:04:17,ag2312P4800,ag2312P4800,64.5,0.0,0.0,0.0,1,63.0,66.0,1,75.0,64.5,64.5,64.5,2.0,1935.0,19
2023-05-10 22:04:20,ag2312P4800,ag2312P4800,64.5,0.0,0.0,0.0,1,63.5,66.0,1,75.0,64.5,64.5,64.5,2.0,1935.0,19
2023-05-10 22:04:22,ag2312P4800,ag2312P4800,64.5,0.0,0.0,0.0,1,63.5,67.0,1,75.0,64.5,64.5,64.5,2.0,1935.0,19
2023-05-10 22:06:04,ag2312P4800,ag2312P4800,64.5,0.0,0.0,0.0,1,63.5,66.5,1,75.0,64.5,64.5,64.5,2.0,1935.0,19
2023-05-10 22:06:11,ag2312P4800,ag2312P4800,64.5,0.0,0.0,0.0,1,63.0,66.5,1,75.0,64.5,64.5,64.5,2.0,1935.0,19
2023-05-10 22:07:28,ag2312P4800,ag2312P4800,64.5,0.0,0.0,0.0,1,63.5,66.5,1,75.0,64.5,64.5,64.5,2.0,1935.0,19
2023-05-10 22:08:05,ag2312P4800,ag2312P4800,64.5,0.0,0.0,0.0,1,63.0,66.5,1,75.0,64.5,64.5,64.5,2.0,1935.0,19
2023-05-10 22:09:54,ag2312P4800,ag2312P4800,64.5,0.0,0.0,0.0,1,63.5,66.5,1,75.0,64.5,64.5,64.5,2.0,1935.0,19
2023-05-10 22:16:06,ag2312P4800,ag2312P4800,64.5,0.0,0.0,0.0,1,64.0,66.5,1,75.0,64.5,64.5,64.5,2.0,1935.0,19
2023-05-10 22:17:08,ag2312P4800,ag2312P4800,64.5,0.0,0.0,0.0,1,63.5,66.5,1,75.0,64.5,64.5,64.5,2.0,1935.0,19
2023-05-10 22:23:14,ag2312P4800,ag2312P4800,64.5,0.0,0.0,0.0,1,64.0,66.5,1,75.0,64.5,64.5,64.5,2.0,1935.0,19
2023-05-10 22:25:59,ag2312P4800,ag2312P4800,64.5,0.0,0.0,0.0,1,64.0,67.0,1,75.0,64.5,64.5,64.5,2.0,1935.0,19
2023-05-10 22:26:08,ag2312P4800,ag2312P4800,64.5,0.0,0.0,0.0,1,64.5,67.0,1,75.0,64.5,64.5,64.5,2.0,1935.0,19
2023-05-10 22:27:41,ag2312P4800,ag2312P4800,64.5,0.0,0.0,0.0,1,64.5,68.0,1,75.0,64.5,64.5,64.5,2.0,1935.0,19
2023-05-10 22:30:27,ag2312P4800,ag2312P4800,64.5,0.0,0.0,0.0,1,65.0,68.0,1,75.0,64.5,64.5,64.5,2.0,1935.0,19
2023-05-10 22:31:38,ag2312P4800,ag2312P4800,64.5,0.0,0.0,0.0,1,64.5,68.0,1,75.0,64.5,64.5,64.5,2.0,1935.0,19
2023-05-10 22:31:53,ag2312P4800,ag2312P4800,64.5,0.0,0.0,0.0,1,65.0,68.0,1,75.0,64.5,64.5,64.5,2.0,1935.0,19
2023-05-10 22:32:29,ag2312P4800,ag2312P4800,64.5,0.0,0.0,0.0,1,65.5,68.0,1,75.0,64.5,64.5,64.5,2.0,1935.0,19
2023-05-10 22:33:06,ag2312P4800,ag2312P4800,64.5,0.0,0.0,0.0,1,65.5,69.0,1,75.0,64.5,64.5,64.5,2.0,1935.0,19
2023-05-10 22:33:56,ag2312P4800,ag2312P4800,64.5,0.0,0.0,0.0,1,66.0,69.0,1,75.0,64.5,64.5,64.5,2.0,1935.0,19
2023-05-10 22:34:47,ag2312P4800,ag2312P4800,64.5,0.0,0.0,0.0,1,65.5,69.0,1,75.0,64.5,64.5,64.5,2.0,1935.0,19
2023-05-10 22:38:39,ag2312P4800,ag2312P4800,64.5,0.0,0.0,0.0,1,66.0,69.0,1,75.0,64.5,64.5,64.5,2.0,1935.0,19
2023-05-10 22:39:21,ag2312P4800,ag2312P4800,64.5,0.0,0.0,0.0,1,65.5,69.0,1,75.0,64.5,64.5,64.5,2.0,1935.0,19
2023-05-10 22:40:17,ag2312P4800,ag2312P4800,64.5,0.0,0.0,0.0,1,65.5,68.5,1,75.0,64.5,64.5,64.5,2.0,1935.0,19
2023-05-10 22:41:36,ag2312P4800,ag2312P4800,64.5,0.0,0.0,0.0,1,66.0,68.5,1,75.0,64.5,64.5,64.5,2.0,1935.0,19
2023-05-10 22:42:05,ag2312P4800,ag2312P4800,64.5,0.0,0.0,0.0,1,66.0,69.0,1,75.0,64.5,64.5,64.5,2.0,1935.0,19
2023-05-10 22:43:45,ag2312P4800,ag2312P4800,64.5,0.0,0.0,0.0,1,66.0,69.0,1,75.0,64.5,64.5,64.5,2.0,1935.0,19
2023-05-10 22:43:49,ag2312P4800,ag2312P4800,64.5,0.0,0.0,0.0,1,66.5,69.0,1,75.0,64.5,64.5,64.5,2.0,1935.0,19
2023-05-10 22:43:51,ag2312P4800,ag2312P4800,64.5,0.0,0.0,0.0,1,66.5,70.0,1,75.0,64.5,64.5,64.5,2.0,1935.0,19
2023-05-10 22:44:48,ag2312P4800,ag2312P4800,64.5,0.0,0.0,0.0,1,66.5,70.0,1,75.0,64.5,64.5,64.5,2.0,1935.0,19
2023-05-10 22:45:05,ag2312P4800,ag2312P4800,64.5,0.0,0.0,0.0,1,67.0,70.0,1,75.0,64.5,64.5,64.5,2.0,1935.0,19
2023-05-10 22:45:52,ag2312P4800,ag2312P4800,64.5,0.0,0.0,0.0,1,66.5,70.0,1,75.0,64.5,64.5,64.5,2.0,1935.0,19
2023-05-10 22:48:07,ag2312P4800,ag2312P4800,64.5,0.0,0.0,0.0,1,67.0,70.0,1,75.0,64.5,64.5,64.5,2.0,1935.0,19
2023-05-10 22:48:12,ag2312P4800,ag2312P4800,64.5,0.0,0.0,0.0,1,67.0,70.0,1,75.0,64.5,64.5,64.5,2.0,1935.0,19
2023-05-10 22:50:17,ag2312P4800,ag2312P4800,64.5,0.0,0.0,0.0,1,67.0,70.0,1,75.0,64.5,64.5,64.5,2.0,1935.0,19
2023-05-10 22:52:00,ag2312P4800,ag2312P4800,64.5,0.0,0.0,0.0,1,67.5,70.0,1,75.0,64.5,64.5,64.5,2.0,1935.0,19
2023-05-10 22:52:33,ag2312P4800,ag2312P4800,64.5,0.0,0.0,0.0,1,67.5,70.0,1,75.0,64.5,64.5,64.5,2.0,1935.0,19
2023-05-10 22:53:08,ag2312P4800,ag2312P4800,64.5,0.0,0.0,0.0,1,67.5,75.5,1,75.0,64.5,64.5,64.5,2.0,1935.0,19
2023-05-10 22:53:08,ag2312P4800,ag2312P4800,64.5,0.0,0.0,0.0,1,67.5,71.0,1,75.0,64.5,64.5,64.5,2.0,1935.0,19
2023-05-10 22:54:11,ag2312P4800,ag2312P4800,64.5,0.0,0.0,0.0,1,68.0,71.0,1,75.0,64.5,64.5,64.5,2.0,1935.0,19
2023-05-10 22:55:37,ag2312P4800,ag2312P4800,64.5,0.0,0.0,0.0,1,67.5,71.0,1,75.0,64.5,64.5,64.5,2.0,1935.0,19
2023-05-10 22:58:23,ag2312P4800,ag2312P4800,64.5,0.0,0.0,0.0,1,68.0,71.0,1,75.0,64.5,64.5,64.5,2.0,1935.0,19
2023-05-10 23:00:37,ag2312P4800,ag2312P4800,64.5,0.0,0.0,0.0,1,68.5,71.0,1,75.0,64.5,64.5,64.5,2.0,1935.0,19
2023-05-10 23:00:49,ag2312P4800,ag2312P4800,64.5,0.0,0.0,0.0,1,68.5,75.5,1,75.0,64.5,64.5,64.5,2.0,1935.0,19
2023-05-10 23:00:51,ag2312P4800,ag2312P4800,64.5,0.0,0.0,0.0,1,68.5,72.0,1,75.0,64.5,64.5,64.5,2.0,1935.0,19
2023-05-10 23:01:22,ag2312P4800,ag2312P4800,64.5,0.0,0.0,0.0,1,54.5,75.5,1,75.0,64.5,64.5,64.5,2.0,1935.0,19
2023-05-10 23:01:23,ag2312P4800,ag2312P4800,64.5,0.0,0.0,0.0,2,55.0,75.5,1,75.0,64.5,64.5,64.5,2.0,1935.0,19
2023-05-10 23:01:23,ag2312P4800,ag2312P4800,64.5,0.0,0.0,0.0,1,63.0,75.5,1,75.0,64.5,64.5,64.5,2.0,1935.0,19
2023-05-10 23:01:24,ag2312P4800,ag2312P4800,64.5,0.0,0.0,0.0,1,63.0,75.5,1,75.0,64.5,64.5,64.5,2.0,1935.0,19
2023-05-10 23:03:56,ag2312P4800,ag2312P4800,64.5,0.0,0.0,0.0,1,69.5,71.0,1,75.0,64.5,64.5,64.5,2.0,1935.0,19
2023-05-10 23:03:59,ag2312P4800,ag2312P4800,64.5,0.0,0.0,0.0,1,69.5,70.0,1,75.0,64.5,64.5,64.5,2.0,1935.0,19
2023-05-10 23:04:00,ag2312P4800,ag2312P4800,64.5,0.0,0.0,0.0,1,69.5,70.0,1,75.0,64.5,64.5,64.5,2.0,1935.0,19
2023-05-10 23:04:01,ag2312P4800,ag2312P4800,64.5,0.0,0.0,0.0,1,69.5,70.0,1,75.0,64.5,64.5,64.5,2.0,1935.0,19
2023-05-10 23:04:01,ag2312P4800,ag2312P4800,64.5,0.0,0.0,0.0,1,69.5,70.0,2,75.0,64.5,64.5,64.5,2.0,1935.0,19
2023-05-10 23:04:02,ag2312P4800,ag2312P4800,64.5,0.0,0.0,0.0,2,69.5,70.0,3,75.0,64.5,64.5,64.5,2.0,1935.0,19
2023-05-10 23:04:04,ag2312P4800,ag2312P4800,68.0,1.0,1020.0,1.0,1,69.5,70.0,3,75.0,64.5,68.0,64.5,3.0,2955.0,20
2023-05-10 23:04:07,ag2312P4800,ag2312P4800,68.0,0.0,0.0,0.0,1,69.5,70.0,3,75.0,64.5,68.0,64.5,3.0,2955.0,20
2023-05-10 23:04:08,ag2312P4800,ag2312P4800,68.0,0.0,0.0,0.0,1,69.5,70.0,3,75.0,64.5,68.0,64.5,3.0,2955.0,20
2023-05-10 23:04:09,ag2312P4800,ag2312P4800,68.0,0.0,0.0,0.0,1,69.5,70.0,2,75.0,64.5,68.0,64.5,3.0,2955.0,20
2023-05-10 23:04:11,ag2312P4800,ag2312P4800,68.0,0.0,0.0,0.0,1,69.5,70.0,1,75.0,64.5,68.0,64.5,3.0,2955.0,20
2023-05-10 23:04:12,ag2312P4800,ag2312P4800,68.0,0.0,0.0,0.0,1,69.5,70.0,1,75.0,64.5,68.0,64.5,3.0,2955.0,20
2023-05-10 23:04:12,ag2312P4800,ag2312P4800,68.0,0.0,0.0,0.0,1,65.5,71.0,1,75.0,64.5,68.0,64.5,3.0,2955.0,20
2023-05-10 23:04:13,ag2312P4800,ag2312P4800,68.0,0.0,0.0,0.0,1,63.0,75.5,1,75.0,64.5,68.0,64.5,3.0,2955.0,20
2023-05-10 23:10:27,ag2312P4800,ag2312P4800,68.0,0.0,0.0,0.0,1,65.0,68.5,1,75.0,64.5,68.0,64.5,3.0,2955.0,20
2023-05-10 23:10:28,ag2312P4800,ag2312P4800,68.5,1.0,1027.5,1.0,1,63.0,75.5,1,75.0,64.5,68.5,64.5,4.0,3982.5,21
2023-05-10 23:10:30,ag2312P4800,ag2312P4800,68.5,0.0,0.0,0.0,1,70.0,73.0,1,75.0,64.5,68.5,64.5,4.0,3982.5,21
2023-05-10 23:10:31,ag2312P4800,ag2312P4800,68.5,0.0,0.0,0.0,1,70.5,72.0,1,75.0,64.5,68.5,64.5,4.0,3982.5,21
2023-05-10 23:10:31,ag2312P4800,ag2312P4800,68.5,0.0,0.0,0.0,1,70.5,72.0,1,75.0,64.5,68.5,64.5,4.0,3982.5,21
2023-05-10 23:10:33,ag2312P4800,ag2312P4800,68.5,0.0,0.0,0.0,1,70.5,72.0,2,75.0,64.5,68.5,64.5,4.0,3982.5,21
2023-05-10 23:10:34,ag2312P4800,ag2312P4800,68.5,0.0,0.0,0.0,1,70.5,71.0,1,75.0,64.5,68.5,64.5,4.0,3982.5,21
2023-05-10 23:10:34,ag2312P4800,ag2312P4800,68.5,0.0,0.0,0.0,1,70.5,71.0,2,75.0,64.5,68.5,64.5,4.0,3982.5,21
2023-05-10 23:10:36,ag2312P4800,ag2312P4800,68.5,0.0,0.0,0.0,1,70.5,71.0,3,75.0,64.5,68.5,64.5,4.0,3982.5,21
2023-05-10 23:10:41,ag2312P4800,ag2312P4800,68.5,0.0,0.0,0.0,1,70.5,71.0,3,75.0,64.5,68.5,64.5,4.0,3982.5,21
2023-05-10 23:10:42,ag2312P4800,ag2312P4800,68.5,0.0,0.0,0.0,3,70.0,71.0,3,75.0,64.5,68.5,64.5,4.0,3982.5,21
2023-05-10 23:10:43,ag2312P4800,ag2312P4800,68.5,0.0,0.0,0.0,3,70.0,71.0,3,75.0,64.5,68.5,64.5,4.0,3982.5,21
2023-05-10 23:10:44,ag2312P4800,ag2312P4800,68.5,0.0,0.0,0.0,2,70.0,71.0,2,75.0,64.5,68.5,64.5,4.0,3982.5,21
2023-05-10 23:10:45,ag2312P4800,ag2312P4800,68.5,0.0,0.0,0.0,1,70.0,71.0,1,75.0,64.5,68.5,64.5,4.0,3982.5,21
2023-05-10 23:10:47,ag2312P4800,ag2312P4800,68.5,0.0,0.0,0.0,1,67.5,72.0,1,75.0,64.5,68.5,64.5,4.0,3982.5,21
2023-05-10 23:10:47,ag2312P4800,ag2312P4800,68.5,0.0,0.0,0.0,1,63.0,75.5,1,75.0,64.5,68.5,64.5,4.0,3982.5,21
2023-05-10 23:13:41,ag2312P4800,ag2312P4800,68.5,0.0,0.0,0.0,1,3.5,0.0,0,75.0,64.5,68.5,64.5,4.0,3982.5,21
2023-05-10 23:13:41,ag2312P4800,ag2312P4800,68.5,0.0,0.0,0.0,3,4.0,0.0,0,75.0,64.5,68.5,64.5,4.0,3982.5,21
2023-05-10 23:13:42,ag2312P4800,ag2312P4800,68.5,0.0,0.0,0.0,2,12.0,0.0,0,75.0,64.5,68.5,64.5,4.0,3982.5,21
2023-05-10 23:13:43,ag2312P4800,ag2312P4800,68.5,0.0,0.0,0.0,2,12.0,0.0,0,75.0,64.5,68.5,64.5,4.0,3982.5,21
2023-05-10 23:13:43,ag2312P4800,ag2312P4800,68.5,0.0,0.0,0.0,1,13.5,595.5,1,75.0,64.5,68.5,64.5,4.0,3982.5,21
2023-05-10 23:13:44,ag2312P4800,ag2312P4800,68.5,0.0,0.0,0.0,1,13.5,595.0,3,75.0,64.5,68.5,64.5,4.0,3982.5,21
2023-05-10 23:13:44,ag2312P4800,ag2312P4800,68.5,0.0,0.0,0.0,2,14.0,595.0,3,75.0,64.5,68.5,64.5,4.0,3982.5,21
2023-05-10 23:13:45,ag2312P4800,ag2312P4800,68.5,0.0,0.0,0.0,2,14.0,593.5,1,75.0,64.5,68.5,64.5,4.0,3982.5,21
2023-05-10 23:13:45,ag2312P4800,ag2312P4800,68.5,0.0,0.0,0.0,2,22.0,593.5,1,75.0,64.5,68.5,64.5,4.0,3982.5,21
2023-05-10 23:13:46,ag2312P4800,ag2312P4800,68.5,0.0,0.0,0.0,2,22.0,593.0,2,75.0,64.5,68.5,64.5,4.0,3982.5,21
2023-05-10 23:13:46,ag2312P4800,ag2312P4800,68.5,0.0,0.0,0.0,2,22.5,591.5,1,75.0,64.5,68.5,64.5,4.0,3982.5,21
2023-05-10 23:13:47,ag2312P4800,ag2312P4800,68.5,0.0,0.0,0.0,2,22.5,591.5,1,75.0,64.5,68.5,64.5,4.0,3982.5,21
2023-05-10 23:13:47,ag2312P4800,ag2312P4800,68.5,0.0,0.0,0.0,2,22.5,591.0,2,75.0,64.5,68.5,64.5,4.0,3982.5,21
2023-05-10 23:13:48,ag2312P4800,ag2312P4800,68.5,0.0,0.0,0.0,2,22.5,591.0,2,75.0,64.5,68.5,64.5,4.0,3982.5,21
2023-05-10 23:13:48,ag2312P4800,ag2312P4800,68.5,0.0,0.0,0.0,2,22.5,589.5,1,75.0,64.5,68.5,64.5,4.0,3982.5,21
2023-05-10 23:13:49,ag2312P4800,ag2312P4800,68.5,0.0,0.0,0.0,2,30.5,589.5,1,75.0,64.5,68.5,64.5,4.0,3982.5,21
2023-05-10 23:13:49,ag2312P4800,ag2312P4800,68.5,0.0,0.0,0.0,2,30.5,589.0,2,75.0,64.5,68.5,64.5,4.0,3982.5,21
2023-05-10 23:13:50,ag2312P4800,ag2312P4800,68.5,0.0,0.0,0.0,2,31.0,589.0,2,75.0,64.5,68.5,64.5,4.0,3982.5,21
2023-05-10 23:13:50,ag2312P4800,ag2312P4800,68.5,0.0,0.0,0.0,2,31.0,587.5,1,75.0,64.5,68.5,64.5,4.0,3982.5,21
2023-05-10 23:13:51,ag2312P4800,ag2312P4800,68.5,0.0,0.0,0.0,2,31.0,587.5,1,75.0,64.5,68.5,64.5,4.0,3982.5,21
2023-05-10 23:13:51,ag2312P4800,ag2312P4800,68.5,0.0,0.0,0.0,1,60.0,587.0,2,75.0,64.5,68.5,64.5,4.0,3982.5,21
2023-05-10 23:13:52,ag2312P4800,ag2312P4800,68.5,0.0,0.0,0.0,1,60.0,587.0,2,75.0,64.5,68.5,64.5,4.0,3982.5,21
2023-05-10 23:13:53,ag2312P4800,ag2312P4800,68.5,0.0,0.0,0.0,1,67.5,587.0,2,75.0,64.5,68.5,64.5,4.0,3982.5,21
2023-05-10 23:13:54,ag2312P4800,ag2312P4800,68.5,0.0,0.0,0.0,1,67.5,70.5,1,75.0,64.5,68.5,64.5,4.0,3982.5,21
2023-05-10 23:13:54,ag2312P4800,ag2312P4800,68.5,0.0,0.0,0.0,1,67.5,70.5,1,75.0,64.5,68.5,64.5,4.0,3982.5,21
2023-05-10 23:14:06,ag2312P4800,ag2312P4800,68.5,0.0,0.0,0.0,1,67.5,70.5,1,75.0,64.5,68.5,64.5,4.0,3982.5,21
2023-05-10 23:14:18,ag2312P4800,ag2312P4800,68.5,0.0,0.0,0.0,1,60.0,70.5,1,75.0,64.5,68.5,64.5,4.0,3982.5,21
2023-05-10 23:14:19,ag2312P4800,ag2312P4800,68.5,0.0,0.0,0.0,1,67.0,70.5,1,75.0,64.5,68.5,64.5,4.0,3982.5,21
2023-05-10 23:14:26,ag2312P4800,ag2312P4800,68.5,0.0,0.0,0.0,1,67.0,70.0,1,75.0,64.5,68.5,64.5,4.0,3982.5,21
2023-05-10 23:14:31,ag2312P4800,ag2312P4800,68.5,0.0,0.0,0.0,1,60.0,70.0,1,75.0,64.5,68.5,64.5,4.0,3982.5,21
2023-05-10 23:14:32,ag2312P4800,ag2312P4800,68.5,0.0,0.0,0.0,1,66.5,70.0,1,75.0,64.5,68.5,64.5,4.0,3982.5,21
2023-05-10 23:15:34,ag2312P4800,ag2312P4800,68.5,0.0,0.0,0.0,1,66.5,70.0,1,75.0,64.5,68.5,64.5,4.0,3982.5,21
2023-05-10 23:15:36,ag2312P4800,ag2312P4800,68.5,0.0,0.0,0.0,1,66.5,69.5,1,75.0,64.5,68.5,64.5,4.0,3982.5,21
2023-05-10 23:15:59,ag2312P4800,ag2312P4800,68.5,0.0,0.0,0.0,1,60.0,69.5,1,75.0,64.5,68.5,64.5,4.0,3982.5,21
2023-05-10 23:15:59,ag2312P4800,ag2312P4800,68.5,0.0,0.0,0.0,1,66.0,69.5,1,75.0,64.5,68.5,64.5,4.0,3982.5,21
2023-05-10 23:17:20,ag2312P4800,ag2312P4800,68.5,0.0,0.0,0.0,1,66.0,69.5,1,75.0,64.5,68.5,64.5,4.0,3982.5,21
2023-05-10 23:17:36,ag2312P4800,ag2312P4800,68.5,0.0,0.0,0.0,1,66.5,69.5,1,75.0,64.5,68.5,64.5,4.0,3982.5,21
2023-05-10 23:18:17,ag2312P4800,ag2312P4800,68.5,0.0,0.0,0.0,1,66.5,69.0,1,75.0,64.5,68.5,64.5,4.0,3982.5,21
2023-05-10 23:18:44,ag2312P4800,ag2312P4800,68.5,0.0,0.0,0.0,1,66.0,69.0,1,75.0,64.5,68.5,64.5,4.0,3982.5,21
2023-05-10 23:19:14,ag2312P4800,ag2312P4800,68.5,0.0,0.0,0.0,1,66.0,69.0,1,75.0,64.5,68.5,64.5,4.0,3982.5,21
2023-05-10 23:19:21,ag2312P4800,ag2312P4800,68.5,0.0,0.0,0.0,1,66.0,68.5,1,75.0,64.5,68.5,64.5,4.0,3982.5,21
2023-05-10 23:22:11,ag2312P4800,ag2312P4800,68.5,0.0,0.0,0.0,1,60.0,68.5,1,75.0,64.5,68.5,64.5,4.0,3982.5,21
2023-05-10 23:22:12,ag2312P4800,ag2312P4800,68.5,0.0,0.0,0.0,1,65.5,68.5,1,75.0,64.5,68.5,64.5,4.0,3982.5,21
2023-05-10 23:25:54,ag2312P4800,ag2312P4800,68.5,0.0,0.0,0.0,1,60.0,184.0,1,75.0,64.5,68.5,64.5,4.0,3982.5,21
2023-05-10 23:25:55,ag2312P4800,ag2312P4800,68.5,0.0,0.0,0.0,1,60.0,182.5,1,75.0,64.5,68.5,64.5,4.0,3982.5,21
2023-05-10 23:25:55,ag2312P4800,ag2312P4800,68.5,0.0,0.0,0.0,1,60.0,182.5,1,75.0,64.5,68.5,64.5,4.0,3982.5,21
2023-05-10 23:25:56,ag2312P4800,ag2312P4800,68.5,0.0,0.0,0.0,1,60.0,182.0,2,75.0,64.5,68.5,64.5,4.0,3982.5,21
2023-05-10 23:25:56,ag2312P4800,ag2312P4800,68.5,0.0,0.0,0.0,1,60.0,180.5,1,75.0,64.5,68.5,64.5,4.0,3982.5,21
2023-05-10 23:25:57,ag2312P4800,ag2312P4800,68.5,0.0,0.0,0.0,1,60.0,180.5,1,75.0,64.5,68.5,64.5,4.0,3982.5,21
2023-05-10 23:25:57,ag2312P4800,ag2312P4800,68.5,0.0,0.0,0.0,1,60.0,132.5,1,75.0,64.5,68.5,64.5,4.0,3982.5,21
2023-05-10 23:25:58,ag2312P4800,ag2312P4800,68.5,0.0,0.0,0.0,1,60.0,132.5,1,75.0,64.5,68.5,64.5,4.0,3982.5,21
2023-05-10 23:25:58,ag2312P4800,ag2312P4800,68.5,0.0,0.0,0.0,1,60.0,132.0,2,75.0,64.5,68.5,64.5,4.0,3982.5,21
2023-05-10 23:26:00,ag2312P4800,ag2312P4800,68.5,0.0,0.0,0.0,1,60.0,84.0,1,75.0,64.5,68.5,64.5,4.0,3982.5,21
2023-05-10 23:26:00,ag2312P4800,ag2312P4800,68.5,0.0,0.0,0.0,1,60.0,84.0,1,75.0,64.5,68.5,64.5,4.0,3982.5,21
2023-05-10 23:26:01,ag2312P4800,ag2312P4800,68.5,0.0,0.0,0.0,1,60.0,83.5,2,75.0,64.5,68.5,64.5,4.0,3982.5,21
2023-05-10 23:26:26,ag2312P4800,ag2312P4800,68.5,0.0,0.0,0.0,1,60.0,84.0,1,75.0,64.5,68.5,64.5,4.0,3982.5,21
2023-05-10 23:26:26,ag2312P4800,ag2312P4800,68.5,0.0,0.0,0.0,1,60.0,84.0,3,75.0,64.5,68.5,64.5,4.0,3982.5,21
2023-05-10 23:26:28,ag2312P4800,ag2312P4800,68.5,0.0,0.0,0.0,1,4.0,84.0,2,75.0,64.5,68.5,64.5,4.0,3982.5,21
2023-05-10 23:26:29,ag2312P4800,ag2312P4800,68.5,0.0,0.0,0.0,1,5.5,84.0,2,75.0,64.5,68.5,64.5,4.0,3982.5,21
2023-05-10 23:26:29,ag2312P4800,ag2312P4800,68.5,0.0,0.0,0.0,2,13.5,84.0,2,75.0,64.5,68.5,64.5,4.0,3982.5,21
2023-05-10 23:26:30,ag2312P4800,ag2312P4800,68.5,0.0,0.0,0.0,1,15.0,84.0,2,75.0,64.5,68.5,64.5,4.0,3982.5,21
2023-05-10 23:26:30,ag2312P4800,ag2312P4800,68.5,0.0,0.0,0.0,1,15.0,84.0,2,75.0,64.5,68.5,64.5,4.0,3982.5,21
2023-05-10 23:26:31,ag2312P4800,ag2312P4800,68.5,0.0,0.0,0.0,2,15.5,84.0,2,75.0,64.5,68.5,64.5,4.0,3982.5,21
2023-05-10 23:26:31,ag2312P4800,ag2312P4800,68.5,0.0,0.0,0.0,2,15.5,84.0,2,75.0,64.5,68.5,64.5,4.0,3982.5,21
2023-05-10 23:26:32,ag2312P4800,ag2312P4800,68.5,0.0,0.0,0.0,2,15.5,84.0,2,75.0,64.5,68.5,64.5,4.0,3982.5,21
2023-05-10 23:26:32,ag2312P4800,ag2312P4800,68.5,0.0,0.0,0.0,2,23.5,84.0,2,75.0,64.5,68.5,64.5,4.0,3982.5,21
2023-05-10 23:26:33,ag2312P4800,ag2312P4800,68.5,0.0,0.0,0.0,2,23.5,84.0,2,75.0,64.5,68.5,64.5,4.0,3982.5,21
2023-05-10 23:26:33,ag2312P4800,ag2312P4800,68.5,0.0,0.0,0.0,2,24.0,84.0,2,75.0,64.5,68.5,64.5,4.0,3982.5,21
2023-05-10 23:26:35,ag2312P4800,ag2312P4800,68.5,0.0,0.0,0.0,2,24.0,84.0,2,75.0,64.5,68.5,64.5,4.0,3982.5,21
2023-05-10 23:26:36,ag2312P4800,ag2312P4800,68.5,0.0,0.0,0.0,2,28.0,84.0,2,75.0,64.5,68.5,64.5,4.0,3982.5,21
2023-05-10 23:26:36,ag2312P4800,ag2312P4800,68.5,0.0,0.0,0.0,2,28.0,84.0,2,75.0,64.5,68.5,64.5,4.0,3982.5,21
2023-05-10 23:26:37,ag2312P4800,ag2312P4800,68.5,0.0,0.0,0.0,2,28.5,84.0,2,75.0,64.5,68.5,64.5,4.0,3982.5,21
2023-05-10 23:26:38,ag2312P4800,ag2312P4800,68.5,0.0,0.0,0.0,2,28.5,84.0,2,75.0,64.5,68.5,64.5,4.0,3982.5,21
2023-05-10 23:26:39,ag2312P4800,ag2312P4800,68.5,0.0,0.0,0.0,2,29.0,84.0,2,75.0,64.5,68.5,64.5,4.0,3982.5,21
2023-05-10 23:26:39,ag2312P4800,ag2312P4800,68.5,0.0,0.0,0.0,2,29.0,84.0,2,75.0,64.5,68.5,64.5,4.0,3982.5,21
2023-05-10 23:26:40,ag2312P4800,ag2312P4800,68.5,0.0,0.0,0.0,2,29.5,84.0,2,75.0,64.5,68.5,64.5,4.0,3982.5,21
2023-05-10 23:26:41,ag2312P4800,ag2312P4800,68.5,0.0,0.0,0.0,2,29.5,84.0,2,75.0,64.5,68.5,64.5,4.0,3982.5,21
2023-05-10 23:26:42,ag2312P4800,ag2312P4800,68.5,0.0,0.0,0.0,2,30.0,84.0,2,75.0,64.5,68.5,64.5,4.0,3982.5,21
2023-05-10 23:26:42,ag2312P4800,ag2312P4800,68.5,0.0,0.0,0.0,2,30.0,84.0,2,75.0,64.5,68.5,64.5,4.0,3982.5,21
2023-05-10 23:26:43,ag2312P4800,ag2312P4800,68.5,0.0,0.0,0.0,2,30.5,84.0,2,75.0,64.5,68.5,64.5,4.0,3982.5,21
2023-05-10 23:26:44,ag2312P4800,ag2312P4800,68.5,0.0,0.0,0.0,2,30.5,84.0,2,75.0,64.5,68.5,64.5,4.0,3982.5,21
2023-05-10 23:26:45,ag2312P4800,ag2312P4800,68.5,0.0,0.0,0.0,2,31.0,84.0,2,75.0,64.5,68.5,64.5,4.0,3982.5,21
2023-05-10 23:26:45,ag2312P4800,ag2312P4800,68.5,0.0,0.0,0.0,2,31.0,84.0,2,75.0,64.5,68.5,64.5,4.0,3982.5,21
2023-05-10 23:26:46,ag2312P4800,ag2312P4800,68.5,0.0,0.0,0.0,2,31.5,84.0,2,75.0,64.5,68.5,64.5,4.0,3982.5,21
2023-05-10 23:26:47,ag2312P4800,ag2312P4800,68.5,0.0,0.0,0.0,2,32.0,84.0,2,75.0,64.5,68.5,64.5,4.0,3982.5,21
2023-05-10 23:26:47,ag2312P4800,ag2312P4800,68.5,0.0,0.0,0.0,2,32.0,84.0,2,75.0,64.5,68.5,64.5,4.0,3982.5,21
2023-05-10 23:26:48,ag2312P4800,ag2312P4800,68.5,0.0,0.0,0.0,2,32.5,84.0,2,75.0,64.5,68.5,64.5,4.0,3982.5,21
2023-05-10 23:26:49,ag2312P4800,ag2312P4800,68.5,0.0,0.0,0.0,2,33.0,84.0,2,75.0,64.5,68.5,64.5,4.0,3982.5,21
2023-05-10 23:26:49,ag2312P4800,ag2312P4800,68.5,0.0,0.0,0.0,2,33.0,84.0,2,75.0,64.5,68.5,64.5,4.0,3982.5,21
2023-05-10 23:26:50,ag2312P4800,ag2312P4800,68.5,0.0,0.0,0.0,2,33.5,84.0,2,75.0,64.5,68.5,64.5,4.0,3982.5,21
2023-05-10 23:26:50,ag2312P4800,ag2312P4800,68.5,0.0,0.0,0.0,2,33.5,84.0,2,75.0,64.5,68.5,64.5,4.0,3982.5,21
2023-05-10 23:26:51,ag2312P4800,ag2312P4800,68.5,0.0,0.0,0.0,2,34.0,84.0,2,75.0,64.5,68.5,64.5,4.0,3982.5,21
2023-05-10 23:26:51,ag2312P4800,ag2312P4800,68.5,0.0,0.0,0.0,2,34.0,84.0,2,75.0,64.5,68.5,64.5,4.0,3982.5,21
2023-05-10 23:26:52,ag2312P4800,ag2312P4800,68.5,0.0,0.0,0.0,2,34.5,84.0,2,75.0,64.5,68.5,64.5,4.0,3982.5,21
2023-05-10 23:26:52,ag2312P4800,ag2312P4800,68.5,0.0,0.0,0.0,2,35.0,84.0,2,75.0,64.5,68.5,64.5,4.0,3982.5,21
2023-05-10 23:26:53,ag2312P4800,ag2312P4800,68.5,0.0,0.0,0.0,2,35.0,84.0,2,75.0,64.5,68.5,64.5,4.0,3982.5,21
2023-05-10 23:26:53,ag2312P4800,ag2312P4800,68.5,0.0,0.0,0.0,2,35.5,84.0,2,75.0,64.5,68.5,64.5,4.0,3982.5,21
2023-05-10 23:26:54,ag2312P4800,ag2312P4800,68.5,0.0,0.0,0.0,2,35.5,84.0,2,75.0,64.5,68.5,64.5,4.0,3982.5,21
2023-05-10 23:27:07,ag2312P4800,ag2312P4800,68.5,0.0,0.0,0.0,1,57.5,84.0,2,75.0,64.5,68.5,64.5,4.0,3982.5,21
2023-05-10 23:27:08,ag2312P4800,ag2312P4800,68.5,0.0,0.0,0.0,1,57.5,84.0,2,75.0,64.5,68.5,64.5,4.0,3982.5,21
2023-05-10 23:27:11,ag2312P4800,ag2312P4800,68.5,0.0,0.0,0.0,1,65.0,69.0,1,75.0,64.5,68.5,64.5,4.0,3982.5,21
2023-05-10 23:27:11,ag2312P4800,ag2312P4800,68.5,0.0,0.0,0.0,1,65.0,69.0,1,75.0,64.5,68.5,64.5,4.0,3982.5,21
2023-05-10 23:29:08,ag2312P4800,ag2312P4800,68.5,0.0,0.0,0.0,1,65.5,69.0,1,75.0,64.5,68.5,64.5,4.0,3982.5,21
2023-05-10 23:31:36,ag2312P4800,ag2312P4800,68.5,0.0,0.0,0.0,1,57.5,80.0,1,75.0,64.5,68.5,64.5,4.0,3982.5,21
2023-05-10 23:31:40,ag2312P4800,ag2312P4800,68.5,0.0,0.0,0.0,1,4.0,595.0,1,75.0,64.5,68.5,64.5,4.0,3982.5,21
2023-05-10 23:31:41,ag2312P4800,ag2312P4800,68.5,0.0,0.0,0.0,1,5.5,593.5,1,75.0,64.5,68.5,64.5,4.0,3982.5,21
2023-05-10 23:31:41,ag2312P4800,ag2312P4800,68.5,0.0,0.0,0.0,2,13.5,593.5,1,75.0,64.5,68.5,64.5,4.0,3982.5,21
2023-05-10 23:31:42,ag2312P4800,ag2312P4800,68.5,0.0,0.0,0.0,1,15.0,593.0,2,75.0,64.5,68.5,64.5,4.0,3982.5,21
2023-05-10 23:31:42,ag2312P4800,ag2312P4800,68.5,0.0,0.0,0.0,1,15.0,591.5,1,75.0,64.5,68.5,64.5,4.0,3982.5,21
2023-05-10 23:31:43,ag2312P4800,ag2312P4800,68.5,0.0,0.0,0.0,2,15.5,591.5,1,75.0,64.5,68.5,64.5,4.0,3982.5,21
2023-05-10 23:31:43,ag2312P4800,ag2312P4800,68.5,0.0,0.0,0.0,2,23.5,591.0,2,75.0,64.5,68.5,64.5,4.0,3982.5,21
2023-05-10 23:31:44,ag2312P4800,ag2312P4800,68.5,0.0,0.0,0.0,2,23.5,589.5,1,75.0,64.5,68.5,64.5,4.0,3982.5,21
2023-05-10 23:31:44,ag2312P4800,ag2312P4800,68.5,0.0,0.0,0.0,2,24.0,589.5,1,75.0,64.5,68.5,64.5,4.0,3982.5,21
2023-05-10 23:31:45,ag2312P4800,ag2312P4800,68.5,0.0,0.0,0.0,2,24.0,589.0,2,75.0,64.5,68.5,64.5,4.0,3982.5,21
2023-05-10 23:31:45,ag2312P4800,ag2312P4800,68.5,0.0,0.0,0.0,2,32.0,587.5,1,75.0,64.5,68.5,64.5,4.0,3982.5,21
2023-05-10 23:31:46,ag2312P4800,ag2312P4800,68.5,0.0,0.0,0.0,2,32.0,587.5,1,75.0,64.5,68.5,64.5,4.0,3982.5,21
2023-05-10 23:31:46,ag2312P4800,ag2312P4800,68.5,0.0,0.0,0.0,2,32.5,587.0,2,75.0,64.5,68.5,64.5,4.0,3982.5,21
2023-05-10 23:31:47,ag2312P4800,ag2312P4800,68.5,0.0,0.0,0.0,2,32.5,585.5,1,75.0,64.5,68.5,64.5,4.0,3982.5,21
2023-05-10 23:31:47,ag2312P4800,ag2312P4800,68.5,0.0,0.0,0.0,2,32.5,585.5,1,75.0,64.5,68.5,64.5,4.0,3982.5,21
2023-05-10 23:31:48,ag2312P4800,ag2312P4800,68.5,0.0,0.0,0.0,2,40.5,585.0,2,75.0,64.5,68.5,64.5,4.0,3982.5,21
2023-05-10 23:31:48,ag2312P4800,ag2312P4800,68.5,0.0,0.0,0.0,2,40.5,583.5,1,75.0,64.5,68.5,64.5,4.0,3982.5,21
2023-05-10 23:31:49,ag2312P4800,ag2312P4800,68.5,0.0,0.0,0.0,2,41.0,583.5,1,75.0,64.5,68.5,64.5,4.0,3982.5,21
2023-05-10 23:31:49,ag2312P4800,ag2312P4800,68.5,0.0,0.0,0.0,2,41.0,583.0,2,75.0,64.5,68.5,64.5,4.0,3982.5,21
2023-05-10 23:31:50,ag2312P4800,ag2312P4800,68.5,0.0,0.0,0.0,2,41.0,581.5,1,75.0,64.5,68.5,64.5,4.0,3982.5,21
2023-05-10 23:31:50,ag2312P4800,ag2312P4800,68.5,0.0,0.0,0.0,2,41.0,581.5,1,75.0,64.5,68.5,64.5,4.0,3982.5,21
2023-05-10 23:31:51,ag2312P4800,ag2312P4800,68.5,0.0,0.0,0.0,2,41.0,581.0,2,75.0,64.5,68.5,64.5,4.0,3982.5,21
2023-05-10 23:31:51,ag2312P4800,ag2312P4800,68.5,0.0,0.0,0.0,2,41.0,579.5,1,75.0,64.5,68.5,64.5,4.0,3982.5,21
2023-05-10 23:31:52,ag2312P4800,ag2312P4800,68.5,0.0,0.0,0.0,2,41.0,579.5,1,75.0,64.5,68.5,64.5,4.0,3982.5,21
2023-05-10 23:31:52,ag2312P4800,ag2312P4800,68.5,0.0,0.0,0.0,2,41.0,579.0,2,75.0,64.5,68.5,64.5,4.0,3982.5,21
2023-05-10 23:31:53,ag2312P4800,ag2312P4800,68.5,0.0,0.0,0.0,2,41.0,577.5,1,75.0,64.5,68.5,64.5,4.0,3982.5,21
2023-05-10 23:31:53,ag2312P4800,ag2312P4800,68.5,0.0,0.0,0.0,2,41.0,577.5,1,75.0,64.5,68.5,64.5,4.0,3982.5,21
2023-05-10 23:31:54,ag2312P4800,ag2312P4800,68.5,0.0,0.0,0.0,2,41.0,577.0,2,75.0,64.5,68.5,64.5,4.0,3982.5,21
2023-05-10 23:31:54,ag2312P4800,ag2312P4800,68.5,0.0,0.0,0.0,2,41.0,575.5,1,75.0,64.5,68.5,64.5,4.0,3982.5,21
2023-05-10 23:31:55,ag2312P4800,ag2312P4800,68.5,0.0,0.0,0.0,2,41.0,575.5,1,75.0,64.5,68.5,64.5,4.0,3982.5,21
2023-05-10 23:31:55,ag2312P4800,ag2312P4800,68.5,0.0,0.0,0.0,2,41.0,575.0,2,75.0,64.5,68.5,64.5,4.0,3982.5,21
2023-05-10 23:31:56,ag2312P4800,ag2312P4800,68.5,0.0,0.0,0.0,2,41.0,573.5,1,75.0,64.5,68.5,64.5,4.0,3982.5,21
2023-05-10 23:31:56,ag2312P4800,ag2312P4800,68.5,0.0,0.0,0.0,2,41.0,573.5,1,75.0,64.5,68.5,64.5,4.0,3982.5,21
2023-05-10 23:31:57,ag2312P4800,ag2312P4800,68.5,0.0,0.0,0.0,2,41.0,573.0,2,75.0,64.5,68.5,64.5,4.0,3982.5,21
2023-05-10 23:31:57,ag2312P4800,ag2312P4800,68.5,0.0,0.0,0.0,2,41.0,571.5,1,75.0,64.5,68.5,64.5,4.0,3982.5,21
2023-05-10 23:31:58,ag2312P4800,ag2312P4800,68.5,0.0,0.0,0.0,2,41.0,571.5,1,75.0,64.5,68.5,64.5,4.0,3982.5,21
2023-05-10 23:31:58,ag2312P4800,ag2312P4800,68.5,0.0,0.0,0.0,2,41.0,571.0,2,75.0,64.5,68.5,64.5,4.0,3982.5,21
2023-05-10 23:31:59,ag2312P4800,ag2312P4800,68.5,0.0,0.0,0.0,2,41.0,569.5,1,75.0,64.5,68.5,64.5,4.0,3982.5,21
2023-05-10 23:31:59,ag2312P4800,ag2312P4800,68.5,0.0,0.0,0.0,2,41.0,569.5,1,75.0,64.5,68.5,64.5,4.0,3982.5,21
2023-05-10 23:32:00,ag2312P4800,ag2312P4800,68.5,0.0,0.0,0.0,2,41.0,569.0,2,75.0,64.5,68.5,64.5,4.0,3982.5,21
2023-05-10 23:32:00,ag2312P4800,ag2312P4800,68.5,0.0,0.0,0.0,2,41.0,567.5,1,75.0,64.5,68.5,64.5,4.0,3982.5,21
2023-05-10 23:32:01,ag2312P4800,ag2312P4800,68.5,0.0,0.0,0.0,2,41.0,567.5,1,75.0,64.5,68.5,64.5,4.0,3982.5,21
2023-05-10 23:32:01,ag2312P4800,ag2312P4800,68.5,0.0,0.0,0.0,2,41.0,567.0,2,75.0,64.5,68.5,64.5,4.0,3982.5,21
2023-05-10 23:32:02,ag2312P4800,ag2312P4800,68.5,0.0,0.0,0.0,2,41.0,565.5,1,75.0,64.5,68.5,64.5,4.0,3982.5,21
2023-05-10 23:32:02,ag2312P4800,ag2312P4800,68.5,0.0,0.0,0.0,2,41.0,565.5,1,75.0,64.5,68.5,64.5,4.0,3982.5,21
2023-05-10 23:32:03,ag2312P4800,ag2312P4800,68.5,0.0,0.0,0.0,2,41.0,565.0,2,75.0,64.5,68.5,64.5,4.0,3982.5,21
2023-05-10 23:32:03,ag2312P4800,ag2312P4800,68.5,0.0,0.0,0.0,2,41.0,563.5,1,75.0,64.5,68.5,64.5,4.0,3982.5,21
2023-05-10 23:32:04,ag2312P4800,ag2312P4800,68.5,0.0,0.0,0.0,2,41.0,563.5,1,75.0,64.5,68.5,64.5,4.0,3982.5,21
2023-05-10 23:32:04,ag2312P4800,ag2312P4800,68.5,0.0,0.0,0.0,2,41.0,563.0,2,75.0,64.5,68.5,64.5,4.0,3982.5,21
2023-05-10 23:32:05,ag2312P4800,ag2312P4800,68.5,0.0,0.0,0.0,2,45.0,561.5,1,75.0,64.5,68.5,64.5,4.0,3982.5,21
2023-05-10 23:32:05,ag2312P4800,ag2312P4800,68.5,0.0,0.0,0.0,2,45.0,561.5,1,75.0,64.5,68.5,64.5,4.0,3982.5,21
2023-05-10 23:32:06,ag2312P4800,ag2312P4800,68.5,0.0,0.0,0.0,2,45.5,561.0,2,75.0,64.5,68.5,64.5,4.0,3982.5,21
2023-05-10 23:32:06,ag2312P4800,ag2312P4800,68.5,0.0,0.0,0.0,2,45.5,559.5,1,75.0,64.5,68.5,64.5,4.0,3982.5,21
2023-05-10 23:32:07,ag2312P4800,ag2312P4800,68.5,0.0,0.0,0.0,2,46.0,559.5,1,75.0,64.5,68.5,64.5,4.0,3982.5,21
2023-05-10 23:32:07,ag2312P4800,ag2312P4800,68.5,0.0,0.0,0.0,2,46.0,559.0,2,75.0,64.5,68.5,64.5,4.0,3982.5,21
2023-05-10 23:32:08,ag2312P4800,ag2312P4800,68.5,0.0,0.0,0.0,2,46.5,557.5,1,75.0,64.5,68.5,64.5,4.0,3982.5,21
2023-05-10 23:32:08,ag2312P4800,ag2312P4800,68.5,0.0,0.0,0.0,2,46.5,557.5,1,75.0,64.5,68.5,64.5,4.0,3982.5,21
2023-05-10 23:32:09,ag2312P4800,ag2312P4800,68.5,0.0,0.0,0.0,2,46.5,557.0,2,75.0,64.5,68.5,64.5,4.0,3982.5,21
2023-05-10 23:32:09,ag2312P4800,ag2312P4800,68.5,0.0,0.0,0.0,2,46.5,555.5,1,75.0,64.5,68.5,64.5,4.0,3982.5,21
2023-05-10 23:32:10,ag2312P4800,ag2312P4800,68.5,0.0,0.0,0.0,2,46.5,555.5,1,75.0,64.5,68.5,64.5,4.0,3982.5,21
2023-05-10 23:32:10,ag2312P4800,ag2312P4800,68.5,0.0,0.0,0.0,2,46.5,555.0,2,75.0,64.5,68.5,64.5,4.0,3982.5,21
2023-05-10 23:32:11,ag2312P4800,ag2312P4800,68.5,0.0,0.0,0.0,2,46.5,553.5,1,75.0,64.5,68.5,64.5,4.0,3982.5,21
2023-05-10 23:32:11,ag2312P4800,ag2312P4800,68.5,0.0,0.0,0.0,2,46.5,553.5,1,75.0,64.5,68.5,64.5,4.0,3982.5,21
2023-05-10 23:32:12,ag2312P4800,ag2312P4800,68.5,0.0,0.0,0.0,2,46.5,553.0,2,75.0,64.5,68.5,64.5,4.0,3982.5,21
2023-05-10 23:32:12,ag2312P4800,ag2312P4800,68.5,0.0,0.0,0.0,2,46.5,551.5,1,75.0,64.5,68.5,64.5,4.0,3982.5,21
2023-05-10 23:32:13,ag2312P4800,ag2312P4800,68.5,0.0,0.0,0.0,2,46.5,551.5,1,75.0,64.5,68.5,64.5,4.0,3982.5,21
2023-05-10 23:32:13,ag2312P4800,ag2312P4800,68.5,0.0,0.0,0.0,2,46.5,551.0,2,75.0,64.5,68.5,64.5,4.0,3982.5,21
2023-05-10 23:32:14,ag2312P4800,ag2312P4800,68.5,0.0,0.0,0.0,2,46.5,549.5,1,75.0,64.5,68.5,64.5,4.0,3982.5,21
2023-05-10 23:32:14,ag2312P4800,ag2312P4800,68.5,0.0,0.0,0.0,2,46.5,549.5,1,75.0,64.5,68.5,64.5,4.0,3982.5,21
2023-05-10 23:32:15,ag2312P4800,ag2312P4800,68.5,0.0,0.0,0.0,2,46.5,549.0,2,75.0,64.5,68.5,64.5,4.0,3982.5,21
2023-05-10 23:32:15,ag2312P4800,ag2312P4800,68.5,0.0,0.0,0.0,2,46.5,547.5,1,75.0,64.5,68.5,64.5,4.0,3982.5,21
2023-05-10 23:32:16,ag2312P4800,ag2312P4800,68.5,0.0,0.0,0.0,2,46.5,547.5,1,75.0,64.5,68.5,64.5,4.0,3982.5,21
2023-05-10 23:32:16,ag2312P4800,ag2312P4800,68.5,0.0,0.0,0.0,2,46.5,543.5,1,75.0,64.5,68.5,64.5,4.0,3982.5,21
2023-05-10 23:32:17,ag2312P4800,ag2312P4800,68.5,0.0,0.0,0.0,2,46.5,542.0,1,75.0,64.5,68.5,64.5,4.0,3982.5,21
2023-05-10 23:32:17,ag2312P4800,ag2312P4800,68.5,0.0,0.0,0.0,2,46.5,541.5,2,75.0,64.5,68.5,64.5,4.0,3982.5,21
2023-05-10 23:32:18,ag2312P4800,ag2312P4800,68.5,0.0,0.0,0.0,2,46.5,540.0,1,75.0,64.5,68.5,64.5,4.0,3982.5,21
2023-05-10 23:32:18,ag2312P4800,ag2312P4800,68.5,0.0,0.0,0.0,2,46.5,540.0,1,75.0,64.5,68.5,64.5,4.0,3982.5,21
2023-05-10 23:32:19,ag2312P4800,ag2312P4800,68.5,0.0,0.0,0.0,2,46.5,539.5,2,75.0,64.5,68.5,64.5,4.0,3982.5,21
2023-05-10 23:32:19,ag2312P4800,ag2312P4800,68.5,0.0,0.0,0.0,2,47.0,538.0,1,75.0,64.5,68.5,64.5,4.0,3982.5,21
2023-05-10 23:32:20,ag2312P4800,ag2312P4800,68.5,0.0,0.0,0.0,2,47.0,538.0,1,75.0,64.5,68.5,64.5,4.0,3982.5,21
2023-05-10 23:32:20,ag2312P4800,ag2312P4800,68.5,0.0,0.0,0.0,2,47.5,537.5,2,75.0,64.5,68.5,64.5,4.0,3982.5,21
2023-05-10 23:32:21,ag2312P4800,ag2312P4800,68.5,0.0,0.0,0.0,2,48.0,536.0,1,75.0,64.5,68.5,64.5,4.0,3982.5,21
2023-05-10 23:32:21,ag2312P4800,ag2312P4800,68.5,0.0,0.0,0.0,2,48.0,532.5,1,75.0,64.5,68.5,64.5,4.0,3982.5,21
2023-05-10 23:32:22,ag2312P4800,ag2312P4800,68.5,0.0,0.0,0.0,2,48.5,531.0,1,75.0,64.5,68.5,64.5,4.0,3982.5,21
2023-05-10 23:32:22,ag2312P4800,ag2312P4800,68.5,0.0,0.0,0.0,2,48.5,531.0,1,75.0,64.5,68.5,64.5,4.0,3982.5,21
2023-05-10 23:32:23,ag2312P4800,ag2312P4800,68.5,0.0,0.0,0.0,2,48.5,530.5,2,75.0,64.5,68.5,64.5,4.0,3982.5,21
2023-05-10 23:32:23,ag2312P4800,ag2312P4800,68.5,0.0,0.0,0.0,2,48.5,529.0,1,75.0,64.5,68.5,64.5,4.0,3982.5,21
2023-05-10 23:32:24,ag2312P4800,ag2312P4800,68.5,0.0,0.0,0.0,2,48.5,529.0,1,75.0,64.5,68.5,64.5,4.0,3982.5,21
2023-05-10 23:32:24,ag2312P4800,ag2312P4800,68.5,0.0,0.0,0.0,2,48.5,528.5,2,75.0,64.5,68.5,64.5,4.0,3982.5,21
2023-05-10 23:32:25,ag2312P4800,ag2312P4800,68.5,0.0,0.0,0.0,2,48.5,527.0,1,75.0,64.5,68.5,64.5,4.0,3982.5,21
2023-05-10 23:32:25,ag2312P4800,ag2312P4800,68.5,0.0,0.0,0.0,2,48.5,523.5,1,75.0,64.5,68.5,64.5,4.0,3982.5,21
2023-05-10 23:32:26,ag2312P4800,ag2312P4800,68.5,0.0,0.0,0.0,2,48.5,522.0,1,75.0,64.5,68.5,64.5,4.0,3982.5,21
2023-05-10 23:32:26,ag2312P4800,ag2312P4800,68.5,0.0,0.0,0.0,2,48.5,522.0,1,75.0,64.5,68.5,64.5,4.0,3982.5,21
2023-05-10 23:32:27,ag2312P4800,ag2312P4800,68.5,0.0,0.0,0.0,2,48.5,521.5,2,75.0,64.5,68.5,64.5,4.0,3982.5,21
2023-05-10 23:32:27,ag2312P4800,ag2312P4800,68.5,0.0,0.0,0.0,2,48.5,520.0,1,75.0,64.5,68.5,64.5,4.0,3982.5,21
2023-05-10 23:32:28,ag2312P4800,ag2312P4800,68.5,0.0,0.0,0.0,2,48.5,520.0,1,75.0,64.5,68.5,64.5,4.0,3982.5,21
2023-05-10 23:32:28,ag2312P4800,ag2312P4800,68.5,0.0,0.0,0.0,2,48.5,519.5,2,75.0,64.5,68.5,64.5,4.0,3982.5,21
2023-05-10 23:32:29,ag2312P4800,ag2312P4800,68.5,0.0,0.0,0.0,2,48.5,518.0,1,75.0,64.5,68.5,64.5,4.0,3982.5,21
2023-05-10 23:32:29,ag2312P4800,ag2312P4800,68.5,0.0,0.0,0.0,2,48.5,518.0,1,75.0,64.5,68.5,64.5,4.0,3982.5,21
2023-05-10 23:32:30,ag2312P4800,ag2312P4800,68.5,0.0,0.0,0.0,2,48.5,514.0,1,75.0,64.5,68.5,64.5,4.0,3982.5,21
2023-05-10 23:32:30,ag2312P4800,ag2312P4800,68.5,0.0,0.0,0.0,2,48.5,512.5,1,75.0,64.5,68.5,64.5,4.0,3982.5,21
2023-05-10 23:32:31,ag2312P4800,ag2312P4800,68.5,0.0,0.0,0.0,2,48.5,512.0,2,75.0,64.5,68.5,64.5,4.0,3982.5,21
2023-05-10 23:32:31,ag2312P4800,ag2312P4800,68.5,0.0,0.0,0.0,2,48.5,510.5,1,75.0,64.5,68.5,64.5,4.0,3982.5,21
2023-05-10 23:32:32,ag2312P4800,ag2312P4800,68.5,0.0,0.0,0.0,2,48.5,510.5,1,75.0,64.5,68.5,64.5,4.0,3982.5,21
2023-05-10 23:32:32,ag2312P4800,ag2312P4800,68.5,0.0,0.0,0.0,2,48.5,510.0,2,75.0,64.5,68.5,64.5,4.0,3982.5,21
2023-05-10 23:32:33,ag2312P4800,ag2312P4800,68.5,0.0,0.0,0.0,2,48.5,508.5,1,75.0,64.5,68.5,64.5,4.0,3982.5,21
2023-05-10 23:32:33,ag2312P4800,ag2312P4800,68.5,0.0,0.0,0.0,2,48.5,508.5,1,75.0,64.5,68.5,64.5,4.0,3982.5,21
2023-05-10 23:32:34,ag2312P4800,ag2312P4800,68.5,0.0,0.0,0.0,2,48.5,508.0,2,75.0,64.5,68.5,64.5,4.0,3982.5,21
2023-05-10 23:32:34,ag2312P4800,ag2312P4800,68.5,0.0,0.0,0.0,2,48.5,506.5,1,75.0,64.5,68.5,64.5,4.0,3982.5,21
2023-05-10 23:32:35,ag2312P4800,ag2312P4800,68.5,0.0,0.0,0.0,2,48.5,506.5,1,75.0,64.5,68.5,64.5,4.0,3982.5,21
2023-05-10 23:32:35,ag2312P4800,ag2312P4800,68.5,0.0,0.0,0.0,2,48.5,506.0,2,75.0,64.5,68.5,64.5,4.0,3982.5,21
2023-05-10 23:32:36,ag2312P4800,ag2312P4800,68.5,0.0,0.0,0.0,2,48.5,504.5,1,75.0,64.5,68.5,64.5,4.0,3982.5,21
2023-05-10 23:32:36,ag2312P4800,ag2312P4800,68.5,0.0,0.0,0.0,2,48.5,504.5,1,75.0,64.5,68.5,64.5,4.0,3982.5,21
2023-05-10 23:32:37,ag2312P4800,ag2312P4800,68.5,0.0,0.0,0.0,2,48.5,504.0,2,75.0,64.5,68.5,64.5,4.0,3982.5,21
2023-05-10 23:32:37,ag2312P4800,ag2312P4800,68.5,0.0,0.0,0.0,2,48.5,502.5,1,75.0,64.5,68.5,64.5,4.0,3982.5,21
2023-05-10 23:32:38,ag2312P4800,ag2312P4800,68.5,0.0,0.0,0.0,2,48.5,502.5,1,75.0,64.5,68.5,64.5,4.0,3982.5,21
2023-05-10 23:32:38,ag2312P4800,ag2312P4800,68.5,0.0,0.0,0.0,2,48.5,502.0,2,75.0,64.5,68.5,64.5,4.0,3982.5,21
2023-05-10 23:32:39,ag2312P4800,ag2312P4800,68.5,0.0,0.0,0.0,2,48.5,500.5,1,75.0,64.5,68.5,64.5,4.0,3982.5,21
2023-05-10 23:32:39,ag2312P4800,ag2312P4800,68.5,0.0,0.0,0.0,2,48.5,500.5,1,75.0,64.5,68.5,64.5,4.0,3982.5,21
2023-05-10 23:32:40,ag2312P4800,ag2312P4800,68.5,0.0,0.0,0.0,2,48.5,500.0,2,75.0,64.5,68.5,64.5,4.0,3982.5,21
2023-05-10 23:32:40,ag2312P4800,ag2312P4800,68.5,0.0,0.0,0.0,2,48.5,498.5,1,75.0,64.5,68.5,64.5,4.0,3982.5,21
2023-05-10 23:32:41,ag2312P4800,ag2312P4800,68.5,0.0,0.0,0.0,2,48.5,498.5,1,75.0,64.5,68.5,64.5,4.0,3982.5,21
2023-05-10 23:32:41,ag2312P4800,ag2312P4800,68.5,0.0,0.0,0.0,2,48.5,498.0,2,75.0,64.5,68.5,64.5,4.0,3982.5,21
2023-05-10 23:32:42,ag2312P4800,ag2312P4800,68.5,0.0,0.0,0.0,2,48.5,496.5,1,75.0,64.5,68.5,64.5,4.0,3982.5,21
2023-05-10 23:32:42,ag2312P4800,ag2312P4800,68.5,0.0,0.0,0.0,2,48.5,496.5,1,75.0,64.5,68.5,64.5,4.0,3982.5,21
2023-05-10 23:32:43,ag2312P4800,ag2312P4800,68.5,0.0,0.0,0.0,2,48.5,496.0,2,75.0,64.5,68.5,64.5,4.0,3982.5,21
2023-05-10 23:32:43,ag2312P4800,ag2312P4800,68.5,0.0,0.0,0.0,2,48.5,494.5,1,75.0,64.5,68.5,64.5,4.0,3982.5,21
2023-05-10 23:32:44,ag2312P4800,ag2312P4800,68.5,0.0,0.0,0.0,2,48.5,494.5,1,75.0,64.5,68.5,64.5,4.0,3982.5,21
2023-05-10 23:32:44,ag2312P4800,ag2312P4800,68.5,0.0,0.0,0.0,2,48.5,494.0,2,75.0,64.5,68.5,64.5,4.0,3982.5,21
2023-05-10 23:32:45,ag2312P4800,ag2312P4800,68.5,0.0,0.0,0.0,2,48.5,492.5,1,75.0,64.5,68.5,64.5,4.0,3982.5,21
2023-05-10 23:32:45,ag2312P4800,ag2312P4800,68.5,0.0,0.0,0.0,2,48.5,492.5,1,75.0,64.5,68.5,64.5,4.0,3982.5,21
2023-05-10 23:32:46,ag2312P4800,ag2312P4800,68.5,0.0,0.0,0.0,2,48.5,492.0,2,75.0,64.5,68.5,64.5,4.0,3982.5,21
2023-05-10 23:32:46,ag2312P4800,ag2312P4800,68.5,0.0,0.0,0.0,2,48.5,490.5,1,75.0,64.5,68.5,64.5,4.0,3982.5,21
2023-05-10 23:32:47,ag2312P4800,ag2312P4800,68.5,0.0,0.0,0.0,2,48.5,490.5,1,75.0,64.5,68.5,64.5,4.0,3982.5,21
2023-05-10 23:32:47,ag2312P4800,ag2312P4800,68.5,0.0,0.0,0.0,2,48.5,490.0,2,75.0,64.5,68.5,64.5,4.0,3982.5,21
2023-05-10 23:32:48,ag2312P4800,ag2312P4800,68.5,0.0,0.0,0.0,2,48.5,488.5,1,75.0,64.5,68.5,64.5,4.0,3982.5,21
2023-05-10 23:32:48,ag2312P4800,ag2312P4800,68.5,0.0,0.0,0.0,2,48.5,488.5,1,75.0,64.5,68.5,64.5,4.0,3982.5,21
2023-05-10 23:32:49,ag2312P4800,ag2312P4800,68.5,0.0,0.0,0.0,2,48.5,488.0,2,75.0,64.5,68.5,64.5,4.0,3982.5,21
2023-05-10 23:32:49,ag2312P4800,ag2312P4800,68.5,0.0,0.0,0.0,2,48.5,483.0,1,75.0,64.5,68.5,64.5,4.0,3982.5,21
2023-05-10 23:32:50,ag2312P4800,ag2312P4800,68.5,0.0,0.0,0.0,2,48.5,481.5,1,75.0,64.5,68.5,64.5,4.0,3982.5,21
2023-05-10 23:32:50,ag2312P4800,ag2312P4800,68.5,0.0,0.0,0.0,2,48.5,481.0,2,75.0,64.5,68.5,64.5,4.0,3982.5,21
2023-05-10 23:32:51,ag2312P4800,ag2312P4800,68.5,0.0,0.0,0.0,2,48.5,479.5,1,75.0,64.5,68.5,64.5,4.0,3982.5,21
2023-05-10 23:32:51,ag2312P4800,ag2312P4800,68.5,0.0,0.0,0.0,2,48.5,479.5,1,75.0,64.5,68.5,64.5,4.0,3982.5,21
2023-05-10 23:32:52,ag2312P4800,ag2312P4800,68.5,0.0,0.0,0.0,2,48.5,479.0,2,75.0,64.5,68.5,64.5,4.0,3982.5,21
2023-05-10 23:32:52,ag2312P4800,ag2312P4800,68.5,0.0,0.0,0.0,2,48.5,474.0,1,75.0,64.5,68.5,64.5,4.0,3982.5,21
2023-05-10 23:32:53,ag2312P4800,ag2312P4800,68.5,0.0,0.0,0.0,2,48.5,472.5,1,75.0,64.5,68.5,64.5,4.0,3982.5,21
2023-05-10 23:32:53,ag2312P4800,ag2312P4800,68.5,0.0,0.0,0.0,2,48.5,472.0,2,75.0,64.5,68.5,64.5,4.0,3982.5,21
2023-05-10 23:32:54,ag2312P4800,ag2312P4800,68.5,0.0,0.0,0.0,2,48.5,470.5,1,75.0,64.5,68.5,64.5,4.0,3982.5,21
2023-05-10 23:32:54,ag2312P4800,ag2312P4800,68.5,0.0,0.0,0.0,2,48.5,470.5,1,75.0,64.5,68.5,64.5,4.0,3982.5,21
2023-05-10 23:32:55,ag2312P4800,ag2312P4800,68.5,0.0,0.0,0.0,2,48.5,470.0,2,75.0,64.5,68.5,64.5,4.0,3982.5,21
2023-05-10 23:32:55,ag2312P4800,ag2312P4800,68.5,0.0,0.0,0.0,2,48.5,468.5,1,75.0,64.5,68.5,64.5,4.0,3982.5,21
2023-05-10 23:32:56,ag2312P4800,ag2312P4800,68.5,0.0,0.0,0.0,2,48.5,468.5,1,75.0,64.5,68.5,64.5,4.0,3982.5,21
2023-05-10 23:32:56,ag2312P4800,ag2312P4800,68.5,0.0,0.0,0.0,2,48.5,468.0,2,75.0,64.5,68.5,64.5,4.0,3982.5,21
2023-05-10 23:32:57,ag2312P4800,ag2312P4800,68.5,0.0,0.0,0.0,2,48.5,466.5,1,75.0,64.5,68.5,64.5,4.0,3982.5,21
2023-05-10 23:32:57,ag2312P4800,ag2312P4800,68.5,0.0,0.0,0.0,2,48.5,463.0,1,75.0,64.5,68.5,64.5,4.0,3982.5,21
2023-05-10 23:32:58,ag2312P4800,ag2312P4800,68.5,0.0,0.0,0.0,2,48.5,461.5,1,75.0,64.5,68.5,64.5,4.0,3982.5,21
2023-05-10 23:32:58,ag2312P4800,ag2312P4800,68.5,0.0,0.0,0.0,2,48.5,461.5,1,75.0,64.5,68.5,64.5,4.0,3982.5,21
2023-05-10 23:32:59,ag2312P4800,ag2312P4800,68.5,0.0,0.0,0.0,2,48.5,461.0,2,75.0,64.5,68.5,64.5,4.0,3982.5,21
2023-05-10 23:32:59,ag2312P4800,ag2312P4800,68.5,0.0,0.0,0.0,2,48.5,459.5,1,75.0,64.5,68.5,64.5,4.0,3982.5,21
2023-05-10 23:33:00,ag2312P4800,ag2312P4800,68.5,0.0,0.0,0.0,2,48.5,459.5,1,75.0,64.5,68.5,64.5,4.0,3982.5,21
2023-05-10 23:33:00,ag2312P4800,ag2312P4800,68.5,0.0,0.0,0.0,2,48.5,459.0,2,75.0,64.5,68.5,64.5,4.0,3982.5,21
2023-05-10 23:33:01,ag2312P4800,ag2312P4800,68.5,0.0,0.0,0.0,2,48.5,457.5,1,75.0,64.5,68.5,64.5,4.0,3982.5,21
2023-05-10 23:33:01,ag2312P4800,ag2312P4800,68.5,0.0,0.0,0.0,2,48.5,457.5,1,75.0,64.5,68.5,64.5,4.0,3982.5,21
2023-05-10 23:33:02,ag2312P4800,ag2312P4800,68.5,0.0,0.0,0.0,2,48.5,453.5,1,75.0,64.5,68.5,64.5,4.0,3982.5,21
2023-05-10 23:33:02,ag2312P4800,ag2312P4800,68.5,0.0,0.0,0.0,2,48.5,452.0,1,75.0,64.5,68.5,64.5,4.0,3982.5,21
2023-05-10 23:33:03,ag2312P4800,ag2312P4800,68.5,0.0,0.0,0.0,2,48.5,451.5,2,75.0,64.5,68.5,64.5,4.0,3982.5,21
2023-05-10 23:33:03,ag2312P4800,ag2312P4800,68.5,0.0,0.0,0.0,2,48.5,450.0,1,75.0,64.5,68.5,64.5,4.0,3982.5,21
2023-05-10 23:33:04,ag2312P4800,ag2312P4800,68.5,0.0,0.0,0.0,2,48.5,450.0,1,75.0,64.5,68.5,64.5,4.0,3982.5,21
2023-05-10 23:33:04,ag2312P4800,ag2312P4800,68.5,0.0,0.0,0.0,2,48.5,449.5,2,75.0,64.5,68.5,64.5,4.0,3982.5,21
2023-05-10 23:33:05,ag2312P4800,ag2312P4800,68.5,0.0,0.0,0.0,2,48.5,448.0,1,75.0,64.5,68.5,64.5,4.0,3982.5,21
2023-05-10 23:33:05,ag2312P4800,ag2312P4800,68.5,0.0,0.0,0.0,2,48.5,448.0,1,75.0,64.5,68.5,64.5,4.0,3982.5,21
2023-05-10 23:33:06,ag2312P4800,ag2312P4800,68.5,0.0,0.0,0.0,2,48.5,444.0,1,75.0,64.5,68.5,64.5,4.0,3982.5,21
2023-05-10 23:33:06,ag2312P4800,ag2312P4800,68.5,0.0,0.0,0.0,2,48.5,442.5,1,75.0,64.5,68.5,64.5,4.0,3982.5,21
2023-05-10 23:33:07,ag2312P4800,ag2312P4800,68.5,0.0,0.0,0.0,2,48.5,442.0,2,75.0,64.5,68.5,64.5,4.0,3982.5,21
2023-05-10 23:33:07,ag2312P4800,ag2312P4800,68.5,0.0,0.0,0.0,2,48.5,440.5,1,75.0,64.5,68.5,64.5,4.0,3982.5,21
2023-05-10 23:33:08,ag2312P4800,ag2312P4800,68.5,0.0,0.0,0.0,2,48.5,440.5,1,75.0,64.5,68.5,64.5,4.0,3982.5,21
2023-05-10 23:33:08,ag2312P4800,ag2312P4800,68.5,0.0,0.0,0.0,2,48.5,440.0,2,75.0,64.5,68.5,64.5,4.0,3982.5,21
2023-05-10 23:33:09,ag2312P4800,ag2312P4800,68.5,0.0,0.0,0.0,2,48.5,438.5,1,75.0,64.5,68.5,64.5,4.0,3982.5,21
2023-05-10 23:33:09,ag2312P4800,ag2312P4800,68.5,0.0,0.0,0.0,2,48.5,435.0,1,75.0,64.5,68.5,64.5,4.0,3982.5,21
2023-05-10 23:33:10,ag2312P4800,ag2312P4800,68.5,0.0,0.0,0.0,2,48.5,433.5,1,75.0,64.5,68.5,64.5,4.0,3982.5,21
2023-05-10 23:33:10,ag2312P4800,ag2312P4800,68.5,0.0,0.0,0.0,2,48.5,433.5,1,75.0,64.5,68.5,64.5,4.0,3982.5,21
2023-05-10 23:33:11,ag2312P4800,ag2312P4800,68.5,0.0,0.0,0.0,2,48.5,433.0,2,75.0,64.5,68.5,64.5,4.0,3982.5,21
2023-05-10 23:33:11,ag2312P4800,ag2312P4800,68.5,0.0,0.0,0.0,2,48.5,431.5,1,75.0,64.5,68.5,64.5,4.0,3982.5,21
2023-05-10 23:33:12,ag2312P4800,ag2312P4800,68.5,0.0,0.0,0.0,2,48.5,427.5,1,75.0,64.5,68.5,64.5,4.0,3982.5,21
2023-05-10 23:33:12,ag2312P4800,ag2312P4800,68.5,0.0,0.0,0.0,2,48.5,426.0,1,75.0,64.5,68.5,64.5,4.0,3982.5,21
2023-05-10 23:33:13,ag2312P4800,ag2312P4800,68.5,0.0,0.0,0.0,2,48.5,426.0,1,75.0,64.5,68.5,64.5,4.0,3982.5,21
2023-05-10 23:33:13,ag2312P4800,ag2312P4800,68.5,0.0,0.0,0.0,2,48.5,425.5,2,75.0,64.5,68.5,64.5,4.0,3982.5,21
2023-05-10 23:33:14,ag2312P4800,ag2312P4800,68.5,0.0,0.0,0.0,2,48.5,424.0,1,75.0,64.5,68.5,64.5,4.0,3982.5,21
2023-05-10 23:33:14,ag2312P4800,ag2312P4800,68.5,0.0,0.0,0.0,2,48.5,424.0,1,75.0,64.5,68.5,64.5,4.0,3982.5,21
2023-05-10 23:33:15,ag2312P4800,ag2312P4800,68.5,0.0,0.0,0.0,2,48.5,423.5,2,75.0,64.5,68.5,64.5,4.0,3982.5,21
2023-05-10 23:33:15,ag2312P4800,ag2312P4800,68.5,0.0,0.0,0.0,2,48.5,418.5,1,75.0,64.5,68.5,64.5,4.0,3982.5,21
2023-05-10 23:33:16,ag2312P4800,ag2312P4800,68.5,0.0,0.0,0.0,2,48.5,417.0,1,75.0,64.5,68.5,64.5,4.0,3982.5,21
2023-05-10 23:33:16,ag2312P4800,ag2312P4800,68.5,0.0,0.0,0.0,2,48.5,416.5,2,75.0,64.5,68.5,64.5,4.0,3982.5,21
2023-05-10 23:33:17,ag2312P4800,ag2312P4800,68.5,0.0,0.0,0.0,2,48.5,415.0,1,75.0,64.5,68.5,64.5,4.0,3982.5,21
2023-05-10 23:33:17,ag2312P4800,ag2312P4800,68.5,0.0,0.0,0.0,2,48.5,415.0,1,75.0,64.5,68.5,64.5,4.0,3982.5,21
2023-05-10 23:33:18,ag2312P4800,ag2312P4800,68.5,0.0,0.0,0.0,2,48.5,414.5,2,75.0,64.5,68.5,64.5,4.0,3982.5,21
2023-05-10 23:33:18,ag2312P4800,ag2312P4800,68.5,0.0,0.0,0.0,2,48.5,413.0,1,75.0,64.5,68.5,64.5,4.0,3982.5,21
2023-05-10 23:33:19,ag2312P4800,ag2312P4800,68.5,0.0,0.0,0.0,2,48.5,413.0,1,75.0,64.5,68.5,64.5,4.0,3982.5,21
2023-05-10 23:33:19,ag2312P4800,ag2312P4800,68.5,0.0,0.0,0.0,2,48.5,412.5,2,75.0,64.5,68.5,64.5,4.0,3982.5,21
2023-05-10 23:33:20,ag2312P4800,ag2312P4800,68.5,0.0,0.0,0.0,2,48.5,407.5,1,75.0,64.5,68.5,64.5,4.0,3982.5,21
2023-05-10 23:33:20,ag2312P4800,ag2312P4800,68.5,0.0,0.0,0.0,2,48.5,406.0,1,75.0,64.5,68.5,64.5,4.0,3982.5,21
2023-05-10 23:33:21,ag2312P4800,ag2312P4800,68.5,0.0,0.0,0.0,2,48.5,405.5,2,75.0,64.5,68.5,64.5,4.0,3982.5,21
2023-05-10 23:33:21,ag2312P4800,ag2312P4800,68.5,0.0,0.0,0.0,2,48.5,404.0,1,75.0,64.5,68.5,64.5,4.0,3982.5,21
2023-05-10 23:33:22,ag2312P4800,ag2312P4800,68.5,0.0,0.0,0.0,2,48.5,404.0,1,75.0,64.5,68.5,64.5,4.0,3982.5,21
2023-05-10 23:33:22,ag2312P4800,ag2312P4800,68.5,0.0,0.0,0.0,2,48.5,403.5,2,75.0,64.5,68.5,64.5,4.0,3982.5,21
2023-05-10 23:33:23,ag2312P4800,ag2312P4800,68.5,0.0,0.0,0.0,2,48.5,402.0,1,75.0,64.5,68.5,64.5,4.0,3982.5,21
2023-05-10 23:33:23,ag2312P4800,ag2312P4800,68.5,0.0,0.0,0.0,2,48.5,398.5,1,75.0,64.5,68.5,64.5,4.0,3982.5,21
2023-05-10 23:33:24,ag2312P4800,ag2312P4800,68.5,0.0,0.0,0.0,2,48.5,397.0,1,75.0,64.5,68.5,64.5,4.0,3982.5,21
2023-05-10 23:33:24,ag2312P4800,ag2312P4800,68.5,0.0,0.0,0.0,2,48.5,397.0,1,75.0,64.5,68.5,64.5,4.0,3982.5,21
2023-05-10 23:33:25,ag2312P4800,ag2312P4800,68.5,0.0,0.0,0.0,2,48.5,396.5,2,75.0,64.5,68.5,64.5,4.0,3982.5,21
2023-05-10 23:33:25,ag2312P4800,ag2312P4800,68.5,0.0,0.0,0.0,2,48.5,395.0,1,75.0,64.5,68.5,64.5,4.0,3982.5,21
2023-05-10 23:33:26,ag2312P4800,ag2312P4800,68.5,0.0,0.0,0.0,2,48.5,395.0,1,75.0,64.5,68.5,64.5,4.0,3982.5,21
2023-05-10 23:33:26,ag2312P4800,ag2312P4800,68.5,0.0,0.0,0.0,2,48.5,391.0,1,75.0,64.5,68.5,64.5,4.0,3982.5,21
2023-05-10 23:33:27,ag2312P4800,ag2312P4800,68.5,0.0,0.0,0.0,2,48.5,389.5,1,75.0,64.5,68.5,64.5,4.0,3982.5,21
2023-05-10 23:33:27,ag2312P4800,ag2312P4800,68.5,0.0,0.0,0.0,2,48.5,389.0,2,75.0,64.5,68.5,64.5,4.0,3982.5,21
2023-05-10 23:33:28,ag2312P4800,ag2312P4800,68.5,0.0,0.0,0.0,2,48.5,387.5,1,75.0,64.5,68.5,64.5,4.0,3982.5,21
2023-05-10 23:33:28,ag2312P4800,ag2312P4800,68.5,0.0,0.0,0.0,2,48.5,387.5,1,75.0,64.5,68.5,64.5,4.0,3982.5,21
2023-05-10 23:33:29,ag2312P4800,ag2312P4800,68.5,0.0,0.0,0.0,2,48.5,387.0,2,75.0,64.5,68.5,64.5,4.0,3982.5,21
2023-05-10 23:33:29,ag2312P4800,ag2312P4800,68.5,0.0,0.0,0.0,2,48.5,385.5,1,75.0,64.5,68.5,64.5,4.0,3982.5,21
2023-05-10 23:33:30,ag2312P4800,ag2312P4800,68.5,0.0,0.0,0.0,2,48.5,382.0,1,75.0,64.5,68.5,64.5,4.0,3982.5,21
2023-05-10 23:33:30,ag2312P4800,ag2312P4800,68.5,0.0,0.0,0.0,2,48.5,380.5,1,75.0,64.5,68.5,64.5,4.0,3982.5,21
2023-05-10 23:33:31,ag2312P4800,ag2312P4800,68.5,0.0,0.0,0.0,2,48.5,380.5,1,75.0,64.5,68.5,64.5,4.0,3982.5,21
2023-05-10 23:33:31,ag2312P4800,ag2312P4800,68.5,0.0,0.0,0.0,2,48.5,380.0,2,75.0,64.5,68.5,64.5,4.0,3982.5,21
2023-05-10 23:33:32,ag2312P4800,ag2312P4800,68.5,0.0,0.0,0.0,2,48.5,378.5,1,75.0,64.5,68.5,64.5,4.0,3982.5,21
2023-05-10 23:33:32,ag2312P4800,ag2312P4800,68.5,0.0,0.0,0.0,2,48.5,378.5,1,75.0,64.5,68.5,64.5,4.0,3982.5,21
2023-05-10 23:33:33,ag2312P4800,ag2312P4800,68.5,0.0,0.0,0.0,2,48.5,374.5,1,75.0,64.5,68.5,64.5,4.0,3982.5,21
2023-05-10 23:33:33,ag2312P4800,ag2312P4800,68.5,0.0,0.0,0.0,2,48.5,373.0,1,75.0,64.5,68.5,64.5,4.0,3982.5,21
2023-05-10 23:33:34,ag2312P4800,ag2312P4800,68.5,0.0,0.0,0.0,2,48.5,372.5,2,75.0,64.5,68.5,64.5,4.0,3982.5,21
2023-05-10 23:33:34,ag2312P4800,ag2312P4800,68.5,0.0,0.0,0.0,2,48.5,371.0,1,75.0,64.5,68.5,64.5,4.0,3982.5,21
2023-05-10 23:33:35,ag2312P4800,ag2312P4800,68.5,0.0,0.0,0.0,2,48.5,371.0,1,75.0,64.5,68.5,64.5,4.0,3982.5,21
2023-05-10 23:33:35,ag2312P4800,ag2312P4800,68.5,0.0,0.0,0.0,2,48.5,370.5,2,75.0,64.5,68.5,64.5,4.0,3982.5,21
2023-05-10 23:33:36,ag2312P4800,ag2312P4800,68.5,0.0,0.0,0.0,2,48.5,365.5,1,75.0,64.5,68.5,64.5,4.0,3982.5,21
2023-05-10 23:33:36,ag2312P4800,ag2312P4800,68.5,0.0,0.0,0.0,2,48.5,364.0,1,75.0,64.5,68.5,64.5,4.0,3982.5,21
2023-05-10 23:33:37,ag2312P4800,ag2312P4800,68.5,0.0,0.0,0.0,2,48.5,363.5,2,75.0,64.5,68.5,64.5,4.0,3982.5,21
2023-05-10 23:33:37,ag2312P4800,ag2312P4800,68.5,0.0,0.0,0.0,2,48.5,362.0,1,75.0,64.5,68.5,64.5,4.0,3982.5,21
2023-05-10 23:33:38,ag2312P4800,ag2312P4800,68.5,0.0,0.0,0.0,2,48.5,362.0,1,75.0,64.5,68.5,64.5,4.0,3982.5,21
2023-05-10 23:33:38,ag2312P4800,ag2312P4800,68.5,0.0,0.0,0.0,2,48.5,361.5,2,75.0,64.5,68.5,64.5,4.0,3982.5,21
2023-05-10 23:33:39,ag2312P4800,ag2312P4800,68.5,0.0,0.0,0.0,2,48.5,360.0,1,75.0,64.5,68.5,64.5,4.0,3982.5,21
2023-05-10 23:33:39,ag2312P4800,ag2312P4800,68.5,0.0,0.0,0.0,2,48.5,356.5,1,75.0,64.5,68.5,64.5,4.0,3982.5,21
2023-05-10 23:33:40,ag2312P4800,ag2312P4800,68.5,0.0,0.0,0.0,2,48.5,355.0,1,75.0,64.5,68.5,64.5,4.0,3982.5,21
2023-05-10 23:33:40,ag2312P4800,ag2312P4800,68.5,0.0,0.0,0.0,2,48.5,355.0,1,75.0,64.5,68.5,64.5,4.0,3982.5,21
2023-05-10 23:33:41,ag2312P4800,ag2312P4800,68.5,0.0,0.0,0.0,2,48.5,354.5,2,75.0,64.5,68.5,64.5,4.0,3982.5,21
2023-05-10 23:33:41,ag2312P4800,ag2312P4800,68.5,0.0,0.0,0.0,2,48.5,353.0,1,75.0,64.5,68.5,64.5,4.0,3982.5,21
2023-05-10 23:33:42,ag2312P4800,ag2312P4800,68.5,0.0,0.0,0.0,2,48.5,353.0,1,75.0,64.5,68.5,64.5,4.0,3982.5,21
2023-05-10 23:33:42,ag2312P4800,ag2312P4800,68.5,0.0,0.0,0.0,2,48.5,352.5,2,75.0,64.5,68.5,64.5,4.0,3982.5,21
2023-05-10 23:33:43,ag2312P4800,ag2312P4800,68.5,0.0,0.0,0.0,2,48.5,347.5,1,75.0,64.5,68.5,64.5,4.0,3982.5,21
2023-05-10 23:33:43,ag2312P4800,ag2312P4800,68.5,0.0,0.0,0.0,2,48.5,346.0,1,75.0,64.5,68.5,64.5,4.0,3982.5,21
2023-05-10 23:33:44,ag2312P4800,ag2312P4800,68.5,0.0,0.0,0.0,2,48.5,345.5,2,75.0,64.5,68.5,64.5,4.0,3982.5,21
2023-05-10 23:33:44,ag2312P4800,ag2312P4800,68.5,0.0,0.0,0.0,2,48.5,344.0,1,75.0,64.5,68.5,64.5,4.0,3982.5,21
2023-05-10 23:33:45,ag2312P4800,ag2312P4800,68.5,0.0,0.0,0.0,2,48.5,344.0,1,75.0,64.5,68.5,64.5,4.0,3982.5,21
2023-05-10 23:33:45,ag2312P4800,ag2312P4800,68.5,0.0,0.0,0.0,2,48.5,343.5,2,75.0,64.5,68.5,64.5,4.0,3982.5,21
2023-05-10 23:33:46,ag2312P4800,ag2312P4800,68.5,0.0,0.0,0.0,2,48.5,338.5,1,75.0,64.5,68.5,64.5,4.0,3982.5,21
2023-05-10 23:33:46,ag2312P4800,ag2312P4800,68.5,0.0,0.0,0.0,2,48.5,337.0,1,75.0,64.5,68.5,64.5,4.0,3982.5,21
2023-05-10 23:33:47,ag2312P4800,ag2312P4800,68.5,0.0,0.0,0.0,2,48.5,336.5,2,75.0,64.5,68.5,64.5,4.0,3982.5,21
2023-05-10 23:33:47,ag2312P4800,ag2312P4800,68.5,0.0,0.0,0.0,2,48.5,335.0,1,75.0,64.5,68.5,64.5,4.0,3982.5,21
2023-05-10 23:33:48,ag2312P4800,ag2312P4800,68.5,0.0,0.0,0.0,2,48.5,335.0,1,75.0,64.5,68.5,64.5,4.0,3982.5,21
2023-05-10 23:33:48,ag2312P4800,ag2312P4800,68.5,0.0,0.0,0.0,2,48.5,334.5,2,75.0,64.5,68.5,64.5,4.0,3982.5,21
2023-05-10 23:33:49,ag2312P4800,ag2312P4800,68.5,0.0,0.0,0.0,2,48.5,333.0,1,75.0,64.5,68.5,64.5,4.0,3982.5,21
2023-05-10 23:33:49,ag2312P4800,ag2312P4800,68.5,0.0,0.0,0.0,2,48.5,329.5,1,75.0,64.5,68.5,64.5,4.0,3982.5,21
2023-05-10 23:33:50,ag2312P4800,ag2312P4800,68.5,0.0,0.0,0.0,2,48.5,328.0,1,75.0,64.5,68.5,64.5,4.0,3982.5,21
2023-05-10 23:33:50,ag2312P4800,ag2312P4800,68.5,0.0,0.0,0.0,2,48.5,328.0,1,75.0,64.5,68.5,64.5,4.0,3982.5,21
2023-05-10 23:33:51,ag2312P4800,ag2312P4800,68.5,0.0,0.0,0.0,2,48.5,327.5,2,75.0,64.5,68.5,64.5,4.0,3982.5,21
2023-05-10 23:33:51,ag2312P4800,ag2312P4800,68.5,0.0,0.0,0.0,2,48.5,326.0,1,75.0,64.5,68.5,64.5,4.0,3982.5,21
2023-05-10 23:33:52,ag2312P4800,ag2312P4800,68.5,0.0,0.0,0.0,2,48.5,326.0,1,75.0,64.5,68.5,64.5,4.0,3982.5,21
2023-05-10 23:33:52,ag2312P4800,ag2312P4800,68.5,0.0,0.0,0.0,2,48.5,320.5,1,75.0,64.5,68.5,64.5,4.0,3982.5,21
2023-05-10 23:33:53,ag2312P4800,ag2312P4800,68.5,0.0,0.0,0.0,2,48.5,319.0,1,75.0,64.5,68.5,64.5,4.0,3982.5,21
2023-05-10 23:33:53,ag2312P4800,ag2312P4800,68.5,0.0,0.0,0.0,2,48.5,318.5,2,75.0,64.5,68.5,64.5,4.0,3982.5,21
2023-05-10 23:33:54,ag2312P4800,ag2312P4800,68.5,0.0,0.0,0.0,2,48.5,317.0,1,75.0,64.5,68.5,64.5,4.0,3982.5,21
2023-05-10 23:33:54,ag2312P4800,ag2312P4800,68.5,0.0,0.0,0.0,2,48.5,317.0,1,75.0,64.5,68.5,64.5,4.0,3982.5,21
2023-05-10 23:33:55,ag2312P4800,ag2312P4800,68.5,0.0,0.0,0.0,2,48.5,316.5,2,75.0,64.5,68.5,64.5,4.0,3982.5,21
2023-05-10 23:33:55,ag2312P4800,ag2312P4800,68.5,0.0,0.0,0.0,2,48.5,311.5,1,75.0,64.5,68.5,64.5,4.0,3982.5,21
2023-05-10 23:33:56,ag2312P4800,ag2312P4800,68.5,0.0,0.0,0.0,2,48.5,310.0,1,75.0,64.5,68.5,64.5,4.0,3982.5,21
2023-05-10 23:33:56,ag2312P4800,ag2312P4800,68.5,0.0,0.0,0.0,2,48.5,309.5,2,75.0,64.5,68.5,64.5,4.0,3982.5,21
2023-05-10 23:33:57,ag2312P4800,ag2312P4800,68.5,0.0,0.0,0.0,2,48.5,308.0,1,75.0,64.5,68.5,64.5,4.0,3982.5,21
2023-05-10 23:33:57,ag2312P4800,ag2312P4800,68.5,0.0,0.0,0.0,2,48.5,308.0,1,75.0,64.5,68.5,64.5,4.0,3982.5,21
2023-05-10 23:33:58,ag2312P4800,ag2312P4800,68.5,0.0,0.0,0.0,2,48.5,307.5,2,75.0,64.5,68.5,64.5,4.0,3982.5,21
2023-05-10 23:33:58,ag2312P4800,ag2312P4800,68.5,0.0,0.0,0.0,2,48.5,302.5,1,75.0,64.5,68.5,64.5,4.0,3982.5,21
2023-05-10 23:33:59,ag2312P4800,ag2312P4800,68.5,0.0,0.0,0.0,2,48.5,301.0,1,75.0,64.5,68.5,64.5,4.0,3982.5,21
2023-05-10 23:33:59,ag2312P4800,ag2312P4800,68.5,0.0,0.0,0.0,2,48.5,300.5,2,75.0,64.5,68.5,64.5,4.0,3982.5,21
2023-05-10 23:34:00,ag2312P4800,ag2312P4800,68.5,0.0,0.0,0.0,2,48.5,299.0,1,75.0,64.5,68.5,64.5,4.0,3982.5,21
2023-05-10 23:34:00,ag2312P4800,ag2312P4800,68.5,0.0,0.0,0.0,2,48.5,299.0,1,75.0,64.5,68.5,64.5,4.0,3982.5,21
2023-05-10 23:34:01,ag2312P4800,ag2312P4800,68.5,0.0,0.0,0.0,2,48.5,298.5,2,75.0,64.5,68.5,64.5,4.0,3982.5,21
2023-05-10 23:34:01,ag2312P4800,ag2312P4800,68.5,0.0,0.0,0.0,2,48.5,293.5,1,75.0,64.5,68.5,64.5,4.0,3982.5,21
2023-05-10 23:34:02,ag2312P4800,ag2312P4800,68.5,0.0,0.0,0.0,2,48.5,292.0,1,75.0,64.5,68.5,64.5,4.0,3982.5,21
2023-05-10 23:34:02,ag2312P4800,ag2312P4800,68.5,0.0,0.0,0.0,2,48.5,291.5,2,75.0,64.5,68.5,64.5,4.0,3982.5,21
2023-05-10 23:34:03,ag2312P4800,ag2312P4800,68.5,0.0,0.0,0.0,2,48.5,290.0,1,75.0,64.5,68.5,64.5,4.0,3982.5,21
2023-05-10 23:34:03,ag2312P4800,ag2312P4800,68.5,0.0,0.0,0.0,2,48.5,290.0,1,75.0,64.5,68.5,64.5,4.0,3982.5,21
2023-05-10 23:34:04,ag2312P4800,ag2312P4800,68.5,0.0,0.0,0.0,2,48.5,289.5,2,75.0,64.5,68.5,64.5,4.0,3982.5,21
2023-05-10 23:34:04,ag2312P4800,ag2312P4800,68.5,0.0,0.0,0.0,2,48.5,284.5,1,75.0,64.5,68.5,64.5,4.0,3982.5,21
2023-05-10 23:34:05,ag2312P4800,ag2312P4800,68.5,0.0,0.0,0.0,2,48.5,283.0,1,75.0,64.5,68.5,64.5,4.0,3982.5,21
2023-05-10 23:34:05,ag2312P4800,ag2312P4800,68.5,0.0,0.0,0.0,2,48.5,282.5,2,75.0,64.5,68.5,64.5,4.0,3982.5,21
2023-05-10 23:34:06,ag2312P4800,ag2312P4800,68.5,0.0,0.0,0.0,2,48.5,281.0,1,75.0,64.5,68.5,64.5,4.0,3982.5,21
2023-05-10 23:34:06,ag2312P4800,ag2312P4800,68.5,0.0,0.0,0.0,2,48.5,281.0,1,75.0,64.5,68.5,64.5,4.0,3982.5,21
2023-05-10 23:34:07,ag2312P4800,ag2312P4800,68.5,0.0,0.0,0.0,2,48.5,280.5,2,75.0,64.5,68.5,64.5,4.0,3982.5,21
2023-05-10 23:34:07,ag2312P4800,ag2312P4800,68.5,0.0,0.0,0.0,2,48.5,279.0,1,75.0,64.5,68.5,64.5,4.0,3982.5,21
2023-05-10 23:34:08,ag2312P4800,ag2312P4800,68.5,0.0,0.0,0.0,2,48.5,279.0,1,75.0,64.5,68.5,64.5,4.0,3982.5,21
2023-05-10 23:34:08,ag2312P4800,ag2312P4800,68.5,0.0,0.0,0.0,2,48.5,275.0,1,75.0,64.5,68.5,64.5,4.0,3982.5,21
2023-05-10 23:34:09,ag2312P4800,ag2312P4800,68.5,0.0,0.0,0.0,2,48.5,273.5,1,75.0,64.5,68.5,64.5,4.0,3982.5,21
2023-05-10 23:34:09,ag2312P4800,ag2312P4800,68.5,0.0,0.0,0.0,2,48.5,273.0,2,75.0,64.5,68.5,64.5,4.0,3982.5,21
2023-05-10 23:34:10,ag2312P4800,ag2312P4800,68.5,0.0,0.0,0.0,2,48.5,271.5,1,75.0,64.5,68.5,64.5,4.0,3982.5,21
2023-05-10 23:34:10,ag2312P4800,ag2312P4800,68.5,0.0,0.0,0.0,2,48.5,271.5,1,75.0,64.5,68.5,64.5,4.0,3982.5,21
2023-05-10 23:34:11,ag2312P4800,ag2312P4800,68.5,0.0,0.0,0.0,2,48.5,266.0,1,75.0,64.5,68.5,64.5,4.0,3982.5,21
2023-05-10 23:34:11,ag2312P4800,ag2312P4800,68.5,0.0,0.0,0.0,2,48.5,264.5,1,75.0,64.5,68.5,64.5,4.0,3982.5,21
2023-05-10 23:34:12,ag2312P4800,ag2312P4800,68.5,0.0,0.0,0.0,2,48.5,264.0,2,75.0,64.5,68.5,64.5,4.0,3982.5,21
2023-05-10 23:34:12,ag2312P4800,ag2312P4800,68.5,0.0,0.0,0.0,2,48.5,262.5,1,75.0,64.5,68.5,64.5,4.0,3982.5,21
2023-05-10 23:34:13,ag2312P4800,ag2312P4800,68.5,0.0,0.0,0.0,2,48.5,262.5,1,75.0,64.5,68.5,64.5,4.0,3982.5,21
2023-05-10 23:34:13,ag2312P4800,ag2312P4800,68.5,0.0,0.0,0.0,2,48.5,262.0,2,75.0,64.5,68.5,64.5,4.0,3982.5,21
2023-05-10 23:34:14,ag2312P4800,ag2312P4800,68.5,0.0,0.0,0.0,2,48.5,257.0,1,75.0,64.5,68.5,64.5,4.0,3982.5,21
2023-05-10 23:34:14,ag2312P4800,ag2312P4800,68.5,0.0,0.0,0.0,2,48.5,255.5,1,75.0,64.5,68.5,64.5,4.0,3982.5,21
2023-05-10 23:34:15,ag2312P4800,ag2312P4800,68.5,0.0,0.0,0.0,2,48.5,255.0,2,75.0,64.5,68.5,64.5,4.0,3982.5,21
2023-05-10 23:34:15,ag2312P4800,ag2312P4800,68.5,0.0,0.0,0.0,2,48.5,253.5,1,75.0,64.5,68.5,64.5,4.0,3982.5,21
2023-05-10 23:34:16,ag2312P4800,ag2312P4800,68.5,0.0,0.0,0.0,2,48.5,253.5,1,75.0,64.5,68.5,64.5,4.0,3982.5,21
2023-05-10 23:34:16,ag2312P4800,ag2312P4800,68.5,0.0,0.0,0.0,2,48.5,253.0,2,75.0,64.5,68.5,64.5,4.0,3982.5,21
2023-05-10 23:34:17,ag2312P4800,ag2312P4800,68.5,0.0,0.0,0.0,2,48.5,251.5,1,75.0,64.5,68.5,64.5,4.0,3982.5,21
2023-05-10 23:34:17,ag2312P4800,ag2312P4800,68.5,0.0,0.0,0.0,2,48.5,248.0,1,75.0,64.5,68.5,64.5,4.0,3982.5,21
2023-05-10 23:34:18,ag2312P4800,ag2312P4800,68.5,0.0,0.0,0.0,2,48.5,246.5,1,75.0,64.5,68.5,64.5,4.0,3982.5,21
2023-05-10 23:34:18,ag2312P4800,ag2312P4800,68.5,0.0,0.0,0.0,2,48.5,246.5,1,75.0,64.5,68.5,64.5,4.0,3982.5,21
2023-05-10 23:34:19,ag2312P4800,ag2312P4800,68.5,0.0,0.0,0.0,2,48.5,246.0,2,75.0,64.5,68.5,64.5,4.0,3982.5,21
2023-05-10 23:34:19,ag2312P4800,ag2312P4800,68.5,0.0,0.0,0.0,2,48.5,244.5,1,75.0,64.5,68.5,64.5,4.0,3982.5,21
2023-05-10 23:34:20,ag2312P4800,ag2312P4800,68.5,0.0,0.0,0.0,2,48.5,244.5,1,75.0,64.5,68.5,64.5,4.0,3982.5,21
2023-05-10 23:34:20,ag2312P4800,ag2312P4800,68.5,0.0,0.0,0.0,2,48.5,239.0,1,75.0,64.5,68.5,64.5,4.0,3982.5,21
2023-05-10 23:34:21,ag2312P4800,ag2312P4800,68.5,0.0,0.0,0.0,2,48.5,237.5,1,75.0,64.5,68.5,64.5,4.0,3982.5,21
2023-05-10 23:34:21,ag2312P4800,ag2312P4800,68.5,0.0,0.0,0.0,2,48.5,237.0,2,75.0,64.5,68.5,64.5,4.0,3982.5,21
2023-05-10 23:34:22,ag2312P4800,ag2312P4800,68.5,0.0,0.0,0.0,2,48.5,235.5,1,75.0,64.5,68.5,64.5,4.0,3982.5,21
2023-05-10 23:34:22,ag2312P4800,ag2312P4800,68.5,0.0,0.0,0.0,2,48.5,235.5,1,75.0,64.5,68.5,64.5,4.0,3982.5,21
2023-05-10 23:34:23,ag2312P4800,ag2312P4800,68.5,0.0,0.0,0.0,2,48.5,231.5,1,75.0,64.5,68.5,64.5,4.0,3982.5,21
2023-05-10 23:34:23,ag2312P4800,ag2312P4800,68.5,0.0,0.0,0.0,2,48.5,230.0,1,75.0,64.5,68.5,64.5,4.0,3982.5,21
2023-05-10 23:34:24,ag2312P4800,ag2312P4800,68.5,0.0,0.0,0.0,2,48.5,229.5,2,75.0,64.5,68.5,64.5,4.0,3982.5,21
2023-05-10 23:34:24,ag2312P4800,ag2312P4800,68.5,0.0,0.0,0.0,2,48.5,228.0,1,75.0,64.5,68.5,64.5,4.0,3982.5,21
2023-05-10 23:34:25,ag2312P4800,ag2312P4800,68.5,0.0,0.0,0.0,2,48.5,228.0,1,75.0,64.5,68.5,64.5,4.0,3982.5,21
2023-05-10 23:34:25,ag2312P4800,ag2312P4800,68.5,0.0,0.0,0.0,2,48.5,227.5,2,75.0,64.5,68.5,64.5,4.0,3982.5,21
2023-05-10 23:34:26,ag2312P4800,ag2312P4800,68.5,0.0,0.0,0.0,2,48.5,222.5,1,75.0,64.5,68.5,64.5,4.0,3982.5,21
2023-05-10 23:34:26,ag2312P4800,ag2312P4800,68.5,0.0,0.0,0.0,2,48.5,221.0,1,75.0,64.5,68.5,64.5,4.0,3982.5,21
2023-05-10 23:34:27,ag2312P4800,ag2312P4800,68.5,0.0,0.0,0.0,2,48.5,220.5,2,75.0,64.5,68.5,64.5,4.0,3982.5,21
2023-05-10 23:34:27,ag2312P4800,ag2312P4800,68.5,0.0,0.0,0.0,2,48.5,219.0,1,75.0,64.5,68.5,64.5,4.0,3982.5,21
2023-05-10 23:34:28,ag2312P4800,ag2312P4800,68.5,0.0,0.0,0.0,2,48.5,219.0,1,75.0,64.5,68.5,64.5,4.0,3982.5,21
2023-05-10 23:34:28,ag2312P4800,ag2312P4800,68.5,0.0,0.0,0.0,2,48.5,218.5,2,75.0,64.5,68.5,64.5,4.0,3982.5,21
2023-05-10 23:34:29,ag2312P4800,ag2312P4800,68.5,0.0,0.0,0.0,2,48.5,217.0,1,75.0,64.5,68.5,64.5,4.0,3982.5,21
2023-05-10 23:34:29,ag2312P4800,ag2312P4800,68.5,0.0,0.0,0.0,2,48.5,213.5,1,75.0,64.5,68.5,64.5,4.0,3982.5,21
2023-05-10 23:34:30,ag2312P4800,ag2312P4800,68.5,0.0,0.0,0.0,2,48.5,212.0,1,75.0,64.5,68.5,64.5,4.0,3982.5,21
2023-05-10 23:34:30,ag2312P4800,ag2312P4800,68.5,0.0,0.0,0.0,2,48.5,212.0,1,75.0,64.5,68.5,64.5,4.0,3982.5,21
2023-05-10 23:34:31,ag2312P4800,ag2312P4800,68.5,0.0,0.0,0.0,2,48.5,211.5,2,75.0,64.5,68.5,64.5,4.0,3982.5,21
2023-05-10 23:34:31,ag2312P4800,ag2312P4800,68.5,0.0,0.0,0.0,2,48.5,210.0,1,75.0,64.5,68.5,64.5,4.0,3982.5,21
2023-05-10 23:34:32,ag2312P4800,ag2312P4800,68.5,0.0,0.0,0.0,2,48.5,210.0,1,75.0,64.5,68.5,64.5,4.0,3982.5,21
2023-05-10 23:34:32,ag2312P4800,ag2312P4800,68.5,0.0,0.0,0.0,2,48.5,206.0,1,75.0,64.5,68.5,64.5,4.0,3982.5,21
2023-05-10 23:34:33,ag2312P4800,ag2312P4800,68.5,0.0,0.0,0.0,2,48.5,204.5,1,75.0,64.5,68.5,64.5,4.0,3982.5,21
2023-05-10 23:34:33,ag2312P4800,ag2312P4800,68.5,0.0,0.0,0.0,2,48.5,204.0,2,75.0,64.5,68.5,64.5,4.0,3982.5,21
2023-05-10 23:34:34,ag2312P4800,ag2312P4800,68.5,0.0,0.0,0.0,2,48.5,202.5,1,75.0,64.5,68.5,64.5,4.0,3982.5,21
2023-05-10 23:34:34,ag2312P4800,ag2312P4800,68.5,0.0,0.0,0.0,2,48.5,202.5,1,75.0,64.5,68.5,64.5,4.0,3982.5,21
2023-05-10 23:34:35,ag2312P4800,ag2312P4800,68.5,0.0,0.0,0.0,2,48.5,202.0,2,75.0,64.5,68.5,64.5,4.0,3982.5,21
2023-05-10 23:34:35,ag2312P4800,ag2312P4800,68.5,0.0,0.0,0.0,2,48.5,197.0,1,75.0,64.5,68.5,64.5,4.0,3982.5,21
2023-05-10 23:34:36,ag2312P4800,ag2312P4800,68.5,0.0,0.0,0.0,2,48.5,195.5,1,75.0,64.5,68.5,64.5,4.0,3982.5,21
2023-05-10 23:34:36,ag2312P4800,ag2312P4800,68.5,0.0,0.0,0.0,2,48.5,195.0,2,75.0,64.5,68.5,64.5,4.0,3982.5,21
2023-05-10 23:34:37,ag2312P4800,ag2312P4800,68.5,0.0,0.0,0.0,2,48.5,193.5,1,75.0,64.5,68.5,64.5,4.0,3982.5,21
2023-05-10 23:34:37,ag2312P4800,ag2312P4800,68.5,0.0,0.0,0.0,2,48.5,193.5,1,75.0,64.5,68.5,64.5,4.0,3982.5,21
2023-05-10 23:34:38,ag2312P4800,ag2312P4800,68.5,0.0,0.0,0.0,2,48.5,193.0,2,75.0,64.5,68.5,64.5,4.0,3982.5,21
2023-05-10 23:34:38,ag2312P4800,ag2312P4800,68.5,0.0,0.0,0.0,2,48.5,191.5,1,75.0,64.5,68.5,64.5,4.0,3982.5,21
2023-05-10 23:34:39,ag2312P4800,ag2312P4800,68.5,0.0,0.0,0.0,2,48.5,191.5,1,75.0,64.5,68.5,64.5,4.0,3982.5,21
2023-05-10 23:34:39,ag2312P4800,ag2312P4800,68.5,0.0,0.0,0.0,2,48.5,191.0,2,75.0,64.5,68.5,64.5,4.0,3982.5,21
2023-05-10 23:34:40,ag2312P4800,ag2312P4800,68.5,0.0,0.0,0.0,2,48.5,189.5,1,75.0,64.5,68.5,64.5,4.0,3982.5,21
2023-05-10 23:34:40,ag2312P4800,ag2312P4800,68.5,0.0,0.0,0.0,2,48.5,186.0,1,75.0,64.5,68.5,64.5,4.0,3982.5,21
2023-05-10 23:34:41,ag2312P4800,ag2312P4800,68.5,0.0,0.0,0.0,2,48.5,184.5,1,75.0,64.5,68.5,64.5,4.0,3982.5,21
2023-05-10 23:34:41,ag2312P4800,ag2312P4800,68.5,0.0,0.0,0.0,2,48.5,184.5,1,75.0,64.5,68.5,64.5,4.0,3982.5,21
2023-05-10 23:34:42,ag2312P4800,ag2312P4800,68.5,0.0,0.0,0.0,2,48.5,184.0,2,75.0,64.5,68.5,64.5,4.0,3982.5,21
2023-05-10 23:34:42,ag2312P4800,ag2312P4800,68.5,0.0,0.0,0.0,2,48.5,182.5,1,75.0,64.5,68.5,64.5,4.0,3982.5,21
2023-05-10 23:34:43,ag2312P4800,ag2312P4800,68.5,0.0,0.0,0.0,2,48.5,182.5,1,75.0,64.5,68.5,64.5,4.0,3982.5,21
2023-05-10 23:34:43,ag2312P4800,ag2312P4800,68.5,0.0,0.0,0.0,2,48.5,178.5,1,75.0,64.5,68.5,64.5,4.0,3982.5,21
2023-05-10 23:34:44,ag2312P4800,ag2312P4800,68.5,0.0,0.0,0.0,2,48.5,177.0,1,75.0,64.5,68.5,64.5,4.0,3982.5,21
2023-05-10 23:34:44,ag2312P4800,ag2312P4800,68.5,0.0,0.0,0.0,2,48.5,176.5,2,75.0,64.5,68.5,64.5,4.0,3982.5,21
2023-05-10 23:34:45,ag2312P4800,ag2312P4800,68.5,0.0,0.0,0.0,2,48.5,175.0,1,75.0,64.5,68.5,64.5,4.0,3982.5,21
2023-05-10 23:34:45,ag2312P4800,ag2312P4800,68.5,0.0,0.0,0.0,2,48.5,175.0,1,75.0,64.5,68.5,64.5,4.0,3982.5,21
2023-05-10 23:34:46,ag2312P4800,ag2312P4800,68.5,0.0,0.0,0.0,2,48.5,174.5,2,75.0,64.5,68.5,64.5,4.0,3982.5,21
2023-05-10 23:34:46,ag2312P4800,ag2312P4800,68.5,0.0,0.0,0.0,2,48.5,169.5,1,75.0,64.5,68.5,64.5,4.0,3982.5,21
2023-05-10 23:34:47,ag2312P4800,ag2312P4800,68.5,0.0,0.0,0.0,2,48.5,168.0,1,75.0,64.5,68.5,64.5,4.0,3982.5,21
2023-05-10 23:34:47,ag2312P4800,ag2312P4800,68.5,0.0,0.0,0.0,2,48.5,167.5,2,75.0,64.5,68.5,64.5,4.0,3982.5,21
2023-05-10 23:34:48,ag2312P4800,ag2312P4800,68.5,0.0,0.0,0.0,2,48.5,166.0,1,75.0,64.5,68.5,64.5,4.0,3982.5,21
2023-05-10 23:34:48,ag2312P4800,ag2312P4800,68.5,0.0,0.0,0.0,2,48.5,166.0,1,75.0,64.5,68.5,64.5,4.0,3982.5,21
2023-05-10 23:34:49,ag2312P4800,ag2312P4800,68.5,0.0,0.0,0.0,2,48.5,165.5,2,75.0,64.5,68.5,64.5,4.0,3982.5,21
2023-05-10 23:34:49,ag2312P4800,ag2312P4800,68.5,0.0,0.0,0.0,2,48.5,164.0,1,75.0,64.5,68.5,64.5,4.0,3982.5,21
2023-05-10 23:34:50,ag2312P4800,ag2312P4800,68.5,0.0,0.0,0.0,2,48.5,160.5,1,75.0,64.5,68.5,64.5,4.0,3982.5,21
2023-05-10 23:34:50,ag2312P4800,ag2312P4800,68.5,0.0,0.0,0.0,2,48.5,159.0,1,75.0,64.5,68.5,64.5,4.0,3982.5,21
2023-05-10 23:34:51,ag2312P4800,ag2312P4800,68.5,0.0,0.0,0.0,2,48.5,159.0,1,75.0,64.5,68.5,64.5,4.0,3982.5,21
2023-05-10 23:34:51,ag2312P4800,ag2312P4800,68.5,0.0,0.0,0.0,2,48.5,158.5,2,75.0,64.5,68.5,64.5,4.0,3982.5,21
2023-05-10 23:34:52,ag2312P4800,ag2312P4800,68.5,0.0,0.0,0.0,2,48.5,157.0,1,75.0,64.5,68.5,64.5,4.0,3982.5,21
2023-05-10 23:34:52,ag2312P4800,ag2312P4800,68.5,0.0,0.0,0.0,2,48.5,157.0,1,75.0,64.5,68.5,64.5,4.0,3982.5,21
2023-05-10 23:34:53,ag2312P4800,ag2312P4800,68.5,0.0,0.0,0.0,2,48.5,156.5,2,75.0,64.5,68.5,64.5,4.0,3982.5,21
2023-05-10 23:34:53,ag2312P4800,ag2312P4800,68.5,0.0,0.0,0.0,2,48.5,155.0,1,75.0,64.5,68.5,64.5,4.0,3982.5,21
2023-05-10 23:34:54,ag2312P4800,ag2312P4800,68.5,0.0,0.0,0.0,2,48.5,155.0,1,75.0,64.5,68.5,64.5,4.0,3982.5,21
2023-05-10 23:34:54,ag2312P4800,ag2312P4800,68.5,0.0,0.0,0.0,2,48.5,154.5,2,75.0,64.5,68.5,64.5,4.0,3982.5,21
2023-05-10 23:34:55,ag2312P4800,ag2312P4800,68.5,0.0,0.0,0.0,2,48.5,153.0,1,75.0,64.5,68.5,64.5,4.0,3982.5,21
2023-05-10 23:34:55,ag2312P4800,ag2312P4800,68.5,0.0,0.0,0.0,2,48.5,153.0,1,75.0,64.5,68.5,64.5,4.0,3982.5,21
2023-05-10 23:34:56,ag2312P4800,ag2312P4800,68.5,0.0,0.0,0.0,2,48.5,152.5,2,75.0,64.5,68.5,64.5,4.0,3982.5,21
2023-05-10 23:34:56,ag2312P4800,ag2312P4800,68.5,0.0,0.0,0.0,2,48.5,152.5,2,75.0,64.5,68.5,64.5,4.0,3982.5,21
2023-05-10 23:35:59,ag2312P4800,ag2312P4800,68.5,0.0,0.0,0.0,2,48.5,152.0,1,75.0,64.5,68.5,64.5,4.0,3982.5,21
2023-05-10 23:35:59,ag2312P4800,ag2312P4800,68.5,0.0,0.0,0.0,2,48.5,152.0,1,75.0,64.5,68.5,64.5,4.0,3982.5,21
2023-05-10 23:36:00,ag2312P4800,ag2312P4800,68.5,0.0,0.0,0.0,2,48.5,151.5,2,75.0,64.5,68.5,64.5,4.0,3982.5,21
2023-05-10 23:36:01,ag2312P4800,ag2312P4800,68.5,0.0,0.0,0.0,2,48.5,151.0,1,75.0,64.5,68.5,64.5,4.0,3982.5,21
2023-05-10 23:36:01,ag2312P4800,ag2312P4800,68.5,0.0,0.0,0.0,2,48.5,151.0,1,75.0,64.5,68.5,64.5,4.0,3982.5,21
2023-05-10 23:36:02,ag2312P4800,ag2312P4800,68.5,0.0,0.0,0.0,2,48.5,150.5,2,75.0,64.5,68.5,64.5,4.0,3982.5,21
2023-05-10 23:36:11,ag2312P4800,ag2312P4800,68.5,0.0,0.0,0.0,2,48.5,150.0,1,75.0,64.5,68.5,64.5,4.0,3982.5,21
2023-05-10 23:36:11,ag2312P4800,ag2312P4800,68.5,0.0,0.0,0.0,2,48.5,150.0,1,75.0,64.5,68.5,64.5,4.0,3982.5,21
2023-05-10 23:36:12,ag2312P4800,ag2312P4800,68.5,0.0,0.0,0.0,2,48.5,149.5,2,75.0,64.5,68.5,64.5,4.0,3982.5,21
2023-05-10 23:36:21,ag2312P4800,ag2312P4800,68.5,0.0,0.0,0.0,2,48.5,149.0,1,75.0,64.5,68.5,64.5,4.0,3982.5,21
2023-05-10 23:36:21,ag2312P4800,ag2312P4800,68.5,0.0,0.0,0.0,2,48.5,149.0,1,75.0,64.5,68.5,64.5,4.0,3982.5,21
2023-05-10 23:36:22,ag2312P4800,ag2312P4800,68.5,0.0,0.0,0.0,2,48.5,148.5,2,75.0,64.5,68.5,64.5,4.0,3982.5,21
2023-05-10 23:36:31,ag2312P4800,ag2312P4800,68.5,0.0,0.0,0.0,2,48.5,148.0,1,75.0,64.5,68.5,64.5,4.0,3982.5,21
2023-05-10 23:36:31,ag2312P4800,ag2312P4800,68.5,0.0,0.0,0.0,2,48.5,148.0,1,75.0,64.5,68.5,64.5,4.0,3982.5,21
2023-05-10 23:36:32,ag2312P4800,ag2312P4800,68.5,0.0,0.0,0.0,2,48.5,147.5,2,75.0,64.5,68.5,64.5,4.0,3982.5,21
2023-05-10 23:36:41,ag2312P4800,ag2312P4800,68.5,0.0,0.0,0.0,2,48.5,147.0,1,75.0,64.5,68.5,64.5,4.0,3982.5,21
2023-05-10 23:36:41,ag2312P4800,ag2312P4800,68.5,0.0,0.0,0.0,2,48.5,147.0,1,75.0,64.5,68.5,64.5,4.0,3982.5,21
2023-05-10 23:36:42,ag2312P4800,ag2312P4800,68.5,0.0,0.0,0.0,2,48.5,146.5,2,75.0,64.5,68.5,64.5,4.0,3982.5,21
2023-05-10 23:37:01,ag2312P4800,ag2312P4800,68.5,0.0,0.0,0.0,2,48.5,146.0,1,75.0,64.5,68.5,64.5,4.0,3982.5,21
2023-05-10 23:37:01,ag2312P4800,ag2312P4800,68.5,0.0,0.0,0.0,2,48.5,146.0,1,75.0,64.5,68.5,64.5,4.0,3982.5,21
2023-05-10 23:37:02,ag2312P4800,ag2312P4800,68.5,0.0,0.0,0.0,2,48.5,145.5,2,75.0,64.5,68.5,64.5,4.0,3982.5,21
2023-05-10 23:37:11,ag2312P4800,ag2312P4800,68.5,0.0,0.0,0.0,2,48.5,145.0,1,75.0,64.5,68.5,64.5,4.0,3982.5,21
2023-05-10 23:37:11,ag2312P4800,ag2312P4800,68.5,0.0,0.0,0.0,2,48.5,145.0,1,75.0,64.5,68.5,64.5,4.0,3982.5,21
2023-05-10 23:37:12,ag2312P4800,ag2312P4800,68.5,0.0,0.0,0.0,2,48.5,144.5,2,75.0,64.5,68.5,64.5,4.0,3982.5,21
2023-05-10 23:37:21,ag2312P4800,ag2312P4800,68.5,0.0,0.0,0.0,2,48.5,144.0,1,75.0,64.5,68.5,64.5,4.0,3982.5,21
2023-05-10 23:37:21,ag2312P4800,ag2312P4800,68.5,0.0,0.0,0.0,2,48.5,144.0,1,75.0,64.5,68.5,64.5,4.0,3982.5,21
2023-05-10 23:37:22,ag2312P4800,ag2312P4800,68.5,0.0,0.0,0.0,2,48.5,143.5,2,75.0,64.5,68.5,64.5,4.0,3982.5,21
2023-05-10 23:37:32,ag2312P4800,ag2312P4800,68.5,0.0,0.0,0.0,2,48.5,143.0,1,75.0,64.5,68.5,64.5,4.0,3982.5,21
2023-05-10 23:37:32,ag2312P4800,ag2312P4800,68.5,0.0,0.0,0.0,2,48.5,143.0,1,75.0,64.5,68.5,64.5,4.0,3982.5,21
2023-05-10 23:37:33,ag2312P4800,ag2312P4800,68.5,0.0,0.0,0.0,2,48.5,142.5,2,75.0,64.5,68.5,64.5,4.0,3982.5,21
2023-05-10 23:37:54,ag2312P4800,ag2312P4800,68.5,0.0,0.0,0.0,2,48.5,142.0,1,75.0,64.5,68.5,64.5,4.0,3982.5,21
2023-05-10 23:37:54,ag2312P4800,ag2312P4800,68.5,0.0,0.0,0.0,2,48.5,142.0,1,75.0,64.5,68.5,64.5,4.0,3982.5,21
2023-05-10 23:37:55,ag2312P4800,ag2312P4800,68.5,0.0,0.0,0.0,2,48.5,141.5,2,75.0,64.5,68.5,64.5,4.0,3982.5,21
2023-05-10 23:38:04,ag2312P4800,ag2312P4800,68.5,0.0,0.0,0.0,2,48.5,141.0,1,75.0,64.5,68.5,64.5,4.0,3982.5,21
2023-05-10 23:38:04,ag2312P4800,ag2312P4800,68.5,0.0,0.0,0.0,2,48.5,141.0,1,75.0,64.5,68.5,64.5,4.0,3982.5,21
2023-05-10 23:38:05,ag2312P4800,ag2312P4800,68.5,0.0,0.0,0.0,2,48.5,140.5,2,75.0,64.5,68.5,64.5,4.0,3982.5,21
2023-05-10 23:38:14,ag2312P4800,ag2312P4800,68.5,0.0,0.0,0.0,2,48.5,140.0,1,75.0,64.5,68.5,64.5,4.0,3982.5,21
2023-05-10 23:38:14,ag2312P4800,ag2312P4800,68.5,0.0,0.0,0.0,2,48.5,140.0,1,75.0,64.5,68.5,64.5,4.0,3982.5,21
2023-05-10 23:38:15,ag2312P4800,ag2312P4800,68.5,0.0,0.0,0.0,2,48.5,139.5,2,75.0,64.5,68.5,64.5,4.0,3982.5,21
2023-05-10 23:38:24,ag2312P4800,ag2312P4800,68.5,0.0,0.0,0.0,2,48.5,139.0,1,75.0,64.5,68.5,64.5,4.0,3982.5,21
2023-05-10 23:38:24,ag2312P4800,ag2312P4800,68.5,0.0,0.0,0.0,2,48.5,139.0,1,75.0,64.5,68.5,64.5,4.0,3982.5,21
2023-05-10 23:38:25,ag2312P4800,ag2312P4800,68.5,0.0,0.0,0.0,2,48.5,138.5,2,75.0,64.5,68.5,64.5,4.0,3982.5,21
2023-05-10 23:38:38,ag2312P4800,ag2312P4800,68.5,0.0,0.0,0.0,2,48.5,138.0,1,75.0,64.5,68.5,64.5,4.0,3982.5,21
2023-05-10 23:38:38,ag2312P4800,ag2312P4800,68.5,0.0,0.0,0.0,2,48.5,138.0,1,75.0,64.5,68.5,64.5,4.0,3982.5,21
2023-05-10 23:38:39,ag2312P4800,ag2312P4800,68.5,0.0,0.0,0.0,2,48.5,137.5,2,75.0,64.5,68.5,64.5,4.0,3982.5,21
2023-05-10 23:38:48,ag2312P4800,ag2312P4800,68.5,0.0,0.0,0.0,2,48.5,137.0,1,75.0,64.5,68.5,64.5,4.0,3982.5,21
2023-05-10 23:38:48,ag2312P4800,ag2312P4800,68.5,0.0,0.0,0.0,2,48.5,137.0,1,75.0,64.5,68.5,64.5,4.0,3982.5,21
2023-05-10 23:38:49,ag2312P4800,ag2312P4800,68.5,0.0,0.0,0.0,2,48.5,136.5,2,75.0,64.5,68.5,64.5,4.0,3982.5,21
2023-05-10 23:38:58,ag2312P4800,ag2312P4800,68.5,0.0,0.0,0.0,2,48.5,136.0,1,75.0,64.5,68.5,64.5,4.0,3982.5,21
2023-05-10 23:38:58,ag2312P4800,ag2312P4800,68.5,0.0,0.0,0.0,2,48.5,136.0,1,75.0,64.5,68.5,64.5,4.0,3982.5,21
2023-05-10 23:38:59,ag2312P4800,ag2312P4800,68.5,0.0,0.0,0.0,2,48.5,135.5,2,75.0,64.5,68.5,64.5,4.0,3982.5,21
2023-05-10 23:39:08,ag2312P4800,ag2312P4800,68.5,0.0,0.0,0.0,2,48.5,135.0,1,75.0,64.5,68.5,64.5,4.0,3982.5,21
2023-05-10 23:39:08,ag2312P4800,ag2312P4800,68.5,0.0,0.0,0.0,2,48.5,135.0,1,75.0,64.5,68.5,64.5,4.0,3982.5,21
2023-05-10 23:39:09,ag2312P4800,ag2312P4800,68.5,0.0,0.0,0.0,2,48.5,134.5,2,75.0,64.5,68.5,64.5,4.0,3982.5,21
2023-05-10 23:39:18,ag2312P4800,ag2312P4800,68.5,0.0,0.0,0.0,2,48.5,134.0,1,75.0,64.5,68.5,64.5,4.0,3982.5,21
2023-05-10 23:39:18,ag2312P4800,ag2312P4800,68.5,0.0,0.0,0.0,2,48.5,134.0,1,75.0,64.5,68.5,64.5,4.0,3982.5,21
2023-05-10 23:39:19,ag2312P4800,ag2312P4800,68.5,0.0,0.0,0.0,2,48.5,133.5,2,75.0,64.5,68.5,64.5,4.0,3982.5,21
2023-05-10 23:39:41,ag2312P4800,ag2312P4800,68.5,0.0,0.0,0.0,2,52.5,133.5,2,75.0,64.5,68.5,64.5,4.0,3982.5,21
2023-05-10 23:39:41,ag2312P4800,ag2312P4800,68.5,0.0,0.0,0.0,2,52.5,133.5,2,75.0,64.5,68.5,64.5,4.0,3982.5,21
2023-05-10 23:39:42,ag2312P4800,ag2312P4800,68.5,0.0,0.0,0.0,2,53.0,133.5,2,75.0,64.5,68.5,64.5,4.0,3982.5,21
2023-05-10 23:39:42,ag2312P4800,ag2312P4800,68.5,0.0,0.0,0.0,2,53.5,133.5,2,75.0,64.5,68.5,64.5,4.0,3982.5,21
2023-05-10 23:39:43,ag2312P4800,ag2312P4800,68.5,0.0,0.0,0.0,1,62.5,66.0,1,75.0,64.5,68.5,64.5,4.0,3982.5,21
2023-05-10 23:39:43,ag2312P4800,ag2312P4800,68.5,0.0,0.0,0.0,1,62.5,66.0,1,75.0,64.5,68.5,64.5,4.0,3982.5,21
2023-05-10 23:39:46,ag2312P4800,ag2312P4800,67.0,1.0,1005.0,1.0,1,4.0,68.5,1,75.0,64.5,68.5,64.5,5.0,4987.5,22
2023-05-10 23:39:46,ag2312P4800,ag2312P4800,67.0,0.0,0.0,0.0,2,12.0,68.5,1,75.0,64.5,68.5,64.5,5.0,4987.5,22
2023-05-10 23:39:47,ag2312P4800,ag2312P4800,67.0,0.0,0.0,0.0,1,13.5,68.5,1,75.0,64.5,68.5,64.5,5.0,4987.5,22
2023-05-10 23:39:47,ag2312P4800,ag2312P4800,67.0,0.0,0.0,0.0,2,21.5,68.5,1,75.0,64.5,68.5,64.5,5.0,4987.5,22
2023-05-10 23:39:48,ag2312P4800,ag2312P4800,67.0,0.0,0.0,0.0,1,22.0,68.5,1,75.0,64.5,68.5,64.5,5.0,4987.5,22
2023-05-10 23:39:48,ag2312P4800,ag2312P4800,67.0,0.0,0.0,0.0,2,30.0,68.5,1,75.0,64.5,68.5,64.5,5.0,4987.5,22
2023-05-10 23:39:49,ag2312P4800,ag2312P4800,67.0,0.0,0.0,0.0,1,30.5,68.5,1,75.0,64.5,68.5,64.5,5.0,4987.5,22
2023-05-10 23:39:49,ag2312P4800,ag2312P4800,67.0,0.0,0.0,0.0,2,38.5,68.5,1,75.0,64.5,68.5,64.5,5.0,4987.5,22
2023-05-10 23:39:50,ag2312P4800,ag2312P4800,67.0,0.0,0.0,0.0,1,68.0,68.5,1,75.0,64.5,68.5,64.5,5.0,4987.5,22
2023-05-10 23:39:50,ag2312P4800,ag2312P4800,67.0,0.0,0.0,0.0,1,68.0,68.5,1,75.0,64.5,68.5,64.5,5.0,4987.5,22
2023-05-10 23:39:51,ag2312P4800,ag2312P4800,67.0,0.0,0.0,0.0,1,68.0,68.5,2,75.0,64.5,68.5,64.5,5.0,4987.5,22
2023-05-10 23:39:57,ag2312P4800,ag2312P4800,67.0,0.0,0.0,0.0,1,68.0,68.5,1,75.0,64.5,68.5,64.5,5.0,4987.5,22
2023-05-10 23:39:58,ag2312P4800,ag2312P4800,67.0,0.0,0.0,0.0,1,68.0,68.5,1,75.0,64.5,68.5,64.5,5.0,4987.5,22
2023-05-10 23:40:01,ag2312P4800,ag2312P4800,67.0,0.0,0.0,0.0,1,67.5,68.5,1,75.0,64.5,68.5,64.5,5.0,4987.5,22
2023-05-10 23:40:02,ag2312P4800,ag2312P4800,67.0,0.0,0.0,0.0,1,39.0,134.0,1,75.0,64.5,68.5,64.5,5.0,4987.5,22
2023-05-10 23:40:02,ag2312P4800,ag2312P4800,67.0,0.0,0.0,0.0,2,39.5,133.5,2,75.0,64.5,68.5,64.5,5.0,4987.5,22
2023-05-10 23:40:03,ag2312P4800,ag2312P4800,67.0,0.0,0.0,0.0,1,40.0,133.0,1,75.0,64.5,68.5,64.5,5.0,4987.5,22
2023-05-10 23:40:03,ag2312P4800,ag2312P4800,67.0,0.0,0.0,0.0,1,40.0,133.0,1,75.0,64.5,68.5,64.5,5.0,4987.5,22
2023-05-10 23:40:04,ag2312P4800,ag2312P4800,67.0,0.0,0.0,0.0,2,40.5,132.5,2,75.0,64.5,68.5,64.5,5.0,4987.5,22
2023-05-10 23:40:04,ag2312P4800,ag2312P4800,67.0,0.0,0.0,0.0,1,41.0,132.0,1,75.0,64.5,68.5,64.5,5.0,4987.5,22
2023-05-10 23:40:05,ag2312P4800,ag2312P4800,67.0,0.0,0.0,0.0,1,41.0,132.0,1,75.0,64.5,68.5,64.5,5.0,4987.5,22
2023-05-10 23:40:05,ag2312P4800,ag2312P4800,67.0,0.0,0.0,0.0,2,41.5,131.5,2,75.0,64.5,68.5,64.5,5.0,4987.5,22
2023-05-10 23:40:06,ag2312P4800,ag2312P4800,67.0,0.0,0.0,0.0,1,42.0,131.0,1,75.0,64.5,68.5,64.5,5.0,4987.5,22
2023-05-10 23:40:06,ag2312P4800,ag2312P4800,67.0,0.0,0.0,0.0,1,42.0,131.0,1,75.0,64.5,68.5,64.5,5.0,4987.5,22
2023-05-10 23:40:07,ag2312P4800,ag2312P4800,67.0,0.0,0.0,0.0,2,42.5,130.5,2,75.0,64.5,68.5,64.5,5.0,4987.5,22
2023-05-10 23:40:07,ag2312P4800,ag2312P4800,67.0,0.0,0.0,0.0,1,43.0,130.0,1,75.0,64.5,68.5,64.5,5.0,4987.5,22
2023-05-10 23:40:08,ag2312P4800,ag2312P4800,67.0,0.0,0.0,0.0,1,43.0,130.0,1,75.0,64.5,68.5,64.5,5.0,4987.5,22
2023-05-10 23:40:08,ag2312P4800,ag2312P4800,67.0,0.0,0.0,0.0,2,43.5,129.5,2,75.0,64.5,68.5,64.5,5.0,4987.5,22
2023-05-10 23:40:09,ag2312P4800,ag2312P4800,67.0,0.0,0.0,0.0,1,44.0,129.0,1,75.0,64.5,68.5,64.5,5.0,4987.5,22
2023-05-10 23:40:09,ag2312P4800,ag2312P4800,67.0,0.0,0.0,0.0,1,44.0,129.0,1,75.0,64.5,68.5,64.5,5.0,4987.5,22
2023-05-10 23:40:10,ag2312P4800,ag2312P4800,67.0,0.0,0.0,0.0,2,44.5,128.5,2,75.0,64.5,68.5,64.5,5.0,4987.5,22
2023-05-10 23:40:10,ag2312P4800,ag2312P4800,67.0,0.0,0.0,0.0,1,45.0,128.0,1,75.0,64.5,68.5,64.5,5.0,4987.5,22
2023-05-10 23:40:11,ag2312P4800,ag2312P4800,67.0,0.0,0.0,0.0,1,45.0,128.0,1,75.0,64.5,68.5,64.5,5.0,4987.5,22
2023-05-10 23:40:11,ag2312P4800,ag2312P4800,67.0,0.0,0.0,0.0,2,45.5,127.5,2,75.0,64.5,68.5,64.5,5.0,4987.5,22
2023-05-10 23:40:12,ag2312P4800,ag2312P4800,67.0,0.0,0.0,0.0,1,46.0,127.0,1,75.0,64.5,68.5,64.5,5.0,4987.5,22
2023-05-10 23:40:12,ag2312P4800,ag2312P4800,67.0,0.0,0.0,0.0,1,46.0,127.0,1,75.0,64.5,68.5,64.5,5.0,4987.5,22
2023-05-10 23:40:13,ag2312P4800,ag2312P4800,67.0,0.0,0.0,0.0,2,46.5,126.5,2,75.0,64.5,68.5,64.5,5.0,4987.5,22
2023-05-10 23:40:13,ag2312P4800,ag2312P4800,67.0,0.0,0.0,0.0,1,47.0,126.0,1,75.0,64.5,68.5,64.5,5.0,4987.5,22
2023-05-10 23:40:14,ag2312P4800,ag2312P4800,67.0,0.0,0.0,0.0,1,47.0,126.0,1,75.0,64.5,68.5,64.5,5.0,4987.5,22
2023-05-10 23:40:14,ag2312P4800,ag2312P4800,67.0,0.0,0.0,0.0,2,47.5,125.5,2,75.0,64.5,68.5,64.5,5.0,4987.5,22
2023-05-10 23:40:15,ag2312P4800,ag2312P4800,67.0,0.0,0.0,0.0,1,48.0,125.0,1,75.0,64.5,68.5,64.5,5.0,4987.5,22
2023-05-10 23:40:15,ag2312P4800,ag2312P4800,67.0,0.0,0.0,0.0,1,48.0,125.0,1,75.0,64.5,68.5,64.5,5.0,4987.5,22
2023-05-10 23:40:16,ag2312P4800,ag2312P4800,67.0,0.0,0.0,0.0,2,48.5,124.5,2,75.0,64.5,68.5,64.5,5.0,4987.5,22
2023-05-10 23:40:16,ag2312P4800,ag2312P4800,67.0,0.0,0.0,0.0,1,49.0,124.0,1,75.0,64.5,68.5,64.5,5.0,4987.5,22
2023-05-10 23:40:17,ag2312P4800,ag2312P4800,67.0,0.0,0.0,0.0,1,49.0,124.0,1,75.0,64.5,68.5,64.5,5.0,4987.5,22
2023-05-10 23:40:17,ag2312P4800,ag2312P4800,67.0,0.0,0.0,0.0,2,49.5,123.5,2,75.0,64.5,68.5,64.5,5.0,4987.5,22
2023-05-10 23:40:26,ag2312P4800,ag2312P4800,67.0,0.0,0.0,0.0,1,50.0,123.0,1,75.0,64.5,68.5,64.5,5.0,4987.5,22
2023-05-10 23:40:26,ag2312P4800,ag2312P4800,67.0,0.0,0.0,0.0,1,50.0,123.0,1,75.0,64.5,68.5,64.5,5.0,4987.5,22
2023-05-10 23:40:27,ag2312P4800,ag2312P4800,67.0,0.0,0.0,0.0,2,50.5,122.5,2,75.0,64.5,68.5,64.5,5.0,4987.5,22
2023-05-10 23:40:36,ag2312P4800,ag2312P4800,67.0,0.0,0.0,0.0,1,51.0,122.0,1,75.0,64.5,68.5,64.5,5.0,4987.5,22
2023-05-10 23:40:36,ag2312P4800,ag2312P4800,67.0,0.0,0.0,0.0,1,51.0,122.0,1,75.0,64.5,68.5,64.5,5.0,4987.5,22
2023-05-10 23:40:37,ag2312P4800,ag2312P4800,67.0,0.0,0.0,0.0,2,51.5,121.5,2,75.0,64.5,68.5,64.5,5.0,4987.5,22
2023-05-10 23:40:46,ag2312P4800,ag2312P4800,67.0,0.0,0.0,0.0,1,52.0,121.0,1,75.0,64.5,68.5,64.5,5.0,4987.5,22
2023-05-10 23:40:46,ag2312P4800,ag2312P4800,67.0,0.0,0.0,0.0,1,52.0,121.0,1,75.0,64.5,68.5,64.5,5.0,4987.5,22
2023-05-10 23:40:47,ag2312P4800,ag2312P4800,67.0,0.0,0.0,0.0,2,52.5,120.5,2,75.0,64.5,68.5,64.5,5.0,4987.5,22
2023-05-10 23:51:30,ag2312P4800,ag2312P4800,67.0,0.0,0.0,0.0,2,52.5,117.5,1,75.0,64.5,68.5,64.5,5.0,4987.5,22
2023-05-10 23:51:31,ag2312P4800,ag2312P4800,67.0,0.0,0.0,0.0,2,52.5,117.5,1,75.0,64.5,68.5,64.5,5.0,4987.5,22
2023-05-10 23:51:31,ag2312P4800,ag2312P4800,67.0,0.0,0.0,0.0,2,52.5,117.0,2,75.0,64.5,68.5,64.5,5.0,4987.5,22
2023-05-10 23:51:33,ag2312P4800,ag2312P4800,67.0,0.0,0.0,0.0,2,52.5,117.0,2,75.0,64.5,68.5,64.5,5.0,4987.5,22
2023-05-10 23:51:34,ag2312P4800,ag2312P4800,67.0,0.0,0.0,0.0,2,52.5,114.0,1,75.0,64.5,68.5,64.5,5.0,4987.5,22
2023-05-10 23:51:34,ag2312P4800,ag2312P4800,67.0,0.0,0.0,0.0,2,52.5,114.0,1,75.0,64.5,68.5,64.5,5.0,4987.5,22
2023-05-10 23:51:35,ag2312P4800,ag2312P4800,67.0,0.0,0.0,0.0,2,52.5,113.5,2,75.0,64.5,68.5,64.5,5.0,4987.5,22
2023-05-10 23:51:38,ag2312P4800,ag2312P4800,67.0,0.0,0.0,0.0,2,52.5,113.5,2,75.0,64.5,68.5,64.5,5.0,4987.5,22
2023-05-10 23:51:39,ag2312P4800,ag2312P4800,67.0,0.0,0.0,0.0,2,52.5,113.0,1,75.0,64.5,68.5,64.5,5.0,4987.5,22
2023-05-10 23:51:39,ag2312P4800,ag2312P4800,67.0,0.0,0.0,0.0,2,52.5,113.0,1,75.0,64.5,68.5,64.5,5.0,4987.5,22
2023-05-10 23:51:40,ag2312P4800,ag2312P4800,67.0,0.0,0.0,0.0,2,52.5,112.5,2,75.0,64.5,68.5,64.5,5.0,4987.5,22
2023-05-10 23:51:42,ag2312P4800,ag2312P4800,67.0,0.0,0.0,0.0,2,52.5,112.5,2,75.0,64.5,68.5,64.5,5.0,4987.5,22
2023-05-10 23:51:43,ag2312P4800,ag2312P4800,67.0,0.0,0.0,0.0,2,52.5,112.0,1,75.0,64.5,68.5,64.5,5.0,4987.5,22
2023-05-10 23:51:43,ag2312P4800,ag2312P4800,67.0,0.0,0.0,0.0,2,52.5,112.0,1,75.0,64.5,68.5,64.5,5.0,4987.5,22
2023-05-10 23:51:44,ag2312P4800,ag2312P4800,67.0,0.0,0.0,0.0,2,52.5,111.5,2,75.0,64.5,68.5,64.5,5.0,4987.5,22
2023-05-10 23:51:46,ag2312P4800,ag2312P4800,67.0,0.0,0.0,0.0,2,52.5,111.5,2,75.0,64.5,68.5,64.5,5.0,4987.5,22
2023-05-10 23:51:47,ag2312P4800,ag2312P4800,67.0,0.0,0.0,0.0,2,52.5,111.0,1,75.0,64.5,68.5,64.5,5.0,4987.5,22
2023-05-10 23:51:48,ag2312P4800,ag2312P4800,67.0,0.0,0.0,0.0,2,52.5,111.0,1,75.0,64.5,68.5,64.5,5.0,4987.5,22
2023-05-10 23:51:48,ag2312P4800,ag2312P4800,67.0,0.0,0.0,0.0,2,52.5,110.5,2,75.0,64.5,68.5,64.5,5.0,4987.5,22
2023-05-10 23:51:50,ag2312P4800,ag2312P4800,67.0,0.0,0.0,0.0,2,52.5,110.5,2,75.0,64.5,68.5,64.5,5.0,4987.5,22
2023-05-10 23:52:37,ag2312P4800,ag2312P4800,67.0,0.0,0.0,0.0,2,52.5,110.0,1,75.0,64.5,68.5,64.5,5.0,4987.5,22
2023-05-10 23:52:37,ag2312P4800,ag2312P4800,67.0,0.0,0.0,0.0,2,52.5,110.0,1,75.0,64.5,68.5,64.5,5.0,4987.5,22
2023-05-10 23:52:38,ag2312P4800,ag2312P4800,67.0,0.0,0.0,0.0,2,52.5,109.5,2,75.0,64.5,68.5,64.5,5.0,4987.5,22
2023-05-10 23:52:39,ag2312P4800,ag2312P4800,67.0,0.0,0.0,0.0,2,52.5,109.5,2,75.0,64.5,68.5,64.5,5.0,4987.5,22
2023-05-10 23:52:40,ag2312P4800,ag2312P4800,67.0,0.0,0.0,0.0,2,52.5,109.0,1,75.0,64.5,68.5,64.5,5.0,4987.5,22
2023-05-10 23:52:40,ag2312P4800,ag2312P4800,67.0,0.0,0.0,0.0,2,52.5,109.0,1,75.0,64.5,68.5,64.5,5.0,4987.5,22
2023-05-10 23:52:41,ag2312P4800,ag2312P4800,67.0,0.0,0.0,0.0,2,52.5,108.5,2,75.0,64.5,68.5,64.5,5.0,4987.5,22
2023-05-10 23:52:42,ag2312P4800,ag2312P4800,67.0,0.0,0.0,0.0,2,52.5,108.5,2,75.0,64.5,68.5,64.5,5.0,4987.5,22
2023-05-10 23:53:57,ag2312P4800,ag2312P4800,67.0,0.0,0.0,0.0,2,52.5,108.0,1,75.0,64.5,68.5,64.5,5.0,4987.5,22
2023-05-10 23:53:58,ag2312P4800,ag2312P4800,67.0,0.0,0.0,0.0,2,52.5,108.0,1,75.0,64.5,68.5,64.5,5.0,4987.5,22
2023-05-10 23:53:58,ag2312P4800,ag2312P4800,67.0,0.0,0.0,0.0,2,52.5,107.5,2,75.0,64.5,68.5,64.5,5.0,4987.5,22
2023-05-10 23:54:00,ag2312P4800,ag2312P4800,67.0,0.0,0.0,0.0,2,52.5,107.5,2,75.0,64.5,68.5,64.5,5.0,4987.5,22
2023-05-10 23:55:48,ag2312P4800,ag2312P4800,67.0,0.0,0.0,0.0,2,52.5,102.0,1,75.0,64.5,68.5,64.5,5.0,4987.5,22
2023-05-10 23:55:48,ag2312P4800,ag2312P4800,67.0,0.0,0.0,0.0,2,52.5,102.0,1,75.0,64.5,68.5,64.5,5.0,4987.5,22
2023-05-10 23:55:49,ag2312P4800,ag2312P4800,67.0,0.0,0.0,0.0,2,52.5,101.5,2,75.0,64.5,68.5,64.5,5.0,4987.5,22
2023-05-10 23:55:51,ag2312P4800,ag2312P4800,67.0,0.0,0.0,0.0,2,52.5,101.5,2,75.0,64.5,68.5,64.5,5.0,4987.5,22
2023-05-10 23:55:52,ag2312P4800,ag2312P4800,67.0,0.0,0.0,0.0,2,52.5,96.0,1,75.0,64.5,68.5,64.5,5.0,4987.5,22
2023-05-10 23:55:53,ag2312P4800,ag2312P4800,67.0,0.0,0.0,0.0,2,52.5,96.0,1,75.0,64.5,68.5,64.5,5.0,4987.5,22
2023-05-10 23:55:53,ag2312P4800,ag2312P4800,67.0,0.0,0.0,0.0,2,52.5,95.5,2,75.0,64.5,68.5,64.5,5.0,4987.5,22
2023-05-10 23:55:54,ag2312P4800,ag2312P4800,67.0,0.0,0.0,0.0,2,52.5,95.5,2,75.0,64.5,68.5,64.5,5.0,4987.5,22
2023-05-10 23:55:55,ag2312P4800,ag2312P4800,67.0,0.0,0.0,0.0,2,52.5,90.0,1,75.0,64.5,68.5,64.5,5.0,4987.5,22
2023-05-10 23:55:56,ag2312P4800,ag2312P4800,67.0,0.0,0.0,0.0,2,52.5,90.0,1,75.0,64.5,68.5,64.5,5.0,4987.5,22
2023-05-10 23:55:56,ag2312P4800,ag2312P4800,67.0,0.0,0.0,0.0,2,52.5,89.5,2,75.0,64.5,68.5,64.5,5.0,4987.5,22
2023-05-10 23:55:57,ag2312P4800,ag2312P4800,67.0,0.0,0.0,0.0,2,52.5,89.5,2,75.0,64.5,68.5,64.5,5.0,4987.5,22
2023-05-10 23:55:58,ag2312P4800,ag2312P4800,67.0,0.0,0.0,0.0,2,52.5,86.5,1,75.0,64.5,68.5,64.5,5.0,4987.5,22
2023-05-10 23:55:59,ag2312P4800,ag2312P4800,67.0,0.0,0.0,0.0,2,52.5,86.5,1,75.0,64.5,68.5,64.5,5.0,4987.5,22
2023-05-10 23:55:59,ag2312P4800,ag2312P4800,67.0,0.0,0.0,0.0,2,52.5,86.0,2,75.0,64.5,68.5,64.5,5.0,4987.5,22
2023-05-10 23:56:00,ag2312P4800,ag2312P4800,67.0,0.0,0.0,0.0,2,52.5,86.0,2,75.0,64.5,68.5,64.5,5.0,4987.5,22
2023-05-10 23:56:01,ag2312P4800,ag2312P4800,67.0,0.0,0.0,0.0,2,52.5,85.5,1,75.0,64.5,68.5,64.5,5.0,4987.5,22
2023-05-10 23:56:02,ag2312P4800,ag2312P4800,67.0,0.0,0.0,0.0,2,52.5,85.5,1,75.0,64.5,68.5,64.5,5.0,4987.5,22
2023-05-10 23:56:02,ag2312P4800,ag2312P4800,67.0,0.0,0.0,0.0,2,52.5,85.0,2,75.0,64.5,68.5,64.5,5.0,4987.5,22
2023-05-10 23:56:04,ag2312P4800,ag2312P4800,67.0,0.0,0.0,0.0,2,52.5,85.0,2,75.0,64.5,68.5,64.5,5.0,4987.5,22
2023-05-10 23:56:05,ag2312P4800,ag2312P4800,67.0,0.0,0.0,0.0,2,52.5,84.5,1,75.0,64.5,68.5,64.5,5.0,4987.5,22
2023-05-10 23:56:05,ag2312P4800,ag2312P4800,67.0,0.0,0.0,0.0,2,52.5,84.5,1,75.0,64.5,68.5,64.5,5.0,4987.5,22
2023-05-10 23:56:06,ag2312P4800,ag2312P4800,67.0,0.0,0.0,0.0,2,52.5,84.0,2,75.0,64.5,68.5,64.5,5.0,4987.5,22
2023-05-10 23:56:08,ag2312P4800,ag2312P4800,67.0,0.0,0.0,0.0,2,52.5,84.0,2,75.0,64.5,68.5,64.5,5.0,4987.5,22
2023-05-10 23:56:11,ag2312P4800,ag2312P4800,67.0,0.0,0.0,0.0,1,63.0,66.5,1,75.0,64.5,68.5,64.5,5.0,4987.5,22
2023-05-10 23:56:12,ag2312P4800,ag2312P4800,67.0,0.0,0.0,0.0,1,63.0,66.5,1,75.0,64.5,68.5,64.5,5.0,4987.5,22
2023-05-10 23:56:15,ag2312P4800,ag2312P4800,67.0,1.0,1005.0,1.0,1,52.0,68.5,1,75.0,64.5,68.5,64.5,6.0,5992.5,23
2023-05-10 23:56:15,ag2312P4800,ag2312P4800,67.0,0.0,0.0,0.0,2,52.5,68.5,1,75.0,64.5,68.5,64.5,6.0,5992.5,23
2023-05-10 23:56:16,ag2312P4800,ag2312P4800,67.0,0.0,0.0,0.0,1,53.0,68.5,1,75.0,64.5,68.5,64.5,6.0,5992.5,23
2023-05-10 23:56:16,ag2312P4800,ag2312P4800,67.0,0.0,0.0,0.0,1,53.0,68.5,1,75.0,64.5,68.5,64.5,6.0,5992.5,23
2023-05-10 23:56:17,ag2312P4800,ag2312P4800,67.0,0.0,0.0,0.0,1,67.0,68.5,1,75.0,64.5,68.5,64.5,6.0,5992.5,23
2023-05-10 23:56:17,ag2312P4800,ag2312P4800,67.0,0.0,0.0,0.0,1,67.0,68.5,1,75.0,64.5,68.5,64.5,6.0,5992.5,23
2023-05-10 23:56:18,ag2312P4800,ag2312P4800,67.0,0.0,0.0,0.0,1,67.0,67.5,1,75.0,64.5,68.5,64.5,6.0,5992.5,23
2023-05-10 23:56:20,ag2312P4800,ag2312P4800,67.0,0.0,0.0,0.0,2,67.0,67.5,1,75.0,64.5,68.5,64.5,6.0,5992.5,23
2023-05-10 23:56:26,ag2312P4800,ag2312P4800,67.0,0.0,0.0,0.0,2,67.0,67.5,1,75.0,64.5,68.5,64.5,6.0,5992.5,23
2023-05-10 23:56:27,ag2312P4800,ag2312P4800,67.0,0.0,0.0,0.0,2,67.0,67.5,1,75.0,64.5,68.5,64.5,6.0,5992.5,23
2023-05-10 23:56:28,ag2312P4800,ag2312P4800,67.0,0.0,0.0,0.0,2,67.0,68.0,1,75.0,64.5,68.5,64.5,6.0,5992.5,23
2023-05-10 23:56:28,ag2312P4800,ag2312P4800,67.0,0.0,0.0,0.0,1,67.0,68.0,1,75.0,64.5,68.5,64.5,6.0,5992.5,23
2023-05-10 23:56:31,ag2312P4800,ag2312P4800,67.0,0.0,0.0,0.0,1,53.0,121.0,1,75.0,64.5,68.5,64.5,6.0,5992.5,23
2023-05-10 23:56:31,ag2312P4800,ag2312P4800,67.0,0.0,0.0,0.0,4,53.5,120.5,2,75.0,64.5,68.5,64.5,6.0,5992.5,23
2023-05-10 23:56:32,ag2312P4800,ag2312P4800,67.0,0.0,0.0,0.0,1,54.0,120.0,1,75.0,64.5,68.5,64.5,6.0,5992.5,23
2023-05-10 23:56:32,ag2312P4800,ag2312P4800,67.0,0.0,0.0,0.0,2,54.5,120.0,1,75.0,64.5,68.5,64.5,6.0,5992.5,23
2023-05-10 23:56:33,ag2312P4800,ag2312P4800,67.0,0.0,0.0,0.0,2,55.0,119.5,2,75.0,64.5,68.5,64.5,6.0,5992.5,23
2023-05-10 23:56:33,ag2312P4800,ag2312P4800,67.0,0.0,0.0,0.0,2,55.5,119.0,1,75.0,64.5,68.5,64.5,6.0,5992.5,23
2023-05-10 23:56:34,ag2312P4800,ag2312P4800,67.0,0.0,0.0,0.0,2,55.5,119.0,1,75.0,64.5,68.5,64.5,6.0,5992.5,23
2023-05-10 23:56:34,ag2312P4800,ag2312P4800,67.0,0.0,0.0,0.0,2,56.0,118.5,2,75.0,64.5,68.5,64.5,6.0,5992.5,23
2023-05-10 23:56:35,ag2312P4800,ag2312P4800,67.0,0.0,0.0,0.0,2,56.0,118.0,1,75.0,64.5,68.5,64.5,6.0,5992.5,23
2023-05-10 23:56:35,ag2312P4800,ag2312P4800,67.0,0.0,0.0,0.0,2,56.0,118.0,1,75.0,64.5,68.5,64.5,6.0,5992.5,23
2023-05-10 23:56:36,ag2312P4800,ag2312P4800,67.0,0.0,0.0,0.0,2,56.0,117.5,2,75.0,64.5,68.5,64.5,6.0,5992.5,23
2023-05-10 23:56:36,ag2312P4800,ag2312P4800,67.0,0.0,0.0,0.0,2,56.0,117.0,1,75.0,64.5,68.5,64.5,6.0,5992.5,23
2023-05-10 23:56:37,ag2312P4800,ag2312P4800,67.0,0.0,0.0,0.0,2,56.0,117.0,1,75.0,64.5,68.5,64.5,6.0,5992.5,23
2023-05-10 23:56:37,ag2312P4800,ag2312P4800,67.0,0.0,0.0,0.0,2,56.0,116.5,2,75.0,64.5,68.5,64.5,6.0,5992.5,23
2023-05-10 23:56:38,ag2312P4800,ag2312P4800,67.0,0.0,0.0,0.0,2,56.0,116.0,1,75.0,64.5,68.5,64.5,6.0,5992.5,23
2023-05-10 23:56:38,ag2312P4800,ag2312P4800,67.0,0.0,0.0,0.0,2,56.0,116.0,1,75.0,64.5,68.5,64.5,6.0,5992.5,23
2023-05-10 23:56:39,ag2312P4800,ag2312P4800,67.0,0.0,0.0,0.0,2,56.0,115.5,2,75.0,64.5,68.5,64.5,6.0,5992.5,23
2023-05-10 23:56:39,ag2312P4800,ag2312P4800,67.0,0.0,0.0,0.0,2,56.0,115.0,1,75.0,64.5,68.5,64.5,6.0,5992.5,23
2023-05-10 23:56:40,ag2312P4800,ag2312P4800,67.0,0.0,0.0,0.0,2,56.0,115.0,1,75.0,64.5,68.5,64.5,6.0,5992.5,23
2023-05-10 23:56:40,ag2312P4800,ag2312P4800,67.0,0.0,0.0,0.0,2,56.0,114.5,2,75.0,64.5,68.5,64.5,6.0,5992.5,23
2023-05-10 23:56:41,ag2312P4800,ag2312P4800,67.0,0.0,0.0,0.0,2,56.0,114.0,1,75.0,64.5,68.5,64.5,6.0,5992.5,23
2023-05-10 23:56:41,ag2312P4800,ag2312P4800,67.0,0.0,0.0,0.0,2,56.5,114.0,1,75.0,64.5,68.5,64.5,6.0,5992.5,23
2023-05-10 23:56:42,ag2312P4800,ag2312P4800,67.0,0.0,0.0,0.0,2,56.5,113.5,2,75.0,64.5,68.5,64.5,6.0,5992.5,23
2023-05-10 23:56:42,ag2312P4800,ag2312P4800,67.0,0.0,0.0,0.0,2,56.5,113.0,1,75.0,64.5,68.5,64.5,6.0,5992.5,23
2023-05-10 23:56:43,ag2312P4800,ag2312P4800,67.0,0.0,0.0,0.0,2,56.5,113.0,1,75.0,64.5,68.5,64.5,6.0,5992.5,23
2023-05-10 23:56:43,ag2312P4800,ag2312P4800,67.0,0.0,0.0,0.0,2,56.5,112.5,2,75.0,64.5,68.5,64.5,6.0,5992.5,23
2023-05-10 23:56:44,ag2312P4800,ag2312P4800,67.0,0.0,0.0,0.0,2,56.5,112.0,1,75.0,64.5,68.5,64.5,6.0,5992.5,23
