time,symbol_id,symbol_name,last,trade_volume,trade_amount,open_interest_change,bv1,bp1,ap1,av1,yesterday_close,today_open,today_high,today_low,volume,amount,open_interest
2023-05-10 20:59:00,ag2312P5000,ag2312P5000,101.0,0.0,0.0,0.0,1,1.5,0.0,0,101.0,89.5,0.0,0.0,0.0,0.0,152
2023-05-10 21:00:02,ag2312P5000,ag2312P5000,101.0,0.0,0.0,0.0,1,1.5,208.5,2,101.0,89.5,0.0,0.0,0.0,0.0,152
2023-05-10 21:00:03,ag2312P5000,ag2312P5000,101.0,0.0,0.0,0.0,2,30.0,208.5,2,101.0,89.5,0.0,0.0,0.0,0.0,152
2023-05-10 21:00:13,ag2312P5000,ag2312P5000,101.0,0.0,0.0,0.0,2,30.5,208.0,2,101.0,89.5,0.0,0.0,0.0,0.0,152
2023-05-10 21:00:14,ag2312P5000,ag2312P5000,101.0,0.0,0.0,0.0,2,59.0,179.5,2,101.0,89.5,0.0,0.0,0.0,0.0,152
2023-05-10 21:00:15,ag2312P5000,ag2312P5000,101.0,0.0,0.0,0.0,2,59.0,179.5,2,101.0,89.5,0.0,0.0,0.0,0.0,152
2023-05-10 21:00:15,ag2312P5000,ag2312P5000,101.0,0.0,0.0,0.0,2,59.5,179.0,2,101.0,89.5,0.0,0.0,0.0,0.0,152
2023-05-10 21:00:16,ag2312P5000,ag2312P5000,101.0,0.0,0.0,0.0,2,80.0,150.5,2,101.0,89.5,0.0,0.0,0.0,0.0,152
2023-05-10 21:00:17,ag2312P5000,ag2312P5000,101.0,0.0,0.0,0.0,2,80.0,150.5,2,101.0,89.5,0.0,0.0,0.0,0.0,152
2023-05-10 21:00:17,ag2312P5000,ag2312P5000,101.0,0.0,0.0,0.0,2,80.0,150.0,2,101.0,89.5,0.0,0.0,0.0,0.0,152
2023-05-10 21:00:18,ag2312P5000,ag2312P5000,101.0,0.0,0.0,0.0,2,80.0,121.5,2,101.0,89.5,0.0,0.0,0.0,0.0,152
2023-05-10 21:00:19,ag2312P5000,ag2312P5000,101.0,0.0,0.0,0.0,2,80.0,121.5,2,101.0,89.5,0.0,0.0,0.0,0.0,152
2023-05-10 21:00:19,ag2312P5000,ag2312P5000,101.0,0.0,0.0,0.0,2,80.0,121.0,2,101.0,89.5,0.0,0.0,0.0,0.0,152
2023-05-10 21:00:21,ag2312P5000,ag2312P5000,101.0,0.0,0.0,0.0,2,80.0,104.0,2,101.0,89.5,0.0,0.0,0.0,0.0,152
2023-05-10 21:00:21,ag2312P5000,ag2312P5000,101.0,0.0,0.0,0.0,2,80.0,104.0,2,101.0,89.5,0.0,0.0,0.0,0.0,152
2023-05-10 21:00:22,ag2312P5000,ag2312P5000,101.0,0.0,0.0,0.0,2,30.0,104.0,2,101.0,89.5,0.0,0.0,0.0,0.0,152
2023-05-10 21:00:23,ag2312P5000,ag2312P5000,101.0,0.0,0.0,0.0,2,30.5,104.0,2,101.0,89.5,0.0,0.0,0.0,0.0,152
2023-05-10 21:00:23,ag2312P5000,ag2312P5000,101.0,0.0,0.0,0.0,2,59.0,104.0,2,101.0,89.5,0.0,0.0,0.0,0.0,152
2023-05-10 21:00:24,ag2312P5000,ag2312P5000,101.0,0.0,0.0,0.0,2,59.0,104.0,2,101.0,89.5,0.0,0.0,0.0,0.0,152
2023-05-10 21:00:24,ag2312P5000,ag2312P5000,101.0,0.0,0.0,0.0,2,59.5,104.0,2,101.0,89.5,0.0,0.0,0.0,0.0,152
2023-05-10 21:00:25,ag2312P5000,ag2312P5000,101.0,0.0,0.0,0.0,2,78.0,104.0,2,101.0,89.5,0.0,0.0,0.0,0.0,152
2023-05-10 21:00:25,ag2312P5000,ag2312P5000,101.0,0.0,0.0,0.0,2,78.0,104.0,2,101.0,89.5,0.0,0.0,0.0,0.0,152
2023-05-10 21:00:26,ag2312P5000,ag2312P5000,101.0,0.0,0.0,0.0,2,78.5,104.0,2,101.0,89.5,0.0,0.0,0.0,0.0,152
2023-05-10 21:00:50,ag2312P5000,ag2312P5000,101.0,0.0,0.0,0.0,2,78.5,0.0,0,101.0,89.5,0.0,0.0,0.0,0.0,152
2023-05-10 21:00:51,ag2312P5000,ag2312P5000,101.0,0.0,0.0,0.0,3,78.5,0.0,0,101.0,89.5,0.0,0.0,0.0,0.0,152
2023-05-10 21:00:52,ag2312P5000,ag2312P5000,101.0,0.0,0.0,0.0,3,78.5,208.5,1,101.0,89.5,0.0,0.0,0.0,0.0,152
2023-05-10 21:00:53,ag2312P5000,ag2312P5000,101.0,0.0,0.0,0.0,3,78.5,208.0,2,101.0,89.5,0.0,0.0,0.0,0.0,152
2023-05-10 21:00:54,ag2312P5000,ag2312P5000,101.0,0.0,0.0,0.0,3,78.5,179.5,1,101.0,89.5,0.0,0.0,0.0,0.0,152
2023-05-10 21:00:54,ag2312P5000,ag2312P5000,101.0,0.0,0.0,0.0,3,78.5,179.5,1,101.0,89.5,0.0,0.0,0.0,0.0,152
2023-05-10 21:00:55,ag2312P5000,ag2312P5000,101.0,0.0,0.0,0.0,3,78.5,179.0,2,101.0,89.5,0.0,0.0,0.0,0.0,152
2023-05-10 21:00:55,ag2312P5000,ag2312P5000,101.0,0.0,0.0,0.0,3,78.5,150.5,1,101.0,89.5,0.0,0.0,0.0,0.0,152
2023-05-10 21:00:56,ag2312P5000,ag2312P5000,101.0,0.0,0.0,0.0,3,78.5,150.5,1,101.0,89.5,0.0,0.0,0.0,0.0,152
2023-05-10 21:00:56,ag2312P5000,ag2312P5000,101.0,0.0,0.0,0.0,3,78.5,150.0,2,101.0,89.5,0.0,0.0,0.0,0.0,152
2023-05-10 21:00:57,ag2312P5000,ag2312P5000,101.0,0.0,0.0,0.0,3,78.5,121.5,1,101.0,89.5,0.0,0.0,0.0,0.0,152
2023-05-10 21:00:57,ag2312P5000,ag2312P5000,101.0,0.0,0.0,0.0,3,78.5,121.5,1,101.0,89.5,0.0,0.0,0.0,0.0,152
2023-05-10 21:00:58,ag2312P5000,ag2312P5000,101.0,0.0,0.0,0.0,3,78.5,121.0,2,101.0,89.5,0.0,0.0,0.0,0.0,152
2023-05-10 21:00:58,ag2312P5000,ag2312P5000,101.0,0.0,0.0,0.0,3,78.5,105.0,1,101.0,89.5,0.0,0.0,0.0,0.0,152
2023-05-10 21:00:59,ag2312P5000,ag2312P5000,101.0,0.0,0.0,0.0,3,78.5,105.0,1,101.0,89.5,0.0,0.0,0.0,0.0,152
2023-05-10 21:01:10,ag2312P5000,ag2312P5000,101.0,0.0,0.0,0.0,1,89.5,94.0,1,101.0,89.5,0.0,0.0,0.0,0.0,152
2023-05-10 21:01:10,ag2312P5000,ag2312P5000,101.0,0.0,0.0,0.0,1,89.5,94.0,1,101.0,89.5,0.0,0.0,0.0,0.0,152
2023-05-10 21:01:22,ag2312P5000,ag2312P5000,101.0,0.0,0.0,0.0,1,90.0,94.0,1,101.0,89.5,0.0,0.0,0.0,0.0,152
2023-05-10 21:01:30,ag2312P5000,ag2312P5000,101.0,0.0,0.0,0.0,1,90.5,94.0,1,101.0,89.5,0.0,0.0,0.0,0.0,152
2023-05-10 21:01:31,ag2312P5000,ag2312P5000,101.0,0.0,0.0,0.0,1,90.5,95.0,1,101.0,89.5,0.0,0.0,0.0,0.0,152
2023-05-10 21:01:40,ag2312P5000,ag2312P5000,101.0,0.0,0.0,0.0,1,90.5,94.5,1,101.0,89.5,0.0,0.0,0.0,0.0,152
2023-05-10 21:02:15,ag2312P5000,ag2312P5000,101.0,0.0,0.0,0.0,1,90.5,94.0,1,101.0,89.5,0.0,0.0,0.0,0.0,152
2023-05-10 21:02:32,ag2312P5000,ag2312P5000,101.0,0.0,0.0,0.0,1,91.0,94.0,1,101.0,89.5,0.0,0.0,0.0,0.0,152
2023-05-10 21:03:13,ag2312P5000,ag2312P5000,101.0,0.0,0.0,0.0,1,91.0,93.5,1,101.0,89.5,0.0,0.0,0.0,0.0,152
2023-05-10 21:03:22,ag2312P5000,ag2312P5000,101.0,0.0,0.0,0.0,1,91.0,93.5,1,101.0,89.5,0.0,0.0,0.0,0.0,152
2023-05-10 21:04:01,ag2312P5000,ag2312P5000,101.0,0.0,0.0,0.0,1,91.0,93.0,1,101.0,89.5,0.0,0.0,0.0,0.0,152
2023-05-10 21:04:05,ag2312P5000,ag2312P5000,101.0,0.0,0.0,0.0,1,91.0,93.0,1,101.0,89.5,0.0,0.0,0.0,0.0,152
2023-05-10 21:04:06,ag2312P5000,ag2312P5000,101.0,0.0,0.0,0.0,1,91.0,93.0,1,101.0,89.5,0.0,0.0,0.0,0.0,152
2023-05-10 21:04:15,ag2312P5000,ag2312P5000,101.0,0.0,0.0,0.0,1,91.0,93.0,1,101.0,89.5,0.0,0.0,0.0,0.0,152
2023-05-10 21:04:32,ag2312P5000,ag2312P5000,101.0,0.0,0.0,0.0,1,91.0,92.5,1,101.0,89.5,0.0,0.0,0.0,0.0,152
2023-05-10 21:04:43,ag2312P5000,ag2312P5000,101.0,0.0,0.0,0.0,1,91.0,92.5,1,101.0,89.5,0.0,0.0,0.0,0.0,152
2023-05-10 21:04:45,ag2312P5000,ag2312P5000,101.0,0.0,0.0,0.0,1,91.0,92.5,1,101.0,89.5,0.0,0.0,0.0,0.0,152
2023-05-10 21:05:09,ag2312P5000,ag2312P5000,101.0,0.0,0.0,0.0,1,91.0,92.5,1,101.0,89.5,0.0,0.0,0.0,0.0,152
2023-05-10 21:05:31,ag2312P5000,ag2312P5000,101.0,0.0,0.0,0.0,1,91.0,92.0,1,101.0,89.5,0.0,0.0,0.0,0.0,152
2023-05-10 21:05:32,ag2312P5000,ag2312P5000,101.0,0.0,0.0,0.0,1,91.0,92.0,1,101.0,89.5,0.0,0.0,0.0,0.0,152
2023-05-10 21:05:51,ag2312P5000,ag2312P5000,101.0,0.0,0.0,0.0,1,89.0,92.0,1,101.0,89.5,0.0,0.0,0.0,0.0,152
2023-05-10 21:06:20,ag2312P5000,ag2312P5000,101.0,0.0,0.0,0.0,1,89.5,92.0,1,101.0,89.5,0.0,0.0,0.0,0.0,152
2023-05-10 21:06:30,ag2312P5000,ag2312P5000,89.5,1.0,1342.5,1.0,1,89.0,92.0,1,101.0,89.5,89.5,89.5,1.0,1342.5,153
2023-05-10 21:06:48,ag2312P5000,ag2312P5000,92.0,1.0,1380.0,-1.0,1,89.5,92.5,1,101.0,89.5,92.0,89.5,2.0,2722.5,152
2023-05-10 21:07:15,ag2312P5000,ag2312P5000,92.0,0.0,0.0,0.0,2,89.5,92.5,1,101.0,89.5,92.0,89.5,2.0,2722.5,152
2023-05-10 21:07:21,ag2312P5000,ag2312P5000,92.0,0.0,0.0,0.0,1,90.0,105.0,1,101.0,89.5,92.0,89.5,2.0,2722.5,152
2023-05-10 21:07:23,ag2312P5000,ag2312P5000,92.0,0.0,0.0,0.0,1,90.0,93.0,1,101.0,89.5,92.0,89.5,2.0,2722.5,152
2023-05-10 21:07:41,ag2312P5000,ag2312P5000,92.0,0.0,0.0,0.0,1,90.5,93.0,1,101.0,89.5,92.0,89.5,2.0,2722.5,152
2023-05-10 21:07:57,ag2312P5000,ag2312P5000,92.0,0.0,0.0,0.0,1,90.5,93.5,1,101.0,89.5,92.0,89.5,2.0,2722.5,152
2023-05-10 21:08:30,ag2312P5000,ag2312P5000,92.0,0.0,0.0,0.0,1,91.0,93.5,1,101.0,89.5,92.0,89.5,2.0,2722.5,152
2023-05-10 21:08:33,ag2312P5000,ag2312P5000,92.0,0.0,0.0,0.0,1,91.0,94.0,1,101.0,89.5,92.0,89.5,2.0,2722.5,152
2023-05-10 21:09:10,ag2312P5000,ag2312P5000,92.0,0.0,0.0,0.0,1,91.5,94.0,1,101.0,89.5,92.0,89.5,2.0,2722.5,152
2023-05-10 21:09:12,ag2312P5000,ag2312P5000,92.0,0.0,0.0,0.0,1,91.5,105.0,1,101.0,89.5,92.0,89.5,2.0,2722.5,152
2023-05-10 21:09:13,ag2312P5000,ag2312P5000,92.0,0.0,0.0,0.0,1,91.5,95.0,1,101.0,89.5,92.0,89.5,2.0,2722.5,152
2023-05-10 21:09:17,ag2312P5000,ag2312P5000,92.0,0.0,0.0,0.0,1,91.5,94.5,1,101.0,89.5,92.0,89.5,2.0,2722.5,152
2023-05-10 21:09:35,ag2312P5000,ag2312P5000,92.0,0.0,0.0,0.0,1,91.5,94.5,1,101.0,89.5,92.0,89.5,2.0,2722.5,152
2023-05-10 21:09:43,ag2312P5000,ag2312P5000,92.0,0.0,0.0,0.0,1,91.5,94.0,1,101.0,89.5,92.0,89.5,2.0,2722.5,152
2023-05-10 21:09:54,ag2312P5000,ag2312P5000,92.0,0.0,0.0,0.0,1,91.5,94.5,1,101.0,89.5,92.0,89.5,2.0,2722.5,152
2023-05-10 21:09:58,ag2312P5000,ag2312P5000,92.0,0.0,0.0,0.0,1,91.5,105.0,1,101.0,89.5,92.0,89.5,2.0,2722.5,152
2023-05-10 21:09:59,ag2312P5000,ag2312P5000,92.0,0.0,0.0,0.0,1,91.5,95.0,1,101.0,89.5,92.0,89.5,2.0,2722.5,152
2023-05-10 21:10:01,ag2312P5000,ag2312P5000,92.0,0.0,0.0,0.0,1,92.0,95.0,1,101.0,89.5,92.0,89.5,2.0,2722.5,152
2023-05-10 21:10:09,ag2312P5000,ag2312P5000,92.0,0.0,0.0,0.0,1,92.0,94.5,1,101.0,89.5,92.0,89.5,2.0,2722.5,152
2023-05-10 21:10:15,ag2312P5000,ag2312P5000,92.0,0.0,0.0,0.0,1,92.0,94.5,1,101.0,89.5,92.0,89.5,2.0,2722.5,152
2023-05-10 21:10:21,ag2312P5000,ag2312P5000,92.0,0.0,0.0,0.0,1,91.5,94.0,1,101.0,89.5,92.0,89.5,2.0,2722.5,152
2023-05-10 21:11:04,ag2312P5000,ag2312P5000,92.0,0.0,0.0,0.0,1,78.5,94.0,1,101.0,89.5,92.0,89.5,2.0,2722.5,152
2023-05-10 21:11:04,ag2312P5000,ag2312P5000,92.0,0.0,0.0,0.0,4,79.0,94.0,1,101.0,89.5,92.0,89.5,2.0,2722.5,152
2023-05-10 21:11:05,ag2312P5000,ag2312P5000,92.0,0.0,0.0,0.0,1,91.0,94.0,1,101.0,89.5,92.0,89.5,2.0,2722.5,152
2023-05-10 21:11:05,ag2312P5000,ag2312P5000,92.0,0.0,0.0,0.0,1,91.0,94.0,1,101.0,89.5,92.0,89.5,2.0,2722.5,152
2023-05-10 21:11:07,ag2312P5000,ag2312P5000,92.0,0.0,0.0,0.0,1,91.0,93.5,1,101.0,89.5,92.0,89.5,2.0,2722.5,152
2023-05-10 21:11:46,ag2312P5000,ag2312P5000,92.0,0.0,0.0,0.0,1,91.0,94.0,1,101.0,89.5,92.0,89.5,2.0,2722.5,152
2023-05-10 21:11:49,ag2312P5000,ag2312P5000,92.0,0.0,0.0,0.0,1,91.5,94.0,1,101.0,89.5,92.0,89.5,2.0,2722.5,152
2023-05-10 21:14:06,ag2312P5000,ag2312P5000,92.0,0.0,0.0,0.0,1,91.5,94.5,1,101.0,89.5,92.0,89.5,2.0,2722.5,152
2023-05-10 21:14:12,ag2312P5000,ag2312P5000,92.0,0.0,0.0,0.0,1,91.5,94.5,1,101.0,89.5,92.0,89.5,2.0,2722.5,152
2023-05-10 21:14:46,ag2312P5000,ag2312P5000,92.0,0.0,0.0,0.0,1,92.0,94.5,1,101.0,89.5,92.0,89.5,2.0,2722.5,152
2023-05-10 21:14:55,ag2312P5000,ag2312P5000,92.0,0.0,0.0,0.0,1,92.0,105.0,1,101.0,89.5,92.0,89.5,2.0,2722.5,152
2023-05-10 21:14:56,ag2312P5000,ag2312P5000,92.0,0.0,0.0,0.0,1,92.0,95.0,1,101.0,89.5,92.0,89.5,2.0,2722.5,152
2023-05-10 21:15:16,ag2312P5000,ag2312P5000,92.0,0.0,0.0,0.0,1,92.0,94.5,1,101.0,89.5,92.0,89.5,2.0,2722.5,152
2023-05-10 21:15:18,ag2312P5000,ag2312P5000,92.0,0.0,0.0,0.0,1,92.5,94.5,1,101.0,89.5,92.0,89.5,2.0,2722.5,152
2023-05-10 21:15:40,ag2312P5000,ag2312P5000,92.0,0.0,0.0,0.0,1,92.5,95.0,1,101.0,89.5,92.0,89.5,2.0,2722.5,152
2023-05-10 21:15:50,ag2312P5000,ag2312P5000,92.0,0.0,0.0,0.0,1,93.0,95.0,1,101.0,89.5,92.0,89.5,2.0,2722.5,152
2023-05-10 21:15:51,ag2312P5000,ag2312P5000,92.0,0.0,0.0,0.0,1,93.0,105.0,1,101.0,89.5,92.0,89.5,2.0,2722.5,152
2023-05-10 21:15:53,ag2312P5000,ag2312P5000,92.0,0.0,0.0,0.0,1,93.0,95.5,1,101.0,89.5,92.0,89.5,2.0,2722.5,152
2023-05-10 21:16:07,ag2312P5000,ag2312P5000,92.0,0.0,0.0,0.0,1,93.0,95.0,1,101.0,89.5,92.0,89.5,2.0,2722.5,152
2023-05-10 21:16:12,ag2312P5000,ag2312P5000,92.0,0.0,0.0,0.0,1,92.5,95.0,1,101.0,89.5,92.0,89.5,2.0,2722.5,152
2023-05-10 21:16:19,ag2312P5000,ag2312P5000,92.0,0.0,0.0,0.0,1,93.0,95.0,1,101.0,89.5,92.0,89.5,2.0,2722.5,152
2023-05-10 21:16:38,ag2312P5000,ag2312P5000,92.0,0.0,0.0,0.0,1,93.0,95.0,1,101.0,89.5,92.0,89.5,2.0,2722.5,152
2023-05-10 21:17:12,ag2312P5000,ag2312P5000,92.0,0.0,0.0,0.0,1,93.0,95.5,1,101.0,89.5,92.0,89.5,2.0,2722.5,152
2023-05-10 21:17:17,ag2312P5000,ag2312P5000,92.0,0.0,0.0,0.0,1,93.5,95.5,1,101.0,89.5,92.0,89.5,2.0,2722.5,152
2023-05-10 21:17:23,ag2312P5000,ag2312P5000,92.0,0.0,0.0,0.0,1,93.5,105.0,1,101.0,89.5,92.0,89.5,2.0,2722.5,152
2023-05-10 21:17:24,ag2312P5000,ag2312P5000,92.0,0.0,0.0,0.0,1,93.5,96.0,1,101.0,89.5,92.0,89.5,2.0,2722.5,152
2023-05-10 21:17:33,ag2312P5000,ag2312P5000,92.0,0.0,0.0,0.0,1,93.5,95.5,1,101.0,89.5,92.0,89.5,2.0,2722.5,152
2023-05-10 21:17:48,ag2312P5000,ag2312P5000,92.0,0.0,0.0,0.0,1,93.0,95.5,1,101.0,89.5,92.0,89.5,2.0,2722.5,152
2023-05-10 21:18:20,ag2312P5000,ag2312P5000,92.0,0.0,0.0,0.0,1,93.0,95.0,1,101.0,89.5,92.0,89.5,2.0,2722.5,152
2023-05-10 21:18:42,ag2312P5000,ag2312P5000,92.0,0.0,0.0,0.0,1,92.5,95.0,1,101.0,89.5,92.0,89.5,2.0,2722.5,152
2023-05-10 21:18:46,ag2312P5000,ag2312P5000,92.0,0.0,0.0,0.0,1,92.5,95.0,1,101.0,89.5,92.0,89.5,2.0,2722.5,152
2023-05-10 21:18:50,ag2312P5000,ag2312P5000,92.0,0.0,0.0,0.0,1,92.5,94.5,1,101.0,89.5,92.0,89.5,2.0,2722.5,152
2023-05-10 21:19:19,ag2312P5000,ag2312P5000,92.0,0.0,0.0,0.0,1,92.0,94.5,1,101.0,89.5,92.0,89.5,2.0,2722.5,152
2023-05-10 21:20:41,ag2312P5000,ag2312P5000,92.0,0.0,0.0,0.0,1,92.0,94.0,1,101.0,89.5,92.0,89.5,2.0,2722.5,152
2023-05-10 21:20:49,ag2312P5000,ag2312P5000,92.0,0.0,0.0,0.0,1,91.5,94.0,1,101.0,89.5,92.0,89.5,2.0,2722.5,152
2023-05-10 21:21:13,ag2312P5000,ag2312P5000,92.0,0.0,0.0,0.0,1,84.5,94.0,1,101.0,89.5,92.0,89.5,2.0,2722.5,152
2023-05-10 21:21:15,ag2312P5000,ag2312P5000,92.0,0.0,0.0,0.0,1,91.0,94.0,1,101.0,89.5,92.0,89.5,2.0,2722.5,152
2023-05-10 21:21:18,ag2312P5000,ag2312P5000,92.0,0.0,0.0,0.0,1,91.0,93.5,1,101.0,89.5,92.0,89.5,2.0,2722.5,152
2023-05-10 21:21:27,ag2312P5000,ag2312P5000,92.0,0.0,0.0,0.0,1,91.0,93.5,1,101.0,89.5,92.0,89.5,2.0,2722.5,152
2023-05-10 21:21:33,ag2312P5000,ag2312P5000,92.0,0.0,0.0,0.0,1,91.5,93.5,1,101.0,89.5,92.0,89.5,2.0,2722.5,152
2023-05-10 21:22:06,ag2312P5000,ag2312P5000,92.0,0.0,0.0,0.0,1,91.5,94.0,1,101.0,89.5,92.0,89.5,2.0,2722.5,152
2023-05-10 21:22:20,ag2312P5000,ag2312P5000,92.0,0.0,0.0,0.0,1,92.0,94.0,1,101.0,89.5,92.0,89.5,2.0,2722.5,152
2023-05-10 21:22:21,ag2312P5000,ag2312P5000,92.0,0.0,0.0,0.0,1,92.0,94.5,1,101.0,89.5,92.0,89.5,2.0,2722.5,152
2023-05-10 21:22:32,ag2312P5000,ag2312P5000,92.0,0.0,0.0,0.0,1,92.0,94.0,1,101.0,89.5,92.0,89.5,2.0,2722.5,152
2023-05-10 21:22:54,ag2312P5000,ag2312P5000,92.0,0.0,0.0,0.0,1,92.0,94.5,1,101.0,89.5,92.0,89.5,2.0,2722.5,152
2023-05-10 21:23:06,ag2312P5000,ag2312P5000,92.0,0.0,0.0,0.0,1,92.5,94.5,1,101.0,89.5,92.0,89.5,2.0,2722.5,152
2023-05-10 21:23:11,ag2312P5000,ag2312P5000,92.0,0.0,0.0,0.0,1,92.5,95.0,1,101.0,89.5,92.0,89.5,2.0,2722.5,152
2023-05-10 21:23:47,ag2312P5000,ag2312P5000,92.0,0.0,0.0,0.0,1,92.5,94.5,1,101.0,89.5,92.0,89.5,2.0,2722.5,152
2023-05-10 21:24:12,ag2312P5000,ag2312P5000,92.0,0.0,0.0,0.0,1,92.5,95.0,1,101.0,89.5,92.0,89.5,2.0,2722.5,152
2023-05-10 21:24:34,ag2312P5000,ag2312P5000,92.0,0.0,0.0,0.0,1,92.5,94.5,1,101.0,89.5,92.0,89.5,2.0,2722.5,152
2023-05-10 21:25:03,ag2312P5000,ag2312P5000,92.0,0.0,0.0,0.0,1,92.5,95.0,1,101.0,89.5,92.0,89.5,2.0,2722.5,152
2023-05-10 21:26:55,ag2312P5000,ag2312P5000,92.0,0.0,0.0,0.0,1,93.0,95.0,1,101.0,89.5,92.0,89.5,2.0,2722.5,152
2023-05-10 21:26:56,ag2312P5000,ag2312P5000,92.0,0.0,0.0,0.0,1,93.0,105.0,1,101.0,89.5,92.0,89.5,2.0,2722.5,152
2023-05-10 21:26:57,ag2312P5000,ag2312P5000,92.0,0.0,0.0,0.0,1,93.0,95.5,1,101.0,89.5,92.0,89.5,2.0,2722.5,152
2023-05-10 21:30:14,ag2312P5000,ag2312P5000,92.0,0.0,0.0,0.0,1,93.5,95.5,1,101.0,89.5,92.0,89.5,2.0,2722.5,152
2023-05-10 21:30:25,ag2312P5000,ag2312P5000,92.0,0.0,0.0,0.0,1,93.5,105.0,1,101.0,89.5,92.0,89.5,2.0,2722.5,152
2023-05-10 21:30:28,ag2312P5000,ag2312P5000,92.0,0.0,0.0,0.0,1,93.5,96.0,1,101.0,89.5,92.0,89.5,2.0,2722.5,152
2023-05-10 21:30:53,ag2312P5000,ag2312P5000,92.0,0.0,0.0,0.0,1,93.5,95.5,1,101.0,89.5,92.0,89.5,2.0,2722.5,152
2023-05-10 21:30:59,ag2312P5000,ag2312P5000,92.0,0.0,0.0,0.0,1,93.0,95.5,1,101.0,89.5,92.0,89.5,2.0,2722.5,152
2023-05-10 21:31:35,ag2312P5000,ag2312P5000,92.0,0.0,0.0,0.0,1,93.5,95.5,1,101.0,89.5,92.0,89.5,2.0,2722.5,152
2023-05-10 21:31:50,ag2312P5000,ag2312P5000,92.0,0.0,0.0,0.0,1,93.5,96.0,1,101.0,89.5,92.0,89.5,2.0,2722.5,152
2023-05-10 21:32:09,ag2312P5000,ag2312P5000,92.0,0.0,0.0,0.0,1,94.0,96.0,1,101.0,89.5,92.0,89.5,2.0,2722.5,152
2023-05-10 21:32:17,ag2312P5000,ag2312P5000,92.0,0.0,0.0,0.0,1,93.5,96.0,1,101.0,89.5,92.0,89.5,2.0,2722.5,152
2023-05-10 21:32:43,ag2312P5000,ag2312P5000,92.0,0.0,0.0,0.0,1,94.0,96.0,1,101.0,89.5,92.0,89.5,2.0,2722.5,152
2023-05-10 21:32:43,ag2312P5000,ag2312P5000,92.0,0.0,0.0,0.0,1,94.0,105.0,1,101.0,89.5,92.0,89.5,2.0,2722.5,152
2023-05-10 21:32:45,ag2312P5000,ag2312P5000,92.0,0.0,0.0,0.0,1,94.0,96.5,1,101.0,89.5,92.0,89.5,2.0,2722.5,152
2023-05-10 21:32:50,ag2312P5000,ag2312P5000,92.0,0.0,0.0,0.0,1,94.0,96.0,1,101.0,89.5,92.0,89.5,2.0,2722.5,152
2023-05-10 21:33:01,ag2312P5000,ag2312P5000,92.0,0.0,0.0,0.0,1,94.0,96.5,1,101.0,89.5,92.0,89.5,2.0,2722.5,152
2023-05-10 21:33:07,ag2312P5000,ag2312P5000,92.0,0.0,0.0,0.0,1,94.0,96.0,1,101.0,89.5,92.0,89.5,2.0,2722.5,152
2023-05-10 21:33:20,ag2312P5000,ag2312P5000,92.0,0.0,0.0,0.0,1,93.5,96.0,1,101.0,89.5,92.0,89.5,2.0,2722.5,152
2023-05-10 21:33:33,ag2312P5000,ag2312P5000,92.0,0.0,0.0,0.0,1,93.5,95.5,1,101.0,89.5,92.0,89.5,2.0,2722.5,152
2023-05-10 21:34:27,ag2312P5000,ag2312P5000,92.0,0.0,0.0,0.0,1,93.0,95.5,1,101.0,89.5,92.0,89.5,2.0,2722.5,152
2023-05-10 21:34:52,ag2312P5000,ag2312P5000,92.0,0.0,0.0,0.0,1,93.5,95.5,1,101.0,89.5,92.0,89.5,2.0,2722.5,152
2023-05-10 21:34:54,ag2312P5000,ag2312P5000,92.0,0.0,0.0,0.0,1,93.5,96.0,1,101.0,89.5,92.0,89.5,2.0,2722.5,152
2023-05-10 21:35:02,ag2312P5000,ag2312P5000,92.0,0.0,0.0,0.0,1,94.0,96.0,1,101.0,89.5,92.0,89.5,2.0,2722.5,152
2023-05-10 21:35:16,ag2312P5000,ag2312P5000,92.0,0.0,0.0,0.0,1,93.5,96.0,1,101.0,89.5,92.0,89.5,2.0,2722.5,152
2023-05-10 21:35:26,ag2312P5000,ag2312P5000,92.0,0.0,0.0,0.0,1,93.5,95.5,1,101.0,89.5,92.0,89.5,2.0,2722.5,152
2023-05-10 21:35:48,ag2312P5000,ag2312P5000,92.0,0.0,0.0,0.0,1,93.0,95.5,1,101.0,89.5,92.0,89.5,2.0,2722.5,152
2023-05-10 21:36:08,ag2312P5000,ag2312P5000,92.0,0.0,0.0,0.0,1,93.0,95.0,1,101.0,89.5,92.0,89.5,2.0,2722.5,152
2023-05-10 21:36:13,ag2312P5000,ag2312P5000,92.0,0.0,0.0,0.0,1,92.5,95.0,1,101.0,89.5,92.0,89.5,2.0,2722.5,152
2023-05-10 21:36:24,ag2312P5000,ag2312P5000,92.0,0.0,0.0,0.0,1,93.0,95.0,1,101.0,89.5,92.0,89.5,2.0,2722.5,152
2023-05-10 21:36:44,ag2312P5000,ag2312P5000,92.0,0.0,0.0,0.0,1,92.5,95.0,1,101.0,89.5,92.0,89.5,2.0,2722.5,152
2023-05-10 21:36:57,ag2312P5000,ag2312P5000,92.0,0.0,0.0,0.0,1,84.5,94.5,1,101.0,89.5,92.0,89.5,2.0,2722.5,152
2023-05-10 21:36:58,ag2312P5000,ag2312P5000,92.0,0.0,0.0,0.0,1,92.0,94.5,1,101.0,89.5,92.0,89.5,2.0,2722.5,152
2023-05-10 21:37:30,ag2312P5000,ag2312P5000,92.0,0.0,0.0,0.0,1,92.0,94.0,1,101.0,89.5,92.0,89.5,2.0,2722.5,152
2023-05-10 21:37:43,ag2312P5000,ag2312P5000,92.0,0.0,0.0,0.0,1,92.0,94.5,1,101.0,89.5,92.0,89.5,2.0,2722.5,152
2023-05-10 21:38:15,ag2312P5000,ag2312P5000,92.0,0.0,0.0,0.0,1,92.5,94.5,1,101.0,89.5,92.0,89.5,2.0,2722.5,152
2023-05-10 21:38:58,ag2312P5000,ag2312P5000,92.0,0.0,0.0,0.0,1,92.5,105.0,1,101.0,89.5,92.0,89.5,2.0,2722.5,152
2023-05-10 21:39:00,ag2312P5000,ag2312P5000,92.0,0.0,0.0,0.0,1,92.5,95.0,1,101.0,89.5,92.0,89.5,2.0,2722.5,152
2023-05-10 21:39:43,ag2312P5000,ag2312P5000,92.0,0.0,0.0,0.0,1,93.0,95.0,1,101.0,89.5,92.0,89.5,2.0,2722.5,152
2023-05-10 21:39:59,ag2312P5000,ag2312P5000,92.0,0.0,0.0,0.0,1,93.0,105.0,1,101.0,89.5,92.0,89.5,2.0,2722.5,152
2023-05-10 21:40:00,ag2312P5000,ag2312P5000,92.0,0.0,0.0,0.0,1,93.0,95.5,1,101.0,89.5,92.0,89.5,2.0,2722.5,152
2023-05-10 21:40:08,ag2312P5000,ag2312P5000,92.0,0.0,0.0,0.0,1,93.5,95.5,1,101.0,89.5,92.0,89.5,2.0,2722.5,152
2023-05-10 21:40:32,ag2312P5000,ag2312P5000,92.0,0.0,0.0,0.0,1,93.0,95.5,1,101.0,89.5,92.0,89.5,2.0,2722.5,152
2023-05-10 21:40:39,ag2312P5000,ag2312P5000,92.0,0.0,0.0,0.0,1,93.0,95.0,1,101.0,89.5,92.0,89.5,2.0,2722.5,152
2023-05-10 21:40:44,ag2312P5000,ag2312P5000,92.0,0.0,0.0,0.0,1,84.5,95.0,1,101.0,89.5,92.0,89.5,2.0,2722.5,152
2023-05-10 21:40:44,ag2312P5000,ag2312P5000,92.0,0.0,0.0,0.0,1,92.5,95.0,1,101.0,89.5,92.0,89.5,2.0,2722.5,152
2023-05-10 21:41:13,ag2312P5000,ag2312P5000,92.0,0.0,0.0,0.0,1,93.0,95.0,1,101.0,89.5,92.0,89.5,2.0,2722.5,152
2023-05-10 21:41:52,ag2312P5000,ag2312P5000,92.0,0.0,0.0,0.0,1,93.0,95.5,1,101.0,89.5,92.0,89.5,2.0,2722.5,152
2023-05-10 21:42:05,ag2312P5000,ag2312P5000,92.0,0.0,0.0,0.0,1,93.5,105.0,1,101.0,89.5,92.0,89.5,2.0,2722.5,152
2023-05-10 21:42:07,ag2312P5000,ag2312P5000,92.0,0.0,0.0,0.0,1,93.5,96.5,1,101.0,89.5,92.0,89.5,2.0,2722.5,152
2023-05-10 21:42:07,ag2312P5000,ag2312P5000,92.0,0.0,0.0,0.0,1,94.0,96.5,1,101.0,89.5,92.0,89.5,2.0,2722.5,152
2023-05-10 21:42:12,ag2312P5000,ag2312P5000,92.0,0.0,0.0,0.0,1,94.5,96.5,1,101.0,89.5,92.0,89.5,2.0,2722.5,152
2023-05-10 21:42:14,ag2312P5000,ag2312P5000,92.0,0.0,0.0,0.0,1,94.5,105.0,1,101.0,89.5,92.0,89.5,2.0,2722.5,152
2023-05-10 21:42:16,ag2312P5000,ag2312P5000,92.0,0.0,0.0,0.0,1,94.5,97.0,1,101.0,89.5,92.0,89.5,2.0,2722.5,152
2023-05-10 21:42:23,ag2312P5000,ag2312P5000,92.0,0.0,0.0,0.0,1,94.5,96.5,1,101.0,89.5,92.0,89.5,2.0,2722.5,152
2023-05-10 21:42:27,ag2312P5000,ag2312P5000,92.0,0.0,0.0,0.0,1,94.0,96.5,1,101.0,89.5,92.0,89.5,2.0,2722.5,152
2023-05-10 21:42:44,ag2312P5000,ag2312P5000,92.0,0.0,0.0,0.0,1,94.5,96.5,1,101.0,89.5,92.0,89.5,2.0,2722.5,152
2023-05-10 21:42:54,ag2312P5000,ag2312P5000,92.0,0.0,0.0,0.0,1,94.0,96.5,1,101.0,89.5,92.0,89.5,2.0,2722.5,152
2023-05-10 21:43:04,ag2312P5000,ag2312P5000,92.0,0.0,0.0,0.0,1,94.5,96.5,1,101.0,89.5,92.0,89.5,2.0,2722.5,152
2023-05-10 21:43:22,ag2312P5000,ag2312P5000,92.0,0.0,0.0,0.0,1,94.0,96.5,1,101.0,89.5,92.0,89.5,2.0,2722.5,152
2023-05-10 21:43:53,ag2312P5000,ag2312P5000,92.0,0.0,0.0,0.0,1,94.0,96.0,1,101.0,89.5,92.0,89.5,2.0,2722.5,152
2023-05-10 21:44:00,ag2312P5000,ag2312P5000,92.0,0.0,0.0,0.0,1,84.5,96.0,1,101.0,89.5,92.0,89.5,2.0,2722.5,152
2023-05-10 21:44:01,ag2312P5000,ag2312P5000,92.0,0.0,0.0,0.0,1,93.5,96.0,1,101.0,89.5,92.0,89.5,2.0,2722.5,152
2023-05-10 21:44:01,ag2312P5000,ag2312P5000,92.0,0.0,0.0,0.0,1,93.5,96.0,1,101.0,89.5,92.0,89.5,2.0,2722.5,152
2023-05-10 21:45:14,ag2312P5000,ag2312P5000,92.0,0.0,0.0,0.0,1,93.5,95.5,1,101.0,89.5,92.0,89.5,2.0,2722.5,152
2023-05-10 21:45:15,ag2312P5000,ag2312P5000,92.0,0.0,0.0,0.0,1,84.5,95.5,1,101.0,89.5,92.0,89.5,2.0,2722.5,152
2023-05-10 21:45:18,ag2312P5000,ag2312P5000,92.0,0.0,0.0,0.0,1,93.0,95.5,1,101.0,89.5,92.0,89.5,2.0,2722.5,152
2023-05-10 21:46:08,ag2312P5000,ag2312P5000,92.0,0.0,0.0,0.0,1,93.5,95.5,1,101.0,89.5,92.0,89.5,2.0,2722.5,152
2023-05-10 21:46:11,ag2312P5000,ag2312P5000,92.0,0.0,0.0,0.0,1,93.0,95.5,1,101.0,89.5,92.0,89.5,2.0,2722.5,152
2023-05-10 21:46:31,ag2312P5000,ag2312P5000,92.0,0.0,0.0,0.0,1,93.0,95.0,1,101.0,89.5,92.0,89.5,2.0,2722.5,152
2023-05-10 21:46:32,ag2312P5000,ag2312P5000,92.0,0.0,0.0,0.0,1,84.5,95.0,1,101.0,89.5,92.0,89.5,2.0,2722.5,152
2023-05-10 21:46:35,ag2312P5000,ag2312P5000,92.0,0.0,0.0,0.0,1,92.5,95.0,1,101.0,89.5,92.0,89.5,2.0,2722.5,152
2023-05-10 21:46:39,ag2312P5000,ag2312P5000,92.0,0.0,0.0,0.0,1,92.5,94.5,1,101.0,89.5,92.0,89.5,2.0,2722.5,152
2023-05-10 21:46:46,ag2312P5000,ag2312P5000,92.0,0.0,0.0,0.0,1,84.5,94.5,1,101.0,89.5,92.0,89.5,2.0,2722.5,152
2023-05-10 21:46:47,ag2312P5000,ag2312P5000,92.0,0.0,0.0,0.0,1,92.0,94.5,1,101.0,89.5,92.0,89.5,2.0,2722.5,152
2023-05-10 21:47:18,ag2312P5000,ag2312P5000,92.0,0.0,0.0,0.0,1,92.0,94.0,1,101.0,89.5,92.0,89.5,2.0,2722.5,152
2023-05-10 21:48:13,ag2312P5000,ag2312P5000,92.0,0.0,0.0,0.0,1,91.5,94.0,1,101.0,89.5,92.0,89.5,2.0,2722.5,152
2023-05-10 21:48:25,ag2312P5000,ag2312P5000,92.0,0.0,0.0,0.0,1,91.5,93.5,1,101.0,89.5,92.0,89.5,2.0,2722.5,152
2023-05-10 21:48:46,ag2312P5000,ag2312P5000,92.0,0.0,0.0,0.0,1,91.5,94.0,1,101.0,89.5,92.0,89.5,2.0,2722.5,152
2023-05-10 21:49:11,ag2312P5000,ag2312P5000,92.0,0.0,0.0,0.0,1,92.0,94.0,1,101.0,89.5,92.0,89.5,2.0,2722.5,152
2023-05-10 21:49:21,ag2312P5000,ag2312P5000,92.0,0.0,0.0,0.0,1,92.0,94.5,1,101.0,89.5,92.0,89.5,2.0,2722.5,152
2023-05-10 21:49:48,ag2312P5000,ag2312P5000,92.0,0.0,0.0,0.0,1,92.5,94.5,1,101.0,89.5,92.0,89.5,2.0,2722.5,152
2023-05-10 21:50:08,ag2312P5000,ag2312P5000,92.0,0.0,0.0,0.0,1,92.5,105.0,1,101.0,89.5,92.0,89.5,2.0,2722.5,152
2023-05-10 21:50:08,ag2312P5000,ag2312P5000,92.0,0.0,0.0,0.0,1,92.5,95.0,1,101.0,89.5,92.0,89.5,2.0,2722.5,152
2023-05-10 21:50:38,ag2312P5000,ag2312P5000,92.0,0.0,0.0,0.0,1,92.5,94.5,1,101.0,89.5,92.0,89.5,2.0,2722.5,152
2023-05-10 21:50:59,ag2312P5000,ag2312P5000,92.0,0.0,0.0,0.0,1,92.0,94.5,1,101.0,89.5,92.0,89.5,2.0,2722.5,152
2023-05-10 21:51:16,ag2312P5000,ag2312P5000,92.0,0.0,0.0,0.0,1,92.5,94.5,1,101.0,89.5,92.0,89.5,2.0,2722.5,152
2023-05-10 21:51:50,ag2312P5000,ag2312P5000,92.0,0.0,0.0,0.0,1,92.5,95.0,1,101.0,89.5,92.0,89.5,2.0,2722.5,152
2023-05-10 21:52:51,ag2312P5000,ag2312P5000,92.0,0.0,0.0,0.0,1,93.0,95.0,1,101.0,89.5,92.0,89.5,2.0,2722.5,152
2023-05-10 21:53:03,ag2312P5000,ag2312P5000,92.0,0.0,0.0,0.0,1,93.0,95.5,1,101.0,89.5,92.0,89.5,2.0,2722.5,152
2023-05-10 21:53:24,ag2312P5000,ag2312P5000,92.0,0.0,0.0,0.0,1,93.0,95.0,1,101.0,89.5,92.0,89.5,2.0,2722.5,152
2023-05-10 21:53:37,ag2312P5000,ag2312P5000,92.0,0.0,0.0,0.0,1,92.5,95.0,1,101.0,89.5,92.0,89.5,2.0,2722.5,152
2023-05-10 21:54:12,ag2312P5000,ag2312P5000,92.0,0.0,0.0,0.0,1,93.0,95.0,1,101.0,89.5,92.0,89.5,2.0,2722.5,152
2023-05-10 21:55:11,ag2312P5000,ag2312P5000,92.0,0.0,0.0,0.0,1,93.0,95.5,1,101.0,89.5,92.0,89.5,2.0,2722.5,152
2023-05-10 21:56:22,ag2312P5000,ag2312P5000,92.0,0.0,0.0,0.0,1,93.0,95.0,1,101.0,89.5,92.0,89.5,2.0,2722.5,152
2023-05-10 21:57:29,ag2312P5000,ag2312P5000,92.0,0.0,0.0,0.0,1,93.0,95.5,1,101.0,89.5,92.0,89.5,2.0,2722.5,152
2023-05-10 21:58:48,ag2312P5000,ag2312P5000,92.0,0.0,0.0,0.0,1,93.5,95.5,1,101.0,89.5,92.0,89.5,2.0,2722.5,152
2023-05-10 21:59:21,ag2312P5000,ag2312P5000,92.0,0.0,0.0,0.0,1,93.5,105.0,1,101.0,89.5,92.0,89.5,2.0,2722.5,152
2023-05-10 21:59:23,ag2312P5000,ag2312P5000,92.0,0.0,0.0,0.0,1,93.5,96.5,1,101.0,89.5,92.0,89.5,2.0,2722.5,152
2023-05-10 21:59:25,ag2312P5000,ag2312P5000,92.0,0.0,0.0,0.0,1,93.5,96.0,1,101.0,89.5,92.0,89.5,2.0,2722.5,152
2023-05-10 22:00:02,ag2312P5000,ag2312P5000,92.0,0.0,0.0,0.0,1,94.0,96.0,1,101.0,89.5,92.0,89.5,2.0,2722.5,152
2023-05-10 22:00:03,ag2312P5000,ag2312P5000,92.0,0.0,0.0,0.0,1,94.0,96.5,1,101.0,89.5,92.0,89.5,2.0,2722.5,152
2023-05-10 22:00:24,ag2312P5000,ag2312P5000,92.0,0.0,0.0,0.0,1,94.5,96.5,1,101.0,89.5,92.0,89.5,2.0,2722.5,152
2023-05-10 22:00:25,ag2312P5000,ag2312P5000,92.0,0.0,0.0,0.0,1,94.5,105.0,1,101.0,89.5,92.0,89.5,2.0,2722.5,152
2023-05-10 22:00:27,ag2312P5000,ag2312P5000,92.0,0.0,0.0,0.0,1,94.5,97.0,1,101.0,89.5,92.0,89.5,2.0,2722.5,152
2023-05-10 22:00:51,ag2312P5000,ag2312P5000,92.0,0.0,0.0,0.0,1,95.0,97.0,1,101.0,89.5,92.0,89.5,2.0,2722.5,152
2023-05-10 22:01:14,ag2312P5000,ag2312P5000,92.0,0.0,0.0,0.0,1,94.5,97.0,1,101.0,89.5,92.0,89.5,2.0,2722.5,152
2023-05-10 22:03:29,ag2312P5000,ag2312P5000,92.0,0.0,0.0,0.0,1,94.5,96.5,1,101.0,89.5,92.0,89.5,2.0,2722.5,152
2023-05-10 22:04:04,ag2312P5000,ag2312P5000,92.0,0.0,0.0,0.0,1,84.5,96.5,1,101.0,89.5,92.0,89.5,2.0,2722.5,152
2023-05-10 22:04:05,ag2312P5000,ag2312P5000,92.0,0.0,0.0,0.0,1,94.0,96.5,1,101.0,89.5,92.0,89.5,2.0,2722.5,152
2023-05-10 22:04:05,ag2312P5000,ag2312P5000,92.0,0.0,0.0,0.0,1,94.0,96.5,1,101.0,89.5,92.0,89.5,2.0,2722.5,152
2023-05-10 22:04:08,ag2312P5000,ag2312P5000,92.0,0.0,0.0,0.0,1,94.5,96.5,1,101.0,89.5,92.0,89.5,2.0,2722.5,152
2023-05-10 22:04:10,ag2312P5000,ag2312P5000,92.0,0.0,0.0,0.0,1,94.5,97.0,1,101.0,89.5,92.0,89.5,2.0,2722.5,152
2023-05-10 22:04:13,ag2312P5000,ag2312P5000,97.0,1.0,1455.0,0.0,1,94.5,97.5,1,101.0,89.5,97.0,89.5,3.0,4177.5,152
2023-05-10 22:04:13,ag2312P5000,ag2312P5000,97.5,1.0,1462.5,0.0,1,95.0,98.0,1,101.0,89.5,97.5,89.5,4.0,5640.0,152
2023-05-10 22:04:14,ag2312P5000,ag2312P5000,98.0,1.0,1470.0,0.0,1,95.0,97.5,1,101.0,89.5,98.0,89.5,5.0,7110.0,152
2023-05-10 22:04:14,ag2312P5000,ag2312P5000,97.5,1.0,1462.5,0.0,1,95.0,98.0,6,101.0,89.5,98.0,89.5,6.0,8572.5,152
2023-05-10 22:04:15,ag2312P5000,ag2312P5000,98.0,6.0,8820.0,0.0,6,98.0,98.5,1,101.0,89.5,98.0,89.5,12.0,17392.5,152
2023-05-10 22:04:15,ag2312P5000,ag2312P5000,98.0,0.0,0.0,0.0,6,98.0,98.5,1,101.0,89.5,98.0,89.5,12.0,17392.5,152
2023-05-10 22:04:16,ag2312P5000,ag2312P5000,98.0,0.0,0.0,0.0,6,98.0,98.5,1,101.0,89.5,98.0,89.5,12.0,17392.5,152
2023-05-10 22:04:17,ag2312P5000,ag2312P5000,98.0,6.0,8820.0,0.0,1,97.5,98.5,1,101.0,89.5,98.0,89.5,18.0,26212.5,152
2023-05-10 22:04:19,ag2312P5000,ag2312P5000,98.0,0.0,0.0,0.0,1,97.5,98.5,1,101.0,89.5,98.0,89.5,18.0,26212.5,152
2023-05-10 22:05:27,ag2312P5000,ag2312P5000,98.0,0.0,0.0,0.0,1,97.5,98.0,1,101.0,89.5,98.0,89.5,18.0,26212.5,152
2023-05-10 22:05:43,ag2312P5000,ag2312P5000,97.5,1.0,1462.5,0.0,1,96.0,98.0,1,101.0,89.5,98.0,89.5,19.0,27675.0,152
2023-05-10 22:06:04,ag2312P5000,ag2312P5000,97.5,0.0,0.0,0.0,1,95.5,98.0,1,101.0,89.5,98.0,89.5,19.0,27675.0,152
2023-05-10 22:06:16,ag2312P5000,ag2312P5000,97.5,0.0,0.0,0.0,1,95.5,97.5,1,101.0,89.5,98.0,89.5,19.0,27675.0,152
2023-05-10 22:06:28,ag2312P5000,ag2312P5000,97.5,0.0,0.0,0.0,1,95.5,98.0,1,101.0,89.5,98.0,89.5,19.0,27675.0,152
2023-05-10 22:07:28,ag2312P5000,ag2312P5000,97.5,0.0,0.0,0.0,1,96.0,98.0,1,101.0,89.5,98.0,89.5,19.0,27675.0,152
2023-05-10 22:07:55,ag2312P5000,ag2312P5000,97.5,0.0,0.0,0.0,1,95.5,98.0,1,101.0,89.5,98.0,89.5,19.0,27675.0,152
2023-05-10 22:08:06,ag2312P5000,ag2312P5000,97.5,0.0,0.0,0.0,1,95.5,97.5,1,101.0,89.5,98.0,89.5,19.0,27675.0,152
2023-05-10 22:09:01,ag2312P5000,ag2312P5000,97.5,0.0,0.0,0.0,1,95.5,98.0,1,101.0,89.5,98.0,89.5,19.0,27675.0,152
2023-05-10 22:10:01,ag2312P5000,ag2312P5000,97.5,0.0,0.0,0.0,1,95.5,105.0,1,101.0,89.5,98.0,89.5,19.0,27675.0,152
2023-05-10 22:10:03,ag2312P5000,ag2312P5000,97.5,0.0,0.0,0.0,1,96.0,98.5,1,101.0,89.5,98.0,89.5,19.0,27675.0,152
2023-05-10 22:12:07,ag2312P5000,ag2312P5000,97.5,0.0,0.0,0.0,1,96.5,98.5,1,101.0,89.5,98.0,89.5,19.0,27675.0,152
2023-05-10 22:13:04,ag2312P5000,ag2312P5000,97.5,0.0,0.0,0.0,1,96.5,99.0,1,101.0,89.5,98.0,89.5,19.0,27675.0,152
2023-05-10 22:13:30,ag2312P5000,ag2312P5000,97.5,0.0,0.0,0.0,1,96.5,98.5,1,101.0,89.5,98.0,89.5,19.0,27675.0,152
2023-05-10 22:13:47,ag2312P5000,ag2312P5000,97.5,0.0,0.0,0.0,1,96.0,98.5,1,101.0,89.5,98.0,89.5,19.0,27675.0,152
2023-05-10 22:15:02,ag2312P5000,ag2312P5000,97.5,0.0,0.0,0.0,1,96.5,98.5,1,101.0,89.5,98.0,89.5,19.0,27675.0,152
2023-05-10 22:16:00,ag2312P5000,ag2312P5000,97.5,0.0,0.0,0.0,1,96.5,99.0,1,101.0,89.5,98.0,89.5,19.0,27675.0,152
2023-05-10 22:16:55,ag2312P5000,ag2312P5000,97.5,0.0,0.0,0.0,1,96.5,98.5,1,101.0,89.5,98.0,89.5,19.0,27675.0,152
2023-05-10 22:17:18,ag2312P5000,ag2312P5000,97.5,0.0,0.0,0.0,1,96.0,98.5,1,101.0,89.5,98.0,89.5,19.0,27675.0,152
2023-05-10 22:17:28,ag2312P5000,ag2312P5000,97.5,0.0,0.0,0.0,1,96.0,98.0,1,101.0,89.5,98.0,89.5,19.0,27675.0,152
2023-05-10 22:18:57,ag2312P5000,ag2312P5000,97.5,0.0,0.0,0.0,1,96.0,98.5,1,101.0,89.5,98.0,89.5,19.0,27675.0,152
2023-05-10 22:20:06,ag2312P5000,ag2312P5000,97.5,0.0,0.0,0.0,1,96.0,98.0,1,101.0,89.5,98.0,89.5,19.0,27675.0,152
2023-05-10 22:20:53,ag2312P5000,ag2312P5000,97.5,0.0,0.0,0.0,1,96.0,98.5,1,101.0,89.5,98.0,89.5,19.0,27675.0,152
2023-05-10 22:21:20,ag2312P5000,ag2312P5000,97.5,0.0,0.0,0.0,1,96.5,98.5,1,101.0,89.5,98.0,89.5,19.0,27675.0,152
2023-05-10 22:21:31,ag2312P5000,ag2312P5000,97.5,0.0,0.0,0.0,1,96.0,98.5,1,101.0,89.5,98.0,89.5,19.0,27675.0,152
2023-05-10 22:22:18,ag2312P5000,ag2312P5000,97.5,0.0,0.0,0.0,1,96.5,98.5,1,101.0,89.5,98.0,89.5,19.0,27675.0,152
2023-05-10 22:22:22,ag2312P5000,ag2312P5000,97.5,0.0,0.0,0.0,1,96.5,105.0,1,101.0,89.5,98.0,89.5,19.0,27675.0,152
2023-05-10 22:22:23,ag2312P5000,ag2312P5000,97.5,0.0,0.0,0.0,1,96.5,99.0,1,101.0,89.5,98.0,89.5,19.0,27675.0,152
2023-05-10 22:25:45,ag2312P5000,ag2312P5000,97.5,0.0,0.0,0.0,1,97.0,99.0,1,101.0,89.5,98.0,89.5,19.0,27675.0,152
2023-05-10 22:25:46,ag2312P5000,ag2312P5000,97.5,0.0,0.0,0.0,1,97.0,99.5,1,101.0,89.5,98.0,89.5,19.0,27675.0,152
2023-05-10 22:26:06,ag2312P5000,ag2312P5000,97.5,0.0,0.0,0.0,1,97.5,99.5,1,101.0,89.5,98.0,89.5,19.0,27675.0,152
2023-05-10 22:26:08,ag2312P5000,ag2312P5000,97.5,0.0,0.0,0.0,1,97.5,100.0,1,101.0,89.5,98.0,89.5,19.0,27675.0,152
2023-05-10 22:27:33,ag2312P5000,ag2312P5000,97.5,0.0,0.0,0.0,1,98.0,100.0,1,101.0,89.5,98.0,89.5,19.0,27675.0,152
2023-05-10 22:27:41,ag2312P5000,ag2312P5000,97.5,0.0,0.0,0.0,1,98.0,100.5,1,101.0,89.5,98.0,89.5,19.0,27675.0,152
2023-05-10 22:27:51,ag2312P5000,ag2312P5000,97.5,0.0,0.0,0.0,1,98.0,100.0,1,101.0,89.5,98.0,89.5,19.0,27675.0,152
2023-05-10 22:28:03,ag2312P5000,ag2312P5000,97.5,0.0,0.0,0.0,1,98.0,100.5,1,101.0,89.5,98.0,89.5,19.0,27675.0,152
2023-05-10 22:28:28,ag2312P5000,ag2312P5000,97.5,0.0,0.0,0.0,1,98.0,100.0,1,101.0,89.5,98.0,89.5,19.0,27675.0,152
2023-05-10 22:28:59,ag2312P5000,ag2312P5000,97.5,0.0,0.0,0.0,1,98.0,100.5,1,101.0,89.5,98.0,89.5,19.0,27675.0,152
2023-05-10 22:29:18,ag2312P5000,ag2312P5000,97.5,0.0,0.0,0.0,1,98.0,100.0,1,101.0,89.5,98.0,89.5,19.0,27675.0,152
2023-05-10 22:29:20,ag2312P5000,ag2312P5000,97.5,0.0,0.0,0.0,1,97.5,100.0,1,101.0,89.5,98.0,89.5,19.0,27675.0,152
2023-05-10 22:29:59,ag2312P5000,ag2312P5000,97.5,0.0,0.0,0.0,1,98.0,100.0,1,101.0,89.5,98.0,89.5,19.0,27675.0,152
2023-05-10 22:30:02,ag2312P5000,ag2312P5000,97.5,0.0,0.0,0.0,1,98.0,100.5,1,101.0,89.5,98.0,89.5,19.0,27675.0,152
2023-05-10 22:30:27,ag2312P5000,ag2312P5000,97.5,0.0,0.0,0.0,1,98.5,100.5,1,101.0,89.5,98.0,89.5,19.0,27675.0,152
2023-05-10 22:30:38,ag2312P5000,ag2312P5000,97.5,0.0,0.0,0.0,1,98.5,101.0,1,101.0,89.5,98.0,89.5,19.0,27675.0,152
2023-05-10 22:30:49,ag2312P5000,ag2312P5000,97.5,0.0,0.0,0.0,1,98.5,100.5,1,101.0,89.5,98.0,89.5,19.0,27675.0,152
2023-05-10 22:31:02,ag2312P5000,ag2312P5000,97.5,0.0,0.0,0.0,1,98.0,100.5,1,101.0,89.5,98.0,89.5,19.0,27675.0,152
2023-05-10 22:31:16,ag2312P5000,ag2312P5000,97.5,0.0,0.0,0.0,1,98.5,100.5,1,101.0,89.5,98.0,89.5,19.0,27675.0,152
2023-05-10 22:31:36,ag2312P5000,ag2312P5000,97.5,0.0,0.0,0.0,1,98.0,100.5,1,101.0,89.5,98.0,89.5,19.0,27675.0,152
2023-05-10 22:31:51,ag2312P5000,ag2312P5000,97.5,0.0,0.0,0.0,1,98.5,100.5,1,101.0,89.5,98.0,89.5,19.0,27675.0,152
2023-05-10 22:31:52,ag2312P5000,ag2312P5000,97.5,0.0,0.0,0.0,1,98.5,101.0,1,101.0,89.5,98.0,89.5,19.0,27675.0,152
2023-05-10 22:32:01,ag2312P5000,ag2312P5000,97.5,0.0,0.0,0.0,1,99.0,101.0,1,101.0,89.5,98.0,89.5,19.0,27675.0,152
2023-05-10 22:32:24,ag2312P5000,ag2312P5000,97.5,0.0,0.0,0.0,1,99.0,101.5,1,101.0,89.5,98.0,89.5,19.0,27675.0,152
2023-05-10 22:32:29,ag2312P5000,ag2312P5000,97.5,0.0,0.0,0.0,1,99.5,101.5,1,101.0,89.5,98.0,89.5,19.0,27675.0,152
2023-05-10 22:33:06,ag2312P5000,ag2312P5000,97.5,0.0,0.0,0.0,1,99.5,105.0,1,101.0,89.5,98.0,89.5,19.0,27675.0,152
2023-05-10 22:33:07,ag2312P5000,ag2312P5000,97.5,0.0,0.0,0.0,1,99.5,102.0,1,101.0,89.5,98.0,89.5,19.0,27675.0,152
2023-05-10 22:33:15,ag2312P5000,ag2312P5000,97.5,0.0,0.0,0.0,1,100.0,102.0,1,101.0,89.5,98.0,89.5,19.0,27675.0,152
2023-05-10 22:33:54,ag2312P5000,ag2312P5000,97.5,0.0,0.0,0.0,1,100.0,105.0,1,101.0,89.5,98.0,89.5,19.0,27675.0,152
2023-05-10 22:33:55,ag2312P5000,ag2312P5000,97.5,0.0,0.0,0.0,1,100.0,102.5,1,101.0,89.5,98.0,89.5,19.0,27675.0,152
2023-05-10 22:34:16,ag2312P5000,ag2312P5000,97.5,0.0,0.0,0.0,1,100.5,102.5,1,101.0,89.5,98.0,89.5,19.0,27675.0,152
2023-05-10 22:34:18,ag2312P5000,ag2312P5000,97.5,0.0,0.0,0.0,1,100.0,102.5,1,101.0,89.5,98.0,89.5,19.0,27675.0,152
2023-05-10 22:34:22,ag2312P5000,ag2312P5000,97.5,0.0,0.0,0.0,1,100.0,102.0,1,101.0,89.5,98.0,89.5,19.0,27675.0,152
2023-05-10 22:34:28,ag2312P5000,ag2312P5000,97.5,0.0,0.0,0.0,1,100.0,102.5,1,101.0,89.5,98.0,89.5,19.0,27675.0,152
2023-05-10 22:34:42,ag2312P5000,ag2312P5000,97.5,0.0,0.0,0.0,1,100.0,102.0,1,101.0,89.5,98.0,89.5,19.0,27675.0,152
2023-05-10 22:34:44,ag2312P5000,ag2312P5000,97.5,0.0,0.0,0.0,1,90.0,102.0,1,101.0,89.5,98.0,89.5,19.0,27675.0,152
2023-05-10 22:34:45,ag2312P5000,ag2312P5000,97.5,0.0,0.0,0.0,1,99.5,102.0,1,101.0,89.5,98.0,89.5,19.0,27675.0,152
2023-05-10 22:35:14,ag2312P5000,ag2312P5000,97.5,0.0,0.0,0.0,1,99.5,101.5,1,101.0,89.5,98.0,89.5,19.0,27675.0,152
2023-05-10 22:35:46,ag2312P5000,ag2312P5000,97.5,0.0,0.0,0.0,1,99.5,102.0,1,101.0,89.5,98.0,89.5,19.0,27675.0,152
2023-05-10 22:36:16,ag2312P5000,ag2312P5000,97.5,0.0,0.0,0.0,1,99.5,101.5,1,101.0,89.5,98.0,89.5,19.0,27675.0,152
2023-05-10 22:36:29,ag2312P5000,ag2312P5000,97.5,0.0,0.0,0.0,1,99.5,102.0,1,101.0,89.5,98.0,89.5,19.0,27675.0,152
2023-05-10 22:36:45,ag2312P5000,ag2312P5000,97.5,0.0,0.0,0.0,1,99.5,101.5,1,101.0,89.5,98.0,89.5,19.0,27675.0,152
2023-05-10 22:37:05,ag2312P5000,ag2312P5000,97.5,0.0,0.0,0.0,1,90.0,101.5,1,101.0,89.5,98.0,89.5,19.0,27675.0,152
2023-05-10 22:37:06,ag2312P5000,ag2312P5000,97.5,0.0,0.0,0.0,1,99.0,101.5,1,101.0,89.5,98.0,89.5,19.0,27675.0,152
2023-05-10 22:38:01,ag2312P5000,ag2312P5000,97.5,0.0,0.0,0.0,1,99.5,101.5,1,101.0,89.5,98.0,89.5,19.0,27675.0,152
2023-05-10 22:38:36,ag2312P5000,ag2312P5000,97.5,0.0,0.0,0.0,1,99.5,102.0,1,101.0,89.5,98.0,89.5,19.0,27675.0,152
2023-05-10 22:38:36,ag2312P5000,ag2312P5000,97.5,0.0,0.0,0.0,1,99.5,105.0,1,101.0,89.5,98.0,89.5,19.0,27675.0,152
2023-05-10 22:38:39,ag2312P5000,ag2312P5000,97.5,0.0,0.0,0.0,1,100.0,102.5,1,101.0,89.5,98.0,89.5,19.0,27675.0,152
2023-05-10 22:38:52,ag2312P5000,ag2312P5000,97.5,0.0,0.0,0.0,1,100.5,102.5,1,101.0,89.5,98.0,89.5,19.0,27675.0,152
2023-05-10 22:39:16,ag2312P5000,ag2312P5000,97.5,0.0,0.0,0.0,1,100.0,102.5,1,101.0,89.5,98.0,89.5,19.0,27675.0,152
2023-05-10 22:39:20,ag2312P5000,ag2312P5000,97.5,0.0,0.0,0.0,1,90.0,102.5,1,101.0,89.5,98.0,89.5,19.0,27675.0,152
2023-05-10 22:39:24,ag2312P5000,ag2312P5000,97.5,0.0,0.0,0.0,1,90.0,102.0,1,101.0,89.5,98.0,89.5,19.0,27675.0,152
2023-05-10 22:39:25,ag2312P5000,ag2312P5000,97.5,0.0,0.0,0.0,1,99.5,102.0,1,101.0,89.5,98.0,89.5,19.0,27675.0,152
2023-05-10 22:39:35,ag2312P5000,ag2312P5000,97.5,0.0,0.0,0.0,1,99.5,101.5,1,101.0,89.5,98.0,89.5,19.0,27675.0,152
2023-05-10 22:40:12,ag2312P5000,ag2312P5000,97.5,0.0,0.0,0.0,1,99.0,101.5,1,101.0,89.5,98.0,89.5,19.0,27675.0,152
2023-05-10 22:41:00,ag2312P5000,ag2312P5000,97.5,0.0,0.0,0.0,1,99.5,101.5,1,101.0,89.5,98.0,89.5,19.0,27675.0,152
2023-05-10 22:41:02,ag2312P5000,ag2312P5000,97.5,0.0,0.0,0.0,1,99.5,102.0,1,101.0,89.5,98.0,89.5,19.0,27675.0,152
2023-05-10 22:41:37,ag2312P5000,ag2312P5000,97.5,0.0,0.0,0.0,1,100.0,102.0,1,101.0,89.5,98.0,89.5,19.0,27675.0,152
2023-05-10 22:41:44,ag2312P5000,ag2312P5000,97.5,0.0,0.0,0.0,1,100.0,102.5,1,101.0,89.5,98.0,89.5,19.0,27675.0,152
2023-05-10 22:42:10,ag2312P5000,ag2312P5000,97.5,0.0,0.0,0.0,1,100.0,105.0,1,101.0,89.5,98.0,89.5,19.0,27675.0,152
2023-05-10 22:42:11,ag2312P5000,ag2312P5000,97.5,0.0,0.0,0.0,1,100.5,105.0,1,101.0,89.5,98.0,89.5,19.0,27675.0,152
2023-05-10 22:42:11,ag2312P5000,ag2312P5000,97.5,0.0,0.0,0.0,1,100.5,103.0,1,101.0,89.5,98.0,89.5,19.0,27675.0,152
2023-05-10 22:42:40,ag2312P5000,ag2312P5000,97.5,0.0,0.0,0.0,1,100.5,102.5,1,101.0,89.5,98.0,89.5,19.0,27675.0,152
2023-05-10 22:43:46,ag2312P5000,ag2312P5000,97.5,0.0,0.0,0.0,1,100.5,103.0,1,101.0,89.5,98.0,89.5,19.0,27675.0,152
2023-05-10 22:44:00,ag2312P5000,ag2312P5000,97.5,0.0,0.0,0.0,1,100.5,103.0,1,101.0,89.5,98.0,89.5,19.0,27675.0,152
2023-05-10 22:44:00,ag2312P5000,ag2312P5000,97.5,0.0,0.0,0.0,1,100.5,105.0,1,101.0,89.5,98.0,89.5,19.0,27675.0,152
2023-05-10 22:44:01,ag2312P5000,ag2312P5000,97.5,0.0,0.0,0.0,1,101.0,103.5,1,101.0,89.5,98.0,89.5,19.0,27675.0,152
2023-05-10 22:44:48,ag2312P5000,ag2312P5000,97.5,0.0,0.0,0.0,1,101.0,103.5,1,101.0,89.5,98.0,89.5,19.0,27675.0,152
2023-05-10 22:45:05,ag2312P5000,ag2312P5000,97.5,0.0,0.0,0.0,1,101.5,103.5,1,101.0,89.5,98.0,89.5,19.0,27675.0,152
2023-05-10 22:45:23,ag2312P5000,ag2312P5000,97.5,0.0,0.0,0.0,1,101.5,105.0,1,101.0,89.5,98.0,89.5,19.0,27675.0,152
2023-05-10 22:45:24,ag2312P5000,ag2312P5000,97.5,0.0,0.0,0.0,1,101.5,104.0,1,101.0,89.5,98.0,89.5,19.0,27675.0,152
2023-05-10 22:45:41,ag2312P5000,ag2312P5000,97.5,0.0,0.0,0.0,1,101.5,103.5,1,101.0,89.5,98.0,89.5,19.0,27675.0,152
2023-05-10 22:45:44,ag2312P5000,ag2312P5000,97.5,0.0,0.0,0.0,1,101.0,103.5,1,101.0,89.5,98.0,89.5,19.0,27675.0,152
2023-05-10 22:46:06,ag2312P5000,ag2312P5000,97.5,0.0,0.0,0.0,1,101.0,103.0,1,101.0,89.5,98.0,89.5,19.0,27675.0,152
2023-05-10 22:46:08,ag2312P5000,ag2312P5000,97.5,0.0,0.0,0.0,1,90.0,103.0,1,101.0,89.5,98.0,89.5,19.0,27675.0,152
2023-05-10 22:46:10,ag2312P5000,ag2312P5000,97.5,0.0,0.0,0.0,1,100.5,103.0,1,101.0,89.5,98.0,89.5,19.0,27675.0,152
2023-05-10 22:46:26,ag2312P5000,ag2312P5000,97.5,0.0,0.0,0.0,1,100.5,102.5,1,101.0,89.5,98.0,89.5,19.0,27675.0,152
2023-05-10 22:46:41,ag2312P5000,ag2312P5000,97.5,0.0,0.0,0.0,1,100.5,103.0,1,101.0,89.5,98.0,89.5,19.0,27675.0,152
2023-05-10 22:47:10,ag2312P5000,ag2312P5000,97.5,0.0,0.0,0.0,1,101.0,103.0,1,101.0,89.5,98.0,89.5,19.0,27675.0,152
2023-05-10 22:48:02,ag2312P5000,ag2312P5000,97.5,0.0,0.0,0.0,1,101.0,103.5,1,101.0,89.5,98.0,89.5,19.0,27675.0,152
2023-05-10 22:48:12,ag2312P5000,ag2312P5000,97.5,0.0,0.0,0.0,1,101.0,103.5,1,101.0,89.5,98.0,89.5,19.0,27675.0,152
2023-05-10 22:48:19,ag2312P5000,ag2312P5000,97.5,0.0,0.0,0.0,1,101.5,103.5,1,101.0,89.5,98.0,89.5,19.0,27675.0,152
2023-05-10 22:48:22,ag2312P5000,ag2312P5000,97.5,0.0,0.0,0.0,1,101.5,104.0,1,101.0,89.5,98.0,89.5,19.0,27675.0,152
2023-05-10 22:48:41,ag2312P5000,ag2312P5000,97.5,0.0,0.0,0.0,1,101.5,103.5,1,101.0,89.5,98.0,89.5,19.0,27675.0,152
2023-05-10 22:48:48,ag2312P5000,ag2312P5000,97.5,0.0,0.0,0.0,1,101.0,103.5,1,101.0,89.5,98.0,89.5,19.0,27675.0,152
2023-05-10 22:49:05,ag2312P5000,ag2312P5000,97.5,0.0,0.0,0.0,1,101.5,103.5,1,101.0,89.5,98.0,89.5,19.0,27675.0,152
2023-05-10 22:49:35,ag2312P5000,ag2312P5000,97.5,0.0,0.0,0.0,1,101.5,104.0,1,101.0,89.5,98.0,89.5,19.0,27675.0,152
2023-05-10 22:50:16,ag2312P5000,ag2312P5000,97.5,0.0,0.0,0.0,1,101.5,104.0,1,101.0,89.5,98.0,89.5,19.0,27675.0,152
2023-05-10 22:52:00,ag2312P5000,ag2312P5000,97.5,0.0,0.0,0.0,1,102.0,104.0,1,101.0,89.5,98.0,89.5,19.0,27675.0,152
2023-05-10 22:52:18,ag2312P5000,ag2312P5000,97.5,0.0,0.0,0.0,1,102.0,105.0,1,101.0,89.5,98.0,89.5,19.0,27675.0,152
2023-05-10 22:52:19,ag2312P5000,ag2312P5000,97.5,0.0,0.0,0.0,1,102.0,104.5,1,101.0,89.5,98.0,89.5,19.0,27675.0,152
2023-05-10 22:52:26,ag2312P5000,ag2312P5000,97.5,0.0,0.0,0.0,1,102.0,104.0,1,101.0,89.5,98.0,89.5,19.0,27675.0,152
2023-05-10 22:52:33,ag2312P5000,ag2312P5000,97.5,0.0,0.0,0.0,1,102.0,104.0,1,101.0,89.5,98.0,89.5,19.0,27675.0,152
2023-05-10 22:52:55,ag2312P5000,ag2312P5000,97.5,0.0,0.0,0.0,1,102.0,104.5,1,101.0,89.5,98.0,89.5,19.0,27675.0,152
2023-05-10 22:53:07,ag2312P5000,ag2312P5000,97.5,0.0,0.0,0.0,1,102.0,104.5,1,101.0,89.5,98.0,89.5,19.0,27675.0,152
2023-05-10 22:54:02,ag2312P5000,ag2312P5000,97.5,0.0,0.0,0.0,1,102.5,104.5,1,101.0,89.5,98.0,89.5,19.0,27675.0,152
2023-05-10 22:54:02,ag2312P5000,ag2312P5000,97.5,0.0,0.0,0.0,1,102.5,110.5,1,101.0,89.5,98.0,89.5,19.0,27675.0,152
2023-05-10 22:54:04,ag2312P5000,ag2312P5000,97.5,0.0,0.0,0.0,1,102.5,105.0,1,101.0,89.5,98.0,89.5,19.0,27675.0,152
2023-05-10 22:55:09,ag2312P5000,ag2312P5000,97.5,0.0,0.0,0.0,1,102.5,104.5,1,101.0,89.5,98.0,89.5,19.0,27675.0,152
2023-05-10 22:55:24,ag2312P5000,ag2312P5000,97.5,0.0,0.0,0.0,1,102.5,104.5,1,101.0,89.5,98.0,89.5,19.0,27675.0,152
2023-05-10 22:55:25,ag2312P5000,ag2312P5000,97.5,0.0,0.0,0.0,1,102.5,104.5,1,101.0,89.5,98.0,89.5,19.0,27675.0,152
2023-05-10 22:56:59,ag2312P5000,ag2312P5000,97.5,0.0,0.0,0.0,1,102.0,104.5,1,101.0,89.5,98.0,89.5,19.0,27675.0,152
2023-05-10 22:58:03,ag2312P5000,ag2312P5000,97.5,0.0,0.0,0.0,1,102.5,104.5,1,101.0,89.5,98.0,89.5,19.0,27675.0,152
2023-05-10 22:58:14,ag2312P5000,ag2312P5000,97.5,0.0,0.0,0.0,1,102.5,105.0,1,101.0,89.5,98.0,89.5,19.0,27675.0,152
2023-05-10 22:58:34,ag2312P5000,ag2312P5000,97.5,0.0,0.0,0.0,1,103.0,105.0,1,101.0,89.5,98.0,89.5,19.0,27675.0,152
2023-05-10 22:58:57,ag2312P5000,ag2312P5000,97.5,0.0,0.0,0.0,1,102.5,105.0,1,101.0,89.5,98.0,89.5,19.0,27675.0,152
2023-05-10 22:59:06,ag2312P5000,ag2312P5000,97.5,0.0,0.0,0.0,1,103.0,105.0,1,101.0,89.5,98.0,89.5,19.0,27675.0,152
2023-05-10 22:59:27,ag2312P5000,ag2312P5000,97.5,0.0,0.0,0.0,1,103.0,110.5,1,101.0,89.5,98.0,89.5,19.0,27675.0,152
2023-05-10 22:59:28,ag2312P5000,ag2312P5000,97.5,0.0,0.0,0.0,1,103.0,105.5,1,101.0,89.5,98.0,89.5,19.0,27675.0,152
2023-05-10 22:59:49,ag2312P5000,ag2312P5000,97.5,0.0,0.0,0.0,1,103.0,105.0,1,101.0,89.5,98.0,89.5,19.0,27675.0,152
2023-05-10 23:00:16,ag2312P5000,ag2312P5000,97.5,0.0,0.0,0.0,1,103.0,105.5,1,101.0,89.5,98.0,89.5,19.0,27675.0,152
2023-05-10 23:00:33,ag2312P5000,ag2312P5000,97.5,0.0,0.0,0.0,1,103.0,105.5,1,101.0,89.5,98.0,89.5,19.0,27675.0,152
2023-05-10 23:00:34,ag2312P5000,ag2312P5000,97.5,0.0,0.0,0.0,1,103.5,105.5,1,101.0,89.5,98.0,89.5,19.0,27675.0,152
2023-05-10 23:00:38,ag2312P5000,ag2312P5000,97.5,0.0,0.0,0.0,1,103.5,106.0,1,101.0,89.5,98.0,89.5,19.0,27675.0,152
2023-05-10 23:00:49,ag2312P5000,ag2312P5000,97.5,0.0,0.0,0.0,1,103.5,110.5,1,101.0,89.5,98.0,89.5,19.0,27675.0,152
2023-05-10 23:00:51,ag2312P5000,ag2312P5000,97.5,0.0,0.0,0.0,1,103.5,106.5,1,101.0,89.5,98.0,89.5,19.0,27675.0,152
2023-05-10 23:00:52,ag2312P5000,ag2312P5000,97.5,0.0,0.0,0.0,1,104.0,106.5,1,101.0,89.5,98.0,89.5,19.0,27675.0,152
2023-05-10 23:00:56,ag2312P5000,ag2312P5000,97.5,0.0,0.0,0.0,1,104.0,106.0,1,101.0,89.5,98.0,89.5,19.0,27675.0,152
2023-05-10 23:01:05,ag2312P5000,ag2312P5000,97.5,0.0,0.0,0.0,1,104.0,106.5,1,101.0,89.5,98.0,89.5,19.0,27675.0,152
2023-05-10 23:01:22,ag2312P5000,ag2312P5000,97.5,0.0,0.0,0.0,1,100.0,110.5,1,101.0,89.5,98.0,89.5,19.0,27675.0,152
2023-05-10 23:13:41,ag2312P5000,ag2312P5000,97.5,0.0,0.0,0.0,1,100.0,0.0,0,101.0,89.5,98.0,89.5,19.0,27675.0,152
2023-05-10 23:13:53,ag2312P5000,ag2312P5000,97.5,0.0,0.0,0.0,1,103.0,636.0,1,101.0,89.5,98.0,89.5,19.0,27675.0,152
2023-05-10 23:13:53,ag2312P5000,ag2312P5000,97.5,0.0,0.0,0.0,1,103.0,635.5,3,101.0,89.5,98.0,89.5,19.0,27675.0,152
2023-05-10 23:13:54,ag2312P5000,ag2312P5000,97.5,0.0,0.0,0.0,1,103.0,106.0,1,101.0,89.5,98.0,89.5,19.0,27675.0,152
2023-05-10 23:13:54,ag2312P5000,ag2312P5000,97.5,0.0,0.0,0.0,1,103.0,106.0,1,101.0,89.5,98.0,89.5,19.0,27675.0,152
2023-05-10 23:14:07,ag2312P5000,ag2312P5000,97.5,0.0,0.0,0.0,1,103.0,106.0,1,101.0,89.5,98.0,89.5,19.0,27675.0,152
2023-05-10 23:14:18,ag2312P5000,ag2312P5000,97.5,0.0,0.0,0.0,1,103.0,105.5,1,101.0,89.5,98.0,89.5,19.0,27675.0,152
2023-05-10 23:14:18,ag2312P5000,ag2312P5000,97.5,0.0,0.0,0.0,1,100.0,105.5,1,101.0,89.5,98.0,89.5,19.0,27675.0,152
2023-05-10 23:14:20,ag2312P5000,ag2312P5000,97.5,0.0,0.0,0.0,1,102.5,105.5,1,101.0,89.5,98.0,89.5,19.0,27675.0,152
2023-05-10 23:14:28,ag2312P5000,ag2312P5000,97.5,0.0,0.0,0.0,1,100.0,105.5,1,101.0,89.5,98.0,89.5,19.0,27675.0,152
2023-05-10 23:14:29,ag2312P5000,ag2312P5000,97.5,0.0,0.0,0.0,1,100.0,105.0,1,101.0,89.5,98.0,89.5,19.0,27675.0,152
2023-05-10 23:15:27,ag2312P5000,ag2312P5000,97.5,0.0,0.0,0.0,1,102.0,105.0,1,101.0,89.5,98.0,89.5,19.0,27675.0,152
2023-05-10 23:15:34,ag2312P5000,ag2312P5000,97.5,0.0,0.0,0.0,1,102.0,104.5,1,101.0,89.5,98.0,89.5,19.0,27675.0,152
2023-05-10 23:15:39,ag2312P5000,ag2312P5000,97.5,0.0,0.0,0.0,1,101.5,104.5,1,101.0,89.5,98.0,89.5,19.0,27675.0,152
2023-05-10 23:15:58,ag2312P5000,ag2312P5000,97.5,0.0,0.0,0.0,1,101.5,104.0,1,101.0,89.5,98.0,89.5,19.0,27675.0,152
2023-05-10 23:16:16,ag2312P5000,ag2312P5000,97.5,0.0,0.0,0.0,1,101.5,104.5,1,101.0,89.5,98.0,89.5,19.0,27675.0,152
2023-05-10 23:16:48,ag2312P5000,ag2312P5000,97.5,0.0,0.0,0.0,1,101.5,104.0,1,101.0,89.5,98.0,89.5,19.0,27675.0,152
2023-05-10 23:17:11,ag2312P5000,ag2312P5000,97.5,0.0,0.0,0.0,1,100.0,104.0,1,101.0,89.5,98.0,89.5,19.0,27675.0,152
2023-05-10 23:17:21,ag2312P5000,ag2312P5000,97.5,0.0,0.0,0.0,1,101.0,104.0,1,101.0,89.5,98.0,89.5,19.0,27675.0,152
2023-05-10 23:17:36,ag2312P5000,ag2312P5000,97.5,0.0,0.0,0.0,1,102.0,104.0,1,101.0,89.5,98.0,89.5,19.0,27675.0,152
2023-05-10 23:17:49,ag2312P5000,ag2312P5000,97.5,0.0,0.0,0.0,1,101.0,104.0,1,101.0,89.5,98.0,89.5,19.0,27675.0,152
2023-05-10 23:18:09,ag2312P5000,ag2312P5000,97.5,0.0,0.0,0.0,1,101.5,104.0,1,101.0,89.5,98.0,89.5,19.0,27675.0,152
2023-05-10 23:18:19,ag2312P5000,ag2312P5000,97.5,0.0,0.0,0.0,1,101.5,103.5,1,101.0,89.5,98.0,89.5,19.0,27675.0,152
2023-05-10 23:18:21,ag2312P5000,ag2312P5000,97.5,0.0,0.0,0.0,1,101.0,103.5,1,101.0,89.5,98.0,89.5,19.0,27675.0,152
2023-05-10 23:18:53,ag2312P5000,ag2312P5000,97.5,0.0,0.0,0.0,1,101.0,103.0,1,101.0,89.5,98.0,89.5,19.0,27675.0,152
2023-05-10 23:18:57,ag2312P5000,ag2312P5000,97.5,0.0,0.0,0.0,1,100.0,103.0,1,101.0,89.5,98.0,89.5,19.0,27675.0,152
2023-05-10 23:18:58,ag2312P5000,ag2312P5000,97.5,0.0,0.0,0.0,1,100.5,103.0,1,101.0,89.5,98.0,89.5,19.0,27675.0,152
2023-05-10 23:19:24,ag2312P5000,ag2312P5000,97.5,0.0,0.0,0.0,1,101.0,103.0,1,101.0,89.5,98.0,89.5,19.0,27675.0,152
2023-05-10 23:19:41,ag2312P5000,ag2312P5000,97.5,0.0,0.0,0.0,1,101.0,103.5,1,101.0,89.5,98.0,89.5,19.0,27675.0,152
2023-05-10 23:19:52,ag2312P5000,ag2312P5000,97.5,0.0,0.0,0.0,1,101.0,103.0,1,101.0,89.5,98.0,89.5,19.0,27675.0,152
2023-05-10 23:20:22,ag2312P5000,ag2312P5000,97.5,0.0,0.0,0.0,1,100.5,103.0,1,101.0,89.5,98.0,89.5,19.0,27675.0,152
2023-05-10 23:21:21,ag2312P5000,ag2312P5000,97.5,0.0,0.0,0.0,1,101.0,103.0,1,101.0,89.5,98.0,89.5,19.0,27675.0,152
2023-05-10 23:21:45,ag2312P5000,ag2312P5000,97.5,0.0,0.0,0.0,1,100.5,103.0,1,101.0,89.5,98.0,89.5,19.0,27675.0,152
2023-05-10 23:22:11,ag2312P5000,ag2312P5000,97.5,0.0,0.0,0.0,1,100.5,102.5,1,101.0,89.5,98.0,89.5,19.0,27675.0,152
2023-05-10 23:23:03,ag2312P5000,ag2312P5000,97.5,0.0,0.0,0.0,1,100.5,103.0,1,101.0,89.5,98.0,89.5,19.0,27675.0,152
2023-05-10 23:25:27,ag2312P5000,ag2312P5000,97.5,0.0,0.0,0.0,1,100.0,103.0,1,101.0,89.5,98.0,89.5,19.0,27675.0,152
2023-05-10 23:25:54,ag2312P5000,ag2312P5000,97.5,0.0,0.0,0.0,1,100.0,220.0,1,101.0,89.5,98.0,89.5,19.0,27675.0,152
2023-05-10 23:25:55,ag2312P5000,ag2312P5000,97.5,0.0,0.0,0.0,1,100.0,218.5,1,101.0,89.5,98.0,89.5,19.0,27675.0,152
2023-05-10 23:25:55,ag2312P5000,ag2312P5000,97.5,0.0,0.0,0.0,1,100.0,218.5,1,101.0,89.5,98.0,89.5,19.0,27675.0,152
2023-05-10 23:25:56,ag2312P5000,ag2312P5000,97.5,0.0,0.0,0.0,1,100.0,218.0,2,101.0,89.5,98.0,89.5,19.0,27675.0,152
2023-05-10 23:25:56,ag2312P5000,ag2312P5000,97.5,0.0,0.0,0.0,1,100.0,170.0,1,101.0,89.5,98.0,89.5,19.0,27675.0,152
2023-05-10 23:25:57,ag2312P5000,ag2312P5000,97.5,0.0,0.0,0.0,1,100.0,170.0,1,101.0,89.5,98.0,89.5,19.0,27675.0,152
2023-05-10 23:25:57,ag2312P5000,ag2312P5000,97.5,0.0,0.0,0.0,1,100.0,169.5,2,101.0,89.5,98.0,89.5,19.0,27675.0,152
2023-05-10 23:25:58,ag2312P5000,ag2312P5000,97.5,0.0,0.0,0.0,1,100.0,121.5,1,101.0,89.5,98.0,89.5,19.0,27675.0,152
2023-05-10 23:25:59,ag2312P5000,ag2312P5000,97.5,0.0,0.0,0.0,1,100.0,121.5,1,101.0,89.5,98.0,89.5,19.0,27675.0,152
2023-05-10 23:26:28,ag2312P5000,ag2312P5000,97.5,0.0,0.0,0.0,1,100.0,635.5,1,101.0,89.5,98.0,89.5,19.0,27675.0,152
2023-05-10 23:26:29,ag2312P5000,ag2312P5000,97.5,0.0,0.0,0.0,1,100.0,634.0,1,101.0,89.5,98.0,89.5,19.0,27675.0,152
2023-05-10 23:26:29,ag2312P5000,ag2312P5000,97.5,0.0,0.0,0.0,1,100.0,634.0,1,101.0,89.5,98.0,89.5,19.0,27675.0,152
2023-05-10 23:26:30,ag2312P5000,ag2312P5000,97.5,0.0,0.0,0.0,1,100.0,633.5,2,101.0,89.5,98.0,89.5,19.0,27675.0,152
2023-05-10 23:26:30,ag2312P5000,ag2312P5000,97.5,0.0,0.0,0.0,1,100.0,633.5,2,101.0,89.5,98.0,89.5,19.0,27675.0,152
2023-05-10 23:26:31,ag2312P5000,ag2312P5000,97.5,0.0,0.0,0.0,1,100.0,632.0,1,101.0,89.5,98.0,89.5,19.0,27675.0,152
2023-05-10 23:26:31,ag2312P5000,ag2312P5000,97.5,0.0,0.0,0.0,1,100.0,632.0,1,101.0,89.5,98.0,89.5,19.0,27675.0,152
2023-05-10 23:26:32,ag2312P5000,ag2312P5000,97.5,0.0,0.0,0.0,1,100.0,631.5,2,101.0,89.5,98.0,89.5,19.0,27675.0,152
2023-05-10 23:26:32,ag2312P5000,ag2312P5000,97.5,0.0,0.0,0.0,1,100.0,630.0,1,101.0,89.5,98.0,89.5,19.0,27675.0,152
2023-05-10 23:26:33,ag2312P5000,ag2312P5000,97.5,0.0,0.0,0.0,1,100.0,630.0,1,101.0,89.5,98.0,89.5,19.0,27675.0,152
2023-05-10 23:26:33,ag2312P5000,ag2312P5000,97.5,0.0,0.0,0.0,1,100.0,629.5,2,101.0,89.5,98.0,89.5,19.0,27675.0,152
2023-05-10 23:26:34,ag2312P5000,ag2312P5000,97.5,0.0,0.0,0.0,1,100.0,628.0,1,101.0,89.5,98.0,89.5,19.0,27675.0,152
2023-05-10 23:26:34,ag2312P5000,ag2312P5000,97.5,0.0,0.0,0.0,1,100.0,628.0,1,101.0,89.5,98.0,89.5,19.0,27675.0,152
2023-05-10 23:26:35,ag2312P5000,ag2312P5000,97.5,0.0,0.0,0.0,1,100.0,627.5,2,101.0,89.5,98.0,89.5,19.0,27675.0,152
2023-05-10 23:26:35,ag2312P5000,ag2312P5000,97.5,0.0,0.0,0.0,1,100.0,626.0,1,101.0,89.5,98.0,89.5,19.0,27675.0,152
2023-05-10 23:26:36,ag2312P5000,ag2312P5000,97.5,0.0,0.0,0.0,1,100.0,626.0,1,101.0,89.5,98.0,89.5,19.0,27675.0,152
2023-05-10 23:26:36,ag2312P5000,ag2312P5000,97.5,0.0,0.0,0.0,1,100.0,625.5,2,101.0,89.5,98.0,89.5,19.0,27675.0,152
2023-05-10 23:26:37,ag2312P5000,ag2312P5000,97.5,0.0,0.0,0.0,1,100.0,624.0,1,101.0,89.5,98.0,89.5,19.0,27675.0,152
2023-05-10 23:26:37,ag2312P5000,ag2312P5000,97.5,0.0,0.0,0.0,1,100.0,624.0,1,101.0,89.5,98.0,89.5,19.0,27675.0,152
2023-05-10 23:26:38,ag2312P5000,ag2312P5000,97.5,0.0,0.0,0.0,1,100.0,623.5,2,101.0,89.5,98.0,89.5,19.0,27675.0,152
2023-05-10 23:26:38,ag2312P5000,ag2312P5000,97.5,0.0,0.0,0.0,1,100.0,622.0,1,101.0,89.5,98.0,89.5,19.0,27675.0,152
2023-05-10 23:26:39,ag2312P5000,ag2312P5000,97.5,0.0,0.0,0.0,1,100.0,622.0,1,101.0,89.5,98.0,89.5,19.0,27675.0,152
2023-05-10 23:26:39,ag2312P5000,ag2312P5000,97.5,0.0,0.0,0.0,1,100.0,621.5,2,101.0,89.5,98.0,89.5,19.0,27675.0,152
2023-05-10 23:26:40,ag2312P5000,ag2312P5000,97.5,0.0,0.0,0.0,1,100.0,620.0,1,101.0,89.5,98.0,89.5,19.0,27675.0,152
2023-05-10 23:26:40,ag2312P5000,ag2312P5000,97.5,0.0,0.0,0.0,1,100.0,620.0,1,101.0,89.5,98.0,89.5,19.0,27675.0,152
2023-05-10 23:26:41,ag2312P5000,ag2312P5000,97.5,0.0,0.0,0.0,1,100.0,619.5,2,101.0,89.5,98.0,89.5,19.0,27675.0,152
2023-05-10 23:26:41,ag2312P5000,ag2312P5000,97.5,0.0,0.0,0.0,1,100.0,619.5,2,101.0,89.5,98.0,89.5,19.0,27675.0,152
2023-05-10 23:26:42,ag2312P5000,ag2312P5000,97.5,0.0,0.0,0.0,1,100.0,618.0,1,101.0,89.5,98.0,89.5,19.0,27675.0,152
2023-05-10 23:26:42,ag2312P5000,ag2312P5000,97.5,0.0,0.0,0.0,1,100.0,618.0,1,101.0,89.5,98.0,89.5,19.0,27675.0,152
2023-05-10 23:26:43,ag2312P5000,ag2312P5000,97.5,0.0,0.0,0.0,1,100.0,617.5,2,101.0,89.5,98.0,89.5,19.0,27675.0,152
2023-05-10 23:26:43,ag2312P5000,ag2312P5000,97.5,0.0,0.0,0.0,1,100.0,616.0,1,101.0,89.5,98.0,89.5,19.0,27675.0,152
2023-05-10 23:26:44,ag2312P5000,ag2312P5000,97.5,0.0,0.0,0.0,1,100.0,616.0,1,101.0,89.5,98.0,89.5,19.0,27675.0,152
2023-05-10 23:26:44,ag2312P5000,ag2312P5000,97.5,0.0,0.0,0.0,1,100.0,615.5,2,101.0,89.5,98.0,89.5,19.0,27675.0,152
2023-05-10 23:26:45,ag2312P5000,ag2312P5000,97.5,0.0,0.0,0.0,1,100.0,614.0,1,101.0,89.5,98.0,89.5,19.0,27675.0,152
2023-05-10 23:26:45,ag2312P5000,ag2312P5000,97.5,0.0,0.0,0.0,1,100.0,614.0,1,101.0,89.5,98.0,89.5,19.0,27675.0,152
2023-05-10 23:26:46,ag2312P5000,ag2312P5000,97.5,0.0,0.0,0.0,1,100.0,613.5,2,101.0,89.5,98.0,89.5,19.0,27675.0,152
2023-05-10 23:26:46,ag2312P5000,ag2312P5000,97.5,0.0,0.0,0.0,1,100.0,613.5,2,101.0,89.5,98.0,89.5,19.0,27675.0,152
2023-05-10 23:26:47,ag2312P5000,ag2312P5000,97.5,0.0,0.0,0.0,1,100.0,612.0,1,101.0,89.5,98.0,89.5,19.0,27675.0,152
2023-05-10 23:26:47,ag2312P5000,ag2312P5000,97.5,0.0,0.0,0.0,1,100.0,612.0,1,101.0,89.5,98.0,89.5,19.0,27675.0,152
2023-05-10 23:26:48,ag2312P5000,ag2312P5000,97.5,0.0,0.0,0.0,1,100.0,611.5,2,101.0,89.5,98.0,89.5,19.0,27675.0,152
2023-05-10 23:26:48,ag2312P5000,ag2312P5000,97.5,0.0,0.0,0.0,1,100.0,610.0,1,101.0,89.5,98.0,89.5,19.0,27675.0,152
2023-05-10 23:26:49,ag2312P5000,ag2312P5000,97.5,0.0,0.0,0.0,1,100.0,610.0,1,101.0,89.5,98.0,89.5,19.0,27675.0,152
2023-05-10 23:26:49,ag2312P5000,ag2312P5000,97.5,0.0,0.0,0.0,1,100.0,609.5,2,101.0,89.5,98.0,89.5,19.0,27675.0,152
2023-05-10 23:26:50,ag2312P5000,ag2312P5000,97.5,0.0,0.0,0.0,1,100.0,608.0,1,101.0,89.5,98.0,89.5,19.0,27675.0,152
2023-05-10 23:26:50,ag2312P5000,ag2312P5000,97.5,0.0,0.0,0.0,1,100.0,608.0,1,101.0,89.5,98.0,89.5,19.0,27675.0,152
2023-05-10 23:26:51,ag2312P5000,ag2312P5000,97.5,0.0,0.0,0.0,1,100.0,607.5,2,101.0,89.5,98.0,89.5,19.0,27675.0,152
2023-05-10 23:26:51,ag2312P5000,ag2312P5000,97.5,0.0,0.0,0.0,1,100.0,606.0,1,101.0,89.5,98.0,89.5,19.0,27675.0,152
2023-05-10 23:26:52,ag2312P5000,ag2312P5000,97.5,0.0,0.0,0.0,1,100.0,606.0,1,101.0,89.5,98.0,89.5,19.0,27675.0,152
2023-05-10 23:26:52,ag2312P5000,ag2312P5000,97.5,0.0,0.0,0.0,1,100.0,605.5,2,101.0,89.5,98.0,89.5,19.0,27675.0,152
2023-05-10 23:26:53,ag2312P5000,ag2312P5000,97.5,0.0,0.0,0.0,1,100.0,604.0,1,101.0,89.5,98.0,89.5,19.0,27675.0,152
2023-05-10 23:26:53,ag2312P5000,ag2312P5000,97.5,0.0,0.0,0.0,1,100.0,604.0,1,101.0,89.5,98.0,89.5,19.0,27675.0,152
2023-05-10 23:26:54,ag2312P5000,ag2312P5000,97.5,0.0,0.0,0.0,1,100.0,603.5,2,101.0,89.5,98.0,89.5,19.0,27675.0,152
2023-05-10 23:26:54,ag2312P5000,ag2312P5000,97.5,0.0,0.0,0.0,1,100.0,603.5,2,101.0,89.5,98.0,89.5,19.0,27675.0,152
2023-05-10 23:26:55,ag2312P5000,ag2312P5000,97.5,0.0,0.0,0.0,1,100.0,602.0,1,101.0,89.5,98.0,89.5,19.0,27675.0,152
2023-05-10 23:26:55,ag2312P5000,ag2312P5000,97.5,0.0,0.0,0.0,1,100.0,602.0,1,101.0,89.5,98.0,89.5,19.0,27675.0,152
2023-05-10 23:26:56,ag2312P5000,ag2312P5000,97.5,0.0,0.0,0.0,1,100.0,601.5,2,101.0,89.5,98.0,89.5,19.0,27675.0,152
2023-05-10 23:26:56,ag2312P5000,ag2312P5000,97.5,0.0,0.0,0.0,1,100.0,600.0,1,101.0,89.5,98.0,89.5,19.0,27675.0,152
2023-05-10 23:26:57,ag2312P5000,ag2312P5000,97.5,0.0,0.0,0.0,1,100.0,600.0,1,101.0,89.5,98.0,89.5,19.0,27675.0,152
2023-05-10 23:26:57,ag2312P5000,ag2312P5000,97.5,0.0,0.0,0.0,1,100.0,599.5,2,101.0,89.5,98.0,89.5,19.0,27675.0,152
2023-05-10 23:26:58,ag2312P5000,ag2312P5000,97.5,0.0,0.0,0.0,1,100.0,598.0,1,101.0,89.5,98.0,89.5,19.0,27675.0,152
2023-05-10 23:26:58,ag2312P5000,ag2312P5000,97.5,0.0,0.0,0.0,1,100.0,598.0,1,101.0,89.5,98.0,89.5,19.0,27675.0,152
2023-05-10 23:26:59,ag2312P5000,ag2312P5000,97.5,0.0,0.0,0.0,1,100.0,597.5,2,101.0,89.5,98.0,89.5,19.0,27675.0,152
2023-05-10 23:26:59,ag2312P5000,ag2312P5000,97.5,0.0,0.0,0.0,1,100.0,596.0,1,101.0,89.5,98.0,89.5,19.0,27675.0,152
2023-05-10 23:27:00,ag2312P5000,ag2312P5000,97.5,0.0,0.0,0.0,1,100.0,596.0,1,101.0,89.5,98.0,89.5,19.0,27675.0,152
2023-05-10 23:27:00,ag2312P5000,ag2312P5000,97.5,0.0,0.0,0.0,1,100.0,595.5,2,101.0,89.5,98.0,89.5,19.0,27675.0,152
2023-05-10 23:27:01,ag2312P5000,ag2312P5000,97.5,0.0,0.0,0.0,1,100.0,594.0,1,101.0,89.5,98.0,89.5,19.0,27675.0,152
2023-05-10 23:27:01,ag2312P5000,ag2312P5000,97.5,0.0,0.0,0.0,1,100.0,594.0,1,101.0,89.5,98.0,89.5,19.0,27675.0,152
2023-05-10 23:27:02,ag2312P5000,ag2312P5000,97.5,0.0,0.0,0.0,1,100.0,593.5,2,101.0,89.5,98.0,89.5,19.0,27675.0,152
2023-05-10 23:27:02,ag2312P5000,ag2312P5000,97.5,0.0,0.0,0.0,1,100.0,592.0,1,101.0,89.5,98.0,89.5,19.0,27675.0,152
2023-05-10 23:27:03,ag2312P5000,ag2312P5000,97.5,0.0,0.0,0.0,1,100.0,592.0,1,101.0,89.5,98.0,89.5,19.0,27675.0,152
2023-05-10 23:27:03,ag2312P5000,ag2312P5000,97.5,0.0,0.0,0.0,1,100.0,591.5,2,101.0,89.5,98.0,89.5,19.0,27675.0,152
2023-05-10 23:27:04,ag2312P5000,ag2312P5000,97.5,0.0,0.0,0.0,1,100.0,591.5,2,101.0,89.5,98.0,89.5,19.0,27675.0,152
2023-05-10 23:27:04,ag2312P5000,ag2312P5000,97.5,0.0,0.0,0.0,1,100.0,590.0,1,101.0,89.5,98.0,89.5,19.0,27675.0,152
2023-05-10 23:27:05,ag2312P5000,ag2312P5000,97.5,0.0,0.0,0.0,1,100.0,590.0,1,101.0,89.5,98.0,89.5,19.0,27675.0,152
2023-05-10 23:27:05,ag2312P5000,ag2312P5000,97.5,0.0,0.0,0.0,1,100.0,589.5,2,101.0,89.5,98.0,89.5,19.0,27675.0,152
2023-05-10 23:27:06,ag2312P5000,ag2312P5000,97.5,0.0,0.0,0.0,1,100.0,588.0,1,101.0,89.5,98.0,89.5,19.0,27675.0,152
2023-05-10 23:27:06,ag2312P5000,ag2312P5000,97.5,0.0,0.0,0.0,1,100.0,588.0,1,101.0,89.5,98.0,89.5,19.0,27675.0,152
2023-05-10 23:27:07,ag2312P5000,ag2312P5000,97.5,0.0,0.0,0.0,1,100.0,587.5,2,101.0,89.5,98.0,89.5,19.0,27675.0,152
2023-05-10 23:27:07,ag2312P5000,ag2312P5000,97.5,0.0,0.0,0.0,1,100.0,586.0,1,101.0,89.5,98.0,89.5,19.0,27675.0,152
2023-05-10 23:27:08,ag2312P5000,ag2312P5000,97.5,0.0,0.0,0.0,1,100.0,586.0,1,101.0,89.5,98.0,89.5,19.0,27675.0,152
2023-05-10 23:27:08,ag2312P5000,ag2312P5000,97.5,0.0,0.0,0.0,1,100.0,585.5,2,101.0,89.5,98.0,89.5,19.0,27675.0,152
2023-05-10 23:27:09,ag2312P5000,ag2312P5000,97.5,0.0,0.0,0.0,1,100.0,584.0,1,101.0,89.5,98.0,89.5,19.0,27675.0,152
2023-05-10 23:27:09,ag2312P5000,ag2312P5000,97.5,0.0,0.0,0.0,1,100.0,103.0,1,101.0,89.5,98.0,89.5,19.0,27675.0,152
2023-05-10 23:27:10,ag2312P5000,ag2312P5000,97.5,0.0,0.0,0.0,1,100.0,103.0,1,101.0,89.5,98.0,89.5,19.0,27675.0,152
2023-05-10 23:27:17,ag2312P5000,ag2312P5000,97.5,0.0,0.0,0.0,1,100.0,103.0,1,101.0,89.5,98.0,89.5,19.0,27675.0,152
2023-05-10 23:29:08,ag2312P5000,ag2312P5000,97.5,0.0,0.0,0.0,2,100.0,103.0,1,101.0,89.5,98.0,89.5,19.0,27675.0,152
2023-05-10 23:31:36,ag2312P5000,ag2312P5000,97.5,0.0,0.0,0.0,1,100.0,216.5,1,101.0,89.5,98.0,89.5,19.0,27675.0,152
2023-05-10 23:31:37,ag2312P5000,ag2312P5000,97.5,0.0,0.0,0.0,1,100.0,215.0,1,101.0,89.5,98.0,89.5,19.0,27675.0,152
2023-05-10 23:31:37,ag2312P5000,ag2312P5000,97.5,0.0,0.0,0.0,1,100.0,215.0,1,101.0,89.5,98.0,89.5,19.0,27675.0,152
2023-05-10 23:31:38,ag2312P5000,ag2312P5000,97.5,0.0,0.0,0.0,1,100.0,214.5,2,101.0,89.5,98.0,89.5,19.0,27675.0,152
2023-05-10 23:31:38,ag2312P5000,ag2312P5000,97.5,0.0,0.0,0.0,1,100.0,213.0,1,101.0,89.5,98.0,89.5,19.0,27675.0,152
2023-05-10 23:31:39,ag2312P5000,ag2312P5000,97.5,0.0,0.0,0.0,1,100.0,213.0,1,101.0,89.5,98.0,89.5,19.0,27675.0,152
2023-05-10 23:31:39,ag2312P5000,ag2312P5000,97.5,0.0,0.0,0.0,1,100.0,212.5,2,101.0,89.5,98.0,89.5,19.0,27675.0,152
2023-05-10 23:31:40,ag2312P5000,ag2312P5000,97.5,0.0,0.0,0.0,1,100.0,211.0,1,101.0,89.5,98.0,89.5,19.0,27675.0,152
2023-05-10 23:31:40,ag2312P5000,ag2312P5000,97.5,0.0,0.0,0.0,1,100.0,211.0,1,101.0,89.5,98.0,89.5,19.0,27675.0,152
2023-05-10 23:31:41,ag2312P5000,ag2312P5000,97.5,0.0,0.0,0.0,1,100.0,210.5,2,101.0,89.5,98.0,89.5,19.0,27675.0,152
2023-05-10 23:31:41,ag2312P5000,ag2312P5000,97.5,0.0,0.0,0.0,1,100.0,209.0,1,101.0,89.5,98.0,89.5,19.0,27675.0,152
2023-05-10 23:31:42,ag2312P5000,ag2312P5000,97.5,0.0,0.0,0.0,1,100.0,209.0,1,101.0,89.5,98.0,89.5,19.0,27675.0,152
2023-05-10 23:31:42,ag2312P5000,ag2312P5000,97.5,0.0,0.0,0.0,1,100.0,208.5,2,101.0,89.5,98.0,89.5,19.0,27675.0,152
2023-05-10 23:31:43,ag2312P5000,ag2312P5000,97.5,0.0,0.0,0.0,1,100.0,207.0,1,101.0,89.5,98.0,89.5,19.0,27675.0,152
2023-05-10 23:31:43,ag2312P5000,ag2312P5000,97.5,0.0,0.0,0.0,1,100.0,207.0,1,101.0,89.5,98.0,89.5,19.0,27675.0,152
2023-05-10 23:31:44,ag2312P5000,ag2312P5000,97.5,0.0,0.0,0.0,1,100.0,206.5,2,101.0,89.5,98.0,89.5,19.0,27675.0,152
2023-05-10 23:31:44,ag2312P5000,ag2312P5000,97.5,0.0,0.0,0.0,1,100.0,205.0,1,101.0,89.5,98.0,89.5,19.0,27675.0,152
2023-05-10 23:31:45,ag2312P5000,ag2312P5000,97.5,0.0,0.0,0.0,1,100.0,205.0,1,101.0,89.5,98.0,89.5,19.0,27675.0,152
2023-05-10 23:31:45,ag2312P5000,ag2312P5000,97.5,0.0,0.0,0.0,1,100.0,204.5,2,101.0,89.5,98.0,89.5,19.0,27675.0,152
2023-05-10 23:31:46,ag2312P5000,ag2312P5000,97.5,0.0,0.0,0.0,1,100.0,203.0,1,101.0,89.5,98.0,89.5,19.0,27675.0,152
2023-05-10 23:31:46,ag2312P5000,ag2312P5000,97.5,0.0,0.0,0.0,1,100.0,203.0,1,101.0,89.5,98.0,89.5,19.0,27675.0,152
2023-05-10 23:31:47,ag2312P5000,ag2312P5000,97.5,0.0,0.0,0.0,1,100.0,202.5,2,101.0,89.5,98.0,89.5,19.0,27675.0,152
2023-05-10 23:31:47,ag2312P5000,ag2312P5000,97.5,0.0,0.0,0.0,1,100.0,202.5,2,101.0,89.5,98.0,89.5,19.0,27675.0,152
2023-05-10 23:33:25,ag2312P5000,ag2312P5000,97.5,0.0,0.0,0.0,1,100.0,199.5,1,101.0,89.5,98.0,89.5,19.0,27675.0,152
2023-05-10 23:33:25,ag2312P5000,ag2312P5000,97.5,0.0,0.0,0.0,1,100.0,199.5,1,101.0,89.5,98.0,89.5,19.0,27675.0,152
2023-05-10 23:33:26,ag2312P5000,ag2312P5000,97.5,0.0,0.0,0.0,1,100.0,199.0,2,101.0,89.5,98.0,89.5,19.0,27675.0,152
2023-05-10 23:33:27,ag2312P5000,ag2312P5000,97.5,0.0,0.0,0.0,1,100.0,199.0,2,101.0,89.5,98.0,89.5,19.0,27675.0,152
2023-05-10 23:33:28,ag2312P5000,ag2312P5000,97.5,0.0,0.0,0.0,1,100.0,196.0,1,101.0,89.5,98.0,89.5,19.0,27675.0,152
2023-05-10 23:33:28,ag2312P5000,ag2312P5000,97.5,0.0,0.0,0.0,1,100.0,196.0,1,101.0,89.5,98.0,89.5,19.0,27675.0,152
2023-05-10 23:33:29,ag2312P5000,ag2312P5000,97.5,0.0,0.0,0.0,1,100.0,195.5,2,101.0,89.5,98.0,89.5,19.0,27675.0,152
2023-05-10 23:33:30,ag2312P5000,ag2312P5000,97.5,0.0,0.0,0.0,1,100.0,195.5,2,101.0,89.5,98.0,89.5,19.0,27675.0,152
2023-05-10 23:33:31,ag2312P5000,ag2312P5000,97.5,0.0,0.0,0.0,1,100.0,195.0,1,101.0,89.5,98.0,89.5,19.0,27675.0,152
2023-05-10 23:33:31,ag2312P5000,ag2312P5000,97.5,0.0,0.0,0.0,1,100.0,195.0,1,101.0,89.5,98.0,89.5,19.0,27675.0,152
2023-05-10 23:33:32,ag2312P5000,ag2312P5000,97.5,0.0,0.0,0.0,1,100.0,194.5,2,101.0,89.5,98.0,89.5,19.0,27675.0,152
2023-05-10 23:33:33,ag2312P5000,ag2312P5000,97.5,0.0,0.0,0.0,1,100.0,194.5,2,101.0,89.5,98.0,89.5,19.0,27675.0,152
2023-05-10 23:33:34,ag2312P5000,ag2312P5000,97.5,0.0,0.0,0.0,1,100.0,194.0,1,101.0,89.5,98.0,89.5,19.0,27675.0,152
2023-05-10 23:33:34,ag2312P5000,ag2312P5000,97.5,0.0,0.0,0.0,1,100.0,194.0,1,101.0,89.5,98.0,89.5,19.0,27675.0,152
2023-05-10 23:33:35,ag2312P5000,ag2312P5000,97.5,0.0,0.0,0.0,1,100.0,193.5,2,101.0,89.5,98.0,89.5,19.0,27675.0,152
2023-05-10 23:33:37,ag2312P5000,ag2312P5000,97.5,0.0,0.0,0.0,1,100.0,193.5,2,101.0,89.5,98.0,89.5,19.0,27675.0,152
2023-05-10 23:33:38,ag2312P5000,ag2312P5000,97.5,0.0,0.0,0.0,1,100.0,193.0,1,101.0,89.5,98.0,89.5,19.0,27675.0,152
2023-05-10 23:33:39,ag2312P5000,ag2312P5000,97.5,0.0,0.0,0.0,1,100.0,193.0,1,101.0,89.5,98.0,89.5,19.0,27675.0,152
2023-05-10 23:33:39,ag2312P5000,ag2312P5000,97.5,0.0,0.0,0.0,1,100.0,192.5,2,101.0,89.5,98.0,89.5,19.0,27675.0,152
2023-05-10 23:33:41,ag2312P5000,ag2312P5000,97.5,0.0,0.0,0.0,1,100.0,192.5,2,101.0,89.5,98.0,89.5,19.0,27675.0,152
2023-05-10 23:36:03,ag2312P5000,ag2312P5000,97.5,0.0,0.0,0.0,1,100.0,192.0,1,101.0,89.5,98.0,89.5,19.0,27675.0,152
2023-05-10 23:36:03,ag2312P5000,ag2312P5000,97.5,0.0,0.0,0.0,1,100.0,192.0,1,101.0,89.5,98.0,89.5,19.0,27675.0,152
2023-05-10 23:36:04,ag2312P5000,ag2312P5000,97.5,0.0,0.0,0.0,1,100.0,191.5,2,101.0,89.5,98.0,89.5,19.0,27675.0,152
2023-05-10 23:36:05,ag2312P5000,ag2312P5000,97.5,0.0,0.0,0.0,1,100.0,191.0,1,101.0,89.5,98.0,89.5,19.0,27675.0,152
2023-05-10 23:36:05,ag2312P5000,ag2312P5000,97.5,0.0,0.0,0.0,1,100.0,191.0,1,101.0,89.5,98.0,89.5,19.0,27675.0,152
2023-05-10 23:36:06,ag2312P5000,ag2312P5000,97.5,0.0,0.0,0.0,1,100.0,190.5,2,101.0,89.5,98.0,89.5,19.0,27675.0,152
2023-05-10 23:36:16,ag2312P5000,ag2312P5000,97.5,0.0,0.0,0.0,1,100.0,190.0,1,101.0,89.5,98.0,89.5,19.0,27675.0,152
2023-05-10 23:36:16,ag2312P5000,ag2312P5000,97.5,0.0,0.0,0.0,1,100.0,190.0,1,101.0,89.5,98.0,89.5,19.0,27675.0,152
2023-05-10 23:36:17,ag2312P5000,ag2312P5000,97.5,0.0,0.0,0.0,1,100.0,189.5,2,101.0,89.5,98.0,89.5,19.0,27675.0,152
2023-05-10 23:36:26,ag2312P5000,ag2312P5000,97.5,0.0,0.0,0.0,1,100.0,189.0,1,101.0,89.5,98.0,89.5,19.0,27675.0,152
2023-05-10 23:36:26,ag2312P5000,ag2312P5000,97.5,0.0,0.0,0.0,1,100.0,189.0,1,101.0,89.5,98.0,89.5,19.0,27675.0,152
2023-05-10 23:36:27,ag2312P5000,ag2312P5000,97.5,0.0,0.0,0.0,1,100.0,188.5,2,101.0,89.5,98.0,89.5,19.0,27675.0,152
2023-05-10 23:37:02,ag2312P5000,ag2312P5000,97.5,0.0,0.0,0.0,1,100.0,188.0,1,101.0,89.5,98.0,89.5,19.0,27675.0,152
2023-05-10 23:37:02,ag2312P5000,ag2312P5000,97.5,0.0,0.0,0.0,1,100.0,188.0,1,101.0,89.5,98.0,89.5,19.0,27675.0,152
2023-05-10 23:37:03,ag2312P5000,ag2312P5000,97.5,0.0,0.0,0.0,1,100.0,187.5,2,101.0,89.5,98.0,89.5,19.0,27675.0,152
2023-05-10 23:39:20,ag2312P5000,ag2312P5000,97.5,0.0,0.0,0.0,1,3.5,187.5,2,101.0,89.5,98.0,89.5,19.0,27675.0,152
2023-05-10 23:39:21,ag2312P5000,ag2312P5000,97.5,0.0,0.0,0.0,2,11.5,187.5,2,101.0,89.5,98.0,89.5,19.0,27675.0,152
2023-05-10 23:39:21,ag2312P5000,ag2312P5000,97.5,0.0,0.0,0.0,1,13.0,187.5,2,101.0,89.5,98.0,89.5,19.0,27675.0,152
2023-05-10 23:39:22,ag2312P5000,ag2312P5000,97.5,0.0,0.0,0.0,2,21.0,187.5,2,101.0,89.5,98.0,89.5,19.0,27675.0,152
2023-05-10 23:39:22,ag2312P5000,ag2312P5000,97.5,0.0,0.0,0.0,1,22.5,187.5,2,101.0,89.5,98.0,89.5,19.0,27675.0,152
2023-05-10 23:39:23,ag2312P5000,ag2312P5000,97.5,0.0,0.0,0.0,2,30.5,187.5,2,101.0,89.5,98.0,89.5,19.0,27675.0,152
2023-05-10 23:39:23,ag2312P5000,ag2312P5000,97.5,0.0,0.0,0.0,1,32.0,187.5,2,101.0,89.5,98.0,89.5,19.0,27675.0,152
2023-05-10 23:39:24,ag2312P5000,ag2312P5000,97.5,0.0,0.0,0.0,2,40.0,187.5,2,101.0,89.5,98.0,89.5,19.0,27675.0,152
2023-05-10 23:39:24,ag2312P5000,ag2312P5000,97.5,0.0,0.0,0.0,2,40.0,187.5,2,101.0,89.5,98.0,89.5,19.0,27675.0,152
2023-05-10 23:39:25,ag2312P5000,ag2312P5000,97.5,0.0,0.0,0.0,2,40.5,187.5,2,101.0,89.5,98.0,89.5,19.0,27675.0,152
2023-05-10 23:39:25,ag2312P5000,ag2312P5000,97.5,0.0,0.0,0.0,2,48.5,187.5,2,101.0,89.5,98.0,89.5,19.0,27675.0,152
2023-05-10 23:39:26,ag2312P5000,ag2312P5000,97.5,0.0,0.0,0.0,2,48.5,187.5,2,101.0,89.5,98.0,89.5,19.0,27675.0,152
2023-05-10 23:39:26,ag2312P5000,ag2312P5000,97.5,0.0,0.0,0.0,2,49.0,187.5,2,101.0,89.5,98.0,89.5,19.0,27675.0,152
2023-05-10 23:39:27,ag2312P5000,ag2312P5000,97.5,0.0,0.0,0.0,2,57.0,187.5,2,101.0,89.5,98.0,89.5,19.0,27675.0,152
2023-05-10 23:39:27,ag2312P5000,ag2312P5000,97.5,0.0,0.0,0.0,2,57.0,187.5,2,101.0,89.5,98.0,89.5,19.0,27675.0,152
2023-05-10 23:39:28,ag2312P5000,ag2312P5000,97.5,0.0,0.0,0.0,2,57.5,187.5,2,101.0,89.5,98.0,89.5,19.0,27675.0,152
2023-05-10 23:39:28,ag2312P5000,ag2312P5000,97.5,0.0,0.0,0.0,2,65.5,187.5,2,101.0,89.5,98.0,89.5,19.0,27675.0,152
2023-05-10 23:39:29,ag2312P5000,ag2312P5000,97.5,0.0,0.0,0.0,2,65.5,187.5,2,101.0,89.5,98.0,89.5,19.0,27675.0,152
2023-05-10 23:39:29,ag2312P5000,ag2312P5000,97.5,0.0,0.0,0.0,2,66.0,187.5,2,101.0,89.5,98.0,89.5,19.0,27675.0,152
2023-05-10 23:39:30,ag2312P5000,ag2312P5000,97.5,0.0,0.0,0.0,2,70.0,187.5,2,101.0,89.5,98.0,89.5,19.0,27675.0,152
2023-05-10 23:39:30,ag2312P5000,ag2312P5000,97.5,0.0,0.0,0.0,2,70.0,187.5,2,101.0,89.5,98.0,89.5,19.0,27675.0,152
2023-05-10 23:39:31,ag2312P5000,ag2312P5000,97.5,0.0,0.0,0.0,2,70.5,187.5,2,101.0,89.5,98.0,89.5,19.0,27675.0,152
2023-05-10 23:39:31,ag2312P5000,ag2312P5000,97.5,0.0,0.0,0.0,2,74.5,187.5,2,101.0,89.5,98.0,89.5,19.0,27675.0,152
2023-05-10 23:39:32,ag2312P5000,ag2312P5000,97.5,0.0,0.0,0.0,2,74.5,187.5,2,101.0,89.5,98.0,89.5,19.0,27675.0,152
2023-05-10 23:39:32,ag2312P5000,ag2312P5000,97.5,0.0,0.0,0.0,2,75.0,187.5,2,101.0,89.5,98.0,89.5,19.0,27675.0,152
2023-05-10 23:39:33,ag2312P5000,ag2312P5000,97.5,0.0,0.0,0.0,2,75.5,187.5,2,101.0,89.5,98.0,89.5,19.0,27675.0,152
2023-05-10 23:39:33,ag2312P5000,ag2312P5000,97.5,0.0,0.0,0.0,2,75.5,187.5,2,101.0,89.5,98.0,89.5,19.0,27675.0,152
2023-05-10 23:39:34,ag2312P5000,ag2312P5000,97.5,0.0,0.0,0.0,2,76.0,187.5,2,101.0,89.5,98.0,89.5,19.0,27675.0,152
2023-05-10 23:39:34,ag2312P5000,ag2312P5000,97.5,0.0,0.0,0.0,2,76.5,187.5,2,101.0,89.5,98.0,89.5,19.0,27675.0,152
2023-05-10 23:39:35,ag2312P5000,ag2312P5000,97.5,0.0,0.0,0.0,2,76.5,187.5,2,101.0,89.5,98.0,89.5,19.0,27675.0,152
2023-05-10 23:39:35,ag2312P5000,ag2312P5000,97.5,0.0,0.0,0.0,2,77.0,187.5,2,101.0,89.5,98.0,89.5,19.0,27675.0,152
2023-05-10 23:39:36,ag2312P5000,ag2312P5000,97.5,0.0,0.0,0.0,2,77.5,187.5,2,101.0,89.5,98.0,89.5,19.0,27675.0,152
2023-05-10 23:39:36,ag2312P5000,ag2312P5000,97.5,0.0,0.0,0.0,2,77.5,187.5,2,101.0,89.5,98.0,89.5,19.0,27675.0,152
2023-05-10 23:39:37,ag2312P5000,ag2312P5000,97.5,0.0,0.0,0.0,2,78.0,187.5,2,101.0,89.5,98.0,89.5,19.0,27675.0,152
2023-05-10 23:39:37,ag2312P5000,ag2312P5000,97.5,0.0,0.0,0.0,2,78.0,187.5,2,101.0,89.5,98.0,89.5,19.0,27675.0,152
2023-05-10 23:40:16,ag2312P5000,ag2312P5000,97.5,0.0,0.0,0.0,2,78.0,187.5,2,101.0,89.5,98.0,89.5,19.0,27675.0,152
2023-05-10 23:51:29,ag2312P5000,ag2312P5000,97.5,0.0,0.0,0.0,1,103.0,106.0,1,101.0,89.5,98.0,89.5,19.0,27675.0,152
2023-05-10 23:51:29,ag2312P5000,ag2312P5000,97.5,0.0,0.0,0.0,1,103.0,106.0,1,101.0,89.5,98.0,89.5,19.0,27675.0,152
2023-05-10 23:51:30,ag2312P5000,ag2312P5000,102.5,1.0,1537.5,0.0,1,4.0,106.0,1,101.0,89.5,102.5,89.5,20.0,29212.5,152
2023-05-10 23:51:30,ag2312P5000,ag2312P5000,102.5,0.0,0.0,0.0,2,12.0,106.0,1,101.0,89.5,102.5,89.5,20.0,29212.5,152
2023-05-10 23:51:31,ag2312P5000,ag2312P5000,102.5,0.0,0.0,0.0,1,13.5,106.0,1,101.0,89.5,102.5,89.5,20.0,29212.5,152
2023-05-10 23:51:31,ag2312P5000,ag2312P5000,102.5,0.0,0.0,0.0,2,21.5,106.0,1,101.0,89.5,102.5,89.5,20.0,29212.5,152
2023-05-10 23:51:32,ag2312P5000,ag2312P5000,102.5,0.0,0.0,0.0,1,23.0,106.0,1,101.0,89.5,102.5,89.5,20.0,29212.5,152
2023-05-10 23:51:32,ag2312P5000,ag2312P5000,102.5,0.0,0.0,0.0,2,31.0,106.0,1,101.0,89.5,102.5,89.5,20.0,29212.5,152
2023-05-10 23:51:33,ag2312P5000,ag2312P5000,102.5,0.0,0.0,0.0,1,102.0,104.0,1,101.0,89.5,102.5,89.5,20.0,29212.5,152
2023-05-10 23:51:33,ag2312P5000,ag2312P5000,102.5,0.0,0.0,0.0,1,102.0,104.0,1,101.0,89.5,102.5,89.5,20.0,29212.5,152
2023-05-10 23:51:36,ag2312P5000,ag2312P5000,102.5,0.0,0.0,0.0,2,102.0,103.0,1,101.0,89.5,102.5,89.5,20.0,29212.5,152
2023-05-10 23:51:38,ag2312P5000,ag2312P5000,102.5,0.0,0.0,0.0,3,102.0,103.0,1,101.0,89.5,102.5,89.5,20.0,29212.5,152
2023-05-10 23:51:40,ag2312P5000,ag2312P5000,102.5,0.0,0.0,0.0,3,102.0,103.0,1,101.0,89.5,102.5,89.5,20.0,29212.5,152
2023-05-10 23:51:44,ag2312P5000,ag2312P5000,102.5,0.0,0.0,0.0,2,102.0,103.0,1,101.0,89.5,102.5,89.5,20.0,29212.5,152
2023-05-10 23:51:45,ag2312P5000,ag2312P5000,102.5,0.0,0.0,0.0,2,102.0,103.0,1,101.0,89.5,102.5,89.5,20.0,29212.5,152
2023-05-10 23:51:46,ag2312P5000,ag2312P5000,102.5,0.0,0.0,0.0,2,102.0,103.5,1,101.0,89.5,102.5,89.5,20.0,29212.5,152
2023-05-10 23:51:49,ag2312P5000,ag2312P5000,102.5,0.0,0.0,0.0,1,102.0,104.5,1,101.0,89.5,102.5,89.5,20.0,29212.5,152
2023-05-10 23:51:49,ag2312P5000,ag2312P5000,102.5,0.0,0.0,0.0,1,31.5,188.0,1,101.0,89.5,102.5,89.5,20.0,29212.5,152
2023-05-10 23:51:50,ag2312P5000,ag2312P5000,102.5,0.0,0.0,0.0,2,39.5,187.5,2,101.0,89.5,102.5,89.5,20.0,29212.5,152
2023-05-10 23:51:50,ag2312P5000,ag2312P5000,102.5,0.0,0.0,0.0,1,40.0,182.5,1,101.0,89.5,102.5,89.5,20.0,29212.5,152
2023-05-10 23:51:51,ag2312P5000,ag2312P5000,102.5,0.0,0.0,0.0,2,48.0,182.0,1,101.0,89.5,102.5,89.5,20.0,29212.5,152
2023-05-10 23:51:51,ag2312P5000,ag2312P5000,102.5,0.0,0.0,0.0,1,48.5,181.5,2,101.0,89.5,102.5,89.5,20.0,29212.5,152
2023-05-10 23:51:52,ag2312P5000,ag2312P5000,102.5,0.0,0.0,0.0,2,56.5,181.0,1,101.0,89.5,102.5,89.5,20.0,29212.5,152
2023-05-10 23:51:52,ag2312P5000,ag2312P5000,102.5,0.0,0.0,0.0,1,57.0,181.0,1,101.0,89.5,102.5,89.5,20.0,29212.5,152
2023-05-10 23:51:53,ag2312P5000,ag2312P5000,102.5,0.0,0.0,0.0,2,65.0,175.5,1,101.0,89.5,102.5,89.5,20.0,29212.5,152
2023-05-10 23:51:53,ag2312P5000,ag2312P5000,102.5,0.0,0.0,0.0,1,65.5,175.0,1,101.0,89.5,102.5,89.5,20.0,29212.5,152
2023-05-10 23:51:54,ag2312P5000,ag2312P5000,102.5,0.0,0.0,0.0,2,69.5,174.5,2,101.0,89.5,102.5,89.5,20.0,29212.5,152
2023-05-10 23:51:54,ag2312P5000,ag2312P5000,102.5,0.0,0.0,0.0,1,70.0,174.0,1,101.0,89.5,102.5,89.5,20.0,29212.5,152
2023-05-10 23:51:55,ag2312P5000,ag2312P5000,102.5,0.0,0.0,0.0,2,74.0,174.0,1,101.0,89.5,102.5,89.5,20.0,29212.5,152
2023-05-10 23:51:55,ag2312P5000,ag2312P5000,102.5,0.0,0.0,0.0,1,74.5,173.5,2,101.0,89.5,102.5,89.5,20.0,29212.5,152
2023-05-10 23:51:56,ag2312P5000,ag2312P5000,102.5,0.0,0.0,0.0,4,75.0,168.5,1,101.0,89.5,102.5,89.5,20.0,29212.5,152
2023-05-10 23:51:56,ag2312P5000,ag2312P5000,102.5,0.0,0.0,0.0,1,75.5,168.0,1,101.0,89.5,102.5,89.5,20.0,29212.5,152
2023-05-10 23:51:57,ag2312P5000,ag2312P5000,102.5,0.0,0.0,0.0,2,76.0,167.5,2,101.0,89.5,102.5,89.5,20.0,29212.5,152
2023-05-10 23:51:57,ag2312P5000,ag2312P5000,102.5,0.0,0.0,0.0,3,76.5,167.0,1,101.0,89.5,102.5,89.5,20.0,29212.5,152
2023-05-10 23:51:58,ag2312P5000,ag2312P5000,102.5,0.0,0.0,0.0,2,77.0,167.0,1,101.0,89.5,102.5,89.5,20.0,29212.5,152
2023-05-10 23:51:58,ag2312P5000,ag2312P5000,102.5,0.0,0.0,0.0,1,77.5,166.5,2,101.0,89.5,102.5,89.5,20.0,29212.5,152
2023-05-10 23:51:59,ag2312P5000,ag2312P5000,102.5,0.0,0.0,0.0,2,78.0,166.0,1,101.0,89.5,102.5,89.5,20.0,29212.5,152
2023-05-10 23:51:59,ag2312P5000,ag2312P5000,102.5,0.0,0.0,0.0,1,78.5,161.0,1,101.0,89.5,102.5,89.5,20.0,29212.5,152
2023-05-10 23:52:00,ag2312P5000,ag2312P5000,102.5,0.0,0.0,0.0,1,78.5,160.5,3,101.0,89.5,102.5,89.5,20.0,29212.5,152
2023-05-10 23:52:00,ag2312P5000,ag2312P5000,102.5,0.0,0.0,0.0,2,79.0,160.5,3,101.0,89.5,102.5,89.5,20.0,29212.5,152
2023-05-10 23:52:02,ag2312P5000,ag2312P5000,102.5,0.0,0.0,0.0,2,79.0,160.5,3,101.0,89.5,102.5,89.5,20.0,29212.5,152
2023-05-10 23:52:03,ag2312P5000,ag2312P5000,102.5,0.0,0.0,0.0,2,79.0,155.0,1,101.0,89.5,102.5,89.5,20.0,29212.5,152
2023-05-10 23:52:04,ag2312P5000,ag2312P5000,102.5,0.0,0.0,0.0,1,79.5,155.0,1,101.0,89.5,102.5,89.5,20.0,29212.5,152
2023-05-10 23:52:04,ag2312P5000,ag2312P5000,102.5,0.0,0.0,0.0,1,79.5,154.5,2,101.0,89.5,102.5,89.5,20.0,29212.5,152
2023-05-10 23:52:05,ag2312P5000,ag2312P5000,102.5,0.0,0.0,0.0,2,80.0,154.5,2,101.0,89.5,102.5,89.5,20.0,29212.5,152
2023-05-10 23:52:05,ag2312P5000,ag2312P5000,102.5,0.0,0.0,0.0,2,80.0,154.5,2,101.0,89.5,102.5,89.5,20.0,29212.5,152
2023-05-10 23:52:06,ag2312P5000,ag2312P5000,102.5,0.0,0.0,0.0,2,80.0,149.0,1,101.0,89.5,102.5,89.5,20.0,29212.5,152
2023-05-10 23:52:07,ag2312P5000,ag2312P5000,102.5,0.0,0.0,0.0,2,80.0,149.0,1,101.0,89.5,102.5,89.5,20.0,29212.5,152
2023-05-10 23:52:07,ag2312P5000,ag2312P5000,102.5,0.0,0.0,0.0,2,80.0,148.5,2,101.0,89.5,102.5,89.5,20.0,29212.5,152
2023-05-10 23:52:08,ag2312P5000,ag2312P5000,102.5,0.0,0.0,0.0,2,80.0,148.5,2,101.0,89.5,102.5,89.5,20.0,29212.5,152
2023-05-10 23:52:09,ag2312P5000,ag2312P5000,102.5,0.0,0.0,0.0,2,80.0,143.0,1,101.0,89.5,102.5,89.5,20.0,29212.5,152
2023-05-10 23:52:10,ag2312P5000,ag2312P5000,102.5,0.0,0.0,0.0,2,80.0,143.0,1,101.0,89.5,102.5,89.5,20.0,29212.5,152
2023-05-10 23:52:10,ag2312P5000,ag2312P5000,102.5,0.0,0.0,0.0,2,80.0,142.5,2,101.0,89.5,102.5,89.5,20.0,29212.5,152
2023-05-10 23:52:12,ag2312P5000,ag2312P5000,102.5,0.0,0.0,0.0,2,80.0,142.5,2,101.0,89.5,102.5,89.5,20.0,29212.5,152
2023-05-10 23:52:14,ag2312P5000,ag2312P5000,102.5,0.0,0.0,0.0,1,80.5,142.0,1,101.0,89.5,102.5,89.5,20.0,29212.5,152
2023-05-10 23:52:14,ag2312P5000,ag2312P5000,102.5,0.0,0.0,0.0,1,99.0,142.0,1,101.0,89.5,102.5,89.5,20.0,29212.5,152
2023-05-10 23:52:15,ag2312P5000,ag2312P5000,102.5,0.0,0.0,0.0,1,99.0,141.5,2,101.0,89.5,102.5,89.5,20.0,29212.5,152
2023-05-10 23:52:24,ag2312P5000,ag2312P5000,102.5,0.0,0.0,0.0,1,99.0,141.0,1,101.0,89.5,102.5,89.5,20.0,29212.5,152
2023-05-10 23:52:24,ag2312P5000,ag2312P5000,102.5,0.0,0.0,0.0,1,99.0,141.0,1,101.0,89.5,102.5,89.5,20.0,29212.5,152
2023-05-10 23:52:25,ag2312P5000,ag2312P5000,102.5,0.0,0.0,0.0,1,99.0,140.5,2,101.0,89.5,102.5,89.5,20.0,29212.5,152
2023-05-10 23:52:35,ag2312P5000,ag2312P5000,102.5,0.0,0.0,0.0,1,99.0,101.0,1,101.0,89.5,102.5,89.5,20.0,29212.5,152
2023-05-10 23:52:35,ag2312P5000,ag2312P5000,102.5,0.0,0.0,0.0,1,99.0,101.0,1,101.0,89.5,102.5,89.5,20.0,29212.5,152
2023-05-10 23:52:38,ag2312P5000,ag2312P5000,101.5,1.0,1522.5,1.0,1,99.0,103.5,1,101.0,89.5,102.5,89.5,21.0,30735.0,153
2023-05-10 23:52:38,ag2312P5000,ag2312P5000,101.5,0.0,0.0,0.0,2,99.0,103.5,1,101.0,89.5,102.5,89.5,21.0,30735.0,153
2023-05-10 23:52:39,ag2312P5000,ag2312P5000,101.5,0.0,0.0,0.0,1,102.5,103.5,1,101.0,89.5,102.5,89.5,21.0,30735.0,153
2023-05-10 23:52:41,ag2312P5000,ag2312P5000,101.5,0.0,0.0,0.0,1,102.5,103.5,2,101.0,89.5,102.5,89.5,21.0,30735.0,153
2023-05-10 23:52:43,ag2312P5000,ag2312P5000,101.5,0.0,0.0,0.0,2,102.5,103.5,3,101.0,89.5,102.5,89.5,21.0,30735.0,153
2023-05-10 23:52:49,ag2312P5000,ag2312P5000,101.5,0.0,0.0,0.0,2,102.5,103.5,2,101.0,89.5,102.5,89.5,21.0,30735.0,153
2023-05-10 23:52:50,ag2312P5000,ag2312P5000,101.5,0.0,0.0,0.0,1,102.5,103.5,2,101.0,89.5,102.5,89.5,21.0,30735.0,153
2023-05-10 23:52:50,ag2312P5000,ag2312P5000,101.5,0.0,0.0,0.0,1,102.5,103.5,2,101.0,89.5,102.5,89.5,21.0,30735.0,153
2023-05-10 23:52:51,ag2312P5000,ag2312P5000,101.5,0.0,0.0,0.0,1,102.5,103.5,1,101.0,89.5,102.5,89.5,21.0,30735.0,153
2023-05-10 23:52:53,ag2312P5000,ag2312P5000,101.5,0.0,0.0,0.0,1,102.5,103.5,1,101.0,89.5,102.5,89.5,21.0,30735.0,153
2023-05-10 23:52:54,ag2312P5000,ag2312P5000,101.5,0.0,0.0,0.0,1,80.5,141.0,1,101.0,89.5,102.5,89.5,21.0,30735.0,153
2023-05-10 23:52:54,ag2312P5000,ag2312P5000,101.5,0.0,0.0,0.0,2,81.0,140.5,2,101.0,89.5,102.5,89.5,21.0,30735.0,153
2023-05-10 23:52:55,ag2312P5000,ag2312P5000,101.5,0.0,0.0,0.0,1,81.5,140.0,1,101.0,89.5,102.5,89.5,21.0,30735.0,153
2023-05-10 23:52:55,ag2312P5000,ag2312P5000,101.5,0.0,0.0,0.0,1,81.5,140.0,1,101.0,89.5,102.5,89.5,21.0,30735.0,153
2023-05-10 23:52:56,ag2312P5000,ag2312P5000,101.5,0.0,0.0,0.0,2,82.0,139.5,2,101.0,89.5,102.5,89.5,21.0,30735.0,153
2023-05-10 23:52:56,ag2312P5000,ag2312P5000,101.5,0.0,0.0,0.0,1,82.5,139.0,1,101.0,89.5,102.5,89.5,21.0,30735.0,153
2023-05-10 23:52:57,ag2312P5000,ag2312P5000,101.5,0.0,0.0,0.0,1,82.5,139.0,1,101.0,89.5,102.5,89.5,21.0,30735.0,153
2023-05-10 23:52:57,ag2312P5000,ag2312P5000,101.5,0.0,0.0,0.0,2,83.0,138.5,2,101.0,89.5,102.5,89.5,21.0,30735.0,153
2023-05-10 23:52:58,ag2312P5000,ag2312P5000,101.5,0.0,0.0,0.0,1,83.5,138.0,1,101.0,89.5,102.5,89.5,21.0,30735.0,153
2023-05-10 23:52:58,ag2312P5000,ag2312P5000,101.5,0.0,0.0,0.0,1,83.5,138.0,1,101.0,89.5,102.5,89.5,21.0,30735.0,153
2023-05-10 23:52:59,ag2312P5000,ag2312P5000,101.5,0.0,0.0,0.0,2,84.0,137.5,2,101.0,89.5,102.5,89.5,21.0,30735.0,153
2023-05-10 23:52:59,ag2312P5000,ag2312P5000,101.5,0.0,0.0,0.0,1,84.5,135.0,1,101.0,89.5,102.5,89.5,21.0,30735.0,153
2023-05-10 23:53:00,ag2312P5000,ag2312P5000,101.5,0.0,0.0,0.0,1,84.5,134.5,1,101.0,89.5,102.5,89.5,21.0,30735.0,153
2023-05-10 23:53:00,ag2312P5000,ag2312P5000,101.5,0.0,0.0,0.0,2,85.0,134.0,2,101.0,89.5,102.5,89.5,21.0,30735.0,153
2023-05-10 23:53:01,ag2312P5000,ag2312P5000,101.5,0.0,0.0,0.0,2,85.0,133.5,1,101.0,89.5,102.5,89.5,21.0,30735.0,153
2023-05-10 23:53:01,ag2312P5000,ag2312P5000,101.5,0.0,0.0,0.0,2,85.0,133.5,1,101.0,89.5,102.5,89.5,21.0,30735.0,153
2023-05-10 23:53:02,ag2312P5000,ag2312P5000,101.5,0.0,0.0,0.0,2,85.0,131.0,1,101.0,89.5,102.5,89.5,21.0,30735.0,153
2023-05-10 23:53:02,ag2312P5000,ag2312P5000,101.5,0.0,0.0,0.0,2,85.0,130.5,1,101.0,89.5,102.5,89.5,21.0,30735.0,153
2023-05-10 23:53:03,ag2312P5000,ag2312P5000,101.5,0.0,0.0,0.0,2,85.0,130.0,2,101.0,89.5,102.5,89.5,21.0,30735.0,153
2023-05-10 23:53:03,ag2312P5000,ag2312P5000,101.5,0.0,0.0,0.0,2,85.0,129.5,1,101.0,89.5,102.5,89.5,21.0,30735.0,153
2023-05-10 23:53:04,ag2312P5000,ag2312P5000,101.5,0.0,0.0,0.0,2,85.0,129.5,1,101.0,89.5,102.5,89.5,21.0,30735.0,153
2023-05-10 23:53:04,ag2312P5000,ag2312P5000,101.5,0.0,0.0,0.0,2,85.0,129.0,2,101.0,89.5,102.5,89.5,21.0,30735.0,153
2023-05-10 23:53:05,ag2312P5000,ag2312P5000,101.5,0.0,0.0,0.0,2,85.0,128.5,1,101.0,89.5,102.5,89.5,21.0,30735.0,153
2023-05-10 23:53:05,ag2312P5000,ag2312P5000,101.5,0.0,0.0,0.0,2,85.0,128.5,1,101.0,89.5,102.5,89.5,21.0,30735.0,153
2023-05-10 23:53:06,ag2312P5000,ag2312P5000,101.5,0.0,0.0,0.0,2,85.0,128.0,2,101.0,89.5,102.5,89.5,21.0,30735.0,153
2023-05-10 23:53:06,ag2312P5000,ag2312P5000,101.5,0.0,0.0,0.0,2,85.0,127.5,1,101.0,89.5,102.5,89.5,21.0,30735.0,153
2023-05-10 23:53:07,ag2312P5000,ag2312P5000,101.5,0.0,0.0,0.0,2,85.0,127.5,1,101.0,89.5,102.5,89.5,21.0,30735.0,153
2023-05-10 23:53:07,ag2312P5000,ag2312P5000,101.5,0.0,0.0,0.0,2,85.0,127.0,2,101.0,89.5,102.5,89.5,21.0,30735.0,153
2023-05-10 23:53:08,ag2312P5000,ag2312P5000,101.5,0.0,0.0,0.0,2,85.0,126.5,1,101.0,89.5,102.5,89.5,21.0,30735.0,153
2023-05-10 23:53:08,ag2312P5000,ag2312P5000,101.5,0.0,0.0,0.0,2,85.0,126.5,1,101.0,89.5,102.5,89.5,21.0,30735.0,153
2023-05-10 23:53:09,ag2312P5000,ag2312P5000,101.5,0.0,0.0,0.0,2,85.0,126.0,2,101.0,89.5,102.5,89.5,21.0,30735.0,153
2023-05-10 23:53:18,ag2312P5000,ag2312P5000,101.5,0.0,0.0,0.0,2,85.0,125.5,1,101.0,89.5,102.5,89.5,21.0,30735.0,153
2023-05-10 23:53:18,ag2312P5000,ag2312P5000,101.5,0.0,0.0,0.0,2,85.0,125.5,1,101.0,89.5,102.5,89.5,21.0,30735.0,153
2023-05-10 23:53:19,ag2312P5000,ag2312P5000,101.5,0.0,0.0,0.0,2,85.0,125.0,2,101.0,89.5,102.5,89.5,21.0,30735.0,153
2023-05-10 23:53:28,ag2312P5000,ag2312P5000,101.5,0.0,0.0,0.0,2,85.0,124.5,1,101.0,89.5,102.5,89.5,21.0,30735.0,153
2023-05-10 23:53:28,ag2312P5000,ag2312P5000,101.5,0.0,0.0,0.0,2,85.0,124.5,1,101.0,89.5,102.5,89.5,21.0,30735.0,153
2023-05-10 23:53:29,ag2312P5000,ag2312P5000,101.5,0.0,0.0,0.0,2,85.0,124.0,2,101.0,89.5,102.5,89.5,21.0,30735.0,153
2023-05-10 23:53:38,ag2312P5000,ag2312P5000,101.5,0.0,0.0,0.0,1,85.5,123.5,1,101.0,89.5,102.5,89.5,21.0,30735.0,153
2023-05-10 23:53:38,ag2312P5000,ag2312P5000,101.5,0.0,0.0,0.0,1,85.5,123.5,1,101.0,89.5,102.5,89.5,21.0,30735.0,153
2023-05-10 23:53:39,ag2312P5000,ag2312P5000,101.5,0.0,0.0,0.0,2,86.0,123.5,1,101.0,89.5,102.5,89.5,21.0,30735.0,153
2023-05-10 23:53:50,ag2312P5000,ag2312P5000,102.0,1.0,1530.0,1.0,2,86.0,106.0,1,101.0,89.5,102.5,89.5,22.0,32265.0,154
2023-05-10 23:53:53,ag2312P5000,ag2312P5000,102.0,0.0,0.0,0.0,1,101.5,103.5,1,101.0,89.5,102.5,89.5,22.0,32265.0,154
2023-05-10 23:53:53,ag2312P5000,ag2312P5000,102.0,0.0,0.0,0.0,1,101.5,103.5,1,101.0,89.5,102.5,89.5,22.0,32265.0,154
2023-05-10 23:53:56,ag2312P5000,ag2312P5000,102.0,0.0,0.0,0.0,2,101.5,102.5,1,101.0,89.5,102.5,89.5,22.0,32265.0,154
2023-05-10 23:53:59,ag2312P5000,ag2312P5000,102.0,0.0,0.0,0.0,3,101.5,102.5,2,101.0,89.5,102.5,89.5,22.0,32265.0,154
2023-05-10 23:53:59,ag2312P5000,ag2312P5000,102.0,0.0,0.0,0.0,3,101.5,102.5,3,101.0,89.5,102.5,89.5,22.0,32265.0,154
2023-05-10 23:54:01,ag2312P5000,ag2312P5000,102.0,0.0,0.0,0.0,3,101.5,102.5,3,101.0,89.5,102.5,89.5,22.0,32265.0,154
2023-05-10 23:54:04,ag2312P5000,ag2312P5000,102.0,0.0,0.0,0.0,2,101.5,102.5,3,101.0,89.5,102.5,89.5,22.0,32265.0,154
2023-05-10 23:54:05,ag2312P5000,ag2312P5000,102.0,0.0,0.0,0.0,2,101.5,102.5,3,101.0,89.5,102.5,89.5,22.0,32265.0,154
2023-05-10 23:54:06,ag2312P5000,ag2312P5000,102.0,0.0,0.0,0.0,2,101.5,102.5,2,101.0,89.5,102.5,89.5,22.0,32265.0,154
2023-05-10 23:54:09,ag2312P5000,ag2312P5000,102.0,0.0,0.0,0.0,1,101.5,102.5,1,101.0,89.5,102.5,89.5,22.0,32265.0,154
2023-05-10 23:54:10,ag2312P5000,ag2312P5000,102.0,0.0,0.0,0.0,1,101.5,104.5,1,101.0,89.5,102.5,89.5,22.0,32265.0,154
2023-05-10 23:54:10,ag2312P5000,ag2312P5000,102.0,0.0,0.0,0.0,1,85.5,123.5,1,101.0,89.5,102.5,89.5,22.0,32265.0,154
2023-05-10 23:54:11,ag2312P5000,ag2312P5000,102.0,0.0,0.0,0.0,2,86.0,123.5,1,101.0,89.5,102.5,89.5,22.0,32265.0,154
2023-05-10 23:54:59,ag2312P5000,ag2312P5000,102.0,0.0,0.0,0.0,1,102.5,106.0,1,101.0,89.5,102.5,89.5,22.0,32265.0,154
2023-05-10 23:54:59,ag2312P5000,ag2312P5000,102.0,0.0,0.0,0.0,1,102.5,106.0,1,101.0,89.5,102.5,89.5,22.0,32265.0,154
2023-05-10 23:55:02,ag2312P5000,ag2312P5000,102.0,0.0,0.0,0.0,2,102.5,106.0,1,101.0,89.5,102.5,89.5,22.0,32265.0,154
2023-05-10 23:55:04,ag2312P5000,ag2312P5000,102.0,0.0,0.0,0.0,2,102.5,104.0,1,101.0,89.5,102.5,89.5,22.0,32265.0,154
2023-05-10 23:55:07,ag2312P5000,ag2312P5000,102.0,0.0,0.0,0.0,2,102.5,103.5,1,101.0,89.5,102.5,89.5,22.0,32265.0,154
2023-05-10 23:55:09,ag2312P5000,ag2312P5000,102.0,0.0,0.0,0.0,3,102.5,103.5,1,101.0,89.5,102.5,89.5,22.0,32265.0,154
2023-05-10 23:55:10,ag2312P5000,ag2312P5000,102.0,0.0,0.0,0.0,3,102.5,103.5,1,101.0,89.5,102.5,89.5,22.0,32265.0,154
2023-05-10 23:55:15,ag2312P5000,ag2312P5000,102.0,0.0,0.0,0.0,3,102.5,103.5,1,101.0,89.5,102.5,89.5,22.0,32265.0,154
2023-05-10 23:55:16,ag2312P5000,ag2312P5000,102.0,0.0,0.0,0.0,3,102.5,103.5,1,101.0,89.5,102.5,89.5,22.0,32265.0,154
2023-05-10 23:55:17,ag2312P5000,ag2312P5000,102.0,0.0,0.0,0.0,3,102.5,104.0,1,101.0,89.5,102.5,89.5,22.0,32265.0,154
2023-05-10 23:55:17,ag2312P5000,ag2312P5000,102.0,0.0,0.0,0.0,2,102.5,104.0,1,101.0,89.5,102.5,89.5,22.0,32265.0,154
2023-05-10 23:55:20,ag2312P5000,ag2312P5000,102.0,0.0,0.0,0.0,1,85.5,123.5,1,101.0,89.5,102.5,89.5,22.0,32265.0,154
2023-05-10 23:55:20,ag2312P5000,ag2312P5000,102.0,0.0,0.0,0.0,2,86.0,123.5,1,101.0,89.5,102.5,89.5,22.0,32265.0,154
2023-05-10 23:55:48,ag2312P5000,ag2312P5000,102.0,0.0,0.0,0.0,2,86.5,123.5,1,101.0,89.5,102.5,89.5,22.0,32265.0,154
2023-05-10 23:55:49,ag2312P5000,ag2312P5000,102.0,0.0,0.0,0.0,2,86.5,123.5,1,101.0,89.5,102.5,89.5,22.0,32265.0,154
2023-05-10 23:55:49,ag2312P5000,ag2312P5000,102.0,0.0,0.0,0.0,2,87.0,123.5,1,101.0,89.5,102.5,89.5,22.0,32265.0,154
2023-05-10 23:55:50,ag2312P5000,ag2312P5000,102.0,0.0,0.0,0.0,2,87.5,123.5,1,101.0,89.5,102.5,89.5,22.0,32265.0,154
2023-05-10 23:55:50,ag2312P5000,ag2312P5000,102.0,0.0,0.0,0.0,2,87.5,123.5,1,101.0,89.5,102.5,89.5,22.0,32265.0,154
2023-05-10 23:55:51,ag2312P5000,ag2312P5000,102.0,0.0,0.0,0.0,2,88.0,123.5,1,101.0,89.5,102.5,89.5,22.0,32265.0,154
2023-05-10 23:55:51,ag2312P5000,ag2312P5000,102.0,0.0,0.0,0.0,2,88.5,123.5,1,101.0,89.5,102.5,89.5,22.0,32265.0,154
2023-05-10 23:55:52,ag2312P5000,ag2312P5000,102.0,0.0,0.0,0.0,2,88.5,123.5,1,101.0,89.5,102.5,89.5,22.0,32265.0,154
2023-05-10 23:55:52,ag2312P5000,ag2312P5000,102.0,0.0,0.0,0.0,2,89.0,123.5,1,101.0,89.5,102.5,89.5,22.0,32265.0,154
2023-05-10 23:55:53,ag2312P5000,ag2312P5000,102.0,0.0,0.0,0.0,2,89.5,123.5,1,101.0,89.5,102.5,89.5,22.0,32265.0,154
2023-05-10 23:55:53,ag2312P5000,ag2312P5000,102.0,0.0,0.0,0.0,2,89.5,123.5,1,101.0,89.5,102.5,89.5,22.0,32265.0,154
2023-05-10 23:55:54,ag2312P5000,ag2312P5000,102.0,0.0,0.0,0.0,2,90.0,123.5,1,101.0,89.5,102.5,89.5,22.0,32265.0,154
2023-05-10 23:55:54,ag2312P5000,ag2312P5000,102.0,0.0,0.0,0.0,2,90.5,123.5,1,101.0,89.5,102.5,89.5,22.0,32265.0,154
2023-05-10 23:55:55,ag2312P5000,ag2312P5000,102.0,0.0,0.0,0.0,2,90.5,123.5,1,101.0,89.5,102.5,89.5,22.0,32265.0,154
2023-05-10 23:56:07,ag2312P5000,ag2312P5000,102.0,0.0,0.0,0.0,1,85.5,123.5,1,101.0,89.5,102.5,89.5,22.0,32265.0,154
2023-05-10 23:56:07,ag2312P5000,ag2312P5000,102.0,0.0,0.0,0.0,2,86.0,123.5,1,101.0,89.5,102.5,89.5,22.0,32265.0,154
2023-05-10 23:58:21,ag2312P5000,ag2312P5000,102.0,0.0,0.0,0.0,2,86.5,123.5,1,101.0,89.5,102.5,89.5,22.0,32265.0,154
2023-05-10 23:58:22,ag2312P5000,ag2312P5000,102.0,0.0,0.0,0.0,2,86.5,123.5,1,101.0,89.5,102.5,89.5,22.0,32265.0,154
2023-05-10 23:58:22,ag2312P5000,ag2312P5000,102.0,0.0,0.0,0.0,2,87.0,123.5,1,101.0,89.5,102.5,89.5,22.0,32265.0,154
2023-05-10 23:58:23,ag2312P5000,ag2312P5000,102.0,0.0,0.0,0.0,2,87.5,123.5,1,101.0,89.5,102.5,89.5,22.0,32265.0,154
2023-05-10 23:58:23,ag2312P5000,ag2312P5000,102.0,0.0,0.0,0.0,2,87.5,123.5,1,101.0,89.5,102.5,89.5,22.0,32265.0,154
2023-05-10 23:58:24,ag2312P5000,ag2312P5000,102.0,0.0,0.0,0.0,2,88.0,123.5,1,101.0,89.5,102.5,89.5,22.0,32265.0,154
2023-05-10 23:58:24,ag2312P5000,ag2312P5000,102.0,0.0,0.0,0.0,2,88.5,123.5,1,101.0,89.5,102.5,89.5,22.0,32265.0,154
2023-05-10 23:58:25,ag2312P5000,ag2312P5000,102.0,0.0,0.0,0.0,2,88.5,123.5,1,101.0,89.5,102.5,89.5,22.0,32265.0,154
2023-05-10 23:58:25,ag2312P5000,ag2312P5000,102.0,0.0,0.0,0.0,2,89.0,123.5,1,101.0,89.5,102.5,89.5,22.0,32265.0,154
2023-05-10 23:58:26,ag2312P5000,ag2312P5000,102.0,0.0,0.0,0.0,2,89.5,123.5,1,101.0,89.5,102.5,89.5,22.0,32265.0,154
2023-05-10 23:58:26,ag2312P5000,ag2312P5000,102.0,0.0,0.0,0.0,2,89.5,123.5,1,101.0,89.5,102.5,89.5,22.0,32265.0,154
2023-05-10 23:58:27,ag2312P5000,ag2312P5000,102.0,0.0,0.0,0.0,4,89.5,123.5,1,101.0,89.5,102.5,89.5,22.0,32265.0,154
2023-05-10 23:58:35,ag2312P5000,ag2312P5000,102.0,0.0,0.0,0.0,1,97.0,102.5,1,101.0,89.5,102.5,89.5,22.0,32265.0,154
2023-05-10 23:58:36,ag2312P5000,ag2312P5000,102.0,0.0,0.0,0.0,1,97.0,102.5,1,101.0,89.5,102.5,89.5,22.0,32265.0,154
2023-05-10 23:58:39,ag2312P5000,ag2312P5000,102.0,0.0,0.0,0.0,1,101.5,102.5,1,101.0,89.5,102.5,89.5,22.0,32265.0,154
2023-05-10 23:58:39,ag2312P5000,ag2312P5000,102.0,0.0,0.0,0.0,1,101.5,102.5,1,101.0,89.5,102.5,89.5,22.0,32265.0,154
2023-05-10 23:58:42,ag2312P5000,ag2312P5000,102.0,0.0,0.0,0.0,1,101.5,102.5,2,101.0,89.5,102.5,89.5,22.0,32265.0,154
2023-05-10 23:58:44,ag2312P5000,ag2312P5000,102.0,0.0,0.0,0.0,2,101.5,102.5,2,101.0,89.5,102.5,89.5,22.0,32265.0,154
2023-05-10 23:58:45,ag2312P5000,ag2312P5000,102.0,0.0,0.0,0.0,2,101.5,102.5,3,101.0,89.5,102.5,89.5,22.0,32265.0,154
2023-05-10 23:58:45,ag2312P5000,ag2312P5000,102.5,1.0,1537.5,1.0,2,101.5,102.5,2,101.0,89.5,102.5,89.5,23.0,33802.5,155
2023-05-10 23:58:50,ag2312P5000,ag2312P5000,102.5,0.0,0.0,0.0,1,101.5,102.5,2,101.0,89.5,102.5,89.5,23.0,33802.5,155
2023-05-10 23:58:51,ag2312P5000,ag2312P5000,102.5,0.0,0.0,0.0,1,101.5,102.5,2,101.0,89.5,102.5,89.5,23.0,33802.5,155
2023-05-10 23:58:52,ag2312P5000,ag2312P5000,102.5,0.0,0.0,0.0,1,101.5,102.5,1,101.0,89.5,102.5,89.5,23.0,33802.5,155
2023-05-10 23:58:54,ag2312P5000,ag2312P5000,102.5,0.0,0.0,0.0,1,101.5,102.5,1,101.0,89.5,102.5,89.5,23.0,33802.5,155
2023-05-10 23:58:55,ag2312P5000,ag2312P5000,102.5,0.0,0.0,0.0,1,85.5,105.5,1,101.0,89.5,102.5,89.5,23.0,33802.5,155
2023-05-10 23:58:55,ag2312P5000,ag2312P5000,102.5,0.0,0.0,0.0,2,86.0,105.5,1,101.0,89.5,102.5,89.5,23.0,33802.5,155
2023-05-10 23:58:56,ag2312P5000,ag2312P5000,102.5,0.0,0.0,0.0,2,86.0,123.5,1,101.0,89.5,102.5,89.5,23.0,33802.5,155
2023-05-11 00:03:23,ag2312P5000,ag2312P5000,102.5,0.0,0.0,0.0,2,86.0,123.5,3,101.0,89.5,102.5,89.5,23.0,33802.5,155
2023-05-11 00:04:17,ag2312P5000,ag2312P5000,102.5,0.0,0.0,0.0,2,86.0,123.5,1,101.0,89.5,102.5,89.5,23.0,33802.5,155
2023-05-11 00:20:06,ag2312P5000,ag2312P5000,102.5,0.0,0.0,0.0,1,85.5,123.5,1,101.0,89.5,102.5,89.5,23.0,33802.5,155
2023-05-11 00:20:07,ag2312P5000,ag2312P5000,102.5,0.0,0.0,0.0,3,85.5,123.0,2,101.0,89.5,102.5,89.5,23.0,33802.5,155
2023-05-11 00:21:37,ag2312P5000,ag2312P5000,102.5,0.0,0.0,0.0,1,97.0,103.5,1,101.0,89.5,102.5,89.5,23.0,33802.5,155
2023-05-11 00:21:37,ag2312P5000,ag2312P5000,102.5,0.0,0.0,0.0,1,97.0,103.5,1,101.0,89.5,102.5,89.5,23.0,33802.5,155
2023-05-11 00:21:40,ag2312P5000,ag2312P5000,102.5,0.0,0.0,0.0,1,101.5,103.5,2,101.0,89.5,102.5,89.5,23.0,33802.5,155
2023-05-11 00:21:40,ag2312P5000,ag2312P5000,102.5,0.0,0.0,0.0,2,101.5,103.5,2,101.0,89.5,102.5,89.5,23.0,33802.5,155
2023-05-11 00:21:45,ag2312P5000,ag2312P5000,102.5,0.0,0.0,0.0,3,101.5,103.5,3,101.0,89.5,102.5,89.5,23.0,33802.5,155
2023-05-11 00:21:46,ag2312P5000,ag2312P5000,102.5,0.0,0.0,0.0,1,102.0,103.5,3,101.0,89.5,102.5,89.5,23.0,33802.5,155
2023-05-11 00:21:47,ag2312P5000,ag2312P5000,102.5,0.0,0.0,0.0,2,102.0,103.5,4,101.0,89.5,102.5,89.5,23.0,33802.5,155
2023-05-11 00:21:49,ag2312P5000,ag2312P5000,102.5,0.0,0.0,0.0,2,102.0,103.5,3,101.0,89.5,102.5,89.5,23.0,33802.5,155
2023-05-11 00:21:51,ag2312P5000,ag2312P5000,102.5,0.0,0.0,0.0,2,102.0,103.5,2,101.0,89.5,102.5,89.5,23.0,33802.5,155
2023-05-11 00:21:52,ag2312P5000,ag2312P5000,102.5,0.0,0.0,0.0,2,102.0,103.5,2,101.0,89.5,102.5,89.5,23.0,33802.5,155
2023-05-11 00:21:55,ag2312P5000,ag2312P5000,102.5,0.0,0.0,0.0,2,102.0,103.5,1,101.0,89.5,102.5,89.5,23.0,33802.5,155
2023-05-11 00:21:57,ag2312P5000,ag2312P5000,102.5,0.0,0.0,0.0,1,102.0,105.0,1,101.0,89.5,102.5,89.5,23.0,33802.5,155
2023-05-11 00:21:57,ag2312P5000,ag2312P5000,102.5,0.0,0.0,0.0,1,85.5,123.5,1,101.0,89.5,102.5,89.5,23.0,33802.5,155
2023-05-11 00:21:58,ag2312P5000,ag2312P5000,102.5,0.0,0.0,0.0,2,86.0,123.0,2,101.0,89.5,102.5,89.5,23.0,33802.5,155
2023-05-11 00:22:21,ag2312P5000,ag2312P5000,102.5,0.0,0.0,0.0,1,85.5,123.0,2,101.0,89.5,102.5,89.5,23.0,33802.5,155
2023-05-11 00:22:21,ag2312P5000,ag2312P5000,102.5,0.0,0.0,0.0,3,85.5,123.0,2,101.0,89.5,102.5,89.5,23.0,33802.5,155
2023-05-11 00:24:20,ag2312P5000,ag2312P5000,102.5,0.0,0.0,0.0,1,85.5,123.0,2,101.0,89.5,102.5,89.5,23.0,33802.5,155
2023-05-11 00:30:47,ag2312P5000,ag2312P5000,102.5,0.0,0.0,0.0,2,86.0,123.0,2,101.0,89.5,102.5,89.5,23.0,33802.5,155
2023-05-11 00:33:55,ag2312P5000,ag2312P5000,102.5,0.0,0.0,0.0,1,85.5,123.0,2,101.0,89.5,102.5,89.5,23.0,33802.5,155
2023-05-11 00:33:56,ag2312P5000,ag2312P5000,102.5,0.0,0.0,0.0,3,85.5,123.0,2,101.0,89.5,102.5,89.5,23.0,33802.5,155
2023-05-11 00:35:15,ag2312P5000,ag2312P5000,102.5,0.0,0.0,0.0,1,85.5,123.0,2,101.0,89.5,102.5,89.5,23.0,33802.5,155
2023-05-11 00:55:03,ag2312P5000,ag2312P5000,102.5,0.0,0.0,0.0,1,85.5,123.5,1,101.0,89.5,102.5,89.5,23.0,33802.5,155
2023-05-11 01:02:00,ag2312P5000,ag2312P5000,102.5,0.0,0.0,0.0,1,100.0,103.5,1,101.0,89.5,102.5,89.5,23.0,33802.5,155
2023-05-11 01:02:02,ag2312P5000,ag2312P5000,102.5,0.0,0.0,0.0,2,100.0,103.5,2,101.0,89.5,102.5,89.5,23.0,33802.5,155
2023-05-11 01:02:11,ag2312P5000,ag2312P5000,102.5,0.0,0.0,0.0,1,100.0,103.5,1,101.0,89.5,102.5,89.5,23.0,33802.5,155
2023-05-11 01:02:13,ag2312P5000,ag2312P5000,102.5,0.0,0.0,0.0,1,85.5,123.5,1,101.0,89.5,102.5,89.5,23.0,33802.5,155
2023-05-11 01:02:13,ag2312P5000,ag2312P5000,102.5,0.0,0.0,0.0,1,85.5,123.0,2,101.0,89.5,102.5,89.5,23.0,33802.5,155
2023-05-11 01:04:32,ag2312P5000,ag2312P5000,102.5,0.0,0.0,0.0,1,95.5,102.5,1,101.0,89.5,102.5,89.5,23.0,33802.5,155
2023-05-11 01:04:32,ag2312P5000,ag2312P5000,102.5,0.0,0.0,0.0,1,95.5,102.5,1,101.0,89.5,102.5,89.5,23.0,33802.5,155
2023-05-11 01:04:35,ag2312P5000,ag2312P5000,102.5,0.0,0.0,0.0,2,95.5,102.5,1,101.0,89.5,102.5,89.5,23.0,33802.5,155
2023-05-11 01:04:36,ag2312P5000,ag2312P5000,102.5,0.0,0.0,0.0,1,99.5,102.5,1,101.0,89.5,102.5,89.5,23.0,33802.5,155
2023-05-11 01:04:40,ag2312P5000,ag2312P5000,102.5,0.0,0.0,0.0,2,99.5,102.5,2,101.0,89.5,102.5,89.5,23.0,33802.5,155
2023-05-11 01:04:44,ag2312P5000,ag2312P5000,102.5,0.0,0.0,0.0,2,99.5,102.5,1,101.0,89.5,102.5,89.5,23.0,33802.5,155
2023-05-11 01:04:47,ag2312P5000,ag2312P5000,102.5,0.0,0.0,0.0,1,99.5,102.5,1,101.0,89.5,102.5,89.5,23.0,33802.5,155
2023-05-11 01:04:50,ag2312P5000,ag2312P5000,102.5,0.0,0.0,0.0,1,99.5,102.5,1,101.0,89.5,102.5,89.5,23.0,33802.5,155
2023-05-11 01:04:51,ag2312P5000,ag2312P5000,102.5,0.0,0.0,0.0,1,85.5,123.5,1,101.0,89.5,102.5,89.5,23.0,33802.5,155
2023-05-11 01:04:51,ag2312P5000,ag2312P5000,102.5,0.0,0.0,0.0,1,85.5,123.0,2,101.0,89.5,102.5,89.5,23.0,33802.5,155
2023-05-11 01:14:37,ag2312P5000,ag2312P5000,102.5,0.0,0.0,0.0,1,95.5,102.0,1,101.0,89.5,102.5,89.5,23.0,33802.5,155
2023-05-11 01:14:38,ag2312P5000,ag2312P5000,102.5,0.0,0.0,0.0,1,95.5,102.0,1,101.0,89.5,102.5,89.5,23.0,33802.5,155
2023-05-11 01:14:41,ag2312P5000,ag2312P5000,102.5,0.0,0.0,0.0,2,95.5,102.0,1,101.0,89.5,102.5,89.5,23.0,33802.5,155
2023-05-11 01:14:46,ag2312P5000,ag2312P5000,102.5,0.0,0.0,0.0,3,95.5,102.0,2,101.0,89.5,102.5,89.5,23.0,33802.5,155
2023-05-11 01:14:48,ag2312P5000,ag2312P5000,102.5,0.0,0.0,0.0,1,101.0,102.0,2,101.0,89.5,102.5,89.5,23.0,33802.5,155
2023-05-11 01:14:50,ag2312P5000,ag2312P5000,102.5,0.0,0.0,0.0,1,101.0,102.0,1,101.0,89.5,102.5,89.5,23.0,33802.5,155
2023-05-11 01:14:56,ag2312P5000,ag2312P5000,102.5,0.0,0.0,0.0,1,101.0,102.0,1,101.0,89.5,102.5,89.5,23.0,33802.5,155
2023-05-11 01:14:56,ag2312P5000,ag2312P5000,102.5,0.0,0.0,0.0,1,101.0,104.5,1,101.0,89.5,102.5,89.5,23.0,33802.5,155
2023-05-11 01:14:59,ag2312P5000,ag2312P5000,102.5,0.0,0.0,0.0,1,85.5,123.5,1,101.0,89.5,102.5,89.5,23.0,33802.5,155
2023-05-11 01:14:59,ag2312P5000,ag2312P5000,102.5,0.0,0.0,0.0,1,85.5,123.0,2,101.0,89.5,102.5,89.5,23.0,33802.5,155
2023-05-11 01:15:12,ag2312P5000,ag2312P5000,102.5,0.0,0.0,0.0,2,86.0,123.0,2,101.0,89.5,102.5,89.5,23.0,33802.5,155
2023-05-11 01:15:23,ag2312P5000,ag2312P5000,102.5,0.0,0.0,0.0,1,85.5,123.0,2,101.0,89.5,102.5,89.5,23.0,33802.5,155
2023-05-11 01:16:01,ag2312P5000,ag2312P5000,102.5,0.0,0.0,0.0,1,95.5,102.0,1,101.0,89.5,102.5,89.5,23.0,33802.5,155
2023-05-11 01:16:02,ag2312P5000,ag2312P5000,102.5,0.0,0.0,0.0,1,95.5,102.0,1,101.0,89.5,102.5,89.5,23.0,33802.5,155
2023-05-11 01:16:04,ag2312P5000,ag2312P5000,102.0,1.0,1530.0,1.0,1,85.5,123.5,1,101.0,89.5,102.5,89.5,24.0,35332.5,156
2023-05-11 01:16:04,ag2312P5000,ag2312P5000,102.0,0.0,0.0,0.0,1,85.5,123.0,2,101.0,89.5,102.5,89.5,24.0,35332.5,156
2023-05-11 01:16:05,ag2312P5000,ag2312P5000,102.0,0.0,0.0,0.0,1,85.5,122.5,1,101.0,89.5,102.5,89.5,24.0,35332.5,156
2023-05-11 01:16:05,ag2312P5000,ag2312P5000,102.0,0.0,0.0,0.0,1,85.5,122.5,1,101.0,89.5,102.5,89.5,24.0,35332.5,156
2023-05-11 01:16:06,ag2312P5000,ag2312P5000,102.0,0.0,0.0,0.0,1,85.5,122.0,2,101.0,89.5,102.5,89.5,24.0,35332.5,156
2023-05-11 01:16:06,ag2312P5000,ag2312P5000,102.0,0.0,0.0,0.0,1,85.5,121.5,1,101.0,89.5,102.5,89.5,24.0,35332.5,156
2023-05-11 01:16:07,ag2312P5000,ag2312P5000,102.0,0.0,0.0,0.0,1,85.5,121.5,1,101.0,89.5,102.5,89.5,24.0,35332.5,156
2023-05-11 01:16:07,ag2312P5000,ag2312P5000,102.0,0.0,0.0,0.0,1,85.5,121.0,2,101.0,89.5,102.5,89.5,24.0,35332.5,156
2023-05-11 01:16:08,ag2312P5000,ag2312P5000,102.0,0.0,0.0,0.0,1,85.5,120.5,1,101.0,89.5,102.5,89.5,24.0,35332.5,156
2023-05-11 01:16:08,ag2312P5000,ag2312P5000,102.0,0.0,0.0,0.0,1,85.5,120.5,1,101.0,89.5,102.5,89.5,24.0,35332.5,156
2023-05-11 01:16:09,ag2312P5000,ag2312P5000,102.0,0.0,0.0,0.0,1,85.5,120.0,2,101.0,89.5,102.5,89.5,24.0,35332.5,156
