time,symbol_id,symbol_name,last,trade_volume,trade_amount,open_interest_change,bv1,bp1,ap1,av1,yesterday_close,today_open,today_high,today_low,volume,amount,open_interest
2023-05-10 20:59:00,ag2312P4350,ag2312P4350,22.5,0.0,0.0,0.0,1,1.5,0.0,0,22.5,24.0,0.0,0.0,0.0,0.0,51
2023-05-10 21:00:00,ag2312P4350,ag2312P4350,22.5,0.0,0.0,0.0,2,17.5,0.0,0,22.5,24.0,0.0,0.0,0.0,0.0,51
2023-05-10 21:00:02,ag2312P4350,ag2312P4350,22.5,0.0,0.0,0.0,2,17.5,140.5,2,22.5,24.0,0.0,0.0,0.0,0.0,51
2023-05-10 21:00:50,ag2312P4350,ag2312P4350,22.5,0.0,0.0,0.0,1,1.5,0.0,0,22.5,24.0,0.0,0.0,0.0,0.0,51
2023-05-10 21:00:51,ag2312P4350,ag2312P4350,22.5,0.0,0.0,0.0,1,14.0,0.0,0,22.5,24.0,0.0,0.0,0.0,0.0,51
2023-05-10 21:00:54,ag2312P4350,ag2312P4350,22.5,0.0,0.0,0.0,1,14.0,140.5,1,22.5,24.0,0.0,0.0,0.0,0.0,51
2023-05-10 21:01:11,ag2312P4350,ag2312P4350,22.5,0.0,0.0,0.0,1,22.0,25.5,1,22.5,24.0,0.0,0.0,0.0,0.0,51
2023-05-10 21:02:15,ag2312P4350,ag2312P4350,22.5,0.0,0.0,0.0,1,22.0,25.0,1,22.5,24.0,0.0,0.0,0.0,0.0,51
2023-05-10 21:02:22,ag2312P4350,ag2312P4350,22.5,0.0,0.0,0.0,1,22.5,25.0,1,22.5,24.0,0.0,0.0,0.0,0.0,51
2023-05-10 21:04:44,ag2312P4350,ag2312P4350,22.5,0.0,0.0,0.0,1,22.5,25.0,1,22.5,24.0,0.0,0.0,0.0,0.0,51
2023-05-10 21:04:57,ag2312P4350,ag2312P4350,22.5,0.0,0.0,0.0,1,22.5,24.5,1,22.5,24.0,0.0,0.0,0.0,0.0,51
2023-05-10 21:15:15,ag2312P4350,ag2312P4350,22.5,0.0,0.0,0.0,1,23.0,24.5,1,22.5,24.0,0.0,0.0,0.0,0.0,51
2023-05-10 21:16:38,ag2312P4350,ag2312P4350,22.5,0.0,0.0,0.0,1,23.0,24.5,1,22.5,24.0,0.0,0.0,0.0,0.0,51
2023-05-10 21:17:23,ag2312P4350,ag2312P4350,22.5,0.0,0.0,0.0,1,23.0,25.0,1,22.5,24.0,0.0,0.0,0.0,0.0,51
2023-05-10 21:18:45,ag2312P4350,ag2312P4350,22.5,0.0,0.0,0.0,1,23.0,25.0,1,22.5,24.0,0.0,0.0,0.0,0.0,51
2023-05-10 21:19:13,ag2312P4350,ag2312P4350,22.5,0.0,0.0,0.0,1,23.0,24.5,1,22.5,24.0,0.0,0.0,0.0,0.0,51
2023-05-10 21:20:57,ag2312P4350,ag2312P4350,22.5,0.0,0.0,0.0,1,22.5,24.5,1,22.5,24.0,0.0,0.0,0.0,0.0,51
2023-05-10 21:21:27,ag2312P4350,ag2312P4350,22.5,0.0,0.0,0.0,1,22.5,24.5,1,22.5,24.0,0.0,0.0,0.0,0.0,51
2023-05-10 21:23:12,ag2312P4350,ag2312P4350,22.5,0.0,0.0,0.0,1,23.0,24.5,1,22.5,24.0,0.0,0.0,0.0,0.0,51
2023-05-10 21:27:38,ag2312P4350,ag2312P4350,22.5,0.0,0.0,0.0,1,23.0,25.0,1,22.5,24.0,0.0,0.0,0.0,0.0,51
2023-05-10 21:37:26,ag2312P4350,ag2312P4350,22.5,0.0,0.0,0.0,1,23.0,24.5,1,22.5,24.0,0.0,0.0,0.0,0.0,51
2023-05-10 21:42:05,ag2312P4350,ag2312P4350,22.5,0.0,0.0,0.0,1,23.0,25.0,1,22.5,24.0,0.0,0.0,0.0,0.0,51
2023-05-10 21:46:45,ag2312P4350,ag2312P4350,22.5,0.0,0.0,0.0,1,23.0,24.5,1,22.5,24.0,0.0,0.0,0.0,0.0,51
2023-05-10 21:48:13,ag2312P4350,ag2312P4350,22.5,0.0,0.0,0.0,1,22.5,24.5,1,22.5,24.0,0.0,0.0,0.0,0.0,51
2023-05-10 21:50:08,ag2312P4350,ag2312P4350,22.5,0.0,0.0,0.0,1,23.0,24.5,1,22.5,24.0,0.0,0.0,0.0,0.0,51
2023-05-10 21:57:57,ag2312P4350,ag2312P4350,22.5,0.0,0.0,0.0,1,23.0,25.0,1,22.5,24.0,0.0,0.0,0.0,0.0,51
2023-05-10 22:00:27,ag2312P4350,ag2312P4350,22.5,0.0,0.0,0.0,1,23.5,25.0,1,22.5,24.0,0.0,0.0,0.0,0.0,51
2023-05-10 22:04:13,ag2312P4350,ag2312P4350,22.5,0.0,0.0,0.0,1,23.5,25.5,1,22.5,24.0,0.0,0.0,0.0,0.0,51
2023-05-10 22:04:16,ag2312P4350,ag2312P4350,22.5,0.0,0.0,0.0,1,24.0,25.5,1,22.5,24.0,0.0,0.0,0.0,0.0,51
2023-05-10 22:04:17,ag2312P4350,ag2312P4350,22.5,0.0,0.0,0.0,1,24.0,140.5,1,22.5,24.0,0.0,0.0,0.0,0.0,51
2023-05-10 22:04:18,ag2312P4350,ag2312P4350,22.5,0.0,0.0,0.0,1,24.0,135.0,1,22.5,24.0,0.0,0.0,0.0,0.0,51
2023-05-10 22:04:18,ag2312P4350,ag2312P4350,22.5,0.0,0.0,0.0,1,24.0,87.0,1,22.5,24.0,0.0,0.0,0.0,0.0,51
2023-05-10 22:04:19,ag2312P4350,ag2312P4350,22.5,0.0,0.0,0.0,1,24.0,87.0,1,22.5,24.0,0.0,0.0,0.0,0.0,51
2023-05-10 22:04:19,ag2312P4350,ag2312P4350,22.5,0.0,0.0,0.0,1,24.0,87.0,1,22.5,24.0,0.0,0.0,0.0,0.0,51
2023-05-10 22:04:20,ag2312P4350,ag2312P4350,22.5,0.0,0.0,0.0,1,24.0,26.0,1,22.5,24.0,0.0,0.0,0.0,0.0,51
2023-05-10 22:04:20,ag2312P4350,ag2312P4350,22.5,0.0,0.0,0.0,1,24.0,26.0,1,22.5,24.0,0.0,0.0,0.0,0.0,51
2023-05-10 22:04:21,ag2312P4350,ag2312P4350,22.5,0.0,0.0,0.0,1,24.0,26.0,1,22.5,24.0,0.0,0.0,0.0,0.0,51
2023-05-10 22:04:21,ag2312P4350,ag2312P4350,22.5,0.0,0.0,0.0,1,24.0,26.0,1,22.5,24.0,0.0,0.0,0.0,0.0,51
2023-05-10 22:30:28,ag2312P4350,ag2312P4350,22.5,0.0,0.0,0.0,1,24.5,26.0,1,22.5,24.0,0.0,0.0,0.0,0.0,51
2023-05-10 22:32:26,ag2312P4350,ag2312P4350,22.5,0.0,0.0,0.0,1,24.5,33.5,1,22.5,24.0,0.0,0.0,0.0,0.0,51
2023-05-10 22:32:29,ag2312P4350,ag2312P4350,22.5,0.0,0.0,0.0,1,24.5,26.5,1,22.5,24.0,0.0,0.0,0.0,0.0,51
2023-05-10 22:42:05,ag2312P4350,ag2312P4350,22.5,0.0,0.0,0.0,1,25.0,26.5,1,22.5,24.0,0.0,0.0,0.0,0.0,51
2023-05-10 22:43:51,ag2312P4350,ag2312P4350,22.5,0.0,0.0,0.0,1,25.0,27.0,1,22.5,24.0,0.0,0.0,0.0,0.0,51
2023-05-10 22:48:12,ag2312P4350,ag2312P4350,22.5,0.0,0.0,0.0,1,25.0,27.0,1,22.5,24.0,0.0,0.0,0.0,0.0,51
2023-05-10 22:50:17,ag2312P4350,ag2312P4350,22.5,0.0,0.0,0.0,1,25.0,27.0,1,22.5,24.0,0.0,0.0,0.0,0.0,51
2023-05-10 22:50:32,ag2312P4350,ag2312P4350,22.5,0.0,0.0,0.0,1,25.5,27.0,1,22.5,24.0,0.0,0.0,0.0,0.0,51
2023-05-10 22:52:33,ag2312P4350,ag2312P4350,22.5,0.0,0.0,0.0,1,25.5,27.0,1,22.5,24.0,0.0,0.0,0.0,0.0,51
2023-05-10 22:53:08,ag2312P4350,ag2312P4350,22.5,0.0,0.0,0.0,1,25.5,33.5,1,22.5,24.0,0.0,0.0,0.0,0.0,51
2023-05-10 22:53:08,ag2312P4350,ag2312P4350,22.5,0.0,0.0,0.0,1,25.5,27.5,1,22.5,24.0,0.0,0.0,0.0,0.0,51
2023-05-10 23:01:06,ag2312P4350,ag2312P4350,22.5,0.0,0.0,0.0,1,26.0,27.5,1,22.5,24.0,0.0,0.0,0.0,0.0,51
2023-05-10 23:01:22,ag2312P4350,ag2312P4350,22.5,0.0,0.0,0.0,1,14.0,33.5,1,22.5,24.0,0.0,0.0,0.0,0.0,51
2023-05-10 23:03:11,ag2312P4350,ag2312P4350,22.5,0.0,0.0,0.0,2,14.5,33.5,1,22.5,24.0,0.0,0.0,0.0,0.0,51
2023-05-10 23:03:11,ag2312P4350,ag2312P4350,22.5,0.0,0.0,0.0,1,21.5,33.5,1,22.5,24.0,0.0,0.0,0.0,0.0,51
2023-05-10 23:03:12,ag2312P4350,ag2312P4350,22.5,0.0,0.0,0.0,1,21.5,33.5,1,22.5,24.0,0.0,0.0,0.0,0.0,51
2023-05-10 23:11:52,ag2312P4350,ag2312P4350,22.5,0.0,0.0,0.0,2,22.0,33.5,1,22.5,24.0,0.0,0.0,0.0,0.0,51
2023-05-10 23:11:55,ag2312P4350,ag2312P4350,22.5,0.0,0.0,0.0,1,21.5,33.5,1,22.5,24.0,0.0,0.0,0.0,0.0,51
2023-05-10 23:12:12,ag2312P4350,ag2312P4350,22.5,0.0,0.0,0.0,1,23.0,33.5,1,22.5,24.0,0.0,0.0,0.0,0.0,51
2023-05-10 23:12:17,ag2312P4350,ag2312P4350,22.5,0.0,0.0,0.0,1,23.0,24.0,1,22.5,24.0,0.0,0.0,0.0,0.0,51
2023-05-10 23:12:18,ag2312P4350,ag2312P4350,24.0,1.0,360.0,1.0,1,23.0,33.5,1,22.5,24.0,24.0,24.0,1.0,360.0,52
2023-05-10 23:12:19,ag2312P4350,ag2312P4350,24.0,0.0,0.0,0.0,1,25.0,26.0,1,22.5,24.0,24.0,24.0,1.0,360.0,52
2023-05-10 23:12:19,ag2312P4350,ag2312P4350,24.0,0.0,0.0,0.0,1,25.5,26.0,1,22.5,24.0,24.0,24.0,1.0,360.0,52
2023-05-10 23:12:20,ag2312P4350,ag2312P4350,24.0,0.0,0.0,0.0,1,25.5,26.0,1,22.5,24.0,24.0,24.0,1.0,360.0,52
2023-05-10 23:12:21,ag2312P4350,ag2312P4350,26.0,1.0,390.0,0.0,1,25.5,27.0,2,22.5,24.0,26.0,24.0,2.0,750.0,52
2023-05-10 23:12:22,ag2312P4350,ag2312P4350,26.0,0.0,0.0,0.0,1,25.5,27.0,3,22.5,24.0,26.0,24.0,2.0,750.0,52
2023-05-10 23:12:23,ag2312P4350,ag2312P4350,26.0,0.0,0.0,0.0,2,25.5,27.0,4,22.5,24.0,26.0,24.0,2.0,750.0,52
2023-05-10 23:12:24,ag2312P4350,ag2312P4350,26.0,0.0,0.0,0.0,2,25.5,26.0,1,22.5,24.0,26.0,24.0,2.0,750.0,52
2023-05-10 23:12:25,ag2312P4350,ag2312P4350,26.0,0.0,0.0,0.0,2,25.5,26.0,1,22.5,24.0,26.0,24.0,2.0,750.0,52
2023-05-10 23:12:26,ag2312P4350,ag2312P4350,26.0,0.0,0.0,0.0,3,25.5,26.0,2,22.5,24.0,26.0,24.0,2.0,750.0,52
2023-05-10 23:12:30,ag2312P4350,ag2312P4350,26.0,0.0,0.0,0.0,3,25.5,26.0,2,22.5,24.0,26.0,24.0,2.0,750.0,52
2023-05-10 23:12:30,ag2312P4350,ag2312P4350,26.0,0.0,0.0,0.0,2,25.5,26.0,2,22.5,24.0,26.0,24.0,2.0,750.0,52
2023-05-10 23:12:32,ag2312P4350,ag2312P4350,26.0,0.0,0.0,0.0,2,25.5,26.0,2,22.5,24.0,26.0,24.0,2.0,750.0,52
2023-05-10 23:12:32,ag2312P4350,ag2312P4350,26.0,0.0,0.0,0.0,2,25.5,26.0,2,22.5,24.0,26.0,24.0,2.0,750.0,52
2023-05-10 23:12:33,ag2312P4350,ag2312P4350,26.0,0.0,0.0,0.0,2,25.5,26.0,2,22.5,24.0,26.0,24.0,2.0,750.0,52
2023-05-10 23:12:33,ag2312P4350,ag2312P4350,26.0,0.0,0.0,0.0,1,25.5,26.0,2,22.5,24.0,26.0,24.0,2.0,750.0,52
2023-05-10 23:12:34,ag2312P4350,ag2312P4350,26.0,0.0,0.0,0.0,1,25.5,26.0,1,22.5,24.0,26.0,24.0,2.0,750.0,52
2023-05-10 23:12:37,ag2312P4350,ag2312P4350,26.0,0.0,0.0,0.0,1,21.5,27.0,1,22.5,24.0,26.0,24.0,2.0,750.0,52
2023-05-10 23:12:37,ag2312P4350,ag2312P4350,26.0,0.0,0.0,0.0,1,21.5,33.5,1,22.5,24.0,26.0,24.0,2.0,750.0,52
2023-05-10 23:13:41,ag2312P4350,ag2312P4350,26.0,0.0,0.0,0.0,1,2.5,0.0,0,22.5,24.0,26.0,24.0,2.0,750.0,52
2023-05-10 23:13:44,ag2312P4350,ag2312P4350,26.0,0.0,0.0,0.0,2,10.5,0.0,0,22.5,24.0,26.0,24.0,2.0,750.0,52
2023-05-10 23:13:45,ag2312P4350,ag2312P4350,26.0,0.0,0.0,0.0,2,10.5,543.0,1,22.5,24.0,26.0,24.0,2.0,750.0,52
2023-05-10 23:13:46,ag2312P4350,ag2312P4350,26.0,0.0,0.0,0.0,2,10.5,542.5,1,22.5,24.0,26.0,24.0,2.0,750.0,52
2023-05-10 23:13:46,ag2312P4350,ag2312P4350,26.0,0.0,0.0,0.0,2,10.5,541.0,1,22.5,24.0,26.0,24.0,2.0,750.0,52
2023-05-10 23:13:53,ag2312P4350,ag2312P4350,26.0,0.0,0.0,0.0,1,19.0,541.0,1,22.5,24.0,26.0,24.0,2.0,750.0,52
2023-05-10 23:13:53,ag2312P4350,ag2312P4350,26.0,0.0,0.0,0.0,2,19.5,541.0,1,22.5,24.0,26.0,24.0,2.0,750.0,52
2023-05-10 23:13:54,ag2312P4350,ag2312P4350,26.0,0.0,0.0,0.0,1,24.5,26.5,1,22.5,24.0,26.0,24.0,2.0,750.0,52
2023-05-10 23:13:54,ag2312P4350,ag2312P4350,26.0,0.0,0.0,0.0,1,24.5,26.5,1,22.5,24.0,26.0,24.0,2.0,750.0,52
2023-05-10 23:13:55,ag2312P4350,ag2312P4350,26.0,0.0,0.0,0.0,1,24.5,26.5,1,22.5,24.0,26.0,24.0,2.0,750.0,52
2023-05-10 23:13:56,ag2312P4350,ag2312P4350,26.0,0.0,0.0,0.0,1,24.5,26.5,1,22.5,24.0,26.0,24.0,2.0,750.0,52
2023-05-10 23:14:10,ag2312P4350,ag2312P4350,26.0,0.0,0.0,0.0,1,24.5,26.5,1,22.5,24.0,26.0,24.0,2.0,750.0,52
2023-05-10 23:14:30,ag2312P4350,ag2312P4350,26.0,0.0,0.0,0.0,1,24.5,26.0,1,22.5,24.0,26.0,24.0,2.0,750.0,52
2023-05-10 23:14:31,ag2312P4350,ag2312P4350,26.0,0.0,0.0,0.0,1,19.0,26.0,1,22.5,24.0,26.0,24.0,2.0,750.0,52
2023-05-10 23:14:45,ag2312P4350,ag2312P4350,26.0,0.0,0.0,0.0,1,24.0,26.0,1,22.5,24.0,26.0,24.0,2.0,750.0,52
2023-05-10 23:25:54,ag2312P4350,ag2312P4350,26.0,0.0,0.0,0.0,1,19.0,140.5,1,22.5,24.0,26.0,24.0,2.0,750.0,52
2023-05-10 23:25:55,ag2312P4350,ag2312P4350,26.0,0.0,0.0,0.0,1,19.0,139.0,1,22.5,24.0,26.0,24.0,2.0,750.0,52
2023-05-10 23:25:56,ag2312P4350,ag2312P4350,26.0,0.0,0.0,0.0,1,19.0,133.5,1,22.5,24.0,26.0,24.0,2.0,750.0,52
2023-05-10 23:25:57,ag2312P4350,ag2312P4350,26.0,0.0,0.0,0.0,1,19.0,132.0,1,22.5,24.0,26.0,24.0,2.0,750.0,52
2023-05-10 23:25:58,ag2312P4350,ag2312P4350,26.0,0.0,0.0,0.0,1,19.0,84.0,1,22.5,24.0,26.0,24.0,2.0,750.0,52
2023-05-10 23:25:59,ag2312P4350,ag2312P4350,26.0,0.0,0.0,0.0,1,19.0,84.0,1,22.5,24.0,26.0,24.0,2.0,750.0,52
2023-05-10 23:26:00,ag2312P4350,ag2312P4350,26.0,0.0,0.0,0.0,1,19.0,83.5,1,22.5,24.0,26.0,24.0,2.0,750.0,52
2023-05-10 23:26:01,ag2312P4350,ag2312P4350,26.0,0.0,0.0,0.0,1,19.0,35.5,1,22.5,24.0,26.0,24.0,2.0,750.0,52
2023-05-10 23:26:02,ag2312P4350,ag2312P4350,26.0,0.0,0.0,0.0,1,19.0,35.5,1,22.5,24.0,26.0,24.0,2.0,750.0,52
2023-05-10 23:26:28,ag2312P4350,ag2312P4350,26.0,0.0,0.0,0.0,1,2.5,83.5,1,22.5,24.0,26.0,24.0,2.0,750.0,52
2023-05-10 23:26:30,ag2312P4350,ag2312P4350,26.0,0.0,0.0,0.0,2,6.5,83.5,1,22.5,24.0,26.0,24.0,2.0,750.0,52
2023-05-10 23:26:46,ag2312P4350,ag2312P4350,26.0,0.0,0.0,0.0,2,6.5,78.0,1,22.5,24.0,26.0,24.0,2.0,750.0,52
2023-05-10 23:27:09,ag2312P4350,ag2312P4350,26.0,0.0,0.0,0.0,1,17.0,32.5,1,22.5,24.0,26.0,24.0,2.0,750.0,52
2023-05-10 23:27:10,ag2312P4350,ag2312P4350,26.0,0.0,0.0,0.0,2,17.5,32.5,1,22.5,24.0,26.0,24.0,2.0,750.0,52
2023-05-10 23:27:11,ag2312P4350,ag2312P4350,26.0,0.0,0.0,0.0,1,23.5,26.5,1,22.5,24.0,26.0,24.0,2.0,750.0,52
2023-05-10 23:27:11,ag2312P4350,ag2312P4350,26.0,0.0,0.0,0.0,1,23.5,26.5,1,22.5,24.0,26.0,24.0,2.0,750.0,52
2023-05-10 23:27:12,ag2312P4350,ag2312P4350,26.0,0.0,0.0,0.0,1,23.5,26.5,1,22.5,24.0,26.0,24.0,2.0,750.0,52
2023-05-10 23:31:11,ag2312P4350,ag2312P4350,26.0,0.0,0.0,0.0,1,23.5,26.5,1,22.5,24.0,26.0,24.0,2.0,750.0,52
2023-05-10 23:31:36,ag2312P4350,ag2312P4350,26.0,0.0,0.0,0.0,1,17.0,32.5,1,22.5,24.0,26.0,24.0,2.0,750.0,52
2023-05-10 23:31:40,ag2312P4350,ag2312P4350,26.0,0.0,0.0,0.0,1,2.5,83.5,1,22.5,24.0,26.0,24.0,2.0,750.0,52
2023-05-10 23:31:43,ag2312P4350,ag2312P4350,26.0,0.0,0.0,0.0,2,6.5,83.5,1,22.5,24.0,26.0,24.0,2.0,750.0,52
2023-05-10 23:31:46,ag2312P4350,ag2312P4350,26.0,0.0,0.0,0.0,2,6.5,78.0,1,22.5,24.0,26.0,24.0,2.0,750.0,52
2023-05-10 23:56:00,ag2312P4350,ag2312P4350,26.0,0.0,0.0,0.0,2,6.5,77.5,1,22.5,24.0,26.0,24.0,2.0,750.0,52
2023-05-10 23:56:01,ag2312P4350,ag2312P4350,26.0,0.0,0.0,0.0,2,6.5,77.5,1,22.5,24.0,26.0,24.0,2.0,750.0,52
2023-05-10 23:56:02,ag2312P4350,ag2312P4350,26.0,0.0,0.0,0.0,2,6.5,72.0,1,22.5,24.0,26.0,24.0,2.0,750.0,52
2023-05-10 23:56:12,ag2312P4350,ag2312P4350,26.0,0.0,0.0,0.0,2,6.5,72.0,1,22.5,24.0,26.0,24.0,2.0,750.0,52
2023-05-11 00:26:00,ag2312P4350,ag2312P4350,26.0,0.0,0.0,0.0,2,6.5,71.5,1,22.5,24.0,26.0,24.0,2.0,750.0,52
2023-05-11 00:26:01,ag2312P4350,ag2312P4350,26.0,0.0,0.0,0.0,2,6.5,71.5,1,22.5,24.0,26.0,24.0,2.0,750.0,52
2023-05-11 00:26:02,ag2312P4350,ag2312P4350,26.0,0.0,0.0,0.0,2,6.5,66.0,1,22.5,24.0,26.0,24.0,2.0,750.0,52
2023-05-11 00:26:04,ag2312P4350,ag2312P4350,26.0,0.0,0.0,0.0,2,6.5,66.0,1,22.5,24.0,26.0,24.0,2.0,750.0,52
2023-05-11 00:56:00,ag2312P4350,ag2312P4350,26.0,0.0,0.0,0.0,2,6.5,65.5,1,22.5,24.0,26.0,24.0,2.0,750.0,52
2023-05-11 00:56:00,ag2312P4350,ag2312P4350,26.0,0.0,0.0,0.0,2,6.5,65.5,1,22.5,24.0,26.0,24.0,2.0,750.0,52
2023-05-11 00:56:02,ag2312P4350,ag2312P4350,26.0,0.0,0.0,0.0,2,6.5,65.5,1,22.5,24.0,26.0,24.0,2.0,750.0,52
2023-05-11 00:56:04,ag2312P4350,ag2312P4350,26.0,0.0,0.0,0.0,2,6.5,60.0,1,22.5,24.0,26.0,24.0,2.0,750.0,52
2023-05-11 00:57:06,ag2312P4350,ag2312P4350,26.0,0.0,0.0,0.0,1,2.5,60.0,1,22.5,24.0,26.0,24.0,2.0,750.0,52
2023-05-11 00:58:43,ag2312P4350,ag2312P4350,26.0,0.0,0.0,0.0,1,2.5,65.5,1,22.5,24.0,26.0,24.0,2.0,750.0,52
2023-05-11 01:01:36,ag2312P4350,ag2312P4350,26.0,0.0,0.0,0.0,1,2.5,60.0,1,22.5,24.0,26.0,24.0,2.0,750.0,52
2023-05-11 01:03:11,ag2312P4350,ag2312P4350,26.0,0.0,0.0,0.0,2,3.0,60.0,1,22.5,24.0,26.0,24.0,2.0,750.0,52
2023-05-11 01:26:00,ag2312P4350,ag2312P4350,26.0,0.0,0.0,0.0,2,3.0,59.5,1,22.5,24.0,26.0,24.0,2.0,750.0,52
2023-05-11 01:26:01,ag2312P4350,ag2312P4350,26.0,0.0,0.0,0.0,2,3.0,59.5,1,22.5,24.0,26.0,24.0,2.0,750.0,52
2023-05-11 01:26:01,ag2312P4350,ag2312P4350,26.0,0.0,0.0,0.0,2,3.0,54.0,1,22.5,24.0,26.0,24.0,2.0,750.0,52
2023-05-11 01:53:35,ag2312P4350,ag2312P4350,26.0,0.0,0.0,0.0,2,3.0,54.0,1,22.5,24.0,26.0,24.0,2.0,750.0,52
2023-05-11 02:27:04,ag2312P4350,ag2312P4350,26.0,0.0,0.0,0.0,1,2.5,54.0,1,22.5,24.0,26.0,24.0,2.0,750.0,52
2023-05-11 02:28:37,ag2312P4350,ag2312P4350,26.0,0.0,0.0,0.0,1,2.5,54.0,1,22.5,24.0,26.0,24.0,2.0,750.0,52
2023-05-11 02:28:46,ag2312P4350,ag2312P4350,26.0,0.0,0.0,0.0,1,2.5,59.5,1,22.5,24.0,26.0,24.0,2.0,750.0,52
2023-05-11 09:00:00,ag2312P4350,ag2312P4350,26.0,0.0,0.0,0.0,1,15.5,33.5,1,22.5,24.0,26.0,24.0,2.0,750.0,52
2023-05-11 09:01:27,ag2312P4350,ag2312P4350,26.0,0.0,0.0,0.0,1,23.0,25.5,1,22.5,24.0,26.0,24.0,2.0,750.0,52
2023-05-11 09:02:05,ag2312P4350,ag2312P4350,26.0,0.0,0.0,0.0,1,23.0,25.5,1,22.5,24.0,26.0,24.0,2.0,750.0,52
2023-05-11 09:02:11,ag2312P4350,ag2312P4350,26.0,0.0,0.0,0.0,1,23.0,25.0,1,22.5,24.0,26.0,24.0,2.0,750.0,52
2023-05-11 09:05:06,ag2312P4350,ag2312P4350,26.0,0.0,0.0,0.0,1,23.5,25.0,1,22.5,24.0,26.0,24.0,2.0,750.0,52
2023-05-11 09:11:01,ag2312P4350,ag2312P4350,26.0,0.0,0.0,0.0,1,23.5,25.0,1,22.5,24.0,26.0,24.0,2.0,750.0,52
2023-05-11 09:21:39,ag2312P4350,ag2312P4350,26.0,0.0,0.0,0.0,1,23.5,25.0,1,22.5,24.0,26.0,24.0,2.0,750.0,52
2023-05-11 09:22:55,ag2312P4350,ag2312P4350,26.0,0.0,0.0,0.0,1,23.0,25.0,1,22.5,24.0,26.0,24.0,2.0,750.0,52
2023-05-11 09:24:05,ag2312P4350,ag2312P4350,26.0,0.0,0.0,0.0,1,23.0,24.5,1,22.5,24.0,26.0,24.0,2.0,750.0,52
2023-05-11 09:25:25,ag2312P4350,ag2312P4350,26.0,0.0,0.0,0.0,1,23.0,24.5,1,22.5,24.0,26.0,24.0,2.0,750.0,52
2023-05-11 09:31:27,ag2312P4350,ag2312P4350,26.0,0.0,0.0,0.0,1,23.0,24.5,1,22.5,24.0,26.0,24.0,2.0,750.0,52
2023-05-11 09:32:40,ag2312P4350,ag2312P4350,26.0,0.0,0.0,0.0,1,23.0,24.5,1,22.5,24.0,26.0,24.0,2.0,750.0,52
2023-05-11 09:34:08,ag2312P4350,ag2312P4350,26.0,0.0,0.0,0.0,1,23.0,24.5,1,22.5,24.0,26.0,24.0,2.0,750.0,52
2023-05-11 09:34:52,ag2312P4350,ag2312P4350,26.0,0.0,0.0,0.0,1,23.0,24.5,1,22.5,24.0,26.0,24.0,2.0,750.0,52
2023-05-11 09:37:02,ag2312P4350,ag2312P4350,26.0,0.0,0.0,0.0,1,23.0,25.0,1,22.5,24.0,26.0,24.0,2.0,750.0,52
2023-05-11 09:37:10,ag2312P4350,ag2312P4350,26.0,0.0,0.0,0.0,1,23.5,25.0,1,22.5,24.0,26.0,24.0,2.0,750.0,52
2023-05-11 09:38:42,ag2312P4350,ag2312P4350,26.0,0.0,0.0,0.0,1,23.5,25.0,1,22.5,24.0,26.0,24.0,2.0,750.0,52
2023-05-11 09:41:32,ag2312P4350,ag2312P4350,26.0,0.0,0.0,0.0,1,23.5,25.0,1,22.5,24.0,26.0,24.0,2.0,750.0,52
2023-05-11 09:43:25,ag2312P4350,ag2312P4350,26.0,0.0,0.0,0.0,1,23.0,25.0,1,22.5,24.0,26.0,24.0,2.0,750.0,52
2023-05-11 09:43:26,ag2312P4350,ag2312P4350,26.0,0.0,0.0,0.0,1,23.0,24.5,1,22.5,24.0,26.0,24.0,2.0,750.0,52
2023-05-11 10:13:53,ag2312P4350,ag2312P4350,26.0,0.0,0.0,0.0,1,23.5,25.0,1,22.5,24.0,26.0,24.0,2.0,750.0,52
2023-05-11 10:14:29,ag2312P4350,ag2312P4350,26.0,0.0,0.0,0.0,1,23.0,28.0,1,22.5,24.0,26.0,24.0,2.0,750.0,52
2023-05-11 10:14:33,ag2312P4350,ag2312P4350,26.0,0.0,0.0,0.0,1,23.0,26.0,1,22.5,24.0,26.0,24.0,2.0,750.0,52
2023-05-11 10:30:01,ag2312P4350,ag2312P4350,26.0,0.0,0.0,0.0,1,23.0,25.0,1,22.5,24.0,26.0,24.0,2.0,750.0,52
2023-05-11 10:30:04,ag2312P4350,ag2312P4350,26.0,0.0,0.0,0.0,1,23.5,25.0,1,22.5,24.0,26.0,24.0,2.0,750.0,52
2023-05-11 10:58:34,ag2312P4350,ag2312P4350,26.0,0.0,0.0,0.0,1,23.0,25.0,1,22.5,24.0,26.0,24.0,2.0,750.0,52
2023-05-11 10:58:57,ag2312P4350,ag2312P4350,26.0,0.0,0.0,0.0,1,23.0,24.5,1,22.5,24.0,26.0,24.0,2.0,750.0,52
2023-05-11 11:29:02,ag2312P4350,ag2312P4350,26.0,0.0,0.0,0.0,1,23.0,25.0,1,22.5,24.0,26.0,24.0,2.0,750.0,52
2023-05-11 11:29:07,ag2312P4350,ag2312P4350,26.0,0.0,0.0,0.0,1,23.5,25.0,1,22.5,24.0,26.0,24.0,2.0,750.0,52
2023-05-11 11:29:26,ag2312P4350,ag2312P4350,26.0,0.0,0.0,0.0,1,19.5,28.0,1,22.5,24.0,26.0,24.0,2.0,750.0,52
2023-05-11 11:29:33,ag2312P4350,ag2312P4350,26.0,0.0,0.0,0.0,1,19.5,28.0,1,22.5,24.0,26.0,24.0,2.0,750.0,52
2023-05-11 13:44:15,ag2312P4350,ag2312P4350,26.0,0.0,0.0,0.0,1,23.0,28.0,1,22.5,24.0,26.0,24.0,2.0,750.0,52
2023-05-11 13:44:16,ag2312P4350,ag2312P4350,26.0,0.0,0.0,0.0,1,23.0,25.0,1,22.5,24.0,26.0,24.0,2.0,750.0,52
2023-05-11 14:01:45,ag2312P4350,ag2312P4350,26.0,0.0,0.0,0.0,1,23.5,25.0,1,22.5,24.0,26.0,24.0,2.0,750.0,52
2023-05-11 14:02:59,ag2312P4350,ag2312P4350,26.0,0.0,0.0,0.0,1,23.5,25.5,1,22.5,24.0,26.0,24.0,2.0,750.0,52
2023-05-11 14:03:35,ag2312P4350,ag2312P4350,26.0,0.0,0.0,0.0,1,24.0,25.5,1,22.5,24.0,26.0,24.0,2.0,750.0,52
2023-05-11 14:05:03,ag2312P4350,ag2312P4350,26.0,0.0,0.0,0.0,1,24.0,26.0,1,22.5,24.0,26.0,24.0,2.0,750.0,52
2023-05-11 14:06:31,ag2312P4350,ag2312P4350,26.0,0.0,0.0,0.0,1,24.0,25.5,1,22.5,24.0,26.0,24.0,2.0,750.0,52
2023-05-11 14:07:57,ag2312P4350,ag2312P4350,26.0,0.0,0.0,0.0,1,23.5,25.5,1,22.5,24.0,26.0,24.0,2.0,750.0,52
2023-05-11 14:14:23,ag2312P4350,ag2312P4350,26.0,0.0,0.0,0.0,1,23.5,25.0,1,22.5,24.0,26.0,24.0,2.0,750.0,52
2023-05-11 14:29:38,ag2312P4350,ag2312P4350,26.0,0.0,0.0,0.0,1,23.0,25.0,1,22.5,24.0,26.0,24.0,2.0,750.0,52
2023-05-11 14:37:49,ag2312P4350,ag2312P4350,26.0,0.0,0.0,0.0,1,23.5,25.0,1,22.5,24.0,26.0,24.0,2.0,750.0,52
2023-05-11 14:40:01,ag2312P4350,ag2312P4350,26.0,0.0,0.0,0.0,1,23.5,25.5,1,22.5,24.0,26.0,24.0,2.0,750.0,52
2023-05-11 14:45:03,ag2312P4350,ag2312P4350,26.0,0.0,0.0,0.0,1,24.0,25.5,1,22.5,24.0,26.0,24.0,2.0,750.0,52
2023-05-11 14:48:27,ag2312P4350,ag2312P4350,26.0,0.0,0.0,0.0,1,24.0,25.5,1,22.5,24.0,26.0,24.0,2.0,750.0,52
2023-05-11 14:48:58,ag2312P4350,ag2312P4350,26.0,0.0,0.0,0.0,1,24.0,25.5,1,22.5,24.0,26.0,24.0,2.0,750.0,52
2023-05-11 14:54:39,ag2312P4350,ag2312P4350,26.0,0.0,0.0,0.0,1,24.0,26.0,1,22.5,24.0,26.0,24.0,2.0,750.0,52
2023-05-11 14:56:21,ag2312P4350,ag2312P4350,26.0,0.0,0.0,0.0,1,24.0,25.5,1,22.5,24.0,26.0,24.0,2.0,750.0,52
2023-05-11 14:58:41,ag2312P4350,ag2312P4350,26.0,0.0,0.0,0.0,1,24.0,26.0,1,22.5,24.0,26.0,24.0,2.0,750.0,52
2023-05-11 14:58:56,ag2312P4350,ag2312P4350,26.0,0.0,0.0,0.0,1,19.5,28.0,1,22.5,24.0,26.0,24.0,2.0,750.0,52
2023-05-11 15:18:18,ag2312P4350,ag2312P4350,26.0,0.0,0.0,0.0,1,19.5,28.0,1,22.5,24.0,26.0,24.0,2.0,750.0,52
