time,symbol_id,symbol_name,last,trade_volume,trade_amount,open_interest_change,bv1,bp1,ap1,av1,yesterday_close,today_open,today_high,today_low,volume,amount,open_interest
2023-05-10 20:59:00,ag2312P6100,ag2312P6100,596.0,0.0,0.0,0.0,1,138.0,0.0,0,596.0,0.0,0.0,0.0,0.0,0.0,3
2023-05-10 21:00:00,ag2312P6100,ag2312P6100,596.0,0.0,0.0,0.0,1,138.0,671.0,2,596.0,0.0,0.0,0.0,0.0,0.0,3
2023-05-10 21:00:01,ag2312P6100,ag2312P6100,596.0,0.0,0.0,0.0,2,437.0,671.0,2,596.0,0.0,0.0,0.0,0.0,0.0,3
2023-05-10 21:00:13,ag2312P6100,ag2312P6100,596.0,0.0,0.0,0.0,2,437.5,670.5,2,596.0,0.0,0.0,0.0,0.0,0.0,3
2023-05-10 21:00:13,ag2312P6100,ag2312P6100,596.0,0.0,0.0,0.0,2,466.0,642.0,2,596.0,0.0,0.0,0.0,0.0,0.0,3
2023-05-10 21:00:14,ag2312P6100,ag2312P6100,596.0,0.0,0.0,0.0,2,466.0,642.0,2,596.0,0.0,0.0,0.0,0.0,0.0,3
2023-05-10 21:00:14,ag2312P6100,ag2312P6100,596.0,0.0,0.0,0.0,2,466.5,641.5,2,596.0,0.0,0.0,0.0,0.0,0.0,3
2023-05-10 21:00:15,ag2312P6100,ag2312P6100,596.0,0.0,0.0,0.0,2,495.0,613.0,2,596.0,0.0,0.0,0.0,0.0,0.0,3
2023-05-10 21:00:16,ag2312P6100,ag2312P6100,596.0,0.0,0.0,0.0,2,495.0,613.0,2,596.0,0.0,0.0,0.0,0.0,0.0,3
2023-05-10 21:00:16,ag2312P6100,ag2312P6100,596.0,0.0,0.0,0.0,2,495.5,612.5,2,596.0,0.0,0.0,0.0,0.0,0.0,3
2023-05-10 21:00:17,ag2312P6100,ag2312P6100,596.0,0.0,0.0,0.0,2,524.0,584.0,2,596.0,0.0,0.0,0.0,0.0,0.0,3
2023-05-10 21:00:18,ag2312P6100,ag2312P6100,596.0,0.0,0.0,0.0,2,524.0,584.0,2,596.0,0.0,0.0,0.0,0.0,0.0,3
2023-05-10 21:00:18,ag2312P6100,ag2312P6100,596.0,0.0,0.0,0.0,2,524.5,584.0,2,596.0,0.0,0.0,0.0,0.0,0.0,3
2023-05-10 21:00:50,ag2312P6100,ag2312P6100,596.0,0.0,0.0,0.0,1,525.5,0.0,0,596.0,0.0,0.0,0.0,0.0,0.0,3
2023-05-10 21:00:51,ag2312P6100,ag2312P6100,596.0,0.0,0.0,0.0,1,525.5,0.0,0,596.0,0.0,0.0,0.0,0.0,0.0,3
2023-05-10 21:00:51,ag2312P6100,ag2312P6100,596.0,0.0,0.0,0.0,2,526.0,0.0,0,596.0,0.0,0.0,0.0,0.0,0.0,3
2023-05-10 21:00:52,ag2312P6100,ag2312P6100,596.0,0.0,0.0,0.0,2,526.0,672.5,1,596.0,0.0,0.0,0.0,0.0,0.0,3
2023-05-10 21:00:53,ag2312P6100,ag2312P6100,596.0,0.0,0.0,0.0,2,526.0,672.0,2,596.0,0.0,0.0,0.0,0.0,0.0,3
2023-05-10 21:00:54,ag2312P6100,ag2312P6100,596.0,0.0,0.0,0.0,2,526.0,643.5,1,596.0,0.0,0.0,0.0,0.0,0.0,3
2023-05-10 21:00:54,ag2312P6100,ag2312P6100,596.0,0.0,0.0,0.0,2,526.0,643.5,1,596.0,0.0,0.0,0.0,0.0,0.0,3
2023-05-10 21:00:55,ag2312P6100,ag2312P6100,596.0,0.0,0.0,0.0,2,526.0,643.0,2,596.0,0.0,0.0,0.0,0.0,0.0,3
2023-05-10 21:00:55,ag2312P6100,ag2312P6100,596.0,0.0,0.0,0.0,2,526.0,614.5,1,596.0,0.0,0.0,0.0,0.0,0.0,3
2023-05-10 21:00:56,ag2312P6100,ag2312P6100,596.0,0.0,0.0,0.0,2,526.0,614.5,1,596.0,0.0,0.0,0.0,0.0,0.0,3
2023-05-10 21:00:56,ag2312P6100,ag2312P6100,596.0,0.0,0.0,0.0,2,526.0,614.0,2,596.0,0.0,0.0,0.0,0.0,0.0,3
2023-05-10 21:00:57,ag2312P6100,ag2312P6100,596.0,0.0,0.0,0.0,2,526.0,585.5,1,596.0,0.0,0.0,0.0,0.0,0.0,3
2023-05-10 21:00:57,ag2312P6100,ag2312P6100,596.0,0.0,0.0,0.0,2,526.0,585.5,1,596.0,0.0,0.0,0.0,0.0,0.0,3
2023-05-10 21:01:09,ag2312P6100,ag2312P6100,596.0,0.0,0.0,0.0,1,551.5,585.5,1,596.0,0.0,0.0,0.0,0.0,0.0,3
2023-05-10 21:01:09,ag2312P6100,ag2312P6100,596.0,0.0,0.0,0.0,1,551.5,585.5,1,596.0,0.0,0.0,0.0,0.0,0.0,3
2023-05-10 21:01:10,ag2312P6100,ag2312P6100,596.0,0.0,0.0,0.0,1,551.5,560.0,1,596.0,0.0,0.0,0.0,0.0,0.0,3
2023-05-10 21:01:27,ag2312P6100,ag2312P6100,596.0,0.0,0.0,0.0,1,551.5,562.0,1,596.0,0.0,0.0,0.0,0.0,0.0,3
2023-05-10 21:01:29,ag2312P6100,ag2312P6100,596.0,0.0,0.0,0.0,1,553.0,562.0,1,596.0,0.0,0.0,0.0,0.0,0.0,3
2023-05-10 21:01:34,ag2312P6100,ag2312P6100,596.0,0.0,0.0,0.0,1,553.0,562.0,1,596.0,0.0,0.0,0.0,0.0,0.0,3
2023-05-10 21:01:40,ag2312P6100,ag2312P6100,596.0,0.0,0.0,0.0,1,553.0,560.5,1,596.0,0.0,0.0,0.0,0.0,0.0,3
2023-05-10 21:01:41,ag2312P6100,ag2312P6100,596.0,0.0,0.0,0.0,1,551.5,560.5,1,596.0,0.0,0.0,0.0,0.0,0.0,3
2023-05-10 21:02:20,ag2312P6100,ag2312P6100,596.0,0.0,0.0,0.0,1,551.5,559.5,1,596.0,0.0,0.0,0.0,0.0,0.0,3
2023-05-10 21:02:25,ag2312P6100,ag2312P6100,596.0,0.0,0.0,0.0,1,552.0,560.5,1,596.0,0.0,0.0,0.0,0.0,0.0,3
2023-05-10 21:02:31,ag2312P6100,ag2312P6100,596.0,0.0,0.0,0.0,1,552.0,559.5,1,596.0,0.0,0.0,0.0,0.0,0.0,3
2023-05-10 21:02:48,ag2312P6100,ag2312P6100,596.0,0.0,0.0,0.0,1,552.0,560.5,1,596.0,0.0,0.0,0.0,0.0,0.0,3
2023-05-10 21:03:03,ag2312P6100,ag2312P6100,596.0,0.0,0.0,0.0,1,552.0,559.5,1,596.0,0.0,0.0,0.0,0.0,0.0,3
2023-05-10 21:03:13,ag2312P6100,ag2312P6100,596.0,0.0,0.0,0.0,1,552.0,558.5,1,596.0,0.0,0.0,0.0,0.0,0.0,3
2023-05-10 21:03:15,ag2312P6100,ag2312P6100,596.0,0.0,0.0,0.0,1,551.5,558.5,1,596.0,0.0,0.0,0.0,0.0,0.0,3
2023-05-10 21:03:22,ag2312P6100,ag2312P6100,596.0,0.0,0.0,0.0,1,549.5,558.5,1,596.0,0.0,0.0,0.0,0.0,0.0,3
2023-05-10 21:03:32,ag2312P6100,ag2312P6100,596.0,0.0,0.0,0.0,1,549.5,557.5,1,596.0,0.0,0.0,0.0,0.0,0.0,3
2023-05-10 21:03:33,ag2312P6100,ag2312P6100,596.0,0.0,0.0,0.0,1,549.5,556.5,1,596.0,0.0,0.0,0.0,0.0,0.0,3
2023-05-10 21:04:03,ag2312P6100,ag2312P6100,596.0,0.0,0.0,0.0,1,547.5,555.5,1,596.0,0.0,0.0,0.0,0.0,0.0,3
2023-05-10 21:04:06,ag2312P6100,ag2312P6100,596.0,0.0,0.0,0.0,1,547.5,554.5,1,596.0,0.0,0.0,0.0,0.0,0.0,3
2023-05-10 21:04:06,ag2312P6100,ag2312P6100,596.0,0.0,0.0,0.0,1,525.5,554.5,1,596.0,0.0,0.0,0.0,0.0,0.0,3
2023-05-10 21:04:07,ag2312P6100,ag2312P6100,596.0,0.0,0.0,0.0,1,546.0,554.5,1,596.0,0.0,0.0,0.0,0.0,0.0,3
2023-05-10 21:04:07,ag2312P6100,ag2312P6100,596.0,0.0,0.0,0.0,1,546.0,554.5,1,596.0,0.0,0.0,0.0,0.0,0.0,3
2023-05-10 21:04:15,ag2312P6100,ag2312P6100,596.0,0.0,0.0,0.0,1,547.5,554.5,1,596.0,0.0,0.0,0.0,0.0,0.0,3
2023-05-10 21:04:15,ag2312P6100,ag2312P6100,596.0,0.0,0.0,0.0,1,547.5,555.5,1,596.0,0.0,0.0,0.0,0.0,0.0,3
2023-05-10 21:04:31,ag2312P6100,ag2312P6100,596.0,0.0,0.0,0.0,1,547.5,554.5,1,596.0,0.0,0.0,0.0,0.0,0.0,3
2023-05-10 21:04:33,ag2312P6100,ag2312P6100,596.0,0.0,0.0,0.0,1,546.0,554.5,1,596.0,0.0,0.0,0.0,0.0,0.0,3
2023-05-10 21:04:44,ag2312P6100,ag2312P6100,596.0,0.0,0.0,0.0,1,546.0,553.0,1,596.0,0.0,0.0,0.0,0.0,0.0,3
2023-05-10 21:04:58,ag2312P6100,ag2312P6100,596.0,0.0,0.0,0.0,1,546.0,554.5,1,596.0,0.0,0.0,0.0,0.0,0.0,3
2023-05-10 21:05:04,ag2312P6100,ag2312P6100,596.0,0.0,0.0,0.0,1,547.5,554.5,1,596.0,0.0,0.0,0.0,0.0,0.0,3
2023-05-10 21:05:09,ag2312P6100,ag2312P6100,596.0,0.0,0.0,0.0,1,547.5,556.0,1,596.0,0.0,0.0,0.0,0.0,0.0,3
2023-05-10 21:05:12,ag2312P6100,ag2312P6100,596.0,0.0,0.0,0.0,1,547.5,555.0,1,596.0,0.0,0.0,0.0,0.0,0.0,3
2023-05-10 21:05:31,ag2312P6100,ag2312P6100,596.0,0.0,0.0,0.0,1,547.5,554.0,1,596.0,0.0,0.0,0.0,0.0,0.0,3
2023-05-10 21:05:32,ag2312P6100,ag2312P6100,596.0,0.0,0.0,0.0,1,546.0,554.0,1,596.0,0.0,0.0,0.0,0.0,0.0,3
2023-05-10 21:05:41,ag2312P6100,ag2312P6100,596.0,0.0,0.0,0.0,1,546.0,553.0,1,596.0,0.0,0.0,0.0,0.0,0.0,3
2023-05-10 21:05:53,ag2312P6100,ag2312P6100,596.0,0.0,0.0,0.0,1,546.0,554.0,1,596.0,0.0,0.0,0.0,0.0,0.0,3
2023-05-10 21:05:57,ag2312P6100,ag2312P6100,596.0,0.0,0.0,0.0,1,547.0,554.0,1,596.0,0.0,0.0,0.0,0.0,0.0,3
2023-05-10 21:05:57,ag2312P6100,ag2312P6100,596.0,0.0,0.0,0.0,1,547.0,585.5,1,596.0,0.0,0.0,0.0,0.0,0.0,3
2023-05-10 21:05:58,ag2312P6100,ag2312P6100,596.0,0.0,0.0,0.0,1,547.0,555.0,1,596.0,0.0,0.0,0.0,0.0,0.0,3
2023-05-10 21:06:00,ag2312P6100,ag2312P6100,596.0,0.0,0.0,0.0,1,547.0,554.0,1,596.0,0.0,0.0,0.0,0.0,0.0,3
2023-05-10 21:06:11,ag2312P6100,ag2312P6100,596.0,0.0,0.0,0.0,1,547.0,555.0,1,596.0,0.0,0.0,0.0,0.0,0.0,3
2023-05-10 21:06:20,ag2312P6100,ag2312P6100,596.0,0.0,0.0,0.0,1,548.0,555.0,1,596.0,0.0,0.0,0.0,0.0,0.0,3
2023-05-10 21:06:55,ag2312P6100,ag2312P6100,596.0,0.0,0.0,0.0,1,548.0,556.5,1,596.0,0.0,0.0,0.0,0.0,0.0,3
2023-05-10 21:06:56,ag2312P6100,ag2312P6100,596.0,0.0,0.0,0.0,1,549.0,556.5,1,596.0,0.0,0.0,0.0,0.0,0.0,3
2023-05-10 21:07:21,ag2312P6100,ag2312P6100,596.0,0.0,0.0,0.0,1,550.0,585.5,1,596.0,0.0,0.0,0.0,0.0,0.0,3
2023-05-10 21:07:22,ag2312P6100,ag2312P6100,596.0,0.0,0.0,0.0,1,550.0,558.5,1,596.0,0.0,0.0,0.0,0.0,0.0,3
2023-05-10 21:07:30,ag2312P6100,ag2312P6100,596.0,0.0,0.0,0.0,1,551.0,558.5,1,596.0,0.0,0.0,0.0,0.0,0.0,3
2023-05-10 21:07:40,ag2312P6100,ag2312P6100,596.0,0.0,0.0,0.0,1,552.0,560.0,1,596.0,0.0,0.0,0.0,0.0,0.0,3
2023-05-10 21:07:54,ag2312P6100,ag2312P6100,596.0,0.0,0.0,0.0,1,553.0,560.0,1,596.0,0.0,0.0,0.0,0.0,0.0,3
2023-05-10 21:08:03,ag2312P6100,ag2312P6100,596.0,0.0,0.0,0.0,1,553.0,561.5,1,596.0,0.0,0.0,0.0,0.0,0.0,3
2023-05-10 21:08:07,ag2312P6100,ag2312P6100,596.0,0.0,0.0,0.0,1,553.0,560.5,1,596.0,0.0,0.0,0.0,0.0,0.0,3
2023-05-10 21:08:11,ag2312P6100,ag2312P6100,596.0,0.0,0.0,0.0,1,554.5,561.5,1,596.0,0.0,0.0,0.0,0.0,0.0,3
2023-05-10 21:08:15,ag2312P6100,ag2312P6100,596.0,0.0,0.0,0.0,1,554.5,585.5,1,596.0,0.0,0.0,0.0,0.0,0.0,3
2023-05-10 21:08:16,ag2312P6100,ag2312P6100,596.0,0.0,0.0,0.0,1,554.5,562.0,1,596.0,0.0,0.0,0.0,0.0,0.0,3
2023-05-10 21:08:32,ag2312P6100,ag2312P6100,596.0,0.0,0.0,0.0,1,555.5,562.0,1,596.0,0.0,0.0,0.0,0.0,0.0,3
2023-05-10 21:08:33,ag2312P6100,ag2312P6100,596.0,0.0,0.0,0.0,1,555.5,563.5,1,596.0,0.0,0.0,0.0,0.0,0.0,3
2023-05-10 21:08:35,ag2312P6100,ag2312P6100,596.0,0.0,0.0,0.0,1,555.5,563.0,1,596.0,0.0,0.0,0.0,0.0,0.0,3
2023-05-10 21:08:40,ag2312P6100,ag2312P6100,596.0,0.0,0.0,0.0,1,555.5,563.5,1,596.0,0.0,0.0,0.0,0.0,0.0,3
2023-05-10 21:08:45,ag2312P6100,ag2312P6100,596.0,0.0,0.0,0.0,1,556.5,563.5,1,596.0,0.0,0.0,0.0,0.0,0.0,3
2023-05-10 21:08:46,ag2312P6100,ag2312P6100,596.0,0.0,0.0,0.0,1,558.0,585.5,1,596.0,0.0,0.0,0.0,0.0,0.0,3
2023-05-10 21:08:48,ag2312P6100,ag2312P6100,596.0,0.0,0.0,0.0,1,558.0,565.5,1,596.0,0.0,0.0,0.0,0.0,0.0,3
2023-05-10 21:08:55,ag2312P6100,ag2312P6100,596.0,0.0,0.0,0.0,1,558.0,564.5,1,596.0,0.0,0.0,0.0,0.0,0.0,3
2023-05-10 21:08:59,ag2312P6100,ag2312P6100,596.0,0.0,0.0,0.0,1,556.5,564.5,1,596.0,0.0,0.0,0.0,0.0,0.0,3
2023-05-10 21:09:01,ag2312P6100,ag2312P6100,596.0,0.0,0.0,0.0,1,556.5,564.0,1,596.0,0.0,0.0,0.0,0.0,0.0,3
2023-05-10 21:09:12,ag2312P6100,ag2312P6100,596.0,0.0,0.0,0.0,1,556.5,564.5,1,596.0,0.0,0.0,0.0,0.0,0.0,3
2023-05-10 21:09:13,ag2312P6100,ag2312P6100,596.0,0.0,0.0,0.0,1,558.0,564.5,1,596.0,0.0,0.0,0.0,0.0,0.0,3
2023-05-10 21:09:14,ag2312P6100,ag2312P6100,596.0,0.0,0.0,0.0,1,558.0,566.0,1,596.0,0.0,0.0,0.0,0.0,0.0,3
2023-05-10 21:09:19,ag2312P6100,ag2312P6100,596.0,0.0,0.0,0.0,1,558.0,565.0,1,596.0,0.0,0.0,0.0,0.0,0.0,3
2023-05-10 21:09:31,ag2312P6100,ag2312P6100,596.0,0.0,0.0,0.0,1,556.5,564.5,1,596.0,0.0,0.0,0.0,0.0,0.0,3
2023-05-10 21:09:43,ag2312P6100,ag2312P6100,596.0,0.0,0.0,0.0,1,556.5,563.5,1,596.0,0.0,0.0,0.0,0.0,0.0,3
2023-05-10 21:09:53,ag2312P6100,ag2312P6100,596.0,0.0,0.0,0.0,1,556.5,564.5,1,596.0,0.0,0.0,0.0,0.0,0.0,3
2023-05-10 21:09:54,ag2312P6100,ag2312P6100,596.0,0.0,0.0,0.0,1,557.5,564.5,1,596.0,0.0,0.0,0.0,0.0,0.0,3
2023-05-10 21:09:57,ag2312P6100,ag2312P6100,596.0,0.0,0.0,0.0,1,557.5,566.0,1,596.0,0.0,0.0,0.0,0.0,0.0,3
2023-05-10 21:09:58,ag2312P6100,ag2312P6100,596.0,0.0,0.0,0.0,1,557.5,585.5,1,596.0,0.0,0.0,0.0,0.0,0.0,3
2023-05-10 21:09:58,ag2312P6100,ag2312P6100,596.0,0.0,0.0,0.0,1,559.0,567.0,1,596.0,0.0,0.0,0.0,0.0,0.0,3
2023-05-10 21:09:59,ag2312P6100,ag2312P6100,596.0,0.0,0.0,0.0,1,559.0,566.0,1,596.0,0.0,0.0,0.0,0.0,0.0,3
2023-05-10 21:10:09,ag2312P6100,ag2312P6100,596.0,0.0,0.0,0.0,1,559.0,565.0,1,596.0,0.0,0.0,0.0,0.0,0.0,3
2023-05-10 21:10:10,ag2312P6100,ag2312P6100,596.0,0.0,0.0,0.0,1,557.5,565.0,1,596.0,0.0,0.0,0.0,0.0,0.0,3
2023-05-10 21:10:21,ag2312P6100,ag2312P6100,596.0,0.0,0.0,0.0,1,557.5,564.0,1,596.0,0.0,0.0,0.0,0.0,0.0,3
2023-05-10 21:10:44,ag2312P6100,ag2312P6100,596.0,0.0,0.0,0.0,1,555.5,563.0,1,596.0,0.0,0.0,0.0,0.0,0.0,3
2023-05-10 21:11:03,ag2312P6100,ag2312P6100,596.0,0.0,0.0,0.0,1,555.5,562.0,1,596.0,0.0,0.0,0.0,0.0,0.0,3
2023-05-10 21:11:46,ag2312P6100,ag2312P6100,596.0,0.0,0.0,0.0,1,556.5,585.5,1,596.0,0.0,0.0,0.0,0.0,0.0,3
2023-05-10 21:11:46,ag2312P6100,ag2312P6100,596.0,0.0,0.0,0.0,1,556.5,564.5,1,596.0,0.0,0.0,0.0,0.0,0.0,3
2023-05-10 21:11:48,ag2312P6100,ag2312P6100,596.0,0.0,0.0,0.0,1,557.5,564.5,1,596.0,0.0,0.0,0.0,0.0,0.0,3
2023-05-10 21:12:00,ag2312P6100,ag2312P6100,596.0,0.0,0.0,0.0,1,556.5,563.5,1,596.0,0.0,0.0,0.0,0.0,0.0,3
2023-05-10 21:14:39,ag2312P6100,ag2312P6100,596.0,0.0,0.0,0.0,1,557.5,563.5,1,596.0,0.0,0.0,0.0,0.0,0.0,3
2023-05-10 21:14:39,ag2312P6100,ag2312P6100,596.0,0.0,0.0,0.0,1,557.5,564.5,1,596.0,0.0,0.0,0.0,0.0,0.0,3
2023-05-10 21:14:50,ag2312P6100,ag2312P6100,596.0,0.0,0.0,0.0,1,558.5,564.5,1,596.0,0.0,0.0,0.0,0.0,0.0,3
2023-05-10 21:14:51,ag2312P6100,ag2312P6100,596.0,0.0,0.0,0.0,1,558.5,566.0,1,596.0,0.0,0.0,0.0,0.0,0.0,3
2023-05-10 21:14:59,ag2312P6100,ag2312P6100,596.0,0.0,0.0,0.0,1,558.5,565.0,1,596.0,0.0,0.0,0.0,0.0,0.0,3
2023-05-10 21:15:18,ag2312P6100,ag2312P6100,596.0,0.0,0.0,0.0,1,558.5,566.0,1,596.0,0.0,0.0,0.0,0.0,0.0,3
2023-05-10 21:15:20,ag2312P6100,ag2312P6100,596.0,0.0,0.0,0.0,1,558.5,565.0,1,596.0,0.0,0.0,0.0,0.0,0.0,3
2023-05-10 21:15:40,ag2312P6100,ag2312P6100,596.0,0.0,0.0,0.0,1,559.5,585.5,1,596.0,0.0,0.0,0.0,0.0,0.0,3
2023-05-10 21:15:41,ag2312P6100,ag2312P6100,596.0,0.0,0.0,0.0,1,559.5,567.5,1,596.0,0.0,0.0,0.0,0.0,0.0,3
2023-05-10 21:15:43,ag2312P6100,ag2312P6100,596.0,0.0,0.0,0.0,1,559.5,567.0,1,596.0,0.0,0.0,0.0,0.0,0.0,3
2023-05-10 21:15:45,ag2312P6100,ag2312P6100,596.0,0.0,0.0,0.0,1,559.5,567.0,1,596.0,0.0,0.0,0.0,0.0,0.0,3
2023-05-10 21:15:46,ag2312P6100,ag2312P6100,596.0,0.0,0.0,0.0,1,559.5,566.0,1,596.0,0.0,0.0,0.0,0.0,0.0,3
2023-05-10 21:15:49,ag2312P6100,ag2312P6100,596.0,0.0,0.0,0.0,1,560.5,567.0,1,596.0,0.0,0.0,0.0,0.0,0.0,3
2023-05-10 21:15:50,ag2312P6100,ag2312P6100,596.0,0.0,0.0,0.0,1,560.5,585.5,1,596.0,0.0,0.0,0.0,0.0,0.0,3
2023-05-10 21:15:51,ag2312P6100,ag2312P6100,596.0,0.0,0.0,0.0,1,562.0,585.5,1,596.0,0.0,0.0,0.0,0.0,0.0,3
2023-05-10 21:15:52,ag2312P6100,ag2312P6100,596.0,0.0,0.0,0.0,1,562.0,569.0,1,596.0,0.0,0.0,0.0,0.0,0.0,3
2023-05-10 21:16:02,ag2312P6100,ag2312P6100,596.0,0.0,0.0,0.0,1,562.0,568.0,1,596.0,0.0,0.0,0.0,0.0,0.0,3
2023-05-10 21:16:03,ag2312P6100,ag2312P6100,596.0,0.0,0.0,0.0,1,560.5,568.0,1,596.0,0.0,0.0,0.0,0.0,0.0,3
2023-05-10 21:16:04,ag2312P6100,ag2312P6100,596.0,0.0,0.0,0.0,1,560.5,568.0,1,596.0,0.0,0.0,0.0,0.0,0.0,3
2023-05-10 21:16:05,ag2312P6100,ag2312P6100,596.0,0.0,0.0,0.0,1,560.5,567.0,1,596.0,0.0,0.0,0.0,0.0,0.0,3
2023-05-10 21:16:12,ag2312P6100,ag2312P6100,596.0,0.0,0.0,0.0,1,560.5,566.0,1,596.0,0.0,0.0,0.0,0.0,0.0,3
2023-05-10 21:16:17,ag2312P6100,ag2312P6100,596.0,0.0,0.0,0.0,1,560.5,567.0,1,596.0,0.0,0.0,0.0,0.0,0.0,3
2023-05-10 21:17:07,ag2312P6100,ag2312P6100,596.0,0.0,0.0,0.0,1,560.5,568.5,1,596.0,0.0,0.0,0.0,0.0,0.0,3
2023-05-10 21:17:08,ag2312P6100,ag2312P6100,596.0,0.0,0.0,0.0,1,561.5,568.5,1,596.0,0.0,0.0,0.0,0.0,0.0,3
2023-05-10 21:17:14,ag2312P6100,ag2312P6100,596.0,0.0,0.0,0.0,1,563.0,568.5,1,596.0,0.0,0.0,0.0,0.0,0.0,3
2023-05-10 21:17:17,ag2312P6100,ag2312P6100,596.0,0.0,0.0,0.0,1,563.0,570.0,1,596.0,0.0,0.0,0.0,0.0,0.0,3
2023-05-10 21:17:35,ag2312P6100,ag2312P6100,596.0,0.0,0.0,0.0,1,563.0,569.0,1,596.0,0.0,0.0,0.0,0.0,0.0,3
2023-05-10 21:17:48,ag2312P6100,ag2312P6100,596.0,0.0,0.0,0.0,1,561.5,569.0,1,596.0,0.0,0.0,0.0,0.0,0.0,3
2023-05-10 21:17:51,ag2312P6100,ag2312P6100,596.0,0.0,0.0,0.0,1,562.5,569.0,1,596.0,0.0,0.0,0.0,0.0,0.0,3
2023-05-10 21:18:03,ag2312P6100,ag2312P6100,596.0,0.0,0.0,0.0,1,561.5,569.0,1,596.0,0.0,0.0,0.0,0.0,0.0,3
2023-05-10 21:18:12,ag2312P6100,ag2312P6100,596.0,0.0,0.0,0.0,1,561.5,568.5,1,596.0,0.0,0.0,0.0,0.0,0.0,3
2023-05-10 21:18:20,ag2312P6100,ag2312P6100,596.0,0.0,0.0,0.0,1,561.5,567.5,1,596.0,0.0,0.0,0.0,0.0,0.0,3
2023-05-10 21:18:26,ag2312P6100,ag2312P6100,596.0,0.0,0.0,0.0,1,561.5,568.5,1,596.0,0.0,0.0,0.0,0.0,0.0,3
2023-05-10 21:18:36,ag2312P6100,ag2312P6100,596.0,0.0,0.0,0.0,1,561.5,568.0,1,596.0,0.0,0.0,0.0,0.0,0.0,3
2023-05-10 21:18:37,ag2312P6100,ag2312P6100,596.0,0.0,0.0,0.0,1,561.5,567.0,1,596.0,0.0,0.0,0.0,0.0,0.0,3
2023-05-10 21:18:43,ag2312P6100,ag2312P6100,596.0,0.0,0.0,0.0,1,560.0,567.0,1,596.0,0.0,0.0,0.0,0.0,0.0,3
2023-05-10 21:18:44,ag2312P6100,ag2312P6100,596.0,0.0,0.0,0.0,1,560.0,566.0,1,596.0,0.0,0.0,0.0,0.0,0.0,3
2023-05-10 21:18:57,ag2312P6100,ag2312P6100,596.0,0.0,0.0,0.0,1,560.0,567.0,1,596.0,0.0,0.0,0.0,0.0,0.0,3
2023-05-10 21:19:06,ag2312P6100,ag2312P6100,596.0,0.0,0.0,0.0,1,560.0,566.0,1,596.0,0.0,0.0,0.0,0.0,0.0,3
2023-05-10 21:19:28,ag2312P6100,ag2312P6100,596.0,0.0,0.0,0.0,1,560.0,565.0,1,596.0,0.0,0.0,0.0,0.0,0.0,3
2023-05-10 21:19:29,ag2312P6100,ag2312P6100,596.0,0.0,0.0,0.0,1,558.5,565.0,1,596.0,0.0,0.0,0.0,0.0,0.0,3
2023-05-10 21:19:36,ag2312P6100,ag2312P6100,596.0,0.0,0.0,0.0,1,558.5,566.0,1,596.0,0.0,0.0,0.0,0.0,0.0,3
2023-05-10 21:19:37,ag2312P6100,ag2312P6100,596.0,0.0,0.0,0.0,1,559.5,566.0,1,596.0,0.0,0.0,0.0,0.0,0.0,3
2023-05-10 21:19:47,ag2312P6100,ag2312P6100,596.0,0.0,0.0,0.0,1,559.5,565.0,1,596.0,0.0,0.0,0.0,0.0,0.0,3
2023-05-10 21:20:07,ag2312P6100,ag2312P6100,596.0,0.0,0.0,0.0,1,559.5,566.0,1,596.0,0.0,0.0,0.0,0.0,0.0,3
2023-05-10 21:20:11,ag2312P6100,ag2312P6100,596.0,0.0,0.0,0.0,1,559.5,565.0,1,596.0,0.0,0.0,0.0,0.0,0.0,3
2023-05-10 21:20:28,ag2312P6100,ag2312P6100,596.0,0.0,0.0,0.0,1,558.5,565.0,1,596.0,0.0,0.0,0.0,0.0,0.0,3
2023-05-10 21:20:41,ag2312P6100,ag2312P6100,596.0,0.0,0.0,0.0,1,558.5,564.0,1,596.0,0.0,0.0,0.0,0.0,0.0,3
2023-05-10 21:20:46,ag2312P6100,ag2312P6100,596.0,0.0,0.0,0.0,1,557.0,564.0,1,596.0,0.0,0.0,0.0,0.0,0.0,3
2023-05-10 21:20:50,ag2312P6100,ag2312P6100,596.0,0.0,0.0,0.0,1,557.0,563.0,1,596.0,0.0,0.0,0.0,0.0,0.0,3
2023-05-10 21:21:13,ag2312P6100,ag2312P6100,596.0,0.0,0.0,0.0,1,525.5,563.0,1,596.0,0.0,0.0,0.0,0.0,0.0,3
2023-05-10 21:21:14,ag2312P6100,ag2312P6100,596.0,0.0,0.0,0.0,2,526.0,563.0,1,596.0,0.0,0.0,0.0,0.0,0.0,3
2023-05-10 21:21:14,ag2312P6100,ag2312P6100,596.0,0.0,0.0,0.0,1,555.5,562.0,1,596.0,0.0,0.0,0.0,0.0,0.0,3
2023-05-10 21:21:15,ag2312P6100,ag2312P6100,596.0,0.0,0.0,0.0,1,555.5,562.0,1,596.0,0.0,0.0,0.0,0.0,0.0,3
2023-05-10 21:21:34,ag2312P6100,ag2312P6100,596.0,0.0,0.0,0.0,1,555.5,563.0,1,596.0,0.0,0.0,0.0,0.0,0.0,3
2023-05-10 21:21:46,ag2312P6100,ag2312P6100,596.0,0.0,0.0,0.0,1,556.5,563.0,1,596.0,0.0,0.0,0.0,0.0,0.0,3
2023-05-10 21:22:13,ag2312P6100,ag2312P6100,596.0,0.0,0.0,0.0,1,557.0,585.5,1,596.0,0.0,0.0,0.0,0.0,0.0,3
2023-05-10 21:22:14,ag2312P6100,ag2312P6100,596.0,0.0,0.0,0.0,1,557.0,565.0,1,596.0,0.0,0.0,0.0,0.0,0.0,3
2023-05-10 21:22:20,ag2312P6100,ag2312P6100,596.0,0.0,0.0,0.0,1,558.0,565.0,1,596.0,0.0,0.0,0.0,0.0,0.0,3
2023-05-10 21:22:31,ag2312P6100,ag2312P6100,596.0,0.0,0.0,0.0,1,558.0,564.0,1,596.0,0.0,0.0,0.0,0.0,0.0,3
2023-05-10 21:22:43,ag2312P6100,ag2312P6100,596.0,0.0,0.0,0.0,1,558.0,565.0,1,596.0,0.0,0.0,0.0,0.0,0.0,3
2023-05-10 21:22:54,ag2312P6100,ag2312P6100,596.0,0.0,0.0,0.0,1,559.0,585.5,1,596.0,0.0,0.0,0.0,0.0,0.0,3
2023-05-10 21:22:55,ag2312P6100,ag2312P6100,596.0,0.0,0.0,0.0,1,559.0,566.0,1,596.0,0.0,0.0,0.0,0.0,0.0,3
2023-05-10 21:23:06,ag2312P6100,ag2312P6100,596.0,0.0,0.0,0.0,1,559.5,585.5,1,596.0,0.0,0.0,0.0,0.0,0.0,3
2023-05-10 21:23:07,ag2312P6100,ag2312P6100,596.0,0.0,0.0,0.0,1,559.5,567.5,1,596.0,0.0,0.0,0.0,0.0,0.0,3
2023-05-10 21:23:11,ag2312P6100,ag2312P6100,596.0,0.0,0.0,0.0,1,560.5,567.5,1,596.0,0.0,0.0,0.0,0.0,0.0,3
2023-05-10 21:23:24,ag2312P6100,ag2312P6100,596.0,0.0,0.0,0.0,1,560.5,567.0,1,596.0,0.0,0.0,0.0,0.0,0.0,3
2023-05-10 21:23:47,ag2312P6100,ag2312P6100,596.0,0.0,0.0,0.0,1,560.5,566.0,1,596.0,0.0,0.0,0.0,0.0,0.0,3
2023-05-10 21:23:58,ag2312P6100,ag2312P6100,596.0,0.0,0.0,0.0,1,560.5,567.0,1,596.0,0.0,0.0,0.0,0.0,0.0,3
2023-05-10 21:23:59,ag2312P6100,ag2312P6100,596.0,0.0,0.0,0.0,1,560.5,566.5,1,596.0,0.0,0.0,0.0,0.0,0.0,3
2023-05-10 21:24:32,ag2312P6100,ag2312P6100,596.0,0.0,0.0,0.0,1,559.5,566.5,1,596.0,0.0,0.0,0.0,0.0,0.0,3
2023-05-10 21:24:34,ag2312P6100,ag2312P6100,596.0,0.0,0.0,0.0,1,559.5,565.5,1,596.0,0.0,0.0,0.0,0.0,0.0,3
2023-05-10 21:24:40,ag2312P6100,ag2312P6100,596.0,0.0,0.0,0.0,1,525.5,565.5,1,596.0,0.0,0.0,0.0,0.0,0.0,3
2023-05-10 21:24:40,ag2312P6100,ag2312P6100,596.0,0.0,0.0,0.0,1,558.0,565.5,1,596.0,0.0,0.0,0.0,0.0,0.0,3
2023-05-10 21:24:41,ag2312P6100,ag2312P6100,596.0,0.0,0.0,0.0,1,558.0,565.5,1,596.0,0.0,0.0,0.0,0.0,0.0,3
2023-05-10 21:24:41,ag2312P6100,ag2312P6100,596.0,0.0,0.0,0.0,1,559.0,565.5,1,596.0,0.0,0.0,0.0,0.0,0.0,3
2023-05-10 21:24:56,ag2312P6100,ag2312P6100,596.0,0.0,0.0,0.0,1,559.0,566.5,1,596.0,0.0,0.0,0.0,0.0,0.0,3
2023-05-10 21:25:03,ag2312P6100,ag2312P6100,596.0,0.0,0.0,0.0,1,560.0,566.5,1,596.0,0.0,0.0,0.0,0.0,0.0,3
2023-05-10 21:26:52,ag2312P6100,ag2312P6100,596.0,0.0,0.0,0.0,1,560.0,568.0,1,596.0,0.0,0.0,0.0,0.0,0.0,3
2023-05-10 21:26:55,ag2312P6100,ag2312P6100,596.0,0.0,0.0,0.0,1,561.0,568.0,1,596.0,0.0,0.0,0.0,0.0,0.0,3
2023-05-10 21:27:11,ag2312P6100,ag2312P6100,596.0,0.0,0.0,0.0,1,562.0,568.0,1,596.0,0.0,0.0,0.0,0.0,0.0,3
2023-05-10 21:27:38,ag2312P6100,ag2312P6100,596.0,0.0,0.0,0.0,1,562.0,569.5,1,596.0,0.0,0.0,0.0,0.0,0.0,3
2023-05-10 21:27:51,ag2312P6100,ag2312P6100,596.0,0.0,0.0,0.0,1,562.0,568.5,1,596.0,0.0,0.0,0.0,0.0,0.0,3
2023-05-10 21:28:13,ag2312P6100,ag2312P6100,596.0,0.0,0.0,0.0,1,562.0,568.0,1,596.0,0.0,0.0,0.0,0.0,0.0,3
2023-05-10 21:28:23,ag2312P6100,ag2312P6100,596.0,0.0,0.0,0.0,1,562.0,568.5,1,596.0,0.0,0.0,0.0,0.0,0.0,3
2023-05-10 21:28:35,ag2312P6100,ag2312P6100,596.0,0.0,0.0,0.0,1,562.0,567.5,1,596.0,0.0,0.0,0.0,0.0,0.0,3
2023-05-10 21:28:47,ag2312P6100,ag2312P6100,596.0,0.0,0.0,0.0,1,562.0,568.5,1,596.0,0.0,0.0,0.0,0.0,0.0,3
2023-05-10 21:30:00,ag2312P6100,ag2312P6100,596.0,0.0,0.0,0.0,1,562.0,569.5,1,596.0,0.0,0.0,0.0,0.0,0.0,3
2023-05-10 21:30:06,ag2312P6100,ag2312P6100,596.0,0.0,0.0,0.0,1,563.0,569.5,1,596.0,0.0,0.0,0.0,0.0,0.0,3
2023-05-10 21:30:25,ag2312P6100,ag2312P6100,596.0,0.0,0.0,0.0,1,563.0,585.5,1,596.0,0.0,0.0,0.0,0.0,0.0,3
2023-05-10 21:30:26,ag2312P6100,ag2312P6100,596.0,0.0,0.0,0.0,1,565.0,572.0,1,596.0,0.0,0.0,0.0,0.0,0.0,3
2023-05-10 21:30:37,ag2312P6100,ag2312P6100,596.0,0.0,0.0,0.0,1,565.0,571.0,1,596.0,0.0,0.0,0.0,0.0,0.0,3
2023-05-10 21:30:39,ag2312P6100,ag2312P6100,596.0,0.0,0.0,0.0,1,563.0,571.0,1,596.0,0.0,0.0,0.0,0.0,0.0,3
2023-05-10 21:30:46,ag2312P6100,ag2312P6100,596.0,0.0,0.0,0.0,1,563.0,570.0,1,596.0,0.0,0.0,0.0,0.0,0.0,3
2023-05-10 21:30:59,ag2312P6100,ag2312P6100,596.0,0.0,0.0,0.0,1,563.0,569.5,1,596.0,0.0,0.0,0.0,0.0,0.0,3
2023-05-10 21:31:12,ag2312P6100,ag2312P6100,596.0,0.0,0.0,0.0,1,561.5,568.5,1,596.0,0.0,0.0,0.0,0.0,0.0,3
2023-05-10 21:31:21,ag2312P6100,ag2312P6100,596.0,0.0,0.0,0.0,1,562.5,568.5,1,596.0,0.0,0.0,0.0,0.0,0.0,3
2023-05-10 21:31:22,ag2312P6100,ag2312P6100,596.0,0.0,0.0,0.0,1,562.5,569.5,1,596.0,0.0,0.0,0.0,0.0,0.0,3
2023-05-10 21:31:49,ag2312P6100,ag2312P6100,596.0,0.0,0.0,0.0,1,563.5,571.0,1,596.0,0.0,0.0,0.0,0.0,0.0,3
2023-05-10 21:31:51,ag2312P6100,ag2312P6100,596.0,0.0,0.0,0.0,1,565.0,571.0,1,596.0,0.0,0.0,0.0,0.0,0.0,3
2023-05-10 21:32:01,ag2312P6100,ag2312P6100,596.0,0.0,0.0,0.0,1,565.0,572.5,1,596.0,0.0,0.0,0.0,0.0,0.0,3
2023-05-10 21:32:14,ag2312P6100,ag2312P6100,596.0,0.0,0.0,0.0,1,566.0,572.5,1,596.0,0.0,0.0,0.0,0.0,0.0,3
2023-05-10 21:32:17,ag2312P6100,ag2312P6100,596.0,0.0,0.0,0.0,1,565.0,572.5,1,596.0,0.0,0.0,0.0,0.0,0.0,3
2023-05-10 21:32:18,ag2312P6100,ag2312P6100,596.0,0.0,0.0,0.0,1,565.0,571.0,1,596.0,0.0,0.0,0.0,0.0,0.0,3
2023-05-10 21:32:34,ag2312P6100,ag2312P6100,596.0,0.0,0.0,0.0,1,565.0,572.5,1,596.0,0.0,0.0,0.0,0.0,0.0,3
2023-05-10 21:32:43,ag2312P6100,ag2312P6100,596.0,0.0,0.0,0.0,1,566.0,572.5,1,596.0,0.0,0.0,0.0,0.0,0.0,3
2023-05-10 21:33:01,ag2312P6100,ag2312P6100,596.0,0.0,0.0,0.0,1,566.0,585.5,1,596.0,0.0,0.0,0.0,0.0,0.0,3
2023-05-10 21:33:02,ag2312P6100,ag2312P6100,596.0,0.0,0.0,0.0,1,566.0,574.0,1,596.0,0.0,0.0,0.0,0.0,0.0,3
2023-05-10 21:33:03,ag2312P6100,ag2312P6100,596.0,0.0,0.0,0.0,1,566.0,573.0,1,596.0,0.0,0.0,0.0,0.0,0.0,3
2023-05-10 21:33:07,ag2312P6100,ag2312P6100,596.0,0.0,0.0,0.0,1,566.0,572.5,1,596.0,0.0,0.0,0.0,0.0,0.0,3
2023-05-10 21:33:20,ag2312P6100,ag2312P6100,596.0,0.0,0.0,0.0,1,566.0,572.0,1,596.0,0.0,0.0,0.0,0.0,0.0,3
2023-05-10 21:33:20,ag2312P6100,ag2312P6100,596.0,0.0,0.0,0.0,1,565.0,572.0,1,596.0,0.0,0.0,0.0,0.0,0.0,3
2023-05-10 21:33:24,ag2312P6100,ag2312P6100,596.0,0.0,0.0,0.0,1,565.0,571.0,1,596.0,0.0,0.0,0.0,0.0,0.0,3
2023-05-10 21:33:33,ag2312P6100,ag2312P6100,596.0,0.0,0.0,0.0,1,563.5,571.0,1,596.0,0.0,0.0,0.0,0.0,0.0,3
2023-05-10 21:33:33,ag2312P6100,ag2312P6100,596.0,0.0,0.0,0.0,1,563.5,570.0,1,596.0,0.0,0.0,0.0,0.0,0.0,3
2023-05-10 21:34:54,ag2312P6100,ag2312P6100,596.0,0.0,0.0,0.0,1,563.5,571.0,1,596.0,0.0,0.0,0.0,0.0,0.0,3
2023-05-10 21:34:54,ag2312P6100,ag2312P6100,596.0,0.0,0.0,0.0,1,564.5,571.0,1,596.0,0.0,0.0,0.0,0.0,0.0,3
2023-05-10 21:35:00,ag2312P6100,ag2312P6100,596.0,0.0,0.0,0.0,1,564.5,585.5,1,596.0,0.0,0.0,0.0,0.0,0.0,3
2023-05-10 21:35:01,ag2312P6100,ag2312P6100,596.0,0.0,0.0,0.0,1,565.5,572.5,1,596.0,0.0,0.0,0.0,0.0,0.0,3
2023-05-10 21:35:14,ag2312P6100,ag2312P6100,596.0,0.0,0.0,0.0,1,565.5,571.5,1,596.0,0.0,0.0,0.0,0.0,0.0,3
2023-05-10 21:35:21,ag2312P6100,ag2312P6100,596.0,0.0,0.0,0.0,1,564.5,571.5,1,596.0,0.0,0.0,0.0,0.0,0.0,3
2023-05-10 21:35:26,ag2312P6100,ag2312P6100,596.0,0.0,0.0,0.0,1,564.5,570.5,1,596.0,0.0,0.0,0.0,0.0,0.0,3
2023-05-10 21:35:27,ag2312P6100,ag2312P6100,596.0,0.0,0.0,0.0,1,540.5,570.5,1,596.0,0.0,0.0,0.0,0.0,0.0,3
2023-05-10 21:35:27,ag2312P6100,ag2312P6100,596.0,0.0,0.0,0.0,1,563.0,570.5,1,596.0,0.0,0.0,0.0,0.0,0.0,3
2023-05-10 21:35:28,ag2312P6100,ag2312P6100,596.0,0.0,0.0,0.0,1,563.0,570.5,1,596.0,0.0,0.0,0.0,0.0,0.0,3
2023-05-10 21:35:31,ag2312P6100,ag2312P6100,596.0,0.0,0.0,0.0,1,564.0,570.5,1,596.0,0.0,0.0,0.0,0.0,0.0,3
2023-05-10 21:35:36,ag2312P6100,ag2312P6100,596.0,0.0,0.0,0.0,1,564.0,569.5,1,596.0,0.0,0.0,0.0,0.0,0.0,3
2023-05-10 21:35:45,ag2312P6100,ag2312P6100,596.0,0.0,0.0,0.0,1,563.0,569.5,1,596.0,0.0,0.0,0.0,0.0,0.0,3
2023-05-10 21:35:56,ag2312P6100,ag2312P6100,596.0,0.0,0.0,0.0,1,563.0,568.5,1,596.0,0.0,0.0,0.0,0.0,0.0,3
2023-05-10 21:36:08,ag2312P6100,ag2312P6100,596.0,0.0,0.0,0.0,1,561.5,568.5,1,596.0,0.0,0.0,0.0,0.0,0.0,3
2023-05-10 21:36:09,ag2312P6100,ag2312P6100,596.0,0.0,0.0,0.0,1,561.5,567.5,1,596.0,0.0,0.0,0.0,0.0,0.0,3
2023-05-10 21:36:24,ag2312P6100,ag2312P6100,596.0,0.0,0.0,0.0,1,561.5,568.5,1,596.0,0.0,0.0,0.0,0.0,0.0,3
2023-05-10 21:36:29,ag2312P6100,ag2312P6100,596.0,0.0,0.0,0.0,1,561.5,568.0,1,596.0,0.0,0.0,0.0,0.0,0.0,3
2023-05-10 21:36:36,ag2312P6100,ag2312P6100,596.0,0.0,0.0,0.0,1,561.5,567.5,1,596.0,0.0,0.0,0.0,0.0,0.0,3
2023-05-10 21:36:45,ag2312P6100,ag2312P6100,596.0,0.0,0.0,0.0,1,560.0,567.5,1,596.0,0.0,0.0,0.0,0.0,0.0,3
2023-05-10 21:36:50,ag2312P6100,ag2312P6100,596.0,0.0,0.0,0.0,1,560.0,566.5,1,596.0,0.0,0.0,0.0,0.0,0.0,3
2023-05-10 21:36:57,ag2312P6100,ag2312P6100,596.0,0.0,0.0,0.0,1,540.5,565.5,1,596.0,0.0,0.0,0.0,0.0,0.0,3
2023-05-10 21:36:57,ag2312P6100,ag2312P6100,596.0,0.0,0.0,0.0,3,540.5,565.5,1,596.0,0.0,0.0,0.0,0.0,0.0,3
2023-05-10 21:36:59,ag2312P6100,ag2312P6100,596.0,0.0,0.0,0.0,1,559.0,565.5,1,596.0,0.0,0.0,0.0,0.0,0.0,3
2023-05-10 21:37:00,ag2312P6100,ag2312P6100,596.0,0.0,0.0,0.0,1,559.0,565.5,1,596.0,0.0,0.0,0.0,0.0,0.0,3
2023-05-10 21:37:01,ag2312P6100,ag2312P6100,596.0,0.0,0.0,0.0,1,559.0,566.5,1,596.0,0.0,0.0,0.0,0.0,0.0,3
2023-05-10 21:37:06,ag2312P6100,ag2312P6100,596.0,0.0,0.0,0.0,1,559.0,566.0,1,596.0,0.0,0.0,0.0,0.0,0.0,3
2023-05-10 21:37:22,ag2312P6100,ag2312P6100,596.0,0.0,0.0,0.0,1,559.0,565.0,1,596.0,0.0,0.0,0.0,0.0,0.0,3
2023-05-10 21:37:28,ag2312P6100,ag2312P6100,596.0,0.0,0.0,0.0,1,557.5,565.0,1,596.0,0.0,0.0,0.0,0.0,0.0,3
2023-05-10 21:37:29,ag2312P6100,ag2312P6100,596.0,0.0,0.0,0.0,1,557.5,564.0,1,596.0,0.0,0.0,0.0,0.0,0.0,3
2023-05-10 21:37:43,ag2312P6100,ag2312P6100,596.0,0.0,0.0,0.0,1,558.5,565.0,1,596.0,0.0,0.0,0.0,0.0,0.0,3
2023-05-10 21:38:09,ag2312P6100,ag2312P6100,596.0,0.0,0.0,0.0,1,559.5,566.0,1,596.0,0.0,0.0,0.0,0.0,0.0,3
2023-05-10 21:38:16,ag2312P6100,ag2312P6100,596.0,0.0,0.0,0.0,1,559.5,567.5,1,596.0,0.0,0.0,0.0,0.0,0.0,3
2023-05-10 21:38:23,ag2312P6100,ag2312P6100,596.0,0.0,0.0,0.0,1,559.5,566.5,1,596.0,0.0,0.0,0.0,0.0,0.0,3
2023-05-10 21:38:43,ag2312P6100,ag2312P6100,596.0,0.0,0.0,0.0,1,560.5,566.5,1,596.0,0.0,0.0,0.0,0.0,0.0,3
2023-05-10 21:38:58,ag2312P6100,ag2312P6100,596.0,0.0,0.0,0.0,1,560.5,567.5,1,596.0,0.0,0.0,0.0,0.0,0.0,3
2023-05-10 21:38:59,ag2312P6100,ag2312P6100,596.0,0.0,0.0,0.0,1,561.5,567.5,1,596.0,0.0,0.0,0.0,0.0,0.0,3
2023-05-10 21:39:02,ag2312P6100,ag2312P6100,596.0,0.0,0.0,0.0,1,561.5,585.5,1,596.0,0.0,0.0,0.0,0.0,0.0,3
2023-05-10 21:39:03,ag2312P6100,ag2312P6100,596.0,0.0,0.0,0.0,1,561.5,569.0,1,596.0,0.0,0.0,0.0,0.0,0.0,3
2023-05-10 21:39:08,ag2312P6100,ag2312P6100,596.0,0.0,0.0,0.0,1,561.5,568.0,1,596.0,0.0,0.0,0.0,0.0,0.0,3
2023-05-10 21:39:23,ag2312P6100,ag2312P6100,596.0,0.0,0.0,0.0,1,561.5,569.0,1,596.0,0.0,0.0,0.0,0.0,0.0,3
2023-05-10 21:39:36,ag2312P6100,ag2312P6100,596.0,0.0,0.0,0.0,1,562.5,569.0,1,596.0,0.0,0.0,0.0,0.0,0.0,3
2023-05-10 21:39:52,ag2312P6100,ag2312P6100,596.0,0.0,0.0,0.0,1,562.5,570.5,1,596.0,0.0,0.0,0.0,0.0,0.0,3
2023-05-10 21:39:58,ag2312P6100,ag2312P6100,596.0,0.0,0.0,0.0,1,563.5,570.5,1,596.0,0.0,0.0,0.0,0.0,0.0,3
2023-05-10 21:39:59,ag2312P6100,ag2312P6100,596.0,0.0,0.0,0.0,1,563.5,585.5,1,596.0,0.0,0.0,0.0,0.0,0.0,3
2023-05-10 21:39:59,ag2312P6100,ag2312P6100,596.0,0.0,0.0,0.0,1,563.5,570.5,1,596.0,0.0,0.0,0.0,0.0,0.0,3
2023-05-10 21:40:02,ag2312P6100,ag2312P6100,596.0,0.0,0.0,0.0,1,564.5,570.5,1,596.0,0.0,0.0,0.0,0.0,0.0,3
2023-05-10 21:40:03,ag2312P6100,ag2312P6100,596.0,0.0,0.0,0.0,1,564.5,572.0,1,596.0,0.0,0.0,0.0,0.0,0.0,3
2023-05-10 21:40:08,ag2312P6100,ag2312P6100,596.0,0.0,0.0,0.0,1,565.5,572.0,1,596.0,0.0,0.0,0.0,0.0,0.0,3
2023-05-10 21:40:27,ag2312P6100,ag2312P6100,596.0,0.0,0.0,0.0,1,565.5,571.0,1,596.0,0.0,0.0,0.0,0.0,0.0,3
2023-05-10 21:40:33,ag2312P6100,ag2312P6100,596.0,0.0,0.0,0.0,1,564.5,571.0,1,596.0,0.0,0.0,0.0,0.0,0.0,3
2023-05-10 21:40:39,ag2312P6100,ag2312P6100,596.0,0.0,0.0,0.0,1,564.5,570.0,1,596.0,0.0,0.0,0.0,0.0,0.0,3
2023-05-10 21:40:43,ag2312P6100,ag2312P6100,596.0,0.0,0.0,0.0,1,563.0,570.0,1,596.0,0.0,0.0,0.0,0.0,0.0,3
2023-05-10 21:40:56,ag2312P6100,ag2312P6100,596.0,0.0,0.0,0.0,1,563.0,569.0,1,596.0,0.0,0.0,0.0,0.0,0.0,3
2023-05-10 21:41:04,ag2312P6100,ag2312P6100,596.0,0.0,0.0,0.0,1,563.0,570.0,1,596.0,0.0,0.0,0.0,0.0,0.0,3
2023-05-10 21:41:13,ag2312P6100,ag2312P6100,596.0,0.0,0.0,0.0,1,564.0,570.0,1,596.0,0.0,0.0,0.0,0.0,0.0,3
2023-05-10 21:41:33,ag2312P6100,ag2312P6100,596.0,0.0,0.0,0.0,1,564.0,571.5,1,596.0,0.0,0.0,0.0,0.0,0.0,3
2023-05-10 21:41:50,ag2312P6100,ag2312P6100,596.0,0.0,0.0,0.0,1,564.0,570.5,1,596.0,0.0,0.0,0.0,0.0,0.0,3
2023-05-10 21:41:52,ag2312P6100,ag2312P6100,596.0,0.0,0.0,0.0,1,564.5,571.5,1,596.0,0.0,0.0,0.0,0.0,0.0,3
2023-05-10 21:41:57,ag2312P6100,ag2312P6100,596.0,0.0,0.0,0.0,1,565.5,571.5,1,596.0,0.0,0.0,0.0,0.0,0.0,3
2023-05-10 21:42:00,ag2312P6100,ag2312P6100,596.0,0.0,0.0,0.0,1,565.5,585.5,1,596.0,0.0,0.0,0.0,0.0,0.0,3
2023-05-10 21:42:01,ag2312P6100,ag2312P6100,596.0,0.0,0.0,0.0,1,566.5,573.5,1,596.0,0.0,0.0,0.0,0.0,0.0,3
2023-05-10 21:42:07,ag2312P6100,ag2312P6100,596.0,0.0,0.0,0.0,1,567.5,585.5,1,596.0,0.0,0.0,0.0,0.0,0.0,3
2023-05-10 21:42:08,ag2312P6100,ag2312P6100,596.0,0.0,0.0,0.0,1,567.5,575.0,1,596.0,0.0,0.0,0.0,0.0,0.0,3
2023-05-10 21:42:09,ag2312P6100,ag2312P6100,596.0,0.0,0.0,0.0,1,568.5,575.0,1,596.0,0.0,0.0,0.0,0.0,0.0,3
2023-05-10 21:42:14,ag2312P6100,ag2312P6100,596.0,0.0,0.0,0.0,1,568.5,576.5,1,596.0,0.0,0.0,0.0,0.0,0.0,3
2023-05-10 21:42:15,ag2312P6100,ag2312P6100,596.0,0.0,0.0,0.0,1,570.0,576.5,1,596.0,0.0,0.0,0.0,0.0,0.0,3
2023-05-10 21:42:22,ag2312P6100,ag2312P6100,596.0,0.0,0.0,0.0,1,570.0,575.5,1,596.0,0.0,0.0,0.0,0.0,0.0,3
2023-05-10 21:42:22,ag2312P6100,ag2312P6100,596.0,0.0,0.0,0.0,1,568.5,575.5,1,596.0,0.0,0.0,0.0,0.0,0.0,3
2023-05-10 21:42:27,ag2312P6100,ag2312P6100,596.0,0.0,0.0,0.0,1,568.5,574.5,1,596.0,0.0,0.0,0.0,0.0,0.0,3
2023-05-10 21:42:34,ag2312P6100,ag2312P6100,596.0,0.0,0.0,0.0,1,568.5,575.5,1,596.0,0.0,0.0,0.0,0.0,0.0,3
2023-05-10 21:42:46,ag2312P6100,ag2312P6100,596.0,0.0,0.0,0.0,1,569.5,575.5,1,596.0,0.0,0.0,0.0,0.0,0.0,3
2023-05-10 21:42:54,ag2312P6100,ag2312P6100,596.0,0.0,0.0,0.0,1,568.5,575.5,1,596.0,0.0,0.0,0.0,0.0,0.0,3
2023-05-10 21:42:58,ag2312P6100,ag2312P6100,596.0,0.0,0.0,0.0,1,568.5,574.5,1,596.0,0.0,0.0,0.0,0.0,0.0,3
2023-05-10 21:43:04,ag2312P6100,ag2312P6100,596.0,0.0,0.0,0.0,1,568.5,575.5,1,596.0,0.0,0.0,0.0,0.0,0.0,3
2023-05-10 21:43:08,ag2312P6100,ag2312P6100,596.0,0.0,0.0,0.0,1,569.5,575.5,1,596.0,0.0,0.0,0.0,0.0,0.0,3
2023-05-10 21:43:20,ag2312P6100,ag2312P6100,596.0,0.0,0.0,0.0,1,568.5,574.5,1,596.0,0.0,0.0,0.0,0.0,0.0,3
2023-05-10 21:43:24,ag2312P6100,ag2312P6100,596.0,0.0,0.0,0.0,1,540.5,574.5,1,596.0,0.0,0.0,0.0,0.0,0.0,3
2023-05-10 21:43:24,ag2312P6100,ag2312P6100,596.0,0.0,0.0,0.0,1,567.0,574.5,1,596.0,0.0,0.0,0.0,0.0,0.0,3
2023-05-10 21:43:25,ag2312P6100,ag2312P6100,596.0,0.0,0.0,0.0,1,567.0,574.5,1,596.0,0.0,0.0,0.0,0.0,0.0,3
2023-05-10 21:43:25,ag2312P6100,ag2312P6100,596.0,0.0,0.0,0.0,1,567.0,573.5,1,596.0,0.0,0.0,0.0,0.0,0.0,3
2023-05-10 21:43:55,ag2312P6100,ag2312P6100,596.0,0.0,0.0,0.0,1,565.5,572.5,1,596.0,0.0,0.0,0.0,0.0,0.0,3
2023-05-10 21:44:02,ag2312P6100,ag2312P6100,596.0,0.0,0.0,0.0,1,565.5,572.0,1,596.0,0.0,0.0,0.0,0.0,0.0,3
2023-05-10 21:44:05,ag2312P6100,ag2312P6100,596.0,0.0,0.0,0.0,1,565.5,571.5,1,596.0,0.0,0.0,0.0,0.0,0.0,3
2023-05-10 21:44:06,ag2312P6100,ag2312P6100,596.0,0.0,0.0,0.0,1,564.0,571.5,1,596.0,0.0,0.0,0.0,0.0,0.0,3
2023-05-10 21:44:07,ag2312P6100,ag2312P6100,596.0,0.0,0.0,0.0,1,564.0,570.5,1,596.0,0.0,0.0,0.0,0.0,0.0,3
2023-05-10 21:44:17,ag2312P6100,ag2312P6100,596.0,0.0,0.0,0.0,1,565.0,571.5,1,596.0,0.0,0.0,0.0,0.0,0.0,3
2023-05-10 21:45:12,ag2312P6100,ag2312P6100,596.0,0.0,0.0,0.0,1,565.0,570.5,1,596.0,0.0,0.0,0.0,0.0,0.0,3
2023-05-10 21:45:13,ag2312P6100,ag2312P6100,596.0,0.0,0.0,0.0,1,564.0,570.5,1,596.0,0.0,0.0,0.0,0.0,0.0,3
2023-05-10 21:45:15,ag2312P6100,ag2312P6100,596.0,0.0,0.0,0.0,1,540.5,570.5,1,596.0,0.0,0.0,0.0,0.0,0.0,3
2023-05-10 21:45:16,ag2312P6100,ag2312P6100,596.0,0.0,0.0,0.0,2,541.0,570.5,1,596.0,0.0,0.0,0.0,0.0,0.0,3
2023-05-10 21:45:17,ag2312P6100,ag2312P6100,596.0,0.0,0.0,0.0,1,562.0,569.0,1,596.0,0.0,0.0,0.0,0.0,0.0,3
2023-05-10 21:45:17,ag2312P6100,ag2312P6100,596.0,0.0,0.0,0.0,1,562.0,569.0,1,596.0,0.0,0.0,0.0,0.0,0.0,3
2023-05-10 21:45:26,ag2312P6100,ag2312P6100,596.0,0.0,0.0,0.0,1,563.0,569.0,1,596.0,0.0,0.0,0.0,0.0,0.0,3
2023-05-10 21:45:31,ag2312P6100,ag2312P6100,596.0,0.0,0.0,0.0,1,563.0,570.5,1,596.0,0.0,0.0,0.0,0.0,0.0,3
2023-05-10 21:45:32,ag2312P6100,ag2312P6100,596.0,0.0,0.0,0.0,1,563.0,570.0,1,596.0,0.0,0.0,0.0,0.0,0.0,3
2023-05-10 21:45:51,ag2312P6100,ag2312P6100,596.0,0.0,0.0,0.0,1,563.0,570.0,1,596.0,0.0,0.0,0.0,0.0,0.0,3
2023-05-10 21:45:52,ag2312P6100,ag2312P6100,596.0,0.0,0.0,0.0,1,563.0,569.0,1,596.0,0.0,0.0,0.0,0.0,0.0,3
2023-05-10 21:46:02,ag2312P6100,ag2312P6100,596.0,0.0,0.0,0.0,1,563.0,570.0,1,596.0,0.0,0.0,0.0,0.0,0.0,3
2023-05-10 21:46:03,ag2312P6100,ag2312P6100,596.0,0.0,0.0,0.0,1,563.0,585.5,1,596.0,0.0,0.0,0.0,0.0,0.0,3
2023-05-10 21:46:05,ag2312P6100,ag2312P6100,596.0,0.0,0.0,0.0,1,563.0,570.5,1,596.0,0.0,0.0,0.0,0.0,0.0,3
2023-05-10 21:46:08,ag2312P6100,ag2312P6100,596.0,0.0,0.0,0.0,1,564.0,570.5,1,596.0,0.0,0.0,0.0,0.0,0.0,3
2023-05-10 21:46:11,ag2312P6100,ag2312P6100,596.0,0.0,0.0,0.0,1,563.0,570.5,1,596.0,0.0,0.0,0.0,0.0,0.0,3
2023-05-10 21:46:12,ag2312P6100,ag2312P6100,596.0,0.0,0.0,0.0,1,563.0,569.0,1,596.0,0.0,0.0,0.0,0.0,0.0,3
2023-05-10 21:46:31,ag2312P6100,ag2312P6100,596.0,0.0,0.0,0.0,1,563.0,568.0,1,596.0,0.0,0.0,0.0,0.0,0.0,3
2023-05-10 21:46:31,ag2312P6100,ag2312P6100,596.0,0.0,0.0,0.0,1,561.5,568.0,1,596.0,0.0,0.0,0.0,0.0,0.0,3
2023-05-10 21:46:32,ag2312P6100,ag2312P6100,596.0,0.0,0.0,0.0,1,540.5,568.0,1,596.0,0.0,0.0,0.0,0.0,0.0,3
2023-05-10 21:46:32,ag2312P6100,ag2312P6100,596.0,0.0,0.0,0.0,2,541.0,568.0,1,596.0,0.0,0.0,0.0,0.0,0.0,3
2023-05-10 21:46:33,ag2312P6100,ag2312P6100,596.0,0.0,0.0,0.0,1,560.0,568.0,1,596.0,0.0,0.0,0.0,0.0,0.0,3
2023-05-10 21:46:34,ag2312P6100,ag2312P6100,596.0,0.0,0.0,0.0,1,560.0,568.0,1,596.0,0.0,0.0,0.0,0.0,0.0,3
2023-05-10 21:46:36,ag2312P6100,ag2312P6100,596.0,0.0,0.0,0.0,1,560.0,567.0,1,596.0,0.0,0.0,0.0,0.0,0.0,3
2023-05-10 21:46:46,ag2312P6100,ag2312P6100,596.0,0.0,0.0,0.0,1,560.0,566.5,1,596.0,0.0,0.0,0.0,0.0,0.0,3
2023-05-10 21:46:47,ag2312P6100,ag2312P6100,596.0,0.0,0.0,0.0,1,540.5,566.5,1,596.0,0.0,0.0,0.0,0.0,0.0,3
2023-05-10 21:46:47,ag2312P6100,ag2312P6100,596.0,0.0,0.0,0.0,2,541.0,566.5,1,596.0,0.0,0.0,0.0,0.0,0.0,3
2023-05-10 21:46:48,ag2312P6100,ag2312P6100,596.0,0.0,0.0,0.0,1,558.5,566.5,1,596.0,0.0,0.0,0.0,0.0,0.0,3
2023-05-10 21:46:48,ag2312P6100,ag2312P6100,596.0,0.0,0.0,0.0,1,558.5,566.5,1,596.0,0.0,0.0,0.0,0.0,0.0,3
2023-05-10 21:46:51,ag2312P6100,ag2312P6100,596.0,0.0,0.0,0.0,1,559.5,566.5,1,596.0,0.0,0.0,0.0,0.0,0.0,3
2023-05-10 21:47:01,ag2312P6100,ag2312P6100,596.0,0.0,0.0,0.0,1,560.5,566.5,1,596.0,0.0,0.0,0.0,0.0,0.0,3
2023-05-10 21:47:06,ag2312P6100,ag2312P6100,596.0,0.0,0.0,0.0,1,559.5,566.5,1,596.0,0.0,0.0,0.0,0.0,0.0,3
2023-05-10 21:47:06,ag2312P6100,ag2312P6100,596.0,0.0,0.0,0.0,1,540.5,566.5,1,596.0,0.0,0.0,0.0,0.0,0.0,3
2023-05-10 21:47:07,ag2312P6100,ag2312P6100,596.0,0.0,0.0,0.0,1,558.0,565.0,1,596.0,0.0,0.0,0.0,0.0,0.0,3
2023-05-10 21:47:07,ag2312P6100,ag2312P6100,596.0,0.0,0.0,0.0,1,558.0,565.0,1,596.0,0.0,0.0,0.0,0.0,0.0,3
2023-05-10 21:47:10,ag2312P6100,ag2312P6100,596.0,0.0,0.0,0.0,1,559.0,565.0,1,596.0,0.0,0.0,0.0,0.0,0.0,3
2023-05-10 21:48:13,ag2312P6100,ag2312P6100,596.0,0.0,0.0,0.0,1,558.0,564.0,1,596.0,0.0,0.0,0.0,0.0,0.0,3
2023-05-10 21:48:25,ag2312P6100,ag2312P6100,596.0,0.0,0.0,0.0,1,540.5,564.0,1,596.0,0.0,0.0,0.0,0.0,0.0,3
2023-05-10 21:48:25,ag2312P6100,ag2312P6100,596.0,0.0,0.0,0.0,1,540.5,563.0,1,596.0,0.0,0.0,0.0,0.0,0.0,3
2023-05-10 21:48:26,ag2312P6100,ag2312P6100,596.0,0.0,0.0,0.0,1,556.0,563.0,1,596.0,0.0,0.0,0.0,0.0,0.0,3
2023-05-10 21:48:28,ag2312P6100,ag2312P6100,596.0,0.0,0.0,0.0,1,557.0,563.0,1,596.0,0.0,0.0,0.0,0.0,0.0,3
2023-05-10 21:48:38,ag2312P6100,ag2312P6100,596.0,0.0,0.0,0.0,1,557.0,564.0,1,596.0,0.0,0.0,0.0,0.0,0.0,3
2023-05-10 21:48:48,ag2312P6100,ag2312P6100,596.0,0.0,0.0,0.0,1,558.0,564.0,1,596.0,0.0,0.0,0.0,0.0,0.0,3
2023-05-10 21:48:50,ag2312P6100,ag2312P6100,596.0,0.0,0.0,0.0,1,558.0,565.5,1,596.0,0.0,0.0,0.0,0.0,0.0,3
2023-05-10 21:48:52,ag2312P6100,ag2312P6100,596.0,0.0,0.0,0.0,1,559.0,565.5,1,596.0,0.0,0.0,0.0,0.0,0.0,3
2023-05-10 21:49:06,ag2312P6100,ag2312P6100,596.0,0.0,0.0,0.0,1,558.0,565.5,1,596.0,0.0,0.0,0.0,0.0,0.0,3
2023-05-10 21:49:09,ag2312P6100,ag2312P6100,596.0,0.0,0.0,0.0,1,559.0,565.5,1,596.0,0.0,0.0,0.0,0.0,0.0,3
2023-05-10 21:49:18,ag2312P6100,ag2312P6100,596.0,0.0,0.0,0.0,1,559.0,567.0,1,596.0,0.0,0.0,0.0,0.0,0.0,3
2023-05-10 21:49:19,ag2312P6100,ag2312P6100,596.0,0.0,0.0,0.0,1,560.0,567.0,1,596.0,0.0,0.0,0.0,0.0,0.0,3
2023-05-10 21:49:23,ag2312P6100,ag2312P6100,596.0,0.0,0.0,0.0,1,561.0,567.0,1,596.0,0.0,0.0,0.0,0.0,0.0,3
2023-05-10 21:49:58,ag2312P6100,ag2312P6100,596.0,0.0,0.0,0.0,1,561.0,568.5,1,596.0,0.0,0.0,0.0,0.0,0.0,3
2023-05-10 21:50:02,ag2312P6100,ag2312P6100,596.0,0.0,0.0,0.0,1,561.0,568.0,1,596.0,0.0,0.0,0.0,0.0,0.0,3
2023-05-10 21:50:07,ag2312P6100,ag2312P6100,596.0,0.0,0.0,0.0,1,562.0,568.0,1,596.0,0.0,0.0,0.0,0.0,0.0,3
2023-05-10 21:50:10,ag2312P6100,ag2312P6100,596.0,0.0,0.0,0.0,1,562.0,568.5,1,596.0,0.0,0.0,0.0,0.0,0.0,3
2023-05-10 21:50:33,ag2312P6100,ag2312P6100,596.0,0.0,0.0,0.0,1,562.0,567.5,1,596.0,0.0,0.0,0.0,0.0,0.0,3
2023-05-10 21:50:38,ag2312P6100,ag2312P6100,596.0,0.0,0.0,0.0,1,561.0,567.5,1,596.0,0.0,0.0,0.0,0.0,0.0,3
2023-05-10 21:50:41,ag2312P6100,ag2312P6100,596.0,0.0,0.0,0.0,1,561.0,566.5,1,596.0,0.0,0.0,0.0,0.0,0.0,3
2023-05-10 21:50:44,ag2312P6100,ag2312P6100,596.0,0.0,0.0,0.0,1,561.0,567.5,1,596.0,0.0,0.0,0.0,0.0,0.0,3
2023-05-10 21:50:50,ag2312P6100,ag2312P6100,596.0,0.0,0.0,0.0,1,559.5,567.5,1,596.0,0.0,0.0,0.0,0.0,0.0,3
2023-05-10 21:50:53,ag2312P6100,ag2312P6100,596.0,0.0,0.0,0.0,1,559.5,566.5,1,596.0,0.0,0.0,0.0,0.0,0.0,3
2023-05-10 21:50:58,ag2312P6100,ag2312P6100,596.0,0.0,0.0,0.0,1,559.5,566.0,1,596.0,0.0,0.0,0.0,0.0,0.0,3
2023-05-10 21:51:18,ag2312P6100,ag2312P6100,596.0,0.0,0.0,0.0,1,560.5,566.5,1,596.0,0.0,0.0,0.0,0.0,0.0,3
2023-05-10 21:51:50,ag2312P6100,ag2312P6100,596.0,0.0,0.0,0.0,1,560.5,568.0,1,596.0,0.0,0.0,0.0,0.0,0.0,3
2023-05-10 21:51:57,ag2312P6100,ag2312P6100,596.0,0.0,0.0,0.0,1,560.5,567.0,1,596.0,0.0,0.0,0.0,0.0,0.0,3
2023-05-10 21:52:49,ag2312P6100,ag2312P6100,596.0,0.0,0.0,0.0,1,560.5,568.0,1,596.0,0.0,0.0,0.0,0.0,0.0,3
2023-05-10 21:52:50,ag2312P6100,ag2312P6100,596.0,0.0,0.0,0.0,1,562.0,568.0,1,596.0,0.0,0.0,0.0,0.0,0.0,3
2023-05-10 21:52:53,ag2312P6100,ag2312P6100,596.0,0.0,0.0,0.0,1,562.0,569.5,1,596.0,0.0,0.0,0.0,0.0,0.0,3
2023-05-10 21:52:59,ag2312P6100,ag2312P6100,596.0,0.0,0.0,0.0,1,562.5,569.5,1,596.0,0.0,0.0,0.0,0.0,0.0,3
2023-05-10 21:53:14,ag2312P6100,ag2312P6100,596.0,0.0,0.0,0.0,1,563.5,569.5,1,596.0,0.0,0.0,0.0,0.0,0.0,3
2023-05-10 21:53:17,ag2312P6100,ag2312P6100,596.0,0.0,0.0,0.0,1,562.5,569.5,1,596.0,0.0,0.0,0.0,0.0,0.0,3
2023-05-10 21:53:24,ag2312P6100,ag2312P6100,596.0,0.0,0.0,0.0,1,540.5,568.5,1,596.0,0.0,0.0,0.0,0.0,0.0,3
2023-05-10 21:53:25,ag2312P6100,ag2312P6100,596.0,0.0,0.0,0.0,2,541.0,568.5,1,596.0,0.0,0.0,0.0,0.0,0.0,3
2023-05-10 21:53:25,ag2312P6100,ag2312P6100,596.0,0.0,0.0,0.0,1,561.0,568.5,1,596.0,0.0,0.0,0.0,0.0,0.0,3
2023-05-10 21:53:26,ag2312P6100,ag2312P6100,596.0,0.0,0.0,0.0,1,561.0,568.5,1,596.0,0.0,0.0,0.0,0.0,0.0,3
2023-05-10 21:53:36,ag2312P6100,ag2312P6100,596.0,0.0,0.0,0.0,1,561.0,567.5,1,596.0,0.0,0.0,0.0,0.0,0.0,3
2023-05-10 21:54:10,ag2312P6100,ag2312P6100,596.0,0.0,0.0,0.0,1,561.5,568.5,1,596.0,0.0,0.0,0.0,0.0,0.0,3
2023-05-10 21:54:13,ag2312P6100,ag2312P6100,596.0,0.0,0.0,0.0,1,562.5,568.5,1,596.0,0.0,0.0,0.0,0.0,0.0,3
2023-05-10 21:54:44,ag2312P6100,ag2312P6100,596.0,0.0,0.0,0.0,1,562.5,569.5,1,596.0,0.0,0.0,0.0,0.0,0.0,3
2023-05-10 21:54:56,ag2312P6100,ag2312P6100,596.0,0.0,0.0,0.0,1,562.5,568.5,1,596.0,0.0,0.0,0.0,0.0,0.0,3
2023-05-10 21:55:11,ag2312P6100,ag2312P6100,596.0,0.0,0.0,0.0,1,562.5,569.5,1,596.0,0.0,0.0,0.0,0.0,0.0,3
2023-05-10 21:55:45,ag2312P6100,ag2312P6100,596.0,0.0,0.0,0.0,1,562.5,568.5,1,596.0,0.0,0.0,0.0,0.0,0.0,3
2023-05-10 21:56:22,ag2312P6100,ag2312P6100,596.0,0.0,0.0,0.0,1,561.5,568.5,1,596.0,0.0,0.0,0.0,0.0,0.0,3
2023-05-10 21:56:27,ag2312P6100,ag2312P6100,596.0,0.0,0.0,0.0,1,561.5,567.5,1,596.0,0.0,0.0,0.0,0.0,0.0,3
2023-05-10 21:56:44,ag2312P6100,ag2312P6100,596.0,0.0,0.0,0.0,1,561.5,568.5,1,596.0,0.0,0.0,0.0,0.0,0.0,3
2023-05-10 21:57:29,ag2312P6100,ag2312P6100,596.0,0.0,0.0,0.0,1,562.5,585.5,1,596.0,0.0,0.0,0.0,0.0,0.0,3
2023-05-10 21:57:30,ag2312P6100,ag2312P6100,596.0,0.0,0.0,0.0,1,562.5,570.0,1,596.0,0.0,0.0,0.0,0.0,0.0,3
2023-05-10 21:58:06,ag2312P6100,ag2312P6100,596.0,0.0,0.0,0.0,1,562.5,569.0,1,596.0,0.0,0.0,0.0,0.0,0.0,3
2023-05-10 21:58:30,ag2312P6100,ag2312P6100,596.0,0.0,0.0,0.0,1,562.5,570.0,1,596.0,0.0,0.0,0.0,0.0,0.0,3
2023-05-10 21:58:33,ag2312P6100,ag2312P6100,596.0,0.0,0.0,0.0,1,562.5,569.5,1,596.0,0.0,0.0,0.0,0.0,0.0,3
2023-05-10 21:58:48,ag2312P6100,ag2312P6100,596.0,0.0,0.0,0.0,1,563.5,569.5,1,596.0,0.0,0.0,0.0,0.0,0.0,3
2023-05-10 21:58:51,ag2312P6100,ag2312P6100,596.0,0.0,0.0,0.0,1,563.5,570.0,1,596.0,0.0,0.0,0.0,0.0,0.0,3
2023-05-10 21:59:21,ag2312P6100,ag2312P6100,596.0,0.0,0.0,0.0,1,564.5,571.0,1,596.0,0.0,0.0,0.0,0.0,0.0,3
2023-05-10 22:00:02,ag2312P6100,ag2312P6100,596.0,0.0,0.0,0.0,1,564.5,572.5,1,596.0,0.0,0.0,0.0,0.0,0.0,3
2023-05-10 22:00:04,ag2312P6100,ag2312P6100,596.0,0.0,0.0,0.0,1,566.0,572.5,1,596.0,0.0,0.0,0.0,0.0,0.0,3
2023-05-10 22:00:06,ag2312P6100,ag2312P6100,596.0,0.0,0.0,0.0,1,566.0,585.5,1,596.0,0.0,0.0,0.0,0.0,0.0,3
2023-05-10 22:00:07,ag2312P6100,ag2312P6100,596.0,0.0,0.0,0.0,1,566.0,574.0,1,596.0,0.0,0.0,0.0,0.0,0.0,3
2023-05-10 22:00:08,ag2312P6100,ag2312P6100,596.0,0.0,0.0,0.0,1,566.0,573.5,1,596.0,0.0,0.0,0.0,0.0,0.0,3
2023-05-10 22:00:19,ag2312P6100,ag2312P6100,596.0,0.0,0.0,0.0,1,566.0,572.5,1,596.0,0.0,0.0,0.0,0.0,0.0,3
2023-05-10 22:00:23,ag2312P6100,ag2312P6100,596.0,0.0,0.0,0.0,1,566.0,573.5,1,596.0,0.0,0.0,0.0,0.0,0.0,3
2023-05-10 22:00:24,ag2312P6100,ag2312P6100,596.0,0.0,0.0,0.0,1,567.0,573.5,1,596.0,0.0,0.0,0.0,0.0,0.0,3
2023-05-10 22:00:25,ag2312P6100,ag2312P6100,596.0,0.0,0.0,0.0,1,567.0,575.0,1,596.0,0.0,0.0,0.0,0.0,0.0,3
2023-05-10 22:00:27,ag2312P6100,ag2312P6100,596.0,0.0,0.0,0.0,1,568.0,575.0,1,596.0,0.0,0.0,0.0,0.0,0.0,3
2023-05-10 22:00:42,ag2312P6100,ag2312P6100,596.0,0.0,0.0,0.0,1,568.0,574.0,1,596.0,0.0,0.0,0.0,0.0,0.0,3
2023-05-10 22:00:50,ag2312P6100,ag2312P6100,596.0,0.0,0.0,0.0,1,568.0,575.0,1,596.0,0.0,0.0,0.0,0.0,0.0,3
2023-05-10 22:01:01,ag2312P6100,ag2312P6100,596.0,0.0,0.0,0.0,1,569.0,575.0,1,596.0,0.0,0.0,0.0,0.0,0.0,3
2023-05-10 22:01:08,ag2312P6100,ag2312P6100,596.0,0.0,0.0,0.0,1,568.0,575.0,1,596.0,0.0,0.0,0.0,0.0,0.0,3
2023-05-10 22:01:14,ag2312P6100,ag2312P6100,596.0,0.0,0.0,0.0,1,568.0,574.0,1,596.0,0.0,0.0,0.0,0.0,0.0,3
2023-05-10 22:01:17,ag2312P6100,ag2312P6100,596.0,0.0,0.0,0.0,1,566.0,574.0,1,596.0,0.0,0.0,0.0,0.0,0.0,3
2023-05-10 22:01:18,ag2312P6100,ag2312P6100,596.0,0.0,0.0,0.0,1,566.0,573.0,1,596.0,0.0,0.0,0.0,0.0,0.0,3
2023-05-10 22:01:48,ag2312P6100,ag2312P6100,596.0,0.0,0.0,0.0,1,567.0,573.0,1,596.0,0.0,0.0,0.0,0.0,0.0,3
2023-05-10 22:01:55,ag2312P6100,ag2312P6100,596.0,0.0,0.0,0.0,1,567.0,574.0,1,596.0,0.0,0.0,0.0,0.0,0.0,3
2023-05-10 22:02:02,ag2312P6100,ag2312P6100,596.0,0.0,0.0,0.0,1,568.0,574.0,1,596.0,0.0,0.0,0.0,0.0,0.0,3
2023-05-10 22:02:12,ag2312P6100,ag2312P6100,596.0,0.0,0.0,0.0,1,568.0,575.5,1,596.0,0.0,0.0,0.0,0.0,0.0,3
2023-05-10 22:02:14,ag2312P6100,ag2312P6100,596.0,0.0,0.0,0.0,1,568.0,575.0,1,596.0,0.0,0.0,0.0,0.0,0.0,3
2023-05-10 22:02:16,ag2312P6100,ag2312P6100,596.0,0.0,0.0,0.0,1,568.0,575.0,1,596.0,0.0,0.0,0.0,0.0,0.0,3
2023-05-10 22:02:21,ag2312P6100,ag2312P6100,596.0,0.0,0.0,0.0,1,568.0,574.0,1,596.0,0.0,0.0,0.0,0.0,0.0,3
2023-05-10 22:02:22,ag2312P6100,ag2312P6100,596.0,0.0,0.0,0.0,1,567.0,574.0,1,596.0,0.0,0.0,0.0,0.0,0.0,3
2023-05-10 22:02:26,ag2312P6100,ag2312P6100,596.0,0.0,0.0,0.0,1,567.0,574.0,1,596.0,0.0,0.0,0.0,0.0,0.0,3
2023-05-10 22:02:29,ag2312P6100,ag2312P6100,596.0,0.0,0.0,0.0,1,567.0,573.0,1,596.0,0.0,0.0,0.0,0.0,0.0,3
2023-05-10 22:04:06,ag2312P6100,ag2312P6100,596.0,0.0,0.0,0.0,1,567.0,574.0,1,596.0,0.0,0.0,0.0,0.0,0.0,3
2023-05-10 22:04:10,ag2312P6100,ag2312P6100,596.0,0.0,0.0,0.0,1,568.0,574.0,1,596.0,0.0,0.0,0.0,0.0,0.0,3
2023-05-10 22:04:49,ag2312P6100,ag2312P6100,596.0,0.0,0.0,0.0,1,567.0,574.0,1,596.0,0.0,0.0,0.0,0.0,0.0,3
2023-05-10 22:05:18,ag2312P6100,ag2312P6100,596.0,0.0,0.0,0.0,1,567.0,573.0,1,596.0,0.0,0.0,0.0,0.0,0.0,3
2023-05-10 22:05:43,ag2312P6100,ag2312P6100,596.0,0.0,0.0,0.0,1,565.5,573.0,1,596.0,0.0,0.0,0.0,0.0,0.0,3
2023-05-10 22:05:46,ag2312P6100,ag2312P6100,596.0,0.0,0.0,0.0,1,565.5,572.0,1,596.0,0.0,0.0,0.0,0.0,0.0,3
2023-05-10 22:06:05,ag2312P6100,ag2312P6100,596.0,0.0,0.0,0.0,1,564.0,571.0,1,596.0,0.0,0.0,0.0,0.0,0.0,3
2023-05-10 22:06:16,ag2312P6100,ag2312P6100,596.0,0.0,0.0,0.0,1,564.0,571.0,1,596.0,0.0,0.0,0.0,0.0,0.0,3
2023-05-10 22:06:17,ag2312P6100,ag2312P6100,596.0,0.0,0.0,0.0,1,564.0,570.0,1,596.0,0.0,0.0,0.0,0.0,0.0,3
2023-05-10 22:06:28,ag2312P6100,ag2312P6100,596.0,0.0,0.0,0.0,1,564.0,571.0,1,596.0,0.0,0.0,0.0,0.0,0.0,3
2023-05-10 22:06:31,ag2312P6100,ag2312P6100,596.0,0.0,0.0,0.0,1,565.0,571.0,1,596.0,0.0,0.0,0.0,0.0,0.0,3
2023-05-10 22:07:03,ag2312P6100,ag2312P6100,596.0,0.0,0.0,0.0,1,565.0,572.5,1,596.0,0.0,0.0,0.0,0.0,0.0,3
2023-05-10 22:07:26,ag2312P6100,ag2312P6100,596.0,0.0,0.0,0.0,1,566.0,572.5,1,596.0,0.0,0.0,0.0,0.0,0.0,3
2023-05-10 22:07:55,ag2312P6100,ag2312P6100,596.0,0.0,0.0,0.0,1,566.0,571.5,1,596.0,0.0,0.0,0.0,0.0,0.0,3
2023-05-10 22:07:55,ag2312P6100,ag2312P6100,596.0,0.0,0.0,0.0,1,565.0,571.5,1,596.0,0.0,0.0,0.0,0.0,0.0,3
2023-05-10 22:08:06,ag2312P6100,ag2312P6100,596.0,0.0,0.0,0.0,1,565.0,571.0,1,596.0,0.0,0.0,0.0,0.0,0.0,3
2023-05-10 22:08:06,ag2312P6100,ag2312P6100,596.0,0.0,0.0,0.0,1,565.0,570.0,1,596.0,0.0,0.0,0.0,0.0,0.0,3
2023-05-10 22:08:16,ag2312P6100,ag2312P6100,596.0,0.0,0.0,0.0,1,563.5,570.0,1,596.0,0.0,0.0,0.0,0.0,0.0,3
2023-05-10 22:09:00,ag2312P6100,ag2312P6100,596.0,0.0,0.0,0.0,1,564.5,571.0,1,596.0,0.0,0.0,0.0,0.0,0.0,3
2023-05-10 22:09:02,ag2312P6100,ag2312P6100,596.0,0.0,0.0,0.0,1,564.5,585.5,1,596.0,0.0,0.0,0.0,0.0,0.0,3
2023-05-10 22:09:03,ag2312P6100,ag2312P6100,596.0,0.0,0.0,0.0,1,564.5,571.5,1,596.0,0.0,0.0,0.0,0.0,0.0,3
2023-05-10 22:09:13,ag2312P6100,ag2312P6100,596.0,0.0,0.0,0.0,1,565.5,571.5,1,596.0,0.0,0.0,0.0,0.0,0.0,3
2023-05-10 22:09:51,ag2312P6100,ag2312P6100,596.0,0.0,0.0,0.0,1,565.5,573.0,1,596.0,0.0,0.0,0.0,0.0,0.0,3
2023-05-10 22:09:54,ag2312P6100,ag2312P6100,596.0,0.0,0.0,0.0,1,566.5,573.0,1,596.0,0.0,0.0,0.0,0.0,0.0,3
2023-05-10 22:10:02,ag2312P6100,ag2312P6100,596.0,0.0,0.0,0.0,1,567.5,574.5,1,596.0,0.0,0.0,0.0,0.0,0.0,3
2023-05-10 22:10:41,ag2312P6100,ag2312P6100,596.0,0.0,0.0,0.0,1,567.5,573.5,1,596.0,0.0,0.0,0.0,0.0,0.0,3
2023-05-10 22:10:57,ag2312P6100,ag2312P6100,596.0,0.0,0.0,0.0,1,567.5,574.5,1,596.0,0.0,0.0,0.0,0.0,0.0,3
2023-05-10 22:11:29,ag2312P6100,ag2312P6100,596.0,0.0,0.0,0.0,1,567.5,573.5,1,596.0,0.0,0.0,0.0,0.0,0.0,3
2023-05-10 22:11:46,ag2312P6100,ag2312P6100,596.0,0.0,0.0,0.0,1,566.5,573.0,1,596.0,0.0,0.0,0.0,0.0,0.0,3
2023-05-10 22:12:05,ag2312P6100,ag2312P6100,596.0,0.0,0.0,0.0,1,567.5,585.5,1,596.0,0.0,0.0,0.0,0.0,0.0,3
2023-05-10 22:12:06,ag2312P6100,ag2312P6100,596.0,0.0,0.0,0.0,1,567.5,575.0,1,596.0,0.0,0.0,0.0,0.0,0.0,3
2023-05-10 22:12:20,ag2312P6100,ag2312P6100,596.0,0.0,0.0,0.0,1,568.5,575.0,1,596.0,0.0,0.0,0.0,0.0,0.0,3
2023-05-10 22:13:24,ag2312P6100,ag2312P6100,596.0,0.0,0.0,0.0,1,568.5,574.0,1,596.0,0.0,0.0,0.0,0.0,0.0,3
2023-05-10 22:13:30,ag2312P6100,ag2312P6100,596.0,0.0,0.0,0.0,1,567.5,574.0,1,596.0,0.0,0.0,0.0,0.0,0.0,3
2023-05-10 22:13:45,ag2312P6100,ag2312P6100,596.0,0.0,0.0,0.0,1,567.5,573.0,1,596.0,0.0,0.0,0.0,0.0,0.0,3
2023-05-10 22:13:46,ag2312P6100,ag2312P6100,596.0,0.0,0.0,0.0,1,566.0,573.0,1,596.0,0.0,0.0,0.0,0.0,0.0,3
2023-05-10 22:14:00,ag2312P6100,ag2312P6100,596.0,0.0,0.0,0.0,1,566.0,572.0,1,596.0,0.0,0.0,0.0,0.0,0.0,3
2023-05-10 22:14:42,ag2312P6100,ag2312P6100,596.0,0.0,0.0,0.0,1,566.0,573.0,1,596.0,0.0,0.0,0.0,0.0,0.0,3
2023-05-10 22:14:45,ag2312P6100,ag2312P6100,596.0,0.0,0.0,0.0,1,567.0,573.0,1,596.0,0.0,0.0,0.0,0.0,0.0,3
2023-05-10 22:14:53,ag2312P6100,ag2312P6100,596.0,0.0,0.0,0.0,1,567.0,574.5,1,596.0,0.0,0.0,0.0,0.0,0.0,3
2023-05-10 22:15:05,ag2312P6100,ag2312P6100,596.0,0.0,0.0,0.0,1,568.0,574.5,1,596.0,0.0,0.0,0.0,0.0,0.0,3
2023-05-10 22:16:03,ag2312P6100,ag2312P6100,596.0,0.0,0.0,0.0,1,569.0,575.5,1,596.0,0.0,0.0,0.0,0.0,0.0,3
2023-05-10 22:16:04,ag2312P6100,ag2312P6100,596.0,0.0,0.0,0.0,1,569.0,585.5,1,596.0,0.0,0.0,0.0,0.0,0.0,3
2023-05-10 22:16:04,ag2312P6100,ag2312P6100,596.0,0.0,0.0,0.0,1,569.0,577.0,1,596.0,0.0,0.0,0.0,0.0,0.0,3
2023-05-10 22:16:08,ag2312P6100,ag2312P6100,596.0,0.0,0.0,0.0,1,569.0,576.0,1,596.0,0.0,0.0,0.0,0.0,0.0,3
2023-05-10 22:16:23,ag2312P6100,ag2312P6100,596.0,0.0,0.0,0.0,1,569.0,575.0,1,596.0,0.0,0.0,0.0,0.0,0.0,3
2023-05-10 22:16:27,ag2312P6100,ag2312P6100,596.0,0.0,0.0,0.0,1,568.0,575.0,1,596.0,0.0,0.0,0.0,0.0,0.0,3
2023-05-10 22:16:55,ag2312P6100,ag2312P6100,596.0,0.0,0.0,0.0,1,568.0,574.5,1,596.0,0.0,0.0,0.0,0.0,0.0,3
2023-05-10 22:17:18,ag2312P6100,ag2312P6100,596.0,0.0,0.0,0.0,1,540.5,574.0,1,596.0,0.0,0.0,0.0,0.0,0.0,3
2023-05-10 22:17:19,ag2312P6100,ag2312P6100,596.0,0.0,0.0,0.0,2,541.0,574.0,1,596.0,0.0,0.0,0.0,0.0,0.0,3
2023-05-10 22:17:19,ag2312P6100,ag2312P6100,596.0,0.0,0.0,0.0,1,566.5,574.0,1,596.0,0.0,0.0,0.0,0.0,0.0,3
2023-05-10 22:17:20,ag2312P6100,ag2312P6100,596.0,0.0,0.0,0.0,1,566.5,574.0,1,596.0,0.0,0.0,0.0,0.0,0.0,3
2023-05-10 22:17:20,ag2312P6100,ag2312P6100,596.0,0.0,0.0,0.0,1,566.5,573.0,1,596.0,0.0,0.0,0.0,0.0,0.0,3
2023-05-10 22:17:26,ag2312P6100,ag2312P6100,596.0,0.0,0.0,0.0,1,566.5,572.0,1,596.0,0.0,0.0,0.0,0.0,0.0,3
2023-05-10 22:17:27,ag2312P6100,ag2312P6100,596.0,0.0,0.0,0.0,1,540.5,572.0,1,596.0,0.0,0.0,0.0,0.0,0.0,3
2023-05-10 22:17:27,ag2312P6100,ag2312P6100,596.0,0.0,0.0,0.0,1,565.0,572.0,1,596.0,0.0,0.0,0.0,0.0,0.0,3
2023-05-10 22:17:28,ag2312P6100,ag2312P6100,596.0,0.0,0.0,0.0,1,565.0,572.0,1,596.0,0.0,0.0,0.0,0.0,0.0,3
2023-05-10 22:17:43,ag2312P6100,ag2312P6100,596.0,0.0,0.0,0.0,1,566.0,572.0,1,596.0,0.0,0.0,0.0,0.0,0.0,3
2023-05-10 22:17:44,ag2312P6100,ag2312P6100,596.0,0.0,0.0,0.0,1,566.0,573.0,1,596.0,0.0,0.0,0.0,0.0,0.0,3
2023-05-10 22:17:53,ag2312P6100,ag2312P6100,596.0,0.0,0.0,0.0,1,566.0,572.0,1,596.0,0.0,0.0,0.0,0.0,0.0,3
2023-05-10 22:18:05,ag2312P6100,ag2312P6100,596.0,0.0,0.0,0.0,1,566.0,573.0,1,596.0,0.0,0.0,0.0,0.0,0.0,3
2023-05-10 22:18:11,ag2312P6100,ag2312P6100,596.0,0.0,0.0,0.0,1,566.0,572.5,1,596.0,0.0,0.0,0.0,0.0,0.0,3
2023-05-10 22:18:22,ag2312P6100,ag2312P6100,596.0,0.0,0.0,0.0,1,565.0,571.5,1,596.0,0.0,0.0,0.0,0.0,0.0,3
2023-05-10 22:18:38,ag2312P6100,ag2312P6100,596.0,0.0,0.0,0.0,1,565.5,572.5,1,596.0,0.0,0.0,0.0,0.0,0.0,3
2023-05-10 22:18:39,ag2312P6100,ag2312P6100,596.0,0.0,0.0,0.0,1,566.5,572.5,1,596.0,0.0,0.0,0.0,0.0,0.0,3
2023-05-10 22:18:57,ag2312P6100,ag2312P6100,596.0,0.0,0.0,0.0,1,566.5,585.5,1,596.0,0.0,0.0,0.0,0.0,0.0,3
2023-05-10 22:18:58,ag2312P6100,ag2312P6100,596.0,0.0,0.0,0.0,1,566.5,573.5,1,596.0,0.0,0.0,0.0,0.0,0.0,3
2023-05-10 22:19:21,ag2312P6100,ag2312P6100,596.0,0.0,0.0,0.0,1,566.5,572.5,1,596.0,0.0,0.0,0.0,0.0,0.0,3
2023-05-10 22:19:36,ag2312P6100,ag2312P6100,596.0,0.0,0.0,0.0,1,566.5,573.5,1,596.0,0.0,0.0,0.0,0.0,0.0,3
2023-05-10 22:19:51,ag2312P6100,ag2312P6100,596.0,0.0,0.0,0.0,1,568.0,585.5,1,596.0,0.0,0.0,0.0,0.0,0.0,3
2023-05-10 22:19:52,ag2312P6100,ag2312P6100,596.0,0.0,0.0,0.0,1,568.0,575.0,1,596.0,0.0,0.0,0.0,0.0,0.0,3
2023-05-10 22:19:56,ag2312P6100,ag2312P6100,596.0,0.0,0.0,0.0,1,568.0,574.0,1,596.0,0.0,0.0,0.0,0.0,0.0,3
2023-05-10 22:19:59,ag2312P6100,ag2312P6100,596.0,0.0,0.0,0.0,1,566.5,574.0,1,596.0,0.0,0.0,0.0,0.0,0.0,3
2023-05-10 22:19:59,ag2312P6100,ag2312P6100,596.0,0.0,0.0,0.0,1,566.5,573.0,1,596.0,0.0,0.0,0.0,0.0,0.0,3
2023-05-10 22:20:06,ag2312P6100,ag2312P6100,596.0,0.0,0.0,0.0,1,540.5,572.5,1,596.0,0.0,0.0,0.0,0.0,0.0,3
2023-05-10 22:20:06,ag2312P6100,ag2312P6100,596.0,0.0,0.0,0.0,2,541.0,572.5,1,596.0,0.0,0.0,0.0,0.0,0.0,3
2023-05-10 22:20:07,ag2312P6100,ag2312P6100,596.0,0.0,0.0,0.0,1,565.0,572.5,1,596.0,0.0,0.0,0.0,0.0,0.0,3
2023-05-10 22:20:07,ag2312P6100,ag2312P6100,596.0,0.0,0.0,0.0,1,565.0,572.5,1,596.0,0.0,0.0,0.0,0.0,0.0,3
2023-05-10 22:20:08,ag2312P6100,ag2312P6100,596.0,0.0,0.0,0.0,1,565.0,571.5,1,596.0,0.0,0.0,0.0,0.0,0.0,3
2023-05-10 22:20:26,ag2312P6100,ag2312P6100,596.0,0.0,0.0,0.0,1,566.0,571.5,1,596.0,0.0,0.0,0.0,0.0,0.0,3
2023-05-10 22:20:42,ag2312P6100,ag2312P6100,596.0,0.0,0.0,0.0,1,566.0,572.5,1,596.0,0.0,0.0,0.0,0.0,0.0,3
2023-05-10 22:20:52,ag2312P6100,ag2312P6100,596.0,0.0,0.0,0.0,1,566.0,573.5,1,596.0,0.0,0.0,0.0,0.0,0.0,3
2023-05-10 22:21:04,ag2312P6100,ag2312P6100,596.0,0.0,0.0,0.0,1,567.0,573.5,1,596.0,0.0,0.0,0.0,0.0,0.0,3
2023-05-10 22:21:13,ag2312P6100,ag2312P6100,596.0,0.0,0.0,0.0,1,567.0,574.5,1,596.0,0.0,0.0,0.0,0.0,0.0,3
2023-05-10 22:21:14,ag2312P6100,ag2312P6100,596.0,0.0,0.0,0.0,1,568.0,574.5,1,596.0,0.0,0.0,0.0,0.0,0.0,3
2023-05-10 22:21:31,ag2312P6100,ag2312P6100,596.0,0.0,0.0,0.0,1,568.0,574.0,1,596.0,0.0,0.0,0.0,0.0,0.0,3
2023-05-10 22:22:21,ag2312P6100,ag2312P6100,596.0,0.0,0.0,0.0,1,568.0,574.5,1,596.0,0.0,0.0,0.0,0.0,0.0,3
2023-05-10 22:22:22,ag2312P6100,ag2312P6100,596.0,0.0,0.0,0.0,1,568.0,585.5,1,596.0,0.0,0.0,0.0,0.0,0.0,3
2023-05-10 22:22:23,ag2312P6100,ag2312P6100,596.0,0.0,0.0,0.0,1,568.0,575.5,1,596.0,0.0,0.0,0.0,0.0,0.0,3
2023-05-10 22:22:33,ag2312P6100,ag2312P6100,596.0,0.0,0.0,0.0,1,569.0,575.5,1,596.0,0.0,0.0,0.0,0.0,0.0,3
2023-05-10 22:23:23,ag2312P6100,ag2312P6100,596.0,0.0,0.0,0.0,1,570.0,577.0,1,596.0,0.0,0.0,0.0,0.0,0.0,3
2023-05-10 22:24:00,ag2312P6100,ag2312P6100,596.0,0.0,0.0,0.0,1,570.0,576.0,1,596.0,0.0,0.0,0.0,0.0,0.0,3
2023-05-10 22:24:30,ag2312P6100,ag2312P6100,596.0,0.0,0.0,0.0,1,569.0,576.0,1,596.0,0.0,0.0,0.0,0.0,0.0,3
2023-05-10 22:24:30,ag2312P6100,ag2312P6100,596.0,0.0,0.0,0.0,1,569.0,575.0,1,596.0,0.0,0.0,0.0,0.0,0.0,3
2023-05-10 22:25:06,ag2312P6100,ag2312P6100,596.0,0.0,0.0,0.0,1,569.0,576.0,1,596.0,0.0,0.0,0.0,0.0,0.0,3
2023-05-10 22:25:44,ag2312P6100,ag2312P6100,596.0,0.0,0.0,0.0,1,569.5,576.0,1,596.0,0.0,0.0,0.0,0.0,0.0,3
2023-05-10 22:25:45,ag2312P6100,ag2312P6100,596.0,0.0,0.0,0.0,1,570.5,577.0,1,596.0,0.0,0.0,0.0,0.0,0.0,3
2023-05-10 22:25:59,ag2312P6100,ag2312P6100,596.0,0.0,0.0,0.0,1,570.5,585.5,1,596.0,0.0,0.0,0.0,0.0,0.0,3
2023-05-10 22:26:00,ag2312P6100,ag2312P6100,596.0,0.0,0.0,0.0,1,570.5,578.5,1,596.0,0.0,0.0,0.0,0.0,0.0,3
2023-05-10 22:26:01,ag2312P6100,ag2312P6100,596.0,0.0,0.0,0.0,1,571.5,578.5,1,596.0,0.0,0.0,0.0,0.0,0.0,3
2023-05-10 22:26:04,ag2312P6100,ag2312P6100,596.0,0.0,0.0,0.0,1,572.5,578.5,1,596.0,0.0,0.0,0.0,0.0,0.0,3
2023-05-10 22:26:08,ag2312P6100,ag2312P6100,596.0,0.0,0.0,0.0,1,572.5,580.0,1,596.0,0.0,0.0,0.0,0.0,0.0,3
2023-05-10 22:27:12,ag2312P6100,ag2312P6100,596.0,0.0,0.0,0.0,1,572.5,580.0,1,596.0,0.0,0.0,0.0,0.0,0.0,3
2023-05-10 22:27:12,ag2312P6100,ag2312P6100,596.0,0.0,0.0,0.0,1,573.5,580.0,1,596.0,0.0,0.0,0.0,0.0,0.0,3
2023-05-10 22:27:37,ag2312P6100,ag2312P6100,596.0,0.0,0.0,0.0,1,574.5,581.0,1,596.0,0.0,0.0,0.0,0.0,0.0,3
2023-05-10 22:27:51,ag2312P6100,ag2312P6100,596.0,0.0,0.0,0.0,1,574.5,580.0,1,596.0,0.0,0.0,0.0,0.0,0.0,3
2023-05-10 22:27:58,ag2312P6100,ag2312P6100,596.0,0.0,0.0,0.0,1,574.5,581.0,1,596.0,0.0,0.0,0.0,0.0,0.0,3
2023-05-10 22:28:28,ag2312P6100,ag2312P6100,596.0,0.0,0.0,0.0,1,573.5,580.5,1,596.0,0.0,0.0,0.0,0.0,0.0,3
2023-05-10 22:28:49,ag2312P6100,ag2312P6100,596.0,0.0,0.0,0.0,1,574.0,581.0,1,596.0,0.0,0.0,0.0,0.0,0.0,3
2023-05-10 22:28:59,ag2312P6100,ag2312P6100,596.0,0.0,0.0,0.0,1,574.0,581.0,1,596.0,0.0,0.0,0.0,0.0,0.0,3
2023-05-10 22:29:00,ag2312P6100,ag2312P6100,596.0,0.0,0.0,0.0,1,575.0,581.0,1,596.0,0.0,0.0,0.0,0.0,0.0,3
2023-05-10 22:29:06,ag2312P6100,ag2312P6100,596.0,0.0,0.0,0.0,1,575.0,585.5,1,596.0,0.0,0.0,0.0,0.0,0.0,3
2023-05-10 22:29:08,ag2312P6100,ag2312P6100,596.0,0.0,0.0,0.0,1,575.0,582.0,1,596.0,0.0,0.0,0.0,0.0,0.0,3
2023-05-10 22:29:14,ag2312P6100,ag2312P6100,596.0,0.0,0.0,0.0,1,575.0,580.5,1,596.0,0.0,0.0,0.0,0.0,0.0,3
2023-05-10 22:29:18,ag2312P6100,ag2312P6100,596.0,0.0,0.0,0.0,1,574.0,580.5,1,596.0,0.0,0.0,0.0,0.0,0.0,3
2023-05-10 22:29:20,ag2312P6100,ag2312P6100,596.0,0.0,0.0,0.0,1,540.5,580.5,1,596.0,0.0,0.0,0.0,0.0,0.0,3
2023-05-10 22:29:21,ag2312P6100,ag2312P6100,596.0,0.0,0.0,0.0,1,572.5,579.5,1,596.0,0.0,0.0,0.0,0.0,0.0,3
2023-05-10 22:29:21,ag2312P6100,ag2312P6100,596.0,0.0,0.0,0.0,1,572.5,579.5,1,596.0,0.0,0.0,0.0,0.0,0.0,3
2023-05-10 22:29:38,ag2312P6100,ag2312P6100,596.0,0.0,0.0,0.0,1,573.5,579.5,1,596.0,0.0,0.0,0.0,0.0,0.0,3
2023-05-10 22:29:55,ag2312P6100,ag2312P6100,596.0,0.0,0.0,0.0,1,573.5,580.5,1,596.0,0.0,0.0,0.0,0.0,0.0,3
2023-05-10 22:30:00,ag2312P6100,ag2312P6100,596.0,0.0,0.0,0.0,1,573.5,580.5,1,596.0,0.0,0.0,0.0,0.0,0.0,3
2023-05-10 22:30:00,ag2312P6100,ag2312P6100,596.0,0.0,0.0,0.0,1,573.5,585.5,1,596.0,0.0,0.0,0.0,0.0,0.0,3
2023-05-10 22:30:01,ag2312P6100,ag2312P6100,596.0,0.0,0.0,0.0,1,574.5,581.5,1,596.0,0.0,0.0,0.0,0.0,0.0,3
2023-05-10 22:30:19,ag2312P6100,ag2312P6100,596.0,0.0,0.0,0.0,1,575.5,585.5,1,596.0,0.0,0.0,0.0,0.0,0.0,3
2023-05-10 22:30:20,ag2312P6100,ag2312P6100,596.0,0.0,0.0,0.0,1,575.5,583.0,1,596.0,0.0,0.0,0.0,0.0,0.0,3
2023-05-10 22:30:28,ag2312P6100,ag2312P6100,596.0,0.0,0.0,0.0,1,576.5,583.0,1,596.0,0.0,0.0,0.0,0.0,0.0,3
2023-05-10 22:30:43,ag2312P6100,ag2312P6100,596.0,0.0,0.0,0.0,1,577.5,583.0,1,596.0,0.0,0.0,0.0,0.0,0.0,3
2023-05-10 22:30:49,ag2312P6100,ag2312P6100,596.0,0.0,0.0,0.0,1,576.5,583.0,1,596.0,0.0,0.0,0.0,0.0,0.0,3
2023-05-10 22:31:00,ag2312P6100,ag2312P6100,596.0,0.0,0.0,0.0,1,576.5,582.0,1,596.0,0.0,0.0,0.0,0.0,0.0,3
2023-05-10 22:31:01,ag2312P6100,ag2312P6100,596.0,0.0,0.0,0.0,1,575.0,582.0,1,596.0,0.0,0.0,0.0,0.0,0.0,3
2023-05-10 22:31:15,ag2312P6100,ag2312P6100,596.0,0.0,0.0,0.0,1,576.0,582.0,1,596.0,0.0,0.0,0.0,0.0,0.0,3
2023-05-10 22:31:16,ag2312P6100,ag2312P6100,596.0,0.0,0.0,0.0,1,576.0,583.0,1,596.0,0.0,0.0,0.0,0.0,0.0,3
2023-05-10 22:31:29,ag2312P6100,ag2312P6100,596.0,0.0,0.0,0.0,1,576.0,582.0,1,596.0,0.0,0.0,0.0,0.0,0.0,3
2023-05-10 22:31:51,ag2312P6100,ag2312P6100,596.0,0.0,0.0,0.0,1,576.0,583.0,1,596.0,0.0,0.0,0.0,0.0,0.0,3
2023-05-10 22:31:53,ag2312P6100,ag2312P6100,596.0,0.0,0.0,0.0,1,577.5,583.0,1,596.0,0.0,0.0,0.0,0.0,0.0,3
2023-05-10 22:31:57,ag2312P6100,ag2312P6100,596.0,0.0,0.0,0.0,1,577.5,584.0,1,596.0,0.0,0.0,0.0,0.0,0.0,3
2023-05-10 22:32:01,ag2312P6100,ag2312P6100,596.0,0.0,0.0,0.0,1,577.5,584.0,1,596.0,0.0,0.0,0.0,0.0,0.0,3
2023-05-10 22:32:02,ag2312P6100,ag2312P6100,596.0,0.0,0.0,0.0,1,577.5,599.5,1,596.0,0.0,0.0,0.0,0.0,0.0,3
2023-05-10 22:32:03,ag2312P6100,ag2312P6100,596.0,0.0,0.0,0.0,1,577.5,585.5,1,596.0,0.0,0.0,0.0,0.0,0.0,3
2023-05-10 22:32:05,ag2312P6100,ag2312P6100,596.0,0.0,0.0,0.0,1,577.5,584.5,1,596.0,0.0,0.0,0.0,0.0,0.0,3
2023-05-10 22:32:10,ag2312P6100,ag2312P6100,596.0,0.0,0.0,0.0,1,578.5,584.5,1,596.0,0.0,0.0,0.0,0.0,0.0,3
2023-05-10 22:32:12,ag2312P6100,ag2312P6100,596.0,0.0,0.0,0.0,1,578.5,585.5,1,596.0,0.0,0.0,0.0,0.0,0.0,3
2023-05-10 22:32:16,ag2312P6100,ag2312P6100,596.0,0.0,0.0,0.0,1,578.5,584.5,1,596.0,0.0,0.0,0.0,0.0,0.0,3
2023-05-10 22:32:21,ag2312P6100,ag2312P6100,596.0,0.0,0.0,0.0,1,578.5,585.5,1,596.0,0.0,0.0,0.0,0.0,0.0,3
2023-05-10 22:32:24,ag2312P6100,ag2312P6100,596.0,0.0,0.0,0.0,1,579.5,585.5,1,596.0,0.0,0.0,0.0,0.0,0.0,3
2023-05-10 22:32:26,ag2312P6100,ag2312P6100,596.0,0.0,0.0,0.0,1,579.5,599.5,1,596.0,0.0,0.0,0.0,0.0,0.0,3
2023-05-10 22:32:26,ag2312P6100,ag2312P6100,596.0,0.0,0.0,0.0,1,581.0,599.5,1,596.0,0.0,0.0,0.0,0.0,0.0,3
2023-05-10 22:32:29,ag2312P6100,ag2312P6100,596.0,0.0,0.0,0.0,1,581.0,587.5,1,596.0,0.0,0.0,0.0,0.0,0.0,3
2023-05-10 22:32:30,ag2312P6100,ag2312P6100,596.0,0.0,0.0,0.0,1,581.0,586.5,1,596.0,0.0,0.0,0.0,0.0,0.0,3
2023-05-10 22:32:34,ag2312P6100,ag2312P6100,596.0,0.0,0.0,0.0,1,579.5,586.5,1,596.0,0.0,0.0,0.0,0.0,0.0,3
2023-05-10 22:32:42,ag2312P6100,ag2312P6100,596.0,0.0,0.0,0.0,1,580.0,586.5,1,596.0,0.0,0.0,0.0,0.0,0.0,3
2023-05-10 22:33:06,ag2312P6100,ag2312P6100,596.0,0.0,0.0,0.0,1,581.0,587.5,1,596.0,0.0,0.0,0.0,0.0,0.0,3
2023-05-10 22:33:09,ag2312P6100,ag2312P6100,596.0,0.0,0.0,0.0,1,581.0,599.5,1,596.0,0.0,0.0,0.0,0.0,0.0,3
2023-05-10 22:33:10,ag2312P6100,ag2312P6100,596.0,0.0,0.0,0.0,1,581.0,588.5,1,596.0,0.0,0.0,0.0,0.0,0.0,3
2023-05-10 22:33:15,ag2312P6100,ag2312P6100,596.0,0.0,0.0,0.0,1,582.0,588.5,1,596.0,0.0,0.0,0.0,0.0,0.0,3
2023-05-10 22:33:54,ag2312P6100,ag2312P6100,596.0,0.0,0.0,0.0,1,583.0,590.0,1,596.0,0.0,0.0,0.0,0.0,0.0,3
2023-05-10 22:33:59,ag2312P6100,ag2312P6100,596.0,0.0,0.0,0.0,1,583.0,589.5,1,596.0,0.0,0.0,0.0,0.0,0.0,3
2023-05-10 22:34:15,ag2312P6100,ag2312P6100,596.0,0.0,0.0,0.0,1,583.0,590.0,1,596.0,0.0,0.0,0.0,0.0,0.0,3
2023-05-10 22:34:16,ag2312P6100,ag2312P6100,596.0,0.0,0.0,0.0,1,584.0,590.0,1,596.0,0.0,0.0,0.0,0.0,0.0,3
2023-05-10 22:34:18,ag2312P6100,ag2312P6100,596.0,0.0,0.0,0.0,1,540.5,589.0,1,596.0,0.0,0.0,0.0,0.0,0.0,3
2023-05-10 22:34:19,ag2312P6100,ag2312P6100,596.0,0.0,0.0,0.0,2,541.0,588.0,1,596.0,0.0,0.0,0.0,0.0,0.0,3
2023-05-10 22:34:19,ag2312P6100,ag2312P6100,596.0,0.0,0.0,0.0,1,581.0,588.0,1,596.0,0.0,0.0,0.0,0.0,0.0,3
2023-05-10 22:34:20,ag2312P6100,ag2312P6100,596.0,0.0,0.0,0.0,1,581.0,588.0,1,596.0,0.0,0.0,0.0,0.0,0.0,3
2023-05-10 22:34:26,ag2312P6100,ag2312P6100,596.0,0.0,0.0,0.0,1,582.0,588.0,1,596.0,0.0,0.0,0.0,0.0,0.0,3
2023-05-10 22:34:27,ag2312P6100,ag2312P6100,596.0,0.0,0.0,0.0,1,582.0,589.0,1,596.0,0.0,0.0,0.0,0.0,0.0,3
2023-05-10 22:34:29,ag2312P6100,ag2312P6100,596.0,0.0,0.0,0.0,1,582.0,589.0,1,596.0,0.0,0.0,0.0,0.0,0.0,3
2023-05-10 22:34:30,ag2312P6100,ag2312P6100,596.0,0.0,0.0,0.0,1,582.0,599.5,1,596.0,0.0,0.0,0.0,0.0,0.0,3
2023-05-10 22:34:30,ag2312P6100,ag2312P6100,596.0,0.0,0.0,0.0,1,583.0,599.5,1,596.0,0.0,0.0,0.0,0.0,0.0,3
2023-05-10 22:34:33,ag2312P6100,ag2312P6100,596.0,0.0,0.0,0.0,1,583.0,590.5,1,596.0,0.0,0.0,0.0,0.0,0.0,3
2023-05-10 22:34:34,ag2312P6100,ag2312P6100,596.0,0.0,0.0,0.0,1,583.0,589.5,1,596.0,0.0,0.0,0.0,0.0,0.0,3
2023-05-10 22:34:36,ag2312P6100,ag2312P6100,596.0,0.0,0.0,0.0,1,583.0,589.5,1,596.0,0.0,0.0,0.0,0.0,0.0,3
2023-05-10 22:34:37,ag2312P6100,ag2312P6100,596.0,0.0,0.0,0.0,1,582.0,589.5,1,596.0,0.0,0.0,0.0,0.0,0.0,3
2023-05-10 22:34:37,ag2312P6100,ag2312P6100,596.0,0.0,0.0,0.0,1,582.0,588.5,1,596.0,0.0,0.0,0.0,0.0,0.0,3
2023-05-10 22:34:42,ag2312P6100,ag2312P6100,596.0,0.0,0.0,0.0,1,582.0,588.5,1,596.0,0.0,0.0,0.0,0.0,0.0,3
2023-05-10 22:34:43,ag2312P6100,ag2312P6100,596.0,0.0,0.0,0.0,1,582.0,587.5,1,596.0,0.0,0.0,0.0,0.0,0.0,3
2023-05-10 22:34:44,ag2312P6100,ag2312P6100,596.0,0.0,0.0,0.0,1,580.5,587.5,1,596.0,0.0,0.0,0.0,0.0,0.0,3
2023-05-10 22:34:53,ag2312P6100,ag2312P6100,596.0,0.0,0.0,0.0,1,580.5,587.5,1,596.0,0.0,0.0,0.0,0.0,0.0,3
2023-05-10 22:34:54,ag2312P6100,ag2312P6100,596.0,0.0,0.0,0.0,1,580.5,586.5,1,596.0,0.0,0.0,0.0,0.0,0.0,3
2023-05-10 22:34:57,ag2312P6100,ag2312P6100,596.0,0.0,0.0,0.0,1,580.5,587.5,1,596.0,0.0,0.0,0.0,0.0,0.0,3
2023-05-10 22:35:12,ag2312P6100,ag2312P6100,596.0,0.0,0.0,0.0,1,580.5,586.5,1,596.0,0.0,0.0,0.0,0.0,0.0,3
2023-05-10 22:35:26,ag2312P6100,ag2312P6100,596.0,0.0,0.0,0.0,1,579.0,586.5,1,596.0,0.0,0.0,0.0,0.0,0.0,3
2023-05-10 22:35:26,ag2312P6100,ag2312P6100,596.0,0.0,0.0,0.0,1,579.0,585.5,1,596.0,0.0,0.0,0.0,0.0,0.0,3
2023-05-10 22:35:30,ag2312P6100,ag2312P6100,596.0,0.0,0.0,0.0,1,579.0,586.5,1,596.0,0.0,0.0,0.0,0.0,0.0,3
2023-05-10 22:35:31,ag2312P6100,ag2312P6100,596.0,0.0,0.0,0.0,1,579.0,585.5,1,596.0,0.0,0.0,0.0,0.0,0.0,3
2023-05-10 22:35:42,ag2312P6100,ag2312P6100,596.0,0.0,0.0,0.0,1,579.0,586.5,1,596.0,0.0,0.0,0.0,0.0,0.0,3
2023-05-10 22:35:44,ag2312P6100,ag2312P6100,596.0,0.0,0.0,0.0,1,580.0,586.5,1,596.0,0.0,0.0,0.0,0.0,0.0,3
2023-05-10 22:36:01,ag2312P6100,ag2312P6100,596.0,0.0,0.0,0.0,1,581.0,587.5,1,596.0,0.0,0.0,0.0,0.0,0.0,3
2023-05-10 22:36:10,ag2312P6100,ag2312P6100,596.0,0.0,0.0,0.0,1,581.0,587.0,1,596.0,0.0,0.0,0.0,0.0,0.0,3
2023-05-10 22:36:16,ag2312P6100,ag2312P6100,596.0,0.0,0.0,0.0,1,580.0,586.0,1,596.0,0.0,0.0,0.0,0.0,0.0,3
2023-05-10 22:36:28,ag2312P6100,ag2312P6100,596.0,0.0,0.0,0.0,1,580.0,587.0,1,596.0,0.0,0.0,0.0,0.0,0.0,3
2023-05-10 22:36:37,ag2312P6100,ag2312P6100,596.0,0.0,0.0,0.0,1,580.0,586.0,1,596.0,0.0,0.0,0.0,0.0,0.0,3
2023-05-10 22:37:05,ag2312P6100,ag2312P6100,596.0,0.0,0.0,0.0,1,578.5,585.0,1,596.0,0.0,0.0,0.0,0.0,0.0,3
2023-05-10 22:37:24,ag2312P6100,ag2312P6100,596.0,0.0,0.0,0.0,1,578.5,586.0,1,596.0,0.0,0.0,0.0,0.0,0.0,3
2023-05-10 22:37:51,ag2312P6100,ag2312P6100,596.0,0.0,0.0,0.0,1,579.5,586.0,1,596.0,0.0,0.0,0.0,0.0,0.0,3
2023-05-10 22:38:35,ag2312P6100,ag2312P6100,596.0,0.0,0.0,0.0,1,579.5,599.5,1,596.0,0.0,0.0,0.0,0.0,0.0,3
2023-05-10 22:38:36,ag2312P6100,ag2312P6100,596.0,0.0,0.0,0.0,1,580.5,599.5,1,596.0,0.0,0.0,0.0,0.0,0.0,3
2023-05-10 22:38:38,ag2312P6100,ag2312P6100,596.0,0.0,0.0,0.0,1,582.5,589.0,1,596.0,0.0,0.0,0.0,0.0,0.0,3
2023-05-10 22:38:53,ag2312P6100,ag2312P6100,596.0,0.0,0.0,0.0,1,583.5,599.5,1,596.0,0.0,0.0,0.0,0.0,0.0,3
2023-05-10 22:38:54,ag2312P6100,ag2312P6100,596.0,0.0,0.0,0.0,1,583.5,590.5,1,596.0,0.0,0.0,0.0,0.0,0.0,3
2023-05-10 22:39:03,ag2312P6100,ag2312P6100,596.0,0.0,0.0,0.0,1,582.5,589.5,1,596.0,0.0,0.0,0.0,0.0,0.0,3
2023-05-10 22:39:16,ag2312P6100,ag2312P6100,596.0,0.0,0.0,0.0,1,582.5,589.0,1,596.0,0.0,0.0,0.0,0.0,0.0,3
2023-05-10 22:39:18,ag2312P6100,ag2312P6100,596.0,0.0,0.0,0.0,1,582.5,589.0,1,596.0,0.0,0.0,0.0,0.0,0.0,3
2023-05-10 22:39:20,ag2312P6100,ag2312P6100,596.0,0.0,0.0,0.0,1,563.0,588.0,1,596.0,0.0,0.0,0.0,0.0,0.0,3
2023-05-10 22:39:21,ag2312P6100,ag2312P6100,596.0,0.0,0.0,0.0,2,563.5,588.0,1,596.0,0.0,0.0,0.0,0.0,0.0,3
2023-05-10 22:39:23,ag2312P6100,ag2312P6100,596.0,0.0,0.0,0.0,1,580.5,588.0,1,596.0,0.0,0.0,0.0,0.0,0.0,3
2023-05-10 22:39:23,ag2312P6100,ag2312P6100,596.0,0.0,0.0,0.0,1,580.5,588.0,1,596.0,0.0,0.0,0.0,0.0,0.0,3
2023-05-10 22:39:25,ag2312P6100,ag2312P6100,596.0,0.0,0.0,0.0,1,580.5,587.0,1,596.0,0.0,0.0,0.0,0.0,0.0,3
2023-05-10 22:39:27,ag2312P6100,ag2312P6100,596.0,0.0,0.0,0.0,1,580.5,586.5,1,596.0,0.0,0.0,0.0,0.0,0.0,3
2023-05-10 22:39:40,ag2312P6100,ag2312P6100,596.0,0.0,0.0,0.0,1,579.0,586.5,1,596.0,0.0,0.0,0.0,0.0,0.0,3
2023-05-10 22:39:43,ag2312P6100,ag2312P6100,596.0,0.0,0.0,0.0,1,579.0,585.5,1,596.0,0.0,0.0,0.0,0.0,0.0,3
2023-05-10 22:39:46,ag2312P6100,ag2312P6100,596.0,0.0,0.0,0.0,1,579.0,586.5,1,596.0,0.0,0.0,0.0,0.0,0.0,3
2023-05-10 22:40:04,ag2312P6100,ag2312P6100,596.0,0.0,0.0,0.0,1,579.0,585.5,1,596.0,0.0,0.0,0.0,0.0,0.0,3
2023-05-10 22:40:17,ag2312P6100,ag2312P6100,596.0,0.0,0.0,0.0,1,579.0,584.5,1,596.0,0.0,0.0,0.0,0.0,0.0,3
2023-05-10 22:40:17,ag2312P6100,ag2312P6100,596.0,0.0,0.0,0.0,1,577.5,584.5,1,596.0,0.0,0.0,0.0,0.0,0.0,3
2023-05-10 22:40:21,ag2312P6100,ag2312P6100,596.0,0.0,0.0,0.0,1,578.0,584.5,1,596.0,0.0,0.0,0.0,0.0,0.0,3
2023-05-10 22:40:44,ag2312P6100,ag2312P6100,596.0,0.0,0.0,0.0,1,578.0,584.5,1,596.0,0.0,0.0,0.0,0.0,0.0,3
2023-05-10 22:40:45,ag2312P6100,ag2312P6100,596.0,0.0,0.0,0.0,1,577.5,583.5,1,596.0,0.0,0.0,0.0,0.0,0.0,3
2023-05-10 22:41:01,ag2312P6100,ag2312P6100,596.0,0.0,0.0,0.0,1,577.5,584.5,1,596.0,0.0,0.0,0.0,0.0,0.0,3
2023-05-10 22:41:02,ag2312P6100,ag2312P6100,596.0,0.0,0.0,0.0,1,578.5,584.5,1,596.0,0.0,0.0,0.0,0.0,0.0,3
2023-05-10 22:41:03,ag2312P6100,ag2312P6100,596.0,0.0,0.0,0.0,1,578.5,599.5,1,596.0,0.0,0.0,0.0,0.0,0.0,3
2023-05-10 22:41:05,ag2312P6100,ag2312P6100,596.0,0.0,0.0,0.0,1,578.5,586.0,1,596.0,0.0,0.0,0.0,0.0,0.0,3
2023-05-10 22:41:05,ag2312P6100,ag2312P6100,596.0,0.0,0.0,0.0,1,579.5,586.0,1,596.0,0.0,0.0,0.0,0.0,0.0,3
2023-05-10 22:41:29,ag2312P6100,ag2312P6100,596.0,0.0,0.0,0.0,1,579.5,585.0,1,596.0,0.0,0.0,0.0,0.0,0.0,3
2023-05-10 22:41:30,ag2312P6100,ag2312P6100,596.0,0.0,0.0,0.0,1,578.5,585.0,1,596.0,0.0,0.0,0.0,0.0,0.0,3
2023-05-10 22:41:37,ag2312P6100,ag2312P6100,596.0,0.0,0.0,0.0,1,579.5,586.0,1,596.0,0.0,0.0,0.0,0.0,0.0,3
2023-05-10 22:41:44,ag2312P6100,ag2312P6100,596.0,0.0,0.0,0.0,1,579.5,587.5,1,596.0,0.0,0.0,0.0,0.0,0.0,3
2023-05-10 22:42:10,ag2312P6100,ag2312P6100,596.0,0.0,0.0,0.0,1,581.5,587.5,1,596.0,0.0,0.0,0.0,0.0,0.0,3
2023-05-10 22:43:24,ag2312P6100,ag2312P6100,596.0,0.0,0.0,0.0,1,579.5,587.5,1,596.0,0.0,0.0,0.0,0.0,0.0,3
2023-05-10 22:43:31,ag2312P6100,ag2312P6100,596.0,0.0,0.0,0.0,1,580.5,587.5,1,596.0,0.0,0.0,0.0,0.0,0.0,3
2023-05-10 22:43:46,ag2312P6100,ag2312P6100,596.0,0.0,0.0,0.0,1,580.5,587.5,1,596.0,0.0,0.0,0.0,0.0,0.0,3
2023-05-10 22:43:47,ag2312P6100,ag2312P6100,596.0,0.0,0.0,0.0,1,581.5,587.5,1,596.0,0.0,0.0,0.0,0.0,0.0,3
2023-05-10 22:43:47,ag2312P6100,ag2312P6100,596.0,0.0,0.0,0.0,1,581.5,599.5,1,596.0,0.0,0.0,0.0,0.0,0.0,3
2023-05-10 22:43:49,ag2312P6100,ag2312P6100,596.0,0.0,0.0,0.0,1,581.5,589.0,1,596.0,0.0,0.0,0.0,0.0,0.0,3
2023-05-10 22:43:52,ag2312P6100,ag2312P6100,596.0,0.0,0.0,0.0,1,582.5,589.0,1,596.0,0.0,0.0,0.0,0.0,0.0,3
2023-05-10 22:44:00,ag2312P6100,ag2312P6100,596.0,0.0,0.0,0.0,1,582.5,599.5,1,596.0,0.0,0.0,0.0,0.0,0.0,3
2023-05-10 22:44:02,ag2312P6100,ag2312P6100,596.0,0.0,0.0,0.0,1,582.5,590.0,1,596.0,0.0,0.0,0.0,0.0,0.0,3
2023-05-10 22:44:09,ag2312P6100,ag2312P6100,596.0,0.0,0.0,0.0,1,583.5,590.0,1,596.0,0.0,0.0,0.0,0.0,0.0,3
2023-05-10 22:44:30,ag2312P6100,ag2312P6100,596.0,0.0,0.0,0.0,1,583.5,599.5,1,596.0,0.0,0.0,0.0,0.0,0.0,3
2023-05-10 22:44:31,ag2312P6100,ag2312P6100,596.0,0.0,0.0,0.0,1,583.5,591.0,1,596.0,0.0,0.0,0.0,0.0,0.0,3
2023-05-10 22:44:48,ag2312P6100,ag2312P6100,596.0,0.0,0.0,0.0,1,584.5,591.0,1,596.0,0.0,0.0,0.0,0.0,0.0,3
2023-05-10 22:44:59,ag2312P6100,ag2312P6100,596.0,0.0,0.0,0.0,1,584.5,590.0,1,596.0,0.0,0.0,0.0,0.0,0.0,3
2023-05-10 22:45:07,ag2312P6100,ag2312P6100,596.0,0.0,0.0,0.0,1,584.5,591.0,1,596.0,0.0,0.0,0.0,0.0,0.0,3
2023-05-10 22:45:23,ag2312P6100,ag2312P6100,596.0,0.0,0.0,0.0,1,584.5,599.5,1,596.0,0.0,0.0,0.0,0.0,0.0,3
2023-05-10 22:45:24,ag2312P6100,ag2312P6100,596.0,0.0,0.0,0.0,1,584.5,592.0,1,596.0,0.0,0.0,0.0,0.0,0.0,3
2023-05-10 22:45:26,ag2312P6100,ag2312P6100,596.0,0.0,0.0,0.0,1,584.5,591.0,1,596.0,0.0,0.0,0.0,0.0,0.0,3
2023-05-10 22:45:41,ag2312P6100,ag2312P6100,596.0,0.0,0.0,0.0,1,584.5,590.0,1,596.0,0.0,0.0,0.0,0.0,0.0,3
2023-05-10 22:45:41,ag2312P6100,ag2312P6100,596.0,0.0,0.0,0.0,1,583.5,590.0,1,596.0,0.0,0.0,0.0,0.0,0.0,3
2023-05-10 22:45:48,ag2312P6100,ag2312P6100,596.0,0.0,0.0,0.0,1,583.5,589.0,1,596.0,0.0,0.0,0.0,0.0,0.0,3
2023-05-10 22:45:52,ag2312P6100,ag2312P6100,596.0,0.0,0.0,0.0,1,581.5,589.0,1,596.0,0.0,0.0,0.0,0.0,0.0,3
2023-05-10 22:46:06,ag2312P6100,ag2312P6100,596.0,0.0,0.0,0.0,1,581.5,588.0,1,596.0,0.0,0.0,0.0,0.0,0.0,3
2023-05-10 22:46:08,ag2312P6100,ag2312P6100,596.0,0.0,0.0,0.0,1,563.0,588.0,1,596.0,0.0,0.0,0.0,0.0,0.0,3
2023-05-10 22:46:09,ag2312P6100,ag2312P6100,596.0,0.0,0.0,0.0,3,563.0,588.0,1,596.0,0.0,0.0,0.0,0.0,0.0,3
2023-05-10 22:46:09,ag2312P6100,ag2312P6100,596.0,0.0,0.0,0.0,1,580.0,587.0,1,596.0,0.0,0.0,0.0,0.0,0.0,3
2023-05-10 22:46:10,ag2312P6100,ag2312P6100,596.0,0.0,0.0,0.0,1,580.0,587.0,1,596.0,0.0,0.0,0.0,0.0,0.0,3
2023-05-10 22:46:11,ag2312P6100,ag2312P6100,596.0,0.0,0.0,0.0,1,581.0,587.0,1,596.0,0.0,0.0,0.0,0.0,0.0,3
2023-05-10 22:46:26,ag2312P6100,ag2312P6100,596.0,0.0,0.0,0.0,1,580.0,587.0,1,596.0,0.0,0.0,0.0,0.0,0.0,3
2023-05-10 22:46:55,ag2312P6100,ag2312P6100,596.0,0.0,0.0,0.0,1,581.0,587.0,1,596.0,0.0,0.0,0.0,0.0,0.0,3
2023-05-10 22:47:00,ag2312P6100,ag2312P6100,596.0,0.0,0.0,0.0,1,581.0,588.0,1,596.0,0.0,0.0,0.0,0.0,0.0,3
2023-05-10 22:47:02,ag2312P6100,ag2312P6100,596.0,0.0,0.0,0.0,1,582.0,588.0,1,596.0,0.0,0.0,0.0,0.0,0.0,3
2023-05-10 22:47:06,ag2312P6100,ag2312P6100,596.0,0.0,0.0,0.0,1,582.0,589.5,1,596.0,0.0,0.0,0.0,0.0,0.0,3
2023-05-10 22:47:08,ag2312P6100,ag2312P6100,596.0,0.0,0.0,0.0,1,582.0,589.0,1,596.0,0.0,0.0,0.0,0.0,0.0,3
2023-05-10 22:47:22,ag2312P6100,ag2312P6100,596.0,0.0,0.0,0.0,1,582.0,588.0,1,596.0,0.0,0.0,0.0,0.0,0.0,3
2023-05-10 22:48:02,ag2312P6100,ag2312P6100,596.0,0.0,0.0,0.0,1,582.0,589.0,1,596.0,0.0,0.0,0.0,0.0,0.0,3
2023-05-10 22:48:10,ag2312P6100,ag2312P6100,596.0,0.0,0.0,0.0,1,583.0,589.0,1,596.0,0.0,0.0,0.0,0.0,0.0,3
2023-05-10 22:48:19,ag2312P6100,ag2312P6100,596.0,0.0,0.0,0.0,1,583.0,590.5,1,596.0,0.0,0.0,0.0,0.0,0.0,3
2023-05-10 22:48:34,ag2312P6100,ag2312P6100,596.0,0.0,0.0,0.0,1,583.0,589.5,1,596.0,0.0,0.0,0.0,0.0,0.0,3
2023-05-10 22:48:42,ag2312P6100,ag2312P6100,596.0,0.0,0.0,0.0,1,583.0,588.5,1,596.0,0.0,0.0,0.0,0.0,0.0,3
2023-05-10 22:48:48,ag2312P6100,ag2312P6100,596.0,0.0,0.0,0.0,1,582.0,588.5,1,596.0,0.0,0.0,0.0,0.0,0.0,3
2023-05-10 22:49:20,ag2312P6100,ag2312P6100,596.0,0.0,0.0,0.0,1,583.0,588.5,1,596.0,0.0,0.0,0.0,0.0,0.0,3
2023-05-10 22:49:35,ag2312P6100,ag2312P6100,596.0,0.0,0.0,0.0,1,583.0,589.5,1,596.0,0.0,0.0,0.0,0.0,0.0,3
2023-05-10 22:50:32,ag2312P6100,ag2312P6100,596.0,0.0,0.0,0.0,1,583.0,599.5,1,596.0,0.0,0.0,0.0,0.0,0.0,3
2023-05-10 22:50:33,ag2312P6100,ag2312P6100,596.0,0.0,0.0,0.0,1,583.0,590.5,1,596.0,0.0,0.0,0.0,0.0,0.0,3
2023-05-10 22:50:35,ag2312P6100,ag2312P6100,596.0,0.0,0.0,0.0,1,583.0,589.5,1,596.0,0.0,0.0,0.0,0.0,0.0,3
2023-05-10 22:50:43,ag2312P6100,ag2312P6100,596.0,0.0,0.0,0.0,1,583.0,589.0,1,596.0,0.0,0.0,0.0,0.0,0.0,3
2023-05-10 22:51:48,ag2312P6100,ag2312P6100,596.0,0.0,0.0,0.0,1,583.0,589.5,1,596.0,0.0,0.0,0.0,0.0,0.0,3
2023-05-10 22:52:00,ag2312P6100,ag2312P6100,596.0,0.0,0.0,0.0,1,583.0,591.0,1,596.0,0.0,0.0,0.0,0.0,0.0,3
2023-05-10 22:52:18,ag2312P6100,ag2312P6100,596.0,0.0,0.0,0.0,1,584.0,591.0,1,596.0,0.0,0.0,0.0,0.0,0.0,3
2023-05-10 22:52:53,ag2312P6100,ag2312P6100,596.0,0.0,0.0,0.0,1,585.0,591.0,1,596.0,0.0,0.0,0.0,0.0,0.0,3
2023-05-10 22:52:55,ag2312P6100,ag2312P6100,596.0,0.0,0.0,0.0,1,585.0,599.5,1,596.0,0.0,0.0,0.0,0.0,0.0,3
2023-05-10 22:52:56,ag2312P6100,ag2312P6100,596.0,0.0,0.0,0.0,1,585.0,592.5,1,596.0,0.0,0.0,0.0,0.0,0.0,3
2023-05-10 22:52:57,ag2312P6100,ag2312P6100,596.0,0.0,0.0,0.0,1,585.0,592.0,1,596.0,0.0,0.0,0.0,0.0,0.0,3
2023-05-10 22:53:22,ag2312P6100,ag2312P6100,596.0,0.0,0.0,0.0,1,586.0,592.0,1,596.0,0.0,0.0,0.0,0.0,0.0,3
2023-05-10 22:54:02,ag2312P6100,ag2312P6100,596.0,0.0,0.0,0.0,1,586.0,592.5,1,596.0,0.0,0.0,0.0,0.0,0.0,3
2023-05-10 22:54:02,ag2312P6100,ag2312P6100,596.0,0.0,0.0,0.0,1,586.0,599.5,1,596.0,0.0,0.0,0.0,0.0,0.0,3
2023-05-10 22:54:03,ag2312P6100,ag2312P6100,596.0,0.0,0.0,0.0,1,587.0,594.0,1,596.0,0.0,0.0,0.0,0.0,0.0,3
2023-05-10 22:55:06,ag2312P6100,ag2312P6100,596.0,0.0,0.0,0.0,1,587.0,593.0,1,596.0,0.0,0.0,0.0,0.0,0.0,3
2023-05-10 22:56:59,ag2312P6100,ag2312P6100,596.0,0.0,0.0,0.0,1,586.0,593.0,1,596.0,0.0,0.0,0.0,0.0,0.0,3
2023-05-10 22:57:00,ag2312P6100,ag2312P6100,596.0,0.0,0.0,0.0,1,586.0,592.0,1,596.0,0.0,0.0,0.0,0.0,0.0,3
2023-05-10 22:57:34,ag2312P6100,ag2312P6100,596.0,0.0,0.0,0.0,1,584.5,592.0,1,596.0,0.0,0.0,0.0,0.0,0.0,3
2023-05-10 22:57:46,ag2312P6100,ag2312P6100,596.0,0.0,0.0,0.0,1,585.5,592.0,1,596.0,0.0,0.0,0.0,0.0,0.0,3
2023-05-10 22:58:01,ag2312P6100,ag2312P6100,596.0,0.0,0.0,0.0,1,586.5,593.0,1,596.0,0.0,0.0,0.0,0.0,0.0,3
2023-05-10 22:58:14,ag2312P6100,ag2312P6100,596.0,0.0,0.0,0.0,1,586.5,599.5,1,596.0,0.0,0.0,0.0,0.0,0.0,3
2023-05-10 22:58:16,ag2312P6100,ag2312P6100,596.0,0.0,0.0,0.0,1,586.5,594.0,1,596.0,0.0,0.0,0.0,0.0,0.0,3
2023-05-10 22:58:20,ag2312P6100,ag2312P6100,596.0,0.0,0.0,0.0,1,586.5,594.0,1,596.0,0.0,0.0,0.0,0.0,0.0,3
2023-05-10 22:58:26,ag2312P6100,ag2312P6100,596.0,0.0,0.0,0.0,1,588.0,594.0,1,596.0,0.0,0.0,0.0,0.0,0.0,3
2023-05-10 22:58:33,ag2312P6100,ag2312P6100,596.0,0.0,0.0,0.0,1,588.0,595.5,1,596.0,0.0,0.0,0.0,0.0,0.0,3
2023-05-10 22:58:42,ag2312P6100,ag2312P6100,596.0,0.0,0.0,0.0,1,588.0,595.0,1,596.0,0.0,0.0,0.0,0.0,0.0,3
2023-05-10 22:58:51,ag2312P6100,ag2312P6100,596.0,0.0,0.0,0.0,1,588.0,594.0,1,596.0,0.0,0.0,0.0,0.0,0.0,3
2023-05-10 22:59:20,ag2312P6100,ag2312P6100,596.0,0.0,0.0,0.0,1,588.0,595.0,1,596.0,0.0,0.0,0.0,0.0,0.0,3
2023-05-10 22:59:25,ag2312P6100,ag2312P6100,596.0,0.0,0.0,0.0,1,589.0,595.0,1,596.0,0.0,0.0,0.0,0.0,0.0,3
2023-05-10 22:59:27,ag2312P6100,ag2312P6100,596.0,0.0,0.0,0.0,1,589.0,599.5,1,596.0,0.0,0.0,0.0,0.0,0.0,3
2023-05-10 22:59:28,ag2312P6100,ag2312P6100,596.0,0.0,0.0,0.0,1,589.0,596.5,1,596.0,0.0,0.0,0.0,0.0,0.0,3
2023-05-10 22:59:40,ag2312P6100,ag2312P6100,596.0,0.0,0.0,0.0,1,589.0,595.5,1,596.0,0.0,0.0,0.0,0.0,0.0,3
2023-05-10 22:59:48,ag2312P6100,ag2312P6100,596.0,0.0,0.0,0.0,1,589.0,595.0,1,596.0,0.0,0.0,0.0,0.0,0.0,3
2023-05-10 23:00:16,ag2312P6100,ag2312P6100,596.0,0.0,0.0,0.0,1,589.0,595.5,1,596.0,0.0,0.0,0.0,0.0,0.0,3
2023-05-10 23:00:21,ag2312P6100,ag2312P6100,596.0,0.0,0.0,0.0,1,589.0,596.5,1,596.0,0.0,0.0,0.0,0.0,0.0,3
2023-05-10 23:00:29,ag2312P6100,ag2312P6100,596.0,0.0,0.0,0.0,1,589.0,596.5,1,596.0,0.0,0.0,0.0,0.0,0.0,3
2023-05-10 23:00:34,ag2312P6100,ag2312P6100,596.0,0.0,0.0,0.0,1,590.5,596.5,1,596.0,0.0,0.0,0.0,0.0,0.0,3
2023-05-10 23:00:38,ag2312P6100,ag2312P6100,596.0,0.0,0.0,0.0,1,590.5,599.5,1,596.0,0.0,0.0,0.0,0.0,0.0,3
2023-05-10 23:00:39,ag2312P6100,ag2312P6100,596.0,0.0,0.0,0.0,1,590.5,598.0,1,596.0,0.0,0.0,0.0,0.0,0.0,3
2023-05-10 23:00:48,ag2312P6100,ag2312P6100,596.0,0.0,0.0,0.0,1,591.5,613.5,1,596.0,0.0,0.0,0.0,0.0,0.0,3
2023-05-10 23:00:49,ag2312P6100,ag2312P6100,596.0,0.0,0.0,0.0,1,592.5,613.5,1,596.0,0.0,0.0,0.0,0.0,0.0,3
2023-05-10 23:00:50,ag2312P6100,ag2312P6100,596.0,0.0,0.0,0.0,1,592.5,599.5,1,596.0,0.0,0.0,0.0,0.0,0.0,3
2023-05-10 23:00:54,ag2312P6100,ag2312P6100,596.0,0.0,0.0,0.0,1,592.5,598.5,1,596.0,0.0,0.0,0.0,0.0,0.0,3
2023-05-10 23:01:05,ag2312P6100,ag2312P6100,596.0,0.0,0.0,0.0,1,592.5,599.5,1,596.0,0.0,0.0,0.0,0.0,0.0,3
2023-05-10 23:01:19,ag2312P6100,ag2312P6100,596.0,0.0,0.0,0.0,1,592.5,598.0,1,596.0,0.0,0.0,0.0,0.0,0.0,3
2023-05-10 23:01:22,ag2312P6100,ag2312P6100,596.0,0.0,0.0,0.0,1,563.0,613.5,1,596.0,0.0,0.0,0.0,0.0,0.0,3
2023-05-10 23:01:23,ag2312P6100,ag2312P6100,596.0,0.0,0.0,0.0,2,563.5,613.5,1,596.0,0.0,0.0,0.0,0.0,0.0,3
2023-05-10 23:09:27,ag2312P6100,ag2312P6100,596.0,0.0,0.0,0.0,1,577.5,613.5,1,596.0,0.0,0.0,0.0,0.0,0.0,3
2023-05-10 23:09:28,ag2312P6100,ag2312P6100,596.0,0.0,0.0,0.0,1,577.5,613.5,1,596.0,0.0,0.0,0.0,0.0,0.0,3
2023-05-10 23:09:28,ag2312P6100,ag2312P6100,596.0,0.0,0.0,0.0,2,578.0,613.5,1,596.0,0.0,0.0,0.0,0.0,0.0,3
2023-05-10 23:13:41,ag2312P6100,ag2312P6100,596.0,0.0,0.0,0.0,2,578.0,0.0,0,596.0,0.0,0.0,0.0,0.0,0.0,3
2023-05-10 23:13:50,ag2312P6100,ag2312P6100,596.0,0.0,0.0,0.0,2,578.0,0.0,0,596.0,0.0,0.0,0.0,0.0,0.0,3
2023-05-10 23:13:51,ag2312P6100,ag2312P6100,596.0,0.0,0.0,0.0,1,596.0,604.0,1,596.0,0.0,0.0,0.0,0.0,0.0,3
2023-05-10 23:13:52,ag2312P6100,ag2312P6100,596.0,0.0,0.0,0.0,1,596.0,604.0,1,596.0,0.0,0.0,0.0,0.0,0.0,3
2023-05-10 23:13:55,ag2312P6100,ag2312P6100,596.0,0.0,0.0,0.0,1,596.0,604.0,1,596.0,0.0,0.0,0.0,0.0,0.0,3
2023-05-10 23:14:26,ag2312P6100,ag2312P6100,596.0,0.0,0.0,0.0,1,572.5,604.0,1,596.0,0.0,0.0,0.0,0.0,0.0,3
2023-05-10 23:14:27,ag2312P6100,ag2312P6100,596.0,0.0,0.0,0.0,1,594.5,604.0,1,596.0,0.0,0.0,0.0,0.0,0.0,3
2023-05-10 23:14:27,ag2312P6100,ag2312P6100,596.0,0.0,0.0,0.0,1,594.5,604.0,1,596.0,0.0,0.0,0.0,0.0,0.0,3
2023-05-10 23:14:45,ag2312P6100,ag2312P6100,596.0,0.0,0.0,0.0,1,594.5,602.5,1,596.0,0.0,0.0,0.0,0.0,0.0,3
2023-05-10 23:15:31,ag2312P6100,ag2312P6100,596.0,0.0,0.0,0.0,1,594.5,601.5,1,596.0,0.0,0.0,0.0,0.0,0.0,3
2023-05-10 23:15:33,ag2312P6100,ag2312P6100,596.0,0.0,0.0,0.0,1,593.0,601.5,1,596.0,0.0,0.0,0.0,0.0,0.0,3
2023-05-10 23:15:39,ag2312P6100,ag2312P6100,596.0,0.0,0.0,0.0,1,593.0,600.5,1,596.0,0.0,0.0,0.0,0.0,0.0,3
2023-05-10 23:15:58,ag2312P6100,ag2312P6100,596.0,0.0,0.0,0.0,1,593.0,600.5,1,596.0,0.0,0.0,0.0,0.0,0.0,3
2023-05-10 23:15:59,ag2312P6100,ag2312P6100,596.0,0.0,0.0,0.0,1,572.5,600.5,1,596.0,0.0,0.0,0.0,0.0,0.0,3
2023-05-10 23:15:59,ag2312P6100,ag2312P6100,596.0,0.0,0.0,0.0,1,591.5,600.5,1,596.0,0.0,0.0,0.0,0.0,0.0,3
2023-05-10 23:16:00,ag2312P6100,ag2312P6100,596.0,0.0,0.0,0.0,1,591.5,600.5,1,596.0,0.0,0.0,0.0,0.0,0.0,3
2023-05-10 23:16:38,ag2312P6100,ag2312P6100,596.0,0.0,0.0,0.0,1,591.5,599.5,1,596.0,0.0,0.0,0.0,0.0,0.0,3
2023-05-10 23:17:11,ag2312P6100,ag2312P6100,596.0,0.0,0.0,0.0,1,591.5,599.5,1,596.0,0.0,0.0,0.0,0.0,0.0,3
2023-05-10 23:17:12,ag2312P6100,ag2312P6100,596.0,0.0,0.0,0.0,1,591.5,598.5,1,596.0,0.0,0.0,0.0,0.0,0.0,3
2023-05-10 23:17:35,ag2312P6100,ag2312P6100,596.0,0.0,0.0,0.0,1,593.0,599.5,1,596.0,0.0,0.0,0.0,0.0,0.0,3
2023-05-10 23:17:49,ag2312P6100,ag2312P6100,596.0,0.0,0.0,0.0,1,591.5,598.5,1,596.0,0.0,0.0,0.0,0.0,0.0,3
2023-05-10 23:18:16,ag2312P6100,ag2312P6100,596.0,0.0,0.0,0.0,1,591.5,598.0,1,596.0,0.0,0.0,0.0,0.0,0.0,3
2023-05-10 23:18:19,ag2312P6100,ag2312P6100,596.0,0.0,0.0,0.0,1,591.5,597.0,1,596.0,0.0,0.0,0.0,0.0,0.0,3
2023-05-10 23:18:19,ag2312P6100,ag2312P6100,596.0,0.0,0.0,0.0,1,572.5,597.0,1,596.0,0.0,0.0,0.0,0.0,0.0,3
2023-05-10 23:18:20,ag2312P6100,ag2312P6100,596.0,0.0,0.0,0.0,1,590.0,597.0,1,596.0,0.0,0.0,0.0,0.0,0.0,3
2023-05-10 23:18:20,ag2312P6100,ag2312P6100,596.0,0.0,0.0,0.0,1,590.0,597.0,1,596.0,0.0,0.0,0.0,0.0,0.0,3
2023-05-10 23:18:44,ag2312P6100,ag2312P6100,596.0,0.0,0.0,0.0,1,590.0,596.0,1,596.0,0.0,0.0,0.0,0.0,0.0,3
2023-05-10 23:18:54,ag2312P6100,ag2312P6100,596.0,0.0,0.0,0.0,1,588.5,596.0,1,596.0,0.0,0.0,0.0,0.0,0.0,3
2023-05-10 23:18:57,ag2312P6100,ag2312P6100,596.0,0.0,0.0,0.0,1,588.5,596.0,1,596.0,0.0,0.0,0.0,0.0,0.0,3
2023-05-10 23:19:23,ag2312P6100,ag2312P6100,596.0,0.0,0.0,0.0,1,589.5,596.0,1,596.0,0.0,0.0,0.0,0.0,0.0,3
2023-05-10 23:19:41,ag2312P6100,ag2312P6100,596.0,0.0,0.0,0.0,1,590.5,597.5,1,596.0,0.0,0.0,0.0,0.0,0.0,3
2023-05-10 23:19:46,ag2312P6100,ag2312P6100,596.0,0.0,0.0,0.0,1,590.5,596.5,1,596.0,0.0,0.0,0.0,0.0,0.0,3
2023-05-10 23:19:52,ag2312P6100,ag2312P6100,596.0,0.0,0.0,0.0,1,589.5,596.5,1,596.0,0.0,0.0,0.0,0.0,0.0,3
2023-05-10 23:20:05,ag2312P6100,ag2312P6100,596.0,0.0,0.0,0.0,1,589.5,596.0,1,596.0,0.0,0.0,0.0,0.0,0.0,3
2023-05-10 23:20:21,ag2312P6100,ag2312P6100,596.0,0.0,0.0,0.0,1,589.5,595.0,1,596.0,0.0,0.0,0.0,0.0,0.0,3
2023-05-10 23:21:08,ag2312P6100,ag2312P6100,596.0,0.0,0.0,0.0,1,589.5,596.0,1,596.0,0.0,0.0,0.0,0.0,0.0,3
2023-05-10 23:21:56,ag2312P6100,ag2312P6100,596.0,0.0,0.0,0.0,1,589.5,595.0,1,596.0,0.0,0.0,0.0,0.0,0.0,3
2023-05-10 23:21:59,ag2312P6100,ag2312P6100,596.0,0.0,0.0,0.0,1,588.0,595.0,1,596.0,0.0,0.0,0.0,0.0,0.0,3
2023-05-10 23:22:08,ag2312P6100,ag2312P6100,596.0,0.0,0.0,0.0,1,588.0,595.0,1,596.0,0.0,0.0,0.0,0.0,0.0,3
2023-05-10 23:22:10,ag2312P6100,ag2312P6100,596.0,0.0,0.0,0.0,1,588.0,594.0,1,596.0,0.0,0.0,0.0,0.0,0.0,3
2023-05-10 23:24:19,ag2312P6100,ag2312P6100,596.0,0.0,0.0,0.0,1,588.0,595.0,1,596.0,0.0,0.0,0.0,0.0,0.0,3
2023-05-10 23:25:07,ag2312P6100,ag2312P6100,596.0,0.0,0.0,0.0,1,586.0,595.0,1,596.0,0.0,0.0,0.0,0.0,0.0,3
2023-05-10 23:25:16,ag2312P6100,ag2312P6100,596.0,0.0,0.0,0.0,1,586.0,594.0,1,596.0,0.0,0.0,0.0,0.0,0.0,3
2023-05-10 23:25:54,ag2312P6100,ag2312P6100,596.0,0.0,0.0,0.0,1,572.5,716.0,1,596.0,0.0,0.0,0.0,0.0,0.0,3
2023-05-10 23:25:55,ag2312P6100,ag2312P6100,596.0,0.0,0.0,0.0,1,572.5,715.5,2,596.0,0.0,0.0,0.0,0.0,0.0,3
2023-05-10 23:25:56,ag2312P6100,ag2312P6100,596.0,0.0,0.0,0.0,1,572.5,667.5,1,596.0,0.0,0.0,0.0,0.0,0.0,3
2023-05-10 23:25:57,ag2312P6100,ag2312P6100,596.0,0.0,0.0,0.0,1,572.5,667.5,1,596.0,0.0,0.0,0.0,0.0,0.0,3
2023-05-10 23:25:57,ag2312P6100,ag2312P6100,596.0,0.0,0.0,0.0,1,572.5,667.0,2,596.0,0.0,0.0,0.0,0.0,0.0,3
2023-05-10 23:25:58,ag2312P6100,ag2312P6100,596.0,0.0,0.0,0.0,1,572.5,619.0,1,596.0,0.0,0.0,0.0,0.0,0.0,3
2023-05-10 23:25:59,ag2312P6100,ag2312P6100,596.0,0.0,0.0,0.0,1,572.5,619.0,1,596.0,0.0,0.0,0.0,0.0,0.0,3
2023-05-10 23:26:28,ag2312P6100,ag2312P6100,596.0,0.0,0.0,0.0,1,298.5,0.0,0,596.0,0.0,0.0,0.0,0.0,0.0,3
2023-05-10 23:26:29,ag2312P6100,ag2312P6100,596.0,0.0,0.0,0.0,2,299.0,0.0,0,596.0,0.0,0.0,0.0,0.0,0.0,3
2023-05-10 23:26:30,ag2312P6100,ag2312P6100,596.0,0.0,0.0,0.0,1,300.5,1116.5,1,596.0,0.0,0.0,0.0,0.0,0.0,3
2023-05-10 23:26:31,ag2312P6100,ag2312P6100,596.0,0.0,0.0,0.0,1,300.5,1116.0,2,596.0,0.0,0.0,0.0,0.0,0.0,3
2023-05-10 23:26:31,ag2312P6100,ag2312P6100,596.0,0.0,0.0,0.0,2,301.0,1116.0,2,596.0,0.0,0.0,0.0,0.0,0.0,3
2023-05-10 23:26:32,ag2312P6100,ag2312P6100,596.0,0.0,0.0,0.0,1,302.5,1114.5,1,596.0,0.0,0.0,0.0,0.0,0.0,3
2023-05-10 23:26:32,ag2312P6100,ag2312P6100,596.0,0.0,0.0,0.0,1,302.5,1114.5,1,596.0,0.0,0.0,0.0,0.0,0.0,3
2023-05-10 23:26:33,ag2312P6100,ag2312P6100,596.0,0.0,0.0,0.0,2,303.0,1114.0,2,596.0,0.0,0.0,0.0,0.0,0.0,3
2023-05-10 23:26:33,ag2312P6100,ag2312P6100,596.0,0.0,0.0,0.0,1,304.5,1112.5,1,596.0,0.0,0.0,0.0,0.0,0.0,3
2023-05-10 23:26:34,ag2312P6100,ag2312P6100,596.0,0.0,0.0,0.0,1,304.5,1112.5,1,596.0,0.0,0.0,0.0,0.0,0.0,3
2023-05-10 23:26:34,ag2312P6100,ag2312P6100,596.0,0.0,0.0,0.0,2,305.0,1112.0,2,596.0,0.0,0.0,0.0,0.0,0.0,3
2023-05-10 23:26:35,ag2312P6100,ag2312P6100,596.0,0.0,0.0,0.0,2,305.0,1112.0,2,596.0,0.0,0.0,0.0,0.0,0.0,3
2023-05-10 23:26:35,ag2312P6100,ag2312P6100,596.0,0.0,0.0,0.0,1,306.5,1110.5,1,596.0,0.0,0.0,0.0,0.0,0.0,3
2023-05-10 23:26:36,ag2312P6100,ag2312P6100,596.0,0.0,0.0,0.0,1,306.5,1110.5,1,596.0,0.0,0.0,0.0,0.0,0.0,3
2023-05-10 23:26:36,ag2312P6100,ag2312P6100,596.0,0.0,0.0,0.0,2,307.0,1110.0,2,596.0,0.0,0.0,0.0,0.0,0.0,3
2023-05-10 23:26:37,ag2312P6100,ag2312P6100,596.0,0.0,0.0,0.0,1,308.5,1108.5,1,596.0,0.0,0.0,0.0,0.0,0.0,3
2023-05-10 23:26:37,ag2312P6100,ag2312P6100,596.0,0.0,0.0,0.0,1,308.5,1108.5,1,596.0,0.0,0.0,0.0,0.0,0.0,3
2023-05-10 23:26:38,ag2312P6100,ag2312P6100,596.0,0.0,0.0,0.0,2,309.0,1108.0,2,596.0,0.0,0.0,0.0,0.0,0.0,3
2023-05-10 23:26:38,ag2312P6100,ag2312P6100,596.0,0.0,0.0,0.0,2,309.0,1108.0,2,596.0,0.0,0.0,0.0,0.0,0.0,3
2023-05-10 23:26:39,ag2312P6100,ag2312P6100,596.0,0.0,0.0,0.0,1,310.5,1106.5,1,596.0,0.0,0.0,0.0,0.0,0.0,3
2023-05-10 23:26:39,ag2312P6100,ag2312P6100,596.0,0.0,0.0,0.0,1,310.5,1106.5,1,596.0,0.0,0.0,0.0,0.0,0.0,3
2023-05-10 23:26:40,ag2312P6100,ag2312P6100,596.0,0.0,0.0,0.0,2,311.0,1106.0,2,596.0,0.0,0.0,0.0,0.0,0.0,3
2023-05-10 23:26:40,ag2312P6100,ag2312P6100,596.0,0.0,0.0,0.0,1,312.5,1104.5,1,596.0,0.0,0.0,0.0,0.0,0.0,3
2023-05-10 23:26:41,ag2312P6100,ag2312P6100,596.0,0.0,0.0,0.0,1,312.5,1104.5,1,596.0,0.0,0.0,0.0,0.0,0.0,3
2023-05-10 23:26:41,ag2312P6100,ag2312P6100,596.0,0.0,0.0,0.0,2,313.0,1104.0,2,596.0,0.0,0.0,0.0,0.0,0.0,3
2023-05-10 23:26:42,ag2312P6100,ag2312P6100,596.0,0.0,0.0,0.0,1,314.5,1102.5,1,596.0,0.0,0.0,0.0,0.0,0.0,3
2023-05-10 23:26:42,ag2312P6100,ag2312P6100,596.0,0.0,0.0,0.0,1,314.5,1102.5,1,596.0,0.0,0.0,0.0,0.0,0.0,3
2023-05-10 23:26:43,ag2312P6100,ag2312P6100,596.0,0.0,0.0,0.0,2,315.0,1102.0,2,596.0,0.0,0.0,0.0,0.0,0.0,3
2023-05-10 23:26:43,ag2312P6100,ag2312P6100,596.0,0.0,0.0,0.0,1,316.5,1102.0,2,596.0,0.0,0.0,0.0,0.0,0.0,3
2023-05-10 23:26:44,ag2312P6100,ag2312P6100,596.0,0.0,0.0,0.0,1,316.5,1100.5,1,596.0,0.0,0.0,0.0,0.0,0.0,3
2023-05-10 23:26:44,ag2312P6100,ag2312P6100,596.0,0.0,0.0,0.0,2,317.0,1100.5,1,596.0,0.0,0.0,0.0,0.0,0.0,3
2023-05-10 23:26:45,ag2312P6100,ag2312P6100,596.0,0.0,0.0,0.0,1,318.5,1100.0,2,596.0,0.0,0.0,0.0,0.0,0.0,3
2023-05-10 23:26:45,ag2312P6100,ag2312P6100,596.0,0.0,0.0,0.0,1,318.5,1098.5,1,596.0,0.0,0.0,0.0,0.0,0.0,3
2023-05-10 23:26:46,ag2312P6100,ag2312P6100,596.0,0.0,0.0,0.0,2,319.0,1098.5,1,596.0,0.0,0.0,0.0,0.0,0.0,3
2023-05-10 23:26:46,ag2312P6100,ag2312P6100,596.0,0.0,0.0,0.0,1,320.5,1098.0,2,596.0,0.0,0.0,0.0,0.0,0.0,3
2023-05-10 23:26:47,ag2312P6100,ag2312P6100,596.0,0.0,0.0,0.0,1,320.5,1096.5,1,596.0,0.0,0.0,0.0,0.0,0.0,3
2023-05-10 23:26:47,ag2312P6100,ag2312P6100,596.0,0.0,0.0,0.0,2,321.0,1096.5,1,596.0,0.0,0.0,0.0,0.0,0.0,3
2023-05-10 23:26:48,ag2312P6100,ag2312P6100,596.0,0.0,0.0,0.0,1,322.5,1096.0,2,596.0,0.0,0.0,0.0,0.0,0.0,3
2023-05-10 23:26:48,ag2312P6100,ag2312P6100,596.0,0.0,0.0,0.0,1,322.5,1094.5,1,596.0,0.0,0.0,0.0,0.0,0.0,3
2023-05-10 23:26:49,ag2312P6100,ag2312P6100,596.0,0.0,0.0,0.0,2,323.0,1094.5,1,596.0,0.0,0.0,0.0,0.0,0.0,3
2023-05-10 23:26:49,ag2312P6100,ag2312P6100,596.0,0.0,0.0,0.0,1,324.5,1094.0,2,596.0,0.0,0.0,0.0,0.0,0.0,3
2023-05-10 23:26:50,ag2312P6100,ag2312P6100,596.0,0.0,0.0,0.0,1,324.5,1094.0,2,596.0,0.0,0.0,0.0,0.0,0.0,3
2023-05-10 23:26:50,ag2312P6100,ag2312P6100,596.0,0.0,0.0,0.0,2,325.0,1094.0,2,596.0,0.0,0.0,0.0,0.0,0.0,3
2023-05-10 23:26:51,ag2312P6100,ag2312P6100,596.0,0.0,0.0,0.0,1,326.5,1092.5,1,596.0,0.0,0.0,0.0,0.0,0.0,3
2023-05-10 23:26:51,ag2312P6100,ag2312P6100,596.0,0.0,0.0,0.0,1,326.5,1092.5,1,596.0,0.0,0.0,0.0,0.0,0.0,3
2023-05-10 23:26:52,ag2312P6100,ag2312P6100,596.0,0.0,0.0,0.0,2,327.0,1092.0,2,596.0,0.0,0.0,0.0,0.0,0.0,3
2023-05-10 23:26:52,ag2312P6100,ag2312P6100,596.0,0.0,0.0,0.0,1,328.5,1090.5,1,596.0,0.0,0.0,0.0,0.0,0.0,3
2023-05-10 23:26:53,ag2312P6100,ag2312P6100,596.0,0.0,0.0,0.0,1,328.5,1090.5,1,596.0,0.0,0.0,0.0,0.0,0.0,3
2023-05-10 23:26:53,ag2312P6100,ag2312P6100,596.0,0.0,0.0,0.0,2,329.0,1090.0,2,596.0,0.0,0.0,0.0,0.0,0.0,3
2023-05-10 23:26:54,ag2312P6100,ag2312P6100,596.0,0.0,0.0,0.0,1,330.5,1088.5,1,596.0,0.0,0.0,0.0,0.0,0.0,3
2023-05-10 23:26:54,ag2312P6100,ag2312P6100,596.0,0.0,0.0,0.0,1,330.5,1088.5,1,596.0,0.0,0.0,0.0,0.0,0.0,3
2023-05-10 23:26:55,ag2312P6100,ag2312P6100,596.0,0.0,0.0,0.0,2,331.0,1088.0,2,596.0,0.0,0.0,0.0,0.0,0.0,3
2023-05-10 23:26:55,ag2312P6100,ag2312P6100,596.0,0.0,0.0,0.0,1,332.5,1088.0,2,596.0,0.0,0.0,0.0,0.0,0.0,3
2023-05-10 23:26:56,ag2312P6100,ag2312P6100,596.0,0.0,0.0,0.0,1,332.5,1086.5,1,596.0,0.0,0.0,0.0,0.0,0.0,3
2023-05-10 23:26:56,ag2312P6100,ag2312P6100,596.0,0.0,0.0,0.0,2,333.0,1086.5,1,596.0,0.0,0.0,0.0,0.0,0.0,3
2023-05-10 23:26:57,ag2312P6100,ag2312P6100,596.0,0.0,0.0,0.0,1,334.5,1086.0,2,596.0,0.0,0.0,0.0,0.0,0.0,3
2023-05-10 23:26:57,ag2312P6100,ag2312P6100,596.0,0.0,0.0,0.0,1,334.5,1084.5,1,596.0,0.0,0.0,0.0,0.0,0.0,3
2023-05-10 23:26:58,ag2312P6100,ag2312P6100,596.0,0.0,0.0,0.0,2,335.0,1084.5,1,596.0,0.0,0.0,0.0,0.0,0.0,3
2023-05-10 23:26:58,ag2312P6100,ag2312P6100,596.0,0.0,0.0,0.0,1,336.5,1084.0,2,596.0,0.0,0.0,0.0,0.0,0.0,3
2023-05-10 23:26:59,ag2312P6100,ag2312P6100,596.0,0.0,0.0,0.0,1,336.5,1082.5,1,596.0,0.0,0.0,0.0,0.0,0.0,3
2023-05-10 23:26:59,ag2312P6100,ag2312P6100,596.0,0.0,0.0,0.0,2,337.0,1082.5,1,596.0,0.0,0.0,0.0,0.0,0.0,3
2023-05-10 23:27:00,ag2312P6100,ag2312P6100,596.0,0.0,0.0,0.0,1,338.5,1082.0,2,596.0,0.0,0.0,0.0,0.0,0.0,3
2023-05-10 23:27:00,ag2312P6100,ag2312P6100,596.0,0.0,0.0,0.0,1,338.5,1080.5,1,596.0,0.0,0.0,0.0,0.0,0.0,3
2023-05-10 23:27:01,ag2312P6100,ag2312P6100,596.0,0.0,0.0,0.0,2,339.0,1080.5,1,596.0,0.0,0.0,0.0,0.0,0.0,3
2023-05-10 23:27:01,ag2312P6100,ag2312P6100,596.0,0.0,0.0,0.0,1,340.5,1080.0,2,596.0,0.0,0.0,0.0,0.0,0.0,3
2023-05-10 23:27:02,ag2312P6100,ag2312P6100,596.0,0.0,0.0,0.0,1,340.5,1078.5,1,596.0,0.0,0.0,0.0,0.0,0.0,3
2023-05-10 23:27:02,ag2312P6100,ag2312P6100,596.0,0.0,0.0,0.0,2,341.0,1078.5,1,596.0,0.0,0.0,0.0,0.0,0.0,3
2023-05-10 23:27:03,ag2312P6100,ag2312P6100,596.0,0.0,0.0,0.0,2,341.0,1078.0,2,596.0,0.0,0.0,0.0,0.0,0.0,3
2023-05-10 23:27:03,ag2312P6100,ag2312P6100,596.0,0.0,0.0,0.0,1,342.5,1076.5,1,596.0,0.0,0.0,0.0,0.0,0.0,3
2023-05-10 23:27:04,ag2312P6100,ag2312P6100,596.0,0.0,0.0,0.0,1,342.5,1076.5,1,596.0,0.0,0.0,0.0,0.0,0.0,3
2023-05-10 23:27:04,ag2312P6100,ag2312P6100,596.0,0.0,0.0,0.0,2,343.0,1076.0,2,596.0,0.0,0.0,0.0,0.0,0.0,3
2023-05-10 23:27:05,ag2312P6100,ag2312P6100,596.0,0.0,0.0,0.0,1,344.5,1074.5,1,596.0,0.0,0.0,0.0,0.0,0.0,3
2023-05-10 23:27:05,ag2312P6100,ag2312P6100,596.0,0.0,0.0,0.0,1,344.5,1074.5,1,596.0,0.0,0.0,0.0,0.0,0.0,3
2023-05-10 23:27:06,ag2312P6100,ag2312P6100,596.0,0.0,0.0,0.0,2,345.0,593.0,1,596.0,0.0,0.0,0.0,0.0,0.0,3
2023-05-10 23:27:06,ag2312P6100,ag2312P6100,596.0,0.0,0.0,0.0,1,346.5,593.0,1,596.0,0.0,0.0,0.0,0.0,0.0,3
2023-05-10 23:27:07,ag2312P6100,ag2312P6100,596.0,0.0,0.0,0.0,1,346.5,593.0,1,596.0,0.0,0.0,0.0,0.0,0.0,3
2023-05-10 23:27:07,ag2312P6100,ag2312P6100,596.0,0.0,0.0,0.0,2,347.0,593.0,1,596.0,0.0,0.0,0.0,0.0,0.0,3
2023-05-10 23:27:08,ag2312P6100,ag2312P6100,596.0,0.0,0.0,0.0,1,348.5,593.0,1,596.0,0.0,0.0,0.0,0.0,0.0,3
2023-05-10 23:27:08,ag2312P6100,ag2312P6100,596.0,0.0,0.0,0.0,1,584.5,593.0,1,596.0,0.0,0.0,0.0,0.0,0.0,3
2023-05-10 23:27:09,ag2312P6100,ag2312P6100,596.0,0.0,0.0,0.0,1,584.5,593.0,1,596.0,0.0,0.0,0.0,0.0,0.0,3
2023-05-10 23:27:11,ag2312P6100,ag2312P6100,596.0,0.0,0.0,0.0,1,584.5,593.0,1,596.0,0.0,0.0,0.0,0.0,0.0,3
2023-05-10 23:27:13,ag2312P6100,ag2312P6100,596.0,0.0,0.0,0.0,1,584.5,593.0,1,596.0,0.0,0.0,0.0,0.0,0.0,3
2023-05-10 23:29:07,ag2312P6100,ag2312P6100,596.0,0.0,0.0,0.0,1,585.5,593.0,1,596.0,0.0,0.0,0.0,0.0,0.0,3
2023-05-10 23:29:08,ag2312P6100,ag2312P6100,596.0,0.0,0.0,0.0,1,585.5,704.5,1,596.0,0.0,0.0,0.0,0.0,0.0,3
2023-05-10 23:29:09,ag2312P6100,ag2312P6100,596.0,0.0,0.0,0.0,1,585.5,594.5,1,596.0,0.0,0.0,0.0,0.0,0.0,3
2023-05-10 23:29:09,ag2312P6100,ag2312P6100,596.0,0.0,0.0,0.0,1,585.5,594.5,1,596.0,0.0,0.0,0.0,0.0,0.0,3
2023-05-10 23:29:13,ag2312P6100,ag2312P6100,596.0,0.0,0.0,0.0,1,587.0,594.5,1,596.0,0.0,0.0,0.0,0.0,0.0,3
2023-05-10 23:31:36,ag2312P6100,ag2312P6100,596.0,0.0,0.0,0.0,1,473.5,656.0,1,596.0,0.0,0.0,0.0,0.0,0.0,3
2023-05-10 23:31:37,ag2312P6100,ag2312P6100,596.0,0.0,0.0,0.0,2,474.0,655.5,2,596.0,0.0,0.0,0.0,0.0,0.0,3
2023-05-10 23:31:40,ag2312P6100,ag2312P6100,596.0,0.0,0.0,0.0,2,474.0,655.5,2,596.0,0.0,0.0,0.0,0.0,0.0,3
2023-05-11 00:55:03,ag2312P6100,ag2312P6100,596.0,0.0,0.0,0.0,1,298.5,0.0,0,596.0,0.0,0.0,0.0,0.0,0.0,3
2023-05-11 00:55:08,ag2312P6100,ag2312P6100,596.0,0.0,0.0,0.0,1,300.0,1116.5,1,596.0,0.0,0.0,0.0,0.0,0.0,3
2023-05-11 01:09:49,ag2312P6100,ag2312P6100,596.0,0.0,0.0,0.0,2,300.5,1116.0,2,596.0,0.0,0.0,0.0,0.0,0.0,3
2023-05-11 01:09:50,ag2312P6100,ag2312P6100,596.0,0.0,0.0,0.0,1,302.0,1114.5,1,596.0,0.0,0.0,0.0,0.0,0.0,3
2023-05-11 01:09:51,ag2312P6100,ag2312P6100,596.0,0.0,0.0,0.0,1,302.0,1114.5,1,596.0,0.0,0.0,0.0,0.0,0.0,3
2023-05-11 01:09:51,ag2312P6100,ag2312P6100,596.0,0.0,0.0,0.0,2,302.5,1114.0,2,596.0,0.0,0.0,0.0,0.0,0.0,3
2023-05-11 01:09:52,ag2312P6100,ag2312P6100,596.0,0.0,0.0,0.0,2,302.5,1112.5,1,596.0,0.0,0.0,0.0,0.0,0.0,3
2023-05-11 01:09:53,ag2312P6100,ag2312P6100,596.0,0.0,0.0,0.0,2,302.5,1112.5,1,596.0,0.0,0.0,0.0,0.0,0.0,3
2023-05-11 01:09:53,ag2312P6100,ag2312P6100,596.0,0.0,0.0,0.0,1,304.0,1112.0,2,596.0,0.0,0.0,0.0,0.0,0.0,3
2023-05-11 01:09:54,ag2312P6100,ag2312P6100,596.0,0.0,0.0,0.0,1,304.0,1112.0,2,596.0,0.0,0.0,0.0,0.0,0.0,3
2023-05-11 01:09:54,ag2312P6100,ag2312P6100,596.0,0.0,0.0,0.0,2,304.5,1110.5,1,596.0,0.0,0.0,0.0,0.0,0.0,3
2023-05-11 01:09:55,ag2312P6100,ag2312P6100,596.0,0.0,0.0,0.0,2,304.5,1110.5,1,596.0,0.0,0.0,0.0,0.0,0.0,3
2023-05-11 01:09:55,ag2312P6100,ag2312P6100,596.0,0.0,0.0,0.0,1,306.0,1110.0,2,596.0,0.0,0.0,0.0,0.0,0.0,3
2023-05-11 01:09:56,ag2312P6100,ag2312P6100,596.0,0.0,0.0,0.0,1,306.0,1110.0,2,596.0,0.0,0.0,0.0,0.0,0.0,3
2023-05-11 01:09:56,ag2312P6100,ag2312P6100,596.0,0.0,0.0,0.0,2,306.5,1108.5,1,596.0,0.0,0.0,0.0,0.0,0.0,3
2023-05-11 01:09:57,ag2312P6100,ag2312P6100,596.0,0.0,0.0,0.0,2,306.5,1108.5,1,596.0,0.0,0.0,0.0,0.0,0.0,3
2023-05-11 01:09:57,ag2312P6100,ag2312P6100,596.0,0.0,0.0,0.0,1,308.0,1108.0,2,596.0,0.0,0.0,0.0,0.0,0.0,3
2023-05-11 01:09:58,ag2312P6100,ag2312P6100,596.0,0.0,0.0,0.0,1,308.0,1108.0,2,596.0,0.0,0.0,0.0,0.0,0.0,3
2023-05-11 01:09:58,ag2312P6100,ag2312P6100,596.0,0.0,0.0,0.0,2,308.5,1106.5,1,596.0,0.0,0.0,0.0,0.0,0.0,3
2023-05-11 01:09:59,ag2312P6100,ag2312P6100,596.0,0.0,0.0,0.0,2,308.5,1106.5,1,596.0,0.0,0.0,0.0,0.0,0.0,3
2023-05-11 01:09:59,ag2312P6100,ag2312P6100,596.0,0.0,0.0,0.0,1,310.0,1106.0,2,596.0,0.0,0.0,0.0,0.0,0.0,3
2023-05-11 01:10:00,ag2312P6100,ag2312P6100,596.0,0.0,0.0,0.0,1,310.0,1106.0,2,596.0,0.0,0.0,0.0,0.0,0.0,3
2023-05-11 01:10:00,ag2312P6100,ag2312P6100,596.0,0.0,0.0,0.0,2,310.5,1106.0,2,596.0,0.0,0.0,0.0,0.0,0.0,3
2023-05-11 01:10:01,ag2312P6100,ag2312P6100,596.0,0.0,0.0,0.0,2,310.5,1104.5,1,596.0,0.0,0.0,0.0,0.0,0.0,3
2023-05-11 01:10:01,ag2312P6100,ag2312P6100,596.0,0.0,0.0,0.0,2,310.5,1104.5,1,596.0,0.0,0.0,0.0,0.0,0.0,3
2023-05-11 01:10:02,ag2312P6100,ag2312P6100,596.0,0.0,0.0,0.0,1,312.0,1104.0,2,596.0,0.0,0.0,0.0,0.0,0.0,3
2023-05-11 01:10:02,ag2312P6100,ag2312P6100,596.0,0.0,0.0,0.0,1,312.0,1104.0,2,596.0,0.0,0.0,0.0,0.0,0.0,3
2023-05-11 01:10:03,ag2312P6100,ag2312P6100,596.0,0.0,0.0,0.0,2,312.5,1104.0,2,596.0,0.0,0.0,0.0,0.0,0.0,3
2023-05-11 01:10:04,ag2312P6100,ag2312P6100,596.0,0.0,0.0,0.0,1,314.0,1102.5,1,596.0,0.0,0.0,0.0,0.0,0.0,3
2023-05-11 01:10:04,ag2312P6100,ag2312P6100,596.0,0.0,0.0,0.0,1,314.0,1102.5,1,596.0,0.0,0.0,0.0,0.0,0.0,3
2023-05-11 01:10:05,ag2312P6100,ag2312P6100,596.0,0.0,0.0,0.0,2,314.5,1102.0,2,596.0,0.0,0.0,0.0,0.0,0.0,3
2023-05-11 01:10:06,ag2312P6100,ag2312P6100,596.0,0.0,0.0,0.0,2,314.5,1100.5,1,596.0,0.0,0.0,0.0,0.0,0.0,3
2023-05-11 01:10:06,ag2312P6100,ag2312P6100,596.0,0.0,0.0,0.0,2,314.5,1100.5,1,596.0,0.0,0.0,0.0,0.0,0.0,3
2023-05-11 01:10:07,ag2312P6100,ag2312P6100,596.0,0.0,0.0,0.0,1,316.0,1100.0,2,596.0,0.0,0.0,0.0,0.0,0.0,3
2023-05-11 01:10:07,ag2312P6100,ag2312P6100,596.0,0.0,0.0,0.0,1,316.0,1100.0,2,596.0,0.0,0.0,0.0,0.0,0.0,3
2023-05-11 01:10:08,ag2312P6100,ag2312P6100,596.0,0.0,0.0,0.0,2,316.5,1098.5,1,596.0,0.0,0.0,0.0,0.0,0.0,3
2023-05-11 01:10:08,ag2312P6100,ag2312P6100,596.0,0.0,0.0,0.0,2,316.5,1098.5,1,596.0,0.0,0.0,0.0,0.0,0.0,3
2023-05-11 01:10:09,ag2312P6100,ag2312P6100,596.0,0.0,0.0,0.0,1,318.0,1098.0,2,596.0,0.0,0.0,0.0,0.0,0.0,3
2023-05-11 01:10:09,ag2312P6100,ag2312P6100,596.0,0.0,0.0,0.0,1,318.0,1096.5,1,596.0,0.0,0.0,0.0,0.0,0.0,3
2023-05-11 01:10:10,ag2312P6100,ag2312P6100,596.0,0.0,0.0,0.0,2,318.5,1096.5,1,596.0,0.0,0.0,0.0,0.0,0.0,3
2023-05-11 01:10:10,ag2312P6100,ag2312P6100,596.0,0.0,0.0,0.0,2,318.5,1096.0,2,596.0,0.0,0.0,0.0,0.0,0.0,3
2023-05-11 01:10:11,ag2312P6100,ag2312P6100,596.0,0.0,0.0,0.0,1,320.0,1096.0,2,596.0,0.0,0.0,0.0,0.0,0.0,3
2023-05-11 01:10:11,ag2312P6100,ag2312P6100,596.0,0.0,0.0,0.0,1,320.0,1096.0,2,596.0,0.0,0.0,0.0,0.0,0.0,3
2023-05-11 01:10:12,ag2312P6100,ag2312P6100,596.0,0.0,0.0,0.0,2,320.5,1096.0,2,596.0,0.0,0.0,0.0,0.0,0.0,3
2023-05-11 01:10:13,ag2312P6100,ag2312P6100,596.0,0.0,0.0,0.0,1,322.0,1096.0,2,596.0,0.0,0.0,0.0,0.0,0.0,3
2023-05-11 01:10:13,ag2312P6100,ag2312P6100,596.0,0.0,0.0,0.0,1,322.0,1096.0,2,596.0,0.0,0.0,0.0,0.0,0.0,3
2023-05-11 01:10:14,ag2312P6100,ag2312P6100,596.0,0.0,0.0,0.0,2,322.5,1094.5,1,596.0,0.0,0.0,0.0,0.0,0.0,3
